{"id":"gen9ubers-1985432240","p1":"Bestmaindragonite","p2":"AlicieLizzie","format":"[Gen 9] Ubers","log":"|j|\u2606Bestmaindragonite\n|j|\u2606AlicieLizzie\n|t:|1699374213\n|gametype|singles\n|player|p1|Bestmaindragonite|lillie|\n|player|p2|AlicieLizzie|marnie-masters3|\n|teamsize|p1|6\n|teamsize|p2|6\n|gen|9\n|tier|[Gen 9] Ubers\n|rule|Sleep Clause Mod: Limit one foe put to sleep\n|rule|Species Clause: Limit one of each Pok\u00e9mon\n|rule|OHKO Clause: OHKO moves are banned\n|rule|Evasion Items Clause: Evasion items are banned\n|rule|Evasion Moves Clause: Evasion moves are banned\n|rule|Endless Battle Clause: Forcing endless battles is banned\n|rule|HP Percentage Mod: HP is shown in percentages\n|clearpoke\n|poke|p1|Torkoal, F|\n|poke|p1|Walking Wake|\n|poke|p1|Chi-Yu|\n|poke|p1|Arceus-Grass|\n|poke|p1|Zacian-*|\n|poke|p1|Magearna|\n|poke|p2|Ursaluna-Bloodmoon, M|\n|poke|p2|Rotom-Wash|\n|poke|p2|Arceus-Poison|\n|poke|p2|Magearna|\n|poke|p2|Chi-Yu|\n|poke|p2|Zacian-*|\n|teampreview\n|inactive|Battle timer is ON: inactive players will automatically lose when time's up. (requested by AlicieLizzie)\n|\n|t:|1699374234\n|start\n|switch|p1a: Arceus|Arceus-Grass|100\/100\n|switch|p2a: Chi-Yu|Chi-Yu|100\/100\n|-ability|p2a: Chi-Yu|Beads of Ruin\n|turn|1\n|\n|t:|1699374246\n|switch|p1a: Chi-Yu|Chi-Yu|100\/100\n|-ability|p1a: Chi-Yu|Beads of Ruin\n|move|p2a: Chi-Yu|Dark Pulse|p1a: Chi-Yu\n|-resisted|p1a: Chi-Yu\n|-damage|p1a: Chi-Yu|74\/100\n|\n|upkeep\n|turn|2\n|\n|t:|1699374254\n|switch|p2a: Rotom|Rotom-Wash|100\/100\n|-terastallize|p1a: Chi-Yu|Fire\n|move|p1a: Chi-Yu|Overheat|p2a: Rotom\n|-resisted|p2a: Rotom\n|-damage|p2a: Rotom|8\/100\n|-unboost|p1a: Chi-Yu|spa|2\n|\n|-heal|p2a: Rotom|15\/100|[from] item: Leftovers\n|upkeep\n|turn|3\n|\n|t:|1699374264\n|switch|p1a: Torkoal|Torkoal, F|100\/100\n|-weather|SunnyDay|[from] ability: Drought|[of] p1a: Torkoal\n|switch|p2a: Ursaluna|Ursaluna-Bloodmoon, M|100\/100\n|\n|-weather|SunnyDay|[upkeep]\n|upkeep\n|turn|4\n|\n|t:|1699374277\n|switch|p1a: Zacian|Zacian|100\/100\n|-ability|p1a: Zacian|Intrepid Sword|boost\n|-boost|p1a: Zacian|atk|1\n|move|p2a: Ursaluna|Earth Power|p1a: Zacian\n|-damage|p1a: Zacian|50\/100\n|\n|-weather|SunnyDay|[upkeep]\n|upkeep\n|turn|5\n|\n|t:|1699374284\n|switch|p2a: Zacian|Zacian|100\/100\n|-ability|p2a: Zacian|Intrepid Sword|boost\n|-boost|p2a: Zacian|atk|1\n|move|p1a: Zacian|Close Combat|p2a: Zacian\n|-resisted|p2a: Zacian\n|-damage|p2a: Zacian|67\/100\n|-unboost|p1a: Zacian|def|1\n|-unboost|p1a: Zacian|spd|1\n|\n|-weather|SunnyDay|[upkeep]\n|upkeep\n|turn|6\n|\n|t:|1699374291\n|move|p2a: Zacian|Play Rough|p1a: Zacian\n|-damage|p1a: Zacian|0 fnt\n|faint|p1a: Zacian\n|\n|-weather|SunnyDay|[upkeep]\n|upkeep\n|\n|t:|1699374298\n|switch|p1a: Walking Wake|Walking Wake|100\/100\n|-activate|p1a: Walking Wake|ability: Protosynthesis\n|-start|p1a: Walking Wake|protosynthesisspe\n|turn|7\n|\n|t:|1699374300\n|move|p1a: Walking Wake|Hydro Steam|p2a: Zacian\n|-damage|p2a: Zacian|0 fnt\n|faint|p2a: Zacian\n|\n|-weather|SunnyDay|[upkeep]\n|upkeep\n|\n|t:|1699374307\n|switch|p2a: Magearna|Magearna|100\/100\n|turn|8\n|\n|t:|1699374309\n|move|p1a: Walking Wake|Hydro Steam|p2a: Magearna\n|-damage|p2a: Magearna|23\/100\n|move|p2a: Magearna|Fleur Cannon|p1a: Walking Wake\n|-supereffective|p1a: Walking Wake\n|-damage|p1a: Walking Wake|0 fnt\n|-unboost|p2a: Magearna|spa|2\n|faint|p1a: Walking Wake\n|-ability|p2a: Magearna|Soul-Heart|boost\n|-boost|p2a: Magearna|spa|1\n|-end|p1a: Walking Wake|Protosynthesis|[silent]\n|\n|-weather|SunnyDay|[upkeep]\n|-heal|p2a: Magearna|29\/100|[from] item: Leftovers\n|upkeep\n|\n|t:|1699374315\n|switch|p1a: Chi-Yu|Chi-Yu, tera:Fire|74\/100\n|-ability|p1a: Chi-Yu|Beads of Ruin\n|turn|9\n|\n|t:|1699374318\n|move|p1a: Chi-Yu|Flamethrower|p2a: Magearna\n|-supereffective|p2a: Magearna\n|-damage|p2a: Magearna|0 fnt\n|faint|p2a: Magearna\n|\n|-weather|SunnyDay|[upkeep]\n|upkeep\n|\n|t:|1699374324\n|switch|p2a: Chi-Yu|Chi-Yu|100\/100\n|-ability|p2a: Chi-Yu|Beads of Ruin\n|turn|10\n|\n|t:|1699374329\n|switch|p1a: Magearna|Magearna|100\/100\n|move|p2a: Chi-Yu|Dark Pulse|p1a: Magearna\n|-resisted|p1a: Magearna\n|-damage|p1a: Magearna|86\/100\n|\n|-weather|none\n|upkeep\n|turn|11\n|\n|t:|1699374334\n|switch|p2a: Rotom|Rotom-Wash|15\/100\n|move|p1a: Magearna|Volt Switch|p2a: Rotom\n|-damage|p2a: Rotom|0 fnt\n|faint|p2a: Rotom\n|-ability|p1a: Magearna|Soul-Heart|boost\n|-boost|p1a: Magearna|spa|1\n|\n|t:|1699374337\n|switch|p1a: Torkoal|Torkoal, F|100\/100|[from] Volt Switch\n|-weather|SunnyDay|[from] ability: Drought|[of] p1a: Torkoal\n|\n|-weather|SunnyDay|[upkeep]\n|upkeep\n|\n|t:|1699374341\n|switch|p2a: Chi-Yu|Chi-Yu|100\/100\n|-ability|p2a: Chi-Yu|Beads of Ruin\n|turn|12\n|\n|t:|1699374348\n|move|p2a: Chi-Yu|Overheat|p1a: Torkoal\n|-resisted|p1a: Torkoal\n|-damage|p1a: Torkoal|12\/100\n|-unboost|p2a: Chi-Yu|spa|2\n|move|p1a: Torkoal|Lava Plume|p2a: Chi-Yu\n|-resisted|p2a: Chi-Yu\n|-damage|p2a: Chi-Yu|78\/100\n|\n|-weather|SunnyDay|[upkeep]\n|upkeep\n|turn|13\n|\n|t:|1699374355\n|move|p2a: Chi-Yu|Overheat|p1a: Torkoal\n|-resisted|p1a: Torkoal\n|-damage|p1a: Torkoal|0 fnt\n|-unboost|p2a: Chi-Yu|spa|2\n|faint|p1a: Torkoal\n|\n|-weather|SunnyDay|[upkeep]\n|upkeep\n|\n|t:|1699374361\n|switch|p1a: Chi-Yu|Chi-Yu, tera:Fire|74\/100\n|-ability|p1a: Chi-Yu|Beads of Ruin\n|turn|14\n|\n|t:|1699374364\n|switch|p2a: Ursaluna|Ursaluna-Bloodmoon, M|100\/100\n|move|p1a: Chi-Yu|Flamethrower|p2a: Ursaluna\n|-damage|p2a: Ursaluna|0 fnt\n|faint|p2a: Ursaluna\n|\n|-weather|SunnyDay|[upkeep]\n|upkeep\n|\n|t:|1699374366\n|switch|p2a: Chi-Yu|Chi-Yu|78\/100\n|-ability|p2a: Chi-Yu|Beads of Ruin\n|turn|15\n|\n|t:|1699374369\n|move|p2a: Chi-Yu|Dark Pulse|p1a: Chi-Yu\n|-damage|p1a: Chi-Yu|26\/100\n|cant|p1a: Chi-Yu|flinch\n|\n|-weather|SunnyDay|[upkeep]\n|upkeep\n|turn|16\n|\n|t:|1699374375\n|switch|p1a: Magearna|Magearna|86\/100\n|move|p2a: Chi-Yu|Dark Pulse|p1a: Magearna\n|-resisted|p1a: Magearna\n|-damage|p1a: Magearna|71\/100\n|\n|-weather|SunnyDay|[upkeep]\n|upkeep\n|turn|17\n|\n|t:|1699374380\n|switch|p2a: Arceus|Arceus-Poison|100\/100\n|move|p1a: Magearna|Volt Switch|p2a: Arceus\n|-damage|p2a: Arceus|81\/100\n|\n|t:|1699374382\n|switch|p1a: Chi-Yu|Chi-Yu, tera:Fire|26\/100|[from] Volt Switch\n|-ability|p1a: Chi-Yu|Beads of Ruin\n|\n|-weather|SunnyDay|[upkeep]\n|upkeep\n|turn|18\n|\n|t:|1699374385\n|move|p1a: Chi-Yu|Flamethrower|p2a: Arceus\n|-damage|p2a: Arceus|0 fnt\n|faint|p2a: Arceus\n|\n|-weather|none\n|upkeep\n|\n|t:|1699374387\n|switch|p2a: Chi-Yu|Chi-Yu|78\/100\n|-ability|p2a: Chi-Yu|Beads of Ruin\n|turn|19\n|\n|t:|1699374390\n|move|p2a: Chi-Yu|Flamethrower|p1a: Chi-Yu\n|-resisted|p1a: Chi-Yu\n|-damage|p1a: Chi-Yu|0 fnt\n|faint|p1a: Chi-Yu\n|\n|upkeep\n|\n|t:|1699374413\n|switch|p1a: Arceus|Arceus-Grass|100\/100\n|turn|20\n|\n|t:|1699374418\n|-terastallize|p2a: Chi-Yu|Fire\n|move|p2a: Chi-Yu|Flamethrower|p1a: Arceus\n|-supereffective|p1a: Arceus\n|-damage|p1a: Arceus|0 fnt\n|faint|p1a: Arceus\n|\n|upkeep\n|\n|t:|1699374420\n|switch|p1a: Magearna|Magearna|71\/100\n|turn|21\n|\n|t:|1699374432\n|move|p2a: Chi-Yu|Flamethrower|p1a: Magearna\n|-supereffective|p1a: Magearna\n|-damage|p1a: Magearna|0 fnt\n|faint|p1a: Magearna\n|\n|win|AlicieLizzie\n|c|\u2606AlicieLizzie|gg\n|l|\u2606Bestmaindragonite\n","uploadtime":1699374439,"views":21,"p1id":"bestmaindragonite","p2id":"alicielizzie","formatid":"gen9ubers","rating":0,"private":0,"password":""}