{"id":"gen9ubers-1968337907","p1":"Rpeezy","p2":"Zionox","format":"[Gen 9] Ubers","log":"|j|\u2606Rpeezy\n|j|\u2606Zionox\n|t:|1697407612\n|gametype|singles\n|player|p1|Rpeezy|lady|\n|player|p2|Zionox|ghetsis|\n|teamsize|p1|6\n|teamsize|p2|6\n|gen|9\n|tier|[Gen 9] Ubers\n|rule|Sleep Clause Mod: Limit one foe put to sleep\n|rule|Species Clause: Limit one of each Pok\u00e9mon\n|rule|OHKO Clause: OHKO moves are banned\n|rule|Evasion Items Clause: Evasion items are banned\n|rule|Evasion Moves Clause: Evasion moves are banned\n|rule|Endless Battle Clause: Forcing endless battles is banned\n|rule|HP Percentage Mod: HP is shown in percentages\n|clearpoke\n|poke|p1|Gastrodon, M|\n|poke|p1|Sneasler, F|\n|poke|p1|Scream Tail|\n|poke|p1|Skeledirge, M|\n|poke|p1|Tauros-Paldea-Blaze, M|\n|poke|p1|Sandy Shocks|\n|poke|p2|Torkoal, M|\n|poke|p2|Walking Wake|\n|poke|p2|Cinderace, F|\n|poke|p2|Lilligant-Hisui, F|\n|poke|p2|Kilowattrel, F|\n|poke|p2|Slither Wing|\n|teampreview\n|inactive|Battle timer is ON: inactive players will automatically lose when time's up. (requested by Rpeezy)\n|c|\u2606Rpeezy|glhf\n|inactiveoff|Battle timer is now OFF.\n|c|\u2606Zionox|likeiwse king\n|\n|t:|1697407635\n|start\n|switch|p1a: Sandy Shocks|Sandy Shocks|100\/100\n|switch|p2a: Krakatoa|Torkoal, M|100\/100\n|-weather|SunnyDay|[from] ability: Drought|[of] p2a: Krakatoa\n|-activate|p1a: Sandy Shocks|ability: Protosynthesis\n|-start|p1a: Sandy Shocks|protosynthesisspe\n|turn|1\n|\n|t:|1697407651\n|switch|p2a: The Biggest Bird|Kilowattrel, F|100\/100\n|move|p1a: Sandy Shocks|Volt Switch|p2a: The Biggest Bird\n|-immune|p2a: The Biggest Bird|[from] ability: Volt Absorb\n|\n|-weather|SunnyDay|[upkeep]\n|upkeep\n|turn|2\n|\n|t:|1697407661\n|move|p1a: Sandy Shocks|Power Gem|p2a: The Biggest Bird\n|-supereffective|p2a: The Biggest Bird\n|-damage|p2a: The Biggest Bird|0 fnt\n|faint|p2a: The Biggest Bird\n|-damage|p1a: Sandy Shocks|91\/100|[from] item: Life Orb\n|\n|-weather|SunnyDay|[upkeep]\n|upkeep\n|\n|t:|1697407687\n|switch|p2a: Gyat|Lilligant-Hisui, F|100\/100\n|turn|3\n|\n|t:|1697407717\n|-end|p1a: Sandy Shocks|Protosynthesis|[silent]\n|switch|p1a: Skeledirge|Skeledirge, M|100\/100\n|move|p2a: Gyat|Victory Dance|p2a: Gyat\n|-boost|p2a: Gyat|atk|1\n|-boost|p2a: Gyat|def|1\n|-boost|p2a: Gyat|spe|1\n|\n|-weather|SunnyDay|[upkeep]\n|upkeep\n|turn|4\n|\n|t:|1697407735\n|switch|p2a: Suigoon|Walking Wake|100\/100\n|-activate|p2a: Suigoon|ability: Protosynthesis\n|-start|p2a: Suigoon|protosynthesisspa\n|move|p1a: Skeledirge|Torch Song|p2a: Suigoon\n|-resisted|p2a: Suigoon\n|-damage|p2a: Suigoon|87\/100\n|-boost|p1a: Skeledirge|spa|1\n|\n|-weather|SunnyDay|[upkeep]\n|upkeep\n|turn|5\n|\n|t:|1697407755\n|switch|p1a: Gastrodon|Gastrodon, M|100\/100\n|move|p2a: Suigoon|Draco Meteor|p1a: Gastrodon|[miss]\n|-miss|p2a: Suigoon|p1a: Gastrodon\n|\n|-weather|SunnyDay|[upkeep]\n|upkeep\n|turn|6\n|\n|t:|1697407773\n|move|p2a: Suigoon|Draco Meteor|p1a: Gastrodon\n|-damage|p1a: Gastrodon|9\/100\n|-unboost|p2a: Suigoon|spa|2\n|move|p1a: Gastrodon|Stealth Rock|p2a: Suigoon\n|-sidestart|p2: Zionox|move: Stealth Rock\n|\n|-weather|SunnyDay|[upkeep]\n|-heal|p1a: Gastrodon|16\/100|[from] item: Leftovers\n|upkeep\n|turn|7\n|\n|t:|1697407792\n|switch|p1a: Scream Tail|Scream Tail|100\/100\n|-activate|p1a: Scream Tail|ability: Protosynthesis\n|-start|p1a: Scream Tail|protosynthesisspe\n|move|p2a: Suigoon|Draco Meteor|p1a: Scream Tail\n|-immune|p1a: Scream Tail\n|\n|-weather|SunnyDay|[upkeep]\n|upkeep\n|turn|8\n|\n|t:|1697407829\n|-end|p2a: Suigoon|Protosynthesis|[silent]\n|switch|p2a: Trix|Cinderace, F|100\/100\n|move|p1a: Scream Tail|Thunder Wave|p2a: Trix|[miss]\n|-miss|p1a: Scream Tail|p2a: Trix\n|\n|-weather|none\n|-end|p1a: Scream Tail|Protosynthesis\n|upkeep\n|turn|9\n|\n|t:|1697407849\n|move|p2a: Trix|Gunk Shot|p1a: Scream Tail\n|-start|p2a: Trix|typechange|Poison|[from] ability: Libero\n|-supereffective|p1a: Scream Tail\n|-damage|p1a: Scream Tail|2\/100\n|-enditem|p1a: Scream Tail|Aguav Berry|[eat]\n|-heal|p1a: Scream Tail|36\/100|[from] item: Aguav Berry\n|move|p1a: Scream Tail|Encore|p2a: Trix\n|-start|p2a: Trix|Encore\n|\n|upkeep\n|turn|10\n|\n|t:|1697407865\n|-end|p1a: Scream Tail|Protosynthesis|[silent]\n|switch|p1a: Tauros|Tauros-Paldea-Blaze, M|100\/100\n|-ability|p1a: Tauros|Intimidate|boost\n|-unboost|p2a: Trix|atk|1\n|move|p2a: Trix|Gunk Shot|p1a: Tauros\n|-damage|p1a: Tauros|58\/100\n|-status|p1a: Tauros|psn\n|\n|-damage|p1a: Tauros|46\/100 psn|[from] psn\n|upkeep\n|turn|11\n|\n|t:|1697407893\n|switch|p2a: Krakatoa|Torkoal, M|100\/100\n|-damage|p2a: Krakatoa|76\/100|[from] Stealth Rock\n|-weather|SunnyDay|[from] ability: Drought|[of] p2a: Krakatoa\n|move|p1a: Tauros|Earthquake|p2a: Krakatoa\n|-supereffective|p2a: Krakatoa\n|-damage|p2a: Krakatoa|35\/100\n|\n|-weather|SunnyDay|[upkeep]\n|-damage|p1a: Tauros|33\/100 psn|[from] psn\n|upkeep\n|turn|12\n|\n|t:|1697407904\n|move|p1a: Tauros|Earthquake|p2a: Krakatoa\n|-supereffective|p2a: Krakatoa\n|-damage|p2a: Krakatoa|0 fnt\n|faint|p2a: Krakatoa\n|\n|-weather|SunnyDay|[upkeep]\n|-damage|p1a: Tauros|21\/100 psn|[from] psn\n|upkeep\n|\n|t:|1697407931\n|switch|p2a: Trix|Cinderace, F|100\/100\n|turn|13\n|\n|t:|1697407953\n|move|p2a: Trix|Gunk Shot|p1a: Tauros\n|-start|p2a: Trix|typechange|Poison|[from] ability: Libero\n|-damage|p1a: Tauros|0 fnt\n|faint|p1a: Tauros\n|\n|-weather|SunnyDay|[upkeep]\n|upkeep\n|\n|t:|1697407968\n|switch|p1a: Sandy Shocks|Sandy Shocks|91\/100\n|-activate|p1a: Sandy Shocks|ability: Protosynthesis\n|-start|p1a: Sandy Shocks|protosynthesisspe\n|turn|14\n|\n|t:|1697408008\n|move|p2a: Trix|Sucker Punch|p1a: Sandy Shocks\n|-damage|p1a: Sandy Shocks|65\/100\n|move|p1a: Sandy Shocks|Earth Power|p2a: Trix\n|-supereffective|p2a: Trix\n|-damage|p2a: Trix|0 fnt\n|faint|p2a: Trix\n|-damage|p1a: Sandy Shocks|55\/100|[from] item: Life Orb\n|\n|-weather|SunnyDay|[upkeep]\n|upkeep\n|\n|t:|1697408018\n|switch|p2a: Suigoon|Walking Wake|87\/100\n|-damage|p2a: Suigoon|75\/100|[from] Stealth Rock\n|-activate|p2a: Suigoon|ability: Protosynthesis\n|-start|p2a: Suigoon|protosynthesisspa\n|turn|15\n|c|\u2606Rpeezy|libero nerf hurts\n|c|\u2606Zionox|yeah i completely forgot about it and was confused for a sec\n|\n|t:|1697408057\n|-terastallize|p1a: Sandy Shocks|Electric\n|move|p1a: Sandy Shocks|Thunderbolt|p2a: Suigoon\n|-damage|p2a: Suigoon|0 fnt\n|faint|p2a: Suigoon\n|-end|p2a: Suigoon|Protosynthesis|[silent]\n|-damage|p1a: Sandy Shocks|45\/100|[from] item: Life Orb\n|\n|-weather|SunnyDay|[upkeep]\n|upkeep\n|\n|t:|1697408067\n|switch|p2a: Gyat|Lilligant-Hisui, F|100\/100\n|-damage|p2a: Gyat|94\/100|[from] Stealth Rock\n|turn|16\n|\n|t:|1697408082\n|move|p2a: Gyat|Solar Blade||[still]\n|-prepare|p2a: Gyat|Solar Blade\n|-anim|p2a: Gyat|Solar Blade|p1a: Sandy Shocks\n|-crit|p1a: Sandy Shocks\n|-damage|p1a: Sandy Shocks|0 fnt\n|faint|p1a: Sandy Shocks\n|-end|p1a: Sandy Shocks|Protosynthesis|[silent]\n|\n|-weather|SunnyDay|[upkeep]\n|upkeep\n|\n|t:|1697408090\n|switch|p1a: Skeledirge|Skeledirge, M|100\/100\n|turn|17\n|\n|t:|1697408106\n|move|p2a: Gyat|Solar Blade||[still]\n|-prepare|p2a: Gyat|Solar Blade\n|-anim|p2a: Gyat|Solar Blade|p1a: Skeledirge\n|-resisted|p1a: Skeledirge\n|-damage|p1a: Skeledirge|83\/100\n|move|p1a: Skeledirge|Torch Song|p2a: Gyat\n|-supereffective|p2a: Gyat\n|-damage|p2a: Gyat|0 fnt\n|-boost|p1a: Skeledirge|spa|1\n|faint|p2a: Gyat\n|\n|-weather|SunnyDay|[upkeep]\n|upkeep\n|\n|t:|1697408108\n|switch|p2a: Walkarona|Slither Wing|100\/100\n|-damage|p2a: Walkarona|88\/100|[from] Stealth Rock\n|-activate|p2a: Walkarona|ability: Protosynthesis\n|-start|p2a: Walkarona|protosynthesisatk\n|turn|18\n|c|\u2606Zionox|well fug\n|c|\u2606Rpeezy|LMAO THE NAME\n|c|\u2606Zionox|hes psychic tera on accident\n|\n|t:|1697408154\n|move|p2a: Walkarona|Earthquake|p1a: Skeledirge\n|-supereffective|p1a: Skeledirge\n|-damage|p1a: Skeledirge|27\/100\n|move|p1a: Skeledirge|Torch Song|p2a: Walkarona\n|-supereffective|p2a: Walkarona\n|-crit|p2a: Walkarona\n|-damage|p2a: Walkarona|0 fnt\n|-boost|p1a: Skeledirge|spa|1\n|faint|p2a: Walkarona\n|-end|p2a: Walkarona|Protosynthesis|[silent]\n|\n|win|Rpeezy\n|c|\u2606Rpeezy|unfortunate\n|c|\u2606Rpeezy|ggs\n","uploadtime":1697408166,"views":71,"p1id":"rpeezy","p2id":"zionox","formatid":"gen9ubers","rating":0,"private":0,"password":""}