{"id":"gen9ubers-1978402238","p1":"StealthR2","p2":"nicneg","format":"[Gen 9] Ubers","log":"|j|\u2606StealthR2\n|j|\u2606nicneg\n|t:|1698534332\n|gametype|singles\n|player|p1|StealthR2|grimsley|\n|player|p2|nicneg|hiker-gen4|\n|teamsize|p1|6\n|teamsize|p2|6\n|gen|9\n|tier|[Gen 9] Ubers\n|rule|Sleep Clause Mod: Limit one foe put to sleep\n|rule|Species Clause: Limit one of each Pok\u00e9mon\n|rule|OHKO Clause: OHKO moves are banned\n|rule|Evasion Items Clause: Evasion items are banned\n|rule|Evasion Moves Clause: Evasion moves are banned\n|rule|Endless Battle Clause: Forcing endless battles is banned\n|rule|HP Percentage Mod: HP is shown in percentages\n|clearpoke\n|poke|p1|Basculin-Blue-Striped, M|\n|poke|p1|Spidops, M|\n|poke|p1|Moltres|\n|poke|p1|Mienshao, M|\n|poke|p1|Torterra, F|\n|poke|p1|Dragapult, M|\n|poke|p2|Hippowdon, M|\n|poke|p2|Probopass, F|\n|poke|p2|Snorlax, M|\n|poke|p2|Scizor, F|\n|poke|p2|Magnezone|\n|poke|p2|Lurantis, M|\n|teampreview\n|c|\u2606nicneg|he only has 1 special attacker\n|\n|t:|1698534360\n|start\n|switch|p1a: Spidops|Spidops, M|100\/100\n|switch|p2a: Probopass|Probopass, F|100\/100\n|turn|1\n|\n|t:|1698534367\n|move|p2a: Probopass|Iron Defense|p2a: Probopass\n|-boost|p2a: Probopass|def|2\n|move|p1a: Spidops|Taunt|p2a: Probopass\n|-start|p2a: Probopass|move: Taunt\n|\n|upkeep\n|turn|2\n|\n|t:|1698534375\n|move|p2a: Probopass|Body Press|p1a: Spidops\n|-resisted|p1a: Spidops\n|-damage|p1a: Spidops|67\/100\n|move|p1a: Spidops|Spikes|p2a: Probopass\n|-sidestart|p2: nicneg|Spikes\n|\n|upkeep\n|turn|3\n|c|\u2606StealthR2|i should make spidops faster\n|\n|t:|1698534389\n|move|p2a: Probopass|Thunderbolt|p1a: Spidops\n|-damage|p1a: Spidops|45\/100\n|move|p1a: Spidops|Spikes|p2a: Probopass\n|-sidestart|p2: nicneg|Spikes\n|\n|upkeep\n|turn|4\n|\n|t:|1698534396\n|move|p2a: Probopass|Thunderbolt|p1a: Spidops\n|-damage|p1a: Spidops|22\/100\n|move|p1a: Spidops|Low Kick|p2a: Probopass\n|-supereffective|p2a: Probopass\n|-damage|p2a: Probopass|60\/100\n|\n|-heal|p2a: Probopass|66\/100|[from] item: Leftovers\n|-end|p2a: Probopass|move: Taunt\n|upkeep\n|turn|5\n|\n|t:|1698534402\n|-terastallize|p2a: Probopass|Fairy\n|move|p2a: Probopass|Iron Defense|p2a: Probopass\n|-boost|p2a: Probopass|def|2\n|move|p1a: Spidops|Low Kick|p2a: Probopass\n|-resisted|p2a: Probopass\n|-damage|p2a: Probopass|62\/100\n|\n|-heal|p2a: Probopass|68\/100|[from] item: Leftovers\n|upkeep\n|turn|6\n|\n|t:|1698534413\n|move|p2a: Probopass|Iron Defense|p2a: Probopass\n|-boost|p2a: Probopass|def|2\n|move|p1a: Spidops|U-turn|p2a: Probopass\n|-resisted|p2a: Probopass\n|-damage|p2a: Probopass|66\/100\n|\n|t:|1698534445\n|switch|p1a: Dragapult|Dragapult, M|100\/100|[from] U-turn\n|\n|-heal|p2a: Probopass|72\/100|[from] item: Leftovers\n|upkeep\n|turn|7\n|\n|t:|1698534484\n|move|p1a: Dragapult|Will-O-Wisp|p2a: Probopass\n|-status|p2a: Probopass|brn\n|move|p2a: Probopass|Dazzling Gleam|p1a: Dragapult\n|-supereffective|p1a: Dragapult\n|-damage|p1a: Dragapult|36\/100\n|\n|-heal|p2a: Probopass|78\/100 brn|[from] item: Leftovers\n|-damage|p2a: Probopass|72\/100 brn|[from] brn\n|upkeep\n|turn|8\n|\n|t:|1698534496\n|switch|p1a: Torterra|Torterra, F|100\/100\n|move|p2a: Probopass|Dazzling Gleam|p1a: Torterra\n|-damage|p1a: Torterra|75\/100\n|\n|-heal|p1a: Torterra|81\/100|[from] item: Leftovers\n|-heal|p2a: Probopass|78\/100 brn|[from] item: Leftovers\n|-damage|p2a: Probopass|72\/100 brn|[from] brn\n|upkeep\n|turn|9\n|\n|t:|1698534501\n|move|p1a: Torterra|Iron Defense|p1a: Torterra\n|-boost|p1a: Torterra|def|2\n|move|p2a: Probopass|Body Press|p1a: Torterra\n|-damage|p1a: Torterra|61\/100\n|\n|-heal|p1a: Torterra|67\/100|[from] item: Leftovers\n|-heal|p2a: Probopass|78\/100 brn|[from] item: Leftovers\n|-damage|p2a: Probopass|72\/100 brn|[from] brn\n|upkeep\n|turn|10\n|\n|t:|1698534509\n|move|p1a: Torterra|Iron Defense|p1a: Torterra\n|-boost|p1a: Torterra|def|2\n|move|p2a: Probopass|Dazzling Gleam|p1a: Torterra\n|-damage|p1a: Torterra|45\/100\n|\n|-heal|p1a: Torterra|51\/100|[from] item: Leftovers\n|-heal|p2a: Probopass|78\/100 brn|[from] item: Leftovers\n|-damage|p2a: Probopass|72\/100 brn|[from] brn\n|upkeep\n|turn|11\n|c|\u2606nicneg|He can't get through iron defence torterra defs\n|\n|t:|1698534528\n|move|p1a: Torterra|Protect|p1a: Torterra\n|-singleturn|p1a: Torterra|Protect\n|move|p2a: Probopass|Dazzling Gleam|p1a: Torterra\n|-activate|p1a: Torterra|move: Protect\n|\n|-heal|p1a: Torterra|57\/100|[from] item: Leftovers\n|-heal|p2a: Probopass|78\/100 brn|[from] item: Leftovers\n|-damage|p2a: Probopass|72\/100 brn|[from] brn\n|upkeep\n|turn|12\n|\n|t:|1698534532\n|move|p1a: Torterra|Leech Seed|p2a: Probopass|[miss]\n|-miss|p1a: Torterra|p2a: Probopass\n|move|p2a: Probopass|Dazzling Gleam|p1a: Torterra\n|-damage|p1a: Torterra|31\/100\n|\n|-heal|p1a: Torterra|37\/100|[from] item: Leftovers\n|-heal|p2a: Probopass|78\/100 brn|[from] item: Leftovers\n|-damage|p2a: Probopass|72\/100 brn|[from] brn\n|upkeep\n|turn|13\n|c|\u2606StealthR2|CAN I HIT A LEECH SEDED\n|\n|t:|1698534543\n|switch|p2a: Lurantis|Lurantis, M|100\/100\n|-damage|p2a: Lurantis|84\/100|[from] Spikes\n|move|p1a: Torterra|Leech Seed|p2a: Lurantis\n|-immune|p2a: Lurantis\n|\n|-heal|p1a: Torterra|43\/100|[from] item: Leftovers\n|upkeep\n|turn|14\n|\n|t:|1698534552\n|move|p1a: Torterra|Protect|p1a: Torterra\n|-singleturn|p1a: Torterra|Protect\n|move|p2a: Lurantis|Leaf Storm|p1a: Torterra\n|-activate|p1a: Torterra|move: Protect\n|\n|-heal|p1a: Torterra|49\/100|[from] item: Leftovers\n|upkeep\n|turn|15\n|c|\u2606StealthR2|FOR FUCKS SAKE\n|\n|t:|1698534562\n|switch|p2a: Hippowdon|Hippowdon, M|100\/100\n|-damage|p2a: Hippowdon|84\/100|[from] Spikes\n|-weather|Sandstorm|[from] ability: Sand Stream|[of] p2a: Hippowdon\n|move|p1a: Torterra|Body Press|p2a: Hippowdon\n|-damage|p2a: Hippowdon|29\/100\n|\n|-weather|Sandstorm|[upkeep]\n|-heal|p1a: Torterra|55\/100|[from] item: Leftovers\n|upkeep\n|turn|16\n|\n|t:|1698534574\n|move|p1a: Torterra|Body Press|p2a: Hippowdon\n|-damage|p2a: Hippowdon|0 fnt\n|faint|p2a: Hippowdon\n|\n|-weather|Sandstorm|[upkeep]\n|-heal|p1a: Torterra|61\/100|[from] item: Leftovers\n|upkeep\n|\n|t:|1698534577\n|switch|p2a: Lurantis|Lurantis, M|84\/100\n|-damage|p2a: Lurantis|67\/100|[from] Spikes\n|turn|17\n|\n|t:|1698534580\n|move|p1a: Torterra|Protect|p1a: Torterra\n|-singleturn|p1a: Torterra|Protect\n|move|p2a: Lurantis|Leaf Storm|p1a: Torterra\n|-activate|p1a: Torterra|move: Protect\n|\n|-weather|Sandstorm|[upkeep]\n|-damage|p2a: Lurantis|61\/100|[from] Sandstorm\n|-heal|p1a: Torterra|68\/100|[from] item: Leftovers\n|upkeep\n|turn|18\n|c|\u2606StealthR2|if only ground types got the special defence boost\n|\n|t:|1698534596\n|move|p1a: Torterra|Body Press|p2a: Lurantis\n|-damage|p2a: Lurantis|0 fnt\n|faint|p2a: Lurantis\n|\n|-weather|Sandstorm|[upkeep]\n|-heal|p1a: Torterra|74\/100|[from] item: Leftovers\n|upkeep\n|c|\u2606nicneg|thought youd switch out ffs\n|\n|t:|1698534613\n|switch|p2a: Snorlax|Snorlax, M|100\/100\n|-damage|p2a: Snorlax|84\/100|[from] Spikes\n|turn|19\n|\n|t:|1698534617\n|move|p1a: Torterra|Body Press|p2a: Snorlax\n|-supereffective|p2a: Snorlax\n|-damage|p2a: Snorlax|0 fnt\n|faint|p2a: Snorlax\n|\n|-weather|Sandstorm|[upkeep]\n|-heal|p1a: Torterra|80\/100|[from] item: Leftovers\n|upkeep\n|\n|t:|1698534624\n|switch|p2a: Probopass|Probopass, F, tera:Fairy|72\/100 brn\n|-damage|p2a: Probopass|55\/100 brn|[from] Spikes\n|turn|20\n|\n|t:|1698534629\n|move|p1a: Torterra|Leech Seed|p2a: Probopass\n|-start|p2a: Probopass|move: Leech Seed\n|move|p2a: Probopass|Dazzling Gleam|p1a: Torterra\n|-damage|p1a: Torterra|54\/100\n|\n|-weather|Sandstorm|[upkeep]\n|-damage|p2a: Probopass|49\/100 brn|[from] Sandstorm\n|-heal|p1a: Torterra|60\/100|[from] item: Leftovers\n|-heal|p2a: Probopass|55\/100 brn|[from] item: Leftovers\n|-damage|p2a: Probopass|43\/100 brn|[from] Leech Seed|[of] p1a: Torterra\n|-heal|p1a: Torterra|70\/100|[silent]\n|-damage|p2a: Probopass|37\/100 brn|[from] brn\n|upkeep\n|turn|21\n|\n|t:|1698534642\n|move|p1a: Torterra|Protect|p1a: Torterra\n|-singleturn|p1a: Torterra|Protect\n|move|p2a: Probopass|Dazzling Gleam|p1a: Torterra\n|-activate|p1a: Torterra|move: Protect\n|\n|-weather|Sandstorm|[upkeep]\n|-damage|p2a: Probopass|31\/100 brn|[from] Sandstorm\n|-heal|p1a: Torterra|76\/100|[from] item: Leftovers\n|-heal|p2a: Probopass|37\/100 brn|[from] item: Leftovers\n|-damage|p2a: Probopass|25\/100 brn|[from] Leech Seed|[of] p1a: Torterra\n|-heal|p1a: Torterra|86\/100|[silent]\n|-damage|p2a: Probopass|18\/100 brn|[from] brn\n|upkeep\n|turn|22\n|\n|t:|1698534647\n|move|p1a: Torterra|Body Press|p2a: Probopass\n|-resisted|p2a: Probopass\n|-damage|p2a: Probopass|0 fnt\n|faint|p2a: Probopass\n|\n|-weather|none\n|-heal|p1a: Torterra|92\/100|[from] item: Leftovers\n|upkeep\n|\n|t:|1698534650\n|switch|p2a: Magnezone|Magnezone|100\/100\n|-item|p2a: Magnezone|Air Balloon\n|turn|23\n|\n|t:|1698534652\n|move|p2a: Magnezone|Flash Cannon|p1a: Torterra\n|-damage|p1a: Torterra|46\/100\n|move|p1a: Torterra|Body Press|p2a: Magnezone\n|-supereffective|p2a: Magnezone\n|-damage|p2a: Magnezone|0 fnt\n|-enditem|p2a: Magnezone|Air Balloon\n|faint|p2a: Magnezone\n|\n|-heal|p1a: Torterra|52\/100|[from] item: Leftovers\n|upkeep\n|\n|t:|1698534657\n|switch|p2a: Scizor|Scizor, F|100\/100\n|-damage|p2a: Scizor|84\/100|[from] Spikes\n|turn|24\n|\n|t:|1698534660\n|move|p2a: Scizor|Aerial Ace|p1a: Torterra\n|-supereffective|p1a: Torterra\n|-damage|p1a: Torterra|35\/100\n|-damage|p2a: Scizor|74\/100|[from] item: Life Orb\n|move|p1a: Torterra|Body Press|p2a: Scizor\n|-damage|p2a: Scizor|0 fnt\n|faint|p2a: Scizor\n|\n|win|StealthR2\n|l|\u2606nicneg\n|c|\u2606StealthR2|yeah that works lol\n|l|\u2606StealthR2\n|j|\u2606StealthR2\n|player|p1|StealthR2|grimsley\n","uploadtime":1698534937,"views":11,"p1id":"stealthr2","p2id":"nicneg","formatid":"gen9ubers","rating":0,"private":0,"password":""}