{"id":"gen9ubers-1996805428","p1":"Pickedman","p2":"Rei_darkness","format":"[Gen 9] Ubers","log":"|j|\u2606Pickedman\n|j|\u2606Rei_darkness\n|t:|1700728244\n|gametype|singles\n|player|p1|Pickedman|zinnia|\n|player|p2|Rei_darkness|drayden|\n|teamsize|p1|6\n|teamsize|p2|6\n|gen|9\n|tier|[Gen 9] Ubers\n|rule|Sleep Clause Mod: Limit one foe put to sleep\n|rule|Species Clause: Limit one of each Pok\u00e9mon\n|rule|OHKO Clause: OHKO moves are banned\n|rule|Evasion Items Clause: Evasion items are banned\n|rule|Evasion Moves Clause: Evasion moves are banned\n|rule|Endless Battle Clause: Forcing endless battles is banned\n|rule|HP Percentage Mod: HP is shown in percentages\n|clearpoke\n|poke|p1|Dragonite, F|\n|poke|p1|Walking Wake|\n|poke|p1|Glimmora, M|\n|poke|p1|Landorus-Therian, M|\n|poke|p1|Annihilape, M|\n|poke|p1|Greninja-*, F|\n|poke|p2|Ribombee, F|\n|poke|p2|Iron Jugulis|\n|poke|p2|Weezing-Galar, F|\n|poke|p2|Thundurus, M|\n|poke|p2|Slowking-Galar, M|\n|poke|p2|Palafin, M|\n|teampreview\n|\n|t:|1700728264\n|start\n|switch|p1a: Glimmora|Glimmora, M|100\/100\n|switch|p2a: Palafin|Palafin, M|100\/100\n|turn|1\n|\n|t:|1700728272\n|move|p2a: Palafin|Boomburst|p1a: Glimmora\n|-resisted|p1a: Glimmora\n|-damage|p1a: Glimmora|75\/100\n|move|p1a: Glimmora|Spikes|p2a: Palafin\n|-sidestart|p2: Rei_darkness|Spikes\n|\n|upkeep\n|turn|2\n|\n|t:|1700728293\n|detailschange|p2a: Palafin|Palafin-Hero, M\n|switch|p2a: Weezing|Weezing-Galar, F|100\/100\n|-damage|p2a: Weezing|88\/100|[from] Spikes\n|-fieldstart|move: Misty Terrain|[from] ability: Misty Surge|[of] p2a: Weezing\n|switch|p1a: Annihilape|Annihilape, M|100\/100\n|\n|-heal|p2a: Weezing|94\/100|[from] item: Leftovers\n|upkeep\n|turn|3\n|\n|t:|1700728306\n|switch|p2a: Slowking|Slowking-Galar, M|100\/100\n|move|p1a: Annihilape|Taunt|p2a: Slowking\n|-start|p2a: Slowking|move: Taunt\n|\n|upkeep\n|turn|4\n|\n|t:|1700728312\n|move|p1a: Annihilape|Stealth Rock|p2a: Slowking\n|-sidestart|p2: Rei_darkness|move: Stealth Rock\n|move|p2a: Slowking|Foul Play|p1a: Annihilape\n|-damage|p1a: Annihilape|83\/100\n|\n|-heal|p1a: Annihilape|89\/100|[from] item: Leftovers\n|upkeep\n|turn|5\n|\n|t:|1700728317\n|switch|p2a: Ribombee|Ribombee, F|100\/100\n|-damage|p2a: Ribombee|88\/100|[from] Spikes\n|-damage|p2a: Ribombee|63\/100|[from] Stealth Rock\n|move|p1a: Annihilape|Night Shade|p2a: Ribombee\n|-damage|p2a: Ribombee|25\/100\n|\n|-heal|p1a: Annihilape|95\/100|[from] item: Leftovers\n|upkeep\n|turn|6\n|\n|t:|1700728323\n|move|p2a: Ribombee|Sticky Web|p1a: Annihilape\n|-sidestart|p1: Pickedman|move: Sticky Web\n|move|p1a: Annihilape|Night Shade|p2a: Ribombee\n|-damage|p2a: Ribombee|0 fnt\n|faint|p2a: Ribombee\n|\n|-heal|p1a: Annihilape|100\/100|[from] item: Leftovers\n|-fieldend|Misty Terrain\n|upkeep\n|\n|t:|1700728340\n|switch|p2a: Iron Jugulis|Iron Jugulis|100\/100\n|-damage|p2a: Iron Jugulis|75\/100|[from] Stealth Rock\n|-enditem|p2a: Iron Jugulis|Booster Energy\n|-activate|p2a: Iron Jugulis|ability: Quark Drive|[fromitem]\n|-start|p2a: Iron Jugulis|quarkdrivespe\n|turn|7\n|\n|t:|1700728363\n|move|p2a: Iron Jugulis|Acrobatics|p1a: Annihilape\n|-supereffective|p1a: Annihilape\n|-damage|p1a: Annihilape|14\/100\n|move|p1a: Annihilape|Encore|p2a: Iron Jugulis\n|-start|p2a: Iron Jugulis|Encore\n|\n|-heal|p1a: Annihilape|20\/100|[from] item: Leftovers\n|upkeep\n|turn|8\n|\n|t:|1700728367\n|switch|p1a: Glimmora|Glimmora, M|75\/100\n|-activate|p1a: Glimmora|move: Sticky Web\n|-unboost|p1a: Glimmora|spe|1\n|move|p2a: Iron Jugulis|Acrobatics|p1a: Glimmora\n|-resisted|p1a: Glimmora\n|-damage|p1a: Glimmora|51\/100\n|-activate|p1a: Glimmora|ability: Toxic Debris\n|-sidestart|p2: Rei_darkness|move: Toxic Spikes\n|\n|upkeep\n|turn|9\n|\n|t:|1700728372\n|-end|p2a: Iron Jugulis|Quark Drive|[silent]\n|switch|p2a: Weezing|Weezing-Galar, F|94\/100\n|-damage|p2a: Weezing|82\/100|[from] Spikes\n|-damage|p2a: Weezing|70\/100|[from] Stealth Rock\n|-sideend|p2: Rei_darkness|move: Toxic Spikes|[of] p2a: Weezing\n|-fieldstart|move: Misty Terrain|[from] ability: Misty Surge|[of] p2a: Weezing\n|move|p1a: Glimmora|Mortal Spin|p2a: Weezing\n|-crit|p2a: Weezing\n|-damage|p2a: Weezing|63\/100\n|-sideend|p1: Pickedman|Sticky Web|[from] move: Mortal Spin|[of] p1a: Glimmora\n|\n|-heal|p2a: Weezing|69\/100|[from] item: Leftovers\n|upkeep\n|turn|10\n|\n|t:|1700728384\n|switch|p1a: Landorus|Landorus-Therian, M|100\/100\n|-ability|p1a: Landorus|Intimidate|boost\n|-unboost|p2a: Weezing|atk|1\n|move|p2a: Weezing|Defog|p1a: Landorus\n|-unboost|p1a: Landorus|evasion|1\n|-sideend|p2: Rei_darkness|Spikes|[from] move: Defog|[of] p2a: Weezing\n|-sideend|p2: Rei_darkness|Stealth Rock|[from] move: Defog|[of] p2a: Weezing\n|-fieldend|Misty Terrain\n|\n|-heal|p2a: Weezing|75\/100|[from] item: Leftovers\n|upkeep\n|turn|11\n|\n|t:|1700728392\n|switch|p2a: Thundurus|Thundurus, M|100\/100\n|move|p1a: Landorus|Focus Blast|p2a: Thundurus|[miss]\n|-miss|p1a: Landorus|p2a: Thundurus\n|\n|upkeep\n|turn|12\n|\n|t:|1700728400\n|switch|p1a: Glimmora|Glimmora, M|51\/100\n|move|p2a: Thundurus|Knock Off|p1a: Glimmora\n|-damage|p1a: Glimmora|22\/100\n|-activate|p1a: Glimmora|ability: Toxic Debris\n|-sidestart|p2: Rei_darkness|move: Toxic Spikes\n|-enditem|p1a: Glimmora|Focus Sash|[from] move: Knock Off|[of] p2a: Thundurus\n|\n|upkeep\n|turn|13\n|\n|t:|1700728408\n|move|p2a: Thundurus|Thunder Punch|p1a: Glimmora\n|-damage|p1a: Glimmora|0 fnt\n|-activate|p1a: Glimmora|ability: Toxic Debris\n|-sidestart|p2: Rei_darkness|move: Toxic Spikes\n|faint|p1a: Glimmora\n|\n|upkeep\n|\n|t:|1700728420\n|switch|p1a: Dragonite|Dragonite, F|100\/100\n|turn|14\n|\n|t:|1700728424\n|move|p2a: Thundurus|Knock Off|p1a: Dragonite\n|-damage|p1a: Dragonite|83\/100\n|-enditem|p1a: Dragonite|Heavy-Duty Boots|[from] move: Knock Off|[of] p2a: Thundurus\n|move|p1a: Dragonite|Ice Beam|p2a: Thundurus\n|-supereffective|p2a: Thundurus\n|-damage|p2a: Thundurus|23\/100\n|\n|upkeep\n|turn|15\n|\n|t:|1700728431\n|switch|p2a: Slowking|Slowking-Galar, M|100\/100\n|-sideend|p2: Rei_darkness|move: Toxic Spikes|[of] p2a: Slowking\n|move|p1a: Dragonite|Ice Beam|p2a: Slowking\n|-damage|p2a: Slowking|85\/100\n|\n|upkeep\n|turn|16\n|\n|t:|1700728443\n|switch|p1a: Annihilape|Annihilape, M|20\/100\n|move|p2a: Slowking|Chilly Reception|p2a: Slowking\n|-weather|Snow\n|\n|t:|1700728454\n|switch|p2a: Thundurus|Thundurus, M|23\/100|[from] Chilly Reception\n|\n|-weather|Snow|[upkeep]\n|-heal|p1a: Annihilape|26\/100|[from] item: Leftovers\n|upkeep\n|turn|17\n|\n|t:|1700728468\n|move|p2a: Thundurus|Knock Off|p1a: Annihilape\n|-damage|p1a: Annihilape|0 fnt\n|-enditem|p1a: Annihilape|Leftovers|[from] move: Knock Off|[of] p2a: Thundurus\n|faint|p1a: Annihilape\n|\n|-weather|Snow|[upkeep]\n|upkeep\n|\n|t:|1700728474\n|switch|p1a: Greninja|Greninja, F|100\/100\n|turn|18\n|\n|t:|1700728478\n|switch|p2a: Weezing|Weezing-Galar, F|75\/100\n|-fieldstart|move: Misty Terrain|[from] ability: Misty Surge|[of] p2a: Weezing\n|move|p1a: Greninja|U-turn|p2a: Weezing\n|-start|p1a: Greninja|typechange|Bug|[from] ability: Protean\n|-resisted|p2a: Weezing\n|-damage|p2a: Weezing|68\/100\n|\n|t:|1700728488\n|switch|p1a: Landorus|Landorus-Therian, M|100\/100|[from] U-turn\n|-ability|p1a: Landorus|Intimidate|boost\n|-unboost|p2a: Weezing|atk|1\n|\n|-weather|Snow|[upkeep]\n|-heal|p2a: Weezing|74\/100|[from] item: Leftovers\n|upkeep\n|turn|19\n|\n|t:|1700728501\n|move|p1a: Landorus|Sludge Bomb|p2a: Weezing\n|-damage|p2a: Weezing|14\/100\n|move|p2a: Weezing|Pain Split|p1a: Landorus\n|-sethp|p1a: Landorus|56\/100|[from] move: Pain Split|[silent]\n|-sethp|p2a: Weezing|64\/100|[from] move: Pain Split\n|\n|-weather|Snow|[upkeep]\n|-heal|p2a: Weezing|70\/100|[from] item: Leftovers\n|upkeep\n|turn|20\n|\n|t:|1700728519\n|switch|p1a: Walking Wake|Walking Wake|100\/100\n|switch|p2a: Slowking|Slowking-Galar, M|100\/100\n|\n|-weather|none\n|upkeep\n|turn|21\n|\n|t:|1700728525\n|move|p1a: Walking Wake|Knock Off|p2a: Slowking\n|-supereffective|p2a: Slowking\n|-damage|p2a: Slowking|25\/100\n|-enditem|p2a: Slowking|Heavy-Duty Boots|[from] move: Knock Off|[of] p1a: Walking Wake\n|move|p2a: Slowking|Foul Play|p1a: Walking Wake\n|-damage|p1a: Walking Wake|72\/100\n|\n|upkeep\n|turn|22\n|\n|t:|1700728533\n|switch|p2a: Weezing|Weezing-Galar, F|70\/100\n|move|p1a: Walking Wake|Knock Off|p2a: Weezing\n|-resisted|p2a: Weezing\n|-damage|p2a: Weezing|58\/100\n|-enditem|p2a: Weezing|Leftovers|[from] move: Knock Off|[of] p1a: Walking Wake\n|\n|-fieldend|Misty Terrain\n|upkeep\n|turn|23\n|\n|t:|1700728539\n|-end|p1a: Walking Wake|Protosynthesis|[silent]\n|switch|p1a: Landorus|Landorus-Therian, M|56\/100\n|-ability|p1a: Landorus|Intimidate|boost\n|-unboost|p2a: Weezing|atk|1\n|move|p2a: Weezing|Strange Steam|p1a: Landorus\n|-damage|p1a: Landorus|25\/100\n|\n|upkeep\n|turn|24\n|\n|t:|1700728547\n|-terastallize|p2a: Weezing|Steel\n|move|p1a: Landorus|Psychic|p2a: Weezing\n|-resisted|p2a: Weezing\n|-damage|p2a: Weezing|27\/100\n|move|p2a: Weezing|Strange Steam|p1a: Landorus\n|-damage|p1a: Landorus|0 fnt\n|faint|p1a: Landorus\n|\n|upkeep\n|\n|t:|1700728552\n|switch|p1a: Greninja|Greninja, F|100\/100\n|turn|25\n|\n|t:|1700728560\n|switch|p2a: Slowking|Slowking-Galar, M|59\/100\n|move|p1a: Greninja|Liquidation|p2a: Slowking\n|-start|p1a: Greninja|typechange|Water|[from] ability: Protean\n|-damage|p2a: Slowking|6\/100\n|\n|upkeep\n|turn|26\n|\n|t:|1700728563\n|move|p1a: Greninja|Liquidation|p2a: Slowking\n|-damage|p2a: Slowking|0 fnt\n|faint|p2a: Slowking\n|\n|upkeep\n|\n|t:|1700728566\n|switch|p2a: Weezing|Weezing-Galar, F, tera:Steel|27\/100\n|-fieldstart|move: Misty Terrain|[from] ability: Misty Surge|[of] p2a: Weezing\n|turn|27\n|\n|t:|1700728569\n|move|p1a: Greninja|Liquidation|p2a: Weezing\n|-damage|p2a: Weezing|0 fnt\n|faint|p2a: Weezing\n|\n|upkeep\n|\n|t:|1700728577\n|switch|p2a: Palafin|Palafin-Hero, M|100\/100\n|-activate|p2a: Palafin|ability: Zero to Hero\n|turn|28\n|\n|t:|1700728582\n|switch|p1a: Dragonite|Dragonite, F|83\/100\n|move|p2a: Palafin|Boomburst|p1a: Dragonite\n|-damage|p1a: Dragonite|7\/100\n|\n|upkeep\n|turn|29\n|\n|t:|1700728586\n|move|p2a: Palafin|Boomburst|p1a: Dragonite\n|-damage|p1a: Dragonite|0 fnt\n|faint|p1a: Dragonite\n|\n|upkeep\n|\n|t:|1700728607\n|switch|p1a: Greninja|Greninja, F|100\/100\n|turn|30\n|\n|t:|1700728609\n|move|p1a: Greninja|Gunk Shot|p2a: Palafin\n|-start|p1a: Greninja|typechange|Poison|[from] ability: Protean\n|-damage|p2a: Palafin|18\/100\n|move|p2a: Palafin|Boomburst|p1a: Greninja\n|-damage|p1a: Greninja|0 fnt\n|faint|p1a: Greninja\n|\n|upkeep\n|\n|t:|1700728617\n|switch|p1a: Walking Wake|Walking Wake|72\/100\n|turn|31\n|\n|t:|1700728633\n|move|p1a: Walking Wake|Outrage|p2a: Palafin\n|-damage|p2a: Palafin|0 fnt\n|faint|p2a: Palafin\n|\n|-fieldend|Misty Terrain\n|upkeep\n|\n|t:|1700728649\n|switch|p2a: Thundurus|Thundurus, M|23\/100\n|turn|32\n|\n|t:|1700728657\n|move|p2a: Thundurus|Knock Off|p1a: Walking Wake\n|-damage|p1a: Walking Wake|37\/100\n|-enditem|p1a: Walking Wake|Choice Band|[from] move: Knock Off|[of] p2a: Thundurus\n|move|p1a: Walking Wake|Outrage|p2a: Thundurus|[from]lockedmove\n|-damage|p2a: Thundurus|0 fnt\n|faint|p2a: Thundurus\n|\n|upkeep\n|\n|t:|1700728660\n|switch|p2a: Iron Jugulis|Iron Jugulis|75\/100\n|turn|33\n|c|\u2606Rei_darkness|probably wont live the outrage gg wp\n|\n|t:|1700728674\n|move|p1a: Walking Wake|Outrage|p2a: Iron Jugulis|[from]lockedmove\n|-damage|p2a: Iron Jugulis|30\/100\n|-start|p1a: Walking Wake|confusion|[fatigue]\n|move|p2a: Iron Jugulis|Acrobatics|p1a: Walking Wake\n|-damage|p1a: Walking Wake|0 fnt\n|faint|p1a: Walking Wake\n|-end|p1a: Walking Wake|Protosynthesis|[silent]\n|\n|win|Rei_darkness\n|c|\u2606Rei_darkness|Wait\n|c|\u2606Rei_darkness|Im goated\n|c|\u2606Pickedman|ggwp\n","uploadtime":1700728682,"views":24,"p1id":"pickedman","p2id":"reidarkness","formatid":"gen9ubers","rating":0,"private":0,"password":""}