{"id":"gen9ubers-1978792286","p1":"samuel__jales","p2":"TheXisoverthere","format":"[Gen 9] Ubers","log":"|j|\u2606samuel__jales\n|j|\u2606TheXisoverthere\n|t:|1698595794\n|gametype|singles\n|player|p1|samuel__jales|1|1417\n|player|p2|TheXisoverthere|pokefanf-gen4|1462\n|teamsize|p1|6\n|teamsize|p2|6\n|gen|9\n|tier|[Gen 9] Ubers\n|rated|\n|rule|Sleep Clause Mod: Limit one foe put to sleep\n|rule|Species Clause: Limit one of each Pok\u00e9mon\n|rule|OHKO Clause: OHKO moves are banned\n|rule|Evasion Items Clause: Evasion items are banned\n|rule|Evasion Moves Clause: Evasion moves are banned\n|rule|Endless Battle Clause: Forcing endless battles is banned\n|rule|HP Percentage Mod: HP is shown in percentages\n|clearpoke\n|poke|p1|Zacian-*|\n|poke|p1|Koraidon|\n|poke|p1|Miraidon|\n|poke|p1|Kyogre|\n|poke|p1|Groudon|\n|poke|p1|Arceus|\n|poke|p2|Palkia|\n|poke|p2|Ting-Lu|\n|poke|p2|Zacian-*|\n|poke|p2|Miraidon|\n|poke|p2|Kyogre|\n|poke|p2|Arceus-Poison|\n|teampreview\n|\n|t:|1698595808\n|start\n|switch|p1a: Groudon|Groudon|100\/100\n|switch|p2a: Miraidon|Miraidon|100\/100\n|-fieldstart|move: Electric Terrain|[from] ability: Hadron Engine|[of] p2a: Miraidon\n|-weather|SunnyDay|[from] ability: Drought|[of] p1a: Groudon\n|turn|1\n|\n|t:|1698595817\n|move|p2a: Miraidon|Draco Meteor|p1a: Groudon|[miss]\n|-miss|p2a: Miraidon|p1a: Groudon\n|move|p1a: Groudon|Stealth Rock|p2a: Miraidon\n|-sidestart|p2: TheXisoverthere|move: Stealth Rock\n|\n|-weather|SunnyDay|[upkeep]\n|upkeep\n|turn|2\n|\n|t:|1698595820\n|move|p2a: Miraidon|U-turn|p1a: Groudon\n|-damage|p1a: Groudon|92\/100\n|\n|t:|1698595825\n|switch|p2a: Palkia|Palkia|100\/100|[from] U-turn\n|-damage|p2a: Palkia|88\/100|[from] Stealth Rock\n|-ability|p2a: Palkia|Pressure\n|move|p1a: Groudon|Precipice Blades|p2a: Palkia|[miss]\n|-miss|p1a: Groudon|p2a: Palkia\n|\n|-weather|SunnyDay|[upkeep]\n|-heal|p2a: Palkia|94\/100|[from] item: Leftovers\n|-heal|p1a: Groudon|98\/100|[from] item: Leftovers\n|upkeep\n|turn|3\n|\n|t:|1698595835\n|move|p2a: Palkia|Substitute|p2a: Palkia\n|-start|p2a: Palkia|Substitute\n|-damage|p2a: Palkia|69\/100\n|move|p1a: Groudon|Will-O-Wisp||[still]\n|-fail|p1a: Groudon\n|\n|-weather|SunnyDay|[upkeep]\n|-heal|p2a: Palkia|75\/100|[from] item: Leftovers\n|-heal|p1a: Groudon|100\/100|[from] item: Leftovers\n|upkeep\n|turn|4\n|\n|t:|1698595839\n|move|p2a: Palkia|Bulk Up|p2a: Palkia\n|-boost|p2a: Palkia|atk|1\n|-boost|p2a: Palkia|def|1\n|move|p1a: Groudon|Roar|p2a: Palkia\n|drag|p2a: Arceus|Arceus-Poison|100\/100\n|-damage|p2a: Arceus|88\/100|[from] Stealth Rock\n|\n|-weather|SunnyDay|[upkeep]\n|upkeep\n|turn|5\n|\n|t:|1698595848\n|move|p2a: Arceus|Iron Defense|p2a: Arceus\n|-boost|p2a: Arceus|def|2\n|move|p1a: Groudon|Precipice Blades|p2a: Arceus\n|-supereffective|p2a: Arceus\n|-damage|p2a: Arceus|56\/100\n|\n|-weather|none\n|-fieldend|move: Electric Terrain\n|upkeep\n|turn|6\n|\n|t:|1698595852\n|move|p2a: Arceus|Body Press|p1a: Groudon\n|-damage|p1a: Groudon|66\/100\n|move|p1a: Groudon|Will-O-Wisp|p2a: Arceus|[miss]\n|-miss|p1a: Groudon|p2a: Arceus\n|\n|-heal|p1a: Groudon|72\/100|[from] item: Leftovers\n|upkeep\n|turn|7\n|\n|t:|1698595861\n|move|p2a: Arceus|Body Press|p1a: Groudon\n|-damage|p1a: Groudon|39\/100\n|move|p1a: Groudon|Will-O-Wisp|p2a: Arceus|[miss]\n|-miss|p1a: Groudon|p2a: Arceus\n|\n|-heal|p1a: Groudon|45\/100|[from] item: Leftovers\n|upkeep\n|turn|8\n|\n|t:|1698595864\n|move|p2a: Arceus|Body Press|p1a: Groudon\n|-crit|p1a: Groudon\n|-damage|p1a: Groudon|0 fnt\n|faint|p1a: Groudon\n|\n|upkeep\n|c|\u2606samuel__jales|wtf\n|n|!samuel__jales|samueljales\n|\n|t:|1698595888\n|switch|p1a: Kyogre|Kyogre|100\/100\n|-weather|RainDance|[from] ability: Drizzle|[of] p1a: Kyogre\n|turn|9\n|\n|t:|1698595900\n|switch|p2a: Miraidon|Miraidon|100\/100\n|-fieldstart|move: Electric Terrain|[from] ability: Hadron Engine|[of] p2a: Miraidon\n|move|p1a: Kyogre|Water Spout|p2a: Miraidon\n|-resisted|p2a: Miraidon\n|-damage|p2a: Miraidon|42\/100\n|\n|-weather|RainDance|[upkeep]\n|upkeep\n|turn|10\n|\n|t:|1698595908\n|move|p1a: Kyogre|Water Spout|p2a: Miraidon\n|-resisted|p2a: Miraidon\n|-damage|p2a: Miraidon|0 fnt\n|faint|p2a: Miraidon\n|\n|-weather|RainDance|[upkeep]\n|upkeep\n|\n|t:|1698595913\n|switch|p2a: Palkia|Palkia|75\/100\n|-damage|p2a: Palkia|63\/100|[from] Stealth Rock\n|-ability|p2a: Palkia|Pressure\n|turn|11\n|\n|t:|1698595920\n|move|p1a: Kyogre|Water Spout|p2a: Palkia\n|-resisted|p2a: Palkia\n|-damage|p2a: Palkia|35\/100\n|move|p2a: Palkia|Scale Shot|p1a: Kyogre\n|-damage|p1a: Kyogre|88\/100\n|-damage|p1a: Kyogre|76\/100\n|-damage|p1a: Kyogre|62\/100\n|-hitcount|p1a: Kyogre|3\n|-unboost|p2a: Palkia|def|1\n|-boost|p2a: Palkia|spe|1\n|\n|-weather|RainDance|[upkeep]\n|-heal|p2a: Palkia|41\/100|[from] item: Leftovers\n|upkeep\n|turn|12\n|\n|t:|1698595933\n|switch|p1a: Arceus|Arceus|100\/100\n|move|p2a: Palkia|Substitute|p2a: Palkia\n|-start|p2a: Palkia|Substitute\n|-damage|p2a: Palkia|16\/100\n|\n|-weather|RainDance|[upkeep]\n|-heal|p2a: Palkia|22\/100|[from] item: Leftovers\n|upkeep\n|turn|13\n|\n|t:|1698595939\n|move|p1a: Arceus|Extreme Speed|p2a: Palkia\n|-crit|p2a: Palkia\n|-end|p2a: Palkia|Substitute\n|move|p2a: Palkia|Liquidation|p1a: Arceus\n|-damage|p1a: Arceus|60\/100\n|\n|-weather|none\n|-heal|p2a: Palkia|28\/100|[from] item: Leftovers\n|-heal|p1a: Arceus|66\/100|[from] item: Leftovers\n|-fieldend|move: Electric Terrain\n|upkeep\n|turn|14\n|\n|t:|1698595946\n|switch|p2a: Zacian|Zacian-Crowned|100\/100\n|-damage|p2a: Zacian|94\/100|[from] Stealth Rock\n|-ability|p2a: Zacian|Intrepid Sword|boost\n|-boost|p2a: Zacian|atk|1\n|move|p1a: Arceus|Extreme Speed|p2a: Zacian\n|-resisted|p2a: Zacian\n|-damage|p2a: Zacian|73\/100\n|\n|-heal|p1a: Arceus|72\/100|[from] item: Leftovers\n|upkeep\n|turn|15\n|\n|t:|1698595965\n|switch|p1a: Kyogre|Kyogre|62\/100\n|-weather|RainDance|[from] ability: Drizzle|[of] p1a: Kyogre\n|move|p2a: Zacian|Behemoth Blade|p1a: Kyogre\n|-resisted|p1a: Kyogre\n|-damage|p1a: Kyogre|16\/100\n|\n|-weather|RainDance|[upkeep]\n|upkeep\n|turn|16\n|\n|t:|1698595984\n|move|p1a: Kyogre|Origin Pulse|p2a: Zacian\n|-damage|p2a: Zacian|0 fnt\n|faint|p2a: Zacian\n|\n|-weather|RainDance|[upkeep]\n|upkeep\n|\n|t:|1698595985\n|switch|p2a: Kyogre|Kyogre|100\/100\n|-damage|p2a: Kyogre|88\/100|[from] Stealth Rock\n|turn|17\n|\n|t:|1698596001\n|move|p1a: Kyogre|Origin Pulse|p2a: Kyogre\n|-resisted|p2a: Kyogre\n|-damage|p2a: Kyogre|50\/100\n|move|p2a: Kyogre|Ice Beam|p1a: Kyogre\n|-resisted|p1a: Kyogre\n|-damage|p1a: Kyogre|2\/100\n|\n|-weather|RainDance|[upkeep]\n|upkeep\n|turn|18\n|\n|t:|1698596008\n|move|p2a: Kyogre|Ice Beam|p1a: Kyogre\n|-resisted|p1a: Kyogre\n|-damage|p1a: Kyogre|0 fnt\n|faint|p1a: Kyogre\n|\n|-weather|RainDance|[upkeep]\n|upkeep\n|\n|t:|1698596019\n|switch|p1a: Koraidon|Koraidon|100\/100\n|-weather|SunnyDay|[from] ability: Orichalcum Pulse|[of] p1a: Koraidon\n|-activate|p1a: Koraidon|Orichalcum Pulse|[source]\n|turn|19\n|\n|t:|1698596026\n|-terastallize|p1a: Koraidon|Fire\n|move|p2a: Kyogre|Ice Beam|p1a: Koraidon\n|-resisted|p1a: Koraidon\n|-damage|p1a: Koraidon|84\/100\n|move|p1a: Koraidon|Swords Dance|p1a: Koraidon\n|-boost|p1a: Koraidon|atk|2\n|\n|-weather|SunnyDay|[upkeep]\n|upkeep\n|turn|20\n|-message|TheXisoverthere forfeited.\n|\n|win|samuel__jales\n|raw|samuel__jales's rating: 1417 &rarr; <strong>1439<\/strong><br \/>(+22 for winning)\n|raw|TheXisoverthere's rating: 1445 &rarr; <strong>1423<\/strong><br \/>(-22 for losing)\n","uploadtime":1698595874,"views":5,"p1id":"samueljales","p2id":"thexisoverthere","formatid":"gen9ubers","rating":1423,"private":0,"password":""}