{"id":"gen9ubers-1972507288","p1":"pkrokune","p2":"Mud103","format":"[Gen 9] Ubers","log":"|j|\u2606pkrokune\n|j|\u2606Mud103\n|t:|1697850760\n|gametype|singles\n|player|p1|pkrokune|backpacker|1105\n|player|p2|Mud103|169|1217\n|teamsize|p1|6\n|teamsize|p2|6\n|gen|9\n|tier|[Gen 9] Ubers\n|rated|\n|rule|Sleep Clause Mod: Limit one foe put to sleep\n|rule|Species Clause: Limit one of each Pok\u00e9mon\n|rule|OHKO Clause: OHKO moves are banned\n|rule|Evasion Items Clause: Evasion items are banned\n|rule|Evasion Moves Clause: Evasion moves are banned\n|rule|Endless Battle Clause: Forcing endless battles is banned\n|rule|HP Percentage Mod: HP is shown in percentages\n|clearpoke\n|poke|p1|Koraidon|\n|poke|p1|Miraidon|\n|poke|p1|Iron Treads|\n|poke|p1|Dondozo, M|\n|poke|p1|Kingambit, M|\n|poke|p1|Eternatus|\n|poke|p2|Froslass, F|\n|poke|p2|Gholdengo|\n|poke|p2|Chien-Pao|\n|poke|p2|Miraidon|\n|poke|p2|Dragonite, M|\n|poke|p2|Flutter Mane|\n|teampreview\n|inactive|Battle timer is ON: inactive players will automatically lose when time's up. (requested by pkrokune)\n|\n|t:|1697850788\n|start\n|switch|p1a: Flo|Miraidon|100\/100\n|switch|p2a: Miraidon|Miraidon|100\/100\n|-fieldstart|move: Electric Terrain|[from] ability: Hadron Engine|[of] p1a: Flo\n|-activate|p2a: Miraidon|ability: Hadron Engine\n|turn|1\n|\n|t:|1697850795\n|switch|p1a: Iron Treads|Iron Treads|100\/100\n|-activate|p1a: Iron Treads|ability: Quark Drive\n|-start|p1a: Iron Treads|quarkdriveatk\n|move|p2a: Miraidon|Agility|p2a: Miraidon\n|-boost|p2a: Miraidon|spe|2\n|\n|upkeep\n|turn|2\n|\n|t:|1697850814\n|move|p2a: Miraidon|Calm Mind|p2a: Miraidon\n|-boost|p2a: Miraidon|spa|1\n|-boost|p2a: Miraidon|spd|1\n|move|p1a: Iron Treads|Earthquake|p2a: Miraidon\n|-supereffective|p2a: Miraidon\n|-damage|p2a: Miraidon|0 fnt\n|faint|p2a: Miraidon\n|\n|upkeep\n|\n|t:|1697850824\n|switch|p2a: Flutter Mane|Flutter Mane|100\/100\n|turn|3\n|\n|t:|1697850837\n|move|p2a: Flutter Mane|Psyshock|p1a: Iron Treads\n|-resisted|p1a: Iron Treads\n|-damage|p1a: Iron Treads|87\/100\n|-damage|p2a: Flutter Mane|91\/100|[from] item: Life Orb\n|move|p1a: Iron Treads|Knock Off|p2a: Flutter Mane\n|-damage|p2a: Flutter Mane|0 fnt\n|-enditem|p2a: Flutter Mane|Life Orb|[from] move: Knock Off|[of] p1a: Iron Treads\n|faint|p2a: Flutter Mane\n|-end|p2a: Flutter Mane|Protosynthesis|[silent]\n|\n|upkeep\n|\n|t:|1697850843\n|switch|p2a: Dragonite|Dragonite, M|100\/100\n|turn|4\n|\n|t:|1697850849\n|move|p2a: Dragonite|Dragon Dance|p2a: Dragonite\n|-boost|p2a: Dragonite|atk|1\n|-boost|p2a: Dragonite|spe|1\n|move|p1a: Iron Treads|Rapid Spin|p2a: Dragonite\n|-damage|p2a: Dragonite|88\/100\n|-boost|p1a: Iron Treads|spe|1\n|\n|upkeep\n|turn|5\n|\n|t:|1697850877\n|-end|p1a: Iron Treads|Quark Drive|[silent]\n|switch|p1a: Mega Wailord|Dondozo, M|100\/100\n|move|p2a: Dragonite|Earthquake|p1a: Mega Wailord\n|-damage|p1a: Mega Wailord|84\/100\n|\n|-heal|p1a: Mega Wailord|90\/100|[from] item: Leftovers\n|-fieldend|move: Electric Terrain\n|upkeep\n|turn|6\n|\n|t:|1697850886\n|move|p2a: Dragonite|Dragon Dance|p2a: Dragonite\n|-boost|p2a: Dragonite|atk|1\n|-boost|p2a: Dragonite|spe|1\n|move|p1a: Mega Wailord|Heavy Slam|p2a: Dragonite\n|-damage|p2a: Dragonite|77\/100\n|\n|-heal|p1a: Mega Wailord|96\/100|[from] item: Leftovers\n|upkeep\n|turn|7\n|inactive|Mud103 has 120 seconds left.\n|inactive|Mud103 has 90 seconds left.\n|inactive|Mud103 has 60 seconds left.\n|\n|t:|1697850977\n|switch|p2a: Gholdengo|Gholdengo|100\/100\n|-item|p2a: Gholdengo|Air Balloon\n|move|p1a: Mega Wailord|Curse|p1a: Mega Wailord\n|-unboost|p1a: Mega Wailord|spe|1\n|-boost|p1a: Mega Wailord|atk|1\n|-boost|p1a: Mega Wailord|def|1\n|\n|-heal|p1a: Mega Wailord|100\/100|[from] item: Leftovers\n|upkeep\n|turn|8\n|inactive|pkrokune has 120 seconds left.\n|\n|t:|1697851036\n|move|p2a: Gholdengo|Nasty Plot|p2a: Gholdengo\n|-boost|p2a: Gholdengo|spa|2\n|move|p1a: Mega Wailord|Liquidation|p2a: Gholdengo\n|-crit|p2a: Gholdengo\n|-damage|p2a: Gholdengo|25\/100\n|-unboost|p2a: Gholdengo|def|1\n|-enditem|p2a: Gholdengo|Air Balloon\n|\n|upkeep\n|turn|9\n|inactive|Mud103 has 60 seconds left.\n|\n|t:|1697851054\n|-terastallize|p2a: Gholdengo|Flying\n|move|p2a: Gholdengo|Shadow Ball|p1a: Mega Wailord\n|-damage|p1a: Mega Wailord|57\/100\n|-unboost|p1a: Mega Wailord|spd|1\n|move|p1a: Mega Wailord|Liquidation|p2a: Gholdengo\n|-damage|p2a: Gholdengo|0 fnt\n|faint|p2a: Gholdengo\n|\n|-heal|p1a: Mega Wailord|63\/100|[from] item: Leftovers\n|upkeep\n|inactive|Mud103 has 30 seconds left.\n|\n|t:|1697851081\n|switch|p2a: Chien-Pao|Chien-Pao|100\/100\n|-ability|p2a: Chien-Pao|Sword of Ruin\n|turn|10\n|inactive|Mud103 has 30 seconds left.\n|\n|t:|1697851096\n|move|p2a: Chien-Pao|Swords Dance|p2a: Chien-Pao\n|-boost|p2a: Chien-Pao|atk|2\n|move|p1a: Mega Wailord|Heavy Slam|p2a: Chien-Pao\n|-supereffective|p2a: Chien-Pao\n|-damage|p2a: Chien-Pao|61\/100\n|\n|-heal|p1a: Mega Wailord|69\/100|[from] item: Leftovers\n|upkeep\n|turn|11\n|inactive|Mud103 has 30 seconds left.\n|inactive|Mud103 has 20 seconds left.\n|inactive|Mud103 has 15 seconds left.\n|inactive|Mud103 has 10 seconds left.\n|inactive|Mud103 has 5 seconds left.\n|\n|t:|1697851131\n|move|p2a: Chien-Pao|Crunch|p1a: Mega Wailord\n|-damage|p1a: Mega Wailord|48\/100\n|-damage|p2a: Chien-Pao|51\/100|[from] item: Life Orb\n|move|p1a: Mega Wailord|Liquidation|p2a: Chien-Pao\n|-damage|p2a: Chien-Pao|0 fnt\n|faint|p2a: Chien-Pao\n|\n|-heal|p1a: Mega Wailord|54\/100|[from] item: Leftovers\n|upkeep\n|inactive|Mud103 has 10 seconds left this turn.\n|\n|t:|1697851135\n|switch|p2a: Dragonite|Dragonite, M|77\/100\n|turn|12\n|inactive|Mud103 has 20 seconds left this turn.\n|-message|Mud103 forfeited.\n|\n|win|pkrokune\n|inactive|Mud103 has 25 seconds left this turn.\n|raw|pkrokune's rating: 1105 &rarr; <strong>1138<\/strong><br \/>(+33 for winning)\n|raw|Mud103's rating: 1217 &rarr; <strong>1184<\/strong><br \/>(-33 for losing)\n|l|\u2606Mud103\n","uploadtime":1697851142,"views":10,"p1id":"pkrokune","p2id":"mud103","formatid":"gen9ubers","rating":1138,"private":0,"password":""}