{"id":"gen9ubers-1999909475","p1":"Lass Starling","p2":"xegrizzy","format":"[Gen 9] Ubers","log":"|j|\u2606Lass Starling\n|j|\u2606xegrizzy\n|t:|1701128930\n|gametype|singles\n|player|p1|Lass Starling|lass-gen4dp|\n|player|p2|xegrizzy|1|\n|teamsize|p1|6\n|teamsize|p2|6\n|gen|9\n|tier|[Gen 9] Ubers\n|rule|Sleep Clause Mod: Limit one foe put to sleep\n|rule|Species Clause: Limit one of each Pok\u00e9mon\n|rule|OHKO Clause: OHKO moves are banned\n|rule|Evasion Items Clause: Evasion items are banned\n|rule|Evasion Moves Clause: Evasion moves are banned\n|rule|Endless Battle Clause: Forcing endless battles is banned\n|rule|HP Percentage Mod: HP is shown in percentages\n|clearpoke\n|poke|p1|Iron Valiant|\n|poke|p1|Ditto|\n|poke|p1|Ninetales-Alola, F|\n|poke|p1|Ting-Lu|\n|poke|p1|Greedent, F|\n|poke|p1|Ogerpon-Hearthflame, F|\n|poke|p2|Iron Moth|\n|poke|p2|Muk, F|\n|poke|p2|Torkoal, M|\n|poke|p2|Clefable, M|\n|poke|p2|Rotom-Wash|\n|poke|p2|Great Tusk|\n|teampreview\n|c|\u2606Lass Starling|ollo\n|j| curtisthecacnea\n|c|\u2606xegrizzy|ello\n|c|\u2606xegrizzy|glhf\n|j| justinrockin\n|j| iceberg149\n|c|\u2606Lass Starling|u2\n|j| The ShaqtusLOL\n|\n|t:|1701128987\n|start\n|switch|p1a: Luisa|Ting-Lu|100\/100\n|switch|p2a: Muk|Muk, F|100\/100\n|-ability|p1a: Luisa|Vessel of Ruin\n|turn|1\n|c| iceberg149|oh no the squirrel\n|\n|t:|1701129004\n|move|p2a: Muk|Toxic|p1a: Luisa\n|-status|p1a: Luisa|tox\n|move|p1a: Luisa|Stealth Rock|p2a: Muk\n|-sidestart|p2: xegrizzy|move: Stealth Rock\n|\n|-damage|p1a: Luisa|94\/100 tox|[from] psn\n|upkeep\n|turn|2\n|\n|t:|1701129013\n|move|p2a: Muk|Drain Punch|p1a: Luisa\n|-supereffective|p1a: Luisa\n|-damage|p1a: Luisa|75\/100 tox\n|move|p1a: Luisa|Spikes|p2a: Muk\n|-sidestart|p2: xegrizzy|Spikes\n|\n|-heal|p1a: Luisa|81\/100 tox|[from] item: Leftovers\n|-damage|p1a: Luisa|69\/100 tox|[from] psn\n|upkeep\n|turn|3\n|j| IshaNn\n|\n|t:|1701129024\n|move|p2a: Muk|Taunt|p1a: Luisa\n|-start|p1a: Luisa|move: Taunt\n|cant|p1a: Luisa|move: Taunt|Spikes\n|\n|-heal|p1a: Luisa|75\/100 tox|[from] item: Leftovers\n|-damage|p1a: Luisa|56\/100 tox|[from] psn\n|upkeep\n|turn|4\n|\n|t:|1701129035\n|move|p2a: Muk|Drain Punch|p1a: Luisa\n|-supereffective|p1a: Luisa\n|-damage|p1a: Luisa|37\/100 tox\n|move|p1a: Luisa|Ruination|p2a: Muk\n|-damage|p2a: Muk|50\/100\n|\n|-heal|p2a: Muk|57\/100|[from] item: Leftovers\n|-heal|p1a: Luisa|43\/100 tox|[from] item: Leftovers\n|-damage|p1a: Luisa|18\/100 tox|[from] psn\n|upkeep\n|turn|5\n|\n|t:|1701129049\n|move|p2a: Muk|Drain Punch|p1a: Luisa\n|-supereffective|p1a: Luisa\n|-damage|p1a: Luisa|0 fnt\n|-heal|p2a: Muk|67\/100|[from] drain|[of] p1a: Luisa\n|faint|p1a: Luisa\n|\n|-heal|p2a: Muk|73\/100|[from] item: Leftovers\n|upkeep\n|j| hatev2\n|\n|t:|1701129104\n|switch|p1a: Shitto|Ditto, shiny|100\/100\n|-transform|p1a: Shitto|p2a: Muk|[from] ability: Imposter\n|turn|6\n|l| hatev2\n|\n|t:|1701129167\n|switch|p1a: Valerie|Iron Valiant, shiny|100\/100\n|move|p2a: Muk|Drain Punch|p1a: Valerie\n|-resisted|p1a: Valerie\n|-damage|p1a: Valerie|89\/100\n|-heal|p2a: Muk|78\/100|[from] drain|[of] p1a: Valerie\n|\n|-heal|p2a: Muk|84\/100|[from] item: Leftovers\n|upkeep\n|turn|7\n|\n|t:|1701129178\n|move|p1a: Valerie|Zen Headbutt|p2a: Muk\n|-supereffective|p2a: Muk\n|-damage|p2a: Muk|35\/100\n|move|p2a: Muk|Poison Jab|p1a: Valerie\n|-supereffective|p1a: Valerie\n|-crit|p1a: Valerie\n|-damage|p1a: Valerie|0 fnt\n|faint|p1a: Valerie\n|-end|p1a: Valerie|Quark Drive|[silent]\n|\n|-heal|p2a: Muk|41\/100|[from] item: Leftovers\n|upkeep\n|\n|t:|1701129217\n|switch|p1a: Emily|Ogerpon-Hearthflame, F|100\/100\n|-ability|p1a: Emily|Mold Breaker\n|turn|8\n|\n|t:|1701129239\n|move|p1a: Emily|Knock Off|p2a: Muk\n|-damage|p2a: Muk|17\/100\n|-enditem|p2a: Muk|Leftovers|[from] move: Knock Off|[of] p1a: Emily\n|move|p2a: Muk|Toxic|p1a: Emily\n|-status|p1a: Emily|tox\n|\n|-damage|p1a: Emily|94\/100 tox|[from] psn\n|upkeep\n|turn|9\n|\n|t:|1701129252\n|move|p1a: Emily|Knock Off|p2a: Muk\n|-damage|p2a: Muk|0 fnt\n|faint|p2a: Muk\n|\n|-damage|p1a: Emily|82\/100 tox|[from] psn\n|upkeep\n|\n|t:|1701129257\n|switch|p2a: Torkoal|Torkoal, M|100\/100\n|-damage|p2a: Torkoal|76\/100|[from] Stealth Rock\n|-damage|p2a: Torkoal|63\/100|[from] Spikes\n|-weather|SunnyDay|[from] ability: Drought|[of] p2a: Torkoal\n|turn|10\n|\n|t:|1701129268\n|move|p1a: Emily|Spikes|p2a: Torkoal\n|-sidestart|p2: xegrizzy|Spikes\n|move|p2a: Torkoal|Rapid Spin|p1a: Emily\n|-damage|p1a: Emily|72\/100 tox\n|-boost|p2a: Torkoal|spe|1\n|-sideend|p2: xegrizzy|Spikes|[from] move: Rapid Spin|[of] p2a: Torkoal\n|-sideend|p2: xegrizzy|Stealth Rock|[from] move: Rapid Spin|[of] p2a: Torkoal\n|\n|-weather|SunnyDay|[upkeep]\n|-heal|p2a: Torkoal|70\/100|[from] item: Leftovers\n|-damage|p1a: Emily|54\/100 tox|[from] psn\n|upkeep\n|turn|11\n|\n|t:|1701129277\n|move|p1a: Emily|U-turn|p2a: Torkoal\n|-resisted|p2a: Torkoal\n|-damage|p2a: Torkoal|63\/100\n|\n|t:|1701129325\n|switch|p1a: RATon Maxima|Greedent, F, shiny|100\/100|[from] U-turn\n|move|p2a: Torkoal|Sludge Bomb|p1a: RATon Maxima\n|-damage|p1a: RATon Maxima|83\/100\n|\n|-weather|SunnyDay|[upkeep]\n|-heal|p2a: Torkoal|69\/100|[from] item: Leftovers\n|upkeep\n|turn|12\n|\n|t:|1701129360\n|move|p2a: Torkoal|Yawn|p1a: RATon Maxima\n|-start|p1a: RATon Maxima|move: Yawn|[of] p2a: Torkoal\n|move|p1a: RATon Maxima|Swords Dance|p1a: RATon Maxima\n|-boost|p1a: RATon Maxima|atk|2\n|\n|-weather|SunnyDay|[upkeep]\n|-heal|p2a: Torkoal|75\/100|[from] item: Leftovers\n|upkeep\n|turn|13\n|\n|t:|1701129370\n|switch|p1a: Shitto|Ditto, shiny|100\/100\n|-transform|p1a: Shitto|p2a: Torkoal|[from] ability: Imposter\n|move|p2a: Torkoal|Stealth Rock|p1a: Shitto\n|-sidestart|p1: Lass Starling|move: Stealth Rock\n|\n|-weather|SunnyDay|[upkeep]\n|-heal|p2a: Torkoal|81\/100|[from] item: Leftovers\n|upkeep\n|turn|14\n|\n|t:|1701129394\n|move|p1a: Shitto|Sludge Bomb|p2a: Torkoal\n|-crit|p2a: Torkoal\n|-damage|p2a: Torkoal|52\/100\n|move|p2a: Torkoal|Sludge Bomb|p1a: Shitto\n|-damage|p1a: Shitto|73\/100\n|\n|-weather|none\n|-heal|p2a: Torkoal|58\/100|[from] item: Leftovers\n|upkeep\n|turn|15\n|\n|t:|1701129408\n|switch|p2a: Iron Moth|Iron Moth|100\/100\n|-enditem|p2a: Iron Moth|Booster Energy\n|-activate|p2a: Iron Moth|ability: Quark Drive|[fromitem]\n|-start|p2a: Iron Moth|quarkdrivespe\n|move|p1a: Shitto|Sludge Bomb|p2a: Iron Moth\n|-resisted|p2a: Iron Moth\n|-damage|p2a: Iron Moth|93\/100\n|\n|upkeep\n|turn|16\n|j| DivogoJota\n|\n|t:|1701129422\n|switch|p1a: RATon Maxima|Greedent, F, shiny|83\/100\n|-damage|p1a: RATon Maxima|71\/100|[from] Stealth Rock\n|move|p2a: Iron Moth|Substitute|p2a: Iron Moth\n|-start|p2a: Iron Moth|Substitute\n|-damage|p2a: Iron Moth|68\/100\n|\n|upkeep\n|turn|17\n|\n|t:|1701129451\n|move|p2a: Iron Moth|Fiery Dance|p1a: RATon Maxima\n|-damage|p1a: RATon Maxima|33\/100\n|-enditem|p1a: RATon Maxima|Sitrus Berry|[eat]\n|-heal|p1a: RATon Maxima|58\/100|[from] item: Sitrus Berry\n|-heal|p1a: RATon Maxima|92\/100|[from] ability: Cheek Pouch\n|move|p1a: RATon Maxima|Body Slam|p2a: Iron Moth\n|-end|p2a: Iron Moth|Substitute\n|\n|upkeep\n|turn|18\n|\n|t:|1701129464\n|-end|p2a: Iron Moth|Quark Drive|[silent]\n|switch|p2a: Great Tusk|Great Tusk|100\/100\n|move|p1a: RATon Maxima|Body Slam|p2a: Great Tusk\n|-damage|p2a: Great Tusk|75\/100\n|\n|upkeep\n|turn|19\n|\n|t:|1701129480\n|-terastallize|p1a: RATon Maxima|Fairy\n|move|p2a: Great Tusk|Knock Off|p1a: RATon Maxima\n|-resisted|p1a: RATon Maxima\n|-damage|p1a: RATon Maxima|84\/100\n|move|p1a: RATon Maxima|Tera Blast|p2a: Great Tusk|[anim] Tera Blast Fairy\n|-supereffective|p2a: Great Tusk\n|-damage|p2a: Great Tusk|26\/100\n|\n|upkeep\n|turn|20\n|\n|t:|1701129500\n|-end|p2a: Great Tusk|Protosynthesis|[silent]\n|switch|p2a: Clefable|Clefable, M|100\/100\n|move|p1a: RATon Maxima|Body Slam|p2a: Clefable\n|-damage|p2a: Clefable|69\/100\n|\n|-heal|p2a: Clefable|75\/100|[from] item: Leftovers\n|upkeep\n|turn|21\n|\n|t:|1701129527\n|move|p2a: Clefable|Wish|p2a: Clefable\n|move|p1a: RATon Maxima|Swords Dance|p1a: RATon Maxima\n|-boost|p1a: RATon Maxima|atk|2\n|\n|-heal|p2a: Clefable|81\/100|[from] item: Leftovers\n|upkeep\n|turn|22\n|\n|t:|1701129549\n|switch|p2a: Torkoal|Torkoal, M|58\/100\n|-weather|SunnyDay|[from] ability: Drought|[of] p2a: Torkoal\n|move|p1a: RATon Maxima|Swords Dance|p1a: RATon Maxima\n|-boost|p1a: RATon Maxima|atk|2\n|\n|-weather|SunnyDay|[upkeep]\n|-heal|p2a: Torkoal|100\/100|[from] move: Wish|[wisher] Clefable\n|upkeep\n|turn|23\n|\n|t:|1701129566\n|move|p1a: RATon Maxima|Body Slam|p2a: Torkoal\n|-damage|p2a: Torkoal|26\/100\n|move|p2a: Torkoal|Sludge Bomb|p1a: RATon Maxima\n|-supereffective|p1a: RATon Maxima\n|-damage|p1a: RATon Maxima|49\/100\n|\n|-weather|SunnyDay|[upkeep]\n|-heal|p2a: Torkoal|32\/100|[from] item: Leftovers\n|upkeep\n|turn|24\n|\n|t:|1701129573\n|move|p2a: Torkoal|Sludge Bomb|p1a: RATon Maxima\n|-supereffective|p1a: RATon Maxima\n|-damage|p1a: RATon Maxima|14\/100\n|move|p1a: RATon Maxima|Body Slam|p2a: Torkoal\n|-damage|p2a: Torkoal|0 fnt\n|faint|p2a: Torkoal\n|\n|-weather|SunnyDay|[upkeep]\n|upkeep\n|\n|t:|1701129581\n|switch|p2a: Iron Moth|Iron Moth|68\/100\n|turn|25\n|\n|t:|1701129588\n|move|p2a: Iron Moth|Fiery Dance|p1a: RATon Maxima\n|-damage|p1a: RATon Maxima|0 fnt\n|faint|p1a: RATon Maxima\n|\n|-weather|SunnyDay|[upkeep]\n|upkeep\n|c|\u2606xegrizzy|thank god the thicc boi is dead\n|j| hatev2\n|\n|t:|1701129619\n|switch|p1a: Aurora|Ninetales-Alola, F, shiny|100\/100\n|-damage|p1a: Aurora|76\/100|[from] Stealth Rock\n|turn|26\n|\n|t:|1701129626\n|move|p2a: Iron Moth|Sludge Wave|p1a: Aurora\n|-supereffective|p1a: Aurora\n|-damage|p1a: Aurora|0 fnt\n|faint|p1a: Aurora\n|\n|-weather|none\n|upkeep\n|\n|t:|1701129631\n|switch|p1a: Shitto|Ditto, shiny|73\/100\n|-damage|p1a: Shitto|60\/100|[from] Stealth Rock\n|-transform|p1a: Shitto|p2a: Iron Moth|[from] ability: Imposter\n|turn|27\n|l| hatev2\n|\n|t:|1701129682\n|move|p1a: Shitto|Sludge Wave|p2a: Iron Moth\n|-resisted|p2a: Iron Moth\n|-damage|p2a: Iron Moth|45\/100\n|move|p2a: Iron Moth|Fiery Dance|p1a: Shitto\n|-resisted|p1a: Shitto\n|-damage|p1a: Shitto|36\/100\n|\n|upkeep\n|turn|28\n|\n|t:|1701129689\n|move|p1a: Shitto|Sludge Wave|p2a: Iron Moth\n|-resisted|p2a: Iron Moth\n|-damage|p2a: Iron Moth|22\/100\n|move|p2a: Iron Moth|Fiery Dance|p1a: Shitto\n|-resisted|p1a: Shitto\n|-damage|p1a: Shitto|10\/100\n|-boost|p2a: Iron Moth|spa|1\n|\n|upkeep\n|turn|29\n|\n|t:|1701129709\n|move|p1a: Shitto|Sludge Wave|p2a: Iron Moth\n|-resisted|p2a: Iron Moth\n|-damage|p2a: Iron Moth|0 fnt\n|faint|p2a: Iron Moth\n|-end|p2a: Iron Moth|Quark Drive|[silent]\n|\n|upkeep\n|\n|t:|1701129714\n|switch|p2a: Rotom|Rotom-Wash|100\/100\n|turn|30\n|\n|t:|1701129727\n|move|p1a: Shitto|Sludge Wave|p2a: Rotom\n|-damage|p2a: Rotom|52\/100\n|move|p2a: Rotom|Volt Switch|p1a: Shitto\n|-damage|p1a: Shitto|0 fnt\n|faint|p1a: Shitto\n|-end|p1a: Shitto|Quark Drive|[silent]\n|\n|t:|1701129735\n|switch|p2a: Clefable|Clefable, M|81\/100|[from] Volt Switch\n|\n|-heal|p2a: Clefable|87\/100|[from] item: Leftovers\n|upkeep\n|\n|t:|1701129739\n|switch|p1a: Emily|Ogerpon-Hearthflame, F|54\/100 tox\n|-damage|p1a: Emily|29\/100 tox|[from] Stealth Rock\n|-ability|p1a: Emily|Mold Breaker\n|turn|31\n|\n|t:|1701129749\n|move|p1a: Emily|Spikes|p2a: Clefable\n|-sidestart|p2: xegrizzy|Spikes\n|move|p2a: Clefable|Moonblast|p1a: Emily\n|-resisted|p1a: Emily\n|-damage|p1a: Emily|14\/100 tox\n|\n|-heal|p2a: Clefable|93\/100|[from] item: Leftovers\n|-damage|p1a: Emily|8\/100 tox|[from] psn\n|upkeep\n|turn|32\n|c|\u2606xegrizzy|gg\n|\n|t:|1701129757\n|move|p1a: Emily|Spikes|p2a: Clefable\n|-sidestart|p2: xegrizzy|Spikes\n|move|p2a: Clefable|Moonblast|p1a: Emily\n|-resisted|p1a: Emily\n|-damage|p1a: Emily|0 fnt\n|faint|p1a: Emily\n|\n|win|xegrizzy\n|c| DivogoJota|gg\n|c|\u2606Lass Starling|gg\n|c| DivogoJota|Rat went ham\n|c|\u2606xegrizzy|fun season thanks for battle\n|l| justinrockin\n|c|\u2606xegrizzy|rat was insane i thought i lost to it\n|l|\u2606Lass Starling\n|c|\u2606xegrizzy|no eq?\n|j|\u2606Lass Starling\n|player|p1|Lass Starling|lass-gen4dp\n|c| DivogoJota|no eq on it I think\n|l|\u2606Lass Starling\n|player|p1|\n","uploadtime":1701129796,"views":19,"p1id":"lassstarling","p2id":"xegrizzy","formatid":"gen9ubers","rating":0,"private":0,"password":""}