{"id":"gen9ubers-1983627967","p1":"Nyamonya","p2":"Wha1efish","format":"[Gen 9] Ubers","log":"|j|\u2606Nyamonya\n|j|\u2606Wha1efish\n|t:|1699151223\n|gametype|singles\n|player|p1|Nyamonya|leon-masters|\n|player|p2|Wha1efish|cynthia-gen4|\n|teamsize|p1|6\n|teamsize|p2|6\n|gen|9\n|tier|[Gen 9] Ubers\n|rule|Sleep Clause Mod: Limit one foe put to sleep\n|rule|Species Clause: Limit one of each Pok\u00e9mon\n|rule|OHKO Clause: OHKO moves are banned\n|rule|Evasion Items Clause: Evasion items are banned\n|rule|Evasion Moves Clause: Evasion moves are banned\n|rule|Endless Battle Clause: Forcing endless battles is banned\n|rule|HP Percentage Mod: HP is shown in percentages\n|clearpoke\n|poke|p1|Clefable, M|\n|poke|p1|Tornadus-Therian, M|\n|poke|p1|Jolteon, M|\n|poke|p1|Infernape, M|\n|poke|p1|Palossand, M|\n|poke|p1|Bronzong|\n|poke|p2|Annihilape, M|\n|poke|p2|Hydreigon, M|\n|poke|p2|Jirachi|\n|poke|p2|Weezing-Galar, F|\n|poke|p2|Thundurus, M|\n|poke|p2|Gastrodon, M|\n|teampreview\n|inactive|Battle timer is ON: inactive players will automatically lose when time's up. (requested by Nyamonya)\n|inactive|Wha1efish has 270 seconds left.\n|\n|t:|1699151256\n|start\n|switch|p1a: Infernape|Infernape, M|100\/100\n|switch|p2a: Gastrodon|Gastrodon, M|100\/100\n|turn|1\n|\n|t:|1699151266\n|move|p1a: Infernape|Taunt|p2a: Gastrodon\n|-start|p2a: Gastrodon|move: Taunt\n|cant|p2a: Gastrodon|move: Taunt|Stealth Rock\n|\n|upkeep\n|turn|2\n|\n|t:|1699151270\n|move|p1a: Infernape|Stealth Rock|p2a: Gastrodon\n|-sidestart|p2: Wha1efish|move: Stealth Rock\n|move|p2a: Gastrodon|Earth Power|p1a: Infernape\n|-supereffective|p1a: Infernape\n|-damage|p1a: Infernape|12\/100\n|\n|upkeep\n|turn|3\n|\n|t:|1699151291\n|switch|p1a: Bronzong|Bronzong|100\/100\n|switch|p2a: Weezing|Weezing-Galar, F|100\/100\n|-damage|p2a: Weezing|88\/100|[from] Stealth Rock\n|\n|-heal|p2a: Weezing|94\/100|[from] item: Black Sludge\n|upkeep\n|turn|4\n|\n|t:|1699151306\n|move|p2a: Weezing|Will-O-Wisp|p1a: Bronzong\n|-status|p1a: Bronzong|brn\n|move|p1a: Bronzong|Heavy Slam|p2a: Weezing\n|-supereffective|p2a: Weezing\n|-crit|p2a: Weezing\n|-damage|p2a: Weezing|57\/100\n|\n|-heal|p2a: Weezing|63\/100|[from] item: Black Sludge\n|-damage|p1a: Bronzong|94\/100 brn|[from] brn\n|upkeep\n|turn|5\n|inactive|Nyamonya has 270 seconds left.\n|\n|t:|1699151334\n|switch|p1a: Infernape|Infernape, M|12\/100\n|move|p2a: Weezing|Defog|p1a: Infernape\n|-unboost|p1a: Infernape|evasion|1\n|-sideend|p2: Wha1efish|Stealth Rock|[from] move: Defog|[of] p2a: Weezing\n|\n|-heal|p2a: Weezing|69\/100|[from] item: Black Sludge\n|upkeep\n|turn|6\n|\n|t:|1699151351\n|move|p1a: Infernape|Overheat|p2a: Weezing\n|-damage|p2a: Weezing|0 fnt\n|-unboost|p1a: Infernape|spa|2\n|faint|p2a: Weezing\n|\n|upkeep\n|\n|t:|1699151364\n|switch|p2a: Jirachi|Jirachi|100\/100\n|turn|7\n|inactive|Nyamonya has 270 seconds left.\n|\n|t:|1699151374\n|switch|p1a: Bronzong|Bronzong|94\/100 brn\n|move|p2a: Jirachi|U-turn|p1a: Bronzong\n|-damage|p1a: Bronzong|80\/100 brn\n|\n|t:|1699151382\n|switch|p2a: Hydreigon|Hydreigon, M|100\/100|[from] U-turn\n|\n|-heal|p1a: Bronzong|86\/100 brn|[from] item: Leftovers\n|-damage|p1a: Bronzong|80\/100 brn|[from] brn\n|upkeep\n|turn|8\n|\n|t:|1699151391\n|move|p2a: Hydreigon|U-turn|p1a: Bronzong\n|-damage|p1a: Bronzong|70\/100 brn\n|\n|t:|1699151395\n|switch|p2a: Annihilape|Annihilape, M|100\/100|[from] U-turn\n|move|p1a: Bronzong|Light Screen|p1a: Bronzong\n|-sidestart|p1: Nyamonya|move: Light Screen\n|\n|-heal|p1a: Bronzong|76\/100 brn|[from] item: Leftovers\n|-damage|p1a: Bronzong|70\/100 brn|[from] brn\n|upkeep\n|turn|9\n|\n|t:|1699151412\n|move|p2a: Annihilape|Bulk Up|p2a: Annihilape\n|-boost|p2a: Annihilape|atk|1\n|-boost|p2a: Annihilape|def|1\n|move|p1a: Bronzong|Reflect|p1a: Bronzong\n|-sidestart|p1: Nyamonya|Reflect\n|\n|-heal|p1a: Bronzong|76\/100 brn|[from] item: Leftovers\n|-damage|p1a: Bronzong|70\/100 brn|[from] brn\n|upkeep\n|turn|10\n|\n|t:|1699151424\n|switch|p1a: Palossand|Palossand, M|100\/100\n|move|p2a: Annihilape|Bulk Up|p2a: Annihilape\n|-boost|p2a: Annihilape|atk|1\n|-boost|p2a: Annihilape|def|1\n|\n|upkeep\n|turn|11\n|\n|t:|1699151438\n|move|p2a: Annihilape|Rage Fist|p1a: Palossand\n|-supereffective|p1a: Palossand\n|-crit|p1a: Palossand\n|-damage|p1a: Palossand|0 fnt\n|faint|p1a: Palossand\n|\n|upkeep\n|inactive|Nyamonya has 270 seconds left.\n|\n|t:|1699151468\n|switch|p1a: Infernape|Infernape, M|12\/100\n|turn|12\n|\n|t:|1699151471\n|move|p1a: Infernape|Overheat|p2a: Annihilape\n|-damage|p2a: Annihilape|46\/100\n|-unboost|p1a: Infernape|spa|2\n|move|p2a: Annihilape|Drain Punch|p1a: Infernape\n|-damage|p1a: Infernape|0 fnt\n|-heal|p2a: Annihilape|50\/100|[from] drain|[of] p1a: Infernape\n|faint|p1a: Infernape\n|\n|-sideend|p1: Nyamonya|move: Light Screen\n|upkeep\n|\n|t:|1699151476\n|switch|p1a: Clefable|Clefable, M|100\/100\n|turn|13\n|\n|t:|1699151483\n|move|p2a: Annihilape|Rest|p2a: Annihilape\n|-status|p2a: Annihilape|slp|[from] move: Rest\n|-heal|p2a: Annihilape|100\/100 slp|[silent]\n|-enditem|p2a: Annihilape|Chesto Berry|[eat]\n|-curestatus|p2a: Annihilape|slp|[msg]\n|move|p1a: Clefable|Moonlight|p1a: Clefable\n|-fail|p1a: Clefable|heal\n|\n|-sideend|p1: Nyamonya|Reflect\n|upkeep\n|turn|14\n|\n|t:|1699151505\n|move|p2a: Annihilape|Rage Fist|p1a: Clefable\n|-damage|p1a: Clefable|8\/100\n|move|p1a: Clefable|Moonblast|p2a: Annihilape\n|-supereffective|p2a: Annihilape\n|-damage|p2a: Annihilape|32\/100\n|-unboost|p2a: Annihilape|spa|1\n|-ability|p2a: Annihilape|Defiant|boost\n|-boost|p2a: Annihilape|atk|2\n|\n|upkeep\n|turn|15\n|\n|t:|1699151517\n|move|p2a: Annihilape|Rage Fist|p1a: Clefable\n|-damage|p1a: Clefable|0 fnt\n|faint|p1a: Clefable\n|\n|upkeep\n|\n|t:|1699151519\n|switch|p1a: Tornadus|Tornadus-Therian, M|100\/100\n|turn|16\n|\n|t:|1699151527\n|move|p1a: Tornadus|Bleakwind Storm|p2a: Annihilape|[miss]\n|-miss|p1a: Tornadus|p2a: Annihilape\n|move|p2a: Annihilape|Rage Fist|p1a: Tornadus\n|-damage|p1a: Tornadus|0 fnt\n|faint|p1a: Tornadus\n|\n|upkeep\n|\n|t:|1699151532\n|switch|p1a: Jolteon|Jolteon, M|100\/100\n|turn|17\n|\n|t:|1699151541\n|move|p1a: Jolteon|Volt Switch|p2a: Annihilape\n|-damage|p2a: Annihilape|11\/100\n|\n|t:|1699151543\n|switch|p1a: Bronzong|Bronzong|70\/100 brn|[from] Volt Switch\n|move|p2a: Annihilape|Rage Fist|p1a: Bronzong\n|-supereffective|p1a: Bronzong\n|-damage|p1a: Bronzong|0 fnt\n|faint|p1a: Bronzong\n|\n|upkeep\n|\n|t:|1699151546\n|switch|p1a: Jolteon|Jolteon, M|100\/100\n|turn|18\n|\n|t:|1699151552\n|-terastallize|p1a: Jolteon|Ice\n|move|p1a: Jolteon|Tera Blast|p2a: Annihilape|[anim] Tera Blast Ice\n|-damage|p2a: Annihilape|0 fnt\n|faint|p2a: Annihilape\n|\n|upkeep\n|\n|t:|1699151557\n|switch|p2a: Gastrodon|Gastrodon, M|100\/100\n|turn|19\n|\n|t:|1699151559\n|move|p1a: Jolteon|Tera Blast|p2a: Gastrodon|[anim] Tera Blast Ice\n|-damage|p2a: Gastrodon|73\/100\n|move|p2a: Gastrodon|Sludge Bomb|p1a: Jolteon\n|-damage|p1a: Jolteon|74\/100\n|\n|-heal|p2a: Gastrodon|79\/100|[from] item: Leftovers\n|upkeep\n|turn|20\n|\n|t:|1699151570\n|move|p1a: Jolteon|Tera Blast|p2a: Gastrodon|[anim] Tera Blast Ice\n|-damage|p2a: Gastrodon|53\/100\n|move|p2a: Gastrodon|Sludge Bomb|p1a: Jolteon\n|-damage|p1a: Jolteon|47\/100\n|-status|p1a: Jolteon|psn\n|\n|-heal|p2a: Gastrodon|59\/100|[from] item: Leftovers\n|-damage|p1a: Jolteon|35\/100 psn|[from] psn\n|upkeep\n|turn|21\n|\n|t:|1699151573\n|move|p1a: Jolteon|Tera Blast|p2a: Gastrodon|[anim] Tera Blast Ice\n|-damage|p2a: Gastrodon|31\/100\n|move|p2a: Gastrodon|Sludge Bomb|p1a: Jolteon\n|-damage|p1a: Jolteon|10\/100 psn\n|\n|-heal|p2a: Gastrodon|37\/100|[from] item: Leftovers\n|-damage|p1a: Jolteon|0 fnt|[from] psn\n|faint|p1a: Jolteon\n|\n|win|Wha1efish\n|upkeep\n|l|\u2606Wha1efish\n|l|\u2606Nyamonya\n|j|\u2606Nyamonya\n|player|p1|Nyamonya|leon-masters\n","uploadtime":1699151637,"views":9,"p1id":"nyamonya","p2id":"wha1efish","formatid":"gen9ubers","rating":0,"private":0,"password":""}