{"id":"gen9ubers-1985579340","p1":"sub to chompy","p2":"slainey","format":"[Gen 9] Ubers","log":"|j|\u2606sub to chompy\n|j|\u2606slainey\n|t:|1699386218\n|gametype|singles\n|player|p1|sub to chompy|1|\n|player|p2|slainey|morty-masters2|\n|teamsize|p1|5\n|teamsize|p2|1\n|gen|9\n|tier|[Gen 9] Ubers\n|rule|Sleep Clause Mod: Limit one foe put to sleep\n|rule|Species Clause: Limit one of each Pok\u00e9mon\n|rule|OHKO Clause: OHKO moves are banned\n|rule|Evasion Items Clause: Evasion items are banned\n|rule|Evasion Moves Clause: Evasion moves are banned\n|rule|Endless Battle Clause: Forcing endless battles is banned\n|rule|HP Percentage Mod: HP is shown in percentages\n|clearpoke\n|poke|p1|Dragapult, F|\n|poke|p1|Palkia-Origin|\n|poke|p1|Magearna|\n|poke|p1|Dialga|\n|poke|p1|Gholdengo|\n|poke|p2|Shaymin-Sky|\n|teampreview\n|\n|t:|1699386231\n|start\n|switch|p1a: Magearna|Magearna|100\/100\n|switch|p2a: Shaymin|Shaymin-Sky|100\/100\n|turn|1\n|\n|t:|1699386242\n|switch|p1a: Gholdengo|Gholdengo|100\/100\n|move|p2a: Shaymin|Seed Flare|p1a: Gholdengo\n|-resisted|p1a: Gholdengo\n|-damage|p1a: Gholdengo|58\/100\n|-unboost|p1a: Gholdengo|spd|2\n|-damage|p2a: Shaymin|91\/100|[from] item: Life Orb\n|\n|upkeep\n|turn|2\n|\n|t:|1699386252\n|move|p2a: Shaymin|Earth Power|p1a: Gholdengo\n|-supereffective|p1a: Gholdengo\n|-damage|p1a: Gholdengo|0 fnt\n|faint|p1a: Gholdengo\n|-damage|p2a: Shaymin|81\/100|[from] item: Life Orb\n|\n|upkeep\n|\n|t:|1699386260\n|switch|p1a: Palkia|Palkia-Origin|100\/100\n|-ability|p1a: Palkia|Pressure\n|turn|3\n|\n|t:|1699386265\n|move|p1a: Palkia|Protect|p1a: Palkia\n|-singleturn|p1a: Palkia|Protect\n|move|p2a: Shaymin|Air Slash|p1a: Palkia\n|-activate|p1a: Palkia|move: Protect\n|\n|upkeep\n|turn|4\n|\n|t:|1699386269\n|move|p1a: Palkia|Protect|p1a: Palkia\n|-singleturn|p1a: Palkia|Protect\n|move|p2a: Shaymin|Air Slash|p1a: Palkia\n|-activate|p1a: Palkia|move: Protect\n|\n|upkeep\n|turn|5\n|\n|t:|1699386274\n|move|p1a: Palkia|Protect||[still]\n|-fail|p1a: Palkia\n|move|p2a: Shaymin|Air Slash|p1a: Palkia\n|-damage|p1a: Palkia|55\/100\n|-damage|p2a: Shaymin|71\/100|[from] item: Life Orb\n|\n|upkeep\n|turn|6\n|\n|t:|1699386285\n|move|p2a: Shaymin|Air Slash|p1a: Palkia\n|-damage|p1a: Palkia|8\/100\n|-damage|p2a: Shaymin|61\/100|[from] item: Life Orb\n|cant|p1a: Palkia|flinch\n|\n|upkeep\n|turn|7\n|\n|t:|1699386294\n|move|p2a: Shaymin|Air Slash|p1a: Palkia\n|-damage|p1a: Palkia|0 fnt\n|faint|p1a: Palkia\n|-damage|p2a: Shaymin|51\/100|[from] item: Life Orb\n|\n|upkeep\n|\n|t:|1699386301\n|switch|p1a: Dialga|Dialga|100\/100\n|-ability|p1a: Dialga|Pressure\n|turn|8\n|\n|t:|1699386308\n|move|p1a: Dialga|Protect|p1a: Dialga\n|-singleturn|p1a: Dialga|Protect\n|move|p2a: Shaymin|Earth Power|p1a: Dialga\n|-activate|p1a: Dialga|move: Protect\n|\n|upkeep\n|turn|9\n|\n|t:|1699386317\n|move|p1a: Dialga|Protect|p1a: Dialga\n|-singleturn|p1a: Dialga|Protect\n|move|p2a: Shaymin|Earth Power|p1a: Dialga\n|-activate|p1a: Dialga|move: Protect\n|\n|upkeep\n|turn|10\n|\n|t:|1699386322\n|move|p1a: Dialga|Protect||[still]\n|-fail|p1a: Dialga\n|move|p2a: Shaymin|Earth Power|p1a: Dialga\n|-supereffective|p1a: Dialga\n|-damage|p1a: Dialga|18\/100\n|-unboost|p1a: Dialga|spd|1\n|-damage|p2a: Shaymin|41\/100|[from] item: Life Orb\n|\n|upkeep\n|turn|11\n|\n|t:|1699386330\n|move|p2a: Shaymin|Earth Power|p1a: Dialga\n|-supereffective|p1a: Dialga\n|-damage|p1a: Dialga|0 fnt\n|faint|p1a: Dialga\n|-damage|p2a: Shaymin|31\/100|[from] item: Life Orb\n|\n|upkeep\n|\n|t:|1699386333\n|switch|p1a: Magearna|Magearna|100\/100\n|turn|12\n|\n|t:|1699386371\n|move|p2a: Shaymin|Seed Flare|p1a: Magearna\n|-resisted|p1a: Magearna\n|-damage|p1a: Magearna|67\/100\n|-unboost|p1a: Magearna|spd|2\n|-damage|p2a: Shaymin|21\/100|[from] item: Life Orb\n|move|p1a: Magearna|Calm Mind|p1a: Magearna\n|-boost|p1a: Magearna|spa|1\n|-boost|p1a: Magearna|spd|1\n|\n|-heal|p1a: Magearna|73\/100|[from] item: Leftovers\n|upkeep\n|turn|13\n|\n|t:|1699386380\n|move|p2a: Shaymin|Earth Power|p1a: Magearna\n|-supereffective|p1a: Magearna\n|-damage|p1a: Magearna|0 fnt\n|faint|p1a: Magearna\n|-damage|p2a: Shaymin|11\/100|[from] item: Life Orb\n|\n|upkeep\n|\n|t:|1699386386\n|switch|p1a: Dragapult|Dragapult, F|100\/100\n|turn|14\n|\n|t:|1699386392\n|move|p1a: Dragapult|Draco Meteor|p2a: Shaymin\n|-damage|p2a: Shaymin|0 fnt\n|-unboost|p1a: Dragapult|spa|2\n|faint|p2a: Shaymin\n|\n|win|sub to chompy\n","uploadtime":1699386395,"views":11,"p1id":"subtochompy","p2id":"slainey","formatid":"gen9ubers","rating":0,"private":0,"password":""}