{"id":"gen9ubers-1978323130","p1":"abieloto","p2":"NewHoovybeast05","format":"[Gen 9] Ubers","log":"|j|\u2606abieloto\n|j|\u2606NewHoovybeast05\n|t:|1698525063\n|gametype|singles\n|player|p1|abieloto|169|\n|player|p2|NewHoovybeast05|palmer|\n|teamsize|p1|6\n|teamsize|p2|6\n|gen|9\n|tier|[Gen 9] Ubers\n|rule|Sleep Clause Mod: Limit one foe put to sleep\n|rule|Species Clause: Limit one of each Pok\u00e9mon\n|rule|OHKO Clause: OHKO moves are banned\n|rule|Evasion Items Clause: Evasion items are banned\n|rule|Evasion Moves Clause: Evasion moves are banned\n|rule|Endless Battle Clause: Forcing endless battles is banned\n|rule|HP Percentage Mod: HP is shown in percentages\n|clearpoke\n|poke|p1|Basculegion-F, F|\n|poke|p1|Urshifu-*, F|\n|poke|p1|Giratina|\n|poke|p1|Volcarona, M|\n|poke|p1|Magearna|\n|poke|p1|Pelipper, M|\n|poke|p2|Volcarona, M|\n|poke|p2|Roaring Moon|\n|poke|p2|Urshifu-*, F|\n|poke|p2|Ninetales-Alola, F|\n|poke|p2|Masquerain, M|\n|poke|p2|Gholdengo|\n|teampreview\n|c|\u2606NewHoovybeast05|glhf\n|c|\u2606abieloto|u2\n|\n|t:|1698525123\n|start\n|switch|p1a: Giratina|Giratina|100\/100\n|switch|p2a: Masquerain|Masquerain, M|100\/100\n|-ability|p2a: Masquerain|Intimidate|boost\n|-unboost|p1a: Giratina|atk|1\n|-ability|p1a: Giratina|Pressure\n|turn|1\n|\n|t:|1698525131\n|move|p2a: Masquerain|Whirlwind|p1a: Giratina\n|drag|p1a: Basculegion|Basculegion-F, F|100\/100\n|\n|upkeep\n|turn|2\n|\n|t:|1698525146\n|move|p2a: Masquerain|Sticky Web|p1a: Basculegion\n|-sidestart|p1: abieloto|move: Sticky Web\n|move|p1a: Basculegion|Flip Turn|p2a: Masquerain\n|-damage|p2a: Masquerain|38\/100\n|\n|t:|1698525152\n|switch|p1a: Giratina|Giratina|100\/100|[from] Flip Turn\n|-ability|p1a: Giratina|Pressure\n|\n|upkeep\n|turn|3\n|\n|t:|1698525158\n|move|p2a: Masquerain|Air Slash|p1a: Giratina\n|-damage|p1a: Giratina|86\/100\n|cant|p1a: Giratina|flinch\n|\n|upkeep\n|turn|4\n|\n|t:|1698525163\n|move|p2a: Masquerain|Air Slash|p1a: Giratina\n|-damage|p1a: Giratina|73\/100\n|cant|p1a: Giratina|flinch\n|\n|upkeep\n|turn|5\n|\n|t:|1698525167\n|move|p2a: Masquerain|Air Slash|p1a: Giratina\n|-damage|p1a: Giratina|59\/100\n|move|p1a: Giratina|Defog|p2a: Masquerain\n|-unboost|p2a: Masquerain|evasion|1\n|-sideend|p1: abieloto|Sticky Web|[from] move: Defog|[of] p1a: Giratina\n|\n|upkeep\n|turn|6\n|\n|t:|1698525173\n|move|p2a: Masquerain|Sticky Web|p1a: Giratina\n|-sidestart|p1: abieloto|move: Sticky Web\n|move|p1a: Giratina|Hex|p2a: Masquerain\n|-damage|p2a: Masquerain|7\/100\n|\n|upkeep\n|turn|7\n|\n|t:|1698525180\n|move|p2a: Masquerain|Air Slash|p1a: Giratina\n|-damage|p1a: Giratina|45\/100\n|cant|p1a: Giratina|flinch\n|\n|upkeep\n|turn|8\n|\n|t:|1698525199\n|move|p2a: Masquerain|Air Slash|p1a: Giratina\n|-damage|p1a: Giratina|31\/100\n|move|p1a: Giratina|Defog|p2a: Masquerain\n|-unboost|p2a: Masquerain|evasion|1\n|-sideend|p1: abieloto|Sticky Web|[from] move: Defog|[of] p1a: Giratina\n|\n|upkeep\n|turn|9\n|\n|t:|1698525205\n|switch|p1a: Magearna|Magearna|100\/100\n|move|p2a: Masquerain|Sticky Web|p1a: Magearna\n|-sidestart|p1: abieloto|move: Sticky Web\n|\n|upkeep\n|turn|10\n|\n|t:|1698525214\n|move|p1a: Magearna|Draining Kiss|p2a: Masquerain\n|-damage|p2a: Masquerain|0 fnt\n|faint|p2a: Masquerain\n|-ability|p1a: Magearna|Soul-Heart|boost\n|-boost|p1a: Magearna|spa|1\n|\n|upkeep\n|\n|t:|1698525221\n|switch|p2a: Volcarona|Volcarona, M|100\/100\n|turn|11\n|\n|t:|1698525246\n|-terastallize|p1a: Magearna|Water\n|move|p2a: Volcarona|Quiver Dance|p2a: Volcarona\n|-boost|p2a: Volcarona|spa|1\n|-boost|p2a: Volcarona|spd|1\n|-boost|p2a: Volcarona|spe|1\n|move|p1a: Magearna|Calm Mind|p1a: Magearna\n|-boost|p1a: Magearna|spa|1\n|-boost|p1a: Magearna|spd|1\n|\n|upkeep\n|turn|12\n|\n|t:|1698525255\n|-terastallize|p2a: Volcarona|Grass\n|move|p2a: Volcarona|Giga Drain|p1a: Magearna\n|-supereffective|p1a: Magearna\n|-damage|p1a: Magearna|26\/100\n|move|p1a: Magearna|Calm Mind|p1a: Magearna\n|-boost|p1a: Magearna|spa|1\n|-boost|p1a: Magearna|spd|1\n|\n|-heal|p1a: Magearna|32\/100|[from] item: Leftovers\n|upkeep\n|turn|13\n|c|\u2606abieloto|thoroughly cooked\n|\n|t:|1698525272\n|switch|p1a: Volcarona|Volcarona, M|100\/100\n|move|p2a: Volcarona|Giga Drain|p1a: Volcarona\n|-resisted|p1a: Volcarona\n|-damage|p1a: Volcarona|86\/100\n|\n|upkeep\n|turn|14\n|\n|t:|1698525296\n|move|p2a: Volcarona|Fiery Dance|p1a: Volcarona\n|-damage|p1a: Volcarona|29\/100\n|-boost|p2a: Volcarona|spa|1\n|move|p1a: Volcarona|Quiver Dance|p1a: Volcarona\n|-boost|p1a: Volcarona|spa|1\n|-boost|p1a: Volcarona|spd|1\n|-boost|p1a: Volcarona|spe|1\n|\n|upkeep\n|turn|15\n|\n|t:|1698525305\n|move|p2a: Volcarona|Fiery Dance|p1a: Volcarona\n|-damage|p1a: Volcarona|0 fnt\n|faint|p1a: Volcarona\n|\n|upkeep\n|\n|t:|1698525314\n|switch|p1a: Giratina|Giratina|31\/100\n|-ability|p1a: Giratina|Pressure\n|turn|16\n|\n|t:|1698525317\n|move|p2a: Volcarona|Psychic|p1a: Giratina\n|-damage|p1a: Giratina|0 fnt\n|faint|p1a: Giratina\n|\n|upkeep\n|\n|t:|1698525334\n|switch|p1a: Urshifu|Urshifu, F|100\/100\n|-activate|p1a: Urshifu|move: Sticky Web\n|-unboost|p1a: Urshifu|spe|1\n|turn|17\n|\n|t:|1698525338\n|move|p2a: Volcarona|Fiery Dance|p1a: Urshifu\n|-damage|p1a: Urshifu|0 fnt\n|-boost|p2a: Volcarona|spa|1\n|faint|p1a: Urshifu\n|\n|upkeep\n|\n|t:|1698525342\n|switch|p1a: Magearna|Magearna, tera:Water|32\/100\n|-activate|p1a: Magearna|move: Sticky Web\n|-unboost|p1a: Magearna|spe|1\n|turn|18\n|\n|t:|1698525346\n|move|p2a: Volcarona|Giga Drain|p1a: Magearna\n|-supereffective|p1a: Magearna\n|-damage|p1a: Magearna|0 fnt\n|faint|p1a: Magearna\n|\n|upkeep\n|\n|t:|1698525350\n|switch|p1a: Pelipper|Pelipper, M|100\/100\n|-weather|RainDance|[from] ability: Drizzle|[of] p1a: Pelipper\n|turn|19\n|\n|t:|1698525354\n|move|p2a: Volcarona|Giga Drain|p1a: Pelipper\n|-damage|p1a: Pelipper|0 fnt\n|faint|p1a: Pelipper\n|\n|-weather|RainDance|[upkeep]\n|upkeep\n|\n|t:|1698525356\n|switch|p1a: Basculegion|Basculegion-F, F|100\/100\n|-activate|p1a: Basculegion|move: Sticky Web\n|-unboost|p1a: Basculegion|spe|1\n|turn|20\n|\n|t:|1698525362\n|move|p2a: Volcarona|Giga Drain|p1a: Basculegion\n|-supereffective|p1a: Basculegion\n|-damage|p1a: Basculegion|0 fnt\n|faint|p1a: Basculegion\n|\n|win|NewHoovybeast05\n|c|\u2606NewHoovybeast05|damn\n|c|\u2606abieloto|gg lmao\n|c|\u2606NewHoovybeast05|gg\n|c|\u2606NewHoovybeast05|wait did i win?\n|c|\u2606abieloto|didnt expect to get cooked by the moth but i have the exact same set lmfao\n|c|\u2606abieloto|yeah congrats btw\n|c|\u2606abieloto|well played\n|c|\u2606NewHoovybeast05|awww thanks man :DD\n|c|\u2606abieloto|np :)\n|c|\u2606NewHoovybeast05|i kinda made the predict based on last game\n|c|\u2606abieloto|if u want u can post the links since ur the one who won\n|c|\u2606NewHoovybeast05|i can only post this one\n|c|\u2606abieloto|i have the other one\n|c|\u2606abieloto|ill send it to you\n|c|\u2606NewHoovybeast05|and idek how to do that \ud83d\udc80\n|c|\u2606abieloto|aight no worries lmao gimme a sec\n","uploadtime":1698525448,"views":21,"p1id":"abieloto","p2id":"newhoovybeast05","formatid":"gen9ubers","rating":0,"private":0,"password":""}