{"id":"gen9ubers-1990170940","p1":"Dragon Master Rosa","p2":"HarmoniChaos","format":"[Gen 9] Ubers","log":"|j|\u2606Dragon Master Rosa\n|j|\u2606HarmoniChaos\n|t:|1699932497\n|gametype|singles\n|player|p1|Dragon Master Rosa|dragontamer-gen9|\n|player|p2|HarmoniChaos|cheren|\n|teamsize|p1|6\n|teamsize|p2|6\n|gen|9\n|tier|[Gen 9] Ubers\n|rule|Sleep Clause Mod: Limit one foe put to sleep\n|rule|Species Clause: Limit one of each Pok\u00e9mon\n|rule|OHKO Clause: OHKO moves are banned\n|rule|Evasion Items Clause: Evasion items are banned\n|rule|Evasion Moves Clause: Evasion moves are banned\n|rule|Endless Battle Clause: Forcing endless battles is banned\n|rule|HP Percentage Mod: HP is shown in percentages\n|clearpoke\n|poke|p1|Ribombee, F|\n|poke|p1|Greninja-*, F|\n|poke|p1|Zoroark-Hisui, M|\n|poke|p1|Palafin, M|\n|poke|p1|Landorus-Therian, M|\n|poke|p1|Azelf|\n|poke|p2|Swalot, M|\n|poke|p2|Samurott, M|\n|poke|p2|Decidueye, M|\n|poke|p2|Arcanine, M|\n|poke|p2|Goodra-Hisui, M|\n|poke|p2|Articuno|\n|teampreview\n|c|\u2606HarmoniChaos|i should make a new team\n|c|\u2606Dragon Master Rosa|maybe\n|c|\u2606HarmoniChaos|see what else i can use incorrectly correctly\n|\n|t:|1699932533\n|start\n|switch|p1a: Ribombee|Ribombee, F|100\/100\n|switch|p2a: Arcanine|Arcanine, M|100\/100\n|-ability|p2a: Arcanine|Intimidate|boost\n|-unboost|p1a: Ribombee|atk|1\n|turn|1\n|\n|t:|1699932536\n|move|p1a: Ribombee|Sticky Web|p2a: Arcanine\n|-sidestart|p2: HarmoniChaos|move: Sticky Web\n|move|p2a: Arcanine|Hyper Voice|p1a: Ribombee\n|-damage|p1a: Ribombee|63\/100\n|-enditem|p2a: Arcanine|Throat Spray\n|-boost|p2a: Arcanine|spa|1|[from] item: Throat Spray\n|\n|upkeep\n|turn|2\n|c|\u2606HarmoniChaos|just\n|c|\u2606HarmoniChaos|for my own curiosity\n|c|\u2606HarmoniChaos|do you have sash?\n|\n|t:|1699932552\n|move|p1a: Ribombee|Stun Spore|p2a: Arcanine\n|-status|p2a: Arcanine|par\n|cant|p2a: Arcanine|par\n|\n|upkeep\n|turn|3\n|c|\u2606Dragon Master Rosa|maybe i do maybe i dont\n|c|\u2606HarmoniChaos|thanks\n|c|\u2606HarmoniChaos|can you tell me after I kill it?\n|c|\u2606Dragon Master Rosa|sure\n|c|\u2606HarmoniChaos|ty\n|c|\u2606Dragon Master Rosa|also yeah a lotta meta mons can run weird sets\n|c|\u2606Dragon Master Rosa|i've seen earthquake glowking before\n|\n|t:|1699932592\n|switch|p1a: Palafin|Palafin, M|100\/100\n|move|p2a: Arcanine|Flamethrower|p1a: Palafin\n|-resisted|p1a: Palafin\n|-damage|p1a: Palafin|60\/100\n|\n|upkeep\n|turn|4\n|c|\u2606HarmoniChaos|sure why not\n|\n|t:|1699932630\n|move|p1a: Palafin|Surf|p2a: Arcanine\n|-supereffective|p2a: Arcanine\n|-crit|p2a: Arcanine\n|-damage|p2a: Arcanine|0 fnt\n|faint|p2a: Arcanine\n|\n|upkeep\n|c|\u2606HarmoniChaos|crit mattered\n|\n|t:|1699932642\n|switch|p2a: Decidueye|Decidueye, M|100\/100\n|-activate|p2a: Decidueye|move: Sticky Web\n|-unboost|p2a: Decidueye|spe|1\n|turn|5\n|c|\u2606Dragon Master Rosa|yeah\n|\n|t:|1699932650\n|detailschange|p1a: Palafin|Palafin-Hero, M\n|switch|p1a: Ribombee|Ribombee, F|100\/100\n|move|p2a: Decidueye|Giga Drain|p1a: Ribombee\n|-damage|p1a: Ribombee|12\/100\n|replace|p1a: Zoroark|Zoroark-Hisui, M\n|-end|p1a: Zoroark|Illusion\n|-damage|p2a: Decidueye|91\/100|[from] item: Life Orb\n|\n|upkeep\n|turn|6\n|\n|t:|1699932656\n|move|p1a: Zoroark|Poltergeist|p2a: Decidueye\n|-activate|p2a: Decidueye|move: Poltergeist|Life Orb\n|-supereffective|p2a: Decidueye\n|-damage|p2a: Decidueye|0 fnt\n|faint|p2a: Decidueye\n|\n|upkeep\n|c|\u2606HarmoniChaos|life orb why would you do this\n|c|\u2606HarmoniChaos|i thought we were friends\n|\n|t:|1699932671\n|switch|p2a: Samurott|Samurott, M|100\/100\n|-activate|p2a: Samurott|move: Sticky Web\n|-unboost|p2a: Samurott|spe|1\n|turn|7\n|\n|t:|1699932684\n|switch|p1a: Ribombee|Ribombee, F|63\/100\n|move|p2a: Samurott|Sacred Sword|p1a: Ribombee\n|-resisted|p1a: Ribombee\n|-damage|p1a: Ribombee|45\/100\n|\n|upkeep\n|turn|8\n|\n|t:|1699932692\n|move|p1a: Ribombee|Stun Spore|p2a: Samurott|[miss]\n|-miss|p1a: Ribombee|p2a: Samurott\n|move|p2a: Samurott|Sacred Sword|p1a: Ribombee\n|-resisted|p1a: Ribombee\n|-damage|p1a: Ribombee|27\/100\n|\n|upkeep\n|turn|9\n|c|\u2606HarmoniChaos|should have aqua cuttered\n|c|\u2606HarmoniChaos|thought I was getting a palafin or greninja\n|\n|t:|1699932705\n|move|p1a: Ribombee|Stun Spore|p2a: Samurott\n|-status|p2a: Samurott|par\n|cant|p2a: Samurott|par\n|\n|upkeep\n|turn|10\n|\n|t:|1699932716\n|switch|p1a: Landorus|Landorus-Therian, M|100\/100\n|-ability|p1a: Landorus|Intimidate|boost\n|-unboost|p2a: Samurott|atk|1\n|cant|p2a: Samurott|par\n|\n|upkeep\n|turn|11\n|\n|t:|1699932723\n|switch|p2a: Articuno|Articuno|100\/100\n|-ability|p2a: Articuno|Pressure\n|move|p1a: Landorus|Nasty Plot|p1a: Landorus\n|-boost|p1a: Landorus|spa|2\n|\n|upkeep\n|turn|12\n|\n|t:|1699932743\n|switch|p1a: Ribombee|Ribombee, F|27\/100\n|move|p2a: Articuno|Ice Spinner|p1a: Ribombee\n|-damage|p1a: Ribombee|0 fnt\n|faint|p1a: Ribombee\n|\n|upkeep\n|\n|t:|1699932745\n|switch|p1a: Azelf|Azelf|100\/100\n|turn|13\n|\n|t:|1699932751\n|move|p1a: Azelf|Thunder Punch|p2a: Articuno\n|-supereffective|p2a: Articuno\n|-damage|p2a: Articuno|34\/100\n|move|p2a: Articuno|U-turn|p1a: Azelf\n|-supereffective|p1a: Azelf\n|-damage|p1a: Azelf|38\/100\n|\n|t:|1699932762\n|switch|p2a: Goodra|Goodra-Hisui, M|100\/100|[from] U-turn\n|-activate|p2a: Goodra|move: Sticky Web\n|-unboost|p2a: Goodra|spe|1\n|\n|upkeep\n|turn|14\n|\n|t:|1699932772\n|switch|p1a: Landorus|Landorus-Therian, M|100\/100\n|-ability|p1a: Landorus|Intimidate|boost\n|-unboost|p2a: Goodra|atk|1\n|move|p2a: Goodra|Curse|p2a: Goodra\n|-unboost|p2a: Goodra|spe|1\n|-boost|p2a: Goodra|atk|1\n|-boost|p2a: Goodra|def|1\n|\n|upkeep\n|turn|15\n|\n|t:|1699932780\n|-terastallize|p2a: Goodra|Ground\n|move|p1a: Landorus|Nasty Plot|p1a: Landorus\n|-boost|p1a: Landorus|spa|2\n|move|p2a: Goodra|Ice Spinner|p1a: Landorus\n|-supereffective|p1a: Landorus\n|-damage|p1a: Landorus|0 fnt\n|faint|p1a: Landorus\n|\n|upkeep\n|\n|t:|1699932788\n|switch|p1a: Palafin|Palafin-Hero, M|60\/100\n|-activate|p1a: Palafin|ability: Zero to Hero\n|turn|16\n|\n|t:|1699932801\n|switch|p2a: Samurott|Samurott, M|100\/100 par\n|-activate|p2a: Samurott|move: Sticky Web\n|-unboost|p2a: Samurott|spe|1\n|move|p1a: Palafin|Surf|p2a: Samurott\n|-resisted|p2a: Samurott\n|-damage|p2a: Samurott|65\/100 par\n|\n|upkeep\n|turn|17\n|c|\u2606HarmoniChaos|*gasps* he's so majestic\n|\n|t:|1699932822\n|move|p1a: Palafin|Surf|p2a: Samurott\n|-resisted|p2a: Samurott\n|-damage|p2a: Samurott|27\/100 par\n|cant|p2a: Samurott|par\n|\n|upkeep\n|turn|18\n|c|\u2606Dragon Master Rosa|skill fr\n|\n|t:|1699932831\n|move|p1a: Palafin|Surf|p2a: Samurott\n|-resisted|p2a: Samurott\n|-damage|p2a: Samurott|0 fnt\n|faint|p2a: Samurott\n|\n|upkeep\n|c|\u2606HarmoniChaos|fr\n|\n|t:|1699932840\n|switch|p2a: Swalot|Swalot, M|100\/100\n|-activate|p2a: Swalot|move: Sticky Web\n|-unboost|p2a: Swalot|spe|1\n|turn|19\n|\n|t:|1699932856\n|switch|p1a: Palafin|Palafin-Hero, M|12\/100\n|move|p2a: Swalot|Toxic|p1a: Palafin\n|-status|p1a: Palafin|tox\n|\n|-damage|p1a: Palafin|6\/100 tox|[from] psn\n|upkeep\n|turn|20\n|c|\u2606HarmoniChaos|oh wow two palafins?!?!?!?!\n|\n|t:|1699932877\n|switch|p2a: Articuno|Articuno|34\/100\n|-ability|p2a: Articuno|Pressure\n|move|p1a: Palafin|Poltergeist|p2a: Articuno\n|-activate|p2a: Articuno|move: Poltergeist|Heavy-Duty Boots\n|-damage|p2a: Articuno|0 fnt\n|faint|p2a: Articuno\n|\n|-damage|p1a: Palafin|0 fnt|[from] psn\n|faint|p1a: Palafin\n|upkeep\n|\n|t:|1699932896\n|switch|p1a: Azelf|Azelf|38\/100\n|switch|p2a: Swalot|Swalot, M|100\/100\n|-activate|p2a: Swalot|move: Sticky Web\n|-unboost|p2a: Swalot|spe|1\n|turn|21\n|\n|t:|1699932906\n|move|p1a: Azelf|Zen Headbutt|p2a: Swalot\n|-supereffective|p2a: Swalot\n|-damage|p2a: Swalot|6\/100\n|move|p2a: Swalot|Knock Off|p1a: Azelf\n|-supereffective|p1a: Azelf\n|-damage|p1a: Azelf|0 fnt\n|-enditem|p1a: Azelf|Choice Band|[from] move: Knock Off|[of] p2a: Swalot\n|faint|p1a: Azelf\n|\n|-heal|p2a: Swalot|13\/100|[from] item: Black Sludge\n|upkeep\n|\n|t:|1699932914\n|switch|p1a: Palafin|Palafin-Hero, M|60\/100\n|turn|22\n|c|\u2606HarmoniChaos|you underestimate my tonk\n|\n|t:|1699932920\n|move|p1a: Palafin|Surf|p2a: Swalot\n|-damage|p2a: Swalot|0 fnt\n|faint|p2a: Swalot\n|\n|upkeep\n|c|\u2606Dragon Master Rosa|bulky ahh mon\n|\n|t:|1699932925\n|switch|p2a: Goodra|Goodra-Hisui, M, tera:Ground|100\/100\n|-activate|p2a: Goodra|move: Sticky Web\n|-unboost|p2a: Goodra|spe|1\n|turn|23\n|c|\u2606HarmoniChaos|stupid predictions costing me the game\n|c|\u2606Dragon Master Rosa|it happens\n|\n|t:|1699932943\n|move|p1a: Palafin|Surf|p2a: Goodra\n|-supereffective|p2a: Goodra\n|-damage|p2a: Goodra|0 fnt\n|faint|p2a: Goodra\n|\n|win|Dragon Master Rosa\n|c|\u2606HarmoniChaos|ggs\n","uploadtime":1699932948,"views":31,"p1id":"dragonmasterrosa","p2id":"harmonichaos","formatid":"gen9ubers","rating":0,"private":0,"password":""}