{"id":"gen9ubers-1973832213","p1":"fishyroads","p2":"BattleDynamo","format":"[Gen 9] Ubers","log":"|j|\u2606fishyroads\n|j|\u2606BattleDynamo\n|t:|1698018391\n|gametype|singles\n|player|p1|fishyroads|harlequin|\n|player|p2|BattleDynamo|ruinmaniac|\n|teamsize|p1|6\n|teamsize|p2|6\n|gen|9\n|tier|[Gen 9] Ubers\n|rule|Sleep Clause Mod: Limit one foe put to sleep\n|rule|Species Clause: Limit one of each Pok\u00e9mon\n|rule|OHKO Clause: OHKO moves are banned\n|rule|Evasion Items Clause: Evasion items are banned\n|rule|Evasion Moves Clause: Evasion moves are banned\n|rule|Endless Battle Clause: Forcing endless battles is banned\n|rule|HP Percentage Mod: HP is shown in percentages\n|clearpoke\n|poke|p1|Arceus-Fire|\n|poke|p1|Dondozo, F|\n|poke|p1|Magearna|\n|poke|p1|Articuno|\n|poke|p1|Urshifu-*, M|\n|poke|p1|Zamazenta-*|\n|poke|p2|Garganacl, F|\n|poke|p2|Spectrier|\n|poke|p2|Dialga|\n|poke|p2|Cryogonal|\n|poke|p2|Palkia-Origin|\n|poke|p2|Ursaluna, M|\n|teampreview\n|\n|t:|1698018403\n|start\n|switch|p1a: Urshifu|Urshifu, M|100\/100\n|switch|p2a: DR.Salt|Garganacl, F|100\/100\n|turn|1\n|\n|t:|1698018408\n|move|p1a: Urshifu|Close Combat|p2a: DR.Salt\n|-supereffective|p2a: DR.Salt\n|-damage|p2a: DR.Salt|27\/100\n|-unboost|p1a: Urshifu|def|1\n|-unboost|p1a: Urshifu|spd|1\n|move|p2a: DR.Salt|Stealth Rock|p1a: Urshifu\n|-sidestart|p1: fishyroads|move: Stealth Rock\n|\n|-heal|p2a: DR.Salt|33\/100|[from] item: Leftovers\n|upkeep\n|turn|2\n|\n|t:|1698018422\n|switch|p1a: Articuno|Articuno|100\/100\n|-ability|p1a: Articuno|Pressure\n|switch|p2a: Spectrier|Spectrier|100\/100\n|\n|upkeep\n|turn|3\n|\n|t:|1698018427\n|move|p2a: Spectrier|Calm Mind|p2a: Spectrier\n|-boost|p2a: Spectrier|spa|1\n|-boost|p2a: Spectrier|spd|1\n|move|p1a: Articuno|Freeze-Dry|p2a: Spectrier\n|-damage|p2a: Spectrier|83\/100\n|\n|upkeep\n|turn|4\n|\n|t:|1698018430\n|move|p2a: Spectrier|Calm Mind|p2a: Spectrier\n|-boost|p2a: Spectrier|spa|1\n|-boost|p2a: Spectrier|spd|1\n|move|p1a: Articuno|U-turn|p2a: Spectrier\n|-resisted|p2a: Spectrier\n|-damage|p2a: Spectrier|74\/100\n|\n|t:|1698018431\n|switch|p1a: Urshifu|Urshifu, M|100\/100|[from] U-turn\n|-damage|p1a: Urshifu|94\/100|[from] Stealth Rock\n|\n|upkeep\n|turn|5\n|\n|t:|1698018435\n|move|p1a: Urshifu|Wicked Blow|p2a: Spectrier\n|-supereffective|p2a: Spectrier\n|-crit|p2a: Spectrier\n|-damage|p2a: Spectrier|0 fnt\n|faint|p2a: Spectrier\n|\n|upkeep\n|\n|t:|1698018439\n|switch|p2a: DR.Salt|Garganacl, F|33\/100\n|turn|6\n|\n|t:|1698018442\n|move|p1a: Urshifu|Wicked Blow|p2a: DR.Salt\n|-crit|p2a: DR.Salt\n|-damage|p2a: DR.Salt|0 fnt\n|faint|p2a: DR.Salt\n|\n|upkeep\n|\n|t:|1698018446\n|switch|p2a: Palkia|Palkia-Origin|100\/100\n|-ability|p2a: Palkia|Pressure\n|turn|7\n|\n|t:|1698018450\n|switch|p1a: Articuno|Articuno|100\/100\n|-ability|p1a: Articuno|Pressure\n|move|p2a: Palkia|Trick Room|p2a: Palkia\n|-fieldstart|move: Trick Room|[of] p2a: Palkia\n|\n|upkeep\n|turn|8\n|\n|t:|1698018458\n|-terastallize|p2a: Palkia|Water\n|move|p1a: Articuno|Freeze-Dry|p2a: Palkia\n|-supereffective|p2a: Palkia\n|-damage|p2a: Palkia|52\/100\n|move|p2a: Palkia|Hydro Pump|p1a: Articuno\n|-crit|p1a: Articuno\n|-damage|p1a: Articuno|17\/100\n|\n|upkeep\n|turn|9\n|\n|t:|1698018467\n|move|p1a: Articuno|Roost|p1a: Articuno\n|-heal|p1a: Articuno|67\/100\n|-singleturn|p1a: Articuno|move: Roost\n|move|p2a: Palkia|Spacial Rend|p1a: Articuno\n|-crit|p1a: Articuno\n|-damage|p1a: Articuno|4\/100\n|\n|upkeep\n|turn|10\n|\n|t:|1698018472\n|switch|p2a: Cryogonal|Cryogonal|100\/100\n|move|p1a: Articuno|Roost|p1a: Articuno\n|-heal|p1a: Articuno|55\/100\n|-singleturn|p1a: Articuno|move: Roost\n|\n|upkeep\n|turn|11\n|\n|t:|1698018476\n|move|p1a: Articuno|Roost|p1a: Articuno\n|-heal|p1a: Articuno|100\/100\n|-singleturn|p1a: Articuno|move: Roost\n|move|p2a: Cryogonal|Freeze-Dry|p1a: Articuno\n|-resisted|p1a: Articuno\n|-damage|p1a: Articuno|92\/100\n|\n|-fieldend|move: Trick Room\n|upkeep\n|turn|12\n|\n|t:|1698018481\n|switch|p2a: Dialga|Dialga|100\/100\n|-ability|p2a: Dialga|Pressure\n|move|p1a: Articuno|U-turn|p2a: Dialga\n|-resisted|p2a: Dialga\n|-damage|p2a: Dialga|96\/100\n|\n|t:|1698018487\n|switch|p1a: Urshifu|Urshifu, M|94\/100|[from] U-turn\n|-damage|p1a: Urshifu|88\/100|[from] Stealth Rock\n|\n|-heal|p2a: Dialga|100\/100|[from] item: Leftovers\n|upkeep\n|turn|13\n|\n|t:|1698018502\n|move|p1a: Urshifu|Close Combat|p2a: Dialga\n|-supereffective|p2a: Dialga\n|-damage|p2a: Dialga|0 fnt\n|-unboost|p1a: Urshifu|def|1\n|-unboost|p1a: Urshifu|spd|1\n|faint|p2a: Dialga\n|\n|upkeep\n|\n|t:|1698018505\n|switch|p2a: Palkia|Palkia-Origin, tera:Water|52\/100\n|-ability|p2a: Palkia|Pressure\n|turn|14\n|\n|t:|1698018508\n|move|p1a: Urshifu|Close Combat|p2a: Palkia\n|-damage|p2a: Palkia|0 fnt\n|-unboost|p1a: Urshifu|def|1\n|-unboost|p1a: Urshifu|spd|1\n|faint|p2a: Palkia\n|\n|upkeep\n|-message|BattleDynamo forfeited.\n|\n|win|fishyroads\n|c|\u2606fishyroads|ggs\n","uploadtime":1698018520,"views":11,"p1id":"fishyroads","p2id":"battledynamo","formatid":"gen9ubers","rating":0,"private":0,"password":""}