{"id":"gen9ubers-1977710526","p1":"ItsmeBlankKnight","p2":"RubenPaCe","format":"[Gen 9] Ubers","log":"|j|\u2606ItsmeBlankKnight\n|j|\u2606RubenPaCe\n|t:|1698441011\n|gametype|singles\n|player|p1|ItsmeBlankKnight|larry|\n|player|p2|RubenPaCe|camper|\n|teamsize|p1|6\n|teamsize|p2|6\n|gen|9\n|tier|[Gen 9] Ubers\n|rule|Sleep Clause Mod: Limit one foe put to sleep\n|rule|Species Clause: Limit one of each Pok\u00e9mon\n|rule|OHKO Clause: OHKO moves are banned\n|rule|Evasion Items Clause: Evasion items are banned\n|rule|Evasion Moves Clause: Evasion moves are banned\n|rule|Endless Battle Clause: Forcing endless battles is banned\n|rule|HP Percentage Mod: HP is shown in percentages\n|clearpoke\n|poke|p1|Chi-Yu|\n|poke|p1|Palafin, M|\n|poke|p1|Spectrier|\n|poke|p1|Zacian-*|\n|poke|p1|Arceus-Poison|\n|poke|p1|Masquerain, M|\n|poke|p2|Garganacl, F|\n|poke|p2|Blissey, F|\n|poke|p2|Hatterene, F|\n|poke|p2|Dondozo, M|\n|poke|p2|Slowking-Galar, M|\n|poke|p2|Arceus-Dark|\n|teampreview\n|inactive|Battle timer is ON: inactive players will automatically lose when time's up. (requested by ItsmeBlankKnight)\n|c|\u2606ItsmeBlankKnight|ah stall\n|c|\u2606RubenPaCe|stall jumpscare\n|c|\u2606RubenPaCe|I've been meaning to try it out\n|c|\u2606ItsmeBlankKnight|fr\n|inactive|RubenPaCe has 270 seconds left.\n|c|\u2606RubenPaCe|the thing about stall is that, even if it's stall, games are still quite fast\n|\n|t:|1698441056\n|start\n|switch|p1a: Palafin|Palafin, M|100\/100\n|switch|p2a: Slowking|Slowking-Galar, M|100\/100\n|turn|1\n|\n|t:|1698441064\n|detailschange|p1a: Palafin|Palafin-Hero, M\n|switch|p1a: Masquerain|Masquerain, M|100\/100\n|-ability|p1a: Masquerain|Intimidate|boost\n|-unboost|p2a: Slowking|atk|1\n|move|p2a: Slowking|Future Sight|p1a: Masquerain\n|-start|p2a: Slowking|move: Future Sight\n|\n|upkeep\n|turn|2\n|\n|t:|1698441071\n|switch|p2a: Hatterene|Hatterene, F|100\/100\n|move|p1a: Masquerain|Sticky Web|p2a: Hatterene\n|move|p2a: Hatterene|Sticky Web|p1a: Masquerain|[from]ability: Magic Bounce\n|-sidestart|p1: ItsmeBlankKnight|move: Sticky Web\n|\n|upkeep\n|turn|3\n|c|\u2606ItsmeBlankKnight|FUCK\n|\n|t:|1698441081\n|move|p1a: Masquerain|Hydro Pump|p2a: Hatterene\n|-damage|p2a: Hatterene|79\/100\n|move|p2a: Hatterene|Mystical Fire|p1a: Masquerain\n|-supereffective|p1a: Masquerain\n|-damage|p1a: Masquerain|47\/100\n|-unboost|p1a: Masquerain|spa|1\n|\n|-end|p1a: Masquerain|move: Future Sight\n|-damage|p1a: Masquerain|0 fnt\n|faint|p1a: Masquerain\n|-heal|p2a: Hatterene|85\/100|[from] item: Leftovers\n|upkeep\n|\n|t:|1698441087\n|switch|p1a: Spectrier|Spectrier|100\/100\n|-activate|p1a: Spectrier|move: Sticky Web\n|-unboost|p1a: Spectrier|spe|1\n|turn|4\n|\n|t:|1698441090\n|switch|p2a: Blissey|Blissey, F|100\/100\n|move|p1a: Spectrier|Shadow Ball|p2a: Blissey\n|-immune|p2a: Blissey\n|\n|upkeep\n|turn|5\n|\n|t:|1698441094\n|switch|p1a: Zacian|Zacian|100\/100\n|-activate|p1a: Zacian|move: Sticky Web\n|-unboost|p1a: Zacian|spe|1\n|-ability|p1a: Zacian|Intrepid Sword|boost\n|-boost|p1a: Zacian|atk|1\n|move|p2a: Blissey|Stealth Rock|p1a: Zacian\n|-sidestart|p1: ItsmeBlankKnight|move: Stealth Rock\n|\n|upkeep\n|turn|6\n|\n|t:|1698441097\n|switch|p2a: Dondozo|Dondozo, M|100\/100\n|move|p1a: Zacian|Close Combat|p2a: Dondozo\n|-damage|p2a: Dondozo|84\/100\n|-unboost|p1a: Zacian|def|1\n|-unboost|p1a: Zacian|spd|1\n|\n|-heal|p2a: Dondozo|91\/100|[from] item: Leftovers\n|upkeep\n|turn|7\n|\n|t:|1698441102\n|switch|p1a: Spectrier|Spectrier|100\/100\n|-activate|p1a: Spectrier|move: Sticky Web\n|-unboost|p1a: Spectrier|spe|1\n|-damage|p1a: Spectrier|88\/100|[from] Stealth Rock\n|move|p2a: Dondozo|Liquidation|p1a: Spectrier\n|-damage|p1a: Spectrier|42\/100\n|\n|-heal|p2a: Dondozo|97\/100|[from] item: Leftovers\n|upkeep\n|turn|8\n|\n|t:|1698441107\n|switch|p2a: Blissey|Blissey, F|100\/100\n|move|p1a: Spectrier|Tera Blast|p2a: Blissey\n|-damage|p2a: Blissey|87\/100\n|\n|upkeep\n|turn|9\n|\n|t:|1698441116\n|switch|p1a: Arceus|Arceus-Poison|100\/100\n|-activate|p1a: Arceus|move: Sticky Web\n|-unboost|p1a: Arceus|spe|1\n|-damage|p1a: Arceus|88\/100|[from] Stealth Rock\n|move|p2a: Blissey|Seismic Toss|p1a: Arceus\n|-damage|p1a: Arceus|66\/100\n|\n|upkeep\n|turn|10\n|\n|t:|1698441119\n|switch|p2a: Dondozo|Dondozo, M|97\/100\n|move|p1a: Arceus|Gunk Shot|p2a: Dondozo\n|-damage|p2a: Dondozo|63\/100\n|\n|-heal|p2a: Dondozo|69\/100|[from] item: Leftovers\n|upkeep\n|turn|11\n|\n|t:|1698441124\n|switch|p2a: Garganacl|Garganacl, F|100\/100\n|move|p1a: Arceus|Gunk Shot|p2a: Garganacl|[miss]\n|-miss|p1a: Arceus|p2a: Garganacl\n|\n|upkeep\n|turn|12\n|c|\u2606ItsmeBlankKnight|i dont think my team can break stall\n|\n|t:|1698441135\n|switch|p1a: Chi-Yu|Chi-Yu|100\/100\n|-activate|p1a: Chi-Yu|move: Sticky Web\n|-unboost|p1a: Chi-Yu|spe|1\n|-damage|p1a: Chi-Yu|76\/100|[from] Stealth Rock\n|-ability|p1a: Chi-Yu|Beads of Ruin\n|move|p2a: Garganacl|Salt Cure|p1a: Chi-Yu\n|-supereffective|p1a: Chi-Yu\n|-damage|p1a: Chi-Yu|27\/100\n|-start|p1a: Chi-Yu|Salt Cure\n|\n|-damage|p1a: Chi-Yu|15\/100|[from] Salt Cure\n|upkeep\n|turn|13\n|c|\u2606RubenPaCe|it would appear so\n|\n|t:|1698441146\n|switch|p2a: Blissey|Blissey, F|87\/100\n|move|p1a: Chi-Yu|Dark Pulse|p2a: Blissey\n|-damage|p2a: Blissey|58\/100\n|\n|-damage|p1a: Chi-Yu|2\/100|[from] Salt Cure\n|upkeep\n|turn|14\n|\n|t:|1698441151\n|move|p1a: Chi-Yu|Dark Pulse|p2a: Blissey\n|-damage|p2a: Blissey|31\/100\n|move|p2a: Blissey|Soft-Boiled|p2a: Blissey\n|-heal|p2a: Blissey|81\/100\n|\n|-damage|p1a: Chi-Yu|0 fnt|[from] Salt Cure\n|faint|p1a: Chi-Yu\n|upkeep\n|\n|t:|1698441154\n|switch|p1a: Palafin|Palafin-Hero, M|100\/100\n|-activate|p1a: Palafin|move: Sticky Web\n|-unboost|p1a: Palafin|spe|1\n|-damage|p1a: Palafin|88\/100|[from] Stealth Rock\n|-activate|p1a: Palafin|ability: Zero to Hero\n|turn|15\n|\n|t:|1698441158\n|switch|p2a: Dondozo|Dondozo, M|69\/100\n|move|p1a: Palafin|Close Combat|p2a: Dondozo\n|-damage|p2a: Dondozo|39\/100\n|-unboost|p1a: Palafin|def|1\n|-unboost|p1a: Palafin|spd|1\n|-damage|p1a: Palafin|78\/100|[from] item: Life Orb\n|\n|-heal|p2a: Dondozo|45\/100|[from] item: Leftovers\n|upkeep\n|turn|16\n|\n|t:|1698441163\n|move|p1a: Palafin|Close Combat|p2a: Dondozo\n|-crit|p2a: Dondozo\n|-damage|p2a: Dondozo|0 fnt\n|-unboost|p1a: Palafin|def|1\n|-unboost|p1a: Palafin|spd|1\n|faint|p2a: Dondozo\n|-damage|p1a: Palafin|68\/100|[from] item: Life Orb\n|\n|upkeep\n|c|\u2606RubenPaCe|oh lord\n|c|\u2606ItsmeBlankKnight|:)\n|\n|t:|1698441178\n|switch|p2a: Garganacl|Garganacl, F|100\/100\n|turn|17\n|\n|t:|1698441184\n|-terastallize|p1a: Palafin|Water\n|-terastallize|p2a: Garganacl|Fairy\n|move|p1a: Palafin|Wave Crash|p2a: Garganacl\n|-damage|p2a: Garganacl|5\/100\n|-damage|p1a: Palafin|31\/100|[from] Recoil\n|-damage|p1a: Palafin|21\/100|[from] item: Life Orb\n|move|p2a: Garganacl|Iron Defense|p2a: Garganacl\n|-boost|p2a: Garganacl|def|2\n|\n|-heal|p2a: Garganacl|11\/100|[from] item: Leftovers\n|upkeep\n|turn|18\n|\n|t:|1698441204\n|move|p1a: Palafin|Wave Crash|p2a: Garganacl\n|-damage|p2a: Garganacl|0 fnt\n|faint|p2a: Garganacl\n|-damage|p1a: Palafin|17\/100|[from] Recoil\n|-damage|p1a: Palafin|7\/100|[from] item: Life Orb\n|\n|upkeep\n|\n|t:|1698441212\n|switch|p2a: Arceus|Arceus-Dark|100\/100\n|turn|19\n|l|\u2606ItsmeBlankKnight\n|inactive|ItsmeBlankKnight disconnected and has 300 seconds to reconnect!\n|player|p1|\n|j|\u2606ItsmeBlankKnight\n|inactive|ItsmeBlankKnight reconnected and has 295 seconds left.\n|player|p1|ItsmeBlankKnight|larry\n|\n|t:|1698441244\n|move|p1a: Palafin|Jet Punch|p2a: Arceus\n|-damage|p2a: Arceus|55\/100\n|-damage|p1a: Palafin|0 fnt|[from] item: Life Orb\n|faint|p1a: Palafin\n|move|p2a: Arceus|Recover|p2a: Arceus\n|-heal|p2a: Arceus|100\/100\n|\n|upkeep\n|\n|t:|1698441250\n|switch|p1a: Zacian|Zacian|100\/100\n|-activate|p1a: Zacian|move: Sticky Web\n|-unboost|p1a: Zacian|spe|1\n|-damage|p1a: Zacian|88\/100|[from] Stealth Rock\n|turn|20\n|\n|t:|1698441255\n|switch|p2a: Hatterene|Hatterene, F|85\/100\n|move|p1a: Zacian|Swords Dance|p1a: Zacian\n|-boost|p1a: Zacian|atk|2\n|\n|-heal|p1a: Zacian|94\/100|[from] item: Leftovers\n|-heal|p2a: Hatterene|91\/100|[from] item: Leftovers\n|upkeep\n|turn|21\n|\n|t:|1698441262\n|move|p1a: Zacian|Swords Dance|p1a: Zacian\n|-boost|p1a: Zacian|atk|2\n|move|p2a: Hatterene|Psyshock|p1a: Zacian\n|-damage|p1a: Zacian|59\/100\n|\n|-heal|p1a: Zacian|65\/100|[from] item: Leftovers\n|-heal|p2a: Hatterene|97\/100|[from] item: Leftovers\n|upkeep\n|turn|22\n|\n|t:|1698441264\n|move|p1a: Zacian|Play Rough|p2a: Hatterene\n|-damage|p2a: Hatterene|0 fnt\n|faint|p2a: Hatterene\n|\n|-heal|p1a: Zacian|71\/100|[from] item: Leftovers\n|upkeep\n|\n|t:|1698441267\n|switch|p2a: Slowking|Slowking-Galar, M|100\/100\n|turn|23\n|\n|t:|1698441270\n|move|p1a: Zacian|Crunch|p2a: Slowking\n|-supereffective|p2a: Slowking\n|-damage|p2a: Slowking|0 fnt\n|faint|p2a: Slowking\n|\n|-heal|p1a: Zacian|77\/100|[from] item: Leftovers\n|upkeep\n|\n|t:|1698441272\n|switch|p2a: Blissey|Blissey, F|81\/100\n|turn|24\n|\n|t:|1698441276\n|move|p1a: Zacian|Close Combat|p2a: Blissey\n|-supereffective|p2a: Blissey\n|-damage|p2a: Blissey|0 fnt\n|-unboost|p1a: Zacian|def|1\n|-unboost|p1a: Zacian|spd|1\n|faint|p2a: Blissey\n|\n|-heal|p1a: Zacian|84\/100|[from] item: Leftovers\n|upkeep\n|\n|t:|1698441278\n|switch|p2a: Arceus|Arceus-Dark|100\/100\n|turn|25\n|c|\u2606ItsmeBlankKnight|gg\n|\n|t:|1698441281\n|move|p2a: Arceus|Judgment|p1a: Zacian\n|-resisted|p1a: Zacian\n|-damage|p1a: Zacian|52\/100\n|move|p1a: Zacian|Play Rough|p2a: Arceus\n|-supereffective|p2a: Arceus\n|-damage|p2a: Arceus|0 fnt\n|faint|p2a: Arceus\n|\n|win|ItsmeBlankKnight\n|c|\u2606RubenPaCe|damn\n|c|\u2606RubenPaCe|gg\n|c|\u2606RubenPaCe|that crit really fucked me up\n|c|\u2606ItsmeBlankKnight|skill gaming\n|c|\u2606ItsmeBlankKnight|lol\n|c|\u2606RubenPaCe|to be honest, I thought garg would take less\n|l|\u2606ItsmeBlankKnight\n|c|\u2606RubenPaCe|but then I remembered the moment I clicked tera, this is a spdef garg\n|l|\u2606RubenPaCe\n|j|\u2606ItsmeBlankKnight\n|player|p1|ItsmeBlankKnight|larry\n|l|\u2606ItsmeBlankKnight\n|player|p1|\n|j|\u2606ItsmeBlankKnight\n|player|p1|ItsmeBlankKnight|larry\n","uploadtime":1698441536,"views":13,"p1id":"itsmeblankknight","p2id":"rubenpace","formatid":"gen9ubers","rating":0,"private":0,"password":""}