{"id":"gen9ubers-1969324192","p1":"Bidy","p2":"bunjinn","format":"[Gen 9] Ubers","log":"|j|\u2606Bidy\n|j|\u2606bunjinn\n|t:|1697514202\n|gametype|singles\n|player|p1|Bidy|volkner|\n|player|p2|bunjinn|nate|\n|teamsize|p1|6\n|teamsize|p2|6\n|gen|9\n|tier|[Gen 9] Ubers\n|rule|Sleep Clause Mod: Limit one foe put to sleep\n|rule|Species Clause: Limit one of each Pok\u00e9mon\n|rule|OHKO Clause: OHKO moves are banned\n|rule|Evasion Items Clause: Evasion items are banned\n|rule|Evasion Moves Clause: Evasion moves are banned\n|rule|Endless Battle Clause: Forcing endless battles is banned\n|rule|HP Percentage Mod: HP is shown in percentages\n|clearpoke\n|poke|p1|Quagsire, M|\n|poke|p1|Roaring Moon|\n|poke|p1|Meowscarada, M|\n|poke|p1|Torkoal, M|\n|poke|p1|Typhlosion-Hisui, F|\n|poke|p1|Jumpluff, M|\n|poke|p2|Hippowdon, M|\n|poke|p2|Baxcalibur, M|\n|poke|p2|Volcarona, M|\n|poke|p2|Great Tusk|\n|poke|p2|Lycanroc, M|\n|poke|p2|Staraptor, F|\n|teampreview\n|\n|t:|1697514224\n|start\n|switch|p1a: Meowscarada|Meowscarada, M|100\/100\n|switch|p2a: HIM|Staraptor, F|100\/100\n|turn|1\n|\n|t:|1697514229\n|switch|p2a: Travis Scott|Volcarona, M, shiny|100\/100\n|switch|p1a: Torkoal|Torkoal, M|100\/100\n|-weather|SunnyDay|[from] ability: Drought|[of] p1a: Torkoal\n|\n|-weather|SunnyDay|[upkeep]\n|upkeep\n|turn|2\n|\n|t:|1697514295\n|switch|p1a: Quagsire|Quagsire, M|100\/100\n|move|p2a: Travis Scott|Quiver Dance|p2a: Travis Scott\n|-boost|p2a: Travis Scott|spa|1\n|-boost|p2a: Travis Scott|spd|1\n|-boost|p2a: Travis Scott|spe|1\n|\n|-weather|SunnyDay|[upkeep]\n|upkeep\n|turn|3\n|\n|t:|1697514309\n|-terastallize|p1a: Quagsire|Poison\n|move|p2a: Travis Scott|Giga Drain|p1a: Quagsire\n|-resisted|p1a: Quagsire\n|-damage|p1a: Quagsire|83\/100\n|move|p1a: Quagsire|Ancient Power|p2a: Travis Scott\n|-supereffective|p2a: Travis Scott\n|-damage|p2a: Travis Scott|62\/100\n|\n|-weather|SunnyDay|[upkeep]\n|-heal|p1a: Quagsire|89\/100|[from] item: Leftovers\n|upkeep\n|turn|4\n|\n|t:|1697514316\n|move|p2a: Travis Scott|Psychic|p1a: Quagsire\n|-supereffective|p1a: Quagsire\n|-damage|p1a: Quagsire|15\/100\n|move|p1a: Quagsire|Ancient Power|p2a: Travis Scott\n|-supereffective|p2a: Travis Scott\n|-damage|p2a: Travis Scott|25\/100\n|\n|-weather|SunnyDay|[upkeep]\n|-heal|p1a: Quagsire|22\/100|[from] item: Leftovers\n|upkeep\n|turn|5\n|\n|t:|1697514329\n|move|p2a: Travis Scott|Psychic|p1a: Quagsire\n|-supereffective|p1a: Quagsire\n|-damage|p1a: Quagsire|0 fnt\n|faint|p1a: Quagsire\n|\n|-weather|none\n|upkeep\n|\n|t:|1697514357\n|switch|p1a: Torkoal|Torkoal, M|100\/100\n|-weather|SunnyDay|[from] ability: Drought|[of] p1a: Torkoal\n|turn|6\n|\n|t:|1697514364\n|move|p2a: Travis Scott|Giga Drain|p1a: Torkoal\n|-resisted|p1a: Torkoal\n|-damage|p1a: Torkoal|82\/100\n|-heal|p2a: Travis Scott|35\/100|[from] drain|[of] p1a: Torkoal\n|move|p1a: Torkoal|Stealth Rock|p2a: Travis Scott\n|-sidestart|p2: bunjinn|move: Stealth Rock\n|\n|-weather|SunnyDay|[upkeep]\n|upkeep\n|turn|7\n|\n|t:|1697514368\n|move|p2a: Travis Scott|Giga Drain|p1a: Torkoal\n|-resisted|p1a: Torkoal\n|-damage|p1a: Torkoal|64\/100\n|-heal|p2a: Travis Scott|45\/100|[from] drain|[of] p1a: Torkoal\n|move|p1a: Torkoal|Rapid Spin|p2a: Travis Scott\n|-damage|p2a: Travis Scott|30\/100\n|-boost|p1a: Torkoal|spe|1\n|\n|-weather|SunnyDay|[upkeep]\n|upkeep\n|turn|8\n|\n|t:|1697514373\n|move|p2a: Travis Scott|Giga Drain|p1a: Torkoal\n|-resisted|p1a: Torkoal\n|-damage|p1a: Torkoal|46\/100\n|-heal|p2a: Travis Scott|40\/100|[from] drain|[of] p1a: Torkoal\n|move|p1a: Torkoal|Lava Plume|p2a: Travis Scott\n|-damage|p2a: Travis Scott|14\/100\n|\n|-weather|SunnyDay|[upkeep]\n|upkeep\n|turn|9\n|\n|t:|1697514378\n|move|p2a: Travis Scott|Psychic|p1a: Torkoal\n|-damage|p1a: Torkoal|6\/100\n|move|p1a: Torkoal|Lava Plume|p2a: Travis Scott\n|-damage|p2a: Travis Scott|0 fnt\n|faint|p2a: Travis Scott\n|\n|-weather|SunnyDay|[upkeep]\n|upkeep\n|\n|t:|1697514430\n|switch|p2a: Hippowdon|Hippowdon, M|100\/100\n|-damage|p2a: Hippowdon|94\/100|[from] Stealth Rock\n|-weather|Sandstorm|[from] ability: Sand Stream|[of] p2a: Hippowdon\n|turn|10\n|\n|t:|1697514455\n|switch|p1a: Jumpluff|Jumpluff, M|100\/100\n|move|p2a: Hippowdon|Yawn|p1a: Jumpluff\n|-start|p1a: Jumpluff|move: Yawn|[of] p2a: Hippowdon\n|\n|-weather|Sandstorm|[upkeep]\n|-damage|p1a: Jumpluff|94\/100|[from] Sandstorm\n|upkeep\n|turn|11\n|\n|t:|1697514461\n|switch|p1a: Torkoal|Torkoal, M|6\/100\n|-weather|SunnyDay|[from] ability: Drought|[of] p1a: Torkoal\n|move|p2a: Hippowdon|Stealth Rock|p1a: Torkoal\n|-sidestart|p1: Bidy|move: Stealth Rock\n|\n|-weather|SunnyDay|[upkeep]\n|upkeep\n|turn|12\n|\n|t:|1697514473\n|switch|p1a: Typhlosion|Typhlosion-Hisui, F|100\/100\n|-damage|p1a: Typhlosion|75\/100|[from] Stealth Rock\n|move|p2a: Hippowdon|Yawn|p1a: Typhlosion\n|-start|p1a: Typhlosion|move: Yawn|[of] p2a: Hippowdon\n|\n|-weather|SunnyDay|[upkeep]\n|upkeep\n|turn|13\n|\n|t:|1697514484\n|move|p1a: Typhlosion|Solar Beam||[still]\n|-prepare|p1a: Typhlosion|Solar Beam\n|-anim|p1a: Typhlosion|Solar Beam|p2a: Hippowdon\n|-supereffective|p2a: Hippowdon\n|-damage|p2a: Hippowdon|35\/100\n|move|p2a: Hippowdon|Earthquake|p1a: Typhlosion\n|-supereffective|p1a: Typhlosion\n|-damage|p1a: Typhlosion|0 fnt\n|faint|p1a: Typhlosion\n|\n|-weather|SunnyDay|[upkeep]\n|upkeep\n|\n|t:|1697514496\n|switch|p1a: Roaring Moon|Roaring Moon|100\/100\n|-damage|p1a: Roaring Moon|88\/100|[from] Stealth Rock\n|-activate|p1a: Roaring Moon|ability: Protosynthesis\n|-start|p1a: Roaring Moon|protosynthesisatk\n|turn|14\n|\n|t:|1697514511\n|switch|p2a: tren|Great Tusk|100\/100\n|-damage|p2a: tren|98\/100|[from] Stealth Rock\n|-activate|p2a: tren|ability: Protosynthesis\n|-start|p2a: tren|protosynthesisatk\n|move|p1a: Roaring Moon|Dragon Dance|p1a: Roaring Moon\n|-boost|p1a: Roaring Moon|atk|1\n|-boost|p1a: Roaring Moon|spe|1\n|\n|-weather|SunnyDay|[upkeep]\n|upkeep\n|turn|15\n|\n|t:|1697514532\n|move|p1a: Roaring Moon|Dragon Claw|p2a: tren\n|-damage|p2a: tren|31\/100\n|move|p2a: tren|Ice Spinner|p1a: Roaring Moon\n|-supereffective|p1a: Roaring Moon\n|-enditem|p1a: Roaring Moon|Yache Berry|[eat]\n|-enditem|p1a: Roaring Moon|Yache Berry|[weaken]\n|-damage|p1a: Roaring Moon|5\/100\n|\n|-weather|none\n|-end|p1a: Roaring Moon|Protosynthesis\n|-end|p2a: tren|Protosynthesis\n|upkeep\n|turn|16\n|\n|t:|1697514542\n|-end|p2a: tren|Protosynthesis|[silent]\n|switch|p2a: Hippowdon|Hippowdon, M|35\/100\n|-damage|p2a: Hippowdon|29\/100|[from] Stealth Rock\n|-weather|Sandstorm|[from] ability: Sand Stream|[of] p2a: Hippowdon\n|move|p1a: Roaring Moon|Dragon Claw|p2a: Hippowdon\n|-damage|p2a: Hippowdon|0 fnt\n|faint|p2a: Hippowdon\n|\n|-weather|Sandstorm|[upkeep]\n|-damage|p1a: Roaring Moon|0 fnt|[from] Sandstorm\n|faint|p1a: Roaring Moon\n|-end|p1a: Roaring Moon|Protosynthesis|[silent]\n|upkeep\n|\n|t:|1697514561\n|switch|p1a: Torkoal|Torkoal, M|6\/100\n|switch|p2a: Dog|Lycanroc, M, shiny|100\/100\n|-damage|p2a: Dog|88\/100|[from] Stealth Rock\n|-weather|SunnyDay|[from] ability: Drought|[of] p1a: Torkoal\n|turn|17\n|\n|t:|1697514569\n|-terastallize|p2a: Dog|Rock\n|move|p2a: Dog|Accelerock|p1a: Torkoal\n|-supereffective|p1a: Torkoal\n|-damage|p1a: Torkoal|0 fnt\n|faint|p1a: Torkoal\n|-damage|p2a: Dog|78\/100|[from] item: Life Orb\n|\n|-weather|SunnyDay|[upkeep]\n|upkeep\n|\n|t:|1697514580\n|switch|p1a: Jumpluff|Jumpluff, M|94\/100\n|turn|18\n|\n|t:|1697514599\n|switch|p2a: HIM|Staraptor, F|100\/100\n|-damage|p2a: HIM|76\/100|[from] Stealth Rock\n|move|p1a: Jumpluff|Cotton Guard|p1a: Jumpluff\n|-boost|p1a: Jumpluff|def|3\n|\n|-weather|SunnyDay|[upkeep]\n|upkeep\n|turn|19\n|\n|t:|1697514607\n|move|p1a: Jumpluff|Sleep Powder|p2a: HIM\n|-status|p2a: HIM|slp|[from] move: Sleep Powder\n|cant|p2a: HIM|slp\n|\n|-weather|SunnyDay|[upkeep]\n|upkeep\n|turn|20\n|\n|t:|1697514612\n|move|p1a: Jumpluff|Cotton Guard|p1a: Jumpluff\n|-boost|p1a: Jumpluff|def|3\n|-curestatus|p2a: HIM|slp|[msg]\n|move|p2a: HIM|Brave Bird|p1a: Jumpluff\n|-supereffective|p1a: Jumpluff\n|-damage|p1a: Jumpluff|42\/100\n|-damage|p2a: HIM|60\/100|[from] Recoil\n|\n|-weather|SunnyDay|[upkeep]\n|upkeep\n|turn|21\n|\n|t:|1697514621\n|move|p1a: Jumpluff|Strength Sap|p2a: HIM\n|-unboost|p2a: HIM|atk|1\n|-heal|p1a: Jumpluff|100\/100\n|move|p2a: HIM|Brave Bird|p1a: Jumpluff\n|-supereffective|p1a: Jumpluff\n|-damage|p1a: Jumpluff|61\/100\n|-damage|p2a: HIM|47\/100|[from] Recoil\n|\n|-weather|none\n|upkeep\n|turn|22\n|\n|t:|1697514634\n|move|p2a: HIM|Brave Bird|p1a: Jumpluff\n|-supereffective|p1a: Jumpluff\n|-damage|p1a: Jumpluff|21\/100\n|-damage|p2a: HIM|35\/100|[from] Recoil\n|move|p1a: Jumpluff|Sleep Powder|p2a: HIM\n|-status|p2a: HIM|slp|[from] move: Sleep Powder\n|\n|upkeep\n|turn|23\n|\n|t:|1697514646\n|switch|p2a: Dog|Lycanroc, M, shiny, tera:Rock|78\/100\n|-damage|p2a: Dog|66\/100|[from] Stealth Rock\n|move|p1a: Jumpluff|Strength Sap|p2a: Dog\n|-unboost|p2a: Dog|atk|1\n|-heal|p1a: Jumpluff|100\/100\n|\n|upkeep\n|turn|24\n|\n|t:|1697514654\n|move|p2a: Dog|Stone Edge|p1a: Jumpluff\n|-supereffective|p1a: Jumpluff\n|-damage|p1a: Jumpluff|58\/100\n|-damage|p2a: Dog|56\/100|[from] item: Life Orb\n|move|p1a: Jumpluff|Leaf Storm|p2a: Dog\n|-supereffective|p2a: Dog\n|-damage|p2a: Dog|0 fnt\n|-unboost|p1a: Jumpluff|spa|2\n|faint|p2a: Dog\n|\n|upkeep\n|\n|t:|1697514661\n|switch|p2a: Backshots|Baxcalibur, M, shiny|100\/100\n|-damage|p2a: Backshots|76\/100|[from] Stealth Rock\n|turn|25\n|\n|t:|1697514668\n|move|p2a: Backshots|Ice Shard|p1a: Jumpluff\n|-supereffective|p1a: Jumpluff\n|-damage|p1a: Jumpluff|3\/100\n|move|p1a: Jumpluff|Strength Sap|p2a: Backshots\n|-unboost|p2a: Backshots|atk|1\n|-heal|p1a: Jumpluff|100\/100\n|\n|upkeep\n|turn|26\n|\n|t:|1697514673\n|move|p2a: Backshots|Ice Shard|p1a: Jumpluff\n|-supereffective|p1a: Jumpluff\n|-damage|p1a: Jumpluff|64\/100\n|move|p1a: Jumpluff|Sleep Powder|p2a: Backshots\n|-message|Sleep Clause Mod activated.\n|-hint|Sleep Clause Mod prevents players from putting more than one of their opponent's Pok\u00e9mon to sleep at a time\n|\n|upkeep\n|turn|27\n|\n|t:|1697514677\n|switch|p2a: tren|Great Tusk|31\/100\n|-damage|p2a: tren|28\/100|[from] Stealth Rock\n|move|p1a: Jumpluff|Sleep Powder|p2a: tren\n|-message|Sleep Clause Mod activated.\n|-hint|Sleep Clause Mod prevents players from putting more than one of their opponent's Pok\u00e9mon to sleep at a time\n|\n|upkeep\n|turn|28\n|\n|t:|1697514685\n|move|p1a: Jumpluff|Leaf Storm|p2a: tren\n|-supereffective|p2a: tren\n|-damage|p2a: tren|0 fnt\n|-unboost|p1a: Jumpluff|spa|2\n|faint|p2a: tren\n|-end|p2a: tren|Protosynthesis|[silent]\n|\n|upkeep\n|\n|t:|1697514689\n|switch|p2a: Backshots|Baxcalibur, M, shiny|76\/100\n|-damage|p2a: Backshots|51\/100|[from] Stealth Rock\n|turn|29\n|\n|t:|1697514700\n|move|p1a: Jumpluff|Strength Sap|p2a: Backshots\n|-unboost|p2a: Backshots|atk|1\n|-heal|p1a: Jumpluff|100\/100\n|move|p2a: Backshots|Icicle Crash|p1a: Jumpluff\n|-supereffective|p1a: Jumpluff\n|-damage|p1a: Jumpluff|27\/100\n|\n|upkeep\n|turn|30\n|\n|t:|1697514713\n|move|p1a: Jumpluff|Strength Sap|p2a: Backshots\n|-unboost|p2a: Backshots|atk|1\n|-heal|p1a: Jumpluff|100\/100\n|move|p2a: Backshots|Icicle Crash|p1a: Jumpluff\n|-supereffective|p1a: Jumpluff\n|-damage|p1a: Jumpluff|42\/100\n|\n|upkeep\n|turn|31\n|\n|t:|1697514723\n|move|p1a: Jumpluff|Strength Sap|p2a: Backshots\n|-unboost|p2a: Backshots|atk|1\n|-heal|p1a: Jumpluff|100\/100\n|move|p2a: Backshots|Icicle Crash|p1a: Jumpluff\n|-supereffective|p1a: Jumpluff\n|-damage|p1a: Jumpluff|51\/100\n|\n|upkeep\n|turn|32\n|\n|t:|1697514731\n|move|p1a: Jumpluff|Strength Sap|p2a: Backshots\n|-unboost|p2a: Backshots|atk|1\n|-heal|p1a: Jumpluff|100\/100\n|move|p2a: Backshots|Icicle Crash|p1a: Jumpluff\n|-supereffective|p1a: Jumpluff\n|-damage|p1a: Jumpluff|59\/100\n|\n|upkeep\n|turn|33\n|\n|t:|1697514735\n|move|p1a: Jumpluff|Leaf Storm|p2a: Backshots\n|-resisted|p2a: Backshots\n|-damage|p2a: Backshots|44\/100\n|-unboost|p1a: Jumpluff|spa|2\n|move|p2a: Backshots|Icicle Crash|p1a: Jumpluff\n|-supereffective|p1a: Jumpluff\n|-damage|p1a: Jumpluff|18\/100\n|\n|upkeep\n|turn|34\n|\n|t:|1697514742\n|move|p1a: Jumpluff|Strength Sap|p2a: Backshots\n|-unboost|p2a: Backshots|atk|1\n|-heal|p1a: Jumpluff|62\/100\n|move|p2a: Backshots|Icicle Crash|p1a: Jumpluff\n|-supereffective|p1a: Jumpluff\n|-damage|p1a: Jumpluff|28\/100\n|\n|upkeep\n|turn|35\n|\n|t:|1697514750\n|move|p1a: Jumpluff|Strength Sap|p2a: Backshots\n|-unboost|p2a: Backshots|atk|1\n|-heal|p1a: Jumpluff|66\/100\n|move|p2a: Backshots|Icicle Crash|p1a: Jumpluff\n|-supereffective|p1a: Jumpluff\n|-damage|p1a: Jumpluff|37\/100\n|\n|upkeep\n|turn|36\n|\n|t:|1697514754\n|move|p1a: Jumpluff|Strength Sap||[still]\n|-fail|p1a: Jumpluff\n|move|p2a: Backshots|Icicle Crash|p1a: Jumpluff\n|-supereffective|p1a: Jumpluff\n|-damage|p1a: Jumpluff|7\/100\n|\n|upkeep\n|turn|37\n|\n|t:|1697514757\n|move|p1a: Jumpluff|Leaf Storm|p2a: Backshots\n|-resisted|p2a: Backshots\n|-damage|p2a: Backshots|39\/100\n|move|p2a: Backshots|Icicle Crash|p1a: Jumpluff\n|-supereffective|p1a: Jumpluff\n|-damage|p1a: Jumpluff|0 fnt\n|faint|p1a: Jumpluff\n|\n|upkeep\n|\n|t:|1697514762\n|switch|p1a: Meowscarada|Meowscarada, M|100\/100\n|-damage|p1a: Meowscarada|88\/100|[from] Stealth Rock\n|turn|38\n|\n|t:|1697514771\n|switch|p2a: HIM|Staraptor, F|35\/100 slp\n|-damage|p2a: HIM|10\/100 slp|[from] Stealth Rock\n|move|p1a: Meowscarada|Play Rough|p2a: HIM\n|-damage|p2a: HIM|0 fnt\n|faint|p2a: HIM\n|\n|upkeep\n|\n|t:|1697514773\n|switch|p2a: Backshots|Baxcalibur, M, shiny|39\/100\n|-damage|p2a: Backshots|14\/100|[from] Stealth Rock\n|turn|39\n|\n|t:|1697514777\n|move|p2a: Backshots|Ice Shard|p1a: Meowscarada\n|-supereffective|p1a: Meowscarada\n|-damage|p1a: Meowscarada|0 fnt\n|faint|p1a: Meowscarada\n|\n|win|bunjinn\n","uploadtime":1697514847,"views":16,"p1id":"bidy","p2id":"bunjinn","formatid":"gen9ubers","rating":0,"private":0,"password":""}