{"id":"gen9ubers-1976851013","p1":"termofservice","p2":"RubenPaCe","format":"[Gen 9] Ubers","log":"|j|\u2606termofservice\n|j|\u2606RubenPaCe\n|t:|1698346463\n|gametype|singles\n|player|p1|termofservice|cynthia-masters|\n|player|p2|RubenPaCe|102|\n|teamsize|p1|6\n|teamsize|p2|6\n|gen|9\n|tier|[Gen 9] Ubers\n|rule|Sleep Clause Mod: Limit one foe put to sleep\n|rule|Species Clause: Limit one of each Pok\u00e9mon\n|rule|OHKO Clause: OHKO moves are banned\n|rule|Evasion Items Clause: Evasion items are banned\n|rule|Evasion Moves Clause: Evasion moves are banned\n|rule|Endless Battle Clause: Forcing endless battles is banned\n|rule|HP Percentage Mod: HP is shown in percentages\n|clearpoke\n|poke|p1|Magearna|\n|poke|p1|Zacian-*|\n|poke|p1|Cyclizar, M|\n|poke|p1|Palkia-Origin|\n|poke|p1|Chi-Yu|\n|poke|p1|Shaymin-Sky|\n|poke|p2|Meowscarada, M|\n|poke|p2|Tyranitar, F|\n|poke|p2|Chi-Yu|\n|poke|p2|Zacian-*|\n|poke|p2|Palkia-Origin|\n|poke|p2|Houndstone, M|\n|teampreview\n|\n|t:|1698346477\n|start\n|switch|p1a: Palkia|Palkia-Origin|100\/100\n|switch|p2a: Tyranitar|Tyranitar, F|100\/100\n|-ability|p1a: Palkia|Pressure\n|-weather|Sandstorm|[from] ability: Sand Stream|[of] p2a: Tyranitar\n|turn|1\n|\n|t:|1698346513\n|-terastallize|p1a: Palkia|Water\n|move|p1a: Palkia|Hydro Pump|p2a: Tyranitar\n|-supereffective|p2a: Tyranitar\n|-damage|p2a: Tyranitar|0 fnt\n|faint|p2a: Tyranitar\n|\n|-weather|Sandstorm|[upkeep]\n|-damage|p1a: Palkia|94\/100|[from] Sandstorm\n|upkeep\n|\n|t:|1698346518\n|switch|p2a: Meowscarada|Meowscarada, M|100\/100\n|turn|2\n|\n|t:|1698346525\n|switch|p1a: Magearna|Magearna|100\/100\n|move|p2a: Meowscarada|Toxic Spikes|p1a: Magearna\n|-start|p2a: Meowscarada|typechange|Poison|[from] ability: Protean\n|-sidestart|p1: termofservice|move: Toxic Spikes\n|\n|-weather|Sandstorm|[upkeep]\n|-damage|p2a: Meowscarada|94\/100|[from] Sandstorm\n|upkeep\n|turn|3\n|\n|t:|1698346530\n|move|p2a: Meowscarada|Taunt|p1a: Magearna\n|-start|p1a: Magearna|move: Taunt\n|cant|p1a: Magearna|move: Taunt|Thunder Wave\n|\n|-weather|Sandstorm|[upkeep]\n|-damage|p2a: Meowscarada|88\/100|[from] Sandstorm\n|upkeep\n|turn|4\n|\n|t:|1698346534\n|switch|p1a: Cyclizar|Cyclizar, M|100\/100\n|move|p2a: Meowscarada|Knock Off|p1a: Cyclizar\n|-damage|p1a: Cyclizar|57\/100\n|-enditem|p1a: Cyclizar|Heavy-Duty Boots|[from] move: Knock Off|[of] p2a: Meowscarada\n|\n|-weather|Sandstorm|[upkeep]\n|-damage|p2a: Meowscarada|82\/100|[from] Sandstorm\n|-damage|p1a: Cyclizar|51\/100|[from] Sandstorm\n|upkeep\n|turn|5\n|\n|t:|1698346542\n|move|p2a: Meowscarada|Knock Off|p1a: Cyclizar\n|-damage|p1a: Cyclizar|19\/100\n|move|p1a: Cyclizar|Shed Tail|p1a: Cyclizar\n|-fail|p1a: Cyclizar|move: Shed Tail|[weak]\n|\n|-weather|Sandstorm|[upkeep]\n|-damage|p2a: Meowscarada|76\/100|[from] Sandstorm\n|-damage|p1a: Cyclizar|13\/100|[from] Sandstorm\n|upkeep\n|turn|6\n|\n|t:|1698346548\n|move|p2a: Meowscarada|Toxic Spikes|p1a: Cyclizar\n|-sidestart|p1: termofservice|move: Toxic Spikes\n|move|p1a: Cyclizar|Draco Meteor|p2a: Meowscarada\n|-damage|p2a: Meowscarada|16\/100\n|-unboost|p1a: Cyclizar|spa|2\n|\n|-weather|Sandstorm|[upkeep]\n|-damage|p2a: Meowscarada|9\/100|[from] Sandstorm\n|-damage|p1a: Cyclizar|7\/100|[from] Sandstorm\n|upkeep\n|turn|7\n|\n|t:|1698346552\n|move|p2a: Meowscarada|Knock Off|p1a: Cyclizar\n|-damage|p1a: Cyclizar|0 fnt\n|faint|p1a: Cyclizar\n|\n|-weather|Sandstorm|[upkeep]\n|-damage|p2a: Meowscarada|3\/100|[from] Sandstorm\n|upkeep\n|\n|t:|1698346561\n|switch|p1a: Shaymin|Shaymin-Sky|100\/100\n|turn|8\n|\n|t:|1698346566\n|move|p2a: Meowscarada|Taunt|p1a: Shaymin\n|-start|p1a: Shaymin|move: Taunt\n|cant|p1a: Shaymin|move: Taunt|Tailwind\n|\n|-weather|none\n|upkeep\n|turn|9\n|\n|t:|1698346576\n|move|p2a: Meowscarada|Knock Off|p1a: Shaymin\n|-damage|p1a: Shaymin|65\/100\n|-enditem|p1a: Shaymin|Sky Plate|[from] move: Knock Off|[of] p2a: Meowscarada\n|move|p1a: Shaymin|Air Slash|p2a: Meowscarada\n|-damage|p2a: Meowscarada|0 fnt\n|faint|p2a: Meowscarada\n|\n|upkeep\n|\n|t:|1698346595\n|switch|p2a: Zacian|Zacian|100\/100\n|-ability|p2a: Zacian|Intrepid Sword|boost\n|-boost|p2a: Zacian|atk|1\n|turn|10\n|\n|t:|1698346603\n|move|p2a: Zacian|Wild Charge|p1a: Shaymin\n|-damage|p1a: Shaymin|0 fnt\n|faint|p1a: Shaymin\n|-damage|p2a: Zacian|84\/100|[from] Recoil\n|\n|upkeep\n|\n|t:|1698346608\n|switch|p1a: Magearna|Magearna|100\/100\n|turn|11\n|\n|t:|1698346616\n|switch|p2a: Houndstone|Houndstone, M|100\/100\n|move|p1a: Magearna|Thunder Wave|p2a: Houndstone\n|-status|p2a: Houndstone|par\n|\n|upkeep\n|turn|12\n|\n|t:|1698346620\n|move|p1a: Magearna|Calm Mind|p1a: Magearna\n|-boost|p1a: Magearna|spa|1\n|-boost|p1a: Magearna|spd|1\n|move|p2a: Houndstone|Last Respects|p1a: Magearna\n|-damage|p1a: Magearna|35\/100\n|\n|-heal|p1a: Magearna|41\/100|[from] item: Leftovers\n|upkeep\n|turn|13\n|\n|t:|1698346623\n|move|p1a: Magearna|Draining Kiss|p2a: Houndstone\n|-damage|p2a: Houndstone|52\/100 par\n|-heal|p1a: Magearna|70\/100|[from] drain|[of] p2a: Houndstone\n|move|p2a: Houndstone|Last Respects|p1a: Magearna\n|-damage|p1a: Magearna|7\/100\n|\n|-heal|p1a: Magearna|13\/100|[from] item: Leftovers\n|upkeep\n|turn|14\n|\n|t:|1698346627\n|cant|p2a: Houndstone|par\n|move|p1a: Magearna|Draining Kiss|p2a: Houndstone\n|-damage|p2a: Houndstone|0 fnt\n|-heal|p1a: Magearna|43\/100|[from] drain|[of] p2a: Houndstone\n|faint|p2a: Houndstone\n|-ability|p1a: Magearna|Soul-Heart|boost\n|-boost|p1a: Magearna|spa|1\n|\n|-heal|p1a: Magearna|49\/100|[from] item: Leftovers\n|upkeep\n|c|\u2606RubenPaCe|bad moment to get the para damn\n|\n|t:|1698346638\n|switch|p2a: Chi-Yu|Chi-Yu|100\/100\n|-ability|p2a: Chi-Yu|Beads of Ruin\n|turn|15\n|\n|t:|1698346651\n|move|p2a: Chi-Yu|Flamethrower|p1a: Magearna\n|-supereffective|p1a: Magearna\n|-damage|p1a: Magearna|0 fnt\n|faint|p1a: Magearna\n|\n|upkeep\n|\n|t:|1698346658\n|switch|p1a: Palkia|Palkia-Origin, tera:Water|94\/100\n|-status|p1a: Palkia|tox\n|-ability|p1a: Palkia|Pressure\n|turn|16\n|\n|t:|1698346666\n|switch|p2a: Palkia|Palkia-Origin|100\/100\n|-ability|p2a: Palkia|Pressure\n|move|p1a: Palkia|Draco Meteor|p2a: Palkia\n|-supereffective|p2a: Palkia\n|-damage|p2a: Palkia|0 fnt\n|-unboost|p1a: Palkia|spa|2\n|faint|p2a: Palkia\n|\n|-damage|p1a: Palkia|88\/100 tox|[from] psn\n|upkeep\n|\n|t:|1698346667\n|switch|p2a: Zacian|Zacian|84\/100\n|turn|17\n|\n|t:|1698346671\n|switch|p1a: Chi-Yu|Chi-Yu|100\/100\n|-ability|p1a: Chi-Yu|Beads of Ruin\n|move|p2a: Zacian|Play Rough|p1a: Chi-Yu\n|-damage|p1a: Chi-Yu|0 fnt\n|faint|p1a: Chi-Yu\n|\n|upkeep\n|\n|t:|1698346674\n|switch|p1a: Zacian|Zacian|100\/100\n|-status|p1a: Zacian|tox\n|-ability|p1a: Zacian|Intrepid Sword|boost\n|-boost|p1a: Zacian|atk|1\n|turn|18\n|\n|t:|1698346676\n|move|p2a: Zacian|Play Rough|p1a: Zacian\n|-damage|p1a: Zacian|41\/100 tox\n|move|p1a: Zacian|Play Rough|p2a: Zacian\n|-damage|p2a: Zacian|0 fnt\n|faint|p2a: Zacian\n|\n|-damage|p1a: Zacian|35\/100 tox|[from] psn\n|upkeep\n|\n|t:|1698346681\n|switch|p2a: Chi-Yu|Chi-Yu|100\/100\n|-ability|p2a: Chi-Yu|Beads of Ruin\n|turn|19\n|\n|t:|1698346686\n|-terastallize|p2a: Chi-Yu|Fire\n|move|p2a: Chi-Yu|Dark Pulse|p1a: Zacian\n|-resisted|p1a: Zacian\n|-damage|p1a: Zacian|6\/100 tox\n|move|p1a: Zacian|Play Rough|p2a: Chi-Yu\n|-resisted|p2a: Chi-Yu\n|-damage|p2a: Chi-Yu|20\/100\n|\n|-damage|p1a: Zacian|0 fnt|[from] psn\n|faint|p1a: Zacian\n|upkeep\n|\n|t:|1698346691\n|switch|p1a: Palkia|Palkia-Origin, tera:Water|88\/100 tox\n|-ability|p1a: Palkia|Pressure\n|turn|20\n|\n|t:|1698346697\n|move|p2a: Chi-Yu|Dark Pulse|p1a: Palkia\n|-damage|p1a: Palkia|26\/100 tox\n|move|p1a: Palkia|Thunderbolt|p2a: Chi-Yu\n|-damage|p2a: Chi-Yu|0 fnt\n|faint|p2a: Chi-Yu\n|\n|win|termofservice\n|c|\u2606termofservice|GG\n|c|\u2606RubenPaCe|gg\n","uploadtime":1698346703,"views":19,"p1id":"termofservice","p2id":"rubenpace","formatid":"gen9ubers","rating":0,"private":0,"password":""}