{"id":"gen9ubers-1978513118","p1":"thavage","p2":"Manatsu","format":"[Gen 9] Ubers","log":"|j|\u2606thavage\n|j|\u2606Manatsu\n|t:|1698548850\n|gametype|singles\n|player|p1|thavage|101|\n|player|p2|Manatsu|2|\n|teamsize|p1|6\n|teamsize|p2|6\n|gen|9\n|tier|[Gen 9] Ubers\n|rule|Sleep Clause Mod: Limit one foe put to sleep\n|rule|Species Clause: Limit one of each Pok\u00e9mon\n|rule|OHKO Clause: OHKO moves are banned\n|rule|Evasion Items Clause: Evasion items are banned\n|rule|Evasion Moves Clause: Evasion moves are banned\n|rule|Endless Battle Clause: Forcing endless battles is banned\n|rule|HP Percentage Mod: HP is shown in percentages\n|clearpoke\n|poke|p1|Cinderace, M|\n|poke|p1|Munkidori, M|\n|poke|p1|Kingambit, M|\n|poke|p1|Thundurus-Therian, M|\n|poke|p1|Annihilape, F|\n|poke|p1|Kleavor, F|\n|poke|p2|Ogerpon-Cornerstone, F|\n|poke|p2|Mimikyu, F|\n|poke|p2|Walking Wake|\n|poke|p2|Iron Bundle|\n|poke|p2|Torkoal, M|\n|poke|p2|Clodsire, F|\n|teampreview\n|inactive|Battle timer is ON: inactive players will automatically lose when time's up. (requested by Manatsu)\n|inactive|thavage has 270 seconds left.\n|inactive|Manatsu has 270 seconds left.\n|inactiveoff|Battle timer is now OFF.\n|c|\u2606Manatsu|I can wait a minute in case anyone wants to watch\n|j| KaoVT\n|\n|t:|1698548904\n|start\n|switch|p1a: Pack of smokes|Kleavor, F|100\/100\n|switch|p2a: Ogerpon|Ogerpon-Cornerstone, F|100\/100\n|turn|1\n|\n|t:|1698548935\n|move|p1a: Pack of smokes|Close Combat|p2a: Ogerpon\n|-supereffective|p2a: Ogerpon\n|-ability|p2a: Ogerpon|Sturdy\n|-damage|p2a: Ogerpon|1\/100\n|-unboost|p1a: Pack of smokes|def|1\n|-unboost|p1a: Pack of smokes|spd|1\n|move|p2a: Ogerpon|Ivy Cudgel|p1a: Pack of smokes\n|-supereffective|p1a: Pack of smokes\n|-damage|p1a: Pack of smokes|0 fnt\n|faint|p1a: Pack of smokes\n|\n|upkeep\n|c|\u2606Manatsu|bruh\n|c|\u2606Manatsu|you actually\n|c|\u2606Manatsu|scarfed him\n|c|\u2606Manatsu|respect\n|c|\u2606thavage|haha\n|\n|t:|1698548969\n|switch|p1a: Gingerface|Cinderace, M|100\/100\n|turn|2\n|\n|t:|1698548976\n|switch|p2a: Torkoal|Torkoal, M|100\/100\n|-weather|SunnyDay|[from] ability: Drought|[of] p2a: Torkoal\n|move|p1a: Gingerface|U-turn|p2a: Torkoal\n|-start|p1a: Gingerface|typechange|Bug|[from] ability: Libero\n|-resisted|p2a: Torkoal\n|-damage|p2a: Torkoal|92\/100\n|\n|t:|1698548995\n|switch|p1a: Liverking|Annihilape, F|100\/100|[from] U-turn\n|\n|-weather|SunnyDay|[upkeep]\n|upkeep\n|turn|3\n|\n|t:|1698549009\n|move|p1a: Liverking|Bulk Up|p1a: Liverking\n|-boost|p1a: Liverking|atk|1\n|-boost|p1a: Liverking|def|1\n|move|p2a: Torkoal|Will-O-Wisp|p1a: Liverking\n|-status|p1a: Liverking|brn\n|\n|-weather|SunnyDay|[upkeep]\n|-damage|p1a: Liverking|94\/100 brn|[from] brn\n|upkeep\n|turn|4\n|\n|t:|1698549022\n|switch|p2a: Clodsire|Clodsire, F|100\/100\n|move|p1a: Liverking|Bulk Up|p1a: Liverking\n|-boost|p1a: Liverking|atk|1\n|-boost|p1a: Liverking|def|1\n|\n|-weather|SunnyDay|[upkeep]\n|-heal|p1a: Liverking|100\/100 brn|[from] item: Leftovers\n|-damage|p1a: Liverking|94\/100 brn|[from] brn\n|upkeep\n|turn|5\n|\n|t:|1698549032\n|move|p1a: Liverking|Taunt|p2a: Clodsire\n|-start|p2a: Clodsire|move: Taunt\n|move|p2a: Clodsire|Earthquake|p1a: Liverking\n|-damage|p1a: Liverking|67\/100 brn\n|\n|-weather|SunnyDay|[upkeep]\n|-heal|p1a: Liverking|73\/100 brn|[from] item: Leftovers\n|-damage|p1a: Liverking|67\/100 brn|[from] brn\n|upkeep\n|turn|6\n|\n|t:|1698549058\n|move|p1a: Liverking|Drain Punch|p2a: Clodsire\n|-resisted|p2a: Clodsire\n|-damage|p2a: Clodsire|92\/100\n|-heal|p1a: Liverking|71\/100 brn|[from] drain|[of] p2a: Clodsire\n|move|p2a: Clodsire|Earthquake|p1a: Liverking\n|-damage|p1a: Liverking|45\/100 brn\n|\n|-weather|SunnyDay|[upkeep]\n|-heal|p1a: Liverking|51\/100 brn|[from] item: Leftovers\n|-heal|p2a: Clodsire|99\/100|[from] item: Leftovers\n|-damage|p1a: Liverking|45\/100 brn|[from] brn\n|upkeep\n|turn|7\n|\n|t:|1698549082\n|switch|p1a: Dope ascetic|Munkidori, M|100\/100\n|move|p2a: Clodsire|Earthquake|p1a: Dope ascetic\n|-supereffective|p1a: Dope ascetic\n|-damage|p1a: Dope ascetic|18\/100\n|\n|-weather|SunnyDay|[upkeep]\n|-heal|p2a: Clodsire|100\/100|[from] item: Leftovers\n|-end|p2a: Clodsire|move: Taunt\n|upkeep\n|turn|8\n|\n|t:|1698549128\n|move|p1a: Dope ascetic|Psychic|p2a: Clodsire\n|-supereffective|p2a: Clodsire\n|-damage|p2a: Clodsire|47\/100\n|-unboost|p2a: Clodsire|spd|1\n|move|p2a: Clodsire|Earthquake|p1a: Dope ascetic\n|-supereffective|p1a: Dope ascetic\n|-damage|p1a: Dope ascetic|0 fnt\n|faint|p1a: Dope ascetic\n|\n|-weather|SunnyDay|[upkeep]\n|-heal|p2a: Clodsire|53\/100|[from] item: Leftovers\n|upkeep\n|\n|t:|1698549139\n|switch|p1a: Thunturdus-Pee|Thundurus-Therian, M|100\/100\n|turn|9\n|\n|t:|1698549152\n|switch|p2a: Ogerpon|Ogerpon-Cornerstone, F|1\/100\n|move|p1a: Thunturdus-Pee|Nasty Plot|p1a: Thunturdus-Pee\n|-boost|p1a: Thunturdus-Pee|spa|2\n|\n|-weather|none\n|upkeep\n|turn|10\n|\n|t:|1698549169\n|move|p2a: Ogerpon|Low Kick|p1a: Thunturdus-Pee\n|-resisted|p1a: Thunturdus-Pee\n|-damage|p1a: Thunturdus-Pee|77\/100\n|move|p1a: Thunturdus-Pee|Flash Cannon|p2a: Ogerpon\n|-supereffective|p2a: Ogerpon\n|-damage|p2a: Ogerpon|0 fnt\n|faint|p2a: Ogerpon\n|\n|upkeep\n|\n|t:|1698549182\n|switch|p2a: Iron Bundle|Iron Bundle|100\/100\n|-enditem|p2a: Iron Bundle|Booster Energy\n|-activate|p2a: Iron Bundle|ability: Quark Drive|[fromitem]\n|-start|p2a: Iron Bundle|quarkdrivespe\n|turn|11\n|\n|t:|1698549195\n|move|p2a: Iron Bundle|Ice Beam|p1a: Thunturdus-Pee\n|-supereffective|p1a: Thunturdus-Pee\n|-damage|p1a: Thunturdus-Pee|0 fnt\n|faint|p1a: Thunturdus-Pee\n|\n|upkeep\n|\n|t:|1698549202\n|switch|p1a: Dingalingambit|Kingambit, M|100\/100\n|-activate|p1a: Dingalingambit|ability: Supreme Overlord\n|-start|p1a: Dingalingambit|fallen3|[silent]\n|turn|12\n|\n|t:|1698549220\n|-end|p2a: Iron Bundle|Quark Drive|[silent]\n|switch|p2a: Torkoal|Torkoal, M|92\/100\n|-weather|SunnyDay|[from] ability: Drought|[of] p2a: Torkoal\n|move|p1a: Dingalingambit|Swords Dance|p1a: Dingalingambit\n|-boost|p1a: Dingalingambit|atk|2\n|\n|-weather|SunnyDay|[upkeep]\n|upkeep\n|turn|13\n|\n|t:|1698549240\n|move|p1a: Dingalingambit|Iron Head|p2a: Torkoal\n|-resisted|p2a: Torkoal\n|-damage|p2a: Torkoal|55\/100\n|move|p2a: Torkoal|Will-O-Wisp|p1a: Dingalingambit\n|-status|p1a: Dingalingambit|brn\n|\n|-weather|SunnyDay|[upkeep]\n|-damage|p1a: Dingalingambit|94\/100 brn|[from] brn\n|upkeep\n|turn|14\n|j| DivogoJota\n|\n|t:|1698549267\n|move|p1a: Dingalingambit|Kowtow Cleave|p2a: Torkoal\n|-damage|p2a: Torkoal|11\/100\n|move|p2a: Torkoal|Lava Plume|p1a: Dingalingambit\n|-supereffective|p1a: Dingalingambit\n|-damage|p1a: Dingalingambit|27\/100 brn\n|\n|-weather|SunnyDay|[upkeep]\n|-damage|p1a: Dingalingambit|21\/100 brn|[from] brn\n|upkeep\n|turn|15\n|\n|t:|1698549291\n|move|p1a: Dingalingambit|Kowtow Cleave|p2a: Torkoal\n|-damage|p2a: Torkoal|0 fnt\n|faint|p2a: Torkoal\n|\n|-weather|SunnyDay|[upkeep]\n|-damage|p1a: Dingalingambit|15\/100 brn|[from] brn\n|upkeep\n|\n|t:|1698549300\n|switch|p2a: Clodsire|Clodsire, F|53\/100\n|turn|16\n|c|\u2606thavage|pain\n|\n|t:|1698549328\n|move|p1a: Dingalingambit|Kowtow Cleave|p2a: Clodsire\n|-damage|p2a: Clodsire|6\/100\n|move|p2a: Clodsire|Recover|p2a: Clodsire\n|-heal|p2a: Clodsire|56\/100\n|\n|-weather|SunnyDay|[upkeep]\n|-heal|p2a: Clodsire|62\/100|[from] item: Leftovers\n|-damage|p1a: Dingalingambit|8\/100 brn|[from] brn\n|upkeep\n|turn|17\n|\n|t:|1698549345\n|move|p1a: Dingalingambit|Kowtow Cleave|p2a: Clodsire\n|-damage|p2a: Clodsire|19\/100\n|move|p2a: Clodsire|Recover|p2a: Clodsire\n|-heal|p2a: Clodsire|69\/100\n|\n|-weather|SunnyDay|[upkeep]\n|-heal|p2a: Clodsire|75\/100|[from] item: Leftovers\n|-damage|p1a: Dingalingambit|2\/100 brn|[from] brn\n|upkeep\n|turn|18\n|\n|t:|1698549354\n|move|p1a: Dingalingambit|Kowtow Cleave|p2a: Clodsire\n|-damage|p2a: Clodsire|30\/100\n|move|p2a: Clodsire|Recover|p2a: Clodsire\n|-heal|p2a: Clodsire|80\/100\n|\n|-weather|SunnyDay|[upkeep]\n|-heal|p2a: Clodsire|86\/100|[from] item: Leftovers\n|-damage|p1a: Dingalingambit|0 fnt|[from] brn\n|faint|p1a: Dingalingambit\n|-end|p1a: Dingalingambit|fallen3|[silent]\n|upkeep\n|\n|t:|1698549365\n|switch|p1a: Gingerface|Cinderace, M|100\/100\n|turn|19\n|\n|t:|1698549381\n|move|p1a: Gingerface|Pyro Ball|p2a: Clodsire\n|-damage|p2a: Clodsire|0 fnt\n|faint|p2a: Clodsire\n|\n|-weather|none\n|upkeep\n|\n|t:|1698549415\n|switch|p2a: Walking Wake|Walking Wake|100\/100\n|turn|20\n|\n|t:|1698549423\n|move|p1a: Gingerface|Sucker Punch|p2a: Walking Wake\n|-start|p1a: Gingerface|typechange|Dark|[from] ability: Libero\n|-damage|p2a: Walking Wake|65\/100\n|move|p2a: Walking Wake|Hydro Steam|p1a: Gingerface\n|-damage|p1a: Gingerface|38\/100\n|\n|upkeep\n|turn|21\n|\n|t:|1698549440\n|move|p2a: Walking Wake|Hydro Steam|p1a: Gingerface\n|-damage|p1a: Gingerface|0 fnt\n|faint|p1a: Gingerface\n|\n|upkeep\n|\n|t:|1698549448\n|switch|p1a: Liverking|Annihilape, F|45\/100 brn\n|turn|22\n|\n|t:|1698549455\n|move|p2a: Walking Wake|Hydro Steam|p1a: Liverking\n|-damage|p1a: Liverking|21\/100 brn\n|move|p1a: Liverking|Drain Punch|p2a: Walking Wake\n|-damage|p2a: Walking Wake|50\/100\n|-heal|p1a: Liverking|28\/100 brn|[from] drain|[of] p2a: Walking Wake\n|\n|-heal|p1a: Liverking|34\/100 brn|[from] item: Leftovers\n|-damage|p1a: Liverking|28\/100 brn|[from] brn\n|upkeep\n|turn|23\n|\n|t:|1698549465\n|move|p2a: Walking Wake|Hydro Steam|p1a: Liverking\n|-damage|p1a: Liverking|0 fnt\n|faint|p1a: Liverking\n|\n|win|Manatsu\n|c|\u2606thavage|gg\n|c| DivogoJota|Gg\n|c|\u2606Manatsu|gg\n|c|\u2606Manatsu|i made a mistake\n|l| KaoVT\n|c|\u2606Manatsu|i accidentally gave torkoal shell smash lmfao\n|c|\u2606thavage|ill take\n|c|\u2606thavage|\"things a loser doesnt want to hear after losing\" for 500\n|c| DivogoJota|Haha\n|c|\u2606thavage|i deadass thought torkoal was fire rock\n|c|\u2606thavage|and things went to shit in short order\n|c| DivogoJota|Magcargo?\n|c|\u2606Manatsu|ah\n|c|\u2606Manatsu|sadday\n","uploadtime":1698549503,"views":24,"p1id":"thavage","p2id":"manatsu","formatid":"gen9ubers","rating":0,"private":0,"password":""}