{"id":"gen9ubers-1970396257","p1":"Kabunger","p2":"termofservice","format":"[Gen 9] Ubers","log":"|j|\u2606Kabunger\n|j|\u2606termofservice\n|t:|1697635416\n|gametype|singles\n|player|p1|Kabunger|hilda-wonderlauncher|\n|player|p2|termofservice|cynthia-masters|\n|teamsize|p1|6\n|teamsize|p2|6\n|gen|9\n|tier|[Gen 9] Ubers\n|rule|Sleep Clause Mod: Limit one foe put to sleep\n|rule|Species Clause: Limit one of each Pok\u00e9mon\n|rule|OHKO Clause: OHKO moves are banned\n|rule|Evasion Items Clause: Evasion items are banned\n|rule|Evasion Moves Clause: Evasion moves are banned\n|rule|Endless Battle Clause: Forcing endless battles is banned\n|rule|HP Percentage Mod: HP is shown in percentages\n|clearpoke\n|poke|p1|Palafin, M|\n|poke|p1|Cyclizar, F|\n|poke|p1|Dialga|\n|poke|p1|Weezing-Galar, F|\n|poke|p1|Chi-Yu|\n|poke|p1|Gastrodon-East, M|\n|poke|p2|Torkoal, F|\n|poke|p2|Walking Wake|\n|poke|p2|Arceus-Fire|\n|poke|p2|Shaymin-Sky|\n|poke|p2|Volcarona, M|\n|poke|p2|Tsareena, F|\n|teampreview\n|\n|t:|1697635430\n|start\n|switch|p1a: Chi-Yu|Chi-Yu|100\/100\n|switch|p2a: Shaymin|Shaymin-Sky|100\/100\n|-ability|p1a: Chi-Yu|Beads of Ruin\n|turn|1\n|inactive|Battle timer is ON: inactive players will automatically lose when time's up. (requested by Kabunger)\n|\n|t:|1697635440\n|move|p2a: Shaymin|Earth Power|p1a: Chi-Yu\n|-supereffective|p1a: Chi-Yu\n|-damage|p1a: Chi-Yu|34\/100\n|move|p1a: Chi-Yu|Flamethrower|p2a: Shaymin\n|-supereffective|p2a: Shaymin\n|-damage|p2a: Shaymin|0 fnt\n|faint|p2a: Shaymin\n|\n|upkeep\n|c|\u2606Kabunger|glhf\n|\n|t:|1697635449\n|switch|p2a: Arceus|Arceus-Fire|100\/100\n|turn|2\n|\n|t:|1697635453\n|switch|p1a: Gastrodon|Gastrodon-East, M|100\/100\n|move|p2a: Arceus|Rock Slide|p1a: Gastrodon|[miss]\n|-miss|p2a: Arceus|p1a: Gastrodon\n|\n|upkeep\n|turn|3\n|\n|t:|1697635458\n|switch|p2a: Tsareena|Tsareena, F|100\/100\n|move|p1a: Gastrodon|Yawn|p2a: Tsareena\n|-start|p2a: Tsareena|move: Yawn|[of] p1a: Gastrodon\n|\n|upkeep\n|turn|4\n|\n|t:|1697635465\n|switch|p2a: Torkoal|Torkoal, F|100\/100\n|-weather|SunnyDay|[from] ability: Drought|[of] p2a: Torkoal\n|switch|p1a: Weezing|Weezing-Galar, F|100\/100\n|\n|-weather|SunnyDay|[upkeep]\n|upkeep\n|turn|5\n|\n|t:|1697635477\n|switch|p1a: Cyclizar|Cyclizar, F|100\/100\n|move|p2a: Torkoal|Lava Plume|p1a: Cyclizar\n|-resisted|p1a: Cyclizar\n|-damage|p1a: Cyclizar|65\/100\n|\n|-weather|SunnyDay|[upkeep]\n|upkeep\n|turn|6\n|\n|t:|1697635482\n|move|p1a: Cyclizar|Knock Off|p2a: Torkoal\n|-crit|p2a: Torkoal\n|-damage|p2a: Torkoal|77\/100\n|-enditem|p2a: Torkoal|Heat Rock|[from] move: Knock Off|[of] p1a: Cyclizar\n|move|p2a: Torkoal|Lava Plume|p1a: Cyclizar\n|-resisted|p1a: Cyclizar\n|-damage|p1a: Cyclizar|25\/100\n|\n|-weather|SunnyDay|[upkeep]\n|upkeep\n|turn|7\n|\n|t:|1697635490\n|switch|p1a: Gastrodon|Gastrodon-East, M|100\/100\n|move|p2a: Torkoal|Lava Plume|p1a: Gastrodon\n|-resisted|p1a: Gastrodon\n|-damage|p1a: Gastrodon|82\/100\n|\n|-weather|SunnyDay|[upkeep]\n|-heal|p1a: Gastrodon|88\/100|[from] item: Leftovers\n|upkeep\n|turn|8\n|\n|t:|1697635493\n|move|p1a: Gastrodon|Yawn|p2a: Torkoal\n|-start|p2a: Torkoal|move: Yawn|[of] p1a: Gastrodon\n|move|p2a: Torkoal|Solar Beam||[still]\n|-prepare|p2a: Torkoal|Solar Beam\n|-anim|p2a: Torkoal|Solar Beam|p1a: Gastrodon\n|-supereffective|p1a: Gastrodon\n|-damage|p1a: Gastrodon|0 fnt\n|faint|p1a: Gastrodon\n|\n|-weather|SunnyDay|[upkeep]\n|upkeep\n|\n|t:|1697635498\n|switch|p1a: Chi-Yu|Chi-Yu|34\/100\n|-ability|p1a: Chi-Yu|Beads of Ruin\n|turn|9\n|\n|t:|1697635508\n|move|p1a: Chi-Yu|Dark Pulse|p2a: Torkoal\n|-damage|p2a: Torkoal|7\/100\n|move|p2a: Torkoal|Lava Plume|p1a: Chi-Yu\n|-resisted|p1a: Chi-Yu\n|-damage|p1a: Chi-Yu|6\/100\n|\n|-weather|SunnyDay|[upkeep]\n|-end|p2a: Torkoal|move: Yawn|[silent]\n|-status|p2a: Torkoal|slp\n|upkeep\n|turn|10\n|\n|t:|1697635514\n|switch|p2a: Walking Wake|Walking Wake|100\/100\n|-activate|p2a: Walking Wake|ability: Protosynthesis\n|-start|p2a: Walking Wake|protosynthesisspe\n|move|p1a: Chi-Yu|Nasty Plot|p1a: Chi-Yu\n|-boost|p1a: Chi-Yu|spa|2\n|\n|-weather|SunnyDay|[upkeep]\n|upkeep\n|turn|11\n|\n|t:|1697635523\n|switch|p1a: Weezing|Weezing-Galar, F|100\/100\n|move|p2a: Walking Wake|Hydro Steam|p1a: Weezing\n|-damage|p1a: Weezing|0 fnt\n|faint|p1a: Weezing\n|\n|-weather|none\n|-end|p2a: Walking Wake|Protosynthesis\n|upkeep\n|\n|t:|1697635528\n|switch|p1a: Dialga|Dialga|100\/100\n|-ability|p1a: Dialga|Pressure\n|turn|12\n|\n|t:|1697635539\n|-end|p2a: Walking Wake|Protosynthesis|[silent]\n|switch|p2a: Arceus|Arceus-Fire|100\/100\n|move|p1a: Dialga|Draco Meteor|p2a: Arceus\n|-damage|p2a: Arceus|37\/100\n|-unboost|p1a: Dialga|spa|2\n|\n|upkeep\n|turn|13\n|\n|t:|1697635543\n|move|p2a: Arceus|Swords Dance|p2a: Arceus\n|-boost|p2a: Arceus|atk|2\n|move|p1a: Dialga|Stealth Rock|p2a: Arceus\n|-sidestart|p2: termofservice|move: Stealth Rock\n|\n|upkeep\n|turn|14\n|\n|t:|1697635545\n|move|p2a: Arceus|Earthquake|p1a: Dialga\n|-supereffective|p1a: Dialga\n|-damage|p1a: Dialga|0 fnt\n|faint|p1a: Dialga\n|\n|upkeep\n|\n|t:|1697635551\n|switch|p1a: Palafin|Palafin, M|100\/100\n|turn|15\n|\n|t:|1697635564\n|detailschange|p1a: Palafin|Palafin-Hero, M\n|switch|p1a: Cyclizar|Cyclizar, F|58\/100\n|move|p2a: Arceus|Earthquake|p1a: Cyclizar\n|-damage|p1a: Cyclizar|0 fnt\n|faint|p1a: Cyclizar\n|\n|upkeep\n|\n|t:|1697635567\n|switch|p1a: Palafin|Palafin-Hero, M|100\/100\n|-activate|p1a: Palafin|ability: Zero to Hero\n|turn|16\n|\n|t:|1697635573\n|move|p1a: Palafin|Jet Punch|p2a: Arceus\n|-supereffective|p2a: Arceus\n|-damage|p2a: Arceus|0 fnt\n|faint|p2a: Arceus\n|\n|upkeep\n|\n|t:|1697635578\n|switch|p2a: Torkoal|Torkoal, F|7\/100 slp\n|-damage|p2a: Torkoal|0 fnt|[from] Stealth Rock\n|faint|p2a: Torkoal\n|\n|t:|1697635584\n|switch|p2a: Walking Wake|Walking Wake|100\/100\n|-damage|p2a: Walking Wake|88\/100|[from] Stealth Rock\n|turn|17\n|\n|t:|1697635588\n|switch|p1a: Chi-Yu|Chi-Yu|6\/100\n|-ability|p1a: Chi-Yu|Beads of Ruin\n|move|p2a: Walking Wake|Draco Meteor|p1a: Chi-Yu\n|-damage|p1a: Chi-Yu|0 fnt\n|-unboost|p2a: Walking Wake|spa|2\n|faint|p1a: Chi-Yu\n|\n|upkeep\n|\n|t:|1697635593\n|switch|p1a: Palafin|Palafin-Hero, M|100\/100\n|turn|18\n|\n|t:|1697635609\n|-end|p2a: Walking Wake|Protosynthesis|[silent]\n|switch|p2a: Tsareena|Tsareena, F|100\/100\n|-damage|p2a: Tsareena|88\/100|[from] Stealth Rock\n|move|p1a: Palafin|Bulk Up|p1a: Palafin\n|-boost|p1a: Palafin|atk|1\n|-boost|p1a: Palafin|def|1\n|\n|upkeep\n|turn|19\n|\n|t:|1697635618\n|-terastallize|p1a: Palafin|Water\n|move|p2a: Tsareena|Trailblaze|p1a: Palafin\n|-supereffective|p1a: Palafin\n|-damage|p1a: Palafin|59\/100\n|-boost|p2a: Tsareena|spe|1\n|-damage|p2a: Tsareena|78\/100|[from] item: Life Orb\n|move|p1a: Palafin|Wave Crash|p2a: Tsareena\n|-resisted|p2a: Tsareena\n|-damage|p2a: Tsareena|0 fnt\n|faint|p2a: Tsareena\n|-damage|p1a: Palafin|40\/100|[from] Recoil\n|\n|upkeep\n|\n|t:|1697635626\n|switch|p2a: Volcarona|Volcarona, M|100\/100\n|turn|20\n|\n|t:|1697635629\n|move|p1a: Palafin|Jet Punch|p2a: Volcarona\n|-supereffective|p2a: Volcarona\n|-damage|p2a: Volcarona|0 fnt\n|faint|p2a: Volcarona\n|\n|upkeep\n|\n|t:|1697635631\n|switch|p2a: Walking Wake|Walking Wake|88\/100\n|-damage|p2a: Walking Wake|76\/100|[from] Stealth Rock\n|turn|21\n|\n|t:|1697635644\n|move|p2a: Walking Wake|Draco Meteor|p1a: Palafin\n|-damage|p1a: Palafin|0 fnt\n|-unboost|p2a: Walking Wake|spa|2\n|faint|p1a: Palafin\n|\n|win|termofservice\n|c|\u2606Kabunger|ggs\n|c|\u2606termofservice|GG\n|l|\u2606Kabunger\n","uploadtime":1697635658,"views":27,"p1id":"kabunger","p2id":"termofservice","formatid":"gen9ubers","rating":0,"private":0,"password":""}