{"id":"gen9ubers-1976318562","p1":"PinkScourge","p2":"Nitro524","format":"[Gen 9] Ubers","log":"|j|\u2606PinkScourge\n|j|\u2606Nitro524\n|t:|1698286038\n|gametype|singles\n|player|p1|PinkScourge|bede-leader|\n|player|p2|Nitro524|170|\n|teamsize|p1|6\n|teamsize|p2|6\n|gen|9\n|tier|[Gen 9] Ubers\n|rule|Sleep Clause Mod: Limit one foe put to sleep\n|rule|Species Clause: Limit one of each Pok\u00e9mon\n|rule|OHKO Clause: OHKO moves are banned\n|rule|Evasion Items Clause: Evasion items are banned\n|rule|Evasion Moves Clause: Evasion moves are banned\n|rule|Endless Battle Clause: Forcing endless battles is banned\n|rule|HP Percentage Mod: HP is shown in percentages\n|clearpoke\n|poke|p1|Alomomola, F|\n|poke|p1|Rillaboom, M|\n|poke|p1|Shaymin-Sky|\n|poke|p1|Heatran, M|\n|poke|p1|Arceus-Grass|\n|poke|p1|Weezing-Galar, F|\n|poke|p2|Zacian-*|\n|poke|p2|Palkia-Origin|\n|poke|p2|Shaymin-Sky|\n|poke|p2|Chi-Yu|\n|poke|p2|Cyclizar, M|\n|poke|p2|Magearna|\n|teampreview\n|inactive|Battle timer is ON: inactive players will automatically lose when time's up. (requested by PinkScourge)\n|c|\u2606Nitro524|just finishing up another match\n|c|\u2606Nitro524|gl!\n|c|\u2606PinkScourge|Same\n|inactive|Nitro524 has 270 seconds left.\n|inactive|Nitro524 has 240 seconds left.\n|inactive|Nitro524 has 210 seconds left.\n|inactive|Nitro524 has 180 seconds left.\n|\n|t:|1698286177\n|start\n|switch|p1a: Rillaboom|Rillaboom, M|100\/100\n|switch|p2a: Cyclizar|Cyclizar, M|100\/100\n|-fieldstart|move: Grassy Terrain|[from] ability: Grassy Surge|[of] p1a: Rillaboom\n|turn|1\n|\n|t:|1698286198\n|move|p2a: Cyclizar|Shed Tail|p2a: Cyclizar\n|-start|p2a: Cyclizar|Substitute|[from] move: Shed Tail\n|-damage|p2a: Cyclizar|50\/100\n|\n|t:|1698286205\n|switch|p2a: Magearna|Magearna|100\/100|[from] Shed Tail\n|move|p1a: Rillaboom|Knock Off|p2a: Magearna\n|-resisted|p2a: Magearna\n|-activate|p2a: Magearna|move: Substitute|[damage]\n|\n|upkeep\n|turn|2\n|\n|t:|1698286211\n|move|p1a: Rillaboom|U-turn|p2a: Magearna\n|-resisted|p2a: Magearna\n|-crit|p2a: Magearna\n|-activate|p2a: Magearna|move: Substitute|[damage]\n|\n|t:|1698286226\n|switch|p1a: Arceus|Arceus-Grass|100\/100|[from] U-turn\n|move|p2a: Magearna|Iron Defense|p2a: Magearna\n|-boost|p2a: Magearna|def|2\n|\n|upkeep\n|turn|3\n|\n|t:|1698286242\n|move|p1a: Arceus|Flamethrower|p2a: Magearna\n|-supereffective|p2a: Magearna\n|-end|p2a: Magearna|Substitute\n|move|p2a: Magearna|Calm Mind|p2a: Magearna\n|-boost|p2a: Magearna|spa|1\n|-boost|p2a: Magearna|spd|1\n|\n|upkeep\n|turn|4\n|\n|t:|1698286250\n|-terastallize|p2a: Magearna|Water\n|move|p1a: Arceus|Flamethrower|p2a: Magearna\n|-resisted|p2a: Magearna\n|-damage|p2a: Magearna|94\/100\n|move|p2a: Magearna|Calm Mind|p2a: Magearna\n|-boost|p2a: Magearna|spa|1\n|-boost|p2a: Magearna|spd|1\n|\n|-heal|p2a: Magearna|99\/100|[from] Grassy Terrain\n|-heal|p2a: Magearna|100\/100|[from] item: Leftovers\n|upkeep\n|turn|5\n|inactive|Nitro524 has 240 seconds left.\n|\n|t:|1698286260\n|move|p1a: Arceus|Judgment|p2a: Magearna\n|-supereffective|p2a: Magearna\n|-damage|p2a: Magearna|46\/100\n|move|p2a: Magearna|Calm Mind|p2a: Magearna\n|-boost|p2a: Magearna|spa|1\n|-boost|p2a: Magearna|spd|1\n|\n|-heal|p2a: Magearna|52\/100|[from] Grassy Terrain\n|-heal|p2a: Magearna|58\/100|[from] item: Leftovers\n|upkeep\n|turn|6\n|\n|t:|1698286266\n|move|p1a: Arceus|Judgment|p2a: Magearna\n|-supereffective|p2a: Magearna\n|-damage|p2a: Magearna|12\/100\n|move|p2a: Magearna|Draining Kiss|p1a: Arceus\n|-damage|p1a: Arceus|72\/100\n|-heal|p2a: Magearna|38\/100|[from] drain|[of] p1a: Arceus\n|\n|-heal|p1a: Arceus|78\/100|[from] Grassy Terrain\n|-heal|p2a: Magearna|44\/100|[from] Grassy Terrain\n|-heal|p2a: Magearna|50\/100|[from] item: Leftovers\n|upkeep\n|turn|7\n|\n|t:|1698286276\n|move|p1a: Arceus|Judgment|p2a: Magearna\n|-supereffective|p2a: Magearna\n|-damage|p2a: Magearna|5\/100\n|move|p2a: Magearna|Draining Kiss|p1a: Arceus\n|-damage|p1a: Arceus|53\/100\n|-heal|p2a: Magearna|29\/100|[from] drain|[of] p1a: Arceus\n|\n|-heal|p1a: Arceus|59\/100|[from] Grassy Terrain\n|-heal|p2a: Magearna|35\/100|[from] Grassy Terrain\n|-heal|p2a: Magearna|41\/100|[from] item: Leftovers\n|upkeep\n|turn|8\n|inactive|Nitro524 has 240 seconds left.\n|\n|t:|1698286301\n|switch|p2a: Cyclizar|Cyclizar, M|84\/100\n|move|p1a: Arceus|Judgment|p2a: Cyclizar\n|-resisted|p2a: Cyclizar\n|-damage|p2a: Cyclizar|39\/100\n|\n|-heal|p2a: Cyclizar|45\/100|[from] Grassy Terrain\n|-heal|p1a: Arceus|65\/100|[from] Grassy Terrain\n|-fieldend|move: Grassy Terrain\n|upkeep\n|turn|9\n|inactive|Nitro524 has 240 seconds left.\n|\n|t:|1698286311\n|move|p1a: Arceus|Calm Mind|p1a: Arceus\n|-boost|p1a: Arceus|spa|1\n|-boost|p1a: Arceus|spd|1\n|move|p2a: Cyclizar|Dragon Tail|p1a: Arceus\n|-damage|p1a: Arceus|52\/100\n|drag|p1a: Rillaboom|Rillaboom, M|100\/100\n|-fieldstart|move: Grassy Terrain|[from] ability: Grassy Surge|[of] p1a: Rillaboom\n|\n|-heal|p2a: Cyclizar|51\/100|[from] Grassy Terrain\n|upkeep\n|turn|10\n|\n|t:|1698286319\n|move|p1a: Rillaboom|Grassy Glide|p2a: Cyclizar\n|-resisted|p2a: Cyclizar\n|-damage|p2a: Cyclizar|22\/100\n|move|p2a: Cyclizar|Shed Tail|p2a: Cyclizar\n|-fail|p2a: Cyclizar|move: Shed Tail|[weak]\n|\n|-heal|p2a: Cyclizar|28\/100|[from] Grassy Terrain\n|upkeep\n|turn|11\n|\n|t:|1698286325\n|switch|p2a: Chi-Yu|Chi-Yu|100\/100\n|-ability|p2a: Chi-Yu|Beads of Ruin\n|move|p1a: Rillaboom|U-turn|p2a: Chi-Yu\n|-damage|p2a: Chi-Yu|57\/100\n|\n|t:|1698286341\n|switch|p1a: Heatran|Heatran, M|100\/100|[from] U-turn\n|\n|-heal|p2a: Chi-Yu|63\/100|[from] Grassy Terrain\n|upkeep\n|turn|12\n|\n|t:|1698286350\n|switch|p2a: Shaymin|Shaymin-Sky|100\/100\n|move|p1a: Heatran|Magma Storm|p2a: Shaymin\n|-supereffective|p2a: Shaymin\n|-damage|p2a: Shaymin|1\/100\n|-activate|p2a: Shaymin|move: Magma Storm|[of] p1a: Heatran\n|\n|-damage|p2a: Shaymin|0 fnt|[from] move: Magma Storm|[partiallytrapped]\n|faint|p2a: Shaymin\n|upkeep\n|\n|t:|1698286354\n|switch|p2a: Palkia|Palkia-Origin|100\/100\n|-ability|p2a: Palkia|Pressure\n|turn|13\n|\n|t:|1698286371\n|switch|p1a: Alomomola|Alomomola, F|100\/100\n|move|p2a: Palkia|Substitute|p2a: Palkia\n|-start|p2a: Palkia|Substitute\n|-damage|p2a: Palkia|76\/100\n|\n|-heal|p2a: Palkia|82\/100|[from] Grassy Terrain\n|upkeep\n|turn|14\n|\n|t:|1698286381\n|move|p2a: Palkia|Scale Shot|p1a: Alomomola\n|-damage|p1a: Alomomola|95\/100\n|-damage|p1a: Alomomola|89\/100\n|-hitcount|p1a: Alomomola|2\n|-unboost|p2a: Palkia|def|1\n|-boost|p2a: Palkia|spe|1\n|move|p1a: Alomomola|Wish|p1a: Alomomola\n|\n|-heal|p2a: Palkia|88\/100|[from] Grassy Terrain\n|-heal|p1a: Alomomola|95\/100|[from] Grassy Terrain\n|upkeep\n|turn|15\n|\n|t:|1698286385\n|move|p2a: Palkia|Scale Shot|p1a: Alomomola\n|-damage|p1a: Alomomola|89\/100\n|-damage|p1a: Alomomola|83\/100\n|-damage|p1a: Alomomola|77\/100\n|-hitcount|p1a: Alomomola|3\n|-unboost|p2a: Palkia|def|1\n|-boost|p2a: Palkia|spe|1\n|move|p1a: Alomomola|Flip Turn|p2a: Palkia\n|-resisted|p2a: Palkia\n|-activate|p2a: Palkia|move: Substitute|[damage]\n|\n|t:|1698286388\n|switch|p1a: Arceus|Arceus-Grass|52\/100|[from] Flip Turn\n|\n|-heal|p1a: Arceus|100\/100|[from] move: Wish|[wisher] Alomomola\n|-heal|p2a: Palkia|94\/100|[from] Grassy Terrain\n|upkeep\n|turn|16\n|\n|t:|1698286393\n|move|p2a: Palkia|Spacial Rend|p1a: Arceus\n|-damage|p1a: Arceus|65\/100\n|move|p1a: Arceus|Judgment|p2a: Palkia\n|-end|p2a: Palkia|Substitute\n|\n|-heal|p2a: Palkia|100\/100|[from] Grassy Terrain\n|-heal|p1a: Arceus|71\/100|[from] Grassy Terrain\n|-fieldend|move: Grassy Terrain\n|upkeep\n|turn|17\n|\n|t:|1698286400\n|move|p2a: Palkia|Spacial Rend|p1a: Arceus\n|-crit|p1a: Arceus\n|-damage|p1a: Arceus|21\/100\n|move|p1a: Arceus|Calm Mind|p1a: Arceus\n|-boost|p1a: Arceus|spa|1\n|-boost|p1a: Arceus|spd|1\n|\n|upkeep\n|turn|18\n|\n|t:|1698286404\n|move|p2a: Palkia|Spacial Rend|p1a: Arceus\n|-damage|p1a: Arceus|0 fnt\n|faint|p1a: Arceus\n|\n|upkeep\n|\n|t:|1698286411\n|switch|p1a: Rillaboom|Rillaboom, M|100\/100\n|-fieldstart|move: Grassy Terrain|[from] ability: Grassy Surge|[of] p1a: Rillaboom\n|turn|19\n|\n|t:|1698286425\n|switch|p2a: Chi-Yu|Chi-Yu|63\/100\n|-ability|p2a: Chi-Yu|Beads of Ruin\n|move|p1a: Rillaboom|Wood Hammer|p2a: Chi-Yu\n|-resisted|p2a: Chi-Yu\n|-damage|p2a: Chi-Yu|0 fnt\n|faint|p2a: Chi-Yu\n|-damage|p1a: Rillaboom|88\/100|[from] Recoil\n|\n|-heal|p1a: Rillaboom|94\/100|[from] Grassy Terrain\n|upkeep\n|\n|t:|1698286437\n|switch|p2a: Magearna|Magearna, tera:Water|41\/100\n|turn|20\n|\n|t:|1698286441\n|move|p1a: Rillaboom|Grassy Glide|p2a: Magearna\n|-supereffective|p2a: Magearna\n|-damage|p2a: Magearna|0 fnt\n|faint|p2a: Magearna\n|\n|-heal|p1a: Rillaboom|99\/100|[from] Grassy Terrain\n|upkeep\n|\n|t:|1698286452\n|switch|p2a: Palkia|Palkia-Origin|100\/100\n|-ability|p2a: Palkia|Pressure\n|turn|21\n|\n|t:|1698286466\n|move|p2a: Palkia|Spacial Rend|p1a: Rillaboom\n|-crit|p1a: Rillaboom\n|-damage|p1a: Rillaboom|0 fnt\n|faint|p1a: Rillaboom\n|\n|upkeep\n|\n|t:|1698286470\n|switch|p1a: Shaymin|Shaymin-Sky|100\/100\n|turn|22\n|\n|t:|1698286477\n|-terastallize|p1a: Shaymin|Grass\n|move|p1a: Shaymin|Seed Flare|p2a: Palkia\n|-damage|p2a: Palkia|0 fnt\n|faint|p2a: Palkia\n|\n|upkeep\n|\n|t:|1698286483\n|switch|p2a: Cyclizar|Cyclizar, M|61\/100\n|turn|23\n|\n|t:|1698286486\n|move|p1a: Shaymin|Seed Flare|p2a: Cyclizar|[miss]\n|-miss|p1a: Shaymin|p2a: Cyclizar\n|move|p2a: Cyclizar|Shed Tail|p2a: Cyclizar\n|-start|p2a: Cyclizar|Substitute|[from] move: Shed Tail\n|-damage|p2a: Cyclizar|11\/100\n|\n|t:|1698286488\n|switch|p2a: Zacian|Zacian|100\/100|[from] Shed Tail\n|-ability|p2a: Zacian|Intrepid Sword|boost\n|-boost|p2a: Zacian|atk|1\n|\n|upkeep\n|turn|24\n|\n|t:|1698286495\n|switch|p1a: Weezing|Weezing-Galar, F|100\/100\n|-ability|p1a: Weezing|Neutralizing Gas\n|move|p2a: Zacian|Swords Dance|p2a: Zacian\n|-boost|p2a: Zacian|atk|2\n|\n|upkeep\n|turn|25\n|c|\u2606PinkScourge|Wait...\n|c|\u2606PinkScourge|I don't have Haze\n|c|\u2606PinkScourge|Fuck\n|c|\u2606Nitro524|riiip\n|\n|t:|1698286513\n|move|p2a: Zacian|Swords Dance|p2a: Zacian\n|-boost|p2a: Zacian|atk|2\n|move|p1a: Weezing|Strange Steam|p2a: Zacian\n|-end|p2a: Zacian|Substitute\n|\n|upkeep\n|turn|26\n|\n|t:|1698286518\n|move|p2a: Zacian|Play Rough|p1a: Weezing\n|-resisted|p1a: Weezing\n|-damage|p1a: Weezing|53\/100\n|move|p1a: Weezing|Will-O-Wisp|p2a: Zacian\n|-status|p2a: Zacian|brn\n|\n|-heal|p1a: Weezing|59\/100|[from] Grassy Terrain\n|-damage|p2a: Zacian|94\/100 brn|[from] brn\n|-fieldend|move: Grassy Terrain\n|upkeep\n|turn|27\n|c|\u2606Nitro524|fugg\n|\n|t:|1698286529\n|-end|p1a: Weezing|ability: Neutralizing Gas\n|switch|p1a: Alomomola|Alomomola, F|100\/100\n|move|p2a: Zacian|Play Rough|p1a: Alomomola\n|-damage|p1a: Alomomola|54\/100\n|-unboost|p1a: Alomomola|atk|1\n|-damage|p2a: Zacian|78\/100 brn|[from] item: Rocky Helmet|[of] p1a: Alomomola\n|\n|-damage|p2a: Zacian|72\/100 brn|[from] brn\n|upkeep\n|turn|28\n|c|\u2606Nitro524|counter-stall maneuvers failed\n|\n|t:|1698286543\n|move|p2a: Zacian|Play Rough|p1a: Alomomola\n|-crit|p1a: Alomomola\n|-damage|p1a: Alomomola|0 fnt\n|-damage|p2a: Zacian|55\/100 brn|[from] item: Rocky Helmet|[of] p1a: Alomomola\n|faint|p1a: Alomomola\n|\n|-damage|p2a: Zacian|49\/100 brn|[from] brn\n|upkeep\n|\n|t:|1698286548\n|switch|p1a: Shaymin|Shaymin-Sky, tera:Grass|100\/100\n|turn|29\n|\n|t:|1698286551\n|move|p1a: Shaymin|Energy Ball|p2a: Zacian\n|-crit|p2a: Zacian\n|-damage|p2a: Zacian|0 fnt\n|faint|p2a: Zacian\n|\n|upkeep\n|c|\u2606Nitro524|gg!\n|c|\u2606PinkScourge|GG\n|\n|t:|1698286557\n|switch|p2a: Cyclizar|Cyclizar, M|44\/100\n|turn|30\n|\n|t:|1698286562\n|move|p1a: Shaymin|Energy Ball|p2a: Cyclizar\n|-resisted|p2a: Cyclizar\n|-damage|p2a: Cyclizar|0 fnt\n|faint|p2a: Cyclizar\n|\n|win|PinkScourge\n|c|\u2606Nitro524|wp\n|c|\u2606PinkScourge|GG!\n|c|\u2606Nitro524|ggs!\n","uploadtime":1698286591,"views":14,"p1id":"pinkscourge","p2id":"nitro524","formatid":"gen9ubers","rating":0,"private":0,"password":""}