{"id":"gen9ubers-1989900328","p1":"Bestmaindragonite","p2":"LadyMaria-Blue","format":"[Gen 9] Ubers","log":"|j|\u2606Bestmaindragonite\n|j|\u2606LadyMaria-Blue\n|t:|1699905104\n|gametype|singles\n|player|p1|Bestmaindragonite|lillie|\n|player|p2|LadyMaria-Blue|cynthia|\n|teamsize|p1|6\n|teamsize|p2|6\n|gen|9\n|tier|[Gen 9] Ubers\n|rule|Sleep Clause Mod: Limit one foe put to sleep\n|rule|Species Clause: Limit one of each Pok\u00e9mon\n|rule|OHKO Clause: OHKO moves are banned\n|rule|Evasion Items Clause: Evasion items are banned\n|rule|Evasion Moves Clause: Evasion moves are banned\n|rule|Endless Battle Clause: Forcing endless battles is banned\n|rule|HP Percentage Mod: HP is shown in percentages\n|clearpoke\n|poke|p1|Rillaboom, M|\n|poke|p1|Sneasler, M|\n|poke|p1|Arceus-Rock|\n|poke|p1|Donphan, F|\n|poke|p1|Magearna|\n|poke|p1|Ursaluna-Bloodmoon, M|\n|poke|p2|Torkoal, F|\n|poke|p2|Roaring Moon|\n|poke|p2|Magearna|\n|poke|p2|Volcanion|\n|poke|p2|Chi-Yu|\n|poke|p2|Walking Wake|\n|teampreview\n|\n|t:|1699905134\n|start\n|switch|p1a: Arceus|Arceus-Rock|100\/100\n|switch|p2a: Torkoal|Torkoal, F|100\/100\n|-weather|SunnyDay|[from] ability: Drought|[of] p2a: Torkoal\n|turn|1\n|\n|t:|1699905146\n|switch|p2a: Walking Wake|Walking Wake|100\/100\n|-activate|p2a: Walking Wake|ability: Protosynthesis\n|-start|p2a: Walking Wake|protosynthesisspe\n|move|p1a: Arceus|Judgment|p2a: Walking Wake\n|-damage|p2a: Walking Wake|27\/100\n|\n|-weather|SunnyDay|[upkeep]\n|upkeep\n|turn|2\n|\n|t:|1699905153\n|switch|p1a: Rillaboom|Rillaboom, M|100\/100\n|-fieldstart|move: Grassy Terrain|[from] ability: Grassy Surge|[of] p1a: Rillaboom\n|move|p2a: Walking Wake|Hydro Steam|p1a: Rillaboom\n|-resisted|p1a: Rillaboom\n|-damage|p1a: Rillaboom|38\/100\n|\n|-weather|SunnyDay|[upkeep]\n|-heal|p2a: Walking Wake|33\/100|[from] Grassy Terrain\n|-heal|p1a: Rillaboom|44\/100|[from] Grassy Terrain\n|upkeep\n|turn|3\n|\n|t:|1699905162\n|switch|p1a: Donphan|Donphan, F|100\/100\n|move|p2a: Walking Wake|Hydro Steam|p1a: Donphan\n|-supereffective|p1a: Donphan\n|-ability|p1a: Donphan|Sturdy\n|-damage|p1a: Donphan|1\/100\n|\n|-weather|SunnyDay|[upkeep]\n|-heal|p2a: Walking Wake|39\/100|[from] Grassy Terrain\n|-heal|p1a: Donphan|7\/100|[from] Grassy Terrain\n|upkeep\n|turn|4\n|\n|t:|1699905167\n|move|p1a: Donphan|Ice Shard|p2a: Walking Wake\n|-damage|p2a: Walking Wake|24\/100\n|move|p2a: Walking Wake|Hydro Steam|p1a: Donphan\n|-supereffective|p1a: Donphan\n|-damage|p1a: Donphan|0 fnt\n|faint|p1a: Donphan\n|\n|-weather|SunnyDay|[upkeep]\n|-heal|p2a: Walking Wake|30\/100|[from] Grassy Terrain\n|upkeep\n|\n|t:|1699905173\n|switch|p1a: Rillaboom|Rillaboom, M|44\/100\n|turn|5\n|\n|t:|1699905179\n|move|p2a: Walking Wake|Hydro Steam|p1a: Rillaboom\n|-resisted|p1a: Rillaboom\n|-damage|p1a: Rillaboom|0 fnt\n|faint|p1a: Rillaboom\n|\n|-weather|SunnyDay|[upkeep]\n|-heal|p2a: Walking Wake|36\/100|[from] Grassy Terrain\n|upkeep\n|\n|t:|1699905182\n|switch|p1a: Sneasler|Sneasler, M|100\/100\n|-enditem|p1a: Sneasler|Grassy Seed\n|-boost|p1a: Sneasler|def|1|[from] item: Grassy Seed\n|turn|6\n|\n|t:|1699905191\n|move|p1a: Sneasler|Close Combat|p2a: Walking Wake\n|-damage|p2a: Walking Wake|0 fnt\n|-unboost|p1a: Sneasler|def|1\n|-unboost|p1a: Sneasler|spd|1\n|faint|p2a: Walking Wake\n|-end|p2a: Walking Wake|Protosynthesis|[silent]\n|\n|-weather|SunnyDay|[upkeep]\n|-fieldend|move: Grassy Terrain\n|upkeep\n|\n|t:|1699905202\n|switch|p2a: Magearna|Magearna|100\/100\n|turn|7\n|\n|t:|1699905207\n|switch|p1a: Magearna|Magearna|100\/100\n|move|p2a: Magearna|Shift Gear|p2a: Magearna\n|-boost|p2a: Magearna|spe|2\n|-boost|p2a: Magearna|atk|1\n|\n|-weather|SunnyDay|[upkeep]\n|upkeep\n|turn|8\n|\n|t:|1699905212\n|move|p2a: Magearna|Flash Cannon|p1a: Magearna\n|-damage|p1a: Magearna|72\/100\n|-damage|p2a: Magearna|91\/100|[from] item: Life Orb\n|move|p1a: Magearna|Volt Switch|p2a: Magearna\n|-damage|p2a: Magearna|63\/100\n|\n|t:|1699905223\n|switch|p1a: Sneasler|Sneasler, M|100\/100|[from] Volt Switch\n|\n|-weather|none\n|upkeep\n|turn|9\n|\n|t:|1699905226\n|move|p2a: Magearna|Fleur Cannon|p1a: Sneasler\n|-damage|p1a: Sneasler|0 fnt\n|-unboost|p2a: Magearna|spa|2\n|faint|p1a: Sneasler\n|-ability|p2a: Magearna|Soul-Heart|boost\n|-boost|p2a: Magearna|spa|1\n|-damage|p2a: Magearna|53\/100|[from] item: Life Orb\n|\n|upkeep\n|\n|t:|1699905233\n|switch|p1a: Ursaluna|Ursaluna-Bloodmoon, M|100\/100\n|turn|10\n|\n|t:|1699905241\n|move|p2a: Magearna|Fleur Cannon|p1a: Ursaluna|[miss]\n|-miss|p2a: Magearna|p1a: Ursaluna\n|move|p1a: Ursaluna|Calm Mind|p1a: Ursaluna\n|-boost|p1a: Ursaluna|spa|1\n|-boost|p1a: Ursaluna|spd|1\n|\n|upkeep\n|turn|11\n|\n|t:|1699905247\n|switch|p2a: Torkoal|Torkoal, F|100\/100\n|-weather|SunnyDay|[from] ability: Drought|[of] p2a: Torkoal\n|move|p1a: Ursaluna|Calm Mind|p1a: Ursaluna\n|-boost|p1a: Ursaluna|spa|1\n|-boost|p1a: Ursaluna|spd|1\n|\n|-weather|SunnyDay|[upkeep]\n|upkeep\n|turn|12\n|\n|t:|1699905249\n|move|p1a: Ursaluna|Blood Moon|p2a: Torkoal\n|-damage|p2a: Torkoal|0 fnt\n|faint|p2a: Torkoal\n|\n|-weather|SunnyDay|[upkeep]\n|upkeep\n|\n|t:|1699905254\n|switch|p2a: Volcanion|Volcanion|100\/100\n|turn|13\n|\n|t:|1699905268\n|move|p2a: Volcanion|Flamethrower|p1a: Ursaluna\n|-damage|p1a: Ursaluna|68\/100\n|move|p1a: Ursaluna|Moonlight|p1a: Ursaluna\n|-heal|p1a: Ursaluna|100\/100\n|\n|-weather|SunnyDay|[upkeep]\n|upkeep\n|turn|14\n|\n|t:|1699905275\n|move|p2a: Volcanion|Flamethrower|p1a: Ursaluna\n|-damage|p1a: Ursaluna|66\/100\n|move|p1a: Ursaluna|Earth Power|p2a: Volcanion\n|-supereffective|p2a: Volcanion\n|-damage|p2a: Volcanion|0 fnt\n|faint|p2a: Volcanion\n|\n|-weather|SunnyDay|[upkeep]\n|upkeep\n|\n|t:|1699905278\n|switch|p2a: Chi-Yu|Chi-Yu|100\/100\n|-ability|p2a: Chi-Yu|Beads of Ruin\n|turn|15\n|\n|t:|1699905289\n|-terastallize|p2a: Chi-Yu|Fire\n|move|p2a: Chi-Yu|Fire Blast|p1a: Ursaluna\n|-damage|p1a: Ursaluna|0 fnt\n|faint|p1a: Ursaluna\n|\n|-weather|SunnyDay|[upkeep]\n|upkeep\n|\n|t:|1699905294\n|switch|p1a: Arceus|Arceus-Rock|100\/100\n|turn|16\n|\n|t:|1699905297\n|move|p2a: Chi-Yu|Fire Blast|p1a: Arceus\n|-resisted|p1a: Arceus\n|-damage|p1a: Arceus|49\/100\n|move|p1a: Arceus|Judgment|p2a: Chi-Yu\n|-supereffective|p2a: Chi-Yu\n|-damage|p2a: Chi-Yu|0 fnt\n|faint|p2a: Chi-Yu\n|\n|-weather|SunnyDay|[upkeep]\n|upkeep\n|\n|t:|1699905301\n|switch|p2a: Roaring Moon|Roaring Moon|100\/100\n|-activate|p2a: Roaring Moon|ability: Protosynthesis\n|-start|p2a: Roaring Moon|protosynthesisspe\n|turn|17\n|\n|t:|1699905307\n|move|p2a: Roaring Moon|Earthquake|p1a: Arceus\n|-supereffective|p1a: Arceus\n|-damage|p1a: Arceus|0 fnt\n|faint|p1a: Arceus\n|\n|-weather|SunnyDay|[upkeep]\n|upkeep\n|\n|t:|1699905310\n|switch|p1a: Magearna|Magearna|72\/100\n|turn|18\n|\n|t:|1699905314\n|move|p2a: Roaring Moon|Earthquake|p1a: Magearna\n|-supereffective|p1a: Magearna\n|-damage|p1a: Magearna|0 fnt\n|faint|p1a: Magearna\n|\n|win|LadyMaria-Blue\n|c|\u2606LadyMaria-Blue|ggs\n|c|\u2606Bestmaindragonite|gg\n|l|\u2606Bestmaindragonite\n","uploadtime":1699905336,"views":5,"p1id":"bestmaindragonite","p2id":"ladymariablue","formatid":"gen9ubers","rating":0,"private":0,"password":""}