{"id":"gen9ubers-1984030041","p1":"V_Victreebel","p2":"AverageStallFan","format":"[Gen 9] Ubers","log":"|j|\u2606V_Victreebel\n|j|\u2606AverageStallFan\n|t:|1699211486\n|gametype|singles\n|player|p1|V_Victreebel|rosa|\n|player|p2|AverageStallFan|101|\n|teamsize|p1|6\n|teamsize|p2|6\n|gen|9\n|tier|[Gen 9] Ubers\n|rule|Sleep Clause Mod: Limit one foe put to sleep\n|rule|Species Clause: Limit one of each Pok\u00e9mon\n|rule|OHKO Clause: OHKO moves are banned\n|rule|Evasion Items Clause: Evasion items are banned\n|rule|Evasion Moves Clause: Evasion moves are banned\n|rule|Endless Battle Clause: Forcing endless battles is banned\n|rule|HP Percentage Mod: HP is shown in percentages\n|clearpoke\n|poke|p1|Gyarados, M|\n|poke|p1|Chansey, F|\n|poke|p1|Delphox, F|\n|poke|p1|Crabominable, F|\n|poke|p1|Heracross, M|\n|poke|p1|Dipplin, M|\n|poke|p2|Volcarona, F|\n|poke|p2|Toxapex, F|\n|poke|p2|Ting-Lu|\n|poke|p2|Clefable, F|\n|poke|p2|Dragapult, F|\n|poke|p2|Zapdos|\n|teampreview\n|\n|t:|1699211502\n|start\n|switch|p1a: Gyarados-Mega Lite|Gyarados, M|100\/100\n|switch|p2a: Dragapult|Dragapult, F|100\/100\n|-ability|p1a: Gyarados-Mega Lite|Intimidate|boost\n|-fail|p2a: Dragapult|unboost|[from] ability: Clear Body|[of] p2a: Dragapult\n|turn|1\n|\n|t:|1699211515\n|move|p2a: Dragapult|Reflect|p2a: Dragapult\n|-sidestart|p2: AverageStallFan|Reflect\n|move|p1a: Gyarados-Mega Lite|Crunch|p2a: Dragapult\n|-supereffective|p2a: Dragapult\n|-damage|p2a: Dragapult|67\/100\n|\n|upkeep\n|turn|2\n|\n|t:|1699211529\n|switch|p1a: SpecialAttacksYum|Chansey, F|100\/100\n|move|p2a: Dragapult|Light Screen|p2a: Dragapult\n|-sidestart|p2: AverageStallFan|move: Light Screen\n|\n|upkeep\n|turn|3\n|\n|t:|1699211538\n|move|p2a: Dragapult|U-turn|p1a: SpecialAttacksYum\n|-damage|p1a: SpecialAttacksYum|89\/100\n|\n|t:|1699211541\n|switch|p2a: Ting-Lu|Ting-Lu|100\/100|[from] U-turn\n|-ability|p2a: Ting-Lu|Vessel of Ruin\n|move|p1a: SpecialAttacksYum|Thunder Wave|p2a: Ting-Lu\n|-immune|p2a: Ting-Lu\n|\n|upkeep\n|turn|4\n|\n|t:|1699211552\n|move|p1a: SpecialAttacksYum|Stealth Rock|p2a: Ting-Lu\n|-sidestart|p2: AverageStallFan|move: Stealth Rock\n|move|p2a: Ting-Lu|Spikes|p1a: SpecialAttacksYum\n|-sidestart|p1: V_Victreebel|Spikes\n|\n|upkeep\n|turn|5\n|\n|t:|1699211560\n|switch|p1a: Gyarados-Mega Lite|Gyarados, M|100\/100\n|-ability|p1a: Gyarados-Mega Lite|Intimidate|boost\n|-unboost|p2a: Ting-Lu|atk|1\n|move|p2a: Ting-Lu|Spikes|p1a: Gyarados-Mega Lite\n|-sidestart|p1: V_Victreebel|Spikes\n|\n|upkeep\n|turn|6\n|\n|t:|1699211567\n|move|p1a: Gyarados-Mega Lite|Dragon Dance|p1a: Gyarados-Mega Lite\n|-boost|p1a: Gyarados-Mega Lite|atk|1\n|-boost|p1a: Gyarados-Mega Lite|spe|1\n|move|p2a: Ting-Lu|Whirlwind|p1a: Gyarados-Mega Lite\n|drag|p1a: SpecialAttacksYum|Chansey, F|89\/100\n|-damage|p1a: SpecialAttacksYum|72\/100|[from] Spikes\n|\n|upkeep\n|turn|7\n|\n|t:|1699211576\n|move|p1a: SpecialAttacksYum|Soft-Boiled|p1a: SpecialAttacksYum\n|-heal|p1a: SpecialAttacksYum|100\/100\n|move|p2a: Ting-Lu|Ruination|p1a: SpecialAttacksYum\n|-damage|p1a: SpecialAttacksYum|50\/100\n|\n|upkeep\n|turn|8\n|\n|t:|1699211594\n|switch|p1a: Gyarados-Mega Lite|Gyarados, M|100\/100\n|-ability|p1a: Gyarados-Mega Lite|Intimidate|boost\n|-unboost|p2a: Ting-Lu|atk|1\n|move|p2a: Ting-Lu|Whirlwind|p1a: Gyarados-Mega Lite\n|drag|p1a: SpecialAttacksYum|Chansey, F|50\/100\n|-damage|p1a: SpecialAttacksYum|34\/100|[from] Spikes\n|\n|-sideend|p2: AverageStallFan|Reflect\n|upkeep\n|turn|9\n|\n|t:|1699211605\n|move|p1a: SpecialAttacksYum|Soft-Boiled|p1a: SpecialAttacksYum\n|-heal|p1a: SpecialAttacksYum|84\/100\n|move|p2a: Ting-Lu|Spikes|p1a: SpecialAttacksYum\n|-sidestart|p1: V_Victreebel|Spikes\n|\n|-sideend|p2: AverageStallFan|move: Light Screen\n|upkeep\n|turn|10\n|\n|t:|1699211610\n|move|p1a: SpecialAttacksYum|Seismic Toss|p2a: Ting-Lu\n|-damage|p2a: Ting-Lu|81\/100\n|move|p2a: Ting-Lu|Whirlwind|p1a: SpecialAttacksYum\n|drag|p1a: Gyarados-Mega Lite|Gyarados, M|100\/100\n|-ability|p1a: Gyarados-Mega Lite|Intimidate|boost\n|-unboost|p2a: Ting-Lu|atk|1\n|\n|-heal|p2a: Ting-Lu|87\/100|[from] item: Leftovers\n|upkeep\n|turn|11\n|\n|t:|1699211622\n|switch|p2a: Toxapex|Toxapex, F|100\/100\n|-damage|p2a: Toxapex|88\/100|[from] Stealth Rock\n|move|p1a: Gyarados-Mega Lite|Waterfall|p2a: Toxapex\n|-resisted|p2a: Toxapex\n|-damage|p2a: Toxapex|75\/100\n|\n|-heal|p2a: Toxapex|81\/100|[from] item: Black Sludge\n|upkeep\n|turn|12\n|\n|t:|1699211632\n|move|p1a: Gyarados-Mega Lite|Dragon Dance|p1a: Gyarados-Mega Lite\n|-boost|p1a: Gyarados-Mega Lite|atk|1\n|-boost|p1a: Gyarados-Mega Lite|spe|1\n|move|p2a: Toxapex|Toxic Spikes|p1a: Gyarados-Mega Lite\n|-sidestart|p1: V_Victreebel|move: Toxic Spikes\n|\n|-heal|p2a: Toxapex|87\/100|[from] item: Black Sludge\n|upkeep\n|turn|13\n|\n|t:|1699211638\n|move|p1a: Gyarados-Mega Lite|Dragon Dance|p1a: Gyarados-Mega Lite\n|-boost|p1a: Gyarados-Mega Lite|atk|1\n|-boost|p1a: Gyarados-Mega Lite|spe|1\n|move|p2a: Toxapex|Haze|p2a: Toxapex\n|-clearallboost\n|\n|-heal|p2a: Toxapex|93\/100|[from] item: Black Sludge\n|upkeep\n|turn|14\n|\n|t:|1699211647\n|move|p1a: Gyarados-Mega Lite|Earthquake|p2a: Toxapex\n|-supereffective|p2a: Toxapex\n|-damage|p2a: Toxapex|47\/100\n|move|p2a: Toxapex|Surf|p1a: Gyarados-Mega Lite\n|-resisted|p1a: Gyarados-Mega Lite\n|-damage|p1a: Gyarados-Mega Lite|91\/100\n|\n|-heal|p2a: Toxapex|53\/100|[from] item: Black Sludge\n|upkeep\n|turn|15\n|\n|t:|1699211656\n|switch|p2a: Zapdos|Zapdos|100\/100\n|move|p1a: Gyarados-Mega Lite|Dragon Dance|p1a: Gyarados-Mega Lite\n|-boost|p1a: Gyarados-Mega Lite|atk|1\n|-boost|p1a: Gyarados-Mega Lite|spe|1\n|\n|upkeep\n|turn|16\n|\n|t:|1699211664\n|move|p1a: Gyarados-Mega Lite|Crunch|p2a: Zapdos\n|-damage|p2a: Zapdos|66\/100\n|move|p2a: Zapdos|Thunderbolt|p1a: Gyarados-Mega Lite\n|-supereffective|p1a: Gyarados-Mega Lite\n|-damage|p1a: Gyarados-Mega Lite|0 fnt\n|faint|p1a: Gyarados-Mega Lite\n|\n|upkeep\n|\n|t:|1699211684\n|switch|p1a: IHateThisThing|Crabominable, F|100\/100\n|-damage|p1a: IHateThisThing|75\/100|[from] Spikes\n|-status|p1a: IHateThisThing|psn\n|turn|17\n|\n|t:|1699211692\n|move|p2a: Zapdos|Thunderbolt|p1a: IHateThisThing\n|-damage|p1a: IHateThisThing|23\/100 psn\n|move|p1a: IHateThisThing|Ice Punch|p2a: Zapdos\n|-supereffective|p2a: Zapdos\n|-damage|p2a: Zapdos|0 fnt\n|faint|p2a: Zapdos\n|\n|-damage|p1a: IHateThisThing|10\/100 psn|[from] psn\n|upkeep\n|\n|t:|1699211700\n|switch|p2a: Dragapult|Dragapult, F|67\/100\n|-damage|p2a: Dragapult|54\/100|[from] Stealth Rock\n|turn|18\n|\n|t:|1699211709\n|move|p2a: Dragapult|Reflect|p2a: Dragapult\n|-sidestart|p2: AverageStallFan|Reflect\n|move|p1a: IHateThisThing|Ice Punch|p2a: Dragapult\n|-supereffective|p2a: Dragapult\n|-damage|p2a: Dragapult|0 fnt\n|faint|p2a: Dragapult\n|\n|-damage|p1a: IHateThisThing|0 fnt|[from] psn\n|faint|p1a: IHateThisThing\n|upkeep\n|\n|t:|1699211728\n|switch|p2a: Volcarona|Volcarona, F|100\/100\n|switch|p1a: BeastMorphersSilvr|Heracross, M|100\/100\n|-damage|p1a: BeastMorphersSilvr|76\/100|[from] Spikes\n|-status|p1a: BeastMorphersSilvr|psn\n|turn|19\n|\n|t:|1699211743\n|switch|p1a: SpecialAttacksYum|Chansey, F|84\/100\n|-damage|p1a: SpecialAttacksYum|59\/100|[from] Spikes\n|-status|p1a: SpecialAttacksYum|psn\n|move|p2a: Volcarona|Quiver Dance|p2a: Volcarona\n|-boost|p2a: Volcarona|spa|1\n|-boost|p2a: Volcarona|spd|1\n|-boost|p2a: Volcarona|spe|1\n|\n|-damage|p1a: SpecialAttacksYum|46\/100 psn|[from] psn\n|upkeep\n|turn|20\n|\n|t:|1699211754\n|move|p2a: Volcarona|Quiver Dance|p2a: Volcarona\n|-boost|p2a: Volcarona|spa|1\n|-boost|p2a: Volcarona|spd|1\n|-boost|p2a: Volcarona|spe|1\n|move|p1a: SpecialAttacksYum|Thunder Wave|p2a: Volcarona\n|-status|p2a: Volcarona|par\n|\n|-damage|p1a: SpecialAttacksYum|34\/100 psn|[from] psn\n|upkeep\n|turn|21\n|\n|t:|1699211764\n|move|p2a: Volcarona|Quiver Dance|p2a: Volcarona\n|-boost|p2a: Volcarona|spa|1\n|-boost|p2a: Volcarona|spd|1\n|-boost|p2a: Volcarona|spe|1\n|move|p1a: SpecialAttacksYum|Soft-Boiled|p1a: SpecialAttacksYum\n|-heal|p1a: SpecialAttacksYum|84\/100 psn\n|\n|-damage|p1a: SpecialAttacksYum|71\/100 psn|[from] psn\n|upkeep\n|turn|22\n|\n|t:|1699211773\n|move|p2a: Volcarona|Quiver Dance|p2a: Volcarona\n|-boost|p2a: Volcarona|spa|1\n|-boost|p2a: Volcarona|spd|1\n|-boost|p2a: Volcarona|spe|1\n|move|p1a: SpecialAttacksYum|Seismic Toss|p2a: Volcarona\n|-damage|p2a: Volcarona|68\/100 par\n|\n|-damage|p1a: SpecialAttacksYum|59\/100 psn|[from] psn\n|upkeep\n|turn|23\n|\n|t:|1699211787\n|cant|p2a: Volcarona|par\n|move|p1a: SpecialAttacksYum|Seismic Toss|p2a: Volcarona\n|-damage|p2a: Volcarona|36\/100 par\n|\n|-damage|p1a: SpecialAttacksYum|46\/100 psn|[from] psn\n|upkeep\n|turn|24\n|\n|t:|1699211794\n|cant|p2a: Volcarona|par\n|move|p1a: SpecialAttacksYum|Seismic Toss|p2a: Volcarona\n|-damage|p2a: Volcarona|4\/100 par\n|\n|-damage|p1a: SpecialAttacksYum|34\/100 psn|[from] psn\n|upkeep\n|turn|25\n|\n|t:|1699211817\n|move|p2a: Volcarona|Flamethrower|p1a: SpecialAttacksYum\n|-damage|p1a: SpecialAttacksYum|0 fnt\n|faint|p1a: SpecialAttacksYum\n|\n|-sideend|p2: AverageStallFan|Reflect\n|upkeep\n|\n|t:|1699211836\n|switch|p1a: FoxyBingo|Delphox, F|100\/100\n|-damage|p1a: FoxyBingo|76\/100|[from] Spikes\n|-status|p1a: FoxyBingo|psn\n|turn|26\n|c|\u2606AverageStallFan|Reg hates me I guess\n|c|\u2606AverageStallFan|RNG*\n|\n|t:|1699211855\n|move|p2a: Volcarona|Bug Buzz|p1a: FoxyBingo\n|-damage|p1a: FoxyBingo|0 fnt\n|faint|p1a: FoxyBingo\n|\n|upkeep\n|\n|t:|1699211860\n|switch|p1a: BeastMorphersSilvr|Heracross, M|76\/100 psn\n|-damage|p1a: BeastMorphersSilvr|51\/100 psn|[from] Spikes\n|turn|27\n|\n|t:|1699211866\n|move|p2a: Volcarona|Flamethrower|p1a: BeastMorphersSilvr\n|-supereffective|p1a: BeastMorphersSilvr\n|-damage|p1a: BeastMorphersSilvr|0 fnt\n|faint|p1a: BeastMorphersSilvr\n|\n|upkeep\n|\n|t:|1699211870\n|switch|p1a: AppleOfMyEye|Dipplin, M|100\/100\n|-damage|p1a: AppleOfMyEye|76\/100|[from] Spikes\n|-status|p1a: AppleOfMyEye|psn\n|turn|28\n|\n|t:|1699211884\n|move|p2a: Volcarona|Flamethrower|p1a: AppleOfMyEye\n|-damage|p1a: AppleOfMyEye|0 fnt\n|faint|p1a: AppleOfMyEye\n|\n|win|AverageStallFan\n|c|\u2606V_Victreebel|gg\n|c|\u2606AverageStallFan|gg\n","uploadtime":1699211904,"views":36,"p1id":"vvictreebel","p2id":"averagestallfan","formatid":"gen9ubers","rating":0,"private":0,"password":""}