{"id":"gen9ubers-1973548543","p1":"EmpereurZer0","p2":"mudkip24682","format":"[Gen 9] Ubers","log":"|j|\u2606EmpereurZer0\n|j|\u2606mudkip24682\n|t:|1697989617\n|gametype|singles\n|player|p1|EmpereurZer0|colress|1325\n|player|p2|mudkip24682|steven|1175\n|teamsize|p1|6\n|teamsize|p2|6\n|gen|9\n|tier|[Gen 9] Ubers\n|rated|\n|rule|Sleep Clause Mod: Limit one foe put to sleep\n|rule|Species Clause: Limit one of each Pok\u00e9mon\n|rule|OHKO Clause: OHKO moves are banned\n|rule|Evasion Items Clause: Evasion items are banned\n|rule|Evasion Moves Clause: Evasion moves are banned\n|rule|Endless Battle Clause: Forcing endless battles is banned\n|rule|HP Percentage Mod: HP is shown in percentages\n|clearpoke\n|poke|p1|Flutter Mane|\n|poke|p1|Iron Bundle|\n|poke|p1|Koraidon|\n|poke|p1|Miraidon|\n|poke|p1|Zacian-*|\n|poke|p1|Ribombee, F|\n|poke|p2|Baxcalibur, M|\n|poke|p2|Heatran, F|\n|poke|p2|Ursaluna-Bloodmoon, M|\n|poke|p2|Zacian-*|\n|poke|p2|Great Tusk|\n|poke|p2|Iron Leaves|\n|teampreview\n|\n|t:|1697989621\n|start\n|switch|p1a: BeMoreSpeed|Ribombee, F|100\/100\n|switch|p2a: Ursaluna|Ursaluna-Bloodmoon, M|100\/100\n|turn|1\n|inactive|Battle timer is ON: inactive players will automatically lose when time's up. (requested by mudkip24682)\n|\n|t:|1697989642\n|move|p1a: BeMoreSpeed|Sticky Web|p2a: Ursaluna\n|-sidestart|p2: mudkip24682|move: Sticky Web\n|move|p2a: Ursaluna|Calm Mind|p2a: Ursaluna\n|-boost|p2a: Ursaluna|spa|1\n|-boost|p2a: Ursaluna|spd|1\n|\n|upkeep\n|turn|2\n|\n|t:|1697989651\n|switch|p1a: RetourVersLePass\u00e9|Koraidon|100\/100\n|-weather|SunnyDay|[from] ability: Orichalcum Pulse|[of] p1a: RetourVersLePass\u00e9\n|-activate|p1a: RetourVersLePass\u00e9|Orichalcum Pulse|[source]\n|move|p2a: Ursaluna|Blood Moon|p1a: RetourVersLePass\u00e9\n|-damage|p1a: RetourVersLePass\u00e9|1\/100\n|\n|-weather|SunnyDay|[upkeep]\n|upkeep\n|turn|3\n|\n|t:|1697989673\n|switch|p1a: Montoya|Flutter Mane|100\/100\n|-activate|p1a: Montoya|ability: Protosynthesis\n|-start|p1a: Montoya|protosynthesisspe\n|move|p2a: Ursaluna|Vacuum Wave|p1a: Montoya\n|-resisted|p1a: Montoya\n|-damage|p1a: Montoya|90\/100\n|\n|-weather|SunnyDay|[upkeep]\n|-heal|p1a: Montoya|96\/100|[from] item: Leftovers\n|upkeep\n|turn|4\n|\n|t:|1697989683\n|move|p1a: Montoya|Substitute|p1a: Montoya\n|-start|p1a: Montoya|Substitute\n|-damage|p1a: Montoya|71\/100\n|move|p2a: Ursaluna|Blood Moon|p1a: Montoya\n|-end|p1a: Montoya|Substitute\n|\n|-weather|SunnyDay|[upkeep]\n|-heal|p1a: Montoya|77\/100|[from] item: Leftovers\n|upkeep\n|turn|5\n|\n|t:|1697989699\n|move|p1a: Montoya|Moonblast|p2a: Ursaluna\n|-damage|p2a: Ursaluna|65\/100\n|move|p2a: Ursaluna|Calm Mind|p2a: Ursaluna\n|-boost|p2a: Ursaluna|spa|1\n|-boost|p2a: Ursaluna|spd|1\n|\n|-weather|SunnyDay|[upkeep]\n|-heal|p1a: Montoya|83\/100|[from] item: Leftovers\n|-heal|p2a: Ursaluna|71\/100|[from] item: Leftovers\n|upkeep\n|turn|6\n|inactive|EmpereurZer0 has 120 seconds left.\n|\n|t:|1697989723\n|move|p1a: Montoya|Moonblast|p2a: Ursaluna\n|-damage|p2a: Ursaluna|43\/100\n|move|p2a: Ursaluna|Blood Moon|p1a: Montoya\n|-damage|p1a: Montoya|0 fnt\n|faint|p1a: Montoya\n|-end|p1a: Montoya|Protosynthesis|[silent]\n|\n|-weather|none\n|-heal|p2a: Ursaluna|49\/100|[from] item: Leftovers\n|upkeep\n|inactive|EmpereurZer0 has 120 seconds left.\n|\n|t:|1697989743\n|switch|p1a: RetourVersLeFutur|Miraidon|100\/100\n|-fieldstart|move: Electric Terrain|[from] ability: Hadron Engine|[of] p1a: RetourVersLeFutur\n|turn|7\n|\n|t:|1697989750\n|move|p1a: RetourVersLeFutur|U-turn|p2a: Ursaluna\n|-damage|p2a: Ursaluna|43\/100\n|\n|t:|1697989775\n|switch|p1a: HAPPY?|Iron Bundle|100\/100|[from] U-turn\n|-activate|p1a: HAPPY?|ability: Quark Drive\n|-start|p1a: HAPPY?|quarkdrivespe\n|move|p2a: Ursaluna|Moonlight|p2a: Ursaluna\n|-heal|p2a: Ursaluna|93\/100\n|\n|-heal|p2a: Ursaluna|99\/100|[from] item: Leftovers\n|upkeep\n|turn|8\n|\n|t:|1697989792\n|-terastallize|p2a: Ursaluna|Poison\n|move|p1a: HAPPY?|Hydro Pump|p2a: Ursaluna\n|-damage|p2a: Ursaluna|69\/100\n|move|p2a: Ursaluna|Blood Moon|p1a: HAPPY?\n|-damage|p1a: HAPPY?|0 fnt\n|faint|p1a: HAPPY?\n|-end|p1a: HAPPY?|Quark Drive|[silent]\n|\n|-heal|p2a: Ursaluna|75\/100|[from] item: Leftovers\n|upkeep\n|inactive|EmpereurZer0 has 90 seconds left.\n|\n|t:|1697989808\n|switch|p1a: RetourVersLePass\u00e9|Koraidon|1\/100\n|-weather|SunnyDay|[from] ability: Orichalcum Pulse|[of] p1a: RetourVersLePass\u00e9\n|-activate|p1a: RetourVersLePass\u00e9|Orichalcum Pulse|[source]\n|turn|9\n|\n|t:|1697989812\n|move|p2a: Ursaluna|Vacuum Wave|p1a: RetourVersLePass\u00e9\n|-damage|p1a: RetourVersLePass\u00e9|0 fnt\n|faint|p1a: RetourVersLePass\u00e9\n|\n|-weather|SunnyDay|[upkeep]\n|-heal|p2a: Ursaluna|81\/100|[from] item: Leftovers\n|upkeep\n|\n|t:|1697989821\n|switch|p1a: RetourVersLeFutur|Miraidon|100\/100\n|-activate|p1a: RetourVersLeFutur|ability: Hadron Engine\n|turn|10\n|\n|t:|1697989829\n|-terastallize|p1a: RetourVersLeFutur|Dragon\n|move|p1a: RetourVersLeFutur|Draco Meteor|p2a: Ursaluna\n|-damage|p2a: Ursaluna|0 fnt\n|-unboost|p1a: RetourVersLeFutur|spa|2\n|faint|p2a: Ursaluna\n|\n|-weather|SunnyDay|[upkeep]\n|upkeep\n|\n|t:|1697989838\n|switch|p2a: Zacian|Zacian-Crowned|100\/100\n|-activate|p2a: Zacian|move: Sticky Web\n|-unboost|p2a: Zacian|spe|1\n|-ability|p2a: Zacian|Intrepid Sword|boost\n|-boost|p2a: Zacian|atk|1\n|turn|11\n|inactive|EmpereurZer0 has 120 seconds left.\n|\n|t:|1697989857\n|switch|p1a: BeMoreSpeed|Ribombee, F|100\/100\n|move|p2a: Zacian|Play Rough|p1a: BeMoreSpeed\n|-enditem|p1a: BeMoreSpeed|Focus Sash\n|-damage|p1a: BeMoreSpeed|1\/100\n|\n|-weather|SunnyDay|[upkeep]\n|-fieldend|move: Electric Terrain\n|upkeep\n|turn|12\n|\n|t:|1697989868\n|move|p1a: BeMoreSpeed|Stun Spore|p2a: Zacian\n|-status|p2a: Zacian|par\n|move|p2a: Zacian|Swords Dance|p2a: Zacian\n|-boost|p2a: Zacian|atk|2\n|\n|-weather|SunnyDay|[upkeep]\n|upkeep\n|turn|13\n|inactive|EmpereurZer0 has 120 seconds left.\n|\n|t:|1697989879\n|move|p1a: BeMoreSpeed|Stun Spore|p2a: Zacian\n|-fail|p2a: Zacian|par\n|move|p2a: Zacian|Tera Blast|p1a: BeMoreSpeed\n|-damage|p1a: BeMoreSpeed|0 fnt\n|faint|p1a: BeMoreSpeed\n|\n|-weather|none\n|upkeep\n|inactive|EmpereurZer0 has 120 seconds left.\n|\n|t:|1697989886\n|switch|p1a: Bark3|Zacian-Crowned|100\/100\n|-ability|p1a: Bark3|Intrepid Sword|boost\n|-boost|p1a: Bark3|atk|1\n|turn|14\n|\n|t:|1697989902\n|move|p1a: Bark3|Swords Dance|p1a: Bark3\n|-boost|p1a: Bark3|atk|2\n|move|p2a: Zacian|Behemoth Blade|p1a: Bark3\n|-damage|p1a: Bark3|0 fnt\n|faint|p1a: Bark3\n|\n|upkeep\n|\n|t:|1697989909\n|switch|p1a: RetourVersLeFutur|Miraidon, tera:Dragon|100\/100\n|-fieldstart|move: Electric Terrain|[from] ability: Hadron Engine|[of] p1a: RetourVersLeFutur\n|turn|15\n|-message|EmpereurZer0 forfeited.\n|\n|win|mudkip24682\n|raw|EmpereurZer0's rating: 1325 &rarr; <strong>1297<\/strong><br \/>(-28 for losing)\n|raw|mudkip24682's rating: 1175 &rarr; <strong>1210<\/strong><br \/>(+35 for winning)\n|l|\u2606EmpereurZer0\n","uploadtime":1697989925,"views":20,"p1id":"empereurzer0","p2id":"mudkip24682","formatid":"gen9ubers","rating":1210,"private":0,"password":""}