{"id":"gen9ubers-1989381771","p1":"iceberg149","p2":"The ShaqtusLOL","format":"[Gen 9] Ubers","log":"|j|\u2606iceberg149\n|j|\u2606The ShaqtusLOL\n|t:|1699843145\n|gametype|singles\n|player|p1|iceberg149|ethan|\n|player|p2|The ShaqtusLOL|170|\n|teamsize|p1|6\n|teamsize|p2|6\n|gen|9\n|tier|[Gen 9] Ubers\n|rule|Sleep Clause Mod: Limit one foe put to sleep\n|rule|Species Clause: Limit one of each Pok\u00e9mon\n|rule|OHKO Clause: OHKO moves are banned\n|rule|Evasion Items Clause: Evasion items are banned\n|rule|Evasion Moves Clause: Evasion moves are banned\n|rule|Endless Battle Clause: Forcing endless battles is banned\n|rule|HP Percentage Mod: HP is shown in percentages\n|clearpoke\n|poke|p1|Mew|\n|poke|p1|Ogerpon-Cornerstone, F|\n|poke|p1|Ursaluna-Bloodmoon, M|\n|poke|p1|Sneasler, F|\n|poke|p1|Gastrodon-East, F|\n|poke|p1|Muk-Alola, F|\n|poke|p2|Iron Bundle|\n|poke|p2|Gliscor, M|\n|poke|p2|Scizor, F|\n|poke|p2|Pelipper, M|\n|poke|p2|Overqwil, F|\n|poke|p2|Torterra, F|\n|teampreview\n|j| TheBiggestDork\n|j| Ghantist\n|j| DivogoJota\n|j| justinrockin\n|l| TheBiggestDork\n|\n|t:|1699843260\n|start\n|switch|p1a: Scary Feet!|Ursaluna-Bloodmoon, M|100\/100\n|switch|p2a: Jesus Cristo|Gliscor, M|100\/100\n|turn|1\n|j| Scottowo\n|c|\u2606iceberg149|hfhf\n|\n|t:|1699843290\n|move|p2a: Jesus Cristo|Toxic|p1a: Scary Feet!|[miss]\n|-miss|p2a: Jesus Cristo|p1a: Scary Feet!\n|move|p1a: Scary Feet!|Calm Mind|p1a: Scary Feet!\n|-boost|p1a: Scary Feet!|spa|1\n|-boost|p1a: Scary Feet!|spd|1\n|\n|-status|p2a: Jesus Cristo|tox|[from] item: Toxic Orb\n|upkeep\n|turn|2\n|\n|t:|1699843300\n|move|p2a: Jesus Cristo|Toxic|p1a: Scary Feet!\n|-status|p1a: Scary Feet!|tox\n|move|p1a: Scary Feet!|Blood Moon|p2a: Jesus Cristo\n|-damage|p2a: Jesus Cristo|0 fnt\n|faint|p2a: Jesus Cristo\n|\n|-damage|p1a: Scary Feet!|94\/100 tox|[from] psn\n|upkeep\n|\n|t:|1699843326\n|switch|p2a: Kris Kringle|Iron Bundle|100\/100\n|-enditem|p2a: Kris Kringle|Booster Energy\n|-activate|p2a: Kris Kringle|ability: Quark Drive|[fromitem]\n|-start|p2a: Kris Kringle|quarkdrivespe\n|turn|3\n|j| Superison\n|j| hatev2\n|j| curtisthecacnea\n|\n|t:|1699843426\n|move|p1a: Scary Feet!|Vacuum Wave|p2a: Kris Kringle\n|-supereffective|p2a: Kris Kringle\n|-damage|p2a: Kris Kringle|9\/100\n|move|p2a: Kris Kringle|Ice Beam|p1a: Scary Feet!\n|-supereffective|p1a: Scary Feet!\n|-damage|p1a: Scary Feet!|25\/100 tox\n|\n|-damage|p1a: Scary Feet!|13\/100 tox|[from] psn\n|upkeep\n|turn|4\n|\n|t:|1699843450\n|move|p1a: Scary Feet!|Vacuum Wave|p2a: Kris Kringle\n|-supereffective|p2a: Kris Kringle\n|-damage|p2a: Kris Kringle|0 fnt\n|faint|p2a: Kris Kringle\n|-end|p2a: Kris Kringle|Quark Drive|[silent]\n|\n|-damage|p1a: Scary Feet!|0 fnt|[from] psn\n|faint|p1a: Scary Feet!\n|upkeep\n|\n|t:|1699843528\n|switch|p2a: Wise Old Tree|Torterra, F|100\/100\n|switch|p1a: Bingus|Mew, shiny|100\/100\n|turn|5\n|\n|t:|1699843554\n|move|p1a: Bingus|Ice Beam|p2a: Wise Old Tree\n|-supereffective|p2a: Wise Old Tree\n|-damage|p2a: Wise Old Tree|0 fnt\n|faint|p2a: Wise Old Tree\n|\n|upkeep\n|\n|t:|1699843580\n|switch|p2a: Nippy|Scizor, F|100\/100\n|turn|6\n|\n|t:|1699843603\n|move|p1a: Bingus|Will-O-Wisp|p2a: Nippy\n|-status|p2a: Nippy|brn\n|move|p2a: Nippy|Tailwind|p2a: Nippy\n|-sidestart|p2: The ShaqtusLOL|move: Tailwind\n|\n|-damage|p2a: Nippy|94\/100 brn|[from] brn\n|upkeep\n|turn|7\n|\n|t:|1699843668\n|switch|p1a: me|Muk-Alola, F, shiny|100\/100\n|move|p2a: Nippy|U-turn|p1a: me\n|-damage|p1a: me|89\/100\n|\n|t:|1699843677\n|switch|p2a: Quagmire|Pelipper, M|100\/100|[from] U-turn\n|-weather|RainDance|[from] ability: Drizzle|[of] p2a: Quagmire\n|\n|-weather|RainDance|[upkeep]\n|upkeep\n|turn|8\n|\n|t:|1699843742\n|move|p2a: Quagmire|U-turn|p1a: me\n|-damage|p1a: me|83\/100\n|\n|t:|1699843746\n|switch|p2a: BOMBA|Overqwil, F|100\/100|[from] U-turn\n|move|p1a: me|Knock Off|p2a: BOMBA\n|-resisted|p2a: BOMBA\n|-damage|p2a: BOMBA|78\/100\n|-enditem|p2a: BOMBA|Focus Sash|[from] move: Knock Off|[of] p1a: me\n|\n|-weather|RainDance|[upkeep]\n|upkeep\n|turn|9\n|\n|t:|1699843790\n|-terastallize|p2a: BOMBA|Water\n|move|p2a: BOMBA|Swords Dance|p2a: BOMBA\n|-boost|p2a: BOMBA|atk|2\n|move|p1a: me|Fire Punch|p2a: BOMBA\n|-resisted|p2a: BOMBA\n|-damage|p2a: BOMBA|73\/100\n|-status|p2a: BOMBA|brn\n|\n|-weather|RainDance|[upkeep]\n|-damage|p2a: BOMBA|67\/100 brn|[from] brn\n|-sideend|p2: The ShaqtusLOL|move: Tailwind\n|upkeep\n|turn|10\n|c|\u2606The ShaqtusLOL|lol\n|c| Scottowo|no way\n|c| hatev2|thats fucked up\n|c| hatev2|lol\n|\n|t:|1699843842\n|move|p2a: BOMBA|Swords Dance|p2a: BOMBA\n|-boost|p2a: BOMBA|atk|2\n|move|p1a: me|Poison Jab|p2a: BOMBA\n|-damage|p2a: BOMBA|33\/100 brn\n|\n|-weather|RainDance|[upkeep]\n|-damage|p2a: BOMBA|27\/100 brn|[from] brn\n|upkeep\n|turn|11\n|\n|t:|1699843849\n|move|p2a: BOMBA|Liquidation|p1a: me\n|-damage|p1a: me|15\/100\n|move|p1a: me|Poison Jab|p2a: BOMBA\n|-damage|p2a: BOMBA|0 fnt\n|faint|p2a: BOMBA\n|\n|-weather|none\n|upkeep\n|\n|t:|1699843861\n|switch|p2a: Quagmire|Pelipper, M|100\/100\n|-weather|RainDance|[from] ability: Drizzle|[of] p2a: Quagmire\n|turn|12\n|\n|t:|1699843876\n|switch|p1a: A Slug -David 2023|Gastrodon-East, F|100\/100\n|move|p2a: Quagmire|Hurricane|p1a: A Slug -David 2023\n|-damage|p1a: A Slug -David 2023|73\/100\n|-start|p1a: A Slug -David 2023|confusion\n|\n|-weather|RainDance|[upkeep]\n|upkeep\n|turn|13\n|\n|t:|1699843890\n|move|p2a: Quagmire|Hurricane|p1a: A Slug -David 2023\n|-damage|p1a: A Slug -David 2023|44\/100\n|-activate|p1a: A Slug -David 2023|confusion\n|-damage|p1a: A Slug -David 2023|38\/100|[from] confusion\n|\n|-weather|RainDance|[upkeep]\n|upkeep\n|turn|14\n|\n|t:|1699843900\n|move|p2a: Quagmire|Hurricane|p1a: A Slug -David 2023\n|-damage|p1a: A Slug -David 2023|12\/100\n|-activate|p1a: A Slug -David 2023|confusion\n|move|p1a: A Slug -David 2023|Recover|p1a: A Slug -David 2023\n|-heal|p1a: A Slug -David 2023|62\/100\n|\n|-weather|RainDance|[upkeep]\n|upkeep\n|turn|15\n|\n|t:|1699843907\n|move|p2a: Quagmire|Hurricane|p1a: A Slug -David 2023\n|-crit|p1a: A Slug -David 2023\n|-damage|p1a: A Slug -David 2023|24\/100\n|-end|p1a: A Slug -David 2023|confusion\n|move|p1a: A Slug -David 2023|Ice Beam|p2a: Quagmire\n|-crit|p2a: Quagmire\n|-damage|p2a: Quagmire|61\/100\n|\n|-weather|RainDance|[upkeep]\n|upkeep\n|turn|16\n|\n|t:|1699843930\n|switch|p1a: me|Muk-Alola, F, shiny|15\/100\n|move|p2a: Quagmire|Hurricane|p1a: me\n|-damage|p1a: me|0 fnt\n|faint|p1a: me\n|\n|-weather|none\n|upkeep\n|\n|t:|1699843954\n|switch|p1a: Bingus|Mew, shiny|100\/100\n|turn|17\n|\n|t:|1699843958\n|move|p1a: Bingus|Psychic|p2a: Quagmire\n|-damage|p2a: Quagmire|1\/100\n|move|p2a: Quagmire|U-turn|p1a: Bingus\n|-supereffective|p1a: Bingus\n|-damage|p1a: Bingus|85\/100\n|\n|t:|1699843963\n|switch|p2a: Nippy|Scizor, F|94\/100 brn|[from] U-turn\n|\n|-heal|p1a: Bingus|91\/100|[from] item: Leftovers\n|-heal|p2a: Nippy|100\/100 brn|[from] item: Leftovers\n|-damage|p2a: Nippy|94\/100 brn|[from] brn\n|upkeep\n|turn|18\n|\n|t:|1699843981\n|move|p2a: Nippy|Bullet Punch|p1a: Bingus\n|-damage|p1a: Bingus|78\/100\n|move|p1a: Bingus|Earth Power|p2a: Nippy\n|-damage|p2a: Nippy|68\/100 brn\n|\n|-heal|p1a: Bingus|84\/100|[from] item: Leftovers\n|-heal|p2a: Nippy|74\/100 brn|[from] item: Leftovers\n|-damage|p2a: Nippy|68\/100 brn|[from] brn\n|upkeep\n|turn|19\n|l| Scottowo\n|\n|t:|1699843994\n|move|p1a: Bingus|Earth Power|p2a: Nippy\n|-damage|p2a: Nippy|39\/100 brn\n|move|p2a: Nippy|Defog|p1a: Bingus\n|-unboost|p1a: Bingus|evasion|1\n|\n|-heal|p1a: Bingus|90\/100|[from] item: Leftovers\n|-heal|p2a: Nippy|45\/100 brn|[from] item: Leftovers\n|-damage|p2a: Nippy|39\/100 brn|[from] brn\n|upkeep\n|turn|20\n|\n|t:|1699844005\n|move|p1a: Bingus|Earth Power|p2a: Nippy\n|-damage|p2a: Nippy|14\/100 brn\n|move|p2a: Nippy|U-turn|p1a: Bingus\n|-supereffective|p1a: Bingus\n|-damage|p1a: Bingus|59\/100\n|\n|t:|1699844010\n|switch|p2a: Quagmire|Pelipper, M|1\/100|[from] U-turn\n|-weather|RainDance|[from] ability: Drizzle|[of] p2a: Quagmire\n|\n|-weather|RainDance|[upkeep]\n|-heal|p1a: Bingus|65\/100|[from] item: Leftovers\n|upkeep\n|turn|21\n|c|\u2606The ShaqtusLOL|fuck\n|c|\u2606The ShaqtusLOL|i forgot my tailwind\n|\n|t:|1699844024\n|move|p1a: Bingus|Psychic|p2a: Quagmire\n|-damage|p2a: Quagmire|0 fnt\n|faint|p2a: Quagmire\n|\n|-weather|RainDance|[upkeep]\n|-heal|p1a: Bingus|71\/100|[from] item: Leftovers\n|upkeep\n|c|\u2606The ShaqtusLOL|lol\n|\n|t:|1699844030\n|switch|p2a: Nippy|Scizor, F|14\/100 brn\n|turn|22\n|c| DivogoJota|i was going to say\n|\n|t:|1699844033\n|move|p1a: Bingus|Earth Power|p2a: Nippy\n|-damage|p2a: Nippy|0 fnt\n|faint|p2a: Nippy\n|\n|win|iceberg149\n|c| DivogoJota|why did you click defog\n|l| curtisthecacnea\n|c| DivogoJota|gg\n|l| hatev2\n|c|\u2606iceberg149|ggs\n|c|\u2606The ShaqtusLOL|becasue games been lost\n|c|\u2606The ShaqtusLOL|ggs\n|l| Ghantist\n|c| DivogoJota|unfortunate burn\n|l| justinrockin\n","uploadtime":1699844057,"views":38,"p1id":"iceberg149","p2id":"theshaqtuslol","formatid":"gen9ubers","rating":0,"private":0,"password":""}