{"id":"gen9ubers-1979290587","p1":"ranis_elh","p2":"ESHAYSBRUVVVVVS","format":"[Gen 9] Ubers","log":"|j|\u2606ranis_elh\n|j|\u2606ESHAYSBRUVVVVVS\n|t:|1698667152\n|gametype|singles\n|player|p1|ranis_elh|cynthia-gen4|1042\n|player|p2|ESHAYSBRUVVVVVS|101|1000\n|teamsize|p1|6\n|teamsize|p2|6\n|gen|9\n|tier|[Gen 9] Ubers\n|rated|\n|rule|Sleep Clause Mod: Limit one foe put to sleep\n|rule|Species Clause: Limit one of each Pok\u00e9mon\n|rule|OHKO Clause: OHKO moves are banned\n|rule|Evasion Items Clause: Evasion items are banned\n|rule|Evasion Moves Clause: Evasion moves are banned\n|rule|Endless Battle Clause: Forcing endless battles is banned\n|rule|HP Percentage Mod: HP is shown in percentages\n|clearpoke\n|poke|p1|Arceus-Steel|\n|poke|p1|Kyogre|\n|poke|p1|Urshifu-*, F|\n|poke|p1|Eternatus|\n|poke|p1|Magearna|\n|poke|p1|Ogerpon-Hearthflame, F|\n|poke|p2|Ursaluna-Bloodmoon, M|\n|poke|p2|Annihilape, M|\n|poke|p2|Kingambit, F|\n|poke|p2|Palafin, M|\n|poke|p2|Rillaboom, M|\n|poke|p2|Baxcalibur, F|\n|teampreview\n|inactive|Battle timer is ON: inactive players will automatically lose when time's up. (requested by ranis_elh)\n|\n|t:|1698667159\n|start\n|switch|p1a: Arceus|Arceus-Steel|100\/100\n|switch|p2a: Annihilape|Annihilape, M|100\/100\n|turn|1\n|\n|t:|1698667166\n|move|p2a: Annihilape|Stealth Rock|p1a: Arceus\n|-sidestart|p1: ranis_elh|move: Stealth Rock\n|move|p1a: Arceus|Stealth Rock|p2a: Annihilape\n|-sidestart|p2: ESHAYSBRUVVVVVS|move: Stealth Rock\n|\n|upkeep\n|turn|2\n|\n|t:|1698667171\n|move|p2a: Annihilape|Taunt|p1a: Arceus\n|-start|p1a: Arceus|move: Taunt\n|cant|p1a: Arceus|move: Taunt|Thunder Wave\n|\n|upkeep\n|turn|3\n|\n|t:|1698667176\n|move|p2a: Annihilape|Drain Punch|p1a: Arceus\n|-supereffective|p1a: Arceus\n|-damage|p1a: Arceus|59\/100\n|move|p1a: Arceus|Judgment|p2a: Annihilape\n|-damage|p2a: Annihilape|57\/100\n|\n|upkeep\n|turn|4\n|\n|t:|1698667183\n|move|p2a: Annihilape|Drain Punch|p1a: Arceus\n|-supereffective|p1a: Arceus\n|-damage|p1a: Arceus|18\/100\n|-heal|p2a: Annihilape|79\/100|[from] drain|[of] p1a: Arceus\n|move|p1a: Arceus|Judgment|p2a: Annihilape\n|-damage|p2a: Annihilape|36\/100\n|-enditem|p2a: Annihilape|Sitrus Berry|[eat]\n|-heal|p2a: Annihilape|61\/100|[from] item: Sitrus Berry\n|\n|-end|p1a: Arceus|move: Taunt\n|upkeep\n|turn|5\n|\n|t:|1698667197\n|move|p2a: Annihilape|Taunt|p1a: Arceus\n|-start|p1a: Arceus|move: Taunt\n|cant|p1a: Arceus|move: Taunt|Thunder Wave\n|\n|upkeep\n|turn|6\n|\n|t:|1698667202\n|move|p2a: Annihilape|Drain Punch|p1a: Arceus\n|-supereffective|p1a: Arceus\n|-damage|p1a: Arceus|0 fnt\n|-heal|p2a: Annihilape|70\/100|[from] drain|[of] p1a: Arceus\n|faint|p1a: Arceus\n|\n|upkeep\n|\n|t:|1698667208\n|switch|p1a: Urshifu|Urshifu, F|100\/100\n|-damage|p1a: Urshifu|94\/100|[from] Stealth Rock\n|turn|7\n|\n|t:|1698667215\n|move|p1a: Urshifu|Sucker Punch|p2a: Annihilape\n|-damage|p2a: Annihilape|13\/100\n|move|p2a: Annihilape|Drain Punch|p1a: Urshifu\n|-supereffective|p1a: Urshifu\n|-damage|p1a: Urshifu|38\/100\n|-heal|p2a: Annihilape|36\/100|[from] drain|[of] p1a: Urshifu\n|\n|upkeep\n|turn|8\n|\n|t:|1698667224\n|move|p1a: Urshifu|Sucker Punch|p2a: Annihilape\n|-damage|p2a: Annihilape|0 fnt\n|faint|p2a: Annihilape\n|\n|upkeep\n|\n|t:|1698667237\n|switch|p2a: Ursaluna|Ursaluna-Bloodmoon, M|100\/100\n|-damage|p2a: Ursaluna|94\/100|[from] Stealth Rock\n|turn|9\n|\n|t:|1698667241\n|move|p1a: Urshifu|Sucker Punch|p2a: Ursaluna\n|-damage|p2a: Ursaluna|54\/100\n|move|p2a: Ursaluna|Moonblast|p1a: Urshifu\n|-supereffective|p1a: Urshifu\n|-damage|p1a: Urshifu|0 fnt\n|faint|p1a: Urshifu\n|\n|upkeep\n|\n|t:|1698667257\n|switch|p1a: Magearna|Magearna|100\/100\n|-damage|p1a: Magearna|94\/100|[from] Stealth Rock\n|-item|p1a: Magearna|Air Balloon\n|turn|10\n|\n|t:|1698667266\n|move|p2a: Ursaluna|Vacuum Wave|p1a: Magearna\n|-damage|p1a: Magearna|82\/100\n|-enditem|p1a: Magearna|Air Balloon\n|move|p1a: Magearna|Fleur Cannon|p2a: Ursaluna\n|-damage|p2a: Ursaluna|13\/100\n|-unboost|p1a: Magearna|spa|2\n|\n|upkeep\n|turn|11\n|\n|t:|1698667276\n|switch|p1a: Kyogre|Kyogre|100\/100\n|-damage|p1a: Kyogre|88\/100|[from] Stealth Rock\n|-weather|RainDance|[from] ability: Drizzle|[of] p1a: Kyogre\n|move|p2a: Ursaluna|Earth Power|p1a: Kyogre\n|-crit|p1a: Kyogre\n|-damage|p1a: Kyogre|34\/100\n|\n|-weather|RainDance|[upkeep]\n|-heal|p1a: Kyogre|41\/100|[from] item: Leftovers\n|upkeep\n|turn|12\n|\n|t:|1698667287\n|move|p2a: Ursaluna|Vacuum Wave|p1a: Kyogre\n|-damage|p1a: Kyogre|31\/100\n|move|p1a: Kyogre|Surf|p2a: Ursaluna\n|-supereffective|p2a: Ursaluna\n|-damage|p2a: Ursaluna|0 fnt\n|faint|p2a: Ursaluna\n|\n|-weather|RainDance|[upkeep]\n|-heal|p1a: Kyogre|37\/100|[from] item: Leftovers\n|upkeep\n|\n|t:|1698667293\n|switch|p2a: Rillaboom|Rillaboom, M|100\/100\n|-damage|p2a: Rillaboom|88\/100|[from] Stealth Rock\n|-fieldstart|move: Grassy Terrain|[from] ability: Grassy Surge|[of] p2a: Rillaboom\n|turn|13\n|\n|t:|1698667305\n|switch|p1a: Magearna|Magearna|82\/100\n|-damage|p1a: Magearna|76\/100|[from] Stealth Rock\n|move|p2a: Rillaboom|Grassy Glide|p1a: Magearna\n|-resisted|p1a: Magearna\n|-damage|p1a: Magearna|58\/100\n|\n|-weather|RainDance|[upkeep]\n|-heal|p2a: Rillaboom|94\/100|[from] Grassy Terrain\n|-heal|p1a: Magearna|64\/100|[from] Grassy Terrain\n|upkeep\n|turn|14\n|\n|t:|1698667316\n|switch|p2a: Palafin|Palafin, M|100\/100\n|-damage|p2a: Palafin|88\/100|[from] Stealth Rock\n|move|p1a: Magearna|Rest|p1a: Magearna\n|-status|p1a: Magearna|slp|[from] move: Rest\n|-heal|p1a: Magearna|100\/100 slp|[silent]\n|\n|-weather|RainDance|[upkeep]\n|-heal|p2a: Palafin|94\/100|[from] Grassy Terrain\n|upkeep\n|turn|15\n|\n|t:|1698667326\n|move|p2a: Palafin|Flip Turn|p1a: Magearna\n|-damage|p1a: Magearna|82\/100 slp\n|\n|t:|1698667338\n|detailschange|p2a: Palafin|Palafin-Hero, M\n|switch|p2a: Baxcalibur|Baxcalibur, F|100\/100|[from] Flip Turn\n|-damage|p2a: Baxcalibur|75\/100|[from] Stealth Rock\n|cant|p1a: Magearna|slp\n|move|p1a: Magearna|Sleep Talk|p1a: Magearna\n|move|p1a: Magearna|Rest||[from]move: Sleep Talk|[still]\n|-fail|p1a: Magearna\n|\n|-weather|none\n|-heal|p2a: Baxcalibur|82\/100|[from] Grassy Terrain\n|-heal|p1a: Magearna|88\/100 slp|[from] Grassy Terrain\n|upkeep\n|turn|16\n|\n|t:|1698667350\n|move|p2a: Baxcalibur|Dragon Dance|p2a: Baxcalibur\n|-boost|p2a: Baxcalibur|atk|1\n|-boost|p2a: Baxcalibur|spe|1\n|cant|p1a: Magearna|slp\n|move|p1a: Magearna|Sleep Talk|p1a: Magearna\n|move|p1a: Magearna|Encore|p2a: Baxcalibur|[from]move: Sleep Talk\n|-start|p2a: Baxcalibur|Encore\n|\n|-heal|p2a: Baxcalibur|88\/100|[from] Grassy Terrain\n|-heal|p1a: Magearna|94\/100 slp|[from] Grassy Terrain\n|upkeep\n|turn|17\n|\n|t:|1698667361\n|switch|p2a: Palafin|Palafin-Hero, M|94\/100\n|-damage|p2a: Palafin|82\/100|[from] Stealth Rock\n|-activate|p2a: Palafin|ability: Zero to Hero\n|-curestatus|p1a: Magearna|slp|[msg]\n|move|p1a: Magearna|Sleep Talk||[still]\n|-fail|p1a: Magearna\n|\n|-heal|p2a: Palafin|88\/100|[from] Grassy Terrain\n|-heal|p1a: Magearna|99\/100|[from] Grassy Terrain\n|-fieldend|move: Grassy Terrain\n|upkeep\n|turn|18\n|\n|t:|1698667373\n|-terastallize|p2a: Palafin|Water\n|move|p2a: Palafin|Wave Crash|p1a: Magearna\n|-damage|p1a: Magearna|36\/100\n|-damage|p2a: Palafin|66\/100|[from] Recoil\n|move|p1a: Magearna|Fleur Cannon|p2a: Palafin\n|-damage|p2a: Palafin|8\/100\n|-unboost|p1a: Magearna|spa|2\n|\n|upkeep\n|turn|19\n|\n|t:|1698667387\n|move|p2a: Palafin|Wave Crash|p1a: Magearna\n|-damage|p1a: Magearna|0 fnt\n|faint|p1a: Magearna\n|-damage|p2a: Palafin|0 fnt|[from] Recoil\n|faint|p2a: Palafin\n|\n|upkeep\n|\n|t:|1698667394\n|switch|p2a: Baxcalibur|Baxcalibur, F|88\/100\n|switch|p1a: Kyogre|Kyogre|37\/100\n|-damage|p2a: Baxcalibur|63\/100|[from] Stealth Rock\n|-damage|p1a: Kyogre|25\/100|[from] Stealth Rock\n|-weather|RainDance|[from] ability: Drizzle|[of] p1a: Kyogre\n|turn|20\n|\n|t:|1698667402\n|move|p2a: Baxcalibur|Scale Shot|p1a: Kyogre\n|-damage|p1a: Kyogre|12\/100\n|-damage|p1a: Kyogre|0 fnt\n|faint|p1a: Kyogre\n|-hitcount|p1: Kyogre|2\n|-unboost|p2a: Baxcalibur|def|1\n|-boost|p2a: Baxcalibur|spe|1\n|\n|-weather|RainDance|[upkeep]\n|upkeep\n|\n|t:|1698667416\n|switch|p1a: Ogerpon|Ogerpon-Hearthflame, F|100\/100\n|-damage|p1a: Ogerpon|76\/100|[from] Stealth Rock\n|-ability|p1a: Ogerpon|Mold Breaker\n|turn|21\n|\n|t:|1698667423\n|-terastallize|p1a: Ogerpon|Fire\n|detailschange|p1a: Ogerpon|Ogerpon-Hearthflame-Tera, F, tera:Fire\n|-ability|p1a: Ogerpon|Embody Aspect (Hearthflame)|boost\n|-boost|p1a: Ogerpon|atk|1\n|move|p2a: Baxcalibur|Earthquake|p1a: Ogerpon\n|-supereffective|p1a: Ogerpon\n|-damage|p1a: Ogerpon|0 fnt\n|faint|p1a: Ogerpon\n|\n|-weather|RainDance|[upkeep]\n|upkeep\n|-message|ranis_elh forfeited.\n|\n|win|ESHAYSBRUVVVVVS\n|raw|ranis_elh's rating: 1042 &rarr; <strong>1024<\/strong><br \/>(-18 for losing)\n|raw|ESHAYSBRUVVVVVS's rating: 1000 &rarr; <strong>1045<\/strong><br \/>(+45 for winning)\n|l|\u2606ranis_elh\n","uploadtime":1698667435,"views":16,"p1id":"raniselh","p2id":"eshaysbruvvvvvs","formatid":"gen9ubers","rating":1024,"private":0,"password":""}