{"id":"gen9ubers-1981619882","p1":"Fhgrgxhu","p2":"Ciscork","format":"[Gen 9] Ubers","log":"|j|\u2606Fhgrgxhu\n|j|\u2606Ciscork\n|t:|1698926870\n|gametype|singles\n|player|p1|Fhgrgxhu|wattson|1044\n|player|p2|Ciscork|169|1074\n|teamsize|p1|6\n|teamsize|p2|6\n|gen|9\n|tier|[Gen 9] Ubers\n|rated|\n|rule|Sleep Clause Mod: Limit one foe put to sleep\n|rule|Species Clause: Limit one of each Pok\u00e9mon\n|rule|OHKO Clause: OHKO moves are banned\n|rule|Evasion Items Clause: Evasion items are banned\n|rule|Evasion Moves Clause: Evasion moves are banned\n|rule|Endless Battle Clause: Forcing endless battles is banned\n|rule|HP Percentage Mod: HP is shown in percentages\n|clearpoke\n|poke|p1|Goodra-Hisui, M|\n|poke|p1|Corviknight, F|\n|poke|p1|Ting-Lu|\n|poke|p1|Iron Bundle|\n|poke|p1|Skeledirge, F|\n|poke|p1|Clodsire, F|\n|poke|p2|Sneasler, F|\n|poke|p2|Dragapult, M|\n|poke|p2|Quaquaval, F|\n|poke|p2|Glimmora, F|\n|poke|p2|Roaring Moon|\n|poke|p2|Gholdengo|\n|teampreview\n|\n|t:|1698926880\n|start\n|switch|p1a: Skeledirge|Skeledirge, F|100\/100\n|switch|p2a: Dragapult|Dragapult, M, shiny|100\/100\n|turn|1\n|\n|t:|1698926888\n|move|p2a: Dragapult|U-turn|p1a: Skeledirge\n|-resisted|p1a: Skeledirge\n|-damage|p1a: Skeledirge|95\/100\n|\n|t:|1698926893\n|switch|p2a: Roaring Moon|Roaring Moon, shiny|100\/100|[from] U-turn\n|-enditem|p2a: Roaring Moon|Booster Energy\n|-activate|p2a: Roaring Moon|ability: Protosynthesis|[fromitem]\n|-start|p2a: Roaring Moon|protosynthesisatk\n|move|p1a: Skeledirge|Will-O-Wisp|p2a: Roaring Moon\n|-status|p2a: Roaring Moon|brn\n|\n|-damage|p2a: Roaring Moon|95\/100 brn|[from] brn\n|upkeep\n|turn|2\n|\n|t:|1698926904\n|switch|p1a: Turbo|Goodra-Hisui, M|100\/100\n|move|p2a: Roaring Moon|Dragon Dance|p2a: Roaring Moon\n|-boost|p2a: Roaring Moon|atk|1\n|-boost|p2a: Roaring Moon|spe|1\n|\n|-damage|p2a: Roaring Moon|89\/100 brn|[from] brn\n|upkeep\n|turn|3\n|\n|t:|1698926915\n|-terastallize|p2a: Roaring Moon|Flying\n|move|p2a: Roaring Moon|Earthquake|p1a: Turbo\n|-supereffective|p1a: Turbo\n|-damage|p1a: Turbo|33\/100\n|move|p1a: Turbo|Shelter|p1a: Turbo\n|-boost|p1a: Turbo|def|2\n|\n|-damage|p2a: Roaring Moon|83\/100 brn|[from] brn\n|upkeep\n|turn|4\n|\n|t:|1698926925\n|-terastallize|p1a: Turbo|Flying\n|move|p2a: Roaring Moon|Earthquake|p1a: Turbo\n|-immune|p1a: Turbo\n|move|p1a: Turbo|Shelter|p1a: Turbo\n|-boost|p1a: Turbo|def|2\n|\n|-damage|p2a: Roaring Moon|77\/100 brn|[from] brn\n|upkeep\n|turn|5\n|\n|t:|1698926937\n|move|p2a: Roaring Moon|Acrobatics|p1a: Turbo\n|-crit|p1a: Turbo\n|-damage|p1a: Turbo|0 fnt\n|faint|p1a: Turbo\n|\n|-damage|p2a: Roaring Moon|71\/100 brn|[from] brn\n|upkeep\n|-message|Fhgrgxhu forfeited.\n|\n|win|Ciscork\n|raw|Fhgrgxhu's rating: 1044 &rarr; <strong>1029<\/strong><br \/>(-15 for losing)\n|raw|Ciscork's rating: 1074 &rarr; <strong>1100<\/strong><br \/>(+26 for winning)\n|l|\u2606Fhgrgxhu\n","uploadtime":1698926957,"views":11,"p1id":"fhgrgxhu","p2id":"ciscork","formatid":"gen9ubers","rating":1029,"private":0,"password":""}