{"id":"gen9ubers-1972728047","p1":"Spectra Sovereign","p2":"bjx sxc","format":"[Gen 9] Ubers","log":"|j|\u2606Spectra Sovereign\n|j|\u2606bjx sxc\n|t:|1697885671\n|gametype|singles\n|player|p1|Spectra Sovereign|shadowtriad|1053\n|player|p2|bjx sxc|169|1000\n|teamsize|p1|6\n|teamsize|p2|6\n|gen|9\n|tier|[Gen 9] Ubers\n|rated|\n|rule|Sleep Clause Mod: Limit one foe put to sleep\n|rule|Species Clause: Limit one of each Pok\u00e9mon\n|rule|OHKO Clause: OHKO moves are banned\n|rule|Evasion Items Clause: Evasion items are banned\n|rule|Evasion Moves Clause: Evasion moves are banned\n|rule|Endless Battle Clause: Forcing endless battles is banned\n|rule|HP Percentage Mod: HP is shown in percentages\n|clearpoke\n|poke|p1|Mimikyu, F|\n|poke|p1|Corviknight, M|\n|poke|p1|Dondozo, M|\n|poke|p1|Dragapult, F|\n|poke|p1|Koraidon|\n|poke|p1|Gholdengo|\n|poke|p2|Zacian-*|\n|poke|p2|Regidrago|\n|poke|p2|Tornadus, M|\n|poke|p2|Urshifu-*, F|\n|poke|p2|Mewtwo|\n|poke|p2|Koraidon|\n|teampreview\n|\n|t:|1697885677\n|start\n|switch|p1a: Mimikyu|Mimikyu, F, shiny|100\/100\n|switch|p2a: Tornadus|Tornadus, M|100\/100\n|turn|1\n|\n|t:|1697885685\n|move|p2a: Tornadus|Dark Pulse|p1a: Mimikyu\n|-activate|p1a: Mimikyu|ability: Disguise\n|-damage|p1a: Mimikyu|100\/100\n|detailschange|p1a: Mimikyu|Mimikyu-Busted, F, shiny\n|-damage|p1a: Mimikyu|88\/100|[from] pokemon: Mimikyu-Busted\n|move|p1a: Mimikyu|Swords Dance|p1a: Mimikyu\n|-boost|p1a: Mimikyu|atk|2\n|\n|upkeep\n|turn|2\n|\n|t:|1697885721\n|move|p1a: Mimikyu|Shadow Sneak|p2a: Tornadus\n|-damage|p2a: Tornadus|49\/100\n|move|p2a: Tornadus|Bleakwind Storm|p1a: Mimikyu\n|-damage|p1a: Mimikyu|26\/100\n|-unboost|p1a: Mimikyu|spe|1\n|\n|-heal|p2a: Tornadus|55\/100|[from] item: Leftovers\n|upkeep\n|turn|3\n|inactive|Battle timer is ON: inactive players will automatically lose when time's up. (requested by bjx sxc)\n|\n|t:|1697885732\n|move|p1a: Mimikyu|Shadow Sneak|p2a: Tornadus\n|-damage|p2a: Tornadus|7\/100\n|move|p2a: Tornadus|Bleakwind Storm|p1a: Mimikyu\n|-damage|p1a: Mimikyu|0 fnt\n|faint|p1a: Mimikyu\n|\n|-heal|p2a: Tornadus|13\/100|[from] item: Leftovers\n|upkeep\n|\n|t:|1697885747\n|switch|p1a: Dragapult|Dragapult, F, shiny|100\/100\n|turn|4\n|\n|t:|1697885764\n|move|p2a: Tornadus|Tailwind|p2a: Tornadus\n|-sidestart|p2: bjx sxc|move: Tailwind\n|move|p1a: Dragapult|Dragon Darts|p2a: Tornadus\n|-damage|p2a: Tornadus|0 fnt\n|faint|p2a: Tornadus\n|\n|upkeep\n|\n|t:|1697885771\n|switch|p2a: Regidrago|Regidrago|100\/100\n|turn|5\n|\n|t:|1697885778\n|-terastallize|p1a: Dragapult|Fire\n|move|p1a: Dragapult|Dragon Darts|p2a: Regidrago\n|-supereffective|p2a: Regidrago\n|-damage|p2a: Regidrago|40\/100\n|-anim|p1a: Dragapult|Dragon Darts|p2a: Regidrago\n|-supereffective|p2a: Regidrago\n|-damage|p2a: Regidrago|0 fnt\n|faint|p2a: Regidrago\n|\n|upkeep\n|\n|t:|1697885787\n|switch|p2a: Zacian|Zacian-Crowned|100\/100\n|-ability|p2a: Zacian|Intrepid Sword|boost\n|-boost|p2a: Zacian|atk|1\n|turn|6\n|\n|t:|1697885806\n|switch|p1a: Dondozo|Dondozo, M, shiny|100\/100\n|move|p2a: Zacian|Behemoth Blade|p1a: Dondozo\n|-resisted|p1a: Dondozo\n|-damage|p1a: Dondozo|82\/100\n|\n|upkeep\n|turn|7\n|\n|t:|1697885815\n|move|p2a: Zacian|Play Rough|p1a: Dondozo\n|-crit|p1a: Dondozo\n|-damage|p1a: Dondozo|35\/100\n|-unboost|p1a: Dondozo|atk|1\n|move|p1a: Dondozo|Yawn|p2a: Zacian\n|-start|p2a: Zacian|move: Yawn|[of] p1a: Dondozo\n|\n|-sideend|p2: bjx sxc|move: Tailwind\n|upkeep\n|turn|8\n|\n|t:|1697885827\n|switch|p1a: Gholdengo|Gholdengo|100\/100\n|move|p2a: Zacian|Play Rough|p1a: Gholdengo\n|-resisted|p1a: Gholdengo\n|-damage|p1a: Gholdengo|67\/100\n|-unboost|p1a: Gholdengo|atk|1\n|\n|-end|p2a: Zacian|move: Yawn|[silent]\n|-status|p2a: Zacian|slp\n|-status|p1a: Gholdengo|brn|[from] item: Flame Orb\n|upkeep\n|turn|9\n|\n|t:|1697885841\n|cant|p2a: Zacian|slp\n|move|p1a: Gholdengo|Trick||[still]\n|-fail|p1a: Gholdengo\n|\n|-damage|p1a: Gholdengo|61\/100 brn|[from] brn\n|upkeep\n|turn|10\n|\n|t:|1697885856\n|cant|p2a: Zacian|slp\n|move|p1a: Gholdengo|Hex|p2a: Zacian\n|-damage|p2a: Zacian|52\/100 slp\n|\n|-damage|p1a: Gholdengo|54\/100 brn|[from] brn\n|upkeep\n|turn|11\n|\n|t:|1697885868\n|cant|p2a: Zacian|slp\n|move|p1a: Gholdengo|Recover|p1a: Gholdengo\n|-heal|p1a: Gholdengo|100\/100 brn\n|\n|-damage|p1a: Gholdengo|94\/100 brn|[from] brn\n|upkeep\n|turn|12\n|\n|t:|1697885877\n|-curestatus|p2a: Zacian|slp|[msg]\n|move|p2a: Zacian|Fire Fang|p1a: Gholdengo\n|-supereffective|p1a: Gholdengo\n|-damage|p1a: Gholdengo|28\/100 brn\n|move|p1a: Gholdengo|Thunder Wave|p2a: Zacian\n|-status|p2a: Zacian|par\n|\n|-damage|p1a: Gholdengo|22\/100 brn|[from] brn\n|upkeep\n|turn|13\n|\n|t:|1697885896\n|cant|p2a: Zacian|par\n|move|p1a: Gholdengo|Hex|p2a: Zacian\n|-damage|p2a: Zacian|0 fnt\n|faint|p2a: Zacian\n|\n|-damage|p1a: Gholdengo|16\/100 brn|[from] brn\n|upkeep\n|\n|t:|1697885904\n|switch|p2a: Urshifu|Urshifu-Rapid-Strike, F|100\/100\n|turn|14\n|\n|t:|1697885912\n|move|p2a: Urshifu|Aqua Jet|p1a: Gholdengo\n|-damage|p1a: Gholdengo|0 fnt\n|faint|p1a: Gholdengo\n|\n|upkeep\n|\n|t:|1697885923\n|switch|p1a: Dragapult|Dragapult, F, shiny, tera:Fire|100\/100\n|turn|15\n|\n|t:|1697885930\n|move|p1a: Dragapult|Psychic Fangs|p2a: Urshifu\n|-supereffective|p2a: Urshifu\n|-damage|p2a: Urshifu|41\/100\n|move|p2a: Urshifu|Surging Strikes|p1a: Dragapult\n|-supereffective|p1a: Dragapult\n|-crit|p1a: Dragapult\n|-damage|p1a: Dragapult|48\/100\n|-supereffective|p1a: Dragapult\n|-crit|p1a: Dragapult\n|-damage|p1a: Dragapult|0 fnt\n|faint|p1a: Dragapult\n|-hitcount|p1: Dragapult|2\n|\n|upkeep\n|\n|t:|1697885958\n|switch|p1a: Koraidon|Koraidon|100\/100\n|-weather|SunnyDay|[from] ability: Orichalcum Pulse|[of] p1a: Koraidon\n|-activate|p1a: Koraidon|Orichalcum Pulse|[source]\n|turn|16\n|\n|t:|1697885966\n|move|p1a: Koraidon|Swords Dance|p1a: Koraidon\n|-boost|p1a: Koraidon|atk|2\n|move|p2a: Urshifu|Drain Punch|p1a: Koraidon\n|-damage|p1a: Koraidon|67\/100\n|-heal|p2a: Urshifu|58\/100|[from] drain|[of] p1a: Koraidon\n|\n|-weather|SunnyDay|[upkeep]\n|upkeep\n|turn|17\n|\n|t:|1697885976\n|move|p1a: Koraidon|Drain Punch|p2a: Urshifu\n|-crit|p2a: Urshifu\n|-damage|p2a: Urshifu|0 fnt\n|-heal|p1a: Koraidon|96\/100|[from] drain|[of] p2a: Urshifu\n|faint|p2a: Urshifu\n|\n|-weather|SunnyDay|[upkeep]\n|upkeep\n|\n|t:|1697885985\n|switch|p2a: Mewtwo|Mewtwo|100\/100\n|-ability|p2a: Mewtwo|Unnerve\n|turn|18\n|\n|t:|1697885991\n|move|p1a: Koraidon|Shadow Claw|p2a: Mewtwo\n|-supereffective|p2a: Mewtwo\n|-crit|p2a: Mewtwo\n|-damage|p2a: Mewtwo|0 fnt\n|-damage|p1a: Koraidon|79\/100|[from] item: Rocky Helmet|[of] p2a: Mewtwo\n|faint|p2a: Mewtwo\n|\n|-weather|SunnyDay|[upkeep]\n|upkeep\n|\n|t:|1697885997\n|switch|p2a: Koraidon|Koraidon|100\/100\n|-activate|p2a: Koraidon|ability: Orichalcum Pulse\n|turn|19\n|\n|t:|1697886017\n|move|p2a: Koraidon|Dragon Claw|p1a: Koraidon\n|-supereffective|p1a: Koraidon\n|-damage|p1a: Koraidon|0 fnt\n|faint|p1a: Koraidon\n|\n|-weather|SunnyDay|[upkeep]\n|upkeep\n|\n|t:|1697886025\n|switch|p1a: Dondozo|Dondozo, M, shiny|35\/100\n|turn|20\n|\n|t:|1697886029\n|move|p2a: Koraidon|Solar Beam||[still]\n|-prepare|p2a: Koraidon|Solar Beam\n|-anim|p2a: Koraidon|Solar Beam|p1a: Dondozo\n|-supereffective|p1a: Dondozo\n|-damage|p1a: Dondozo|1\/100\n|move|p1a: Dondozo|Body Press|p2a: Koraidon\n|-damage|p2a: Koraidon|82\/100\n|-heal|p1a: Dondozo|3\/100|[from] item: Shell Bell|[of] p2a: Koraidon\n|\n|-weather|none\n|-heal|p2a: Koraidon|88\/100|[from] item: Leftovers\n|upkeep\n|turn|21\n|\n|t:|1697886045\n|move|p2a: Koraidon|U-turn|p1a: Dondozo\n|-damage|p1a: Dondozo|0 fnt\n|faint|p1a: Dondozo\n|\n|-heal|p2a: Koraidon|94\/100|[from] item: Leftovers\n|upkeep\n|\n|t:|1697886052\n|switch|p1a: Corviknight|Corviknight, M, shiny|100\/100\n|turn|22\n|\n|t:|1697886059\n|move|p2a: Koraidon|Collision Course|p1a: Corviknight\n|-damage|p1a: Corviknight|53\/100\n|move|p1a: Corviknight|Bulk Up|p1a: Corviknight\n|-boost|p1a: Corviknight|atk|1\n|-boost|p1a: Corviknight|def|1\n|\n|-heal|p2a: Koraidon|99\/100|[from] item: Leftovers\n|upkeep\n|turn|23\n|\n|t:|1697886070\n|move|p2a: Koraidon|Collision Course|p1a: Corviknight\n|-damage|p1a: Corviknight|24\/100\n|move|p1a: Corviknight|Roost|p1a: Corviknight\n|-heal|p1a: Corviknight|74\/100\n|-singleturn|p1a: Corviknight|move: Roost\n|\n|-heal|p2a: Koraidon|100\/100|[from] item: Leftovers\n|upkeep\n|turn|24\n|\n|t:|1697886084\n|move|p2a: Koraidon|Collision Course|p1a: Corviknight\n|-damage|p1a: Corviknight|45\/100\n|move|p1a: Corviknight|Roost|p1a: Corviknight\n|-heal|p1a: Corviknight|95\/100\n|-singleturn|p1a: Corviknight|move: Roost\n|\n|upkeep\n|turn|25\n|\n|t:|1697886093\n|move|p2a: Koraidon|Dragon Claw|p1a: Corviknight\n|-resisted|p1a: Corviknight\n|-damage|p1a: Corviknight|83\/100\n|move|p1a: Corviknight|Bulk Up|p1a: Corviknight\n|-boost|p1a: Corviknight|atk|1\n|-boost|p1a: Corviknight|def|1\n|\n|upkeep\n|turn|26\n|\n|t:|1697886102\n|move|p2a: Koraidon|Collision Course|p1a: Corviknight\n|-damage|p1a: Corviknight|63\/100\n|move|p1a: Corviknight|Bulk Up|p1a: Corviknight\n|-boost|p1a: Corviknight|atk|1\n|-boost|p1a: Corviknight|def|1\n|\n|upkeep\n|turn|27\n|\n|t:|1697886110\n|move|p2a: Koraidon|Collision Course|p1a: Corviknight\n|-damage|p1a: Corviknight|46\/100\n|move|p1a: Corviknight|Roost|p1a: Corviknight\n|-heal|p1a: Corviknight|96\/100\n|-singleturn|p1a: Corviknight|move: Roost\n|\n|upkeep\n|turn|28\n|\n|t:|1697886119\n|move|p2a: Koraidon|Collision Course|p1a: Corviknight\n|-damage|p1a: Corviknight|77\/100\n|move|p1a: Corviknight|Bulk Up|p1a: Corviknight\n|-boost|p1a: Corviknight|atk|1\n|-boost|p1a: Corviknight|def|1\n|\n|upkeep\n|turn|29\n|\n|t:|1697886130\n|move|p2a: Koraidon|Solar Beam||[still]\n|-prepare|p2a: Koraidon|Solar Beam\n|move|p1a: Corviknight|Body Press|p2a: Koraidon\n|-damage|p2a: Koraidon|50\/100\n|\n|-heal|p2a: Koraidon|57\/100|[from] item: Leftovers\n|upkeep\n|turn|30\n|\n|t:|1697886139\n|move|p2a: Koraidon|Solar Beam|p1a: Corviknight|[from]lockedmove\n|-resisted|p1a: Corviknight\n|-damage|p1a: Corviknight|73\/100\n|move|p1a: Corviknight|Roost|p1a: Corviknight\n|-heal|p1a: Corviknight|100\/100\n|-singleturn|p1a: Corviknight|move: Roost\n|\n|-heal|p2a: Koraidon|63\/100|[from] item: Leftovers\n|upkeep\n|turn|31\n|\n|t:|1697886152\n|move|p2a: Koraidon|Collision Course|p1a: Corviknight\n|-damage|p1a: Corviknight|84\/100\n|move|p1a: Corviknight|Iron Head|p2a: Koraidon\n|-damage|p2a: Koraidon|1\/100\n|\n|-heal|p2a: Koraidon|7\/100|[from] item: Leftovers\n|upkeep\n|turn|32\n|\n|t:|1697886163\n|move|p2a: Koraidon|U-turn|p1a: Corviknight\n|-resisted|p1a: Corviknight\n|-damage|p1a: Corviknight|82\/100\n|move|p1a: Corviknight|Iron Head|p2a: Koraidon\n|-damage|p2a: Koraidon|0 fnt\n|faint|p2a: Koraidon\n|\n|win|Spectra Sovereign\n|raw|Spectra Sovereign's rating: 1053 &rarr; <strong>1080<\/strong><br \/>(+27 for winning)\n|raw|bjx sxc's rating: 1000 &rarr; <strong>1000<\/strong><br \/>(+0 for losing)\n|l|\u2606bjx sxc\n|c|\u2606Spectra Sovereign|gg\n","uploadtime":1697886187,"views":7,"p1id":"spectrasovereign","p2id":"bjxsxc","formatid":"gen9ubers","rating":1000,"private":0,"password":""}