{"id":"gen9ubers-1967831442","p1":"sproutslayer69420","p2":"asdagigafo","format":"[Gen 9] Ubers","log":"|j|\u2606sproutslayer69420\n|j|\u2606asdagigafo\n|t:|1697343942\n|gametype|singles\n|player|p1|sproutslayer69420|nurse|\n|player|p2|asdagigafo|fisherman-gen4|\n|teamsize|p1|6\n|teamsize|p2|6\n|gen|9\n|tier|[Gen 9] Ubers\n|rule|Sleep Clause Mod: Limit one foe put to sleep\n|rule|Species Clause: Limit one of each Pok\u00e9mon\n|rule|OHKO Clause: OHKO moves are banned\n|rule|Evasion Items Clause: Evasion items are banned\n|rule|Evasion Moves Clause: Evasion moves are banned\n|rule|Endless Battle Clause: Forcing endless battles is banned\n|rule|HP Percentage Mod: HP is shown in percentages\n|clearpoke\n|poke|p1|Annihilape, M|\n|poke|p1|Pincurchin, M|\n|poke|p1|Iron Treads|\n|poke|p1|Iron Jugulis|\n|poke|p1|Sandy Shocks|\n|poke|p1|Basculegion-F, F|\n|poke|p2|Zamazenta-*|\n|poke|p2|Meowscarada, F|\n|poke|p2|Zapdos|\n|poke|p2|Zoroark-Hisui, F|\n|poke|p2|Dudunsparce-*, F|\n|poke|p2|Mesprit|\n|teampreview\n|j| Mole Enthusiast\n|\n|t:|1697343977\n|start\n|switch|p1a: Pincurchin|Pincurchin, M|100\/100\n|switch|p2a: Teehee lol ;P|Mesprit|100\/100\n|-fieldstart|move: Electric Terrain|[from] ability: Electric Surge|[of] p1a: Pincurchin\n|turn|1\n|\n|t:|1697343994\n|move|p2a: Teehee lol ;P|Stealth Rock|p1a: Pincurchin\n|-sidestart|p1: sproutslayer69420|move: Stealth Rock\n|move|p1a: Pincurchin|Thunder Wave|p2a: Teehee lol ;P\n|-status|p2a: Teehee lol ;P|par\n|\n|upkeep\n|turn|2\n|\n|t:|1697344000\n|move|p1a: Pincurchin|Spikes|p2a: Teehee lol ;P\n|-sidestart|p2: asdagigafo|Spikes\n|move|p2a: Teehee lol ;P|Trick Room|p2a: Teehee lol ;P\n|-fieldstart|move: Trick Room|[of] p2a: Teehee lol ;P\n|\n|upkeep\n|turn|3\n|\n|t:|1697344012\n|switch|p2a: Dududunsparce|Dudunsparce-Three-Segment, F, shiny|100\/100\n|-damage|p2a: Dududunsparce|88\/100|[from] Spikes\n|move|p1a: Pincurchin|Discharge|p2a: Dududunsparce\n|-damage|p2a: Dududunsparce|53\/100\n|-status|p2a: Dududunsparce|par\n|\n|upkeep\n|turn|4\n|j| Storm315\n|\n|t:|1697344065\n|move|p1a: Pincurchin|Discharge|p2a: Dududunsparce\n|-damage|p2a: Dududunsparce|22\/100 par\n|move|p2a: Dududunsparce|Boomburst|p1a: Pincurchin\n|-damage|p1a: Pincurchin|25\/100\n|-enditem|p2a: Dududunsparce|Throat Spray\n|-boost|p2a: Dududunsparce|spa|1|[from] item: Throat Spray\n|\n|upkeep\n|turn|5\n|j| Mottols\n|c|\u2606sproutslayer69420|pincurchin sweep\n|\n|t:|1697344090\n|switch|p2a: Dog Named Cupcake|Zamazenta-Crowned|100\/100\n|-damage|p2a: Dog Named Cupcake|88\/100|[from] Spikes\n|move|p1a: Pincurchin|Discharge|p2a: Dog Named Cupcake\n|-damage|p2a: Dog Named Cupcake|37\/100\n|replace|p2a: Sussy Bakka|Zoroark-Hisui, F\n|-end|p2a: Sussy Bakka|Illusion\n|\n|upkeep\n|turn|6\n|\n|t:|1697344106\n|move|p1a: Pincurchin|Discharge|p2a: Sussy Bakka\n|-damage|p2a: Sussy Bakka|0 fnt\n|faint|p2a: Sussy Bakka\n|\n|-fieldend|move: Trick Room\n|upkeep\n|j| Maxwel1\n|\n|t:|1697344111\n|switch|p2a: ACDHD|Zapdos, shiny|100\/100\n|turn|7\n|c| Maxwel1|Is Dudu not min speed?\n|\n|t:|1697344130\n|switch|p1a: Sandy Shocks|Sandy Shocks|100\/100\n|move|p2a: ACDHD|Hurricane|p1a: Sandy Shocks\n|-resisted|p1a: Sandy Shocks\n|-damage|p1a: Sandy Shocks|64\/100\n|-start|p1a: Sandy Shocks|confusion\n|\n|upkeep\n|turn|8\n|c|\u2606asdagigafo|this pincurchin so slow\n|\n|t:|1697344160\n|switch|p2a: Dog Named Cupcake|Zamazenta-Crowned|100\/100\n|-damage|p2a: Dog Named Cupcake|88\/100|[from] Spikes\n|-ability|p2a: Dog Named Cupcake|Dauntless Shield|boost\n|-boost|p2a: Dog Named Cupcake|def|1\n|-activate|p1a: Sandy Shocks|confusion\n|move|p1a: Sandy Shocks|Stealth Rock|p2a: Dog Named Cupcake\n|-sidestart|p2: asdagigafo|move: Stealth Rock\n|\n|-fieldend|move: Electric Terrain\n|upkeep\n|turn|9\n|c| Maxwel1|But you\u2019re paralyzed\n|j| FangWho?\n|\n|t:|1697344175\n|-end|p1a: Sandy Shocks|Protosynthesis|[silent]\n|switch|p1a: Pincurchin|Pincurchin, M|25\/100\n|-damage|p1a: Pincurchin|13\/100|[from] Stealth Rock\n|-fieldstart|move: Electric Terrain|[from] ability: Electric Surge|[of] p1a: Pincurchin\n|move|p2a: Dog Named Cupcake|Close Combat|p1a: Pincurchin\n|-damage|p1a: Pincurchin|0 fnt\n|-unboost|p2a: Dog Named Cupcake|def|1\n|-unboost|p2a: Dog Named Cupcake|spd|1\n|faint|p1a: Pincurchin\n|\n|upkeep\n|c| Maxwel1|I guess that does underspeed\n|c| Maxwel1|wild\n|\n|t:|1697344189\n|switch|p1a: Sandy Shocks|Sandy Shocks|64\/100\n|turn|10\n|\n|t:|1697344242\n|move|p1a: Sandy Shocks|Earth Power|p2a: Dog Named Cupcake\n|-supereffective|p2a: Dog Named Cupcake\n|-damage|p2a: Dog Named Cupcake|0 fnt\n|faint|p2a: Dog Named Cupcake\n|\n|upkeep\n|\n|t:|1697344252\n|switch|p2a: Weed Cat|Meowscarada, F|100\/100\n|-damage|p2a: Weed Cat|88\/100|[from] Spikes\n|-damage|p2a: Weed Cat|76\/100|[from] Stealth Rock\n|turn|11\n|\n|t:|1697344276\n|move|p2a: Weed Cat|Knock Off|p1a: Sandy Shocks\n|-start|p2a: Weed Cat|typechange|Dark|[from] ability: Protean\n|-damage|p1a: Sandy Shocks|13\/100\n|-enditem|p1a: Sandy Shocks|Heavy-Duty Boots|[from] move: Knock Off|[of] p2a: Weed Cat\n|move|p1a: Sandy Shocks|Volt Switch|p2a: Weed Cat\n|-damage|p2a: Weed Cat|0 fnt\n|faint|p2a: Weed Cat\n|\n|t:|1697344291\n|-end|p1a: Sandy Shocks|Protosynthesis|[silent]\n|switch|p1a: Iron Treads|Iron Treads|100\/100|[from] Volt Switch\n|-damage|p1a: Iron Treads|97\/100|[from] Stealth Rock\n|-activate|p1a: Iron Treads|ability: Quark Drive\n|-start|p1a: Iron Treads|quarkdrivespe\n|\n|upkeep\n|\n|t:|1697344298\n|switch|p2a: Teehee lol ;P|Mesprit|100\/100 par\n|-damage|p2a: Teehee lol ;P|88\/100 par|[from] Stealth Rock\n|turn|12\n|\n|t:|1697344307\n|move|p1a: Iron Treads|Rapid Spin|p2a: Teehee lol ;P\n|-damage|p2a: Teehee lol ;P|78\/100 par\n|-boost|p1a: Iron Treads|spe|1\n|-sideend|p1: sproutslayer69420|Stealth Rock|[from] move: Rapid Spin|[of] p1a: Iron Treads\n|move|p2a: Teehee lol ;P|U-turn|p1a: Iron Treads\n|-resisted|p1a: Iron Treads\n|-damage|p1a: Iron Treads|90\/100\n|\n|t:|1697344313\n|switch|p2a: ACDHD|Zapdos, shiny|100\/100|[from] U-turn\n|-damage|p2a: ACDHD|76\/100|[from] Stealth Rock\n|\n|upkeep\n|turn|13\n|\n|t:|1697344327\n|move|p1a: Iron Treads|Knock Off|p2a: ACDHD\n|-damage|p2a: ACDHD|39\/100\n|-enditem|p2a: ACDHD|Focus Sash|[from] move: Knock Off|[of] p1a: Iron Treads\n|move|p2a: ACDHD|Rain Dance|p2a: ACDHD\n|-weather|RainDance\n|\n|-weather|RainDance|[upkeep]\n|upkeep\n|turn|14\n|\n|t:|1697344345\n|-end|p1a: Iron Treads|Quark Drive|[silent]\n|switch|p1a: Iron Jugulis|Iron Jugulis|100\/100\n|-activate|p1a: Iron Jugulis|ability: Quark Drive\n|-start|p1a: Iron Jugulis|quarkdrivespa\n|move|p2a: ACDHD|Hurricane|p1a: Iron Jugulis\n|-damage|p1a: Iron Jugulis|32\/100\n|-start|p1a: Iron Jugulis|confusion\n|\n|-weather|RainDance|[upkeep]\n|upkeep\n|turn|15\n|c|\u2606sproutslayer69420|bro\n|\n|t:|1697344363\n|move|p2a: ACDHD|Volt Switch|p1a: Iron Jugulis\n|-supereffective|p1a: Iron Jugulis\n|-damage|p1a: Iron Jugulis|0 fnt\n|faint|p1a: Iron Jugulis\n|-end|p1a: Iron Jugulis|Quark Drive|[silent]\n|\n|t:|1697344368\n|switch|p2a: Teehee lol ;P|Mesprit|78\/100 par|[from] Volt Switch\n|-damage|p2a: Teehee lol ;P|66\/100 par|[from] Stealth Rock\n|\n|-weather|RainDance|[upkeep]\n|upkeep\n|\n|t:|1697344376\n|switch|p1a: Basculegion|Basculegion-F, F|100\/100\n|turn|16\n|c|\u2606sproutslayer69420|oh i forgot to switch natures oops\n|\n|t:|1697344390\n|move|p1a: Basculegion|Surf|p2a: Teehee lol ;P\n|-damage|p2a: Teehee lol ;P|0 fnt\n|faint|p2a: Teehee lol ;P\n|\n|-weather|RainDance|[upkeep]\n|-fieldend|move: Electric Terrain\n|upkeep\n|\n|t:|1697344397\n|switch|p2a: Dududunsparce|Dudunsparce-Three-Segment, F, shiny|22\/100 par\n|-damage|p2a: Dududunsparce|9\/100 par|[from] Spikes\n|-damage|p2a: Dududunsparce|0 fnt|[from] Stealth Rock\n|faint|p2a: Dududunsparce\n|\n|t:|1697344402\n|switch|p2a: ACDHD|Zapdos, shiny|39\/100\n|-damage|p2a: ACDHD|14\/100|[from] Stealth Rock\n|turn|17\n|\n|t:|1697344410\n|switch|p1a: Iron Treads|Iron Treads|90\/100\n|move|p2a: ACDHD|Thunderbolt|p1a: Iron Treads\n|-immune|p1a: Iron Treads\n|\n|-weather|none\n|upkeep\n|turn|18\n|\n|t:|1697344419\n|move|p1a: Iron Treads|Knock Off|p2a: ACDHD\n|-damage|p2a: ACDHD|0 fnt\n|-status|p1a: Iron Treads|par|[from] ability: Static|[of] p2a: ACDHD\n|faint|p2a: ACDHD\n|\n|win|sproutslayer69420\n|c|\u2606sproutslayer69420|ggs\n|l| Maxwel1\n|c|\u2606asdagigafo|ggs\n|l|\u2606asdagigafo\n|l| Mottols\n","uploadtime":1697344467,"views":18,"p1id":"sproutslayer69420","p2id":"asdagigafo","formatid":"gen9ubers","rating":0,"private":0,"password":""}