{"id":"gen9ubers-1978514743","p1":"Gold-Timee","p2":"kartana genocide","format":"[Gen 9] Ubers","log":"|j|\u2606Gold-Timee\n|j|\u2606kartana genocide\n|t:|1698549074\n|gametype|singles\n|player|p1|Gold-Timee|cynthia-gen7|\n|player|p2|kartana genocide|alec-anime|\n|teamsize|p1|6\n|teamsize|p2|6\n|gen|9\n|tier|[Gen 9] Ubers\n|rule|Sleep Clause Mod: Limit one foe put to sleep\n|rule|Species Clause: Limit one of each Pok\u00e9mon\n|rule|OHKO Clause: OHKO moves are banned\n|rule|Evasion Items Clause: Evasion items are banned\n|rule|Evasion Moves Clause: Evasion moves are banned\n|rule|Endless Battle Clause: Forcing endless battles is banned\n|rule|HP Percentage Mod: HP is shown in percentages\n|clearpoke\n|poke|p1|Giratina|\n|poke|p1|Blissey, F|\n|poke|p1|Dondozo, M|\n|poke|p1|Arceus-Fire|\n|poke|p1|Magearna|\n|poke|p1|Tyranitar, F|\n|poke|p2|Palkia|\n|poke|p2|Chi-Yu|\n|poke|p2|Cyclizar, F|\n|poke|p2|Arceus-Fire|\n|poke|p2|Zacian-*|\n|poke|p2|Urshifu-*, M|\n|teampreview\n|c|\u2606kartana genocide|we both used arc fire\n|c|\u2606Gold-Timee|Glhf\n|c|\u2606kartana genocide|glhf\n|\n|t:|1698549106\n|start\n|switch|p1a: Rosie|Magearna|100\/100\n|switch|p2a: lizard.|Cyclizar, F|100\/100\n|turn|1\n|\n|t:|1698549121\n|move|p2a: lizard.|Shed Tail|p2a: lizard.\n|-start|p2a: lizard.|Substitute|[from] move: Shed Tail\n|-damage|p2a: lizard.|50\/100\n|\n|t:|1698549125\n|switch|p2a: volcanic lizard.|Chi-Yu|100\/100|[from] Shed Tail\n|-ability|p2a: volcanic lizard.|Beads of Ruin\n|move|p1a: Rosie|Volt Switch|p2a: volcanic lizard.\n|-activate|p2a: volcanic lizard.|move: Substitute|[damage]\n|\n|t:|1698549129\n|switch|p1a: Molly|Blissey, F|100\/100|[from] Volt Switch\n|\n|upkeep\n|turn|2\n|\n|t:|1698549132\n|move|p2a: volcanic lizard.|Nasty Plot|p2a: volcanic lizard.\n|-boost|p2a: volcanic lizard.|spa|2\n|move|p1a: Molly|Seismic Toss|p2a: volcanic lizard.\n|-end|p2a: volcanic lizard.|Substitute\n|\n|upkeep\n|turn|3\n|\n|t:|1698549135\n|-terastallize|p2a: volcanic lizard.|Fire\n|move|p2a: volcanic lizard.|Overheat|p1a: Molly\n|-damage|p1a: Molly|4\/100\n|-unboost|p2a: volcanic lizard.|spa|2\n|move|p1a: Molly|Seismic Toss|p2a: volcanic lizard.\n|-damage|p2a: volcanic lizard.|61\/100\n|\n|upkeep\n|turn|4\n|\n|t:|1698549145\n|move|p2a: volcanic lizard.|Flamethrower|p1a: Molly\n|-damage|p1a: Molly|0 fnt\n|faint|p1a: Molly\n|\n|upkeep\n|c|\u2606kartana genocide|lol, lmao, etc.\n|\n|t:|1698549149\n|switch|p1a: Diesel 10|Arceus-Fire|100\/100\n|turn|5\n|\n|t:|1698549154\n|switch|p2a: space lizard.|Palkia, shiny|100\/100\n|-ability|p2a: space lizard.|Pressure\n|move|p1a: Diesel 10|Earthquake|p2a: space lizard.\n|-damage|p2a: space lizard.|70\/100\n|\n|-heal|p2a: space lizard.|76\/100|[from] item: Leftovers\n|upkeep\n|turn|6\n|\n|t:|1698549162\n|switch|p1a: James|Giratina|100\/100\n|-ability|p1a: James|Pressure\n|move|p2a: space lizard.|Substitute|p2a: space lizard.\n|-start|p2a: space lizard.|Substitute\n|-damage|p2a: space lizard.|51\/100\n|\n|-heal|p2a: space lizard.|57\/100|[from] item: Leftovers\n|upkeep\n|turn|7\n|\n|t:|1698549177\n|move|p2a: space lizard.|Bulk Up|p2a: space lizard.\n|-boost|p2a: space lizard.|atk|1\n|-boost|p2a: space lizard.|def|1\n|move|p1a: James|Dragon Tail|p2a: space lizard.\n|-supereffective|p2a: space lizard.\n|-end|p2a: space lizard.|Substitute\n|\n|-heal|p2a: space lizard.|63\/100|[from] item: Leftovers\n|upkeep\n|turn|8\n|\n|t:|1698549188\n|move|p2a: space lizard.|Scale Shot|p1a: James\n|-supereffective|p1a: James\n|-damage|p1a: James|81\/100\n|-supereffective|p1a: James\n|-damage|p1a: James|62\/100\n|-hitcount|p1a: James|2\n|-unboost|p2a: space lizard.|def|1\n|-boost|p2a: space lizard.|spe|1\n|move|p1a: James|Dragon Tail|p2a: space lizard.\n|-supereffective|p2a: space lizard.\n|-damage|p2a: space lizard.|28\/100\n|drag|p2a: dog lizard.|Zacian|100\/100\n|-ability|p2a: dog lizard.|Intrepid Sword|boost\n|-boost|p2a: dog lizard.|atk|1\n|\n|upkeep\n|turn|9\n|\n|t:|1698549199\n|switch|p1a: Henry|Dondozo, M|100\/100\n|move|p2a: dog lizard.|Swords Dance|p2a: dog lizard.\n|-boost|p2a: dog lizard.|atk|2\n|\n|upkeep\n|turn|10\n|\n|t:|1698549209\n|switch|p2a: lizard.|Cyclizar, F|84\/100\n|switch|p1a: Rosie|Magearna|100\/100\n|\n|upkeep\n|turn|11\n|\n|t:|1698549216\n|move|p2a: lizard.|Shed Tail|p2a: lizard.\n|-start|p2a: lizard.|Substitute|[from] move: Shed Tail\n|-damage|p2a: lizard.|34\/100\n|\n|t:|1698549218\n|switch|p2a: volcanic lizard.|Chi-Yu, tera:Fire|61\/100|[from] Shed Tail\n|-ability|p2a: volcanic lizard.|Beads of Ruin\n|move|p1a: Rosie|Fleur Cannon|p2a: volcanic lizard.\n|-resisted|p2a: volcanic lizard.\n|-activate|p2a: volcanic lizard.|move: Substitute|[damage]\n|-unboost|p1a: Rosie|spa|2\n|\n|upkeep\n|turn|12\n|\n|t:|1698549227\n|switch|p1a: Hiro|Tyranitar, F|100\/100\n|-weather|Sandstorm|[from] ability: Sand Stream|[of] p1a: Hiro\n|move|p2a: volcanic lizard.|Dark Pulse|p1a: Hiro\n|-resisted|p1a: Hiro\n|-damage|p1a: Hiro|88\/100\n|\n|-weather|Sandstorm|[upkeep]\n|-damage|p2a: volcanic lizard.|55\/100|[from] Sandstorm\n|-heal|p1a: Hiro|95\/100|[from] item: Leftovers\n|upkeep\n|turn|13\n|\n|t:|1698549245\n|switch|p2a: secure lizard.|Urshifu, M|100\/100\n|move|p1a: Hiro|Knock Off|p2a: secure lizard.\n|-resisted|p2a: secure lizard.\n|-damage|p2a: secure lizard.|91\/100\n|-enditem|p2a: secure lizard.|Choice Band|[from] move: Knock Off|[of] p1a: Hiro\n|\n|-weather|Sandstorm|[upkeep]\n|-damage|p2a: secure lizard.|85\/100|[from] Sandstorm\n|-heal|p1a: Hiro|100\/100|[from] item: Leftovers\n|upkeep\n|turn|14\n|\n|t:|1698549254\n|switch|p1a: Henry|Dondozo, M|100\/100\n|move|p2a: secure lizard.|U-turn|p1a: Henry\n|-damage|p1a: Henry|90\/100\n|\n|t:|1698549272\n|switch|p2a: volcanic lizard.|Chi-Yu, tera:Fire|55\/100|[from] U-turn\n|-ability|p2a: volcanic lizard.|Beads of Ruin\n|\n|-weather|Sandstorm|[upkeep]\n|-damage|p2a: volcanic lizard.|49\/100|[from] Sandstorm\n|-damage|p1a: Henry|84\/100|[from] Sandstorm\n|-heal|p1a: Henry|90\/100|[from] item: Leftovers\n|upkeep\n|turn|15\n|\n|t:|1698549278\n|switch|p1a: Hiro|Tyranitar, F|100\/100\n|move|p2a: volcanic lizard.|Dark Pulse|p1a: Hiro\n|-resisted|p1a: Hiro\n|-damage|p1a: Hiro|87\/100\n|\n|-weather|Sandstorm|[upkeep]\n|-damage|p2a: volcanic lizard.|43\/100|[from] Sandstorm\n|-heal|p1a: Hiro|93\/100|[from] item: Leftovers\n|upkeep\n|turn|16\n|\n|t:|1698549284\n|switch|p2a: secure lizard.|Urshifu, M|85\/100\n|move|p1a: Hiro|Thunder Wave|p2a: secure lizard.\n|-status|p2a: secure lizard.|par\n|\n|-weather|none\n|-heal|p1a: Hiro|99\/100|[from] item: Leftovers\n|upkeep\n|turn|17\n|\n|t:|1698549292\n|switch|p2a: lizard.|Cyclizar, F|67\/100\n|switch|p1a: Rosie|Magearna|100\/100\n|\n|upkeep\n|turn|18\n|\n|t:|1698549300\n|move|p2a: lizard.|Shed Tail|p2a: lizard.\n|-start|p2a: lizard.|Substitute|[from] move: Shed Tail\n|-damage|p2a: lizard.|17\/100\n|\n|t:|1698549308\n|switch|p2a: volcanic lizard.|Chi-Yu, tera:Fire|43\/100|[from] Shed Tail\n|-ability|p2a: volcanic lizard.|Beads of Ruin\n|move|p1a: Rosie|Fleur Cannon|p2a: volcanic lizard.\n|-resisted|p2a: volcanic lizard.\n|-activate|p2a: volcanic lizard.|move: Substitute|[damage]\n|-unboost|p1a: Rosie|spa|2\n|\n|upkeep\n|turn|19\n|\n|t:|1698549317\n|switch|p2a: dog lizard.|Zacian|100\/100\n|switch|p1a: Hiro|Tyranitar, F|99\/100\n|-weather|Sandstorm|[from] ability: Sand Stream|[of] p1a: Hiro\n|\n|-weather|Sandstorm|[upkeep]\n|-damage|p2a: dog lizard.|94\/100|[from] Sandstorm\n|-heal|p1a: Hiro|100\/100|[from] item: Leftovers\n|upkeep\n|turn|20\n|\n|t:|1698549321\n|switch|p1a: Henry|Dondozo, M|90\/100\n|move|p2a: dog lizard.|Play Rough|p1a: Henry|[miss]\n|-miss|p2a: dog lizard.|p1a: Henry\n|\n|-weather|Sandstorm|[upkeep]\n|-damage|p2a: dog lizard.|88\/100|[from] Sandstorm\n|-damage|p1a: Henry|84\/100|[from] Sandstorm\n|-heal|p1a: Henry|90\/100|[from] item: Leftovers\n|upkeep\n|turn|21\n|c|\u2606kartana genocide|please tell me he isn't max physdef\n|\n|t:|1698549354\n|switch|p2a: lizard.|Cyclizar, F|50\/100\n|move|p1a: Henry|Liquidation|p2a: lizard.\n|-resisted|p2a: lizard.\n|-damage|p2a: lizard.|30\/100\n|\n|-weather|Sandstorm|[upkeep]\n|-damage|p2a: lizard.|24\/100|[from] Sandstorm\n|-damage|p1a: Henry|84\/100|[from] Sandstorm\n|-heal|p1a: Henry|90\/100|[from] item: Leftovers\n|upkeep\n|turn|22\n|\n|t:|1698549361\n|switch|p2a: space lizard.|Palkia, shiny|28\/100\n|-ability|p2a: space lizard.|Pressure\n|move|p1a: Henry|Liquidation|p2a: space lizard.\n|-resisted|p2a: space lizard.\n|-damage|p2a: space lizard.|21\/100\n|\n|-weather|Sandstorm|[upkeep]\n|-damage|p2a: space lizard.|15\/100|[from] Sandstorm\n|-damage|p1a: Henry|84\/100|[from] Sandstorm\n|-heal|p2a: space lizard.|21\/100|[from] item: Leftovers\n|-heal|p1a: Henry|90\/100|[from] item: Leftovers\n|upkeep\n|turn|23\n|\n|t:|1698549384\n|move|p2a: space lizard.|Bulk Up|p2a: space lizard.\n|-boost|p2a: space lizard.|atk|1\n|-boost|p2a: space lizard.|def|1\n|move|p1a: Henry|Curse|p1a: Henry\n|-unboost|p1a: Henry|spe|1\n|-boost|p1a: Henry|atk|1\n|-boost|p1a: Henry|def|1\n|\n|-weather|none\n|-heal|p2a: space lizard.|27\/100|[from] item: Leftovers\n|-heal|p1a: Henry|96\/100|[from] item: Leftovers\n|upkeep\n|turn|24\n|\n|t:|1698549388\n|move|p2a: space lizard.|Substitute|p2a: space lizard.\n|-start|p2a: space lizard.|Substitute\n|-damage|p2a: space lizard.|3\/100\n|move|p1a: Henry|Curse|p1a: Henry\n|-unboost|p1a: Henry|spe|1\n|-boost|p1a: Henry|atk|1\n|-boost|p1a: Henry|def|1\n|\n|-heal|p2a: space lizard.|9\/100|[from] item: Leftovers\n|-heal|p1a: Henry|100\/100|[from] item: Leftovers\n|upkeep\n|turn|25\n|\n|t:|1698549391\n|move|p2a: space lizard.|Bulk Up|p2a: space lizard.\n|-boost|p2a: space lizard.|atk|1\n|-boost|p2a: space lizard.|def|1\n|move|p1a: Henry|Liquidation|p2a: space lizard.\n|-resisted|p2a: space lizard.\n|-activate|p2a: space lizard.|move: Substitute|[damage]\n|\n|-heal|p2a: space lizard.|15\/100|[from] item: Leftovers\n|upkeep\n|turn|26\n|\n|t:|1698549399\n|move|p2a: space lizard.|Scale Shot|p1a: Henry\n|-damage|p1a: Henry|97\/100\n|-damage|p1a: Henry|94\/100\n|-damage|p1a: Henry|91\/100\n|-hitcount|p1a: Henry|3\n|-unboost|p2a: space lizard.|def|1\n|-boost|p2a: space lizard.|spe|1\n|move|p1a: Henry|Curse|p1a: Henry\n|-unboost|p1a: Henry|spe|1\n|-boost|p1a: Henry|atk|1\n|-boost|p1a: Henry|def|1\n|\n|-heal|p2a: space lizard.|21\/100|[from] item: Leftovers\n|-heal|p1a: Henry|97\/100|[from] item: Leftovers\n|upkeep\n|turn|27\n|\n|t:|1698549406\n|move|p2a: space lizard.|Scale Shot|p1a: Henry\n|-damage|p1a: Henry|95\/100\n|-damage|p1a: Henry|92\/100\n|-damage|p1a: Henry|89\/100\n|-hitcount|p1a: Henry|3\n|-unboost|p2a: space lizard.|def|1\n|-boost|p2a: space lizard.|spe|1\n|move|p1a: Henry|Curse|p1a: Henry\n|-unboost|p1a: Henry|spe|1\n|-boost|p1a: Henry|atk|1\n|-boost|p1a: Henry|def|1\n|\n|-heal|p2a: space lizard.|27\/100|[from] item: Leftovers\n|-heal|p1a: Henry|96\/100|[from] item: Leftovers\n|upkeep\n|turn|28\n|\n|t:|1698549410\n|move|p2a: space lizard.|Scale Shot|p1a: Henry\n|-damage|p1a: Henry|93\/100\n|-damage|p1a: Henry|91\/100\n|-hitcount|p1a: Henry|2\n|-unboost|p2a: space lizard.|def|1\n|-boost|p2a: space lizard.|spe|1\n|move|p1a: Henry|Liquidation|p2a: space lizard.\n|-resisted|p2a: space lizard.\n|-end|p2a: space lizard.|Substitute\n|\n|-heal|p2a: space lizard.|33\/100|[from] item: Leftovers\n|-heal|p1a: Henry|97\/100|[from] item: Leftovers\n|upkeep\n|turn|29\n|\n|t:|1698549413\n|move|p2a: space lizard.|Bulk Up|p2a: space lizard.\n|-boost|p2a: space lizard.|atk|1\n|-boost|p2a: space lizard.|def|1\n|move|p1a: Henry|Curse|p1a: Henry\n|-unboost|p1a: Henry|spe|1\n|-boost|p1a: Henry|atk|1\n|-boost|p1a: Henry|def|1\n|\n|-heal|p2a: space lizard.|39\/100|[from] item: Leftovers\n|-heal|p1a: Henry|100\/100|[from] item: Leftovers\n|upkeep\n|turn|30\n|\n|t:|1698549417\n|move|p2a: space lizard.|Substitute|p2a: space lizard.\n|-start|p2a: space lizard.|Substitute\n|-damage|p2a: space lizard.|14\/100\n|move|p1a: Henry|Liquidation|p2a: space lizard.\n|-resisted|p2a: space lizard.\n|-activate|p2a: space lizard.|move: Substitute|[damage]\n|\n|-heal|p2a: space lizard.|20\/100|[from] item: Leftovers\n|upkeep\n|turn|31\n|\n|t:|1698549421\n|move|p2a: space lizard.|Bulk Up|p2a: space lizard.\n|-boost|p2a: space lizard.|atk|1\n|-boost|p2a: space lizard.|def|1\n|move|p1a: Henry|Liquidation|p2a: space lizard.\n|-resisted|p2a: space lizard.\n|-end|p2a: space lizard.|Substitute\n|\n|-heal|p2a: space lizard.|26\/100|[from] item: Leftovers\n|upkeep\n|turn|32\n|\n|t:|1698549429\n|move|p2a: space lizard.|Substitute|p2a: space lizard.\n|-start|p2a: space lizard.|Substitute\n|-damage|p2a: space lizard.|1\/100\n|move|p1a: Henry|Liquidation|p2a: space lizard.\n|-resisted|p2a: space lizard.\n|-activate|p2a: space lizard.|move: Substitute|[damage]\n|\n|-heal|p2a: space lizard.|7\/100|[from] item: Leftovers\n|upkeep\n|turn|33\n|\n|t:|1698549440\n|move|p2a: space lizard.|Bulk Up|p2a: space lizard.\n|-boost|p2a: space lizard.|atk|1\n|-boost|p2a: space lizard.|def|1\n|move|p1a: Henry|Liquidation|p2a: space lizard.\n|-resisted|p2a: space lizard.\n|-end|p2a: space lizard.|Substitute\n|\n|-heal|p2a: space lizard.|13\/100|[from] item: Leftovers\n|upkeep\n|turn|34\n|\n|t:|1698549449\n|move|p2a: space lizard.|Scale Shot|p1a: Henry|[miss]\n|-miss|p2a: space lizard.|p1a: Henry\n|move|p1a: Henry|Liquidation|p2a: space lizard.\n|-resisted|p2a: space lizard.\n|-damage|p2a: space lizard.|0 fnt\n|faint|p2a: space lizard.\n|\n|upkeep\n|\n|t:|1698549459\n|switch|p2a: volcanic lizard.|Chi-Yu, tera:Fire|43\/100\n|-ability|p2a: volcanic lizard.|Beads of Ruin\n|turn|35\n|\n|t:|1698549467\n|switch|p2a: dog lizard.|Zacian|88\/100\n|switch|p1a: Hiro|Tyranitar, F|100\/100\n|-weather|Sandstorm|[from] ability: Sand Stream|[of] p1a: Hiro\n|\n|-weather|Sandstorm|[upkeep]\n|-damage|p2a: dog lizard.|82\/100|[from] Sandstorm\n|upkeep\n|turn|36\n|\n|t:|1698549473\n|switch|p1a: Rosie|Magearna|100\/100\n|move|p2a: dog lizard.|Sacred Sword|p1a: Rosie\n|-damage|p1a: Rosie|78\/100\n|-damage|p2a: dog lizard.|72\/100|[from] item: Life Orb\n|\n|-weather|Sandstorm|[upkeep]\n|-damage|p2a: dog lizard.|66\/100|[from] Sandstorm\n|-heal|p1a: Rosie|84\/100|[from] item: Leftovers\n|upkeep\n|turn|37\n|\n|t:|1698549484\n|switch|p2a: god lizard.|Arceus-Fire|100\/100\n|move|p1a: Rosie|Volt Switch|p2a: god lizard.\n|-damage|p2a: god lizard.|84\/100\n|\n|t:|1698549488\n|switch|p1a: Henry|Dondozo, M|100\/100|[from] Volt Switch\n|\n|-weather|Sandstorm|[upkeep]\n|-damage|p2a: god lizard.|78\/100|[from] Sandstorm\n|-damage|p1a: Henry|94\/100|[from] Sandstorm\n|-heal|p1a: Henry|100\/100|[from] item: Leftovers\n|upkeep\n|turn|38\n|\n|t:|1698549500\n|move|p2a: god lizard.|Earthquake|p1a: Henry\n|-damage|p1a: Henry|83\/100\n|move|p1a: Henry|Curse|p1a: Henry\n|-unboost|p1a: Henry|spe|1\n|-boost|p1a: Henry|atk|1\n|-boost|p1a: Henry|def|1\n|\n|-weather|Sandstorm|[upkeep]\n|-damage|p2a: god lizard.|72\/100|[from] Sandstorm\n|-damage|p1a: Henry|77\/100|[from] Sandstorm\n|-heal|p1a: Henry|83\/100|[from] item: Leftovers\n|upkeep\n|turn|39\n|\n|t:|1698549509\n|switch|p2a: lizard.|Cyclizar, F|57\/100\n|move|p1a: Henry|Curse|p1a: Henry\n|-unboost|p1a: Henry|spe|1\n|-boost|p1a: Henry|atk|1\n|-boost|p1a: Henry|def|1\n|\n|-weather|none\n|-heal|p1a: Henry|90\/100|[from] item: Leftovers\n|upkeep\n|turn|40\n|\n|t:|1698549518\n|switch|p1a: Diesel 10|Arceus-Fire|100\/100\n|move|p2a: lizard.|Shed Tail|p2a: lizard.\n|-start|p2a: lizard.|Substitute|[from] move: Shed Tail\n|-damage|p2a: lizard.|7\/100\n|\n|t:|1698549525\n|switch|p2a: god lizard.|Arceus-Fire|72\/100|[from] Shed Tail\n|\n|upkeep\n|turn|41\n|\n|t:|1698549529\n|move|p2a: god lizard.|Dragon Dance|p2a: god lizard.\n|-boost|p2a: god lizard.|atk|1\n|-boost|p2a: god lizard.|spe|1\n|move|p1a: Diesel 10|Earthquake|p2a: god lizard.\n|-supereffective|p2a: god lizard.\n|-end|p2a: god lizard.|Substitute\n|\n|upkeep\n|turn|42\n|\n|t:|1698549533\n|move|p2a: god lizard.|Earthquake|p1a: Diesel 10\n|-supereffective|p1a: Diesel 10\n|-damage|p1a: Diesel 10|28\/100\n|move|p1a: Diesel 10|Earthquake|p2a: god lizard.\n|-supereffective|p2a: god lizard.\n|-damage|p2a: god lizard.|14\/100\n|\n|upkeep\n|turn|43\n|\n|t:|1698549537\n|switch|p1a: Henry|Dondozo, M|90\/100\n|move|p2a: god lizard.|Extreme Speed|p1a: Henry\n|-damage|p1a: Henry|77\/100\n|\n|-heal|p1a: Henry|84\/100|[from] item: Leftovers\n|upkeep\n|turn|44\n|\n|t:|1698549548\n|switch|p2a: lizard.|Cyclizar, F|40\/100\n|switch|p1a: Diesel 10|Arceus-Fire|28\/100\n|\n|upkeep\n|turn|45\n|\n|t:|1698549556\n|switch|p2a: secure lizard.|Urshifu, M|85\/100 par\n|move|p1a: Diesel 10|Recover|p1a: Diesel 10\n|-heal|p1a: Diesel 10|78\/100\n|\n|upkeep\n|turn|46\n|\n|t:|1698549562\n|switch|p1a: Henry|Dondozo, M|84\/100\n|move|p2a: secure lizard.|Wicked Blow|p1a: Henry\n|-crit|p1a: Henry\n|-damage|p1a: Henry|57\/100\n|\n|-heal|p1a: Henry|63\/100|[from] item: Leftovers\n|upkeep\n|turn|47\n|\n|t:|1698549573\n|switch|p1a: Rosie|Magearna|84\/100\n|move|p2a: secure lizard.|Fire Punch|p1a: Rosie\n|-supereffective|p1a: Rosie\n|-damage|p1a: Rosie|52\/100\n|\n|-heal|p1a: Rosie|58\/100|[from] item: Leftovers\n|upkeep\n|turn|48\n|\n|t:|1698549578\n|move|p2a: secure lizard.|Fire Punch|p1a: Rosie\n|-supereffective|p1a: Rosie\n|-damage|p1a: Rosie|23\/100\n|move|p1a: Rosie|Fleur Cannon|p2a: secure lizard.\n|-supereffective|p2a: secure lizard.\n|-damage|p2a: secure lizard.|0 fnt\n|-unboost|p1a: Rosie|spa|2\n|faint|p2a: secure lizard.\n|-ability|p1a: Rosie|Soul-Heart|boost\n|-boost|p1a: Rosie|spa|1\n|\n|-heal|p1a: Rosie|29\/100|[from] item: Leftovers\n|upkeep\n|\n|t:|1698549588\n|switch|p2a: lizard.|Cyclizar, F|73\/100\n|turn|49\n|\n|t:|1698549593\n|move|p2a: lizard.|Shed Tail|p2a: lizard.\n|-start|p2a: lizard.|Substitute|[from] move: Shed Tail\n|-damage|p2a: lizard.|23\/100\n|\n|t:|1698549611\n|switch|p2a: god lizard.|Arceus-Fire|14\/100|[from] Shed Tail\n|move|p1a: Rosie|Volt Switch|p2a: god lizard.\n|-activate|p2a: god lizard.|move: Substitute|[damage]\n|\n|t:|1698549616\n|switch|p1a: Diesel 10|Arceus-Fire|78\/100|[from] Volt Switch\n|\n|upkeep\n|turn|50\n|\n|t:|1698549622\n|move|p2a: god lizard.|Earthquake|p1a: Diesel 10\n|-supereffective|p1a: Diesel 10\n|-damage|p1a: Diesel 10|28\/100\n|move|p1a: Diesel 10|Earthquake|p2a: god lizard.\n|-supereffective|p2a: god lizard.\n|-end|p2a: god lizard.|Substitute\n|\n|upkeep\n|turn|51\n|\n|t:|1698549633\n|switch|p1a: James|Giratina|62\/100\n|-ability|p1a: James|Pressure\n|move|p2a: god lizard.|Earthquake|p1a: James\n|-damage|p1a: James|47\/100\n|\n|upkeep\n|turn|52\n|\n|t:|1698549645\n|switch|p2a: dog lizard.|Zacian|66\/100\n|move|p1a: James|Will-O-Wisp|p2a: dog lizard.\n|-status|p2a: dog lizard.|brn\n|\n|-damage|p2a: dog lizard.|60\/100 brn|[from] brn\n|upkeep\n|turn|53\n|\n|t:|1698549655\n|switch|p1a: Henry|Dondozo, M|63\/100\n|move|p2a: dog lizard.|Play Rough|p1a: Henry\n|-damage|p1a: Henry|50\/100\n|-damage|p2a: dog lizard.|50\/100 brn|[from] item: Life Orb\n|\n|-heal|p1a: Henry|57\/100|[from] item: Leftovers\n|-damage|p2a: dog lizard.|44\/100 brn|[from] brn\n|upkeep\n|turn|54\n|\n|t:|1698549670\n|switch|p1a: Diesel 10|Arceus-Fire|28\/100\n|move|p2a: dog lizard.|Tera Blast|p1a: Diesel 10\n|-damage|p1a: Diesel 10|16\/100\n|-damage|p2a: dog lizard.|34\/100 brn|[from] item: Life Orb\n|\n|-damage|p2a: dog lizard.|28\/100 brn|[from] brn\n|upkeep\n|turn|55\n|\n|t:|1698549678\n|switch|p1a: Henry|Dondozo, M|57\/100\n|move|p2a: dog lizard.|Sacred Sword|p1a: Henry\n|-damage|p1a: Henry|48\/100\n|-damage|p2a: dog lizard.|18\/100 brn|[from] item: Life Orb\n|\n|-heal|p1a: Henry|54\/100|[from] item: Leftovers\n|-damage|p2a: dog lizard.|12\/100 brn|[from] brn\n|upkeep\n|turn|56\n|\n|t:|1698549686\n|switch|p2a: lizard.|Cyclizar, F|56\/100\n|move|p1a: Henry|Curse|p1a: Henry\n|-unboost|p1a: Henry|spe|1\n|-boost|p1a: Henry|atk|1\n|-boost|p1a: Henry|def|1\n|\n|-heal|p1a: Henry|60\/100|[from] item: Leftovers\n|upkeep\n|turn|57\n|\n|t:|1698549694\n|switch|p1a: James|Giratina|47\/100\n|-ability|p1a: James|Pressure\n|move|p2a: lizard.|Shed Tail|p2a: lizard.\n|-start|p2a: lizard.|Substitute|[from] move: Shed Tail\n|-damage|p2a: lizard.|6\/100\n|\n|t:|1698549702\n|switch|p2a: volcanic lizard.|Chi-Yu, tera:Fire|43\/100|[from] Shed Tail\n|-ability|p2a: volcanic lizard.|Beads of Ruin\n|\n|upkeep\n|turn|58\n|\n|t:|1698549705\n|switch|p1a: Hiro|Tyranitar, F|100\/100\n|-weather|Sandstorm|[from] ability: Sand Stream|[of] p1a: Hiro\n|move|p2a: volcanic lizard.|Overheat|p1a: Hiro\n|-resisted|p1a: Hiro\n|-damage|p1a: Hiro|68\/100\n|-unboost|p2a: volcanic lizard.|spa|2\n|\n|-weather|Sandstorm|[upkeep]\n|-damage|p2a: volcanic lizard.|37\/100|[from] Sandstorm\n|-heal|p1a: Hiro|75\/100|[from] item: Leftovers\n|upkeep\n|turn|59\n|\n|t:|1698549719\n|move|p2a: volcanic lizard.|Nasty Plot|p2a: volcanic lizard.\n|-boost|p2a: volcanic lizard.|spa|2\n|move|p1a: Hiro|Rock Blast|p2a: volcanic lizard.\n|-supereffective|p2a: volcanic lizard.\n|-end|p2a: volcanic lizard.|Substitute\n|-supereffective|p2a: volcanic lizard.\n|-damage|p2a: volcanic lizard.|0 fnt\n|faint|p2a: volcanic lizard.\n|-hitcount|p2: volcanic lizard.|2\n|\n|-weather|Sandstorm|[upkeep]\n|-heal|p1a: Hiro|81\/100|[from] item: Leftovers\n|upkeep\n|c|\u2606kartana genocide|oh fuck\n|c|\u2606kartana genocide|i think it's joever\n|\n|t:|1698549729\n|switch|p2a: lizard.|Cyclizar, F|39\/100\n|turn|60\n|\n|t:|1698549734\n|move|p2a: lizard.|U-turn|p1a: Hiro\n|-supereffective|p1a: Hiro\n|-damage|p1a: Hiro|57\/100\n|\n|t:|1698549736\n|switch|p2a: dog lizard.|Zacian|12\/100 brn|[from] U-turn\n|move|p1a: Hiro|Rock Blast|p2a: dog lizard.\n|-damage|p2a: dog lizard.|0 fnt\n|faint|p2a: dog lizard.\n|-hitcount|p2: dog lizard.|1\n|\n|-weather|Sandstorm|[upkeep]\n|-heal|p1a: Hiro|64\/100|[from] item: Leftovers\n|upkeep\n|\n|t:|1698549740\n|switch|p2a: god lizard.|Arceus-Fire|14\/100\n|turn|61\n|\n|t:|1698549762\n|switch|p1a: Henry|Dondozo, M|60\/100\n|move|p2a: god lizard.|Dragon Dance|p2a: god lizard.\n|-boost|p2a: god lizard.|atk|1\n|-boost|p2a: god lizard.|spe|1\n|\n|-weather|Sandstorm|[upkeep]\n|-damage|p2a: god lizard.|8\/100|[from] Sandstorm\n|-damage|p1a: Henry|54\/100|[from] Sandstorm\n|-heal|p1a: Henry|60\/100|[from] item: Leftovers\n|upkeep\n|turn|62\n|\n|t:|1698549768\n|move|p2a: god lizard.|Earthquake|p1a: Henry\n|-damage|p1a: Henry|44\/100\n|move|p1a: Henry|Curse|p1a: Henry\n|-unboost|p1a: Henry|spe|1\n|-boost|p1a: Henry|atk|1\n|-boost|p1a: Henry|def|1\n|\n|-weather|none\n|-heal|p1a: Henry|50\/100|[from] item: Leftovers\n|upkeep\n|turn|63\n|\n|t:|1698549774\n|move|p2a: god lizard.|Earthquake|p1a: Henry\n|-damage|p1a: Henry|39\/100\n|move|p1a: Henry|Curse|p1a: Henry\n|-unboost|p1a: Henry|spe|1\n|-boost|p1a: Henry|atk|1\n|-boost|p1a: Henry|def|1\n|\n|-heal|p1a: Henry|45\/100|[from] item: Leftovers\n|upkeep\n|turn|64\n|\n|t:|1698549777\n|move|p2a: god lizard.|Earthquake|p1a: Henry\n|-damage|p1a: Henry|37\/100\n|move|p1a: Henry|Curse|p1a: Henry\n|-unboost|p1a: Henry|spe|1\n|-boost|p1a: Henry|atk|1\n|-boost|p1a: Henry|def|1\n|\n|-heal|p1a: Henry|43\/100|[from] item: Leftovers\n|upkeep\n|turn|65\n|\n|t:|1698549781\n|move|p2a: god lizard.|Earthquake|p1a: Henry\n|-crit|p1a: Henry\n|-damage|p1a: Henry|19\/100\n|move|p1a: Henry|Rest|p1a: Henry\n|-status|p1a: Henry|slp|[from] move: Rest\n|-heal|p1a: Henry|100\/100 slp|[silent]\n|\n|upkeep\n|turn|66\n|\n|t:|1698549784\n|switch|p2a: lizard.|Cyclizar, F|73\/100\n|cant|p1a: Henry|slp\n|move|p1a: Henry|Sleep Talk|p1a: Henry\n|move|p1a: Henry|Rest||[from]move: Sleep Talk|[still]\n|-fail|p1a: Henry\n|\n|upkeep\n|turn|67\n|\n|t:|1698549790\n|switch|p1a: James|Giratina|47\/100\n|-ability|p1a: James|Pressure\n|move|p2a: lizard.|Knock Off|p1a: James\n|-supereffective|p1a: James\n|-damage|p1a: James|30\/100\n|-enditem|p1a: James|Heavy-Duty Boots|[from] move: Knock Off|[of] p2a: lizard.\n|\n|upkeep\n|turn|68\n|\n|t:|1698549798\n|move|p2a: lizard.|Knock Off|p1a: James\n|-supereffective|p1a: James\n|-crit|p1a: James\n|-damage|p1a: James|10\/100\n|move|p1a: James|Dragon Tail|p2a: lizard.\n|-supereffective|p2a: lizard.\n|-damage|p2a: lizard.|10\/100\n|drag|p2a: god lizard.|Arceus-Fire|8\/100\n|\n|upkeep\n|turn|69\n|\n|t:|1698549812\n|move|p2a: god lizard.|Earthquake|p1a: James\n|-damage|p1a: James|0 fnt\n|faint|p1a: James\n|\n|upkeep\n|\n|t:|1698549819\n|switch|p1a: Rosie|Magearna|29\/100\n|turn|70\n|\n|t:|1698549823\n|switch|p1a: Henry|Dondozo, M|100\/100 slp\n|move|p2a: god lizard.|Earthquake|p1a: Henry\n|-damage|p1a: Henry|83\/100 slp\n|\n|-heal|p1a: Henry|89\/100 slp|[from] item: Leftovers\n|upkeep\n|turn|71\n|\n|t:|1698549834\n|switch|p2a: lizard.|Cyclizar, F|43\/100\n|cant|p1a: Henry|slp\n|move|p1a: Henry|Sleep Talk|p1a: Henry\n|move|p1a: Henry|Rest||[from]move: Sleep Talk|[still]\n|-fail|p1a: Henry\n|\n|-heal|p1a: Henry|96\/100 slp|[from] item: Leftovers\n|upkeep\n|turn|72\n|\n|t:|1698549840\n|switch|p1a: Hiro|Tyranitar, F|64\/100\n|-weather|Sandstorm|[from] ability: Sand Stream|[of] p1a: Hiro\n|move|p2a: lizard.|Knock Off|p1a: Hiro\n|-resisted|p1a: Hiro\n|-damage|p1a: Hiro|55\/100\n|-enditem|p1a: Hiro|Leftovers|[from] move: Knock Off|[of] p2a: lizard.\n|\n|-weather|Sandstorm|[upkeep]\n|-damage|p2a: lizard.|37\/100|[from] Sandstorm\n|upkeep\n|turn|73\n|\n|t:|1698549847\n|move|p2a: lizard.|Knock Off|p1a: Hiro\n|-resisted|p1a: Hiro\n|-damage|p1a: Hiro|49\/100\n|move|p1a: Hiro|Rock Blast|p2a: lizard.\n|-damage|p2a: lizard.|22\/100\n|-damage|p2a: lizard.|7\/100\n|-hitcount|p2a: lizard.|2\n|\n|-weather|Sandstorm|[upkeep]\n|-damage|p2a: lizard.|1\/100|[from] Sandstorm\n|upkeep\n|turn|74\n|\n|t:|1698549861\n|move|p2a: lizard.|Knock Off|p1a: Hiro\n|-resisted|p1a: Hiro\n|-damage|p1a: Hiro|43\/100\n|move|p1a: Hiro|Rest|p1a: Hiro\n|-status|p1a: Hiro|slp|[from] move: Rest\n|-heal|p1a: Hiro|100\/100 slp|[silent]\n|\n|-weather|Sandstorm|[upkeep]\n|-damage|p2a: lizard.|0 fnt|[from] Sandstorm\n|faint|p2a: lizard.\n|upkeep\n|\n|t:|1698549864\n|switch|p2a: god lizard.|Arceus-Fire|8\/100\n|turn|75\n|\n|t:|1698549867\n|switch|p1a: Henry|Dondozo, M|96\/100 slp\n|move|p2a: god lizard.|Earthquake|p1a: Henry\n|-damage|p1a: Henry|80\/100 slp\n|\n|-weather|Sandstorm|[upkeep]\n|-damage|p2a: god lizard.|2\/100|[from] Sandstorm\n|-damage|p1a: Henry|74\/100 slp|[from] Sandstorm\n|-heal|p1a: Henry|80\/100 slp|[from] item: Leftovers\n|upkeep\n|turn|76\n|c|\u2606kartana genocide|gg\n|c|\u2606Gold-Timee|Gg\n|\n|t:|1698549876\n|move|p2a: god lizard.|Earthquake|p1a: Henry\n|-damage|p1a: Henry|63\/100 slp\n|-curestatus|p1a: Henry|slp|[msg]\n|move|p1a: Henry|Sleep Talk||[still]\n|-fail|p1a: Henry\n|\n|-weather|none\n|-heal|p1a: Henry|70\/100|[from] item: Leftovers\n|upkeep\n|turn|77\n|\n|t:|1698549880\n|switch|p1a: Hiro|Tyranitar, F|100\/100 slp\n|-weather|Sandstorm|[from] ability: Sand Stream|[of] p1a: Hiro\n|move|p2a: god lizard.|Dragon Dance|p2a: god lizard.\n|-boost|p2a: god lizard.|atk|1\n|-boost|p2a: god lizard.|spe|1\n|\n|-weather|Sandstorm|[upkeep]\n|-damage|p2a: god lizard.|0 fnt|[from] Sandstorm\n|faint|p2a: god lizard.\n|\n|win|Gold-Timee\n|upkeep\n","uploadtime":1698549890,"views":9,"p1id":"goldtimee","p2id":"kartanagenocide","formatid":"gen9ubers","rating":0,"private":0,"password":""}