{"id":"gen9ubers-1988093978","p1":"1P1o1s1h1e1","p2":"Kinesquared","format":"[Gen 9] Ubers","log":"|j|\u26061P1o1s1h1e1\n|j|\u2606Kinesquared\n|t:|1699668767\n|gametype|singles\n|player|p1|1P1o1s1h1e1|2|\n|player|p2|Kinesquared|scientist-gen4dp|\n|teamsize|p1|6\n|teamsize|p2|6\n|gen|9\n|tier|[Gen 9] Ubers\n|rule|Sleep Clause Mod: Limit one foe put to sleep\n|rule|Species Clause: Limit one of each Pok\u00e9mon\n|rule|OHKO Clause: OHKO moves are banned\n|rule|Evasion Items Clause: Evasion items are banned\n|rule|Evasion Moves Clause: Evasion moves are banned\n|rule|Endless Battle Clause: Forcing endless battles is banned\n|rule|HP Percentage Mod: HP is shown in percentages\n|clearpoke\n|poke|p1|Dialga-Origin|\n|poke|p1|Rillaboom, M|\n|poke|p1|Arceus-Fire|\n|poke|p1|Espathra, F|\n|poke|p1|Sneasler, M|\n|poke|p1|Gholdengo|\n|poke|p2|Magearna|\n|poke|p2|Ursaluna, M|\n|poke|p2|Dialga|\n|poke|p2|Hoopa-Unbound|\n|poke|p2|Cinderace, F|\n|poke|p2|Cresselia, F|\n|teampreview\n|j| the tr4sh man\n|c|\u2606Kinesquared|ooo dialga-o\n|c|\u26061P1o1s1h1e1|the guy\n|\n|t:|1699668805\n|start\n|switch|p1a: Dialga|Dialga-Origin|100\/100\n|switch|p2a: Magearna|Magearna|100\/100\n|-ability|p1a: Dialga|Pressure\n|turn|1\n|\n|t:|1699668812\n|move|p1a: Dialga|Steel Beam|p2a: Magearna\n|-damage|p2a: Magearna|5\/100\n|-damage|p1a: Dialga|50\/100|[from] steelbeam\n|move|p2a: Magearna|Trick Room|p2a: Magearna\n|-fieldstart|move: Trick Room|[of] p2a: Magearna\n|\n|-heal|p2a: Magearna|11\/100|[from] item: Leftovers\n|upkeep\n|turn|2\n|c| the tr4sh man|>steel beam dialga-o\n|c| the tr4sh man|it's peak...\n|c|\u26061P1o1s1h1e1|can ohko physdef mag lmao\n|c|\u2606Kinesquared|this is physdef mag\n|c|\u26061P1o1s1h1e1|on a range I think then\n|c|\u26061P1o1s1h1e1|there's mags it just kills\n|c|\u2606Kinesquared|ah ok\n|\n|t:|1699668873\n|move|p2a: Magearna|Volt Switch|p1a: Dialga\n|-resisted|p1a: Dialga\n|-damage|p1a: Dialga|43\/100\n|\n|t:|1699668878\n|switch|p2a: Hoopa|Hoopa-Unbound|100\/100|[from] Volt Switch\n|move|p1a: Dialga|Earth Power|p2a: Hoopa\n|-damage|p2a: Hoopa|82\/100\n|\n|upkeep\n|turn|3\n|\n|t:|1699668905\n|move|p2a: Hoopa|Hyperspace Fury|p1a: Dialga\n|-damage|p1a: Dialga|0 fnt\n|-unboost|p2a: Hoopa|def|1\n|faint|p1a: Dialga\n|\n|upkeep\n|\n|t:|1699668908\n|switch|p1a: Rillaboom|Rillaboom, M|100\/100\n|-fieldstart|move: Grassy Terrain|[from] ability: Grassy Surge|[of] p1a: Rillaboom\n|turn|4\n|\n|t:|1699668915\n|switch|p2a: Cresselia|Cresselia, F|100\/100\n|move|p1a: Rillaboom|U-turn|p2a: Cresselia\n|-supereffective|p2a: Cresselia\n|-damage|p2a: Cresselia|65\/100\n|\n|t:|1699668923\n|switch|p1a: Gholdengo|Gholdengo|100\/100|[from] U-turn\n|\n|-heal|p2a: Cresselia|71\/100|[from] item: Leftovers\n|upkeep\n|turn|5\n|\n|t:|1699668941\n|move|p1a: Gholdengo|Trick|p2a: Cresselia\n|-activate|p1a: Gholdengo|move: Trick|[of] p2a: Cresselia\n|-item|p2a: Cresselia|Choice Scarf|[from] move: Trick\n|-item|p1a: Gholdengo|Leftovers|[from] move: Trick\n|move|p2a: Cresselia|Trick Room|p2a: Cresselia\n|-fieldend|move: Trick Room\n|\n|upkeep\n|turn|6\n|c|\u2606Kinesquared|wait what\n|c|\u2606Kinesquared|was TR not over\n|c|\u26061P1o1s1h1e1|yeah lol it had a turn\n|c|\u2606Kinesquared|am i an idiot\n|j| IDAHAN\n|c|\u2606Kinesquared|oml\n|c|\u2606Kinesquared|why did i send cress out\n|\n|t:|1699668978\n|move|p1a: Gholdengo|Nasty Plot|p1a: Gholdengo\n|-boost|p1a: Gholdengo|spa|2\n|move|p2a: Cresselia|Trick Room|p2a: Cresselia\n|-fieldstart|move: Trick Room|[of] p2a: Cresselia\n|\n|upkeep\n|turn|7\n|\n|t:|1699668989\n|switch|p2a: Hoopa|Hoopa-Unbound|82\/100\n|move|p1a: Gholdengo|Make It Rain|p2a: Hoopa\n|-damage|p2a: Hoopa|13\/100\n|-unboost|p1a: Gholdengo|spa|1\n|\n|-heal|p2a: Hoopa|19\/100|[from] Grassy Terrain\n|upkeep\n|turn|8\n|\n|t:|1699669003\n|-terastallize|p1a: Gholdengo|Water\n|move|p2a: Hoopa|Hyperspace Fury|p1a: Gholdengo\n|-damage|p1a: Gholdengo|27\/100\n|-unboost|p2a: Hoopa|def|1\n|move|p1a: Gholdengo|Shadow Ball|p2a: Hoopa\n|-damage|p2a: Hoopa|0 fnt\n|faint|p2a: Hoopa\n|\n|-heal|p1a: Gholdengo|33\/100|[from] Grassy Terrain\n|-heal|p1a: Gholdengo|39\/100|[from] item: Leftovers\n|-fieldend|move: Grassy Terrain\n|upkeep\n|\n|t:|1699669015\n|switch|p2a: Ursaluna|Ursaluna, M|100\/100\n|turn|9\n|\n|t:|1699669028\n|move|p2a: Ursaluna|Facade|p1a: Gholdengo\n|-damage|p1a: Gholdengo|0 fnt\n|faint|p1a: Gholdengo\n|\n|-status|p2a: Ursaluna|brn|[from] item: Flame Orb\n|upkeep\n|l| IDAHAN\n|\n|t:|1699669059\n|switch|p1a: Espathra|Espathra, F|100\/100\n|turn|10\n|\n|t:|1699669072\n|move|p2a: Ursaluna|Substitute|p2a: Ursaluna\n|-start|p2a: Ursaluna|Substitute\n|-damage|p2a: Ursaluna|76\/100 brn\n|move|p1a: Espathra|Calm Mind|p1a: Espathra\n|-boost|p1a: Espathra|spa|1\n|-boost|p1a: Espathra|spd|1\n|\n|-damage|p2a: Ursaluna|70\/100 brn|[from] brn\n|-fieldend|move: Trick Room\n|-ability|p1a: Espathra|Speed Boost|boost\n|-boost|p1a: Espathra|spe|1\n|upkeep\n|turn|11\n|\n|t:|1699669081\n|move|p1a: Espathra|Stored Power|p2a: Ursaluna\n|-end|p2a: Ursaluna|Substitute\n|move|p2a: Ursaluna|Facade|p1a: Espathra\n|-damage|p1a: Espathra|0 fnt\n|faint|p1a: Espathra\n|\n|-damage|p2a: Ursaluna|64\/100 brn|[from] brn\n|upkeep\n|\n|t:|1699669086\n|switch|p1a: Rillaboom|Rillaboom, M|100\/100\n|-fieldstart|move: Grassy Terrain|[from] ability: Grassy Surge|[of] p1a: Rillaboom\n|turn|12\n|\n|t:|1699669115\n|-terastallize|p2a: Ursaluna|Normal\n|move|p1a: Rillaboom|Grassy Glide|p2a: Ursaluna\n|-damage|p2a: Ursaluna|28\/100 brn\n|move|p2a: Ursaluna|Facade|p1a: Rillaboom\n|-damage|p1a: Rillaboom|0 fnt\n|faint|p1a: Rillaboom\n|\n|-heal|p2a: Ursaluna|34\/100 brn|[from] Grassy Terrain\n|-damage|p2a: Ursaluna|28\/100 brn|[from] brn\n|upkeep\n|\n|t:|1699669123\n|switch|p1a: Sneasler|Sneasler, M, shiny|100\/100\n|-enditem|p1a: Sneasler|Grassy Seed\n|-boost|p1a: Sneasler|def|1|[from] item: Grassy Seed\n|turn|13\n|\n|t:|1699669144\n|switch|p2a: Magearna|Magearna|11\/100\n|move|p1a: Sneasler|Dire Claw|p2a: Magearna\n|-immune|p2a: Magearna\n|\n|-heal|p2a: Magearna|17\/100|[from] Grassy Terrain\n|-heal|p2a: Magearna|23\/100|[from] item: Leftovers\n|upkeep\n|turn|14\n|\n|t:|1699669153\n|move|p1a: Sneasler|Close Combat|p2a: Magearna\n|-damage|p2a: Magearna|0 fnt\n|-unboost|p1a: Sneasler|def|1\n|-unboost|p1a: Sneasler|spd|1\n|faint|p2a: Magearna\n|\n|upkeep\n|\n|t:|1699669164\n|switch|p2a: Dialga|Dialga|100\/100\n|-ability|p2a: Dialga|Pressure\n|turn|15\n|c|\u2606Kinesquared|this looks like a roll on my calc\n|\n|t:|1699669180\n|move|p1a: Sneasler|Close Combat|p2a: Dialga\n|-supereffective|p2a: Dialga\n|-damage|p2a: Dialga|0 fnt\n|-unboost|p1a: Sneasler|def|1\n|-unboost|p1a: Sneasler|spd|1\n|faint|p2a: Dialga\n|\n|upkeep\n|\n|t:|1699669186\n|switch|p2a: Cresselia|Cresselia, F|71\/100\n|turn|16\n|c|\u26061P1o1s1h1e1|not on mine lol\n|\n|t:|1699669191\n|move|p1a: Sneasler|Dire Claw|p2a: Cresselia\n|-damage|p2a: Cresselia|49\/100\n|move|p2a: Cresselia|Trick Room|p2a: Cresselia\n|-fieldstart|move: Trick Room|[of] p2a: Cresselia\n|\n|-fieldend|move: Grassy Terrain\n|upkeep\n|turn|17\n|c|\u2606Kinesquared|i have a bulky dialga\n|\n|t:|1699669200\n|switch|p2a: Cinderace|Cinderace, F|100\/100\n|switch|p1a: Arceus|Arceus-Fire|100\/100\n|\n|upkeep\n|turn|18\n|c|\u2606Kinesquared|cinderace, my favorite low speed 'mon in TR\n|c|\u26061P1o1s1h1e1|lol\n|\n|t:|1699669223\n|move|p2a: Cinderace|U-turn|p1a: Arceus\n|-start|p2a: Cinderace|typechange|Bug|[from] ability: Libero\n|-resisted|p1a: Arceus\n|-damage|p1a: Arceus|87\/100\n|\n|t:|1699669227\n|switch|p2a: Cresselia|Cresselia, F|49\/100|[from] U-turn\n|move|p1a: Arceus|Dragon Dance|p1a: Arceus\n|-boost|p1a: Arceus|atk|1\n|-boost|p1a: Arceus|spe|1\n|\n|upkeep\n|turn|19\n|\n|t:|1699669234\n|switch|p2a: Ursaluna|Ursaluna, M, tera:Normal|28\/100 brn\n|move|p1a: Arceus|Flare Blitz|p2a: Ursaluna\n|-damage|p2a: Ursaluna|0 fnt\n|faint|p2a: Ursaluna\n|-damage|p1a: Arceus|76\/100|[from] Recoil\n|\n|upkeep\n|c|\u2606Kinesquared|f\n|c|\u2606Kinesquared|thats ggs\n|\n|t:|1699669246\n|switch|p2a: Cinderace|Cinderace, F|100\/100\n|turn|20\n|c|\u26061P1o1s1h1e1|nice gg\n|\n|t:|1699669252\n|move|p1a: Arceus|Extreme Speed|p2a: Cinderace\n|-damage|p2a: Cinderace|38\/100\n|move|p2a: Cinderace|Sucker Punch||[still]\n|-fail|p2a: Cinderace\n|\n|-fieldend|move: Trick Room\n|upkeep\n|turn|21\n|\n|t:|1699669258\n|move|p1a: Arceus|Extreme Speed|p2a: Cinderace\n|-damage|p2a: Cinderace|0 fnt\n|faint|p2a: Cinderace\n|\n|upkeep\n|\n|t:|1699669262\n|switch|p2a: Cresselia|Cresselia, F|49\/100\n|turn|22\n|\n|t:|1699669266\n|move|p1a: Arceus|Flare Blitz|p2a: Cresselia\n|-damage|p2a: Cresselia|0 fnt\n|faint|p2a: Cresselia\n|-damage|p1a: Arceus|58\/100|[from] Recoil\n|\n|win|1P1o1s1h1e1\n","uploadtime":1699669272,"views":9,"p1id":"1p1o1s1h1e1","p2id":"kinesquared","formatid":"gen9ubers","rating":0,"private":0,"password":""}