{"id":"gen9ubers-1991467667","p1":"nubonaga","p2":"Anne Frankkkk","format":"[Gen 9] Ubers","log":"|j|\u2606nubonaga\n|j|\u2606Anne Frankkkk\n|t:|1700079685\n|gametype|singles\n|player|p1|nubonaga|169|1114\n|player|p2|Anne Frankkkk|hilbert|1184\n|teamsize|p1|6\n|teamsize|p2|6\n|gen|9\n|tier|[Gen 9] Ubers\n|rated|\n|rule|Sleep Clause Mod: Limit one foe put to sleep\n|rule|Species Clause: Limit one of each Pok\u00e9mon\n|rule|OHKO Clause: OHKO moves are banned\n|rule|Evasion Items Clause: Evasion items are banned\n|rule|Evasion Moves Clause: Evasion moves are banned\n|rule|Endless Battle Clause: Forcing endless battles is banned\n|rule|HP Percentage Mod: HP is shown in percentages\n|clearpoke\n|poke|p1|Miraidon|\n|poke|p1|Iron Leaves|\n|poke|p1|Iron Valiant|\n|poke|p1|Iron Treads|\n|poke|p1|Iron Hands|\n|poke|p1|Iron Thorns|\n|poke|p2|Regieleki|\n|poke|p2|Kyogre|\n|poke|p2|Chien-Pao|\n|poke|p2|Ribombee, M|\n|poke|p2|Miraidon|\n|poke|p2|Flutter Mane|\n|teampreview\n|inactive|Battle timer is ON: inactive players will automatically lose when time's up. (requested by Anne Frankkkk)\n|\n|t:|1700079694\n|start\n|switch|p1a: Miraidon|Miraidon|100\/100\n|switch|p2a: Moonblast|Ribombee, M, shiny|100\/100\n|-fieldstart|move: Electric Terrain|[from] ability: Hadron Engine|[of] p1a: Miraidon\n|turn|1\n|\n|t:|1700079700\n|move|p1a: Miraidon|U-turn|p2a: Moonblast\n|-resisted|p2a: Moonblast\n|-damage|p2a: Moonblast|87\/100\n|\n|t:|1700079703\n|switch|p1a: Iron Treads|Iron Treads|100\/100|[from] U-turn\n|-activate|p1a: Iron Treads|ability: Quark Drive\n|-start|p1a: Iron Treads|quarkdriveatk\n|move|p2a: Moonblast|Sticky Web|p1a: Iron Treads\n|-sidestart|p1: nubonaga|move: Sticky Web\n|\n|upkeep\n|turn|2\n|\n|t:|1700079712\n|switch|p2a: Misdreavius|Flutter Mane, shiny|100\/100\n|-enditem|p2a: Misdreavius|Booster Energy\n|-activate|p2a: Misdreavius|ability: Protosynthesis|[fromitem]\n|-start|p2a: Misdreavius|protosynthesisspe\n|move|p1a: Iron Treads|Rapid Spin|p2a: Misdreavius\n|-immune|p2a: Misdreavius\n|\n|upkeep\n|turn|3\n|inactive|nubonaga has 120 seconds left.\n|\n|t:|1700079762\n|move|p2a: Misdreavius|Shadow Ball|p1a: Iron Treads\n|-damage|p1a: Iron Treads|43\/100\n|move|p1a: Iron Treads|Steel Roller|p2a: Misdreavius\n|-supereffective|p2a: Misdreavius\n|-damage|p2a: Misdreavius|0 fnt\n|-fieldend|move: Electric Terrain\n|-end|p1a: Iron Treads|Quark Drive\n|faint|p2a: Misdreavius\n|-end|p2a: Misdreavius|Protosynthesis|[silent]\n|-damage|p1a: Iron Treads|34\/100|[from] item: Life Orb\n|\n|upkeep\n|\n|t:|1700079769\n|switch|p2a: Ice Cat|Chien-Pao|100\/100\n|-ability|p2a: Ice Cat|Sword of Ruin\n|turn|4\n|\n|t:|1700079774\n|move|p2a: Ice Cat|Sacred Sword|p1a: Iron Treads\n|-supereffective|p1a: Iron Treads\n|-damage|p1a: Iron Treads|0 fnt\n|faint|p1a: Iron Treads\n|-end|p1a: Iron Treads|Quark Drive|[silent]\n|\n|upkeep\n|\n|t:|1700079792\n|switch|p1a: Miraidon|Miraidon|100\/100\n|-activate|p1a: Miraidon|move: Sticky Web\n|-unboost|p1a: Miraidon|spe|1\n|-fieldstart|move: Electric Terrain|[from] ability: Hadron Engine|[of] p1a: Miraidon\n|turn|5\n|\n|t:|1700079812\n|switch|p1a: Iron Thorns|Iron Thorns|100\/100\n|-activate|p1a: Iron Thorns|move: Sticky Web\n|-unboost|p1a: Iron Thorns|spe|1\n|-activate|p1a: Iron Thorns|ability: Quark Drive\n|-start|p1a: Iron Thorns|quarkdriveatk\n|move|p2a: Ice Cat|Swords Dance|p2a: Ice Cat\n|-boost|p2a: Ice Cat|atk|2\n|\n|upkeep\n|turn|6\n|\n|t:|1700079823\n|-terastallize|p1a: Iron Thorns|Bug\n|move|p2a: Ice Cat|Swords Dance|p2a: Ice Cat\n|-boost|p2a: Ice Cat|atk|2\n|move|p1a: Iron Thorns|Rock Slide|p2a: Ice Cat\n|-supereffective|p2a: Ice Cat\n|-enditem|p2a: Ice Cat|Focus Sash\n|-damage|p2a: Ice Cat|1\/100\n|\n|upkeep\n|turn|7\n|inactive|nubonaga has 90 seconds left.\n|\n|t:|1700079840\n|move|p2a: Ice Cat|Ice Spinner|p1a: Iron Thorns\n|-damage|p1a: Iron Thorns|0 fnt\n|-fieldend|move: Electric Terrain\n|faint|p1a: Iron Thorns\n|-end|p1a: Iron Thorns|Quark Drive|[silent]\n|\n|upkeep\n|\n|t:|1700079843\n|switch|p1a: Iron Hands|Iron Hands|100\/100\n|-activate|p1a: Iron Hands|move: Sticky Web\n|-unboost|p1a: Iron Hands|spe|1\n|turn|8\n|\n|t:|1700079849\n|move|p1a: Iron Hands|Fake Out|p2a: Ice Cat\n|-damage|p2a: Ice Cat|0 fnt\n|faint|p2a: Ice Cat\n|\n|upkeep\n|\n|t:|1700079857\n|switch|p2a: Moonblast|Ribombee, M, shiny|87\/100\n|turn|9\n|\n|t:|1700079865\n|-end|p1a: Iron Hands|Quark Drive|[silent]\n|switch|p1a: Miraidon|Miraidon|100\/100\n|-activate|p1a: Miraidon|move: Sticky Web\n|-unboost|p1a: Miraidon|spe|1\n|-fieldstart|move: Electric Terrain|[from] ability: Hadron Engine|[of] p1a: Miraidon\n|move|p2a: Moonblast|Moonblast|p1a: Miraidon\n|-supereffective|p1a: Miraidon\n|-damage|p1a: Miraidon|45\/100\n|\n|upkeep\n|turn|10\n|inactive|nubonaga has 120 seconds left.\n|\n|t:|1700079879\n|switch|p1a: Iron Leaves|Iron Leaves|100\/100\n|-activate|p1a: Iron Leaves|move: Sticky Web\n|-unboost|p1a: Iron Leaves|spe|1\n|-activate|p1a: Iron Leaves|ability: Quark Drive\n|-start|p1a: Iron Leaves|quarkdriveatk\n|move|p2a: Moonblast|Moonblast|p1a: Iron Leaves\n|-damage|p1a: Iron Leaves|66\/100\n|-unboost|p1a: Iron Leaves|spa|1\n|\n|-heal|p1a: Iron Leaves|72\/100|[from] item: Leftovers\n|upkeep\n|turn|11\n|inactive|nubonaga has 120 seconds left.\n|\n|t:|1700079891\n|move|p2a: Moonblast|Bug Buzz|p1a: Iron Leaves\n|-supereffective|p1a: Iron Leaves\n|-damage|p1a: Iron Leaves|0 fnt\n|faint|p1a: Iron Leaves\n|-end|p1a: Iron Leaves|Quark Drive|[silent]\n|\n|upkeep\n|\n|t:|1700079896\n|switch|p1a: Iron Hands|Iron Hands|100\/100\n|-activate|p1a: Iron Hands|move: Sticky Web\n|-unboost|p1a: Iron Hands|spe|1\n|-activate|p1a: Iron Hands|ability: Quark Drive\n|-start|p1a: Iron Hands|quarkdriveatk\n|turn|12\n|\n|t:|1700079900\n|move|p2a: Moonblast|Moonblast|p1a: Iron Hands\n|-supereffective|p1a: Iron Hands\n|-damage|p1a: Iron Hands|62\/100\n|-unboost|p1a: Iron Hands|spa|1\n|move|p1a: Iron Hands|Wild Charge|p2a: Moonblast\n|-damage|p2a: Moonblast|0 fnt\n|faint|p2a: Moonblast\n|-damage|p1a: Iron Hands|49\/100|[from] Recoil\n|\n|upkeep\n|\n|t:|1700079907\n|switch|p2a: OHKO|Kyogre|100\/100\n|-weather|RainDance|[from] ability: Drizzle|[of] p2a: OHKO\n|turn|13\n|\n|t:|1700079916\n|move|p2a: OHKO|Water Spout|p1a: Iron Hands\n|-damage|p1a: Iron Hands|0 fnt\n|faint|p1a: Iron Hands\n|-end|p1a: Iron Hands|Quark Drive|[silent]\n|\n|-weather|RainDance|[upkeep]\n|upkeep\n|\n|t:|1700079920\n|switch|p1a: Iron Valiant|Iron Valiant|100\/100\n|-activate|p1a: Iron Valiant|move: Sticky Web\n|-unboost|p1a: Iron Valiant|spe|1\n|-activate|p1a: Iron Valiant|ability: Quark Drive\n|-start|p1a: Iron Valiant|quarkdrivespa\n|turn|14\n|\n|t:|1700079927\n|move|p2a: OHKO|Water Spout|p1a: Iron Valiant\n|-damage|p1a: Iron Valiant|0 fnt\n|faint|p1a: Iron Valiant\n|-end|p1a: Iron Valiant|Quark Drive|[silent]\n|\n|-weather|RainDance|[upkeep]\n|upkeep\n|-message|nubonaga forfeited.\n|\n|win|Anne Frankkkk\n|raw|nubonaga's rating: 1114 &rarr; <strong>1094<\/strong><br \/>(-20 for losing)\n|raw|Anne Frankkkk's rating: 1184 &rarr; <strong>1204<\/strong><br \/>(+20 for winning)\n|l|\u2606nubonaga\n","uploadtime":1700079937,"views":5,"p1id":"nubonaga","p2id":"annefrankkkk","formatid":"gen9ubers","rating":1094,"private":0,"password":""}