{"id":"gen9ubers-1981521848","p1":"BieberDialga","p2":"thingamagig","format":"[Gen 9] Ubers","log":"|j|\u2606BieberDialga\n|j|\u2606thingamagig\n|t:|1698911659\n|gametype|singles\n|player|p1|BieberDialga|carmine-festival|\n|player|p2|thingamagig|buck|\n|teamsize|p1|6\n|teamsize|p2|6\n|gen|9\n|tier|[Gen 9] Ubers\n|rule|Sleep Clause Mod: Limit one foe put to sleep\n|rule|Species Clause: Limit one of each Pok\u00e9mon\n|rule|OHKO Clause: OHKO moves are banned\n|rule|Evasion Items Clause: Evasion items are banned\n|rule|Evasion Moves Clause: Evasion moves are banned\n|rule|Endless Battle Clause: Forcing endless battles is banned\n|rule|HP Percentage Mod: HP is shown in percentages\n|clearpoke\n|poke|p1|Cyclizar, M|\n|poke|p1|Dialga|\n|poke|p1|Zacian-*|\n|poke|p1|Moltres|\n|poke|p1|Spectrier|\n|poke|p1|Arceus-Fighting|\n|poke|p2|Torkoal, M|\n|poke|p2|Arceus-Grass|\n|poke|p2|Zacian-*|\n|poke|p2|Dragapult, F|\n|poke|p2|Gliscor, M|\n|poke|p2|Cinderace, F|\n|teampreview\n|\n|t:|1698911756\n|start\n|switch|p1a: DJ Khaled|Cyclizar, M|100\/100\n|switch|p2a: Zacian|Zacian|100\/100\n|-ability|p2a: Zacian|Intrepid Sword|boost\n|-boost|p2a: Zacian|atk|1\n|turn|1\n|\n|t:|1698911779\n|switch|p2a: Dragapult|Dragapult, F|100\/100\n|move|p1a: DJ Khaled|U-turn|p2a: Dragapult\n|-resisted|p2a: Dragapult\n|-damage|p2a: Dragapult|90\/100\n|\n|t:|1698911793\n|switch|p1a: Justin|Dialga|100\/100|[from] U-turn\n|-ability|p1a: Justin|Pressure\n|\n|upkeep\n|turn|2\n|\n|t:|1698911802\n|move|p2a: Dragapult|U-turn|p1a: Justin\n|-resisted|p1a: Justin\n|-damage|p1a: Justin|94\/100\n|\n|t:|1698911805\n|switch|p2a: Cinderace|Cinderace, F|100\/100|[from] U-turn\n|move|p1a: Justin|Iron Defense|p1a: Justin\n|-boost|p1a: Justin|def|2\n|\n|-heal|p1a: Justin|100\/100|[from] item: Leftovers\n|upkeep\n|turn|3\n|\n|t:|1698911809\n|move|p2a: Cinderace|Will-O-Wisp|p1a: Justin\n|-status|p1a: Justin|brn\n|move|p1a: Justin|Body Press|p2a: Cinderace\n|-damage|p2a: Cinderace|71\/100\n|\n|-damage|p1a: Justin|94\/100 brn|[from] brn\n|upkeep\n|turn|4\n|\n|t:|1698911820\n|move|p2a: Cinderace|U-turn|p1a: Justin\n|-start|p2a: Cinderace|typechange|Bug|[from] ability: Libero\n|-resisted|p1a: Justin\n|-damage|p1a: Justin|88\/100 brn\n|\n|t:|1698911828\n|switch|p2a: Gliscor|Gliscor, M|100\/100|[from] U-turn\n|move|p1a: Justin|Flash Cannon|p2a: Gliscor\n|-damage|p2a: Gliscor|59\/100\n|\n|-heal|p1a: Justin|95\/100 brn|[from] item: Leftovers\n|-damage|p1a: Justin|88\/100 brn|[from] brn\n|-status|p2a: Gliscor|tox|[from] item: Toxic Orb\n|upkeep\n|turn|5\n|\n|t:|1698911841\n|move|p2a: Gliscor|Knock Off|p1a: Justin\n|-damage|p1a: Justin|78\/100 brn\n|-enditem|p1a: Justin|Leftovers|[from] move: Knock Off|[of] p2a: Gliscor\n|move|p1a: Justin|Flash Cannon|p2a: Gliscor\n|-damage|p2a: Gliscor|13\/100 tox\n|\n|-heal|p2a: Gliscor|26\/100 tox|[from] ability: Poison Heal\n|-damage|p1a: Justin|72\/100 brn|[from] brn\n|upkeep\n|turn|6\n|\n|t:|1698911854\n|move|p2a: Gliscor|U-turn|p1a: Justin\n|-resisted|p1a: Justin\n|-damage|p1a: Justin|69\/100 brn\n|\n|t:|1698911859\n|switch|p2a: Torkoal|Torkoal, M|100\/100|[from] U-turn\n|-weather|SunnyDay|[from] ability: Drought|[of] p2a: Torkoal\n|move|p1a: Justin|Stealth Rock|p2a: Torkoal\n|-sidestart|p2: thingamagig|move: Stealth Rock\n|\n|-weather|SunnyDay|[upkeep]\n|-damage|p1a: Justin|63\/100 brn|[from] brn\n|upkeep\n|turn|7\n|\n|t:|1698911867\n|move|p1a: Justin|Iron Defense|p1a: Justin\n|-boost|p1a: Justin|def|2\n|move|p2a: Torkoal|Stealth Rock|p1a: Justin\n|-sidestart|p1: BieberDialga|move: Stealth Rock\n|\n|-weather|SunnyDay|[upkeep]\n|-damage|p1a: Justin|56\/100 brn|[from] brn\n|upkeep\n|turn|8\n|\n|t:|1698911888\n|switch|p2a: Dragapult|Dragapult, F|90\/100\n|-damage|p2a: Dragapult|78\/100|[from] Stealth Rock\n|move|p1a: Justin|Body Press|p2a: Dragapult\n|-immune|p2a: Dragapult\n|\n|-weather|SunnyDay|[upkeep]\n|-damage|p1a: Justin|50\/100 brn|[from] brn\n|upkeep\n|turn|9\n|\n|t:|1698911928\n|move|p2a: Dragapult|U-turn|p1a: Justin\n|-resisted|p1a: Justin\n|-damage|p1a: Justin|48\/100 brn\n|\n|t:|1698911935\n|switch|p2a: Cinderace|Cinderace, F|71\/100|[from] U-turn\n|move|p1a: Justin|Flash Cannon|p2a: Cinderace\n|-resisted|p2a: Cinderace\n|-damage|p2a: Cinderace|40\/100\n|\n|-weather|SunnyDay|[upkeep]\n|-damage|p1a: Justin|42\/100 brn|[from] brn\n|upkeep\n|turn|10\n|\n|t:|1698911987\n|move|p2a: Cinderace|Pyro Ball|p1a: Justin\n|-damage|p1a: Justin|20\/100 brn\n|move|p1a: Justin|Flash Cannon|p2a: Cinderace\n|-resisted|p2a: Cinderace\n|-damage|p2a: Cinderace|11\/100\n|\n|-weather|SunnyDay|[upkeep]\n|-damage|p1a: Justin|14\/100 brn|[from] brn\n|upkeep\n|turn|11\n|\n|t:|1698911997\n|move|p2a: Cinderace|Pyro Ball|p1a: Justin\n|-damage|p1a: Justin|0 fnt\n|faint|p1a: Justin\n|\n|-weather|SunnyDay|[upkeep]\n|upkeep\n|\n|t:|1698912000\n|switch|p1a: DJ Khaled|Cyclizar, M|100\/100\n|-damage|p1a: DJ Khaled|88\/100|[from] Stealth Rock\n|turn|12\n|\n|t:|1698912016\n|move|p1a: DJ Khaled|Rapid Spin|p2a: Cinderace\n|-damage|p2a: Cinderace|0 fnt\n|-boost|p1a: DJ Khaled|spe|1\n|-sideend|p1: BieberDialga|Stealth Rock|[from] move: Rapid Spin|[of] p1a: DJ Khaled\n|faint|p2a: Cinderace\n|\n|-weather|SunnyDay|[upkeep]\n|upkeep\n|\n|t:|1698912055\n|switch|p2a: Zacian|Zacian|100\/100\n|-damage|p2a: Zacian|88\/100|[from] Stealth Rock\n|turn|13\n|\n|t:|1698912095\n|switch|p1a: Chance|Moltres|100\/100\n|move|p2a: Zacian|Play Rough|p1a: Chance\n|-resisted|p1a: Chance\n|-crit|p1a: Chance\n|-damage|p1a: Chance|64\/100\n|\n|-weather|none\n|upkeep\n|turn|14\n|\n|t:|1698912107\n|switch|p2a: Gliscor|Gliscor, M|26\/100 tox\n|-damage|p2a: Gliscor|13\/100 tox|[from] Stealth Rock\n|move|p1a: Chance|Flamethrower|p2a: Gliscor\n|-damage|p2a: Gliscor|0 fnt\n|faint|p2a: Gliscor\n|\n|upkeep\n|\n|t:|1698912115\n|switch|p2a: Dragapult|Dragapult, F|78\/100\n|-damage|p2a: Dragapult|66\/100|[from] Stealth Rock\n|turn|15\n|\n|t:|1698912153\n|switch|p1a: DJ Khaled|Cyclizar, M|100\/100\n|move|p2a: Dragapult|Thunderbolt|p1a: DJ Khaled\n|-resisted|p1a: DJ Khaled\n|-damage|p1a: DJ Khaled|75\/100\n|-status|p1a: DJ Khaled|par\n|\n|upkeep\n|turn|16\n|\n|t:|1698912203\n|switch|p2a: Arceus|Arceus-Grass|100\/100\n|-damage|p2a: Arceus|88\/100|[from] Stealth Rock\n|move|p1a: DJ Khaled|Draco Meteor|p2a: Arceus\n|-damage|p2a: Arceus|64\/100\n|-unboost|p1a: DJ Khaled|spa|2\n|\n|upkeep\n|turn|17\n|\n|t:|1698912221\n|switch|p1a: Chance|Moltres|64\/100\n|move|p2a: Arceus|Judgment|p1a: Chance\n|-resisted|p1a: Chance\n|-damage|p1a: Chance|51\/100\n|\n|upkeep\n|turn|18\n|\n|t:|1698912232\n|move|p2a: Arceus|Calm Mind|p2a: Arceus\n|-boost|p2a: Arceus|spa|1\n|-boost|p2a: Arceus|spd|1\n|move|p1a: Chance|Roost|p1a: Chance\n|-heal|p1a: Chance|100\/100\n|-singleturn|p1a: Chance|move: Roost\n|\n|upkeep\n|turn|19\n|\n|t:|1698912245\n|move|p2a: Arceus|Calm Mind|p2a: Arceus\n|-boost|p2a: Arceus|spa|1\n|-boost|p2a: Arceus|spd|1\n|move|p1a: Chance|Roar|p2a: Arceus\n|drag|p2a: Dragapult|Dragapult, F|66\/100\n|-damage|p2a: Dragapult|53\/100|[from] Stealth Rock\n|\n|upkeep\n|turn|20\n|\n|t:|1698912285\n|switch|p1a: DJ Khaled|Cyclizar, M|100\/100 par\n|move|p2a: Dragapult|Shadow Ball|p1a: DJ Khaled\n|-immune|p1a: DJ Khaled\n|\n|upkeep\n|turn|21\n|\n|t:|1698912307\n|switch|p2a: Arceus|Arceus-Grass|64\/100\n|-damage|p2a: Arceus|51\/100|[from] Stealth Rock\n|move|p1a: DJ Khaled|U-turn|p2a: Arceus\n|-supereffective|p2a: Arceus\n|-damage|p2a: Arceus|32\/100\n|\n|t:|1698912320\n|switch|p1a: Weezy|Spectrier|100\/100|[from] U-turn\n|\n|upkeep\n|turn|22\n|j| C4CTUSK1NG\n|\n|t:|1698912363\n|switch|p2a: Zacian|Zacian|88\/100\n|-damage|p2a: Zacian|76\/100|[from] Stealth Rock\n|move|p1a: Weezy|Shadow Ball|p2a: Zacian\n|-damage|p2a: Zacian|18\/100\n|-unboost|p2a: Zacian|spd|1\n|-damage|p1a: Weezy|91\/100|[from] item: Life Orb\n|\n|upkeep\n|turn|23\n|\n|t:|1698912377\n|switch|p1a: Chance|Moltres|100\/100\n|move|p2a: Zacian|Crunch|p1a: Chance\n|-damage|p1a: Chance|73\/100\n|\n|upkeep\n|turn|24\n|\n|t:|1698912400\n|switch|p2a: Arceus|Arceus-Grass|32\/100\n|-damage|p2a: Arceus|20\/100|[from] Stealth Rock\n|move|p1a: Chance|Roost|p1a: Chance\n|-heal|p1a: Chance|100\/100\n|-singleturn|p1a: Chance|move: Roost\n|\n|upkeep\n|turn|25\n|\n|t:|1698912404\n|move|p2a: Arceus|Recover|p2a: Arceus\n|-heal|p2a: Arceus|70\/100\n|move|p1a: Chance|Flamethrower|p2a: Arceus\n|-supereffective|p2a: Arceus\n|-damage|p2a: Arceus|21\/100\n|\n|upkeep\n|turn|26\n|\n|t:|1698912415\n|move|p2a: Arceus|Recover|p2a: Arceus\n|-heal|p2a: Arceus|71\/100\n|move|p1a: Chance|Flamethrower|p2a: Arceus\n|-supereffective|p2a: Arceus\n|-damage|p2a: Arceus|19\/100\n|\n|upkeep\n|turn|27\n|\n|t:|1698912449\n|switch|p2a: Dragapult|Dragapult, F|53\/100\n|-damage|p2a: Dragapult|41\/100|[from] Stealth Rock\n|move|p1a: Chance|Flamethrower|p2a: Dragapult\n|-resisted|p2a: Dragapult\n|-damage|p2a: Dragapult|17\/100\n|-status|p2a: Dragapult|brn\n|\n|-damage|p2a: Dragapult|11\/100 brn|[from] brn\n|upkeep\n|turn|28\n|\n|t:|1698912465\n|switch|p1a: DJ Khaled|Cyclizar, M|100\/100 par\n|move|p2a: Dragapult|Shadow Ball|p1a: DJ Khaled\n|-immune|p1a: DJ Khaled\n|\n|-damage|p2a: Dragapult|5\/100 brn|[from] brn\n|upkeep\n|turn|29\n|\n|t:|1698912503\n|move|p2a: Dragapult|Shadow Ball|p1a: DJ Khaled\n|-immune|p1a: DJ Khaled\n|cant|p1a: DJ Khaled|par\n|\n|-damage|p2a: Dragapult|0 fnt|[from] brn\n|faint|p2a: Dragapult\n|upkeep\n|\n|t:|1698912526\n|switch|p2a: Zacian|Zacian|18\/100\n|-damage|p2a: Zacian|6\/100|[from] Stealth Rock\n|turn|30\n|\n|t:|1698912538\n|-terastallize|p2a: Zacian|Fairy\n|move|p2a: Zacian|Play Rough|p1a: DJ Khaled\n|-supereffective|p1a: DJ Khaled\n|-damage|p1a: DJ Khaled|0 fnt\n|faint|p1a: DJ Khaled\n|\n|upkeep\n|\n|t:|1698912547\n|switch|p1a: Chance|Moltres|100\/100\n|turn|31\n|\n|t:|1698912553\n|move|p2a: Zacian|Play Rough|p1a: Chance\n|-resisted|p1a: Chance\n|-damage|p1a: Chance|69\/100\n|move|p1a: Chance|Flamethrower|p2a: Zacian\n|-damage|p2a: Zacian|0 fnt\n|faint|p2a: Zacian\n|\n|upkeep\n|\n|t:|1698912557\n|switch|p2a: Arceus|Arceus-Grass|19\/100\n|-damage|p2a: Arceus|6\/100|[from] Stealth Rock\n|turn|32\n|\n|t:|1698912563\n|move|p2a: Arceus|Flamethrower|p1a: Chance\n|-resisted|p1a: Chance\n|-damage|p1a: Chance|58\/100\n|move|p1a: Chance|Flamethrower|p2a: Arceus\n|-supereffective|p2a: Arceus\n|-damage|p2a: Arceus|0 fnt\n|faint|p2a: Arceus\n|\n|upkeep\n|\n|t:|1698912567\n|switch|p2a: Torkoal|Torkoal, M|100\/100\n|-damage|p2a: Torkoal|75\/100|[from] Stealth Rock\n|-weather|SunnyDay|[from] ability: Drought|[of] p2a: Torkoal\n|turn|33\n|\n|t:|1698912571\n|move|p1a: Chance|Flamethrower|p2a: Torkoal\n|-resisted|p2a: Torkoal\n|-damage|p2a: Torkoal|48\/100\n|move|p2a: Torkoal|Lava Plume|p1a: Chance\n|-resisted|p1a: Chance\n|-damage|p1a: Chance|41\/100\n|\n|-weather|SunnyDay|[upkeep]\n|upkeep\n|turn|34\n|\n|t:|1698912579\n|move|p1a: Chance|Flamethrower|p2a: Torkoal\n|-resisted|p2a: Torkoal\n|-damage|p2a: Torkoal|24\/100\n|move|p2a: Torkoal|Lava Plume|p1a: Chance\n|-resisted|p1a: Chance\n|-damage|p1a: Chance|21\/100\n|\n|-weather|SunnyDay|[upkeep]\n|upkeep\n|turn|35\n|\n|t:|1698912584\n|move|p1a: Chance|Flamethrower|p2a: Torkoal\n|-resisted|p2a: Torkoal\n|-damage|p2a: Torkoal|0 fnt\n|faint|p2a: Torkoal\n|\n|win|BieberDialga\n|l|\u2606thingamagig\n|j|\u2606thingamagig\n|player|p2|thingamagig|buck\n","uploadtime":1698912714,"views":6,"p1id":"bieberdialga","p2id":"thingamagig","formatid":"gen9ubers","rating":0,"private":0,"password":""}