{"id":"gen9ubers-1973954056","p1":"1P1o1s1h1e1","p2":"Albaz Brand","format":"[Gen 9] Ubers","log":"|j|\u26061P1o1s1h1e1\n|j|\u2606Albaz Brand\n|t:|1698032415\n|gametype|singles\n|player|p1|1P1o1s1h1e1|102|\n|player|p2|Albaz Brand|bellelba|\n|teamsize|p1|6\n|teamsize|p2|6\n|gen|9\n|tier|[Gen 9] Ubers\n|rule|Sleep Clause Mod: Limit one foe put to sleep\n|rule|Species Clause: Limit one of each Pok\u00e9mon\n|rule|OHKO Clause: OHKO moves are banned\n|rule|Evasion Items Clause: Evasion items are banned\n|rule|Evasion Moves Clause: Evasion moves are banned\n|rule|Endless Battle Clause: Forcing endless battles is banned\n|rule|HP Percentage Mod: HP is shown in percentages\n|clearpoke\n|poke|p1|Ogerpon-Wellspring, F|\n|poke|p1|Heatran, M|\n|poke|p1|Gliscor, M|\n|poke|p1|Arceus-Poison|\n|poke|p1|Zacian-*|\n|poke|p1|Cyclizar, F|\n|poke|p2|Spectrier|\n|poke|p2|Torkoal, M|\n|poke|p2|Walking Wake|\n|poke|p2|Roaring Moon|\n|poke|p2|Iron Moth|\n|poke|p2|Ogerpon, F|\n|teampreview\n|c|\u2606Albaz Brand|GLHF\n|\n|t:|1698032431\n|start\n|switch|p1a: Ogerpon|Ogerpon-Wellspring, F|100\/100\n|switch|p2a: Torkoal|Torkoal, M|100\/100\n|-weather|SunnyDay|[from] ability: Drought|[of] p2a: Torkoal\n|turn|1\n|\n|t:|1698032440\n|move|p1a: Ogerpon|Swords Dance|p1a: Ogerpon\n|-boost|p1a: Ogerpon|atk|2\n|move|p2a: Torkoal|Yawn|p1a: Ogerpon\n|-start|p1a: Ogerpon|move: Yawn|[of] p2a: Torkoal\n|\n|-weather|SunnyDay|[upkeep]\n|upkeep\n|turn|2\n|\n|t:|1698032445\n|switch|p1a: Gliscor|Gliscor, M|100\/100\n|move|p2a: Torkoal|Stealth Rock|p1a: Gliscor\n|-sidestart|p1: 1P1o1s1h1e1|move: Stealth Rock\n|\n|-weather|SunnyDay|[upkeep]\n|-status|p1a: Gliscor|tox|[from] item: Toxic Orb\n|upkeep\n|turn|3\n|\n|t:|1698032457\n|switch|p2a: Iron Moth|Iron Moth|100\/100\n|-enditem|p2a: Iron Moth|Booster Energy\n|-activate|p2a: Iron Moth|ability: Quark Drive|[fromitem]\n|-start|p2a: Iron Moth|quarkdrivespe\n|move|p1a: Gliscor|Toxic Spikes|p2a: Iron Moth\n|-sidestart|p2: Albaz Brand|move: Toxic Spikes\n|\n|-weather|SunnyDay|[upkeep]\n|upkeep\n|turn|4\n|\n|t:|1698032480\n|move|p1a: Gliscor|Protect|p1a: Gliscor\n|-singleturn|p1a: Gliscor|Protect\n|move|p2a: Iron Moth|Fiery Dance|p1a: Gliscor\n|-activate|p1a: Gliscor|move: Protect\n|\n|-weather|SunnyDay|[upkeep]\n|upkeep\n|turn|5\n|\n|t:|1698032485\n|move|p2a: Iron Moth|Fiery Dance|p1a: Gliscor\n|-damage|p1a: Gliscor|29\/100 tox\n|-boost|p2a: Iron Moth|spa|1\n|move|p1a: Gliscor|Earthquake|p2a: Iron Moth\n|-supereffective|p2a: Iron Moth\n|-damage|p2a: Iron Moth|0 fnt\n|faint|p2a: Iron Moth\n|-end|p2a: Iron Moth|Quark Drive|[silent]\n|\n|-weather|none\n|-heal|p1a: Gliscor|42\/100 tox|[from] ability: Poison Heal\n|upkeep\n|\n|t:|1698032491\n|switch|p2a: Torkoal|Torkoal, M|100\/100\n|-weather|SunnyDay|[from] ability: Drought|[of] p2a: Torkoal\n|turn|6\n|\n|t:|1698032499\n|move|p1a: Gliscor|Knock Off|p2a: Torkoal\n|-damage|p2a: Torkoal|87\/100\n|-enditem|p2a: Torkoal|Heavy-Duty Boots|[from] move: Knock Off|[of] p1a: Gliscor\n|move|p2a: Torkoal|Rapid Spin|p1a: Gliscor\n|-damage|p1a: Gliscor|36\/100 tox\n|-boost|p2a: Torkoal|spe|1\n|-sideend|p2: Albaz Brand|Toxic Spikes|[from] move: Rapid Spin|[of] p2a: Torkoal\n|\n|-weather|SunnyDay|[upkeep]\n|-heal|p1a: Gliscor|48\/100 tox|[from] ability: Poison Heal\n|upkeep\n|turn|7\n|\n|t:|1698032509\n|switch|p2a: Ogerpon|Ogerpon, F|100\/100\n|move|p1a: Gliscor|Protect||[still]\n|-fail|p1a: Gliscor\n|\n|-weather|SunnyDay|[upkeep]\n|-heal|p1a: Gliscor|60\/100 tox|[from] ability: Poison Heal\n|upkeep\n|turn|8\n|\n|t:|1698032514\n|move|p2a: Ogerpon|Swords Dance|p2a: Ogerpon\n|-boost|p2a: Ogerpon|atk|2\n|move|p1a: Gliscor|Knock Off|p2a: Ogerpon\n|-damage|p2a: Ogerpon|74\/100\n|-enditem|p2a: Ogerpon|Lum Berry|[from] move: Knock Off|[of] p1a: Gliscor\n|\n|-weather|SunnyDay|[upkeep]\n|-heal|p1a: Gliscor|73\/100 tox|[from] ability: Poison Heal\n|upkeep\n|turn|9\n|\n|t:|1698032527\n|-terastallize|p2a: Ogerpon|Grass\n|detailschange|p2a: Ogerpon|Ogerpon-Teal-Tera, F, tera:Grass\n|-ability|p2a: Ogerpon|Embody Aspect (Teal)|boost\n|-boost|p2a: Ogerpon|spe|1\n|move|p1a: Gliscor|Protect|p1a: Gliscor\n|-singleturn|p1a: Gliscor|Protect\n|move|p2a: Ogerpon|Swords Dance|p2a: Ogerpon\n|-boost|p2a: Ogerpon|atk|2\n|\n|-weather|SunnyDay|[upkeep]\n|-heal|p1a: Gliscor|85\/100 tox|[from] ability: Poison Heal\n|upkeep\n|turn|10\n|\n|t:|1698032542\n|move|p2a: Ogerpon|Ivy Cudgel|p1a: Gliscor\n|-damage|p1a: Gliscor|0 fnt\n|faint|p1a: Gliscor\n|\n|-weather|none\n|upkeep\n|\n|t:|1698032546\n|switch|p1a: Arceus|Arceus-Poison|100\/100\n|-damage|p1a: Arceus|88\/100|[from] Stealth Rock\n|turn|11\n|\n|t:|1698032554\n|-terastallize|p1a: Arceus|Grass\n|move|p2a: Ogerpon|Stomping Tantrum|p1a: Arceus\n|-resisted|p1a: Arceus\n|-damage|p1a: Arceus|66\/100\n|move|p1a: Arceus|Will-O-Wisp|p2a: Ogerpon\n|-status|p2a: Ogerpon|brn\n|\n|-damage|p2a: Ogerpon|68\/100 brn|[from] brn\n|upkeep\n|turn|12\n|\n|t:|1698032563\n|move|p2a: Ogerpon|Play Rough|p1a: Arceus\n|-damage|p1a: Arceus|39\/100\n|-unboost|p1a: Arceus|atk|1\n|move|p1a: Arceus|Recover|p1a: Arceus\n|-heal|p1a: Arceus|89\/100\n|\n|-damage|p2a: Ogerpon|62\/100 brn|[from] brn\n|upkeep\n|turn|13\n|\n|t:|1698032572\n|move|p2a: Ogerpon|Play Rough|p1a: Arceus\n|-crit|p1a: Arceus\n|-damage|p1a: Arceus|47\/100\n|move|p1a: Arceus|Gunk Shot|p2a: Ogerpon\n|-supereffective|p2a: Ogerpon\n|-damage|p2a: Ogerpon|0 fnt\n|faint|p2a: Ogerpon\n|\n|upkeep\n|\n|t:|1698032578\n|switch|p2a: Torkoal|Torkoal, M|87\/100\n|-weather|SunnyDay|[from] ability: Drought|[of] p2a: Torkoal\n|turn|14\n|\n|t:|1698032582\n|move|p1a: Arceus|Taunt|p2a: Torkoal\n|-start|p2a: Torkoal|move: Taunt\n|cant|p2a: Torkoal|move: Taunt|Yawn\n|\n|-weather|SunnyDay|[upkeep]\n|upkeep\n|turn|15\n|\n|t:|1698032587\n|switch|p1a: Ogerpon|Ogerpon-Wellspring, F|100\/100\n|-damage|p1a: Ogerpon|88\/100|[from] Stealth Rock\n|move|p2a: Torkoal|Lava Plume|p1a: Ogerpon\n|-damage|p1a: Ogerpon|46\/100\n|\n|-weather|SunnyDay|[upkeep]\n|upkeep\n|turn|16\n|\n|t:|1698032595\n|switch|p1a: Heatran|Heatran, M|100\/100\n|-damage|p1a: Heatran|88\/100|[from] Stealth Rock\n|move|p2a: Torkoal|Lava Plume|p1a: Heatran\n|-start|p1a: Heatran|ability: Flash Fire\n|\n|-weather|SunnyDay|[upkeep]\n|-heal|p1a: Heatran|94\/100|[from] item: Leftovers\n|-end|p2a: Torkoal|move: Taunt\n|upkeep\n|turn|17\n|\n|t:|1698032600\n|switch|p2a: Walking Wake|Walking Wake|100\/100\n|-activate|p2a: Walking Wake|ability: Protosynthesis\n|-start|p2a: Walking Wake|protosynthesisspe\n|move|p1a: Heatran|Taunt|p2a: Walking Wake\n|-start|p2a: Walking Wake|move: Taunt\n|\n|-weather|SunnyDay|[upkeep]\n|-heal|p1a: Heatran|100\/100|[from] item: Leftovers\n|upkeep\n|turn|18\n|\n|t:|1698032610\n|move|p1a: Heatran|Protect|p1a: Heatran\n|-singleturn|p1a: Heatran|Protect\n|move|p2a: Walking Wake|Flamethrower|p1a: Heatran\n|-activate|p1a: Heatran|move: Protect\n|\n|-weather|none\n|-end|p2a: Walking Wake|Protosynthesis\n|upkeep\n|turn|19\n|\n|t:|1698032618\n|-end|p2a: Walking Wake|Protosynthesis|[silent]\n|switch|p2a: Torkoal|Torkoal, M|87\/100\n|-weather|SunnyDay|[from] ability: Drought|[of] p2a: Torkoal\n|move|p1a: Heatran|Earth Power|p2a: Torkoal\n|-supereffective|p2a: Torkoal\n|-damage|p2a: Torkoal|16\/100\n|\n|-weather|SunnyDay|[upkeep]\n|upkeep\n|turn|20\n|\n|t:|1698032628\n|move|p1a: Heatran|Taunt|p2a: Torkoal\n|-start|p2a: Torkoal|move: Taunt\n|cant|p2a: Torkoal|move: Taunt|Yawn\n|\n|-weather|SunnyDay|[upkeep]\n|upkeep\n|turn|21\n|\n|t:|1698032636\n|move|p1a: Heatran|Earth Power|p2a: Torkoal\n|-supereffective|p2a: Torkoal\n|-damage|p2a: Torkoal|0 fnt\n|faint|p2a: Torkoal\n|\n|-weather|SunnyDay|[upkeep]\n|upkeep\n|\n|t:|1698032638\n|switch|p2a: Spectrier|Spectrier|100\/100\n|turn|22\n|\n|t:|1698032645\n|move|p2a: Spectrier|Substitute|p2a: Spectrier\n|-start|p2a: Spectrier|Substitute\n|-damage|p2a: Spectrier|76\/100\n|move|p1a: Heatran|Taunt|p2a: Spectrier\n|-start|p2a: Spectrier|move: Taunt\n|\n|-weather|SunnyDay|[upkeep]\n|-heal|p2a: Spectrier|82\/100|[from] item: Leftovers\n|upkeep\n|turn|23\n|\n|t:|1698032651\n|move|p2a: Spectrier|Shadow Ball|p1a: Heatran\n|-damage|p1a: Heatran|75\/100\n|move|p1a: Heatran|Magma Storm|p2a: Spectrier\n|-end|p2a: Spectrier|Substitute\n|\n|-weather|none\n|-heal|p2a: Spectrier|88\/100|[from] item: Leftovers\n|-heal|p1a: Heatran|81\/100|[from] item: Leftovers\n|upkeep\n|turn|24\n|\n|t:|1698032661\n|move|p2a: Spectrier|Shadow Ball|p1a: Heatran\n|-damage|p1a: Heatran|54\/100\n|move|p1a: Heatran|Magma Storm|p2a: Spectrier\n|-damage|p2a: Spectrier|11\/100\n|-activate|p2a: Spectrier|move: Magma Storm|[of] p1a: Heatran\n|\n|-heal|p2a: Spectrier|17\/100|[from] item: Leftovers\n|-heal|p1a: Heatran|61\/100|[from] item: Leftovers\n|-damage|p2a: Spectrier|5\/100|[from] move: Magma Storm|[partiallytrapped]\n|upkeep\n|turn|25\n|\n|t:|1698032670\n|move|p1a: Heatran|Protect|p1a: Heatran\n|-singleturn|p1a: Heatran|Protect\n|move|p2a: Spectrier|Shadow Ball|p1a: Heatran\n|-activate|p1a: Heatran|move: Protect\n|\n|-heal|p2a: Spectrier|11\/100|[from] item: Leftovers\n|-heal|p1a: Heatran|67\/100|[from] item: Leftovers\n|-damage|p2a: Spectrier|0 fnt|[from] move: Magma Storm|[partiallytrapped]\n|faint|p2a: Spectrier\n|upkeep\n|\n|t:|1698032676\n|switch|p2a: Walking Wake|Walking Wake|100\/100\n|turn|26\n|\n|t:|1698032685\n|move|p1a: Heatran|Protect|p1a: Heatran\n|-singleturn|p1a: Heatran|Protect\n|move|p2a: Walking Wake|Hydro Steam|p1a: Heatran\n|-activate|p1a: Heatran|move: Protect\n|\n|-heal|p1a: Heatran|73\/100|[from] item: Leftovers\n|upkeep\n|turn|27\n|\n|t:|1698032695\n|-end|p1a: Heatran|ability: Flash Fire|[silent]\n|switch|p1a: Ogerpon|Ogerpon-Wellspring, F|46\/100\n|-damage|p1a: Ogerpon|34\/100|[from] Stealth Rock\n|move|p2a: Walking Wake|Hydro Steam|p1a: Ogerpon\n|-heal|p1a: Ogerpon|59\/100|[from] ability: Water Absorb|[of] p2a: Walking Wake\n|\n|upkeep\n|turn|28\n|-message|Albaz Brand forfeited.\n|\n|win|1P1o1s1h1e1\n|l|\u2606Albaz Brand\n","uploadtime":1698032712,"views":7,"p1id":"1p1o1s1h1e1","p2id":"albazbrand","formatid":"gen9ubers","rating":0,"private":0,"password":""}