{"id":"gen9ubers-1975199132","p1":"AlicieLizzie","p2":"AnUndeadMyth","format":"[Gen 9] Ubers","log":"|j|\u2606AlicieLizzie\n|j|\u203dAnUndeadMyth\n|t:|1698169590\n|gametype|singles\n|player|p1|AlicieLizzie|marnie-masters3|\n|player|p2|AnUndeadMyth|266|\n|teamsize|p1|6\n|teamsize|p2|6\n|gen|9\n|tier|[Gen 9] Ubers\n|rule|Sleep Clause Mod: Limit one foe put to sleep\n|rule|Species Clause: Limit one of each Pok\u00e9mon\n|rule|OHKO Clause: OHKO moves are banned\n|rule|Evasion Items Clause: Evasion items are banned\n|rule|Evasion Moves Clause: Evasion moves are banned\n|rule|Endless Battle Clause: Forcing endless battles is banned\n|rule|HP Percentage Mod: HP is shown in percentages\n|clearpoke\n|poke|p1|Cyclizar, F|\n|poke|p1|Kommo-o, F|\n|poke|p1|Dondozo, F|\n|poke|p1|Shaymin-Sky|\n|poke|p1|Gholdengo|\n|poke|p1|Zacian-*|\n|poke|p2|Dondozo, M|\n|poke|p2|Slowking-Galar, F|\n|poke|p2|Gliscor, M|\n|poke|p2|Scizor, F|\n|poke|p2|Ogerpon-Cornerstone, F|\n|poke|p2|Zapdos|\n|teampreview\n|inactive|Battle timer is ON: inactive players will automatically lose when time's up. (requested by AlicieLizzie)\n|\n|t:|1698169604\n|start\n|switch|p1a: Cycle Dryer|Cyclizar, F|100\/100\n|switch|p2a: Ogerpon|Ogerpon-Cornerstone, F|100\/100\n|turn|1\n|\n|t:|1698169617\n|move|p1a: Cycle Dryer|Shed Tail|p1a: Cycle Dryer\n|-start|p1a: Cycle Dryer|Substitute|[from] move: Shed Tail\n|-damage|p1a: Cycle Dryer|50\/100\n|\n|t:|1698169623\n|switch|p1a: It's a Shayme|Shaymin-Sky|100\/100|[from] Shed Tail\n|move|p2a: Ogerpon|Spikes|p1a: It's a Shayme\n|-sidestart|p1: AlicieLizzie|Spikes\n|\n|upkeep\n|turn|2\n|\n|t:|1698169629\n|move|p1a: It's a Shayme|Seed Flare|p2a: Ogerpon\n|-damage|p2a: Ogerpon|44\/100\n|-unboost|p2a: Ogerpon|spd|2\n|move|p2a: Ogerpon|Ivy Cudgel|p1a: It's a Shayme\n|-supereffective|p1a: It's a Shayme\n|-end|p1a: It's a Shayme|Substitute\n|\n|upkeep\n|turn|3\n|\n|t:|1698169635\n|move|p1a: It's a Shayme|Air Slash|p2a: Ogerpon\n|-damage|p2a: Ogerpon|0 fnt\n|faint|p2a: Ogerpon\n|\n|upkeep\n|\n|t:|1698169638\n|switch|p2a: Zapdos|Zapdos|100\/100\n|turn|4\n|\n|t:|1698169645\n|move|p1a: It's a Shayme|Substitute|p1a: It's a Shayme\n|-start|p1a: It's a Shayme|Substitute\n|-damage|p1a: It's a Shayme|76\/100\n|move|p2a: Zapdos|Thunder Wave||[still]\n|-fail|p2a: Zapdos\n|\n|upkeep\n|turn|5\n|\n|t:|1698169653\n|move|p1a: It's a Shayme|Air Slash|p2a: Zapdos\n|-resisted|p2a: Zapdos\n|-damage|p2a: Zapdos|87\/100\n|cant|p2a: Zapdos|flinch\n|\n|upkeep\n|turn|6\n|\n|t:|1698169657\n|move|p1a: It's a Shayme|Air Slash|p2a: Zapdos\n|-resisted|p2a: Zapdos\n|-damage|p2a: Zapdos|72\/100\n|cant|p2a: Zapdos|flinch\n|\n|upkeep\n|turn|7\n|\n|t:|1698169659\n|move|p1a: It's a Shayme|Leech Seed|p2a: Zapdos\n|-start|p2a: Zapdos|move: Leech Seed\n|move|p2a: Zapdos|Hurricane|p1a: It's a Shayme\n|-supereffective|p1a: It's a Shayme\n|-end|p1a: It's a Shayme|Substitute\n|\n|-damage|p2a: Zapdos|59\/100|[from] Leech Seed|[of] p1a: It's a Shayme\n|-heal|p1a: It's a Shayme|88\/100|[silent]\n|upkeep\n|turn|8\n|\n|t:|1698169661\n|move|p1a: It's a Shayme|Substitute|p1a: It's a Shayme\n|-start|p1a: It's a Shayme|Substitute\n|-damage|p1a: It's a Shayme|63\/100\n|move|p2a: Zapdos|Hurricane|p1a: It's a Shayme|[miss]\n|-miss|p2a: Zapdos|p1a: It's a Shayme\n|\n|-damage|p2a: Zapdos|47\/100|[from] Leech Seed|[of] p1a: It's a Shayme\n|-heal|p1a: It's a Shayme|75\/100|[silent]\n|upkeep\n|turn|9\n|\n|t:|1698169665\n|switch|p2a: Slowking|Slowking-Galar, F|100\/100\n|move|p1a: It's a Shayme|Air Slash|p2a: Slowking\n|-damage|p2a: Slowking|82\/100\n|\n|-heal|p2a: Slowking|88\/100|[from] item: Leftovers\n|upkeep\n|turn|10\n|\n|t:|1698169669\n|move|p1a: It's a Shayme|Air Slash|p2a: Slowking\n|-damage|p2a: Slowking|70\/100\n|cant|p2a: Slowking|flinch\n|\n|-heal|p2a: Slowking|76\/100|[from] item: Leftovers\n|upkeep\n|turn|11\n|\n|t:|1698169671\n|move|p1a: It's a Shayme|Leech Seed|p2a: Slowking\n|-start|p2a: Slowking|move: Leech Seed\n|move|p2a: Slowking|Psychic|p1a: It's a Shayme\n|-end|p1a: It's a Shayme|Substitute\n|\n|-heal|p2a: Slowking|82\/100|[from] item: Leftovers\n|-damage|p2a: Slowking|70\/100|[from] Leech Seed|[of] p1a: It's a Shayme\n|-heal|p1a: It's a Shayme|87\/100|[silent]\n|upkeep\n|turn|12\n|\n|t:|1698169677\n|switch|p2a: Scizor|Scizor, F|100\/100\n|move|p1a: It's a Shayme|Substitute|p1a: It's a Shayme\n|-start|p1a: It's a Shayme|Substitute\n|-damage|p1a: It's a Shayme|62\/100\n|\n|upkeep\n|turn|13\n|\n|t:|1698169679\n|move|p1a: It's a Shayme|Leech Seed|p2a: Scizor\n|-start|p2a: Scizor|move: Leech Seed\n|move|p2a: Scizor|Defog|p1a: It's a Shayme\n|-sideend|p1: AlicieLizzie|Spikes|[from] move: Defog|[of] p2a: Scizor\n|\n|-damage|p2a: Scizor|88\/100|[from] Leech Seed|[of] p1a: It's a Shayme\n|-heal|p1a: It's a Shayme|71\/100|[silent]\n|upkeep\n|turn|14\n|c|\u2606AlicieLizzie|that\u2019s Shaymin for you\n|-message|AnUndeadMyth forfeited.\n|\n|win|AlicieLizzie\n|l|\u203dAnUndeadMyth\n","uploadtime":1698169704,"views":23,"p1id":"alicielizzie","p2id":"anundeadmyth","formatid":"gen9ubers","rating":0,"private":0,"password":""}