{"id":"gen9ubers-1984274360","p1":"bennymbs","p2":"LadyMaria-Blue","format":"[Gen 9] Ubers","log":"|j|\u2606bennymbs\n|j|\u2606LadyMaria-Blue\n|t:|1699237711\n|gametype|singles\n|player|p1|bennymbs|mina|\n|player|p2|LadyMaria-Blue|cynthia|\n|teamsize|p1|6\n|teamsize|p2|6\n|gen|9\n|tier|[Gen 9] Ubers\n|rule|Sleep Clause Mod: Limit one foe put to sleep\n|rule|Species Clause: Limit one of each Pok\u00e9mon\n|rule|OHKO Clause: OHKO moves are banned\n|rule|Evasion Items Clause: Evasion items are banned\n|rule|Evasion Moves Clause: Evasion moves are banned\n|rule|Endless Battle Clause: Forcing endless battles is banned\n|rule|HP Percentage Mod: HP is shown in percentages\n|clearpoke\n|poke|p1|Torkoal, F|\n|poke|p1|Walking Wake|\n|poke|p1|Chi-Yu|\n|poke|p1|Arceus-Grass|\n|poke|p1|Zacian-*|\n|poke|p1|Magearna-Original|\n|poke|p2|Baxcalibur, F|\n|poke|p2|Milotic, F|\n|poke|p2|Zacian-*|\n|poke|p2|Mandibuzz, F|\n|poke|p2|Arceus-Poison|\n|poke|p2|Magearna|\n|teampreview\n|inactive|Battle timer is ON: inactive players will automatically lose when time's up. (requested by bennymbs)\n|\n|t:|1699237724\n|start\n|switch|p1a: \ud83e\udec0|Torkoal, F|100\/100\n|switch|p2a: Magearna|Magearna|100\/100\n|-weather|SunnyDay|[from] ability: Drought|[of] p1a: \ud83e\udec0\n|turn|1\n|\n|t:|1699237732\n|move|p2a: Magearna|Thunder Wave|p1a: \ud83e\udec0\n|-status|p1a: \ud83e\udec0|par\n|move|p1a: \ud83e\udec0|Will-O-Wisp|p2a: Magearna\n|-status|p2a: Magearna|brn\n|\n|-weather|SunnyDay|[upkeep]\n|-damage|p2a: Magearna|94\/100 brn|[from] brn\n|upkeep\n|turn|2\n|\n|t:|1699237751\n|switch|p1a: Yours Truly|Magearna-Original|100\/100\n|move|p2a: Magearna|Volt Switch|p1a: Yours Truly\n|-damage|p1a: Yours Truly|89\/100\n|\n|t:|1699237760\n|switch|p2a: Arceus|Arceus-Poison|100\/100|[from] Volt Switch\n|\n|-weather|SunnyDay|[upkeep]\n|-heal|p1a: Yours Truly|95\/100|[from] item: Leftovers\n|upkeep\n|turn|3\n|\n|t:|1699237764\n|move|p2a: Arceus|Calm Mind|p2a: Arceus\n|-boost|p2a: Arceus|spa|1\n|-boost|p2a: Arceus|spd|1\n|move|p1a: Yours Truly|Spikes|p2a: Arceus\n|-sidestart|p2: LadyMaria-Blue|Spikes\n|\n|-weather|SunnyDay|[upkeep]\n|-heal|p1a: Yours Truly|100\/100|[from] item: Leftovers\n|upkeep\n|turn|4\n|\n|t:|1699237791\n|move|p2a: Arceus|Earth Power|p1a: Yours Truly\n|-supereffective|p1a: Yours Truly\n|-damage|p1a: Yours Truly|55\/100\n|-unboost|p1a: Yours Truly|spd|1\n|move|p1a: Yours Truly|Thunder Wave|p2a: Arceus\n|-status|p2a: Arceus|par\n|\n|-weather|SunnyDay|[upkeep]\n|-heal|p1a: Yours Truly|61\/100|[from] item: Leftovers\n|upkeep\n|turn|5\n|\n|t:|1699237803\n|switch|p1a: The Green Stuff|Arceus-Grass|100\/100\n|move|p2a: Arceus|Earth Power|p1a: The Green Stuff\n|-resisted|p1a: The Green Stuff\n|-damage|p1a: The Green Stuff|88\/100\n|\n|-weather|SunnyDay|[upkeep]\n|upkeep\n|turn|6\n|\n|t:|1699237817\n|-terastallize|p1a: The Green Stuff|Poison\n|move|p1a: The Green Stuff|Taunt|p2a: Arceus\n|-start|p2a: Arceus|move: Taunt\n|move|p2a: Arceus|Judgment|p1a: The Green Stuff\n|-resisted|p1a: The Green Stuff\n|-damage|p1a: The Green Stuff|64\/100\n|\n|-weather|SunnyDay|[upkeep]\n|upkeep\n|turn|7\n|\n|t:|1699237824\n|move|p1a: The Green Stuff|Calm Mind|p1a: The Green Stuff\n|-boost|p1a: The Green Stuff|spa|1\n|-boost|p1a: The Green Stuff|spd|1\n|cant|p2a: Arceus|par\n|\n|-weather|SunnyDay|[upkeep]\n|upkeep\n|turn|8\n|\n|t:|1699237830\n|move|p1a: The Green Stuff|Calm Mind|p1a: The Green Stuff\n|-boost|p1a: The Green Stuff|spa|1\n|-boost|p1a: The Green Stuff|spd|1\n|move|p2a: Arceus|Judgment|p1a: The Green Stuff\n|-resisted|p1a: The Green Stuff\n|-damage|p1a: The Green Stuff|53\/100\n|\n|-weather|none\n|-end|p2a: Arceus|move: Taunt\n|upkeep\n|turn|9\n|\n|t:|1699237837\n|switch|p2a: Mandibuzz|Mandibuzz, F, shiny|100\/100\n|move|p1a: The Green Stuff|Taunt|p2a: Mandibuzz\n|-start|p2a: Mandibuzz|move: Taunt\n|\n|upkeep\n|turn|10\n|\n|t:|1699237843\n|move|p1a: The Green Stuff|Recover|p1a: The Green Stuff\n|-heal|p1a: The Green Stuff|100\/100\n|move|p2a: Mandibuzz|U-turn|p1a: The Green Stuff\n|-resisted|p1a: The Green Stuff\n|-damage|p1a: The Green Stuff|97\/100\n|\n|t:|1699237845\n|switch|p2a: Milotic|Milotic, F, shiny|100\/100|[from] U-turn\n|-damage|p2a: Milotic|88\/100|[from] Spikes\n|\n|-heal|p2a: Milotic|94\/100|[from] item: Leftovers\n|upkeep\n|turn|11\n|\n|t:|1699237851\n|move|p1a: The Green Stuff|Judgment|p2a: Milotic\n|-supereffective|p2a: Milotic\n|-damage|p2a: Milotic|0 fnt\n|faint|p2a: Milotic\n|\n|upkeep\n|\n|t:|1699237873\n|switch|p2a: Magearna|Magearna|94\/100 brn\n|-damage|p2a: Magearna|82\/100 brn|[from] Spikes\n|turn|12\n|\n|t:|1699237880\n|move|p1a: The Green Stuff|Taunt|p2a: Magearna\n|-start|p2a: Magearna|move: Taunt\n|cant|p2a: Magearna|move: Taunt|Thunder Wave\n|\n|-heal|p2a: Magearna|88\/100 brn|[from] item: Leftovers\n|-damage|p2a: Magearna|82\/100 brn|[from] brn\n|upkeep\n|turn|13\n|\n|t:|1699237898\n|move|p1a: The Green Stuff|Judgment|p2a: Magearna\n|-resisted|p2a: Magearna\n|-damage|p2a: Magearna|54\/100 brn\n|move|p2a: Magearna|Fleur Cannon|p1a: The Green Stuff\n|-resisted|p1a: The Green Stuff\n|-damage|p1a: The Green Stuff|88\/100\n|-unboost|p2a: Magearna|spa|2\n|\n|-heal|p2a: Magearna|60\/100 brn|[from] item: Leftovers\n|-damage|p2a: Magearna|54\/100 brn|[from] brn\n|upkeep\n|turn|14\n|\n|t:|1699237906\n|move|p1a: The Green Stuff|Calm Mind|p1a: The Green Stuff\n|-boost|p1a: The Green Stuff|spa|1\n|-boost|p1a: The Green Stuff|spd|1\n|move|p2a: Magearna|Volt Switch|p1a: The Green Stuff\n|-damage|p1a: The Green Stuff|85\/100\n|\n|t:|1699237930\n|switch|p2a: Zacian|Zacian|100\/100|[from] Volt Switch\n|-damage|p2a: Zacian|88\/100|[from] Spikes\n|-ability|p2a: Zacian|Intrepid Sword|boost\n|-boost|p2a: Zacian|atk|1\n|\n|upkeep\n|turn|15\n|\n|t:|1699237939\n|move|p2a: Zacian|Psychic Fangs|p1a: The Green Stuff\n|-supereffective|p1a: The Green Stuff\n|-damage|p1a: The Green Stuff|0 fnt\n|faint|p1a: The Green Stuff\n|\n|upkeep\n|\n|t:|1699237944\n|switch|p1a: \ud83e\udec0|Torkoal, F|100\/100 par\n|-weather|SunnyDay|[from] ability: Drought|[of] p1a: \ud83e\udec0\n|turn|16\n|\n|t:|1699237950\n|switch|p2a: Arceus|Arceus-Poison|100\/100 par\n|-damage|p2a: Arceus|88\/100 par|[from] Spikes\n|move|p1a: \ud83e\udec0|Will-O-Wisp||[still]\n|-fail|p1a: \ud83e\udec0\n|\n|-weather|SunnyDay|[upkeep]\n|upkeep\n|turn|17\n|inactive|bennymbs has 270 seconds left.\n|\n|t:|1699237992\n|switch|p1a: Hydrogen Baby|Chi-Yu|100\/100\n|-ability|p1a: Hydrogen Baby|Beads of Ruin\n|cant|p2a: Arceus|par\n|\n|-weather|SunnyDay|[upkeep]\n|upkeep\n|turn|18\n|\n|t:|1699238006\n|move|p1a: Hydrogen Baby|Flamethrower|p2a: Arceus\n|-damage|p2a: Arceus|16\/100 par\n|move|p2a: Arceus|Earth Power|p1a: Hydrogen Baby\n|-supereffective|p1a: Hydrogen Baby\n|-damage|p1a: Hydrogen Baby|48\/100\n|\n|-weather|SunnyDay|[upkeep]\n|upkeep\n|turn|19\n|\n|t:|1699238036\n|move|p1a: Hydrogen Baby|Flamethrower|p2a: Arceus\n|-damage|p2a: Arceus|0 fnt\n|faint|p2a: Arceus\n|\n|-weather|SunnyDay|[upkeep]\n|upkeep\n|\n|t:|1699238037\n|switch|p2a: Baxcalibur|Baxcalibur, F|100\/100\n|turn|20\n|inactive|bennymbs has 270 seconds left.\n|\n|t:|1699238056\n|switch|p1a: Suikino|Walking Wake|100\/100\n|-activate|p1a: Suikino|ability: Protosynthesis\n|-start|p1a: Suikino|protosynthesisspe\n|move|p2a: Baxcalibur|Dragon Dance|p2a: Baxcalibur\n|-boost|p2a: Baxcalibur|atk|1\n|-boost|p2a: Baxcalibur|spe|1\n|\n|-weather|SunnyDay|[upkeep]\n|upkeep\n|turn|21\n|\n|t:|1699238065\n|-terastallize|p2a: Baxcalibur|Ice\n|move|p1a: Suikino|Dragon Pulse|p2a: Baxcalibur\n|-damage|p2a: Baxcalibur|31\/100\n|move|p2a: Baxcalibur|Dragon Dance|p2a: Baxcalibur\n|-boost|p2a: Baxcalibur|atk|1\n|-boost|p2a: Baxcalibur|spe|1\n|\n|-weather|SunnyDay|[upkeep]\n|upkeep\n|turn|22\n|\n|t:|1699238074\n|move|p2a: Baxcalibur|Glaive Rush|p1a: Suikino\n|-supereffective|p1a: Suikino\n|-damage|p1a: Suikino|0 fnt\n|-singlemove|p2a: Baxcalibur|Glaive Rush|[silent]\n|faint|p1a: Suikino\n|-end|p1a: Suikino|Protosynthesis|[silent]\n|\n|-weather|SunnyDay|[upkeep]\n|upkeep\n|inactive|bennymbs has 270 seconds left.\n|\n|t:|1699238108\n|switch|p1a: Yours Truly|Magearna-Original|61\/100\n|turn|23\n|\n|t:|1699238130\n|move|p2a: Baxcalibur|Earthquake|p1a: Yours Truly\n|-supereffective|p1a: Yours Truly\n|-damage|p1a: Yours Truly|0 fnt\n|faint|p1a: Yours Truly\n|\n|-weather|none\n|upkeep\n|inactive|bennymbs has 270 seconds left.\n|\n|t:|1699238146\n|switch|p1a: Ike Dog|Zacian|100\/100\n|-ability|p1a: Ike Dog|Intrepid Sword|boost\n|-boost|p1a: Ike Dog|atk|1\n|turn|24\n|\n|t:|1699238156\n|move|p2a: Baxcalibur|Earthquake|p1a: Ike Dog\n|-damage|p1a: Ike Dog|33\/100\n|move|p1a: Ike Dog|Close Combat|p2a: Baxcalibur\n|-supereffective|p2a: Baxcalibur\n|-damage|p2a: Baxcalibur|0 fnt\n|-unboost|p1a: Ike Dog|def|1\n|-unboost|p1a: Ike Dog|spd|1\n|faint|p2a: Baxcalibur\n|\n|upkeep\n|\n|t:|1699238167\n|switch|p2a: Magearna|Magearna|54\/100 brn\n|-damage|p2a: Magearna|42\/100 brn|[from] Spikes\n|turn|25\n|\n|t:|1699238173\n|move|p1a: Ike Dog|Close Combat|p2a: Magearna\n|-damage|p2a: Magearna|0 fnt\n|-unboost|p1a: Ike Dog|def|1\n|-unboost|p1a: Ike Dog|spd|1\n|faint|p2a: Magearna\n|\n|upkeep\n|\n|t:|1699238174\n|switch|p2a: Zacian|Zacian|88\/100\n|-damage|p2a: Zacian|76\/100|[from] Spikes\n|turn|26\n|\n|t:|1699238178\n|move|p1a: Ike Dog|Play Rough|p2a: Zacian|[miss]\n|-miss|p1a: Ike Dog|p2a: Zacian\n|move|p2a: Zacian|Play Rough|p1a: Ike Dog\n|-damage|p1a: Ike Dog|0 fnt\n|faint|p1a: Ike Dog\n|\n|upkeep\n|\n|t:|1699238181\n|switch|p1a: \ud83e\udec0|Torkoal, F|100\/100 par\n|-weather|SunnyDay|[from] ability: Drought|[of] p1a: \ud83e\udec0\n|turn|27\n|\n|t:|1699238186\n|move|p2a: Zacian|Play Rough|p1a: \ud83e\udec0\n|-resisted|p1a: \ud83e\udec0\n|-damage|p1a: \ud83e\udec0|83\/100 par\n|move|p1a: \ud83e\udec0|Will-O-Wisp|p2a: Zacian\n|-status|p2a: Zacian|brn\n|\n|-weather|SunnyDay|[upkeep]\n|-damage|p2a: Zacian|70\/100 brn|[from] brn\n|upkeep\n|turn|28\n|\n|t:|1699238194\n|move|p2a: Zacian|Play Rough|p1a: \ud83e\udec0\n|-resisted|p1a: \ud83e\udec0\n|-damage|p1a: \ud83e\udec0|73\/100 par\n|move|p1a: \ud83e\udec0|Stealth Rock|p2a: Zacian\n|-sidestart|p2: LadyMaria-Blue|move: Stealth Rock\n|\n|-weather|SunnyDay|[upkeep]\n|-damage|p2a: Zacian|64\/100 brn|[from] brn\n|upkeep\n|turn|29\n|\n|t:|1699238200\n|move|p2a: Zacian|Play Rough|p1a: \ud83e\udec0\n|-resisted|p1a: \ud83e\udec0\n|-damage|p1a: \ud83e\udec0|64\/100 par\n|move|p1a: \ud83e\udec0|Lava Plume|p2a: Zacian\n|-damage|p2a: Zacian|28\/100 brn\n|\n|-weather|SunnyDay|[upkeep]\n|-damage|p2a: Zacian|21\/100 brn|[from] brn\n|upkeep\n|turn|30\n|\n|t:|1699238203\n|switch|p2a: Mandibuzz|Mandibuzz, F, shiny|100\/100\n|move|p1a: \ud83e\udec0|Lava Plume|p2a: Mandibuzz\n|-damage|p2a: Mandibuzz|73\/100\n|\n|-weather|SunnyDay|[upkeep]\n|upkeep\n|turn|31\n|\n|t:|1699238206\n|move|p2a: Mandibuzz|Foul Play|p1a: \ud83e\udec0\n|-damage|p1a: \ud83e\udec0|48\/100 par\n|move|p1a: \ud83e\udec0|Will-O-Wisp|p2a: Mandibuzz\n|-status|p2a: Mandibuzz|brn\n|\n|-weather|SunnyDay|[upkeep]\n|-damage|p2a: Mandibuzz|67\/100 brn|[from] brn\n|upkeep\n|turn|32\n|\n|t:|1699238210\n|move|p2a: Mandibuzz|Defog|p1a: \ud83e\udec0\n|-unboost|p1a: \ud83e\udec0|evasion|1\n|-sideend|p2: LadyMaria-Blue|Spikes|[from] move: Defog|[of] p2a: Mandibuzz\n|-sideend|p2: LadyMaria-Blue|Stealth Rock|[from] move: Defog|[of] p2a: Mandibuzz\n|cant|p1a: \ud83e\udec0|par\n|\n|-weather|SunnyDay|[upkeep]\n|-damage|p2a: Mandibuzz|61\/100 brn|[from] brn\n|upkeep\n|turn|33\n|\n|t:|1699238219\n|move|p2a: Mandibuzz|Roost|p2a: Mandibuzz\n|-heal|p2a: Mandibuzz|100\/100 brn\n|-singleturn|p2a: Mandibuzz|move: Roost\n|move|p1a: \ud83e\udec0|Lava Plume|p2a: Mandibuzz\n|-damage|p2a: Mandibuzz|72\/100 brn\n|\n|-weather|SunnyDay|[upkeep]\n|-damage|p2a: Mandibuzz|66\/100 brn|[from] brn\n|upkeep\n|turn|34\n|\n|t:|1699238225\n|move|p2a: Mandibuzz|Foul Play|p1a: \ud83e\udec0\n|-damage|p1a: \ud83e\udec0|41\/100 par\n|move|p1a: \ud83e\udec0|Lava Plume|p2a: Mandibuzz\n|-damage|p2a: Mandibuzz|37\/100 brn\n|\n|-weather|none\n|-damage|p2a: Mandibuzz|31\/100 brn|[from] brn\n|upkeep\n|turn|35\n|\n|t:|1699238228\n|switch|p1a: Hydrogen Baby|Chi-Yu|48\/100\n|-ability|p1a: Hydrogen Baby|Beads of Ruin\n|move|p2a: Mandibuzz|Roost|p2a: Mandibuzz\n|-heal|p2a: Mandibuzz|81\/100 brn\n|-singleturn|p2a: Mandibuzz|move: Roost\n|\n|-damage|p2a: Mandibuzz|75\/100 brn|[from] brn\n|upkeep\n|turn|36\n|\n|t:|1699238232\n|move|p1a: Hydrogen Baby|Overheat|p2a: Mandibuzz\n|-damage|p2a: Mandibuzz|0 fnt\n|-unboost|p1a: Hydrogen Baby|spa|2\n|faint|p2a: Mandibuzz\n|\n|upkeep\n|\n|t:|1699238234\n|switch|p2a: Zacian|Zacian|21\/100 brn\n|turn|37\n|\n|t:|1699238243\n|switch|p1a: \ud83e\udec0|Torkoal, F|41\/100 par\n|-weather|SunnyDay|[from] ability: Drought|[of] p1a: \ud83e\udec0\n|move|p2a: Zacian|Close Combat|p1a: \ud83e\udec0\n|-damage|p1a: \ud83e\udec0|23\/100 par\n|-unboost|p2a: Zacian|def|1\n|-unboost|p2a: Zacian|spd|1\n|\n|-weather|SunnyDay|[upkeep]\n|-damage|p2a: Zacian|15\/100 brn|[from] brn\n|upkeep\n|turn|38\n|\n|t:|1699238248\n|move|p2a: Zacian|Close Combat|p1a: \ud83e\udec0\n|-damage|p1a: \ud83e\udec0|7\/100 par\n|-unboost|p2a: Zacian|def|1\n|-unboost|p2a: Zacian|spd|1\n|move|p1a: \ud83e\udec0|Rapid Spin|p2a: Zacian\n|-damage|p2a: Zacian|0 fnt\n|-boost|p1a: \ud83e\udec0|spe|1\n|faint|p2a: Zacian\n|\n|win|bennymbs\n|c|\u2606LadyMaria-Blue|ggs\n|c|\u2606bennymbs|Ggs\n|c|\u2606bennymbs|You should've brought in the Zacian earlier\n|c|\u2606bennymbs|Losing the Milo was a major problem\n|c|\u2606LadyMaria-Blue|yea\n|l|\u2606bennymbs\n|j|\u2606bennymbs\n|player|p1|bennymbs|mina\n","uploadtime":1699238255,"views":9,"p1id":"bennymbs","p2id":"ladymariablue","formatid":"gen9ubers","rating":0,"private":0,"password":""}