{"id":"gen9ubers-1976412827","p1":"NihilisticWish","p2":"TRaSHiNSeCT","format":"[Gen 9] Ubers","log":"|j|\u2606NihilisticWish\n|j|\u2606TRaSHiNSeCT\n|t:|1698298953\n|gametype|singles\n|player|p1|NihilisticWish|102|\n|player|p2|TRaSHiNSeCT|workerice|\n|teamsize|p1|6\n|teamsize|p2|6\n|gen|9\n|tier|[Gen 9] Ubers\n|rule|Sleep Clause Mod: Limit one foe put to sleep\n|rule|Species Clause: Limit one of each Pok\u00e9mon\n|rule|OHKO Clause: OHKO moves are banned\n|rule|Evasion Items Clause: Evasion items are banned\n|rule|Evasion Moves Clause: Evasion moves are banned\n|rule|Endless Battle Clause: Forcing endless battles is banned\n|rule|HP Percentage Mod: HP is shown in percentages\n|clearpoke\n|poke|p1|Slowking-Galar, F|\n|poke|p1|Slowbro, M|\n|poke|p1|Magnezone|\n|poke|p1|Kingambit, M|\n|poke|p1|Palafin, F|\n|poke|p1|Phione|\n|poke|p2|Basculegion, M|\n|poke|p2|Slowking-Galar, F|\n|poke|p2|Weezing-Galar, F|\n|poke|p2|Medicham, M|\n|poke|p2|Wo-Chien|\n|poke|p2|Eelektross, M|\n|teampreview\n|inactive|Battle timer is ON: inactive players will automatically lose when time's up. (requested by NihilisticWish)\n|\n|t:|1698298970\n|start\n|switch|p1a: Magnezone|Magnezone|100\/100\n|switch|p2a: Eelektross|Eelektross, M, shiny|100\/100\n|turn|1\n|\n|t:|1698298981\n|move|p1a: Magnezone|Light Screen|p1a: Magnezone\n|-sidestart|p1: NihilisticWish|move: Light Screen\n|move|p2a: Eelektross|Volt Switch|p1a: Magnezone\n|-resisted|p1a: Magnezone\n|-crit|p1a: Magnezone\n|-damage|p1a: Magnezone|78\/100\n|\n|t:|1698298990\n|switch|p2a: Weezing|Weezing-Galar, F|100\/100|[from] Volt Switch\n|\n|upkeep\n|turn|2\n|\n|t:|1698298996\n|move|p2a: Weezing|Defog|p1a: Magnezone\n|-unboost|p1a: Magnezone|evasion|1\n|-sideend|p1: NihilisticWish|move: Light Screen\n|move|p1a: Magnezone|Reflect|p1a: Magnezone\n|-sidestart|p1: NihilisticWish|Reflect\n|\n|upkeep\n|turn|3\n|\n|t:|1698299001\n|move|p2a: Weezing|Defog|p1a: Magnezone\n|-unboost|p1a: Magnezone|evasion|1\n|-sideend|p1: NihilisticWish|Reflect\n|move|p1a: Magnezone|Gyro Ball|p2a: Weezing\n|-supereffective|p2a: Weezing\n|-damage|p2a: Weezing|83\/100\n|\n|-heal|p2a: Weezing|89\/100|[from] item: Leftovers\n|upkeep\n|turn|4\n|\n|t:|1698299013\n|move|p2a: Weezing|Strange Steam|p1a: Magnezone\n|-resisted|p1a: Magnezone\n|-damage|p1a: Magnezone|63\/100\n|move|p1a: Magnezone|Explosion|p2a: Weezing\n|-damage|p2a: Weezing|45\/100\n|faint|p1a: Magnezone\n|\n|-heal|p2a: Weezing|51\/100|[from] item: Leftovers\n|upkeep\n|\n|t:|1698299028\n|switch|p1a: Funbro|Kingambit, M|100\/100\n|-ability|p1a: Funbro|Pressure\n|turn|5\n|\n|t:|1698299035\n|switch|p2a: Wo-Chien|Wo-Chien|100\/100\n|-ability|p2a: Wo-Chien|Tablets of Ruin\n|move|p1a: Funbro|Substitute|p1a: Funbro\n|-start|p1a: Funbro|Substitute\n|-damage|p1a: Funbro|75\/100\n|\n|upkeep\n|turn|6\n|\n|t:|1698299041\n|move|p2a: Wo-Chien|Knock Off|p1a: Funbro\n|-resisted|p1a: Funbro\n|-activate|p1a: Funbro|move: Substitute|[damage]\n|move|p1a: Funbro|Dark Pulse|p2a: Wo-Chien\n|-resisted|p2a: Wo-Chien\n|-damage|p2a: Wo-Chien|94\/100\n|\n|-heal|p2a: Wo-Chien|99\/100|[from] item: Leftovers\n|upkeep\n|turn|7\n|\n|t:|1698299053\n|move|p2a: Wo-Chien|Knock Off|p1a: Funbro\n|-resisted|p1a: Funbro\n|-crit|p1a: Funbro\n|-activate|p1a: Funbro|move: Substitute|[damage]\n|move|p1a: Funbro|Dark Pulse|p2a: Wo-Chien\n|-resisted|p2a: Wo-Chien\n|-damage|p2a: Wo-Chien|94\/100\n|\n|-heal|p2a: Wo-Chien|99\/100|[from] item: Leftovers\n|upkeep\n|turn|8\n|\n|t:|1698299062\n|move|p2a: Wo-Chien|Knock Off|p1a: Funbro\n|-resisted|p1a: Funbro\n|-end|p1a: Funbro|Substitute\n|move|p1a: Funbro|Dark Pulse|p2a: Wo-Chien\n|-resisted|p2a: Wo-Chien\n|-damage|p2a: Wo-Chien|93\/100\n|\n|-heal|p2a: Wo-Chien|99\/100|[from] item: Leftovers\n|upkeep\n|turn|9\n|\n|t:|1698299070\n|move|p2a: Wo-Chien|Knock Off|p1a: Funbro\n|-resisted|p1a: Funbro\n|-damage|p1a: Funbro|68\/100\n|-enditem|p1a: Funbro|Chesto Berry|[from] move: Knock Off|[of] p2a: Wo-Chien\n|move|p1a: Funbro|Substitute|p1a: Funbro\n|-start|p1a: Funbro|Substitute\n|-damage|p1a: Funbro|43\/100\n|\n|-heal|p2a: Wo-Chien|100\/100|[from] item: Leftovers\n|upkeep\n|turn|10\n|\n|t:|1698299082\n|switch|p2a: Eelektross|Eelektross, M, shiny|100\/100\n|move|p1a: Funbro|Rest|p1a: Funbro\n|-status|p1a: Funbro|slp|[from] move: Rest\n|-heal|p1a: Funbro|100\/100 slp|[silent]\n|\n|upkeep\n|turn|11\n|\n|t:|1698299089\n|cant|p1a: Funbro|slp\n|move|p2a: Eelektross|Thunderbolt|p1a: Funbro\n|-end|p1a: Funbro|Substitute\n|\n|upkeep\n|turn|12\n|\n|t:|1698299098\n|switch|p1a: Slowking|Slowking-Galar, F|100\/100\n|move|p2a: Eelektross|Volt Switch|p1a: Slowking\n|-damage|p1a: Slowking|83\/100\n|\n|t:|1698299106\n|switch|p2a: Basculegion|Basculegion, M|100\/100|[from] Volt Switch\n|\n|-heal|p1a: Slowking|90\/100|[from] item: Leftovers\n|upkeep\n|turn|13\n|\n|t:|1698299112\n|move|p2a: Basculegion|Shadow Ball|p1a: Slowking\n|-supereffective|p1a: Slowking\n|-damage|p1a: Slowking|6\/100\n|move|p1a: Slowking|Foul Play|p2a: Basculegion\n|-supereffective|p2a: Basculegion\n|-crit|p2a: Basculegion\n|-damage|p2a: Basculegion|28\/100\n|\n|-heal|p1a: Slowking|12\/100|[from] item: Leftovers\n|upkeep\n|turn|14\n|\n|t:|1698299120\n|switch|p1a: Funbro|Kingambit, M|100\/100 slp\n|-ability|p1a: Funbro|Pressure\n|move|p2a: Basculegion|Shadow Ball|p1a: Funbro\n|-resisted|p1a: Funbro\n|-damage|p1a: Funbro|70\/100 slp\n|-unboost|p1a: Funbro|spd|1\n|\n|upkeep\n|turn|15\n|\n|t:|1698299129\n|switch|p2a: Eelektross|Eelektross, M, shiny|100\/100\n|cant|p1a: Funbro|slp\n|\n|upkeep\n|turn|16\n|\n|t:|1698299136\n|-curestatus|p1a: Funbro|slp|[msg]\n|move|p1a: Funbro|Protect|p1a: Funbro\n|-singleturn|p1a: Funbro|Protect\n|move|p2a: Eelektross|Thunderbolt|p1a: Funbro\n|-activate|p1a: Funbro|move: Protect\n|\n|upkeep\n|turn|17\n|\n|t:|1698299143\n|move|p1a: Funbro|Rest|p1a: Funbro\n|-status|p1a: Funbro|slp|[from] move: Rest\n|-heal|p1a: Funbro|100\/100 slp|[silent]\n|move|p2a: Eelektross|Thunderbolt|p1a: Funbro\n|-damage|p1a: Funbro|54\/100 slp\n|\n|upkeep\n|turn|18\n|\n|t:|1698299159\n|switch|p1a: Slowking|Slowking-Galar, F|46\/100\n|move|p2a: Eelektross|Thunderbolt|p1a: Slowking\n|-damage|p1a: Slowking|27\/100\n|\n|-heal|p1a: Slowking|33\/100|[from] item: Leftovers\n|upkeep\n|turn|19\n|\n|t:|1698299168\n|switch|p2a: Slowking|Slowking-Galar, F|100\/100\n|move|p1a: Slowking|Slack Off|p1a: Slowking\n|-heal|p1a: Slowking|83\/100\n|\n|-heal|p1a: Slowking|89\/100|[from] item: Leftovers\n|upkeep\n|turn|20\n|\n|t:|1698299175\n|move|p2a: Slowking|Chilly Reception|p2a: Slowking\n|-weather|Snow\n|\n|t:|1698299180\n|switch|p2a: Medicham|Medicham, M|100\/100|[from] Chilly Reception\n|move|p1a: Slowking|Thunder Wave|p2a: Medicham\n|-status|p2a: Medicham|par\n|\n|-weather|Snow|[upkeep]\n|-heal|p1a: Slowking|95\/100|[from] item: Leftovers\n|upkeep\n|turn|21\n|\n|t:|1698299189\n|move|p2a: Medicham|Close Combat|p1a: Slowking\n|-resisted|p1a: Slowking\n|-damage|p1a: Slowking|77\/100\n|-unboost|p2a: Medicham|def|1\n|-unboost|p2a: Medicham|spd|1\n|move|p1a: Slowking|Foul Play|p2a: Medicham\n|-damage|p2a: Medicham|54\/100 par\n|\n|-weather|Snow|[upkeep]\n|-heal|p1a: Slowking|83\/100|[from] item: Leftovers\n|upkeep\n|turn|22\n|\n|t:|1698299203\n|switch|p2a: Wo-Chien|Wo-Chien|100\/100\n|-ability|p2a: Wo-Chien|Tablets of Ruin\n|move|p1a: Slowking|Foul Play|p2a: Wo-Chien\n|-resisted|p2a: Wo-Chien\n|-damage|p2a: Wo-Chien|96\/100\n|\n|-weather|Snow|[upkeep]\n|-heal|p2a: Wo-Chien|100\/100|[from] item: Leftovers\n|-heal|p1a: Slowking|89\/100|[from] item: Leftovers\n|upkeep\n|turn|23\n|\n|t:|1698299213\n|move|p2a: Wo-Chien|Leech Seed|p1a: Slowking\n|-start|p1a: Slowking|move: Leech Seed\n|move|p1a: Slowking|Thunder Wave|p2a: Wo-Chien\n|-status|p2a: Wo-Chien|par\n|\n|-weather|Snow|[upkeep]\n|-heal|p1a: Slowking|95\/100|[from] item: Leftovers\n|-damage|p1a: Slowking|82\/100|[from] Leech Seed|[of] p2a: Wo-Chien\n|upkeep\n|turn|24\n|\n|t:|1698299221\n|switch|p1a: Palafin|Palafin, F|100\/100\n|move|p2a: Wo-Chien|Knock Off|p1a: Palafin\n|-damage|p1a: Palafin|65\/100\n|-enditem|p1a: Palafin|Leftovers|[from] move: Knock Off|[of] p2a: Wo-Chien\n|\n|-weather|none\n|upkeep\n|turn|25\n|\n|t:|1698299230\n|move|p1a: Palafin|Taunt|p2a: Wo-Chien\n|-start|p2a: Wo-Chien|move: Taunt\n|cant|p2a: Wo-Chien|par\n|\n|upkeep\n|turn|26\n|\n|t:|1698299235\n|detailschange|p1a: Palafin|Palafin-Hero, F\n|switch|p1a: Funbro|Kingambit, M|54\/100 slp\n|-ability|p1a: Funbro|Pressure\n|move|p2a: Wo-Chien|Seed Bomb|p1a: Funbro\n|-resisted|p1a: Funbro\n|-damage|p1a: Funbro|48\/100 slp\n|\n|upkeep\n|turn|27\n|\n|t:|1698299244\n|switch|p2a: Eelektross|Eelektross, M, shiny|100\/100\n|cant|p1a: Funbro|slp\n|\n|upkeep\n|turn|28\n|\n|t:|1698299250\n|switch|p1a: Slowking|Slowking-Galar, F|100\/100\n|move|p2a: Eelektross|Thunderbolt|p1a: Slowking\n|-damage|p1a: Slowking|81\/100\n|\n|-heal|p1a: Slowking|87\/100|[from] item: Leftovers\n|upkeep\n|turn|29\n|\n|t:|1698299257\n|move|p2a: Eelektross|Acid Spray|p1a: Slowking\n|-resisted|p1a: Slowking\n|-damage|p1a: Slowking|85\/100\n|-unboost|p1a: Slowking|spd|2\n|move|p1a: Slowking|Chilly Reception|p1a: Slowking\n|-weather|Snow\n|\n|t:|1698299264\n|switch|p1a: Palafin|Palafin-Hero, F|65\/100|[from] Chilly Reception\n|-activate|p1a: Palafin|ability: Zero to Hero\n|\n|-weather|Snow|[upkeep]\n|upkeep\n|turn|30\n|\n|t:|1698299269\n|move|p1a: Palafin|Boomburst|p2a: Eelektross\n|-damage|p2a: Eelektross|79\/100\n|move|p2a: Eelektross|Thunderbolt|p1a: Palafin\n|-supereffective|p1a: Palafin\n|-damage|p1a: Palafin|0 fnt\n|faint|p1a: Palafin\n|\n|-weather|Snow|[upkeep]\n|upkeep\n|\n|t:|1698299273\n|switch|p1a: Slowking|Slowking-Galar, F|100\/100\n|turn|31\n|\n|t:|1698299283\n|move|p2a: Eelektross|Acid Spray|p1a: Slowking\n|-resisted|p1a: Slowking\n|-damage|p1a: Slowking|98\/100\n|-unboost|p1a: Slowking|spd|2\n|move|p1a: Slowking|Foul Play|p2a: Eelektross\n|-damage|p2a: Eelektross|58\/100\n|\n|-weather|Snow|[upkeep]\n|-heal|p1a: Slowking|100\/100|[from] item: Leftovers\n|upkeep\n|turn|32\n|\n|t:|1698299291\n|switch|p1a: Funbro|Kingambit, M|48\/100 slp\n|-ability|p1a: Funbro|Pressure\n|move|p2a: Eelektross|Thunderbolt|p1a: Funbro\n|-damage|p1a: Funbro|14\/100 slp\n|\n|-weather|Snow|[upkeep]\n|upkeep\n|turn|33\n|\n|t:|1698299298\n|cant|p1a: Funbro|slp\n|move|p2a: Eelektross|Thunderbolt|p1a: Funbro\n|-damage|p1a: Funbro|0 fnt\n|faint|p1a: Funbro\n|\n|-weather|none\n|upkeep\n|\n|t:|1698299298\n|switch|p1a: Not funbro|Slowbro, M|100\/100\n|turn|34\n|\n|t:|1698299307\n|move|p2a: Eelektross|Giga Drain|p1a: Not funbro\n|-supereffective|p1a: Not funbro\n|-damage|p1a: Not funbro|61\/100\n|-heal|p2a: Eelektross|79\/100|[from] drain|[of] p1a: Not funbro\n|move|p1a: Not funbro|Belly Drum|p1a: Not funbro\n|-damage|p1a: Not funbro|11\/100\n|-setboost|p1a: Not funbro|atk|6|[from] move: Belly Drum\n|-enditem|p1a: Not funbro|Sitrus Berry|[eat]\n|-heal|p1a: Not funbro|36\/100|[from] item: Sitrus Berry\n|\n|upkeep\n|turn|35\n|\n|t:|1698299316\n|move|p2a: Eelektross|Thunderbolt|p1a: Not funbro\n|-supereffective|p1a: Not funbro\n|-damage|p1a: Not funbro|0 fnt\n|faint|p1a: Not funbro\n|\n|upkeep\n|c|\u2606NihilisticWish|i forgot to set my tera type\n|\n|t:|1698299331\n|switch|p1a: Slowking|Slowking-Galar, F|100\/100\n|turn|36\n|\n|t:|1698299334\n|move|p2a: Eelektross|Acid Spray|p1a: Slowking\n|-resisted|p1a: Slowking\n|-damage|p1a: Slowking|98\/100\n|-unboost|p1a: Slowking|spd|2\n|move|p1a: Slowking|Chilly Reception|p1a: Slowking\n|-weather|Snow\n|\n|t:|1698299336\n|switch|p1a: Phione|Phione|100\/100|[from] Chilly Reception\n|\n|-weather|Snow|[upkeep]\n|upkeep\n|turn|37\n|\n|t:|1698299343\n|move|p1a: Phione|Substitute|p1a: Phione\n|-start|p1a: Phione|Substitute\n|-damage|p1a: Phione|76\/100\n|move|p2a: Eelektross|Thunderbolt|p1a: Phione\n|-supereffective|p1a: Phione\n|-end|p1a: Phione|Substitute\n|\n|-weather|Snow|[upkeep]\n|-heal|p1a: Phione|82\/100|[from] item: Leftovers\n|upkeep\n|turn|38\n|\n|t:|1698299350\n|move|p1a: Phione|Ice Beam|p2a: Eelektross\n|-damage|p2a: Eelektross|67\/100\n|move|p2a: Eelektross|Thunderbolt|p1a: Phione\n|-supereffective|p1a: Phione\n|-damage|p1a: Phione|0 fnt\n|faint|p1a: Phione\n|\n|-weather|Snow|[upkeep]\n|upkeep\n|\n|t:|1698299352\n|switch|p1a: Slowking|Slowking-Galar, F|100\/100\n|turn|39\n|-message|NihilisticWish forfeited.\n|\n|win|TRaSHiNSeCT\n|l|\u2606NihilisticWish\n|c|\u2606TRaSHiNSeCT|gg wp\n","uploadtime":1698299366,"views":24,"p1id":"nihilisticwish","p2id":"trashinsect","formatid":"gen9ubers","rating":0,"private":0,"password":""}