{"id":"gen9ubers-1972231592","p1":"brendog66","p2":"RubenPaCe","format":"[Gen 9] Ubers","log":"|j|\u2606brendog66\n|j|\u2606RubenPaCe\n|t:|1697823509\n|gametype|singles\n|player|p1|brendog66|169|\n|player|p2|RubenPaCe|camper|\n|teamsize|p1|6\n|teamsize|p2|6\n|gen|9\n|tier|[Gen 9] Ubers\n|rule|Sleep Clause Mod: Limit one foe put to sleep\n|rule|Species Clause: Limit one of each Pok\u00e9mon\n|rule|OHKO Clause: OHKO moves are banned\n|rule|Evasion Items Clause: Evasion items are banned\n|rule|Evasion Moves Clause: Evasion moves are banned\n|rule|Endless Battle Clause: Forcing endless battles is banned\n|rule|HP Percentage Mod: HP is shown in percentages\n|clearpoke\n|poke|p1|Cyclizar, M|\n|poke|p1|Chi-Yu|\n|poke|p1|Magearna|\n|poke|p1|Zacian-*|\n|poke|p1|Palkia-Origin|\n|poke|p1|Ursaluna-Bloodmoon, M|\n|poke|p2|Sandy Shocks|\n|poke|p2|Palkia-Origin|\n|poke|p2|Palafin, M|\n|poke|p2|Arceus-Fire|\n|poke|p2|Gholdengo|\n|poke|p2|Zacian-*|\n|teampreview\n|inactive|Battle timer is ON: inactive players will automatically lose when time's up. (requested by brendog66)\n|\n|t:|1697823520\n|start\n|switch|p1a: Cyclizar|Cyclizar, M|100\/100\n|switch|p2a: Sandy Shocks|Sandy Shocks|100\/100\n|turn|1\n|\n|t:|1697823525\n|move|p1a: Cyclizar|Shed Tail|p1a: Cyclizar\n|-start|p1a: Cyclizar|Substitute|[from] move: Shed Tail\n|-damage|p1a: Cyclizar|50\/100\n|\n|t:|1697823540\n|switch|p1a: Ursaluna|Ursaluna-Bloodmoon, M|100\/100|[from] Shed Tail\n|move|p2a: Sandy Shocks|Earth Power|p1a: Ursaluna\n|-end|p1a: Ursaluna|Substitute\n|\n|upkeep\n|turn|2\n|\n|t:|1697823544\n|move|p2a: Sandy Shocks|Earth Power|p1a: Ursaluna\n|-damage|p1a: Ursaluna|52\/100\n|move|p1a: Ursaluna|Calm Mind|p1a: Ursaluna\n|-boost|p1a: Ursaluna|spa|1\n|-boost|p1a: Ursaluna|spd|1\n|\n|-heal|p1a: Ursaluna|58\/100|[from] item: Leftovers\n|upkeep\n|turn|3\n|\n|t:|1697823556\n|move|p2a: Sandy Shocks|Stealth Rock|p1a: Ursaluna\n|-sidestart|p1: brendog66|move: Stealth Rock\n|move|p1a: Ursaluna|Calm Mind|p1a: Ursaluna\n|-boost|p1a: Ursaluna|spa|1\n|-boost|p1a: Ursaluna|spd|1\n|\n|-heal|p1a: Ursaluna|64\/100|[from] item: Leftovers\n|upkeep\n|turn|4\n|\n|t:|1697823561\n|move|p2a: Sandy Shocks|Spikes|p1a: Ursaluna\n|-sidestart|p1: brendog66|Spikes\n|move|p1a: Ursaluna|Earth Power|p2a: Sandy Shocks\n|-supereffective|p2a: Sandy Shocks\n|-enditem|p2a: Sandy Shocks|Focus Sash\n|-damage|p2a: Sandy Shocks|1\/100\n|\n|-heal|p1a: Ursaluna|70\/100|[from] item: Leftovers\n|upkeep\n|turn|5\n|\n|t:|1697823568\n|move|p1a: Ursaluna|Vacuum Wave|p2a: Sandy Shocks\n|-damage|p2a: Sandy Shocks|0 fnt\n|faint|p2a: Sandy Shocks\n|-end|p2a: Sandy Shocks|Protosynthesis|[silent]\n|\n|-heal|p1a: Ursaluna|76\/100|[from] item: Leftovers\n|upkeep\n|\n|t:|1697823574\n|switch|p2a: Zacian|Zacian|100\/100\n|-ability|p2a: Zacian|Intrepid Sword|boost\n|-boost|p2a: Zacian|atk|1\n|turn|6\n|\n|t:|1697823597\n|switch|p1a: Zacian|Zacian|100\/100\n|-damage|p1a: Zacian|88\/100|[from] Stealth Rock\n|-damage|p1a: Zacian|76\/100|[from] Spikes\n|-ability|p1a: Zacian|Intrepid Sword|boost\n|-boost|p1a: Zacian|atk|1\n|move|p2a: Zacian|Close Combat|p1a: Zacian\n|-resisted|p1a: Zacian\n|-damage|p1a: Zacian|34\/100\n|-unboost|p2a: Zacian|def|1\n|-unboost|p2a: Zacian|spd|1\n|\n|upkeep\n|turn|7\n|\n|t:|1697823614\n|switch|p2a: Arceus|Arceus-Fire|100\/100\n|move|p1a: Zacian|Play Rough|p2a: Arceus\n|-resisted|p2a: Arceus\n|-damage|p2a: Arceus|68\/100\n|\n|upkeep\n|turn|8\n|\n|t:|1697823632\n|switch|p1a: Palkia|Palkia-Origin|100\/100\n|-damage|p1a: Palkia|88\/100|[from] Stealth Rock\n|-damage|p1a: Palkia|76\/100|[from] Spikes\n|-ability|p1a: Palkia|Pressure\n|move|p2a: Arceus|Judgment|p1a: Palkia\n|-resisted|p1a: Palkia\n|-damage|p1a: Palkia|65\/100\n|\n|upkeep\n|turn|9\n|\n|t:|1697823639\n|switch|p2a: Gholdengo|Gholdengo|100\/100\n|move|p1a: Palkia|Hydro Pump|p2a: Gholdengo\n|-damage|p2a: Gholdengo|16\/100\n|\n|upkeep\n|turn|10\n|\n|t:|1697823653\n|move|p2a: Gholdengo|Thunder Wave|p1a: Palkia\n|-status|p1a: Palkia|par\n|move|p1a: Palkia|Fire Blast|p2a: Gholdengo\n|-supereffective|p2a: Gholdengo\n|-damage|p2a: Gholdengo|0 fnt\n|faint|p2a: Gholdengo\n|\n|upkeep\n|\n|t:|1697823658\n|switch|p2a: Palkia|Palkia-Origin|100\/100\n|-ability|p2a: Palkia|Pressure\n|turn|11\n|\n|t:|1697823671\n|-terastallize|p1a: Palkia|Fairy\n|move|p2a: Palkia|Spacial Rend|p1a: Palkia\n|-immune|p1a: Palkia\n|move|p1a: Palkia|Draco Meteor|p2a: Palkia\n|-supereffective|p2a: Palkia\n|-damage|p2a: Palkia|0 fnt\n|-unboost|p1a: Palkia|spa|2\n|faint|p2a: Palkia\n|\n|upkeep\n|\n|t:|1697823679\n|switch|p2a: Palafin|Palafin, M|100\/100\n|turn|12\n|\n|t:|1697823701\n|switch|p1a: Cyclizar|Cyclizar, M|84\/100\n|-damage|p1a: Cyclizar|71\/100|[from] Stealth Rock\n|-damage|p1a: Cyclizar|59\/100|[from] Spikes\n|move|p2a: Palafin|Flip Turn|p1a: Cyclizar\n|-resisted|p1a: Cyclizar\n|-damage|p1a: Cyclizar|33\/100\n|\n|t:|1697823705\n|detailschange|p2a: Palafin|Palafin-Hero, M\n|switch|p2a: Arceus|Arceus-Fire|68\/100|[from] Flip Turn\n|\n|upkeep\n|turn|13\n|\n|t:|1697823720\n|move|p1a: Cyclizar|Rapid Spin|p2a: Arceus\n|-damage|p2a: Arceus|59\/100\n|-boost|p1a: Cyclizar|spe|1\n|-sideend|p1: brendog66|Spikes|[from] move: Rapid Spin|[of] p1a: Cyclizar\n|-sideend|p1: brendog66|Stealth Rock|[from] move: Rapid Spin|[of] p1a: Cyclizar\n|move|p2a: Arceus|Calm Mind|p2a: Arceus\n|-boost|p2a: Arceus|spa|1\n|-boost|p2a: Arceus|spd|1\n|\n|upkeep\n|turn|14\n|\n|t:|1697823741\n|switch|p1a: Palkia|Palkia-Origin, tera:Fairy|65\/100 par\n|-ability|p1a: Palkia|Pressure\n|move|p2a: Arceus|Calm Mind|p2a: Arceus\n|-boost|p2a: Arceus|spa|1\n|-boost|p2a: Arceus|spd|1\n|\n|upkeep\n|turn|15\n|\n|t:|1697823744\n|move|p2a: Arceus|Judgment|p1a: Palkia\n|-damage|p1a: Palkia|0 fnt\n|faint|p1a: Palkia\n|\n|upkeep\n|\n|t:|1697823766\n|switch|p1a: Zacian|Zacian|34\/100\n|turn|16\n|\n|t:|1697823771\n|move|p1a: Zacian|Close Combat|p2a: Arceus\n|-damage|p2a: Arceus|16\/100\n|-unboost|p1a: Zacian|def|1\n|-unboost|p1a: Zacian|spd|1\n|move|p2a: Arceus|Recover|p2a: Arceus\n|-heal|p2a: Arceus|66\/100\n|\n|upkeep\n|turn|17\n|\n|t:|1697823777\n|move|p1a: Zacian|Close Combat|p2a: Arceus\n|-damage|p2a: Arceus|28\/100\n|-unboost|p1a: Zacian|def|1\n|-unboost|p1a: Zacian|spd|1\n|move|p2a: Arceus|Recover|p2a: Arceus\n|-heal|p2a: Arceus|78\/100\n|\n|upkeep\n|turn|18\n|\n|t:|1697823783\n|switch|p1a: Cyclizar|Cyclizar, M|66\/100\n|move|p2a: Arceus|Recover|p2a: Arceus\n|-heal|p2a: Arceus|100\/100\n|\n|upkeep\n|turn|19\n|\n|t:|1697823791\n|move|p1a: Cyclizar|Shed Tail|p1a: Cyclizar\n|-start|p1a: Cyclizar|Substitute|[from] move: Shed Tail\n|-damage|p1a: Cyclizar|16\/100\n|\n|t:|1697823803\n|switch|p1a: Magearna|Magearna|100\/100|[from] Shed Tail\n|move|p2a: Arceus|Judgment|p1a: Magearna\n|-supereffective|p1a: Magearna\n|-end|p1a: Magearna|Substitute\n|\n|upkeep\n|turn|20\n|\n|t:|1697823809\n|move|p2a: Arceus|Judgment|p1a: Magearna\n|-supereffective|p1a: Magearna\n|-damage|p1a: Magearna|0 fnt\n|faint|p1a: Magearna\n|\n|upkeep\n|c|\u2606brendog66|any advice for my team?\n|c|\u2606RubenPaCe|scarf cyclizard is bad\n|inactive|brendog66 has 270 seconds left.\n|c|\u2606brendog66|hdb instead?\n|c|\u2606RubenPaCe|it's set up fodder for literally 90% of the tier\n|c|\u2606RubenPaCe|yeah\n|\n|t:|1697823851\n|switch|p1a: Ursaluna|Ursaluna-Bloodmoon, M|76\/100\n|turn|21\n|\n|t:|1697823856\n|move|p2a: Arceus|Judgment|p1a: Ursaluna\n|-crit|p1a: Ursaluna\n|-damage|p1a: Ursaluna|0 fnt\n|faint|p1a: Ursaluna\n|\n|upkeep\n|c|\u2606brendog66|same moves tho?\n|c|\u2606RubenPaCe|what moves are you running?\n|c|\u2606RubenPaCe|shed tail, spin, kock and?\n|c|\u2606brendog66|shedtail, knock, uturn, andrapid\n|inactive|brendog66 has 240 seconds left.\n|c|\u2606RubenPaCe|u-turn and shed tail in the same mon is kinda weird\n|c|\u2606RubenPaCe|maybe taunt?\n|inactive|brendog66 has 210 seconds left.\n|c|\u2606brendog66|u turn is nice to regen pivot when you are low on hp\n|c|\u2606brendog66|but taunt sounds good\n|c|\u2606RubenPaCe|with scarf? it's not\n|c|\u2606RubenPaCe|at least here\n|\n|t:|1697823945\n|switch|p1a: Zacian|Zacian|34\/100\n|turn|22\n|c|\u2606RubenPaCe|also is that zacian banded?\n|c|\u2606brendog66|gg\n|\n|t:|1697823954\n|move|p1a: Zacian|Close Combat|p2a: Arceus\n|-damage|p2a: Arceus|60\/100\n|-unboost|p1a: Zacian|def|1\n|-unboost|p1a: Zacian|spd|1\n|move|p2a: Arceus|Judgment|p1a: Zacian\n|-damage|p1a: Zacian|0 fnt\n|faint|p1a: Zacian\n|\n|upkeep\n|c|\u2606brendog66|yeah\n|c|\u2606RubenPaCe|don't\n|c|\u2606RubenPaCe|not if you are running shed tail\n|c|\u2606brendog66|these are just uber sample sets btw\n|inactive|brendog66 has 180 seconds left.\n|c|\u2606RubenPaCe|ah\n|\n|t:|1697823976\n|switch|p1a: Cyclizar|Cyclizar, M|50\/100\n|turn|23\n|c|\u2606RubenPaCe|that's why you are using crunch\n|inactive|brendog66 has 180 seconds left.\n|c|\u2606RubenPaCe|Zacian usually runs tera blast fire here because of magearna\n|c|\u2606brendog66|sd zacian with shed tail then?\n|c|\u2606RubenPaCe|crunch doesn't really hit anything\n|c|\u2606RubenPaCe|yeah\n|inactive|brendog66 has 150 seconds left.\n|c|\u2606RubenPaCe|if you run SD zacian then you can asolutely run scar\n|\n|t:|1697824014\n|move|p1a: Cyclizar|Knock Off|p2a: Arceus\n|-damage|p2a: Arceus|51\/100\n|move|p2a: Arceus|Earth Power|p1a: Cyclizar\n|-damage|p1a: Cyclizar|0 fnt\n|faint|p1a: Cyclizar\n|\n|upkeep\n|c|\u2606RubenPaCe|scarf*\n|\n|t:|1697824017\n|switch|p1a: Chi-Yu|Chi-Yu|100\/100\n|-ability|p1a: Chi-Yu|Beads of Ruin\n|turn|24\n|c|\u2606RubenPaCe|chi yu is a weird one\n|inactive|brendog66 has 150 seconds left.\n|\n|t:|1697824037\n|move|p2a: Arceus|Earth Power|p1a: Chi-Yu\n|-supereffective|p1a: Chi-Yu\n|-damage|p1a: Chi-Yu|0 fnt\n|faint|p1a: Chi-Yu\n|\n|win|RubenPaCe\n|c|\u2606RubenPaCe|specs I assume\n|c|\u2606brendog66|I love the funny\n|c|\u2606brendog66|fish\n|c|\u2606RubenPaCe|it is funny\n|c|\u2606brendog66|but yes specs\n|c|\u2606RubenPaCe|uuuh I guess specs is good\n|c|\u2606brendog66|252+ choices specs beads of ruin overheat, guaranteed ohko\n|c|\u2606RubenPaCe|but it def needs shed tail\n|c|\u2606brendog66|np could work well with shed tail too\n|c|\u2606RubenPaCe|nah\n|player|p1|brendog66|169\n|c|\u2606RubenPaCe|a sub specs chi yu is a threat\n|c|\u2606RubenPaCe|and forces the other player to attack\n|c|\u2606RubenPaCe|and stay\n|c|\u2606brendog66|yeah\n|c|\u2606RubenPaCe|specs is OK\n|c|\u2606RubenPaCe|make zacian SD with tera fire\n|c|\u2606brendog66|ima switch up cyclizar too\n|c|\u2606RubenPaCe|that's probably for the best\n|c|\u2606RubenPaCe|if you don't like hazzards just use a giratina\n|c|\u2606RubenPaCe|also gives you phasing\n|c|\u2606brendog66|for zacian\n|c|\u2606RubenPaCe|yeah\n|c|\u2606brendog66|sd, pr, cc and tb\n|c|\u2606RubenPaCe|and Espathra\n|c|\u2606RubenPaCe|who's also a bit of a threat if unaccounted for\n|c|\u2606RubenPaCe|yeah that's a good SD set\n|c|\u2606brendog66|what for item tho\n|c|\u2606RubenPaCe|you can also go trailblaze if you really want to instead of terablast\n|c|\u2606RubenPaCe|HDB\n|c|\u2606RubenPaCe|hazzards are insane here\n|c|\u2606brendog66|thats what i figured\n|c|\u2606brendog66|when in doubt use hdb\n|c|\u2606RubenPaCe|indeed\n|c|\u2606RubenPaCe|it's the new leftovers\n|c|\u2606brendog66|should i replace bm-ursa with cm arceus\n|c|\u2606RubenPaCe|not sure about it\n|c|\u2606RubenPaCe|test it a bit more with these changes\n|c|\u2606brendog66|maybe i should drop vacuum wave for moolight\n|c|\u2606RubenPaCe|oh definitely\n|c|\u2606RubenPaCe|vacuum wave is too weak up here\n|c|\u2606brendog66|moonlight makes kinda like arceus\n|c|\u2606RubenPaCe|yeah\n|c|\u2606RubenPaCe|I can pass you the set I use\n","uploadtime":1697824048,"views":14,"p1id":"brendog66","p2id":"rubenpace","formatid":"gen9ubers","rating":0,"private":0,"password":""}