{"id":"gen9ubers-1998284614","p1":"Kai dragneel","p2":"Bloxfooter","format":"[Gen 9] Ubers","log":"|j|\u2606Kai dragneel\n|j|\u2606Bloxfooter\n|t:|1700924610\n|gametype|singles\n|player|p1|Kai dragneel|170|1159\n|player|p2|Bloxfooter|jogger|1094\n|teamsize|p1|6\n|teamsize|p2|6\n|gen|9\n|tier|[Gen 9] Ubers\n|rated|\n|rule|Sleep Clause Mod: Limit one foe put to sleep\n|rule|Species Clause: Limit one of each Pok\u00e9mon\n|rule|OHKO Clause: OHKO moves are banned\n|rule|Evasion Items Clause: Evasion items are banned\n|rule|Evasion Moves Clause: Evasion moves are banned\n|rule|Endless Battle Clause: Forcing endless battles is banned\n|rule|HP Percentage Mod: HP is shown in percentages\n|clearpoke\n|poke|p1|Quaquaval, M|\n|poke|p1|Armarouge, M|\n|poke|p1|Arboliva, M|\n|poke|p1|Baxcalibur, M|\n|poke|p1|Garganacl, M|\n|poke|p1|Tinkaton, F|\n|poke|p2|Hawlucha, F|\n|poke|p2|Miraidon|\n|poke|p2|Regieleki|\n|poke|p2|Dragapult, M|\n|poke|p2|Maushold-Four|\n|poke|p2|Iron Moth|\n|teampreview\n|\n|t:|1700924616\n|start\n|switch|p1a: Tinkaton|Tinkaton, F|100\/100\n|switch|p2a: Maushold|Maushold-Four|100\/100\n|-ability|p1a: Tinkaton|Mold Breaker\n|turn|1\n|\n|t:|1700924629\n|move|p2a: Maushold|Tidy Up|p2a: Maushold\n|-boost|p2a: Maushold|atk|1\n|-boost|p2a: Maushold|spe|1\n|move|p1a: Tinkaton|Gigaton Hammer|p2a: Maushold\n|-damage|p2a: Maushold|0 fnt\n|faint|p2a: Maushold\n|-damage|p1a: Tinkaton|91\/100|[from] item: Life Orb\n|\n|upkeep\n|\n|t:|1700924638\n|switch|p2a: Dragapult|Dragapult, M|100\/100\n|turn|2\n|\n|t:|1700924644\n|move|p2a: Dragapult|Dragon Darts|p1a: Tinkaton\n|-immune|p1a: Tinkaton\n|move|p1a: Tinkaton|Play Rough|p2a: Dragapult\n|-supereffective|p2a: Dragapult\n|-damage|p2a: Dragapult|0 fnt\n|faint|p2a: Dragapult\n|-damage|p1a: Tinkaton|81\/100|[from] item: Life Orb\n|\n|upkeep\n|\n|t:|1700924653\n|switch|p2a: Miraidon|Miraidon|100\/100\n|-fieldstart|move: Electric Terrain|[from] ability: Hadron Engine|[of] p2a: Miraidon\n|turn|3\n|\n|t:|1700924659\n|move|p2a: Miraidon|Draco Meteor|p1a: Tinkaton\n|-immune|p1a: Tinkaton\n|move|p1a: Tinkaton|Play Rough|p2a: Miraidon\n|-supereffective|p2a: Miraidon\n|-damage|p2a: Miraidon|11\/100\n|-enditem|p2a: Miraidon|Weakness Policy\n|-boost|p2a: Miraidon|atk|2|[from] item: Weakness Policy\n|-boost|p2a: Miraidon|spa|2|[from] item: Weakness Policy\n|-damage|p1a: Tinkaton|71\/100|[from] item: Life Orb\n|\n|upkeep\n|turn|4\n|\n|t:|1700924672\n|move|p2a: Miraidon|Electro Drift|p1a: Tinkaton\n|-damage|p1a: Tinkaton|0 fnt\n|faint|p1a: Tinkaton\n|\n|upkeep\n|\n|t:|1700924678\n|switch|p1a: Arboliva|Arboliva, M|100\/100\n|turn|5\n|\n|t:|1700924683\n|move|p2a: Miraidon|Electro Drift|p1a: Arboliva\n|-resisted|p1a: Arboliva\n|-damage|p1a: Arboliva|43\/100\n|-fieldstart|move: Grassy Terrain|[from] ability: Seed Sower|[of] p1a: Arboliva\n|move|p1a: Arboliva|Earth Power|p2a: Miraidon\n|-supereffective|p2a: Miraidon\n|-damage|p2a: Miraidon|0 fnt\n|faint|p2a: Miraidon\n|\n|-heal|p1a: Arboliva|49\/100|[from] Grassy Terrain\n|upkeep\n|\n|t:|1700924694\n|switch|p2a: Iron Moth|Iron Moth|100\/100\n|turn|6\n|\n|t:|1700924699\n|switch|p1a: Garganacl|Garganacl, M|100\/100\n|move|p2a: Iron Moth|Fire Blast|p1a: Garganacl\n|-resisted|p1a: Garganacl\n|-damage|p1a: Garganacl|84\/100\n|\n|-heal|p1a: Garganacl|90\/100|[from] Grassy Terrain\n|-heal|p1a: Garganacl|96\/100|[from] item: Leftovers\n|upkeep\n|turn|7\n|\n|t:|1700924710\n|move|p2a: Iron Moth|U-turn|p1a: Garganacl\n|-damage|p1a: Garganacl|85\/100\n|\n|t:|1700924736\n|-end|p2a: Iron Moth|Quark Drive|[silent]\n|switch|p2a: Regieleki|Regieleki|100\/100|[from] U-turn\n|-item|p2a: Regieleki|Air Balloon\n|move|p1a: Garganacl|Iron Defense|p1a: Garganacl\n|-boost|p1a: Garganacl|def|2\n|\n|-heal|p1a: Garganacl|92\/100|[from] Grassy Terrain\n|-heal|p1a: Garganacl|98\/100|[from] item: Leftovers\n|upkeep\n|turn|8\n|\n|t:|1700924755\n|move|p2a: Regieleki|Ancient Power|p1a: Garganacl\n|-damage|p1a: Garganacl|86\/100\n|move|p1a: Garganacl|Body Press|p2a: Regieleki\n|-damage|p2a: Regieleki|7\/100\n|-enditem|p2a: Regieleki|Air Balloon\n|\n|-heal|p2a: Regieleki|13\/100|[from] Grassy Terrain\n|-heal|p1a: Garganacl|92\/100|[from] Grassy Terrain\n|-heal|p1a: Garganacl|99\/100|[from] item: Leftovers\n|upkeep\n|turn|9\n|\n|t:|1700924767\n|move|p2a: Regieleki|Acrobatics|p1a: Garganacl\n|-resisted|p1a: Garganacl\n|-damage|p1a: Garganacl|94\/100\n|move|p1a: Garganacl|Body Press|p2a: Regieleki\n|-damage|p2a: Regieleki|0 fnt\n|faint|p2a: Regieleki\n|\n|-heal|p1a: Garganacl|99\/100|[from] Grassy Terrain\n|-heal|p1a: Garganacl|100\/100|[from] item: Leftovers\n|-fieldend|move: Grassy Terrain\n|upkeep\n|-message|Bloxfooter forfeited.\n|\n|win|Kai dragneel\n|raw|Kai dragneel's rating: 1159 &rarr; <strong>1179<\/strong><br \/>(+20 for winning)\n|raw|Bloxfooter's rating: 1094 &rarr; <strong>1074<\/strong><br \/>(-20 for losing)\n|l|\u2606Bloxfooter\n","uploadtime":1700924782,"views":0,"p1id":"kaidragneel","p2id":"bloxfooter","formatid":"gen9ubers","rating":1074,"private":0,"password":""}