{"id":"gen9ubers-1973603454","p1":"Deriverse","p2":"poweeeer","format":"[Gen 9] Ubers","log":"|j|\u2606Deriverse\n|j|\u2606poweeeer\n|t:|1697995210\n|gametype|singles\n|player|p1|Deriverse|roxanne|1164\n|player|p2|poweeeer|shadowtriad|1125\n|teamsize|p1|6\n|teamsize|p2|6\n|gen|9\n|tier|[Gen 9] Ubers\n|rated|\n|rule|Sleep Clause Mod: Limit one foe put to sleep\n|rule|Species Clause: Limit one of each Pok\u00e9mon\n|rule|OHKO Clause: OHKO moves are banned\n|rule|Evasion Items Clause: Evasion items are banned\n|rule|Evasion Moves Clause: Evasion moves are banned\n|rule|Endless Battle Clause: Forcing endless battles is banned\n|rule|HP Percentage Mod: HP is shown in percentages\n|clearpoke\n|poke|p1|Shaymin-Sky|\n|poke|p1|Flutter Mane|\n|poke|p1|Groudon|\n|poke|p1|Palafin, M|\n|poke|p1|Ribombee, F|\n|poke|p1|Great Tusk|\n|poke|p2|Ogerpon-Hearthflame, F|\n|poke|p2|Toxapex, M|\n|poke|p2|Miraidon|\n|poke|p2|Arceus-Dark|\n|poke|p2|Maushold-Four|\n|poke|p2|Palkia-Origin|\n|teampreview\n|inactive|Battle timer is ON: inactive players will automatically lose when time's up. (requested by poweeeer)\n|inactive|poweeeer has 120 seconds left.\n|inactive|poweeeer has 90 seconds left.\n|\n|t:|1697995295\n|start\n|switch|p1a: Shaymin|Shaymin-Sky|100\/100\n|switch|p2a: Maushold|Maushold-Four|100\/100\n|turn|1\n|\n|t:|1697995301\n|move|p1a: Shaymin|Air Slash|p2a: Maushold\n|-damage|p2a: Maushold|45\/100\n|cant|p2a: Maushold|flinch\n|\n|upkeep\n|turn|2\n|\n|t:|1697995305\n|move|p1a: Shaymin|Air Slash|p2a: Maushold\n|-damage|p2a: Maushold|0 fnt\n|faint|p2a: Maushold\n|\n|upkeep\n|\n|t:|1697995316\n|switch|p2a: Ogerpon|Ogerpon-Hearthflame, F|100\/100\n|-ability|p2a: Ogerpon|Mold Breaker\n|turn|3\n|\n|t:|1697995323\n|-terastallize|p2a: Ogerpon|Fire\n|detailschange|p2a: Ogerpon|Ogerpon-Hearthflame-Tera, F, tera:Fire\n|-ability|p2a: Ogerpon|Embody Aspect (Hearthflame)|boost\n|-boost|p2a: Ogerpon|atk|1\n|move|p1a: Shaymin|Air Slash|p2a: Ogerpon\n|-damage|p2a: Ogerpon|59\/100\n|cant|p2a: Ogerpon|flinch\n|\n|upkeep\n|turn|4\n|\n|t:|1697995336\n|move|p1a: Shaymin|Earth Power|p2a: Ogerpon\n|-supereffective|p2a: Ogerpon\n|-damage|p2a: Ogerpon|0 fnt\n|faint|p2a: Ogerpon\n|\n|upkeep\n|inactive|poweeeer has 120 seconds left.\n|\n|t:|1697995390\n|switch|p2a: Miraidon|Miraidon|100\/100\n|-fieldstart|move: Electric Terrain|[from] ability: Hadron Engine|[of] p2a: Miraidon\n|turn|5\n|inactive|poweeeer has 90 seconds left.\n|\n|t:|1697995406\n|switch|p1a: Groudon|Groudon|100\/100\n|-weather|SunnyDay|[from] ability: Drought|[of] p1a: Groudon\n|move|p2a: Miraidon|Thunder|p1a: Groudon\n|-immune|p1a: Groudon\n|\n|-weather|SunnyDay|[upkeep]\n|upkeep\n|turn|6\n|\n|t:|1697995414\n|move|p2a: Miraidon|Draco Meteor|p1a: Groudon\n|-damage|p1a: Groudon|22\/100\n|-unboost|p2a: Miraidon|spa|2\n|move|p1a: Groudon|Precipice Blades|p2a: Miraidon|[miss]\n|-miss|p1a: Groudon|p2a: Miraidon\n|\n|-weather|SunnyDay|[upkeep]\n|upkeep\n|turn|7\n|\n|t:|1697995425\n|move|p2a: Miraidon|Draco Meteor|p1a: Groudon\n|-damage|p1a: Groudon|0 fnt\n|-unboost|p2a: Miraidon|spa|2\n|faint|p1a: Groudon\n|\n|-weather|SunnyDay|[upkeep]\n|upkeep\n|\n|t:|1697995429\n|switch|p1a: Ribombee|Ribombee, F|100\/100\n|turn|8\n|\n|t:|1697995437\n|move|p2a: Miraidon|Electro Drift|p1a: Ribombee\n|-damage|p1a: Ribombee|43\/100\n|move|p1a: Ribombee|Sticky Web|p2a: Miraidon\n|-sidestart|p2: poweeeer|move: Sticky Web\n|\n|-weather|SunnyDay|[upkeep]\n|upkeep\n|turn|9\n|\n|t:|1697995443\n|move|p2a: Miraidon|Electro Drift|p1a: Ribombee\n|-damage|p1a: Ribombee|0 fnt\n|faint|p1a: Ribombee\n|\n|-weather|SunnyDay|[upkeep]\n|-fieldend|move: Electric Terrain\n|upkeep\n|\n|t:|1697995448\n|switch|p1a: Flutter Mane|Flutter Mane|100\/100\n|-activate|p1a: Flutter Mane|ability: Protosynthesis\n|-start|p1a: Flutter Mane|protosynthesisspe\n|turn|10\n|inactive|poweeeer has 120 seconds left.\n|\n|t:|1697995457\n|switch|p2a: Toxapex|Toxapex, M, shiny|100\/100\n|-activate|p2a: Toxapex|move: Sticky Web\n|-unboost|p2a: Toxapex|spe|1\n|move|p1a: Flutter Mane|Moonblast|p2a: Toxapex\n|-resisted|p2a: Toxapex\n|-damage|p2a: Toxapex|81\/100\n|-unboost|p2a: Toxapex|spa|1\n|\n|-weather|SunnyDay|[upkeep]\n|-heal|p2a: Toxapex|87\/100|[from] item: Black Sludge\n|upkeep\n|turn|11\n|inactive|poweeeer has 120 seconds left.\n|\n|t:|1697995469\n|move|p1a: Flutter Mane|Substitute|p1a: Flutter Mane\n|-start|p1a: Flutter Mane|Substitute\n|-damage|p1a: Flutter Mane|76\/100\n|move|p2a: Toxapex|Toxic||[still]\n|-fail|p2a: Toxapex\n|\n|-weather|SunnyDay|[upkeep]\n|-heal|p1a: Flutter Mane|82\/100|[from] item: Leftovers\n|-heal|p2a: Toxapex|93\/100|[from] item: Black Sludge\n|upkeep\n|turn|12\n|\n|t:|1697995477\n|move|p1a: Flutter Mane|Calm Mind|p1a: Flutter Mane\n|-boost|p1a: Flutter Mane|spa|1\n|-boost|p1a: Flutter Mane|spd|1\n|move|p2a: Toxapex|Gunk Shot|p1a: Flutter Mane\n|-end|p1a: Flutter Mane|Substitute\n|\n|-weather|none\n|-end|p1a: Flutter Mane|Protosynthesis\n|-heal|p1a: Flutter Mane|88\/100|[from] item: Leftovers\n|-heal|p2a: Toxapex|99\/100|[from] item: Black Sludge\n|upkeep\n|turn|13\n|\n|t:|1697995488\n|-terastallize|p1a: Flutter Mane|Ghost\n|move|p1a: Flutter Mane|Substitute|p1a: Flutter Mane\n|-start|p1a: Flutter Mane|Substitute\n|-damage|p1a: Flutter Mane|63\/100\n|move|p2a: Toxapex|Toxic||[still]\n|-fail|p2a: Toxapex\n|\n|-heal|p1a: Flutter Mane|69\/100|[from] item: Leftovers\n|-heal|p2a: Toxapex|100\/100|[from] item: Black Sludge\n|upkeep\n|turn|14\n|inactive|poweeeer has 120 seconds left.\n|\n|t:|1697995504\n|move|p1a: Flutter Mane|Shadow Ball|p2a: Toxapex\n|-damage|p2a: Toxapex|31\/100\n|move|p2a: Toxapex|Gunk Shot|p1a: Flutter Mane\n|-resisted|p1a: Flutter Mane\n|-end|p1a: Flutter Mane|Substitute\n|\n|-heal|p1a: Flutter Mane|75\/100|[from] item: Leftovers\n|-heal|p2a: Toxapex|38\/100|[from] item: Black Sludge\n|upkeep\n|turn|15\n|inactive|poweeeer has 120 seconds left.\n|\n|t:|1697995518\n|move|p1a: Flutter Mane|Substitute|p1a: Flutter Mane\n|-start|p1a: Flutter Mane|Substitute\n|-damage|p1a: Flutter Mane|50\/100\n|move|p2a: Toxapex|Toxic||[still]\n|-fail|p2a: Toxapex\n|\n|-heal|p1a: Flutter Mane|56\/100|[from] item: Leftovers\n|-heal|p2a: Toxapex|44\/100|[from] item: Black Sludge\n|upkeep\n|turn|16\n|inactive|poweeeer has 120 seconds left.\n|\n|t:|1697995529\n|move|p2a: Toxapex|Baneful Bunker|p2a: Toxapex\n|-singleturn|p2a: Toxapex|move: Protect\n|move|p1a: Flutter Mane|Shadow Ball|p2a: Toxapex\n|-activate|p2a: Toxapex|move: Protect\n|\n|-heal|p1a: Flutter Mane|62\/100|[from] item: Leftovers\n|-heal|p2a: Toxapex|50\/100|[from] item: Black Sludge\n|upkeep\n|turn|17\n|\n|t:|1697995538\n|move|p1a: Flutter Mane|Shadow Ball|p2a: Toxapex\n|-damage|p2a: Toxapex|0 fnt\n|faint|p2a: Toxapex\n|\n|-heal|p1a: Flutter Mane|68\/100|[from] item: Leftovers\n|upkeep\n|inactive|poweeeer has 120 seconds left.\n|-message|poweeeer forfeited.\n|\n|win|Deriverse\n|raw|Deriverse's rating: 1164 &rarr; <strong>1186<\/strong><br \/>(+22 for winning)\n|raw|poweeeer's rating: 1125 &rarr; <strong>1103<\/strong><br \/>(-22 for losing)\n|l|\u2606poweeeer\n|l|\u2606Deriverse\n|j|\u2606Deriverse\n|player|p1|Deriverse|roxanne\n","uploadtime":1697996845,"views":12,"p1id":"deriverse","p2id":"poweeeer","formatid":"gen9ubers","rating":1103,"private":0,"password":""}