{"id":"gen9ubers-1992385402","p1":"tpl_bandit","p2":"Redisdead98","format":"[Gen 9] Ubers","log":"|j|\u2606tpl_bandit\n|j|\u2606Redisdead98\n|t:|1700181479\n|gametype|singles\n|player|p1|tpl_bandit|101|\n|player|p2|Redisdead98|red|\n|teamsize|p1|6\n|teamsize|p2|6\n|gen|9\n|tier|[Gen 9] Ubers\n|rule|Sleep Clause Mod: Limit one foe put to sleep\n|rule|Species Clause: Limit one of each Pok\u00e9mon\n|rule|OHKO Clause: OHKO moves are banned\n|rule|Evasion Items Clause: Evasion items are banned\n|rule|Evasion Moves Clause: Evasion moves are banned\n|rule|Endless Battle Clause: Forcing endless battles is banned\n|rule|HP Percentage Mod: HP is shown in percentages\n|clearpoke\n|poke|p1|Tauros-Paldea-Aqua, M|\n|poke|p1|Ursaluna-Bloodmoon, M|\n|poke|p1|Annihilape, F|\n|poke|p1|Slowking-Galar, M|\n|poke|p1|Milotic, M|\n|poke|p1|Kingambit, F|\n|poke|p2|Jolteon, M|\n|poke|p2|Okidogi, M|\n|poke|p2|Lycanroc-Dusk, F|\n|poke|p2|Shiftry, F|\n|poke|p2|Mightyena, M|\n|poke|p2|Arcanine, F|\n|teampreview\n|\n|t:|1700181499\n|start\n|switch|p1a: Ursaluna|Ursaluna-Bloodmoon, M|100\/100\n|switch|p2a: Shiftry|Shiftry, F, shiny|100\/100\n|turn|1\n|\n|t:|1700181510\n|move|p2a: Shiftry|Swords Dance|p2a: Shiftry\n|-boost|p2a: Shiftry|atk|2\n|move|p1a: Ursaluna|Blood Moon|p2a: Shiftry\n|-enditem|p2a: Shiftry|Focus Sash\n|-damage|p2a: Shiftry|1\/100\n|\n|upkeep\n|turn|2\n|\n|t:|1700181521\n|move|p2a: Shiftry|Sucker Punch|p1a: Ursaluna\n|-damage|p1a: Ursaluna|58\/100\n|move|p1a: Ursaluna|Vacuum Wave|p2a: Shiftry\n|-supereffective|p2a: Shiftry\n|-damage|p2a: Shiftry|0 fnt\n|faint|p2a: Shiftry\n|\n|upkeep\n|\n|t:|1700181546\n|switch|p2a: Arcanine|Arcanine, F|100\/100\n|-ability|p2a: Arcanine|Intimidate|boost\n|-unboost|p1a: Ursaluna|atk|1\n|turn|3\n|\n|t:|1700181553\n|switch|p1a: Tauros|Tauros-Paldea-Aqua, M, shiny|100\/100\n|-ability|p1a: Tauros|Intimidate|boost\n|-unboost|p2a: Arcanine|atk|1\n|move|p2a: Arcanine|Close Combat|p1a: Tauros\n|-damage|p1a: Tauros|74\/100\n|-unboost|p2a: Arcanine|def|1\n|-unboost|p2a: Arcanine|spd|1\n|\n|upkeep\n|turn|4\n|\n|t:|1700181568\n|move|p2a: Arcanine|Extreme Speed|p1a: Tauros\n|-enditem|p2a: Arcanine|Normal Gem|[from] gem\n|-damage|p1a: Tauros|53\/100\n|move|p1a: Tauros|Raging Bull|p2a: Arcanine\n|-supereffective|p2a: Arcanine\n|-damage|p2a: Arcanine|0 fnt\n|faint|p2a: Arcanine\n|\n|upkeep\n|\n|t:|1700181577\n|switch|p2a: Okidogi|Okidogi, M|100\/100\n|turn|5\n|\n|t:|1700181593\n|move|p1a: Tauros|Zen Headbutt|p2a: Okidogi\n|-supereffective|p2a: Okidogi\n|-damage|p2a: Okidogi|20\/100\n|cant|p2a: Okidogi|flinch\n|\n|-heal|p2a: Okidogi|26\/100|[from] item: Leftovers\n|upkeep\n|turn|6\n|\n|t:|1700181603\n|move|p1a: Tauros|Raging Bull|p2a: Okidogi\n|-damage|p2a: Okidogi|0 fnt\n|faint|p2a: Okidogi\n|\n|upkeep\n|\n|t:|1700181645\n|switch|p2a: Mightyena|Mightyena, M|100\/100\n|turn|7\n|\n|t:|1700181658\n|switch|p2a: Lycanroc|Lycanroc-Dusk, F, shiny|100\/100\n|move|p1a: Tauros|Body Press|p2a: Lycanroc\n|-supereffective|p2a: Lycanroc\n|-damage|p2a: Lycanroc|8\/100\n|\n|upkeep\n|turn|8\n|\n|t:|1700181669\n|move|p2a: Lycanroc|Sucker Punch|p1a: Tauros\n|-resisted|p1a: Tauros\n|-damage|p1a: Tauros|37\/100\n|move|p1a: Tauros|Raging Bull|p2a: Lycanroc\n|-supereffective|p2a: Lycanroc\n|-damage|p2a: Lycanroc|0 fnt\n|faint|p2a: Lycanroc\n|\n|upkeep\n|\n|t:|1700181674\n|switch|p2a: Jolteon|Jolteon, M, shiny|100\/100\n|turn|9\n|\n|t:|1700181687\n|switch|p1a: Ursaluna|Ursaluna-Bloodmoon, M|58\/100\n|move|p2a: Jolteon|Calm Mind|p2a: Jolteon\n|-boost|p2a: Jolteon|spa|1\n|-boost|p2a: Jolteon|spd|1\n|\n|upkeep\n|turn|10\n|\n|t:|1700181707\n|-terastallize|p2a: Jolteon|Flying\n|move|p2a: Jolteon|Tera Blast|p1a: Ursaluna|[anim] Tera Blast Flying\n|-damage|p1a: Ursaluna|0 fnt\n|faint|p1a: Ursaluna\n|\n|upkeep\n|\n|t:|1700181721\n|switch|p1a: Slowking|Slowking-Galar, M, shiny|100\/100\n|turn|11\n|\n|t:|1700181737\n|move|p2a: Jolteon|Shadow Ball|p1a: Slowking\n|-supereffective|p1a: Slowking\n|-damage|p1a: Slowking|66\/100\n|move|p1a: Slowking|Sludge Bomb|p2a: Jolteon\n|-damage|p2a: Jolteon|65\/100\n|\n|upkeep\n|turn|12\n|\n|t:|1700181747\n|move|p2a: Jolteon|Thunderbolt|p1a: Slowking\n|-damage|p1a: Slowking|37\/100\n|move|p1a: Slowking|Sludge Bomb|p2a: Jolteon\n|-damage|p2a: Jolteon|30\/100\n|\n|upkeep\n|turn|13\n|\n|t:|1700181759\n|move|p2a: Jolteon|Thunderbolt|p1a: Slowking\n|-damage|p1a: Slowking|8\/100\n|move|p1a: Slowking|Sludge Bomb|p2a: Jolteon\n|-damage|p2a: Jolteon|0 fnt\n|faint|p2a: Jolteon\n|\n|upkeep\n|\n|t:|1700181763\n|switch|p2a: Mightyena|Mightyena, M|100\/100\n|turn|14\n|\n|t:|1700181769\n|switch|p1a: Tauros|Tauros-Paldea-Aqua, M, shiny|37\/100\n|-ability|p1a: Tauros|Intimidate|boost\n|-unboost|p2a: Mightyena|atk|1\n|move|p2a: Mightyena|Sucker Punch||[still]\n|-fail|p2a: Mightyena\n|\n|upkeep\n|turn|15\n|\n|t:|1700181778\n|move|p2a: Mightyena|Sucker Punch|p1a: Tauros\n|-resisted|p1a: Tauros\n|-damage|p1a: Tauros|21\/100\n|move|p1a: Tauros|Body Press|p2a: Mightyena\n|-supereffective|p2a: Mightyena\n|-damage|p2a: Mightyena|8\/100\n|\n|upkeep\n|turn|16\n|\n|t:|1700181785\n|move|p2a: Mightyena|Sucker Punch|p1a: Tauros\n|-resisted|p1a: Tauros\n|-damage|p1a: Tauros|4\/100\n|move|p1a: Tauros|Raging Bull|p2a: Mightyena\n|-damage|p2a: Mightyena|0 fnt\n|faint|p2a: Mightyena\n|\n|win|tpl_bandit\n|l|\u2606Redisdead98\n","uploadtime":1700181796,"views":52,"p1id":"tplbandit","p2id":"redisdead98","formatid":"gen9ubers","rating":0,"private":0,"password":""}