{"id":"gen9ubers-1994377678","p1":"KingDuns","p2":"BossShuckle","format":"[Gen 9] Ubers","log":"|j|\u2606KingDuns\n|j|\u2606BossShuckle\n|t:|1700437007\n|gametype|singles\n|player|p1|KingDuns|hero2-conquest|\n|player|p2|BossShuckle|veteran|\n|teamsize|p1|6\n|teamsize|p2|6\n|gen|9\n|tier|[Gen 9] Ubers\n|rule|Sleep Clause Mod: Limit one foe put to sleep\n|rule|Species Clause: Limit one of each Pok\u00e9mon\n|rule|OHKO Clause: OHKO moves are banned\n|rule|Evasion Items Clause: Evasion items are banned\n|rule|Evasion Moves Clause: Evasion moves are banned\n|rule|Endless Battle Clause: Forcing endless battles is banned\n|rule|HP Percentage Mod: HP is shown in percentages\n|clearpoke\n|poke|p1|Pelipper, F|\n|poke|p1|Kilowattrel, M|\n|poke|p1|Walking Wake|\n|poke|p1|Floatzel, F|\n|poke|p1|Ludicolo, F|\n|poke|p1|Decidueye, F|\n|poke|p2|Tyranitar, M|\n|poke|p2|Corviknight, M|\n|poke|p2|Amoonguss, M|\n|poke|p2|Dondozo, M|\n|poke|p2|Iron Hands|\n|poke|p2|Brambleghast, F|\n|teampreview\n|j| Derpyderk\n|c| Derpyderk|Sandwiches are not safe\n|j| guner9542\n|c| Derpyderk|timer starto\n|inactive|Battle timer is ON: inactive players will automatically lose when time's up. (requested by KingDuns)\n|\n|t:|1700437063\n|start\n|switch|p1a: Gazimon|Floatzel, F|100\/100\n|switch|p2a: Knuckle Sandwich|Iron Hands|100\/100\n|turn|1\n|\n|t:|1700437070\n|move|p1a: Gazimon|Flip Turn|p2a: Knuckle Sandwich\n|-damage|p2a: Knuckle Sandwich|81\/100\n|\n|t:|1700437073\n|switch|p1a: Meatball|Kilowattrel, M|100\/100|[from] Flip Turn\n|move|p2a: Knuckle Sandwich|Wild Charge|p1a: Meatball\n|-immune|p1a: Meatball|[from] ability: Volt Absorb\n|\n|upkeep\n|turn|2\n|\n|t:|1700437086\n|-end|p2a: Knuckle Sandwich|Quark Drive|[silent]\n|switch|p2a: Joe Want Sanwich!!|Tyranitar, M|100\/100\n|-weather|Sandstorm|[from] ability: Sand Stream|[of] p2a: Joe Want Sanwich!!\n|move|p1a: Meatball|Volt Switch|p2a: Joe Want Sanwich!!\n|-damage|p2a: Joe Want Sanwich!!|86\/100\n|\n|t:|1700437091\n|switch|p1a: Dealer|Decidueye, F|100\/100|[from] Volt Switch\n|\n|-weather|Sandstorm|[upkeep]\n|-damage|p1a: Dealer|94\/100|[from] Sandstorm\n|upkeep\n|turn|3\n|\n|t:|1700437117\n|move|p1a: Dealer|Low Kick|p2a: Joe Want Sanwich!!\n|-supereffective|p2a: Joe Want Sanwich!!\n|-damage|p2a: Joe Want Sanwich!!|0 fnt\n|faint|p2a: Joe Want Sanwich!!\n|\n|-weather|Sandstorm|[upkeep]\n|-damage|p1a: Dealer|88\/100|[from] Sandstorm\n|upkeep\n|\n|t:|1700437123\n|switch|p2a: Meatball Knight|Corviknight, M, shiny|100\/100\n|turn|4\n|\n|t:|1700437130\n|move|p1a: Dealer|Knock Off|p2a: Meatball Knight\n|-damage|p2a: Meatball Knight|81\/100\n|-enditem|p2a: Meatball Knight|Leftovers|[from] move: Knock Off|[of] p1a: Dealer\n|move|p2a: Meatball Knight|Brave Bird|p1a: Dealer\n|-supereffective|p1a: Dealer\n|-damage|p1a: Dealer|12\/100\n|-damage|p2a: Meatball Knight|62\/100|[from] Recoil\n|\n|-weather|Sandstorm|[upkeep]\n|-damage|p1a: Dealer|6\/100|[from] Sandstorm\n|upkeep\n|turn|5\n|\n|t:|1700437142\n|move|p1a: Dealer|Roost|p1a: Dealer\n|-heal|p1a: Dealer|56\/100\n|-singleturn|p1a: Dealer|move: Roost\n|move|p2a: Meatball Knight|Brave Bird|p1a: Dealer\n|-supereffective|p1a: Dealer\n|-crit|p1a: Dealer\n|-damage|p1a: Dealer|0 fnt\n|faint|p1a: Dealer\n|-damage|p2a: Meatball Knight|48\/100|[from] Recoil\n|\n|-weather|Sandstorm|[upkeep]\n|upkeep\n|\n|t:|1700437154\n|switch|p1a: Meatball|Kilowattrel, M|100\/100\n|turn|6\n|\n|t:|1700437173\n|switch|p2a: Cosby Cuban|Amoonguss, M|100\/100\n|move|p1a: Meatball|Volt Switch|p2a: Cosby Cuban\n|-resisted|p2a: Cosby Cuban\n|-damage|p2a: Cosby Cuban|82\/100\n|\n|t:|1700437177\n|switch|p1a: Meatball Sub|Pelipper, F|100\/100|[from] Volt Switch\n|-weather|RainDance|[from] ability: Drizzle|[of] p1a: Meatball Sub\n|\n|-weather|RainDance|[upkeep]\n|-heal|p2a: Cosby Cuban|88\/100|[from] item: Black Sludge\n|upkeep\n|turn|7\n|\n|t:|1700437185\n|switch|p1a: Ymir Wall|Ludicolo, F|100\/100\n|switch|p2a: Knuckle Sandwich|Iron Hands|81\/100\n|\n|-weather|RainDance|[upkeep]\n|upkeep\n|turn|8\n|c| Derpyderk|This ymir wall shouldn't result in joe wanting me to get double cancer\n|inactive|BossShuckle has 270 seconds left.\n|\n|t:|1700437224\n|move|p1a: Ymir Wall|Weather Ball|p2a: Knuckle Sandwich\n|-damage|p2a: Knuckle Sandwich|0 fnt\n|faint|p2a: Knuckle Sandwich\n|-end|p2a: Knuckle Sandwich|Quark Drive|[silent]\n|-damage|p1a: Ymir Wall|91\/100|[from] item: Life Orb\n|\n|-weather|RainDance|[upkeep]\n|upkeep\n|inactive|BossShuckle has 270 seconds left.\n|\n|t:|1700437237\n|switch|p2a: Cosby Cuban|Amoonguss, M|100\/100\n|turn|9\n|inactive|BossShuckle has 270 seconds left.\n|\n|t:|1700437244\n|-terastallize|p1a: Ymir Wall|Ice\n|move|p1a: Ymir Wall|Ice Beam|p2a: Cosby Cuban\n|-supereffective|p2a: Cosby Cuban\n|-damage|p2a: Cosby Cuban|37\/100\n|-damage|p1a: Ymir Wall|81\/100|[from] item: Life Orb\n|move|p2a: Cosby Cuban|Sludge Bomb|p1a: Ymir Wall\n|-damage|p1a: Ymir Wall|49\/100\n|\n|-weather|RainDance|[upkeep]\n|-heal|p2a: Cosby Cuban|43\/100|[from] item: Black Sludge\n|upkeep\n|turn|10\n|\n|t:|1700437253\n|switch|p2a: Big Belly Deli|Dondozo, M|100\/100\n|move|p1a: Ymir Wall|Ice Beam|p2a: Big Belly Deli\n|-resisted|p2a: Big Belly Deli\n|-damage|p2a: Big Belly Deli|76\/100\n|-damage|p1a: Ymir Wall|40\/100|[from] item: Life Orb\n|\n|-weather|RainDance|[upkeep]\n|-heal|p2a: Big Belly Deli|83\/100|[from] item: Leftovers\n|upkeep\n|turn|11\n|\n|t:|1700437258\n|move|p1a: Ymir Wall|Giga Drain|p2a: Big Belly Deli\n|-supereffective|p2a: Big Belly Deli\n|-damage|p2a: Big Belly Deli|0 fnt\n|-heal|p1a: Ymir Wall|100\/100|[from] drain|[of] p2a: Big Belly Deli\n|faint|p2a: Big Belly Deli\n|-damage|p1a: Ymir Wall|91\/100|[from] item: Life Orb\n|\n|-weather|RainDance|[upkeep]\n|upkeep\n|\n|t:|1700437262\n|switch|p2a: Meatball Knight|Corviknight, M, shiny|48\/100\n|turn|12\n|\n|t:|1700437269\n|move|p1a: Ymir Wall|Weather Ball|p2a: Meatball Knight\n|-damage|p2a: Meatball Knight|0 fnt\n|faint|p2a: Meatball Knight\n|-damage|p1a: Ymir Wall|81\/100|[from] item: Life Orb\n|\n|-weather|RainDance|[upkeep]\n|upkeep\n|\n|t:|1700437275\n|switch|p2a: Duke of Reuben|Brambleghast, F|100\/100\n|turn|13\n|\n|t:|1700437281\n|-terastallize|p2a: Duke of Reuben|Ghost\n|move|p1a: Ymir Wall|Ice Beam|p2a: Duke of Reuben\n|-damage|p2a: Duke of Reuben|0 fnt\n|faint|p2a: Duke of Reuben\n|-damage|p1a: Ymir Wall|71\/100|[from] item: Life Orb\n|\n|-weather|none\n|upkeep\n|\n|t:|1700437285\n|switch|p2a: Cosby Cuban|Amoonguss, M|76\/100\n|turn|14\n|\n|t:|1700437288\n|move|p1a: Ymir Wall|Ice Beam|p2a: Cosby Cuban\n|-supereffective|p2a: Cosby Cuban\n|-damage|p2a: Cosby Cuban|9\/100\n|-damage|p1a: Ymir Wall|61\/100|[from] item: Life Orb\n|move|p2a: Cosby Cuban|Sludge Bomb|p1a: Ymir Wall\n|-damage|p1a: Ymir Wall|28\/100\n|\n|-heal|p2a: Cosby Cuban|15\/100|[from] item: Black Sludge\n|upkeep\n|turn|15\n|\n|t:|1700437293\n|move|p1a: Ymir Wall|Ice Beam|p2a: Cosby Cuban\n|-supereffective|p2a: Cosby Cuban\n|-damage|p2a: Cosby Cuban|0 fnt\n|faint|p2a: Cosby Cuban\n|-damage|p1a: Ymir Wall|18\/100|[from] item: Life Orb\n|\n|win|KingDuns\n|l|\u2606BossShuckle\n","uploadtime":1700437303,"views":44,"p1id":"kingduns","p2id":"bossshuckle","formatid":"gen9ubers","rating":0,"private":0,"password":""}