{"id":"gen9ubers-1979924553","p1":"Kizaco","p2":"leonissenbaum","format":"[Gen 9] Ubers","log":"|j|\u2606Kizaco\n|j|\u2606leonissenbaum\n|t:|1698730374\n|gametype|singles\n|player|p1|Kizaco|1|\n|player|p2|leonissenbaum|leon|\n|teamsize|p1|6\n|teamsize|p2|6\n|gen|9\n|tier|[Gen 9] Ubers\n|rule|Sleep Clause Mod: Limit one foe put to sleep\n|rule|Species Clause: Limit one of each Pok\u00e9mon\n|rule|OHKO Clause: OHKO moves are banned\n|rule|Evasion Items Clause: Evasion items are banned\n|rule|Evasion Moves Clause: Evasion moves are banned\n|rule|Endless Battle Clause: Forcing endless battles is banned\n|rule|HP Percentage Mod: HP is shown in percentages\n|clearpoke\n|poke|p1|Masquerain, M|\n|poke|p1|Arceus-Fire|\n|poke|p1|Basculegion-F, F|\n|poke|p1|Shaymin-Sky|\n|poke|p1|Gholdengo|\n|poke|p1|Magearna|\n|poke|p2|Giratina|\n|poke|p2|Gliscor, M|\n|poke|p2|Blissey, F|\n|poke|p2|Dondozo, F|\n|poke|p2|Clefable, M|\n|poke|p2|Espeon, F|\n|teampreview\n|c|\u2606leonissenbaum|gl!\n|c|\u2606Kizaco|you too :)\n|j| LadyMaria-Blue\n|\n|t:|1698730405\n|start\n|switch|p1a: Shaymin|Shaymin-Sky|100\/100\n|switch|p2a: Gliscor|Gliscor, M|100\/100\n|turn|1\n|j| the tr4sh man\n|\n|t:|1698730411\n|move|p2a: Gliscor|Protect|p2a: Gliscor\n|-singleturn|p2a: Gliscor|Protect\n|move|p1a: Shaymin|Seed Flare|p2a: Gliscor\n|-activate|p2a: Gliscor|move: Protect\n|\n|-status|p2a: Gliscor|tox|[from] item: Toxic Orb\n|upkeep\n|turn|2\n|j| Pajoomas!\n|\n|t:|1698730419\n|move|p1a: Shaymin|Seed Flare|p2a: Gliscor\n|-damage|p2a: Gliscor|28\/100 tox\n|-unboost|p2a: Gliscor|spd|2\n|move|p2a: Gliscor|Toxic Spikes|p1a: Shaymin\n|-sidestart|p1: Kizaco|move: Toxic Spikes\n|\n|-heal|p2a: Gliscor|41\/100 tox|[from] ability: Poison Heal\n|upkeep\n|turn|3\n|c| Pajoomas!|let's get this man on the council\n|c| LadyMaria-Blue|is that espeon\n|c|\u2606leonissenbaum|specs?\n|\n|t:|1698730428\n|move|p2a: Gliscor|Protect|p2a: Gliscor\n|-singleturn|p2a: Gliscor|Protect\n|move|p1a: Shaymin|Seed Flare|p2a: Gliscor\n|-activate|p2a: Gliscor|move: Protect\n|\n|-heal|p2a: Gliscor|53\/100 tox|[from] ability: Poison Heal\n|upkeep\n|turn|4\n|c|\u2606leonissenbaum|yes that is espeon\n|c|\u2606Kizaco|espeon kinda based ngl\n|\n|t:|1698730440\n|switch|p2a: Blissey|Blissey, F|100\/100\n|move|p1a: Shaymin|Seed Flare|p2a: Blissey\n|-damage|p2a: Blissey|76\/100\n|-unboost|p2a: Blissey|spd|2\n|\n|-heal|p2a: Blissey|82\/100|[from] item: Leftovers\n|upkeep\n|turn|5\n|\n|t:|1698730445\n|switch|p2a: Giratina|Giratina, shiny|100\/100\n|-ability|p2a: Giratina|Pressure\n|move|p1a: Shaymin|Seed Flare|p2a: Giratina\n|-resisted|p2a: Giratina\n|-damage|p2a: Giratina|81\/100\n|-unboost|p2a: Giratina|spd|2\n|\n|-heal|p2a: Giratina|87\/100|[from] item: Leftovers\n|upkeep\n|turn|6\n|\n|t:|1698730449\n|switch|p2a: Blissey|Blissey, F|82\/100\n|move|p1a: Shaymin|Seed Flare|p2a: Blissey\n|-damage|p2a: Blissey|56\/100\n|-unboost|p2a: Blissey|spd|2\n|\n|-heal|p2a: Blissey|62\/100|[from] item: Leftovers\n|upkeep\n|turn|7\n|\n|t:|1698730452\n|switch|p2a: Giratina|Giratina, shiny|87\/100\n|-ability|p2a: Giratina|Pressure\n|move|p1a: Shaymin|Seed Flare|p2a: Giratina\n|-resisted|p2a: Giratina\n|-damage|p2a: Giratina|68\/100\n|-unboost|p2a: Giratina|spd|2\n|\n|-heal|p2a: Giratina|75\/100|[from] item: Leftovers\n|upkeep\n|turn|8\n|\n|t:|1698730459\n|switch|p1a: Masquerain|Masquerain, M|100\/100\n|-ability|p1a: Masquerain|Intimidate|boost\n|-unboost|p2a: Giratina|atk|1\n|switch|p2a: Gliscor|Gliscor, M|53\/100 tox\n|\n|-heal|p2a: Gliscor|66\/100 tox|[from] ability: Poison Heal\n|upkeep\n|turn|9\n|\n|t:|1698730467\n|switch|p2a: Espeon|Espeon, F|100\/100\n|move|p1a: Masquerain|Sticky Web|p2a: Espeon\n|move|p2a: Espeon|Sticky Web|p1a: Masquerain|[from]ability: Magic Bounce\n|-sidestart|p1: Kizaco|move: Sticky Web\n|\n|upkeep\n|turn|10\n|c| LadyMaria-Blue|thats so much damage to *blissey*\n|\n|t:|1698730490\n|switch|p1a: Magearna|Magearna|100\/100\n|-activate|p1a: Magearna|move: Sticky Web\n|-unboost|p1a: Magearna|spe|1\n|move|p2a: Espeon|Thunder Wave|p1a: Magearna|[miss]\n|-miss|p2a: Espeon|p1a: Magearna\n|\n|upkeep\n|turn|11\n|\n|t:|1698730497\n|move|p2a: Espeon|Thunder Wave|p1a: Magearna\n|-status|p1a: Magearna|par\n|move|p1a: Magearna|Fleur Cannon|p2a: Espeon\n|-damage|p2a: Espeon|48\/100\n|-unboost|p1a: Magearna|spa|2\n|\n|upkeep\n|turn|12\n|\n|t:|1698730505\n|switch|p2a: Blissey|Blissey, F|62\/100\n|switch|p1a: Masquerain|Masquerain, M|100\/100\n|-ability|p1a: Masquerain|Intimidate|boost\n|-unboost|p2a: Blissey|atk|1\n|\n|-heal|p2a: Blissey|68\/100|[from] item: Leftovers\n|upkeep\n|turn|13\n|\n|t:|1698730508\n|switch|p2a: Espeon|Espeon, F|48\/100\n|move|p1a: Masquerain|U-turn|p2a: Espeon\n|-supereffective|p2a: Espeon\n|-damage|p2a: Espeon|3\/100\n|\n|t:|1698730512\n|switch|p1a: Arceus|Arceus-Fire|100\/100|[from] U-turn\n|-status|p1a: Arceus|psn\n|-activate|p1a: Arceus|move: Sticky Web\n|-unboost|p1a: Arceus|spe|1\n|\n|-damage|p1a: Arceus|88\/100 psn|[from] psn\n|upkeep\n|turn|14\n|\n|t:|1698730522\n|switch|p1a: Shaymin|Shaymin-Sky|100\/100\n|move|p2a: Espeon|Morning Sun|p2a: Espeon\n|-heal|p2a: Espeon|53\/100\n|\n|upkeep\n|turn|15\n|c| Pajoomas!|-1 pp\n|\n|t:|1698730530\n|move|p1a: Shaymin|Air Slash|p2a: Espeon\n|-damage|p2a: Espeon|10\/100\n|move|p2a: Espeon|Morning Sun|p2a: Espeon\n|-heal|p2a: Espeon|60\/100\n|\n|upkeep\n|turn|16\n|\n|t:|1698730538\n|switch|p2a: Blissey|Blissey, F|68\/100\n|move|p1a: Shaymin|Air Slash|p2a: Blissey\n|-damage|p2a: Blissey|52\/100\n|\n|-heal|p2a: Blissey|58\/100|[from] item: Leftovers\n|upkeep\n|turn|17\n|\n|t:|1698730546\n|move|p1a: Shaymin|Air Slash|p2a: Blissey\n|-damage|p2a: Blissey|43\/100\n|cant|p2a: Blissey|flinch\n|\n|-heal|p2a: Blissey|49\/100|[from] item: Leftovers\n|upkeep\n|turn|18\n|\n|t:|1698730549\n|move|p1a: Shaymin|Air Slash|p2a: Blissey\n|-damage|p2a: Blissey|32\/100\n|move|p2a: Blissey|Soft-Boiled|p2a: Blissey\n|-heal|p2a: Blissey|82\/100\n|\n|-heal|p2a: Blissey|88\/100|[from] item: Leftovers\n|upkeep\n|turn|19\n|\n|t:|1698730555\n|switch|p1a: Arceus|Arceus-Fire|88\/100 psn\n|-activate|p1a: Arceus|move: Sticky Web\n|-unboost|p1a: Arceus|spe|1\n|move|p2a: Blissey|Stealth Rock|p1a: Arceus\n|-sidestart|p1: Kizaco|move: Stealth Rock\n|\n|-heal|p2a: Blissey|95\/100|[from] item: Leftovers\n|-damage|p1a: Arceus|76\/100 psn|[from] psn\n|upkeep\n|turn|20\n|\n|t:|1698730569\n|switch|p2a: Dondozo|Dondozo, F|100\/100\n|move|p1a: Arceus|Flare Blitz|p2a: Dondozo\n|-resisted|p2a: Dondozo\n|-damage|p2a: Dondozo|84\/100\n|-damage|p1a: Arceus|59\/100 psn|[from] item: Rocky Helmet|[of] p2a: Dondozo\n|-damage|p1a: Arceus|53\/100 psn|[from] Recoil\n|\n|-damage|p1a: Arceus|41\/100 psn|[from] psn\n|upkeep\n|turn|21\n|\n|t:|1698730578\n|switch|p1a: Gholdengo|Gholdengo|100\/100\n|-activate|p1a: Gholdengo|move: Sticky Web\n|-unboost|p1a: Gholdengo|spe|1\n|-damage|p1a: Gholdengo|94\/100|[from] Stealth Rock\n|move|p2a: Dondozo|Waterfall|p1a: Gholdengo\n|-damage|p1a: Gholdengo|66\/100\n|\n|upkeep\n|turn|22\n|\n|t:|1698730593\n|move|p1a: Gholdengo|Make It Rain|p2a: Dondozo\n|-resisted|p2a: Dondozo\n|-damage|p2a: Dondozo|51\/100\n|-unboost|p1a: Gholdengo|spa|1\n|move|p2a: Dondozo|Waterfall|p1a: Gholdengo\n|-damage|p1a: Gholdengo|33\/100\n|\n|upkeep\n|turn|23\n|\n|t:|1698730602\n|switch|p1a: Arceus|Arceus-Fire|41\/100 psn\n|-activate|p1a: Arceus|move: Sticky Web\n|-unboost|p1a: Arceus|spe|1\n|-damage|p1a: Arceus|16\/100 psn|[from] Stealth Rock\n|move|p2a: Dondozo|Rest|p2a: Dondozo\n|-status|p2a: Dondozo|slp|[from] move: Rest\n|-heal|p2a: Dondozo|100\/100 slp|[silent]\n|\n|-damage|p1a: Arceus|3\/100 psn|[from] psn\n|upkeep\n|turn|24\n|\n|t:|1698730605\n|move|p1a: Arceus|Recover|p1a: Arceus\n|-heal|p1a: Arceus|54\/100 psn\n|cant|p2a: Dondozo|slp\n|move|p2a: Dondozo|Sleep Talk|p2a: Dondozo\n|move|p2a: Dondozo|Waterfall|p1a: Arceus|[from]move: Sleep Talk\n|-supereffective|p1a: Arceus\n|-damage|p1a: Arceus|17\/100 psn\n|\n|-damage|p1a: Arceus|4\/100 psn|[from] psn\n|upkeep\n|turn|25\n|\n|t:|1698730608\n|move|p1a: Arceus|Recover|p1a: Arceus\n|-heal|p1a: Arceus|54\/100 psn\n|cant|p2a: Dondozo|slp\n|move|p2a: Dondozo|Sleep Talk|p2a: Dondozo\n|move|p2a: Dondozo|Rest||[from]move: Sleep Talk|[still]\n|-fail|p2a: Dondozo\n|\n|-damage|p1a: Arceus|42\/100 psn|[from] psn\n|upkeep\n|turn|26\n|\n|t:|1698730610\n|move|p1a: Arceus|Recover|p1a: Arceus\n|-heal|p1a: Arceus|92\/100 psn\n|-curestatus|p2a: Dondozo|slp|[msg]\n|move|p2a: Dondozo|Waterfall|p1a: Arceus\n|-supereffective|p1a: Arceus\n|-damage|p1a: Arceus|54\/100 psn\n|\n|-damage|p1a: Arceus|42\/100 psn|[from] psn\n|upkeep\n|turn|27\n|c| LadyMaria-Blue|why waterfall and not liquidation?\n|\n|t:|1698730617\n|switch|p1a: Gholdengo|Gholdengo|33\/100\n|-activate|p1a: Gholdengo|move: Sticky Web\n|-unboost|p1a: Gholdengo|spe|1\n|-damage|p1a: Gholdengo|27\/100|[from] Stealth Rock\n|move|p2a: Dondozo|Waterfall|p1a: Gholdengo\n|-damage|p1a: Gholdengo|0 fnt\n|faint|p1a: Gholdengo\n|\n|upkeep\n|c|\u2606leonissenbaum|8 more pp\n|c| LadyMaria-Blue|fair\n|\n|t:|1698730623\n|switch|p1a: Masquerain|Masquerain, M|100\/100\n|-damage|p1a: Masquerain|51\/100|[from] Stealth Rock\n|-ability|p1a: Masquerain|Intimidate|boost\n|-unboost|p2a: Dondozo|atk|1\n|turn|28\n|\n|t:|1698730631\n|switch|p2a: Espeon|Espeon, F|60\/100\n|move|p1a: Masquerain|U-turn|p2a: Espeon\n|-supereffective|p2a: Espeon\n|-damage|p2a: Espeon|13\/100\n|\n|t:|1698730635\n|switch|p1a: Arceus|Arceus-Fire|42\/100 psn|[from] U-turn\n|-activate|p1a: Arceus|move: Sticky Web\n|-unboost|p1a: Arceus|spe|1\n|-damage|p1a: Arceus|17\/100 psn|[from] Stealth Rock\n|\n|-damage|p1a: Arceus|4\/100 psn|[from] psn\n|upkeep\n|turn|29\n|\n|t:|1698730643\n|move|p1a: Arceus|Extreme Speed|p2a: Espeon\n|-damage|p2a: Espeon|0 fnt\n|faint|p2a: Espeon\n|\n|-damage|p1a: Arceus|0 fnt|[from] psn\n|faint|p1a: Arceus\n|upkeep\n|\n|t:|1698730650\n|switch|p1a: Masquerain|Masquerain, M|51\/100\n|switch|p2a: Gliscor|Gliscor, M|66\/100 tox\n|-damage|p1a: Masquerain|1\/100|[from] Stealth Rock\n|-ability|p1a: Masquerain|Intimidate|boost\n|-unboost|p2a: Gliscor|atk|1\n|turn|30\n|\n|t:|1698730655\n|move|p1a: Masquerain|Sticky Web|p2a: Gliscor\n|-sidestart|p2: leonissenbaum|move: Sticky Web\n|move|p2a: Gliscor|Toxic Spikes|p1a: Masquerain\n|-sidestart|p1: Kizaco|move: Toxic Spikes\n|\n|-heal|p2a: Gliscor|78\/100 tox|[from] ability: Poison Heal\n|upkeep\n|turn|31\n|\n|t:|1698730660\n|move|p1a: Masquerain|Air Slash|p2a: Gliscor\n|-damage|p2a: Gliscor|58\/100 tox\n|move|p2a: Gliscor|Spikes|p1a: Masquerain\n|-sidestart|p1: Kizaco|Spikes\n|\n|-heal|p2a: Gliscor|70\/100 tox|[from] ability: Poison Heal\n|upkeep\n|turn|32\n|\n|t:|1698730665\n|switch|p1a: Shaymin|Shaymin-Sky|100\/100\n|-damage|p1a: Shaymin|76\/100|[from] Stealth Rock\n|move|p2a: Gliscor|Protect||[still]\n|-fail|p2a: Gliscor\n|\n|-heal|p2a: Gliscor|83\/100 tox|[from] ability: Poison Heal\n|upkeep\n|turn|33\n|\n|t:|1698730670\n|move|p2a: Gliscor|Protect|p2a: Gliscor\n|-singleturn|p2a: Gliscor|Protect\n|move|p1a: Shaymin|Air Slash|p2a: Gliscor\n|-activate|p2a: Gliscor|move: Protect\n|\n|-heal|p2a: Gliscor|95\/100 tox|[from] ability: Poison Heal\n|upkeep\n|turn|34\n|\n|t:|1698730674\n|move|p1a: Shaymin|Air Slash|p2a: Gliscor\n|-damage|p2a: Gliscor|49\/100 tox\n|cant|p2a: Gliscor|flinch\n|\n|-heal|p2a: Gliscor|62\/100 tox|[from] ability: Poison Heal\n|upkeep\n|turn|35\n|\n|t:|1698730680\n|move|p2a: Gliscor|Protect|p2a: Gliscor\n|-singleturn|p2a: Gliscor|Protect\n|move|p1a: Shaymin|Air Slash|p2a: Gliscor\n|-activate|p2a: Gliscor|move: Protect\n|\n|-heal|p2a: Gliscor|74\/100 tox|[from] ability: Poison Heal\n|upkeep\n|turn|36\n|\n|t:|1698730716\n|switch|p2a: Blissey|Blissey, F|95\/100\n|-activate|p2a: Blissey|move: Sticky Web\n|-unboost|p2a: Blissey|spe|1\n|move|p1a: Shaymin|Air Slash|p2a: Blissey\n|-damage|p2a: Blissey|78\/100\n|\n|-heal|p2a: Blissey|84\/100|[from] item: Leftovers\n|upkeep\n|turn|37\n|\n|t:|1698730720\n|switch|p1a: Magearna|Magearna|100\/100 par\n|-activate|p1a: Magearna|move: Sticky Web\n|-unboost|p1a: Magearna|spe|1\n|-damage|p1a: Magearna|94\/100 par|[from] Stealth Rock\n|-damage|p1a: Magearna|82\/100 par|[from] Spikes\n|move|p2a: Blissey|Seismic Toss|p1a: Magearna\n|-damage|p1a: Magearna|55\/100 par\n|\n|-heal|p2a: Blissey|90\/100|[from] item: Leftovers\n|-heal|p1a: Magearna|61\/100 par|[from] item: Leftovers\n|upkeep\n|turn|38\n|c| Pajoomas!|kizaco i would put thunderbolt on your ghold\n|c| Pajoomas!|for dozo\n|\n|t:|1698730731\n|move|p2a: Blissey|Seismic Toss|p1a: Magearna\n|-damage|p1a: Magearna|33\/100 par\n|move|p1a: Magearna|Thunder Wave|p2a: Blissey\n|-status|p2a: Blissey|par\n|\n|-heal|p1a: Magearna|39\/100 par|[from] item: Leftovers\n|-heal|p2a: Blissey|96\/100 par|[from] item: Leftovers\n|upkeep\n|turn|39\n|c| the tr4sh man|i would put focus punch for blissey\n|c|\u2606leonissenbaum|true\n|c|\u2606Kizaco|tried that, got walled to shit anyways, turns out switching is pretty common\n|\n|t:|1698730766\n|move|p1a: Magearna|Draining Kiss|p2a: Blissey\n|-crit|p2a: Blissey\n|-damage|p2a: Blissey|82\/100 par\n|-heal|p1a: Magearna|58\/100 par|[from] drain|[of] p2a: Blissey\n|cant|p2a: Blissey|par\n|\n|-heal|p1a: Magearna|64\/100 par|[from] item: Leftovers\n|-heal|p2a: Blissey|89\/100 par|[from] item: Leftovers\n|upkeep\n|turn|40\n|c| Pajoomas!|yea fair\n|\n|t:|1698730776\n|switch|p1a: Masquerain|Masquerain, M|1\/100\n|-damage|p1a: Masquerain|0 fnt|[from] Stealth Rock\n|faint|p1a: Masquerain\n|cant|p2a: Blissey|par\n|\n|-heal|p2a: Blissey|95\/100 par|[from] item: Leftovers\n|upkeep\n|\n|t:|1698730781\n|switch|p1a: Shaymin|Shaymin-Sky|76\/100\n|-damage|p1a: Shaymin|51\/100|[from] Stealth Rock\n|turn|41\n|c| Pajoomas!|hm\n|\n|t:|1698730786\n|move|p1a: Shaymin|Air Slash|p2a: Blissey\n|-damage|p2a: Blissey|76\/100 par\n|move|p2a: Blissey|Seismic Toss|p1a: Shaymin\n|-damage|p1a: Shaymin|21\/100\n|\n|-heal|p2a: Blissey|82\/100 par|[from] item: Leftovers\n|upkeep\n|turn|42\n|\n|t:|1698730792\n|switch|p1a: Magearna|Magearna|64\/100 par\n|-activate|p1a: Magearna|move: Sticky Web\n|-unboost|p1a: Magearna|spe|1\n|-damage|p1a: Magearna|58\/100 par|[from] Stealth Rock\n|-damage|p1a: Magearna|46\/100 par|[from] Spikes\n|move|p2a: Blissey|Seismic Toss|p1a: Magearna\n|-damage|p1a: Magearna|18\/100 par\n|\n|-heal|p1a: Magearna|24\/100 par|[from] item: Leftovers\n|-heal|p2a: Blissey|88\/100 par|[from] item: Leftovers\n|upkeep\n|turn|43\n|\n|t:|1698730802\n|switch|p1a: Shaymin|Shaymin-Sky|21\/100\n|-damage|p1a: Shaymin|0 fnt|[from] Stealth Rock\n|faint|p1a: Shaymin\n|move|p2a: Blissey|Seismic Toss|p1: Shaymin|[notarget]\n|-fail|p2a: Blissey\n|\n|-heal|p2a: Blissey|95\/100 par|[from] item: Leftovers\n|upkeep\n|c| the tr4sh man|give this basc some boots\n|c|\u2606Kizaco|boots loses to everything that isnt hazard stack since im not rain and cant give it 1 million speed\n|\n|t:|1698730833\n|switch|p1a: Basculegion|Basculegion-F, F|100\/100\n|-status|p1a: Basculegion|tox\n|-activate|p1a: Basculegion|move: Sticky Web\n|-unboost|p1a: Basculegion|spe|1\n|-damage|p1a: Basculegion|88\/100 tox|[from] Stealth Rock\n|-damage|p1a: Basculegion|76\/100 tox|[from] Spikes\n|turn|44\n|\n|t:|1698730843\n|move|p1a: Basculegion|Wave Crash|p2a: Blissey\n|-damage|p2a: Blissey|29\/100 par\n|-damage|p1a: Basculegion|39\/100 tox|[from] Recoil\n|move|p2a: Blissey|Shadow Ball|p1a: Basculegion\n|-supereffective|p1a: Basculegion\n|-damage|p1a: Basculegion|8\/100 tox\n|\n|-heal|p2a: Blissey|35\/100 par|[from] item: Leftovers\n|-damage|p1a: Basculegion|2\/100 tox|[from] psn\n|upkeep\n|turn|45\n|c| the tr4sh man|crying\n|c|\u2606Kizaco|me too\n|\n|t:|1698730853\n|move|p1a: Basculegion|Wave Crash|p2a: Blissey\n|-damage|p2a: Blissey|0 fnt\n|faint|p2a: Blissey\n|-damage|p1a: Basculegion|0 fnt|[from] Recoil\n|faint|p1a: Basculegion\n|\n|upkeep\n|c| Pajoomas!|rip\n|c|\u2606leonissenbaum|rip\n|c|\u2606leonissenbaum|gg\n|c| Pajoomas!|leon is the ultimate test\n|c| Pajoomas!|to see if your team is good enough to beat stall\n|c|\u2606Kizaco|its like i cant fix my team or i just open new holes + lose all the games ive already played\n|\n|t:|1698730878\n|switch|p1a: Magearna|Magearna|24\/100 par\n|switch|p2a: Giratina|Giratina, shiny|75\/100\n|-activate|p2a: Giratina|move: Sticky Web\n|-unboost|p2a: Giratina|spe|1\n|-ability|p2a: Giratina|Pressure\n|-activate|p1a: Magearna|move: Sticky Web\n|-unboost|p1a: Magearna|spe|1\n|-damage|p1a: Magearna|18\/100 par|[from] Stealth Rock\n|-damage|p1a: Magearna|6\/100 par|[from] Spikes\n|turn|46\n|\n|t:|1698730882\n|move|p2a: Giratina|Hex|p1a: Magearna\n|-damage|p1a: Magearna|0 fnt\n|faint|p1a: Magearna\n|\n|win|leonissenbaum\n","uploadtime":1698730890,"views":27,"p1id":"kizaco","p2id":"leonissenbaum","formatid":"gen9ubers","rating":0,"private":0,"password":""}