{"id":"gen9ubers-1975503407","p1":"Nitro524","p2":"Kabunger","format":"[Gen 9] Ubers","log":"|j|\u2606Nitro524\n|j|\u2606Kabunger\n|t:|1698198338\n|gametype|singles\n|player|p1|Nitro524|hilbert|\n|player|p2|Kabunger|hilda-wonderlauncher|\n|teamsize|p1|6\n|teamsize|p2|6\n|gen|9\n|tier|[Gen 9] Ubers\n|rule|Sleep Clause Mod: Limit one foe put to sleep\n|rule|Species Clause: Limit one of each Pok\u00e9mon\n|rule|OHKO Clause: OHKO moves are banned\n|rule|Evasion Items Clause: Evasion items are banned\n|rule|Evasion Moves Clause: Evasion moves are banned\n|rule|Endless Battle Clause: Forcing endless battles is banned\n|rule|HP Percentage Mod: HP is shown in percentages\n|clearpoke\n|poke|p1|Pelipper, F|\n|poke|p1|Arceus-Poison|\n|poke|p1|Zacian-*|\n|poke|p1|Palkia-Origin|\n|poke|p1|Basculegion-F, F|\n|poke|p1|Shaymin-Sky|\n|poke|p2|Arceus-Grass|\n|poke|p2|Sneasler, F|\n|poke|p2|Zacian-*|\n|poke|p2|Magearna|\n|poke|p2|Gliscor, M|\n|poke|p2|Giratina|\n|teampreview\n|inactive|Battle timer is ON: inactive players will automatically lose when time's up. (requested by Kabunger)\n|\n|t:|1698198362\n|start\n|switch|p1a: Pelipper|Pelipper, F|100\/100\n|switch|p2a: Magearna|Magearna|100\/100\n|-weather|RainDance|[from] ability: Drizzle|[of] p1a: Pelipper\n|turn|1\n|\n|t:|1698198368\n|move|p2a: Magearna|Volt Switch|p1a: Pelipper\n|-supereffective|p1a: Pelipper\n|-damage|p1a: Pelipper|7\/100\n|\n|t:|1698198378\n|switch|p2a: Gliscor|Gliscor, M|100\/100|[from] Volt Switch\n|move|p1a: Pelipper|Knock Off|p2a: Gliscor\n|-damage|p2a: Gliscor|91\/100\n|-enditem|p2a: Gliscor|Toxic Orb|[from] move: Knock Off|[of] p1a: Pelipper\n|\n|-weather|RainDance|[upkeep]\n|upkeep\n|turn|2\n|\n|t:|1698198392\n|switch|p1a: Shaymin|Shaymin-Sky|100\/100\n|move|p2a: Gliscor|Knock Off|p1a: Shaymin\n|-damage|p1a: Shaymin|76\/100\n|-enditem|p1a: Shaymin|Heavy-Duty Boots|[from] move: Knock Off|[of] p2a: Gliscor\n|\n|-weather|RainDance|[upkeep]\n|upkeep\n|turn|3\n|\n|t:|1698198402\n|move|p1a: Shaymin|Seed Flare|p2a: Gliscor\n|-damage|p2a: Gliscor|27\/100\n|-unboost|p2a: Gliscor|spd|2\n|move|p2a: Gliscor|Toxic|p1a: Shaymin\n|-status|p1a: Shaymin|tox\n|\n|-weather|RainDance|[upkeep]\n|-damage|p1a: Shaymin|69\/100 tox|[from] psn\n|upkeep\n|turn|4\n|\n|t:|1698198416\n|switch|p2a: Arceus|Arceus-Grass|100\/100\n|move|p1a: Shaymin|Air Slash|p2a: Arceus\n|-supereffective|p2a: Arceus\n|-damage|p2a: Arceus|51\/100\n|\n|-weather|RainDance|[upkeep]\n|-damage|p1a: Shaymin|57\/100 tox|[from] psn\n|upkeep\n|turn|5\n|\n|t:|1698198425\n|move|p1a: Shaymin|Air Slash|p2a: Arceus\n|-supereffective|p2a: Arceus\n|-damage|p2a: Arceus|2\/100\n|move|p2a: Arceus|Stealth Rock|p1a: Shaymin\n|-sidestart|p1: Nitro524|move: Stealth Rock\n|\n|-weather|RainDance|[upkeep]\n|-damage|p1a: Shaymin|39\/100 tox|[from] psn\n|upkeep\n|turn|6\n|\n|t:|1698198429\n|switch|p2a: Gliscor|Gliscor, M|27\/100\n|move|p1a: Shaymin|Air Slash|p2a: Gliscor\n|-damage|p2a: Gliscor|0 fnt\n|faint|p2a: Gliscor\n|\n|-weather|RainDance|[upkeep]\n|-damage|p1a: Shaymin|14\/100 tox|[from] psn\n|upkeep\n|\n|t:|1698198442\n|switch|p2a: Magearna|Magearna|100\/100\n|turn|7\n|\n|t:|1698198448\n|move|p1a: Shaymin|Healing Wish|p1a: Shaymin\n|faint|p1a: Shaymin\n|-ability|p2a: Magearna|Soul-Heart|boost\n|-boost|p2a: Magearna|spa|1\n|move|p2a: Magearna|Spikes|p1: Shaymin\n|-sidestart|p1: Nitro524|Spikes\n|\n|-weather|RainDance|[upkeep]\n|upkeep\n|\n|t:|1698198450\n|switch|p1a: Pelipper|Pelipper, F|7\/100\n|-heal|p1a: Pelipper|100\/100|[from] move: Healing Wish\n|-damage|p1a: Pelipper|75\/100|[from] Stealth Rock\n|turn|8\n|\n|t:|1698198469\n|switch|p1a: Arceus|Arceus-Poison|100\/100\n|-damage|p1a: Arceus|88\/100|[from] Stealth Rock\n|-damage|p1a: Arceus|76\/100|[from] Spikes\n|move|p2a: Magearna|Fleur Cannon|p1a: Arceus\n|-resisted|p1a: Arceus\n|-damage|p1a: Arceus|41\/100\n|-unboost|p2a: Magearna|spa|2\n|\n|-weather|none\n|upkeep\n|turn|9\n|\n|t:|1698198476\n|move|p1a: Arceus|Recover|p1a: Arceus\n|-heal|p1a: Arceus|91\/100\n|move|p2a: Magearna|Spikes|p1a: Arceus\n|-sidestart|p1: Nitro524|Spikes\n|\n|upkeep\n|turn|10\n|\n|t:|1698198479\n|move|p1a: Arceus|Earth Power|p2a: Magearna\n|-supereffective|p2a: Magearna\n|-damage|p2a: Magearna|63\/100\n|move|p2a: Magearna|Spikes|p1a: Arceus\n|-sidestart|p1: Nitro524|Spikes\n|\n|-heal|p2a: Magearna|69\/100|[from] item: Leftovers\n|upkeep\n|turn|11\n|\n|t:|1698198492\n|move|p1a: Arceus|Earth Power|p2a: Magearna\n|-supereffective|p2a: Magearna\n|-damage|p2a: Magearna|28\/100\n|move|p2a: Magearna|Volt Switch|p1a: Arceus\n|-damage|p1a: Arceus|78\/100\n|\n|t:|1698198497\n|switch|p2a: Arceus|Arceus-Grass|2\/100|[from] Volt Switch\n|\n|upkeep\n|turn|12\n|\n|t:|1698198505\n|move|p1a: Arceus|Judgment|p2a: Arceus\n|-supereffective|p2a: Arceus\n|-damage|p2a: Arceus|0 fnt\n|faint|p2a: Arceus\n|\n|upkeep\n|\n|t:|1698198534\n|switch|p2a: Tax Evasion|Sneasler, F|100\/100\n|turn|13\n|\n|t:|1698198550\n|move|p1a: Arceus|Earth Power|p2a: Tax Evasion\n|-supereffective|p2a: Tax Evasion\n|-damage|p2a: Tax Evasion|36\/100\n|move|p2a: Tax Evasion|Swords Dance|p2a: Tax Evasion\n|-boost|p2a: Tax Evasion|atk|2\n|\n|upkeep\n|turn|14\n|\n|t:|1698198555\n|move|p2a: Tax Evasion|Endure|p2a: Tax Evasion\n|-singleturn|p2a: Tax Evasion|move: Endure\n|move|p1a: Arceus|Earth Power|p2a: Tax Evasion\n|-supereffective|p2a: Tax Evasion\n|-activate|p2a: Tax Evasion|move: Endure\n|-damage|p2a: Tax Evasion|1\/100\n|-enditem|p2a: Tax Evasion|Liechi Berry|[eat]\n|-boost|p2a: Tax Evasion|atk|1|[from] item: Liechi Berry\n|\n|upkeep\n|turn|15\n|\n|t:|1698198566\n|move|p2a: Tax Evasion|Reversal|p1a: Arceus\n|-resisted|p1a: Arceus\n|-damage|p1a: Arceus|0 fnt\n|faint|p1a: Arceus\n|\n|upkeep\n|\n|t:|1698198572\n|switch|p1a: Basculegion|Basculegion-F, F|100\/100\n|-damage|p1a: Basculegion|88\/100|[from] Stealth Rock\n|-damage|p1a: Basculegion|63\/100|[from] Spikes\n|turn|16\n|\n|t:|1698198576\n|move|p1a: Basculegion|Aqua Jet|p2a: Tax Evasion\n|-damage|p2a: Tax Evasion|0 fnt\n|faint|p2a: Tax Evasion\n|\n|upkeep\n|\n|t:|1698198580\n|switch|p2a: Zacian|Zacian|100\/100\n|-ability|p2a: Zacian|Intrepid Sword|boost\n|-boost|p2a: Zacian|atk|1\n|turn|17\n|\n|t:|1698198596\n|switch|p1a: Pelipper|Pelipper, F|75\/100\n|-damage|p1a: Pelipper|50\/100|[from] Stealth Rock\n|-weather|RainDance|[from] ability: Drizzle|[of] p1a: Pelipper\n|move|p2a: Zacian|Swords Dance|p2a: Zacian\n|-boost|p2a: Zacian|atk|2\n|\n|-weather|RainDance|[upkeep]\n|upkeep\n|turn|18\n|\n|t:|1698198608\n|move|p2a: Zacian|Play Rough|p1a: Pelipper\n|-damage|p1a: Pelipper|0 fnt\n|faint|p1a: Pelipper\n|\n|-weather|RainDance|[upkeep]\n|upkeep\n|inactive|Nitro524 has 270 seconds left.\n|\n|t:|1698198649\n|switch|p1a: Zacian|Zacian|100\/100\n|-ability|p1a: Zacian|Intrepid Sword|boost\n|-boost|p1a: Zacian|atk|1\n|turn|19\n|inactive|Nitro524 has 240 seconds left.\n|\n|t:|1698198670\n|move|p1a: Zacian|Play Rough|p2a: Zacian\n|-damage|p2a: Zacian|47\/100\n|move|p2a: Zacian|Play Rough|p1a: Zacian\n|-damage|p1a: Zacian|0 fnt\n|faint|p1a: Zacian\n|\n|-weather|RainDance|[upkeep]\n|upkeep\n|inactive|Nitro524 has 240 seconds left.\n|\n|t:|1698198684\n|switch|p1a: Basculegion|Basculegion-F, F|63\/100\n|-damage|p1a: Basculegion|51\/100|[from] Stealth Rock\n|-damage|p1a: Basculegion|26\/100|[from] Spikes\n|turn|20\n|inactive|Nitro524 has 240 seconds left.\n|\n|t:|1698198692\n|switch|p2a: Magearna|Magearna|28\/100\n|move|p1a: Basculegion|Last Respects|p2a: Magearna\n|-damage|p2a: Magearna|0 fnt\n|faint|p2a: Magearna\n|\n|-weather|RainDance|[upkeep]\n|upkeep\n|\n|t:|1698198696\n|switch|p2a: Giratina|Giratina|100\/100\n|-ability|p2a: Giratina|Pressure\n|turn|21\n|\n|t:|1698198707\n|-terastallize|p2a: Giratina|Fairy\n|move|p1a: Basculegion|Last Respects|p2a: Giratina\n|-damage|p2a: Giratina|20\/100\n|move|p2a: Giratina|Shadow Ball|p1a: Basculegion\n|-supereffective|p1a: Basculegion\n|-damage|p1a: Basculegion|0 fnt\n|faint|p1a: Basculegion\n|\n|-weather|RainDance|[upkeep]\n|-heal|p2a: Giratina|26\/100|[from] item: Leftovers\n|upkeep\n|\n|t:|1698198710\n|switch|p1a: Palkia|Palkia-Origin|100\/100\n|-damage|p1a: Palkia|88\/100|[from] Stealth Rock\n|-damage|p1a: Palkia|63\/100|[from] Spikes\n|-ability|p1a: Palkia|Pressure\n|turn|22\n|\n|t:|1698198715\n|move|p1a: Palkia|Hydro Pump|p2a: Giratina|[miss]\n|-miss|p1a: Palkia|p2a: Giratina\n|move|p2a: Giratina|Shadow Ball|p1a: Palkia\n|-damage|p1a: Palkia|36\/100\n|\n|-weather|RainDance|[upkeep]\n|-heal|p2a: Giratina|32\/100|[from] item: Leftovers\n|upkeep\n|turn|23\n|\n|t:|1698198719\n|move|p1a: Palkia|Hydro Pump|p2a: Giratina\n|-damage|p2a: Giratina|0 fnt\n|faint|p2a: Giratina\n|\n|-weather|RainDance|[upkeep]\n|upkeep\n|\n|t:|1698198722\n|switch|p2a: Zacian|Zacian|47\/100\n|turn|24\n|\n|t:|1698198731\n|-terastallize|p1a: Palkia|Fairy\n|move|p2a: Zacian|Play Rough|p1a: Palkia\n|-damage|p1a: Palkia|0 fnt\n|faint|p1a: Palkia\n|\n|win|Kabunger\n","uploadtime":1698198741,"views":26,"p1id":"nitro524","p2id":"kabunger","formatid":"gen9ubers","rating":0,"private":0,"password":""}