{"id":"gen9ubers-1996650476","p1":"Inarinokamen","p2":"sweepy boi","format":"[Gen 9] Ubers","log":"|j|\u2606Inarinokamen\n|j|\u2606sweepy boi\n|t:|1700705207\n|gametype|singles\n|player|p1|Inarinokamen|red-masters2|\n|player|p2|sweepy boi|skyla|\n|teamsize|p1|6\n|teamsize|p2|6\n|gen|9\n|tier|[Gen 9] Ubers\n|rule|Sleep Clause Mod: Limit one foe put to sleep\n|rule|Species Clause: Limit one of each Pok\u00e9mon\n|rule|OHKO Clause: OHKO moves are banned\n|rule|Evasion Items Clause: Evasion items are banned\n|rule|Evasion Moves Clause: Evasion moves are banned\n|rule|Endless Battle Clause: Forcing endless battles is banned\n|rule|HP Percentage Mod: HP is shown in percentages\n|clearpoke\n|poke|p1|Greninja-*, M|\n|poke|p1|Slowking-Galar, F|\n|poke|p1|Samurott, M|\n|poke|p1|Weezing-Galar, F|\n|poke|p1|Lucario, M|\n|poke|p1|Iron Jugulis|\n|poke|p2|Dugtrio, F|\n|poke|p2|Diglett, M|\n|poke|p2|Gothitelle, F|\n|poke|p2|Gothorita, F|\n|poke|p2|Lucario, F|\n|poke|p2|Veluza, F|\n|teampreview\n|inactive|Battle timer is ON: inactive players will automatically lose when time's up. (requested by Inarinokamen)\n|c|\u2606Inarinokamen|Idk what you\u2019re cooking but\n|c|\u2606Inarinokamen|I like it\n|c|\u2606sweepy boi|i havent tested this one\n|inactive|Inarinokamen has 270 seconds left.\n|\n|t:|1700705242\n|start\n|switch|p1a: Samurott|Samurott, M|100\/100\n|switch|p2a: Gothorita|Gothorita, F|100\/100\n|turn|1\n|c|\u2606sweepy boi|i think veluza has a lot of potential even off of meme teams\n|\n|t:|1700705259\n|move|p2a: Gothorita|Trick|p1a: Samurott\n|-activate|p2a: Gothorita|move: Trick|[of] p1a: Samurott\n|-item|p1a: Samurott|Choice Scarf|[from] move: Trick\n|-item|p2a: Gothorita|Assault Vest|[from] move: Trick\n|move|p1a: Samurott|Knock Off|p2a: Gothorita\n|-supereffective|p2a: Gothorita\n|-damage|p2a: Gothorita|17\/100\n|-enditem|p2a: Gothorita|Assault Vest|[from] move: Knock Off|[of] p1a: Samurott\n|\n|upkeep\n|turn|2\n|\n|t:|1700705272\n|move|p1a: Samurott|Knock Off|p2a: Gothorita\n|-supereffective|p2a: Gothorita\n|-crit|p2a: Gothorita\n|-damage|p2a: Gothorita|0 fnt\n|faint|p2a: Gothorita\n|\n|upkeep\n|inactive|sweepy boi has 270 seconds left.\n|\n|t:|1700705304\n|switch|p2a: Dugtrio|Dugtrio, F|100\/100\n|turn|3\n|\n|t:|1700705331\n|move|p2a: Dugtrio|Mud Shot|p1a: Samurott\n|-damage|p1a: Samurott|87\/100\n|-unboost|p1a: Samurott|spe|1\n|move|p1a: Samurott|Knock Off|p2a: Dugtrio\n|-damage|p2a: Dugtrio|33\/100\n|-enditem|p2a: Dugtrio|Focus Sash|[from] move: Knock Off|[of] p1a: Samurott\n|\n|upkeep\n|turn|4\n|c|\u2606Inarinokamen|Oh it\u2019s not final gambit\n|c|\u2606Inarinokamen|I thought it was going to do was LC diglet used to do\n|\n|t:|1700705359\n|move|p2a: Dugtrio|Charm|p1a: Samurott\n|-unboost|p1a: Samurott|atk|2\n|move|p1a: Samurott|Knock Off|p2a: Dugtrio\n|-damage|p2a: Dugtrio|10\/100\n|\n|upkeep\n|turn|5\n|inactive|sweepy boi has 240 seconds left.\n|\n|t:|1700705386\n|move|p2a: Dugtrio|Charm|p1a: Samurott\n|-unboost|p1a: Samurott|atk|2\n|move|p1a: Samurott|Knock Off|p2a: Dugtrio\n|-damage|p2a: Dugtrio|0 fnt\n|faint|p2a: Dugtrio\n|\n|upkeep\n|inactive|sweepy boi has 210 seconds left.\n|\n|t:|1700705421\n|switch|p2a: Veluza|Veluza, F|100\/100\n|-ability|p2a: Veluza|Mold Breaker\n|turn|6\n|c|\u2606Inarinokamen|Wait you said veluza has potential?\n|c|\u2606Inarinokamen|is it a stored power sweeper?\n|c|\u2606sweepy boi|yeah but i may or may not of forgot to set my tera\n|c|\u2606Inarinokamen|Oh rip\n|inactive|Inarinokamen has 270 seconds left.\n|\n|t:|1700705455\n|move|p2a: Veluza|Substitute|p2a: Veluza\n|-start|p2a: Veluza|Substitute\n|-damage|p2a: Veluza|76\/100\n|move|p1a: Samurott|Knock Off|p2a: Veluza\n|-supereffective|p2a: Veluza\n|-end|p2a: Veluza|Substitute\n|\n|upkeep\n|turn|7\n|\n|t:|1700705466\n|-terastallize|p2a: Veluza|Water\n|move|p2a: Veluza|Fillet Away|p2a: Veluza\n|-boost|p2a: Veluza|atk|2\n|-boost|p2a: Veluza|spa|2\n|-boost|p2a: Veluza|spe|2\n|-damage|p2a: Veluza|26\/100\n|move|p1a: Samurott|Knock Off|p2a: Veluza\n|-damage|p2a: Veluza|10\/100\n|-enditem|p2a: Veluza|Petaya Berry|[from] move: Knock Off|[of] p1a: Samurott\n|\n|upkeep\n|turn|8\n|\n|t:|1700705476\n|move|p2a: Veluza|Stored Power|p1a: Samurott\n|-damage|p1a: Samurott|0 fnt\n|faint|p1a: Samurott\n|\n|upkeep\n|\n|t:|1700705483\n|switch|p1a: Lucario|Lucario, M|100\/100\n|turn|9\n|c|\u2606sweepy boi|its supposed ot be tera ghost for this\n|\n|t:|1700705495\n|move|p1a: Lucario|Extreme Speed|p2a: Veluza\n|-damage|p2a: Veluza|0 fnt\n|faint|p2a: Veluza\n|\n|upkeep\n|\n|t:|1700705503\n|switch|p2a: Diglett|Diglett, M|100\/100\n|turn|10\n|c|\u2606Inarinokamen|Tera ghost sounds raw if not for the fact dark types still fuck you\n|inactive|sweepy boi has 210 seconds left.\n|c|\u2606sweepy boi|i mean darkrai is the big one\n|c|\u2606Inarinokamen|Yeah\n|c|\u2606Inarinokamen|why not go like\n|\n|t:|1700705548\n|-terastallize|p1a: Lucario|Normal\n|move|p1a: Lucario|Extreme Speed|p2a: Diglett\n|-damage|p2a: Diglett|0 fnt\n|faint|p2a: Diglett\n|\n|upkeep\n|c|\u2606Inarinokamen|tera fairy tera blast?\n|\n|t:|1700705561\n|switch|p2a: Lucario|Lucario, F|100\/100\n|turn|11\n|\n|t:|1700705570\n|move|p1a: Lucario|Drain Punch|p2a: Lucario\n|-supereffective|p2a: Lucario\n|-damage|p2a: Lucario|0 fnt\n|faint|p2a: Lucario\n|\n|upkeep\n|\n|t:|1700705573\n|switch|p2a: Gothitelle|Gothitelle, F|100\/100\n|turn|12\n|\n|t:|1700705577\n|move|p1a: Lucario|Extreme Speed|p2a: Gothitelle\n|-damage|p2a: Gothitelle|60\/100\n|move|p2a: Gothitelle|Trick Room|p2a: Gothitelle\n|-fieldstart|move: Trick Room|[of] p2a: Gothitelle\n|\n|upkeep\n|turn|13\n|\n|t:|1700705583\n|move|p2a: Gothitelle|Zen Headbutt|p1a: Lucario\n|-damage|p1a: Lucario|57\/100\n|move|p1a: Lucario|Meteor Mash|p2a: Gothitelle\n|-damage|p2a: Gothitelle|18\/100\n|\n|-heal|p1a: Lucario|63\/100|[from] item: Leftovers\n|upkeep\n|turn|14\n|\n|t:|1700705588\n|move|p1a: Lucario|Extreme Speed|p2a: Gothitelle\n|-damage|p2a: Gothitelle|0 fnt\n|faint|p2a: Gothitelle\n|\n|win|Inarinokamen\n","uploadtime":1700705593,"views":2,"p1id":"inarinokamen","p2id":"sweepyboi","formatid":"gen9ubers","rating":0,"private":0,"password":""}