{"id":"gen9ubers-1979105705","p1":"Shirou nanaya","p2":"LadyMaria-Blue","format":"[Gen 9] Ubers","log":"|j|\u2606Shirou nanaya\n|j|\u2606LadyMaria-Blue\n|t:|1698632908\n|gametype|singles\n|player|p1|Shirou nanaya|benga|\n|player|p2|LadyMaria-Blue|cynthia|\n|teamsize|p1|6\n|teamsize|p2|6\n|gen|9\n|tier|[Gen 9] Ubers\n|rule|Sleep Clause Mod: Limit one foe put to sleep\n|rule|Species Clause: Limit one of each Pok\u00e9mon\n|rule|OHKO Clause: OHKO moves are banned\n|rule|Evasion Items Clause: Evasion items are banned\n|rule|Evasion Moves Clause: Evasion moves are banned\n|rule|Endless Battle Clause: Forcing endless battles is banned\n|rule|HP Percentage Mod: HP is shown in percentages\n|clearpoke\n|poke|p1|Darkrai|\n|poke|p1|Dialga|\n|poke|p1|Landorus, M|\n|poke|p1|Giratina|\n|poke|p1|Avalugg-Hisui, M|\n|poke|p1|Palafin, M|\n|poke|p2|Torkoal, F|\n|poke|p2|Dragapult, F|\n|poke|p2|Magearna|\n|poke|p2|Volcanion|\n|poke|p2|Chi-Yu|\n|poke|p2|Walking Wake|\n|teampreview\n|inactive|Battle timer is ON: inactive players will automatically lose when time's up. (requested by Shirou nanaya)\n|\n|t:|1698632923\n|start\n|switch|p1a: Avalugg|Avalugg-Hisui, M|100\/100\n|switch|p2a: Torkoal|Torkoal, F|100\/100\n|-weather|SunnyDay|[from] ability: Drought|[of] p2a: Torkoal\n|turn|1\n|\n|t:|1698632931\n|move|p1a: Avalugg|Rock Blast|p2a: Torkoal\n|-supereffective|p2a: Torkoal\n|-damage|p2a: Torkoal|82\/100\n|-supereffective|p2a: Torkoal\n|-damage|p2a: Torkoal|64\/100\n|-hitcount|p2a: Torkoal|2\n|move|p2a: Torkoal|Yawn|p1a: Avalugg\n|-start|p1a: Avalugg|move: Yawn|[of] p2a: Torkoal\n|\n|-weather|SunnyDay|[upkeep]\n|upkeep\n|turn|2\n|\n|t:|1698632938\n|switch|p1a: Landorus|Landorus, M|100\/100\n|move|p2a: Torkoal|Stealth Rock|p1a: Landorus\n|-sidestart|p1: Shirou nanaya|move: Stealth Rock\n|\n|-weather|SunnyDay|[upkeep]\n|upkeep\n|turn|3\n|\n|t:|1698632941\n|move|p1a: Landorus|Earth Power|p2a: Torkoal\n|-supereffective|p2a: Torkoal\n|-damage|p2a: Torkoal|0 fnt\n|faint|p2a: Torkoal\n|\n|-weather|SunnyDay|[upkeep]\n|upkeep\n|\n|t:|1698632947\n|switch|p2a: Walking Wake|Walking Wake|100\/100\n|-activate|p2a: Walking Wake|ability: Protosynthesis\n|-start|p2a: Walking Wake|protosynthesisspe\n|turn|4\n|\n|t:|1698632967\n|switch|p1a: Darkrai|Darkrai|100\/100\n|-damage|p1a: Darkrai|88\/100|[from] Stealth Rock\n|move|p2a: Walking Wake|Hydro Steam|p1a: Darkrai\n|-damage|p1a: Darkrai|0 fnt\n|faint|p1a: Darkrai\n|\n|-weather|SunnyDay|[upkeep]\n|upkeep\n|\n|t:|1698632974\n|switch|p1a: Dialga|Dialga|100\/100\n|-damage|p1a: Dialga|94\/100|[from] Stealth Rock\n|-ability|p1a: Dialga|Pressure\n|turn|5\n|\n|t:|1698632985\n|-end|p2a: Walking Wake|Protosynthesis|[silent]\n|switch|p2a: Volcanion|Volcanion|100\/100\n|move|p1a: Dialga|Bulk Up|p1a: Dialga\n|-boost|p1a: Dialga|atk|1\n|-boost|p1a: Dialga|def|1\n|\n|-weather|SunnyDay|[upkeep]\n|upkeep\n|turn|6\n|\n|t:|1698632997\n|move|p1a: Dialga|Earthquake|p2a: Volcanion\n|-supereffective|p2a: Volcanion\n|-damage|p2a: Volcanion|25\/100\n|move|p2a: Volcanion|Earth Power|p1a: Dialga\n|-supereffective|p1a: Dialga\n|-damage|p1a: Dialga|38\/100\n|\n|-weather|SunnyDay|[upkeep]\n|upkeep\n|turn|7\n|\n|t:|1698633000\n|move|p1a: Dialga|Scale Shot|p2a: Volcanion\n|-damage|p2a: Volcanion|11\/100\n|-damage|p2a: Volcanion|0 fnt\n|faint|p2a: Volcanion\n|-hitcount|p2: Volcanion|2\n|-unboost|p1a: Dialga|def|1\n|-boost|p1a: Dialga|spe|1\n|\n|-weather|SunnyDay|[upkeep]\n|upkeep\n|\n|t:|1698633005\n|switch|p2a: Chi-Yu|Chi-Yu|100\/100\n|-ability|p2a: Chi-Yu|Beads of Ruin\n|turn|8\n|\n|t:|1698633013\n|move|p2a: Chi-Yu|Flamethrower|p1a: Dialga\n|-crit|p1a: Dialga\n|-damage|p1a: Dialga|0 fnt\n|faint|p1a: Dialga\n|\n|-weather|none\n|upkeep\n|\n|t:|1698633021\n|switch|p1a: Palafin|Palafin, M|100\/100\n|-damage|p1a: Palafin|88\/100|[from] Stealth Rock\n|turn|9\n|\n|t:|1698633025\n|switch|p2a: Walking Wake|Walking Wake|100\/100\n|move|p1a: Palafin|Jet Punch|p2a: Walking Wake\n|-resisted|p2a: Walking Wake\n|-damage|p2a: Walking Wake|93\/100\n|\n|upkeep\n|turn|10\n|\n|t:|1698633031\n|detailschange|p1a: Palafin|Palafin-Hero, M\n|switch|p1a: Avalugg|Avalugg-Hisui, M|100\/100\n|-damage|p1a: Avalugg|76\/100|[from] Stealth Rock\n|move|p2a: Walking Wake|Flip Turn|p1a: Avalugg\n|-supereffective|p1a: Avalugg\n|-damage|p1a: Avalugg|58\/100\n|\n|t:|1698633038\n|-end|p2a: Walking Wake|Protosynthesis|[silent]\n|switch|p2a: Chi-Yu|Chi-Yu|100\/100|[from] Flip Turn\n|-ability|p2a: Chi-Yu|Beads of Ruin\n|\n|upkeep\n|turn|11\n|\n|t:|1698633054\n|move|p2a: Chi-Yu|Fire Blast|p1a: Avalugg\n|-damage|p1a: Avalugg|0 fnt\n|faint|p1a: Avalugg\n|\n|upkeep\n|\n|t:|1698633058\n|switch|p1a: Palafin|Palafin-Hero, M|88\/100\n|-damage|p1a: Palafin|76\/100|[from] Stealth Rock\n|-activate|p1a: Palafin|ability: Zero to Hero\n|turn|12\n|\n|t:|1698633063\n|switch|p2a: Walking Wake|Walking Wake|93\/100\n|move|p1a: Palafin|Flip Turn|p2a: Walking Wake\n|-resisted|p2a: Walking Wake\n|-damage|p2a: Walking Wake|79\/100\n|\n|t:|1698633070\n|switch|p1a: Giratina|Giratina|100\/100|[from] Flip Turn\n|-damage|p1a: Giratina|88\/100|[from] Stealth Rock\n|-ability|p1a: Giratina|Pressure\n|\n|-heal|p1a: Giratina|94\/100|[from] item: Leftovers\n|upkeep\n|turn|13\n|\n|t:|1698633086\n|move|p2a: Walking Wake|Dragon Pulse|p1a: Giratina\n|-supereffective|p1a: Giratina\n|-damage|p1a: Giratina|19\/100\n|move|p1a: Giratina|Shadow Ball|p2a: Walking Wake\n|-damage|p2a: Walking Wake|47\/100\n|\n|-heal|p1a: Giratina|25\/100|[from] item: Leftovers\n|upkeep\n|turn|14\n|\n|t:|1698633091\n|move|p2a: Walking Wake|Dragon Pulse|p1a: Giratina\n|-supereffective|p1a: Giratina\n|-damage|p1a: Giratina|0 fnt\n|faint|p1a: Giratina\n|\n|upkeep\n|\n|t:|1698633101\n|switch|p1a: Landorus|Landorus, M|100\/100\n|-damage|p1a: Landorus|88\/100|[from] Stealth Rock\n|turn|15\n|\n|t:|1698633107\n|move|p2a: Walking Wake|Dragon Pulse|p1a: Landorus\n|-damage|p1a: Landorus|2\/100\n|move|p1a: Landorus|Earth Power|p2a: Walking Wake\n|-damage|p2a: Walking Wake|0 fnt\n|faint|p2a: Walking Wake\n|-end|p2a: Walking Wake|Protosynthesis|[silent]\n|\n|upkeep\n|\n|t:|1698633115\n|switch|p2a: Dragapult|Dragapult, F|100\/100\n|turn|16\n|\n|t:|1698633117\n|move|p2a: Dragapult|U-turn|p1a: Landorus\n|-resisted|p1a: Landorus\n|-damage|p1a: Landorus|0 fnt\n|faint|p1a: Landorus\n|\n|t:|1698633120\n|switch|p2a: Magearna|Magearna|100\/100|[from] U-turn\n|\n|upkeep\n|\n|t:|1698633122\n|switch|p1a: Palafin|Palafin-Hero, M|76\/100\n|-damage|p1a: Palafin|64\/100|[from] Stealth Rock\n|turn|17\n|\n|t:|1698633124\n|-terastallize|p1a: Palafin|Water\n|move|p1a: Palafin|Jet Punch|p2a: Magearna\n|-damage|p2a: Magearna|29\/100\n|move|p2a: Magearna|Fleur Cannon|p1a: Palafin\n|-damage|p1a: Palafin|0 fnt\n|-unboost|p2a: Magearna|spa|2\n|faint|p1a: Palafin\n|-damage|p2a: Magearna|19\/100|[from] item: Life Orb\n|\n|win|LadyMaria-Blue\n|c|\u2606Shirou nanaya|Gg\n|c|\u2606LadyMaria-Blue|ggs\n","uploadtime":1698633139,"views":10,"p1id":"shirounanaya","p2id":"ladymariablue","formatid":"gen9ubers","rating":0,"private":0,"password":""}