{"id":"gen9ubers-1977006674","p1":"vkhss","p2":"PokeArt2004\u2764","format":"[Gen 9] Ubers","log":"|j|\u2606vkhss\n|j|\u2606PokeArt2004\u2764\n|inactive|Battle timer is ON: inactive players will automatically lose when time's up.\n|t:|1698361107\n|gametype|singles\n|player|p1|vkhss|265|\n|player|p2|PokeArt2004\u2764|teamrocket|\n|teamsize|p1|6\n|teamsize|p2|6\n|gen|9\n|tier|[Gen 9] Ubers\n|rated|Tournament battle\n|rule|Sleep Clause Mod: Limit one foe put to sleep\n|rule|Species Clause: Limit one of each Pok\u00e9mon\n|rule|OHKO Clause: OHKO moves are banned\n|rule|Evasion Items Clause: Evasion items are banned\n|rule|Evasion Moves Clause: Evasion moves are banned\n|rule|Endless Battle Clause: Forcing endless battles is banned\n|rule|HP Percentage Mod: HP is shown in percentages\n|clearpoke\n|poke|p1|Ribombee, M|\n|poke|p1|Basculegion, M|\n|poke|p1|Zacian-*|\n|poke|p1|Koraidon|\n|poke|p1|Rayquaza|\n|poke|p1|Miraidon|\n|poke|p2|Zacian-*|\n|poke|p2|Arceus|\n|poke|p2|Kyogre|\n|poke|p2|Eternatus|\n|poke|p2|Ting-Lu|\n|poke|p2|Dondozo, F|\n|teampreview\n|j|*Lady Monita \u263d\n|j| BB-8-NU\n|j| Troutinspace\n|c|\u2606vkhss|hf\n|j| kjarlo\n|j| Wenpachi\n|c|\u2606PokeArt2004\u2764|you too\n|j| ChimpsAndChampions\n|\n|t:|1698361129\n|start\n|switch|p1a: Ribombee|Ribombee, M|100\/100\n|switch|p2a: 11|Eternatus|100\/100\n|-ability|p2a: 11|Pressure\n|turn|1\n|l| ChimpsAndChampions\n|\n|t:|1698361155\n|move|p1a: Ribombee|Sticky Web|p2a: 11\n|-sidestart|p2: PokeArt2004\u2764|move: Sticky Web\n|move|p2a: 11|Flamethrower|p1a: Ribombee\n|-supereffective|p1a: Ribombee\n|-enditem|p1a: Ribombee|Focus Sash\n|-damage|p1a: Ribombee|1\/100\n|\n|upkeep\n|turn|2\n|j|\u2729PrinceOfAllTacos\n|\n|t:|1698361164\n|switch|p2a: 12 one|Kyogre|100\/100\n|-activate|p2a: 12 one|move: Sticky Web\n|-unboost|p2a: 12 one|spe|1\n|-weather|RainDance|[from] ability: Drizzle|[of] p2a: 12 one\n|move|p1a: Ribombee|Stun Spore|p2a: 12 one\n|-status|p2a: 12 one|par\n|\n|-weather|RainDance|[upkeep]\n|upkeep\n|turn|3\n|\n|t:|1698361180\n|move|p1a: Ribombee|Moonblast|p2a: 12 one\n|-damage|p2a: 12 one|73\/100 par\n|cant|p2a: 12 one|par\n|\n|-weather|RainDance|[upkeep]\n|-heal|p2a: 12 one|80\/100 par|[from] item: Leftovers\n|upkeep\n|turn|4\n|\n|t:|1698361190\n|move|p1a: Ribombee|Moonblast|p2a: 12 one\n|-damage|p2a: 12 one|53\/100 par\n|move|p2a: 12 one|Ice Beam|p1a: Ribombee\n|-damage|p1a: Ribombee|0 fnt\n|faint|p1a: Ribombee\n|\n|-weather|RainDance|[upkeep]\n|-heal|p2a: 12 one|59\/100 par|[from] item: Leftovers\n|upkeep\n|\n|t:|1698361203\n|switch|p1a: Koraidon|Koraidon|100\/100\n|-weather|SunnyDay|[from] ability: Orichalcum Pulse|[of] p1a: Koraidon\n|-activate|p1a: Koraidon|Orichalcum Pulse|[source]\n|turn|5\n|\n|t:|1698361209\n|switch|p2a: 5|Dondozo, F|100\/100\n|-activate|p2a: 5|move: Sticky Web\n|-unboost|p2a: 5|spe|1\n|move|p1a: Koraidon|Scale Shot|p2a: 5\n|-damage|p2a: 5|92\/100\n|-damage|p2a: 5|84\/100\n|-damage|p2a: 5|76\/100\n|-damage|p2a: 5|68\/100\n|-hitcount|p2a: 5|4\n|-unboost|p1a: Koraidon|def|1\n|-boost|p1a: Koraidon|spe|1\n|\n|-weather|SunnyDay|[upkeep]\n|upkeep\n|turn|6\n|\n|t:|1698361239\n|move|p1a: Koraidon|Low Kick|p2a: 5\n|-damage|p2a: 5|32\/100\n|-damage|p1a: Koraidon|84\/100|[from] item: Rocky Helmet|[of] p2a: 5\n|move|p2a: 5|Rest|p2a: 5\n|-status|p2a: 5|slp|[from] move: Rest\n|-heal|p2a: 5|100\/100 slp|[silent]\n|\n|-weather|SunnyDay|[upkeep]\n|upkeep\n|turn|7\n|\n|t:|1698361248\n|move|p1a: Koraidon|Low Kick|p2a: 5\n|-damage|p2a: 5|65\/100 slp\n|-damage|p1a: Koraidon|68\/100|[from] item: Rocky Helmet|[of] p2a: 5\n|cant|p2a: 5|slp\n|move|p2a: 5|Sleep Talk|p2a: 5\n|move|p2a: 5|Curse|p2a: 5|[from]move: Sleep Talk\n|-unboost|p2a: 5|spe|1\n|-boost|p2a: 5|atk|1\n|-boost|p2a: 5|def|1\n|\n|-weather|SunnyDay|[upkeep]\n|upkeep\n|turn|8\n|\n|t:|1698361258\n|switch|p1a: Miraidon|Miraidon|100\/100\n|-fieldstart|move: Electric Terrain|[from] ability: Hadron Engine|[of] p1a: Miraidon\n|-enditem|p1a: Miraidon|Electric Seed\n|-boost|p1a: Miraidon|def|1|[from] item: Electric Seed\n|cant|p2a: 5|slp\n|move|p2a: 5|Sleep Talk|p2a: 5\n|move|p2a: 5|Rest||[from]move: Sleep Talk|[still]\n|-fail|p2a: 5\n|\n|-weather|SunnyDay|[upkeep]\n|upkeep\n|turn|9\n|\n|t:|1698361275\n|switch|p2a: 12 two|Ting-Lu|100\/100\n|-activate|p2a: 12 two|move: Sticky Web\n|-unboost|p2a: 12 two|spe|1\n|-ability|p2a: 12 two|Vessel of Ruin\n|move|p1a: Miraidon|Dragon Pulse|p2a: 12 two\n|-crit|p2a: 12 two\n|-damage|p2a: 12 two|51\/100\n|\n|-weather|none\n|-heal|p2a: 12 two|58\/100|[from] item: Leftovers\n|upkeep\n|turn|10\n|\n|t:|1698361289\n|move|p1a: Miraidon|Dragon Pulse|p2a: 12 two\n|-damage|p2a: 12 two|29\/100\n|move|p2a: 12 two|Ruination|p1a: Miraidon\n|-damage|p1a: Miraidon|51\/100\n|\n|-heal|p2a: 12 two|35\/100|[from] item: Leftovers\n|upkeep\n|turn|11\n|\n|t:|1698361299\n|move|p1a: Miraidon|Dragon Pulse|p2a: 12 two\n|-damage|p2a: 12 two|2\/100\n|move|p2a: 12 two|Earthquake|p1a: Miraidon\n|-supereffective|p1a: Miraidon\n|-damage|p1a: Miraidon|7\/100\n|\n|-heal|p2a: 12 two|9\/100|[from] item: Leftovers\n|upkeep\n|turn|12\n|\n|t:|1698361308\n|move|p1a: Miraidon|Dragon Pulse|p2a: 12 two\n|-damage|p2a: 12 two|0 fnt\n|faint|p2a: 12 two\n|\n|-fieldend|move: Electric Terrain\n|upkeep\n|\n|t:|1698361317\n|switch|p2a: 8|Arceus|100\/100\n|-activate|p2a: 8|move: Sticky Web\n|-unboost|p2a: 8|spe|1\n|turn|13\n|inactive|vkhss has 120 seconds left.\n|\n|t:|1698361352\n|move|p2a: 8|Extreme Speed|p1a: Miraidon\n|-damage|p1a: Miraidon|0 fnt\n|faint|p1a: Miraidon\n|-damage|p2a: 8|91\/100|[from] item: Life Orb\n|\n|upkeep\n|\n|t:|1698361354\n|switch|p1a: Zacian|Zacian-Crowned|100\/100\n|-ability|p1a: Zacian|Intrepid Sword|boost\n|-boost|p1a: Zacian|atk|1\n|turn|14\n|\n|t:|1698361371\n|switch|p2a: 5|Dondozo, F|65\/100 slp\n|-activate|p2a: 5|move: Sticky Web\n|-unboost|p2a: 5|spe|1\n|move|p1a: Zacian|Play Rough|p2a: 5\n|-damage|p2a: 5|42\/100 slp\n|-damage|p1a: Zacian|84\/100|[from] item: Rocky Helmet|[of] p2a: 5\n|\n|upkeep\n|turn|15\n|inactive|vkhss has 120 seconds left.\n|\n|t:|1698361411\n|move|p1a: Zacian|Wild Charge|p2a: 5\n|-supereffective|p2a: 5\n|-damage|p2a: 5|10\/100 slp\n|-damage|p1a: Zacian|67\/100|[from] item: Rocky Helmet|[of] p2a: 5\n|-damage|p1a: Zacian|55\/100|[from] Recoil\n|-curestatus|p2a: 5|slp|[msg]\n|move|p2a: 5|Rest|p2a: 5\n|-status|p2a: 5|slp|[from] move: Rest\n|-heal|p2a: 5|100\/100 slp|[silent]\n|\n|upkeep\n|turn|16\n|\n|t:|1698361426\n|move|p1a: Zacian|Wild Charge|p2a: 5\n|-supereffective|p2a: 5\n|-damage|p2a: 5|69\/100 slp\n|-damage|p1a: Zacian|38\/100|[from] item: Rocky Helmet|[of] p2a: 5\n|-damage|p1a: Zacian|26\/100|[from] Recoil\n|cant|p2a: 5|slp\n|move|p2a: 5|Sleep Talk|p2a: 5\n|move|p2a: 5|Curse|p2a: 5|[from]move: Sleep Talk\n|-unboost|p2a: 5|spe|1\n|-boost|p2a: 5|atk|1\n|-boost|p2a: 5|def|1\n|\n|upkeep\n|turn|17\n|\n|t:|1698361438\n|move|p1a: Zacian|Wild Charge|p2a: 5\n|-supereffective|p2a: 5\n|-damage|p2a: 5|47\/100 slp\n|-damage|p1a: Zacian|9\/100|[from] item: Rocky Helmet|[of] p2a: 5\n|-damage|p1a: Zacian|1\/100|[from] Recoil\n|cant|p2a: 5|slp\n|move|p2a: 5|Sleep Talk|p2a: 5\n|move|p2a: 5|Curse|p2a: 5|[from]move: Sleep Talk\n|-unboost|p2a: 5|spe|1\n|-boost|p2a: 5|atk|1\n|-boost|p2a: 5|def|1\n|\n|upkeep\n|turn|18\n|\n|t:|1698361450\n|move|p1a: Zacian|Wild Charge|p2a: 5\n|-supereffective|p2a: 5\n|-damage|p2a: 5|32\/100 slp\n|-damage|p1a: Zacian|0 fnt|[from] item: Rocky Helmet|[of] p2a: 5\n|faint|p1a: Zacian\n|-curestatus|p2a: 5|slp|[msg]\n|move|p2a: 5|Rest|p2a: 5\n|-status|p2a: 5|slp|[from] move: Rest\n|-heal|p2a: 5|100\/100 slp|[silent]\n|\n|upkeep\n|\n|t:|1698361451\n|switch|p1a: Basculegion|Basculegion, M|100\/100\n|turn|19\n|\n|t:|1698361457\n|move|p1a: Basculegion|Last Respects|p2a: 5\n|-damage|p2a: 5|70\/100 slp\n|cant|p2a: 5|slp\n|move|p2a: 5|Sleep Talk|p2a: 5\n|move|p2a: 5|Curse|p2a: 5|[from]move: Sleep Talk\n|-unboost|p2a: 5|spe|1\n|-boost|p2a: 5|atk|1\n|-boost|p2a: 5|def|1\n|\n|upkeep\n|turn|20\n|inactive|vkhss has 120 seconds left.\n|\n|t:|1698361468\n|move|p1a: Basculegion|Last Respects|p2a: 5\n|-damage|p2a: 5|45\/100 slp\n|cant|p2a: 5|slp\n|move|p2a: 5|Sleep Talk|p2a: 5\n|move|p2a: 5|Liquidation|p1a: Basculegion|[from]move: Sleep Talk\n|-resisted|p1a: Basculegion\n|-damage|p1a: Basculegion|56\/100\n|\n|upkeep\n|turn|21\n|inactive|vkhss has 120 seconds left.\n|j| Mikirae1218\n|\n|t:|1698361482\n|switch|p1a: Rayquaza|Rayquaza|100\/100\n|-ability|p1a: Rayquaza|Air Lock\n|-curestatus|p2a: 5|slp|[msg]\n|move|p2a: 5|Rest|p2a: 5\n|-status|p2a: 5|slp|[from] move: Rest\n|-heal|p2a: 5|100\/100 slp|[silent]\n|\n|upkeep\n|turn|22\n|l|\u2729PrinceOfAllTacos\n|\n|t:|1698361504\n|move|p1a: Rayquaza|Dragon Ascent|p2a: 5\n|-damage|p2a: 5|87\/100 slp\n|-unboost|p1a: Rayquaza|def|1\n|-unboost|p1a: Rayquaza|spd|1\n|-damage|p1a: Rayquaza|84\/100|[from] item: Rocky Helmet|[of] p2a: 5\n|cant|p2a: 5|slp\n|move|p2a: 5|Sleep Talk|p2a: 5\n|move|p2a: 5|Curse|p2a: 5|[from]move: Sleep Talk\n|-unboost|p2a: 5|spe|1\n|-boost|p2a: 5|atk|1\n|-boost|p2a: 5|def|1\n|\n|upkeep\n|turn|23\n|\n|t:|1698361523\n|move|p1a: Rayquaza|Dragon Ascent|p2a: 5\n|-damage|p2a: 5|74\/100 slp\n|-unboost|p1a: Rayquaza|def|1\n|-unboost|p1a: Rayquaza|spd|1\n|-damage|p1a: Rayquaza|67\/100|[from] item: Rocky Helmet|[of] p2a: 5\n|cant|p2a: 5|slp\n|move|p2a: 5|Sleep Talk|p2a: 5\n|move|p2a: 5|Rest||[from]move: Sleep Talk|[still]\n|-fail|p2a: 5\n|\n|upkeep\n|turn|24\n|j| PFPolly\n|\n|t:|1698361533\n|move|p1a: Rayquaza|Dragon Ascent|p2a: 5\n|-damage|p2a: 5|62\/100 slp\n|-unboost|p1a: Rayquaza|def|1\n|-unboost|p1a: Rayquaza|spd|1\n|-damage|p1a: Rayquaza|51\/100|[from] item: Rocky Helmet|[of] p2a: 5\n|-curestatus|p2a: 5|slp|[msg]\n|move|p2a: 5|Liquidation|p1a: Rayquaza\n|-resisted|p1a: Rayquaza\n|-damage|p1a: Rayquaza|8\/100\n|\n|upkeep\n|turn|25\n|\n|t:|1698361545\n|move|p1a: Rayquaza|Dragon Ascent|p2a: 5\n|-damage|p2a: 5|51\/100\n|-unboost|p1a: Rayquaza|def|1\n|-unboost|p1a: Rayquaza|spd|1\n|-damage|p1a: Rayquaza|0 fnt|[from] item: Rocky Helmet|[of] p2a: 5\n|faint|p1a: Rayquaza\n|move|p2a: 5|Rest|p2a: 5\n|-status|p2a: 5|slp|[from] move: Rest\n|-heal|p2a: 5|100\/100 slp|[silent]\n|\n|upkeep\n|\n|t:|1698361547\n|switch|p1a: Koraidon|Koraidon|68\/100\n|-weather|SunnyDay|[from] ability: Orichalcum Pulse|[of] p1a: Koraidon\n|-activate|p1a: Koraidon|Orichalcum Pulse|[source]\n|turn|26\n|\n|t:|1698361559\n|move|p1a: Koraidon|Low Kick|p2a: 5\n|-damage|p2a: 5|88\/100 slp\n|-damage|p1a: Koraidon|51\/100|[from] item: Rocky Helmet|[of] p2a: 5\n|cant|p2a: 5|slp\n|move|p2a: 5|Sleep Talk|p2a: 5\n|move|p2a: 5|Liquidation|p1a: Koraidon|[from]move: Sleep Talk\n|-resisted|p1a: Koraidon\n|-damage|p1a: Koraidon|33\/100\n|\n|-weather|SunnyDay|[upkeep]\n|upkeep\n|turn|27\n|l| Wenpachi\n|\n|t:|1698361573\n|move|p1a: Koraidon|Low Kick|p2a: 5\n|-damage|p2a: 5|75\/100 slp\n|-damage|p1a: Koraidon|17\/100|[from] item: Rocky Helmet|[of] p2a: 5\n|cant|p2a: 5|slp\n|move|p2a: 5|Sleep Talk|p2a: 5\n|move|p2a: 5|Curse|p2a: 5|[from]move: Sleep Talk\n|-unboost|p2a: 5|spe|1\n|-boost|p2a: 5|atk|1\n|-boost|p2a: 5|def|1\n|\n|-weather|SunnyDay|[upkeep]\n|upkeep\n|turn|28\n|l| PFPolly\n|\n|t:|1698361585\n|move|p1a: Koraidon|Low Kick|p2a: 5\n|-damage|p2a: 5|64\/100 slp\n|-damage|p1a: Koraidon|0 fnt|[from] item: Rocky Helmet|[of] p2a: 5\n|faint|p1a: Koraidon\n|-curestatus|p2a: 5|slp|[msg]\n|move|p2a: 5|Curse|p2a: 5\n|-boost|p2a: 5|atk|1\n|-boost|p2a: 5|def|1\n|\n|-weather|SunnyDay|[upkeep]\n|upkeep\n|\n|t:|1698361591\n|switch|p1a: Basculegion|Basculegion, M|56\/100\n|turn|29\n|\n|t:|1698361610\n|move|p1a: Basculegion|Last Respects|p2a: 5\n|-damage|p2a: 5|39\/100\n|move|p2a: 5|Liquidation|p1a: Basculegion\n|-resisted|p1a: Basculegion\n|-damage|p1a: Basculegion|20\/100\n|\n|-weather|SunnyDay|[upkeep]\n|upkeep\n|turn|30\n|\n|t:|1698361617\n|move|p1a: Basculegion|Last Respects|p2a: 5\n|-damage|p2a: 5|15\/100\n|move|p2a: 5|Liquidation|p1a: Basculegion\n|-resisted|p1a: Basculegion\n|-damage|p1a: Basculegion|0 fnt\n|faint|p1a: Basculegion\n|\n|win|PokeArt2004\u2764\n|n|\u2606vkhss|vkhss\n|n|\u2606PokeArt2004\u2764|pokeart2004\n|n|*Lady Monita \u263d|ladymonita\n|n| BB-8-NU|bb8nu\n|n| Troutinspace|troutinspace\n|n| kjarlo|kjarlo\n|n| Mikirae1218|mikirae1218\n|l|*Lady Monita \u263d\n|j| RiciB\n|l| BB-8-NU\n|c|\u2606PokeArt2004\u2764|gg\n|c|\u2606vkhss|gg\n|l| kjarlo\n|l|\u2606vkhss\n","uploadtime":1698361628,"views":29,"p1id":"vkhss","p2id":"pokeart2004","formatid":"gen9ubers","rating":0,"private":0,"password":""}