{"id":"gen9ubers-1994244250","p1":"MeteorAsh15","p2":"Calmadoelvenado","format":"[Gen 9] Ubers","log":"|j|\u2606MeteorAsh15\n|j|\u2606Calmadoelvenado\n|t:|1700422816\n|gametype|singles\n|player|p1|MeteorAsh15|266|1180\n|player|p2|Calmadoelvenado|pokemonranger-gen4|1079\n|teamsize|p1|6\n|teamsize|p2|6\n|gen|9\n|tier|[Gen 9] Ubers\n|rated|\n|rule|Sleep Clause Mod: Limit one foe put to sleep\n|rule|Species Clause: Limit one of each Pok\u00e9mon\n|rule|OHKO Clause: OHKO moves are banned\n|rule|Evasion Items Clause: Evasion items are banned\n|rule|Evasion Moves Clause: Evasion moves are banned\n|rule|Endless Battle Clause: Forcing endless battles is banned\n|rule|HP Percentage Mod: HP is shown in percentages\n|clearpoke\n|poke|p1|Baxcalibur, F|\n|poke|p1|Ninetales-Alola, F|\n|poke|p1|Koraidon|\n|poke|p1|Zacian-*|\n|poke|p1|Tornadus, M|\n|poke|p1|Ribombee, F|\n|poke|p2|Annihilape, M|\n|poke|p2|Roaring Moon|\n|poke|p2|Lycanroc-Dusk, M|\n|poke|p2|Maushold-Four|\n|poke|p2|Shaymin-Sky|\n|poke|p2|Breloom, M|\n|teampreview\n|inactive|Battle timer is ON: inactive players will automatically lose when time's up. (requested by Calmadoelvenado)\n|\n|t:|1700422820\n|start\n|switch|p1a: Ribombee|Ribombee, F, shiny|100\/100\n|switch|p2a: Maushold|Maushold-Four|100\/100\n|turn|1\n|\n|t:|1700422830\n|move|p1a: Ribombee|Sticky Web|p2a: Maushold\n|-sidestart|p2: Calmadoelvenado|move: Sticky Web\n|move|p2a: Maushold|Tidy Up|p2a: Maushold\n|-sideend|p2: Calmadoelvenado|Sticky Web\n|-activate|p2a: Maushold|move: Tidy Up\n|-boost|p2a: Maushold|atk|1\n|-boost|p2a: Maushold|spe|1\n|\n|upkeep\n|turn|2\n|\n|t:|1700422837\n|move|p2a: Maushold|Population Bomb|p1a: Ribombee\n|-damage|p1a: Ribombee|66\/100\n|-damage|p1a: Ribombee|29\/100\n|-damage|p1a: Ribombee|0 fnt\n|faint|p1a: Ribombee\n|-hitcount|p1: Ribombee|3\n|\n|upkeep\n|\n|t:|1700422849\n|switch|p1a: Zacian|Zacian-Crowned, shiny|100\/100\n|-ability|p1a: Zacian|Intrepid Sword|boost\n|-boost|p1a: Zacian|atk|1\n|turn|3\n|inactive|Calmadoelvenado has 120 seconds left.\n|\n|t:|1700422884\n|move|p2a: Maushold|Population Bomb|p1a: Zacian\n|-resisted|p1a: Zacian\n|-damage|p1a: Zacian|91\/100\n|-resisted|p1a: Zacian\n|-damage|p1a: Zacian|83\/100\n|-resisted|p1a: Zacian\n|-damage|p1a: Zacian|74\/100\n|-resisted|p1a: Zacian\n|-damage|p1a: Zacian|65\/100\n|-resisted|p1a: Zacian\n|-damage|p1a: Zacian|56\/100\n|-resisted|p1a: Zacian\n|-damage|p1a: Zacian|47\/100\n|-resisted|p1a: Zacian\n|-damage|p1a: Zacian|39\/100\n|-resisted|p1a: Zacian\n|-damage|p1a: Zacian|32\/100\n|-resisted|p1a: Zacian\n|-damage|p1a: Zacian|24\/100\n|-resisted|p1a: Zacian\n|-crit|p1a: Zacian\n|-damage|p1a: Zacian|11\/100\n|-hitcount|p1a: Zacian|10\n|move|p1a: Zacian|Sacred Sword|p2a: Maushold\n|-supereffective|p2a: Maushold\n|-damage|p2a: Maushold|0 fnt\n|faint|p2a: Maushold\n|\n|upkeep\n|\n|t:|1700422905\n|switch|p2a: Annihilape|Annihilape, M|100\/100\n|turn|4\n|\n|t:|1700422909\n|move|p1a: Zacian|Play Rough|p2a: Annihilape\n|-supereffective|p2a: Annihilape\n|-enditem|p2a: Annihilape|Focus Sash\n|-damage|p2a: Annihilape|1\/100\n|move|p2a: Annihilape|Rage Fist|p1a: Zacian\n|-damage|p1a: Zacian|0 fnt\n|faint|p1a: Zacian\n|\n|upkeep\n|\n|t:|1700422924\n|switch|p1a: Koraidon|Koraidon|100\/100\n|-weather|SunnyDay|[from] ability: Orichalcum Pulse|[of] p1a: Koraidon\n|-activate|p1a: Koraidon|Orichalcum Pulse|[source]\n|turn|5\n|\n|t:|1700422929\n|move|p1a: Koraidon|Dragon Claw|p2a: Annihilape\n|-damage|p2a: Annihilape|0 fnt\n|faint|p2a: Annihilape\n|\n|-weather|SunnyDay|[upkeep]\n|upkeep\n|inactive|Calmadoelvenado has 120 seconds left.\n|\n|t:|1700422940\n|switch|p2a: Roaring Moon|Roaring Moon|100\/100\n|-activate|p2a: Roaring Moon|ability: Protosynthesis\n|-start|p2a: Roaring Moon|protosynthesisspe\n|turn|6\n|inactive|Calmadoelvenado has 120 seconds left.\n|\n|t:|1700422972\n|-end|p2a: Roaring Moon|Protosynthesis|[silent]\n|switch|p2a: Shaymin|Shaymin-Sky|100\/100\n|switch|p1a: Tornadus|Tornadus, M, shiny|100\/100\n|\n|-weather|SunnyDay|[upkeep]\n|upkeep\n|turn|7\n|\n|t:|1700422981\n|move|p1a: Tornadus|Tailwind|p1a: Tornadus\n|-sidestart|p1: MeteorAsh15|move: Tailwind\n|move|p2a: Shaymin|Leech Seed|p1a: Tornadus\n|-start|p1a: Tornadus|move: Leech Seed\n|\n|-weather|SunnyDay|[upkeep]\n|-damage|p1a: Tornadus|88\/100|[from] Leech Seed|[of] p2a: Shaymin\n|upkeep\n|turn|8\n|\n|t:|1700422989\n|move|p1a: Tornadus|Heat Wave|p2a: Shaymin\n|-supereffective|p2a: Shaymin\n|-damage|p2a: Shaymin|0 fnt\n|faint|p2a: Shaymin\n|\n|-weather|SunnyDay|[upkeep]\n|upkeep\n|\n|t:|1700422993\n|switch|p2a: Lycanroc|Lycanroc-Dusk, M|100\/100\n|turn|9\n|\n|t:|1700423000\n|move|p1a: Tornadus|Bleakwind Storm|p2a: Lycanroc|[miss]\n|-miss|p1a: Tornadus|p2a: Lycanroc\n|move|p2a: Lycanroc|Swords Dance|p2a: Lycanroc\n|-boost|p2a: Lycanroc|atk|2\n|\n|-weather|none\n|-damage|p1a: Tornadus|76\/100|[from] Leech Seed|[of] p2a: Lycanroc\n|upkeep\n|turn|10\n|\n|t:|1700423011\n|move|p2a: Lycanroc|Accelerock|p1a: Tornadus\n|-supereffective|p1a: Tornadus\n|-damage|p1a: Tornadus|0 fnt\n|faint|p1a: Tornadus\n|\n|-sideend|p1: MeteorAsh15|move: Tailwind\n|upkeep\n|\n|t:|1700423018\n|switch|p1a: Ninetales|Ninetales-Alola, F|100\/100\n|-weather|Snow|[from] ability: Snow Warning|[of] p1a: Ninetales\n|turn|11\n|\n|t:|1700423022\n|move|p2a: Lycanroc|Accelerock|p1a: Ninetales\n|-supereffective|p1a: Ninetales\n|-damage|p1a: Ninetales|0 fnt\n|faint|p1a: Ninetales\n|\n|-weather|Snow|[upkeep]\n|upkeep\n|\n|t:|1700423029\n|switch|p1a: Baxcalibur|Baxcalibur, F|100\/100\n|turn|12\n|\n|t:|1700423034\n|-terastallize|p1a: Baxcalibur|Ground\n|move|p2a: Lycanroc|Accelerock|p1a: Baxcalibur\n|-resisted|p1a: Baxcalibur\n|-damage|p1a: Baxcalibur|71\/100\n|move|p1a: Baxcalibur|Scale Shot|p2a: Lycanroc\n|-damage|p2a: Lycanroc|79\/100\n|-damage|p2a: Lycanroc|54\/100\n|-damage|p2a: Lycanroc|30\/100\n|-damage|p2a: Lycanroc|5\/100\n|-damage|p2a: Lycanroc|0 fnt\n|faint|p2a: Lycanroc\n|-hitcount|p2: Lycanroc|5\n|-unboost|p1a: Baxcalibur|def|1\n|-boost|p1a: Baxcalibur|spe|1\n|\n|-weather|Snow|[upkeep]\n|upkeep\n|\n|t:|1700423046\n|switch|p2a: Breloom|Breloom, M, shiny|100\/100\n|turn|13\n|\n|t:|1700423053\n|move|p1a: Baxcalibur|Icicle Spear|p2a: Breloom\n|-supereffective|p2a: Breloom\n|-damage|p2a: Breloom|59\/100\n|-supereffective|p2a: Breloom\n|-damage|p2a: Breloom|18\/100\n|-supereffective|p2a: Breloom\n|-damage|p2a: Breloom|0 fnt\n|faint|p2a: Breloom\n|-hitcount|p2: Breloom|3\n|\n|-weather|Snow|[upkeep]\n|upkeep\n|\n|t:|1700423058\n|switch|p2a: Roaring Moon|Roaring Moon|100\/100\n|-enditem|p2a: Roaring Moon|Booster Energy\n|-activate|p2a: Roaring Moon|ability: Protosynthesis|[fromitem]\n|-start|p2a: Roaring Moon|protosynthesisspe\n|turn|14\n|\n|t:|1700423071\n|move|p2a: Roaring Moon|Acrobatics|p1a: Baxcalibur\n|-damage|p1a: Baxcalibur|13\/100\n|move|p1a: Baxcalibur|Icicle Spear|p2a: Roaring Moon\n|-supereffective|p2a: Roaring Moon\n|-damage|p2a: Roaring Moon|65\/100\n|-supereffective|p2a: Roaring Moon\n|-damage|p2a: Roaring Moon|32\/100\n|-supereffective|p2a: Roaring Moon\n|-crit|p2a: Roaring Moon\n|-damage|p2a: Roaring Moon|0 fnt\n|faint|p2a: Roaring Moon\n|-end|p2a: Roaring Moon|Protosynthesis|[silent]\n|-hitcount|p2: Roaring Moon|3\n|\n|win|MeteorAsh15\n|raw|MeteorAsh15's rating: 1180 &rarr; <strong>1198<\/strong><br \/>(+18 for winning)\n|raw|Calmadoelvenado's rating: 1079 &rarr; <strong>1063<\/strong><br \/>(-16 for losing)\n|l|\u2606Calmadoelvenado\n|c|\u2606MeteorAsh15|Gg\n","uploadtime":1700423091,"views":5,"p1id":"meteorash15","p2id":"calmadoelvenado","formatid":"gen9ubers","rating":1063,"private":0,"password":""}