{"id":"gen9ubers-1997158309","p1":"rkrktzjhjj","p2":"Xkjdfhbdjf hgjyck","format":"[Gen 9] Ubers","log":"|j|\u2606rkrktzjhjj\n|j|\u2606Xkjdfhbdjf hgjyck\n|t:|1700770439\n|gametype|singles\n|player|p1|rkrktzjhjj|102|1000\n|player|p2|Xkjdfhbdjf hgjyck|265|1088\n|teamsize|p1|6\n|teamsize|p2|6\n|gen|9\n|tier|[Gen 9] Ubers\n|rated|\n|rule|Sleep Clause Mod: Limit one foe put to sleep\n|rule|Species Clause: Limit one of each Pok\u00e9mon\n|rule|OHKO Clause: OHKO moves are banned\n|rule|Evasion Items Clause: Evasion items are banned\n|rule|Evasion Moves Clause: Evasion moves are banned\n|rule|Endless Battle Clause: Forcing endless battles is banned\n|rule|HP Percentage Mod: HP is shown in percentages\n|clearpoke\n|poke|p1|Sneasler, F|\n|poke|p1|Grimmsnarl, M|\n|poke|p1|Miraidon|\n|poke|p1|Zacian-*|\n|poke|p1|Arceus-Ground|\n|poke|p1|Calyrex-Ice|\n|poke|p2|Chien-Pao|\n|poke|p2|Rillaboom, F|\n|poke|p2|Miraidon|\n|poke|p2|Iron Bundle|\n|poke|p2|Arcanine-Hisui, M|\n|poke|p2|Mewtwo|\n|teampreview\n|\n|t:|1700770447\n|start\n|switch|p1a: Grimmsnarl|Grimmsnarl, M|100\/100\n|switch|p2a: Mewtwo|Mewtwo|100\/100\n|-ability|p2a: Mewtwo|Pressure\n|turn|1\n|\n|t:|1700770454\n|move|p1a: Grimmsnarl|Light Screen|p1a: Grimmsnarl\n|-sidestart|p1: rkrktzjhjj|move: Light Screen\n|move|p2a: Mewtwo|Nasty Plot|p2a: Mewtwo\n|-boost|p2a: Mewtwo|spa|2\n|\n|upkeep\n|turn|2\n|inactive|Battle timer is ON: inactive players will automatically lose when time's up. (requested by rkrktzjhjj)\n|\n|t:|1700770461\n|move|p1a: Grimmsnarl|Taunt|p2a: Mewtwo\n|-start|p2a: Mewtwo|move: Taunt\n|move|p2a: Mewtwo|Psystrike|p1a: Grimmsnarl\n|-immune|p1a: Grimmsnarl\n|\n|upkeep\n|turn|3\n|\n|t:|1700770471\n|move|p1a: Grimmsnarl|Reflect|p1a: Grimmsnarl\n|-sidestart|p1: rkrktzjhjj|Reflect\n|move|p2a: Mewtwo|Earth Power|p1a: Grimmsnarl\n|-damage|p1a: Grimmsnarl|72\/100\n|\n|upkeep\n|turn|4\n|\n|t:|1700770486\n|switch|p1a: Arceus|Arceus-Ground|100\/100\n|-terastallize|p2a: Mewtwo|Ground\n|move|p2a: Mewtwo|Earth Power|p1a: Arceus\n|-damage|p1a: Arceus|59\/100\n|\n|-end|p2a: Mewtwo|move: Taunt\n|upkeep\n|turn|5\n|\n|t:|1700770507\n|move|p2a: Mewtwo|Psystrike|p1a: Arceus\n|-damage|p1a: Arceus|18\/100\n|move|p1a: Arceus|Earthquake|p2a: Mewtwo\n|-damage|p2a: Mewtwo|34\/100\n|\n|upkeep\n|turn|6\n|\n|t:|1700770515\n|switch|p1a: Grimmsnarl|Grimmsnarl, M|72\/100\n|move|p2a: Mewtwo|Psystrike|p1a: Grimmsnarl\n|-immune|p1a: Grimmsnarl\n|\n|upkeep\n|turn|7\n|\n|t:|1700770522\n|move|p2a: Mewtwo|Earth Power|p1a: Grimmsnarl\n|-damage|p1a: Grimmsnarl|30\/100\n|-unboost|p1a: Grimmsnarl|spd|1\n|move|p1a: Grimmsnarl|Play Rough|p2a: Mewtwo\n|-damage|p2a: Mewtwo|0 fnt\n|faint|p2a: Mewtwo\n|\n|upkeep\n|\n|t:|1700770537\n|switch|p2a: TheSword|Chien-Pao|100\/100\n|-ability|p2a: TheSword|Sword of Ruin\n|turn|8\n|\n|t:|1700770546\n|move|p1a: Grimmsnarl|Taunt|p2a: TheSword\n|-hint|Since gen 7, Dark is immune to Prankster moves.\n|-immune|p2a: TheSword\n|move|p2a: TheSword|Sacred Sword|p1a: Grimmsnarl\n|-damage|p1a: Grimmsnarl|0 fnt\n|faint|p1a: Grimmsnarl\n|\n|-sideend|p1: rkrktzjhjj|move: Light Screen\n|upkeep\n|\n|t:|1700770561\n|switch|p1a: Zacian|Zacian-Crowned|100\/100\n|-ability|p1a: Zacian|Intrepid Sword|boost\n|-boost|p1a: Zacian|atk|1\n|turn|9\n|\n|t:|1700770566\n|move|p1a: Zacian|Behemoth Blade|p2a: TheSword\n|-supereffective|p2a: TheSword\n|-damage|p2a: TheSword|0 fnt\n|faint|p2a: TheSword\n|\n|upkeep\n|\n|t:|1700770574\n|switch|p2a: From3000|Miraidon|100\/100\n|-fieldstart|move: Electric Terrain|[from] ability: Hadron Engine|[of] p2a: From3000\n|turn|10\n|\n|t:|1700770585\n|-terastallize|p1a: Zacian|Ground\n|move|p1a: Zacian|Tera Blast|p2a: From3000|[anim] Tera Blast Ground\n|-supereffective|p2a: From3000\n|-damage|p2a: From3000|0 fnt\n|faint|p2a: From3000\n|\n|-sideend|p1: rkrktzjhjj|Reflect\n|upkeep\n|\n|t:|1700770592\n|switch|p2a: MONKEY|Rillaboom, F|100\/100\n|-fieldstart|move: Grassy Terrain|[from] ability: Grassy Surge|[of] p2a: MONKEY\n|turn|11\n|\n|t:|1700770612\n|switch|p1a: Arceus|Arceus-Ground|18\/100\n|move|p2a: MONKEY|Grassy Glide|p1a: Arceus\n|-supereffective|p1a: Arceus\n|-damage|p1a: Arceus|0 fnt\n|faint|p1a: Arceus\n|\n|upkeep\n|\n|t:|1700770618\n|switch|p1a: Miraidon|Miraidon|100\/100\n|-fieldstart|move: Electric Terrain|[from] ability: Hadron Engine|[of] p1a: Miraidon\n|-enditem|p1a: Miraidon|Electric Seed\n|-boost|p1a: Miraidon|def|1|[from] item: Electric Seed\n|turn|12\n|\n|t:|1700770626\n|move|p1a: Miraidon|Calm Mind|p1a: Miraidon\n|-boost|p1a: Miraidon|spa|1\n|-boost|p1a: Miraidon|spd|1\n|move|p2a: MONKEY|Grassy Glide|p1a: Miraidon\n|-resisted|p1a: Miraidon\n|-damage|p1a: Miraidon|84\/100\n|\n|upkeep\n|turn|13\n|l|\u2606Xkjdfhbdjf hgjyck\n|inactive|Xkjdfhbdjf hgjyck disconnected and has a minute to reconnect!\n|player|p2|\n|inactive|Xkjdfhbdjf hgjyck has 30 seconds to reconnect!\n|inactive|Xkjdfhbdjf hgjyck has 20 seconds to reconnect!\n|inactive|Xkjdfhbdjf hgjyck has 15 seconds to reconnect!\n|inactive|Xkjdfhbdjf hgjyck has 10 seconds to reconnect!\n|inactive|Xkjdfhbdjf hgjyck has 5 seconds to reconnect!\n|-message|Xkjdfhbdjf hgjyck lost due to inactivity.\n|\n|win|rkrktzjhjj\n|raw|rkrktzjhjj's rating: 1000 &rarr; <strong>1050<\/strong><br \/>(+50 for winning)\n|raw|Xkjdfhbdjf hgjyck's rating: 1088 &rarr; <strong>1059<\/strong><br \/>(-29 for losing)\n","uploadtime":1700770697,"views":4,"p1id":"rkrktzjhjj","p2id":"xkjdfhbdjfhgjyck","formatid":"gen9ubers","rating":1050,"private":0,"password":""}