{"id":"gen9ubers-2000580366","p1":"Ikhbal","p2":"Shellder Koopa","format":"[Gen 9] Ubers","log":"|j|\u2606Ikhbal\n|j|\u2606Shellder Koopa\n|t:|1701207268\n|gametype|singles\n|player|p1|Ikhbal|lady-gen3rs|1361\n|player|p2|Shellder Koopa|red|1291\n|teamsize|p1|6\n|teamsize|p2|6\n|gen|9\n|tier|[Gen 9] Ubers\n|rated|\n|rule|Sleep Clause Mod: Limit one foe put to sleep\n|rule|Species Clause: Limit one of each Pok\u00e9mon\n|rule|OHKO Clause: OHKO moves are banned\n|rule|Evasion Items Clause: Evasion items are banned\n|rule|Evasion Moves Clause: Evasion moves are banned\n|rule|Endless Battle Clause: Forcing endless battles is banned\n|rule|HP Percentage Mod: HP is shown in percentages\n|clearpoke\n|poke|p1|Arceus|\n|poke|p1|Gliscor, F|\n|poke|p1|Kyogre|\n|poke|p1|Iron Treads|\n|poke|p1|Zacian-*|\n|poke|p1|Skeledirge, M|\n|poke|p2|Arceus|\n|poke|p2|Gliscor, M|\n|poke|p2|Kyogre|\n|poke|p2|Iron Treads|\n|poke|p2|Zacian-*|\n|poke|p2|Skeledirge, F|\n|teampreview\n|c|\u2606Shellder Koopa|*Insert Spiderman meme*\n|c|\u2606Ikhbal|lol\n|c|\u2606Ikhbal|u the author\n|c|\u2606Shellder Koopa|No\n|c|\u2606Ikhbal|rip\n|c|\u2606Ikhbal|pretty dope this team\n|c|\u2606Ikhbal|bt\n|c|\u2606Ikhbal|w\n|\n|t:|1701207343\n|start\n|switch|p1a: Gliscor|Gliscor, F|100\/100\n|switch|p2a: Skeledirge|Skeledirge, F|100\/100\n|turn|1\n|\n|t:|1701207385\n|move|p1a: Gliscor|Protect|p1a: Gliscor\n|-singleturn|p1a: Gliscor|Protect\n|move|p2a: Skeledirge|Will-O-Wisp|p1a: Gliscor\n|-activate|p1a: Gliscor|move: Protect\n|\n|-status|p1a: Gliscor|tox|[from] item: Toxic Orb\n|upkeep\n|turn|2\n|\n|t:|1701207394\n|switch|p2a: Gliscor|Gliscor, M|100\/100\n|move|p1a: Gliscor|Toxic|p2a: Gliscor\n|-status|p2a: Gliscor|tox\n|\n|upkeep\n|turn|3\n|\n|t:|1701207400\n|move|p2a: Gliscor|Spikes|p1a: Gliscor\n|-sidestart|p1: Ikhbal|Spikes\n|move|p1a: Gliscor|Spikes|p2a: Gliscor\n|-sidestart|p2: Shellder Koopa|Spikes\n|\n|upkeep\n|turn|4\n|\n|t:|1701207403\n|move|p1a: Gliscor|Spikes|p2a: Gliscor\n|-sidestart|p2: Shellder Koopa|Spikes\n|move|p2a: Gliscor|Spikes|p1a: Gliscor\n|-sidestart|p1: Ikhbal|Spikes\n|\n|upkeep\n|turn|5\n|\n|t:|1701207407\n|move|p2a: Gliscor|Spikes|p1a: Gliscor\n|-sidestart|p1: Ikhbal|Spikes\n|move|p1a: Gliscor|Spikes|p2a: Gliscor\n|-sidestart|p2: Shellder Koopa|Spikes\n|\n|upkeep\n|turn|6\n|\n|t:|1701207415\n|move|p2a: Gliscor|Protect|p2a: Gliscor\n|-singleturn|p2a: Gliscor|Protect\n|move|p1a: Gliscor|Toxic|p2a: Gliscor\n|-activate|p2a: Gliscor|move: Protect\n|\n|upkeep\n|turn|7\n|\n|t:|1701207422\n|move|p1a: Gliscor|Earthquake|p2a: Gliscor\n|-immune|p2a: Gliscor\n|move|p2a: Gliscor|Spikes||[still]\n|-fail|p2a: Gliscor\n|\n|upkeep\n|turn|8\n|c|\u2606Ikhbal|lol\n|\n|t:|1701207432\n|move|p2a: Gliscor|Spikes||[still]\n|-fail|p2a: Gliscor\n|move|p1a: Gliscor|Toxic|p2a: Gliscor\n|-fail|p2a: Gliscor|tox\n|\n|upkeep\n|turn|9\n|\n|t:|1701207443\n|move|p2a: Gliscor|Toxic|p1a: Gliscor\n|-fail|p1a: Gliscor|tox\n|move|p1a: Gliscor|Spikes||[still]\n|-fail|p1a: Gliscor\n|\n|upkeep\n|turn|10\n|\n|t:|1701207457\n|move|p1a: Gliscor|Spikes||[still]\n|-fail|p1a: Gliscor\n|move|p2a: Gliscor|Spikes||[still]\n|-fail|p2a: Gliscor\n|\n|upkeep\n|turn|11\n|c|\u2606Ikhbal|lol\n|\n|t:|1701207472\n|switch|p1a: Iron Treads|Iron Treads|100\/100\n|-damage|p1a: Iron Treads|76\/100|[from] Spikes\n|switch|p2a: Kyogre|Kyogre|100\/100\n|-damage|p2a: Kyogre|76\/100|[from] Spikes\n|-weather|RainDance|[from] ability: Drizzle|[of] p2a: Kyogre\n|\n|-weather|RainDance|[upkeep]\n|-heal|p1a: Iron Treads|82\/100|[from] item: Leftovers\n|upkeep\n|turn|12\n|\n|t:|1701207500\n|-end|p1a: Iron Treads|Quark Drive|[silent]\n|switch|p1a: Zacian|Zacian-Crowned|100\/100\n|-damage|p1a: Zacian|76\/100|[from] Spikes\n|-ability|p1a: Zacian|Intrepid Sword|boost\n|-boost|p1a: Zacian|atk|1\n|move|p2a: Kyogre|Origin Pulse|p1a: Zacian\n|-damage|p1a: Zacian|0 fnt\n|faint|p1a: Zacian\n|\n|-weather|RainDance|[upkeep]\n|upkeep\n|\n|t:|1701207505\n|switch|p1a: Kyogre|Kyogre|100\/100\n|-damage|p1a: Kyogre|76\/100|[from] Spikes\n|turn|13\n|\n|t:|1701207518\n|switch|p2a: Gliscor|Gliscor, M|100\/100 tox\n|move|p1a: Kyogre|Ice Beam|p2a: Gliscor\n|-supereffective|p2a: Gliscor\n|-damage|p2a: Gliscor|0 fnt\n|faint|p2a: Gliscor\n|\n|-weather|RainDance|[upkeep]\n|upkeep\n|\n|t:|1701207525\n|switch|p2a: Iron Treads|Iron Treads|100\/100\n|-damage|p2a: Iron Treads|76\/100|[from] Spikes\n|turn|14\n|\n|t:|1701207530\n|switch|p1a: Skeledirge|Skeledirge, M|100\/100\n|move|p2a: Iron Treads|Rapid Spin|p1a: Skeledirge\n|-immune|p1a: Skeledirge\n|\n|-weather|RainDance|[upkeep]\n|-heal|p2a: Iron Treads|82\/100|[from] item: Leftovers\n|upkeep\n|turn|15\n|\n|t:|1701207542\n|-terastallize|p1a: Skeledirge|Fairy\n|move|p2a: Iron Treads|Earthquake|p1a: Skeledirge\n|-damage|p1a: Skeledirge|73\/100\n|move|p1a: Skeledirge|Earth Power|p2a: Iron Treads\n|-supereffective|p2a: Iron Treads\n|-damage|p2a: Iron Treads|15\/100\n|\n|-weather|none\n|-heal|p2a: Iron Treads|21\/100|[from] item: Leftovers\n|upkeep\n|turn|16\n|\n|t:|1701207551\n|switch|p1a: Iron Treads|Iron Treads|82\/100\n|-damage|p1a: Iron Treads|57\/100|[from] Spikes\n|move|p2a: Iron Treads|Rapid Spin|p1a: Iron Treads\n|-resisted|p1a: Iron Treads\n|-damage|p1a: Iron Treads|49\/100\n|-boost|p2a: Iron Treads|spe|1\n|-sideend|p2: Shellder Koopa|Spikes|[from] move: Rapid Spin|[of] p2a: Iron Treads\n|\n|-heal|p2a: Iron Treads|28\/100|[from] item: Leftovers\n|-heal|p1a: Iron Treads|56\/100|[from] item: Leftovers\n|upkeep\n|turn|17\n|\n|t:|1701207561\n|-end|p1a: Iron Treads|Quark Drive|[silent]\n|switch|p1a: Gliscor|Gliscor, F|100\/100 tox\n|move|p2a: Iron Treads|Earthquake|p1a: Gliscor\n|-immune|p1a: Gliscor\n|\n|-heal|p2a: Iron Treads|34\/100|[from] item: Leftovers\n|upkeep\n|turn|18\n|\n|t:|1701207569\n|-end|p2a: Iron Treads|Quark Drive|[silent]\n|switch|p2a: Kyogre|Kyogre|76\/100\n|-weather|RainDance|[from] ability: Drizzle|[of] p2a: Kyogre\n|move|p1a: Gliscor|Earthquake|p2a: Kyogre\n|-damage|p2a: Kyogre|42\/100\n|\n|-weather|RainDance|[upkeep]\n|upkeep\n|turn|19\n|\n|t:|1701207582\n|move|p1a: Gliscor|Protect|p1a: Gliscor\n|-singleturn|p1a: Gliscor|Protect\n|move|p2a: Kyogre|Origin Pulse|p1a: Gliscor\n|-activate|p1a: Gliscor|move: Protect\n|\n|-weather|RainDance|[upkeep]\n|upkeep\n|turn|20\n|\n|t:|1701207612\n|move|p2a: Kyogre|Origin Pulse|p1a: Gliscor\n|-supereffective|p1a: Gliscor\n|-damage|p1a: Gliscor|0 fnt\n|faint|p1a: Gliscor\n|\n|-weather|RainDance|[upkeep]\n|upkeep\n|\n|t:|1701207615\n|switch|p1a: Arceus|Arceus|100\/100\n|-damage|p1a: Arceus|76\/100|[from] Spikes\n|turn|21\n|\n|t:|1701207620\n|switch|p2a: Skeledirge|Skeledirge, F|100\/100\n|move|p1a: Arceus|Extreme Speed|p2a: Skeledirge\n|-immune|p2a: Skeledirge\n|\n|-weather|RainDance|[upkeep]\n|upkeep\n|turn|22\n|\n|t:|1701207627\n|switch|p1a: Kyogre|Kyogre|76\/100\n|-damage|p1a: Kyogre|51\/100|[from] Spikes\n|move|p2a: Skeledirge|Will-O-Wisp|p1a: Kyogre\n|-status|p1a: Kyogre|brn\n|\n|-weather|none\n|-damage|p1a: Kyogre|44\/100 brn|[from] brn\n|upkeep\n|turn|23\n|\n|t:|1701207647\n|move|p1a: Kyogre|Origin Pulse|p2a: Skeledirge\n|-supereffective|p2a: Skeledirge\n|-damage|p2a: Skeledirge|0 fnt\n|faint|p2a: Skeledirge\n|\n|-damage|p1a: Kyogre|38\/100 brn|[from] brn\n|upkeep\n|\n|t:|1701207653\n|switch|p2a: Kyogre|Kyogre|42\/100\n|-weather|RainDance|[from] ability: Drizzle|[of] p2a: Kyogre\n|turn|24\n|\n|t:|1701207680\n|switch|p1a: Iron Treads|Iron Treads|56\/100\n|-damage|p1a: Iron Treads|31\/100|[from] Spikes\n|move|p2a: Kyogre|Thunder|p1a: Iron Treads\n|-immune|p1a: Iron Treads\n|\n|-weather|RainDance|[upkeep]\n|-heal|p1a: Iron Treads|37\/100|[from] item: Leftovers\n|upkeep\n|turn|25\n|\n|t:|1701207690\n|switch|p2a: Arceus|Arceus|100\/100\n|move|p1a: Iron Treads|Rapid Spin|p2a: Arceus\n|-damage|p2a: Arceus|89\/100\n|-boost|p1a: Iron Treads|spe|1\n|-sideend|p1: Ikhbal|Spikes|[from] move: Rapid Spin|[of] p1a: Iron Treads\n|\n|-weather|RainDance|[upkeep]\n|-heal|p1a: Iron Treads|43\/100|[from] item: Leftovers\n|upkeep\n|turn|26\n|\n|t:|1701207700\n|-end|p1a: Iron Treads|Quark Drive|[silent]\n|switch|p1a: Skeledirge|Skeledirge, M, tera:Fairy|73\/100\n|move|p2a: Arceus|Extreme Speed|p1a: Skeledirge\n|-damage|p1a: Skeledirge|42\/100\n|\n|-weather|RainDance|[upkeep]\n|upkeep\n|turn|27\n|\n|t:|1701207708\n|move|p2a: Arceus|Swords Dance|p2a: Arceus\n|-boost|p2a: Arceus|atk|2\n|move|p1a: Skeledirge|Slack Off|p1a: Skeledirge\n|-heal|p1a: Skeledirge|92\/100\n|\n|-weather|RainDance|[upkeep]\n|upkeep\n|turn|28\n|\n|t:|1701207715\n|move|p2a: Arceus|Extreme Speed|p1a: Skeledirge\n|-damage|p1a: Skeledirge|61\/100\n|move|p1a: Skeledirge|Will-O-Wisp|p2a: Arceus\n|-status|p2a: Arceus|brn\n|\n|-weather|none\n|-damage|p2a: Arceus|83\/100 brn|[from] brn\n|upkeep\n|turn|29\n|\n|t:|1701207727\n|switch|p2a: Kyogre|Kyogre|42\/100\n|-weather|RainDance|[from] ability: Drizzle|[of] p2a: Kyogre\n|switch|p1a: Arceus|Arceus|76\/100\n|\n|-weather|RainDance|[upkeep]\n|upkeep\n|turn|30\n|\n|t:|1701207737\n|switch|p2a: Arceus|Arceus|83\/100 brn\n|move|p1a: Arceus|Extreme Speed|p2a: Arceus\n|-damage|p2a: Arceus|48\/100 brn\n|\n|-weather|RainDance|[upkeep]\n|-damage|p2a: Arceus|42\/100 brn|[from] brn\n|upkeep\n|turn|31\n|\n|t:|1701207744\n|move|p1a: Arceus|Swords Dance|p1a: Arceus\n|-boost|p1a: Arceus|atk|2\n|move|p2a: Arceus|Recover|p2a: Arceus\n|-heal|p2a: Arceus|92\/100 brn\n|\n|-weather|RainDance|[upkeep]\n|-damage|p2a: Arceus|86\/100 brn|[from] brn\n|upkeep\n|turn|32\n|\n|t:|1701207751\n|move|p1a: Arceus|Swords Dance|p1a: Arceus\n|-boost|p1a: Arceus|atk|2\n|move|p2a: Arceus|Swords Dance|p2a: Arceus\n|-boost|p2a: Arceus|atk|2\n|\n|-weather|RainDance|[upkeep]\n|-damage|p2a: Arceus|80\/100 brn|[from] brn\n|upkeep\n|turn|33\n|\n|t:|1701207760\n|move|p2a: Arceus|Extreme Speed|p1a: Arceus\n|-damage|p1a: Arceus|39\/100\n|move|p1a: Arceus|Swords Dance|p1a: Arceus\n|-boost|p1a: Arceus|atk|2\n|\n|-weather|none\n|-damage|p2a: Arceus|74\/100 brn|[from] brn\n|upkeep\n|turn|34\n|\n|t:|1701207768\n|move|p1a: Arceus|Extreme Speed|p2a: Arceus\n|-damage|p2a: Arceus|0 fnt\n|faint|p2a: Arceus\n|\n|upkeep\n|\n|t:|1701207774\n|switch|p2a: Zacian|Zacian-Crowned|100\/100\n|-ability|p2a: Zacian|Intrepid Sword|boost\n|-boost|p2a: Zacian|atk|1\n|turn|35\n|\n|t:|1701207845\n|move|p1a: Arceus|Extreme Speed|p2a: Zacian\n|-resisted|p2a: Zacian\n|-damage|p2a: Zacian|10\/100\n|move|p2a: Zacian|Behemoth Blade|p1a: Arceus\n|-damage|p1a: Arceus|0 fnt\n|faint|p1a: Arceus\n|\n|upkeep\n|\n|t:|1701207848\n|switch|p1a: Kyogre|Kyogre|38\/100 brn\n|-weather|RainDance|[from] ability: Drizzle|[of] p1a: Kyogre\n|turn|36\n|\n|t:|1701207886\n|switch|p2a: Iron Treads|Iron Treads|34\/100\n|move|p1a: Kyogre|Thunder|p2a: Iron Treads\n|-immune|p2a: Iron Treads\n|\n|-weather|RainDance|[upkeep]\n|-heal|p2a: Iron Treads|40\/100|[from] item: Leftovers\n|-damage|p1a: Kyogre|32\/100 brn|[from] brn\n|upkeep\n|turn|37\n|\n|t:|1701207898\n|switch|p1a: Skeledirge|Skeledirge, M, tera:Fairy|61\/100\n|move|p2a: Iron Treads|Rapid Spin|p1a: Skeledirge\n|-damage|p1a: Skeledirge|52\/100\n|-boost|p2a: Iron Treads|spe|1\n|\n|-weather|RainDance|[upkeep]\n|-heal|p2a: Iron Treads|46\/100|[from] item: Leftovers\n|upkeep\n|turn|38\n|\n|t:|1701207906\n|move|p2a: Iron Treads|Iron Head|p1a: Skeledirge\n|-supereffective|p1a: Skeledirge\n|-damage|p1a: Skeledirge|7\/100\n|cant|p1a: Skeledirge|flinch\n|\n|-weather|RainDance|[upkeep]\n|-heal|p2a: Iron Treads|53\/100|[from] item: Leftovers\n|upkeep\n|turn|39\n|\n|t:|1701207912\n|move|p2a: Iron Treads|Iron Head|p1a: Skeledirge\n|-supereffective|p1a: Skeledirge\n|-damage|p1a: Skeledirge|0 fnt\n|faint|p1a: Skeledirge\n|\n|-weather|RainDance|[upkeep]\n|-heal|p2a: Iron Treads|59\/100|[from] item: Leftovers\n|upkeep\n|n|!Ikhbal|ikhbal\n|\n|t:|1701207926\n|switch|p1a: Kyogre|Kyogre|32\/100 brn\n|turn|40\n|\n|t:|1701207942\n|move|p2a: Iron Treads|Iron Head|p1a: Kyogre\n|-resisted|p1a: Kyogre\n|-damage|p1a: Kyogre|13\/100 brn\n|move|p1a: Kyogre|Origin Pulse|p2a: Iron Treads\n|-supereffective|p2a: Iron Treads\n|-damage|p2a: Iron Treads|0 fnt\n|faint|p2a: Iron Treads\n|-end|p2a: Iron Treads|Quark Drive|[silent]\n|\n|-weather|none\n|-damage|p1a: Kyogre|7\/100 brn|[from] brn\n|upkeep\n|\n|t:|1701207950\n|switch|p2a: Kyogre|Kyogre|42\/100\n|-weather|RainDance|[from] ability: Drizzle|[of] p2a: Kyogre\n|turn|41\n|\n|t:|1701207961\n|switch|p1a: Iron Treads|Iron Treads|43\/100\n|move|p2a: Kyogre|Origin Pulse|p1a: Iron Treads\n|-supereffective|p1a: Iron Treads\n|-damage|p1a: Iron Treads|0 fnt\n|faint|p1a: Iron Treads\n|-end|p1a: Iron Treads|Quark Drive|[silent]\n|\n|-weather|RainDance|[upkeep]\n|upkeep\n|\n|t:|1701207964\n|switch|p1a: Kyogre|Kyogre|7\/100 brn\n|turn|42\n|\n|t:|1701207975\n|move|p2a: Kyogre|Origin Pulse|p1a: Kyogre\n|-resisted|p1a: Kyogre\n|-damage|p1a: Kyogre|0 fnt\n|faint|p1a: Kyogre\n|\n|win|Shellder Koopa\n|raw|Ikhbal's rating: 1361 &rarr; <strong>1337<\/strong><br \/>(-24 for losing)\n|raw|Shellder Koopa's rating: 1291 &rarr; <strong>1321<\/strong><br \/>(+30 for winning)\n","uploadtime":1701207916,"views":2,"p1id":"ikhbal","p2id":"shellderkoopa","formatid":"gen9ubers","rating":1321,"private":0,"password":""}