{"id":"gen9ubers-1997192661","p1":"frozenly","p2":"IspamObjection","format":"[Gen 9] Ubers","log":"|j|\u2606frozenly\n|j|\u2606IspamObjection\n|t:|1700774051\n|gametype|singles\n|player|p1|frozenly|1|\n|player|p2|IspamObjection|lance-gen2|\n|teamsize|p1|6\n|teamsize|p2|6\n|gen|9\n|tier|[Gen 9] Ubers\n|rule|Sleep Clause Mod: Limit one foe put to sleep\n|rule|Species Clause: Limit one of each Pok\u00e9mon\n|rule|OHKO Clause: OHKO moves are banned\n|rule|Evasion Items Clause: Evasion items are banned\n|rule|Evasion Moves Clause: Evasion moves are banned\n|rule|Endless Battle Clause: Forcing endless battles is banned\n|rule|HP Percentage Mod: HP is shown in percentages\n|clearpoke\n|poke|p1|Magearna|\n|poke|p1|Ursaluna, F|\n|poke|p1|Dialga|\n|poke|p1|Hoopa-Unbound|\n|poke|p1|Cinderace, M|\n|poke|p1|Cresselia, F|\n|poke|p2|Garchomp, F|\n|poke|p2|Espathra, F|\n|poke|p2|Cyclizar, F|\n|poke|p2|Chi-Yu|\n|poke|p2|Zacian-*|\n|poke|p2|Masquerain, F|\n|teampreview\n|\n|t:|1700774073\n|start\n|switch|p1a: Magearna|Magearna|100\/100\n|switch|p2a: Cyclizar|Cyclizar, F|100\/100\n|turn|1\n|\n|t:|1700774084\n|move|p2a: Cyclizar|Shed Tail|p2a: Cyclizar\n|-start|p2a: Cyclizar|Substitute|[from] move: Shed Tail\n|-damage|p2a: Cyclizar|50\/100\n|\n|t:|1700774092\n|switch|p2a: Espathra|Espathra, F|100\/100|[from] Shed Tail\n|move|p1a: Magearna|Trick Room|p1a: Magearna\n|-fieldstart|move: Trick Room|[of] p1a: Magearna\n|\n|upkeep\n|turn|2\n|\n|t:|1700774113\n|move|p1a: Magearna|Volt Switch|p2a: Espathra\n|-end|p2a: Espathra|Substitute\n|\n|t:|1700774117\n|switch|p1a: Ursaluna|Ursaluna, F|100\/100|[from] Volt Switch\n|move|p2a: Espathra|Calm Mind|p2a: Espathra\n|-boost|p2a: Espathra|spa|1\n|-boost|p2a: Espathra|spd|1\n|\n|-status|p1a: Ursaluna|brn|[from] item: Flame Orb\n|-ability|p2a: Espathra|Speed Boost|boost\n|-boost|p2a: Espathra|spe|1\n|upkeep\n|turn|3\n|\n|t:|1700774138\n|switch|p2a: Masquerain|Masquerain, F|100\/100\n|-ability|p2a: Masquerain|Intimidate|boost\n|-unboost|p1a: Ursaluna|atk|1\n|move|p1a: Ursaluna|Facade|p2a: Masquerain\n|-crit|p2a: Masquerain\n|-enditem|p2a: Masquerain|Focus Sash\n|-damage|p2a: Masquerain|1\/100\n|\n|-damage|p1a: Ursaluna|94\/100 brn|[from] brn\n|upkeep\n|turn|4\n|\n|t:|1700774151\n|move|p1a: Ursaluna|Substitute|p1a: Ursaluna\n|-start|p1a: Ursaluna|Substitute\n|-damage|p1a: Ursaluna|70\/100 brn\n|move|p2a: Masquerain|Stun Spore|p1a: Ursaluna|[miss]\n|-miss|p2a: Masquerain|p1a: Ursaluna\n|\n|-damage|p1a: Ursaluna|64\/100 brn|[from] brn\n|upkeep\n|turn|5\n|\n|t:|1700774159\n|move|p1a: Ursaluna|Crunch|p2a: Masquerain\n|-damage|p2a: Masquerain|0 fnt\n|faint|p2a: Masquerain\n|\n|-damage|p1a: Ursaluna|58\/100 brn|[from] brn\n|-fieldend|move: Trick Room\n|upkeep\n|\n|t:|1700774173\n|switch|p2a: Cyclizar|Cyclizar, F|84\/100\n|turn|6\n|\n|t:|1700774176\n|move|p2a: Cyclizar|Shed Tail|p2a: Cyclizar\n|-start|p2a: Cyclizar|Substitute|[from] move: Shed Tail\n|-damage|p2a: Cyclizar|34\/100\n|\n|t:|1700774185\n|switch|p2a: Garchover|Garchomp, F|100\/100|[from] Shed Tail\n|move|p1a: Ursaluna|Facade|p2a: Garchover\n|-end|p2a: Garchover|Substitute\n|\n|-damage|p1a: Ursaluna|51\/100 brn|[from] brn\n|upkeep\n|turn|7\n|\n|t:|1700774205\n|move|p2a: Garchover|Stealth Rock|p1a: Ursaluna\n|-sidestart|p1: frozenly|move: Stealth Rock\n|move|p1a: Ursaluna|Facade|p2a: Garchover\n|-damage|p2a: Garchover|11\/100\n|-damage|p1a: Ursaluna|39\/100 brn|[from] ability: Rough Skin|[of] p2a: Garchover\n|\n|-damage|p1a: Ursaluna|33\/100 brn|[from] brn\n|upkeep\n|turn|8\n|\n|t:|1700774218\n|move|p2a: Garchover|Earthquake|p1a: Ursaluna\n|-end|p1a: Ursaluna|Substitute\n|move|p1a: Ursaluna|Facade|p2a: Garchover\n|-damage|p2a: Garchover|0 fnt\n|-damage|p1a: Ursaluna|21\/100 brn|[from] ability: Rough Skin|[of] p2a: Garchover\n|faint|p2a: Garchover\n|\n|-damage|p1a: Ursaluna|15\/100 brn|[from] brn\n|upkeep\n|\n|t:|1700774237\n|switch|p2a: Cyclizar|Cyclizar, F|67\/100\n|turn|9\n|\n|t:|1700774245\n|move|p2a: Cyclizar|Shed Tail|p2a: Cyclizar\n|-start|p2a: Cyclizar|Substitute|[from] move: Shed Tail\n|-damage|p2a: Cyclizar|17\/100\n|\n|t:|1700774252\n|switch|p2a: Espathra|Espathra, F|100\/100|[from] Shed Tail\n|move|p1a: Ursaluna|Facade|p2a: Espathra\n|-end|p2a: Espathra|Substitute\n|\n|-damage|p1a: Ursaluna|9\/100 brn|[from] brn\n|upkeep\n|turn|10\n|\n|t:|1700774261\n|move|p2a: Espathra|Calm Mind|p2a: Espathra\n|-boost|p2a: Espathra|spa|1\n|-boost|p2a: Espathra|spd|1\n|move|p1a: Ursaluna|Facade|p2a: Espathra\n|-damage|p2a: Espathra|29\/100\n|\n|-heal|p2a: Espathra|36\/100|[from] item: Leftovers\n|-damage|p1a: Ursaluna|3\/100 brn|[from] brn\n|-ability|p2a: Espathra|Speed Boost|boost\n|-boost|p2a: Espathra|spe|1\n|upkeep\n|turn|11\n|\n|t:|1700774277\n|move|p2a: Espathra|Stored Power|p1a: Ursaluna\n|-damage|p1a: Ursaluna|0 fnt\n|faint|p1a: Ursaluna\n|\n|-heal|p2a: Espathra|42\/100|[from] item: Leftovers\n|-ability|p2a: Espathra|Speed Boost|boost\n|-boost|p2a: Espathra|spe|1\n|upkeep\n|\n|t:|1700774296\n|switch|p1a: Magearna|Magearna|100\/100\n|-damage|p1a: Magearna|94\/100|[from] Stealth Rock\n|turn|12\n|\n|t:|1700774305\n|move|p2a: Espathra|Roost|p2a: Espathra\n|-heal|p2a: Espathra|92\/100\n|-singleturn|p2a: Espathra|move: Roost\n|move|p1a: Magearna|Trick Room|p1a: Magearna\n|-fieldstart|move: Trick Room|[of] p1a: Magearna\n|\n|-heal|p1a: Magearna|100\/100|[from] item: Leftovers\n|-heal|p2a: Espathra|98\/100|[from] item: Leftovers\n|-ability|p2a: Espathra|Speed Boost|boost\n|-boost|p2a: Espathra|spe|1\n|upkeep\n|turn|13\n|\n|t:|1700774314\n|move|p1a: Magearna|Encore|p2a: Espathra\n|-start|p2a: Espathra|Encore\n|move|p2a: Espathra|Roost|p2a: Espathra\n|-heal|p2a: Espathra|100\/100\n|-singleturn|p2a: Espathra|move: Roost\n|\n|-ability|p2a: Espathra|Speed Boost|boost\n|-boost|p2a: Espathra|spe|1\n|upkeep\n|turn|14\n|\n|t:|1700774329\n|move|p1a: Magearna|Volt Switch|p2a: Espathra\n|-damage|p2a: Espathra|82\/100\n|\n|t:|1700774333\n|switch|p1a: Hoopa|Hoopa-Unbound|100\/100|[from] Volt Switch\n|-damage|p1a: Hoopa|88\/100|[from] Stealth Rock\n|move|p2a: Espathra|Roost|p2a: Espathra\n|-heal|p2a: Espathra|100\/100\n|-singleturn|p2a: Espathra|move: Roost\n|\n|-ability|p2a: Espathra|Speed Boost|boost\n|-boost|p2a: Espathra|spe|1\n|upkeep\n|turn|15\n|\n|t:|1700774351\n|move|p1a: Hoopa|Hyperspace Fury|p2a: Espathra\n|-supereffective|p2a: Espathra\n|-damage|p2a: Espathra|0 fnt\n|-unboost|p1a: Hoopa|def|1\n|faint|p2a: Espathra\n|\n|upkeep\n|\n|t:|1700774355\n|switch|p2a: Cyclizar|Cyclizar, F|50\/100\n|turn|16\n|\n|t:|1700774359\n|move|p1a: Hoopa|Drain Punch|p2a: Cyclizar\n|-supereffective|p2a: Cyclizar\n|-damage|p2a: Cyclizar|0 fnt\n|-heal|p1a: Hoopa|100\/100|[from] drain|[of] p2a: Cyclizar\n|faint|p2a: Cyclizar\n|\n|-fieldend|move: Trick Room\n|upkeep\n|\n|t:|1700774365\n|switch|p2a: Zacian|Zacian|100\/100\n|-ability|p2a: Zacian|Intrepid Sword|boost\n|-boost|p2a: Zacian|atk|1\n|turn|17\n|\n|t:|1700774389\n|move|p2a: Zacian|Close Combat|p1a: Hoopa\n|-damage|p1a: Hoopa|0 fnt\n|-unboost|p2a: Zacian|def|1\n|-unboost|p2a: Zacian|spd|1\n|faint|p1a: Hoopa\n|\n|upkeep\n|\n|t:|1700774405\n|switch|p1a: Cresselia|Cresselia, F|100\/100\n|-damage|p1a: Cresselia|88\/100|[from] Stealth Rock\n|turn|18\n|\n|t:|1700774410\n|switch|p2a: Chi-Yu|Chi-Yu|100\/100\n|-ability|p2a: Chi-Yu|Beads of Ruin\n|move|p1a: Cresselia|Trick Room|p1a: Cresselia\n|-fieldstart|move: Trick Room|[of] p1a: Cresselia\n|\n|-heal|p1a: Cresselia|94\/100|[from] item: Leftovers\n|upkeep\n|turn|19\n|\n|t:|1700774426\n|switch|p1a: Magearna|Magearna|100\/100\n|-damage|p1a: Magearna|94\/100|[from] Stealth Rock\n|move|p2a: Chi-Yu|Dark Pulse|p1a: Magearna\n|-resisted|p1a: Magearna\n|-damage|p1a: Magearna|69\/100\n|\n|-heal|p1a: Magearna|75\/100|[from] item: Leftovers\n|upkeep\n|turn|20\n|\n|t:|1700774445\n|switch|p2a: Zacian|Zacian|100\/100\n|move|p1a: Magearna|Fleur Cannon|p2a: Zacian\n|-damage|p2a: Zacian|46\/100\n|-unboost|p1a: Magearna|spa|2\n|\n|-heal|p1a: Magearna|81\/100|[from] item: Leftovers\n|upkeep\n|turn|21\n|\n|t:|1700774457\n|move|p1a: Magearna|Fleur Cannon|p2a: Zacian|[miss]\n|-miss|p1a: Magearna|p2a: Zacian\n|move|p2a: Zacian|Play Rough|p1a: Magearna\n|-resisted|p1a: Magearna\n|-damage|p1a: Magearna|60\/100\n|\n|-heal|p1a: Magearna|66\/100|[from] item: Leftovers\n|upkeep\n|turn|22\n|\n|t:|1700774466\n|move|p1a: Magearna|Fleur Cannon|p2a: Zacian\n|-damage|p2a: Zacian|19\/100\n|-unboost|p1a: Magearna|spa|2\n|move|p2a: Zacian|Play Rough|p1a: Magearna\n|-resisted|p1a: Magearna\n|-crit|p1a: Magearna\n|-damage|p1a: Magearna|34\/100\n|\n|-heal|p1a: Magearna|40\/100|[from] item: Leftovers\n|-fieldend|move: Trick Room\n|upkeep\n|turn|23\n|\n|t:|1700774490\n|move|p2a: Zacian|Play Rough|p1a: Magearna\n|-resisted|p1a: Magearna\n|-damage|p1a: Magearna|20\/100\n|move|p1a: Magearna|Trick Room|p1a: Magearna\n|-fieldstart|move: Trick Room|[of] p1a: Magearna\n|\n|-heal|p1a: Magearna|26\/100|[from] item: Leftovers\n|upkeep\n|turn|24\n|\n|t:|1700774499\n|move|p1a: Magearna|Volt Switch|p2a: Zacian\n|-damage|p2a: Zacian|12\/100\n|\n|t:|1700774506\n|switch|p1a: Cresselia|Cresselia, F|94\/100|[from] Volt Switch\n|-damage|p1a: Cresselia|82\/100|[from] Stealth Rock\n|move|p2a: Zacian|Play Rough|p1a: Cresselia\n|-damage|p1a: Cresselia|46\/100\n|\n|-heal|p1a: Cresselia|53\/100|[from] item: Leftovers\n|upkeep\n|turn|25\n|\n|t:|1700774517\n|move|p1a: Cresselia|Moonblast|p2a: Zacian\n|-damage|p2a: Zacian|0 fnt\n|faint|p2a: Zacian\n|\n|-heal|p1a: Cresselia|59\/100|[from] item: Leftovers\n|upkeep\n|\n|t:|1700774520\n|switch|p2a: Chi-Yu|Chi-Yu|100\/100\n|-ability|p2a: Chi-Yu|Beads of Ruin\n|turn|26\n|\n|t:|1700774528\n|-terastallize|p2a: Chi-Yu|Dark\n|move|p1a: Cresselia|Moonblast|p2a: Chi-Yu\n|-supereffective|p2a: Chi-Yu\n|-damage|p2a: Chi-Yu|57\/100\n|-unboost|p2a: Chi-Yu|spa|1\n|move|p2a: Chi-Yu|Dark Pulse|p1a: Cresselia\n|-supereffective|p1a: Cresselia\n|-damage|p1a: Cresselia|0 fnt\n|faint|p1a: Cresselia\n|\n|upkeep\n|\n|t:|1700774542\n|switch|p1a: Cinderace|Cinderace, M|100\/100\n|turn|27\n|\n|t:|1700774546\n|move|p1a: Cinderace|U-turn|p2a: Chi-Yu\n|-start|p1a: Cinderace|typechange|Bug|[from] ability: Libero\n|-supereffective|p2a: Chi-Yu\n|-damage|p2a: Chi-Yu|0 fnt\n|faint|p2a: Chi-Yu\n|\n|win|frozenly\n|c|\u2606IspamObjection|gg\n|c|\u2606frozenly|gg\n","uploadtime":1700774559,"views":14,"p1id":"frozenly","p2id":"ispamobjection","formatid":"gen9ubers","rating":0,"private":0,"password":""}