{"id":"gen9ubers-1969282538","p1":"LadyMaria-Blue","p2":"hanekawa ceara","format":"[Gen 9] Ubers","log":"|j|\u2606LadyMaria-Blue\n|j|\u2606hanekawa ceara\n|t:|1697509501\n|gametype|singles\n|player|p1|LadyMaria-Blue|cynthia|\n|player|p2|hanekawa ceara|grimsley|\n|teamsize|p1|6\n|teamsize|p2|6\n|gen|9\n|tier|[Gen 9] Ubers\n|rule|Sleep Clause Mod: Limit one foe put to sleep\n|rule|Species Clause: Limit one of each Pok\u00e9mon\n|rule|OHKO Clause: OHKO moves are banned\n|rule|Evasion Items Clause: Evasion items are banned\n|rule|Evasion Moves Clause: Evasion moves are banned\n|rule|Endless Battle Clause: Forcing endless battles is banned\n|rule|HP Percentage Mod: HP is shown in percentages\n|clearpoke\n|poke|p1|Torkoal, F|\n|poke|p1|Landorus, M|\n|poke|p1|Magearna|\n|poke|p1|Volcanion|\n|poke|p1|Chi-Yu|\n|poke|p1|Walking Wake|\n|poke|p2|Chi-Yu|\n|poke|p2|Torkoal, F|\n|poke|p2|Walking Wake|\n|poke|p2|Magearna|\n|poke|p2|Arceus-Grass|\n|poke|p2|Gliscor, F|\n|teampreview\n|inactive|Battle timer is ON: inactive players will automatically lose when time's up. (requested by LadyMaria-Blue)\n|c|\u2606hanekawa ceara|hf\n|inactiveoff|Battle timer is now OFF.\n|c|\u2606LadyMaria-Blue|u2\n|\n|t:|1697509524\n|start\n|switch|p1a: Torkoal|Torkoal, F|100\/100\n|switch|p2a: Torkoal|Torkoal, F|100\/100\n|-weather|SunnyDay|[from] ability: Drought|[of] p1a: Torkoal\n|turn|1\n|\n|t:|1697509532\n|move|p2a: Torkoal|Stealth Rock|p1a: Torkoal\n|-sidestart|p1: LadyMaria-Blue|move: Stealth Rock\n|move|p1a: Torkoal|Stealth Rock|p2a: Torkoal\n|-sidestart|p2: hanekawa ceara|move: Stealth Rock\n|\n|-weather|SunnyDay|[upkeep]\n|upkeep\n|turn|2\n|\n|t:|1697509541\n|move|p1a: Torkoal|Rapid Spin|p2a: Torkoal\n|-damage|p2a: Torkoal|95\/100\n|-boost|p1a: Torkoal|spe|1\n|-sideend|p1: LadyMaria-Blue|Stealth Rock|[from] move: Rapid Spin|[of] p1a: Torkoal\n|move|p2a: Torkoal|Rapid Spin|p1a: Torkoal\n|-damage|p1a: Torkoal|94\/100\n|-boost|p2a: Torkoal|spe|1\n|-sideend|p2: hanekawa ceara|Stealth Rock|[from] move: Rapid Spin|[of] p2a: Torkoal\n|\n|-weather|SunnyDay|[upkeep]\n|upkeep\n|turn|3\n|\n|t:|1697509554\n|switch|p2a: Walking Wake|Walking Wake|100\/100\n|-activate|p2a: Walking Wake|ability: Protosynthesis\n|-start|p2a: Walking Wake|protosynthesisspa\n|move|p1a: Torkoal|Yawn|p2a: Walking Wake\n|-start|p2a: Walking Wake|move: Yawn|[of] p1a: Torkoal\n|\n|-weather|SunnyDay|[upkeep]\n|upkeep\n|turn|4\n|\n|t:|1697509575\n|-end|p2a: Walking Wake|Protosynthesis|[silent]\n|switch|p2a: Magearna|Magearna|100\/100\n|move|p1a: Torkoal|Stealth Rock|p2a: Magearna\n|-sidestart|p2: hanekawa ceara|move: Stealth Rock\n|\n|-weather|SunnyDay|[upkeep]\n|upkeep\n|turn|5\n|\n|t:|1697509584\n|move|p2a: Magearna|Volt Switch|p1a: Torkoal\n|-damage|p1a: Torkoal|74\/100\n|\n|t:|1697509589\n|switch|p2a: Torkoal|Torkoal, F|95\/100|[from] Volt Switch\n|-damage|p2a: Torkoal|70\/100|[from] Stealth Rock\n|move|p1a: Torkoal|Yawn|p2a: Torkoal\n|-start|p2a: Torkoal|move: Yawn|[of] p1a: Torkoal\n|\n|-weather|none\n|upkeep\n|turn|6\n|\n|t:|1697509612\n|switch|p1a: Landorus|Landorus, M|100\/100\n|switch|p2a: Gliscor|Gliscor, F|100\/100\n|-damage|p2a: Gliscor|88\/100|[from] Stealth Rock\n|\n|-status|p2a: Gliscor|tox|[from] item: Toxic Orb\n|upkeep\n|turn|7\n|\n|t:|1697509633\n|move|p1a: Landorus|Nasty Plot|p1a: Landorus\n|-boost|p1a: Landorus|spa|2\n|move|p2a: Gliscor|Toxic|p1a: Landorus|[miss]\n|-miss|p2a: Gliscor|p1a: Landorus\n|\n|-heal|p2a: Gliscor|100\/100 tox|[from] ability: Poison Heal\n|upkeep\n|turn|8\n|\n|t:|1697509642\n|move|p1a: Landorus|Psychic|p2a: Gliscor\n|-damage|p2a: Gliscor|0 fnt\n|faint|p2a: Gliscor\n|\n|upkeep\n|\n|t:|1697509657\n|switch|p2a: Walking Wake|Walking Wake|100\/100\n|-damage|p2a: Walking Wake|88\/100|[from] Stealth Rock\n|-enditem|p2a: Walking Wake|Booster Energy\n|-activate|p2a: Walking Wake|ability: Protosynthesis|[fromitem]\n|-start|p2a: Walking Wake|protosynthesisspa\n|turn|9\n|\n|t:|1697509667\n|switch|p1a: Volcanion|Volcanion|100\/100\n|move|p2a: Walking Wake|Draco Meteor|p1a: Volcanion\n|-damage|p1a: Volcanion|18\/100\n|-unboost|p2a: Walking Wake|spa|2\n|\n|upkeep\n|turn|10\n|\n|t:|1697509683\n|switch|p1a: Torkoal|Torkoal, F|74\/100\n|-weather|SunnyDay|[from] ability: Drought|[of] p1a: Torkoal\n|move|p2a: Walking Wake|Draco Meteor|p1a: Torkoal\n|-crit|p1a: Torkoal\n|-damage|p1a: Torkoal|0 fnt\n|-unboost|p2a: Walking Wake|spa|2\n|faint|p1a: Torkoal\n|\n|-weather|SunnyDay|[upkeep]\n|upkeep\n|\n|t:|1697509690\n|switch|p1a: Magearna|Magearna|100\/100\n|turn|11\n|\n|t:|1697509704\n|-end|p2a: Walking Wake|Protosynthesis|[silent]\n|switch|p2a: Torkoal|Torkoal, F|70\/100\n|-damage|p2a: Torkoal|45\/100|[from] Stealth Rock\n|move|p1a: Magearna|Shift Gear|p1a: Magearna\n|-boost|p1a: Magearna|spe|2\n|-boost|p1a: Magearna|atk|1\n|\n|-weather|SunnyDay|[upkeep]\n|upkeep\n|turn|12\n|\n|t:|1697509714\n|move|p1a: Magearna|Fleur Cannon|p2a: Torkoal\n|-resisted|p2a: Torkoal\n|-damage|p2a: Torkoal|0 fnt\n|-unboost|p1a: Magearna|spa|2\n|faint|p2a: Torkoal\n|-ability|p1a: Magearna|Soul-Heart|boost\n|-boost|p1a: Magearna|spa|1\n|-damage|p1a: Magearna|91\/100|[from] item: Life Orb\n|\n|-weather|SunnyDay|[upkeep]\n|upkeep\n|\n|t:|1697509734\n|switch|p2a: Magearna|Magearna|100\/100\n|-damage|p2a: Magearna|94\/100|[from] Stealth Rock\n|turn|13\n|\n|t:|1697509741\n|switch|p1a: Volcanion|Volcanion|18\/100\n|move|p2a: Magearna|Encore||[still]\n|-fail|p2a: Magearna\n|\n|-weather|SunnyDay|[upkeep]\n|-heal|p2a: Magearna|100\/100|[from] item: Leftovers\n|upkeep\n|turn|14\n|\n|t:|1697509752\n|switch|p2a: Walking Wake|Walking Wake|88\/100\n|-damage|p2a: Walking Wake|76\/100|[from] Stealth Rock\n|-activate|p2a: Walking Wake|ability: Protosynthesis\n|-start|p2a: Walking Wake|protosynthesisspa\n|move|p1a: Volcanion|Flamethrower|p2a: Walking Wake\n|-resisted|p2a: Walking Wake\n|-damage|p2a: Walking Wake|55\/100\n|\n|-weather|none\n|-end|p2a: Walking Wake|Protosynthesis\n|upkeep\n|turn|15\n|\n|t:|1697509761\n|move|p2a: Walking Wake|Flamethrower|p1a: Volcanion\n|-resisted|p1a: Volcanion\n|-damage|p1a: Volcanion|10\/100\n|move|p1a: Volcanion|Earth Power|p2a: Walking Wake\n|-damage|p2a: Walking Wake|18\/100\n|\n|upkeep\n|turn|16\n|\n|t:|1697509773\n|move|p2a: Walking Wake|Draco Meteor|p1a: Volcanion\n|-damage|p1a: Volcanion|0 fnt\n|-unboost|p2a: Walking Wake|spa|2\n|faint|p1a: Volcanion\n|\n|upkeep\n|\n|t:|1697509781\n|switch|p1a: Chi-Yu|Chi-Yu|100\/100\n|-ability|p1a: Chi-Yu|Beads of Ruin\n|turn|17\n|\n|t:|1697509793\n|move|p1a: Chi-Yu|Dark Pulse|p2a: Walking Wake\n|-damage|p2a: Walking Wake|0 fnt\n|faint|p2a: Walking Wake\n|-end|p2a: Walking Wake|Protosynthesis|[silent]\n|\n|upkeep\n|\n|t:|1697509816\n|switch|p2a: Magearna|Magearna|100\/100\n|-damage|p2a: Magearna|94\/100|[from] Stealth Rock\n|turn|18\n|\n|t:|1697509823\n|switch|p1a: Landorus|Landorus, M|100\/100\n|move|p2a: Magearna|Calm Mind|p2a: Magearna\n|-boost|p2a: Magearna|spa|1\n|-boost|p2a: Magearna|spd|1\n|\n|-heal|p2a: Magearna|100\/100|[from] item: Leftovers\n|upkeep\n|turn|19\n|\n|t:|1697509836\n|-terastallize|p2a: Magearna|Flying\n|move|p1a: Landorus|Earth Power|p2a: Magearna\n|-immune|p2a: Magearna\n|move|p2a: Magearna|Calm Mind|p2a: Magearna\n|-boost|p2a: Magearna|spa|1\n|-boost|p2a: Magearna|spd|1\n|\n|upkeep\n|turn|20\n|\n|t:|1697509852\n|move|p1a: Landorus|Sludge Bomb|p2a: Magearna\n|-damage|p2a: Magearna|85\/100\n|move|p2a: Magearna|Calm Mind|p2a: Magearna\n|-boost|p2a: Magearna|spa|1\n|-boost|p2a: Magearna|spd|1\n|\n|-heal|p2a: Magearna|91\/100|[from] item: Leftovers\n|upkeep\n|turn|21\n|\n|t:|1697509868\n|move|p1a: Landorus|Sludge Bomb|p2a: Magearna\n|-damage|p2a: Magearna|78\/100\n|move|p2a: Magearna|Calm Mind|p2a: Magearna\n|-boost|p2a: Magearna|spa|1\n|-boost|p2a: Magearna|spd|1\n|\n|-heal|p2a: Magearna|84\/100|[from] item: Leftovers\n|upkeep\n|turn|22\n|\n|t:|1697509875\n|move|p1a: Landorus|Nasty Plot|p1a: Landorus\n|-boost|p1a: Landorus|spa|2\n|move|p2a: Magearna|Fleur Cannon|p1a: Landorus\n|-damage|p1a: Landorus|0 fnt\n|-unboost|p2a: Magearna|spa|2\n|faint|p1a: Landorus\n|-ability|p2a: Magearna|Soul-Heart|boost\n|-boost|p2a: Magearna|spa|1\n|\n|-heal|p2a: Magearna|90\/100|[from] item: Leftovers\n|upkeep\n|\n|t:|1697509883\n|switch|p1a: Chi-Yu|Chi-Yu|100\/100\n|-ability|p1a: Chi-Yu|Beads of Ruin\n|turn|23\n|\n|t:|1697509891\n|-terastallize|p1a: Chi-Yu|Fire\n|move|p1a: Chi-Yu|Fire Blast|p2a: Magearna\n|-damage|p2a: Magearna|66\/100\n|move|p2a: Magearna|Fleur Cannon|p1a: Chi-Yu\n|-resisted|p1a: Chi-Yu\n|-damage|p1a: Chi-Yu|26\/100\n|-unboost|p2a: Magearna|spa|2\n|\n|-heal|p2a: Magearna|72\/100|[from] item: Leftovers\n|upkeep\n|turn|24\n|\n|t:|1697509905\n|move|p1a: Chi-Yu|Fire Blast|p2a: Magearna|[miss]\n|-miss|p1a: Chi-Yu|p2a: Magearna\n|move|p2a: Magearna|Fleur Cannon|p1a: Chi-Yu\n|-resisted|p1a: Chi-Yu\n|-damage|p1a: Chi-Yu|0 fnt\n|-unboost|p2a: Magearna|spa|2\n|faint|p1a: Chi-Yu\n|-ability|p2a: Magearna|Soul-Heart|boost\n|-boost|p2a: Magearna|spa|1\n|\n|-heal|p2a: Magearna|78\/100|[from] item: Leftovers\n|upkeep\n|\n|t:|1697509910\n|switch|p1a: Magearna|Magearna|91\/100\n|turn|25\n|\n|t:|1697509918\n|move|p1a: Magearna|Shift Gear|p1a: Magearna\n|-boost|p1a: Magearna|spe|2\n|-boost|p1a: Magearna|atk|1\n|move|p2a: Magearna|Calm Mind|p2a: Magearna\n|-boost|p2a: Magearna|spa|1\n|-boost|p2a: Magearna|spd|1\n|\n|-heal|p2a: Magearna|84\/100|[from] item: Leftovers\n|upkeep\n|turn|26\n|\n|t:|1697509927\n|move|p1a: Magearna|Ice Beam|p2a: Magearna\n|-supereffective|p2a: Magearna\n|-damage|p2a: Magearna|67\/100\n|-damage|p1a: Magearna|81\/100|[from] item: Life Orb\n|move|p2a: Magearna|Calm Mind|p2a: Magearna\n|-boost|p2a: Magearna|spa|1\n|-boost|p2a: Magearna|spd|1\n|\n|-heal|p2a: Magearna|73\/100|[from] item: Leftovers\n|upkeep\n|turn|27\n|\n|t:|1697509938\n|move|p1a: Magearna|Ice Beam|p2a: Magearna\n|-supereffective|p2a: Magearna\n|-damage|p2a: Magearna|59\/100\n|-damage|p1a: Magearna|71\/100|[from] item: Life Orb\n|move|p2a: Magearna|Fleur Cannon|p1a: Magearna\n|-resisted|p1a: Magearna\n|-damage|p1a: Magearna|15\/100\n|-unboost|p2a: Magearna|spa|2\n|\n|-heal|p2a: Magearna|65\/100|[from] item: Leftovers\n|upkeep\n|turn|28\n|\n|t:|1697509951\n|move|p1a: Magearna|Ice Beam|p2a: Magearna\n|-supereffective|p2a: Magearna\n|-damage|p2a: Magearna|52\/100\n|-damage|p1a: Magearna|5\/100|[from] item: Life Orb\n|move|p2a: Magearna|Calm Mind|p2a: Magearna\n|-boost|p2a: Magearna|spa|1\n|-boost|p2a: Magearna|spd|0\n|\n|-heal|p2a: Magearna|58\/100|[from] item: Leftovers\n|upkeep\n|turn|29\n|\n|t:|1697509960\n|move|p1a: Magearna|Ice Beam|p2a: Magearna\n|-supereffective|p2a: Magearna\n|-damage|p2a: Magearna|45\/100\n|-damage|p1a: Magearna|0 fnt|[from] item: Life Orb\n|faint|p1a: Magearna\n|-ability|p2a: Magearna|Soul-Heart|boost\n|-boost|p2a: Magearna|spa|1\n|move|p2a: Magearna|Fleur Cannon|p1: Magearna|[notarget]\n|-fail|p2a: Magearna\n|\n|-heal|p2a: Magearna|51\/100|[from] item: Leftovers\n|upkeep\n|\n|t:|1697509964\n|switch|p1a: Walking Wake|Walking Wake|100\/100\n|turn|30\n|\n|t:|1697509971\n|move|p1a: Walking Wake|Hydro Steam|p2a: Magearna\n|-damage|p2a: Magearna|40\/100\n|move|p2a: Magearna|Fleur Cannon|p1a: Walking Wake\n|-supereffective|p1a: Walking Wake\n|-damage|p1a: Walking Wake|0 fnt\n|-unboost|p2a: Magearna|spa|2\n|faint|p1a: Walking Wake\n|-end|p1a: Walking Wake|Protosynthesis|[silent]\n|\n|win|hanekawa ceara\n|c|\u2606hanekawa ceara|ggs\n|c|\u2606LadyMaria-Blue|ggs\n","uploadtime":1697509978,"views":19,"p1id":"ladymariablue","p2id":"hanekawaceara","formatid":"gen9ubers","rating":0,"private":0,"password":""}