{"id":"gen9ubers-1973641842","p1":"eduuukkkkk","p2":"Victor hg 999","format":"[Gen 9] Ubers","log":"|j|\u2606eduuukkkkk\n|j|\u2606Victor hg 999\n|t:|1697998986\n|gametype|singles\n|player|p1|eduuukkkkk|ash-kalos|\n|player|p2|Victor hg 999|lucas|\n|teamsize|p1|6\n|teamsize|p2|6\n|gen|9\n|tier|[Gen 9] Ubers\n|rule|Sleep Clause Mod: Limit one foe put to sleep\n|rule|Species Clause: Limit one of each Pok\u00e9mon\n|rule|OHKO Clause: OHKO moves are banned\n|rule|Evasion Items Clause: Evasion items are banned\n|rule|Evasion Moves Clause: Evasion moves are banned\n|rule|Endless Battle Clause: Forcing endless battles is banned\n|rule|HP Percentage Mod: HP is shown in percentages\n|clearpoke\n|poke|p1|Zoroark-Hisui, M|\n|poke|p1|Dragonite, F|\n|poke|p1|Glimmora, M|\n|poke|p1|Iron Bundle|\n|poke|p1|Miraidon|\n|poke|p1|Basculegion, M|\n|poke|p2|Miraidon|\n|poke|p2|Iron Valiant|\n|poke|p2|Iron Bundle|\n|poke|p2|Kyogre|\n|poke|p2|Zapdos|\n|poke|p2|Basculegion, M|\n|teampreview\n|inactive|Battle timer is ON: inactive players will automatically lose when time's up. (requested by Victor hg 999)\n|\n|t:|1697998996\n|start\n|switch|p1a: Basculegion|Basculegion, M|100\/100\n|switch|p2a: Miraidon|Miraidon|100\/100\n|-fieldstart|move: Electric Terrain|[from] ability: Hadron Engine|[of] p2a: Miraidon\n|turn|1\n|\n|t:|1697999010\n|move|p2a: Miraidon|Electro Drift|p1a: Basculegion\n|-enditem|p1a: Basculegion|Focus Sash\n|-damage|p1a: Basculegion|1\/100\n|replace|p1a: Zoroark|Zoroark-Hisui, M, shiny\n|-end|p1a: Zoroark|Illusion\n|move|p1a: Zoroark|Nasty Plot|p1a: Zoroark\n|-boost|p1a: Zoroark|spa|2\n|\n|upkeep\n|turn|2\n|\n|t:|1697999027\n|switch|p1a: Miraidon|Miraidon|100\/100\n|-activate|p1a: Miraidon|ability: Hadron Engine\n|move|p2a: Miraidon|Electro Drift|p1a: Miraidon\n|-resisted|p1a: Miraidon\n|-damage|p1a: Miraidon|72\/100\n|\n|upkeep\n|turn|3\n|\n|t:|1697999037\n|switch|p2a: Iron Valiant|Iron Valiant|100\/100\n|-activate|p2a: Iron Valiant|ability: Quark Drive\n|-start|p2a: Iron Valiant|quarkdriveatk\n|move|p1a: Miraidon|Dragon Pulse|p2a: Iron Valiant\n|-immune|p2a: Iron Valiant\n|\n|upkeep\n|turn|4\n|\n|t:|1697999049\n|switch|p1a: Glimmora|Glimmora, M|100\/100\n|-item|p1a: Glimmora|Air Balloon\n|move|p2a: Iron Valiant|Spirit Break|p1a: Glimmora\n|-resisted|p1a: Glimmora\n|-damage|p1a: Glimmora|75\/100\n|-unboost|p1a: Glimmora|spa|1\n|-activate|p1a: Glimmora|ability: Toxic Debris\n|-sidestart|p2: Victor hg 999|move: Toxic Spikes\n|-enditem|p1a: Glimmora|Air Balloon\n|\n|upkeep\n|turn|5\n|\n|t:|1697999062\n|move|p2a: Iron Valiant|Liquidation|p1a: Glimmora\n|-supereffective|p1a: Glimmora\n|-damage|p1a: Glimmora|5\/100\n|-activate|p1a: Glimmora|ability: Toxic Debris\n|-sidestart|p2: Victor hg 999|move: Toxic Spikes\n|move|p1a: Glimmora|Mortal Spin|p2a: Iron Valiant\n|-supereffective|p2a: Iron Valiant\n|-damage|p2a: Iron Valiant|83\/100\n|-status|p2a: Iron Valiant|psn\n|\n|-damage|p2a: Iron Valiant|71\/100 psn|[from] psn\n|-fieldend|move: Electric Terrain\n|-end|p2a: Iron Valiant|Quark Drive\n|upkeep\n|turn|6\n|\n|t:|1697999075\n|move|p1a: Glimmora|Spiky Shield|p1a: Glimmora\n|-singleturn|p1a: Glimmora|move: Protect\n|move|p2a: Iron Valiant|Liquidation|p1a: Glimmora\n|-activate|p1a: Glimmora|move: Protect\n|-damage|p2a: Iron Valiant|58\/100 psn|[from] Spiky Shield|[of] p1a: Glimmora\n|\n|-damage|p2a: Iron Valiant|46\/100 psn|[from] psn\n|upkeep\n|turn|7\n|c|\u2606eduuukkkkk|Ot\u00e1rio kkkk\n|\n|t:|1697999097\n|move|p2a: Iron Valiant|Liquidation|p1a: Glimmora\n|-supereffective|p1a: Glimmora\n|-damage|p1a: Glimmora|0 fnt\n|faint|p1a: Glimmora\n|\n|-damage|p2a: Iron Valiant|33\/100 psn|[from] psn\n|upkeep\n|\n|t:|1697999109\n|switch|p1a: Basculegion|Basculegion, M|1\/100\n|turn|8\n|\n|t:|1697999115\n|move|p1a: Basculegion|Bitter Malice|p2a: Iron Valiant\n|-damage|p2a: Iron Valiant|0 fnt\n|faint|p2a: Iron Valiant\n|-end|p2a: Iron Valiant|Quark Drive|[silent]\n|\n|upkeep\n|\n|t:|1697999125\n|switch|p2a: Zapdos|Zapdos|100\/100\n|-ability|p2a: Zapdos|Pressure\n|turn|9\n|\n|t:|1697999135\n|move|p1a: Basculegion|Dark Pulse|p2a: Zapdos\n|-damage|p2a: Zapdos|72\/100\n|move|p2a: Zapdos|Light Screen|p2a: Zapdos\n|-sidestart|p2: Victor hg 999|move: Light Screen\n|\n|upkeep\n|turn|10\n|\n|t:|1697999144\n|move|p1a: Basculegion|Bitter Malice|p2a: Zapdos\n|-damage|p2a: Zapdos|49\/100\n|-unboost|p2a: Zapdos|atk|1\n|move|p2a: Zapdos|Tailwind|p2a: Zapdos\n|-sidestart|p2: Victor hg 999|move: Tailwind\n|\n|upkeep\n|turn|11\n|\n|t:|1697999156\n|switch|p2a: Miraidon|Miraidon|100\/100\n|-status|p2a: Miraidon|tox\n|-fieldstart|move: Electric Terrain|[from] ability: Hadron Engine|[of] p2a: Miraidon\n|move|p1a: Basculegion|Dark Pulse|p2a: Miraidon\n|-damage|p2a: Miraidon|88\/100 tox\n|\n|-damage|p2a: Miraidon|82\/100 tox|[from] psn\n|upkeep\n|turn|12\n|\n|t:|1697999172\n|move|p2a: Miraidon|Draco Meteor|p1a: Basculegion\n|-damage|p1a: Basculegion|0 fnt\n|-unboost|p2a: Miraidon|spa|2\n|replace|p1a: Zoroark|Zoroark-Hisui, M, shiny\n|-end|p1a: Zoroark|Illusion\n|faint|p1a: Zoroark\n|\n|-damage|p2a: Miraidon|70\/100 tox|[from] psn\n|upkeep\n|\n|t:|1697999181\n|switch|p1a: Iron Bundle|Iron Bundle|100\/100\n|-activate|p1a: Iron Bundle|ability: Quark Drive\n|-start|p1a: Iron Bundle|quarkdrivespe\n|turn|13\n|\n|t:|1697999188\n|move|p2a: Miraidon|Draco Meteor|p1a: Iron Bundle\n|-damage|p1a: Iron Bundle|36\/100\n|-unboost|p2a: Miraidon|spa|2\n|move|p1a: Iron Bundle|Freeze-Dry|p2a: Miraidon\n|-supereffective|p2a: Miraidon\n|-damage|p2a: Miraidon|44\/100 tox\n|\n|-damage|p2a: Miraidon|25\/100 tox|[from] psn\n|-sideend|p2: Victor hg 999|move: Light Screen\n|-sideend|p2: Victor hg 999|move: Tailwind\n|upkeep\n|turn|14\n|\n|t:|1697999206\n|move|p1a: Iron Bundle|Icy Wind|p2a: Miraidon\n|-supereffective|p2a: Miraidon\n|-damage|p2a: Miraidon|0 fnt\n|faint|p2a: Miraidon\n|\n|upkeep\n|\n|t:|1697999212\n|switch|p2a: Kyogre|Kyogre|100\/100\n|-status|p2a: Kyogre|tox\n|-weather|RainDance|[from] ability: Drizzle|[of] p2a: Kyogre\n|turn|15\n|\n|t:|1697999222\n|move|p1a: Iron Bundle|Freeze-Dry|p2a: Kyogre\n|-supereffective|p2a: Kyogre\n|-damage|p2a: Kyogre|67\/100 tox\n|move|p2a: Kyogre|Thunder|p1a: Iron Bundle\n|-supereffective|p1a: Iron Bundle\n|-damage|p1a: Iron Bundle|0 fnt\n|faint|p1a: Iron Bundle\n|-end|p1a: Iron Bundle|Quark Drive|[silent]\n|\n|-weather|RainDance|[upkeep]\n|-heal|p2a: Kyogre|74\/100 tox|[from] item: Leftovers\n|-damage|p2a: Kyogre|67\/100 tox|[from] psn\n|-fieldend|move: Electric Terrain\n|upkeep\n|\n|t:|1697999232\n|switch|p1a: Miraidon|Miraidon|72\/100\n|-fieldstart|move: Electric Terrain|[from] ability: Hadron Engine|[of] p1a: Miraidon\n|turn|16\n|\n|t:|1697999242\n|move|p1a: Miraidon|Electro Drift|p2a: Kyogre\n|-supereffective|p2a: Kyogre\n|-damage|p2a: Kyogre|0 fnt\n|faint|p2a: Kyogre\n|\n|-weather|RainDance|[upkeep]\n|upkeep\n|\n|t:|1697999251\n|switch|p2a: Zapdos|Zapdos|49\/100\n|-ability|p2a: Zapdos|Pressure\n|turn|17\n|c|\u2606eduuukkkkk|Ningu\u00e9m tanka\n|\n|t:|1697999261\n|move|p1a: Miraidon|Electro Drift|p2a: Zapdos\n|-damage|p2a: Zapdos|0 fnt\n|faint|p2a: Zapdos\n|\n|-weather|RainDance|[upkeep]\n|upkeep\n|\n|t:|1697999269\n|switch|p2a: Iron Bundle|Iron Bundle|100\/100\n|-status|p2a: Iron Bundle|tox\n|-activate|p2a: Iron Bundle|ability: Quark Drive\n|-start|p2a: Iron Bundle|quarkdrivespe\n|turn|18\n|c|\u2606eduuukkkkk|Quem vc pensa que \u00e9?\n|\n|t:|1697999277\n|move|p2a: Iron Bundle|Ice Beam|p1a: Miraidon\n|-supereffective|p1a: Miraidon\n|-damage|p1a: Miraidon|0 fnt\n|faint|p1a: Miraidon\n|\n|-weather|RainDance|[upkeep]\n|-damage|p2a: Iron Bundle|95\/100 tox|[from] psn\n|upkeep\n|\n|t:|1697999287\n|switch|p1a: Dragonite|Dragonite, F|100\/100\n|turn|19\n|\n|t:|1697999295\n|-terastallize|p1a: Dragonite|Normal\n|move|p2a: Iron Bundle|Ice Beam|p1a: Dragonite\n|-damage|p1a: Dragonite|76\/100\n|move|p1a: Dragonite|Dragon Dance|p1a: Dragonite\n|-boost|p1a: Dragonite|atk|1\n|-boost|p1a: Dragonite|spe|1\n|\n|-weather|none\n|-heal|p1a: Dragonite|82\/100|[from] item: Leftovers\n|-damage|p2a: Iron Bundle|83\/100 tox|[from] psn\n|upkeep\n|turn|20\n|\n|t:|1697999309\n|move|p2a: Iron Bundle|Ice Beam|p1a: Dragonite\n|-damage|p1a: Dragonite|36\/100\n|move|p1a: Dragonite|Dragon Claw|p2a: Iron Bundle\n|-damage|p2a: Iron Bundle|0 fnt\n|faint|p2a: Iron Bundle\n|-end|p2a: Iron Bundle|Quark Drive|[silent]\n|\n|-heal|p1a: Dragonite|42\/100|[from] item: Leftovers\n|-fieldend|move: Electric Terrain\n|upkeep\n|\n|t:|1697999319\n|switch|p2a: Basculegion|Basculegion, M|100\/100\n|-status|p2a: Basculegion|tox\n|turn|21\n|c|\u2606eduuukkkkk|Eu tenho medo...\n|\n|t:|1697999333\n|move|p1a: Dragonite|Roost|p1a: Dragonite\n|-heal|p1a: Dragonite|92\/100\n|move|p2a: Basculegion|Substitute|p2a: Basculegion\n|-start|p2a: Basculegion|Substitute\n|-damage|p2a: Basculegion|76\/100 tox\n|\n|-heal|p1a: Dragonite|99\/100|[from] item: Leftovers\n|-heal|p2a: Basculegion|82\/100 tox|[from] item: Leftovers\n|-damage|p2a: Basculegion|76\/100 tox|[from] psn\n|upkeep\n|turn|22\n|\n|t:|1697999345\n|move|p1a: Dragonite|Dragon Dance|p1a: Dragonite\n|-boost|p1a: Dragonite|atk|1\n|-boost|p1a: Dragonite|spe|1\n|move|p2a: Basculegion|Last Respects|p1a: Dragonite\n|-immune|p1a: Dragonite\n|\n|-heal|p1a: Dragonite|100\/100|[from] item: Leftovers\n|-heal|p2a: Basculegion|82\/100 tox|[from] item: Leftovers\n|-damage|p2a: Basculegion|70\/100 tox|[from] psn\n|upkeep\n|turn|23\n|c|\u2606eduuukkkkk|Kkkkkkkkkkkkkkkkkkkkkkkkkkkkkkkkkkkkkkkkkkkkkkkkkkkkkkkkkkkkkkkkkk\n|-message|Victor hg 999 forfeited.\n|\n|win|eduuukkkkk\n|l|\u2606Victor hg 999\n","uploadtime":1697999363,"views":14,"p1id":"eduuukkkkk","p2id":"victorhg999","formatid":"gen9ubers","rating":0,"private":0,"password":""}