{"id":"gen9ubers-1980738641","p1":"HyperMuteki666","p2":"nm jjnhbvk","format":"[Gen 9] Ubers","log":"|j|\u2606HyperMuteki666\n|j|\u2606nm jjnhbvk\n|t:|1698823031\n|gametype|singles\n|player|p1|HyperMuteki666|101|1157\n|player|p2|nm jjnhbvk|preschoolerf|1022\n|teamsize|p1|6\n|teamsize|p2|6\n|gen|9\n|tier|[Gen 9] Ubers\n|rated|\n|rule|Sleep Clause Mod: Limit one foe put to sleep\n|rule|Species Clause: Limit one of each Pok\u00e9mon\n|rule|OHKO Clause: OHKO moves are banned\n|rule|Evasion Items Clause: Evasion items are banned\n|rule|Evasion Moves Clause: Evasion moves are banned\n|rule|Endless Battle Clause: Forcing endless battles is banned\n|rule|HP Percentage Mod: HP is shown in percentages\n|clearpoke\n|poke|p1|Kyogre|\n|poke|p1|Zacian-*|\n|poke|p1|Miraidon|\n|poke|p1|Ribombee, M|\n|poke|p1|Regieleki|\n|poke|p1|Clodsire, F|\n|poke|p2|Raichu-Alola, M|\n|poke|p2|Iron Valiant|\n|poke|p2|Miraidon|\n|poke|p2|Iron Hands|\n|poke|p2|Kyogre|\n|poke|p2|Arceus-Ground|\n|teampreview\n|\n|t:|1698823049\n|start\n|switch|p1a: Clodsire|Clodsire, F|100\/100\n|switch|p2a: Kyogre|Kyogre|100\/100\n|-weather|RainDance|[from] ability: Drizzle|[of] p2a: Kyogre\n|turn|1\n|\n|t:|1698823055\n|move|p2a: Kyogre|Water Spout|p1a: Clodsire\n|-immune|p1a: Clodsire|[from] ability: Water Absorb\n|move|p1a: Clodsire|Toxic Spikes|p2a: Kyogre\n|-sidestart|p2: nm jjnhbvk|move: Toxic Spikes\n|\n|-weather|RainDance|[upkeep]\n|upkeep\n|turn|2\n|\n|t:|1698823064\n|switch|p2a: Iron Hands|Iron Hands|100\/100\n|-status|p2a: Iron Hands|psn\n|move|p1a: Clodsire|Toxic||[still]\n|-fail|p1a: Clodsire\n|\n|-weather|RainDance|[upkeep]\n|-damage|p2a: Iron Hands|88\/100 psn|[from] psn\n|upkeep\n|turn|3\n|\n|t:|1698823075\n|move|p2a: Iron Hands|Ice Punch|p1a: Clodsire\n|-supereffective|p1a: Clodsire\n|-damage|p1a: Clodsire|30\/100\n|move|p1a: Clodsire|Earthquake|p2a: Iron Hands\n|-supereffective|p2a: Iron Hands\n|-damage|p2a: Iron Hands|54\/100 psn\n|\n|-weather|RainDance|[upkeep]\n|-heal|p1a: Clodsire|36\/100|[from] item: Leftovers\n|-damage|p2a: Iron Hands|41\/100 psn|[from] psn\n|upkeep\n|turn|4\n|\n|t:|1698823084\n|move|p2a: Iron Hands|Ice Punch|p1a: Clodsire\n|-supereffective|p1a: Clodsire\n|-damage|p1a: Clodsire|0 fnt\n|faint|p1a: Clodsire\n|\n|-weather|RainDance|[upkeep]\n|-damage|p2a: Iron Hands|29\/100 psn|[from] psn\n|upkeep\n|\n|t:|1698823098\n|switch|p1a: Miraidon|Miraidon|100\/100\n|-fieldstart|move: Electric Terrain|[from] ability: Hadron Engine|[of] p1a: Miraidon\n|-activate|p2a: Iron Hands|ability: Quark Drive\n|-start|p2a: Iron Hands|quarkdriveatk\n|turn|5\n|\n|t:|1698823106\n|move|p1a: Miraidon|Dazzling Gleam|p2a: Iron Hands\n|-supereffective|p2a: Iron Hands\n|-damage|p2a: Iron Hands|0 fnt\n|faint|p2a: Iron Hands\n|-end|p2a: Iron Hands|Quark Drive|[silent]\n|-damage|p1a: Miraidon|91\/100|[from] item: Life Orb\n|\n|-weather|none\n|upkeep\n|\n|t:|1698823116\n|switch|p2a: Arceus|Arceus-Ground|100\/100\n|-status|p2a: Arceus|psn\n|turn|6\n|\n|t:|1698823124\n|-terastallize|p1a: Miraidon|Fairy\n|move|p1a: Miraidon|Calm Mind|p1a: Miraidon\n|-boost|p1a: Miraidon|spa|1\n|-boost|p1a: Miraidon|spd|1\n|move|p2a: Arceus|Earthquake|p1a: Miraidon\n|-damage|p1a: Miraidon|40\/100\n|\n|-damage|p2a: Arceus|88\/100 psn|[from] psn\n|upkeep\n|turn|7\n|\n|t:|1698823135\n|move|p2a: Arceus|Extreme Speed|p1a: Miraidon\n|-damage|p1a: Miraidon|19\/100\n|move|p1a: Miraidon|Dazzling Gleam|p2a: Arceus\n|-damage|p2a: Arceus|17\/100 psn\n|-damage|p1a: Miraidon|9\/100|[from] item: Life Orb\n|\n|-damage|p2a: Arceus|4\/100 psn|[from] psn\n|upkeep\n|turn|8\n|\n|t:|1698823147\n|move|p1a: Miraidon|Dazzling Gleam|p2a: Arceus\n|-damage|p2a: Arceus|0 fnt\n|faint|p2a: Arceus\n|-damage|p1a: Miraidon|0 fnt|[from] item: Life Orb\n|faint|p1a: Miraidon\n|\n|upkeep\n|\n|t:|1698823155\n|switch|p1a: Ribombee|Ribombee, M|100\/100\n|switch|p2a: Raichu|Raichu-Alola, M|100\/100\n|-status|p2a: Raichu|psn\n|turn|9\n|\n|t:|1698823163\n|move|p2a: Raichu|Volt Switch|p1a: Ribombee\n|-damage|p1a: Ribombee|12\/100\n|-damage|p2a: Raichu|91\/100 psn|[from] item: Life Orb\n|\n|t:|1698823166\n|switch|p2a: Kyogre|Kyogre|100\/100|[from] Volt Switch\n|-status|p2a: Kyogre|psn\n|-weather|RainDance|[from] ability: Drizzle|[of] p2a: Kyogre\n|move|p1a: Ribombee|Sticky Web|p2a: Kyogre\n|-sidestart|p2: nm jjnhbvk|move: Sticky Web\n|\n|-weather|RainDance|[upkeep]\n|-damage|p2a: Kyogre|88\/100 psn|[from] psn\n|-fieldend|move: Electric Terrain\n|upkeep\n|turn|10\n|\n|t:|1698823180\n|move|p1a: Ribombee|Protect|p1a: Ribombee\n|-singleturn|p1a: Ribombee|Protect\n|move|p2a: Kyogre|Tera Blast|p1a: Ribombee\n|-activate|p1a: Ribombee|move: Protect\n|\n|-weather|RainDance|[upkeep]\n|-damage|p2a: Kyogre|76\/100 psn|[from] psn\n|upkeep\n|turn|11\n|\n|t:|1698823194\n|move|p1a: Ribombee|Protect|p1a: Ribombee\n|-singleturn|p1a: Ribombee|Protect\n|move|p2a: Kyogre|Tera Blast|p1a: Ribombee\n|-activate|p1a: Ribombee|move: Protect\n|\n|-weather|RainDance|[upkeep]\n|-damage|p2a: Kyogre|64\/100 psn|[from] psn\n|upkeep\n|turn|12\n|\n|t:|1698823204\n|move|p1a: Ribombee|Protect||[still]\n|-fail|p1a: Ribombee\n|move|p2a: Kyogre|Tera Blast|p1a: Ribombee\n|-damage|p1a: Ribombee|0 fnt\n|faint|p1a: Ribombee\n|\n|-weather|RainDance|[upkeep]\n|-damage|p2a: Kyogre|51\/100 psn|[from] psn\n|upkeep\n|\n|t:|1698823217\n|switch|p1a: Kyogre|Kyogre|100\/100\n|turn|13\n|\n|t:|1698823222\n|switch|p2a: Miraidon|Miraidon|100\/100\n|-status|p2a: Miraidon|psn\n|-activate|p2a: Miraidon|move: Sticky Web\n|-unboost|p2a: Miraidon|spe|1\n|-fieldstart|move: Electric Terrain|[from] ability: Hadron Engine|[of] p2a: Miraidon\n|move|p1a: Kyogre|Ice Beam|p2a: Miraidon\n|-supereffective|p2a: Miraidon\n|-crit|p2a: Miraidon\n|-damage|p2a: Miraidon|15\/100 psn\n|\n|-weather|none\n|-heal|p2a: Miraidon|22\/100 psn|[from] item: Leftovers\n|-damage|p2a: Miraidon|9\/100 psn|[from] psn\n|upkeep\n|turn|14\n|\n|t:|1698823234\n|move|p1a: Kyogre|Ice Beam|p2a: Miraidon\n|-supereffective|p2a: Miraidon\n|-damage|p2a: Miraidon|0 fnt\n|faint|p2a: Miraidon\n|\n|upkeep\n|\n|t:|1698823236\n|switch|p2a: Raichu|Raichu-Alola, M|91\/100 psn\n|-activate|p2a: Raichu|move: Sticky Web\n|-unboost|p2a: Raichu|spe|1\n|turn|15\n|\n|t:|1698823242\n|move|p2a: Raichu|Volt Switch|p1a: Kyogre\n|-supereffective|p1a: Kyogre\n|-damage|p1a: Kyogre|25\/100\n|-damage|p2a: Raichu|81\/100 psn|[from] item: Life Orb\n|\n|t:|1698823246\n|switch|p2a: Kyogre|Kyogre|51\/100 psn|[from] Volt Switch\n|-activate|p2a: Kyogre|move: Sticky Web\n|-unboost|p2a: Kyogre|spe|1\n|-weather|RainDance|[from] ability: Drizzle|[of] p2a: Kyogre\n|move|p1a: Kyogre|Ice Beam|p2a: Kyogre\n|-resisted|p2a: Kyogre\n|-crit|p2a: Kyogre\n|-damage|p2a: Kyogre|33\/100 psn\n|\n|-weather|RainDance|[upkeep]\n|-damage|p2a: Kyogre|21\/100 psn|[from] psn\n|upkeep\n|turn|16\n|\n|t:|1698823260\n|move|p1a: Kyogre|Ice Beam|p2a: Kyogre\n|-resisted|p2a: Kyogre\n|-damage|p2a: Kyogre|9\/100 psn\n|move|p2a: Kyogre|Origin Pulse|p1a: Kyogre\n|-resisted|p1a: Kyogre\n|-damage|p1a: Kyogre|0 fnt\n|faint|p1a: Kyogre\n|\n|-weather|RainDance|[upkeep]\n|-damage|p2a: Kyogre|0 fnt|[from] psn\n|faint|p2a: Kyogre\n|upkeep\n|\n|t:|1698823270\n|switch|p2a: Raichu|Raichu-Alola, M|81\/100 psn\n|switch|p1a: Regieleki|Regieleki|100\/100\n|-activate|p2a: Raichu|move: Sticky Web\n|-unboost|p2a: Raichu|spe|1\n|turn|17\n|\n|t:|1698823277\n|move|p1a: Regieleki|Volt Switch|p2a: Raichu\n|-resisted|p2a: Raichu\n|-damage|p2a: Raichu|44\/100 psn\n|\n|t:|1698823281\n|switch|p1a: Zacian|Zacian-Crowned|100\/100|[from] Volt Switch\n|-ability|p1a: Zacian|Intrepid Sword|boost\n|-boost|p1a: Zacian|atk|1\n|move|p2a: Raichu|Surf|p1a: Zacian\n|-crit|p1a: Zacian\n|-damage|p1a: Zacian|31\/100\n|-damage|p2a: Raichu|34\/100 psn|[from] item: Life Orb\n|\n|-weather|RainDance|[upkeep]\n|-damage|p2a: Raichu|22\/100 psn|[from] psn\n|-fieldend|move: Electric Terrain\n|upkeep\n|turn|18\n|\n|t:|1698823292\n|move|p1a: Zacian|Play Rough|p2a: Raichu|[miss]\n|-miss|p1a: Zacian|p2a: Raichu\n|move|p2a: Raichu|Volt Switch|p1a: Zacian\n|-damage|p1a: Zacian|0 fnt\n|faint|p1a: Zacian\n|-damage|p2a: Raichu|12\/100 psn|[from] item: Life Orb\n|\n|t:|1698823294\n|switch|p2a: Iron Valiant|Iron Valiant|100\/100|[from] Volt Switch\n|\n|-weather|RainDance|[upkeep]\n|upkeep\n|\n|t:|1698823302\n|switch|p1a: Regieleki|Regieleki|100\/100\n|turn|19\n|\n|t:|1698823312\n|-end|p2a: Iron Valiant|Quark Drive|[silent]\n|switch|p2a: Raichu|Raichu-Alola, M|12\/100 psn\n|-activate|p2a: Raichu|move: Sticky Web\n|-unboost|p2a: Raichu|spe|1\n|move|p1a: Regieleki|Light Screen|p1a: Regieleki\n|-sidestart|p1: HyperMuteki666|move: Light Screen\n|\n|-weather|none\n|-damage|p2a: Raichu|0 fnt|[from] psn\n|faint|p2a: Raichu\n|upkeep\n|\n|t:|1698823314\n|switch|p2a: Iron Valiant|Iron Valiant|100\/100\n|turn|20\n|\n|t:|1698823321\n|-terastallize|p2a: Iron Valiant|Fairy\n|move|p1a: Regieleki|Reflect|p1a: Regieleki\n|-sidestart|p1: HyperMuteki666|Reflect\n|move|p2a: Iron Valiant|Spirit Break|p1a: Regieleki\n|-damage|p1a: Regieleki|53\/100\n|-unboost|p1a: Regieleki|spa|1\n|\n|upkeep\n|turn|21\n|\n|t:|1698823329\n|move|p1a: Regieleki|Volt Switch|p2a: Iron Valiant\n|-damage|p2a: Iron Valiant|54\/100\n|move|p2a: Iron Valiant|Spirit Break|p1a: Regieleki\n|-damage|p1a: Regieleki|2\/100\n|-unboost|p1a: Regieleki|spa|1\n|\n|upkeep\n|turn|22\n|\n|t:|1698823338\n|move|p1a: Regieleki|Volt Switch|p2a: Iron Valiant\n|-damage|p2a: Iron Valiant|18\/100\n|move|p2a: Iron Valiant|Spirit Break|p1a: Regieleki\n|-damage|p1a: Regieleki|0 fnt\n|faint|p1a: Regieleki\n|\n|win|nm jjnhbvk\n|raw|HyperMuteki666's rating: 1157 &rarr; <strong>1123<\/strong><br \/>(-34 for losing)\n|raw|nm jjnhbvk's rating: 1022 &rarr; <strong>1072<\/strong><br \/>(+50 for winning)\n","uploadtime":1698823343,"views":10,"p1id":"hypermuteki666","p2id":"nmjjnhbvk","formatid":"gen9ubers","rating":1072,"private":0,"password":""}