{"id":"gen9ubers-1983777721","p1":"KarmaKazama0","p2":"Milky119","format":"[Gen 9] Ubers","log":"|j|\u2606KarmaKazama0\n|j|\u2606Milky119\n|t:|1699179150\n|gametype|singles\n|player|p1|KarmaKazama0|1|1217\n|player|p2|Milky119|carmine-festival|1339\n|teamsize|p1|6\n|teamsize|p2|6\n|gen|9\n|tier|[Gen 9] Ubers\n|rated|\n|rule|Sleep Clause Mod: Limit one foe put to sleep\n|rule|Species Clause: Limit one of each Pok\u00e9mon\n|rule|OHKO Clause: OHKO moves are banned\n|rule|Evasion Items Clause: Evasion items are banned\n|rule|Evasion Moves Clause: Evasion moves are banned\n|rule|Endless Battle Clause: Forcing endless battles is banned\n|rule|HP Percentage Mod: HP is shown in percentages\n|clearpoke\n|poke|p1|Kyogre|\n|poke|p1|Flutter Mane|\n|poke|p1|Toxapex, F|\n|poke|p1|Koraidon|\n|poke|p1|Groudon|\n|poke|p1|Zacian-*|\n|poke|p2|Kyogre|\n|poke|p2|Basculegion, M|\n|poke|p2|Arceus-Fairy|\n|poke|p2|Iron Treads|\n|poke|p2|Giratina-Origin|\n|poke|p2|Overqwil, M|\n|teampreview\n|inactive|Battle timer is ON: inactive players will automatically lose when time's up. (requested by Milky119)\n|inactive|KarmaKazama0 also wants the timer to be on.\n|\n|t:|1699179156\n|start\n|switch|p1a: Koraidon|Koraidon|100\/100\n|switch|p2a: Kyogre|Kyogre|100\/100\n|-weather|SunnyDay|[from] ability: Orichalcum Pulse|[of] p1a: Koraidon\n|-activate|p1a: Koraidon|Orichalcum Pulse|[source]\n|-weather|RainDance|[from] ability: Drizzle|[of] p2a: Kyogre\n|turn|1\n|\n|t:|1699179163\n|move|p1a: Koraidon|U-turn|p2a: Kyogre\n|-damage|p2a: Kyogre|83\/100\n|\n|t:|1699179166\n|switch|p1a: Toxapex|Toxapex, F|100\/100|[from] U-turn\n|move|p2a: Kyogre|Ice Beam|p1a: Toxapex\n|-resisted|p1a: Toxapex\n|-damage|p1a: Toxapex|87\/100\n|\n|-weather|RainDance|[upkeep]\n|upkeep\n|turn|2\n|\n|t:|1699179171\n|switch|p2a: Iron Treads|Iron Treads|100\/100\n|move|p1a: Toxapex|Toxic Spikes|p2a: Iron Treads\n|-sidestart|p2: Milky119|move: Toxic Spikes\n|\n|-weather|RainDance|[upkeep]\n|upkeep\n|turn|3\n|\n|t:|1699179181\n|switch|p1a: Kyogre|Kyogre|100\/100\n|move|p2a: Iron Treads|Stealth Rock|p1a: Kyogre\n|-sidestart|p1: KarmaKazama0|move: Stealth Rock\n|\n|-weather|RainDance|[upkeep]\n|upkeep\n|turn|4\n|\n|t:|1699179195\n|-end|p2a: Iron Treads|Quark Drive|[silent]\n|switch|p2a: Kyogre|Kyogre|83\/100\n|-status|p2a: Kyogre|psn\n|move|p1a: Kyogre|Surf|p2a: Kyogre\n|-resisted|p2a: Kyogre\n|-damage|p2a: Kyogre|58\/100 psn\n|\n|-weather|RainDance|[upkeep]\n|-damage|p2a: Kyogre|45\/100 psn|[from] psn\n|upkeep\n|turn|5\n|\n|t:|1699179200\n|move|p1a: Kyogre|Thunder|p2a: Kyogre\n|-supereffective|p2a: Kyogre\n|-damage|p2a: Kyogre|0 fnt\n|faint|p2a: Kyogre\n|\n|-weather|RainDance|[upkeep]\n|upkeep\n|\n|t:|1699179206\n|switch|p2a: Basculegion|Basculegion, M|100\/100\n|-status|p2a: Basculegion|psn\n|turn|6\n|\n|t:|1699179215\n|move|p2a: Basculegion|Last Respects|p1a: Kyogre\n|-damage|p1a: Kyogre|48\/100\n|move|p1a: Kyogre|Thunder|p2a: Basculegion\n|-supereffective|p2a: Basculegion\n|-crit|p2a: Basculegion\n|-damage|p2a: Basculegion|0 fnt\n|faint|p2a: Basculegion\n|\n|-weather|RainDance|[upkeep]\n|upkeep\n|\n|t:|1699179222\n|switch|p2a: Iron Treads|Iron Treads|100\/100\n|turn|7\n|\n|t:|1699179225\n|-terastallize|p2a: Iron Treads|Fairy\n|move|p2a: Iron Treads|Rapid Spin|p1a: Kyogre\n|-damage|p1a: Kyogre|36\/100\n|-boost|p2a: Iron Treads|spe|1\n|-sideend|p2: Milky119|Toxic Spikes|[from] move: Rapid Spin|[of] p2a: Iron Treads\n|move|p1a: Kyogre|Surf|p2a: Iron Treads\n|-damage|p2a: Iron Treads|34\/100\n|\n|-weather|RainDance|[upkeep]\n|-heal|p2a: Iron Treads|40\/100|[from] item: Leftovers\n|upkeep\n|turn|8\n|\n|t:|1699179233\n|move|p2a: Iron Treads|Earthquake|p1a: Kyogre\n|-damage|p1a: Kyogre|2\/100\n|move|p1a: Kyogre|Surf|p2a: Iron Treads\n|-damage|p2a: Iron Treads|0 fnt\n|faint|p2a: Iron Treads\n|-end|p2a: Iron Treads|Quark Drive|[silent]\n|\n|-weather|none\n|upkeep\n|\n|t:|1699179239\n|switch|p2a: Giratina|Giratina-Origin|100\/100\n|turn|9\n|\n|t:|1699179242\n|move|p2a: Giratina|Shadow Sneak|p1a: Kyogre\n|-damage|p1a: Kyogre|0 fnt\n|faint|p1a: Kyogre\n|\n|upkeep\n|\n|t:|1699179258\n|switch|p1a: Koraidon|Koraidon|100\/100\n|-damage|p1a: Koraidon|94\/100|[from] Stealth Rock\n|-weather|SunnyDay|[from] ability: Orichalcum Pulse|[of] p1a: Koraidon\n|-activate|p1a: Koraidon|Orichalcum Pulse|[source]\n|turn|10\n|\n|t:|1699179262\n|-terastallize|p1a: Koraidon|Fire\n|move|p1a: Koraidon|Dragon Claw|p2a: Giratina\n|-supereffective|p2a: Giratina\n|-damage|p2a: Giratina|22\/100\n|move|p2a: Giratina|Will-O-Wisp|p1a: Koraidon\n|-immune|p1a: Koraidon\n|\n|-weather|SunnyDay|[upkeep]\n|upkeep\n|turn|11\n|\n|t:|1699179269\n|move|p2a: Giratina|Shadow Sneak|p1a: Koraidon\n|-damage|p1a: Koraidon|71\/100\n|move|p1a: Koraidon|Dragon Claw|p2a: Giratina\n|-supereffective|p2a: Giratina\n|-damage|p2a: Giratina|0 fnt\n|faint|p2a: Giratina\n|\n|-weather|SunnyDay|[upkeep]\n|upkeep\n|\n|t:|1699179273\n|switch|p2a: Arceus|Arceus-Fairy|100\/100\n|turn|12\n|\n|t:|1699179276\n|switch|p1a: Toxapex|Toxapex, F|100\/100\n|-damage|p1a: Toxapex|88\/100|[from] Stealth Rock\n|move|p2a: Arceus|Iron Defense|p2a: Arceus\n|-boost|p2a: Arceus|def|2\n|\n|-weather|SunnyDay|[upkeep]\n|upkeep\n|turn|13\n|\n|t:|1699179280\n|move|p2a: Arceus|Calm Mind|p2a: Arceus\n|-boost|p2a: Arceus|spa|1\n|-boost|p2a: Arceus|spd|1\n|move|p1a: Toxapex|Haze|p1a: Toxapex\n|-clearallboost\n|\n|-weather|SunnyDay|[upkeep]\n|upkeep\n|turn|14\n|\n|t:|1699179283\n|switch|p2a: Overqwil|Overqwil, M|100\/100\n|move|p1a: Toxapex|Toxic Spikes|p2a: Overqwil\n|-sidestart|p2: Milky119|move: Toxic Spikes\n|\n|-weather|none\n|upkeep\n|turn|15\n|j| Percy_Gekkouga77\n|\n|t:|1699179286\n|move|p2a: Overqwil|Taunt|p1a: Toxapex\n|-start|p1a: Toxapex|move: Taunt\n|-enditem|p1a: Toxapex|Mental Herb\n|-end|p1a: Toxapex|move: Taunt\n|move|p1a: Toxapex|Toxic Spikes|p2a: Overqwil\n|-sidestart|p2: Milky119|move: Toxic Spikes\n|\n|upkeep\n|turn|16\n|\n|t:|1699179304\n|move|p2a: Overqwil|Toxic Spikes|p1a: Toxapex\n|-sidestart|p1: KarmaKazama0|move: Toxic Spikes\n|move|p1a: Toxapex|Infestation|p2a: Overqwil\n|-damage|p2a: Overqwil|96\/100\n|-activate|p2a: Overqwil|move: Infestation|[of] p1a: Toxapex\n|\n|-damage|p2a: Overqwil|83\/100|[from] move: Infestation|[partiallytrapped]\n|upkeep\n|turn|17\n|\n|t:|1699179314\n|switch|p1a: Zacian|Zacian-Crowned|100\/100\n|-damage|p1a: Zacian|94\/100|[from] Stealth Rock\n|-ability|p1a: Zacian|Intrepid Sword|boost\n|-boost|p1a: Zacian|atk|1\n|move|p2a: Overqwil|Taunt|p1a: Zacian\n|-start|p1a: Zacian|move: Taunt\n|\n|-end|p2a: Overqwil|Infestation|[partiallytrapped]|[silent]\n|upkeep\n|turn|18\n|\n|t:|1699179325\n|move|p1a: Zacian|Behemoth Blade|p2a: Overqwil\n|-damage|p2a: Overqwil|0 fnt\n|faint|p2a: Overqwil\n|\n|upkeep\n|-message|Milky119 forfeited.\n|\n|win|KarmaKazama0\n|raw|KarmaKazama0's rating: 1217 &rarr; <strong>1250<\/strong><br \/>(+33 for winning)\n|raw|Milky119's rating: 1339 &rarr; <strong>1312<\/strong><br \/>(-27 for losing)\n|l|\u2606Milky119\n","uploadtime":1699179349,"views":9,"p1id":"karmakazama0","p2id":"milky119","formatid":"gen9ubers","rating":1250,"private":0,"password":""}