{"id":"gen9ubers-1994939735","p1":"Generic_Personname","p2":"harrimarron 2","format":"[Gen 9] Ubers","log":"|j|\u2606Generic_Personname\n|j|\u2606harrimarron 2\n|t:|1700506479\n|gametype|singles\n|player|p1|Generic_Personname|cynthia-masters3|1207\n|player|p2|harrimarron 2|twins-gen4dp|1260\n|teamsize|p1|6\n|teamsize|p2|6\n|gen|9\n|tier|[Gen 9] Ubers\n|rated|\n|rule|Sleep Clause Mod: Limit one foe put to sleep\n|rule|Species Clause: Limit one of each Pok\u00e9mon\n|rule|OHKO Clause: OHKO moves are banned\n|rule|Evasion Items Clause: Evasion items are banned\n|rule|Evasion Moves Clause: Evasion moves are banned\n|rule|Endless Battle Clause: Forcing endless battles is banned\n|rule|HP Percentage Mod: HP is shown in percentages\n|clearpoke\n|poke|p1|Kyogre|\n|poke|p1|Basculegion, M|\n|poke|p1|Zacian-*|\n|poke|p1|Miraidon|\n|poke|p1|Flutter Mane|\n|poke|p1|Arceus-Fairy|\n|poke|p2|Eternatus|\n|poke|p2|Arceus|\n|poke|p2|Kyogre|\n|poke|p2|Gliscor, F|\n|poke|p2|Ting-Lu|\n|poke|p2|Koraidon|\n|teampreview\n|inactive|Battle timer is ON: inactive players will automatically lose when time's up. (requested by Generic_Personname)\n|\n|t:|1700506497\n|start\n|switch|p1a: Arceus|Arceus-Fairy|100\/100\n|switch|p2a: Eternatus|Eternatus|100\/100\n|-ability|p2a: Eternatus|Pressure\n|turn|1\n|inactive|Generic_Personname has 120 seconds left.\n|\n|t:|1700506534\n|switch|p1a: Zacian|Zacian-Crowned|100\/100\n|-ability|p1a: Zacian|Intrepid Sword|boost\n|-boost|p1a: Zacian|atk|1\n|move|p2a: Eternatus|Toxic|p1a: Zacian\n|-immune|p1a: Zacian\n|\n|upkeep\n|turn|2\n|inactive|Generic_Personname has 120 seconds left.\n|inactive|harrimarron 2 has 120 seconds left.\n|\n|t:|1700506572\n|switch|p2a: Ting-Lu|Ting-Lu|100\/100\n|-ability|p2a: Ting-Lu|Vessel of Ruin\n|move|p1a: Zacian|Behemoth Blade|p2a: Ting-Lu\n|-damage|p2a: Ting-Lu|56\/100\n|\n|-heal|p2a: Ting-Lu|62\/100|[from] item: Leftovers\n|upkeep\n|turn|3\n|inactive|harrimarron 2 has 120 seconds left.\n|\n|t:|1700506581\n|-terastallize|p2a: Ting-Lu|Fairy\n|move|p1a: Zacian|Play Rough|p2a: Ting-Lu\n|-damage|p2a: Ting-Lu|21\/100\n|move|p2a: Ting-Lu|Whirlwind|p1a: Zacian\n|drag|p1a: Kyogre|Kyogre|100\/100\n|-weather|RainDance|[from] ability: Drizzle|[of] p1a: Kyogre\n|\n|-weather|RainDance|[upkeep]\n|-heal|p2a: Ting-Lu|28\/100|[from] item: Leftovers\n|upkeep\n|turn|4\n|\n|t:|1700506590\n|switch|p2a: Kyogre|Kyogre|100\/100\n|move|p1a: Kyogre|Substitute|p1a: Kyogre\n|-start|p1a: Kyogre|Substitute\n|-damage|p1a: Kyogre|76\/100\n|\n|-weather|RainDance|[upkeep]\n|-heal|p1a: Kyogre|82\/100|[from] item: Leftovers\n|upkeep\n|turn|5\n|\n|t:|1700506605\n|switch|p1a: Miraidon|Miraidon|100\/100\n|-fieldstart|move: Electric Terrain|[from] ability: Hadron Engine|[of] p1a: Miraidon\n|move|p2a: Kyogre|Thunder|p1a: Miraidon\n|-resisted|p1a: Miraidon\n|-damage|p1a: Miraidon|91\/100\n|\n|-weather|RainDance|[upkeep]\n|upkeep\n|turn|6\n|\n|t:|1700506614\n|switch|p2a: Gliscor|Gliscor, F|100\/100\n|move|p1a: Miraidon|U-turn|p2a: Gliscor\n|-resisted|p2a: Gliscor\n|-damage|p2a: Gliscor|97\/100\n|\n|t:|1700506622\n|switch|p1a: Basculegion|Basculegion, M|100\/100|[from] U-turn\n|\n|-weather|RainDance|[upkeep]\n|-status|p2a: Gliscor|tox|[from] item: Toxic Orb\n|upkeep\n|turn|7\n|\n|t:|1700506632\n|switch|p2a: Koraidon|Koraidon|100\/100\n|-weather|SunnyDay|[from] ability: Orichalcum Pulse|[of] p2a: Koraidon\n|-activate|p2a: Koraidon|Orichalcum Pulse|[source]\n|move|p1a: Basculegion|Wave Crash|p2a: Koraidon\n|-resisted|p2a: Koraidon\n|-damage|p2a: Koraidon|81\/100\n|-damage|p1a: Basculegion|95\/100|[from] Recoil\n|\n|-weather|SunnyDay|[upkeep]\n|upkeep\n|turn|8\n|inactive|Generic_Personname has 120 seconds left.\n|\n|t:|1700506667\n|switch|p1a: Arceus|Arceus-Fairy|100\/100\n|move|p2a: Koraidon|U-turn|p1a: Arceus\n|-resisted|p1a: Arceus\n|-damage|p1a: Arceus|91\/100\n|\n|t:|1700506674\n|switch|p2a: Ting-Lu|Ting-Lu, tera:Fairy|28\/100|[from] U-turn\n|-ability|p2a: Ting-Lu|Vessel of Ruin\n|\n|-weather|SunnyDay|[upkeep]\n|-heal|p2a: Ting-Lu|34\/100|[from] item: Leftovers\n|upkeep\n|turn|9\n|\n|t:|1700506679\n|switch|p2a: Kyogre|Kyogre|100\/100\n|-weather|RainDance|[from] ability: Drizzle|[of] p2a: Kyogre\n|move|p1a: Arceus|Taunt|p2a: Kyogre\n|-start|p2a: Kyogre|move: Taunt\n|\n|-weather|RainDance|[upkeep]\n|-fieldend|move: Electric Terrain\n|upkeep\n|turn|10\n|\n|t:|1700506692\n|move|p1a: Arceus|Stealth Rock|p2a: Kyogre\n|-sidestart|p2: harrimarron 2|move: Stealth Rock\n|move|p2a: Kyogre|Ice Beam|p1a: Arceus\n|-damage|p1a: Arceus|70\/100\n|\n|-weather|RainDance|[upkeep]\n|upkeep\n|turn|11\n|inactive|Generic_Personname has 120 seconds left.\n|\n|t:|1700506736\n|move|p1a: Arceus|Recover|p1a: Arceus\n|-heal|p1a: Arceus|100\/100\n|move|p2a: Kyogre|Ice Beam|p1a: Arceus\n|-damage|p1a: Arceus|82\/100\n|\n|-weather|RainDance|[upkeep]\n|-end|p2a: Kyogre|move: Taunt\n|upkeep\n|turn|12\n|\n|t:|1700506749\n|switch|p1a: Flutter Mane|Flutter Mane|100\/100\n|move|p2a: Kyogre|Calm Mind|p2a: Kyogre\n|-boost|p2a: Kyogre|spa|1\n|-boost|p2a: Kyogre|spd|1\n|\n|-weather|RainDance|[upkeep]\n|upkeep\n|turn|13\n|\n|t:|1700506753\n|move|p1a: Flutter Mane|Psyshock|p2a: Kyogre\n|-damage|p2a: Kyogre|69\/100\n|move|p2a: Kyogre|Origin Pulse|p1a: Flutter Mane\n|-damage|p1a: Flutter Mane|0 fnt\n|faint|p1a: Flutter Mane\n|-end|p1a: Flutter Mane|Protosynthesis|[silent]\n|\n|-weather|none\n|upkeep\n|\n|t:|1700506757\n|switch|p1a: Miraidon|Miraidon|91\/100\n|-fieldstart|move: Electric Terrain|[from] ability: Hadron Engine|[of] p1a: Miraidon\n|turn|14\n|\n|t:|1700506765\n|switch|p2a: Gliscor|Gliscor, F|97\/100 tox\n|-damage|p2a: Gliscor|84\/100 tox|[from] Stealth Rock\n|move|p1a: Miraidon|Electro Drift|p2a: Gliscor\n|-immune|p2a: Gliscor\n|\n|-heal|p2a: Gliscor|97\/100 tox|[from] ability: Poison Heal\n|upkeep\n|turn|15\n|\n|t:|1700506777\n|switch|p1a: Kyogre|Kyogre|82\/100\n|-weather|RainDance|[from] ability: Drizzle|[of] p1a: Kyogre\n|move|p2a: Gliscor|Toxic|p1a: Kyogre\n|-status|p1a: Kyogre|tox\n|\n|-weather|RainDance|[upkeep]\n|-heal|p1a: Kyogre|88\/100 tox|[from] item: Leftovers\n|-heal|p2a: Gliscor|100\/100 tox|[from] ability: Poison Heal\n|-damage|p1a: Kyogre|82\/100 tox|[from] psn\n|upkeep\n|turn|16\n|inactive|Generic_Personname has 120 seconds left.\n|\n|t:|1700506815\n|switch|p2a: Koraidon|Koraidon|81\/100\n|-damage|p2a: Koraidon|75\/100|[from] Stealth Rock\n|-weather|SunnyDay|[from] ability: Orichalcum Pulse|[of] p2a: Koraidon\n|-activate|p2a: Koraidon|Orichalcum Pulse|[source]\n|move|p1a: Kyogre|Surf|p2a: Koraidon\n|-resisted|p2a: Koraidon\n|-damage|p2a: Koraidon|65\/100\n|\n|-weather|SunnyDay|[upkeep]\n|-heal|p1a: Kyogre|88\/100 tox|[from] item: Leftovers\n|-damage|p1a: Kyogre|76\/100 tox|[from] psn\n|upkeep\n|turn|17\n|\n|t:|1700506827\n|switch|p1a: Arceus|Arceus-Fairy|82\/100\n|move|p2a: Koraidon|U-turn|p1a: Arceus\n|-resisted|p1a: Arceus\n|-damage|p1a: Arceus|73\/100\n|\n|t:|1700506839\n|switch|p2a: Arceus|Arceus|100\/100|[from] U-turn\n|-damage|p2a: Arceus|88\/100|[from] Stealth Rock\n|\n|-weather|SunnyDay|[upkeep]\n|upkeep\n|turn|18\n|\n|t:|1700506858\n|move|p1a: Arceus|Taunt|p2a: Arceus\n|-start|p2a: Arceus|move: Taunt\n|cant|p2a: Arceus|move: Taunt|Swords Dance\n|\n|-weather|SunnyDay|[upkeep]\n|-fieldend|move: Electric Terrain\n|upkeep\n|turn|19\n|\n|t:|1700506872\n|switch|p2a: Kyogre|Kyogre|69\/100\n|-weather|RainDance|[from] ability: Drizzle|[of] p2a: Kyogre\n|move|p1a: Arceus|Judgment|p2a: Kyogre\n|-damage|p2a: Kyogre|35\/100\n|\n|-weather|RainDance|[upkeep]\n|upkeep\n|turn|20\n|\n|t:|1700506882\n|move|p1a: Arceus|Recover|p1a: Arceus\n|-heal|p1a: Arceus|100\/100\n|move|p2a: Kyogre|Origin Pulse|p1a: Arceus\n|-damage|p1a: Arceus|52\/100\n|\n|-weather|RainDance|[upkeep]\n|upkeep\n|turn|21\n|\n|t:|1700506901\n|switch|p1a: Basculegion|Basculegion, M|95\/100\n|move|p2a: Kyogre|Ice Beam|p1a: Basculegion\n|-resisted|p1a: Basculegion\n|-damage|p1a: Basculegion|79\/100\n|\n|-weather|RainDance|[upkeep]\n|upkeep\n|turn|22\n|\n|t:|1700506912\n|switch|p2a: Arceus|Arceus|88\/100\n|-damage|p2a: Arceus|76\/100|[from] Stealth Rock\n|move|p1a: Basculegion|Last Respects|p2a: Arceus\n|-immune|p2a: Arceus\n|\n|-weather|RainDance|[upkeep]\n|upkeep\n|turn|23\n|\n|t:|1700506939\n|switch|p1a: Zacian|Zacian-Crowned|100\/100\n|move|p2a: Arceus|Swords Dance|p2a: Arceus\n|-boost|p2a: Arceus|atk|2\n|\n|-weather|none\n|upkeep\n|turn|24\n|\n|t:|1700506946\n|move|p1a: Zacian|Behemoth Blade|p2a: Arceus\n|-damage|p2a: Arceus|33\/100\n|move|p2a: Arceus|Shadow Claw|p1a: Zacian\n|-damage|p1a: Zacian|57\/100\n|\n|upkeep\n|turn|25\n|\n|t:|1700506959\n|move|p2a: Arceus|Extreme Speed|p1a: Zacian\n|-resisted|p1a: Zacian\n|-damage|p1a: Zacian|15\/100\n|move|p1a: Zacian|Behemoth Blade|p2a: Arceus\n|-damage|p2a: Arceus|0 fnt\n|faint|p2a: Arceus\n|\n|upkeep\n|\n|t:|1700506965\n|switch|p2a: Koraidon|Koraidon|65\/100\n|-damage|p2a: Koraidon|59\/100|[from] Stealth Rock\n|-weather|SunnyDay|[from] ability: Orichalcum Pulse|[of] p2a: Koraidon\n|-activate|p2a: Koraidon|Orichalcum Pulse|[source]\n|turn|26\n|\n|t:|1700506973\n|move|p2a: Koraidon|Low Kick|p1a: Zacian\n|-damage|p1a: Zacian|0 fnt\n|faint|p1a: Zacian\n|\n|-weather|SunnyDay|[upkeep]\n|upkeep\n|\n|t:|1700506979\n|switch|p1a: Basculegion|Basculegion, M|79\/100\n|turn|27\n|\n|t:|1700506986\n|switch|p2a: Ting-Lu|Ting-Lu, tera:Fairy|34\/100\n|-damage|p2a: Ting-Lu|21\/100|[from] Stealth Rock\n|-ability|p2a: Ting-Lu|Vessel of Ruin\n|move|p1a: Basculegion|Last Respects|p2a: Ting-Lu\n|-damage|p2a: Ting-Lu|0 fnt\n|faint|p2a: Ting-Lu\n|\n|-weather|SunnyDay|[upkeep]\n|upkeep\n|\n|t:|1700506993\n|switch|p2a: Koraidon|Koraidon|59\/100\n|-damage|p2a: Koraidon|52\/100|[from] Stealth Rock\n|-activate|p2a: Koraidon|ability: Orichalcum Pulse\n|turn|28\n|\n|t:|1700507000\n|switch|p1a: Arceus|Arceus-Fairy|52\/100\n|move|p2a: Koraidon|U-turn|p1a: Arceus\n|-resisted|p1a: Arceus\n|-damage|p1a: Arceus|42\/100\n|\n|t:|1700507007\n|switch|p2a: Eternatus|Eternatus|100\/100|[from] U-turn\n|-ability|p2a: Eternatus|Pressure\n|\n|-weather|SunnyDay|[upkeep]\n|upkeep\n|turn|29\n|\n|t:|1700507011\n|move|p1a: Arceus|Recover|p1a: Arceus\n|-heal|p1a: Arceus|92\/100\n|move|p2a: Eternatus|Toxic|p1a: Arceus\n|-status|p1a: Arceus|tox\n|\n|-weather|SunnyDay|[upkeep]\n|-damage|p1a: Arceus|86\/100 tox|[from] psn\n|upkeep\n|turn|30\n|\n|t:|1700507019\n|switch|p1a: Miraidon|Miraidon|91\/100\n|-fieldstart|move: Electric Terrain|[from] ability: Hadron Engine|[of] p1a: Miraidon\n|move|p2a: Eternatus|Toxic|p1a: Miraidon\n|-status|p1a: Miraidon|tox\n|\n|-weather|none\n|-damage|p1a: Miraidon|84\/100 tox|[from] psn\n|upkeep\n|turn|31\n|\n|t:|1700507031\n|move|p1a: Miraidon|Draco Meteor|p2a: Eternatus\n|-supereffective|p2a: Eternatus\n|-damage|p2a: Eternatus|0 fnt\n|-unboost|p1a: Miraidon|spa|2\n|faint|p2a: Eternatus\n|\n|-damage|p1a: Miraidon|72\/100 tox|[from] psn\n|upkeep\n|\n|t:|1700507036\n|switch|p2a: Gliscor|Gliscor, F|100\/100 tox\n|-damage|p2a: Gliscor|88\/100 tox|[from] Stealth Rock\n|turn|32\n|\n|t:|1700507041\n|switch|p1a: Kyogre|Kyogre|76\/100 tox\n|-weather|RainDance|[from] ability: Drizzle|[of] p1a: Kyogre\n|move|p2a: Gliscor|Earthquake|p1a: Kyogre\n|-damage|p1a: Kyogre|54\/100 tox\n|\n|-weather|RainDance|[upkeep]\n|-heal|p1a: Kyogre|60\/100 tox|[from] item: Leftovers\n|-heal|p2a: Gliscor|100\/100 tox|[from] ability: Poison Heal\n|-damage|p1a: Kyogre|54\/100 tox|[from] psn\n|upkeep\n|turn|33\n|\n|t:|1700507048\n|move|p2a: Gliscor|Earthquake|p1a: Kyogre\n|-damage|p1a: Kyogre|33\/100 tox\n|move|p1a: Kyogre|Ice Beam|p2a: Gliscor\n|-supereffective|p2a: Gliscor\n|-damage|p2a: Gliscor|0 fnt\n|faint|p2a: Gliscor\n|\n|-weather|RainDance|[upkeep]\n|-heal|p1a: Kyogre|39\/100 tox|[from] item: Leftovers\n|-damage|p1a: Kyogre|27\/100 tox|[from] psn\n|upkeep\n|-message|harrimarron 2 forfeited.\n|\n|win|Generic_Personname\n|raw|Generic_Personname's rating: 1207 &rarr; <strong>1236<\/strong><br \/>(+29 for winning)\n|raw|harrimarron 2's rating: 1260 &rarr; <strong>1231<\/strong><br \/>(-29 for losing)\n|l|\u2606harrimarron 2\n|c|\u2606Generic_Personname|gg\n","uploadtime":1700507058,"views":16,"p1id":"genericpersonname","p2id":"harrimarron2","formatid":"gen9ubers","rating":1231,"private":0,"password":""}