{"id":"gen9ubers-1996511316","p1":"GuzzLord197","p2":"Shigoo","format":"[Gen 9] Ubers","log":"|j|\u2606GuzzLord197\n|j|\u2606Shigoo\n|t:|1700689184\n|gametype|singles\n|player|p1|GuzzLord197|shadowtriad|\n|player|p2|Shigoo|ninjaboy|\n|teamsize|p1|6\n|teamsize|p2|6\n|gen|9\n|tier|[Gen 9] Ubers\n|rule|Sleep Clause Mod: Limit one foe put to sleep\n|rule|Species Clause: Limit one of each Pok\u00e9mon\n|rule|OHKO Clause: OHKO moves are banned\n|rule|Evasion Items Clause: Evasion items are banned\n|rule|Evasion Moves Clause: Evasion moves are banned\n|rule|Endless Battle Clause: Forcing endless battles is banned\n|rule|HP Percentage Mod: HP is shown in percentages\n|clearpoke\n|poke|p1|Ogerpon-Hearthflame, F|\n|poke|p1|Dragapult, F|\n|poke|p1|Enamorus, F|\n|poke|p1|Garganacl, F|\n|poke|p1|Lokix, F|\n|poke|p1|Hoopa-Unbound|\n|poke|p2|Iron Bundle|\n|poke|p2|Iron Hands|\n|poke|p2|Volcanion|\n|poke|p2|Regidrago|\n|poke|p2|Gholdengo|\n|poke|p2|Kingambit, M|\n|teampreview\n|\n|t:|1700689195\n|start\n|switch|p1a: Plz Kill Me|Enamorus, F, shiny|100\/100\n|switch|p2a: Pengguinooo|Iron Bundle|100\/100\n|-enditem|p2a: Pengguinooo|Booster Energy\n|-activate|p2a: Pengguinooo|ability: Quark Drive|[fromitem]\n|-start|p2a: Pengguinooo|quarkdrivespa\n|turn|1\n|\n|t:|1700689204\n|-end|p2a: Pengguinooo|Quark Drive|[silent]\n|switch|p2a: Tony Hawk|Gholdengo, shiny|100\/100\n|move|p1a: Plz Kill Me|Superpower|p2a: Tony Hawk\n|-immune|p2a: Tony Hawk\n|\n|upkeep\n|turn|2\n|\n|t:|1700689215\n|move|p1a: Plz Kill Me|Outrage|p2a: Tony Hawk\n|-resisted|p2a: Tony Hawk\n|-damage|p2a: Tony Hawk|79\/100\n|-damage|p1a: Plz Kill Me|91\/100|[from] item: Life Orb\n|move|p2a: Tony Hawk|Make It Rain|p1a: Plz Kill Me\n|-supereffective|p1a: Plz Kill Me\n|-damage|p1a: Plz Kill Me|0 fnt\n|-unboost|p2a: Tony Hawk|spa|1\n|faint|p1a: Plz Kill Me\n|-damage|p2a: Tony Hawk|69\/100|[from] item: Life Orb\n|\n|upkeep\n|\n|t:|1700689226\n|switch|p1a: Mother of 2|Dragapult, F, shiny|100\/100\n|turn|3\n|\n|t:|1700689238\n|switch|p2a: Hanamura|Regidrago, shiny|100\/100\n|move|p1a: Mother of 2|Dragon Dance|p1a: Mother of 2\n|-boost|p1a: Mother of 2|atk|1\n|-boost|p1a: Mother of 2|spe|1\n|\n|upkeep\n|turn|4\n|\n|t:|1700689248\n|-terastallize|p2a: Hanamura|Fairy\n|move|p1a: Mother of 2|Phantom Force||[still]\n|-prepare|p1a: Mother of 2|Phantom Force\n|move|p2a: Hanamura|Tera Blast|p1a: Mother of 2|[anim] Tera Blast Fairy|[miss]\n|-miss|p2a: Hanamura|p1a: Mother of 2\n|\n|upkeep\n|turn|5\n|\n|t:|1700689257\n|move|p1a: Mother of 2|Phantom Force|p2a: Hanamura|[from]lockedmove\n|-damage|p2a: Hanamura|35\/100\n|move|p2a: Hanamura|Tera Blast|p1a: Mother of 2|[anim] Tera Blast Fairy\n|-supereffective|p1a: Mother of 2\n|-enditem|p1a: Mother of 2|Focus Sash\n|-damage|p1a: Mother of 2|1\/100\n|\n|upkeep\n|turn|6\n|\n|t:|1700689272\n|switch|p2a: CatchDeezHands|Iron Hands, shiny|100\/100\n|move|p1a: Mother of 2|Phantom Force||[still]\n|-prepare|p1a: Mother of 2|Phantom Force\n|\n|upkeep\n|turn|7\n|\n|t:|1700689278\n|move|p1a: Mother of 2|Phantom Force|p2a: CatchDeezHands|[from]lockedmove\n|-damage|p2a: CatchDeezHands|51\/100\n|move|p2a: CatchDeezHands|Earthquake|p1a: Mother of 2\n|-damage|p1a: Mother of 2|0 fnt\n|faint|p1a: Mother of 2\n|\n|upkeep\n|\n|t:|1700689284\n|switch|p1a: KKKicksMan|Lokix, F|100\/100\n|turn|8\n|\n|t:|1700689289\n|move|p1a: KKKicksMan|First Impression|p2a: CatchDeezHands\n|-resisted|p2a: CatchDeezHands\n|-crit|p2a: CatchDeezHands\n|-damage|p2a: CatchDeezHands|7\/100\n|-damage|p1a: KKKicksMan|91\/100|[from] item: Life Orb\n|move|p2a: CatchDeezHands|Drain Punch|p1a: KKKicksMan\n|-damage|p1a: KKKicksMan|19\/100\n|-heal|p2a: CatchDeezHands|27\/100|[from] drain|[of] p1a: KKKicksMan\n|\n|upkeep\n|turn|9\n|\n|t:|1700689298\n|move|p1a: KKKicksMan|Axe Kick|p2a: CatchDeezHands\n|-damage|p2a: CatchDeezHands|0 fnt\n|faint|p2a: CatchDeezHands\n|-end|p2a: CatchDeezHands|Quark Drive|[silent]\n|-damage|p1a: KKKicksMan|9\/100|[from] item: Life Orb\n|\n|upkeep\n|\n|t:|1700689305\n|switch|p2a: BOOOOOmMm|Volcanion|100\/100\n|turn|10\n|\n|t:|1700689312\n|move|p1a: KKKicksMan|Knock Off|p2a: BOOOOOmMm\n|-damage|p2a: BOOOOOmMm|68\/100\n|-enditem|p2a: BOOOOOmMm|Leftovers|[from] move: Knock Off|[of] p1a: KKKicksMan\n|-damage|p1a: KKKicksMan|0 fnt|[from] item: Life Orb\n|faint|p1a: KKKicksMan\n|move|p2a: BOOOOOmMm|Flamethrower|p1: KKKicksMan|[notarget]\n|-fail|p2a: BOOOOOmMm\n|\n|upkeep\n|\n|t:|1700689322\n|switch|p1a: Why?|Ogerpon-Hearthflame, F|100\/100\n|-ability|p1a: Why?|Mold Breaker\n|turn|11\n|\n|t:|1700689326\n|move|p1a: Why?|Swords Dance|p1a: Why?\n|-boost|p1a: Why?|atk|2\n|move|p2a: BOOOOOmMm|Steam Eruption|p1a: Why?\n|-damage|p1a: Why?|48\/100\n|\n|upkeep\n|turn|12\n|\n|t:|1700689332\n|move|p1a: Why?|Horn Leech|p2a: BOOOOOmMm\n|-damage|p2a: BOOOOOmMm|13\/100\n|-heal|p1a: Why?|82\/100|[from] drain|[of] p2a: BOOOOOmMm\n|move|p2a: BOOOOOmMm|Steam Eruption|p1a: Why?\n|-damage|p1a: Why?|27\/100\n|\n|upkeep\n|turn|13\n|\n|t:|1700689345\n|switch|p2a: Tony Hawk|Gholdengo, shiny|69\/100\n|move|p1a: Why?|Trailblaze|p2a: Tony Hawk\n|-resisted|p2a: Tony Hawk\n|-damage|p2a: Tony Hawk|42\/100\n|-boost|p1a: Why?|spe|1\n|\n|upkeep\n|turn|14\n|\n|t:|1700689361\n|move|p1a: Why?|Ivy Cudgel|p2a: Tony Hawk|[anim] Ivy Cudgel Fire\n|-supereffective|p2a: Tony Hawk\n|-damage|p2a: Tony Hawk|0 fnt\n|faint|p2a: Tony Hawk\n|\n|upkeep\n|\n|t:|1700689367\n|switch|p2a: Pengguinooo|Iron Bundle|100\/100\n|turn|15\n|\n|t:|1700689380\n|move|p1a: Why?|Ivy Cudgel|p2a: Pengguinooo|[anim] Ivy Cudgel Fire\n|-damage|p2a: Pengguinooo|0 fnt\n|faint|p2a: Pengguinooo\n|-end|p2a: Pengguinooo|Quark Drive|[silent]\n|\n|upkeep\n|\n|t:|1700689389\n|switch|p2a: Hanamura|Regidrago, shiny, tera:Fairy|35\/100\n|turn|16\n|\n|t:|1700689395\n|move|p1a: Why?|Horn Leech|p2a: Hanamura\n|-damage|p2a: Hanamura|0 fnt\n|-heal|p1a: Why?|62\/100|[from] drain|[of] p2a: Hanamura\n|faint|p2a: Hanamura\n|\n|upkeep\n|\n|t:|1700689400\n|switch|p2a: BOOOOOmMm|Volcanion|13\/100\n|turn|17\n|\n|t:|1700689406\n|move|p1a: Why?|Horn Leech|p2a: BOOOOOmMm\n|-damage|p2a: BOOOOOmMm|0 fnt\n|-heal|p1a: Why?|69\/100|[from] drain|[of] p2a: BOOOOOmMm\n|faint|p2a: BOOOOOmMm\n|\n|upkeep\n|\n|t:|1700689411\n|switch|p2a: Da King|Kingambit, M, shiny|100\/100\n|-activate|p2a: Da King|ability: Supreme Overlord\n|-start|p2a: Da King|fallen5|[silent]\n|turn|18\n|\n|t:|1700689416\n|move|p2a: Da King|Sucker Punch|p1a: Why?\n|-damage|p1a: Why?|0 fnt\n|faint|p1a: Why?\n|-damage|p2a: Da King|91\/100|[from] item: Life Orb\n|\n|upkeep\n|\n|t:|1700689419\n|switch|p1a: Big Mort|Garganacl, F|100\/100\n|turn|19\n|\n|t:|1700689427\n|move|p2a: Da King|Iron Head|p1a: Big Mort\n|-supereffective|p1a: Big Mort\n|-damage|p1a: Big Mort|0 fnt\n|-damage|p2a: Da King|74\/100|[from] item: Rocky Helmet|[of] p1a: Big Mort\n|faint|p1a: Big Mort\n|-damage|p2a: Da King|64\/100|[from] item: Life Orb\n|\n|upkeep\n|\n|t:|1700689430\n|switch|p1a: +6|Hoopa-Unbound|100\/100\n|turn|20\n|\n|t:|1700689435\n|move|p2a: Da King|Sucker Punch|p1a: +6\n|-crit|p1a: +6\n|-damage|p1a: +6|0 fnt\n|faint|p1a: +6\n|-damage|p2a: Da King|54\/100|[from] item: Life Orb\n|\n|win|Shigoo\n|l|\u2606GuzzLord197\n|j|\u2606GuzzLord197\n|player|p1|GuzzLord197|shadowtriad\n","uploadtime":1700689452,"views":2,"p1id":"guzzlord197","p2id":"shigoo","formatid":"gen9ubers","rating":0,"private":0,"password":""}