{"id":"gen9ubers-1993801804","p1":"NaokiS2","p2":"Arcanine Numbers","format":"[Gen 9] Ubers","log":"|j|\u2606NaokiS2\n|j|\u2606Arcanine Numbers\n|inactive|Battle timer is ON: inactive players will automatically lose when time's up.\n|t:|1700358995\n|gametype|singles\n|player|p1|NaokiS2|marnie-masters3|\n|player|p2|Arcanine Numbers|ethan-masters|\n|teamsize|p1|6\n|teamsize|p2|6\n|gen|9\n|tier|[Gen 9] Ubers\n|rated|Tournament battle\n|rule|Sleep Clause Mod: Limit one foe put to sleep\n|rule|Species Clause: Limit one of each Pok\u00e9mon\n|rule|OHKO Clause: OHKO moves are banned\n|rule|Evasion Items Clause: Evasion items are banned\n|rule|Evasion Moves Clause: Evasion moves are banned\n|rule|Endless Battle Clause: Forcing endless battles is banned\n|rule|HP Percentage Mod: HP is shown in percentages\n|clearpoke\n|poke|p1|Gliscor, F|\n|poke|p1|Koraidon|\n|poke|p1|Zacian-*|\n|poke|p1|Arceus|\n|poke|p1|Miraidon|\n|poke|p1|Toxapex, M|\n|poke|p2|Gliscor, M|\n|poke|p2|Koraidon|\n|poke|p2|Zacian-*|\n|poke|p2|Arceus|\n|poke|p2|Miraidon|\n|poke|p2|Toxapex, F|\n|teampreview\n|j|*Lady Monita \u2746\n|inactive|Arcanine Numbers also wants the timer to be on.\n|c|\u2606Arcanine Numbers|oh u troll\n|c|\u2606Arcanine Numbers|:(\n|inactive|NaokiS2 has 120 seconds left.\n|c|\u2606NaokiS2|I dont like ur team.\n|c|\u2606NaokiS2|>: l\n|inactive|NaokiS2 has 90 seconds left.\n|\n|t:|1700359062\n|start\n|switch|p1a: Arceus|Arceus|100\/100\n|switch|p2a: Gliscor|Gliscor, M|100\/100\n|turn|1\n|c|\u2606Arcanine Numbers|i dont like urs either >:(\n|\n|t:|1700359067\n|move|p1a: Arceus|Taunt|p2a: Gliscor\n|-start|p2a: Gliscor|move: Taunt\n|cant|p2a: Gliscor|move: Taunt|Toxic\n|\n|-status|p2a: Gliscor|tox|[from] item: Toxic Orb\n|upkeep\n|turn|2\n|\n|t:|1700359073\n|switch|p2a: Zacian|Zacian-Crowned|100\/100\n|-ability|p2a: Zacian|Intrepid Sword|boost\n|-boost|p2a: Zacian|atk|1\n|move|p1a: Arceus|Swords Dance|p1a: Arceus\n|-boost|p1a: Arceus|atk|2\n|\n|upkeep\n|turn|3\n|\n|t:|1700359081\n|move|p2a: Zacian|Behemoth Blade|p1a: Arceus\n|-damage|p1a: Arceus|44\/100\n|move|p1a: Arceus|Shadow Claw|p2a: Zacian\n|-damage|p2a: Zacian|51\/100\n|\n|upkeep\n|turn|4\n|\n|t:|1700359085\n|switch|p1a: Toxapex|Toxapex, M|100\/100\n|move|p2a: Zacian|Behemoth Blade|p1a: Toxapex\n|-resisted|p1a: Toxapex\n|-damage|p1a: Toxapex|75\/100\n|-damage|p2a: Zacian|34\/100|[from] item: Rocky Helmet|[of] p1a: Toxapex\n|\n|upkeep\n|turn|5\n|\n|t:|1700359092\n|switch|p2a: Gliscor|Gliscor, M|100\/100 tox\n|move|p1a: Toxapex|Haze|p1a: Toxapex\n|-clearallboost\n|\n|upkeep\n|turn|6\n|\n|t:|1700359096\n|switch|p1a: Gliscor|Gliscor, F|100\/100\n|move|p2a: Gliscor|Spikes|p1a: Gliscor\n|-sidestart|p1: NaokiS2|Spikes\n|\n|-status|p1a: Gliscor|tox|[from] item: Toxic Orb\n|upkeep\n|turn|7\n|\n|t:|1700359103\n|move|p1a: Gliscor|Spikes|p2a: Gliscor\n|-sidestart|p2: Arcanine Numbers|Spikes\n|move|p2a: Gliscor|Spikes|p1a: Gliscor\n|-sidestart|p1: NaokiS2|Spikes\n|\n|upkeep\n|turn|8\n|\n|t:|1700359105\n|move|p1a: Gliscor|Spikes|p2a: Gliscor\n|-sidestart|p2: Arcanine Numbers|Spikes\n|move|p2a: Gliscor|Spikes|p1a: Gliscor\n|-sidestart|p1: NaokiS2|Spikes\n|\n|upkeep\n|turn|9\n|\n|t:|1700359107\n|move|p2a: Gliscor|Toxic|p1a: Gliscor\n|-fail|p1a: Gliscor|tox\n|move|p1a: Gliscor|Toxic|p2a: Gliscor\n|-fail|p2a: Gliscor|tox\n|\n|upkeep\n|turn|10\n|\n|t:|1700359109\n|move|p2a: Gliscor|Toxic|p1a: Gliscor|[miss]\n|-miss|p2a: Gliscor|p1a: Gliscor\n|move|p1a: Gliscor|Spikes|p2a: Gliscor\n|-sidestart|p2: Arcanine Numbers|Spikes\n|\n|upkeep\n|turn|11\n|\n|t:|1700359112\n|switch|p1a: Toxapex|Toxapex, M|100\/100\n|-damage|p1a: Toxapex|75\/100|[from] Spikes\n|move|p2a: Gliscor|Toxic|p1a: Toxapex\n|-immune|p1a: Toxapex\n|\n|upkeep\n|turn|12\n|j| vicheat\n|\n|t:|1700359117\n|switch|p1a: Gliscor|Gliscor, F|100\/100 tox\n|move|p2a: Gliscor|Toxic|p1a: Gliscor\n|-fail|p1a: Gliscor|tox\n|\n|upkeep\n|turn|13\n|\n|t:|1700359120\n|switch|p1a: Toxapex|Toxapex, M|100\/100\n|-damage|p1a: Toxapex|75\/100|[from] Spikes\n|switch|p2a: Toxapex|Toxapex, F|100\/100\n|-damage|p2a: Toxapex|75\/100|[from] Spikes\n|\n|upkeep\n|turn|14\n|\n|t:|1700359127\n|switch|p2a: Miraidon|Miraidon|100\/100\n|-fieldstart|move: Electric Terrain|[from] ability: Hadron Engine|[of] p2a: Miraidon\n|move|p1a: Toxapex|Toxic|p2a: Miraidon\n|-status|p2a: Miraidon|tox\n|\n|-damage|p2a: Miraidon|94\/100 tox|[from] psn\n|upkeep\n|turn|15\n|\n|t:|1700359131\n|move|p1a: Toxapex|Baneful Bunker|p1a: Toxapex\n|-singleturn|p1a: Toxapex|move: Protect\n|move|p2a: Miraidon|U-turn|p1a: Toxapex\n|-activate|p1a: Toxapex|move: Protect\n|\n|-damage|p2a: Miraidon|82\/100 tox|[from] psn\n|upkeep\n|turn|16\n|\n|t:|1700359137\n|switch|p1a: Gliscor|Gliscor, F|100\/100 tox\n|move|p2a: Miraidon|Draco Meteor|p1a: Gliscor\n|-damage|p1a: Gliscor|19\/100 tox\n|-unboost|p2a: Miraidon|spa|2\n|\n|-damage|p2a: Miraidon|64\/100 tox|[from] psn\n|-heal|p1a: Gliscor|31\/100 tox|[from] ability: Poison Heal\n|upkeep\n|turn|17\n|\n|t:|1700359151\n|switch|p2a: Arceus|Arceus|100\/100\n|-damage|p2a: Arceus|76\/100|[from] Spikes\n|move|p1a: Gliscor|Toxic|p2a: Arceus\n|-status|p2a: Arceus|tox\n|\n|-damage|p2a: Arceus|70\/100 tox|[from] psn\n|-heal|p1a: Gliscor|44\/100 tox|[from] ability: Poison Heal\n|upkeep\n|turn|18\n|\n|t:|1700359156\n|switch|p1a: Toxapex|Toxapex, M|100\/100\n|-damage|p1a: Toxapex|75\/100|[from] Spikes\n|move|p2a: Arceus|Swords Dance|p2a: Arceus\n|-boost|p2a: Arceus|atk|2\n|\n|-damage|p2a: Arceus|58\/100 tox|[from] psn\n|-fieldend|move: Electric Terrain\n|upkeep\n|turn|19\n|\n|t:|1700359161\n|move|p2a: Arceus|Swords Dance|p2a: Arceus\n|-boost|p2a: Arceus|atk|2\n|move|p1a: Toxapex|Haze|p1a: Toxapex\n|-clearallboost\n|\n|-damage|p2a: Arceus|40\/100 tox|[from] psn\n|upkeep\n|turn|20\n|-message|Arcanine Numbers forfeited.\n|\n|win|NaokiS2\n|n|\u2606NaokiS2|naokis2\n|n|\u2606Arcanine Numbers|arcaninenumbers\n|n|*Lady Monita \u2746|ladymonita\n|n| vicheat|vicheat\n|l|*Lady Monita \u2746\n|l|\u2606Arcanine Numbers\n|l| vicheat\n","uploadtime":1700359402,"views":13,"p1id":"naokis2","p2id":"arcaninenumbers","formatid":"gen9ubers","rating":0,"private":0,"password":""}