{"id":"gen9ubers-1986533478","p1":"silent39","p2":"Anne Frankkkk","format":"[Gen 9] Ubers","log":"|j|\u2606silent39\n|j|\u2606Anne Frankkkk\n|t:|1699489044\n|gametype|singles\n|player|p1|silent39|clair|1194\n|player|p2|Anne Frankkkk|2|1172\n|teamsize|p1|6\n|teamsize|p2|6\n|gen|9\n|tier|[Gen 9] Ubers\n|rated|\n|rule|Sleep Clause Mod: Limit one foe put to sleep\n|rule|Species Clause: Limit one of each Pok\u00e9mon\n|rule|OHKO Clause: OHKO moves are banned\n|rule|Evasion Items Clause: Evasion items are banned\n|rule|Evasion Moves Clause: Evasion moves are banned\n|rule|Endless Battle Clause: Forcing endless battles is banned\n|rule|HP Percentage Mod: HP is shown in percentages\n|clearpoke\n|poke|p1|Dondozo, M|\n|poke|p1|Ninetales-Alola, F|\n|poke|p1|Gliscor, M|\n|poke|p1|Great Tusk|\n|poke|p1|Roaring Moon|\n|poke|p1|Volcarona, F|\n|poke|p2|Iron Hands|\n|poke|p2|Kyogre|\n|poke|p2|Chien-Pao|\n|poke|p2|Ribombee, F|\n|poke|p2|Miraidon|\n|poke|p2|Flutter Mane|\n|teampreview\n|inactive|Battle timer is ON: inactive players will automatically lose when time's up. (requested by Anne Frankkkk)\n|\n|t:|1699489056\n|start\n|switch|p1a: Roaring Moon|Roaring Moon|100\/100\n|switch|p2a: Moonblast|Ribombee, F, shiny|100\/100\n|-enditem|p1a: Roaring Moon|Booster Energy\n|-activate|p1a: Roaring Moon|ability: Protosynthesis|[fromitem]\n|-start|p1a: Roaring Moon|protosynthesisatk\n|turn|1\n|\n|t:|1699489064\n|-terastallize|p1a: Roaring Moon|Flying\n|move|p2a: Moonblast|Sticky Web|p1a: Roaring Moon\n|-sidestart|p1: silent39|move: Sticky Web\n|move|p1a: Roaring Moon|Acrobatics|p2a: Moonblast\n|-supereffective|p2a: Moonblast\n|-enditem|p2a: Moonblast|Focus Sash\n|-damage|p2a: Moonblast|1\/100\n|\n|upkeep\n|turn|2\n|\n|t:|1699489070\n|move|p2a: Moonblast|Moonblast|p1a: Roaring Moon\n|-damage|p1a: Roaring Moon|61\/100\n|move|p1a: Roaring Moon|Dragon Dance|p1a: Roaring Moon\n|-boost|p1a: Roaring Moon|atk|1\n|-boost|p1a: Roaring Moon|spe|1\n|\n|upkeep\n|turn|3\n|\n|t:|1699489078\n|move|p1a: Roaring Moon|Roost|p1a: Roaring Moon\n|-heal|p1a: Roaring Moon|100\/100\n|-hint|If a Flying Terastallized Pokemon uses Roost, it remains Flying-type.\n|move|p2a: Moonblast|Stun Spore|p1a: Roaring Moon\n|-status|p1a: Roaring Moon|par\n|\n|upkeep\n|turn|4\n|\n|t:|1699489085\n|switch|p2a: Big Boy|Iron Hands, shiny|100\/100\n|move|p1a: Roaring Moon|Dragon Dance|p1a: Roaring Moon\n|-boost|p1a: Roaring Moon|atk|1\n|-boost|p1a: Roaring Moon|spe|1\n|\n|upkeep\n|turn|5\n|\n|t:|1699489090\n|move|p2a: Big Boy|Fake Out|p1a: Roaring Moon\n|-damage|p1a: Roaring Moon|81\/100 par\n|cant|p1a: Roaring Moon|flinch\n|\n|upkeep\n|turn|6\n|\n|t:|1699489094\n|cant|p1a: Roaring Moon|par\n|move|p2a: Big Boy|Wild Charge|p1a: Roaring Moon\n|-supereffective|p1a: Roaring Moon\n|-damage|p1a: Roaring Moon|0 fnt\n|faint|p1a: Roaring Moon\n|-end|p1a: Roaring Moon|Protosynthesis|[silent]\n|-damage|p2a: Big Boy|87\/100|[from] Recoil\n|\n|upkeep\n|\n|t:|1699489096\n|switch|p1a: Great Tusk|Great Tusk|100\/100\n|-activate|p1a: Great Tusk|move: Sticky Web\n|-unboost|p1a: Great Tusk|spe|1\n|-enditem|p1a: Great Tusk|Booster Energy\n|-activate|p1a: Great Tusk|ability: Protosynthesis|[fromitem]\n|-start|p1a: Great Tusk|protosynthesisatk\n|turn|7\n|\n|t:|1699489100\n|-end|p2a: Big Boy|Quark Drive|[silent]\n|switch|p2a: Misdreavius|Flutter Mane, shiny|100\/100\n|-enditem|p2a: Misdreavius|Booster Energy\n|-activate|p2a: Misdreavius|ability: Protosynthesis|[fromitem]\n|-start|p2a: Misdreavius|protosynthesisspe\n|move|p1a: Great Tusk|Headlong Rush|p2a: Misdreavius\n|-damage|p2a: Misdreavius|0 fnt\n|-unboost|p1a: Great Tusk|def|1\n|-unboost|p1a: Great Tusk|spd|1\n|faint|p2a: Misdreavius\n|-end|p2a: Misdreavius|Protosynthesis|[silent]\n|\n|upkeep\n|\n|t:|1699489111\n|switch|p2a: OHKO|Kyogre|100\/100\n|-weather|RainDance|[from] ability: Drizzle|[of] p2a: OHKO\n|turn|8\n|\n|t:|1699489115\n|-end|p1a: Great Tusk|Protosynthesis|[silent]\n|switch|p1a: Dondozo|Dondozo, M|100\/100\n|-activate|p1a: Dondozo|move: Sticky Web\n|-unboost|p1a: Dondozo|spe|1\n|move|p2a: OHKO|Water Spout|p1a: Dondozo\n|-resisted|p1a: Dondozo\n|-damage|p1a: Dondozo|10\/100\n|\n|-weather|RainDance|[upkeep]\n|-heal|p1a: Dondozo|16\/100|[from] item: Leftovers\n|upkeep\n|turn|9\n|\n|t:|1699489122\n|move|p2a: OHKO|Water Spout|p1a: Dondozo\n|-resisted|p1a: Dondozo\n|-damage|p1a: Dondozo|0 fnt\n|faint|p1a: Dondozo\n|\n|-weather|RainDance|[upkeep]\n|upkeep\n|\n|t:|1699489124\n|switch|p1a: Ninetales|Ninetales-Alola, F|100\/100\n|-activate|p1a: Ninetales|move: Sticky Web\n|-unboost|p1a: Ninetales|spe|1\n|-weather|Snow|[from] ability: Snow Warning|[of] p1a: Ninetales\n|turn|10\n|\n|t:|1699489133\n|-terastallize|p2a: OHKO|Water\n|move|p2a: OHKO|Water Spout|p1a: Ninetales\n|-damage|p1a: Ninetales|0 fnt\n|faint|p1a: Ninetales\n|\n|-weather|Snow|[upkeep]\n|upkeep\n|\n|t:|1699489137\n|switch|p1a: Volcarona|Volcarona, F|100\/100\n|turn|11\n|\n|t:|1699489141\n|switch|p2a: Moonblast|Ribombee, F, shiny|1\/100\n|move|p1a: Volcarona|Will-O-Wisp|p2a: Moonblast\n|-status|p2a: Moonblast|brn\n|\n|-weather|Snow|[upkeep]\n|-damage|p2a: Moonblast|0 fnt|[from] brn\n|faint|p2a: Moonblast\n|upkeep\n|\n|t:|1699489150\n|switch|p2a: Big Boy|Iron Hands, shiny|87\/100\n|turn|12\n|\n|t:|1699489155\n|move|p2a: Big Boy|Fake Out|p1a: Volcarona\n|-damage|p1a: Volcarona|83\/100\n|-status|p2a: Big Boy|brn|[from] ability: Flame Body|[of] p1a: Volcarona\n|cant|p1a: Volcarona|flinch\n|\n|-weather|Snow|[upkeep]\n|-damage|p2a: Big Boy|81\/100 brn|[from] brn\n|upkeep\n|turn|13\n|\n|t:|1699489157\n|move|p1a: Volcarona|Quiver Dance|p1a: Volcarona\n|-boost|p1a: Volcarona|spa|1\n|-boost|p1a: Volcarona|spd|1\n|-boost|p1a: Volcarona|spe|1\n|move|p2a: Big Boy|Wild Charge|p1a: Volcarona\n|-damage|p1a: Volcarona|57\/100\n|-damage|p2a: Big Boy|76\/100 brn|[from] Recoil\n|\n|-weather|Snow|[upkeep]\n|-damage|p2a: Big Boy|70\/100 brn|[from] brn\n|upkeep\n|turn|14\n|\n|t:|1699489163\n|-end|p2a: Big Boy|Quark Drive|[silent]\n|switch|p2a: Ice Cat|Chien-Pao|100\/100\n|-ability|p2a: Ice Cat|Sword of Ruin\n|move|p1a: Volcarona|Morning Sun|p1a: Volcarona\n|-heal|p1a: Volcarona|82\/100\n|\n|-weather|none\n|upkeep\n|turn|15\n|\n|t:|1699489169\n|move|p1a: Volcarona|Flamethrower|p2a: Ice Cat\n|-supereffective|p2a: Ice Cat\n|-enditem|p2a: Ice Cat|Focus Sash\n|-damage|p2a: Ice Cat|1\/100\n|move|p2a: Ice Cat|Swords Dance|p2a: Ice Cat\n|-boost|p2a: Ice Cat|atk|2\n|\n|upkeep\n|turn|16\n|\n|t:|1699489172\n|move|p2a: Ice Cat|Sucker Punch|p1a: Volcarona\n|-damage|p1a: Volcarona|0 fnt\n|faint|p1a: Volcarona\n|\n|upkeep\n|\n|t:|1699489176\n|switch|p1a: Great Tusk|Great Tusk|100\/100\n|-activate|p1a: Great Tusk|move: Sticky Web\n|-unboost|p1a: Great Tusk|spe|1\n|turn|17\n|\n|t:|1699489180\n|move|p2a: Ice Cat|Ice Spinner|p1a: Great Tusk\n|-supereffective|p1a: Great Tusk\n|-damage|p1a: Great Tusk|0 fnt\n|faint|p1a: Great Tusk\n|-end|p1a: Great Tusk|Protosynthesis|[silent]\n|\n|upkeep\n|\n|t:|1699489181\n|switch|p1a: Gliscor|Gliscor, M|100\/100\n|turn|18\n|\n|t:|1699489184\n|move|p2a: Ice Cat|Ice Spinner|p1a: Gliscor\n|-supereffective|p1a: Gliscor\n|-damage|p1a: Gliscor|0 fnt\n|faint|p1a: Gliscor\n|\n|win|Anne Frankkkk\n|raw|silent39's rating: 1194 &rarr; <strong>1167<\/strong><br \/>(-27 for losing)\n|raw|Anne Frankkkk's rating: 1172 &rarr; <strong>1199<\/strong><br \/>(+27 for winning)\n","uploadtime":1699489190,"views":4,"p1id":"silent39","p2id":"annefrankkkk","formatid":"gen9ubers","rating":1167,"private":0,"password":""}