{"id":"gen9ubers-1984961505","p1":"Syresiath","p2":"supersyresiath","format":"[Gen 9] Ubers","log":"|j|\u2606Syresiath\n|j|\u2606supersyresiath\n|t:|1699315161\n|gametype|singles\n|player|p1|Syresiath|1|\n|player|p2|supersyresiath|102|\n|teamsize|p1|2\n|teamsize|p2|6\n|gen|9\n|tier|[Gen 9] Ubers\n|rule|Sleep Clause Mod: Limit one foe put to sleep\n|rule|Species Clause: Limit one of each Pok\u00e9mon\n|rule|OHKO Clause: OHKO moves are banned\n|rule|Evasion Items Clause: Evasion items are banned\n|rule|Evasion Moves Clause: Evasion moves are banned\n|rule|Endless Battle Clause: Forcing endless battles is banned\n|rule|HP Percentage Mod: HP is shown in percentages\n|clearpoke\n|poke|p1|Toxapex, F|\n|poke|p1|Orthworm, M|\n|poke|p2|Breloom, M|\n|poke|p2|Hawlucha, M|\n|poke|p2|Pawmot, M|\n|poke|p2|Heracross, F|\n|poke|p2|Lucario, M|\n|poke|p2|Conkeldurr, M|\n|teampreview\n|\n|t:|1699315166\n|start\n|switch|p1a: Orthworm|Orthworm, M|100\/100\n|switch|p2a: Breloom|Breloom, M|100\/100\n|turn|1\n|\n|t:|1699315179\n|move|p2a: Breloom|Close Combat|p1a: Orthworm\n|-supereffective|p1a: Orthworm\n|-damage|p1a: Orthworm|30\/100\n|-unboost|p2a: Breloom|def|1\n|-unboost|p2a: Breloom|spd|1\n|move|p1a: Orthworm|Shed Tail|p1a: Orthworm\n|-fail|p1a: Orthworm|move: Shed Tail|[weak]\n|\n|-heal|p1a: Orthworm|36\/100|[from] item: Leftovers\n|upkeep\n|turn|2\n|\n|t:|1699315190\n|switch|p1a: Toxapex|Toxapex, F|100\/100\n|move|p2a: Breloom|Close Combat|p1a: Toxapex\n|-resisted|p1a: Toxapex\n|-damage|p1a: Toxapex|83\/100\n|-unboost|p2a: Breloom|def|1\n|-unboost|p2a: Breloom|spd|1\n|\n|-heal|p1a: Toxapex|89\/100|[from] item: Black Sludge\n|upkeep\n|turn|3\n|\n|t:|1699315199\n|move|p2a: Breloom|Seed Bomb|p1a: Toxapex\n|-damage|p1a: Toxapex|61\/100\n|move|p1a: Toxapex|Toxic|p2a: Breloom\n|-status|p2a: Breloom|tox\n|\n|-heal|p1a: Toxapex|68\/100|[from] item: Black Sludge\n|-damage|p2a: Breloom|94\/100 tox|[from] psn\n|upkeep\n|turn|4\n|\n|t:|1699315207\n|move|p2a: Breloom|Seed Bomb|p1a: Toxapex\n|-damage|p1a: Toxapex|43\/100\n|move|p1a: Toxapex|Recover|p1a: Toxapex\n|-heal|p1a: Toxapex|93\/100\n|\n|-heal|p1a: Toxapex|99\/100|[from] item: Black Sludge\n|-damage|p2a: Breloom|82\/100 tox|[from] psn\n|upkeep\n|turn|5\n|\n|t:|1699315219\n|switch|p2a: Pawmot|Pawmot, M|100\/100\n|move|p1a: Toxapex|Surf|p2a: Pawmot\n|-crit|p2a: Pawmot\n|-damage|p2a: Pawmot|22\/100\n|\n|-heal|p1a: Toxapex|100\/100|[from] item: Black Sludge\n|upkeep\n|turn|6\n|\n|t:|1699315233\n|move|p2a: Pawmot|Double Shock|p1a: Toxapex\n|-supereffective|p1a: Toxapex\n|-damage|p1a: Toxapex|33\/100\n|-start|p2a: Pawmot|typechange|???\/Fighting|[from] move: Double Shock\n|move|p1a: Toxapex|Surf|p2a: Pawmot\n|-damage|p2a: Pawmot|0 fnt\n|faint|p2a: Pawmot\n|\n|-heal|p1a: Toxapex|39\/100|[from] item: Black Sludge\n|upkeep\n|\n|t:|1699315246\n|switch|p2a: Breloom|Breloom, M|82\/100 tox\n|turn|7\n|\n|t:|1699315252\n|move|p1a: Toxapex|Protect|p1a: Toxapex\n|-singleturn|p1a: Toxapex|Protect\n|move|p2a: Breloom|Thunder Punch|p1a: Toxapex\n|-activate|p1a: Toxapex|move: Protect\n|\n|-heal|p1a: Toxapex|45\/100|[from] item: Black Sludge\n|-damage|p2a: Breloom|76\/100 tox|[from] psn\n|upkeep\n|turn|8\n|\n|t:|1699315255\n|move|p2a: Breloom|Thunder Punch|p1a: Toxapex\n|-supereffective|p1a: Toxapex\n|-damage|p1a: Toxapex|14\/100\n|move|p1a: Toxapex|Recover|p1a: Toxapex\n|-heal|p1a: Toxapex|64\/100\n|\n|-heal|p1a: Toxapex|71\/100|[from] item: Black Sludge\n|-damage|p2a: Breloom|64\/100 tox|[from] psn\n|upkeep\n|turn|9\n|\n|t:|1699315263\n|move|p1a: Toxapex|Protect|p1a: Toxapex\n|-singleturn|p1a: Toxapex|Protect\n|move|p2a: Breloom|Thunder Punch|p1a: Toxapex\n|-activate|p1a: Toxapex|move: Protect\n|\n|-heal|p1a: Toxapex|77\/100|[from] item: Black Sludge\n|-damage|p2a: Breloom|45\/100 tox|[from] psn\n|upkeep\n|turn|10\n|\n|t:|1699315266\n|move|p2a: Breloom|Thunder Punch|p1a: Toxapex\n|-supereffective|p1a: Toxapex\n|-damage|p1a: Toxapex|47\/100\n|-status|p1a: Toxapex|par\n|cant|p1a: Toxapex|par\n|\n|-heal|p1a: Toxapex|53\/100 par|[from] item: Black Sludge\n|-damage|p2a: Breloom|21\/100 tox|[from] psn\n|upkeep\n|turn|11\n|\n|t:|1699315270\n|move|p1a: Toxapex|Protect|p1a: Toxapex\n|-singleturn|p1a: Toxapex|Protect\n|move|p2a: Breloom|Thunder Punch|p1a: Toxapex\n|-activate|p1a: Toxapex|move: Protect\n|\n|-heal|p1a: Toxapex|60\/100 par|[from] item: Black Sludge\n|-damage|p2a: Breloom|0 fnt|[from] psn\n|faint|p2a: Breloom\n|upkeep\n|\n|t:|1699315274\n|switch|p2a: Heracross|Heracross, F|100\/100\n|turn|12\n|\n|t:|1699315286\n|move|p2a: Heracross|High Horsepower|p1a: Toxapex\n|-supereffective|p1a: Toxapex\n|-damage|p1a: Toxapex|20\/100 par\n|move|p1a: Toxapex|Recover|p1a: Toxapex\n|-heal|p1a: Toxapex|70\/100 par\n|\n|-heal|p1a: Toxapex|76\/100 par|[from] item: Black Sludge\n|upkeep\n|turn|13\n|\n|t:|1699315292\n|move|p2a: Heracross|High Horsepower|p1a: Toxapex\n|-supereffective|p1a: Toxapex\n|-damage|p1a: Toxapex|38\/100 par\n|move|p1a: Toxapex|Toxic|p2a: Heracross\n|-status|p2a: Heracross|tox\n|\n|-heal|p1a: Toxapex|45\/100 par|[from] item: Black Sludge\n|-damage|p2a: Heracross|95\/100 tox|[from] psn\n|upkeep\n|turn|14\n|\n|t:|1699315298\n|move|p1a: Toxapex|Protect|p1a: Toxapex\n|-singleturn|p1a: Toxapex|Protect\n|move|p2a: Heracross|High Horsepower|p1a: Toxapex\n|-activate|p1a: Toxapex|move: Protect\n|\n|-heal|p1a: Toxapex|51\/100 par|[from] item: Black Sludge\n|-damage|p2a: Heracross|83\/100 tox|[from] psn\n|upkeep\n|turn|15\n|\n|t:|1699315301\n|move|p2a: Heracross|High Horsepower|p1a: Toxapex\n|-supereffective|p1a: Toxapex\n|-damage|p1a: Toxapex|13\/100 par\n|cant|p1a: Toxapex|par\n|\n|-heal|p1a: Toxapex|19\/100 par|[from] item: Black Sludge\n|-damage|p2a: Heracross|65\/100 tox|[from] psn\n|upkeep\n|turn|16\n|\n|t:|1699315308\n|move|p1a: Toxapex|Protect|p1a: Toxapex\n|-singleturn|p1a: Toxapex|Protect\n|move|p2a: Heracross|High Horsepower|p1a: Toxapex\n|-activate|p1a: Toxapex|move: Protect\n|\n|-heal|p1a: Toxapex|25\/100 par|[from] item: Black Sludge\n|-damage|p2a: Heracross|41\/100 tox|[from] psn\n|upkeep\n|turn|17\n|\n|t:|1699315314\n|switch|p1a: Orthworm|Orthworm, M|36\/100\n|move|p2a: Heracross|High Horsepower|p1a: Orthworm\n|-heal|p1a: Orthworm|61\/100|[from] ability: Earth Eater|[of] p2a: Heracross\n|\n|-heal|p1a: Orthworm|67\/100|[from] item: Leftovers\n|-damage|p2a: Heracross|11\/100 tox|[from] psn\n|upkeep\n|turn|18\n|\n|t:|1699315320\n|switch|p1a: Toxapex|Toxapex, F|58\/100 par\n|move|p2a: Heracross|Close Combat|p1a: Toxapex\n|-resisted|p1a: Toxapex\n|-damage|p1a: Toxapex|39\/100 par\n|-unboost|p2a: Heracross|def|1\n|-unboost|p2a: Heracross|spd|1\n|\n|-heal|p1a: Toxapex|45\/100 par|[from] item: Black Sludge\n|-damage|p2a: Heracross|0 fnt|[from] psn\n|faint|p2a: Heracross\n|upkeep\n|\n|t:|1699315325\n|switch|p2a: Hawlucha|Hawlucha, M|100\/100\n|turn|19\n|\n|t:|1699315333\n|move|p1a: Toxapex|Protect|p1a: Toxapex\n|-singleturn|p1a: Toxapex|Protect\n|move|p2a: Hawlucha|Brave Bird|p1a: Toxapex\n|-activate|p1a: Toxapex|move: Protect\n|\n|-heal|p1a: Toxapex|51\/100 par|[from] item: Black Sludge\n|upkeep\n|turn|20\n|\n|t:|1699315339\n|switch|p1a: Orthworm|Orthworm, M|67\/100\n|move|p2a: Hawlucha|Brave Bird|p1a: Orthworm\n|-resisted|p1a: Orthworm\n|-damage|p1a: Orthworm|55\/100\n|-damage|p2a: Hawlucha|96\/100|[from] Recoil\n|\n|-heal|p1a: Orthworm|62\/100|[from] item: Leftovers\n|upkeep\n|turn|21\n|\n|t:|1699315348\n|switch|p1a: Toxapex|Toxapex, F|85\/100 par\n|move|p2a: Hawlucha|Flying Press|p1a: Toxapex\n|-resisted|p1a: Toxapex\n|-damage|p1a: Toxapex|74\/100 par\n|\n|-heal|p1a: Toxapex|80\/100 par|[from] item: Black Sludge\n|upkeep\n|turn|22\n|\n|t:|1699315352\n|move|p2a: Hawlucha|Brave Bird|p1a: Toxapex\n|-damage|p1a: Toxapex|51\/100 par\n|-damage|p2a: Hawlucha|86\/100|[from] Recoil\n|move|p1a: Toxapex|Toxic|p2a: Hawlucha\n|-status|p2a: Hawlucha|tox\n|\n|-heal|p1a: Toxapex|57\/100 par|[from] item: Black Sludge\n|-damage|p2a: Hawlucha|80\/100 tox|[from] psn\n|upkeep\n|turn|23\n|\n|t:|1699315359\n|switch|p1a: Orthworm|Orthworm, M|62\/100\n|move|p2a: Hawlucha|Brave Bird|p1a: Orthworm\n|-resisted|p1a: Orthworm\n|-damage|p1a: Orthworm|49\/100\n|-damage|p2a: Hawlucha|75\/100 tox|[from] Recoil\n|\n|-heal|p1a: Orthworm|55\/100|[from] item: Leftovers\n|-damage|p2a: Hawlucha|63\/100 tox|[from] psn\n|upkeep\n|turn|24\n|\n|t:|1699315366\n|move|p1a: Orthworm|Protect|p1a: Orthworm\n|-singleturn|p1a: Orthworm|Protect\n|move|p2a: Hawlucha|Flying Press|p1a: Orthworm\n|-activate|p1a: Orthworm|move: Protect\n|\n|-heal|p1a: Orthworm|61\/100|[from] item: Leftovers\n|-damage|p2a: Hawlucha|45\/100 tox|[from] psn\n|upkeep\n|turn|25\n|\n|t:|1699315370\n|move|p2a: Hawlucha|Flying Press|p1a: Orthworm\n|-damage|p1a: Orthworm|39\/100\n|move|p1a: Orthworm|Shed Tail|p1a: Orthworm\n|-fail|p1a: Orthworm|move: Shed Tail|[weak]\n|\n|-heal|p1a: Orthworm|45\/100|[from] item: Leftovers\n|-damage|p2a: Hawlucha|20\/100 tox|[from] psn\n|upkeep\n|turn|26\n|\n|t:|1699315374\n|move|p1a: Orthworm|Protect|p1a: Orthworm\n|-singleturn|p1a: Orthworm|Protect\n|move|p2a: Hawlucha|Flying Press|p1a: Orthworm\n|-activate|p1a: Orthworm|move: Protect\n|\n|-heal|p1a: Orthworm|51\/100|[from] item: Leftovers\n|-damage|p2a: Hawlucha|0 fnt|[from] psn\n|faint|p2a: Hawlucha\n|upkeep\n|\n|t:|1699315378\n|switch|p2a: Lucario|Lucario, M|100\/100\n|turn|27\n|\n|t:|1699315388\n|switch|p1a: Toxapex|Toxapex, F|90\/100 par\n|move|p2a: Lucario|Aura Sphere|p1a: Toxapex\n|-resisted|p1a: Toxapex\n|-damage|p1a: Toxapex|78\/100 par\n|\n|-heal|p1a: Toxapex|85\/100 par|[from] item: Black Sludge\n|upkeep\n|turn|28\n|\n|t:|1699315398\n|move|p2a: Lucario|Psychic|p1a: Toxapex\n|-supereffective|p1a: Toxapex\n|-damage|p1a: Toxapex|48\/100 par\n|move|p1a: Toxapex|Toxic|p2a: Lucario\n|-immune|p2a: Lucario\n|\n|-heal|p1a: Toxapex|54\/100 par|[from] item: Black Sludge\n|upkeep\n|turn|29\n|\n|t:|1699315410\n|move|p2a: Lucario|Psychic|p1a: Toxapex\n|-supereffective|p1a: Toxapex\n|-damage|p1a: Toxapex|13\/100 par\n|cant|p1a: Toxapex|par\n|\n|-heal|p1a: Toxapex|19\/100 par|[from] item: Black Sludge\n|upkeep\n|turn|30\n|\n|t:|1699315417\n|move|p2a: Lucario|Psychic|p1a: Toxapex\n|-supereffective|p1a: Toxapex\n|-damage|p1a: Toxapex|0 fnt\n|faint|p1a: Toxapex\n|\n|upkeep\n|\n|t:|1699315418\n|switch|p1a: Orthworm|Orthworm, M|51\/100\n|turn|31\n|\n|t:|1699315422\n|move|p2a: Lucario|Aura Sphere|p1a: Orthworm\n|-supereffective|p1a: Orthworm\n|-damage|p1a: Orthworm|0 fnt\n|faint|p1a: Orthworm\n|\n|win|supersyresiath\n","uploadtime":1699315432,"views":10,"p1id":"syresiath","p2id":"supersyresiath","formatid":"gen9ubers","rating":0,"private":0,"password":""}