{"id":"gen9ubers-1990182959","p1":"Nuttyr","p2":"shuckleshellshock","format":"[Gen 9] Ubers","log":"|j|\u2606Nuttyr\n|j|\u2606shuckleshellshock\n|t:|1699934046\n|gametype|singles\n|player|p1|Nuttyr|lucas|\n|player|p2|shuckleshellshock|nate|\n|teamsize|p1|6\n|teamsize|p2|6\n|gen|9\n|tier|[Gen 9] Ubers\n|rule|Sleep Clause Mod: Limit one foe put to sleep\n|rule|Species Clause: Limit one of each Pok\u00e9mon\n|rule|OHKO Clause: OHKO moves are banned\n|rule|Evasion Items Clause: Evasion items are banned\n|rule|Evasion Moves Clause: Evasion moves are banned\n|rule|Endless Battle Clause: Forcing endless battles is banned\n|rule|HP Percentage Mod: HP is shown in percentages\n|clearpoke\n|poke|p1|Dipplin, F|\n|poke|p1|Samurott-Hisui, M|\n|poke|p1|Garganacl, M|\n|poke|p1|Quaquaval, F|\n|poke|p1|Ninetales-Alola, F|\n|poke|p1|Maushold-Four|\n|poke|p2|Urshifu-*, M|\n|poke|p2|Garchomp, F|\n|poke|p2|Goodra-Hisui, M|\n|poke|p2|Diancie|\n|poke|p2|Gliscor, M|\n|poke|p2|Ceruledge, M|\n|teampreview\n|inactive|Battle timer is ON: inactive players will automatically lose when time's up. (requested by Nuttyr)\n|\n|t:|1699934066\n|start\n|switch|p1a: Edgelord|Samurott-Hisui, M|100\/100\n|switch|p2a: not a phase|Ceruledge, M|100\/100\n|turn|1\n|\n|t:|1699934087\n|move|p1a: Edgelord|Ceaseless Edge|p2a: not a phase\n|-supereffective|p2a: not a phase\n|-enditem|p2a: not a phase|Focus Sash\n|-damage|p2a: not a phase|1\/100\n|-ability|p2a: not a phase|Weak Armor|boost\n|-unboost|p2a: not a phase|def|1\n|-boost|p2a: not a phase|spe|2\n|-sidestart|p2: shuckleshellshock|Spikes\n|move|p2a: not a phase|Swords Dance|p2a: not a phase\n|-boost|p2a: not a phase|atk|2\n|\n|upkeep\n|turn|2\n|\n|t:|1699934105\n|move|p2a: not a phase|Shadow Sneak|p1a: Edgelord\n|-resisted|p1a: Edgelord\n|-damage|p1a: Edgelord|82\/100\n|move|p1a: Edgelord|Ceaseless Edge|p2a: not a phase\n|-supereffective|p2a: not a phase\n|-damage|p2a: not a phase|0 fnt\n|-sidestart|p2: shuckleshellshock|Spikes\n|faint|p2a: not a phase\n|\n|upkeep\n|\n|t:|1699934115\n|switch|p2a: land shark|Garchomp, F|100\/100\n|-damage|p2a: land shark|84\/100|[from] Spikes\n|turn|3\n|\n|t:|1699934134\n|move|p1a: Edgelord|Ceaseless Edge|p2a: land shark\n|-damage|p2a: land shark|33\/100\n|-damage|p1a: Edgelord|69\/100|[from] ability: Rough Skin|[of] p2a: land shark\n|-sidestart|p2: shuckleshellshock|Spikes\n|move|p2a: land shark|Iron Head|p1a: Edgelord\n|-resisted|p1a: Edgelord\n|-damage|p1a: Edgelord|54\/100\n|\n|upkeep\n|turn|4\n|inactive|shuckleshellshock has 270 seconds left.\n|\n|t:|1699934151\n|switch|p2a: 11pt uber|Gliscor, M|100\/100\n|move|p1a: Edgelord|Ceaseless Edge|p2a: 11pt uber\n|-crit|p2a: 11pt uber\n|-damage|p2a: 11pt uber|42\/100\n|\n|-status|p2a: 11pt uber|tox|[from] item: Toxic Orb\n|upkeep\n|turn|5\n|\n|t:|1699934159\n|switch|p1a: Ballcrusher|Ninetales-Alola, F|100\/100\n|-weather|Snow|[from] ability: Snow Warning|[of] p1a: Ballcrusher\n|move|p2a: 11pt uber|Fling|p1a: Ballcrusher\n|-resisted|p1a: Ballcrusher\n|-damage|p1a: Ballcrusher|97\/100\n|-status|p1a: Ballcrusher|tox\n|-enditem|p2a: 11pt uber|Toxic Orb|[from] move: Fling\n|\n|-weather|Snow|[upkeep]\n|-damage|p1a: Ballcrusher|91\/100 tox|[from] psn\n|-heal|p2a: 11pt uber|55\/100 tox|[from] ability: Poison Heal\n|upkeep\n|turn|6\n|inactive|shuckleshellshock has 270 seconds left.\n|\n|t:|1699934176\n|switch|p2a: immortal snail|Goodra-Hisui, M|100\/100\n|-damage|p2a: immortal snail|75\/100|[from] Spikes\n|move|p1a: Ballcrusher|Aurora Veil|p1a: Ballcrusher\n|-sidestart|p1: Nuttyr|move: Aurora Veil\n|\n|-weather|Snow|[upkeep]\n|-damage|p1a: Ballcrusher|79\/100 tox|[from] psn\n|upkeep\n|turn|7\n|\n|t:|1699934186\n|switch|p1a: Edgelord|Samurott-Hisui, M|54\/100\n|move|p2a: immortal snail|Heavy Slam|p1a: Edgelord\n|-resisted|p1a: Edgelord\n|-damage|p1a: Edgelord|43\/100\n|\n|-weather|Snow|[upkeep]\n|upkeep\n|turn|8\n|\n|t:|1699934193\n|move|p1a: Edgelord|Knock Off|p2a: immortal snail\n|-damage|p2a: immortal snail|29\/100\n|-enditem|p2a: immortal snail|Assault Vest|[from] move: Knock Off|[of] p1a: Edgelord\n|move|p2a: immortal snail|Thunderbolt|p1a: Edgelord\n|-supereffective|p1a: Edgelord\n|-damage|p1a: Edgelord|0 fnt\n|faint|p1a: Edgelord\n|\n|-weather|Snow|[upkeep]\n|upkeep\n|\n|t:|1699934217\n|switch|p1a: Maushold|Maushold-Four|100\/100\n|turn|9\n|\n|t:|1699934240\n|move|p1a: Maushold|Low Kick|p2a: immortal snail\n|-supereffective|p2a: immortal snail\n|-damage|p2a: immortal snail|0 fnt\n|faint|p2a: immortal snail\n|\n|-weather|none\n|upkeep\n|inactive|shuckleshellshock has 270 seconds left.\n|\n|t:|1699934254\n|switch|p2a: rock candy|Diancie|100\/100\n|-damage|p2a: rock candy|75\/100|[from] Spikes\n|turn|10\n|\n|t:|1699934266\n|switch|p1a: NaCl|Garganacl, M|100\/100\n|move|p2a: rock candy|Substitute|p2a: rock candy\n|-start|p2a: rock candy|Substitute\n|-damage|p2a: rock candy|50\/100\n|\n|-heal|p2a: rock candy|57\/100|[from] item: Leftovers\n|upkeep\n|turn|11\n|\n|t:|1699934275\n|move|p2a: rock candy|Diamond Storm|p1a: NaCl\n|-damage|p1a: NaCl|90\/100\n|move|p1a: NaCl|Iron Defense|p1a: NaCl\n|-boost|p1a: NaCl|def|2\n|\n|-heal|p2a: rock candy|63\/100|[from] item: Leftovers\n|-heal|p1a: NaCl|96\/100|[from] item: Leftovers\n|upkeep\n|turn|12\n|\n|t:|1699934281\n|move|p2a: rock candy|Body Press|p1a: NaCl\n|-supereffective|p1a: NaCl\n|-damage|p1a: NaCl|87\/100\n|move|p1a: NaCl|Salt Cure|p2a: rock candy\n|-activate|p2a: rock candy|move: Substitute|[damage]\n|\n|-heal|p2a: rock candy|69\/100|[from] item: Leftovers\n|-heal|p1a: NaCl|93\/100|[from] item: Leftovers\n|upkeep\n|turn|13\n|\n|t:|1699934289\n|move|p2a: rock candy|Reflect|p2a: rock candy\n|-sidestart|p2: shuckleshellshock|Reflect\n|move|p1a: NaCl|Salt Cure|p2a: rock candy\n|-activate|p2a: rock candy|move: Substitute|[damage]\n|\n|-heal|p2a: rock candy|75\/100|[from] item: Leftovers\n|-heal|p1a: NaCl|99\/100|[from] item: Leftovers\n|-sideend|p1: Nuttyr|move: Aurora Veil\n|upkeep\n|turn|14\n|\n|t:|1699934297\n|move|p2a: rock candy|Diamond Storm|p1a: NaCl\n|-damage|p1a: NaCl|87\/100\n|-boost|p2a: rock candy|def|2\n|move|p1a: NaCl|Salt Cure|p2a: rock candy\n|-activate|p2a: rock candy|move: Substitute|[damage]\n|\n|-heal|p2a: rock candy|82\/100|[from] item: Leftovers\n|-heal|p1a: NaCl|94\/100|[from] item: Leftovers\n|upkeep\n|turn|15\n|\n|t:|1699934305\n|move|p2a: rock candy|Diamond Storm|p1a: NaCl\n|-damage|p1a: NaCl|83\/100\n|-boost|p2a: rock candy|def|2\n|move|p1a: NaCl|Iron Defense|p1a: NaCl\n|-boost|p1a: NaCl|def|2\n|\n|-heal|p2a: rock candy|88\/100|[from] item: Leftovers\n|-heal|p1a: NaCl|89\/100|[from] item: Leftovers\n|upkeep\n|turn|16\n|\n|t:|1699934315\n|move|p2a: rock candy|Body Press|p1a: NaCl\n|-supereffective|p1a: NaCl\n|-damage|p1a: NaCl|53\/100\n|move|p1a: NaCl|Iron Defense|p1a: NaCl\n|-boost|p1a: NaCl|def|2\n|\n|-heal|p2a: rock candy|94\/100|[from] item: Leftovers\n|-heal|p1a: NaCl|60\/100|[from] item: Leftovers\n|upkeep\n|turn|17\n|\n|t:|1699934322\n|move|p2a: rock candy|Body Press|p1a: NaCl\n|-supereffective|p1a: NaCl\n|-damage|p1a: NaCl|31\/100\n|move|p1a: NaCl|Salt Cure|p2a: rock candy\n|-activate|p2a: rock candy|move: Substitute|[damage]\n|\n|-heal|p2a: rock candy|100\/100|[from] item: Leftovers\n|-heal|p1a: NaCl|38\/100|[from] item: Leftovers\n|-sideend|p2: shuckleshellshock|Reflect\n|upkeep\n|turn|18\n|\n|t:|1699934326\n|-terastallize|p1a: NaCl|Water\n|move|p2a: rock candy|Body Press|p1a: NaCl\n|-damage|p1a: NaCl|25\/100\n|move|p1a: NaCl|Recover|p1a: NaCl\n|-heal|p1a: NaCl|75\/100\n|\n|-heal|p1a: NaCl|81\/100|[from] item: Leftovers\n|upkeep\n|turn|19\n|\n|t:|1699934334\n|move|p2a: rock candy|Diamond Storm|p1a: NaCl\n|-damage|p1a: NaCl|75\/100\n|move|p1a: NaCl|Salt Cure|p2a: rock candy\n|-end|p2a: rock candy|Substitute\n|\n|-heal|p1a: NaCl|81\/100|[from] item: Leftovers\n|upkeep\n|turn|20\n|\n|t:|1699934340\n|move|p2a: rock candy|Substitute|p2a: rock candy\n|-start|p2a: rock candy|Substitute\n|-damage|p2a: rock candy|75\/100\n|move|p1a: NaCl|Salt Cure|p2a: rock candy\n|-activate|p2a: rock candy|move: Substitute|[damage]\n|\n|-heal|p2a: rock candy|82\/100|[from] item: Leftovers\n|-heal|p1a: NaCl|87\/100|[from] item: Leftovers\n|upkeep\n|turn|21\n|\n|t:|1699934355\n|switch|p1a: The Throngler|Dipplin, F|100\/100\n|move|p2a: rock candy|Reflect|p2a: rock candy\n|-sidestart|p2: shuckleshellshock|Reflect\n|\n|-heal|p2a: rock candy|88\/100|[from] item: Leftovers\n|upkeep\n|turn|22\n|\n|t:|1699934361\n|move|p2a: rock candy|Body Press|p1a: The Throngler\n|-damage|p1a: The Throngler|60\/100\n|move|p1a: The Throngler|Giga Drain|p2a: rock candy\n|-supereffective|p2a: rock candy\n|-end|p2a: rock candy|Substitute\n|-heal|p1a: The Throngler|69\/100|[from] drain|[of] p2a: rock candy\n|\n|-heal|p2a: rock candy|94\/100|[from] item: Leftovers\n|upkeep\n|turn|23\n|\n|t:|1699934368\n|move|p2a: rock candy|Body Press|p1a: The Throngler\n|-damage|p1a: The Throngler|25\/100\n|move|p1a: The Throngler|Giga Drain|p2a: rock candy\n|-supereffective|p2a: rock candy\n|-damage|p2a: rock candy|67\/100\n|-heal|p1a: The Throngler|36\/100|[from] drain|[of] p2a: rock candy\n|\n|-heal|p2a: rock candy|73\/100|[from] item: Leftovers\n|upkeep\n|turn|24\n|\n|t:|1699934381\n|move|p2a: rock candy|Body Press|p1a: The Throngler\n|-damage|p1a: The Throngler|0 fnt\n|faint|p1a: The Throngler\n|\n|-heal|p2a: rock candy|79\/100|[from] item: Leftovers\n|upkeep\n|\n|t:|1699934392\n|switch|p1a: Maushold|Maushold-Four|100\/100\n|turn|25\n|\n|t:|1699934399\n|move|p1a: Maushold|Encore|p2a: rock candy\n|-start|p2a: rock candy|Encore\n|move|p2a: rock candy|Body Press|p1a: Maushold\n|-supereffective|p1a: Maushold\n|-damage|p1a: Maushold|0 fnt\n|faint|p1a: Maushold\n|\n|-heal|p2a: rock candy|85\/100|[from] item: Leftovers\n|-sideend|p2: shuckleshellshock|Reflect\n|upkeep\n|\n|t:|1699934406\n|switch|p1a: NaCl|Garganacl, M, tera:Water|87\/100\n|turn|26\n|\n|t:|1699934411\n|move|p2a: rock candy|Body Press|p1a: NaCl\n|-damage|p1a: NaCl|34\/100\n|move|p1a: NaCl|Salt Cure|p2a: rock candy\n|-damage|p2a: rock candy|82\/100\n|-start|p2a: rock candy|Salt Cure\n|\n|-heal|p2a: rock candy|88\/100|[from] item: Leftovers\n|-heal|p1a: NaCl|40\/100|[from] item: Leftovers\n|-damage|p2a: rock candy|76\/100|[from] Salt Cure\n|upkeep\n|turn|27\n|\n|t:|1699934422\n|move|p2a: rock candy|Body Press|p1a: NaCl\n|-damage|p1a: NaCl|0 fnt\n|faint|p1a: NaCl\n|\n|-heal|p2a: rock candy|82\/100|[from] item: Leftovers\n|-damage|p2a: rock candy|70\/100|[from] Salt Cure\n|-end|p2a: rock candy|Encore\n|upkeep\n|\n|t:|1699934426\n|switch|p1a: Ballcrusher|Ninetales-Alola, F|79\/100 tox\n|-weather|Snow|[from] ability: Snow Warning|[of] p1a: Ballcrusher\n|turn|28\n|\n|t:|1699934431\n|move|p1a: Ballcrusher|Aurora Veil|p1a: Ballcrusher\n|-sidestart|p1: Nuttyr|move: Aurora Veil\n|move|p2a: rock candy|Body Press|p1a: Ballcrusher\n|-damage|p1a: Ballcrusher|38\/100 tox\n|\n|-weather|Snow|[upkeep]\n|-heal|p2a: rock candy|76\/100|[from] item: Leftovers\n|-damage|p1a: Ballcrusher|32\/100 tox|[from] psn\n|-damage|p2a: rock candy|63\/100|[from] Salt Cure\n|upkeep\n|turn|29\n|\n|t:|1699934444\n|move|p1a: Ballcrusher|Blizzard|p2a: rock candy\n|-damage|p2a: rock candy|39\/100\n|move|p2a: rock candy|Body Press|p1a: Ballcrusher\n|-damage|p1a: Ballcrusher|0 fnt\n|faint|p1a: Ballcrusher\n|\n|-weather|Snow|[upkeep]\n|-heal|p2a: rock candy|45\/100|[from] item: Leftovers\n|-damage|p2a: rock candy|32\/100|[from] Salt Cure\n|upkeep\n|\n|t:|1699934450\n|switch|p1a: Howard|Quaquaval, F|100\/100\n|turn|30\n|\n|t:|1699934457\n|move|p1a: Howard|Aqua Step|p2a: rock candy\n|-supereffective|p2a: rock candy\n|-damage|p2a: rock candy|9\/100\n|-boost|p1a: Howard|spe|1\n|move|p2a: rock candy|Reflect|p2a: rock candy\n|-sidestart|p2: shuckleshellshock|Reflect\n|\n|-weather|Snow|[upkeep]\n|-heal|p2a: rock candy|15\/100|[from] item: Leftovers\n|-damage|p2a: rock candy|2\/100|[from] Salt Cure\n|upkeep\n|turn|31\n|\n|t:|1699934465\n|move|p1a: Howard|Aqua Step|p2a: rock candy\n|-supereffective|p2a: rock candy\n|-damage|p2a: rock candy|0 fnt\n|-boost|p1a: Howard|spe|1\n|faint|p2a: rock candy\n|-ability|p1a: Howard|Moxie|boost\n|-boost|p1a: Howard|atk|1\n|\n|-weather|Snow|[upkeep]\n|upkeep\n|\n|t:|1699934468\n|switch|p2a: rock lee|Urshifu-Rapid-Strike, M|100\/100\n|-damage|p2a: rock lee|76\/100|[from] Spikes\n|turn|32\n|\n|t:|1699934479\n|move|p1a: Howard|Aqua Step|p2a: rock lee\n|-resisted|p2a: rock lee\n|-damage|p2a: rock lee|59\/100\n|-boost|p1a: Howard|spe|1\n|move|p2a: rock lee|U-turn|p1a: Howard\n|-resisted|p1a: Howard\n|-damage|p1a: Howard|92\/100\n|\n|t:|1699934484\n|switch|p2a: 11pt uber|Gliscor, M|55\/100 tox|[from] U-turn\n|\n|-weather|none\n|-heal|p2a: 11pt uber|67\/100 tox|[from] ability: Poison Heal\n|upkeep\n|turn|33\n|\n|t:|1699934490\n|move|p1a: Howard|Ice Spinner|p2a: 11pt uber\n|-supereffective|p2a: 11pt uber\n|-damage|p2a: 11pt uber|1\/100 tox\n|move|p2a: 11pt uber|Acrobatics|p1a: Howard\n|-supereffective|p1a: Howard\n|-damage|p1a: Howard|48\/100\n|\n|-heal|p2a: 11pt uber|14\/100 tox|[from] ability: Poison Heal\n|upkeep\n|turn|34\n|\n|t:|1699934502\n|move|p1a: Howard|Ice Spinner|p2a: 11pt uber\n|-supereffective|p2a: 11pt uber\n|-crit|p2a: 11pt uber\n|-damage|p2a: 11pt uber|0 fnt\n|faint|p2a: 11pt uber\n|-ability|p1a: Howard|Moxie|boost\n|-boost|p1a: Howard|atk|1\n|\n|-sideend|p2: shuckleshellshock|Reflect\n|upkeep\n|\n|t:|1699934504\n|switch|p2a: land shark|Garchomp, F|33\/100\n|-damage|p2a: land shark|8\/100|[from] Spikes\n|turn|35\n|\n|t:|1699934512\n|move|p1a: Howard|Aqua Step|p2a: land shark\n|-damage|p2a: land shark|0 fnt\n|-boost|p1a: Howard|spe|1\n|-damage|p1a: Howard|36\/100|[from] ability: Rough Skin|[of] p2a: land shark\n|faint|p2a: land shark\n|-ability|p1a: Howard|Moxie|boost\n|-boost|p1a: Howard|atk|1\n|\n|-sideend|p1: Nuttyr|move: Aurora Veil\n|upkeep\n|\n|t:|1699934515\n|switch|p2a: rock lee|Urshifu-Rapid-Strike, M|59\/100\n|-damage|p2a: rock lee|34\/100|[from] Spikes\n|turn|36\n|\n|t:|1699934520\n|move|p1a: Howard|Close Combat|p2a: rock lee\n|-damage|p2a: rock lee|0 fnt\n|-unboost|p1a: Howard|def|1\n|-unboost|p1a: Howard|spd|1\n|faint|p2a: rock lee\n|\n|win|Nuttyr\n|l|\u2606shuckleshellshock\n","uploadtime":1699934551,"views":26,"p1id":"nuttyr","p2id":"shuckleshellshock","formatid":"gen9ubers","rating":0,"private":0,"password":""}