{"id":"gen9ubers-1970609296","p1":"SenkTheMoth","p2":"VictiniSweeper","format":"[Gen 9] Ubers","log":"|j|\u2606SenkTheMoth\n|j|\u2606VictiniSweeper\n|t:|1697652151\n|gametype|singles\n|player|p1|SenkTheMoth|dawn-gen4pt|\n|player|p2|VictiniSweeper|wallace|\n|teamsize|p1|6\n|teamsize|p2|6\n|gen|9\n|tier|[Gen 9] Ubers\n|rule|Sleep Clause Mod: Limit one foe put to sleep\n|rule|Species Clause: Limit one of each Pok\u00e9mon\n|rule|OHKO Clause: OHKO moves are banned\n|rule|Evasion Items Clause: Evasion items are banned\n|rule|Evasion Moves Clause: Evasion moves are banned\n|rule|Endless Battle Clause: Forcing endless battles is banned\n|rule|HP Percentage Mod: HP is shown in percentages\n|clearpoke\n|poke|p1|Zacian-*|\n|poke|p1|Palkia-Origin|\n|poke|p1|Arceus-Fire|\n|poke|p1|Magearna|\n|poke|p1|Zamazenta-*|\n|poke|p1|Shaymin-Sky|\n|poke|p2|Arceus-Dragon|\n|poke|p2|Magearna|\n|poke|p2|Ninetales-Alola, M|\n|poke|p2|Zacian-*|\n|poke|p2|Cyclizar, M|\n|poke|p2|Manaphy|\n|teampreview\n|\n|t:|1697652163\n|start\n|switch|p1a: Zacian|Zacian|100\/100\n|switch|p2a: Kyubeei|Ninetales-Alola, M|100\/100\n|-ability|p1a: Zacian|Intrepid Sword|boost\n|-boost|p1a: Zacian|atk|1\n|-weather|Snow|[from] ability: Snow Warning|[of] p2a: Kyubeei\n|turn|1\n|\n|t:|1697652178\n|switch|p2a: Manaphy|Manaphy|100\/100\n|move|p1a: Zacian|Play Rough|p2a: Manaphy\n|-damage|p2a: Manaphy|39\/100\n|\n|-weather|Snow|[upkeep]\n|upkeep\n|turn|2\n|\n|t:|1697652199\n|move|p1a: Zacian|Play Rough|p2a: Manaphy\n|-damage|p2a: Manaphy|0 fnt\n|faint|p2a: Manaphy\n|\n|-weather|Snow|[upkeep]\n|upkeep\n|\n|t:|1697652214\n|switch|p2a: Kyubeei|Ninetales-Alola, M|100\/100\n|turn|3\n|\n|t:|1697652231\n|move|p1a: Zacian|Play Rough|p2a: Kyubeei\n|-damage|p2a: Kyubeei|39\/100\n|move|p2a: Kyubeei|Aurora Veil|p2a: Kyubeei\n|-sidestart|p2: VictiniSweeper|move: Aurora Veil\n|\n|-weather|Snow|[upkeep]\n|upkeep\n|turn|4\n|\n|t:|1697652242\n|switch|p2a: \ud83d\udc41\ud83d\udc44\ud83d\udc41|Cyclizar, M|100\/100\n|move|p1a: Zacian|Psychic Fangs|p2a: \ud83d\udc41\ud83d\udc44\ud83d\udc41\n|-sideend|p2: VictiniSweeper|move: Aurora Veil\n|-damage|p2a: \ud83d\udc41\ud83d\udc44\ud83d\udc41|39\/100\n|-enditem|p2a: \ud83d\udc41\ud83d\udc44\ud83d\udc41|Sitrus Berry|[eat]\n|-heal|p2a: \ud83d\udc41\ud83d\udc44\ud83d\udc41|64\/100|[from] item: Sitrus Berry\n|\n|-weather|Snow|[upkeep]\n|upkeep\n|turn|5\n|\n|t:|1697652250\n|move|p1a: Zacian|Play Rough|p2a: \ud83d\udc41\ud83d\udc44\ud83d\udc41\n|-supereffective|p2a: \ud83d\udc41\ud83d\udc44\ud83d\udc41\n|-damage|p2a: \ud83d\udc41\ud83d\udc44\ud83d\udc41|0 fnt\n|faint|p2a: \ud83d\udc41\ud83d\udc44\ud83d\udc41\n|\n|-weather|none\n|upkeep\n|\n|t:|1697652259\n|switch|p2a: Pitbull\ud83d\udc44\ud83d\udc76|Zacian|100\/100\n|-ability|p2a: Pitbull\ud83d\udc44\ud83d\udc76|Intrepid Sword|boost\n|-boost|p2a: Pitbull\ud83d\udc44\ud83d\udc76|atk|1\n|turn|6\n|\n|t:|1697652265\n|move|p2a: Pitbull\ud83d\udc44\ud83d\udc76|Iron Head|p1a: Zacian\n|-supereffective|p1a: Zacian\n|-crit|p1a: Zacian\n|-damage|p1a: Zacian|0 fnt\n|faint|p1a: Zacian\n|\n|upkeep\n|\n|t:|1697652281\n|switch|p1a: Magearna|Magearna|100\/100\n|turn|7\n|\n|t:|1697652298\n|move|p2a: Pitbull\ud83d\udc44\ud83d\udc76|Swords Dance|p2a: Pitbull\ud83d\udc44\ud83d\udc76\n|-boost|p2a: Pitbull\ud83d\udc44\ud83d\udc76|atk|2\n|move|p1a: Magearna|Thunder Wave|p2a: Pitbull\ud83d\udc44\ud83d\udc76\n|-status|p2a: Pitbull\ud83d\udc44\ud83d\udc76|par\n|\n|upkeep\n|turn|8\n|\n|t:|1697652305\n|move|p2a: Pitbull\ud83d\udc44\ud83d\udc76|Iron Head|p1a: Magearna\n|-damage|p1a: Magearna|58\/100\n|move|p1a: Magearna|Draining Kiss|p2a: Pitbull\ud83d\udc44\ud83d\udc76\n|-damage|p2a: Pitbull\ud83d\udc44\ud83d\udc76|81\/100 par\n|-heal|p1a: Magearna|71\/100|[from] drain|[of] p2a: Pitbull\ud83d\udc44\ud83d\udc76\n|\n|-heal|p1a: Magearna|77\/100|[from] item: Leftovers\n|upkeep\n|turn|9\n|\n|t:|1697652315\n|move|p2a: Pitbull\ud83d\udc44\ud83d\udc76|Iron Head|p1a: Magearna\n|-damage|p1a: Magearna|40\/100\n|move|p1a: Magearna|Draining Kiss|p2a: Pitbull\ud83d\udc44\ud83d\udc76\n|-damage|p2a: Pitbull\ud83d\udc44\ud83d\udc76|62\/100 par\n|-heal|p1a: Magearna|52\/100|[from] drain|[of] p2a: Pitbull\ud83d\udc44\ud83d\udc76\n|\n|-heal|p1a: Magearna|58\/100|[from] item: Leftovers\n|upkeep\n|turn|10\n|\n|t:|1697652326\n|cant|p2a: Pitbull\ud83d\udc44\ud83d\udc76|par\n|move|p1a: Magearna|Draining Kiss|p2a: Pitbull\ud83d\udc44\ud83d\udc76\n|-damage|p2a: Pitbull\ud83d\udc44\ud83d\udc76|42\/100 par\n|-heal|p1a: Magearna|72\/100|[from] drain|[of] p2a: Pitbull\ud83d\udc44\ud83d\udc76\n|\n|-heal|p1a: Magearna|78\/100|[from] item: Leftovers\n|upkeep\n|turn|11\n|\n|t:|1697652348\n|switch|p2a: Fortnite lhama|Arceus-Dragon|100\/100\n|move|p1a: Magearna|Draining Kiss|p2a: Fortnite lhama\n|-supereffective|p2a: Fortnite lhama\n|-damage|p2a: Fortnite lhama|73\/100\n|-heal|p1a: Magearna|100\/100|[from] drain|[of] p2a: Fortnite lhama\n|\n|upkeep\n|turn|12\n|\n|t:|1697652357\n|move|p2a: Fortnite lhama|Calm Mind|p2a: Fortnite lhama\n|-boost|p2a: Fortnite lhama|spa|1\n|-boost|p2a: Fortnite lhama|spd|1\n|move|p1a: Magearna|Thunder Wave|p2a: Fortnite lhama\n|-status|p2a: Fortnite lhama|par\n|\n|upkeep\n|turn|13\n|\n|t:|1697652371\n|switch|p1a: Zamazenta|Zamazenta-Crowned|100\/100\n|-ability|p1a: Zamazenta|Dauntless Shield|boost\n|-boost|p1a: Zamazenta|def|1\n|move|p2a: Fortnite lhama|Calm Mind|p2a: Fortnite lhama\n|-boost|p2a: Fortnite lhama|spa|1\n|-boost|p2a: Fortnite lhama|spd|1\n|\n|upkeep\n|turn|14\n|\n|t:|1697652390\n|move|p1a: Zamazenta|Body Press|p2a: Fortnite lhama\n|-damage|p2a: Fortnite lhama|32\/100 par\n|cant|p2a: Fortnite lhama|par\n|\n|upkeep\n|turn|15\n|\n|t:|1697652407\n|switch|p2a: Kyubeei|Ninetales-Alola, M|39\/100\n|-weather|Snow|[from] ability: Snow Warning|[of] p2a: Kyubeei\n|move|p1a: Zamazenta|Body Press|p2a: Kyubeei\n|-damage|p2a: Kyubeei|0 fnt\n|faint|p2a: Kyubeei\n|\n|-weather|Snow|[upkeep]\n|upkeep\n|\n|t:|1697652415\n|switch|p2a: Heal ball|Magearna|100\/100\n|turn|16\n|\n|t:|1697652442\n|move|p1a: Zamazenta|Iron Defense|p1a: Zamazenta\n|-boost|p1a: Zamazenta|def|2\n|move|p2a: Heal ball|Calm Mind|p2a: Heal ball\n|-boost|p2a: Heal ball|spa|1\n|-boost|p2a: Heal ball|spd|1\n|\n|-weather|Snow|[upkeep]\n|upkeep\n|turn|17\n|\n|t:|1697652455\n|move|p1a: Zamazenta|Body Press|p2a: Heal ball\n|-damage|p2a: Heal ball|19\/100\n|move|p2a: Heal ball|Iron Defense|p2a: Heal ball\n|-boost|p2a: Heal ball|def|2\n|\n|-weather|Snow|[upkeep]\n|-heal|p2a: Heal ball|25\/100|[from] item: Leftovers\n|upkeep\n|turn|18\n|\n|t:|1697652471\n|move|p1a: Zamazenta|Body Press|p2a: Heal ball\n|-damage|p2a: Heal ball|0 fnt\n|faint|p2a: Heal ball\n|\n|-weather|Snow|[upkeep]\n|upkeep\n|\n|t:|1697652497\n|switch|p2a: Pitbull\ud83d\udc44\ud83d\udc76|Zacian|42\/100 par\n|turn|19\n|\n|t:|1697652504\n|move|p1a: Zamazenta|Body Press|p2a: Pitbull\ud83d\udc44\ud83d\udc76\n|-resisted|p2a: Pitbull\ud83d\udc44\ud83d\udc76\n|-damage|p2a: Pitbull\ud83d\udc44\ud83d\udc76|0 fnt\n|faint|p2a: Pitbull\ud83d\udc44\ud83d\udc76\n|\n|-weather|none\n|upkeep\n|\n|t:|1697652507\n|switch|p2a: Fortnite lhama|Arceus-Dragon|32\/100 par\n|turn|20\n|c|\u2606VictiniSweeper|Gg\n|c|\u2606SenkTheMoth|gg\n|c|\u2606VictiniSweeper|Could u sed it\n|\n|t:|1697652520\n|move|p1a: Zamazenta|Body Press|p2a: Fortnite lhama\n|-damage|p2a: Fortnite lhama|0 fnt\n|faint|p2a: Fortnite lhama\n|\n|win|SenkTheMoth\n|c|\u2606SenkTheMoth|yeah\n|l|\u2606VictiniSweeper\n|c|\u2606SenkTheMoth|just for curiosity's sake, what was arceus running?\n","uploadtime":1697652536,"views":24,"p1id":"senkthemoth","p2id":"victinisweeper","formatid":"gen9ubers","rating":0,"private":0,"password":""}