{"id":"gen9ubers-1988791002","p1":"HarmoniChaos","p2":"Dragon Master Rosa","format":"[Gen 9] Ubers","log":"|j|\u2606HarmoniChaos\n|j|\u2606Dragon Master Rosa\n|t:|1699763640\n|gametype|singles\n|player|p1|HarmoniChaos|cheren|\n|player|p2|Dragon Master Rosa|dragontamer-gen9|\n|teamsize|p1|6\n|teamsize|p2|6\n|gen|9\n|tier|[Gen 9] Ubers\n|rule|Sleep Clause Mod: Limit one foe put to sleep\n|rule|Species Clause: Limit one of each Pok\u00e9mon\n|rule|OHKO Clause: OHKO moves are banned\n|rule|Evasion Items Clause: Evasion items are banned\n|rule|Evasion Moves Clause: Evasion moves are banned\n|rule|Endless Battle Clause: Forcing endless battles is banned\n|rule|HP Percentage Mod: HP is shown in percentages\n|clearpoke\n|poke|p1|Swalot, F|\n|poke|p1|Samurott, M|\n|poke|p1|Decidueye, M|\n|poke|p1|Houndoom, F|\n|poke|p1|Goodra, M|\n|poke|p1|Wyrdeer, M|\n|poke|p2|Ribombee, F|\n|poke|p2|Greninja-*, M|\n|poke|p2|Zoroark-Hisui, M|\n|poke|p2|Palafin, M|\n|poke|p2|Landorus-Therian, M|\n|poke|p2|Azelf|\n|teampreview\n|c|\u2606Dragon Master Rosa|glhf\n|c|\u2606HarmoniChaos|u2\n|c|\u2606Dragon Master Rosa|lemme get usage stats rq\n|c|\u2606HarmoniChaos|np take your time\n|c|\u2606HarmoniChaos|thanks for being so supportive btw\n|c|\u2606Dragon Master Rosa|ah, it's all good\n|\n|t:|1699763806\n|start\n|switch|p1a: Samurott|Samurott, M|100\/100\n|switch|p2a: Ribombee|Ribombee, F|100\/100\n|turn|1\n|c|\u2606HarmoniChaos|so this will be physical\n|c|\u2606HarmoniChaos|i think\n|c|\u2606Dragon Master Rosa|yep\n|\n|t:|1699763840\n|move|p2a: Ribombee|Sticky Web|p1a: Samurott\n|-sidestart|p1: HarmoniChaos|move: Sticky Web\n|move|p1a: Samurott|Aqua Cutter|p2a: Ribombee\n|-damage|p2a: Ribombee|22\/100\n|\n|upkeep\n|turn|2\n|c|\u2606HarmoniChaos|or you could do that\n|c|\u2606HarmoniChaos|and be a hazard setter\n|\n|t:|1699763852\n|move|p2a: Ribombee|U-turn|p1a: Samurott\n|-damage|p1a: Samurott|87\/100\n|c|\u2606Dragon Master Rosa|yeah webs is all ribombe does in any meta ever\n|\n|t:|1699763859\n|switch|p2a: Palafin|Palafin, M|100\/100|[from] U-turn\n|move|p1a: Samurott|Aqua Cutter|p2a: Palafin\n|-resisted|p2a: Palafin\n|-damage|p2a: Palafin|66\/100\n|\n|upkeep\n|turn|3\n|c|\u2606HarmoniChaos|idk I used specs ribombee once\n|c|\u2606HarmoniChaos|swept two teams\n|c|\u2606Dragon Master Rosa|nice\n|\n|t:|1699763907\n|detailschange|p2a: Palafin|Palafin-Hero, M\n|switch|p2a: Greninja|Greninja, M|100\/100\n|move|p1a: Samurott|Aqua Cutter|p2a: Greninja\n|-resisted|p2a: Greninja\n|-damage|p2a: Greninja|56\/100\n|\n|upkeep\n|turn|4\n|\n|t:|1699763932\n|move|p2a: Greninja|U-turn|p1a: Samurott\n|-start|p2a: Greninja|typechange|Bug|[from] ability: Protean\n|-damage|p1a: Samurott|43\/100\n|\n|t:|1699763937\n|switch|p2a: Ribombee|Ribombee, F|22\/100|[from] U-turn\n|move|p1a: Samurott|Aqua Cutter|p2a: Ribombee\n|-damage|p2a: Ribombee|0 fnt\n|faint|p2a: Ribombee\n|\n|upkeep\n|c|\u2606HarmoniChaos|OW\n|\n|t:|1699763941\n|switch|p2a: Azelf|Azelf|100\/100\n|turn|5\n|\n|t:|1699763946\n|move|p2a: Azelf|Knock Off|p1a: Samurott\n|-damage|p1a: Samurott|0 fnt\n|-enditem|p1a: Samurott|Choice Band|[from] move: Knock Off|[of] p2a: Azelf\n|faint|p1a: Samurott\n|\n|upkeep\n|\n|t:|1699763955\n|switch|p1a: Decidueye|Decidueye, M|100\/100\n|-activate|p1a: Decidueye|move: Sticky Web\n|-unboost|p1a: Decidueye|spe|1\n|turn|6\n|c|\u2606Dragon Master Rosa|band gren does numbers\n|c|\u2606HarmoniChaos|I NOTICED\n|\n|t:|1699763969\n|-terastallize|p2a: Azelf|Dark\n|-terastallize|p1a: Decidueye|Grass\n|move|p2a: Azelf|Knock Off|p1a: Decidueye\n|-damage|p1a: Decidueye|10\/100\n|-enditem|p1a: Decidueye|Life Orb|[from] move: Knock Off|[of] p2a: Azelf\n|move|p1a: Decidueye|Shadow Ball|p2a: Azelf\n|-resisted|p2a: Azelf\n|-damage|p2a: Azelf|72\/100\n|\n|upkeep\n|turn|7\n|\n|t:|1699763980\n|move|p2a: Azelf|Knock Off|p1a: Decidueye\n|-damage|p1a: Decidueye|0 fnt\n|faint|p1a: Decidueye\n|\n|upkeep\n|c|\u2606HarmoniChaos|i think I wasted tera\n|\n|t:|1699763990\n|switch|p1a: Houndoom|Houndoom, F|100\/100\n|-activate|p1a: Houndoom|move: Sticky Web\n|-unboost|p1a: Houndoom|spe|1\n|turn|8\n|\n|t:|1699764006\n|switch|p2a: Landorus|Landorus-Therian, M|100\/100\n|-ability|p2a: Landorus|Intimidate|boost\n|-unboost|p1a: Houndoom|atk|1\n|move|p1a: Houndoom|Body Slam|p2a: Landorus\n|-damage|p2a: Landorus|84\/100\n|\n|-heal|p2a: Landorus|90\/100|[from] item: Leftovers\n|upkeep\n|turn|9\n|\n|t:|1699764018\n|move|p2a: Landorus|Earth Power|p1a: Houndoom\n|-supereffective|p1a: Houndoom\n|-damage|p1a: Houndoom|51\/100\n|move|p1a: Houndoom|Psychic Fangs|p2a: Landorus\n|-damage|p2a: Landorus|73\/100\n|\n|-heal|p2a: Landorus|79\/100|[from] item: Leftovers\n|upkeep\n|turn|10\n|c|\u2606HarmoniChaos|uh\n|\n|t:|1699764031\n|move|p2a: Landorus|Nasty Plot|p2a: Landorus\n|-boost|p2a: Landorus|spa|2\n|move|p1a: Houndoom|Fire Fang|p2a: Landorus\n|-damage|p2a: Landorus|57\/100\n|\n|-heal|p2a: Landorus|63\/100|[from] item: Leftovers\n|upkeep\n|turn|11\n|c|\u2606HarmoniChaos|that was\n|c|\u2606HarmoniChaos|not the move i wanted to click\n|c|\u2606HarmoniChaos|because i may be dumb\n|c|\u2606HarmoniChaos|but I am not that stupid\n|\n|t:|1699764056\n|move|p2a: Landorus|Earth Power|p1a: Houndoom\n|-supereffective|p1a: Houndoom\n|-damage|p1a: Houndoom|0 fnt\n|faint|p1a: Houndoom\n|\n|-heal|p2a: Landorus|69\/100|[from] item: Leftovers\n|upkeep\n|\n|t:|1699764063\n|switch|p1a: Goodra|Goodra, M|100\/100\n|-activate|p1a: Goodra|move: Sticky Web\n|-unboost|p1a: Goodra|spe|1\n|turn|12\n|\n|t:|1699764072\n|move|p2a: Landorus|Earth Power|p1a: Goodra\n|-damage|p1a: Goodra|51\/100\n|-unboost|p1a: Goodra|spd|1\n|move|p1a: Goodra|Aqua Tail|p2a: Landorus\n|-supereffective|p2a: Landorus\n|-damage|p2a: Landorus|0 fnt\n|faint|p2a: Landorus\n|\n|upkeep\n|\n|t:|1699764083\n|switch|p2a: Palafin|Palafin-Hero, M|66\/100\n|-activate|p2a: Palafin|ability: Zero to Hero\n|turn|13\n|c|\u2606HarmoniChaos|if you could stop committing brutal murder that would be nice\n|c|\u2606Dragon Master Rosa|time to boom on my burst\n|\n|t:|1699764098\n|move|p2a: Palafin|Boomburst|p1a: Goodra\n|-damage|p1a: Goodra|0 fnt\n|faint|p1a: Goodra\n|\n|upkeep\n|c|\u2606HarmoniChaos|pain\n|c|\u2606Dragon Master Rosa|i was never band smart, i'm specs smart, makes me more contrarian !!\n|\n|t:|1699764116\n|switch|p1a: Swalot|Swalot, F|100\/100\n|-activate|p1a: Swalot|move: Sticky Web\n|-unboost|p1a: Swalot|spe|1\n|turn|14\n|c|\u2606HarmoniChaos|*gasps*\n|\n|t:|1699764122\n|move|p2a: Palafin|Boomburst|p1a: Swalot\n|-damage|p1a: Swalot|34\/100\n|move|p1a: Swalot|Seed Bomb|p2a: Palafin\n|-supereffective|p2a: Palafin\n|-damage|p2a: Palafin|20\/100\n|-heal|p1a: Swalot|39\/100|[from] item: Shell Bell|[of] p2a: Palafin\n|\n|upkeep\n|turn|15\n|\n|t:|1699764132\n|move|p2a: Palafin|Boomburst|p1a: Swalot\n|-damage|p1a: Swalot|0 fnt\n|faint|p1a: Swalot\n|\n|upkeep\n|c|\u2606HarmoniChaos|i should have put life orb\n|\n|t:|1699764141\n|switch|p1a: Wyrdeer|Wyrdeer, M|100\/100\n|-activate|p1a: Wyrdeer|move: Sticky Web\n|-unboost|p1a: Wyrdeer|spe|1\n|-ability|p1a: Wyrdeer|Intimidate|boost\n|-unboost|p2a: Palafin|atk|1\n|turn|16\n|\n|t:|1699764147\n|move|p2a: Palafin|Boomburst|p1a: Wyrdeer\n|-damage|p1a: Wyrdeer|40\/100\n|move|p1a: Wyrdeer|Charge Beam|p2a: Palafin\n|-supereffective|p2a: Palafin\n|-damage|p2a: Palafin|0 fnt\n|-boost|p1a: Wyrdeer|spa|1\n|faint|p2a: Palafin\n|\n|upkeep\n|\n|t:|1699764152\n|switch|p2a: Greninja|Greninja, M|56\/100\n|turn|17\n|\n|t:|1699764157\n|move|p2a: Greninja|Night Slash|p1a: Wyrdeer\n|-start|p2a: Greninja|typechange|Dark|[from] ability: Protean\n|-supereffective|p1a: Wyrdeer\n|-damage|p1a: Wyrdeer|0 fnt\n|faint|p1a: Wyrdeer\n|\n|win|Dragon Master Rosa\n|c|\u2606Dragon Master Rosa|ggwp\n|c|\u2606HarmoniChaos|ggs\n","uploadtime":1699764166,"views":13,"p1id":"harmonichaos","p2id":"dragonmasterrosa","formatid":"gen9ubers","rating":0,"private":0,"password":""}