{"id":"gen9ubers-1983749029","p1":"ImhoPitit","p2":"Aaron MA","format":"[Gen 9] Ubers","log":"|j|\u2606ImhoPitit\n|j|\u2606Aaron MA\n|t:|1699173067\n|gametype|singles\n|player|p1|ImhoPitit|lucas|\n|player|p2|Aaron MA|266|\n|teamsize|p1|6\n|teamsize|p2|6\n|gen|9\n|tier|[Gen 9] Ubers\n|rule|Sleep Clause Mod: Limit one foe put to sleep\n|rule|Species Clause: Limit one of each Pok\u00e9mon\n|rule|OHKO Clause: OHKO moves are banned\n|rule|Evasion Items Clause: Evasion items are banned\n|rule|Evasion Moves Clause: Evasion moves are banned\n|rule|Endless Battle Clause: Forcing endless battles is banned\n|rule|HP Percentage Mod: HP is shown in percentages\n|clearpoke\n|poke|p1|Clodsire, M|\n|poke|p1|Dondozo, F|\n|poke|p1|Dragonite, M|\n|poke|p1|Sandy Shocks|\n|poke|p1|Gholdengo|\n|poke|p1|Iron Valiant|\n|poke|p2|Kleavor, M|\n|poke|p2|Azumarill, M|\n|poke|p2|Zapdos|\n|poke|p2|Muk-Alola, F|\n|poke|p2|Iron Valiant|\n|poke|p2|Dragapult, F|\n|teampreview\n|inactive|Battle timer is ON: inactive players will automatically lose when time's up. (requested by ImhoPitit)\n|\n|t:|1699173087\n|start\n|switch|p1a: Lingot|Gholdengo|100\/100\n|switch|p2a: Kleavor|Kleavor, M|100\/100\n|-item|p1a: Lingot|Air Balloon\n|turn|1\n|\n|t:|1699173098\n|move|p2a: Kleavor|U-turn|p1a: Lingot\n|-resisted|p1a: Lingot\n|-damage|p1a: Lingot|91\/100\n|-enditem|p1a: Lingot|Air Balloon\n|\n|t:|1699173102\n|switch|p2a: Muk|Muk-Alola, F|100\/100|[from] U-turn\n|move|p1a: Lingot|Make It Rain|p2a: Muk\n|-damage|p2a: Muk|74\/100\n|-unboost|p1a: Lingot|spa|1\n|\n|upkeep\n|turn|2\n|\n|t:|1699173114\n|switch|p1a: Bignou|Clodsire, M|100\/100\n|move|p2a: Muk|Knock Off|p1a: Bignou\n|-damage|p1a: Bignou|59\/100\n|-enditem|p1a: Bignou|Black Sludge|[from] move: Knock Off|[of] p2a: Muk\n|\n|upkeep\n|turn|3\n|\n|t:|1699173128\n|move|p2a: Muk|Fire Punch|p1a: Bignou\n|-damage|p1a: Bignou|41\/100\n|move|p1a: Bignou|Recover|p1a: Bignou\n|-heal|p1a: Bignou|91\/100\n|\n|upkeep\n|turn|4\n|\n|t:|1699173137\n|switch|p2a: Dragapult|Dragapult, F|100\/100\n|move|p1a: Bignou|Stockpile|p1a: Bignou\n|-start|p1a: Bignou|stockpile1\n|-boost|p1a: Bignou|def|1\n|-boost|p1a: Bignou|spd|1\n|\n|upkeep\n|turn|5\n|\n|t:|1699173147\n|switch|p2a: Azumarill|Azumarill, M, shiny|100\/100\n|move|p1a: Bignou|Toxic|p2a: Azumarill\n|-status|p2a: Azumarill|tox\n|\n|-damage|p2a: Azumarill|94\/100 tox|[from] psn\n|upkeep\n|turn|6\n|\n|t:|1699173157\n|move|p2a: Azumarill|Belly Drum|p2a: Azumarill\n|-damage|p2a: Azumarill|44\/100 tox\n|-setboost|p2a: Azumarill|atk|6|[from] move: Belly Drum\n|-enditem|p2a: Azumarill|Sitrus Berry|[eat]\n|-heal|p2a: Azumarill|69\/100 tox|[from] item: Sitrus Berry\n|move|p1a: Bignou|Stockpile|p1a: Bignou\n|-start|p1a: Bignou|stockpile2\n|-boost|p1a: Bignou|def|1\n|-boost|p1a: Bignou|spd|1\n|\n|-damage|p2a: Azumarill|57\/100 tox|[from] psn\n|upkeep\n|turn|7\n|\n|t:|1699173171\n|move|p2a: Azumarill|Play Rough|p1a: Bignou\n|-resisted|p1a: Bignou\n|-damage|p1a: Bignou|29\/100\n|move|p1a: Bignou|Body Press|p2a: Azumarill\n|-resisted|p2a: Azumarill\n|-damage|p2a: Azumarill|44\/100 tox\n|\n|-damage|p2a: Azumarill|26\/100 tox|[from] psn\n|upkeep\n|turn|8\n|\n|t:|1699173182\n|switch|p1a: Baleine|Dondozo, F|100\/100\n|move|p2a: Azumarill|Play Rough|p1a: Baleine\n|-damage|p1a: Baleine|76\/100\n|\n|-heal|p1a: Baleine|82\/100|[from] item: Leftovers\n|-damage|p2a: Azumarill|1\/100 tox|[from] psn\n|upkeep\n|turn|9\n|\n|t:|1699173207\n|move|p2a: Azumarill|Play Rough|p1a: Baleine\n|-damage|p1a: Baleine|59\/100\n|move|p1a: Baleine|Rest|p1a: Baleine\n|-status|p1a: Baleine|slp|[from] move: Rest\n|-heal|p1a: Baleine|100\/100 slp|[silent]\n|\n|-damage|p2a: Azumarill|0 fnt|[from] psn\n|faint|p2a: Azumarill\n|upkeep\n|inactive|Aaron MA has 270 seconds left.\n|\n|t:|1699173224\n|switch|p2a: Kleavor|Kleavor, M|100\/100\n|turn|10\n|\n|t:|1699173230\n|move|p2a: Kleavor|Stone Axe|p1a: Baleine\n|-damage|p1a: Baleine|78\/100 slp\n|-sidestart|p1: ImhoPitit|move: Stealth Rock\n|cant|p1a: Baleine|slp\n|\n|-heal|p1a: Baleine|84\/100 slp|[from] item: Leftovers\n|upkeep\n|turn|11\n|inactive|Aaron MA has 270 seconds left.\n|\n|t:|1699173249\n|switch|p2a: Zapdos|Zapdos|100\/100\n|cant|p1a: Baleine|slp\n|\n|-heal|p1a: Baleine|90\/100 slp|[from] item: Leftovers\n|upkeep\n|turn|12\n|\n|t:|1699173257\n|switch|p1a: Bignou|Clodsire, M|29\/100\n|-damage|p1a: Bignou|22\/100|[from] Stealth Rock\n|move|p2a: Zapdos|Hurricane|p1a: Bignou\n|-crit|p1a: Bignou\n|-damage|p1a: Bignou|0 fnt\n|faint|p1a: Bignou\n|\n|upkeep\n|\n|t:|1699173271\n|switch|p1a: Le poilu|Sandy Shocks|100\/100\n|-damage|p1a: Le poilu|94\/100|[from] Stealth Rock\n|-enditem|p1a: Le poilu|Booster Energy\n|-activate|p1a: Le poilu|ability: Protosynthesis|[fromitem]\n|-start|p1a: Le poilu|protosynthesisspe\n|turn|13\n|\n|t:|1699173280\n|move|p1a: Le poilu|Thunderbolt|p2a: Zapdos\n|-damage|p2a: Zapdos|59\/100\n|move|p2a: Zapdos|U-turn|p1a: Le poilu\n|-damage|p1a: Le poilu|80\/100\n|\n|t:|1699173292\n|switch|p2a: Kleavor|Kleavor, M|100\/100|[from] U-turn\n|\n|upkeep\n|turn|14\n|\n|t:|1699173297\n|switch|p2a: Muk|Muk-Alola, F|74\/100\n|move|p1a: Le poilu|Earth Power|p2a: Muk\n|-supereffective|p2a: Muk\n|-damage|p2a: Muk|38\/100\n|\n|upkeep\n|turn|15\n|\n|t:|1699173305\n|switch|p2a: Zapdos|Zapdos|59\/100\n|move|p1a: Le poilu|Earth Power|p2a: Zapdos\n|-immune|p2a: Zapdos\n|\n|upkeep\n|turn|16\n|\n|t:|1699173316\n|move|p1a: Le poilu|Thunderbolt|p2a: Zapdos\n|-damage|p2a: Zapdos|20\/100\n|move|p2a: Zapdos|Roost|p2a: Zapdos\n|-heal|p2a: Zapdos|70\/100\n|-singleturn|p2a: Zapdos|move: Roost\n|\n|upkeep\n|turn|17\n|\n|t:|1699173326\n|move|p1a: Le poilu|Thunderbolt|p2a: Zapdos\n|-damage|p2a: Zapdos|28\/100\n|move|p2a: Zapdos|U-turn|p1a: Le poilu\n|-damage|p1a: Le poilu|66\/100\n|\n|t:|1699173340\n|switch|p2a: Kleavor|Kleavor, M|100\/100|[from] U-turn\n|\n|upkeep\n|turn|18\n|\n|t:|1699173345\n|move|p1a: Le poilu|Earth Power|p2a: Kleavor\n|-damage|p2a: Kleavor|32\/100\n|move|p2a: Kleavor|Stone Axe|p1a: Le poilu\n|-resisted|p1a: Le poilu\n|-damage|p1a: Le poilu|37\/100\n|\n|upkeep\n|turn|19\n|\n|t:|1699173358\n|switch|p2a: Zapdos|Zapdos|28\/100\n|move|p1a: Le poilu|Thunderbolt|p2a: Zapdos\n|-damage|p2a: Zapdos|0 fnt\n|faint|p2a: Zapdos\n|\n|upkeep\n|\n|t:|1699173367\n|switch|p2a: Iron Valiant|Iron Valiant|100\/100\n|-enditem|p2a: Iron Valiant|Booster Energy\n|-activate|p2a: Iron Valiant|ability: Quark Drive|[fromitem]\n|-start|p2a: Iron Valiant|quarkdrivespe\n|turn|20\n|\n|t:|1699173380\n|move|p2a: Iron Valiant|Moonblast|p1a: Le poilu\n|-damage|p1a: Le poilu|0 fnt\n|faint|p1a: Le poilu\n|-end|p1a: Le poilu|Protosynthesis|[silent]\n|\n|upkeep\n|\n|t:|1699173385\n|switch|p1a: Lingot|Gholdengo|91\/100\n|-damage|p1a: Lingot|85\/100|[from] Stealth Rock\n|turn|21\n|\n|t:|1699173392\n|-end|p2a: Iron Valiant|Quark Drive|[silent]\n|switch|p2a: Muk|Muk-Alola, F|38\/100\n|move|p1a: Lingot|Make It Rain|p2a: Muk\n|-damage|p2a: Muk|10\/100\n|-unboost|p1a: Lingot|spa|1\n|\n|upkeep\n|turn|22\n|\n|t:|1699173403\n|move|p1a: Lingot|Make It Rain|p2a: Muk\n|-damage|p2a: Muk|0 fnt\n|-unboost|p1a: Lingot|spa|1\n|faint|p2a: Muk\n|\n|upkeep\n|\n|t:|1699173412\n|switch|p2a: Dragapult|Dragapult, F|100\/100\n|turn|23\n|\n|t:|1699173424\n|switch|p1a: Trop mang\u00e9|Dragonite, M|100\/100\n|-terastallize|p2a: Dragapult|Dragon\n|move|p2a: Dragapult|Dragon Dance|p2a: Dragapult\n|-boost|p2a: Dragapult|atk|1\n|-boost|p2a: Dragapult|spe|1\n|\n|upkeep\n|turn|24\n|\n|t:|1699173439\n|switch|p1a: Baleine|Dondozo, F|90\/100 slp\n|-damage|p1a: Baleine|77\/100 slp|[from] Stealth Rock\n|move|p2a: Dragapult|Dragon Darts|p1a: Baleine\n|-damage|p1a: Baleine|62\/100 slp\n|-anim|p2a: Dragapult|Dragon Darts|p1a: Baleine\n|-damage|p1a: Baleine|47\/100 slp\n|\n|-heal|p1a: Baleine|53\/100 slp|[from] item: Leftovers\n|upkeep\n|turn|25\n|\n|t:|1699173452\n|move|p2a: Dragapult|Dragon Darts|p1a: Baleine\n|-damage|p1a: Baleine|37\/100 slp\n|-anim|p2a: Dragapult|Dragon Darts|p1a: Baleine\n|-damage|p1a: Baleine|21\/100 slp\n|-curestatus|p1a: Baleine|slp|[msg]\n|move|p1a: Baleine|Rest|p1a: Baleine\n|-status|p1a: Baleine|slp|[from] move: Rest\n|-heal|p1a: Baleine|100\/100 slp|[silent]\n|\n|upkeep\n|turn|26\n|\n|t:|1699173464\n|switch|p2a: Iron Valiant|Iron Valiant|100\/100\n|switch|p1a: Gardien|Iron Valiant|100\/100\n|-damage|p1a: Gardien|94\/100|[from] Stealth Rock\n|-enditem|p1a: Gardien|Booster Energy\n|-activate|p1a: Gardien|ability: Quark Drive|[fromitem]\n|-start|p1a: Gardien|quarkdrivespe\n|\n|upkeep\n|turn|27\n|\n|t:|1699173477\n|move|p1a: Gardien|Moonblast|p2a: Iron Valiant\n|-supereffective|p2a: Iron Valiant\n|-damage|p2a: Iron Valiant|0 fnt\n|faint|p2a: Iron Valiant\n|-end|p2a: Iron Valiant|Quark Drive|[silent]\n|\n|upkeep\n|\n|t:|1699173485\n|switch|p2a: Kleavor|Kleavor, M|32\/100\n|turn|28\n|inactive|Aaron MA has 270 seconds left.\n|\n|t:|1699173517\n|move|p1a: Gardien|Moonblast|p2a: Kleavor\n|-damage|p2a: Kleavor|0 fnt\n|faint|p2a: Kleavor\n|\n|upkeep\n|inactive|Aaron MA has 270 seconds left.\n|\n|t:|1699173523\n|switch|p2a: Dragapult|Dragapult, F, tera:Dragon|100\/100\n|turn|29\n|\n|t:|1699173528\n|move|p1a: Gardien|Moonblast|p2a: Dragapult\n|-supereffective|p2a: Dragapult\n|-damage|p2a: Dragapult|0 fnt\n|faint|p2a: Dragapult\n|\n|win|ImhoPitit\n","uploadtime":1699173535,"views":9,"p1id":"imhopitit","p2id":"aaronma","formatid":"gen9ubers","rating":0,"private":0,"password":""}