{"id":"gen9ubers-1993108559","p1":"Kingcam4khd","p2":"Potato815","format":"[Gen 9] Ubers","log":"|j|\u2606Kingcam4khd\n|j|\u2606Potato815\n|t:|1700265742\n|gametype|singles\n|player|p1|Kingcam4khd|102|1128\n|player|p2|Potato815|red|1069\n|teamsize|p1|6\n|teamsize|p2|6\n|gen|9\n|tier|[Gen 9] Ubers\n|rated|\n|rule|Sleep Clause Mod: Limit one foe put to sleep\n|rule|Species Clause: Limit one of each Pok\u00e9mon\n|rule|OHKO Clause: OHKO moves are banned\n|rule|Evasion Items Clause: Evasion items are banned\n|rule|Evasion Moves Clause: Evasion moves are banned\n|rule|Endless Battle Clause: Forcing endless battles is banned\n|rule|HP Percentage Mod: HP is shown in percentages\n|clearpoke\n|poke|p1|Samurott-Hisui, M|\n|poke|p1|Kyogre|\n|poke|p1|Baxcalibur, F|\n|poke|p1|Flutter Mane|\n|poke|p1|Zacian-*|\n|poke|p1|Palafin, M|\n|poke|p2|Ribombee, M|\n|poke|p2|Garchomp, M|\n|poke|p2|Alomomola, F|\n|poke|p2|Samurott-Hisui, M|\n|poke|p2|Poliwrath, M|\n|poke|p2|Iron Moth|\n|teampreview\n|\n|t:|1700265748\n|start\n|switch|p1a: Palafin|Palafin, M, shiny|100\/100\n|switch|p2a: Ribombee|Ribombee, M|100\/100\n|turn|1\n|\n|t:|1700265758\n|move|p2a: Ribombee|Sticky Web|p1a: Palafin\n|-sidestart|p1: Kingcam4khd|move: Sticky Web\n|move|p1a: Palafin|Flip Turn|p2a: Ribombee\n|-damage|p2a: Ribombee|55\/100\n|\n|t:|1700265766\n|detailschange|p1a: Palafin|Palafin-Hero, M, shiny\n|switch|p1a: OP|Zacian-Crowned, shiny|100\/100|[from] Flip Turn\n|-activate|p1a: OP|move: Sticky Web\n|-unboost|p1a: OP|spe|1\n|-ability|p1a: OP|Intrepid Sword|boost\n|-boost|p1a: OP|atk|1\n|\n|upkeep\n|turn|2\n|\n|t:|1700265772\n|move|p2a: Ribombee|Stun Spore|p1a: OP\n|-status|p1a: OP|par\n|move|p1a: OP|Behemoth Blade|p2a: Ribombee\n|-supereffective|p2a: Ribombee\n|-damage|p2a: Ribombee|0 fnt\n|faint|p2a: Ribombee\n|\n|upkeep\n|\n|t:|1700265787\n|switch|p2a: Garchomp|Garchomp, M|100\/100\n|turn|3\n|\n|t:|1700265792\n|-terastallize|p2a: Garchomp|Fire\n|move|p2a: Garchomp|Swords Dance|p2a: Garchomp\n|-boost|p2a: Garchomp|atk|2\n|cant|p1a: OP|par\n|\n|upkeep\n|turn|4\n|\n|t:|1700265799\n|move|p1a: OP|Protect|p1a: OP\n|-singleturn|p1a: OP|Protect\n|move|p2a: Garchomp|Earthquake|p1a: OP\n|-activate|p1a: OP|move: Protect\n|\n|upkeep\n|turn|5\n|\n|t:|1700265805\n|move|p2a: Garchomp|Earthquake|p1a: OP\n|-supereffective|p1a: OP\n|-crit|p1a: OP\n|-damage|p1a: OP|0 fnt\n|faint|p1a: OP\n|\n|upkeep\n|\n|t:|1700265811\n|switch|p1a: Xcalibur|Baxcalibur, F, shiny|100\/100\n|-activate|p1a: Xcalibur|move: Sticky Web\n|-unboost|p1a: Xcalibur|spe|1\n|turn|6\n|\n|t:|1700265818\n|move|p2a: Garchomp|Scale Shot|p1a: Xcalibur\n|-supereffective|p1a: Xcalibur\n|-damage|p1a: Xcalibur|63\/100\n|-supereffective|p1a: Xcalibur\n|-damage|p1a: Xcalibur|19\/100\n|-supereffective|p1a: Xcalibur\n|-damage|p1a: Xcalibur|0 fnt\n|faint|p1a: Xcalibur\n|-hitcount|p1: Xcalibur|3\n|-unboost|p2a: Garchomp|def|1\n|-boost|p2a: Garchomp|spe|1\n|\n|upkeep\n|\n|t:|1700265827\n|switch|p1a: Moby|Kyogre, shiny|100\/100\n|-activate|p1a: Moby|move: Sticky Web\n|-unboost|p1a: Moby|spe|1\n|-weather|RainDance|[from] ability: Drizzle|[of] p1a: Moby\n|turn|7\n|\n|t:|1700265835\n|-terastallize|p1a: Moby|Water\n|move|p2a: Garchomp|Earthquake|p1a: Moby\n|-damage|p1a: Moby|0 fnt\n|faint|p1a: Moby\n|\n|-weather|RainDance|[upkeep]\n|upkeep\n|\n|t:|1700265841\n|switch|p1a: Palafin|Palafin-Hero, M, shiny|100\/100\n|-activate|p1a: Palafin|move: Sticky Web\n|-unboost|p1a: Palafin|spe|1\n|-activate|p1a: Palafin|ability: Zero to Hero\n|turn|8\n|\n|t:|1700265846\n|switch|p2a: Poliwrath|Poliwrath, M|100\/100\n|move|p1a: Palafin|Jet Punch|p2a: Poliwrath\n|-immune|p2a: Poliwrath|[from] ability: Water Absorb\n|\n|-weather|RainDance|[upkeep]\n|upkeep\n|turn|9\n|\n|t:|1700265855\n|move|p2a: Poliwrath|Belly Drum|p2a: Poliwrath\n|-damage|p2a: Poliwrath|51\/100\n|-setboost|p2a: Poliwrath|atk|6|[from] move: Belly Drum\n|move|p1a: Palafin|Flip Turn|p2a: Poliwrath\n|-heal|p2a: Poliwrath|76\/100|[from] ability: Water Absorb|[of] p1a: Palafin\n|\n|-weather|RainDance|[upkeep]\n|upkeep\n|turn|10\n|\n|t:|1700265869\n|switch|p1a: Flutter Mane|Flutter Mane, shiny|100\/100\n|-activate|p1a: Flutter Mane|move: Sticky Web\n|-unboost|p1a: Flutter Mane|spe|1\n|-enditem|p1a: Flutter Mane|Booster Energy\n|-activate|p1a: Flutter Mane|ability: Protosynthesis|[fromitem]\n|-start|p1a: Flutter Mane|protosynthesisspa\n|move|p2a: Poliwrath|Drain Punch|p1a: Flutter Mane\n|-immune|p1a: Flutter Mane\n|\n|-weather|RainDance|[upkeep]\n|upkeep\n|turn|11\n|-message|Kingcam4khd forfeited.\n|\n|win|Potato815\n|raw|Kingcam4khd's rating: 1128 &rarr; <strong>1099<\/strong><br \/>(-29 for losing)\n|raw|Potato815's rating: 1069 &rarr; <strong>1104<\/strong><br \/>(+35 for winning)\n|l|\u2606Kingcam4khd\n","uploadtime":1700265892,"views":10,"p1id":"kingcam4khd","p2id":"potato815","formatid":"gen9ubers","rating":1099,"private":0,"password":""}