{"id":"gen9ubers-1994251078","p1":"j_wald11","p2":"Ysgolhaig","format":"[Gen 9] Ubers","log":"|j|\u2606j_wald11\n|j|\u2606Ysgolhaig\n|t:|1700423544\n|gametype|singles\n|player|p1|j_wald11|gambler|\n|player|p2|Ysgolhaig|veteran|\n|teamsize|p1|6\n|teamsize|p2|6\n|gen|9\n|tier|[Gen 9] Ubers\n|rule|Sleep Clause Mod: Limit one foe put to sleep\n|rule|Species Clause: Limit one of each Pok\u00e9mon\n|rule|OHKO Clause: OHKO moves are banned\n|rule|Evasion Items Clause: Evasion items are banned\n|rule|Evasion Moves Clause: Evasion moves are banned\n|rule|Endless Battle Clause: Forcing endless battles is banned\n|rule|HP Percentage Mod: HP is shown in percentages\n|clearpoke\n|poke|p1|Gliscor, F|\n|poke|p1|Infernape, F|\n|poke|p1|Blissey, F|\n|poke|p1|Zoroark-Hisui, F|\n|poke|p1|Slowking-Galar, F|\n|poke|p1|Azumarill, M|\n|poke|p2|Meowscarada, F|\n|poke|p2|Hariyama, M|\n|poke|p2|Basculegion-F, F|\n|poke|p2|Hatterene, F|\n|poke|p2|Quagsire, M|\n|poke|p2|Yanmega, M|\n|teampreview\n|\n|t:|1700423559\n|start\n|switch|p1a: Gliscor|Gliscor, F|100\/100\n|switch|p2a: Hatterene|Hatterene, F, shiny|100\/100\n|turn|1\n|\n|t:|1700423565\n|move|p1a: Gliscor|Toxic|p2a: Hatterene\n|move|p2a: Hatterene|Toxic|p1a: Gliscor|[from]ability: Magic Bounce\n|-status|p1a: Gliscor|tox\n|move|p2a: Hatterene|Reflect|p2a: Hatterene\n|-sidestart|p2: Ysgolhaig|Reflect\n|\n|upkeep\n|turn|2\n|\n|t:|1700423576\n|move|p1a: Gliscor|Earthquake|p2a: Hatterene\n|-damage|p2a: Hatterene|84\/100\n|move|p2a: Hatterene|Light Screen|p2a: Hatterene\n|-sidestart|p2: Ysgolhaig|move: Light Screen\n|\n|upkeep\n|turn|3\n|\n|t:|1700423591\n|move|p1a: Gliscor|Earthquake|p2a: Hatterene\n|-damage|p2a: Hatterene|67\/100\n|move|p2a: Hatterene|Psychic|p1a: Gliscor\n|-damage|p1a: Gliscor|39\/100 tox\n|\n|-heal|p1a: Gliscor|52\/100 tox|[from] ability: Poison Heal\n|upkeep\n|turn|4\n|\n|t:|1700423612\n|switch|p1a: Infernape|Infernape, F|100\/100\n|move|p2a: Hatterene|Psychic|p1a: Infernape\n|-damage|p1a: Infernape|0 fnt\n|replace|p1a: Zoroark|Zoroark-Hisui, F\n|-end|p1a: Zoroark|Illusion\n|faint|p1a: Zoroark\n|\n|upkeep\n|\n|t:|1700423631\n|switch|p1a: Blissey|Blissey, F|100\/100\n|turn|5\n|\n|t:|1700423638\n|move|p1a: Blissey|Body Slam|p2a: Hatterene\n|-damage|p2a: Hatterene|64\/100\n|-status|p2a: Hatterene|par\n|move|p2a: Hatterene|Mystical Fire|p1a: Blissey\n|-damage|p1a: Blissey|91\/100\n|-unboost|p1a: Blissey|spa|1\n|\n|upkeep\n|turn|6\n|\n|t:|1700423649\n|move|p1a: Blissey|Body Slam|p2a: Hatterene\n|-damage|p2a: Hatterene|60\/100 par\n|move|p2a: Hatterene|Psychic|p1a: Blissey\n|-damage|p1a: Blissey|75\/100\n|\n|upkeep\n|turn|7\n|\n|t:|1700423669\n|move|p1a: Blissey|Protect|p1a: Blissey\n|-singleturn|p1a: Blissey|Protect\n|move|p2a: Hatterene|Psychic|p1a: Blissey\n|-activate|p1a: Blissey|move: Protect\n|\n|upkeep\n|turn|8\n|\n|t:|1700423687\n|move|p1a: Blissey|Body Slam|p2a: Hatterene\n|-damage|p2a: Hatterene|56\/100 par\n|move|p2a: Hatterene|Psychic|p1a: Blissey\n|-damage|p1a: Blissey|56\/100\n|\n|-sideend|p2: Ysgolhaig|Reflect\n|upkeep\n|turn|9\n|\n|t:|1700423694\n|move|p1a: Blissey|Soft-Boiled|p1a: Blissey\n|-heal|p1a: Blissey|100\/100\n|cant|p2a: Hatterene|par\n|\n|-sideend|p2: Ysgolhaig|move: Light Screen\n|upkeep\n|turn|10\n|\n|t:|1700423700\n|move|p1a: Blissey|Body Slam|p2a: Hatterene\n|-damage|p2a: Hatterene|50\/100 par\n|move|p2a: Hatterene|Reflect|p2a: Hatterene\n|-sidestart|p2: Ysgolhaig|Reflect\n|\n|upkeep\n|turn|11\n|\n|t:|1700423708\n|move|p1a: Blissey|Blizzard|p2a: Hatterene\n|-damage|p2a: Hatterene|36\/100 par\n|cant|p2a: Hatterene|par\n|\n|upkeep\n|turn|12\n|\n|t:|1700423713\n|move|p1a: Blissey|Blizzard|p2a: Hatterene|[miss]\n|-miss|p1a: Blissey|p2a: Hatterene\n|move|p2a: Hatterene|Light Screen|p2a: Hatterene\n|-sidestart|p2: Ysgolhaig|move: Light Screen\n|\n|upkeep\n|turn|13\n|\n|t:|1700423720\n|move|p1a: Blissey|Body Slam|p2a: Hatterene\n|-damage|p2a: Hatterene|33\/100 par\n|move|p2a: Hatterene|Psychic|p1a: Blissey\n|-damage|p1a: Blissey|83\/100\n|\n|upkeep\n|turn|14\n|\n|t:|1700423727\n|move|p1a: Blissey|Body Slam|p2a: Hatterene\n|-damage|p2a: Hatterene|29\/100 par\n|cant|p2a: Hatterene|par\n|\n|upkeep\n|turn|15\n|\n|t:|1700423731\n|move|p1a: Blissey|Body Slam|p2a: Hatterene\n|-damage|p2a: Hatterene|26\/100 par\n|move|p2a: Hatterene|Psychic|p1a: Blissey\n|-damage|p1a: Blissey|65\/100\n|\n|upkeep\n|turn|16\n|\n|t:|1700423739\n|move|p1a: Blissey|Body Slam|p2a: Hatterene\n|-damage|p2a: Hatterene|23\/100 par\n|move|p2a: Hatterene|Psychic|p1a: Blissey\n|-crit|p1a: Blissey\n|-damage|p1a: Blissey|41\/100\n|\n|upkeep\n|turn|17\n|\n|t:|1700423750\n|move|p1a: Blissey|Soft-Boiled|p1a: Blissey\n|-heal|p1a: Blissey|91\/100\n|cant|p2a: Hatterene|par\n|\n|-sideend|p2: Ysgolhaig|Reflect\n|upkeep\n|turn|18\n|\n|t:|1700423756\n|move|p1a: Blissey|Body Slam|p2a: Hatterene\n|-damage|p2a: Hatterene|16\/100 par\n|move|p2a: Hatterene|Reflect|p2a: Hatterene\n|-sidestart|p2: Ysgolhaig|Reflect\n|\n|upkeep\n|turn|19\n|\n|t:|1700423761\n|move|p1a: Blissey|Body Slam|p2a: Hatterene\n|-damage|p2a: Hatterene|12\/100 par\n|move|p2a: Hatterene|Psychic|p1a: Blissey\n|-damage|p1a: Blissey|71\/100\n|\n|-sideend|p2: Ysgolhaig|move: Light Screen\n|upkeep\n|turn|20\n|\n|t:|1700423769\n|move|p1a: Blissey|Body Slam|p2a: Hatterene\n|-damage|p2a: Hatterene|8\/100 par\n|move|p2a: Hatterene|Light Screen|p2a: Hatterene\n|-sidestart|p2: Ysgolhaig|move: Light Screen\n|\n|upkeep\n|turn|21\n|\n|t:|1700423774\n|move|p1a: Blissey|Body Slam|p2a: Hatterene\n|-damage|p2a: Hatterene|5\/100 par\n|move|p2a: Hatterene|Psychic|p1a: Blissey\n|-damage|p1a: Blissey|53\/100\n|\n|upkeep\n|turn|22\n|\n|t:|1700423780\n|move|p1a: Blissey|Soft-Boiled|p1a: Blissey\n|-heal|p1a: Blissey|100\/100\n|cant|p2a: Hatterene|par\n|\n|upkeep\n|turn|23\n|\n|t:|1700423789\n|move|p1a: Blissey|Protect|p1a: Blissey\n|-singleturn|p1a: Blissey|Protect\n|move|p2a: Hatterene|Psychic|p1a: Blissey\n|-activate|p1a: Blissey|move: Protect\n|\n|upkeep\n|turn|24\n|\n|t:|1700423798\n|move|p1a: Blissey|Body Slam|p2a: Hatterene\n|-damage|p2a: Hatterene|1\/100 par\n|move|p2a: Hatterene|Psychic|p1a: Blissey\n|-damage|p1a: Blissey|84\/100\n|\n|upkeep\n|turn|25\n|\n|t:|1700423815\n|move|p1a: Blissey|Body Slam|p2a: Hatterene\n|-damage|p2a: Hatterene|0 fnt\n|faint|p2a: Hatterene\n|\n|-sideend|p2: Ysgolhaig|Reflect\n|upkeep\n|\n|t:|1700423823\n|switch|p2a: Yanmega|Yanmega, M, shiny|100\/100\n|turn|26\n|\n|t:|1700423832\n|move|p1a: Blissey|Protect|p1a: Blissey\n|-singleturn|p1a: Blissey|Protect\n|move|p2a: Yanmega|Ancient Power|p1a: Blissey\n|-activate|p1a: Blissey|move: Protect\n|\n|upkeep\n|turn|27\n|\n|t:|1700423838\n|move|p2a: Yanmega|Ancient Power|p1a: Blissey\n|-damage|p1a: Blissey|73\/100\n|move|p1a: Blissey|Body Slam|p2a: Yanmega\n|-damage|p2a: Yanmega|92\/100\n|-status|p2a: Yanmega|par\n|\n|-sideend|p2: Ysgolhaig|move: Light Screen\n|upkeep\n|turn|28\n|\n|t:|1700423851\n|switch|p2a: Hariyama|Hariyama, M, shiny|100\/100\n|switch|p1a: Infernape|Infernape, F|100\/100\n|\n|upkeep\n|turn|29\n|\n|t:|1700423857\n|move|p1a: Infernape|Switcheroo|p2a: Hariyama\n|-activate|p1a: Infernape|move: Trick|[of] p2a: Hariyama\n|-item|p2a: Hariyama|Choice Scarf|[from] move: Switcheroo\n|-item|p1a: Infernape|Rocky Helmet|[from] move: Switcheroo\n|move|p2a: Hariyama|Knock Off|p1a: Infernape\n|-resisted|p1a: Infernape\n|-damage|p1a: Infernape|73\/100\n|-damage|p2a: Hariyama|84\/100|[from] item: Rocky Helmet|[of] p1a: Infernape\n|-enditem|p1a: Infernape|Rocky Helmet|[from] move: Knock Off|[of] p2a: Hariyama\n|\n|upkeep\n|turn|30\n|\n|t:|1700423877\n|move|p1a: Infernape|Close Combat|p2a: Hariyama\n|-damage|p2a: Hariyama|37\/100\n|-unboost|p1a: Infernape|def|1\n|-unboost|p1a: Infernape|spd|1\n|move|p2a: Hariyama|Knock Off|p1a: Infernape\n|-resisted|p1a: Infernape\n|-damage|p1a: Infernape|43\/100\n|\n|upkeep\n|turn|31\n|\n|t:|1700423887\n|move|p1a: Infernape|Close Combat|p2a: Hariyama\n|-damage|p2a: Hariyama|0 fnt\n|-unboost|p1a: Infernape|def|1\n|-unboost|p1a: Infernape|spd|1\n|faint|p2a: Hariyama\n|\n|upkeep\n|\n|t:|1700423900\n|switch|p2a: Basculegion|Basculegion-F, F|100\/100\n|turn|32\n|\n|t:|1700423908\n|move|p1a: Infernape|Thunder Punch|p2a: Basculegion\n|-supereffective|p2a: Basculegion\n|-damage|p2a: Basculegion|27\/100\n|move|p2a: Basculegion|Shadow Ball|p1a: Infernape\n|-damage|p1a: Infernape|0 fnt\n|faint|p1a: Infernape\n|\n|upkeep\n|\n|t:|1700423923\n|switch|p1a: Azumarill|Azumarill, M|100\/100\n|turn|33\n|\n|t:|1700423932\n|move|p2a: Basculegion|Ice Beam|p1a: Azumarill\n|-resisted|p1a: Azumarill\n|-damage|p1a: Azumarill|91\/100\n|move|p1a: Azumarill|Aqua Ring|p1a: Azumarill\n|-start|p1a: Azumarill|Aqua Ring\n|\n|-heal|p1a: Azumarill|98\/100|[from] item: Leftovers\n|-heal|p1a: Azumarill|100\/100|[from] Aqua Ring\n|upkeep\n|turn|34\n|\n|t:|1700423943\n|move|p2a: Basculegion|Psychic Fangs|p1a: Azumarill\n|-damage|p1a: Azumarill|84\/100\n|move|p1a: Azumarill|Encore|p2a: Basculegion\n|-start|p2a: Basculegion|Encore\n|\n|-heal|p1a: Azumarill|90\/100|[from] item: Leftovers\n|-heal|p1a: Azumarill|96\/100|[from] Aqua Ring\n|upkeep\n|turn|35\n|\n|t:|1700423957\n|move|p2a: Basculegion|Psychic Fangs|p1a: Azumarill\n|-damage|p1a: Azumarill|80\/100\n|move|p1a: Azumarill|Surf|p2a: Basculegion\n|-resisted|p2a: Basculegion\n|-damage|p2a: Basculegion|19\/100\n|\n|-heal|p1a: Azumarill|86\/100|[from] item: Leftovers\n|-heal|p1a: Azumarill|92\/100|[from] Aqua Ring\n|upkeep\n|turn|36\n|\n|t:|1700423990\n|switch|p2a: Meowscarada|Meowscarada, F, shiny|100\/100\n|move|p1a: Azumarill|Surf|p2a: Meowscarada\n|-resisted|p2a: Meowscarada\n|-damage|p2a: Meowscarada|83\/100\n|\n|-heal|p1a: Azumarill|99\/100|[from] item: Leftovers\n|-heal|p1a: Azumarill|100\/100|[from] Aqua Ring\n|upkeep\n|turn|37\n|\n|t:|1700424020\n|move|p2a: Meowscarada|Thunder Punch|p1a: Azumarill\n|-start|p2a: Meowscarada|typechange|Electric|[from] ability: Protean\n|-supereffective|p1a: Azumarill\n|-damage|p1a: Azumarill|29\/100\n|move|p1a: Azumarill|Encore|p2a: Meowscarada\n|-start|p2a: Meowscarada|Encore\n|\n|-heal|p1a: Azumarill|35\/100|[from] item: Leftovers\n|-heal|p1a: Azumarill|41\/100|[from] Aqua Ring\n|upkeep\n|turn|38\n|\n|t:|1700424030\n|switch|p1a: Gliscor|Gliscor, F|52\/100 tox\n|move|p2a: Meowscarada|Thunder Punch|p1a: Gliscor\n|-immune|p1a: Gliscor\n|\n|-heal|p1a: Gliscor|64\/100 tox|[from] ability: Poison Heal\n|upkeep\n|turn|39\n|\n|t:|1700424042\n|switch|p2a: Quagsire|Quagsire, M, shiny|100\/100\n|move|p1a: Gliscor|Spikes|p2a: Quagsire\n|-sidestart|p2: Ysgolhaig|Spikes\n|\n|-heal|p1a: Gliscor|76\/100 tox|[from] ability: Poison Heal\n|upkeep\n|turn|40\n|\n|t:|1700424053\n|move|p1a: Gliscor|Protect|p1a: Gliscor\n|-singleturn|p1a: Gliscor|Protect\n|move|p2a: Quagsire|Stealth Rock|p1a: Gliscor\n|-sidestart|p1: j_wald11|move: Stealth Rock\n|\n|-heal|p1a: Gliscor|89\/100 tox|[from] ability: Poison Heal\n|upkeep\n|turn|41\n|\n|t:|1700424065\n|switch|p2a: Meowscarada|Meowscarada, F, shiny|83\/100\n|-damage|p2a: Meowscarada|71\/100|[from] Spikes\n|move|p1a: Gliscor|Toxic|p2a: Meowscarada\n|-status|p2a: Meowscarada|tox\n|\n|-damage|p2a: Meowscarada|65\/100 tox|[from] psn\n|-heal|p1a: Gliscor|100\/100 tox|[from] ability: Poison Heal\n|upkeep\n|turn|42\n|\n|t:|1700424076\n|switch|p1a: Azumarill|Azumarill, M|41\/100\n|-damage|p1a: Azumarill|29\/100|[from] Stealth Rock\n|move|p2a: Meowscarada|Flower Trick|p1a: Azumarill\n|-start|p2a: Meowscarada|typechange|Grass|[from] ability: Protean\n|-ability|p1a: Azumarill|Sap Sipper|boost\n|-boost|p1a: Azumarill|atk|1\n|\n|-heal|p1a: Azumarill|35\/100|[from] item: Leftovers\n|-damage|p2a: Meowscarada|52\/100 tox|[from] psn\n|upkeep\n|turn|43\n|\n|t:|1700424091\n|switch|p2a: Quagsire|Quagsire, M, shiny|100\/100\n|-damage|p2a: Quagsire|88\/100|[from] Spikes\n|move|p1a: Azumarill|Protect||[still]\n|-fail|p1a: Azumarill\n|\n|-heal|p1a: Azumarill|41\/100|[from] item: Leftovers\n|-heal|p2a: Quagsire|94\/100|[from] item: Leftovers\n|upkeep\n|turn|44\n|\n|t:|1700424104\n|switch|p1a: Slowking|Slowking-Galar, F|100\/100\n|-damage|p1a: Slowking|88\/100|[from] Stealth Rock\n|move|p2a: Quagsire|Earthquake|p1a: Slowking\n|-supereffective|p1a: Slowking\n|-damage|p1a: Slowking|27\/100\n|\n|-heal|p2a: Quagsire|99\/100|[from] item: Leftovers\n|-heal|p1a: Slowking|33\/100|[from] item: Black Sludge\n|upkeep\n|turn|45\n|\n|t:|1700424125\n|switch|p1a: Gliscor|Gliscor, F|100\/100 tox\n|-damage|p1a: Gliscor|88\/100 tox|[from] Stealth Rock\n|move|p2a: Quagsire|Earthquake|p1a: Gliscor\n|-immune|p1a: Gliscor\n|\n|-heal|p2a: Quagsire|100\/100|[from] item: Leftovers\n|-heal|p1a: Gliscor|100\/100 tox|[from] ability: Poison Heal\n|upkeep\n|turn|46\n|\n|t:|1700424136\n|move|p1a: Gliscor|Spikes|p2a: Quagsire\n|-sidestart|p2: Ysgolhaig|Spikes\n|move|p2a: Quagsire|Encore|p1a: Gliscor\n|-start|p1a: Gliscor|Encore\n|\n|upkeep\n|turn|47\n|\n|t:|1700424154\n|switch|p2a: Meowscarada|Meowscarada, F, shiny|52\/100 tox\n|-damage|p2a: Meowscarada|36\/100 tox|[from] Spikes\n|move|p1a: Gliscor|Spikes|p2a: Meowscarada\n|-sidestart|p2: Ysgolhaig|Spikes\n|\n|-damage|p2a: Meowscarada|30\/100 tox|[from] psn\n|upkeep\n|turn|48\n|\n|t:|1700424171\n|switch|p1a: Blissey|Blissey, F|73\/100\n|-terastallize|p2a: Meowscarada|Dark\n|move|p2a: Meowscarada|Flower Trick|p1a: Blissey\n|-crit|p1a: Blissey\n|-damage|p1a: Blissey|27\/100\n|\n|-damage|p2a: Meowscarada|18\/100 tox|[from] psn\n|upkeep\n|turn|49\n|\n|t:|1700424180\n|move|p1a: Blissey|Protect|p1a: Blissey\n|-singleturn|p1a: Blissey|Protect\n|move|p2a: Meowscarada|Flower Trick|p1a: Blissey\n|-activate|p1a: Blissey|move: Protect\n|\n|-damage|p2a: Meowscarada|0 fnt|[from] psn\n|faint|p2a: Meowscarada\n|upkeep\n|\n|t:|1700424187\n|switch|p2a: Yanmega|Yanmega, M, shiny|92\/100 par\n|turn|50\n|\n|t:|1700424197\n|move|p2a: Yanmega|Bug Buzz|p1a: Blissey\n|-damage|p1a: Blissey|3\/100\n|move|p1a: Blissey|Soft-Boiled|p1a: Blissey\n|-heal|p1a: Blissey|53\/100\n|\n|upkeep\n|turn|51\n|\n|t:|1700424204\n|move|p2a: Yanmega|Bug Buzz|p1a: Blissey\n|-damage|p1a: Blissey|30\/100\n|move|p1a: Blissey|Soft-Boiled|p1a: Blissey\n|-heal|p1a: Blissey|80\/100\n|\n|upkeep\n|turn|52\n|\n|t:|1700424210\n|move|p2a: Yanmega|Bug Buzz|p1a: Blissey\n|-damage|p1a: Blissey|58\/100\n|move|p1a: Blissey|Blizzard|p2a: Yanmega\n|-supereffective|p2a: Yanmega\n|-damage|p2a: Yanmega|20\/100 par\n|\n|upkeep\n|turn|53\n|\n|t:|1700424217\n|move|p2a: Yanmega|Bug Buzz|p1a: Blissey\n|-damage|p1a: Blissey|35\/100\n|move|p1a: Blissey|Blizzard|p2a: Yanmega\n|-supereffective|p2a: Yanmega\n|-damage|p2a: Yanmega|0 fnt\n|faint|p2a: Yanmega\n|\n|upkeep\n|\n|t:|1700424223\n|switch|p2a: Basculegion|Basculegion-F, F|19\/100\n|-damage|p2a: Basculegion|0 fnt|[from] Spikes\n|faint|p2a: Basculegion\n|\n|t:|1700424227\n|switch|p2a: Quagsire|Quagsire, M, shiny|100\/100\n|-damage|p2a: Quagsire|76\/100|[from] Spikes\n|turn|54\n|\n|t:|1700424236\n|move|p1a: Blissey|Protect|p1a: Blissey\n|-singleturn|p1a: Blissey|Protect\n|move|p2a: Quagsire|Earthquake|p1a: Blissey\n|-activate|p1a: Blissey|move: Protect\n|\n|-heal|p2a: Quagsire|82\/100|[from] item: Leftovers\n|upkeep\n|turn|55\n|\n|t:|1700424250\n|switch|p1a: Gliscor|Gliscor, F|100\/100 tox\n|-damage|p1a: Gliscor|88\/100 tox|[from] Stealth Rock\n|move|p2a: Quagsire|Earthquake|p1a: Gliscor\n|-immune|p1a: Gliscor\n|\n|-heal|p2a: Quagsire|88\/100|[from] item: Leftovers\n|-heal|p1a: Gliscor|100\/100 tox|[from] ability: Poison Heal\n|upkeep\n|turn|56\n|\n|t:|1700424260\n|move|p1a: Gliscor|Toxic|p2a: Quagsire|[miss]\n|-miss|p1a: Gliscor|p2a: Quagsire\n|move|p2a: Quagsire|Stealth Rock||[still]\n|-fail|p2a: Quagsire\n|\n|-heal|p2a: Quagsire|94\/100|[from] item: Leftovers\n|upkeep\n|turn|57\n|\n|t:|1700424266\n|move|p1a: Gliscor|Toxic|p2a: Quagsire\n|-status|p2a: Quagsire|tox\n|move|p2a: Quagsire|Recover|p2a: Quagsire\n|-heal|p2a: Quagsire|100\/100 tox\n|\n|-damage|p2a: Quagsire|94\/100 tox|[from] psn\n|upkeep\n|turn|58\n|\n|t:|1700424273\n|move|p1a: Gliscor|Earthquake|p2a: Quagsire\n|-damage|p2a: Quagsire|73\/100 tox\n|move|p2a: Quagsire|Encore|p1a: Gliscor\n|-start|p1a: Gliscor|Encore\n|\n|-heal|p2a: Quagsire|79\/100 tox|[from] item: Leftovers\n|-damage|p2a: Quagsire|67\/100 tox|[from] psn\n|upkeep\n|turn|59\n|\n|t:|1700424281\n|move|p1a: Gliscor|Earthquake|p2a: Quagsire\n|-damage|p2a: Quagsire|45\/100 tox\n|move|p2a: Quagsire|Earthquake|p1a: Gliscor\n|-immune|p1a: Gliscor\n|\n|-heal|p2a: Quagsire|51\/100 tox|[from] item: Leftovers\n|-damage|p2a: Quagsire|32\/100 tox|[from] psn\n|upkeep\n|turn|60\n|\n|t:|1700424288\n|move|p1a: Gliscor|Earthquake|p2a: Quagsire\n|-damage|p2a: Quagsire|10\/100 tox\n|move|p2a: Quagsire|Earthquake|p1a: Gliscor\n|-immune|p1a: Gliscor\n|\n|-heal|p2a: Quagsire|16\/100 tox|[from] item: Leftovers\n|-damage|p2a: Quagsire|0 fnt|[from] psn\n|faint|p2a: Quagsire\n|\n|win|j_wald11\n|upkeep\n|l|\u2606Ysgolhaig\n","uploadtime":1700424303,"views":28,"p1id":"jwald11","p2id":"ysgolhaig","formatid":"gen9ubers","rating":0,"private":0,"password":""}