{"id":"gen9ubers-1996556464","p1":"Anne Frankkkk","p2":"GalarianBarbarian","format":"[Gen 9] Ubers","log":"|j|\u2606Anne Frankkkk\n|j|\u2606GalarianBarbarian\n|t:|1700693938\n|gametype|singles\n|player|p1|Anne Frankkkk|hilbert|1188\n|player|p2|GalarianBarbarian|169|1114\n|teamsize|p1|6\n|teamsize|p2|6\n|gen|9\n|tier|[Gen 9] Ubers\n|rated|\n|rule|Sleep Clause Mod: Limit one foe put to sleep\n|rule|Species Clause: Limit one of each Pok\u00e9mon\n|rule|OHKO Clause: OHKO moves are banned\n|rule|Evasion Items Clause: Evasion items are banned\n|rule|Evasion Moves Clause: Evasion moves are banned\n|rule|Endless Battle Clause: Forcing endless battles is banned\n|rule|HP Percentage Mod: HP is shown in percentages\n|clearpoke\n|poke|p1|Regieleki|\n|poke|p1|Kyogre|\n|poke|p1|Chien-Pao|\n|poke|p1|Ribombee, M|\n|poke|p1|Miraidon|\n|poke|p1|Flutter Mane|\n|poke|p2|Glimmora, F|\n|poke|p2|Volcarona, M|\n|poke|p2|Gardevoir, M|\n|poke|p2|Salamence, F|\n|poke|p2|Kingambit, F|\n|poke|p2|Gholdengo|\n|teampreview\n|inactive|Battle timer is ON: inactive players will automatically lose when time's up. (requested by GalarianBarbarian)\n|\n|t:|1700693955\n|start\n|switch|p1a: Moonblast|Ribombee, M, shiny|100\/100\n|switch|p2a: Salamence|Salamence, F|100\/100\n|turn|1\n|\n|t:|1700693960\n|switch|p2a: Gholdengo|Gholdengo|100\/100\n|move|p1a: Moonblast|Stun Spore|p2a: Gholdengo\n|-immune|p2a: Gholdengo|[from] ability: Good as Gold\n|\n|upkeep\n|turn|2\n|\n|t:|1700693966\n|move|p2a: Gholdengo|Shadow Ball|p1a: Moonblast\n|-damage|p1a: Moonblast|28\/100\n|move|p1a: Moonblast|Sticky Web|p2a: Gholdengo\n|-sidestart|p2: GalarianBarbarian|move: Sticky Web\n|\n|upkeep\n|turn|3\n|\n|t:|1700693973\n|move|p2a: Gholdengo|Shadow Ball|p1a: Moonblast\n|-crit|p1a: Moonblast\n|-damage|p1a: Moonblast|0 fnt\n|faint|p1a: Moonblast\n|\n|upkeep\n|\n|t:|1700693976\n|switch|p1a: Cyber Lizard|Miraidon|100\/100\n|-fieldstart|move: Electric Terrain|[from] ability: Hadron Engine|[of] p1a: Cyber Lizard\n|-item|p1a: Cyber Lizard|Air Balloon\n|turn|4\n|\n|t:|1700693992\n|switch|p2a: Glimmora|Glimmora, F|100\/100\n|-activate|p2a: Glimmora|move: Sticky Web\n|-unboost|p2a: Glimmora|spe|1\n|move|p1a: Cyber Lizard|Calm Mind|p1a: Cyber Lizard\n|-boost|p1a: Cyber Lizard|spa|1\n|-boost|p1a: Cyber Lizard|spd|1\n|\n|upkeep\n|turn|5\n|\n|t:|1700693997\n|move|p1a: Cyber Lizard|Calm Mind|p1a: Cyber Lizard\n|-boost|p1a: Cyber Lizard|spa|1\n|-boost|p1a: Cyber Lizard|spd|1\n|move|p2a: Glimmora|Mortal Spin|p1a: Cyber Lizard\n|-damage|p1a: Cyber Lizard|93\/100\n|-status|p1a: Cyber Lizard|psn\n|-enditem|p1a: Cyber Lizard|Air Balloon\n|-sideend|p2: GalarianBarbarian|Sticky Web|[from] move: Mortal Spin|[of] p2a: Glimmora\n|\n|-damage|p1a: Cyber Lizard|81\/100 psn|[from] psn\n|upkeep\n|turn|6\n|\n|t:|1700694007\n|move|p2a: Glimmora|Protect|p2a: Glimmora\n|-singleturn|p2a: Glimmora|Protect\n|move|p1a: Cyber Lizard|Electro Drift|p2a: Glimmora\n|-activate|p2a: Glimmora|move: Protect\n|\n|-damage|p1a: Cyber Lizard|69\/100 psn|[from] psn\n|upkeep\n|turn|7\n|\n|t:|1700694017\n|move|p1a: Cyber Lizard|Electro Drift|p2a: Glimmora\n|-damage|p2a: Glimmora|0 fnt\n|faint|p2a: Glimmora\n|\n|-damage|p1a: Cyber Lizard|57\/100 psn|[from] psn\n|upkeep\n|\n|t:|1700694022\n|switch|p2a: Gardevoir|Gardevoir, M|100\/100\n|-activate|p2a: Gardevoir|ability: Hadron Engine\n|-ability|p2a: Gardevoir|Hadron Engine|[from] ability: Trace|[of] p1a: Cyber Lizard\n|turn|8\n|\n|t:|1700694025\n|move|p1a: Cyber Lizard|Electro Drift|p2a: Gardevoir\n|-enditem|p2a: Gardevoir|Focus Sash\n|-damage|p2a: Gardevoir|1\/100\n|move|p2a: Gardevoir|Moonblast|p1a: Cyber Lizard\n|-supereffective|p1a: Cyber Lizard\n|-damage|p1a: Cyber Lizard|2\/100 psn\n|\n|-damage|p1a: Cyber Lizard|0 fnt|[from] psn\n|faint|p1a: Cyber Lizard\n|-fieldend|move: Electric Terrain\n|upkeep\n|\n|t:|1700694030\n|switch|p1a: Bzzzzt|Regieleki, shiny|100\/100\n|turn|9\n|\n|t:|1700694032\n|move|p1a: Bzzzzt|Thunderbolt|p2a: Gardevoir\n|-damage|p2a: Gardevoir|0 fnt\n|faint|p2a: Gardevoir\n|\n|upkeep\n|\n|t:|1700694034\n|switch|p2a: Salamence|Salamence, F|100\/100\n|turn|10\n|\n|t:|1700694037\n|-terastallize|p1a: Bzzzzt|Ice\n|move|p1a: Bzzzzt|Tera Blast|p2a: Salamence|[anim] Tera Blast Ice\n|-supereffective|p2a: Salamence\n|-damage|p2a: Salamence|0 fnt\n|faint|p2a: Salamence\n|\n|upkeep\n|-message|GalarianBarbarian forfeited.\n|\n|win|Anne Frankkkk\n|raw|Anne Frankkkk's rating: 1188 &rarr; <strong>1208<\/strong><br \/>(+20 for winning)\n|raw|GalarianBarbarian's rating: 1114 &rarr; <strong>1094<\/strong><br \/>(-20 for losing)\n|l|\u2606GalarianBarbarian\n","uploadtime":1700694045,"views":2,"p1id":"annefrankkkk","p2id":"galarianbarbarian","formatid":"gen9ubers","rating":1094,"private":0,"password":""}