{"id":"gen9ubers-1982883248","p1":"tbor2002","p2":"PyroGaleZX","format":"[Gen 9] Ubers","log":"|j|\u2606tbor2002\n|j|\u2606PyroGaleZX\n|t:|1699054620\n|gametype|singles\n|player|p1|tbor2002|wattson|\n|player|p2|PyroGaleZX|grusha|\n|teamsize|p1|6\n|teamsize|p2|6\n|gen|9\n|tier|[Gen 9] Ubers\n|rule|Sleep Clause Mod: Limit one foe put to sleep\n|rule|Species Clause: Limit one of each Pok\u00e9mon\n|rule|OHKO Clause: OHKO moves are banned\n|rule|Evasion Items Clause: Evasion items are banned\n|rule|Evasion Moves Clause: Evasion moves are banned\n|rule|Endless Battle Clause: Forcing endless battles is banned\n|rule|HP Percentage Mod: HP is shown in percentages\n|clearpoke\n|poke|p1|Walking Wake|\n|poke|p1|Muk-Alola, F|\n|poke|p1|Jolteon, F|\n|poke|p1|Toxicroak, F|\n|poke|p1|Falinks|\n|poke|p1|Glimmet, M|\n|poke|p2|Samurott-Hisui, F|\n|poke|p2|Enamorus-Therian, F|\n|poke|p2|Arcanine, F|\n|poke|p2|Umbreon, M|\n|poke|p2|Rabsca, F|\n|poke|p2|Pawmo, M|\n|teampreview\n|\n|t:|1699054635\n|start\n|switch|p1a: Glimmet|Glimmet, M|100\/100\n|switch|p2a: Enamorus|Enamorus-Therian, F|100\/100\n|turn|1\n|\n|t:|1699054645\n|-terastallize|p2a: Enamorus|Water\n|move|p1a: Glimmet|Power Gem|p2a: Enamorus\n|-damage|p2a: Enamorus|64\/100\n|move|p2a: Enamorus|Calm Mind|p2a: Enamorus\n|-boost|p2a: Enamorus|spa|1\n|-boost|p2a: Enamorus|spd|1\n|\n|upkeep\n|turn|2\n|\n|t:|1699054678\n|move|p1a: Glimmet|Stealth Rock|p2a: Enamorus\n|-sidestart|p2: PyroGaleZX|move: Stealth Rock\n|move|p2a: Enamorus|Calm Mind|p2a: Enamorus\n|-boost|p2a: Enamorus|spa|1\n|-boost|p2a: Enamorus|spd|1\n|\n|upkeep\n|turn|3\n|\n|t:|1699054687\n|move|p1a: Glimmet|Power Gem|p2a: Enamorus\n|-damage|p2a: Enamorus|45\/100\n|move|p2a: Enamorus|Calm Mind|p2a: Enamorus\n|-boost|p2a: Enamorus|spa|1\n|-boost|p2a: Enamorus|spd|1\n|\n|upkeep\n|turn|4\n|\n|t:|1699054706\n|move|p1a: Glimmet|Power Gem|p2a: Enamorus\n|-damage|p2a: Enamorus|31\/100\n|move|p2a: Enamorus|Draining Kiss|p1a: Glimmet\n|-resisted|p1a: Glimmet\n|-damage|p1a: Glimmet|45\/100\n|-heal|p2a: Enamorus|58\/100|[from] drain|[of] p1a: Glimmet\n|\n|upkeep\n|turn|5\n|\n|t:|1699054724\n|move|p1a: Glimmet|Sludge Bomb|p2a: Enamorus\n|-damage|p2a: Enamorus|42\/100\n|-status|p2a: Enamorus|psn\n|move|p2a: Enamorus|Calm Mind|p2a: Enamorus\n|-boost|p2a: Enamorus|spa|1\n|-boost|p2a: Enamorus|spd|1\n|\n|-damage|p2a: Enamorus|29\/100 psn|[from] psn\n|upkeep\n|turn|6\n|\n|t:|1699054733\n|move|p1a: Glimmet|Power Gem|p2a: Enamorus\n|-damage|p2a: Enamorus|18\/100 psn\n|move|p2a: Enamorus|Draining Kiss|p1a: Glimmet\n|-resisted|p1a: Glimmet\n|-damage|p1a: Glimmet|0 fnt\n|-heal|p2a: Enamorus|41\/100 psn|[from] drain|[of] p1a: Glimmet\n|faint|p1a: Glimmet\n|\n|-damage|p2a: Enamorus|29\/100 psn|[from] psn\n|upkeep\n|\n|t:|1699054751\n|switch|p1a: Jolteon|Jolteon, F|100\/100\n|turn|7\n|\n|t:|1699054757\n|move|p1a: Jolteon|Volt Switch|p2a: Enamorus\n|-supereffective|p2a: Enamorus\n|-damage|p2a: Enamorus|8\/100 psn\n|\n|t:|1699054776\n|switch|p1a: Muk|Muk-Alola, F|100\/100|[from] Volt Switch\n|move|p2a: Enamorus|Draining Kiss|p1a: Muk\n|-damage|p1a: Muk|76\/100\n|-heal|p2a: Enamorus|29\/100 psn|[from] drain|[of] p1a: Muk\n|\n|-damage|p2a: Enamorus|17\/100 psn|[from] psn\n|upkeep\n|turn|8\n|\n|t:|1699054808\n|move|p2a: Enamorus|Earth Power|p1a: Muk\n|-supereffective|p1a: Muk\n|-damage|p1a: Muk|5\/100\n|move|p1a: Muk|Knock Off|p2a: Enamorus\n|-damage|p2a: Enamorus|0 fnt\n|-enditem|p2a: Enamorus|Expert Belt|[from] move: Knock Off|[of] p1a: Muk\n|faint|p2a: Enamorus\n|\n|upkeep\n|\n|t:|1699054812\n|switch|p2a: Pawmo|Pawmo, M|100\/100\n|-damage|p2a: Pawmo|94\/100|[from] Stealth Rock\n|turn|9\n|\n|t:|1699054848\n|move|p2a: Pawmo|Volt Switch|p1a: Muk\n|-damage|p1a: Muk|0 fnt\n|faint|p1a: Muk\n|\n|t:|1699054874\n|switch|p2a: Rabsca|Rabsca, F|100\/100|[from] Volt Switch\n|-damage|p2a: Rabsca|76\/100|[from] Stealth Rock\n|\n|upkeep\n|\n|t:|1699054919\n|switch|p1a: Jolteon|Jolteon, F|100\/100\n|turn|10\n|\n|t:|1699054927\n|move|p1a: Jolteon|Thunderbolt|p2a: Rabsca\n|-damage|p2a: Rabsca|37\/100\n|move|p2a: Rabsca|Trick Room|p2a: Rabsca\n|-fieldstart|move: Trick Room|[of] p2a: Rabsca\n|\n|upkeep\n|turn|11\n|\n|t:|1699054939\n|move|p2a: Rabsca|Revival Blessing|p2a: Rabsca\n|\n|t:|1699054941\n|-heal|p2: Enamorus|50\/100|[from] move: Revival Blessing\n|move|p1a: Jolteon|Volt Switch|p2a: Rabsca\n|-damage|p2a: Rabsca|3\/100\n|\n|t:|1699054955\n|switch|p1a: Walking Wake|Walking Wake|100\/100|[from] Volt Switch\n|\n|upkeep\n|turn|12\n|\n|t:|1699054962\n|move|p2a: Rabsca|Bug Buzz|p1a: Walking Wake\n|-damage|p1a: Walking Wake|27\/100\n|-damage|p2a: Rabsca|0 fnt|[from] item: Life Orb\n|faint|p2a: Rabsca\n|move|p1a: Walking Wake|Hydro Steam|p2: Rabsca|[notarget]\n|-fail|p1a: Walking Wake\n|\n|upkeep\n|\n|t:|1699055007\n|switch|p2a: Arcanine|Arcanine, F|100\/100\n|-ability|p2a: Arcanine|Intimidate|boost\n|-unboost|p1a: Walking Wake|atk|1\n|turn|13\n|\n|t:|1699055014\n|move|p2a: Arcanine|Extreme Speed|p1a: Walking Wake\n|-damage|p1a: Walking Wake|0 fnt\n|faint|p1a: Walking Wake\n|-end|p1a: Walking Wake|Protosynthesis|[silent]\n|\n|upkeep\n|\n|t:|1699055051\n|switch|p1a: Falinks|Falinks|100\/100\n|turn|14\n|\n|t:|1699055114\n|-terastallize|p1a: Falinks|Ghost\n|move|p1a: Falinks|No Retreat|p1a: Falinks\n|-boost|p1a: Falinks|atk|1\n|-boost|p1a: Falinks|def|1\n|-boost|p1a: Falinks|spa|1\n|-boost|p1a: Falinks|spd|1\n|-boost|p1a: Falinks|spe|1\n|-start|p1a: Falinks|move: No Retreat\n|move|p2a: Arcanine|Roar|p1a: Falinks\n|drag|p1a: Jolteon|Jolteon, F|100\/100\n|\n|-fieldend|move: Trick Room\n|upkeep\n|turn|15\n|\n|t:|1699055179\n|move|p1a: Jolteon|Thunderbolt|p2a: Arcanine\n|-damage|p2a: Arcanine|50\/100\n|move|p2a: Arcanine|Flare Blitz|p1a: Jolteon\n|-damage|p1a: Jolteon|0 fnt\n|faint|p1a: Jolteon\n|-damage|p2a: Arcanine|22\/100|[from] Recoil\n|\n|upkeep\n|\n|t:|1699055191\n|switch|p1a: Falinks|Falinks, tera:Ghost|100\/100\n|turn|16\n|\n|t:|1699055206\n|move|p2a: Arcanine|Flare Blitz|p1a: Falinks\n|-damage|p1a: Falinks|28\/100\n|-damage|p2a: Arcanine|2\/100|[from] Recoil\n|move|p1a: Falinks|Close Combat|p2a: Arcanine\n|-damage|p2a: Arcanine|0 fnt\n|-unboost|p1a: Falinks|def|1\n|-unboost|p1a: Falinks|spd|1\n|faint|p2a: Arcanine\n|\n|upkeep\n|\n|t:|1699055212\n|switch|p2a: Samurott|Samurott-Hisui, F|100\/100\n|-damage|p2a: Samurott|88\/100|[from] Stealth Rock\n|turn|17\n|\n|t:|1699055220\n|move|p2a: Samurott|Ceaseless Edge|p1a: Falinks\n|-supereffective|p1a: Falinks\n|-damage|p1a: Falinks|0 fnt\n|-sidestart|p1: tbor2002|Spikes\n|faint|p1a: Falinks\n|\n|upkeep\n|\n|t:|1699055225\n|switch|p1a: Toxicroak|Toxicroak, F|100\/100\n|-damage|p1a: Toxicroak|88\/100|[from] Spikes\n|turn|18\n|\n|t:|1699055239\n|move|p1a: Toxicroak|Close Combat|p2a: Samurott\n|-supereffective|p2a: Samurott\n|-damage|p2a: Samurott|0 fnt\n|-unboost|p1a: Toxicroak|def|1\n|-unboost|p1a: Toxicroak|spd|1\n|faint|p2a: Samurott\n|-damage|p1a: Toxicroak|78\/100|[from] item: Life Orb\n|\n|upkeep\n|\n|t:|1699055243\n|switch|p2a: Pawmo|Pawmo, M|94\/100\n|-damage|p2a: Pawmo|88\/100|[from] Stealth Rock\n|turn|19\n|\n|t:|1699055267\n|move|p2a: Pawmo|Fake Out|p1a: Toxicroak\n|-damage|p1a: Toxicroak|62\/100\n|cant|p1a: Toxicroak|flinch\n|\n|upkeep\n|turn|20\n|j| HeirEhm\n|\n|t:|1699055279\n|move|p1a: Toxicroak|Swords Dance|p1a: Toxicroak\n|-boost|p1a: Toxicroak|atk|2\n|move|p2a: Pawmo|Wish|p2a: Pawmo\n|\n|upkeep\n|turn|21\n|\n|t:|1699055300\n|switch|p2a: Enamorus|Enamorus-Therian, F|50\/100\n|-damage|p2a: Enamorus|25\/100|[from] Stealth Rock\n|move|p1a: Toxicroak|Swords Dance|p1a: Toxicroak\n|-boost|p1a: Toxicroak|atk|2\n|\n|-heal|p2a: Enamorus|72\/100|[from] move: Wish|[wisher] Pawmo\n|upkeep\n|turn|22\n|\n|t:|1699055310\n|move|p1a: Toxicroak|Gunk Shot|p2a: Enamorus\n|-supereffective|p2a: Enamorus\n|-damage|p2a: Enamorus|0 fnt\n|faint|p2a: Enamorus\n|-damage|p1a: Toxicroak|52\/100|[from] item: Life Orb\n|\n|upkeep\n|\n|t:|1699055312\n|switch|p2a: Umbreon|Umbreon, M|100\/100\n|-damage|p2a: Umbreon|88\/100|[from] Stealth Rock\n|turn|23\n|\n|t:|1699055321\n|move|p1a: Toxicroak|Close Combat|p2a: Umbreon\n|-supereffective|p2a: Umbreon\n|-damage|p2a: Umbreon|0 fnt\n|-unboost|p1a: Toxicroak|def|1\n|-unboost|p1a: Toxicroak|spd|1\n|faint|p2a: Umbreon\n|-damage|p1a: Toxicroak|43\/100|[from] item: Life Orb\n|\n|upkeep\n|\n|t:|1699055322\n|switch|p2a: Pawmo|Pawmo, M|88\/100\n|-damage|p2a: Pawmo|82\/100|[from] Stealth Rock\n|turn|24\n|\n|t:|1699055351\n|move|p2a: Pawmo|Fake Out|p1a: Toxicroak\n|-damage|p1a: Toxicroak|19\/100\n|cant|p1a: Toxicroak|flinch\n|\n|upkeep\n|turn|25\n|\n|t:|1699055360\n|move|p1a: Toxicroak|Close Combat|p2a: Pawmo\n|-damage|p2a: Pawmo|0 fnt\n|-unboost|p1a: Toxicroak|def|1\n|-unboost|p1a: Toxicroak|spd|1\n|faint|p2a: Pawmo\n|-damage|p1a: Toxicroak|9\/100|[from] item: Life Orb\n|\n|win|tbor2002\n","uploadtime":1699055366,"views":6,"p1id":"tbor2002","p2id":"pyrogalezx","formatid":"gen9ubers","rating":0,"private":0,"password":""}