{"id":"gen9ubers-1976367933","p1":"Genestealer-harr","p2":"Nitro524","format":"[Gen 9] Ubers","log":"|j|\u2606Genestealer-harr\n|j|\u2606Nitro524\n|t:|1698292099\n|gametype|singles\n|player|p1|Genestealer-harr|170|\n|player|p2|Nitro524|170|\n|teamsize|p1|6\n|teamsize|p2|6\n|gen|9\n|tier|[Gen 9] Ubers\n|rule|Sleep Clause Mod: Limit one foe put to sleep\n|rule|Species Clause: Limit one of each Pok\u00e9mon\n|rule|OHKO Clause: OHKO moves are banned\n|rule|Evasion Items Clause: Evasion items are banned\n|rule|Evasion Moves Clause: Evasion moves are banned\n|rule|Endless Battle Clause: Forcing endless battles is banned\n|rule|HP Percentage Mod: HP is shown in percentages\n|clearpoke\n|poke|p1|Sneasler, M|\n|poke|p1|Breloom, F|\n|poke|p1|Goodra-Hisui, F|\n|poke|p1|Manaphy|\n|poke|p1|Gengar, F|\n|poke|p1|Arceus-Fire|\n|poke|p2|Torkoal, F|\n|poke|p2|Chi-Yu|\n|poke|p2|Cyclizar, F|\n|poke|p2|Magearna|\n|poke|p2|Roaring Moon|\n|poke|p2|Walking Wake|\n|teampreview\n|inactive|Battle timer is ON: inactive players will automatically lose when time's up. (requested by Genestealer-harr)\n|c|\u2606Genestealer-harr|gl hf\n|c|\u2606Nitro524|glhf!\n|\n|t:|1698292113\n|start\n|switch|p1a: Manaphy|Manaphy|100\/100\n|switch|p2a: Vroom|Cyclizar, F|100\/100\n|turn|1\n|\n|t:|1698292119\n|move|p2a: Vroom|Taunt|p1a: Manaphy\n|-start|p1a: Manaphy|move: Taunt\n|-enditem|p1a: Manaphy|Mental Herb\n|-end|p1a: Manaphy|move: Taunt\n|move|p1a: Manaphy|Tail Glow|p1a: Manaphy\n|-boost|p1a: Manaphy|spa|3\n|\n|upkeep\n|turn|2\n|\n|t:|1698292130\n|move|p1a: Manaphy|Dazzling Gleam|p2a: Vroom\n|-supereffective|p2a: Vroom\n|-damage|p2a: Vroom|0 fnt\n|faint|p2a: Vroom\n|\n|upkeep\n|\n|t:|1698292149\n|switch|p2a: Cecil|Torkoal, F|100\/100\n|-weather|SunnyDay|[from] ability: Drought|[of] p2a: Cecil\n|turn|3\n|\n|t:|1698292156\n|move|p1a: Manaphy|Scald|p2a: Cecil\n|-supereffective|p2a: Cecil\n|-damage|p2a: Cecil|0 fnt\n|faint|p2a: Cecil\n|\n|-weather|SunnyDay|[upkeep]\n|upkeep\n|\n|t:|1698292160\n|switch|p2a: Did Not Smile Back|Chi-Yu|100\/100\n|-ability|p2a: Did Not Smile Back|Beads of Ruin\n|turn|4\n|\n|t:|1698292167\n|-terastallize|p2a: Did Not Smile Back|Fire\n|move|p2a: Did Not Smile Back|Overheat|p1a: Manaphy\n|-resisted|p1a: Manaphy\n|-damage|p1a: Manaphy|0 fnt\n|-unboost|p2a: Did Not Smile Back|spa|2\n|faint|p1a: Manaphy\n|\n|-weather|SunnyDay|[upkeep]\n|upkeep\n|\n|t:|1698292173\n|switch|p1a: Breloom|Breloom, F|100\/100\n|turn|5\n|j| FrostyRandom02\n|\n|t:|1698292181\n|move|p1a: Breloom|Mach Punch|p2a: Did Not Smile Back\n|-crit|p2a: Did Not Smile Back\n|-damage|p2a: Did Not Smile Back|17\/100\n|move|p2a: Did Not Smile Back|Overheat|p1a: Breloom\n|-supereffective|p1a: Breloom\n|-enditem|p1a: Breloom|Focus Sash\n|-damage|p1a: Breloom|1\/100\n|-unboost|p2a: Did Not Smile Back|spa|2\n|\n|-weather|SunnyDay|[upkeep]\n|upkeep\n|turn|6\n|\n|t:|1698292203\n|switch|p2a: Bitch Bot 3000|Magearna|100\/100\n|move|p1a: Breloom|Mach Punch|p2a: Bitch Bot 3000\n|-damage|p2a: Bitch Bot 3000|79\/100\n|\n|-weather|SunnyDay|[upkeep]\n|-heal|p2a: Bitch Bot 3000|85\/100|[from] item: Leftovers\n|upkeep\n|turn|7\n|\n|t:|1698292208\n|move|p1a: Breloom|Spore|p2a: Bitch Bot 3000\n|-status|p2a: Bitch Bot 3000|slp|[from] move: Spore\n|cant|p2a: Bitch Bot 3000|slp\n|\n|-weather|SunnyDay|[upkeep]\n|-heal|p2a: Bitch Bot 3000|91\/100 slp|[from] item: Leftovers\n|upkeep\n|turn|8\n|\n|t:|1698292214\n|switch|p1a: Arceus|Arceus-Fire|100\/100\n|switch|p2a: Sitting Sleep|Walking Wake|100\/100\n|-activate|p2a: Sitting Sleep|ability: Protosynthesis\n|-start|p2a: Sitting Sleep|protosynthesisspe\n|\n|-weather|SunnyDay|[upkeep]\n|upkeep\n|turn|9\n|\n|t:|1698292221\n|switch|p1a: Breloom|Breloom, F|1\/100\n|move|p2a: Sitting Sleep|Hydro Steam|p1a: Breloom\n|-resisted|p1a: Breloom\n|-damage|p1a: Breloom|0 fnt\n|faint|p1a: Breloom\n|\n|-weather|SunnyDay|[upkeep]\n|upkeep\n|\n|t:|1698292226\n|switch|p1a: Sneasler|Sneasler, M|100\/100\n|turn|10\n|\n|t:|1698292243\n|-end|p2a: Sitting Sleep|Protosynthesis|[silent]\n|switch|p2a: Decorative Wings|Roaring Moon|100\/100\n|-activate|p2a: Decorative Wings|ability: Protosynthesis\n|-start|p2a: Decorative Wings|protosynthesisspe\n|move|p1a: Sneasler|Fake Out|p2a: Decorative Wings\n|-enditem|p1a: Sneasler|Normal Gem|[from] gem\n|-crit|p2a: Decorative Wings\n|-damage|p2a: Decorative Wings|63\/100\n|\n|-weather|none\n|-end|p2a: Decorative Wings|Protosynthesis\n|upkeep\n|-enditem|p2a: Decorative Wings|Booster Energy\n|-activate|p2a: Decorative Wings|ability: Protosynthesis|[fromitem]\n|-start|p2a: Decorative Wings|protosynthesisspe\n|turn|11\n|\n|t:|1698292255\n|move|p1a: Sneasler|Dire Claw|p2a: Decorative Wings\n|-damage|p2a: Decorative Wings|8\/100\n|-status|p2a: Decorative Wings|par\n|move|p2a: Decorative Wings|Earthquake|p1a: Sneasler\n|-supereffective|p1a: Sneasler\n|-damage|p1a: Sneasler|0 fnt\n|faint|p1a: Sneasler\n|\n|upkeep\n|\n|t:|1698292269\n|switch|p1a: Goodra|Goodra-Hisui, F|100\/100\n|turn|12\n|\n|t:|1698292281\n|-terastallize|p1a: Goodra|Flying\n|move|p2a: Decorative Wings|Earthquake|p1a: Goodra\n|-immune|p1a: Goodra\n|move|p1a: Goodra|Ice Beam|p2a: Decorative Wings\n|-supereffective|p2a: Decorative Wings\n|-damage|p2a: Decorative Wings|0 fnt\n|faint|p2a: Decorative Wings\n|-end|p2a: Decorative Wings|Protosynthesis|[silent]\n|\n|upkeep\n|\n|t:|1698292298\n|switch|p2a: Bitch Bot 3000|Magearna|91\/100 slp\n|turn|13\n|\n|t:|1698292305\n|-curestatus|p2a: Bitch Bot 3000|slp|[msg]\n|move|p2a: Bitch Bot 3000|Calm Mind|p2a: Bitch Bot 3000\n|-boost|p2a: Bitch Bot 3000|spa|1\n|-boost|p2a: Bitch Bot 3000|spd|1\n|move|p1a: Goodra|Fire Blast|p2a: Bitch Bot 3000\n|-supereffective|p2a: Bitch Bot 3000\n|-damage|p2a: Bitch Bot 3000|53\/100\n|\n|-heal|p2a: Bitch Bot 3000|59\/100|[from] item: Leftovers\n|upkeep\n|turn|14\n|\n|t:|1698292314\n|move|p2a: Bitch Bot 3000|Draining Kiss|p1a: Goodra\n|-damage|p1a: Goodra|83\/100\n|-heal|p2a: Bitch Bot 3000|70\/100|[from] drain|[of] p1a: Goodra\n|move|p1a: Goodra|Dragon Tail|p2a: Bitch Bot 3000\n|-immune|p2a: Bitch Bot 3000\n|\n|-heal|p2a: Bitch Bot 3000|76\/100|[from] item: Leftovers\n|upkeep\n|turn|15\n|\n|t:|1698292322\n|move|p2a: Bitch Bot 3000|Calm Mind|p2a: Bitch Bot 3000\n|-boost|p2a: Bitch Bot 3000|spa|1\n|-boost|p2a: Bitch Bot 3000|spd|1\n|move|p1a: Goodra|Fire Blast|p2a: Bitch Bot 3000\n|-supereffective|p2a: Bitch Bot 3000\n|-damage|p2a: Bitch Bot 3000|46\/100\n|\n|-heal|p2a: Bitch Bot 3000|52\/100|[from] item: Leftovers\n|upkeep\n|turn|16\n|\n|t:|1698292326\n|move|p2a: Bitch Bot 3000|Draining Kiss|p1a: Goodra\n|-damage|p1a: Goodra|61\/100\n|-heal|p2a: Bitch Bot 3000|66\/100|[from] drain|[of] p1a: Goodra\n|move|p1a: Goodra|Fire Blast|p2a: Bitch Bot 3000\n|-supereffective|p2a: Bitch Bot 3000\n|-damage|p2a: Bitch Bot 3000|38\/100\n|\n|-heal|p2a: Bitch Bot 3000|44\/100|[from] item: Leftovers\n|upkeep\n|turn|17\n|\n|t:|1698292329\n|move|p2a: Bitch Bot 3000|Draining Kiss|p1a: Goodra\n|-damage|p1a: Goodra|39\/100\n|-heal|p2a: Bitch Bot 3000|58\/100|[from] drain|[of] p1a: Goodra\n|move|p1a: Goodra|Fire Blast|p2a: Bitch Bot 3000\n|-supereffective|p2a: Bitch Bot 3000\n|-damage|p2a: Bitch Bot 3000|29\/100\n|\n|-heal|p2a: Bitch Bot 3000|35\/100|[from] item: Leftovers\n|upkeep\n|turn|18\n|\n|t:|1698292335\n|move|p2a: Bitch Bot 3000|Draining Kiss|p1a: Goodra\n|-damage|p1a: Goodra|18\/100\n|-heal|p2a: Bitch Bot 3000|49\/100|[from] drain|[of] p1a: Goodra\n|move|p1a: Goodra|Fire Blast|p2a: Bitch Bot 3000\n|-supereffective|p2a: Bitch Bot 3000\n|-damage|p2a: Bitch Bot 3000|21\/100\n|\n|-heal|p2a: Bitch Bot 3000|27\/100|[from] item: Leftovers\n|upkeep\n|turn|19\n|\n|t:|1698292338\n|move|p2a: Bitch Bot 3000|Draining Kiss|p1a: Goodra\n|-damage|p1a: Goodra|0 fnt\n|-heal|p2a: Bitch Bot 3000|38\/100|[from] drain|[of] p1a: Goodra\n|faint|p1a: Goodra\n|-ability|p2a: Bitch Bot 3000|Soul-Heart|boost\n|-boost|p2a: Bitch Bot 3000|spa|1\n|\n|-heal|p2a: Bitch Bot 3000|44\/100|[from] item: Leftovers\n|upkeep\n|\n|t:|1698292341\n|switch|p1a: Arceus|Arceus-Fire|100\/100\n|turn|20\n|\n|t:|1698292357\n|move|p1a: Arceus|Calm Mind|p1a: Arceus\n|-boost|p1a: Arceus|spa|1\n|-boost|p1a: Arceus|spd|1\n|move|p2a: Bitch Bot 3000|Stored Power|p1a: Arceus\n|-damage|p1a: Arceus|53\/100\n|\n|-heal|p2a: Bitch Bot 3000|50\/100|[from] item: Leftovers\n|upkeep\n|turn|21\n|\n|t:|1698292373\n|switch|p2a: Did Not Smile Back|Chi-Yu, tera:Fire|17\/100\n|-ability|p2a: Did Not Smile Back|Beads of Ruin\n|move|p1a: Arceus|Judgment|p2a: Did Not Smile Back\n|-resisted|p2a: Did Not Smile Back\n|-damage|p2a: Did Not Smile Back|0 fnt\n|faint|p2a: Did Not Smile Back\n|\n|upkeep\n|\n|t:|1698292376\n|switch|p2a: Sitting Sleep|Walking Wake|100\/100\n|turn|22\n|\n|t:|1698292381\n|move|p1a: Arceus|Earth Power|p2a: Sitting Sleep\n|-crit|p2a: Sitting Sleep\n|-damage|p2a: Sitting Sleep|25\/100\n|move|p2a: Sitting Sleep|Hydro Steam|p1a: Arceus\n|-supereffective|p1a: Arceus\n|-damage|p1a: Arceus|0 fnt\n|faint|p1a: Arceus\n|\n|upkeep\n|\n|t:|1698292386\n|switch|p1a: Gengar|Gengar, F|100\/100\n|turn|23\n|\n|t:|1698292390\n|move|p1a: Gengar|Dazzling Gleam|p2a: Sitting Sleep\n|-supereffective|p2a: Sitting Sleep\n|-damage|p2a: Sitting Sleep|0 fnt\n|faint|p2a: Sitting Sleep\n|-end|p2a: Sitting Sleep|Protosynthesis|[silent]\n|-damage|p1a: Gengar|91\/100|[from] item: Life Orb\n|\n|upkeep\n|\n|t:|1698292392\n|switch|p2a: Bitch Bot 3000|Magearna|50\/100\n|turn|24\n|\n|t:|1698292402\n|move|p1a: Gengar|Shadow Ball|p2a: Bitch Bot 3000\n|-damage|p2a: Bitch Bot 3000|3\/100\n|-damage|p1a: Gengar|81\/100|[from] item: Life Orb\n|move|p2a: Bitch Bot 3000|Draining Kiss|p1a: Gengar\n|-resisted|p1a: Gengar\n|-damage|p1a: Gengar|61\/100\n|-heal|p2a: Bitch Bot 3000|13\/100|[from] drain|[of] p1a: Gengar\n|\n|-heal|p2a: Bitch Bot 3000|19\/100|[from] item: Leftovers\n|upkeep\n|turn|25\n|\n|t:|1698292410\n|move|p1a: Gengar|Shadow Ball|p2a: Bitch Bot 3000\n|-damage|p2a: Bitch Bot 3000|0 fnt\n|faint|p2a: Bitch Bot 3000\n|-damage|p1a: Gengar|51\/100|[from] item: Life Orb\n|\n|win|Genestealer-harr\n|c|\u2606Nitro524|gg\n","uploadtime":1698292430,"views":13,"p1id":"genestealerharr","p2id":"nitro524","formatid":"gen9ubers","rating":0,"private":0,"password":""}