{"id":"gen9ubers-1993650717","p1":"mimolette7","p2":"KonoRyanDa","format":"[Gen 9] Ubers","log":"|j|\u2606mimolette7\n|j|\u2606KonoRyanDa\n|t:|1700341609\n|gametype|singles\n|player|p1|mimolette7|265|\n|player|p2|KonoRyanDa|swimmerf-gen4|\n|teamsize|p1|6\n|teamsize|p2|6\n|gen|9\n|tier|[Gen 9] Ubers\n|rule|Sleep Clause Mod: Limit one foe put to sleep\n|rule|Species Clause: Limit one of each Pok\u00e9mon\n|rule|OHKO Clause: OHKO moves are banned\n|rule|Evasion Items Clause: Evasion items are banned\n|rule|Evasion Moves Clause: Evasion moves are banned\n|rule|Endless Battle Clause: Forcing endless battles is banned\n|rule|HP Percentage Mod: HP is shown in percentages\n|clearpoke\n|poke|p1|Hippowdon, M|\n|poke|p1|Magearna|\n|poke|p1|Houndstone, M|\n|poke|p1|Amoonguss, M|\n|poke|p1|Garganacl, M|\n|poke|p1|Tornadus-Therian, M|\n|poke|p2|Zacian-*|\n|poke|p2|Blissey, F|\n|poke|p2|Dialga|\n|poke|p2|Arceus-Poison|\n|poke|p2|Cyclizar, F|\n|poke|p2|Palkia-Origin|\n|teampreview\n|inactive|Battle timer is ON: inactive players will automatically lose when time's up. (requested by mimolette7)\n|inactive|mimolette7 has 270 seconds left.\n|inactive|KonoRyanDa has 270 seconds left.\n|inactive|KonoRyanDa has 240 seconds left.\n|inactive|KonoRyanDa has 210 seconds left.\n|\n|t:|1700341717\n|start\n|switch|p1a: Magearna|Magearna|100\/100\n|switch|p2a: Cyclizar|Cyclizar, F|100\/100\n|turn|1\n|\n|t:|1700341729\n|move|p2a: Cyclizar|Shed Tail|p2a: Cyclizar\n|-start|p2a: Cyclizar|Substitute|[from] move: Shed Tail\n|-damage|p2a: Cyclizar|50\/100\n|\n|t:|1700341749\n|switch|p2a: Arceus|Arceus-Poison|100\/100|[from] Shed Tail\n|move|p1a: Magearna|Volt Switch|p2a: Arceus\n|-activate|p2a: Arceus|move: Substitute|[damage]\n|\n|t:|1700341770\n|switch|p1a: Garganacl|Garganacl, M|100\/100|[from] Volt Switch\n|\n|upkeep\n|turn|2\n|\n|t:|1700341779\n|move|p2a: Arceus|Cosmic Power|p2a: Arceus\n|-boost|p2a: Arceus|def|1\n|-boost|p2a: Arceus|spd|1\n|move|p1a: Garganacl|Earthquake|p2a: Arceus\n|-supereffective|p2a: Arceus\n|-end|p2a: Arceus|Substitute\n|\n|upkeep\n|turn|3\n|inactive|KonoRyanDa has 270 seconds left.\n|\n|t:|1700341790\n|move|p2a: Arceus|Cosmic Power|p2a: Arceus\n|-boost|p2a: Arceus|def|1\n|-boost|p2a: Arceus|spd|1\n|move|p1a: Garganacl|Salt Cure|p2a: Arceus\n|-damage|p2a: Arceus|96\/100\n|-start|p2a: Arceus|Salt Cure\n|\n|-damage|p2a: Arceus|84\/100|[from] Salt Cure\n|upkeep\n|turn|4\n|inactive|KonoRyanDa has 270 seconds left.\n|\n|t:|1700341811\n|switch|p1a: Amoonguss|Amoonguss, M|100\/100\n|move|p2a: Arceus|Cosmic Power|p2a: Arceus\n|-boost|p2a: Arceus|def|1\n|-boost|p2a: Arceus|spd|1\n|\n|-damage|p2a: Arceus|71\/100|[from] Salt Cure\n|upkeep\n|turn|5\n|\n|t:|1700341817\n|move|p2a: Arceus|Stored Power|p1a: Amoonguss\n|-supereffective|p1a: Amoonguss\n|-damage|p1a: Amoonguss|25\/100\n|move|p1a: Amoonguss|Clear Smog|p2a: Arceus\n|-resisted|p2a: Arceus\n|-damage|p2a: Arceus|69\/100\n|-clearboost|p2a: Arceus\n|\n|-damage|p2a: Arceus|57\/100|[from] Salt Cure\n|upkeep\n|turn|6\n|\n|t:|1700341830\n|switch|p1a: Garganacl|Garganacl, M|100\/100\n|move|p2a: Arceus|Recover|p2a: Arceus\n|-heal|p2a: Arceus|100\/100\n|\n|-damage|p2a: Arceus|88\/100|[from] Salt Cure\n|upkeep\n|turn|7\n|inactive|KonoRyanDa has 270 seconds left.\n|\n|t:|1700341858\n|move|p1a: Garganacl|Salt Cure|p2a: Arceus\n|-damage|p2a: Arceus|79\/100\n|move|p2a: Arceus|Dragon Tail|p1a: Garganacl\n|-damage|p1a: Garganacl|90\/100\n|drag|p1a: Amoonguss|Amoonguss, M|59\/100\n|\n|-damage|p2a: Arceus|67\/100|[from] Salt Cure\n|upkeep\n|turn|8\n|\n|t:|1700341875\n|switch|p2a: Blissey|Blissey, F|100\/100\n|move|p1a: Amoonguss|Foul Play|p2a: Blissey\n|-damage|p2a: Blissey|97\/100\n|\n|-heal|p2a: Blissey|100\/100|[from] item: Leftovers\n|upkeep\n|turn|9\n|inactive|KonoRyanDa has 270 seconds left.\n|\n|t:|1700341884\n|move|p2a: Blissey|Thunder Wave|p1a: Amoonguss\n|-status|p1a: Amoonguss|par\n|move|p1a: Amoonguss|Toxic|p2a: Blissey\n|-status|p2a: Blissey|tox\n|\n|-damage|p2a: Blissey|94\/100 tox|[from] psn\n|upkeep\n|turn|10\n|inactive|KonoRyanDa has 270 seconds left.\n|\n|t:|1700341895\n|-curestatus|p2a: Blissey|tox|[from] ability: Natural Cure\n|switch|p2a: Dialga|Dialga|100\/100\n|-ability|p2a: Dialga|Pressure\n|switch|p1a: Garganacl|Garganacl, M|90\/100\n|\n|upkeep\n|turn|11\n|inactive|KonoRyanDa has 270 seconds left.\n|\n|t:|1700341928\n|switch|p1a: Tornadus|Tornadus-Therian, M|100\/100\n|move|p2a: Dialga|Iron Head|p1a: Tornadus\n|-damage|p1a: Tornadus|62\/100\n|\n|upkeep\n|turn|12\n|\n|t:|1700341934\n|move|p1a: Tornadus|Knock Off|p2a: Dialga\n|-damage|p2a: Dialga|89\/100\n|-enditem|p2a: Dialga|Leftovers|[from] move: Knock Off|[of] p1a: Tornadus\n|move|p2a: Dialga|Stealth Rock|p1a: Tornadus\n|-sidestart|p1: mimolette7|move: Stealth Rock\n|\n|upkeep\n|turn|13\n|\n|t:|1700341944\n|move|p1a: Tornadus|U-turn|p2a: Dialga\n|-resisted|p2a: Dialga\n|-damage|p2a: Dialga|85\/100\n|\n|t:|1700341958\n|switch|p1a: Hippowdon|Hippowdon, M|100\/100|[from] U-turn\n|-weather|Sandstorm|[from] ability: Sand Stream|[of] p1a: Hippowdon\n|move|p2a: Dialga|Thunder Wave|p1a: Hippowdon\n|-immune|p1a: Hippowdon\n|\n|-weather|Sandstorm|[upkeep]\n|upkeep\n|turn|14\n|inactive|KonoRyanDa has 270 seconds left.\n|inactive|KonoRyanDa has 240 seconds left.\n|\n|t:|1700342013\n|switch|p2a: Arceus|Arceus-Poison|67\/100\n|move|p1a: Hippowdon|Stealth Rock|p2a: Arceus\n|-sidestart|p2: KonoRyanDa|move: Stealth Rock\n|\n|-weather|Sandstorm|[upkeep]\n|-damage|p2a: Arceus|61\/100|[from] Sandstorm\n|upkeep\n|turn|15\n|\n|t:|1700342028\n|move|p2a: Arceus|Recover|p2a: Arceus\n|-heal|p2a: Arceus|100\/100\n|move|p1a: Hippowdon|Earthquake|p2a: Arceus\n|-supereffective|p2a: Arceus\n|-damage|p2a: Arceus|52\/100\n|\n|-weather|Sandstorm|[upkeep]\n|-damage|p2a: Arceus|46\/100|[from] Sandstorm\n|upkeep\n|turn|16\n|\n|t:|1700342038\n|move|p1a: Hippowdon|Earthquake|p2a: Arceus\n|-supereffective|p2a: Arceus\n|-damage|p2a: Arceus|0 fnt\n|faint|p2a: Arceus\n|\n|-weather|Sandstorm|[upkeep]\n|upkeep\n|\n|t:|1700342048\n|switch|p2a: Palkia|Palkia-Origin|100\/100\n|-damage|p2a: Palkia|88\/100|[from] Stealth Rock\n|-ability|p2a: Palkia|Pressure\n|turn|17\n|inactive|mimolette7 has 270 seconds left.\n|\n|t:|1700342091\n|switch|p1a: Tornadus|Tornadus-Therian, M|95\/100\n|-damage|p1a: Tornadus|70\/100|[from] Stealth Rock\n|move|p2a: Palkia|Substitute|p2a: Palkia\n|-start|p2a: Palkia|Substitute\n|-damage|p2a: Palkia|63\/100\n|\n|-weather|none\n|upkeep\n|turn|18\n|inactive|KonoRyanDa has 240 seconds left.\n|\n|t:|1700342111\n|move|p1a: Tornadus|Bleakwind Storm|p2a: Palkia\n|-end|p2a: Palkia|Substitute\n|move|p2a: Palkia|Spacial Rend|p1a: Tornadus\n|-damage|p1a: Tornadus|23\/100\n|\n|upkeep\n|turn|19\n|\n|t:|1700342124\n|switch|p2a: Blissey|Blissey, F|94\/100\n|-damage|p2a: Blissey|82\/100|[from] Stealth Rock\n|move|p1a: Tornadus|U-turn|p2a: Blissey\n|-damage|p2a: Blissey|54\/100\n|inactive|mimolette7 has 270 seconds left.\n|inactive|mimolette7 has 240 seconds left.\n|\n|t:|1700342165\n|switch|p1a: Magearna|Magearna|100\/100|[from] U-turn\n|\n|-heal|p2a: Blissey|60\/100|[from] item: Leftovers\n|upkeep\n|turn|20\n|inactive|KonoRyanDa has 240 seconds left.\n|\n|t:|1700342176\n|move|p1a: Magearna|Spikes|p2a: Blissey\n|-sidestart|p2: KonoRyanDa|Spikes\n|move|p2a: Blissey|Thunder Wave|p1a: Magearna\n|-status|p1a: Magearna|par\n|\n|-heal|p2a: Blissey|66\/100|[from] item: Leftovers\n|upkeep\n|turn|21\n|inactive|KonoRyanDa has 240 seconds left.\n|inactive|mimolette7 has 240 seconds left.\n|\n|t:|1700342205\n|switch|p2a: Cyclizar|Cyclizar, F|84\/100\n|cant|p1a: Magearna|par\n|\n|upkeep\n|turn|22\n|\n|t:|1700342212\n|move|p2a: Cyclizar|Shed Tail|p2a: Cyclizar\n|-start|p2a: Cyclizar|Substitute|[from] move: Shed Tail\n|-damage|p2a: Cyclizar|33\/100\n|inactive|KonoRyanDa has 210 seconds left.\n|\n|t:|1700342242\n|switch|p2a: Zacian|Zacian|100\/100|[from] Shed Tail\n|-damage|p2a: Zacian|88\/100|[from] Stealth Rock\n|-damage|p2a: Zacian|76\/100|[from] Spikes\n|-ability|p2a: Zacian|Intrepid Sword|boost\n|-boost|p2a: Zacian|atk|1\n|cant|p1a: Magearna|par\n|\n|-heal|p2a: Zacian|82\/100|[from] item: Leftovers\n|upkeep\n|turn|23\n|\n|t:|1700342253\n|move|p2a: Zacian|Swords Dance|p2a: Zacian\n|-boost|p2a: Zacian|atk|2\n|move|p1a: Magearna|Fleur Cannon|p2a: Zacian\n|-end|p2a: Zacian|Substitute\n|-unboost|p1a: Magearna|spa|2\n|\n|-heal|p2a: Zacian|88\/100|[from] item: Leftovers\n|upkeep\n|turn|24\n|inactive|KonoRyanDa has 210 seconds left.\n|\n|t:|1700342260\n|move|p2a: Zacian|Substitute|p2a: Zacian\n|-start|p2a: Zacian|Substitute\n|-damage|p2a: Zacian|63\/100\n|move|p1a: Magearna|Encore|p2a: Zacian\n|-start|p2a: Zacian|Encore\n|\n|-heal|p2a: Zacian|69\/100|[from] item: Leftovers\n|upkeep\n|turn|25\n|inactive|mimolette7 has 270 seconds left.\n|\n|t:|1700342267\n|switch|p1a: Amoonguss|Amoonguss, M|92\/100 par\n|move|p2a: Zacian|Substitute|p2a: Zacian\n|-fail|p2a: Zacian|move: Substitute\n|\n|-heal|p2a: Zacian|76\/100|[from] item: Leftovers\n|upkeep\n|turn|26\n|\n|t:|1700342272\n|move|p2a: Zacian|Substitute|p2a: Zacian\n|-fail|p2a: Zacian|move: Substitute\n|cant|p1a: Amoonguss|par\n|\n|-heal|p2a: Zacian|82\/100|[from] item: Leftovers\n|upkeep\n|turn|27\n|\n|t:|1700342278\n|move|p2a: Zacian|Substitute|p2a: Zacian\n|-fail|p2a: Zacian|move: Substitute\n|move|p1a: Amoonguss|Clear Smog|p2a: Zacian\n|-supereffective|p2a: Zacian\n|-end|p2a: Zacian|Substitute\n|\n|-heal|p2a: Zacian|88\/100|[from] item: Leftovers\n|-end|p2a: Zacian|Encore\n|upkeep\n|turn|28\n|\n|t:|1700342290\n|-terastallize|p2a: Zacian|Ground\n|move|p2a: Zacian|Substitute|p2a: Zacian\n|-start|p2a: Zacian|Substitute\n|-damage|p2a: Zacian|63\/100\n|move|p1a: Amoonguss|Clear Smog|p2a: Zacian\n|-resisted|p2a: Zacian\n|-activate|p2a: Zacian|move: Substitute|[damage]\n|\n|-heal|p2a: Zacian|69\/100|[from] item: Leftovers\n|upkeep\n|turn|29\n|\n|t:|1700342297\n|move|p2a: Zacian|Tera Blast|p1a: Amoonguss|[anim] Tera Blast Ground\n|-damage|p1a: Amoonguss|24\/100 par\n|move|p1a: Amoonguss|Foul Play|p2a: Zacian\n|-crit|p2a: Zacian\n|-end|p2a: Zacian|Substitute\n|\n|-heal|p2a: Zacian|75\/100|[from] item: Leftovers\n|upkeep\n|turn|30\n|inactive|KonoRyanDa has 240 seconds left.\n|\n|t:|1700342316\n|move|p2a: Zacian|Substitute|p2a: Zacian\n|-start|p2a: Zacian|Substitute\n|-damage|p2a: Zacian|50\/100\n|move|p1a: Amoonguss|Foul Play|p2a: Zacian\n|-end|p2a: Zacian|Substitute\n|\n|-heal|p2a: Zacian|57\/100|[from] item: Leftovers\n|upkeep\n|turn|31\n|inactive|KonoRyanDa has 240 seconds left.\n|\n|t:|1700342322\n|move|p2a: Zacian|Substitute|p2a: Zacian\n|-start|p2a: Zacian|Substitute\n|-damage|p2a: Zacian|32\/100\n|move|p1a: Amoonguss|Foul Play|p2a: Zacian\n|-end|p2a: Zacian|Substitute\n|\n|-heal|p2a: Zacian|38\/100|[from] item: Leftovers\n|upkeep\n|turn|32\n|inactive|KonoRyanDa has 240 seconds left.\n|\n|t:|1700342335\n|move|p2a: Zacian|Substitute|p2a: Zacian\n|-start|p2a: Zacian|Substitute\n|-damage|p2a: Zacian|13\/100\n|move|p1a: Amoonguss|Foul Play|p2a: Zacian\n|-end|p2a: Zacian|Substitute\n|\n|-heal|p2a: Zacian|19\/100|[from] item: Leftovers\n|upkeep\n|turn|33\n|\n|t:|1700342353\n|move|p2a: Zacian|Tera Blast|p1a: Amoonguss|[anim] Tera Blast Ground\n|-damage|p1a: Amoonguss|0 fnt\n|faint|p1a: Amoonguss\n|\n|-heal|p2a: Zacian|25\/100|[from] item: Leftovers\n|upkeep\n|\n|t:|1700342369\n|switch|p1a: Hippowdon|Hippowdon, M|100\/100\n|-weather|Sandstorm|[from] ability: Sand Stream|[of] p1a: Hippowdon\n|turn|34\n|\n|t:|1700342380\n|move|p2a: Zacian|Play Rough|p1a: Hippowdon\n|-damage|p1a: Hippowdon|46\/100\n|move|p1a: Hippowdon|Earthquake|p2a: Zacian\n|-damage|p2a: Zacian|0 fnt\n|faint|p2a: Zacian\n|\n|-weather|Sandstorm|[upkeep]\n|upkeep\n|\n|t:|1700342389\n|switch|p2a: Palkia|Palkia-Origin|63\/100\n|-damage|p2a: Palkia|51\/100|[from] Stealth Rock\n|-damage|p2a: Palkia|38\/100|[from] Spikes\n|-ability|p2a: Palkia|Pressure\n|turn|35\n|\n|t:|1700342401\n|move|p2a: Palkia|Hydro Pump|p1a: Hippowdon\n|-supereffective|p1a: Hippowdon\n|-damage|p1a: Hippowdon|0 fnt\n|faint|p1a: Hippowdon\n|\n|-weather|Sandstorm|[upkeep]\n|-damage|p2a: Palkia|32\/100|[from] Sandstorm\n|upkeep\n|\n|t:|1700342404\n|switch|p1a: Houndstone|Houndstone, M|100\/100\n|turn|36\n|inactive|KonoRyanDa has 270 seconds left.\n|\n|t:|1700342424\n|switch|p2a: Cyclizar|Cyclizar, F|67\/100\n|move|p1a: Houndstone|Body Press|p2a: Cyclizar\n|-supereffective|p2a: Cyclizar\n|-damage|p2a: Cyclizar|17\/100\n|\n|-weather|Sandstorm|[upkeep]\n|-damage|p2a: Cyclizar|11\/100|[from] Sandstorm\n|upkeep\n|turn|37\n|\n|t:|1700342450\n|move|p1a: Houndstone|Body Press|p2a: Cyclizar\n|-supereffective|p2a: Cyclizar\n|-damage|p2a: Cyclizar|0 fnt\n|faint|p2a: Cyclizar\n|\n|-weather|Sandstorm|[upkeep]\n|upkeep\n|inactive|KonoRyanDa has 240 seconds left.\n|inactive|KonoRyanDa has 210 seconds left.\n|\n|t:|1700342501\n|switch|p2a: Blissey|Blissey, F|66\/100\n|-damage|p2a: Blissey|54\/100|[from] Stealth Rock\n|-damage|p2a: Blissey|41\/100|[from] Spikes\n|turn|38\n|\n|t:|1700342511\n|switch|p1a: Garganacl|Garganacl, M|90\/100\n|move|p2a: Blissey|Thunder Wave|p1a: Garganacl\n|-immune|p1a: Garganacl|[from] ability: Purifying Salt\n|\n|-weather|none\n|-heal|p2a: Blissey|47\/100|[from] item: Leftovers\n|upkeep\n|turn|39\n|inactive|KonoRyanDa has 210 seconds left.\n|\n|t:|1700342521\n|move|p2a: Blissey|Soft-Boiled|p2a: Blissey\n|-heal|p2a: Blissey|97\/100\n|move|p1a: Garganacl|Salt Cure|p2a: Blissey\n|-damage|p2a: Blissey|69\/100\n|-start|p2a: Blissey|Salt Cure\n|\n|-heal|p2a: Blissey|75\/100|[from] item: Leftovers\n|-damage|p2a: Blissey|63\/100|[from] Salt Cure\n|upkeep\n|turn|40\n|\n|t:|1700342530\n|move|p2a: Blissey|Seismic Toss|p1a: Garganacl\n|-damage|p1a: Garganacl|65\/100\n|move|p1a: Garganacl|Earthquake|p2a: Blissey\n|-damage|p2a: Blissey|18\/100\n|\n|-heal|p2a: Blissey|24\/100|[from] item: Leftovers\n|-damage|p2a: Blissey|11\/100|[from] Salt Cure\n|upkeep\n|turn|41\n|inactive|KonoRyanDa has 210 seconds left.\n|\n|t:|1700342547\n|switch|p1a: Houndstone|Houndstone, M|100\/100\n|move|p2a: Blissey|Seismic Toss|p1a: Houndstone\n|-immune|p1a: Houndstone\n|\n|-heal|p2a: Blissey|18\/100|[from] item: Leftovers\n|-damage|p2a: Blissey|5\/100|[from] Salt Cure\n|upkeep\n|turn|42\n|\n|t:|1700342553\n|move|p1a: Houndstone|Body Press|p2a: Blissey\n|-supereffective|p2a: Blissey\n|-damage|p2a: Blissey|0 fnt\n|faint|p2a: Blissey\n|\n|upkeep\n|inactive|KonoRyanDa has 210 seconds left.\n|\n|t:|1700342570\n|switch|p2a: Dialga|Dialga|85\/100\n|-damage|p2a: Dialga|78\/100|[from] Stealth Rock\n|-damage|p2a: Dialga|66\/100|[from] Spikes\n|-ability|p2a: Dialga|Pressure\n|turn|43\n|\n|t:|1700342576\n|move|p1a: Houndstone|Body Press|p2a: Dialga\n|-supereffective|p2a: Dialga\n|-damage|p2a: Dialga|47\/100\n|move|p2a: Dialga|Iron Head|p1a: Houndstone\n|-damage|p1a: Houndstone|59\/100\n|\n|upkeep\n|turn|44\n|\n|t:|1700342582\n|move|p1a: Houndstone|Body Press|p2a: Dialga\n|-supereffective|p2a: Dialga\n|-damage|p2a: Dialga|27\/100\n|move|p2a: Dialga|Iron Head|p1a: Houndstone\n|-damage|p1a: Houndstone|22\/100\n|\n|upkeep\n|turn|45\n|\n|t:|1700342587\n|move|p1a: Houndstone|Body Press|p2a: Dialga\n|-supereffective|p2a: Dialga\n|-damage|p2a: Dialga|7\/100\n|move|p2a: Dialga|Iron Head|p1a: Houndstone\n|-damage|p1a: Houndstone|0 fnt\n|faint|p1a: Houndstone\n|\n|upkeep\n|\n|t:|1700342598\n|switch|p1a: Tornadus|Tornadus-Therian, M|56\/100\n|-damage|p1a: Tornadus|31\/100|[from] Stealth Rock\n|turn|46\n|\n|t:|1700342603\n|move|p1a: Tornadus|Knock Off|p2a: Dialga\n|-damage|p2a: Dialga|0 fnt\n|faint|p2a: Dialga\n|\n|upkeep\n|\n|t:|1700342605\n|switch|p2a: Palkia|Palkia-Origin|32\/100\n|-damage|p2a: Palkia|20\/100|[from] Stealth Rock\n|-damage|p2a: Palkia|7\/100|[from] Spikes\n|-ability|p2a: Palkia|Pressure\n|turn|47\n|\n|t:|1700342609\n|move|p1a: Tornadus|Knock Off|p2a: Palkia\n|-damage|p2a: Palkia|0 fnt\n|faint|p2a: Palkia\n|\n|win|mimolette7\n|c|\u2606mimolette7|gg\n|c|\u2606KonoRyanDa|ggs\n","uploadtime":1700342682,"views":30,"p1id":"mimolette7","p2id":"konoryanda","formatid":"gen9ubers","rating":0,"private":0,"password":""}