{"id":"gen9ubers-1995558615","p1":"Shellder Koopa","p2":"Darmanc","format":"[Gen 9] Ubers","log":"|j|\u2606Shellder Koopa\n|j|\u2606Darmanc\n|t:|1700582776\n|gametype|singles\n|player|p1|Shellder Koopa|red|1124\n|player|p2|Darmanc|hugh|1034\n|teamsize|p1|6\n|teamsize|p2|6\n|gen|9\n|tier|[Gen 9] Ubers\n|rated|\n|rule|Sleep Clause Mod: Limit one foe put to sleep\n|rule|Species Clause: Limit one of each Pok\u00e9mon\n|rule|OHKO Clause: OHKO moves are banned\n|rule|Evasion Items Clause: Evasion items are banned\n|rule|Evasion Moves Clause: Evasion moves are banned\n|rule|Endless Battle Clause: Forcing endless battles is banned\n|rule|HP Percentage Mod: HP is shown in percentages\n|clearpoke\n|poke|p1|Arceus|\n|poke|p1|Gliscor, M|\n|poke|p1|Kyogre|\n|poke|p1|Iron Treads|\n|poke|p1|Zacian-*|\n|poke|p1|Skeledirge, M|\n|poke|p2|Ceruledge, F|\n|poke|p2|Zacian-*|\n|poke|p2|Miraidon|\n|poke|p2|Greninja-*, M|\n|poke|p2|Muk-Alola, M|\n|poke|p2|Hoopa-Unbound|\n|teampreview\n|inactive|Battle timer is ON: inactive players will automatically lose when time's up. (requested by Darmanc)\n|\n|t:|1700582786\n|start\n|switch|p1a: Gliscor|Gliscor, M|100\/100\n|switch|p2a: Miraidon|Miraidon|100\/100\n|-fieldstart|move: Electric Terrain|[from] ability: Hadron Engine|[of] p2a: Miraidon\n|-enditem|p2a: Miraidon|Electric Seed\n|-boost|p2a: Miraidon|def|1|[from] item: Electric Seed\n|turn|1\n|\n|t:|1700582794\n|-terastallize|p2a: Miraidon|Fairy\n|move|p2a: Miraidon|Calm Mind|p2a: Miraidon\n|-boost|p2a: Miraidon|spa|1\n|-boost|p2a: Miraidon|spd|1\n|move|p1a: Gliscor|Toxic|p2a: Miraidon\n|-status|p2a: Miraidon|tox\n|\n|-damage|p2a: Miraidon|94\/100 tox|[from] psn\n|-status|p1a: Gliscor|tox|[from] item: Toxic Orb\n|upkeep\n|turn|2\n|\n|t:|1700582810\n|move|p2a: Miraidon|Calm Mind|p2a: Miraidon\n|-boost|p2a: Miraidon|spa|1\n|-boost|p2a: Miraidon|spd|1\n|move|p1a: Gliscor|Earthquake|p2a: Miraidon\n|-damage|p2a: Miraidon|76\/100 tox\n|\n|-damage|p2a: Miraidon|64\/100 tox|[from] psn\n|upkeep\n|turn|3\n|\n|t:|1700582818\n|switch|p1a: Iron Treads|Iron Treads|100\/100\n|-activate|p1a: Iron Treads|ability: Quark Drive\n|-start|p1a: Iron Treads|quarkdrivespe\n|move|p2a: Miraidon|Dragon Pulse|p1a: Iron Treads\n|-resisted|p1a: Iron Treads\n|-damage|p1a: Iron Treads|27\/100\n|\n|-heal|p1a: Iron Treads|33\/100|[from] item: Leftovers\n|-damage|p2a: Miraidon|45\/100 tox|[from] psn\n|upkeep\n|turn|4\n|j| pox06\n|\n|t:|1700582829\n|move|p1a: Iron Treads|Iron Head|p2a: Miraidon\n|-supereffective|p2a: Miraidon\n|-crit|p2a: Miraidon\n|-damage|p2a: Miraidon|0 fnt\n|faint|p2a: Miraidon\n|\n|-heal|p1a: Iron Treads|39\/100|[from] item: Leftovers\n|upkeep\n|\n|t:|1700582837\n|switch|p2a: Muk|Muk-Alola, M|100\/100\n|turn|5\n|\n|t:|1700582843\n|move|p1a: Iron Treads|Earthquake|p2a: Muk\n|-supereffective|p2a: Muk\n|-damage|p2a: Muk|6\/100\n|-enditem|p2a: Muk|Aguav Berry|[eat]\n|-heal|p2a: Muk|39\/100|[from] item: Aguav Berry\n|move|p2a: Muk|Flamethrower|p1a: Iron Treads\n|-supereffective|p1a: Iron Treads\n|-damage|p1a: Iron Treads|0 fnt\n|faint|p1a: Iron Treads\n|-end|p1a: Iron Treads|Quark Drive|[silent]\n|\n|-fieldend|move: Electric Terrain\n|upkeep\n|\n|t:|1700582852\n|switch|p1a: Gliscor|Gliscor, M|100\/100 tox\n|turn|6\n|\n|t:|1700582859\n|move|p1a: Gliscor|Earthquake|p2a: Muk\n|-supereffective|p2a: Muk\n|-damage|p2a: Muk|0 fnt\n|faint|p2a: Muk\n|\n|upkeep\n|\n|t:|1700582865\n|switch|p2a: Greninja|Greninja, M|100\/100\n|turn|7\n|\n|t:|1700582868\n|move|p1a: Gliscor|Protect|p1a: Gliscor\n|-singleturn|p1a: Gliscor|Protect\n|move|p2a: Greninja|Water Shuriken|p1a: Gliscor\n|-activate|p1a: Gliscor|move: Protect\n|\n|upkeep\n|turn|8\n|\n|t:|1700582882\n|-terastallize|p1a: Gliscor|Water\n|move|p2a: Greninja|Water Shuriken|p1a: Gliscor\n|-resisted|p1a: Gliscor\n|-damage|p1a: Gliscor|98\/100 tox\n|-resisted|p1a: Gliscor\n|-damage|p1a: Gliscor|96\/100 tox\n|-resisted|p1a: Gliscor\n|-damage|p1a: Gliscor|93\/100 tox\n|-hitcount|p1a: Gliscor|3\n|move|p1a: Gliscor|Toxic|p2a: Greninja\n|-status|p2a: Greninja|tox\n|\n|-damage|p2a: Greninja|94\/100 tox|[from] psn\n|-heal|p1a: Gliscor|100\/100 tox|[from] ability: Poison Heal\n|upkeep\n|turn|9\n|\n|t:|1700582895\n|move|p2a: Greninja|Aerial Ace|p1a: Gliscor\n|-damage|p1a: Gliscor|86\/100 tox\n|move|p1a: Gliscor|Spikes|p2a: Greninja\n|-sidestart|p2: Darmanc|Spikes\n|\n|-damage|p2a: Greninja|82\/100 tox|[from] psn\n|-heal|p1a: Gliscor|99\/100 tox|[from] ability: Poison Heal\n|upkeep\n|turn|10\n|\n|t:|1700582904\n|move|p2a: Greninja|Dark Pulse|p1a: Gliscor\n|-damage|p1a: Gliscor|75\/100 tox\n|move|p1a: Gliscor|Spikes|p2a: Greninja\n|-sidestart|p2: Darmanc|Spikes\n|\n|-damage|p2a: Greninja|64\/100 tox|[from] psn\n|-heal|p1a: Gliscor|87\/100 tox|[from] ability: Poison Heal\n|upkeep\n|turn|11\n|\n|t:|1700582912\n|move|p2a: Greninja|Dark Pulse|p1a: Gliscor\n|-damage|p1a: Gliscor|61\/100 tox\n|move|p1a: Gliscor|Spikes|p2a: Greninja\n|-sidestart|p2: Darmanc|Spikes\n|\n|-damage|p2a: Greninja|40\/100 tox|[from] psn\n|-heal|p1a: Gliscor|74\/100 tox|[from] ability: Poison Heal\n|upkeep\n|turn|12\n|\n|t:|1700582920\n|move|p1a: Gliscor|Protect|p1a: Gliscor\n|-singleturn|p1a: Gliscor|Protect\n|move|p2a: Greninja|Dark Pulse|p1a: Gliscor\n|-activate|p1a: Gliscor|move: Protect\n|\n|-damage|p2a: Greninja|10\/100 tox|[from] psn\n|-heal|p1a: Gliscor|86\/100 tox|[from] ability: Poison Heal\n|upkeep\n|-enditem|p2a: Greninja|Aguav Berry|[eat]\n|-heal|p2a: Greninja|43\/100 tox|[from] item: Aguav Berry\n|turn|13\n|\n|t:|1700582932\n|move|p2a: Greninja|Dark Pulse|p1a: Gliscor\n|-damage|p1a: Gliscor|64\/100 tox\n|move|p1a: Gliscor|Earthquake|p2a: Greninja\n|-damage|p2a: Greninja|0 fnt\n|faint|p2a: Greninja\n|\n|-heal|p1a: Gliscor|76\/100 tox|[from] ability: Poison Heal\n|upkeep\n|\n|t:|1700582937\n|switch|p2a: Hoopa|Hoopa-Unbound|100\/100\n|-damage|p2a: Hoopa|76\/100|[from] Spikes\n|turn|14\n|\n|t:|1700582945\n|move|p1a: Gliscor|Toxic|p2a: Hoopa\n|-status|p2a: Hoopa|tox\n|move|p2a: Hoopa|Hyperspace Fury|p1a: Gliscor\n|-damage|p1a: Gliscor|32\/100 tox\n|-unboost|p2a: Hoopa|def|1\n|\n|-heal|p1a: Gliscor|45\/100 tox|[from] ability: Poison Heal\n|-damage|p2a: Hoopa|70\/100 tox|[from] psn\n|upkeep\n|turn|15\n|\n|t:|1700582955\n|move|p1a: Gliscor|Protect|p1a: Gliscor\n|-singleturn|p1a: Gliscor|Protect\n|move|p2a: Hoopa|Knock Off|p1a: Gliscor\n|-activate|p1a: Gliscor|move: Protect\n|\n|-heal|p1a: Gliscor|57\/100 tox|[from] ability: Poison Heal\n|-damage|p2a: Hoopa|58\/100 tox|[from] psn\n|upkeep\n|turn|16\n|\n|t:|1700582965\n|move|p1a: Gliscor|Earthquake|p2a: Hoopa\n|-damage|p2a: Hoopa|0 fnt\n|faint|p2a: Hoopa\n|\n|-heal|p1a: Gliscor|69\/100 tox|[from] ability: Poison Heal\n|upkeep\n|\n|t:|1700582969\n|switch|p2a: Zacian|Zacian-Crowned|100\/100\n|-damage|p2a: Zacian|76\/100|[from] Spikes\n|-ability|p2a: Zacian|Intrepid Sword|boost\n|-boost|p2a: Zacian|atk|1\n|turn|17\n|\n|t:|1700582975\n|move|p2a: Zacian|Behemoth Blade|p1a: Gliscor\n|-resisted|p1a: Gliscor\n|-damage|p1a: Gliscor|38\/100 tox\n|move|p1a: Gliscor|Earthquake|p2a: Zacian\n|-supereffective|p2a: Zacian\n|-damage|p2a: Zacian|28\/100\n|\n|-heal|p1a: Gliscor|50\/100 tox|[from] ability: Poison Heal\n|upkeep\n|turn|18\n|\n|t:|1700582992\n|move|p1a: Gliscor|Protect|p1a: Gliscor\n|-singleturn|p1a: Gliscor|Protect\n|move|p2a: Zacian|Sacred Sword|p1a: Gliscor\n|-activate|p1a: Gliscor|move: Protect\n|\n|-heal|p1a: Gliscor|63\/100 tox|[from] ability: Poison Heal\n|upkeep\n|turn|19\n|\n|t:|1700583000\n|move|p2a: Zacian|Sacred Sword|p1a: Gliscor\n|-damage|p1a: Gliscor|25\/100 tox\n|move|p1a: Gliscor|Earthquake|p2a: Zacian\n|-supereffective|p2a: Zacian\n|-damage|p2a: Zacian|0 fnt\n|faint|p2a: Zacian\n|\n|-heal|p1a: Gliscor|37\/100 tox|[from] ability: Poison Heal\n|upkeep\n|\n|t:|1700583009\n|switch|p2a: Ceruledge|Ceruledge, F|100\/100\n|-damage|p2a: Ceruledge|76\/100|[from] Spikes\n|turn|20\n|\n|t:|1700583014\n|move|p1a: Gliscor|Protect|p1a: Gliscor\n|-singleturn|p1a: Gliscor|Protect\n|move|p2a: Ceruledge|Dragon Claw|p1a: Gliscor\n|-activate|p1a: Gliscor|move: Protect\n|\n|-heal|p1a: Gliscor|50\/100 tox|[from] ability: Poison Heal\n|upkeep\n|turn|21\n|\n|t:|1700583022\n|move|p1a: Gliscor|Toxic|p2a: Ceruledge\n|-status|p2a: Ceruledge|tox\n|move|p2a: Ceruledge|Dragon Claw|p1a: Gliscor\n|-damage|p1a: Gliscor|29\/100 tox\n|\n|-heal|p1a: Gliscor|42\/100 tox|[from] ability: Poison Heal\n|-damage|p2a: Ceruledge|69\/100 tox|[from] psn\n|upkeep\n|turn|22\n|\n|t:|1700583030\n|move|p1a: Gliscor|Protect|p1a: Gliscor\n|-singleturn|p1a: Gliscor|Protect\n|move|p2a: Ceruledge|Poltergeist|p1a: Gliscor\n|-activate|p1a: Gliscor|move: Protect\n|\n|-heal|p1a: Gliscor|54\/100 tox|[from] ability: Poison Heal\n|-damage|p2a: Ceruledge|57\/100 tox|[from] psn\n|upkeep\n|turn|23\n|\n|t:|1700583040\n|move|p1a: Gliscor|Earthquake|p2a: Ceruledge\n|-supereffective|p2a: Ceruledge\n|-damage|p2a: Ceruledge|0 fnt\n|faint|p2a: Ceruledge\n|\n|win|Shellder Koopa\n|raw|Shellder Koopa's rating: 1124 &rarr; <strong>1143<\/strong><br \/>(+19 for winning)\n|raw|Darmanc's rating: 1034 &rarr; <strong>1023<\/strong><br \/>(-11 for losing)\n|l|\u2606Darmanc\n","uploadtime":1700583053,"views":3,"p1id":"shellderkoopa","p2id":"darmanc","formatid":"gen9ubers","rating":1023,"private":0,"password":""}