{"id":"gen9ubers-1972023798","p1":"Kabunger","p2":"MeteorAsh15","format":"[Gen 9] Ubers","log":"|j|\u2606Kabunger\n|j|\u2606MeteorAsh15\n|t:|1697805917\n|gametype|singles\n|player|p1|Kabunger|hilda-wonderlauncher|1093\n|player|p2|MeteorAsh15|nate|1184\n|teamsize|p1|6\n|teamsize|p2|6\n|gen|9\n|tier|[Gen 9] Ubers\n|rated|\n|rule|Sleep Clause Mod: Limit one foe put to sleep\n|rule|Species Clause: Limit one of each Pok\u00e9mon\n|rule|OHKO Clause: OHKO moves are banned\n|rule|Evasion Items Clause: Evasion items are banned\n|rule|Evasion Moves Clause: Evasion moves are banned\n|rule|Endless Battle Clause: Forcing endless battles is banned\n|rule|HP Percentage Mod: HP is shown in percentages\n|clearpoke\n|poke|p1|Azumarill, M|\n|poke|p1|Arceus-Poison|\n|poke|p1|Gliscor, M|\n|poke|p1|Magearna|\n|poke|p1|Mewtwo|\n|poke|p1|Giratina|\n|poke|p2|Baxcalibur, F|\n|poke|p2|Ninetales-Alola, F|\n|poke|p2|Koraidon|\n|poke|p2|Zacian-*|\n|poke|p2|Tornadus, M|\n|poke|p2|Ribombee, F|\n|teampreview\n|inactive|Battle timer is ON: inactive players will automatically lose when time's up. (requested by MeteorAsh15)\n|\n|t:|1697805926\n|start\n|switch|p1a: Mewtwo|Mewtwo|100\/100\n|switch|p2a: Ribombee|Ribombee, F, shiny|100\/100\n|-ability|p1a: Mewtwo|Pressure\n|turn|1\n|\n|t:|1697805933\n|move|p1a: Mewtwo|Taunt|p2a: Ribombee\n|-start|p2a: Ribombee|move: Taunt\n|cant|p2a: Ribombee|move: Taunt|Sticky Web\n|\n|upkeep\n|turn|2\n|\n|t:|1697805943\n|switch|p2a: Zacian|Zacian-Crowned, shiny|100\/100\n|-ability|p2a: Zacian|Intrepid Sword|boost\n|-boost|p2a: Zacian|atk|1\n|move|p1a: Mewtwo|Psystrike|p2a: Zacian\n|-resisted|p2a: Zacian\n|-damage|p2a: Zacian|77\/100\n|\n|upkeep\n|turn|3\n|\n|t:|1697805951\n|-terastallize|p1a: Mewtwo|Poison\n|move|p2a: Zacian|Behemoth Blade|p1a: Mewtwo\n|-damage|p1a: Mewtwo|24\/100\n|move|p1a: Mewtwo|Will-O-Wisp|p2a: Zacian|[miss]\n|-miss|p1a: Mewtwo|p2a: Zacian\n|\n|-heal|p1a: Mewtwo|30\/100|[from] item: Leftovers\n|upkeep\n|turn|4\n|\n|t:|1697805962\n|switch|p1a: Gliscor|Gliscor, M|100\/100\n|move|p2a: Zacian|Behemoth Blade|p1a: Gliscor\n|-damage|p1a: Gliscor|48\/100\n|\n|-status|p1a: Gliscor|tox|[from] item: Toxic Orb\n|upkeep\n|turn|5\n|\n|t:|1697805972\n|move|p1a: Gliscor|Protect|p1a: Gliscor\n|-singleturn|p1a: Gliscor|Protect\n|move|p2a: Zacian|Play Rough|p1a: Gliscor\n|-activate|p1a: Gliscor|move: Protect\n|\n|-heal|p1a: Gliscor|61\/100 tox|[from] ability: Poison Heal\n|upkeep\n|turn|6\n|\n|t:|1697805981\n|move|p2a: Zacian|Play Rough|p1a: Gliscor\n|-damage|p1a: Gliscor|10\/100 tox\n|move|p1a: Gliscor|Earthquake|p2a: Zacian\n|-supereffective|p2a: Zacian\n|-damage|p2a: Zacian|19\/100\n|\n|-heal|p1a: Gliscor|22\/100 tox|[from] ability: Poison Heal\n|upkeep\n|turn|7\n|\n|t:|1697805992\n|switch|p1a: Mewtwo|Mewtwo, tera:Poison|30\/100\n|-ability|p1a: Mewtwo|Pressure\n|move|p2a: Zacian|Crunch|p1a: Mewtwo\n|-crit|p1a: Mewtwo\n|-damage|p1a: Mewtwo|0 fnt\n|faint|p1a: Mewtwo\n|\n|upkeep\n|\n|t:|1697805994\n|switch|p1a: Azumarill|Azumarill, M|100\/100\n|turn|8\n|\n|t:|1697806007\n|move|p1a: Azumarill|Aqua Jet|p2a: Zacian\n|-damage|p2a: Zacian|0 fnt\n|faint|p2a: Zacian\n|\n|upkeep\n|\n|t:|1697806013\n|switch|p2a: Ribombee|Ribombee, F, shiny|100\/100\n|turn|9\n|\n|t:|1697806017\n|move|p2a: Ribombee|Sticky Web|p1a: Azumarill\n|-sidestart|p1: Kabunger|move: Sticky Web\n|move|p1a: Azumarill|Liquidation|p2a: Ribombee\n|-enditem|p2a: Ribombee|Focus Sash\n|-damage|p2a: Ribombee|1\/100\n|\n|upkeep\n|turn|10\n|\n|t:|1697806025\n|move|p1a: Azumarill|Aqua Jet|p2a: Ribombee\n|-damage|p2a: Ribombee|0 fnt\n|faint|p2a: Ribombee\n|\n|upkeep\n|\n|t:|1697806033\n|switch|p2a: Koraidon|Koraidon|100\/100\n|-weather|SunnyDay|[from] ability: Orichalcum Pulse|[of] p2a: Koraidon\n|-activate|p2a: Koraidon|Orichalcum Pulse|[source]\n|turn|11\n|\n|t:|1697806038\n|move|p2a: Koraidon|Collision Course|p1a: Azumarill\n|-resisted|p1a: Azumarill\n|-damage|p1a: Azumarill|62\/100\n|move|p1a: Azumarill|Play Rough|p2a: Koraidon\n|-supereffective|p2a: Koraidon\n|-damage|p2a: Koraidon|0 fnt\n|faint|p2a: Koraidon\n|\n|-weather|SunnyDay|[upkeep]\n|upkeep\n|\n|t:|1697806049\n|switch|p2a: Tornadus|Tornadus, M, shiny|100\/100\n|turn|12\n|\n|t:|1697806054\n|move|p2a: Tornadus|Bleakwind Storm|p1a: Azumarill\n|-damage|p1a: Azumarill|35\/100\n|move|p1a: Azumarill|Play Rough|p2a: Tornadus\n|-damage|p2a: Tornadus|39\/100\n|-unboost|p2a: Tornadus|atk|1\n|\n|-weather|SunnyDay|[upkeep]\n|upkeep\n|turn|13\n|\n|t:|1697806064\n|move|p2a: Tornadus|Tailwind|p2a: Tornadus\n|-sidestart|p2: MeteorAsh15|move: Tailwind\n|move|p1a: Azumarill|Play Rough|p2a: Tornadus\n|-damage|p2a: Tornadus|0 fnt\n|faint|p2a: Tornadus\n|\n|-weather|SunnyDay|[upkeep]\n|upkeep\n|\n|t:|1697806073\n|switch|p2a: Ninetales|Ninetales-Alola, F|100\/100\n|-weather|Snow|[from] ability: Snow Warning|[of] p2a: Ninetales\n|turn|14\n|\n|t:|1697806088\n|move|p2a: Ninetales|Freeze-Dry|p1a: Azumarill\n|-supereffective|p1a: Azumarill\n|-damage|p1a: Azumarill|0 fnt\n|faint|p1a: Azumarill\n|\n|-weather|Snow|[upkeep]\n|upkeep\n|\n|t:|1697806093\n|switch|p1a: Arceus|Arceus-Poison|100\/100\n|-activate|p1a: Arceus|move: Sticky Web\n|-unboost|p1a: Arceus|spe|1\n|turn|15\n|\n|t:|1697806099\n|move|p2a: Ninetales|Hypnosis|p1a: Arceus|[miss]\n|-miss|p2a: Ninetales|p1a: Arceus\n|move|p1a: Arceus|Stealth Rock|p2a: Ninetales\n|-sidestart|p2: MeteorAsh15|move: Stealth Rock\n|\n|-weather|Snow|[upkeep]\n|upkeep\n|turn|16\n|\n|t:|1697806106\n|switch|p1a: Gliscor|Gliscor, M|22\/100 tox\n|move|p2a: Ninetales|Hypnosis|p1a: Gliscor|[miss]\n|-miss|p2a: Ninetales|p1a: Gliscor\n|\n|-weather|Snow|[upkeep]\n|-heal|p1a: Gliscor|35\/100 tox|[from] ability: Poison Heal\n|-sideend|p2: MeteorAsh15|move: Tailwind\n|upkeep\n|turn|17\n|\n|t:|1697806125\n|move|p1a: Gliscor|Protect|p1a: Gliscor\n|-singleturn|p1a: Gliscor|Protect\n|move|p2a: Ninetales|Freeze-Dry|p1a: Gliscor\n|-activate|p1a: Gliscor|move: Protect\n|\n|-weather|Snow|[upkeep]\n|-heal|p1a: Gliscor|47\/100 tox|[from] ability: Poison Heal\n|upkeep\n|turn|18\n|\n|t:|1697806134\n|switch|p1a: Magearna|Magearna|100\/100\n|-activate|p1a: Magearna|move: Sticky Web\n|-unboost|p1a: Magearna|spe|1\n|move|p2a: Ninetales|Freeze-Dry|p1a: Magearna\n|-resisted|p1a: Magearna\n|-damage|p1a: Magearna|90\/100\n|\n|-weather|none\n|-heal|p1a: Magearna|96\/100|[from] item: Leftovers\n|upkeep\n|turn|19\n|\n|t:|1697806145\n|move|p2a: Ninetales|Hypnosis|p1a: Magearna\n|-status|p1a: Magearna|slp|[from] move: Hypnosis\n|cant|p1a: Magearna|slp\n|\n|-heal|p1a: Magearna|100\/100 slp|[from] item: Leftovers\n|upkeep\n|turn|20\n|\n|t:|1697806153\n|switch|p2a: Baxcalibur|Baxcalibur, F|100\/100\n|-damage|p2a: Baxcalibur|76\/100|[from] Stealth Rock\n|switch|p1a: Arceus|Arceus-Poison|100\/100\n|-activate|p1a: Arceus|move: Sticky Web\n|-unboost|p1a: Arceus|spe|1\n|\n|upkeep\n|turn|21\n|\n|t:|1697806166\n|-terastallize|p2a: Baxcalibur|Ground\n|move|p2a: Baxcalibur|Swords Dance|p2a: Baxcalibur\n|-boost|p2a: Baxcalibur|atk|2\n|move|p1a: Arceus|Thunder Wave|p2a: Baxcalibur\n|-immune|p2a: Baxcalibur\n|\n|upkeep\n|turn|22\n|\n|t:|1697806174\n|switch|p1a: Gliscor|Gliscor, M|47\/100 tox\n|move|p2a: Baxcalibur|Scale Shot|p1a: Gliscor\n|-damage|p1a: Gliscor|29\/100 tox\n|-damage|p1a: Gliscor|11\/100 tox\n|-damage|p1a: Gliscor|0 fnt\n|faint|p1a: Gliscor\n|-hitcount|p1: Gliscor|3\n|-unboost|p2a: Baxcalibur|def|1\n|-boost|p2a: Baxcalibur|spe|1\n|\n|upkeep\n|\n|t:|1697806182\n|switch|p1a: Giratina|Giratina|100\/100\n|-activate|p1a: Giratina|move: Sticky Web\n|-unboost|p1a: Giratina|spe|1\n|-ability|p1a: Giratina|Pressure\n|turn|23\n|\n|t:|1697806191\n|move|p2a: Baxcalibur|Icicle Spear|p1a: Giratina\n|-supereffective|p1a: Giratina\n|-damage|p1a: Giratina|72\/100\n|-supereffective|p1a: Giratina\n|-damage|p1a: Giratina|44\/100\n|-supereffective|p1a: Giratina\n|-damage|p1a: Giratina|17\/100\n|-supereffective|p1a: Giratina\n|-damage|p1a: Giratina|0 fnt\n|faint|p1a: Giratina\n|-hitcount|p1: Giratina|4\n|\n|upkeep\n|-message|Kabunger forfeited.\n|\n|win|MeteorAsh15\n|raw|Kabunger's rating: 1093 &rarr; <strong>1075<\/strong><br \/>(-18 for losing)\n|raw|MeteorAsh15's rating: 1184 &rarr; <strong>1203<\/strong><br \/>(+19 for winning)\n|l|\u2606Kabunger\n","uploadtime":1697806208,"views":7,"p1id":"kabunger","p2id":"meteorash15","formatid":"gen9ubers","rating":1075,"private":0,"password":""}