{"id":"gen9ubers-1981855825","p1":"LadyMaria-Blue","p2":"Leo Justice","format":"[Gen 9] Ubers","log":"|j|\u2606LadyMaria-Blue\n|j|\u2606Leo Justice\n|t:|1698946750\n|gametype|singles\n|player|p1|LadyMaria-Blue|cynthia|\n|player|p2|Leo Justice|carmine|\n|teamsize|p1|6\n|teamsize|p2|6\n|gen|9\n|tier|[Gen 9] Ubers\n|rule|Sleep Clause Mod: Limit one foe put to sleep\n|rule|Species Clause: Limit one of each Pok\u00e9mon\n|rule|OHKO Clause: OHKO moves are banned\n|rule|Evasion Items Clause: Evasion items are banned\n|rule|Evasion Moves Clause: Evasion moves are banned\n|rule|Endless Battle Clause: Forcing endless battles is banned\n|rule|HP Percentage Mod: HP is shown in percentages\n|clearpoke\n|poke|p1|Baxcalibur, F|\n|poke|p1|Milotic, F|\n|poke|p1|Arcanine-Hisui, F|\n|poke|p1|Mandibuzz, F|\n|poke|p1|Arceus-Poison|\n|poke|p1|Magearna|\n|poke|p2|Dialga|\n|poke|p2|Moltres|\n|poke|p2|Palafin, M|\n|poke|p2|Arceus-Ghost|\n|poke|p2|Cyclizar, M|\n|poke|p2|Chi-Yu|\n|teampreview\n|\n|t:|1698946764\n|start\n|switch|p1a: Magearna|Magearna|100\/100\n|switch|p2a: Palafin|Palafin, M|100\/100\n|turn|1\n|\n|t:|1698946770\n|move|p2a: Palafin|Flip Turn|p1a: Magearna\n|-damage|p1a: Magearna|73\/100\n|\n|t:|1698946775\n|detailschange|p2a: Palafin|Palafin-Hero, M\n|switch|p2a: Dialga|Dialga|100\/100|[from] Flip Turn\n|-ability|p2a: Dialga|Pressure\n|move|p1a: Magearna|Thunder Wave|p2a: Dialga\n|-status|p2a: Dialga|par\n|\n|upkeep\n|turn|2\n|\n|t:|1698946783\n|move|p1a: Magearna|Volt Switch|p2a: Dialga\n|-resisted|p2a: Dialga\n|-damage|p2a: Dialga|94\/100 par\n|\n|t:|1698946815\n|switch|p1a: Milotic|Milotic, F, shiny|100\/100|[from] Volt Switch\n|move|p2a: Dialga|Stealth Rock|p1a: Milotic\n|-sidestart|p1: LadyMaria-Blue|move: Stealth Rock\n|\n|-heal|p2a: Dialga|99\/100 par|[from] item: Leftovers\n|upkeep\n|turn|3\n|\n|t:|1698946825\n|move|p1a: Milotic|Flip Turn|p2a: Dialga\n|-resisted|p2a: Dialga\n|-damage|p2a: Dialga|95\/100 par\n|\n|t:|1698946838\n|switch|p1a: Arcanine|Arcanine-Hisui, F, shiny|100\/100|[from] Flip Turn\n|-damage|p1a: Arcanine|76\/100|[from] Stealth Rock\n|move|p2a: Dialga|Roar|p1a: Arcanine\n|drag|p1a: Baxcalibur|Baxcalibur, F|100\/100\n|-damage|p1a: Baxcalibur|76\/100|[from] Stealth Rock\n|\n|-heal|p2a: Dialga|100\/100 par|[from] item: Leftovers\n|upkeep\n|turn|4\n|\n|t:|1698946847\n|move|p1a: Baxcalibur|Swords Dance|p1a: Baxcalibur\n|-boost|p1a: Baxcalibur|atk|2\n|move|p2a: Dialga|Draco Meteor|p1a: Baxcalibur\n|-supereffective|p1a: Baxcalibur\n|-damage|p1a: Baxcalibur|0 fnt\n|-unboost|p2a: Dialga|spa|2\n|faint|p1a: Baxcalibur\n|\n|upkeep\n|\n|t:|1698946853\n|switch|p1a: Arcanine|Arcanine-Hisui, F, shiny|76\/100\n|-damage|p1a: Arcanine|51\/100|[from] Stealth Rock\n|turn|5\n|\n|t:|1698946856\n|switch|p2a: Moltres|Moltres|100\/100\n|move|p1a: Arcanine|Flare Blitz|p2a: Moltres\n|-resisted|p2a: Moltres\n|-damage|p2a: Moltres|80\/100\n|\n|upkeep\n|turn|6\n|\n|t:|1698946863\n|switch|p1a: Mandibuzz|Mandibuzz, F, shiny|100\/100\n|move|p2a: Moltres|U-turn|p1a: Mandibuzz\n|-damage|p1a: Mandibuzz|92\/100\n|\n|t:|1698946870\n|switch|p2a: Cyclizar|Cyclizar, M|100\/100|[from] U-turn\n|\n|upkeep\n|turn|7\n|\n|t:|1698946876\n|move|p2a: Cyclizar|Taunt|p1a: Mandibuzz\n|-start|p1a: Mandibuzz|move: Taunt\n|move|p1a: Mandibuzz|Foul Play|p2a: Cyclizar\n|-damage|p2a: Cyclizar|54\/100\n|\n|upkeep\n|turn|8\n|\n|t:|1698946886\n|move|p2a: Cyclizar|Shed Tail|p2a: Cyclizar\n|-start|p2a: Cyclizar|Substitute|[from] move: Shed Tail\n|-damage|p2a: Cyclizar|4\/100\n|\n|t:|1698946888\n|switch|p2a: Chi-Yu|Chi-Yu|100\/100|[from] Shed Tail\n|-ability|p2a: Chi-Yu|Beads of Ruin\n|move|p1a: Mandibuzz|Foul Play|p2a: Chi-Yu\n|-resisted|p2a: Chi-Yu\n|-activate|p2a: Chi-Yu|move: Substitute|[damage]\n|\n|upkeep\n|turn|9\n|\n|t:|1698946902\n|move|p2a: Chi-Yu|Flamethrower|p1a: Mandibuzz\n|-damage|p1a: Mandibuzz|42\/100\n|move|p1a: Mandibuzz|U-turn|p2a: Chi-Yu\n|-end|p2a: Chi-Yu|Substitute\n|\n|t:|1698946907\n|switch|p1a: Milotic|Milotic, F, shiny|100\/100|[from] U-turn\n|-damage|p1a: Milotic|88\/100|[from] Stealth Rock\n|\n|-heal|p1a: Milotic|94\/100|[from] item: Leftovers\n|upkeep\n|turn|10\n|\n|t:|1698946915\n|switch|p2a: Dialga|Dialga|100\/100 par\n|-ability|p2a: Dialga|Pressure\n|move|p1a: Milotic|Scald|p2a: Dialga\n|-resisted|p2a: Dialga\n|-damage|p2a: Dialga|92\/100 par\n|\n|-heal|p1a: Milotic|99\/100|[from] item: Leftovers\n|-heal|p2a: Dialga|98\/100 par|[from] item: Leftovers\n|upkeep\n|turn|11\n|\n|t:|1698946927\n|switch|p1a: Magearna|Magearna|73\/100\n|cant|p2a: Dialga|par\n|\n|-heal|p2a: Dialga|100\/100 par|[from] item: Leftovers\n|upkeep\n|turn|12\n|\n|t:|1698946932\n|move|p1a: Magearna|Spikes|p2a: Dialga\n|-sidestart|p2: Leo Justice|Spikes\n|move|p2a: Dialga|Flash Cannon|p1a: Magearna\n|-crit|p1a: Magearna\n|-damage|p1a: Magearna|26\/100\n|\n|upkeep\n|turn|13\n|\n|t:|1698946939\n|move|p1a: Magearna|Spikes|p2a: Dialga\n|-sidestart|p2: Leo Justice|Spikes\n|move|p2a: Dialga|Flash Cannon|p1a: Magearna\n|-damage|p1a: Magearna|0 fnt\n|faint|p1a: Magearna\n|\n|upkeep\n|\n|t:|1698946963\n|switch|p1a: Arcanine|Arcanine-Hisui, F, shiny|51\/100\n|-damage|p1a: Arcanine|26\/100|[from] Stealth Rock\n|turn|14\n|\n|t:|1698946971\n|move|p1a: Arcanine|Head Smash|p2a: Dialga\n|-resisted|p2a: Dialga\n|-crit|p2a: Dialga\n|-damage|p2a: Dialga|64\/100 par\n|cant|p2a: Dialga|par\n|\n|-heal|p2a: Dialga|70\/100 par|[from] item: Leftovers\n|upkeep\n|turn|15\n|\n|t:|1698946977\n|move|p1a: Arcanine|Head Smash|p2a: Dialga\n|-resisted|p2a: Dialga\n|-damage|p2a: Dialga|44\/100 par\n|move|p2a: Dialga|Flash Cannon|p1a: Arcanine\n|-damage|p1a: Arcanine|0 fnt\n|faint|p1a: Arcanine\n|\n|-heal|p2a: Dialga|50\/100 par|[from] item: Leftovers\n|upkeep\n|\n|t:|1698946982\n|switch|p1a: Mandibuzz|Mandibuzz, F, shiny|42\/100\n|turn|16\n|\n|t:|1698946991\n|move|p1a: Mandibuzz|Roost|p1a: Mandibuzz\n|-heal|p1a: Mandibuzz|92\/100\n|-singleturn|p1a: Mandibuzz|move: Roost\n|move|p2a: Dialga|Stealth Rock||[still]\n|-fail|p2a: Dialga\n|\n|-heal|p2a: Dialga|56\/100 par|[from] item: Leftovers\n|upkeep\n|turn|17\n|\n|t:|1698946998\n|move|p1a: Mandibuzz|Foul Play|p2a: Dialga\n|-damage|p2a: Dialga|33\/100 par\n|move|p2a: Dialga|Flash Cannon|p1a: Mandibuzz\n|-damage|p1a: Mandibuzz|61\/100\n|-unboost|p1a: Mandibuzz|spd|1\n|\n|-heal|p2a: Dialga|39\/100 par|[from] item: Leftovers\n|upkeep\n|turn|18\n|\n|t:|1698947004\n|move|p1a: Mandibuzz|Roost|p1a: Mandibuzz\n|-heal|p1a: Mandibuzz|100\/100\n|-singleturn|p1a: Mandibuzz|move: Roost\n|move|p2a: Dialga|Flash Cannon|p1a: Mandibuzz\n|-damage|p1a: Mandibuzz|49\/100\n|-unboost|p1a: Mandibuzz|spd|1\n|\n|-heal|p2a: Dialga|45\/100 par|[from] item: Leftovers\n|upkeep\n|turn|19\n|\n|t:|1698947011\n|switch|p1a: Milotic|Milotic, F, shiny|99\/100\n|-damage|p1a: Milotic|88\/100|[from] Stealth Rock\n|move|p2a: Dialga|Flash Cannon|p1a: Milotic\n|-resisted|p1a: Milotic\n|-damage|p1a: Milotic|76\/100\n|-unboost|p1a: Milotic|spd|1\n|\n|-heal|p1a: Milotic|82\/100|[from] item: Leftovers\n|-heal|p2a: Dialga|51\/100 par|[from] item: Leftovers\n|upkeep\n|turn|20\n|\n|t:|1698947039\n|switch|p2a: Cyclizar|Cyclizar, M|37\/100\n|move|p1a: Milotic|Flip Turn|p2a: Cyclizar\n|-resisted|p2a: Cyclizar\n|-damage|p2a: Cyclizar|28\/100\n|\n|t:|1698947060\n|switch|p1a: Mandibuzz|Mandibuzz, F, shiny|49\/100|[from] Flip Turn\n|\n|upkeep\n|turn|21\n|\n|t:|1698947068\n|move|p2a: Cyclizar|Rapid Spin|p1a: Mandibuzz\n|-damage|p1a: Mandibuzz|39\/100\n|-boost|p2a: Cyclizar|spe|1\n|-sideend|p2: Leo Justice|Spikes|[from] move: Rapid Spin|[of] p2a: Cyclizar\n|move|p1a: Mandibuzz|Roost|p1a: Mandibuzz\n|-heal|p1a: Mandibuzz|89\/100\n|-singleturn|p1a: Mandibuzz|move: Roost\n|\n|upkeep\n|turn|22\n|\n|t:|1698947081\n|switch|p2a: Moltres|Moltres|80\/100\n|move|p1a: Mandibuzz|Defog|p2a: Moltres\n|-unboost|p2a: Moltres|evasion|1\n|-sideend|p1: LadyMaria-Blue|Stealth Rock|[from] move: Defog|[of] p1a: Mandibuzz\n|\n|upkeep\n|turn|23\n|\n|t:|1698947089\n|move|p2a: Moltres|U-turn|p1a: Mandibuzz\n|-damage|p1a: Mandibuzz|81\/100\n|\n|t:|1698947092\n|switch|p2a: Chi-Yu|Chi-Yu|100\/100|[from] U-turn\n|-ability|p2a: Chi-Yu|Beads of Ruin\n|move|p1a: Mandibuzz|U-turn|p2a: Chi-Yu\n|-damage|p2a: Chi-Yu|82\/100\n|\n|t:|1698947094\n|switch|p1a: Milotic|Milotic, F, shiny|82\/100|[from] U-turn\n|\n|-heal|p1a: Milotic|89\/100|[from] item: Leftovers\n|upkeep\n|turn|24\n|\n|t:|1698947104\n|switch|p2a: Dialga|Dialga|51\/100 par\n|-ability|p2a: Dialga|Pressure\n|move|p1a: Milotic|Scald|p2a: Dialga\n|-resisted|p2a: Dialga\n|-damage|p2a: Dialga|43\/100 par\n|\n|-heal|p1a: Milotic|95\/100|[from] item: Leftovers\n|-heal|p2a: Dialga|49\/100 par|[from] item: Leftovers\n|upkeep\n|turn|25\n|\n|t:|1698947115\n|move|p1a: Milotic|Flip Turn|p2a: Dialga\n|-resisted|p2a: Dialga\n|-damage|p2a: Dialga|45\/100 par\n|\n|t:|1698947121\n|switch|p1a: Mandibuzz|Mandibuzz, F, shiny|81\/100|[from] Flip Turn\n|move|p2a: Dialga|Stealth Rock|p1a: Mandibuzz\n|-sidestart|p1: LadyMaria-Blue|move: Stealth Rock\n|\n|-heal|p2a: Dialga|51\/100 par|[from] item: Leftovers\n|upkeep\n|turn|26\n|\n|t:|1698947128\n|move|p1a: Mandibuzz|Foul Play|p2a: Dialga\n|-crit|p2a: Dialga\n|-damage|p2a: Dialga|17\/100 par\n|move|p2a: Dialga|Flash Cannon|p1a: Mandibuzz\n|-damage|p1a: Mandibuzz|48\/100\n|\n|-heal|p2a: Dialga|24\/100 par|[from] item: Leftovers\n|upkeep\n|turn|27\n|\n|t:|1698947135\n|move|p1a: Mandibuzz|Roost|p1a: Mandibuzz\n|-heal|p1a: Mandibuzz|98\/100\n|-singleturn|p1a: Mandibuzz|move: Roost\n|move|p2a: Dialga|Flash Cannon|p1a: Mandibuzz\n|-damage|p1a: Mandibuzz|67\/100\n|\n|-heal|p2a: Dialga|30\/100 par|[from] item: Leftovers\n|upkeep\n|turn|28\n|\n|t:|1698947142\n|move|p1a: Mandibuzz|Foul Play|p2a: Dialga\n|-damage|p2a: Dialga|9\/100 par\n|move|p2a: Dialga|Draco Meteor|p1a: Mandibuzz\n|-damage|p1a: Mandibuzz|15\/100\n|-unboost|p2a: Dialga|spa|2\n|\n|-heal|p2a: Dialga|15\/100 par|[from] item: Leftovers\n|upkeep\n|turn|29\n|\n|t:|1698947152\n|switch|p2a: Cyclizar|Cyclizar, M|61\/100\n|move|p1a: Mandibuzz|Roost|p1a: Mandibuzz\n|-heal|p1a: Mandibuzz|65\/100\n|-singleturn|p1a: Mandibuzz|move: Roost\n|\n|upkeep\n|turn|30\n|\n|t:|1698947160\n|move|p2a: Cyclizar|Knock Off|p1a: Mandibuzz\n|-resisted|p1a: Mandibuzz\n|-damage|p1a: Mandibuzz|59\/100\n|-enditem|p1a: Mandibuzz|Heavy-Duty Boots|[from] move: Knock Off|[of] p2a: Cyclizar\n|move|p1a: Mandibuzz|U-turn|p2a: Cyclizar\n|-damage|p2a: Cyclizar|46\/100\n|\n|t:|1698947162\n|switch|p1a: Milotic|Milotic, F, shiny|95\/100|[from] U-turn\n|-damage|p1a: Milotic|82\/100|[from] Stealth Rock\n|\n|-heal|p1a: Milotic|88\/100|[from] item: Leftovers\n|upkeep\n|turn|31\n|\n|t:|1698947171\n|move|p2a: Cyclizar|Knock Off|p1a: Milotic\n|-damage|p1a: Milotic|69\/100\n|-enditem|p1a: Milotic|Leftovers|[from] move: Knock Off|[of] p2a: Cyclizar\n|move|p1a: Milotic|Scald|p2a: Cyclizar\n|-resisted|p2a: Cyclizar\n|-damage|p2a: Cyclizar|26\/100\n|\n|upkeep\n|turn|32\n|\n|t:|1698947186\n|switch|p2a: Dialga|Dialga|15\/100 par\n|-ability|p2a: Dialga|Pressure\n|move|p1a: Milotic|Scald|p2a: Dialga\n|-resisted|p2a: Dialga\n|-damage|p2a: Dialga|6\/100 par\n|\n|-heal|p2a: Dialga|12\/100 par|[from] item: Leftovers\n|upkeep\n|turn|33\n|\n|t:|1698947197\n|move|p1a: Milotic|Recover|p1a: Milotic\n|-heal|p1a: Milotic|100\/100\n|move|p2a: Dialga|Draco Meteor|p1a: Milotic\n|-damage|p1a: Milotic|65\/100\n|-unboost|p2a: Dialga|spa|2\n|\n|-heal|p2a: Dialga|18\/100 par|[from] item: Leftovers\n|upkeep\n|turn|34\n|\n|t:|1698947216\n|switch|p2a: Moltres|Moltres|80\/100\n|move|p1a: Milotic|Recover|p1a: Milotic\n|-heal|p1a: Milotic|100\/100\n|\n|upkeep\n|turn|35\n|\n|t:|1698947223\n|move|p2a: Moltres|U-turn|p1a: Milotic\n|-damage|p1a: Milotic|86\/100\n|\n|t:|1698947225\n|switch|p2a: Cyclizar|Cyclizar, M|59\/100|[from] U-turn\n|move|p1a: Milotic|Scald|p2a: Cyclizar\n|-resisted|p2a: Cyclizar\n|-damage|p2a: Cyclizar|40\/100\n|\n|upkeep\n|turn|36\n|\n|t:|1698947234\n|switch|p2a: Moltres|Moltres|80\/100\n|move|p1a: Milotic|Scald|p2a: Moltres\n|-supereffective|p2a: Moltres\n|-damage|p2a: Moltres|22\/100\n|\n|upkeep\n|turn|37\n|\n|t:|1698947241\n|move|p2a: Moltres|U-turn|p1a: Milotic\n|-crit|p1a: Milotic\n|-damage|p1a: Milotic|64\/100\n|\n|t:|1698947245\n|switch|p2a: Cyclizar|Cyclizar, M|73\/100|[from] U-turn\n|move|p1a: Milotic|Scald|p2a: Cyclizar\n|-resisted|p2a: Cyclizar\n|-damage|p2a: Cyclizar|55\/100\n|\n|upkeep\n|turn|38\n|\n|t:|1698947251\n|move|p2a: Cyclizar|Shed Tail|p2a: Cyclizar\n|-start|p2a: Cyclizar|Substitute|[from] move: Shed Tail\n|-damage|p2a: Cyclizar|5\/100\n|\n|t:|1698947254\n|switch|p2a: Arceus|Arceus-Ghost|100\/100|[from] Shed Tail\n|move|p1a: Milotic|Flip Turn|p2a: Arceus\n|-activate|p2a: Arceus|move: Substitute|[damage]\n|\n|t:|1698947256\n|switch|p1a: Mandibuzz|Mandibuzz, F, shiny|59\/100|[from] Flip Turn\n|-damage|p1a: Mandibuzz|34\/100|[from] Stealth Rock\n|\n|upkeep\n|turn|39\n|\n|t:|1698947263\n|move|p2a: Arceus|Swords Dance|p2a: Arceus\n|-boost|p2a: Arceus|atk|2\n|move|p1a: Mandibuzz|Roost|p1a: Mandibuzz\n|-heal|p1a: Mandibuzz|84\/100\n|-singleturn|p1a: Mandibuzz|move: Roost\n|\n|upkeep\n|turn|40\n|\n|t:|1698947277\n|-terastallize|p2a: Arceus|Normal\n|move|p2a: Arceus|Extreme Speed|p1a: Mandibuzz\n|-damage|p1a: Mandibuzz|40\/100\n|move|p1a: Mandibuzz|Foul Play|p2a: Arceus\n|-end|p2a: Arceus|Substitute\n|\n|upkeep\n|turn|41\n|\n|t:|1698947286\n|move|p2a: Arceus|Extreme Speed|p1a: Mandibuzz\n|-damage|p1a: Mandibuzz|0 fnt\n|faint|p1a: Mandibuzz\n|\n|upkeep\n|\n|t:|1698947289\n|switch|p1a: Milotic|Milotic, F, shiny|64\/100\n|-damage|p1a: Milotic|51\/100|[from] Stealth Rock\n|turn|42\n|\n|t:|1698947293\n|move|p2a: Arceus|Shadow Claw|p1a: Milotic\n|-damage|p1a: Milotic|0 fnt\n|faint|p1a: Milotic\n|\n|upkeep\n|\n|t:|1698947298\n|switch|p1a: Arceus|Arceus-Poison|100\/100\n|-damage|p1a: Arceus|88\/100|[from] Stealth Rock\n|turn|43\n|\n|t:|1698947302\n|move|p2a: Arceus|Extreme Speed|p1a: Arceus\n|-damage|p1a: Arceus|34\/100\n|move|p1a: Arceus|Thunder Wave|p2a: Arceus|[miss]\n|-miss|p1a: Arceus|p2a: Arceus\n|\n|upkeep\n|turn|44\n|\n|t:|1698947307\n|move|p2a: Arceus|Extreme Speed|p1a: Arceus\n|-damage|p1a: Arceus|0 fnt\n|faint|p1a: Arceus\n|\n|win|Leo Justice\n|c|\u2606LadyMaria-Blue|damn\n|c|\u2606LadyMaria-Blue|ggs\n|c|\u2606Leo Justice|Gg\n","uploadtime":1698947315,"views":16,"p1id":"ladymariablue","p2id":"leojustice","formatid":"gen9ubers","rating":0,"private":0,"password":""}