{"id":"gen9ubers-1974225967","p1":"Anne Frankkkk","p2":"EU LOL","format":"[Gen 9] Ubers","log":"|j|\u2606Anne Frankkkk\n|j|\u2606EU LOL\n|t:|1698070003\n|gametype|singles\n|player|p1|Anne Frankkkk|hilbert|1105\n|player|p2|EU LOL|silver-masters|1102\n|teamsize|p1|6\n|teamsize|p2|6\n|gen|9\n|tier|[Gen 9] Ubers\n|rated|\n|rule|Sleep Clause Mod: Limit one foe put to sleep\n|rule|Species Clause: Limit one of each Pok\u00e9mon\n|rule|OHKO Clause: OHKO moves are banned\n|rule|Evasion Items Clause: Evasion items are banned\n|rule|Evasion Moves Clause: Evasion moves are banned\n|rule|Endless Battle Clause: Forcing endless battles is banned\n|rule|HP Percentage Mod: HP is shown in percentages\n|clearpoke\n|poke|p1|Iron Hands|\n|poke|p1|Kyogre|\n|poke|p1|Chien-Pao|\n|poke|p1|Ribombee, M|\n|poke|p1|Miraidon|\n|poke|p1|Flutter Mane|\n|poke|p2|Flutter Mane|\n|poke|p2|Landorus-Therian, M|\n|poke|p2|Ogerpon-Hearthflame, F|\n|poke|p2|Heatran, F|\n|poke|p2|Urshifu-*, F|\n|poke|p2|Iron Hands|\n|teampreview\n|inactive|Battle timer is ON: inactive players will automatically lose when time's up. (requested by Anne Frankkkk)\n|\n|t:|1698070017\n|start\n|switch|p1a: Ribombee|Ribombee, M, shiny|100\/100\n|switch|p2a: Iron Hands|Iron Hands|100\/100\n|turn|1\n|\n|t:|1698070032\n|-end|p2a: Iron Hands|Quark Drive|[silent]\n|switch|p2a: Heatran|Heatran, F|100\/100\n|move|p1a: Ribombee|Sticky Web|p2a: Heatran\n|-sidestart|p2: EU LOL|move: Sticky Web\n|\n|upkeep\n|turn|2\n|\n|t:|1698070039\n|move|p1a: Ribombee|Stun Spore|p2a: Heatran\n|-status|p2a: Heatran|par\n|move|p2a: Heatran|Stealth Rock|p1a: Ribombee\n|-sidestart|p1: Anne Frankkkk|move: Stealth Rock\n|\n|upkeep\n|turn|3\n|\n|t:|1698070044\n|move|p1a: Ribombee|Moonblast|p2a: Heatran\n|-resisted|p2a: Heatran\n|-damage|p2a: Heatran|92\/100 par\n|-unboost|p2a: Heatran|spa|1\n|move|p2a: Heatran|Taunt|p1a: Ribombee\n|-start|p1a: Ribombee|move: Taunt\n|\n|-heal|p2a: Heatran|98\/100 par|[from] item: Leftovers\n|upkeep\n|turn|4\n|\n|t:|1698070053\n|move|p1a: Ribombee|Bug Buzz|p2a: Heatran\n|-resisted|p2a: Heatran\n|-damage|p2a: Heatran|89\/100 par\n|move|p2a: Heatran|Magma Storm|p1a: Ribombee\n|-supereffective|p1a: Ribombee\n|-enditem|p1a: Ribombee|Focus Sash\n|-damage|p1a: Ribombee|1\/100\n|-activate|p1a: Ribombee|move: Magma Storm|[of] p2a: Heatran\n|\n|-heal|p2a: Heatran|95\/100 par|[from] item: Leftovers\n|-damage|p1a: Ribombee|0 fnt|[from] move: Magma Storm|[partiallytrapped]\n|faint|p1a: Ribombee\n|upkeep\n|\n|t:|1698070069\n|switch|p1a: Kyogre|Kyogre|100\/100\n|-damage|p1a: Kyogre|88\/100|[from] Stealth Rock\n|-weather|RainDance|[from] ability: Drizzle|[of] p1a: Kyogre\n|turn|5\n|\n|t:|1698070077\n|-terastallize|p2a: Heatran|Grass\n|move|p1a: Kyogre|Origin Pulse|p2a: Heatran|[miss]\n|-miss|p1a: Kyogre|p2a: Heatran\n|move|p2a: Heatran|Magma Storm|p1a: Kyogre\n|-resisted|p1a: Kyogre\n|-damage|p1a: Kyogre|81\/100\n|-activate|p1a: Kyogre|move: Magma Storm|[of] p2a: Heatran\n|\n|-weather|RainDance|[upkeep]\n|-heal|p2a: Heatran|100\/100 par|[from] item: Leftovers\n|-damage|p1a: Kyogre|69\/100|[from] move: Magma Storm|[partiallytrapped]\n|upkeep\n|turn|6\n|\n|t:|1698070092\n|move|p1a: Kyogre|Origin Pulse|p2a: Heatran\n|-resisted|p2a: Heatran\n|-damage|p2a: Heatran|24\/100 par\n|move|p2a: Heatran|Earth Power|p1a: Kyogre\n|-damage|p1a: Kyogre|53\/100\n|\n|-weather|RainDance|[upkeep]\n|-heal|p2a: Heatran|30\/100 par|[from] item: Leftovers\n|-damage|p1a: Kyogre|40\/100|[from] move: Magma Storm|[partiallytrapped]\n|upkeep\n|turn|7\n|\n|t:|1698070106\n|switch|p2a: Iron Hands|Iron Hands|100\/100\n|-activate|p2a: Iron Hands|move: Sticky Web\n|-unboost|p2a: Iron Hands|spe|1\n|move|p1a: Kyogre|Origin Pulse|p2a: Iron Hands\n|-crit|p2a: Iron Hands\n|-damage|p2a: Iron Hands|0 fnt\n|faint|p2a: Iron Hands\n|-end|p2a: Iron Hands|Quark Drive|[silent]\n|\n|-weather|RainDance|[upkeep]\n|-end|p1a: Kyogre|Magma Storm|[partiallytrapped]|[silent]\n|upkeep\n|\n|t:|1698070121\n|switch|p2a: Landorus|Landorus-Therian, M|100\/100\n|-ability|p2a: Landorus|Intimidate|boost\n|-unboost|p1a: Kyogre|atk|1\n|turn|8\n|\n|t:|1698070129\n|move|p2a: Landorus|Grass Knot|p1a: Kyogre\n|-supereffective|p1a: Kyogre\n|-damage|p1a: Kyogre|1\/100\n|move|p1a: Kyogre|Origin Pulse|p2a: Landorus\n|-supereffective|p2a: Landorus\n|-damage|p2a: Landorus|0 fnt\n|faint|p2a: Landorus\n|\n|-weather|RainDance|[upkeep]\n|upkeep\n|inactive|EU LOL has 120 seconds left.\n|\n|t:|1698070147\n|switch|p2a: Flutter Mane|Flutter Mane, shiny|100\/100\n|-activate|p2a: Flutter Mane|move: Sticky Web\n|-unboost|p2a: Flutter Mane|spe|1\n|turn|9\n|inactive|EU LOL has 120 seconds left.\n|\n|t:|1698070158\n|move|p1a: Kyogre|Origin Pulse|p2a: Flutter Mane|[miss]\n|-miss|p1a: Kyogre|p2a: Flutter Mane\n|move|p2a: Flutter Mane|Moonblast|p1a: Kyogre\n|-damage|p1a: Kyogre|0 fnt\n|faint|p1a: Kyogre\n|\n|-weather|none\n|upkeep\n|\n|t:|1698070165\n|switch|p1a: Iron Hands|Iron Hands, shiny|100\/100\n|-damage|p1a: Iron Hands|94\/100|[from] Stealth Rock\n|turn|10\n|\n|t:|1698070169\n|move|p2a: Flutter Mane|Moonblast|p1a: Iron Hands\n|-supereffective|p1a: Iron Hands\n|-damage|p1a: Iron Hands|0 fnt\n|faint|p1a: Iron Hands\n|-end|p1a: Iron Hands|Quark Drive|[silent]\n|\n|upkeep\n|\n|t:|1698070175\n|switch|p1a: Chien-Pao|Chien-Pao|100\/100\n|-damage|p1a: Chien-Pao|76\/100|[from] Stealth Rock\n|-ability|p1a: Chien-Pao|Sword of Ruin\n|turn|11\n|\n|t:|1698070180\n|move|p1a: Chien-Pao|Sucker Punch|p2a: Flutter Mane\n|-crit|p2a: Flutter Mane\n|-damage|p2a: Flutter Mane|0 fnt\n|faint|p2a: Flutter Mane\n|-end|p2a: Flutter Mane|Protosynthesis|[silent]\n|-damage|p1a: Chien-Pao|66\/100|[from] item: Life Orb\n|\n|upkeep\n|\n|t:|1698070186\n|switch|p2a: Fiona|Ogerpon-Hearthflame, F|100\/100\n|-activate|p2a: Fiona|move: Sticky Web\n|-unboost|p2a: Fiona|spe|1\n|-ability|p2a: Fiona|Mold Breaker\n|turn|12\n|\n|t:|1698070200\n|move|p1a: Chien-Pao|Sucker Punch||[still]\n|-fail|p1a: Chien-Pao\n|move|p2a: Fiona|Swords Dance|p2a: Fiona\n|-boost|p2a: Fiona|atk|2\n|\n|upkeep\n|turn|13\n|\n|t:|1698070208\n|move|p2a: Fiona|Spiky Shield|p2a: Fiona\n|-singleturn|p2a: Fiona|move: Protect\n|move|p1a: Chien-Pao|Sucker Punch||[still]\n|-fail|p1a: Chien-Pao\n|\n|upkeep\n|turn|14\n|\n|t:|1698070218\n|move|p2a: Fiona|Spiky Shield||[still]\n|-fail|p2a: Fiona\n|move|p1a: Chien-Pao|Sucker Punch||[still]\n|-fail|p1a: Chien-Pao\n|\n|upkeep\n|turn|15\n|\n|t:|1698070224\n|move|p1a: Chien-Pao|Sucker Punch||[still]\n|-fail|p1a: Chien-Pao\n|move|p2a: Fiona|Swords Dance|p2a: Fiona\n|-boost|p2a: Fiona|atk|2\n|\n|upkeep\n|turn|16\n|\n|t:|1698070229\n|move|p1a: Chien-Pao|Sucker Punch||[still]\n|-fail|p1a: Chien-Pao\n|move|p2a: Fiona|Swords Dance|p2a: Fiona\n|-boost|p2a: Fiona|atk|2\n|\n|upkeep\n|turn|17\n|\n|t:|1698070251\n|move|p1a: Chien-Pao|Sucker Punch|p2a: Fiona\n|-damage|p2a: Fiona|12\/100\n|-damage|p1a: Chien-Pao|56\/100|[from] item: Life Orb\n|move|p2a: Fiona|Trailblaze|p1a: Chien-Pao\n|-damage|p1a: Chien-Pao|0 fnt\n|-boost|p2a: Fiona|spe|1\n|faint|p1a: Chien-Pao\n|\n|upkeep\n|\n|t:|1698070256\n|switch|p1a: Flutter Mane|Flutter Mane, shiny|100\/100\n|-damage|p1a: Flutter Mane|88\/100|[from] Stealth Rock\n|-enditem|p1a: Flutter Mane|Booster Energy\n|-activate|p1a: Flutter Mane|ability: Protosynthesis|[fromitem]\n|-start|p1a: Flutter Mane|protosynthesisspe\n|turn|18\n|\n|t:|1698070265\n|move|p2a: Fiona|Spiky Shield|p2a: Fiona\n|-singleturn|p2a: Fiona|move: Protect\n|move|p1a: Flutter Mane|Power Gem|p2a: Fiona\n|-activate|p2a: Fiona|move: Protect\n|\n|upkeep\n|turn|19\n|\n|t:|1698070283\n|move|p1a: Flutter Mane|Power Gem|p2a: Fiona\n|-supereffective|p2a: Fiona\n|-damage|p2a: Fiona|0 fnt\n|faint|p2a: Fiona\n|\n|upkeep\n|\n|t:|1698070288\n|switch|p2a: pew pew pew|Urshifu-Rapid-Strike, F|100\/100\n|-activate|p2a: pew pew pew|move: Sticky Web\n|-unboost|p2a: pew pew pew|spe|1\n|turn|20\n|\n|t:|1698070293\n|move|p1a: Flutter Mane|Moonblast|p2a: pew pew pew\n|-supereffective|p2a: pew pew pew\n|-damage|p2a: pew pew pew|0 fnt\n|faint|p2a: pew pew pew\n|\n|upkeep\n|-message|EU LOL forfeited.\n|\n|win|Anne Frankkkk\n|raw|Anne Frankkkk's rating: 1105 &rarr; <strong>1130<\/strong><br \/>(+25 for winning)\n|raw|EU LOL's rating: 1102 &rarr; <strong>1077<\/strong><br \/>(-25 for losing)\n|l|\u2606EU LOL\n","uploadtime":1698070302,"views":8,"p1id":"annefrankkkk","p2id":"eulol","formatid":"gen9ubers","rating":1077,"private":0,"password":""}