{"id":"gen9ubers-1986160740","p1":"lycanityet","p2":"Future king of ou","format":"[Gen 9] Ubers","log":"|j|\u2606lycanityet\n|j|\u2606Future king of ou\n|t:|1699455899\n|gametype|singles\n|player|p1|lycanityet|lance|\n|player|p2|Future king of ou|alec-anime|\n|teamsize|p1|6\n|teamsize|p2|6\n|gen|9\n|tier|[Gen 9] Ubers\n|rated|Tournament battle\n|rule|Sleep Clause Mod: Limit one foe put to sleep\n|rule|Species Clause: Limit one of each Pok\u00e9mon\n|rule|OHKO Clause: OHKO moves are banned\n|rule|Evasion Items Clause: Evasion items are banned\n|rule|Evasion Moves Clause: Evasion moves are banned\n|rule|Endless Battle Clause: Forcing endless battles is banned\n|rule|HP Percentage Mod: HP is shown in percentages\n|clearpoke\n|poke|p1|Darkrai|\n|poke|p1|Groudon|\n|poke|p1|Victreebel, F|\n|poke|p1|Ludicolo, M|\n|poke|p1|Torterra, F|\n|poke|p1|Koraidon|\n|poke|p2|Basculegion, M|\n|poke|p2|Hatterene, F|\n|poke|p2|Rabsca, F|\n|poke|p2|Hawlucha, M|\n|poke|p2|Miraidon|\n|poke|p2|Arceus-Ground|\n|teampreview\n|inactive|Battle timer is ON: inactive players will automatically lose when time's up. (requested by lycanityet)\n|\n|t:|1699455904\n|start\n|switch|p1a: Groudon|Groudon|100\/100\n|switch|p2a: Miraidon|Miraidon|100\/100\n|-fieldstart|move: Electric Terrain|[from] ability: Hadron Engine|[of] p2a: Miraidon\n|-weather|SunnyDay|[from] ability: Drought|[of] p1a: Groudon\n|turn|1\n|\n|t:|1699455925\n|move|p2a: Miraidon|Dragon Pulse|p1a: Groudon\n|-damage|p1a: Groudon|30\/100\n|move|p1a: Groudon|Earthquake|p2a: Miraidon\n|-supereffective|p2a: Miraidon\n|-damage|p2a: Miraidon|0 fnt\n|faint|p2a: Miraidon\n|\n|-weather|SunnyDay|[upkeep]\n|upkeep\n|\n|t:|1699455929\n|switch|p2a: Hawlucha|Hawlucha, M|100\/100\n|turn|2\n|\n|t:|1699455937\n|switch|p1a: Torterra|Torterra, F|100\/100\n|move|p2a: Hawlucha|Close Combat|p1a: Torterra\n|-damage|p1a: Torterra|56\/100\n|-unboost|p2a: Hawlucha|def|1\n|-unboost|p2a: Hawlucha|spd|1\n|\n|-weather|SunnyDay|[upkeep]\n|upkeep\n|turn|3\n|\n|t:|1699455942\n|move|p2a: Hawlucha|Acrobatics|p1a: Torterra\n|-supereffective|p1a: Torterra\n|-damage|p1a: Torterra|8\/100\n|move|p1a: Torterra|Synthesis|p1a: Torterra\n|-heal|p1a: Torterra|75\/100\n|\n|-weather|SunnyDay|[upkeep]\n|upkeep\n|turn|4\n|j| i \u2764\ufe0f gangu\n|inactive|lycanityet has 120 seconds left.\n|\n|t:|1699455973\n|move|p2a: Hawlucha|Endure|p2a: Hawlucha\n|-singleturn|p2a: Hawlucha|move: Endure\n|move|p1a: Torterra|Protect||[still]\n|-fail|p1a: Torterra\n|\n|-weather|SunnyDay|[upkeep]\n|upkeep\n|turn|5\n|\n|t:|1699455978\n|move|p2a: Hawlucha|Acrobatics|p1a: Torterra\n|-supereffective|p1a: Torterra\n|-damage|p1a: Torterra|28\/100\n|move|p1a: Torterra|Shell Smash|p1a: Torterra\n|-unboost|p1a: Torterra|def|1\n|-unboost|p1a: Torterra|spd|1\n|-boost|p1a: Torterra|atk|2\n|-boost|p1a: Torterra|spa|2\n|-boost|p1a: Torterra|spe|2\n|-enditem|p1a: Torterra|White Herb\n|-clearnegativeboost|p1a: Torterra|[silent]\n|\n|-weather|SunnyDay|[upkeep]\n|-fieldend|move: Electric Terrain\n|upkeep\n|turn|6\n|\n|t:|1699455986\n|move|p1a: Torterra|Synthesis|p1a: Torterra\n|-heal|p1a: Torterra|95\/100\n|move|p2a: Hawlucha|Acrobatics|p1a: Torterra\n|-supereffective|p1a: Torterra\n|-damage|p1a: Torterra|54\/100\n|\n|-weather|SunnyDay|[upkeep]\n|upkeep\n|turn|7\n|\n|t:|1699455996\n|move|p1a: Torterra|Giga Drain|p2a: Hawlucha\n|-resisted|p2a: Hawlucha\n|-damage|p2a: Hawlucha|37\/100\n|-heal|p1a: Torterra|79\/100|[from] drain|[of] p2a: Hawlucha\n|move|p2a: Hawlucha|Acrobatics|p1a: Torterra\n|-supereffective|p1a: Torterra\n|-damage|p1a: Torterra|37\/100\n|\n|-weather|SunnyDay|[upkeep]\n|upkeep\n|turn|8\n|\n|t:|1699455999\n|move|p1a: Torterra|Synthesis|p1a: Torterra\n|-heal|p1a: Torterra|100\/100\n|move|p2a: Hawlucha|Acrobatics|p1a: Torterra\n|-supereffective|p1a: Torterra\n|-damage|p1a: Torterra|54\/100\n|\n|-weather|none\n|upkeep\n|turn|9\n|\n|t:|1699456005\n|move|p2a: Hawlucha|Endure|p2a: Hawlucha\n|-singleturn|p2a: Hawlucha|move: Endure\n|move|p1a: Torterra|Giga Drain|p2a: Hawlucha\n|-resisted|p2a: Hawlucha\n|-activate|p2a: Hawlucha|move: Endure\n|-damage|p2a: Hawlucha|1\/100\n|-heal|p1a: Torterra|69\/100|[from] drain|[of] p2a: Hawlucha\n|-enditem|p2a: Hawlucha|Liechi Berry|[eat]\n|-boost|p2a: Hawlucha|atk|1|[from] item: Liechi Berry\n|\n|upkeep\n|turn|10\n|\n|t:|1699456011\n|move|p2a: Hawlucha|Acrobatics|p1a: Torterra\n|-supereffective|p1a: Torterra\n|-damage|p1a: Torterra|0 fnt\n|faint|p1a: Torterra\n|\n|upkeep\n|\n|t:|1699456019\n|switch|p1a: Groudon|Groudon|30\/100\n|-weather|SunnyDay|[from] ability: Drought|[of] p1a: Groudon\n|turn|11\n|\n|t:|1699456023\n|switch|p1a: Darkrai|Darkrai|100\/100\n|move|p2a: Hawlucha|Acrobatics|p1a: Darkrai\n|-damage|p1a: Darkrai|2\/100\n|\n|-weather|SunnyDay|[upkeep]\n|-heal|p1a: Darkrai|8\/100|[from] item: Leftovers\n|upkeep\n|turn|12\n|\n|t:|1699456032\n|move|p2a: Hawlucha|Acrobatics|p1a: Darkrai\n|-damage|p1a: Darkrai|0 fnt\n|faint|p1a: Darkrai\n|\n|-weather|SunnyDay|[upkeep]\n|upkeep\n|\n|t:|1699456036\n|switch|p1a: Victreebel|Victreebel, F|100\/100\n|turn|13\n|\n|t:|1699456039\n|move|p2a: Hawlucha|Acrobatics|p1a: Victreebel\n|-supereffective|p1a: Victreebel\n|-damage|p1a: Victreebel|0 fnt\n|faint|p1a: Victreebel\n|\n|-weather|SunnyDay|[upkeep]\n|upkeep\n|c|\u2606Future king of ou|What was bro cooking\n|-message|lycanityet forfeited.\n|\n|win|Future king of ou\n|n|\u2606lycanityet|lycanityet\n|n|\u2606Future king of ou|futurekingofou\n|n| i \u2764\ufe0f gangu|igangu\n","uploadtime":1699456051,"views":6,"p1id":"lycanityet","p2id":"futurekingofou","formatid":"gen9ubers","rating":0,"private":0,"password":""}