{"id":"gen9ubers-1972223078","p1":"IoSonoNeon","p2":"mlgpokeballer","format":"[Gen 9] Ubers","log":"|j|\u2606IoSonoNeon\n|j|\u2606mlgpokeballer\n|t:|1697822813\n|gametype|singles\n|player|p1|IoSonoNeon|#dpppliii|\n|player|p2|mlgpokeballer|crasherwake|\n|teamsize|p1|6\n|teamsize|p2|6\n|gen|9\n|tier|[Gen 9] Ubers\n|rated|Tournament battle\n|rule|Sleep Clause Mod: Limit one foe put to sleep\n|rule|Species Clause: Limit one of each Pok\u00e9mon\n|rule|OHKO Clause: OHKO moves are banned\n|rule|Evasion Items Clause: Evasion items are banned\n|rule|Evasion Moves Clause: Evasion moves are banned\n|rule|Endless Battle Clause: Forcing endless battles is banned\n|rule|HP Percentage Mod: HP is shown in percentages\n|clearpoke\n|poke|p1|Glimmora, M|\n|poke|p1|Koraidon|\n|poke|p1|Ogerpon-Hearthflame, F|\n|poke|p1|Arceus-Ground|\n|poke|p1|Flutter Mane|\n|poke|p1|Kingambit, F|\n|poke|p2|Zacian-*|\n|poke|p2|Koraidon|\n|poke|p2|Miraidon|\n|poke|p2|Ting-Lu|\n|poke|p2|Skeledirge, F|\n|poke|p2|Giratina-Origin|\n|teampreview\n|j|+OreoSpeedruns\n|inactive|Battle timer is ON: inactive players will automatically lose when time's up. (requested by mlgpokeballer)\n|j| righteous light\n|inactive|IoSonoNeon has 120 seconds left.\n|\n|t:|1697822879\n|start\n|switch|p1a: Glimmora|Glimmora, M|100\/100\n|switch|p2a: Ting-Lu|Ting-Lu|100\/100\n|-ability|p2a: Ting-Lu|Vessel of Ruin\n|turn|1\n|inactive|mlgpokeballer has 120 seconds left.\n|\n|t:|1697822912\n|move|p1a: Glimmora|Stealth Rock|p2a: Ting-Lu\n|-sidestart|p2: mlgpokeballer|move: Stealth Rock\n|move|p2a: Ting-Lu|Ruination|p1a: Glimmora\n|-damage|p1a: Glimmora|51\/100\n|\n|upkeep\n|turn|2\n|\n|t:|1697822924\n|move|p1a: Glimmora|Spikes|p2a: Ting-Lu\n|-sidestart|p2: mlgpokeballer|Spikes\n|move|p2a: Ting-Lu|Whirlwind|p1a: Glimmora\n|drag|p1a: Koraidon|Koraidon|100\/100\n|-weather|SunnyDay|[from] ability: Orichalcum Pulse|[of] p1a: Koraidon\n|-activate|p1a: Koraidon|Orichalcum Pulse|[source]\n|\n|-weather|SunnyDay|[upkeep]\n|upkeep\n|turn|3\n|\n|t:|1697822930\n|switch|p2a: Skeledirge|Skeledirge, F, shiny|100\/100\n|move|p1a: Koraidon|Swords Dance|p1a: Koraidon\n|-boost|p1a: Koraidon|atk|2\n|\n|-weather|SunnyDay|[upkeep]\n|upkeep\n|turn|4\n|\n|t:|1697822935\n|switch|p1a: Ogerpon|Ogerpon-Hearthflame, F|100\/100\n|-ability|p1a: Ogerpon|Mold Breaker\n|move|p2a: Skeledirge|Will-O-Wisp|p1a: Ogerpon\n|-immune|p1a: Ogerpon\n|\n|-weather|SunnyDay|[upkeep]\n|upkeep\n|turn|5\n|\n|t:|1697822937\n|switch|p2a: Giratina|Giratina-Origin, shiny|100\/100\n|-damage|p2a: Giratina|88\/100|[from] Stealth Rock\n|move|p1a: Ogerpon|Swords Dance|p1a: Ogerpon\n|-boost|p1a: Ogerpon|atk|2\n|\n|-weather|SunnyDay|[upkeep]\n|upkeep\n|turn|6\n|\n|t:|1697822941\n|move|p1a: Ogerpon|Ivy Cudgel|p2a: Giratina\n|-resisted|p2a: Giratina\n|-damage|p2a: Giratina|41\/100\n|move|p2a: Giratina|Dragon Tail|p1a: Ogerpon\n|-damage|p1a: Ogerpon|56\/100\n|drag|p1a: Flutter Mane|Flutter Mane|100\/100\n|-activate|p1a: Flutter Mane|ability: Protosynthesis\n|-start|p1a: Flutter Mane|protosynthesisspe\n|\n|-weather|none\n|-end|p1a: Flutter Mane|Protosynthesis\n|upkeep\n|turn|7\n|\n|t:|1697822951\n|switch|p2a: Zacian|Zacian-Crowned|100\/100\n|-damage|p2a: Zacian|94\/100|[from] Stealth Rock\n|-damage|p2a: Zacian|82\/100|[from] Spikes\n|-ability|p2a: Zacian|Intrepid Sword|boost\n|-boost|p2a: Zacian|atk|1\n|move|p1a: Flutter Mane|Moonblast|p2a: Zacian\n|-resisted|p2a: Zacian\n|-damage|p2a: Zacian|60\/100\n|-unboost|p2a: Zacian|spa|1\n|\n|upkeep\n|turn|8\n|\n|t:|1697822963\n|-end|p1a: Flutter Mane|Protosynthesis|[silent]\n|switch|p1a: Glimmora|Glimmora, M|51\/100\n|move|p2a: Zacian|Behemoth Blade|p1a: Glimmora\n|-supereffective|p1a: Glimmora\n|-damage|p1a: Glimmora|0 fnt\n|-activate|p1a: Glimmora|ability: Toxic Debris\n|-sidestart|p2: mlgpokeballer|move: Toxic Spikes\n|faint|p1a: Glimmora\n|\n|upkeep\n|\n|t:|1697822967\n|switch|p1a: Arceus|Arceus-Ground|100\/100\n|turn|9\n|\n|t:|1697822971\n|move|p2a: Zacian|Behemoth Blade|p1a: Arceus\n|-crit|p1a: Arceus\n|-damage|p1a: Arceus|36\/100\n|move|p1a: Arceus|Judgment|p2a: Zacian\n|-supereffective|p2a: Zacian\n|-damage|p2a: Zacian|0 fnt\n|faint|p2a: Zacian\n|\n|upkeep\n|\n|t:|1697822978\n|switch|p2a: Giratina|Giratina-Origin, shiny|41\/100\n|-damage|p2a: Giratina|28\/100|[from] Stealth Rock\n|turn|10\n|\n|t:|1697822989\n|-terastallize|p2a: Giratina|Steel\n|move|p1a: Arceus|Ice Beam|p2a: Giratina\n|-resisted|p2a: Giratina\n|-damage|p2a: Giratina|19\/100\n|move|p2a: Giratina|Defog|p1a: Arceus\n|-unboost|p1a: Arceus|evasion|1\n|-sideend|p2: mlgpokeballer|Spikes|[from] move: Defog|[of] p2a: Giratina\n|-sideend|p2: mlgpokeballer|Toxic Spikes|[from] move: Defog|[of] p2a: Giratina\n|-sideend|p2: mlgpokeballer|Stealth Rock|[from] move: Defog|[of] p2a: Giratina\n|\n|upkeep\n|turn|11\n|\n|t:|1697822996\n|move|p1a: Arceus|Calm Mind|p1a: Arceus\n|-boost|p1a: Arceus|spa|1\n|-boost|p1a: Arceus|spd|1\n|move|p2a: Giratina|Dragon Tail|p1a: Arceus\n|-damage|p1a: Arceus|18\/100\n|drag|p1a: Flutter Mane|Flutter Mane|100\/100\n|\n|upkeep\n|turn|12\n|inactive|IoSonoNeon has 120 seconds left.\n|\n|t:|1697823040\n|move|p1a: Flutter Mane|Shadow Ball|p2a: Giratina\n|-damage|p2a: Giratina|0 fnt\n|faint|p2a: Giratina\n|\n|upkeep\n|\n|t:|1697823046\n|switch|p2a: Ting-Lu|Ting-Lu|100\/100\n|-ability|p2a: Ting-Lu|Vessel of Ruin\n|turn|13\n|inactive|IoSonoNeon has 120 seconds left.\n|\n|t:|1697823071\n|-end|p1a: Flutter Mane|Protosynthesis|[silent]\n|switch|p1a: Arceus|Arceus-Ground|18\/100\n|move|p2a: Ting-Lu|Spikes|p1a: Arceus\n|-sidestart|p1: IoSonoNeon|Spikes\n|\n|upkeep\n|turn|14\n|\n|t:|1697823077\n|move|p1a: Arceus|Recover|p1a: Arceus\n|-heal|p1a: Arceus|68\/100\n|move|p2a: Ting-Lu|Spikes|p1a: Arceus\n|-sidestart|p1: IoSonoNeon|Spikes\n|\n|upkeep\n|turn|15\n|inactive|IoSonoNeon has 120 seconds left.\n|\n|t:|1697823093\n|move|p1a: Arceus|Calm Mind|p1a: Arceus\n|-boost|p1a: Arceus|spa|1\n|-boost|p1a: Arceus|spd|1\n|move|p2a: Ting-Lu|Spikes|p1a: Arceus\n|-sidestart|p1: IoSonoNeon|Spikes\n|\n|upkeep\n|turn|16\n|\n|t:|1697823095\n|move|p1a: Arceus|Recover|p1a: Arceus\n|-heal|p1a: Arceus|100\/100\n|move|p2a: Ting-Lu|Whirlwind|p1a: Arceus\n|drag|p1a: Ogerpon|Ogerpon-Hearthflame, F|56\/100\n|-damage|p1a: Ogerpon|31\/100|[from] Spikes\n|-ability|p1a: Ogerpon|Mold Breaker\n|\n|upkeep\n|turn|17\n|\n|t:|1697823105\n|move|p1a: Ogerpon|Trailblaze|p2a: Ting-Lu\n|-supereffective|p2a: Ting-Lu\n|-damage|p2a: Ting-Lu|65\/100\n|-boost|p1a: Ogerpon|spe|1\n|move|p2a: Ting-Lu|Earthquake|p1a: Ogerpon\n|-damage|p1a: Ogerpon|0 fnt\n|faint|p1a: Ogerpon\n|\n|-heal|p2a: Ting-Lu|71\/100|[from] item: Leftovers\n|upkeep\n|inactive|IoSonoNeon has 120 seconds left.\n|\n|t:|1697823133\n|switch|p1a: Koraidon|Koraidon|100\/100\n|-damage|p1a: Koraidon|76\/100|[from] Spikes\n|-weather|SunnyDay|[from] ability: Orichalcum Pulse|[of] p1a: Koraidon\n|-activate|p1a: Koraidon|Orichalcum Pulse|[source]\n|turn|18\n|\n|t:|1697823141\n|switch|p2a: Skeledirge|Skeledirge, F, shiny|100\/100\n|move|p1a: Koraidon|Scale Shot|p2a: Skeledirge\n|-damage|p2a: Skeledirge|90\/100\n|-damage|p2a: Skeledirge|80\/100\n|-damage|p2a: Skeledirge|69\/100\n|-damage|p2a: Skeledirge|59\/100\n|-hitcount|p2a: Skeledirge|4\n|-unboost|p1a: Koraidon|def|1\n|-boost|p1a: Koraidon|spe|1\n|\n|-weather|SunnyDay|[upkeep]\n|upkeep\n|turn|19\n|inactive|IoSonoNeon has 120 seconds left.\n|\n|t:|1697823158\n|switch|p1a: Arceus|Arceus-Ground|100\/100\n|-damage|p1a: Arceus|76\/100|[from] Spikes\n|move|p2a: Skeledirge|Slack Off|p2a: Skeledirge\n|-heal|p2a: Skeledirge|100\/100\n|\n|-weather|SunnyDay|[upkeep]\n|upkeep\n|turn|20\n|l|+OreoSpeedruns\n|\n|t:|1697823180\n|switch|p2a: Ting-Lu|Ting-Lu|71\/100\n|-ability|p2a: Ting-Lu|Vessel of Ruin\n|move|p1a: Arceus|Judgment|p2a: Ting-Lu\n|-damage|p2a: Ting-Lu|50\/100\n|\n|-weather|SunnyDay|[upkeep]\n|-heal|p2a: Ting-Lu|56\/100|[from] item: Leftovers\n|upkeep\n|turn|21\n|\n|t:|1697823186\n|move|p1a: Arceus|Ice Beam|p2a: Ting-Lu\n|-supereffective|p2a: Ting-Lu\n|-damage|p2a: Ting-Lu|34\/100\n|move|p2a: Ting-Lu|Whirlwind|p1a: Arceus\n|drag|p1a: Flutter Mane|Flutter Mane|100\/100\n|-damage|p1a: Flutter Mane|76\/100|[from] Spikes\n|-activate|p1a: Flutter Mane|ability: Protosynthesis\n|-start|p1a: Flutter Mane|protosynthesisspe\n|\n|-weather|SunnyDay|[upkeep]\n|-heal|p2a: Ting-Lu|40\/100|[from] item: Leftovers\n|upkeep\n|turn|22\n|inactive|IoSonoNeon has 90 seconds left.\n|\n|t:|1697823228\n|move|p1a: Flutter Mane|Moonblast|p2a: Ting-Lu\n|-supereffective|p2a: Ting-Lu\n|-damage|p2a: Ting-Lu|0 fnt\n|faint|p2a: Ting-Lu\n|\n|-weather|none\n|-end|p1a: Flutter Mane|Protosynthesis\n|upkeep\n|\n|t:|1697823230\n|switch|p2a: Skeledirge|Skeledirge, F, shiny|100\/100\n|turn|23\n|\n|t:|1697823233\n|-end|p1a: Flutter Mane|Protosynthesis|[silent]\n|switch|p1a: Arceus|Arceus-Ground|76\/100\n|-damage|p1a: Arceus|51\/100|[from] Spikes\n|move|p2a: Skeledirge|Torch Song|p1a: Arceus\n|-damage|p1a: Arceus|30\/100\n|-boost|p2a: Skeledirge|spa|1\n|\n|upkeep\n|turn|24\n|\n|t:|1697823243\n|switch|p2a: Koraidon|Koraidon|100\/100\n|-weather|SunnyDay|[from] ability: Orichalcum Pulse|[of] p2a: Koraidon\n|-activate|p2a: Koraidon|Orichalcum Pulse|[source]\n|move|p1a: Arceus|Judgment|p2a: Koraidon\n|-damage|p2a: Koraidon|50\/100\n|\n|-weather|SunnyDay|[upkeep]\n|upkeep\n|turn|25\n|\n|t:|1697823254\n|move|p2a: Koraidon|Flare Blitz|p1a: Arceus\n|-damage|p1a: Arceus|0 fnt\n|faint|p1a: Arceus\n|-damage|p2a: Koraidon|37\/100|[from] Recoil\n|\n|-weather|SunnyDay|[upkeep]\n|upkeep\n|\n|t:|1697823274\n|switch|p1a: Flutter Mane|Flutter Mane|76\/100\n|-damage|p1a: Flutter Mane|51\/100|[from] Spikes\n|-activate|p1a: Flutter Mane|ability: Protosynthesis\n|-start|p1a: Flutter Mane|protosynthesisspe\n|turn|26\n|\n|t:|1697823276\n|move|p1a: Flutter Mane|Shadow Ball|p2a: Koraidon\n|-damage|p2a: Koraidon|0 fnt\n|faint|p2a: Koraidon\n|\n|-weather|SunnyDay|[upkeep]\n|upkeep\n|\n|t:|1697823278\n|switch|p2a: Miraidon|Miraidon|100\/100\n|-fieldstart|move: Electric Terrain|[from] ability: Hadron Engine|[of] p2a: Miraidon\n|turn|27\n|\n|t:|1697823289\n|-end|p1a: Flutter Mane|Protosynthesis|[silent]\n|switch|p1a: Koraidon|Koraidon|76\/100\n|-damage|p1a: Koraidon|51\/100|[from] Spikes\n|-activate|p1a: Koraidon|ability: Orichalcum Pulse\n|move|p2a: Miraidon|Electro Drift|p1a: Koraidon\n|-resisted|p1a: Koraidon\n|-damage|p1a: Koraidon|0 fnt\n|faint|p1a: Koraidon\n|\n|-weather|SunnyDay|[upkeep]\n|upkeep\n|\n|t:|1697823294\n|switch|p1a: Flutter Mane|Flutter Mane|51\/100\n|-damage|p1a: Flutter Mane|26\/100|[from] Spikes\n|-activate|p1a: Flutter Mane|ability: Protosynthesis\n|-start|p1a: Flutter Mane|protosynthesisspe\n|turn|28\n|\n|t:|1697823297\n|switch|p2a: Skeledirge|Skeledirge, F, shiny|100\/100\n|move|p1a: Flutter Mane|Shadow Ball|p2a: Skeledirge\n|-supereffective|p2a: Skeledirge\n|-damage|p2a: Skeledirge|7\/100\n|\n|-weather|none\n|-end|p1a: Flutter Mane|Protosynthesis\n|upkeep\n|turn|29\n|\n|t:|1697823299\n|move|p1a: Flutter Mane|Shadow Ball|p2a: Skeledirge\n|-supereffective|p2a: Skeledirge\n|-damage|p2a: Skeledirge|0 fnt\n|faint|p2a: Skeledirge\n|\n|upkeep\n|\n|t:|1697823300\n|switch|p2a: Miraidon|Miraidon|100\/100\n|-activate|p2a: Miraidon|ability: Hadron Engine\n|turn|30\n|\n|t:|1697823304\n|move|p1a: Flutter Mane|Shadow Ball|p2a: Miraidon\n|-damage|p2a: Miraidon|65\/100\n|-unboost|p2a: Miraidon|spd|1\n|move|p2a: Miraidon|Electro Drift|p1a: Flutter Mane\n|-damage|p1a: Flutter Mane|0 fnt\n|faint|p1a: Flutter Mane\n|-end|p1a: Flutter Mane|Protosynthesis|[silent]\n|\n|upkeep\n|\n|t:|1697823309\n|switch|p1a: Kingambit|Kingambit, F|100\/100\n|-damage|p1a: Kingambit|76\/100|[from] Spikes\n|-activate|p1a: Kingambit|ability: Supreme Overlord\n|-start|p1a: Kingambit|fallen5|[silent]\n|turn|31\n|\n|t:|1697823311\n|-terastallize|p1a: Kingambit|Dark\n|move|p1a: Kingambit|Sucker Punch|p2a: Miraidon\n|-damage|p2a: Miraidon|0 fnt\n|faint|p2a: Miraidon\n|\n|win|IoSonoNeon\n|n|\u2606IoSonoNeon|iosononeon\n|n|\u2606mlgpokeballer|mlgpokeballer\n|n| righteous light|righteouslight\n","uploadtime":1697823312,"views":10,"p1id":"iosononeon","p2id":"mlgpokeballer","formatid":"gen9ubers","rating":0,"private":0,"password":""}