{"id":"gen9ubers-1987785106","p1":"56789ya","p2":"AnneAGES","format":"[Gen 9] Ubers","log":"|j|\u260656789ya\n|j|\u2606AnneAGES\n|t:|1699636657\n|gametype|singles\n|player|p1|56789ya|boarder|1337\n|player|p2|AnneAGES|265|1357\n|teamsize|p1|6\n|teamsize|p2|6\n|gen|9\n|tier|[Gen 9] Ubers\n|rated|\n|rule|Sleep Clause Mod: Limit one foe put to sleep\n|rule|Species Clause: Limit one of each Pok\u00e9mon\n|rule|OHKO Clause: OHKO moves are banned\n|rule|Evasion Items Clause: Evasion items are banned\n|rule|Evasion Moves Clause: Evasion moves are banned\n|rule|Endless Battle Clause: Forcing endless battles is banned\n|rule|HP Percentage Mod: HP is shown in percentages\n|clearpoke\n|poke|p1|Ting-Lu|\n|poke|p1|Miraidon|\n|poke|p1|Calyrex-Ice|\n|poke|p1|Kyogre|\n|poke|p1|Skeledirge, F|\n|poke|p1|Arceus-Grass|\n|poke|p2|Grimmsnarl, M|\n|poke|p2|Miraidon|\n|poke|p2|Zacian-*|\n|poke|p2|Iron Moth|\n|poke|p2|Arceus-Fighting|\n|poke|p2|Cyclizar, F|\n|teampreview\n|inactive|Battle timer is ON: inactive players will automatically lose when time's up. (requested by AnneAGES)\n|\n|t:|1699636672\n|start\n|switch|p1a: Skeledirge|Skeledirge, F|100\/100\n|switch|p2a: Grimmsnarl|Grimmsnarl, M|100\/100\n|turn|1\n|\n|t:|1699636678\n|move|p2a: Grimmsnarl|Light Screen|p2a: Grimmsnarl\n|-sidestart|p2: AnneAGES|move: Light Screen\n|move|p1a: Skeledirge|Will-O-Wisp|p2a: Grimmsnarl\n|-status|p2a: Grimmsnarl|brn\n|\n|-damage|p2a: Grimmsnarl|94\/100 brn|[from] brn\n|upkeep\n|turn|2\n|\n|t:|1699636705\n|switch|p1a: Calyrex|Calyrex-Ice|100\/100\n|-ability|p1a: Calyrex|As One\n|-ability|p1a: Calyrex|Unnerve\n|move|p2a: Grimmsnarl|Parting Shot|p1a: Calyrex\n|-unboost|p1a: Calyrex|atk|1\n|-unboost|p1a: Calyrex|spa|1\n|\n|t:|1699636714\n|switch|p2a: Cyclizar|Cyclizar, F|100\/100|[from] Parting Shot\n|\n|upkeep\n|turn|3\n|\n|t:|1699636727\n|switch|p1a: Kyogre|Kyogre|100\/100\n|-weather|RainDance|[from] ability: Drizzle|[of] p1a: Kyogre\n|move|p2a: Cyclizar|Shed Tail|p2a: Cyclizar\n|-start|p2a: Cyclizar|Substitute|[from] move: Shed Tail\n|-damage|p2a: Cyclizar|50\/100\n|\n|t:|1699636735\n|switch|p2a: Miraidon|Miraidon|100\/100|[from] Shed Tail\n|-fieldstart|move: Electric Terrain|[from] ability: Hadron Engine|[of] p2a: Miraidon\n|\n|-weather|RainDance|[upkeep]\n|upkeep\n|turn|4\n|\n|t:|1699636745\n|switch|p1a: Arceus|Arceus-Grass, shiny|100\/100\n|move|p2a: Miraidon|Calm Mind|p2a: Miraidon\n|-boost|p2a: Miraidon|spa|1\n|-boost|p2a: Miraidon|spd|1\n|\n|-weather|RainDance|[upkeep]\n|upkeep\n|turn|5\n|\n|t:|1699636751\n|move|p1a: Arceus|Calm Mind|p1a: Arceus\n|-boost|p1a: Arceus|spa|1\n|-boost|p1a: Arceus|spd|1\n|move|p2a: Miraidon|Agility|p2a: Miraidon\n|-boost|p2a: Miraidon|spe|2\n|\n|-weather|RainDance|[upkeep]\n|upkeep\n|turn|6\n|\n|t:|1699636758\n|move|p2a: Miraidon|Calm Mind|p2a: Miraidon\n|-boost|p2a: Miraidon|spa|1\n|-boost|p2a: Miraidon|spd|1\n|move|p1a: Arceus|Calm Mind|p1a: Arceus\n|-boost|p1a: Arceus|spa|1\n|-boost|p1a: Arceus|spd|1\n|\n|-weather|RainDance|[upkeep]\n|upkeep\n|turn|7\n|\n|t:|1699636765\n|move|p2a: Miraidon|Calm Mind|p2a: Miraidon\n|-boost|p2a: Miraidon|spa|1\n|-boost|p2a: Miraidon|spd|1\n|move|p1a: Arceus|Calm Mind|p1a: Arceus\n|-boost|p1a: Arceus|spa|1\n|-boost|p1a: Arceus|spd|1\n|\n|-weather|none\n|-fieldend|move: Electric Terrain\n|upkeep\n|turn|8\n|\n|t:|1699636772\n|move|p2a: Miraidon|Calm Mind|p2a: Miraidon\n|-boost|p2a: Miraidon|spa|1\n|-boost|p2a: Miraidon|spd|1\n|move|p1a: Arceus|Calm Mind|p1a: Arceus\n|-boost|p1a: Arceus|spa|1\n|-boost|p1a: Arceus|spd|1\n|\n|-sideend|p2: AnneAGES|move: Light Screen\n|upkeep\n|turn|9\n|\n|t:|1699636778\n|move|p2a: Miraidon|Calm Mind|p2a: Miraidon\n|-boost|p2a: Miraidon|spa|1\n|-boost|p2a: Miraidon|spd|1\n|move|p1a: Arceus|Calm Mind|p1a: Arceus\n|-boost|p1a: Arceus|spa|1\n|-boost|p1a: Arceus|spd|1\n|\n|upkeep\n|turn|10\n|\n|t:|1699636784\n|move|p2a: Miraidon|Calm Mind|p2a: Miraidon\n|-boost|p2a: Miraidon|spa|1\n|-boost|p2a: Miraidon|spd|1\n|move|p1a: Arceus|Calm Mind|p1a: Arceus\n|-boost|p1a: Arceus|spa|1\n|-boost|p1a: Arceus|spd|1\n|\n|upkeep\n|turn|11\n|\n|t:|1699636791\n|move|p2a: Miraidon|Parabolic Charge|p1a: Arceus\n|-resisted|p1a: Arceus\n|-damage|p1a: Arceus|87\/100\n|move|p1a: Arceus|Recover|p1a: Arceus\n|-heal|p1a: Arceus|100\/100\n|\n|upkeep\n|turn|12\n|\n|t:|1699636800\n|move|p2a: Miraidon|Dazzling Gleam|p1a: Arceus\n|-damage|p1a: Arceus|78\/100\n|move|p1a: Arceus|Grass Knot|p2a: Miraidon\n|-resisted|p2a: Miraidon\n|-activate|p2a: Miraidon|move: Substitute|[damage]\n|\n|upkeep\n|turn|13\n|\n|t:|1699636808\n|move|p2a: Miraidon|Dazzling Gleam|p1a: Arceus\n|-damage|p1a: Arceus|58\/100\n|move|p1a: Arceus|Grass Knot|p2a: Miraidon\n|-resisted|p2a: Miraidon\n|-end|p2a: Miraidon|Substitute\n|\n|upkeep\n|turn|14\n|\n|t:|1699636814\n|move|p2a: Miraidon|Dazzling Gleam|p1a: Arceus\n|-damage|p1a: Arceus|36\/100\n|move|p1a: Arceus|Recover|p1a: Arceus\n|-heal|p1a: Arceus|86\/100\n|\n|upkeep\n|turn|15\n|\n|t:|1699636819\n|move|p2a: Miraidon|Dazzling Gleam|p1a: Arceus\n|-damage|p1a: Arceus|65\/100\n|move|p1a: Arceus|Grass Knot|p2a: Miraidon\n|-resisted|p2a: Miraidon\n|-damage|p2a: Miraidon|78\/100\n|\n|-heal|p2a: Miraidon|84\/100|[from] item: Leftovers\n|upkeep\n|turn|16\n|\n|t:|1699636826\n|move|p2a: Miraidon|Dazzling Gleam|p1a: Arceus\n|-damage|p1a: Arceus|46\/100\n|move|p1a: Arceus|Recover|p1a: Arceus\n|-heal|p1a: Arceus|96\/100\n|\n|-heal|p2a: Miraidon|91\/100|[from] item: Leftovers\n|upkeep\n|turn|17\n|\n|t:|1699636836\n|move|p2a: Miraidon|Parabolic Charge|p1a: Arceus\n|-resisted|p1a: Arceus\n|-damage|p1a: Arceus|84\/100\n|-heal|p2a: Miraidon|97\/100|[from] drain|[of] p1a: Arceus\n|move|p1a: Arceus|Flamethrower|p2a: Miraidon\n|-resisted|p2a: Miraidon\n|-damage|p2a: Miraidon|89\/100\n|\n|-heal|p2a: Miraidon|95\/100|[from] item: Leftovers\n|upkeep\n|turn|18\n|\n|t:|1699636845\n|move|p2a: Miraidon|Dazzling Gleam|p1a: Arceus\n|-damage|p1a: Arceus|64\/100\n|move|p1a: Arceus|Flamethrower|p2a: Miraidon\n|-resisted|p2a: Miraidon\n|-damage|p2a: Miraidon|86\/100\n|\n|-heal|p2a: Miraidon|93\/100|[from] item: Leftovers\n|upkeep\n|turn|19\n|\n|t:|1699636852\n|move|p2a: Miraidon|Dazzling Gleam|p1a: Arceus\n|-damage|p1a: Arceus|44\/100\n|move|p1a: Arceus|Flamethrower|p2a: Miraidon\n|-resisted|p2a: Miraidon\n|-damage|p2a: Miraidon|83\/100\n|\n|-heal|p2a: Miraidon|89\/100|[from] item: Leftovers\n|upkeep\n|turn|20\n|\n|t:|1699636859\n|move|p2a: Miraidon|Dazzling Gleam|p1a: Arceus\n|-damage|p1a: Arceus|23\/100\n|move|p1a: Arceus|Recover|p1a: Arceus\n|-heal|p1a: Arceus|73\/100\n|\n|-heal|p2a: Miraidon|96\/100|[from] item: Leftovers\n|upkeep\n|turn|21\n|\n|t:|1699636866\n|move|p2a: Miraidon|Dazzling Gleam|p1a: Arceus\n|-damage|p1a: Arceus|51\/100\n|move|p1a: Arceus|Flamethrower|p2a: Miraidon\n|-resisted|p2a: Miraidon\n|-damage|p2a: Miraidon|87\/100\n|\n|-heal|p2a: Miraidon|93\/100|[from] item: Leftovers\n|upkeep\n|turn|22\n|\n|t:|1699636873\n|move|p2a: Miraidon|Dazzling Gleam|p1a: Arceus\n|-damage|p1a: Arceus|29\/100\n|move|p1a: Arceus|Recover|p1a: Arceus\n|-heal|p1a: Arceus|79\/100\n|\n|-heal|p2a: Miraidon|99\/100|[from] item: Leftovers\n|upkeep\n|turn|23\n|\n|t:|1699636880\n|move|p2a: Miraidon|Dazzling Gleam|p1a: Arceus\n|-damage|p1a: Arceus|59\/100\n|move|p1a: Arceus|Flamethrower|p2a: Miraidon\n|-resisted|p2a: Miraidon\n|-damage|p2a: Miraidon|89\/100\n|\n|-heal|p2a: Miraidon|95\/100|[from] item: Leftovers\n|upkeep\n|turn|24\n|\n|t:|1699636887\n|move|p2a: Miraidon|Dazzling Gleam|p1a: Arceus\n|-damage|p1a: Arceus|36\/100\n|move|p1a: Arceus|Flamethrower|p2a: Miraidon\n|-resisted|p2a: Miraidon\n|-damage|p2a: Miraidon|87\/100\n|-status|p2a: Miraidon|brn\n|\n|-heal|p2a: Miraidon|93\/100 brn|[from] item: Leftovers\n|-damage|p2a: Miraidon|87\/100 brn|[from] brn\n|upkeep\n|turn|25\n|\n|t:|1699636897\n|move|p2a: Miraidon|Dazzling Gleam|p1a: Arceus\n|-damage|p1a: Arceus|16\/100\n|move|p1a: Arceus|Recover|p1a: Arceus\n|-heal|p1a: Arceus|66\/100\n|\n|-heal|p2a: Miraidon|93\/100 brn|[from] item: Leftovers\n|-damage|p2a: Miraidon|87\/100 brn|[from] brn\n|upkeep\n|turn|26\n|\n|t:|1699636920\n|move|p2a: Miraidon|Parabolic Charge|p1a: Arceus\n|-resisted|p1a: Arceus\n|-crit|p1a: Arceus\n|-damage|p1a: Arceus|0 fnt\n|-heal|p2a: Miraidon|100\/100 brn|[from] drain|[of] p1a: Arceus\n|faint|p1a: Arceus\n|\n|-damage|p2a: Miraidon|94\/100 brn|[from] brn\n|upkeep\n|inactive|56789ya has 120 seconds left.\n|\n|t:|1699636946\n|switch|p1a: Ting-Lu|Ting-Lu|100\/100\n|-ability|p1a: Ting-Lu|Vessel of Ruin\n|turn|27\n|inactive|56789ya has 120 seconds left.\n|\n|t:|1699636969\n|-terastallize|p2a: Miraidon|Fairy\n|-terastallize|p1a: Ting-Lu|Poison\n|move|p2a: Miraidon|Dazzling Gleam|p1a: Ting-Lu\n|-resisted|p1a: Ting-Lu\n|-damage|p1a: Ting-Lu|64\/100\n|move|p1a: Ting-Lu|Whirlwind|p2a: Miraidon\n|drag|p2a: Arceus|Arceus-Fighting|100\/100\n|\n|-heal|p1a: Ting-Lu|70\/100|[from] item: Leftovers\n|upkeep\n|turn|28\n|\n|t:|1699636981\n|move|p2a: Arceus|Cosmic Power|p2a: Arceus\n|-boost|p2a: Arceus|def|1\n|-boost|p2a: Arceus|spd|1\n|move|p1a: Ting-Lu|Spikes|p2a: Arceus\n|-sidestart|p2: AnneAGES|Spikes\n|\n|-heal|p1a: Ting-Lu|76\/100|[from] item: Leftovers\n|upkeep\n|turn|29\n|\n|t:|1699636988\n|move|p2a: Arceus|Cosmic Power|p2a: Arceus\n|-boost|p2a: Arceus|def|1\n|-boost|p2a: Arceus|spd|1\n|move|p1a: Ting-Lu|Whirlwind|p2a: Arceus\n|drag|p2a: Iron Moth|Iron Moth|100\/100\n|-damage|p2a: Iron Moth|88\/100|[from] Spikes\n|-enditem|p2a: Iron Moth|Booster Energy\n|-activate|p2a: Iron Moth|ability: Quark Drive|[fromitem]\n|-start|p2a: Iron Moth|quarkdrivespa\n|\n|-heal|p1a: Ting-Lu|82\/100|[from] item: Leftovers\n|upkeep\n|turn|30\n|inactive|56789ya has 120 seconds left.\n|\n|t:|1699637003\n|switch|p1a: Miraidon|Miraidon|100\/100\n|-fieldstart|move: Electric Terrain|[from] ability: Hadron Engine|[of] p1a: Miraidon\n|move|p2a: Iron Moth|Psychic|p1a: Miraidon\n|-damage|p1a: Miraidon|61\/100\n|\n|upkeep\n|turn|31\n|inactive|56789ya has 120 seconds left.\n|\n|t:|1699637011\n|move|p1a: Miraidon|Electro Drift|p2a: Iron Moth\n|-damage|p2a: Iron Moth|0 fnt\n|faint|p2a: Iron Moth\n|-end|p2a: Iron Moth|Quark Drive|[silent]\n|\n|upkeep\n|\n|t:|1699637015\n|switch|p2a: Grimmsnarl|Grimmsnarl, M|94\/100 brn\n|-damage|p2a: Grimmsnarl|82\/100 brn|[from] Spikes\n|turn|32\n|inactive|56789ya has 120 seconds left.\n|\n|t:|1699637031\n|move|p2a: Grimmsnarl|Light Screen|p2a: Grimmsnarl\n|-sidestart|p2: AnneAGES|move: Light Screen\n|move|p1a: Miraidon|Flash Cannon|p2a: Grimmsnarl\n|-supereffective|p2a: Grimmsnarl\n|-damage|p2a: Grimmsnarl|52\/100 brn\n|\n|-damage|p2a: Grimmsnarl|45\/100 brn|[from] brn\n|upkeep\n|turn|33\n|inactive|56789ya has 120 seconds left.\n|inactive|AnneAGES has 120 seconds left.\n|inactive|56789ya has 90 seconds left.\n|\n|t:|1699637090\n|switch|p1a: Ting-Lu|Ting-Lu, tera:Poison|82\/100\n|-ability|p1a: Ting-Lu|Vessel of Ruin\n|move|p2a: Grimmsnarl|Parting Shot|p1a: Ting-Lu\n|-unboost|p1a: Ting-Lu|atk|1\n|-unboost|p1a: Ting-Lu|spa|1\n|\n|t:|1699637095\n|switch|p2a: Cyclizar|Cyclizar, F|84\/100|[from] Parting Shot\n|-damage|p2a: Cyclizar|71\/100|[from] Spikes\n|\n|-heal|p1a: Ting-Lu|88\/100|[from] item: Leftovers\n|upkeep\n|turn|34\n|\n|t:|1699637104\n|switch|p1a: Skeledirge|Skeledirge, F|100\/100\n|move|p2a: Cyclizar|Shed Tail|p2a: Cyclizar\n|-start|p2a: Cyclizar|Substitute|[from] move: Shed Tail\n|-damage|p2a: Cyclizar|21\/100\n|\n|t:|1699637115\n|switch|p2a: Miraidon|Miraidon, tera:Fairy|94\/100 brn|[from] Shed Tail\n|-damage|p2a: Miraidon|82\/100 brn|[from] Spikes\n|-activate|p2a: Miraidon|ability: Hadron Engine\n|\n|-heal|p2a: Miraidon|88\/100 brn|[from] item: Leftovers\n|-damage|p2a: Miraidon|82\/100 brn|[from] brn\n|-fieldend|move: Electric Terrain\n|upkeep\n|turn|35\n|\n|t:|1699637127\n|move|p2a: Miraidon|Calm Mind|p2a: Miraidon\n|-boost|p2a: Miraidon|spa|1\n|-boost|p2a: Miraidon|spd|1\n|move|p1a: Skeledirge|Torch Song|p2a: Miraidon\n|-damage|p2a: Miraidon|74\/100 brn\n|-boost|p1a: Skeledirge|spa|1\n|\n|-heal|p2a: Miraidon|80\/100 brn|[from] item: Leftovers\n|-damage|p2a: Miraidon|74\/100 brn|[from] brn\n|upkeep\n|turn|36\n|inactive|AnneAGES has 120 seconds left.\n|\n|t:|1699637136\n|move|p2a: Miraidon|Parabolic Charge|p1a: Skeledirge\n|-damage|p1a: Skeledirge|41\/100\n|-heal|p2a: Miraidon|100\/100 brn|[from] drain|[of] p1a: Skeledirge\n|move|p1a: Skeledirge|Torch Song|p2a: Miraidon\n|-damage|p2a: Miraidon|90\/100 brn\n|-boost|p1a: Skeledirge|spa|1\n|\n|-heal|p2a: Miraidon|96\/100 brn|[from] item: Leftovers\n|-damage|p2a: Miraidon|90\/100 brn|[from] brn\n|upkeep\n|turn|37\n|\n|t:|1699637146\n|move|p2a: Miraidon|Parabolic Charge|p1a: Skeledirge\n|-damage|p1a: Skeledirge|0 fnt\n|-heal|p2a: Miraidon|100\/100 brn|[from] drain|[of] p1a: Skeledirge\n|faint|p1a: Skeledirge\n|\n|-damage|p2a: Miraidon|94\/100 brn|[from] brn\n|upkeep\n|\n|t:|1699637168\n|switch|p1a: Calyrex|Calyrex-Ice|100\/100\n|-ability|p1a: Calyrex|As One\n|-ability|p1a: Calyrex|Unnerve\n|turn|38\n|inactive|AnneAGES has 120 seconds left.\n|\n|t:|1699637214\n|move|p2a: Miraidon|Parabolic Charge|p1a: Calyrex\n|-damage|p1a: Calyrex|59\/100\n|-heal|p2a: Miraidon|100\/100 brn|[from] drain|[of] p1a: Calyrex\n|move|p1a: Calyrex|Glacial Lance|p2a: Miraidon\n|-end|p2a: Miraidon|Substitute\n|\n|-damage|p2a: Miraidon|94\/100 brn|[from] brn\n|upkeep\n|turn|39\n|\n|t:|1699637224\n|move|p2a: Miraidon|Calm Mind|p2a: Miraidon\n|-boost|p2a: Miraidon|spa|1\n|-boost|p2a: Miraidon|spd|1\n|move|p1a: Calyrex|Glacial Lance|p2a: Miraidon\n|-damage|p2a: Miraidon|19\/100 brn\n|\n|-heal|p2a: Miraidon|25\/100 brn|[from] item: Leftovers\n|-damage|p2a: Miraidon|19\/100 brn|[from] brn\n|-sideend|p2: AnneAGES|move: Light Screen\n|upkeep\n|turn|40\n|\n|t:|1699637233\n|move|p2a: Miraidon|Parabolic Charge|p1a: Calyrex\n|-damage|p1a: Calyrex|8\/100\n|-heal|p2a: Miraidon|44\/100 brn|[from] drain|[of] p1a: Calyrex\n|move|p1a: Calyrex|Glacial Lance|p2a: Miraidon\n|-damage|p2a: Miraidon|0 fnt\n|faint|p2a: Miraidon\n|-ability|p1a: Calyrex|Chilling Neigh|boost\n|-boost|p1a: Calyrex|atk|1\n|\n|upkeep\n|\n|t:|1699637243\n|switch|p2a: Arceus|Arceus-Fighting|100\/100\n|-damage|p2a: Arceus|88\/100|[from] Spikes\n|turn|41\n|\n|t:|1699637251\n|switch|p1a: Kyogre|Kyogre|100\/100\n|-weather|RainDance|[from] ability: Drizzle|[of] p1a: Kyogre\n|move|p2a: Arceus|Cosmic Power|p2a: Arceus\n|-boost|p2a: Arceus|def|1\n|-boost|p2a: Arceus|spd|1\n|\n|-weather|RainDance|[upkeep]\n|upkeep\n|turn|42\n|inactive|56789ya has 120 seconds left.\n|-activate|p1a: Kyogre|item: Quick Claw\n|\n|t:|1699637259\n|move|p1a: Kyogre|Origin Pulse|p2a: Arceus\n|-damage|p2a: Arceus|44\/100\n|move|p2a: Arceus|Cosmic Power|p2a: Arceus\n|-boost|p2a: Arceus|def|1\n|-boost|p2a: Arceus|spd|1\n|\n|-weather|RainDance|[upkeep]\n|upkeep\n|turn|43\n|\n|t:|1699637266\n|move|p2a: Arceus|Recover|p2a: Arceus\n|-heal|p2a: Arceus|94\/100\n|move|p1a: Kyogre|Origin Pulse|p2a: Arceus\n|-damage|p2a: Arceus|59\/100\n|\n|-weather|RainDance|[upkeep]\n|upkeep\n|turn|44\n|\n|t:|1699637272\n|move|p2a: Arceus|Cosmic Power|p2a: Arceus\n|-boost|p2a: Arceus|def|1\n|-boost|p2a: Arceus|spd|1\n|move|p1a: Kyogre|Water Spout|p2a: Arceus\n|-damage|p2a: Arceus|27\/100\n|\n|-weather|RainDance|[upkeep]\n|upkeep\n|turn|45\n|\n|t:|1699637280\n|switch|p1a: Ting-Lu|Ting-Lu, tera:Poison|88\/100\n|-ability|p1a: Ting-Lu|Vessel of Ruin\n|move|p2a: Arceus|Recover|p2a: Arceus\n|-heal|p2a: Arceus|77\/100\n|\n|-weather|none\n|-heal|p1a: Ting-Lu|95\/100|[from] item: Leftovers\n|upkeep\n|turn|46\n|\n|t:|1699637289\n|move|p2a: Arceus|Stored Power|p1a: Ting-Lu\n|-supereffective|p1a: Ting-Lu\n|-damage|p1a: Ting-Lu|64\/100\n|move|p1a: Ting-Lu|Whirlwind|p2a: Arceus\n|drag|p2a: Grimmsnarl|Grimmsnarl, M|45\/100 brn\n|-damage|p2a: Grimmsnarl|33\/100 brn|[from] Spikes\n|\n|-heal|p1a: Ting-Lu|71\/100|[from] item: Leftovers\n|-damage|p2a: Grimmsnarl|27\/100 brn|[from] brn\n|upkeep\n|turn|47\n|\n|t:|1699637299\n|move|p2a: Grimmsnarl|Taunt|p1a: Ting-Lu\n|-start|p1a: Ting-Lu|move: Taunt\n|cant|p1a: Ting-Lu|move: Taunt|Spikes\n|\n|-heal|p1a: Ting-Lu|77\/100|[from] item: Leftovers\n|-damage|p2a: Grimmsnarl|21\/100 brn|[from] brn\n|upkeep\n|turn|48\n|\n|t:|1699637305\n|move|p2a: Grimmsnarl|Reflect|p2a: Grimmsnarl\n|-sidestart|p2: AnneAGES|Reflect\n|move|p1a: Ting-Lu|Earthquake|p2a: Grimmsnarl\n|-damage|p2a: Grimmsnarl|0 fnt\n|faint|p2a: Grimmsnarl\n|\n|-heal|p1a: Ting-Lu|83\/100|[from] item: Leftovers\n|upkeep\n|\n|t:|1699637311\n|switch|p2a: Cyclizar|Cyclizar, F|54\/100\n|-damage|p2a: Cyclizar|42\/100|[from] Spikes\n|turn|49\n|\n|t:|1699637314\n|move|p2a: Cyclizar|Shed Tail|p2a: Cyclizar\n|-fail|p2a: Cyclizar|move: Shed Tail|[weak]\n|move|p1a: Ting-Lu|Earthquake|p2a: Cyclizar\n|-damage|p2a: Cyclizar|15\/100\n|\n|-heal|p1a: Ting-Lu|89\/100|[from] item: Leftovers\n|-end|p1a: Ting-Lu|move: Taunt\n|upkeep\n|turn|50\n|\n|t:|1699637323\n|switch|p2a: Arceus|Arceus-Fighting|77\/100\n|-damage|p2a: Arceus|65\/100|[from] Spikes\n|move|p1a: Ting-Lu|Earthquake|p2a: Arceus\n|-damage|p2a: Arceus|55\/100\n|\n|-heal|p1a: Ting-Lu|95\/100|[from] item: Leftovers\n|upkeep\n|turn|51\n|\n|t:|1699637333\n|move|p2a: Arceus|Recover|p2a: Arceus\n|-heal|p2a: Arceus|100\/100\n|move|p1a: Ting-Lu|Whirlwind|p2a: Arceus\n|drag|p2a: Cyclizar|Cyclizar, F|48\/100\n|-damage|p2a: Cyclizar|35\/100|[from] Spikes\n|\n|-heal|p1a: Ting-Lu|100\/100|[from] item: Leftovers\n|upkeep\n|turn|52\n|\n|t:|1699637346\n|move|p2a: Cyclizar|Rapid Spin|p1a: Ting-Lu\n|-damage|p1a: Ting-Lu|92\/100\n|-boost|p2a: Cyclizar|spe|1\n|-sideend|p2: AnneAGES|Spikes|[from] move: Rapid Spin|[of] p2a: Cyclizar\n|move|p1a: Ting-Lu|Spikes|p2a: Cyclizar\n|-sidestart|p2: AnneAGES|Spikes\n|\n|-heal|p1a: Ting-Lu|98\/100|[from] item: Leftovers\n|upkeep\n|turn|53\n|\n|t:|1699637353\n|move|p2a: Cyclizar|Rapid Spin|p1a: Ting-Lu\n|-damage|p1a: Ting-Lu|90\/100\n|-boost|p2a: Cyclizar|spe|1\n|-sideend|p2: AnneAGES|Spikes|[from] move: Rapid Spin|[of] p2a: Cyclizar\n|move|p1a: Ting-Lu|Earthquake|p2a: Cyclizar\n|-damage|p2a: Cyclizar|11\/100\n|\n|-heal|p1a: Ting-Lu|96\/100|[from] item: Leftovers\n|upkeep\n|turn|54\n|\n|t:|1699637361\n|move|p2a: Cyclizar|Rapid Spin|p1a: Ting-Lu\n|-damage|p1a: Ting-Lu|88\/100\n|-boost|p2a: Cyclizar|spe|1\n|move|p1a: Ting-Lu|Earthquake|p2a: Cyclizar\n|-damage|p2a: Cyclizar|0 fnt\n|faint|p2a: Cyclizar\n|\n|-heal|p1a: Ting-Lu|94\/100|[from] item: Leftovers\n|upkeep\n|\n|t:|1699637364\n|switch|p2a: Arceus|Arceus-Fighting|100\/100\n|turn|55\n|\n|t:|1699637379\n|move|p2a: Arceus|Body Press|p1a: Ting-Lu\n|-resisted|p1a: Ting-Lu\n|-damage|p1a: Ting-Lu|82\/100\n|move|p1a: Ting-Lu|Ruination|p2a: Arceus\n|-damage|p2a: Arceus|51\/100\n|\n|-heal|p1a: Ting-Lu|88\/100|[from] item: Leftovers\n|-sideend|p2: AnneAGES|Reflect\n|upkeep\n|turn|56\n|\n|t:|1699637387\n|move|p2a: Arceus|Cosmic Power|p2a: Arceus\n|-boost|p2a: Arceus|def|1\n|-boost|p2a: Arceus|spd|1\n|move|p1a: Ting-Lu|Earthquake|p2a: Arceus\n|-crit|p2a: Arceus\n|-damage|p2a: Arceus|20\/100\n|\n|-heal|p1a: Ting-Lu|95\/100|[from] item: Leftovers\n|upkeep\n|turn|57\n|\n|t:|1699637397\n|move|p2a: Arceus|Recover|p2a: Arceus\n|-heal|p2a: Arceus|70\/100\n|move|p1a: Ting-Lu|Whirlwind|p2a: Arceus\n|drag|p2a: Zacian|Zacian-Crowned|100\/100\n|-ability|p2a: Zacian|Intrepid Sword|boost\n|-boost|p2a: Zacian|atk|1\n|\n|-heal|p1a: Ting-Lu|100\/100|[from] item: Leftovers\n|upkeep\n|turn|58\n|\n|t:|1699637411\n|move|p2a: Zacian|Behemoth Blade|p1a: Ting-Lu\n|-damage|p1a: Ting-Lu|50\/100\n|move|p1a: Ting-Lu|Earthquake|p2a: Zacian\n|-supereffective|p2a: Zacian\n|-damage|p2a: Zacian|33\/100\n|\n|-heal|p1a: Ting-Lu|56\/100|[from] item: Leftovers\n|upkeep\n|turn|59\n|\n|t:|1699637419\n|move|p2a: Zacian|Behemoth Blade|p1a: Ting-Lu\n|-damage|p1a: Ting-Lu|9\/100\n|move|p1a: Ting-Lu|Earthquake|p2a: Zacian\n|-supereffective|p2a: Zacian\n|-damage|p2a: Zacian|0 fnt\n|faint|p2a: Zacian\n|\n|-heal|p1a: Ting-Lu|15\/100|[from] item: Leftovers\n|upkeep\n|\n|t:|1699637422\n|switch|p2a: Arceus|Arceus-Fighting|70\/100\n|turn|60\n|\n|t:|1699637443\n|switch|p1a: Calyrex|Calyrex-Ice|8\/100\n|-ability|p1a: Calyrex|As One\n|-ability|p1a: Calyrex|Unnerve\n|move|p2a: Arceus|Cosmic Power|p2a: Arceus\n|-boost|p2a: Arceus|def|1\n|-boost|p2a: Arceus|spd|1\n|\n|upkeep\n|turn|61\n|\n|t:|1699637454\n|move|p2a: Arceus|Recover|p2a: Arceus\n|-heal|p2a: Arceus|100\/100\n|move|p1a: Calyrex|Glacial Lance|p2a: Arceus\n|-damage|p2a: Arceus|70\/100\n|\n|upkeep\n|turn|62\n|\n|t:|1699637470\n|switch|p1a: Miraidon|Miraidon|61\/100\n|-fieldstart|move: Electric Terrain|[from] ability: Hadron Engine|[of] p1a: Miraidon\n|move|p2a: Arceus|Cosmic Power|p2a: Arceus\n|-boost|p2a: Arceus|def|1\n|-boost|p2a: Arceus|spd|1\n|\n|upkeep\n|turn|63\n|inactive|56789ya has 120 seconds left.\n|inactive|AnneAGES has 120 seconds left.\n|\n|t:|1699637500\n|move|p1a: Miraidon|Calm Mind|p1a: Miraidon\n|-boost|p1a: Miraidon|spa|1\n|-boost|p1a: Miraidon|spd|1\n|move|p2a: Arceus|Recover|p2a: Arceus\n|-heal|p2a: Arceus|100\/100\n|\n|upkeep\n|turn|64\n|inactive|56789ya has 120 seconds left.\n|inactive|56789ya has 90 seconds left.\n|\n|t:|1699637567\n|move|p1a: Miraidon|Electro Drift|p2a: Arceus\n|-damage|p2a: Arceus|52\/100\n|move|p2a: Arceus|Cosmic Power|p2a: Arceus\n|-boost|p2a: Arceus|def|1\n|-boost|p2a: Arceus|spd|1\n|\n|upkeep\n|turn|65\n|\n|t:|1699637575\n|move|p1a: Miraidon|Calm Mind|p1a: Miraidon\n|-boost|p1a: Miraidon|spa|1\n|-boost|p1a: Miraidon|spd|1\n|move|p2a: Arceus|Recover|p2a: Arceus\n|-heal|p2a: Arceus|100\/100\n|\n|upkeep\n|turn|66\n|inactive|56789ya has 60 seconds left.\n|\n|t:|1699637600\n|move|p1a: Miraidon|Electro Drift|p2a: Arceus\n|-damage|p2a: Arceus|48\/100\n|move|p2a: Arceus|Cosmic Power|p2a: Arceus\n|-boost|p2a: Arceus|def|1\n|-boost|p2a: Arceus|spd|1\n|\n|-fieldend|move: Electric Terrain\n|upkeep\n|turn|67\n|\n|t:|1699637612\n|move|p1a: Miraidon|Electro Drift|p2a: Arceus\n|-damage|p2a: Arceus|22\/100\n|move|p2a: Arceus|Body Press|p1a: Miraidon\n|-damage|p1a: Miraidon|0 fnt\n|faint|p1a: Miraidon\n|\n|upkeep\n|inactive|56789ya has 60 seconds left.\n|\n|t:|1699637625\n|switch|p1a: Calyrex|Calyrex-Ice|8\/100\n|-ability|p1a: Calyrex|As One\n|-ability|p1a: Calyrex|Unnerve\n|turn|68\n|\n|t:|1699637631\n|move|p2a: Arceus|Recover|p2a: Arceus\n|-heal|p2a: Arceus|72\/100\n|move|p1a: Calyrex|Trick Room|p1a: Calyrex\n|-fieldstart|move: Trick Room|[of] p1a: Calyrex\n|\n|upkeep\n|turn|69\n|\n|t:|1699637639\n|move|p1a: Calyrex|Glacial Lance|p2a: Arceus\n|-damage|p2a: Arceus|55\/100\n|move|p2a: Arceus|Body Press|p1a: Calyrex\n|-damage|p1a: Calyrex|0 fnt\n|faint|p1a: Calyrex\n|\n|upkeep\n|\n|t:|1699637647\n|switch|p1a: Ting-Lu|Ting-Lu, tera:Poison|15\/100\n|-ability|p1a: Ting-Lu|Vessel of Ruin\n|turn|70\n|\n|t:|1699637651\n|move|p1a: Ting-Lu|Ruination|p2a: Arceus\n|-damage|p2a: Arceus|28\/100\n|move|p2a: Arceus|Stored Power|p1a: Ting-Lu\n|-supereffective|p1a: Ting-Lu\n|-damage|p1a: Ting-Lu|0 fnt\n|faint|p1a: Ting-Lu\n|\n|upkeep\n|\n|t:|1699637659\n|switch|p1a: Kyogre|Kyogre|100\/100\n|-weather|RainDance|[from] ability: Drizzle|[of] p1a: Kyogre\n|turn|71\n|\n|t:|1699637664\n|move|p1a: Kyogre|Water Spout|p2a: Arceus\n|-damage|p2a: Arceus|0 fnt\n|faint|p2a: Arceus\n|\n|win|56789ya\n|raw|56789ya's rating: 1337 &rarr; <strong>1358<\/strong><br \/>(+21 for winning)\n|raw|AnneAGES's rating: 1357 &rarr; <strong>1336<\/strong><br \/>(-21 for losing)\n|c|\u260656789ya|gg\n","uploadtime":1699637673,"views":4,"p1id":"56789ya","p2id":"anneages","formatid":"gen9ubers","rating":1336,"private":0,"password":""}