{"id":"gen9ubers-1983377678","p1":"Anonymous Pulsar","p2":"Dracyo","format":"[Gen 9] Ubers","log":"|j|\u2606Anonymous Pulsar\n|j|\u2606Dracyo\n|t:|1699123764\n|gametype|singles\n|player|p1|Anonymous Pulsar|saturn|\n|player|p2|Dracyo|cyrus-masters|\n|teamsize|p1|6\n|teamsize|p2|6\n|gen|9\n|tier|[Gen 9] Ubers\n|rule|Sleep Clause Mod: Limit one foe put to sleep\n|rule|Species Clause: Limit one of each Pok\u00e9mon\n|rule|OHKO Clause: OHKO moves are banned\n|rule|Evasion Items Clause: Evasion items are banned\n|rule|Evasion Moves Clause: Evasion moves are banned\n|rule|Endless Battle Clause: Forcing endless battles is banned\n|rule|HP Percentage Mod: HP is shown in percentages\n|clearpoke\n|poke|p1|Heatran, F|\n|poke|p1|Ogerpon-Wellspring, F|\n|poke|p1|Ursaluna-Bloodmoon, M|\n|poke|p1|Corviknight, M|\n|poke|p1|Slowking-Galar, M|\n|poke|p1|Sneasler, F|\n|poke|p2|Iron Moth|\n|poke|p2|Ribombee, M|\n|poke|p2|Weezing-Galar, M|\n|poke|p2|Iron Hands|\n|poke|p2|Weavile, M|\n|poke|p2|Gliscor, M|\n|teampreview\n|\n|t:|1699123783\n|start\n|switch|p1a: Slowking|Slowking-Galar, M|100\/100\n|switch|p2a: Za Hando|Iron Hands|100\/100\n|turn|1\n|\n|t:|1699123799\n|switch|p1a: Ursaluna|Ursaluna-Bloodmoon, M|100\/100\n|move|p2a: Za Hando|Volt Switch|p1a: Ursaluna\n|-immune|p1a: Ursaluna\n|\n|upkeep\n|turn|2\n|c|\u2606Dracyo|i wanted to try out weavile and see how it does\n|\n|t:|1699123815\n|move|p1a: Ursaluna|Earth Power|p2a: Za Hando\n|-supereffective|p2a: Za Hando\n|-damage|p2a: Za Hando|32\/100\n|-unboost|p2a: Za Hando|spd|1\n|move|p2a: Za Hando|Drain Punch|p1a: Ursaluna\n|-supereffective|p1a: Ursaluna\n|-damage|p1a: Ursaluna|31\/100\n|-heal|p2a: Za Hando|60\/100|[from] drain|[of] p1a: Ursaluna\n|\n|upkeep\n|turn|3\n|\n|t:|1699123825\n|-end|p2a: Za Hando|Quark Drive|[silent]\n|switch|p2a: Death|Ribombee, M, shiny|100\/100\n|move|p1a: Ursaluna|Blood Moon|p2a: Death\n|-enditem|p2a: Death|Focus Sash\n|-damage|p2a: Death|1\/100\n|\n|upkeep\n|turn|4\n|\n|t:|1699123832\n|move|p1a: Ursaluna|Vacuum Wave|p2a: Death\n|-resisted|p2a: Death\n|-damage|p2a: Death|0 fnt\n|faint|p2a: Death\n|\n|upkeep\n|\n|t:|1699123835\n|switch|p2a: Jack|Weavile, M|100\/100\n|-ability|p2a: Jack|Pressure\n|turn|5\n|\n|t:|1699123838\n|move|p1a: Ursaluna|Vacuum Wave|p2a: Jack\n|-supereffective|p2a: Jack\n|-damage|p2a: Jack|0 fnt\n|faint|p2a: Jack\n|\n|upkeep\n|\n|t:|1699123843\n|switch|p2a: Corona|Iron Moth|100\/100\n|-enditem|p2a: Corona|Booster Energy\n|-activate|p2a: Corona|ability: Quark Drive|[fromitem]\n|-start|p2a: Corona|quarkdrivespa\n|turn|6\n|\n|t:|1699123852\n|switch|p1a: Heatran|Heatran, F|100\/100\n|move|p2a: Corona|Energy Ball|p1a: Heatran\n|-resisted|p1a: Heatran\n|-damage|p1a: Heatran|91\/100\n|\n|-heal|p1a: Heatran|97\/100|[from] item: Leftovers\n|upkeep\n|turn|7\n|c|\u2606Dracyo|ok, i did not build anything for dealing with ursaluna\n|\n|t:|1699123864\n|-terastallize|p2a: Corona|Ground\n|move|p2a: Corona|Tera Blast|p1a: Heatran|[anim] Tera Blast Ground\n|-supereffective|p1a: Heatran\n|-damage|p1a: Heatran|0 fnt\n|faint|p1a: Heatran\n|\n|upkeep\n|\n|t:|1699123868\n|switch|p1a: Ogerpon|Ogerpon-Wellspring, F|100\/100\n|turn|8\n|\n|t:|1699123877\n|-terastallize|p1a: Ogerpon|Water\n|detailschange|p1a: Ogerpon|Ogerpon-Wellspring-Tera, F, tera:Water\n|-ability|p1a: Ogerpon|Embody Aspect (Wellspring)|boost\n|-boost|p1a: Ogerpon|spd|1\n|move|p1a: Ogerpon|Ivy Cudgel|p2a: Corona\n|-supereffective|p2a: Corona\n|-damage|p2a: Corona|0 fnt\n|faint|p2a: Corona\n|-end|p2a: Corona|Quark Drive|[silent]\n|\n|upkeep\n|\n|t:|1699123882\n|switch|p2a: Za Hando|Iron Hands|60\/100\n|turn|9\n|\n|t:|1699123900\n|switch|p1a: Slowking|Slowking-Galar, M|100\/100\n|move|p2a: Za Hando|Drain Punch|p1a: Slowking\n|-resisted|p1a: Slowking\n|-damage|p1a: Slowking|92\/100\n|-heal|p2a: Za Hando|64\/100|[from] drain|[of] p1a: Slowking\n|\n|upkeep\n|turn|10\n|\n|t:|1699123904\n|move|p2a: Za Hando|Volt Switch|p1a: Slowking\n|-damage|p1a: Slowking|81\/100\n|\n|t:|1699123906\n|-end|p2a: Za Hando|Quark Drive|[silent]\n|switch|p2a: Ace|Gliscor, M, shiny|100\/100|[from] Volt Switch\n|move|p1a: Slowking|Future Sight|p2a: Ace\n|-start|p1a: Slowking|move: Future Sight\n|\n|-status|p2a: Ace|tox|[from] item: Toxic Orb\n|upkeep\n|turn|11\n|\n|t:|1699123911\n|move|p2a: Ace|Knock Off|p1a: Slowking\n|-supereffective|p1a: Slowking\n|-damage|p1a: Slowking|50\/100\n|-enditem|p1a: Slowking|Heavy-Duty Boots|[from] move: Knock Off|[of] p2a: Ace\n|move|p1a: Slowking|Ice Beam|p2a: Ace\n|-supereffective|p2a: Ace\n|-damage|p2a: Ace|0 fnt\n|faint|p2a: Ace\n|\n|upkeep\n|\n|t:|1699123914\n|switch|p2a: With due respect|Weezing-Galar, M|100\/100\n|-ability|p2a: With due respect|Neutralizing Gas\n|turn|12\n|\n|t:|1699123920\n|move|p2a: With due respect|Protect|p2a: With due respect\n|-singleturn|p2a: With due respect|Protect\n|move|p1a: Slowking|Chilly Reception|p1a: Slowking\n|-weather|Snow\n|\n|t:|1699123923\n|switch|p1a: Ursaluna|Ursaluna-Bloodmoon, M|31\/100|[from] Chilly Reception\n|\n|-weather|Snow|[upkeep]\n|-end|p2a: With due respect|move: Future Sight\n|-supereffective|p2a: With due respect\n|-damage|p2a: With due respect|16\/100\n|-heal|p2a: With due respect|22\/100|[from] item: Black Sludge\n|upkeep\n|turn|13\n|c|\u2606Dracyo|yeah, i lose this\n|\n|t:|1699123931\n|move|p1a: Ursaluna|Earth Power|p2a: With due respect\n|-supereffective|p2a: With due respect\n|-damage|p2a: With due respect|0 fnt\n|faint|p2a: With due respect\n|-end|p2a: With due respect|ability: Neutralizing Gas\n|\n|-weather|Snow|[upkeep]\n|upkeep\n|\n|t:|1699123933\n|switch|p2a: Za Hando|Iron Hands|64\/100\n|turn|14\n|c|\u2606Anonymous Pulsar|Think so\n|\n|t:|1699123935\n|move|p1a: Ursaluna|Earth Power|p2a: Za Hando\n|-supereffective|p2a: Za Hando\n|-damage|p2a: Za Hando|0 fnt\n|faint|p2a: Za Hando\n|-end|p2a: Za Hando|Quark Drive|[silent]\n|\n|win|Anonymous Pulsar\n|c|\u2606Dracyo|let me change some stuff up\n|l|\u2606Dracyo\n|c|\u2606Anonymous Pulsar|Ye ye\n","uploadtime":1699123971,"views":7,"p1id":"anonymouspulsar","p2id":"dracyo","formatid":"gen9ubers","rating":0,"private":0,"password":""}