{"id":"gen9ubers-1995091225","p1":"Pokecologista","p2":"jacothaptrllr","format":"[Gen 9] Ubers","log":"|j|\u2606Pokecologista\n|j|\u2606jacothaptrllr\n|t:|1700521556\n|gametype|singles\n|player|p1|Pokecologista|101|1070\n|player|p2|jacothaptrllr|chuck|1106\n|teamsize|p1|6\n|teamsize|p2|6\n|gen|9\n|tier|[Gen 9] Ubers\n|rated|\n|rule|Sleep Clause Mod: Limit one foe put to sleep\n|rule|Species Clause: Limit one of each Pok\u00e9mon\n|rule|OHKO Clause: OHKO moves are banned\n|rule|Evasion Items Clause: Evasion items are banned\n|rule|Evasion Moves Clause: Evasion moves are banned\n|rule|Endless Battle Clause: Forcing endless battles is banned\n|rule|HP Percentage Mod: HP is shown in percentages\n|clearpoke\n|poke|p1|Darkrai|\n|poke|p1|Giratina-Origin|\n|poke|p1|Shaymin-Sky|\n|poke|p1|Mewtwo|\n|poke|p1|Zacian-*|\n|poke|p1|Volcarona, F|\n|poke|p2|Ribombee, M|\n|poke|p2|Mimikyu, F|\n|poke|p2|Indeedee, M|\n|poke|p2|Basculegion, M|\n|poke|p2|Morgrem, M|\n|poke|p2|Glimmora, M|\n|teampreview\n|inactive|Battle timer is ON: inactive players will automatically lose when time's up. (requested by jacothaptrllr)\n|\n|t:|1700521575\n|start\n|switch|p1a: Sanic|Shaymin-Sky|100\/100\n|switch|p2a: Nazca Lines|Ribombee, M|100\/100\n|turn|1\n|\n|t:|1700521584\n|move|p1a: Sanic|Substitute|p1a: Sanic\n|-start|p1a: Sanic|Substitute\n|-damage|p1a: Sanic|76\/100\n|move|p2a: Nazca Lines|Sticky Web|p1a: Sanic\n|-sidestart|p1: Pokecologista|move: Sticky Web\n|\n|-heal|p1a: Sanic|82\/100|[from] item: Leftovers\n|upkeep\n|turn|2\n|\n|t:|1700521595\n|move|p1a: Sanic|Air Slash|p2a: Nazca Lines\n|-supereffective|p2a: Nazca Lines\n|-damage|p2a: Nazca Lines|4\/100\n|move|p2a: Nazca Lines|Light Screen|p2a: Nazca Lines\n|-sidestart|p2: jacothaptrllr|move: Light Screen\n|\n|-heal|p1a: Sanic|88\/100|[from] item: Leftovers\n|upkeep\n|turn|3\n|\n|t:|1700521603\n|move|p1a: Sanic|Air Slash|p2a: Nazca Lines\n|-supereffective|p2a: Nazca Lines\n|-damage|p2a: Nazca Lines|0 fnt\n|faint|p2a: Nazca Lines\n|\n|-heal|p1a: Sanic|94\/100|[from] item: Leftovers\n|upkeep\n|\n|t:|1700521619\n|switch|p2a: tangela's insides|Mimikyu, F|100\/100\n|turn|4\n|inactive|jacothaptrllr has 120 seconds left.\n|\n|t:|1700521652\n|move|p1a: Sanic|Leech Seed|p2a: tangela's insides\n|-start|p2a: tangela's insides|move: Leech Seed\n|move|p2a: tangela's insides|Destiny Bond|p2a: tangela's insides\n|-singlemove|p2a: tangela's insides|Destiny Bond\n|\n|-heal|p1a: Sanic|99\/100|[from] item: Leftovers\n|-damage|p2a: tangela's insides|88\/100|[from] Leech Seed|[of] p1a: Sanic\n|-heal|p1a: Sanic|100\/100|[silent]\n|upkeep\n|turn|5\n|inactive|jacothaptrllr has 120 seconds left.\n|inactive|Pokecologista has 120 seconds left.\n|\n|t:|1700521668\n|move|p1a: Sanic|Seed Flare|p2a: tangela's insides\n|-activate|p2a: tangela's insides|ability: Disguise\n|-damage|p2a: tangela's insides|88\/100\n|-unboost|p2a: tangela's insides|spd|2\n|detailschange|p2a: tangela's insides|Mimikyu-Busted, F\n|-damage|p2a: tangela's insides|76\/100|[from] pokemon: Mimikyu-Busted\n|move|p2a: tangela's insides|Will-O-Wisp||[still]\n|-fail|p2a: tangela's insides\n|\n|-damage|p2a: tangela's insides|63\/100|[from] Leech Seed|[of] p1a: Sanic\n|upkeep\n|turn|6\n|inactive|Pokecologista has 120 seconds left.\n|\n|t:|1700521683\n|move|p1a: Sanic|Leech Seed||[still]\n|-fail|p1a: Sanic\n|move|p2a: tangela's insides|Will-O-Wisp||[still]\n|-fail|p2a: tangela's insides\n|\n|-damage|p2a: tangela's insides|51\/100|[from] Leech Seed|[of] p1a: Sanic\n|-sideend|p2: jacothaptrllr|move: Light Screen\n|upkeep\n|turn|7\n|\n|t:|1700521695\n|switch|p2a: bimbo|Indeedee, M|100\/100\n|-fieldstart|move: Psychic Terrain|[from] ability: Psychic Surge|[of] p2a: bimbo\n|move|p1a: Sanic|Leech Seed|p2a: bimbo\n|-start|p2a: bimbo|move: Leech Seed\n|\n|-damage|p2a: bimbo|88\/100|[from] Leech Seed|[of] p1a: Sanic\n|upkeep\n|turn|8\n|\n|t:|1700521705\n|move|p1a: Sanic|Seed Flare|p2a: bimbo\n|-damage|p2a: bimbo|35\/100\n|-unboost|p2a: bimbo|spd|2\n|move|p2a: bimbo|Metronome|p2a: bimbo\n|move|p2a: bimbo|Axe Kick|p1a: Sanic|[from]move: Metronome\n|-resisted|p1a: Sanic\n|-activate|p1a: Sanic|move: Substitute|[damage]\n|\n|-damage|p2a: bimbo|23\/100|[from] Leech Seed|[of] p1a: Sanic\n|upkeep\n|turn|9\n|c|\u2606jacothaptrllr|I don't actually have any like, attack moves\n|inactive|jacothaptrllr has 120 seconds left.\n|\n|t:|1700521726\n|move|p1a: Sanic|Seed Flare|p2a: bimbo\n|-damage|p2a: bimbo|0 fnt\n|faint|p2a: bimbo\n|\n|upkeep\n|c|\u2606Pokecologista|kkkkkkkk\n|c|\u2606Pokecologista|lol\n|inactive|jacothaptrllr has 120 seconds left.\n|\n|t:|1700521738\n|switch|p2a: tangela's insides|Mimikyu-Busted, F|51\/100\n|turn|10\n|\n|t:|1700521743\n|move|p1a: Sanic|Leech Seed|p2a: tangela's insides\n|-start|p2a: tangela's insides|move: Leech Seed\n|move|p2a: tangela's insides|Destiny Bond|p2a: tangela's insides\n|-singlemove|p2a: tangela's insides|Destiny Bond\n|\n|-damage|p2a: tangela's insides|39\/100|[from] Leech Seed|[of] p1a: Sanic\n|upkeep\n|turn|11\n|c|\u2606Pokecologista|happens\n|\n|t:|1700521763\n|switch|p2a: toxic babymama|Glimmora, M|100\/100\n|move|p1a: Sanic|Leech Seed|p2a: toxic babymama\n|-start|p2a: toxic babymama|move: Leech Seed\n|\n|-damage|p2a: toxic babymama|88\/100|[from] Leech Seed|[of] p1a: Sanic\n|upkeep\n|turn|12\n|c|\u2606jacothaptrllr|I have one but idk it's not looking GOOOOD\n|c|\u2606Pokecologista|it is supposed to be one of those teams to meme at uber for youtube content?\n|\n|t:|1700521786\n|move|p1a: Sanic|Seed Flare|p2a: toxic babymama|[miss]\n|-miss|p1a: Sanic|p2a: toxic babymama\n|move|p2a: toxic babymama|Toxic Spikes|p1a: Sanic\n|-sidestart|p1: Pokecologista|move: Toxic Spikes\n|\n|-damage|p2a: toxic babymama|76\/100|[from] Leech Seed|[of] p1a: Sanic\n|upkeep\n|turn|13\n|c|\u2606jacothaptrllr|personal therapy\n|\n|t:|1700521794\n|move|p1a: Sanic|Seed Flare|p2a: toxic babymama\n|-crit|p2a: toxic babymama\n|-damage|p2a: toxic babymama|5\/100\n|move|p2a: toxic babymama|Toxic Spikes|p1a: Sanic\n|-sidestart|p1: Pokecologista|move: Toxic Spikes\n|\n|-damage|p2a: toxic babymama|0 fnt|[from] Leech Seed|[of] p1a: Sanic\n|faint|p2a: toxic babymama\n|upkeep\n|\n|t:|1700521804\n|switch|p2a: tangela's insides|Mimikyu-Busted, F|39\/100\n|turn|14\n|\n|t:|1700521809\n|move|p1a: Sanic|Leech Seed|p2a: tangela's insides\n|-start|p2a: tangela's insides|move: Leech Seed\n|move|p2a: tangela's insides|Destiny Bond|p2a: tangela's insides\n|-singlemove|p2a: tangela's insides|Destiny Bond\n|\n|-damage|p2a: tangela's insides|26\/100|[from] Leech Seed|[of] p1a: Sanic\n|-fieldend|move: Psychic Terrain\n|upkeep\n|turn|15\n|\n|t:|1700521815\n|move|p1a: Sanic|Leech Seed||[still]\n|-fail|p1a: Sanic\n|move|p2a: tangela's insides|Destiny Bond||[still]\n|-fail|p2a: tangela's insides\n|\n|-damage|p2a: tangela's insides|14\/100|[from] Leech Seed|[of] p1a: Sanic\n|upkeep\n|turn|16\n|\n|t:|1700521829\n|move|p1a: Sanic|Leech Seed||[still]\n|-fail|p1a: Sanic\n|move|p2a: tangela's insides|Destiny Bond|p2a: tangela's insides\n|-singlemove|p2a: tangela's insides|Destiny Bond\n|\n|-damage|p2a: tangela's insides|2\/100|[from] Leech Seed|[of] p1a: Sanic\n|upkeep\n|turn|17\n|\n|t:|1700521835\n|switch|p1a: Firefly|Volcarona, F, shiny|100\/100\n|move|p2a: tangela's insides|Destiny Bond||[still]\n|-fail|p2a: tangela's insides\n|\n|-damage|p2a: tangela's insides|0 fnt|[from] Leech Seed|[of] p1a: Firefly\n|faint|p2a: tangela's insides\n|upkeep\n|\n|t:|1700521842\n|switch|p2a: here|Morgrem, M|100\/100\n|turn|18\n|\n|t:|1700521851\n|move|p2a: here|Thunder Wave|p1a: Firefly\n|-status|p1a: Firefly|par\n|move|p1a: Firefly|Quiver Dance|p1a: Firefly\n|-boost|p1a: Firefly|spa|1\n|-boost|p1a: Firefly|spd|1\n|-boost|p1a: Firefly|spe|1\n|\n|-status|p2a: here|tox|[from] item: Toxic Orb\n|upkeep\n|turn|19\n|\n|t:|1700521869\n|move|p2a: here|Protect|p2a: here\n|-singleturn|p2a: here|Protect\n|cant|p1a: Firefly|par\n|\n|-damage|p2a: here|95\/100 tox|[from] psn\n|upkeep\n|turn|20\n|\n|t:|1700521882\n|move|p2a: here|Substitute|p2a: here\n|-start|p2a: here|Substitute\n|-damage|p2a: here|70\/100 tox\n|move|p1a: Firefly|Flamethrower|p2a: here\n|-end|p2a: here|Substitute\n|\n|-damage|p2a: here|58\/100 tox|[from] psn\n|upkeep\n|turn|21\n|\n|t:|1700521892\n|move|p2a: here|Substitute|p2a: here\n|-start|p2a: here|Substitute\n|-damage|p2a: here|33\/100 tox\n|cant|p1a: Firefly|par\n|\n|-damage|p2a: here|15\/100 tox|[from] psn\n|upkeep\n|turn|22\n|\n|t:|1700521900\n|move|p2a: here|Substitute|p2a: here\n|-fail|p2a: here|move: Substitute\n|move|p1a: Firefly|Flamethrower|p2a: here\n|-end|p2a: here|Substitute\n|\n|-damage|p2a: here|0 fnt|[from] psn\n|faint|p2a: here\n|upkeep\n|\n|t:|1700521903\n|switch|p2a: legend slayer|Basculegion, M|100\/100\n|-ability|p2a: legend slayer|Mold Breaker\n|turn|23\n|c|\u2606jacothaptrllr|okay here we go\n|c|\u2606jacothaptrllr|it either works or it doesn't \ud83d\ude05\n|\n|t:|1700521925\n|-terastallize|p2a: legend slayer|Ghost\n|move|p2a: legend slayer|Last Respects|p1a: Firefly\n|-damage|p1a: Firefly|0 fnt\n|faint|p1a: Firefly\n|\n|upkeep\n|\n|t:|1700521941\n|switch|p1a: Literally Satan|Giratina-Origin, shiny|100\/100\n|turn|24\n|\n|t:|1700521945\n|move|p2a: legend slayer|Last Respects|p1a: Literally Satan\n|-supereffective|p1a: Literally Satan\n|-damage|p1a: Literally Satan|0 fnt\n|faint|p1a: Literally Satan\n|\n|upkeep\n|\n|t:|1700521953\n|switch|p1a: Sanic|Shaymin-Sky|100\/100\n|turn|25\n|\n|t:|1700521958\n|move|p2a: legend slayer|Last Respects|p1a: Sanic\n|-damage|p1a: Sanic|0 fnt\n|faint|p1a: Sanic\n|\n|upkeep\n|\n|t:|1700521963\n|switch|p1a: Dream|Darkrai|100\/100\n|-activate|p1a: Dream|move: Sticky Web\n|-unboost|p1a: Dream|spe|1\n|-status|p1a: Dream|tox\n|turn|26\n|\n|t:|1700521973\n|move|p2a: legend slayer|Last Respects|p1a: Dream\n|-resisted|p1a: Dream\n|-damage|p1a: Dream|0 fnt\n|faint|p1a: Dream\n|\n|upkeep\n|\n|t:|1700521977\n|switch|p1a: TransgenicKitty|Mewtwo, shiny|100\/100\n|-activate|p1a: TransgenicKitty|move: Sticky Web\n|-unboost|p1a: TransgenicKitty|spe|1\n|-status|p1a: TransgenicKitty|tox\n|-ability|p1a: TransgenicKitty|Pressure\n|turn|27\n|\n|t:|1700521986\n|move|p2a: legend slayer|Last Respects|p1a: TransgenicKitty\n|-supereffective|p1a: TransgenicKitty\n|-damage|p1a: TransgenicKitty|0 fnt\n|faint|p1a: TransgenicKitty\n|\n|upkeep\n|\n|t:|1700521991\n|switch|p1a: Sif|Zacian-Crowned, shiny|100\/100\n|-activate|p1a: Sif|move: Sticky Web\n|-unboost|p1a: Sif|spe|1\n|-ability|p1a: Sif|Intrepid Sword|boost\n|-boost|p1a: Sif|atk|1\n|turn|28\n|\n|t:|1700521998\n|move|p2a: legend slayer|Last Respects|p1a: Sif\n|-damage|p1a: Sif|0 fnt\n|faint|p1a: Sif\n|\n|win|jacothaptrllr\n|raw|Pokecologista's rating: 1070 &rarr; <strong>1052<\/strong><br \/>(-18 for losing)\n|raw|jacothaptrllr's rating: 1106 &rarr; <strong>1128<\/strong><br \/>(+22 for winning)\n|c|\u2606Pokecologista|gg\n|c|\u2606jacothaptrllr|gg yo\n","uploadtime":1700522012,"views":1,"p1id":"pokecologista","p2id":"jacothaptrllr","formatid":"gen9ubers","rating":1052,"private":0,"password":""}