{"id":"gen9ubers-1976259025","p1":"Wha1efish","p2":"shuckleshellshock","format":"[Gen 9] Ubers","log":"|j|\u2606Wha1efish\n|j|\u2606shuckleshellshock\n|t:|1698279439\n|gametype|singles\n|player|p1|Wha1efish|cynthia-gen4|\n|player|p2|shuckleshellshock|nate|\n|teamsize|p1|6\n|teamsize|p2|6\n|gen|9\n|tier|[Gen 9] Ubers\n|rule|Sleep Clause Mod: Limit one foe put to sleep\n|rule|Species Clause: Limit one of each Pok\u00e9mon\n|rule|OHKO Clause: OHKO moves are banned\n|rule|Evasion Items Clause: Evasion items are banned\n|rule|Evasion Moves Clause: Evasion moves are banned\n|rule|Endless Battle Clause: Forcing endless battles is banned\n|rule|HP Percentage Mod: HP is shown in percentages\n|clearpoke\n|poke|p1|Jirachi|\n|poke|p1|Hydreigon, M|\n|poke|p1|Espathra, F|\n|poke|p1|Weezing-Galar, F|\n|poke|p1|Thundurus, M|\n|poke|p1|Gastrodon, F|\n|poke|p2|Regieleki|\n|poke|p2|Iron Leaves|\n|poke|p2|Ceruledge, M|\n|poke|p2|Goodra-Hisui, M|\n|poke|p2|Gliscor, M|\n|poke|p2|Overqwil, M|\n|teampreview\n|j| rustygoomba\n|c|\u2606shuckleshellshock|how yall get in here so fast\n|c|\u2606shuckleshellshock|on god\n|\n|t:|1698279478\n|start\n|switch|p1a: Jirachi|Jirachi|100\/100\n|switch|p2a: Gliscor|Gliscor, M|100\/100\n|turn|1\n|\n|t:|1698279488\n|move|p1a: Jirachi|U-turn|p2a: Gliscor\n|-resisted|p2a: Gliscor\n|-damage|p2a: Gliscor|95\/100\n|\n|t:|1698279508\n|switch|p1a: Weezing|Weezing-Galar, F|100\/100|[from] U-turn\n|move|p2a: Gliscor|Rain Dance|p2a: Gliscor\n|-weather|RainDance\n|\n|-weather|RainDance|[upkeep]\n|upkeep\n|turn|2\n|\n|t:|1698279517\n|move|p2a: Gliscor|U-turn|p1a: Weezing\n|-resisted|p1a: Weezing\n|-damage|p1a: Weezing|98\/100\n|\n|t:|1698279523\n|switch|p2a: Overqwil|Overqwil, M|100\/100|[from] U-turn\n|move|p1a: Weezing|Will-O-Wisp|p2a: Overqwil\n|-status|p2a: Overqwil|brn\n|\n|-weather|RainDance|[upkeep]\n|-heal|p1a: Weezing|100\/100|[from] item: Black Sludge\n|-damage|p2a: Overqwil|94\/100 brn|[from] brn\n|upkeep\n|turn|3\n|\n|t:|1698279543\n|switch|p1a: Thundurus|Thundurus, M|100\/100\n|move|p2a: Overqwil|Gunk Shot|p1a: Thundurus\n|-damage|p1a: Thundurus|37\/100\n|-damage|p2a: Overqwil|84\/100 brn|[from] item: Life Orb\n|\n|-weather|RainDance|[upkeep]\n|-damage|p2a: Overqwil|78\/100 brn|[from] brn\n|upkeep\n|turn|4\n|\n|t:|1698279558\n|switch|p1a: Weezing|Weezing-Galar, F|100\/100\n|move|p2a: Overqwil|Liquidation|p1a: Weezing\n|-damage|p1a: Weezing|81\/100\n|-damage|p2a: Overqwil|68\/100 brn|[from] item: Life Orb\n|\n|-weather|RainDance|[upkeep]\n|-heal|p1a: Weezing|87\/100|[from] item: Black Sludge\n|-damage|p2a: Overqwil|62\/100 brn|[from] brn\n|upkeep\n|turn|5\n|\n|t:|1698279564\n|move|p2a: Overqwil|Gunk Shot|p1a: Weezing|[miss]\n|-miss|p2a: Overqwil|p1a: Weezing\n|move|p1a: Weezing|Strange Steam|p2a: Overqwil\n|-damage|p2a: Overqwil|19\/100 brn\n|\n|-weather|RainDance|[upkeep]\n|-heal|p1a: Weezing|93\/100|[from] item: Black Sludge\n|-damage|p2a: Overqwil|13\/100 brn|[from] brn\n|upkeep\n|turn|6\n|\n|t:|1698279574\n|move|p2a: Overqwil|Liquidation|p1a: Weezing\n|-damage|p1a: Weezing|73\/100\n|-damage|p2a: Overqwil|3\/100 brn|[from] item: Life Orb\n|move|p1a: Weezing|Strange Steam|p2a: Overqwil\n|-damage|p2a: Overqwil|0 fnt\n|faint|p2a: Overqwil\n|\n|-weather|RainDance|[upkeep]\n|-heal|p1a: Weezing|79\/100|[from] item: Black Sludge\n|upkeep\n|\n|t:|1698279588\n|switch|p2a: Regieleki|Regieleki|100\/100\n|turn|7\n|\n|t:|1698279591\n|switch|p1a: Gastrodon|Gastrodon, F|100\/100\n|move|p2a: Regieleki|Electric Terrain|p2a: Regieleki\n|-fieldstart|move: Electric Terrain\n|\n|-weather|RainDance|[upkeep]\n|upkeep\n|turn|8\n|\n|t:|1698279604\n|move|p2a: Regieleki|Explosion|p1a: Gastrodon\n|-crit|p1a: Gastrodon\n|-damage|p1a: Gastrodon|0 fnt\n|faint|p2a: Regieleki\n|faint|p1a: Gastrodon\n|\n|-weather|none\n|upkeep\n|c| rustygoomba|pokemon moment\n|\n|t:|1698279617\n|switch|p2a: Iron Leaves|Iron Leaves|100\/100\n|switch|p1a: Jirachi|Jirachi|100\/100\n|-activate|p2a: Iron Leaves|ability: Quark Drive\n|-start|p2a: Iron Leaves|quarkdriveatk\n|turn|9\n|\n|t:|1698279654\n|-end|p2a: Iron Leaves|Quark Drive|[silent]\n|switch|p2a: Gliscor|Gliscor, M|95\/100\n|move|p1a: Jirachi|U-turn|p2a: Gliscor\n|-resisted|p2a: Gliscor\n|-damage|p2a: Gliscor|89\/100\n|\n|t:|1698279658\n|switch|p1a: Thundurus|Thundurus, M|37\/100|[from] U-turn\n|\n|upkeep\n|turn|10\n|\n|t:|1698279666\n|-terastallize|p1a: Thundurus|Ice\n|move|p1a: Thundurus|Tera Blast|p2a: Gliscor|[anim] Tera Blast Ice\n|-supereffective|p2a: Gliscor\n|-damage|p2a: Gliscor|0 fnt\n|faint|p2a: Gliscor\n|\n|upkeep\n|\n|t:|1698279670\n|switch|p2a: Ceruledge|Ceruledge, M|100\/100\n|turn|11\n|\n|t:|1698279680\n|switch|p1a: Weezing|Weezing-Galar, F|79\/100\n|move|p2a: Ceruledge|Shadow Sneak|p1a: Weezing\n|-damage|p1a: Weezing|63\/100\n|\n|-heal|p1a: Weezing|69\/100|[from] item: Black Sludge\n|upkeep\n|turn|12\n|\n|t:|1698279686\n|move|p2a: Ceruledge|Poltergeist|p1a: Weezing\n|-activate|p1a: Weezing|move: Poltergeist|Black Sludge\n|-damage|p1a: Weezing|32\/100\n|move|p1a: Weezing|Sludge Bomb|p2a: Ceruledge\n|-resisted|p2a: Ceruledge\n|-crit|p2a: Ceruledge\n|-damage|p2a: Ceruledge|77\/100\n|\n|-heal|p1a: Weezing|38\/100|[from] item: Black Sludge\n|upkeep\n|turn|13\n|\n|t:|1698279692\n|move|p2a: Ceruledge|Poltergeist|p1a: Weezing\n|-activate|p1a: Weezing|move: Poltergeist|Black Sludge\n|-damage|p1a: Weezing|0 fnt\n|faint|p1a: Weezing\n|\n|upkeep\n|\n|t:|1698279705\n|switch|p1a: Hydreigon|Hydreigon, M|100\/100\n|turn|14\n|\n|t:|1698279726\n|switch|p2a: Goodra|Goodra-Hisui, M|100\/100\n|move|p1a: Hydreigon|Dark Pulse|p2a: Goodra\n|-damage|p2a: Goodra|78\/100\n|\n|-fieldend|move: Electric Terrain\n|upkeep\n|turn|15\n|\n|t:|1698279741\n|switch|p1a: Thundurus|Thundurus, M, tera:Ice|37\/100\n|move|p2a: Goodra|Draco Meteor|p1a: Thundurus\n|-damage|p1a: Thundurus|0 fnt\n|-unboost|p2a: Goodra|spa|2\n|faint|p1a: Thundurus\n|\n|upkeep\n|\n|t:|1698279745\n|switch|p1a: Espathra|Espathra, F|100\/100\n|turn|16\n|\n|t:|1698279762\n|switch|p2a: Ceruledge|Ceruledge, M|77\/100\n|move|p1a: Espathra|Substitute|p1a: Espathra\n|-start|p1a: Espathra|Substitute\n|-damage|p1a: Espathra|76\/100\n|\n|-ability|p1a: Espathra|Speed Boost|boost\n|-boost|p1a: Espathra|spe|1\n|upkeep\n|turn|17\n|\n|t:|1698279769\n|move|p1a: Espathra|Shadow Ball|p2a: Ceruledge\n|-supereffective|p2a: Ceruledge\n|-damage|p2a: Ceruledge|17\/100\n|-unboost|p2a: Ceruledge|spd|1\n|move|p2a: Ceruledge|Swords Dance|p2a: Ceruledge\n|-boost|p2a: Ceruledge|atk|2\n|\n|-ability|p1a: Espathra|Speed Boost|boost\n|-boost|p1a: Espathra|spe|1\n|upkeep\n|turn|18\n|j| RektCactus\n|\n|t:|1698279775\n|move|p2a: Ceruledge|Shadow Sneak|p1a: Espathra\n|-supereffective|p1a: Espathra\n|-end|p1a: Espathra|Substitute\n|move|p1a: Espathra|Shadow Ball|p2a: Ceruledge\n|-supereffective|p2a: Ceruledge\n|-damage|p2a: Ceruledge|0 fnt\n|faint|p2a: Ceruledge\n|\n|-ability|p1a: Espathra|Speed Boost|boost\n|-boost|p1a: Espathra|spe|1\n|upkeep\n|\n|t:|1698279783\n|switch|p2a: Iron Leaves|Iron Leaves|100\/100\n|-enditem|p2a: Iron Leaves|Booster Energy\n|-activate|p2a: Iron Leaves|ability: Quark Drive|[fromitem]\n|-start|p2a: Iron Leaves|quarkdriveatk\n|turn|19\n|\n|t:|1698279791\n|move|p1a: Espathra|Shadow Ball|p2a: Iron Leaves\n|-supereffective|p2a: Iron Leaves\n|-damage|p2a: Iron Leaves|53\/100\n|-unboost|p2a: Iron Leaves|spd|1\n|move|p2a: Iron Leaves|Leaf Blade|p1a: Espathra\n|-damage|p1a: Espathra|0 fnt\n|faint|p1a: Espathra\n|\n|upkeep\n|\n|t:|1698279794\n|switch|p1a: Jirachi|Jirachi|100\/100\n|turn|20\n|j| RiddleDog\n|\n|t:|1698279851\n|-end|p2a: Iron Leaves|Quark Drive|[silent]\n|switch|p2a: Goodra|Goodra-Hisui, M|78\/100\n|move|p1a: Jirachi|U-turn|p2a: Goodra\n|-resisted|p2a: Goodra\n|-damage|p2a: Goodra|70\/100\n|\n|t:|1698279854\n|switch|p1a: Hydreigon|Hydreigon, M|100\/100|[from] U-turn\n|\n|upkeep\n|turn|21\n|\n|t:|1698279869\n|move|p1a: Hydreigon|U-turn|p2a: Goodra\n|-resisted|p2a: Goodra\n|-damage|p2a: Goodra|65\/100\n|\n|t:|1698279871\n|switch|p1a: Jirachi|Jirachi|100\/100|[from] U-turn\n|move|p2a: Goodra|Draco Meteor|p1a: Jirachi|[miss]\n|-miss|p2a: Goodra|p1a: Jirachi\n|\n|upkeep\n|turn|22\n|\n|t:|1698279884\n|move|p1a: Jirachi|Iron Head|p2a: Goodra\n|-resisted|p2a: Goodra\n|-damage|p2a: Goodra|51\/100\n|cant|p2a: Goodra|flinch\n|\n|upkeep\n|turn|23\n|\n|t:|1698279890\n|move|p1a: Jirachi|Iron Head|p2a: Goodra\n|-resisted|p2a: Goodra\n|-damage|p2a: Goodra|37\/100\n|move|p2a: Goodra|Flamethrower|p1a: Jirachi\n|-supereffective|p1a: Jirachi\n|-damage|p1a: Jirachi|55\/100\n|\n|upkeep\n|turn|24\n|\n|t:|1698279902\n|switch|p1a: Hydreigon|Hydreigon, M|100\/100\n|move|p2a: Goodra|Dragon Tail|p1a: Hydreigon\n|-supereffective|p1a: Hydreigon\n|-damage|p1a: Hydreigon|56\/100\n|drag|p1a: Jirachi|Jirachi|55\/100\n|\n|upkeep\n|turn|25\n|\n|t:|1698279909\n|move|p1a: Jirachi|Iron Head|p2a: Goodra\n|-resisted|p2a: Goodra\n|-damage|p2a: Goodra|24\/100\n|move|p2a: Goodra|Flamethrower|p1a: Jirachi\n|-supereffective|p1a: Jirachi\n|-damage|p1a: Jirachi|13\/100\n|\n|upkeep\n|turn|26\n|\n|t:|1698279925\n|switch|p1a: Hydreigon|Hydreigon, M|56\/100\n|move|p2a: Goodra|Draco Meteor|p1a: Hydreigon\n|-supereffective|p1a: Hydreigon\n|-damage|p1a: Hydreigon|0 fnt\n|-unboost|p2a: Goodra|spa|2\n|faint|p1a: Hydreigon\n|\n|upkeep\n|\n|t:|1698279928\n|switch|p1a: Jirachi|Jirachi|13\/100\n|turn|27\n|\n|t:|1698279935\n|move|p1a: Jirachi|Iron Head|p2a: Goodra\n|-resisted|p2a: Goodra\n|-damage|p2a: Goodra|11\/100\n|move|p2a: Goodra|Flamethrower|p1a: Jirachi\n|-supereffective|p1a: Jirachi\n|-damage|p1a: Jirachi|0 fnt\n|faint|p1a: Jirachi\n|\n|win|shuckleshellshock\n|c|\u2606shuckleshellshock|ggs\n|l| RektCactus\n|c|\u2606Wha1efish|gs\n|c|\u2606Wha1efish|ggs\n|l| rustygoomba\n|j| RektCactus\n|l| RektCactus\n|l|\u2606shuckleshellshock\n","uploadtime":1698280069,"views":15,"p1id":"wha1efish","p2id":"shuckleshellshock","formatid":"gen9ubers","rating":0,"private":0,"password":""}