{"id":"gen9ubers-1988380073","p1":"Pyrope06","p2":"Lord kumon","format":"[Gen 9] Ubers","log":"|j|\u2606Pyrope06\n|j|\u2606Lord kumon\n|t:|1699716321\n|gametype|singles\n|player|p1|Pyrope06|1|\n|player|p2|Lord kumon|170|\n|teamsize|p1|6\n|teamsize|p2|6\n|gen|9\n|tier|[Gen 9] Ubers\n|rule|Sleep Clause Mod: Limit one foe put to sleep\n|rule|Species Clause: Limit one of each Pok\u00e9mon\n|rule|OHKO Clause: OHKO moves are banned\n|rule|Evasion Items Clause: Evasion items are banned\n|rule|Evasion Moves Clause: Evasion moves are banned\n|rule|Endless Battle Clause: Forcing endless battles is banned\n|rule|HP Percentage Mod: HP is shown in percentages\n|clearpoke\n|poke|p1|Torterra, F|\n|poke|p1|Toxapex, M|\n|poke|p1|Quagsire, M|\n|poke|p1|Blissey, F|\n|poke|p1|Corviknight, F|\n|poke|p1|Flutter Mane|\n|poke|p2|Ampharos, F|\n|poke|p2|Arboliva, F|\n|poke|p2|Gallade, M|\n|poke|p2|Talonflame, M|\n|poke|p2|Quaquaval, M|\n|poke|p2|Dragapult, M|\n|teampreview\n|\n|t:|1699716339\n|start\n|switch|p1a: Quagsire|Quagsire, M, shiny|100\/100\n|switch|p2a: Amparo|Ampharos, F|100\/100\n|turn|1\n|j| Eric Vendrell\n|\n|t:|1699716349\n|move|p2a: Amparo|Light Screen|p2a: Amparo\n|-sidestart|p2: Lord kumon|move: Light Screen\n|move|p1a: Quagsire|Toxic|p2a: Amparo\n|-status|p2a: Amparo|tox\n|\n|-damage|p2a: Amparo|94\/100 tox|[from] psn\n|upkeep\n|turn|2\n|c| Eric Vendrell|suerte\n|\n|t:|1699716366\n|switch|p1a: Toxapex|Toxapex, M|100\/100\n|move|p2a: Amparo|Thunder|p1a: Toxapex|[miss]\n|-miss|p2a: Amparo|p1a: Toxapex\n|\n|-damage|p2a: Amparo|82\/100 tox|[from] psn\n|upkeep\n|turn|3\n|\n|t:|1699716383\n|switch|p2a: Virgen extra|Arboliva, F|100\/100\n|switch|p1a: Torterra|Torterra, F, shiny|100\/100\n|\n|upkeep\n|turn|4\n|\n|t:|1699716400\n|switch|p1a: Toxapex|Toxapex, M|100\/100\n|move|p2a: Virgen extra|Leech Seed|p1a: Toxapex\n|-start|p1a: Toxapex|move: Leech Seed\n|\n|-damage|p1a: Toxapex|88\/100|[from] Leech Seed|[of] p2a: Virgen extra\n|upkeep\n|turn|5\n|\n|t:|1699716410\n|move|p2a: Virgen extra|Substitute|p2a: Virgen extra\n|-start|p2a: Virgen extra|Substitute\n|-damage|p2a: Virgen extra|76\/100\n|move|p1a: Toxapex|Toxic Spikes|p2a: Virgen extra\n|-sidestart|p2: Lord kumon|move: Toxic Spikes\n|\n|-heal|p2a: Virgen extra|82\/100|[from] item: Leftovers\n|-heal|p1a: Toxapex|94\/100|[from] item: Black Sludge\n|-damage|p1a: Toxapex|82\/100|[from] Leech Seed|[of] p2a: Virgen extra\n|-heal|p2a: Virgen extra|94\/100|[silent]\n|-sideend|p2: Lord kumon|move: Light Screen\n|upkeep\n|turn|6\n|\n|t:|1699716422\n|move|p2a: Virgen extra|Giga Drain|p1a: Toxapex\n|-damage|p1a: Toxapex|53\/100\n|-heal|p2a: Virgen extra|100\/100|[from] drain|[of] p1a: Toxapex\n|move|p1a: Toxapex|Toxic Spikes|p2a: Virgen extra\n|-sidestart|p2: Lord kumon|move: Toxic Spikes\n|\n|-heal|p1a: Toxapex|59\/100|[from] item: Black Sludge\n|-damage|p1a: Toxapex|47\/100|[from] Leech Seed|[of] p2a: Virgen extra\n|upkeep\n|turn|7\n|\n|t:|1699716443\n|switch|p1a: Flutter Mane|Flutter Mane, shiny|100\/100\n|-enditem|p1a: Flutter Mane|Booster Energy\n|-activate|p1a: Flutter Mane|ability: Protosynthesis|[fromitem]\n|-start|p1a: Flutter Mane|protosynthesisspd\n|move|p2a: Virgen extra|Giga Drain|p1a: Flutter Mane\n|-damage|p1a: Flutter Mane|77\/100\n|\n|upkeep\n|turn|8\n|\n|t:|1699716480\n|move|p1a: Flutter Mane|Moonblast|p2a: Virgen extra\n|-end|p2a: Virgen extra|Substitute\n|move|p2a: Virgen extra|Leech Seed|p1a: Flutter Mane\n|-start|p1a: Flutter Mane|move: Leech Seed\n|\n|-damage|p1a: Flutter Mane|64\/100|[from] Leech Seed|[of] p2a: Virgen extra\n|upkeep\n|turn|9\n|\n|t:|1699716492\n|switch|p2a: Amparo|Ampharos, F|82\/100 tox\n|move|p1a: Flutter Mane|Mystical Fire|p2a: Amparo\n|-damage|p2a: Amparo|60\/100 tox\n|-unboost|p2a: Amparo|spa|1\n|\n|-damage|p1a: Flutter Mane|52\/100|[from] Leech Seed|[of] p2a: Amparo\n|-heal|p2a: Amparo|69\/100 tox|[silent]\n|-damage|p2a: Amparo|63\/100 tox|[from] psn\n|upkeep\n|turn|10\n|\n|t:|1699716504\n|-end|p1a: Flutter Mane|Protosynthesis|[silent]\n|switch|p1a: Torterra|Torterra, F, shiny|100\/100\n|move|p2a: Amparo|Light Screen|p2a: Amparo\n|-sidestart|p2: Lord kumon|move: Light Screen\n|\n|-damage|p2a: Amparo|50\/100 tox|[from] psn\n|upkeep\n|turn|11\n|\n|t:|1699716521\n|switch|p2a: Virgen extra|Arboliva, F|100\/100\n|-status|p2a: Virgen extra|tox\n|move|p1a: Torterra|Shell Smash|p1a: Torterra\n|-unboost|p1a: Torterra|def|1\n|-unboost|p1a: Torterra|spd|1\n|-boost|p1a: Torterra|atk|2\n|-boost|p1a: Torterra|spa|2\n|-boost|p1a: Torterra|spe|2\n|\n|-damage|p2a: Virgen extra|94\/100 tox|[from] psn\n|upkeep\n|turn|12\n|\n|t:|1699716537\n|move|p1a: Torterra|Rock Blast|p2a: Virgen extra|[miss]\n|-miss|p1a: Torterra|p2a: Virgen extra\n|move|p2a: Virgen extra|Leech Seed|p1a: Torterra\n|-immune|p1a: Torterra\n|\n|-heal|p2a: Virgen extra|100\/100 tox|[from] item: Leftovers\n|-damage|p2a: Virgen extra|88\/100 tox|[from] psn\n|upkeep\n|turn|13\n|c| Eric Vendrell|ui\n|\n|t:|1699716553\n|move|p1a: Torterra|Rock Blast|p2a: Virgen extra\n|-damage|p2a: Virgen extra|73\/100 tox\n|-fieldstart|move: Grassy Terrain|[from] ability: Seed Sower|[of] p2a: Virgen extra\n|-damage|p2a: Virgen extra|59\/100 tox\n|-damage|p2a: Virgen extra|43\/100 tox\n|-damage|p2a: Virgen extra|28\/100 tox\n|-hitcount|p2a: Virgen extra|4\n|move|p2a: Virgen extra|Dazzling Gleam|p1a: Torterra\n|-damage|p1a: Torterra|52\/100\n|\n|-heal|p1a: Torterra|58\/100|[from] Grassy Terrain\n|-heal|p2a: Virgen extra|34\/100 tox|[from] Grassy Terrain\n|-heal|p2a: Virgen extra|40\/100 tox|[from] item: Leftovers\n|-damage|p2a: Virgen extra|22\/100 tox|[from] psn\n|upkeep\n|turn|14\n|\n|t:|1699716574\n|move|p1a: Torterra|Bullet Seed|p2a: Virgen extra\n|-resisted|p2a: Virgen extra\n|-damage|p2a: Virgen extra|6\/100 tox\n|-resisted|p2a: Virgen extra\n|-damage|p2a: Virgen extra|0 fnt\n|faint|p2a: Virgen extra\n|-hitcount|p2: Virgen extra|2\n|\n|-heal|p1a: Torterra|64\/100|[from] Grassy Terrain\n|-sideend|p2: Lord kumon|move: Light Screen\n|upkeep\n|\n|t:|1699716610\n|switch|p2a: Vueling|Talonflame, M|100\/100\n|turn|15\n|\n|t:|1699716617\n|move|p1a: Torterra|Rock Blast|p2a: Vueling\n|-supereffective|p2a: Vueling\n|-damage|p2a: Vueling|18\/100\n|-supereffective|p2a: Vueling\n|-damage|p2a: Vueling|0 fnt\n|faint|p2a: Vueling\n|-hitcount|p2: Vueling|2\n|\n|-heal|p1a: Torterra|70\/100|[from] Grassy Terrain\n|upkeep\n|inactive|Battle timer is ON: inactive players will automatically lose when time's up. (requested by Lord kumon)\n|\n|t:|1699716635\n|switch|p2a: Kaladin|Dragapult, M|100\/100\n|-status|p2a: Kaladin|tox\n|turn|16\n|\n|t:|1699716650\n|move|p1a: Torterra|Bullet Seed|p2a: Kaladin\n|-resisted|p2a: Kaladin\n|-damage|p2a: Kaladin|83\/100 tox\n|-resisted|p2a: Kaladin\n|-damage|p2a: Kaladin|67\/100 tox\n|-resisted|p2a: Kaladin\n|-damage|p2a: Kaladin|50\/100 tox\n|-start|p1a: Torterra|Disable|Bullet Seed|[from] ability: Cursed Body|[of] p2a: Kaladin\n|-resisted|p2a: Kaladin\n|-crit|p2a: Kaladin\n|-damage|p2a: Kaladin|22\/100 tox\n|-resisted|p2a: Kaladin\n|-damage|p2a: Kaladin|4\/100 tox\n|-hitcount|p2a: Kaladin|5\n|move|p2a: Kaladin|Dragon Darts|p1a: Torterra\n|-damage|p1a: Torterra|29\/100\n|-anim|p2a: Kaladin|Dragon Darts|p1a: Torterra\n|-damage|p1a: Torterra|0 fnt\n|faint|p1a: Torterra\n|\n|-heal|p2a: Kaladin|10\/100 tox|[from] Grassy Terrain\n|-damage|p2a: Kaladin|4\/100 tox|[from] psn\n|upkeep\n|c| Eric Vendrell|eso era rock blast ...\n|\n|t:|1699716674\n|switch|p1a: Corviknight|Corviknight, F, shiny|100\/100\n|turn|17\n|\n|t:|1699716686\n|move|p2a: Kaladin|Dragon Darts|p1a: Corviknight\n|-resisted|p1a: Corviknight\n|-damage|p1a: Corviknight|91\/100\n|-anim|p2a: Kaladin|Dragon Darts|p1a: Corviknight\n|-resisted|p1a: Corviknight\n|-damage|p1a: Corviknight|81\/100\n|move|p1a: Corviknight|Roost|p1a: Corviknight\n|-heal|p1a: Corviknight|100\/100\n|-singleturn|p1a: Corviknight|move: Roost\n|\n|-heal|p2a: Kaladin|10\/100 tox|[from] Grassy Terrain\n|-damage|p2a: Kaladin|0 fnt|[from] psn\n|faint|p2a: Kaladin\n|-fieldend|move: Grassy Terrain\n|upkeep\n|\n|t:|1699716705\n|switch|p2a: Amparo|Ampharos, F|50\/100 tox\n|turn|18\n|\n|t:|1699716715\n|switch|p1a: Blissey|Blissey, F, shiny|100\/100\n|move|p2a: Amparo|Thunder|p1a: Blissey\n|-damage|p1a: Blissey|82\/100\n|\n|-damage|p2a: Amparo|44\/100 tox|[from] psn\n|upkeep\n|turn|19\n|\n|t:|1699716725\n|switch|p2a: Ariel|Quaquaval, M|100\/100\n|-status|p2a: Ariel|tox\n|move|p1a: Blissey|Stealth Rock|p2a: Ariel\n|-sidestart|p2: Lord kumon|move: Stealth Rock\n|\n|-damage|p2a: Ariel|94\/100 tox|[from] psn\n|upkeep\n|turn|20\n|\n|t:|1699716739\n|switch|p1a: Toxapex|Toxapex, M|80\/100\n|move|p2a: Ariel|Swords Dance|p2a: Ariel\n|-boost|p2a: Ariel|atk|2\n|\n|-heal|p1a: Toxapex|86\/100|[from] item: Black Sludge\n|-damage|p2a: Ariel|82\/100 tox|[from] psn\n|upkeep\n|turn|21\n|\n|t:|1699716754\n|move|p2a: Ariel|Close Combat|p1a: Toxapex\n|-resisted|p1a: Toxapex\n|-damage|p1a: Toxapex|50\/100\n|-unboost|p2a: Ariel|def|1\n|-unboost|p2a: Ariel|spd|1\n|move|p1a: Toxapex|Stockpile|p1a: Toxapex\n|-start|p1a: Toxapex|stockpile1\n|-boost|p1a: Toxapex|def|1\n|-boost|p1a: Toxapex|spd|1\n|\n|-heal|p1a: Toxapex|56\/100|[from] item: Black Sludge\n|-damage|p2a: Ariel|64\/100 tox|[from] psn\n|upkeep\n|turn|22\n|\n|t:|1699716769\n|move|p2a: Ariel|Wave Crash|p1a: Toxapex\n|-resisted|p1a: Toxapex\n|-damage|p1a: Toxapex|26\/100\n|-damage|p2a: Ariel|55\/100 tox|[from] Recoil\n|move|p1a: Toxapex|Recover|p1a: Toxapex\n|-heal|p1a: Toxapex|76\/100\n|\n|-heal|p1a: Toxapex|83\/100|[from] item: Black Sludge\n|-damage|p2a: Ariel|30\/100 tox|[from] psn\n|upkeep\n|turn|23\n|inactive|Lord kumon has 270 seconds left.\n|\n|t:|1699716807\n|switch|p2a: Amparo|Ampharos, F|44\/100 tox\n|-damage|p2a: Amparo|32\/100 tox|[from] Stealth Rock\n|move|p1a: Toxapex|Recover|p1a: Toxapex\n|-heal|p1a: Toxapex|100\/100\n|\n|-damage|p2a: Amparo|25\/100 tox|[from] psn\n|upkeep\n|turn|24\n|inactive|Lord kumon has 270 seconds left.\n|\n|t:|1699716827\n|switch|p1a: Quagsire|Quagsire, M, shiny|100\/100\n|move|p2a: Amparo|Thunder|p1a: Quagsire\n|-immune|p1a: Quagsire\n|\n|-damage|p2a: Amparo|13\/100 tox|[from] psn\n|upkeep\n|turn|25\n|inactive|Lord kumon has 270 seconds left.\n|\n|t:|1699716847\n|move|p2a: Amparo|Light Screen|p2a: Amparo\n|-sidestart|p2: Lord kumon|move: Light Screen\n|move|p1a: Quagsire|Earthquake|p2a: Amparo\n|-supereffective|p2a: Amparo\n|-damage|p2a: Amparo|0 fnt\n|faint|p2a: Amparo\n|\n|upkeep\n|\n|t:|1699716854\n|switch|p2a: Soren|Gallade, M|100\/100\n|-status|p2a: Soren|tox\n|-damage|p2a: Soren|94\/100 tox|[from] Stealth Rock\n|turn|26\n|inactive|Lord kumon has 270 seconds left.\n|\n|t:|1699716866\n|move|p2a: Soren|Swords Dance|p2a: Soren\n|-boost|p2a: Soren|atk|2\n|move|p1a: Quagsire|Earthquake|p2a: Soren\n|-damage|p2a: Soren|47\/100 tox\n|\n|-damage|p2a: Soren|41\/100 tox|[from] psn\n|upkeep\n|turn|27\n|inactive|Lord kumon has 270 seconds left.\n|\n|t:|1699716881\n|-terastallize|p2a: Soren|Bug\n|move|p2a: Soren|X-Scissor|p1a: Quagsire\n|-damage|p1a: Quagsire|43\/100\n|move|p1a: Quagsire|Recover|p1a: Quagsire\n|-heal|p1a: Quagsire|93\/100\n|\n|-heal|p1a: Quagsire|99\/100|[from] item: Leftovers\n|-damage|p2a: Soren|28\/100 tox|[from] psn\n|upkeep\n|turn|28\n|\n|t:|1699716898\n|move|p2a: Soren|X-Scissor|p1a: Quagsire\n|-damage|p1a: Quagsire|31\/100\n|move|p1a: Quagsire|Recover|p1a: Quagsire\n|-heal|p1a: Quagsire|81\/100\n|\n|-heal|p1a: Quagsire|88\/100|[from] item: Leftovers\n|-damage|p2a: Soren|10\/100 tox|[from] psn\n|upkeep\n|turn|29\n|\n|t:|1699716908\n|move|p2a: Soren|X-Scissor|p1a: Quagsire\n|-damage|p1a: Quagsire|26\/100\n|move|p1a: Quagsire|Recover|p1a: Quagsire\n|-heal|p1a: Quagsire|76\/100\n|\n|-heal|p1a: Quagsire|82\/100|[from] item: Leftovers\n|-damage|p2a: Soren|0 fnt|[from] psn\n|faint|p2a: Soren\n|-sideend|p2: Lord kumon|move: Light Screen\n|upkeep\n|\n|t:|1699716919\n|switch|p2a: Ariel|Quaquaval, M|30\/100 tox\n|-damage|p2a: Ariel|24\/100 tox|[from] Stealth Rock\n|turn|30\n|c| Eric Vendrell|ggs\n|\n|t:|1699716927\n|move|p2a: Ariel|Close Combat|p1a: Quagsire\n|-damage|p1a: Quagsire|14\/100\n|-unboost|p2a: Ariel|def|1\n|-unboost|p2a: Ariel|spd|1\n|move|p1a: Quagsire|Haze|p1a: Quagsire\n|-clearallboost\n|\n|-heal|p1a: Quagsire|20\/100|[from] item: Leftovers\n|-damage|p2a: Ariel|18\/100 tox|[from] psn\n|upkeep\n|turn|31\n|inactive|Lord kumon has 270 seconds left.\n|\n|t:|1699716941\n|switch|p1a: Flutter Mane|Flutter Mane, shiny|52\/100\n|move|p2a: Ariel|Ice Spinner|p1a: Flutter Mane\n|-damage|p1a: Flutter Mane|0 fnt\n|faint|p1a: Flutter Mane\n|-end|p1a: Flutter Mane|Protosynthesis|[silent]\n|-ability|p2a: Ariel|Moxie|boost\n|-boost|p2a: Ariel|atk|1\n|\n|-damage|p2a: Ariel|6\/100 tox|[from] psn\n|upkeep\n|\n|t:|1699716959\n|switch|p1a: Blissey|Blissey, F, shiny|82\/100\n|turn|32\n|\n|t:|1699716964\n|-terastallize|p1a: Blissey|Ghost\n|move|p2a: Ariel|Close Combat|p1a: Blissey\n|-immune|p1a: Blissey\n|move|p1a: Blissey|Thunder Wave||[still]\n|-fail|p1a: Blissey\n|\n|-damage|p2a: Ariel|0 fnt|[from] psn\n|faint|p2a: Ariel\n|\n|win|Pyrope06\n|upkeep\n|l|\u2606Lord kumon\n|l|\u2606Pyrope06\n","uploadtime":1699716978,"views":5,"p1id":"pyrope06","p2id":"lordkumon","formatid":"gen9ubers","rating":0,"private":0,"password":""}