{"id":"gen9ubers-1975406353","p1":"Hagenzdaz","p2":"S3OLY","format":"[Gen 9] Ubers","log":"|j|\u2606Hagenzdaz\n|j|\u2606S3OLY\n|t:|1698187850\n|gametype|singles\n|player|p1|Hagenzdaz|iris|1145\n|player|p2|S3OLY|unknownf|1275\n|teamsize|p1|6\n|teamsize|p2|6\n|gen|9\n|tier|[Gen 9] Ubers\n|rated|\n|rule|Sleep Clause Mod: Limit one foe put to sleep\n|rule|Species Clause: Limit one of each Pok\u00e9mon\n|rule|OHKO Clause: OHKO moves are banned\n|rule|Evasion Items Clause: Evasion items are banned\n|rule|Evasion Moves Clause: Evasion moves are banned\n|rule|Endless Battle Clause: Forcing endless battles is banned\n|rule|HP Percentage Mod: HP is shown in percentages\n|clearpoke\n|poke|p1|Basculegion, M|\n|poke|p1|Pelipper, F|\n|poke|p1|Kyogre|\n|poke|p1|Palafin, F|\n|poke|p1|Dialga-Origin|\n|poke|p1|Miraidon|\n|poke|p2|Eternatus|\n|poke|p2|Skeledirge, F|\n|poke|p2|Arceus-Ground|\n|poke|p2|Zacian-*|\n|poke|p2|Koraidon|\n|poke|p2|Kyogre|\n|teampreview\n|inactive|Battle timer is ON: inactive players will automatically lose when time's up. (requested by Hagenzdaz)\n|\n|t:|1698187910\n|start\n|switch|p1a: Pelipper|Pelipper, F|100\/100\n|switch|p2a: Koraidon|Koraidon|100\/100\n|-weather|SunnyDay|[from] ability: Orichalcum Pulse|[of] p2a: Koraidon\n|-activate|p2a: Koraidon|Orichalcum Pulse|[source]\n|-weather|RainDance|[from] ability: Drizzle|[of] p1a: Pelipper\n|turn|1\n|\n|t:|1698187921\n|move|p2a: Koraidon|U-turn|p1a: Pelipper\n|-resisted|p1a: Pelipper\n|-damage|p1a: Pelipper|86\/100\n|\n|t:|1698187925\n|switch|p2a: Kyogre|Kyogre|100\/100|[from] U-turn\n|move|p1a: Pelipper|Tailwind|p1a: Pelipper\n|-sidestart|p1: Hagenzdaz|move: Tailwind\n|\n|-weather|RainDance|[upkeep]\n|upkeep\n|turn|2\n|\n|t:|1698187931\n|move|p1a: Pelipper|U-turn|p2a: Kyogre\n|-damage|p2a: Kyogre|95\/100\n|\n|t:|1698187933\n|switch|p1a: Miraidon|Miraidon|100\/100|[from] U-turn\n|-fieldstart|move: Electric Terrain|[from] ability: Hadron Engine|[of] p1a: Miraidon\n|move|p2a: Kyogre|Calm Mind|p2a: Kyogre\n|-boost|p2a: Kyogre|spa|1\n|-boost|p2a: Kyogre|spd|1\n|\n|-weather|RainDance|[upkeep]\n|-heal|p2a: Kyogre|100\/100|[from] item: Leftovers\n|upkeep\n|turn|3\n|\n|t:|1698187942\n|-terastallize|p2a: Kyogre|Fairy\n|move|p1a: Miraidon|Electro Drift|p2a: Kyogre\n|-damage|p2a: Kyogre|62\/100\n|move|p2a: Kyogre|Ice Beam|p1a: Miraidon\n|-supereffective|p1a: Miraidon\n|-damage|p1a: Miraidon|28\/100\n|\n|-weather|RainDance|[upkeep]\n|-heal|p2a: Kyogre|68\/100|[from] item: Leftovers\n|upkeep\n|turn|4\n|\n|t:|1698187972\n|switch|p1a: Dialga|Dialga-Origin|100\/100\n|-ability|p1a: Dialga|Pressure\n|move|p2a: Kyogre|Ice Beam|p1a: Dialga\n|-damage|p1a: Dialga|68\/100\n|\n|-weather|RainDance|[upkeep]\n|-heal|p2a: Kyogre|74\/100|[from] item: Leftovers\n|-sideend|p1: Hagenzdaz|move: Tailwind\n|upkeep\n|turn|5\n|\n|t:|1698187981\n|move|p1a: Dialga|Steel Beam|p2a: Kyogre|[miss]\n|-miss|p1a: Dialga|p2a: Kyogre\n|-damage|p1a: Dialga|18\/100|[from] steelbeam\n|move|p2a: Kyogre|Calm Mind|p2a: Kyogre\n|-boost|p2a: Kyogre|spa|1\n|-boost|p2a: Kyogre|spd|1\n|\n|-weather|RainDance|[upkeep]\n|-heal|p2a: Kyogre|80\/100|[from] item: Leftovers\n|upkeep\n|turn|6\n|c|\u2606Hagenzdaz|lucky af\n|c|\u2606Hagenzdaz|holy\n|\n|t:|1698187990\n|move|p1a: Dialga|Steel Beam|p2a: Kyogre\n|-supereffective|p2a: Kyogre\n|-damage|p2a: Kyogre|23\/100\n|-damage|p1a: Dialga|0 fnt|[from] steelbeam\n|faint|p1a: Dialga\n|move|p2a: Kyogre|Ice Beam|p1: Dialga|[notarget]\n|-fail|p2a: Kyogre\n|\n|-weather|RainDance|[upkeep]\n|-heal|p2a: Kyogre|29\/100|[from] item: Leftovers\n|-fieldend|move: Electric Terrain\n|upkeep\n|\n|t:|1698188007\n|switch|p1a: Palafin|Palafin, F|100\/100\n|turn|7\n|\n|t:|1698188011\n|move|p1a: Palafin|Flip Turn|p2a: Kyogre\n|-damage|p2a: Kyogre|2\/100\n|-damage|p1a: Palafin|91\/100|[from] item: Life Orb\n|\n|t:|1698188018\n|detailschange|p1a: Palafin|Palafin-Hero, F\n|switch|p1a: Miraidon|Miraidon|28\/100|[from] Flip Turn\n|-fieldstart|move: Electric Terrain|[from] ability: Hadron Engine|[of] p1a: Miraidon\n|move|p2a: Kyogre|Surf|p1a: Miraidon\n|-resisted|p1a: Miraidon\n|-damage|p1a: Miraidon|0 fnt\n|faint|p1a: Miraidon\n|\n|-weather|RainDance|[upkeep]\n|-heal|p2a: Kyogre|9\/100|[from] item: Leftovers\n|upkeep\n|\n|t:|1698188022\n|switch|p1a: Palafin|Palafin-Hero, F|91\/100\n|-activate|p1a: Palafin|ability: Zero to Hero\n|turn|8\n|\n|t:|1698188030\n|move|p1a: Palafin|Flip Turn|p2a: Kyogre\n|-damage|p2a: Kyogre|0 fnt\n|faint|p2a: Kyogre\n|-damage|p1a: Palafin|81\/100|[from] item: Life Orb\n|\n|t:|1698188039\n|switch|p1a: Pelipper|Pelipper, F|86\/100|[from] Flip Turn\n|\n|-weather|none\n|upkeep\n|\n|t:|1698188047\n|switch|p2a: Eternatus|Eternatus|100\/100\n|-ability|p2a: Eternatus|Pressure\n|turn|9\n|\n|t:|1698188063\n|move|p2a: Eternatus|Toxic|p1a: Pelipper\n|-status|p1a: Pelipper|tox\n|move|p1a: Pelipper|Tailwind|p1a: Pelipper\n|-sidestart|p1: Hagenzdaz|move: Tailwind\n|\n|-damage|p1a: Pelipper|79\/100 tox|[from] psn\n|upkeep\n|turn|10\n|\n|t:|1698188071\n|move|p2a: Eternatus|Toxic|p1a: Pelipper\n|-fail|p1a: Pelipper|tox\n|move|p1a: Pelipper|U-turn|p2a: Eternatus\n|-resisted|p2a: Eternatus\n|-damage|p2a: Eternatus|97\/100\n|\n|t:|1698188079\n|switch|p1a: Kyogre|Kyogre|100\/100|[from] U-turn\n|-weather|RainDance|[from] ability: Drizzle|[of] p1a: Kyogre\n|\n|-weather|RainDance|[upkeep]\n|upkeep\n|turn|11\n|\n|t:|1698188094\n|switch|p2a: Skeledirge|Skeledirge, F|100\/100\n|move|p1a: Kyogre|Substitute|p1a: Kyogre\n|-start|p1a: Kyogre|Substitute\n|-damage|p1a: Kyogre|75\/100\n|\n|-weather|RainDance|[upkeep]\n|-heal|p1a: Kyogre|82\/100|[from] item: Leftovers\n|-fieldend|move: Electric Terrain\n|upkeep\n|turn|12\n|\n|t:|1698188103\n|move|p1a: Kyogre|Calm Mind|p1a: Kyogre\n|-boost|p1a: Kyogre|spa|1\n|-boost|p1a: Kyogre|spd|1\n|move|p2a: Skeledirge|Will-O-Wisp||[still]\n|-fail|p2a: Skeledirge\n|\n|-weather|RainDance|[upkeep]\n|-heal|p1a: Kyogre|88\/100|[from] item: Leftovers\n|-sideend|p1: Hagenzdaz|move: Tailwind\n|upkeep\n|turn|13\n|\n|t:|1698188121\n|switch|p2a: Koraidon|Koraidon|100\/100\n|-weather|SunnyDay|[from] ability: Orichalcum Pulse|[of] p2a: Koraidon\n|-activate|p2a: Koraidon|Orichalcum Pulse|[source]\n|move|p1a: Kyogre|Surf|p2a: Koraidon\n|-resisted|p2a: Koraidon\n|-damage|p2a: Koraidon|79\/100\n|\n|-weather|SunnyDay|[upkeep]\n|-heal|p1a: Kyogre|94\/100|[from] item: Leftovers\n|upkeep\n|turn|14\n|\n|t:|1698188130\n|move|p2a: Koraidon|Low Kick|p1a: Kyogre\n|-end|p1a: Kyogre|Substitute\n|move|p1a: Kyogre|Ice Beam|p2a: Koraidon\n|-supereffective|p2a: Koraidon\n|-damage|p2a: Koraidon|0 fnt\n|faint|p2a: Koraidon\n|\n|-weather|SunnyDay|[upkeep]\n|-heal|p1a: Kyogre|99\/100|[from] item: Leftovers\n|upkeep\n|\n|t:|1698188138\n|switch|p2a: Eternatus|Eternatus|97\/100\n|-ability|p2a: Eternatus|Pressure\n|turn|15\n|\n|t:|1698188150\n|move|p2a: Eternatus|Toxic|p1a: Kyogre\n|-status|p1a: Kyogre|tox\n|move|p1a: Kyogre|Ice Beam|p2a: Eternatus\n|-supereffective|p2a: Eternatus\n|-damage|p2a: Eternatus|22\/100\n|\n|-weather|SunnyDay|[upkeep]\n|-heal|p1a: Kyogre|100\/100 tox|[from] item: Leftovers\n|-damage|p1a: Kyogre|94\/100 tox|[from] psn\n|upkeep\n|turn|16\n|\n|t:|1698188164\n|move|p2a: Eternatus|Dynamax Cannon|p1a: Kyogre\n|-damage|p1a: Kyogre|74\/100 tox\n|move|p1a: Kyogre|Ice Beam|p2a: Eternatus\n|-supereffective|p2a: Eternatus\n|-damage|p2a: Eternatus|0 fnt\n|faint|p2a: Eternatus\n|\n|-weather|SunnyDay|[upkeep]\n|-heal|p1a: Kyogre|80\/100 tox|[from] item: Leftovers\n|-damage|p1a: Kyogre|67\/100 tox|[from] psn\n|upkeep\n|\n|t:|1698188176\n|switch|p2a: Zacian|Zacian-Crowned|100\/100\n|-ability|p2a: Zacian|Intrepid Sword|boost\n|-boost|p2a: Zacian|atk|1\n|turn|17\n|\n|t:|1698188183\n|move|p2a: Zacian|Play Rough|p1a: Kyogre\n|-damage|p1a: Kyogre|0 fnt\n|faint|p1a: Kyogre\n|\n|-weather|none\n|upkeep\n|inactive|Hagenzdaz has 120 seconds left.\n|\n|t:|1698188216\n|switch|p1a: Pelipper|Pelipper, F|79\/100 tox\n|-weather|RainDance|[from] ability: Drizzle|[of] p1a: Pelipper\n|turn|18\n|\n|t:|1698188239\n|move|p2a: Zacian|Swords Dance|p2a: Zacian\n|-boost|p2a: Zacian|atk|2\n|move|p1a: Pelipper|Tailwind|p1a: Pelipper\n|-sidestart|p1: Hagenzdaz|move: Tailwind\n|\n|-weather|RainDance|[upkeep]\n|-damage|p1a: Pelipper|73\/100 tox|[from] psn\n|upkeep\n|turn|19\n|\n|t:|1698188253\n|move|p2a: Zacian|Swords Dance|p2a: Zacian\n|-boost|p2a: Zacian|atk|2\n|move|p1a: Pelipper|Hurricane|p2a: Zacian\n|-resisted|p2a: Zacian\n|-damage|p2a: Zacian|83\/100\n|\n|-weather|RainDance|[upkeep]\n|-damage|p1a: Pelipper|61\/100 tox|[from] psn\n|upkeep\n|turn|20\n|\n|t:|1698188262\n|move|p2a: Zacian|Swords Dance|p2a: Zacian\n|-boost|p2a: Zacian|atk|1\n|move|p1a: Pelipper|U-turn|p2a: Zacian\n|-resisted|p2a: Zacian\n|-damage|p2a: Zacian|81\/100\n|\n|t:|1698188270\n|switch|p1a: Basculegion|Basculegion, M|100\/100|[from] U-turn\n|\n|-weather|RainDance|[upkeep]\n|upkeep\n|turn|21\n|\n|t:|1698188277\n|move|p1a: Basculegion|Last Respects|p2a: Zacian\n|-damage|p2a: Zacian|0 fnt\n|faint|p2a: Zacian\n|\n|-weather|RainDance|[upkeep]\n|-sideend|p1: Hagenzdaz|move: Tailwind\n|upkeep\n|-message|S3OLY forfeited.\n|\n|win|Hagenzdaz\n|raw|Hagenzdaz's rating: 1145 &rarr; <strong>1179<\/strong><br \/>(+34 for winning)\n|raw|S3OLY's rating: 1275 &rarr; <strong>1241<\/strong><br \/>(-34 for losing)\n|l|\u2606S3OLY\n","uploadtime":1698188292,"views":17,"p1id":"hagenzdaz","p2id":"s3oly","formatid":"gen9ubers","rating":1179,"private":0,"password":""}