{"id":"gen9ubers-1987352273","p1":"Finchely","p2":"uubers account","format":"[Gen 9] Ubers","log":"|j|\u2606Finchely\n|j|\u2606uubers account\n|t:|1699580763\n|gametype|singles\n|player|p1|Finchely|acetrainerf|\n|player|p2|uubers account|1|\n|teamsize|p1|6\n|teamsize|p2|6\n|gen|9\n|tier|[Gen 9] Ubers\n|rule|Sleep Clause Mod: Limit one foe put to sleep\n|rule|Species Clause: Limit one of each Pok\u00e9mon\n|rule|OHKO Clause: OHKO moves are banned\n|rule|Evasion Items Clause: Evasion items are banned\n|rule|Evasion Moves Clause: Evasion moves are banned\n|rule|Endless Battle Clause: Forcing endless battles is banned\n|rule|HP Percentage Mod: HP is shown in percentages\n|clearpoke\n|poke|p1|Slowking-Galar, F|\n|poke|p1|Palkia-Origin|\n|poke|p1|Dragapult, F|\n|poke|p1|Cyclizar, M|\n|poke|p1|Clefable, F|\n|poke|p1|Arceus-Dark|\n|poke|p2|Palafin, M|\n|poke|p2|Magearna|\n|poke|p2|Arceus-Grass|\n|poke|p2|Chi-Yu|\n|poke|p2|Cyclizar, F|\n|poke|p2|Roaring Moon|\n|teampreview\n|c|\u2606uubers account|glhf\n|c|\u2606Finchely|u2\n|\n|t:|1699580851\n|start\n|switch|p1a: Slowking|Slowking-Galar, F|100\/100\n|switch|p2a: I|Palafin, M|100\/100\n|turn|1\n|\n|t:|1699580867\n|move|p2a: I|Flip Turn|p1a: Slowking\n|-damage|p1a: Slowking|77\/100\n|c|\u2606Finchely|gosh palafin is so scary\n|\n|t:|1699580893\n|detailschange|p2a: I|Palafin-Hero, M\n|switch|p2a: Love|Magearna|100\/100|[from] Flip Turn\n|move|p1a: Slowking|Thunder Wave|p2a: Love\n|-status|p2a: Love|par\n|\n|upkeep\n|turn|2\n|\n|t:|1699580927\n|move|p1a: Slowking|Toxic Spikes|p2a: Love\n|-sidestart|p2: uubers account|move: Toxic Spikes\n|cant|p2a: Love|par\n|\n|upkeep\n|turn|3\n|\n|t:|1699580937\n|move|p1a: Slowking|Future Sight|p2a: Love\n|-start|p1a: Slowking|move: Future Sight\n|move|p2a: Love|Thunder Wave|p1a: Slowking\n|-status|p1a: Slowking|par\n|\n|upkeep\n|turn|4\n|\n|t:|1699580950\n|cant|p2a: Love|par\n|move|p1a: Slowking|Chilly Reception|p1a: Slowking\n|-weather|Snow\n|c|\u2606uubers account|ffs\n|\n|t:|1699581032\n|switch|p1a: Palkia|Palkia-Origin, shiny|100\/100|[from] Chilly Reception\n|-ability|p1a: Palkia|Pressure\n|\n|-weather|Snow|[upkeep]\n|upkeep\n|turn|5\n|c|\u2606Finchely|wait i forgot about twave\n|\n|t:|1699581064\n|switch|p1a: Slowking|Slowking-Galar, F|100\/100 par\n|move|p2a: Love|Fleur Cannon|p1a: Slowking\n|-resisted|p1a: Slowking\n|-damage|p1a: Slowking|80\/100 par\n|-unboost|p2a: Love|spa|2\n|\n|-weather|Snow|[upkeep]\n|-end|p2a: Love|move: Future Sight\n|-resisted|p2a: Love\n|-damage|p2a: Love|82\/100 par\n|-heal|p2a: Love|88\/100 par|[from] item: Leftovers\n|upkeep\n|turn|6\n|\n|t:|1699581069\n|cant|p2a: Love|par\n|move|p1a: Slowking|Future Sight|p2a: Love\n|-start|p1a: Slowking|move: Future Sight\n|\n|-weather|Snow|[upkeep]\n|-heal|p2a: Love|94\/100 par|[from] item: Leftovers\n|upkeep\n|turn|7\n|c|\u2606uubers account|jesus\n|c|\u2606uubers account|3 paras\n|\n|t:|1699581078\n|move|p2a: Love|Volt Switch|p1a: Slowking\n|-damage|p1a: Slowking|73\/100 par\n|\n|t:|1699581082\n|switch|p2a: Very|Cyclizar, F|100\/100|[from] Volt Switch\n|cant|p1a: Slowking|par\n|\n|-weather|Snow|[upkeep]\n|upkeep\n|turn|8\n|\n|t:|1699581106\n|move|p2a: Very|Taunt|p1a: Slowking\n|-start|p1a: Slowking|move: Taunt\n|cant|p1a: Slowking|move: Taunt|Thunder Wave\n|\n|-weather|none\n|-end|p2a: Very|move: Future Sight\n|-damage|p2a: Very|37\/100\n|upkeep\n|turn|9\n|\n|t:|1699581110\n|move|p2a: Very|Knock Off|p1a: Slowking\n|-supereffective|p1a: Slowking\n|-damage|p1a: Slowking|41\/100 par\n|-enditem|p1a: Slowking|Heavy-Duty Boots|[from] move: Knock Off|[of] p2a: Very\n|cant|p1a: Slowking|par\n|\n|upkeep\n|turn|10\n|\n|t:|1699581119\n|switch|p1a: Palkia|Palkia-Origin, shiny|100\/100\n|-ability|p1a: Palkia|Pressure\n|move|p2a: Very|Rapid Spin|p1a: Palkia\n|-damage|p1a: Palkia|83\/100\n|-boost|p2a: Very|spe|1\n|-sideend|p2: uubers account|Toxic Spikes|[from] move: Rapid Spin|[of] p2a: Very\n|\n|upkeep\n|turn|11\n|\n|t:|1699581166\n|switch|p1a: Slowking|Slowking-Galar, F|74\/100 par\n|move|p2a: Very|Taunt|p1a: Slowking\n|-start|p1a: Slowking|move: Taunt\n|\n|upkeep\n|turn|12\n|\n|t:|1699581186\n|switch|p2a: Finchley|Arceus-Grass|100\/100\n|move|p1a: Slowking|Future Sight|p2a: Finchley\n|-start|p1a: Slowking|move: Future Sight\n|\n|upkeep\n|turn|13\n|\n|t:|1699581236\n|switch|p1a: Clefable|Clefable, F|100\/100\n|move|p2a: Finchley|Taunt|p1a: Clefable\n|-start|p1a: Clefable|move: Taunt\n|\n|upkeep\n|turn|14\n|\n|t:|1699581247\n|move|p2a: Finchley|Judgment|p1a: Clefable\n|-damage|p1a: Clefable|68\/100\n|move|p1a: Clefable|Moonblast|p2a: Finchley\n|-crit|p2a: Finchley\n|-damage|p2a: Finchley|67\/100\n|\n|-end|p2a: Finchley|move: Future Sight\n|-damage|p2a: Finchley|39\/100\n|-heal|p1a: Clefable|74\/100|[from] item: Leftovers\n|upkeep\n|turn|15\n|\n|t:|1699581258\n|move|p2a: Finchley|Recover|p2a: Finchley\n|-heal|p2a: Finchley|89\/100\n|move|p1a: Clefable|Moonblast|p2a: Finchley\n|-damage|p2a: Finchley|68\/100\n|-unboost|p2a: Finchley|spa|1\n|\n|-heal|p1a: Clefable|80\/100|[from] item: Leftovers\n|-end|p1a: Clefable|move: Taunt\n|upkeep\n|turn|16\n|\n|t:|1699581264\n|move|p1a: Clefable|Protect|p1a: Clefable\n|-singleturn|p1a: Clefable|Protect\n|move|p2a: Finchley|Taunt|p1a: Clefable\n|-activate|p1a: Clefable|move: Protect\n|\n|-heal|p1a: Clefable|87\/100|[from] item: Leftovers\n|upkeep\n|turn|17\n|\n|t:|1699581270\n|move|p2a: Finchley|Recover|p2a: Finchley\n|-heal|p2a: Finchley|100\/100\n|move|p1a: Clefable|Moonblast|p2a: Finchley\n|-damage|p2a: Finchley|79\/100\n|\n|-heal|p1a: Clefable|93\/100|[from] item: Leftovers\n|upkeep\n|turn|18\n|\n|t:|1699581280\n|switch|p2a: I|Palafin-Hero, M|100\/100\n|-activate|p2a: I|ability: Zero to Hero\n|move|p1a: Clefable|Protect||[still]\n|-fail|p1a: Clefable\n|\n|-heal|p1a: Clefable|99\/100|[from] item: Leftovers\n|upkeep\n|turn|19\n|\n|t:|1699581288\n|move|p1a: Clefable|Protect|p1a: Clefable\n|-singleturn|p1a: Clefable|Protect\n|move|p2a: I|Close Combat|p1a: Clefable\n|-activate|p1a: Clefable|move: Protect\n|\n|-heal|p1a: Clefable|100\/100|[from] item: Leftovers\n|upkeep\n|turn|20\n|\n|t:|1699581306\n|switch|p2a: Love|Magearna|94\/100 par\n|switch|p1a: Slowking|Slowking-Galar, F|100\/100 par\n|\n|-heal|p2a: Love|99\/100 par|[from] item: Leftovers\n|upkeep\n|turn|21\n|\n|t:|1699581316\n|move|p2a: Love|Volt Switch|p1a: Slowking\n|-damage|p1a: Slowking|83\/100 par\n|\n|t:|1699581320\n|switch|p2a: Very|Cyclizar, F|70\/100|[from] Volt Switch\n|move|p1a: Slowking|Toxic Spikes|p2a: Very\n|-sidestart|p2: uubers account|move: Toxic Spikes\n|\n|upkeep\n|turn|22\n|\n|t:|1699581324\n|move|p2a: Very|Shed Tail|p2a: Very\n|-start|p2a: Very|Substitute|[from] move: Shed Tail\n|-damage|p2a: Very|20\/100\n|\n|t:|1699581327\n|switch|p2a: Much|Roaring Moon|100\/100|[from] Shed Tail\n|-status|p2a: Much|psn\n|-enditem|p2a: Much|Booster Energy\n|-activate|p2a: Much|ability: Protosynthesis|[fromitem]\n|-start|p2a: Much|protosynthesisspe\n|move|p1a: Slowking|Future Sight|p2a: Much\n|-start|p1a: Slowking|move: Future Sight\n|\n|-damage|p2a: Much|88\/100 psn|[from] psn\n|upkeep\n|turn|23\n|\n|t:|1699581338\n|switch|p1a: Arceus|Arceus-Dark|100\/100\n|move|p2a: Much|Dragon Dance|p2a: Much\n|-boost|p2a: Much|atk|1\n|-boost|p2a: Much|spe|1\n|\n|-damage|p2a: Much|76\/100 psn|[from] psn\n|upkeep\n|turn|24\n|\n|t:|1699581351\n|move|p2a: Much|Earthquake|p1a: Arceus\n|-damage|p1a: Arceus|76\/100\n|move|p1a: Arceus|Cosmic Power|p1a: Arceus\n|-boost|p1a: Arceus|def|1\n|-boost|p1a: Arceus|spd|1\n|\n|-end|p2a: Much|move: Future Sight\n|-immune|p2a: Much\n|-damage|p2a: Much|64\/100 psn|[from] psn\n|upkeep\n|turn|25\n|\n|t:|1699581362\n|-end|p2a: Much|Protosynthesis|[silent]\n|switch|p2a: Very|Cyclizar, F|54\/100\n|move|p1a: Arceus|Cosmic Power|p1a: Arceus\n|-boost|p1a: Arceus|def|1\n|-boost|p1a: Arceus|spd|1\n|\n|upkeep\n|turn|26\n|\n|t:|1699581368\n|move|p2a: Very|Taunt|p1a: Arceus\n|-start|p1a: Arceus|move: Taunt\n|move|p1a: Arceus|Body Press|p2a: Very\n|-supereffective|p2a: Very\n|-damage|p2a: Very|0 fnt\n|faint|p2a: Very\n|\n|upkeep\n|\n|t:|1699581393\n|switch|p2a: Love|Magearna|99\/100 par\n|turn|27\n|\n|t:|1699581409\n|switch|p1a: Slowking|Slowking-Galar, F|100\/100 par\n|cant|p2a: Love|par\n|\n|-heal|p2a: Love|100\/100 par|[from] item: Leftovers\n|upkeep\n|turn|28\n|\n|t:|1699581425\n|move|p2a: Love|Spikes|p1a: Slowking\n|-sidestart|p1: Finchely|Spikes\n|cant|p1a: Slowking|par\n|\n|upkeep\n|turn|29\n|c|\u2606Finchely|ah noo\n|\n|t:|1699581433\n|move|p2a: Love|Volt Switch|p1a: Slowking\n|-damage|p1a: Slowking|83\/100 par\n|c|\u2606Finchely|a single para\n|\n|t:|1699581438\n|switch|p2a: So|Chi-Yu|100\/100|[from] Volt Switch\n|-status|p2a: So|psn\n|-ability|p2a: So|Beads of Ruin\n|move|p1a: Slowking|Toxic Spikes|p2a: So\n|-sidestart|p2: uubers account|move: Toxic Spikes\n|\n|-damage|p2a: So|88\/100 psn|[from] psn\n|upkeep\n|turn|30\n|\n|t:|1699581462\n|switch|p1a: Clefable|Clefable, F|100\/100\n|-damage|p1a: Clefable|88\/100|[from] Spikes\n|move|p2a: So|Dark Pulse|p1a: Clefable\n|-resisted|p1a: Clefable\n|-damage|p1a: Clefable|67\/100\n|\n|-heal|p1a: Clefable|73\/100|[from] item: Leftovers\n|-damage|p2a: So|76\/100 psn|[from] psn\n|upkeep\n|turn|31\n|\n|t:|1699581470\n|switch|p2a: Love|Magearna|100\/100 par\n|move|p1a: Clefable|Wish|p1a: Clefable\n|\n|-heal|p1a: Clefable|79\/100|[from] item: Leftovers\n|upkeep\n|turn|32\n|\n|t:|1699581496\n|switch|p1a: Slowking|Slowking-Galar, F|100\/100 par\n|-damage|p1a: Slowking|88\/100 par|[from] Spikes\n|move|p2a: Love|Spikes|p1a: Slowking\n|-sidestart|p1: Finchely|Spikes\n|\n|-heal|p1a: Slowking|100\/100 par|[from] move: Wish|[wisher] Clefable\n|upkeep\n|turn|33\n|\n|t:|1699581504\n|move|p2a: Love|Volt Switch|p1a: Slowking\n|-damage|p1a: Slowking|83\/100 par\n|\n|t:|1699581509\n|switch|p2a: So|Chi-Yu|76\/100 psn|[from] Volt Switch\n|-ability|p2a: So|Beads of Ruin\n|move|p1a: Slowking|Future Sight|p2a: So\n|-start|p1a: Slowking|move: Future Sight\n|\n|-damage|p2a: So|63\/100 psn|[from] psn\n|upkeep\n|turn|34\n|\n|t:|1699581528\n|switch|p1a: Palkia|Palkia-Origin, shiny|83\/100\n|-damage|p1a: Palkia|66\/100|[from] Spikes\n|-ability|p1a: Palkia|Pressure\n|move|p2a: So|Flamethrower|p1a: Palkia\n|-resisted|p1a: Palkia\n|-damage|p1a: Palkia|51\/100\n|\n|-damage|p2a: So|51\/100 psn|[from] psn\n|upkeep\n|turn|35\n|\n|t:|1699581549\n|switch|p2a: Much|Roaring Moon|64\/100 psn\n|move|p1a: Palkia|Earth Power|p2a: Much\n|-damage|p2a: Much|30\/100 psn\n|\n|-end|p2a: Much|move: Future Sight\n|-immune|p2a: Much\n|-damage|p2a: Much|18\/100 psn|[from] psn\n|upkeep\n|turn|36\n|\n|t:|1699581556\n|move|p1a: Palkia|Ice Beam|p2a: Much\n|-supereffective|p2a: Much\n|-damage|p2a: Much|0 fnt\n|faint|p2a: Much\n|-end|p2a: Much|Protosynthesis|[silent]\n|\n|upkeep\n|\n|t:|1699581572\n|switch|p2a: So|Chi-Yu|51\/100 psn\n|-ability|p2a: So|Beads of Ruin\n|turn|37\n|\n|t:|1699581600\n|switch|p1a: Clefable|Clefable, F|79\/100\n|-damage|p1a: Clefable|63\/100|[from] Spikes\n|-terastallize|p2a: So|Fairy\n|move|p2a: So|Tera Blast|p1a: Clefable|[anim] Tera Blast Fairy\n|-damage|p1a: Clefable|24\/100\n|\n|-heal|p1a: Clefable|30\/100|[from] item: Leftovers\n|-damage|p2a: So|39\/100 psn|[from] psn\n|upkeep\n|turn|38\n|j| beaakvolt\n|c|\u2606Finchely|interesting\n|\n|t:|1699581614\n|switch|p2a: I|Palafin-Hero, M|100\/100\n|-status|p2a: I|tox\n|move|p1a: Clefable|Protect||[still]\n|-fail|p1a: Clefable\n|\n|-heal|p1a: Clefable|36\/100|[from] item: Leftovers\n|-damage|p2a: I|94\/100 tox|[from] psn\n|upkeep\n|turn|39\n|c|\u2606Finchely|wait\n|c|\u2606Finchely|whos beaakvolt\n|\n|t:|1699581625\n|move|p1a: Clefable|Protect|p1a: Clefable\n|-singleturn|p1a: Clefable|Protect\n|move|p2a: I|Jet Punch|p1a: Clefable\n|-activate|p1a: Clefable|move: Protect\n|\n|-heal|p1a: Clefable|42\/100|[from] item: Leftovers\n|-damage|p2a: I|82\/100 tox|[from] psn\n|upkeep\n|turn|40\n|\n|t:|1699581639\n|switch|p1a: Cyclizar|Cyclizar, M|100\/100\n|move|p2a: I|Jet Punch|p1a: Cyclizar\n|-resisted|p1a: Cyclizar\n|-damage|p1a: Cyclizar|57\/100\n|\n|-damage|p2a: I|63\/100 tox|[from] psn\n|upkeep\n|turn|41\n|\n|t:|1699581649\n|switch|p2a: Love|Magearna|100\/100 par\n|move|p1a: Cyclizar|Rapid Spin|p2a: Love\n|-resisted|p2a: Love\n|-damage|p2a: Love|96\/100 par\n|-boost|p1a: Cyclizar|spe|1\n|-sideend|p1: Finchely|Spikes|[from] move: Rapid Spin|[of] p1a: Cyclizar\n|\n|-heal|p2a: Love|100\/100 par|[from] item: Leftovers\n|upkeep\n|turn|42\n|\n|t:|1699581654\n|move|p1a: Cyclizar|Taunt|p2a: Love\n|-start|p2a: Love|move: Taunt\n|cant|p2a: Love|par\n|\n|upkeep\n|turn|43\n|c|\u2606uubers account|FUCK\n|\n|t:|1699581667\n|move|p1a: Cyclizar|Shed Tail|p1a: Cyclizar\n|-start|p1a: Cyclizar|Substitute|[from] move: Shed Tail\n|-damage|p1a: Cyclizar|7\/100\n|c| beaakvolt|im just spectating random games\n|\n|t:|1699581676\n|switch|p1a: Arceus|Arceus-Dark|76\/100|[from] Shed Tail\n|cant|p2a: Love|par\n|\n|upkeep\n|turn|44\n|c|\u2606uubers account|i used fleur cannon\n|c|\u2606Finchely|oof thats big\n|c|\u2606uubers account|uubers game which is why teams are so weird\n|c|\u2606uubers account|double\n|c| beaakvolt|figured\n|\n|t:|1699581703\n|-terastallize|p1a: Arceus|Fairy\n|move|p1a: Arceus|Cosmic Power|p1a: Arceus\n|-boost|p1a: Arceus|def|1\n|-boost|p1a: Arceus|spd|1\n|move|p2a: Love|Fleur Cannon|p1a: Arceus\n|-end|p1a: Arceus|Substitute\n|-unboost|p2a: Love|spa|2\n|\n|-end|p2a: Love|move: Taunt\n|upkeep\n|turn|45\n|c|\u2606uubers account|now i just lose\n|\n|t:|1699581707\n|move|p1a: Arceus|Cosmic Power|p1a: Arceus\n|-boost|p1a: Arceus|def|1\n|-boost|p1a: Arceus|spd|1\n|move|p2a: Love|Thunder Wave|p1a: Arceus\n|-status|p1a: Arceus|par\n|\n|upkeep\n|turn|46\n|\n|t:|1699581710\n|move|p1a: Arceus|Cosmic Power|p1a: Arceus\n|-boost|p1a: Arceus|def|1\n|-boost|p1a: Arceus|spd|1\n|move|p2a: Love|Volt Switch|p1a: Arceus\n|-damage|p1a: Arceus|73\/100 par\n|\n|t:|1699581727\n|switch|p2a: Finchley|Arceus-Grass|79\/100|[from] Volt Switch\n|-status|p2a: Finchley|tox\n|\n|-damage|p2a: Finchley|73\/100 tox|[from] psn\n|upkeep\n|turn|47\n|\n|t:|1699581739\n|move|p2a: Finchley|Recover|p2a: Finchley\n|-heal|p2a: Finchley|100\/100 tox\n|cant|p1a: Arceus|par\n|\n|-damage|p2a: Finchley|88\/100 tox|[from] psn\n|upkeep\n|turn|48\n|\n|t:|1699581743\n|move|p2a: Finchley|Calm Mind|p2a: Finchley\n|-boost|p2a: Finchley|spa|1\n|-boost|p2a: Finchley|spd|1\n|move|p1a: Arceus|Body Press|p2a: Finchley\n|-damage|p2a: Finchley|38\/100 tox\n|\n|-damage|p2a: Finchley|20\/100 tox|[from] psn\n|upkeep\n|turn|49\n|\n|t:|1699581751\n|move|p2a: Finchley|Judgment|p1a: Arceus\n|-damage|p1a: Arceus|53\/100 par\n|cant|p1a: Arceus|par\n|\n|-damage|p2a: Finchley|0 fnt|[from] psn\n|faint|p2a: Finchley\n|upkeep\n|\n|t:|1699581756\n|switch|p2a: So|Chi-Yu, tera:Fairy|39\/100 psn\n|-ability|p2a: So|Beads of Ruin\n|turn|50\n|\n|t:|1699581761\n|move|p2a: So|Overheat|p1a: Arceus|[miss]\n|-miss|p2a: So|p1a: Arceus\n|move|p1a: Arceus|Recover|p1a: Arceus\n|-heal|p1a: Arceus|100\/100 par\n|\n|-damage|p2a: So|26\/100 psn|[from] psn\n|upkeep\n|turn|51\n|c|\u2606Finchely|that is\n|l| beaakvolt\n|c|\u2606uubers account|okay that was just insult to injury\\\n|c|\u2606Finchely|Unfortunate doesn't begin to describe it\n|\n|t:|1699581779\n|move|p2a: So|Overheat|p1a: Arceus\n|-damage|p1a: Arceus|75\/100 par\n|-unboost|p2a: So|spa|2\n|move|p1a: Arceus|Cosmic Power|p1a: Arceus\n|-boost|p1a: Arceus|def|1\n|-boost|p1a: Arceus|spd|1\n|\n|-damage|p2a: So|14\/100 psn|[from] psn\n|upkeep\n|turn|52\n|j| beaakvolt\n|c|\u2606uubers account|the para on the cyclizar killed me\n|\n|t:|1699581794\n|move|p2a: So|Overheat|p1a: Arceus|[miss]\n|-miss|p2a: So|p1a: Arceus\n|cant|p1a: Arceus|par\n|\n|-damage|p2a: So|2\/100 psn|[from] psn\n|upkeep\n|turn|53\n|c|\u2606uubers account|XD\n|c| beaakvolt|Unfortunate does not begin to describe\n|c|\u2606uubers account|another one just for lols\n|c|\u2606uubers account|miss again\n|c|\u2606uubers account|itll be funny\n|\n|t:|1699581839\n|move|p2a: So|Overheat|p1a: Arceus\n|-damage|p1a: Arceus|64\/100 par\n|-unboost|p2a: So|spa|2\n|move|p1a: Arceus|Recover|p1a: Arceus\n|-heal|p1a: Arceus|100\/100 par\n|\n|-damage|p2a: So|0 fnt|[from] psn\n|faint|p2a: So\n|upkeep\n|\n|t:|1699581845\n|switch|p2a: I|Palafin-Hero, M|63\/100 tox\n|turn|54\n|\n|t:|1699581857\n|move|p2a: I|Flip Turn|p1a: Arceus\n|-damage|p1a: Arceus|90\/100 par\n|\n|t:|1699581860\n|switch|p2a: Love|Magearna|100\/100 par|[from] Flip Turn\n|cant|p1a: Arceus|par\n|\n|upkeep\n|turn|55\n|l| beaakvolt\n|\n|t:|1699581864\n|move|p1a: Arceus|Body Press|p2a: Love\n|-damage|p2a: Love|51\/100 par\n|move|p2a: Love|Volt Switch|p1a: Arceus\n|-damage|p1a: Arceus|85\/100 par\n|j| beaakvolt\n|\n|t:|1699581867\n|switch|p2a: I|Palafin-Hero, M|63\/100 tox|[from] Volt Switch\n|\n|-damage|p2a: I|57\/100 tox|[from] psn\n|upkeep\n|turn|56\n|\n|t:|1699581871\n|move|p2a: I|Flip Turn|p1a: Arceus\n|-damage|p1a: Arceus|75\/100 par\n|\n|t:|1699581875\n|switch|p2a: Love|Magearna|51\/100 par|[from] Flip Turn\n|move|p1a: Arceus|Body Press|p2a: Love\n|-damage|p2a: Love|0 fnt\n|faint|p2a: Love\n|\n|upkeep\n|\n|t:|1699581877\n|switch|p2a: I|Palafin-Hero, M|57\/100 tox\n|turn|57\n|\n|t:|1699581880\n|move|p2a: I|Jet Punch|p1a: Arceus\n|-damage|p1a: Arceus|64\/100 par\n|move|p1a: Arceus|Body Press|p2a: I\n|-damage|p2a: I|0 fnt\n|faint|p2a: I\n|\n|win|Finchely\n|c|\u2606uubers account|gg\n|c|\u2606Finchely|Gg\n|l|\u2606uubers account\n|l| beaakvolt\n","uploadtime":1699581897,"views":9,"p1id":"finchely","p2id":"uubersaccount","formatid":"gen9ubers","rating":0,"private":0,"password":""}