{"id":"gen9ubers-1990281157","p1":"Killa Kidd","p2":"Pyrax69","format":"[Gen 9] Ubers","log":"|j|\u2606Killa Kidd\n|j|\u2606Pyrax69\n|t:|1699950041\n|gametype|singles\n|player|p1|Killa Kidd|guzma|1386\n|player|p2|Pyrax69|cynthia-gen4|1378\n|teamsize|p1|6\n|teamsize|p2|6\n|gen|9\n|tier|[Gen 9] Ubers\n|rated|\n|rule|Sleep Clause Mod: Limit one foe put to sleep\n|rule|Species Clause: Limit one of each Pok\u00e9mon\n|rule|OHKO Clause: OHKO moves are banned\n|rule|Evasion Items Clause: Evasion items are banned\n|rule|Evasion Moves Clause: Evasion moves are banned\n|rule|Endless Battle Clause: Forcing endless battles is banned\n|rule|HP Percentage Mod: HP is shown in percentages\n|clearpoke\n|poke|p1|Zacian-*|\n|poke|p1|Calyrex-Ice|\n|poke|p1|Koraidon|\n|poke|p1|Arceus-Ground|\n|poke|p1|Miraidon|\n|poke|p1|Corviknight, F|\n|poke|p2|Koraidon|\n|poke|p2|Miraidon|\n|poke|p2|Zacian-*|\n|poke|p2|Arceus-Ground|\n|poke|p2|Iron Bundle|\n|poke|p2|Flutter Mane|\n|teampreview\n|inactive|Battle timer is ON: inactive players will automatically lose when time's up. (requested by Killa Kidd)\n|\n|t:|1699950048\n|start\n|switch|p1a: Koraidon|Koraidon|100\/100\n|switch|p2a: Arceus|Arceus-Ground|100\/100\n|-weather|SunnyDay|[from] ability: Orichalcum Pulse|[of] p1a: Koraidon\n|-activate|p1a: Koraidon|Orichalcum Pulse|[source]\n|turn|1\n|\n|t:|1699950056\n|move|p1a: Koraidon|U-turn|p2a: Arceus\n|-damage|p2a: Arceus|75\/100\n|\n|t:|1699950063\n|switch|p1a: Arceus|Arceus-Ground, shiny|100\/100|[from] U-turn\n|move|p2a: Arceus|Dragon Dance|p2a: Arceus\n|-boost|p2a: Arceus|atk|1\n|-boost|p2a: Arceus|spe|1\n|\n|-weather|SunnyDay|[upkeep]\n|upkeep\n|turn|2\n|\n|t:|1699950073\n|move|p2a: Arceus|Stealth Rock|p1a: Arceus\n|-sidestart|p1: Killa Kidd|move: Stealth Rock\n|move|p1a: Arceus|Calm Mind|p1a: Arceus\n|-boost|p1a: Arceus|spa|1\n|-boost|p1a: Arceus|spd|1\n|\n|-weather|SunnyDay|[upkeep]\n|upkeep\n|turn|3\n|\n|t:|1699950081\n|move|p2a: Arceus|Earthquake|p1a: Arceus\n|-damage|p1a: Arceus|48\/100\n|move|p1a: Arceus|Ice Beam|p2a: Arceus\n|-supereffective|p2a: Arceus\n|-damage|p2a: Arceus|19\/100\n|\n|-weather|SunnyDay|[upkeep]\n|upkeep\n|turn|4\n|\n|t:|1699950089\n|switch|p2a: Koraidon|Koraidon|100\/100\n|-activate|p2a: Koraidon|ability: Orichalcum Pulse\n|move|p1a: Arceus|Ice Beam|p2a: Koraidon\n|-supereffective|p2a: Koraidon\n|-damage|p2a: Koraidon|22\/100\n|\n|-weather|SunnyDay|[upkeep]\n|-heal|p2a: Koraidon|29\/100|[from] item: Leftovers\n|upkeep\n|turn|5\n|\n|t:|1699950100\n|move|p2a: Koraidon|Collision Course|p1a: Arceus\n|-damage|p1a: Arceus|7\/100\n|move|p1a: Arceus|Recover|p1a: Arceus\n|-heal|p1a: Arceus|57\/100\n|\n|-weather|none\n|-heal|p2a: Koraidon|35\/100|[from] item: Leftovers\n|upkeep\n|turn|6\n|\n|t:|1699950111\n|move|p2a: Koraidon|Dragon Claw|p1a: Arceus\n|-damage|p1a: Arceus|34\/100\n|move|p1a: Arceus|Recover|p1a: Arceus\n|-heal|p1a: Arceus|84\/100\n|\n|-heal|p2a: Koraidon|41\/100|[from] item: Leftovers\n|upkeep\n|turn|7\n|\n|t:|1699950120\n|move|p2a: Koraidon|Swords Dance|p2a: Koraidon\n|-boost|p2a: Koraidon|atk|2\n|move|p1a: Arceus|Calm Mind|p1a: Arceus\n|-boost|p1a: Arceus|spa|1\n|-boost|p1a: Arceus|spd|1\n|\n|-heal|p2a: Koraidon|47\/100|[from] item: Leftovers\n|upkeep\n|turn|8\n|\n|t:|1699950133\n|move|p2a: Koraidon|Collision Course|p1a: Arceus\n|-damage|p1a: Arceus|29\/100\n|move|p1a: Arceus|Ice Beam|p2a: Koraidon\n|-supereffective|p2a: Koraidon\n|-damage|p2a: Koraidon|0 fnt\n|faint|p2a: Koraidon\n|\n|upkeep\n|\n|t:|1699950143\n|switch|p2a: Iron Bundle|Iron Bundle|100\/100\n|-enditem|p2a: Iron Bundle|Booster Energy\n|-activate|p2a: Iron Bundle|ability: Quark Drive|[fromitem]\n|-start|p2a: Iron Bundle|quarkdrivespe\n|turn|9\n|\n|t:|1699950152\n|move|p2a: Iron Bundle|Ice Beam|p1a: Arceus\n|-supereffective|p1a: Arceus\n|-crit|p1a: Arceus\n|-damage|p1a: Arceus|0 fnt\n|faint|p1a: Arceus\n|\n|upkeep\n|\n|t:|1699950158\n|switch|p1a: Corviknight|Corviknight, F, shiny|100\/100\n|-damage|p1a: Corviknight|88\/100|[from] Stealth Rock\n|-ability|p1a: Corviknight|Pressure\n|turn|10\n|j| showdex_testee\n|\n|t:|1699950166\n|move|p2a: Iron Bundle|Ice Beam|p1a: Corviknight\n|-damage|p1a: Corviknight|49\/100\n|move|p1a: Corviknight|Defog|p2a: Iron Bundle\n|-unboost|p2a: Iron Bundle|evasion|1\n|-sideend|p1: Killa Kidd|Stealth Rock|[from] move: Defog|[of] p1a: Corviknight\n|\n|-heal|p1a: Corviknight|55\/100|[from] item: Leftovers\n|upkeep\n|turn|11\n|\n|t:|1699950177\n|move|p2a: Iron Bundle|Ice Beam|p1a: Corviknight\n|-damage|p1a: Corviknight|11\/100\n|move|p1a: Corviknight|Body Press|p2a: Iron Bundle\n|-supereffective|p2a: Iron Bundle\n|-damage|p2a: Iron Bundle|47\/100\n|\n|-heal|p1a: Corviknight|18\/100|[from] item: Leftovers\n|upkeep\n|turn|12\n|\n|t:|1699950187\n|move|p2a: Iron Bundle|Ice Beam|p1a: Corviknight\n|-damage|p1a: Corviknight|0 fnt\n|faint|p1a: Corviknight\n|\n|upkeep\n|\n|t:|1699950193\n|switch|p1a: Zacian|Zacian-Crowned|100\/100\n|-ability|p1a: Zacian|Intrepid Sword|boost\n|-boost|p1a: Zacian|atk|1\n|turn|13\n|\n|t:|1699950198\n|move|p2a: Iron Bundle|Hydro Pump|p1a: Zacian\n|-damage|p1a: Zacian|44\/100\n|move|p1a: Zacian|Trailblaze|p2a: Iron Bundle\n|-supereffective|p2a: Iron Bundle\n|-damage|p2a: Iron Bundle|0 fnt\n|-boost|p1a: Zacian|spe|1\n|faint|p2a: Iron Bundle\n|-end|p2a: Iron Bundle|Quark Drive|[silent]\n|\n|upkeep\n|\n|t:|1699950208\n|switch|p2a: Zacian|Zacian-Crowned|100\/100\n|-ability|p2a: Zacian|Intrepid Sword|boost\n|-boost|p2a: Zacian|atk|1\n|turn|14\n|\n|t:|1699950213\n|-terastallize|p1a: Zacian|Water\n|move|p1a: Zacian|Behemoth Blade|p2a: Zacian\n|-damage|p2a: Zacian|17\/100\n|move|p2a: Zacian|Behemoth Blade|p1a: Zacian\n|-resisted|p1a: Zacian\n|-damage|p1a: Zacian|8\/100\n|\n|upkeep\n|turn|15\n|\n|t:|1699950224\n|move|p1a: Zacian|Behemoth Blade|p2a: Zacian\n|-damage|p2a: Zacian|0 fnt\n|faint|p2a: Zacian\n|\n|upkeep\n|\n|t:|1699950230\n|switch|p2a: Arceus|Arceus-Ground|19\/100\n|turn|16\n|\n|t:|1699950244\n|move|p2a: Arceus|Extreme Speed|p1a: Zacian\n|-damage|p1a: Zacian|0 fnt\n|faint|p1a: Zacian\n|\n|upkeep\n|\n|t:|1699950256\n|switch|p1a: Calyrex|Calyrex-Ice|100\/100\n|-ability|p1a: Calyrex|As One\n|-ability|p1a: Calyrex|Unnerve\n|turn|17\n|\n|t:|1699950263\n|move|p2a: Arceus|Earthquake|p1a: Calyrex\n|-damage|p1a: Calyrex|63\/100\n|move|p1a: Calyrex|Trick Room|p1a: Calyrex\n|-fieldstart|move: Trick Room|[of] p1a: Calyrex\n|\n|upkeep\n|turn|18\n|\n|t:|1699950269\n|move|p2a: Arceus|Extreme Speed|p1a: Calyrex\n|-damage|p1a: Calyrex|45\/100\n|move|p1a: Calyrex|Glacial Lance|p2a: Arceus\n|-supereffective|p2a: Arceus\n|-damage|p2a: Arceus|0 fnt\n|faint|p2a: Arceus\n|-ability|p1a: Calyrex|Chilling Neigh|boost\n|-boost|p1a: Calyrex|atk|1\n|\n|upkeep\n|-message|Pyrax69 forfeited.\n|\n|win|Killa Kidd\n|raw|Killa Kidd's rating: 1386 &rarr; <strong>1406<\/strong><br \/>(+20 for winning)\n|raw|Pyrax69's rating: 1378 &rarr; <strong>1358<\/strong><br \/>(-20 for losing)\n|l|\u2606Pyrax69\n|l|\u2606Killa Kidd\n","uploadtime":1699950944,"views":5,"p1id":"killakidd","p2id":"pyrax69","formatid":"gen9ubers","rating":1358,"private":0,"password":""}