{"id":"gen9ubers-1980893969","p1":"ragepasjeteez","p2":"AieSquidOnYou","format":"[Gen 9] Ubers","log":"|j|\u2606ragepasjeteez\n|j|\u2606AieSquidOnYou\n|t:|1698846689\n|gametype|singles\n|player|p1|ragepasjeteez|170|\n|player|p2|AieSquidOnYou|benga|\n|teamsize|p1|6\n|teamsize|p2|6\n|gen|9\n|tier|[Gen 9] Ubers\n|rule|Sleep Clause Mod: Limit one foe put to sleep\n|rule|Species Clause: Limit one of each Pok\u00e9mon\n|rule|OHKO Clause: OHKO moves are banned\n|rule|Evasion Items Clause: Evasion items are banned\n|rule|Evasion Moves Clause: Evasion moves are banned\n|rule|Endless Battle Clause: Forcing endless battles is banned\n|rule|HP Percentage Mod: HP is shown in percentages\n|clearpoke\n|poke|p1|Dondozo, F|\n|poke|p1|Corviknight, M|\n|poke|p1|Glimmora, F|\n|poke|p1|Clodsire, F|\n|poke|p1|Garganacl, M|\n|poke|p1|Blissey, F|\n|poke|p2|Corviknight, M|\n|poke|p2|Baxcalibur, M|\n|poke|p2|Magnezone|\n|poke|p2|Dragonite, M|\n|poke|p2|Gholdengo|\n|poke|p2|Flutter Mane|\n|teampreview\n|\n|t:|1698846700\n|start\n|switch|p1a: I prevented you !|Blissey, F|100\/100\n|switch|p2a: Gholdengo|Gholdengo, shiny|100\/100\n|turn|1\n|\n|t:|1698846711\n|move|p2a: Gholdengo|Nasty Plot|p2a: Gholdengo\n|-boost|p2a: Gholdengo|spa|2\n|move|p1a: I prevented you !|Shadow Ball|p2a: Gholdengo\n|-supereffective|p2a: Gholdengo\n|-damage|p2a: Gholdengo|63\/100\n|\n|upkeep\n|turn|2\n|\n|t:|1698846718\n|move|p2a: Gholdengo|Recover|p2a: Gholdengo\n|-heal|p2a: Gholdengo|100\/100\n|move|p1a: I prevented you !|Shadow Ball|p2a: Gholdengo\n|-supereffective|p2a: Gholdengo\n|-crit|p2a: Gholdengo\n|-damage|p2a: Gholdengo|48\/100\n|\n|upkeep\n|turn|3\n|\n|t:|1698846727\n|move|p2a: Gholdengo|Recover|p2a: Gholdengo\n|-heal|p2a: Gholdengo|98\/100\n|move|p1a: I prevented you !|Calm Mind|p1a: I prevented you !\n|-boost|p1a: I prevented you !|spa|1\n|-boost|p1a: I prevented you !|spd|1\n|\n|upkeep\n|turn|4\n|\n|t:|1698846733\n|move|p2a: Gholdengo|Nasty Plot|p2a: Gholdengo\n|-boost|p2a: Gholdengo|spa|2\n|move|p1a: I prevented you !|Calm Mind|p1a: I prevented you !\n|-boost|p1a: I prevented you !|spa|1\n|-boost|p1a: I prevented you !|spd|1\n|\n|upkeep\n|turn|5\n|\n|t:|1698846740\n|move|p2a: Gholdengo|Make It Rain|p1a: I prevented you !\n|-damage|p1a: I prevented you !|76\/100\n|-unboost|p2a: Gholdengo|spa|1\n|move|p1a: I prevented you !|Calm Mind|p1a: I prevented you !\n|-boost|p1a: I prevented you !|spa|1\n|-boost|p1a: I prevented you !|spd|1\n|\n|upkeep\n|turn|6\n|\n|t:|1698846750\n|switch|p2a: Dragonite|Dragonite, M|100\/100\n|move|p1a: I prevented you !|Calm Mind|p1a: I prevented you !\n|-boost|p1a: I prevented you !|spa|1\n|-boost|p1a: I prevented you !|spd|1\n|\n|upkeep\n|turn|7\n|\n|t:|1698846758\n|move|p2a: Dragonite|Dragon Dance|p2a: Dragonite\n|-boost|p2a: Dragonite|atk|1\n|-boost|p2a: Dragonite|spe|1\n|move|p1a: I prevented you !|Shadow Ball|p2a: Dragonite\n|-damage|p2a: Dragonite|82\/100\n|\n|upkeep\n|turn|8\n|\n|t:|1698846779\n|switch|p1a: Forfeit guy !|Corviknight, M|100\/100\n|-ability|p1a: Forfeit guy !|Pressure\n|move|p2a: Dragonite|Dragon Dance|p2a: Dragonite\n|-boost|p2a: Dragonite|atk|1\n|-boost|p2a: Dragonite|spe|1\n|\n|upkeep\n|turn|9\n|\n|t:|1698846791\n|move|p2a: Dragonite|Extreme Speed|p1a: Forfeit guy !\n|-resisted|p1a: Forfeit guy !\n|-damage|p1a: Forfeit guy !|79\/100\n|move|p1a: Forfeit guy !|Iron Defense|p1a: Forfeit guy !\n|-boost|p1a: Forfeit guy !|def|2\n|\n|-heal|p1a: Forfeit guy !|85\/100|[from] item: Leftovers\n|upkeep\n|turn|10\n|\n|t:|1698846801\n|switch|p2a: Flutter Mane|Flutter Mane|100\/100\n|move|p1a: Forfeit guy !|Iron Defense|p1a: Forfeit guy !\n|-boost|p1a: Forfeit guy !|def|2\n|\n|-heal|p1a: Forfeit guy !|91\/100|[from] item: Leftovers\n|upkeep\n|turn|11\n|\n|t:|1698846815\n|switch|p1a: Warning !!!|Glimmora, F|100\/100\n|move|p2a: Flutter Mane|Mystical Fire|p1a: Warning !!!\n|-resisted|p1a: Warning !!!\n|-damage|p1a: Warning !!!|81\/100\n|-unboost|p1a: Warning !!!|spa|1\n|\n|upkeep\n|turn|12\n|\n|t:|1698846827\n|move|p2a: Flutter Mane|Psyshock|p1a: Warning !!!\n|-supereffective|p1a: Warning !!!\n|-damage|p1a: Warning !!!|9\/100\n|move|p1a: Warning !!!|Toxic|p2a: Flutter Mane\n|-status|p2a: Flutter Mane|tox\n|\n|-damage|p2a: Flutter Mane|95\/100 tox|[from] psn\n|upkeep\n|turn|13\n|\n|t:|1698846835\n|move|p2a: Flutter Mane|Mystical Fire|p1a: Warning !!!\n|-resisted|p1a: Warning !!!\n|-damage|p1a: Warning !!!|0 fnt\n|faint|p1a: Warning !!!\n|\n|-damage|p2a: Flutter Mane|83\/100 tox|[from] psn\n|upkeep\n|\n|t:|1698846858\n|switch|p1a: I prevented you !|Blissey, F|76\/100\n|turn|14\n|\n|t:|1698846876\n|move|p2a: Flutter Mane|Psyshock|p1a: I prevented you !\n|-damage|p1a: I prevented you !|15\/100\n|move|p1a: I prevented you !|Shadow Ball|p2a: Flutter Mane\n|-supereffective|p2a: Flutter Mane\n|-damage|p2a: Flutter Mane|52\/100 tox\n|-unboost|p2a: Flutter Mane|spd|1\n|\n|-damage|p2a: Flutter Mane|34\/100 tox|[from] psn\n|upkeep\n|turn|15\n|\n|t:|1698846886\n|move|p2a: Flutter Mane|Psyshock|p1a: I prevented you !\n|-damage|p1a: I prevented you !|0 fnt\n|faint|p1a: I prevented you !\n|\n|-damage|p2a: Flutter Mane|10\/100 tox|[from] psn\n|upkeep\n|\n|t:|1698846894\n|switch|p1a: Hear me !!!|Garganacl, M|100\/100\n|turn|16\n|\n|t:|1698846906\n|-end|p2a: Flutter Mane|Protosynthesis|[silent]\n|switch|p2a: Magnezone|Magnezone|100\/100\n|move|p1a: Hear me !!!|Salt Cure|p2a: Magnezone\n|-resisted|p2a: Magnezone\n|-damage|p2a: Magnezone|94\/100\n|-start|p2a: Magnezone|Salt Cure\n|\n|-damage|p2a: Magnezone|69\/100|[from] Salt Cure\n|upkeep\n|turn|17\n|\n|t:|1698846916\n|switch|p2a: Gholdengo|Gholdengo, shiny|98\/100\n|move|p1a: Hear me !!!|Iron Defense|p1a: Hear me !!!\n|-boost|p1a: Hear me !!!|def|2\n|\n|upkeep\n|turn|18\n|\n|t:|1698846922\n|move|p2a: Gholdengo|Nasty Plot|p2a: Gholdengo\n|-boost|p2a: Gholdengo|spa|2\n|move|p1a: Hear me !!!|Salt Cure|p2a: Gholdengo\n|-resisted|p2a: Gholdengo\n|-damage|p2a: Gholdengo|90\/100\n|\n|upkeep\n|turn|19\n|\n|t:|1698846935\n|switch|p1a: Forfeit guy !|Corviknight, M|91\/100\n|-ability|p1a: Forfeit guy !|Pressure\n|move|p2a: Gholdengo|Nasty Plot|p2a: Gholdengo\n|-boost|p2a: Gholdengo|spa|2\n|\n|-heal|p1a: Forfeit guy !|97\/100|[from] item: Leftovers\n|upkeep\n|turn|20\n|\n|t:|1698846947\n|switch|p1a: Too long !|Clodsire, F|100\/100\n|move|p2a: Gholdengo|Shadow Ball|p1a: Too long !\n|-damage|p1a: Too long !|28\/100\n|-unboost|p1a: Too long !|spd|1\n|\n|-heal|p1a: Too long !|34\/100|[from] item: Leftovers\n|upkeep\n|turn|21\n|\n|t:|1698846957\n|move|p2a: Gholdengo|Shadow Ball|p1a: Too long !\n|-damage|p1a: Too long !|0 fnt\n|faint|p1a: Too long !\n|\n|upkeep\n|\n|t:|1698846963\n|switch|p1a: A new foe appeared|Dondozo, F|100\/100\n|turn|22\n|\n|t:|1698846971\n|move|p2a: Gholdengo|Nasty Plot|p2a: Gholdengo\n|-boost|p2a: Gholdengo|spa|2\n|move|p1a: A new foe appeared|Liquidation|p2a: Gholdengo\n|-damage|p2a: Gholdengo|58\/100\n|\n|upkeep\n|turn|23\n|\n|t:|1698846983\n|move|p2a: Gholdengo|Make It Rain|p1a: A new foe appeared\n|-resisted|p1a: A new foe appeared\n|-damage|p1a: A new foe appeared|72\/100\n|-unboost|p2a: Gholdengo|spa|1\n|move|p1a: A new foe appeared|Liquidation|p2a: Gholdengo\n|-damage|p2a: Gholdengo|22\/100\n|\n|upkeep\n|turn|24\n|\n|t:|1698847000\n|move|p2a: Gholdengo|Recover|p2a: Gholdengo\n|-heal|p2a: Gholdengo|72\/100\n|move|p1a: A new foe appeared|Liquidation|p2a: Gholdengo\n|-damage|p2a: Gholdengo|36\/100\n|\n|upkeep\n|turn|25\n|\n|t:|1698847008\n|move|p2a: Gholdengo|Recover|p2a: Gholdengo\n|-heal|p2a: Gholdengo|87\/100\n|move|p1a: A new foe appeared|Curse|p1a: A new foe appeared\n|-unboost|p1a: A new foe appeared|spe|1\n|-boost|p1a: A new foe appeared|atk|1\n|-boost|p1a: A new foe appeared|def|1\n|\n|upkeep\n|turn|26\n|\n|t:|1698847016\n|move|p2a: Gholdengo|Make It Rain|p1a: A new foe appeared\n|-resisted|p1a: A new foe appeared\n|-damage|p1a: A new foe appeared|40\/100\n|-unboost|p2a: Gholdengo|spa|1\n|move|p1a: A new foe appeared|Liquidation|p2a: Gholdengo\n|-damage|p2a: Gholdengo|38\/100\n|\n|upkeep\n|turn|27\n|\n|t:|1698847028\n|switch|p2a: Corviknight|Corviknight, M|100\/100\n|-ability|p2a: Corviknight|Pressure\n|move|p1a: A new foe appeared|Rest|p1a: A new foe appeared\n|-status|p1a: A new foe appeared|slp|[from] move: Rest\n|-heal|p1a: A new foe appeared|100\/100 slp|[silent]\n|\n|upkeep\n|turn|28\n|\n|t:|1698847043\n|move|p2a: Corviknight|Brave Bird|p1a: A new foe appeared\n|-damage|p1a: A new foe appeared|90\/100 slp\n|-damage|p2a: Corviknight|96\/100|[from] Recoil\n|cant|p1a: A new foe appeared|slp\n|move|p1a: A new foe appeared|Sleep Talk|p1a: A new foe appeared\n|move|p1a: A new foe appeared|Liquidation|p2a: Corviknight|[from]move: Sleep Talk\n|-damage|p2a: Corviknight|68\/100\n|-unboost|p2a: Corviknight|def|1\n|-damage|p1a: A new foe appeared|74\/100 slp|[from] item: Rocky Helmet|[of] p2a: Corviknight\n|\n|upkeep\n|turn|29\n|\n|t:|1698847057\n|switch|p2a: Magnezone|Magnezone|69\/100\n|cant|p1a: A new foe appeared|slp\n|move|p1a: A new foe appeared|Sleep Talk|p1a: A new foe appeared\n|move|p1a: A new foe appeared|Liquidation|p2a: Magnezone|[from]move: Sleep Talk\n|-damage|p2a: Magnezone|30\/100\n|\n|upkeep\n|turn|30\n|\n|t:|1698847068\n|move|p2a: Magnezone|Thunderbolt|p1a: A new foe appeared\n|-supereffective|p1a: A new foe appeared\n|-damage|p1a: A new foe appeared|0 fnt\n|faint|p1a: A new foe appeared\n|\n|upkeep\n|\n|t:|1698847073\n|switch|p1a: Hear me !!!|Garganacl, M|100\/100\n|turn|31\n|\n|t:|1698847078\n|switch|p2a: Gholdengo|Gholdengo, shiny|38\/100\n|move|p1a: Hear me !!!|Salt Cure|p2a: Gholdengo\n|-resisted|p2a: Gholdengo\n|-damage|p2a: Gholdengo|30\/100\n|\n|upkeep\n|turn|32\n|\n|t:|1698847084\n|switch|p1a: Forfeit guy !|Corviknight, M|97\/100\n|-ability|p1a: Forfeit guy !|Pressure\n|move|p2a: Gholdengo|Recover|p2a: Gholdengo\n|-heal|p2a: Gholdengo|80\/100\n|\n|-heal|p1a: Forfeit guy !|100\/100|[from] item: Leftovers\n|upkeep\n|turn|33\n|\n|t:|1698847094\n|switch|p2a: Flutter Mane|Flutter Mane|10\/100 tox\n|switch|p1a: Hear me !!!|Garganacl, M|100\/100\n|\n|-damage|p2a: Flutter Mane|4\/100 tox|[from] psn\n|upkeep\n|turn|34\n|\n|t:|1698847107\n|move|p2a: Flutter Mane|Mystical Fire|p1a: Hear me !!!\n|-resisted|p1a: Hear me !!!\n|-damage|p1a: Hear me !!!|89\/100\n|-unboost|p1a: Hear me !!!|spa|1\n|move|p1a: Hear me !!!|Salt Cure|p2a: Flutter Mane\n|-damage|p2a: Flutter Mane|0 fnt\n|faint|p2a: Flutter Mane\n|-end|p2a: Flutter Mane|Protosynthesis|[silent]\n|\n|-heal|p1a: Hear me !!!|96\/100|[from] item: Leftovers\n|upkeep\n|\n|t:|1698847116\n|switch|p2a: Gholdengo|Gholdengo, shiny|80\/100\n|turn|35\n|\n|t:|1698847121\n|move|p2a: Gholdengo|Nasty Plot|p2a: Gholdengo\n|-boost|p2a: Gholdengo|spa|2\n|move|p1a: Hear me !!!|Salt Cure|p2a: Gholdengo\n|-resisted|p2a: Gholdengo\n|-damage|p2a: Gholdengo|73\/100\n|\n|-heal|p1a: Hear me !!!|100\/100|[from] item: Leftovers\n|upkeep\n|turn|36\n|\n|t:|1698847128\n|move|p2a: Gholdengo|Nasty Plot|p2a: Gholdengo\n|-boost|p2a: Gholdengo|spa|2\n|move|p1a: Hear me !!!|Salt Cure|p2a: Gholdengo\n|-resisted|p2a: Gholdengo\n|-damage|p2a: Gholdengo|66\/100\n|\n|upkeep\n|turn|37\n|\n|t:|1698847142\n|move|p2a: Gholdengo|Nasty Plot|p2a: Gholdengo\n|-boost|p2a: Gholdengo|spa|2\n|move|p1a: Hear me !!!|Salt Cure|p2a: Gholdengo\n|-resisted|p2a: Gholdengo\n|-damage|p2a: Gholdengo|57\/100\n|\n|upkeep\n|turn|38\n|\n|t:|1698847148\n|move|p2a: Gholdengo|Recover|p2a: Gholdengo\n|-heal|p2a: Gholdengo|100\/100\n|move|p1a: Hear me !!!|Salt Cure|p2a: Gholdengo\n|-resisted|p2a: Gholdengo\n|-damage|p2a: Gholdengo|93\/100\n|\n|upkeep\n|turn|39\n|\n|t:|1698847162\n|move|p2a: Gholdengo|Make It Rain|p1a: Hear me !!!\n|-supereffective|p1a: Hear me !!!\n|-damage|p1a: Hear me !!!|0 fnt\n|-unboost|p2a: Gholdengo|spa|1\n|faint|p1a: Hear me !!!\n|\n|upkeep\n|\n|t:|1698847175\n|switch|p1a: Forfeit guy !|Corviknight, M|100\/100\n|-ability|p1a: Forfeit guy !|Pressure\n|turn|40\n|\n|t:|1698847191\n|move|p2a: Gholdengo|Shadow Ball|p1a: Forfeit guy !\n|-damage|p1a: Forfeit guy !|0 fnt\n|faint|p1a: Forfeit guy !\n|\n|win|AieSquidOnYou\n|l|\u2606ragepasjeteez\n","uploadtime":1698847199,"views":10,"p1id":"ragepasjeteez","p2id":"aiesquidonyou","formatid":"gen9ubers","rating":0,"private":0,"password":""}