{"id":"gen9ubers-1987075672","p1":"smartsy","p2":"AlfabetoComuna","format":"[Gen 9] Ubers","log":"|j|\u2606smartsy\n|j|\u2606AlfabetoComuna\n|t:|1699554078\n|gametype|singles\n|player|p1|smartsy|alder|1349\n|player|p2|AlfabetoComuna|170|1365\n|teamsize|p1|6\n|teamsize|p2|6\n|gen|9\n|tier|[Gen 9] Ubers\n|rated|\n|rule|Sleep Clause Mod: Limit one foe put to sleep\n|rule|Species Clause: Limit one of each Pok\u00e9mon\n|rule|OHKO Clause: OHKO moves are banned\n|rule|Evasion Items Clause: Evasion items are banned\n|rule|Evasion Moves Clause: Evasion moves are banned\n|rule|Endless Battle Clause: Forcing endless battles is banned\n|rule|HP Percentage Mod: HP is shown in percentages\n|clearpoke\n|poke|p1|Kyogre|\n|poke|p1|Miraidon|\n|poke|p1|Basculegion, M|\n|poke|p1|Arceus-Ground|\n|poke|p1|Ting-Lu|\n|poke|p1|Hatterene, F|\n|poke|p2|Ribombee, M|\n|poke|p2|Arceus-Water|\n|poke|p2|Zacian-*|\n|poke|p2|Koraidon|\n|poke|p2|Regieleki|\n|poke|p2|Calyrex-Ice|\n|teampreview\n|inactive|Battle timer is ON: inactive players will automatically lose when time's up. (requested by smartsy)\n|inactive|AlfabetoComuna has 120 seconds left.\n|\n|t:|1699554144\n|start\n|switch|p1a: Kyogre|Kyogre|100\/100\n|switch|p2a: Ribombee|Ribombee, M, shiny|100\/100\n|-weather|RainDance|[from] ability: Drizzle|[of] p1a: Kyogre\n|turn|1\n|inactive|AlfabetoComuna has 120 seconds left.\n|\n|t:|1699554190\n|switch|p1a: Hatterene|Hatterene, F|100\/100\n|move|p2a: Ribombee|Tailwind|p2a: Ribombee\n|-sidestart|p2: AlfabetoComuna|move: Tailwind\n|\n|-weather|RainDance|[upkeep]\n|upkeep\n|turn|2\n|\n|t:|1699554200\n|move|p2a: Ribombee|U-turn|p1a: Hatterene\n|-damage|p1a: Hatterene|90\/100\n|n|!AlfabetoComuna|alfabetocomuna\n|\n|t:|1699554217\n|switch|p2a: Zacian|Zacian-Crowned, shiny|100\/100|[from] U-turn\n|-ability|p2a: Zacian|Intrepid Sword|boost\n|-boost|p2a: Zacian|atk|1\n|move|p1a: Hatterene|Nuzzle|p2a: Zacian\n|-damage|p2a: Zacian|97\/100\n|-status|p2a: Zacian|par\n|\n|-weather|RainDance|[upkeep]\n|-heal|p1a: Hatterene|96\/100|[from] item: Leftovers\n|upkeep\n|turn|3\n|\n|t:|1699554242\n|switch|p1a: Arceus|Arceus-Ground|100\/100\n|move|p2a: Zacian|Behemoth Blade|p1a: Arceus\n|-damage|p1a: Arceus|43\/100\n|\n|-weather|RainDance|[upkeep]\n|upkeep\n|turn|4\n|\n|t:|1699554258\n|move|p2a: Zacian|Behemoth Blade|p1a: Arceus\n|-damage|p1a: Arceus|0 fnt\n|faint|p1a: Arceus\n|\n|-weather|RainDance|[upkeep]\n|-sideend|p2: AlfabetoComuna|move: Tailwind\n|upkeep\n|inactive|smartsy has 120 seconds left.\n|\n|t:|1699554280\n|switch|p1a: Basculegion|Basculegion, M|100\/100\n|turn|5\n|\n|t:|1699554288\n|switch|p2a: Arceus|Arceus-Water|100\/100\n|move|p1a: Basculegion|Flip Turn|p2a: Arceus\n|-resisted|p2a: Arceus\n|-damage|p2a: Arceus|81\/100\n|inactive|smartsy has 120 seconds left.\n|\n|t:|1699554294\n|switch|p1a: Miraidon|Miraidon|100\/100|[from] Flip Turn\n|-fieldstart|move: Electric Terrain|[from] ability: Hadron Engine|[of] p1a: Miraidon\n|\n|-weather|RainDance|[upkeep]\n|upkeep\n|turn|6\n|\n|t:|1699554300\n|-terastallize|p2a: Arceus|Ground\n|move|p1a: Miraidon|Volt Switch|p2a: Arceus\n|-immune|p2a: Arceus\n|move|p2a: Arceus|Calm Mind|p2a: Arceus\n|-boost|p2a: Arceus|spa|1\n|-boost|p2a: Arceus|spd|1\n|\n|-weather|RainDance|[upkeep]\n|upkeep\n|turn|7\n|inactive|smartsy has 120 seconds left.\n|\n|t:|1699554325\n|switch|p1a: Ting-Lu|Ting-Lu|100\/100\n|-ability|p1a: Ting-Lu|Vessel of Ruin\n|move|p2a: Arceus|Earth Power|p1a: Ting-Lu\n|-damage|p1a: Ting-Lu|76\/100\n|\n|-weather|RainDance|[upkeep]\n|-heal|p1a: Ting-Lu|82\/100|[from] item: Leftovers\n|upkeep\n|turn|8\n|\n|t:|1699554336\n|move|p2a: Arceus|Judgment|p1a: Ting-Lu\n|-supereffective|p1a: Ting-Lu\n|-damage|p1a: Ting-Lu|0 fnt\n|faint|p1a: Ting-Lu\n|\n|-weather|none\n|upkeep\n|\n|t:|1699554346\n|switch|p1a: Miraidon|Miraidon|100\/100\n|-activate|p1a: Miraidon|ability: Hadron Engine\n|turn|9\n|\n|t:|1699554352\n|move|p1a: Miraidon|Draco Meteor|p2a: Arceus\n|-damage|p2a: Arceus|35\/100\n|-unboost|p1a: Miraidon|spa|2\n|move|p2a: Arceus|Earth Power|p1a: Miraidon\n|-supereffective|p1a: Miraidon\n|-damage|p1a: Miraidon|4\/100\n|\n|-fieldend|move: Electric Terrain\n|upkeep\n|turn|10\n|\n|t:|1699554359\n|switch|p2a: Ribombee|Ribombee, M, shiny|100\/100\n|move|p1a: Miraidon|Draco Meteor|p2a: Ribombee\n|-immune|p2a: Ribombee\n|\n|upkeep\n|turn|11\n|\n|t:|1699554363\n|switch|p1a: Hatterene|Hatterene, F|96\/100\n|move|p2a: Ribombee|Tailwind|p2a: Ribombee\n|-sidestart|p2: AlfabetoComuna|move: Tailwind\n|\n|-heal|p1a: Hatterene|100\/100|[from] item: Leftovers\n|upkeep\n|turn|12\n|\n|t:|1699554366\n|move|p2a: Ribombee|U-turn|p1a: Hatterene\n|-damage|p1a: Hatterene|90\/100\n|\n|t:|1699554376\n|switch|p2a: Zacian|Zacian-Crowned, shiny|97\/100 par|[from] U-turn\n|move|p1a: Hatterene|Mystical Fire|p2a: Zacian\n|-supereffective|p2a: Zacian\n|-damage|p2a: Zacian|55\/100 par\n|-unboost|p2a: Zacian|spa|1\n|\n|-heal|p1a: Hatterene|96\/100|[from] item: Leftovers\n|upkeep\n|turn|13\n|\n|t:|1699554386\n|move|p2a: Zacian|Behemoth Blade|p1a: Hatterene\n|-supereffective|p1a: Hatterene\n|-damage|p1a: Hatterene|9\/100\n|move|p1a: Hatterene|Mystical Fire|p2a: Zacian\n|-supereffective|p2a: Zacian\n|-damage|p2a: Zacian|15\/100 par\n|-unboost|p2a: Zacian|spa|1\n|\n|-heal|p1a: Hatterene|15\/100|[from] item: Leftovers\n|upkeep\n|turn|14\n|\n|t:|1699554391\n|move|p2a: Zacian|Behemoth Blade|p1a: Hatterene\n|-supereffective|p1a: Hatterene\n|-damage|p1a: Hatterene|0 fnt\n|faint|p1a: Hatterene\n|\n|-sideend|p2: AlfabetoComuna|move: Tailwind\n|upkeep\n|\n|t:|1699554398\n|switch|p1a: Miraidon|Miraidon|4\/100\n|-fieldstart|move: Electric Terrain|[from] ability: Hadron Engine|[of] p1a: Miraidon\n|turn|15\n|\n|t:|1699554410\n|move|p1a: Miraidon|Overheat|p2a: Zacian\n|-supereffective|p2a: Zacian\n|-damage|p2a: Zacian|0 fnt\n|-unboost|p1a: Miraidon|spa|2\n|faint|p2a: Zacian\n|\n|upkeep\n|\n|t:|1699554414\n|switch|p2a: Ribombee|Ribombee, M, shiny|100\/100\n|turn|16\n|\n|t:|1699554421\n|move|p1a: Miraidon|Overheat|p2a: Ribombee\n|-supereffective|p2a: Ribombee\n|-enditem|p2a: Ribombee|Focus Sash\n|-damage|p2a: Ribombee|1\/100\n|-unboost|p1a: Miraidon|spa|2\n|move|p2a: Ribombee|Sticky Web|p1a: Miraidon\n|-sidestart|p1: smartsy|move: Sticky Web\n|\n|upkeep\n|turn|17\n|inactive|AlfabetoComuna has 120 seconds left.\n|\n|t:|1699554474\n|move|p1a: Miraidon|Overheat|p2a: Ribombee\n|-supereffective|p2a: Ribombee\n|-damage|p2a: Ribombee|0 fnt\n|-unboost|p1a: Miraidon|spa|2\n|faint|p2a: Ribombee\n|\n|upkeep\n|\n|t:|1699554481\n|switch|p2a: Arceus|Arceus-Water, tera:Ground|35\/100\n|turn|18\n|\n|t:|1699554487\n|move|p1a: Miraidon|Overheat|p2a: Arceus|[miss]\n|-miss|p1a: Miraidon|p2a: Arceus\n|move|p2a: Arceus|Recover|p2a: Arceus\n|-heal|p2a: Arceus|85\/100\n|\n|upkeep\n|turn|19\n|\n|t:|1699554489\n|move|p1a: Miraidon|Overheat|p2a: Arceus\n|-damage|p2a: Arceus|74\/100\n|move|p2a: Arceus|Calm Mind|p2a: Arceus\n|-boost|p2a: Arceus|spa|1\n|-boost|p2a: Arceus|spd|1\n|\n|-fieldend|move: Electric Terrain\n|upkeep\n|turn|20\n|\n|t:|1699554492\n|switch|p1a: Kyogre|Kyogre|100\/100\n|-activate|p1a: Kyogre|move: Sticky Web\n|-unboost|p1a: Kyogre|spe|1\n|-weather|RainDance|[from] ability: Drizzle|[of] p1a: Kyogre\n|move|p2a: Arceus|Calm Mind|p2a: Arceus\n|-boost|p2a: Arceus|spa|1\n|-boost|p2a: Arceus|spd|1\n|\n|-weather|RainDance|[upkeep]\n|upkeep\n|turn|21\n|inactive|AlfabetoComuna has 120 seconds left.\n|\n|t:|1699554516\n|move|p2a: Arceus|Earth Power|p1a: Kyogre\n|-damage|p1a: Kyogre|57\/100\n|-unboost|p1a: Kyogre|spd|1\n|move|p1a: Kyogre|Ice Beam|p2a: Arceus\n|-supereffective|p2a: Arceus\n|-damage|p2a: Arceus|50\/100\n|-status|p2a: Arceus|frz\n|\n|-weather|RainDance|[upkeep]\n|upkeep\n|turn|22\n|inactive|AlfabetoComuna has 120 seconds left.\n|\n|t:|1699554527\n|cant|p2a: Arceus|frz\n|move|p1a: Kyogre|Origin Pulse|p2a: Arceus\n|-supereffective|p2a: Arceus\n|-damage|p2a: Arceus|0 fnt\n|faint|p2a: Arceus\n|\n|-weather|RainDance|[upkeep]\n|upkeep\n|inactive|AlfabetoComuna has 120 seconds left.\n|\n|t:|1699554534\n|switch|p2a: Regieleki|Regieleki|100\/100\n|turn|23\n|\n|t:|1699554537\n|switch|p1a: Miraidon|Miraidon|4\/100\n|-activate|p1a: Miraidon|move: Sticky Web\n|-unboost|p1a: Miraidon|spe|1\n|-fieldstart|move: Electric Terrain|[from] ability: Hadron Engine|[of] p1a: Miraidon\n|move|p2a: Regieleki|Volt Switch|p1a: Miraidon\n|-resisted|p1a: Miraidon\n|-damage|p1a: Miraidon|0 fnt\n|faint|p1a: Miraidon\n|\n|t:|1699554546\n|switch|p2a: Calyrex|Calyrex-Ice|100\/100|[from] Volt Switch\n|-ability|p2a: Calyrex|As One\n|-ability|p2a: Calyrex|Unnerve\n|\n|-weather|RainDance|[upkeep]\n|upkeep\n|\n|t:|1699554549\n|switch|p1a: Basculegion|Basculegion, M|100\/100\n|-activate|p1a: Basculegion|move: Sticky Web\n|-unboost|p1a: Basculegion|spe|1\n|turn|24\n|\n|t:|1699554556\n|move|p1a: Basculegion|Last Respects|p2a: Calyrex\n|-supereffective|p2a: Calyrex\n|-damage|p2a: Calyrex|0 fnt\n|faint|p2a: Calyrex\n|\n|-weather|RainDance|[upkeep]\n|upkeep\n|\n|t:|1699554582\n|switch|p2a: Koraidon|Koraidon|100\/100\n|-weather|SunnyDay|[from] ability: Orichalcum Pulse|[of] p2a: Koraidon\n|-activate|p2a: Koraidon|Orichalcum Pulse|[source]\n|turn|25\n|\n|t:|1699554590\n|switch|p1a: Kyogre|Kyogre|57\/100\n|-activate|p1a: Kyogre|move: Sticky Web\n|-unboost|p1a: Kyogre|spe|1\n|-weather|RainDance|[from] ability: Drizzle|[of] p1a: Kyogre\n|move|p2a: Koraidon|Scale Shot|p1a: Kyogre\n|-damage|p1a: Kyogre|45\/100\n|-damage|p1a: Kyogre|33\/100\n|-damage|p1a: Kyogre|20\/100\n|-damage|p1a: Kyogre|8\/100\n|-damage|p1a: Kyogre|0 fnt\n|faint|p1a: Kyogre\n|-hitcount|p1: Kyogre|5\n|-unboost|p2a: Koraidon|def|1\n|-boost|p2a: Koraidon|spe|1\n|\n|-weather|RainDance|[upkeep]\n|upkeep\n|\n|t:|1699554593\n|switch|p1a: Basculegion|Basculegion, M|100\/100\n|-activate|p1a: Basculegion|move: Sticky Web\n|-unboost|p1a: Basculegion|spe|1\n|turn|26\n|\n|t:|1699554600\n|move|p2a: Koraidon|Scale Shot|p1a: Basculegion\n|-damage|p1a: Basculegion|85\/100\n|-damage|p1a: Basculegion|66\/100\n|-damage|p1a: Basculegion|47\/100\n|-damage|p1a: Basculegion|29\/100\n|-damage|p1a: Basculegion|13\/100\n|-hitcount|p1a: Basculegion|5\n|-unboost|p2a: Koraidon|def|1\n|-boost|p2a: Koraidon|spe|1\n|move|p1a: Basculegion|Last Respects|p2a: Koraidon\n|-damage|p2a: Koraidon|0 fnt\n|faint|p2a: Koraidon\n|\n|-weather|RainDance|[upkeep]\n|upkeep\n|\n|t:|1699554602\n|switch|p2a: Regieleki|Regieleki|100\/100\n|turn|27\n|\n|t:|1699554606\n|-terastallize|p1a: Basculegion|Water\n|move|p2a: Regieleki|Volt Switch|p1a: Basculegion\n|-supereffective|p1a: Basculegion\n|-damage|p1a: Basculegion|0 fnt\n|faint|p1a: Basculegion\n|\n|win|AlfabetoComuna\n|raw|smartsy's rating: 1349 &rarr; <strong>1330<\/strong><br \/>(-19 for losing)\n|raw|AlfabetoComuna's rating: 1365 &rarr; <strong>1384<\/strong><br \/>(+19 for winning)\n","uploadtime":1699554202,"views":4,"p1id":"smartsy","p2id":"alfabetocomuna","formatid":"gen9ubers","rating":1330,"private":0,"password":""}