{"id":"gen9ubers-1978965025","p1":"Bogaes","p2":"chiefpancake","format":"[Gen 9] Ubers","log":"|j|\u2606Bogaes\n|j|\u2606chiefpancake\n|t:|1698615399\n|gametype|singles\n|player|p1|Bogaes|valerie|\n|player|p2|chiefpancake|hiker-gen4|\n|teamsize|p1|6\n|teamsize|p2|6\n|gen|9\n|tier|[Gen 9] Ubers\n|rule|Sleep Clause Mod: Limit one foe put to sleep\n|rule|Species Clause: Limit one of each Pok\u00e9mon\n|rule|OHKO Clause: OHKO moves are banned\n|rule|Evasion Items Clause: Evasion items are banned\n|rule|Evasion Moves Clause: Evasion moves are banned\n|rule|Endless Battle Clause: Forcing endless battles is banned\n|rule|HP Percentage Mod: HP is shown in percentages\n|clearpoke\n|poke|p1|Sableye, F|\n|poke|p1|Sneasler, F|\n|poke|p1|Avalugg, M|\n|poke|p1|Hydreigon, M|\n|poke|p1|Gliscor, F|\n|poke|p1|Ninetales-Alola, M|\n|poke|p2|Orthworm, M|\n|poke|p2|Grimmsnarl, M|\n|poke|p2|Cinderace, F|\n|poke|p2|Salamence, M|\n|poke|p2|Farigiraf, F|\n|poke|p2|Amoonguss, M|\n|teampreview\n|c|\u2606Bogaes|gl hf my guy!\n|c|\u2606chiefpancake|you too!\n|j| Alexanderdmurphy\n|j| bareraptor\n|l| Alexanderdmurphy\n|\n|t:|1698615462\n|start\n|switch|p1a: Gliscor|Gliscor, F|100\/100\n|switch|p2a: Dr. Worm|Orthworm, M|100\/100\n|turn|1\n|\n|t:|1698615478\n|move|p1a: Gliscor|Knock Off|p2a: Dr. Worm\n|-damage|p2a: Dr. Worm|85\/100\n|-enditem|p2a: Dr. Worm|Sitrus Berry|[from] move: Knock Off|[of] p1a: Gliscor\n|move|p2a: Dr. Worm|Shed Tail|p2a: Dr. Worm\n|-start|p2a: Dr. Worm|Substitute|[from] move: Shed Tail\n|-damage|p2a: Dr. Worm|35\/100\n|\n|t:|1698615506\n|switch|p2a: TimeForMeToFly|Salamence, M|100\/100|[from] Shed Tail\n|\n|-status|p1a: Gliscor|tox|[from] item: Toxic Orb\n|upkeep\n|turn|2\n|\n|t:|1698615511\n|move|p2a: TimeForMeToFly|Dragon Dance|p2a: TimeForMeToFly\n|-boost|p2a: TimeForMeToFly|atk|1\n|-boost|p2a: TimeForMeToFly|spe|1\n|move|p1a: Gliscor|U-turn|p2a: TimeForMeToFly\n|-resisted|p2a: TimeForMeToFly\n|-activate|p2a: TimeForMeToFly|move: Substitute|[damage]\n|\n|t:|1698615514\n|switch|p1a: Sableye|Sableye, F|100\/100|[from] U-turn\n|\n|upkeep\n|turn|3\n|\n|t:|1698615523\n|move|p1a: Sableye|Encore|p2a: TimeForMeToFly\n|-start|p2a: TimeForMeToFly|Encore\n|move|p2a: TimeForMeToFly|Dragon Dance|p2a: TimeForMeToFly\n|-boost|p2a: TimeForMeToFly|atk|1\n|-boost|p2a: TimeForMeToFly|spe|1\n|\n|upkeep\n|turn|4\n|\n|t:|1698615536\n|move|p2a: TimeForMeToFly|Dragon Dance|p2a: TimeForMeToFly\n|-boost|p2a: TimeForMeToFly|atk|1\n|-boost|p2a: TimeForMeToFly|spe|1\n|move|p1a: Sableye|Knock Off|p2a: TimeForMeToFly\n|-end|p2a: TimeForMeToFly|Substitute\n|\n|upkeep\n|turn|5\n|\n|t:|1698615548\n|move|p2a: TimeForMeToFly|Dragon Dance|p2a: TimeForMeToFly\n|-boost|p2a: TimeForMeToFly|atk|1\n|-boost|p2a: TimeForMeToFly|spe|1\n|move|p1a: Sableye|Knock Off|p2a: TimeForMeToFly\n|-damage|p2a: TimeForMeToFly|69\/100\n|-enditem|p2a: TimeForMeToFly|Heavy-Duty Boots|[from] move: Knock Off|[of] p1a: Sableye\n|\n|-end|p2a: TimeForMeToFly|Encore\n|upkeep\n|turn|6\n|\n|t:|1698615567\n|switch|p2a: White Wedding|Grimmsnarl, M, shiny|100\/100\n|move|p1a: Sableye|Encore|p2a: White Wedding\n|-hint|Since gen 7, Dark is immune to Prankster moves.\n|-immune|p2a: White Wedding\n|\n|upkeep\n|turn|7\n|\n|t:|1698615578\n|switch|p1a: Gliscor|Gliscor, F|100\/100 tox\n|move|p2a: White Wedding|Substitute|p2a: White Wedding\n|-start|p2a: White Wedding|Substitute\n|-damage|p2a: White Wedding|76\/100\n|\n|-heal|p2a: White Wedding|82\/100|[from] item: Leftovers\n|upkeep\n|turn|8\n|\n|t:|1698615595\n|move|p1a: Gliscor|Dual Wingbeat|p2a: White Wedding\n|-activate|p2a: White Wedding|move: Substitute|[damage]\n|-end|p2a: White Wedding|Substitute\n|-hitcount|p2a: White Wedding|2\n|move|p2a: White Wedding|Spirit Break|p1a: Gliscor\n|-damage|p1a: Gliscor|76\/100 tox\n|-unboost|p1a: Gliscor|spa|1\n|\n|-heal|p2a: White Wedding|88\/100|[from] item: Leftovers\n|-heal|p1a: Gliscor|88\/100 tox|[from] ability: Poison Heal\n|upkeep\n|turn|9\n|\n|t:|1698615613\n|switch|p2a: TimeForMeToFly|Salamence, M|69\/100\n|move|p1a: Gliscor|Knock Off|p2a: TimeForMeToFly\n|-damage|p2a: TimeForMeToFly|50\/100\n|\n|-heal|p1a: Gliscor|100\/100 tox|[from] ability: Poison Heal\n|upkeep\n|turn|10\n|\n|t:|1698615622\n|move|p2a: TimeForMeToFly|Outrage|p1a: Gliscor\n|-damage|p1a: Gliscor|60\/100 tox\n|move|p1a: Gliscor|U-turn|p2a: TimeForMeToFly\n|-resisted|p2a: TimeForMeToFly\n|-damage|p2a: TimeForMeToFly|41\/100\n|\n|t:|1698615627\n|switch|p1a: Ninetales|Ninetales-Alola, M|100\/100|[from] U-turn\n|-weather|Snow|[from] ability: Snow Warning|[of] p1a: Ninetales\n|\n|-weather|Snow|[upkeep]\n|upkeep\n|turn|11\n|\n|t:|1698615633\n|move|p1a: Ninetales|Blizzard|p2a: TimeForMeToFly\n|-supereffective|p2a: TimeForMeToFly\n|-damage|p2a: TimeForMeToFly|0 fnt\n|faint|p2a: TimeForMeToFly\n|\n|-weather|Snow|[upkeep]\n|upkeep\n|\n|t:|1698615652\n|switch|p2a: RollWithTheChanges|Cinderace, F|100\/100\n|turn|12\n|\n|t:|1698615678\n|switch|p1a: Gliscor|Gliscor, F|60\/100 tox\n|move|p2a: RollWithTheChanges|U-turn|p1a: Gliscor\n|-start|p2a: RollWithTheChanges|typechange|Bug|[from] ability: Libero\n|-resisted|p1a: Gliscor\n|-damage|p1a: Gliscor|50\/100 tox\n|\n|t:|1698615692\n|switch|p2a: Dr. Worm|Orthworm, M|35\/100|[from] U-turn\n|\n|-weather|Snow|[upkeep]\n|-heal|p1a: Gliscor|62\/100 tox|[from] ability: Poison Heal\n|upkeep\n|turn|13\n|\n|t:|1698615699\n|move|p1a: Gliscor|Knock Off|p2a: Dr. Worm\n|-damage|p2a: Dr. Worm|25\/100\n|move|p2a: Dr. Worm|Metal Burst|p1a: Gliscor\n|-damage|p1a: Gliscor|47\/100 tox\n|\n|-weather|Snow|[upkeep]\n|-heal|p1a: Gliscor|59\/100 tox|[from] ability: Poison Heal\n|upkeep\n|turn|14\n|\n|t:|1698615707\n|move|p1a: Gliscor|Knock Off|p2a: Dr. Worm\n|-damage|p2a: Dr. Worm|15\/100\n|move|p2a: Dr. Worm|Iron Defense|p2a: Dr. Worm\n|-boost|p2a: Dr. Worm|def|2\n|\n|-weather|none\n|-heal|p1a: Gliscor|72\/100 tox|[from] ability: Poison Heal\n|upkeep\n|turn|15\n|\n|t:|1698615714\n|move|p1a: Gliscor|Knock Off|p2a: Dr. Worm\n|-damage|p2a: Dr. Worm|10\/100\n|move|p2a: Dr. Worm|Body Press|p1a: Gliscor\n|-resisted|p1a: Gliscor\n|-damage|p1a: Gliscor|57\/100 tox\n|\n|-heal|p1a: Gliscor|69\/100 tox|[from] ability: Poison Heal\n|upkeep\n|turn|16\n|\n|t:|1698615721\n|move|p1a: Gliscor|Knock Off|p2a: Dr. Worm\n|-damage|p2a: Dr. Worm|5\/100\n|move|p2a: Dr. Worm|Iron Defense|p2a: Dr. Worm\n|-boost|p2a: Dr. Worm|def|2\n|\n|-heal|p1a: Gliscor|82\/100 tox|[from] ability: Poison Heal\n|upkeep\n|turn|17\n|\n|t:|1698615724\n|move|p1a: Gliscor|Knock Off|p2a: Dr. Worm\n|-damage|p2a: Dr. Worm|1\/100\n|move|p2a: Dr. Worm|Body Press|p1a: Gliscor\n|-resisted|p1a: Gliscor\n|-damage|p1a: Gliscor|59\/100 tox\n|\n|-heal|p1a: Gliscor|72\/100 tox|[from] ability: Poison Heal\n|upkeep\n|turn|18\n|\n|t:|1698615740\n|move|p1a: Gliscor|Knock Off|p2a: Dr. Worm\n|-damage|p2a: Dr. Worm|0 fnt\n|faint|p2a: Dr. Worm\n|\n|-heal|p1a: Gliscor|84\/100 tox|[from] ability: Poison Heal\n|upkeep\n|\n|t:|1698615743\n|switch|p2a: Liberty Cap|Amoonguss, M|100\/100\n|turn|19\n|\n|t:|1698615751\n|move|p1a: Gliscor|Dual Wingbeat|p2a: Liberty Cap\n|-supereffective|p2a: Liberty Cap\n|-damage|p2a: Liberty Cap|77\/100\n|-supereffective|p2a: Liberty Cap\n|-damage|p2a: Liberty Cap|50\/100\n|-hitcount|p2a: Liberty Cap|2\n|move|p2a: Liberty Cap|Worry Seed|p1a: Gliscor\n|-endability|p1a: Gliscor|Poison Heal|[from] move: Worry Seed\n|-ability|p1a: Gliscor|Insomnia|[from] move: Worry Seed\n|\n|-heal|p2a: Liberty Cap|56\/100|[from] item: Black Sludge\n|-damage|p1a: Gliscor|34\/100 tox|[from] psn\n|upkeep\n|turn|20\n|c|\u2606Bogaes|THE WORRY SEED TECH\n|\n|t:|1698615771\n|switch|p2a: White Wedding|Grimmsnarl, M, shiny|88\/100\n|move|p1a: Gliscor|U-turn|p2a: White Wedding\n|-damage|p2a: White Wedding|68\/100\n|\n|t:|1698615778\n|switch|p1a: Ninetales|Ninetales-Alola, M|100\/100|[from] U-turn\n|-weather|Snow|[from] ability: Snow Warning|[of] p1a: Ninetales\n|\n|-weather|Snow|[upkeep]\n|-heal|p2a: White Wedding|74\/100|[from] item: Leftovers\n|upkeep\n|turn|21\n|\n|t:|1698615789\n|move|p2a: White Wedding|Thunder Wave|p1a: Ninetales\n|-status|p1a: Ninetales|par\n|move|p1a: Ninetales|Blizzard|p2a: White Wedding\n|-damage|p2a: White Wedding|9\/100\n|\n|-weather|Snow|[upkeep]\n|-heal|p2a: White Wedding|15\/100|[from] item: Leftovers\n|upkeep\n|turn|22\n|\n|t:|1698615809\n|switch|p2a: RollWithTheChanges|Cinderace, F|100\/100\n|move|p1a: Ninetales|Blizzard|p2a: RollWithTheChanges\n|-resisted|p2a: RollWithTheChanges\n|-damage|p2a: RollWithTheChanges|54\/100\n|\n|-weather|Snow|[upkeep]\n|upkeep\n|turn|23\n|\n|t:|1698615819\n|switch|p1a: Gliscor|Gliscor, F|34\/100 tox\n|move|p2a: RollWithTheChanges|Pyro Ball|p1a: Gliscor\n|-damage|p1a: Gliscor|1\/100 tox\n|\n|-weather|Snow|[upkeep]\n|-heal|p1a: Gliscor|14\/100 tox|[from] ability: Poison Heal\n|upkeep\n|turn|24\n|c|\u2606chiefpancake|that's news to me - I thought Worry Seed kept its effect when switched\n|c|\u2606chiefpancake|welp\n|\n|t:|1698615856\n|move|p1a: Gliscor|Protect|p1a: Gliscor\n|-singleturn|p1a: Gliscor|Protect\n|move|p2a: RollWithTheChanges|Sucker Punch||[still]\n|-fail|p2a: RollWithTheChanges\n|\n|-weather|none\n|-heal|p1a: Gliscor|26\/100 tox|[from] ability: Poison Heal\n|upkeep\n|turn|25\n|\n|t:|1698615867\n|switch|p1a: Hydreigon|Hydreigon, M|100\/100\n|move|p2a: RollWithTheChanges|Sucker Punch||[still]\n|-fail|p2a: RollWithTheChanges\n|\n|upkeep\n|turn|26\n|\n|t:|1698615885\n|move|p1a: Hydreigon|Dark Pulse|p2a: RollWithTheChanges\n|-damage|p2a: RollWithTheChanges|0 fnt\n|faint|p2a: RollWithTheChanges\n|\n|upkeep\n|\n|t:|1698615889\n|switch|p2a: Everlong|Farigiraf, F|100\/100\n|turn|27\n|\n|t:|1698615905\n|-terastallize|p2a: Everlong|Fighting\n|move|p1a: Hydreigon|Dark Pulse|p2a: Everlong\n|-resisted|p2a: Everlong\n|-damage|p2a: Everlong|84\/100\n|move|p2a: Everlong|Dazzling Gleam|p1a: Hydreigon\n|-supereffective|p1a: Hydreigon\n|-damage|p1a: Hydreigon|0 fnt\n|faint|p1a: Hydreigon\n|\n|upkeep\n|\n|t:|1698615930\n|switch|p1a: Ninetales|Ninetales-Alola, M|100\/100 par\n|-weather|Snow|[from] ability: Snow Warning|[of] p1a: Ninetales\n|turn|28\n|c|\u2606chiefpancake|I lose, but I gotta take something down with me\n|\n|t:|1698615938\n|switch|p2a: White Wedding|Grimmsnarl, M, shiny|15\/100\n|cant|p1a: Ninetales|par\n|\n|-weather|Snow|[upkeep]\n|-heal|p2a: White Wedding|21\/100|[from] item: Leftovers\n|upkeep\n|turn|29\n|\n|t:|1698615945\n|move|p1a: Ninetales|Blizzard|p2a: White Wedding\n|-damage|p2a: White Wedding|0 fnt\n|faint|p2a: White Wedding\n|\n|-weather|Snow|[upkeep]\n|upkeep\n|\n|t:|1698615958\n|switch|p2a: Everlong|Farigiraf, F, tera:Fighting|84\/100\n|turn|30\n|\n|t:|1698615965\n|move|p1a: Ninetales|Blizzard|p2a: Everlong\n|-damage|p2a: Everlong|40\/100\n|move|p2a: Everlong|Tera Blast|p1a: Ninetales|[anim] Tera Blast Fighting\n|-damage|p1a: Ninetales|49\/100 par\n|\n|-weather|Snow|[upkeep]\n|upkeep\n|turn|31\n|\n|t:|1698615982\n|switch|p1a: Gliscor|Gliscor, F|26\/100 tox\n|move|p2a: Everlong|Tera Blast|p1a: Gliscor|[anim] Tera Blast Fighting\n|-resisted|p1a: Gliscor\n|-crit|p1a: Gliscor\n|-damage|p1a: Gliscor|0 fnt\n|faint|p1a: Gliscor\n|\n|-weather|Snow|[upkeep]\n|upkeep\n|\n|t:|1698615984\n|switch|p1a: Sneasler|Sneasler, F|100\/100\n|turn|32\n|\n|t:|1698615995\n|switch|p2a: Liberty Cap|Amoonguss, M|89\/100\n|move|p1a: Sneasler|Dire Claw|p2a: Liberty Cap\n|-damage|p2a: Liberty Cap|29\/100\n|-status|p2a: Liberty Cap|par\n|\n|-weather|none\n|-heal|p2a: Liberty Cap|36\/100 par|[from] item: Black Sludge\n|upkeep\n|turn|33\n|\n|t:|1698616005\n|move|p1a: Sneasler|Dire Claw|p2a: Liberty Cap\n|-damage|p2a: Liberty Cap|0 fnt\n|faint|p2a: Liberty Cap\n|\n|upkeep\n|\n|t:|1698616010\n|switch|p2a: Everlong|Farigiraf, F, tera:Fighting|40\/100\n|turn|34\n|\n|t:|1698616016\n|move|p1a: Sneasler|Dire Claw|p2a: Everlong\n|-damage|p2a: Everlong|0 fnt\n|faint|p2a: Everlong\n|\n|win|Bogaes\n|c|\u2606Bogaes|gg\n|c|\u2606chiefpancake|gg\n","uploadtime":1698616023,"views":23,"p1id":"bogaes","p2id":"chiefpancake","formatid":"gen9ubers","rating":0,"private":0,"password":""}