{"id":"gen9ubers-1999236273","p1":"StJimmy815","p2":"Themainmon","format":"[Gen 9] Ubers","log":"|j|\u2606StJimmy815\n|j|\u2606Themainmon\n|t:|1701049043\n|gametype|singles\n|player|p1|StJimmy815|cynthia|\n|player|p2|Themainmon|flannery|\n|teamsize|p1|6\n|teamsize|p2|6\n|gen|9\n|tier|[Gen 9] Ubers\n|rule|Sleep Clause Mod: Limit one foe put to sleep\n|rule|Species Clause: Limit one of each Pok\u00e9mon\n|rule|OHKO Clause: OHKO moves are banned\n|rule|Evasion Items Clause: Evasion items are banned\n|rule|Evasion Moves Clause: Evasion moves are banned\n|rule|Endless Battle Clause: Forcing endless battles is banned\n|rule|HP Percentage Mod: HP is shown in percentages\n|clearpoke\n|poke|p1|Iron Valiant|\n|poke|p1|Roaring Moon|\n|poke|p1|Torkoal, F|\n|poke|p1|Clodsire, M|\n|poke|p1|Brute Bonnet|\n|poke|p1|Heatran, F|\n|poke|p2|Maushold|\n|poke|p2|Phione|\n|poke|p2|Dragonite, F|\n|poke|p2|Weezing, F|\n|poke|p2|Ceruledge, M|\n|poke|p2|Enamorus-Therian, F|\n|teampreview\n|inactive|Battle timer is ON: inactive players will automatically lose when time's up. (requested by StJimmy815)\n|c|\u2606Themainmon|Glhf\n|c|\u2606StJimmy815|you too\n|c|\u2606StJimmy815|ngl, just made this team lol\n|c|\u2606StJimmy815|i figured i could barely account for your shenanigans so why try\n|inactive|StJimmy815 has 270 seconds left.\n|c|\u2606Themainmon|Yeah\n|c|\u2606StJimmy815|plus this week was busy for me lol\n|\n|t:|1701049084\n|start\n|switch|p1a: Roaring Moon|Roaring Moon|100\/100\n|switch|p2a: Maushold|Maushold|100\/100\n|turn|1\n|\n|t:|1701049095\n|move|p1a: Roaring Moon|Knock Off|p2a: Maushold\n|-enditem|p2a: Maushold|Focus Sash\n|-damage|p2a: Maushold|1\/100\n|-damage|p1a: Roaring Moon|91\/100|[from] item: Life Orb\n|move|p2a: Maushold|Play Rough|p1a: Roaring Moon\n|-supereffective|p1a: Roaring Moon\n|-damage|p1a: Roaring Moon|0 fnt\n|faint|p1a: Roaring Moon\n|-end|p1a: Roaring Moon|Protosynthesis|[silent]\n|\n|upkeep\n|\n|t:|1701049106\n|switch|p1a: Torkoal|Torkoal, F|100\/100\n|-weather|SunnyDay|[from] ability: Drought|[of] p1a: Torkoal\n|turn|2\n|\n|t:|1701049110\n|move|p2a: Maushold|Population Bomb|p1a: Torkoal\n|-damage|p1a: Torkoal|94\/100\n|-hitcount|p1a: Torkoal|1\n|move|p1a: Torkoal|Stealth Rock|p2a: Maushold\n|-sidestart|p2: Themainmon|move: Stealth Rock\n|\n|-weather|SunnyDay|[upkeep]\n|upkeep\n|turn|3\n|\n|t:|1701049122\n|move|p2a: Maushold|Tidy Up|p2a: Maushold\n|-sideend|p2: Themainmon|Stealth Rock\n|-activate|p2a: Maushold|move: Tidy Up\n|-boost|p2a: Maushold|atk|1\n|-boost|p2a: Maushold|spe|1\n|move|p1a: Torkoal|Lava Plume|p2a: Maushold\n|-damage|p2a: Maushold|0 fnt\n|faint|p2a: Maushold\n|\n|-weather|SunnyDay|[upkeep]\n|upkeep\n|\n|t:|1701049133\n|switch|p2a: Weezing|Weezing, F|100\/100\n|turn|4\n|\n|t:|1701049141\n|move|p2a: Weezing|Toxic Spikes|p1a: Torkoal\n|-sidestart|p1: StJimmy815|move: Toxic Spikes\n|move|p1a: Torkoal|Yawn|p2a: Weezing\n|-start|p2a: Weezing|move: Yawn|[of] p1a: Torkoal\n|\n|-weather|SunnyDay|[upkeep]\n|upkeep\n|turn|5\n|\n|t:|1701049150\n|switch|p2a: Enamorus|Enamorus-Therian, F|100\/100\n|switch|p1a: Clodsire|Clodsire, M|100\/100\n|-sideend|p1: StJimmy815|move: Toxic Spikes|[of] p1a: Clodsire\n|\n|-weather|SunnyDay|[upkeep]\n|upkeep\n|turn|6\n|\n|t:|1701049158\n|switch|p2a: Weezing|Weezing, F|100\/100\n|move|p1a: Clodsire|Toxic|p2a: Weezing\n|-immune|p2a: Weezing\n|\n|-weather|SunnyDay|[upkeep]\n|upkeep\n|turn|7\n|\n|t:|1701049168\n|move|p2a: Weezing|Toxic Spikes|p1a: Clodsire\n|-sidestart|p1: StJimmy815|move: Toxic Spikes\n|move|p1a: Clodsire|Spikes|p2a: Weezing\n|-sidestart|p2: Themainmon|Spikes\n|\n|-weather|SunnyDay|[upkeep]\n|upkeep\n|turn|8\n|\n|t:|1701049172\n|move|p2a: Weezing|Will-O-Wisp|p1a: Clodsire\n|-status|p1a: Clodsire|brn\n|move|p1a: Clodsire|Spikes|p2a: Weezing\n|-sidestart|p2: Themainmon|Spikes\n|\n|-weather|SunnyDay|[upkeep]\n|-damage|p1a: Clodsire|94\/100 brn|[from] brn\n|upkeep\n|turn|9\n|\n|t:|1701049180\n|move|p2a: Weezing|Toxic Spikes|p1a: Clodsire\n|-sidestart|p1: StJimmy815|move: Toxic Spikes\n|move|p1a: Clodsire|Spikes|p2a: Weezing\n|-sidestart|p2: Themainmon|Spikes\n|\n|-weather|none\n|-heal|p1a: Clodsire|100\/100 brn|[from] item: Black Sludge\n|-damage|p1a: Clodsire|94\/100 brn|[from] brn\n|upkeep\n|turn|10\n|\n|t:|1701049188\n|switch|p2a: Phione|Phione|100\/100\n|move|p1a: Clodsire|Earthquake|p2a: Phione\n|-damage|p2a: Phione|84\/100\n|\n|-heal|p1a: Clodsire|100\/100 brn|[from] item: Black Sludge\n|-damage|p1a: Clodsire|94\/100 brn|[from] brn\n|upkeep\n|turn|11\n|\n|t:|1701049214\n|switch|p1a: Heatran|Heatran, F|100\/100\n|move|p2a: Phione|Rain Dance|p2a: Phione\n|-weather|RainDance\n|\n|-weather|RainDance|[upkeep]\n|upkeep\n|turn|12\n|\n|t:|1701049219\n|switch|p1a: Clodsire|Clodsire, M|94\/100 brn\n|-sideend|p1: StJimmy815|move: Toxic Spikes|[of] p1a: Clodsire\n|move|p2a: Phione|Water Pulse|p1a: Clodsire\n|-supereffective|p1a: Clodsire\n|-damage|p1a: Clodsire|45\/100 brn\n|\n|-weather|RainDance|[upkeep]\n|-heal|p1a: Clodsire|51\/100 brn|[from] item: Black Sludge\n|-damage|p1a: Clodsire|45\/100 brn|[from] brn\n|upkeep\n|turn|13\n|\n|t:|1701049238\n|switch|p1a: Brute Bonnet|Brute Bonnet|100\/100\n|move|p2a: Phione|Water Pulse|p1a: Brute Bonnet\n|-resisted|p1a: Brute Bonnet\n|-damage|p1a: Brute Bonnet|86\/100\n|\n|-weather|RainDance|[upkeep]\n|-heal|p1a: Brute Bonnet|92\/100|[from] item: Leftovers\n|upkeep\n|turn|14\n|\n|t:|1701049247\n|-terastallize|p2a: Phione|Fire\n|move|p2a: Phione|Dazzling Gleam|p1a: Brute Bonnet\n|-supereffective|p1a: Brute Bonnet\n|-damage|p1a: Brute Bonnet|57\/100\n|move|p1a: Brute Bonnet|Growth|p1a: Brute Bonnet\n|-boost|p1a: Brute Bonnet|atk|1\n|-boost|p1a: Brute Bonnet|spa|1\n|\n|-weather|RainDance|[upkeep]\n|-heal|p1a: Brute Bonnet|63\/100|[from] item: Leftovers\n|upkeep\n|turn|15\n|\n|t:|1701049267\n|-terastallize|p1a: Brute Bonnet|Grass\n|move|p2a: Phione|Icy Wind|p1a: Brute Bonnet\n|-supereffective|p1a: Brute Bonnet\n|-damage|p1a: Brute Bonnet|37\/100\n|-unboost|p1a: Brute Bonnet|spe|1\n|move|p1a: Brute Bonnet|Synthesis|p1a: Brute Bonnet\n|-heal|p1a: Brute Bonnet|62\/100\n|\n|-weather|none\n|-heal|p1a: Brute Bonnet|69\/100|[from] item: Leftovers\n|upkeep\n|turn|16\n|\n|t:|1701049279\n|switch|p2a: Weezing|Weezing, F|100\/100\n|move|p1a: Brute Bonnet|Synthesis|p1a: Brute Bonnet\n|-heal|p1a: Brute Bonnet|100\/100\n|\n|upkeep\n|turn|17\n|\n|t:|1701049292\n|-end|p1a: Brute Bonnet|Protosynthesis|[silent]\n|switch|p1a: Torkoal|Torkoal, F|94\/100\n|-weather|SunnyDay|[from] ability: Drought|[of] p1a: Torkoal\n|move|p2a: Weezing|Will-O-Wisp|p1a: Torkoal|[miss]\n|-miss|p2a: Weezing|p1a: Torkoal\n|\n|-weather|SunnyDay|[upkeep]\n|upkeep\n|turn|18\n|\n|t:|1701049304\n|move|p2a: Weezing|Toxic Spikes|p1a: Torkoal\n|-sidestart|p1: StJimmy815|move: Toxic Spikes\n|move|p1a: Torkoal|Stealth Rock|p2a: Weezing\n|-sidestart|p2: Themainmon|move: Stealth Rock\n|\n|-weather|SunnyDay|[upkeep]\n|upkeep\n|turn|19\n|\n|t:|1701049316\n|switch|p2a: Enamorus|Enamorus-Therian, F|100\/100\n|-damage|p2a: Enamorus|75\/100|[from] Stealth Rock\n|move|p1a: Torkoal|Rapid Spin|p2a: Enamorus\n|-damage|p2a: Enamorus|68\/100\n|-boost|p1a: Torkoal|spe|1\n|-sideend|p1: StJimmy815|Toxic Spikes|[from] move: Rapid Spin|[of] p1a: Torkoal\n|\n|-weather|SunnyDay|[upkeep]\n|-heal|p2a: Enamorus|74\/100|[from] item: Leftovers\n|upkeep\n|turn|20\n|\n|t:|1701049329\n|move|p2a: Enamorus|Calm Mind|p2a: Enamorus\n|-boost|p2a: Enamorus|spa|1\n|-boost|p2a: Enamorus|spd|1\n|move|p1a: Torkoal|Yawn|p2a: Enamorus\n|-start|p2a: Enamorus|move: Yawn|[of] p1a: Torkoal\n|\n|-weather|SunnyDay|[upkeep]\n|-heal|p2a: Enamorus|80\/100|[from] item: Leftovers\n|upkeep\n|turn|21\n|\n|t:|1701049342\n|switch|p1a: Brute Bonnet|Brute Bonnet, tera:Grass|100\/100\n|-activate|p1a: Brute Bonnet|ability: Protosynthesis\n|-start|p1a: Brute Bonnet|protosynthesisatk\n|move|p2a: Enamorus|Earth Power|p1a: Brute Bonnet\n|-resisted|p1a: Brute Bonnet\n|-damage|p1a: Brute Bonnet|83\/100\n|\n|-weather|SunnyDay|[upkeep]\n|-heal|p1a: Brute Bonnet|89\/100|[from] item: Leftovers\n|-heal|p2a: Enamorus|87\/100|[from] item: Leftovers\n|-end|p2a: Enamorus|move: Yawn|[silent]\n|-status|p2a: Enamorus|slp\n|upkeep\n|turn|22\n|\n|t:|1701049354\n|switch|p2a: Weezing|Weezing, F|100\/100\n|-damage|p2a: Weezing|88\/100|[from] Stealth Rock\n|move|p1a: Brute Bonnet|Growth|p1a: Brute Bonnet\n|-boost|p1a: Brute Bonnet|atk|2\n|-boost|p1a: Brute Bonnet|spa|2\n|\n|-weather|SunnyDay|[upkeep]\n|-heal|p2a: Weezing|94\/100|[from] item: Leftovers\n|-heal|p1a: Brute Bonnet|95\/100|[from] item: Leftovers\n|upkeep\n|turn|23\n|\n|t:|1701049370\n|move|p2a: Weezing|Will-O-Wisp|p1a: Brute Bonnet\n|-status|p1a: Brute Bonnet|brn\n|move|p1a: Brute Bonnet|Seed Bomb|p2a: Weezing\n|-resisted|p2a: Weezing\n|-damage|p2a: Weezing|75\/100\n|\n|-weather|SunnyDay|[upkeep]\n|-heal|p2a: Weezing|81\/100|[from] item: Leftovers\n|-heal|p1a: Brute Bonnet|100\/100 brn|[from] item: Leftovers\n|-damage|p1a: Brute Bonnet|94\/100 brn|[from] brn\n|upkeep\n|turn|24\n|\n|t:|1701049383\n|move|p2a: Weezing|Clear Smog|p1a: Brute Bonnet\n|-supereffective|p1a: Brute Bonnet\n|-damage|p1a: Brute Bonnet|70\/100 brn\n|-clearboost|p1a: Brute Bonnet\n|move|p1a: Brute Bonnet|Growth|p1a: Brute Bonnet\n|-boost|p1a: Brute Bonnet|atk|2\n|-boost|p1a: Brute Bonnet|spa|2\n|\n|-weather|none\n|-end|p1a: Brute Bonnet|Protosynthesis\n|-heal|p2a: Weezing|87\/100|[from] item: Leftovers\n|-heal|p1a: Brute Bonnet|76\/100 brn|[from] item: Leftovers\n|-damage|p1a: Brute Bonnet|70\/100 brn|[from] brn\n|upkeep\n|turn|25\n|\n|t:|1701049394\n|move|p1a: Brute Bonnet|Sucker Punch|p2a: Weezing\n|-damage|p2a: Weezing|66\/100\n|move|p2a: Weezing|Clear Smog|p1a: Brute Bonnet\n|-supereffective|p1a: Brute Bonnet\n|-damage|p1a: Brute Bonnet|48\/100 brn\n|-clearboost|p1a: Brute Bonnet\n|\n|-heal|p2a: Weezing|72\/100|[from] item: Leftovers\n|-heal|p1a: Brute Bonnet|54\/100 brn|[from] item: Leftovers\n|-damage|p1a: Brute Bonnet|48\/100 brn|[from] brn\n|upkeep\n|turn|26\n|inactive|StJimmy815 has 270 seconds left.\n|\n|t:|1701049413\n|-end|p1a: Brute Bonnet|Protosynthesis|[silent]\n|switch|p1a: Torkoal|Torkoal, F|94\/100\n|-weather|SunnyDay|[from] ability: Drought|[of] p1a: Torkoal\n|move|p2a: Weezing|Toxic Spikes|p1a: Torkoal\n|-sidestart|p1: StJimmy815|move: Toxic Spikes\n|\n|-weather|SunnyDay|[upkeep]\n|-heal|p2a: Weezing|78\/100|[from] item: Leftovers\n|upkeep\n|turn|27\n|\n|t:|1701049422\n|switch|p2a: Ceruledge|Ceruledge, M|100\/100\n|-damage|p2a: Ceruledge|75\/100|[from] Spikes\n|-damage|p2a: Ceruledge|50\/100|[from] Stealth Rock\n|move|p1a: Torkoal|Rapid Spin|p2a: Ceruledge\n|-immune|p2a: Ceruledge\n|\n|-weather|SunnyDay|[upkeep]\n|upkeep\n|turn|28\n|\n|t:|1701049436\n|switch|p1a: Clodsire|Clodsire, M|45\/100 brn\n|-sideend|p1: StJimmy815|move: Toxic Spikes|[of] p1a: Clodsire\n|move|p2a: Ceruledge|Swords Dance|p2a: Ceruledge\n|-boost|p2a: Ceruledge|atk|2\n|\n|-weather|SunnyDay|[upkeep]\n|-heal|p1a: Clodsire|51\/100 brn|[from] item: Black Sludge\n|-damage|p1a: Clodsire|45\/100 brn|[from] brn\n|upkeep\n|turn|29\n|\n|t:|1701049445\n|move|p2a: Ceruledge|Bitter Blade|p1a: Clodsire\n|-damage|p1a: Clodsire|0 fnt\n|-heal|p2a: Ceruledge|77\/100|[from] drain|[of] p1a: Clodsire\n|faint|p1a: Clodsire\n|\n|-weather|SunnyDay|[upkeep]\n|upkeep\n|inactive|StJimmy815 has 270 seconds left.\n|\n|t:|1701049461\n|switch|p1a: Brute Bonnet|Brute Bonnet, tera:Grass|48\/100 brn\n|-activate|p1a: Brute Bonnet|ability: Protosynthesis\n|-start|p1a: Brute Bonnet|protosynthesisatk\n|turn|30\n|\n|t:|1701049468\n|move|p1a: Brute Bonnet|Sucker Punch|p2a: Ceruledge\n|-supereffective|p2a: Ceruledge\n|-damage|p2a: Ceruledge|22\/100\n|-ability|p2a: Ceruledge|Weak Armor|boost\n|-unboost|p2a: Ceruledge|def|1\n|-boost|p2a: Ceruledge|spe|2\n|move|p2a: Ceruledge|Bitter Blade|p1a: Brute Bonnet\n|-supereffective|p1a: Brute Bonnet\n|-damage|p1a: Brute Bonnet|0 fnt\n|-heal|p2a: Ceruledge|48\/100|[from] drain|[of] p1a: Brute Bonnet\n|faint|p1a: Brute Bonnet\n|-end|p1a: Brute Bonnet|Protosynthesis|[silent]\n|\n|-weather|SunnyDay|[upkeep]\n|upkeep\n|inactive|StJimmy815 has 270 seconds left.\n|\n|t:|1701049501\n|switch|p1a: Torkoal|Torkoal, F|94\/100\n|turn|31\n|\n|t:|1701049511\n|move|p2a: Ceruledge|Shadow Claw|p1a: Torkoal\n|-crit|p1a: Torkoal\n|-damage|p1a: Torkoal|36\/100\n|move|p1a: Torkoal|Lava Plume|p2a: Ceruledge\n|-resisted|p2a: Ceruledge\n|-damage|p2a: Ceruledge|30\/100\n|\n|-weather|SunnyDay|[upkeep]\n|upkeep\n|turn|32\n|\n|t:|1701049522\n|move|p2a: Ceruledge|Shadow Claw|p1a: Torkoal\n|-damage|p1a: Torkoal|0 fnt\n|faint|p1a: Torkoal\n|\n|-weather|SunnyDay|[upkeep]\n|upkeep\n|\n|t:|1701049527\n|switch|p1a: Iron Valiant|Iron Valiant|100\/100\n|turn|33\n|\n|t:|1701049537\n|move|p2a: Ceruledge|Bitter Blade|p1a: Iron Valiant\n|-damage|p1a: Iron Valiant|0 fnt\n|-heal|p2a: Ceruledge|73\/100|[from] drain|[of] p1a: Iron Valiant\n|faint|p1a: Iron Valiant\n|-end|p1a: Iron Valiant|Quark Drive|[silent]\n|\n|-weather|none\n|upkeep\n|\n|t:|1701049541\n|switch|p1a: Heatran|Heatran, F|100\/100\n|turn|34\n|c|\u2606Themainmon|Gg\n|\n|t:|1701049545\n|move|p2a: Ceruledge|Close Combat|p1a: Heatran\n|-supereffective|p1a: Heatran\n|-damage|p1a: Heatran|0 fnt\n|-unboost|p2a: Ceruledge|def|1\n|-unboost|p2a: Ceruledge|spd|1\n|faint|p1a: Heatran\n|\n|win|Themainmon\n|c|\u2606StJimmy815|gg\n|c|\u2606Themainmon|Ceruledge got 5 kills :^\n|c|\u2606StJimmy815|i played that awful with no prep lol\n|c|\u2606Themainmon|Yeah\n|c|\u2606StJimmy815|thats what i get\n|c|\u2606Themainmon|I only built the team, I didn\u2019t even do anything after it \ud83d\ude05\n|l|\u2606StJimmy815\n","uploadtime":1701049607,"views":1,"p1id":"stjimmy815","p2id":"themainmon","formatid":"gen9ubers","rating":0,"private":0,"password":""}