{"id":"gen9ubers-1977488170","p1":"Vincent RPPLF","p2":"Tiammat rpplf","format":"[Gen 9] Ubers","log":"|j|\u2606Vincent RPPLF\n|j|\u2606Tiammat rpplf\n|t:|1698421323\n|gametype|singles\n|player|p1|Vincent RPPLF|cyrus|\n|player|p2|Tiammat rpplf|heroine-conquest|\n|teamsize|p1|6\n|teamsize|p2|6\n|gen|9\n|tier|[Gen 9] Ubers\n|rule|Sleep Clause Mod: Limit one foe put to sleep\n|rule|Species Clause: Limit one of each Pok\u00e9mon\n|rule|OHKO Clause: OHKO moves are banned\n|rule|Evasion Items Clause: Evasion items are banned\n|rule|Evasion Moves Clause: Evasion moves are banned\n|rule|Endless Battle Clause: Forcing endless battles is banned\n|rule|HP Percentage Mod: HP is shown in percentages\n|clearpoke\n|poke|p1|Okidogi, M|\n|poke|p1|Azumarill, F|\n|poke|p1|Corviknight, F|\n|poke|p1|Dragapult, M|\n|poke|p1|Blissey, F|\n|poke|p1|Ursaluna-Bloodmoon, M|\n|poke|p2|Mandibuzz, F|\n|poke|p2|Conkeldurr, F|\n|poke|p2|Slowking-Galar, M|\n|poke|p2|Rillaboom, F|\n|poke|p2|Heatran, F|\n|poke|p2|Weavile, F|\n|teampreview\n|\n|t:|1698421375\n|start\n|switch|p1a: Okidogi|Okidogi, M|100\/100\n|switch|p2a: Slowking|Slowking-Galar, M|100\/100\n|turn|1\n|\n|t:|1698421386\n|move|p1a: Okidogi|Knock Off|p2a: Slowking\n|-supereffective|p2a: Slowking\n|-damage|p2a: Slowking|25\/100\n|-enditem|p2a: Slowking|Black Sludge|[from] move: Knock Off|[of] p1a: Okidogi\n|move|p2a: Slowking|Future Sight|p1a: Okidogi\n|-start|p2a: Slowking|move: Future Sight\n|\n|upkeep\n|turn|2\n|\n|t:|1698421395\n|switch|p2a: Mandibuzz|Mandibuzz, F|100\/100\n|move|p1a: Okidogi|Knock Off|p2a: Mandibuzz\n|-resisted|p2a: Mandibuzz\n|-damage|p2a: Mandibuzz|89\/100\n|-damage|p1a: Okidogi|84\/100|[from] item: Rocky Helmet|[of] p2a: Mandibuzz\n|-enditem|p2a: Mandibuzz|Rocky Helmet|[from] move: Knock Off|[of] p1a: Okidogi\n|\n|upkeep\n|turn|3\n|\n|t:|1698421405\n|switch|p1a: Blissey|Blissey, F|100\/100\n|switch|p2a: Conkeldurr|Conkeldurr, F|100\/100\n|\n|-end|p1a: Blissey|move: Future Sight\n|-damage|p1a: Blissey|84\/100\n|-heal|p1a: Blissey|91\/100|[from] item: Leftovers\n|-status|p2a: Conkeldurr|brn|[from] item: Flame Orb\n|upkeep\n|turn|4\n|\n|t:|1698421417\n|switch|p1a: Corviknight|Corviknight, F|100\/100\n|move|p2a: Conkeldurr|Knock Off|p1a: Corviknight\n|-damage|p1a: Corviknight|67\/100\n|-damage|p2a: Conkeldurr|84\/100 brn|[from] item: Rocky Helmet|[of] p1a: Corviknight\n|-enditem|p1a: Corviknight|Rocky Helmet|[from] move: Knock Off|[of] p2a: Conkeldurr\n|\n|-damage|p2a: Conkeldurr|78\/100 brn|[from] brn\n|upkeep\n|turn|5\n|\n|t:|1698421436\n|move|p1a: Corviknight|Brave Bird|p2a: Conkeldurr\n|-supereffective|p2a: Conkeldurr\n|-damage|p2a: Conkeldurr|18\/100 brn\n|-damage|p1a: Corviknight|47\/100|[from] Recoil\n|move|p2a: Conkeldurr|Drain Punch|p1a: Corviknight\n|-damage|p1a: Corviknight|5\/100\n|-heal|p2a: Conkeldurr|39\/100 brn|[from] drain|[of] p1a: Corviknight\n|\n|-damage|p2a: Conkeldurr|33\/100 brn|[from] brn\n|upkeep\n|turn|6\n|\n|t:|1698421448\n|switch|p1a: Dragapult|Dragapult, M|100\/100\n|move|p2a: Conkeldurr|Knock Off|p1a: Dragapult\n|-supereffective|p1a: Dragapult\n|-damage|p1a: Dragapult|0 fnt\n|-enditem|p1a: Dragapult|Choice Specs|[from] move: Knock Off|[of] p2a: Conkeldurr\n|faint|p1a: Dragapult\n|\n|-damage|p2a: Conkeldurr|27\/100 brn|[from] brn\n|upkeep\n|c|\u2606Vincent RPPLF|Connard\n|\n|t:|1698421462\n|switch|p1a: Okidogi|Okidogi, M|84\/100\n|turn|7\n|\n|t:|1698421467\n|switch|p2a: Mandibuzz|Mandibuzz, F|89\/100\n|move|p1a: Okidogi|Drain Punch|p2a: Mandibuzz\n|-damage|p2a: Mandibuzz|65\/100\n|-heal|p1a: Okidogi|98\/100|[from] drain|[of] p2a: Mandibuzz\n|\n|upkeep\n|turn|8\n|\n|t:|1698421481\n|move|p1a: Okidogi|Poison Jab|p2a: Mandibuzz\n|-damage|p2a: Mandibuzz|41\/100\n|move|p2a: Mandibuzz|U-turn|p1a: Okidogi\n|-resisted|p1a: Okidogi\n|-damage|p1a: Okidogi|95\/100\n|\n|t:|1698421488\n|switch|p2a: Slowking|Slowking-Galar, M|59\/100|[from] U-turn\n|\n|upkeep\n|turn|9\n|\n|t:|1698421496\n|move|p1a: Okidogi|High Horsepower|p2a: Slowking\n|-supereffective|p2a: Slowking\n|-damage|p2a: Slowking|0 fnt\n|faint|p2a: Slowking\n|\n|upkeep\n|\n|t:|1698421514\n|switch|p2a: Heatran|Heatran, F|100\/100\n|turn|10\n|\n|t:|1698421530\n|switch|p1a: Corviknight|Corviknight, F|5\/100\n|move|p2a: Heatran|Earth Power|p1a: Corviknight\n|-immune|p1a: Corviknight\n|\n|upkeep\n|turn|11\n|\n|t:|1698421540\n|move|p2a: Heatran|Stealth Rock|p1a: Corviknight\n|-sidestart|p1: Vincent RPPLF|move: Stealth Rock\n|move|p1a: Corviknight|Roost|p1a: Corviknight\n|-heal|p1a: Corviknight|55\/100\n|-singleturn|p1a: Corviknight|move: Roost\n|\n|upkeep\n|turn|12\n|\n|t:|1698421551\n|move|p2a: Heatran|Flamethrower|p1a: Corviknight\n|-supereffective|p1a: Corviknight\n|-damage|p1a: Corviknight|0 fnt\n|faint|p1a: Corviknight\n|\n|upkeep\n|\n|t:|1698421555\n|switch|p1a: Azumarill|Azumarill, F|100\/100\n|-damage|p1a: Azumarill|88\/100|[from] Stealth Rock\n|turn|13\n|\n|t:|1698421577\n|-terastallize|p2a: Heatran|Bug\n|move|p1a: Azumarill|Play Rough|p2a: Heatran\n|-damage|p2a: Heatran|34\/100\n|move|p2a: Heatran|Taunt|p1a: Azumarill\n|-start|p1a: Azumarill|move: Taunt\n|\n|-heal|p2a: Heatran|41\/100|[from] item: Leftovers\n|upkeep\n|turn|14\n|\n|t:|1698421597\n|move|p1a: Azumarill|Play Rough|p2a: Heatran\n|-damage|p2a: Heatran|0 fnt\n|faint|p2a: Heatran\n|\n|upkeep\n|\n|t:|1698421605\n|switch|p2a: Rillaboom|Rillaboom, F|100\/100\n|-fieldstart|move: Grassy Terrain|[from] ability: Grassy Surge|[of] p2a: Rillaboom\n|turn|15\n|\n|t:|1698421613\n|switch|p1a: Blissey|Blissey, F|91\/100\n|-damage|p1a: Blissey|78\/100|[from] Stealth Rock\n|move|p2a: Rillaboom|U-turn|p1a: Blissey\n|-damage|p1a: Blissey|44\/100\n|\n|t:|1698421621\n|switch|p2a: Conkeldurr|Conkeldurr, F|27\/100 brn|[from] U-turn\n|\n|-heal|p1a: Blissey|51\/100|[from] Grassy Terrain\n|-heal|p1a: Blissey|57\/100|[from] item: Leftovers\n|-heal|p2a: Conkeldurr|33\/100 brn|[from] Grassy Terrain\n|-damage|p2a: Conkeldurr|27\/100 brn|[from] brn\n|upkeep\n|turn|16\n|\n|t:|1698421632\n|-terastallize|p1a: Blissey|Ghost\n|move|p1a: Blissey|Seismic Toss|p2a: Conkeldurr\n|-damage|p2a: Conkeldurr|2\/100 brn\n|move|p2a: Conkeldurr|Drain Punch|p1a: Blissey\n|-immune|p1a: Blissey\n|\n|-heal|p1a: Blissey|63\/100|[from] Grassy Terrain\n|-heal|p1a: Blissey|69\/100|[from] item: Leftovers\n|-heal|p2a: Conkeldurr|8\/100 brn|[from] Grassy Terrain\n|-damage|p2a: Conkeldurr|2\/100 brn|[from] brn\n|upkeep\n|turn|17\n|\n|t:|1698421646\n|move|p1a: Blissey|Seismic Toss|p2a: Conkeldurr\n|-damage|p2a: Conkeldurr|0 fnt\n|faint|p2a: Conkeldurr\n|\n|-heal|p1a: Blissey|75\/100|[from] Grassy Terrain\n|-heal|p1a: Blissey|81\/100|[from] item: Leftovers\n|upkeep\n|\n|t:|1698421654\n|switch|p2a: Weavile|Weavile, F|100\/100\n|-ability|p2a: Weavile|Pressure\n|turn|18\n|\n|t:|1698421662\n|move|p2a: Weavile|Knock Off|p1a: Blissey\n|-supereffective|p1a: Blissey\n|-damage|p1a: Blissey|0 fnt\n|-enditem|p1a: Blissey|Leftovers|[from] move: Knock Off|[of] p2a: Weavile\n|faint|p1a: Blissey\n|\n|upkeep\n|\n|t:|1698421666\n|switch|p1a: Okidogi|Okidogi, M|95\/100\n|-damage|p1a: Okidogi|89\/100|[from] Stealth Rock\n|turn|19\n|\n|t:|1698421674\n|switch|p2a: Mandibuzz|Mandibuzz, F|41\/100\n|move|p1a: Okidogi|Drain Punch|p2a: Mandibuzz\n|-damage|p2a: Mandibuzz|16\/100\n|-heal|p1a: Okidogi|100\/100|[from] drain|[of] p2a: Mandibuzz\n|-status|p2a: Mandibuzz|tox|[from] ability: Toxic Chain|[of] p1a: Okidogi\n|\n|-damage|p2a: Mandibuzz|9\/100 tox|[from] psn\n|-fieldend|move: Grassy Terrain\n|upkeep\n|turn|20\n|\n|t:|1698421686\n|move|p1a: Okidogi|Drain Punch|p2a: Mandibuzz\n|-damage|p2a: Mandibuzz|0 fnt\n|faint|p2a: Mandibuzz\n|\n|upkeep\n|\n|t:|1698421694\n|switch|p2a: Rillaboom|Rillaboom, F|100\/100\n|-fieldstart|move: Grassy Terrain|[from] ability: Grassy Surge|[of] p2a: Rillaboom\n|turn|21\n|\n|t:|1698421702\n|move|p2a: Rillaboom|High Horsepower|p1a: Okidogi\n|-supereffective|p1a: Okidogi\n|-damage|p1a: Okidogi|10\/100\n|move|p1a: Okidogi|Drain Punch|p2a: Rillaboom\n|-damage|p2a: Rillaboom|58\/100\n|-heal|p1a: Okidogi|29\/100|[from] drain|[of] p2a: Rillaboom\n|\n|-heal|p2a: Rillaboom|64\/100|[from] Grassy Terrain\n|-heal|p1a: Okidogi|35\/100|[from] Grassy Terrain\n|upkeep\n|turn|22\n|\n|t:|1698421735\n|switch|p1a: Ursaluna|Ursaluna-Bloodmoon, M|100\/100\n|-damage|p1a: Ursaluna|94\/100|[from] Stealth Rock\n|move|p2a: Rillaboom|High Horsepower|p1a: Ursaluna|[miss]\n|-miss|p2a: Rillaboom|p1a: Ursaluna\n|\n|-heal|p2a: Rillaboom|70\/100|[from] Grassy Terrain\n|-heal|p1a: Ursaluna|100\/100|[from] Grassy Terrain\n|upkeep\n|turn|23\n|\n|t:|1698421751\n|switch|p2a: Weavile|Weavile, F|100\/100\n|-ability|p2a: Weavile|Pressure\n|move|p1a: Ursaluna|Calm Mind|p1a: Ursaluna\n|-boost|p1a: Ursaluna|spa|1\n|-boost|p1a: Ursaluna|spd|1\n|\n|upkeep\n|turn|24\n|\n|t:|1698421764\n|switch|p2a: Rillaboom|Rillaboom, F|70\/100\n|move|p1a: Ursaluna|Vacuum Wave|p2a: Rillaboom\n|-damage|p2a: Rillaboom|31\/100\n|-damage|p1a: Ursaluna|90\/100|[from] item: Life Orb\n|\n|-heal|p2a: Rillaboom|37\/100|[from] Grassy Terrain\n|-heal|p1a: Ursaluna|97\/100|[from] Grassy Terrain\n|upkeep\n|turn|25\n|\n|t:|1698421774\n|switch|p1a: Okidogi|Okidogi, M|35\/100\n|-damage|p1a: Okidogi|29\/100|[from] Stealth Rock\n|move|p2a: Rillaboom|Grassy Glide|p1a: Okidogi\n|-resisted|p1a: Okidogi\n|-damage|p1a: Okidogi|5\/100\n|\n|-heal|p2a: Rillaboom|43\/100|[from] Grassy Terrain\n|-heal|p1a: Okidogi|11\/100|[from] Grassy Terrain\n|-fieldend|move: Grassy Terrain\n|upkeep\n|turn|26\n|\n|t:|1698421788\n|move|p2a: Rillaboom|Grassy Glide|p1a: Okidogi\n|-resisted|p1a: Okidogi\n|-damage|p1a: Okidogi|0 fnt\n|faint|p1a: Okidogi\n|\n|upkeep\n|\n|t:|1698421791\n|switch|p1a: Ursaluna|Ursaluna-Bloodmoon, M|97\/100\n|-damage|p1a: Ursaluna|90\/100|[from] Stealth Rock\n|turn|27\n|\n|t:|1698421804\n|switch|p2a: Weavile|Weavile, F|100\/100\n|-ability|p2a: Weavile|Pressure\n|move|p1a: Ursaluna|Blood Moon|p2a: Weavile\n|-damage|p2a: Weavile|0 fnt\n|faint|p2a: Weavile\n|-damage|p1a: Ursaluna|80\/100|[from] item: Life Orb\n|\n|upkeep\n|\n|t:|1698421815\n|switch|p2a: Rillaboom|Rillaboom, F|43\/100\n|-fieldstart|move: Grassy Terrain|[from] ability: Grassy Surge|[of] p2a: Rillaboom\n|turn|28\n|c|\u2606Vincent RPPLF|Gg. G\n|c|\u2606Vincent RPPLF|BG\n|\n|t:|1698421821\n|move|p2a: Rillaboom|Grassy Glide|p1a: Ursaluna\n|-supereffective|p1a: Ursaluna\n|-crit|p1a: Ursaluna\n|-damage|p1a: Ursaluna|0 fnt\n|faint|p1a: Ursaluna\n|\n|-heal|p2a: Rillaboom|49\/100|[from] Grassy Terrain\n|upkeep\n|\n|t:|1698421823\n|switch|p1a: Azumarill|Azumarill, F|88\/100\n|-damage|p1a: Azumarill|76\/100|[from] Stealth Rock\n|turn|29\n|\n|t:|1698421832\n|move|p2a: Rillaboom|Grassy Glide|p1a: Azumarill\n|-supereffective|p1a: Azumarill\n|-crit|p1a: Azumarill\n|-damage|p1a: Azumarill|0 fnt\n|faint|p1a: Azumarill\n|\n|win|Tiammat rpplf\n","uploadtime":1698421867,"views":11,"p1id":"vincentrpplf","p2id":"tiammatrpplf","formatid":"gen9ubers","rating":0,"private":0,"password":""}