{"id":"gen9ubers-1998904596","p1":"Pyrax69","p2":"Anne Frankkkk","format":"[Gen 9] Ubers","log":"|j|\u2606Pyrax69\n|j|\u2606Anne Frankkkk\n|t:|1701011185\n|gametype|singles\n|player|p1|Pyrax69|cynthia-gen4|1153\n|player|p2|Anne Frankkkk|hilbert|1182\n|teamsize|p1|6\n|teamsize|p2|6\n|gen|9\n|tier|[Gen 9] Ubers\n|rated|\n|rule|Sleep Clause Mod: Limit one foe put to sleep\n|rule|Species Clause: Limit one of each Pok\u00e9mon\n|rule|OHKO Clause: OHKO moves are banned\n|rule|Evasion Items Clause: Evasion items are banned\n|rule|Evasion Moves Clause: Evasion moves are banned\n|rule|Endless Battle Clause: Forcing endless battles is banned\n|rule|HP Percentage Mod: HP is shown in percentages\n|clearpoke\n|poke|p1|Magearna|\n|poke|p1|Palafin, F|\n|poke|p1|Chi-Yu|\n|poke|p1|Roaring Moon|\n|poke|p1|Espathra, M|\n|poke|p1|Annihilape, F|\n|poke|p2|Regieleki|\n|poke|p2|Kyogre|\n|poke|p2|Chien-Pao|\n|poke|p2|Ribombee, F|\n|poke|p2|Miraidon|\n|poke|p2|Flutter Mane|\n|teampreview\n|inactive|Battle timer is ON: inactive players will automatically lose when time's up. (requested by Pyrax69)\n|\n|t:|1701011196\n|start\n|switch|p1a: Palafin|Palafin, F|100\/100\n|switch|p2a: Moonblast|Ribombee, F, shiny|100\/100\n|turn|1\n|\n|t:|1701011203\n|move|p2a: Moonblast|Sticky Web|p1a: Palafin\n|-sidestart|p1: Pyrax69|move: Sticky Web\n|move|p1a: Palafin|Flip Turn|p2a: Moonblast\n|-damage|p2a: Moonblast|41\/100\n|\n|t:|1701011210\n|detailschange|p1a: Palafin|Palafin-Hero, F\n|switch|p1a: Magearna|Magearna|100\/100|[from] Flip Turn\n|-activate|p1a: Magearna|move: Sticky Web\n|-unboost|p1a: Magearna|spe|1\n|\n|upkeep\n|turn|2\n|\n|t:|1701011219\n|move|p2a: Moonblast|Stun Spore|p1a: Magearna\n|-status|p1a: Magearna|par\n|cant|p1a: Magearna|par\n|\n|upkeep\n|turn|3\n|\n|t:|1701011227\n|move|p2a: Moonblast|Moonblast|p1a: Magearna\n|-resisted|p1a: Magearna\n|-damage|p1a: Magearna|81\/100 par\n|move|p1a: Magearna|Shift Gear|p1a: Magearna\n|-boost|p1a: Magearna|spe|2\n|-boost|p1a: Magearna|atk|1\n|\n|-heal|p1a: Magearna|87\/100 par|[from] item: Leftovers\n|upkeep\n|turn|4\n|\n|t:|1701011237\n|move|p2a: Moonblast|Bug Buzz|p1a: Magearna\n|-resisted|p1a: Magearna\n|-damage|p1a: Magearna|78\/100 par\n|move|p1a: Magearna|Shift Gear|p1a: Magearna\n|-boost|p1a: Magearna|spe|2\n|-boost|p1a: Magearna|atk|1\n|\n|-heal|p1a: Magearna|84\/100 par|[from] item: Leftovers\n|upkeep\n|turn|5\n|\n|t:|1701011246\n|move|p2a: Moonblast|Bug Buzz|p1a: Magearna\n|-resisted|p1a: Magearna\n|-damage|p1a: Magearna|75\/100 par\n|cant|p1a: Magearna|par\n|\n|-heal|p1a: Magearna|81\/100 par|[from] item: Leftovers\n|upkeep\n|turn|6\n|\n|t:|1701011254\n|move|p2a: Moonblast|Moonblast|p1a: Magearna\n|-resisted|p1a: Magearna\n|-damage|p1a: Magearna|60\/100 par\n|-unboost|p1a: Magearna|spa|1\n|move|p1a: Magearna|Shift Gear|p1a: Magearna\n|-boost|p1a: Magearna|spe|2\n|-boost|p1a: Magearna|atk|1\n|\n|-heal|p1a: Magearna|66\/100 par|[from] item: Leftovers\n|upkeep\n|turn|7\n|\n|t:|1701011265\n|move|p1a: Magearna|Shift Gear|p1a: Magearna\n|-boost|p1a: Magearna|spe|1\n|-boost|p1a: Magearna|atk|1\n|move|p2a: Moonblast|Moonblast|p1a: Magearna\n|-resisted|p1a: Magearna\n|-damage|p1a: Magearna|45\/100 par\n|\n|-heal|p1a: Magearna|51\/100 par|[from] item: Leftovers\n|upkeep\n|turn|8\n|\n|t:|1701011275\n|move|p1a: Magearna|Stored Power|p2a: Moonblast\n|-damage|p2a: Moonblast|0 fnt\n|faint|p2a: Moonblast\n|-ability|p1a: Magearna|Soul-Heart|boost\n|-boost|p1a: Magearna|spa|1\n|\n|-heal|p1a: Magearna|57\/100 par|[from] item: Leftovers\n|upkeep\n|\n|t:|1701011286\n|switch|p2a: Bzzzzt|Regieleki, shiny|100\/100\n|turn|9\n|\n|t:|1701011290\n|move|p2a: Bzzzzt|Thunder Cage|p1a: Magearna\n|-damage|p1a: Magearna|0 fnt\n|faint|p1a: Magearna\n|\n|upkeep\n|\n|t:|1701011299\n|switch|p1a: Espathra|Espathra, M|100\/100\n|-activate|p1a: Espathra|move: Sticky Web\n|-unboost|p1a: Espathra|spe|1\n|turn|10\n|\n|t:|1701011305\n|move|p2a: Bzzzzt|Volt Switch|p1a: Espathra\n|-damage|p1a: Espathra|24\/100\n|\n|t:|1701011309\n|switch|p2a: Misdreavius|Flutter Mane, shiny|100\/100|[from] Volt Switch\n|-enditem|p2a: Misdreavius|Booster Energy\n|-activate|p2a: Misdreavius|ability: Protosynthesis|[fromitem]\n|-start|p2a: Misdreavius|protosynthesisspe\n|move|p1a: Espathra|Substitute|p1a: Espathra\n|-fail|p1a: Espathra|move: Substitute|[weak]\n|\n|-heal|p1a: Espathra|30\/100|[from] item: Leftovers\n|-ability|p1a: Espathra|Speed Boost|boost\n|-boost|p1a: Espathra|spe|1\n|upkeep\n|turn|11\n|-message|Pyrax69 forfeited.\n|\n|win|Anne Frankkkk\n|raw|Pyrax69's rating: 1153 &rarr; <strong>1130<\/strong><br \/>(-23 for losing)\n|raw|Anne Frankkkk's rating: 1182 &rarr; <strong>1205<\/strong><br \/>(+23 for winning)\n|l|\u2606Pyrax69\n","uploadtime":1701011328,"views":1,"p1id":"pyrax69","p2id":"annefrankkkk","formatid":"gen9ubers","rating":1130,"private":0,"password":""}