{"id":"gen9ubers-1974770920","p1":"godiamsosorry","p2":"Dragon Master Rosa","format":"[Gen 9] Ubers","log":"|j|\u2606godiamsosorry\n|j|\u2606Dragon Master Rosa\n|t:|1698120202\n|gametype|singles\n|player|p1|godiamsosorry|scientistf|\n|player|p2|Dragon Master Rosa|dragontamer-gen9|\n|teamsize|p1|6\n|teamsize|p2|6\n|gen|9\n|tier|[Gen 9] Ubers\n|rule|Sleep Clause Mod: Limit one foe put to sleep\n|rule|Species Clause: Limit one of each Pok\u00e9mon\n|rule|OHKO Clause: OHKO moves are banned\n|rule|Evasion Items Clause: Evasion items are banned\n|rule|Evasion Moves Clause: Evasion moves are banned\n|rule|Endless Battle Clause: Forcing endless battles is banned\n|rule|HP Percentage Mod: HP is shown in percentages\n|clearpoke\n|poke|p1|Medicham, F|\n|poke|p1|Slowking-Galar, M|\n|poke|p1|Weezing-Galar, F|\n|poke|p1|Landorus-Therian, M|\n|poke|p1|Blissey, F|\n|poke|p1|Palafin, F|\n|poke|p2|Landorus-Therian, M|\n|poke|p2|Clefable, F|\n|poke|p2|Greninja-*, M|\n|poke|p2|Weezing-Galar, M|\n|poke|p2|Medicham, M|\n|poke|p2|Slowking-Galar, F|\n|teampreview\n|c|\u2606godiamsosorry|GLHF\n|c|\u2606godiamsosorry|Oops caps lock was on.\n|c|\u2606Dragon Master Rosa|no\n|\n|t:|1698120219\n|start\n|switch|p1a: Palafin|Palafin, F|100\/100\n|switch|p2a: Greninja|Greninja, M|100\/100\n|turn|1\n|\n|t:|1698120227\n|move|p2a: Greninja|U-turn|p1a: Palafin\n|-start|p2a: Greninja|typechange|Bug|[from] ability: Protean\n|-damage|p1a: Palafin|42\/100\n|\n|t:|1698120232\n|switch|p2a: Clefable|Clefable, F|100\/100|[from] U-turn\n|move|p1a: Palafin|Aura Sphere|p2a: Clefable\n|-resisted|p2a: Clefable\n|-damage|p2a: Clefable|92\/100\n|\n|-heal|p2a: Clefable|98\/100|[from] item: Leftovers\n|upkeep\n|turn|2\n|\n|t:|1698120243\n|detailschange|p1a: Palafin|Palafin-Hero, F\n|switch|p1a: Weezing|Weezing-Galar, F|100\/100\n|switch|p2a: Landorus|Landorus-Therian, M|100\/100\n|-ability|p2a: Landorus|Intimidate|boost\n|-unboost|p1a: Weezing|atk|1\n|\n|upkeep\n|turn|3\n|\n|t:|1698120253\n|move|p2a: Landorus|Substitute|p2a: Landorus\n|-start|p2a: Landorus|Substitute\n|-damage|p2a: Landorus|76\/100\n|move|p1a: Weezing|Will-O-Wisp||[still]\n|-fail|p1a: Weezing\n|\n|-heal|p2a: Landorus|82\/100|[from] item: Leftovers\n|upkeep\n|turn|4\n|c|\u2606Dragon Master Rosa|wrong format\n|\n|t:|1698120265\n|move|p2a: Landorus|Nasty Plot|p2a: Landorus\n|-boost|p2a: Landorus|spa|2\n|move|p1a: Weezing|Strange Steam|p2a: Landorus\n|-end|p2a: Landorus|Substitute\n|\n|-heal|p2a: Landorus|88\/100|[from] item: Leftovers\n|upkeep\n|turn|5\n|\n|t:|1698120271\n|-terastallize|p1a: Weezing|Steel\n|move|p2a: Landorus|Substitute|p2a: Landorus\n|-start|p2a: Landorus|Substitute\n|-damage|p2a: Landorus|63\/100\n|move|p1a: Weezing|Haze|p1a: Weezing\n|-clearallboost\n|\n|-heal|p2a: Landorus|69\/100|[from] item: Leftovers\n|upkeep\n|turn|6\n|\n|t:|1698120278\n|switch|p2a: Clefable|Clefable, F|98\/100\n|move|p1a: Weezing|Strange Steam|p2a: Clefable\n|-damage|p2a: Clefable|79\/100\n|\n|-heal|p2a: Clefable|85\/100|[from] item: Leftovers\n|upkeep\n|turn|7\n|\n|t:|1698120284\n|move|p2a: Clefable|Encore|p1a: Weezing\n|-start|p1a: Weezing|Encore\n|move|p1a: Weezing|Strange Steam|p2a: Clefable\n|-damage|p2a: Clefable|66\/100\n|\n|-heal|p2a: Clefable|72\/100|[from] item: Leftovers\n|upkeep\n|turn|8\n|\n|t:|1698120291\n|switch|p1a: Landorus|Landorus-Therian, M|100\/100\n|-ability|p1a: Landorus|Intimidate|boost\n|-unboost|p2a: Clefable|atk|1\n|move|p2a: Clefable|Stealth Rock|p1a: Landorus\n|-sidestart|p1: godiamsosorry|move: Stealth Rock\n|\n|-heal|p2a: Clefable|78\/100|[from] item: Leftovers\n|upkeep\n|turn|9\n|\n|t:|1698120296\n|move|p1a: Landorus|Substitute|p1a: Landorus\n|-start|p1a: Landorus|Substitute\n|-damage|p1a: Landorus|76\/100\n|move|p2a: Clefable|Encore|p1a: Landorus\n|-start|p1a: Landorus|Encore\n|\n|-heal|p1a: Landorus|82\/100|[from] item: Leftovers\n|-heal|p2a: Clefable|84\/100|[from] item: Leftovers\n|upkeep\n|turn|10\n|\n|t:|1698120305\n|switch|p2a: Medicham|Medicham, M|100\/100\n|move|p1a: Landorus|Substitute|p1a: Landorus\n|-fail|p1a: Landorus|move: Substitute\n|\n|-heal|p1a: Landorus|88\/100|[from] item: Leftovers\n|upkeep\n|turn|11\n|\n|t:|1698120308\n|move|p2a: Medicham|Ice Punch|p1a: Landorus\n|-supereffective|p1a: Landorus\n|-end|p1a: Landorus|Substitute\n|move|p1a: Landorus|Substitute|p1a: Landorus\n|-start|p1a: Landorus|Substitute\n|-damage|p1a: Landorus|63\/100\n|\n|-heal|p1a: Landorus|69\/100|[from] item: Leftovers\n|upkeep\n|turn|12\n|\n|t:|1698120313\n|move|p2a: Medicham|Ice Punch|p1a: Landorus\n|-supereffective|p1a: Landorus\n|-end|p1a: Landorus|Substitute\n|move|p1a: Landorus|Substitute|p1a: Landorus\n|-start|p1a: Landorus|Substitute\n|-damage|p1a: Landorus|44\/100\n|\n|-heal|p1a: Landorus|50\/100|[from] item: Leftovers\n|-end|p1a: Landorus|Encore\n|upkeep\n|turn|13\n|\n|t:|1698120317\n|move|p2a: Medicham|Ice Punch|p1a: Landorus\n|-supereffective|p1a: Landorus\n|-end|p1a: Landorus|Substitute\n|move|p1a: Landorus|Earth Power|p2a: Medicham\n|-damage|p2a: Medicham|36\/100\n|\n|-heal|p1a: Landorus|56\/100|[from] item: Leftovers\n|upkeep\n|turn|14\n|\n|t:|1698120326\n|switch|p1a: Weezing|Weezing-Galar, F, tera:Steel|100\/100\n|-damage|p1a: Weezing|95\/100|[from] Stealth Rock\n|move|p2a: Medicham|Ice Punch|p1a: Weezing\n|-resisted|p1a: Weezing\n|-damage|p1a: Weezing|80\/100\n|\n|-heal|p1a: Weezing|86\/100|[from] item: Leftovers\n|upkeep\n|turn|15\n|\n|t:|1698120337\n|switch|p2a: Clefable|Clefable, F|84\/100\n|move|p1a: Weezing|Will-O-Wisp|p2a: Clefable\n|-status|p2a: Clefable|brn\n|\n|-heal|p2a: Clefable|90\/100 brn|[from] item: Leftovers\n|-heal|p1a: Weezing|92\/100|[from] item: Leftovers\n|upkeep\n|turn|16\n|\n|t:|1698120351\n|switch|p2a: Medicham|Medicham, M|36\/100\n|move|p1a: Weezing|Strange Steam|p2a: Medicham\n|-supereffective|p2a: Medicham\n|-crit|p2a: Medicham\n|-damage|p2a: Medicham|0 fnt\n|faint|p2a: Medicham\n|\n|-heal|p1a: Weezing|98\/100|[from] item: Leftovers\n|upkeep\n|\n|t:|1698120368\n|switch|p2a: Slowking|Slowking-Galar, F|100\/100\n|turn|17\n|\n|t:|1698120383\n|move|p1a: Weezing|Defog|p2a: Slowking\n|-unboost|p2a: Slowking|evasion|1\n|-sideend|p1: godiamsosorry|Stealth Rock|[from] move: Defog|[of] p1a: Weezing\n|move|p2a: Slowking|Toxic|p1a: Weezing\n|-immune|p1a: Weezing\n|\n|-heal|p1a: Weezing|100\/100|[from] item: Leftovers\n|upkeep\n|turn|18\n|c|\u2606Dragon Master Rosa|oh yeah\n|c|\u2606Dragon Master Rosa|gg\n|-message|Dragon Master Rosa forfeited.\n|\n|win|godiamsosorry\n","uploadtime":1698120399,"views":18,"p1id":"godiamsosorry","p2id":"dragonmasterrosa","formatid":"gen9ubers","rating":0,"private":0,"password":""}