{"id":"gen9ubers-1986560347","p1":"NWA Anemos","p2":"TurtleSix","format":"[Gen 9] Ubers","log":"|j|\u2606NWA Anemos\n|j|\u2606TurtleSix\n|t:|1699492034\n|gametype|singles\n|player|p1|NWA Anemos|waitress-gen4|\n|player|p2|TurtleSix|102|\n|teamsize|p1|6\n|teamsize|p2|6\n|gen|9\n|tier|[Gen 9] Ubers\n|rule|Sleep Clause Mod: Limit one foe put to sleep\n|rule|Species Clause: Limit one of each Pok\u00e9mon\n|rule|OHKO Clause: OHKO moves are banned\n|rule|Evasion Items Clause: Evasion items are banned\n|rule|Evasion Moves Clause: Evasion moves are banned\n|rule|Endless Battle Clause: Forcing endless battles is banned\n|rule|HP Percentage Mod: HP is shown in percentages\n|clearpoke\n|poke|p1|Greninja-*, M|\n|poke|p1|Donphan, M|\n|poke|p1|Jirachi|\n|poke|p1|Trevenant, M|\n|poke|p1|Decidueye-Hisui, M|\n|poke|p1|Chandelure, M|\n|poke|p2|Houndstone, F|\n|poke|p2|Corviknight, M|\n|poke|p2|Gastrodon, F|\n|poke|p2|Hippowdon, M|\n|poke|p2|Tyranitar, M|\n|poke|p2|Gliscor, M|\n|teampreview\n|j| ToxZac\n|\n|t:|1699492082\n|start\n|switch|p1a: Donphan|Donphan, M|100\/100\n|switch|p2a: Gliscor|Gliscor, M|100\/100\n|turn|1\n|\n|t:|1699492096\n|move|p2a: Gliscor|Toxic|p1a: Donphan\n|-status|p1a: Donphan|tox\n|move|p1a: Donphan|Stealth Rock|p2a: Gliscor\n|-sidestart|p2: TurtleSix|move: Stealth Rock\n|\n|-damage|p1a: Donphan|94\/100 tox|[from] psn\n|-status|p2a: Gliscor|tox|[from] item: Toxic Orb\n|upkeep\n|turn|2\n|\n|t:|1699492130\n|move|p2a: Gliscor|U-turn|p1a: Donphan\n|-crit|p1a: Donphan\n|-damage|p1a: Donphan|75\/100 tox\n|\n|t:|1699492146\n|switch|p2a: Gastrodon|Gastrodon, F|100\/100|[from] U-turn\n|move|p1a: Donphan|Knock Off|p2a: Gastrodon\n|-damage|p2a: Gastrodon|69\/100\n|-enditem|p2a: Gastrodon|Heavy-Duty Boots|[from] move: Knock Off|[of] p1a: Donphan\n|\n|-heal|p1a: Donphan|82\/100 tox|[from] item: Leftovers\n|-damage|p1a: Donphan|69\/100 tox|[from] psn\n|upkeep\n|turn|3\n|\n|t:|1699492163\n|move|p1a: Donphan|Earthquake|p2a: Gastrodon\n|-crit|p2a: Gastrodon\n|-damage|p2a: Gastrodon|1\/100\n|move|p2a: Gastrodon|Ice Beam|p1a: Donphan\n|-supereffective|p1a: Donphan\n|-damage|p1a: Donphan|28\/100 tox\n|\n|-heal|p1a: Donphan|34\/100 tox|[from] item: Leftovers\n|-damage|p1a: Donphan|16\/100 tox|[from] psn\n|upkeep\n|turn|4\n|\n|t:|1699492178\n|switch|p2a: Corviknight|Corviknight, M|100\/100\n|-ability|p2a: Corviknight|Pressure\n|move|p1a: Donphan|Knock Off|p2a: Corviknight\n|-damage|p2a: Corviknight|83\/100\n|-enditem|p2a: Corviknight|Heavy-Duty Boots|[from] move: Knock Off|[of] p1a: Donphan\n|\n|-heal|p1a: Donphan|22\/100 tox|[from] item: Leftovers\n|-damage|p1a: Donphan|0 fnt|[from] psn\n|faint|p1a: Donphan\n|upkeep\n|\n|t:|1699492211\n|switch|p1a: Chandelure|Chandelure, M|100\/100\n|turn|5\n|\n|t:|1699492232\n|switch|p2a: Gastrodon|Gastrodon, F|1\/100\n|-damage|p2a: Gastrodon|0 fnt|[from] Stealth Rock\n|faint|p2a: Gastrodon\n|move|p1a: Chandelure|Substitute|p1a: Chandelure\n|-start|p1a: Chandelure|Substitute\n|-damage|p1a: Chandelure|76\/100\n|\n|upkeep\n|\n|t:|1699492239\n|switch|p2a: Tyranitar|Tyranitar, M|100\/100\n|-damage|p2a: Tyranitar|88\/100|[from] Stealth Rock\n|-weather|Sandstorm|[from] ability: Sand Stream|[of] p2a: Tyranitar\n|turn|6\n|\n|t:|1699492245\n|move|p1a: Chandelure|Calm Mind|p1a: Chandelure\n|-boost|p1a: Chandelure|spa|1\n|-boost|p1a: Chandelure|spd|1\n|move|p2a: Tyranitar|Knock Off|p1a: Chandelure\n|-supereffective|p1a: Chandelure\n|-end|p1a: Chandelure|Substitute\n|\n|-weather|Sandstorm|[upkeep]\n|-damage|p1a: Chandelure|69\/100|[from] Sandstorm\n|upkeep\n|turn|7\n|\n|t:|1699492314\n|switch|p1a: Decidueye|Decidueye-Hisui, M|100\/100\n|move|p2a: Tyranitar|Knock Off|p1a: Decidueye\n|-resisted|p1a: Decidueye\n|-damage|p1a: Decidueye|64\/100\n|-enditem|p1a: Decidueye|Heavy-Duty Boots|[from] move: Knock Off|[of] p2a: Tyranitar\n|\n|-weather|Sandstorm|[upkeep]\n|-damage|p1a: Decidueye|58\/100|[from] Sandstorm\n|upkeep\n|turn|8\n|\n|t:|1699492353\n|switch|p2a: Houndstone|Houndstone, F|100\/100\n|-damage|p2a: Houndstone|88\/100|[from] Stealth Rock\n|move|p1a: Decidueye|Knock Off|p2a: Houndstone\n|-supereffective|p2a: Houndstone\n|-damage|p2a: Houndstone|33\/100\n|-enditem|p2a: Houndstone|Life Orb|[from] move: Knock Off|[of] p1a: Decidueye\n|\n|-weather|Sandstorm|[upkeep]\n|-damage|p1a: Decidueye|52\/100|[from] Sandstorm\n|upkeep\n|turn|9\n|\n|t:|1699492413\n|move|p2a: Houndstone|Ice Fang|p1a: Decidueye\n|-supereffective|p1a: Decidueye\n|-damage|p1a: Decidueye|15\/100\n|move|p1a: Decidueye|Knock Off|p2a: Houndstone\n|-supereffective|p2a: Houndstone\n|-damage|p2a: Houndstone|0 fnt\n|faint|p2a: Houndstone\n|\n|-weather|Sandstorm|[upkeep]\n|-damage|p1a: Decidueye|9\/100|[from] Sandstorm\n|upkeep\n|j| UnstableWeirdness\n|\n|t:|1699492434\n|switch|p2a: Corviknight|Corviknight, M|83\/100\n|-damage|p2a: Corviknight|70\/100|[from] Stealth Rock\n|-ability|p2a: Corviknight|Pressure\n|turn|10\n|\n|t:|1699492461\n|move|p1a: Decidueye|Triple Arrows|p2a: Corviknight\n|-crit|p2a: Corviknight\n|-damage|p2a: Corviknight|38\/100\n|cant|p2a: Corviknight|flinch\n|\n|-weather|none\n|upkeep\n|turn|11\n|\n|t:|1699492473\n|move|p1a: Decidueye|Triple Arrows|p2a: Corviknight\n|-damage|p2a: Corviknight|16\/100\n|move|p2a: Corviknight|Roost|p2a: Corviknight\n|-heal|p2a: Corviknight|66\/100\n|-singleturn|p2a: Corviknight|move: Roost\n|\n|upkeep\n|turn|12\n|\n|t:|1699492490\n|switch|p2a: Gliscor|Gliscor, M|100\/100 tox\n|-damage|p2a: Gliscor|88\/100 tox|[from] Stealth Rock\n|move|p1a: Decidueye|Triple Arrows|p2a: Gliscor\n|-resisted|p2a: Gliscor\n|-damage|p2a: Gliscor|77\/100 tox\n|-unboost|p2a: Gliscor|def|1\n|\n|-heal|p2a: Gliscor|90\/100 tox|[from] ability: Poison Heal\n|upkeep\n|turn|13\n|\n|t:|1699492566\n|switch|p1a: Trevenant|Trevenant, M|100\/100\n|move|p2a: Gliscor|Earthquake|p1a: Trevenant\n|-resisted|p1a: Trevenant\n|-damage|p1a: Trevenant|82\/100\n|\n|-heal|p2a: Gliscor|100\/100 tox|[from] ability: Poison Heal\n|upkeep\n|turn|14\n|\n|t:|1699492579\n|move|p2a: Gliscor|Toxic|p1a: Trevenant\n|-status|p1a: Trevenant|tox\n|move|p1a: Trevenant|Leech Seed|p2a: Gliscor\n|-start|p2a: Gliscor|move: Leech Seed\n|\n|-damage|p2a: Gliscor|88\/100 tox|[from] Leech Seed|[of] p1a: Trevenant\n|-heal|p1a: Trevenant|94\/100 tox|[silent]\n|-heal|p2a: Gliscor|100\/100 tox|[from] ability: Poison Heal\n|-damage|p1a: Trevenant|88\/100 tox|[from] psn\n|upkeep\n|turn|15\n|\n|t:|1699492601\n|move|p1a: Trevenant|Protect|p1a: Trevenant\n|-singleturn|p1a: Trevenant|Protect\n|move|p2a: Gliscor|U-turn|p1a: Trevenant\n|-activate|p1a: Trevenant|move: Protect\n|\n|-damage|p2a: Gliscor|88\/100 tox|[from] Leech Seed|[of] p1a: Trevenant\n|-heal|p1a: Trevenant|99\/100 tox|[silent]\n|-heal|p2a: Gliscor|100\/100 tox|[from] ability: Poison Heal\n|-damage|p1a: Trevenant|87\/100 tox|[from] psn\n|upkeep\n|turn|16\n|\n|t:|1699492633\n|switch|p1a: Jirachi|Jirachi|100\/100\n|move|p2a: Gliscor|U-turn|p1a: Jirachi\n|-damage|p1a: Jirachi|84\/100\n|\n|t:|1699492651\n|switch|p2a: Corviknight|Corviknight, M|66\/100|[from] U-turn\n|-damage|p2a: Corviknight|53\/100|[from] Stealth Rock\n|-ability|p2a: Corviknight|Pressure\n|\n|upkeep\n|turn|17\n|\n|t:|1699492667\n|move|p1a: Jirachi|Iron Head|p2a: Corviknight\n|-resisted|p2a: Corviknight\n|-damage|p2a: Corviknight|43\/100\n|cant|p2a: Corviknight|flinch\n|\n|upkeep\n|turn|18\n|\n|t:|1699492674\n|move|p1a: Jirachi|Iron Head|p2a: Corviknight\n|-resisted|p2a: Corviknight\n|-damage|p2a: Corviknight|31\/100\n|move|p2a: Corviknight|Defog|p1a: Jirachi\n|-unboost|p1a: Jirachi|evasion|1\n|-sideend|p2: TurtleSix|Stealth Rock|[from] move: Defog|[of] p2a: Corviknight\n|\n|upkeep\n|turn|19\n|\n|t:|1699492681\n|move|p1a: Jirachi|Iron Head|p2a: Corviknight\n|-resisted|p2a: Corviknight\n|-damage|p2a: Corviknight|20\/100\n|cant|p2a: Corviknight|flinch\n|\n|upkeep\n|turn|20\n|\n|t:|1699492687\n|move|p1a: Jirachi|Iron Head|p2a: Corviknight\n|-resisted|p2a: Corviknight\n|-damage|p2a: Corviknight|9\/100\n|cant|p2a: Corviknight|flinch\n|\n|upkeep\n|turn|21\n|\n|t:|1699492696\n|move|p1a: Jirachi|Iron Head|p2a: Corviknight\n|-resisted|p2a: Corviknight\n|-damage|p2a: Corviknight|0 fnt\n|faint|p2a: Corviknight\n|\n|upkeep\n|\n|t:|1699492707\n|switch|p2a: Gliscor|Gliscor, M|100\/100 tox\n|turn|22\n|\n|t:|1699492716\n|move|p1a: Jirachi|Iron Head|p2a: Gliscor\n|-damage|p2a: Gliscor|79\/100 tox\n|cant|p2a: Gliscor|flinch\n|\n|-heal|p2a: Gliscor|91\/100 tox|[from] ability: Poison Heal\n|upkeep\n|turn|23\n|\n|t:|1699492723\n|move|p1a: Jirachi|Iron Head|p2a: Gliscor\n|-damage|p2a: Gliscor|71\/100 tox\n|move|p2a: Gliscor|Earthquake|p1a: Jirachi\n|-supereffective|p1a: Jirachi\n|-damage|p1a: Jirachi|20\/100\n|\n|-heal|p2a: Gliscor|83\/100 tox|[from] ability: Poison Heal\n|upkeep\n|turn|24\n|\n|t:|1699492740\n|move|p1a: Jirachi|Iron Head|p2a: Gliscor\n|-damage|p2a: Gliscor|59\/100 tox\n|move|p2a: Gliscor|Earthquake|p1a: Jirachi\n|-supereffective|p1a: Jirachi\n|-damage|p1a: Jirachi|0 fnt\n|faint|p1a: Jirachi\n|\n|-heal|p2a: Gliscor|72\/100 tox|[from] ability: Poison Heal\n|upkeep\n|\n|t:|1699492755\n|switch|p1a: Greninja|Greninja, M|100\/100\n|turn|25\n|\n|t:|1699492774\n|move|p2a: Gliscor|Protect|p2a: Gliscor\n|-singleturn|p2a: Gliscor|Protect\n|move|p1a: Greninja|Ice Beam|p2a: Gliscor\n|-activate|p2a: Gliscor|move: Protect\n|\n|-heal|p2a: Gliscor|84\/100 tox|[from] ability: Poison Heal\n|upkeep\n|turn|26\n|\n|t:|1699492796\n|switch|p2a: Hippowdon|Hippowdon, M|100\/100\n|-weather|Sandstorm|[from] ability: Sand Stream|[of] p2a: Hippowdon\n|move|p1a: Greninja|Ice Beam|p2a: Hippowdon\n|-supereffective|p2a: Hippowdon\n|-damage|p2a: Hippowdon|39\/100\n|-damage|p1a: Greninja|91\/100|[from] item: Life Orb\n|\n|-weather|Sandstorm|[upkeep]\n|-damage|p1a: Greninja|85\/100|[from] Sandstorm\n|upkeep\n|turn|27\n|\n|t:|1699492814\n|move|p1a: Greninja|Ice Beam|p2a: Hippowdon\n|-supereffective|p2a: Hippowdon\n|-damage|p2a: Hippowdon|0 fnt\n|faint|p2a: Hippowdon\n|-ability|p1a: Greninja|Battle Bond|boost\n|-boost|p1a: Greninja|atk|1\n|-boost|p1a: Greninja|spa|1\n|-boost|p1a: Greninja|spe|1\n|-activate|p1a: Greninja|ability: Battle Bond\n|-damage|p1a: Greninja|75\/100|[from] item: Life Orb\n|\n|-weather|Sandstorm|[upkeep]\n|-damage|p1a: Greninja|69\/100|[from] Sandstorm\n|upkeep\n|\n|t:|1699492832\n|switch|p2a: Tyranitar|Tyranitar, M|88\/100\n|turn|28\n|\n|t:|1699492866\n|move|p1a: Greninja|Hydro Pump|p2a: Tyranitar\n|-supereffective|p2a: Tyranitar\n|-damage|p2a: Tyranitar|0 fnt\n|faint|p2a: Tyranitar\n|-damage|p1a: Greninja|59\/100|[from] item: Life Orb\n|\n|-weather|Sandstorm|[upkeep]\n|-damage|p1a: Greninja|53\/100|[from] Sandstorm\n|upkeep\n|\n|t:|1699492872\n|switch|p2a: Gliscor|Gliscor, M|84\/100 tox\n|turn|29\n|\n|t:|1699492876\n|move|p1a: Greninja|Ice Beam|p2a: Gliscor\n|-supereffective|p2a: Gliscor\n|-damage|p2a: Gliscor|0 fnt\n|faint|p2a: Gliscor\n|-damage|p1a: Greninja|43\/100|[from] item: Life Orb\n|\n|win|NWA Anemos\n|c|\u2606TurtleSix|gg\n|c|\u2606NWA Anemos|gg\n","uploadtime":1699492884,"views":20,"p1id":"nwaanemos","p2id":"turtlesix","formatid":"gen9ubers","rating":0,"private":0,"password":""}