{"id":"gen9ubers-1977832699","p1":"ItsmeBlankKnight","p2":"AlicieLizzie","format":"[Gen 9] Ubers","log":"|j|\u2606ItsmeBlankKnight\n|j|\u2606AlicieLizzie\n|t:|1698455145\n|gametype|singles\n|player|p1|ItsmeBlankKnight|larry|\n|player|p2|AlicieLizzie|pokemonbreederf|\n|teamsize|p1|6\n|teamsize|p2|6\n|gen|9\n|tier|[Gen 9] Ubers\n|rule|Sleep Clause Mod: Limit one foe put to sleep\n|rule|Species Clause: Limit one of each Pok\u00e9mon\n|rule|OHKO Clause: OHKO moves are banned\n|rule|Evasion Items Clause: Evasion items are banned\n|rule|Evasion Moves Clause: Evasion moves are banned\n|rule|Endless Battle Clause: Forcing endless battles is banned\n|rule|HP Percentage Mod: HP is shown in percentages\n|clearpoke\n|poke|p1|Chi-Yu|\n|poke|p1|Palafin, F|\n|poke|p1|Spectrier|\n|poke|p1|Zacian-*|\n|poke|p1|Arceus-Poison|\n|poke|p1|Masquerain, M|\n|poke|p2|Cyclizar, F|\n|poke|p2|Kommo-o, M|\n|poke|p2|Dondozo, M|\n|poke|p2|Shaymin-Sky|\n|poke|p2|Gholdengo|\n|poke|p2|Zacian-*|\n|teampreview\n|inactive|Battle timer is ON: inactive players will automatically lose when time's up. (requested by ItsmeBlankKnight)\n|inactive|AlicieLizzie also wants the timer to be on.\n|\n|t:|1698455155\n|start\n|switch|p1a: Spectrier|Spectrier|100\/100\n|switch|p2a: Cycle Dryer|Cyclizar, F|100\/100\n|turn|1\n|\n|t:|1698455161\n|-terastallize|p1a: Spectrier|Fighting\n|move|p1a: Spectrier|Tera Blast|p2a: Cycle Dryer|[anim] Tera Blast Fighting\n|-supereffective|p2a: Cycle Dryer\n|-damage|p2a: Cycle Dryer|0 fnt\n|faint|p2a: Cycle Dryer\n|-ability|p1a: Spectrier|Grim Neigh|boost\n|-boost|p1a: Spectrier|spa|1\n|\n|upkeep\n|\n|t:|1698455172\n|switch|p2a: Spiffy as Silver|Gholdengo|100\/100\n|turn|2\n|\n|t:|1698455180\n|switch|p1a: Chi-Yu|Chi-Yu|100\/100\n|-ability|p1a: Chi-Yu|Beads of Ruin\n|move|p2a: Spiffy as Silver|Shadow Ball|p1a: Chi-Yu\n|-resisted|p1a: Chi-Yu\n|-damage|p1a: Chi-Yu|75\/100\n|\n|upkeep\n|turn|3\n|\n|t:|1698455192\n|switch|p2a: Marlon Brandozo|Dondozo, M|100\/100\n|move|p1a: Chi-Yu|Dark Pulse|p2a: Marlon Brandozo\n|-damage|p2a: Marlon Brandozo|9\/100\n|\n|-heal|p2a: Marlon Brandozo|16\/100|[from] item: Leftovers\n|upkeep\n|turn|4\n|\n|t:|1698455204\n|move|p1a: Chi-Yu|Dark Pulse|p2a: Marlon Brandozo\n|-damage|p2a: Marlon Brandozo|0 fnt\n|faint|p2a: Marlon Brandozo\n|\n|upkeep\n|\n|t:|1698455219\n|switch|p2a: Kommo-OH NO|Kommo-o, M|100\/100\n|turn|5\n|\n|t:|1698455239\n|switch|p1a: Masquerain|Masquerain, M|100\/100\n|-ability|p1a: Masquerain|Intimidate|boost\n|-unboost|p2a: Kommo-OH NO|atk|1\n|move|p2a: Kommo-OH NO|Clangorous Soul|p2a: Kommo-OH NO\n|-boost|p2a: Kommo-OH NO|atk|1\n|-boost|p2a: Kommo-OH NO|def|1\n|-boost|p2a: Kommo-OH NO|spa|1\n|-boost|p2a: Kommo-OH NO|spd|1\n|-boost|p2a: Kommo-OH NO|spe|1\n|-damage|p2a: Kommo-OH NO|68\/100\n|-enditem|p2a: Kommo-OH NO|Throat Spray\n|-boost|p2a: Kommo-OH NO|spa|1|[from] item: Throat Spray\n|\n|upkeep\n|turn|6\n|\n|t:|1698455245\n|move|p2a: Kommo-OH NO|Boomburst|p1a: Masquerain\n|-damage|p1a: Masquerain|10\/100\n|move|p1a: Masquerain|Sticky Web|p2a: Kommo-OH NO\n|-sidestart|p2: AlicieLizzie|move: Sticky Web\n|\n|upkeep\n|turn|7\n|\n|t:|1698455267\n|move|p2a: Kommo-OH NO|Boomburst|p1a: Masquerain\n|-damage|p1a: Masquerain|0 fnt\n|faint|p1a: Masquerain\n|\n|upkeep\n|\n|t:|1698455269\n|switch|p1a: Zacian|Zacian|100\/100\n|-ability|p1a: Zacian|Intrepid Sword|boost\n|-boost|p1a: Zacian|atk|1\n|turn|8\n|\n|t:|1698455294\n|-terastallize|p2a: Kommo-OH NO|Normal\n|move|p2a: Kommo-OH NO|Boomburst|p1a: Zacian\n|-damage|p1a: Zacian|0 fnt\n|faint|p1a: Zacian\n|\n|upkeep\n|\n|t:|1698455299\n|switch|p1a: Spectrier|Spectrier, tera:Fighting|100\/100\n|turn|9\n|\n|t:|1698455303\n|move|p2a: Kommo-OH NO|Boomburst|p1a: Spectrier\n|-damage|p1a: Spectrier|0 fnt\n|faint|p1a: Spectrier\n|\n|upkeep\n|\n|t:|1698455307\n|switch|p1a: Arceus|Arceus-Poison|100\/100\n|turn|10\n|\n|t:|1698455309\n|move|p2a: Kommo-OH NO|Boomburst|p1a: Arceus\n|-damage|p1a: Arceus|26\/100\n|move|p1a: Arceus|Swords Dance|p1a: Arceus\n|-boost|p1a: Arceus|atk|2\n|\n|upkeep\n|turn|11\n|\n|t:|1698455313\n|move|p1a: Arceus|Extreme Speed|p2a: Kommo-OH NO\n|-damage|p2a: Kommo-OH NO|31\/100\n|move|p2a: Kommo-OH NO|Boomburst|p1a: Arceus\n|-damage|p1a: Arceus|0 fnt\n|faint|p1a: Arceus\n|\n|upkeep\n|\n|t:|1698455316\n|switch|p1a: Palafin|Palafin, F|100\/100\n|turn|12\n|\n|t:|1698455318\n|detailschange|p1a: Palafin|Palafin-Hero, F\n|switch|p1a: Chi-Yu|Chi-Yu|75\/100\n|-ability|p1a: Chi-Yu|Beads of Ruin\n|move|p2a: Kommo-OH NO|Boomburst|p1a: Chi-Yu\n|-damage|p1a: Chi-Yu|0 fnt\n|faint|p1a: Chi-Yu\n|\n|upkeep\n|\n|t:|1698455325\n|switch|p1a: Palafin|Palafin-Hero, F|100\/100\n|-activate|p1a: Palafin|ability: Zero to Hero\n|turn|13\n|\n|t:|1698455327\n|move|p1a: Palafin|Jet Punch|p2a: Kommo-OH NO\n|-damage|p2a: Kommo-OH NO|0 fnt\n|faint|p2a: Kommo-OH NO\n|-damage|p1a: Palafin|91\/100|[from] item: Life Orb\n|\n|upkeep\n|\n|t:|1698455329\n|switch|p2a: It's a Shayme|Shaymin-Sky|100\/100\n|turn|14\n|\n|t:|1698455333\n|move|p2a: It's a Shayme|Seed Flare|p1a: Palafin|[miss]\n|-miss|p2a: It's a Shayme|p1a: Palafin\n|move|p1a: Palafin|Ice Punch|p2a: It's a Shayme\n|-supereffective|p2a: It's a Shayme\n|-damage|p2a: It's a Shayme|0 fnt\n|faint|p2a: It's a Shayme\n|-damage|p1a: Palafin|81\/100|[from] item: Life Orb\n|\n|upkeep\n|\n|t:|1698455336\n|switch|p2a: Spiffy as Silver|Gholdengo|100\/100\n|-activate|p2a: Spiffy as Silver|move: Sticky Web\n|-unboost|p2a: Spiffy as Silver|spe|1\n|turn|15\n|c|\u2606ItsmeBlankKnight|yo\n|\n|t:|1698455339\n|move|p1a: Palafin|Wave Crash|p2a: Spiffy as Silver\n|-crit|p2a: Spiffy as Silver\n|-damage|p2a: Spiffy as Silver|0 fnt\n|faint|p2a: Spiffy as Silver\n|-damage|p1a: Palafin|50\/100|[from] Recoil\n|-damage|p1a: Palafin|40\/100|[from] item: Life Orb\n|\n|upkeep\n|\n|t:|1698455341\n|switch|p2a: Zac King|Zacian|100\/100\n|-activate|p2a: Zac King|move: Sticky Web\n|-unboost|p2a: Zac King|spe|1\n|-ability|p2a: Zac King|Intrepid Sword|boost\n|-boost|p2a: Zac King|atk|1\n|turn|16\n|\n|t:|1698455343\n|move|p1a: Palafin|Wave Crash|p2a: Zac King\n|-damage|p2a: Zac King|0 fnt\n|faint|p2a: Zac King\n|-damage|p1a: Palafin|9\/100|[from] Recoil\n|-damage|p1a: Palafin|0 fnt|[from] item: Life Orb\n|faint|p1a: Palafin\n|\n|win|ItsmeBlankKnight\n|c|\u2606AlicieLizzie|gah damn\n","uploadtime":1698455356,"views":13,"p1id":"itsmeblankknight","p2id":"alicielizzie","formatid":"gen9ubers","rating":0,"private":0,"password":""}