{"id":"gen9ubers-1970435049","p1":"IspamObjection","p2":"DumbassGaming","format":"[Gen 9] Ubers","log":"|j|\u2606IspamObjection\n|j|\u2606DumbassGaming\n|t:|1697638764\n|gametype|singles\n|player|p1|IspamObjection|lance-gen2|\n|player|p2|DumbassGaming|clown|\n|teamsize|p1|6\n|teamsize|p2|6\n|gen|9\n|tier|[Gen 9] Ubers\n|rule|Sleep Clause Mod: Limit one foe put to sleep\n|rule|Species Clause: Limit one of each Pok\u00e9mon\n|rule|OHKO Clause: OHKO moves are banned\n|rule|Evasion Items Clause: Evasion items are banned\n|rule|Evasion Moves Clause: Evasion moves are banned\n|rule|Endless Battle Clause: Forcing endless battles is banned\n|rule|HP Percentage Mod: HP is shown in percentages\n|clearpoke\n|poke|p1|Masquerain, M|\n|poke|p1|Urshifu-*, F|\n|poke|p1|Gholdengo|\n|poke|p1|Zacian-*|\n|poke|p1|Dialga|\n|poke|p1|Shaymin-Sky|\n|poke|p2|Zacian-*|\n|poke|p2|Ursaluna-Bloodmoon, M|\n|poke|p2|Arceus-Fighting|\n|poke|p2|Ceruledge, M|\n|poke|p2|Giratina|\n|poke|p2|Palkia-Origin|\n|teampreview\n|inactive|Battle timer is ON: inactive players will automatically lose when time's up. (requested by DumbassGaming)\n|c|\u2606DumbassGaming|glhf\n|\n|t:|1697638780\n|start\n|switch|p1a: Masquerain|Masquerain, M|100\/100\n|switch|p2a: Ceruledge|Ceruledge, M|100\/100\n|-ability|p1a: Masquerain|Intimidate|boost\n|-unboost|p2a: Ceruledge|atk|1\n|turn|1\n|\n|t:|1697638790\n|move|p2a: Ceruledge|Bitter Blade|p1a: Masquerain\n|-supereffective|p1a: Masquerain\n|-enditem|p1a: Masquerain|Focus Sash\n|-damage|p1a: Masquerain|1\/100\n|move|p1a: Masquerain|Sticky Web|p2a: Ceruledge\n|-sidestart|p2: DumbassGaming|move: Sticky Web\n|\n|upkeep\n|turn|2\n|\n|t:|1697638805\n|move|p2a: Ceruledge|Bitter Blade|p1a: Masquerain\n|-supereffective|p1a: Masquerain\n|-damage|p1a: Masquerain|0 fnt\n|faint|p1a: Masquerain\n|\n|upkeep\n|\n|t:|1697638817\n|switch|p1a: Urshifu|Urshifu, F|100\/100\n|turn|3\n|\n|t:|1697638834\n|move|p2a: Ceruledge|Bitter Blade|p1a: Urshifu\n|-damage|p1a: Urshifu|71\/100\n|move|p1a: Urshifu|Wicked Blow|p2a: Ceruledge\n|-supereffective|p2a: Ceruledge\n|-crit|p2a: Ceruledge\n|-damage|p2a: Ceruledge|0 fnt\n|faint|p2a: Ceruledge\n|\n|upkeep\n|inactive|DumbassGaming has 270 seconds left.\n|\n|t:|1697638875\n|switch|p2a: Palkia|Palkia-Origin|100\/100\n|-activate|p2a: Palkia|move: Sticky Web\n|-unboost|p2a: Palkia|spe|1\n|-ability|p2a: Palkia|Pressure\n|turn|4\n|\n|t:|1697638893\n|move|p1a: Urshifu|Wicked Blow|p2a: Palkia\n|-crit|p2a: Palkia\n|-damage|p2a: Palkia|3\/100\n|move|p2a: Palkia|Hydro Pump|p1a: Urshifu|[miss]\n|-miss|p2a: Palkia|p1a: Urshifu\n|\n|upkeep\n|turn|5\n|\n|t:|1697638900\n|move|p1a: Urshifu|Wicked Blow|p2a: Palkia\n|-crit|p2a: Palkia\n|-damage|p2a: Palkia|0 fnt\n|faint|p2a: Palkia\n|\n|upkeep\n|\n|t:|1697638904\n|switch|p2a: Arceus|Arceus-Fighting|100\/100\n|-activate|p2a: Arceus|move: Sticky Web\n|-unboost|p2a: Arceus|spe|1\n|turn|6\n|\n|t:|1697638908\n|switch|p1a: Gholdengo|Gholdengo|100\/100\n|move|p2a: Arceus|Judgment|p1a: Gholdengo\n|-immune|p1a: Gholdengo\n|\n|upkeep\n|turn|7\n|inactive|IspamObjection has 270 seconds left.\n|\n|t:|1697638951\n|move|p2a: Arceus|Shadow Ball|p1a: Gholdengo\n|-supereffective|p1a: Gholdengo\n|-damage|p1a: Gholdengo|53\/100\n|-unboost|p1a: Gholdengo|spd|1\n|move|p1a: Gholdengo|Nasty Plot|p1a: Gholdengo\n|-boost|p1a: Gholdengo|spa|2\n|\n|-heal|p1a: Gholdengo|59\/100|[from] item: Leftovers\n|upkeep\n|turn|8\n|\n|t:|1697638968\n|move|p2a: Arceus|Shadow Ball|p1a: Gholdengo\n|-supereffective|p1a: Gholdengo\n|-damage|p1a: Gholdengo|0 fnt\n|faint|p1a: Gholdengo\n|\n|upkeep\n|\n|t:|1697638973\n|switch|p1a: Dialga|Dialga|100\/100\n|-ability|p1a: Dialga|Pressure\n|turn|9\n|\n|t:|1697638981\n|-terastallize|p1a: Dialga|Fairy\n|move|p2a: Arceus|Judgment|p1a: Dialga\n|-resisted|p1a: Dialga\n|-damage|p1a: Dialga|75\/100\n|move|p1a: Dialga|Thunder Wave|p2a: Arceus\n|-status|p2a: Arceus|par\n|\n|-heal|p1a: Dialga|81\/100|[from] item: Leftovers\n|upkeep\n|turn|10\n|\n|t:|1697638987\n|move|p1a: Dialga|Stealth Rock|p2a: Arceus\n|-sidestart|p2: DumbassGaming|move: Stealth Rock\n|move|p2a: Arceus|Recover||[still]\n|-fail|p2a: Arceus|heal\n|\n|-heal|p1a: Dialga|88\/100|[from] item: Leftovers\n|upkeep\n|turn|11\n|\n|t:|1697638991\n|move|p2a: Arceus|Calm Mind|p2a: Arceus\n|-boost|p2a: Arceus|spa|1\n|-boost|p2a: Arceus|spd|1\n|move|p1a: Dialga|Roar|p2a: Arceus\n|drag|p2a: Giratina|Giratina|100\/100\n|-ability|p2a: Giratina|Pressure\n|\n|-heal|p1a: Dialga|94\/100|[from] item: Leftovers\n|upkeep\n|turn|12\n|\n|t:|1697639006\n|move|p1a: Dialga|Thunder Wave|p2a: Giratina\n|-status|p2a: Giratina|par\n|cant|p2a: Giratina|par\n|\n|-heal|p1a: Dialga|99\/100|[from] item: Leftovers\n|upkeep\n|turn|13\n|\n|t:|1697639010\n|move|p2a: Giratina|Defog|p1a: Dialga\n|-unboost|p1a: Dialga|evasion|1\n|-sideend|p2: DumbassGaming|Stealth Rock|[from] move: Defog|[of] p2a: Giratina\n|-sideend|p2: DumbassGaming|Sticky Web|[from] move: Defog|[of] p2a: Giratina\n|move|p1a: Dialga|Roar|p2a: Giratina\n|drag|p2a: Ursaluna|Ursaluna-Bloodmoon, M|100\/100\n|\n|-heal|p1a: Dialga|100\/100|[from] item: Leftovers\n|upkeep\n|turn|14\n|\n|t:|1697639028\n|move|p2a: Ursaluna|Blood Moon|p1a: Dialga\n|-damage|p1a: Dialga|25\/100\n|move|p1a: Dialga|Roar|p2a: Ursaluna\n|drag|p2a: Zacian|Zacian|100\/100\n|-ability|p2a: Zacian|Intrepid Sword|boost\n|-boost|p2a: Zacian|atk|1\n|\n|-heal|p1a: Dialga|31\/100|[from] item: Leftovers\n|upkeep\n|turn|15\n|\n|t:|1697639035\n|move|p2a: Zacian|Play Rough|p1a: Dialga\n|-damage|p1a: Dialga|0 fnt\n|faint|p1a: Dialga\n|\n|upkeep\n|\n|t:|1697639058\n|switch|p1a: Zacian|Zacian|100\/100\n|-ability|p1a: Zacian|Intrepid Sword|boost\n|-boost|p1a: Zacian|atk|1\n|turn|16\n|\n|t:|1697639067\n|move|p2a: Zacian|Play Rough|p1a: Zacian\n|-damage|p1a: Zacian|42\/100\n|move|p1a: Zacian|Play Rough|p2a: Zacian\n|-damage|p2a: Zacian|0 fnt\n|faint|p2a: Zacian\n|\n|upkeep\n|\n|t:|1697639070\n|switch|p2a: Ursaluna|Ursaluna-Bloodmoon, M|100\/100\n|turn|17\n|\n|t:|1697639075\n|-terastallize|p2a: Ursaluna|Water\n|move|p1a: Zacian|Play Rough|p2a: Ursaluna\n|-damage|p2a: Ursaluna|28\/100\n|-unboost|p2a: Ursaluna|atk|1\n|move|p2a: Ursaluna|Blood Moon|p1a: Zacian\n|-damage|p1a: Zacian|0 fnt\n|faint|p1a: Zacian\n|\n|-heal|p2a: Ursaluna|34\/100|[from] item: Leftovers\n|upkeep\n|\n|t:|1697639087\n|switch|p1a: Shaymin|Shaymin-Sky|100\/100\n|turn|18\n|\n|t:|1697639094\n|move|p1a: Shaymin|Air Slash|p2a: Ursaluna|[miss]\n|-miss|p1a: Shaymin|p2a: Ursaluna\n|move|p2a: Ursaluna|Moonlight|p2a: Ursaluna\n|-heal|p2a: Ursaluna|84\/100\n|\n|-heal|p2a: Ursaluna|90\/100|[from] item: Leftovers\n|upkeep\n|turn|19\n|\n|t:|1697639105\n|move|p1a: Shaymin|Seed Flare|p2a: Ursaluna\n|-supereffective|p2a: Ursaluna\n|-damage|p2a: Ursaluna|0 fnt\n|faint|p2a: Ursaluna\n|\n|upkeep\n|\n|t:|1697639110\n|switch|p2a: Giratina|Giratina|100\/100 par\n|-ability|p2a: Giratina|Pressure\n|turn|20\n|\n|t:|1697639116\n|move|p1a: Shaymin|Leech Seed|p2a: Giratina\n|-start|p2a: Giratina|move: Leech Seed\n|move|p2a: Giratina|Shadow Ball|p1a: Shaymin\n|-damage|p1a: Shaymin|52\/100\n|\n|-damage|p2a: Giratina|88\/100 par|[from] Leech Seed|[of] p1a: Shaymin\n|-heal|p1a: Shaymin|70\/100|[silent]\n|upkeep\n|turn|21\n|\n|t:|1697639122\n|move|p1a: Shaymin|Air Slash|p2a: Giratina\n|-damage|p2a: Giratina|67\/100 par\n|cant|p2a: Giratina|flinch\n|\n|-damage|p2a: Giratina|55\/100 par|[from] Leech Seed|[of] p1a: Shaymin\n|-heal|p1a: Shaymin|89\/100|[silent]\n|upkeep\n|turn|22\n|\n|t:|1697639131\n|move|p1a: Shaymin|Air Slash|p2a: Giratina\n|-crit|p2a: Giratina\n|-damage|p2a: Giratina|21\/100 par\n|cant|p2a: Giratina|flinch\n|\n|-damage|p2a: Giratina|9\/100 par|[from] Leech Seed|[of] p1a: Shaymin\n|-heal|p1a: Shaymin|100\/100|[silent]\n|upkeep\n|turn|23\n|\n|t:|1697639135\n|move|p1a: Shaymin|Air Slash|p2a: Giratina\n|-damage|p2a: Giratina|0 fnt\n|faint|p2a: Giratina\n|\n|upkeep\n|\n|t:|1697639137\n|switch|p2a: Arceus|Arceus-Fighting|100\/100 par\n|turn|24\n|\n|t:|1697639152\n|move|p1a: Shaymin|Air Slash|p2a: Arceus\n|-supereffective|p2a: Arceus\n|-damage|p2a: Arceus|42\/100 par\n|cant|p2a: Arceus|flinch\n|\n|upkeep\n|turn|25\n|\n|t:|1697639155\n|move|p1a: Shaymin|Air Slash|p2a: Arceus\n|-supereffective|p2a: Arceus\n|-damage|p2a: Arceus|0 fnt\n|faint|p2a: Arceus\n|\n|win|IspamObjection\n|l|\u2606DumbassGaming\n","uploadtime":1697639159,"views":30,"p1id":"ispamobjection","p2id":"dumbassgaming","formatid":"gen9ubers","rating":0,"private":0,"password":""}