{"id":"gen9ubers-1982154158","p1":"wamkou","p2":"ackillin","format":"[Gen 9] Ubers","log":"|j|\u2606wamkou\n|j|\u2606ackillin\n|t:|1698973445\n|gametype|singles\n|player|p1|wamkou|elesa-masters2|\n|player|p2|ackillin|aromalady|\n|teamsize|p1|6\n|teamsize|p2|6\n|gen|9\n|tier|[Gen 9] Ubers\n|rule|Sleep Clause Mod: Limit one foe put to sleep\n|rule|Species Clause: Limit one of each Pok\u00e9mon\n|rule|OHKO Clause: OHKO moves are banned\n|rule|Evasion Items Clause: Evasion items are banned\n|rule|Evasion Moves Clause: Evasion moves are banned\n|rule|Endless Battle Clause: Forcing endless battles is banned\n|rule|HP Percentage Mod: HP is shown in percentages\n|clearpoke\n|poke|p1|Scizor, M|\n|poke|p1|Heatran, M|\n|poke|p1|Palkia-Origin|\n|poke|p1|Palafin, F|\n|poke|p1|Magearna|\n|poke|p1|Zacian-*|\n|poke|p2|Magearna|\n|poke|p2|Baxcalibur, F|\n|poke|p2|Ninetales-Alola, F|\n|poke|p2|Landorus, M|\n|poke|p2|Ursaluna-Bloodmoon, M|\n|poke|p2|Kommo-o, M|\n|teampreview\n|c|\u2606ackillin|hai hai\n|\n|t:|1698973459\n|start\n|switch|p1a: Heatran|Heatran, M|100\/100\n|switch|p2a: Pink Triangle|Ninetales-Alola, F|100\/100\n|-weather|Snow|[from] ability: Snow Warning|[of] p2a: Pink Triangle\n|turn|1\n|\n|t:|1698973466\n|move|p2a: Pink Triangle|Aurora Veil|p2a: Pink Triangle\n|-sidestart|p2: ackillin|move: Aurora Veil\n|move|p1a: Heatran|Magma Storm|p2a: Pink Triangle\n|-supereffective|p2a: Pink Triangle\n|-damage|p2a: Pink Triangle|61\/100\n|-activate|p2a: Pink Triangle|move: Magma Storm|[of] p1a: Heatran\n|\n|-weather|Snow|[upkeep]\n|-damage|p2a: Pink Triangle|48\/100|[from] move: Magma Storm|[partiallytrapped]\n|upkeep\n|turn|2\n|\n|t:|1698973481\n|move|p2a: Pink Triangle|Moonblast|p1a: Heatran\n|-resisted|p1a: Heatran\n|-damage|p1a: Heatran|96\/100\n|move|p1a: Heatran|Stealth Rock|p2a: Pink Triangle\n|-sidestart|p2: ackillin|move: Stealth Rock\n|\n|-weather|Snow|[upkeep]\n|-heal|p1a: Heatran|100\/100|[from] item: Leftovers\n|-damage|p2a: Pink Triangle|36\/100|[from] move: Magma Storm|[partiallytrapped]\n|upkeep\n|turn|3\n|\n|t:|1698973488\n|move|p2a: Pink Triangle|Encore|p1a: Heatran\n|-start|p1a: Heatran|Encore\n|move|p1a: Heatran|Stealth Rock||[still]\n|-fail|p1a: Heatran\n|\n|-weather|Snow|[upkeep]\n|-damage|p2a: Pink Triangle|24\/100|[from] move: Magma Storm|[partiallytrapped]\n|upkeep\n|turn|4\n|\n|t:|1698973493\n|move|p2a: Pink Triangle|Weather Ball|p1a: Heatran\n|-resisted|p1a: Heatran\n|-damage|p1a: Heatran|96\/100\n|move|p1a: Heatran|Stealth Rock||[still]\n|-fail|p1a: Heatran\n|\n|-weather|Snow|[upkeep]\n|-heal|p1a: Heatran|100\/100|[from] item: Leftovers\n|-damage|p2a: Pink Triangle|12\/100|[from] move: Magma Storm|[partiallytrapped]\n|upkeep\n|turn|5\n|\n|t:|1698973503\n|move|p2a: Pink Triangle|Aurora Veil||[still]\n|-fail|p2a: Pink Triangle\n|move|p1a: Heatran|Stealth Rock||[still]\n|-fail|p1a: Heatran\n|\n|-weather|none\n|-end|p2a: Pink Triangle|Magma Storm|[partiallytrapped]\n|-end|p1a: Heatran|Encore\n|upkeep\n|turn|6\n|\n|t:|1698973514\n|move|p2a: Pink Triangle|Encore|p1a: Heatran\n|-start|p1a: Heatran|Encore\n|move|p1a: Heatran|Stealth Rock||[still]\n|-fail|p1a: Heatran\n|\n|upkeep\n|turn|7\n|\n|t:|1698973528\n|switch|p2a: Say it ain't so|Kommo-o, M|100\/100\n|-damage|p2a: Say it ain't so|94\/100|[from] Stealth Rock\n|switch|p1a: Scizor|Scizor, M, shiny|100\/100\n|\n|upkeep\n|turn|8\n|\n|t:|1698973544\n|move|p2a: Say it ain't so|Flamethrower|p1a: Scizor\n|-supereffective|p1a: Scizor\n|-damage|p1a: Scizor|0 fnt\n|faint|p1a: Scizor\n|\n|-sideend|p2: ackillin|move: Aurora Veil\n|upkeep\n|\n|t:|1698973552\n|switch|p1a: Palkia|Palkia-Origin|100\/100\n|-ability|p1a: Palkia|Pressure\n|turn|9\n|\n|t:|1698973570\n|switch|p2a: Pink Triangle|Ninetales-Alola, F|12\/100\n|-damage|p2a: Pink Triangle|0 fnt|[from] Stealth Rock\n|faint|p2a: Pink Triangle\n|move|p1a: Palkia|Substitute|p1a: Palkia\n|-start|p1a: Palkia|Substitute\n|-damage|p1a: Palkia|76\/100\n|\n|upkeep\n|\n|t:|1698973583\n|switch|p2a: Island in the Sun|Magearna|100\/100\n|-damage|p2a: Island in the Sun|94\/100|[from] Stealth Rock\n|turn|10\n|\n|t:|1698973589\n|move|p1a: Palkia|Earth Power|p2a: Island in the Sun\n|-supereffective|p2a: Island in the Sun\n|-damage|p2a: Island in the Sun|40\/100\n|move|p2a: Island in the Sun|Trick Room|p2a: Island in the Sun\n|-fieldstart|move: Trick Room|[of] p2a: Island in the Sun\n|\n|-heal|p2a: Island in the Sun|46\/100|[from] item: Leftovers\n|upkeep\n|turn|11\n|\n|t:|1698973596\n|move|p2a: Island in the Sun|Fleur Cannon|p1a: Palkia\n|-supereffective|p1a: Palkia\n|-end|p1a: Palkia|Substitute\n|-unboost|p2a: Island in the Sun|spa|2\n|move|p1a: Palkia|Hydro Pump|p2a: Island in the Sun\n|-damage|p2a: Island in the Sun|0 fnt\n|faint|p2a: Island in the Sun\n|\n|upkeep\n|\n|t:|1698973605\n|switch|p2a: Say it ain't so|Kommo-o, M|94\/100\n|-damage|p2a: Say it ain't so|88\/100|[from] Stealth Rock\n|turn|12\n|\n|t:|1698973613\n|switch|p1a: Magearna|Magearna|100\/100\n|move|p2a: Say it ain't so|Clanging Scales|p1a: Magearna\n|-immune|p1a: Magearna\n|\n|upkeep\n|turn|13\n|\n|t:|1698973626\n|switch|p2a: da freddy fazz|Ursaluna-Bloodmoon, M|100\/100\n|-damage|p2a: da freddy fazz|94\/100|[from] Stealth Rock\n|move|p1a: Magearna|Draining Kiss|p2a: da freddy fazz\n|-damage|p2a: da freddy fazz|68\/100\n|\n|-heal|p2a: da freddy fazz|74\/100|[from] item: Leftovers\n|upkeep\n|turn|14\n|\n|t:|1698973638\n|move|p2a: da freddy fazz|Calm Mind|p2a: da freddy fazz\n|-boost|p2a: da freddy fazz|spa|1\n|-boost|p2a: da freddy fazz|spd|1\n|move|p1a: Magearna|Ice Beam|p2a: da freddy fazz\n|-supereffective|p2a: da freddy fazz\n|-damage|p2a: da freddy fazz|39\/100\n|\n|-heal|p2a: da freddy fazz|45\/100|[from] item: Leftovers\n|-fieldend|move: Trick Room\n|upkeep\n|turn|15\n|\n|t:|1698973650\n|-terastallize|p2a: da freddy fazz|Normal\n|move|p1a: Magearna|Ice Beam|p2a: da freddy fazz\n|-damage|p2a: da freddy fazz|25\/100\n|move|p2a: da freddy fazz|Blood Moon|p1a: Magearna\n|-resisted|p1a: Magearna\n|-damage|p1a: Magearna|46\/100\n|\n|-heal|p1a: Magearna|52\/100|[from] item: Leftovers\n|-heal|p2a: da freddy fazz|31\/100|[from] item: Leftovers\n|upkeep\n|turn|16\n|\n|t:|1698973664\n|move|p1a: Magearna|Thunder Wave|p2a: da freddy fazz\n|-status|p2a: da freddy fazz|par\n|cant|p2a: da freddy fazz|par\n|\n|-heal|p1a: Magearna|58\/100|[from] item: Leftovers\n|-heal|p2a: da freddy fazz|37\/100 par|[from] item: Leftovers\n|upkeep\n|turn|17\n|\n|t:|1698973674\n|move|p1a: Magearna|Draining Kiss|p2a: da freddy fazz\n|-damage|p2a: da freddy fazz|21\/100 par\n|-heal|p1a: Magearna|73\/100|[from] drain|[of] p2a: da freddy fazz\n|move|p2a: da freddy fazz|Earth Power|p1a: Magearna\n|-supereffective|p1a: Magearna\n|-damage|p1a: Magearna|0 fnt\n|faint|p1a: Magearna\n|\n|-heal|p2a: da freddy fazz|27\/100 par|[from] item: Leftovers\n|upkeep\n|\n|t:|1698973688\n|switch|p1a: Palafin|Palafin, F|100\/100\n|turn|18\n|\n|t:|1698973698\n|switch|p2a: Buddy holly|Baxcalibur, F|100\/100\n|-damage|p2a: Buddy holly|76\/100|[from] Stealth Rock\n|-terastallize|p1a: Palafin|Water\n|move|p1a: Palafin|Jet Punch|p2a: Buddy holly\n|-resisted|p2a: Buddy holly\n|-damage|p2a: Buddy holly|56\/100\n|\n|-heal|p2a: Buddy holly|62\/100|[from] item: Leftovers\n|upkeep\n|turn|19\n|\n|t:|1698973716\n|detailschange|p1a: Palafin|Palafin-Hero, F, tera:Water\n|switch|p1a: Zacian|Zacian|100\/100\n|-ability|p1a: Zacian|Intrepid Sword|boost\n|-boost|p1a: Zacian|atk|1\n|move|p2a: Buddy holly|Dragon Dance|p2a: Buddy holly\n|-boost|p2a: Buddy holly|atk|1\n|-boost|p2a: Buddy holly|spe|1\n|\n|-heal|p2a: Buddy holly|68\/100|[from] item: Leftovers\n|upkeep\n|turn|20\n|\n|t:|1698973737\n|switch|p2a: da freddy fazz|Ursaluna-Bloodmoon, M, tera:Normal|27\/100 par\n|-damage|p2a: da freddy fazz|15\/100 par|[from] Stealth Rock\n|move|p1a: Zacian|Play Rough|p2a: da freddy fazz\n|-damage|p2a: da freddy fazz|0 fnt\n|faint|p2a: da freddy fazz\n|\n|upkeep\n|\n|t:|1698973747\n|switch|p2a: Sweater Song|Landorus, M|100\/100\n|-damage|p2a: Sweater Song|88\/100|[from] Stealth Rock\n|turn|21\n|\n|t:|1698973766\n|move|p2a: Sweater Song|Protect|p2a: Sweater Song\n|-singleturn|p2a: Sweater Song|Protect\n|move|p1a: Zacian|Play Rough|p2a: Sweater Song\n|-activate|p2a: Sweater Song|move: Protect\n|\n|upkeep\n|turn|22\n|\n|t:|1698973776\n|move|p1a: Zacian|Play Rough|p2a: Sweater Song\n|-damage|p2a: Sweater Song|0 fnt\n|faint|p2a: Sweater Song\n|\n|upkeep\n|\n|t:|1698973782\n|switch|p2a: Say it ain't so|Kommo-o, M|88\/100\n|-damage|p2a: Say it ain't so|82\/100|[from] Stealth Rock\n|turn|23\n|\n|t:|1698973787\n|move|p1a: Zacian|Play Rough|p2a: Say it ain't so\n|-supereffective|p2a: Say it ain't so\n|-damage|p2a: Say it ain't so|0 fnt\n|faint|p2a: Say it ain't so\n|\n|upkeep\n|\n|t:|1698973788\n|switch|p2a: Buddy holly|Baxcalibur, F|68\/100\n|-damage|p2a: Buddy holly|43\/100|[from] Stealth Rock\n|turn|24\n|c|\u2606ackillin|gg\n|\n|t:|1698973797\n|move|p1a: Zacian|Play Rough|p2a: Buddy holly\n|-supereffective|p2a: Buddy holly\n|-damage|p2a: Buddy holly|0 fnt\n|faint|p2a: Buddy holly\n|\n|win|wamkou\n|c|\u2606wamkou|gg\n","uploadtime":1698973805,"views":11,"p1id":"wamkou","p2id":"ackillin","formatid":"gen9ubers","rating":0,"private":0,"password":""}