{"id":"gen9ubers-1986547248","p1":"swellow is stronk","p2":"godiamsosorry","format":"[Gen 9] Ubers","log":"|j|\u2606swellow is stronk\n|j|\u2606godiamsosorry\n|t:|1699490559\n|gametype|singles\n|player|p1|swellow is stronk|266|\n|player|p2|godiamsosorry|lady|\n|teamsize|p1|6\n|teamsize|p2|6\n|gen|9\n|tier|[Gen 9] Ubers\n|rule|Sleep Clause Mod: Limit one foe put to sleep\n|rule|Species Clause: Limit one of each Pok\u00e9mon\n|rule|OHKO Clause: OHKO moves are banned\n|rule|Evasion Items Clause: Evasion items are banned\n|rule|Evasion Moves Clause: Evasion moves are banned\n|rule|Endless Battle Clause: Forcing endless battles is banned\n|rule|HP Percentage Mod: HP is shown in percentages\n|clearpoke\n|poke|p1|Arceus|\n|poke|p1|Giratina-Origin|\n|poke|p1|Landorus, M|\n|poke|p1|Rayquaza|\n|poke|p1|Groudon|\n|poke|p1|Slowking-Galar, F|\n|poke|p2|Cyclizar, M|\n|poke|p2|Mewtwo|\n|poke|p2|Arceus|\n|poke|p2|Basculegion-F, F|\n|poke|p2|Giratina-Origin|\n|poke|p2|Groudon|\n|teampreview\n|inactive|Battle timer is ON: inactive players will automatically lose when time's up. (requested by swellow is stronk)\n|\n|t:|1699490590\n|start\n|switch|p1a: Groudon|Groudon|100\/100\n|switch|p2a: Mewtwo|Mewtwo|100\/100\n|-ability|p2a: Mewtwo|Pressure\n|-weather|SunnyDay|[from] ability: Drought|[of] p1a: Groudon\n|turn|1\n|\n|t:|1699490597\n|move|p2a: Mewtwo|Bulk Up|p2a: Mewtwo\n|-boost|p2a: Mewtwo|atk|1\n|-boost|p2a: Mewtwo|def|1\n|move|p1a: Groudon|Stealth Rock|p2a: Mewtwo\n|-sidestart|p2: godiamsosorry|move: Stealth Rock\n|\n|-weather|SunnyDay|[upkeep]\n|upkeep\n|turn|2\n|\n|t:|1699490599\n|move|p2a: Mewtwo|Bulk Up|p2a: Mewtwo\n|-boost|p2a: Mewtwo|atk|1\n|-boost|p2a: Mewtwo|def|1\n|move|p1a: Groudon|Will-O-Wisp|p2a: Mewtwo\n|-status|p2a: Mewtwo|brn\n|\n|-weather|SunnyDay|[upkeep]\n|-damage|p2a: Mewtwo|94\/100 brn|[from] brn\n|upkeep\n|turn|3\n|\n|t:|1699490603\n|move|p2a: Mewtwo|Bulk Up|p2a: Mewtwo\n|-boost|p2a: Mewtwo|atk|1\n|-boost|p2a: Mewtwo|def|1\n|move|p1a: Groudon|Roar|p2a: Mewtwo\n|drag|p2a: Groudon|Groudon|100\/100\n|-damage|p2a: Groudon|94\/100|[from] Stealth Rock\n|\n|-weather|SunnyDay|[upkeep]\n|-heal|p2a: Groudon|100\/100|[from] item: Leftovers\n|upkeep\n|turn|4\n|\n|t:|1699490608\n|switch|p1a: Landorus|Landorus, M|100\/100\n|move|p2a: Groudon|Spikes|p1a: Landorus\n|-sidestart|p1: swellow is stronk|Spikes\n|\n|-weather|SunnyDay|[upkeep]\n|upkeep\n|turn|5\n|\n|t:|1699490614\n|switch|p2a: Giratina|Giratina-Origin|100\/100\n|-damage|p2a: Giratina|88\/100|[from] Stealth Rock\n|move|p1a: Landorus|Grass Knot|p2a: Giratina\n|-resisted|p2a: Giratina\n|-damage|p2a: Giratina|71\/100\n|-damage|p1a: Landorus|91\/100|[from] item: Life Orb\n|\n|-weather|none\n|upkeep\n|turn|6\n|\n|t:|1699490628\n|switch|p1a: Groudon|Groudon|100\/100\n|-damage|p1a: Groudon|88\/100|[from] Spikes\n|-weather|SunnyDay|[from] ability: Drought|[of] p1a: Groudon\n|move|p2a: Giratina|Dragon Tail|p1a: Groudon|[miss]\n|-miss|p2a: Giratina|p1a: Groudon\n|\n|-weather|SunnyDay|[upkeep]\n|-heal|p1a: Groudon|94\/100|[from] item: Leftovers\n|upkeep\n|turn|7\n|\n|t:|1699490636\n|move|p2a: Giratina|Poltergeist|p1a: Groudon\n|-activate|p1a: Groudon|move: Poltergeist|Leftovers\n|-damage|p1a: Groudon|59\/100\n|move|p1a: Groudon|Will-O-Wisp|p2a: Giratina\n|-status|p2a: Giratina|brn\n|\n|-weather|SunnyDay|[upkeep]\n|-heal|p1a: Groudon|65\/100|[from] item: Leftovers\n|-damage|p2a: Giratina|65\/100 brn|[from] brn\n|upkeep\n|turn|8\n|\n|t:|1699490642\n|move|p1a: Groudon|Lava Plume|p2a: Giratina\n|-resisted|p2a: Giratina\n|-crit|p2a: Giratina\n|-damage|p2a: Giratina|52\/100 brn\n|move|p2a: Giratina|Defog|p1a: Groudon\n|-unboost|p1a: Groudon|evasion|1\n|-sideend|p1: swellow is stronk|Spikes|[from] move: Defog|[of] p2a: Giratina\n|-sideend|p2: godiamsosorry|Stealth Rock|[from] move: Defog|[of] p2a: Giratina\n|\n|-weather|SunnyDay|[upkeep]\n|-heal|p1a: Groudon|72\/100|[from] item: Leftovers\n|-damage|p2a: Giratina|46\/100 brn|[from] brn\n|upkeep\n|turn|9\n|\n|t:|1699490646\n|move|p1a: Groudon|Stealth Rock|p2a: Giratina\n|-sidestart|p2: godiamsosorry|move: Stealth Rock\n|move|p2a: Giratina|Dragon Tail|p1a: Groudon\n|-damage|p1a: Groudon|63\/100\n|drag|p1a: Landorus|Landorus, M|91\/100\n|\n|-weather|SunnyDay|[upkeep]\n|-damage|p2a: Giratina|39\/100 brn|[from] brn\n|upkeep\n|turn|10\n|\n|t:|1699490653\n|switch|p1a: Groudon|Groudon|63\/100\n|move|p2a: Giratina|Dragon Tail|p1a: Groudon\n|-damage|p1a: Groudon|53\/100\n|drag|p1a: Arceus|Arceus|100\/100\n|\n|-weather|none\n|-damage|p2a: Giratina|33\/100 brn|[from] brn\n|upkeep\n|turn|11\n|\n|t:|1699490661\n|switch|p1a: Groudon|Groudon|53\/100\n|-weather|SunnyDay|[from] ability: Drought|[of] p1a: Groudon\n|move|p2a: Giratina|Thunder Wave|p1a: Groudon\n|-immune|p1a: Groudon\n|\n|-weather|SunnyDay|[upkeep]\n|-heal|p1a: Groudon|60\/100|[from] item: Leftovers\n|-damage|p2a: Giratina|27\/100 brn|[from] brn\n|upkeep\n|turn|12\n|\n|t:|1699490665\n|move|p2a: Giratina|Poltergeist|p1a: Groudon\n|-activate|p1a: Groudon|move: Poltergeist|Leftovers\n|-damage|p1a: Groudon|43\/100\n|move|p1a: Groudon|Stealth Rock||[still]\n|-fail|p1a: Groudon\n|\n|-weather|SunnyDay|[upkeep]\n|-heal|p1a: Groudon|49\/100|[from] item: Leftovers\n|-damage|p2a: Giratina|21\/100 brn|[from] brn\n|upkeep\n|turn|13\n|\n|t:|1699490668\n|move|p2a: Giratina|Defog|p1a: Groudon\n|-unboost|p1a: Groudon|evasion|1\n|-sideend|p2: godiamsosorry|Stealth Rock|[from] move: Defog|[of] p2a: Giratina\n|move|p1a: Groudon|Lava Plume|p2a: Giratina\n|-resisted|p2a: Giratina\n|-damage|p2a: Giratina|12\/100 brn\n|\n|-weather|SunnyDay|[upkeep]\n|-heal|p1a: Groudon|55\/100|[from] item: Leftovers\n|-damage|p2a: Giratina|5\/100 brn|[from] brn\n|upkeep\n|turn|14\n|\n|t:|1699490673\n|move|p2a: Giratina|Poltergeist|p1a: Groudon\n|-activate|p1a: Groudon|move: Poltergeist|Leftovers\n|-damage|p1a: Groudon|39\/100\n|move|p1a: Groudon|Stealth Rock|p2a: Giratina\n|-sidestart|p2: godiamsosorry|move: Stealth Rock\n|\n|-weather|SunnyDay|[upkeep]\n|-heal|p1a: Groudon|45\/100|[from] item: Leftovers\n|-damage|p2a: Giratina|0 fnt|[from] brn\n|faint|p2a: Giratina\n|upkeep\n|\n|t:|1699490679\n|switch|p2a: Cyclizar|Cyclizar, M|100\/100\n|turn|15\n|\n|t:|1699490682\n|move|p2a: Cyclizar|Draco Meteor|p1a: Groudon\n|-damage|p1a: Groudon|9\/100\n|-unboost|p2a: Cyclizar|spa|2\n|move|p1a: Groudon|Roar|p2a: Cyclizar\n|drag|p2a: Basculegion|Basculegion-F, F|100\/100\n|-damage|p2a: Basculegion|88\/100|[from] Stealth Rock\n|\n|-weather|none\n|-heal|p1a: Groudon|15\/100|[from] item: Leftovers\n|upkeep\n|turn|16\n|\n|t:|1699490688\n|move|p2a: Basculegion|Flip Turn|p1a: Groudon\n|-supereffective|p1a: Groudon\n|-damage|p1a: Groudon|0 fnt\n|faint|p1a: Groudon\n|\n|t:|1699490698\n|switch|p2a: Mewtwo|Mewtwo|94\/100 brn|[from] Flip Turn\n|-damage|p2a: Mewtwo|82\/100 brn|[from] Stealth Rock\n|-ability|p2a: Mewtwo|Pressure\n|\n|-heal|p2a: Mewtwo|88\/100 brn|[from] item: Leftovers\n|-damage|p2a: Mewtwo|82\/100 brn|[from] brn\n|upkeep\n|\n|t:|1699490704\n|switch|p1a: Arceus|Arceus|100\/100\n|turn|17\n|\n|t:|1699490706\n|move|p2a: Mewtwo|Knock Off|p1a: Arceus\n|-damage|p1a: Arceus|90\/100\n|-enditem|p1a: Arceus|Expert Belt|[from] move: Knock Off|[of] p2a: Mewtwo\n|move|p1a: Arceus|Swords Dance|p1a: Arceus\n|-boost|p1a: Arceus|atk|2\n|\n|-heal|p2a: Mewtwo|88\/100 brn|[from] item: Leftovers\n|-damage|p2a: Mewtwo|82\/100 brn|[from] brn\n|upkeep\n|turn|18\n|\n|t:|1699490710\n|move|p1a: Arceus|Extreme Speed|p2a: Mewtwo\n|-damage|p2a: Mewtwo|0 fnt\n|faint|p2a: Mewtwo\n|\n|upkeep\n|\n|t:|1699490717\n|switch|p2a: Arceus|Arceus|100\/100\n|-damage|p2a: Arceus|88\/100|[from] Stealth Rock\n|turn|19\n|\n|t:|1699490720\n|-terastallize|p2a: Arceus|Normal\n|move|p2a: Arceus|Extreme Speed|p1a: Arceus\n|-damage|p1a: Arceus|42\/100\n|move|p1a: Arceus|Extreme Speed|p2a: Arceus\n|-damage|p2a: Arceus|31\/100\n|\n|upkeep\n|turn|20\n|\n|t:|1699490724\n|switch|p1a: Giratina|Giratina-Origin|100\/100\n|move|p2a: Arceus|Extreme Speed|p1a: Giratina\n|-immune|p1a: Giratina\n|\n|upkeep\n|turn|21\n|\n|t:|1699490727\n|move|p2a: Arceus|Recover|p2a: Arceus\n|-heal|p2a: Arceus|81\/100\n|move|p1a: Giratina|Will-O-Wisp|p2a: Arceus\n|-status|p2a: Arceus|brn\n|\n|-damage|p2a: Arceus|75\/100 brn|[from] brn\n|upkeep\n|turn|22\n|\n|t:|1699490733\n|switch|p1a: Rayquaza|Rayquaza|100\/100\n|-ability|p1a: Rayquaza|Air Lock\n|move|p2a: Arceus|Swords Dance|p2a: Arceus\n|-boost|p2a: Arceus|atk|2\n|\n|-damage|p2a: Arceus|69\/100 brn|[from] brn\n|upkeep\n|turn|23\n|\n|t:|1699490738\n|move|p1a: Rayquaza|Dragon Ascent|p2a: Arceus\n|-damage|p2a: Arceus|26\/100 brn\n|-unboost|p1a: Rayquaza|def|1\n|-unboost|p1a: Rayquaza|spd|1\n|move|p2a: Arceus|Swords Dance|p2a: Arceus\n|-boost|p2a: Arceus|atk|2\n|\n|-damage|p2a: Arceus|20\/100 brn|[from] brn\n|upkeep\n|turn|24\n|\n|t:|1699490742\n|move|p1a: Rayquaza|Extreme Speed|p2a: Arceus\n|-damage|p2a: Arceus|0 fnt\n|faint|p2a: Arceus\n|\n|upkeep\n|\n|t:|1699490749\n|switch|p2a: Cyclizar|Cyclizar, M|100\/100\n|turn|25\n|\n|t:|1699490758\n|move|p2a: Cyclizar|Draco Meteor|p1a: Rayquaza\n|-supereffective|p1a: Rayquaza\n|-damage|p1a: Rayquaza|0 fnt\n|-unboost|p2a: Cyclizar|spa|2\n|faint|p1a: Rayquaza\n|\n|upkeep\n|\n|t:|1699490762\n|switch|p1a: Arceus|Arceus|42\/100\n|turn|26\n|\n|t:|1699490765\n|move|p2a: Cyclizar|Shed Tail|p2a: Cyclizar\n|-start|p2a: Cyclizar|Substitute|[from] move: Shed Tail\n|-damage|p2a: Cyclizar|50\/100\n|\n|t:|1699490770\n|switch|p2a: Basculegion|Basculegion-F, F|88\/100|[from] Shed Tail\n|-damage|p2a: Basculegion|76\/100|[from] Stealth Rock\n|move|p1a: Arceus|Recover|p1a: Arceus\n|-heal|p1a: Arceus|92\/100\n|\n|upkeep\n|turn|27\n|\n|t:|1699490773\n|move|p2a: Basculegion|Wave Crash|p1a: Arceus\n|-damage|p1a: Arceus|48\/100\n|-damage|p2a: Basculegion|59\/100|[from] Recoil\n|move|p1a: Arceus|Shadow Claw|p2a: Basculegion\n|-supereffective|p2a: Basculegion\n|-crit|p2a: Basculegion\n|-end|p2a: Basculegion|Substitute\n|\n|upkeep\n|turn|28\n|\n|t:|1699490776\n|move|p2a: Basculegion|Wave Crash|p1a: Arceus\n|-damage|p1a: Arceus|6\/100\n|-damage|p2a: Basculegion|43\/100|[from] Recoil\n|move|p1a: Arceus|Shadow Claw|p2a: Basculegion\n|-supereffective|p2a: Basculegion\n|-crit|p2a: Basculegion\n|-damage|p2a: Basculegion|0 fnt\n|faint|p2a: Basculegion\n|\n|upkeep\n|\n|t:|1699490779\n|switch|p2a: Cyclizar|Cyclizar, M|83\/100\n|turn|29\n|\n|t:|1699490782\n|move|p1a: Arceus|Extreme Speed|p2a: Cyclizar\n|-damage|p2a: Cyclizar|8\/100\n|move|p2a: Cyclizar|Hyper Voice|p1a: Arceus\n|-damage|p1a: Arceus|0 fnt\n|faint|p1a: Arceus\n|\n|upkeep\n|\n|t:|1699490786\n|switch|p1a: Landorus|Landorus, M|91\/100\n|turn|30\n|\n|t:|1699490790\n|move|p2a: Cyclizar|Draco Meteor|p1a: Landorus\n|-damage|p1a: Landorus|27\/100\n|-unboost|p2a: Cyclizar|spa|2\n|move|p1a: Landorus|Earth Power|p2a: Cyclizar\n|-damage|p2a: Cyclizar|0 fnt\n|faint|p2a: Cyclizar\n|\n|upkeep\n|\n|t:|1699490793\n|switch|p2a: Groudon|Groudon|100\/100\n|-damage|p2a: Groudon|94\/100|[from] Stealth Rock\n|-weather|SunnyDay|[from] ability: Drought|[of] p2a: Groudon\n|turn|31\n|c|\u2606godiamsosorry|Gg\n|\n|t:|1699490797\n|move|p1a: Landorus|Grass Knot|p2a: Groudon\n|-supereffective|p2a: Groudon\n|-damage|p2a: Groudon|2\/100\n|-damage|p1a: Landorus|18\/100|[from] item: Life Orb\n|move|p2a: Groudon|Will-O-Wisp|p1a: Landorus\n|-status|p1a: Landorus|brn\n|\n|-weather|SunnyDay|[upkeep]\n|-heal|p2a: Groudon|8\/100|[from] item: Leftovers\n|-damage|p1a: Landorus|12\/100 brn|[from] brn\n|upkeep\n|turn|32\n|-message|godiamsosorry forfeited.\n|\n|win|swellow is stronk\n","uploadtime":1699490802,"views":6,"p1id":"swellowisstronk","p2id":"godiamsosorry","formatid":"gen9ubers","rating":0,"private":0,"password":""}