{"id":"gen9ubers-1994484107","p1":"trillbo","p2":"something482","format":"[Gen 9] Ubers","log":"|j|\u2606trillbo\n|j|\u2606something482\n|t:|1700449277\n|gametype|singles\n|player|p1|trillbo|gentleman|\n|player|p2|something482|victor|\n|teamsize|p1|6\n|teamsize|p2|6\n|gen|9\n|tier|[Gen 9] Ubers\n|rule|Sleep Clause Mod: Limit one foe put to sleep\n|rule|Species Clause: Limit one of each Pok\u00e9mon\n|rule|OHKO Clause: OHKO moves are banned\n|rule|Evasion Items Clause: Evasion items are banned\n|rule|Evasion Moves Clause: Evasion moves are banned\n|rule|Endless Battle Clause: Forcing endless battles is banned\n|rule|HP Percentage Mod: HP is shown in percentages\n|clearpoke\n|poke|p1|Rotom-Wash|\n|poke|p1|Clefable, F|\n|poke|p1|Torkoal, M|\n|poke|p1|Walking Wake|\n|poke|p1|Brute Bonnet|\n|poke|p1|Snorlax, M|\n|poke|p2|Cyclizar, M|\n|poke|p2|Chien-Pao|\n|poke|p2|Glimmora, M|\n|poke|p2|Gholdengo|\n|poke|p2|Dragapult, M|\n|poke|p2|Scream Tail|\n|teampreview\n|j| Willish6634\n|inactive|Battle timer is ON: inactive players will automatically lose when time's up. (requested by trillbo)\n|inactiveoff|Battle timer is now OFF.\n|c|\u2606something482|XD\n|j| Graviton Forfeit\n|c| Graviton Forfeit|interesting\n|c|\u2606something482|just waiting for people to join\n|j| Redneck Heaven\n|c|\u2606trillbo|ok\n|l| Willish6634\n|c|\u2606something482|also gl hf!\n|c|\u2606trillbo|u2\n|j| Willish6634\n|\n|t:|1700449406\n|start\n|switch|p1a: BIG BUSSY|Snorlax, M, shiny|100\/100\n|switch|p2a: Nyoom|Dragapult, M, shiny|100\/100\n|turn|1\n|\n|t:|1700449415\n|move|p2a: Nyoom|Thunder Wave|p1a: BIG BUSSY\n|-status|p1a: BIG BUSSY|par\n|move|p1a: BIG BUSSY|Curse|p1a: BIG BUSSY\n|-unboost|p1a: BIG BUSSY|spe|1\n|-boost|p1a: BIG BUSSY|atk|1\n|-boost|p1a: BIG BUSSY|def|1\n|\n|upkeep\n|turn|2\n|\n|t:|1700449424\n|move|p2a: Nyoom|U-turn|p1a: BIG BUSSY\n|-damage|p1a: BIG BUSSY|83\/100 par\n|\n|t:|1700449426\n|switch|p2a: Oooga shaka|Scream Tail|100\/100|[from] U-turn\n|cant|p1a: BIG BUSSY|par\n|\n|-heal|p1a: BIG BUSSY|89\/100 par|[from] item: Leftovers\n|upkeep\n|turn|3\n|\n|t:|1700449433\n|move|p2a: Oooga shaka|Perish Song|p2a: Oooga shaka\n|-start|p1a: BIG BUSSY|perish3|[silent]\n|-start|p2a: Oooga shaka|perish3|[silent]\n|-fieldactivate|move: Perish Song\n|cant|p1a: BIG BUSSY|par\n|\n|-heal|p1a: BIG BUSSY|96\/100 par|[from] item: Leftovers\n|-start|p2a: Oooga shaka|perish3\n|-start|p1a: BIG BUSSY|perish3\n|upkeep\n|turn|4\n|\n|t:|1700449441\n|move|p2a: Oooga shaka|Reflect|p2a: Oooga shaka\n|-sidestart|p2: something482|Reflect\n|move|p1a: BIG BUSSY|Heavy Slam|p2a: Oooga shaka\n|-supereffective|p2a: Oooga shaka\n|-damage|p2a: Oooga shaka|49\/100\n|\n|-heal|p2a: Oooga shaka|55\/100|[from] item: Leftovers\n|-heal|p1a: BIG BUSSY|100\/100 par|[from] item: Leftovers\n|-start|p2a: Oooga shaka|perish2\n|-start|p1a: BIG BUSSY|perish2\n|upkeep\n|turn|5\n|\n|t:|1700449452\n|move|p2a: Oooga shaka|Light Screen|p2a: Oooga shaka\n|-sidestart|p2: something482|move: Light Screen\n|move|p1a: BIG BUSSY|Heavy Slam|p2a: Oooga shaka\n|-supereffective|p2a: Oooga shaka\n|-damage|p2a: Oooga shaka|0 fnt\n|faint|p2a: Oooga shaka\n|-end|p2a: Oooga shaka|Protosynthesis|[silent]\n|\n|-start|p1a: BIG BUSSY|perish1\n|upkeep\n|\n|t:|1700449480\n|switch|p2a: Rawk|Glimmora, M|100\/100\n|turn|6\n|\n|t:|1700449499\n|switch|p1a: Maytag|Rotom-Wash, shiny|100\/100\n|move|p2a: Rawk|Stealth Rock|p1a: Maytag\n|-sidestart|p1: trillbo|move: Stealth Rock\n|\n|upkeep\n|turn|7\n|inactive|Battle timer is ON: inactive players will automatically lose when time's up. (requested by trillbo)\n|\n|t:|1700449536\n|switch|p2a: Nyoom|Dragapult, M, shiny|100\/100\n|move|p1a: Maytag|Thunder Wave|p2a: Nyoom\n|-status|p2a: Nyoom|par\n|\n|upkeep\n|turn|8\n|c|\u2606something482|damnnn timer trilly, yikes\n|\n|t:|1700449549\n|move|p2a: Nyoom|Dragon Darts|p1a: Maytag\n|-damage|p1a: Maytag|81\/100\n|-anim|p2a: Nyoom|Dragon Darts|p1a: Maytag\n|-damage|p1a: Maytag|61\/100\n|move|p1a: Maytag|Volt Switch|p2a: Nyoom\n|-resisted|p2a: Nyoom\n|-damage|p2a: Nyoom|92\/100 par\n|\n|t:|1700449559\n|switch|p1a: BIG BUSSY|Snorlax, M, shiny|100\/100 par|[from] Volt Switch\n|-damage|p1a: BIG BUSSY|88\/100 par|[from] Stealth Rock\n|\n|-heal|p1a: BIG BUSSY|94\/100 par|[from] item: Leftovers\n|-sideend|p2: something482|Reflect\n|upkeep\n|turn|9\n|c| Graviton Forfeit|?\n|\n|t:|1700449572\n|switch|p2a: DaveNBusters|Gholdengo|100\/100\n|move|p1a: BIG BUSSY|Substitute|p1a: BIG BUSSY\n|-start|p1a: BIG BUSSY|Substitute\n|-damage|p1a: BIG BUSSY|69\/100 par\n|\n|-heal|p1a: BIG BUSSY|75\/100 par|[from] item: Leftovers\n|-sideend|p2: something482|move: Light Screen\n|upkeep\n|turn|10\n|j| ampharosaunt11\n|\n|t:|1700449583\n|move|p2a: DaveNBusters|Thunderbolt|p1a: BIG BUSSY\n|-activate|p1a: BIG BUSSY|move: Substitute|[damage]\n|move|p1a: BIG BUSSY|Heat Crash|p2a: DaveNBusters\n|-supereffective|p2a: DaveNBusters\n|-damage|p2a: DaveNBusters|5\/100\n|\n|-heal|p1a: BIG BUSSY|81\/100 par|[from] item: Leftovers\n|upkeep\n|turn|11\n|\n|t:|1700449598\n|move|p2a: DaveNBusters|Thunderbolt|p1a: BIG BUSSY\n|-end|p1a: BIG BUSSY|Substitute\n|cant|p1a: BIG BUSSY|par\n|\n|-heal|p1a: BIG BUSSY|88\/100 par|[from] item: Leftovers\n|upkeep\n|turn|12\n|c| Willish6634|cheftrilly\n|\n|t:|1700449607\n|move|p2a: DaveNBusters|Make It Rain|p1a: BIG BUSSY\n|-damage|p1a: BIG BUSSY|50\/100 par\n|-unboost|p2a: DaveNBusters|spa|1\n|cant|p1a: BIG BUSSY|par\n|\n|-heal|p1a: BIG BUSSY|56\/100 par|[from] item: Leftovers\n|upkeep\n|turn|13\n|\n|t:|1700449630\n|switch|p2a: Nyoom|Dragapult, M, shiny|92\/100 par\n|move|p1a: BIG BUSSY|Substitute|p1a: BIG BUSSY\n|-start|p1a: BIG BUSSY|Substitute\n|-damage|p1a: BIG BUSSY|31\/100 par\n|\n|-heal|p1a: BIG BUSSY|37\/100 par|[from] item: Leftovers\n|upkeep\n|turn|14\n|\n|t:|1700449637\n|cant|p2a: Nyoom|par\n|cant|p1a: BIG BUSSY|par\n|\n|-heal|p1a: BIG BUSSY|43\/100 par|[from] item: Leftovers\n|upkeep\n|turn|15\n|\n|t:|1700449643\n|move|p2a: Nyoom|Dragon Darts|p1a: BIG BUSSY\n|-damage|p1a: BIG BUSSY|16\/100 par\n|-anim|p2a: Nyoom|Dragon Darts|p1a: BIG BUSSY\n|-damage|p1a: BIG BUSSY|0 fnt\n|faint|p1a: BIG BUSSY\n|\n|upkeep\n|\n|t:|1700449649\n|switch|p1a: Tommy Tutu|Torkoal, M, shiny|100\/100\n|-damage|p1a: Tommy Tutu|75\/100|[from] Stealth Rock\n|-weather|SunnyDay|[from] ability: Drought|[of] p1a: Tommy Tutu\n|turn|16\n|\n|t:|1700449664\n|switch|p1a: Yiddies|Clefable, F, shiny|100\/100\n|-damage|p1a: Yiddies|88\/100|[from] Stealth Rock\n|move|p2a: Nyoom|Dragon Darts|p1a: Yiddies\n|-immune|p1a: Yiddies\n|\n|-weather|SunnyDay|[upkeep]\n|-heal|p1a: Yiddies|94\/100|[from] item: Leftovers\n|upkeep\n|turn|17\n|\n|t:|1700449676\n|move|p2a: Nyoom|U-turn|p1a: Yiddies\n|-resisted|p1a: Yiddies\n|-damage|p1a: Yiddies|86\/100\n|\n|t:|1700449679\n|switch|p2a: DaveNBusters|Gholdengo|5\/100|[from] U-turn\n|move|p1a: Yiddies|Stealth Rock|p2a: DaveNBusters\n|-sidestart|p2: something482|move: Stealth Rock\n|\n|-weather|SunnyDay|[upkeep]\n|-heal|p1a: Yiddies|92\/100|[from] item: Leftovers\n|upkeep\n|turn|18\n|c| Willish6634|it begins\n|\n|t:|1700449701\n|move|p1a: Yiddies|Protect|p1a: Yiddies\n|-singleturn|p1a: Yiddies|Protect\n|move|p2a: DaveNBusters|Make It Rain|p1a: Yiddies\n|-activate|p1a: Yiddies|move: Protect\n|\n|-weather|SunnyDay|[upkeep]\n|-heal|p1a: Yiddies|98\/100|[from] item: Leftovers\n|upkeep\n|turn|19\n|\n|t:|1700449712\n|switch|p1a: Brute Bussy|Brute Bonnet|100\/100\n|-damage|p1a: Brute Bussy|88\/100|[from] Stealth Rock\n|-activate|p1a: Brute Bussy|ability: Protosynthesis\n|-start|p1a: Brute Bussy|protosynthesisatk\n|move|p2a: DaveNBusters|Make It Rain|p1a: Brute Bussy\n|-damage|p1a: Brute Bussy|23\/100\n|-unboost|p2a: DaveNBusters|spa|1\n|\n|-weather|SunnyDay|[upkeep]\n|upkeep\n|turn|20\n|j| Lillyrosethedemon\n|l| Lillyrosethedemon\n|j| Judgieiscool\n|\n|t:|1700449725\n|move|p1a: Brute Bussy|Sucker Punch|p2a: DaveNBusters\n|-supereffective|p2a: DaveNBusters\n|-damage|p2a: DaveNBusters|0 fnt\n|faint|p2a: DaveNBusters\n|\n|-weather|SunnyDay|[upkeep]\n|upkeep\n|c| Judgieiscool|flutter for gliscor let\u2019s make it happen\n|c| Judgieiscool|trade talks\n|\n|t:|1700449739\n|switch|p2a: Rawk|Glimmora, M|100\/100\n|-damage|p2a: Rawk|88\/100|[from] Stealth Rock\n|turn|21\n|c| Willish6634|bad deal\n|c| Willish6634|jkjk\n|c| Willish6634|idk\n|\n|t:|1700449753\n|-end|p1a: Brute Bussy|Protosynthesis|[silent]\n|switch|p1a: MissLean|Walking Wake|100\/100\n|-damage|p1a: MissLean|88\/100|[from] Stealth Rock\n|-activate|p1a: MissLean|ability: Protosynthesis\n|-start|p1a: MissLean|protosynthesisspa\n|move|p2a: Rawk|Sludge Wave|p1a: MissLean\n|-damage|p1a: MissLean|26\/100\n|\n|-weather|SunnyDay|[upkeep]\n|upkeep\n|turn|22\n|c| ampharosaunt11|\"He's blowing your back out\" - Marge\n|\n|t:|1700449771\n|switch|p2a: Nyoom|Dragapult, M, shiny|92\/100 par\n|-damage|p2a: Nyoom|80\/100 par|[from] Stealth Rock\n|move|p1a: MissLean|Hydro Steam|p2a: Nyoom\n|-resisted|p2a: Nyoom\n|-crit|p2a: Nyoom\n|-damage|p2a: Nyoom|0 fnt\n|faint|p2a: Nyoom\n|\n|-weather|SunnyDay|[upkeep]\n|upkeep\n|c| Willish6634|last I knew greedent didnt plan on making that trade\n|c| Graviton Forfeit|lmfao\n|j| abGodc\n|\n|t:|1700449788\n|switch|p2a: mover|Cyclizar, M|100\/100\n|-damage|p2a: mover|88\/100|[from] Stealth Rock\n|turn|23\n|j| Lillyrosethedemon\n|\n|t:|1700449797\n|move|p2a: mover|Knock Off|p1a: MissLean\n|-damage|p1a: MissLean|0 fnt\n|-enditem|p1a: MissLean|Choice Specs|[from] move: Knock Off|[of] p2a: mover\n|faint|p1a: MissLean\n|-end|p1a: MissLean|Protosynthesis|[silent]\n|\n|-weather|none\n|upkeep\n|c| Judgieiscool|cmon greedant let\u2019s make it happen\n|\n|t:|1700449818\n|switch|p1a: Yiddies|Clefable, F, shiny|98\/100\n|-damage|p1a: Yiddies|86\/100|[from] Stealth Rock\n|turn|24\n|c| Judgieiscool|hi trilly-pop bt dubs\n|\n|t:|1700449829\n|move|p2a: mover|U-turn|p1a: Yiddies\n|-resisted|p1a: Yiddies\n|-damage|p1a: Yiddies|79\/100\n|\n|t:|1700449832\n|switch|p2a: Rawk|Glimmora, M|88\/100|[from] U-turn\n|-damage|p2a: Rawk|76\/100|[from] Stealth Rock\n|move|p1a: Yiddies|Moonblast|p2a: Rawk\n|-resisted|p2a: Rawk\n|-damage|p2a: Rawk|51\/100\n|\n|-heal|p1a: Yiddies|85\/100|[from] item: Leftovers\n|upkeep\n|turn|25\n|\n|t:|1700449849\n|move|p1a: Yiddies|Protect|p1a: Yiddies\n|-singleturn|p1a: Yiddies|Protect\n|move|p2a: Rawk|Sludge Wave|p1a: Yiddies\n|-activate|p1a: Yiddies|move: Protect\n|\n|-heal|p1a: Yiddies|91\/100|[from] item: Leftovers\n|upkeep\n|turn|26\n|\n|t:|1700449855\n|switch|p1a: Tommy Tutu|Torkoal, M, shiny|75\/100\n|-damage|p1a: Tommy Tutu|50\/100|[from] Stealth Rock\n|-weather|SunnyDay|[from] ability: Drought|[of] p1a: Tommy Tutu\n|move|p2a: Rawk|Mortal Spin|p1a: Tommy Tutu\n|-damage|p1a: Tommy Tutu|47\/100\n|-status|p1a: Tommy Tutu|psn\n|-sideend|p2: something482|Stealth Rock|[from] move: Mortal Spin|[of] p2a: Rawk\n|\n|-weather|SunnyDay|[upkeep]\n|-damage|p1a: Tommy Tutu|34\/100 psn|[from] psn\n|upkeep\n|turn|27\n|\n|t:|1700449873\n|move|p2a: Rawk|Sludge Wave|p1a: Tommy Tutu\n|-damage|p1a: Tommy Tutu|0 fnt\n|faint|p1a: Tommy Tutu\n|\n|-weather|SunnyDay|[upkeep]\n|upkeep\n|\n|t:|1700449884\n|switch|p1a: Brute Bussy|Brute Bonnet|23\/100\n|-damage|p1a: Brute Bussy|11\/100|[from] Stealth Rock\n|-activate|p1a: Brute Bussy|ability: Protosynthesis\n|-start|p1a: Brute Bussy|protosynthesisatk\n|turn|28\n|\n|t:|1700449892\n|move|p1a: Brute Bussy|Sucker Punch|p2a: Rawk\n|-damage|p2a: Rawk|0 fnt\n|-activate|p2a: Rawk|ability: Toxic Debris\n|-sidestart|p1: trillbo|move: Toxic Spikes\n|faint|p2a: Rawk\n|\n|-weather|SunnyDay|[upkeep]\n|upkeep\n|\n|t:|1700449899\n|switch|p2a: mover|Cyclizar, M|100\/100\n|turn|29\n|\n|t:|1700449907\n|move|p2a: mover|Shed Tail|p2a: mover\n|-start|p2a: mover|Substitute|[from] move: Shed Tail\n|-damage|p2a: mover|50\/100\n|\n|t:|1700449910\n|switch|p2a: Lion-O|Chien-Pao|100\/100|[from] Shed Tail\n|-ability|p2a: Lion-O|Sword of Ruin\n|move|p1a: Brute Bussy|Bullet Seed|p2a: Lion-O\n|-end|p2a: Lion-O|Substitute\n|-damage|p2a: Lion-O|74\/100\n|-damage|p2a: Lion-O|48\/100\n|-damage|p2a: Lion-O|23\/100\n|-hitcount|p2a: Lion-O|4\n|\n|-weather|SunnyDay|[upkeep]\n|upkeep\n|turn|30\n|c| Graviton Forfeit|why wouldnt he go to cyclizar first\n|\n|t:|1700449931\n|move|p2a: Lion-O|Ice Shard|p1a: Brute Bussy\n|-supereffective|p1a: Brute Bussy\n|-damage|p1a: Brute Bussy|0 fnt\n|faint|p1a: Brute Bussy\n|-end|p1a: Brute Bussy|Protosynthesis|[silent]\n|-damage|p2a: Lion-O|13\/100|[from] item: Life Orb\n|\n|-weather|SunnyDay|[upkeep]\n|upkeep\n|\n|t:|1700449935\n|switch|p1a: Maytag|Rotom-Wash, shiny|61\/100\n|-damage|p1a: Maytag|48\/100|[from] Stealth Rock\n|turn|31\n|c| Judgieiscool|wouldve liked to see a u turn there\n|\n|t:|1700449948\n|move|p1a: Maytag|Protect|p1a: Maytag\n|-singleturn|p1a: Maytag|Protect\n|move|p2a: Lion-O|Crunch|p1a: Maytag\n|-activate|p1a: Maytag|move: Protect\n|\n|-weather|SunnyDay|[upkeep]\n|-heal|p1a: Maytag|54\/100|[from] item: Leftovers\n|upkeep\n|turn|32\n|c| Judgieiscool|maytag w name\n|inactive|trillbo has 270 seconds left.\n|\n|t:|1700449978\n|switch|p2a: mover|Cyclizar, M|83\/100\n|move|p1a: Maytag|Volt Switch|p2a: mover\n|-resisted|p2a: mover\n|-damage|p2a: mover|61\/100\n|inactive|trillbo has 270 seconds left.\n|\n|t:|1700449984\n|switch|p1a: Yiddies|Clefable, F, shiny|91\/100|[from] Volt Switch\n|-damage|p1a: Yiddies|78\/100|[from] Stealth Rock\n|-status|p1a: Yiddies|psn\n|\n|-weather|SunnyDay|[upkeep]\n|-heal|p1a: Yiddies|85\/100 psn|[from] item: Leftovers\n|-damage|p1a: Yiddies|72\/100 psn|[from] psn\n|upkeep\n|turn|33\n|c| Graviton Forfeit|got a tag for ya\n|inactive|trillbo has 270 seconds left.\n|\n|t:|1700450005\n|move|p2a: mover|Shed Tail|p2a: mover\n|-start|p2a: mover|Substitute|[from] move: Shed Tail\n|-damage|p2a: mover|11\/100\n|\n|t:|1700450008\n|switch|p2a: Lion-O|Chien-Pao|13\/100|[from] Shed Tail\n|-ability|p2a: Lion-O|Sword of Ruin\n|move|p1a: Yiddies|Moonblast|p2a: Lion-O\n|-supereffective|p2a: Lion-O\n|-end|p2a: Lion-O|Substitute\n|\n|-weather|none\n|-heal|p1a: Yiddies|78\/100 psn|[from] item: Leftovers\n|-damage|p1a: Yiddies|66\/100 psn|[from] psn\n|upkeep\n|turn|34\n|inactive|trillbo has 270 seconds left.\n|\n|t:|1700450023\n|-terastallize|p2a: Lion-O|Steel\n|move|p2a: Lion-O|Tera Blast|p1a: Yiddies|[anim] Tera Blast Steel\n|-supereffective|p1a: Yiddies\n|-damage|p1a: Yiddies|0 fnt\n|faint|p1a: Yiddies\n|-damage|p2a: Lion-O|3\/100|[from] item: Life Orb\n|\n|upkeep\n|\n|t:|1700450026\n|switch|p1a: Maytag|Rotom-Wash, shiny|54\/100\n|-damage|p1a: Maytag|42\/100|[from] Stealth Rock\n|turn|35\n|\n|t:|1700450033\n|move|p1a: Maytag|Protect|p1a: Maytag\n|-singleturn|p1a: Maytag|Protect\n|move|p2a: Lion-O|Crunch|p1a: Maytag\n|-activate|p1a: Maytag|move: Protect\n|\n|-heal|p1a: Maytag|48\/100|[from] item: Leftovers\n|upkeep\n|turn|36\n|\n|t:|1700450041\n|move|p2a: Lion-O|Crunch|p1a: Maytag\n|-damage|p1a: Maytag|0 fnt\n|faint|p1a: Maytag\n|-damage|p2a: Lion-O|0 fnt|[from] item: Life Orb\n|faint|p2a: Lion-O\n|\n|win|something482\n|c|\u2606something482|gg\n|l| abGodc\n|c|\u2606trillbo|gg\n|l| Judgieiscool\n|l| Lillyrosethedemon\n|l| ampharosaunt11\n|l| Graviton Forfeit\n|l| Redneck Heaven\n","uploadtime":1700450049,"views":23,"p1id":"trillbo","p2id":"something482","formatid":"gen9ubers","rating":0,"private":0,"password":""}