{"id":"gen9ubers-1977485527","p1":"Seriousapple","p2":"Fraudulent One","format":"[Gen 9] Ubers","log":"|j|\u2606Seriousapple\n|j|\u2606Fraudulent One\n|t:|1698421105\n|gametype|singles\n|player|p1|Seriousapple|youngster-gen4dp|1246\n|player|p2|Fraudulent One|170|1401\n|teamsize|p1|6\n|teamsize|p2|6\n|gen|9\n|tier|[Gen 9] Ubers\n|rated|\n|rule|Sleep Clause Mod: Limit one foe put to sleep\n|rule|Species Clause: Limit one of each Pok\u00e9mon\n|rule|OHKO Clause: OHKO moves are banned\n|rule|Evasion Items Clause: Evasion items are banned\n|rule|Evasion Moves Clause: Evasion moves are banned\n|rule|Endless Battle Clause: Forcing endless battles is banned\n|rule|HP Percentage Mod: HP is shown in percentages\n|clearpoke\n|poke|p1|Shaymin-Sky|\n|poke|p1|Giratina|\n|poke|p1|Ribombee, M|\n|poke|p1|Espathra, M|\n|poke|p1|Ogerpon-Hearthflame, F|\n|poke|p1|Arceus-Fairy|\n|poke|p2|Rayquaza|\n|poke|p2|Zacian-*|\n|poke|p2|Koraidon|\n|poke|p2|Arceus-Ground|\n|poke|p2|Miraidon|\n|poke|p2|Eternatus|\n|teampreview\n|\n|t:|1698421126\n|start\n|switch|p1a: Ribombee|Ribombee, M|100\/100\n|switch|p2a: Koraidon|Koraidon|100\/100\n|-weather|SunnyDay|[from] ability: Orichalcum Pulse|[of] p2a: Koraidon\n|-activate|p2a: Koraidon|Orichalcum Pulse|[source]\n|turn|1\n|inactive|Battle timer is ON: inactive players will automatically lose when time's up. (requested by Fraudulent One)\n|\n|t:|1698421133\n|move|p2a: Koraidon|Taunt|p1a: Ribombee\n|-start|p1a: Ribombee|move: Taunt\n|cant|p1a: Ribombee|move: Taunt|Sticky Web\n|\n|-weather|SunnyDay|[upkeep]\n|upkeep\n|turn|2\n|\n|t:|1698421141\n|-terastallize|p2a: Koraidon|Fire\n|move|p2a: Koraidon|Flare Blitz|p1a: Ribombee\n|-supereffective|p1a: Ribombee\n|-crit|p1a: Ribombee\n|-enditem|p1a: Ribombee|Focus Sash\n|-damage|p1a: Ribombee|1\/100\n|-damage|p2a: Koraidon|69\/100|[from] Recoil\n|move|p1a: Ribombee|Moonblast|p2a: Koraidon\n|-resisted|p2a: Koraidon\n|-damage|p2a: Koraidon|53\/100\n|-unboost|p2a: Koraidon|spa|1\n|\n|-weather|SunnyDay|[upkeep]\n|upkeep\n|turn|3\n|\n|t:|1698421160\n|switch|p1a: Giratina|Giratina|100\/100\n|-ability|p1a: Giratina|Pressure\n|move|p2a: Koraidon|Flare Blitz|p1a: Giratina\n|-resisted|p1a: Giratina\n|-damage|p1a: Giratina|71\/100\n|-damage|p2a: Koraidon|39\/100|[from] Recoil\n|\n|-weather|SunnyDay|[upkeep]\n|upkeep\n|turn|4\n|\n|t:|1698421168\n|switch|p1a: Arceus|Arceus-Fairy|100\/100\n|move|p2a: Koraidon|Scale Shot|p1a: Arceus\n|-immune|p1a: Arceus\n|\n|-weather|SunnyDay|[upkeep]\n|upkeep\n|turn|5\n|\n|t:|1698421175\n|switch|p2a: Zacian|Zacian-Crowned|100\/100\n|-ability|p2a: Zacian|Intrepid Sword|boost\n|-boost|p2a: Zacian|atk|1\n|move|p1a: Arceus|Earth Power|p2a: Zacian\n|-supereffective|p2a: Zacian\n|-damage|p2a: Zacian|37\/100\n|\n|-weather|none\n|upkeep\n|turn|6\n|\n|t:|1698421187\n|switch|p1a: Ribombee|Ribombee, M|1\/100\n|move|p2a: Zacian|Behemoth Blade|p1a: Ribombee\n|-supereffective|p1a: Ribombee\n|-damage|p1a: Ribombee|0 fnt\n|faint|p1a: Ribombee\n|\n|upkeep\n|\n|t:|1698421192\n|switch|p1a: Espathra|Espathra, M|100\/100\n|turn|7\n|\n|t:|1698421196\n|move|p1a: Espathra|Protect|p1a: Espathra\n|-singleturn|p1a: Espathra|Protect\n|move|p2a: Zacian|Behemoth Blade|p1a: Espathra\n|-activate|p1a: Espathra|move: Protect\n|\n|-ability|p1a: Espathra|Speed Boost|boost\n|-boost|p1a: Espathra|spe|1\n|upkeep\n|turn|8\n|\n|t:|1698421217\n|-terastallize|p1a: Espathra|Fighting\n|move|p1a: Espathra|Calm Mind|p1a: Espathra\n|-boost|p1a: Espathra|spa|1\n|-boost|p1a: Espathra|spd|1\n|move|p2a: Zacian|Behemoth Blade|p1a: Espathra\n|-damage|p1a: Espathra|0 fnt\n|faint|p1a: Espathra\n|\n|upkeep\n|\n|t:|1698421227\n|switch|p1a: Ogerpon|Ogerpon-Hearthflame, F|100\/100\n|-ability|p1a: Ogerpon|Mold Breaker\n|turn|9\n|\n|t:|1698421242\n|move|p2a: Zacian|Behemoth Blade|p1a: Ogerpon\n|-resisted|p1a: Ogerpon\n|-damage|p1a: Ogerpon|46\/100\n|move|p1a: Ogerpon|Stomping Tantrum|p2a: Zacian\n|-supereffective|p2a: Zacian\n|-damage|p2a: Zacian|0 fnt\n|faint|p2a: Zacian\n|\n|upkeep\n|\n|t:|1698421257\n|switch|p2a: Koraidon|Koraidon, tera:Fire|39\/100\n|-weather|SunnyDay|[from] ability: Orichalcum Pulse|[of] p2a: Koraidon\n|-activate|p2a: Koraidon|Orichalcum Pulse|[source]\n|turn|10\n|\n|t:|1698421264\n|switch|p1a: Arceus|Arceus-Fairy|100\/100\n|move|p2a: Koraidon|Scale Shot|p1a: Arceus\n|-immune|p1a: Arceus\n|\n|-weather|SunnyDay|[upkeep]\n|upkeep\n|turn|11\n|\n|t:|1698421269\n|switch|p2a: Rayquaza|Rayquaza|100\/100\n|-ability|p2a: Rayquaza|Air Lock\n|move|p1a: Arceus|Earth Power|p2a: Rayquaza\n|-immune|p2a: Rayquaza\n|\n|-weather|SunnyDay|[upkeep]\n|upkeep\n|turn|12\n|\n|t:|1698421274\n|move|p2a: Rayquaza|Icy Wind|p1a: Arceus\n|-damage|p1a: Arceus|86\/100\n|-unboost|p1a: Arceus|spe|1\n|move|p1a: Arceus|Judgment|p2a: Rayquaza\n|-supereffective|p2a: Rayquaza\n|-enditem|p2a: Rayquaza|Focus Sash\n|-damage|p2a: Rayquaza|1\/100\n|\n|-weather|SunnyDay|[upkeep]\n|upkeep\n|turn|13\n|\n|t:|1698421284\n|move|p2a: Rayquaza|Stealth Rock|p1a: Arceus\n|-sidestart|p1: Seriousapple|move: Stealth Rock\n|move|p1a: Arceus|Judgment|p2a: Rayquaza\n|-supereffective|p2a: Rayquaza\n|-damage|p2a: Rayquaza|0 fnt\n|faint|p2a: Rayquaza\n|\n|-weather|SunnyDay|[upkeep]\n|upkeep\n|\n|t:|1698421291\n|switch|p2a: Koraidon|Koraidon, tera:Fire|39\/100\n|-activate|p2a: Koraidon|ability: Orichalcum Pulse\n|turn|14\n|\n|t:|1698421297\n|move|p2a: Koraidon|Flare Blitz|p1a: Arceus\n|-damage|p1a: Arceus|7\/100\n|-status|p1a: Arceus|brn\n|-damage|p2a: Koraidon|5\/100|[from] Recoil\n|move|p1a: Arceus|Earth Power|p2a: Koraidon\n|-supereffective|p2a: Koraidon\n|-crit|p2a: Koraidon\n|-damage|p2a: Koraidon|0 fnt\n|faint|p2a: Koraidon\n|\n|-weather|none\n|-damage|p1a: Arceus|1\/100 brn|[from] brn\n|upkeep\n|\n|t:|1698421310\n|switch|p2a: Arceus|Arceus-Ground|100\/100\n|turn|15\n|\n|t:|1698421314\n|move|p2a: Arceus|Dragon Dance|p2a: Arceus\n|-boost|p2a: Arceus|atk|1\n|-boost|p2a: Arceus|spe|1\n|move|p1a: Arceus|Recover|p1a: Arceus\n|-heal|p1a: Arceus|51\/100 brn\n|\n|-damage|p1a: Arceus|45\/100 brn|[from] brn\n|upkeep\n|turn|16\n|\n|t:|1698421319\n|move|p2a: Arceus|Dragon Dance|p2a: Arceus\n|-boost|p2a: Arceus|atk|1\n|-boost|p2a: Arceus|spe|1\n|move|p1a: Arceus|Judgment|p2a: Arceus\n|-damage|p2a: Arceus|55\/100\n|\n|-damage|p1a: Arceus|39\/100 brn|[from] brn\n|upkeep\n|turn|17\n|\n|t:|1698421322\n|move|p2a: Arceus|Earthquake|p1a: Arceus\n|-damage|p1a: Arceus|0 fnt\n|faint|p1a: Arceus\n|\n|upkeep\n|\n|t:|1698421326\n|switch|p1a: Giratina|Giratina|71\/100\n|-damage|p1a: Giratina|58\/100|[from] Stealth Rock\n|-ability|p1a: Giratina|Pressure\n|turn|18\n|\n|t:|1698421332\n|move|p2a: Arceus|Dragon Claw|p1a: Giratina\n|-supereffective|p1a: Giratina\n|-damage|p1a: Giratina|6\/100\n|move|p1a: Giratina|Will-O-Wisp|p2a: Arceus\n|-status|p2a: Arceus|brn\n|\n|-damage|p2a: Arceus|49\/100 brn|[from] brn\n|upkeep\n|turn|19\n|\n|t:|1698421339\n|move|p2a: Arceus|Dragon Claw|p1a: Giratina\n|-supereffective|p1a: Giratina\n|-damage|p1a: Giratina|0 fnt\n|faint|p1a: Giratina\n|\n|-damage|p2a: Arceus|43\/100 brn|[from] brn\n|upkeep\n|\n|t:|1698421344\n|switch|p1a: Shaymin|Shaymin-Sky|100\/100\n|-damage|p1a: Shaymin|76\/100|[from] Stealth Rock\n|turn|20\n|\n|t:|1698421348\n|move|p2a: Arceus|Dragon Claw|p1a: Shaymin\n|-damage|p1a: Shaymin|37\/100\n|move|p1a: Shaymin|Trailblaze|p2a: Arceus\n|-supereffective|p2a: Arceus\n|-damage|p2a: Arceus|14\/100 brn\n|-boost|p1a: Shaymin|spe|1\n|\n|-damage|p2a: Arceus|8\/100 brn|[from] brn\n|upkeep\n|turn|21\n|\n|t:|1698421357\n|move|p2a: Arceus|Dragon Claw|p1a: Shaymin\n|-damage|p1a: Shaymin|0 fnt\n|faint|p1a: Shaymin\n|\n|-damage|p2a: Arceus|2\/100 brn|[from] brn\n|upkeep\n|\n|t:|1698421364\n|switch|p1a: Ogerpon|Ogerpon-Hearthflame, F|46\/100\n|-damage|p1a: Ogerpon|21\/100|[from] Stealth Rock\n|-ability|p1a: Ogerpon|Mold Breaker\n|turn|22\n|\n|t:|1698421366\n|move|p2a: Arceus|Earthquake|p1a: Ogerpon\n|-damage|p1a: Ogerpon|0 fnt\n|faint|p1a: Ogerpon\n|\n|win|Fraudulent One\n|raw|Seriousapple's rating: 1246 &rarr; <strong>1231<\/strong><br \/>(-15 for losing)\n|raw|Fraudulent One's rating: 1401 &rarr; <strong>1413<\/strong><br \/>(+12 for winning)\n|l|\u2606Seriousapple\n","uploadtime":1698421371,"views":11,"p1id":"seriousapple","p2id":"fraudulentone","formatid":"gen9ubers","rating":1231,"private":0,"password":""}