{"id":"gen9ubers-1980908557","p1":"RandbatsNab69","p2":"Code_Error_Shorts","format":"[Gen 9] Ubers","log":"|j|\u2606RandbatsNab69\n|j|\u2606Code_Error_Shorts\n|t:|1698848033\n|gametype|singles\n|player|p1|RandbatsNab69|1|\n|player|p2|Code_Error_Shorts|kieran-festival|\n|teamsize|p1|6\n|teamsize|p2|6\n|gen|9\n|tier|[Gen 9] Ubers\n|rule|Sleep Clause Mod: Limit one foe put to sleep\n|rule|Species Clause: Limit one of each Pok\u00e9mon\n|rule|OHKO Clause: OHKO moves are banned\n|rule|Evasion Items Clause: Evasion items are banned\n|rule|Evasion Moves Clause: Evasion moves are banned\n|rule|Endless Battle Clause: Forcing endless battles is banned\n|rule|HP Percentage Mod: HP is shown in percentages\n|clearpoke\n|poke|p1|Baxcalibur, F|\n|poke|p1|Enamorus-Therian, F|\n|poke|p1|Slowbro, F|\n|poke|p1|Scyther, M|\n|poke|p1|Pyroar, F|\n|poke|p1|Pawniard, F|\n|poke|p2|Iron Valiant|\n|poke|p2|Gastrodon, F|\n|poke|p2|Jolteon, F|\n|poke|p2|Mabosstiff, M|\n|poke|p2|Spidops, M|\n|poke|p2|Fletchinder, F|\n|teampreview\n|c|\u2606Code_Error_Shorts|glhf\n|c|\u2606RandbatsNab69|Valiant noooooo\n|c|\u2606RandbatsNab69|U can't betray me valiant\n|\n|t:|1698848106\n|start\n|switch|p1a: Pyroar|Pyroar, F|100\/100\n|switch|p2a: Gastrodon|Gastrodon, F, shiny|100\/100\n|-ability|p1a: Pyroar|Unnerve\n|turn|1\n|c|\u2606Code_Error_Shorts|what a lead\n|\n|t:|1698848116\n|move|p1a: Pyroar|Taunt|p2a: Gastrodon\n|-start|p2a: Gastrodon|move: Taunt\n|cant|p2a: Gastrodon|move: Taunt|Stockpile\n|\n|upkeep\n|turn|2\n|c|\u2606Code_Error_Shorts|the fact u stayed in when I couldve clicked a surf or earth power\n|\n|t:|1698848153\n|switch|p1a: Slowbro|Slowbro, F|100\/100\n|switch|p2a: Fletchinder|Fletchinder, F, shiny|100\/100\n|\n|upkeep\n|turn|3\n|\n|t:|1698848159\n|-terastallize|p2a: Fletchinder|Grass\n|move|p2a: Fletchinder|Swords Dance|p2a: Fletchinder\n|-boost|p2a: Fletchinder|atk|2\n|move|p1a: Slowbro|Thunder Wave|p2a: Fletchinder\n|-status|p2a: Fletchinder|par\n|\n|upkeep\n|turn|4\n|c|\u2606RandbatsNab69|!dt fletchinder\n|raw|<div class=\"message\"><ul class=\"utilichart\"><li class=\"result\"><span class=\"col numcol\">NFE<\/span> <span class=\"col iconcol\"><psicon pokemon=\"fletchinder\"\/><\/span> <span class=\"col pokemonnamecol\" style=\"white-space:nowrap\"><a href=\"https:\/\/dex.pokemonshowdown.com\/pokemon\/fletchinder\" target=\"_blank\">Fletchinder<\/a><\/span> <span class=\"col typecol\"><img src=\"https:\/\/play.pokemonshowdown.com\/sprites\/types\/Fire.png\" alt=\"Fire\" height=\"14\" width=\"32\"><img src=\"https:\/\/play.pokemonshowdown.com\/sprites\/types\/Flying.png\" alt=\"Flying\" height=\"14\" width=\"32\"><\/span> <span style=\"float:left;min-height:26px\"><span class=\"col abilitycol\">Flame Body<\/span><span class=\"col abilitycol\"><em>Gale Wings<\/em><\/span><\/span><span style=\"float:left;min-height:26px\"><span class=\"col statcol\"><em>HP<\/em><br \/>62<\/span> <span class=\"col statcol\"><em>Atk<\/em><br \/>73<\/span> <span class=\"col statcol\"><em>Def<\/em><br \/>55<\/span> <span class=\"col statcol\"><em>SpA<\/em><br \/>56<\/span> <span class=\"col statcol\"><em>SpD<\/em><br \/>52<\/span> <span class=\"col statcol\"><em>Spe<\/em><br \/>84<\/span> <span class=\"col bstcol\"><em>BST<br \/>382<\/em><\/span> <\/span><\/li><li style=\"clear:both\"><\/li><\/ul><\/div>\n|raw|<font size=\"1\"><font color=\"#686868\">Dex#:<\/font> 662&nbsp;|&ThickSpace;<font color=\"#686868\">Gen:<\/font> 6&nbsp;|&ThickSpace;<font color=\"#686868\">Height:<\/font> 0.7 m&nbsp;|&ThickSpace;<font color=\"#686868\">Weight:<\/font> 16 kg <em>(40 BP)<\/em>&nbsp;|&ThickSpace;<font color=\"#686868\">Dex Colour:<\/font> Red&nbsp;|&ThickSpace;<font color=\"#686868\">Egg Group(s):<\/font> Flying&nbsp;|&ThickSpace;<font color=\"#686868\">Pre-Evolution:<\/font> Fletchling&nbsp;|&ThickSpace;<font color=\"#686868\">Evolution:<\/font> Talonflame (35)<\/font>\n\n|\n|t:|1698848180\n|move|p2a: Fletchinder|Tera Blast|p1a: Slowbro|[anim] Tera Blast Grass\n|-supereffective|p1a: Slowbro\n|-damage|p1a: Slowbro|38\/100\n|move|p1a: Slowbro|Ice Beam|p2a: Fletchinder\n|-supereffective|p2a: Fletchinder\n|-damage|p2a: Fletchinder|37\/100 par\n|\n|upkeep\n|turn|5\n|\n|t:|1698848188\n|switch|p1a: Enamorus|Enamorus-Therian, F|100\/100\n|move|p2a: Fletchinder|Tera Blast|p1a: Enamorus|[anim] Tera Blast Grass\n|-resisted|p1a: Enamorus\n|-damage|p1a: Enamorus|82\/100\n|\n|-heal|p1a: Enamorus|89\/100|[from] item: Leftovers\n|upkeep\n|turn|6\n|\n|t:|1698848200\n|move|p1a: Enamorus|Iron Defense|p1a: Enamorus\n|-boost|p1a: Enamorus|def|2\n|move|p2a: Fletchinder|Dual Wingbeat|p1a: Enamorus\n|-damage|p1a: Enamorus|79\/100\n|-damage|p1a: Enamorus|69\/100\n|-hitcount|p1a: Enamorus|2\n|\n|-heal|p1a: Enamorus|75\/100|[from] item: Leftovers\n|upkeep\n|turn|7\n|\n|t:|1698848208\n|move|p1a: Enamorus|Calm Mind|p1a: Enamorus\n|-boost|p1a: Enamorus|spa|1\n|-boost|p1a: Enamorus|spd|1\n|cant|p2a: Fletchinder|par\n|\n|-heal|p1a: Enamorus|81\/100|[from] item: Leftovers\n|upkeep\n|turn|8\n|\n|t:|1698848212\n|move|p1a: Enamorus|Calm Mind|p1a: Enamorus\n|-boost|p1a: Enamorus|spa|1\n|-boost|p1a: Enamorus|spd|1\n|move|p2a: Fletchinder|Swords Dance|p2a: Fletchinder\n|-boost|p2a: Fletchinder|atk|2\n|\n|-heal|p1a: Enamorus|88\/100|[from] item: Leftovers\n|upkeep\n|turn|9\n|\n|t:|1698848215\n|move|p1a: Enamorus|Iron Defense|p1a: Enamorus\n|-boost|p1a: Enamorus|def|2\n|move|p2a: Fletchinder|Swords Dance|p2a: Fletchinder\n|-boost|p2a: Fletchinder|atk|2\n|\n|-heal|p1a: Enamorus|94\/100|[from] item: Leftovers\n|upkeep\n|turn|10\n|\n|t:|1698848218\n|move|p1a: Enamorus|Iron Defense|p1a: Enamorus\n|-boost|p1a: Enamorus|def|2\n|move|p2a: Fletchinder|Dual Wingbeat|p1a: Enamorus\n|-damage|p1a: Enamorus|83\/100\n|-damage|p1a: Enamorus|73\/100\n|-hitcount|p1a: Enamorus|2\n|\n|-heal|p1a: Enamorus|79\/100|[from] item: Leftovers\n|upkeep\n|turn|11\n|\n|t:|1698848224\n|move|p1a: Enamorus|Calm Mind|p1a: Enamorus\n|-boost|p1a: Enamorus|spa|1\n|-boost|p1a: Enamorus|spd|1\n|cant|p2a: Fletchinder|par\n|\n|-heal|p1a: Enamorus|86\/100|[from] item: Leftovers\n|upkeep\n|turn|12\n|\n|t:|1698848227\n|move|p1a: Enamorus|Calm Mind|p1a: Enamorus\n|-boost|p1a: Enamorus|spa|1\n|-boost|p1a: Enamorus|spd|1\n|move|p2a: Fletchinder|Flame Charge|p1a: Enamorus\n|-damage|p1a: Enamorus|74\/100\n|-boost|p2a: Fletchinder|spe|1\n|\n|-heal|p1a: Enamorus|81\/100|[from] item: Leftovers\n|upkeep\n|turn|13\n|\n|t:|1698848231\n|cant|p2a: Fletchinder|par\n|move|p1a: Enamorus|Calm Mind|p1a: Enamorus\n|-boost|p1a: Enamorus|spa|1\n|-boost|p1a: Enamorus|spd|1\n|\n|-heal|p1a: Enamorus|87\/100|[from] item: Leftovers\n|upkeep\n|turn|14\n|\n|t:|1698848234\n|move|p2a: Fletchinder|Flame Charge|p1a: Enamorus\n|-damage|p1a: Enamorus|75\/100\n|-boost|p2a: Fletchinder|spe|1\n|move|p1a: Enamorus|Calm Mind|p1a: Enamorus\n|-boost|p1a: Enamorus|spa|1\n|-boost|p1a: Enamorus|spd|1\n|\n|-heal|p1a: Enamorus|81\/100|[from] item: Leftovers\n|upkeep\n|turn|15\n|c|\u2606Code_Error_Shorts|come on crit\n|\n|t:|1698848242\n|move|p2a: Fletchinder|Dual Wingbeat|p1a: Enamorus\n|-damage|p1a: Enamorus|71\/100\n|-damage|p1a: Enamorus|60\/100\n|-hitcount|p1a: Enamorus|2\n|move|p1a: Enamorus|Draining Kiss|p2a: Fletchinder\n|-damage|p2a: Fletchinder|0 fnt\n|-heal|p1a: Enamorus|81\/100|[from] drain|[of] p2a: Fletchinder\n|faint|p2a: Fletchinder\n|\n|-heal|p1a: Enamorus|87\/100|[from] item: Leftovers\n|upkeep\n|\n|t:|1698848252\n|switch|p2a: Spidops|Spidops, M, shiny|100\/100\n|turn|16\n|\n|t:|1698848258\n|move|p1a: Enamorus|Draining Kiss|p2a: Spidops\n|-damage|p2a: Spidops|0 fnt\n|-heal|p1a: Enamorus|100\/100|[from] drain|[of] p2a: Spidops\n|-damage|p1a: Enamorus|84\/100|[from] item: Rocky Helmet|[of] p2a: Spidops\n|faint|p2a: Spidops\n|\n|-heal|p1a: Enamorus|90\/100|[from] item: Leftovers\n|upkeep\n|c|\u2606RandbatsNab69|Damn\n|\n|t:|1698848268\n|switch|p2a: Jolteon|Jolteon, F, shiny|100\/100\n|turn|17\n|\n|t:|1698848273\n|move|p2a: Jolteon|Volt Switch|p1a: Enamorus\n|-supereffective|p1a: Enamorus\n|-damage|p1a: Enamorus|77\/100\n|c|\u2606RandbatsNab69|Good chip\n|\n|t:|1698848280\n|switch|p2a: Gastrodon|Gastrodon, F, shiny|100\/100|[from] Volt Switch\n|move|p1a: Enamorus|Earth Power|p2a: Gastrodon\n|-damage|p2a: Gastrodon|33\/100\n|\n|-heal|p1a: Enamorus|83\/100|[from] item: Leftovers\n|upkeep\n|turn|18\n|\n|t:|1698848286\n|move|p1a: Enamorus|Draining Kiss|p2a: Gastrodon\n|-damage|p2a: Gastrodon|0 fnt\n|-heal|p1a: Enamorus|100\/100|[from] drain|[of] p2a: Gastrodon\n|faint|p2a: Gastrodon\n|\n|upkeep\n|c|\u2606Code_Error_Shorts|I shouldve\n|c|\u2606Code_Error_Shorts|gone into that and yawned for free\n|\n|t:|1698848297\n|switch|p2a: Mabosstiff|Mabosstiff, M, shiny|100\/100\n|-ability|p2a: Mabosstiff|Intimidate|boost\n|-unboost|p1a: Enamorus|atk|1\n|turn|19\n|\n|t:|1698848309\n|move|p2a: Mabosstiff|Jaw Lock|p1a: Enamorus\n|-resisted|p1a: Enamorus\n|-damage|p1a: Enamorus|97\/100\n|-activate|p2a: Mabosstiff|trapped\n|-activate|p1a: Enamorus|trapped\n|move|p1a: Enamorus|Draining Kiss|p2a: Mabosstiff\n|-supereffective|p2a: Mabosstiff\n|-damage|p2a: Mabosstiff|0 fnt\n|-heal|p1a: Enamorus|100\/100|[from] drain|[of] p2a: Mabosstiff\n|faint|p2a: Mabosstiff\n|\n|upkeep\n|\n|t:|1698848314\n|switch|p2a: Iron Valiant|Iron Valiant, shiny|100\/100\n|-enditem|p2a: Iron Valiant|Booster Energy\n|-activate|p2a: Iron Valiant|ability: Quark Drive|[fromitem]\n|-start|p2a: Iron Valiant|quarkdrivespe\n|turn|20\n|\n|t:|1698848318\n|move|p2a: Iron Valiant|Thunderbolt|p1a: Enamorus\n|-supereffective|p1a: Enamorus\n|-damage|p1a: Enamorus|86\/100\n|move|p1a: Enamorus|Draining Kiss|p2a: Iron Valiant\n|-supereffective|p2a: Iron Valiant\n|-damage|p2a: Iron Valiant|0 fnt\n|-heal|p1a: Enamorus|100\/100|[from] drain|[of] p2a: Iron Valiant\n|faint|p2a: Iron Valiant\n|-end|p2a: Iron Valiant|Quark Drive|[silent]\n|\n|upkeep\n|c|\u2606Code_Error_Shorts|0 crits tho is so rough\n|\n|t:|1698848325\n|switch|p2a: Jolteon|Jolteon, F, shiny|100\/100\n|turn|21\n|c|\u2606RandbatsNab69|True\n|\n|t:|1698848328\n|move|p2a: Jolteon|Volt Switch|p1a: Enamorus\n|-supereffective|p1a: Enamorus\n|-damage|p1a: Enamorus|88\/100\n|move|p1a: Enamorus|Draining Kiss|p2a: Jolteon\n|-damage|p2a: Jolteon|8\/100\n|-heal|p1a: Enamorus|100\/100|[from] drain|[of] p2a: Jolteon\n|\n|-heal|p2a: Jolteon|14\/100|[from] item: Leftovers\n|upkeep\n|turn|22\n|\n|t:|1698848333\n|move|p2a: Jolteon|Volt Switch|p1a: Enamorus\n|-supereffective|p1a: Enamorus\n|-crit|p1a: Enamorus\n|-damage|p1a: Enamorus|22\/100\n|move|p1a: Enamorus|Draining Kiss|p2a: Jolteon\n|-damage|p2a: Jolteon|0 fnt\n|-heal|p1a: Enamorus|31\/100|[from] drain|[of] p2a: Jolteon\n|faint|p2a: Jolteon\n|\n|win|RandbatsNab69\n|c|\u2606Code_Error_Shorts|one crit\n|c|\u2606RandbatsNab69|Welp\n|c|\u2606Code_Error_Shorts|gg\n|c|\u2606RandbatsNab69|U did get one\n|c|\u2606RandbatsNab69|Crit\n|c|\u2606RandbatsNab69|Gg\n","uploadtime":1698848346,"views":10,"p1id":"randbatsnab69","p2id":"codeerrorshorts","formatid":"gen9ubers","rating":0,"private":0,"password":""}