{"id":"gen9ubers-1982943512","p1":"Mathl3te","p2":"No Magearna","format":"[Gen 9] Ubers","log":"|j|\u2606Mathl3te\n|j|\u2606No Magearna\n|t:|1699061465\n|gametype|singles\n|player|p1|Mathl3te|li|\n|player|p2|No Magearna|flint|\n|teamsize|p1|6\n|teamsize|p2|6\n|gen|9\n|tier|[Gen 9] Ubers\n|rule|Sleep Clause Mod: Limit one foe put to sleep\n|rule|Species Clause: Limit one of each Pok\u00e9mon\n|rule|OHKO Clause: OHKO moves are banned\n|rule|Evasion Items Clause: Evasion items are banned\n|rule|Evasion Moves Clause: Evasion moves are banned\n|rule|Endless Battle Clause: Forcing endless battles is banned\n|rule|HP Percentage Mod: HP is shown in percentages\n|clearpoke\n|poke|p1|Blissey, F|\n|poke|p1|Rotom-Mow|\n|poke|p1|Greninja-*, M|\n|poke|p1|Dragapult, M|\n|poke|p1|Sneasler, F|\n|poke|p1|Weezing, F|\n|poke|p2|Tornadus-Therian, M|\n|poke|p2|Chi-Yu|\n|poke|p2|Conkeldurr, F|\n|poke|p2|Kleavor, F|\n|poke|p2|Azumarill, F|\n|poke|p2|Zoroark, M|\n|teampreview\n|c|\u2606Mathl3te|Gl hf fam\n|l|\u2606Mathl3te\n|player|p1|\n|j| Jullo27\n|j| SilveryMP\n|c|\u2606No Magearna|you too\n|j|\u2606Mathl3te\n|player|p1|Mathl3te|li\n|c| SilveryMP|If I see this Blissey click Calm Mind I am going to storm the capital\n|c|\u2606Mathl3te|I don\u2019t remember my set built a while ago I\u2019m sure it\u2019s good\n|l| SilveryMP\n|j| SilveryMP\n|\n|t:|1699061589\n|start\n|switch|p1a: Sneasler|Sneasler, F|100\/100\n|switch|p2a: Chi-Yu|Chi-Yu|100\/100\n|-ability|p2a: Chi-Yu|Beads of Ruin\n|turn|1\n|c|\u2606Mathl3te|I sent invite saw team called some Donkus and said fuck it we ball\n|c|\u2606No Magearna|millions must ball\n|l| SilveryMP\n|c| Jullo27|Does it have the right tera types\n|\n|t:|1699061666\n|move|p1a: Sneasler|Fake Out|p2a: Chi-Yu\n|-damage|p2a: Chi-Yu|78\/100\n|cant|p2a: Chi-Yu|flinch\n|\n|upkeep\n|turn|2\n|c|\u2606Mathl3te|Hopefully I\u2019ll check mid game not pulling an aria\n|\n|t:|1699061716\n|switch|p1a: Blissey|Blissey, F|100\/100\n|move|p2a: Chi-Yu|Overheat|p1a: Blissey\n|-damage|p1a: Blissey|75\/100\n|-unboost|p2a: Chi-Yu|spa|2\n|\n|-heal|p1a: Blissey|81\/100|[from] item: Leftovers\n|upkeep\n|turn|3\n|\n|t:|1699061805\n|switch|p2a: Kleavor|Kleavor, F|100\/100\n|move|p1a: Blissey|Thunder Wave|p2a: Kleavor\n|-status|p2a: Kleavor|par\n|\n|-heal|p1a: Blissey|87\/100|[from] item: Leftovers\n|upkeep\n|turn|4\n|\n|t:|1699061831\n|switch|p1a: Rotom|Rotom-Mow|100\/100\n|move|p2a: Kleavor|Stone Axe|p1a: Rotom\n|-damage|p1a: Rotom|61\/100\n|-sidestart|p1: Mathl3te|move: Stealth Rock\n|\n|-heal|p1a: Rotom|67\/100|[from] item: Leftovers\n|upkeep\n|turn|5\n|\n|t:|1699061840\n|move|p1a: Rotom|Volt Switch|p2a: Kleavor\n|-damage|p2a: Kleavor|62\/100 par\n|\n|t:|1699061843\n|switch|p1a: Weezing|Weezing, F|100\/100|[from] Volt Switch\n|-damage|p1a: Weezing|88\/100|[from] Stealth Rock\n|move|p2a: Kleavor|U-turn|p1a: Weezing\n|-resisted|p1a: Weezing\n|-damage|p1a: Weezing|77\/100\n|\n|t:|1699061868\n|switch|p2a: Tornadus|Tornadus-Therian, M|100\/100|[from] U-turn\n|\n|-heal|p1a: Weezing|83\/100|[from] item: Black Sludge\n|upkeep\n|turn|6\n|j| SilveryMP\n|l| SilveryMP\n|\n|t:|1699061965\n|switch|p2a: Azumarill|Azumarill, F|100\/100\n|switch|p1a: Blissey|Blissey, F|87\/100\n|-damage|p1a: Blissey|75\/100|[from] Stealth Rock\n|\n|-heal|p1a: Blissey|81\/100|[from] item: Leftovers\n|upkeep\n|turn|7\n|\n|t:|1699062008\n|switch|p1a: Rotom|Rotom-Mow|67\/100\n|-damage|p1a: Rotom|55\/100|[from] Stealth Rock\n|move|p2a: Azumarill|Knock Off|p1a: Rotom\n|-damage|p1a: Rotom|21\/100\n|-enditem|p1a: Rotom|Leftovers|[from] move: Knock Off|[of] p2a: Azumarill\n|\n|upkeep\n|turn|8\n|l|\u2606Mathl3te\n|player|p1|\n|j|\u2606Mathl3te\n|player|p1|Mathl3te|li\n|\n|t:|1699062121\n|switch|p2a: Kleavor|Kleavor, F|62\/100 par\n|move|p1a: Rotom|Volt Switch|p2a: Kleavor\n|-damage|p2a: Kleavor|19\/100 par\n|\n|t:|1699062136\n|switch|p1a: Greninja|Greninja, M|100\/100|[from] Volt Switch\n|-damage|p1a: Greninja|88\/100|[from] Stealth Rock\n|\n|upkeep\n|turn|9\n|\n|t:|1699062157\n|move|p1a: Greninja|Water Shuriken|p2a: Kleavor\n|-supereffective|p2a: Kleavor\n|-damage|p2a: Kleavor|0 fnt\n|faint|p2a: Kleavor\n|-ability|p1a: Greninja|Battle Bond|boost\n|-boost|p1a: Greninja|atk|1\n|-boost|p1a: Greninja|spa|1\n|-boost|p1a: Greninja|spe|1\n|-activate|p1a: Greninja|ability: Battle Bond\n|-hitcount|p2: Kleavor|1\n|-damage|p1a: Greninja|78\/100|[from] item: Life Orb\n|\n|upkeep\n|\n|t:|1699062167\n|switch|p2a: Conkeldurr|Conkeldurr, F|100\/100\n|turn|10\n|\n|t:|1699062240\n|move|p1a: Greninja|Water Shuriken|p2a: Conkeldurr\n|-damage|p2a: Conkeldurr|91\/100\n|-damage|p2a: Conkeldurr|80\/100\n|-damage|p2a: Conkeldurr|71\/100\n|-damage|p2a: Conkeldurr|61\/100\n|-damage|p2a: Conkeldurr|50\/100\n|-hitcount|p2a: Conkeldurr|5\n|-damage|p1a: Greninja|69\/100|[from] item: Life Orb\n|move|p2a: Conkeldurr|Bulk Up|p2a: Conkeldurr\n|-boost|p2a: Conkeldurr|atk|1\n|-boost|p2a: Conkeldurr|def|1\n|\n|-heal|p2a: Conkeldurr|56\/100|[from] item: Leftovers\n|upkeep\n|turn|11\n|c|\u2606No Magearna|when the 2-3 hit move hits 5 times\n|c|\u2606No Magearna|when the 5 hit 2-3 hit move hits 2-5 times the whole time\n|c|\u2606No Magearna|like since inception\n|c|\u2606No Magearna|wtf\n|j| spritecheat14\n|c| spritecheat14|what is blud wafflin about\n|\n|t:|1699062315\n|move|p1a: Greninja|Water Shuriken|p2a: Conkeldurr\n|-damage|p2a: Conkeldurr|46\/100\n|-damage|p2a: Conkeldurr|37\/100\n|-damage|p2a: Conkeldurr|27\/100\n|-hitcount|p2a: Conkeldurr|3\n|-damage|p1a: Greninja|59\/100|[from] item: Life Orb\n|move|p2a: Conkeldurr|Mach Punch|p1a: Greninja\n|-supereffective|p1a: Greninja\n|-damage|p1a: Greninja|0 fnt\n|faint|p1a: Greninja\n|\n|-heal|p2a: Conkeldurr|33\/100|[from] item: Leftovers\n|upkeep\n|c|\u2606Mathl3te|Lol\n|\n|t:|1699062333\n|switch|p1a: Dragapult|Dragapult, M|100\/100\n|-damage|p1a: Dragapult|88\/100|[from] Stealth Rock\n|turn|12\n|\n|t:|1699062347\n|move|p1a: Dragapult|Shadow Ball|p2a: Conkeldurr\n|-damage|p2a: Conkeldurr|0 fnt\n|faint|p2a: Conkeldurr\n|\n|upkeep\n|c|\u2606No Magearna|could have sworn it was 2-3\n|c|\u2606Mathl3te|Lol nah I think always 2-5\n|c|\u2606No Magearna|yeah im tweeking\n|c|\u2606Mathl3te|Think always 3 after battle bond\n|c|\u2606Mathl3te|3+\n|c|\u2606Mathl3te|but that was before they nerfed bond\n|\n|t:|1699062448\n|switch|p2a: Tornadus|Tornadus-Therian, M|100\/100\n|turn|13\n|\n|t:|1699062523\n|switch|p1a: Rotom|Rotom-Mow|21\/100\n|-damage|p1a: Rotom|9\/100|[from] Stealth Rock\n|move|p2a: Tornadus|Dark Pulse|p1a: Rotom\n|-damage|p1a: Rotom|0 fnt\n|faint|p1a: Rotom\n|-damage|p2a: Tornadus|91\/100|[from] item: Life Orb\n|\n|upkeep\n|\n|t:|1699062535\n|switch|p1a: Blissey|Blissey, F|81\/100\n|-damage|p1a: Blissey|69\/100|[from] Stealth Rock\n|turn|14\n|j| SilveryMP\n|\n|t:|1699062569\n|switch|p2a: Chi-Yu|Chi-Yu|78\/100\n|-ability|p2a: Chi-Yu|Beads of Ruin\n|-terastallize|p1a: Blissey|Fairy\n|move|p1a: Blissey|Stealth Rock|p2a: Chi-Yu\n|-sidestart|p2: No Magearna|move: Stealth Rock\n|\n|-heal|p1a: Blissey|75\/100|[from] item: Leftovers\n|upkeep\n|turn|15\n|\n|t:|1699062585\n|move|p2a: Chi-Yu|Flamethrower|p1a: Blissey\n|-damage|p1a: Blissey|55\/100\n|move|p1a: Blissey|Soft-Boiled|p1a: Blissey\n|-heal|p1a: Blissey|100\/100\n|\n|upkeep\n|turn|16\n|l| SilveryMP\n|\n|t:|1699062592\n|move|p2a: Chi-Yu|Flamethrower|p1a: Blissey\n|-damage|p1a: Blissey|81\/100\n|move|p1a: Blissey|Thunder Wave|p2a: Chi-Yu\n|-status|p2a: Chi-Yu|par\n|\n|-heal|p1a: Blissey|87\/100|[from] item: Leftovers\n|upkeep\n|turn|17\n|\n|t:|1699062597\n|move|p2a: Chi-Yu|Flamethrower|p1a: Blissey\n|-damage|p1a: Blissey|71\/100\n|move|p1a: Blissey|Seismic Toss|p2a: Chi-Yu\n|-damage|p2a: Chi-Yu|38\/100 par\n|\n|-heal|p1a: Blissey|77\/100|[from] item: Leftovers\n|upkeep\n|turn|18\n|\n|t:|1699062605\n|move|p2a: Chi-Yu|Flamethrower|p1a: Blissey\n|-damage|p1a: Blissey|59\/100\n|move|p1a: Blissey|Seismic Toss|p2a: Chi-Yu\n|-damage|p2a: Chi-Yu|0 fnt\n|faint|p2a: Chi-Yu\n|\n|-heal|p1a: Blissey|65\/100|[from] item: Leftovers\n|upkeep\n|j| SilveryMP\n|l| SilveryMP\n|\n|t:|1699062630\n|switch|p2a: Azumarill|Azumarill, F|100\/100\n|-damage|p2a: Azumarill|88\/100|[from] Stealth Rock\n|turn|19\n|\n|t:|1699062703\n|switch|p1a: Weezing|Weezing, F|83\/100\n|-damage|p1a: Weezing|71\/100|[from] Stealth Rock\n|move|p2a: Azumarill|Belly Drum|p2a: Azumarill\n|-damage|p2a: Azumarill|38\/100\n|-setboost|p2a: Azumarill|atk|6|[from] move: Belly Drum\n|\n|-heal|p1a: Weezing|77\/100|[from] item: Black Sludge\n|upkeep\n|turn|20\n|\n|t:|1699062724\n|move|p2a: Azumarill|Liquidation|p1a: Weezing\n|-damage|p1a: Weezing|0 fnt\n|faint|p1a: Weezing\n|\n|upkeep\n|\n|t:|1699062729\n|switch|p1a: Sneasler|Sneasler, F|100\/100\n|turn|21\n|\n|t:|1699062734\n|move|p1a: Sneasler|Fake Out|p2a: Azumarill\n|-damage|p2a: Azumarill|22\/100\n|cant|p2a: Azumarill|flinch\n|\n|upkeep\n|turn|22\n|\n|t:|1699062777\n|move|p2a: Azumarill|Aqua Jet|p1a: Sneasler\n|-damage|p1a: Sneasler|0 fnt\n|faint|p1a: Sneasler\n|\n|upkeep\n|\n|t:|1699062781\n|switch|p1a: Dragapult|Dragapult, M|88\/100\n|-damage|p1a: Dragapult|76\/100|[from] Stealth Rock\n|turn|23\n|\n|t:|1699062804\n|move|p2a: Azumarill|Aqua Jet|p1a: Dragapult\n|-resisted|p1a: Dragapult\n|-damage|p1a: Dragapult|0 fnt\n|faint|p1a: Dragapult\n|\n|upkeep\n|\n|t:|1699062807\n|switch|p1a: Blissey|Blissey, F, tera:Fairy|65\/100\n|-damage|p1a: Blissey|53\/100|[from] Stealth Rock\n|turn|24\n|c|\u2606Mathl3te|Gg damn\n|\n|t:|1699062829\n|move|p2a: Azumarill|Aqua Jet|p1a: Blissey\n|-damage|p1a: Blissey|0 fnt\n|faint|p1a: Blissey\n|\n|win|No Magearna\n|c|\u2606No Magearna|good game\n|l|\u2606Mathl3te\n|j|\u2606Mathl3te\n|player|p1|Mathl3te|li\n","uploadtime":1699062948,"views":19,"p1id":"mathl3te","p2id":"nomagearna","formatid":"gen9ubers","rating":0,"private":0,"password":""}