{"id":"gen9ubers-1976355248","p1":"PinkScourge","p2":"Kinesquared","format":"[Gen 9] Ubers","log":"|j|\u2606PinkScourge\n|j|\u2606Kinesquared\n|t:|1698290445\n|gametype|singles\n|player|p1|PinkScourge|bede-leader|\n|player|p2|Kinesquared|scientist-gen4dp|\n|teamsize|p1|6\n|teamsize|p2|6\n|gen|9\n|tier|[Gen 9] Ubers\n|rule|Sleep Clause Mod: Limit one foe put to sleep\n|rule|Species Clause: Limit one of each Pok\u00e9mon\n|rule|OHKO Clause: OHKO moves are banned\n|rule|Evasion Items Clause: Evasion items are banned\n|rule|Evasion Moves Clause: Evasion moves are banned\n|rule|Endless Battle Clause: Forcing endless battles is banned\n|rule|HP Percentage Mod: HP is shown in percentages\n|clearpoke\n|poke|p1|Alomomola, F|\n|poke|p1|Rillaboom, F|\n|poke|p1|Shaymin-Sky|\n|poke|p1|Heatran, M|\n|poke|p1|Arceus-Grass|\n|poke|p1|Weezing-Galar, F|\n|poke|p2|Arceus-Ice|\n|poke|p2|Palafin, M|\n|poke|p2|Slowking-Galar, M|\n|poke|p2|Landorus, M|\n|poke|p2|Giratina|\n|poke|p2|Zacian-*|\n|teampreview\n|inactive|Battle timer is ON: inactive players will automatically lose when time's up. (requested by PinkScourge)\n|c|\u2606Kinesquared|this looks like a saucy team\n|j| Nitro524\n|c|\u2606Kinesquared|3 grass types oml\n|j| FrostyRandom02\n|inactive|Kinesquared has 270 seconds left.\n|\n|t:|1698290476\n|start\n|switch|p1a: Rillaboom|Rillaboom, F|100\/100\n|switch|p2a: Slowking|Slowking-Galar, M|100\/100\n|-fieldstart|move: Grassy Terrain|[from] ability: Grassy Surge|[of] p1a: Rillaboom\n|turn|1\n|c|\u2606PinkScourge|I have been cooking a bit\n|\n|t:|1698290494\n|move|p1a: Rillaboom|Knock Off|p2a: Slowking\n|-supereffective|p2a: Slowking\n|-damage|p2a: Slowking|26\/100\n|-enditem|p2a: Slowking|Covert Cloak|[from] move: Knock Off|[of] p1a: Rillaboom\n|move|p2a: Slowking|Future Sight|p1a: Rillaboom\n|-start|p2a: Slowking|move: Future Sight\n|\n|-heal|p2a: Slowking|32\/100|[from] Grassy Terrain\n|upkeep\n|turn|2\n|\n|t:|1698290504\n|switch|p2a: Giratina|Giratina|100\/100\n|-ability|p2a: Giratina|Pressure\n|move|p1a: Rillaboom|U-turn|p2a: Giratina\n|-resisted|p2a: Giratina\n|-damage|p2a: Giratina|93\/100\n|\n|t:|1698290509\n|switch|p1a: Heatran|Heatran, M|100\/100|[from] U-turn\n|\n|-heal|p2a: Giratina|99\/100|[from] Grassy Terrain\n|-heal|p2a: Giratina|100\/100|[from] item: Leftovers\n|upkeep\n|turn|3\n|c| Nitro524|this is the person that subjected me to 127 turns of self-induced rain stall\n|c| Nitro524|good luck.\n|\n|t:|1698290525\n|switch|p2a: Slowking|Slowking-Galar, M|66\/100\n|move|p1a: Heatran|Magma Storm|p2a: Slowking|[miss]\n|-miss|p1a: Heatran|p2a: Slowking\n|\n|-end|p1a: Heatran|move: Future Sight\n|-resisted|p1a: Heatran\n|-damage|p1a: Heatran|86\/100\n|-heal|p1a: Heatran|92\/100|[from] Grassy Terrain\n|-heal|p1a: Heatran|98\/100|[from] item: Leftovers\n|-heal|p2a: Slowking|72\/100|[from] Grassy Terrain\n|upkeep\n|turn|4\n|\n|t:|1698290538\n|move|p1a: Heatran|Taunt|p2a: Slowking\n|-start|p2a: Slowking|move: Taunt\n|cant|p2a: Slowking|move: Taunt|Chilly Reception\n|\n|-heal|p1a: Heatran|100\/100|[from] Grassy Terrain\n|-heal|p2a: Slowking|78\/100|[from] Grassy Terrain\n|upkeep\n|turn|5\n|\n|t:|1698290548\n|switch|p2a: Palafin|Palafin, M|100\/100\n|move|p1a: Heatran|Will-O-Wisp|p2a: Palafin\n|-status|p2a: Palafin|brn\n|\n|-damage|p2a: Palafin|94\/100 brn|[from] brn\n|upkeep\n|turn|6\n|\n|t:|1698290557\n|switch|p1a: Alomomola|Alomomola, F|100\/100\n|move|p2a: Palafin|Flip Turn|p1a: Alomomola\n|-resisted|p1a: Alomomola\n|-damage|p1a: Alomomola|95\/100\n|-damage|p2a: Palafin|78\/100 brn|[from] item: Rocky Helmet|[of] p1a: Alomomola\n|c|\u2606Kinesquared|oml\n|\n|t:|1698290563\n|detailschange|p2a: Palafin|Palafin-Hero, M\n|switch|p2a: Arceus|Arceus-Ice|100\/100|[from] Flip Turn\n|\n|-heal|p1a: Alomomola|100\/100|[from] Grassy Terrain\n|upkeep\n|turn|7\n|\n|t:|1698290575\n|move|p2a: Arceus|Calm Mind|p2a: Arceus\n|-boost|p2a: Arceus|spa|1\n|-boost|p2a: Arceus|spd|1\n|move|p1a: Alomomola|Flip Turn|p2a: Arceus\n|-damage|p2a: Arceus|90\/100\n|\n|t:|1698290591\n|switch|p1a: Heatran|Heatran, M|100\/100|[from] Flip Turn\n|\n|-heal|p2a: Arceus|96\/100|[from] Grassy Terrain\n|upkeep\n|turn|8\n|j| Leo Justice\n|\n|t:|1698290612\n|-terastallize|p2a: Arceus|Electric\n|move|p2a: Arceus|Calm Mind|p2a: Arceus\n|-boost|p2a: Arceus|spa|1\n|-boost|p2a: Arceus|spd|1\n|move|p1a: Heatran|Magma Storm|p2a: Arceus|[miss]\n|-miss|p1a: Heatran|p2a: Arceus\n|\n|-heal|p2a: Arceus|100\/100|[from] Grassy Terrain\n|-fieldend|move: Grassy Terrain\n|upkeep\n|turn|9\n|\n|t:|1698290627\n|move|p2a: Arceus|Thunderbolt|p1a: Heatran\n|-damage|p1a: Heatran|59\/100\n|move|p1a: Heatran|Taunt|p2a: Arceus\n|-start|p2a: Arceus|move: Taunt\n|\n|-heal|p1a: Heatran|66\/100|[from] item: Leftovers\n|upkeep\n|turn|10\n|\n|t:|1698290636\n|move|p2a: Arceus|Thunderbolt|p1a: Heatran\n|-damage|p1a: Heatran|21\/100\n|-status|p1a: Heatran|par\n|cant|p1a: Heatran|par\n|\n|-heal|p1a: Heatran|27\/100 par|[from] item: Leftovers\n|upkeep\n|turn|11\n|\n|t:|1698290646\n|switch|p1a: Rillaboom|Rillaboom, F|100\/100\n|-fieldstart|move: Grassy Terrain|[from] ability: Grassy Surge|[of] p1a: Rillaboom\n|move|p2a: Arceus|Thunderbolt|p1a: Rillaboom\n|-resisted|p1a: Rillaboom\n|-damage|p1a: Rillaboom|56\/100\n|\n|-heal|p1a: Rillaboom|62\/100|[from] Grassy Terrain\n|upkeep\n|turn|12\n|inactive|PinkScourge has 270 seconds left.\n|\n|t:|1698290683\n|move|p2a: Arceus|Judgment|p1a: Rillaboom\n|-supereffective|p1a: Rillaboom\n|-damage|p1a: Rillaboom|0 fnt\n|faint|p1a: Rillaboom\n|\n|-end|p2a: Arceus|move: Taunt\n|upkeep\n|\n|t:|1698290687\n|switch|p1a: Arceus|Arceus-Grass|100\/100\n|turn|13\n|\n|t:|1698290694\n|-terastallize|p1a: Arceus|Poison\n|move|p2a: Arceus|Judgment|p1a: Arceus\n|-damage|p1a: Arceus|52\/100\n|move|p1a: Arceus|Roar|p2a: Arceus\n|drag|p2a: Landorus|Landorus, M|100\/100\n|\n|-heal|p1a: Arceus|58\/100|[from] Grassy Terrain\n|upkeep\n|turn|14\n|j| fwuffypetsowo\n|\n|t:|1698290706\n|switch|p1a: Alomomola|Alomomola, F|100\/100\n|move|p2a: Landorus|U-turn|p1a: Alomomola\n|-damage|p1a: Alomomola|90\/100\n|-damage|p2a: Landorus|84\/100|[from] item: Rocky Helmet|[of] p1a: Alomomola\n|\n|t:|1698290718\n|switch|p2a: Arceus|Arceus-Ice, tera:Electric|100\/100|[from] U-turn\n|\n|-heal|p1a: Alomomola|96\/100|[from] Grassy Terrain\n|upkeep\n|turn|15\n|\n|t:|1698290728\n|move|p2a: Arceus|Thunderbolt|p1a: Alomomola\n|-supereffective|p1a: Alomomola\n|-damage|p1a: Alomomola|28\/100\n|move|p1a: Alomomola|Flip Turn|p2a: Arceus\n|-damage|p2a: Arceus|89\/100\n|\n|t:|1698290738\n|switch|p1a: Arceus|Arceus-Grass, tera:Poison|58\/100|[from] Flip Turn\n|\n|-heal|p2a: Arceus|95\/100|[from] Grassy Terrain\n|-heal|p1a: Arceus|64\/100|[from] Grassy Terrain\n|upkeep\n|turn|16\n|\n|t:|1698290745\n|switch|p2a: Giratina|Giratina|100\/100\n|-ability|p2a: Giratina|Pressure\n|move|p1a: Arceus|Recover|p1a: Arceus\n|-heal|p1a: Arceus|100\/100\n|\n|upkeep\n|turn|17\n|\n|t:|1698290754\n|switch|p1a: Alomomola|Alomomola, F|61\/100\n|move|p2a: Giratina|Will-O-Wisp|p1a: Alomomola\n|-status|p1a: Alomomola|brn\n|\n|-heal|p1a: Alomomola|67\/100 brn|[from] Grassy Terrain\n|-damage|p1a: Alomomola|61\/100 brn|[from] brn\n|upkeep\n|turn|18\n|\n|t:|1698290764\n|move|p1a: Alomomola|Mirror Coat||[still]\n|-fail|p1a: Alomomola\n|move|p2a: Giratina|Roar|p1a: Alomomola\n|drag|p1a: Arceus|Arceus-Grass, tera:Poison|100\/100\n|\n|-fieldend|move: Grassy Terrain\n|upkeep\n|turn|19\n|\n|t:|1698290773\n|switch|p1a: Alomomola|Alomomola, F|94\/100 brn\n|move|p2a: Giratina|Will-O-Wisp|p1a: Alomomola\n|-fail|p1a: Alomomola|brn\n|\n|-damage|p1a: Alomomola|88\/100 brn|[from] brn\n|upkeep\n|turn|20\n|\n|t:|1698290784\n|switch|p2a: Arceus|Arceus-Ice, tera:Electric|95\/100\n|move|p1a: Alomomola|Wish|p1a: Alomomola\n|\n|-damage|p1a: Alomomola|82\/100 brn|[from] brn\n|upkeep\n|turn|21\n|\n|t:|1698290789\n|move|p2a: Arceus|Calm Mind|p2a: Arceus\n|-boost|p2a: Arceus|spa|1\n|-boost|p2a: Arceus|spd|1\n|move|p1a: Alomomola|Flip Turn|p2a: Arceus\n|-damage|p2a: Arceus|90\/100\n|c|\u2606Kinesquared|why doesn't electric resist water fr\n|\n|t:|1698290805\n|switch|p1a: Arceus|Arceus-Grass, tera:Poison|100\/100|[from] Flip Turn\n|\n|upkeep\n|turn|22\n|\n|t:|1698290814\n|move|p2a: Arceus|Thunderbolt|p1a: Arceus\n|-damage|p1a: Arceus|75\/100\n|move|p1a: Arceus|Roar|p2a: Arceus\n|drag|p2a: Palafin|Palafin-Hero, M|78\/100 brn\n|-activate|p2a: Palafin|ability: Zero to Hero\n|\n|-damage|p2a: Palafin|72\/100 brn|[from] brn\n|upkeep\n|turn|23\n|\n|t:|1698290827\n|switch|p1a: Alomomola|Alomomola, F|100\/100 brn\n|move|p2a: Palafin|Wave Crash|p1a: Alomomola\n|-resisted|p1a: Alomomola\n|-damage|p1a: Alomomola|84\/100 brn\n|-damage|p2a: Palafin|55\/100 brn|[from] item: Rocky Helmet|[of] p1a: Alomomola\n|-damage|p2a: Palafin|49\/100 brn|[from] Recoil\n|\n|-damage|p2a: Palafin|42\/100 brn|[from] brn\n|-damage|p1a: Alomomola|78\/100 brn|[from] brn\n|upkeep\n|turn|24\n|\n|t:|1698290837\n|switch|p2a: Giratina|Giratina|100\/100\n|-ability|p2a: Giratina|Pressure\n|move|p1a: Alomomola|Wish|p1a: Alomomola\n|\n|-damage|p1a: Alomomola|71\/100 brn|[from] brn\n|upkeep\n|turn|25\n|\n|t:|1698290846\n|move|p2a: Giratina|Will-O-Wisp|p1a: Alomomola\n|-fail|p1a: Alomomola|brn\n|move|p1a: Alomomola|Flip Turn|p2a: Giratina\n|-resisted|p2a: Giratina\n|-damage|p2a: Giratina|98\/100\n|\n|t:|1698290848\n|switch|p1a: Heatran|Heatran, M|27\/100 par|[from] Flip Turn\n|\n|-heal|p1a: Heatran|90\/100 par|[from] move: Wish|[wisher] Alomomola\n|-heal|p2a: Giratina|100\/100|[from] item: Leftovers\n|-heal|p1a: Heatran|96\/100 par|[from] item: Leftovers\n|upkeep\n|turn|26\n|\n|t:|1698290859\n|move|p2a: Giratina|Hex|p1a: Heatran\n|-damage|p1a: Heatran|67\/100 par\n|cant|p1a: Heatran|par\n|\n|-heal|p1a: Heatran|73\/100 par|[from] item: Leftovers\n|upkeep\n|turn|27\n|\n|t:|1698290865\n|move|p2a: Giratina|Hex|p1a: Heatran\n|-damage|p1a: Heatran|48\/100 par\n|cant|p1a: Heatran|par\n|\n|-heal|p1a: Heatran|54\/100 par|[from] item: Leftovers\n|upkeep\n|turn|28\n|\n|t:|1698290871\n|move|p2a: Giratina|Hex|p1a: Heatran\n|-damage|p1a: Heatran|25\/100 par\n|cant|p1a: Heatran|par\n|\n|-heal|p1a: Heatran|31\/100 par|[from] item: Leftovers\n|upkeep\n|turn|29\n|c|\u2606PinkScourge|Ah...\n|c|\u2606Kinesquared|...\n|c|\u2606Kinesquared|I'm using founder privilege\n|\n|t:|1698290888\n|switch|p1a: Alomomola|Alomomola, F|100\/100 brn\n|move|p2a: Giratina|Hex|p1a: Alomomola\n|-damage|p1a: Alomomola|64\/100 brn\n|\n|-damage|p1a: Alomomola|57\/100 brn|[from] brn\n|upkeep\n|turn|30\n|\n|t:|1698290894\n|move|p2a: Giratina|Hex|p1a: Alomomola\n|-damage|p1a: Alomomola|21\/100 brn\n|move|p1a: Alomomola|Wish|p1a: Alomomola\n|\n|-damage|p1a: Alomomola|15\/100 brn|[from] brn\n|upkeep\n|turn|31\n|\n|t:|1698290905\n|switch|p2a: Arceus|Arceus-Ice, tera:Electric|90\/100\n|switch|p1a: Heatran|Heatran, M|31\/100 par\n|\n|-heal|p1a: Heatran|94\/100 par|[from] move: Wish|[wisher] Alomomola\n|-heal|p1a: Heatran|99\/100 par|[from] item: Leftovers\n|upkeep\n|turn|32\n|\n|t:|1698290916\n|move|p2a: Arceus|Calm Mind|p2a: Arceus\n|-boost|p2a: Arceus|spa|1\n|-boost|p2a: Arceus|spd|1\n|move|p1a: Heatran|Will-O-Wisp|p2a: Arceus\n|-status|p2a: Arceus|brn\n|\n|-heal|p1a: Heatran|100\/100 par|[from] item: Leftovers\n|-damage|p2a: Arceus|84\/100 brn|[from] brn\n|upkeep\n|turn|33\n|\n|t:|1698290934\n|move|p2a: Arceus|Thunderbolt|p1a: Heatran\n|-damage|p1a: Heatran|66\/100 par\n|move|p1a: Heatran|Taunt|p2a: Arceus\n|-start|p2a: Arceus|move: Taunt\n|\n|-heal|p1a: Heatran|73\/100 par|[from] item: Leftovers\n|-damage|p2a: Arceus|77\/100 brn|[from] brn\n|upkeep\n|turn|34\n|\n|t:|1698290944\n|switch|p2a: Palafin|Palafin-Hero, M|42\/100 brn\n|move|p1a: Heatran|Magma Storm|p2a: Palafin\n|-resisted|p2a: Palafin\n|-damage|p2a: Palafin|22\/100 brn\n|-activate|p2a: Palafin|move: Magma Storm|[of] p1a: Heatran\n|\n|-heal|p1a: Heatran|79\/100 par|[from] item: Leftovers\n|-damage|p2a: Palafin|16\/100 brn|[from] brn\n|-damage|p2a: Palafin|4\/100 brn|[from] move: Magma Storm|[partiallytrapped]\n|upkeep\n|turn|35\n|\n|t:|1698290961\n|switch|p1a: Alomomola|Alomomola, F|48\/100 brn\n|move|p2a: Palafin|Flip Turn|p1a: Alomomola\n|-resisted|p1a: Alomomola\n|-damage|p1a: Alomomola|38\/100 brn\n|-damage|p2a: Palafin|0 fnt|[from] item: Rocky Helmet|[of] p1a: Alomomola\n|faint|p2a: Palafin\n|\n|-damage|p1a: Alomomola|32\/100 brn|[from] brn\n|upkeep\n|inactive|Kinesquared has 270 seconds left.\n|\n|t:|1698290990\n|switch|p2a: Zacian|Zacian|100\/100\n|-ability|p2a: Zacian|Intrepid Sword|boost\n|-boost|p2a: Zacian|atk|1\n|turn|36\n|inactive|Kinesquared has 270 seconds left.\n|\n|t:|1698290997\n|switch|p1a: Weezing|Weezing-Galar, F|100\/100\n|-ability|p1a: Weezing|Neutralizing Gas\n|move|p2a: Zacian|Swords Dance|p2a: Zacian\n|-boost|p2a: Zacian|atk|2\n|\n|upkeep\n|turn|37\n|inactive|Kinesquared has 270 seconds left.\n|\n|t:|1698291009\n|move|p2a: Zacian|Play Rough|p1a: Weezing|[miss]\n|-miss|p2a: Zacian|p1a: Weezing\n|move|p1a: Weezing|Haze|p1a: Weezing\n|-clearallboost\n|\n|upkeep\n|turn|38\n|\n|t:|1698291017\n|switch|p2a: Slowking|Slowking-Galar, M|100\/100\n|move|p1a: Weezing|Will-O-Wisp|p2a: Slowking\n|-status|p2a: Slowking|brn\n|\n|-damage|p2a: Slowking|94\/100 brn|[from] brn\n|upkeep\n|turn|39\n|\n|t:|1698291025\n|-end|p1a: Weezing|ability: Neutralizing Gas\n|switch|p1a: Alomomola|Alomomola, F|65\/100 brn\n|move|p2a: Slowking|Future Sight|p1a: Alomomola\n|-start|p2a: Slowking|move: Future Sight\n|\n|-damage|p1a: Alomomola|59\/100 brn|[from] brn\n|-damage|p2a: Slowking|88\/100 brn|[from] brn\n|upkeep\n|turn|40\n|\n|t:|1698291033\n|move|p1a: Alomomola|Wish|p1a: Alomomola\n|move|p2a: Slowking|Chilly Reception|p2a: Slowking\n|-weather|Snow\n|\n|t:|1698291046\n|switch|p2a: Landorus|Landorus, M|84\/100|[from] Chilly Reception\n|\n|-weather|Snow|[upkeep]\n|-damage|p1a: Alomomola|53\/100 brn|[from] brn\n|upkeep\n|turn|41\n|\n|t:|1698291054\n|move|p1a: Alomomola|Protect|p1a: Alomomola\n|-singleturn|p1a: Alomomola|Protect\n|move|p2a: Landorus|Earth Power|p1a: Alomomola\n|-activate|p1a: Alomomola|move: Protect\n|\n|-weather|Snow|[upkeep]\n|-end|p1a: Alomomola|move: Future Sight\n|-damage|p1a: Alomomola|11\/100 brn\n|-heal|p1a: Alomomola|61\/100 brn|[from] move: Wish|[wisher] Alomomola\n|-damage|p1a: Alomomola|55\/100 brn|[from] brn\n|upkeep\n|turn|42\n|\n|t:|1698291067\n|switch|p1a: Shaymin|Shaymin-Sky|100\/100\n|move|p2a: Landorus|Earth Power|p1a: Shaymin\n|-immune|p1a: Shaymin\n|\n|-weather|Snow|[upkeep]\n|upkeep\n|turn|43\n|\n|t:|1698291080\n|switch|p2a: Slowking|Slowking-Galar, M|100\/100 brn\n|move|p1a: Shaymin|Air Slash|p2a: Slowking\n|-damage|p2a: Slowking|76\/100 brn\n|\n|-weather|Snow|[upkeep]\n|-damage|p2a: Slowking|70\/100 brn|[from] brn\n|upkeep\n|turn|44\n|\n|t:|1698291088\n|move|p1a: Shaymin|Air Slash|p2a: Slowking\n|-damage|p2a: Slowking|45\/100 brn\n|move|p2a: Slowking|Ice Beam|p1a: Shaymin\n|-supereffective|p1a: Shaymin\n|-damage|p1a: Shaymin|0 fnt\n|faint|p1a: Shaymin\n|\n|-weather|none\n|-damage|p2a: Slowking|39\/100 brn|[from] brn\n|upkeep\n|c|\u2606PinkScourge|Aaaaaand\n|c|\u2606PinkScourge|Damn\n|c|\u2606Kinesquared|you knocked off the covert cloack\n|\n|t:|1698291102\n|switch|p1a: Heatran|Heatran, M|79\/100 par\n|turn|45\n|c|\u2606PinkScourge|Yep\n|c|\u2606Kinesquared|its the anti-shyamin galarking\n|c|\u2606PinkScourge|Sadge\n|\n|t:|1698291121\n|move|p1a: Heatran|Magma Storm|p2a: Slowking\n|-damage|p2a: Slowking|14\/100 brn\n|-activate|p2a: Slowking|move: Magma Storm|[of] p1a: Heatran\n|move|p2a: Slowking|Chilly Reception|p2a: Slowking\n|-weather|Snow\n|\n|t:|1698291127\n|switch|p2a: Landorus|Landorus, M|84\/100|[from] Chilly Reception\n|\n|-weather|Snow|[upkeep]\n|-heal|p1a: Heatran|85\/100 par|[from] item: Leftovers\n|upkeep\n|turn|46\n|\n|t:|1698291133\n|switch|p1a: Alomomola|Alomomola, F|88\/100 brn\n|move|p2a: Landorus|Earth Power|p1a: Alomomola\n|-damage|p1a: Alomomola|38\/100 brn\n|\n|-weather|Snow|[upkeep]\n|-damage|p1a: Alomomola|31\/100 brn|[from] brn\n|upkeep\n|turn|47\n|\n|t:|1698291140\n|move|p1a: Alomomola|Protect|p1a: Alomomola\n|-singleturn|p1a: Alomomola|Protect\n|move|p2a: Landorus|Earth Power|p1a: Alomomola\n|-activate|p1a: Alomomola|move: Protect\n|\n|-weather|Snow|[upkeep]\n|-damage|p1a: Alomomola|25\/100 brn|[from] brn\n|upkeep\n|turn|48\n|c|\u2606PinkScourge|Damn\n|c|\u2606PinkScourge|That Flinch costed me the match lol\n|\n|t:|1698291156\n|move|p2a: Landorus|Earth Power|p1a: Alomomola\n|-damage|p1a: Alomomola|0 fnt\n|faint|p1a: Alomomola\n|\n|-weather|Snow|[upkeep]\n|upkeep\n|\n|t:|1698291158\n|switch|p1a: Heatran|Heatran, M|85\/100 par\n|turn|49\n|c|\u2606Kinesquared|that wow on the palafin was also crucial\n|\n|t:|1698291168\n|move|p2a: Landorus|Earth Power|p1a: Heatran\n|-supereffective|p1a: Heatran\n|-damage|p1a: Heatran|0 fnt\n|faint|p1a: Heatran\n|\n|-weather|none\n|upkeep\n|\n|t:|1698291174\n|switch|p1a: Arceus|Arceus-Grass, tera:Poison|75\/100\n|turn|50\n|c|\u2606Kinesquared|and all thos eheatran flinches\n|\n|t:|1698291181\n|switch|p2a: Giratina|Giratina|100\/100\n|-ability|p2a: Giratina|Pressure\n|move|p1a: Arceus|Judgment|p2a: Giratina\n|-resisted|p2a: Giratina\n|-damage|p2a: Giratina|90\/100\n|\n|-heal|p2a: Giratina|96\/100|[from] item: Leftovers\n|upkeep\n|turn|51\n|c|\u2606PinkScourge|Luck blessed you this time\n|l| Leo Justice\n|\n|t:|1698291190\n|move|p2a: Giratina|Will-O-Wisp|p1a: Arceus|[miss]\n|-miss|p2a: Giratina|p1a: Arceus\n|move|p1a: Arceus|Roar|p2a: Giratina\n|drag|p2a: Landorus|Landorus, M|84\/100\n|\n|upkeep\n|turn|52\n|c|\u2606PinkScourge|GG!\n|\n|t:|1698291201\n|switch|p2a: Giratina|Giratina|96\/100\n|-ability|p2a: Giratina|Pressure\n|move|p1a: Arceus|Judgment|p2a: Giratina\n|-resisted|p2a: Giratina\n|-damage|p2a: Giratina|84\/100\n|\n|-heal|p2a: Giratina|91\/100|[from] item: Leftovers\n|upkeep\n|turn|53\n|\n|t:|1698291210\n|move|p1a: Arceus|Judgment|p2a: Giratina\n|-resisted|p2a: Giratina\n|-damage|p2a: Giratina|80\/100\n|move|p2a: Giratina|Will-O-Wisp|p1a: Arceus\n|-status|p1a: Arceus|brn\n|\n|-heal|p2a: Giratina|87\/100|[from] item: Leftovers\n|-damage|p1a: Arceus|69\/100 brn|[from] brn\n|upkeep\n|turn|54\n|-message|PinkScourge forfeited.\n|\n|win|Kinesquared\n|l|\u2606PinkScourge\n|c|\u2606Kinesquared|gg\n|l| fwuffypetsowo\n","uploadtime":1698291227,"views":19,"p1id":"pinkscourge","p2id":"kinesquared","formatid":"gen9ubers","rating":0,"private":0,"password":""}