{"id":"gen9ubers-1978546649","p1":"PinkScourge","p2":"Laprasrules12","format":"[Gen 9] Ubers","log":"|j|\u2606PinkScourge\n|j|\u2606Laprasrules12\n|t:|1698553826\n|gametype|singles\n|player|p1|PinkScourge|bede-leader|\n|player|p2|Laprasrules12|lusamine-nihilego|\n|teamsize|p1|6\n|teamsize|p2|6\n|gen|9\n|tier|[Gen 9] Ubers\n|rule|Sleep Clause Mod: Limit one foe put to sleep\n|rule|Species Clause: Limit one of each Pok\u00e9mon\n|rule|OHKO Clause: OHKO moves are banned\n|rule|Evasion Items Clause: Evasion items are banned\n|rule|Evasion Moves Clause: Evasion moves are banned\n|rule|Endless Battle Clause: Forcing endless battles is banned\n|rule|HP Percentage Mod: HP is shown in percentages\n|clearpoke\n|poke|p1|Indeedee-F, F|\n|poke|p1|Arceus-Psychic|\n|poke|p1|Palkia|\n|poke|p1|Alomomola, M|\n|poke|p1|Mandibuzz, F|\n|poke|p1|Slowking-Galar, F|\n|poke|p2|Arceus-Fighting|\n|poke|p2|Espathra, F|\n|poke|p2|Zacian-*|\n|poke|p2|Palkia-Origin|\n|poke|p2|Cyclizar, M|\n|poke|p2|Magearna-Original|\n|teampreview\n|inactive|Battle timer is ON: inactive players will automatically lose when time's up. (requested by PinkScourge)\n|inactive|Laprasrules12 also wants the timer to be on.\n|\n|t:|1698553836\n|start\n|switch|p1a: Palkia|Palkia|100\/100\n|switch|p2a: Say Gex|Cyclizar, M, shiny|100\/100\n|-ability|p1a: Palkia|Pressure\n|turn|1\n|\n|t:|1698553839\n|move|p2a: Say Gex|Shed Tail|p2a: Say Gex\n|-start|p2a: Say Gex|Substitute|[from] move: Shed Tail\n|-damage|p2a: Say Gex|50\/100\n|\n|t:|1698553841\n|switch|p2a: Cleopatra|Espathra, F, shiny|100\/100|[from] Shed Tail\n|move|p1a: Palkia|Trick Room|p1a: Palkia\n|-fieldstart|move: Trick Room|[of] p1a: Palkia\n|\n|upkeep\n|turn|2\n|\n|t:|1698553846\n|move|p2a: Cleopatra|Protect|p2a: Cleopatra\n|-singleturn|p2a: Cleopatra|Protect\n|move|p1a: Palkia|Surf|p2a: Cleopatra\n|-activate|p2a: Cleopatra|move: Protect\n|\n|-ability|p2a: Cleopatra|Speed Boost|boost\n|-boost|p2a: Cleopatra|spe|1\n|upkeep\n|turn|3\n|\n|t:|1698553849\n|move|p1a: Palkia|Surf|p2a: Cleopatra\n|-end|p2a: Cleopatra|Substitute\n|move|p2a: Cleopatra|Calm Mind|p2a: Cleopatra\n|-boost|p2a: Cleopatra|spa|1\n|-boost|p2a: Cleopatra|spd|1\n|\n|-ability|p2a: Cleopatra|Speed Boost|boost\n|-boost|p2a: Cleopatra|spe|1\n|upkeep\n|turn|4\n|\n|t:|1698553853\n|move|p2a: Cleopatra|Protect|p2a: Cleopatra\n|-singleturn|p2a: Cleopatra|Protect\n|move|p1a: Palkia|Surf|p2a: Cleopatra\n|-activate|p2a: Cleopatra|move: Protect\n|\n|-ability|p2a: Cleopatra|Speed Boost|boost\n|-boost|p2a: Cleopatra|spe|1\n|upkeep\n|turn|5\n|\n|t:|1698553859\n|move|p1a: Palkia|Surf|p2a: Cleopatra\n|-damage|p2a: Cleopatra|36\/100\n|move|p2a: Cleopatra|Calm Mind|p2a: Cleopatra\n|-boost|p2a: Cleopatra|spa|1\n|-boost|p2a: Cleopatra|spd|1\n|\n|-heal|p2a: Cleopatra|42\/100|[from] item: Leftovers\n|-fieldend|move: Trick Room\n|-ability|p2a: Cleopatra|Speed Boost|boost\n|-boost|p2a: Cleopatra|spe|1\n|upkeep\n|turn|6\n|\n|t:|1698553870\n|switch|p1a: Mandibuzz|Mandibuzz, F|100\/100\n|move|p2a: Cleopatra|Stored Power|p1a: Mandibuzz\n|-immune|p1a: Mandibuzz\n|\n|-heal|p2a: Cleopatra|48\/100|[from] item: Leftovers\n|-ability|p2a: Cleopatra|Speed Boost|boost\n|-boost|p2a: Cleopatra|spe|1\n|upkeep\n|turn|7\n|\n|t:|1698553878\n|switch|p1a: Slowking|Slowking-Galar, F|100\/100\n|move|p2a: Cleopatra|Protect||[still]\n|-fail|p2a: Cleopatra\n|\n|-heal|p2a: Cleopatra|54\/100|[from] item: Leftovers\n|-ability|p2a: Cleopatra|Speed Boost|boost\n|-boost|p2a: Cleopatra|spe|1\n|upkeep\n|turn|8\n|\n|t:|1698553885\n|switch|p1a: Mandibuzz|Mandibuzz, F|100\/100\n|move|p2a: Cleopatra|Stored Power|p1a: Mandibuzz\n|-immune|p1a: Mandibuzz\n|\n|-heal|p2a: Cleopatra|60\/100|[from] item: Leftovers\n|upkeep\n|turn|9\n|\n|t:|1698553891\n|move|p2a: Cleopatra|Stored Power|p1a: Mandibuzz\n|-immune|p1a: Mandibuzz\n|move|p1a: Mandibuzz|U-turn|p2a: Cleopatra\n|-supereffective|p2a: Cleopatra\n|-damage|p2a: Cleopatra|25\/100\n|c|\u2606Laprasrules12|Damn\n|\n|t:|1698553905\n|switch|p1a: Alomomola|Alomomola, M|100\/100|[from] U-turn\n|\n|-heal|p2a: Cleopatra|31\/100|[from] item: Leftovers\n|upkeep\n|turn|10\n|\n|t:|1698553913\n|move|p1a: Alomomola|Protect|p1a: Alomomola\n|-singleturn|p1a: Alomomola|Protect\n|move|p2a: Cleopatra|Tera Blast|p1a: Alomomola\n|-activate|p1a: Alomomola|move: Protect\n|\n|-heal|p2a: Cleopatra|37\/100|[from] item: Leftovers\n|upkeep\n|turn|11\n|\n|t:|1698553918\n|switch|p1a: Mandibuzz|Mandibuzz, F|100\/100\n|move|p2a: Cleopatra|Stored Power|p1a: Mandibuzz\n|-immune|p1a: Mandibuzz\n|\n|-heal|p2a: Cleopatra|43\/100|[from] item: Leftovers\n|upkeep\n|turn|12\n|\n|t:|1698553922\n|move|p2a: Cleopatra|Protect|p2a: Cleopatra\n|-singleturn|p2a: Cleopatra|Protect\n|move|p1a: Mandibuzz|U-turn|p2a: Cleopatra\n|-activate|p2a: Cleopatra|move: Protect\n|\n|-heal|p2a: Cleopatra|49\/100|[from] item: Leftovers\n|upkeep\n|turn|13\n|\n|t:|1698553926\n|-terastallize|p2a: Cleopatra|Fighting\n|move|p2a: Cleopatra|Tera Blast|p1a: Mandibuzz|[anim] Tera Blast Fighting\n|-damage|p1a: Mandibuzz|54\/100\n|move|p1a: Mandibuzz|U-turn|p2a: Cleopatra\n|-resisted|p2a: Cleopatra\n|-damage|p2a: Cleopatra|41\/100\n|\n|t:|1698553954\n|switch|p1a: Arceus|Arceus-Psychic|100\/100|[from] U-turn\n|\n|-heal|p2a: Cleopatra|47\/100|[from] item: Leftovers\n|upkeep\n|turn|14\n|\n|t:|1698553969\n|move|p2a: Cleopatra|Stored Power|p1a: Arceus\n|-resisted|p1a: Arceus\n|-damage|p1a: Arceus|25\/100\n|move|p1a: Arceus|Perish Song|p1a: Arceus\n|-start|p1a: Arceus|perish3|[silent]\n|-start|p2a: Cleopatra|perish3|[silent]\n|-fieldactivate|move: Perish Song\n|\n|-heal|p2a: Cleopatra|53\/100|[from] item: Leftovers\n|-start|p2a: Cleopatra|perish3\n|-start|p1a: Arceus|perish3\n|upkeep\n|turn|15\n|\n|t:|1698553975\n|switch|p1a: Mandibuzz|Mandibuzz, F|54\/100\n|move|p2a: Cleopatra|Tera Blast|p1a: Mandibuzz|[anim] Tera Blast Fighting\n|-damage|p1a: Mandibuzz|10\/100\n|\n|-heal|p2a: Cleopatra|59\/100|[from] item: Leftovers\n|-start|p2a: Cleopatra|perish2\n|upkeep\n|turn|16\n|\n|t:|1698553987\n|switch|p1a: Slowking|Slowking-Galar, F|100\/100\n|move|p2a: Cleopatra|Tera Blast|p1a: Slowking|[anim] Tera Blast Fighting\n|-resisted|p1a: Slowking\n|-damage|p1a: Slowking|89\/100\n|\n|-heal|p2a: Cleopatra|65\/100|[from] item: Leftovers\n|-start|p2a: Cleopatra|perish1\n|upkeep\n|turn|17\n|\n|t:|1698553993\n|switch|p2a: Pok\u00e9ball|Magearna-Original|100\/100\n|move|p1a: Slowking|Future Sight|p2a: Pok\u00e9ball\n|-start|p1a: Slowking|move: Future Sight\n|\n|upkeep\n|turn|18\n|\n|t:|1698554010\n|move|p2a: Pok\u00e9ball|Volt Switch|p1a: Slowking\n|-crit|p1a: Slowking\n|-damage|p1a: Slowking|71\/100\n|\n|t:|1698554012\n|switch|p2a: Say Gex|Cyclizar, M, shiny|84\/100|[from] Volt Switch\n|move|p1a: Slowking|Fire Blast|p2a: Say Gex\n|-resisted|p2a: Say Gex\n|-damage|p2a: Say Gex|64\/100\n|\n|upkeep\n|turn|19\n|\n|t:|1698554020\n|move|p2a: Say Gex|Shed Tail|p2a: Say Gex\n|-start|p2a: Say Gex|Substitute|[from] move: Shed Tail\n|-damage|p2a: Say Gex|14\/100\n|\n|t:|1698554024\n|switch|p2a: Cleopatra|Espathra, F, shiny, tera:Fighting|65\/100|[from] Shed Tail\n|move|p1a: Slowking|Sludge Bomb|p2a: Cleopatra\n|-end|p2a: Cleopatra|Substitute\n|\n|-end|p2a: Cleopatra|move: Future Sight\n|-supereffective|p2a: Cleopatra\n|-damage|p2a: Cleopatra|0 fnt\n|faint|p2a: Cleopatra\n|upkeep\n|c|\u2606Laprasrules12|Fuck I ment ti go mag wtf game\n|\n|t:|1698554041\n|switch|p2a: Sif|Zacian, shiny|100\/100\n|-ability|p2a: Sif|Intrepid Sword|boost\n|-boost|p2a: Sif|atk|1\n|turn|20\n|\n|t:|1698554045\n|move|p2a: Sif|Wild Charge|p1a: Slowking\n|-damage|p1a: Slowking|14\/100\n|-damage|p2a: Sif|83\/100|[from] Recoil\n|-damage|p2a: Sif|73\/100|[from] item: Life Orb\n|move|p1a: Slowking|Sludge Bomb|p2a: Sif\n|-supereffective|p2a: Sif\n|-damage|p2a: Sif|8\/100\n|\n|upkeep\n|turn|21\n|\n|t:|1698554059\n|switch|p1a: Alomomola|Alomomola, M|100\/100\n|move|p2a: Sif|Play Rough|p1a: Alomomola\n|-damage|p1a: Alomomola|49\/100\n|-damage|p2a: Sif|0 fnt|[from] item: Rocky Helmet|[of] p1a: Alomomola\n|faint|p2a: Sif\n|\n|upkeep\n|j| leonissenbaum\n|c|\u2606Laprasrules12|I guess I shouldnt fight ya and leon at the same time\n|inactive|Laprasrules12 has 270 seconds left.\n|\n|t:|1698554091\n|switch|p2a: Kratos|Arceus-Fighting, shiny|100\/100\n|turn|22\n|\n|t:|1698554096\n|move|p2a: Kratos|Cosmic Power|p2a: Kratos\n|-boost|p2a: Kratos|def|1\n|-boost|p2a: Kratos|spd|1\n|move|p1a: Alomomola|Wish|p1a: Alomomola\n|\n|upkeep\n|turn|23\n|\n|t:|1698554108\n|move|p2a: Kratos|Cosmic Power|p2a: Kratos\n|-boost|p2a: Kratos|def|1\n|-boost|p2a: Kratos|spd|1\n|move|p1a: Alomomola|Flip Turn|p2a: Kratos\n|-damage|p2a: Kratos|96\/100\n|\n|t:|1698554114\n|switch|p1a: Arceus|Arceus-Psychic|25\/100|[from] Flip Turn\n|\n|-heal|p1a: Arceus|80\/100|[from] move: Wish|[wisher] Alomomola\n|upkeep\n|turn|24\n|\n|t:|1698554125\n|move|p2a: Kratos|Body Press|p1a: Arceus\n|-resisted|p1a: Arceus\n|-damage|p1a: Arceus|47\/100\n|move|p1a: Arceus|Perish Song|p1a: Arceus\n|-start|p1a: Arceus|perish3|[silent]\n|-start|p2a: Kratos|perish3|[silent]\n|-fieldactivate|move: Perish Song\n|\n|-start|p2a: Kratos|perish3\n|-start|p1a: Arceus|perish3\n|upkeep\n|turn|25\n|\n|t:|1698554129\n|move|p2a: Kratos|Stored Power|p1a: Arceus\n|-resisted|p1a: Arceus\n|-damage|p1a: Arceus|38\/100\n|move|p1a: Arceus|Recover|p1a: Arceus\n|-heal|p1a: Arceus|88\/100\n|\n|-start|p2a: Kratos|perish2\n|-start|p1a: Arceus|perish2\n|upkeep\n|turn|26\n|\n|t:|1698554134\n|move|p2a: Kratos|Body Press|p1a: Arceus\n|-resisted|p1a: Arceus\n|-damage|p1a: Arceus|60\/100\n|move|p1a: Arceus|Future Sight|p2a: Kratos\n|-start|p1a: Arceus|move: Future Sight\n|\n|-start|p2a: Kratos|perish1\n|-start|p1a: Arceus|perish1\n|upkeep\n|turn|27\n|c|\u2606Laprasrules12|Oh\n|\n|t:|1698554140\n|switch|p2a: Pok\u00e9ball|Magearna-Original|100\/100\n|switch|p1a: Indeedee|Indeedee-F, F|100\/100\n|-fieldstart|move: Psychic Terrain|[from] ability: Psychic Surge|[of] p1a: Indeedee\n|\n|upkeep\n|turn|28\n|\n|t:|1698554149\n|move|p1a: Indeedee|Psyshock|p2a: Pok\u00e9ball\n|-resisted|p2a: Pok\u00e9ball\n|-damage|p2a: Pok\u00e9ball|87\/100\n|move|p2a: Pok\u00e9ball|Spikes|p1a: Indeedee\n|-sidestart|p1: PinkScourge|Spikes\n|\n|-end|p2a: Pok\u00e9ball|move: Future Sight\n|-resisted|p2a: Pok\u00e9ball\n|-damage|p2a: Pok\u00e9ball|63\/100\n|-heal|p2a: Pok\u00e9ball|69\/100|[from] item: Leftovers\n|upkeep\n|turn|29\n|\n|t:|1698554161\n|switch|p1a: Alomomola|Alomomola, M|83\/100\n|-damage|p1a: Alomomola|70\/100|[from] Spikes\n|move|p2a: Pok\u00e9ball|Thunder Wave|p1a: Alomomola\n|-status|p1a: Alomomola|par\n|\n|-heal|p2a: Pok\u00e9ball|75\/100|[from] item: Leftovers\n|upkeep\n|turn|30\n|\n|t:|1698554167\n|move|p2a: Pok\u00e9ball|Volt Switch|p1a: Alomomola\n|-supereffective|p1a: Alomomola\n|-damage|p1a: Alomomola|37\/100 par\n|\n|t:|1698554169\n|switch|p2a: Kratos|Arceus-Fighting, shiny|96\/100|[from] Volt Switch\n|move|p1a: Alomomola|Wish|p1a: Alomomola\n|\n|upkeep\n|turn|31\n|\n|t:|1698554177\n|move|p2a: Kratos|Cosmic Power|p2a: Kratos\n|-boost|p2a: Kratos|def|1\n|-boost|p2a: Kratos|spd|1\n|cant|p1a: Alomomola|par\n|\n|-heal|p1a: Alomomola|87\/100 par|[from] move: Wish|[wisher] Alomomola\n|upkeep\n|turn|32\n|\n|t:|1698554184\n|move|p2a: Kratos|Cosmic Power|p2a: Kratos\n|-boost|p2a: Kratos|def|1\n|-boost|p2a: Kratos|spd|1\n|move|p1a: Alomomola|Wish|p1a: Alomomola\n|\n|upkeep\n|turn|33\n|\n|t:|1698554189\n|move|p2a: Kratos|Cosmic Power|p2a: Kratos\n|-boost|p2a: Kratos|def|1\n|-boost|p2a: Kratos|spd|1\n|move|p1a: Alomomola|Flip Turn|p2a: Kratos\n|-damage|p2a: Kratos|92\/100\n|\n|t:|1698554196\n|switch|p1a: Arceus|Arceus-Psychic|60\/100|[from] Flip Turn\n|-damage|p1a: Arceus|47\/100|[from] Spikes\n|\n|-heal|p1a: Arceus|100\/100|[from] move: Wish|[wisher] Alomomola\n|upkeep\n|turn|34\n|\n|t:|1698554205\n|move|p2a: Kratos|Body Press|p1a: Arceus\n|-resisted|p1a: Arceus\n|-damage|p1a: Arceus|59\/100\n|move|p1a: Arceus|Perish Song|p1a: Arceus\n|-start|p1a: Arceus|perish3|[silent]\n|-start|p2a: Kratos|perish3|[silent]\n|-fieldactivate|move: Perish Song\n|\n|-start|p2a: Kratos|perish3\n|-start|p1a: Arceus|perish3\n|-fieldend|move: Psychic Terrain\n|upkeep\n|turn|35\n|\n|t:|1698554211\n|move|p2a: Kratos|Body Press|p1a: Arceus\n|-resisted|p1a: Arceus\n|-damage|p1a: Arceus|23\/100\n|move|p1a: Arceus|Recover|p1a: Arceus\n|-heal|p1a: Arceus|73\/100\n|\n|-start|p2a: Kratos|perish2\n|-start|p1a: Arceus|perish2\n|upkeep\n|turn|36\n|\n|t:|1698554221\n|move|p2a: Kratos|Body Press|p1a: Arceus\n|-resisted|p1a: Arceus\n|-damage|p1a: Arceus|34\/100\n|move|p1a: Arceus|Recover|p1a: Arceus\n|-heal|p1a: Arceus|84\/100\n|\n|-start|p2a: Kratos|perish1\n|-start|p1a: Arceus|perish1\n|upkeep\n|turn|37\n|\n|t:|1698554225\n|switch|p2a: Pok\u00e9ball|Magearna-Original|75\/100\n|switch|p1a: Slowking|Slowking-Galar, F|47\/100\n|\n|-heal|p2a: Pok\u00e9ball|81\/100|[from] item: Leftovers\n|upkeep\n|turn|38\n|\n|t:|1698554228\n|move|p2a: Pok\u00e9ball|Volt Switch|p1a: Slowking\n|-damage|p1a: Slowking|36\/100\n|\n|t:|1698554230\n|switch|p2a: Say Gex|Cyclizar, M, shiny|47\/100|[from] Volt Switch\n|move|p1a: Slowking|Future Sight|p2a: Say Gex\n|-start|p1a: Slowking|move: Future Sight\n|\n|upkeep\n|turn|39\n|\n|t:|1698554236\n|move|p2a: Say Gex|U-turn|p1a: Slowking\n|-damage|p1a: Slowking|22\/100\n|\n|t:|1698554250\n|switch|p2a: The Horse|Palkia-Origin, shiny|100\/100|[from] U-turn\n|-ability|p2a: The Horse|Pressure\n|move|p1a: Slowking|Chilly Reception|p1a: Slowking\n|-weather|Snow\n|\n|t:|1698554257\n|switch|p1a: Indeedee|Indeedee-F, F|100\/100|[from] Chilly Reception\n|-damage|p1a: Indeedee|88\/100|[from] Spikes\n|-fieldstart|move: Psychic Terrain|[from] ability: Psychic Surge|[of] p1a: Indeedee\n|\n|-weather|Snow|[upkeep]\n|upkeep\n|turn|40\n|\n|t:|1698554269\n|move|p2a: The Horse|Substitute|p2a: The Horse\n|-start|p2a: The Horse|Substitute\n|-damage|p2a: The Horse|76\/100\n|move|p1a: Indeedee|Trick Room|p1a: Indeedee\n|-fieldstart|move: Trick Room|[of] p1a: Indeedee\n|\n|-weather|Snow|[upkeep]\n|-end|p2a: The Horse|move: Future Sight\n|-end|p2a: The Horse|Substitute\n|upkeep\n|turn|41\n|\n|t:|1698554278\n|move|p1a: Indeedee|Psyshock|p2a: The Horse\n|-damage|p2a: The Horse|40\/100\n|move|p2a: The Horse|Spacial Rend|p1a: Indeedee|[miss]\n|-miss|p2a: The Horse|p1a: Indeedee\n|\n|-weather|Snow|[upkeep]\n|upkeep\n|turn|42\n|\n|t:|1698554296\n|move|p1a: Indeedee|Psyshock|p2a: The Horse\n|-damage|p2a: The Horse|0 fnt\n|faint|p2a: The Horse\n|\n|-weather|Snow|[upkeep]\n|upkeep\n|c|\u2606Laprasrules12|Why\n|\n|t:|1698554305\n|switch|p2a: Kratos|Arceus-Fighting, shiny|92\/100\n|turn|43\n|\n|t:|1698554309\n|move|p1a: Indeedee|Psyshock|p2a: Kratos\n|-supereffective|p2a: Kratos\n|-damage|p2a: Kratos|53\/100\n|move|p2a: Kratos|Cosmic Power|p2a: Kratos\n|-boost|p2a: Kratos|def|1\n|-boost|p2a: Kratos|spd|1\n|\n|-weather|none\n|upkeep\n|turn|44\n|\n|t:|1698554313\n|move|p1a: Indeedee|Reflect|p1a: Indeedee\n|-sidestart|p1: PinkScourge|Reflect\n|move|p2a: Kratos|Cosmic Power|p2a: Kratos\n|-boost|p2a: Kratos|def|1\n|-boost|p2a: Kratos|spd|1\n|\n|-fieldend|move: Trick Room\n|upkeep\n|turn|45\n|\n|t:|1698554319\n|switch|p1a: Arceus|Arceus-Psychic|84\/100\n|-damage|p1a: Arceus|71\/100|[from] Spikes\n|move|p2a: Kratos|Recover|p2a: Kratos\n|-heal|p2a: Kratos|100\/100\n|\n|upkeep\n|turn|46\n|\n|t:|1698554326\n|move|p2a: Kratos|Body Press|p1a: Arceus\n|-resisted|p1a: Arceus\n|-damage|p1a: Arceus|57\/100\n|move|p1a: Arceus|Perish Song|p1a: Arceus\n|-start|p1a: Arceus|perish3|[silent]\n|-start|p2a: Kratos|perish3|[silent]\n|-fieldactivate|move: Perish Song\n|\n|-start|p2a: Kratos|perish3\n|-start|p1a: Arceus|perish3\n|-fieldend|move: Psychic Terrain\n|upkeep\n|turn|47\n|\n|t:|1698554330\n|move|p2a: Kratos|Cosmic Power|p2a: Kratos\n|-boost|p2a: Kratos|def|1\n|-boost|p2a: Kratos|spd|1\n|move|p1a: Arceus|Future Sight|p2a: Kratos\n|-start|p1a: Arceus|move: Future Sight\n|\n|-start|p2a: Kratos|perish2\n|-start|p1a: Arceus|perish2\n|upkeep\n|turn|48\n|\n|t:|1698554332\n|move|p2a: Kratos|Body Press|p1a: Arceus\n|-resisted|p1a: Arceus\n|-damage|p1a: Arceus|36\/100\n|move|p1a: Arceus|Recover|p1a: Arceus\n|-heal|p1a: Arceus|86\/100\n|\n|-start|p2a: Kratos|perish1\n|-start|p1a: Arceus|perish1\n|-sideend|p1: PinkScourge|Reflect\n|upkeep\n|turn|49\n|\n|t:|1698554339\n|switch|p2a: Pok\u00e9ball|Magearna-Original|81\/100\n|switch|p1a: Indeedee|Indeedee-F, F|88\/100\n|-damage|p1a: Indeedee|75\/100|[from] Spikes\n|-fieldstart|move: Psychic Terrain|[from] ability: Psychic Surge|[of] p1a: Indeedee\n|\n|-end|p2a: Pok\u00e9ball|move: Future Sight\n|-resisted|p2a: Pok\u00e9ball\n|-damage|p2a: Pok\u00e9ball|55\/100\n|-heal|p2a: Pok\u00e9ball|61\/100|[from] item: Leftovers\n|upkeep\n|turn|50\n|j| iroeweuio\n|c|\u2606Laprasrules12|Im sorry i just mentally cant rn\n|-message|Laprasrules12 forfeited.\n|\n|win|PinkScourge\n|l|\u2606Laprasrules12\n","uploadtime":1698554357,"views":8,"p1id":"pinkscourge","p2id":"laprasrules12","formatid":"gen9ubers","rating":0,"private":0,"password":""}