{"id":"gen9ubers-1989395031","p1":"illinoids","p2":"Chau20003","format":"[Gen 9] Ubers","log":"|j|\u2606illinoids\n|j|\u2606Chau20003\n|t:|1699844764\n|gametype|singles\n|player|p1|illinoids|cheryl|1294\n|player|p2|Chau20003|169|1286\n|teamsize|p1|6\n|teamsize|p2|6\n|gen|9\n|tier|[Gen 9] Ubers\n|rated|\n|rule|Sleep Clause Mod: Limit one foe put to sleep\n|rule|Species Clause: Limit one of each Pok\u00e9mon\n|rule|OHKO Clause: OHKO moves are banned\n|rule|Evasion Items Clause: Evasion items are banned\n|rule|Evasion Moves Clause: Evasion moves are banned\n|rule|Endless Battle Clause: Forcing endless battles is banned\n|rule|HP Percentage Mod: HP is shown in percentages\n|clearpoke\n|poke|p1|Arceus-Fairy|\n|poke|p1|Zacian-*|\n|poke|p1|Koraidon|\n|poke|p1|Ribombee, M|\n|poke|p1|Gholdengo|\n|poke|p1|Gliscor, M|\n|poke|p2|Arceus|\n|poke|p2|Ninetales-Alola, F|\n|poke|p2|Baxcalibur, F|\n|poke|p2|Flutter Mane|\n|poke|p2|Ogerpon-Hearthflame, F|\n|poke|p2|Sandslash-Alola, F|\n|teampreview\n|inactive|Battle timer is ON: inactive players will automatically lose when time's up. (requested by Chau20003)\n|inactive|illinoids also wants the timer to be on.\n|\n|t:|1699844784\n|start\n|switch|p1a: Zacian|Zacian-Crowned|100\/100\n|switch|p2a: Ninetales|Ninetales-Alola, F|100\/100\n|-ability|p1a: Zacian|Intrepid Sword|boost\n|-boost|p1a: Zacian|atk|1\n|-weather|Snow|[from] ability: Snow Warning|[of] p2a: Ninetales\n|turn|1\n|\n|t:|1699844792\n|move|p1a: Zacian|Behemoth Blade|p2a: Ninetales\n|-supereffective|p2a: Ninetales\n|-damage|p2a: Ninetales|0 fnt\n|faint|p2a: Ninetales\n|\n|-weather|Snow|[upkeep]\n|upkeep\n|\n|t:|1699844796\n|switch|p2a: Ogerpon|Ogerpon-Hearthflame, F|100\/100\n|-ability|p2a: Ogerpon|Mold Breaker\n|turn|2\n|\n|t:|1699844804\n|switch|p1a: Gliscor|Gliscor, M|100\/100\n|move|p2a: Ogerpon|Ivy Cudgel|p1a: Gliscor\n|-damage|p1a: Gliscor|62\/100\n|\n|-weather|Snow|[upkeep]\n|-status|p1a: Gliscor|tox|[from] item: Toxic Orb\n|upkeep\n|turn|3\n|\n|t:|1699844811\n|move|p2a: Ogerpon|U-turn|p1a: Gliscor\n|-resisted|p1a: Gliscor\n|-damage|p1a: Gliscor|54\/100 tox\n|\n|t:|1699844819\n|switch|p2a: Baxcalibur|Baxcalibur, F|100\/100|[from] U-turn\n|move|p1a: Gliscor|Toxic|p2a: Baxcalibur\n|-status|p2a: Baxcalibur|tox\n|\n|-weather|Snow|[upkeep]\n|-damage|p2a: Baxcalibur|94\/100 tox|[from] psn\n|-heal|p1a: Gliscor|66\/100 tox|[from] ability: Poison Heal\n|upkeep\n|turn|4\n|\n|t:|1699844828\n|move|p1a: Gliscor|Protect|p1a: Gliscor\n|-singleturn|p1a: Gliscor|Protect\n|move|p2a: Baxcalibur|Dragon Dance|p2a: Baxcalibur\n|-boost|p2a: Baxcalibur|atk|1\n|-boost|p2a: Baxcalibur|spe|1\n|\n|-weather|Snow|[upkeep]\n|-damage|p2a: Baxcalibur|82\/100 tox|[from] psn\n|-heal|p1a: Gliscor|79\/100 tox|[from] ability: Poison Heal\n|upkeep\n|turn|5\n|\n|t:|1699844844\n|-terastallize|p1a: Gliscor|Water\n|move|p2a: Baxcalibur|Icicle Crash|p1a: Gliscor\n|-resisted|p1a: Gliscor\n|-damage|p1a: Gliscor|54\/100 tox\n|move|p1a: Gliscor|Earthquake|p2a: Baxcalibur\n|-damage|p2a: Baxcalibur|60\/100 tox\n|\n|-weather|none\n|-damage|p2a: Baxcalibur|41\/100 tox|[from] psn\n|-heal|p1a: Gliscor|67\/100 tox|[from] ability: Poison Heal\n|upkeep\n|turn|6\n|\n|t:|1699844855\n|move|p1a: Gliscor|Protect|p1a: Gliscor\n|-singleturn|p1a: Gliscor|Protect\n|move|p2a: Baxcalibur|Dragon Dance|p2a: Baxcalibur\n|-boost|p2a: Baxcalibur|atk|1\n|-boost|p2a: Baxcalibur|spe|1\n|\n|-damage|p2a: Baxcalibur|17\/100 tox|[from] psn\n|-heal|p1a: Gliscor|79\/100 tox|[from] ability: Poison Heal\n|upkeep\n|turn|7\n|\n|t:|1699844865\n|switch|p1a: Ribombee|Ribombee, M|100\/100\n|move|p2a: Baxcalibur|Glaive Rush|p1a: Ribombee\n|-immune|p1a: Ribombee\n|\n|-damage|p2a: Baxcalibur|0 fnt|[from] psn\n|faint|p2a: Baxcalibur\n|upkeep\n|\n|t:|1699844872\n|switch|p2a: Arceus|Arceus|100\/100\n|turn|8\n|\n|t:|1699844875\n|move|p1a: Ribombee|Stun Spore|p2a: Arceus\n|-status|p2a: Arceus|par\n|cant|p2a: Arceus|par\n|\n|upkeep\n|turn|9\n|\n|t:|1699844880\n|move|p1a: Ribombee|Moonblast|p2a: Arceus\n|-damage|p2a: Arceus|77\/100 par\n|move|p2a: Arceus|Cosmic Power|p2a: Arceus\n|-boost|p2a: Arceus|def|1\n|-boost|p2a: Arceus|spd|1\n|\n|-heal|p2a: Arceus|83\/100 par|[from] item: Leftovers\n|upkeep\n|turn|10\n|\n|t:|1699844885\n|move|p1a: Ribombee|Sticky Web|p2a: Arceus\n|-sidestart|p2: Chau20003|move: Sticky Web\n|move|p2a: Arceus|Cosmic Power|p2a: Arceus\n|-boost|p2a: Arceus|def|1\n|-boost|p2a: Arceus|spd|1\n|\n|-heal|p2a: Arceus|89\/100 par|[from] item: Leftovers\n|upkeep\n|turn|11\n|\n|t:|1699844896\n|switch|p1a: Koraidon|Koraidon|100\/100\n|-weather|SunnyDay|[from] ability: Orichalcum Pulse|[of] p1a: Koraidon\n|-activate|p1a: Koraidon|Orichalcum Pulse|[source]\n|move|p2a: Arceus|Cosmic Power|p2a: Arceus\n|-boost|p2a: Arceus|def|1\n|-boost|p2a: Arceus|spd|1\n|\n|-weather|SunnyDay|[upkeep]\n|-heal|p2a: Arceus|95\/100 par|[from] item: Leftovers\n|upkeep\n|turn|12\n|\n|t:|1699844903\n|-terastallize|p2a: Arceus|Psychic\n|move|p1a: Koraidon|Close Combat|p2a: Arceus\n|-resisted|p2a: Arceus\n|-damage|p2a: Arceus|84\/100 par\n|-unboost|p1a: Koraidon|def|1\n|-unboost|p1a: Koraidon|spd|1\n|move|p2a: Arceus|Cosmic Power|p2a: Arceus\n|-boost|p2a: Arceus|def|1\n|-boost|p2a: Arceus|spd|1\n|\n|-weather|SunnyDay|[upkeep]\n|-heal|p2a: Arceus|90\/100 par|[from] item: Leftovers\n|upkeep\n|turn|13\n|\n|t:|1699844915\n|switch|p1a: Ribombee|Ribombee, M|100\/100\n|cant|p2a: Arceus|par\n|\n|-weather|SunnyDay|[upkeep]\n|-heal|p2a: Arceus|96\/100 par|[from] item: Leftovers\n|upkeep\n|turn|14\n|\n|t:|1699844919\n|move|p1a: Ribombee|Moonblast|p2a: Arceus\n|-damage|p2a: Arceus|87\/100 par\n|cant|p2a: Arceus|par\n|\n|-weather|SunnyDay|[upkeep]\n|-heal|p2a: Arceus|93\/100 par|[from] item: Leftovers\n|upkeep\n|turn|15\n|\n|t:|1699844924\n|move|p1a: Ribombee|Moonblast|p2a: Arceus\n|-damage|p2a: Arceus|85\/100 par\n|cant|p2a: Arceus|par\n|\n|-weather|none\n|-heal|p2a: Arceus|91\/100 par|[from] item: Leftovers\n|upkeep\n|turn|16\n|\n|t:|1699844932\n|move|p1a: Ribombee|Moonblast|p2a: Arceus\n|-damage|p2a: Arceus|82\/100 par\n|move|p2a: Arceus|Cosmic Power|p2a: Arceus\n|-boost|p2a: Arceus|def|1\n|-boost|p2a: Arceus|spd|1\n|\n|-heal|p2a: Arceus|88\/100 par|[from] item: Leftovers\n|upkeep\n|turn|17\n|\n|t:|1699844937\n|move|p1a: Ribombee|Moonblast|p2a: Arceus\n|-crit|p2a: Arceus\n|-damage|p2a: Arceus|50\/100 par\n|-unboost|p2a: Arceus|spa|1\n|move|p2a: Arceus|Cosmic Power|p2a: Arceus\n|-boost|p2a: Arceus|def|1\n|-boost|p2a: Arceus|spd|1\n|\n|-heal|p2a: Arceus|56\/100 par|[from] item: Leftovers\n|upkeep\n|turn|18\n|\n|t:|1699844944\n|move|p1a: Ribombee|Moonblast|p2a: Arceus\n|-damage|p2a: Arceus|50\/100 par\n|-unboost|p2a: Arceus|spa|1\n|move|p2a: Arceus|Recover|p2a: Arceus\n|-heal|p2a: Arceus|99\/100 par\n|\n|-heal|p2a: Arceus|100\/100 par|[from] item: Leftovers\n|upkeep\n|turn|19\n|\n|t:|1699844950\n|move|p1a: Ribombee|Moonblast|p2a: Arceus\n|-damage|p2a: Arceus|93\/100 par\n|move|p2a: Arceus|Stored Power|p1a: Ribombee\n|-crit|p1a: Ribombee\n|-enditem|p1a: Ribombee|Focus Sash\n|-damage|p1a: Ribombee|1\/100\n|\n|-heal|p2a: Arceus|99\/100 par|[from] item: Leftovers\n|upkeep\n|turn|20\n|\n|t:|1699844956\n|move|p1a: Ribombee|Moonblast|p2a: Arceus\n|-damage|p2a: Arceus|92\/100 par\n|move|p2a: Arceus|Stored Power|p1a: Ribombee\n|-damage|p1a: Ribombee|0 fnt\n|faint|p1a: Ribombee\n|\n|-heal|p2a: Arceus|98\/100 par|[from] item: Leftovers\n|upkeep\n|\n|t:|1699844973\n|switch|p1a: Zacian|Zacian-Crowned|100\/100\n|turn|21\n|\n|t:|1699844977\n|move|p1a: Zacian|Behemoth Blade|p2a: Arceus\n|-damage|p2a: Arceus|89\/100 par\n|move|p2a: Arceus|Body Press|p1a: Zacian\n|-damage|p1a: Zacian|0 fnt\n|faint|p1a: Zacian\n|\n|-heal|p2a: Arceus|95\/100 par|[from] item: Leftovers\n|upkeep\n|\n|t:|1699844983\n|switch|p1a: Gliscor|Gliscor, M, tera:Water|79\/100 tox\n|turn|22\n|\n|t:|1699844989\n|move|p1a: Gliscor|Protect|p1a: Gliscor\n|-singleturn|p1a: Gliscor|Protect\n|move|p2a: Arceus|Body Press|p1a: Gliscor\n|-activate|p1a: Gliscor|move: Protect\n|\n|-heal|p2a: Arceus|100\/100 par|[from] item: Leftovers\n|-heal|p1a: Gliscor|92\/100 tox|[from] ability: Poison Heal\n|upkeep\n|turn|23\n|\n|t:|1699844999\n|move|p1a: Gliscor|Earthquake|p2a: Arceus\n|-damage|p2a: Arceus|95\/100 par\n|move|p2a: Arceus|Body Press|p1a: Gliscor\n|-damage|p1a: Gliscor|30\/100 tox\n|\n|-heal|p2a: Arceus|100\/100 par|[from] item: Leftovers\n|-heal|p1a: Gliscor|43\/100 tox|[from] ability: Poison Heal\n|upkeep\n|turn|24\n|\n|t:|1699845006\n|move|p1a: Gliscor|Earthquake|p2a: Arceus\n|-damage|p2a: Arceus|95\/100 par\n|move|p2a: Arceus|Body Press|p1a: Gliscor\n|-damage|p1a: Gliscor|0 fnt\n|faint|p1a: Gliscor\n|\n|-heal|p2a: Arceus|100\/100 par|[from] item: Leftovers\n|upkeep\n|\n|t:|1699845011\n|switch|p1a: Koraidon|Koraidon|100\/100\n|-weather|SunnyDay|[from] ability: Orichalcum Pulse|[of] p1a: Koraidon\n|-activate|p1a: Koraidon|Orichalcum Pulse|[source]\n|turn|25\n|\n|t:|1699845014\n|move|p1a: Koraidon|U-turn|p2a: Arceus\n|-supereffective|p2a: Arceus\n|-damage|p2a: Arceus|90\/100 par\n|\n|t:|1699845017\n|switch|p1a: Gholdengo|Gholdengo|100\/100|[from] U-turn\n|-item|p1a: Gholdengo|Air Balloon\n|move|p2a: Arceus|Stored Power|p1a: Gholdengo\n|-resisted|p1a: Gholdengo\n|-damage|p1a: Gholdengo|69\/100\n|-enditem|p1a: Gholdengo|Air Balloon\n|\n|-weather|SunnyDay|[upkeep]\n|-heal|p2a: Arceus|96\/100 par|[from] item: Leftovers\n|upkeep\n|turn|26\n|\n|t:|1699845026\n|move|p1a: Gholdengo|Shadow Ball|p2a: Arceus\n|-supereffective|p2a: Arceus\n|-damage|p2a: Arceus|82\/100 par\n|cant|p2a: Arceus|par\n|\n|-weather|SunnyDay|[upkeep]\n|-heal|p2a: Arceus|88\/100 par|[from] item: Leftovers\n|upkeep\n|turn|27\n|\n|t:|1699845031\n|move|p1a: Gholdengo|Nasty Plot|p1a: Gholdengo\n|-boost|p1a: Gholdengo|spa|2\n|move|p2a: Arceus|Stored Power|p1a: Gholdengo\n|-resisted|p1a: Gholdengo\n|-damage|p1a: Gholdengo|39\/100\n|\n|-weather|SunnyDay|[upkeep]\n|-heal|p2a: Arceus|94\/100 par|[from] item: Leftovers\n|upkeep\n|turn|28\n|\n|t:|1699845038\n|move|p1a: Gholdengo|Recover|p1a: Gholdengo\n|-heal|p1a: Gholdengo|89\/100\n|cant|p2a: Arceus|par\n|\n|-weather|SunnyDay|[upkeep]\n|-heal|p2a: Arceus|100\/100 par|[from] item: Leftovers\n|upkeep\n|turn|29\n|\n|t:|1699845042\n|move|p1a: Gholdengo|Nasty Plot|p1a: Gholdengo\n|-boost|p1a: Gholdengo|spa|2\n|move|p2a: Arceus|Stored Power|p1a: Gholdengo\n|-resisted|p1a: Gholdengo\n|-damage|p1a: Gholdengo|57\/100\n|\n|-weather|none\n|upkeep\n|turn|30\n|\n|t:|1699845051\n|move|p1a: Gholdengo|Shadow Ball|p2a: Arceus\n|-supereffective|p2a: Arceus\n|-damage|p2a: Arceus|60\/100 par\n|cant|p2a: Arceus|par\n|\n|-heal|p2a: Arceus|66\/100 par|[from] item: Leftovers\n|upkeep\n|turn|31\n|\n|t:|1699845056\n|move|p1a: Gholdengo|Shadow Ball|p2a: Arceus\n|-supereffective|p2a: Arceus\n|-damage|p2a: Arceus|27\/100 par\n|move|p2a: Arceus|Stored Power|p1a: Gholdengo\n|-resisted|p1a: Gholdengo\n|-damage|p1a: Gholdengo|26\/100\n|\n|-heal|p2a: Arceus|33\/100 par|[from] item: Leftovers\n|upkeep\n|turn|32\n|\n|t:|1699845062\n|move|p1a: Gholdengo|Shadow Ball|p2a: Arceus\n|-supereffective|p2a: Arceus\n|-damage|p2a: Arceus|0 fnt\n|faint|p2a: Arceus\n|\n|upkeep\n|\n|t:|1699845066\n|switch|p2a: Flutter Mane|Flutter Mane|100\/100\n|-activate|p2a: Flutter Mane|move: Sticky Web\n|-unboost|p2a: Flutter Mane|spe|1\n|-enditem|p2a: Flutter Mane|Booster Energy\n|-activate|p2a: Flutter Mane|ability: Protosynthesis|[fromitem]\n|-start|p2a: Flutter Mane|protosynthesisspa\n|turn|33\n|\n|t:|1699845070\n|move|p1a: Gholdengo|Shadow Ball|p2a: Flutter Mane\n|-supereffective|p2a: Flutter Mane\n|-crit|p2a: Flutter Mane\n|-damage|p2a: Flutter Mane|0 fnt\n|faint|p2a: Flutter Mane\n|-end|p2a: Flutter Mane|Protosynthesis|[silent]\n|\n|upkeep\n|\n|t:|1699845073\n|switch|p2a: Ogerpon|Ogerpon-Hearthflame, F|100\/100\n|-activate|p2a: Ogerpon|move: Sticky Web\n|-unboost|p2a: Ogerpon|spe|1\n|-ability|p2a: Ogerpon|Mold Breaker\n|turn|34\n|\n|t:|1699845077\n|move|p1a: Gholdengo|Shadow Ball|p2a: Ogerpon\n|-damage|p2a: Ogerpon|0 fnt\n|faint|p2a: Ogerpon\n|\n|upkeep\n|\n|t:|1699845080\n|switch|p2a: Sandslash|Sandslash-Alola, F|100\/100\n|turn|35\n|\n|t:|1699845084\n|move|p1a: Gholdengo|Shadow Ball|p2a: Sandslash\n|-damage|p2a: Sandslash|0 fnt\n|faint|p2a: Sandslash\n|\n|win|illinoids\n|raw|illinoids's rating: 1294 &rarr; <strong>1318<\/strong><br \/>(+24 for winning)\n|raw|Chau20003's rating: 1286 &rarr; <strong>1262<\/strong><br \/>(-24 for losing)\n|l|\u2606Chau20003\n|c|\u2606illinoids|gg!\n","uploadtime":1699845098,"views":20,"p1id":"illinoids","p2id":"chau20003","formatid":"gen9ubers","rating":1262,"private":0,"password":""}