{"id":"gen9ubers-1999978174","p1":"Willish6634","p2":"bandit_tpl","format":"[Gen 9] Ubers","log":"|j|\u2606Willish6634\n|j|\u2606bandit_tpl\n|t:|1701136938\n|gametype|singles\n|player|p1|Willish6634|leon-masters|\n|player|p2|bandit_tpl|sage|\n|teamsize|p1|6\n|teamsize|p2|6\n|gen|9\n|tier|[Gen 9] Ubers\n|rule|Sleep Clause Mod: Limit one foe put to sleep\n|rule|Species Clause: Limit one of each Pok\u00e9mon\n|rule|OHKO Clause: OHKO moves are banned\n|rule|Evasion Items Clause: Evasion items are banned\n|rule|Evasion Moves Clause: Evasion moves are banned\n|rule|Endless Battle Clause: Forcing endless battles is banned\n|rule|HP Percentage Mod: HP is shown in percentages\n|clearpoke\n|poke|p1|Scizor, M|\n|poke|p1|Magnezone|\n|poke|p1|Weavile, F|\n|poke|p1|Munkidori, M|\n|poke|p1|Ogerpon-Wellspring, F|\n|poke|p1|Dragonite, F|\n|poke|p2|Milotic, M|\n|poke|p2|Ursaluna-Bloodmoon, M|\n|poke|p2|Annihilape, M|\n|poke|p2|Shaymin-Sky|\n|poke|p2|Tauros-Paldea-Aqua, M|\n|poke|p2|Heatran, F|\n|teampreview\n|j| ampharosaunt11\n|j| Alaina Tutu\n|j| Judgieiscool\n|l| Judgieiscool\n|j| Redneck Heaven\n|j| Judgieiscool\n|c|\u2606Willish6634|Glhf\n|c| Judgieiscool|rematch of the century\n|c|\u2606Willish6634|perhaps\n|c|\u2606Willish6634|either way one of us is getting 2 rematches in playoffs\n|\n|t:|1701137044\n|start\n|switch|p1a: Monkers|Munkidori, M|100\/100\n|switch|p2a: Heatran|Heatran, F|100\/100\n|turn|1\n|l| Judgieiscool\n|inactive|Battle timer is ON: inactive players will automatically lose when time's up. (requested by Willish6634)\n|j| Judgieiscool\n|inactive|bandit_tpl has 270 seconds left.\n|\n|t:|1701137165\n|switch|p2a: Annihilape|Annihilape, M, shiny|100\/100\n|move|p1a: Monkers|Nasty Plot|p1a: Monkers\n|-boost|p1a: Monkers|spa|2\n|\n|upkeep\n|turn|2\n|l| Judgieiscool\n|j| Judgieiscool\n|inactive|bandit_tpl has 270 seconds left.\n|l| Judgieiscool\n|j| Judgieiscool\n|inactive|bandit_tpl has 240 seconds left.\n|c| Judgieiscool|bandit wiping rn\n|c|\u2606Willish6634|I thought that too lmao\n|\n|t:|1701137243\n|-terastallize|p2a: Annihilape|Dragon\n|move|p1a: Monkers|Psychic|p2a: Annihilape\n|-damage|p2a: Annihilape|20\/100\n|move|p2a: Annihilape|Rage Fist|p1a: Monkers\n|-supereffective|p1a: Monkers\n|-damage|p1a: Monkers|0 fnt\n|faint|p1a: Monkers\n|\n|-heal|p2a: Annihilape|26\/100|[from] item: Leftovers\n|upkeep\n|inactive|Willish6634 has 270 seconds left.\n|\n|t:|1701137273\n|switch|p1a: Weavile|Weavile, F|100\/100\n|-ability|p1a: Weavile|Pressure\n|turn|3\n|inactive|bandit_tpl has 240 seconds left.\n|\n|t:|1701137286\n|switch|p2a: Tauros|Tauros-Paldea-Aqua, M, shiny|100\/100\n|-ability|p2a: Tauros|Intimidate|boost\n|-unboost|p1a: Weavile|atk|1\n|move|p1a: Weavile|Knock Off|p2a: Tauros\n|-resisted|p2a: Tauros\n|-damage|p2a: Tauros|76\/100\n|-enditem|p2a: Tauros|Choice Band|[from] move: Knock Off|[of] p1a: Weavile\n|\n|upkeep\n|turn|4\n|inactive|Willish6634 has 270 seconds left.\n|inactive|bandit_tpl has 240 seconds left.\n|j| TheGreedent02\n|\n|t:|1701137306\n|switch|p1a: Dragonite|Dragonite, F|100\/100\n|move|p2a: Tauros|Close Combat|p1a: Dragonite\n|-resisted|p1a: Dragonite\n|-damage|p1a: Dragonite|83\/100\n|-unboost|p2a: Tauros|def|1\n|-unboost|p2a: Tauros|spd|1\n|\n|upkeep\n|turn|5\n|inactive|Willish6634 has 270 seconds left.\n|j| mklgd\n|\n|t:|1701137325\n|switch|p2a: Milotic|Milotic, M, shiny|100\/100\n|move|p1a: Dragonite|Earthquake|p2a: Milotic\n|-damage|p2a: Milotic|72\/100\n|\n|-status|p2a: Milotic|brn|[from] item: Flame Orb\n|upkeep\n|turn|6\n|l| mklgd\n|inactive|Willish6634 has 270 seconds left.\n|inactive|bandit_tpl has 210 seconds left.\n|l| Judgieiscool\n|j| Judgieiscool\n|j| mklgd\n|inactive|bandit_tpl has 180 seconds left.\n|\n|t:|1701137406\n|switch|p1a: Its Gojover|Ogerpon-Wellspring, F|100\/100\n|move|p2a: Milotic|Scald|p1a: Its Gojover\n|-immune|p1a: Its Gojover|[from] ability: Water Absorb\n|\n|-damage|p2a: Milotic|66\/100 brn|[from] brn\n|upkeep\n|turn|7\n|inactive|Willish6634 has 270 seconds left.\n|inactive|bandit_tpl has 150 seconds left.\n|\n|t:|1701137441\n|switch|p2a: Shaymin|Shaymin-Sky|100\/100\n|move|p1a: Its Gojover|Horn Leech|p2a: Shaymin\n|-resisted|p2a: Shaymin\n|-damage|p2a: Shaymin|89\/100\n|\n|-heal|p2a: Shaymin|95\/100|[from] item: Leftovers\n|upkeep\n|turn|8\n|\n|t:|1701137452\n|switch|p1a: Sukuna|Scizor, M|100\/100\n|move|p2a: Shaymin|Substitute|p2a: Shaymin\n|-start|p2a: Shaymin|Substitute\n|-damage|p2a: Shaymin|70\/100\n|\n|-heal|p2a: Shaymin|77\/100|[from] item: Leftovers\n|upkeep\n|turn|9\n|inactive|Willish6634 has 270 seconds left.\n|\n|t:|1701137462\n|move|p1a: Sukuna|Bullet Punch|p2a: Shaymin\n|-end|p2a: Shaymin|Substitute\n|move|p2a: Shaymin|Leech Seed|p1a: Sukuna\n|-start|p1a: Sukuna|move: Leech Seed\n|\n|-heal|p2a: Shaymin|83\/100|[from] item: Leftovers\n|-damage|p1a: Sukuna|88\/100|[from] Leech Seed|[of] p2a: Shaymin\n|-heal|p2a: Shaymin|92\/100|[silent]\n|upkeep\n|turn|10\n|inactive|Willish6634 has 270 seconds left.\n|inactive|bandit_tpl has 120 seconds left.\n|\n|t:|1701137494\n|switch|p2a: Tauros|Tauros-Paldea-Aqua, M, shiny|76\/100\n|-ability|p2a: Tauros|Intimidate|boost\n|-unboost|p1a: Sukuna|atk|1\n|-enditem|p1a: Sukuna|Adrenaline Orb\n|-boost|p1a: Sukuna|spe|1|[from] item: Adrenaline Orb\n|switch|p1a: Dragonite|Dragonite, F|83\/100\n|\n|upkeep\n|turn|11\n|inactive|bandit_tpl has 120 seconds left.\n|c|\u2606Willish6634|shit there goes the tech\n|\n|t:|1701137523\n|switch|p2a: Milotic|Milotic, M, shiny|66\/100 brn\n|move|p1a: Dragonite|Dragon Dance|p1a: Dragonite\n|-boost|p1a: Dragonite|atk|1\n|-boost|p1a: Dragonite|spe|1\n|\n|-damage|p2a: Milotic|60\/100 brn|[from] brn\n|upkeep\n|turn|12\n|inactive|Willish6634 has 240 seconds left.\n|\n|t:|1701137557\n|move|p1a: Dragonite|Earthquake|p2a: Milotic\n|-damage|p2a: Milotic|32\/100 brn\n|move|p2a: Milotic|Recover|p2a: Milotic\n|-heal|p2a: Milotic|82\/100 brn\n|\n|-damage|p2a: Milotic|76\/100 brn|[from] brn\n|upkeep\n|turn|13\n|\n|t:|1701137568\n|move|p1a: Dragonite|Dragon Dance|p1a: Dragonite\n|-boost|p1a: Dragonite|atk|1\n|-boost|p1a: Dragonite|spe|1\n|move|p2a: Milotic|Haze|p2a: Milotic\n|-clearallboost\n|\n|-damage|p2a: Milotic|70\/100 brn|[from] brn\n|upkeep\n|turn|14\n|\n|t:|1701137586\n|switch|p1a: Its Gojover|Ogerpon-Wellspring, F|100\/100\n|move|p2a: Milotic|Scald|p1a: Its Gojover\n|-immune|p1a: Its Gojover|[from] ability: Water Absorb\n|\n|-damage|p2a: Milotic|64\/100 brn|[from] brn\n|upkeep\n|turn|15\n|inactive|bandit_tpl has 90 seconds left.\n|l| Judgieiscool\n|\n|t:|1701137625\n|switch|p2a: Shaymin|Shaymin-Sky|92\/100\n|move|p1a: Its Gojover|Swords Dance|p1a: Its Gojover\n|-boost|p1a: Its Gojover|atk|2\n|\n|-heal|p2a: Shaymin|98\/100|[from] item: Leftovers\n|upkeep\n|turn|16\n|j| Judgieiscool\n|l| Judgieiscool\n|inactive|Willish6634 has 240 seconds left.\n|\n|t:|1701137650\n|move|p2a: Shaymin|Air Slash|p1a: Its Gojover\n|-supereffective|p1a: Its Gojover\n|-damage|p1a: Its Gojover|29\/100\n|move|p1a: Its Gojover|Ivy Cudgel|p2a: Shaymin|[anim] Ivy Cudgel Water\n|-resisted|p2a: Shaymin\n|-damage|p2a: Shaymin|40\/100\n|\n|-heal|p2a: Shaymin|46\/100|[from] item: Leftovers\n|upkeep\n|turn|17\n|inactive|Willish6634 has 240 seconds left.\n|inactive|bandit_tpl has 60 seconds left.\n|\n|t:|1701137679\n|-terastallize|p1a: Its Gojover|Water\n|detailschange|p1a: Its Gojover|Ogerpon-Wellspring-Tera, F, tera:Water\n|-ability|p1a: Its Gojover|Embody Aspect (Wellspring)|boost\n|-boost|p1a: Its Gojover|spd|1\n|move|p2a: Shaymin|Air Slash|p1a: Its Gojover\n|-damage|p1a: Its Gojover|4\/100\n|move|p1a: Its Gojover|Ivy Cudgel|p2a: Shaymin|[anim] Ivy Cudgel Water\n|-resisted|p2a: Shaymin\n|-damage|p2a: Shaymin|0 fnt\n|faint|p2a: Shaymin\n|\n|upkeep\n|c|\u2606Willish6634|hooray!\n|\n|t:|1701137699\n|switch|p2a: Tauros|Tauros-Paldea-Aqua, M, shiny|76\/100\n|-ability|p2a: Tauros|Intimidate|boost\n|-unboost|p1a: Its Gojover|atk|1\n|turn|18\n|inactive|Willish6634 has 240 seconds left.\n|\n|t:|1701137711\n|move|p1a: Its Gojover|Horn Leech|p2a: Tauros\n|-supereffective|p2a: Tauros\n|-damage|p2a: Tauros|0 fnt\n|-heal|p1a: Its Gojover|46\/100|[from] drain|[of] p2a: Tauros\n|faint|p2a: Tauros\n|\n|upkeep\n|inactive|bandit_tpl has 30 seconds left.\n|\n|t:|1701137731\n|switch|p2a: Milotic|Milotic, M, shiny|64\/100 brn\n|turn|19\n|\n|t:|1701137743\n|move|p1a: Its Gojover|Horn Leech|p2a: Milotic\n|-supereffective|p2a: Milotic\n|-damage|p2a: Milotic|0 fnt\n|-heal|p1a: Its Gojover|88\/100|[from] drain|[of] p2a: Milotic\n|faint|p2a: Milotic\n|\n|upkeep\n|j| Judgieiscool\n|\n|t:|1701137750\n|switch|p2a: Heatran|Heatran, F|100\/100\n|turn|20\n|\n|t:|1701137756\n|move|p1a: Its Gojover|Ivy Cudgel|p2a: Heatran|[anim] Ivy Cudgel Water\n|-supereffective|p2a: Heatran\n|-crit|p2a: Heatran\n|-damage|p2a: Heatran|0 fnt\n|faint|p2a: Heatran\n|\n|upkeep\n|\n|t:|1701137762\n|switch|p2a: Ursaluna|Ursaluna-Bloodmoon, M|100\/100\n|turn|21\n|inactive|Willish6634 has 270 seconds left.\n|\n|t:|1701137775\n|move|p1a: Its Gojover|Ivy Cudgel|p2a: Ursaluna|[anim] Ivy Cudgel Water\n|-supereffective|p2a: Ursaluna\n|-damage|p2a: Ursaluna|0 fnt\n|faint|p2a: Ursaluna\n|\n|upkeep\n|c|\u2606bandit_tpl|Gg\n|-message|bandit_tpl forfeited.\n|\n|win|Willish6634\n|l|\u2606bandit_tpl\n|l| Redneck Heaven\n|c|\u2606Willish6634|gg\n","uploadtime":1701137788,"views":22,"p1id":"willish6634","p2id":"bandittpl","formatid":"gen9ubers","rating":0,"private":0,"password":""}