{"id":"gen9ubers-1975240375","p1":"superiax","p2":"filthyelamain","format":"[Gen 9] Ubers","log":"|j|\u2606superiax\n|j|\u2606filthyelamain\n|t:|1698172829\n|gametype|singles\n|player|p1|superiax|whitney|1220\n|player|p2|filthyelamain|2|1165\n|teamsize|p1|6\n|teamsize|p2|6\n|gen|9\n|tier|[Gen 9] Ubers\n|rated|\n|rule|Sleep Clause Mod: Limit one foe put to sleep\n|rule|Species Clause: Limit one of each Pok\u00e9mon\n|rule|OHKO Clause: OHKO moves are banned\n|rule|Evasion Items Clause: Evasion items are banned\n|rule|Evasion Moves Clause: Evasion moves are banned\n|rule|Endless Battle Clause: Forcing endless battles is banned\n|rule|HP Percentage Mod: HP is shown in percentages\n|clearpoke\n|poke|p1|Iron Bundle|\n|poke|p1|Magearna|\n|poke|p1|Ninetales-Alola, F|\n|poke|p1|Kingambit, M|\n|poke|p1|Iron Moth|\n|poke|p1|Ursaluna-Bloodmoon, M|\n|poke|p2|Kyogre|\n|poke|p2|Palafin, F|\n|poke|p2|Basculegion, M|\n|poke|p2|Iron Bundle|\n|poke|p2|Urshifu-*, F|\n|poke|p2|Glimmora, F|\n|teampreview\n|inactive|Battle timer is ON: inactive players will automatically lose when time's up. (requested by superiax)\n|\n|t:|1698172840\n|start\n|switch|p1a: Catwoman|Ninetales-Alola, F, shiny|100\/100\n|switch|p2a: Palafin|Palafin, F|100\/100\n|-weather|Snow|[from] ability: Snow Warning|[of] p1a: Catwoman\n|turn|1\n|\n|t:|1698172848\n|move|p1a: Catwoman|Aurora Veil|p1a: Catwoman\n|-sidestart|p1: superiax|move: Aurora Veil\n|move|p2a: Palafin|Flip Turn|p1a: Catwoman\n|-damage|p1a: Catwoman|87\/100\n|\n|t:|1698172854\n|detailschange|p2a: Palafin|Palafin-Hero, F\n|switch|p2a: Glimmora|Glimmora, F|100\/100|[from] Flip Turn\n|\n|-weather|Snow|[upkeep]\n|upkeep\n|turn|2\n|\n|t:|1698172873\n|switch|p1a: Harley Quinn|Magearna|100\/100\n|move|p2a: Glimmora|Stealth Rock|p1a: Harley Quinn\n|-sidestart|p1: superiax|move: Stealth Rock\n|\n|-weather|Snow|[upkeep]\n|upkeep\n|turn|3\n|\n|t:|1698172882\n|move|p2a: Glimmora|Spikes|p1a: Harley Quinn\n|-sidestart|p1: superiax|Spikes\n|move|p1a: Harley Quinn|Calm Mind|p1a: Harley Quinn\n|-boost|p1a: Harley Quinn|spa|1\n|-boost|p1a: Harley Quinn|spd|1\n|\n|-weather|Snow|[upkeep]\n|upkeep\n|turn|4\n|\n|t:|1698172890\n|switch|p2a: Kyogre|Kyogre|100\/100\n|-weather|RainDance|[from] ability: Drizzle|[of] p2a: Kyogre\n|move|p1a: Harley Quinn|Iron Defense|p1a: Harley Quinn\n|-boost|p1a: Harley Quinn|def|2\n|\n|-weather|RainDance|[upkeep]\n|upkeep\n|turn|5\n|\n|t:|1698172905\n|-terastallize|p1a: Harley Quinn|Water\n|move|p2a: Kyogre|Water Spout|p1a: Harley Quinn\n|-resisted|p1a: Harley Quinn\n|-damage|p1a: Harley Quinn|82\/100\n|move|p1a: Harley Quinn|Calm Mind|p1a: Harley Quinn\n|-boost|p1a: Harley Quinn|spa|1\n|-boost|p1a: Harley Quinn|spd|1\n|\n|-weather|RainDance|[upkeep]\n|upkeep\n|turn|6\n|\n|t:|1698172920\n|switch|p2a: Iron Bundle|Iron Bundle|100\/100\n|move|p1a: Harley Quinn|Iron Defense|p1a: Harley Quinn\n|-boost|p1a: Harley Quinn|def|2\n|\n|-weather|RainDance|[upkeep]\n|upkeep\n|turn|7\n|\n|t:|1698172926\n|move|p2a: Iron Bundle|Taunt|p1a: Harley Quinn\n|-start|p1a: Harley Quinn|move: Taunt\n|move|p1a: Harley Quinn|Draining Kiss|p2a: Iron Bundle\n|-damage|p2a: Iron Bundle|13\/100\n|-heal|p1a: Harley Quinn|100\/100|[from] drain|[of] p2a: Iron Bundle\n|\n|-weather|RainDance|[upkeep]\n|upkeep\n|turn|8\n|\n|t:|1698172937\n|move|p2a: Iron Bundle|Freeze-Dry|p1a: Harley Quinn\n|-supereffective|p1a: Harley Quinn\n|-damage|p1a: Harley Quinn|85\/100\n|-enditem|p1a: Harley Quinn|Weakness Policy\n|-boost|p1a: Harley Quinn|atk|2|[from] item: Weakness Policy\n|-boost|p1a: Harley Quinn|spa|2|[from] item: Weakness Policy\n|move|p1a: Harley Quinn|Stored Power|p2a: Iron Bundle\n|-damage|p2a: Iron Bundle|0 fnt\n|faint|p2a: Iron Bundle\n|-ability|p1a: Harley Quinn|Soul-Heart|boost\n|-boost|p1a: Harley Quinn|spa|1\n|-end|p2a: Iron Bundle|Quark Drive|[silent]\n|\n|-weather|none\n|-sideend|p1: superiax|move: Aurora Veil\n|upkeep\n|c|\u2606superiax|hehe\n|\n|t:|1698172953\n|switch|p2a: Palafin|Palafin-Hero, F|100\/100\n|-activate|p2a: Palafin|ability: Zero to Hero\n|turn|9\n|\n|t:|1698172962\n|move|p2a: Palafin|Close Combat|p1a: Harley Quinn\n|-damage|p1a: Harley Quinn|67\/100\n|-unboost|p2a: Palafin|def|1\n|-unboost|p2a: Palafin|spd|1\n|move|p1a: Harley Quinn|Stored Power|p2a: Palafin\n|-damage|p2a: Palafin|0 fnt\n|faint|p2a: Palafin\n|-ability|p1a: Harley Quinn|Soul-Heart|boost\n|-boost|p1a: Harley Quinn|spa|1\n|\n|-end|p1a: Harley Quinn|move: Taunt\n|upkeep\n|-message|filthyelamain forfeited.\n|\n|win|superiax\n|raw|superiax's rating: 1220 &rarr; <strong>1241<\/strong><br \/>(+21 for winning)\n|raw|filthyelamain's rating: 1165 &rarr; <strong>1144<\/strong><br \/>(-21 for losing)\n|l|\u2606filthyelamain\n","uploadtime":1698172979,"views":8,"p1id":"superiax","p2id":"filthyelamain","formatid":"gen9ubers","rating":1144,"private":0,"password":""}