{"id":"gen9ubers-1978356135","p1":"RubenPaCe","p2":"leonissenbaum","format":"[Gen 9] Ubers","log":"|j|\u2606RubenPaCe\n|j|\u2606leonissenbaum\n|t:|1698528796\n|gametype|singles\n|player|p1|RubenPaCe|2|\n|player|p2|leonissenbaum|leon|\n|teamsize|p1|6\n|teamsize|p2|6\n|gen|9\n|tier|[Gen 9] Ubers\n|rule|Sleep Clause Mod: Limit one foe put to sleep\n|rule|Species Clause: Limit one of each Pok\u00e9mon\n|rule|OHKO Clause: OHKO moves are banned\n|rule|Evasion Items Clause: Evasion items are banned\n|rule|Evasion Moves Clause: Evasion moves are banned\n|rule|Endless Battle Clause: Forcing endless battles is banned\n|rule|HP Percentage Mod: HP is shown in percentages\n|clearpoke\n|poke|p1|Pelipper, F|\n|poke|p1|Palafin, M|\n|poke|p1|Basculegion-F, F|\n|poke|p1|Magearna|\n|poke|p1|Arceus-Poison|\n|poke|p1|Dialga|\n|poke|p2|Giratina|\n|poke|p2|Gliscor, M|\n|poke|p2|Blissey, F|\n|poke|p2|Dondozo, M|\n|poke|p2|Clefable, F|\n|poke|p2|Espeon, F|\n|teampreview\n|c|\u2606leonissenbaum|gl!\n|c|\u2606RubenPaCe|hf\n|\n|t:|1698528817\n|start\n|switch|p1a: Palafin|Palafin, M|100\/100\n|switch|p2a: Gliscor|Gliscor, M|100\/100\n|turn|1\n|\n|t:|1698528823\n|detailschange|p1a: Palafin|Palafin-Hero, M\n|switch|p1a: Pelipper|Pelipper, F|100\/100\n|-weather|RainDance|[from] ability: Drizzle|[of] p1a: Pelipper\n|move|p2a: Gliscor|Protect||[still]\n|-fail|p2a: Gliscor\n|\n|-weather|RainDance|[upkeep]\n|-status|p2a: Gliscor|tox|[from] item: Toxic Orb\n|upkeep\n|turn|2\n|\n|t:|1698528826\n|move|p2a: Gliscor|Knock Off|p1a: Pelipper\n|-damage|p1a: Pelipper|83\/100\n|-enditem|p1a: Pelipper|Damp Rock|[from] move: Knock Off|[of] p2a: Gliscor\n|move|p1a: Pelipper|Hurricane|p2a: Gliscor\n|-damage|p2a: Gliscor|71\/100 tox\n|\n|-weather|RainDance|[upkeep]\n|-heal|p2a: Gliscor|83\/100 tox|[from] ability: Poison Heal\n|upkeep\n|turn|3\n|\n|t:|1698528833\n|move|p2a: Gliscor|Protect|p2a: Gliscor\n|-singleturn|p2a: Gliscor|Protect\n|move|p1a: Pelipper|U-turn|p2a: Gliscor\n|-activate|p2a: Gliscor|move: Protect\n|\n|-weather|RainDance|[upkeep]\n|-heal|p2a: Gliscor|96\/100 tox|[from] ability: Poison Heal\n|upkeep\n|turn|4\n|\n|t:|1698528839\n|move|p2a: Gliscor|Spikes|p1a: Pelipper\n|-sidestart|p1: RubenPaCe|Spikes\n|move|p1a: Pelipper|Surf|p2a: Gliscor\n|-supereffective|p2a: Gliscor\n|-damage|p2a: Gliscor|19\/100 tox\n|\n|-weather|RainDance|[upkeep]\n|-heal|p2a: Gliscor|32\/100 tox|[from] ability: Poison Heal\n|upkeep\n|turn|5\n|\n|t:|1698528844\n|switch|p1a: Palafin|Palafin-Hero, M|100\/100\n|-damage|p1a: Palafin|88\/100|[from] Spikes\n|-activate|p1a: Palafin|ability: Zero to Hero\n|move|p2a: Gliscor|Protect||[still]\n|-fail|p2a: Gliscor\n|\n|-weather|RainDance|[upkeep]\n|-heal|p2a: Gliscor|44\/100 tox|[from] ability: Poison Heal\n|upkeep\n|turn|6\n|\n|t:|1698528850\n|move|p2a: Gliscor|Protect|p2a: Gliscor\n|-singleturn|p2a: Gliscor|Protect\n|move|p1a: Palafin|Flip Turn|p2a: Gliscor\n|-activate|p2a: Gliscor|move: Protect\n|\n|-weather|RainDance|[upkeep]\n|-heal|p2a: Gliscor|57\/100 tox|[from] ability: Poison Heal\n|upkeep\n|turn|7\n|\n|t:|1698528859\n|switch|p2a: Dondozo|Dondozo, M|100\/100\n|move|p1a: Palafin|Flip Turn|p2a: Dondozo\n|-resisted|p2a: Dondozo\n|-damage|p2a: Dondozo|81\/100\n|-damage|p1a: Palafin|72\/100|[from] item: Rocky Helmet|[of] p2a: Dondozo\n|\n|t:|1698528863\n|switch|p1a: Arceus|Arceus-Poison|100\/100|[from] Flip Turn\n|-damage|p1a: Arceus|88\/100|[from] Spikes\n|\n|-weather|RainDance|[upkeep]\n|upkeep\n|turn|8\n|\n|t:|1698528873\n|switch|p2a: Clefable|Clefable, F|100\/100\n|move|p1a: Arceus|Taunt|p2a: Clefable\n|-start|p2a: Clefable|move: Taunt\n|\n|-weather|none\n|upkeep\n|turn|9\n|\n|t:|1698528885\n|switch|p2a: Giratina|Giratina, shiny|100\/100\n|-ability|p2a: Giratina|Pressure\n|move|p1a: Arceus|Calm Mind|p1a: Arceus\n|-boost|p1a: Arceus|spa|1\n|-boost|p1a: Arceus|spd|1\n|\n|upkeep\n|turn|10\n|\n|t:|1698528889\n|move|p1a: Arceus|Taunt|p2a: Giratina\n|-start|p2a: Giratina|move: Taunt\n|cant|p2a: Giratina|move: Taunt|Thunder Wave\n|\n|upkeep\n|turn|11\n|\n|t:|1698528895\n|switch|p2a: Espeon|Espeon, F|100\/100\n|move|p1a: Arceus|Calm Mind|p1a: Arceus\n|-boost|p1a: Arceus|spa|1\n|-boost|p1a: Arceus|spd|1\n|\n|upkeep\n|turn|12\n|\n|t:|1698528897\n|move|p2a: Espeon|Psyshock|p1a: Arceus\n|-supereffective|p1a: Arceus\n|-damage|p1a: Arceus|46\/100\n|move|p1a: Arceus|Judgment|p2a: Espeon\n|-damage|p2a: Espeon|32\/100\n|\n|upkeep\n|turn|13\n|\n|t:|1698528901\n|switch|p1a: Magearna|Magearna|100\/100\n|-damage|p1a: Magearna|88\/100|[from] Spikes\n|move|p2a: Espeon|Psyshock|p1a: Magearna\n|-resisted|p1a: Magearna\n|-damage|p1a: Magearna|77\/100\n|\n|-heal|p1a: Magearna|83\/100|[from] item: Leftovers\n|upkeep\n|turn|14\n|\n|t:|1698528909\n|switch|p2a: Clefable|Clefable, F|100\/100\n|move|p1a: Magearna|Fleur Cannon|p2a: Clefable\n|-damage|p2a: Clefable|64\/100\n|-unboost|p1a: Magearna|spa|2\n|\n|-heal|p1a: Magearna|89\/100|[from] item: Leftovers\n|-heal|p2a: Clefable|70\/100|[from] item: Leftovers\n|upkeep\n|turn|15\n|\n|t:|1698528914\n|move|p1a: Magearna|Spikes|p2a: Clefable\n|-sidestart|p2: leonissenbaum|Spikes\n|move|p2a: Clefable|Wish|p2a: Clefable\n|\n|-heal|p1a: Magearna|95\/100|[from] item: Leftovers\n|-heal|p2a: Clefable|76\/100|[from] item: Leftovers\n|upkeep\n|turn|16\n|\n|t:|1698528917\n|switch|p2a: Espeon|Espeon, F|32\/100\n|-damage|p2a: Espeon|20\/100|[from] Spikes\n|move|p1a: Magearna|Volt Switch|p2a: Espeon\n|-damage|p2a: Espeon|11\/100\n|\n|t:|1698528922\n|switch|p1a: Dialga|Dialga|100\/100|[from] Volt Switch\n|-damage|p1a: Dialga|88\/100|[from] Spikes\n|-ability|p1a: Dialga|Pressure\n|\n|-heal|p2a: Espeon|70\/100|[from] move: Wish|[wisher] Clefable\n|-heal|p1a: Dialga|94\/100|[from] item: Leftovers\n|upkeep\n|turn|17\n|\n|t:|1698528935\n|move|p2a: Espeon|Light Screen|p2a: Espeon\n|-sidestart|p2: leonissenbaum|move: Light Screen\n|move|p1a: Dialga|Flash Cannon|p2a: Espeon\n|-damage|p2a: Espeon|55\/100\n|\n|-heal|p1a: Dialga|100\/100|[from] item: Leftovers\n|upkeep\n|turn|18\n|\n|t:|1698528943\n|switch|p2a: Blissey|Blissey, F|100\/100\n|-damage|p2a: Blissey|88\/100|[from] Spikes\n|move|p1a: Dialga|Flash Cannon|p2a: Blissey\n|-damage|p2a: Blissey|82\/100\n|\n|-heal|p2a: Blissey|89\/100|[from] item: Leftovers\n|upkeep\n|turn|19\n|\n|t:|1698528948\n|switch|p2a: Espeon|Espeon, F|55\/100\n|-damage|p2a: Espeon|42\/100|[from] Spikes\n|move|p1a: Dialga|Stealth Rock|p2a: Espeon\n|move|p2a: Espeon|Stealth Rock|p1a: Dialga|[from]ability: Magic Bounce\n|-sidestart|p1: RubenPaCe|move: Stealth Rock\n|\n|upkeep\n|turn|20\n|\n|t:|1698528950\n|move|p2a: Espeon|Morning Sun|p2a: Espeon\n|-heal|p2a: Espeon|92\/100\n|move|p1a: Dialga|Flash Cannon|p2a: Espeon\n|-damage|p2a: Espeon|77\/100\n|\n|upkeep\n|turn|21\n|\n|t:|1698528959\n|move|p2a: Espeon|Morning Sun|p2a: Espeon\n|-heal|p2a: Espeon|100\/100\n|move|p1a: Dialga|Flash Cannon|p2a: Espeon\n|-damage|p2a: Espeon|86\/100\n|\n|-sideend|p2: leonissenbaum|move: Light Screen\n|upkeep\n|turn|22\n|\n|t:|1698528964\n|switch|p2a: Giratina|Giratina, shiny|100\/100\n|-damage|p2a: Giratina|88\/100|[from] Spikes\n|-ability|p2a: Giratina|Pressure\n|move|p1a: Dialga|Stealth Rock|p2a: Giratina\n|-sidestart|p2: leonissenbaum|move: Stealth Rock\n|\n|-heal|p2a: Giratina|94\/100|[from] item: Leftovers\n|upkeep\n|turn|23\n|\n|t:|1698528966\n|move|p1a: Dialga|Draco Meteor|p2a: Giratina\n|-supereffective|p2a: Giratina\n|-damage|p2a: Giratina|44\/100\n|-unboost|p1a: Dialga|spa|2\n|move|p2a: Giratina|Thunder Wave|p1a: Dialga\n|-status|p1a: Dialga|par\n|\n|-heal|p2a: Giratina|50\/100|[from] item: Leftovers\n|upkeep\n|turn|24\n|\n|t:|1698528981\n|switch|p2a: Gliscor|Gliscor, M|57\/100 tox\n|-damage|p2a: Gliscor|44\/100 tox|[from] Stealth Rock\n|move|p1a: Dialga|Roar|p2a: Gliscor\n|drag|p2a: Blissey|Blissey, F|89\/100\n|-damage|p2a: Blissey|76\/100|[from] Spikes\n|-damage|p2a: Blissey|64\/100|[from] Stealth Rock\n|\n|-heal|p2a: Blissey|70\/100|[from] item: Leftovers\n|upkeep\n|turn|25\n|\n|t:|1698528986\n|move|p2a: Blissey|Seismic Toss|p1a: Dialga\n|-damage|p1a: Dialga|76\/100 par\n|cant|p1a: Dialga|par\n|\n|-heal|p2a: Blissey|76\/100|[from] item: Leftovers\n|-heal|p1a: Dialga|82\/100 par|[from] item: Leftovers\n|upkeep\n|turn|26\n|\n|t:|1698528990\n|move|p2a: Blissey|Seismic Toss|p1a: Dialga\n|-damage|p1a: Dialga|57\/100 par\n|move|p1a: Dialga|Roar|p2a: Blissey\n|drag|p2a: Giratina|Giratina, shiny|50\/100\n|-damage|p2a: Giratina|38\/100|[from] Spikes\n|-damage|p2a: Giratina|25\/100|[from] Stealth Rock\n|-ability|p2a: Giratina|Pressure\n|\n|-heal|p2a: Giratina|32\/100|[from] item: Leftovers\n|-heal|p1a: Dialga|63\/100 par|[from] item: Leftovers\n|upkeep\n|turn|27\n|\n|t:|1698528994\n|move|p2a: Giratina|Rest|p2a: Giratina\n|-status|p2a: Giratina|slp|[from] move: Rest\n|-heal|p2a: Giratina|100\/100 slp|[silent]\n|move|p1a: Dialga|Draco Meteor|p2a: Giratina\n|-supereffective|p2a: Giratina\n|-damage|p2a: Giratina|70\/100 slp\n|-unboost|p1a: Dialga|spa|2\n|\n|-heal|p2a: Giratina|76\/100 slp|[from] item: Leftovers\n|-heal|p1a: Dialga|70\/100 par|[from] item: Leftovers\n|upkeep\n|turn|28\n|\n|t:|1698528999\n|switch|p1a: Magearna|Magearna|95\/100\n|-damage|p1a: Magearna|83\/100|[from] Spikes\n|-damage|p1a: Magearna|77\/100|[from] Stealth Rock\n|cant|p2a: Giratina|slp\n|\n|-heal|p2a: Giratina|83\/100 slp|[from] item: Leftovers\n|-heal|p1a: Magearna|83\/100|[from] item: Leftovers\n|upkeep\n|turn|29\n|\n|t:|1698529006\n|switch|p2a: Espeon|Espeon, F|86\/100\n|-damage|p2a: Espeon|74\/100|[from] Spikes\n|-damage|p2a: Espeon|61\/100|[from] Stealth Rock\n|move|p1a: Magearna|Spikes|p2a: Espeon\n|move|p2a: Espeon|Spikes|p1a: Magearna|[from]ability: Magic Bounce\n|-sidestart|p1: RubenPaCe|Spikes\n|\n|-heal|p1a: Magearna|89\/100|[from] item: Leftovers\n|upkeep\n|turn|30\n|\n|t:|1698529016\n|move|p2a: Espeon|Trick|p1a: Magearna\n|-activate|p2a: Espeon|move: Trick|[of] p1a: Magearna\n|-item|p1a: Magearna|Choice Scarf|[from] move: Trick\n|-item|p2a: Espeon|Leftovers|[from] move: Trick\n|move|p1a: Magearna|Fleur Cannon|p2a: Espeon\n|-damage|p2a: Espeon|22\/100\n|-unboost|p1a: Magearna|spa|2\n|\n|-heal|p2a: Espeon|28\/100|[from] item: Leftovers\n|upkeep\n|turn|31\n|\n|t:|1698529022\n|move|p2a: Espeon|Morning Sun|p2a: Espeon\n|-heal|p2a: Espeon|78\/100\n|move|p1a: Magearna|Fleur Cannon|p2a: Espeon\n|-damage|p2a: Espeon|58\/100\n|-unboost|p1a: Magearna|spa|2\n|\n|-heal|p2a: Espeon|64\/100|[from] item: Leftovers\n|upkeep\n|turn|32\n|\n|t:|1698529031\n|switch|p1a: Dialga|Dialga|70\/100 par\n|-damage|p1a: Dialga|53\/100 par|[from] Spikes\n|-damage|p1a: Dialga|47\/100 par|[from] Stealth Rock\n|-ability|p1a: Dialga|Pressure\n|move|p2a: Espeon|Light Screen|p2a: Espeon\n|-sidestart|p2: leonissenbaum|move: Light Screen\n|\n|-heal|p2a: Espeon|70\/100|[from] item: Leftovers\n|-heal|p1a: Dialga|53\/100 par|[from] item: Leftovers\n|upkeep\n|turn|33\n|\n|t:|1698529052\n|switch|p2a: Blissey|Blissey, F|76\/100\n|-damage|p2a: Blissey|63\/100|[from] Spikes\n|-damage|p2a: Blissey|51\/100|[from] Stealth Rock\n|move|p1a: Dialga|Flash Cannon|p2a: Blissey\n|-damage|p2a: Blissey|45\/100\n|-unboost|p2a: Blissey|spd|1\n|\n|-heal|p2a: Blissey|51\/100|[from] item: Leftovers\n|-heal|p1a: Dialga|59\/100 par|[from] item: Leftovers\n|upkeep\n|turn|34\n|\n|t:|1698529057\n|move|p2a: Blissey|Soft-Boiled|p2a: Blissey\n|-heal|p2a: Blissey|100\/100\n|move|p1a: Dialga|Flash Cannon|p2a: Blissey\n|-damage|p2a: Blissey|91\/100\n|-unboost|p2a: Blissey|spd|1\n|\n|-heal|p2a: Blissey|98\/100|[from] item: Leftovers\n|-heal|p1a: Dialga|65\/100 par|[from] item: Leftovers\n|upkeep\n|turn|35\n|\n|t:|1698529062\n|switch|p2a: Giratina|Giratina, shiny|83\/100 slp\n|-damage|p2a: Giratina|70\/100 slp|[from] Spikes\n|-damage|p2a: Giratina|58\/100 slp|[from] Stealth Rock\n|-ability|p2a: Giratina|Pressure\n|move|p1a: Dialga|Flash Cannon|p2a: Giratina\n|-damage|p2a: Giratina|50\/100 slp\n|\n|-heal|p2a: Giratina|56\/100 slp|[from] item: Leftovers\n|-heal|p1a: Dialga|72\/100 par|[from] item: Leftovers\n|upkeep\n|turn|36\n|\n|t:|1698529072\n|switch|p2a: Clefable|Clefable, F|76\/100\n|-damage|p2a: Clefable|63\/100|[from] Spikes\n|-damage|p2a: Clefable|51\/100|[from] Stealth Rock\n|move|p1a: Dialga|Roar|p2a: Clefable\n|drag|p2a: Blissey|Blissey, F|98\/100\n|-damage|p2a: Blissey|85\/100|[from] Spikes\n|-damage|p2a: Blissey|73\/100|[from] Stealth Rock\n|\n|-heal|p2a: Blissey|79\/100|[from] item: Leftovers\n|-heal|p1a: Dialga|78\/100 par|[from] item: Leftovers\n|-sideend|p2: leonissenbaum|move: Light Screen\n|upkeep\n|turn|37\n|\n|t:|1698529078\n|move|p2a: Blissey|Seismic Toss|p1a: Dialga\n|-damage|p1a: Dialga|53\/100 par\n|cant|p1a: Dialga|par\n|\n|-heal|p2a: Blissey|85\/100|[from] item: Leftovers\n|-heal|p1a: Dialga|59\/100 par|[from] item: Leftovers\n|upkeep\n|turn|38\n|\n|t:|1698529081\n|switch|p1a: Pelipper|Pelipper, F|83\/100\n|-damage|p1a: Pelipper|59\/100|[from] Stealth Rock\n|-weather|RainDance|[from] ability: Drizzle|[of] p1a: Pelipper\n|move|p2a: Blissey|Seismic Toss|p1a: Pelipper\n|-damage|p1a: Pelipper|28\/100\n|\n|-weather|RainDance|[upkeep]\n|-heal|p2a: Blissey|91\/100|[from] item: Leftovers\n|upkeep\n|turn|39\n|\n|t:|1698529091\n|move|p1a: Pelipper|Roost|p1a: Pelipper\n|-heal|p1a: Pelipper|78\/100\n|-singleturn|p1a: Pelipper|move: Roost\n|move|p2a: Blissey|Seismic Toss|p1a: Pelipper\n|-damage|p1a: Pelipper|47\/100\n|\n|-weather|RainDance|[upkeep]\n|-heal|p2a: Blissey|97\/100|[from] item: Leftovers\n|upkeep\n|turn|40\n|\n|t:|1698529095\n|move|p1a: Pelipper|Roost|p1a: Pelipper\n|-heal|p1a: Pelipper|97\/100\n|-singleturn|p1a: Pelipper|move: Roost\n|move|p2a: Blissey|Seismic Toss|p1a: Pelipper\n|-damage|p1a: Pelipper|66\/100\n|\n|-weather|RainDance|[upkeep]\n|-heal|p2a: Blissey|100\/100|[from] item: Leftovers\n|upkeep\n|turn|41\n|\n|t:|1698529099\n|move|p1a: Pelipper|U-turn|p2a: Blissey\n|-damage|p2a: Blissey|91\/100\n|\n|t:|1698529100\n|switch|p1a: Basculegion|Basculegion-F, F|100\/100|[from] U-turn\n|-damage|p1a: Basculegion|84\/100|[from] Spikes\n|-damage|p1a: Basculegion|72\/100|[from] Stealth Rock\n|move|p2a: Blissey|Seismic Toss|p1a: Basculegion\n|-immune|p1a: Basculegion\n|\n|-weather|RainDance|[upkeep]\n|-heal|p2a: Blissey|97\/100|[from] item: Leftovers\n|upkeep\n|turn|42\n|\n|t:|1698529109\n|switch|p2a: Dondozo|Dondozo, M|81\/100\n|-damage|p2a: Dondozo|68\/100|[from] Spikes\n|-damage|p2a: Dondozo|56\/100|[from] Stealth Rock\n|move|p1a: Basculegion|Flip Turn|p2a: Dondozo\n|-resisted|p2a: Dondozo\n|-damage|p2a: Dondozo|46\/100\n|-damage|p1a: Basculegion|55\/100|[from] item: Rocky Helmet|[of] p2a: Dondozo\n|\n|t:|1698529112\n|switch|p1a: Magearna|Magearna|89\/100|[from] Flip Turn\n|-damage|p1a: Magearna|72\/100|[from] Spikes\n|-damage|p1a: Magearna|66\/100|[from] Stealth Rock\n|\n|-weather|none\n|upkeep\n|turn|43\n|\n|t:|1698529119\n|switch|p2a: Espeon|Espeon, F|70\/100\n|-damage|p2a: Espeon|57\/100|[from] Spikes\n|-damage|p2a: Espeon|45\/100|[from] Stealth Rock\n|move|p1a: Magearna|Fleur Cannon|p2a: Espeon\n|-damage|p2a: Espeon|3\/100\n|-unboost|p1a: Magearna|spa|2\n|\n|-heal|p2a: Espeon|9\/100|[from] item: Leftovers\n|upkeep\n|turn|44\n|\n|t:|1698529123\n|move|p2a: Espeon|Morning Sun|p2a: Espeon\n|-heal|p2a: Espeon|59\/100\n|move|p1a: Magearna|Fleur Cannon|p2a: Espeon\n|-damage|p2a: Espeon|39\/100\n|-unboost|p1a: Magearna|spa|2\n|\n|-heal|p2a: Espeon|45\/100|[from] item: Leftovers\n|upkeep\n|turn|45\n|\n|t:|1698529126\n|switch|p1a: Dialga|Dialga|59\/100 par\n|-damage|p1a: Dialga|43\/100 par|[from] Spikes\n|-damage|p1a: Dialga|36\/100 par|[from] Stealth Rock\n|-ability|p1a: Dialga|Pressure\n|move|p2a: Espeon|Light Screen|p2a: Espeon\n|-sidestart|p2: leonissenbaum|move: Light Screen\n|\n|-heal|p2a: Espeon|51\/100|[from] item: Leftovers\n|-heal|p1a: Dialga|43\/100 par|[from] item: Leftovers\n|upkeep\n|turn|46\n|\n|t:|1698529136\n|move|p2a: Espeon|Morning Sun|p2a: Espeon\n|-heal|p2a: Espeon|100\/100\n|move|p1a: Dialga|Roar|p2a: Espeon\n|move|p2a: Espeon|Roar|p1a: Dialga|[from]ability: Magic Bounce\n|drag|p1a: Magearna|Magearna|66\/100\n|-damage|p1a: Magearna|50\/100|[from] Spikes\n|-damage|p1a: Magearna|43\/100|[from] Stealth Rock\n|\n|upkeep\n|turn|47\n|j| Cw1999\n|\n|t:|1698529144\n|move|p2a: Espeon|Psyshock|p1a: Magearna\n|-resisted|p1a: Magearna\n|-damage|p1a: Magearna|32\/100\n|move|p1a: Magearna|Volt Switch|p2a: Espeon\n|-damage|p2a: Espeon|93\/100\n|l| Cw1999\n|\n|t:|1698529148\n|switch|p1a: Pelipper|Pelipper, F|66\/100|[from] Volt Switch\n|-damage|p1a: Pelipper|41\/100|[from] Stealth Rock\n|-weather|RainDance|[from] ability: Drizzle|[of] p1a: Pelipper\n|\n|-weather|RainDance|[upkeep]\n|-heal|p2a: Espeon|99\/100|[from] item: Leftovers\n|upkeep\n|turn|48\n|\n|t:|1698529152\n|move|p2a: Espeon|Psyshock|p1a: Pelipper\n|-damage|p1a: Pelipper|16\/100\n|move|p1a: Pelipper|Roost|p1a: Pelipper\n|-heal|p1a: Pelipper|66\/100\n|-singleturn|p1a: Pelipper|move: Roost\n|\n|-weather|RainDance|[upkeep]\n|-heal|p2a: Espeon|100\/100|[from] item: Leftovers\n|upkeep\n|turn|49\n|\n|t:|1698529159\n|move|p2a: Espeon|Psyshock|p1a: Pelipper\n|-damage|p1a: Pelipper|40\/100\n|move|p1a: Pelipper|U-turn|p2a: Espeon\n|-supereffective|p2a: Espeon\n|-damage|p2a: Espeon|74\/100\n|\n|t:|1698529161\n|switch|p1a: Dialga|Dialga|43\/100 par|[from] U-turn\n|-damage|p1a: Dialga|26\/100 par|[from] Spikes\n|-damage|p1a: Dialga|20\/100 par|[from] Stealth Rock\n|-ability|p1a: Dialga|Pressure\n|\n|-weather|RainDance|[upkeep]\n|-heal|p2a: Espeon|80\/100|[from] item: Leftovers\n|-heal|p1a: Dialga|26\/100 par|[from] item: Leftovers\n|-sideend|p2: leonissenbaum|move: Light Screen\n|upkeep\n|turn|50\n|\n|t:|1698529169\n|move|p2a: Espeon|Light Screen|p2a: Espeon\n|-sidestart|p2: leonissenbaum|move: Light Screen\n|move|p1a: Dialga|Flash Cannon|p2a: Espeon\n|-damage|p2a: Espeon|64\/100\n|-unboost|p2a: Espeon|spd|1\n|\n|-weather|RainDance|[upkeep]\n|-heal|p2a: Espeon|70\/100|[from] item: Leftovers\n|-heal|p1a: Dialga|32\/100 par|[from] item: Leftovers\n|upkeep\n|turn|51\n|\n|t:|1698529177\n|switch|p2a: Blissey|Blissey, F|97\/100\n|-damage|p2a: Blissey|85\/100|[from] Spikes\n|-damage|p2a: Blissey|73\/100|[from] Stealth Rock\n|cant|p1a: Dialga|par\n|\n|-weather|none\n|-heal|p2a: Blissey|79\/100|[from] item: Leftovers\n|-heal|p1a: Dialga|38\/100 par|[from] item: Leftovers\n|upkeep\n|turn|52\n|\n|t:|1698529179\n|move|p2a: Blissey|Seismic Toss|p1a: Dialga\n|-damage|p1a: Dialga|14\/100 par\n|cant|p1a: Dialga|par\n|\n|-heal|p2a: Blissey|85\/100|[from] item: Leftovers\n|-heal|p1a: Dialga|20\/100 par|[from] item: Leftovers\n|upkeep\n|turn|53\n|\n|t:|1698529182\n|move|p2a: Blissey|Seismic Toss|p1a: Dialga\n|-damage|p1a: Dialga|0 fnt\n|faint|p1a: Dialga\n|\n|-heal|p2a: Blissey|91\/100|[from] item: Leftovers\n|upkeep\n|\n|t:|1698529184\n|switch|p1a: Palafin|Palafin-Hero, M|72\/100\n|-damage|p1a: Palafin|55\/100|[from] Spikes\n|-damage|p1a: Palafin|43\/100|[from] Stealth Rock\n|turn|54\n|\n|t:|1698529199\n|move|p1a: Palafin|Wave Crash|p2a: Blissey\n|-damage|p2a: Blissey|0 fnt\n|faint|p2a: Blissey\n|-damage|p1a: Palafin|0 fnt|[from] Recoil\n|faint|p1a: Palafin\n|\n|-sideend|p2: leonissenbaum|move: Light Screen\n|upkeep\n|\n|t:|1698529212\n|switch|p1a: Arceus|Arceus-Poison|46\/100\n|switch|p2a: Gliscor|Gliscor, M|44\/100 tox\n|-damage|p1a: Arceus|30\/100|[from] Spikes\n|-damage|p1a: Arceus|17\/100|[from] Stealth Rock\n|-damage|p2a: Gliscor|32\/100 tox|[from] Stealth Rock\n|turn|55\n|\n|t:|1698529225\n|move|p1a: Arceus|Judgment|p2a: Gliscor\n|-resisted|p2a: Gliscor\n|-damage|p2a: Gliscor|12\/100 tox\n|move|p2a: Gliscor|Spikes|p1a: Arceus\n|-sidestart|p1: RubenPaCe|Spikes\n|\n|-heal|p2a: Gliscor|24\/100 tox|[from] ability: Poison Heal\n|upkeep\n|turn|56\n|\n|t:|1698529232\n|move|p2a: Gliscor|Protect|p2a: Gliscor\n|-singleturn|p2a: Gliscor|Protect\n|move|p1a: Arceus|Judgment|p2a: Gliscor\n|-activate|p2a: Gliscor|move: Protect\n|\n|-heal|p2a: Gliscor|37\/100 tox|[from] ability: Poison Heal\n|upkeep\n|turn|57\n|\n|t:|1698529240\n|move|p1a: Arceus|Judgment|p2a: Gliscor\n|-resisted|p2a: Gliscor\n|-damage|p2a: Gliscor|17\/100 tox\n|move|p2a: Gliscor|Knock Off|p1a: Arceus\n|-damage|p1a: Arceus|7\/100\n|\n|-heal|p2a: Gliscor|30\/100 tox|[from] ability: Poison Heal\n|upkeep\n|turn|58\n|\n|t:|1698529245\n|move|p2a: Gliscor|Protect|p2a: Gliscor\n|-singleturn|p2a: Gliscor|Protect\n|move|p1a: Arceus|Judgment|p2a: Gliscor\n|-activate|p2a: Gliscor|move: Protect\n|\n|-heal|p2a: Gliscor|42\/100 tox|[from] ability: Poison Heal\n|upkeep\n|turn|59\n|\n|t:|1698529248\n|move|p1a: Arceus|Judgment|p2a: Gliscor\n|-resisted|p2a: Gliscor\n|-damage|p2a: Gliscor|23\/100 tox\n|move|p2a: Gliscor|Knock Off|p1a: Arceus\n|-damage|p1a: Arceus|0 fnt\n|faint|p1a: Arceus\n|\n|-heal|p2a: Gliscor|36\/100 tox|[from] ability: Poison Heal\n|upkeep\n|\n|t:|1698529250\n|switch|p1a: Pelipper|Pelipper, F|40\/100\n|-damage|p1a: Pelipper|15\/100|[from] Stealth Rock\n|-weather|RainDance|[from] ability: Drizzle|[of] p1a: Pelipper\n|turn|60\n|\n|t:|1698529259\n|move|p2a: Gliscor|Protect|p2a: Gliscor\n|-singleturn|p2a: Gliscor|Protect\n|move|p1a: Pelipper|Roost|p1a: Pelipper\n|-heal|p1a: Pelipper|65\/100\n|-singleturn|p1a: Pelipper|move: Roost\n|\n|-weather|RainDance|[upkeep]\n|-heal|p2a: Gliscor|48\/100 tox|[from] ability: Poison Heal\n|upkeep\n|turn|61\n|\n|t:|1698529268\n|switch|p2a: Giratina|Giratina, shiny|56\/100 slp\n|-damage|p2a: Giratina|43\/100 slp|[from] Spikes\n|-damage|p2a: Giratina|31\/100 slp|[from] Stealth Rock\n|-ability|p2a: Giratina|Pressure\n|move|p1a: Pelipper|U-turn|p2a: Giratina\n|-resisted|p2a: Giratina\n|-damage|p2a: Giratina|29\/100 slp\n|\n|t:|1698529271\n|switch|p1a: Basculegion|Basculegion-F, F|55\/100|[from] U-turn\n|-damage|p1a: Basculegion|30\/100|[from] Spikes\n|-damage|p1a: Basculegion|18\/100|[from] Stealth Rock\n|\n|-weather|RainDance|[upkeep]\n|-heal|p2a: Giratina|35\/100 slp|[from] item: Leftovers\n|upkeep\n|turn|62\n|\n|t:|1698529275\n|move|p1a: Basculegion|Last Respects|p2a: Giratina\n|-supereffective|p2a: Giratina\n|-damage|p2a: Giratina|0 fnt\n|faint|p2a: Giratina\n|\n|-weather|RainDance|[upkeep]\n|upkeep\n|\n|t:|1698529282\n|switch|p2a: Gliscor|Gliscor, M|48\/100 tox\n|-damage|p2a: Gliscor|36\/100 tox|[from] Stealth Rock\n|turn|63\n|\n|t:|1698529285\n|move|p2a: Gliscor|Protect|p2a: Gliscor\n|-singleturn|p2a: Gliscor|Protect\n|move|p1a: Basculegion|Last Respects|p2a: Gliscor\n|-activate|p2a: Gliscor|move: Protect\n|\n|-weather|RainDance|[upkeep]\n|-heal|p2a: Gliscor|48\/100 tox|[from] ability: Poison Heal\n|upkeep\n|turn|64\n|\n|t:|1698529289\n|-terastallize|p2a: Gliscor|Normal\n|move|p1a: Basculegion|Last Respects|p2a: Gliscor\n|-immune|p2a: Gliscor\n|move|p2a: Gliscor|Knock Off|p1a: Basculegion\n|-supereffective|p1a: Basculegion\n|-damage|p1a: Basculegion|0 fnt\n|-enditem|p1a: Basculegion|Spell Tag|[from] move: Knock Off|[of] p2a: Gliscor\n|faint|p1a: Basculegion\n|\n|-weather|none\n|-heal|p2a: Gliscor|61\/100 tox|[from] ability: Poison Heal\n|upkeep\n|\n|t:|1698529294\n|switch|p1a: Magearna|Magearna|32\/100\n|-damage|p1a: Magearna|7\/100|[from] Spikes\n|-damage|p1a: Magearna|1\/100|[from] Stealth Rock\n|turn|65\n|\n|t:|1698529303\n|move|p1a: Magearna|Fleur Cannon|p2a: Gliscor\n|-damage|p2a: Gliscor|17\/100 tox\n|-unboost|p1a: Magearna|spa|2\n|move|p2a: Gliscor|Knock Off|p1a: Magearna\n|-resisted|p1a: Magearna\n|-damage|p1a: Magearna|0 fnt\n|-enditem|p1a: Magearna|Choice Scarf|[from] move: Knock Off|[of] p2a: Gliscor\n|faint|p1a: Magearna\n|\n|-heal|p2a: Gliscor|29\/100 tox|[from] ability: Poison Heal\n|upkeep\n|c|\u2606RubenPaCe|it's insane to me that people have to resort to fucking tera normal mons to deal with basculegion\n|\n|t:|1698529314\n|switch|p1a: Pelipper|Pelipper, F|65\/100\n|-damage|p1a: Pelipper|40\/100|[from] Stealth Rock\n|-weather|RainDance|[from] ability: Drizzle|[of] p1a: Pelipper\n|turn|66\n|c|\u2606leonissenbaum|lmao\n|c|\u2606leonissenbaum|gg\n|\n|t:|1698529321\n|move|p2a: Gliscor|Protect|p2a: Gliscor\n|-singleturn|p2a: Gliscor|Protect\n|move|p1a: Pelipper|Hurricane|p2a: Gliscor\n|-activate|p2a: Gliscor|move: Protect\n|\n|-weather|RainDance|[upkeep]\n|-heal|p2a: Gliscor|41\/100 tox|[from] ability: Poison Heal\n|upkeep\n|turn|67\n|c|\u2606RubenPaCe|gg\n|c|\u2606RubenPaCe|mon needs to get banned asap\n|\n|t:|1698529329\n|move|p2a: Gliscor|Knock Off|p1a: Pelipper\n|-damage|p1a: Pelipper|30\/100\n|move|p1a: Pelipper|Hurricane|p2a: Gliscor\n|-damage|p2a: Gliscor|12\/100 tox\n|\n|-weather|RainDance|[upkeep]\n|-heal|p2a: Gliscor|25\/100 tox|[from] ability: Poison Heal\n|upkeep\n|turn|68\n|\n|t:|1698529333\n|move|p2a: Gliscor|Protect|p2a: Gliscor\n|-singleturn|p2a: Gliscor|Protect\n|move|p1a: Pelipper|Hurricane|p2a: Gliscor\n|-activate|p2a: Gliscor|move: Protect\n|\n|-weather|RainDance|[upkeep]\n|-heal|p2a: Gliscor|37\/100 tox|[from] ability: Poison Heal\n|upkeep\n|turn|69\n|\n|t:|1698529336\n|move|p2a: Gliscor|Knock Off|p1a: Pelipper\n|-damage|p1a: Pelipper|18\/100\n|move|p1a: Pelipper|Hurricane|p2a: Gliscor\n|-damage|p2a: Gliscor|5\/100 tox\n|\n|-weather|RainDance|[upkeep]\n|-heal|p2a: Gliscor|17\/100 tox|[from] ability: Poison Heal\n|upkeep\n|turn|70\n|\n|t:|1698529339\n|move|p2a: Gliscor|Protect|p2a: Gliscor\n|-singleturn|p2a: Gliscor|Protect\n|move|p1a: Pelipper|Hurricane|p2a: Gliscor\n|-activate|p2a: Gliscor|move: Protect\n|\n|-weather|none\n|-heal|p2a: Gliscor|30\/100 tox|[from] ability: Poison Heal\n|upkeep\n|turn|71\n|\n|t:|1698529341\n|move|p2a: Gliscor|Knock Off|p1a: Pelipper\n|-damage|p1a: Pelipper|7\/100\n|move|p1a: Pelipper|Hurricane|p2a: Gliscor\n|-damage|p2a: Gliscor|0 fnt\n|faint|p2a: Gliscor\n|\n|upkeep\n|\n|t:|1698529346\n|switch|p2a: Espeon|Espeon, F|70\/100\n|-damage|p2a: Espeon|57\/100|[from] Spikes\n|-damage|p2a: Espeon|45\/100|[from] Stealth Rock\n|turn|72\n|\n|t:|1698529349\n|move|p2a: Espeon|Psyshock|p1a: Pelipper\n|-damage|p1a: Pelipper|0 fnt\n|faint|p1a: Pelipper\n|\n|win|leonissenbaum\n|c|\u2606RubenPaCe|re?\n|l|\u2606RubenPaCe\n|c|\u2606leonissenbaum|sadly cant, need to fight unique players to qualify for a sample team\n","uploadtime":1698529382,"views":10,"p1id":"rubenpace","p2id":"leonissenbaum","formatid":"gen9ubers","rating":0,"private":0,"password":""}