{"id":"gen9ubers-1980545935","p1":"clorboycoctopus","p2":"XpokVEVO","format":"[Gen 9] Ubers","log":"|j|\u2606clorboycoctopus\n|j|\u2606XpokVEVO\n|t:|1698795791\n|gametype|singles\n|player|p1|clorboycoctopus|blackbelt-gen4dp|\n|player|p2|XpokVEVO|mustard|\n|teamsize|p1|6\n|teamsize|p2|6\n|gen|9\n|tier|[Gen 9] Ubers\n|rule|Sleep Clause Mod: Limit one foe put to sleep\n|rule|Species Clause: Limit one of each Pok\u00e9mon\n|rule|OHKO Clause: OHKO moves are banned\n|rule|Evasion Items Clause: Evasion items are banned\n|rule|Evasion Moves Clause: Evasion moves are banned\n|rule|Endless Battle Clause: Forcing endless battles is banned\n|rule|HP Percentage Mod: HP is shown in percentages\n|clearpoke\n|poke|p1|Dondozo, M|\n|poke|p1|Giratina|\n|poke|p1|Blissey, F|\n|poke|p1|Gliscor, F|\n|poke|p1|Arceus-Dark|\n|poke|p1|Cresselia, F|\n|poke|p2|Arceus-Fire|\n|poke|p2|Cyclizar, M|\n|poke|p2|Espathra, F|\n|poke|p2|Magearna|\n|poke|p2|Zacian-*|\n|poke|p2|Roaring Moon|\n|teampreview\n|inactive|Battle timer is ON: inactive players will automatically lose when time's up. (requested by XpokVEVO)\n|c|\u2606clorboycoctopus|surely you win this one\n|c|\u2606clorboycoctopus|btw the turn count might say otherwise but this doesnt feel like stall\n|c|\u2606clorboycoctopus|maybe its cause were pressing the buttons very quickly\n|\n|t:|1698795819\n|start\n|switch|p1a: Gliscor|Gliscor, F|100\/100\n|switch|p2a: Akira|Cyclizar, M|100\/100\n|turn|1\n|\n|t:|1698795828\n|move|p2a: Akira|Shed Tail|p2a: Akira\n|-start|p2a: Akira|Substitute|[from] move: Shed Tail\n|-damage|p2a: Akira|50\/100\n|c|\u2606clorboycoctopus|GLISCOR CAN DO SOMETHING\n|\n|t:|1698795850\n|switch|p2a: Princess|Zacian, shiny|100\/100|[from] Shed Tail\n|-ability|p2a: Princess|Intrepid Sword|boost\n|-boost|p2a: Princess|atk|1\n|move|p1a: Gliscor|Earthquake|p2a: Princess\n|-end|p2a: Princess|Substitute\n|\n|-status|p1a: Gliscor|tox|[from] item: Toxic Orb\n|upkeep\n|turn|2\n|\n|t:|1698795859\n|move|p2a: Princess|Swords Dance|p2a: Princess\n|-boost|p2a: Princess|atk|2\n|move|p1a: Gliscor|Earthquake|p2a: Princess\n|-damage|p2a: Princess|69\/100\n|\n|upkeep\n|turn|3\n|\n|t:|1698795861\n|move|p2a: Princess|Play Rough|p1a: Gliscor\n|-crit|p1a: Gliscor\n|-damage|p1a: Gliscor|0 fnt\n|faint|p1a: Gliscor\n|-damage|p2a: Princess|60\/100|[from] item: Life Orb\n|\n|upkeep\n|c|\u2606XpokVEVO|he can do...nossing..\n|c|\u2606clorboycoctopus|oh jeuss\n|\n|t:|1698795868\n|switch|p1a: Dondozo|Dondozo, M|100\/100\n|turn|4\n|\n|t:|1698795873\n|switch|p2a: Akira|Cyclizar, M|84\/100\n|move|p1a: Dondozo|Curse|p1a: Dondozo\n|-unboost|p1a: Dondozo|spe|1\n|-boost|p1a: Dondozo|atk|1\n|-boost|p1a: Dondozo|def|1\n|\n|upkeep\n|turn|5\n|\n|t:|1698795876\n|move|p2a: Akira|Taunt|p1a: Dondozo\n|-start|p1a: Dondozo|move: Taunt\n|cant|p1a: Dondozo|move: Taunt|Curse\n|\n|upkeep\n|turn|6\n|\n|t:|1698795879\n|move|p2a: Akira|Shed Tail|p2a: Akira\n|-start|p2a: Akira|Substitute|[from] move: Shed Tail\n|-damage|p2a: Akira|33\/100\n|\n|t:|1698795882\n|switch|p2a: Ar\u0441eus-Fighting|Arceus-Fire, shiny|100\/100|[from] Shed Tail\n|move|p1a: Dondozo|Liquidation|p2a: Ar\u0441eus-Fighting\n|-supereffective|p2a: Ar\u0441eus-Fighting\n|-end|p2a: Ar\u0441eus-Fighting|Substitute\n|\n|upkeep\n|turn|7\n|c|\u2606clorboycoctopus|time for super dozo\n|\n|t:|1698795888\n|move|p1a: Dondozo|Liquidation|p2a: Ar\u0441eus-Fighting\n|-supereffective|p2a: Ar\u0441eus-Fighting\n|-damage|p2a: Ar\u0441eus-Fighting|40\/100\n|-unboost|p2a: Ar\u0441eus-Fighting|def|1\n|move|p2a: Ar\u0441eus-Fighting|Roar|p1a: Dondozo\n|drag|p1a: Cresselia|Cresselia, F|100\/100\n|\n|upkeep\n|turn|8\n|\n|t:|1698795894\n|switch|p2a: Aunt Fanny|Magearna|100\/100\n|move|p1a: Cresselia|Calm Mind|p1a: Cresselia\n|-boost|p1a: Cresselia|spa|1\n|-boost|p1a: Cresselia|spd|1\n|\n|upkeep\n|turn|9\n|c|\u2606clorboycoctopus|time for super cresselia\n|\n|t:|1698795900\n|move|p2a: Aunt Fanny|Thunder Wave|p1a: Cresselia\n|-status|p1a: Cresselia|par\n|move|p1a: Cresselia|Calm Mind|p1a: Cresselia\n|-boost|p1a: Cresselia|spa|1\n|-boost|p1a: Cresselia|spd|1\n|\n|upkeep\n|turn|10\n|\n|t:|1698795906\n|switch|p2a: Ar\u0441eus-Fighting|Arceus-Fire, shiny|40\/100\n|move|p1a: Cresselia|Calm Mind|p1a: Cresselia\n|-boost|p1a: Cresselia|spa|1\n|-boost|p1a: Cresselia|spd|1\n|\n|upkeep\n|turn|11\n|\n|t:|1698795908\n|cant|p1a: Cresselia|par\n|move|p2a: Ar\u0441eus-Fighting|Roar|p1a: Cresselia\n|drag|p1a: Blissey|Blissey, F|100\/100\n|\n|upkeep\n|turn|12\n|\n|t:|1698795912\n|switch|p2a: Akira|Cyclizar, M|67\/100\n|move|p1a: Blissey|Stealth Rock|p2a: Akira\n|-sidestart|p2: XpokVEVO|move: Stealth Rock\n|\n|upkeep\n|turn|13\n|\n|t:|1698795917\n|switch|p1a: Giratina|Giratina|100\/100\n|-ability|p1a: Giratina|Pressure\n|move|p2a: Akira|Rapid Spin|p1a: Giratina\n|-immune|p1a: Giratina\n|\n|upkeep\n|turn|14\n|\n|t:|1698795925\n|move|p2a: Akira|Taunt|p1a: Giratina\n|-start|p1a: Giratina|move: Taunt\n|cant|p1a: Giratina|move: Taunt|Roar\n|\n|upkeep\n|turn|15\n|\n|t:|1698795932\n|move|p2a: Akira|Shed Tail|p2a: Akira\n|-start|p2a: Akira|Substitute|[from] move: Shed Tail\n|-damage|p2a: Akira|17\/100\n|\n|t:|1698795962\n|switch|p2a: Roaring Peak|Roaring Moon|100\/100|[from] Shed Tail\n|-damage|p2a: Roaring Peak|88\/100|[from] Stealth Rock\n|-enditem|p2a: Roaring Peak|Booster Energy\n|-activate|p2a: Roaring Peak|ability: Protosynthesis|[fromitem]\n|-start|p2a: Roaring Peak|protosynthesisspe\n|move|p1a: Giratina|Hex|p2a: Roaring Peak\n|-resisted|p2a: Roaring Peak\n|-activate|p2a: Roaring Peak|move: Substitute|[damage]\n|\n|upkeep\n|turn|16\n|c|\u2606clorboycoctopus|pls break pls break\n|c|\u2606clorboycoctopus|oh its over\n|\n|t:|1698795971\n|switch|p1a: Dondozo|Dondozo, M|100\/100\n|move|p2a: Roaring Peak|Knock Off|p1a: Dondozo\n|-damage|p1a: Dondozo|78\/100\n|-enditem|p1a: Dondozo|Leftovers|[from] move: Knock Off|[of] p2a: Roaring Peak\n|\n|upkeep\n|turn|17\n|\n|t:|1698795980\n|move|p2a: Roaring Peak|Acrobatics|p1a: Dondozo\n|-crit|p1a: Dondozo\n|-damage|p1a: Dondozo|54\/100\n|move|p1a: Dondozo|Liquidation|p2a: Roaring Peak\n|-resisted|p2a: Roaring Peak\n|-end|p2a: Roaring Peak|Substitute\n|\n|upkeep\n|turn|18\n|\n|t:|1698795987\n|move|p2a: Roaring Peak|Acrobatics|p1a: Dondozo\n|-damage|p1a: Dondozo|37\/100\n|move|p1a: Dondozo|Curse|p1a: Dondozo\n|-unboost|p1a: Dondozo|spe|1\n|-boost|p1a: Dondozo|atk|1\n|-boost|p1a: Dondozo|def|1\n|\n|upkeep\n|turn|19\n|\n|t:|1698795994\n|move|p2a: Roaring Peak|Acrobatics|p1a: Dondozo\n|-crit|p1a: Dondozo\n|-damage|p1a: Dondozo|11\/100\n|move|p1a: Dondozo|Liquidation|p2a: Roaring Peak\n|-resisted|p2a: Roaring Peak\n|-damage|p2a: Roaring Peak|59\/100\n|\n|upkeep\n|turn|20\n|c|\u2606XpokVEVO|that is\n|c|\u2606XpokVEVO|so unlucky\n|c|\u2606XpokVEVO|on the other hand, stalling does mean more crit chances\n|\n|t:|1698796013\n|switch|p1a: Arceus|Arceus-Dark|100\/100\n|move|p2a: Roaring Peak|Acrobatics|p1a: Arceus\n|-damage|p1a: Arceus|80\/100\n|\n|upkeep\n|turn|21\n|\n|t:|1698796021\n|-end|p2a: Roaring Peak|Protosynthesis|[silent]\n|switch|p2a: Aunt Fanny|Magearna|100\/100\n|-damage|p2a: Aunt Fanny|95\/100|[from] Stealth Rock\n|move|p1a: Arceus|Earth Power|p2a: Aunt Fanny\n|-supereffective|p2a: Aunt Fanny\n|-damage|p2a: Aunt Fanny|43\/100\n|-enditem|p2a: Aunt Fanny|Weakness Policy\n|-boost|p2a: Aunt Fanny|atk|2|[from] item: Weakness Policy\n|-boost|p2a: Aunt Fanny|spa|2|[from] item: Weakness Policy\n|\n|upkeep\n|turn|22\n|\n|t:|1698796025\n|-terastallize|p2a: Aunt Fanny|Water\n|move|p1a: Arceus|Earth Power|p2a: Aunt Fanny\n|-damage|p2a: Aunt Fanny|19\/100\n|move|p2a: Aunt Fanny|Shift Gear|p2a: Aunt Fanny\n|-boost|p2a: Aunt Fanny|spe|2\n|-boost|p2a: Aunt Fanny|atk|1\n|\n|upkeep\n|turn|23\n|c|\u2606XpokVEVO|zat is zo unlucky\n|\n|t:|1698796034\n|move|p2a: Aunt Fanny|Fleur Cannon|p1a: Arceus\n|-supereffective|p1a: Arceus\n|-damage|p1a: Arceus|0 fnt\n|-unboost|p2a: Aunt Fanny|spa|2\n|faint|p1a: Arceus\n|-ability|p2a: Aunt Fanny|Soul-Heart|boost\n|-boost|p2a: Aunt Fanny|spa|1\n|\n|upkeep\n|\n|t:|1698796038\n|switch|p1a: Blissey|Blissey, F|100\/100\n|turn|24\n|\n|t:|1698796041\n|move|p2a: Aunt Fanny|Thunder Wave|p1a: Blissey\n|-status|p1a: Blissey|par\n|move|p1a: Blissey|Seismic Toss|p2a: Aunt Fanny\n|-damage|p2a: Aunt Fanny|0 fnt\n|faint|p2a: Aunt Fanny\n|\n|upkeep\n|\n|t:|1698796043\n|switch|p2a: Akira|Cyclizar, M|50\/100\n|turn|25\n|\n|t:|1698796049\n|switch|p2a: Princess|Zacian, shiny|60\/100\n|-damage|p2a: Princess|47\/100|[from] Stealth Rock\n|move|p1a: Blissey|Seismic Toss|p2a: Princess\n|-damage|p2a: Princess|18\/100\n|\n|upkeep\n|turn|26\n|\n|t:|1698796057\n|move|p2a: Princess|Play Rough|p1a: Blissey\n|-damage|p1a: Blissey|0 fnt\n|faint|p1a: Blissey\n|-damage|p2a: Princess|9\/100|[from] item: Life Orb\n|\n|upkeep\n|\n|t:|1698796063\n|switch|p1a: Dondozo|Dondozo, M|11\/100\n|turn|27\n|\n|t:|1698796068\n|move|p2a: Princess|Crunch|p1a: Dondozo\n|-damage|p1a: Dondozo|0 fnt\n|faint|p1a: Dondozo\n|-damage|p2a: Princess|0 fnt|[from] item: Life Orb\n|faint|p2a: Princess\n|\n|upkeep\n|\n|t:|1698796075\n|switch|p2a: Akira|Cyclizar, M|83\/100\n|switch|p1a: Giratina|Giratina|100\/100\n|-ability|p1a: Giratina|Pressure\n|turn|28\n|\n|t:|1698796080\n|switch|p1a: Cresselia|Cresselia, F|100\/100 par\n|move|p2a: Akira|Taunt|p1a: Cresselia\n|-start|p1a: Cresselia|move: Taunt\n|\n|upkeep\n|turn|29\n|\n|t:|1698796083\n|move|p2a: Akira|Rapid Spin|p1a: Cresselia\n|-damage|p1a: Cresselia|92\/100 par\n|-boost|p2a: Akira|spe|1\n|-sideend|p2: XpokVEVO|Stealth Rock|[from] move: Rapid Spin|[of] p2a: Akira\n|move|p1a: Cresselia|Moonblast|p2a: Akira\n|-supereffective|p2a: Akira\n|-damage|p2a: Akira|36\/100\n|-unboost|p2a: Akira|spa|1\n|\n|-heal|p1a: Cresselia|98\/100 par|[from] item: Leftovers\n|upkeep\n|turn|30\n|\n|t:|1698796090\n|switch|p2a: Roaring Peak|Roaring Moon|59\/100\n|move|p1a: Cresselia|Moonblast|p2a: Roaring Peak\n|-supereffective|p2a: Roaring Peak\n|-damage|p2a: Roaring Peak|0 fnt\n|faint|p2a: Roaring Peak\n|-end|p2a: Roaring Peak|Protosynthesis|[silent]\n|\n|-heal|p1a: Cresselia|100\/100 par|[from] item: Leftovers\n|-end|p1a: Cresselia|move: Taunt\n|upkeep\n|\n|t:|1698796100\n|switch|p2a: Akira|Cyclizar, M|70\/100\n|turn|31\n|\n|t:|1698796104\n|move|p2a: Akira|Taunt|p1a: Cresselia\n|-start|p1a: Cresselia|move: Taunt\n|cant|p1a: Cresselia|par\n|\n|upkeep\n|turn|32\n|\n|t:|1698796107\n|move|p2a: Akira|Shed Tail|p2a: Akira\n|-start|p2a: Akira|Substitute|[from] move: Shed Tail\n|-damage|p2a: Akira|19\/100\n|\n|t:|1698796108\n|switch|p2a: Emu War|Espathra, F|100\/100|[from] Shed Tail\n|move|p1a: Cresselia|Moonblast|p2a: Emu War\n|-end|p2a: Emu War|Substitute\n|\n|upkeep\n|turn|33\n|\n|t:|1698796114\n|switch|p1a: Giratina|Giratina|100\/100\n|-ability|p1a: Giratina|Pressure\n|move|p2a: Emu War|Protect||[still]\n|-fail|p2a: Emu War\n|\n|-ability|p2a: Emu War|Speed Boost|boost\n|-boost|p2a: Emu War|spe|1\n|upkeep\n|turn|34\n|\n|t:|1698796120\n|move|p2a: Emu War|Dazzling Gleam|p1a: Giratina\n|-supereffective|p1a: Giratina\n|-damage|p1a: Giratina|78\/100\n|move|p1a: Giratina|Thunder Wave|p2a: Emu War\n|-status|p2a: Emu War|par\n|\n|-ability|p2a: Emu War|Speed Boost|boost\n|-boost|p2a: Emu War|spe|1\n|upkeep\n|turn|35\n|\n|t:|1698796124\n|move|p2a: Emu War|Calm Mind|p2a: Emu War\n|-boost|p2a: Emu War|spa|1\n|-boost|p2a: Emu War|spd|1\n|move|p1a: Giratina|Hex|p2a: Emu War\n|-supereffective|p2a: Emu War\n|-crit|p2a: Emu War\n|-enditem|p2a: Emu War|Focus Sash\n|-damage|p2a: Emu War|1\/100 par\n|\n|-ability|p2a: Emu War|Speed Boost|boost\n|-boost|p2a: Emu War|spe|1\n|upkeep\n|turn|36\n|c|\u2606XpokVEVO|N\n|c|\u2606XpokVEVO|NO\n|c|\u2606XpokVEVO|IT\n|c|\u2606XpokVEVO|IT CANT BE\n|c|\u2606XpokVEVO|NOOOOOOOOOOOOO\n|\n|t:|1698796135\n|move|p2a: Emu War|Stored Power|p1a: Giratina\n|-damage|p1a: Giratina|44\/100\n|move|p1a: Giratina|Roar|p2a: Emu War\n|drag|p2a: Akira|Cyclizar, M|53\/100\n|\n|upkeep\n|turn|37\n|\n|t:|1698796165\n|move|p2a: Akira|Taunt|p1a: Giratina\n|-start|p1a: Giratina|move: Taunt\n|cant|p1a: Giratina|move: Taunt|Thunder Wave\n|\n|upkeep\n|turn|38\n|c|\u2606XpokVEVO|MWAHHHAHA\n|\n|t:|1698796184\n|switch|p2a: Emu War|Espathra, F|1\/100 par\n|switch|p1a: Cresselia|Cresselia, F|100\/100 par\n|\n|upkeep\n|turn|39\n|c|\u2606clorboycoctopus|why is cyclizar going to win you the game\n|c|\u2606XpokVEVO|NO\n|\n|t:|1698796193\n|switch|p2a: Akira|Cyclizar, M|86\/100\n|move|p1a: Cresselia|Moonblast|p2a: Akira\n|-supereffective|p2a: Akira\n|-damage|p2a: Akira|40\/100\n|-unboost|p2a: Akira|spa|1\n|\n|upkeep\n|turn|40\n|c|\u2606XpokVEVO|because....he was tasked with saving hyper offense society\n|\n|t:|1698796210\n|switch|p2a: Emu War|Espathra, F|1\/100 par\n|move|p1a: Cresselia|Moonblast|p2a: Emu War\n|-damage|p2a: Emu War|0 fnt\n|faint|p2a: Emu War\n|\n|upkeep\n|\n|t:|1698796220\n|switch|p2a: Akira|Cyclizar, M|73\/100\n|turn|41\n|c|\u2606clorboycoctopus|hyper offensive must lose\n|c|\u2606XpokVEVO|if this doesnt work i kms\n|c|\u2606clorboycoctopus|erm maybe dont do that\n|\n|t:|1698796243\n|move|p2a: Akira|Shed Tail|p2a: Akira\n|-start|p2a: Akira|Substitute|[from] move: Shed Tail\n|-damage|p2a: Akira|23\/100\n|\n|t:|1698796244\n|switch|p2a: Ar\u0441eus-Fighting|Arceus-Fire, shiny|40\/100|[from] Shed Tail\n|cant|p1a: Cresselia|par\n|\n|upkeep\n|turn|42\n|c|\u2606clorboycoctopus|FUCK\n|c|\u2606XpokVEVO|HORR HORR\n|\n|t:|1698796257\n|move|p2a: Ar\u0441eus-Fighting|Dragon Dance|p2a: Ar\u0441eus-Fighting\n|-boost|p2a: Ar\u0441eus-Fighting|atk|1\n|-boost|p2a: Ar\u0441eus-Fighting|spe|1\n|move|p1a: Cresselia|Moonblast|p2a: Ar\u0441eus-Fighting\n|-resisted|p2a: Ar\u0441eus-Fighting\n|-activate|p2a: Ar\u0441eus-Fighting|move: Substitute|[damage]\n|\n|upkeep\n|turn|43\n|c|\u2606XpokVEVO|gg\n|c|\u2606clorboycoctopus|i win this\n|inactive|XpokVEVO has 270 seconds left.\n|\n|t:|1698796286\n|switch|p1a: Giratina|Giratina|44\/100\n|-ability|p1a: Giratina|Pressure\n|move|p2a: Ar\u0441eus-Fighting|Flare Blitz|p1a: Giratina\n|-resisted|p1a: Giratina\n|-damage|p1a: Giratina|13\/100\n|-damage|p2a: Ar\u0441eus-Fighting|23\/100|[from] item: Rocky Helmet|[of] p1a: Giratina\n|-damage|p2a: Ar\u0441eus-Fighting|11\/100|[from] Recoil\n|\n|upkeep\n|turn|44\n|c|\u2606clorboycoctopus|YES\n|inactive|XpokVEVO has 270 seconds left.\n|\n|t:|1698796305\n|switch|p2a: Akira|Cyclizar, M|56\/100\n|move|p1a: Giratina|Hex|p2a: Akira\n|-immune|p2a: Akira\n|\n|upkeep\n|turn|45\n|c|\u2606XpokVEVO|CYCLIZAR\n|inactive|XpokVEVO has 270 seconds left.\n|c|\u2606XpokVEVO|SLAP THAT MOFO\n|\n|t:|1698796319\n|move|p2a: Akira|Shed Tail|p2a: Akira\n|-start|p2a: Akira|Substitute|[from] move: Shed Tail\n|-damage|p2a: Akira|6\/100\n|\n|t:|1698796321\n|switch|p2a: Ar\u0441eus-Fighting|Arceus-Fire, shiny|11\/100|[from] Shed Tail\n|move|p1a: Giratina|Hex|p2a: Ar\u0441eus-Fighting\n|-activate|p2a: Ar\u0441eus-Fighting|move: Substitute|[damage]\n|\n|upkeep\n|turn|46\n|\n|t:|1698796325\n|move|p2a: Ar\u0441eus-Fighting|Flare Blitz|p1a: Giratina\n|-resisted|p1a: Giratina\n|-damage|p1a: Giratina|0 fnt\n|-damage|p2a: Ar\u0441eus-Fighting|0 fnt|[from] item: Rocky Helmet|[of] p1a: Giratina\n|faint|p1a: Giratina\n|faint|p2a: Ar\u0441eus-Fighting\n|\n|upkeep\n|c|\u2606XpokVEVO|very unfortunate\n|c|\u2606XpokVEVO|gg\n|c|\u2606clorboycoctopus|I WIN\n|\n|t:|1698796332\n|switch|p2a: Akira|Cyclizar, M|39\/100\n|switch|p1a: Cresselia|Cresselia, F|100\/100 par\n|turn|47\n|c|\u2606XpokVEVO|i messed up my reads...\n|\n|t:|1698796344\n|-terastallize|p1a: Cresselia|Poison\n|move|p2a: Akira|Knock Off|p1a: Cresselia\n|-damage|p1a: Cresselia|88\/100 par\n|-enditem|p1a: Cresselia|Leftovers|[from] move: Knock Off|[of] p2a: Akira\n|move|p1a: Cresselia|Moonblast|p2a: Akira\n|-supereffective|p2a: Akira\n|-damage|p2a: Akira|0 fnt\n|faint|p2a: Akira\n|\n|win|clorboycoctopus\n|c|\u2606XpokVEVO|gg\n|c|\u2606clorboycoctopus|ggs\n|c|\u2606clorboycoctopus|im putting this one in the vods\n","uploadtime":1698796352,"views":12,"p1id":"clorboycoctopus","p2id":"xpokvevo","formatid":"gen9ubers","rating":0,"private":0,"password":""}