{"id":"gen9ubers-1970041191","p1":"BigBabyGerry","p2":"ZeldaCatbug","format":"[Gen 9] Ubers","log":"|j|\u2606BigBabyGerry\n|j|\u2606ZeldaCatbug\n|t:|1697588048\n|gametype|singles\n|player|p1|BigBabyGerry|170|\n|player|p2|ZeldaCatbug|101|\n|teamsize|p1|6\n|teamsize|p2|6\n|gen|9\n|tier|[Gen 9] Ubers\n|rule|Sleep Clause Mod: Limit one foe put to sleep\n|rule|Species Clause: Limit one of each Pok\u00e9mon\n|rule|OHKO Clause: OHKO moves are banned\n|rule|Evasion Items Clause: Evasion items are banned\n|rule|Evasion Moves Clause: Evasion moves are banned\n|rule|Endless Battle Clause: Forcing endless battles is banned\n|rule|HP Percentage Mod: HP is shown in percentages\n|clearpoke\n|poke|p1|Iron Bundle|\n|poke|p1|Roaring Moon|\n|poke|p1|Gengar, M|\n|poke|p1|Arcanine, M|\n|poke|p1|Wigglytuff, M|\n|poke|p1|Tauros-Paldea-Blaze, M|\n|poke|p2|Typhlosion-Hisui, F|\n|poke|p2|Slowking, M|\n|poke|p2|Espathra, F|\n|poke|p2|Ting-Lu|\n|poke|p2|Decidueye-Hisui, F|\n|poke|p2|Tinkaton, F|\n|teampreview\n|j| Du-Gi-Oh\n|j| Haymaker_92\n|c| Haymaker_92|gl gl\n|c| Du-Gi-Oh|PSL never said commence\n|c|\u2606ZeldaCatbug|glhf!\n|c|\u2606BigBabyGerry|glgl!\n|c| Du-Gi-Oh|PSYCH\n|c| Du-Gi-Oh|Welcome to the inaugural PSL Play-In Tournament!\n|c| Haymaker_92|Regular season game*\n|c| Du-Gi-Oh|Pay no attention to non-desk comments\n|c| Du-Gi-Oh|PSL COMMENCE\n|\n|t:|1697588201\n|start\n|switch|p1a: Wigglybug|Wigglytuff, M, shiny|100\/100\n|switch|p2a: Slowking|Slowking, M, shiny|100\/100\n|turn|1\n|\n|t:|1697588209\n|move|p1a: Wigglybug|Stealth Rock|p2a: Slowking\n|-sidestart|p2: ZeldaCatbug|move: Stealth Rock\n|move|p2a: Slowking|Thunder Wave|p1a: Wigglybug\n|-status|p1a: Wigglybug|par\n|\n|upkeep\n|turn|2\n|\n|t:|1697588221\n|move|p1a: Wigglybug|Reflect|p1a: Wigglybug\n|-sidestart|p1: BigBabyGerry|Reflect\n|move|p2a: Slowking|Surf|p1a: Wigglybug\n|-damage|p1a: Wigglybug|59\/100 par\n|\n|upkeep\n|turn|3\n|\n|t:|1697588225\n|cant|p1a: Wigglybug|par\n|move|p2a: Slowking|Surf|p1a: Wigglybug\n|-damage|p1a: Wigglybug|24\/100 par\n|\n|upkeep\n|turn|4\n|\n|t:|1697588256\n|move|p1a: Wigglybug|Light Screen|p1a: Wigglybug\n|-sidestart|p1: BigBabyGerry|move: Light Screen\n|move|p2a: Slowking|Surf|p1a: Wigglybug\n|-damage|p1a: Wigglybug|7\/100 par\n|\n|upkeep\n|turn|5\n|\n|t:|1697588274\n|move|p1a: Wigglybug|Dazzling Gleam|p2a: Slowking\n|-damage|p2a: Slowking|83\/100\n|move|p2a: Slowking|Surf|p1a: Wigglybug\n|-damage|p1a: Wigglybug|0 fnt\n|faint|p1a: Wigglybug\n|\n|upkeep\n|\n|t:|1697588294\n|switch|p1a: Roaring Catbug|Roaring Moon, shiny|100\/100\n|turn|6\n|\n|t:|1697588300\n|move|p1a: Roaring Catbug|Jaw Lock|p2a: Slowking\n|-supereffective|p2a: Slowking\n|-damage|p2a: Slowking|11\/100\n|-activate|p1a: Roaring Catbug|trapped\n|-activate|p2a: Slowking|trapped\n|-enditem|p2a: Slowking|Aguav Berry|[eat]\n|-heal|p2a: Slowking|45\/100|[from] item: Aguav Berry\n|move|p2a: Slowking|Ice Beam|p1a: Roaring Catbug\n|-supereffective|p1a: Roaring Catbug\n|-damage|p1a: Roaring Catbug|82\/100\n|\n|-heal|p1a: Roaring Catbug|88\/100|[from] item: Leftovers\n|upkeep\n|turn|7\n|\n|t:|1697588338\n|move|p1a: Roaring Catbug|Jaw Lock|p2a: Slowking\n|-supereffective|p2a: Slowking\n|-crit|p2a: Slowking\n|-damage|p2a: Slowking|0 fnt\n|faint|p2a: Slowking\n|\n|-heal|p1a: Roaring Catbug|94\/100|[from] item: Leftovers\n|upkeep\n|\n|t:|1697588352\n|switch|p2a: Ting-Lu|Ting-Lu|100\/100\n|-damage|p2a: Ting-Lu|94\/100|[from] Stealth Rock\n|-ability|p2a: Ting-Lu|Vessel of Ruin\n|turn|8\n|\n|t:|1697588369\n|-terastallize|p1a: Roaring Catbug|Fairy\n|move|p1a: Roaring Catbug|Tera Blast|p2a: Ting-Lu|[anim] Tera Blast Fairy\n|-supereffective|p2a: Ting-Lu\n|-damage|p2a: Ting-Lu|45\/100\n|move|p2a: Ting-Lu|Whirlwind|p1a: Roaring Catbug\n|-end|p1a: Roaring Catbug|Protosynthesis|[silent]\n|drag|p1a: Arcatnine|Arcanine, M, shiny|100\/100\n|-ability|p1a: Arcatnine|Intimidate|boost\n|-unboost|p2a: Ting-Lu|atk|1\n|\n|upkeep\n|turn|9\n|\n|t:|1697588383\n|move|p1a: Arcatnine|Close Combat|p2a: Ting-Lu\n|-supereffective|p2a: Ting-Lu\n|-damage|p2a: Ting-Lu|0 fnt\n|-unboost|p1a: Arcatnine|def|1\n|-unboost|p1a: Arcatnine|spd|1\n|-damage|p1a: Arcatnine|84\/100|[from] item: Rocky Helmet|[of] p2a: Ting-Lu\n|faint|p2a: Ting-Lu\n|-damage|p1a: Arcatnine|74\/100|[from] item: Life Orb\n|\n|-sideend|p1: BigBabyGerry|Reflect\n|upkeep\n|\n|t:|1697588420\n|switch|p2a: Typhlosion|Typhlosion-Hisui, F, shiny|100\/100\n|-damage|p2a: Typhlosion|76\/100|[from] Stealth Rock\n|-item|p1a: Arcatnine|Life Orb|[from] ability: Frisk|[of] p2a: Typhlosion|[identify]\n|turn|10\n|\n|t:|1697588438\n|move|p2a: Typhlosion|Shadow Ball|p1a: Arcatnine\n|-damage|p1a: Arcatnine|36\/100\n|-unboost|p1a: Arcatnine|spd|1\n|move|p1a: Arcatnine|Crunch|p2a: Typhlosion\n|-supereffective|p2a: Typhlosion\n|-damage|p2a: Typhlosion|0 fnt\n|faint|p2a: Typhlosion\n|-damage|p1a: Arcatnine|26\/100|[from] item: Life Orb\n|\n|upkeep\n|\n|t:|1697588457\n|switch|p2a: Espathra|Espathra, F|100\/100\n|-damage|p2a: Espathra|88\/100|[from] Stealth Rock\n|turn|11\n|\n|t:|1697588512\n|-terastallize|p2a: Espathra|Dark\n|move|p1a: Arcatnine|Close Combat|p2a: Espathra\n|-supereffective|p2a: Espathra\n|-damage|p2a: Espathra|6\/100\n|-unboost|p1a: Arcatnine|def|1\n|-unboost|p1a: Arcatnine|spd|1\n|-damage|p1a: Arcatnine|16\/100|[from] item: Life Orb\n|move|p2a: Espathra|Calm Mind|p2a: Espathra\n|-boost|p2a: Espathra|spa|1\n|-boost|p2a: Espathra|spd|1\n|\n|-sideend|p1: BigBabyGerry|move: Light Screen\n|-ability|p2a: Espathra|Speed Boost|boost\n|-boost|p2a: Espathra|spe|1\n|upkeep\n|turn|12\n|\n|t:|1697588533\n|move|p2a: Espathra|Stored Power|p1a: Arcatnine\n|-damage|p1a: Arcatnine|0 fnt\n|faint|p1a: Arcatnine\n|-heal|p2a: Espathra|8\/100|[from] item: Shell Bell|[of] p1: Arcatnine\n|\n|-ability|p2a: Espathra|Speed Boost|boost\n|-boost|p2a: Espathra|spe|1\n|upkeep\n|\n|t:|1697588550\n|switch|p1a: Roaring Catbug|Roaring Moon, shiny, tera:Fairy|94\/100\n|turn|13\n|\n|t:|1697588567\n|move|p2a: Espathra|Stored Power|p1a: Roaring Catbug\n|-damage|p1a: Roaring Catbug|47\/100\n|-heal|p2a: Espathra|13\/100|[from] item: Shell Bell|[of] p1a: Roaring Catbug\n|move|p1a: Roaring Catbug|Tera Blast|p2a: Espathra|[anim] Tera Blast Fairy\n|-supereffective|p2a: Espathra\n|-damage|p2a: Espathra|0 fnt\n|faint|p2a: Espathra\n|\n|-heal|p1a: Roaring Catbug|53\/100|[from] item: Leftovers\n|upkeep\n|\n|t:|1697588578\n|switch|p2a: Decidueye|Decidueye-Hisui, F|100\/100\n|-damage|p2a: Decidueye|94\/100|[from] Stealth Rock\n|turn|14\n|\n|t:|1697588591\n|move|p1a: Roaring Catbug|Tera Blast|p2a: Decidueye|[anim] Tera Blast Fairy\n|-supereffective|p2a: Decidueye\n|-damage|p2a: Decidueye|3\/100\n|move|p2a: Decidueye|Triple Arrows|p1a: Roaring Catbug\n|-resisted|p1a: Roaring Catbug\n|-crit|p1a: Roaring Catbug\n|-damage|p1a: Roaring Catbug|9\/100\n|-unboost|p1a: Roaring Catbug|def|1\n|\n|-heal|p1a: Roaring Catbug|15\/100|[from] item: Leftovers\n|upkeep\n|turn|15\n|\n|t:|1697588602\n|move|p1a: Roaring Catbug|Tera Blast|p2a: Decidueye|[anim] Tera Blast Fairy\n|-supereffective|p2a: Decidueye\n|-damage|p2a: Decidueye|0 fnt\n|faint|p2a: Decidueye\n|\n|-heal|p1a: Roaring Catbug|21\/100|[from] item: Leftovers\n|upkeep\n|\n|t:|1697588605\n|switch|p2a: Tinkaton|Tinkaton, F|100\/100\n|-damage|p2a: Tinkaton|94\/100|[from] Stealth Rock\n|-ability|p2a: Tinkaton|Mold Breaker\n|turn|16\n|\n|t:|1697588617\n|move|p1a: Roaring Catbug|Earthquake|p2a: Tinkaton\n|-supereffective|p2a: Tinkaton\n|-damage|p2a: Tinkaton|10\/100\n|-enditem|p2a: Tinkaton|Figy Berry|[eat]\n|-heal|p2a: Tinkaton|44\/100|[from] item: Figy Berry\n|move|p2a: Tinkaton|Gigaton Hammer|p1a: Roaring Catbug\n|-supereffective|p1a: Roaring Catbug\n|-damage|p1a: Roaring Catbug|0 fnt\n|faint|p1a: Roaring Catbug\n|-end|p1a: Roaring Catbug|Protosynthesis|[silent]\n|\n|upkeep\n|\n|t:|1697588627\n|switch|p1a: Catauros|Tauros-Paldea-Blaze, M, shiny|100\/100\n|-ability|p1a: Catauros|Intimidate|boost\n|-unboost|p2a: Tinkaton|atk|1\n|turn|17\n|\n|t:|1697588637\n|move|p1a: Catauros|Earthquake|p2a: Tinkaton\n|-supereffective|p2a: Tinkaton\n|-damage|p2a: Tinkaton|0 fnt\n|faint|p2a: Tinkaton\n|\n|win|BigBabyGerry\n|c|\u2606BigBabyGerry|gg\n|c|\u2606ZeldaCatbug|gg\n|c| Haymaker_92|ggs\n","uploadtime":1697588650,"views":11,"p1id":"bigbabygerry","p2id":"zeldacatbug","formatid":"gen9ubers","rating":0,"private":0,"password":""}