{"id":"gen9ubers-1974710899","p1":"SidewaysSatoru","p2":"beng33","format":"[Gen 9] Ubers","log":"|j|\u2606SidewaysSatoru\n|j|\u2606beng33\n|t:|1698113018\n|gametype|singles\n|player|p1|SidewaysSatoru|giovanni|1050\n|player|p2|beng33|lance|1121\n|teamsize|p1|6\n|teamsize|p2|6\n|gen|9\n|tier|[Gen 9] Ubers\n|rated|\n|rule|Sleep Clause Mod: Limit one foe put to sleep\n|rule|Species Clause: Limit one of each Pok\u00e9mon\n|rule|OHKO Clause: OHKO moves are banned\n|rule|Evasion Items Clause: Evasion items are banned\n|rule|Evasion Moves Clause: Evasion moves are banned\n|rule|Endless Battle Clause: Forcing endless battles is banned\n|rule|HP Percentage Mod: HP is shown in percentages\n|clearpoke\n|poke|p1|Walking Wake|\n|poke|p1|Flutter Mane|\n|poke|p1|Groudon|\n|poke|p1|Koraidon|\n|poke|p1|Ogerpon-Hearthflame, F|\n|poke|p1|Great Tusk|\n|poke|p2|Koraidon|\n|poke|p2|Regieleki|\n|poke|p2|Great Tusk|\n|poke|p2|Arceus-Fairy|\n|poke|p2|Chi-Yu|\n|poke|p2|Basculegion, M|\n|teampreview\n|inactive|Battle timer is ON: inactive players will automatically lose when time's up. (requested by beng33)\n|\n|t:|1698113031\n|start\n|switch|p1a: Walking Wake|Walking Wake|100\/100\n|switch|p2a: Regieleki|Regieleki|100\/100\n|turn|1\n|\n|t:|1698113040\n|-end|p1a: Walking Wake|Protosynthesis|[silent]\n|switch|p1a: Groudon|Groudon|100\/100\n|-weather|SunnyDay|[from] ability: Drought|[of] p1a: Groudon\n|move|p2a: Regieleki|Thunderbolt|p1a: Groudon\n|-immune|p1a: Groudon\n|\n|-weather|SunnyDay|[upkeep]\n|upkeep\n|turn|2\n|\n|t:|1698113045\n|-terastallize|p2a: Regieleki|Ice\n|move|p2a: Regieleki|Tera Blast|p1a: Groudon|[anim] Tera Blast Ice\n|-supereffective|p1a: Groudon\n|-damage|p1a: Groudon|29\/100\n|move|p1a: Groudon|Stealth Rock|p2a: Regieleki\n|-sidestart|p2: beng33|move: Stealth Rock\n|\n|-weather|SunnyDay|[upkeep]\n|upkeep\n|turn|3\n|\n|t:|1698113053\n|move|p2a: Regieleki|Rapid Spin|p1a: Groudon\n|-damage|p1a: Groudon|22\/100\n|-boost|p2a: Regieleki|spe|1\n|-sideend|p2: beng33|Stealth Rock|[from] move: Rapid Spin|[of] p2a: Regieleki\n|move|p1a: Groudon|Will-O-Wisp|p2a: Regieleki\n|-status|p2a: Regieleki|brn\n|\n|-weather|SunnyDay|[upkeep]\n|-damage|p2a: Regieleki|95\/100 brn|[from] brn\n|upkeep\n|turn|4\n|\n|t:|1698113060\n|move|p2a: Regieleki|Tera Blast|p1a: Groudon|[anim] Tera Blast Ice\n|-supereffective|p1a: Groudon\n|-damage|p1a: Groudon|0 fnt\n|faint|p1a: Groudon\n|\n|-weather|SunnyDay|[upkeep]\n|-damage|p2a: Regieleki|89\/100 brn|[from] brn\n|upkeep\n|\n|t:|1698113069\n|switch|p1a: Ogerpon|Ogerpon-Hearthflame, F|100\/100\n|-ability|p1a: Ogerpon|Mold Breaker\n|turn|5\n|\n|t:|1698113075\n|move|p2a: Regieleki|Volt Switch|p1a: Ogerpon\n|-resisted|p1a: Ogerpon\n|-damage|p1a: Ogerpon|75\/100\n|\n|t:|1698113078\n|switch|p2a: Great Tusk|Great Tusk|100\/100|[from] Volt Switch\n|-activate|p2a: Great Tusk|ability: Protosynthesis\n|-start|p2a: Great Tusk|protosynthesisdef\n|move|p1a: Ogerpon|Swords Dance|p1a: Ogerpon\n|-boost|p1a: Ogerpon|atk|2\n|\n|-weather|SunnyDay|[upkeep]\n|upkeep\n|turn|6\n|\n|t:|1698113089\n|-terastallize|p1a: Ogerpon|Fire\n|detailschange|p1a: Ogerpon|Ogerpon-Hearthflame-Tera, F, tera:Fire\n|-ability|p1a: Ogerpon|Embody Aspect (Hearthflame)|boost\n|-boost|p1a: Ogerpon|atk|1\n|move|p1a: Ogerpon|Ivy Cudgel|p2a: Great Tusk\n|-damage|p2a: Great Tusk|0 fnt\n|faint|p2a: Great Tusk\n|-end|p2a: Great Tusk|Protosynthesis|[silent]\n|\n|-weather|SunnyDay|[upkeep]\n|upkeep\n|\n|t:|1698113111\n|switch|p2a: Chi-Yu|Chi-Yu|100\/100\n|-ability|p2a: Chi-Yu|Beads of Ruin\n|turn|7\n|\n|t:|1698113115\n|move|p2a: Chi-Yu|Dark Pulse|p1a: Ogerpon\n|-damage|p1a: Ogerpon|0 fnt\n|faint|p1a: Ogerpon\n|\n|-weather|SunnyDay|[upkeep]\n|upkeep\n|\n|t:|1698113124\n|switch|p1a: Great Tusk|Great Tusk|100\/100\n|-activate|p1a: Great Tusk|ability: Protosynthesis\n|-start|p1a: Great Tusk|protosynthesisatk\n|turn|8\n|\n|t:|1698113137\n|switch|p2a: Arceus|Arceus-Fairy|100\/100\n|move|p1a: Great Tusk|Headlong Rush|p2a: Arceus\n|-damage|p2a: Arceus|26\/100\n|-unboost|p1a: Great Tusk|def|1\n|-unboost|p1a: Great Tusk|spd|1\n|\n|-weather|none\n|-end|p1a: Great Tusk|Protosynthesis\n|upkeep\n|turn|9\n|\n|t:|1698113148\n|-end|p1a: Great Tusk|Protosynthesis|[silent]\n|switch|p1a: Flutter Mane|Flutter Mane|100\/100\n|move|p2a: Arceus|Judgment|p1a: Flutter Mane\n|-damage|p1a: Flutter Mane|50\/100\n|\n|upkeep\n|turn|10\n|\n|t:|1698113159\n|switch|p2a: Regieleki|Regieleki, tera:Ice|89\/100 brn\n|move|p1a: Flutter Mane|Moonblast|p2a: Regieleki\n|-damage|p2a: Regieleki|0 fnt\n|faint|p2a: Regieleki\n|-damage|p1a: Flutter Mane|40\/100|[from] item: Life Orb\n|\n|upkeep\n|\n|t:|1698113164\n|switch|p2a: Chi-Yu|Chi-Yu|100\/100\n|-ability|p2a: Chi-Yu|Beads of Ruin\n|turn|11\n|\n|t:|1698113177\n|move|p2a: Chi-Yu|Psychic|p1a: Flutter Mane\n|-damage|p1a: Flutter Mane|0 fnt\n|faint|p1a: Flutter Mane\n|-end|p1a: Flutter Mane|Protosynthesis|[silent]\n|\n|upkeep\n|\n|t:|1698113181\n|switch|p1a: Koraidon|Koraidon|100\/100\n|-weather|SunnyDay|[from] ability: Orichalcum Pulse|[of] p1a: Koraidon\n|-activate|p1a: Koraidon|Orichalcum Pulse|[source]\n|turn|12\n|\n|t:|1698113188\n|move|p2a: Chi-Yu|Psychic|p1a: Koraidon\n|-supereffective|p1a: Koraidon\n|-damage|p1a: Koraidon|3\/100\n|move|p1a: Koraidon|Collision Course|p2a: Chi-Yu\n|-supereffective|p2a: Chi-Yu\n|-crit|p2a: Chi-Yu\n|-damage|p2a: Chi-Yu|0 fnt\n|faint|p2a: Chi-Yu\n|\n|-weather|SunnyDay|[upkeep]\n|upkeep\n|\n|t:|1698113199\n|switch|p2a: Arceus|Arceus-Fairy|26\/100\n|turn|13\n|\n|t:|1698113203\n|move|p1a: Koraidon|Iron Head|p2a: Arceus\n|-supereffective|p2a: Arceus\n|-damage|p2a: Arceus|0 fnt\n|faint|p2a: Arceus\n|\n|-weather|SunnyDay|[upkeep]\n|upkeep\n|\n|t:|1698113207\n|switch|p2a: Koraidon|Koraidon|100\/100\n|-activate|p2a: Koraidon|ability: Orichalcum Pulse\n|turn|14\n|\n|t:|1698113212\n|move|p2a: Koraidon|Scale Shot|p1a: Koraidon\n|-supereffective|p1a: Koraidon\n|-damage|p1a: Koraidon|0 fnt\n|faint|p1a: Koraidon\n|-hitcount|p1: Koraidon|1\n|-unboost|p2a: Koraidon|def|1\n|-boost|p2a: Koraidon|spe|1\n|\n|-weather|SunnyDay|[upkeep]\n|upkeep\n|\n|t:|1698113224\n|switch|p1a: Great Tusk|Great Tusk|100\/100\n|-activate|p1a: Great Tusk|ability: Protosynthesis\n|-start|p1a: Great Tusk|protosynthesisatk\n|turn|15\n|\n|t:|1698113239\n|move|p2a: Koraidon|Scale Shot|p1a: Great Tusk\n|-damage|p1a: Great Tusk|86\/100\n|-damage|p1a: Great Tusk|74\/100\n|-damage|p1a: Great Tusk|61\/100\n|-damage|p1a: Great Tusk|47\/100\n|-damage|p1a: Great Tusk|33\/100\n|-hitcount|p1a: Great Tusk|5\n|-unboost|p2a: Koraidon|def|1\n|-boost|p2a: Koraidon|spe|1\n|move|p1a: Great Tusk|Headlong Rush|p2a: Koraidon\n|-damage|p2a: Koraidon|0 fnt\n|-unboost|p1a: Great Tusk|def|1\n|-unboost|p1a: Great Tusk|spd|1\n|faint|p2a: Koraidon\n|\n|-weather|SunnyDay|[upkeep]\n|upkeep\n|\n|t:|1698113243\n|switch|p2a: Basculegion|Basculegion, M|100\/100\n|turn|16\n|\n|t:|1698113253\n|move|p2a: Basculegion|Last Respects|p1a: Great Tusk\n|-damage|p1a: Great Tusk|0 fnt\n|faint|p1a: Great Tusk\n|-end|p1a: Great Tusk|Protosynthesis|[silent]\n|\n|-weather|SunnyDay|[upkeep]\n|upkeep\n|\n|t:|1698113256\n|switch|p1a: Walking Wake|Walking Wake|100\/100\n|-activate|p1a: Walking Wake|ability: Protosynthesis\n|-start|p1a: Walking Wake|protosynthesisspe\n|turn|17\n|\n|t:|1698113264\n|move|p1a: Walking Wake|Draco Meteor|p2a: Basculegion\n|-damage|p2a: Basculegion|0 fnt\n|-unboost|p1a: Walking Wake|spa|2\n|faint|p2a: Basculegion\n|\n|win|SidewaysSatoru\n|raw|SidewaysSatoru's rating: 1050 &rarr; <strong>1089<\/strong><br \/>(+39 for winning)\n|raw|beng33's rating: 1121 &rarr; <strong>1091<\/strong><br \/>(-30 for losing)\n|l|\u2606beng33\n|c|\u2606SidewaysSatoru|gg\n","uploadtime":1698113279,"views":5,"p1id":"sidewayssatoru","p2id":"beng33","formatid":"gen9ubers","rating":1089,"private":0,"password":""}