{"id":"gen9ubers-1983359834","p1":"amelicannerd","p2":"sanner889","format":"[Gen 9] Ubers","log":"|j|\u2606amelicannerd\n|j|\u2606sanner889\n|t:|1699121913\n|gametype|singles\n|player|p1|amelicannerd|hilda|1000\n|player|p2|sanner889|2|1000\n|teamsize|p1|6\n|teamsize|p2|6\n|gen|9\n|tier|[Gen 9] Ubers\n|rated|\n|rule|Sleep Clause Mod: Limit one foe put to sleep\n|rule|Species Clause: Limit one of each Pok\u00e9mon\n|rule|OHKO Clause: OHKO moves are banned\n|rule|Evasion Items Clause: Evasion items are banned\n|rule|Evasion Moves Clause: Evasion moves are banned\n|rule|Endless Battle Clause: Forcing endless battles is banned\n|rule|HP Percentage Mod: HP is shown in percentages\n|clearpoke\n|poke|p1|Samurott, F|\n|poke|p1|Sylveon, F|\n|poke|p1|Blissey, F|\n|poke|p1|Zarude|\n|poke|p1|Gyarados, F|\n|poke|p1|Heracross, F|\n|poke|p2|Tyranitar, F|\n|poke|p2|Toxapex, F|\n|poke|p2|Lucario, M|\n|poke|p2|Charizard, F|\n|poke|p2|Rillaboom, F|\n|poke|p2|Baxcalibur, M|\n|teampreview\n|\n|t:|1699121946\n|start\n|switch|p1a: pregnant|Blissey, F|100\/100\n|switch|p2a: Lucario|Lucario, M|100\/100\n|turn|1\n|\n|t:|1699121960\n|move|p2a: Lucario|Swords Dance|p2a: Lucario\n|-boost|p2a: Lucario|atk|2\n|move|p1a: pregnant|Psychic|p2a: Lucario\n|-damage|p2a: Lucario|75\/100\n|\n|upkeep\n|turn|2\n|\n|t:|1699121969\n|move|p2a: Lucario|Swords Dance|p2a: Lucario\n|-boost|p2a: Lucario|atk|2\n|move|p1a: pregnant|Fire Blast|p2a: Lucario\n|-supereffective|p2a: Lucario\n|-damage|p2a: Lucario|2\/100\n|-status|p2a: Lucario|brn\n|\n|-damage|p2a: Lucario|0 fnt|[from] brn\n|faint|p2a: Lucario\n|upkeep\n|\n|t:|1699121990\n|switch|p2a: Rillaboom|Rillaboom, F|100\/100\n|-fieldstart|move: Grassy Terrain|[from] ability: Grassy Surge|[of] p2a: Rillaboom\n|turn|3\n|\n|t:|1699121998\n|switch|p2a: Tyranitar|Tyranitar, F|100\/100\n|-weather|Sandstorm|[from] ability: Sand Stream|[of] p2a: Tyranitar\n|move|p1a: pregnant|Fire Blast|p2a: Tyranitar\n|-resisted|p2a: Tyranitar\n|-damage|p2a: Tyranitar|96\/100\n|\n|-weather|Sandstorm|[upkeep]\n|-damage|p1a: pregnant|94\/100|[from] Sandstorm\n|-heal|p2a: Tyranitar|100\/100|[from] Grassy Terrain\n|-heal|p1a: pregnant|100\/100|[from] Grassy Terrain\n|upkeep\n|turn|4\n|\n|t:|1699122014\n|move|p2a: Tyranitar|Earthquake|p1a: pregnant\n|-damage|p1a: pregnant|84\/100\n|move|p1a: pregnant|Thunder|p2a: Tyranitar\n|-damage|p2a: Tyranitar|91\/100\n|\n|-weather|Sandstorm|[upkeep]\n|-damage|p1a: pregnant|78\/100|[from] Sandstorm\n|-heal|p2a: Tyranitar|98\/100|[from] Grassy Terrain\n|-heal|p1a: pregnant|84\/100|[from] Grassy Terrain\n|upkeep\n|turn|5\n|\n|t:|1699122043\n|move|p2a: Tyranitar|Crunch|p1a: pregnant\n|-damage|p1a: pregnant|45\/100\n|move|p1a: pregnant|Psychic|p2a: Tyranitar\n|-immune|p2a: Tyranitar\n|\n|-weather|Sandstorm|[upkeep]\n|-damage|p1a: pregnant|39\/100|[from] Sandstorm\n|-heal|p2a: Tyranitar|100\/100|[from] Grassy Terrain\n|-heal|p1a: pregnant|45\/100|[from] Grassy Terrain\n|upkeep\n|turn|6\n|\n|t:|1699122059\n|-terastallize|p1a: pregnant|Normal\n|move|p2a: Tyranitar|Crunch|p1a: pregnant\n|-damage|p1a: pregnant|4\/100\n|move|p1a: pregnant|Brick Break|p2a: Tyranitar\n|-supereffective|p2a: Tyranitar\n|-crit|p2a: Tyranitar\n|-damage|p2a: Tyranitar|53\/100\n|\n|-weather|Sandstorm|[upkeep]\n|-damage|p1a: pregnant|0 fnt|[from] Sandstorm\n|faint|p1a: pregnant\n|-heal|p2a: Tyranitar|59\/100|[from] Grassy Terrain\n|upkeep\n|\n|t:|1699122077\n|switch|p1a: Zarude|Zarude|100\/100\n|turn|7\n|\n|t:|1699122086\n|switch|p2a: Charizard|Charizard, F|100\/100\n|move|p1a: Zarude|Close Combat|p2a: Charizard\n|-resisted|p2a: Charizard\n|-damage|p2a: Charizard|73\/100\n|-unboost|p1a: Zarude|def|1\n|-unboost|p1a: Zarude|spd|1\n|\n|-weather|none\n|upkeep\n|turn|8\n|\n|t:|1699122098\n|switch|p1a: samurhott|Samurott, F|100\/100\n|move|p2a: Charizard|Flamethrower|p1a: samurhott\n|-resisted|p1a: samurhott\n|-damage|p1a: samurhott|65\/100\n|\n|-heal|p1a: samurhott|71\/100|[from] Grassy Terrain\n|-status|p1a: samurhott|brn|[from] item: Flame Orb\n|upkeep\n|turn|9\n|\n|t:|1699122111\n|switch|p2a: Rillaboom|Rillaboom, F|100\/100\n|move|p1a: samurhott|Surf|p2a: Rillaboom\n|-resisted|p2a: Rillaboom\n|-damage|p2a: Rillaboom|80\/100\n|\n|-heal|p2a: Rillaboom|86\/100|[from] Grassy Terrain\n|-heal|p1a: samurhott|77\/100 brn|[from] Grassy Terrain\n|-damage|p1a: samurhott|71\/100 brn|[from] brn\n|upkeep\n|turn|10\n|\n|t:|1699122123\n|move|p2a: Rillaboom|Swords Dance|p2a: Rillaboom\n|-boost|p2a: Rillaboom|atk|2\n|move|p1a: samurhott|Blizzard|p2a: Rillaboom|[miss]\n|-miss|p1a: samurhott|p2a: Rillaboom\n|\n|-heal|p2a: Rillaboom|92\/100|[from] Grassy Terrain\n|-heal|p1a: samurhott|77\/100 brn|[from] Grassy Terrain\n|-damage|p1a: samurhott|71\/100 brn|[from] brn\n|-fieldend|move: Grassy Terrain\n|upkeep\n|turn|11\n|\n|t:|1699122144\n|switch|p1a: Zarude|Zarude|100\/100\n|move|p2a: Rillaboom|Grassy Glide|p1a: Zarude\n|-resisted|p1a: Zarude\n|-damage|p1a: Zarude|77\/100\n|\n|upkeep\n|turn|12\n|\n|t:|1699122164\n|switch|p2a: Charizard|Charizard, F|73\/100\n|move|p1a: Zarude|Crunch|p2a: Charizard\n|-damage|p2a: Charizard|18\/100\n|\n|upkeep\n|turn|13\n|\n|t:|1699122179\n|move|p2a: Charizard|Flamethrower|p1a: Zarude\n|-supereffective|p1a: Zarude\n|-damage|p1a: Zarude|0 fnt\n|faint|p1a: Zarude\n|\n|upkeep\n|\n|t:|1699122185\n|switch|p1a: Gyarados|Gyarados, F|100\/100\n|turn|14\n|\n|t:|1699122204\n|switch|p2a: Toxapex|Toxapex, F|100\/100\n|move|p1a: Gyarados|Dragon Pulse|p2a: Toxapex\n|-damage|p2a: Toxapex|92\/100\n|\n|upkeep\n|turn|15\n|\n|t:|1699122215\n|switch|p1a: Sylveon|Sylveon, F|100\/100\n|move|p2a: Toxapex|Toxic|p1a: Sylveon\n|-status|p1a: Sylveon|tox\n|\n|-damage|p1a: Sylveon|94\/100 tox|[from] psn\n|upkeep\n|turn|16\n|\n|t:|1699122225\n|move|p1a: Sylveon|Draining Kiss|p2a: Toxapex\n|-resisted|p2a: Toxapex\n|-damage|p2a: Toxapex|86\/100\n|-heal|p1a: Sylveon|99\/100 tox|[from] drain|[of] p2a: Toxapex\n|-damage|p1a: Sylveon|82\/100 tox|[from] item: Rocky Helmet|[of] p2a: Toxapex\n|move|p2a: Toxapex|Haze|p2a: Toxapex\n|-clearallboost\n|\n|-damage|p1a: Sylveon|70\/100 tox|[from] psn\n|upkeep\n|turn|17\n|\n|t:|1699122239\n|move|p1a: Sylveon|Draining Kiss|p2a: Toxapex\n|-resisted|p2a: Toxapex\n|-damage|p2a: Toxapex|80\/100\n|-heal|p1a: Sylveon|74\/100 tox|[from] drain|[of] p2a: Toxapex\n|-damage|p1a: Sylveon|58\/100 tox|[from] item: Rocky Helmet|[of] p2a: Toxapex\n|move|p2a: Toxapex|Hydro Pump|p1a: Sylveon\n|-damage|p1a: Sylveon|39\/100 tox\n|\n|-damage|p1a: Sylveon|21\/100 tox|[from] psn\n|upkeep\n|turn|18\n|\n|t:|1699122266\n|switch|p2a: Baxcalibur|Baxcalibur, M|100\/100\n|move|p1a: Sylveon|Bite|p2a: Baxcalibur\n|-damage|p2a: Baxcalibur|88\/100\n|\n|-damage|p1a: Sylveon|0 fnt|[from] psn\n|faint|p1a: Sylveon\n|upkeep\n|\n|t:|1699122278\n|switch|p1a: Heracross|Heracross, F|100\/100\n|turn|19\n|\n|t:|1699122297\n|move|p2a: Baxcalibur|Dragon Dance|p2a: Baxcalibur\n|-boost|p2a: Baxcalibur|atk|1\n|-boost|p2a: Baxcalibur|spe|1\n|move|p1a: Heracross|Focus Blast|p2a: Baxcalibur\n|-supereffective|p2a: Baxcalibur\n|-damage|p2a: Baxcalibur|15\/100\n|\n|upkeep\n|turn|20\n|\n|t:|1699122305\n|move|p2a: Baxcalibur|Scale Shot|p1a: Heracross\n|-damage|p1a: Heracross|70\/100\n|-damage|p1a: Heracross|39\/100\n|-damage|p1a: Heracross|8\/100\n|-damage|p1a: Heracross|0 fnt\n|faint|p1a: Heracross\n|-hitcount|p1: Heracross|4\n|-unboost|p2a: Baxcalibur|def|1\n|-boost|p2a: Baxcalibur|spe|1\n|\n|upkeep\n|\n|t:|1699122320\n|switch|p1a: samurhott|Samurott, F|71\/100 brn\n|turn|21\n|\n|t:|1699122340\n|move|p2a: Baxcalibur|Scale Shot|p1a: samurhott\n|-damage|p1a: samurhott|47\/100 brn\n|-damage|p1a: samurhott|23\/100 brn\n|-damage|p1a: samurhott|1\/100 brn\n|-damage|p1a: samurhott|0 fnt\n|faint|p1a: samurhott\n|-hitcount|p1: samurhott|4\n|-unboost|p2a: Baxcalibur|def|1\n|-boost|p2a: Baxcalibur|spe|1\n|\n|upkeep\n|\n|t:|1699122351\n|switch|p1a: Gyarados|Gyarados, F|100\/100\n|turn|22\n|\n|t:|1699122356\n|move|p2a: Baxcalibur|Scale Shot|p1a: Gyarados\n|-damage|p1a: Gyarados|73\/100\n|-damage|p1a: Gyarados|44\/100\n|-damage|p1a: Gyarados|16\/100\n|-damage|p1a: Gyarados|0 fnt\n|faint|p1a: Gyarados\n|-hitcount|p1: Gyarados|4\n|\n|win|sanner889\n|raw|amelicannerd's rating: 1000 &rarr; <strong>1000<\/strong><br \/>(+0 for losing)\n|raw|sanner889's rating: 1000 &rarr; <strong>1040<\/strong><br \/>(+40 for winning)\n","uploadtime":1699122369,"views":12,"p1id":"amelicannerd","p2id":"sanner889","formatid":"gen9ubers","rating":1000,"private":0,"password":""}