{"id":"gen9ubers-1972689559","p1":"ImSkai","p2":"Nonoh37","format":"[Gen 9] Ubers","log":"|j|\u2606ImSkai\n|j|\u2606Nonoh37\n|t:|1697878263\n|gametype|singles\n|player|p1|ImSkai|juan|1000\n|player|p2|Nonoh37|266|1072\n|teamsize|p1|6\n|teamsize|p2|6\n|gen|9\n|tier|[Gen 9] Ubers\n|rated|\n|rule|Sleep Clause Mod: Limit one foe put to sleep\n|rule|Species Clause: Limit one of each Pok\u00e9mon\n|rule|OHKO Clause: OHKO moves are banned\n|rule|Evasion Items Clause: Evasion items are banned\n|rule|Evasion Moves Clause: Evasion moves are banned\n|rule|Endless Battle Clause: Forcing endless battles is banned\n|rule|HP Percentage Mod: HP is shown in percentages\n|clearpoke\n|poke|p1|Arceus|\n|poke|p1|Koraidon|\n|poke|p1|Clodsire, M|\n|poke|p1|Dondozo, F|\n|poke|p1|Iron Bundle|\n|poke|p1|Flutter Mane|\n|poke|p2|Ogerpon-Hearthflame, F|\n|poke|p2|Ribombee, M|\n|poke|p2|Gholdengo|\n|poke|p2|Baxcalibur, M|\n|poke|p2|Manaphy|\n|poke|p2|Great Tusk|\n|teampreview\n|inactive|Battle timer is ON: inactive players will automatically lose when time's up. (requested by ImSkai)\n|\n|t:|1697878276\n|start\n|switch|p1a: Clodsire|Clodsire, M|100\/100\n|switch|p2a: Ribombee|Ribombee, M|100\/100\n|turn|1\n|\n|t:|1697878296\n|move|p2a: Ribombee|Sticky Web|p1a: Clodsire\n|-sidestart|p1: ImSkai|move: Sticky Web\n|move|p1a: Clodsire|Toxic|p2a: Ribombee\n|-status|p2a: Ribombee|tox\n|\n|-damage|p2a: Ribombee|94\/100 tox|[from] psn\n|upkeep\n|turn|2\n|\n|t:|1697878309\n|move|p2a: Ribombee|Bug Buzz|p1a: Clodsire\n|-resisted|p1a: Clodsire\n|-damage|p1a: Clodsire|93\/100\n|move|p1a: Clodsire|Spikes|p2a: Ribombee\n|-sidestart|p2: Nonoh37|Spikes\n|\n|-heal|p1a: Clodsire|99\/100|[from] item: Leftovers\n|-damage|p2a: Ribombee|82\/100 tox|[from] psn\n|upkeep\n|turn|3\n|\n|t:|1697878323\n|switch|p2a: Manaphy|Manaphy|100\/100\n|-damage|p2a: Manaphy|88\/100|[from] Spikes\n|move|p1a: Clodsire|Spikes|p2a: Manaphy\n|-sidestart|p2: Nonoh37|Spikes\n|\n|-heal|p2a: Manaphy|94\/100|[from] item: Leftovers\n|-heal|p1a: Clodsire|100\/100|[from] item: Leftovers\n|upkeep\n|turn|4\n|\n|t:|1697878338\n|move|p2a: Manaphy|Tail Glow|p2a: Manaphy\n|-boost|p2a: Manaphy|spa|3\n|move|p1a: Clodsire|Toxic|p2a: Manaphy\n|-status|p2a: Manaphy|tox\n|\n|-heal|p2a: Manaphy|100\/100 tox|[from] item: Leftovers\n|-damage|p2a: Manaphy|94\/100 tox|[from] psn\n|upkeep\n|turn|5\n|\n|t:|1697878351\n|move|p2a: Manaphy|Surf|p1a: Clodsire\n|-immune|p1a: Clodsire|[from] ability: Water Absorb\n|move|p1a: Clodsire|Spikes|p2a: Manaphy\n|-sidestart|p2: Nonoh37|Spikes\n|\n|-heal|p2a: Manaphy|100\/100 tox|[from] item: Leftovers\n|-damage|p2a: Manaphy|88\/100 tox|[from] psn\n|upkeep\n|turn|6\n|\n|t:|1697878362\n|move|p2a: Manaphy|Energy Ball|p1a: Clodsire\n|-damage|p1a: Clodsire|64\/100\n|move|p1a: Clodsire|Earthquake|p2a: Manaphy\n|-damage|p2a: Manaphy|61\/100 tox\n|\n|-heal|p2a: Manaphy|68\/100 tox|[from] item: Leftovers\n|-heal|p1a: Clodsire|70\/100|[from] item: Leftovers\n|-damage|p2a: Manaphy|49\/100 tox|[from] psn\n|upkeep\n|turn|7\n|\n|t:|1697878374\n|move|p2a: Manaphy|Ice Beam|p1a: Clodsire\n|-supereffective|p1a: Clodsire\n|-damage|p1a: Clodsire|0 fnt\n|faint|p1a: Clodsire\n|\n|-heal|p2a: Manaphy|55\/100 tox|[from] item: Leftovers\n|-damage|p2a: Manaphy|31\/100 tox|[from] psn\n|upkeep\n|\n|t:|1697878387\n|switch|p1a: Iron Bundle|Iron Bundle|100\/100\n|turn|8\n|\n|t:|1697878405\n|move|p1a: Iron Bundle|Freeze-Dry|p2a: Manaphy\n|-supereffective|p2a: Manaphy\n|-damage|p2a: Manaphy|0 fnt\n|faint|p2a: Manaphy\n|\n|upkeep\n|\n|t:|1697878418\n|switch|p2a: Great Tusk|Great Tusk|100\/100\n|-damage|p2a: Great Tusk|76\/100|[from] Spikes\n|turn|9\n|\n|t:|1697878427\n|move|p1a: Iron Bundle|Ice Beam|p2a: Great Tusk\n|-supereffective|p2a: Great Tusk\n|-damage|p2a: Great Tusk|0 fnt\n|faint|p2a: Great Tusk\n|-end|p2a: Great Tusk|Protosynthesis|[silent]\n|\n|upkeep\n|inactive|Nonoh37 has 120 seconds left.\n|\n|t:|1697878452\n|switch|p2a: Gholdengo|Gholdengo|100\/100\n|-item|p2a: Gholdengo|Air Balloon\n|turn|10\n|\n|t:|1697878478\n|move|p1a: Iron Bundle|Hydro Pump|p2a: Gholdengo\n|-damage|p2a: Gholdengo|43\/100\n|-enditem|p2a: Gholdengo|Air Balloon\n|move|p2a: Gholdengo|Shadow Ball|p1a: Iron Bundle\n|-damage|p1a: Iron Bundle|25\/100\n|\n|upkeep\n|turn|11\n|\n|t:|1697878488\n|move|p1a: Iron Bundle|Hydro Pump|p2a: Gholdengo\n|-damage|p2a: Gholdengo|0 fnt\n|faint|p2a: Gholdengo\n|\n|upkeep\n|inactive|Nonoh37 has 90 seconds left.\n|\n|t:|1697878523\n|switch|p2a: Ribombee|Ribombee, M|82\/100 tox\n|-damage|p2a: Ribombee|57\/100 tox|[from] Spikes\n|turn|12\n|\n|t:|1697878538\n|move|p1a: Iron Bundle|Ice Beam|p2a: Ribombee\n|-damage|p2a: Ribombee|0 fnt\n|faint|p2a: Ribombee\n|\n|upkeep\n|inactive|Nonoh37 has 60 seconds left.\n|\n|t:|1697878568\n|switch|p2a: Baxcalibur|Baxcalibur, M|100\/100\n|-damage|p2a: Baxcalibur|75\/100|[from] Spikes\n|turn|13\n|inactive|Nonoh37 has 30 seconds left.\n|\n|t:|1697878607\n|move|p1a: Iron Bundle|Ice Beam|p2a: Baxcalibur\n|-damage|p2a: Baxcalibur|24\/100\n|move|p2a: Baxcalibur|Icicle Spear|p1a: Iron Bundle\n|-resisted|p1a: Iron Bundle\n|-damage|p1a: Iron Bundle|20\/100\n|-resisted|p1a: Iron Bundle\n|-damage|p1a: Iron Bundle|15\/100\n|-resisted|p1a: Iron Bundle\n|-damage|p1a: Iron Bundle|10\/100\n|-resisted|p1a: Iron Bundle\n|-damage|p1a: Iron Bundle|6\/100\n|-resisted|p1a: Iron Bundle\n|-damage|p1a: Iron Bundle|1\/100\n|-hitcount|p1a: Iron Bundle|5\n|\n|upkeep\n|turn|14\n|inactive|Nonoh37 has 30 seconds left.\n|\n|t:|1697878620\n|move|p1a: Iron Bundle|Ice Beam|p2a: Baxcalibur\n|-damage|p2a: Baxcalibur|0 fnt\n|faint|p2a: Baxcalibur\n|\n|upkeep\n|inactive|Nonoh37 has 30 seconds left this turn.\n|inactive|Nonoh37 has 20 seconds left.\n|inactive|Nonoh37 has 15 seconds left.\n|\n|t:|1697878636\n|switch|p2a: Ogerpon|Ogerpon-Hearthflame, F|100\/100\n|-damage|p2a: Ogerpon|76\/100|[from] Spikes\n|-ability|p2a: Ogerpon|Mold Breaker\n|turn|15\n|inactive|Nonoh37 has 25 seconds left this turn.\n|inactive|Nonoh37 has 20 seconds left.\n|\n|t:|1697878644\n|move|p1a: Iron Bundle|Hydro Pump|p2a: Ogerpon\n|-damage|p2a: Ogerpon|16\/100\n|move|p2a: Ogerpon|Trailblaze|p1a: Iron Bundle\n|-supereffective|p1a: Iron Bundle\n|-damage|p1a: Iron Bundle|0 fnt\n|-boost|p2a: Ogerpon|spe|1\n|faint|p1a: Iron Bundle\n|-end|p1a: Iron Bundle|Quark Drive|[silent]\n|\n|upkeep\n|inactive|Nonoh37 has 25 seconds left this turn.\n|\n|t:|1697878657\n|switch|p1a: Arceus|Arceus|100\/100\n|-activate|p1a: Arceus|move: Sticky Web\n|-unboost|p1a: Arceus|spe|1\n|turn|16\n|inactive|Nonoh37 has 30 seconds left.\n|\n|t:|1697878665\n|move|p1a: Arceus|Extreme Speed|p2a: Ogerpon\n|-damage|p2a: Ogerpon|0 fnt\n|faint|p2a: Ogerpon\n|\n|win|ImSkai\n|raw|ImSkai's rating: 1000 &rarr; <strong>1048<\/strong><br \/>(+48 for winning)\n|raw|Nonoh37's rating: 1072 &rarr; <strong>1047<\/strong><br \/>(-25 for losing)\n","uploadtime":1697878672,"views":11,"p1id":"imskai","p2id":"nonoh37","formatid":"gen9ubers","rating":1047,"private":0,"password":""}