{"id":"gen9ubers-1974696854","p1":"The_Black_Dog","p2":"BigBabyGerry","format":"[Gen 9] Ubers","log":"|j|\u2606The_Black_Dog\n|j|\u2606BigBabyGerry\n|t:|1698111538\n|gametype|singles\n|player|p1|The_Black_Dog|ghetsis|\n|player|p2|BigBabyGerry|265|\n|teamsize|p1|6\n|teamsize|p2|6\n|gen|9\n|tier|[Gen 9] Ubers\n|rule|Sleep Clause Mod: Limit one foe put to sleep\n|rule|Species Clause: Limit one of each Pok\u00e9mon\n|rule|OHKO Clause: OHKO moves are banned\n|rule|Evasion Items Clause: Evasion items are banned\n|rule|Evasion Moves Clause: Evasion moves are banned\n|rule|Endless Battle Clause: Forcing endless battles is banned\n|rule|HP Percentage Mod: HP is shown in percentages\n|clearpoke\n|poke|p1|Dragapult, M|\n|poke|p1|Cyclizar, F|\n|poke|p1|Breloom, M|\n|poke|p1|Zapdos|\n|poke|p1|Krookodile, F|\n|poke|p1|Heatran, M|\n|poke|p2|Iron Bundle|\n|poke|p2|Roaring Moon|\n|poke|p2|Gengar, M|\n|poke|p2|Arcanine, M|\n|poke|p2|Wigglytuff, M|\n|poke|p2|Tauros-Paldea-Aqua, M|\n|teampreview\n|j| Du-Gi-Oh\n|j| Haymaker92\n|c| Haymaker92|gl gl GAME 2!!!!\n|c|\u2606BigBabyGerry|glgl\n|c| Du-Gi-Oh|so many changes\n|c|\u2606The_Black_Dog|all under the hood\n|c| Du-Gi-Oh|the block is hot\n|c| Haymaker92|Same whip new engine\n|c|\u2606The_Black_Dog|we good to go?\n|c| Du-Gi-Oh|PSL COMMENCE\n|\n|t:|1698111627\n|start\n|switch|p1a: Breloom|Breloom, M, shiny|100\/100\n|switch|p2a: Wigglymurph|Wigglytuff, M, shiny|100\/100\n|turn|1\n|\n|t:|1698111640\n|move|p1a: Breloom|Spore|p2a: Wigglymurph\n|-status|p2a: Wigglymurph|slp|[from] move: Spore\n|cant|p2a: Wigglymurph|slp\n|\n|upkeep\n|turn|2\n|c| Du-Gi-Oh|gerry not pleased\n|\n|t:|1698111690\n|switch|p2a: Murph Moon|Roaring Moon, shiny|100\/100\n|move|p1a: Breloom|Leech Seed|p2a: Murph Moon\n|-start|p2a: Murph Moon|move: Leech Seed\n|\n|-damage|p2a: Murph Moon|88\/100|[from] Leech Seed|[of] p1a: Breloom\n|upkeep\n|turn|3\n|\n|t:|1698111705\n|switch|p1a: Zapdos|Zapdos, shiny|100\/100\n|-terastallize|p2a: Murph Moon|Fairy\n|move|p2a: Murph Moon|Tera Blast|p1a: Zapdos|[anim] Tera Blast Fairy\n|-damage|p1a: Zapdos|53\/100\n|\n|-heal|p2a: Murph Moon|94\/100|[from] item: Leftovers\n|-damage|p2a: Murph Moon|82\/100|[from] Leech Seed|[of] p1a: Zapdos\n|-heal|p1a: Zapdos|64\/100|[silent]\n|upkeep\n|turn|4\n|\n|t:|1698111720\n|move|p2a: Murph Moon|Rock Slide|p1a: Zapdos\n|-supereffective|p1a: Zapdos\n|-damage|p1a: Zapdos|10\/100\n|move|p1a: Zapdos|Roost|p1a: Zapdos\n|-heal|p1a: Zapdos|60\/100\n|-singleturn|p1a: Zapdos|move: Roost\n|\n|-heal|p2a: Murph Moon|88\/100|[from] item: Leftovers\n|-damage|p2a: Murph Moon|76\/100|[from] Leech Seed|[of] p1a: Zapdos\n|-heal|p1a: Zapdos|71\/100|[silent]\n|upkeep\n|turn|5\n|\n|t:|1698111743\n|move|p2a: Murph Moon|Rock Slide|p1a: Zapdos\n|-supereffective|p1a: Zapdos\n|-damage|p1a: Zapdos|19\/100\n|move|p1a: Zapdos|Substitute|p1a: Zapdos\n|-fail|p1a: Zapdos|move: Substitute|[weak]\n|\n|-heal|p2a: Murph Moon|82\/100|[from] item: Leftovers\n|-damage|p2a: Murph Moon|69\/100|[from] Leech Seed|[of] p1a: Zapdos\n|-heal|p1a: Zapdos|30\/100|[silent]\n|upkeep\n|turn|6\n|c| Du-Gi-Oh|will we see a timer\n|inactive|Battle timer is ON: inactive players will automatically lose when time's up. (requested by BigBabyGerry)\n|\n|t:|1698111813\n|switch|p1a: GeatGrant|Heatran, M, shiny|100\/100\n|move|p2a: Murph Moon|Rock Slide|p1a: GeatGrant\n|-damage|p1a: GeatGrant|77\/100\n|\n|-heal|p2a: Murph Moon|75\/100|[from] item: Leftovers\n|-heal|p1a: GeatGrant|84\/100|[from] item: Leftovers\n|-damage|p2a: Murph Moon|63\/100|[from] Leech Seed|[of] p1a: GeatGrant\n|-heal|p1a: GeatGrant|95\/100|[silent]\n|upkeep\n|turn|7\n|c| Haymaker92|BBG not playing games\n|\n|t:|1698111830\n|move|p2a: Murph Moon|Earthquake|p1a: GeatGrant\n|-supereffective|p1a: GeatGrant\n|-damage|p1a: GeatGrant|0 fnt\n|faint|p1a: GeatGrant\n|\n|-heal|p2a: Murph Moon|69\/100|[from] item: Leftovers\n|upkeep\n|\n|t:|1698111850\n|switch|p1a: Krookodile|Krookodile, F, shiny|100\/100\n|turn|8\n|\n|t:|1698111860\n|-terastallize|p1a: Krookodile|Water\n|move|p2a: Murph Moon|Tera Blast|p1a: Krookodile|[anim] Tera Blast Fairy\n|-damage|p1a: Krookodile|65\/100\n|move|p1a: Krookodile|Knock Off|p2a: Murph Moon\n|-resisted|p2a: Murph Moon\n|-crit|p2a: Murph Moon\n|-damage|p2a: Murph Moon|30\/100\n|-enditem|p2a: Murph Moon|Leftovers|[from] move: Knock Off|[of] p1a: Krookodile\n|\n|-damage|p2a: Murph Moon|18\/100|[from] Leech Seed|[of] p1a: Krookodile\n|-heal|p1a: Krookodile|76\/100|[silent]\n|upkeep\n|turn|9\n|c| Du-Gi-Oh|now this is some murph bullshit\n|inactive|BigBabyGerry has 270 seconds left.\n|\n|t:|1698111905\n|move|p2a: Murph Moon|Tera Blast|p1a: Krookodile|[anim] Tera Blast Fairy\n|-crit|p1a: Krookodile\n|-damage|p1a: Krookodile|26\/100\n|move|p1a: Krookodile|Knock Off|p2a: Murph Moon\n|-resisted|p2a: Murph Moon\n|-damage|p2a: Murph Moon|1\/100\n|\n|-damage|p2a: Murph Moon|0 fnt|[from] Leech Seed|[of] p1a: Krookodile\n|-heal|p1a: Krookodile|27\/100|[silent]\n|faint|p2a: Murph Moon\n|-end|p2a: Murph Moon|Protosynthesis|[silent]\n|upkeep\n|\n|t:|1698111915\n|switch|p2a: Gengmurphy|Gengar, M, shiny|100\/100\n|turn|10\n|\n|t:|1698111924\n|move|p2a: Gengmurphy|Thunderbolt|p1a: Krookodile\n|-supereffective|p1a: Krookodile\n|-damage|p1a: Krookodile|0 fnt\n|faint|p1a: Krookodile\n|\n|upkeep\n|\n|t:|1698111930\n|switch|p1a: Dragapult|Dragapult, M, shiny|100\/100\n|turn|11\n|inactive|BigBabyGerry has 270 seconds left.\n|\n|t:|1698111935\n|switch|p2a: Wigglymurph|Wigglytuff, M, shiny|100\/100 slp\n|move|p1a: Dragapult|Shadow Ball|p2a: Wigglymurph\n|-immune|p2a: Wigglymurph\n|\n|upkeep\n|turn|12\n|\n|t:|1698111945\n|switch|p1a: Breloom|Breloom, M, shiny|100\/100\n|cant|p2a: Wigglymurph|slp\n|\n|upkeep\n|turn|13\n|\n|t:|1698111953\n|move|p1a: Breloom|Leech Seed|p2a: Wigglymurph\n|-start|p2a: Wigglymurph|move: Leech Seed\n|-curestatus|p2a: Wigglymurph|slp|[msg]\n|move|p2a: Wigglymurph|Stealth Rock|p1a: Breloom\n|-sidestart|p1: The_Black_Dog|move: Stealth Rock\n|\n|-damage|p2a: Wigglymurph|88\/100|[from] Leech Seed|[of] p1a: Breloom\n|upkeep\n|turn|14\n|\n|t:|1698111966\n|move|p1a: Breloom|Bulk Up|p1a: Breloom\n|-boost|p1a: Breloom|atk|1\n|-boost|p1a: Breloom|def|1\n|move|p2a: Wigglymurph|Dazzling Gleam|p1a: Breloom\n|-supereffective|p1a: Breloom\n|-damage|p1a: Breloom|19\/100\n|\n|-damage|p2a: Wigglymurph|76\/100|[from] Leech Seed|[of] p1a: Breloom\n|-heal|p1a: Breloom|38\/100|[silent]\n|upkeep\n|turn|15\n|\n|t:|1698111993\n|move|p1a: Breloom|Mach Punch|p2a: Wigglymurph\n|-crit|p2a: Wigglymurph\n|-damage|p2a: Wigglymurph|6\/100\n|move|p2a: Wigglymurph|Dazzling Gleam|p1a: Breloom\n|-supereffective|p1a: Breloom\n|-damage|p1a: Breloom|0 fnt\n|faint|p1a: Breloom\n|\n|upkeep\n|\n|t:|1698112002\n|switch|p1a: Zapdos|Zapdos, shiny|30\/100\n|-damage|p1a: Zapdos|5\/100|[from] Stealth Rock\n|turn|16\n|inactive|BigBabyGerry has 270 seconds left.\n|\n|t:|1698112032\n|switch|p2a: Murphcanine|Arcanine, M, shiny|100\/100\n|-ability|p2a: Murphcanine|Intimidate|boost\n|-unboost|p1a: Zapdos|atk|1\n|move|p1a: Zapdos|Roost|p1a: Zapdos\n|-heal|p1a: Zapdos|55\/100\n|-singleturn|p1a: Zapdos|move: Roost\n|\n|upkeep\n|turn|17\n|inactive|BigBabyGerry has 270 seconds left.\n|\n|t:|1698112052\n|move|p2a: Murphcanine|Flare Blitz|p1a: Zapdos\n|-damage|p1a: Zapdos|0 fnt\n|-damage|p2a: Murphcanine|84\/100|[from] item: Rocky Helmet|[of] p1a: Zapdos\n|faint|p1a: Zapdos\n|-damage|p2a: Murphcanine|62\/100|[from] Recoil\n|\n|upkeep\n|inactive|The_Black_Dog has 270 seconds left.\n|inactive|The_Black_Dog has 240 seconds left.\n|\n|t:|1698112118\n|switch|p1a: Dragapult|Dragapult, M, shiny|100\/100\n|-damage|p1a: Dragapult|88\/100|[from] Stealth Rock\n|turn|18\n|inactive|BigBabyGerry has 270 seconds left.\n|\n|t:|1698112133\n|move|p1a: Dragapult|Draco Meteor|p2a: Murphcanine|[miss]\n|-miss|p1a: Dragapult|p2a: Murphcanine\n|move|p2a: Murphcanine|Crunch|p1a: Dragapult\n|-supereffective|p1a: Dragapult\n|-damage|p1a: Dragapult|25\/100\n|\n|upkeep\n|turn|19\n|inactive|BigBabyGerry has 270 seconds left.\n|\n|t:|1698112150\n|switch|p2a: Wigglymurph|Wigglytuff, M, shiny|6\/100\n|move|p1a: Dragapult|Draco Meteor|p2a: Wigglymurph\n|-immune|p2a: Wigglymurph\n|\n|upkeep\n|turn|20\n|\n|t:|1698112160\n|switch|p1a: Cyclizar|Cyclizar, F, shiny|100\/100\n|-damage|p1a: Cyclizar|88\/100|[from] Stealth Rock\n|move|p2a: Wigglymurph|Dazzling Gleam|p1a: Cyclizar\n|-supereffective|p1a: Cyclizar\n|-damage|p1a: Cyclizar|7\/100\n|\n|upkeep\n|turn|21\n|\n|t:|1698112169\n|move|p1a: Cyclizar|Knock Off|p2a: Wigglymurph\n|-resisted|p2a: Wigglymurph\n|-damage|p2a: Wigglymurph|0 fnt\n|-enditem|p2a: Wigglymurph|Light Clay|[from] move: Knock Off|[of] p1a: Cyclizar\n|faint|p2a: Wigglymurph\n|\n|upkeep\n|\n|t:|1698112186\n|switch|p2a: Gengmurphy|Gengar, M, shiny|100\/100\n|turn|22\n|\n|t:|1698112190\n|move|p2a: Gengmurphy|Dazzling Gleam|p1a: Cyclizar\n|-supereffective|p1a: Cyclizar\n|-damage|p1a: Cyclizar|0 fnt\n|faint|p1a: Cyclizar\n|\n|upkeep\n|\n|t:|1698112194\n|switch|p1a: Dragapult|Dragapult, M, shiny|25\/100\n|-damage|p1a: Dragapult|12\/100|[from] Stealth Rock\n|turn|23\n|\n|t:|1698112203\n|move|p1a: Dragapult|Shadow Ball|p2a: Gengmurphy\n|-supereffective|p2a: Gengmurphy\n|-damage|p2a: Gengmurphy|0 fnt\n|-start|p1a: Dragapult|Disable|Shadow Ball|[from] ability: Cursed Body|[of] p2a: Gengmurphy\n|faint|p2a: Gengmurphy\n|\n|upkeep\n|\n|t:|1698112209\n|switch|p2a: AstroBundle|Iron Bundle, shiny|100\/100\n|turn|24\n|c|\u2606The_Black_Dog|not like this...\n|\n|t:|1698112225\n|-activate|p1a: Dragapult|move: Struggle\n|move|p1a: Dragapult|Struggle|p2a: AstroBundle\n|-damage|p2a: AstroBundle|84\/100\n|-damage|p1a: Dragapult|0 fnt|[from] recoil\n|faint|p1a: Dragapult\n|\n|win|BigBabyGerry\n|c|\u2606BigBabyGerry|gg\n","uploadtime":1698112236,"views":16,"p1id":"theblackdog","p2id":"bigbabygerry","formatid":"gen9ubers","rating":0,"private":0,"password":""}