{"id":"gen9ubers-1974337155","p1":"SadaShidz\ufe0f","p2":"drakmoore","format":"[Gen 9] Ubers","log":"|j|\u2606SadaShidz\ufe0f\n|j|\u2606drakmoore\n|t:|1698078961\n|gametype|singles\n|player|p1|SadaShidz\ufe0f|sada-ai|1247\n|player|p2|drakmoore|169|1216\n|teamsize|p1|6\n|teamsize|p2|6\n|gen|9\n|tier|[Gen 9] Ubers\n|rated|\n|rule|Sleep Clause Mod: Limit one foe put to sleep\n|rule|Species Clause: Limit one of each Pok\u00e9mon\n|rule|OHKO Clause: OHKO moves are banned\n|rule|Evasion Items Clause: Evasion items are banned\n|rule|Evasion Moves Clause: Evasion moves are banned\n|rule|Endless Battle Clause: Forcing endless battles is banned\n|rule|HP Percentage Mod: HP is shown in percentages\n|clearpoke\n|poke|p1|Ribombee, F|\n|poke|p1|Arceus-Ghost|\n|poke|p1|Ogerpon-Hearthflame, F|\n|poke|p1|Sinistcha-Masterpiece|\n|poke|p1|Ursaluna-Bloodmoon, M|\n|poke|p1|Flutter Mane|\n|poke|p2|Ninetales-Alola, M|\n|poke|p2|Baxcalibur, M|\n|poke|p2|Annihilape, M|\n|poke|p2|Garganacl, M|\n|poke|p2|Espathra, M|\n|poke|p2|Corviknight, M|\n|teampreview\n|inactive|Battle timer is ON: inactive players will automatically lose when time's up. (requested by SadaShidz\ufe0f)\n|\n|t:|1698078970\n|start\n|switch|p1a: Mighty Bee|Ribombee, F, shiny|100\/100\n|switch|p2a: Corviknight|Corviknight, M|100\/100\n|turn|1\n|\n|t:|1698078974\n|move|p1a: Mighty Bee|Stun Spore|p2a: Corviknight\n|-status|p2a: Corviknight|par\n|cant|p2a: Corviknight|par\n|\n|upkeep\n|turn|2\n|\n|t:|1698078979\n|move|p1a: Mighty Bee|Sticky Web|p2a: Corviknight\n|-sidestart|p2: drakmoore|move: Sticky Web\n|move|p2a: Corviknight|Brave Bird|p1a: Mighty Bee\n|-supereffective|p1a: Mighty Bee\n|-enditem|p1a: Mighty Bee|Focus Sash\n|-damage|p1a: Mighty Bee|1\/100\n|-damage|p2a: Corviknight|74\/100 par|[from] Recoil\n|\n|upkeep\n|turn|3\n|\n|t:|1698078986\n|move|p1a: Mighty Bee|U-turn|p2a: Corviknight\n|-resisted|p2a: Corviknight\n|-damage|p2a: Corviknight|72\/100 par\n|-damage|p1a: Mighty Bee|0 fnt|[from] item: Rocky Helmet|[of] p2a: Corviknight\n|faint|p1a: Mighty Bee\n|move|p2a: Corviknight|Defog|p1: Mighty Bee|[notarget]\n|-fail|p2a: Corviknight\n|\n|upkeep\n|\n|t:|1698078992\n|switch|p1a: Fioni|Ogerpon-Hearthflame, F|100\/100\n|-ability|p1a: Fioni|Mold Breaker\n|turn|4\n|\n|t:|1698079002\n|move|p1a: Fioni|Ivy Cudgel|p2a: Corviknight\n|-supereffective|p2a: Corviknight\n|-damage|p2a: Corviknight|0 fnt\n|faint|p2a: Corviknight\n|\n|upkeep\n|\n|t:|1698079010\n|switch|p2a: Annihilape|Annihilape, M|100\/100\n|-activate|p2a: Annihilape|move: Sticky Web\n|-unboost|p2a: Annihilape|spe|1\n|-ability|p2a: Annihilape|Defiant|boost\n|-boost|p2a: Annihilape|atk|2\n|turn|5\n|\n|t:|1698079018\n|switch|p1a: Yamz|Arceus-Ghost, shiny|100\/100\n|move|p2a: Annihilape|Close Combat|p1a: Yamz\n|-immune|p1a: Yamz\n|\n|upkeep\n|turn|6\n|\n|t:|1698079025\n|switch|p2a: Garganacl|Garganacl, M|100\/100\n|-activate|p2a: Garganacl|move: Sticky Web\n|-unboost|p2a: Garganacl|spe|1\n|move|p1a: Yamz|Judgment|p2a: Garganacl\n|-damage|p2a: Garganacl|85\/100\n|\n|upkeep\n|turn|7\n|\n|t:|1698079032\n|move|p1a: Yamz|Calm Mind|p1a: Yamz\n|-boost|p1a: Yamz|spa|1\n|-boost|p1a: Yamz|spd|1\n|move|p2a: Garganacl|Salt Cure|p1a: Yamz\n|-damage|p1a: Yamz|92\/100\n|-start|p1a: Yamz|Salt Cure\n|\n|-damage|p1a: Yamz|79\/100|[from] Salt Cure\n|upkeep\n|turn|8\n|\n|t:|1698079041\n|move|p1a: Yamz|Focus Blast|p2a: Garganacl|[miss]\n|-miss|p1a: Yamz|p2a: Garganacl\n|move|p2a: Garganacl|Recover|p2a: Garganacl\n|-heal|p2a: Garganacl|100\/100\n|\n|-damage|p1a: Yamz|67\/100|[from] Salt Cure\n|upkeep\n|turn|9\n|\n|t:|1698079048\n|move|p1a: Yamz|Calm Mind|p1a: Yamz\n|-boost|p1a: Yamz|spa|1\n|-boost|p1a: Yamz|spd|1\n|move|p2a: Garganacl|Salt Cure|p1a: Yamz\n|-damage|p1a: Yamz|58\/100\n|\n|-damage|p1a: Yamz|46\/100|[from] Salt Cure\n|upkeep\n|turn|10\n|\n|t:|1698079056\n|move|p1a: Yamz|Focus Blast|p2a: Garganacl\n|-supereffective|p2a: Garganacl\n|-damage|p2a: Garganacl|18\/100\n|-enditem|p2a: Garganacl|Sitrus Berry|[eat]\n|-heal|p2a: Garganacl|43\/100|[from] item: Sitrus Berry\n|move|p2a: Garganacl|Salt Cure|p1a: Yamz\n|-damage|p1a: Yamz|37\/100\n|\n|-damage|p1a: Yamz|25\/100|[from] Salt Cure\n|upkeep\n|turn|11\n|\n|t:|1698079073\n|switch|p2a: Espathra|Espathra, M|100\/100\n|-activate|p2a: Espathra|move: Sticky Web\n|-unboost|p2a: Espathra|spe|1\n|move|p1a: Yamz|Recover|p1a: Yamz\n|-heal|p1a: Yamz|75\/100\n|\n|-damage|p1a: Yamz|63\/100|[from] Salt Cure\n|upkeep\n|turn|12\n|\n|t:|1698079083\n|move|p2a: Espathra|Protect|p2a: Espathra\n|-singleturn|p2a: Espathra|Protect\n|move|p1a: Yamz|Judgment|p2a: Espathra\n|-activate|p2a: Espathra|move: Protect\n|\n|-damage|p1a: Yamz|50\/100|[from] Salt Cure\n|-ability|p2a: Espathra|Speed Boost|boost\n|-boost|p2a: Espathra|spe|1\n|upkeep\n|turn|13\n|\n|t:|1698079093\n|-terastallize|p2a: Espathra|Fairy\n|move|p2a: Espathra|Protect|p2a: Espathra\n|-singleturn|p2a: Espathra|Protect\n|move|p1a: Yamz|Judgment|p2a: Espathra\n|-activate|p2a: Espathra|move: Protect\n|\n|-damage|p1a: Yamz|38\/100|[from] Salt Cure\n|-ability|p2a: Espathra|Speed Boost|boost\n|-boost|p2a: Espathra|spe|1\n|upkeep\n|turn|14\n|\n|t:|1698079102\n|move|p2a: Espathra|Calm Mind|p2a: Espathra\n|-boost|p2a: Espathra|spa|1\n|-boost|p2a: Espathra|spd|1\n|move|p1a: Yamz|Judgment|p2a: Espathra\n|-damage|p2a: Espathra|13\/100\n|\n|-heal|p2a: Espathra|20\/100|[from] item: Leftovers\n|-damage|p1a: Yamz|25\/100|[from] Salt Cure\n|-ability|p2a: Espathra|Speed Boost|boost\n|-boost|p2a: Espathra|spe|1\n|upkeep\n|turn|15\n|\n|t:|1698079112\n|move|p2a: Espathra|Stored Power|p1a: Yamz\n|-damage|p1a: Yamz|7\/100\n|move|p1a: Yamz|Recover|p1a: Yamz\n|-heal|p1a: Yamz|57\/100\n|\n|-heal|p2a: Espathra|26\/100|[from] item: Leftovers\n|-damage|p1a: Yamz|45\/100|[from] Salt Cure\n|-ability|p2a: Espathra|Speed Boost|boost\n|-boost|p2a: Espathra|spe|1\n|upkeep\n|turn|16\n|\n|t:|1698079123\n|move|p2a: Espathra|Protect|p2a: Espathra\n|-singleturn|p2a: Espathra|Protect\n|move|p1a: Yamz|Judgment|p2a: Espathra\n|-activate|p2a: Espathra|move: Protect\n|\n|-heal|p2a: Espathra|32\/100|[from] item: Leftovers\n|-damage|p1a: Yamz|32\/100|[from] Salt Cure\n|-ability|p2a: Espathra|Speed Boost|boost\n|-boost|p2a: Espathra|spe|1\n|upkeep\n|turn|17\n|\n|t:|1698079132\n|move|p2a: Espathra|Stored Power|p1a: Yamz\n|-crit|p1a: Yamz\n|-damage|p1a: Yamz|0 fnt\n|faint|p1a: Yamz\n|\n|-heal|p2a: Espathra|38\/100|[from] item: Leftovers\n|-ability|p2a: Espathra|Speed Boost|boost\n|-boost|p2a: Espathra|spe|1\n|upkeep\n|\n|t:|1698079137\n|switch|p1a: Ice Spice|Flutter Mane|100\/100\n|turn|18\n|\n|t:|1698079147\n|move|p2a: Espathra|Protect|p2a: Espathra\n|-singleturn|p2a: Espathra|Protect\n|move|p1a: Ice Spice|Pain Split|p2a: Espathra\n|-activate|p2a: Espathra|move: Protect\n|\n|-heal|p2a: Espathra|44\/100|[from] item: Leftovers\n|-ability|p2a: Espathra|Speed Boost|boost\n|-boost|p2a: Espathra|spe|1\n|upkeep\n|turn|19\n|\n|t:|1698079155\n|move|p2a: Espathra|Calm Mind|p2a: Espathra\n|-boost|p2a: Espathra|spa|1\n|-boost|p2a: Espathra|spd|1\n|move|p1a: Ice Spice|Shadow Ball|p2a: Espathra\n|-damage|p2a: Espathra|15\/100\n|\n|-heal|p2a: Espathra|21\/100|[from] item: Leftovers\n|upkeep\n|turn|20\n|\n|t:|1698079162\n|move|p2a: Espathra|Stored Power|p1a: Ice Spice\n|-enditem|p1a: Ice Spice|Focus Sash\n|-damage|p1a: Ice Spice|1\/100\n|move|p1a: Ice Spice|Shadow Ball|p2a: Espathra\n|-damage|p2a: Espathra|0 fnt\n|faint|p2a: Espathra\n|\n|upkeep\n|\n|t:|1698079171\n|switch|p2a: Ninetales|Ninetales-Alola, M|100\/100\n|-activate|p2a: Ninetales|move: Sticky Web\n|-unboost|p2a: Ninetales|spe|1\n|-weather|Snow|[from] ability: Snow Warning|[of] p2a: Ninetales\n|turn|21\n|\n|t:|1698079177\n|move|p1a: Ice Spice|Pain Split|p2a: Ninetales\n|-sethp|p2a: Ninetales|50\/100|[from] move: Pain Split|[silent]\n|-sethp|p1a: Ice Spice|70\/100|[from] move: Pain Split\n|move|p2a: Ninetales|Aurora Veil|p2a: Ninetales\n|-sidestart|p2: drakmoore|move: Aurora Veil\n|\n|-weather|Snow|[upkeep]\n|upkeep\n|turn|22\n|\n|t:|1698079192\n|move|p1a: Ice Spice|Thunder Wave|p2a: Ninetales\n|-status|p2a: Ninetales|par\n|move|p2a: Ninetales|Blizzard|p1a: Ice Spice\n|-damage|p1a: Ice Spice|34\/100\n|\n|-weather|Snow|[upkeep]\n|upkeep\n|turn|23\n|\n|t:|1698079198\n|move|p1a: Ice Spice|Shadow Ball|p2a: Ninetales\n|-damage|p2a: Ninetales|31\/100 par\n|move|p2a: Ninetales|Blizzard|p1a: Ice Spice\n|-damage|p1a: Ice Spice|3\/100\n|\n|-weather|Snow|[upkeep]\n|upkeep\n|turn|24\n|\n|t:|1698079205\n|move|p1a: Ice Spice|Shadow Ball|p2a: Ninetales\n|-crit|p2a: Ninetales\n|-damage|p2a: Ninetales|0 fnt\n|faint|p2a: Ninetales\n|\n|-weather|Snow|[upkeep]\n|upkeep\n|\n|t:|1698079211\n|switch|p2a: Baxcalibur|Baxcalibur, M|100\/100\n|-activate|p2a: Baxcalibur|move: Sticky Web\n|-unboost|p2a: Baxcalibur|spe|1\n|turn|25\n|\n|t:|1698079215\n|move|p1a: Ice Spice|Moonblast|p2a: Baxcalibur\n|-supereffective|p2a: Baxcalibur\n|-damage|p2a: Baxcalibur|51\/100\n|move|p2a: Baxcalibur|Icicle Spear|p1a: Ice Spice\n|-damage|p1a: Ice Spice|0 fnt\n|faint|p1a: Ice Spice\n|-end|p1a: Ice Spice|Protosynthesis|[silent]\n|-hitcount|p1: Ice Spice|1\n|\n|-weather|none\n|upkeep\n|\n|t:|1698079223\n|switch|p1a: Fioni|Ogerpon-Hearthflame, F|100\/100\n|-ability|p1a: Fioni|Mold Breaker\n|turn|26\n|\n|t:|1698079228\n|-terastallize|p1a: Fioni|Fire\n|detailschange|p1a: Fioni|Ogerpon-Hearthflame-Tera, F, tera:Fire\n|-ability|p1a: Fioni|Embody Aspect (Hearthflame)|boost\n|-boost|p1a: Fioni|atk|1\n|move|p1a: Fioni|Play Rough|p2a: Baxcalibur\n|-supereffective|p2a: Baxcalibur\n|-damage|p2a: Baxcalibur|0 fnt\n|faint|p2a: Baxcalibur\n|\n|upkeep\n|\n|t:|1698079237\n|switch|p2a: Annihilape|Annihilape, M|100\/100\n|-activate|p2a: Annihilape|move: Sticky Web\n|-unboost|p2a: Annihilape|spe|1\n|-ability|p2a: Annihilape|Defiant|boost\n|-boost|p2a: Annihilape|atk|2\n|turn|27\n|\n|t:|1698079249\n|switch|p1a: Sippin Green|Sinistcha-Masterpiece, shiny|100\/100\n|move|p2a: Annihilape|Rage Fist|p1a: Sippin Green\n|-supereffective|p1a: Sippin Green\n|-damage|p1a: Sippin Green|24\/100\n|\n|-heal|p1a: Sippin Green|30\/100|[from] item: Leftovers\n|upkeep\n|turn|28\n|\n|t:|1698079256\n|move|p2a: Annihilape|Rage Fist|p1a: Sippin Green\n|-supereffective|p1a: Sippin Green\n|-damage|p1a: Sippin Green|0 fnt\n|faint|p1a: Sippin Green\n|\n|-sideend|p2: drakmoore|move: Aurora Veil\n|upkeep\n|\n|t:|1698079259\n|switch|p1a: Undead|Ursaluna-Bloodmoon, M|100\/100\n|turn|29\n|\n|t:|1698079263\n|switch|p2a: Garganacl|Garganacl, M|43\/100\n|-activate|p2a: Garganacl|move: Sticky Web\n|-unboost|p2a: Garganacl|spe|1\n|move|p1a: Undead|Calm Mind|p1a: Undead\n|-boost|p1a: Undead|spa|1\n|-boost|p1a: Undead|spd|1\n|\n|upkeep\n|turn|30\n|\n|t:|1698079275\n|move|p1a: Undead|Vacuum Wave|p2a: Garganacl\n|-supereffective|p2a: Garganacl\n|-crit|p2a: Garganacl\n|-damage|p2a: Garganacl|1\/100\n|move|p2a: Garganacl|Salt Cure|p1a: Undead\n|-resisted|p1a: Undead\n|-damage|p1a: Undead|96\/100\n|-start|p1a: Undead|Salt Cure\n|\n|-heal|p1a: Undead|100\/100|[from] item: Leftovers\n|-damage|p1a: Undead|88\/100|[from] Salt Cure\n|upkeep\n|turn|31\n|\n|t:|1698079285\n|move|p1a: Undead|Vacuum Wave|p2a: Garganacl\n|-supereffective|p2a: Garganacl\n|-damage|p2a: Garganacl|0 fnt\n|faint|p2a: Garganacl\n|\n|-heal|p1a: Undead|94\/100|[from] item: Leftovers\n|-damage|p1a: Undead|82\/100|[from] Salt Cure\n|upkeep\n|\n|t:|1698079291\n|switch|p2a: Annihilape|Annihilape, M|100\/100\n|-activate|p2a: Annihilape|move: Sticky Web\n|-unboost|p2a: Annihilape|spe|1\n|-ability|p2a: Annihilape|Defiant|boost\n|-boost|p2a: Annihilape|atk|2\n|turn|32\n|\n|t:|1698079297\n|move|p2a: Annihilape|Close Combat|p1a: Undead\n|-supereffective|p1a: Undead\n|-damage|p1a: Undead|0 fnt\n|-unboost|p2a: Annihilape|def|1\n|-unboost|p2a: Annihilape|spd|1\n|faint|p1a: Undead\n|\n|upkeep\n|\n|t:|1698079299\n|switch|p1a: Fioni|Ogerpon-Hearthflame-Tera, F, tera:Fire|100\/100\n|-ability|p1a: Fioni|Embody Aspect (Hearthflame)|boost\n|-boost|p1a: Fioni|atk|1\n|turn|33\n|\n|t:|1698079305\n|move|p1a: Fioni|Ivy Cudgel|p2a: Annihilape\n|-crit|p2a: Annihilape\n|-damage|p2a: Annihilape|0 fnt\n|faint|p2a: Annihilape\n|\n|win|SadaShidz\ufe0f\n|raw|SadaShidz\ufe0f's rating: 1247 &rarr; <strong>1270<\/strong><br \/>(+23 for winning)\n|raw|drakmoore's rating: 1216 &rarr; <strong>1193<\/strong><br \/>(-23 for losing)\n|l|\u2606drakmoore\n|c|\u2606SadaShidz\ufe0f|Gg\n","uploadtime":1698079315,"views":10,"p1id":"sadashidz","p2id":"drakmoore","formatid":"gen9ubers","rating":1193,"private":0,"password":""}