{"id":"gen9ubers-1988895388","p1":"Habibiman","p2":"Steven Stone 007","format":"[Gen 9] Ubers","log":"|j|\u2606Habibiman\n|j|\u2606Steven Stone 007\n|t:|1699783031\n|gametype|singles\n|player|p1|Habibiman|n|\n|player|p2|Steven Stone 007|steven|\n|teamsize|p1|6\n|teamsize|p2|6\n|gen|9\n|tier|[Gen 9] Ubers\n|rule|Sleep Clause Mod: Limit one foe put to sleep\n|rule|Species Clause: Limit one of each Pok\u00e9mon\n|rule|OHKO Clause: OHKO moves are banned\n|rule|Evasion Items Clause: Evasion items are banned\n|rule|Evasion Moves Clause: Evasion moves are banned\n|rule|Endless Battle Clause: Forcing endless battles is banned\n|rule|HP Percentage Mod: HP is shown in percentages\n|clearpoke\n|poke|p1|Magearna|\n|poke|p1|Zacian-*|\n|poke|p1|Arceus-Ghost|\n|poke|p1|Baxcalibur, F|\n|poke|p1|Cyclizar, F|\n|poke|p1|Palafin, M|\n|poke|p2|Torkoal, M|\n|poke|p2|Walking Wake|\n|poke|p2|Chi-Yu|\n|poke|p2|Arceus-Ghost|\n|poke|p2|Zacian-*|\n|poke|p2|Sandy Shocks|\n|teampreview\n|inactive|Battle timer is ON: inactive players will automatically lose when time's up. (requested by Habibiman)\n|\n|t:|1699783051\n|start\n|switch|p1a: Palafin|Palafin, M|100\/100\n|switch|p2a: Zacian|Zacian|100\/100\n|-ability|p2a: Zacian|Intrepid Sword|boost\n|-boost|p2a: Zacian|atk|1\n|turn|1\n|\n|t:|1699783060\n|detailschange|p1a: Palafin|Palafin-Hero, M\n|switch|p1a: Magearna|Magearna|100\/100\n|move|p2a: Zacian|Swords Dance|p2a: Zacian\n|-boost|p2a: Zacian|atk|2\n|\n|upkeep\n|turn|2\n|\n|t:|1699783065\n|-terastallize|p2a: Zacian|Fire\n|move|p2a: Zacian|Tera Blast|p1a: Magearna|[anim] Tera Blast Fire\n|-supereffective|p1a: Magearna\n|-damage|p1a: Magearna|0 fnt\n|faint|p1a: Magearna\n|\n|upkeep\n|\n|t:|1699783071\n|switch|p1a: Palafin|Palafin-Hero, M|100\/100\n|-activate|p1a: Palafin|ability: Zero to Hero\n|turn|3\n|inactive|Steven Stone 007 has 270 seconds left.\n|\n|t:|1699783103\n|switch|p2a: Torkoal|Torkoal, M|100\/100\n|-weather|SunnyDay|[from] ability: Drought|[of] p2a: Torkoal\n|move|p1a: Palafin|Jet Punch|p2a: Torkoal\n|-supereffective|p2a: Torkoal\n|-damage|p2a: Torkoal|81\/100\n|\n|-weather|SunnyDay|[upkeep]\n|upkeep\n|turn|4\n|inactive|Habibiman has 270 seconds left.\n|\n|t:|1699783136\n|switch|p1a: Baxcalibur|Baxcalibur, F|100\/100\n|move|p2a: Torkoal|Stealth Rock|p1a: Baxcalibur\n|-sidestart|p1: Habibiman|move: Stealth Rock\n|\n|-weather|SunnyDay|[upkeep]\n|upkeep\n|turn|5\n|\n|t:|1699783144\n|move|p1a: Baxcalibur|Swords Dance|p1a: Baxcalibur\n|-boost|p1a: Baxcalibur|atk|2\n|move|p2a: Torkoal|Will-O-Wisp|p1a: Baxcalibur\n|-immune|p1a: Baxcalibur|[from] ability: Thermal Exchange\n|\n|-weather|SunnyDay|[upkeep]\n|upkeep\n|turn|6\n|c|\u2606Steven Stone 007|lol\n|inactive|Steven Stone 007 has 270 seconds left.\n|inactive|Steven Stone 007 has 240 seconds left.\n|\n|t:|1699783201\n|switch|p2a: Let Me Cook|Sandy Shocks|100\/100\n|-activate|p2a: Let Me Cook|ability: Protosynthesis\n|-start|p2a: Let Me Cook|protosynthesisspa\n|move|p1a: Baxcalibur|Scale Shot|p2a: Let Me Cook\n|-damage|p2a: Let Me Cook|70\/100\n|-damage|p2a: Let Me Cook|38\/100\n|-damage|p2a: Let Me Cook|8\/100\n|-damage|p2a: Let Me Cook|0 fnt\n|faint|p2a: Let Me Cook\n|-end|p2a: Let Me Cook|Protosynthesis|[silent]\n|-hitcount|p2: Let Me Cook|4\n|-unboost|p1a: Baxcalibur|def|1\n|-boost|p1a: Baxcalibur|spe|1\n|\n|-weather|SunnyDay|[upkeep]\n|upkeep\n|\n|t:|1699783205\n|switch|p2a: Arceus|Arceus-Ghost|100\/100\n|turn|7\n|inactive|Habibiman has 270 seconds left.\n|\n|t:|1699783227\n|move|p1a: Baxcalibur|Scale Shot|p2a: Arceus\n|-damage|p2a: Arceus|85\/100\n|-damage|p2a: Arceus|69\/100\n|-damage|p2a: Arceus|53\/100\n|-crit|p2a: Arceus\n|-damage|p2a: Arceus|31\/100\n|-hitcount|p2a: Arceus|4\n|-unboost|p1a: Baxcalibur|def|1\n|-boost|p1a: Baxcalibur|spe|1\n|move|p2a: Arceus|Body Press|p1a: Baxcalibur\n|-supereffective|p1a: Baxcalibur\n|-damage|p1a: Baxcalibur|0 fnt\n|faint|p1a: Baxcalibur\n|\n|-weather|SunnyDay|[upkeep]\n|upkeep\n|inactive|Habibiman has 270 seconds left.\n|\n|t:|1699783234\n|switch|p1a: Cyclizar|Cyclizar, F|100\/100\n|turn|8\n|inactive|Steven Stone 007 has 240 seconds left.\n|\n|t:|1699783267\n|move|p1a: Cyclizar|Shed Tail|p1a: Cyclizar\n|-start|p1a: Cyclizar|Substitute|[from] move: Shed Tail\n|-damage|p1a: Cyclizar|50\/100\n|\n|t:|1699783269\n|switch|p1a: Palafin|Palafin-Hero, M|100\/100|[from] Shed Tail\n|-damage|p1a: Palafin|88\/100|[from] Stealth Rock\n|move|p2a: Arceus|Recover|p2a: Arceus\n|-heal|p2a: Arceus|81\/100\n|\n|-weather|SunnyDay|[upkeep]\n|-heal|p1a: Palafin|94\/100|[from] item: Leftovers\n|upkeep\n|turn|9\n|\n|t:|1699783274\n|move|p1a: Palafin|Bulk Up|p1a: Palafin\n|-boost|p1a: Palafin|atk|1\n|-boost|p1a: Palafin|def|1\n|move|p2a: Arceus|Judgment|p1a: Palafin\n|-crit|p1a: Palafin\n|-end|p1a: Palafin|Substitute\n|\n|-weather|SunnyDay|[upkeep]\n|-heal|p1a: Palafin|100\/100|[from] item: Leftovers\n|upkeep\n|turn|10\n|\n|t:|1699783279\n|move|p1a: Palafin|Bulk Up|p1a: Palafin\n|-boost|p1a: Palafin|atk|1\n|-boost|p1a: Palafin|def|1\n|move|p2a: Arceus|Judgment|p1a: Palafin\n|-damage|p1a: Palafin|43\/100\n|\n|-weather|none\n|-heal|p1a: Palafin|49\/100|[from] item: Leftovers\n|upkeep\n|turn|11\n|\n|t:|1699783285\n|switch|p2a: Torkoal|Torkoal, M|81\/100\n|-weather|SunnyDay|[from] ability: Drought|[of] p2a: Torkoal\n|move|p1a: Palafin|Ice Punch|p2a: Torkoal\n|-resisted|p2a: Torkoal\n|-damage|p2a: Torkoal|64\/100\n|\n|-weather|SunnyDay|[upkeep]\n|-heal|p1a: Palafin|56\/100|[from] item: Leftovers\n|upkeep\n|turn|12\n|\n|t:|1699783289\n|move|p1a: Palafin|Wave Crash|p2a: Torkoal\n|-supereffective|p2a: Torkoal\n|-damage|p2a: Torkoal|0 fnt\n|faint|p2a: Torkoal\n|-damage|p1a: Palafin|35\/100|[from] Recoil\n|\n|-weather|SunnyDay|[upkeep]\n|-heal|p1a: Palafin|41\/100|[from] item: Leftovers\n|upkeep\n|\n|t:|1699783294\n|switch|p2a: Walking Wake|Walking Wake|100\/100\n|-activate|p2a: Walking Wake|ability: Protosynthesis\n|-start|p2a: Walking Wake|protosynthesisspe\n|turn|13\n|\n|t:|1699783299\n|move|p1a: Palafin|Jet Punch|p2a: Walking Wake\n|-resisted|p2a: Walking Wake\n|-damage|p2a: Walking Wake|91\/100\n|move|p2a: Walking Wake|Dragon Pulse|p1a: Palafin\n|-damage|p1a: Palafin|0 fnt\n|faint|p1a: Palafin\n|\n|-weather|SunnyDay|[upkeep]\n|upkeep\n|\n|t:|1699783304\n|switch|p1a: Zacian|Zacian|100\/100\n|-damage|p1a: Zacian|88\/100|[from] Stealth Rock\n|-ability|p1a: Zacian|Intrepid Sword|boost\n|-boost|p1a: Zacian|atk|1\n|turn|14\n|\n|t:|1699783314\n|-end|p2a: Walking Wake|Protosynthesis|[silent]\n|switch|p2a: Chi-Yu|Chi-Yu|100\/100\n|-ability|p2a: Chi-Yu|Beads of Ruin\n|move|p1a: Zacian|Wild Charge|p2a: Chi-Yu\n|-damage|p2a: Chi-Yu|0 fnt\n|faint|p2a: Chi-Yu\n|-damage|p1a: Zacian|69\/100|[from] Recoil\n|\n|-weather|SunnyDay|[upkeep]\n|upkeep\n|\n|t:|1699783324\n|switch|p2a: Walking Wake|Walking Wake|91\/100\n|-activate|p2a: Walking Wake|ability: Protosynthesis\n|-start|p2a: Walking Wake|protosynthesisspe\n|turn|15\n|\n|t:|1699783326\n|move|p2a: Walking Wake|Hydro Steam|p1a: Zacian\n|-damage|p1a: Zacian|0 fnt\n|faint|p1a: Zacian\n|\n|-weather|SunnyDay|[upkeep]\n|upkeep\n|\n|t:|1699783330\n|switch|p1a: Arceus|Arceus-Ghost|100\/100\n|-damage|p1a: Arceus|88\/100|[from] Stealth Rock\n|turn|16\n|\n|t:|1699783337\n|move|p2a: Walking Wake|Hydro Steam|p1a: Arceus\n|-crit|p1a: Arceus\n|-damage|p1a: Arceus|0 fnt\n|faint|p1a: Arceus\n|\n|-weather|SunnyDay|[upkeep]\n|upkeep\n|\n|t:|1699783340\n|switch|p1a: Cyclizar|Cyclizar, F|84\/100\n|turn|17\n|c|\u2606Steven Stone 007|lol\n|\n|t:|1699783347\n|move|p2a: Walking Wake|Hydro Steam|p1a: Cyclizar\n|-resisted|p1a: Cyclizar\n|-damage|p1a: Cyclizar|21\/100\n|move|p1a: Cyclizar|Rapid Spin|p2a: Walking Wake\n|-damage|p2a: Walking Wake|73\/100\n|-boost|p1a: Cyclizar|spe|1\n|-sideend|p1: Habibiman|Stealth Rock|[from] move: Rapid Spin|[of] p1a: Cyclizar\n|\n|-weather|SunnyDay|[upkeep]\n|upkeep\n|turn|18\n|\n|t:|1699783351\n|move|p1a: Cyclizar|Dragon Claw|p2a: Walking Wake\n|-supereffective|p2a: Walking Wake\n|-damage|p2a: Walking Wake|16\/100\n|move|p2a: Walking Wake|Hydro Steam|p1a: Cyclizar\n|-resisted|p1a: Cyclizar\n|-damage|p1a: Cyclizar|0 fnt\n|faint|p1a: Cyclizar\n|\n|win|Steven Stone 007\n|c|\u2606Steven Stone 007|GG\n","uploadtime":1699783357,"views":6,"p1id":"habibiman","p2id":"stevenstone007","formatid":"gen9ubers","rating":0,"private":0,"password":""}