{"id":"gen9ubers-1979122664","p1":"Pickedman","p2":"godiamsosorry","format":"[Gen 9] Ubers","log":"|j|\u2606Pickedman\n|j|\u2606godiamsosorry\n|t:|1698635245\n|gametype|singles\n|player|p1|Pickedman|zinnia|\n|player|p2|godiamsosorry|scientistf|\n|teamsize|p1|6\n|teamsize|p2|6\n|gen|9\n|tier|[Gen 9] Ubers\n|rule|Sleep Clause Mod: Limit one foe put to sleep\n|rule|Species Clause: Limit one of each Pok\u00e9mon\n|rule|OHKO Clause: OHKO moves are banned\n|rule|Evasion Items Clause: Evasion items are banned\n|rule|Evasion Moves Clause: Evasion moves are banned\n|rule|Endless Battle Clause: Forcing endless battles is banned\n|rule|HP Percentage Mod: HP is shown in percentages\n|clearpoke\n|poke|p1|Palafin, M|\n|poke|p1|Shaymin-Sky|\n|poke|p1|Slowbro-Galar, F|\n|poke|p1|Slowking-Galar, M|\n|poke|p1|Klefki, F|\n|poke|p1|Landorus-Therian, M|\n|poke|p2|Moltres|\n|poke|p2|Shaymin|\n|poke|p2|Zoroark-Hisui, M|\n|poke|p2|Weezing-Galar, M|\n|poke|p2|Medicham, M|\n|poke|p2|Ditto|\n|teampreview\n|c|\u2606godiamsosorry|Should I pull out the pre-home sauce after this one?\n|c|\u2606Pickedman|if you do can I pull out the pre hydreigon ban sauce\n|\n|t:|1698635312\n|start\n|switch|p1a: JumpIuff|Klefki, F|100\/100\n|switch|p2a: Ditto|Ditto|100\/100\n|turn|1\n|\n|t:|1698635349\n|switch|p2a: Moltres|Moltres|100\/100\n|move|p1a: JumpIuff|Thunder Wave|p2a: Moltres\n|-status|p2a: Moltres|par\n|\n|upkeep\n|turn|2\n|c|\u2606Pickedman|but yeah that'd be cool\n|\n|t:|1698635355\n|move|p1a: JumpIuff|Reflect|p1a: JumpIuff\n|-sidestart|p1: Pickedman|Reflect\n|move|p2a: Moltres|Flare Blitz|p1a: JumpIuff\n|-supereffective|p1a: JumpIuff\n|-damage|p1a: JumpIuff|50\/100\n|-damage|p2a: Moltres|87\/100 par|[from] Recoil\n|\n|upkeep\n|turn|3\n|c|\u2606godiamsosorry|If you do then I get to have Cyclizar Shed Tail LOL\n|\n|t:|1698635369\n|move|p1a: JumpIuff|Foul Play|p2a: Moltres\n|-damage|p2a: Moltres|57\/100 par\n|move|p2a: Moltres|Flare Blitz|p1a: JumpIuff\n|-supereffective|p1a: JumpIuff\n|-damage|p1a: JumpIuff|6\/100\n|-damage|p2a: Moltres|45\/100 par|[from] Recoil\n|\n|upkeep\n|turn|4\n|\n|t:|1698635377\n|move|p1a: JumpIuff|Foul Play|p2a: Moltres\n|-damage|p2a: Moltres|13\/100 par\n|cant|p2a: Moltres|par\n|\n|upkeep\n|turn|5\n|\n|t:|1698635382\n|move|p1a: JumpIuff|Foul Play|p2a: Moltres\n|-damage|p2a: Moltres|0 fnt\n|-status|p1a: JumpIuff|brn|[from] ability: Flame Body|[of] p2a: Moltres\n|faint|p2a: Moltres\n|\n|-damage|p1a: JumpIuff|0 fnt|[from] brn\n|faint|p1a: JumpIuff\n|upkeep\n|\n|t:|1698635390\n|switch|p2a: Shaymin|Shaymin|100\/100\n|switch|p1a: The Jester|Slowbro-Galar, F|100\/100\n|turn|6\n|\n|t:|1698635395\n|move|p2a: Shaymin|Earth Power|p1a: The Jester\n|-supereffective|p1a: The Jester\n|-damage|p1a: The Jester|18\/100\n|-unboost|p1a: The Jester|spd|1\n|move|p1a: The Jester|Belly Drum||[still]\n|-fail|p1a: The Jester\n|\n|upkeep\n|turn|7\n|\n|t:|1698635404\n|switch|p1a: Landorus|Landorus-Therian, M|100\/100\n|-ability|p1a: Landorus|Intimidate|boost\n|-unboost|p2a: Shaymin|atk|1\n|move|p2a: Shaymin|Earth Power|p1a: Landorus\n|-immune|p1a: Landorus\n|\n|upkeep\n|turn|8\n|\n|t:|1698635410\n|switch|p2a: Medicham|Medicham, M|100\/100\n|move|p1a: Landorus|Nasty Plot|p1a: Landorus\n|-boost|p1a: Landorus|spa|2\n|\n|upkeep\n|turn|9\n|\n|t:|1698635414\n|move|p2a: Medicham|Ice Punch|p1a: Landorus\n|-supereffective|p1a: Landorus\n|-damage|p1a: Landorus|30\/100\n|move|p1a: Landorus|Earth Power|p2a: Medicham\n|-damage|p2a: Medicham|0 fnt\n|faint|p2a: Medicham\n|\n|-heal|p1a: Landorus|36\/100|[from] item: Leftovers\n|-sideend|p1: Pickedman|Reflect\n|upkeep\n|\n|t:|1698635418\n|switch|p2a: Shaymin|Shaymin|100\/100\n|turn|10\n|\n|t:|1698635426\n|move|p2a: Shaymin|Seed Flare|p1a: Landorus\n|-damage|p1a: Landorus|0 fnt\n|faint|p1a: Landorus\n|\n|upkeep\n|\n|t:|1698635429\n|switch|p1a: FalconWithNoPunch|Shaymin-Sky|100\/100\n|turn|11\n|c|\u2606Pickedman|also are you limber ditto or does imposter just not work on lead\n|\n|t:|1698635461\n|switch|p2a: Ditto|Ditto|100\/100\n|-transform|p2a: Ditto|p1a: FalconWithNoPunch|[from] ability: Imposter\n|move|p1a: FalconWithNoPunch|Swords Dance|p1a: FalconWithNoPunch\n|-boost|p1a: FalconWithNoPunch|atk|2\n|\n|upkeep\n|turn|12\n|\n|t:|1698635472\n|-terastallize|p2a: Ditto|Poison\n|move|p2a: Ditto|Tera Blast|p1a: FalconWithNoPunch|[anim] Tera Blast Poison\n|-supereffective|p1a: FalconWithNoPunch\n|-damage|p1a: FalconWithNoPunch|4\/100\n|move|p1a: FalconWithNoPunch|Play Rough|p2a: Ditto\n|-resisted|p2a: Ditto\n|-damage|p2a: Ditto|62\/100\n|\n|upkeep\n|turn|13\n|\n|t:|1698635480\n|switch|p1a: The King|Slowking-Galar, M|100\/100\n|move|p2a: Ditto|Tera Blast|p1a: The King|[anim] Tera Blast Poison\n|-resisted|p1a: The King\n|-damage|p1a: The King|83\/100\n|\n|upkeep\n|turn|14\n|c|\u2606godiamsosorry|I led Zoro,,,\n|c|\u2606Pickedman|oh\n|\n|t:|1698635489\n|switch|p2a: Weezing|Weezing-Galar, M|100\/100\n|move|p1a: The King|Thunder Wave|p2a: Weezing\n|-status|p2a: Weezing|par\n|\n|upkeep\n|turn|15\n|c|\u2606Pickedman|lmao\n|\n|t:|1698635499\n|switch|p2a: Shaymin|Shaymin|100\/100\n|move|p1a: The King|Chilly Reception|p1a: The King\n|-weather|Snow\n|\n|t:|1698635504\n|switch|p1a: PunchWithNoFalcon|Palafin, M|100\/100|[from] Chilly Reception\n|\n|-weather|Snow|[upkeep]\n|upkeep\n|turn|16\n|\n|t:|1698635520\n|detailschange|p1a: PunchWithNoFalcon|Palafin-Hero, M\n|switch|p1a: FalconWithNoPunch|Shaymin-Sky|4\/100\n|move|p2a: Shaymin|U-turn|p1a: FalconWithNoPunch\n|-damage|p1a: FalconWithNoPunch|0 fnt\n|faint|p1a: FalconWithNoPunch\n|\n|t:|1698635532\n|switch|p2a: Weezing|Weezing-Galar, M|100\/100 par|[from] U-turn\n|\n|-weather|Snow|[upkeep]\n|upkeep\n|\n|t:|1698635548\n|switch|p1a: PunchWithNoFalcon|Palafin-Hero, M|100\/100\n|-activate|p1a: PunchWithNoFalcon|ability: Zero to Hero\n|turn|17\n|\n|t:|1698635564\n|move|p1a: PunchWithNoFalcon|Hydro Pump|p2a: Weezing\n|-damage|p2a: Weezing|34\/100 par\n|move|p2a: Weezing|Strange Steam|p1a: PunchWithNoFalcon\n|-damage|p1a: PunchWithNoFalcon|72\/100\n|\n|-weather|Snow|[upkeep]\n|-heal|p2a: Weezing|40\/100 par|[from] item: Leftovers\n|upkeep\n|turn|18\n|\n|t:|1698635569\n|move|p1a: PunchWithNoFalcon|Hydro Pump|p2a: Weezing\n|-damage|p2a: Weezing|0 fnt\n|faint|p2a: Weezing\n|\n|-weather|Snow|[upkeep]\n|upkeep\n|\n|t:|1698635573\n|switch|p2a: Ditto|Ditto, tera:Poison|62\/100\n|-transform|p2a: Ditto|p1a: PunchWithNoFalcon|[from] ability: Imposter\n|turn|19\n|\n|t:|1698635579\n|move|p2a: Ditto|Boomburst|p1a: PunchWithNoFalcon\n|-damage|p1a: PunchWithNoFalcon|24\/100\n|move|p1a: PunchWithNoFalcon|Hydro Pump|p2a: Ditto\n|-damage|p2a: Ditto|0 fnt\n|faint|p2a: Ditto\n|\n|-weather|none\n|upkeep\n|\n|t:|1698635584\n|switch|p2a: Shaymin|Shaymin|100\/100\n|turn|20\n|\n|t:|1698635589\n|switch|p1a: The Jester|Slowbro-Galar, F|18\/100\n|move|p2a: Shaymin|Earth Power|p1a: The Jester\n|-supereffective|p1a: The Jester\n|-damage|p1a: The Jester|0 fnt\n|faint|p1a: The Jester\n|\n|upkeep\n|\n|t:|1698635592\n|switch|p1a: The King|Slowking-Galar, M|100\/100\n|turn|21\n|\n|t:|1698635595\n|move|p2a: Shaymin|Earth Power|p1a: The King\n|-supereffective|p1a: The King\n|-damage|p1a: The King|56\/100\n|-unboost|p1a: The King|spd|1\n|move|p1a: The King|Thunder Wave|p2a: Shaymin\n|-status|p2a: Shaymin|par\n|\n|upkeep\n|turn|22\n|\n|t:|1698635602\n|move|p2a: Shaymin|Earth Power|p1a: The King\n|-supereffective|p1a: The King\n|-damage|p1a: The King|0 fnt\n|faint|p1a: The King\n|\n|upkeep\n|\n|t:|1698635605\n|switch|p1a: PunchWithNoFalcon|Palafin-Hero, M|24\/100\n|turn|23\n|\n|t:|1698635616\n|move|p1a: PunchWithNoFalcon|Draining Kiss|p2a: Shaymin\n|-damage|p2a: Shaymin|78\/100 par\n|-heal|p1a: PunchWithNoFalcon|41\/100|[from] drain|[of] p2a: Shaymin\n|move|p2a: Shaymin|Earth Power|p1a: PunchWithNoFalcon\n|-damage|p1a: PunchWithNoFalcon|1\/100\n|\n|upkeep\n|turn|24\n|\n|t:|1698635620\n|move|p1a: PunchWithNoFalcon|Draining Kiss|p2a: Shaymin\n|-damage|p2a: Shaymin|54\/100 par\n|-heal|p1a: PunchWithNoFalcon|19\/100|[from] drain|[of] p2a: Shaymin\n|move|p2a: Shaymin|Earth Power|p1a: PunchWithNoFalcon\n|-damage|p1a: PunchWithNoFalcon|0 fnt\n|faint|p1a: PunchWithNoFalcon\n|\n|win|godiamsosorry\n|c|\u2606Pickedman|gg\n|l|\u2606Pickedman\n|c|\u2606godiamsosorry|Gg,,,\n","uploadtime":1698635630,"views":11,"p1id":"pickedman","p2id":"godiamsosorry","formatid":"gen9ubers","rating":0,"private":0,"password":""}