{"id":"gen9ubers-1983487474","p1":"natorsa","p2":"matorsa","format":"[Gen 9] Ubers","log":"|j|\u2606natorsa\n|j|\u2606matorsa\n|t:|1699135432\n|gametype|singles\n|player|p1|natorsa|1|\n|player|p2|matorsa|102|\n|teamsize|p1|6\n|teamsize|p2|6\n|gen|9\n|tier|[Gen 9] Ubers\n|rule|Sleep Clause Mod: Limit one foe put to sleep\n|rule|Species Clause: Limit one of each Pok\u00e9mon\n|rule|OHKO Clause: OHKO moves are banned\n|rule|Evasion Items Clause: Evasion items are banned\n|rule|Evasion Moves Clause: Evasion moves are banned\n|rule|Endless Battle Clause: Forcing endless battles is banned\n|rule|HP Percentage Mod: HP is shown in percentages\n|clearpoke\n|poke|p1|Dipplin, F|\n|poke|p1|Vikavolt, M|\n|poke|p1|Poliwrath, F|\n|poke|p1|Arcanine, F|\n|poke|p1|Golem, F|\n|poke|p1|Staraptor, F|\n|poke|p2|Skeledirge, F|\n|poke|p2|Tinkaton, F|\n|poke|p2|Toedscruel, M|\n|poke|p2|Dondozo, F|\n|poke|p2|Bellibolt, M|\n|poke|p2|Flamigo, F|\n|teampreview\n|\n|t:|1699135445\n|start\n|switch|p1a: Dipplin|Dipplin, F|100\/100\n|switch|p2a: Dondozo|Dondozo, F|100\/100\n|turn|1\n|\n|t:|1699135451\n|move|p1a: Dipplin|Leaf Storm|p2a: Dondozo\n|-supereffective|p2a: Dondozo\n|-damage|p2a: Dondozo|36\/100\n|-unboost|p1a: Dipplin|spa|2\n|move|p2a: Dondozo|Avalanche|p1a: Dipplin\n|-supereffective|p1a: Dipplin\n|-damage|p1a: Dipplin|0 fnt\n|faint|p1a: Dipplin\n|\n|upkeep\n|\n|t:|1699135464\n|switch|p1a: Vikavolt|Vikavolt, M|100\/100\n|turn|2\n|\n|t:|1699135482\n|move|p1a: Vikavolt|Thunderbolt|p2a: Dondozo\n|-supereffective|p2a: Dondozo\n|-damage|p2a: Dondozo|0 fnt\n|faint|p2a: Dondozo\n|-damage|p1a: Vikavolt|91\/100|[from] item: Life Orb\n|\n|upkeep\n|\n|t:|1699135490\n|switch|p2a: Skeledirge|Skeledirge, F|100\/100\n|turn|3\n|\n|t:|1699135502\n|switch|p1a: Poliwrath|Poliwrath, F|100\/100\n|move|p2a: Skeledirge|Will-O-Wisp|p1a: Poliwrath\n|-status|p1a: Poliwrath|brn\n|\n|-damage|p1a: Poliwrath|94\/100 brn|[from] brn\n|upkeep\n|turn|4\n|\n|t:|1699135522\n|switch|p2a: Toedscruel|Toedscruel, M|100\/100\n|move|p1a: Poliwrath|Earthquake|p2a: Toedscruel\n|-resisted|p2a: Toedscruel\n|-damage|p2a: Toedscruel|89\/100\n|\n|-damage|p1a: Poliwrath|88\/100 brn|[from] brn\n|upkeep\n|turn|5\n|\n|t:|1699135530\n|switch|p1a: Arcanine|Arcanine, F|100\/100\n|-ability|p1a: Arcanine|Intimidate|boost\n|-unboost|p2a: Toedscruel|atk|1\n|move|p2a: Toedscruel|Earth Power|p1a: Arcanine\n|-supereffective|p1a: Arcanine\n|-damage|p1a: Arcanine|0 fnt\n|faint|p1a: Arcanine\n|-damage|p2a: Toedscruel|79\/100|[from] item: Life Orb\n|\n|upkeep\n|\n|t:|1699135538\n|switch|p1a: Staraptor|Staraptor, F|100\/100\n|turn|6\n|\n|t:|1699135549\n|switch|p2a: Tinkaton|Tinkaton, F|100\/100\n|-ability|p2a: Tinkaton|Mold Breaker\n|move|p1a: Staraptor|Brave Bird|p2a: Tinkaton\n|-resisted|p2a: Tinkaton\n|-damage|p2a: Tinkaton|45\/100\n|-enditem|p2a: Tinkaton|Sitrus Berry|[eat]\n|-heal|p2a: Tinkaton|70\/100|[from] item: Sitrus Berry\n|-damage|p1a: Staraptor|79\/100|[from] Recoil\n|-damage|p1a: Staraptor|69\/100|[from] item: Life Orb\n|\n|upkeep\n|turn|7\n|\n|t:|1699135556\n|move|p2a: Tinkaton|Fake Out|p1a: Staraptor\n|-damage|p1a: Staraptor|54\/100\n|cant|p1a: Staraptor|flinch\n|\n|upkeep\n|turn|8\n|\n|t:|1699135564\n|move|p1a: Staraptor|Brave Bird|p2a: Tinkaton\n|-resisted|p2a: Tinkaton\n|-damage|p2a: Tinkaton|16\/100\n|-damage|p1a: Staraptor|33\/100|[from] Recoil\n|-damage|p1a: Staraptor|23\/100|[from] item: Life Orb\n|move|p2a: Tinkaton|Gigaton Hammer|p1a: Staraptor\n|-damage|p1a: Staraptor|0 fnt\n|faint|p1a: Staraptor\n|\n|upkeep\n|\n|t:|1699135576\n|switch|p1a: Golem|Golem, F|100\/100\n|turn|9\n|\n|t:|1699135589\n|move|p2a: Tinkaton|Play Rough|p1a: Golem\n|-damage|p1a: Golem|75\/100\n|move|p1a: Golem|Body Press|p2a: Tinkaton\n|-damage|p2a: Tinkaton|0 fnt\n|faint|p2a: Tinkaton\n|\n|-heal|p1a: Golem|81\/100|[from] item: Leftovers\n|upkeep\n|\n|t:|1699135603\n|switch|p2a: Toedscruel|Toedscruel, M|79\/100\n|turn|10\n|\n|t:|1699135611\n|switch|p1a: Vikavolt|Vikavolt, M|91\/100\n|move|p2a: Toedscruel|Dazzling Gleam|p1a: Vikavolt\n|-damage|p1a: Vikavolt|61\/100\n|-damage|p2a: Toedscruel|69\/100|[from] item: Life Orb\n|\n|upkeep\n|turn|11\n|\n|t:|1699135624\n|switch|p2a: Bellibolt|Bellibolt, M|100\/100\n|move|p1a: Vikavolt|Bug Buzz|p2a: Bellibolt\n|-damage|p2a: Bellibolt|35\/100\n|-start|p2a: Bellibolt|Charge|Bug Buzz|[from] ability: Electromorphosis\n|-enditem|p2a: Bellibolt|Sitrus Berry|[eat]\n|-heal|p2a: Bellibolt|60\/100|[from] item: Sitrus Berry\n|-damage|p1a: Vikavolt|52\/100|[from] item: Life Orb\n|\n|upkeep\n|turn|12\n|\n|t:|1699135629\n|move|p2a: Bellibolt|Hyper Voice|p1a: Vikavolt\n|-damage|p1a: Vikavolt|22\/100\n|move|p1a: Vikavolt|Bug Buzz|p2a: Bellibolt\n|-damage|p2a: Bellibolt|0 fnt\n|faint|p2a: Bellibolt\n|-damage|p1a: Vikavolt|12\/100|[from] item: Life Orb\n|\n|upkeep\n|\n|t:|1699135632\n|switch|p2a: Flamigo|Flamigo, F|100\/100\n|turn|13\n|\n|t:|1699135635\n|switch|p1a: Golem|Golem, F|81\/100\n|move|p2a: Flamigo|Close Combat|p1a: Golem\n|-supereffective|p1a: Golem\n|-damage|p1a: Golem|0 fnt\n|-unboost|p2a: Flamigo|def|1\n|-unboost|p2a: Flamigo|spd|1\n|faint|p1a: Golem\n|\n|upkeep\n|\n|t:|1699135640\n|switch|p1a: Poliwrath|Poliwrath, F|88\/100 brn\n|turn|14\n|\n|t:|1699135646\n|move|p2a: Flamigo|Brave Bird|p1a: Poliwrath\n|-supereffective|p1a: Poliwrath\n|-damage|p1a: Poliwrath|0 fnt\n|faint|p1a: Poliwrath\n|-damage|p2a: Flamigo|64\/100|[from] Recoil\n|\n|upkeep\n|\n|t:|1699135650\n|switch|p1a: Vikavolt|Vikavolt, M|12\/100\n|turn|15\n|\n|t:|1699135656\n|move|p2a: Flamigo|Brave Bird|p1a: Vikavolt\n|-damage|p1a: Vikavolt|0 fnt\n|faint|p1a: Vikavolt\n|-damage|p2a: Flamigo|60\/100|[from] Recoil\n|\n|win|matorsa\n","uploadtime":1699135661,"views":7,"p1id":"natorsa","p2id":"matorsa","formatid":"gen9ubers","rating":0,"private":0,"password":""}