{"id":"gen9ubers-1979085810","p1":"HelloThereMites","p2":"didact_re","format":"[Gen 9] Ubers","log":"|j|\u2606HelloThereMites\n|j|\u2606didact_re\n|t:|1698630335\n|gametype|singles\n|player|p1|HelloThereMites|larry|1165\n|player|p2|didact_re|morty-masters|1013\n|teamsize|p1|6\n|teamsize|p2|6\n|gen|9\n|tier|[Gen 9] Ubers\n|rated|\n|rule|Sleep Clause Mod: Limit one foe put to sleep\n|rule|Species Clause: Limit one of each Pok\u00e9mon\n|rule|OHKO Clause: OHKO moves are banned\n|rule|Evasion Items Clause: Evasion items are banned\n|rule|Evasion Moves Clause: Evasion moves are banned\n|rule|Endless Battle Clause: Forcing endless battles is banned\n|rule|HP Percentage Mod: HP is shown in percentages\n|clearpoke\n|poke|p1|Ogerpon-Hearthflame, F|\n|poke|p1|Zacian-*|\n|poke|p1|Flutter Mane|\n|poke|p1|Iron Bundle|\n|poke|p1|Chien-Pao|\n|poke|p1|Koraidon|\n|poke|p2|Glimmora, F|\n|poke|p2|Gothitelle, M|\n|poke|p2|Basculegion, M|\n|poke|p2|Pawmot, F|\n|poke|p2|Annihilape, F|\n|poke|p2|Typhlosion-Hisui, M|\n|teampreview\n|inactive|Battle timer is ON: inactive players will automatically lose when time's up. (requested by HelloThereMites)\n|\n|t:|1698630364\n|start\n|switch|p1a: Ogerpon|Ogerpon-Hearthflame, F|100\/100\n|switch|p2a: Glimmora|Glimmora, F|100\/100\n|-ability|p1a: Ogerpon|Mold Breaker\n|-item|p2a: Glimmora|Air Balloon\n|turn|1\n|\n|t:|1698630372\n|move|p1a: Ogerpon|Swords Dance|p1a: Ogerpon\n|-boost|p1a: Ogerpon|atk|2\n|move|p2a: Glimmora|Power Gem|p1a: Ogerpon\n|-supereffective|p1a: Ogerpon\n|-damage|p1a: Ogerpon|0 fnt\n|faint|p1a: Ogerpon\n|\n|upkeep\n|\n|t:|1698630385\n|switch|p1a: Chien-Pao|Chien-Pao|100\/100\n|-ability|p1a: Chien-Pao|Sword of Ruin\n|turn|2\n|\n|t:|1698630389\n|move|p1a: Chien-Pao|Icicle Crash|p2a: Glimmora\n|-damage|p2a: Glimmora|29\/100\n|-activate|p2a: Glimmora|ability: Toxic Debris\n|-sidestart|p1: HelloThereMites|move: Toxic Spikes\n|-enditem|p2a: Glimmora|Air Balloon\n|cant|p2a: Glimmora|flinch\n|\n|upkeep\n|turn|3\n|\n|t:|1698630398\n|move|p1a: Chien-Pao|Sacred Sword|p2a: Glimmora\n|-damage|p2a: Glimmora|0 fnt\n|-activate|p2a: Glimmora|ability: Toxic Debris\n|-sidestart|p1: HelloThereMites|move: Toxic Spikes\n|faint|p2a: Glimmora\n|\n|upkeep\n|\n|t:|1698630405\n|switch|p2a: Gothitelle|Gothitelle, M|100\/100\n|turn|4\n|\n|t:|1698630410\n|move|p1a: Chien-Pao|Crunch|p2a: Gothitelle\n|-supereffective|p2a: Gothitelle\n|-damage|p2a: Gothitelle|20\/100\n|move|p2a: Gothitelle|Calm Mind|p2a: Gothitelle\n|-boost|p2a: Gothitelle|spa|1\n|-boost|p2a: Gothitelle|spd|1\n|\n|-heal|p2a: Gothitelle|26\/100|[from] item: Leftovers\n|upkeep\n|turn|5\n|\n|t:|1698630419\n|move|p1a: Chien-Pao|Ice Shard|p2a: Gothitelle\n|-damage|p2a: Gothitelle|5\/100\n|move|p2a: Gothitelle|Rest|p2a: Gothitelle\n|-status|p2a: Gothitelle|slp|[from] move: Rest\n|-heal|p2a: Gothitelle|100\/100 slp|[silent]\n|\n|upkeep\n|turn|6\n|\n|t:|1698630430\n|switch|p2a: Pawmot|Pawmot, F|100\/100\n|move|p1a: Chien-Pao|Crunch|p2a: Pawmot\n|-resisted|p2a: Pawmot\n|-damage|p2a: Pawmot|64\/100\n|\n|upkeep\n|turn|7\n|\n|t:|1698630443\n|move|p1a: Chien-Pao|Icicle Crash|p2a: Pawmot\n|-damage|p2a: Pawmot|0 fnt\n|faint|p2a: Pawmot\n|\n|upkeep\n|\n|t:|1698630451\n|switch|p2a: Annihilape|Annihilape, F|100\/100\n|turn|8\n|\n|t:|1698630456\n|move|p1a: Chien-Pao|Crunch|p2a: Annihilape\n|-damage|p2a: Annihilape|48\/100\n|-unboost|p2a: Annihilape|def|1\n|-ability|p2a: Annihilape|Defiant|boost\n|-boost|p2a: Annihilape|atk|2\n|move|p2a: Annihilape|Drain Punch|p1a: Chien-Pao\n|-supereffective|p1a: Chien-Pao\n|-damage|p1a: Chien-Pao|0 fnt\n|-heal|p2a: Annihilape|84\/100|[from] drain|[of] p1a: Chien-Pao\n|faint|p1a: Chien-Pao\n|\n|-heal|p2a: Annihilape|90\/100|[from] item: Leftovers\n|upkeep\n|\n|t:|1698630468\n|switch|p1a: Dog|Zacian-Crowned|100\/100\n|-ability|p1a: Dog|Intrepid Sword|boost\n|-boost|p1a: Dog|atk|1\n|turn|9\n|\n|t:|1698630476\n|move|p1a: Dog|Play Rough|p2a: Annihilape\n|-supereffective|p2a: Annihilape\n|-damage|p2a: Annihilape|0 fnt\n|faint|p2a: Annihilape\n|\n|upkeep\n|\n|t:|1698630481\n|switch|p2a: Typhlosion|Typhlosion-Hisui, M|100\/100\n|turn|10\n|\n|t:|1698630487\n|-terastallize|p2a: Typhlosion|Fire\n|move|p2a: Typhlosion|Eruption|p1a: Dog\n|-supereffective|p1a: Dog\n|-damage|p1a: Dog|0 fnt\n|faint|p1a: Dog\n|\n|upkeep\n|\n|t:|1698630495\n|switch|p1a: Mr. Popper|Iron Bundle, shiny|100\/100\n|turn|11\n|\n|t:|1698630500\n|move|p2a: Typhlosion|Eruption|p1a: Mr. Popper\n|-damage|p1a: Mr. Popper|0 fnt\n|faint|p1a: Mr. Popper\n|-end|p1a: Mr. Popper|Quark Drive|[silent]\n|\n|upkeep\n|\n|t:|1698630524\n|switch|p1a: Koraidon|Koraidon|100\/100\n|-status|p1a: Koraidon|tox\n|-weather|SunnyDay|[from] ability: Orichalcum Pulse|[of] p1a: Koraidon\n|-activate|p1a: Koraidon|Orichalcum Pulse|[source]\n|turn|12\n|\n|t:|1698630531\n|move|p2a: Typhlosion|Eruption|p1a: Koraidon\n|-resisted|p1a: Koraidon\n|-damage|p1a: Koraidon|26\/100 tox\n|move|p1a: Koraidon|Collision Course|p2a: Typhlosion\n|-damage|p2a: Typhlosion|1\/100\n|\n|-weather|SunnyDay|[upkeep]\n|-heal|p1a: Koraidon|32\/100 tox|[from] item: Leftovers\n|-damage|p1a: Koraidon|26\/100 tox|[from] psn\n|upkeep\n|turn|13\n|\n|t:|1698630545\n|move|p2a: Typhlosion|Eruption|p1a: Koraidon\n|-resisted|p1a: Koraidon\n|-damage|p1a: Koraidon|25\/100 tox\n|move|p1a: Koraidon|Flame Charge|p2a: Typhlosion\n|-resisted|p2a: Typhlosion\n|-damage|p2a: Typhlosion|0 fnt\n|-boost|p1a: Koraidon|spe|1\n|faint|p2a: Typhlosion\n|\n|-weather|SunnyDay|[upkeep]\n|-heal|p1a: Koraidon|31\/100 tox|[from] item: Leftovers\n|-damage|p1a: Koraidon|19\/100 tox|[from] psn\n|upkeep\n|\n|t:|1698630557\n|switch|p2a: Gothitelle|Gothitelle, M|100\/100 slp\n|turn|14\n|\n|t:|1698630569\n|move|p1a: Koraidon|Dragon Claw|p2a: Gothitelle\n|-damage|p2a: Gothitelle|58\/100 slp\n|cant|p2a: Gothitelle|slp\n|move|p2a: Gothitelle|Sleep Talk|p2a: Gothitelle\n|move|p2a: Gothitelle|Stored Power|p1a: Koraidon|[from]move: Sleep Talk\n|-supereffective|p1a: Koraidon\n|-damage|p1a: Koraidon|6\/100 tox\n|\n|-weather|SunnyDay|[upkeep]\n|-heal|p1a: Koraidon|12\/100 tox|[from] item: Leftovers\n|-heal|p2a: Gothitelle|64\/100 slp|[from] item: Leftovers\n|-damage|p1a: Koraidon|0 fnt|[from] psn\n|faint|p1a: Koraidon\n|upkeep\n|\n|t:|1698630582\n|switch|p1a: Flutter Mane|Flutter Mane|100\/100\n|-status|p1a: Flutter Mane|tox\n|-activate|p1a: Flutter Mane|ability: Protosynthesis\n|-start|p1a: Flutter Mane|protosynthesisspe\n|turn|15\n|\n|t:|1698630591\n|move|p1a: Flutter Mane|Shadow Ball|p2a: Gothitelle\n|-supereffective|p2a: Gothitelle\n|-damage|p2a: Gothitelle|0 fnt\n|faint|p2a: Gothitelle\n|-damage|p1a: Flutter Mane|91\/100 tox|[from] item: Life Orb\n|\n|-weather|SunnyDay|[upkeep]\n|-damage|p1a: Flutter Mane|85\/100 tox|[from] psn\n|upkeep\n|\n|t:|1698630599\n|switch|p2a: Basculegion|Basculegion, M|100\/100\n|turn|16\n|\n|t:|1698630604\n|move|p1a: Flutter Mane|Thunderbolt|p2a: Basculegion\n|-supereffective|p2a: Basculegion\n|-damage|p2a: Basculegion|41\/100\n|-damage|p1a: Flutter Mane|75\/100 tox|[from] item: Life Orb\n|move|p2a: Basculegion|Last Respects|p1a: Flutter Mane\n|-supereffective|p1a: Flutter Mane\n|-damage|p1a: Flutter Mane|0 fnt\n|faint|p1a: Flutter Mane\n|-end|p1a: Flutter Mane|Protosynthesis|[silent]\n|\n|win|didact_re\n|raw|HelloThereMites's rating: 1165 &rarr; <strong>1130<\/strong><br \/>(-35 for losing)\n|raw|didact_re's rating: 1013 &rarr; <strong>1067<\/strong><br \/>(+54 for winning)\n|c|\u2606didact_re|gg\n|c|\u2606HelloThereMites|gg\n|l|\u2606didact_re\n|c|\u2606HelloThereMites|i shoulve used shadow ball\n","uploadtime":1698630626,"views":8,"p1id":"hellotheremites","p2id":"didactre","formatid":"gen9ubers","rating":1067,"private":0,"password":""}