{"id":"gen9ubers-1981414837","p1":"Kate","p2":"Future king of ou","format":"[Gen 9] Ubers","log":"|j|\u2606Kate\n|j|\u2606Future king of ou\n|t:|1698893239\n|gametype|singles\n|player|p1|Kate|#kate|\n|player|p2|Future king of ou|mela|\n|teamsize|p1|6\n|teamsize|p2|6\n|gen|9\n|tier|[Gen 9] Ubers\n|rated|Tournament battle\n|rule|Sleep Clause Mod: Limit one foe put to sleep\n|rule|Species Clause: Limit one of each Pok\u00e9mon\n|rule|OHKO Clause: OHKO moves are banned\n|rule|Evasion Items Clause: Evasion items are banned\n|rule|Evasion Moves Clause: Evasion moves are banned\n|rule|Endless Battle Clause: Forcing endless battles is banned\n|rule|HP Percentage Mod: HP is shown in percentages\n|clearpoke\n|poke|p1|Arceus|\n|poke|p1|Giratina-Origin|\n|poke|p1|Diancie|\n|poke|p1|Gliscor, F|\n|poke|p1|Koraidon|\n|poke|p1|Gholdengo|\n|poke|p2|Landorus-Therian, M|\n|poke|p2|Toxapex, F|\n|poke|p2|Arceus|\n|poke|p2|Koraidon|\n|poke|p2|Ting-Lu|\n|poke|p2|Flutter Mane|\n|teampreview\n|c|\u2606Future king of ou|Hf\n|\n|t:|1698893256\n|start\n|switch|p1a: Gliscor|Gliscor, F|100\/100\n|switch|p2a: Koraidon|Koraidon|100\/100\n|-weather|SunnyDay|[from] ability: Orichalcum Pulse|[of] p2a: Koraidon\n|-activate|p2a: Koraidon|Orichalcum Pulse|[source]\n|turn|1\n|\n|t:|1698893261\n|move|p2a: Koraidon|U-turn|p1a: Gliscor\n|-resisted|p1a: Gliscor\n|-damage|p1a: Gliscor|89\/100\n|j| ZowwyCafe\u2764\n|\n|t:|1698893263\n|switch|p2a: Landorus|Landorus-Therian, M|100\/100|[from] U-turn\n|-ability|p2a: Landorus|Intimidate|boost\n|-unboost|p1a: Gliscor|atk|1\n|move|p1a: Gliscor|Toxic|p2a: Landorus\n|-status|p2a: Landorus|tox\n|\n|-weather|SunnyDay|[upkeep]\n|-damage|p2a: Landorus|94\/100 tox|[from] psn\n|-status|p1a: Gliscor|tox|[from] item: Toxic Orb\n|upkeep\n|turn|2\n|\n|t:|1698893265\n|move|p1a: Gliscor|Toxic Spikes|p2a: Landorus\n|-sidestart|p2: Future king of ou|move: Toxic Spikes\n|move|p2a: Landorus|Stealth Rock|p1a: Gliscor\n|-sidestart|p1: Kate|move: Stealth Rock\n|\n|-weather|SunnyDay|[upkeep]\n|-heal|p2a: Landorus|100\/100 tox|[from] item: Leftovers\n|-heal|p1a: Gliscor|100\/100 tox|[from] ability: Poison Heal\n|-damage|p2a: Landorus|88\/100 tox|[from] psn\n|upkeep\n|turn|3\n|\n|t:|1698893270\n|switch|p1a: Giratina|Giratina-Origin|100\/100\n|-damage|p1a: Giratina|88\/100|[from] Stealth Rock\n|move|p2a: Landorus|U-turn|p1a: Giratina\n|-resisted|p1a: Giratina\n|-damage|p1a: Giratina|83\/100\n|\n|t:|1698893273\n|switch|p2a: Toxapex|Toxapex, F|100\/100|[from] U-turn\n|-sideend|p2: Future king of ou|move: Toxic Spikes|[of] p2a: Toxapex\n|\n|-weather|SunnyDay|[upkeep]\n|upkeep\n|turn|4\n|\n|t:|1698893276\n|move|p1a: Giratina|Will-O-Wisp|p2a: Toxapex\n|-status|p2a: Toxapex|brn\n|move|p2a: Toxapex|Toxic Spikes|p1a: Giratina\n|-sidestart|p1: Kate|move: Toxic Spikes\n|\n|-weather|SunnyDay|[upkeep]\n|-damage|p2a: Toxapex|94\/100 brn|[from] brn\n|upkeep\n|turn|5\n|\n|t:|1698893280\n|move|p1a: Giratina|Defog|p2a: Toxapex\n|-unboost|p2a: Toxapex|evasion|1\n|-sideend|p1: Kate|Toxic Spikes|[from] move: Defog|[of] p1a: Giratina\n|-sideend|p1: Kate|Stealth Rock|[from] move: Defog|[of] p1a: Giratina\n|move|p2a: Toxapex|Toxic|p1a: Giratina\n|-status|p1a: Giratina|tox\n|\n|-weather|none\n|-damage|p1a: Giratina|77\/100 tox|[from] psn\n|-damage|p2a: Toxapex|88\/100 brn|[from] brn\n|upkeep\n|turn|6\n|\n|t:|1698893283\n|move|p1a: Giratina|Hex|p2a: Toxapex\n|-damage|p2a: Toxapex|37\/100 brn\n|move|p2a: Toxapex|Toxic Spikes|p1a: Giratina\n|-sidestart|p1: Kate|move: Toxic Spikes\n|\n|-damage|p1a: Giratina|64\/100 tox|[from] psn\n|-damage|p2a: Toxapex|30\/100 brn|[from] brn\n|upkeep\n|turn|7\n|\n|t:|1698893287\n|switch|p2a: Ting-Lu|Ting-Lu|100\/100\n|-ability|p2a: Ting-Lu|Vessel of Ruin\n|move|p1a: Giratina|Defog|p2a: Ting-Lu\n|-unboost|p2a: Ting-Lu|evasion|1\n|-sideend|p1: Kate|Toxic Spikes|[from] move: Defog|[of] p1a: Giratina\n|\n|-damage|p1a: Giratina|46\/100 tox|[from] psn\n|upkeep\n|turn|8\n|j| the zest of lies\n|j|%Taka\n|\n|t:|1698893292\n|switch|p1a: Gliscor|Gliscor, F|100\/100 tox\n|switch|p2a: Toxapex|Toxapex, F|64\/100 brn\n|\n|-damage|p2a: Toxapex|57\/100 brn|[from] brn\n|upkeep\n|turn|9\n|\n|t:|1698893298\n|switch|p2a: Landorus|Landorus-Therian, M|88\/100 tox\n|-ability|p2a: Landorus|Intimidate|boost\n|-unboost|p1a: Gliscor|atk|1\n|move|p1a: Gliscor|Earthquake|p2a: Landorus\n|-immune|p2a: Landorus\n|\n|-heal|p2a: Landorus|94\/100 tox|[from] item: Leftovers\n|-damage|p2a: Landorus|88\/100 tox|[from] psn\n|upkeep\n|turn|10\n|\n|t:|1698893308\n|move|p1a: Gliscor|Toxic Spikes|p2a: Landorus\n|-sidestart|p2: Future king of ou|move: Toxic Spikes\n|move|p2a: Landorus|Stealth Rock|p1a: Gliscor\n|-sidestart|p1: Kate|move: Stealth Rock\n|\n|-heal|p2a: Landorus|94\/100 tox|[from] item: Leftovers\n|-damage|p2a: Landorus|82\/100 tox|[from] psn\n|upkeep\n|turn|11\n|\n|t:|1698893311\n|move|p1a: Gliscor|Protect|p1a: Gliscor\n|-singleturn|p1a: Gliscor|Protect\n|move|p2a: Landorus|Taunt|p1a: Gliscor\n|-activate|p1a: Gliscor|move: Protect\n|\n|-heal|p2a: Landorus|88\/100 tox|[from] item: Leftovers\n|-damage|p2a: Landorus|70\/100 tox|[from] psn\n|upkeep\n|turn|12\n|\n|t:|1698893315\n|move|p1a: Gliscor|Protect||[still]\n|-fail|p1a: Gliscor\n|move|p2a: Landorus|Taunt|p1a: Gliscor\n|-start|p1a: Gliscor|move: Taunt\n|\n|-heal|p2a: Landorus|76\/100 tox|[from] item: Leftovers\n|-damage|p2a: Landorus|52\/100 tox|[from] psn\n|upkeep\n|turn|13\n|\n|t:|1698893319\n|switch|p1a: Diancie|Diancie|100\/100\n|-damage|p1a: Diancie|88\/100|[from] Stealth Rock\n|move|p2a: Landorus|U-turn|p1a: Diancie\n|-resisted|p1a: Diancie\n|-damage|p1a: Diancie|82\/100\n|-damage|p2a: Landorus|36\/100 tox|[from] item: Rocky Helmet|[of] p1a: Diancie\n|j| LeBarBURR2\n|\n|t:|1698893321\n|switch|p2a: Toxapex|Toxapex, F|91\/100 brn|[from] U-turn\n|-sideend|p2: Future king of ou|move: Toxic Spikes|[of] p2a: Toxapex\n|\n|-damage|p2a: Toxapex|84\/100 brn|[from] brn\n|upkeep\n|turn|14\n|\n|t:|1698893326\n|switch|p2a: Arceus|Arceus|100\/100\n|move|p1a: Diancie|Stealth Rock|p2a: Arceus\n|-sidestart|p2: Future king of ou|move: Stealth Rock\n|\n|upkeep\n|turn|15\n|\n|t:|1698893330\n|move|p2a: Arceus|Swords Dance|p2a: Arceus\n|-boost|p2a: Arceus|atk|2\n|move|p1a: Diancie|Moonblast|p2a: Arceus\n|-damage|p2a: Arceus|78\/100\n|-unboost|p2a: Arceus|spa|1\n|\n|upkeep\n|turn|16\n|\n|t:|1698893332\n|move|p2a: Arceus|Shadow Claw|p1a: Diancie\n|-damage|p1a: Diancie|48\/100\n|-damage|p2a: Arceus|62\/100|[from] item: Rocky Helmet|[of] p1a: Diancie\n|move|p1a: Diancie|Encore|p2a: Arceus\n|-start|p2a: Arceus|Encore\n|\n|upkeep\n|turn|17\n|\n|t:|1698893335\n|switch|p1a: Arceus|Arceus|100\/100\n|-damage|p1a: Arceus|88\/100|[from] Stealth Rock\n|move|p2a: Arceus|Shadow Claw|p1a: Arceus\n|-immune|p1a: Arceus\n|\n|-heal|p1a: Arceus|94\/100|[from] item: Leftovers\n|upkeep\n|turn|18\n|\n|t:|1698893341\n|switch|p2a: Toxapex|Toxapex, F|100\/100 brn\n|move|p1a: Arceus|Calm Mind|p1a: Arceus\n|-boost|p1a: Arceus|spa|1\n|-boost|p1a: Arceus|spd|1\n|\n|-heal|p1a: Arceus|100\/100|[from] item: Leftovers\n|-damage|p2a: Toxapex|94\/100 brn|[from] brn\n|upkeep\n|turn|19\n|j| Primordiallite\n|\n|t:|1698893345\n|move|p1a: Arceus|Substitute|p1a: Arceus\n|-start|p1a: Arceus|Substitute\n|-damage|p1a: Arceus|76\/100\n|move|p2a: Toxapex|Toxic||[still]\n|-fail|p2a: Toxapex\n|\n|-heal|p1a: Arceus|82\/100|[from] item: Leftovers\n|-damage|p2a: Toxapex|88\/100 brn|[from] brn\n|upkeep\n|turn|20\n|\n|t:|1698893348\n|move|p1a: Arceus|Tera Blast|p2a: Toxapex\n|-damage|p2a: Toxapex|42\/100 brn\n|move|p2a: Toxapex|Haze|p2a: Toxapex\n|-clearallboost\n|\n|-heal|p1a: Arceus|88\/100|[from] item: Leftovers\n|-damage|p2a: Toxapex|35\/100 brn|[from] brn\n|upkeep\n|turn|21\n|\n|t:|1698893351\n|move|p1a: Arceus|Calm Mind|p1a: Arceus\n|-boost|p1a: Arceus|spa|1\n|-boost|p1a: Arceus|spd|1\n|move|p2a: Toxapex|Recover|p2a: Toxapex\n|-heal|p2a: Toxapex|85\/100 brn\n|\n|-heal|p1a: Arceus|94\/100|[from] item: Leftovers\n|-damage|p2a: Toxapex|79\/100 brn|[from] brn\n|upkeep\n|turn|22\n|\n|t:|1698893354\n|move|p1a: Arceus|Tera Blast|p2a: Toxapex\n|-damage|p2a: Toxapex|38\/100 brn\n|move|p2a: Toxapex|Haze|p2a: Toxapex\n|-clearallboost\n|\n|-heal|p1a: Arceus|99\/100|[from] item: Leftovers\n|-damage|p2a: Toxapex|32\/100 brn|[from] brn\n|upkeep\n|turn|23\n|\n|t:|1698893357\n|move|p1a: Arceus|Calm Mind|p1a: Arceus\n|-boost|p1a: Arceus|spa|1\n|-boost|p1a: Arceus|spd|1\n|move|p2a: Toxapex|Recover|p2a: Toxapex\n|-heal|p2a: Toxapex|82\/100 brn\n|\n|-heal|p1a: Arceus|100\/100|[from] item: Leftovers\n|-damage|p2a: Toxapex|76\/100 brn|[from] brn\n|upkeep\n|turn|24\n|\n|t:|1698893360\n|move|p1a: Arceus|Tera Blast|p2a: Toxapex\n|-damage|p2a: Toxapex|29\/100 brn\n|move|p2a: Toxapex|Recover|p2a: Toxapex\n|-heal|p2a: Toxapex|79\/100 brn\n|\n|-damage|p2a: Toxapex|73\/100 brn|[from] brn\n|upkeep\n|turn|25\n|\n|t:|1698893362\n|move|p1a: Arceus|Tera Blast|p2a: Toxapex\n|-damage|p2a: Toxapex|29\/100 brn\n|move|p2a: Toxapex|Haze|p2a: Toxapex\n|-clearallboost\n|\n|-damage|p2a: Toxapex|23\/100 brn|[from] brn\n|upkeep\n|turn|26\n|\n|t:|1698893366\n|move|p1a: Arceus|Tera Blast|p2a: Toxapex\n|-damage|p2a: Toxapex|0 fnt\n|faint|p2a: Toxapex\n|\n|upkeep\n|\n|t:|1698893369\n|switch|p2a: Ting-Lu|Ting-Lu|100\/100\n|-damage|p2a: Ting-Lu|94\/100|[from] Stealth Rock\n|-ability|p2a: Ting-Lu|Vessel of Ruin\n|turn|27\n|\n|t:|1698893372\n|move|p1a: Arceus|Roar|p2a: Ting-Lu\n|drag|p2a: Flutter Mane|Flutter Mane|100\/100\n|-damage|p2a: Flutter Mane|88\/100|[from] Stealth Rock\n|\n|upkeep\n|turn|28\n|j| s3rp3rior\n|\n|t:|1698893381\n|move|p2a: Flutter Mane|Shadow Ball|p1a: Arceus\n|-immune|p1a: Arceus\n|move|p1a: Arceus|Roar|p2a: Flutter Mane\n|-end|p2a: Flutter Mane|Protosynthesis|[silent]\n|drag|p2a: Landorus|Landorus-Therian, M|36\/100 tox\n|-damage|p2a: Landorus|23\/100 tox|[from] Stealth Rock\n|-ability|p2a: Landorus|Intimidate|boost\n|-immune|p1a: Arceus\n|\n|-heal|p2a: Landorus|29\/100 tox|[from] item: Leftovers\n|-damage|p2a: Landorus|23\/100 tox|[from] psn\n|upkeep\n|turn|29\n|\n|t:|1698893385\n|move|p1a: Arceus|Tera Blast|p2a: Landorus\n|-damage|p2a: Landorus|0 fnt\n|faint|p2a: Landorus\n|\n|upkeep\n|\n|t:|1698893388\n|switch|p2a: Koraidon|Koraidon|100\/100\n|-damage|p2a: Koraidon|94\/100|[from] Stealth Rock\n|-weather|SunnyDay|[from] ability: Orichalcum Pulse|[of] p2a: Koraidon\n|-activate|p2a: Koraidon|Orichalcum Pulse|[source]\n|turn|30\n|\n|t:|1698893390\n|move|p2a: Koraidon|Close Combat|p1a: Arceus\n|-supereffective|p1a: Arceus\n|-end|p1a: Arceus|Substitute\n|-unboost|p2a: Koraidon|def|1\n|-unboost|p2a: Koraidon|spd|1\n|move|p1a: Arceus|Roar|p2a: Koraidon\n|drag|p2a: Flutter Mane|Flutter Mane|88\/100\n|-damage|p2a: Flutter Mane|76\/100|[from] Stealth Rock\n|-activate|p2a: Flutter Mane|ability: Protosynthesis\n|-start|p2a: Flutter Mane|protosynthesisspe\n|\n|-weather|SunnyDay|[upkeep]\n|upkeep\n|turn|31\n|\n|t:|1698893394\n|switch|p1a: Gholdengo|Gholdengo|100\/100\n|-damage|p1a: Gholdengo|94\/100|[from] Stealth Rock\n|-item|p1a: Gholdengo|Air Balloon\n|-terastallize|p2a: Flutter Mane|Fairy\n|move|p2a: Flutter Mane|Moonblast|p1a: Gholdengo\n|-resisted|p1a: Gholdengo\n|-damage|p1a: Gholdengo|53\/100\n|-enditem|p1a: Gholdengo|Air Balloon\n|\n|-weather|SunnyDay|[upkeep]\n|upkeep\n|turn|32\n|\n|t:|1698893397\n|-end|p2a: Flutter Mane|Protosynthesis|[silent]\n|switch|p2a: Ting-Lu|Ting-Lu|94\/100\n|-damage|p2a: Ting-Lu|88\/100|[from] Stealth Rock\n|-ability|p2a: Ting-Lu|Vessel of Ruin\n|move|p1a: Gholdengo|Recover|p1a: Gholdengo\n|-heal|p1a: Gholdengo|100\/100\n|\n|-weather|SunnyDay|[upkeep]\n|-heal|p2a: Ting-Lu|94\/100|[from] item: Leftovers\n|upkeep\n|turn|33\n|\n|t:|1698893400\n|switch|p1a: Gliscor|Gliscor, F|100\/100 tox\n|-damage|p1a: Gliscor|88\/100 tox|[from] Stealth Rock\n|move|p2a: Ting-Lu|Payback|p1a: Gliscor\n|-damage|p1a: Gliscor|77\/100 tox\n|\n|-weather|SunnyDay|[upkeep]\n|-heal|p2a: Ting-Lu|100\/100|[from] item: Leftovers\n|-heal|p1a: Gliscor|89\/100 tox|[from] ability: Poison Heal\n|upkeep\n|turn|34\n|\n|t:|1698893401\n|move|p1a: Gliscor|Toxic Spikes|p2a: Ting-Lu\n|-sidestart|p2: Future king of ou|move: Toxic Spikes\n|move|p2a: Ting-Lu|Taunt|p1a: Gliscor\n|-start|p1a: Gliscor|move: Taunt\n|\n|-weather|none\n|-heal|p1a: Gliscor|100\/100 tox|[from] ability: Poison Heal\n|upkeep\n|turn|35\n|\n|t:|1698893405\n|move|p1a: Gliscor|Earthquake|p2a: Ting-Lu\n|-damage|p2a: Ting-Lu|81\/100\n|move|p2a: Ting-Lu|Spikes|p1a: Gliscor\n|-sidestart|p1: Kate|Spikes\n|\n|-heal|p2a: Ting-Lu|87\/100|[from] item: Leftovers\n|upkeep\n|turn|36\n|\n|t:|1698893407\n|move|p1a: Gliscor|Earthquake|p2a: Ting-Lu\n|-damage|p2a: Ting-Lu|69\/100\n|move|p2a: Ting-Lu|Spikes|p1a: Gliscor\n|-sidestart|p1: Kate|Spikes\n|\n|-heal|p2a: Ting-Lu|75\/100|[from] item: Leftovers\n|upkeep\n|turn|37\n|\n|t:|1698893410\n|move|p1a: Gliscor|Earthquake|p2a: Ting-Lu\n|-damage|p2a: Ting-Lu|58\/100\n|move|p2a: Ting-Lu|Whirlwind|p1a: Gliscor\n|drag|p1a: Arceus|Arceus|100\/100\n|-damage|p1a: Arceus|88\/100|[from] Stealth Rock\n|-damage|p1a: Arceus|72\/100|[from] Spikes\n|\n|-heal|p1a: Arceus|78\/100|[from] item: Leftovers\n|-heal|p2a: Ting-Lu|64\/100|[from] item: Leftovers\n|upkeep\n|turn|38\n|\n|t:|1698893415\n|move|p1a: Arceus|Calm Mind|p1a: Arceus\n|-boost|p1a: Arceus|spa|1\n|-boost|p1a: Arceus|spd|1\n|move|p2a: Ting-Lu|Taunt|p1a: Arceus\n|-start|p1a: Arceus|move: Taunt\n|\n|-heal|p1a: Arceus|84\/100|[from] item: Leftovers\n|-heal|p2a: Ting-Lu|70\/100|[from] item: Leftovers\n|upkeep\n|turn|39\n|\n|t:|1698893418\n|move|p1a: Arceus|Tera Blast|p2a: Ting-Lu\n|-damage|p2a: Ting-Lu|48\/100\n|move|p2a: Ting-Lu|Spikes|p1a: Arceus\n|-sidestart|p1: Kate|Spikes\n|\n|-heal|p1a: Arceus|90\/100|[from] item: Leftovers\n|-heal|p2a: Ting-Lu|54\/100|[from] item: Leftovers\n|upkeep\n|turn|40\n|\n|t:|1698893423\n|move|p1a: Arceus|Tera Blast|p2a: Ting-Lu\n|-damage|p2a: Ting-Lu|33\/100\n|move|p2a: Ting-Lu|Whirlwind|p1a: Arceus\n|drag|p1a: Koraidon|Koraidon|100\/100\n|-damage|p1a: Koraidon|94\/100|[from] Stealth Rock\n|-damage|p1a: Koraidon|69\/100|[from] Spikes\n|-weather|SunnyDay|[from] ability: Orichalcum Pulse|[of] p1a: Koraidon\n|-activate|p1a: Koraidon|Orichalcum Pulse|[source]\n|\n|-weather|SunnyDay|[upkeep]\n|-heal|p2a: Ting-Lu|39\/100|[from] item: Leftovers\n|upkeep\n|turn|41\n|\n|t:|1698893429\n|move|p1a: Koraidon|Flare Blitz|p2a: Ting-Lu\n|-damage|p2a: Ting-Lu|0 fnt\n|faint|p2a: Ting-Lu\n|-damage|p1a: Koraidon|50\/100|[from] Recoil\n|\n|-weather|SunnyDay|[upkeep]\n|upkeep\n|l| the zest of lies\n|\n|t:|1698893433\n|switch|p2a: Flutter Mane|Flutter Mane, tera:Fairy|76\/100\n|-damage|p2a: Flutter Mane|63\/100|[from] Stealth Rock\n|-status|p2a: Flutter Mane|psn\n|-activate|p2a: Flutter Mane|ability: Protosynthesis\n|-start|p2a: Flutter Mane|protosynthesisspe\n|turn|42\n|\n|t:|1698893435\n|move|p2a: Flutter Mane|Moonblast|p1a: Koraidon\n|-supereffective|p1a: Koraidon\n|-damage|p1a: Koraidon|0 fnt\n|faint|p1a: Koraidon\n|\n|-weather|SunnyDay|[upkeep]\n|-damage|p2a: Flutter Mane|51\/100 psn|[from] psn\n|upkeep\n|\n|t:|1698893440\n|switch|p1a: Gholdengo|Gholdengo|100\/100\n|-damage|p1a: Gholdengo|94\/100|[from] Stealth Rock\n|-damage|p1a: Gholdengo|70\/100|[from] Spikes\n|turn|43\n|\n|t:|1698893446\n|-end|p2a: Flutter Mane|Protosynthesis|[silent]\n|switch|p2a: Arceus|Arceus|62\/100\n|move|p1a: Gholdengo|Recover|p1a: Gholdengo\n|-heal|p1a: Gholdengo|100\/100\n|\n|-weather|SunnyDay|[upkeep]\n|upkeep\n|turn|44\n|\n|t:|1698893454\n|switch|p1a: Gliscor|Gliscor, F|100\/100 tox\n|-damage|p1a: Gliscor|88\/100 tox|[from] Stealth Rock\n|move|p2a: Arceus|Swords Dance|p2a: Arceus\n|-boost|p2a: Arceus|atk|2\n|\n|-weather|none\n|-heal|p1a: Gliscor|100\/100 tox|[from] ability: Poison Heal\n|upkeep\n|turn|45\n|\n|t:|1698893457\n|move|p2a: Arceus|Extreme Speed|p1a: Gliscor\n|-damage|p1a: Gliscor|47\/100 tox\n|move|p1a: Gliscor|Toxic|p2a: Arceus\n|-status|p2a: Arceus|tox\n|\n|-damage|p2a: Arceus|56\/100 tox|[from] psn\n|-heal|p1a: Gliscor|59\/100 tox|[from] ability: Poison Heal\n|upkeep\n|turn|46\n|\n|t:|1698893461\n|switch|p2a: Koraidon|Koraidon|94\/100\n|-damage|p2a: Koraidon|88\/100|[from] Stealth Rock\n|-status|p2a: Koraidon|psn\n|-weather|SunnyDay|[from] ability: Orichalcum Pulse|[of] p2a: Koraidon\n|-activate|p2a: Koraidon|Orichalcum Pulse|[source]\n|move|p1a: Gliscor|Earthquake|p2a: Koraidon\n|-damage|p2a: Koraidon|58\/100 psn\n|\n|-weather|SunnyDay|[upkeep]\n|-damage|p2a: Koraidon|46\/100 psn|[from] psn\n|-heal|p1a: Gliscor|72\/100 tox|[from] ability: Poison Heal\n|upkeep\n|turn|47\n|\n|t:|1698893466\n|move|p1a: Gliscor|Protect|p1a: Gliscor\n|-singleturn|p1a: Gliscor|Protect\n|move|p2a: Koraidon|Flare Blitz|p1a: Gliscor\n|-activate|p1a: Gliscor|move: Protect\n|\n|-weather|SunnyDay|[upkeep]\n|-damage|p2a: Koraidon|33\/100 psn|[from] psn\n|-heal|p1a: Gliscor|84\/100 tox|[from] ability: Poison Heal\n|upkeep\n|turn|48\n|\n|t:|1698893469\n|switch|p1a: Diancie|Diancie|48\/100\n|-damage|p1a: Diancie|36\/100|[from] Stealth Rock\n|-damage|p1a: Diancie|11\/100|[from] Spikes\n|move|p2a: Koraidon|Flare Blitz|p1a: Diancie\n|-resisted|p1a: Diancie\n|-crit|p1a: Diancie\n|-damage|p1a: Diancie|0 fnt\n|-damage|p2a: Koraidon|17\/100 psn|[from] item: Rocky Helmet|[of] p1a: Diancie\n|faint|p1a: Diancie\n|-damage|p2a: Koraidon|14\/100 psn|[from] Recoil\n|\n|-weather|SunnyDay|[upkeep]\n|-damage|p2a: Koraidon|1\/100 psn|[from] psn\n|upkeep\n|\n|t:|1698893473\n|switch|p1a: Gliscor|Gliscor, F|84\/100 tox\n|-damage|p1a: Gliscor|72\/100 tox|[from] Stealth Rock\n|turn|49\n|\n|t:|1698893476\n|move|p1a: Gliscor|Protect|p1a: Gliscor\n|-singleturn|p1a: Gliscor|Protect\n|move|p2a: Koraidon|Flare Blitz|p1a: Gliscor\n|-activate|p1a: Gliscor|move: Protect\n|\n|-weather|SunnyDay|[upkeep]\n|-damage|p2a: Koraidon|0 fnt|[from] psn\n|faint|p2a: Koraidon\n|-heal|p1a: Gliscor|84\/100 tox|[from] ability: Poison Heal\n|upkeep\n|\n|t:|1698893478\n|switch|p2a: Flutter Mane|Flutter Mane, tera:Fairy|51\/100 psn\n|-damage|p2a: Flutter Mane|39\/100 psn|[from] Stealth Rock\n|-activate|p2a: Flutter Mane|ability: Protosynthesis\n|-start|p2a: Flutter Mane|protosynthesisspe\n|turn|50\n|\n|t:|1698893481\n|switch|p1a: Giratina|Giratina-Origin|46\/100 tox\n|-damage|p1a: Giratina|33\/100 tox|[from] Stealth Rock\n|move|p2a: Flutter Mane|Moonblast|p1a: Giratina\n|-supereffective|p1a: Giratina\n|-damage|p1a: Giratina|0 fnt\n|faint|p1a: Giratina\n|\n|-weather|none\n|-end|p2a: Flutter Mane|Protosynthesis\n|-damage|p2a: Flutter Mane|26\/100 psn|[from] psn\n|upkeep\n|\n|t:|1698893489\n|switch|p1a: Gholdengo|Gholdengo|100\/100\n|-damage|p1a: Gholdengo|94\/100|[from] Stealth Rock\n|-damage|p1a: Gholdengo|70\/100|[from] Spikes\n|turn|51\n|j| Aleiraelyn\n|\n|t:|1698893494\n|-end|p2a: Flutter Mane|Protosynthesis|[silent]\n|switch|p2a: Arceus|Arceus|56\/100 tox\n|move|p1a: Gholdengo|Psyshock|p2a: Arceus\n|-damage|p2a: Arceus|39\/100 tox\n|\n|-damage|p2a: Arceus|33\/100 tox|[from] psn\n|upkeep\n|turn|52\n|\n|t:|1698893501\n|switch|p2a: Flutter Mane|Flutter Mane, tera:Fairy|26\/100 psn\n|-damage|p2a: Flutter Mane|14\/100 psn|[from] Stealth Rock\n|move|p1a: Gholdengo|Recover|p1a: Gholdengo\n|-heal|p1a: Gholdengo|100\/100\n|\n|-damage|p2a: Flutter Mane|2\/100 psn|[from] psn\n|upkeep\n|turn|53\n|\n|t:|1698893506\n|move|p2a: Flutter Mane|Shadow Ball|p1a: Gholdengo\n|-supereffective|p1a: Gholdengo\n|-damage|p1a: Gholdengo|5\/100\n|move|p1a: Gholdengo|Psyshock|p2a: Flutter Mane\n|-damage|p2a: Flutter Mane|0 fnt\n|faint|p2a: Flutter Mane\n|-end|p2a: Flutter Mane|Protosynthesis|[silent]\n|\n|upkeep\n|\n|t:|1698893507\n|switch|p2a: Arceus|Arceus|33\/100 tox\n|turn|54\n|\n|t:|1698893510\n|move|p2a: Arceus|Recover|p2a: Arceus\n|-heal|p2a: Arceus|83\/100 tox\n|move|p1a: Gholdengo|Psyshock|p2a: Arceus\n|-damage|p2a: Arceus|66\/100 tox\n|\n|-damage|p2a: Arceus|60\/100 tox|[from] psn\n|upkeep\n|turn|55\n|\n|t:|1698893515\n|move|p2a: Arceus|Shadow Claw|p1a: Gholdengo\n|-supereffective|p1a: Gholdengo\n|-damage|p1a: Gholdengo|0 fnt\n|faint|p1a: Gholdengo\n|\n|-damage|p2a: Arceus|48\/100 tox|[from] psn\n|upkeep\n|\n|t:|1698893518\n|switch|p1a: Gliscor|Gliscor, F|84\/100 tox\n|-damage|p1a: Gliscor|72\/100 tox|[from] Stealth Rock\n|turn|56\n|\n|t:|1698893529\n|move|p2a: Arceus|Swords Dance|p2a: Arceus\n|-boost|p2a: Arceus|atk|2\n|move|p1a: Gliscor|Earthquake|p2a: Arceus\n|-damage|p2a: Arceus|26\/100 tox\n|\n|-damage|p2a: Arceus|8\/100 tox|[from] psn\n|-heal|p1a: Gliscor|84\/100 tox|[from] ability: Poison Heal\n|upkeep\n|turn|57\n|\n|t:|1698893532\n|move|p2a: Arceus|Recover|p2a: Arceus\n|-heal|p2a: Arceus|58\/100 tox\n|move|p1a: Gliscor|Earthquake|p2a: Arceus\n|-damage|p2a: Arceus|36\/100 tox\n|\n|-damage|p2a: Arceus|12\/100 tox|[from] psn\n|-heal|p1a: Gliscor|97\/100 tox|[from] ability: Poison Heal\n|upkeep\n|turn|58\n|\n|t:|1698893535\n|move|p1a: Gliscor|Protect|p1a: Gliscor\n|-singleturn|p1a: Gliscor|Protect\n|move|p2a: Arceus|Extreme Speed|p1a: Gliscor\n|-activate|p1a: Gliscor|move: Protect\n|\n|-damage|p2a: Arceus|0 fnt|[from] psn\n|faint|p2a: Arceus\n|\n|win|Kate\n|upkeep\n|n|\u2606Kate|kate\n|n|\u2606Future king of ou|futurekingofou\n|n| ZowwyCafe\u2764|zowwycafe\n|n| Taka|taka\n|n| LeBarBURR2|lebarburr2\n|n| Primordiallite|primordiallite\n|n| s3rp3rior|s3rp3rior\n|n| Aleiraelyn|aleiraelyn\n|c|\u2606Future king of ou|Ggs\n|l|\u2606Kate\n|l| Taka\n","uploadtime":1698893545,"views":38,"p1id":"kate","p2id":"futurekingofou","formatid":"gen9ubers","rating":0,"private":0,"password":""}