{"id":"gen9ubers-1984301086","p1":"gottagonotsofast","p2":"Charbotron","format":"[Gen 9] Ubers","log":"|j|\u2606gottagonotsofast\n|j|\u2606Charbotron\n|t:|1699240888\n|gametype|singles\n|player|p1|gottagonotsofast|2|\n|player|p2|Charbotron|170|\n|teamsize|p1|6\n|teamsize|p2|6\n|gen|9\n|tier|[Gen 9] Ubers\n|rule|Sleep Clause Mod: Limit one foe put to sleep\n|rule|Species Clause: Limit one of each Pok\u00e9mon\n|rule|OHKO Clause: OHKO moves are banned\n|rule|Evasion Items Clause: Evasion items are banned\n|rule|Evasion Moves Clause: Evasion moves are banned\n|rule|Endless Battle Clause: Forcing endless battles is banned\n|rule|HP Percentage Mod: HP is shown in percentages\n|clearpoke\n|poke|p1|Kingambit, M|\n|poke|p1|Ribombee, F|\n|poke|p1|Moltres|\n|poke|p1|Ogerpon-Wellspring, F|\n|poke|p1|Poliwrath, M|\n|poke|p1|Landorus, M|\n|poke|p2|Slither Wing|\n|poke|p2|Corviknight, M|\n|poke|p2|Torkoal, F|\n|poke|p2|Walking Wake|\n|poke|p2|Great Tusk|\n|poke|p2|Iron Moth|\n|teampreview\n|j| rustygoomba\n|\n|t:|1699240915\n|start\n|switch|p1a: Landorus|Landorus, M|100\/100\n|switch|p2a: Torkoal|Torkoal, F|100\/100\n|-weather|SunnyDay|[from] ability: Drought|[of] p2a: Torkoal\n|turn|1\n|\n|t:|1699241009\n|switch|p1a: Moltres|Moltres|100\/100\n|switch|p2a: Great Tusk|Great Tusk|100\/100\n|-activate|p2a: Great Tusk|ability: Protosynthesis\n|-start|p2a: Great Tusk|protosynthesisatk\n|\n|-weather|SunnyDay|[upkeep]\n|upkeep\n|turn|2\n|\n|t:|1699241050\n|move|p1a: Moltres|Will-O-Wisp|p2a: Great Tusk\n|-status|p2a: Great Tusk|brn\n|move|p2a: Great Tusk|Rock Slide|p1a: Moltres\n|-supereffective|p1a: Moltres\n|-damage|p1a: Moltres|33\/100\n|\n|-weather|SunnyDay|[upkeep]\n|-damage|p2a: Great Tusk|94\/100 brn|[from] brn\n|upkeep\n|turn|3\n|\n|t:|1699241068\n|move|p1a: Moltres|Roost|p1a: Moltres\n|-heal|p1a: Moltres|83\/100\n|-singleturn|p1a: Moltres|move: Roost\n|move|p2a: Great Tusk|Rock Slide|p1a: Moltres\n|-supereffective|p1a: Moltres\n|-damage|p1a: Moltres|48\/100\n|\n|-weather|SunnyDay|[upkeep]\n|-damage|p2a: Great Tusk|88\/100 brn|[from] brn\n|upkeep\n|turn|4\n|\n|t:|1699241089\n|switch|p1a: Poliwrath|Poliwrath, M|100\/100\n|-end|p2a: Great Tusk|Protosynthesis|[silent]\n|switch|p2a: Walking Wake|Walking Wake|100\/100\n|-activate|p2a: Walking Wake|ability: Protosynthesis\n|-start|p2a: Walking Wake|protosynthesisspe\n|\n|-weather|SunnyDay|[upkeep]\n|upkeep\n|turn|5\n|\n|t:|1699241145\n|move|p2a: Walking Wake|Dragon Pulse|p1a: Poliwrath\n|-damage|p1a: Poliwrath|47\/100\n|-damage|p2a: Walking Wake|91\/100|[from] item: Life Orb\n|move|p1a: Poliwrath|Rain Dance|p1a: Poliwrath\n|-weather|RainDance\n|-end|p2a: Walking Wake|Protosynthesis\n|\n|-weather|RainDance|[upkeep]\n|upkeep\n|turn|6\n|\n|t:|1699241155\n|move|p1a: Poliwrath|Drain Punch|p2a: Walking Wake\n|-damage|p2a: Walking Wake|63\/100\n|-heal|p1a: Poliwrath|59\/100|[from] drain|[of] p2a: Walking Wake\n|move|p2a: Walking Wake|Dragon Pulse|p1a: Poliwrath\n|-damage|p1a: Poliwrath|8\/100\n|-damage|p2a: Walking Wake|53\/100|[from] item: Life Orb\n|\n|-weather|RainDance|[upkeep]\n|upkeep\n|turn|7\n|\n|t:|1699241173\n|move|p1a: Poliwrath|Close Combat|p2a: Walking Wake\n|-damage|p2a: Walking Wake|12\/100\n|-unboost|p1a: Poliwrath|def|1\n|-unboost|p1a: Poliwrath|spd|1\n|move|p2a: Walking Wake|Dragon Pulse|p1a: Poliwrath\n|-damage|p1a: Poliwrath|0 fnt\n|faint|p1a: Poliwrath\n|-damage|p2a: Walking Wake|2\/100|[from] item: Life Orb\n|\n|-weather|RainDance|[upkeep]\n|upkeep\n|c| rustygoomba|holy crap the tech\n|c| rustygoomba|i just realized\n|\n|t:|1699241190\n|switch|p1a: Ribombee|Ribombee, F|100\/100\n|turn|8\n|c| rustygoomba|he set up his own swift swim AND got rid of weather\n|\n|t:|1699241222\n|-end|p2a: Walking Wake|Protosynthesis|[silent]\n|switch|p2a: Torkoal|Torkoal, F|100\/100\n|-weather|SunnyDay|[from] ability: Drought|[of] p2a: Torkoal\n|move|p1a: Ribombee|U-turn|p2a: Torkoal\n|-resisted|p2a: Torkoal\n|-damage|p2a: Torkoal|96\/100\n|\n|t:|1699241227\n|switch|p1a: Landorus|Landorus, M|100\/100|[from] U-turn\n|\n|-weather|SunnyDay|[upkeep]\n|upkeep\n|turn|9\n|\n|t:|1699241294\n|switch|p2a: Walking Wake|Walking Wake|2\/100\n|-activate|p2a: Walking Wake|ability: Protosynthesis\n|-start|p2a: Walking Wake|protosynthesisspe\n|move|p1a: Landorus|Calm Mind|p1a: Landorus\n|-boost|p1a: Landorus|spa|1\n|-boost|p1a: Landorus|spd|1\n|\n|-weather|SunnyDay|[upkeep]\n|upkeep\n|turn|10\n|\n|t:|1699241321\n|move|p2a: Walking Wake|Hydro Steam|p1a: Landorus\n|-supereffective|p1a: Landorus\n|-damage|p1a: Landorus|0 fnt\n|faint|p1a: Landorus\n|-damage|p2a: Walking Wake|0 fnt|[from] item: Life Orb\n|faint|p2a: Walking Wake\n|-end|p2a: Walking Wake|Protosynthesis|[silent]\n|\n|-weather|SunnyDay|[upkeep]\n|upkeep\n|\n|t:|1699241374\n|switch|p2a: Corviknight|Corviknight, M|100\/100\n|switch|p1a: Moltres|Moltres|48\/100\n|turn|11\n|\n|t:|1699241440\n|move|p1a: Moltres|Flamethrower|p2a: Corviknight\n|-supereffective|p2a: Corviknight\n|-damage|p2a: Corviknight|10\/100\n|move|p2a: Corviknight|Body Press|p1a: Moltres\n|-resisted|p1a: Moltres\n|-damage|p1a: Moltres|39\/100\n|\n|-weather|SunnyDay|[upkeep]\n|-heal|p2a: Corviknight|17\/100|[from] item: Leftovers\n|upkeep\n|turn|12\n|\n|t:|1699241468\n|switch|p2a: Torkoal|Torkoal, F|96\/100\n|move|p1a: Moltres|Roost|p1a: Moltres\n|-heal|p1a: Moltres|89\/100\n|-singleturn|p1a: Moltres|move: Roost\n|\n|-weather|SunnyDay|[upkeep]\n|upkeep\n|turn|13\n|\n|t:|1699241499\n|move|p1a: Moltres|Flamethrower|p2a: Torkoal\n|-resisted|p2a: Torkoal\n|-damage|p2a: Torkoal|54\/100\n|move|p2a: Torkoal|Stealth Rock|p1a: Moltres\n|-sidestart|p1: gottagonotsofast|move: Stealth Rock\n|\n|-weather|SunnyDay|[upkeep]\n|upkeep\n|turn|14\n|\n|t:|1699241508\n|move|p1a: Moltres|Flamethrower|p2a: Torkoal\n|-resisted|p2a: Torkoal\n|-damage|p2a: Torkoal|14\/100\n|move|p2a: Torkoal|Eruption|p1a: Moltres\n|-resisted|p1a: Moltres\n|-damage|p1a: Moltres|84\/100\n|\n|-weather|SunnyDay|[upkeep]\n|upkeep\n|turn|15\n|\n|t:|1699241564\n|move|p1a: Moltres|Flamethrower|p2a: Torkoal\n|-resisted|p2a: Torkoal\n|-damage|p2a: Torkoal|0 fnt\n|faint|p2a: Torkoal\n|\n|-weather|none\n|upkeep\n|\n|t:|1699241578\n|switch|p2a: Iron Moth|Iron Moth|100\/100\n|turn|16\n|\n|t:|1699241588\n|move|p2a: Iron Moth|Discharge|p1a: Moltres\n|-supereffective|p1a: Moltres\n|-damage|p1a: Moltres|31\/100\n|move|p1a: Moltres|Hurricane|p2a: Iron Moth\n|-damage|p2a: Iron Moth|46\/100\n|\n|upkeep\n|turn|17\n|\n|t:|1699241601\n|move|p2a: Iron Moth|Discharge|p1a: Moltres\n|-supereffective|p1a: Moltres\n|-damage|p1a: Moltres|0 fnt\n|faint|p1a: Moltres\n|\n|upkeep\n|\n|t:|1699241604\n|switch|p1a: Ribombee|Ribombee, F|100\/100\n|-damage|p1a: Ribombee|76\/100|[from] Stealth Rock\n|turn|18\n|\n|t:|1699241658\n|move|p2a: Iron Moth|Discharge|p1a: Ribombee\n|-damage|p1a: Ribombee|20\/100\n|move|p1a: Ribombee|Sticky Web|p2a: Iron Moth\n|-sidestart|p2: Charbotron|move: Sticky Web\n|\n|upkeep\n|turn|19\n|\n|t:|1699241681\n|move|p2a: Iron Moth|Discharge|p1a: Ribombee\n|-damage|p1a: Ribombee|0 fnt\n|faint|p1a: Ribombee\n|\n|upkeep\n|\n|t:|1699241685\n|switch|p1a: Kingambit|Kingambit, M|100\/100\n|-damage|p1a: Kingambit|94\/100|[from] Stealth Rock\n|-activate|p1a: Kingambit|ability: Supreme Overlord\n|-start|p1a: Kingambit|fallen4|[silent]\n|turn|20\n|\n|t:|1699241703\n|move|p2a: Iron Moth|Discharge|p1a: Kingambit\n|-damage|p1a: Kingambit|62\/100\n|move|p1a: Kingambit|Kowtow Cleave|p2a: Iron Moth\n|-damage|p2a: Iron Moth|0 fnt\n|faint|p2a: Iron Moth\n|-end|p2a: Iron Moth|Quark Drive|[silent]\n|\n|-heal|p1a: Kingambit|68\/100|[from] item: Leftovers\n|upkeep\n|\n|t:|1699241734\n|switch|p2a: Slither Wing|Slither Wing|100\/100\n|-activate|p2a: Slither Wing|move: Sticky Web\n|-unboost|p2a: Slither Wing|spe|1\n|-enditem|p2a: Slither Wing|Booster Energy\n|-activate|p2a: Slither Wing|ability: Protosynthesis|[fromitem]\n|-start|p2a: Slither Wing|protosynthesisatk\n|turn|21\n|\n|t:|1699241752\n|-terastallize|p1a: Kingambit|Flying\n|move|p2a: Slither Wing|Close Combat|p1a: Kingambit\n|-resisted|p1a: Kingambit\n|-damage|p1a: Kingambit|34\/100\n|-unboost|p2a: Slither Wing|def|1\n|-unboost|p2a: Slither Wing|spd|1\n|move|p1a: Kingambit|Iron Head|p2a: Slither Wing\n|-damage|p2a: Slither Wing|0 fnt\n|faint|p2a: Slither Wing\n|-end|p2a: Slither Wing|Protosynthesis|[silent]\n|\n|-heal|p1a: Kingambit|40\/100|[from] item: Leftovers\n|upkeep\n|\n|t:|1699241764\n|switch|p2a: Great Tusk|Great Tusk|88\/100 brn\n|-activate|p2a: Great Tusk|move: Sticky Web\n|-unboost|p2a: Great Tusk|spe|1\n|turn|22\n|\n|t:|1699241781\n|move|p1a: Kingambit|Sucker Punch|p2a: Great Tusk\n|-resisted|p2a: Great Tusk\n|-damage|p2a: Great Tusk|67\/100 brn\n|move|p2a: Great Tusk|Close Combat|p1a: Kingambit\n|-resisted|p1a: Kingambit\n|-damage|p1a: Kingambit|28\/100\n|-unboost|p2a: Great Tusk|def|1\n|-unboost|p2a: Great Tusk|spd|1\n|\n|-heal|p1a: Kingambit|34\/100|[from] item: Leftovers\n|-damage|p2a: Great Tusk|61\/100 brn|[from] brn\n|upkeep\n|turn|23\n|\n|t:|1699241811\n|-end|p2a: Great Tusk|Protosynthesis|[silent]\n|switch|p2a: Corviknight|Corviknight, M|17\/100\n|move|p1a: Kingambit|Iron Head|p2a: Corviknight\n|-resisted|p2a: Corviknight\n|-damage|p2a: Corviknight|0 fnt\n|faint|p2a: Corviknight\n|\n|-heal|p1a: Kingambit|40\/100|[from] item: Leftovers\n|upkeep\n|\n|t:|1699241819\n|switch|p2a: Great Tusk|Great Tusk|61\/100 brn\n|-activate|p2a: Great Tusk|move: Sticky Web\n|-unboost|p2a: Great Tusk|spe|1\n|turn|24\n|\n|t:|1699241831\n|move|p2a: Great Tusk|Ice Spinner|p1a: Kingambit\n|-supereffective|p1a: Kingambit\n|-damage|p1a: Kingambit|19\/100\n|move|p1a: Kingambit|Iron Head|p2a: Great Tusk\n|-damage|p2a: Great Tusk|16\/100 brn\n|\n|-heal|p1a: Kingambit|25\/100|[from] item: Leftovers\n|-damage|p2a: Great Tusk|10\/100 brn|[from] brn\n|upkeep\n|turn|25\n|\n|t:|1699241840\n|move|p1a: Kingambit|Sucker Punch|p2a: Great Tusk\n|-resisted|p2a: Great Tusk\n|-crit|p2a: Great Tusk\n|-damage|p2a: Great Tusk|0 fnt\n|faint|p2a: Great Tusk\n|-end|p2a: Great Tusk|Protosynthesis|[silent]\n|\n|win|gottagonotsofast\n|l|\u2606Charbotron\n|l| rustygoomba\n","uploadtime":1699241848,"views":6,"p1id":"gottagonotsofast","p2id":"charbotron","formatid":"gen9ubers","rating":0,"private":0,"password":""}