{"id":"gen9ubers-1977158712","p1":"D02837","p2":"Gneezyb","format":"[Gen 9] Ubers","log":"|j|\u2606D02837\n|j|\u2606Gneezyb\n|t:|1698378753\n|gametype|singles\n|player|p1|D02837|2|1000\n|player|p2|Gneezyb|169|1086\n|teamsize|p1|6\n|teamsize|p2|6\n|gen|9\n|tier|[Gen 9] Ubers\n|rated|\n|rule|Sleep Clause Mod: Limit one foe put to sleep\n|rule|Species Clause: Limit one of each Pok\u00e9mon\n|rule|OHKO Clause: OHKO moves are banned\n|rule|Evasion Items Clause: Evasion items are banned\n|rule|Evasion Moves Clause: Evasion moves are banned\n|rule|Endless Battle Clause: Forcing endless battles is banned\n|rule|HP Percentage Mod: HP is shown in percentages\n|clearpoke\n|poke|p1|Koraidon|\n|poke|p1|Miraidon|\n|poke|p1|Calyrex-Ice|\n|poke|p1|Ribombee, F|\n|poke|p1|Landorus-Therian, M|\n|poke|p1|Zacian-*|\n|poke|p2|Regieleki|\n|poke|p2|Orthworm, F|\n|poke|p2|Volcarona, M|\n|poke|p2|Koraidon|\n|poke|p2|Arceus|\n|poke|p2|Zacian-*|\n|teampreview\n|\n|t:|1698378759\n|start\n|switch|p1a: Beee <3|Ribombee, F, shiny|100\/100\n|switch|p2a: Regieleki|Regieleki, shiny|100\/100\n|turn|1\n|\n|t:|1698378766\n|move|p2a: Regieleki|Light Screen|p2a: Regieleki\n|-sidestart|p2: Gneezyb|move: Light Screen\n|move|p1a: Beee <3|Stun Spore|p2a: Regieleki\n|-immune|p2a: Regieleki\n|\n|upkeep\n|turn|2\n|\n|t:|1698378771\n|move|p2a: Regieleki|Reflect|p2a: Regieleki\n|-sidestart|p2: Gneezyb|Reflect\n|move|p1a: Beee <3|Sticky Web|p2a: Regieleki\n|-sidestart|p2: Gneezyb|move: Sticky Web\n|\n|upkeep\n|turn|3\n|\n|t:|1698378777\n|switch|p1a: King|Landorus-Therian, M, shiny|100\/100\n|-ability|p1a: King|Intimidate|boost\n|-unboost|p2a: Regieleki|atk|1\n|move|p2a: Regieleki|Rapid Spin|p1a: King\n|-damage|p1a: King|91\/100\n|-boost|p2a: Regieleki|spe|1\n|-sideend|p2: Gneezyb|Sticky Web|[from] move: Rapid Spin|[of] p2a: Regieleki\n|\n|upkeep\n|turn|4\n|\n|t:|1698378789\n|switch|p2a: Orthworm|Orthworm, F, shiny|100\/100\n|move|p1a: King|U-turn|p2a: Orthworm\n|-resisted|p2a: Orthworm\n|-damage|p2a: Orthworm|97\/100\n|\n|t:|1698378794\n|switch|p1a: Koraidizzy|Koraidon|100\/100|[from] U-turn\n|-weather|SunnyDay|[from] ability: Orichalcum Pulse|[of] p1a: Koraidizzy\n|-activate|p1a: Koraidizzy|Orichalcum Pulse|[source]\n|\n|-weather|SunnyDay|[upkeep]\n|upkeep\n|turn|5\n|\n|t:|1698378801\n|-terastallize|p2a: Orthworm|Ghost\n|move|p1a: Koraidizzy|Swords Dance|p1a: Koraidizzy\n|-boost|p1a: Koraidizzy|atk|2\n|move|p2a: Orthworm|Shed Tail|p2a: Orthworm\n|-start|p2a: Orthworm|Substitute|[from] move: Shed Tail\n|-damage|p2a: Orthworm|47\/100\n|-enditem|p2a: Orthworm|Sitrus Berry|[eat]\n|-heal|p2a: Orthworm|71\/100|[from] item: Sitrus Berry\n|\n|t:|1698378814\n|switch|p2a: Arceus|Arceus, shiny|100\/100|[from] Shed Tail\n|\n|-weather|SunnyDay|[upkeep]\n|upkeep\n|turn|6\n|\n|t:|1698378818\n|move|p1a: Koraidizzy|Low Kick|p2a: Arceus\n|-supereffective|p2a: Arceus\n|-end|p2a: Arceus|Substitute\n|move|p2a: Arceus|Swords Dance|p2a: Arceus\n|-boost|p2a: Arceus|atk|2\n|\n|-weather|SunnyDay|[upkeep]\n|upkeep\n|turn|7\n|\n|t:|1698378825\n|move|p2a: Arceus|Extreme Speed|p1a: Koraidizzy\n|-damage|p1a: Koraidizzy|3\/100\n|move|p1a: Koraidizzy|Low Kick|p2a: Arceus\n|-supereffective|p2a: Arceus\n|-damage|p2a: Arceus|0 fnt\n|faint|p2a: Arceus\n|\n|-weather|SunnyDay|[upkeep]\n|-heal|p1a: Koraidizzy|9\/100|[from] item: Leftovers\n|upkeep\n|\n|t:|1698378834\n|switch|p2a: Koraidon|Koraidon|100\/100\n|-activate|p2a: Koraidon|ability: Orichalcum Pulse\n|turn|8\n|\n|t:|1698378838\n|switch|p1a: Beee <3|Ribombee, F, shiny|100\/100\n|move|p2a: Koraidon|Flame Charge|p1a: Beee <3\n|-supereffective|p1a: Beee <3\n|-enditem|p1a: Beee <3|Focus Sash\n|-damage|p1a: Beee <3|1\/100\n|-boost|p2a: Koraidon|spe|1\n|\n|-weather|none\n|-sideend|p2: Gneezyb|move: Light Screen\n|upkeep\n|turn|9\n|\n|t:|1698378847\n|switch|p1a: Koraidizzy|Koraidon|9\/100\n|-weather|SunnyDay|[from] ability: Orichalcum Pulse|[of] p1a: Koraidizzy\n|-activate|p1a: Koraidizzy|Orichalcum Pulse|[source]\n|move|p2a: Koraidon|Flame Charge|p1a: Koraidizzy\n|-resisted|p1a: Koraidizzy\n|-damage|p1a: Koraidizzy|0 fnt\n|-boost|p2a: Koraidon|spe|1\n|faint|p1a: Koraidizzy\n|\n|-weather|SunnyDay|[upkeep]\n|-sideend|p2: Gneezyb|Reflect\n|upkeep\n|\n|t:|1698378866\n|switch|p1a: King|Landorus-Therian, M, shiny|91\/100\n|-ability|p1a: King|Intimidate|boost\n|-unboost|p2a: Koraidon|atk|1\n|turn|10\n|\n|t:|1698378875\n|move|p2a: Koraidon|Close Combat|p1a: King\n|-resisted|p1a: King\n|-damage|p1a: King|56\/100\n|-unboost|p2a: Koraidon|def|1\n|-unboost|p2a: Koraidon|spd|1\n|move|p1a: King|U-turn|p2a: Koraidon\n|-resisted|p2a: Koraidon\n|-damage|p2a: Koraidon|84\/100\n|\n|t:|1698378879\n|switch|p1a: De Dog|Zacian-Crowned, shiny|100\/100|[from] U-turn\n|-ability|p1a: De Dog|Intrepid Sword|boost\n|-boost|p1a: De Dog|atk|1\n|\n|-weather|SunnyDay|[upkeep]\n|upkeep\n|turn|11\n|\n|t:|1698378888\n|-terastallize|p1a: De Dog|Fire\n|move|p2a: Koraidon|Flame Charge|p1a: De Dog\n|-resisted|p1a: De Dog\n|-damage|p1a: De Dog|89\/100\n|-boost|p2a: Koraidon|spe|1\n|move|p1a: De Dog|Behemoth Blade|p2a: Koraidon\n|-damage|p2a: Koraidon|0 fnt\n|faint|p2a: Koraidon\n|\n|-weather|SunnyDay|[upkeep]\n|upkeep\n|\n|t:|1698378898\n|switch|p2a: Regieleki|Regieleki, shiny|100\/100\n|turn|12\n|\n|t:|1698378901\n|switch|p1a: King|Landorus-Therian, M, shiny|56\/100\n|-ability|p1a: King|Intimidate|boost\n|-unboost|p2a: Regieleki|atk|1\n|move|p2a: Regieleki|Light Screen|p2a: Regieleki\n|-sidestart|p2: Gneezyb|move: Light Screen\n|\n|-weather|SunnyDay|[upkeep]\n|upkeep\n|turn|13\n|\n|t:|1698378908\n|move|p2a: Regieleki|Reflect|p2a: Regieleki\n|-sidestart|p2: Gneezyb|Reflect\n|move|p1a: King|U-turn|p2a: Regieleki\n|-damage|p2a: Regieleki|79\/100\n|\n|t:|1698378912\n|switch|p1a: De Horse|Calyrex-Ice|100\/100|[from] U-turn\n|-ability|p1a: De Horse|As One\n|-ability|p1a: De Horse|Unnerve\n|\n|-weather|none\n|upkeep\n|turn|14\n|\n|t:|1698378921\n|switch|p2a: Volcarona|Volcarona, M, shiny|100\/100\n|move|p1a: De Horse|Trick|p2a: Volcarona\n|-activate|p1a: De Horse|move: Trick|[of] p2a: Volcarona\n|-item|p2a: Volcarona|Choice Band|[from] move: Trick\n|-item|p1a: De Horse|Heavy-Duty Boots|[from] move: Trick\n|\n|upkeep\n|turn|15\n|\n|t:|1698378933\n|switch|p1a: De Dog|Zacian-Crowned, shiny, tera:Fire|89\/100\n|move|p2a: Volcarona|Fiery Dance|p1a: De Dog\n|-resisted|p1a: De Dog\n|-damage|p1a: De Dog|67\/100\n|-boost|p2a: Volcarona|spa|1\n|\n|upkeep\n|turn|16\n|\n|t:|1698378944\n|move|p1a: De Dog|Swords Dance|p1a: De Dog\n|-boost|p1a: De Dog|atk|2\n|move|p2a: Volcarona|Fiery Dance|p1a: De Dog\n|-resisted|p1a: De Dog\n|-damage|p1a: De Dog|33\/100\n|-boost|p2a: Volcarona|spa|1\n|\n|upkeep\n|turn|17\n|\n|t:|1698378951\n|move|p1a: De Dog|Crunch|p2a: Volcarona\n|-damage|p2a: Volcarona|53\/100\n|-unboost|p2a: Volcarona|def|1\n|move|p2a: Volcarona|Fiery Dance|p1a: De Dog\n|-resisted|p1a: De Dog\n|-damage|p1a: De Dog|0 fnt\n|faint|p1a: De Dog\n|\n|upkeep\n|\n|t:|1698378956\n|switch|p1a: King|Landorus-Therian, M, shiny|56\/100\n|-ability|p1a: King|Intimidate|boost\n|-unboost|p2a: Volcarona|atk|1\n|turn|18\n|\n|t:|1698378961\n|move|p1a: King|Stone Edge|p2a: Volcarona\n|-supereffective|p2a: Volcarona\n|-damage|p2a: Volcarona|0 fnt\n|faint|p2a: Volcarona\n|\n|upkeep\n|\n|t:|1698378967\n|switch|p2a: Orthworm|Orthworm, F, shiny, tera:Ghost|71\/100\n|turn|19\n|\n|t:|1698378970\n|move|p1a: King|Stone Edge|p2a: Orthworm\n|-crit|p2a: Orthworm\n|-damage|p2a: Orthworm|42\/100\n|move|p2a: Orthworm|Shed Tail|p2a: Orthworm\n|-fail|p2a: Orthworm|move: Shed Tail|[weak]\n|\n|-sideend|p2: Gneezyb|move: Light Screen\n|upkeep\n|turn|20\n|\n|t:|1698378977\n|switch|p1a: De Horse|Calyrex-Ice|100\/100\n|-ability|p1a: De Horse|As One\n|-ability|p1a: De Horse|Unnerve\n|move|p2a: Orthworm|Stealth Rock|p1a: De Horse\n|-sidestart|p1: D02837|move: Stealth Rock\n|\n|-sideend|p2: Gneezyb|Reflect\n|upkeep\n|turn|21\n|\n|t:|1698378986\n|move|p1a: De Horse|Glacial Lance|p2a: Orthworm\n|-damage|p2a: Orthworm|0 fnt\n|faint|p2a: Orthworm\n|-ability|p1a: De Horse|Chilling Neigh|boost\n|-boost|p1a: De Horse|atk|1\n|\n|upkeep\n|\n|t:|1698378992\n|switch|p2a: Regieleki|Regieleki, shiny|79\/100\n|turn|22\n|\n|t:|1698378995\n|move|p2a: Regieleki|Light Screen|p2a: Regieleki\n|-sidestart|p2: Gneezyb|move: Light Screen\n|move|p1a: De Horse|High Horsepower|p2a: Regieleki\n|-supereffective|p2a: Regieleki\n|-damage|p2a: Regieleki|0 fnt\n|faint|p2a: Regieleki\n|-ability|p1a: De Horse|Chilling Neigh|boost\n|-boost|p1a: De Horse|atk|1\n|\n|upkeep\n|\n|t:|1698379002\n|switch|p2a: Zacian|Zacian-Crowned|100\/100\n|-ability|p2a: Zacian|Intrepid Sword|boost\n|-boost|p2a: Zacian|atk|1\n|turn|23\n|\n|t:|1698379005\n|move|p2a: Zacian|Behemoth Blade|p1a: De Horse\n|-supereffective|p1a: De Horse\n|-damage|p1a: De Horse|0 fnt\n|faint|p1a: De Horse\n|\n|upkeep\n|\n|t:|1698379008\n|switch|p1a: King|Landorus-Therian, M, shiny|56\/100\n|-damage|p1a: King|44\/100|[from] Stealth Rock\n|-ability|p1a: King|Intimidate|boost\n|-unboost|p2a: Zacian|atk|1\n|turn|24\n|\n|t:|1698379014\n|move|p1a: King|Earthquake|p2a: Zacian\n|-supereffective|p2a: Zacian\n|-damage|p2a: Zacian|0 fnt\n|faint|p2a: Zacian\n|\n|win|D02837\n|raw|D02837's rating: 1000 &rarr; <strong>1050<\/strong><br \/>(+50 for winning)\n|raw|Gneezyb's rating: 1086 &rarr; <strong>1058<\/strong><br \/>(-28 for losing)\n|l|\u2606Gneezyb\n","uploadtime":1698379044,"views":8,"p1id":"d02837","p2id":"gneezyb","formatid":"gen9ubers","rating":1050,"private":0,"password":""}