{"id":"gen9ubers-1972678451","p1":"trialteam98","p2":"Will the chimp","format":"[Gen 9] Ubers","log":"|j|\u2606trialteam98\n|j|\u2606Will the chimp\n|t:|1697876033\n|gametype|singles\n|player|p1|trialteam98|lady-gen4|1164\n|player|p2|Will the chimp|169|1091\n|teamsize|p1|6\n|teamsize|p2|6\n|gen|9\n|tier|[Gen 9] Ubers\n|rated|\n|rule|Sleep Clause Mod: Limit one foe put to sleep\n|rule|Species Clause: Limit one of each Pok\u00e9mon\n|rule|OHKO Clause: OHKO moves are banned\n|rule|Evasion Items Clause: Evasion items are banned\n|rule|Evasion Moves Clause: Evasion moves are banned\n|rule|Endless Battle Clause: Forcing endless battles is banned\n|rule|HP Percentage Mod: HP is shown in percentages\n|clearpoke\n|poke|p1|Flutter Mane|\n|poke|p1|Misdreavus, F|\n|poke|p1|Mismagius, F|\n|poke|p1|Gardevoir, F|\n|poke|p1|Gallade, M|\n|poke|p1|Iron Valiant|\n|poke|p2|Cloyster, M|\n|poke|p2|Annihilape, M|\n|poke|p2|Rayquaza|\n|poke|p2|Dialga-Origin|\n|poke|p2|Koraidon|\n|poke|p2|Arceus-Fairy|\n|teampreview\n|inactive|Battle timer is ON: inactive players will automatically lose when time's up. (requested by trialteam98)\n|\n|t:|1697876063\n|start\n|switch|p1a: Mismagius|Mismagius, F|100\/100\n|switch|p2a: Arceus|Arceus-Fairy|100\/100\n|turn|1\n|\n|t:|1697876071\n|move|p1a: Mismagius|Thunder Wave|p2a: Arceus\n|-status|p2a: Arceus|par\n|move|p2a: Arceus|Bulk Up|p2a: Arceus\n|-boost|p2a: Arceus|atk|1\n|-boost|p2a: Arceus|def|1\n|\n|upkeep\n|turn|2\n|\n|t:|1697876080\n|move|p1a: Mismagius|Taunt|p2a: Arceus\n|-start|p2a: Arceus|move: Taunt\n|move|p2a: Arceus|Judgment|p1a: Mismagius\n|-damage|p1a: Mismagius|44\/100\n|\n|upkeep\n|turn|3\n|\n|t:|1697876087\n|move|p1a: Mismagius|Hex|p2a: Arceus\n|-damage|p2a: Arceus|52\/100 par\n|-damage|p1a: Mismagius|34\/100|[from] item: Life Orb\n|move|p2a: Arceus|Judgment|p1a: Mismagius\n|-damage|p1a: Mismagius|0 fnt\n|faint|p1a: Mismagius\n|\n|upkeep\n|\n|t:|1697876102\n|switch|p1a: Iron Valiant|Iron Valiant|100\/100\n|-enditem|p1a: Iron Valiant|Booster Energy\n|-activate|p1a: Iron Valiant|ability: Quark Drive|[fromitem]\n|-start|p1a: Iron Valiant|quarkdrivespe\n|turn|4\n|\n|t:|1697876107\n|-terastallize|p1a: Iron Valiant|Steel\n|move|p1a: Iron Valiant|Swords Dance|p1a: Iron Valiant\n|-boost|p1a: Iron Valiant|atk|2\n|cant|p2a: Arceus|par\n|\n|-end|p2a: Arceus|move: Taunt\n|upkeep\n|turn|5\n|\n|t:|1697876118\n|move|p1a: Iron Valiant|Tera Blast|p2a: Arceus|[anim] Tera Blast Steel\n|-supereffective|p2a: Arceus\n|-crit|p2a: Arceus\n|-damage|p2a: Arceus|0 fnt\n|faint|p2a: Arceus\n|\n|upkeep\n|\n|t:|1697876124\n|switch|p2a: Koraidon|Koraidon|100\/100\n|-weather|SunnyDay|[from] ability: Orichalcum Pulse|[of] p2a: Koraidon\n|-activate|p2a: Koraidon|Orichalcum Pulse|[source]\n|turn|6\n|\n|t:|1697876129\n|move|p1a: Iron Valiant|Ice Punch|p2a: Koraidon\n|-supereffective|p2a: Koraidon\n|-crit|p2a: Koraidon\n|-damage|p2a: Koraidon|0 fnt\n|faint|p2a: Koraidon\n|\n|-weather|SunnyDay|[upkeep]\n|upkeep\n|\n|t:|1697876135\n|switch|p2a: Annihilape|Annihilape, M|100\/100\n|turn|7\n|\n|t:|1697876154\n|move|p1a: Iron Valiant|Ice Punch|p2a: Annihilape\n|-damage|p2a: Annihilape|52\/100\n|move|p2a: Annihilape|Drain Punch|p1a: Iron Valiant\n|-supereffective|p1a: Iron Valiant\n|-damage|p1a: Iron Valiant|0 fnt\n|-heal|p2a: Annihilape|87\/100|[from] drain|[of] p1a: Iron Valiant\n|faint|p1a: Iron Valiant\n|-end|p1a: Iron Valiant|Quark Drive|[silent]\n|\n|-weather|SunnyDay|[upkeep]\n|-heal|p2a: Annihilape|93\/100|[from] item: Leftovers\n|upkeep\n|\n|t:|1697876161\n|switch|p1a: Flutter Mane|Flutter Mane|100\/100\n|-activate|p1a: Flutter Mane|ability: Protosynthesis\n|-start|p1a: Flutter Mane|protosynthesisspe\n|turn|8\n|\n|t:|1697876167\n|move|p1a: Flutter Mane|Moonblast|p2a: Annihilape\n|-supereffective|p2a: Annihilape\n|-damage|p2a: Annihilape|0 fnt\n|faint|p2a: Annihilape\n|\n|-weather|SunnyDay|[upkeep]\n|upkeep\n|\n|t:|1697876174\n|switch|p2a: Dialga|Dialga-Origin|100\/100\n|-ability|p2a: Dialga|Pressure\n|turn|9\n|\n|t:|1697876178\n|move|p1a: Flutter Mane|Moonblast|p2a: Dialga\n|-damage|p2a: Dialga|65\/100\n|move|p2a: Dialga|Heavy Slam|p1a: Flutter Mane\n|-supereffective|p1a: Flutter Mane\n|-damage|p1a: Flutter Mane|0 fnt\n|faint|p1a: Flutter Mane\n|-end|p1a: Flutter Mane|Protosynthesis|[silent]\n|\n|-weather|SunnyDay|[upkeep]\n|upkeep\n|\n|t:|1697876194\n|switch|p1a: Misdreavus|Misdreavus, F|100\/100\n|turn|10\n|\n|t:|1697876206\n|move|p1a: Misdreavus|Endure|p1a: Misdreavus\n|-singleturn|p1a: Misdreavus|move: Endure\n|move|p2a: Dialga|Roar of Time|p1a: Misdreavus|[miss]\n|-miss|p2a: Dialga|p1a: Misdreavus\n|\n|-weather|none\n|upkeep\n|turn|11\n|\n|t:|1697876214\n|move|p1a: Misdreavus|Protect|p1a: Misdreavus\n|-singleturn|p1a: Misdreavus|Protect\n|move|p2a: Dialga|Roar of Time|p1a: Misdreavus\n|-activate|p1a: Misdreavus|move: Protect\n|\n|upkeep\n|turn|12\n|\n|t:|1697876239\n|move|p1a: Misdreavus|Destiny Bond|p1a: Misdreavus\n|-singlemove|p1a: Misdreavus|Destiny Bond\n|move|p2a: Dialga|Roar of Time|p1a: Misdreavus\n|-damage|p1a: Misdreavus|0 fnt\n|-mustrecharge|p2a: Dialga\n|faint|p1a: Misdreavus\n|-activate|p1a: Misdreavus|move: Destiny Bond\n|faint|p2a: Dialga\n|\n|upkeep\n|inactive|trialteam98 has 120 seconds left.\n|inactive|trialteam98 has 90 seconds left.\n|\n|t:|1697876309\n|switch|p1a: Gallade|Gallade, M|100\/100\n|switch|p2a: Rayquaza|Rayquaza|100\/100\n|-ability|p2a: Rayquaza|Air Lock\n|turn|13\n|\n|t:|1697876317\n|move|p2a: Rayquaza|Air Slash|p1a: Gallade\n|-supereffective|p1a: Gallade\n|-damage|p1a: Gallade|14\/100\n|move|p1a: Gallade|Agility|p1a: Gallade\n|-boost|p1a: Gallade|spe|2\n|\n|upkeep\n|turn|14\n|\n|t:|1697876323\n|move|p2a: Rayquaza|Extreme Speed|p1a: Gallade\n|-damage|p1a: Gallade|0 fnt\n|faint|p1a: Gallade\n|\n|upkeep\n|\n|t:|1697876329\n|switch|p1a: Gardevoir|Gardevoir, F|100\/100\n|turn|15\n|\n|t:|1697876335\n|move|p1a: Gardevoir|Moonblast|p2a: Rayquaza\n|-supereffective|p2a: Rayquaza\n|-damage|p2a: Rayquaza|0 fnt\n|faint|p2a: Rayquaza\n|\n|upkeep\n|\n|t:|1697876339\n|switch|p2a: Cloyster|Cloyster, M|100\/100\n|turn|16\n|\n|t:|1697876347\n|move|p1a: Gardevoir|Moonblast|p2a: Cloyster\n|-damage|p2a: Cloyster|0 fnt\n|faint|p2a: Cloyster\n|\n|win|trialteam98\n|raw|trialteam98's rating: 1164 &rarr; <strong>1184<\/strong><br \/>(+20 for winning)\n|raw|Will the chimp's rating: 1091 &rarr; <strong>1072<\/strong><br \/>(-19 for losing)\n|l|\u2606Will the chimp\n","uploadtime":1697876355,"views":15,"p1id":"trialteam98","p2id":"willthechimp","formatid":"gen9ubers","rating":1072,"private":0,"password":""}