{"id":"gen9ubers-1976173045","p1":"efwin2763","p2":"Vazquez 2.0","format":"[Gen 9] Ubers","log":"|j|\u2606efwin2763\n|j|\u2606Vazquez 2.0\n|t:|1698270294\n|gametype|singles\n|player|p1|efwin2763|ghetsis-gen5bw|\n|player|p2|Vazquez 2.0|gardenia|\n|teamsize|p1|6\n|teamsize|p2|6\n|gen|9\n|tier|[Gen 9] Ubers\n|rule|Sleep Clause Mod: Limit one foe put to sleep\n|rule|Species Clause: Limit one of each Pok\u00e9mon\n|rule|OHKO Clause: OHKO moves are banned\n|rule|Evasion Items Clause: Evasion items are banned\n|rule|Evasion Moves Clause: Evasion moves are banned\n|rule|Endless Battle Clause: Forcing endless battles is banned\n|rule|HP Percentage Mod: HP is shown in percentages\n|clearpoke\n|poke|p1|Zacian-*|\n|poke|p1|Dragapult, F|\n|poke|p1|Shaymin-Sky|\n|poke|p1|Goodra-Hisui, F|\n|poke|p1|Kleavor, F|\n|poke|p1|Palkia-Origin|\n|poke|p2|Zacian-*|\n|poke|p2|Gliscor, F|\n|poke|p2|Magearna|\n|poke|p2|Volcanion|\n|poke|p2|Cyclizar, M|\n|poke|p2|Arceus-Poison|\n|teampreview\n|inactive|Battle timer is ON: inactive players will automatically lose when time's up. (requested by efwin2763)\n|c|\u2606Vazquez 2.0|glhf\n|c|\u2606efwin2763|glhf\n|inactive|Vazquez 2.0 has 270 seconds left.\n|inactive|efwin2763 has 270 seconds left.\n|c|\u2606efwin2763|winner of the Bo3 posts replays of all 3 games\n|c|\u2606efwin2763|k\n|c|\u2606efwin2763|?\n|\n|t:|1698270365\n|start\n|switch|p1a: Aggregation|Kleavor, F, shiny|100\/100\n|switch|p2a: Arceus|Arceus-Poison|100\/100\n|turn|1\n|c|\u2606Vazquez 2.0|yeah\n|\n|t:|1698270385\n|move|p2a: Arceus|Stealth Rock|p1a: Aggregation\n|-sidestart|p1: efwin2763|move: Stealth Rock\n|move|p1a: Aggregation|Trailblaze|p2a: Arceus\n|-resisted|p2a: Arceus\n|-damage|p2a: Arceus|94\/100\n|-boost|p1a: Aggregation|spe|1\n|\n|upkeep\n|turn|2\n|\n|t:|1698270389\n|move|p1a: Aggregation|Stone Axe|p2a: Arceus\n|-damage|p2a: Arceus|61\/100\n|-sidestart|p2: Vazquez 2.0|move: Stealth Rock\n|move|p2a: Arceus|Flamethrower|p1a: Aggregation\n|-damage|p1a: Aggregation|59\/100\n|\n|upkeep\n|turn|3\n|\n|t:|1698270411\n|move|p1a: Aggregation|Defog|p2a: Arceus\n|-unboost|p2a: Arceus|evasion|1\n|-sideend|p2: Vazquez 2.0|Stealth Rock|[from] move: Defog|[of] p1a: Aggregation\n|-sideend|p1: efwin2763|Stealth Rock|[from] move: Defog|[of] p1a: Aggregation\n|move|p2a: Arceus|Flamethrower|p1a: Aggregation\n|-damage|p1a: Aggregation|23\/100\n|\n|upkeep\n|turn|4\n|\n|t:|1698270419\n|move|p1a: Aggregation|Stone Axe|p2a: Arceus\n|-damage|p2a: Arceus|29\/100\n|-sidestart|p2: Vazquez 2.0|move: Stealth Rock\n|move|p2a: Arceus|Recover|p2a: Arceus\n|-heal|p2a: Arceus|79\/100\n|\n|upkeep\n|turn|5\n|\n|t:|1698270429\n|move|p1a: Aggregation|Stone Axe|p2a: Arceus\n|-damage|p2a: Arceus|45\/100\n|move|p2a: Arceus|Recover|p2a: Arceus\n|-heal|p2a: Arceus|95\/100\n|\n|upkeep\n|turn|6\n|\n|t:|1698270440\n|move|p1a: Aggregation|Stone Axe|p2a: Arceus\n|-damage|p2a: Arceus|63\/100\n|move|p2a: Arceus|Stealth Rock|p1a: Aggregation\n|-sidestart|p1: efwin2763|move: Stealth Rock\n|\n|upkeep\n|turn|7\n|\n|t:|1698270444\n|move|p1a: Aggregation|Defog|p2a: Arceus\n|-unboost|p2a: Arceus|evasion|1\n|-sideend|p2: Vazquez 2.0|Stealth Rock|[from] move: Defog|[of] p1a: Aggregation\n|-sideend|p1: efwin2763|Stealth Rock|[from] move: Defog|[of] p1a: Aggregation\n|move|p2a: Arceus|Flamethrower|p1a: Aggregation\n|-damage|p1a: Aggregation|0 fnt\n|faint|p1a: Aggregation\n|\n|upkeep\n|\n|t:|1698270463\n|switch|p1a: Stop Dreaming|Zacian, shiny|100\/100\n|-ability|p1a: Stop Dreaming|Intrepid Sword|boost\n|-boost|p1a: Stop Dreaming|atk|1\n|turn|8\n|\n|t:|1698270472\n|-terastallize|p1a: Stop Dreaming|Ground\n|move|p1a: Stop Dreaming|Tera Blast|p2a: Arceus|[anim] Tera Blast Ground\n|-supereffective|p2a: Arceus\n|-damage|p2a: Arceus|0 fnt\n|faint|p2a: Arceus\n|\n|upkeep\n|\n|t:|1698270482\n|switch|p2a: Volcanion|Volcanion|100\/100\n|turn|9\n|\n|t:|1698270487\n|-terastallize|p2a: Volcanion|Fairy\n|move|p1a: Stop Dreaming|Tera Blast|p2a: Volcanion|[anim] Tera Blast Ground\n|-damage|p2a: Volcanion|43\/100\n|move|p2a: Volcanion|Steam Eruption|p1a: Stop Dreaming\n|-supereffective|p1a: Stop Dreaming\n|-damage|p1a: Stop Dreaming|6\/100\n|-status|p1a: Stop Dreaming|brn\n|\n|-damage|p1a: Stop Dreaming|0 fnt|[from] brn\n|faint|p1a: Stop Dreaming\n|upkeep\n|\n|t:|1698270502\n|switch|p1a: Exhumation|Shaymin-Sky, shiny|100\/100\n|turn|10\n|\n|t:|1698270520\n|move|p1a: Exhumation|Seed Flare|p2a: Volcanion\n|-damage|p2a: Volcanion|4\/100\n|-unboost|p2a: Volcanion|spd|2\n|move|p2a: Volcanion|Flamethrower|p1a: Exhumation\n|-supereffective|p1a: Exhumation\n|-damage|p1a: Exhumation|3\/100\n|\n|upkeep\n|turn|11\n|c|\u2606efwin2763|no way\n|c|\u2606efwin2763|bruh\n|c|\u2606efwin2763|i lost\n|inactive|Vazquez 2.0 has 270 seconds left.\n|c|\u2606Vazquez 2.0|shaymin users when no 100% flinch\n|c|\u2606efwin2763|i went for seed flare\n|\n|t:|1698270559\n|move|p1a: Exhumation|Air Slash|p2a: Volcanion\n|-damage|p2a: Volcanion|0 fnt\n|faint|p2a: Volcanion\n|\n|upkeep\n|c|\u2606efwin2763|that cant flinch\n|c|\u2606Vazquez 2.0|with kings rock it can :troll:\n|inactive|Vazquez 2.0 has 240 seconds left.\n|\n|t:|1698270586\n|switch|p2a: Zacian|Zacian|100\/100\n|-ability|p2a: Zacian|Intrepid Sword|boost\n|-boost|p2a: Zacian|atk|1\n|turn|12\n|\n|t:|1698270589\n|move|p2a: Zacian|Play Rough|p1a: Exhumation\n|-damage|p1a: Exhumation|0 fnt\n|faint|p1a: Exhumation\n|\n|upkeep\n|c|\u2606efwin2763|well gg\n|\n|t:|1698270600\n|switch|p1a: Don't Say Anything|Dragapult, F|100\/100\n|turn|13\n|\n|t:|1698270605\n|move|p2a: Zacian|Play Rough|p1a: Don't Say Anything\n|-supereffective|p1a: Don't Say Anything\n|-damage|p1a: Don't Say Anything|0 fnt\n|faint|p1a: Don't Say Anything\n|\n|upkeep\n|\n|t:|1698270608\n|switch|p1a: Brieftrager|Goodra-Hisui, F, shiny|100\/100\n|turn|14\n|\n|t:|1698270613\n|switch|p2a: Gliscor|Gliscor, F|100\/100\n|move|p1a: Brieftrager|Gyro Ball|p2a: Gliscor\n|-damage|p2a: Gliscor|88\/100\n|\n|-status|p2a: Gliscor|tox|[from] item: Toxic Orb\n|upkeep\n|turn|15\n|c|\u2606efwin2763|gg\n|\n|t:|1698270624\n|move|p2a: Gliscor|Earthquake|p1a: Brieftrager\n|-supereffective|p1a: Brieftrager\n|-damage|p1a: Brieftrager|43\/100\n|move|p1a: Brieftrager|Ice Spinner|p2a: Gliscor\n|-supereffective|p2a: Gliscor\n|-damage|p2a: Gliscor|26\/100 tox\n|\n|-heal|p2a: Gliscor|38\/100 tox|[from] ability: Poison Heal\n|upkeep\n|turn|16\n|\n|t:|1698270630\n|move|p2a: Gliscor|Earthquake|p1a: Brieftrager\n|-supereffective|p1a: Brieftrager\n|-damage|p1a: Brieftrager|0 fnt\n|faint|p1a: Brieftrager\n|\n|-heal|p2a: Gliscor|50\/100 tox|[from] ability: Poison Heal\n|upkeep\n|\n|t:|1698270633\n|switch|p1a: Welcome Home|Palkia-Origin, shiny|100\/100\n|-ability|p1a: Welcome Home|Pressure\n|turn|17\n|c|\u2606Vazquez 2.0|gg\n|\n|t:|1698270642\n|move|p1a: Welcome Home|Spacial Rend|p2a: Gliscor\n|-damage|p2a: Gliscor|0 fnt\n|faint|p2a: Gliscor\n|\n|upkeep\n|c|\u2606efwin2763|gg\n|\n|t:|1698270647\n|switch|p2a: Cyclizar|Cyclizar, M|100\/100\n|turn|18\n|\n|t:|1698270651\n|move|p2a: Cyclizar|Shed Tail|p2a: Cyclizar\n|-start|p2a: Cyclizar|Substitute|[from] move: Shed Tail\n|-damage|p2a: Cyclizar|50\/100\n|\n|t:|1698270653\n|switch|p2a: Zacian|Zacian|100\/100|[from] Shed Tail\n|move|p1a: Welcome Home|Spacial Rend|p2a: Zacian\n|-immune|p2a: Zacian\n|\n|upkeep\n|turn|19\n|\n|t:|1698270655\n|move|p2a: Zacian|Play Rough|p1a: Welcome Home\n|-supereffective|p1a: Welcome Home\n|-damage|p1a: Welcome Home|5\/100\n|move|p1a: Welcome Home|Fire Blast|p2a: Zacian\n|-end|p2a: Zacian|Substitute\n|\n|upkeep\n|turn|20\n|\n|t:|1698270659\n|move|p2a: Zacian|Tera Blast|p1a: Welcome Home\n|-damage|p1a: Welcome Home|0 fnt\n|faint|p1a: Welcome Home\n|\n|win|Vazquez 2.0\n|c|\u2606efwin2763|game 2\n|l|\u2606Vazquez 2.0\n|l|\u2606efwin2763\n|j|\u2606Vazquez 2.0\n|player|p2|Vazquez 2.0|gardenia\n","uploadtime":1698271139,"views":40,"p1id":"efwin2763","p2id":"vazquez20","formatid":"gen9ubers","rating":0,"private":0,"password":""}