{"id":"gen9ubers-1973020988","p1":"corvere\u2665","p2":"PXBR9135","format":"[Gen 9] Ubers","log":"|j|\u2606corvere\u2665\n|j|\u2606PXBR9135\n|t:|1697919200\n|gametype|singles\n|player|p1|corvere\u2665|anthea|\n|player|p2|PXBR9135|ethan-masters|\n|teamsize|p1|6\n|teamsize|p2|6\n|gen|9\n|tier|[Gen 9] Ubers\n|rated|Tournament battle\n|rule|Sleep Clause Mod: Limit one foe put to sleep\n|rule|Species Clause: Limit one of each Pok\u00e9mon\n|rule|OHKO Clause: OHKO moves are banned\n|rule|Evasion Items Clause: Evasion items are banned\n|rule|Evasion Moves Clause: Evasion moves are banned\n|rule|Endless Battle Clause: Forcing endless battles is banned\n|rule|HP Percentage Mod: HP is shown in percentages\n|clearpoke\n|poke|p1|Great Tusk|\n|poke|p1|Koraidon|\n|poke|p1|Rayquaza|\n|poke|p1|Baxcalibur, M|\n|poke|p1|Zacian-*|\n|poke|p1|Arceus-Ground|\n|poke|p2|Toxapex, F|\n|poke|p2|Diancie|\n|poke|p2|Gliscor, F|\n|poke|p2|Ogerpon-Wellspring, F|\n|poke|p2|Zacian-*|\n|poke|p2|Arceus-Fairy|\n|teampreview\n|inactive|Battle timer is ON: inactive players will automatically lose when time's up. (requested by corvere\u2665)\n|j| Starry Tauros\n|c|\u2606PXBR9135|gl\n|c|\u2606corvere\u2665|hf\n|c| Starry Tauros|Yessir!\n|\n|t:|1697919229\n|start\n|switch|p1a: Rayquaza|Rayquaza|100\/100\n|switch|p2a: Arceus|Arceus-Fairy|100\/100\n|-ability|p1a: Rayquaza|Air Lock\n|turn|1\n|\n|t:|1697919238\n|move|p1a: Rayquaza|Stealth Rock|p2a: Arceus\n|-sidestart|p2: PXBR9135|move: Stealth Rock\n|move|p2a: Arceus|Judgment|p1a: Rayquaza\n|-supereffective|p1a: Rayquaza\n|-enditem|p1a: Rayquaza|Focus Sash\n|-damage|p1a: Rayquaza|1\/100\n|\n|upkeep\n|turn|2\n|\n|t:|1697919257\n|move|p1a: Rayquaza|Dragon Ascent|p2a: Arceus\n|-damage|p2a: Arceus|66\/100\n|-unboost|p1a: Rayquaza|def|1\n|-unboost|p1a: Rayquaza|spd|1\n|move|p2a: Arceus|Judgment|p1a: Rayquaza\n|-supereffective|p1a: Rayquaza\n|-damage|p1a: Rayquaza|0 fnt\n|faint|p1a: Rayquaza\n|\n|upkeep\n|\n|t:|1697919262\n|switch|p1a: Zacian|Zacian-Crowned|100\/100\n|-ability|p1a: Zacian|Intrepid Sword|boost\n|-boost|p1a: Zacian|atk|1\n|turn|3\n|c| Starry Tauros|lets go convere let\u2019s go!\n|\n|t:|1697919267\n|switch|p2a: Toxapex|Toxapex, F|100\/100\n|-damage|p2a: Toxapex|88\/100|[from] Stealth Rock\n|move|p1a: Zacian|Substitute|p1a: Zacian\n|-start|p1a: Zacian|Substitute\n|-damage|p1a: Zacian|76\/100\n|\n|upkeep\n|turn|4\n|\n|t:|1697919272\n|move|p1a: Zacian|Swords Dance|p1a: Zacian\n|-boost|p1a: Zacian|atk|2\n|move|p2a: Toxapex|Haze|p2a: Toxapex\n|-clearallboost\n|\n|upkeep\n|turn|5\n|\n|t:|1697919276\n|move|p1a: Zacian|Swords Dance|p1a: Zacian\n|-boost|p1a: Zacian|atk|2\n|move|p2a: Toxapex|Chilling Water|p1a: Zacian\n|-activate|p1a: Zacian|move: Substitute|[damage]\n|\n|upkeep\n|turn|6\n|\n|t:|1697919278\n|move|p1a: Zacian|Behemoth Blade|p2a: Toxapex\n|-resisted|p2a: Toxapex\n|-damage|p2a: Toxapex|51\/100\n|-damage|p1a: Zacian|59\/100|[from] item: Rocky Helmet|[of] p2a: Toxapex\n|move|p2a: Toxapex|Haze|p2a: Toxapex\n|-clearallboost\n|\n|upkeep\n|turn|7\n|\n|t:|1697919281\n|switch|p1a: Baxcalibur|Baxcalibur, M|100\/100\n|move|p2a: Toxapex|Recover|p2a: Toxapex\n|-heal|p2a: Toxapex|100\/100\n|\n|upkeep\n|turn|8\n|\n|t:|1697919290\n|move|p1a: Baxcalibur|Dragon Dance|p1a: Baxcalibur\n|-boost|p1a: Baxcalibur|atk|1\n|-boost|p1a: Baxcalibur|spe|1\n|move|p2a: Toxapex|Toxic|p1a: Baxcalibur\n|-status|p1a: Baxcalibur|tox\n|\n|-damage|p1a: Baxcalibur|94\/100 tox|[from] psn\n|upkeep\n|turn|9\n|l| Starry Tauros\n|\n|t:|1697919293\n|switch|p2a: Arceus|Arceus-Fairy|66\/100\n|-damage|p2a: Arceus|54\/100|[from] Stealth Rock\n|move|p1a: Baxcalibur|Earthquake|p2a: Arceus\n|-damage|p2a: Arceus|19\/100\n|\n|-damage|p1a: Baxcalibur|82\/100 tox|[from] psn\n|upkeep\n|turn|10\n|\n|t:|1697919303\n|move|p1a: Baxcalibur|Icicle Spear|p2a: Arceus\n|-damage|p2a: Arceus|5\/100\n|-damage|p2a: Arceus|0 fnt\n|faint|p2a: Arceus\n|-hitcount|p2: Arceus|2\n|\n|-damage|p1a: Baxcalibur|63\/100 tox|[from] psn\n|upkeep\n|\n|t:|1697919319\n|switch|p2a: Gliscor|Gliscor, F|100\/100\n|-damage|p2a: Gliscor|88\/100|[from] Stealth Rock\n|turn|11\n|\n|t:|1697919327\n|move|p2a: Gliscor|Protect|p2a: Gliscor\n|-singleturn|p2a: Gliscor|Protect\n|move|p1a: Baxcalibur|Glaive Rush|p2a: Gliscor\n|-activate|p2a: Gliscor|move: Protect\n|\n|-damage|p1a: Baxcalibur|39\/100 tox|[from] psn\n|-status|p2a: Gliscor|tox|[from] item: Toxic Orb\n|upkeep\n|turn|12\n|\n|t:|1697919343\n|-terastallize|p2a: Gliscor|Fairy\n|move|p1a: Baxcalibur|Icicle Spear|p2a: Gliscor\n|-damage|p2a: Gliscor|69\/100 tox\n|-damage|p2a: Gliscor|51\/100 tox\n|-damage|p2a: Gliscor|33\/100 tox\n|-damage|p2a: Gliscor|15\/100 tox\n|-damage|p2a: Gliscor|0 fnt\n|faint|p2a: Gliscor\n|-hitcount|p2: Gliscor|5\n|\n|-damage|p1a: Baxcalibur|8\/100 tox|[from] psn\n|upkeep\n|\n|t:|1697919362\n|switch|p2a: Toxapex|Toxapex, F|100\/100\n|-damage|p2a: Toxapex|88\/100|[from] Stealth Rock\n|turn|13\n|\n|t:|1697919385\n|move|p1a: Baxcalibur|Earthquake|p2a: Toxapex\n|-supereffective|p2a: Toxapex\n|-damage|p2a: Toxapex|18\/100\n|move|p2a: Toxapex|Chilling Water|p1a: Baxcalibur\n|-resisted|p1a: Baxcalibur\n|-damage|p1a: Baxcalibur|2\/100 tox\n|-unboost|p1a: Baxcalibur|atk|1\n|\n|-damage|p1a: Baxcalibur|0 fnt|[from] psn\n|faint|p1a: Baxcalibur\n|upkeep\n|\n|t:|1697919395\n|switch|p1a: Arceus|Arceus-Ground|100\/100\n|turn|14\n|\n|t:|1697919403\n|move|p1a: Arceus|Earthquake|p2a: Toxapex\n|-supereffective|p2a: Toxapex\n|-crit|p2a: Toxapex\n|-damage|p2a: Toxapex|0 fnt\n|faint|p2a: Toxapex\n|\n|upkeep\n|\n|t:|1697919406\n|switch|p2a: Ogerpon|Ogerpon-Wellspring, F|100\/100\n|-damage|p2a: Ogerpon|88\/100|[from] Stealth Rock\n|turn|15\n|\n|t:|1697919418\n|switch|p1a: Zacian|Zacian-Crowned|59\/100\n|move|p2a: Ogerpon|Trailblaze|p1a: Zacian\n|-resisted|p1a: Zacian\n|-damage|p1a: Zacian|46\/100\n|-boost|p2a: Ogerpon|spe|1\n|\n|upkeep\n|turn|16\n|\n|t:|1697919424\n|move|p2a: Ogerpon|Ivy Cudgel|p1a: Zacian\n|-damage|p1a: Zacian|0 fnt\n|faint|p1a: Zacian\n|\n|upkeep\n|\n|t:|1697919428\n|switch|p1a: Koraidon|Koraidon|100\/100\n|-weather|SunnyDay|[from] ability: Orichalcum Pulse|[of] p1a: Koraidon\n|-activate|p1a: Koraidon|Orichalcum Pulse|[source]\n|turn|17\n|\n|t:|1697919437\n|-terastallize|p1a: Koraidon|Ghost\n|move|p2a: Ogerpon|Play Rough|p1a: Koraidon\n|-damage|p1a: Koraidon|67\/100\n|move|p1a: Koraidon|Flare Blitz|p2a: Ogerpon\n|-damage|p2a: Ogerpon|0 fnt\n|faint|p2a: Ogerpon\n|-damage|p1a: Koraidon|42\/100|[from] Recoil\n|\n|-weather|SunnyDay|[upkeep]\n|upkeep\n|\n|t:|1697919442\n|switch|p2a: Diancie|Diancie|100\/100\n|turn|18\n|\n|t:|1697919447\n|move|p1a: Koraidon|Swords Dance|p1a: Koraidon\n|-boost|p1a: Koraidon|atk|2\n|move|p2a: Diancie|Spikes|p1a: Koraidon\n|-sidestart|p1: corvere\u2665|Spikes\n|\n|-weather|SunnyDay|[upkeep]\n|upkeep\n|turn|19\n|\n|t:|1697919451\n|move|p1a: Koraidon|Flare Blitz|p2a: Diancie\n|-resisted|p2a: Diancie\n|-damage|p2a: Diancie|48\/100\n|-damage|p1a: Koraidon|26\/100|[from] Recoil\n|move|p2a: Diancie|Encore|p1a: Koraidon\n|-start|p1a: Koraidon|Encore\n|\n|-weather|SunnyDay|[upkeep]\n|upkeep\n|turn|20\n|\n|t:|1697919455\n|move|p1a: Koraidon|Flare Blitz|p2a: Diancie\n|-resisted|p2a: Diancie\n|-crit|p2a: Diancie\n|-damage|p2a: Diancie|0 fnt\n|faint|p2a: Diancie\n|-damage|p1a: Koraidon|12\/100|[from] Recoil\n|\n|-weather|SunnyDay|[upkeep]\n|upkeep\n|\n|t:|1697919458\n|switch|p2a: Zacian|Zacian-Crowned|100\/100\n|-damage|p2a: Zacian|94\/100|[from] Stealth Rock\n|-ability|p2a: Zacian|Intrepid Sword|boost\n|-boost|p2a: Zacian|atk|1\n|turn|21\n|\n|t:|1697919462\n|move|p2a: Zacian|Behemoth Blade|p1a: Koraidon\n|-damage|p1a: Koraidon|0 fnt\n|faint|p1a: Koraidon\n|\n|-weather|none\n|upkeep\n|\n|t:|1697919463\n|switch|p1a: Arceus|Arceus-Ground|100\/100\n|-damage|p1a: Arceus|88\/100|[from] Spikes\n|turn|22\n|c|\u2606PXBR9135|gg\n|\n|t:|1697919469\n|move|p2a: Zacian|Behemoth Blade|p1a: Arceus\n|-damage|p1a: Arceus|37\/100\n|move|p1a: Arceus|Dragon Dance|p1a: Arceus\n|-boost|p1a: Arceus|atk|1\n|-boost|p1a: Arceus|spe|1\n|\n|upkeep\n|turn|23\n|c|\u2606corvere\u2665|gg\n|\n|t:|1697919474\n|move|p1a: Arceus|Earthquake|p2a: Zacian\n|-supereffective|p2a: Zacian\n|-damage|p2a: Zacian|0 fnt\n|faint|p2a: Zacian\n|\n|win|corvere\u2665\n|n|\u2606corvere\u2665|corvere\n|n|\u2606PXBR9135|pxbr9135\n","uploadtime":1697919475,"views":17,"p1id":"corvere","p2id":"pxbr9135","formatid":"gen9ubers","rating":0,"private":0,"password":""}