{"id":"gen9ubers-1974199069","p1":"z105","p2":"ArthurCookieMaster","format":"[Gen 9] Ubers","log":"|j|\u2606z105\n|j|\u203dArthurCookieMaster\n|t:|1698067575\n|gametype|singles\n|player|p1|z105|102|1146\n|player|p2|ArthurCookieMaster|alder|1043\n|teamsize|p1|6\n|teamsize|p2|6\n|gen|9\n|tier|[Gen 9] Ubers\n|rated|\n|rule|Sleep Clause Mod: Limit one foe put to sleep\n|rule|Species Clause: Limit one of each Pok\u00e9mon\n|rule|OHKO Clause: OHKO moves are banned\n|rule|Evasion Items Clause: Evasion items are banned\n|rule|Evasion Moves Clause: Evasion moves are banned\n|rule|Endless Battle Clause: Forcing endless battles is banned\n|rule|HP Percentage Mod: HP is shown in percentages\n|clearpoke\n|poke|p1|Miraidon|\n|poke|p1|Flutter Mane|\n|poke|p1|Urshifu-*, M|\n|poke|p1|Ogerpon-Hearthflame, F|\n|poke|p1|Ursaluna-Bloodmoon, M|\n|poke|p1|Glimmora, F|\n|poke|p2|Palkia|\n|poke|p2|Zacian-*|\n|poke|p2|Dialga|\n|poke|p2|Giratina|\n|poke|p2|Arceus|\n|poke|p2|Darkrai|\n|teampreview\n|inactive|Battle timer is ON: inactive players will automatically lose when time's up. (requested by z105)\n|c|\u2606z105|holy shit its god\n|\n|t:|1698067591\n|start\n|switch|p1a: Glimmora|Glimmora, F|100\/100\n|switch|p2a: Giratina|Giratina, shiny|100\/100\n|-ability|p2a: Giratina|Pressure\n|turn|1\n|\n|t:|1698067605\n|move|p1a: Glimmora|Stealth Rock|p2a: Giratina\n|-sidestart|p2: ArthurCookieMaster|move: Stealth Rock\n|move|p2a: Giratina|Dragon Tail|p1a: Glimmora\n|-damage|p1a: Glimmora|72\/100\n|-activate|p1a: Glimmora|ability: Toxic Debris\n|-sidestart|p2: ArthurCookieMaster|move: Toxic Spikes\n|drag|p1a: Ogerpon|Ogerpon-Hearthflame, F|100\/100\n|-ability|p1a: Ogerpon|Mold Breaker\n|\n|upkeep\n|turn|2\n|\n|t:|1698067613\n|switch|p1a: Flutter Mane|Flutter Mane|100\/100\n|-enditem|p1a: Flutter Mane|Booster Energy\n|-activate|p1a: Flutter Mane|ability: Protosynthesis|[fromitem]\n|-start|p1a: Flutter Mane|protosynthesisspe\n|move|p2a: Giratina|Draco Meteor|p1a: Flutter Mane\n|-immune|p1a: Flutter Mane\n|\n|upkeep\n|turn|3\n|\n|t:|1698067622\n|move|p1a: Flutter Mane|Calm Mind|p1a: Flutter Mane\n|-boost|p1a: Flutter Mane|spa|1\n|-boost|p1a: Flutter Mane|spd|1\n|move|p2a: Giratina|Destiny Bond|p2a: Giratina\n|-singlemove|p2a: Giratina|Destiny Bond\n|\n|upkeep\n|turn|4\n|\n|t:|1698067638\n|move|p1a: Flutter Mane|Calm Mind|p1a: Flutter Mane\n|-boost|p1a: Flutter Mane|spa|1\n|-boost|p1a: Flutter Mane|spd|1\n|move|p2a: Giratina|Destiny Bond||[still]\n|-fail|p2a: Giratina\n|\n|upkeep\n|turn|5\n|\n|t:|1698067646\n|move|p1a: Flutter Mane|Shadow Ball|p2a: Giratina\n|-supereffective|p2a: Giratina\n|-damage|p2a: Giratina|0 fnt\n|faint|p2a: Giratina\n|\n|upkeep\n|\n|t:|1698067652\n|switch|p2a: Darkrai|Darkrai, shiny|100\/100\n|-damage|p2a: Darkrai|88\/100|[from] Stealth Rock\n|-status|p2a: Darkrai|psn\n|turn|6\n|\n|t:|1698067659\n|move|p1a: Flutter Mane|Draining Kiss|p2a: Darkrai\n|-supereffective|p2a: Darkrai\n|-damage|p2a: Darkrai|0 fnt\n|faint|p2a: Darkrai\n|\n|upkeep\n|\n|t:|1698067663\n|switch|p2a: Dialga|Dialga, shiny|100\/100\n|-damage|p2a: Dialga|94\/100|[from] Stealth Rock\n|-ability|p2a: Dialga|Pressure\n|turn|7\n|\n|t:|1698067672\n|move|p2a: Dialga|Protect|p2a: Dialga\n|-singleturn|p2a: Dialga|Protect\n|move|p1a: Flutter Mane|Mystical Fire|p2a: Dialga\n|-activate|p2a: Dialga|move: Protect\n|\n|upkeep\n|turn|8\n|\n|t:|1698067678\n|move|p1a: Flutter Mane|Mystical Fire|p2a: Dialga\n|-damage|p2a: Dialga|43\/100\n|-unboost|p2a: Dialga|spa|1\n|move|p2a: Dialga|Outrage|p1a: Flutter Mane\n|-immune|p1a: Flutter Mane\n|\n|upkeep\n|turn|9\n|c|\u2606z105|bro\n|\n|t:|1698067686\n|move|p2a: Dialga|Protect|p2a: Dialga\n|-singleturn|p2a: Dialga|Protect\n|move|p1a: Flutter Mane|Mystical Fire|p2a: Dialga\n|-activate|p2a: Dialga|move: Protect\n|\n|upkeep\n|turn|10\n|c|\u2606z105|you good?\n|\n|t:|1698067693\n|move|p2a: Dialga|Protect||[still]\n|-fail|p2a: Dialga\n|move|p1a: Flutter Mane|Mystical Fire|p2a: Dialga\n|-damage|p2a: Dialga|0 fnt\n|faint|p2a: Dialga\n|\n|upkeep\n|\n|t:|1698067699\n|switch|p2a: Zacian|Zacian-Crowned, shiny|100\/100\n|-damage|p2a: Zacian|94\/100|[from] Stealth Rock\n|-ability|p2a: Zacian|Intrepid Sword|boost\n|-boost|p2a: Zacian|atk|1\n|turn|11\n|\n|t:|1698067706\n|move|p1a: Flutter Mane|Mystical Fire|p2a: Zacian\n|-supereffective|p2a: Zacian\n|-damage|p2a: Zacian|2\/100\n|-unboost|p2a: Zacian|spa|1\n|move|p2a: Zacian|Moonblast|p1a: Flutter Mane\n|-damage|p1a: Flutter Mane|89\/100\n|\n|upkeep\n|turn|12\n|\n|t:|1698067723\n|move|p1a: Flutter Mane|Mystical Fire|p2a: Zacian\n|-supereffective|p2a: Zacian\n|-damage|p2a: Zacian|0 fnt\n|faint|p2a: Zacian\n|\n|upkeep\n|\n|t:|1698067728\n|switch|p2a: Palkia|Palkia, shiny|100\/100\n|-damage|p2a: Palkia|88\/100|[from] Stealth Rock\n|-status|p2a: Palkia|psn\n|-ability|p2a: Palkia|Pressure\n|turn|13\n|\n|t:|1698067734\n|move|p1a: Flutter Mane|Draining Kiss|p2a: Palkia\n|-supereffective|p2a: Palkia\n|-damage|p2a: Palkia|0 fnt\n|-heal|p1a: Flutter Mane|100\/100|[from] drain|[of] p2a: Palkia\n|faint|p2a: Palkia\n|\n|upkeep\n|\n|t:|1698067737\n|switch|p2a: Arceus|Arceus, shiny|100\/100\n|-damage|p2a: Arceus|88\/100|[from] Stealth Rock\n|-status|p2a: Arceus|psn\n|turn|14\n|\n|t:|1698067746\n|move|p1a: Flutter Mane|Mystical Fire|p2a: Arceus\n|-damage|p2a: Arceus|51\/100 psn\n|-unboost|p2a: Arceus|spa|1\n|move|p2a: Arceus|Flare Blitz|p1a: Flutter Mane\n|-damage|p1a: Flutter Mane|23\/100\n|-damage|p2a: Arceus|37\/100 psn|[from] Recoil\n|\n|-heal|p2a: Arceus|43\/100 psn|[from] item: Leftovers\n|-damage|p2a: Arceus|30\/100 psn|[from] psn\n|upkeep\n|turn|15\n|\n|t:|1698067762\n|-terastallize|p2a: Arceus|Normal\n|move|p1a: Flutter Mane|Draining Kiss|p2a: Arceus\n|-damage|p2a: Arceus|0 fnt\n|-heal|p1a: Flutter Mane|63\/100|[from] drain|[of] p2a: Arceus\n|faint|p2a: Arceus\n|\n|win|z105\n|raw|z105's rating: 1146 &rarr; <strong>1164<\/strong><br \/>(+18 for winning)\n|raw|ArthurCookieMaster's rating: 1043 &rarr; <strong>1031<\/strong><br \/>(-12 for losing)\n","uploadtime":1698067771,"views":10,"p1id":"z105","p2id":"arthurcookiemaster","formatid":"gen9ubers","rating":1031,"private":0,"password":""}