{"id":"gen9ubers-1995035127","p1":"Pickedman","p2":"Rei_darkness","format":"[Gen 9] Ubers","log":"|j|\u2606Pickedman\n|j|\u2606Rei_darkness\n|t:|1700515607\n|gametype|singles\n|player|p1|Pickedman|zinnia|\n|player|p2|Rei_darkness|drayden|\n|teamsize|p1|6\n|teamsize|p2|6\n|gen|9\n|tier|[Gen 9] Ubers\n|rule|Sleep Clause Mod: Limit one foe put to sleep\n|rule|Species Clause: Limit one of each Pok\u00e9mon\n|rule|OHKO Clause: OHKO moves are banned\n|rule|Evasion Items Clause: Evasion items are banned\n|rule|Evasion Moves Clause: Evasion moves are banned\n|rule|Endless Battle Clause: Forcing endless battles is banned\n|rule|HP Percentage Mod: HP is shown in percentages\n|clearpoke\n|poke|p1|Koraidon|\n|poke|p1|Calyrex-Ice|\n|poke|p1|Gliscor, M|\n|poke|p1|Alomomola, M|\n|poke|p1|Lucario, M|\n|poke|p1|Slowking-Galar, M|\n|poke|p2|Ribombee, M|\n|poke|p2|Thundurus, M|\n|poke|p2|Iron Jugulis|\n|poke|p2|Weezing-Galar, M|\n|poke|p2|Palafin, F|\n|poke|p2|Annihilape, F|\n|teampreview\n|c|\u2606Rei_darkness|made no alterations, i think my team is almost sound\n|c|\u2606Rei_darkness|I just need to play better\n|\n|t:|1700515675\n|start\n|switch|p1a: BlueRoom(KZVer)|Gliscor, M|100\/100\n|switch|p2a: Ribombee|Ribombee, M|100\/100\n|turn|1\n|\n|t:|1700515692\n|switch|p1a: Snow|Slowking-Galar, M|100\/100\n|move|p2a: Ribombee|Stun Spore|p1a: Snow|[miss]\n|-miss|p2a: Ribombee|p1a: Snow\n|\n|upkeep\n|turn|2\n|\n|t:|1700515700\n|move|p2a: Ribombee|Sticky Web|p1a: Snow\n|-sidestart|p1: Pickedman|move: Sticky Web\n|move|p1a: Snow|Chilly Reception|p1a: Snow\n|-weather|Snow\n|\n|t:|1700515706\n|switch|p1a: BlueRoom(KZVer)|Gliscor, M|100\/100|[from] Chilly Reception\n|\n|-weather|Snow|[upkeep]\n|-status|p1a: BlueRoom(KZVer)|tox|[from] item: Toxic Orb\n|upkeep\n|turn|3\n|\n|t:|1700515720\n|switch|p2a: Annihilape|Annihilape, F|100\/100\n|move|p1a: BlueRoom(KZVer)|Taunt|p2a: Annihilape\n|-start|p2a: Annihilape|move: Taunt\n|\n|-weather|Snow|[upkeep]\n|upkeep\n|turn|4\n|\n|t:|1700515732\n|switch|p1a: Sneaky Driver|Alomomola, M|100\/100\n|-activate|p1a: Sneaky Driver|move: Sticky Web\n|-unboost|p1a: Sneaky Driver|spe|1\n|move|p2a: Annihilape|Night Shade|p1a: Sneaky Driver\n|-damage|p1a: Sneaky Driver|82\/100\n|\n|-weather|Snow|[upkeep]\n|upkeep\n|turn|5\n|\n|t:|1700515751\n|switch|p2a: Weezing|Weezing-Galar, M|100\/100\n|-fieldstart|move: Misty Terrain|[from] ability: Misty Surge|[of] p2a: Weezing\n|switch|p1a: BlueRoom(KZVer)|Gliscor, M|100\/100 tox\n|\n|-weather|Snow|[upkeep]\n|upkeep\n|turn|6\n|\n|t:|1700515762\n|switch|p2a: Annihilape|Annihilape, F|100\/100\n|move|p1a: BlueRoom(KZVer)|Stealth Rock|p2a: Annihilape\n|-sidestart|p2: Rei_darkness|move: Stealth Rock\n|\n|-weather|none\n|upkeep\n|turn|7\n|\n|t:|1700515773\n|switch|p2a: Thundurus|Thundurus, M|100\/100\n|-damage|p2a: Thundurus|76\/100|[from] Stealth Rock\n|-enditem|p2a: Thundurus|Misty Seed\n|-boost|p2a: Thundurus|spd|1|[from] item: Misty Seed\n|move|p1a: BlueRoom(KZVer)|Spikes|p2a: Thundurus\n|-sidestart|p2: Rei_darkness|Spikes\n|\n|upkeep\n|turn|8\n|\n|t:|1700515781\n|move|p2a: Thundurus|Brick Break|p1a: BlueRoom(KZVer)\n|-resisted|p1a: BlueRoom(KZVer)\n|-damage|p1a: BlueRoom(KZVer)|93\/100 tox\n|move|p1a: BlueRoom(KZVer)|Toxic|p2a: Thundurus\n|-status|p2a: Thundurus|tox\n|\n|-damage|p2a: Thundurus|70\/100 tox|[from] psn\n|-heal|p1a: BlueRoom(KZVer)|100\/100 tox|[from] ability: Poison Heal\n|upkeep\n|turn|9\n|\n|t:|1700515792\n|move|p2a: Thundurus|Bulk Up|p2a: Thundurus\n|-boost|p2a: Thundurus|atk|1\n|-boost|p2a: Thundurus|def|1\n|move|p1a: BlueRoom(KZVer)|Taunt|p2a: Thundurus\n|-start|p2a: Thundurus|move: Taunt\n|\n|-damage|p2a: Thundurus|57\/100 tox|[from] psn\n|-fieldend|Misty Terrain\n|upkeep\n|turn|10\n|c|\u2606Rei_darkness|misclick\n|\n|t:|1700515800\n|move|p2a: Thundurus|Acrobatics|p1a: BlueRoom(KZVer)\n|-damage|p1a: BlueRoom(KZVer)|48\/100 tox\n|move|p1a: BlueRoom(KZVer)|Spikes|p2a: Thundurus\n|-sidestart|p2: Rei_darkness|Spikes\n|\n|-damage|p2a: Thundurus|39\/100 tox|[from] psn\n|-heal|p1a: BlueRoom(KZVer)|60\/100 tox|[from] ability: Poison Heal\n|upkeep\n|turn|11\n|\n|t:|1700515816\n|switch|p1a: Sneaky Driver|Alomomola, M|100\/100\n|-activate|p1a: Sneaky Driver|move: Sticky Web\n|-unboost|p1a: Sneaky Driver|spe|1\n|move|p2a: Thundurus|Knock Off|p1a: Sneaky Driver\n|-damage|p1a: Sneaky Driver|73\/100\n|-damage|p2a: Thundurus|23\/100 tox|[from] item: Rocky Helmet|[of] p1a: Sneaky Driver\n|-enditem|p1a: Sneaky Driver|Rocky Helmet|[from] move: Knock Off|[of] p2a: Thundurus\n|\n|-damage|p2a: Thundurus|0 fnt|[from] psn\n|faint|p2a: Thundurus\n|upkeep\n|\n|t:|1700515830\n|switch|p2a: Weezing|Weezing-Galar, M|100\/100\n|-damage|p2a: Weezing|88\/100|[from] Stealth Rock\n|-damage|p2a: Weezing|72\/100|[from] Spikes\n|-fieldstart|move: Misty Terrain|[from] ability: Misty Surge|[of] p2a: Weezing\n|turn|12\n|\n|t:|1700515841\n|move|p2a: Weezing|Defog|p1a: Sneaky Driver\n|-unboost|p1a: Sneaky Driver|evasion|1\n|-sideend|p1: Pickedman|Sticky Web|[from] move: Defog|[of] p2a: Weezing\n|-sideend|p2: Rei_darkness|Spikes|[from] move: Defog|[of] p2a: Weezing\n|-sideend|p2: Rei_darkness|Stealth Rock|[from] move: Defog|[of] p2a: Weezing\n|-fieldend|Misty Terrain\n|move|p1a: Sneaky Driver|Whirlpool|p2a: Weezing\n|-damage|p2a: Weezing|63\/100\n|-activate|p2a: Weezing|move: Whirlpool|[of] p1a: Sneaky Driver\n|\n|-heal|p2a: Weezing|69\/100|[from] item: Leftovers\n|-damage|p2a: Weezing|56\/100|[from] move: Whirlpool|[partiallytrapped]\n|upkeep\n|turn|13\n|\n|t:|1700515889\n|move|p2a: Weezing|Pain Split|p1a: Sneaky Driver\n|-sethp|p1a: Sneaky Driver|54\/100|[from] move: Pain Split|[silent]\n|-sethp|p2a: Weezing|86\/100|[from] move: Pain Split\n|move|p1a: Sneaky Driver|Wish|p1a: Sneaky Driver\n|\n|-heal|p2a: Weezing|92\/100|[from] item: Leftovers\n|-damage|p2a: Weezing|80\/100|[from] move: Whirlpool|[partiallytrapped]\n|upkeep\n|turn|14\n|\n|t:|1700515915\n|move|p2a: Weezing|Strange Steam|p1a: Sneaky Driver\n|-damage|p1a: Sneaky Driver|24\/100\n|move|p1a: Sneaky Driver|Scald|p2a: Weezing\n|-damage|p2a: Weezing|62\/100\n|-status|p2a: Weezing|brn\n|\n|-heal|p1a: Sneaky Driver|74\/100|[from] move: Wish|[wisher] Sneaky Driver\n|-heal|p2a: Weezing|68\/100 brn|[from] item: Leftovers\n|-damage|p2a: Weezing|62\/100 brn|[from] brn\n|-damage|p2a: Weezing|50\/100 brn|[from] move: Whirlpool|[partiallytrapped]\n|upkeep\n|turn|15\n|\n|t:|1700515946\n|move|p2a: Weezing|Pain Split|p1a: Sneaky Driver\n|-sethp|p1a: Sneaky Driver|53\/100|[from] move: Pain Split|[silent]\n|-sethp|p2a: Weezing|84\/100 brn|[from] move: Pain Split\n|move|p1a: Sneaky Driver|Wish|p1a: Sneaky Driver\n|\n|-heal|p2a: Weezing|90\/100 brn|[from] item: Leftovers\n|-damage|p2a: Weezing|84\/100 brn|[from] brn\n|-damage|p2a: Weezing|72\/100 brn|[from] move: Whirlpool|[partiallytrapped]\n|upkeep\n|turn|16\n|\n|t:|1700515955\n|move|p1a: Sneaky Driver|Protect|p1a: Sneaky Driver\n|-singleturn|p1a: Sneaky Driver|Protect\n|move|p2a: Weezing|Strange Steam|p1a: Sneaky Driver\n|-activate|p1a: Sneaky Driver|move: Protect\n|\n|-heal|p1a: Sneaky Driver|100\/100|[from] move: Wish|[wisher] Sneaky Driver\n|-heal|p2a: Weezing|78\/100 brn|[from] item: Leftovers\n|-damage|p2a: Weezing|72\/100 brn|[from] brn\n|-damage|p2a: Weezing|59\/100 brn|[from] move: Whirlpool|[partiallytrapped]\n|upkeep\n|turn|17\n|\n|t:|1700515965\n|switch|p1a: Full Confession|Lucario, M|100\/100\n|move|p2a: Weezing|Pain Split|p1a: Full Confession\n|-sethp|p1a: Full Confession|86\/100|[from] move: Pain Split|[silent]\n|-sethp|p2a: Weezing|72\/100 brn|[from] move: Pain Split\n|\n|-heal|p2a: Weezing|78\/100 brn|[from] item: Leftovers\n|-damage|p2a: Weezing|72\/100 brn|[from] brn\n|-end|p2a: Weezing|Whirlpool|[partiallytrapped]\n|upkeep\n|turn|18\n|\n|t:|1700516027\n|switch|p2a: Palafin|Palafin, F|100\/100\n|move|p1a: Full Confession|Meteor Mash|p2a: Palafin\n|-resisted|p2a: Palafin\n|-crit|p2a: Palafin\n|-damage|p2a: Palafin|49\/100\n|-boost|p1a: Full Confession|atk|1\n|-damage|p1a: Full Confession|76\/100|[from] item: Life Orb\n|\n|upkeep\n|turn|19\n|c|\u2606Pickedman|ty daniel\n|\n|t:|1700516048\n|detailschange|p2a: Palafin|Palafin-Hero, F\n|switch|p2a: Ribombee|Ribombee, M|100\/100\n|move|p1a: Full Confession|Swords Dance|p1a: Full Confession\n|-boost|p1a: Full Confession|atk|2\n|\n|upkeep\n|turn|20\n|\n|t:|1700516080\n|move|p2a: Ribombee|Sticky Web|p1a: Full Confession\n|-sidestart|p1: Pickedman|move: Sticky Web\n|move|p1a: Full Confession|Meteor Mash|p2a: Ribombee\n|-supereffective|p2a: Ribombee\n|-enditem|p2a: Ribombee|Focus Sash\n|-damage|p2a: Ribombee|1\/100\n|-boost|p1a: Full Confession|atk|1\n|-damage|p1a: Full Confession|66\/100|[from] item: Life Orb\n|\n|upkeep\n|turn|21\n|\n|t:|1700516095\n|move|p2a: Ribombee|Stun Spore|p1a: Full Confession\n|-status|p1a: Full Confession|par\n|move|p1a: Full Confession|Meteor Mash|p2a: Ribombee\n|-supereffective|p2a: Ribombee\n|-damage|p2a: Ribombee|0 fnt\n|faint|p2a: Ribombee\n|-damage|p1a: Full Confession|56\/100 par|[from] item: Life Orb\n|\n|upkeep\n|\n|t:|1700516107\n|switch|p2a: Annihilape|Annihilape, F|100\/100\n|turn|22\n|\n|t:|1700516116\n|move|p2a: Annihilape|Final Gambit|p1a: Full Confession\n|-damage|p1a: Full Confession|0 fnt\n|faint|p2a: Annihilape\n|faint|p1a: Full Confession\n|\n|upkeep\n|\n|t:|1700516128\n|switch|p1a: BreathOfASerpent|Koraidon|100\/100\n|switch|p2a: Palafin|Palafin-Hero, F|49\/100\n|-activate|p1a: BreathOfASerpent|move: Sticky Web\n|-unboost|p1a: BreathOfASerpent|spe|1\n|-weather|SunnyDay|[from] ability: Orichalcum Pulse|[of] p1a: BreathOfASerpent\n|-activate|p1a: BreathOfASerpent|Orichalcum Pulse|[source]\n|-activate|p2a: Palafin|ability: Zero to Hero\n|turn|23\n|\n|t:|1700516137\n|switch|p1a: Snow|Slowking-Galar, M|100\/100\n|-terastallize|p2a: Palafin|Normal\n|move|p2a: Palafin|Boomburst|p1a: Snow\n|-damage|p1a: Snow|42\/100\n|\n|-weather|SunnyDay|[upkeep]\n|upkeep\n|turn|24\n|\n|t:|1700516169\n|move|p2a: Palafin|Boomburst|p1a: Snow\n|-damage|p1a: Snow|0 fnt\n|faint|p1a: Snow\n|\n|-weather|SunnyDay|[upkeep]\n|upkeep\n|\n|t:|1700516174\n|switch|p1a: BreathOfASerpent|Koraidon|100\/100\n|-activate|p1a: BreathOfASerpent|move: Sticky Web\n|-unboost|p1a: BreathOfASerpent|spe|1\n|-activate|p1a: BreathOfASerpent|ability: Orichalcum Pulse\n|turn|25\n|\n|t:|1700516178\n|-terastallize|p1a: BreathOfASerpent|Ghost\n|move|p2a: Palafin|Boomburst|p1a: BreathOfASerpent\n|-immune|p1a: BreathOfASerpent\n|move|p1a: BreathOfASerpent|Substitute|p1a: BreathOfASerpent\n|-start|p1a: BreathOfASerpent|Substitute\n|-damage|p1a: BreathOfASerpent|75\/100\n|\n|-weather|SunnyDay|[upkeep]\n|upkeep\n|turn|26\n|\n|t:|1700516188\n|switch|p2a: Weezing|Weezing-Galar, M|72\/100 brn\n|-fieldstart|move: Misty Terrain|[from] ability: Misty Surge|[of] p2a: Weezing\n|move|p1a: BreathOfASerpent|Ancient Power|p2a: Weezing\n|-damage|p2a: Weezing|52\/100 brn\n|-boost|p1a: BreathOfASerpent|atk|1\n|-boost|p1a: BreathOfASerpent|def|1\n|-boost|p1a: BreathOfASerpent|spa|1\n|-boost|p1a: BreathOfASerpent|spd|1\n|-boost|p1a: BreathOfASerpent|spe|1\n|\n|-weather|SunnyDay|[upkeep]\n|-heal|p2a: Weezing|58\/100 brn|[from] item: Leftovers\n|-damage|p2a: Weezing|52\/100 brn|[from] brn\n|upkeep\n|turn|27\n|c|\u2606Rei_darkness|:(\n|c|\u2606Rei_darkness|gg\n|\n|t:|1700516204\n|move|p1a: BreathOfASerpent|Flamethrower|p2a: Weezing\n|-damage|p2a: Weezing|0 fnt\n|faint|p2a: Weezing\n|\n|-weather|none\n|upkeep\n|c|\u2606Pickedman|gg\n|c|\u2606Rei_darkness|wp\n|c|\u2606Pickedman|u2\n|\n|t:|1700516210\n|switch|p2a: Iron Jugulis|Iron Jugulis|100\/100\n|-enditem|p2a: Iron Jugulis|Booster Energy\n|-activate|p2a: Iron Jugulis|ability: Quark Drive|[fromitem]\n|-start|p2a: Iron Jugulis|quarkdrivespe\n|turn|28\n|\n|t:|1700516218\n|move|p2a: Iron Jugulis|Acrobatics|p1a: BreathOfASerpent\n|-activate|p1a: BreathOfASerpent|move: Substitute|[damage]\n|move|p1a: BreathOfASerpent|Ancient Power|p2a: Iron Jugulis\n|-supereffective|p2a: Iron Jugulis\n|-damage|p2a: Iron Jugulis|45\/100\n|\n|upkeep\n|turn|29\n|-message|Rei_darkness forfeited.\n|\n|win|Pickedman\n","uploadtime":1700516234,"views":18,"p1id":"pickedman","p2id":"reidarkness","formatid":"gen9ubers","rating":0,"private":0,"password":""}