{"id":"gen9ubers-1986882691","p1":"Abe_Hanabi","p2":"MoldyGG","format":"[Gen 9] Ubers","log":"|j|\u2606Abe_Hanabi\n|j|\u2606MoldyGG\n|t:|1699537490\n|gametype|singles\n|player|p1|Abe_Hanabi|pokemonbreeder-gen4|1157\n|player|p2|MoldyGG|elesa-gen5bw2|1343\n|teamsize|p1|6\n|teamsize|p2|6\n|gen|9\n|tier|[Gen 9] Ubers\n|rated|\n|rule|Sleep Clause Mod: Limit one foe put to sleep\n|rule|Species Clause: Limit one of each Pok\u00e9mon\n|rule|OHKO Clause: OHKO moves are banned\n|rule|Evasion Items Clause: Evasion items are banned\n|rule|Evasion Moves Clause: Evasion moves are banned\n|rule|Endless Battle Clause: Forcing endless battles is banned\n|rule|HP Percentage Mod: HP is shown in percentages\n|clearpoke\n|poke|p1|Annihilape, M|\n|poke|p1|Landorus, M|\n|poke|p1|Regieleki|\n|poke|p1|Zacian-*|\n|poke|p1|Baxcalibur, M|\n|poke|p1|Ogerpon-Hearthflame, F|\n|poke|p2|Calyrex-Ice|\n|poke|p2|Koraidon|\n|poke|p2|Toxapex, M|\n|poke|p2|Ting-Lu|\n|poke|p2|Arceus|\n|poke|p2|Miraidon|\n|teampreview\n|inactive|Battle timer is ON: inactive players will automatically lose when time's up. (requested by Abe_Hanabi)\n|\n|t:|1699537516\n|start\n|switch|p1a: Landorus|Landorus, M|100\/100\n|switch|p2a: Koraidon|Koraidon|100\/100\n|-weather|SunnyDay|[from] ability: Orichalcum Pulse|[of] p2a: Koraidon\n|-activate|p2a: Koraidon|Orichalcum Pulse|[source]\n|turn|1\n|inactive|Abe_Hanabi has 120 seconds left.\n|inactive|Abe_Hanabi has 90 seconds left.\n|inactive|Abe_Hanabi has 60 seconds left.\n|\n|t:|1699537625\n|move|p2a: Koraidon|U-turn|p1a: Landorus\n|-resisted|p1a: Landorus\n|-damage|p1a: Landorus|82\/100\n|inactive|MoldyGG has 120 seconds left.\n|inactive|MoldyGG has 90 seconds left.\n|inactive|MoldyGG has 60 seconds left.\n|\n|t:|1699537719\n|switch|p2a: Calyrex|Calyrex-Ice|100\/100|[from] U-turn\n|-ability|p2a: Calyrex|As One\n|-ability|p2a: Calyrex|Unnerve\n|move|p1a: Landorus|Stealth Rock|p2a: Calyrex\n|-sidestart|p2: MoldyGG|move: Stealth Rock\n|\n|-weather|SunnyDay|[upkeep]\n|upkeep\n|turn|2\n|\n|t:|1699537729\n|move|p1a: Landorus|U-turn|p2a: Calyrex\n|-supereffective|p2a: Calyrex\n|-damage|p2a: Calyrex|78\/100\n|\n|t:|1699537739\n|switch|p1a: Zacian|Zacian-Crowned|100\/100|[from] U-turn\n|-ability|p1a: Zacian|Intrepid Sword|boost\n|-boost|p1a: Zacian|atk|1\n|move|p2a: Calyrex|Trick Room|p2a: Calyrex\n|-fieldstart|move: Trick Room|[of] p2a: Calyrex\n|\n|-weather|SunnyDay|[upkeep]\n|upkeep\n|turn|3\n|\n|t:|1699537754\n|-terastallize|p2a: Calyrex|Fire\n|move|p2a: Calyrex|Swords Dance|p2a: Calyrex\n|-boost|p2a: Calyrex|atk|2\n|move|p1a: Zacian|Behemoth Blade|p2a: Calyrex\n|-resisted|p2a: Calyrex\n|-damage|p2a: Calyrex|51\/100\n|\n|-weather|SunnyDay|[upkeep]\n|upkeep\n|turn|4\n|\n|t:|1699537764\n|move|p2a: Calyrex|High Horsepower|p1a: Zacian\n|-supereffective|p1a: Zacian\n|-damage|p1a: Zacian|0 fnt\n|faint|p1a: Zacian\n|-ability|p2a: Calyrex|Chilling Neigh|boost\n|-boost|p2a: Calyrex|atk|1\n|\n|-weather|SunnyDay|[upkeep]\n|upkeep\n|\n|t:|1699537791\n|switch|p1a: Baxcalibur|Baxcalibur, M|100\/100\n|turn|5\n|inactive|MoldyGG has 90 seconds left.\n|\n|t:|1699537803\n|move|p2a: Calyrex|Glacial Lance|p1a: Baxcalibur\n|-damage|p1a: Baxcalibur|0 fnt\n|faint|p1a: Baxcalibur\n|-ability|p2a: Calyrex|Chilling Neigh|boost\n|-boost|p2a: Calyrex|atk|1\n|\n|-weather|none\n|upkeep\n|\n|t:|1699537811\n|switch|p1a: Annihilape|Annihilape, M|100\/100\n|turn|6\n|inactive|MoldyGG has 90 seconds left.\n|\n|t:|1699537850\n|-terastallize|p1a: Annihilape|Ghost\n|move|p2a: Calyrex|Glacial Lance|p1a: Annihilape\n|-damage|p1a: Annihilape|0 fnt\n|faint|p1a: Annihilape\n|-ability|p2a: Calyrex|Chilling Neigh|boost\n|-boost|p2a: Calyrex|atk|1\n|\n|-fieldend|move: Trick Room\n|upkeep\n|inactive|Abe_Hanabi has 30 seconds left.\n|inactive|Abe_Hanabi has 20 seconds left.\n|inactive|Abe_Hanabi has 15 seconds left.\n|\n|t:|1699537889\n|switch|p1a: Regieleki|Regieleki|100\/100\n|turn|7\n|inactive|Abe_Hanabi has 25 seconds left this turn.\n|\n|t:|1699537900\n|move|p1a: Regieleki|Thunderbolt|p2a: Calyrex\n|-damage|p2a: Calyrex|11\/100\n|move|p2a: Calyrex|Trick Room|p2a: Calyrex\n|-fieldstart|move: Trick Room|[of] p2a: Calyrex\n|\n|upkeep\n|turn|8\n|inactive|Abe_Hanabi has 30 seconds left.\n|\n|t:|1699537908\n|move|p2a: Calyrex|High Horsepower|p1a: Regieleki\n|-supereffective|p1a: Regieleki\n|-damage|p1a: Regieleki|0 fnt\n|faint|p1a: Regieleki\n|-ability|p2a: Calyrex|Chilling Neigh|boost\n|-boost|p2a: Calyrex|atk|1\n|\n|upkeep\n|inactive|Abe_Hanabi has 30 seconds left.\n|\n|t:|1699537914\n|switch|p1a: Ogerpon|Ogerpon-Hearthflame, F|100\/100\n|-ability|p1a: Ogerpon|Mold Breaker\n|turn|9\n|\n|t:|1699537920\n|move|p2a: Calyrex|Glacial Lance|p1a: Ogerpon\n|-damage|p1a: Ogerpon|0 fnt\n|faint|p1a: Ogerpon\n|\n|upkeep\n|\n|t:|1699537924\n|switch|p1a: Landorus|Landorus, M|82\/100\n|turn|10\n|\n|t:|1699537928\n|move|p2a: Calyrex|Glacial Lance|p1a: Landorus\n|-supereffective|p1a: Landorus\n|-damage|p1a: Landorus|0 fnt\n|faint|p1a: Landorus\n|\n|win|MoldyGG\n|raw|Abe_Hanabi's rating: 1157 &rarr; <strong>1143<\/strong><br \/>(-14 for losing)\n|raw|MoldyGG's rating: 1315 &rarr; <strong>1326<\/strong><br \/>(+11 for winning)\n","uploadtime":1699537931,"views":4,"p1id":"abehanabi","p2id":"moldygg","formatid":"gen9ubers","rating":1143,"private":0,"password":""}