{"id":"gen9ubers-1998309215","p1":"heruska","p2":"Anne Frankkkk","format":"[Gen 9] Ubers","log":"|j|\u2606heruska\n|j|\u2606Anne Frankkkk\n|t:|1700927716\n|gametype|singles\n|player|p1|heruska|lance|1071\n|player|p2|Anne Frankkkk|hilbert|1148\n|teamsize|p1|6\n|teamsize|p2|6\n|gen|9\n|tier|[Gen 9] Ubers\n|rated|\n|rule|Sleep Clause Mod: Limit one foe put to sleep\n|rule|Species Clause: Limit one of each Pok\u00e9mon\n|rule|OHKO Clause: OHKO moves are banned\n|rule|Evasion Items Clause: Evasion items are banned\n|rule|Evasion Moves Clause: Evasion moves are banned\n|rule|Endless Battle Clause: Forcing endless battles is banned\n|rule|HP Percentage Mod: HP is shown in percentages\n|clearpoke\n|poke|p1|Palafin, F|\n|poke|p1|Gholdengo|\n|poke|p1|Groudon|\n|poke|p1|Ditto|\n|poke|p1|Zacian-*|\n|poke|p1|Great Tusk|\n|poke|p2|Regieleki|\n|poke|p2|Kyogre|\n|poke|p2|Chien-Pao|\n|poke|p2|Ribombee, F|\n|poke|p2|Miraidon|\n|poke|p2|Flutter Mane|\n|teampreview\n|\n|t:|1700927725\n|start\n|switch|p1a: Fantasmiko|Gholdengo, shiny|100\/100\n|switch|p2a: Misdreavius|Flutter Mane, shiny|100\/100\n|-enditem|p2a: Misdreavius|Booster Energy\n|-activate|p2a: Misdreavius|ability: Protosynthesis|[fromitem]\n|-start|p2a: Misdreavius|protosynthesisspe\n|turn|1\n|inactive|Battle timer is ON: inactive players will automatically lose when time's up. (requested by Anne Frankkkk)\n|\n|t:|1700927736\n|move|p2a: Misdreavius|Shadow Ball|p1a: Fantasmiko\n|-supereffective|p1a: Fantasmiko\n|-damage|p1a: Fantasmiko|0 fnt\n|faint|p1a: Fantasmiko\n|\n|upkeep\n|\n|t:|1700927741\n|switch|p1a: Babosa|Ditto|100\/100\n|-transform|p1a: Babosa|p2a: Misdreavius|[from] ability: Imposter\n|turn|2\n|\n|t:|1700927748\n|move|p2a: Misdreavius|Shadow Ball|p1a: Babosa\n|-supereffective|p1a: Babosa\n|-damage|p1a: Babosa|20\/100\n|move|p1a: Babosa|Shadow Ball|p2a: Misdreavius\n|-supereffective|p2a: Misdreavius\n|-damage|p2a: Misdreavius|14\/100\n|\n|-heal|p1a: Babosa|26\/100|[from] item: Leftovers\n|upkeep\n|turn|3\n|\n|t:|1700927756\n|move|p2a: Misdreavius|Shadow Ball|p1a: Babosa\n|-supereffective|p1a: Babosa\n|-damage|p1a: Babosa|0 fnt\n|faint|p1a: Babosa\n|-end|p1a: Babosa|Protosynthesis|[silent]\n|\n|upkeep\n|\n|t:|1700927759\n|switch|p1a: Palalalalala|Palafin, F, shiny|100\/100\n|turn|4\n|\n|t:|1700927762\n|move|p2a: Misdreavius|Moonblast|p1a: Palalalalala\n|-damage|p1a: Palalalalala|29\/100\n|-unboost|p1a: Palalalalala|spa|1\n|move|p1a: Palalalalala|Flip Turn|p2a: Misdreavius\n|-damage|p2a: Misdreavius|0 fnt\n|faint|p2a: Misdreavius\n|-end|p2a: Misdreavius|Protosynthesis|[silent]\n|\n|t:|1700927773\n|detailschange|p1a: Palalalalala|Palafin-Hero, F, shiny\n|switch|p1a: Rabolargo|Great Tusk|100\/100|[from] Flip Turn\n|\n|upkeep\n|\n|t:|1700927779\n|switch|p2a: Cyber Lizard|Miraidon|100\/100\n|-fieldstart|move: Electric Terrain|[from] ability: Hadron Engine|[of] p2a: Cyber Lizard\n|-item|p2a: Cyber Lizard|Air Balloon\n|turn|5\n|\n|t:|1700927786\n|move|p2a: Cyber Lizard|Calm Mind|p2a: Cyber Lizard\n|-boost|p2a: Cyber Lizard|spa|1\n|-boost|p2a: Cyber Lizard|spd|1\n|move|p1a: Rabolargo|Ice Spinner|p2a: Cyber Lizard\n|-supereffective|p2a: Cyber Lizard\n|-damage|p2a: Cyber Lizard|49\/100\n|-enditem|p2a: Cyber Lizard|Air Balloon\n|-fieldend|move: Electric Terrain\n|\n|upkeep\n|turn|6\n|\n|t:|1700927791\n|move|p2a: Cyber Lizard|Dragon Pulse|p1a: Rabolargo\n|-damage|p1a: Rabolargo|0 fnt\n|faint|p1a: Rabolargo\n|-end|p1a: Rabolargo|Protosynthesis|[silent]\n|\n|upkeep\n|\n|t:|1700927796\n|switch|p1a: Zacichocho|Zacian-Crowned, shiny|100\/100\n|-ability|p1a: Zacichocho|Intrepid Sword|boost\n|-boost|p1a: Zacichocho|atk|1\n|turn|7\n|\n|t:|1700927799\n|move|p1a: Zacichocho|Play Rough|p2a: Cyber Lizard\n|-supereffective|p2a: Cyber Lizard\n|-crit|p2a: Cyber Lizard\n|-damage|p2a: Cyber Lizard|0 fnt\n|faint|p2a: Cyber Lizard\n|\n|upkeep\n|\n|t:|1700927802\n|switch|p2a: Moonblast|Ribombee, F, shiny|100\/100\n|turn|8\n|\n|t:|1700927811\n|move|p1a: Zacichocho|Poison Jab|p2a: Moonblast\n|-supereffective|p2a: Moonblast\n|-enditem|p2a: Moonblast|Focus Sash\n|-damage|p2a: Moonblast|1\/100\n|move|p2a: Moonblast|Stun Spore|p1a: Zacichocho\n|-status|p1a: Zacichocho|par\n|\n|upkeep\n|turn|9\n|\n|t:|1700927817\n|move|p2a: Moonblast|Sticky Web|p1a: Zacichocho\n|-sidestart|p1: heruska|move: Sticky Web\n|move|p1a: Zacichocho|Poison Jab|p2a: Moonblast\n|-supereffective|p2a: Moonblast\n|-damage|p2a: Moonblast|0 fnt\n|faint|p2a: Moonblast\n|\n|upkeep\n|\n|t:|1700927820\n|switch|p2a: OHKO|Kyogre|100\/100\n|-weather|RainDance|[from] ability: Drizzle|[of] p2a: OHKO\n|turn|10\n|\n|t:|1700927833\n|switch|p1a: Palalalalala|Palafin-Hero, F, shiny|29\/100\n|-activate|p1a: Palalalalala|move: Sticky Web\n|-unboost|p1a: Palalalalala|spe|1\n|-activate|p1a: Palalalalala|ability: Zero to Hero\n|move|p2a: OHKO|Water Spout|p1a: Palalalalala\n|-resisted|p1a: Palalalalala\n|-damage|p1a: Palalalalala|0 fnt\n|faint|p1a: Palalalalala\n|\n|-weather|RainDance|[upkeep]\n|upkeep\n|\n|t:|1700927837\n|switch|p1a: Grouchi\u00f1o|Groudon, shiny|100\/100\n|-activate|p1a: Grouchi\u00f1o|move: Sticky Web\n|-unboost|p1a: Grouchi\u00f1o|spe|1\n|-weather|SunnyDay|[from] ability: Drought|[of] p1a: Grouchi\u00f1o\n|turn|11\n|\n|t:|1700927842\n|move|p2a: OHKO|Water Spout|p1a: Grouchi\u00f1o\n|-supereffective|p1a: Grouchi\u00f1o\n|-damage|p1a: Grouchi\u00f1o|4\/100\n|move|p1a: Grouchi\u00f1o|Will-O-Wisp|p2a: OHKO\n|-status|p2a: OHKO|brn\n|\n|-weather|SunnyDay|[upkeep]\n|-heal|p1a: Grouchi\u00f1o|10\/100|[from] item: Leftovers\n|-damage|p2a: OHKO|94\/100 brn|[from] brn\n|upkeep\n|turn|12\n|\n|t:|1700927846\n|move|p2a: OHKO|Water Spout|p1a: Grouchi\u00f1o\n|-supereffective|p1a: Grouchi\u00f1o\n|-damage|p1a: Grouchi\u00f1o|0 fnt\n|faint|p1a: Grouchi\u00f1o\n|\n|-weather|SunnyDay|[upkeep]\n|-damage|p2a: OHKO|88\/100 brn|[from] brn\n|upkeep\n|\n|t:|1700927853\n|switch|p1a: Zacichocho|Zacian-Crowned, shiny|100\/100 par\n|-activate|p1a: Zacichocho|move: Sticky Web\n|-unboost|p1a: Zacichocho|spe|1\n|turn|13\n|\n|t:|1700927864\n|-terastallize|p2a: OHKO|Water\n|-terastallize|p1a: Zacichocho|Fairy\n|move|p2a: OHKO|Water Spout|p1a: Zacichocho\n|-damage|p1a: Zacichocho|26\/100 par\n|move|p1a: Zacichocho|Play Rough|p2a: OHKO\n|-damage|p2a: OHKO|15\/100 brn\n|\n|-weather|SunnyDay|[upkeep]\n|-damage|p2a: OHKO|9\/100 brn|[from] brn\n|upkeep\n|turn|14\n|\n|t:|1700927870\n|move|p2a: OHKO|Water Spout|p1a: Zacichocho\n|-damage|p1a: Zacichocho|19\/100 par\n|move|p1a: Zacichocho|Poison Jab|p2a: OHKO\n|-damage|p2a: OHKO|0 fnt\n|faint|p2a: OHKO\n|\n|-weather|SunnyDay|[upkeep]\n|upkeep\n|\n|t:|1700927876\n|switch|p2a: Bzzzzt|Regieleki, shiny|100\/100\n|turn|15\n|\n|t:|1700927879\n|move|p2a: Bzzzzt|Volt Switch|p1a: Zacichocho\n|-damage|p1a: Zacichocho|0 fnt\n|faint|p1a: Zacichocho\n|\n|win|Anne Frankkkk\n|raw|heruska's rating: 1071 &rarr; <strong>1055<\/strong><br \/>(-16 for losing)\n|raw|Anne Frankkkk's rating: 1148 &rarr; <strong>1168<\/strong><br \/>(+20 for winning)\n|l|\u2606heruska\n","uploadtime":1700927892,"views":0,"p1id":"heruska","p2id":"annefrankkkk","formatid":"gen9ubers","rating":1055,"private":0,"password":""}