{"id":"gen9ubers-1978786512","p1":"Bradofax","p2":"Godspeed06","format":"[Gen 9] Ubers","log":"|j|\u2606Bradofax\n|j|\u2606Godspeed06\n|t:|1698595072\n|gametype|singles\n|player|p1|Bradofax|169|1161\n|player|p2|Godspeed06|sabrina|1198\n|teamsize|p1|6\n|teamsize|p2|6\n|gen|9\n|tier|[Gen 9] Ubers\n|rated|\n|rule|Sleep Clause Mod: Limit one foe put to sleep\n|rule|Species Clause: Limit one of each Pok\u00e9mon\n|rule|OHKO Clause: OHKO moves are banned\n|rule|Evasion Items Clause: Evasion items are banned\n|rule|Evasion Moves Clause: Evasion moves are banned\n|rule|Endless Battle Clause: Forcing endless battles is banned\n|rule|HP Percentage Mod: HP is shown in percentages\n|clearpoke\n|poke|p1|Groudon|\n|poke|p1|Koraidon|\n|poke|p1|Skeledirge, F|\n|poke|p1|Corviknight, F|\n|poke|p1|Flutter Mane|\n|poke|p1|Kyogre|\n|poke|p2|Annihilape, M|\n|poke|p2|Espathra, F|\n|poke|p2|Arceus-Ghost|\n|poke|p2|Darkrai|\n|poke|p2|Toxapex, M|\n|poke|p2|Dragapult, M|\n|teampreview\n|inactive|Battle timer is ON: inactive players will automatically lose when time's up. (requested by Godspeed06)\n|\n|t:|1698595080\n|start\n|switch|p1a: Groudon|Groudon|100\/100\n|switch|p2a: Dragapult|Dragapult, M|100\/100\n|-weather|SunnyDay|[from] ability: Drought|[of] p1a: Groudon\n|turn|1\n|\n|t:|1698595100\n|move|p2a: Dragapult|Reflect|p2a: Dragapult\n|-sidestart|p2: Godspeed06|Reflect\n|move|p1a: Groudon|Precipice Blades|p2a: Dragapult|[miss]\n|-miss|p1a: Groudon|p2a: Dragapult\n|\n|-weather|SunnyDay|[upkeep]\n|upkeep\n|turn|2\n|\n|t:|1698595106\n|move|p2a: Dragapult|Light Screen|p2a: Dragapult\n|-sidestart|p2: Godspeed06|move: Light Screen\n|move|p1a: Groudon|Precipice Blades|p2a: Dragapult\n|-damage|p2a: Dragapult|67\/100\n|\n|-weather|SunnyDay|[upkeep]\n|upkeep\n|turn|3\n|\n|t:|1698595115\n|switch|p2a: Annihilape|Annihilape, M|100\/100\n|move|p1a: Groudon|Spikes|p2a: Annihilape\n|-sidestart|p2: Godspeed06|Spikes\n|\n|-weather|SunnyDay|[upkeep]\n|upkeep\n|turn|4\n|\n|t:|1698595122\n|move|p1a: Groudon|Will-O-Wisp|p2a: Annihilape|[miss]\n|-miss|p1a: Groudon|p2a: Annihilape\n|move|p2a: Annihilape|Bulk Up|p2a: Annihilape\n|-boost|p2a: Annihilape|atk|1\n|-boost|p2a: Annihilape|def|1\n|\n|-weather|SunnyDay|[upkeep]\n|upkeep\n|turn|5\n|\n|t:|1698595130\n|switch|p2a: Darkrai|Darkrai|100\/100\n|-damage|p2a: Darkrai|88\/100|[from] Spikes\n|move|p1a: Groudon|Will-O-Wisp|p2a: Darkrai\n|-status|p2a: Darkrai|brn\n|\n|-weather|none\n|-damage|p2a: Darkrai|82\/100 brn|[from] brn\n|-sideend|p2: Godspeed06|Reflect\n|upkeep\n|turn|6\n|\n|t:|1698595140\n|move|p2a: Darkrai|Trick|p1a: Groudon\n|-activate|p2a: Darkrai|move: Trick|[of] p1a: Groudon\n|-item|p1a: Groudon|Choice Scarf|[from] move: Trick\n|-item|p2a: Darkrai|Leftovers|[from] move: Trick\n|move|p1a: Groudon|Precipice Blades|p2a: Darkrai\n|-damage|p2a: Darkrai|9\/100 brn\n|\n|-heal|p2a: Darkrai|15\/100 brn|[from] item: Leftovers\n|-damage|p2a: Darkrai|9\/100 brn|[from] brn\n|-sideend|p2: Godspeed06|move: Light Screen\n|upkeep\n|turn|7\n|\n|t:|1698595152\n|move|p2a: Darkrai|Dark Void|p1a: Groudon|[miss]\n|-miss|p2a: Darkrai|p1a: Groudon\n|move|p1a: Groudon|Precipice Blades|p2a: Darkrai\n|-damage|p2a: Darkrai|0 fnt\n|faint|p2a: Darkrai\n|\n|upkeep\n|\n|t:|1698595154\n|switch|p2a: Toxapex|Toxapex, M|100\/100\n|-damage|p2a: Toxapex|88\/100|[from] Spikes\n|turn|8\n|\n|t:|1698595166\n|-terastallize|p2a: Toxapex|Ground\n|move|p1a: Groudon|Precipice Blades|p2a: Toxapex|[miss]\n|-miss|p1a: Groudon|p2a: Toxapex\n|move|p2a: Toxapex|Toxic|p1a: Groudon\n|-status|p1a: Groudon|tox\n|\n|-damage|p1a: Groudon|94\/100 tox|[from] psn\n|upkeep\n|turn|9\n|\n|t:|1698595176\n|move|p1a: Groudon|Precipice Blades|p2a: Toxapex\n|-damage|p2a: Toxapex|54\/100\n|move|p2a: Toxapex|Infestation|p1a: Groudon\n|-damage|p1a: Groudon|91\/100 tox\n|-activate|p1a: Groudon|move: Infestation|[of] p2a: Toxapex\n|\n|-damage|p1a: Groudon|79\/100 tox|[from] psn\n|-damage|p1a: Groudon|66\/100 tox|[from] move: Infestation|[partiallytrapped]\n|upkeep\n|turn|10\n|\n|t:|1698595187\n|move|p2a: Toxapex|Baneful Bunker|p2a: Toxapex\n|-singleturn|p2a: Toxapex|move: Protect\n|move|p1a: Groudon|Precipice Blades|p2a: Toxapex\n|-activate|p2a: Toxapex|move: Protect\n|\n|-damage|p1a: Groudon|47\/100 tox|[from] psn\n|-damage|p1a: Groudon|35\/100 tox|[from] move: Infestation|[partiallytrapped]\n|upkeep\n|turn|11\n|\n|t:|1698595197\n|move|p1a: Groudon|Precipice Blades|p2a: Toxapex\n|-damage|p2a: Toxapex|17\/100\n|move|p2a: Toxapex|Recover|p2a: Toxapex\n|-heal|p2a: Toxapex|67\/100\n|\n|-damage|p1a: Groudon|10\/100 tox|[from] psn\n|-damage|p1a: Groudon|0 fnt|[from] move: Infestation|[partiallytrapped]\n|faint|p1a: Groudon\n|upkeep\n|\n|t:|1698595206\n|switch|p1a: Kyogre|Kyogre|100\/100\n|-weather|RainDance|[from] ability: Drizzle|[of] p1a: Kyogre\n|turn|12\n|\n|t:|1698595213\n|switch|p2a: Dragapult|Dragapult, M|67\/100\n|-damage|p2a: Dragapult|54\/100|[from] Spikes\n|move|p1a: Kyogre|Calm Mind|p1a: Kyogre\n|-boost|p1a: Kyogre|spa|1\n|-boost|p1a: Kyogre|spd|1\n|\n|-weather|RainDance|[upkeep]\n|upkeep\n|turn|13\n|\n|t:|1698595223\n|-terastallize|p1a: Kyogre|Fairy\n|move|p2a: Dragapult|Thunder Wave|p1a: Kyogre\n|-status|p1a: Kyogre|par\n|move|p1a: Kyogre|Ice Beam|p2a: Dragapult\n|-supereffective|p2a: Dragapult\n|-damage|p2a: Dragapult|0 fnt\n|faint|p2a: Dragapult\n|\n|-weather|RainDance|[upkeep]\n|upkeep\n|\n|t:|1698595233\n|switch|p2a: Annihilape|Annihilape, M|100\/100\n|-damage|p2a: Annihilape|88\/100|[from] Spikes\n|turn|14\n|\n|t:|1698595238\n|move|p2a: Annihilape|Bulk Up|p2a: Annihilape\n|-boost|p2a: Annihilape|atk|1\n|-boost|p2a: Annihilape|def|1\n|move|p1a: Kyogre|Surf|p2a: Annihilape\n|-damage|p2a: Annihilape|30\/100\n|\n|-weather|RainDance|[upkeep]\n|-heal|p2a: Annihilape|37\/100|[from] item: Leftovers\n|upkeep\n|turn|15\n|\n|t:|1698595247\n|move|p2a: Annihilape|Rage Fist|p1a: Kyogre\n|-damage|p1a: Kyogre|59\/100 par\n|cant|p1a: Kyogre|par\n|\n|-weather|RainDance|[upkeep]\n|-heal|p2a: Annihilape|43\/100|[from] item: Leftovers\n|-heal|p1a: Kyogre|66\/100 par|[from] item: Leftovers\n|upkeep\n|turn|16\n|\n|t:|1698595259\n|move|p2a: Annihilape|Rage Fist|p1a: Kyogre\n|-damage|p1a: Kyogre|26\/100 par\n|cant|p1a: Kyogre|par\n|\n|-weather|none\n|-heal|p2a: Annihilape|49\/100|[from] item: Leftovers\n|-heal|p1a: Kyogre|32\/100 par|[from] item: Leftovers\n|upkeep\n|turn|17\n|\n|t:|1698595267\n|move|p2a: Annihilape|Rage Fist|p1a: Kyogre\n|-damage|p1a: Kyogre|0 fnt\n|faint|p1a: Kyogre\n|\n|-heal|p2a: Annihilape|55\/100|[from] item: Leftovers\n|upkeep\n|\n|t:|1698595274\n|switch|p1a: Koraidon|Koraidon|100\/100\n|-weather|SunnyDay|[from] ability: Orichalcum Pulse|[of] p1a: Koraidon\n|-activate|p1a: Koraidon|Orichalcum Pulse|[source]\n|turn|18\n|\n|t:|1698595279\n|move|p1a: Koraidon|U-turn|p2a: Annihilape\n|-resisted|p2a: Annihilape\n|-damage|p2a: Annihilape|50\/100\n|\n|t:|1698595282\n|switch|p1a: Flutter Mane|Flutter Mane|100\/100|[from] U-turn\n|-activate|p1a: Flutter Mane|ability: Protosynthesis\n|-start|p1a: Flutter Mane|protosynthesisspe\n|move|p2a: Annihilape|Drain Punch|p1a: Flutter Mane\n|-immune|p1a: Flutter Mane\n|\n|-weather|SunnyDay|[upkeep]\n|-heal|p2a: Annihilape|56\/100|[from] item: Leftovers\n|upkeep\n|turn|19\n|\n|t:|1698595294\n|move|p1a: Flutter Mane|Shadow Ball|p2a: Annihilape\n|-supereffective|p2a: Annihilape\n|-damage|p2a: Annihilape|0 fnt\n|faint|p2a: Annihilape\n|\n|-weather|SunnyDay|[upkeep]\n|upkeep\n|\n|t:|1698595297\n|switch|p2a: Toxapex|Toxapex, M, tera:Ground|99\/100\n|-damage|p2a: Toxapex|87\/100|[from] Spikes\n|turn|20\n|\n|t:|1698595304\n|move|p1a: Flutter Mane|Shadow Ball|p2a: Toxapex\n|-damage|p2a: Toxapex|32\/100\n|move|p2a: Toxapex|Toxic|p1a: Flutter Mane\n|-status|p1a: Flutter Mane|tox\n|\n|-weather|SunnyDay|[upkeep]\n|-damage|p1a: Flutter Mane|95\/100 tox|[from] psn\n|upkeep\n|turn|21\n|\n|t:|1698595316\n|move|p2a: Toxapex|Baneful Bunker|p2a: Toxapex\n|-singleturn|p2a: Toxapex|move: Protect\n|move|p1a: Flutter Mane|Shadow Ball|p2a: Toxapex\n|-activate|p2a: Toxapex|move: Protect\n|\n|-weather|SunnyDay|[upkeep]\n|-damage|p1a: Flutter Mane|83\/100 tox|[from] psn\n|upkeep\n|turn|22\n|\n|t:|1698595325\n|switch|p2a: Espathra|Espathra, F|100\/100\n|-damage|p2a: Espathra|88\/100|[from] Spikes\n|move|p1a: Flutter Mane|Shadow Ball|p2a: Espathra\n|-supereffective|p2a: Espathra\n|-damage|p2a: Espathra|0 fnt\n|faint|p2a: Espathra\n|\n|-weather|none\n|-end|p1a: Flutter Mane|Protosynthesis\n|-damage|p1a: Flutter Mane|65\/100 tox|[from] psn\n|upkeep\n|\n|t:|1698595328\n|switch|p2a: Toxapex|Toxapex, M, tera:Ground|65\/100\n|-damage|p2a: Toxapex|53\/100|[from] Spikes\n|turn|23\n|\n|t:|1698595343\n|-end|p1a: Flutter Mane|Protosynthesis|[silent]\n|switch|p1a: Koraidon|Koraidon|100\/100\n|-weather|SunnyDay|[from] ability: Orichalcum Pulse|[of] p1a: Koraidon\n|-activate|p1a: Koraidon|Orichalcum Pulse|[source]\n|move|p2a: Toxapex|Recover|p2a: Toxapex\n|-heal|p2a: Toxapex|100\/100\n|\n|-weather|SunnyDay|[upkeep]\n|upkeep\n|turn|24\n|\n|t:|1698595353\n|move|p2a: Toxapex|Baneful Bunker|p2a: Toxapex\n|-singleturn|p2a: Toxapex|move: Protect\n|move|p1a: Koraidon|Low Kick|p2a: Toxapex\n|-activate|p2a: Toxapex|move: Protect\n|-status|p1a: Koraidon|psn\n|\n|-weather|SunnyDay|[upkeep]\n|-damage|p1a: Koraidon|88\/100 psn|[from] psn\n|upkeep\n|turn|25\n|\n|t:|1698595363\n|move|p1a: Koraidon|Low Kick|p2a: Toxapex\n|-damage|p2a: Toxapex|82\/100\n|-damage|p1a: Koraidon|72\/100 psn|[from] item: Rocky Helmet|[of] p2a: Toxapex\n|move|p2a: Toxapex|Infestation|p1a: Koraidon\n|-resisted|p1a: Koraidon\n|-crit|p1a: Koraidon\n|-damage|p1a: Koraidon|69\/100 psn\n|-activate|p1a: Koraidon|move: Infestation|[of] p2a: Toxapex\n|\n|-weather|SunnyDay|[upkeep]\n|-damage|p1a: Koraidon|57\/100 psn|[from] psn\n|-damage|p1a: Koraidon|45\/100 psn|[from] move: Infestation|[partiallytrapped]\n|upkeep\n|turn|26\n|\n|t:|1698595381\n|move|p2a: Toxapex|Baneful Bunker|p2a: Toxapex\n|-singleturn|p2a: Toxapex|move: Protect\n|move|p1a: Koraidon|Low Kick|p2a: Toxapex\n|-activate|p2a: Toxapex|move: Protect\n|\n|-weather|SunnyDay|[upkeep]\n|-damage|p1a: Koraidon|32\/100 psn|[from] psn\n|-damage|p1a: Koraidon|20\/100 psn|[from] move: Infestation|[partiallytrapped]\n|upkeep\n|turn|27\n|\n|t:|1698595392\n|move|p1a: Koraidon|Low Kick|p2a: Toxapex\n|-damage|p2a: Toxapex|65\/100\n|-damage|p1a: Koraidon|4\/100 psn|[from] item: Rocky Helmet|[of] p2a: Toxapex\n|move|p2a: Toxapex|Toxic||[still]\n|-fail|p2a: Toxapex\n|\n|-weather|none\n|-damage|p1a: Koraidon|0 fnt|[from] psn\n|faint|p1a: Koraidon\n|upkeep\n|\n|t:|1698595402\n|switch|p1a: Flutter Mane|Flutter Mane|65\/100 tox\n|turn|28\n|\n|t:|1698595412\n|move|p1a: Flutter Mane|Shadow Ball|p2a: Toxapex\n|-damage|p2a: Toxapex|13\/100\n|move|p2a: Toxapex|Recover|p2a: Toxapex\n|-heal|p2a: Toxapex|63\/100\n|\n|-damage|p1a: Flutter Mane|59\/100 tox|[from] psn\n|upkeep\n|turn|29\n|\n|t:|1698595421\n|move|p1a: Flutter Mane|Shadow Ball|p2a: Toxapex\n|-damage|p2a: Toxapex|11\/100\n|move|p2a: Toxapex|Recover|p2a: Toxapex\n|-heal|p2a: Toxapex|61\/100\n|\n|-damage|p1a: Flutter Mane|47\/100 tox|[from] psn\n|upkeep\n|turn|30\n|\n|t:|1698595430\n|move|p2a: Toxapex|Baneful Bunker|p2a: Toxapex\n|-singleturn|p2a: Toxapex|move: Protect\n|move|p1a: Flutter Mane|Shadow Ball|p2a: Toxapex\n|-activate|p2a: Toxapex|move: Protect\n|\n|-damage|p1a: Flutter Mane|29\/100 tox|[from] psn\n|upkeep\n|turn|31\n|\n|t:|1698595438\n|move|p1a: Flutter Mane|Shadow Ball|p2a: Toxapex\n|-damage|p2a: Toxapex|11\/100\n|move|p2a: Toxapex|Recover|p2a: Toxapex\n|-heal|p2a: Toxapex|61\/100\n|\n|-damage|p1a: Flutter Mane|5\/100 tox|[from] psn\n|upkeep\n|turn|32\n|\n|t:|1698595455\n|-end|p1a: Flutter Mane|Protosynthesis|[silent]\n|switch|p1a: Skeledirge|Skeledirge, F|100\/100\n|move|p2a: Toxapex|Recover|p2a: Toxapex\n|-heal|p2a: Toxapex|100\/100\n|\n|upkeep\n|turn|33\n|\n|t:|1698595464\n|move|p1a: Skeledirge|Will-O-Wisp|p2a: Toxapex\n|-status|p2a: Toxapex|brn\n|move|p2a: Toxapex|Toxic|p1a: Skeledirge\n|-status|p1a: Skeledirge|tox\n|\n|-damage|p1a: Skeledirge|94\/100 tox|[from] psn\n|-damage|p2a: Toxapex|94\/100 brn|[from] brn\n|upkeep\n|turn|34\n|\n|t:|1698595473\n|switch|p2a: Arceus|Arceus-Ghost|100\/100\n|-damage|p2a: Arceus|88\/100|[from] Spikes\n|move|p1a: Skeledirge|Torch Song|p2a: Arceus\n|-damage|p2a: Arceus|68\/100\n|-boost|p1a: Skeledirge|spa|1\n|\n|-damage|p1a: Skeledirge|82\/100 tox|[from] psn\n|upkeep\n|turn|35\n|\n|t:|1698595484\n|switch|p1a: Corviknight|Corviknight, F|100\/100\n|-ability|p1a: Corviknight|Pressure\n|move|p2a: Arceus|Calm Mind|p2a: Arceus\n|-boost|p2a: Arceus|spa|1\n|-boost|p2a: Arceus|spd|1\n|\n|upkeep\n|turn|36\n|\n|t:|1698595494\n|move|p2a: Arceus|Flamethrower|p1a: Corviknight\n|-supereffective|p1a: Corviknight\n|-damage|p1a: Corviknight|40\/100\n|move|p1a: Corviknight|Body Press|p2a: Arceus\n|-immune|p2a: Arceus\n|\n|-heal|p1a: Corviknight|47\/100|[from] item: Leftovers\n|upkeep\n|turn|37\n|\n|t:|1698595503\n|move|p2a: Arceus|Calm Mind|p2a: Arceus\n|-boost|p2a: Arceus|spa|1\n|-boost|p2a: Arceus|spd|1\n|move|p1a: Corviknight|U-turn|p2a: Arceus\n|-resisted|p2a: Arceus\n|-damage|p2a: Arceus|63\/100\n|\n|t:|1698595510\n|switch|p1a: Skeledirge|Skeledirge, F|82\/100 tox|[from] U-turn\n|\n|-damage|p1a: Skeledirge|76\/100 tox|[from] psn\n|upkeep\n|turn|38\n|\n|t:|1698595517\n|move|p2a: Arceus|Judgment|p1a: Skeledirge\n|-supereffective|p1a: Skeledirge\n|-damage|p1a: Skeledirge|0 fnt\n|faint|p1a: Skeledirge\n|\n|upkeep\n|\n|t:|1698595523\n|switch|p1a: Flutter Mane|Flutter Mane|5\/100 tox\n|turn|39\n|\n|t:|1698595526\n|move|p1a: Flutter Mane|Shadow Ball|p2a: Arceus\n|-supereffective|p2a: Arceus\n|-damage|p2a: Arceus|18\/100\n|move|p2a: Arceus|Recover|p2a: Arceus\n|-heal|p2a: Arceus|68\/100\n|\n|-damage|p1a: Flutter Mane|0 fnt|[from] psn\n|faint|p1a: Flutter Mane\n|-end|p1a: Flutter Mane|Protosynthesis|[silent]\n|upkeep\n|-message|Bradofax forfeited.\n|\n|win|Godspeed06\n|raw|Bradofax's rating: 1161 &rarr; <strong>1139<\/strong><br \/>(-22 for losing)\n|raw|Godspeed06's rating: 1198 &rarr; <strong>1220<\/strong><br \/>(+22 for winning)\n|l|\u2606Bradofax\n","uploadtime":1698595544,"views":42,"p1id":"bradofax","p2id":"godspeed06","formatid":"gen9ubers","rating":1139,"private":0,"password":""}