{"id":"gen9ubers-1993454711","p1":"KunkkaSpammer","p2":"Joe Rogan's Pizza","format":"[Gen 9] Ubers","log":"|j|\u2606KunkkaSpammer\n|j|\u2606Joe Rogan's Pizza\n|t:|1700319955\n|gametype|singles\n|player|p1|KunkkaSpammer|cynthia-masters|\n|player|p2|Joe Rogan's Pizza|emmet|\n|teamsize|p1|6\n|teamsize|p2|6\n|gen|9\n|tier|[Gen 9] Ubers\n|rule|Sleep Clause Mod: Limit one foe put to sleep\n|rule|Species Clause: Limit one of each Pok\u00e9mon\n|rule|OHKO Clause: OHKO moves are banned\n|rule|Evasion Items Clause: Evasion items are banned\n|rule|Evasion Moves Clause: Evasion moves are banned\n|rule|Endless Battle Clause: Forcing endless battles is banned\n|rule|HP Percentage Mod: HP is shown in percentages\n|clearpoke\n|poke|p1|Donphan, F|\n|poke|p1|Thundurus-Therian, M|\n|poke|p1|Kingambit, M|\n|poke|p1|Maushold|\n|poke|p1|Cresselia, F|\n|poke|p1|Darkrai|\n|poke|p2|Slowbro, M|\n|poke|p2|Zapdos|\n|poke|p2|Pincurchin, F|\n|poke|p2|Iron Bundle|\n|poke|p2|Raichu-Alola, F|\n|poke|p2|Mew|\n|teampreview\n|inactive|Battle timer is ON: inactive players will automatically lose when time's up. (requested by KunkkaSpammer)\n|c|\u2606KunkkaSpammer|donphan\n|c|\u2606Joe Rogan's Pizza|raichu\n|\n|t:|1700319983\n|start\n|switch|p1a: Thundurus|Thundurus-Therian, M|100\/100\n|switch|p2a: Pincurchin|Pincurchin, F|100\/100\n|-fieldstart|move: Electric Terrain|[from] ability: Electric Surge|[of] p2a: Pincurchin\n|turn|1\n|\n|t:|1700319993\n|move|p1a: Thundurus|Volt Switch|p2a: Pincurchin\n|-resisted|p2a: Pincurchin\n|-damage|p2a: Pincurchin|76\/100\n|\n|t:|1700319996\n|switch|p1a: Donphan|Donphan, F|100\/100|[from] Volt Switch\n|move|p2a: Pincurchin|Spikes|p1a: Donphan\n|-sidestart|p1: KunkkaSpammer|Spikes\n|\n|upkeep\n|turn|2\n|\n|t:|1700320007\n|switch|p2a: Slowbro|Slowbro, M|100\/100\n|move|p1a: Donphan|Rapid Spin|p2a: Slowbro\n|-damage|p2a: Slowbro|90\/100\n|-boost|p1a: Donphan|spe|1\n|-sideend|p1: KunkkaSpammer|Spikes|[from] move: Rapid Spin|[of] p1a: Donphan\n|\n|upkeep\n|turn|3\n|\n|t:|1700320014\n|-terastallize|p1a: Donphan|Ice\n|move|p1a: Donphan|Knock Off|p2a: Slowbro\n|-supereffective|p2a: Slowbro\n|-damage|p2a: Slowbro|54\/100\n|-enditem|p2a: Slowbro|Heavy-Duty Boots|[from] move: Knock Off|[of] p1a: Donphan\n|move|p2a: Slowbro|Rain Dance|p2a: Slowbro\n|-weather|RainDance\n|\n|-weather|RainDance|[upkeep]\n|upkeep\n|turn|4\n|\n|t:|1700320029\n|switch|p1a: Thundurus|Thundurus-Therian, M|100\/100\n|move|p2a: Slowbro|Slack Off|p2a: Slowbro\n|-heal|p2a: Slowbro|100\/100\n|\n|-weather|RainDance|[upkeep]\n|upkeep\n|turn|5\n|\n|t:|1700320037\n|switch|p2a: Raichu-Alola (cap)|Raichu-Alola, F|100\/100\n|move|p1a: Thundurus|Volt Switch|p2a: Raichu-Alola (cap)\n|-resisted|p2a: Raichu-Alola (cap)\n|-damage|p2a: Raichu-Alola (cap)|69\/100\n|\n|t:|1700320043\n|switch|p1a: Kingambit|Kingambit, M|100\/100|[from] Volt Switch\n|\n|-weather|RainDance|[upkeep]\n|upkeep\n|turn|6\n|\n|t:|1700320050\n|-terastallize|p2a: Raichu-Alola (cap)|Grass\n|move|p1a: Kingambit|Sucker Punch|p2a: Raichu-Alola (cap)\n|-damage|p2a: Raichu-Alola (cap)|0 fnt\n|faint|p2a: Raichu-Alola (cap)\n|\n|-weather|RainDance|[upkeep]\n|upkeep\n|\n|t:|1700320061\n|switch|p2a: Zapdos|Zapdos|100\/100\n|turn|7\n|\n|t:|1700320066\n|-end|p1a: Kingambit|fallenundefined|[silent]\n|switch|p1a: Cresselia|Cresselia, F|100\/100\n|move|p2a: Zapdos|Detect||[still]\n|-fail|p2a: Zapdos\n|\n|-weather|none\n|upkeep\n|turn|8\n|\n|t:|1700320072\n|move|p2a: Zapdos|Tailwind|p2a: Zapdos\n|-sidestart|p2: Joe Rogan's Pizza|move: Tailwind\n|move|p1a: Cresselia|Calm Mind|p1a: Cresselia\n|-boost|p1a: Cresselia|spa|1\n|-boost|p1a: Cresselia|spd|1\n|\n|-fieldend|move: Electric Terrain\n|upkeep\n|turn|9\n|\n|t:|1700320077\n|move|p2a: Zapdos|Hurricane|p1a: Cresselia|[miss]\n|-miss|p2a: Zapdos|p1a: Cresselia\n|move|p1a: Cresselia|Calm Mind|p1a: Cresselia\n|-boost|p1a: Cresselia|spa|1\n|-boost|p1a: Cresselia|spd|1\n|\n|upkeep\n|turn|10\n|\n|t:|1700320079\n|switch|p2a: Pincurchin|Pincurchin, F|76\/100\n|-fieldstart|move: Electric Terrain|[from] ability: Electric Surge|[of] p2a: Pincurchin\n|move|p1a: Cresselia|Calm Mind|p1a: Cresselia\n|-boost|p1a: Cresselia|spa|1\n|-boost|p1a: Cresselia|spd|1\n|\n|upkeep\n|turn|11\n|\n|t:|1700320090\n|move|p1a: Cresselia|Calm Mind|p1a: Cresselia\n|-boost|p1a: Cresselia|spa|1\n|-boost|p1a: Cresselia|spd|1\n|move|p2a: Pincurchin|Thunder Wave|p1a: Cresselia\n|-status|p1a: Cresselia|par\n|\n|-sideend|p2: Joe Rogan's Pizza|move: Tailwind\n|upkeep\n|turn|12\n|\n|t:|1700320095\n|switch|p2a: Slowbro|Slowbro, M|100\/100\n|move|p1a: Cresselia|Stored Power|p2a: Slowbro\n|-resisted|p2a: Slowbro\n|-damage|p2a: Slowbro|25\/100\n|\n|upkeep\n|turn|13\n|\n|t:|1700320097\n|move|p2a: Slowbro|Rain Dance|p2a: Slowbro\n|-weather|RainDance\n|move|p1a: Cresselia|Stored Power|p2a: Slowbro\n|-resisted|p2a: Slowbro\n|-damage|p2a: Slowbro|0 fnt\n|faint|p2a: Slowbro\n|\n|-weather|RainDance|[upkeep]\n|upkeep\n|\n|t:|1700320104\n|switch|p2a: Mew|Mew|100\/100\n|turn|14\n|\n|t:|1700320106\n|cant|p1a: Cresselia|par\n|move|p2a: Mew|Roar|p1a: Cresselia\n|drag|p1a: Maushold|Maushold|100\/100\n|\n|-weather|RainDance|[upkeep]\n|upkeep\n|turn|15\n|\n|t:|1700320117\n|move|p1a: Maushold|Population Bomb|p2a: Mew\n|-damage|p2a: Mew|92\/100\n|-damage|p2a: Mew|83\/100\n|-damage|p2a: Mew|74\/100\n|-damage|p2a: Mew|63\/100\n|-damage|p2a: Mew|54\/100\n|-damage|p2a: Mew|45\/100\n|-damage|p2a: Mew|36\/100\n|-damage|p2a: Mew|25\/100\n|-enditem|p2a: Mew|Wiki Berry|[eat]\n|-heal|p2a: Mew|59\/100|[from] item: Wiki Berry\n|-damage|p2a: Mew|50\/100\n|-damage|p2a: Mew|41\/100\n|-hitcount|p2a: Mew|10\n|move|p2a: Mew|Will-O-Wisp|p1a: Maushold\n|-status|p1a: Maushold|brn\n|\n|-weather|RainDance|[upkeep]\n|-damage|p1a: Maushold|94\/100 brn|[from] brn\n|upkeep\n|turn|16\n|\n|t:|1700320123\n|move|p1a: Maushold|Population Bomb|p2a: Mew\n|-damage|p2a: Mew|36\/100\n|-damage|p2a: Mew|31\/100\n|-damage|p2a: Mew|27\/100\n|-damage|p2a: Mew|22\/100\n|-damage|p2a: Mew|17\/100\n|-damage|p2a: Mew|13\/100\n|-damage|p2a: Mew|8\/100\n|-damage|p2a: Mew|3\/100\n|-damage|p2a: Mew|0 fnt\n|faint|p2a: Mew\n|-hitcount|p2: Mew|9\n|\n|-weather|RainDance|[upkeep]\n|-damage|p1a: Maushold|88\/100 brn|[from] brn\n|upkeep\n|\n|t:|1700320129\n|switch|p2a: Iron Bundle|Iron Bundle|100\/100\n|-activate|p2a: Iron Bundle|ability: Quark Drive\n|-start|p2a: Iron Bundle|quarkdrivespe\n|turn|17\n|\n|t:|1700320133\n|move|p2a: Iron Bundle|Hydro Pump|p1a: Maushold\n|-damage|p1a: Maushold|0 fnt\n|faint|p1a: Maushold\n|\n|-weather|none\n|-fieldend|move: Electric Terrain\n|-end|p2a: Iron Bundle|Quark Drive\n|upkeep\n|\n|t:|1700320138\n|switch|p1a: Thundurus|Thundurus-Therian, M|100\/100\n|turn|18\n|\n|t:|1700320141\n|-end|p2a: Iron Bundle|Quark Drive|[silent]\n|switch|p2a: Pincurchin|Pincurchin, F|76\/100\n|-fieldstart|move: Electric Terrain|[from] ability: Electric Surge|[of] p2a: Pincurchin\n|move|p1a: Thundurus|Volt Switch|p2a: Pincurchin\n|-resisted|p2a: Pincurchin\n|-damage|p2a: Pincurchin|49\/100\n|\n|t:|1700320145\n|switch|p1a: Donphan|Donphan, F, tera:Ice|100\/100|[from] Volt Switch\n|\n|upkeep\n|turn|19\n|\n|t:|1700320150\n|switch|p2a: Zapdos|Zapdos|100\/100\n|move|p1a: Donphan|Rapid Spin|p2a: Zapdos\n|-crit|p2a: Zapdos\n|-damage|p2a: Zapdos|76\/100\n|-boost|p1a: Donphan|spe|1\n|\n|-heal|p2a: Zapdos|82\/100|[from] item: Leftovers\n|upkeep\n|turn|20\n|\n|t:|1700320152\n|move|p2a: Zapdos|Heat Wave|p1a: Donphan\n|-supereffective|p1a: Donphan\n|-damage|p1a: Donphan|49\/100\n|move|p1a: Donphan|Tera Blast|p2a: Zapdos|[anim] Tera Blast Ice\n|-supereffective|p2a: Zapdos\n|-damage|p2a: Zapdos|0 fnt\n|faint|p2a: Zapdos\n|\n|upkeep\n|\n|t:|1700320154\n|switch|p2a: Iron Bundle|Iron Bundle|100\/100\n|-activate|p2a: Iron Bundle|ability: Quark Drive\n|-start|p2a: Iron Bundle|quarkdrivespe\n|turn|21\n|\n|t:|1700320157\n|move|p2a: Iron Bundle|Hydro Pump|p1a: Donphan\n|-damage|p1a: Donphan|0 fnt\n|faint|p1a: Donphan\n|\n|upkeep\n|\n|t:|1700320159\n|switch|p1a: Cresselia|Cresselia, F|100\/100 par\n|turn|22\n|\n|t:|1700320164\n|move|p2a: Iron Bundle|Hydro Pump|p1a: Cresselia\n|-damage|p1a: Cresselia|75\/100 par\n|move|p1a: Cresselia|Calm Mind|p1a: Cresselia\n|-boost|p1a: Cresselia|spa|1\n|-boost|p1a: Cresselia|spd|1\n|\n|-heal|p1a: Cresselia|81\/100 par|[from] item: Leftovers\n|upkeep\n|turn|23\n|\n|t:|1700320167\n|move|p2a: Iron Bundle|Ice Beam|p1a: Cresselia\n|-damage|p1a: Cresselia|65\/100 par\n|move|p1a: Cresselia|Calm Mind|p1a: Cresselia\n|-boost|p1a: Cresselia|spa|1\n|-boost|p1a: Cresselia|spd|1\n|\n|-heal|p1a: Cresselia|71\/100 par|[from] item: Leftovers\n|upkeep\n|turn|24\n|\n|t:|1700320172\n|move|p2a: Iron Bundle|Taunt|p1a: Cresselia\n|-start|p1a: Cresselia|move: Taunt\n|cant|p1a: Cresselia|move: Taunt|Calm Mind\n|\n|-heal|p1a: Cresselia|77\/100 par|[from] item: Leftovers\n|upkeep\n|turn|25\n|\n|t:|1700320174\n|move|p2a: Iron Bundle|Hydro Pump|p1a: Cresselia\n|-damage|p1a: Cresselia|64\/100 par\n|move|p1a: Cresselia|Stored Power|p2a: Iron Bundle\n|-damage|p2a: Iron Bundle|0 fnt\n|faint|p2a: Iron Bundle\n|-end|p2a: Iron Bundle|Quark Drive|[silent]\n|\n|-heal|p1a: Cresselia|70\/100 par|[from] item: Leftovers\n|-fieldend|move: Electric Terrain\n|upkeep\n|\n|t:|1700320175\n|switch|p2a: Pincurchin|Pincurchin, F|49\/100\n|-fieldstart|move: Electric Terrain|[from] ability: Electric Surge|[of] p2a: Pincurchin\n|turn|26\n|\n|t:|1700320179\n|move|p1a: Cresselia|Stored Power|p2a: Pincurchin\n|-damage|p2a: Pincurchin|0 fnt\n|faint|p2a: Pincurchin\n|\n|win|KunkkaSpammer\n","uploadtime":1700320192,"views":68,"p1id":"kunkkaspammer","p2id":"joeroganspizza","formatid":"gen9ubers","rating":0,"private":0,"password":""}