{"id":"gen9ubers-1996081880","p1":"sdcsdccsew","p2":"FireRafe24","format":"[Gen 9] Ubers","log":"|j|\u2606sdcsdccsew\n|j|\u2606FireRafe24\n|t:|1700641106\n|gametype|singles\n|player|p1|sdcsdccsew|2|\n|player|p2|FireRafe24|shelly|\n|teamsize|p1|6\n|teamsize|p2|6\n|gen|9\n|tier|[Gen 9] Ubers\n|rule|Sleep Clause Mod: Limit one foe put to sleep\n|rule|Species Clause: Limit one of each Pok\u00e9mon\n|rule|OHKO Clause: OHKO moves are banned\n|rule|Evasion Items Clause: Evasion items are banned\n|rule|Evasion Moves Clause: Evasion moves are banned\n|rule|Endless Battle Clause: Forcing endless battles is banned\n|rule|HP Percentage Mod: HP is shown in percentages\n|clearpoke\n|poke|p1|Baxcalibur, M|\n|poke|p1|Blissey, F|\n|poke|p1|Alomomola, M|\n|poke|p1|Ceruledge, M|\n|poke|p1|Clefable, M|\n|poke|p1|Dondozo, F|\n|poke|p2|Grafaiai, M|\n|poke|p2|Sableye, M|\n|poke|p2|Annihilape, F|\n|poke|p2|Flutter Mane|\n|poke|p2|Regieleki|\n|poke|p2|Cinderace, M|\n|teampreview\n|inactive|Battle timer is ON: inactive players will automatically lose when time's up. (requested by FireRafe24)\n|\n|t:|1700641111\n|start\n|switch|p1a: Baxcalibur|Baxcalibur, M|100\/100\n|switch|p2a: Sableye|Sableye, M|100\/100\n|turn|1\n|\n|t:|1700641132\n|move|p2a: Sableye|Will-O-Wisp|p1a: Baxcalibur\n|-immune|p1a: Baxcalibur|[from] ability: Thermal Exchange\n|move|p1a: Baxcalibur|Avalanche|p2a: Sableye\n|-damage|p2a: Sableye|52\/100\n|\n|upkeep\n|turn|2\n|\n|t:|1700641143\n|switch|p2a: Grafaiai|Grafaiai, M|100\/100\n|move|p1a: Baxcalibur|Avalanche|p2a: Grafaiai\n|-damage|p2a: Grafaiai|52\/100\n|\n|upkeep\n|turn|3\n|\n|t:|1700641150\n|switch|p2a: Sableye|Sableye, M|52\/100\n|move|p1a: Baxcalibur|Avalanche|p2a: Sableye\n|-damage|p2a: Sableye|5\/100\n|\n|upkeep\n|turn|4\n|\n|t:|1700641162\n|move|p2a: Sableye|Will-O-Wisp|p1a: Baxcalibur\n|-immune|p1a: Baxcalibur|[from] ability: Thermal Exchange\n|move|p1a: Baxcalibur|Dragon Pulse|p2a: Sableye\n|-damage|p2a: Sableye|0 fnt\n|faint|p2a: Sableye\n|\n|upkeep\n|\n|t:|1700641164\n|switch|p2a: Grafaiai|Grafaiai, M|52\/100\n|turn|5\n|\n|t:|1700641167\n|-terastallize|p1a: Baxcalibur|Dragon\n|move|p2a: Grafaiai|Facade|p1a: Baxcalibur\n|-damage|p1a: Baxcalibur|75\/100\n|move|p1a: Baxcalibur|Dragon Pulse|p2a: Grafaiai\n|-damage|p2a: Grafaiai|0 fnt\n|faint|p2a: Grafaiai\n|\n|upkeep\n|\n|t:|1700641169\n|switch|p2a: Annihilape|Annihilape, F|100\/100\n|turn|6\n|\n|t:|1700641172\n|move|p2a: Annihilape|Bulk Up|p2a: Annihilape\n|-boost|p2a: Annihilape|atk|1\n|-boost|p2a: Annihilape|def|1\n|move|p1a: Baxcalibur|Dragon Pulse|p2a: Annihilape\n|-damage|p2a: Annihilape|58\/100\n|\n|upkeep\n|turn|7\n|\n|t:|1700641175\n|move|p2a: Annihilape|Bulk Up|p2a: Annihilape\n|-boost|p2a: Annihilape|atk|1\n|-boost|p2a: Annihilape|def|1\n|move|p1a: Baxcalibur|Dragon Pulse|p2a: Annihilape\n|-damage|p2a: Annihilape|17\/100\n|\n|upkeep\n|turn|8\n|\n|t:|1700641177\n|move|p2a: Annihilape|Bulk Up|p2a: Annihilape\n|-boost|p2a: Annihilape|atk|1\n|-boost|p2a: Annihilape|def|1\n|move|p1a: Baxcalibur|Dragon Pulse|p2a: Annihilape\n|-damage|p2a: Annihilape|0 fnt\n|faint|p2a: Annihilape\n|\n|upkeep\n|\n|t:|1700641180\n|switch|p2a: Flutter Mane|Flutter Mane|100\/100\n|turn|9\n|\n|t:|1700641183\n|move|p2a: Flutter Mane|Energy Ball|p1a: Baxcalibur\n|-resisted|p1a: Baxcalibur\n|-damage|p1a: Baxcalibur|60\/100\n|move|p1a: Baxcalibur|Dragon Pulse|p2a: Flutter Mane\n|-immune|p2a: Flutter Mane\n|\n|upkeep\n|turn|10\n|\n|t:|1700641187\n|move|p2a: Flutter Mane|Energy Ball|p1a: Baxcalibur\n|-resisted|p1a: Baxcalibur\n|-damage|p1a: Baxcalibur|46\/100\n|move|p1a: Baxcalibur|Dragon Pulse|p2a: Flutter Mane\n|-immune|p2a: Flutter Mane\n|\n|upkeep\n|turn|11\n|\n|t:|1700641194\n|-terastallize|p2a: Flutter Mane|Ghost\n|move|p2a: Flutter Mane|Energy Ball|p1a: Baxcalibur\n|-resisted|p1a: Baxcalibur\n|-damage|p1a: Baxcalibur|33\/100\n|move|p1a: Baxcalibur|Dragon Pulse|p2a: Flutter Mane\n|-damage|p2a: Flutter Mane|58\/100\n|\n|upkeep\n|turn|12\n|\n|t:|1700641197\n|move|p2a: Flutter Mane|Energy Ball|p1a: Baxcalibur\n|-resisted|p1a: Baxcalibur\n|-damage|p1a: Baxcalibur|19\/100\n|-unboost|p1a: Baxcalibur|spd|1\n|move|p1a: Baxcalibur|Dragon Pulse|p2a: Flutter Mane\n|-damage|p2a: Flutter Mane|13\/100\n|\n|upkeep\n|turn|13\n|\n|t:|1700641200\n|move|p2a: Flutter Mane|Energy Ball|p1a: Baxcalibur\n|-resisted|p1a: Baxcalibur\n|-damage|p1a: Baxcalibur|0 fnt\n|faint|p1a: Baxcalibur\n|\n|upkeep\n|\n|t:|1700641207\n|switch|p1a: Blissey|Blissey, F|100\/100\n|turn|14\n|\n|t:|1700641209\n|move|p2a: Flutter Mane|Energy Ball|p1a: Blissey\n|-damage|p1a: Blissey|91\/100\n|move|p1a: Blissey|Avalanche|p2a: Flutter Mane\n|-crit|p2a: Flutter Mane\n|-damage|p2a: Flutter Mane|0 fnt\n|faint|p2a: Flutter Mane\n|-end|p2a: Flutter Mane|Protosynthesis|[silent]\n|\n|upkeep\n|\n|t:|1700641214\n|switch|p2a: Regieleki|Regieleki|100\/100\n|turn|15\n|\n|t:|1700641216\n|move|p2a: Regieleki|Ancient Power|p1a: Blissey\n|-crit|p1a: Blissey\n|-damage|p1a: Blissey|82\/100\n|move|p1a: Blissey|Avalanche|p2a: Regieleki\n|-damage|p2a: Regieleki|86\/100\n|\n|upkeep\n|turn|16\n|\n|t:|1700641218\n|move|p2a: Regieleki|Ancient Power|p1a: Blissey\n|-damage|p1a: Blissey|76\/100\n|-boost|p2a: Regieleki|atk|1\n|-boost|p2a: Regieleki|def|1\n|-boost|p2a: Regieleki|spa|1\n|-boost|p2a: Regieleki|spd|1\n|-boost|p2a: Regieleki|spe|1\n|move|p1a: Blissey|Avalanche|p2a: Regieleki\n|-damage|p2a: Regieleki|78\/100\n|\n|upkeep\n|turn|17\n|\n|t:|1700641220\n|move|p2a: Regieleki|Ancient Power|p1a: Blissey\n|-damage|p1a: Blissey|68\/100\n|move|p1a: Blissey|Avalanche|p2a: Regieleki\n|-damage|p2a: Regieleki|70\/100\n|\n|upkeep\n|turn|18\n|\n|t:|1700641223\n|move|p2a: Regieleki|Ancient Power|p1a: Blissey\n|-damage|p1a: Blissey|60\/100\n|move|p1a: Blissey|Avalanche|p2a: Regieleki\n|-damage|p2a: Regieleki|60\/100\n|\n|upkeep\n|turn|19\n|\n|t:|1700641225\n|move|p2a: Regieleki|Ancient Power|p1a: Blissey\n|-damage|p1a: Blissey|52\/100\n|move|p1a: Blissey|Avalanche|p2a: Regieleki\n|-damage|p2a: Regieleki|51\/100\n|\n|upkeep\n|turn|20\n|\n|t:|1700641227\n|move|p2a: Regieleki|Ancient Power|p1a: Blissey\n|-damage|p1a: Blissey|44\/100\n|-boost|p2a: Regieleki|atk|1\n|-boost|p2a: Regieleki|def|1\n|-boost|p2a: Regieleki|spa|1\n|-boost|p2a: Regieleki|spd|1\n|-boost|p2a: Regieleki|spe|1\n|move|p1a: Blissey|Avalanche|p2a: Regieleki\n|-damage|p2a: Regieleki|44\/100\n|\n|upkeep\n|turn|21\n|\n|t:|1700641229\n|move|p2a: Regieleki|Ancient Power|p1a: Blissey\n|-damage|p1a: Blissey|33\/100\n|move|p1a: Blissey|Avalanche|p2a: Regieleki\n|-damage|p2a: Regieleki|37\/100\n|\n|upkeep\n|turn|22\n|\n|t:|1700641231\n|move|p2a: Regieleki|Ancient Power|p1a: Blissey\n|-damage|p1a: Blissey|21\/100\n|move|p1a: Blissey|Avalanche|p2a: Regieleki\n|-damage|p2a: Regieleki|30\/100\n|\n|upkeep\n|turn|23\n|\n|t:|1700641233\n|-activate|p2a: Regieleki|move: Struggle\n|move|p2a: Regieleki|Struggle|p1a: Blissey\n|-damage|p1a: Blissey|0 fnt\n|faint|p1a: Blissey\n|-damage|p2a: Regieleki|5\/100|[from] recoil\n|\n|upkeep\n|\n|t:|1700641237\n|switch|p1a: Alomomola|Alomomola, M|100\/100\n|turn|24\n|\n|t:|1700641239\n|-activate|p2a: Regieleki|move: Struggle\n|move|p2a: Regieleki|Struggle|p1a: Alomomola\n|-damage|p1a: Alomomola|85\/100\n|-damage|p2a: Regieleki|0 fnt|[from] recoil\n|faint|p2a: Regieleki\n|move|p1a: Alomomola|Body Slam|p2: Regieleki|[notarget]\n|-fail|p1a: Alomomola\n|\n|upkeep\n|\n|t:|1700641241\n|switch|p2a: Cinderace|Cinderace, M|100\/100\n|turn|25\n|\n|t:|1700641244\n|move|p2a: Cinderace|Acrobatics|p1a: Alomomola\n|-damage|p1a: Alomomola|60\/100\n|move|p1a: Alomomola|Body Slam|p2a: Cinderace\n|-damage|p2a: Cinderace|78\/100\n|-status|p2a: Cinderace|par\n|\n|upkeep\n|turn|26\n|\n|t:|1700641245\n|move|p1a: Alomomola|Body Slam|p2a: Cinderace\n|-damage|p2a: Cinderace|57\/100 par\n|move|p2a: Cinderace|Acrobatics|p1a: Alomomola\n|-damage|p1a: Alomomola|37\/100\n|\n|upkeep\n|turn|27\n|\n|t:|1700641247\n|move|p1a: Alomomola|Body Slam|p2a: Cinderace\n|-damage|p2a: Cinderace|36\/100 par\n|cant|p2a: Cinderace|par\n|\n|upkeep\n|turn|28\n|\n|t:|1700641249\n|move|p1a: Alomomola|Body Slam|p2a: Cinderace\n|-damage|p2a: Cinderace|14\/100 par\n|move|p2a: Cinderace|Acrobatics|p1a: Alomomola\n|-damage|p1a: Alomomola|14\/100\n|\n|upkeep\n|turn|29\n|\n|t:|1700641251\n|move|p1a: Alomomola|Body Slam|p2a: Cinderace\n|-crit|p2a: Cinderace\n|-damage|p2a: Cinderace|0 fnt\n|faint|p2a: Cinderace\n|\n|win|sdcsdccsew\n","uploadtime":1700641259,"views":3,"p1id":"sdcsdccsew","p2id":"firerafe24","formatid":"gen9ubers","rating":0,"private":0,"password":""}