{"id":"gen9ubers-1972305379","p1":"firecreepr","p2":"AntoDoesDumbStuff","format":"[Gen 9] Ubers","log":"|j|\u2606firecreepr\n|j|\u2606AntoDoesDumbStuff\n|t:|1697829760\n|gametype|singles\n|player|p1|firecreepr|silver|1122\n|player|p2|AntoDoesDumbStuff|kieran-festival|1073\n|teamsize|p1|6\n|teamsize|p2|6\n|gen|9\n|tier|[Gen 9] Ubers\n|rated|\n|rule|Sleep Clause Mod: Limit one foe put to sleep\n|rule|Species Clause: Limit one of each Pok\u00e9mon\n|rule|OHKO Clause: OHKO moves are banned\n|rule|Evasion Items Clause: Evasion items are banned\n|rule|Evasion Moves Clause: Evasion moves are banned\n|rule|Endless Battle Clause: Forcing endless battles is banned\n|rule|HP Percentage Mod: HP is shown in percentages\n|clearpoke\n|poke|p1|Koraidon|\n|poke|p1|Flutter Mane|\n|poke|p1|Great Tusk|\n|poke|p1|Walking Wake|\n|poke|p1|Roaring Moon|\n|poke|p1|Heatran, F|\n|poke|p2|Ogerpon-Hearthflame, F|\n|poke|p2|Cloyster, M|\n|poke|p2|Regieleki|\n|poke|p2|Chi-Yu|\n|poke|p2|Kyogre|\n|poke|p2|Basculegion, M|\n|teampreview\n|inactive|Battle timer is ON: inactive players will automatically lose when time's up. (requested by AntoDoesDumbStuff)\n|inactive|firecreepr also wants the timer to be on.\n|\n|t:|1697829776\n|start\n|switch|p1a: Koraidon|Koraidon|100\/100\n|switch|p2a: Heh|Ogerpon-Hearthflame, F|100\/100\n|-weather|SunnyDay|[from] ability: Orichalcum Pulse|[of] p1a: Koraidon\n|-activate|p1a: Koraidon|Orichalcum Pulse|[source]\n|-ability|p2a: Heh|Mold Breaker\n|turn|1\n|\n|t:|1697829791\n|move|p1a: Koraidon|Swords Dance|p1a: Koraidon\n|-boost|p1a: Koraidon|atk|2\n|move|p2a: Heh|Play Rough|p1a: Koraidon\n|-supereffective|p1a: Koraidon\n|-damage|p1a: Koraidon|0 fnt\n|faint|p1a: Koraidon\n|\n|-weather|SunnyDay|[upkeep]\n|upkeep\n|\n|t:|1697829799\n|switch|p1a: yuuta|Walking Wake|100\/100\n|-activate|p1a: yuuta|ability: Protosynthesis\n|-start|p1a: yuuta|protosynthesisspe\n|turn|2\n|\n|t:|1697829806\n|move|p1a: yuuta|Draco Meteor|p2a: Heh\n|-damage|p2a: Heh|0 fnt\n|-unboost|p1a: yuuta|spa|2\n|faint|p2a: Heh\n|\n|-weather|SunnyDay|[upkeep]\n|upkeep\n|\n|t:|1697829813\n|switch|p2a: Texas.|Cloyster, M|100\/100\n|turn|3\n|\n|t:|1697829818\n|move|p1a: yuuta|Draco Meteor|p2a: Texas.\n|-damage|p2a: Texas.|0 fnt\n|-unboost|p1a: yuuta|spa|2\n|faint|p2a: Texas.\n|\n|-weather|SunnyDay|[upkeep]\n|upkeep\n|\n|t:|1697829821\n|switch|p2a: Rehehe|Regieleki|100\/100\n|turn|4\n|\n|t:|1697829827\n|-end|p1a: yuuta|Protosynthesis|[silent]\n|switch|p1a: itadori yuji|Great Tusk|100\/100\n|-activate|p1a: itadori yuji|ability: Protosynthesis\n|-start|p1a: itadori yuji|protosynthesisdef\n|-terastallize|p2a: Rehehe|Ice\n|move|p2a: Rehehe|Tera Blast|p1a: itadori yuji|[anim] Tera Blast Ice\n|-supereffective|p1a: itadori yuji\n|-damage|p1a: itadori yuji|4\/100\n|\n|-weather|SunnyDay|[upkeep]\n|-heal|p1a: itadori yuji|10\/100|[from] item: Leftovers\n|upkeep\n|turn|5\n|\n|t:|1697829841\n|move|p2a: Rehehe|Tera Blast|p1a: itadori yuji|[anim] Tera Blast Ice\n|-supereffective|p1a: itadori yuji\n|-damage|p1a: itadori yuji|0 fnt\n|faint|p1a: itadori yuji\n|-end|p1a: itadori yuji|Protosynthesis|[silent]\n|\n|-weather|SunnyDay|[upkeep]\n|upkeep\n|\n|t:|1697829861\n|switch|p1a: yuuta|Walking Wake|100\/100\n|-activate|p1a: yuuta|ability: Protosynthesis\n|-start|p1a: yuuta|protosynthesisspe\n|turn|6\n|\n|t:|1697829869\n|move|p2a: Rehehe|Tera Blast|p1a: yuuta|[anim] Tera Blast Ice\n|-damage|p1a: yuuta|57\/100\n|move|p1a: yuuta|Hydro Steam|p2a: Rehehe\n|-damage|p2a: Rehehe|0 fnt\n|faint|p2a: Rehehe\n|\n|-weather|SunnyDay|[upkeep]\n|upkeep\n|\n|t:|1697829874\n|switch|p2a: Chi-Yu|Chi-Yu|100\/100\n|-ability|p2a: Chi-Yu|Beads of Ruin\n|turn|7\n|\n|t:|1697829881\n|move|p1a: yuuta|Hydro Steam|p2a: Chi-Yu\n|-supereffective|p2a: Chi-Yu\n|-damage|p2a: Chi-Yu|0 fnt\n|faint|p2a: Chi-Yu\n|\n|-weather|SunnyDay|[upkeep]\n|upkeep\n|\n|t:|1697829884\n|switch|p2a: whale|Kyogre|100\/100\n|-weather|RainDance|[from] ability: Drizzle|[of] p2a: whale\n|-end|p1a: yuuta|Protosynthesis\n|turn|8\n|\n|t:|1697829890\n|move|p1a: yuuta|Hydro Steam|p2a: whale\n|-resisted|p2a: whale\n|-damage|p2a: whale|67\/100\n|move|p2a: whale|Ice Beam|p1a: yuuta\n|-damage|p1a: yuuta|15\/100\n|\n|-weather|RainDance|[upkeep]\n|upkeep\n|turn|9\n|\n|t:|1697829898\n|move|p1a: yuuta|Hydro Steam|p2a: whale\n|-resisted|p2a: whale\n|-damage|p2a: whale|32\/100\n|move|p2a: whale|Ice Beam|p1a: yuuta\n|-damage|p1a: yuuta|0 fnt\n|faint|p1a: yuuta\n|-end|p1a: yuuta|Protosynthesis|[silent]\n|\n|-weather|RainDance|[upkeep]\n|upkeep\n|\n|t:|1697829906\n|switch|p1a: Flutter Mane|Flutter Mane|100\/100\n|turn|10\n|\n|t:|1697829915\n|move|p1a: Flutter Mane|Shadow Ball|p2a: whale\n|-damage|p2a: whale|0 fnt\n|faint|p2a: whale\n|\n|-weather|RainDance|[upkeep]\n|upkeep\n|\n|t:|1697829917\n|switch|p2a: Feesh|Basculegion, M|100\/100\n|turn|11\n|\n|t:|1697829928\n|move|p2a: Feesh|Last Respects|p1a: Flutter Mane\n|-supereffective|p1a: Flutter Mane\n|-damage|p1a: Flutter Mane|0 fnt\n|faint|p1a: Flutter Mane\n|-end|p1a: Flutter Mane|Protosynthesis|[silent]\n|\n|-weather|RainDance|[upkeep]\n|upkeep\n|\n|t:|1697829943\n|switch|p1a: hakari|Roaring Moon|100\/100\n|turn|12\n|\n|t:|1697829959\n|move|p2a: Feesh|Last Respects|p1a: hakari\n|-resisted|p1a: hakari\n|-damage|p1a: hakari|15\/100\n|move|p1a: hakari|Knock Off|p2a: Feesh\n|-supereffective|p2a: Feesh\n|-damage|p2a: Feesh|0 fnt\n|-enditem|p2a: Feesh|Leftovers|[from] move: Knock Off|[of] p1a: hakari\n|faint|p2a: Feesh\n|\n|win|firecreepr\n|raw|firecreepr's rating: 1122 &rarr; <strong>1143<\/strong><br \/>(+21 for winning)\n|raw|AntoDoesDumbStuff's rating: 1073 &rarr; <strong>1055<\/strong><br \/>(-18 for losing)\n|l|\u2606AntoDoesDumbStuff\n|c|\u2606firecreepr|gg\n","uploadtime":1697829973,"views":15,"p1id":"firecreepr","p2id":"antodoesdumbstuff","formatid":"gen9ubers","rating":1055,"private":0,"password":""}