{"id":"gen9ubers-1982872463","p1":"TubeKnight","p2":"Kinesquared","format":"[Gen 9] Ubers","log":"|j|\u2606TubeKnight\n|j|\u2606Kinesquared\n|t:|1699053485\n|gametype|singles\n|player|p1|TubeKnight|2|\n|player|p2|Kinesquared|scientist-gen4dp|\n|teamsize|p1|6\n|teamsize|p2|6\n|gen|9\n|tier|[Gen 9] Ubers\n|rule|Sleep Clause Mod: Limit one foe put to sleep\n|rule|Species Clause: Limit one of each Pok\u00e9mon\n|rule|OHKO Clause: OHKO moves are banned\n|rule|Evasion Items Clause: Evasion items are banned\n|rule|Evasion Moves Clause: Evasion moves are banned\n|rule|Endless Battle Clause: Forcing endless battles is banned\n|rule|HP Percentage Mod: HP is shown in percentages\n|clearpoke\n|poke|p1|Palafin, F|\n|poke|p1|Palkia-Origin|\n|poke|p1|Zacian-*|\n|poke|p1|Chi-Yu|\n|poke|p1|Arceus-Grass|\n|poke|p1|Urshifu-*, F|\n|poke|p2|Alomomola, M|\n|poke|p2|Blissey, F|\n|poke|p2|Garganacl, F|\n|poke|p2|Clefable, M|\n|poke|p2|Hippowdon, M|\n|poke|p2|Volcarona, F|\n|teampreview\n|c|\u2606Kinesquared|yo\n|inactive|Battle timer is ON: inactive players will automatically lose when time's up. (requested by TubeKnight)\n|c|\u2606TubeKnight|glhf\n|\n|t:|1699053498\n|start\n|switch|p1a: Palafin|Palafin, F, shiny|100\/100\n|switch|p2a: Hippowdon|Hippowdon, M|100\/100\n|-weather|Sandstorm|[from] ability: Sand Stream|[of] p2a: Hippowdon\n|turn|1\n|\n|t:|1699053510\n|switch|p2a: Alomomola|Alomomola, M|100\/100\n|move|p1a: Palafin|Flip Turn|p2a: Alomomola\n|-resisted|p2a: Alomomola\n|-damage|p2a: Alomomola|92\/100\n|-damage|p1a: Palafin|84\/100|[from] item: Rocky Helmet|[of] p2a: Alomomola\n|\n|t:|1699053516\n|detailschange|p1a: Palafin|Palafin-Hero, F, shiny\n|switch|p1a: Arceus|Arceus-Grass, shiny|100\/100|[from] Flip Turn\n|\n|-weather|Sandstorm|[upkeep]\n|-damage|p1a: Arceus|94\/100|[from] Sandstorm\n|-damage|p2a: Alomomola|86\/100|[from] Sandstorm\n|upkeep\n|turn|2\n|\n|t:|1699053523\n|switch|p2a: Volcarona|Volcarona, F|100\/100\n|move|p1a: Arceus|Judgment|p2a: Volcarona\n|-resisted|p2a: Volcarona\n|-crit|p2a: Volcarona\n|-damage|p2a: Volcarona|81\/100\n|\n|-weather|Sandstorm|[upkeep]\n|-damage|p1a: Arceus|88\/100|[from] Sandstorm\n|-damage|p2a: Volcarona|75\/100|[from] Sandstorm\n|upkeep\n|turn|3\n|\n|t:|1699053539\n|move|p1a: Arceus|Draco Meteor|p2a: Volcarona\n|-damage|p2a: Volcarona|39\/100\n|-unboost|p1a: Arceus|spa|2\n|move|p2a: Volcarona|Will-O-Wisp|p1a: Arceus\n|-status|p1a: Arceus|brn\n|\n|-weather|Sandstorm|[upkeep]\n|-damage|p1a: Arceus|82\/100 brn|[from] Sandstorm\n|-damage|p2a: Volcarona|33\/100|[from] Sandstorm\n|-damage|p1a: Arceus|76\/100 brn|[from] brn\n|upkeep\n|turn|4\n|c|\u2606TubeKnight|holy\n|\n|t:|1699053553\n|switch|p1a: Palafin|Palafin-Hero, F, shiny|84\/100\n|-activate|p1a: Palafin|ability: Zero to Hero\n|move|p2a: Volcarona|Morning Sun|p2a: Volcarona\n|-heal|p2a: Volcarona|58\/100\n|\n|-weather|Sandstorm|[upkeep]\n|-damage|p1a: Palafin|78\/100|[from] Sandstorm\n|-damage|p2a: Volcarona|52\/100|[from] Sandstorm\n|upkeep\n|turn|5\n|\n|t:|1699053563\n|switch|p2a: Alomomola|Alomomola, M|100\/100\n|move|p1a: Palafin|Jet Punch|p2a: Alomomola\n|-resisted|p2a: Alomomola\n|-damage|p2a: Alomomola|87\/100\n|-damage|p1a: Palafin|61\/100|[from] item: Rocky Helmet|[of] p2a: Alomomola\n|\n|-weather|none\n|upkeep\n|turn|6\n|\n|t:|1699053573\n|switch|p1a: Palkia|Palkia-Origin|100\/100\n|-ability|p1a: Palkia|Pressure\n|move|p2a: Alomomola|Wish|p2a: Alomomola\n|\n|upkeep\n|turn|7\n|\n|t:|1699053579\n|move|p1a: Palkia|Spacial Rend|p2a: Alomomola\n|-damage|p2a: Alomomola|9\/100\n|move|p2a: Alomomola|Flip Turn|p1a: Palkia\n|-resisted|p1a: Palkia\n|-damage|p1a: Palkia|97\/100\n|\n|t:|1699053591\n|switch|p2a: Garganacl|Garganacl, F|100\/100|[from] Flip Turn\n|\n|upkeep\n|turn|8\n|\n|t:|1699053595\n|-terastallize|p2a: Garganacl|Fairy\n|move|p1a: Palkia|Hydro Pump|p2a: Garganacl\n|-damage|p2a: Garganacl|29\/100\n|move|p2a: Garganacl|Salt Cure|p1a: Palkia\n|-damage|p1a: Palkia|83\/100\n|-start|p1a: Palkia|Salt Cure\n|\n|-heal|p2a: Garganacl|35\/100|[from] item: Leftovers\n|-damage|p1a: Palkia|58\/100|[from] Salt Cure\n|upkeep\n|turn|9\n|\n|t:|1699053619\n|switch|p1a: Chi-Yu|Chi-Yu|100\/100\n|-ability|p1a: Chi-Yu|Beads of Ruin\n|move|p2a: Garganacl|Protect||[still]\n|-fail|p2a: Garganacl\n|\n|-heal|p2a: Garganacl|41\/100|[from] item: Leftovers\n|upkeep\n|turn|10\n|\n|t:|1699053627\n|switch|p2a: Blissey|Blissey, F|100\/100\n|move|p1a: Chi-Yu|Flamethrower|p2a: Blissey\n|-damage|p2a: Blissey|79\/100\n|-status|p2a: Blissey|brn\n|\n|-damage|p2a: Blissey|72\/100 brn|[from] brn\n|upkeep\n|turn|11\n|\n|t:|1699053637\n|switch|p1a: Zacian|Zacian, shiny|100\/100\n|-ability|p1a: Zacian|Intrepid Sword|boost\n|-boost|p1a: Zacian|atk|1\n|-curestatus|p2a: Blissey|brn|[from] ability: Natural Cure\n|switch|p2a: Hippowdon|Hippowdon, M|100\/100\n|-weather|Sandstorm|[from] ability: Sand Stream|[of] p2a: Hippowdon\n|\n|-weather|Sandstorm|[upkeep]\n|-damage|p1a: Zacian|94\/100|[from] Sandstorm\n|upkeep\n|turn|12\n|\n|t:|1699053651\n|move|p1a: Zacian|Play Rough|p2a: Hippowdon\n|-damage|p2a: Hippowdon|53\/100\n|move|p2a: Hippowdon|Stealth Rock|p1a: Zacian\n|-sidestart|p1: TubeKnight|move: Stealth Rock\n|\n|-weather|Sandstorm|[upkeep]\n|-damage|p1a: Zacian|88\/100|[from] Sandstorm\n|-heal|p2a: Hippowdon|59\/100|[from] item: Leftovers\n|upkeep\n|turn|13\n|\n|t:|1699053661\n|move|p1a: Zacian|Play Rough|p2a: Hippowdon\n|-damage|p2a: Hippowdon|11\/100\n|-unboost|p2a: Hippowdon|atk|1\n|move|p2a: Hippowdon|Whirlwind|p1a: Zacian\n|drag|p1a: Palkia|Palkia-Origin|58\/100\n|-damage|p1a: Palkia|45\/100|[from] Stealth Rock\n|-ability|p1a: Palkia|Pressure\n|\n|-weather|Sandstorm|[upkeep]\n|-damage|p1a: Palkia|39\/100|[from] Sandstorm\n|-heal|p2a: Hippowdon|17\/100|[from] item: Leftovers\n|upkeep\n|turn|14\n|\n|t:|1699053674\n|switch|p2a: Blissey|Blissey, F|72\/100\n|move|p1a: Palkia|Hydro Pump|p2a: Blissey\n|-damage|p2a: Blissey|46\/100\n|\n|-weather|Sandstorm|[upkeep]\n|-damage|p1a: Palkia|33\/100|[from] Sandstorm\n|-damage|p2a: Blissey|40\/100|[from] Sandstorm\n|upkeep\n|turn|15\n|\n|t:|1699053682\n|switch|p1a: Urshifu|Urshifu, F|100\/100\n|-damage|p1a: Urshifu|94\/100|[from] Stealth Rock\n|move|p2a: Blissey|Soft-Boiled|p2a: Blissey\n|-heal|p2a: Blissey|90\/100\n|\n|-weather|none\n|upkeep\n|turn|16\n|\n|t:|1699053691\n|switch|p2a: Clefable|Clefable, M|100\/100\n|move|p1a: Urshifu|U-turn|p2a: Clefable\n|-resisted|p2a: Clefable\n|-damage|p2a: Clefable|79\/100\n|\n|t:|1699053711\n|switch|p1a: Chi-Yu|Chi-Yu|100\/100|[from] U-turn\n|-damage|p1a: Chi-Yu|76\/100|[from] Stealth Rock\n|-ability|p1a: Chi-Yu|Beads of Ruin\n|\n|-heal|p2a: Clefable|85\/100|[from] item: Leftovers\n|upkeep\n|turn|17\n|\n|t:|1699053732\n|move|p2a: Clefable|Protect|p2a: Clefable\n|-singleturn|p2a: Clefable|Protect\n|move|p1a: Chi-Yu|Overheat|p2a: Clefable\n|-activate|p2a: Clefable|move: Protect\n|\n|-heal|p2a: Clefable|91\/100|[from] item: Leftovers\n|upkeep\n|turn|18\n|\n|t:|1699053740\n|switch|p2a: Garganacl|Garganacl, F, tera:Fairy|41\/100\n|move|p1a: Chi-Yu|Overheat|p2a: Garganacl|[miss]\n|-miss|p1a: Chi-Yu|p2a: Garganacl\n|\n|-heal|p2a: Garganacl|48\/100|[from] item: Leftovers\n|upkeep\n|turn|19\n|\n|t:|1699053748\n|move|p2a: Garganacl|Protect|p2a: Garganacl\n|-singleturn|p2a: Garganacl|Protect\n|move|p1a: Chi-Yu|Overheat|p2a: Garganacl\n|-activate|p2a: Garganacl|move: Protect\n|\n|-heal|p2a: Garganacl|54\/100|[from] item: Leftovers\n|upkeep\n|turn|20\n|\n|t:|1699053766\n|switch|p2a: Hippowdon|Hippowdon, M|17\/100\n|-weather|Sandstorm|[from] ability: Sand Stream|[of] p2a: Hippowdon\n|move|p1a: Chi-Yu|Overheat|p2a: Hippowdon\n|-damage|p2a: Hippowdon|0 fnt\n|-unboost|p1a: Chi-Yu|spa|2\n|faint|p2a: Hippowdon\n|\n|-weather|Sandstorm|[upkeep]\n|-damage|p1a: Chi-Yu|70\/100|[from] Sandstorm\n|upkeep\n|\n|t:|1699053781\n|switch|p2a: Alomomola|Alomomola, M|43\/100\n|turn|21\n|\n|t:|1699053786\n|switch|p1a: Arceus|Arceus-Grass, shiny|76\/100 brn\n|-damage|p1a: Arceus|64\/100 brn|[from] Stealth Rock\n|switch|p2a: Blissey|Blissey, F|90\/100\n|\n|-weather|Sandstorm|[upkeep]\n|-damage|p1a: Arceus|58\/100 brn|[from] Sandstorm\n|-damage|p2a: Blissey|84\/100|[from] Sandstorm\n|-damage|p1a: Arceus|52\/100 brn|[from] brn\n|upkeep\n|turn|22\n|\n|t:|1699053795\n|switch|p1a: Urshifu|Urshifu, F|94\/100\n|-damage|p1a: Urshifu|88\/100|[from] Stealth Rock\n|move|p2a: Blissey|Calm Mind|p2a: Blissey\n|-boost|p2a: Blissey|spa|1\n|-boost|p2a: Blissey|spd|1\n|\n|-weather|Sandstorm|[upkeep]\n|-damage|p1a: Urshifu|82\/100|[from] Sandstorm\n|-damage|p2a: Blissey|77\/100|[from] Sandstorm\n|upkeep\n|turn|23\n|\n|t:|1699053804\n|switch|p2a: Alomomola|Alomomola, M|76\/100\n|move|p1a: Urshifu|Iron Head|p2a: Alomomola\n|-resisted|p2a: Alomomola\n|-damage|p2a: Alomomola|66\/100\n|-damage|p1a: Urshifu|66\/100|[from] item: Rocky Helmet|[of] p2a: Alomomola\n|\n|-weather|Sandstorm|[upkeep]\n|-damage|p1a: Urshifu|59\/100|[from] Sandstorm\n|-damage|p2a: Alomomola|59\/100|[from] Sandstorm\n|upkeep\n|turn|24\n|\n|t:|1699053812\n|switch|p1a: Zacian|Zacian, shiny|88\/100\n|-damage|p1a: Zacian|76\/100|[from] Stealth Rock\n|move|p2a: Alomomola|Wish|p2a: Alomomola\n|\n|-weather|none\n|upkeep\n|turn|25\n|\n|t:|1699053820\n|move|p1a: Zacian|Play Rough|p2a: Alomomola\n|-damage|p2a: Alomomola|21\/100\n|-damage|p1a: Zacian|59\/100|[from] item: Rocky Helmet|[of] p2a: Alomomola\n|move|p2a: Alomomola|Scald|p1a: Zacian\n|-damage|p1a: Zacian|47\/100\n|\n|-heal|p2a: Alomomola|71\/100|[from] move: Wish|[wisher] Alomomola\n|upkeep\n|turn|26\n|\n|t:|1699053837\n|switch|p1a: Palkia|Palkia-Origin|33\/100\n|-damage|p1a: Palkia|20\/100|[from] Stealth Rock\n|-ability|p1a: Palkia|Pressure\n|move|p2a: Alomomola|Flip Turn|p1a: Palkia\n|-resisted|p1a: Palkia\n|-damage|p1a: Palkia|16\/100\n|\n|t:|1699053851\n|switch|p2a: Blissey|Blissey, F|77\/100|[from] Flip Turn\n|\n|upkeep\n|turn|27\n|\n|t:|1699053859\n|move|p1a: Palkia|Spacial Rend|p2a: Blissey\n|-damage|p2a: Blissey|53\/100\n|move|p2a: Blissey|Calm Mind|p2a: Blissey\n|-boost|p2a: Blissey|spa|1\n|-boost|p2a: Blissey|spd|1\n|\n|upkeep\n|turn|28\n|\n|t:|1699053868\n|move|p1a: Palkia|Spacial Rend|p2a: Blissey\n|-damage|p2a: Blissey|35\/100\n|move|p2a: Blissey|Soft-Boiled|p2a: Blissey\n|-heal|p2a: Blissey|85\/100\n|\n|upkeep\n|turn|29\n|\n|t:|1699053876\n|move|p1a: Palkia|Thunderbolt|p2a: Blissey\n|-damage|p2a: Blissey|76\/100\n|move|p2a: Blissey|Calm Mind|p2a: Blissey\n|-boost|p2a: Blissey|spa|1\n|-boost|p2a: Blissey|spd|1\n|\n|upkeep\n|turn|30\n|\n|t:|1699053882\n|move|p1a: Palkia|Thunderbolt|p2a: Blissey\n|-damage|p2a: Blissey|70\/100\n|move|p2a: Blissey|Flamethrower|p1a: Palkia\n|-resisted|p1a: Palkia\n|-damage|p1a: Palkia|10\/100\n|\n|upkeep\n|turn|31\n|\n|t:|1699053888\n|move|p1a: Palkia|Spacial Rend|p2a: Blissey\n|-crit|p2a: Blissey\n|-damage|p2a: Blissey|28\/100\n|move|p2a: Blissey|Flamethrower|p1a: Palkia\n|-resisted|p1a: Palkia\n|-damage|p1a: Palkia|3\/100\n|\n|upkeep\n|turn|32\n|\n|t:|1699053894\n|move|p1a: Palkia|Spacial Rend|p2a: Blissey|[miss]\n|-miss|p1a: Palkia|p2a: Blissey\n|move|p2a: Blissey|Soft-Boiled|p2a: Blissey\n|-heal|p2a: Blissey|78\/100\n|\n|upkeep\n|turn|33\n|\n|t:|1699053900\n|move|p1a: Palkia|Spacial Rend|p2a: Blissey\n|-damage|p2a: Blissey|66\/100\n|move|p2a: Blissey|Flamethrower|p1a: Palkia\n|-resisted|p1a: Palkia\n|-damage|p1a: Palkia|0 fnt\n|faint|p1a: Palkia\n|\n|upkeep\n|\n|t:|1699053904\n|switch|p1a: Palafin|Palafin-Hero, F, shiny|61\/100\n|-damage|p1a: Palafin|49\/100|[from] Stealth Rock\n|turn|34\n|\n|t:|1699053912\n|switch|p2a: Alomomola|Alomomola, M|100\/100\n|move|p1a: Palafin|Close Combat|p2a: Alomomola\n|-damage|p2a: Alomomola|63\/100\n|-unboost|p1a: Palafin|def|1\n|-unboost|p1a: Palafin|spd|1\n|-damage|p1a: Palafin|33\/100|[from] item: Rocky Helmet|[of] p2a: Alomomola\n|\n|upkeep\n|turn|35\n|\n|t:|1699053921\n|switch|p1a: Arceus|Arceus-Grass, shiny|52\/100 brn\n|-damage|p1a: Arceus|40\/100 brn|[from] Stealth Rock\n|move|p2a: Alomomola|Wish|p2a: Alomomola\n|\n|-damage|p1a: Arceus|34\/100 brn|[from] brn\n|upkeep\n|turn|36\n|\n|t:|1699053929\n|switch|p2a: Volcarona|Volcarona, F|52\/100\n|move|p1a: Arceus|Judgment|p2a: Volcarona\n|-resisted|p2a: Volcarona\n|-damage|p2a: Volcarona|39\/100\n|\n|-heal|p2a: Volcarona|100\/100|[from] move: Wish|[wisher] Alomomola\n|-damage|p1a: Arceus|28\/100 brn|[from] brn\n|upkeep\n|turn|37\n|\n|t:|1699053949\n|move|p1a: Arceus|Draco Meteor|p2a: Volcarona\n|-damage|p2a: Volcarona|65\/100\n|-unboost|p1a: Arceus|spa|2\n|move|p2a: Volcarona|Quiver Dance|p2a: Volcarona\n|-boost|p2a: Volcarona|spa|1\n|-boost|p2a: Volcarona|spd|1\n|-boost|p2a: Volcarona|spe|1\n|\n|-damage|p1a: Arceus|21\/100 brn|[from] brn\n|upkeep\n|turn|38\n|\n|t:|1699053960\n|switch|p1a: Palafin|Palafin-Hero, F, shiny|33\/100\n|-damage|p1a: Palafin|20\/100|[from] Stealth Rock\n|move|p2a: Volcarona|Fiery Dance|p1a: Palafin\n|-resisted|p1a: Palafin\n|-damage|p1a: Palafin|0 fnt\n|faint|p1a: Palafin\n|\n|upkeep\n|\n|t:|1699053972\n|switch|p1a: Zacian|Zacian, shiny|47\/100\n|-damage|p1a: Zacian|35\/100|[from] Stealth Rock\n|turn|39\n|\n|t:|1699053983\n|-terastallize|p1a: Zacian|Ground\n|move|p1a: Zacian|Tera Blast|p2a: Volcarona|[anim] Tera Blast Ground\n|-damage|p2a: Volcarona|17\/100\n|move|p2a: Volcarona|Quiver Dance|p2a: Volcarona\n|-boost|p2a: Volcarona|spa|1\n|-boost|p2a: Volcarona|spd|1\n|-boost|p2a: Volcarona|spe|1\n|\n|upkeep\n|turn|40\n|\n|t:|1699053991\n|move|p2a: Volcarona|Morning Sun|p2a: Volcarona\n|-heal|p2a: Volcarona|67\/100\n|move|p1a: Zacian|Tera Blast|p2a: Volcarona|[anim] Tera Blast Ground\n|-damage|p2a: Volcarona|14\/100\n|\n|upkeep\n|turn|41\n|\n|t:|1699053997\n|move|p2a: Volcarona|Fiery Dance|p1a: Zacian\n|-damage|p1a: Zacian|0 fnt\n|-boost|p2a: Volcarona|spa|1\n|faint|p1a: Zacian\n|\n|upkeep\n|\n|t:|1699054001\n|switch|p1a: Chi-Yu|Chi-Yu|70\/100\n|-damage|p1a: Chi-Yu|45\/100|[from] Stealth Rock\n|-ability|p1a: Chi-Yu|Beads of Ruin\n|turn|42\n|\n|t:|1699054010\n|move|p1a: Chi-Yu|Dark Pulse|p2a: Volcarona\n|-damage|p2a: Volcarona|0 fnt\n|faint|p2a: Volcarona\n|\n|upkeep\n|inactive|Kinesquared has 270 seconds left.\n|\n|t:|1699054041\n|switch|p2a: Garganacl|Garganacl, F, tera:Fairy|54\/100\n|turn|43\n|\n|t:|1699054049\n|switch|p1a: Urshifu|Urshifu, F|59\/100\n|-damage|p1a: Urshifu|53\/100|[from] Stealth Rock\n|move|p2a: Garganacl|Salt Cure|p1a: Urshifu\n|-resisted|p1a: Urshifu\n|-damage|p1a: Urshifu|47\/100\n|-start|p1a: Urshifu|Salt Cure\n|\n|-heal|p2a: Garganacl|60\/100|[from] item: Leftovers\n|-damage|p1a: Urshifu|35\/100|[from] Salt Cure\n|upkeep\n|turn|44\n|\n|t:|1699054059\n|move|p2a: Garganacl|Protect|p2a: Garganacl\n|-singleturn|p2a: Garganacl|Protect\n|move|p1a: Urshifu|Iron Head|p2a: Garganacl\n|-supereffective|p2a: Garganacl\n|-damage|p2a: Garganacl|16\/100\n|\n|-heal|p2a: Garganacl|22\/100|[from] item: Leftovers\n|-damage|p1a: Urshifu|22\/100|[from] Salt Cure\n|upkeep\n|turn|45\n|c|\u2606Kinesquared|o right\n|inactive|Kinesquared has 270 seconds left.\n|\n|t:|1699054077\n|switch|p2a: Alomomola|Alomomola, M|96\/100\n|move|p1a: Urshifu|Iron Head|p2a: Alomomola\n|-resisted|p2a: Alomomola\n|-damage|p2a: Alomomola|85\/100\n|-damage|p1a: Urshifu|6\/100|[from] item: Rocky Helmet|[of] p2a: Alomomola\n|\n|-damage|p1a: Urshifu|0 fnt|[from] Salt Cure\n|faint|p1a: Urshifu\n|upkeep\n|\n|t:|1699054084\n|switch|p1a: Arceus|Arceus-Grass, shiny|21\/100 brn\n|-damage|p1a: Arceus|9\/100 brn|[from] Stealth Rock\n|turn|46\n|\n|t:|1699054089\n|move|p1a: Arceus|Judgment|p2a: Alomomola\n|-supereffective|p2a: Alomomola\n|-damage|p2a: Alomomola|0 fnt\n|faint|p2a: Alomomola\n|\n|-damage|p1a: Arceus|3\/100 brn|[from] brn\n|upkeep\n|\n|t:|1699054097\n|switch|p2a: Blissey|Blissey, F|66\/100\n|turn|47\n|\n|t:|1699054103\n|move|p1a: Arceus|Judgment|p2a: Blissey\n|-damage|p2a: Blissey|44\/100\n|move|p2a: Blissey|Calm Mind|p2a: Blissey\n|-boost|p2a: Blissey|spa|1\n|-boost|p2a: Blissey|spd|1\n|\n|-damage|p1a: Arceus|0 fnt|[from] brn\n|faint|p1a: Arceus\n|upkeep\n|\n|t:|1699054105\n|switch|p1a: Chi-Yu|Chi-Yu|45\/100\n|-damage|p1a: Chi-Yu|20\/100|[from] Stealth Rock\n|-ability|p1a: Chi-Yu|Beads of Ruin\n|turn|48\n|\n|t:|1699054115\n|move|p1a: Chi-Yu|Flamethrower|p2a: Blissey\n|-damage|p2a: Blissey|27\/100\n|move|p2a: Blissey|Soft-Boiled|p2a: Blissey\n|-heal|p2a: Blissey|77\/100\n|\n|upkeep\n|turn|49\n|c|\u2606Kinesquared|gg\n|\n|t:|1699054122\n|move|p1a: Chi-Yu|Flamethrower|p2a: Blissey\n|-crit|p2a: Blissey\n|-damage|p2a: Blissey|42\/100\n|move|p2a: Blissey|Flamethrower|p1a: Chi-Yu\n|-resisted|p1a: Chi-Yu\n|-damage|p1a: Chi-Yu|6\/100\n|\n|upkeep\n|turn|50\n|c|\u2606TubeKnight|gg\n|\n|t:|1699054129\n|move|p1a: Chi-Yu|Flamethrower|p2a: Blissey\n|-damage|p2a: Blissey|25\/100\n|move|p2a: Blissey|Flamethrower|p1a: Chi-Yu\n|-resisted|p1a: Chi-Yu\n|-crit|p1a: Chi-Yu\n|-damage|p1a: Chi-Yu|0 fnt\n|faint|p1a: Chi-Yu\n|\n|win|Kinesquared\n|c|\u2606Kinesquared|go again?\n|c|\u2606TubeKnight|sure\n|c|\u2606Kinesquared|diff team for me\n|c|\u2606TubeKnight|alr\n|c|\u2606Kinesquared|gimma 2 sec\n","uploadtime":1699054144,"views":18,"p1id":"tubeknight","p2id":"kinesquared","formatid":"gen9ubers","rating":0,"private":0,"password":""}