{"id":"gen9ubers-1996634699","p1":"Ryuu Kia430","p2":"Gamer Boi YT","format":"[Gen 9] Ubers","log":"|j|\u2606Ryuu Kia430\n|j|\u2606Gamer Boi YT\n|t:|1700703269\n|gametype|singles\n|player|p1|Ryuu Kia430|alder|1000\n|player|p2|Gamer Boi YT|ethan|1055\n|teamsize|p1|6\n|teamsize|p2|6\n|gen|9\n|tier|[Gen 9] Ubers\n|rated|\n|rule|Sleep Clause Mod: Limit one foe put to sleep\n|rule|Species Clause: Limit one of each Pok\u00e9mon\n|rule|OHKO Clause: OHKO moves are banned\n|rule|Evasion Items Clause: Evasion items are banned\n|rule|Evasion Moves Clause: Evasion moves are banned\n|rule|Endless Battle Clause: Forcing endless battles is banned\n|rule|HP Percentage Mod: HP is shown in percentages\n|clearpoke\n|poke|p1|Annihilape, F|\n|poke|p1|Gliscor, F|\n|poke|p1|Baxcalibur, M|\n|poke|p1|Zacian-*|\n|poke|p1|Dialga-Origin|\n|poke|p1|Giratina-Origin|\n|poke|p2|Glimmora, M|\n|poke|p2|Espathra, F|\n|poke|p2|Gliscor, M|\n|poke|p2|Grimmsnarl, M|\n|poke|p2|Arceus|\n|poke|p2|Miraidon|\n|teampreview\n|inactive|Battle timer is ON: inactive players will automatically lose when time's up. (requested by Gamer Boi YT)\n|\n|t:|1700703279\n|start\n|switch|p1a: Annihilape|Annihilape, F, shiny|100\/100\n|switch|p2a: Glimmora|Glimmora, M|100\/100\n|turn|1\n|\n|t:|1700703290\n|move|p2a: Glimmora|Stealth Rock|p1a: Annihilape\n|-sidestart|p1: Ryuu Kia430|move: Stealth Rock\n|move|p1a: Annihilape|Drain Punch|p2a: Glimmora\n|-damage|p2a: Glimmora|53\/100\n|-activate|p2a: Glimmora|ability: Toxic Debris\n|-sidestart|p1: Ryuu Kia430|move: Toxic Spikes\n|\n|upkeep\n|turn|2\n|\n|t:|1700703307\n|move|p2a: Glimmora|Earth Power|p1a: Annihilape\n|-damage|p1a: Annihilape|69\/100\n|move|p1a: Annihilape|Drain Punch|p2a: Glimmora\n|-damage|p2a: Glimmora|8\/100\n|-heal|p1a: Annihilape|88\/100|[from] drain|[of] p2a: Glimmora\n|-activate|p2a: Glimmora|ability: Toxic Debris\n|-sidestart|p1: Ryuu Kia430|move: Toxic Spikes\n|\n|upkeep\n|turn|3\n|\n|t:|1700703316\n|move|p2a: Glimmora|Mortal Spin|p1a: Annihilape\n|-resisted|p1a: Annihilape\n|-damage|p1a: Annihilape|85\/100\n|-status|p1a: Annihilape|psn\n|move|p1a: Annihilape|Drain Punch|p2a: Glimmora\n|-damage|p2a: Glimmora|0 fnt\n|-heal|p1a: Annihilape|88\/100 psn|[from] drain|[of] p2a: Glimmora\n|faint|p2a: Glimmora\n|\n|-damage|p1a: Annihilape|76\/100 psn|[from] psn\n|upkeep\n|\n|t:|1700703332\n|switch|p2a: Gliscor|Gliscor, M, shiny|100\/100\n|turn|4\n|\n|t:|1700703339\n|move|p2a: Gliscor|Protect|p2a: Gliscor\n|-singleturn|p2a: Gliscor|Protect\n|move|p1a: Annihilape|Drain Punch|p2a: Gliscor\n|-activate|p2a: Gliscor|move: Protect\n|\n|-damage|p1a: Annihilape|63\/100 psn|[from] psn\n|-status|p2a: Gliscor|tox|[from] item: Toxic Orb\n|upkeep\n|turn|5\n|\n|t:|1700703347\n|move|p1a: Annihilape|Drain Punch|p2a: Gliscor\n|-resisted|p2a: Gliscor\n|-damage|p2a: Gliscor|88\/100 tox\n|-heal|p1a: Annihilape|69\/100 psn|[from] drain|[of] p2a: Gliscor\n|move|p2a: Gliscor|Spikes|p1a: Annihilape\n|-sidestart|p1: Ryuu Kia430|Spikes\n|\n|-damage|p1a: Annihilape|57\/100 psn|[from] psn\n|-heal|p2a: Gliscor|100\/100 tox|[from] ability: Poison Heal\n|upkeep\n|turn|6\n|\n|t:|1700703366\n|move|p1a: Annihilape|Rage Fist|p2a: Gliscor\n|-damage|p2a: Gliscor|51\/100 tox\n|move|p2a: Gliscor|Spikes|p1a: Annihilape\n|-sidestart|p1: Ryuu Kia430|Spikes\n|\n|-damage|p1a: Annihilape|45\/100 psn|[from] psn\n|-heal|p2a: Gliscor|64\/100 tox|[from] ability: Poison Heal\n|upkeep\n|turn|7\n|\n|t:|1700703374\n|move|p2a: Gliscor|Protect|p2a: Gliscor\n|-singleturn|p2a: Gliscor|Protect\n|move|p1a: Annihilape|Rage Fist|p2a: Gliscor\n|-activate|p2a: Gliscor|move: Protect\n|\n|-damage|p1a: Annihilape|32\/100 psn|[from] psn\n|-heal|p2a: Gliscor|76\/100 tox|[from] ability: Poison Heal\n|upkeep\n|turn|8\n|\n|t:|1700703386\n|switch|p2a: Grimmsnarl|Grimmsnarl, M|100\/100\n|move|p1a: Annihilape|Rage Fist|p2a: Grimmsnarl\n|-resisted|p2a: Grimmsnarl\n|-damage|p2a: Grimmsnarl|48\/100\n|\n|-damage|p1a: Annihilape|20\/100 psn|[from] psn\n|upkeep\n|turn|9\n|\n|t:|1700703393\n|move|p2a: Grimmsnarl|Reflect|p2a: Grimmsnarl\n|-sidestart|p2: Gamer Boi YT|Reflect\n|move|p1a: Annihilape|Rage Fist|p2a: Grimmsnarl\n|-resisted|p2a: Grimmsnarl\n|-damage|p2a: Grimmsnarl|25\/100\n|\n|-damage|p1a: Annihilape|7\/100 psn|[from] psn\n|upkeep\n|turn|10\n|\n|t:|1700703399\n|move|p2a: Grimmsnarl|Light Screen|p2a: Grimmsnarl\n|-sidestart|p2: Gamer Boi YT|move: Light Screen\n|move|p1a: Annihilape|Rage Fist|p2a: Grimmsnarl\n|-resisted|p2a: Grimmsnarl\n|-damage|p2a: Grimmsnarl|0 fnt\n|faint|p2a: Grimmsnarl\n|\n|-damage|p1a: Annihilape|0 fnt|[from] psn\n|faint|p1a: Annihilape\n|upkeep\n|\n|t:|1700703408\n|switch|p1a: Gliscor|Gliscor, F, shiny|100\/100\n|switch|p2a: Miraidon|Miraidon|100\/100\n|-fieldstart|move: Electric Terrain|[from] ability: Hadron Engine|[of] p2a: Miraidon\n|-damage|p1a: Gliscor|88\/100|[from] Stealth Rock\n|turn|11\n|\n|t:|1700703418\n|move|p2a: Miraidon|Substitute|p2a: Miraidon\n|-start|p2a: Miraidon|Substitute\n|-damage|p2a: Miraidon|76\/100\n|move|p1a: Gliscor|Earthquake|p2a: Miraidon\n|-supereffective|p2a: Miraidon\n|-end|p2a: Miraidon|Substitute\n|\n|upkeep\n|turn|12\n|\n|t:|1700703434\n|move|p2a: Miraidon|Draco Meteor|p1a: Gliscor\n|-damage|p1a: Gliscor|0 fnt\n|-unboost|p2a: Miraidon|spa|2\n|faint|p1a: Gliscor\n|-damage|p2a: Miraidon|66\/100|[from] item: Life Orb\n|\n|upkeep\n|\n|t:|1700703443\n|switch|p1a: Baxcalibur|Baxcalibur, M, shiny|100\/100\n|-damage|p1a: Baxcalibur|76\/100|[from] Stealth Rock\n|-status|p1a: Baxcalibur|tox\n|-damage|p1a: Baxcalibur|59\/100 tox|[from] Spikes\n|turn|13\n|\n|t:|1700703453\n|move|p2a: Miraidon|Draco Meteor|p1a: Baxcalibur\n|-supereffective|p1a: Baxcalibur\n|-damage|p1a: Baxcalibur|0 fnt\n|-unboost|p2a: Miraidon|spa|2\n|faint|p1a: Baxcalibur\n|-damage|p2a: Miraidon|56\/100|[from] item: Life Orb\n|\n|upkeep\n|\n|t:|1700703460\n|switch|p1a: Zacian|Zacian-Crowned, shiny|100\/100\n|-damage|p1a: Zacian|94\/100|[from] Stealth Rock\n|-damage|p1a: Zacian|78\/100|[from] Spikes\n|-ability|p1a: Zacian|Intrepid Sword|boost\n|-boost|p1a: Zacian|atk|1\n|turn|14\n|\n|t:|1700703469\n|move|p2a: Miraidon|Parabolic Charge|p1a: Zacian\n|-damage|p1a: Zacian|55\/100\n|-heal|p2a: Miraidon|69\/100|[from] drain|[of] p1a: Zacian\n|-damage|p2a: Miraidon|59\/100|[from] item: Life Orb\n|move|p1a: Zacian|Play Rough|p2a: Miraidon\n|-supereffective|p2a: Miraidon\n|-damage|p2a: Miraidon|0 fnt\n|faint|p2a: Miraidon\n|\n|upkeep\n|\n|t:|1700703479\n|switch|p2a: Turkey Dinner|Espathra, F, shiny|100\/100\n|-enditem|p2a: Turkey Dinner|Electric Seed\n|-boost|p2a: Turkey Dinner|def|1|[from] item: Electric Seed\n|turn|15\n|\n|t:|1700703487\n|move|p1a: Zacian|Metal Claw|p2a: Turkey Dinner\n|-damage|p2a: Turkey Dinner|87\/100\n|-boost|p1a: Zacian|atk|1\n|move|p2a: Turkey Dinner|Calm Mind|p2a: Turkey Dinner\n|-boost|p2a: Turkey Dinner|spa|1\n|-boost|p2a: Turkey Dinner|spd|1\n|\n|-fieldend|move: Electric Terrain\n|-ability|p2a: Turkey Dinner|Speed Boost|boost\n|-boost|p2a: Turkey Dinner|spe|1\n|upkeep\n|turn|16\n|\n|t:|1700703500\n|move|p2a: Turkey Dinner|Calm Mind|p2a: Turkey Dinner\n|-boost|p2a: Turkey Dinner|spa|1\n|-boost|p2a: Turkey Dinner|spd|1\n|move|p1a: Zacian|Behemoth Blade|p2a: Turkey Dinner\n|-damage|p2a: Turkey Dinner|52\/100\n|\n|-sideend|p2: Gamer Boi YT|Reflect\n|-ability|p2a: Turkey Dinner|Speed Boost|boost\n|-boost|p2a: Turkey Dinner|spe|1\n|upkeep\n|turn|17\n|\n|t:|1700703509\n|move|p2a: Turkey Dinner|Roost|p2a: Turkey Dinner\n|-heal|p2a: Turkey Dinner|100\/100\n|-singleturn|p2a: Turkey Dinner|move: Roost\n|move|p1a: Zacian|Metal Claw|p2a: Turkey Dinner\n|-damage|p2a: Turkey Dinner|66\/100\n|\n|-sideend|p2: Gamer Boi YT|move: Light Screen\n|-ability|p2a: Turkey Dinner|Speed Boost|boost\n|-boost|p2a: Turkey Dinner|spe|1\n|upkeep\n|turn|18\n|\n|t:|1700703519\n|move|p2a: Turkey Dinner|Stored Power|p1a: Zacian\n|-resisted|p1a: Zacian\n|-damage|p1a: Zacian|9\/100\n|move|p1a: Zacian|Metal Claw|p2a: Turkey Dinner\n|-damage|p2a: Turkey Dinner|29\/100\n|\n|-ability|p2a: Turkey Dinner|Speed Boost|boost\n|-boost|p2a: Turkey Dinner|spe|1\n|upkeep\n|turn|19\n|\n|t:|1700703528\n|move|p2a: Turkey Dinner|Roost|p2a: Turkey Dinner\n|-heal|p2a: Turkey Dinner|79\/100\n|-singleturn|p2a: Turkey Dinner|move: Roost\n|move|p1a: Zacian|Behemoth Blade|p2a: Turkey Dinner\n|-damage|p2a: Turkey Dinner|11\/100\n|\n|-ability|p2a: Turkey Dinner|Speed Boost|boost\n|-boost|p2a: Turkey Dinner|spe|1\n|upkeep\n|turn|20\n|\n|t:|1700703536\n|move|p2a: Turkey Dinner|Stored Power|p1a: Zacian\n|-resisted|p1a: Zacian\n|-damage|p1a: Zacian|0 fnt\n|faint|p1a: Zacian\n|\n|-ability|p2a: Turkey Dinner|Speed Boost|boost\n|-boost|p2a: Turkey Dinner|spe|1\n|upkeep\n|\n|t:|1700703548\n|switch|p1a: Dialga|Dialga-Origin, shiny|100\/100\n|-damage|p1a: Dialga|94\/100|[from] Stealth Rock\n|-damage|p1a: Dialga|78\/100|[from] Spikes\n|turn|21\n|\n|t:|1700703553\n|move|p2a: Turkey Dinner|Roost|p2a: Turkey Dinner\n|-heal|p2a: Turkey Dinner|61\/100\n|-singleturn|p2a: Turkey Dinner|move: Roost\n|move|p1a: Dialga|Steel Beam|p2a: Turkey Dinner\n|-damage|p2a: Turkey Dinner|3\/100\n|-damage|p1a: Dialga|28\/100|[from] steelbeam\n|\n|upkeep\n|turn|22\n|\n|t:|1700703564\n|move|p2a: Turkey Dinner|Stored Power|p1a: Dialga\n|-resisted|p1a: Dialga\n|-damage|p1a: Dialga|0 fnt\n|faint|p1a: Dialga\n|\n|upkeep\n|\n|t:|1700703569\n|switch|p1a: Giratina|Giratina-Origin, shiny|100\/100\n|-damage|p1a: Giratina|88\/100|[from] Stealth Rock\n|turn|23\n|c|\u2606Ryuu Kia430|gg this was a good game but i think i lose\n|\n|t:|1700703599\n|move|p2a: Turkey Dinner|Stored Power|p1a: Giratina\n|-damage|p1a: Giratina|0 fnt\n|faint|p1a: Giratina\n|\n|win|Gamer Boi YT\n|raw|Ryuu Kia430's rating: 1000 &rarr; <strong>1000<\/strong><br \/>(+0 for losing)\n|raw|Gamer Boi YT's rating: 1055 &rarr; <strong>1082<\/strong><br \/>(+27 for winning)\n|c|\u2606Gamer Boi YT|gg\n|l|\u2606Ryuu Kia430\n","uploadtime":1700703615,"views":2,"p1id":"ryuukia430","p2id":"gamerboiyt","formatid":"gen9ubers","rating":1000,"private":0,"password":""}