{"id":"gen9ubers-1979706147","p1":"TheOtakuOutcast","p2":"jakewwwwwww","format":"[Gen 9] Ubers","log":"|j|\u2606TheOtakuOutcast\n|j|\u2606jakewwwwwww\n|t:|1698705069\n|gametype|singles\n|player|p1|TheOtakuOutcast|170|\n|player|p2|jakewwwwwww|2|\n|teamsize|p1|6\n|teamsize|p2|6\n|gen|9\n|tier|[Gen 9] Ubers\n|rule|Sleep Clause Mod: Limit one foe put to sleep\n|rule|Species Clause: Limit one of each Pok\u00e9mon\n|rule|OHKO Clause: OHKO moves are banned\n|rule|Evasion Items Clause: Evasion items are banned\n|rule|Evasion Moves Clause: Evasion moves are banned\n|rule|Endless Battle Clause: Forcing endless battles is banned\n|rule|HP Percentage Mod: HP is shown in percentages\n|clearpoke\n|poke|p1|Weezing-Galar, M|\n|poke|p1|Delphox, F|\n|poke|p1|Gholdengo|\n|poke|p1|Ogerpon-Cornerstone, F|\n|poke|p1|Hawlucha, M|\n|poke|p1|Wigglytuff, M|\n|poke|p2|Corviknight, F|\n|poke|p2|Cinderace, M|\n|poke|p2|Noivern, F|\n|poke|p2|Mamoswine, M|\n|poke|p2|Iron Valiant|\n|poke|p2|Zarude-Dada|\n|teampreview\n|j| PorygonTheBot\n|c| PorygonTheBot|Porygon has digitized into the match... booting up... successfully calibrating stats!\n|j| BPLD\n|c|\u2606TheOtakuOutcast|gl\n|j| Seior\n|c|\u2606jakewwwwwww|U2\n|j| TheJuicyJake\n|j| So Threatening\n|n| So Threatening|sothreatening\n|c| Seior|u3\n|l| So Threatening\n|j| So Threatening\n|\n|t:|1698705148\n|start\n|switch|p1a: Wigglytuff|Wigglytuff, M|100\/100\n|switch|p2a: Otis\/Carl|Mamoswine, M|100\/100\n|-item|p2a: Otis\/Carl|Choice Scarf|[from] ability: Frisk|[of] p1a: Wigglytuff|[identify]\n|turn|1\n|c| TheJuicyJake|damn.\n|j| azurviz\n|\n|t:|1698705187\n|move|p2a: Otis\/Carl|Earthquake|p1a: Wigglytuff\n|-damage|p1a: Wigglytuff|21\/100\n|move|p1a: Wigglytuff|Chilling Water|p2a: Otis\/Carl\n|-supereffective|p2a: Otis\/Carl\n|-damage|p2a: Otis\/Carl|74\/100\n|-unboost|p2a: Otis\/Carl|atk|1\n|\n|-heal|p1a: Wigglytuff|27\/100|[from] item: Leftovers\n|upkeep\n|turn|2\n|\n|t:|1698705210\n|switch|p2a: Pendulum|Corviknight, F|100\/100\n|-ability|p2a: Pendulum|Pressure\n|switch|p1a: Hawlucha|Hawlucha, M|100\/100\n|\n|upkeep\n|turn|3\n|\n|t:|1698705223\n|switch|p1a: Weezing|Weezing-Galar, M|100\/100\n|-fieldstart|move: Misty Terrain|[from] ability: Misty Surge|[of] p1a: Weezing\n|move|p2a: Pendulum|Brave Bird|p1a: Weezing\n|-damage|p1a: Weezing|76\/100\n|-damage|p2a: Pendulum|94\/100|[from] Recoil\n|\n|-heal|p2a: Pendulum|99\/100|[from] item: Leftovers\n|-heal|p1a: Weezing|82\/100|[from] item: Black Sludge\n|upkeep\n|turn|4\n|l| azurviz\n|j| Swagadile\n|l| Swagadile\n|j| zLayton\n|j| Swagadile\n|\n|t:|1698705252\n|move|p2a: Pendulum|Iron Head|p1a: Weezing\n|-supereffective|p1a: Weezing\n|-damage|p1a: Weezing|51\/100\n|move|p1a: Weezing|Flamethrower|p2a: Pendulum\n|-supereffective|p2a: Pendulum\n|-crit|p2a: Pendulum\n|-damage|p2a: Pendulum|43\/100\n|\n|-heal|p2a: Pendulum|49\/100|[from] item: Leftovers\n|-heal|p1a: Weezing|57\/100|[from] item: Black Sludge\n|upkeep\n|turn|5\n|j| azurviz\n|\n|t:|1698705270\n|switch|p2a: Rapture Chaser|Noivern, F|100\/100\n|-item|p1a: Weezing|Black Sludge|[from] ability: Frisk|[of] p2a: Rapture Chaser|[identify]\n|switch|p1a: Gholdengo|Gholdengo|100\/100\n|\n|upkeep\n|turn|6\n|c| Swagadile|Was looking forward to this matchup\n|c| TheJuicyJake|yeah sure bro.\n|c| Swagadile|I\u2019m literally a huge jakew fan shut up\n|\n|t:|1698705338\n|switch|p1a: Wigglytuff|Wigglytuff, M|27\/100\n|-item|p2a: Rapture Chaser|Heavy-Duty Boots|[from] ability: Frisk|[of] p1a: Wigglytuff|[identify]\n|move|p2a: Rapture Chaser|Flamethrower|p1a: Wigglytuff\n|-damage|p1a: Wigglytuff|9\/100\n|\n|-heal|p1a: Wigglytuff|15\/100|[from] item: Leftovers\n|upkeep\n|turn|7\n|c| TheJuicyJake|\"bro i was a day one jaker\" - lies fr\n|\n|t:|1698705360\n|move|p2a: Rapture Chaser|Flamethrower|p1a: Wigglytuff\n|-damage|p1a: Wigglytuff|0 fnt\n|faint|p1a: Wigglytuff\n|\n|-fieldend|Misty Terrain\n|upkeep\n|c| zLayton|8 spectators damn\n|c| azurviz|im literally right here\n|c| azurviz|number one jake enemy\n|c| TheJuicyJake|sigh, guess the number one loser arrived.\n|\n|t:|1698705404\n|switch|p1a: Weezing|Weezing-Galar, M|57\/100\n|-fieldstart|move: Misty Terrain|[from] ability: Misty Surge|[of] p1a: Weezing\n|turn|8\n|c| azurviz|NO\n|c| azurviz|let me not distract the chef\n|c| So Threatening|shhh let em cook\n|\n|t:|1698705469\n|switch|p1a: Gholdengo|Gholdengo|100\/100\n|move|p2a: Rapture Chaser|Hurricane|p1a: Gholdengo\n|-resisted|p1a: Gholdengo\n|-damage|p1a: Gholdengo|77\/100\n|\n|upkeep\n|turn|9\n|\n|t:|1698705492\n|move|p1a: Gholdengo|Dazzling Gleam|p2a: Rapture Chaser\n|-supereffective|p2a: Rapture Chaser\n|-damage|p2a: Rapture Chaser|33\/100\n|move|p2a: Rapture Chaser|Flamethrower|p1a: Gholdengo\n|-supereffective|p1a: Gholdengo\n|-damage|p1a: Gholdengo|26\/100\n|\n|upkeep\n|turn|10\n|l| TheJuicyJake\n|\n|t:|1698705527\n|switch|p2a: Pendulum|Corviknight, F|49\/100\n|-ability|p2a: Pendulum|Pressure\n|move|p1a: Gholdengo|Dazzling Gleam|p2a: Pendulum\n|-resisted|p2a: Pendulum\n|-damage|p2a: Pendulum|36\/100\n|\n|-heal|p2a: Pendulum|42\/100|[from] item: Leftovers\n|upkeep\n|turn|11\n|l| BPLD\n|l| azurviz\n|\n|t:|1698705643\n|move|p1a: Gholdengo|Dazzling Gleam|p2a: Pendulum\n|-resisted|p2a: Pendulum\n|-damage|p2a: Pendulum|27\/100\n|move|p2a: Pendulum|Roost|p2a: Pendulum\n|-heal|p2a: Pendulum|77\/100\n|-singleturn|p2a: Pendulum|move: Roost\n|\n|-heal|p2a: Pendulum|83\/100|[from] item: Leftovers\n|upkeep\n|turn|12\n|j| TheJuicyJake\n|\n|t:|1698705667\n|switch|p1a: Weezing|Weezing-Galar, M|57\/100\n|move|p2a: Pendulum|U-turn|p1a: Weezing\n|-resisted|p1a: Weezing\n|-damage|p1a: Weezing|55\/100\n|\n|t:|1698705726\n|switch|p2a: Generation Loss|Zarude-Dada|100\/100|[from] U-turn\n|\n|-heal|p1a: Weezing|61\/100|[from] item: Black Sludge\n|-fieldend|Misty Terrain\n|upkeep\n|turn|13\n|l| Swagadile\n|\n|t:|1698705752\n|switch|p1a: Gholdengo|Gholdengo|26\/100\n|-terastallize|p2a: Generation Loss|Fire\n|move|p2a: Generation Loss|Tera Blast|p1a: Gholdengo|[anim] Tera Blast Fire\n|-supereffective|p1a: Gholdengo\n|-damage|p1a: Gholdengo|0 fnt\n|faint|p1a: Gholdengo\n|\n|upkeep\n|\n|t:|1698705764\n|switch|p1a: Weezing|Weezing-Galar, M|61\/100\n|-fieldstart|move: Misty Terrain|[from] ability: Misty Surge|[of] p1a: Weezing\n|turn|14\n|\n|t:|1698705768\n|move|p2a: Generation Loss|Tera Blast|p1a: Weezing|[anim] Tera Blast Fire\n|-damage|p1a: Weezing|26\/100\n|move|p1a: Weezing|Memento|p2a: Generation Loss\n|-unboost|p2a: Generation Loss|atk|2\n|-unboost|p2a: Generation Loss|spa|2\n|faint|p1a: Weezing\n|\n|upkeep\n|\n|t:|1698705789\n|switch|p1a: Hawlucha|Hawlucha, M|100\/100\n|-enditem|p1a: Hawlucha|Misty Seed\n|-boost|p1a: Hawlucha|spd|1|[from] item: Misty Seed\n|turn|15\n|\n|t:|1698705794\n|move|p1a: Hawlucha|Swords Dance|p1a: Hawlucha\n|-boost|p1a: Hawlucha|atk|2\n|move|p2a: Generation Loss|Tera Blast|p1a: Hawlucha|[anim] Tera Blast Fire\n|-damage|p1a: Hawlucha|63\/100\n|\n|upkeep\n|turn|16\n|j| Swagadile\n|l| zLayton\n|\n|t:|1698705864\n|switch|p2a: Kick|Cinderace, M|100\/100\n|move|p1a: Hawlucha|Acrobatics|p2a: Kick\n|-damage|p2a: Kick|0 fnt\n|faint|p2a: Kick\n|\n|upkeep\n|\n|t:|1698705872\n|switch|p2a: Pendulum|Corviknight, F|83\/100\n|-ability|p2a: Pendulum|Pressure\n|turn|17\n|j| NEdgyman\n|\n|t:|1698705918\n|move|p1a: Hawlucha|Close Combat|p2a: Pendulum\n|-damage|p2a: Pendulum|16\/100\n|-unboost|p1a: Hawlucha|def|1\n|-unboost|p1a: Hawlucha|spd|1\n|move|p2a: Pendulum|Brave Bird|p1a: Hawlucha\n|-supereffective|p1a: Hawlucha\n|-damage|p1a: Hawlucha|0 fnt\n|faint|p1a: Hawlucha\n|-damage|p2a: Pendulum|0 fnt|[from] Recoil\n|faint|p2a: Pendulum\n|\n|upkeep\n|\n|t:|1698705939\n|switch|p1a: Delphox|Delphox, F|100\/100\n|switch|p2a: Generation Loss|Zarude-Dada, tera:Fire|100\/100\n|-enditem|p1a: Delphox|Misty Seed\n|-boost|p1a: Delphox|spd|1|[from] item: Misty Seed\n|turn|18\n|\n|t:|1698705946\n|move|p2a: Generation Loss|Knock Off|p1a: Delphox\n|-supereffective|p1a: Delphox\n|-damage|p1a: Delphox|0 fnt\n|faint|p1a: Delphox\n|\n|-fieldend|Misty Terrain\n|upkeep\n|\n|t:|1698705949\n|switch|p1a: Ogerpon|Ogerpon-Cornerstone, F|100\/100\n|turn|19\n|\n|t:|1698705967\n|move|p1a: Ogerpon|Ivy Cudgel|p2a: Generation Loss\n|-supereffective|p2a: Generation Loss\n|-crit|p2a: Generation Loss\n|-damage|p2a: Generation Loss|0 fnt\n|faint|p2a: Generation Loss\n|\n|upkeep\n|\n|t:|1698705975\n|switch|p2a: Otis\/Carl|Mamoswine, M|74\/100\n|turn|20\n|\n|t:|1698705985\n|move|p2a: Otis\/Carl|Icicle Crash|p1a: Ogerpon\n|-supereffective|p1a: Ogerpon\n|-ability|p1a: Ogerpon|Sturdy\n|-damage|p1a: Ogerpon|1\/100\n|move|p1a: Ogerpon|Trailblaze|p2a: Otis\/Carl\n|-supereffective|p2a: Otis\/Carl\n|-damage|p2a: Otis\/Carl|2\/100\n|-boost|p1a: Ogerpon|spe|1\n|\n|upkeep\n|turn|21\n|\n|t:|1698705998\n|move|p1a: Ogerpon|Trailblaze|p2a: Otis\/Carl\n|-supereffective|p2a: Otis\/Carl\n|-damage|p2a: Otis\/Carl|0 fnt\n|-boost|p1a: Ogerpon|spe|1\n|faint|p2a: Otis\/Carl\n|\n|upkeep\n|\n|t:|1698706005\n|switch|p2a: Clean-Up Crew|Iron Valiant|100\/100\n|-enditem|p2a: Clean-Up Crew|Booster Energy\n|-activate|p2a: Clean-Up Crew|ability: Quark Drive|[fromitem]\n|-start|p2a: Clean-Up Crew|quarkdriveatk\n|turn|22\n|\n|t:|1698706015\n|move|p1a: Ogerpon|Play Rough|p2a: Clean-Up Crew\n|-supereffective|p2a: Clean-Up Crew\n|-damage|p2a: Clean-Up Crew|8\/100\n|-unboost|p2a: Clean-Up Crew|atk|1\n|move|p2a: Clean-Up Crew|Spirit Break|p1a: Ogerpon\n|-damage|p1a: Ogerpon|0 fnt\n|faint|p1a: Ogerpon\n|\n|win|jakewwwwwww\n|l| PorygonTheBot\n|c|\u2606TheOtakuOutcast|gg\n|c|\u2606jakewwwwwww|gg\n|l| So Threatening\n","uploadtime":1698706017,"views":17,"p1id":"theotakuoutcast","p2id":"jakewwwwwww","formatid":"gen9ubers","rating":0,"private":0,"password":""}