{"id":"gen9ubers-1993544142","p1":"termofservice","p2":"Fireblitz15","format":"[Gen 9] Ubers","log":"|j|\u2606termofservice\n|j|\u2606Fireblitz15\n|t:|1700330046\n|gametype|singles\n|player|p1|termofservice|cynthia-masters|\n|player|p2|Fireblitz15|karen|\n|teamsize|p1|6\n|teamsize|p2|6\n|gen|9\n|tier|[Gen 9] Ubers\n|rule|Sleep Clause Mod: Limit one foe put to sleep\n|rule|Species Clause: Limit one of each Pok\u00e9mon\n|rule|OHKO Clause: OHKO moves are banned\n|rule|Evasion Items Clause: Evasion items are banned\n|rule|Evasion Moves Clause: Evasion moves are banned\n|rule|Endless Battle Clause: Forcing endless battles is banned\n|rule|HP Percentage Mod: HP is shown in percentages\n|clearpoke\n|poke|p1|Goodra-Hisui, F|\n|poke|p1|Palkia-Origin|\n|poke|p1|Cyclizar, M|\n|poke|p1|Zacian-*|\n|poke|p1|Arceus-Fire|\n|poke|p1|Dialga|\n|poke|p2|Palafin, F|\n|poke|p2|Rillaboom, M|\n|poke|p2|Sneasler, F|\n|poke|p2|Magearna|\n|poke|p2|Ursaluna-Bloodmoon, M|\n|poke|p2|Cyclizar, M|\n|teampreview\n|\n|t:|1700330054\n|start\n|switch|p1a: Arceus|Arceus-Fire|100\/100\n|switch|p2a: Cyclizar|Cyclizar, M|100\/100\n|turn|1\n|\n|t:|1700330060\n|move|p2a: Cyclizar|Taunt|p1a: Arceus\n|-start|p1a: Arceus|move: Taunt\n|move|p1a: Arceus|Flare Blitz|p2a: Cyclizar\n|-resisted|p2a: Cyclizar\n|-damage|p2a: Cyclizar|45\/100\n|-damage|p1a: Arceus|84\/100|[from] Recoil\n|\n|upkeep\n|turn|2\n|\n|t:|1700330071\n|switch|p2a: Palafin|Palafin, F|100\/100\n|switch|p1a: Goodra|Goodra-Hisui, F|100\/100\n|\n|upkeep\n|turn|3\n|\n|t:|1700330084\n|detailschange|p2a: Palafin|Palafin-Hero, F\n|switch|p2a: Rillaboom|Rillaboom, M|100\/100\n|-fieldstart|move: Grassy Terrain|[from] ability: Grassy Surge|[of] p2a: Rillaboom\n|move|p1a: Goodra|Draco Meteor|p2a: Rillaboom|[miss]\n|-miss|p1a: Goodra|p2a: Rillaboom\n|\n|upkeep\n|turn|4\n|c|\u2606termofservice|Unfortunate\n|\n|t:|1700330104\n|move|p2a: Rillaboom|High Horsepower|p1a: Goodra\n|-supereffective|p1a: Goodra\n|-damage|p1a: Goodra|8\/100\n|move|p1a: Goodra|Fire Blast|p2a: Rillaboom\n|-supereffective|p2a: Rillaboom\n|-damage|p2a: Rillaboom|4\/100\n|\n|-heal|p2a: Rillaboom|10\/100|[from] Grassy Terrain\n|-heal|p1a: Goodra|14\/100|[from] Grassy Terrain\n|upkeep\n|turn|5\n|\n|t:|1700330116\n|move|p2a: Rillaboom|High Horsepower|p1a: Goodra\n|-supereffective|p1a: Goodra\n|-damage|p1a: Goodra|0 fnt\n|faint|p1a: Goodra\n|\n|-heal|p2a: Rillaboom|16\/100|[from] Grassy Terrain\n|upkeep\n|\n|t:|1700330125\n|switch|p1a: Arceus|Arceus-Fire|84\/100\n|turn|6\n|\n|t:|1700330131\n|switch|p2a: Palafin|Palafin-Hero, F|100\/100\n|-activate|p2a: Palafin|ability: Zero to Hero\n|move|p1a: Arceus|Flare Blitz|p2a: Palafin\n|-resisted|p2a: Palafin\n|-damage|p2a: Palafin|64\/100\n|-damage|p1a: Arceus|71\/100|[from] Recoil\n|\n|-heal|p1a: Arceus|77\/100|[from] Grassy Terrain\n|-heal|p2a: Palafin|70\/100|[from] Grassy Terrain\n|-heal|p2a: Palafin|77\/100|[from] item: Leftovers\n|upkeep\n|turn|7\n|\n|t:|1700330146\n|switch|p1a: Dialga|Dialga|100\/100\n|-ability|p1a: Dialga|Pressure\n|move|p2a: Palafin|Bulk Up|p2a: Palafin\n|-boost|p2a: Palafin|atk|1\n|-boost|p2a: Palafin|def|1\n|\n|-heal|p2a: Palafin|83\/100|[from] Grassy Terrain\n|-heal|p2a: Palafin|89\/100|[from] item: Leftovers\n|-fieldend|move: Grassy Terrain\n|upkeep\n|turn|8\n|\n|t:|1700330158\n|move|p2a: Palafin|Drain Punch|p1a: Dialga\n|-supereffective|p1a: Dialga\n|-damage|p1a: Dialga|40\/100\n|-heal|p2a: Palafin|100\/100|[from] drain|[of] p1a: Dialga\n|move|p1a: Dialga|Thunder Wave|p2a: Palafin\n|-status|p2a: Palafin|par\n|\n|-heal|p1a: Dialga|46\/100|[from] item: Leftovers\n|upkeep\n|turn|9\n|\n|t:|1700330171\n|move|p1a: Dialga|Draco Meteor|p2a: Palafin\n|-damage|p2a: Palafin|50\/100 par\n|-unboost|p1a: Dialga|spa|2\n|move|p2a: Palafin|Drain Punch|p1a: Dialga\n|-supereffective|p1a: Dialga\n|-damage|p1a: Dialga|0 fnt\n|-heal|p2a: Palafin|73\/100 par|[from] drain|[of] p1a: Dialga\n|faint|p1a: Dialga\n|\n|-heal|p2a: Palafin|79\/100 par|[from] item: Leftovers\n|upkeep\n|\n|t:|1700330177\n|switch|p1a: Palkia|Palkia-Origin|100\/100\n|-ability|p1a: Palkia|Pressure\n|turn|10\n|c|\u2606termofservice|That's\n|c|\u2606termofservice|!DT Dialga\n|raw|<div class=\"message\"><ul class=\"utilichart\"><li class=\"result\"><span class=\"col numcol\">Uber<\/span> <span class=\"col iconcol\"><psicon pokemon=\"dialga\"\/><\/span> <span class=\"col pokemonnamecol\" style=\"white-space:nowrap\"><a href=\"https:\/\/dex.pokemonshowdown.com\/pokemon\/dialga\" target=\"_blank\">Dialga<\/a><\/span> <span class=\"col typecol\"><img src=\"https:\/\/play.pokemonshowdown.com\/sprites\/types\/Steel.png\" alt=\"Steel\" height=\"14\" width=\"32\"><img src=\"https:\/\/play.pokemonshowdown.com\/sprites\/types\/Dragon.png\" alt=\"Dragon\" height=\"14\" width=\"32\"><\/span> <span style=\"float:left;min-height:26px\"><span class=\"col abilitycol\">Pressure<\/span><span class=\"col abilitycol\"><em>Telepathy<\/em><\/span><\/span><span style=\"float:left;min-height:26px\"><span class=\"col statcol\"><em>HP<\/em><br \/>100<\/span> <span class=\"col statcol\"><em>Atk<\/em><br \/>120<\/span> <span class=\"col statcol\"><em>Def<\/em><br \/>120<\/span> <span class=\"col statcol\"><em>SpA<\/em><br \/>150<\/span> <span class=\"col statcol\"><em>SpD<\/em><br \/>100<\/span> <span class=\"col statcol\"><em>Spe<\/em><br \/>90<\/span> <span class=\"col bstcol\"><em>BST<br \/>680<\/em><\/span> <\/span><\/li><li style=\"clear:both\"><\/li><\/ul><\/div>\n|raw|<font size=\"1\"><font color=\"#686868\">Dex#:<\/font> 483&nbsp;|&ThickSpace;<font color=\"#686868\">Gen:<\/font> 4&nbsp;|&ThickSpace;<font color=\"#686868\">Height:<\/font> 5.4 m&nbsp;|&ThickSpace;<font color=\"#686868\">Weight:<\/font> 683 kg <em>(120 BP)<\/em>&nbsp;|&ThickSpace;<font color=\"#686868\">Dex Colour:<\/font> White&nbsp;|&ThickSpace;<font color=\"#686868\">Egg Group(s):<\/font> Undiscovered&nbsp;|&ThickSpace;<font color=\"#686868\">Does Not Evolve<\/font><\/font>\n\n|c|\u2606termofservice|!DT palafin\n|raw|<div class=\"message\"><ul class=\"utilichart\"><li class=\"result\"><span class=\"col numcol\">Uber<\/span> <span class=\"col iconcol\"><psicon pokemon=\"palafin\"\/><\/span> <span class=\"col pokemonnamecol\" style=\"white-space:nowrap\"><a href=\"https:\/\/dex.pokemonshowdown.com\/pokemon\/palafin\" target=\"_blank\">Palafin<\/a><\/span> <span class=\"col typecol\"><img src=\"https:\/\/play.pokemonshowdown.com\/sprites\/types\/Water.png\" alt=\"Water\" height=\"14\" width=\"32\"><\/span> <span style=\"float:left;min-height:26px\"><span class=\"col abilitycol\">Zero to Hero<\/span><span class=\"col abilitycol\"><\/span><\/span><span style=\"float:left;min-height:26px\"><span class=\"col statcol\"><em>HP<\/em><br \/>100<\/span> <span class=\"col statcol\"><em>Atk<\/em><br \/>70<\/span> <span class=\"col statcol\"><em>Def<\/em><br \/>72<\/span> <span class=\"col statcol\"><em>SpA<\/em><br \/>53<\/span> <span class=\"col statcol\"><em>SpD<\/em><br \/>62<\/span> <span class=\"col statcol\"><em>Spe<\/em><br \/>100<\/span> <span class=\"col bstcol\"><em>BST<br \/>457<\/em><\/span> <\/span><\/li><li style=\"clear:both\"><\/li><\/ul><\/div>\n|raw|<font size=\"1\"><font color=\"#686868\">Dex#:<\/font> 964&nbsp;|&ThickSpace;<font color=\"#686868\">Gen:<\/font> 9&nbsp;|&ThickSpace;<font color=\"#686868\">Height:<\/font> 1.3 m&nbsp;|&ThickSpace;<font color=\"#686868\">Weight:<\/font> 60.2 kg <em>(80 BP)<\/em>&nbsp;|&ThickSpace;<font color=\"#686868\">Dex Colour:<\/font> Blue&nbsp;|&ThickSpace;<font color=\"#686868\">Egg Group(s):<\/font> Field, Water 2&nbsp;|&ThickSpace;<font color=\"#686868\">Pre-Evolution:<\/font> Finizen&nbsp;|&ThickSpace;<font color=\"#686868\">Does Not Evolve<\/font><\/font>\n\n|c|\u2606termofservice|!DT palafinhero\n|raw|<div class=\"message\"><ul class=\"utilichart\"><li class=\"result\"><span class=\"col numcol\">Uber<\/span> <span class=\"col iconcol\"><psicon pokemon=\"palafinhero\"\/><\/span> <span class=\"col pokemonnamecol\" style=\"white-space:nowrap\"><a href=\"https:\/\/dex.pokemonshowdown.com\/pokemon\/palafinhero\" target=\"_blank\">Palafin-Hero<\/a><\/span> <span class=\"col typecol\"><img src=\"https:\/\/play.pokemonshowdown.com\/sprites\/types\/Water.png\" alt=\"Water\" height=\"14\" width=\"32\"><\/span> <span style=\"float:left;min-height:26px\"><span class=\"col abilitycol\">Zero to Hero<\/span><span class=\"col abilitycol\"><\/span><\/span><span style=\"float:left;min-height:26px\"><span class=\"col statcol\"><em>HP<\/em><br \/>100<\/span> <span class=\"col statcol\"><em>Atk<\/em><br \/>160<\/span> <span class=\"col statcol\"><em>Def<\/em><br \/>97<\/span> <span class=\"col statcol\"><em>SpA<\/em><br \/>106<\/span> <span class=\"col statcol\"><em>SpD<\/em><br \/>87<\/span> <span class=\"col statcol\"><em>Spe<\/em><br \/>100<\/span> <span class=\"col bstcol\"><em>BST<br \/>650<\/em><\/span> <\/span><\/li><li style=\"clear:both\"><\/li><\/ul><\/div>\n|raw|<font size=\"1\"><font color=\"#686868\">Dex#:<\/font> 964&nbsp;|&ThickSpace;<font color=\"#686868\">Gen:<\/font> 9&nbsp;|&ThickSpace;<font color=\"#686868\">Height:<\/font> 1.8 m&nbsp;|&ThickSpace;<font color=\"#686868\">Weight:<\/font> 97.4 kg <em>(80 BP)<\/em>&nbsp;|&ThickSpace;<font color=\"#686868\">Dex Colour:<\/font> Blue&nbsp;|&ThickSpace;<font color=\"#686868\">Egg Group(s):<\/font> Field, Water 2&nbsp;|&ThickSpace;<font color=\"#686868\">Does Not Evolve<\/font><\/font>\n\n|c|\u2606termofservice|How the fuck did that deal 50%\n|\n|t:|1700330212\n|switch|p2a: Magearna|Magearna|100\/100\n|move|p1a: Palkia|Thunderbolt|p2a: Magearna\n|-crit|p2a: Magearna\n|-damage|p2a: Magearna|59\/100\n|\n|-heal|p2a: Magearna|65\/100|[from] item: Leftovers\n|upkeep\n|turn|11\n|c|\u2606Fireblitz15|high roll prob\n|\n|t:|1700330223\n|switch|p1a: Arceus|Arceus-Fire|77\/100\n|move|p2a: Magearna|Fleur Cannon|p1a: Arceus|[miss]\n|-miss|p2a: Magearna|p1a: Arceus\n|\n|-heal|p2a: Magearna|71\/100|[from] item: Leftovers\n|upkeep\n|turn|12\n|\n|t:|1700330239\n|switch|p2a: Rillaboom|Rillaboom, M|16\/100\n|-fieldstart|move: Grassy Terrain|[from] ability: Grassy Surge|[of] p2a: Rillaboom\n|move|p1a: Arceus|Dragon Dance|p1a: Arceus\n|-boost|p1a: Arceus|atk|1\n|-boost|p1a: Arceus|spe|1\n|\n|-heal|p1a: Arceus|83\/100|[from] Grassy Terrain\n|-heal|p2a: Rillaboom|22\/100|[from] Grassy Terrain\n|upkeep\n|turn|13\n|c|\u2606termofservice|No the Draco meteor I mean\n|c|\u2606Fireblitz15|oh\n|c|\u2606Fireblitz15|i got nothing\n|\n|t:|1700330264\n|move|p2a: Rillaboom|Grassy Glide|p1a: Arceus\n|-resisted|p1a: Arceus\n|-damage|p1a: Arceus|63\/100\n|move|p1a: Arceus|Will-O-Wisp|p2a: Rillaboom\n|-status|p2a: Rillaboom|brn\n|\n|-heal|p1a: Arceus|69\/100|[from] Grassy Terrain\n|-heal|p2a: Rillaboom|28\/100 brn|[from] Grassy Terrain\n|-damage|p2a: Rillaboom|22\/100 brn|[from] brn\n|upkeep\n|turn|14\n|\n|t:|1700330275\n|switch|p2a: Sneasler|Sneasler, F|100\/100\n|-enditem|p2a: Sneasler|Grassy Seed\n|-boost|p2a: Sneasler|def|1|[from] item: Grassy Seed\n|move|p1a: Arceus|Recover|p1a: Arceus\n|-heal|p1a: Arceus|100\/100\n|\n|upkeep\n|turn|15\n|\n|t:|1700330286\n|-terastallize|p2a: Sneasler|Flying\n|move|p2a: Sneasler|Swords Dance|p2a: Sneasler\n|-boost|p2a: Sneasler|atk|2\n|move|p1a: Arceus|Flare Blitz|p2a: Sneasler\n|-damage|p2a: Sneasler|0 fnt\n|faint|p2a: Sneasler\n|-damage|p1a: Arceus|75\/100|[from] Recoil\n|\n|-heal|p1a: Arceus|81\/100|[from] Grassy Terrain\n|upkeep\n|\n|t:|1700330299\n|switch|p2a: Ursaluna|Ursaluna-Bloodmoon, M|100\/100\n|turn|16\n|\n|t:|1700330308\n|-terastallize|p1a: Arceus|Fire\n|move|p1a: Arceus|Flare Blitz|p2a: Ursaluna\n|-damage|p2a: Ursaluna|1\/100\n|-damage|p1a: Arceus|44\/100|[from] Recoil\n|move|p2a: Ursaluna|Earth Power|p1a: Arceus\n|-supereffective|p1a: Arceus\n|-damage|p1a: Arceus|0 fnt\n|faint|p1a: Arceus\n|\n|-heal|p2a: Ursaluna|7\/100|[from] Grassy Terrain\n|-heal|p2a: Ursaluna|13\/100|[from] item: Leftovers\n|-fieldend|move: Grassy Terrain\n|upkeep\n|c|\u2606termofservice|Damn.\n|c|\u2606Fireblitz15|yep\n|\n|t:|1700330322\n|switch|p1a: Palkia|Palkia-Origin|100\/100\n|-ability|p1a: Palkia|Pressure\n|turn|17\n|\n|t:|1700330332\n|switch|p2a: Rillaboom|Rillaboom, M|22\/100 brn\n|-fieldstart|move: Grassy Terrain|[from] ability: Grassy Surge|[of] p2a: Rillaboom\n|move|p1a: Palkia|Ice Beam|p2a: Rillaboom\n|-supereffective|p2a: Rillaboom\n|-damage|p2a: Rillaboom|0 fnt\n|faint|p2a: Rillaboom\n|\n|upkeep\n|\n|t:|1700330340\n|switch|p2a: Cyclizar|Cyclizar, M|78\/100\n|turn|18\n|\n|t:|1700330344\n|move|p2a: Cyclizar|Shed Tail|p2a: Cyclizar\n|-start|p2a: Cyclizar|Substitute|[from] move: Shed Tail\n|-damage|p2a: Cyclizar|28\/100\n|\n|t:|1700330350\n|switch|p2a: Magearna|Magearna|71\/100|[from] Shed Tail\n|move|p1a: Palkia|Hydro Pump|p2a: Magearna\n|-end|p2a: Magearna|Substitute\n|\n|-heal|p2a: Magearna|77\/100|[from] Grassy Terrain\n|-heal|p2a: Magearna|83\/100|[from] item: Leftovers\n|upkeep\n|turn|19\n|\n|t:|1700330361\n|switch|p1a: Cyclizar|Cyclizar, M|100\/100\n|move|p2a: Magearna|Fleur Cannon|p1a: Cyclizar\n|-supereffective|p1a: Cyclizar\n|-damage|p1a: Cyclizar|0 fnt\n|-unboost|p2a: Magearna|spa|2\n|faint|p1a: Cyclizar\n|-ability|p2a: Magearna|Soul-Heart|boost\n|-boost|p2a: Magearna|spa|1\n|\n|-heal|p2a: Magearna|90\/100|[from] Grassy Terrain\n|-heal|p2a: Magearna|96\/100|[from] item: Leftovers\n|upkeep\n|\n|t:|1700330372\n|switch|p1a: Zacian|Zacian|100\/100\n|-ability|p1a: Zacian|Intrepid Sword|boost\n|-boost|p1a: Zacian|atk|1\n|turn|20\n|\n|t:|1700330377\n|move|p1a: Zacian|Iron Head|p2a: Magearna\n|-damage|p2a: Magearna|61\/100\n|cant|p2a: Magearna|flinch\n|\n|-heal|p2a: Magearna|68\/100|[from] Grassy Terrain\n|-heal|p2a: Magearna|74\/100|[from] item: Leftovers\n|upkeep\n|turn|21\n|\n|t:|1700330383\n|move|p1a: Zacian|Iron Head|p2a: Magearna\n|-damage|p2a: Magearna|35\/100\n|move|p2a: Magearna|Thunder Wave|p1a: Zacian\n|-status|p1a: Zacian|par\n|\n|-heal|p2a: Magearna|41\/100|[from] Grassy Terrain\n|-heal|p2a: Magearna|47\/100|[from] item: Leftovers\n|-fieldend|move: Grassy Terrain\n|upkeep\n|turn|22\n|\n|t:|1700330394\n|move|p1a: Zacian|Iron Head|p2a: Magearna\n|-damage|p2a: Magearna|11\/100\n|move|p2a: Magearna|Volt Switch|p1a: Zacian\n|-damage|p1a: Zacian|84\/100 par\n|\n|t:|1700330400\n|switch|p2a: Cyclizar|Cyclizar, M|61\/100|[from] Volt Switch\n|\n|upkeep\n|turn|23\n|\n|t:|1700330408\n|move|p2a: Cyclizar|Shed Tail|p2a: Cyclizar\n|-start|p2a: Cyclizar|Substitute|[from] move: Shed Tail\n|-damage|p2a: Cyclizar|11\/100\n|\n|t:|1700330411\n|switch|p2a: Palafin|Palafin-Hero, F|79\/100 par|[from] Shed Tail\n|cant|p1a: Zacian|par\n|\n|-heal|p2a: Palafin|85\/100 par|[from] item: Leftovers\n|upkeep\n|turn|24\n|\n|t:|1700330417\n|move|p1a: Zacian|Iron Head|p2a: Palafin\n|-resisted|p2a: Palafin\n|-activate|p2a: Palafin|move: Substitute|[damage]\n|cant|p2a: Palafin|par\n|\n|-heal|p2a: Palafin|92\/100 par|[from] item: Leftovers\n|upkeep\n|turn|25\n|\n|t:|1700330423\n|move|p1a: Zacian|Iron Head|p2a: Palafin\n|-resisted|p2a: Palafin\n|-end|p2a: Palafin|Substitute\n|move|p2a: Palafin|Bulk Up|p2a: Palafin\n|-boost|p2a: Palafin|atk|1\n|-boost|p2a: Palafin|def|1\n|\n|-heal|p2a: Palafin|98\/100 par|[from] item: Leftovers\n|upkeep\n|turn|26\n|\n|t:|1700330431\n|switch|p1a: Palkia|Palkia-Origin|100\/100\n|-ability|p1a: Palkia|Pressure\n|move|p2a: Palafin|Bulk Up|p2a: Palafin\n|-boost|p2a: Palafin|atk|1\n|-boost|p2a: Palafin|def|1\n|\n|-heal|p2a: Palafin|100\/100 par|[from] item: Leftovers\n|upkeep\n|turn|27\n|\n|t:|1700330440\n|move|p1a: Palkia|Thunderbolt|p2a: Palafin\n|-supereffective|p2a: Palafin\n|-damage|p2a: Palafin|51\/100 par\n|cant|p2a: Palafin|par\n|\n|-heal|p2a: Palafin|57\/100 par|[from] item: Leftovers\n|upkeep\n|turn|28\n|\n|t:|1700330446\n|move|p1a: Palkia|Thunderbolt|p2a: Palafin\n|-supereffective|p2a: Palafin\n|-damage|p2a: Palafin|8\/100 par\n|move|p2a: Palafin|Drain Punch|p1a: Palkia\n|-damage|p1a: Palkia|45\/100\n|-heal|p2a: Palafin|31\/100 par|[from] drain|[of] p1a: Palkia\n|\n|-heal|p2a: Palafin|37\/100 par|[from] item: Leftovers\n|upkeep\n|turn|29\n|\n|t:|1700330456\n|switch|p2a: Ursaluna|Ursaluna-Bloodmoon, M|13\/100\n|move|p1a: Palkia|Thunderbolt|p2a: Ursaluna\n|-immune|p2a: Ursaluna\n|\n|-heal|p2a: Ursaluna|19\/100|[from] item: Leftovers\n|upkeep\n|turn|30\n|c|\u2606termofservice|Should just be GG here?\n|\n|t:|1700330466\n|move|p1a: Palkia|Ice Beam|p2a: Ursaluna\n|-supereffective|p2a: Ursaluna\n|-damage|p2a: Ursaluna|0 fnt\n|faint|p2a: Ursaluna\n|\n|upkeep\n|c|\u2606termofservice|Unless you're running Draco on Cyclizar\n|\n|t:|1700330472\n|switch|p2a: Cyclizar|Cyclizar, M|44\/100\n|turn|31\n|\n|t:|1700330475\n|switch|p2a: Magearna|Magearna|11\/100\n|move|p1a: Palkia|Ice Beam|p2a: Magearna\n|-resisted|p2a: Magearna\n|-damage|p2a: Magearna|0 fnt\n|faint|p2a: Magearna\n|\n|upkeep\n|\n|t:|1700330482\n|switch|p2a: Cyclizar|Cyclizar, M|77\/100\n|turn|32\n|\n|t:|1700330490\n|move|p2a: Cyclizar|Shed Tail|p2a: Cyclizar\n|-start|p2a: Cyclizar|Substitute|[from] move: Shed Tail\n|-damage|p2a: Cyclizar|27\/100\n|\n|t:|1700330493\n|switch|p2a: Palafin|Palafin-Hero, F|37\/100 par|[from] Shed Tail\n|move|p1a: Palkia|Thunderbolt|p2a: Palafin\n|-supereffective|p2a: Palafin\n|-end|p2a: Palafin|Substitute\n|\n|-heal|p2a: Palafin|43\/100 par|[from] item: Leftovers\n|upkeep\n|turn|33\n|\n|t:|1700330501\n|move|p1a: Palkia|Thunderbolt|p2a: Palafin\n|-supereffective|p2a: Palafin\n|-damage|p2a: Palafin|0 fnt\n|faint|p2a: Palafin\n|\n|upkeep\n|c|\u2606Fireblitz15|gg\n|c|\u2606termofservice|Close game\n|-message|Fireblitz15 forfeited.\n|\n|win|termofservice\n|l|\u2606termofservice\n","uploadtime":1700330512,"views":14,"p1id":"termofservice","p2id":"fireblitz15","formatid":"gen9ubers","rating":0,"private":0,"password":""}