{"id":"gen9ubers-1994351709","p1":"Lass Veronica","p2":"Anne Frankkkk","format":"[Gen 9] Ubers","log":"|j|\u2606Lass Veronica\n|j|\u2606Anne Frankkkk\n|t:|1700434122\n|gametype|singles\n|player|p1|Lass Veronica|lady-gen4|1195\n|player|p2|Anne Frankkkk|hilbert|1252\n|teamsize|p1|6\n|teamsize|p2|6\n|gen|9\n|tier|[Gen 9] Ubers\n|rated|\n|rule|Sleep Clause Mod: Limit one foe put to sleep\n|rule|Species Clause: Limit one of each Pok\u00e9mon\n|rule|OHKO Clause: OHKO moves are banned\n|rule|Evasion Items Clause: Evasion items are banned\n|rule|Evasion Moves Clause: Evasion moves are banned\n|rule|Endless Battle Clause: Forcing endless battles is banned\n|rule|HP Percentage Mod: HP is shown in percentages\n|clearpoke\n|poke|p1|Regieleki|\n|poke|p1|Indeedee, M|\n|poke|p1|Eelektross, M|\n|poke|p1|Noivern, F|\n|poke|p1|Corviknight, F|\n|poke|p1|Ursaring, M|\n|poke|p2|Regieleki|\n|poke|p2|Kyogre|\n|poke|p2|Chien-Pao|\n|poke|p2|Ribombee, F|\n|poke|p2|Miraidon|\n|poke|p2|Flutter Mane|\n|teampreview\n|\n|t:|1700434126\n|start\n|switch|p1a: Corviknight|Corviknight, F|100\/100\n|switch|p2a: Moonblast|Ribombee, F, shiny|100\/100\n|turn|1\n|inactive|Battle timer is ON: inactive players will automatically lose when time's up. (requested by Anne Frankkkk)\n|\n|t:|1700434132\n|move|p2a: Moonblast|Sticky Web|p1a: Corviknight\n|-sidestart|p1: Lass Veronica|move: Sticky Web\n|move|p1a: Corviknight|Drill Peck|p2a: Moonblast\n|-supereffective|p2a: Moonblast\n|-enditem|p2a: Moonblast|Focus Sash\n|-damage|p2a: Moonblast|1\/100\n|\n|upkeep\n|turn|2\n|\n|t:|1700434138\n|switch|p2a: Bzzzzt|Regieleki, shiny|100\/100\n|move|p1a: Corviknight|Light Screen|p1a: Corviknight\n|-sidestart|p1: Lass Veronica|move: Light Screen\n|\n|upkeep\n|turn|3\n|\n|t:|1700434142\n|move|p2a: Bzzzzt|Thunderbolt|p1a: Corviknight\n|-supereffective|p1a: Corviknight\n|-damage|p1a: Corviknight|33\/100\n|move|p1a: Corviknight|Reflect|p1a: Corviknight\n|-sidestart|p1: Lass Veronica|Reflect\n|\n|upkeep\n|turn|4\n|\n|t:|1700434148\n|move|p2a: Bzzzzt|Thunderbolt|p1a: Corviknight\n|-supereffective|p1a: Corviknight\n|-damage|p1a: Corviknight|0 fnt\n|faint|p1a: Corviknight\n|\n|upkeep\n|\n|t:|1700434153\n|switch|p1a: Ursaring|Ursaring, M|100\/100\n|-ability|p1a: Ursaring|Unnerve\n|-activate|p1a: Ursaring|move: Sticky Web\n|-unboost|p1a: Ursaring|spe|1\n|turn|5\n|\n|t:|1700434161\n|move|p2a: Bzzzzt|Thunderbolt|p1a: Ursaring\n|-damage|p1a: Ursaring|75\/100\n|move|p1a: Ursaring|Cross Chop|p2a: Bzzzzt|[miss]\n|-miss|p1a: Ursaring|p2a: Bzzzzt\n|\n|upkeep\n|turn|6\n|\n|t:|1700434166\n|move|p2a: Bzzzzt|Thunderbolt|p1a: Ursaring\n|-damage|p1a: Ursaring|49\/100\n|move|p1a: Ursaring|Cross Chop|p2a: Bzzzzt\n|-damage|p2a: Bzzzzt|30\/100\n|\n|upkeep\n|turn|7\n|\n|t:|1700434175\n|move|p2a: Bzzzzt|Volt Switch|p1a: Ursaring\n|-damage|p1a: Ursaring|30\/100\n|\n|t:|1700434178\n|switch|p2a: Misdreavius|Flutter Mane, shiny|100\/100|[from] Volt Switch\n|-enditem|p2a: Misdreavius|Booster Energy\n|-activate|p2a: Misdreavius|ability: Protosynthesis|[fromitem]\n|-start|p2a: Misdreavius|protosynthesisspe\n|move|p1a: Ursaring|Crunch|p2a: Misdreavius\n|-damage|p2a: Misdreavius|28\/100\n|\n|upkeep\n|turn|8\n|\n|t:|1700434185\n|move|p2a: Misdreavius|Moonblast|p1a: Ursaring\n|-damage|p1a: Ursaring|12\/100\n|-unboost|p1a: Ursaring|spa|1\n|move|p1a: Ursaring|Crunch|p2a: Misdreavius\n|-damage|p2a: Misdreavius|0 fnt\n|faint|p2a: Misdreavius\n|-end|p2a: Misdreavius|Protosynthesis|[silent]\n|\n|upkeep\n|\n|t:|1700434194\n|switch|p2a: Bzzzzt|Regieleki, shiny|30\/100\n|turn|9\n|\n|t:|1700434197\n|move|p2a: Bzzzzt|Thunderbolt|p1a: Ursaring\n|-damage|p1a: Ursaring|0 fnt\n|faint|p1a: Ursaring\n|\n|-sideend|p1: Lass Veronica|move: Light Screen\n|upkeep\n|\n|t:|1700434207\n|switch|p1a: Eelektross|Eelektross, M|100\/100\n|turn|10\n|\n|t:|1700434213\n|move|p2a: Bzzzzt|Volt Switch|p1a: Eelektross\n|-resisted|p1a: Eelektross\n|-damage|p1a: Eelektross|70\/100\n|\n|t:|1700434222\n|switch|p2a: Moonblast|Ribombee, F, shiny|1\/100|[from] Volt Switch\n|move|p1a: Eelektross|Coil|p1a: Eelektross\n|-boost|p1a: Eelektross|atk|1\n|-boost|p1a: Eelektross|def|1\n|-boost|p1a: Eelektross|accuracy|1\n|\n|-sideend|p1: Lass Veronica|Reflect\n|upkeep\n|turn|11\n|\n|t:|1700434229\n|move|p2a: Moonblast|Moonblast|p1a: Eelektross\n|-damage|p1a: Eelektross|27\/100\n|move|p1a: Eelektross|Drain Punch|p2a: Moonblast\n|-resisted|p2a: Moonblast\n|-damage|p2a: Moonblast|0 fnt\n|-heal|p1a: Eelektross|28\/100|[from] drain|[of] p2a: Moonblast\n|faint|p2a: Moonblast\n|-heal|p1a: Eelektross|28\/100|[from] item: Shell Bell|[of] p2: Moonblast\n|\n|upkeep\n|\n|t:|1700434235\n|switch|p2a: Ice Cat|Chien-Pao|100\/100\n|-ability|p2a: Ice Cat|Sword of Ruin\n|turn|12\n|\n|t:|1700434240\n|move|p2a: Ice Cat|Swords Dance|p2a: Ice Cat\n|-boost|p2a: Ice Cat|atk|2\n|move|p1a: Eelektross|Drain Punch|p2a: Ice Cat\n|-supereffective|p2a: Ice Cat\n|-enditem|p2a: Ice Cat|Focus Sash\n|-damage|p2a: Ice Cat|1\/100\n|-heal|p1a: Eelektross|68\/100|[from] drain|[of] p2a: Ice Cat\n|-heal|p1a: Eelektross|78\/100|[from] item: Shell Bell|[of] p2a: Ice Cat\n|\n|upkeep\n|turn|13\n|\n|t:|1700434250\n|move|p2a: Ice Cat|Ice Spinner|p1a: Eelektross\n|-damage|p1a: Eelektross|0 fnt\n|faint|p1a: Eelektross\n|\n|upkeep\n|\n|t:|1700434255\n|switch|p1a: Indeedee|Indeedee, M|100\/100\n|-activate|p1a: Indeedee|move: Sticky Web\n|-unboost|p1a: Indeedee|spe|1\n|-fieldstart|move: Psychic Terrain|[from] ability: Psychic Surge|[of] p1a: Indeedee\n|turn|14\n|\n|t:|1700434261\n|move|p2a: Ice Cat|Ice Spinner|p1a: Indeedee\n|-damage|p1a: Indeedee|0 fnt\n|-fieldend|move: Psychic Terrain\n|faint|p1a: Indeedee\n|\n|upkeep\n|\n|t:|1700434268\n|switch|p1a: Noivern|Noivern, F, shiny|100\/100\n|turn|15\n|\n|t:|1700434274\n|-terastallize|p2a: Ice Cat|Dark\n|move|p2a: Ice Cat|Sucker Punch|p1a: Noivern\n|-damage|p1a: Noivern|0 fnt\n|faint|p1a: Noivern\n|\n|upkeep\n|-message|Lass Veronica forfeited.\n|\n|win|Anne Frankkkk\n|raw|Lass Veronica's rating: 1195 &rarr; <strong>1173<\/strong><br \/>(-22 for losing)\n|raw|Anne Frankkkk's rating: 1234 &rarr; <strong>1256<\/strong><br \/>(+22 for winning)\n|l|\u2606Lass Veronica\n","uploadtime":1700434281,"views":3,"p1id":"lassveronica","p2id":"annefrankkkk","formatid":"gen9ubers","rating":1173,"private":0,"password":""}