{"id":"gen9ubers-1980234963","p1":"Theviking52","p2":"1P1o1s1h1e1","format":"[Gen 9] Ubers","log":"|j|\u2606Theviking52\n|j|\u26061P1o1s1h1e1\n|t:|1698768451\n|gametype|singles\n|player|p1|Theviking52|linebacker|\n|player|p2|1P1o1s1h1e1|2|\n|teamsize|p1|6\n|teamsize|p2|6\n|gen|9\n|tier|[Gen 9] Ubers\n|rule|Sleep Clause Mod: Limit one foe put to sleep\n|rule|Species Clause: Limit one of each Pok\u00e9mon\n|rule|OHKO Clause: OHKO moves are banned\n|rule|Evasion Items Clause: Evasion items are banned\n|rule|Evasion Moves Clause: Evasion moves are banned\n|rule|Endless Battle Clause: Forcing endless battles is banned\n|rule|HP Percentage Mod: HP is shown in percentages\n|clearpoke\n|poke|p1|Tyranitar, F|\n|poke|p1|Magearna|\n|poke|p1|Palkia-Origin|\n|poke|p1|Houndstone, F|\n|poke|p1|Zacian-*|\n|poke|p1|Landorus, M|\n|poke|p2|Wo-Chien|\n|poke|p2|Arceus-Poison|\n|poke|p2|Magearna|\n|poke|p2|Ursaluna-Bloodmoon, M|\n|poke|p2|Sneasler, F|\n|poke|p2|Dialga|\n|teampreview\n|c|\u26061P1o1s1h1e1|glhf\n|c|\u2606Theviking52|u2\n|\n|t:|1698768464\n|start\n|switch|p1a: Landorus|Landorus, M|100\/100\n|switch|p2a: Magearna|Magearna|100\/100\n|turn|1\n|\n|t:|1698768478\n|move|p1a: Landorus|Earthquake|p2a: Magearna\n|-supereffective|p2a: Magearna\n|-damage|p2a: Magearna|16\/100\n|move|p2a: Magearna|Spikes|p1a: Landorus\n|-sidestart|p1: Theviking52|Spikes\n|\n|-heal|p2a: Magearna|22\/100|[from] item: Leftovers\n|upkeep\n|turn|2\n|\n|t:|1698768491\n|switch|p2a: Wo-Chien|Wo-Chien|100\/100\n|-ability|p2a: Wo-Chien|Tablets of Ruin\n|move|p1a: Landorus|Earthquake|p2a: Wo-Chien\n|-resisted|p2a: Wo-Chien\n|-damage|p2a: Wo-Chien|83\/100\n|\n|-heal|p2a: Wo-Chien|89\/100|[from] item: Leftovers\n|upkeep\n|turn|3\n|\n|t:|1698768500\n|move|p1a: Landorus|U-turn|p2a: Wo-Chien\n|-supereffective|p2a: Wo-Chien\n|-damage|p2a: Wo-Chien|27\/100\n|\n|t:|1698768511\n|switch|p1a: Zacian|Zacian|100\/100|[from] U-turn\n|-damage|p1a: Zacian|88\/100|[from] Spikes\n|-ability|p1a: Zacian|Intrepid Sword|boost\n|-boost|p1a: Zacian|atk|1\n|move|p2a: Wo-Chien|Leech Seed|p1a: Zacian\n|-start|p1a: Zacian|move: Leech Seed\n|\n|-heal|p1a: Zacian|94\/100|[from] item: Leftovers\n|-heal|p2a: Wo-Chien|33\/100|[from] item: Leftovers\n|-damage|p1a: Zacian|82\/100|[from] Leech Seed|[of] p2a: Wo-Chien\n|-heal|p2a: Wo-Chien|46\/100|[silent]\n|upkeep\n|turn|4\n|\n|t:|1698768526\n|switch|p2a: Arceus|Arceus-Poison|100\/100\n|-terastallize|p1a: Zacian|Ground\n|move|p1a: Zacian|Play Rough|p2a: Arceus\n|-resisted|p2a: Arceus\n|-damage|p2a: Arceus|86\/100\n|\n|-heal|p1a: Zacian|88\/100|[from] item: Leftovers\n|-damage|p1a: Zacian|76\/100|[from] Leech Seed|[of] p2a: Arceus\n|-heal|p2a: Arceus|97\/100|[silent]\n|upkeep\n|turn|5\n|\n|t:|1698768536\n|-terastallize|p2a: Arceus|Grass\n|move|p1a: Zacian|Tera Blast|p2a: Arceus|[anim] Tera Blast Ground\n|-resisted|p2a: Arceus\n|-damage|p2a: Arceus|84\/100\n|move|p2a: Arceus|Will-O-Wisp|p1a: Zacian|[miss]\n|-miss|p2a: Arceus|p1a: Zacian\n|\n|-heal|p1a: Zacian|82\/100|[from] item: Leftovers\n|-damage|p1a: Zacian|70\/100|[from] Leech Seed|[of] p2a: Arceus\n|-heal|p2a: Arceus|94\/100|[silent]\n|upkeep\n|turn|6\n|\n|t:|1698768547\n|move|p1a: Zacian|Play Rough|p2a: Arceus\n|-damage|p2a: Arceus|63\/100\n|move|p2a: Arceus|Will-O-Wisp|p1a: Zacian\n|-status|p1a: Zacian|brn\n|\n|-heal|p1a: Zacian|76\/100 brn|[from] item: Leftovers\n|-damage|p1a: Zacian|63\/100 brn|[from] Leech Seed|[of] p2a: Arceus\n|-heal|p2a: Arceus|74\/100|[silent]\n|-damage|p1a: Zacian|57\/100 brn|[from] brn\n|upkeep\n|turn|7\n|\n|t:|1698768557\n|move|p1a: Zacian|Swords Dance|p1a: Zacian\n|-boost|p1a: Zacian|atk|2\n|move|p2a: Arceus|Taunt|p1a: Zacian\n|-start|p1a: Zacian|move: Taunt\n|\n|-heal|p1a: Zacian|63\/100 brn|[from] item: Leftovers\n|-damage|p1a: Zacian|51\/100 brn|[from] Leech Seed|[of] p2a: Arceus\n|-heal|p2a: Arceus|85\/100|[silent]\n|-damage|p1a: Zacian|45\/100 brn|[from] brn\n|upkeep\n|turn|8\n|\n|t:|1698768567\n|move|p1a: Zacian|Play Rough|p2a: Arceus\n|-crit|p2a: Arceus\n|-damage|p2a: Arceus|51\/100\n|move|p2a: Arceus|Recover|p2a: Arceus\n|-heal|p2a: Arceus|100\/100\n|\n|-heal|p1a: Zacian|51\/100 brn|[from] item: Leftovers\n|-damage|p1a: Zacian|39\/100 brn|[from] Leech Seed|[of] p2a: Arceus\n|-damage|p1a: Zacian|32\/100 brn|[from] brn\n|upkeep\n|turn|9\n|\n|t:|1698768578\n|move|p1a: Zacian|Play Rough|p2a: Arceus|[miss]\n|-miss|p1a: Zacian|p2a: Arceus\n|move|p2a: Arceus|Gunk Shot|p1a: Zacian\n|-resisted|p1a: Zacian\n|-damage|p1a: Zacian|16\/100 brn\n|\n|-heal|p1a: Zacian|22\/100 brn|[from] item: Leftovers\n|-damage|p1a: Zacian|10\/100 brn|[from] Leech Seed|[of] p2a: Arceus\n|-damage|p1a: Zacian|4\/100 brn|[from] brn\n|upkeep\n|turn|10\n|\n|t:|1698768588\n|move|p1a: Zacian|Play Rough|p2a: Arceus\n|-damage|p2a: Arceus|75\/100\n|move|p2a: Arceus|Recover|p2a: Arceus\n|-heal|p2a: Arceus|100\/100\n|\n|-heal|p1a: Zacian|10\/100 brn|[from] item: Leftovers\n|-damage|p1a: Zacian|0 fnt|[from] Leech Seed|[of] p2a: Arceus\n|faint|p1a: Zacian\n|upkeep\n|\n|t:|1698768601\n|switch|p1a: Palkia|Palkia-Origin|100\/100\n|-damage|p1a: Palkia|88\/100|[from] Spikes\n|-ability|p1a: Palkia|Pressure\n|turn|11\n|\n|t:|1698768609\n|move|p1a: Palkia|Fire Blast|p2a: Arceus\n|-supereffective|p2a: Arceus\n|-damage|p2a: Arceus|43\/100\n|move|p2a: Arceus|Gunk Shot|p1a: Palkia\n|-damage|p1a: Palkia|30\/100\n|\n|upkeep\n|turn|12\n|\n|t:|1698768620\n|switch|p2a: Magearna|Magearna|22\/100\n|move|p1a: Palkia|Fire Blast|p2a: Magearna\n|-supereffective|p2a: Magearna\n|-damage|p2a: Magearna|0 fnt\n|faint|p2a: Magearna\n|\n|upkeep\n|\n|t:|1698768624\n|switch|p2a: Sneasler|Sneasler, F|100\/100\n|turn|13\n|\n|t:|1698768648\n|move|p2a: Sneasler|Dire Claw|p1a: Palkia\n|-damage|p1a: Palkia|0 fnt\n|faint|p1a: Palkia\n|\n|upkeep\n|\n|t:|1698768659\n|switch|p1a: Magearna|Magearna|100\/100\n|-damage|p1a: Magearna|88\/100|[from] Spikes\n|turn|14\n|\n|t:|1698768665\n|switch|p2a: Dialga|Dialga|100\/100\n|-ability|p2a: Dialga|Pressure\n|move|p1a: Magearna|Volt Switch|p2a: Dialga\n|-resisted|p2a: Dialga\n|-crit|p2a: Dialga\n|-damage|p2a: Dialga|82\/100\n|\n|t:|1698768672\n|switch|p1a: Landorus|Landorus, M|100\/100|[from] Volt Switch\n|\n|-heal|p2a: Dialga|88\/100|[from] item: Leftovers\n|upkeep\n|turn|15\n|\n|t:|1698768684\n|switch|p2a: Wo-Chien|Wo-Chien|46\/100\n|-ability|p2a: Wo-Chien|Tablets of Ruin\n|move|p1a: Landorus|Earthquake|p2a: Wo-Chien\n|-resisted|p2a: Wo-Chien\n|-damage|p2a: Wo-Chien|29\/100\n|\n|-heal|p2a: Wo-Chien|36\/100|[from] item: Leftovers\n|upkeep\n|turn|16\n|\n|t:|1698768697\n|move|p2a: Wo-Chien|Protect|p2a: Wo-Chien\n|-singleturn|p2a: Wo-Chien|Protect\n|move|p1a: Landorus|U-turn|p2a: Wo-Chien\n|-activate|p2a: Wo-Chien|move: Protect\n|\n|-heal|p2a: Wo-Chien|42\/100|[from] item: Leftovers\n|upkeep\n|turn|17\n|\n|t:|1698768715\n|switch|p2a: Ursaluna|Ursaluna-Bloodmoon, M|100\/100\n|move|p1a: Landorus|U-turn|p2a: Ursaluna\n|-damage|p2a: Ursaluna|86\/100\n|\n|t:|1698768724\n|switch|p1a: Magearna|Magearna|88\/100|[from] U-turn\n|-damage|p1a: Magearna|76\/100|[from] Spikes\n|\n|-heal|p1a: Magearna|82\/100|[from] item: Leftovers\n|-heal|p2a: Ursaluna|92\/100|[from] item: Leftovers\n|upkeep\n|turn|18\n|\n|t:|1698768733\n|move|p1a: Magearna|Ice Beam|p2a: Ursaluna\n|-supereffective|p2a: Ursaluna\n|-damage|p2a: Ursaluna|39\/100\n|move|p2a: Ursaluna|Calm Mind|p2a: Ursaluna\n|-boost|p2a: Ursaluna|spa|1\n|-boost|p2a: Ursaluna|spd|1\n|\n|-heal|p1a: Magearna|88\/100|[from] item: Leftovers\n|-heal|p2a: Ursaluna|45\/100|[from] item: Leftovers\n|upkeep\n|turn|19\n|\n|t:|1698768741\n|move|p1a: Magearna|Ice Beam|p2a: Ursaluna\n|-supereffective|p2a: Ursaluna\n|-damage|p2a: Ursaluna|8\/100\n|move|p2a: Ursaluna|Moonlight|p2a: Ursaluna\n|-heal|p2a: Ursaluna|58\/100\n|\n|-heal|p1a: Magearna|94\/100|[from] item: Leftovers\n|-heal|p2a: Ursaluna|64\/100|[from] item: Leftovers\n|upkeep\n|turn|20\n|\n|t:|1698768754\n|move|p1a: Magearna|Ice Beam|p2a: Ursaluna\n|-supereffective|p2a: Ursaluna\n|-damage|p2a: Ursaluna|27\/100\n|move|p2a: Ursaluna|Moonlight|p2a: Ursaluna\n|-heal|p2a: Ursaluna|77\/100\n|\n|-heal|p1a: Magearna|99\/100|[from] item: Leftovers\n|-heal|p2a: Ursaluna|83\/100|[from] item: Leftovers\n|upkeep\n|turn|21\n|\n|t:|1698768763\n|move|p1a: Magearna|Ice Beam|p2a: Ursaluna\n|-supereffective|p2a: Ursaluna\n|-damage|p2a: Ursaluna|45\/100\n|move|p2a: Ursaluna|Calm Mind|p2a: Ursaluna\n|-boost|p2a: Ursaluna|spa|1\n|-boost|p2a: Ursaluna|spd|1\n|\n|-heal|p1a: Magearna|100\/100|[from] item: Leftovers\n|-heal|p2a: Ursaluna|51\/100|[from] item: Leftovers\n|upkeep\n|turn|22\n|\n|t:|1698768772\n|move|p1a: Magearna|Ice Beam|p2a: Ursaluna\n|-supereffective|p2a: Ursaluna\n|-damage|p2a: Ursaluna|22\/100\n|move|p2a: Ursaluna|Moonlight|p2a: Ursaluna\n|-heal|p2a: Ursaluna|72\/100\n|\n|-heal|p2a: Ursaluna|78\/100|[from] item: Leftovers\n|upkeep\n|turn|23\n|\n|t:|1698768779\n|move|p1a: Magearna|Ice Beam|p2a: Ursaluna\n|-supereffective|p2a: Ursaluna\n|-damage|p2a: Ursaluna|50\/100\n|move|p2a: Ursaluna|Calm Mind|p2a: Ursaluna\n|-boost|p2a: Ursaluna|spa|1\n|-boost|p2a: Ursaluna|spd|1\n|\n|-heal|p2a: Ursaluna|57\/100|[from] item: Leftovers\n|upkeep\n|turn|24\n|\n|t:|1698768788\n|move|p1a: Magearna|Ice Beam|p2a: Ursaluna\n|-supereffective|p2a: Ursaluna\n|-damage|p2a: Ursaluna|33\/100\n|move|p2a: Ursaluna|Moonlight|p2a: Ursaluna\n|-heal|p2a: Ursaluna|83\/100\n|\n|-heal|p2a: Ursaluna|89\/100|[from] item: Leftovers\n|upkeep\n|turn|25\n|\n|t:|1698768795\n|move|p1a: Magearna|Ice Beam|p2a: Ursaluna\n|-supereffective|p2a: Ursaluna\n|-damage|p2a: Ursaluna|67\/100\n|move|p2a: Ursaluna|Calm Mind|p2a: Ursaluna\n|-boost|p2a: Ursaluna|spa|1\n|-boost|p2a: Ursaluna|spd|1\n|\n|-heal|p2a: Ursaluna|74\/100|[from] item: Leftovers\n|upkeep\n|turn|26\n|\n|t:|1698768803\n|move|p1a: Magearna|Ice Beam|p2a: Ursaluna\n|-supereffective|p2a: Ursaluna\n|-damage|p2a: Ursaluna|54\/100\n|move|p2a: Ursaluna|Hyper Voice|p1a: Magearna\n|-resisted|p1a: Magearna\n|-damage|p1a: Magearna|50\/100\n|\n|-heal|p1a: Magearna|56\/100|[from] item: Leftovers\n|-heal|p2a: Ursaluna|60\/100|[from] item: Leftovers\n|upkeep\n|turn|27\n|\n|t:|1698768812\n|move|p1a: Magearna|Ice Beam|p2a: Ursaluna\n|-supereffective|p2a: Ursaluna\n|-damage|p2a: Ursaluna|40\/100\n|move|p2a: Ursaluna|Moonlight|p2a: Ursaluna\n|-heal|p2a: Ursaluna|90\/100\n|\n|-heal|p1a: Magearna|62\/100|[from] item: Leftovers\n|-heal|p2a: Ursaluna|97\/100|[from] item: Leftovers\n|upkeep\n|turn|28\n|\n|t:|1698768820\n|move|p1a: Magearna|Ice Beam|p2a: Ursaluna\n|-supereffective|p2a: Ursaluna\n|-damage|p2a: Ursaluna|76\/100\n|move|p2a: Ursaluna|Hyper Voice|p1a: Magearna\n|-resisted|p1a: Magearna\n|-damage|p1a: Magearna|9\/100\n|\n|-heal|p1a: Magearna|15\/100|[from] item: Leftovers\n|-heal|p2a: Ursaluna|82\/100|[from] item: Leftovers\n|upkeep\n|turn|29\n|\n|t:|1698768830\n|move|p1a: Magearna|Ice Beam|p2a: Ursaluna\n|-supereffective|p2a: Ursaluna\n|-damage|p2a: Ursaluna|63\/100\n|move|p2a: Ursaluna|Hyper Voice|p1a: Magearna\n|-resisted|p1a: Magearna\n|-crit|p1a: Magearna\n|-damage|p1a: Magearna|0 fnt\n|faint|p1a: Magearna\n|\n|-heal|p2a: Ursaluna|69\/100|[from] item: Leftovers\n|upkeep\n|\n|t:|1698768842\n|switch|p1a: Landorus|Landorus, M|100\/100\n|turn|30\n|\n|t:|1698768866\n|move|p1a: Landorus|Earthquake|p2a: Ursaluna\n|-damage|p2a: Ursaluna|37\/100\n|move|p2a: Ursaluna|Hyper Voice|p1a: Landorus\n|-damage|p1a: Landorus|0 fnt\n|faint|p1a: Landorus\n|\n|-heal|p2a: Ursaluna|44\/100|[from] item: Leftovers\n|upkeep\n|\n|t:|1698768888\n|switch|p1a: Tyranitar|Tyranitar, F|100\/100\n|-damage|p1a: Tyranitar|88\/100|[from] Spikes\n|-weather|Sandstorm|[from] ability: Sand Stream|[of] p1a: Tyranitar\n|turn|31\n|\n|t:|1698768896\n|move|p1a: Tyranitar|Knock Off|p2a: Ursaluna\n|-damage|p2a: Ursaluna|13\/100\n|-enditem|p2a: Ursaluna|Leftovers|[from] move: Knock Off|[of] p1a: Tyranitar\n|move|p2a: Ursaluna|Moonlight|p2a: Ursaluna\n|-heal|p2a: Ursaluna|37\/100\n|\n|-weather|Sandstorm|[upkeep]\n|upkeep\n|turn|32\n|\n|t:|1698768935\n|move|p1a: Tyranitar|Earthquake|p2a: Ursaluna\n|-damage|p2a: Ursaluna|17\/100\n|move|p2a: Ursaluna|Hyper Voice|p1a: Tyranitar\n|-resisted|p1a: Tyranitar\n|-damage|p1a: Tyranitar|64\/100\n|\n|-weather|Sandstorm|[upkeep]\n|upkeep\n|turn|33\n|\n|t:|1698768951\n|move|p1a: Tyranitar|Earthquake|p2a: Ursaluna\n|-damage|p2a: Ursaluna|0 fnt\n|faint|p2a: Ursaluna\n|\n|-weather|Sandstorm|[upkeep]\n|upkeep\n|\n|t:|1698768953\n|switch|p2a: Wo-Chien|Wo-Chien|42\/100\n|-ability|p2a: Wo-Chien|Tablets of Ruin\n|turn|34\n|\n|t:|1698768978\n|move|p1a: Tyranitar|Knock Off|p2a: Wo-Chien\n|-resisted|p2a: Wo-Chien\n|-damage|p2a: Wo-Chien|24\/100\n|-enditem|p2a: Wo-Chien|Leftovers|[from] move: Knock Off|[of] p1a: Tyranitar\n|move|p2a: Wo-Chien|Leech Seed|p1a: Tyranitar\n|-start|p1a: Tyranitar|move: Leech Seed\n|\n|-weather|Sandstorm|[upkeep]\n|-damage|p2a: Wo-Chien|18\/100|[from] Sandstorm\n|-damage|p1a: Tyranitar|51\/100|[from] Leech Seed|[of] p2a: Wo-Chien\n|-heal|p2a: Wo-Chien|29\/100|[silent]\n|upkeep\n|turn|35\n|\n|t:|1698768988\n|move|p2a: Wo-Chien|Protect|p2a: Wo-Chien\n|-singleturn|p2a: Wo-Chien|Protect\n|move|p1a: Tyranitar|Dragon Claw|p2a: Wo-Chien\n|-activate|p2a: Wo-Chien|move: Protect\n|\n|-weather|none\n|-damage|p1a: Tyranitar|39\/100|[from] Leech Seed|[of] p2a: Wo-Chien\n|-heal|p2a: Wo-Chien|40\/100|[silent]\n|upkeep\n|turn|36\n|\n|t:|1698768997\n|move|p1a: Tyranitar|Dragon Claw|p2a: Wo-Chien\n|-damage|p2a: Wo-Chien|19\/100\n|move|p2a: Wo-Chien|Knock Off|p1a: Tyranitar\n|-resisted|p1a: Tyranitar\n|-damage|p1a: Tyranitar|24\/100\n|-enditem|p1a: Tyranitar|Assault Vest|[from] move: Knock Off|[of] p2a: Wo-Chien\n|\n|-damage|p1a: Tyranitar|12\/100|[from] Leech Seed|[of] p2a: Wo-Chien\n|-heal|p2a: Wo-Chien|30\/100|[silent]\n|upkeep\n|turn|37\n|\n|t:|1698769019\n|move|p2a: Wo-Chien|Protect|p2a: Wo-Chien\n|-singleturn|p2a: Wo-Chien|Protect\n|move|p1a: Tyranitar|Dragon Claw|p2a: Wo-Chien\n|-activate|p2a: Wo-Chien|move: Protect\n|\n|-damage|p1a: Tyranitar|0 fnt|[from] Leech Seed|[of] p2a: Wo-Chien\n|-heal|p2a: Wo-Chien|41\/100|[silent]\n|faint|p1a: Tyranitar\n|upkeep\n|\n|t:|1698769027\n|switch|p1a: Houndstone|Houndstone, F|100\/100\n|-damage|p1a: Houndstone|88\/100|[from] Spikes\n|turn|38\n|\n|t:|1698769041\n|switch|p2a: Arceus|Arceus-Poison, tera:Grass|43\/100\n|move|p1a: Houndstone|Last Respects|p2a: Arceus\n|-damage|p2a: Arceus|0 fnt\n|faint|p2a: Arceus\n|\n|upkeep\n|\n|t:|1698769049\n|switch|p2a: Sneasler|Sneasler, F|100\/100\n|turn|39\n|c|\u2606Theviking52|well\n|\n|t:|1698769055\n|move|p2a: Sneasler|Dire Claw|p1a: Houndstone\n|-resisted|p1a: Houndstone\n|-damage|p1a: Houndstone|65\/100\n|-status|p1a: Houndstone|slp\n|cant|p1a: Houndstone|slp\n|\n|upkeep\n|turn|40\n|c|\u2606Theviking52|oh\n|\n|t:|1698769070\n|switch|p2a: Dialga|Dialga|88\/100\n|-ability|p2a: Dialga|Pressure\n|-curestatus|p1a: Houndstone|slp|[msg]\n|move|p1a: Houndstone|Last Respects|p2a: Dialga\n|-damage|p2a: Dialga|4\/100\n|\n|-heal|p2a: Dialga|10\/100|[from] item: Leftovers\n|upkeep\n|turn|41\n|\n|t:|1698769083\n|move|p1a: Houndstone|Last Respects|p2a: Dialga\n|-damage|p2a: Dialga|0 fnt\n|faint|p2a: Dialga\n|\n|upkeep\n|\n|t:|1698769087\n|switch|p2a: Sneasler|Sneasler, F|100\/100\n|turn|42\n|\n|t:|1698769092\n|move|p2a: Sneasler|Dire Claw|p1a: Houndstone\n|-resisted|p1a: Houndstone\n|-damage|p1a: Houndstone|40\/100\n|-status|p1a: Houndstone|psn|[from] ability: Poison Touch|[of] p2a: Sneasler\n|move|p1a: Houndstone|Last Respects|p2a: Sneasler\n|-damage|p2a: Sneasler|0 fnt\n|faint|p2a: Sneasler\n|\n|-damage|p1a: Houndstone|28\/100 psn|[from] psn\n|upkeep\n|\n|t:|1698769098\n|switch|p2a: Wo-Chien|Wo-Chien|41\/100\n|-ability|p2a: Wo-Chien|Tablets of Ruin\n|turn|43\n|\n|t:|1698769105\n|move|p2a: Wo-Chien|Protect|p2a: Wo-Chien\n|-singleturn|p2a: Wo-Chien|Protect\n|move|p1a: Houndstone|Last Respects|p2a: Wo-Chien\n|-activate|p2a: Wo-Chien|move: Protect\n|\n|-damage|p1a: Houndstone|16\/100 psn|[from] psn\n|upkeep\n|turn|44\n|c|\u2606Theviking52|bro what\n|\n|t:|1698769112\n|move|p1a: Houndstone|Last Respects|p2a: Wo-Chien\n|-resisted|p2a: Wo-Chien\n|-damage|p2a: Wo-Chien|0 fnt\n|faint|p2a: Wo-Chien\n|\n|win|Theviking52\n|c|\u26061P1o1s1h1e1|damn\n|c|\u26061P1o1s1h1e1|it was a roll\n|c|\u26061P1o1s1h1e1|gg\n|c|\u2606Theviking52|gg\n","uploadtime":1698769131,"views":17,"p1id":"theviking52","p2id":"1p1o1s1h1e1","formatid":"gen9ubers","rating":0,"private":0,"password":""}