{"id":"gen9ubers-1973745336","p1":"Scottowo","p2":"mastershednija69","format":"[Gen 9] Ubers","log":"|j|\u2606Scottowo\n|j|\u2606mastershednija69\n|t:|1698009146\n|gametype|singles\n|player|p1|Scottowo|elesa-gen5bw2|\n|player|p2|mastershednija69|1|\n|teamsize|p1|6\n|teamsize|p2|6\n|gen|9\n|tier|[Gen 9] Ubers\n|rule|Sleep Clause Mod: Limit one foe put to sleep\n|rule|Species Clause: Limit one of each Pok\u00e9mon\n|rule|OHKO Clause: OHKO moves are banned\n|rule|Evasion Items Clause: Evasion items are banned\n|rule|Evasion Moves Clause: Evasion moves are banned\n|rule|Endless Battle Clause: Forcing endless battles is banned\n|rule|HP Percentage Mod: HP is shown in percentages\n|clearpoke\n|poke|p1|Kingambit, F|\n|poke|p1|Iron Moth|\n|poke|p1|Garchomp, F|\n|poke|p1|Vikavolt, M|\n|poke|p1|Ogerpon-Cornerstone, F|\n|poke|p1|Pincurchin, M|\n|poke|p2|Dragapult, M|\n|poke|p2|Enamorus, F|\n|poke|p2|Muk-Alola, M|\n|poke|p2|Manaphy|\n|poke|p2|Munkidori, M|\n|poke|p2|Arcanine, M|\n|teampreview\n|\n|t:|1698009217\n|start\n|switch|p1a: Zeus|Vikavolt, M|100\/100\n|switch|p2a: Munkidori|Munkidori, M|100\/100\n|turn|1\n|\n|t:|1698009244\n|move|p2a: Munkidori|Sludge Wave|p1a: Zeus\n|-damage|p1a: Zeus|40\/100\n|move|p1a: Zeus|Sticky Web|p2a: Munkidori\n|-sidestart|p2: mastershednija69|move: Sticky Web\n|\n|upkeep\n|turn|2\n|\n|t:|1698009302\n|switch|p1a: Hephaestus|Kingambit, F|100\/100\n|move|p2a: Munkidori|Sludge Wave|p1a: Hephaestus\n|-immune|p1a: Hephaestus\n|\n|upkeep\n|turn|3\n|\n|t:|1698009321\n|switch|p2a: Arcanine|Arcanine, M|100\/100\n|-ability|p2a: Arcanine|Intimidate|boost\n|-unboost|p1a: Hephaestus|atk|1\n|move|p1a: Hephaestus|Iron Head|p2a: Arcanine\n|-resisted|p2a: Arcanine\n|-damage|p2a: Arcanine|85\/100\n|\n|upkeep\n|turn|4\n|\n|t:|1698009356\n|switch|p2a: Manaphy|Manaphy|100\/100\n|-activate|p2a: Manaphy|move: Sticky Web\n|-unboost|p2a: Manaphy|spe|1\n|-end|p1a: Hephaestus|fallenundefined|[silent]\n|switch|p1a: Hades|Garchomp, F|100\/100\n|\n|upkeep\n|turn|5\n|\n|t:|1698009381\n|switch|p1a: Dave|Pincurchin, M|100\/100\n|-fieldstart|move: Electric Terrain|[from] ability: Electric Surge|[of] p1a: Dave\n|move|p2a: Manaphy|Ice Beam|p1a: Dave\n|-damage|p1a: Dave|65\/100\n|\n|upkeep\n|turn|6\n|\n|t:|1698009426\n|switch|p2a: Muk|Muk-Alola, M|100\/100\n|-activate|p2a: Muk|move: Sticky Web\n|-unboost|p2a: Muk|spe|1\n|move|p1a: Dave|Spikes|p2a: Muk\n|-sidestart|p2: mastershednija69|Spikes\n|\n|upkeep\n|turn|7\n|\n|t:|1698009453\n|switch|p1a: Hades|Garchomp, F|100\/100\n|move|p2a: Muk|Knock Off|p1a: Hades\n|-damage|p1a: Hades|62\/100\n|-damage|p2a: Muk|88\/100|[from] ability: Rough Skin|[of] p1a: Hades\n|-damage|p2a: Muk|72\/100|[from] item: Rocky Helmet|[of] p1a: Hades\n|-status|p1a: Hades|psn|[from] ability: Poison Touch|[of] p2a: Muk\n|-enditem|p1a: Hades|Rocky Helmet|[from] move: Knock Off|[of] p2a: Muk\n|\n|-heal|p2a: Muk|78\/100|[from] item: Leftovers\n|-damage|p1a: Hades|50\/100 psn|[from] psn\n|upkeep\n|turn|8\n|\n|t:|1698009479\n|move|p2a: Muk|Protect|p2a: Muk\n|-singleturn|p2a: Muk|Protect\n|move|p1a: Hades|Stealth Rock|p2a: Muk\n|-sidestart|p2: mastershednija69|move: Stealth Rock\n|\n|-heal|p2a: Muk|84\/100|[from] item: Leftovers\n|-damage|p1a: Hades|37\/100 psn|[from] psn\n|upkeep\n|turn|9\n|\n|t:|1698009488\n|move|p2a: Muk|Protect||[still]\n|-fail|p2a: Muk\n|move|p1a: Hades|Earthquake|p2a: Muk\n|-supereffective|p2a: Muk\n|-damage|p2a: Muk|5\/100\n|\n|-heal|p2a: Muk|11\/100|[from] item: Leftovers\n|-damage|p1a: Hades|25\/100 psn|[from] psn\n|upkeep\n|turn|10\n|\n|t:|1698009509\n|move|p2a: Muk|Protect|p2a: Muk\n|-singleturn|p2a: Muk|Protect\n|move|p1a: Hades|Stone Edge|p2a: Muk\n|-activate|p2a: Muk|move: Protect\n|\n|-heal|p2a: Muk|17\/100|[from] item: Leftovers\n|-damage|p1a: Hades|12\/100 psn|[from] psn\n|upkeep\n|turn|11\n|\n|t:|1698009523\n|move|p2a: Muk|Protect|p2a: Muk\n|-singleturn|p2a: Muk|Protect\n|move|p1a: Hades|Earthquake|p2a: Muk\n|-activate|p2a: Muk|move: Protect\n|\n|-heal|p2a: Muk|24\/100|[from] item: Leftovers\n|-damage|p1a: Hades|0 fnt|[from] psn\n|faint|p1a: Hades\n|upkeep\n|\n|t:|1698009559\n|switch|p1a: Zeus|Vikavolt, M|40\/100\n|turn|12\n|\n|t:|1698009576\n|-terastallize|p1a: Zeus|Electric\n|move|p1a: Zeus|Thunderbolt|p2a: Muk\n|-damage|p2a: Muk|0 fnt\n|faint|p2a: Muk\n|\n|-fieldend|move: Electric Terrain\n|upkeep\n|\n|t:|1698009606\n|switch|p2a: Dragapult|Dragapult, M|100\/100\n|turn|13\n|\n|t:|1698009621\n|move|p2a: Dragapult|Substitute|p2a: Dragapult\n|-start|p2a: Dragapult|Substitute\n|-damage|p2a: Dragapult|76\/100\n|move|p1a: Zeus|Volt Switch|p2a: Dragapult\n|-resisted|p2a: Dragapult\n|-end|p2a: Dragapult|Substitute\n|\n|t:|1698009676\n|switch|p1a: Hephaestus|Kingambit, F|100\/100|[from] Volt Switch\n|-activate|p1a: Hephaestus|ability: Supreme Overlord\n|-start|p1a: Hephaestus|fallen1|[silent]\n|\n|upkeep\n|turn|14\n|\n|t:|1698009682\n|switch|p2a: Arcanine|Arcanine, M|85\/100\n|-ability|p2a: Arcanine|Intimidate|boost\n|-unboost|p1a: Hephaestus|atk|1\n|move|p1a: Hephaestus|Kowtow Cleave|p2a: Arcanine\n|-damage|p2a: Arcanine|53\/100\n|\n|upkeep\n|turn|15\n|\n|t:|1698009713\n|-end|p1a: Hephaestus|fallen1|[silent]\n|switch|p1a: Dave|Pincurchin, M|65\/100\n|-fieldstart|move: Electric Terrain|[from] ability: Electric Surge|[of] p1a: Dave\n|move|p2a: Arcanine|Will-O-Wisp|p1a: Dave|[miss]\n|-miss|p2a: Arcanine|p1a: Dave\n|\n|upkeep\n|turn|16\n|\n|t:|1698009760\n|switch|p2a: Munkidori|Munkidori, M|100\/100\n|-activate|p2a: Munkidori|move: Sticky Web\n|-unboost|p2a: Munkidori|spe|1\n|-damage|p2a: Munkidori|88\/100|[from] Spikes\n|-damage|p2a: Munkidori|76\/100|[from] Stealth Rock\n|move|p1a: Dave|Memento|p2a: Munkidori\n|-unboost|p2a: Munkidori|atk|2\n|-unboost|p2a: Munkidori|spa|2\n|faint|p1a: Dave\n|\n|upkeep\n|\n|t:|1698009803\n|switch|p1a: Hephaestus|Kingambit, F|100\/100\n|-activate|p1a: Hephaestus|ability: Supreme Overlord\n|-start|p1a: Hephaestus|fallen2|[silent]\n|turn|17\n|\n|t:|1698009812\n|move|p2a: Munkidori|Parting Shot|p1a: Hephaestus\n|-unboost|p1a: Hephaestus|atk|1\n|-unboost|p1a: Hephaestus|spa|1\n|\n|t:|1698009833\n|switch|p2a: Arcanine|Arcanine, M|53\/100|[from] Parting Shot\n|-ability|p2a: Arcanine|Intimidate|boost\n|-unboost|p1a: Hephaestus|atk|1\n|move|p1a: Hephaestus|Swords Dance|p1a: Hephaestus\n|-boost|p1a: Hephaestus|atk|2\n|\n|upkeep\n|turn|18\n|\n|t:|1698009850\n|-end|p1a: Hephaestus|fallen2|[silent]\n|switch|p1a: Apollo|Iron Moth|100\/100\n|-activate|p1a: Apollo|ability: Quark Drive\n|-start|p1a: Apollo|quarkdrivespa\n|move|p2a: Arcanine|Close Combat|p1a: Apollo\n|-resisted|p1a: Apollo\n|-damage|p1a: Apollo|68\/100\n|-unboost|p2a: Arcanine|def|1\n|-unboost|p2a: Arcanine|spd|1\n|\n|upkeep\n|turn|19\n|\n|t:|1698009893\n|move|p1a: Apollo|Substitute|p1a: Apollo\n|-start|p1a: Apollo|Substitute\n|-damage|p1a: Apollo|43\/100\n|move|p2a: Arcanine|Flare Blitz|p1a: Apollo\n|-resisted|p1a: Apollo\n|-end|p1a: Apollo|Substitute\n|-damage|p2a: Arcanine|46\/100|[from] Recoil|[of] p1a: Apollo\n|\n|upkeep\n|turn|20\n|\n|t:|1698009915\n|move|p2a: Arcanine|Extreme Speed|p1a: Apollo\n|-damage|p1a: Apollo|0 fnt\n|faint|p1a: Apollo\n|-end|p1a: Apollo|Quark Drive|[silent]\n|\n|upkeep\n|\n|t:|1698009940\n|switch|p1a: Hermes|Ogerpon-Cornerstone, F|100\/100\n|turn|21\n|\n|t:|1698010020\n|move|p1a: Hermes|Ivy Cudgel|p2a: Arcanine\n|-supereffective|p2a: Arcanine\n|-damage|p2a: Arcanine|0 fnt\n|faint|p2a: Arcanine\n|\n|upkeep\n|\n|t:|1698010097\n|switch|p2a: Enamorus|Enamorus, F|100\/100\n|-damage|p2a: Enamorus|76\/100|[from] Stealth Rock\n|turn|22\n|\n|t:|1698010120\n|move|p1a: Hermes|Trailblaze|p2a: Enamorus\n|-resisted|p2a: Enamorus\n|-damage|p2a: Enamorus|51\/100\n|-boost|p1a: Hermes|spe|1\n|move|p2a: Enamorus|Moonblast|p1a: Hermes\n|-damage|p1a: Hermes|13\/100\n|\n|-fieldend|move: Electric Terrain\n|upkeep\n|turn|23\n|\n|t:|1698010143\n|move|p1a: Hermes|Ivy Cudgel|p2a: Enamorus\n|-supereffective|p2a: Enamorus\n|-damage|p2a: Enamorus|0 fnt\n|faint|p2a: Enamorus\n|\n|upkeep\n|\n|t:|1698010154\n|switch|p2a: Munkidori|Munkidori, M|76\/100\n|-activate|p2a: Munkidori|move: Sticky Web\n|-unboost|p2a: Munkidori|spe|1\n|-damage|p2a: Munkidori|64\/100|[from] Spikes\n|-damage|p2a: Munkidori|51\/100|[from] Stealth Rock\n|turn|24\n|\n|t:|1698010159\n|move|p1a: Hermes|Ivy Cudgel|p2a: Munkidori\n|-damage|p2a: Munkidori|0 fnt\n|faint|p2a: Munkidori\n|\n|upkeep\n|\n|t:|1698010161\n|switch|p2a: Manaphy|Manaphy|100\/100\n|-activate|p2a: Manaphy|move: Sticky Web\n|-unboost|p2a: Manaphy|spe|1\n|-damage|p2a: Manaphy|88\/100|[from] Spikes\n|-damage|p2a: Manaphy|76\/100|[from] Stealth Rock\n|turn|25\n|\n|t:|1698010166\n|move|p1a: Hermes|Horn Leech|p2a: Manaphy\n|-supereffective|p2a: Manaphy\n|-damage|p2a: Manaphy|0 fnt\n|-heal|p1a: Hermes|55\/100|[from] drain|[of] p2a: Manaphy\n|faint|p2a: Manaphy\n|\n|upkeep\n|\n|t:|1698010168\n|switch|p2a: Dragapult|Dragapult, M|76\/100\n|turn|26\n|\n|t:|1698010172\n|move|p1a: Hermes|Ivy Cudgel|p2a: Dragapult\n|-damage|p2a: Dragapult|0 fnt\n|faint|p2a: Dragapult\n|\n|win|Scottowo\n|c|\u2606mastershednija69|ggs\n|c|\u2606Scottowo|gg\n","uploadtime":1698010181,"views":22,"p1id":"scottowo","p2id":"mastershednija69","formatid":"gen9ubers","rating":0,"private":0,"password":""}