{"id":"gen9ubers-1994192901","p1":"Arkueid","p2":"GhostMasterMorty","format":"[Gen 9] Ubers","log":"|j|\u2606Arkueid\n|j|\u2606GhostMasterMorty\n|t:|1700417383\n|gametype|singles\n|player|p1|Arkueid|rocketgruntf|1071\n|player|p2|GhostMasterMorty|morty|1040\n|teamsize|p1|6\n|teamsize|p2|6\n|gen|9\n|tier|[Gen 9] Ubers\n|rated|\n|rule|Sleep Clause Mod: Limit one foe put to sleep\n|rule|Species Clause: Limit one of each Pok\u00e9mon\n|rule|OHKO Clause: OHKO moves are banned\n|rule|Evasion Items Clause: Evasion items are banned\n|rule|Evasion Moves Clause: Evasion moves are banned\n|rule|Endless Battle Clause: Forcing endless battles is banned\n|rule|HP Percentage Mod: HP is shown in percentages\n|clearpoke\n|poke|p1|Goodra-Hisui, F|\n|poke|p1|Diancie|\n|poke|p1|Gogoat, M|\n|poke|p1|Palkia-Origin|\n|poke|p1|Zoroark, F|\n|poke|p1|Infernape, M|\n|poke|p2|Ursaluna-Bloodmoon, M|\n|poke|p2|Masquerain, F|\n|poke|p2|Annihilape, F|\n|poke|p2|Pawmot, M|\n|poke|p2|Arceus-Steel|\n|poke|p2|Gliscor, F|\n|teampreview\n|c|\u2606GhostMasterMorty|GLHF\n|\n|t:|1700417411\n|start\n|switch|p1a: Palkia|Palkia-Origin|100\/100\n|switch|p2a: Masquerain|Masquerain, F|100\/100\n|-ability|p1a: Palkia|Pressure\n|-ability|p2a: Masquerain|Intimidate|boost\n|-unboost|p1a: Palkia|atk|1\n|turn|1\n|c|\u2606Arkueid|tnx uwu\n|inactive|Battle timer is ON: inactive players will automatically lose when time's up. (requested by GhostMasterMorty)\n|\n|t:|1700417434\n|move|p1a: Palkia|Ice Beam|p2a: Masquerain\n|-supereffective|p2a: Masquerain\n|-damage|p2a: Masquerain|14\/100\n|move|p2a: Masquerain|Sticky Web|p1a: Palkia\n|-sidestart|p1: Arkueid|move: Sticky Web\n|\n|upkeep\n|turn|2\n|\n|t:|1700417458\n|switch|p2a: Annihilape|Annihilape, F|100\/100\n|move|p1a: Palkia|Ice Beam|p2a: Annihilape\n|-damage|p2a: Annihilape|80\/100\n|\n|-heal|p2a: Annihilape|87\/100|[from] item: Leftovers\n|upkeep\n|turn|3\n|\n|t:|1700417479\n|switch|p1a: Gogoat|Gogoat, M|100\/100\n|-activate|p1a: Gogoat|move: Sticky Web\n|-unboost|p1a: Gogoat|spe|1\n|move|p2a: Annihilape|Bulk Up|p2a: Annihilape\n|-boost|p2a: Annihilape|atk|1\n|-boost|p2a: Annihilape|def|1\n|\n|-heal|p2a: Annihilape|93\/100|[from] item: Leftovers\n|upkeep\n|turn|4\n|\n|t:|1700417493\n|move|p2a: Annihilape|Bulk Up|p2a: Annihilape\n|-boost|p2a: Annihilape|atk|1\n|-boost|p2a: Annihilape|def|1\n|move|p1a: Gogoat|Bulk Up|p1a: Gogoat\n|-boost|p1a: Gogoat|atk|1\n|-boost|p1a: Gogoat|def|1\n|\n|-heal|p2a: Annihilape|99\/100|[from] item: Leftovers\n|upkeep\n|turn|5\n|\n|t:|1700417506\n|move|p2a: Annihilape|Drain Punch|p1a: Gogoat\n|-damage|p1a: Gogoat|56\/100\n|-heal|p2a: Annihilape|100\/100|[from] drain|[of] p1a: Gogoat\n|move|p1a: Gogoat|Grassy Terrain|p1a: Gogoat\n|-fieldstart|move: Grassy Terrain\n|\n|-heal|p1a: Gogoat|62\/100|[from] Grassy Terrain\n|-heal|p1a: Gogoat|69\/100|[from] item: Leftovers\n|upkeep\n|turn|6\n|\n|t:|1700417519\n|move|p2a: Annihilape|Bulk Up|p2a: Annihilape\n|-boost|p2a: Annihilape|atk|1\n|-boost|p2a: Annihilape|def|1\n|move|p1a: Gogoat|Synthesis|p1a: Gogoat\n|-heal|p1a: Gogoat|100\/100\n|\n|upkeep\n|turn|7\n|\n|t:|1700417526\n|move|p2a: Annihilape|Drain Punch|p1a: Gogoat\n|-damage|p1a: Gogoat|62\/100\n|move|p1a: Gogoat|Bulk Up|p1a: Gogoat\n|-boost|p1a: Gogoat|atk|1\n|-boost|p1a: Gogoat|def|1\n|\n|-heal|p1a: Gogoat|68\/100|[from] Grassy Terrain\n|-heal|p1a: Gogoat|74\/100|[from] item: Leftovers\n|upkeep\n|turn|8\n|\n|t:|1700417536\n|move|p2a: Annihilape|Bulk Up|p2a: Annihilape\n|-boost|p2a: Annihilape|atk|1\n|-boost|p2a: Annihilape|def|1\n|move|p1a: Gogoat|Bulk Up|p1a: Gogoat\n|-boost|p1a: Gogoat|atk|1\n|-boost|p1a: Gogoat|def|1\n|\n|-heal|p1a: Gogoat|80\/100|[from] Grassy Terrain\n|-heal|p1a: Gogoat|87\/100|[from] item: Leftovers\n|upkeep\n|turn|9\n|\n|t:|1700417555\n|move|p2a: Annihilape|Bulk Up|p2a: Annihilape\n|-boost|p2a: Annihilape|atk|1\n|-boost|p2a: Annihilape|def|1\n|move|p1a: Gogoat|Bulk Up|p1a: Gogoat\n|-boost|p1a: Gogoat|atk|1\n|-boost|p1a: Gogoat|def|1\n|\n|-heal|p1a: Gogoat|93\/100|[from] Grassy Terrain\n|-heal|p1a: Gogoat|99\/100|[from] item: Leftovers\n|-fieldend|move: Grassy Terrain\n|upkeep\n|turn|10\n|\n|t:|1700417568\n|move|p2a: Annihilape|Bulk Up|p2a: Annihilape\n|-boost|p2a: Annihilape|atk|1\n|-boost|p2a: Annihilape|def|1\n|move|p1a: Gogoat|Leaf Blade|p2a: Annihilape\n|-damage|p2a: Annihilape|78\/100\n|\n|-heal|p2a: Annihilape|84\/100|[from] item: Leftovers\n|-heal|p1a: Gogoat|100\/100|[from] item: Leftovers\n|upkeep\n|turn|11\n|\n|t:|1700417579\n|move|p2a: Annihilape|Drain Punch|p1a: Gogoat\n|-damage|p1a: Gogoat|54\/100\n|-heal|p2a: Annihilape|100\/100|[from] drain|[of] p1a: Gogoat\n|move|p1a: Gogoat|Grassy Terrain|p1a: Gogoat\n|-fieldstart|move: Grassy Terrain\n|\n|-heal|p1a: Gogoat|60\/100|[from] Grassy Terrain\n|-heal|p1a: Gogoat|66\/100|[from] item: Leftovers\n|upkeep\n|turn|12\n|\n|t:|1700417590\n|move|p2a: Annihilape|Rage Fist|p1a: Gogoat\n|-damage|p1a: Gogoat|5\/100\n|move|p1a: Gogoat|Bulk Up|p1a: Gogoat\n|-boost|p1a: Gogoat|atk|1\n|-boost|p1a: Gogoat|def|1\n|\n|-heal|p1a: Gogoat|11\/100|[from] Grassy Terrain\n|-heal|p1a: Gogoat|17\/100|[from] item: Leftovers\n|upkeep\n|turn|13\n|\n|t:|1700417609\n|move|p2a: Annihilape|Drain Punch|p1a: Gogoat\n|-damage|p1a: Gogoat|0 fnt\n|faint|p1a: Gogoat\n|\n|upkeep\n|\n|t:|1700417617\n|switch|p1a: Goodra|Goodra-Hisui, F|100\/100\n|-activate|p1a: Goodra|move: Sticky Web\n|-unboost|p1a: Goodra|spe|1\n|turn|14\n|\n|t:|1700417626\n|move|p2a: Annihilape|Drain Punch|p1a: Goodra\n|-supereffective|p1a: Goodra\n|-damage|p1a: Goodra|0 fnt\n|faint|p1a: Goodra\n|\n|upkeep\n|c|\u2606GhostMasterMorty|Love Sticky Webs\n|\n|t:|1700417637\n|switch|p1a: Infernape|Infernape, M|100\/100\n|-activate|p1a: Infernape|move: Sticky Web\n|-unboost|p1a: Infernape|spe|1\n|turn|15\n|\n|t:|1700417657\n|move|p1a: Infernape|Flame Charge|p2a: Annihilape\n|-damage|p2a: Annihilape|94\/100\n|-boost|p1a: Infernape|spe|1\n|move|p2a: Annihilape|Rage Fist|p1a: Infernape\n|-enditem|p1a: Infernape|Focus Sash\n|-damage|p1a: Infernape|1\/100\n|\n|-heal|p1a: Infernape|7\/100|[from] Grassy Terrain\n|-heal|p2a: Annihilape|99\/100|[from] Grassy Terrain\n|-heal|p2a: Annihilape|100\/100|[from] item: Leftovers\n|-fieldend|move: Grassy Terrain\n|upkeep\n|turn|16\n|inactive|Arkueid has 120 seconds left.\n|\n|t:|1700417678\n|move|p1a: Infernape|Flame Charge|p2a: Annihilape\n|-damage|p2a: Annihilape|92\/100\n|-boost|p1a: Infernape|spe|1\n|move|p2a: Annihilape|Drain Punch|p1a: Infernape\n|-damage|p1a: Infernape|0 fnt\n|-heal|p2a: Annihilape|94\/100|[from] drain|[of] p1a: Infernape\n|faint|p1a: Infernape\n|\n|-heal|p2a: Annihilape|99\/100|[from] item: Leftovers\n|upkeep\n|inactive|Arkueid has 120 seconds left.\n|\n|t:|1700417691\n|switch|p1a: Diancie|Diancie|100\/100\n|-activate|p1a: Diancie|move: Sticky Web\n|-unboost|p1a: Diancie|spe|1\n|turn|17\n|inactive|Arkueid has 120 seconds left.\n|\n|t:|1700417701\n|move|p1a: Diancie|Night Daze|p2a: Annihilape\n|-damage|p2a: Annihilape|71\/100\n|-unboost|p2a: Annihilape|accuracy|1\n|-boost|p2a: Annihilape|atk|0\n|move|p2a: Annihilape|Rage Fist|p1a: Diancie\n|-resisted|p1a: Diancie\n|-damage|p1a: Diancie|0 fnt\n|replace|p1a: Zoroark|Zoroark, F\n|-end|p1a: Zoroark|Illusion\n|faint|p1a: Zoroark\n|\n|-heal|p2a: Annihilape|77\/100|[from] item: Leftovers\n|upkeep\n|\n|t:|1700417722\n|switch|p1a: Diancie|Diancie|100\/100\n|-activate|p1a: Diancie|move: Sticky Web\n|-fail|p1a: Diancie|unboost|[from] ability: Clear Body|[of] p1a: Diancie\n|turn|18\n|\n|t:|1700417740\n|-terastallize|p1a: Diancie|Fairy\n|move|p2a: Annihilape|Rage Fist|p1a: Diancie|[miss]\n|-miss|p2a: Annihilape|p1a: Diancie\n|move|p1a: Diancie|Draining Kiss|p2a: Annihilape\n|-supereffective|p2a: Annihilape\n|-damage|p2a: Annihilape|17\/100\n|-damage|p1a: Diancie|91\/100|[from] item: Life Orb\n|\n|-heal|p2a: Annihilape|23\/100|[from] item: Leftovers\n|upkeep\n|turn|19\n|\n|t:|1700417756\n|move|p2a: Annihilape|Rage Fist|p1a: Diancie\n|-damage|p1a: Diancie|0 fnt\n|faint|p1a: Diancie\n|\n|-heal|p2a: Annihilape|29\/100|[from] item: Leftovers\n|upkeep\n|\n|t:|1700417762\n|switch|p1a: Palkia|Palkia-Origin|100\/100\n|-activate|p1a: Palkia|move: Sticky Web\n|-unboost|p1a: Palkia|spe|1\n|-ability|p1a: Palkia|Pressure\n|turn|20\n|c|\u2606GhostMasterMorty|Lol you thought\n|\n|t:|1700417769\n|move|p1a: Palkia|Ice Beam|p2a: Annihilape\n|-damage|p2a: Annihilape|7\/100\n|move|p2a: Annihilape|Drain Punch|p1a: Palkia\n|-damage|p1a: Palkia|0 fnt\n|-heal|p2a: Annihilape|45\/100|[from] drain|[of] p1a: Palkia\n|faint|p1a: Palkia\n|\n|win|GhostMasterMorty\n|raw|Arkueid's rating: 1071 &rarr; <strong>1049<\/strong><br \/>(-22 for losing)\n|raw|GhostMasterMorty's rating: 1040 &rarr; <strong>1077<\/strong><br \/>(+37 for winning)\n|c|\u2606Arkueid|gg uwu\n|c|\u2606GhostMasterMorty|GGWP\n|l|\u2606Arkueid\n|c|\u2606GhostMasterMorty|Discord?\n","uploadtime":1700417790,"views":10,"p1id":"arkueid","p2id":"ghostmastermorty","formatid":"gen9ubers","rating":1049,"private":0,"password":""}