{"id":"gen9ubers-1968359305","p1":"Worstchoices","p2":"TheBallsmaSpace","format":"[Gen 9] Ubers","log":"|j|\u2606Worstchoices\n|j|\u2606TheBallsmaSpace\n|t:|1697409894\n|gametype|singles\n|player|p1|Worstchoices|pokefan|1149\n|player|p2|TheBallsmaSpace|169|1347\n|teamsize|p1|6\n|teamsize|p2|6\n|gen|9\n|tier|[Gen 9] Ubers\n|rated|\n|rule|Sleep Clause Mod: Limit one foe put to sleep\n|rule|Species Clause: Limit one of each Pok\u00e9mon\n|rule|OHKO Clause: OHKO moves are banned\n|rule|Evasion Items Clause: Evasion items are banned\n|rule|Evasion Moves Clause: Evasion moves are banned\n|rule|Endless Battle Clause: Forcing endless battles is banned\n|rule|HP Percentage Mod: HP is shown in percentages\n|clearpoke\n|poke|p1|Calyrex-Ice|\n|poke|p1|Ursaluna, F|\n|poke|p1|Slowking-Galar, M|\n|poke|p1|Magearna|\n|poke|p1|Regieleki|\n|poke|p1|Ditto|\n|poke|p2|Basculin-White-Striped, F|\n|poke|p2|Arceus-Poison|\n|poke|p2|Zacian-*|\n|poke|p2|Koraidon|\n|poke|p2|Dondozo, M|\n|poke|p2|Miraidon|\n|teampreview\n|\n|t:|1697409940\n|start\n|switch|p1a: SparkyBoomMan|Regieleki|100\/100\n|switch|p2a: Arceus|Arceus-Poison|100\/100\n|turn|1\n|\n|t:|1697409949\n|move|p1a: SparkyBoomMan|Volt Switch|p2a: Arceus\n|-damage|p2a: Arceus|65\/100\n|\n|t:|1697409952\n|switch|p1a: Magearna|Magearna|100\/100|[from] Volt Switch\n|move|p2a: Arceus|Poison Jab|p1a: Magearna\n|-immune|p1a: Magearna\n|\n|upkeep\n|turn|2\n|\n|t:|1697409959\n|move|p2a: Arceus|Liquidation|p1a: Magearna\n|-damage|p1a: Magearna|77\/100\n|move|p1a: Magearna|Trick Room|p1a: Magearna\n|-fieldstart|move: Trick Room|[of] p1a: Magearna\n|\n|upkeep\n|turn|3\n|\n|t:|1697409973\n|switch|p2a: Dondozo|Dondozo, M|100\/100\n|move|p1a: Magearna|Fleur Cannon|p2a: Dondozo\n|-damage|p2a: Dondozo|56\/100\n|-unboost|p1a: Magearna|spa|2\n|-enditem|p1a: Magearna|Eject Pack\n|\n|t:|1697409979\n|switch|p1a: CocaineBear|Ursaluna, F|100\/100\n|\n|-heal|p2a: Dondozo|63\/100|[from] item: Leftovers\n|-status|p1a: CocaineBear|brn|[from] item: Flame Orb\n|upkeep\n|turn|4\n|\n|t:|1697410042\n|move|p2a: Dondozo|Curse|p2a: Dondozo\n|-unboost|p2a: Dondozo|spe|1\n|-boost|p2a: Dondozo|atk|1\n|-boost|p2a: Dondozo|def|1\n|move|p1a: CocaineBear|Facade|p2a: Dondozo\n|-damage|p2a: Dondozo|10\/100\n|\n|-heal|p2a: Dondozo|16\/100|[from] item: Leftovers\n|-damage|p1a: CocaineBear|94\/100 brn|[from] brn\n|upkeep\n|turn|5\n|\n|t:|1697410060\n|move|p2a: Dondozo|Waterfall|p1a: CocaineBear\n|-supereffective|p1a: CocaineBear\n|-damage|p1a: CocaineBear|36\/100 brn\n|cant|p1a: CocaineBear|flinch\n|\n|-heal|p2a: Dondozo|22\/100|[from] item: Leftovers\n|-damage|p1a: CocaineBear|30\/100 brn|[from] brn\n|upkeep\n|turn|6\n|\n|t:|1697410098\n|switch|p1a: Magearna|Magearna|77\/100\n|move|p2a: Dondozo|Waterfall|p1a: Magearna\n|-damage|p1a: Magearna|43\/100\n|\n|-heal|p2a: Dondozo|28\/100|[from] item: Leftovers\n|-fieldend|move: Trick Room\n|upkeep\n|turn|7\n|\n|t:|1697410113\n|switch|p2a: Zacian|Zacian-Crowned|100\/100\n|-ability|p2a: Zacian|Intrepid Sword|boost\n|-boost|p2a: Zacian|atk|1\n|move|p1a: Magearna|Trick Room|p1a: Magearna\n|-fieldstart|move: Trick Room|[of] p1a: Magearna\n|\n|upkeep\n|turn|8\n|\n|t:|1697410149\n|switch|p1a: YouButFaster|Ditto, shiny|100\/100\n|-transform|p1a: YouButFaster|p2a: Zacian|[from] ability: Imposter\n|-ability|p1a: YouButFaster|Intrepid Sword|boost\n|-boost|p1a: YouButFaster|atk|1\n|move|p2a: Zacian|Behemoth Blade|p1a: YouButFaster\n|-damage|p1a: YouButFaster|0 fnt\n|faint|p1a: YouButFaster\n|\n|upkeep\n|\n|t:|1697410163\n|switch|p1a: CocaineBear|Ursaluna, F|30\/100 brn\n|turn|9\n|l|\u2606Worstchoices\n|player|p1|\n|\n|t:|1697410227\n|move|p1a: CocaineBear|Headlong Rush|p2a: Zacian\n|-supereffective|p2a: Zacian\n|-damage|p2a: Zacian|0 fnt\n|-unboost|p1a: CocaineBear|def|1\n|-unboost|p1a: CocaineBear|spd|1\n|faint|p2a: Zacian\n|\n|-damage|p1a: CocaineBear|24\/100 brn|[from] brn\n|upkeep\n|\n|t:|1697410230\n|switch|p2a: Basculin|Basculin-White-Striped, F|100\/100\n|turn|10\n|inactive|Battle timer is ON: inactive players will automatically lose when time's up. (requested by TheBallsmaSpace)\n|inactive|Worstchoices has 30 seconds to reconnect!\n|inactive|Worstchoices has 20 seconds to reconnect!\n|inactive|Worstchoices has 15 seconds to reconnect!\n|inactive|Worstchoices has 10 seconds to reconnect!\n|inactive|Worstchoices has 5 seconds to reconnect!\n|-message|Worstchoices lost due to inactivity.\n|\n|win|TheBallsmaSpace\n|raw|Worstchoices's rating: 1149 &rarr; <strong>1137<\/strong><br \/>(-12 for losing)\n|raw|TheBallsmaSpace's rating: 1347 &rarr; <strong>1357<\/strong><br \/>(+10 for winning)\n","uploadtime":1697410378,"views":35,"p1id":"worstchoices","p2id":"theballsmaspace","formatid":"gen9ubers","rating":1137,"private":0,"password":""}