{"id":"gen9ubers-1977715947","p1":"Oomaester1234","p2":"Windflowerplains","format":"[Gen 9] Ubers","log":"|j|\u2606Oomaester1234\n|j|\u2606Windflowerplains\n|t:|1698441561\n|gametype|singles\n|player|p1|Oomaester1234|teamrocket|\n|player|p2|Windflowerplains|caitlin-masters|\n|teamsize|p1|6\n|teamsize|p2|6\n|gen|9\n|tier|[Gen 9] Ubers\n|rule|Sleep Clause Mod: Limit one foe put to sleep\n|rule|Species Clause: Limit one of each Pok\u00e9mon\n|rule|OHKO Clause: OHKO moves are banned\n|rule|Evasion Items Clause: Evasion items are banned\n|rule|Evasion Moves Clause: Evasion moves are banned\n|rule|Endless Battle Clause: Forcing endless battles is banned\n|rule|HP Percentage Mod: HP is shown in percentages\n|clearpoke\n|poke|p1|Landorus, M|\n|poke|p1|Kommo-o, F|\n|poke|p1|Orthworm, F|\n|poke|p1|Weezing-Galar, F|\n|poke|p1|Palafin, F|\n|poke|p1|Shaymin-Sky|\n|poke|p2|Gliscor, F|\n|poke|p2|Giratina|\n|poke|p2|Arceus-Poison|\n|poke|p2|Tyranitar, F|\n|poke|p2|Zacian-*|\n|poke|p2|Palkia-Origin|\n|teampreview\n|\n|t:|1698441575\n|start\n|switch|p1a: Weezing|Weezing-Galar, F|100\/100\n|switch|p2a: Palkia|Palkia-Origin|100\/100\n|-ability|p2a: Palkia|Pressure\n|turn|1\n|\n|t:|1698441586\n|-terastallize|p2a: Palkia|Water\n|move|p2a: Palkia|Surf|p1a: Weezing\n|-damage|p1a: Weezing|15\/100\n|move|p1a: Weezing|Strange Steam|p2a: Palkia\n|-damage|p2a: Palkia|78\/100\n|\n|upkeep\n|turn|2\n|\n|t:|1698441598\n|switch|p1a: Palafin|Palafin, F|100\/100\n|move|p2a: Palkia|Surf|p1a: Palafin\n|-resisted|p1a: Palafin\n|-damage|p1a: Palafin|39\/100\n|\n|upkeep\n|turn|3\n|\n|t:|1698441606\n|detailschange|p1a: Palafin|Palafin-Hero, F\n|switch|p1a: Weezing|Weezing-Galar, F|15\/100\n|move|p2a: Palkia|Surf|p1a: Weezing\n|-damage|p1a: Weezing|0 fnt\n|faint|p1a: Weezing\n|\n|upkeep\n|\n|t:|1698441617\n|switch|p1a: Shaymin|Shaymin-Sky|100\/100\n|turn|4\n|\n|t:|1698441627\n|switch|p2a: Arceus|Arceus-Poison|100\/100\n|move|p1a: Shaymin|Leech Seed|p2a: Arceus\n|-start|p2a: Arceus|move: Leech Seed\n|\n|-damage|p2a: Arceus|88\/100|[from] Leech Seed|[of] p1a: Shaymin\n|upkeep\n|turn|5\n|\n|t:|1698441637\n|move|p1a: Shaymin|Protect|p1a: Shaymin\n|-singleturn|p1a: Shaymin|Protect\n|move|p2a: Arceus|Roar|p1a: Shaymin\n|drag|p1a: Palafin|Palafin-Hero, F|39\/100\n|-activate|p1a: Palafin|ability: Zero to Hero\n|\n|-damage|p2a: Arceus|76\/100|[from] Leech Seed|[of] p1a: Palafin\n|-heal|p1a: Palafin|55\/100|[silent]\n|upkeep\n|turn|6\n|\n|t:|1698441650\n|move|p2a: Arceus|Foul Play|p1a: Palafin\n|-damage|p1a: Palafin|18\/100\n|move|p1a: Palafin|Flip Turn|p2a: Arceus\n|-damage|p2a: Arceus|49\/100\n|\n|t:|1698441656\n|switch|p1a: Orthworm|Orthworm, F|100\/100|[from] Flip Turn\n|\n|-damage|p2a: Arceus|37\/100|[from] Leech Seed|[of] p1a: Orthworm\n|upkeep\n|turn|7\n|\n|t:|1698441662\n|move|p1a: Orthworm|Stealth Rock|p2a: Arceus\n|-sidestart|p2: Windflowerplains|move: Stealth Rock\n|move|p2a: Arceus|Roar|p1a: Orthworm\n|drag|p1a: Landorus|Landorus, M|100\/100\n|\n|-damage|p2a: Arceus|24\/100|[from] Leech Seed|[of] p1a: Landorus\n|upkeep\n|turn|8\n|\n|t:|1698441676\n|switch|p2a: Giratina|Giratina, shiny|100\/100\n|-ability|p2a: Giratina|Pressure\n|move|p1a: Landorus|Nasty Plot|p1a: Landorus\n|-boost|p1a: Landorus|spa|2\n|\n|upkeep\n|turn|9\n|\n|t:|1698441685\n|move|p1a: Landorus|Earth Power|p2a: Giratina\n|-damage|p2a: Giratina|21\/100\n|move|p2a: Giratina|Poltergeist|p1a: Landorus\n|-activate|p1a: Landorus|move: Poltergeist|Life Orb\n|-damage|p1a: Landorus|34\/100\n|\n|upkeep\n|turn|10\n|\n|t:|1698441701\n|move|p1a: Landorus|Sludge Bomb|p2a: Giratina\n|-resisted|p2a: Giratina\n|-damage|p2a: Giratina|0 fnt\n|faint|p2a: Giratina\n|\n|upkeep\n|\n|t:|1698441705\n|switch|p2a: Palkia|Palkia-Origin, tera:Water|78\/100\n|-damage|p2a: Palkia|65\/100|[from] Stealth Rock\n|-ability|p2a: Palkia|Pressure\n|turn|11\n|\n|t:|1698441715\n|switch|p1a: Shaymin|Shaymin-Sky|100\/100\n|move|p2a: Palkia|Surf|p1a: Shaymin\n|-resisted|p1a: Shaymin\n|-damage|p1a: Shaymin|49\/100\n|\n|-heal|p1a: Shaymin|55\/100|[from] item: Leftovers\n|upkeep\n|turn|12\n|\n|t:|1698441728\n|switch|p2a: Tyranitar|Tyranitar, F|100\/100\n|-damage|p2a: Tyranitar|88\/100|[from] Stealth Rock\n|-weather|Sandstorm|[from] ability: Sand Stream|[of] p2a: Tyranitar\n|move|p1a: Shaymin|Protect||[still]\n|-fail|p1a: Shaymin\n|\n|-weather|Sandstorm|[upkeep]\n|-damage|p1a: Shaymin|49\/100|[from] Sandstorm\n|-heal|p1a: Shaymin|55\/100|[from] item: Leftovers\n|-heal|p2a: Tyranitar|94\/100|[from] item: Leftovers\n|upkeep\n|turn|13\n|\n|t:|1698441744\n|move|p1a: Shaymin|Protect|p1a: Shaymin\n|-singleturn|p1a: Shaymin|Protect\n|move|p2a: Tyranitar|Crunch|p1a: Shaymin\n|-activate|p1a: Shaymin|move: Protect\n|\n|-weather|Sandstorm|[upkeep]\n|-damage|p1a: Shaymin|49\/100|[from] Sandstorm\n|-heal|p1a: Shaymin|55\/100|[from] item: Leftovers\n|-heal|p2a: Tyranitar|100\/100|[from] item: Leftovers\n|upkeep\n|turn|14\n|\n|t:|1698441754\n|switch|p1a: Orthworm|Orthworm, F|100\/100\n|move|p2a: Tyranitar|Crunch|p1a: Orthworm\n|-damage|p1a: Orthworm|81\/100\n|\n|-weather|Sandstorm|[upkeep]\n|upkeep\n|turn|15\n|\n|t:|1698441761\n|move|p1a: Orthworm|Body Press|p2a: Tyranitar\n|-supereffective|p2a: Tyranitar\n|-damage|p2a: Tyranitar|0 fnt\n|faint|p2a: Tyranitar\n|\n|-weather|Sandstorm|[upkeep]\n|upkeep\n|\n|t:|1698441768\n|switch|p2a: Palkia|Palkia-Origin, tera:Water|65\/100\n|-damage|p2a: Palkia|53\/100|[from] Stealth Rock\n|-ability|p2a: Palkia|Pressure\n|turn|16\n|\n|t:|1698441782\n|move|p2a: Palkia|Surf|p1a: Orthworm\n|-damage|p1a: Orthworm|0 fnt\n|faint|p1a: Orthworm\n|\n|-weather|none\n|upkeep\n|\n|t:|1698441791\n|switch|p1a: Shaymin|Shaymin-Sky|55\/100\n|turn|17\n|\n|t:|1698441799\n|switch|p2a: Arceus|Arceus-Poison|24\/100\n|-damage|p2a: Arceus|12\/100|[from] Stealth Rock\n|move|p1a: Shaymin|Seed Flare|p2a: Arceus\n|-resisted|p2a: Arceus\n|-damage|p2a: Arceus|0 fnt\n|faint|p2a: Arceus\n|\n|-heal|p1a: Shaymin|61\/100|[from] item: Leftovers\n|upkeep\n|\n|t:|1698441809\n|switch|p2a: Zacian|Zacian|100\/100\n|-damage|p2a: Zacian|88\/100|[from] Stealth Rock\n|-ability|p2a: Zacian|Intrepid Sword|boost\n|-boost|p2a: Zacian|atk|1\n|turn|18\n|\n|t:|1698441816\n|switch|p1a: Landorus|Landorus, M|34\/100\n|move|p2a: Zacian|Play Rough|p1a: Landorus\n|-damage|p1a: Landorus|0 fnt\n|faint|p1a: Landorus\n|\n|upkeep\n|\n|t:|1698441818\n|switch|p1a: Kommo-o|Kommo-o, F|100\/100\n|turn|19\n|\n|t:|1698441826\n|-terastallize|p1a: Kommo-o|Fire\n|move|p2a: Zacian|Play Rough|p1a: Kommo-o\n|-resisted|p1a: Kommo-o\n|-damage|p1a: Kommo-o|51\/100\n|move|p1a: Kommo-o|Clangorous Soul|p1a: Kommo-o\n|-boost|p1a: Kommo-o|atk|1\n|-boost|p1a: Kommo-o|def|1\n|-boost|p1a: Kommo-o|spa|1\n|-boost|p1a: Kommo-o|spd|1\n|-boost|p1a: Kommo-o|spe|1\n|-damage|p1a: Kommo-o|18\/100\n|-enditem|p1a: Kommo-o|Throat Spray\n|-boost|p1a: Kommo-o|spa|1|[from] item: Throat Spray\n|\n|upkeep\n|turn|20\n|\n|t:|1698441839\n|move|p1a: Kommo-o|Flamethrower|p2a: Zacian\n|-damage|p2a: Zacian|14\/100\n|move|p2a: Zacian|Play Rough|p1a: Kommo-o\n|-resisted|p1a: Kommo-o\n|-damage|p1a: Kommo-o|0 fnt\n|faint|p1a: Kommo-o\n|\n|upkeep\n|\n|t:|1698441843\n|switch|p1a: Palafin|Palafin-Hero, F|18\/100\n|turn|21\n|\n|t:|1698441849\n|switch|p2a: Gliscor|Gliscor, F|100\/100\n|-damage|p2a: Gliscor|88\/100|[from] Stealth Rock\n|move|p1a: Palafin|Jet Punch|p2a: Gliscor\n|-supereffective|p2a: Gliscor\n|-damage|p2a: Gliscor|15\/100\n|\n|-status|p2a: Gliscor|tox|[from] item: Toxic Orb\n|upkeep\n|turn|22\n|\n|t:|1698441860\n|move|p1a: Palafin|Close Combat|p2a: Gliscor\n|-resisted|p2a: Gliscor\n|-damage|p2a: Gliscor|0 fnt\n|-unboost|p1a: Palafin|def|1\n|-unboost|p1a: Palafin|spd|1\n|faint|p2a: Gliscor\n|\n|upkeep\n|\n|t:|1698441866\n|switch|p2a: Palkia|Palkia-Origin, tera:Water|53\/100\n|-damage|p2a: Palkia|40\/100|[from] Stealth Rock\n|-ability|p2a: Palkia|Pressure\n|turn|23\n|\n|t:|1698441879\n|switch|p1a: Shaymin|Shaymin-Sky|61\/100\n|move|p2a: Palkia|Spacial Rend|p1a: Shaymin\n|-crit|p1a: Shaymin\n|-damage|p1a: Shaymin|0 fnt\n|faint|p1a: Shaymin\n|\n|upkeep\n|\n|t:|1698441881\n|switch|p1a: Palafin|Palafin-Hero, F|18\/100\n|turn|24\n|\n|t:|1698441886\n|move|p2a: Palkia|Surf|p1a: Palafin\n|-resisted|p1a: Palafin\n|-damage|p1a: Palafin|0 fnt\n|faint|p1a: Palafin\n|\n|win|Windflowerplains\n|c|\u2606Oomaester1234|ggs\n|l|\u2606Oomaester1234\n|c|\u2606Windflowerplains|ggs\n","uploadtime":1698441926,"views":13,"p1id":"oomaester1234","p2id":"windflowerplains","formatid":"gen9ubers","rating":0,"private":0,"password":""}