{"id":"gen9ubers-1979880651","p1":"Charbotron","p2":"flambojambo","format":"[Gen 9] Ubers","log":"|j|\u2606Charbotron\n|j|\u2606flambojambo\n|t:|1698723610\n|gametype|singles\n|player|p1|Charbotron|266|\n|player|p2|flambojambo|skyla|\n|teamsize|p1|6\n|teamsize|p2|6\n|gen|9\n|tier|[Gen 9] Ubers\n|rule|Sleep Clause Mod: Limit one foe put to sleep\n|rule|Species Clause: Limit one of each Pok\u00e9mon\n|rule|OHKO Clause: OHKO moves are banned\n|rule|Evasion Items Clause: Evasion items are banned\n|rule|Evasion Moves Clause: Evasion moves are banned\n|rule|Endless Battle Clause: Forcing endless battles is banned\n|rule|HP Percentage Mod: HP is shown in percentages\n|clearpoke\n|poke|p1|Iron Moth|\n|poke|p1|Sandy Shocks|\n|poke|p1|Torkoal, F|\n|poke|p1|Corviknight, M|\n|poke|p1|Walking Wake|\n|poke|p1|Great Tusk|\n|poke|p2|Enamorus, F|\n|poke|p2|Zamazenta-*|\n|poke|p2|Skeledirge, F|\n|poke|p2|Manaphy|\n|poke|p2|Mamoswine, M|\n|poke|p2|Hoopa-Unbound|\n|teampreview\n|\n|t:|1698723657\n|start\n|switch|p1a: Torkoal|Torkoal, F|100\/100\n|switch|p2a: Houdini-Unbound|Hoopa-Unbound|100\/100\n|-weather|SunnyDay|[from] ability: Drought|[of] p1a: Torkoal\n|turn|1\n|j| paniniii\n|\n|t:|1698723733\n|move|p2a: Houdini-Unbound|Hyperspace Fury|p1a: Torkoal\n|-damage|p1a: Torkoal|53\/100\n|-unboost|p2a: Houdini-Unbound|def|1\n|move|p1a: Torkoal|Stealth Rock|p2a: Houdini-Unbound\n|-sidestart|p2: flambojambo|move: Stealth Rock\n|\n|-weather|SunnyDay|[upkeep]\n|upkeep\n|turn|2\n|\n|t:|1698723779\n|switch|p1a: Corviknight|Corviknight, M|100\/100\n|move|p2a: Houdini-Unbound|Trick Room|p2a: Houdini-Unbound\n|-fieldstart|move: Trick Room|[of] p2a: Houdini-Unbound\n|\n|-weather|SunnyDay|[upkeep]\n|upkeep\n|turn|3\n|\n|t:|1698723800\n|move|p1a: Corviknight|Iron Defense|p1a: Corviknight\n|-boost|p1a: Corviknight|def|2\n|move|p2a: Houdini-Unbound|Hyperspace Fury|p1a: Corviknight\n|-damage|p1a: Corviknight|72\/100\n|-unboost|p2a: Houdini-Unbound|def|1\n|\n|-weather|SunnyDay|[upkeep]\n|-heal|p1a: Corviknight|78\/100|[from] item: Leftovers\n|upkeep\n|turn|4\n|\n|t:|1698723813\n|move|p1a: Corviknight|Body Press|p2a: Houdini-Unbound\n|-enditem|p2a: Houdini-Unbound|Focus Sash\n|-damage|p2a: Houdini-Unbound|1\/100\n|move|p2a: Houdini-Unbound|Hyperspace Fury|p1a: Corviknight\n|-damage|p1a: Corviknight|49\/100\n|-unboost|p2a: Houdini-Unbound|def|1\n|-item|p2a: Houdini-Unbound|Leftovers|[from] ability: Magician|[of] p1a: Corviknight\n|\n|-weather|SunnyDay|[upkeep]\n|-heal|p2a: Houdini-Unbound|7\/100|[from] item: Leftovers\n|upkeep\n|turn|5\n|l| paniniii\n|\n|t:|1698723826\n|move|p1a: Corviknight|Roost|p1a: Corviknight\n|-heal|p1a: Corviknight|99\/100\n|-singleturn|p1a: Corviknight|move: Roost\n|move|p2a: Houdini-Unbound|Destiny Bond|p2a: Houdini-Unbound\n|-singlemove|p2a: Houdini-Unbound|Destiny Bond\n|\n|-weather|SunnyDay|[upkeep]\n|-heal|p2a: Houdini-Unbound|13\/100|[from] item: Leftovers\n|upkeep\n|turn|6\n|\n|t:|1698723873\n|move|p1a: Corviknight|Body Press|p2a: Houdini-Unbound\n|-damage|p2a: Houdini-Unbound|0 fnt\n|faint|p2a: Houdini-Unbound\n|-activate|p2a: Houdini-Unbound|move: Destiny Bond\n|faint|p1a: Corviknight\n|\n|-weather|SunnyDay|[upkeep]\n|-fieldend|move: Trick Room\n|upkeep\n|j| RektCactus\n|\n|t:|1698723923\n|switch|p2a: Annamorus|Enamorus, F|100\/100\n|switch|p1a: Sandy Shocks|Sandy Shocks|100\/100\n|-damage|p2a: Annamorus|76\/100|[from] Stealth Rock\n|-activate|p1a: Sandy Shocks|ability: Protosynthesis\n|-start|p1a: Sandy Shocks|protosynthesisspa\n|turn|7\n|\n|t:|1698723963\n|move|p2a: Annamorus|Earth Power|p1a: Sandy Shocks\n|-supereffective|p1a: Sandy Shocks\n|-damage|p1a: Sandy Shocks|0 fnt\n|faint|p1a: Sandy Shocks\n|-end|p1a: Sandy Shocks|Protosynthesis|[silent]\n|\n|-weather|SunnyDay|[upkeep]\n|upkeep\n|\n|t:|1698723973\n|switch|p1a: Iron Moth|Iron Moth|100\/100\n|turn|8\n|\n|t:|1698723979\n|move|p1a: Iron Moth|Discharge|p2a: Annamorus\n|-supereffective|p2a: Annamorus\n|-damage|p2a: Annamorus|0 fnt\n|faint|p2a: Annamorus\n|\n|-weather|none\n|upkeep\n|\n|t:|1698723998\n|switch|p2a: Mannyswine|Mamoswine, M|100\/100\n|-damage|p2a: Mannyswine|88\/100|[from] Stealth Rock\n|turn|9\n|\n|t:|1698724028\n|-end|p1a: Iron Moth|Quark Drive|[silent]\n|switch|p1a: Walking Wake|Walking Wake|100\/100\n|move|p2a: Mannyswine|Earthquake|p1a: Walking Wake\n|-damage|p1a: Walking Wake|23\/100\n|-damage|p2a: Mannyswine|78\/100|[from] item: Life Orb\n|\n|upkeep\n|turn|10\n|\n|t:|1698724051\n|move|p2a: Mannyswine|Ice Shard|p1a: Walking Wake\n|-damage|p1a: Walking Wake|0 fnt\n|faint|p1a: Walking Wake\n|-end|p1a: Walking Wake|Protosynthesis|[silent]\n|-damage|p2a: Mannyswine|68\/100|[from] item: Life Orb\n|\n|upkeep\n|\n|t:|1698724059\n|switch|p1a: Torkoal|Torkoal, F|53\/100\n|-weather|SunnyDay|[from] ability: Drought|[of] p1a: Torkoal\n|turn|11\n|\n|t:|1698724101\n|move|p2a: Mannyswine|Earthquake|p1a: Torkoal\n|-supereffective|p1a: Torkoal\n|-damage|p1a: Torkoal|0 fnt\n|faint|p1a: Torkoal\n|-damage|p2a: Mannyswine|58\/100|[from] item: Life Orb\n|\n|-weather|SunnyDay|[upkeep]\n|upkeep\n|\n|t:|1698724111\n|switch|p1a: Iron Moth|Iron Moth|100\/100\n|turn|12\n|\n|t:|1698724139\n|move|p2a: Mannyswine|Ice Shard|p1a: Iron Moth\n|-resisted|p1a: Iron Moth\n|-damage|p1a: Iron Moth|76\/100\n|-damage|p2a: Mannyswine|48\/100|[from] item: Life Orb\n|move|p1a: Iron Moth|Fiery Dance|p2a: Mannyswine\n|-supereffective|p2a: Mannyswine\n|-damage|p2a: Mannyswine|0 fnt\n|-boost|p1a: Iron Moth|spa|1\n|faint|p2a: Mannyswine\n|\n|-weather|SunnyDay|[upkeep]\n|upkeep\n|l| RektCactus\n|j| RektCactus\n|\n|t:|1698724176\n|switch|p2a: Sarahdirge|Skeledirge, F|100\/100\n|-damage|p2a: Sarahdirge|76\/100|[from] Stealth Rock\n|turn|13\n|\n|t:|1698724190\n|-terastallize|p1a: Iron Moth|Fire\n|move|p1a: Iron Moth|Fiery Dance|p2a: Sarahdirge\n|-resisted|p2a: Sarahdirge\n|-damage|p2a: Sarahdirge|48\/100\n|-boost|p1a: Iron Moth|spa|1\n|move|p2a: Sarahdirge|Shadow Ball|p1a: Iron Moth\n|-damage|p1a: Iron Moth|44\/100\n|\n|-weather|SunnyDay|[upkeep]\n|upkeep\n|turn|14\n|\n|t:|1698724211\n|move|p1a: Iron Moth|Fiery Dance|p2a: Sarahdirge\n|-resisted|p2a: Sarahdirge\n|-damage|p2a: Sarahdirge|21\/100\n|move|p2a: Sarahdirge|Shadow Ball|p1a: Iron Moth\n|-damage|p1a: Iron Moth|12\/100\n|\n|-weather|SunnyDay|[upkeep]\n|upkeep\n|turn|15\n|\n|t:|1698724239\n|move|p1a: Iron Moth|Fiery Dance|p2a: Sarahdirge\n|-resisted|p2a: Sarahdirge\n|-damage|p2a: Sarahdirge|0 fnt\n|faint|p2a: Sarahdirge\n|\n|-weather|SunnyDay|[upkeep]\n|upkeep\n|\n|t:|1698724246\n|switch|p2a: Zendaya-Crowned|Zamazenta-Crowned|100\/100\n|-damage|p2a: Zendaya-Crowned|97\/100|[from] Stealth Rock\n|-ability|p2a: Zendaya-Crowned|Dauntless Shield|boost\n|-boost|p2a: Zendaya-Crowned|def|1\n|turn|16\n|l| RektCactus\n|\n|t:|1698724260\n|move|p1a: Iron Moth|Fiery Dance|p2a: Zendaya-Crowned\n|-supereffective|p2a: Zendaya-Crowned\n|-damage|p2a: Zendaya-Crowned|0 fnt\n|faint|p2a: Zendaya-Crowned\n|\n|-weather|SunnyDay|[upkeep]\n|upkeep\n|\n|t:|1698724267\n|switch|p2a: Maddiphy|Manaphy|100\/100\n|-damage|p2a: Maddiphy|88\/100|[from] Stealth Rock\n|turn|17\n|\n|t:|1698724277\n|move|p1a: Iron Moth|Fiery Dance|p2a: Maddiphy\n|-resisted|p2a: Maddiphy\n|-damage|p2a: Maddiphy|0 fnt\n|-boost|p1a: Iron Moth|spa|1\n|faint|p2a: Maddiphy\n|\n|win|Charbotron\n","uploadtime":1698724286,"views":14,"p1id":"charbotron","p2id":"flambojambo","formatid":"gen9ubers","rating":0,"private":0,"password":""}