{"id":"gen9ubers-1993401059","p1":"Dylan in the MA","p2":"Roberto di Alost","format":"[Gen 9] Ubers","log":"|j|\u2606Dylan in the MA\n|j|\u2606Roberto di Alost\n|t:|1700312741\n|gametype|singles\n|player|p1|Dylan in the MA|striker|1066\n|player|p2|Roberto di Alost|hiker-gen4|1032\n|teamsize|p1|6\n|teamsize|p2|6\n|gen|9\n|tier|[Gen 9] Ubers\n|rated|\n|rule|Sleep Clause Mod: Limit one foe put to sleep\n|rule|Species Clause: Limit one of each Pok\u00e9mon\n|rule|OHKO Clause: OHKO moves are banned\n|rule|Evasion Items Clause: Evasion items are banned\n|rule|Evasion Moves Clause: Evasion moves are banned\n|rule|Endless Battle Clause: Forcing endless battles is banned\n|rule|HP Percentage Mod: HP is shown in percentages\n|clearpoke\n|poke|p1|Eternatus|\n|poke|p1|Gliscor, M|\n|poke|p1|Ninetales-Alola, F|\n|poke|p1|Clefable, F|\n|poke|p1|Avalugg, F|\n|poke|p1|Crawdaunt, F|\n|poke|p2|Munkidori, M|\n|poke|p2|Espathra, F|\n|poke|p2|Quagsire, F|\n|poke|p2|Koraidon|\n|poke|p2|Regieleki|\n|poke|p2|Ogerpon-Hearthflame, F|\n|teampreview\n|\n|t:|1700312749\n|start\n|switch|p1a: Gliscor|Gliscor, M|100\/100\n|switch|p2a: Munkidori|Munkidori, M|100\/100\n|turn|1\n|\n|t:|1700312757\n|move|p1a: Gliscor|Protect|p1a: Gliscor\n|-singleturn|p1a: Gliscor|Protect\n|move|p2a: Munkidori|Future Sight|p1a: Gliscor\n|-start|p2a: Munkidori|move: Future Sight\n|\n|-status|p1a: Gliscor|tox|[from] item: Toxic Orb\n|upkeep\n|turn|2\n|\n|t:|1700312775\n|move|p2a: Munkidori|U-turn|p1a: Gliscor\n|-resisted|p1a: Gliscor\n|-damage|p1a: Gliscor|96\/100 tox\n|\n|t:|1700312786\n|switch|p2a: Espathra|Espathra, F|100\/100|[from] U-turn\n|move|p1a: Gliscor|Earthquake|p2a: Espathra\n|-damage|p2a: Espathra|43\/100\n|\n|-heal|p1a: Gliscor|100\/100 tox|[from] ability: Poison Heal\n|upkeep\n|turn|3\n|\n|t:|1700312798\n|move|p2a: Espathra|Lumina Crash|p1a: Gliscor\n|-damage|p1a: Gliscor|37\/100 tox\n|-unboost|p1a: Gliscor|spd|2\n|-damage|p2a: Espathra|33\/100|[from] item: Life Orb\n|move|p1a: Gliscor|Earthquake|p2a: Espathra\n|-crit|p2a: Espathra\n|-damage|p2a: Espathra|0 fnt\n|faint|p2a: Espathra\n|\n|-end|p1a: Gliscor|move: Future Sight\n|-damage|p1a: Gliscor|0 fnt\n|faint|p1a: Gliscor\n|upkeep\n|\n|t:|1700312818\n|switch|p2a: Munkidori|Munkidori, M|100\/100\n|switch|p1a: Ninetales|Ninetales-Alola, F|100\/100\n|-weather|Snow|[from] ability: Snow Warning|[of] p1a: Ninetales\n|turn|4\n|\n|t:|1700312827\n|move|p2a: Munkidori|Fake Out|p1a: Ninetales\n|-damage|p1a: Ninetales|94\/100\n|cant|p1a: Ninetales|flinch\n|\n|-weather|Snow|[upkeep]\n|upkeep\n|turn|5\n|\n|t:|1700312834\n|switch|p2a: Koraidon|Koraidon|100\/100\n|-weather|SunnyDay|[from] ability: Orichalcum Pulse|[of] p2a: Koraidon\n|-activate|p2a: Koraidon|Orichalcum Pulse|[source]\n|move|p1a: Ninetales|Encore||[still]\n|-fail|p1a: Ninetales\n|\n|-weather|SunnyDay|[upkeep]\n|upkeep\n|turn|6\n|\n|t:|1700312851\n|switch|p1a: Crawdaunt|Crawdaunt, F|100\/100\n|move|p2a: Koraidon|U-turn|p1a: Crawdaunt\n|-supereffective|p1a: Crawdaunt\n|-damage|p1a: Crawdaunt|18\/100\n|\n|t:|1700312858\n|switch|p2a: Munkidori|Munkidori, M|100\/100|[from] U-turn\n|\n|-weather|SunnyDay|[upkeep]\n|upkeep\n|turn|7\n|\n|t:|1700312865\n|move|p2a: Munkidori|Fake Out|p1a: Crawdaunt\n|-damage|p1a: Crawdaunt|8\/100\n|-status|p1a: Crawdaunt|tox|[from] ability: Toxic Chain|[of] p2a: Munkidori\n|cant|p1a: Crawdaunt|flinch\n|\n|-weather|SunnyDay|[upkeep]\n|-damage|p1a: Crawdaunt|2\/100 tox|[from] psn\n|upkeep\n|turn|8\n|\n|t:|1700312874\n|move|p1a: Crawdaunt|Aqua Jet|p2a: Munkidori\n|-damage|p2a: Munkidori|69\/100\n|-damage|p1a: Crawdaunt|0 fnt|[from] item: Life Orb\n|faint|p1a: Crawdaunt\n|move|p2a: Munkidori|U-turn|p1: Crawdaunt|[notarget]\n|-fail|p2a: Munkidori\n|\n|-weather|SunnyDay|[upkeep]\n|upkeep\n|\n|t:|1700312885\n|switch|p1a: Ninetales|Ninetales-Alola, F|94\/100\n|-weather|Snow|[from] ability: Snow Warning|[of] p1a: Ninetales\n|turn|9\n|\n|t:|1700312891\n|switch|p2a: Koraidon|Koraidon|100\/100\n|-weather|SunnyDay|[from] ability: Orichalcum Pulse|[of] p2a: Koraidon\n|-activate|p2a: Koraidon|Orichalcum Pulse|[source]\n|move|p1a: Ninetales|Moonblast|p2a: Koraidon\n|-supereffective|p2a: Koraidon\n|-damage|p2a: Koraidon|0 fnt\n|faint|p2a: Koraidon\n|\n|-weather|SunnyDay|[upkeep]\n|upkeep\n|\n|t:|1700312901\n|switch|p2a: Munkidori|Munkidori, M|69\/100\n|turn|10\n|\n|t:|1700312911\n|switch|p1a: Avalugg|Avalugg, F|100\/100\n|move|p2a: Munkidori|Future Sight|p1a: Avalugg\n|-start|p2a: Munkidori|move: Future Sight\n|\n|-weather|SunnyDay|[upkeep]\n|upkeep\n|turn|11\n|\n|t:|1700312920\n|move|p2a: Munkidori|Sludge Wave|p1a: Avalugg\n|-damage|p1a: Avalugg|18\/100\n|-status|p1a: Avalugg|psn\n|move|p1a: Avalugg|Avalanche|p2a: Munkidori\n|-damage|p2a: Munkidori|0 fnt\n|faint|p2a: Munkidori\n|\n|-weather|SunnyDay|[upkeep]\n|-damage|p1a: Avalugg|6\/100 psn|[from] psn\n|upkeep\n|\n|t:|1700312931\n|switch|p2a: Ogerpon|Ogerpon-Hearthflame, F|100\/100\n|-ability|p2a: Ogerpon|Mold Breaker\n|turn|12\n|\n|t:|1700312944\n|-terastallize|p2a: Ogerpon|Fire\n|detailschange|p2a: Ogerpon|Ogerpon-Hearthflame-Tera, F, tera:Fire\n|-ability|p2a: Ogerpon|Embody Aspect (Hearthflame)|boost\n|-boost|p2a: Ogerpon|atk|1\n|move|p2a: Ogerpon|Trailblaze|p1a: Avalugg\n|-damage|p1a: Avalugg|0 fnt\n|-boost|p2a: Ogerpon|spe|1\n|faint|p1a: Avalugg\n|\n|-weather|SunnyDay|[upkeep]\n|-hint|Future Sight did not hit because the target is fainted.\n|upkeep\n|\n|t:|1700312957\n|switch|p1a: Ninetales|Ninetales-Alola, F|94\/100\n|-weather|Snow|[from] ability: Snow Warning|[of] p1a: Ninetales\n|turn|13\n|\n|t:|1700312966\n|move|p2a: Ogerpon|Ivy Cudgel|p1a: Ninetales|[anim] Ivy Cudgel Fire\n|-supereffective|p1a: Ninetales\n|-damage|p1a: Ninetales|0 fnt\n|faint|p1a: Ninetales\n|\n|-weather|Snow|[upkeep]\n|upkeep\n|\n|t:|1700312980\n|switch|p1a: Eternatus|Eternatus|100\/100\n|-ability|p1a: Eternatus|Pressure\n|turn|14\n|\n|t:|1700312986\n|move|p2a: Ogerpon|Ivy Cudgel|p1a: Eternatus|[anim] Ivy Cudgel Fire\n|-resisted|p1a: Eternatus\n|-crit|p1a: Eternatus\n|-damage|p1a: Eternatus|36\/100\n|move|p1a: Eternatus|Cosmic Power|p1a: Eternatus\n|-boost|p1a: Eternatus|def|1\n|-boost|p1a: Eternatus|spd|1\n|\n|-weather|Snow|[upkeep]\n|-heal|p1a: Eternatus|42\/100|[from] item: Leftovers\n|upkeep\n|turn|15\n|\n|t:|1700312997\n|move|p2a: Ogerpon|Ivy Cudgel|p1a: Eternatus|[anim] Ivy Cudgel Fire\n|-resisted|p1a: Eternatus\n|-damage|p1a: Eternatus|11\/100\n|move|p1a: Eternatus|Recover|p1a: Eternatus\n|-heal|p1a: Eternatus|61\/100\n|\n|-weather|Snow|[upkeep]\n|-heal|p1a: Eternatus|67\/100|[from] item: Leftovers\n|upkeep\n|turn|16\n|\n|t:|1700313007\n|move|p2a: Ogerpon|Swords Dance|p2a: Ogerpon\n|-boost|p2a: Ogerpon|atk|2\n|move|p1a: Eternatus|Cosmic Power|p1a: Eternatus\n|-boost|p1a: Eternatus|def|1\n|-boost|p1a: Eternatus|spd|1\n|\n|-weather|Snow|[upkeep]\n|-heal|p1a: Eternatus|73\/100|[from] item: Leftovers\n|upkeep\n|turn|17\n|\n|t:|1700313017\n|move|p2a: Ogerpon|Swords Dance|p2a: Ogerpon\n|-boost|p2a: Ogerpon|atk|2\n|move|p1a: Eternatus|Dragon Pulse|p2a: Ogerpon\n|-damage|p2a: Ogerpon|51\/100\n|\n|-weather|none\n|-heal|p1a: Eternatus|80\/100|[from] item: Leftovers\n|upkeep\n|turn|18\n|\n|t:|1700313043\n|move|p2a: Ogerpon|Ivy Cudgel|p1a: Eternatus|[anim] Ivy Cudgel Fire\n|-resisted|p1a: Eternatus\n|-damage|p1a: Eternatus|33\/100\n|move|p1a: Eternatus|Dragon Pulse|p2a: Ogerpon\n|-damage|p2a: Ogerpon|0 fnt\n|faint|p2a: Ogerpon\n|\n|-heal|p1a: Eternatus|39\/100|[from] item: Leftovers\n|upkeep\n|\n|t:|1700313053\n|switch|p2a: Quagsire|Quagsire, F, shiny|100\/100\n|turn|19\n|\n|t:|1700313059\n|move|p1a: Eternatus|Recover|p1a: Eternatus\n|-heal|p1a: Eternatus|89\/100\n|move|p2a: Quagsire|Stomping Tantrum|p1a: Eternatus\n|-supereffective|p1a: Eternatus\n|-damage|p1a: Eternatus|57\/100\n|\n|-heal|p1a: Eternatus|64\/100|[from] item: Leftovers\n|upkeep\n|turn|20\n|-message|Roberto di Alost forfeited.\n|\n|win|Dylan in the MA\n|raw|Dylan in the MA's rating: 1066 &rarr; <strong>1093<\/strong><br \/>(+27 for winning)\n|raw|Roberto di Alost's rating: 1032 &rarr; <strong>1019<\/strong><br \/>(-13 for losing)\n|l|\u2606Roberto di Alost\n","uploadtime":1700313080,"views":18,"p1id":"dylaninthema","p2id":"robertodialost","formatid":"gen9ubers","rating":1019,"private":0,"password":""}