{"id":"gen9ubers-1989896573","p1":"LadyMaria-Blue","p2":"Bestmaindragonite","format":"[Gen 9] Ubers","log":"|j|\u2606LadyMaria-Blue\n|j|\u2606Bestmaindragonite\n|t:|1699904788\n|gametype|singles\n|player|p1|LadyMaria-Blue|cynthia|\n|player|p2|Bestmaindragonite|lillie|\n|teamsize|p1|6\n|teamsize|p2|6\n|gen|9\n|tier|[Gen 9] Ubers\n|rule|Sleep Clause Mod: Limit one foe put to sleep\n|rule|Species Clause: Limit one of each Pok\u00e9mon\n|rule|OHKO Clause: OHKO moves are banned\n|rule|Evasion Items Clause: Evasion items are banned\n|rule|Evasion Moves Clause: Evasion moves are banned\n|rule|Endless Battle Clause: Forcing endless battles is banned\n|rule|HP Percentage Mod: HP is shown in percentages\n|clearpoke\n|poke|p1|Baxcalibur, F|\n|poke|p1|Milotic, F|\n|poke|p1|Zacian-*|\n|poke|p1|Moltres|\n|poke|p1|Arceus-Poison|\n|poke|p1|Magearna|\n|poke|p2|Rillaboom, M|\n|poke|p2|Donphan, F|\n|poke|p2|Dialga|\n|poke|p2|Dusclops, F|\n|poke|p2|Sewaddle, M|\n|poke|p2|Urshifu-*, M|\n|teampreview\n|\n|t:|1699904801\n|start\n|switch|p1a: Magearna|Magearna|100\/100\n|switch|p2a: Ribomwho?|Sewaddle, M|100\/100\n|turn|1\n|\n|t:|1699904806\n|move|p1a: Magearna|Thunder Wave|p2a: Ribomwho?\n|-status|p2a: Ribomwho?|par\n|move|p2a: Ribomwho?|Switcheroo|p1a: Magearna\n|-activate|p2a: Ribomwho?|move: Trick|[of] p1a: Magearna\n|-item|p1a: Magearna|Focus Sash|[from] move: Switcheroo\n|-item|p2a: Ribomwho?|Leftovers|[from] move: Switcheroo\n|\n|upkeep\n|turn|2\n|\n|t:|1699904817\n|move|p1a: Magearna|Fleur Cannon|p2a: Ribomwho?\n|-damage|p2a: Ribomwho?|0 fnt\n|-unboost|p1a: Magearna|spa|2\n|faint|p2a: Ribomwho?\n|-ability|p1a: Magearna|Soul-Heart|boost\n|-boost|p1a: Magearna|spa|1\n|\n|upkeep\n|\n|t:|1699904836\n|switch|p2a: Urshifu|Urshifu-Rapid-Strike, M|100\/100\n|turn|3\n|\n|t:|1699904843\n|switch|p2a: Dusclops|Dusclops, F|100\/100\n|-ability|p2a: Dusclops|Pressure\n|switch|p1a: Moltres|Moltres|100\/100\n|\n|upkeep\n|turn|4\n|\n|t:|1699904848\n|move|p1a: Moltres|Will-O-Wisp|p2a: Dusclops\n|-status|p2a: Dusclops|brn\n|move|p2a: Dusclops|Night Shade|p1a: Moltres\n|-damage|p1a: Moltres|74\/100\n|\n|-damage|p2a: Dusclops|95\/100 brn|[from] brn\n|upkeep\n|turn|5\n|\n|t:|1699904856\n|switch|p1a: Magearna|Magearna|100\/100\n|move|p2a: Dusclops|Night Shade|p1a: Magearna\n|-damage|p1a: Magearna|73\/100\n|\n|-damage|p2a: Dusclops|89\/100 brn|[from] brn\n|upkeep\n|turn|6\n|\n|t:|1699904867\n|move|p1a: Magearna|Spikes|p2a: Dusclops\n|-sidestart|p2: Bestmaindragonite|Spikes\n|move|p2a: Dusclops|Pain Split|p1a: Magearna\n|-sethp|p1a: Magearna|71\/100|[from] move: Pain Split|[silent]\n|-sethp|p2a: Dusclops|91\/100 brn|[from] move: Pain Split\n|\n|-damage|p2a: Dusclops|85\/100 brn|[from] brn\n|upkeep\n|turn|7\n|\n|t:|1699904871\n|move|p1a: Magearna|Spikes|p2a: Dusclops\n|-sidestart|p2: Bestmaindragonite|Spikes\n|move|p2a: Dusclops|Disable|p1a: Magearna\n|-start|p1a: Magearna|Disable|Spikes\n|\n|-damage|p2a: Dusclops|79\/100 brn|[from] brn\n|upkeep\n|turn|8\n|\n|t:|1699904875\n|move|p1a: Magearna|Volt Switch|p2a: Dusclops\n|-damage|p2a: Dusclops|68\/100 brn\n|\n|t:|1699904880\n|switch|p1a: Milotic|Milotic, F, shiny|100\/100|[from] Volt Switch\n|move|p2a: Dusclops|Night Shade|p1a: Milotic\n|-damage|p1a: Milotic|75\/100\n|\n|-heal|p1a: Milotic|81\/100|[from] item: Leftovers\n|-damage|p2a: Dusclops|62\/100 brn|[from] brn\n|upkeep\n|turn|9\n|\n|t:|1699904886\n|move|p1a: Milotic|Scald|p2a: Dusclops\n|-damage|p2a: Dusclops|47\/100 brn\n|move|p2a: Dusclops|Pain Split|p1a: Milotic\n|-sethp|p1a: Milotic|58\/100|[from] move: Pain Split|[silent]\n|-sethp|p2a: Dusclops|80\/100 brn|[from] move: Pain Split\n|\n|-heal|p1a: Milotic|64\/100|[from] item: Leftovers\n|-damage|p2a: Dusclops|74\/100 brn|[from] brn\n|upkeep\n|turn|10\n|\n|t:|1699904893\n|move|p1a: Milotic|Recover|p1a: Milotic\n|-heal|p1a: Milotic|100\/100\n|move|p2a: Dusclops|Night Shade|p1a: Milotic\n|-damage|p1a: Milotic|75\/100\n|\n|-heal|p1a: Milotic|81\/100|[from] item: Leftovers\n|-damage|p2a: Dusclops|68\/100 brn|[from] brn\n|upkeep\n|turn|11\n|\n|t:|1699904915\n|move|p1a: Milotic|Flip Turn|p2a: Dusclops\n|-damage|p2a: Dusclops|61\/100 brn\n|\n|t:|1699904920\n|switch|p1a: Zacian|Zacian|100\/100|[from] Flip Turn\n|-ability|p1a: Zacian|Intrepid Sword|boost\n|-boost|p1a: Zacian|atk|1\n|move|p2a: Dusclops|Night Shade|p1a: Zacian\n|-damage|p1a: Zacian|70\/100\n|\n|-damage|p2a: Dusclops|55\/100 brn|[from] brn\n|upkeep\n|turn|12\n|\n|t:|1699904933\n|move|p1a: Zacian|Play Rough|p2a: Dusclops\n|-damage|p2a: Dusclops|3\/100 brn\n|move|p2a: Dusclops|Will-O-Wisp|p1a: Zacian|[miss]\n|-miss|p2a: Dusclops|p1a: Zacian\n|\n|-damage|p2a: Dusclops|0 fnt|[from] brn\n|faint|p2a: Dusclops\n|upkeep\n|\n|t:|1699904938\n|switch|p2a: Donphan|Donphan, F|100\/100\n|turn|13\n|\n|t:|1699904942\n|move|p1a: Zacian|Play Rough|p2a: Donphan\n|-damage|p2a: Donphan|21\/100\n|move|p2a: Donphan|Rapid Spin|p1a: Zacian\n|-damage|p1a: Zacian|52\/100\n|-boost|p2a: Donphan|spe|1\n|-sideend|p2: Bestmaindragonite|Spikes|[from] move: Rapid Spin|[of] p2a: Donphan\n|\n|upkeep\n|turn|14\n|\n|t:|1699904949\n|move|p1a: Zacian|Play Rough|p2a: Donphan\n|-crit|p2a: Donphan\n|-damage|p2a: Donphan|0 fnt\n|faint|p2a: Donphan\n|\n|upkeep\n|\n|t:|1699904954\n|switch|p2a: Rillaboom|Rillaboom, M|100\/100\n|-fieldstart|move: Grassy Terrain|[from] ability: Grassy Surge|[of] p2a: Rillaboom\n|turn|15\n|\n|t:|1699904957\n|move|p2a: Rillaboom|Grassy Glide|p1a: Zacian\n|-damage|p1a: Zacian|14\/100\n|move|p1a: Zacian|Play Rough|p2a: Rillaboom\n|-damage|p2a: Rillaboom|0 fnt\n|faint|p2a: Rillaboom\n|\n|-heal|p1a: Zacian|20\/100|[from] Grassy Terrain\n|upkeep\n|\n|t:|1699904964\n|switch|p2a: Urshifu|Urshifu-Rapid-Strike, M|100\/100\n|turn|16\n|\n|t:|1699904967\n|move|p2a: Urshifu|Aqua Jet|p1a: Zacian\n|-damage|p1a: Zacian|0 fnt\n|faint|p1a: Zacian\n|\n|upkeep\n|\n|t:|1699904974\n|switch|p1a: Magearna|Magearna|71\/100\n|turn|17\n|\n|t:|1699904977\n|switch|p2a: Dialga|Dialga|100\/100\n|-ability|p2a: Dialga|Pressure\n|move|p1a: Magearna|Thunder Wave|p2a: Dialga\n|-status|p2a: Dialga|par\n|\n|-heal|p1a: Magearna|77\/100|[from] Grassy Terrain\n|upkeep\n|turn|18\n|\n|t:|1699904984\n|move|p1a: Magearna|Spikes|p2a: Dialga\n|-sidestart|p2: Bestmaindragonite|Spikes\n|cant|p2a: Dialga|par\n|\n|-heal|p1a: Magearna|83\/100|[from] Grassy Terrain\n|upkeep\n|turn|19\n|\n|t:|1699904987\n|move|p1a: Magearna|Spikes|p2a: Dialga\n|-sidestart|p2: Bestmaindragonite|Spikes\n|move|p2a: Dialga|Stealth Rock|p1a: Magearna\n|-sidestart|p1: LadyMaria-Blue|move: Stealth Rock\n|\n|-heal|p1a: Magearna|89\/100|[from] Grassy Terrain\n|-fieldend|move: Grassy Terrain\n|upkeep\n|turn|20\n|\n|t:|1699904989\n|move|p1a: Magearna|Spikes|p2a: Dialga\n|-sidestart|p2: Bestmaindragonite|Spikes\n|move|p2a: Dialga|Flash Cannon|p1a: Magearna\n|-damage|p1a: Magearna|64\/100\n|\n|upkeep\n|turn|21\n|\n|t:|1699904994\n|move|p1a: Magearna|Fleur Cannon|p2a: Dialga\n|-damage|p2a: Dialga|51\/100 par\n|-unboost|p1a: Magearna|spa|2\n|move|p2a: Dialga|Flash Cannon|p1a: Magearna\n|-damage|p1a: Magearna|41\/100\n|\n|-heal|p2a: Dialga|57\/100 par|[from] item: Leftovers\n|upkeep\n|turn|22\n|\n|t:|1699905003\n|move|p1a: Magearna|Volt Switch|p2a: Dialga\n|-resisted|p2a: Dialga\n|-damage|p2a: Dialga|53\/100 par\n|\n|t:|1699905007\n|switch|p1a: Milotic|Milotic, F, shiny|81\/100|[from] Volt Switch\n|-damage|p1a: Milotic|69\/100|[from] Stealth Rock\n|move|p2a: Dialga|Flash Cannon|p1a: Milotic\n|-resisted|p1a: Milotic\n|-damage|p1a: Milotic|57\/100\n|\n|-heal|p1a: Milotic|63\/100|[from] item: Leftovers\n|-heal|p2a: Dialga|59\/100 par|[from] item: Leftovers\n|upkeep\n|turn|23\n|\n|t:|1699905011\n|move|p1a: Milotic|Recover|p1a: Milotic\n|-heal|p1a: Milotic|100\/100\n|move|p2a: Dialga|Roar|p1a: Milotic\n|drag|p1a: Baxcalibur|Baxcalibur, F|100\/100\n|\n|-heal|p2a: Dialga|65\/100 par|[from] item: Leftovers\n|upkeep\n|turn|24\n|\n|t:|1699905016\n|move|p1a: Baxcalibur|Earthquake|p2a: Dialga\n|-supereffective|p2a: Dialga\n|-crit|p2a: Dialga\n|-damage|p2a: Dialga|2\/100 par\n|move|p2a: Dialga|Draco Meteor|p1a: Baxcalibur\n|-supereffective|p1a: Baxcalibur\n|-damage|p1a: Baxcalibur|0 fnt\n|-unboost|p2a: Dialga|spa|2\n|faint|p1a: Baxcalibur\n|\n|-heal|p2a: Dialga|8\/100 par|[from] item: Leftovers\n|upkeep\n|\n|t:|1699905023\n|switch|p1a: Magearna|Magearna|41\/100\n|-damage|p1a: Magearna|35\/100|[from] Stealth Rock\n|turn|25\n|\n|t:|1699905028\n|move|p1a: Magearna|Fleur Cannon|p2a: Dialga\n|-damage|p2a: Dialga|0 fnt\n|-unboost|p1a: Magearna|spa|2\n|faint|p2a: Dialga\n|-ability|p1a: Magearna|Soul-Heart|boost\n|-boost|p1a: Magearna|spa|1\n|\n|upkeep\n|\n|t:|1699905036\n|switch|p2a: Urshifu|Urshifu-Rapid-Strike, M|100\/100\n|-damage|p2a: Urshifu|76\/100|[from] Spikes\n|turn|26\n|\n|t:|1699905040\n|switch|p1a: Milotic|Milotic, F, shiny|100\/100\n|-damage|p1a: Milotic|88\/100|[from] Stealth Rock\n|move|p2a: Urshifu|Surging Strikes|p1a: Milotic\n|-resisted|p1a: Milotic\n|-crit|p1a: Milotic\n|-damage|p1a: Milotic|75\/100\n|-resisted|p1a: Milotic\n|-crit|p1a: Milotic\n|-damage|p1a: Milotic|60\/100\n|-resisted|p1a: Milotic\n|-crit|p1a: Milotic\n|-damage|p1a: Milotic|47\/100\n|-hitcount|p1a: Milotic|3\n|\n|-heal|p1a: Milotic|54\/100|[from] item: Leftovers\n|upkeep\n|turn|27\n|\n|t:|1699905043\n|move|p2a: Urshifu|Surging Strikes|p1a: Milotic\n|-resisted|p1a: Milotic\n|-crit|p1a: Milotic\n|-damage|p1a: Milotic|39\/100\n|-resisted|p1a: Milotic\n|-crit|p1a: Milotic\n|-damage|p1a: Milotic|25\/100\n|-resisted|p1a: Milotic\n|-crit|p1a: Milotic\n|-damage|p1a: Milotic|10\/100\n|-hitcount|p1a: Milotic|3\n|move|p1a: Milotic|Recover|p1a: Milotic\n|-heal|p1a: Milotic|60\/100\n|\n|-heal|p1a: Milotic|66\/100|[from] item: Leftovers\n|upkeep\n|turn|28\n|\n|t:|1699905052\n|move|p2a: Urshifu|Surging Strikes|p1a: Milotic\n|-resisted|p1a: Milotic\n|-crit|p1a: Milotic\n|-damage|p1a: Milotic|51\/100\n|-resisted|p1a: Milotic\n|-crit|p1a: Milotic\n|-damage|p1a: Milotic|37\/100\n|-resisted|p1a: Milotic\n|-crit|p1a: Milotic\n|-damage|p1a: Milotic|21\/100\n|-hitcount|p1a: Milotic|3\n|move|p1a: Milotic|Scald|p2a: Urshifu\n|-resisted|p2a: Urshifu\n|-damage|p2a: Urshifu|55\/100\n|-status|p2a: Urshifu|brn\n|\n|-heal|p1a: Milotic|27\/100|[from] item: Leftovers\n|-damage|p2a: Urshifu|49\/100 brn|[from] brn\n|upkeep\n|turn|29\n|\n|t:|1699905060\n|move|p2a: Urshifu|Surging Strikes|p1a: Milotic\n|-resisted|p1a: Milotic\n|-crit|p1a: Milotic\n|-damage|p1a: Milotic|21\/100\n|-resisted|p1a: Milotic\n|-crit|p1a: Milotic\n|-damage|p1a: Milotic|13\/100\n|-resisted|p1a: Milotic\n|-crit|p1a: Milotic\n|-damage|p1a: Milotic|6\/100\n|-hitcount|p1a: Milotic|3\n|move|p1a: Milotic|Scald|p2a: Urshifu\n|-resisted|p2a: Urshifu\n|-damage|p2a: Urshifu|27\/100 brn\n|\n|-heal|p1a: Milotic|12\/100|[from] item: Leftovers\n|-damage|p2a: Urshifu|21\/100 brn|[from] brn\n|upkeep\n|turn|30\n|c|\u2606Bestmaindragonite|gg\n|\n|t:|1699905075\n|move|p2a: Urshifu|Surging Strikes|p1a: Milotic\n|-resisted|p1a: Milotic\n|-crit|p1a: Milotic\n|-damage|p1a: Milotic|5\/100\n|-resisted|p1a: Milotic\n|-crit|p1a: Milotic\n|-damage|p1a: Milotic|0 fnt\n|faint|p1a: Milotic\n|-hitcount|p1: Milotic|2\n|\n|-damage|p2a: Urshifu|15\/100 brn|[from] brn\n|upkeep\n|\n|t:|1699905078\n|switch|p1a: Magearna|Magearna|35\/100\n|-damage|p1a: Magearna|29\/100|[from] Stealth Rock\n|turn|31\n|\n|t:|1699905079\n|move|p2a: Urshifu|Surging Strikes|p1a: Magearna\n|-crit|p1a: Magearna\n|-damage|p1a: Magearna|16\/100\n|-crit|p1a: Magearna\n|-damage|p1a: Magearna|3\/100\n|-crit|p1a: Magearna\n|-damage|p1a: Magearna|0 fnt\n|faint|p1a: Magearna\n|-hitcount|p1: Magearna|3\n|\n|-damage|p2a: Urshifu|9\/100 brn|[from] brn\n|upkeep\n|\n|t:|1699905086\n|switch|p1a: Arceus|Arceus-Poison|100\/100\n|-damage|p1a: Arceus|88\/100|[from] Stealth Rock\n|turn|32\n|\n|t:|1699905088\n|move|p1a: Arceus|Judgment|p2a: Urshifu\n|-damage|p2a: Urshifu|0 fnt\n|faint|p2a: Urshifu\n|\n|win|LadyMaria-Blue\n|c|\u2606LadyMaria-Blue|ggs\n|l|\u2606Bestmaindragonite\n","uploadtime":1699905093,"views":6,"p1id":"ladymariablue","p2id":"bestmaindragonite","formatid":"gen9ubers","rating":0,"private":0,"password":""}