{"id":"gen9ubers-1977444850","p1":"SwordIsBored","p2":"mimolette7","format":"[Gen 9] Ubers","log":"|j|\u2606SwordIsBored\n|j|\u2606mimolette7\n|t:|1698417668\n|gametype|singles\n|player|p1|SwordIsBored|irida|\n|player|p2|mimolette7|elesa-masters2|\n|teamsize|p1|6\n|teamsize|p2|6\n|gen|9\n|tier|[Gen 9] Ubers\n|rule|Sleep Clause Mod: Limit one foe put to sleep\n|rule|Species Clause: Limit one of each Pok\u00e9mon\n|rule|OHKO Clause: OHKO moves are banned\n|rule|Evasion Items Clause: Evasion items are banned\n|rule|Evasion Moves Clause: Evasion moves are banned\n|rule|Endless Battle Clause: Forcing endless battles is banned\n|rule|HP Percentage Mod: HP is shown in percentages\n|clearpoke\n|poke|p1|Masquerain, F|\n|poke|p1|Arceus-Ice|\n|poke|p1|Gholdengo|\n|poke|p1|Palafin, M|\n|poke|p1|Chi-Yu|\n|poke|p1|Zamazenta-*|\n|poke|p2|Landorus, M|\n|poke|p2|Dugtrio, M|\n|poke|p2|Zacian-*|\n|poke|p2|Chi-Yu|\n|poke|p2|Torkoal, M|\n|poke|p2|Arceus-Poison|\n|teampreview\n|inactive|Battle timer is ON: inactive players will automatically lose when time's up. (requested by mimolette7)\n|\n|t:|1698417679\n|start\n|switch|p1a: THE DOLPHIN|Palafin, M|100\/100\n|switch|p2a: Landorus|Landorus, M|100\/100\n|turn|1\n|\n|t:|1698417707\n|switch|p2a: Torkoal|Torkoal, M|100\/100\n|-weather|SunnyDay|[from] ability: Drought|[of] p2a: Torkoal\n|-terastallize|p1a: THE DOLPHIN|Water\n|move|p1a: THE DOLPHIN|Jet Punch|p2a: Torkoal\n|-supereffective|p2a: Torkoal\n|-damage|p2a: Torkoal|76\/100\n|\n|-weather|SunnyDay|[upkeep]\n|upkeep\n|turn|2\n|\n|t:|1698417716\n|detailschange|p1a: THE DOLPHIN|Palafin-Hero, M, tera:Water\n|switch|p1a: THE FISH|Chi-Yu|100\/100\n|-ability|p1a: THE FISH|Beads of Ruin\n|move|p2a: Torkoal|Yawn|p1a: THE FISH\n|-start|p1a: THE FISH|move: Yawn|[of] p2a: Torkoal\n|\n|-weather|SunnyDay|[upkeep]\n|upkeep\n|turn|3\n|\n|t:|1698417729\n|switch|p1a: THOUSAND SUNNY|Masquerain, F|100\/100\n|-ability|p1a: THOUSAND SUNNY|Intimidate|boost\n|-unboost|p2a: Torkoal|atk|1\n|switch|p2a: Dugtrio|Dugtrio, M|100\/100\n|\n|-weather|SunnyDay|[upkeep]\n|upkeep\n|turn|4\n|inactive|mimolette7 has 270 seconds left.\n|\n|t:|1698417768\n|switch|p2a: Landorus|Landorus, M|100\/100\n|move|p1a: THOUSAND SUNNY|Sticky Web|p2a: Landorus\n|-sidestart|p2: mimolette7|move: Sticky Web\n|\n|-weather|SunnyDay|[upkeep]\n|upkeep\n|turn|5\n|\n|t:|1698417791\n|switch|p1a: THE DAWG|Zamazenta-Crowned|100\/100\n|-ability|p1a: THE DAWG|Dauntless Shield|boost\n|-boost|p1a: THE DAWG|def|1\n|move|p2a: Landorus|U-turn|p1a: THE DAWG\n|-resisted|p1a: THE DAWG\n|-damage|p1a: THE DAWG|99\/100\n|inactive|mimolette7 has 270 seconds left.\n|\n|t:|1698417821\n|switch|p2a: Torkoal|Torkoal, M|76\/100|[from] U-turn\n|-activate|p2a: Torkoal|move: Sticky Web\n|-unboost|p2a: Torkoal|spe|1\n|\n|-weather|SunnyDay|[upkeep]\n|upkeep\n|turn|6\n|\n|t:|1698417837\n|switch|p1a: THE CHEESESTRING|Gholdengo|100\/100\n|move|p2a: Torkoal|Rapid Spin|p1a: THE CHEESESTRING\n|-immune|p1a: THE CHEESESTRING\n|\n|-weather|SunnyDay|[upkeep]\n|upkeep\n|turn|7\n|inactive|mimolette7 has 240 seconds left.\n|\n|t:|1698417881\n|move|p1a: THE CHEESESTRING|Shadow Ball|p2a: Torkoal\n|-damage|p2a: Torkoal|24\/100\n|move|p2a: Torkoal|Lava Plume|p1a: THE CHEESESTRING\n|-supereffective|p1a: THE CHEESESTRING\n|-damage|p1a: THE CHEESESTRING|22\/100\n|\n|-weather|SunnyDay|[upkeep]\n|upkeep\n|turn|8\n|\n|t:|1698417906\n|switch|p2a: Arceus|Arceus-Poison|100\/100\n|-activate|p2a: Arceus|move: Sticky Web\n|-unboost|p2a: Arceus|spe|1\n|move|p1a: THE CHEESESTRING|Shadow Ball|p2a: Arceus\n|-damage|p2a: Arceus|71\/100\n|-unboost|p2a: Arceus|spd|1\n|\n|-weather|none\n|upkeep\n|turn|9\n|inactive|SwordIsBored has 270 seconds left.\n|\n|t:|1698417945\n|switch|p1a: THE DOLPHIN|Palafin-Hero, M, tera:Water|100\/100\n|-activate|p1a: THE DOLPHIN|ability: Zero to Hero\n|move|p2a: Arceus|Thunderbolt|p1a: THE DOLPHIN\n|-supereffective|p1a: THE DOLPHIN\n|-damage|p1a: THE DOLPHIN|43\/100\n|-status|p1a: THE DOLPHIN|par\n|\n|upkeep\n|turn|10\n|inactive|mimolette7 has 210 seconds left.\n|\n|t:|1698417973\n|cant|p1a: THE DOLPHIN|par\n|move|p2a: Arceus|Thunderbolt|p1a: THE DOLPHIN\n|-supereffective|p1a: THE DOLPHIN\n|-damage|p1a: THE DOLPHIN|0 fnt\n|faint|p1a: THE DOLPHIN\n|\n|upkeep\n|\n|t:|1698417978\n|switch|p1a: Arceus-Wahuh|Arceus-Ice|100\/100\n|turn|11\n|inactive|mimolette7 has 210 seconds left.\n|\n|t:|1698417984\n|move|p1a: Arceus-Wahuh|Calm Mind|p1a: Arceus-Wahuh\n|-boost|p1a: Arceus-Wahuh|spa|1\n|-boost|p1a: Arceus-Wahuh|spd|1\n|move|p2a: Arceus|Taunt|p1a: Arceus-Wahuh\n|-start|p1a: Arceus-Wahuh|move: Taunt\n|\n|upkeep\n|turn|12\n|inactive|mimolette7 has 210 seconds left.\n|inactive|mimolette7 has 180 seconds left.\n|\n|t:|1698418037\n|move|p1a: Arceus-Wahuh|Judgment|p2a: Arceus\n|-damage|p2a: Arceus|0 fnt\n|faint|p2a: Arceus\n|\n|upkeep\n|inactive|mimolette7 has 150 seconds left.\n|inactive|mimolette7 has 120 seconds left.\n|\n|t:|1698418093\n|switch|p2a: Dugtrio|Dugtrio, M|100\/100\n|-activate|p2a: Dugtrio|move: Sticky Web\n|-unboost|p2a: Dugtrio|spe|1\n|turn|13\n|inactive|mimolette7 has 120 seconds left.\n|\n|t:|1698418107\n|move|p1a: Arceus-Wahuh|Judgment|p2a: Dugtrio\n|-supereffective|p2a: Dugtrio\n|-enditem|p2a: Dugtrio|Focus Sash\n|-damage|p2a: Dugtrio|1\/100\n|move|p2a: Dugtrio|Memento|p1a: Arceus-Wahuh\n|-unboost|p1a: Arceus-Wahuh|atk|2\n|-unboost|p1a: Arceus-Wahuh|spa|2\n|faint|p2a: Dugtrio\n|\n|upkeep\n|\n|t:|1698418111\n|switch|p2a: Zacian|Zacian|100\/100\n|-ability|p2a: Zacian|Intrepid Sword|boost\n|-boost|p2a: Zacian|atk|1\n|turn|14\n|\n|t:|1698418116\n|switch|p1a: THOUSAND SUNNY|Masquerain, F|100\/100\n|-ability|p1a: THOUSAND SUNNY|Intimidate|boost\n|-unboost|p2a: Zacian|atk|1\n|-terastallize|p2a: Zacian|Fire\n|move|p2a: Zacian|Swords Dance|p2a: Zacian\n|-boost|p2a: Zacian|atk|2\n|\n|upkeep\n|turn|15\n|\n|t:|1698418125\n|move|p2a: Zacian|Play Rough|p1a: THOUSAND SUNNY\n|-enditem|p1a: THOUSAND SUNNY|Focus Sash\n|-damage|p1a: THOUSAND SUNNY|1\/100\n|move|p1a: THOUSAND SUNNY|Whirlwind|p2a: Zacian\n|drag|p2a: Chi-Yu|Chi-Yu|100\/100\n|-activate|p2a: Chi-Yu|move: Sticky Web\n|-unboost|p2a: Chi-Yu|spe|1\n|-ability|p2a: Chi-Yu|Beads of Ruin\n|\n|upkeep\n|turn|16\n|\n|t:|1698418135\n|move|p2a: Chi-Yu|Flamethrower|p1a: THOUSAND SUNNY\n|-supereffective|p1a: THOUSAND SUNNY\n|-damage|p1a: THOUSAND SUNNY|0 fnt\n|faint|p1a: THOUSAND SUNNY\n|\n|upkeep\n|\n|t:|1698418155\n|switch|p1a: THE DAWG|Zamazenta-Crowned|99\/100\n|turn|17\n|inactive|mimolette7 has 150 seconds left.\n|inactive|mimolette7 has 120 seconds left.\n|\n|t:|1698418200\n|move|p2a: Chi-Yu|Flamethrower|p1a: THE DAWG\n|-supereffective|p1a: THE DAWG\n|-damage|p1a: THE DAWG|14\/100\n|move|p1a: THE DAWG|Body Press|p2a: Chi-Yu\n|-supereffective|p2a: Chi-Yu\n|-damage|p2a: Chi-Yu|0 fnt\n|faint|p2a: Chi-Yu\n|\n|upkeep\n|\n|t:|1698418208\n|switch|p2a: Landorus|Landorus, M|100\/100\n|turn|18\n|\n|t:|1698418217\n|move|p2a: Landorus|Earth Power|p1a: THE DAWG\n|-supereffective|p1a: THE DAWG\n|-damage|p1a: THE DAWG|0 fnt\n|faint|p1a: THE DAWG\n|\n|upkeep\n|\n|t:|1698418227\n|switch|p1a: Arceus-Wahuh|Arceus-Ice|100\/100\n|turn|19\n|\n|t:|1698418232\n|switch|p2a: Torkoal|Torkoal, M|24\/100\n|-activate|p2a: Torkoal|move: Sticky Web\n|-unboost|p2a: Torkoal|spe|1\n|-weather|SunnyDay|[from] ability: Drought|[of] p2a: Torkoal\n|move|p1a: Arceus-Wahuh|Judgment|p2a: Torkoal\n|-resisted|p2a: Torkoal\n|-damage|p2a: Torkoal|0 fnt\n|faint|p2a: Torkoal\n|\n|-weather|SunnyDay|[upkeep]\n|upkeep\n|\n|t:|1698418248\n|switch|p2a: Zacian|Zacian, tera:Fire|100\/100\n|turn|20\n|\n|t:|1698418255\n|move|p2a: Zacian|Swords Dance|p2a: Zacian\n|-boost|p2a: Zacian|atk|2\n|move|p1a: Arceus-Wahuh|Thunderbolt|p2a: Zacian\n|-damage|p2a: Zacian|72\/100\n|\n|-weather|SunnyDay|[upkeep]\n|upkeep\n|turn|21\n|\n|t:|1698418276\n|move|p2a: Zacian|Close Combat|p1a: Arceus-Wahuh\n|-supereffective|p1a: Arceus-Wahuh\n|-damage|p1a: Arceus-Wahuh|0 fnt\n|-unboost|p2a: Zacian|def|1\n|-unboost|p2a: Zacian|spd|1\n|faint|p1a: Arceus-Wahuh\n|\n|-weather|SunnyDay|[upkeep]\n|upkeep\n|\n|t:|1698418279\n|switch|p1a: THE CHEESESTRING|Gholdengo|22\/100\n|turn|22\n|\n|t:|1698418281\n|move|p1a: THE CHEESESTRING|Trick|p2a: Zacian\n|-activate|p1a: THE CHEESESTRING|move: Trick|[of] p2a: Zacian\n|-item|p2a: Zacian|Choice Scarf|[from] move: Trick\n|-item|p1a: THE CHEESESTRING|Heavy-Duty Boots|[from] move: Trick\n|move|p2a: Zacian|Crunch|p1a: THE CHEESESTRING\n|-supereffective|p1a: THE CHEESESTRING\n|-damage|p1a: THE CHEESESTRING|0 fnt\n|faint|p1a: THE CHEESESTRING\n|\n|-weather|SunnyDay|[upkeep]\n|upkeep\n|\n|t:|1698418286\n|switch|p1a: THE FISH|Chi-Yu|100\/100\n|-ability|p1a: THE FISH|Beads of Ruin\n|turn|23\n|\n|t:|1698418298\n|move|p2a: Zacian|Crunch|p1a: THE FISH\n|-resisted|p1a: THE FISH\n|-damage|p1a: THE FISH|59\/100\n|move|p1a: THE FISH|Flamethrower|p2a: Zacian\n|-resisted|p2a: Zacian\n|-damage|p2a: Zacian|0 fnt\n|faint|p2a: Zacian\n|\n|-weather|SunnyDay|[upkeep]\n|upkeep\n|\n|t:|1698418301\n|switch|p2a: Landorus|Landorus, M|100\/100\n|turn|24\n|\n|t:|1698418303\n|move|p2a: Landorus|Earth Power|p1a: THE FISH\n|-supereffective|p1a: THE FISH\n|-damage|p1a: THE FISH|0 fnt\n|faint|p1a: THE FISH\n|\n|win|mimolette7\n|c|\u2606SwordIsBored|gg2\n|c|\u2606mimolette7|gg\n|l|\u2606mimolette7\n","uploadtime":1698418307,"views":26,"p1id":"swordisbored","p2id":"mimolette7","formatid":"gen9ubers","rating":0,"private":0,"password":""}