{"id":"gen9ubers-1979540449","p1":"Rei_darkness","p2":"Pickedman","format":"[Gen 9] Ubers","log":"|j|\u2606Rei_darkness\n|j|\u2606Pickedman\n|t:|1698690749\n|gametype|singles\n|player|p1|Rei_darkness|drayden|\n|player|p2|Pickedman|zinnia|\n|teamsize|p1|6\n|teamsize|p2|6\n|gen|9\n|tier|[Gen 9] Ubers\n|rule|Sleep Clause Mod: Limit one foe put to sleep\n|rule|Species Clause: Limit one of each Pok\u00e9mon\n|rule|OHKO Clause: OHKO moves are banned\n|rule|Evasion Items Clause: Evasion items are banned\n|rule|Evasion Moves Clause: Evasion moves are banned\n|rule|Endless Battle Clause: Forcing endless battles is banned\n|rule|HP Percentage Mod: HP is shown in percentages\n|clearpoke\n|poke|p1|Calyrex-Ice|\n|poke|p1|Slowking-Galar, F|\n|poke|p1|Medicham, M|\n|poke|p1|Greninja-*, M|\n|poke|p1|Weezing-Galar, M|\n|poke|p1|Azelf|\n|poke|p2|Inteleon, F|\n|poke|p2|Gallade, M|\n|poke|p2|Darkrai|\n|poke|p2|Blissey, F|\n|poke|p2|Walking Wake|\n|poke|p2|Grimmsnarl, M|\n|teampreview\n|\n|t:|1698690759\n|start\n|switch|p1a: Azelf|Azelf|100\/100\n|switch|p2a: Darkrai|Darkrai|100\/100\n|turn|1\n|\n|t:|1698690762\n|move|p2a: Darkrai|Swords Dance|p2a: Darkrai\n|-boost|p2a: Darkrai|atk|2\n|move|p1a: Azelf|U-turn|p2a: Darkrai\n|-supereffective|p2a: Darkrai\n|-damage|p2a: Darkrai|9\/100\n|\n|t:|1698690770\n|switch|p1a: Medicham|Medicham, M|100\/100|[from] U-turn\n|\n|upkeep\n|turn|2\n|\n|t:|1698690798\n|move|p2a: Darkrai|Knock Off|p1a: Medicham\n|-damage|p1a: Medicham|0 fnt\n|-enditem|p1a: Medicham|Choice Band|[from] move: Knock Off|[of] p2a: Darkrai\n|faint|p1a: Medicham\n|-damage|p2a: Darkrai|0 fnt|[from] item: Life Orb\n|faint|p2a: Darkrai\n|\n|upkeep\n|\n|t:|1698690809\n|switch|p2a: Walking Wake|Walking Wake|100\/100\n|switch|p1a: Azelf|Azelf|100\/100\n|turn|3\n|\n|t:|1698690813\n|move|p1a: Azelf|Zen Headbutt|p2a: Walking Wake\n|-damage|p2a: Walking Wake|44\/100\n|move|p2a: Walking Wake|Knock Off|p1a: Azelf\n|-supereffective|p1a: Azelf\n|-damage|p1a: Azelf|37\/100\n|-enditem|p1a: Azelf|Choice Band|[from] move: Knock Off|[of] p2a: Walking Wake\n|\n|upkeep\n|turn|4\n|\n|t:|1698690824\n|move|p1a: Azelf|U-turn|p2a: Walking Wake\n|-damage|p2a: Walking Wake|24\/100\n|\n|t:|1698690826\n|switch|p1a: Slowking|Slowking-Galar, F|100\/100|[from] U-turn\n|move|p2a: Walking Wake|Flip Turn|p1a: Slowking\n|-damage|p1a: Slowking|83\/100\n|\n|t:|1698690835\n|-end|p2a: Walking Wake|Protosynthesis|[silent]\n|switch|p2a: Grimmsnarl|Grimmsnarl, M|100\/100|[from] Flip Turn\n|\n|upkeep\n|turn|5\n|\n|t:|1698690841\n|move|p2a: Grimmsnarl|Thunder Wave|p1a: Slowking\n|-status|p1a: Slowking|par\n|move|p1a: Slowking|Toxic|p2a: Grimmsnarl\n|-status|p2a: Grimmsnarl|tox\n|\n|-damage|p2a: Grimmsnarl|94\/100 tox|[from] psn\n|upkeep\n|turn|6\n|\n|t:|1698690845\n|move|p2a: Grimmsnarl|Light Screen|p2a: Grimmsnarl\n|-sidestart|p2: Pickedman|move: Light Screen\n|cant|p1a: Slowking|par\n|\n|-damage|p2a: Grimmsnarl|82\/100 tox|[from] psn\n|upkeep\n|turn|7\n|\n|t:|1698690848\n|move|p2a: Grimmsnarl|Reflect|p2a: Grimmsnarl\n|-sidestart|p2: Pickedman|Reflect\n|move|p1a: Slowking|Chilly Reception|p1a: Slowking\n|-weather|Snow\n|\n|t:|1698690861\n|switch|p1a: Azelf|Azelf|37\/100|[from] Chilly Reception\n|\n|-weather|Snow|[upkeep]\n|-damage|p2a: Grimmsnarl|64\/100 tox|[from] psn\n|upkeep\n|turn|8\n|\n|t:|1698690865\n|move|p2a: Grimmsnarl|Parting Shot|p1a: Azelf\n|-unboost|p1a: Azelf|atk|1\n|-unboost|p1a: Azelf|spa|1\n|\n|t:|1698690869\n|switch|p2a: Inteleon|Inteleon, F|100\/100|[from] Parting Shot\n|move|p1a: Azelf|U-turn|p2a: Inteleon\n|-damage|p2a: Inteleon|87\/100\n|\n|t:|1698690875\n|switch|p1a: Weezing|Weezing-Galar, M|100\/100|[from] U-turn\n|\n|-weather|Snow|[upkeep]\n|upkeep\n|turn|9\n|\n|t:|1698690889\n|switch|p2a: Gallade|Gallade, M|100\/100\n|move|p1a: Weezing|Defog|p2a: Gallade\n|-unboost|p2a: Gallade|evasion|1\n|-sideend|p2: Pickedman|Reflect\n|-sideend|p2: Pickedman|move: Light Screen\n|\n|-weather|Snow|[upkeep]\n|upkeep\n|turn|10\n|\n|t:|1698690895\n|move|p2a: Gallade|Night Shade|p1a: Weezing\n|-damage|p1a: Weezing|71\/100\n|move|p1a: Weezing|Clear Smog|p2a: Gallade\n|-damage|p2a: Gallade|86\/100\n|-clearboost|p2a: Gallade\n|\n|-weather|Snow|[upkeep]\n|-heal|p2a: Gallade|92\/100|[from] item: Leftovers\n|-heal|p1a: Weezing|77\/100|[from] item: Leftovers\n|upkeep\n|turn|11\n|\n|t:|1698690904\n|move|p2a: Gallade|Night Shade|p1a: Weezing\n|-damage|p1a: Weezing|47\/100\n|move|p1a: Weezing|Pain Split|p2a: Gallade\n|-sethp|p2a: Gallade|69\/100|[from] move: Pain Split|[silent]\n|-sethp|p1a: Weezing|70\/100|[from] move: Pain Split\n|\n|-weather|none\n|-heal|p2a: Gallade|75\/100|[from] item: Leftovers\n|-heal|p1a: Weezing|76\/100|[from] item: Leftovers\n|upkeep\n|turn|12\n|\n|t:|1698690915\n|switch|p2a: Walking Wake|Walking Wake|24\/100\n|move|p1a: Weezing|Clear Smog|p2a: Walking Wake\n|-damage|p2a: Walking Wake|9\/100\n|-clearboost|p2a: Walking Wake\n|\n|-heal|p1a: Weezing|82\/100|[from] item: Leftovers\n|upkeep\n|turn|13\n|\n|t:|1698690920\n|move|p2a: Walking Wake|Knock Off|p1a: Weezing\n|-resisted|p1a: Weezing\n|-damage|p1a: Weezing|75\/100\n|-enditem|p1a: Weezing|Leftovers|[from] move: Knock Off|[of] p2a: Walking Wake\n|move|p1a: Weezing|Clear Smog|p2a: Walking Wake\n|-damage|p2a: Walking Wake|0 fnt\n|-clearboost|p2a: Walking Wake\n|faint|p2a: Walking Wake\n|-end|p2a: Walking Wake|Protosynthesis|[silent]\n|\n|upkeep\n|\n|t:|1698690927\n|switch|p2a: Grimmsnarl|Grimmsnarl, M|64\/100 tox\n|turn|14\n|\n|t:|1698690934\n|switch|p1a: Slowking|Slowking-Galar, F|100\/100 par\n|move|p2a: Grimmsnarl|Thunder Wave|p1a: Slowking|[miss]\n|-miss|p2a: Grimmsnarl|p1a: Slowking\n|\n|-damage|p2a: Grimmsnarl|58\/100 tox|[from] psn\n|upkeep\n|turn|15\n|\n|t:|1698690938\n|move|p2a: Grimmsnarl|Parting Shot|p1a: Slowking\n|-unboost|p1a: Slowking|atk|1\n|-unboost|p1a: Slowking|spa|1\n|\n|t:|1698690941\n|switch|p2a: Inteleon|Inteleon, F|87\/100|[from] Parting Shot\n|move|p1a: Slowking|Trick Room|p1a: Slowking\n|-fieldstart|move: Trick Room|[of] p1a: Slowking\n|\n|upkeep\n|turn|16\n|\n|t:|1698690945\n|cant|p1a: Slowking|par\n|move|p2a: Inteleon|Liquidation|p1a: Slowking\n|-damage|p1a: Slowking|59\/100 par\n|\n|upkeep\n|turn|17\n|\n|t:|1698690949\n|move|p1a: Slowking|Chilly Reception|p1a: Slowking\n|-weather|Snow\n|\n|t:|1698690952\n|switch|p1a: Calyrex|Calyrex-Ice|100\/100|[from] Chilly Reception\n|-ability|p1a: Calyrex|As One\n|-ability|p1a: Calyrex|Unnerve\n|move|p2a: Inteleon|Liquidation|p1a: Calyrex\n|-damage|p1a: Calyrex|86\/100\n|\n|-weather|Snow|[upkeep]\n|-heal|p1a: Calyrex|92\/100|[from] item: Leftovers\n|upkeep\n|turn|18\n|\n|t:|1698690961\n|switch|p2a: Grimmsnarl|Grimmsnarl, M|58\/100 tox\n|move|p1a: Calyrex|Calm Mind|p1a: Calyrex\n|-boost|p1a: Calyrex|spa|1\n|-boost|p1a: Calyrex|spd|1\n|\n|-weather|Snow|[upkeep]\n|-heal|p1a: Calyrex|99\/100|[from] item: Leftovers\n|-damage|p2a: Grimmsnarl|52\/100 tox|[from] psn\n|upkeep\n|turn|19\n|\n|t:|1698690965\n|move|p2a: Grimmsnarl|Parting Shot|p1a: Calyrex\n|-unboost|p1a: Calyrex|atk|1\n|-unboost|p1a: Calyrex|spa|1\n|\n|t:|1698690968\n|switch|p2a: Blissey|Blissey, F|100\/100|[from] Parting Shot\n|move|p1a: Calyrex|Calm Mind|p1a: Calyrex\n|-boost|p1a: Calyrex|spa|1\n|-boost|p1a: Calyrex|spd|1\n|\n|-weather|Snow|[upkeep]\n|-heal|p1a: Calyrex|100\/100|[from] item: Leftovers\n|-fieldend|move: Trick Room\n|upkeep\n|turn|20\n|\n|t:|1698690973\n|move|p2a: Blissey|Thunder Wave|p1a: Calyrex\n|-status|p1a: Calyrex|par\n|move|p1a: Calyrex|Calm Mind|p1a: Calyrex\n|-boost|p1a: Calyrex|spa|1\n|-boost|p1a: Calyrex|spd|1\n|\n|-weather|Snow|[upkeep]\n|upkeep\n|turn|21\n|\n|t:|1698690979\n|move|p2a: Blissey|Seismic Toss|p1a: Calyrex\n|-damage|p1a: Calyrex|76\/100 par\n|cant|p1a: Calyrex|par\n|\n|-weather|none\n|-heal|p1a: Calyrex|82\/100 par|[from] item: Leftovers\n|upkeep\n|turn|22\n|\n|t:|1698690984\n|move|p2a: Blissey|Seismic Toss|p1a: Calyrex\n|-damage|p1a: Calyrex|57\/100 par\n|move|p1a: Calyrex|Calm Mind|p1a: Calyrex\n|-boost|p1a: Calyrex|spa|1\n|-boost|p1a: Calyrex|spd|1\n|\n|-heal|p1a: Calyrex|63\/100 par|[from] item: Leftovers\n|upkeep\n|turn|23\n|\n|t:|1698690989\n|move|p2a: Blissey|Seismic Toss|p1a: Calyrex\n|-damage|p1a: Calyrex|38\/100 par\n|cant|p1a: Calyrex|par\n|\n|-heal|p1a: Calyrex|45\/100 par|[from] item: Leftovers\n|upkeep\n|turn|24\n|\n|t:|1698690994\n|move|p2a: Blissey|Seismic Toss|p1a: Calyrex\n|-damage|p1a: Calyrex|20\/100 par\n|move|p1a: Calyrex|Stored Power|p2a: Blissey\n|-damage|p2a: Blissey|47\/100\n|\n|-heal|p1a: Calyrex|26\/100 par|[from] item: Leftovers\n|upkeep\n|turn|25\n|\n|t:|1698690998\n|move|p2a: Blissey|Seismic Toss|p1a: Calyrex\n|-damage|p1a: Calyrex|1\/100 par\n|move|p1a: Calyrex|Stored Power|p2a: Blissey\n|-damage|p2a: Blissey|0 fnt\n|faint|p2a: Blissey\n|-ability|p1a: Calyrex|Chilling Neigh|boost\n|-boost|p1a: Calyrex|atk|1\n|\n|-heal|p1a: Calyrex|7\/100 par|[from] item: Leftovers\n|upkeep\n|\n|t:|1698691003\n|switch|p2a: Inteleon|Inteleon, F|87\/100\n|turn|26\n|\n|t:|1698691005\n|move|p2a: Inteleon|Fell Stinger|p1a: Calyrex\n|-supereffective|p1a: Calyrex\n|-damage|p1a: Calyrex|0 fnt\n|faint|p1a: Calyrex\n|-boost|p2a: Inteleon|atk|3\n|\n|upkeep\n|\n|t:|1698691012\n|switch|p1a: Greninja|Greninja, M|100\/100\n|turn|27\n|\n|t:|1698691017\n|move|p1a: Greninja|Swords Dance|p1a: Greninja\n|-start|p1a: Greninja|typechange|Normal|[from] ability: Protean\n|-boost|p1a: Greninja|atk|2\n|move|p2a: Inteleon|Fell Stinger|p1a: Greninja\n|-damage|p1a: Greninja|43\/100\n|\n|upkeep\n|turn|28\n|\n|t:|1698691041\n|move|p1a: Greninja|Night Slash|p2a: Inteleon\n|-damage|p2a: Inteleon|20\/100\n|move|p2a: Inteleon|Fell Stinger|p1a: Greninja\n|-damage|p1a: Greninja|0 fnt\n|faint|p1a: Greninja\n|-boost|p2a: Inteleon|atk|3\n|\n|upkeep\n|\n|t:|1698691052\n|switch|p1a: Weezing|Weezing-Galar, M|75\/100\n|turn|29\n|\n|t:|1698691056\n|move|p2a: Inteleon|Liquidation|p1a: Weezing\n|-damage|p1a: Weezing|0 fnt\n|faint|p1a: Weezing\n|\n|upkeep\n|\n|t:|1698691058\n|switch|p1a: Azelf|Azelf|37\/100\n|turn|30\n|\n|t:|1698691062\n|move|p1a: Azelf|U-turn|p2a: Inteleon\n|-damage|p2a: Inteleon|0 fnt\n|faint|p2a: Inteleon\n|\n|t:|1698691064\n|switch|p1a: Slowking|Slowking-Galar, F|93\/100 par|[from] U-turn\n|\n|upkeep\n|\n|t:|1698691071\n|switch|p2a: Gallade|Gallade, M|75\/100\n|turn|31\n|\n|t:|1698691076\n|-terastallize|p2a: Gallade|Steel\n|move|p2a: Gallade|Bulk Up|p2a: Gallade\n|-boost|p2a: Gallade|atk|1\n|-boost|p2a: Gallade|def|1\n|move|p1a: Slowking|Toxic|p2a: Gallade\n|-immune|p2a: Gallade\n|\n|-heal|p2a: Gallade|81\/100|[from] item: Leftovers\n|upkeep\n|turn|32\n|\n|t:|1698691081\n|move|p2a: Gallade|Bulk Up|p2a: Gallade\n|-boost|p2a: Gallade|atk|1\n|-boost|p2a: Gallade|def|1\n|move|p1a: Slowking|Foul Play|p2a: Gallade\n|-damage|p2a: Gallade|62\/100\n|\n|-heal|p2a: Gallade|68\/100|[from] item: Leftovers\n|upkeep\n|turn|33\n|\n|t:|1698691088\n|move|p2a: Gallade|Bulk Up|p2a: Gallade\n|-boost|p2a: Gallade|atk|1\n|-boost|p2a: Gallade|def|1\n|move|p1a: Slowking|Foul Play|p2a: Gallade\n|-damage|p2a: Gallade|49\/100\n|\n|-heal|p2a: Gallade|56\/100|[from] item: Leftovers\n|upkeep\n|turn|34\n|\n|t:|1698691093\n|move|p2a: Gallade|Calm Mind|p2a: Gallade\n|-boost|p2a: Gallade|spa|1\n|-boost|p2a: Gallade|spd|1\n|cant|p1a: Slowking|par\n|\n|-heal|p2a: Gallade|62\/100|[from] item: Leftovers\n|upkeep\n|turn|35\n|\n|t:|1698691098\n|move|p2a: Gallade|Calm Mind|p2a: Gallade\n|-boost|p2a: Gallade|spa|1\n|-boost|p2a: Gallade|spd|1\n|move|p1a: Slowking|Chilly Reception|p1a: Slowking\n|-weather|Snow\n|\n|t:|1698691101\n|switch|p1a: Azelf|Azelf|37\/100|[from] Chilly Reception\n|\n|-weather|Snow|[upkeep]\n|-heal|p2a: Gallade|68\/100|[from] item: Leftovers\n|upkeep\n|turn|36\n|-message|Rei_darkness forfeited.\n|\n|win|Pickedman\n","uploadtime":1698691110,"views":20,"p1id":"reidarkness","p2id":"pickedman","formatid":"gen9ubers","rating":0,"private":0,"password":""}