{"id":"gen9ubers-1989280771","p1":"Rei_darkness","p2":"Dragon Master Rosa","format":"[Gen 9] Ubers","log":"|j|\u2606Rei_darkness\n|j|\u2606Dragon Master Rosa\n|t:|1699831377\n|gametype|singles\n|player|p1|Rei_darkness|drayden|\n|player|p2|Dragon Master Rosa|dragontamer-gen9|\n|teamsize|p1|6\n|teamsize|p2|6\n|gen|9\n|tier|[Gen 9] Ubers\n|rule|Sleep Clause Mod: Limit one foe put to sleep\n|rule|Species Clause: Limit one of each Pok\u00e9mon\n|rule|OHKO Clause: OHKO moves are banned\n|rule|Evasion Items Clause: Evasion items are banned\n|rule|Evasion Moves Clause: Evasion moves are banned\n|rule|Endless Battle Clause: Forcing endless battles is banned\n|rule|HP Percentage Mod: HP is shown in percentages\n|clearpoke\n|poke|p1|Slowbro-Galar, M|\n|poke|p1|Annihilape, F|\n|poke|p1|Goodra-Hisui, M|\n|poke|p1|Umbreon, M|\n|poke|p1|Uxie|\n|poke|p1|Magearna|\n|poke|p2|Ribombee, F|\n|poke|p2|Greninja-*, F|\n|poke|p2|Zoroark-Hisui, M|\n|poke|p2|Palafin, F|\n|poke|p2|Landorus-Therian, M|\n|poke|p2|Azelf|\n|teampreview\n|\n|t:|1699831475\n|start\n|switch|p1a: Magearna|Magearna|100\/100\n|switch|p2a: Ribombee|Ribombee, F|100\/100\n|turn|1\n|\n|t:|1699831485\n|move|p2a: Ribombee|Stun Spore|p1a: Magearna\n|-status|p1a: Magearna|par\n|move|p1a: Magearna|Spikes|p2a: Ribombee\n|-sidestart|p2: Dragon Master Rosa|Spikes\n|\n|upkeep\n|turn|2\n|\n|t:|1699831498\n|move|p2a: Ribombee|Sticky Web|p1a: Magearna\n|-sidestart|p1: Rei_darkness|move: Sticky Web\n|move|p1a: Magearna|Play Rough|p2a: Ribombee\n|-damage|p2a: Ribombee|42\/100\n|-unboost|p2a: Ribombee|atk|1\n|\n|upkeep\n|turn|3\n|\n|t:|1699831502\n|move|p2a: Ribombee|Trick|p1a: Magearna\n|-activate|p2a: Ribombee|move: Trick|[of] p1a: Magearna\n|-item|p1a: Magearna|Focus Sash|[from] move: Trick\n|-item|p2a: Ribombee|Metronome|[from] move: Trick\n|cant|p1a: Magearna|par\n|\n|upkeep\n|turn|4\n|\n|t:|1699831506\n|move|p2a: Ribombee|U-turn|p1a: Magearna\n|-resisted|p1a: Magearna\n|-crit|p1a: Magearna\n|-damage|p1a: Magearna|96\/100 par\n|\n|t:|1699831510\n|switch|p2a: Landorus|Landorus-Therian, M|100\/100|[from] U-turn\n|-ability|p2a: Landorus|Intimidate|boost\n|-unboost|p1a: Magearna|atk|1\n|move|p1a: Magearna|Play Rough|p2a: Landorus\n|-damage|p2a: Landorus|73\/100\n|-unboost|p2a: Landorus|atk|1\n|\n|-heal|p2a: Landorus|79\/100|[from] item: Leftovers\n|upkeep\n|turn|5\n|\n|t:|1699831526\n|move|p2a: Landorus|Nasty Plot|p2a: Landorus\n|-boost|p2a: Landorus|spa|2\n|move|p1a: Magearna|Pain Split|p2a: Landorus\n|-sethp|p2a: Landorus|94\/100|[from] move: Pain Split|[silent]\n|-sethp|p1a: Magearna|83\/100 par|[from] move: Pain Split\n|\n|-heal|p2a: Landorus|99\/100|[from] item: Leftovers\n|upkeep\n|turn|6\n|\n|t:|1699831529\n|move|p2a: Landorus|Earth Power|p1a: Magearna\n|-supereffective|p1a: Magearna\n|-damage|p1a: Magearna|0 fnt\n|faint|p1a: Magearna\n|\n|-heal|p2a: Landorus|100\/100|[from] item: Leftovers\n|upkeep\n|\n|t:|1699831536\n|switch|p1a: Uxie|Uxie|100\/100\n|turn|7\n|\n|t:|1699831544\n|switch|p2a: Ribombee|Ribombee, F|42\/100\n|-damage|p2a: Ribombee|29\/100|[from] Spikes\n|move|p1a: Uxie|Mystical Power|p2a: Ribombee\n|-damage|p2a: Ribombee|3\/100\n|-boost|p1a: Uxie|spa|1\n|\n|upkeep\n|turn|8\n|\n|t:|1699831560\n|switch|p1a: Annihilape|Annihilape, F|100\/100\n|-activate|p1a: Annihilape|move: Sticky Web\n|-unboost|p1a: Annihilape|spe|1\n|move|p2a: Ribombee|Trick|p1a: Annihilape\n|-activate|p2a: Ribombee|move: Trick|[of] p1a: Annihilape\n|-item|p1a: Annihilape|Metronome|[from] move: Trick\n|-item|p2a: Ribombee|Sitrus Berry|[from] move: Trick\n|-enditem|p2a: Ribombee|Sitrus Berry|[eat]\n|-heal|p2a: Ribombee|28\/100|[from] item: Sitrus Berry\n|\n|upkeep\n|turn|9\n|\n|t:|1699831570\n|move|p2a: Ribombee|Stun Spore|p1a: Annihilape|[miss]\n|-miss|p2a: Ribombee|p1a: Annihilape\n|move|p1a: Annihilape|Stealth Rock|p2a: Ribombee\n|-sidestart|p2: Dragon Master Rosa|move: Stealth Rock\n|\n|upkeep\n|turn|10\n|\n|t:|1699831572\n|move|p2a: Ribombee|Stun Spore|p1a: Annihilape\n|-status|p1a: Annihilape|par\n|move|p1a: Annihilape|Curse|p2a: Ribombee\n|-start|p2a: Ribombee|Curse|[of] p1a: Annihilape\n|-damage|p1a: Annihilape|50\/100 par\n|\n|-damage|p2a: Ribombee|3\/100|[from] Curse\n|upkeep\n|turn|11\n|\n|t:|1699831581\n|move|p2a: Ribombee|U-turn|p1a: Annihilape\n|-resisted|p1a: Annihilape\n|-damage|p1a: Annihilape|47\/100 par\n|\n|t:|1699831583\n|switch|p2a: Greninja|Greninja, F|100\/100|[from] U-turn\n|move|p1a: Annihilape|Final Gambit|p2a: Greninja\n|-immune|p2a: Greninja\n|\n|upkeep\n|turn|12\n|\n|t:|1699831597\n|move|p2a: Greninja|Poltergeist|p1a: Annihilape\n|-activate|p1a: Annihilape|move: Poltergeist|Metronome\n|-supereffective|p1a: Annihilape\n|-damage|p1a: Annihilape|0 fnt\n|faint|p1a: Annihilape\n|\n|upkeep\n|\n|t:|1699831604\n|switch|p1a: Umbreon|Umbreon, M|100\/100\n|-activate|p1a: Umbreon|move: Sticky Web\n|-unboost|p1a: Umbreon|spe|1\n|turn|13\n|\n|t:|1699831610\n|-terastallize|p2a: Greninja|Fairy\n|move|p1a: Umbreon|Protect|p1a: Umbreon\n|-singleturn|p1a: Umbreon|Protect\n|move|p2a: Greninja|Swords Dance|p2a: Greninja\n|-boost|p2a: Greninja|atk|2\n|\n|upkeep\n|turn|14\n|\n|t:|1699831616\n|move|p2a: Greninja|Brick Break|p1a: Umbreon\n|-supereffective|p1a: Umbreon\n|-damage|p1a: Umbreon|45\/100\n|move|p1a: Umbreon|Toxic|p2a: Greninja\n|-status|p2a: Greninja|tox\n|\n|-heal|p1a: Umbreon|51\/100|[from] item: Leftovers\n|-damage|p2a: Greninja|95\/100 tox|[from] psn\n|upkeep\n|turn|15\n|\n|t:|1699831623\n|move|p2a: Greninja|Brick Break|p1a: Umbreon\n|-supereffective|p1a: Umbreon\n|-damage|p1a: Umbreon|4\/100\n|move|p1a: Umbreon|Wish|p1a: Umbreon\n|\n|-heal|p1a: Umbreon|10\/100|[from] item: Leftovers\n|-damage|p2a: Greninja|83\/100 tox|[from] psn\n|upkeep\n|turn|16\n|\n|t:|1699831629\n|move|p2a: Greninja|Crunch|p1a: Umbreon\n|-resisted|p1a: Umbreon\n|-damage|p1a: Umbreon|0 fnt\n|faint|p1a: Umbreon\n|\n|-damage|p2a: Greninja|65\/100 tox|[from] psn\n|upkeep\n|\n|t:|1699831640\n|switch|p1a: Slowbro|Slowbro-Galar, M|100\/100\n|-activate|p1a: Slowbro|move: Sticky Web\n|-unboost|p1a: Slowbro|spe|1\n|turn|17\n|-activate|p1a: Slowbro|ability: Quick Draw\n|\n|t:|1699831643\n|move|p1a: Slowbro|Sludge Bomb|p2a: Greninja\n|-supereffective|p2a: Greninja\n|-damage|p2a: Greninja|0 fnt\n|replace|p2a: Zoroark|Zoroark-Hisui, M\n|-end|p2a: Zoroark|Illusion\n|faint|p2a: Zoroark\n|\n|upkeep\n|\n|t:|1699831647\n|switch|p2a: Palafin|Palafin, F|100\/100\n|-damage|p2a: Palafin|88\/100|[from] Spikes\n|-damage|p2a: Palafin|76\/100|[from] Stealth Rock\n|turn|18\n|-activate|p1a: Slowbro|ability: Quick Draw\n|\n|t:|1699831649\n|detailschange|p2a: Palafin|Palafin-Hero, F\n|switch|p2a: Ribombee|Ribombee, F|3\/100\n|-damage|p2a: Ribombee|0 fnt|[from] Spikes\n|faint|p2a: Ribombee\n|move|p1a: Slowbro|Sludge Bomb|p2: Ribombee|[notarget]\n|-fail|p1a: Slowbro\n|\n|upkeep\n|\n|t:|1699831654\n|switch|p2a: Azelf|Azelf|100\/100\n|-damage|p2a: Azelf|88\/100|[from] Stealth Rock\n|turn|19\n|-activate|p1a: Slowbro|ability: Quick Draw\n|\n|t:|1699831658\n|-terastallize|p1a: Slowbro|Fire\n|move|p1a: Slowbro|Fire Blast|p2a: Azelf\n|-damage|p2a: Azelf|4\/100\n|move|p2a: Azelf|Knock Off|p1a: Slowbro\n|-damage|p1a: Slowbro|55\/100\n|-enditem|p1a: Slowbro|Quick Claw|[from] move: Knock Off|[of] p2a: Azelf\n|\n|upkeep\n|turn|20\n|\n|t:|1699831664\n|move|p2a: Azelf|Knock Off|p1a: Slowbro\n|-damage|p1a: Slowbro|23\/100\n|move|p1a: Slowbro|Sludge Bomb|p2a: Azelf\n|-damage|p2a: Azelf|0 fnt\n|faint|p2a: Azelf\n|\n|upkeep\n|\n|t:|1699831669\n|switch|p2a: Greninja|Greninja, F|100\/100\n|-damage|p2a: Greninja|88\/100|[from] Spikes\n|-damage|p2a: Greninja|76\/100|[from] Stealth Rock\n|turn|21\n|-activate|p1a: Slowbro|ability: Quick Draw\n|\n|t:|1699831676\n|move|p2a: Greninja|Shadow Sneak|p1a: Slowbro\n|-start|p2a: Greninja|typechange|Ghost|[from] ability: Protean\n|-damage|p1a: Slowbro|0 fnt\n|faint|p1a: Slowbro\n|\n|upkeep\n|\n|t:|1699831689\n|switch|p1a: Uxie|Uxie|100\/100\n|turn|22\n|\n|t:|1699831696\n|move|p2a: Greninja|Shadow Sneak|p1a: Uxie\n|-supereffective|p1a: Uxie\n|-damage|p1a: Uxie|59\/100\n|move|p1a: Uxie|Draining Kiss|p2a: Greninja\n|-damage|p2a: Greninja|62\/100\n|-heal|p1a: Uxie|70\/100|[from] drain|[of] p2a: Greninja\n|\n|upkeep\n|turn|23\n|\n|t:|1699831700\n|move|p2a: Greninja|Shadow Sneak|p1a: Uxie\n|-supereffective|p1a: Uxie\n|-damage|p1a: Uxie|28\/100\n|move|p1a: Uxie|Mystical Power|p2a: Greninja\n|-damage|p2a: Greninja|35\/100\n|-boost|p1a: Uxie|spa|1\n|\n|upkeep\n|turn|24\n|\n|t:|1699831705\n|move|p2a: Greninja|Shadow Sneak|p1a: Uxie\n|-supereffective|p1a: Uxie\n|-damage|p1a: Uxie|0 fnt\n|faint|p1a: Uxie\n|\n|upkeep\n|\n|t:|1699831706\n|switch|p1a: Goodra|Goodra-Hisui, M|100\/100\n|-activate|p1a: Goodra|move: Sticky Web\n|-unboost|p1a: Goodra|spe|1\n|turn|25\n|-message|Rei_darkness forfeited.\n|\n|win|Dragon Master Rosa\n|c|\u2606Dragon Master Rosa|ggwp\n","uploadtime":1699831715,"views":22,"p1id":"reidarkness","p2id":"dragonmasterrosa","formatid":"gen9ubers","rating":0,"private":0,"password":""}