{"id":"gen9ubers-1979566823","p1":"whaud","p2":"angl3r","format":"[Gen 9] Ubers","log":"|j|\u2606whaud\n|j|\u203dangl3r\n|t:|1698692870\n|gametype|singles\n|player|p1|whaud|alain|\n|player|p2|angl3r|iris|\n|teamsize|p1|6\n|teamsize|p2|6\n|gen|9\n|tier|[Gen 9] Ubers\n|rule|Sleep Clause Mod: Limit one foe put to sleep\n|rule|Species Clause: Limit one of each Pok\u00e9mon\n|rule|OHKO Clause: OHKO moves are banned\n|rule|Evasion Items Clause: Evasion items are banned\n|rule|Evasion Moves Clause: Evasion moves are banned\n|rule|Endless Battle Clause: Forcing endless battles is banned\n|rule|HP Percentage Mod: HP is shown in percentages\n|clearpoke\n|poke|p1|Cyclizar, M|\n|poke|p1|Palkia-Origin|\n|poke|p1|Magearna|\n|poke|p1|Palafin, M|\n|poke|p1|Zacian-*|\n|poke|p1|Arceus-Fighting|\n|poke|p2|Basculegion-F, F|\n|poke|p2|Magearna|\n|poke|p2|Cyclizar, F|\n|poke|p2|Shaymin-Sky|\n|poke|p2|Palkia-Origin|\n|poke|p2|Arceus-Fire|\n|teampreview\n|\n|t:|1698692877\n|start\n|switch|p1a: Palafin|Palafin, M|100\/100\n|switch|p2a: Cyclizar|Cyclizar, F|100\/100\n|turn|1\n|inactive|Battle timer is ON: inactive players will automatically lose when time's up. (requested by whaud)\n|\n|t:|1698692888\n|detailschange|p1a: Palafin|Palafin-Hero, M\n|switch|p1a: Magearna|Magearna|100\/100\n|move|p2a: Cyclizar|Shed Tail|p2a: Cyclizar\n|-start|p2a: Cyclizar|Substitute|[from] move: Shed Tail\n|-damage|p2a: Cyclizar|50\/100\n|\n|t:|1698692892\n|switch|p2a: Arceus|Arceus-Fire|100\/100|[from] Shed Tail\n|\n|upkeep\n|turn|2\n|\n|t:|1698692896\n|-terastallize|p1a: Magearna|Water\n|move|p2a: Arceus|Swords Dance|p2a: Arceus\n|-boost|p2a: Arceus|atk|2\n|move|p1a: Magearna|Calm Mind|p1a: Magearna\n|-boost|p1a: Magearna|spa|1\n|-boost|p1a: Magearna|spd|1\n|\n|upkeep\n|turn|3\n|\n|t:|1698692901\n|move|p2a: Arceus|Extreme Speed|p1a: Magearna\n|-damage|p1a: Magearna|64\/100\n|move|p1a: Magearna|Iron Defense|p1a: Magearna\n|-boost|p1a: Magearna|def|2\n|\n|-heal|p1a: Magearna|70\/100|[from] item: Leftovers\n|upkeep\n|turn|4\n|\n|t:|1698692908\n|switch|p2a: Shaymin|Shaymin-Sky|100\/100\n|move|p1a: Magearna|Stored Power|p2a: Shaymin\n|-damage|p2a: Shaymin|44\/100\n|\n|-heal|p1a: Magearna|76\/100|[from] item: Leftovers\n|upkeep\n|turn|5\n|\n|t:|1698692913\n|move|p2a: Shaymin|Seed Flare|p1a: Magearna\n|-supereffective|p1a: Magearna\n|-damage|p1a: Magearna|16\/100\n|-unboost|p1a: Magearna|spd|2\n|move|p1a: Magearna|Stored Power|p2a: Shaymin\n|-damage|p2a: Shaymin|3\/100\n|\n|-heal|p1a: Magearna|22\/100|[from] item: Leftovers\n|upkeep\n|turn|6\n|\n|t:|1698692917\n|move|p2a: Shaymin|Air Slash|p1a: Magearna\n|-crit|p1a: Magearna\n|-damage|p1a: Magearna|0 fnt\n|faint|p1a: Magearna\n|\n|upkeep\n|\n|t:|1698692925\n|switch|p1a: Cyclizar|Cyclizar, M|100\/100\n|turn|7\n|\n|t:|1698692927\n|move|p1a: Cyclizar|U-turn|p2a: Shaymin\n|-damage|p2a: Shaymin|0 fnt\n|faint|p2a: Shaymin\n|\n|t:|1698692930\n|switch|p1a: Palkia|Palkia-Origin|100\/100|[from] U-turn\n|-ability|p1a: Palkia|Pressure\n|\n|upkeep\n|\n|t:|1698692935\n|switch|p2a: Palkia|Palkia-Origin|100\/100\n|-ability|p2a: Palkia|Pressure\n|turn|8\n|\n|t:|1698692940\n|move|p1a: Palkia|Substitute|p1a: Palkia\n|-start|p1a: Palkia|Substitute\n|-damage|p1a: Palkia|76\/100\n|move|p2a: Palkia|Spacial Rend|p1a: Palkia\n|-supereffective|p1a: Palkia\n|-crit|p1a: Palkia\n|-end|p1a: Palkia|Substitute\n|\n|upkeep\n|turn|9\n|\n|t:|1698692946\n|move|p1a: Palkia|Draco Meteor|p2a: Palkia\n|-supereffective|p2a: Palkia\n|-damage|p2a: Palkia|0 fnt\n|-unboost|p1a: Palkia|spa|2\n|faint|p2a: Palkia\n|\n|upkeep\n|\n|t:|1698692953\n|switch|p2a: Magearna|Magearna|100\/100\n|turn|10\n|\n|t:|1698692957\n|move|p1a: Palkia|Fire Blast|p2a: Magearna\n|-supereffective|p2a: Magearna\n|-damage|p2a: Magearna|65\/100\n|move|p2a: Magearna|Shift Gear|p2a: Magearna\n|-boost|p2a: Magearna|spe|2\n|-boost|p2a: Magearna|atk|1\n|\n|-heal|p2a: Magearna|71\/100|[from] item: Leftovers\n|upkeep\n|turn|11\n|\n|t:|1698692962\n|move|p1a: Palkia|Fire Blast|p2a: Magearna\n|-supereffective|p2a: Magearna\n|-damage|p2a: Magearna|35\/100\n|move|p2a: Magearna|Calm Mind|p2a: Magearna\n|-boost|p2a: Magearna|spa|1\n|-boost|p2a: Magearna|spd|1\n|\n|-heal|p2a: Magearna|41\/100|[from] item: Leftovers\n|upkeep\n|turn|12\n|\n|t:|1698692965\n|move|p1a: Palkia|Fire Blast|p2a: Magearna|[miss]\n|-miss|p1a: Palkia|p2a: Magearna\n|move|p2a: Magearna|Shift Gear|p2a: Magearna\n|-boost|p2a: Magearna|spe|2\n|-boost|p2a: Magearna|atk|1\n|\n|-heal|p2a: Magearna|47\/100|[from] item: Leftovers\n|upkeep\n|turn|13\n|\n|t:|1698692968\n|move|p2a: Magearna|Calm Mind|p2a: Magearna\n|-boost|p2a: Magearna|spa|1\n|-boost|p2a: Magearna|spd|1\n|move|p1a: Palkia|Fire Blast|p2a: Magearna\n|-supereffective|p2a: Magearna\n|-damage|p2a: Magearna|29\/100\n|\n|-heal|p2a: Magearna|35\/100|[from] item: Leftovers\n|upkeep\n|turn|14\n|\n|t:|1698692974\n|move|p2a: Magearna|Fleur Cannon|p1a: Palkia\n|-supereffective|p1a: Palkia\n|-crit|p1a: Palkia\n|-damage|p1a: Palkia|0 fnt\n|-unboost|p2a: Magearna|spa|2\n|faint|p1a: Palkia\n|-ability|p2a: Magearna|Soul-Heart|boost\n|-boost|p2a: Magearna|spa|1\n|\n|-heal|p2a: Magearna|41\/100|[from] item: Leftovers\n|upkeep\n|\n|t:|1698692979\n|switch|p1a: Cyclizar|Cyclizar, M|100\/100\n|turn|15\n|\n|t:|1698692984\n|move|p1a: Cyclizar|Knock Off|p2a: Magearna\n|-resisted|p2a: Magearna\n|-damage|p2a: Magearna|33\/100\n|-enditem|p2a: Magearna|Leftovers|[from] move: Knock Off|[of] p1a: Cyclizar\n|move|p2a: Magearna|Fleur Cannon|p1a: Cyclizar\n|-supereffective|p1a: Cyclizar\n|-damage|p1a: Cyclizar|0 fnt\n|-unboost|p2a: Magearna|spa|2\n|faint|p1a: Cyclizar\n|-ability|p2a: Magearna|Soul-Heart|boost\n|-boost|p2a: Magearna|spa|1\n|\n|upkeep\n|\n|t:|1698692987\n|switch|p1a: Zacian|Zacian|100\/100\n|-ability|p1a: Zacian|Intrepid Sword|boost\n|-boost|p1a: Zacian|atk|1\n|turn|16\n|\n|t:|1698692992\n|move|p2a: Magearna|Flash Cannon|p1a: Zacian\n|-supereffective|p1a: Zacian\n|-damage|p1a: Zacian|14\/100\n|move|p1a: Zacian|Close Combat|p2a: Magearna\n|-damage|p2a: Magearna|0 fnt\n|-unboost|p1a: Zacian|def|1\n|-unboost|p1a: Zacian|spd|1\n|faint|p2a: Magearna\n|\n|upkeep\n|\n|t:|1698692995\n|switch|p2a: Arceus|Arceus-Fire|100\/100\n|turn|17\n|\n|t:|1698692997\n|move|p2a: Arceus|Extreme Speed|p1a: Zacian\n|-damage|p1a: Zacian|0 fnt\n|faint|p1a: Zacian\n|\n|upkeep\n|\n|t:|1698693001\n|switch|p1a: Arceus|Arceus-Fighting|100\/100\n|turn|18\n|\n|t:|1698693006\n|-terastallize|p2a: Arceus|Fire\n|move|p1a: Arceus|Cosmic Power|p1a: Arceus\n|-boost|p1a: Arceus|def|1\n|-boost|p1a: Arceus|spd|1\n|move|p2a: Arceus|Flare Blitz|p1a: Arceus\n|-damage|p1a: Arceus|66\/100\n|-damage|p2a: Arceus|89\/100|[from] Recoil\n|\n|upkeep\n|turn|19\n|\n|t:|1698693013\n|move|p1a: Arceus|Cosmic Power|p1a: Arceus\n|-boost|p1a: Arceus|def|1\n|-boost|p1a: Arceus|spd|1\n|move|p2a: Arceus|Flare Blitz|p1a: Arceus\n|-damage|p1a: Arceus|37\/100\n|-status|p1a: Arceus|brn\n|-damage|p2a: Arceus|79\/100|[from] Recoil\n|\n|-damage|p1a: Arceus|30\/100 brn|[from] brn\n|upkeep\n|turn|20\n|\n|t:|1698693016\n|move|p1a: Arceus|Recover|p1a: Arceus\n|-heal|p1a: Arceus|80\/100 brn\n|move|p2a: Arceus|Flare Blitz|p1a: Arceus\n|-damage|p1a: Arceus|53\/100 brn\n|-damage|p2a: Arceus|70\/100|[from] Recoil\n|\n|-damage|p1a: Arceus|46\/100 brn|[from] brn\n|upkeep\n|turn|21\n|\n|t:|1698693019\n|move|p1a: Arceus|Recover|p1a: Arceus\n|-heal|p1a: Arceus|96\/100 brn\n|move|p2a: Arceus|Flare Blitz|p1a: Arceus\n|-crit|p1a: Arceus\n|-damage|p1a: Arceus|6\/100 brn\n|-damage|p2a: Arceus|40\/100|[from] Recoil\n|\n|-damage|p1a: Arceus|0 fnt|[from] brn\n|faint|p1a: Arceus\n|upkeep\n|\n|t:|1698693022\n|switch|p1a: Palafin|Palafin-Hero, M|100\/100\n|-activate|p1a: Palafin|ability: Zero to Hero\n|turn|22\n|\n|t:|1698693027\n|move|p2a: Arceus|Extreme Speed|p1a: Palafin\n|-damage|p1a: Palafin|74\/100\n|move|p1a: Palafin|Jet Punch|p2a: Arceus\n|-supereffective|p2a: Arceus\n|-damage|p2a: Arceus|2\/100\n|\n|-heal|p1a: Palafin|80\/100|[from] item: Leftovers\n|upkeep\n|turn|23\n|\n|t:|1698693031\n|move|p2a: Arceus|Extreme Speed|p1a: Palafin\n|-damage|p1a: Palafin|54\/100\n|move|p1a: Palafin|Jet Punch|p2a: Arceus\n|-supereffective|p2a: Arceus\n|-damage|p2a: Arceus|0 fnt\n|faint|p2a: Arceus\n|\n|-heal|p1a: Palafin|60\/100|[from] item: Leftovers\n|upkeep\n|\n|t:|1698693033\n|switch|p2a: Basculegion|Basculegion-F, F|100\/100\n|turn|24\n|\n|t:|1698693035\n|move|p2a: Basculegion|Last Respects|p1a: Palafin\n|-damage|p1a: Palafin|0 fnt\n|faint|p1a: Palafin\n|\n|win|angl3r\n|c|\u2606whaud|gg\n|player|p1|whaud|alain\n","uploadtime":1698693039,"views":25,"p1id":"whaud","p2id":"angl3r","formatid":"gen9ubers","rating":0,"private":0,"password":""}