{"id":"gen9ubers-1974471830","p1":"TRaSHiNSeCT","p2":"Rei_darkness","format":"[Gen 9] Ubers","log":"|j|\u2606TRaSHiNSeCT\n|j|\u2606Rei_darkness\n|t:|1698089771\n|gametype|singles\n|player|p1|TRaSHiNSeCT|workerice|\n|player|p2|Rei_darkness|drayden|\n|teamsize|p1|6\n|teamsize|p2|6\n|gen|9\n|tier|[Gen 9] Ubers\n|rule|Sleep Clause Mod: Limit one foe put to sleep\n|rule|Species Clause: Limit one of each Pok\u00e9mon\n|rule|OHKO Clause: OHKO moves are banned\n|rule|Evasion Items Clause: Evasion items are banned\n|rule|Evasion Moves Clause: Evasion moves are banned\n|rule|Endless Battle Clause: Forcing endless battles is banned\n|rule|HP Percentage Mod: HP is shown in percentages\n|clearpoke\n|poke|p1|Slowking-Galar, F|\n|poke|p1|Torkoal, F|\n|poke|p1|Amoonguss, F|\n|poke|p1|Toedscruel, F|\n|poke|p1|Greninja-*, M|\n|poke|p1|Mesprit|\n|poke|p2|Glimmora, F|\n|poke|p2|Thundurus, M|\n|poke|p2|Palafin, M|\n|poke|p2|Zoroark-Hisui, F|\n|poke|p2|Slowbro-Galar, F|\n|poke|p2|Slowking-Galar, M|\n|teampreview\n|\n|t:|1698089786\n|start\n|switch|p1a: Mesprit|Mesprit|100\/100\n|switch|p2a: Glimmora|Glimmora, F|100\/100\n|turn|1\n|\n|t:|1698089792\n|move|p2a: Glimmora|Stealth Rock|p1a: Mesprit\n|-sidestart|p1: TRaSHiNSeCT|move: Stealth Rock\n|move|p1a: Mesprit|Mystical Power|p2a: Glimmora\n|-supereffective|p2a: Glimmora\n|-crit|p2a: Glimmora\n|-enditem|p2a: Glimmora|Focus Sash\n|-damage|p2a: Glimmora|1\/100\n|-boost|p1a: Mesprit|spa|1\n|\n|upkeep\n|turn|2\n|\n|t:|1698089800\n|move|p2a: Glimmora|Explosion|p1a: Mesprit\n|-damage|p1a: Mesprit|53\/100\n|faint|p2a: Glimmora\n|move|p1a: Mesprit|Substitute|p1a: Mesprit\n|-start|p1a: Mesprit|Substitute\n|-damage|p1a: Mesprit|28\/100\n|\n|-heal|p1a: Mesprit|34\/100|[from] item: Leftovers\n|upkeep\n|\n|t:|1698089819\n|switch|p2a: Slowking|Slowking-Galar, M|100\/100\n|turn|3\n|\n|t:|1698089823\n|move|p2a: Slowking|U-turn|p1a: Mesprit\n|-supereffective|p1a: Mesprit\n|-end|p1a: Mesprit|Substitute\n|\n|t:|1698089826\n|switch|p2a: Slowking|Slowking-Galar, M|100\/100|[from] U-turn\n|move|p1a: Mesprit|Mystical Power|p2a: Slowking\n|-crit|p2a: Slowking\n|-damage|p2a: Slowking|54\/100\n|-boost|p1a: Mesprit|spa|1\n|\n|-heal|p1a: Mesprit|40\/100|[from] item: Leftovers\n|upkeep\n|turn|4\n|\n|t:|1698089835\n|move|p1a: Mesprit|Substitute|p1a: Mesprit\n|-start|p1a: Mesprit|Substitute\n|-damage|p1a: Mesprit|15\/100\n|move|p2a: Slowking|Foul Play|p1a: Mesprit\n|-supereffective|p1a: Mesprit\n|-end|p1a: Mesprit|Substitute\n|\n|-heal|p1a: Mesprit|21\/100|[from] item: Leftovers\n|upkeep\n|turn|5\n|\n|t:|1698089844\n|switch|p1a: Toedscruel|Toedscruel, F|100\/100\n|-damage|p1a: Toedscruel|94\/100|[from] Stealth Rock\n|move|p2a: Slowking|Thunder Wave|p1a: Toedscruel\n|-immune|p1a: Toedscruel\n|\n|-heal|p1a: Toedscruel|100\/100|[from] item: Leftovers\n|upkeep\n|turn|6\n|\n|t:|1698089852\n|move|p1a: Toedscruel|Rapid Spin|p2a: Slowking\n|-damage|p2a: Slowking|44\/100\n|-boost|p1a: Toedscruel|spe|1\n|-sideend|p1: TRaSHiNSeCT|Stealth Rock|[from] move: Rapid Spin|[of] p1a: Toedscruel\n|move|p2a: Slowking|Chilly Reception|p2a: Slowking\n|-weather|Snow\n|\n|t:|1698089868\n|switch|p2a: Thundurus|Thundurus, M|100\/100|[from] Chilly Reception\n|\n|-weather|Snow|[upkeep]\n|upkeep\n|turn|7\n|\n|t:|1698089874\n|move|p2a: Thundurus|Acrobatics|p1a: Toedscruel\n|-supereffective|p1a: Toedscruel\n|-damage|p1a: Toedscruel|26\/100\n|move|p1a: Toedscruel|Leech Seed|p2a: Thundurus|[miss]\n|-miss|p1a: Toedscruel|p2a: Thundurus\n|\n|-weather|Snow|[upkeep]\n|-heal|p1a: Toedscruel|32\/100|[from] item: Leftovers\n|upkeep\n|turn|8\n|\n|t:|1698089881\n|move|p2a: Thundurus|Acrobatics|p1a: Toedscruel\n|-supereffective|p1a: Toedscruel\n|-damage|p1a: Toedscruel|0 fnt\n|faint|p1a: Toedscruel\n|\n|-weather|Snow|[upkeep]\n|upkeep\n|\n|t:|1698089895\n|switch|p1a: Slowking|Slowking-Galar, F|100\/100\n|turn|9\n|\n|t:|1698089928\n|switch|p2a: Palafin|Palafin, M|100\/100\n|move|p1a: Slowking|Trick Room|p1a: Slowking\n|-fieldstart|move: Trick Room|[of] p1a: Slowking\n|\n|-weather|Snow|[upkeep]\n|upkeep\n|turn|10\n|\n|t:|1698089936\n|detailschange|p2a: Palafin|Palafin-Hero, M\n|switch|p2a: Slowking|Slowking-Galar, M|77\/100\n|move|p1a: Slowking|Chilly Reception|p1a: Slowking\n|\n|t:|1698089941\n|switch|p1a: Torkoal|Torkoal, F|100\/100|[from] Chilly Reception\n|-weather|SunnyDay|[from] ability: Drought|[of] p1a: Torkoal\n|\n|-weather|SunnyDay|[upkeep]\n|upkeep\n|turn|11\n|\n|t:|1698089948\n|-terastallize|p1a: Torkoal|Fire\n|move|p1a: Torkoal|Eruption|p2a: Slowking\n|-damage|p2a: Slowking|0 fnt\n|faint|p2a: Slowking\n|\n|-weather|SunnyDay|[upkeep]\n|upkeep\n|\n|t:|1698089960\n|switch|p2a: Slowbro|Slowbro-Galar, F|100\/100\n|turn|12\n|\n|t:|1698089968\n|-terastallize|p2a: Slowbro|Water\n|move|p1a: Torkoal|Eruption|p2a: Slowbro\n|-resisted|p2a: Slowbro\n|-damage|p2a: Slowbro|0 fnt\n|faint|p2a: Slowbro\n|\n|-weather|SunnyDay|[upkeep]\n|upkeep\n|\n|t:|1698089977\n|switch|p2a: Thundurus|Thundurus, M|100\/100\n|turn|13\n|\n|t:|1698089982\n|move|p2a: Thundurus|Shadow Sneak|p1a: Torkoal\n|-crit|p1a: Torkoal\n|-damage|p1a: Torkoal|71\/100\n|move|p1a: Torkoal|Eruption|p2a: Thundurus\n|-damage|p2a: Thundurus|0 fnt\n|replace|p2a: Zoroark|Zoroark-Hisui, F\n|-end|p2a: Zoroark|Illusion\n|faint|p2a: Zoroark\n|\n|-weather|SunnyDay|[upkeep]\n|-fieldend|move: Trick Room\n|upkeep\n|\n|t:|1698089988\n|switch|p2a: Palafin|Palafin-Hero, M|100\/100\n|-activate|p2a: Palafin|ability: Zero to Hero\n|turn|14\n|\n|t:|1698089997\n|move|p2a: Palafin|Boomburst|p1a: Torkoal\n|-damage|p1a: Torkoal|0 fnt\n|faint|p1a: Torkoal\n|\n|-weather|none\n|upkeep\n|\n|t:|1698090003\n|switch|p1a: Slowking|Slowking-Galar, F|100\/100\n|turn|15\n|\n|t:|1698090006\n|move|p2a: Palafin|Boomburst|p1a: Slowking\n|-damage|p1a: Slowking|66\/100\n|move|p1a: Slowking|Toxic|p2a: Palafin\n|-status|p2a: Palafin|tox\n|\n|-damage|p2a: Palafin|94\/100 tox|[from] psn\n|upkeep\n|turn|16\n|\n|t:|1698090018\n|switch|p2a: Thundurus|Thundurus, M|100\/100\n|move|p1a: Slowking|Chilly Reception|p1a: Slowking\n|-weather|Snow\n|\n|t:|1698090029\n|switch|p1a: Greninja|Greninja, M|100\/100|[from] Chilly Reception\n|\n|-weather|Snow|[upkeep]\n|upkeep\n|turn|17\n|\n|t:|1698090039\n|move|p2a: Thundurus|Wild Charge|p1a: Greninja\n|-supereffective|p1a: Greninja\n|-damage|p1a: Greninja|0 fnt\n|faint|p1a: Greninja\n|-damage|p2a: Thundurus|77\/100|[from] Recoil\n|\n|-weather|Snow|[upkeep]\n|upkeep\n|\n|t:|1698090045\n|switch|p1a: Amoonguss|Amoonguss, F|100\/100\n|turn|18\n|\n|t:|1698090049\n|switch|p2a: Palafin|Palafin-Hero, M|94\/100 tox\n|move|p1a: Amoonguss|Spore||[still]\n|-fail|p1a: Amoonguss\n|\n|-weather|Snow|[upkeep]\n|-damage|p2a: Palafin|88\/100 tox|[from] psn\n|upkeep\n|turn|19\n|\n|t:|1698090057\n|switch|p1a: Slowking|Slowking-Galar, F|99\/100\n|move|p2a: Palafin|Blizzard|p1a: Slowking\n|-damage|p1a: Slowking|71\/100\n|\n|-weather|Snow|[upkeep]\n|-damage|p2a: Palafin|76\/100 tox|[from] psn\n|upkeep\n|turn|20\n|\n|t:|1698090064\n|switch|p2a: Thundurus|Thundurus, M|77\/100\n|move|p1a: Slowking|Foul Play|p2a: Thundurus\n|-damage|p2a: Thundurus|22\/100\n|\n|-weather|none\n|upkeep\n|turn|21\n|\n|t:|1698090076\n|move|p2a: Thundurus|Wild Charge|p1a: Slowking\n|-damage|p1a: Slowking|24\/100\n|-damage|p2a: Thundurus|6\/100|[from] Recoil\n|move|p1a: Slowking|Foul Play|p2a: Thundurus\n|-damage|p2a: Thundurus|0 fnt\n|faint|p2a: Thundurus\n|\n|upkeep\n|\n|t:|1698090078\n|switch|p2a: Palafin|Palafin-Hero, M|76\/100 tox\n|turn|22\n|\n|t:|1698090086\n|switch|p1a: Amoonguss|Amoonguss, F|100\/100\n|move|p2a: Palafin|Boomburst|p1a: Amoonguss\n|-damage|p1a: Amoonguss|44\/100\n|\n|-damage|p2a: Palafin|70\/100 tox|[from] psn\n|upkeep\n|turn|23\n|\n|t:|1698090093\n|move|p2a: Palafin|Boomburst|p1a: Amoonguss\n|-damage|p1a: Amoonguss|0 fnt\n|faint|p1a: Amoonguss\n|\n|-damage|p2a: Palafin|57\/100 tox|[from] psn\n|upkeep\n|\n|t:|1698090099\n|switch|p1a: Slowking|Slowking-Galar, F|58\/100\n|turn|24\n|\n|t:|1698090103\n|move|p2a: Palafin|Boomburst|p1a: Slowking\n|-damage|p1a: Slowking|22\/100\n|move|p1a: Slowking|Foul Play|p2a: Palafin\n|-damage|p2a: Palafin|28\/100 tox\n|\n|-damage|p2a: Palafin|10\/100 tox|[from] psn\n|upkeep\n|turn|25\n|c|\u2606Rei_darkness|gg\n|c|\u2606Rei_darkness|wp\n|c|\u2606TRaSHiNSeCT|gg wp\n|\n|t:|1698090113\n|move|p2a: Palafin|Boomburst|p1a: Slowking\n|-damage|p1a: Slowking|0 fnt\n|faint|p1a: Slowking\n|\n|-damage|p2a: Palafin|0 fnt|[from] psn\n|faint|p2a: Palafin\n|\n|win|TRaSHiNSeCT\n|upkeep\n","uploadtime":1698090117,"views":12,"p1id":"trashinsect","p2id":"reidarkness","formatid":"gen9ubers","rating":0,"private":0,"password":""}