{"id":"gen9ubers-1976316661","p1":"Nitro524","p2":"GerrytheHeeHo","format":"[Gen 9] Ubers","log":"|j|\u2606Nitro524\n|j|\u2606GerrytheHeeHo\n|t:|1698285811\n|gametype|singles\n|player|p1|Nitro524|170|\n|player|p2|GerrytheHeeHo|brock-gen1rb|\n|teamsize|p1|6\n|teamsize|p2|6\n|gen|9\n|tier|[Gen 9] Ubers\n|rule|Sleep Clause Mod: Limit one foe put to sleep\n|rule|Species Clause: Limit one of each Pok\u00e9mon\n|rule|OHKO Clause: OHKO moves are banned\n|rule|Evasion Items Clause: Evasion items are banned\n|rule|Evasion Moves Clause: Evasion moves are banned\n|rule|Endless Battle Clause: Forcing endless battles is banned\n|rule|HP Percentage Mod: HP is shown in percentages\n|clearpoke\n|poke|p1|Torkoal, F|\n|poke|p1|Chi-Yu|\n|poke|p1|Cyclizar, M|\n|poke|p1|Magearna|\n|poke|p1|Roaring Moon|\n|poke|p1|Walking Wake|\n|poke|p2|Cyclizar, F|\n|poke|p2|Gholdengo|\n|poke|p2|Ursaluna-Bloodmoon, M|\n|poke|p2|Palafin, M|\n|poke|p2|Donphan, M|\n|poke|p2|Zacian-*|\n|teampreview\n|\n|t:|1698285821\n|start\n|switch|p1a: Torkoal|Torkoal, F|100\/100\n|switch|p2a: Donphan|Donphan, M|100\/100\n|-weather|SunnyDay|[from] ability: Drought|[of] p1a: Torkoal\n|turn|1\n|\n|t:|1698285828\n|move|p2a: Donphan|Earthquake|p1a: Torkoal\n|-supereffective|p1a: Torkoal\n|-damage|p1a: Torkoal|35\/100\n|move|p1a: Torkoal|Yawn|p2a: Donphan\n|-start|p2a: Donphan|move: Yawn|[of] p1a: Torkoal\n|\n|-weather|SunnyDay|[upkeep]\n|upkeep\n|turn|2\n|\n|t:|1698285839\n|switch|p1a: Magearna|Magearna|100\/100\n|move|p2a: Donphan|Earthquake|p1a: Magearna\n|-supereffective|p1a: Magearna\n|-damage|p1a: Magearna|30\/100\n|\n|-weather|SunnyDay|[upkeep]\n|-heal|p1a: Magearna|36\/100|[from] item: Leftovers\n|-end|p2a: Donphan|move: Yawn|[silent]\n|-status|p2a: Donphan|slp\n|upkeep\n|turn|3\n|\n|t:|1698285849\n|switch|p2a: Cyclizar|Cyclizar, F|100\/100\n|move|p1a: Magearna|Iron Defense|p1a: Magearna\n|-boost|p1a: Magearna|def|2\n|\n|-weather|SunnyDay|[upkeep]\n|-heal|p1a: Magearna|42\/100|[from] item: Leftovers\n|upkeep\n|turn|4\n|\n|t:|1698285856\n|move|p2a: Cyclizar|Shed Tail|p2a: Cyclizar\n|-start|p2a: Cyclizar|Substitute|[from] move: Shed Tail\n|-damage|p2a: Cyclizar|50\/100\n|\n|t:|1698285859\n|switch|p2a: Gholdengo|Gholdengo|100\/100|[from] Shed Tail\n|-item|p2a: Gholdengo|Air Balloon\n|move|p1a: Magearna|Calm Mind|p1a: Magearna\n|-boost|p1a: Magearna|spa|1\n|-boost|p1a: Magearna|spd|1\n|\n|-weather|SunnyDay|[upkeep]\n|-heal|p1a: Magearna|48\/100|[from] item: Leftovers\n|upkeep\n|turn|5\n|\n|t:|1698285869\n|move|p2a: Gholdengo|Nasty Plot|p2a: Gholdengo\n|-boost|p2a: Gholdengo|spa|2\n|move|p1a: Magearna|Calm Mind|p1a: Magearna\n|-boost|p1a: Magearna|spa|1\n|-boost|p1a: Magearna|spd|1\n|\n|-weather|SunnyDay|[upkeep]\n|-heal|p1a: Magearna|54\/100|[from] item: Leftovers\n|upkeep\n|turn|6\n|\n|t:|1698285893\n|-terastallize|p1a: Magearna|Water\n|move|p2a: Gholdengo|Nasty Plot|p2a: Gholdengo\n|-boost|p2a: Gholdengo|spa|2\n|move|p1a: Magearna|Stored Power|p2a: Gholdengo\n|-resisted|p2a: Gholdengo\n|-end|p2a: Gholdengo|Substitute\n|-enditem|p2a: Gholdengo|Air Balloon\n|\n|-weather|SunnyDay|[upkeep]\n|-heal|p1a: Magearna|60\/100|[from] item: Leftovers\n|upkeep\n|turn|7\n|\n|t:|1698285912\n|move|p2a: Gholdengo|Shadow Ball|p1a: Magearna\n|-damage|p1a: Magearna|10\/100\n|move|p1a: Magearna|Draining Kiss|p2a: Gholdengo\n|-resisted|p2a: Gholdengo\n|-damage|p2a: Gholdengo|77\/100\n|-heal|p1a: Magearna|26\/100|[from] drain|[of] p2a: Gholdengo\n|\n|-weather|SunnyDay|[upkeep]\n|-heal|p1a: Magearna|32\/100|[from] item: Leftovers\n|upkeep\n|turn|8\n|\n|t:|1698285926\n|switch|p1a: Cyclizar|Cyclizar, M|100\/100\n|move|p2a: Gholdengo|Shadow Ball|p1a: Cyclizar\n|-immune|p1a: Cyclizar\n|\n|-weather|none\n|upkeep\n|turn|9\n|\n|t:|1698285939\n|move|p1a: Cyclizar|Shed Tail|p1a: Cyclizar\n|-start|p1a: Cyclizar|Substitute|[from] move: Shed Tail\n|-damage|p1a: Cyclizar|50\/100\n|\n|t:|1698285943\n|switch|p1a: Chi-Yu|Chi-Yu|100\/100|[from] Shed Tail\n|-ability|p1a: Chi-Yu|Beads of Ruin\n|move|p2a: Gholdengo|Make It Rain|p1a: Chi-Yu\n|-resisted|p1a: Chi-Yu\n|-end|p1a: Chi-Yu|Substitute\n|-unboost|p2a: Gholdengo|spa|1\n|\n|upkeep\n|turn|10\n|\n|t:|1698285951\n|switch|p2a: Palafin|Palafin, M|100\/100\n|move|p1a: Chi-Yu|Dark Pulse|p2a: Palafin\n|-damage|p2a: Palafin|9\/100\n|\n|upkeep\n|turn|11\n|\n|t:|1698285959\n|switch|p1a: Torkoal|Torkoal, F|35\/100\n|-weather|SunnyDay|[from] ability: Drought|[of] p1a: Torkoal\n|move|p2a: Palafin|Jet Punch|p1a: Torkoal\n|-supereffective|p1a: Torkoal\n|-damage|p1a: Torkoal|17\/100\n|\n|-weather|SunnyDay|[upkeep]\n|upkeep\n|turn|12\n|\n|t:|1698285964\n|move|p2a: Palafin|Jet Punch|p1a: Torkoal\n|-supereffective|p1a: Torkoal\n|-damage|p1a: Torkoal|0 fnt\n|faint|p1a: Torkoal\n|\n|-weather|SunnyDay|[upkeep]\n|upkeep\n|\n|t:|1698285967\n|switch|p1a: Walking Wake|Walking Wake|100\/100\n|-activate|p1a: Walking Wake|ability: Protosynthesis\n|-start|p1a: Walking Wake|protosynthesisspe\n|turn|13\n|\n|t:|1698285973\n|detailschange|p2a: Palafin|Palafin-Hero, M\n|switch|p2a: Donphan|Donphan, M|100\/100 slp\n|move|p1a: Walking Wake|Hydro Steam|p2a: Donphan\n|-supereffective|p2a: Donphan\n|-ability|p2a: Donphan|Sturdy\n|-damage|p2a: Donphan|1\/100 slp\n|\n|-weather|SunnyDay|[upkeep]\n|upkeep\n|turn|14\n|-enditem|p2a: Donphan|Custap Berry|[eat]\n|-activate|p2a: Donphan|item: Custap Berry|[consumed]\n|\n|t:|1698285976\n|cant|p2a: Donphan|slp\n|move|p1a: Walking Wake|Hydro Steam|p2a: Donphan\n|-supereffective|p2a: Donphan\n|-damage|p2a: Donphan|0 fnt\n|faint|p2a: Donphan\n|\n|-weather|SunnyDay|[upkeep]\n|upkeep\n|\n|t:|1698285982\n|switch|p2a: Cyclizar|Cyclizar, F|84\/100\n|turn|15\n|\n|t:|1698285987\n|move|p2a: Cyclizar|Shed Tail|p2a: Cyclizar\n|-start|p2a: Cyclizar|Substitute|[from] move: Shed Tail\n|-damage|p2a: Cyclizar|34\/100\n|\n|t:|1698285990\n|switch|p2a: Palafin|Palafin-Hero, M|9\/100|[from] Shed Tail\n|-activate|p2a: Palafin|ability: Zero to Hero\n|move|p1a: Walking Wake|Hydro Steam|p2a: Palafin\n|-resisted|p2a: Palafin\n|-end|p2a: Palafin|Substitute\n|\n|-weather|SunnyDay|[upkeep]\n|upkeep\n|turn|16\n|\n|t:|1698285996\n|move|p2a: Palafin|Jet Punch|p1a: Walking Wake\n|-resisted|p1a: Walking Wake\n|-damage|p1a: Walking Wake|93\/100\n|move|p1a: Walking Wake|Hydro Steam|p2a: Palafin\n|-resisted|p2a: Palafin\n|-damage|p2a: Palafin|0 fnt\n|faint|p2a: Palafin\n|\n|-weather|SunnyDay|[upkeep]\n|upkeep\n|\n|t:|1698286007\n|switch|p2a: Cyclizar|Cyclizar, F|67\/100\n|turn|17\n|\n|t:|1698286016\n|move|p2a: Cyclizar|U-turn|p1a: Walking Wake\n|-damage|p1a: Walking Wake|77\/100\n|\n|t:|1698286019\n|switch|p2a: Gholdengo|Gholdengo|77\/100|[from] U-turn\n|move|p1a: Walking Wake|Hydro Steam|p2a: Gholdengo\n|-damage|p2a: Gholdengo|0 fnt\n|faint|p2a: Gholdengo\n|\n|-weather|SunnyDay|[upkeep]\n|upkeep\n|\n|t:|1698286022\n|switch|p2a: Cyclizar|Cyclizar, F|99\/100\n|turn|18\n|\n|t:|1698286027\n|move|p2a: Cyclizar|Shed Tail|p2a: Cyclizar\n|-start|p2a: Cyclizar|Substitute|[from] move: Shed Tail\n|-damage|p2a: Cyclizar|50\/100\n|\n|t:|1698286030\n|switch|p2a: Zacian|Zacian|100\/100|[from] Shed Tail\n|-ability|p2a: Zacian|Intrepid Sword|boost\n|-boost|p2a: Zacian|atk|1\n|move|p1a: Walking Wake|Hydro Steam|p2a: Zacian\n|-end|p2a: Zacian|Substitute\n|\n|-weather|none\n|-end|p1a: Walking Wake|Protosynthesis\n|upkeep\n|turn|19\n|j| Classy Crook\n|\n|t:|1698286050\n|move|p2a: Zacian|Play Rough|p1a: Walking Wake\n|-supereffective|p1a: Walking Wake\n|-damage|p1a: Walking Wake|0 fnt\n|faint|p1a: Walking Wake\n|-end|p1a: Walking Wake|Protosynthesis|[silent]\n|-damage|p2a: Zacian|91\/100|[from] item: Life Orb\n|\n|upkeep\n|\n|t:|1698286059\n|switch|p1a: Chi-Yu|Chi-Yu|100\/100\n|-ability|p1a: Chi-Yu|Beads of Ruin\n|turn|20\n|\n|t:|1698286072\n|move|p1a: Chi-Yu|Overheat|p2a: Zacian\n|-damage|p2a: Zacian|0 fnt\n|-unboost|p1a: Chi-Yu|spa|2\n|faint|p2a: Zacian\n|\n|upkeep\n|\n|t:|1698286076\n|switch|p2a: Cyclizar|Cyclizar, F|83\/100\n|turn|21\n|\n|t:|1698286091\n|switch|p1a: Cyclizar|Cyclizar, M|84\/100\n|move|p2a: Cyclizar|Shed Tail|p2a: Cyclizar\n|-start|p2a: Cyclizar|Substitute|[from] move: Shed Tail\n|-damage|p2a: Cyclizar|33\/100\n|\n|t:|1698286093\n|switch|p2a: Ursaluna|Ursaluna-Bloodmoon, M|100\/100|[from] Shed Tail\n|\n|upkeep\n|turn|22\n|\n|t:|1698286097\n|move|p1a: Cyclizar|Shed Tail|p1a: Cyclizar\n|-start|p1a: Cyclizar|Substitute|[from] move: Shed Tail\n|-damage|p1a: Cyclizar|34\/100\n|\n|t:|1698286103\n|switch|p1a: Roaring Moon|Roaring Moon|100\/100|[from] Shed Tail\n|-enditem|p1a: Roaring Moon|Booster Energy\n|-activate|p1a: Roaring Moon|ability: Protosynthesis|[fromitem]\n|-start|p1a: Roaring Moon|protosynthesisspe\n|move|p2a: Ursaluna|Calm Mind|p2a: Ursaluna\n|-boost|p2a: Ursaluna|spa|1\n|-boost|p2a: Ursaluna|spd|1\n|\n|upkeep\n|turn|23\n|\n|t:|1698286108\n|move|p1a: Roaring Moon|Dragon Dance|p1a: Roaring Moon\n|-boost|p1a: Roaring Moon|atk|1\n|-boost|p1a: Roaring Moon|spe|1\n|move|p2a: Ursaluna|Earth Power|p1a: Roaring Moon\n|-end|p1a: Roaring Moon|Substitute\n|\n|upkeep\n|turn|24\n|\n|t:|1698286116\n|move|p1a: Roaring Moon|Knock Off|p2a: Ursaluna\n|-end|p2a: Ursaluna|Substitute\n|move|p2a: Ursaluna|Blood Moon|p1a: Roaring Moon\n|-crit|p1a: Roaring Moon\n|-damage|p1a: Roaring Moon|0 fnt\n|faint|p1a: Roaring Moon\n|-end|p1a: Roaring Moon|Protosynthesis|[silent]\n|\n|upkeep\n|\n|t:|1698286128\n|switch|p1a: Cyclizar|Cyclizar, M|67\/100\n|turn|25\n|\n|t:|1698286132\n|move|p1a: Cyclizar|Taunt|p2a: Ursaluna\n|-start|p2a: Ursaluna|move: Taunt\n|move|p2a: Ursaluna|Earth Power|p1a: Cyclizar\n|-damage|p1a: Cyclizar|0 fnt\n|faint|p1a: Cyclizar\n|\n|upkeep\n|\n|t:|1698286135\n|switch|p1a: Magearna|Magearna, tera:Water|32\/100\n|turn|26\n|\n|t:|1698286143\n|move|p2a: Ursaluna|Earth Power|p1a: Magearna\n|-damage|p1a: Magearna|0 fnt\n|faint|p1a: Magearna\n|\n|upkeep\n|\n|t:|1698286145\n|switch|p1a: Chi-Yu|Chi-Yu|100\/100\n|-ability|p1a: Chi-Yu|Beads of Ruin\n|turn|27\n|c|\u2606Nitro524|gg\n|c|\u2606GerrytheHeeHo|gg\n|l| Classy Crook\n|\n|t:|1698286162\n|move|p1a: Chi-Yu|Dark Pulse|p2a: Ursaluna\n|-damage|p2a: Ursaluna|44\/100\n|cant|p2a: Ursaluna|flinch\n|\n|-heal|p2a: Ursaluna|50\/100|[from] item: Leftovers\n|-end|p2a: Ursaluna|move: Taunt\n|upkeep\n|turn|28\n|\n|t:|1698286173\n|move|p1a: Chi-Yu|Dark Pulse|p2a: Ursaluna\n|-damage|p2a: Ursaluna|0 fnt\n|faint|p2a: Ursaluna\n|\n|upkeep\n|\n|t:|1698286175\n|switch|p2a: Cyclizar|Cyclizar, F|66\/100\n|turn|29\n|\n|t:|1698286181\n|-terastallize|p2a: Cyclizar|Fairy\n|move|p2a: Cyclizar|U-turn|p1a: Chi-Yu\n|-damage|p1a: Chi-Yu|77\/100\n|move|p1a: Chi-Yu|Dark Pulse|p2a: Cyclizar\n|-resisted|p2a: Cyclizar\n|-damage|p2a: Cyclizar|24\/100\n|\n|upkeep\n|turn|30\n|\n|t:|1698286184\n|move|p2a: Cyclizar|U-turn|p1a: Chi-Yu\n|-damage|p1a: Chi-Yu|53\/100\n|move|p1a: Chi-Yu|Dark Pulse|p2a: Cyclizar\n|-resisted|p2a: Cyclizar\n|-damage|p2a: Cyclizar|0 fnt\n|faint|p2a: Cyclizar\n|\n|win|Nitro524\n|c|\u2606Nitro524|gg!\n","uploadtime":1698286188,"views":19,"p1id":"nitro524","p2id":"gerrytheheeho","formatid":"gen9ubers","rating":0,"private":0,"password":""}