{"id":"gen9ubers-1975294669","p1":"amoosus69420","p2":"SadaShidz\ufe0f","format":"[Gen 9] Ubers","log":"|j|\u2606amoosus69420\n|j|\u2606SadaShidz\ufe0f\n|t:|1698177326\n|gametype|singles\n|player|p1|amoosus69420|101|1294\n|player|p2|SadaShidz\ufe0f|sada-ai|1254\n|teamsize|p1|6\n|teamsize|p2|6\n|gen|9\n|tier|[Gen 9] Ubers\n|rated|\n|rule|Sleep Clause Mod: Limit one foe put to sleep\n|rule|Species Clause: Limit one of each Pok\u00e9mon\n|rule|OHKO Clause: OHKO moves are banned\n|rule|Evasion Items Clause: Evasion items are banned\n|rule|Evasion Moves Clause: Evasion moves are banned\n|rule|Endless Battle Clause: Forcing endless battles is banned\n|rule|HP Percentage Mod: HP is shown in percentages\n|clearpoke\n|poke|p1|Giratina|\n|poke|p1|Toxapex, F|\n|poke|p1|Kyogre|\n|poke|p1|Ribombee, F|\n|poke|p1|Wo-Chien|\n|poke|p1|Zacian-*|\n|poke|p2|Ribombee, F|\n|poke|p2|Arceus-Ghost|\n|poke|p2|Ogerpon-Hearthflame, F|\n|poke|p2|Sinistcha-Masterpiece|\n|poke|p2|Ursaluna-Bloodmoon, M|\n|poke|p2|Flutter Mane|\n|teampreview\n|inactive|Battle timer is ON: inactive players will automatically lose when time's up. (requested by SadaShidz\ufe0f)\n|\n|t:|1698177334\n|start\n|switch|p1a: Ribombee|Ribombee, F|100\/100\n|switch|p2a: Mighty Bee|Ribombee, F, shiny|100\/100\n|turn|1\n|\n|t:|1698177341\n|move|p2a: Mighty Bee|Stun Spore|p1a: Ribombee|[miss]\n|-miss|p2a: Mighty Bee|p1a: Ribombee\n|move|p1a: Ribombee|Sticky Web|p2a: Mighty Bee\n|-sidestart|p2: SadaShidz\ufe0f|move: Sticky Web\n|\n|upkeep\n|turn|2\n|\n|t:|1698177344\n|move|p2a: Mighty Bee|Sticky Web|p1a: Ribombee\n|-sidestart|p1: amoosus69420|move: Sticky Web\n|move|p1a: Ribombee|Stun Spore|p2a: Mighty Bee\n|-status|p2a: Mighty Bee|par\n|\n|upkeep\n|turn|3\n|\n|t:|1698177351\n|move|p1a: Ribombee|Moonblast|p2a: Mighty Bee\n|-damage|p2a: Mighty Bee|46\/100 par\n|move|p2a: Mighty Bee|Stun Spore|p1a: Ribombee\n|-status|p1a: Ribombee|par\n|\n|upkeep\n|turn|4\n|\n|t:|1698177354\n|move|p2a: Mighty Bee|Moonblast|p1a: Ribombee\n|-damage|p1a: Ribombee|47\/100 par\n|move|p1a: Ribombee|Moonblast|p2a: Mighty Bee\n|-damage|p2a: Mighty Bee|0 fnt\n|faint|p2a: Mighty Bee\n|\n|upkeep\n|\n|t:|1698177365\n|switch|p2a: Yamz|Arceus-Ghost, shiny|100\/100\n|-activate|p2a: Yamz|move: Sticky Web\n|-unboost|p2a: Yamz|spe|1\n|turn|5\n|\n|t:|1698177377\n|move|p2a: Yamz|Calm Mind|p2a: Yamz\n|-boost|p2a: Yamz|spa|1\n|-boost|p2a: Yamz|spd|1\n|cant|p1a: Ribombee|par\n|\n|upkeep\n|turn|6\n|\n|t:|1698177381\n|move|p2a: Yamz|Judgment|p1a: Ribombee\n|-damage|p1a: Ribombee|0 fnt\n|faint|p1a: Ribombee\n|\n|upkeep\n|\n|t:|1698177391\n|switch|p1a: Zacian|Zacian-Crowned|100\/100\n|-activate|p1a: Zacian|move: Sticky Web\n|-unboost|p1a: Zacian|spe|1\n|-ability|p1a: Zacian|Intrepid Sword|boost\n|-boost|p1a: Zacian|atk|1\n|turn|7\n|\n|t:|1698177394\n|move|p1a: Zacian|Behemoth Blade|p2a: Yamz\n|-damage|p2a: Yamz|40\/100\n|move|p2a: Yamz|Judgment|p1a: Zacian\n|-damage|p1a: Zacian|30\/100\n|\n|upkeep\n|turn|8\n|\n|t:|1698177413\n|switch|p2a: Ice Spice|Flutter Mane|100\/100\n|-activate|p2a: Ice Spice|move: Sticky Web\n|-unboost|p2a: Ice Spice|spe|1\n|move|p1a: Zacian|Behemoth Blade|p2a: Ice Spice\n|-supereffective|p2a: Ice Spice\n|-enditem|p2a: Ice Spice|Focus Sash\n|-damage|p2a: Ice Spice|1\/100\n|\n|upkeep\n|turn|9\n|\n|t:|1698177423\n|move|p1a: Zacian|Behemoth Blade|p2a: Ice Spice\n|-supereffective|p2a: Ice Spice\n|-damage|p2a: Ice Spice|0 fnt\n|faint|p2a: Ice Spice\n|-end|p2a: Ice Spice|Protosynthesis|[silent]\n|\n|upkeep\n|\n|t:|1698177429\n|switch|p2a: Sippin Green|Sinistcha-Masterpiece, shiny|100\/100\n|-activate|p2a: Sippin Green|move: Sticky Web\n|-unboost|p2a: Sippin Green|spe|1\n|turn|10\n|\n|t:|1698177436\n|switch|p1a: Giratina|Giratina|100\/100\n|-ability|p1a: Giratina|Pressure\n|move|p2a: Sippin Green|Strength Sap|p1a: Giratina\n|-unboost|p1a: Giratina|atk|1\n|\n|upkeep\n|turn|11\n|\n|t:|1698177441\n|move|p1a: Giratina|Will-O-Wisp|p2a: Sippin Green\n|-status|p2a: Sippin Green|brn\n|move|p2a: Sippin Green|Calm Mind|p2a: Sippin Green\n|-boost|p2a: Sippin Green|spa|1\n|-boost|p2a: Sippin Green|spd|1\n|\n|-damage|p2a: Sippin Green|98\/100 brn|[from] brn\n|upkeep\n|turn|12\n|\n|t:|1698177452\n|move|p1a: Giratina|Hex|p2a: Sippin Green\n|-supereffective|p2a: Sippin Green\n|-damage|p2a: Sippin Green|35\/100 brn\n|move|p2a: Sippin Green|Shadow Ball|p1a: Giratina\n|-supereffective|p1a: Giratina\n|-damage|p1a: Giratina|23\/100\n|\n|-heal|p2a: Sippin Green|41\/100 brn|[from] item: Leftovers\n|-damage|p2a: Sippin Green|38\/100 brn|[from] brn\n|upkeep\n|turn|13\n|inactive|SadaShidz\ufe0f has 120 seconds left.\n|\n|t:|1698177483\n|switch|p2a: Undead|Ursaluna-Bloodmoon, M|100\/100\n|-activate|p2a: Undead|move: Sticky Web\n|-unboost|p2a: Undead|spe|1\n|move|p1a: Giratina|Defog|p2a: Undead\n|-unboost|p2a: Undead|evasion|1\n|-sideend|p2: SadaShidz\ufe0f|Sticky Web|[from] move: Defog|[of] p1a: Giratina\n|-sideend|p1: amoosus69420|Sticky Web|[from] move: Defog|[of] p1a: Giratina\n|\n|upkeep\n|turn|14\n|\n|t:|1698177493\n|move|p1a: Giratina|Dragon Pulse|p2a: Undead\n|-damage|p2a: Undead|73\/100\n|move|p2a: Undead|Calm Mind|p2a: Undead\n|-boost|p2a: Undead|spa|1\n|-boost|p2a: Undead|spd|1\n|\n|-heal|p2a: Undead|79\/100|[from] item: Leftovers\n|upkeep\n|turn|15\n|\n|t:|1698177500\n|move|p1a: Giratina|Dragon Pulse|p2a: Undead\n|-damage|p2a: Undead|60\/100\n|move|p2a: Undead|Calm Mind|p2a: Undead\n|-boost|p2a: Undead|spa|1\n|-boost|p2a: Undead|spd|1\n|\n|-heal|p2a: Undead|67\/100|[from] item: Leftovers\n|upkeep\n|turn|16\n|\n|t:|1698177503\n|move|p1a: Giratina|Dragon Pulse|p2a: Undead\n|-damage|p2a: Undead|52\/100\n|move|p2a: Undead|Calm Mind|p2a: Undead\n|-boost|p2a: Undead|spa|1\n|-boost|p2a: Undead|spd|1\n|\n|-heal|p2a: Undead|58\/100|[from] item: Leftovers\n|upkeep\n|turn|17\n|\n|t:|1698177505\n|move|p1a: Giratina|Dragon Pulse|p2a: Undead\n|-damage|p2a: Undead|47\/100\n|move|p2a: Undead|Moonlight|p2a: Undead\n|-heal|p2a: Undead|97\/100\n|\n|-heal|p2a: Undead|100\/100|[from] item: Leftovers\n|upkeep\n|turn|18\n|\n|t:|1698177508\n|move|p2a: Undead|Vacuum Wave|p1a: Giratina\n|-damage|p1a: Giratina|2\/100\n|move|p1a: Giratina|Dragon Pulse|p2a: Undead\n|-damage|p2a: Undead|90\/100\n|\n|-heal|p2a: Undead|96\/100|[from] item: Leftovers\n|upkeep\n|turn|19\n|\n|t:|1698177513\n|move|p2a: Undead|Vacuum Wave|p1a: Giratina\n|-damage|p1a: Giratina|0 fnt\n|faint|p1a: Giratina\n|\n|-heal|p2a: Undead|100\/100|[from] item: Leftovers\n|upkeep\n|\n|t:|1698177516\n|switch|p1a: Kyogre|Kyogre|100\/100\n|-weather|RainDance|[from] ability: Drizzle|[of] p1a: Kyogre\n|turn|20\n|\n|t:|1698177530\n|-terastallize|p1a: Kyogre|Water\n|-terastallize|p2a: Undead|Ghost\n|move|p1a: Kyogre|Origin Pulse|p2a: Undead\n|-damage|p2a: Undead|47\/100\n|move|p2a: Undead|Blood Moon|p1a: Kyogre\n|-damage|p1a: Kyogre|0 fnt\n|faint|p1a: Kyogre\n|\n|-weather|RainDance|[upkeep]\n|-heal|p2a: Undead|53\/100|[from] item: Leftovers\n|upkeep\n|\n|t:|1698177542\n|switch|p1a: Zacian|Zacian-Crowned|30\/100\n|turn|21\n|\n|t:|1698177546\n|move|p2a: Undead|Vacuum Wave|p1a: Zacian\n|-damage|p1a: Zacian|0 fnt\n|faint|p1a: Zacian\n|\n|-weather|RainDance|[upkeep]\n|-heal|p2a: Undead|59\/100|[from] item: Leftovers\n|upkeep\n|\n|t:|1698177565\n|switch|p1a: Toxapex|Toxapex, F|100\/100\n|turn|22\n|\n|t:|1698177570\n|move|p1a: Toxapex|Toxic|p2a: Undead\n|-status|p2a: Undead|tox\n|move|p2a: Undead|Blood Moon|p1a: Toxapex\n|-damage|p1a: Toxapex|0 fnt\n|faint|p1a: Toxapex\n|\n|-weather|RainDance|[upkeep]\n|-heal|p2a: Undead|65\/100 tox|[from] item: Leftovers\n|-damage|p2a: Undead|59\/100 tox|[from] psn\n|upkeep\n|\n|t:|1698177591\n|switch|p1a: Wo-Chien|Wo-Chien|100\/100\n|-ability|p1a: Wo-Chien|Tablets of Ruin\n|turn|23\n|\n|t:|1698177597\n|move|p2a: Undead|Vacuum Wave|p1a: Wo-Chien\n|-supereffective|p1a: Wo-Chien\n|-damage|p1a: Wo-Chien|63\/100\n|move|p1a: Wo-Chien|Leech Seed|p2a: Undead\n|-start|p2a: Undead|move: Leech Seed\n|\n|-weather|RainDance|[upkeep]\n|-heal|p1a: Wo-Chien|69\/100|[from] item: Leftovers\n|-heal|p2a: Undead|65\/100 tox|[from] item: Leftovers\n|-damage|p2a: Undead|53\/100 tox|[from] Leech Seed|[of] p1a: Wo-Chien\n|-heal|p1a: Wo-Chien|83\/100|[silent]\n|-damage|p2a: Undead|41\/100 tox|[from] psn\n|upkeep\n|turn|24\n|\n|t:|1698177600\n|move|p1a: Wo-Chien|Protect|p1a: Wo-Chien\n|-singleturn|p1a: Wo-Chien|Protect\n|move|p2a: Undead|Blood Moon|p1a: Wo-Chien\n|-activate|p1a: Wo-Chien|move: Protect\n|\n|-weather|none\n|-heal|p1a: Wo-Chien|89\/100|[from] item: Leftovers\n|-heal|p2a: Undead|47\/100 tox|[from] item: Leftovers\n|-damage|p2a: Undead|34\/100 tox|[from] Leech Seed|[of] p1a: Wo-Chien\n|-heal|p1a: Wo-Chien|100\/100|[silent]\n|-damage|p2a: Undead|16\/100 tox|[from] psn\n|upkeep\n|turn|25\n|\n|t:|1698177605\n|move|p1a: Wo-Chien|Knock Off|p2a: Undead\n|-supereffective|p2a: Undead\n|-damage|p2a: Undead|0 fnt\n|-enditem|p2a: Undead|Leftovers|[from] move: Knock Off|[of] p1a: Wo-Chien\n|faint|p2a: Undead\n|\n|upkeep\n|\n|t:|1698177612\n|switch|p2a: Fioni|Ogerpon-Hearthflame, F|100\/100\n|-ability|p2a: Fioni|Mold Breaker\n|turn|26\n|\n|t:|1698177619\n|move|p2a: Fioni|Swords Dance|p2a: Fioni\n|-boost|p2a: Fioni|atk|2\n|move|p1a: Wo-Chien|Knock Off|p2a: Fioni\n|-damage|p2a: Fioni|77\/100\n|\n|upkeep\n|turn|27\n|-message|amoosus69420 forfeited.\n|\n|win|SadaShidz\ufe0f\n|raw|amoosus69420's rating: 1294 &rarr; <strong>1266<\/strong><br \/>(-28 for losing)\n|raw|SadaShidz\ufe0f's rating: 1254 &rarr; <strong>1282<\/strong><br \/>(+28 for winning)\n|l|\u2606amoosus69420\n|c|\u2606SadaShidz\ufe0f|Yea\n","uploadtime":1698177645,"views":12,"p1id":"amoosus69420","p2id":"sadashidz","formatid":"gen9ubers","rating":1266,"private":0,"password":""}