{"id":"gen9ubers-1990547659","p1":"rhian103","p2":"DarkKnightLabs","format":"[Gen 9] Ubers","log":"|j|\u2606rhian103\n|j|\u2606DarkKnightLabs\n|t:|1699980455\n|gametype|singles\n|player|p1|rhian103|102|1000\n|player|p2|DarkKnightLabs|red|1059\n|teamsize|p1|6\n|teamsize|p2|6\n|gen|9\n|tier|[Gen 9] Ubers\n|rated|\n|rule|Sleep Clause Mod: Limit one foe put to sleep\n|rule|Species Clause: Limit one of each Pok\u00e9mon\n|rule|OHKO Clause: OHKO moves are banned\n|rule|Evasion Items Clause: Evasion items are banned\n|rule|Evasion Moves Clause: Evasion moves are banned\n|rule|Endless Battle Clause: Forcing endless battles is banned\n|rule|HP Percentage Mod: HP is shown in percentages\n|clearpoke\n|poke|p1|Arceus-Electric|\n|poke|p1|Zacian-*|\n|poke|p1|Lucario, M|\n|poke|p1|Kyogre|\n|poke|p1|Rayquaza|\n|poke|p1|Gengar, M|\n|poke|p2|Annihilape, F|\n|poke|p2|Skeledirge, M|\n|poke|p2|Klawf, F|\n|poke|p2|Toedscruel, M|\n|poke|p2|Clodsire, F|\n|poke|p2|Hydreigon, F|\n|teampreview\n|\n|t:|1699980491\n|start\n|switch|p1a: Kyogre|Kyogre|100\/100\n|switch|p2a: Annihilape|Annihilape, F|100\/100\n|-weather|RainDance|[from] ability: Drizzle|[of] p1a: Kyogre\n|turn|1\n|\n|t:|1699980502\n|move|p2a: Annihilape|Bulk Up|p2a: Annihilape\n|-boost|p2a: Annihilape|atk|1\n|-boost|p2a: Annihilape|def|1\n|move|p1a: Kyogre|Thunder|p2a: Annihilape\n|-damage|p2a: Annihilape|61\/100\n|\n|-weather|RainDance|[upkeep]\n|upkeep\n|turn|2\n|\n|t:|1699980515\n|move|p2a: Annihilape|Rage Fist|p1a: Kyogre\n|-crit|p1a: Kyogre\n|-damage|p1a: Kyogre|7\/100\n|-enditem|p1a: Kyogre|Aguav Berry|[eat]\n|-heal|p1a: Kyogre|40\/100|[from] item: Aguav Berry\n|move|p1a: Kyogre|Blizzard|p2a: Annihilape\n|-damage|p2a: Annihilape|25\/100\n|-enditem|p2a: Annihilape|Aguav Berry|[eat]\n|-heal|p2a: Annihilape|58\/100|[from] item: Aguav Berry\n|\n|-weather|RainDance|[upkeep]\n|upkeep\n|turn|3\n|\n|t:|1699980526\n|move|p2a: Annihilape|Rage Fist|p1a: Kyogre\n|-damage|p1a: Kyogre|0 fnt\n|faint|p1a: Kyogre\n|\n|-weather|RainDance|[upkeep]\n|upkeep\n|\n|t:|1699980531\n|switch|p1a: Zacian|Zacian-Crowned, shiny|100\/100\n|-ability|p1a: Zacian|Intrepid Sword|boost\n|-boost|p1a: Zacian|atk|1\n|turn|4\n|\n|t:|1699980539\n|switch|p1a: Arceus|Arceus-Electric|100\/100\n|move|p2a: Annihilape|Rage Fist|p1a: Arceus\n|-damage|p1a: Arceus|27\/100\n|\n|-weather|RainDance|[upkeep]\n|upkeep\n|turn|5\n|\n|t:|1699980546\n|move|p2a: Annihilape|Rage Fist|p1a: Arceus\n|-damage|p1a: Arceus|0 fnt\n|faint|p1a: Arceus\n|\n|-weather|none\n|upkeep\n|\n|t:|1699980552\n|switch|p1a: Gengar|Gengar, M|100\/100\n|turn|6\n|\n|t:|1699980557\n|move|p1a: Gengar|Destiny Bond|p1a: Gengar\n|-singlemove|p1a: Gengar|Destiny Bond\n|move|p2a: Annihilape|Lash Out|p1a: Gengar\n|-supereffective|p1a: Gengar\n|-damage|p1a: Gengar|0 fnt\n|faint|p1a: Gengar\n|-activate|p1a: Gengar|move: Destiny Bond\n|faint|p2a: Annihilape\n|\n|upkeep\n|\n|t:|1699980573\n|switch|p1a: Zacian|Zacian-Crowned, shiny|100\/100\n|switch|p2a: Skeledirge|Skeledirge, M|100\/100\n|turn|7\n|\n|t:|1699980582\n|-terastallize|p1a: Zacian|Dragon\n|move|p1a: Zacian|Close Combat|p2a: Skeledirge\n|-immune|p2a: Skeledirge\n|move|p2a: Skeledirge|Will-O-Wisp|p1a: Zacian\n|-status|p1a: Zacian|brn\n|\n|-damage|p1a: Zacian|94\/100 brn|[from] brn\n|upkeep\n|turn|8\n|\n|t:|1699980598\n|move|p1a: Zacian|Dazzling Gleam|p2a: Skeledirge\n|-resisted|p2a: Skeledirge\n|-damage|p2a: Skeledirge|89\/100\n|move|p2a: Skeledirge|Torch Song|p1a: Zacian\n|-resisted|p1a: Zacian\n|-damage|p1a: Zacian|72\/100 brn\n|-boost|p2a: Skeledirge|spa|1\n|\n|-heal|p2a: Skeledirge|95\/100|[from] item: Leftovers\n|-damage|p1a: Zacian|66\/100 brn|[from] brn\n|upkeep\n|turn|9\n|\n|t:|1699980610\n|move|p1a: Zacian|Dazzling Gleam|p2a: Skeledirge\n|-resisted|p2a: Skeledirge\n|-damage|p2a: Skeledirge|83\/100\n|move|p2a: Skeledirge|Torch Song|p1a: Zacian\n|-resisted|p1a: Zacian\n|-damage|p1a: Zacian|32\/100 brn\n|-boost|p2a: Skeledirge|spa|1\n|\n|-heal|p2a: Skeledirge|89\/100|[from] item: Leftovers\n|-damage|p1a: Zacian|26\/100 brn|[from] brn\n|upkeep\n|turn|10\n|\n|t:|1699980623\n|move|p1a: Zacian|Sacred Sword|p2a: Skeledirge\n|-immune|p2a: Skeledirge\n|move|p2a: Skeledirge|Torch Song|p1a: Zacian\n|-resisted|p1a: Zacian\n|-damage|p1a: Zacian|0 fnt\n|-boost|p2a: Skeledirge|spa|1\n|faint|p1a: Zacian\n|\n|-heal|p2a: Skeledirge|95\/100|[from] item: Leftovers\n|upkeep\n|\n|t:|1699980634\n|switch|p1a: Rayquaza|Rayquaza, shiny|100\/100\n|-ability|p1a: Rayquaza|Air Lock\n|turn|11\n|\n|t:|1699980647\n|move|p1a: Rayquaza|Draco Meteor|p2a: Skeledirge\n|-crit|p2a: Skeledirge\n|-damage|p2a: Skeledirge|0 fnt\n|-unboost|p1a: Rayquaza|spa|2\n|faint|p2a: Skeledirge\n|\n|upkeep\n|\n|t:|1699980653\n|switch|p2a: Klawf|Klawf, F|100\/100\n|turn|12\n|\n|t:|1699980657\n|move|p1a: Rayquaza|Dragon Dance|p1a: Rayquaza\n|-boost|p1a: Rayquaza|atk|1\n|-boost|p1a: Rayquaza|spe|1\n|move|p2a: Klawf|Stone Edge|p1a: Rayquaza\n|-supereffective|p1a: Rayquaza\n|-damage|p1a: Rayquaza|13\/100\n|\n|upkeep\n|turn|13\n|\n|t:|1699980666\n|move|p2a: Klawf|Brick Break|p1a: Rayquaza\n|-resisted|p1a: Rayquaza\n|-damage|p1a: Rayquaza|1\/100\n|move|p1a: Rayquaza|Dragon Tail|p2a: Klawf\n|-damage|p2a: Klawf|62\/100\n|drag|p2a: Hydreigon|Hydreigon, F|100\/100\n|\n|upkeep\n|turn|14\n|\n|t:|1699980674\n|move|p1a: Rayquaza|Draco Meteor|p2a: Hydreigon|[miss]\n|-miss|p1a: Rayquaza|p2a: Hydreigon\n|move|p2a: Hydreigon|Dark Pulse|p1a: Rayquaza\n|-damage|p1a: Rayquaza|0 fnt\n|faint|p1a: Rayquaza\n|\n|upkeep\n|\n|t:|1699980681\n|switch|p1a: Lucario|Lucario, M|100\/100\n|turn|15\n|\n|t:|1699980686\n|-terastallize|p2a: Hydreigon|Fairy\n|move|p2a: Hydreigon|Tera Blast|p1a: Lucario|[anim] Tera Blast Fairy\n|-damage|p1a: Lucario|31\/100\n|move|p1a: Lucario|Swords Dance|p1a: Lucario\n|-boost|p1a: Lucario|atk|2\n|\n|upkeep\n|turn|16\n|\n|t:|1699980694\n|move|p2a: Hydreigon|Tera Blast|p1a: Lucario|[anim] Tera Blast Fairy\n|-damage|p1a: Lucario|0 fnt\n|faint|p1a: Lucario\n|\n|win|DarkKnightLabs\n|raw|rhian103's rating: 1000 &rarr; <strong>1000<\/strong><br \/>(+0 for losing)\n|raw|DarkKnightLabs's rating: 1059 &rarr; <strong>1085<\/strong><br \/>(+26 for winning)\n|l|\u2606DarkKnightLabs\n","uploadtime":1699980700,"views":5,"p1id":"rhian103","p2id":"darkknightlabs","formatid":"gen9ubers","rating":1000,"private":0,"password":""}