{"id":"gen9ubers-1999104042","p1":"SirButkis","p2":"itay1579","format":"[Gen 9] Ubers","log":"|j|\u2606SirButkis\n|j|\u2606itay1579\n|t:|1701033550\n|gametype|singles\n|player|p1|SirButkis|170|\n|player|p2|itay1579|102|\n|teamsize|p1|6\n|teamsize|p2|6\n|gen|9\n|tier|[Gen 9] Ubers\n|rule|Sleep Clause Mod: Limit one foe put to sleep\n|rule|Species Clause: Limit one of each Pok\u00e9mon\n|rule|OHKO Clause: OHKO moves are banned\n|rule|Evasion Items Clause: Evasion items are banned\n|rule|Evasion Moves Clause: Evasion moves are banned\n|rule|Endless Battle Clause: Forcing endless battles is banned\n|rule|HP Percentage Mod: HP is shown in percentages\n|clearpoke\n|poke|p1|Dondozo, M|\n|poke|p1|Mudsdale, F|\n|poke|p1|Flamigo, M|\n|poke|p1|Rotom-Fan|\n|poke|p1|Gholdengo|\n|poke|p1|Iron Moth|\n|poke|p2|Hatterene, F|\n|poke|p2|Torkoal, F|\n|poke|p2|Roaring Moon|\n|poke|p2|Sandy Shocks|\n|poke|p2|Walking Wake|\n|poke|p2|Regieleki|\n|teampreview\n|j| Hash_13\n|\n|t:|1701033666\n|start\n|switch|p1a: The Blow Job|Rotom-Fan|100\/100\n|switch|p2a: Torkoal|Torkoal, F|100\/100\n|-weather|SunnyDay|[from] ability: Drought|[of] p2a: Torkoal\n|turn|1\n|\n|t:|1701033704\n|switch|p2a: Hatterene|Hatterene, F|100\/100\n|move|p1a: The Blow Job|Thunder Wave|p2a: Hatterene\n|move|p2a: Hatterene|Thunder Wave|p1a: The Blow Job|[from]ability: Magic Bounce\n|-immune|p1a: The Blow Job\n|\n|-weather|SunnyDay|[upkeep]\n|upkeep\n|turn|2\n|\n|t:|1701033765\n|move|p1a: The Blow Job|Volt Switch|p2a: Hatterene\n|-damage|p2a: Hatterene|81\/100\n|\n|t:|1701033769\n|switch|p1a: mhm or ok|Gholdengo|100\/100|[from] Volt Switch\n|move|p2a: Hatterene|Mystical Fire|p1a: mhm or ok\n|-supereffective|p1a: mhm or ok\n|-enditem|p1a: mhm or ok|Occa Berry|[eat]\n|-enditem|p1a: mhm or ok|Occa Berry|[weaken]\n|-damage|p1a: mhm or ok|70\/100\n|-unboost|p1a: mhm or ok|spa|1\n|\n|-weather|SunnyDay|[upkeep]\n|upkeep\n|turn|3\n|\n|t:|1701033808\n|switch|p1a: Mr Hands|Mudsdale, F|100\/100\n|move|p2a: Hatterene|Mystical Fire|p1a: Mr Hands\n|-damage|p1a: Mr Hands|56\/100\n|-unboost|p1a: Mr Hands|spa|1\n|-ability|p1a: Mr Hands|Stamina|boost\n|-boost|p1a: Mr Hands|def|1\n|\n|-weather|SunnyDay|[upkeep]\n|-heal|p1a: Mr Hands|62\/100|[from] item: Leftovers\n|upkeep\n|turn|4\n|\n|t:|1701033823\n|move|p1a: Mr Hands|Heavy Slam|p2a: Hatterene\n|-supereffective|p2a: Hatterene\n|-damage|p2a: Hatterene|3\/100\n|move|p2a: Hatterene|Giga Drain|p1a: Mr Hands\n|-supereffective|p1a: Mr Hands\n|-damage|p1a: Mr Hands|9\/100\n|-heal|p2a: Hatterene|36\/100|[from] drain|[of] p1a: Mr Hands\n|-ability|p1a: Mr Hands|Stamina|boost\n|-boost|p1a: Mr Hands|def|1\n|\n|-weather|SunnyDay|[upkeep]\n|-heal|p1a: Mr Hands|15\/100|[from] item: Leftovers\n|upkeep\n|turn|5\n|\n|t:|1701033895\n|switch|p2a: Walking Wake|Walking Wake|100\/100\n|-activate|p2a: Walking Wake|ability: Protosynthesis\n|-start|p2a: Walking Wake|protosynthesisspe\n|move|p1a: Mr Hands|Heavy Slam|p2a: Walking Wake\n|-resisted|p2a: Walking Wake\n|-damage|p2a: Walking Wake|89\/100\n|\n|-weather|SunnyDay|[upkeep]\n|-heal|p1a: Mr Hands|21\/100|[from] item: Leftovers\n|upkeep\n|turn|6\n|\n|t:|1701033915\n|move|p2a: Walking Wake|Dragon Pulse|p1a: Mr Hands\n|-damage|p1a: Mr Hands|0 fnt\n|faint|p1a: Mr Hands\n|\n|-weather|SunnyDay|[upkeep]\n|upkeep\n|\n|t:|1701033943\n|switch|p1a: mhm or ok|Gholdengo|70\/100\n|turn|7\n|\n|t:|1701034011\n|-end|p2a: Walking Wake|Protosynthesis|[silent]\n|switch|p2a: Hatterene|Hatterene, F|36\/100\n|move|p1a: mhm or ok|Thunder Wave|p2a: Hatterene\n|move|p2a: Hatterene|Thunder Wave|p1a: mhm or ok|[from]ability: Magic Bounce\n|-immune|p1a: mhm or ok|[from] ability: Good as Gold\n|\n|-weather|SunnyDay|[upkeep]\n|upkeep\n|turn|8\n|\n|t:|1701034035\n|move|p1a: mhm or ok|Hex|p2a: Hatterene\n|-supereffective|p2a: Hatterene\n|-damage|p2a: Hatterene|0 fnt\n|faint|p2a: Hatterene\n|\n|-weather|none\n|upkeep\n|\n|t:|1701034084\n|switch|p2a: Regieleki|Regieleki|100\/100\n|turn|9\n|\n|t:|1701034097\n|move|p2a: Regieleki|Thunderbolt|p1a: mhm or ok\n|-damage|p1a: mhm or ok|23\/100\n|-damage|p2a: Regieleki|91\/100|[from] item: Life Orb\n|move|p1a: mhm or ok|Recover|p1a: mhm or ok\n|-heal|p1a: mhm or ok|73\/100\n|\n|upkeep\n|turn|10\n|\n|t:|1701034168\n|move|p2a: Regieleki|Volt Switch|p1a: mhm or ok\n|-damage|p1a: mhm or ok|40\/100\n|-damage|p2a: Regieleki|81\/100|[from] item: Life Orb\n|\n|t:|1701034175\n|switch|p2a: Sandy Shocks|Sandy Shocks|100\/100|[from] Volt Switch\n|move|p1a: mhm or ok|Recover|p1a: mhm or ok\n|-heal|p1a: mhm or ok|90\/100\n|\n|upkeep\n|turn|11\n|\n|t:|1701034274\n|switch|p1a: Flamigo|Flamigo, M|100\/100\n|move|p2a: Sandy Shocks|Thunderbolt|p1a: Flamigo\n|-supereffective|p1a: Flamigo\n|-damage|p1a: Flamigo|0 fnt\n|faint|p1a: Flamigo\n|\n|upkeep\n|\n|t:|1701034339\n|switch|p1a: mhm or ok|Gholdengo|90\/100\n|turn|12\n|\n|t:|1701034352\n|move|p2a: Sandy Shocks|Earth Power|p1a: mhm or ok\n|-supereffective|p1a: mhm or ok\n|-damage|p1a: mhm or ok|15\/100\n|move|p1a: mhm or ok|Hex|p2a: Sandy Shocks\n|-damage|p2a: Sandy Shocks|61\/100\n|\n|upkeep\n|turn|13\n|\n|t:|1701034367\n|move|p2a: Sandy Shocks|Thunderbolt|p1a: mhm or ok\n|-damage|p1a: mhm or ok|0 fnt\n|faint|p1a: mhm or ok\n|\n|upkeep\n|\n|t:|1701034457\n|switch|p1a: The Blow Job|Rotom-Fan|100\/100\n|turn|14\n|\n|t:|1701034468\n|-terastallize|p2a: Sandy Shocks|Ice\n|move|p2a: Sandy Shocks|Tera Blast|p1a: The Blow Job|[anim] Tera Blast Ice\n|-supereffective|p1a: The Blow Job\n|-damage|p1a: The Blow Job|18\/100\n|move|p1a: The Blow Job|Air Slash|p2a: Sandy Shocks\n|-damage|p2a: Sandy Shocks|30\/100\n|\n|-heal|p1a: The Blow Job|24\/100|[from] item: Leftovers\n|upkeep\n|turn|15\n|\n|t:|1701034484\n|move|p2a: Sandy Shocks|Tera Blast|p1a: The Blow Job|[anim] Tera Blast Ice\n|-supereffective|p1a: The Blow Job\n|-damage|p1a: The Blow Job|0 fnt\n|faint|p1a: The Blow Job\n|\n|upkeep\n|\n|t:|1701034486\n|switch|p1a: Iron Moth|Iron Moth|100\/100\n|-enditem|p1a: Iron Moth|Booster Energy\n|-activate|p1a: Iron Moth|ability: Quark Drive|[fromitem]\n|-start|p1a: Iron Moth|quarkdrivespe\n|turn|16\n|\n|t:|1701034496\n|-end|p2a: Sandy Shocks|Protosynthesis|[silent]\n|switch|p2a: Torkoal|Torkoal, F|100\/100\n|-weather|SunnyDay|[from] ability: Drought|[of] p2a: Torkoal\n|move|p1a: Iron Moth|Fiery Dance|p2a: Torkoal\n|-resisted|p2a: Torkoal\n|-damage|p2a: Torkoal|56\/100\n|\n|-weather|SunnyDay|[upkeep]\n|upkeep\n|turn|17\n|\n|t:|1701034527\n|move|p1a: Iron Moth|Sludge Wave|p2a: Torkoal\n|-damage|p2a: Torkoal|0 fnt\n|faint|p2a: Torkoal\n|\n|-weather|SunnyDay|[upkeep]\n|upkeep\n|\n|t:|1701034530\n|switch|p2a: Roaring Moon|Roaring Moon|100\/100\n|-activate|p2a: Roaring Moon|ability: Protosynthesis\n|-start|p2a: Roaring Moon|protosynthesisspe\n|turn|18\n|\n|t:|1701034604\n|-end|p1a: Iron Moth|Quark Drive|[silent]\n|switch|p1a: Shamu|Dondozo, M|100\/100\n|move|p2a: Roaring Moon|Earthquake|p1a: Shamu\n|-damage|p1a: Shamu|85\/100\n|\n|-weather|SunnyDay|[upkeep]\n|-heal|p1a: Shamu|91\/100|[from] item: Leftovers\n|upkeep\n|turn|19\n|\n|t:|1701034669\n|-end|p2a: Roaring Moon|Protosynthesis|[silent]\n|switch|p2a: Walking Wake|Walking Wake|89\/100\n|-activate|p2a: Walking Wake|ability: Protosynthesis\n|-start|p2a: Walking Wake|protosynthesisspe\n|move|p1a: Shamu|Body Press|p2a: Walking Wake\n|-damage|p2a: Walking Wake|59\/100\n|\n|-weather|SunnyDay|[upkeep]\n|-heal|p1a: Shamu|97\/100|[from] item: Leftovers\n|upkeep\n|turn|20\n|\n|t:|1701034698\n|move|p2a: Walking Wake|Dragon Pulse|p1a: Shamu\n|-damage|p1a: Shamu|34\/100\n|move|p1a: Shamu|Rest|p1a: Shamu\n|-status|p1a: Shamu|slp|[from] move: Rest\n|-heal|p1a: Shamu|100\/100 slp|[silent]\n|\n|-weather|SunnyDay|[upkeep]\n|upkeep\n|turn|21\n|\n|t:|1701034706\n|move|p2a: Walking Wake|Dragon Pulse|p1a: Shamu\n|-damage|p1a: Shamu|36\/100 slp\n|cant|p1a: Shamu|slp\n|move|p1a: Shamu|Sleep Talk|p1a: Shamu\n|move|p1a: Shamu|Rest||[from]move: Sleep Talk|[still]\n|-fail|p1a: Shamu\n|\n|-weather|SunnyDay|[upkeep]\n|-heal|p1a: Shamu|42\/100 slp|[from] item: Leftovers\n|upkeep\n|turn|22\n|\n|t:|1701034714\n|move|p2a: Walking Wake|Dragon Pulse|p1a: Shamu\n|-damage|p1a: Shamu|0 fnt\n|faint|p1a: Shamu\n|\n|-weather|SunnyDay|[upkeep]\n|upkeep\n|\n|t:|1701034720\n|switch|p1a: Iron Moth|Iron Moth|100\/100\n|turn|23\n|\n|t:|1701034730\n|move|p2a: Walking Wake|Dragon Pulse|p1a: Iron Moth\n|-damage|p1a: Iron Moth|39\/100\n|move|p1a: Iron Moth|Dazzling Gleam|p2a: Walking Wake\n|-supereffective|p2a: Walking Wake\n|-damage|p2a: Walking Wake|0 fnt\n|faint|p2a: Walking Wake\n|-end|p2a: Walking Wake|Protosynthesis|[silent]\n|\n|-weather|none\n|upkeep\n|c|\u2606SirButkis|gg\n|\n|t:|1701034736\n|switch|p2a: Roaring Moon|Roaring Moon|100\/100\n|turn|24\n|\n|t:|1701034741\n|move|p2a: Roaring Moon|Earthquake|p1a: Iron Moth\n|-supereffective|p1a: Iron Moth\n|-damage|p1a: Iron Moth|0 fnt\n|faint|p1a: Iron Moth\n|-end|p1a: Iron Moth|Quark Drive|[silent]\n|\n|win|itay1579\n|c|\u2606itay1579|gg\n","uploadtime":1701034752,"views":26,"p1id":"sirbutkis","p2id":"itay1579","formatid":"gen9ubers","rating":0,"private":0,"password":""}