{"id":"gen9ubers-1969749243","p1":"SadaShidz\ufe0f","p2":"demilembias","format":"[Gen 9] Ubers","log":"|j|\u2606SadaShidz\ufe0f\n|j|\u2606demilembias\n|t:|1697562467\n|gametype|singles\n|player|p1|SadaShidz\ufe0f|sada-ai|1379\n|player|p2|demilembias|acetrainerf|1230\n|teamsize|p1|6\n|teamsize|p2|6\n|gen|9\n|tier|[Gen 9] Ubers\n|rated|\n|rule|Sleep Clause Mod: Limit one foe put to sleep\n|rule|Species Clause: Limit one of each Pok\u00e9mon\n|rule|OHKO Clause: OHKO moves are banned\n|rule|Evasion Items Clause: Evasion items are banned\n|rule|Evasion Moves Clause: Evasion moves are banned\n|rule|Endless Battle Clause: Forcing endless battles is banned\n|rule|HP Percentage Mod: HP is shown in percentages\n|clearpoke\n|poke|p1|Ribombee, F|\n|poke|p1|Arceus-Ghost|\n|poke|p1|Ogerpon-Hearthflame, F|\n|poke|p1|Sinistcha-Masterpiece|\n|poke|p1|Ursaluna-Bloodmoon, M|\n|poke|p1|Flutter Mane|\n|poke|p2|Baxcalibur, F|\n|poke|p2|Hatterene, F|\n|poke|p2|Koraidon|\n|poke|p2|Grimmsnarl, M|\n|poke|p2|Miraidon|\n|poke|p2|Zacian-*|\n|teampreview\n|inactive|Battle timer is ON: inactive players will automatically lose when time's up. (requested by SadaShidz\ufe0f)\n|\n|t:|1697562479\n|start\n|switch|p1a: Ice Spice|Flutter Mane|100\/100\n|switch|p2a: Trellis|Grimmsnarl, M|100\/100\n|turn|1\n|\n|t:|1697562489\n|move|p2a: Trellis|Light Screen|p2a: Trellis\n|-sidestart|p2: demilembias|move: Light Screen\n|move|p1a: Ice Spice|Thunder Wave|p2a: Trellis\n|-status|p2a: Trellis|par\n|\n|upkeep\n|turn|2\n|\n|t:|1697562495\n|switch|p2a: Artoria|Zacian-Crowned|100\/100\n|-ability|p2a: Artoria|Intrepid Sword|boost\n|-boost|p2a: Artoria|atk|1\n|move|p1a: Ice Spice|Moonblast|p2a: Artoria\n|-resisted|p2a: Artoria\n|-damage|p2a: Artoria|88\/100\n|-unboost|p2a: Artoria|spa|1\n|\n|upkeep\n|turn|3\n|\n|t:|1697562505\n|move|p2a: Artoria|Behemoth Blade|p1a: Ice Spice\n|-supereffective|p1a: Ice Spice\n|-enditem|p1a: Ice Spice|Focus Sash\n|-damage|p1a: Ice Spice|1\/100\n|move|p1a: Ice Spice|Thunder Wave|p2a: Artoria\n|-status|p2a: Artoria|par\n|\n|upkeep\n|turn|4\n|\n|t:|1697562515\n|move|p1a: Ice Spice|Pain Split|p2a: Artoria\n|-sethp|p2a: Artoria|44\/100 par|[from] move: Pain Split|[silent]\n|-sethp|p1a: Ice Spice|57\/100|[from] move: Pain Split\n|cant|p2a: Artoria|par\n|\n|upkeep\n|turn|5\n|\n|t:|1697562522\n|move|p1a: Ice Spice|Pain Split|p2a: Artoria\n|-sethp|p2a: Artoria|44\/100 par|[from] move: Pain Split|[silent]\n|-sethp|p1a: Ice Spice|57\/100|[from] move: Pain Split\n|move|p2a: Artoria|Behemoth Blade|p1a: Ice Spice\n|-supereffective|p1a: Ice Spice\n|-damage|p1a: Ice Spice|0 fnt\n|faint|p1a: Ice Spice\n|-end|p1a: Ice Spice|Protosynthesis|[silent]\n|\n|upkeep\n|\n|t:|1697562541\n|switch|p1a: Yamz|Arceus-Ghost, shiny|100\/100\n|turn|6\n|\n|t:|1697562549\n|move|p1a: Yamz|Calm Mind|p1a: Yamz\n|-boost|p1a: Yamz|spa|1\n|-boost|p1a: Yamz|spd|1\n|move|p2a: Artoria|Play Rough|p1a: Yamz|[miss]\n|-miss|p2a: Artoria|p1a: Yamz\n|\n|upkeep\n|turn|7\n|\n|t:|1697562557\n|move|p1a: Yamz|Calm Mind|p1a: Yamz\n|-boost|p1a: Yamz|spa|1\n|-boost|p1a: Yamz|spd|1\n|move|p2a: Artoria|Play Rough|p1a: Yamz\n|-damage|p1a: Yamz|50\/100\n|\n|upkeep\n|turn|8\n|\n|t:|1697562563\n|move|p1a: Yamz|Judgment|p2a: Artoria\n|-damage|p2a: Artoria|0 fnt\n|faint|p2a: Artoria\n|\n|-sideend|p2: demilembias|move: Light Screen\n|upkeep\n|\n|t:|1697562578\n|switch|p2a: Trellis|Grimmsnarl, M|100\/100 par\n|turn|9\n|\n|t:|1697562583\n|move|p2a: Trellis|Taunt|p1a: Yamz\n|-start|p1a: Yamz|move: Taunt\n|move|p1a: Yamz|Judgment|p2a: Trellis\n|-resisted|p2a: Trellis\n|-damage|p2a: Trellis|66\/100 par\n|\n|upkeep\n|turn|10\n|\n|t:|1697562590\n|move|p2a: Trellis|Light Screen|p2a: Trellis\n|-sidestart|p2: demilembias|move: Light Screen\n|move|p1a: Yamz|Judgment|p2a: Trellis\n|-resisted|p2a: Trellis\n|-damage|p2a: Trellis|50\/100 par\n|\n|upkeep\n|turn|11\n|\n|t:|1697562595\n|move|p2a: Trellis|Reflect|p2a: Trellis\n|-sidestart|p2: demilembias|Reflect\n|move|p1a: Yamz|Focus Blast|p2a: Trellis\n|-damage|p2a: Trellis|24\/100 par\n|\n|-end|p1a: Yamz|move: Taunt\n|upkeep\n|turn|12\n|\n|t:|1697562607\n|switch|p2a: Gamera|Baxcalibur, F|100\/100\n|move|p1a: Yamz|Recover|p1a: Yamz\n|-heal|p1a: Yamz|99\/100\n|\n|upkeep\n|turn|13\n|\n|t:|1697562616\n|move|p1a: Yamz|Focus Blast|p2a: Gamera|[miss]\n|-miss|p1a: Yamz|p2a: Gamera\n|move|p2a: Gamera|Glaive Rush|p1a: Yamz\n|-damage|p1a: Yamz|53\/100\n|-singlemove|p2a: Gamera|Glaive Rush|[silent]\n|\n|upkeep\n|turn|14\n|\n|t:|1697562626\n|move|p1a: Yamz|Judgment|p2a: Gamera\n|-damage|p2a: Gamera|0 fnt\n|faint|p2a: Gamera\n|\n|upkeep\n|\n|t:|1697562633\n|switch|p2a: Splitjaw|Koraidon|100\/100\n|-weather|SunnyDay|[from] ability: Orichalcum Pulse|[of] p2a: Splitjaw\n|-activate|p2a: Splitjaw|Orichalcum Pulse|[source]\n|turn|15\n|\n|t:|1697562639\n|-terastallize|p2a: Splitjaw|Fire\n|move|p2a: Splitjaw|Flare Blitz|p1a: Yamz\n|-damage|p1a: Yamz|0 fnt\n|faint|p1a: Yamz\n|-damage|p2a: Splitjaw|78\/100|[from] Recoil\n|-damage|p2a: Splitjaw|68\/100|[from] item: Life Orb\n|\n|-weather|SunnyDay|[upkeep]\n|upkeep\n|\n|t:|1697562643\n|switch|p1a: Mighty Bee|Ribombee, F, shiny|100\/100\n|turn|16\n|\n|t:|1697562650\n|move|p2a: Splitjaw|Flare Blitz|p1a: Mighty Bee\n|-supereffective|p1a: Mighty Bee\n|-enditem|p1a: Mighty Bee|Focus Sash\n|-damage|p1a: Mighty Bee|1\/100\n|-damage|p2a: Splitjaw|37\/100|[from] Recoil\n|-damage|p2a: Splitjaw|27\/100|[from] item: Life Orb\n|move|p1a: Mighty Bee|Stun Spore|p2a: Splitjaw|[miss]\n|-miss|p1a: Mighty Bee|p2a: Splitjaw\n|\n|-weather|SunnyDay|[upkeep]\n|upkeep\n|turn|17\n|\n|t:|1697562662\n|move|p2a: Splitjaw|Drain Punch|p1a: Mighty Bee\n|-resisted|p1a: Mighty Bee\n|-damage|p1a: Mighty Bee|0 fnt\n|-heal|p2a: Splitjaw|27\/100|[from] drain|[of] p1a: Mighty Bee\n|faint|p1a: Mighty Bee\n|-damage|p2a: Splitjaw|17\/100|[from] item: Life Orb\n|\n|-weather|SunnyDay|[upkeep]\n|-sideend|p2: demilembias|move: Light Screen\n|upkeep\n|\n|t:|1697562685\n|switch|p1a: Fioni|Ogerpon-Hearthflame, F|100\/100\n|-ability|p1a: Fioni|Mold Breaker\n|turn|18\n|\n|t:|1697562695\n|move|p2a: Splitjaw|Drain Punch|p1a: Fioni\n|-damage|p1a: Fioni|13\/100\n|-heal|p2a: Splitjaw|56\/100|[from] drain|[of] p1a: Fioni\n|-damage|p2a: Splitjaw|46\/100|[from] item: Life Orb\n|move|p1a: Fioni|Ivy Cudgel|p2a: Splitjaw\n|-resisted|p2a: Splitjaw\n|-damage|p2a: Splitjaw|27\/100\n|\n|-weather|SunnyDay|[upkeep]\n|-sideend|p2: demilembias|Reflect\n|upkeep\n|turn|19\n|\n|t:|1697562704\n|move|p2a: Splitjaw|Drain Punch|p1a: Fioni\n|-damage|p1a: Fioni|0 fnt\n|-heal|p2a: Splitjaw|32\/100|[from] drain|[of] p1a: Fioni\n|faint|p1a: Fioni\n|-damage|p2a: Splitjaw|22\/100|[from] item: Life Orb\n|\n|-weather|none\n|upkeep\n|\n|t:|1697562708\n|switch|p1a: Sippin Green|Sinistcha-Masterpiece, shiny|100\/100\n|turn|20\n|\n|t:|1697562717\n|move|p2a: Splitjaw|Flare Blitz|p1a: Sippin Green\n|-supereffective|p1a: Sippin Green\n|-damage|p1a: Sippin Green|17\/100\n|-damage|p2a: Splitjaw|0 fnt|[from] Recoil\n|faint|p2a: Splitjaw\n|move|p1a: Sippin Green|Strength Sap|p2: Splitjaw|[notarget]\n|-fail|p1a: Sippin Green\n|\n|-heal|p1a: Sippin Green|23\/100|[from] item: Leftovers\n|upkeep\n|\n|t:|1697562744\n|switch|p2a: Coco|Hatterene, F, shiny|100\/100\n|turn|21\n|\n|t:|1697562761\n|move|p1a: Sippin Green|Strength Sap|p2a: Coco\n|move|p2a: Coco|Strength Sap|p1a: Sippin Green|[from]ability: Magic Bounce\n|-unboost|p1a: Sippin Green|atk|1\n|move|p2a: Coco|Calm Mind|p2a: Coco\n|-boost|p2a: Coco|spa|1\n|-boost|p2a: Coco|spd|1\n|\n|-heal|p1a: Sippin Green|29\/100|[from] item: Leftovers\n|upkeep\n|turn|22\n|\n|t:|1697562770\n|move|p1a: Sippin Green|Calm Mind|p1a: Sippin Green\n|-boost|p1a: Sippin Green|spa|1\n|-boost|p1a: Sippin Green|spd|1\n|move|p2a: Coco|Mystical Fire|p1a: Sippin Green\n|-supereffective|p1a: Sippin Green\n|-damage|p1a: Sippin Green|1\/100\n|-unboost|p1a: Sippin Green|spa|1\n|\n|-heal|p1a: Sippin Green|7\/100|[from] item: Leftovers\n|upkeep\n|turn|23\n|\n|t:|1697562783\n|move|p1a: Sippin Green|Matcha Gotcha|p2a: Coco\n|-damage|p2a: Coco|69\/100\n|-heal|p1a: Sippin Green|22\/100|[from] drain|[of] p2a: Coco\n|move|p2a: Coco|Calm Mind|p2a: Coco\n|-boost|p2a: Coco|spa|1\n|-boost|p2a: Coco|spd|1\n|\n|-heal|p1a: Sippin Green|28\/100|[from] item: Leftovers\n|-heal|p2a: Coco|75\/100|[from] item: Leftovers\n|upkeep\n|turn|24\n|\n|t:|1697562792\n|move|p1a: Sippin Green|Calm Mind|p1a: Sippin Green\n|-boost|p1a: Sippin Green|spa|1\n|-boost|p1a: Sippin Green|spd|1\n|move|p2a: Coco|Mystical Fire|p1a: Sippin Green\n|-supereffective|p1a: Sippin Green\n|-damage|p1a: Sippin Green|1\/100\n|-unboost|p1a: Sippin Green|spa|1\n|\n|-heal|p1a: Sippin Green|7\/100|[from] item: Leftovers\n|-heal|p2a: Coco|81\/100|[from] item: Leftovers\n|upkeep\n|turn|25\n|\n|t:|1697562803\n|move|p1a: Sippin Green|Matcha Gotcha|p2a: Coco\n|-damage|p2a: Coco|58\/100\n|-heal|p1a: Sippin Green|18\/100|[from] drain|[of] p2a: Coco\n|-status|p2a: Coco|brn\n|move|p2a: Coco|Mystical Fire|p1a: Sippin Green\n|-supereffective|p1a: Sippin Green\n|-damage|p1a: Sippin Green|0 fnt\n|faint|p1a: Sippin Green\n|\n|-heal|p2a: Coco|64\/100 brn|[from] item: Leftovers\n|-damage|p2a: Coco|58\/100 brn|[from] brn\n|upkeep\n|\n|t:|1697562807\n|switch|p1a: Madara|Ursaluna-Bloodmoon, M|100\/100\n|turn|26\n|\n|t:|1697562823\n|move|p1a: Madara|Calm Mind|p1a: Madara\n|-boost|p1a: Madara|spa|1\n|-boost|p1a: Madara|spd|1\n|move|p2a: Coco|Draining Kiss|p1a: Madara\n|-damage|p1a: Madara|73\/100\n|-heal|p2a: Coco|86\/100 brn|[from] drain|[of] p1a: Madara\n|\n|-heal|p1a: Madara|79\/100|[from] item: Leftovers\n|-heal|p2a: Coco|92\/100 brn|[from] item: Leftovers\n|-damage|p2a: Coco|86\/100 brn|[from] brn\n|upkeep\n|turn|27\n|\n|t:|1697562834\n|move|p1a: Madara|Calm Mind|p1a: Madara\n|-boost|p1a: Madara|spa|1\n|-boost|p1a: Madara|spd|1\n|move|p2a: Coco|Psyshock|p1a: Madara\n|-damage|p1a: Madara|34\/100\n|\n|-heal|p1a: Madara|40\/100|[from] item: Leftovers\n|-heal|p2a: Coco|92\/100 brn|[from] item: Leftovers\n|-damage|p2a: Coco|86\/100 brn|[from] brn\n|upkeep\n|turn|28\n|\n|t:|1697562843\n|move|p1a: Madara|Moonlight|p1a: Madara\n|-heal|p1a: Madara|90\/100\n|move|p2a: Coco|Psyshock|p1a: Madara\n|-damage|p1a: Madara|48\/100\n|\n|-heal|p1a: Madara|54\/100|[from] item: Leftovers\n|-heal|p2a: Coco|92\/100 brn|[from] item: Leftovers\n|-damage|p2a: Coco|86\/100 brn|[from] brn\n|upkeep\n|turn|29\n|\n|t:|1697562853\n|move|p1a: Madara|Blood Moon|p2a: Coco\n|-damage|p2a: Coco|17\/100 brn\n|move|p2a: Coco|Psyshock|p1a: Madara\n|-damage|p1a: Madara|7\/100\n|\n|-heal|p1a: Madara|14\/100|[from] item: Leftovers\n|-heal|p2a: Coco|23\/100 brn|[from] item: Leftovers\n|-damage|p2a: Coco|17\/100 brn|[from] brn\n|upkeep\n|turn|30\n|\n|t:|1697562861\n|move|p1a: Madara|Moonlight|p1a: Madara\n|-heal|p1a: Madara|64\/100\n|move|p2a: Coco|Psyshock|p1a: Madara\n|-damage|p1a: Madara|18\/100\n|\n|-heal|p1a: Madara|24\/100|[from] item: Leftovers\n|-heal|p2a: Coco|23\/100 brn|[from] item: Leftovers\n|-damage|p2a: Coco|17\/100 brn|[from] brn\n|upkeep\n|turn|31\n|\n|t:|1697562875\n|move|p1a: Madara|Moonlight|p1a: Madara\n|-heal|p1a: Madara|74\/100\n|move|p2a: Coco|Psyshock|p1a: Madara\n|-damage|p1a: Madara|30\/100\n|\n|-heal|p1a: Madara|36\/100|[from] item: Leftovers\n|-heal|p2a: Coco|23\/100 brn|[from] item: Leftovers\n|-damage|p2a: Coco|17\/100 brn|[from] brn\n|upkeep\n|turn|32\n|\n|t:|1697562884\n|move|p1a: Madara|Blood Moon|p2a: Coco\n|-damage|p2a: Coco|0 fnt\n|faint|p2a: Coco\n|\n|-heal|p1a: Madara|42\/100|[from] item: Leftovers\n|upkeep\n|\n|t:|1697562893\n|switch|p2a: Touko|Miraidon|100\/100\n|-fieldstart|move: Electric Terrain|[from] ability: Hadron Engine|[of] p2a: Touko\n|turn|33\n|\n|t:|1697562903\n|move|p2a: Touko|Calm Mind|p2a: Touko\n|-boost|p2a: Touko|spa|1\n|-boost|p2a: Touko|spd|1\n|move|p1a: Madara|Moonlight|p1a: Madara\n|-heal|p1a: Madara|92\/100\n|\n|-heal|p1a: Madara|98\/100|[from] item: Leftovers\n|upkeep\n|turn|34\n|\n|t:|1697562928\n|move|p2a: Touko|Dragon Pulse|p1a: Madara\n|-damage|p1a: Madara|49\/100\n|move|p1a: Madara|Blood Moon|p2a: Touko\n|-damage|p2a: Touko|34\/100\n|\n|-heal|p2a: Touko|40\/100|[from] item: Leftovers\n|-heal|p1a: Madara|55\/100|[from] item: Leftovers\n|upkeep\n|turn|35\n|\n|t:|1697562939\n|move|p2a: Touko|Dragon Pulse|p1a: Madara\n|-damage|p1a: Madara|2\/100\n|move|p1a: Madara|Moonlight|p1a: Madara\n|-heal|p1a: Madara|52\/100\n|\n|-heal|p2a: Touko|46\/100|[from] item: Leftovers\n|-heal|p1a: Madara|58\/100|[from] item: Leftovers\n|upkeep\n|turn|36\n|\n|t:|1697562953\n|move|p2a: Touko|Dragon Pulse|p1a: Madara\n|-damage|p1a: Madara|6\/100\n|move|p1a: Madara|Blood Moon|p2a: Touko\n|-damage|p2a: Touko|0 fnt\n|faint|p2a: Touko\n|\n|-heal|p1a: Madara|12\/100|[from] item: Leftovers\n|upkeep\n|\n|t:|1697562961\n|switch|p2a: Trellis|Grimmsnarl, M|24\/100 par\n|turn|37\n|\n|t:|1697562966\n|move|p1a: Madara|Moonlight|p1a: Madara\n|-heal|p1a: Madara|62\/100\n|move|p2a: Trellis|Play Rough|p1a: Madara\n|-damage|p1a: Madara|40\/100\n|\n|-heal|p1a: Madara|47\/100|[from] item: Leftovers\n|-fieldend|move: Electric Terrain\n|upkeep\n|turn|38\n|c|\u2606SadaShidz\ufe0f|Gg\n|\n|t:|1697562975\n|move|p2a: Trellis|Taunt|p1a: Madara\n|-start|p1a: Madara|move: Taunt\n|move|p1a: Madara|Blood Moon|p2a: Trellis\n|-damage|p2a: Trellis|0 fnt\n|faint|p2a: Trellis\n|\n|win|SadaShidz\ufe0f\n|raw|SadaShidz\ufe0f's rating: 1379 &rarr; <strong>1391<\/strong><br \/>(+12 for winning)\n|raw|demilembias's rating: 1230 &rarr; <strong>1215<\/strong><br \/>(-15 for losing)\n|l|\u2606demilembias\n","uploadtime":1697562990,"views":5,"p1id":"sadashidz","p2id":"demilembias","formatid":"gen9ubers","rating":1215,"private":0,"password":""}