{"id":"gen9ubers-1993579597","p1":"NWA Anemos","p2":"OmegaSheep","format":"[Gen 9] Ubers","log":"|j|\u2606NWA Anemos\n|j|\u2606OmegaSheep\n|t:|1700333905\n|gametype|singles\n|player|p1|NWA Anemos|waitress-gen4|\n|player|p2|OmegaSheep|266|\n|teamsize|p1|6\n|teamsize|p2|6\n|gen|9\n|tier|[Gen 9] Ubers\n|rule|Sleep Clause Mod: Limit one foe put to sleep\n|rule|Species Clause: Limit one of each Pok\u00e9mon\n|rule|OHKO Clause: OHKO moves are banned\n|rule|Evasion Items Clause: Evasion items are banned\n|rule|Evasion Moves Clause: Evasion moves are banned\n|rule|Endless Battle Clause: Forcing endless battles is banned\n|rule|HP Percentage Mod: HP is shown in percentages\n|clearpoke\n|poke|p1|Greninja-*, M|\n|poke|p1|Donphan, M|\n|poke|p1|Jirachi|\n|poke|p1|Trevenant, M|\n|poke|p1|Decidueye-Hisui, M|\n|poke|p1|Sylveon, M|\n|poke|p2|Great Tusk|\n|poke|p2|Torkoal, F|\n|poke|p2|Ribombee, F|\n|poke|p2|Thundurus-Therian, M|\n|poke|p2|Overqwil, M|\n|poke|p2|Weezing-Galar, M|\n|teampreview\n|c|\u2606NWA Anemos|glhf\n|\n|t:|1700333962\n|start\n|switch|p1a: Donphan|Donphan, M|100\/100\n|switch|p2a: Torkoal|Torkoal, F|100\/100\n|-weather|SunnyDay|[from] ability: Drought|[of] p2a: Torkoal\n|turn|1\n|c|\u2606OmegaSheep|glhf\n|j| UnstableWeirdness\n|\n|t:|1700334030\n|move|p1a: Donphan|Stealth Rock|p2a: Torkoal\n|-sidestart|p2: OmegaSheep|move: Stealth Rock\n|move|p2a: Torkoal|Stealth Rock|p1a: Donphan\n|-sidestart|p1: NWA Anemos|move: Stealth Rock\n|\n|-weather|SunnyDay|[upkeep]\n|upkeep\n|turn|2\n|\n|t:|1700334055\n|move|p1a: Donphan|Rapid Spin|p2a: Torkoal\n|-damage|p2a: Torkoal|89\/100\n|-boost|p1a: Donphan|spe|1\n|-sideend|p1: NWA Anemos|Stealth Rock|[from] move: Rapid Spin|[of] p1a: Donphan\n|move|p2a: Torkoal|Rapid Spin|p1a: Donphan\n|-damage|p1a: Donphan|94\/100\n|-boost|p2a: Torkoal|spe|1\n|-sideend|p2: OmegaSheep|Stealth Rock|[from] move: Rapid Spin|[of] p2a: Torkoal\n|\n|-weather|SunnyDay|[upkeep]\n|-heal|p1a: Donphan|99\/100|[from] item: Leftovers\n|upkeep\n|turn|3\n|c|\u2606OmegaSheep|hmmm\n|c|\u2606NWA Anemos|lol\n|\n|t:|1700334107\n|switch|p2a: Weezing|Weezing-Galar, M|100\/100\n|move|p1a: Donphan|Earthquake|p2a: Weezing\n|-immune|p2a: Weezing|[from] ability: Levitate\n|\n|-weather|SunnyDay|[upkeep]\n|-heal|p1a: Donphan|100\/100|[from] item: Leftovers\n|upkeep\n|turn|4\n|\n|t:|1700334122\n|move|p1a: Donphan|Stealth Rock|p2a: Weezing\n|-sidestart|p2: OmegaSheep|move: Stealth Rock\n|move|p2a: Weezing|Toxic Spikes|p1a: Donphan\n|-sidestart|p1: NWA Anemos|move: Toxic Spikes\n|\n|-weather|SunnyDay|[upkeep]\n|upkeep\n|turn|5\n|\n|t:|1700334130\n|move|p1a: Donphan|Rapid Spin|p2a: Weezing\n|-crit|p2a: Weezing\n|-damage|p2a: Weezing|83\/100\n|-boost|p1a: Donphan|spe|1\n|-sideend|p1: NWA Anemos|Toxic Spikes|[from] move: Rapid Spin|[of] p1a: Donphan\n|move|p2a: Weezing|Toxic Spikes|p1a: Donphan\n|-sidestart|p1: NWA Anemos|move: Toxic Spikes\n|\n|-weather|none\n|-heal|p2a: Weezing|89\/100|[from] item: Leftovers\n|upkeep\n|turn|6\n|\n|t:|1700334210\n|move|p1a: Donphan|Knock Off|p2a: Weezing\n|-resisted|p2a: Weezing\n|-crit|p2a: Weezing\n|-damage|p2a: Weezing|71\/100\n|-enditem|p2a: Weezing|Leftovers|[from] move: Knock Off|[of] p1a: Donphan\n|move|p2a: Weezing|Toxic Spikes|p1a: Donphan\n|-sidestart|p1: NWA Anemos|move: Toxic Spikes\n|\n|upkeep\n|turn|7\n|\n|t:|1700334271\n|switch|p2a: Great Tusk|Great Tusk|100\/100\n|-damage|p2a: Great Tusk|98\/100|[from] Stealth Rock\n|move|p1a: Donphan|Stealth Rock||[still]\n|-fail|p1a: Donphan\n|\n|-heal|p2a: Great Tusk|100\/100|[from] item: Leftovers\n|upkeep\n|turn|8\n|\n|t:|1700334285\n|move|p2a: Great Tusk|Ice Spinner|p1a: Donphan\n|-supereffective|p1a: Donphan\n|-damage|p1a: Donphan|65\/100\n|move|p1a: Donphan|Rapid Spin|p2a: Great Tusk\n|-crit|p2a: Great Tusk\n|-damage|p2a: Great Tusk|86\/100\n|-boost|p1a: Donphan|spe|1\n|-sideend|p1: NWA Anemos|Toxic Spikes|[from] move: Rapid Spin|[of] p1a: Donphan\n|\n|-heal|p1a: Donphan|71\/100|[from] item: Leftovers\n|-heal|p2a: Great Tusk|92\/100|[from] item: Leftovers\n|upkeep\n|turn|9\n|c|\u2606NWA Anemos|uhh whoops\n|\n|t:|1700334304\n|move|p1a: Donphan|Earthquake|p2a: Great Tusk\n|-damage|p2a: Great Tusk|62\/100\n|move|p2a: Great Tusk|Ice Spinner|p1a: Donphan\n|-supereffective|p1a: Donphan\n|-damage|p1a: Donphan|36\/100\n|\n|-heal|p1a: Donphan|42\/100|[from] item: Leftovers\n|-heal|p2a: Great Tusk|69\/100|[from] item: Leftovers\n|upkeep\n|turn|10\n|\n|t:|1700334386\n|move|p1a: Donphan|Earthquake|p2a: Great Tusk\n|-damage|p2a: Great Tusk|41\/100\n|move|p2a: Great Tusk|Ice Spinner|p1a: Donphan\n|-supereffective|p1a: Donphan\n|-damage|p1a: Donphan|6\/100\n|\n|-heal|p1a: Donphan|12\/100|[from] item: Leftovers\n|-heal|p2a: Great Tusk|47\/100|[from] item: Leftovers\n|upkeep\n|turn|11\n|\n|t:|1700334446\n|switch|p1a: Greninja|Greninja, M|100\/100\n|move|p2a: Great Tusk|Knock Off|p1a: Greninja\n|-resisted|p1a: Greninja\n|-crit|p1a: Greninja\n|-damage|p1a: Greninja|65\/100\n|-enditem|p1a: Greninja|Life Orb|[from] move: Knock Off|[of] p2a: Great Tusk\n|\n|-heal|p2a: Great Tusk|53\/100|[from] item: Leftovers\n|upkeep\n|turn|12\n|\n|t:|1700334644\n|move|p1a: Greninja|Water Shuriken|p2a: Great Tusk\n|-supereffective|p2a: Great Tusk\n|-damage|p2a: Great Tusk|35\/100\n|-supereffective|p2a: Great Tusk\n|-damage|p2a: Great Tusk|15\/100\n|-supereffective|p2a: Great Tusk\n|-damage|p2a: Great Tusk|0 fnt\n|faint|p2a: Great Tusk\n|-end|p2a: Great Tusk|Protosynthesis|[silent]\n|-ability|p1a: Greninja|Battle Bond|boost\n|-boost|p1a: Greninja|atk|1\n|-boost|p1a: Greninja|spa|1\n|-boost|p1a: Greninja|spe|1\n|-activate|p1a: Greninja|ability: Battle Bond\n|-hitcount|p2: Great Tusk|3\n|\n|upkeep\n|\n|t:|1700334743\n|switch|p2a: Torkoal|Torkoal, F|89\/100\n|-damage|p2a: Torkoal|64\/100|[from] Stealth Rock\n|-weather|SunnyDay|[from] ability: Drought|[of] p2a: Torkoal\n|turn|13\n|\n|t:|1700334793\n|move|p1a: Greninja|Water Shuriken|p2a: Torkoal\n|-supereffective|p2a: Torkoal\n|-damage|p2a: Torkoal|50\/100\n|-supereffective|p2a: Torkoal\n|-damage|p2a: Torkoal|37\/100\n|-hitcount|p2a: Torkoal|2\n|move|p2a: Torkoal|Yawn|p1a: Greninja\n|-start|p1a: Greninja|move: Yawn|[of] p2a: Torkoal\n|\n|-weather|SunnyDay|[upkeep]\n|upkeep\n|turn|14\n|\n|t:|1700334827\n|switch|p2a: Weezing|Weezing-Galar, M|71\/100\n|-damage|p2a: Weezing|59\/100|[from] Stealth Rock\n|move|p1a: Greninja|Dark Pulse|p2a: Weezing\n|-resisted|p2a: Weezing\n|-damage|p2a: Weezing|30\/100\n|\n|-weather|SunnyDay|[upkeep]\n|-end|p1a: Greninja|move: Yawn|[silent]\n|-status|p1a: Greninja|slp\n|upkeep\n|turn|15\n|\n|t:|1700334929\n|switch|p1a: Jirachi|Jirachi|100\/100\n|move|p2a: Weezing|Thunderbolt|p1a: Jirachi\n|-damage|p1a: Jirachi|83\/100\n|-status|p1a: Jirachi|par\n|\n|-weather|SunnyDay|[upkeep]\n|upkeep\n|turn|16\n|c|\u2606OmegaSheep|no way\n|j| thisaintgeo\n|c|\u2606NWA Anemos|wow\n|\n|t:|1700335023\n|cant|p1a: Jirachi|par\n|move|p2a: Weezing|Toxic Spikes|p1a: Jirachi\n|-sidestart|p1: NWA Anemos|move: Toxic Spikes\n|\n|-weather|SunnyDay|[upkeep]\n|upkeep\n|turn|17\n|\n|t:|1700335039\n|move|p1a: Jirachi|Iron Head|p2a: Weezing\n|-supereffective|p2a: Weezing\n|-damage|p2a: Weezing|0 fnt\n|faint|p2a: Weezing\n|\n|-weather|none\n|upkeep\n|\n|t:|1700335079\n|switch|p2a: Overqwil|Overqwil, M|100\/100\n|-damage|p2a: Overqwil|88\/100|[from] Stealth Rock\n|-ability|p2a: Overqwil|Intimidate|boost\n|-unboost|p1a: Jirachi|atk|1\n|turn|18\n|\n|t:|1700335097\n|move|p2a: Overqwil|Crunch|p1a: Jirachi\n|-supereffective|p1a: Jirachi\n|-damage|p1a: Jirachi|4\/100 par\n|-unboost|p1a: Jirachi|def|1\n|move|p1a: Jirachi|Iron Head|p2a: Overqwil\n|-damage|p2a: Overqwil|64\/100\n|\n|upkeep\n|turn|19\n|\n|t:|1700335150\n|move|p2a: Overqwil|Crunch|p1a: Jirachi\n|-supereffective|p1a: Jirachi\n|-damage|p1a: Jirachi|0 fnt\n|faint|p1a: Jirachi\n|\n|upkeep\n|\n|t:|1700335213\n|switch|p1a: Trevenant|Trevenant, M|100\/100\n|-status|p1a: Trevenant|psn\n|turn|20\n|\n|t:|1700335313\n|-terastallize|p2a: Overqwil|Water\n|-terastallize|p1a: Trevenant|Rock\n|move|p2a: Overqwil|Crunch|p1a: Trevenant\n|-damage|p1a: Trevenant|50\/100 psn\n|-unboost|p1a: Trevenant|def|1\n|-enditem|p1a: Trevenant|Sitrus Berry|[eat]\n|-heal|p1a: Trevenant|75\/100 psn|[from] item: Sitrus Berry\n|move|p1a: Trevenant|Substitute|p1a: Trevenant\n|-start|p1a: Trevenant|Substitute\n|-damage|p1a: Trevenant|50\/100 psn\n|\n|-damage|p1a: Trevenant|37\/100 psn|[from] psn\n|upkeep\n|turn|21\n|\n|t:|1700335333\n|move|p2a: Overqwil|Crunch|p1a: Trevenant\n|-end|p1a: Trevenant|Substitute\n|move|p1a: Trevenant|Leech Seed|p2a: Overqwil\n|-start|p2a: Overqwil|move: Leech Seed\n|\n|-damage|p2a: Overqwil|52\/100|[from] Leech Seed|[of] p1a: Trevenant\n|-heal|p1a: Trevenant|48\/100 psn|[silent]\n|-damage|p1a: Trevenant|36\/100 psn|[from] psn\n|-item|p1a: Trevenant|Sitrus Berry|[from] ability: Harvest\n|upkeep\n|-enditem|p1a: Trevenant|Sitrus Berry|[eat]\n|-heal|p1a: Trevenant|61\/100 psn|[from] item: Sitrus Berry\n|turn|22\n|\n|t:|1700335346\n|move|p1a: Trevenant|Protect|p1a: Trevenant\n|-singleturn|p1a: Trevenant|Protect\n|move|p2a: Overqwil|Crunch|p1a: Trevenant\n|-activate|p1a: Trevenant|move: Protect\n|\n|-damage|p2a: Overqwil|40\/100|[from] Leech Seed|[of] p1a: Trevenant\n|-heal|p1a: Trevenant|71\/100 psn|[silent]\n|-damage|p1a: Trevenant|59\/100 psn|[from] psn\n|upkeep\n|turn|23\n|\n|t:|1700335357\n|move|p2a: Overqwil|Crunch|p1a: Trevenant\n|-damage|p1a: Trevenant|0 fnt\n|faint|p1a: Trevenant\n|\n|upkeep\n|\n|t:|1700335417\n|switch|p1a: Sylveon|Sylveon, M|100\/100\n|-status|p1a: Sylveon|psn\n|turn|24\n|\n|t:|1700335466\n|switch|p2a: Torkoal|Torkoal, F|37\/100\n|-damage|p2a: Torkoal|12\/100|[from] Stealth Rock\n|-weather|SunnyDay|[from] ability: Drought|[of] p2a: Torkoal\n|move|p1a: Sylveon|Hyper Voice|p2a: Torkoal\n|-resisted|p2a: Torkoal\n|-damage|p2a: Torkoal|0 fnt\n|faint|p2a: Torkoal\n|\n|-weather|SunnyDay|[upkeep]\n|-damage|p1a: Sylveon|88\/100 psn|[from] psn\n|upkeep\n|\n|t:|1700335487\n|switch|p2a: Overqwil|Overqwil, M, tera:Water|40\/100\n|-damage|p2a: Overqwil|27\/100|[from] Stealth Rock\n|-ability|p2a: Overqwil|Intimidate|boost\n|-unboost|p1a: Sylveon|atk|1\n|turn|25\n|\n|t:|1700335538\n|switch|p1a: Donphan|Donphan, M|12\/100\n|-status|p1a: Donphan|psn\n|move|p2a: Overqwil|Poison Jab|p1a: Donphan\n|-resisted|p1a: Donphan\n|-damage|p1a: Donphan|0 fnt\n|faint|p1a: Donphan\n|\n|-weather|SunnyDay|[upkeep]\n|upkeep\n|\n|t:|1700335566\n|switch|p1a: Greninja|Greninja, M|65\/100 slp\n|turn|26\n|\n|t:|1700335617\n|move|p2a: Overqwil|Poison Jab|p1a: Greninja\n|-crit|p1a: Greninja\n|-damage|p1a: Greninja|0 fnt\n|faint|p1a: Greninja\n|\n|-weather|SunnyDay|[upkeep]\n|upkeep\n|\n|t:|1700335644\n|switch|p1a: Decidueye|Decidueye-Hisui, M|100\/100\n|turn|27\n|j| ProudNewb\n|\n|t:|1700335692\n|move|p2a: Overqwil|Poison Jab|p1a: Decidueye\n|-supereffective|p1a: Decidueye\n|-damage|p1a: Decidueye|33\/100\n|move|p1a: Decidueye|Triple Arrows|p2a: Overqwil\n|-crit|p2a: Overqwil\n|-damage|p2a: Overqwil|0 fnt\n|faint|p2a: Overqwil\n|\n|-weather|SunnyDay|[upkeep]\n|upkeep\n|\n|t:|1700335713\n|switch|p2a: Ribombee|Ribombee, F|100\/100\n|-damage|p2a: Ribombee|76\/100|[from] Stealth Rock\n|turn|28\n|\n|t:|1700335729\n|move|p2a: Ribombee|Moonblast|p1a: Decidueye\n|-supereffective|p1a: Decidueye\n|-damage|p1a: Decidueye|0 fnt\n|faint|p1a: Decidueye\n|\n|-weather|none\n|upkeep\n|\n|t:|1700335735\n|switch|p1a: Sylveon|Sylveon, M|88\/100 psn\n|turn|29\n|l| ProudNewb\n|\n|t:|1700335761\n|move|p2a: Ribombee|Moonblast|p1a: Sylveon\n|-damage|p1a: Sylveon|56\/100 psn\n|move|p1a: Sylveon|Hyper Voice|p2a: Ribombee\n|-damage|p2a: Ribombee|0 fnt\n|faint|p2a: Ribombee\n|\n|-damage|p1a: Sylveon|44\/100 psn|[from] psn\n|upkeep\n|j| ProudNewb\n|\n|t:|1700335782\n|switch|p2a: Thundurus|Thundurus-Therian, M|100\/100\n|-damage|p2a: Thundurus|76\/100|[from] Stealth Rock\n|turn|30\n|\n|t:|1700335876\n|move|p2a: Thundurus|Flash Cannon|p1a: Sylveon\n|-supereffective|p1a: Sylveon\n|-damage|p1a: Sylveon|0 fnt\n|faint|p1a: Sylveon\n|\n|win|OmegaSheep\n|c|\u2606OmegaSheep|had to make sure\n|c|\u2606NWA Anemos|lol\n|c|\u2606NWA Anemos|gg\n|c|\u2606OmegaSheep|sorry took a while gg\n|c|\u2606OmegaSheep|FIRST DUB\n|l|\u2606OmegaSheep\n|c|\u2606NWA Anemos|lmao were you calcing on pen and paper?\n","uploadtime":1700335920,"views":21,"p1id":"nwaanemos","p2id":"omegasheep","formatid":"gen9ubers","rating":0,"private":0,"password":""}