{"id":"gen9ubers-1988533726","p1":"mimolette7","p2":"Im_Not_A_Whale","format":"[Gen 9] Ubers","log":"|j|\u2606mimolette7\n|j|\u2606Im_Not_A_Whale\n|t:|1699733208\n|gametype|singles\n|player|p1|mimolette7|elesa-masters2|\n|player|p2|Im_Not_A_Whale|drayden|\n|teamsize|p1|6\n|teamsize|p2|6\n|gen|9\n|tier|[Gen 9] Ubers\n|rule|Sleep Clause Mod: Limit one foe put to sleep\n|rule|Species Clause: Limit one of each Pok\u00e9mon\n|rule|OHKO Clause: OHKO moves are banned\n|rule|Evasion Items Clause: Evasion items are banned\n|rule|Evasion Moves Clause: Evasion moves are banned\n|rule|Endless Battle Clause: Forcing endless battles is banned\n|rule|HP Percentage Mod: HP is shown in percentages\n|clearpoke\n|poke|p1|Greninja-*, M|\n|poke|p1|Pelipper, F|\n|poke|p1|Magearna|\n|poke|p1|Arceus-Poison|\n|poke|p1|Cyclizar, M|\n|poke|p1|Thundurus-Therian, M|\n|poke|p2|Darkrai|\n|poke|p2|Palafin, F|\n|poke|p2|Samurott-Hisui, M|\n|poke|p2|Sableye, M|\n|poke|p2|Landorus, M|\n|poke|p2|Shaymin-Sky|\n|teampreview\n|inactive|Battle timer is ON: inactive players will automatically lose when time's up. (requested by mimolette7)\n|\n|t:|1699733233\n|start\n|switch|p1a: Magearna|Magearna|100\/100\n|switch|p2a: Samurott|Samurott-Hisui, M|100\/100\n|turn|1\n|\n|t:|1699733256\n|switch|p2a: Darkrai|Darkrai|100\/100\n|move|p1a: Magearna|Fleur Cannon|p2a: Darkrai\n|-supereffective|p2a: Darkrai\n|-damage|p2a: Darkrai|0 fnt\n|-unboost|p1a: Magearna|spa|2\n|faint|p2a: Darkrai\n|-ability|p1a: Magearna|Soul-Heart|boost\n|-boost|p1a: Magearna|spa|1\n|\n|upkeep\n|\n|t:|1699733264\n|switch|p2a: Sableye|Sableye, M|100\/100\n|turn|2\n|\n|t:|1699733269\n|move|p2a: Sableye|Light Screen|p2a: Sableye\n|-sidestart|p2: Im_Not_A_Whale|move: Light Screen\n|move|p1a: Magearna|Volt Switch|p2a: Sableye\n|-damage|p2a: Sableye|93\/100\n|\n|t:|1699733298\n|switch|p1a: Cyclizar|Cyclizar, M|100\/100|[from] Volt Switch\n|\n|-heal|p2a: Sableye|99\/100|[from] item: Leftovers\n|upkeep\n|turn|3\n|inactive|Im_Not_A_Whale has 270 seconds left.\n|\n|t:|1699733332\n|switch|p2a: Landorus|Landorus, M|100\/100\n|move|p1a: Cyclizar|Knock Off|p2a: Landorus\n|-damage|p2a: Landorus|76\/100\n|-enditem|p2a: Landorus|Choice Specs|[from] move: Knock Off|[of] p1a: Cyclizar\n|\n|upkeep\n|turn|4\n|inactive|Im_Not_A_Whale has 270 seconds left.\n|\n|t:|1699733358\n|move|p1a: Cyclizar|Shed Tail|p1a: Cyclizar\n|-start|p1a: Cyclizar|Substitute|[from] move: Shed Tail\n|-damage|p1a: Cyclizar|50\/100\n|inactive|mimolette7 has 270 seconds left.\n|\n|t:|1699733406\n|switch|p1a: Greninja|Greninja, M|100\/100|[from] Shed Tail\n|move|p2a: Landorus|Earth Power|p1a: Greninja\n|-end|p1a: Greninja|Substitute\n|\n|upkeep\n|turn|5\n|inactive|mimolette7 has 240 seconds left.\n|inactive|Im_Not_A_Whale has 240 seconds left.\n|\n|t:|1699733442\n|switch|p1a: Pelipper|Pelipper, F|100\/100\n|-weather|RainDance|[from] ability: Drizzle|[of] p1a: Pelipper\n|switch|p2a: Palafin|Palafin, F|100\/100\n|\n|-weather|RainDance|[upkeep]\n|upkeep\n|turn|6\n|\n|t:|1699733455\n|move|p2a: Palafin|Flip Turn|p1a: Pelipper\n|-resisted|p1a: Pelipper\n|-damage|p1a: Pelipper|79\/100\n|\n|t:|1699733459\n|detailschange|p2a: Palafin|Palafin-Hero, F\n|switch|p2a: Sableye|Sableye, M|99\/100|[from] Flip Turn\n|move|p1a: Pelipper|U-turn|p2a: Sableye\n|-damage|p2a: Sableye|88\/100\n|\n|t:|1699733464\n|switch|p1a: Cyclizar|Cyclizar, M|84\/100|[from] U-turn\n|\n|-weather|RainDance|[upkeep]\n|-heal|p2a: Sableye|94\/100|[from] item: Leftovers\n|-sideend|p2: Im_Not_A_Whale|move: Light Screen\n|upkeep\n|turn|7\n|inactive|mimolette7 has 240 seconds left.\n|\n|t:|1699733479\n|move|p2a: Sableye|Reflect|p2a: Sableye\n|-sidestart|p2: Im_Not_A_Whale|Reflect\n|move|p1a: Cyclizar|Knock Off|p2a: Sableye\n|-damage|p2a: Sableye|79\/100\n|-enditem|p2a: Sableye|Leftovers|[from] move: Knock Off|[of] p1a: Cyclizar\n|\n|-weather|RainDance|[upkeep]\n|upkeep\n|turn|8\n|\n|t:|1699733485\n|move|p2a: Sableye|Encore|p1a: Cyclizar\n|-start|p1a: Cyclizar|Encore\n|move|p1a: Cyclizar|Knock Off|p2a: Sableye\n|-damage|p2a: Sableye|68\/100\n|\n|-weather|RainDance|[upkeep]\n|upkeep\n|turn|9\n|inactive|Im_Not_A_Whale has 270 seconds left.\n|inactive|mimolette7 has 240 seconds left.\n|\n|t:|1699733510\n|switch|p1a: Thundurus|Thundurus-Therian, M|100\/100\n|move|p2a: Sableye|Light Screen|p2a: Sableye\n|-sidestart|p2: Im_Not_A_Whale|move: Light Screen\n|\n|-weather|RainDance|[upkeep]\n|upkeep\n|turn|10\n|inactive|mimolette7 has 240 seconds left.\n|\n|t:|1699733518\n|switch|p2a: Landorus|Landorus, M|76\/100\n|move|p1a: Thundurus|Weather Ball|p2a: Landorus\n|-supereffective|p2a: Landorus\n|-damage|p2a: Landorus|3\/100\n|\n|-weather|RainDance|[upkeep]\n|upkeep\n|turn|11\n|inactive|Im_Not_A_Whale has 270 seconds left.\n|inactive|mimolette7 has 240 seconds left.\n|\n|t:|1699733532\n|switch|p1a: Cyclizar|Cyclizar, M|100\/100\n|move|p2a: Landorus|Sludge Bomb|p1a: Cyclizar\n|-damage|p1a: Cyclizar|53\/100\n|\n|-weather|RainDance|[upkeep]\n|-sideend|p2: Im_Not_A_Whale|Reflect\n|upkeep\n|turn|12\n|inactive|Im_Not_A_Whale has 270 seconds left.\n|inactive|Im_Not_A_Whale has 240 seconds left.\n|\n|t:|1699733571\n|switch|p2a: Samurott|Samurott-Hisui, M|100\/100\n|move|p1a: Cyclizar|Knock Off|p2a: Samurott\n|-resisted|p2a: Samurott\n|-damage|p2a: Samurott|86\/100\n|-enditem|p2a: Samurott|Focus Sash|[from] move: Knock Off|[of] p1a: Cyclizar\n|\n|-weather|none\n|upkeep\n|turn|13\n|inactive|mimolette7 has 240 seconds left.\n|\n|t:|1699733589\n|switch|p1a: Magearna|Magearna|100\/100\n|move|p2a: Samurott|Ceaseless Edge|p1a: Magearna\n|-resisted|p1a: Magearna\n|-damage|p1a: Magearna|82\/100\n|-sidestart|p1: mimolette7|Spikes\n|\n|-heal|p1a: Magearna|88\/100|[from] item: Leftovers\n|-sideend|p2: Im_Not_A_Whale|move: Light Screen\n|upkeep\n|turn|14\n|inactive|mimolette7 has 240 seconds left.\n|inactive|Im_Not_A_Whale has 240 seconds left.\n|\n|t:|1699733610\n|move|p2a: Samurott|Ceaseless Edge|p1a: Magearna\n|-resisted|p1a: Magearna\n|-damage|p1a: Magearna|70\/100\n|-sidestart|p1: mimolette7|Spikes\n|move|p1a: Magearna|Fleur Cannon|p2a: Samurott\n|-supereffective|p2a: Samurott\n|-damage|p2a: Samurott|0 fnt\n|-unboost|p1a: Magearna|spa|2\n|faint|p2a: Samurott\n|-ability|p1a: Magearna|Soul-Heart|boost\n|-boost|p1a: Magearna|spa|1\n|\n|-heal|p1a: Magearna|76\/100|[from] item: Leftovers\n|upkeep\n|\n|t:|1699733619\n|switch|p2a: Landorus|Landorus, M|3\/100\n|turn|15\n|inactive|Im_Not_A_Whale has 240 seconds left.\n|inactive|mimolette7 has 240 seconds left.\n|\n|t:|1699733653\n|move|p2a: Landorus|Psychic|p1a: Magearna\n|-resisted|p1a: Magearna\n|-damage|p1a: Magearna|64\/100\n|move|p1a: Magearna|Fleur Cannon|p2a: Landorus\n|-damage|p2a: Landorus|0 fnt\n|-unboost|p1a: Magearna|spa|2\n|faint|p2a: Landorus\n|-ability|p1a: Magearna|Soul-Heart|boost\n|-boost|p1a: Magearna|spa|1\n|\n|-heal|p1a: Magearna|70\/100|[from] item: Leftovers\n|upkeep\n|c|\u2606Im_Not_A_Whale|OH NO\n|\n|t:|1699733668\n|switch|p2a: Shaymin|Shaymin-Sky|100\/100\n|turn|16\n|\n|t:|1699733674\n|move|p2a: Shaymin|Earth Power|p1a: Magearna\n|-supereffective|p1a: Magearna\n|-damage|p1a: Magearna|15\/100\n|move|p1a: Magearna|Volt Switch|p2a: Shaymin\n|-damage|p2a: Shaymin|88\/100\n|\n|t:|1699733699\n|switch|p1a: Arceus|Arceus-Poison|100\/100|[from] Volt Switch\n|-damage|p1a: Arceus|84\/100|[from] Spikes\n|\n|upkeep\n|turn|17\n|inactive|Im_Not_A_Whale has 240 seconds left.\n|\n|t:|1699733720\n|move|p2a: Shaymin|Earth Power|p1a: Arceus\n|-supereffective|p1a: Arceus\n|-damage|p1a: Arceus|13\/100\n|-unboost|p1a: Arceus|spd|1\n|move|p1a: Arceus|Gunk Shot|p2a: Shaymin\n|-supereffective|p2a: Shaymin\n|-damage|p2a: Shaymin|0 fnt\n|faint|p2a: Shaymin\n|\n|upkeep\n|\n|t:|1699733728\n|switch|p2a: Palafin|Palafin-Hero, F|100\/100\n|-activate|p2a: Palafin|ability: Zero to Hero\n|turn|18\n|inactive|mimolette7 has 240 seconds left.\n|\n|t:|1699733737\n|move|p2a: Palafin|Jet Punch|p1a: Arceus\n|-damage|p1a: Arceus|0 fnt\n|faint|p1a: Arceus\n|\n|upkeep\n|inactive|mimolette7 has 240 seconds left.\n|inactive|mimolette7 has 210 seconds left.\n|\n|t:|1699733779\n|switch|p1a: Greninja|Greninja, M|100\/100\n|-damage|p1a: Greninja|84\/100|[from] Spikes\n|turn|19\n|inactive|mimolette7 has 210 seconds left.\n|\n|t:|1699733790\n|switch|p2a: Sableye|Sableye, M|68\/100\n|move|p1a: Greninja|Dark Pulse|p2a: Sableye\n|-damage|p2a: Sableye|32\/100\n|\n|upkeep\n|turn|20\n|inactive|mimolette7 has 210 seconds left.\n|\n|t:|1699733802\n|move|p2a: Sableye|Light Screen|p2a: Sableye\n|-sidestart|p2: Im_Not_A_Whale|move: Light Screen\n|move|p1a: Greninja|Dark Pulse|p2a: Sableye\n|-damage|p2a: Sableye|12\/100\n|\n|upkeep\n|turn|21\n|\n|t:|1699733808\n|move|p2a: Sableye|Reflect|p2a: Sableye\n|-sidestart|p2: Im_Not_A_Whale|Reflect\n|move|p1a: Greninja|Dark Pulse|p2a: Sableye\n|-damage|p2a: Sableye|0 fnt\n|faint|p2a: Sableye\n|-ability|p1a: Greninja|Battle Bond|boost\n|-boost|p1a: Greninja|atk|1\n|-boost|p1a: Greninja|spa|1\n|-boost|p1a: Greninja|spe|1\n|-activate|p1a: Greninja|ability: Battle Bond\n|\n|upkeep\n|\n|t:|1699733815\n|switch|p2a: Palafin|Palafin-Hero, F|100\/100\n|turn|22\n|\n|t:|1699733819\n|-terastallize|p2a: Palafin|Water\n|move|p2a: Palafin|Jet Punch|p1a: Greninja\n|-resisted|p1a: Greninja\n|-damage|p1a: Greninja|13\/100\n|-enditem|p1a: Greninja|Petaya Berry|[eat]\n|-boost|p1a: Greninja|spa|1|[from] item: Petaya Berry\n|move|p1a: Greninja|Dark Pulse|p2a: Palafin\n|-damage|p2a: Palafin|59\/100\n|\n|upkeep\n|turn|23\n|inactive|mimolette7 has 240 seconds left.\n|\n|t:|1699733838\n|move|p1a: Greninja|Endure|p1a: Greninja\n|-singleturn|p1a: Greninja|move: Endure\n|move|p2a: Palafin|Jet Punch|p1a: Greninja\n|-resisted|p1a: Greninja\n|-activate|p1a: Greninja|move: Endure\n|-damage|p1a: Greninja|1\/100\n|\n|upkeep\n|turn|24\n|\n|t:|1699733845\n|move|p2a: Palafin|Jet Punch|p1a: Greninja\n|-resisted|p1a: Greninja\n|-damage|p1a: Greninja|0 fnt\n|faint|p1a: Greninja\n|\n|-sideend|p2: Im_Not_A_Whale|move: Light Screen\n|upkeep\n|\n|t:|1699733857\n|switch|p1a: Thundurus|Thundurus-Therian, M|100\/100\n|turn|25\n|\n|t:|1699733860\n|move|p2a: Palafin|Jet Punch|p1a: Thundurus\n|-damage|p1a: Thundurus|0 fnt\n|faint|p1a: Thundurus\n|\n|-sideend|p2: Im_Not_A_Whale|Reflect\n|upkeep\n|inactive|mimolette7 has 240 seconds left.\n|\n|t:|1699733870\n|switch|p1a: Cyclizar|Cyclizar, M|87\/100\n|turn|26\n|\n|t:|1699733875\n|move|p2a: Palafin|Jet Punch|p1a: Cyclizar\n|-resisted|p1a: Cyclizar\n|-damage|p1a: Cyclizar|27\/100\n|move|p1a: Cyclizar|Knock Off|p2a: Palafin\n|-damage|p2a: Palafin|38\/100\n|-enditem|p2a: Palafin|Choice Band|[from] move: Knock Off|[of] p1a: Cyclizar\n|\n|upkeep\n|turn|27\n|inactive|mimolette7 has 240 seconds left.\n|\n|t:|1699733898\n|switch|p1a: Magearna|Magearna|15\/100\n|-damage|p1a: Magearna|0 fnt|[from] Spikes\n|faint|p1a: Magearna\n|move|p2a: Palafin|Jet Punch|p1: Magearna|[notarget]\n|-fail|p2a: Palafin\n|\n|upkeep\n|\n|t:|1699733900\n|switch|p1a: Cyclizar|Cyclizar, M|60\/100\n|turn|28\n|inactive|Im_Not_A_Whale has 270 seconds left.\n|\n|t:|1699733930\n|move|p1a: Cyclizar|Knock Off|p2a: Palafin\n|-damage|p2a: Palafin|25\/100\n|move|p2a: Palafin|Close Combat|p1a: Cyclizar\n|-supereffective|p1a: Cyclizar\n|-damage|p1a: Cyclizar|0 fnt\n|-unboost|p2a: Palafin|def|1\n|-unboost|p2a: Palafin|spd|1\n|faint|p1a: Cyclizar\n|\n|upkeep\n|\n|t:|1699733935\n|switch|p1a: Pelipper|Pelipper, F|79\/100\n|-weather|RainDance|[from] ability: Drizzle|[of] p1a: Pelipper\n|turn|29\n|\n|t:|1699733937\n|move|p2a: Palafin|Jet Punch|p1a: Pelipper\n|-resisted|p1a: Pelipper\n|-damage|p1a: Pelipper|41\/100\n|move|p1a: Pelipper|Hurricane|p2a: Palafin\n|-damage|p2a: Palafin|0 fnt\n|faint|p2a: Palafin\n|\n|win|mimolette7\n|c|\u2606mimolette7|gg\n|c|\u2606Im_Not_A_Whale|ggs\n|c|\u2606mimolette7|scary\n","uploadtime":1699733949,"views":17,"p1id":"mimolette7","p2id":"imnotawhale","formatid":"gen9ubers","rating":0,"private":0,"password":""}