{"id":"gen9ubers-1985219422","p1":"IcyMun","p2":"PaulThePrickle","format":"[Gen 9] Ubers","log":"|j|\u2606IcyMun\n|j|\u2606PaulThePrickle\n|t:|1699350721\n|gametype|singles\n|player|p1|IcyMun|266|1084\n|player|p2|PaulThePrickle|hilbert|1179\n|teamsize|p1|6\n|teamsize|p2|6\n|gen|9\n|tier|[Gen 9] Ubers\n|rated|\n|rule|Sleep Clause Mod: Limit one foe put to sleep\n|rule|Species Clause: Limit one of each Pok\u00e9mon\n|rule|OHKO Clause: OHKO moves are banned\n|rule|Evasion Items Clause: Evasion items are banned\n|rule|Evasion Moves Clause: Evasion moves are banned\n|rule|Endless Battle Clause: Forcing endless battles is banned\n|rule|HP Percentage Mod: HP is shown in percentages\n|clearpoke\n|poke|p1|Zacian-*|\n|poke|p1|Koraidon|\n|poke|p1|Flutter Mane|\n|poke|p1|Giratina|\n|poke|p1|Shaymin-Sky|\n|poke|p1|Rayquaza|\n|poke|p2|Garganacl, M|\n|poke|p2|Sableye, M|\n|poke|p2|Chien-Pao|\n|poke|p2|Regieleki|\n|poke|p2|Walking Wake|\n|poke|p2|Ogerpon-Hearthflame, F|\n|teampreview\n|inactive|Battle timer is ON: inactive players will automatically lose when time's up. (requested by PaulThePrickle)\n|\n|t:|1699350726\n|start\n|switch|p1a: Flutter Mane|Flutter Mane|100\/100\n|switch|p2a: Onyx|Sableye, M|100\/100\n|-enditem|p1a: Flutter Mane|Booster Energy\n|-activate|p1a: Flutter Mane|ability: Protosynthesis|[fromitem]\n|-start|p1a: Flutter Mane|protosynthesisspe\n|turn|1\n|\n|t:|1699350734\n|switch|p2a: Girly|Ogerpon-Hearthflame, F|100\/100\n|-ability|p2a: Girly|Mold Breaker\n|move|p1a: Flutter Mane|Taunt|p2a: Girly\n|-start|p2a: Girly|move: Taunt\n|\n|upkeep\n|turn|2\n|\n|t:|1699350743\n|move|p1a: Flutter Mane|Thunder Wave|p2a: Girly\n|-status|p2a: Girly|par\n|move|p2a: Girly|Ivy Cudgel|p1a: Flutter Mane\n|-damage|p1a: Flutter Mane|0 fnt\n|faint|p1a: Flutter Mane\n|-end|p1a: Flutter Mane|Protosynthesis|[silent]\n|\n|upkeep\n|\n|t:|1699350752\n|switch|p1a: Koraidon|Koraidon|100\/100\n|-weather|SunnyDay|[from] ability: Orichalcum Pulse|[of] p1a: Koraidon\n|-activate|p1a: Koraidon|Orichalcum Pulse|[source]\n|turn|3\n|\n|t:|1699350756\n|move|p1a: Koraidon|Draco Meteor|p2a: Girly\n|-damage|p2a: Girly|37\/100 par\n|-unboost|p1a: Koraidon|spa|2\n|-damage|p1a: Koraidon|91\/100|[from] item: Life Orb\n|cant|p2a: Girly|par\n|\n|-weather|SunnyDay|[upkeep]\n|-end|p2a: Girly|move: Taunt\n|upkeep\n|turn|4\n|\n|t:|1699350766\n|move|p1a: Koraidon|Collision Course|p2a: Girly\n|-damage|p2a: Girly|0 fnt\n|faint|p2a: Girly\n|-damage|p1a: Koraidon|81\/100|[from] item: Life Orb\n|\n|-weather|SunnyDay|[upkeep]\n|upkeep\n|\n|t:|1699350773\n|switch|p2a: Onyx|Sableye, M|100\/100\n|turn|5\n|\n|t:|1699350778\n|switch|p1a: Giratina|Giratina|100\/100\n|-ability|p1a: Giratina|Pressure\n|move|p2a: Onyx|Will-O-Wisp|p1a: Giratina\n|-status|p1a: Giratina|brn\n|\n|-weather|SunnyDay|[upkeep]\n|-damage|p1a: Giratina|94\/100 brn|[from] brn\n|upkeep\n|turn|6\n|\n|t:|1699350787\n|move|p1a: Giratina|Draco Meteor|p2a: Onyx\n|-damage|p2a: Onyx|45\/100\n|-unboost|p1a: Giratina|spa|2\n|move|p2a: Onyx|Night Shade|p1a: Giratina\n|-damage|p1a: Giratina|74\/100 brn\n|\n|-weather|SunnyDay|[upkeep]\n|-heal|p1a: Giratina|81\/100 brn|[from] item: Leftovers\n|-heal|p2a: Onyx|51\/100|[from] item: Leftovers\n|-damage|p1a: Giratina|74\/100 brn|[from] brn\n|upkeep\n|turn|7\n|\n|t:|1699350792\n|move|p2a: Onyx|Recover|p2a: Onyx\n|-heal|p2a: Onyx|100\/100\n|move|p1a: Giratina|Poltergeist|p2a: Onyx\n|-activate|p2a: Onyx|move: Poltergeist|Leftovers\n|-damage|p2a: Onyx|76\/100\n|\n|-weather|none\n|-heal|p1a: Giratina|81\/100 brn|[from] item: Leftovers\n|-heal|p2a: Onyx|82\/100|[from] item: Leftovers\n|-damage|p1a: Giratina|74\/100 brn|[from] brn\n|upkeep\n|turn|8\n|\n|t:|1699350810\n|move|p1a: Giratina|Rest|p1a: Giratina\n|-status|p1a: Giratina|slp|[from] move: Rest\n|-heal|p1a: Giratina|100\/100 slp|[silent]\n|move|p2a: Onyx|Night Shade|p1a: Giratina\n|-damage|p1a: Giratina|81\/100 slp\n|\n|-heal|p1a: Giratina|87\/100 slp|[from] item: Leftovers\n|-heal|p2a: Onyx|88\/100|[from] item: Leftovers\n|upkeep\n|turn|9\n|\n|t:|1699350817\n|move|p2a: Onyx|Encore|p1a: Giratina\n|-start|p1a: Giratina|Encore\n|cant|p1a: Giratina|slp\n|\n|-heal|p1a: Giratina|93\/100 slp|[from] item: Leftovers\n|-heal|p2a: Onyx|95\/100|[from] item: Leftovers\n|upkeep\n|turn|10\n|\n|t:|1699350825\n|switch|p1a: Zacian|Zacian-Crowned|100\/100\n|-ability|p1a: Zacian|Intrepid Sword|boost\n|-boost|p1a: Zacian|atk|1\n|switch|p2a: Gato|Chien-Pao|100\/100\n|-ability|p2a: Gato|Sword of Ruin\n|\n|upkeep\n|turn|11\n|\n|t:|1699350837\n|switch|p2a: Onyx|Sableye, M|95\/100\n|move|p1a: Zacian|Play Rough|p2a: Onyx\n|-supereffective|p2a: Onyx\n|-damage|p2a: Onyx|0 fnt\n|faint|p2a: Onyx\n|\n|upkeep\n|\n|t:|1699350848\n|switch|p2a: Zoom|Regieleki|100\/100\n|turn|12\n|\n|t:|1699350853\n|move|p2a: Zoom|Volt Switch|p1a: Zacian\n|-damage|p1a: Zacian|54\/100\n|-damage|p2a: Zoom|91\/100|[from] item: Life Orb\n|\n|t:|1699350857\n|switch|p2a: Salt|Garganacl, M|100\/100|[from] Volt Switch\n|move|p1a: Zacian|Behemoth Blade|p2a: Salt\n|-supereffective|p2a: Salt\n|-damage|p2a: Salt|7\/100\n|\n|-heal|p2a: Salt|13\/100|[from] item: Leftovers\n|upkeep\n|turn|13\n|\n|t:|1699350868\n|move|p1a: Zacian|Behemoth Blade|p2a: Salt\n|-supereffective|p2a: Salt\n|-damage|p2a: Salt|0 fnt\n|faint|p2a: Salt\n|\n|upkeep\n|\n|t:|1699350875\n|switch|p2a: Zoom|Regieleki|91\/100\n|turn|14\n|\n|t:|1699350879\n|move|p2a: Zoom|Thunderbolt|p1a: Zacian\n|-damage|p1a: Zacian|0 fnt\n|faint|p1a: Zacian\n|-damage|p2a: Zoom|81\/100|[from] item: Life Orb\n|\n|upkeep\n|\n|t:|1699350884\n|switch|p1a: Koraidon|Koraidon|81\/100\n|-weather|SunnyDay|[from] ability: Orichalcum Pulse|[of] p1a: Koraidon\n|-activate|p1a: Koraidon|Orichalcum Pulse|[source]\n|turn|15\n|\n|t:|1699350913\n|move|p2a: Zoom|Volt Switch|p1a: Koraidon\n|-resisted|p1a: Koraidon\n|-damage|p1a: Koraidon|50\/100\n|-damage|p2a: Zoom|71\/100|[from] item: Life Orb\n|\n|t:|1699350916\n|switch|p2a: Walking Wake|Walking Wake|100\/100|[from] Volt Switch\n|-activate|p2a: Walking Wake|ability: Protosynthesis\n|-start|p2a: Walking Wake|protosynthesisspa\n|move|p1a: Koraidon|Collision Course|p2a: Walking Wake\n|-damage|p2a: Walking Wake|0 fnt\n|faint|p2a: Walking Wake\n|-end|p2a: Walking Wake|Protosynthesis|[silent]\n|-damage|p1a: Koraidon|40\/100|[from] item: Life Orb\n|\n|-weather|SunnyDay|[upkeep]\n|upkeep\n|inactive|PaulThePrickle has 120 seconds left.\n|\n|t:|1699350941\n|switch|p2a: Zoom|Regieleki|71\/100\n|turn|16\n|\n|t:|1699350944\n|move|p2a: Zoom|Thunderbolt|p1a: Koraidon\n|-resisted|p1a: Koraidon\n|-damage|p1a: Koraidon|5\/100\n|-damage|p2a: Zoom|61\/100|[from] item: Life Orb\n|move|p1a: Koraidon|Collision Course|p2a: Zoom\n|-damage|p2a: Zoom|0 fnt\n|faint|p2a: Zoom\n|-damage|p1a: Koraidon|0 fnt|[from] item: Life Orb\n|faint|p1a: Koraidon\n|\n|-weather|SunnyDay|[upkeep]\n|upkeep\n|\n|t:|1699350952\n|switch|p2a: Gato|Chien-Pao|100\/100\n|switch|p1a: Rayquaza|Rayquaza|100\/100\n|-ability|p2a: Gato|Sword of Ruin\n|-ability|p1a: Rayquaza|Air Lock\n|turn|17\n|\n|t:|1699350958\n|move|p2a: Gato|Ice Spinner|p1a: Rayquaza\n|-supereffective|p1a: Rayquaza\n|-damage|p1a: Rayquaza|0 fnt\n|faint|p1a: Rayquaza\n|\n|-weather|SunnyDay|[upkeep]\n|upkeep\n|\n|t:|1699350962\n|switch|p1a: Shaymin|Shaymin-Sky|100\/100\n|turn|18\n|\n|t:|1699350970\n|-terastallize|p1a: Shaymin|Water\n|move|p2a: Gato|Ice Spinner|p1a: Shaymin\n|-resisted|p1a: Shaymin\n|-damage|p1a: Shaymin|64\/100\n|move|p1a: Shaymin|Seed Flare|p2a: Gato\n|-damage|p2a: Gato|13\/100\n|-unboost|p2a: Gato|spd|2\n|\n|-weather|SunnyDay|[upkeep]\n|upkeep\n|turn|19\n|\n|t:|1699350989\n|-terastallize|p2a: Gato|Fighting\n|move|p2a: Gato|Sacred Sword|p1a: Shaymin\n|-damage|p1a: Shaymin|0 fnt\n|faint|p1a: Shaymin\n|\n|-weather|none\n|upkeep\n|\n|t:|1699350993\n|switch|p1a: Giratina|Giratina|93\/100 slp\n|-ability|p1a: Giratina|Pressure\n|turn|20\n|\n|t:|1699350996\n|move|p2a: Gato|Ice Spinner|p1a: Giratina\n|-supereffective|p1a: Giratina\n|-damage|p1a: Giratina|31\/100 slp\n|cant|p1a: Giratina|slp\n|\n|-heal|p1a: Giratina|37\/100 slp|[from] item: Leftovers\n|upkeep\n|turn|21\n|\n|t:|1699351001\n|move|p2a: Gato|Ice Spinner|p1a: Giratina\n|-supereffective|p1a: Giratina\n|-damage|p1a: Giratina|0 fnt\n|faint|p1a: Giratina\n|\n|win|PaulThePrickle\n|raw|IcyMun's rating: 1084 &rarr; <strong>1067<\/strong><br \/>(-17 for losing)\n|raw|PaulThePrickle's rating: 1179 &rarr; <strong>1197<\/strong><br \/>(+18 for winning)\n|c|\u2606IcyMun|gg\n|l|\u2606IcyMun\n","uploadtime":1699351013,"views":10,"p1id":"icymun","p2id":"paultheprickle","formatid":"gen9ubers","rating":1067,"private":0,"password":""}