{"id":"gen9ubers-1995133338","p1":"XpokVEVO","p2":"portobellomushroom","format":"[Gen 9] Ubers","log":"|j|\u2606XpokVEVO\n|j|\u2606portobellomushroom\n|t:|1700526260\n|gametype|singles\n|player|p1|XpokVEVO|mustard|\n|player|p2|portobellomushroom|cynthia|\n|teamsize|p1|6\n|teamsize|p2|6\n|gen|9\n|tier|[Gen 9] Ubers\n|rule|Sleep Clause Mod: Limit one foe put to sleep\n|rule|Species Clause: Limit one of each Pok\u00e9mon\n|rule|OHKO Clause: OHKO moves are banned\n|rule|Evasion Items Clause: Evasion items are banned\n|rule|Evasion Moves Clause: Evasion moves are banned\n|rule|Endless Battle Clause: Forcing endless battles is banned\n|rule|HP Percentage Mod: HP is shown in percentages\n|clearpoke\n|poke|p1|Torkoal, F|\n|poke|p1|Walking Wake|\n|poke|p1|Chi-Yu|\n|poke|p1|Arceus-Grass|\n|poke|p1|Zacian-*|\n|poke|p1|Magearna|\n|poke|p2|Blissey, F|\n|poke|p2|Clefable, M|\n|poke|p2|Amoonguss, F|\n|poke|p2|Quagsire, M|\n|poke|p2|Magearna|\n|poke|p2|Gholdengo|\n|teampreview\n|inactive|Battle timer is ON: inactive players will automatically lose when time's up. (requested by XpokVEVO)\n|inactive|XpokVEVO has 270 seconds left.\n|\n|t:|1700526293\n|start\n|switch|p1a: Torkoal|Torkoal, F|100\/100\n|switch|p2a: Agrostophobe|Quagsire, M|100\/100\n|-weather|SunnyDay|[from] ability: Drought|[of] p1a: Torkoal\n|turn|1\n|c|\u2606portobellomushroom|I have joined the war on stall on the side of stall\n|\n|t:|1700526303\n|move|p2a: Agrostophobe|Stealth Rock|p1a: Torkoal\n|-sidestart|p1: XpokVEVO|move: Stealth Rock\n|move|p1a: Torkoal|Will-O-Wisp|p2a: Agrostophobe\n|-status|p2a: Agrostophobe|brn\n|\n|-weather|SunnyDay|[upkeep]\n|-damage|p2a: Agrostophobe|94\/100 brn|[from] brn\n|upkeep\n|turn|2\n|\n|t:|1700526307\n|move|p2a: Agrostophobe|Toxic|p1a: Torkoal\n|-status|p1a: Torkoal|tox\n|move|p1a: Torkoal|Rapid Spin|p2a: Agrostophobe\n|-damage|p2a: Agrostophobe|88\/100 brn\n|-boost|p1a: Torkoal|spe|1\n|-sideend|p1: XpokVEVO|Stealth Rock|[from] move: Rapid Spin|[of] p1a: Torkoal\n|\n|-weather|SunnyDay|[upkeep]\n|-damage|p1a: Torkoal|94\/100 tox|[from] psn\n|-damage|p2a: Agrostophobe|81\/100 brn|[from] brn\n|upkeep\n|turn|3\n|\n|t:|1700526312\n|move|p1a: Torkoal|Stealth Rock|p2a: Agrostophobe\n|-sidestart|p2: portobellomushroom|move: Stealth Rock\n|move|p2a: Agrostophobe|Stealth Rock|p1a: Torkoal\n|-sidestart|p1: XpokVEVO|move: Stealth Rock\n|\n|-weather|SunnyDay|[upkeep]\n|-damage|p1a: Torkoal|82\/100 tox|[from] psn\n|-damage|p2a: Agrostophobe|75\/100 brn|[from] brn\n|upkeep\n|turn|4\n|\n|t:|1700526319\n|switch|p1a: Magearna|Magearna|100\/100\n|-damage|p1a: Magearna|95\/100|[from] Stealth Rock\n|move|p2a: Agrostophobe|Recover|p2a: Agrostophobe\n|-heal|p2a: Agrostophobe|100\/100 brn\n|\n|-weather|SunnyDay|[upkeep]\n|-damage|p2a: Agrostophobe|94\/100 brn|[from] brn\n|upkeep\n|turn|5\n|\n|t:|1700526324\n|switch|p2a: best water type|Magearna|100\/100\n|-damage|p2a: best water type|94\/100|[from] Stealth Rock\n|move|p1a: Magearna|Fleur Cannon|p2a: best water type\n|-resisted|p2a: best water type\n|-damage|p2a: best water type|74\/100\n|-unboost|p1a: Magearna|spa|2\n|-enditem|p1a: Magearna|Eject Pack\n|c|\u2606portobellomushroom|you love that pivot huh\n|c|\u2606XpokVEVO|RELEASE THE RED FISH\n|\n|t:|1700526336\n|switch|p1a: Chi-Yu|Chi-Yu|100\/100\n|-damage|p1a: Chi-Yu|76\/100|[from] Stealth Rock\n|-ability|p1a: Chi-Yu|Beads of Ruin\n|\n|-weather|SunnyDay|[upkeep]\n|-heal|p2a: best water type|80\/100|[from] item: Leftovers\n|upkeep\n|turn|6\n|\n|t:|1700526344\n|switch|p2a: THE blob|Blissey, F|100\/100\n|move|p1a: Chi-Yu|Flamethrower|p2a: THE blob\n|-damage|p2a: THE blob|64\/100\n|\n|-weather|SunnyDay|[upkeep]\n|upkeep\n|turn|7\n|\n|t:|1700526359\n|move|p1a: Chi-Yu|Flamethrower|p2a: THE blob\n|-damage|p2a: THE blob|25\/100\n|move|p2a: THE blob|Soft-Boiled|p2a: THE blob\n|-heal|p2a: THE blob|75\/100\n|\n|-weather|SunnyDay|[upkeep]\n|upkeep\n|turn|8\n|inactive|XpokVEVO has 270 seconds left.\n|\n|t:|1700526394\n|switch|p1a: Arceus|Arceus-Grass|100\/100\n|-damage|p1a: Arceus|88\/100|[from] Stealth Rock\n|move|p2a: THE blob|Soft-Boiled|p2a: THE blob\n|-heal|p2a: THE blob|100\/100\n|\n|-weather|none\n|upkeep\n|turn|9\n|inactive|XpokVEVO has 270 seconds left.\n|\n|t:|1700526404\n|move|p1a: Arceus|Taunt|p2a: THE blob\n|-start|p2a: THE blob|move: Taunt\n|cant|p2a: THE blob|move: Taunt|Calm Mind\n|\n|upkeep\n|turn|10\n|c|\u2606XpokVEVO|nah id taunt\n|\n|t:|1700526416\n|move|p1a: Arceus|Calm Mind|p1a: Arceus\n|-boost|p1a: Arceus|spa|1\n|-boost|p1a: Arceus|spd|1\n|move|p2a: THE blob|Ice Beam|p1a: Arceus\n|-supereffective|p1a: Arceus\n|-damage|p1a: Arceus|72\/100\n|\n|upkeep\n|turn|11\n|\n|t:|1700526421\n|move|p1a: Arceus|Calm Mind|p1a: Arceus\n|-boost|p1a: Arceus|spa|1\n|-boost|p1a: Arceus|spd|1\n|move|p2a: THE blob|Ice Beam|p1a: Arceus\n|-supereffective|p1a: Arceus\n|-damage|p1a: Arceus|60\/100\n|\n|-end|p2a: THE blob|move: Taunt\n|upkeep\n|turn|12\n|\n|t:|1700526428\n|switch|p2a: Coinflip ability|Clefable, M|100\/100\n|move|p1a: Arceus|Taunt|p2a: Coinflip ability\n|-start|p2a: Coinflip ability|move: Taunt\n|\n|upkeep\n|turn|13\n|\n|t:|1700526445\n|move|p1a: Arceus|Taunt||[still]\n|-fail|p1a: Arceus\n|move|p2a: Coinflip ability|Moonblast|p1a: Arceus\n|-damage|p1a: Arceus|36\/100\n|\n|upkeep\n|turn|14\n|\n|t:|1700526452\n|move|p1a: Arceus|Recover|p1a: Arceus\n|-heal|p1a: Arceus|86\/100\n|move|p2a: Coinflip ability|Moonblast|p1a: Arceus\n|-damage|p1a: Arceus|64\/100\n|\n|-end|p2a: Coinflip ability|move: Taunt\n|upkeep\n|turn|15\n|c|\u2606XpokVEVO|wait im silly\n|\n|t:|1700526456\n|move|p1a: Arceus|Taunt|p2a: Coinflip ability\n|-start|p2a: Coinflip ability|move: Taunt\n|move|p2a: Coinflip ability|Moonblast|p1a: Arceus\n|-damage|p1a: Arceus|41\/100\n|\n|upkeep\n|turn|16\n|\n|t:|1700526459\n|move|p1a: Arceus|Recover|p1a: Arceus\n|-heal|p1a: Arceus|91\/100\n|move|p2a: Coinflip ability|Moonblast|p1a: Arceus\n|-damage|p1a: Arceus|70\/100\n|\n|upkeep\n|turn|17\n|\n|t:|1700526461\n|move|p1a: Arceus|Calm Mind|p1a: Arceus\n|-boost|p1a: Arceus|spa|1\n|-boost|p1a: Arceus|spd|1\n|move|p2a: Coinflip ability|Moonblast|p1a: Arceus\n|-damage|p1a: Arceus|50\/100\n|\n|-end|p2a: Coinflip ability|move: Taunt\n|upkeep\n|turn|18\n|\n|t:|1700526464\n|move|p1a: Arceus|Taunt|p2a: Coinflip ability\n|-start|p2a: Coinflip ability|move: Taunt\n|move|p2a: Coinflip ability|Moonblast|p1a: Arceus\n|-damage|p1a: Arceus|29\/100\n|\n|upkeep\n|turn|19\n|\n|t:|1700526466\n|move|p1a: Arceus|Recover|p1a: Arceus\n|-heal|p1a: Arceus|79\/100\n|move|p2a: Coinflip ability|Moonblast|p1a: Arceus\n|-damage|p1a: Arceus|58\/100\n|\n|upkeep\n|turn|20\n|\n|t:|1700526468\n|move|p1a: Arceus|Recover|p1a: Arceus\n|-heal|p1a: Arceus|100\/100\n|move|p2a: Coinflip ability|Moonblast|p1a: Arceus\n|-damage|p1a: Arceus|81\/100\n|-unboost|p1a: Arceus|spa|1\n|\n|-end|p2a: Coinflip ability|move: Taunt\n|upkeep\n|turn|21\n|\n|t:|1700526471\n|move|p1a: Arceus|Taunt|p2a: Coinflip ability\n|-start|p2a: Coinflip ability|move: Taunt\n|move|p2a: Coinflip ability|Moonblast|p1a: Arceus\n|-damage|p1a: Arceus|57\/100\n|-unboost|p1a: Arceus|spa|1\n|\n|upkeep\n|turn|22\n|\n|t:|1700526473\n|move|p1a: Arceus|Calm Mind|p1a: Arceus\n|-boost|p1a: Arceus|spa|1\n|-boost|p1a: Arceus|spd|1\n|move|p2a: Coinflip ability|Moonblast|p1a: Arceus\n|-damage|p1a: Arceus|38\/100\n|\n|upkeep\n|turn|23\n|\n|t:|1700526477\n|move|p1a: Arceus|Recover|p1a: Arceus\n|-heal|p1a: Arceus|88\/100\n|move|p2a: Coinflip ability|Moonblast|p1a: Arceus\n|-damage|p1a: Arceus|66\/100\n|\n|-end|p2a: Coinflip ability|move: Taunt\n|upkeep\n|turn|24\n|\n|t:|1700526479\n|-terastallize|p1a: Arceus|Poison\n|move|p1a: Arceus|Calm Mind|p1a: Arceus\n|-boost|p1a: Arceus|spa|1\n|-boost|p1a: Arceus|spd|1\n|move|p2a: Coinflip ability|Moonblast|p1a: Arceus\n|-resisted|p1a: Arceus\n|-damage|p1a: Arceus|55\/100\n|\n|upkeep\n|turn|25\n|\n|t:|1700526490\n|move|p1a: Arceus|Taunt|p2a: Coinflip ability\n|-start|p2a: Coinflip ability|move: Taunt\n|cant|p2a: Coinflip ability|move: Taunt|Calm Mind\n|\n|upkeep\n|turn|26\n|\n|t:|1700526513\n|switch|p2a: portobello|Amoonguss, F|100\/100\n|-damage|p2a: portobello|88\/100|[from] Stealth Rock\n|move|p1a: Arceus|Judgment|p2a: portobello\n|-resisted|p2a: portobello\n|-crit|p2a: portobello\n|-damage|p2a: portobello|31\/100\n|\n|upkeep\n|turn|27\n|inactive|portobellomushroom has 270 seconds left.\n|\n|t:|1700526542\n|switch|p2a: THE blob|Blissey, F|100\/100\n|move|p1a: Arceus|Judgment|p2a: THE blob\n|-damage|p2a: THE blob|38\/100\n|\n|upkeep\n|turn|28\n|c|\u2606XpokVEVO|CHI YU WHO?\n|\n|t:|1700526552\n|move|p1a: Arceus|Judgment|p2a: THE blob\n|-damage|p2a: THE blob|0 fnt\n|faint|p2a: THE blob\n|\n|upkeep\n|inactive|portobellomushroom has 270 seconds left.\n|\n|t:|1700526565\n|switch|p2a: best water type|Magearna|80\/100\n|-damage|p2a: best water type|74\/100|[from] Stealth Rock\n|turn|29\n|inactive|XpokVEVO has 270 seconds left.\n|\n|t:|1700526605\n|move|p1a: Arceus|Taunt|p2a: best water type\n|-start|p2a: best water type|move: Taunt\n|cant|p2a: best water type|move: Taunt|Encore\n|\n|-heal|p2a: best water type|80\/100|[from] item: Leftovers\n|upkeep\n|turn|30\n|\n|t:|1700526617\n|switch|p2a: portobello|Amoonguss, F|64\/100\n|-damage|p2a: portobello|52\/100|[from] Stealth Rock\n|move|p1a: Arceus|Recover|p1a: Arceus\n|-heal|p1a: Arceus|100\/100\n|\n|upkeep\n|turn|31\n|inactive|XpokVEVO has 270 seconds left.\n|\n|t:|1700526647\n|move|p1a: Arceus|Judgment|p2a: portobello\n|-resisted|p2a: portobello\n|-damage|p2a: portobello|13\/100\n|move|p2a: portobello|Spore|p1a: Arceus\n|-status|p1a: Arceus|slp|[from] move: Spore\n|\n|upkeep\n|turn|32\n|\n|t:|1700526654\n|switch|p2a: Coinflip ability|Clefable, M|100\/100\n|cant|p1a: Arceus|slp\n|\n|upkeep\n|turn|33\n|\n|t:|1700526656\n|cant|p1a: Arceus|slp\n|move|p2a: Coinflip ability|Calm Mind|p2a: Coinflip ability\n|-boost|p2a: Coinflip ability|spa|1\n|-boost|p2a: Coinflip ability|spd|1\n|\n|upkeep\n|turn|34\n|\n|t:|1700526661\n|cant|p1a: Arceus|slp\n|move|p2a: Coinflip ability|Calm Mind|p2a: Coinflip ability\n|-boost|p2a: Coinflip ability|spa|1\n|-boost|p2a: Coinflip ability|spd|1\n|\n|upkeep\n|turn|35\n|\n|t:|1700526666\n|-curestatus|p1a: Arceus|slp|[msg]\n|move|p1a: Arceus|Taunt|p2a: Coinflip ability\n|-start|p2a: Coinflip ability|move: Taunt\n|cant|p2a: Coinflip ability|move: Taunt|Calm Mind\n|\n|upkeep\n|turn|36\n|\n|t:|1700526674\n|move|p1a: Arceus|Calm Mind|p1a: Arceus\n|-boost|p1a: Arceus|spa|1\n|-boost|p1a: Arceus|spd|1\n|move|p2a: Coinflip ability|Moonblast|p1a: Arceus\n|-resisted|p1a: Arceus\n|-damage|p1a: Arceus|81\/100\n|-unboost|p1a: Arceus|spa|1\n|\n|upkeep\n|turn|37\n|\n|t:|1700526683\n|move|p1a: Arceus|Judgment|p2a: Coinflip ability\n|-damage|p2a: Coinflip ability|77\/100\n|move|p2a: Coinflip ability|Moonblast|p1a: Arceus\n|-resisted|p1a: Arceus\n|-damage|p1a: Arceus|57\/100\n|\n|-end|p2a: Coinflip ability|move: Taunt\n|upkeep\n|turn|38\n|\n|t:|1700526688\n|move|p2a: Coinflip ability|Protect|p2a: Coinflip ability\n|-singleturn|p2a: Coinflip ability|Protect\n|move|p1a: Arceus|Taunt|p2a: Coinflip ability\n|-activate|p2a: Coinflip ability|move: Protect\n|\n|upkeep\n|turn|39\n|\n|t:|1700526694\n|move|p1a: Arceus|Taunt|p2a: Coinflip ability\n|-start|p2a: Coinflip ability|move: Taunt\n|cant|p2a: Coinflip ability|move: Taunt|Calm Mind\n|\n|upkeep\n|turn|40\n|\n|t:|1700526696\n|move|p1a: Arceus|Judgment|p2a: Coinflip ability\n|-crit|p2a: Coinflip ability\n|-damage|p2a: Coinflip ability|8\/100\n|move|p2a: Coinflip ability|Moonblast|p1a: Arceus\n|-resisted|p1a: Arceus\n|-damage|p1a: Arceus|37\/100\n|\n|upkeep\n|turn|41\n|c|\u2606portobellomushroom|oh no\n|c|\u2606XpokVEVO|OOOH THATS MEATY\n|\n|t:|1700526705\n|move|p1a: Arceus|Judgment|p2a: Coinflip ability\n|-damage|p2a: Coinflip ability|0 fnt\n|faint|p2a: Coinflip ability\n|\n|upkeep\n|c|\u2606XpokVEVO|i mean its not rng after 41 turns youd expect one\n|c|\u2606portobellomushroom|I know but still bad for me\n|inactive|portobellomushroom has 270 seconds left.\n|\n|t:|1700526738\n|switch|p2a: best water type|Magearna|80\/100\n|-damage|p2a: best water type|74\/100|[from] Stealth Rock\n|turn|42\n|\n|t:|1700526745\n|move|p1a: Arceus|Taunt|p2a: best water type\n|-start|p2a: best water type|move: Taunt\n|move|p2a: best water type|Draining Kiss|p1a: Arceus\n|-resisted|p1a: Arceus\n|-damage|p1a: Arceus|35\/100\n|-heal|p2a: best water type|76\/100|[from] drain|[of] p1a: Arceus\n|\n|-heal|p2a: best water type|82\/100|[from] item: Leftovers\n|upkeep\n|turn|43\n|c|\u2606XpokVEVO|there is nothing we can do...\n|\n|t:|1700526754\n|move|p1a: Arceus|Recover|p1a: Arceus\n|-heal|p1a: Arceus|85\/100\n|move|p2a: best water type|Draining Kiss|p1a: Arceus\n|-resisted|p1a: Arceus\n|-damage|p1a: Arceus|83\/100\n|-heal|p2a: best water type|84\/100|[from] drain|[of] p1a: Arceus\n|\n|-heal|p2a: best water type|90\/100|[from] item: Leftovers\n|upkeep\n|turn|44\n|\n|t:|1700526760\n|move|p1a: Arceus|Judgment|p2a: best water type\n|-resisted|p2a: best water type\n|-damage|p2a: best water type|41\/100\n|move|p2a: best water type|Draining Kiss|p1a: Arceus\n|-resisted|p1a: Arceus\n|-damage|p1a: Arceus|81\/100\n|-heal|p2a: best water type|43\/100|[from] drain|[of] p1a: Arceus\n|\n|-heal|p2a: best water type|49\/100|[from] item: Leftovers\n|-end|p2a: best water type|move: Taunt\n|upkeep\n|turn|45\n|\n|t:|1700526772\n|move|p1a: Arceus|Judgment|p2a: best water type\n|-resisted|p2a: best water type\n|-damage|p2a: best water type|2\/100\n|move|p2a: best water type|Encore|p1a: Arceus\n|-start|p1a: Arceus|Encore\n|\n|-heal|p2a: best water type|8\/100|[from] item: Leftovers\n|upkeep\n|turn|46\n|c|\u2606XpokVEVO|id say \"scary\" but its\n|\n|t:|1700526780\n|move|p1a: Arceus|Judgment|p2a: best water type\n|-resisted|p2a: best water type\n|-damage|p2a: best water type|0 fnt\n|faint|p2a: best water type\n|\n|upkeep\n|c|\u2606XpokVEVO|its locked into judgmenet\n|\n|t:|1700526783\n|switch|p2a: portobello|Amoonguss, F|46\/100\n|-damage|p2a: portobello|34\/100|[from] Stealth Rock\n|turn|47\n|\n|t:|1700526787\n|move|p1a: Arceus|Judgment|p2a: portobello\n|-resisted|p2a: portobello\n|-damage|p2a: portobello|0 fnt\n|faint|p2a: portobello\n|\n|upkeep\n|c|\u2606XpokVEVO|6.3% btw\n|c|\u2606XpokVEVO|gg\n|c|\u2606portobellomushroom|gg\n|-message|portobellomushroom forfeited.\n|\n|win|XpokVEVO\n|l|\u2606portobellomushroom\n|player|p1|XpokVEVO|mustard\n|j|\u2606portobellomushroom\n|player|p2|portobellomushroom|cynthia\n","uploadtime":1700526808,"views":7,"p1id":"xpokvevo","p2id":"portobellomushroom","formatid":"gen9ubers","rating":0,"private":0,"password":""}