{"id":"gen9ubers-1987790747","p1":"I9821943813dws","p2":"Nitro524","format":"[Gen 9] Ubers","log":"|j|\u2606I9821943813dws\n|j|\u2606Nitro524\n|t:|1699637165\n|gametype|singles\n|player|p1|I9821943813dws|170|\n|player|p2|Nitro524|hilbert|\n|teamsize|p1|6\n|teamsize|p2|6\n|gen|9\n|tier|[Gen 9] Ubers\n|rule|Sleep Clause Mod: Limit one foe put to sleep\n|rule|Species Clause: Limit one of each Pok\u00e9mon\n|rule|OHKO Clause: OHKO moves are banned\n|rule|Evasion Items Clause: Evasion items are banned\n|rule|Evasion Moves Clause: Evasion moves are banned\n|rule|Endless Battle Clause: Forcing endless battles is banned\n|rule|HP Percentage Mod: HP is shown in percentages\n|clearpoke\n|poke|p1|Pelipper, F|\n|poke|p1|Zacian-*|\n|poke|p1|Palafin, F|\n|poke|p1|Tornadus-Therian, M|\n|poke|p1|Thundurus-Therian, M|\n|poke|p1|Landorus, M|\n|poke|p2|Torkoal, M|\n|poke|p2|Chi-Yu|\n|poke|p2|Shaymin-Sky|\n|poke|p2|Arceus-Fire|\n|poke|p2|Roaring Moon|\n|poke|p2|Walking Wake|\n|teampreview\n|inactive|Battle timer is ON: inactive players will automatically lose when time's up. (requested by Nitro524)\n|c|\u2606Nitro524|glhf\n|inactive|I9821943813dws has 270 seconds left.\n|\n|t:|1699637200\n|start\n|switch|p1a: Landorus|Landorus, M|100\/100\n|switch|p2a: Cecil|Torkoal, M|100\/100\n|-weather|SunnyDay|[from] ability: Drought|[of] p2a: Cecil\n|turn|1\n|j| rutriyououiyiyuyt\n|c|\u2606I9821943813dws|This is UUbers by the way\n|inactive|Nitro524 has 270 seconds left.\n|c|\u2606I9821943813dws|to the spectator\n|inactive|Nitro524 has 240 seconds left.\n|\n|t:|1699637261\n|switch|p2a: Clover|Shaymin-Sky|100\/100\n|move|p1a: Landorus|Sandsear Storm|p2a: Clover\n|-immune|p2a: Clover\n|\n|-weather|SunnyDay|[upkeep]\n|upkeep\n|turn|2\n|inactive|Nitro524 has 240 seconds left.\n|\n|t:|1699637279\n|move|p2a: Clover|Air Slash|p1a: Landorus\n|-damage|p1a: Landorus|51\/100\n|move|p1a: Landorus|Sludge Bomb|p2a: Clover\n|-supereffective|p2a: Clover\n|-damage|p2a: Clover|0 fnt\n|faint|p2a: Clover\n|\n|-weather|SunnyDay|[upkeep]\n|upkeep\n|\n|t:|1699637295\n|switch|p2a: Did Not Smile Back|Chi-Yu|100\/100\n|-ability|p2a: Did Not Smile Back|Beads of Ruin\n|turn|3\n|inactive|Nitro524 has 210 seconds left.\n|\n|t:|1699637326\n|switch|p1a: Pelipper|Pelipper, F|100\/100\n|-weather|RainDance|[from] ability: Drizzle|[of] p1a: Pelipper\n|move|p2a: Did Not Smile Back|Flamethrower|p1a: Pelipper\n|-resisted|p1a: Pelipper\n|-damage|p1a: Pelipper|74\/100\n|\n|-weather|RainDance|[upkeep]\n|upkeep\n|turn|4\n|inactive|Nitro524 has 210 seconds left.\n|l|\u2606I9821943813dws\n|inactive|I9821943813dws disconnected and has 300 seconds to reconnect!\n|player|p1|\n|j|\u2606I9821943813dws\n|inactive|I9821943813dws reconnected and has 280 seconds left.\n|player|p1|I9821943813dws|170\n|\n|t:|1699637368\n|switch|p2a: Arceus|Arceus-Fire|100\/100\n|move|p1a: Pelipper|Knock Off|p2a: Arceus\n|-damage|p2a: Arceus|94\/100\n|\n|-weather|RainDance|[upkeep]\n|upkeep\n|turn|5\n|c|\u2606Nitro524|welcome bakc\n|c|\u2606Nitro524|back\n|\n|t:|1699637379\n|move|p2a: Arceus|Dragon Dance|p2a: Arceus\n|-boost|p2a: Arceus|atk|1\n|-boost|p2a: Arceus|spe|1\n|move|p1a: Pelipper|U-turn|p2a: Arceus\n|-resisted|p2a: Arceus\n|-damage|p2a: Arceus|90\/100\n|\n|t:|1699637383\n|switch|p1a: Palafin|Palafin, F|100\/100|[from] U-turn\n|\n|-weather|RainDance|[upkeep]\n|upkeep\n|turn|6\n|inactive|Nitro524 has 210 seconds left.\n|\n|t:|1699637412\n|move|p2a: Arceus|Earthquake|p1a: Palafin\n|-damage|p1a: Palafin|44\/100\n|move|p1a: Palafin|Flip Turn|p2a: Arceus\n|-supereffective|p2a: Arceus\n|-damage|p2a: Arceus|22\/100\n|\n|t:|1699637430\n|detailschange|p1a: Palafin|Palafin-Hero, F\n|switch|p1a: Tornadus|Tornadus-Therian, M|100\/100|[from] Flip Turn\n|\n|-weather|RainDance|[upkeep]\n|upkeep\n|turn|7\n|\n|t:|1699637447\n|move|p2a: Arceus|Recover|p2a: Arceus\n|-heal|p2a: Arceus|72\/100\n|move|p1a: Tornadus|Bleakwind Storm|p2a: Arceus\n|-damage|p2a: Arceus|37\/100\n|\n|-weather|RainDance|[upkeep]\n|upkeep\n|turn|8\n|\n|t:|1699637455\n|move|p2a: Arceus|Recover|p2a: Arceus\n|-heal|p2a: Arceus|87\/100\n|move|p1a: Tornadus|U-turn|p2a: Arceus\n|-resisted|p2a: Arceus\n|-damage|p2a: Arceus|81\/100\n|\n|t:|1699637457\n|switch|p1a: Palafin|Palafin-Hero, F|44\/100|[from] U-turn\n|-activate|p1a: Palafin|ability: Zero to Hero\n|\n|-weather|RainDance|[upkeep]\n|upkeep\n|turn|9\n|inactive|Nitro524 has 210 seconds left.\n|\n|t:|1699637467\n|switch|p2a: Sitting Sleep|Walking Wake|100\/100\n|move|p1a: Palafin|Jet Punch|p2a: Sitting Sleep\n|-resisted|p2a: Sitting Sleep\n|-damage|p2a: Sitting Sleep|77\/100\n|\n|-weather|RainDance|[upkeep]\n|upkeep\n|turn|10\n|inactive|Nitro524 has 210 seconds left.\n|\n|t:|1699637501\n|switch|p1a: Zacian|Zacian|100\/100\n|-ability|p1a: Zacian|Intrepid Sword|boost\n|-boost|p1a: Zacian|atk|1\n|move|p2a: Sitting Sleep|Hydro Steam|p1a: Zacian\n|-damage|p1a: Zacian|23\/100\n|\n|-weather|none\n|upkeep\n|turn|11\n|inactive|Nitro524 has 180 seconds left.\n|\n|t:|1699637521\n|-end|p2a: Sitting Sleep|Protosynthesis|[silent]\n|switch|p2a: Arceus|Arceus-Fire|81\/100\n|move|p1a: Zacian|Close Combat|p2a: Arceus\n|-damage|p2a: Arceus|38\/100\n|-unboost|p1a: Zacian|def|1\n|-unboost|p1a: Zacian|spd|1\n|\n|upkeep\n|turn|12\n|inactive|Nitro524 has 180 seconds left.\n|inactive|Nitro524 has 150 seconds left.\n|\n|t:|1699637586\n|switch|p2a: Cecil|Torkoal, M|100\/100\n|-weather|SunnyDay|[from] ability: Drought|[of] p2a: Cecil\n|move|p1a: Zacian|Close Combat|p2a: Cecil\n|-damage|p2a: Cecil|67\/100\n|-unboost|p1a: Zacian|def|1\n|-unboost|p1a: Zacian|spd|1\n|\n|-weather|SunnyDay|[upkeep]\n|upkeep\n|turn|13\n|\n|t:|1699637607\n|switch|p1a: Pelipper|Pelipper, F|74\/100\n|-weather|RainDance|[from] ability: Drizzle|[of] p1a: Pelipper\n|move|p2a: Cecil|Stealth Rock|p1a: Pelipper\n|-sidestart|p1: I9821943813dws|move: Stealth Rock\n|\n|-weather|RainDance|[upkeep]\n|upkeep\n|turn|14\n|\n|t:|1699637615\n|switch|p2a: Arceus|Arceus-Fire|38\/100\n|move|p1a: Pelipper|Tailwind|p1a: Pelipper\n|-sidestart|p1: I9821943813dws|move: Tailwind\n|\n|-weather|RainDance|[upkeep]\n|upkeep\n|turn|15\n|\n|t:|1699637636\n|switch|p2a: Cecil|Torkoal, M|67\/100\n|-weather|SunnyDay|[from] ability: Drought|[of] p2a: Cecil\n|move|p1a: Pelipper|U-turn|p2a: Cecil\n|-resisted|p2a: Cecil\n|-damage|p2a: Cecil|64\/100\n|\n|t:|1699637643\n|switch|p1a: Landorus|Landorus, M|51\/100|[from] U-turn\n|-damage|p1a: Landorus|38\/100|[from] Stealth Rock\n|\n|-weather|SunnyDay|[upkeep]\n|upkeep\n|turn|16\n|inactive|Nitro524 has 120 seconds left.\n|\n|t:|1699637671\n|switch|p2a: Arceus|Arceus-Fire|38\/100\n|move|p1a: Landorus|Sandsear Storm|p2a: Arceus\n|-supereffective|p2a: Arceus\n|-damage|p2a: Arceus|0 fnt\n|faint|p2a: Arceus\n|\n|-weather|SunnyDay|[upkeep]\n|upkeep\n|inactive|Nitro524 has 90 seconds left.\n|\n|t:|1699637722\n|switch|p2a: Hector Salamanca|Roaring Moon|100\/100\n|-activate|p2a: Hector Salamanca|ability: Protosynthesis\n|-start|p2a: Hector Salamanca|protosynthesisspe\n|turn|17\n|\n|t:|1699637737\n|move|p1a: Landorus|Sandsear Storm|p2a: Hector Salamanca\n|-damage|p2a: Hector Salamanca|29\/100\n|move|p2a: Hector Salamanca|Dragon Dance|p2a: Hector Salamanca\n|-boost|p2a: Hector Salamanca|atk|1\n|-boost|p2a: Hector Salamanca|spe|1\n|\n|-weather|SunnyDay|[upkeep]\n|-sideend|p1: I9821943813dws|move: Tailwind\n|upkeep\n|turn|18\n|\n|t:|1699637749\n|move|p2a: Hector Salamanca|Knock Off|p1a: Landorus\n|-damage|p1a: Landorus|0 fnt\n|-enditem|p1a: Landorus|Life Orb|[from] move: Knock Off|[of] p2a: Hector Salamanca\n|faint|p1a: Landorus\n|\n|-weather|SunnyDay|[upkeep]\n|upkeep\n|\n|t:|1699637753\n|switch|p1a: Pelipper|Pelipper, F|74\/100\n|-damage|p1a: Pelipper|50\/100|[from] Stealth Rock\n|-weather|RainDance|[from] ability: Drizzle|[of] p1a: Pelipper\n|-end|p2a: Hector Salamanca|Protosynthesis\n|-enditem|p2a: Hector Salamanca|Booster Energy\n|-activate|p2a: Hector Salamanca|ability: Protosynthesis|[fromitem]\n|-start|p2a: Hector Salamanca|protosynthesisspe\n|turn|19\n|\n|t:|1699637764\n|switch|p1a: Tornadus|Tornadus-Therian, M|100\/100\n|move|p2a: Hector Salamanca|Knock Off|p1a: Tornadus\n|-damage|p1a: Tornadus|0 fnt\n|-enditem|p1a: Tornadus|Heavy-Duty Boots|[from] move: Knock Off|[of] p2a: Hector Salamanca\n|faint|p1a: Tornadus\n|\n|-weather|RainDance|[upkeep]\n|upkeep\n|\n|t:|1699637769\n|switch|p1a: Palafin|Palafin-Hero, F|44\/100\n|-damage|p1a: Palafin|31\/100|[from] Stealth Rock\n|turn|20\n|\n|t:|1699637783\n|-end|p2a: Hector Salamanca|Protosynthesis|[silent]\n|switch|p2a: Sitting Sleep|Walking Wake|77\/100\n|-terastallize|p1a: Palafin|Water\n|move|p1a: Palafin|Jet Punch|p2a: Sitting Sleep\n|-resisted|p2a: Sitting Sleep\n|-damage|p2a: Sitting Sleep|43\/100\n|\n|-weather|RainDance|[upkeep]\n|upkeep\n|turn|21\n|\n|t:|1699637795\n|switch|p1a: Zacian|Zacian|23\/100\n|move|p2a: Sitting Sleep|Hydro Steam|p1a: Zacian\n|-damage|p1a: Zacian|0 fnt\n|faint|p1a: Zacian\n|\n|-weather|RainDance|[upkeep]\n|upkeep\n|c| rutriyououiyiyuyt|oh yeah ik its uubers\n|\n|t:|1699637800\n|switch|p1a: Thundurus|Thundurus-Therian, M|100\/100\n|-damage|p1a: Thundurus|76\/100|[from] Stealth Rock\n|turn|22\n|inactive|Nitro524 has 90 seconds left.\n|\n|t:|1699637811\n|move|p2a: Sitting Sleep|Hydro Steam|p1a: Thundurus\n|-damage|p1a: Thundurus|0 fnt\n|faint|p1a: Thundurus\n|\n|-weather|RainDance|[upkeep]\n|upkeep\n|c| rutriyououiyiyuyt|I'm on a team with nitro\n|c|\u2606I9821943813dws|Ggs\n|-message|I9821943813dws forfeited.\n|\n|win|Nitro524\n|c|\u2606Nitro524|ggs!\n","uploadtime":1699637833,"views":21,"p1id":"i9821943813dws","p2id":"nitro524","formatid":"gen9ubers","rating":0,"private":0,"password":""}