{"id":"gen9ubers-1987685527","p1":"vab1119","p2":"americandragon79","format":"[Gen 9] Ubers","log":"|j|\u203dvab1119\n|j|\u2606americandragon79\n|t:|1699627527\n|gametype|singles\n|player|p1|vab1119|265|1035\n|player|p2|americandragon79|acetrainerf-gen7|1000\n|teamsize|p1|6\n|teamsize|p2|6\n|gen|9\n|tier|[Gen 9] Ubers\n|rated|\n|rule|Sleep Clause Mod: Limit one foe put to sleep\n|rule|Species Clause: Limit one of each Pok\u00e9mon\n|rule|OHKO Clause: OHKO moves are banned\n|rule|Evasion Items Clause: Evasion items are banned\n|rule|Evasion Moves Clause: Evasion moves are banned\n|rule|Endless Battle Clause: Forcing endless battles is banned\n|rule|HP Percentage Mod: HP is shown in percentages\n|clearpoke\n|poke|p1|Zacian-*|\n|poke|p1|Armarouge, M|\n|poke|p1|Indeedee-F, F|\n|poke|p1|Gholdengo|\n|poke|p1|Ursaluna-Bloodmoon, M|\n|poke|p1|Meowscarada, F|\n|poke|p2|Blissey, F|\n|poke|p2|Arceus|\n|poke|p2|Zacian-*|\n|poke|p2|Eternatus|\n|poke|p2|Koraidon|\n|poke|p2|Miraidon|\n|teampreview\n|\n|t:|1699627542\n|start\n|switch|p1a: Gholdengo|Gholdengo, shiny|100\/100\n|switch|p2a: AERIS|Blissey, F, shiny|100\/100\n|turn|1\n|\n|t:|1699627550\n|move|p1a: Gholdengo|Protect|p1a: Gholdengo\n|-singleturn|p1a: Gholdengo|Protect\n|move|p2a: AERIS|Thunder Wave|p1a: Gholdengo\n|-activate|p1a: Gholdengo|move: Protect\n|\n|upkeep\n|turn|2\n|\n|t:|1699627558\n|move|p1a: Gholdengo|Protect||[still]\n|-fail|p1a: Gholdengo\n|move|p2a: AERIS|Thunder Wave|p1a: Gholdengo\n|-immune|p1a: Gholdengo|[from] ability: Good as Gold\n|\n|upkeep\n|turn|3\n|\n|t:|1699627568\n|switch|p2a: RUBY WEAPON|Koraidon|100\/100\n|-weather|SunnyDay|[from] ability: Orichalcum Pulse|[of] p2a: RUBY WEAPON\n|-activate|p2a: RUBY WEAPON|Orichalcum Pulse|[source]\n|move|p1a: Gholdengo|Make It Rain|p2a: RUBY WEAPON\n|-damage|p2a: RUBY WEAPON|32\/100\n|-unboost|p1a: Gholdengo|spa|1\n|\n|-weather|SunnyDay|[upkeep]\n|upkeep\n|turn|4\n|\n|t:|1699627582\n|move|p1a: Gholdengo|Protect|p1a: Gholdengo\n|-singleturn|p1a: Gholdengo|Protect\n|move|p2a: RUBY WEAPON|Flame Charge|p1a: Gholdengo\n|-activate|p1a: Gholdengo|move: Protect\n|\n|-weather|SunnyDay|[upkeep]\n|upkeep\n|turn|5\n|\n|t:|1699627597\n|move|p2a: RUBY WEAPON|Outrage|p1a: Gholdengo\n|-resisted|p1a: Gholdengo\n|-damage|p1a: Gholdengo|48\/100\n|move|p1a: Gholdengo|Thunderbolt|p2a: RUBY WEAPON\n|-resisted|p2a: RUBY WEAPON\n|-damage|p2a: RUBY WEAPON|21\/100\n|-status|p2a: RUBY WEAPON|par\n|-enditem|p2a: RUBY WEAPON|Lum Berry|[eat]\n|-curestatus|p2a: RUBY WEAPON|par|[msg]\n|\n|-weather|SunnyDay|[upkeep]\n|upkeep\n|turn|6\n|\n|t:|1699627609\n|switch|p1a: Zacian|Zacian-Crowned, shiny|100\/100\n|-ability|p1a: Zacian|Intrepid Sword|boost\n|-boost|p1a: Zacian|atk|1\n|move|p2a: RUBY WEAPON|Outrage|p1a: Zacian|[from]lockedmove\n|-immune|p1a: Zacian\n|-start|p2a: RUBY WEAPON|confusion|[fatigue]\n|\n|-weather|SunnyDay|[upkeep]\n|upkeep\n|turn|7\n|\n|t:|1699627621\n|move|p1a: Zacian|Play Rough|p2a: RUBY WEAPON\n|-supereffective|p2a: RUBY WEAPON\n|-damage|p2a: RUBY WEAPON|0 fnt\n|faint|p2a: RUBY WEAPON\n|\n|-weather|none\n|upkeep\n|\n|t:|1699627629\n|switch|p2a: AERIS|Blissey, F, shiny|100\/100\n|turn|8\n|\n|t:|1699627634\n|-terastallize|p2a: AERIS|Ghost\n|move|p1a: Zacian|Sacred Sword|p2a: AERIS\n|-immune|p2a: AERIS\n|move|p2a: AERIS|Thunder Wave|p1a: Zacian\n|-status|p1a: Zacian|par\n|\n|upkeep\n|turn|9\n|\n|t:|1699627646\n|move|p1a: Zacian|Behemoth Blade|p2a: AERIS\n|-damage|p2a: AERIS|27\/100\n|move|p2a: AERIS|Seismic Toss|p1a: Zacian\n|-damage|p1a: Zacian|70\/100 par\n|\n|-heal|p2a: AERIS|33\/100|[from] item: Leftovers\n|upkeep\n|turn|10\n|\n|t:|1699627656\n|move|p1a: Zacian|Behemoth Blade|p2a: AERIS\n|-damage|p2a: AERIS|0 fnt\n|faint|p2a: AERIS\n|\n|upkeep\n|\n|t:|1699627665\n|switch|p2a: CLOUD|Zacian-Crowned, shiny|100\/100\n|-ability|p2a: CLOUD|Intrepid Sword|boost\n|-boost|p2a: CLOUD|atk|1\n|turn|11\n|\n|t:|1699627677\n|cant|p1a: Zacian|par\n|move|p2a: CLOUD|Swords Dance|p2a: CLOUD\n|-boost|p2a: CLOUD|atk|2\n|\n|upkeep\n|turn|12\n|\n|t:|1699627685\n|move|p2a: CLOUD|Behemoth Blade|p1a: Zacian\n|-damage|p1a: Zacian|0 fnt\n|faint|p1a: Zacian\n|\n|upkeep\n|\n|t:|1699627696\n|switch|p1a: Ursaluna|Ursaluna-Bloodmoon, M|100\/100\n|turn|13\n|c|\u2606americandragon79|Guess my theme\n|\n|t:|1699627708\n|move|p2a: CLOUD|Close Combat|p1a: Ursaluna\n|-supereffective|p1a: Ursaluna\n|-damage|p1a: Ursaluna|0 fnt\n|-unboost|p2a: CLOUD|def|1\n|-unboost|p2a: CLOUD|spd|1\n|faint|p1a: Ursaluna\n|\n|upkeep\n|\n|t:|1699627716\n|switch|p1a: Meowscarada|Meowscarada, F, shiny|100\/100\n|turn|14\n|\n|t:|1699627725\n|-terastallize|p1a: Meowscarada|Fairy\n|move|p2a: CLOUD|Behemoth Blade|p1a: Meowscarada\n|-supereffective|p1a: Meowscarada\n|-enditem|p1a: Meowscarada|Focus Sash\n|-damage|p1a: Meowscarada|1\/100\n|move|p1a: Meowscarada|Flower Trick|p2a: CLOUD\n|-resisted|p2a: CLOUD\n|-crit|p2a: CLOUD\n|-damage|p2a: CLOUD|65\/100\n|\n|upkeep\n|turn|15\n|\n|t:|1699627738\n|move|p2a: CLOUD|Behemoth Blade|p1a: Meowscarada\n|-supereffective|p1a: Meowscarada\n|-damage|p1a: Meowscarada|0 fnt\n|faint|p1a: Meowscarada\n|\n|upkeep\n|\n|t:|1699627743\n|switch|p1a: Armarouge|Armarouge, M, shiny|100\/100\n|turn|16\n|\n|t:|1699627747\n|move|p2a: CLOUD|Behemoth Blade|p1a: Armarouge\n|-resisted|p1a: Armarouge\n|-damage|p1a: Armarouge|36\/100\n|move|p1a: Armarouge|Armor Cannon|p2a: CLOUD\n|-supereffective|p2a: CLOUD\n|-damage|p2a: CLOUD|0 fnt\n|-unboost|p1a: Armarouge|def|1\n|-unboost|p1a: Armarouge|spd|1\n|faint|p2a: CLOUD\n|\n|-heal|p1a: Armarouge|42\/100|[from] item: Leftovers\n|upkeep\n|\n|t:|1699627759\n|switch|p2a: SEPHIROTH|Arceus, shiny|100\/100\n|turn|17\n|\n|t:|1699627770\n|move|p2a: SEPHIROTH|Swords Dance|p2a: SEPHIROTH\n|-boost|p2a: SEPHIROTH|atk|2\n|move|p1a: Armarouge|Armor Cannon|p2a: SEPHIROTH\n|-damage|p2a: SEPHIROTH|53\/100\n|-unboost|p1a: Armarouge|def|1\n|-unboost|p1a: Armarouge|spd|1\n|\n|-heal|p1a: Armarouge|49\/100|[from] item: Leftovers\n|upkeep\n|turn|18\n|\n|t:|1699627782\n|move|p2a: SEPHIROTH|Earthquake|p1a: Armarouge\n|-supereffective|p1a: Armarouge\n|-damage|p1a: Armarouge|0 fnt\n|faint|p1a: Armarouge\n|\n|upkeep\n|\n|t:|1699627787\n|switch|p1a: Gholdengo|Gholdengo, shiny|48\/100\n|turn|19\n|\n|t:|1699627792\n|move|p1a: Gholdengo|Make It Rain|p2a: SEPHIROTH\n|-damage|p2a: SEPHIROTH|14\/100\n|-unboost|p1a: Gholdengo|spa|1\n|move|p2a: SEPHIROTH|Earthquake|p1a: Gholdengo\n|-supereffective|p1a: Gholdengo\n|-damage|p1a: Gholdengo|0 fnt\n|faint|p1a: Gholdengo\n|\n|upkeep\n|\n|t:|1699627802\n|switch|p1a: Indeedee|Indeedee-F, F, shiny|100\/100\n|-fieldstart|move: Psychic Terrain|[from] ability: Psychic Surge|[of] p1a: Indeedee\n|turn|20\n|\n|t:|1699627809\n|move|p1a: Indeedee|Play Rough|p2a: SEPHIROTH\n|-damage|p2a: SEPHIROTH|5\/100\n|move|p2a: SEPHIROTH|Earthquake|p1a: Indeedee\n|-damage|p1a: Indeedee|0 fnt\n|faint|p1a: Indeedee\n|\n|win|americandragon79\n|raw|vab1119's rating: 1035 &rarr; <strong>1018<\/strong><br \/>(-17 for losing)\n|raw|americandragon79's rating: 1000 &rarr; <strong>1044<\/strong><br \/>(+44 for winning)\n|l|\u203dvab1119\n","uploadtime":1699627818,"views":5,"p1id":"vab1119","p2id":"americandragon79","formatid":"gen9ubers","rating":1018,"private":0,"password":""}