{"id":"gen9ubers-1981665927","p1":"die4ry","p2":"father_arnau","format":"[Gen 9] Ubers","log":"|j|\u2606die4ry\n|j|\u2606father_arnau\n|t:|1698931775\n|gametype|singles\n|player|p1|die4ry|hugh|1107\n|player|p2|father_arnau|acetrainer-gen4dp|1102\n|teamsize|p1|6\n|teamsize|p2|6\n|gen|9\n|tier|[Gen 9] Ubers\n|rated|\n|rule|Sleep Clause Mod: Limit one foe put to sleep\n|rule|Species Clause: Limit one of each Pok\u00e9mon\n|rule|OHKO Clause: OHKO moves are banned\n|rule|Evasion Items Clause: Evasion items are banned\n|rule|Evasion Moves Clause: Evasion moves are banned\n|rule|Endless Battle Clause: Forcing endless battles is banned\n|rule|HP Percentage Mod: HP is shown in percentages\n|clearpoke\n|poke|p1|Roaring Moon|\n|poke|p1|Flutter Mane|\n|poke|p1|Regieleki|\n|poke|p1|Shaymin-Sky|\n|poke|p1|Zacian-*|\n|poke|p1|Eternatus|\n|poke|p2|Cloyster, M|\n|poke|p2|Mimikyu, M|\n|poke|p2|Amoonguss, M|\n|poke|p2|Pelipper, F|\n|poke|p2|Arcanine, M|\n|poke|p2|Garchomp, F|\n|teampreview\n|inactive|Battle timer is ON: inactive players will automatically lose when time's up. (requested by die4ry)\n|\n|t:|1698931788\n|start\n|switch|p1a: Regieleki|Regieleki|100\/100\n|switch|p2a: caiman|Pelipper, F, shiny|100\/100\n|-weather|RainDance|[from] ability: Drizzle|[of] p2a: caiman\n|turn|1\n|\n|t:|1698931801\n|-terastallize|p2a: caiman|Dragon\n|move|p1a: Regieleki|Reflect|p1a: Regieleki\n|-sidestart|p1: die4ry|Reflect\n|move|p2a: caiman|Hurricane|p1a: Regieleki\n|-resisted|p1a: Regieleki\n|-damage|p1a: Regieleki|71\/100\n|\n|-weather|RainDance|[upkeep]\n|upkeep\n|turn|2\n|\n|t:|1698931810\n|move|p1a: Regieleki|Light Screen|p1a: Regieleki\n|-sidestart|p1: die4ry|move: Light Screen\n|move|p2a: caiman|Hurricane|p1a: Regieleki\n|-resisted|p1a: Regieleki\n|-damage|p1a: Regieleki|57\/100\n|\n|-weather|RainDance|[upkeep]\n|upkeep\n|turn|3\n|\n|t:|1698931830\n|move|p1a: Regieleki|Thunder Cage|p2a: caiman\n|-resisted|p2a: caiman\n|-damage|p2a: caiman|86\/100\n|-activate|p2a: caiman|move: Thunder Cage|[of] p1a: Regieleki\n|move|p2a: caiman|Hurricane|p1a: Regieleki\n|-resisted|p1a: Regieleki\n|-damage|p1a: Regieleki|42\/100\n|\n|-weather|RainDance|[upkeep]\n|-damage|p2a: caiman|74\/100|[from] move: Thunder Cage|[partiallytrapped]\n|upkeep\n|turn|4\n|\n|t:|1698931841\n|switch|p1a: Eternatus|Eternatus|100\/100\n|-ability|p1a: Eternatus|Pressure\n|move|p2a: caiman|Hurricane|p1a: Eternatus\n|-damage|p1a: Eternatus|84\/100\n|\n|-weather|RainDance|[upkeep]\n|-end|p2a: caiman|Thunder Cage|[partiallytrapped]|[silent]\n|upkeep\n|turn|5\n|\n|t:|1698931851\n|move|p2a: caiman|Hurricane|p1a: Eternatus\n|-damage|p1a: Eternatus|70\/100\n|-start|p1a: Eternatus|confusion\n|-activate|p1a: Eternatus|confusion\n|move|p1a: Eternatus|Dragon Tail|p2a: caiman\n|-supereffective|p2a: caiman\n|-damage|p2a: caiman|34\/100\n|drag|p2a: lorenzo|Amoonguss, M, shiny|100\/100\n|\n|-weather|none\n|upkeep\n|turn|6\n|\n|t:|1698931869\n|switch|p1a: Regieleki|Regieleki|42\/100\n|move|p2a: lorenzo|Spore|p1a: Regieleki\n|-status|p1a: Regieleki|slp|[from] move: Spore\n|\n|upkeep\n|turn|7\n|\n|t:|1698931884\n|switch|p2a: caiman|Pelipper, F, shiny, tera:Dragon|34\/100\n|-weather|RainDance|[from] ability: Drizzle|[of] p2a: caiman\n|cant|p1a: Regieleki|slp\n|\n|-weather|RainDance|[upkeep]\n|upkeep\n|turn|8\n|\n|t:|1698931895\n|cant|p1a: Regieleki|slp\n|move|p2a: caiman|Hurricane|p1a: Regieleki\n|-resisted|p1a: Regieleki\n|-damage|p1a: Regieleki|28\/100 slp\n|\n|-weather|RainDance|[upkeep]\n|-sideend|p1: die4ry|Reflect\n|upkeep\n|turn|9\n|\n|t:|1698931903\n|cant|p1a: Regieleki|slp\n|move|p2a: caiman|Hurricane|p1a: Regieleki\n|-resisted|p1a: Regieleki\n|-damage|p1a: Regieleki|13\/100 slp\n|\n|-weather|RainDance|[upkeep]\n|-sideend|p1: die4ry|move: Light Screen\n|upkeep\n|turn|10\n|\n|t:|1698931912\n|-curestatus|p1a: Regieleki|slp|[msg]\n|move|p1a: Regieleki|Thunder Cage|p2a: caiman|[miss]\n|-miss|p1a: Regieleki|p2a: caiman\n|move|p2a: caiman|Hurricane|p1a: Regieleki\n|-resisted|p1a: Regieleki\n|-damage|p1a: Regieleki|0 fnt\n|faint|p1a: Regieleki\n|\n|-weather|RainDance|[upkeep]\n|upkeep\n|\n|t:|1698931916\n|switch|p1a: Flutter Mane|Flutter Mane|100\/100\n|-enditem|p1a: Flutter Mane|Booster Energy\n|-activate|p1a: Flutter Mane|ability: Protosynthesis|[fromitem]\n|-start|p1a: Flutter Mane|protosynthesisspe\n|turn|11\n|\n|t:|1698931940\n|move|p1a: Flutter Mane|Moonblast|p2a: caiman\n|-supereffective|p2a: caiman\n|-damage|p2a: caiman|0 fnt\n|faint|p2a: caiman\n|\n|-weather|none\n|upkeep\n|\n|t:|1698931955\n|switch|p2a: kmesakesdaki|Mimikyu, M, shiny|100\/100\n|turn|12\n|\n|t:|1698931959\n|-terastallize|p1a: Flutter Mane|Fairy\n|move|p1a: Flutter Mane|Shadow Ball|p2a: kmesakesdaki\n|-activate|p2a: kmesakesdaki|ability: Disguise\n|-damage|p2a: kmesakesdaki|100\/100\n|detailschange|p2a: kmesakesdaki|Mimikyu-Busted, M, shiny\n|-damage|p2a: kmesakesdaki|88\/100|[from] pokemon: Mimikyu-Busted\n|move|p2a: kmesakesdaki|Swords Dance|p2a: kmesakesdaki\n|-boost|p2a: kmesakesdaki|atk|2\n|\n|upkeep\n|turn|13\n|\n|t:|1698931971\n|move|p2a: kmesakesdaki|Shadow Sneak|p1a: Flutter Mane\n|-damage|p1a: Flutter Mane|14\/100\n|-damage|p2a: kmesakesdaki|78\/100|[from] item: Life Orb\n|move|p1a: Flutter Mane|Shadow Ball|p2a: kmesakesdaki\n|-supereffective|p2a: kmesakesdaki\n|-damage|p2a: kmesakesdaki|0 fnt\n|faint|p2a: kmesakesdaki\n|\n|upkeep\n|\n|t:|1698931984\n|switch|p2a: abeja|Arcanine, M, shiny|100\/100\n|turn|14\n|\n|t:|1698931992\n|move|p2a: abeja|Extreme Speed|p1a: Flutter Mane\n|-damage|p1a: Flutter Mane|0 fnt\n|faint|p1a: Flutter Mane\n|-end|p1a: Flutter Mane|Protosynthesis|[silent]\n|\n|upkeep\n|\n|t:|1698932007\n|switch|p1a: Eternatus|Eternatus|70\/100\n|-ability|p1a: Eternatus|Pressure\n|turn|15\n|\n|t:|1698932028\n|move|p1a: Eternatus|Dynamax Cannon|p2a: abeja\n|-damage|p2a: abeja|68\/100\n|move|p2a: abeja|Dragon Pulse|p1a: Eternatus\n|-supereffective|p1a: Eternatus\n|-damage|p1a: Eternatus|36\/100\n|\n|upkeep\n|turn|16\n|\n|t:|1698932036\n|move|p2a: abeja|Dragon Pulse|p1a: Eternatus\n|-supereffective|p1a: Eternatus\n|-damage|p1a: Eternatus|2\/100\n|move|p1a: Eternatus|Dragon Tail|p2a: abeja\n|-damage|p2a: abeja|51\/100\n|drag|p2a: cabrooooooon|Garchomp, F, shiny|100\/100\n|\n|upkeep\n|turn|17\n|j| Neutralist\n|\n|t:|1698932047\n|move|p1a: Eternatus|Toxic|p2a: cabrooooooon\n|-status|p2a: cabrooooooon|tox\n|move|p2a: cabrooooooon|Crunch|p1a: Eternatus\n|-damage|p1a: Eternatus|0 fnt\n|faint|p1a: Eternatus\n|\n|-damage|p2a: cabrooooooon|94\/100 tox|[from] psn\n|upkeep\n|\n|t:|1698932054\n|switch|p1a: Roaring Moon|Roaring Moon|100\/100\n|-enditem|p1a: Roaring Moon|Booster Energy\n|-activate|p1a: Roaring Moon|ability: Protosynthesis|[fromitem]\n|-start|p1a: Roaring Moon|protosynthesisatk\n|turn|18\n|c| Neutralist|dragon pulse arcanine\n|c|\u2606die4ry|is insane\n|\n|t:|1698932066\n|-end|p1a: Roaring Moon|Protosynthesis|[silent]\n|switch|p1a: Zacian|Zacian-Crowned|100\/100\n|-ability|p1a: Zacian|Intrepid Sword|boost\n|-boost|p1a: Zacian|atk|1\n|move|p2a: cabrooooooon|Dragon Rush|p1a: Zacian\n|-immune|p1a: Zacian\n|\n|-damage|p2a: cabrooooooon|82\/100 tox|[from] psn\n|upkeep\n|turn|19\n|c| Neutralist|what is this even\n|\n|t:|1698932081\n|move|p1a: Zacian|Play Rough|p2a: cabrooooooon\n|-supereffective|p2a: cabrooooooon\n|-damage|p2a: cabrooooooon|0 fnt\n|-damage|p1a: Zacian|88\/100|[from] ability: Rough Skin|[of] p2a: cabrooooooon\n|faint|p2a: cabrooooooon\n|\n|upkeep\n|\n|t:|1698932093\n|switch|p2a: abeja|Arcanine, M, shiny|51\/100\n|turn|20\n|\n|t:|1698932101\n|move|p1a: Zacian|Sacred Sword|p2a: abeja\n|-damage|p2a: abeja|0 fnt\n|faint|p2a: abeja\n|\n|upkeep\n|\n|t:|1698932106\n|switch|p2a: lorenzo|Amoonguss, M, shiny|100\/100\n|turn|21\n|\n|t:|1698932119\n|move|p1a: Zacian|Crunch|p2a: lorenzo\n|-damage|p2a: lorenzo|55\/100\n|move|p2a: lorenzo|Spore|p1a: Zacian\n|-status|p1a: Zacian|slp|[from] move: Spore\n|\n|upkeep\n|turn|22\n|\n|t:|1698932127\n|switch|p1a: Roaring Moon|Roaring Moon|100\/100\n|switch|p2a: atomarporculovum|Cloyster, M, shiny|100\/100\n|\n|upkeep\n|turn|23\n|\n|t:|1698932134\n|move|p1a: Roaring Moon|Knock Off|p2a: atomarporculovum\n|-damage|p2a: atomarporculovum|48\/100\n|-enditem|p2a: atomarporculovum|Focus Sash|[from] move: Knock Off|[of] p1a: Roaring Moon\n|move|p2a: atomarporculovum|Shell Smash|p2a: atomarporculovum\n|-unboost|p2a: atomarporculovum|def|1\n|-unboost|p2a: atomarporculovum|spd|1\n|-boost|p2a: atomarporculovum|atk|2\n|-boost|p2a: atomarporculovum|spa|2\n|-boost|p2a: atomarporculovum|spe|2\n|\n|upkeep\n|turn|24\n|\n|t:|1698932147\n|move|p2a: atomarporculovum|Icicle Spear|p1a: Roaring Moon\n|-supereffective|p1a: Roaring Moon\n|-damage|p1a: Roaring Moon|45\/100\n|-supereffective|p1a: Roaring Moon\n|-damage|p1a: Roaring Moon|0 fnt\n|faint|p1a: Roaring Moon\n|-end|p1a: Roaring Moon|Protosynthesis|[silent]\n|-hitcount|p1: Roaring Moon|2\n|\n|upkeep\n|\n|t:|1698932149\n|switch|p1a: Zacian|Zacian-Crowned|88\/100 slp\n|turn|25\n|\n|t:|1698932169\n|move|p2a: atomarporculovum|Smart Strike|p1a: Zacian\n|-damage|p1a: Zacian|52\/100 slp\n|cant|p1a: Zacian|slp\n|\n|upkeep\n|turn|26\n|\n|t:|1698932184\n|move|p2a: atomarporculovum|Icicle Spear|p1a: Zacian\n|-resisted|p1a: Zacian\n|-damage|p1a: Zacian|41\/100 slp\n|-resisted|p1a: Zacian\n|-damage|p1a: Zacian|31\/100 slp\n|-resisted|p1a: Zacian\n|-crit|p1a: Zacian\n|-damage|p1a: Zacian|16\/100 slp\n|-resisted|p1a: Zacian\n|-damage|p1a: Zacian|8\/100 slp\n|-resisted|p1a: Zacian\n|-damage|p1a: Zacian|0 fnt\n|faint|p1a: Zacian\n|-hitcount|p1: Zacian|5\n|\n|upkeep\n|\n|t:|1698932186\n|switch|p1a: Shaymin|Shaymin-Sky|100\/100\n|turn|27\n|\n|t:|1698932200\n|move|p2a: atomarporculovum|Ice Shard|p1a: Shaymin\n|-supereffective|p1a: Shaymin\n|-damage|p1a: Shaymin|0 fnt\n|faint|p1a: Shaymin\n|\n|win|father_arnau\n|raw|die4ry's rating: 1107 &rarr; <strong>1082<\/strong><br \/>(-25 for losing)\n|raw|father_arnau's rating: 1102 &rarr; <strong>1127<\/strong><br \/>(+25 for winning)\n|l|\u2606die4ry\n","uploadtime":1698932222,"views":16,"p1id":"die4ry","p2id":"fatherarnau","formatid":"gen9ubers","rating":1082,"private":0,"password":""}