{"id":"gen9ubers-1993465599","p1":"anarchistsshitpost","p2":"Anderew1","format":"[Gen 9] Ubers","log":"|j|\u2606anarchistsshitpost\n|j|\u2606Anderew1\n|t:|1700321261\n|gametype|singles\n|player|p1|anarchistsshitpost|cynthia|\n|player|p2|Anderew1|ghetsis|\n|teamsize|p1|6\n|teamsize|p2|6\n|gen|9\n|tier|[Gen 9] Ubers\n|rule|Sleep Clause Mod: Limit one foe put to sleep\n|rule|Species Clause: Limit one of each Pok\u00e9mon\n|rule|OHKO Clause: OHKO moves are banned\n|rule|Evasion Items Clause: Evasion items are banned\n|rule|Evasion Moves Clause: Evasion moves are banned\n|rule|Endless Battle Clause: Forcing endless battles is banned\n|rule|HP Percentage Mod: HP is shown in percentages\n|clearpoke\n|poke|p1|Pikachu, F|\n|poke|p1|Zapdos-Galar|\n|poke|p1|Garchomp, F|\n|poke|p1|Ninetales-Alola, F|\n|poke|p1|Bisharp, F|\n|poke|p1|Manaphy|\n|poke|p2|Espeon, M|\n|poke|p2|Rillaboom, F|\n|poke|p2|Samurott-Hisui, M|\n|poke|p2|Weezing-Galar, F|\n|poke|p2|Quaquaval, M|\n|poke|p2|Cinderace, F|\n|teampreview\n|inactive|Battle timer is ON: inactive players will automatically lose when time's up. (requested by Anderew1)\n|c|\u2606Anderew1|the pika\n|c|\u2606Anderew1|i wanna forfeit\n|c|\u2606anarchistsshitpost|glhf\n|c|\u2606anarchistsshitpost|my secret weapon\n|c|\u2606Anderew1|glhf\n|inactive|Anderew1 has 270 seconds left.\n|c|\u2606anarchistsshitpost|pika sweep\n|\n|t:|1700321310\n|start\n|switch|p1a: Storm|Pikachu, F|100\/100\n|switch|p2a: Cinderace|Cinderace, F|100\/100\n|turn|1\n|\n|t:|1700321315\n|move|p1a: Storm|Fake Out|p2a: Cinderace\n|-damage|p2a: Cinderace|83\/100\n|cant|p2a: Cinderace|flinch\n|\n|upkeep\n|turn|2\n|\n|t:|1700321325\n|switch|p1a: Womanaphy|Manaphy|100\/100\n|move|p2a: Cinderace|Pyro Ball|p1a: Womanaphy\n|-resisted|p1a: Womanaphy\n|-damage|p1a: Womanaphy|77\/100\n|\n|upkeep\n|turn|3\n|\n|t:|1700321334\n|switch|p2a: Rillaboom|Rillaboom, F|100\/100\n|-fieldstart|move: Grassy Terrain|[from] ability: Grassy Surge|[of] p2a: Rillaboom\n|move|p1a: Womanaphy|Surf|p2a: Rillaboom\n|-resisted|p2a: Rillaboom\n|-damage|p2a: Rillaboom|72\/100\n|\n|-heal|p1a: Womanaphy|83\/100|[from] Grassy Terrain\n|-heal|p2a: Rillaboom|78\/100|[from] Grassy Terrain\n|upkeep\n|turn|4\n|inactive|anarchistsshitpost has 270 seconds left.\n|\n|t:|1700321369\n|switch|p1a: Zapdos|Zapdos-Galar|100\/100\n|move|p2a: Rillaboom|Grassy Glide|p1a: Zapdos\n|-resisted|p1a: Zapdos\n|-damage|p1a: Zapdos|67\/100\n|\n|-heal|p2a: Rillaboom|84\/100|[from] Grassy Terrain\n|upkeep\n|turn|5\n|inactive|anarchistsshitpost has 270 seconds left.\n|\n|t:|1700321395\n|switch|p2a: Espeon|Espeon, M|100\/100\n|move|p1a: Zapdos|Close Combat|p2a: Espeon\n|-resisted|p2a: Espeon\n|-damage|p2a: Espeon|34\/100\n|-unboost|p1a: Zapdos|def|1\n|-unboost|p1a: Zapdos|spd|1\n|\n|-heal|p2a: Espeon|40\/100|[from] Grassy Terrain\n|upkeep\n|turn|6\n|inactive|anarchistsshitpost has 270 seconds left.\n|\n|t:|1700321412\n|switch|p1a: Queengambit|Bisharp, F|100\/100\n|move|p2a: Espeon|Future Sight|p1a: Queengambit\n|-start|p2a: Espeon|move: Future Sight\n|\n|-heal|p2a: Espeon|46\/100|[from] Grassy Terrain\n|upkeep\n|turn|7\n|\n|t:|1700321430\n|switch|p2a: Weezing|Weezing-Galar, F|100\/100\n|move|p1a: Queengambit|Sucker Punch||[still]\n|-fail|p1a: Queengambit\n|\n|-fieldend|move: Grassy Terrain\n|upkeep\n|turn|8\n|\n|t:|1700321450\n|move|p1a: Queengambit|Swords Dance|p1a: Queengambit\n|-boost|p1a: Queengambit|atk|2\n|move|p2a: Weezing|Strange Steam|p1a: Queengambit\n|-damage|p1a: Queengambit|65\/100\n|-start|p1a: Queengambit|confusion\n|\n|-end|p1a: Queengambit|move: Future Sight\n|-immune|p1a: Queengambit\n|upkeep\n|turn|9\n|\n|t:|1700321459\n|-activate|p1a: Queengambit|confusion\n|-damage|p1a: Queengambit|36\/100|[from] confusion\n|move|p2a: Weezing|Strange Steam|p1a: Queengambit\n|-damage|p1a: Queengambit|0 fnt\n|faint|p1a: Queengambit\n|\n|upkeep\n|c|\u2606anarchistsshitpost|oof\n|c|\u2606Anderew1|damn\n|inactive|anarchistsshitpost has 240 seconds left.\n|inactive|anarchistsshitpost has 210 seconds left.\n|\n|t:|1700321510\n|switch|p1a: Mariah Carey|Ninetales-Alola, F|100\/100\n|-weather|Snow|[from] ability: Snow Warning|[of] p1a: Mariah Carey\n|turn|10\n|\n|t:|1700321517\n|move|p1a: Mariah Carey|Aurora Veil|p1a: Mariah Carey\n|-sidestart|p1: anarchistsshitpost|move: Aurora Veil\n|move|p2a: Weezing|Taunt|p1a: Mariah Carey\n|-start|p1a: Mariah Carey|move: Taunt\n|\n|-weather|Snow|[upkeep]\n|upkeep\n|turn|11\n|inactive|anarchistsshitpost has 210 seconds left.\n|\n|t:|1700321547\n|switch|p1a: Storm|Pikachu, F|100\/100\n|move|p2a: Weezing|Defog|p1a: Storm\n|-unboost|p1a: Storm|evasion|1\n|-sideend|p1: anarchistsshitpost|move: Aurora Veil\n|\n|-weather|Snow|[upkeep]\n|upkeep\n|turn|12\n|\n|t:|1700321564\n|move|p1a: Storm|Fake Out|p2a: Weezing\n|-damage|p2a: Weezing|89\/100\n|cant|p2a: Weezing|flinch\n|\n|-weather|Snow|[upkeep]\n|-heal|p2a: Weezing|95\/100|[from] item: Leftovers\n|upkeep\n|turn|13\n|\n|t:|1700321576\n|move|p1a: Storm|Thunderbolt|p2a: Weezing\n|-crit|p2a: Weezing\n|-damage|p2a: Weezing|0 fnt\n|faint|p2a: Weezing\n|\n|-weather|Snow|[upkeep]\n|upkeep\n|c|\u2606anarchistsshitpost|oh shit\n|c|\u2606anarchistsshitpost|that was lucky\n|c|\u2606Anderew1|fuck\n|c|\u2606Anderew1|we believe in the pika\n|\n|t:|1700321602\n|switch|p2a: Rillaboom|Rillaboom, F|84\/100\n|-fieldstart|move: Grassy Terrain|[from] ability: Grassy Surge|[of] p2a: Rillaboom\n|turn|14\n|c|\u2606anarchistsshitpost|pika sweep\n|c|\u2606Anderew1|pls no\n|\n|t:|1700321624\n|switch|p1a: Zapdos|Zapdos-Galar|67\/100\n|move|p2a: Rillaboom|Wood Hammer|p1a: Zapdos\n|-resisted|p1a: Zapdos\n|-damage|p1a: Zapdos|0 fnt\n|faint|p1a: Zapdos\n|-damage|p2a: Rillaboom|64\/100|[from] Recoil\n|\n|-weather|none\n|-heal|p2a: Rillaboom|70\/100|[from] Grassy Terrain\n|upkeep\n|c|\u2606anarchistsshitpost|bah\n|inactive|anarchistsshitpost has 180 seconds left.\n|\n|t:|1700321658\n|switch|p1a: Womanaphy|Manaphy|83\/100\n|turn|15\n|\n|t:|1700321667\n|move|p1a: Womanaphy|Ice Beam|p2a: Rillaboom\n|-supereffective|p2a: Rillaboom\n|-damage|p2a: Rillaboom|0 fnt\n|faint|p2a: Rillaboom\n|\n|-heal|p1a: Womanaphy|89\/100|[from] Grassy Terrain\n|upkeep\n|\n|t:|1700321679\n|switch|p2a: Samurott|Samurott-Hisui, M|100\/100\n|turn|16\n|inactive|anarchistsshitpost has 180 seconds left.\n|inactive|anarchistsshitpost has 150 seconds left.\n|\n|t:|1700321722\n|switch|p1a: Grunt|Garchomp, F|100\/100\n|move|p2a: Samurott|Knock Off|p1a: Grunt\n|-damage|p1a: Grunt|60\/100\n|-damage|p2a: Samurott|88\/100|[from] ability: Rough Skin|[of] p1a: Grunt\n|-enditem|p1a: Grunt|Leftovers|[from] move: Knock Off|[of] p2a: Samurott\n|\n|-heal|p1a: Grunt|66\/100|[from] Grassy Terrain\n|-heal|p2a: Samurott|94\/100|[from] Grassy Terrain\n|upkeep\n|turn|17\n|inactive|anarchistsshitpost has 150 seconds left.\n|\n|t:|1700321738\n|move|p1a: Grunt|Swords Dance|p1a: Grunt\n|-boost|p1a: Grunt|atk|2\n|move|p2a: Samurott|Aqua Cutter|p1a: Grunt\n|-crit|p1a: Grunt\n|-damage|p1a: Grunt|0 fnt\n|faint|p1a: Grunt\n|\n|-heal|p2a: Samurott|100\/100|[from] Grassy Terrain\n|upkeep\n|inactive|anarchistsshitpost has 150 seconds left.\n|c|\u2606anarchistsshitpost|fuck\n|\n|t:|1700321746\n|switch|p1a: Storm|Pikachu, F|100\/100\n|turn|18\n|\n|t:|1700321753\n|switch|p2a: Espeon|Espeon, M|46\/100\n|move|p1a: Storm|Fake Out|p2a: Espeon\n|-damage|p2a: Espeon|28\/100\n|\n|-heal|p2a: Espeon|34\/100|[from] Grassy Terrain\n|-fieldend|move: Grassy Terrain\n|upkeep\n|turn|19\n|\n|t:|1700321769\n|switch|p1a: Womanaphy|Manaphy|89\/100\n|move|p2a: Espeon|Future Sight|p1a: Womanaphy\n|-start|p2a: Espeon|move: Future Sight\n|\n|upkeep\n|turn|20\n|\n|t:|1700321777\n|move|p1a: Womanaphy|Shadow Ball|p2a: Espeon\n|-supereffective|p2a: Espeon\n|-damage|p2a: Espeon|6\/100\n|move|p2a: Espeon|Psychic|p1a: Womanaphy\n|-damage|p1a: Womanaphy|54\/100\n|\n|upkeep\n|turn|21\n|\n|t:|1700321783\n|move|p1a: Womanaphy|Shadow Ball|p2a: Espeon\n|-supereffective|p2a: Espeon\n|-damage|p2a: Espeon|0 fnt\n|faint|p2a: Espeon\n|\n|-end|p1a: Womanaphy|move: Future Sight\n|-damage|p1a: Womanaphy|9\/100\n|upkeep\n|\n|t:|1700321794\n|switch|p2a: Quaquaval|Quaquaval, M|100\/100\n|turn|22\n|\n|t:|1700321820\n|move|p2a: Quaquaval|Close Combat|p1a: Womanaphy\n|-damage|p1a: Womanaphy|0 fnt\n|-unboost|p2a: Quaquaval|def|1\n|-unboost|p2a: Quaquaval|spd|1\n|faint|p1a: Womanaphy\n|-ability|p2a: Quaquaval|Moxie|boost\n|-boost|p2a: Quaquaval|atk|1\n|\n|upkeep\n|\n|t:|1700321830\n|switch|p1a: Storm|Pikachu, F|100\/100\n|turn|23\n|\n|t:|1700321833\n|move|p1a: Storm|Fake Out|p2a: Quaquaval\n|-crit|p2a: Quaquaval\n|-damage|p2a: Quaquaval|68\/100\n|cant|p2a: Quaquaval|flinch\n|\n|upkeep\n|turn|24\n|\n|t:|1700321838\n|move|p2a: Quaquaval|Close Combat|p1a: Storm\n|-damage|p1a: Storm|0 fnt\n|-unboost|p2a: Quaquaval|def|1\n|-unboost|p2a: Quaquaval|spd|1\n|faint|p1a: Storm\n|-ability|p2a: Quaquaval|Moxie|boost\n|-boost|p2a: Quaquaval|atk|1\n|\n|upkeep\n|c|\u2606anarchistsshitpost|is that choice scarf?\n|c|\u2606Anderew1|yep\n|inactive|anarchistsshitpost has 150 seconds left.\n|c|\u2606anarchistsshitpost|my fucking kryptonite\n|\n|t:|1700321872\n|switch|p1a: Mariah Carey|Ninetales-Alola, F|100\/100\n|-weather|Snow|[from] ability: Snow Warning|[of] p1a: Mariah Carey\n|turn|25\n|inactive|anarchistsshitpost has 150 seconds left.\n|\n|t:|1700321895\n|move|p2a: Quaquaval|Close Combat|p1a: Mariah Carey\n|-damage|p1a: Mariah Carey|2\/100\n|-unboost|p2a: Quaquaval|def|1\n|-unboost|p2a: Quaquaval|spd|1\n|move|p1a: Mariah Carey|Aurora Veil|p1a: Mariah Carey\n|-sidestart|p1: anarchistsshitpost|move: Aurora Veil\n|\n|-weather|Snow|[upkeep]\n|upkeep\n|turn|26\n|c|\u2606anarchistsshitpost|welp\n|c|\u2606anarchistsshitpost|not much point to that\n|\n|t:|1700321907\n|move|p2a: Quaquaval|Close Combat|p1a: Mariah Carey\n|-damage|p1a: Mariah Carey|0 fnt\n|-unboost|p2a: Quaquaval|def|1\n|-unboost|p2a: Quaquaval|spd|1\n|faint|p1a: Mariah Carey\n|\n|win|Anderew1\n|c|\u2606Anderew1|07\n|c|\u2606Anderew1|gg\n|c|\u2606anarchistsshitpost|gg\n|c|\u2606anarchistsshitpost|another loss to choice scarf\n|c|\u2606Anderew1|was really tough a really good game\n|c|\u2606anarchistsshitpost|motherfucker\n|c|\u2606anarchistsshitpost|yeah no that was good\n|c|\u2606Anderew1|tbh youre team was so fast i had to run it\n|c|\u2606Anderew1|ace was also scarf lmao\n|c|\u2606anarchistsshitpost|really\n|c|\u2606anarchistsshitpost|damn\n|c|\u2606Anderew1|yeah\n|c|\u2606Anderew1|ill send sets after\n|c|\u2606anarchistsshitpost|i though for sure you wouldnt\n|c|\u2606Anderew1|i was that scared lmao\n|c|\u2606Anderew1|had zen headbutt on it as well\n|c|\u2606anarchistsshitpost|thats why my manaphy was scarf so it could switch in and kill\n|c|\u2606Anderew1|only for zap\n","uploadtime":1700321916,"views":35,"p1id":"anarchistsshitpost","p2id":"anderew1","formatid":"gen9ubers","rating":0,"private":0,"password":""}