{"id":"gen9ubers-1982656754","p1":"Dynaglow143","p2":"Rusty sss8","format":"[Gen 9] Ubers","log":"|j|\u2606Dynaglow143\n|j|\u2606Rusty sss8\n|t:|1699033333\n|gametype|singles\n|player|p1|Dynaglow143|169|1140\n|player|p2|Rusty sss8|swimmerf-gen4dp|1039\n|teamsize|p1|6\n|teamsize|p2|6\n|gen|9\n|tier|[Gen 9] Ubers\n|rated|\n|rule|Sleep Clause Mod: Limit one foe put to sleep\n|rule|Species Clause: Limit one of each Pok\u00e9mon\n|rule|OHKO Clause: OHKO moves are banned\n|rule|Evasion Items Clause: Evasion items are banned\n|rule|Evasion Moves Clause: Evasion moves are banned\n|rule|Endless Battle Clause: Forcing endless battles is banned\n|rule|HP Percentage Mod: HP is shown in percentages\n|clearpoke\n|poke|p1|Tornadus-Therian, M|\n|poke|p1|Heatran, M|\n|poke|p1|Regieleki|\n|poke|p1|Sneasler, M|\n|poke|p1|Gastrodon-East, F|\n|poke|p1|Umbreon, M|\n|poke|p2|Koraidon|\n|poke|p2|Chien-Pao|\n|poke|p2|Zacian-*|\n|poke|p2|Landorus, M|\n|poke|p2|Flutter Mane|\n|poke|p2|Clodsire, F|\n|teampreview\n|inactive|Battle timer is ON: inactive players will automatically lose when time's up. (requested by Rusty sss8)\n|\n|t:|1699033345\n|start\n|switch|p1a: Cliff Robinson|Gastrodon-East, F, shiny|100\/100\n|switch|p2a: Clodsire|Clodsire, F|100\/100\n|turn|1\n|\n|t:|1699033353\n|move|p2a: Clodsire|Gunk Shot|p1a: Cliff Robinson\n|-resisted|p1a: Cliff Robinson\n|-damage|p1a: Cliff Robinson|84\/100\n|-status|p1a: Cliff Robinson|psn\n|move|p1a: Cliff Robinson|Stealth Rock|p2a: Clodsire\n|-sidestart|p2: Rusty sss8|move: Stealth Rock\n|\n|-heal|p1a: Cliff Robinson|90\/100 psn|[from] item: Leftovers\n|-damage|p1a: Cliff Robinson|77\/100 psn|[from] psn\n|upkeep\n|turn|2\n|\n|t:|1699033364\n|switch|p2a: Flutter Mane|Flutter Mane|100\/100\n|-damage|p2a: Flutter Mane|88\/100|[from] Stealth Rock\n|move|p1a: Cliff Robinson|Earth Power|p2a: Flutter Mane\n|-damage|p2a: Flutter Mane|56\/100\n|\n|-heal|p1a: Cliff Robinson|83\/100 psn|[from] item: Leftovers\n|-damage|p1a: Cliff Robinson|71\/100 psn|[from] psn\n|upkeep\n|turn|3\n|\n|t:|1699033381\n|switch|p1a: Scot Pollard|Heatran, M, shiny|100\/100\n|-item|p1a: Scot Pollard|Air Balloon\n|move|p2a: Flutter Mane|Hyper Beam|p1a: Scot Pollard\n|-enditem|p2a: Flutter Mane|Normal Gem|[from] gem\n|-resisted|p1a: Scot Pollard\n|-damage|p1a: Scot Pollard|68\/100\n|-mustrecharge|p2a: Flutter Mane\n|-enditem|p1a: Scot Pollard|Air Balloon\n|\n|upkeep\n|turn|4\n|\n|t:|1699033395\n|cant|p2a: Flutter Mane|recharge\n|move|p1a: Scot Pollard|Heavy Slam|p2a: Flutter Mane\n|-supereffective|p2a: Flutter Mane\n|-damage|p2a: Flutter Mane|0 fnt\n|faint|p2a: Flutter Mane\n|-end|p2a: Flutter Mane|Protosynthesis|[silent]\n|\n|upkeep\n|\n|t:|1699033406\n|switch|p2a: Clodsire|Clodsire, F|100\/100\n|-damage|p2a: Clodsire|94\/100|[from] Stealth Rock\n|turn|5\n|\n|t:|1699033424\n|move|p2a: Clodsire|Earthquake|p1a: Scot Pollard\n|-supereffective|p1a: Scot Pollard\n|-damage|p1a: Scot Pollard|0 fnt\n|faint|p1a: Scot Pollard\n|\n|upkeep\n|\n|t:|1699033433\n|switch|p1a: Cliff Robinson|Gastrodon-East, F, shiny|71\/100 psn\n|turn|6\n|\n|t:|1699033440\n|move|p2a: Clodsire|Earthquake|p1a: Cliff Robinson\n|-damage|p1a: Cliff Robinson|45\/100 psn\n|move|p1a: Cliff Robinson|Earth Power|p2a: Clodsire\n|-supereffective|p2a: Clodsire\n|-damage|p2a: Clodsire|46\/100\n|\n|-heal|p1a: Cliff Robinson|51\/100 psn|[from] item: Leftovers\n|-damage|p1a: Cliff Robinson|39\/100 psn|[from] psn\n|upkeep\n|turn|7\n|\n|t:|1699033450\n|move|p2a: Clodsire|Earthquake|p1a: Cliff Robinson\n|-damage|p1a: Cliff Robinson|10\/100 psn\n|move|p1a: Cliff Robinson|Recover|p1a: Cliff Robinson\n|-heal|p1a: Cliff Robinson|60\/100 psn\n|\n|-heal|p1a: Cliff Robinson|66\/100 psn|[from] item: Leftovers\n|-damage|p1a: Cliff Robinson|54\/100 psn|[from] psn\n|upkeep\n|turn|8\n|\n|t:|1699033460\n|move|p2a: Clodsire|Earthquake|p1a: Cliff Robinson\n|-damage|p1a: Cliff Robinson|27\/100 psn\n|move|p1a: Cliff Robinson|Recover|p1a: Cliff Robinson\n|-heal|p1a: Cliff Robinson|77\/100 psn\n|\n|-heal|p1a: Cliff Robinson|83\/100 psn|[from] item: Leftovers\n|-damage|p1a: Cliff Robinson|71\/100 psn|[from] psn\n|upkeep\n|turn|9\n|\n|t:|1699033474\n|switch|p1a: Brad Cullpepper|Tornadus-Therian, M, shiny|100\/100\n|move|p2a: Clodsire|Earthquake|p1a: Brad Cullpepper\n|-immune|p1a: Brad Cullpepper\n|\n|upkeep\n|turn|10\n|\n|t:|1699033487\n|switch|p2a: Zacian|Zacian-Crowned|100\/100\n|-damage|p2a: Zacian|94\/100|[from] Stealth Rock\n|-ability|p2a: Zacian|Intrepid Sword|boost\n|-boost|p2a: Zacian|atk|1\n|move|p1a: Brad Cullpepper|Bleakwind Storm|p2a: Zacian\n|-resisted|p2a: Zacian\n|-damage|p2a: Zacian|70\/100\n|-unboost|p2a: Zacian|spe|1\n|\n|upkeep\n|turn|11\n|\n|t:|1699033502\n|switch|p1a: Cliff Robinson|Gastrodon-East, F, shiny|71\/100 psn\n|move|p2a: Zacian|Air Slash|p1a: Cliff Robinson\n|-damage|p1a: Cliff Robinson|58\/100 psn\n|\n|-heal|p1a: Cliff Robinson|64\/100 psn|[from] item: Leftovers\n|-damage|p1a: Cliff Robinson|51\/100 psn|[from] psn\n|upkeep\n|turn|12\n|\n|t:|1699033512\n|move|p2a: Zacian|Giga Impact|p1a: Cliff Robinson\n|-damage|p1a: Cliff Robinson|0 fnt\n|-mustrecharge|p2a: Zacian\n|faint|p1a: Cliff Robinson\n|\n|upkeep\n|\n|t:|1699033519\n|switch|p1a: Brad Cullpepper|Tornadus-Therian, M, shiny|100\/100\n|turn|13\n|\n|t:|1699033523\n|move|p1a: Brad Cullpepper|Heat Wave|p2a: Zacian\n|-supereffective|p2a: Zacian\n|-damage|p2a: Zacian|15\/100\n|cant|p2a: Zacian|recharge\n|\n|upkeep\n|turn|14\n|\n|t:|1699033546\n|move|p1a: Brad Cullpepper|Heat Wave|p2a: Zacian\n|-supereffective|p2a: Zacian\n|-damage|p2a: Zacian|0 fnt\n|faint|p2a: Zacian\n|\n|upkeep\n|\n|t:|1699033550\n|switch|p2a: Clodsire|Clodsire, F|46\/100\n|-damage|p2a: Clodsire|40\/100|[from] Stealth Rock\n|turn|15\n|\n|t:|1699033557\n|move|p1a: Brad Cullpepper|Heat Wave|p2a: Clodsire\n|-damage|p2a: Clodsire|13\/100\n|move|p2a: Clodsire|Waterfall|p1a: Brad Cullpepper\n|-damage|p1a: Brad Cullpepper|80\/100\n|\n|upkeep\n|turn|16\n|\n|t:|1699033564\n|move|p1a: Brad Cullpepper|Heat Wave|p2a: Clodsire\n|-damage|p2a: Clodsire|0 fnt\n|faint|p2a: Clodsire\n|\n|upkeep\n|\n|t:|1699033566\n|switch|p2a: Chien-Pao|Chien-Pao|100\/100\n|-damage|p2a: Chien-Pao|76\/100|[from] Stealth Rock\n|-ability|p2a: Chien-Pao|Sword of Ruin\n|turn|17\n|\n|t:|1699033574\n|move|p1a: Brad Cullpepper|Heat Wave|p2a: Chien-Pao\n|-supereffective|p2a: Chien-Pao\n|-damage|p2a: Chien-Pao|0 fnt\n|faint|p2a: Chien-Pao\n|\n|upkeep\n|\n|t:|1699033580\n|switch|p2a: Koraidon|Koraidon|100\/100\n|-damage|p2a: Koraidon|94\/100|[from] Stealth Rock\n|-weather|SunnyDay|[from] ability: Orichalcum Pulse|[of] p2a: Koraidon\n|-activate|p2a: Koraidon|Orichalcum Pulse|[source]\n|turn|18\n|\n|t:|1699033604\n|switch|p1a: John Hennigan|Umbreon, M, shiny|100\/100\n|move|p2a: Koraidon|Substitute|p2a: Koraidon\n|-start|p2a: Koraidon|Substitute\n|-damage|p2a: Koraidon|69\/100\n|\n|-weather|SunnyDay|[upkeep]\n|-status|p2a: Koraidon|brn|[from] item: Flame Orb\n|upkeep\n|turn|19\n|\n|t:|1699033618\n|-terastallize|p1a: John Hennigan|Psychic\n|move|p2a: Koraidon|Facade|p1a: John Hennigan\n|-damage|p1a: John Hennigan|61\/100\n|-damage|p2a: Koraidon|53\/100 brn|[from] item: Rocky Helmet|[of] p1a: John Hennigan\n|move|p1a: John Hennigan|Foul Play|p2a: Koraidon\n|-resisted|p2a: Koraidon\n|-activate|p2a: Koraidon|move: Substitute|[damage]\n|\n|-weather|SunnyDay|[upkeep]\n|-damage|p2a: Koraidon|47\/100 brn|[from] brn\n|upkeep\n|turn|20\n|\n|t:|1699033631\n|move|p2a: Koraidon|Mud-Slap|p1a: John Hennigan\n|-damage|p1a: John Hennigan|58\/100\n|-unboost|p1a: John Hennigan|accuracy|1\n|move|p1a: John Hennigan|Foul Play|p2a: Koraidon\n|-resisted|p2a: Koraidon\n|-end|p2a: Koraidon|Substitute\n|\n|-weather|SunnyDay|[upkeep]\n|-damage|p2a: Koraidon|41\/100 brn|[from] brn\n|upkeep\n|turn|21\n|\n|t:|1699033642\n|move|p2a: Koraidon|Mud-Slap|p1a: John Hennigan\n|-damage|p1a: John Hennigan|55\/100\n|-unboost|p1a: John Hennigan|accuracy|1\n|move|p1a: John Hennigan|Foul Play|p2a: Koraidon\n|-resisted|p2a: Koraidon\n|-damage|p2a: Koraidon|19\/100 brn\n|\n|-weather|SunnyDay|[upkeep]\n|-damage|p2a: Koraidon|13\/100 brn|[from] brn\n|upkeep\n|turn|22\n|\n|t:|1699033653\n|move|p2a: Koraidon|Facade|p1a: John Hennigan\n|-damage|p1a: John Hennigan|15\/100\n|-damage|p2a: Koraidon|0 fnt|[from] item: Rocky Helmet|[of] p1a: John Hennigan\n|faint|p2a: Koraidon\n|move|p1a: John Hennigan|Moonlight|p1a: John Hennigan\n|-heal|p1a: John Hennigan|82\/100\n|\n|-weather|none\n|upkeep\n|\n|t:|1699033657\n|switch|p2a: Landorus|Landorus, M|100\/100\n|-damage|p2a: Landorus|88\/100|[from] Stealth Rock\n|turn|23\n|\n|t:|1699033669\n|move|p2a: Landorus|Rain Dance|p2a: Landorus\n|-weather|RainDance\n|move|p1a: John Hennigan|Toxic|p2a: Landorus\n|-status|p2a: Landorus|tox\n|\n|-weather|RainDance|[upkeep]\n|-damage|p2a: Landorus|82\/100 tox|[from] psn\n|upkeep\n|turn|24\n|\n|t:|1699033677\n|move|p2a: Landorus|Weather Ball|p1a: John Hennigan\n|-damage|p1a: John Hennigan|49\/100\n|move|p1a: John Hennigan|Foul Play|p2a: Landorus|[miss]\n|-miss|p1a: John Hennigan|p2a: Landorus\n|\n|-weather|RainDance|[upkeep]\n|-damage|p2a: Landorus|70\/100 tox|[from] psn\n|upkeep\n|turn|25\n|\n|t:|1699033688\n|switch|p1a: Danny McCray|Regieleki, shiny|100\/100\n|move|p2a: Landorus|Weather Ball|p1a: Danny McCray\n|-damage|p1a: Danny McCray|4\/100\n|\n|-weather|RainDance|[upkeep]\n|-damage|p2a: Landorus|53\/100 tox|[from] psn\n|upkeep\n|turn|26\n|\n|t:|1699033698\n|move|p1a: Danny McCray|Explosion|p2a: Landorus\n|-damage|p2a: Landorus|0 fnt\n|faint|p1a: Danny McCray\n|faint|p2a: Landorus\n|\n|win|Dynaglow143\n|raw|Dynaglow143's rating: 1140 &rarr; <strong>1158<\/strong><br \/>(+18 for winning)\n|raw|Rusty sss8's rating: 1039 &rarr; <strong>1028<\/strong><br \/>(-11 for losing)\n|l|\u2606Rusty sss8\n|c|\u2606Dynaglow143|Gg\n","uploadtime":1699033710,"views":6,"p1id":"dynaglow143","p2id":"rustysss8","formatid":"gen9ubers","rating":1028,"private":0,"password":""}