{"id":"gen9ubers-1992548921","p1":"RUMYMOME","p2":"happysh","format":"[Gen 9] Ubers","log":"|j|\u2606RUMYMOME\n|j|\u2606happysh\n|inactive|Battle timer is ON: inactive players will automatically lose when time's up.\n|t:|1700203771\n|gametype|singles\n|player|p1|RUMYMOME|marshal|\n|player|p2|happysh|lucas|\n|teamsize|p1|6\n|teamsize|p2|6\n|gen|9\n|tier|[Gen 9] Ubers\n|rated|Tournament battle\n|rule|Sleep Clause Mod: Limit one foe put to sleep\n|rule|Species Clause: Limit one of each Pok\u00e9mon\n|rule|OHKO Clause: OHKO moves are banned\n|rule|Evasion Items Clause: Evasion items are banned\n|rule|Evasion Moves Clause: Evasion moves are banned\n|rule|Endless Battle Clause: Forcing endless battles is banned\n|rule|HP Percentage Mod: HP is shown in percentages\n|rule|Inverse Mod: Weaknesses become resistances, while resistances and immunities become weaknesses.\n|clearpoke\n|poke|p1|Koraidon|\n|poke|p1|Miraidon|\n|poke|p1|Flutter Mane|\n|poke|p1|Arceus|\n|poke|p1|Chien-Pao|\n|poke|p1|Regieleki|\n|poke|p2|Skeledirge, M|\n|poke|p2|Ting-Lu|\n|poke|p2|Eternatus|\n|poke|p2|Mewtwo|\n|poke|p2|Ogerpon-Wellspring, F|\n|poke|p2|Corviknight, M|\n|teampreview\n|j|*Lady Monita \u2746\n|inactive|happysh also wants the timer to be on.\n|\n|t:|1700203785\n|start\n|switch|p1a: Chien-Pao|Chien-Pao|100\/100\n|switch|p2a: Corviknight|Corviknight, M|100\/100\n|-ability|p1a: Chien-Pao|Sword of Ruin\n|-ability|p2a: Corviknight|Pressure\n|turn|1\n|\n|t:|1700203793\n|move|p1a: Chien-Pao|Crunch|p2a: Corviknight\n|-damage|p2a: Corviknight|67\/100\n|move|p2a: Corviknight|U-turn|p1a: Chien-Pao\n|-resisted|p1a: Chien-Pao\n|-damage|p1a: Chien-Pao|91\/100\n|\n|t:|1700203797\n|switch|p2a: Mewtwo|Mewtwo|100\/100|[from] U-turn\n|-ability|p2a: Mewtwo|Pressure\n|\n|upkeep\n|turn|2\n|\n|t:|1700203803\n|move|p2a: Mewtwo|Psystrike|p1a: Chien-Pao\n|-supereffective|p1a: Chien-Pao\n|-damage|p1a: Chien-Pao|0 fnt\n|faint|p1a: Chien-Pao\n|\n|upkeep\n|\n|t:|1700203808\n|switch|p1a: Koraidon|Koraidon|100\/100\n|-weather|SunnyDay|[from] ability: Orichalcum Pulse|[of] p1a: Koraidon\n|-activate|p1a: Koraidon|Orichalcum Pulse|[source]\n|turn|3\n|\n|t:|1700203812\n|switch|p2a: Corviknight|Corviknight, M|67\/100\n|-ability|p2a: Corviknight|Pressure\n|move|p1a: Koraidon|Flame Charge|p2a: Corviknight\n|-resisted|p2a: Corviknight\n|-damage|p2a: Corviknight|57\/100\n|-boost|p1a: Koraidon|spe|1\n|\n|-weather|SunnyDay|[upkeep]\n|-heal|p2a: Corviknight|63\/100|[from] item: Leftovers\n|upkeep\n|turn|4\n|\n|t:|1700203821\n|move|p1a: Koraidon|Swords Dance|p1a: Koraidon\n|-boost|p1a: Koraidon|atk|2\n|move|p2a: Corviknight|Roost|p2a: Corviknight\n|-heal|p2a: Corviknight|100\/100\n|-singleturn|p2a: Corviknight|move: Roost\n|\n|-weather|SunnyDay|[upkeep]\n|upkeep\n|turn|5\n|\n|t:|1700203829\n|move|p1a: Koraidon|Collision Course|p2a: Corviknight\n|-damage|p2a: Corviknight|12\/100\n|move|p2a: Corviknight|U-turn|p1a: Koraidon\n|-supereffective|p1a: Koraidon\n|-damage|p1a: Koraidon|75\/100\n|\n|t:|1700203843\n|switch|p2a: Ting-Lu|Ting-Lu|100\/100|[from] U-turn\n|-ability|p2a: Ting-Lu|Vessel of Ruin\n|\n|-weather|SunnyDay|[upkeep]\n|upkeep\n|turn|6\n|\n|t:|1700203847\n|-terastallize|p1a: Koraidon|Fire\n|move|p1a: Koraidon|Flare Blitz|p2a: Ting-Lu\n|-damage|p2a: Ting-Lu|0 fnt\n|faint|p2a: Ting-Lu\n|-damage|p1a: Koraidon|25\/100|[from] Recoil\n|\n|-weather|SunnyDay|[upkeep]\n|upkeep\n|j| starfire77\n|\n|t:|1700203855\n|switch|p2a: Eternatus|Eternatus|100\/100\n|-ability|p2a: Eternatus|Pressure\n|turn|7\n|\n|t:|1700203860\n|switch|p2a: Ogerpon|Ogerpon-Wellspring, F|100\/100\n|move|p1a: Koraidon|Collision Course|p2a: Ogerpon\n|-damage|p2a: Ogerpon|0 fnt\n|faint|p2a: Ogerpon\n|\n|-weather|none\n|upkeep\n|\n|t:|1700203865\n|switch|p2a: Skeledirge|Skeledirge, M|100\/100\n|turn|8\n|\n|t:|1700203872\n|-terastallize|p2a: Skeledirge|Water\n|move|p1a: Koraidon|Collision Course|p2a: Skeledirge\n|-damage|p2a: Skeledirge|66\/100\n|move|p2a: Skeledirge|Torch Song|p1a: Koraidon\n|-supereffective|p1a: Koraidon\n|-damage|p1a: Koraidon|0 fnt\n|-boost|p2a: Skeledirge|spa|1\n|faint|p1a: Koraidon\n|\n|upkeep\n|\n|t:|1700203892\n|switch|p1a: Flutter Mane|Flutter Mane|100\/100\n|turn|9\n|\n|t:|1700203896\n|switch|p2a: Corviknight|Corviknight, M|12\/100\n|-ability|p2a: Corviknight|Pressure\n|move|p1a: Flutter Mane|Mystical Fire|p2a: Corviknight\n|-resisted|p2a: Corviknight\n|-damage|p2a: Corviknight|0 fnt\n|faint|p2a: Corviknight\n|\n|upkeep\n|\n|t:|1700203900\n|switch|p2a: Mewtwo|Mewtwo|100\/100\n|-ability|p2a: Mewtwo|Pressure\n|turn|10\n|\n|t:|1700203913\n|move|p2a: Mewtwo|Psystrike|p1a: Flutter Mane\n|-crit|p1a: Flutter Mane\n|-enditem|p1a: Flutter Mane|Focus Sash\n|-damage|p1a: Flutter Mane|1\/100\n|move|p1a: Flutter Mane|Psyshock|p2a: Mewtwo\n|-supereffective|p2a: Mewtwo\n|-damage|p2a: Mewtwo|42\/100\n|\n|upkeep\n|turn|11\n|\n|t:|1700203920\n|move|p2a: Mewtwo|Psystrike|p1a: Flutter Mane\n|-damage|p1a: Flutter Mane|0 fnt\n|faint|p1a: Flutter Mane\n|-end|p1a: Flutter Mane|Protosynthesis|[silent]\n|\n|upkeep\n|\n|t:|1700203944\n|switch|p1a: Arceus|Arceus|100\/100\n|turn|12\n|\n|t:|1700203950\n|switch|p2a: Eternatus|Eternatus|100\/100\n|-ability|p2a: Eternatus|Pressure\n|move|p1a: Arceus|Swords Dance|p1a: Arceus\n|-boost|p1a: Arceus|atk|2\n|\n|upkeep\n|turn|13\n|\n|t:|1700203955\n|move|p1a: Arceus|Extreme Speed|p2a: Eternatus\n|-damage|p2a: Eternatus|30\/100\n|-damage|p1a: Arceus|91\/100|[from] item: Life Orb\n|move|p2a: Eternatus|Toxic|p1a: Arceus\n|-status|p1a: Arceus|tox\n|\n|-heal|p2a: Eternatus|36\/100|[from] item: Leftovers\n|-damage|p1a: Arceus|84\/100 tox|[from] psn\n|upkeep\n|turn|14\n|\n|t:|1700203958\n|move|p1a: Arceus|Extreme Speed|p2a: Eternatus\n|-damage|p2a: Eternatus|0 fnt\n|faint|p2a: Eternatus\n|-damage|p1a: Arceus|75\/100 tox|[from] item: Life Orb\n|\n|-damage|p1a: Arceus|62\/100 tox|[from] psn\n|upkeep\n|\n|t:|1700203960\n|switch|p2a: Skeledirge|Skeledirge, M, tera:Water|66\/100\n|turn|15\n|\n|t:|1700203969\n|move|p1a: Arceus|Extreme Speed|p2a: Skeledirge\n|-damage|p2a: Skeledirge|36\/100\n|-damage|p1a: Arceus|52\/100 tox|[from] item: Life Orb\n|move|p2a: Skeledirge|Slack Off|p2a: Skeledirge\n|-heal|p2a: Skeledirge|86\/100\n|\n|-damage|p1a: Arceus|34\/100 tox|[from] psn\n|upkeep\n|turn|16\n|\n|t:|1700203986\n|move|p1a: Arceus|Recover|p1a: Arceus\n|-heal|p1a: Arceus|84\/100 tox\n|move|p2a: Skeledirge|Torch Song|p1a: Arceus\n|-damage|p1a: Arceus|62\/100 tox\n|-boost|p2a: Skeledirge|spa|1\n|\n|-damage|p1a: Arceus|38\/100 tox|[from] psn\n|upkeep\n|turn|17\n|\n|t:|1700203993\n|switch|p1a: Regieleki|Regieleki|100\/100\n|move|p2a: Skeledirge|Slack Off|p2a: Skeledirge\n|-heal|p2a: Skeledirge|100\/100\n|\n|upkeep\n|turn|18\n|\n|t:|1700203999\n|move|p1a: Regieleki|Explosion|p2a: Skeledirge\n|-damage|p2a: Skeledirge|59\/100\n|faint|p1a: Regieleki\n|move|p2a: Skeledirge|Torch Song|p1: Regieleki|[notarget]\n|-fail|p2a: Skeledirge\n|\n|upkeep\n|\n|t:|1700204006\n|switch|p1a: Miraidon|Miraidon|100\/100\n|-fieldstart|move: Electric Terrain|[from] ability: Hadron Engine|[of] p1a: Miraidon\n|turn|19\n|\n|t:|1700204015\n|move|p1a: Miraidon|Dragon Pulse|p2a: Skeledirge\n|-damage|p2a: Skeledirge|0 fnt\n|faint|p2a: Skeledirge\n|\n|upkeep\n|\n|t:|1700204018\n|switch|p2a: Mewtwo|Mewtwo|42\/100\n|-ability|p2a: Mewtwo|Pressure\n|turn|20\n|\n|t:|1700204027\n|move|p2a: Mewtwo|Grass Knot|p1a: Miraidon\n|-supereffective|p1a: Miraidon\n|-damage|p1a: Miraidon|31\/100\n|move|p1a: Miraidon|Dragon Pulse|p2a: Mewtwo\n|-damage|p2a: Mewtwo|0 fnt\n|faint|p2a: Mewtwo\n|\n|win|RUMYMOME\n|n|\u2606RUMYMOME|rumymome\n|n|\u2606happysh|happysh\n|n|*Lady Monita \u2746|ladymonita\n|n| starfire77|starfire77\n|l|*Lady Monita \u2746\n|l|\u2606happysh\n|l| starfire77\n","uploadtime":1700204320,"views":6,"p1id":"rumymome","p2id":"happysh","formatid":"gen9ubers","rating":0,"private":0,"password":""}