{"id":"gen9ubers-1978946863","p1":"XpokVEVO","p2":"PinkScourge","format":"[Gen 9] Ubers","log":"|j|\u2606XpokVEVO\n|j|\u2606PinkScourge\n|t:|1698613336\n|gametype|singles\n|player|p1|XpokVEVO|rika|\n|player|p2|PinkScourge|bede-leader|\n|teamsize|p1|6\n|teamsize|p2|6\n|gen|9\n|tier|[Gen 9] Ubers\n|rule|Sleep Clause Mod: Limit one foe put to sleep\n|rule|Species Clause: Limit one of each Pok\u00e9mon\n|rule|OHKO Clause: OHKO moves are banned\n|rule|Evasion Items Clause: Evasion items are banned\n|rule|Evasion Moves Clause: Evasion moves are banned\n|rule|Endless Battle Clause: Forcing endless battles is banned\n|rule|HP Percentage Mod: HP is shown in percentages\n|clearpoke\n|poke|p1|Ursaluna, F|\n|poke|p1|Magearna|\n|poke|p1|Dialga|\n|poke|p1|Glastrier|\n|poke|p1|Hoopa-Unbound|\n|poke|p1|Hatterene, F|\n|poke|p2|Indeedee-F, F|\n|poke|p2|Arceus-Psychic|\n|poke|p2|Palkia|\n|poke|p2|Alomomola, M|\n|poke|p2|Mandibuzz, F|\n|poke|p2|Slowking-Galar, F|\n|teampreview\n|inactive|Battle timer is ON: inactive players will automatically lose when time's up. (requested by PinkScourge)\n|\n|t:|1698613343\n|start\n|switch|p1a: Hoopa|Hoopa-Unbound|100\/100\n|switch|p2a: Slowking|Slowking-Galar, F|100\/100\n|turn|1\n|\n|t:|1698613352\n|switch|p2a: Mandibuzz|Mandibuzz, F|100\/100\n|move|p1a: Hoopa|Hyperspace Fury|p2a: Mandibuzz\n|-resisted|p2a: Mandibuzz\n|-damage|p2a: Mandibuzz|68\/100\n|-unboost|p1a: Hoopa|def|1\n|-damage|p1a: Hoopa|91\/100|[from] item: Life Orb\n|\n|upkeep\n|turn|2\n|\n|t:|1698613358\n|switch|p1a: Magearna|Magearna|100\/100\n|move|p2a: Mandibuzz|Roost|p2a: Mandibuzz\n|-heal|p2a: Mandibuzz|100\/100\n|-singleturn|p2a: Mandibuzz|move: Roost\n|\n|upkeep\n|turn|3\n|\n|t:|1698613365\n|switch|p2a: Slowking|Slowking-Galar, F|100\/100\n|move|p1a: Magearna|Trick Room|p1a: Magearna\n|-fieldstart|move: Trick Room|[of] p1a: Magearna\n|\n|upkeep\n|turn|4\n|\n|t:|1698613370\n|move|p1a: Magearna|Flash Cannon|p2a: Slowking\n|-damage|p2a: Slowking|72\/100\n|move|p2a: Slowking|Trick Room|p2a: Slowking\n|-fieldend|move: Trick Room\n|\n|upkeep\n|turn|5\n|\n|t:|1698613373\n|move|p1a: Magearna|Flash Cannon|p2a: Slowking\n|-damage|p2a: Slowking|43\/100\n|move|p2a: Slowking|Future Sight|p1a: Magearna\n|-start|p2a: Slowking|move: Future Sight\n|\n|upkeep\n|turn|6\n|\n|t:|1698613377\n|move|p2a: Slowking|Chilly Reception|p2a: Slowking\n|-weather|Snow\n|\n|t:|1698613380\n|switch|p2a: Indeedee|Indeedee-F, F|100\/100|[from] Chilly Reception\n|-fieldstart|move: Psychic Terrain|[from] ability: Psychic Surge|[of] p2a: Indeedee\n|move|p1a: Magearna|Trick Room|p1a: Magearna\n|-fieldstart|move: Trick Room|[of] p1a: Magearna\n|\n|-weather|Snow|[upkeep]\n|upkeep\n|turn|7\n|\n|t:|1698613391\n|switch|p1a: Hoopa|Hoopa-Unbound|91\/100\n|move|p2a: Indeedee|Dazzling Gleam|p1a: Hoopa\n|-supereffective|p1a: Hoopa\n|-damage|p1a: Hoopa|57\/100\n|\n|-weather|Snow|[upkeep]\n|-end|p1a: Hoopa|move: Future Sight\n|-immune|p1a: Hoopa\n|upkeep\n|turn|8\n|c|\u2606XpokVEVO|goddamn it\n|c|\u2606XpokVEVO|nice predict\n|\n|t:|1698613404\n|switch|p1a: Magearna|Magearna|100\/100\n|switch|p2a: Mandibuzz|Mandibuzz, F|100\/100\n|\n|-weather|Snow|[upkeep]\n|upkeep\n|turn|9\n|\n|t:|1698613408\n|switch|p2a: Slowking|Slowking-Galar, F|76\/100\n|move|p1a: Magearna|Fleur Cannon|p2a: Slowking\n|-resisted|p2a: Slowking\n|-damage|p2a: Slowking|54\/100\n|-unboost|p1a: Magearna|spa|2\n|\n|-weather|Snow|[upkeep]\n|upkeep\n|turn|10\n|c|\u2606XpokVEVO|msisclick\n|\n|t:|1698613413\n|move|p2a: Slowking|Future Sight|p1a: Magearna\n|-start|p2a: Slowking|move: Future Sight\n|move|p1a: Magearna|Flash Cannon|p2a: Slowking\n|-crit|p2a: Slowking\n|-damage|p2a: Slowking|14\/100\n|\n|-weather|none\n|-fieldend|move: Trick Room\n|upkeep\n|turn|11\n|c|\u2606XpokVEVO|oh well i guess it didnt matter\n|\n|t:|1698613426\n|switch|p2a: Alomomola|Alomomola, M|100\/100\n|move|p1a: Magearna|Trick Room|p1a: Magearna\n|-fieldstart|move: Trick Room|[of] p1a: Magearna\n|\n|upkeep\n|turn|12\n|\n|t:|1698613433\n|switch|p1a: Hoopa|Hoopa-Unbound|57\/100\n|move|p2a: Alomomola|Mirror Coat||[still]\n|-fail|p2a: Alomomola\n|\n|-end|p1a: Hoopa|move: Future Sight\n|-immune|p1a: Hoopa\n|upkeep\n|turn|13\n|\n|t:|1698613442\n|switch|p2a: Mandibuzz|Mandibuzz, F|100\/100\n|move|p1a: Hoopa|Hyperspace Fury|p2a: Mandibuzz\n|-resisted|p2a: Mandibuzz\n|-damage|p2a: Mandibuzz|65\/100\n|-unboost|p1a: Hoopa|def|1\n|-damage|p1a: Hoopa|48\/100|[from] item: Life Orb\n|\n|-fieldend|move: Psychic Terrain\n|upkeep\n|turn|14\n|\n|t:|1698613449\n|move|p2a: Mandibuzz|Roost|p2a: Mandibuzz\n|-heal|p2a: Mandibuzz|100\/100\n|-singleturn|p2a: Mandibuzz|move: Roost\n|move|p1a: Hoopa|Hyperspace Fury|p2a: Mandibuzz\n|-resisted|p2a: Mandibuzz\n|-damage|p2a: Mandibuzz|68\/100\n|-unboost|p1a: Hoopa|def|1\n|-damage|p1a: Hoopa|38\/100|[from] item: Life Orb\n|\n|upkeep\n|turn|15\n|\n|t:|1698613454\n|switch|p1a: Hatterene|Hatterene, F, shiny|100\/100\n|move|p2a: Mandibuzz|U-turn|p1a: Hatterene\n|-damage|p1a: Hatterene|87\/100\n|\n|t:|1698613459\n|switch|p2a: Palkia|Palkia|100\/100|[from] U-turn\n|-ability|p2a: Palkia|Pressure\n|\n|-fieldend|move: Trick Room\n|upkeep\n|turn|16\n|c|\u2606XpokVEVO|your reads are on point\n|\n|t:|1698613464\n|-terastallize|p2a: Palkia|Water\n|move|p2a: Palkia|Surf|p1a: Hatterene\n|-damage|p1a: Hatterene|0 fnt\n|faint|p1a: Hatterene\n|\n|upkeep\n|\n|t:|1698613467\n|switch|p1a: Dialga|Dialga, shiny|100\/100\n|-ability|p1a: Dialga|Pressure\n|turn|17\n|\n|t:|1698613475\n|switch|p2a: Alomomola|Alomomola, M|100\/100\n|move|p1a: Dialga|Trick Room|p1a: Dialga\n|-fieldstart|move: Trick Room|[of] p1a: Dialga\n|\n|upkeep\n|turn|18\n|\n|t:|1698613482\n|move|p2a: Alomomola|Wish|p2a: Alomomola\n|move|p1a: Dialga|Flash Cannon|p2a: Alomomola\n|-resisted|p2a: Alomomola\n|-damage|p2a: Alomomola|80\/100\n|\n|upkeep\n|turn|19\n|\n|t:|1698613488\n|move|p2a: Alomomola|Flip Turn|p1a: Dialga\n|-resisted|p1a: Dialga\n|-damage|p1a: Dialga|95\/100\n|\n|t:|1698613495\n|switch|p2a: Slowking|Slowking-Galar, F|47\/100|[from] Flip Turn\n|move|p1a: Dialga|Roar|p2a: Slowking\n|drag|p2a: Palkia|Palkia, tera:Water|100\/100\n|-ability|p2a: Palkia|Pressure\n|\n|upkeep\n|turn|20\n|c|\u2606XpokVEVO|damn\n|\n|t:|1698613504\n|switch|p2a: Slowking|Slowking-Galar, F|80\/100\n|move|p1a: Dialga|Draco Meteor|p2a: Slowking\n|-damage|p2a: Slowking|32\/100\n|-unboost|p1a: Dialga|spa|2\n|-enditem|p1a: Dialga|Eject Pack\n|\n|t:|1698613508\n|switch|p1a: Ursaluna|Ursaluna, F, shiny|100\/100\n|\n|-status|p1a: Ursaluna|brn|[from] item: Flame Orb\n|upkeep\n|turn|21\n|\n|t:|1698613526\n|switch|p2a: Alomomola|Alomomola, M|100\/100\n|move|p1a: Ursaluna|Facade|p2a: Alomomola\n|-damage|p2a: Alomomola|26\/100\n|-damage|p1a: Ursaluna|84\/100 brn|[from] item: Rocky Helmet|[of] p2a: Alomomola\n|\n|-damage|p1a: Ursaluna|78\/100 brn|[from] brn\n|-fieldend|move: Trick Room\n|upkeep\n|turn|22\n|\n|t:|1698613542\n|move|p2a: Alomomola|Flip Turn|p1a: Ursaluna\n|-supereffective|p1a: Ursaluna\n|-damage|p1a: Ursaluna|53\/100 brn\n|c|\u2606XpokVEVO|re i have one last tweak for this team\n|c|\u2606XpokVEVO|that i meant to put in place\n|c|\u2606XpokVEVO|some time ago\n|\n|t:|1698613555\n|switch|p2a: Mandibuzz|Mandibuzz, F|68\/100|[from] Flip Turn\n|move|p1a: Ursaluna|Facade|p2a: Mandibuzz\n|-damage|p2a: Mandibuzz|0 fnt\n|faint|p2a: Mandibuzz\n|\n|-damage|p1a: Ursaluna|47\/100 brn|[from] brn\n|upkeep\n|\n|t:|1698613563\n|switch|p2a: Palkia|Palkia, tera:Water|100\/100\n|-ability|p2a: Palkia|Pressure\n|turn|23\n|\n|t:|1698613567\n|switch|p1a: Hoopa|Hoopa-Unbound|38\/100\n|move|p2a: Palkia|Surf|p1a: Hoopa\n|-damage|p1a: Hoopa|0 fnt\n|faint|p1a: Hoopa\n|\n|upkeep\n|\n|t:|1698613569\n|switch|p1a: Dialga|Dialga, shiny|95\/100\n|-ability|p1a: Dialga|Pressure\n|turn|24\n|\n|t:|1698613577\n|switch|p2a: Slowking|Slowking-Galar, F|65\/100\n|move|p1a: Dialga|Trick Room|p1a: Dialga\n|-fieldstart|move: Trick Room|[of] p1a: Dialga\n|\n|upkeep\n|turn|25\n|\n|t:|1698613582\n|switch|p1a: Ursaluna|Ursaluna, F, shiny|47\/100 brn\n|move|p2a: Slowking|Future Sight|p1a: Ursaluna\n|-start|p2a: Slowking|move: Future Sight\n|\n|-damage|p1a: Ursaluna|41\/100 brn|[from] brn\n|upkeep\n|turn|26\n|c|\u2606XpokVEVO|wait\n|c|\u2606XpokVEVO|wtf\n|c|\u2606PinkScourge|If you stay, you die\n|\n|t:|1698613604\n|switch|p2a: Indeedee|Indeedee-F, F|100\/100\n|-fieldstart|move: Psychic Terrain|[from] ability: Psychic Surge|[of] p2a: Indeedee\n|move|p1a: Ursaluna|Facade|p2a: Indeedee\n|-damage|p2a: Indeedee|0 fnt\n|faint|p2a: Indeedee\n|\n|-damage|p1a: Ursaluna|34\/100 brn|[from] brn\n|upkeep\n|c|\u2606XpokVEVO|yeah this things tera\n|c|\u2606XpokVEVO|should be normal\n|\n|t:|1698613618\n|switch|p2a: Alomomola|Alomomola, M|60\/100\n|turn|27\n|c|\u2606XpokVEVO|its normal on the tbuilder\n|c|\u2606XpokVEVO|so idk why its still ghost\n|c|\u2606PinkScourge|FS is about to hit you hard AF\n|inactive|PinkScourge has 270 seconds left.\n|c|\u2606XpokVEVO|nuh uh\n|c|\u2606XpokVEVO|i have fodder\n|c|\u2606XpokVEVO|for it to eat up\n|\n|t:|1698613639\n|switch|p1a: Glastrier|Glastrier|100\/100\n|move|p2a: Alomomola|Flip Turn|p1a: Glastrier\n|-damage|p1a: Glastrier|90\/100\n|\n|t:|1698613645\n|switch|p2a: Palkia|Palkia, tera:Water|100\/100|[from] Flip Turn\n|-ability|p2a: Palkia|Pressure\n|\n|-end|p1a: Glastrier|move: Future Sight\n|-damage|p1a: Glastrier|44\/100\n|upkeep\n|turn|28\n|c|\u2606XpokVEVO|goodbye glastrier...you are truly worthless\n|inactive|PinkScourge has 270 seconds left.\n|\n|t:|1698613655\n|move|p1a: Glastrier|High Horsepower|p2a: Palkia\n|-damage|p2a: Palkia|58\/100\n|-damage|p1a: Glastrier|34\/100|[from] item: Life Orb\n|move|p2a: Palkia|Surf|p1a: Glastrier\n|-damage|p1a: Glastrier|0 fnt\n|faint|p1a: Glastrier\n|\n|-fieldend|move: Trick Room\n|upkeep\n|c|\u2606XpokVEVO|oh\n|c|\u2606XpokVEVO|maybe not so much\n|\n|t:|1698613663\n|switch|p1a: Dialga|Dialga, shiny|95\/100\n|-ability|p1a: Dialga|Pressure\n|turn|29\n|\n|t:|1698613669\n|switch|p2a: Arceus|Arceus-Psychic|100\/100\n|move|p1a: Dialga|Draco Meteor|p2a: Arceus\n|-damage|p2a: Arceus|50\/100\n|-unboost|p1a: Dialga|spa|2\n|\n|upkeep\n|turn|30\n|\n|t:|1698613676\n|move|p2a: Arceus|Future Sight|p1a: Dialga\n|-start|p2a: Arceus|move: Future Sight\n|move|p1a: Dialga|Roar|p2a: Arceus\n|drag|p2a: Palkia|Palkia, tera:Water|58\/100\n|-ability|p2a: Palkia|Pressure\n|\n|upkeep\n|turn|31\n|c|\u2606XpokVEVO|misclick\n|c|\u2606XpokVEVO|i love this game\n|\n|t:|1698613684\n|move|p2a: Palkia|Spacial Rend|p1a: Dialga\n|-damage|p1a: Dialga|30\/100\n|move|p1a: Dialga|Trick Room|p1a: Dialga\n|-fieldstart|move: Trick Room|[of] p1a: Dialga\n|\n|upkeep\n|turn|32\n|\n|t:|1698613688\n|move|p1a: Dialga|Draco Meteor|p2a: Palkia\n|-damage|p2a: Palkia|23\/100\n|-unboost|p1a: Dialga|spa|2\n|move|p2a: Palkia|Trick Room|p2a: Palkia\n|-fieldend|move: Trick Room\n|\n|-end|p1a: Dialga|move: Future Sight\n|-resisted|p1a: Dialga\n|-damage|p1a: Dialga|0 fnt\n|faint|p1a: Dialga\n|upkeep\n|\n|t:|1698613695\n|switch|p1a: Magearna|Magearna|100\/100\n|turn|33\n|\n|t:|1698613701\n|switch|p2a: Slowking|Slowking-Galar, F|98\/100\n|move|p1a: Magearna|Trick Room|p1a: Magearna\n|-fieldstart|move: Trick Room|[of] p1a: Magearna\n|\n|-fieldend|move: Psychic Terrain\n|upkeep\n|turn|34\n|\n|t:|1698613707\n|move|p2a: Slowking|Future Sight|p1a: Magearna\n|-start|p2a: Slowking|move: Future Sight\n|move|p1a: Magearna|Flash Cannon|p2a: Slowking\n|-damage|p2a: Slowking|72\/100\n|\n|upkeep\n|turn|35\n|\n|t:|1698613712\n|move|p2a: Slowking|Trick Room|p2a: Slowking\n|-fieldend|move: Trick Room\n|move|p1a: Magearna|Trick Room|p1a: Magearna\n|-fieldstart|move: Trick Room|[of] p1a: Magearna\n|\n|upkeep\n|turn|36\n|\n|t:|1698613717\n|move|p2a: Slowking|Chilly Reception|p2a: Slowking\n|-weather|Snow\n|\n|t:|1698613720\n|switch|p2a: Alomomola|Alomomola, M|93\/100|[from] Chilly Reception\n|move|p1a: Magearna|Flash Cannon|p2a: Alomomola\n|-resisted|p2a: Alomomola\n|-damage|p2a: Alomomola|72\/100\n|\n|-weather|Snow|[upkeep]\n|-end|p1a: Magearna|move: Future Sight\n|-resisted|p1a: Magearna\n|-damage|p1a: Magearna|80\/100\n|-heal|p1a: Magearna|86\/100|[from] item: Leftovers\n|upkeep\n|turn|37\n|\n|t:|1698613733\n|move|p1a: Magearna|Flash Cannon|p2a: Alomomola\n|-resisted|p2a: Alomomola\n|-damage|p2a: Alomomola|52\/100\n|move|p2a: Alomomola|Wish|p2a: Alomomola\n|\n|-weather|Snow|[upkeep]\n|-heal|p1a: Magearna|92\/100|[from] item: Leftovers\n|upkeep\n|turn|38\n|\n|t:|1698613741\n|switch|p2a: Arceus|Arceus-Psychic|50\/100\n|move|p1a: Magearna|Trick Room|p1a: Magearna\n|-fieldend|move: Trick Room\n|\n|-weather|Snow|[upkeep]\n|-heal|p2a: Arceus|100\/100|[from] move: Wish|[wisher] Alomomola\n|-heal|p1a: Magearna|98\/100|[from] item: Leftovers\n|upkeep\n|turn|39\n|\n|t:|1698613748\n|move|p2a: Arceus|Future Sight|p1a: Magearna\n|-start|p2a: Arceus|move: Future Sight\n|move|p1a: Magearna|Flash Cannon|p2a: Arceus\n|-damage|p2a: Arceus|73\/100\n|\n|-weather|Snow|[upkeep]\n|-heal|p1a: Magearna|100\/100|[from] item: Leftovers\n|upkeep\n|turn|40\n|\n|t:|1698613755\n|switch|p2a: Slowking|Slowking-Galar, F|100\/100\n|move|p1a: Magearna|Trick Room|p1a: Magearna\n|-fieldstart|move: Trick Room|[of] p1a: Magearna\n|\n|-weather|none\n|upkeep\n|turn|41\n|\n|t:|1698613761\n|move|p1a: Magearna|Flash Cannon|p2a: Slowking\n|-damage|p2a: Slowking|72\/100\n|move|p2a: Slowking|Trick Room|p2a: Slowking\n|-fieldend|move: Trick Room\n|\n|-end|p1a: Magearna|move: Future Sight\n|-resisted|p1a: Magearna\n|-damage|p1a: Magearna|74\/100\n|-heal|p1a: Magearna|80\/100|[from] item: Leftovers\n|upkeep\n|turn|42\n|\n|t:|1698613768\n|move|p1a: Magearna|Energy Ball|p2a: Slowking\n|-resisted|p2a: Slowking\n|-damage|p2a: Slowking|61\/100\n|move|p2a: Slowking|Future Sight|p1a: Magearna\n|-start|p2a: Slowking|move: Future Sight\n|\n|-heal|p1a: Magearna|86\/100|[from] item: Leftovers\n|upkeep\n|turn|43\n|\n|t:|1698613774\n|move|p1a: Magearna|Trick Room|p1a: Magearna\n|-fieldstart|move: Trick Room|[of] p1a: Magearna\n|move|p2a: Slowking|Trick Room|p2a: Slowking\n|-fieldend|move: Trick Room\n|\n|-heal|p1a: Magearna|92\/100|[from] item: Leftovers\n|upkeep\n|turn|44\n|c|\u2606XpokVEVO|my poor poor magearna when the pp stall team comes in\n|\n|t:|1698613786\n|move|p1a: Magearna|Flash Cannon|p2a: Slowking\n|-damage|p2a: Slowking|32\/100\n|move|p2a: Slowking|Chilly Reception|p2a: Slowking\n|-weather|Snow\n|\n|t:|1698613791\n|switch|p2a: Alomomola|Alomomola, M|85\/100|[from] Chilly Reception\n|\n|-weather|Snow|[upkeep]\n|-end|p1a: Magearna|move: Future Sight\n|-resisted|p1a: Magearna\n|-damage|p1a: Magearna|72\/100\n|-heal|p1a: Magearna|79\/100|[from] item: Leftovers\n|upkeep\n|turn|45\n|\n|t:|1698613796\n|move|p2a: Alomomola|Wish|p2a: Alomomola\n|move|p1a: Magearna|Energy Ball|p2a: Alomomola\n|-supereffective|p2a: Alomomola\n|-damage|p2a: Alomomola|24\/100\n|\n|-weather|Snow|[upkeep]\n|-heal|p1a: Magearna|85\/100|[from] item: Leftovers\n|upkeep\n|turn|46\n|\n|t:|1698613804\n|switch|p2a: Arceus|Arceus-Psychic|73\/100\n|move|p1a: Magearna|Flash Cannon|p2a: Arceus\n|-damage|p2a: Arceus|43\/100\n|\n|-weather|Snow|[upkeep]\n|-heal|p2a: Arceus|97\/100|[from] move: Wish|[wisher] Alomomola\n|-heal|p1a: Magearna|91\/100|[from] item: Leftovers\n|upkeep\n|turn|47\n|\n|t:|1698613811\n|move|p2a: Arceus|Future Sight|p1a: Magearna\n|-start|p2a: Arceus|move: Future Sight\n|move|p1a: Magearna|Flash Cannon|p2a: Arceus\n|-damage|p2a: Arceus|65\/100\n|\n|-weather|Snow|[upkeep]\n|-heal|p1a: Magearna|97\/100|[from] item: Leftovers\n|upkeep\n|turn|48\n|\n|t:|1698613814\n|move|p2a: Arceus|Perish Song|p2a: Arceus\n|-start|p1a: Magearna|perish3|[silent]\n|-start|p2a: Arceus|perish3|[silent]\n|-fieldactivate|move: Perish Song\n|move|p1a: Magearna|Flash Cannon|p2a: Arceus\n|-damage|p2a: Arceus|33\/100\n|-unboost|p2a: Arceus|spd|1\n|\n|-weather|none\n|-heal|p1a: Magearna|100\/100|[from] item: Leftovers\n|-start|p2a: Arceus|perish3\n|-start|p1a: Magearna|perish3\n|upkeep\n|turn|49\n|\n|t:|1698613822\n|switch|p2a: Slowking|Slowking-Galar, F|66\/100\n|switch|p1a: Ursaluna|Ursaluna, F, shiny|34\/100 brn\n|\n|-end|p1a: Ursaluna|move: Future Sight\n|-damage|p1a: Ursaluna|0 fnt\n|faint|p1a: Ursaluna\n|upkeep\n|\n|t:|1698613824\n|switch|p1a: Magearna|Magearna|100\/100\n|turn|50\n|c|\u2606PinkScourge|Boom\n|\n|t:|1698613832\n|move|p1a: Magearna|Flash Cannon|p2a: Slowking\n|-crit|p2a: Slowking\n|-damage|p2a: Slowking|27\/100\n|move|p2a: Slowking|Chilly Reception|p2a: Slowking\n|-weather|Snow\n|\n|t:|1698613837\n|switch|p2a: Alomomola|Alomomola, M|57\/100|[from] Chilly Reception\n|\n|-weather|Snow|[upkeep]\n|upkeep\n|turn|51\n|\n|t:|1698613841\n|move|p2a: Alomomola|Protect|p2a: Alomomola\n|-singleturn|p2a: Alomomola|Protect\n|move|p1a: Magearna|Energy Ball|p2a: Alomomola\n|-activate|p2a: Alomomola|move: Protect\n|\n|-weather|Snow|[upkeep]\n|upkeep\n|turn|52\n|\n|t:|1698613849\n|switch|p2a: Slowking|Slowking-Galar, F|60\/100\n|move|p1a: Magearna|Flash Cannon|p2a: Slowking\n|-damage|p2a: Slowking|31\/100\n|\n|-weather|Snow|[upkeep]\n|upkeep\n|turn|53\n|c|\u2606XpokVEVO|magearna can win\n|c|\u2606XpokVEVO|i trust\n|c|\u2606XpokVEVO|kill range\n|c|\u2606XpokVEVO|please kill\n|\n|t:|1698613866\n|switch|p2a: Arceus|Arceus-Psychic|33\/100\n|move|p1a: Magearna|Energy Ball|p2a: Arceus\n|-damage|p2a: Arceus|9\/100\n|\n|-weather|Snow|[upkeep]\n|upkeep\n|turn|54\n|\n|t:|1698613873\n|move|p2a: Arceus|Perish Song|p2a: Arceus\n|-start|p1a: Magearna|perish3|[silent]\n|-start|p2a: Arceus|perish3|[silent]\n|-fieldactivate|move: Perish Song\n|move|p1a: Magearna|Flash Cannon|p2a: Arceus\n|-damage|p2a: Arceus|0 fnt\n|faint|p2a: Arceus\n|-ability|p1a: Magearna|Soul-Heart|boost\n|-boost|p1a: Magearna|spa|1\n|\n|-weather|none\n|-start|p1a: Magearna|perish3\n|upkeep\n|c|\u2606XpokVEVO|WAIT NO\n|c|\u2606PinkScourge|GG\n|c|\u2606XpokVEVO|ITS SO OVER\n|c|\u2606XpokVEVO|ITS SO OVE\n|c|\u2606XpokVEVO|RITS OS\n|\n|t:|1698613880\n|switch|p2a: Alomomola|Alomomola, M|91\/100\n|turn|55\n|c|\u2606XpokVEVO|i shouldve\n|c|\u2606XpokVEVO|fleur cannoned\n|c|\u2606XpokVEVO|or even\n|c|\u2606XpokVEVO|flash cannoned\n|c|\u2606XpokVEVO|its never been more magover\n|c|\u2606XpokVEVO|if i tera normaled\n|c|\u2606XpokVEVO|i wouldve won\n|c|\u2606XpokVEVO|i wouldve killed alomomaled\n|c|\u2606XpokVEVO|rematch\n|inactive|XpokVEVO has 270 seconds left.\n|c|\u2606PinkScourge|My Palkia has Fire Blast as well\n|c|\u2606XpokVEVO|one last re\n|\n|t:|1698613916\n|move|p2a: Alomomola|Protect|p2a: Alomomola\n|-singleturn|p2a: Alomomola|Protect\n|move|p1a: Magearna|Fleur Cannon|p2a: Alomomola\n|-activate|p2a: Alomomola|move: Protect\n|\n|-start|p1a: Magearna|perish2\n|upkeep\n|turn|56\n|\n|t:|1698613921\n|switch|p2a: Slowking|Slowking-Galar, F|64\/100\n|move|p1a: Magearna|Fleur Cannon|p2a: Slowking\n|-resisted|p2a: Slowking\n|-crit|p2a: Slowking\n|-damage|p2a: Slowking|15\/100\n|-unboost|p1a: Magearna|spa|2\n|\n|-start|p1a: Magearna|perish1\n|upkeep\n|turn|57\n|\n|t:|1698613928\n|switch|p2a: Alomomola|Alomomola, M|100\/100\n|move|p1a: Magearna|Flash Cannon|p2a: Alomomola\n|-resisted|p2a: Alomomola\n|-damage|p2a: Alomomola|87\/100\n|\n|-start|p1a: Magearna|perish0\n|upkeep\n|faint|p1a: Magearna\n|\n|win|PinkScourge\n|l|\u2606XpokVEVO\n","uploadtime":1698613952,"views":9,"p1id":"xpokvevo","p2id":"pinkscourge","formatid":"gen9ubers","rating":0,"private":0,"password":""}