{"id":"gen9ubers-1983418414","p1":"Connor10YT","p2":"LITLE0","format":"[Gen 9] Ubers","log":"|j|\u2606Connor10YT\n|j|\u2606LITLE0\n|t:|1699128056\n|gametype|singles\n|player|p1|Connor10YT|cynthia-gen4|1185\n|player|p2|LITLE0|brock|1238\n|teamsize|p1|6\n|teamsize|p2|6\n|gen|9\n|tier|[Gen 9] Ubers\n|rated|\n|rule|Sleep Clause Mod: Limit one foe put to sleep\n|rule|Species Clause: Limit one of each Pok\u00e9mon\n|rule|OHKO Clause: OHKO moves are banned\n|rule|Evasion Items Clause: Evasion items are banned\n|rule|Evasion Moves Clause: Evasion moves are banned\n|rule|Endless Battle Clause: Forcing endless battles is banned\n|rule|HP Percentage Mod: HP is shown in percentages\n|clearpoke\n|poke|p1|Calyrex-Ice|\n|poke|p1|Urshifu-*, M|\n|poke|p1|Magearna|\n|poke|p1|Palkia|\n|poke|p1|Slither Wing|\n|poke|p1|Ceruledge, F|\n|poke|p2|Blissey, F|\n|poke|p2|Dondozo, M|\n|poke|p2|Flutter Mane|\n|poke|p2|Koraidon|\n|poke|p2|Torkoal, M|\n|poke|p2|Kingambit, M|\n|teampreview\n|inactive|Battle timer is ON: inactive players will automatically lose when time's up. (requested by Connor10YT)\n|c|\u2606Connor10YT|Hello\n|c|\u2606Connor10YT|Glhd\n|c|\u2606Connor10YT|*glhf\n|c|\u2606LITLE0|hi u2\n|\n|t:|1699128078\n|start\n|switch|p1a: Magearna|Magearna|100\/100\n|switch|p2a: Torkoal|Torkoal, M|100\/100\n|-weather|SunnyDay|[from] ability: Drought|[of] p2a: Torkoal\n|turn|1\n|\n|t:|1699128092\n|switch|p1a: Ceruledge|Ceruledge, F|100\/100\n|move|p2a: Torkoal|Yawn|p1a: Ceruledge\n|-start|p1a: Ceruledge|move: Yawn|[of] p2a: Torkoal\n|\n|-weather|SunnyDay|[upkeep]\n|upkeep\n|turn|2\n|\n|t:|1699128101\n|switch|p1a: Palkia|Palkia|100\/100\n|-ability|p1a: Palkia|Pressure\n|move|p2a: Torkoal|Stealth Rock|p1a: Palkia\n|-sidestart|p1: Connor10YT|move: Stealth Rock\n|\n|-weather|SunnyDay|[upkeep]\n|upkeep\n|turn|3\n|\n|t:|1699128110\n|switch|p2a: Dondozo|Dondozo, M|100\/100\n|move|p1a: Palkia|Spacial Rend|p2a: Dondozo\n|-damage|p2a: Dondozo|37\/100\n|\n|-weather|SunnyDay|[upkeep]\n|-heal|p2a: Dondozo|43\/100|[from] item: Leftovers\n|upkeep\n|turn|4\n|\n|t:|1699128118\n|switch|p2a: Flutter Mane|Flutter Mane|100\/100\n|-activate|p2a: Flutter Mane|ability: Protosynthesis\n|-start|p2a: Flutter Mane|protosynthesisspe\n|move|p1a: Palkia|Trick Room|p1a: Palkia\n|-fieldstart|move: Trick Room|[of] p1a: Palkia\n|\n|-weather|SunnyDay|[upkeep]\n|upkeep\n|turn|5\n|\n|t:|1699128128\n|move|p1a: Palkia|Hydro Pump|p2a: Flutter Mane|[miss]\n|-miss|p1a: Palkia|p2a: Flutter Mane\n|move|p2a: Flutter Mane|Moonblast|p1a: Palkia\n|-supereffective|p1a: Palkia\n|-damage|p1a: Palkia|0 fnt\n|faint|p1a: Palkia\n|-damage|p2a: Flutter Mane|91\/100|[from] item: Life Orb\n|\n|-weather|SunnyDay|[upkeep]\n|upkeep\n|c|\u2606Connor10YT|Freekin hydro pump\n|\n|t:|1699128144\n|switch|p1a: Ceruledge|Ceruledge, F|100\/100\n|turn|6\n|c|\u2606LITLE0|you got robbed\n|\n|t:|1699128153\n|-end|p2a: Flutter Mane|Protosynthesis|[silent]\n|switch|p2a: Dondozo|Dondozo, M|43\/100\n|move|p1a: Ceruledge|Bitter Blade|p2a: Dondozo\n|-resisted|p2a: Dondozo\n|-damage|p2a: Dondozo|27\/100\n|\n|-weather|SunnyDay|[upkeep]\n|-heal|p2a: Dondozo|33\/100|[from] item: Leftovers\n|upkeep\n|turn|7\n|\n|t:|1699128158\n|move|p2a: Dondozo|Rest|p2a: Dondozo\n|-status|p2a: Dondozo|slp|[from] move: Rest\n|-heal|p2a: Dondozo|100\/100 slp|[silent]\n|move|p1a: Ceruledge|Poltergeist|p2a: Dondozo\n|-activate|p2a: Dondozo|move: Poltergeist|Leftovers\n|-damage|p2a: Dondozo|74\/100 slp\n|\n|-weather|SunnyDay|[upkeep]\n|-heal|p2a: Dondozo|80\/100 slp|[from] item: Leftovers\n|upkeep\n|turn|8\n|\n|t:|1699128167\n|cant|p2a: Dondozo|slp\n|move|p2a: Dondozo|Sleep Talk|p2a: Dondozo\n|move|p2a: Dondozo|Rest||[from]move: Sleep Talk|[still]\n|-fail|p2a: Dondozo\n|move|p1a: Ceruledge|Poltergeist|p2a: Dondozo|[miss]\n|-miss|p1a: Ceruledge|p2a: Dondozo\n|\n|-weather|none\n|-heal|p2a: Dondozo|87\/100 slp|[from] item: Leftovers\n|-fieldend|move: Trick Room\n|upkeep\n|turn|9\n|c|\u2606Connor10YT|Common\n|\n|t:|1699128182\n|move|p1a: Ceruledge|Will-O-Wisp||[still]\n|-fail|p1a: Ceruledge\n|cant|p2a: Dondozo|slp\n|move|p2a: Dondozo|Sleep Talk|p2a: Dondozo\n|move|p2a: Dondozo|Avalanche|p1a: Ceruledge|[from]move: Sleep Talk\n|-resisted|p1a: Ceruledge\n|-damage|p1a: Ceruledge|93\/100\n|\n|-heal|p2a: Dondozo|93\/100 slp|[from] item: Leftovers\n|upkeep\n|turn|10\n|\n|t:|1699128195\n|switch|p2a: Torkoal|Torkoal, M|100\/100\n|-weather|SunnyDay|[from] ability: Drought|[of] p2a: Torkoal\n|move|p1a: Ceruledge|Will-O-Wisp|p2a: Torkoal\n|-immune|p2a: Torkoal\n|\n|-weather|SunnyDay|[upkeep]\n|upkeep\n|turn|11\n|\n|t:|1699128201\n|move|p1a: Ceruledge|Poltergeist|p2a: Torkoal\n|-activate|p2a: Torkoal|move: Poltergeist|Heat Rock\n|-damage|p2a: Torkoal|67\/100\n|move|p2a: Torkoal|Yawn|p1a: Ceruledge\n|-start|p1a: Ceruledge|move: Yawn|[of] p2a: Torkoal\n|\n|-weather|SunnyDay|[upkeep]\n|upkeep\n|turn|12\n|\n|t:|1699128214\n|switch|p1a: Slither Wing|Slither Wing|100\/100\n|-damage|p1a: Slither Wing|88\/100|[from] Stealth Rock\n|-activate|p1a: Slither Wing|ability: Protosynthesis\n|-start|p1a: Slither Wing|protosynthesisatk\n|move|p2a: Torkoal|Lava Plume|p1a: Slither Wing\n|-supereffective|p1a: Slither Wing\n|-damage|p1a: Slither Wing|17\/100\n|-status|p1a: Slither Wing|brn\n|-enditem|p1a: Slither Wing|Eject Button\n|\n|t:|1699128229\n|-end|p1a: Slither Wing|Protosynthesis|[silent]\n|switch|p1a: Urshifu|Urshifu, M|100\/100\n|-damage|p1a: Urshifu|94\/100|[from] Stealth Rock\n|\n|-weather|SunnyDay|[upkeep]\n|upkeep\n|turn|13\n|\n|t:|1699128244\n|move|p1a: Urshifu|Wicked Blow|p2a: Torkoal\n|-crit|p2a: Torkoal\n|-damage|p2a: Torkoal|31\/100\n|move|p2a: Torkoal|Yawn|p1a: Urshifu\n|-start|p1a: Urshifu|move: Yawn|[of] p2a: Torkoal\n|\n|-weather|SunnyDay|[upkeep]\n|upkeep\n|turn|14\n|c|\u2606Connor10YT|There we go\n|\n|t:|1699128252\n|switch|p1a: Slither Wing|Slither Wing|17\/100 brn\n|-damage|p1a: Slither Wing|5\/100 brn|[from] Stealth Rock\n|-activate|p1a: Slither Wing|ability: Protosynthesis\n|-start|p1a: Slither Wing|protosynthesisatk\n|move|p2a: Torkoal|Yawn||[still]\n|-fail|p2a: Torkoal\n|\n|-weather|SunnyDay|[upkeep]\n|-damage|p1a: Slither Wing|0 fnt|[from] brn\n|faint|p1a: Slither Wing\n|-end|p1a: Slither Wing|Protosynthesis|[silent]\n|upkeep\n|l|\u2606Connor10YT\n|inactive|Connor10YT disconnected and has a minute to reconnect!\n|player|p1|\n|j|\u2606Connor10YT\n|inactive|Connor10YT reconnected and has 130 seconds left.\n|player|p1|Connor10YT|cynthia-gen4\n|\n|t:|1699128276\n|switch|p1a: Calyrex|Calyrex-Ice|100\/100\n|-ability|p1a: Calyrex|As One\n|-ability|p1a: Calyrex|Unnerve\n|turn|15\n|\n|t:|1699128287\n|move|p1a: Calyrex|Stomping Tantrum|p2a: Torkoal\n|-supereffective|p2a: Torkoal\n|-crit|p2a: Torkoal\n|-damage|p2a: Torkoal|0 fnt\n|faint|p2a: Torkoal\n|-ability|p1a: Calyrex|Chilling Neigh|boost\n|-boost|p1a: Calyrex|atk|1\n|\n|-weather|SunnyDay|[upkeep]\n|upkeep\n|\n|t:|1699128294\n|switch|p2a: Koraidon|Koraidon|100\/100\n|-activate|p2a: Koraidon|ability: Orichalcum Pulse\n|turn|16\n|c|\u2606Connor10YT|That crit didnt even matter\n|\n|t:|1699128308\n|switch|p2a: Dondozo|Dondozo, M|93\/100 slp\n|move|p1a: Calyrex|Trick Room|p1a: Calyrex\n|-fieldstart|move: Trick Room|[of] p1a: Calyrex\n|\n|-weather|SunnyDay|[upkeep]\n|-heal|p2a: Dondozo|99\/100 slp|[from] item: Leftovers\n|upkeep\n|turn|17\n|\n|t:|1699128316\n|-curestatus|p2a: Dondozo|slp|[msg]\n|move|p2a: Dondozo|Body Press|p1a: Calyrex\n|-damage|p1a: Calyrex|85\/100\n|move|p1a: Calyrex|Zen Headbutt|p2a: Dondozo\n|-damage|p2a: Dondozo|76\/100\n|\n|-weather|none\n|-heal|p2a: Dondozo|82\/100|[from] item: Leftovers\n|upkeep\n|turn|18\n|\n|t:|1699128327\n|move|p2a: Dondozo|Body Press|p1a: Calyrex\n|-damage|p1a: Calyrex|68\/100\n|move|p1a: Calyrex|Zen Headbutt|p2a: Dondozo|[miss]\n|-miss|p1a: Calyrex|p2a: Dondozo\n|\n|-heal|p2a: Dondozo|88\/100|[from] item: Leftovers\n|upkeep\n|turn|19\n|c|\u2606Connor10YT|Oh man\n|c|\u2606LITLE0|man your luck sucks\n|\n|t:|1699128342\n|move|p2a: Dondozo|Body Press|p1a: Calyrex\n|-damage|p1a: Calyrex|51\/100\n|move|p1a: Calyrex|Stomping Tantrum|p2a: Dondozo\n|-damage|p2a: Dondozo|58\/100\n|\n|-heal|p2a: Dondozo|64\/100|[from] item: Leftovers\n|upkeep\n|turn|20\n|c|\u2606Connor10YT|That actually what i wanted\n|\n|t:|1699128357\n|move|p2a: Dondozo|Rest|p2a: Dondozo\n|-status|p2a: Dondozo|slp|[from] move: Rest\n|-heal|p2a: Dondozo|100\/100 slp|[silent]\n|move|p1a: Calyrex|Zen Headbutt|p2a: Dondozo\n|-damage|p2a: Dondozo|78\/100 slp\n|\n|-heal|p2a: Dondozo|84\/100 slp|[from] item: Leftovers\n|-fieldend|move: Trick Room\n|upkeep\n|turn|21\n|c|\u2606LITLE0|you wanted zen headbutt to miss?\n|\n|t:|1699128377\n|switch|p1a: Magearna|Magearna|100\/100\n|-damage|p1a: Magearna|94\/100|[from] Stealth Rock\n|cant|p2a: Dondozo|slp\n|move|p2a: Dondozo|Sleep Talk|p2a: Dondozo\n|move|p2a: Dondozo|Rest||[from]move: Sleep Talk|[still]\n|-fail|p2a: Dondozo\n|\n|-heal|p1a: Magearna|100\/100|[from] item: Leftovers\n|-heal|p2a: Dondozo|90\/100 slp|[from] item: Leftovers\n|upkeep\n|turn|22\n|c|\u2606Connor10YT|Yes\n|c|\u2606LITLE0|why?\n|\n|t:|1699128398\n|switch|p2a: Flutter Mane|Flutter Mane|91\/100\n|move|p1a: Magearna|Flash Cannon|p2a: Flutter Mane\n|-supereffective|p2a: Flutter Mane\n|-damage|p2a: Flutter Mane|0 fnt\n|faint|p2a: Flutter Mane\n|-ability|p1a: Magearna|Soul-Heart|boost\n|-boost|p1a: Magearna|spa|1\n|-end|p2a: Flutter Mane|Protosynthesis|[silent]\n|\n|upkeep\n|c|\u2606Connor10YT|I wont say untill end of battle\n|c|\u2606LITLE0|ok\n|\n|t:|1699128407\n|switch|p2a: Koraidon|Koraidon|100\/100\n|-weather|SunnyDay|[from] ability: Orichalcum Pulse|[of] p2a: Koraidon\n|-activate|p2a: Koraidon|Orichalcum Pulse|[source]\n|turn|23\n|l|\u2606Connor10YT\n|inactive|Connor10YT disconnected and has a minute to reconnect!\n|player|p1|\n|j|\u2606Connor10YT\n|inactive|Connor10YT reconnected and has 130 seconds left.\n|player|p1|Connor10YT|cynthia-gen4\n|\n|t:|1699128431\n|switch|p1a: Ceruledge|Ceruledge, F|93\/100\n|-terastallize|p2a: Koraidon|Fire\n|move|p2a: Koraidon|Flame Charge|p1a: Ceruledge\n|-start|p1a: Ceruledge|ability: Flash Fire\n|\n|-weather|SunnyDay|[upkeep]\n|upkeep\n|turn|24\n|\n|t:|1699128447\n|move|p2a: Koraidon|Swords Dance|p2a: Koraidon\n|-boost|p2a: Koraidon|atk|2\n|move|p1a: Ceruledge|Destiny Bond|p1a: Ceruledge\n|-singlemove|p1a: Ceruledge|Destiny Bond\n|\n|-weather|SunnyDay|[upkeep]\n|upkeep\n|turn|25\n|\n|t:|1699128457\n|move|p2a: Koraidon|Swords Dance|p2a: Koraidon\n|-boost|p2a: Koraidon|atk|2\n|move|p1a: Ceruledge|Poltergeist|p2a: Koraidon|[miss]\n|-miss|p1a: Ceruledge|p2a: Koraidon\n|\n|-weather|SunnyDay|[upkeep]\n|upkeep\n|turn|26\n|c|\u2606Connor10YT|Bruh\n|c|\u2606Connor10YT|Just kill me now\n|\n|t:|1699128475\n|-end|p1a: Ceruledge|ability: Flash Fire|[silent]\n|switch|p1a: Magearna|Magearna|100\/100\n|-damage|p1a: Magearna|94\/100|[from] Stealth Rock\n|move|p2a: Koraidon|Dragon Claw|p1a: Magearna\n|-immune|p1a: Magearna\n|\n|-weather|SunnyDay|[upkeep]\n|-heal|p1a: Magearna|100\/100|[from] item: Leftovers\n|upkeep\n|turn|27\n|\n|t:|1699128483\n|move|p2a: Koraidon|Swords Dance|p2a: Koraidon\n|-boost|p2a: Koraidon|atk|2\n|move|p1a: Magearna|Trick Room|p1a: Magearna\n|-fieldstart|move: Trick Room|[of] p1a: Magearna\n|\n|-weather|none\n|upkeep\n|turn|28\n|\n|t:|1699128494\n|move|p1a: Magearna|Shadow Ball|p2a: Koraidon\n|-damage|p2a: Koraidon|69\/100\n|move|p2a: Koraidon|Flame Charge|p1a: Magearna\n|-supereffective|p1a: Magearna\n|-damage|p1a: Magearna|0 fnt\n|-boost|p2a: Koraidon|spe|1\n|faint|p1a: Magearna\n|\n|upkeep\n|\n|t:|1699128515\n|switch|p1a: Ceruledge|Ceruledge, F|93\/100\n|turn|29\n|\n|t:|1699128521\n|switch|p2a: Dondozo|Dondozo, M|90\/100 slp\n|move|p1a: Ceruledge|Poltergeist|p2a: Dondozo\n|-activate|p2a: Dondozo|move: Poltergeist|Leftovers\n|-damage|p2a: Dondozo|64\/100 slp\n|\n|-heal|p2a: Dondozo|71\/100 slp|[from] item: Leftovers\n|upkeep\n|turn|30\n|c|\u2606Connor10YT|Come here\n|\n|t:|1699128531\n|switch|p1a: Calyrex|Calyrex-Ice|51\/100\n|-ability|p1a: Calyrex|As One\n|-ability|p1a: Calyrex|Unnerve\n|cant|p2a: Dondozo|slp\n|move|p2a: Dondozo|Sleep Talk|p2a: Dondozo\n|move|p2a: Dondozo|Rest||[from]move: Sleep Talk|[still]\n|-fail|p2a: Dondozo\n|\n|-heal|p2a: Dondozo|77\/100 slp|[from] item: Leftovers\n|upkeep\n|turn|31\n|\n|t:|1699128540\n|-curestatus|p2a: Dondozo|slp|[msg]\n|move|p2a: Dondozo|Body Press|p1a: Calyrex\n|-damage|p1a: Calyrex|34\/100\n|move|p1a: Calyrex|Zen Headbutt|p2a: Dondozo\n|-damage|p2a: Dondozo|53\/100\n|\n|-heal|p2a: Dondozo|60\/100|[from] item: Leftovers\n|-fieldend|move: Trick Room\n|upkeep\n|turn|32\n|\n|t:|1699128548\n|move|p1a: Calyrex|Zen Headbutt|p2a: Dondozo\n|-damage|p2a: Dondozo|38\/100\n|cant|p2a: Dondozo|flinch\n|\n|-heal|p2a: Dondozo|44\/100|[from] item: Leftovers\n|upkeep\n|turn|33\n|\n|t:|1699128554\n|move|p1a: Calyrex|Zen Headbutt|p2a: Dondozo|[miss]\n|-miss|p1a: Calyrex|p2a: Dondozo\n|move|p2a: Dondozo|Rest|p2a: Dondozo\n|-status|p2a: Dondozo|slp|[from] move: Rest\n|-heal|p2a: Dondozo|100\/100 slp|[silent]\n|\n|upkeep\n|turn|34\n|c|\u2606Connor10YT|Broooooo\n|\n|t:|1699128566\n|move|p1a: Calyrex|Zen Headbutt|p2a: Dondozo\n|-damage|p2a: Dondozo|79\/100 slp\n|cant|p2a: Dondozo|slp\n|move|p2a: Dondozo|Sleep Talk|p2a: Dondozo\n|move|p2a: Dondozo|Body Press|p1a: Calyrex|[from]move: Sleep Talk\n|-crit|p1a: Calyrex\n|-damage|p1a: Calyrex|10\/100\n|\n|-heal|p2a: Dondozo|85\/100 slp|[from] item: Leftovers\n|upkeep\n|turn|35\n|\n|t:|1699128576\n|move|p1a: Calyrex|Zen Headbutt|p2a: Dondozo\n|-damage|p2a: Dondozo|63\/100 slp\n|cant|p2a: Dondozo|slp\n|move|p2a: Dondozo|Sleep Talk|p2a: Dondozo\n|move|p2a: Dondozo|Avalanche|p1a: Calyrex|[from]move: Sleep Talk\n|-resisted|p1a: Calyrex\n|-damage|p1a: Calyrex|1\/100\n|\n|-heal|p2a: Dondozo|69\/100 slp|[from] item: Leftovers\n|upkeep\n|turn|36\n|c|\u2606Connor10YT|I have literally 1 HP\n|c|\u2606LITLE0|yea\n|\n|t:|1699128601\n|-curestatus|p2a: Dondozo|slp|[msg]\n|move|p2a: Dondozo|Body Press|p1a: Calyrex\n|-damage|p1a: Calyrex|0 fnt\n|faint|p1a: Calyrex\n|\n|-heal|p2a: Dondozo|75\/100|[from] item: Leftovers\n|upkeep\n|j| No Bithes?????\n|c|\u2606Connor10YT|BRO\n|\n|t:|1699128613\n|switch|p1a: Ceruledge|Ceruledge, F|93\/100\n|turn|37\n|c|\u2606Connor10YT|COMMON\n|c|\u2606Connor10YT|DONT MISS\n|\n|t:|1699128628\n|move|p1a: Ceruledge|Will-O-Wisp|p2a: Dondozo\n|-status|p2a: Dondozo|brn\n|move|p2a: Dondozo|Rest|p2a: Dondozo\n|-status|p2a: Dondozo|slp|[from] move: Rest\n|-heal|p2a: Dondozo|100\/100 slp|[silent]\n|\n|upkeep\n|turn|38\n|c|\u2606Connor10YT|Thats why it didnt missed\n|\n|t:|1699128643\n|move|p1a: Ceruledge|Poltergeist|p2a: Dondozo\n|-activate|p2a: Dondozo|move: Poltergeist|Leftovers\n|-damage|p2a: Dondozo|75\/100 slp\n|cant|p2a: Dondozo|slp\n|move|p2a: Dondozo|Sleep Talk|p2a: Dondozo\n|move|p2a: Dondozo|Avalanche|p1a: Ceruledge|[from]move: Sleep Talk\n|-resisted|p1a: Ceruledge\n|-damage|p1a: Ceruledge|76\/100\n|\n|-heal|p2a: Dondozo|81\/100 slp|[from] item: Leftovers\n|upkeep\n|turn|39\n|\n|t:|1699128656\n|move|p1a: Ceruledge|Bitter Blade|p2a: Dondozo\n|-resisted|p2a: Dondozo\n|-damage|p2a: Dondozo|69\/100 slp\n|-heal|p1a: Ceruledge|86\/100|[from] drain|[of] p2a: Dondozo\n|cant|p2a: Dondozo|slp\n|move|p2a: Dondozo|Sleep Talk|p2a: Dondozo\n|move|p2a: Dondozo|Rest||[from]move: Sleep Talk|[still]\n|-fail|p2a: Dondozo\n|\n|-heal|p2a: Dondozo|75\/100 slp|[from] item: Leftovers\n|upkeep\n|turn|40\n|\n|t:|1699128667\n|move|p1a: Ceruledge|Will-O-Wisp||[still]\n|-fail|p1a: Ceruledge\n|-curestatus|p2a: Dondozo|slp|[msg]\n|move|p2a: Dondozo|Avalanche|p1a: Ceruledge\n|-resisted|p1a: Ceruledge\n|-damage|p1a: Ceruledge|78\/100\n|\n|-heal|p2a: Dondozo|81\/100|[from] item: Leftovers\n|upkeep\n|turn|41\n|c| No Bithes?????|bro's really cooking wit the no water move dondozo\n|c| No Bithes?????|lmfao\n|c|\u2606LITLE0|it\u2019s a tank set\n|\n|t:|1699128694\n|move|p1a: Ceruledge|Poltergeist|p2a: Dondozo\n|-activate|p2a: Dondozo|move: Poltergeist|Leftovers\n|-damage|p2a: Dondozo|54\/100\n|move|p2a: Dondozo|Avalanche|p1a: Ceruledge\n|-resisted|p1a: Ceruledge\n|-damage|p1a: Ceruledge|60\/100\n|\n|-heal|p2a: Dondozo|60\/100|[from] item: Leftovers\n|upkeep\n|turn|42\n|c| No Bithes?????|avalance is worse in almost every situation\n|c| No Bithes?????|just use liquidation\n|c|\u2606Connor10YT|Look in past turns and count how many times i missed 95% accu move\n|inactive|Connor10YT has 120 seconds left.\n|c| No Bithes?????|idc\n|\n|t:|1699128723\n|move|p1a: Ceruledge|Bitter Blade|p2a: Dondozo\n|-resisted|p2a: Dondozo\n|-damage|p2a: Dondozo|50\/100\n|-heal|p1a: Ceruledge|69\/100|[from] drain|[of] p2a: Dondozo\n|move|p2a: Dondozo|Rest|p2a: Dondozo\n|-status|p2a: Dondozo|slp|[from] move: Rest\n|-heal|p2a: Dondozo|100\/100 slp|[silent]\n|\n|upkeep\n|turn|43\n|inactive|Connor10YT has 120 seconds left.\n|\n|t:|1699128741\n|switch|p1a: Urshifu|Urshifu, M|94\/100\n|-damage|p1a: Urshifu|88\/100|[from] Stealth Rock\n|switch|p2a: Koraidon|Koraidon, tera:Fire|69\/100\n|-weather|SunnyDay|[from] ability: Orichalcum Pulse|[of] p2a: Koraidon\n|-activate|p2a: Koraidon|Orichalcum Pulse|[source]\n|\n|-weather|SunnyDay|[upkeep]\n|upkeep\n|turn|44\n|c|\u2606Connor10YT|Oh man\n|inactive|Connor10YT has 120 seconds left.\n|\n|t:|1699128755\n|move|p2a: Koraidon|Collision Course|p1a: Urshifu\n|-supereffective|p1a: Urshifu\n|-damage|p1a: Urshifu|0 fnt\n|faint|p1a: Urshifu\n|\n|-weather|SunnyDay|[upkeep]\n|upkeep\n|\n|t:|1699128758\n|switch|p1a: Ceruledge|Ceruledge, F|69\/100\n|turn|45\n|c| No Bithes?????|no sucker?\n|\n|t:|1699128764\n|move|p2a: Koraidon|Swords Dance|p2a: Koraidon\n|-boost|p2a: Koraidon|atk|2\n|move|p1a: Ceruledge|Poltergeist|p2a: Koraidon\n|-activate|p2a: Koraidon|move: Poltergeist|Covert Cloak\n|-damage|p2a: Koraidon|11\/100\n|\n|-weather|SunnyDay|[upkeep]\n|upkeep\n|turn|46\n|c|\u2606LITLE0|gg\n|c|\u2606Connor10YT|Now i need shadow sneak\n|inactive|Connor10YT has 120 seconds left.\n|c|\u2606Connor10YT|But when i change it i need will o wisp\n|c| No Bithes?????|bruh who uses ceru w\/o shadow sneak\n|c|\u2606Connor10YT|Me\n|c| No Bithes?????|wisp is garbage ceru is meant to be offense\n|c|\u2606Connor10YT|My team is hard trick room\n|c| No Bithes?????|*offensive\n|inactive|Connor10YT has 90 seconds left.\n|c|\u2606LITLE0|your ceru set is weird\n|c| No Bithes?????|^^\n|c|\u2606Connor10YT|Can i at least destiny bond?\n|inactive|Connor10YT has 60 seconds left.\n|c| No Bithes?????|no\n|c| No Bithes?????|that's even worse\n|c|\u2606Connor10YT|I will destiny bond\n|\n|t:|1699128854\n|move|p2a: Koraidon|Dragon Claw|p1a: Ceruledge\n|-damage|p1a: Ceruledge|0 fnt\n|faint|p1a: Ceruledge\n|\n|win|LITLE0\n|raw|Connor10YT's rating: 1185 &rarr; <strong>1164<\/strong><br \/>(-21 for losing)\n|raw|LITLE0's rating: 1238 &rarr; <strong>1259<\/strong><br \/>(+21 for winning)\n|c|\u2606Connor10YT|Bruh\n|c| No Bithes?????|there are wayyyy better suicide mons\n|c|\u2606LITLE0|run sdance bblade ssneak and polt\n|c|\u2606Connor10YT|I need something for the ghost of my team\n","uploadtime":1699128884,"views":8,"p1id":"connor10yt","p2id":"litle0","formatid":"gen9ubers","rating":1164,"private":0,"password":""}