{"id":"gen9ubers-1979775265","p1":"Prince Shannon","p2":"langa hasegawa","format":"[Gen 9] Ubers","log":"|j|\u2606Prince Shannon\n|j|\u2606langa hasegawa\n|t:|1698711982\n|gametype|singles\n|player|p1|Prince Shannon|roark|\n|player|p2|langa hasegawa|1|\n|teamsize|p1|6\n|teamsize|p2|6\n|gen|9\n|tier|[Gen 9] Ubers\n|rated|Tournament battle\n|rule|Sleep Clause Mod: Limit one foe put to sleep\n|rule|Species Clause: Limit one of each Pok\u00e9mon\n|rule|OHKO Clause: OHKO moves are banned\n|rule|Evasion Items Clause: Evasion items are banned\n|rule|Evasion Moves Clause: Evasion moves are banned\n|rule|Endless Battle Clause: Forcing endless battles is banned\n|rule|HP Percentage Mod: HP is shown in percentages\n|clearpoke\n|poke|p1|Gliscor, F|\n|poke|p1|Miraidon|\n|poke|p1|Arceus|\n|poke|p1|Zacian-*|\n|poke|p1|Clodsire, F|\n|poke|p1|Koraidon|\n|poke|p2|Arceus|\n|poke|p2|Flutter Mane|\n|poke|p2|Koraidon|\n|poke|p2|Kingambit, M|\n|poke|p2|Chi-Yu|\n|poke|p2|Groudon|\n|teampreview\n|\n|t:|1698712006\n|start\n|switch|p1a: Miraidon|Miraidon|100\/100\n|switch|p2a: Groudon|Groudon|100\/100\n|-fieldstart|move: Electric Terrain|[from] ability: Hadron Engine|[of] p1a: Miraidon\n|-weather|SunnyDay|[from] ability: Drought|[of] p2a: Groudon\n|turn|1\n|inactive|Battle timer is ON: inactive players will automatically lose when time's up. (requested by langa hasegawa)\n|c|\u2606langa hasegawa|hf\n|c|\u2606Prince Shannon|u2\n|\n|t:|1698712014\n|move|p1a: Miraidon|U-turn|p2a: Groudon\n|-damage|p2a: Groudon|95\/100\n|\n|t:|1698712018\n|switch|p1a: Gliscor|Gliscor, F|100\/100|[from] U-turn\n|move|p2a: Groudon|Stealth Rock|p1a: Gliscor\n|-sidestart|p1: Prince Shannon|move: Stealth Rock\n|\n|-weather|SunnyDay|[upkeep]\n|-heal|p2a: Groudon|100\/100|[from] item: Leftovers\n|-status|p1a: Gliscor|tox|[from] item: Toxic Orb\n|upkeep\n|turn|2\n|j| ZowwyCafe\u2764\n|inactive|langa hasegawa has 120 seconds left.\n|\n|t:|1698712058\n|switch|p2a: Arceus|Arceus|100\/100\n|move|p1a: Gliscor|Spikes|p2a: Arceus\n|-sidestart|p2: langa hasegawa|Spikes\n|\n|-weather|SunnyDay|[upkeep]\n|upkeep\n|turn|3\n|\n|t:|1698712061\n|move|p2a: Arceus|Taunt|p1a: Gliscor\n|-start|p1a: Gliscor|move: Taunt\n|move|p1a: Gliscor|U-turn|p2a: Arceus\n|-damage|p2a: Arceus|89\/100\n|\n|t:|1698712074\n|switch|p1a: Koraidon|Koraidon|100\/100|[from] U-turn\n|-damage|p1a: Koraidon|94\/100|[from] Stealth Rock\n|-activate|p1a: Koraidon|ability: Orichalcum Pulse\n|\n|-weather|SunnyDay|[upkeep]\n|upkeep\n|turn|4\n|\n|t:|1698712083\n|switch|p2a: Groudon|Groudon|100\/100\n|-damage|p2a: Groudon|88\/100|[from] Spikes\n|move|p1a: Koraidon|Low Kick|p2a: Groudon\n|-damage|p2a: Groudon|46\/100\n|\n|-weather|SunnyDay|[upkeep]\n|-heal|p2a: Groudon|52\/100|[from] item: Leftovers\n|upkeep\n|turn|5\n|inactive|langa hasegawa has 120 seconds left.\n|j| makers manhattan\n|\n|t:|1698712120\n|switch|p1a: Gliscor|Gliscor, F|100\/100 tox\n|-damage|p1a: Gliscor|88\/100 tox|[from] Stealth Rock\n|move|p2a: Groudon|Will-O-Wisp||[still]\n|-fail|p2a: Groudon\n|\n|-weather|none\n|-heal|p2a: Groudon|59\/100|[from] item: Leftovers\n|-heal|p1a: Gliscor|100\/100 tox|[from] ability: Poison Heal\n|-fieldend|move: Electric Terrain\n|upkeep\n|turn|6\n|\n|t:|1698712124\n|move|p2a: Groudon|Spikes|p1a: Gliscor\n|-sidestart|p1: Prince Shannon|Spikes\n|move|p1a: Gliscor|U-turn|p2a: Groudon\n|-damage|p2a: Groudon|51\/100\n|\n|t:|1698712129\n|switch|p1a: Miraidon|Miraidon|100\/100|[from] U-turn\n|-fieldstart|move: Electric Terrain|[from] ability: Hadron Engine|[of] p1a: Miraidon\n|\n|-heal|p2a: Groudon|58\/100|[from] item: Leftovers\n|upkeep\n|turn|7\n|\n|t:|1698712135\n|move|p1a: Miraidon|Draco Meteor|p2a: Groudon\n|-damage|p2a: Groudon|0 fnt\n|-unboost|p1a: Miraidon|spa|2\n|faint|p2a: Groudon\n|\n|upkeep\n|inactive|langa hasegawa has 120 seconds left.\n|\n|t:|1698712168\n|switch|p2a: Chi-Yu|Chi-Yu|100\/100\n|-damage|p2a: Chi-Yu|88\/100|[from] Spikes\n|-ability|p2a: Chi-Yu|Beads of Ruin\n|turn|8\n|\n|t:|1698712193\n|move|p1a: Miraidon|Electro Drift|p2a: Chi-Yu\n|-damage|p2a: Chi-Yu|39\/100\n|move|p2a: Chi-Yu|Psychic|p1a: Miraidon\n|-damage|p1a: Miraidon|45\/100\n|\n|upkeep\n|turn|9\n|\n|t:|1698712205\n|switch|p2a: Arceus|Arceus|89\/100\n|-damage|p2a: Arceus|77\/100|[from] Spikes\n|move|p1a: Miraidon|Electro Drift|p2a: Arceus\n|-damage|p2a: Arceus|44\/100\n|\n|upkeep\n|turn|10\n|\n|t:|1698712212\n|switch|p1a: Zacian|Zacian-Crowned|100\/100\n|-damage|p1a: Zacian|94\/100|[from] Stealth Rock\n|-damage|p1a: Zacian|82\/100|[from] Spikes\n|-ability|p1a: Zacian|Intrepid Sword|boost\n|-boost|p1a: Zacian|atk|1\n|move|p2a: Arceus|Extreme Speed|p1a: Zacian\n|-resisted|p1a: Zacian\n|-damage|p1a: Zacian|58\/100\n|\n|-fieldend|move: Electric Terrain\n|upkeep\n|turn|11\n|inactive|langa hasegawa has 120 seconds left.\n|\n|t:|1698712222\n|move|p1a: Zacian|Behemoth Blade|p2a: Arceus\n|-damage|p2a: Arceus|0 fnt\n|faint|p2a: Arceus\n|\n|upkeep\n|inactive|langa hasegawa has 90 seconds left.\n|\n|t:|1698712254\n|switch|p2a: Chi-Yu|Chi-Yu|39\/100\n|-damage|p2a: Chi-Yu|26\/100|[from] Spikes\n|-ability|p2a: Chi-Yu|Beads of Ruin\n|turn|12\n|inactive|Prince Shannon has 120 seconds left.\n|\n|t:|1698712295\n|move|p1a: Zacian|Wild Charge|p2a: Chi-Yu\n|-damage|p2a: Chi-Yu|0 fnt\n|faint|p2a: Chi-Yu\n|-damage|p1a: Zacian|53\/100|[from] Recoil\n|\n|upkeep\n|inactive|langa hasegawa has 90 seconds left.\n|inactive|langa hasegawa has 60 seconds left.\n|\n|t:|1698712354\n|switch|p2a: Koraidon|Koraidon|100\/100\n|-damage|p2a: Koraidon|88\/100|[from] Spikes\n|-weather|SunnyDay|[from] ability: Orichalcum Pulse|[of] p2a: Koraidon\n|-activate|p2a: Koraidon|Orichalcum Pulse|[source]\n|turn|13\n|inactive|Prince Shannon has 120 seconds left.\n|\n|t:|1698712366\n|-terastallize|p2a: Koraidon|Fire\n|move|p1a: Zacian|Play Rough|p2a: Koraidon\n|-resisted|p2a: Koraidon\n|-damage|p2a: Koraidon|52\/100\n|move|p2a: Koraidon|Flame Charge|p1a: Zacian\n|-supereffective|p1a: Zacian\n|-damage|p1a: Zacian|0 fnt\n|-boost|p2a: Koraidon|spe|1\n|faint|p1a: Zacian\n|-damage|p2a: Koraidon|42\/100|[from] item: Life Orb\n|\n|-weather|SunnyDay|[upkeep]\n|upkeep\n|\n|t:|1698712379\n|switch|p1a: Gliscor|Gliscor, F|100\/100 tox\n|-damage|p1a: Gliscor|88\/100 tox|[from] Stealth Rock\n|turn|14\n|inactive|langa hasegawa has 60 seconds left.\n|\n|t:|1698712389\n|move|p1a: Gliscor|Protect|p1a: Gliscor\n|-singleturn|p1a: Gliscor|Protect\n|move|p2a: Koraidon|Dragon Claw|p1a: Gliscor\n|-activate|p1a: Gliscor|move: Protect\n|\n|-weather|SunnyDay|[upkeep]\n|-heal|p1a: Gliscor|100\/100 tox|[from] ability: Poison Heal\n|upkeep\n|turn|15\n|\n|t:|1698712392\n|move|p2a: Koraidon|Dragon Claw|p1a: Gliscor\n|-damage|p1a: Gliscor|52\/100 tox\n|-damage|p2a: Koraidon|32\/100|[from] item: Life Orb\n|move|p1a: Gliscor|Earthquake|p2a: Koraidon\n|-supereffective|p2a: Koraidon\n|-damage|p2a: Koraidon|0 fnt\n|faint|p2a: Koraidon\n|\n|-weather|SunnyDay|[upkeep]\n|-heal|p1a: Gliscor|64\/100 tox|[from] ability: Poison Heal\n|upkeep\n|c|\u2606langa hasegawa|i almost SD'd\n|inactive|langa hasegawa has 60 seconds left.\n|c|\u2606langa hasegawa|but i was worried about the eq\n|\n|t:|1698712405\n|switch|p2a: Flutter Mane|Flutter Mane|100\/100\n|-damage|p2a: Flutter Mane|88\/100|[from] Spikes\n|-activate|p2a: Flutter Mane|ability: Protosynthesis\n|-start|p2a: Flutter Mane|protosynthesisspe\n|turn|16\n|\n|t:|1698712411\n|move|p2a: Flutter Mane|Moonblast|p1a: Gliscor\n|-crit|p1a: Gliscor\n|-damage|p1a: Gliscor|0 fnt\n|faint|p1a: Gliscor\n|-damage|p2a: Flutter Mane|78\/100|[from] item: Life Orb\n|\n|-weather|SunnyDay|[upkeep]\n|upkeep\n|\n|t:|1698712416\n|switch|p1a: Miraidon|Miraidon|45\/100\n|-fieldstart|move: Electric Terrain|[from] ability: Hadron Engine|[of] p1a: Miraidon\n|turn|17\n|\n|t:|1698712423\n|switch|p1a: Clodsire|Clodsire, F|100\/100\n|move|p2a: Flutter Mane|Moonblast|p1a: Clodsire\n|-resisted|p1a: Clodsire\n|-damage|p1a: Clodsire|84\/100\n|-damage|p2a: Flutter Mane|68\/100|[from] item: Life Orb\n|\n|-weather|none\n|-end|p2a: Flutter Mane|Protosynthesis\n|upkeep\n|turn|18\n|c|\u2606langa hasegawa|gg\n|\n|t:|1698712434\n|move|p2a: Flutter Mane|Calm Mind|p2a: Flutter Mane\n|-boost|p2a: Flutter Mane|spa|1\n|-boost|p2a: Flutter Mane|spd|1\n|move|p1a: Clodsire|Earthquake|p2a: Flutter Mane\n|-damage|p2a: Flutter Mane|14\/100\n|\n|upkeep\n|turn|19\n|\n|t:|1698712438\n|move|p2a: Flutter Mane|Shadow Ball|p1a: Clodsire\n|-damage|p1a: Clodsire|38\/100\n|-damage|p2a: Flutter Mane|4\/100|[from] item: Life Orb\n|move|p1a: Clodsire|Earthquake|p2a: Flutter Mane\n|-damage|p2a: Flutter Mane|0 fnt\n|faint|p2a: Flutter Mane\n|-end|p2a: Flutter Mane|Protosynthesis|[silent]\n|\n|upkeep\n|\n|t:|1698712443\n|switch|p2a: Kingambit|Kingambit, M|100\/100\n|-damage|p2a: Kingambit|88\/100|[from] Spikes\n|-activate|p2a: Kingambit|ability: Supreme Overlord\n|-start|p2a: Kingambit|fallen5|[silent]\n|turn|20\n|\n|t:|1698712449\n|move|p2a: Kingambit|Kowtow Cleave|p1a: Clodsire\n|-damage|p1a: Clodsire|0 fnt\n|faint|p1a: Clodsire\n|\n|-heal|p2a: Kingambit|94\/100|[from] item: Leftovers\n|upkeep\n|\n|t:|1698712452\n|switch|p1a: Koraidon|Koraidon|94\/100\n|-damage|p1a: Koraidon|88\/100|[from] Stealth Rock\n|-damage|p1a: Koraidon|76\/100|[from] Spikes\n|-weather|SunnyDay|[from] ability: Orichalcum Pulse|[of] p1a: Koraidon\n|-activate|p1a: Koraidon|Orichalcum Pulse|[source]\n|turn|21\n|\n|t:|1698712459\n|move|p2a: Kingambit|Sucker Punch|p1a: Koraidon\n|-resisted|p1a: Koraidon\n|-damage|p1a: Koraidon|48\/100\n|move|p1a: Koraidon|Low Kick|p2a: Kingambit\n|-supereffective|p2a: Kingambit\n|-damage|p2a: Kingambit|0 fnt\n|faint|p2a: Kingambit\n|-end|p2a: Kingambit|fallen5|[silent]\n|\n|win|Prince Shannon\n|n|\u2606Prince Shannon|princeshannon\n|n|\u2606langa hasegawa|langahasegawa\n|n| ZowwyCafe\u2764|zowwycafe\n|n| makers manhattan|makersmanhattan\n","uploadtime":1698712460,"views":11,"p1id":"princeshannon","p2id":"langahasegawa","formatid":"gen9ubers","rating":0,"private":0,"password":""}