{"id":"gen9ubers-1968159144","p1":"hhsduudud","p2":"idssa","format":"[Gen 9] Ubers","log":"|j|\u2606hhsduudud\n|j|\u2606idssa\n|t:|1697390189\n|gametype|singles\n|player|p1|hhsduudud|169|1047\n|player|p2|idssa|n|1000\n|teamsize|p1|6\n|teamsize|p2|6\n|gen|9\n|tier|[Gen 9] Ubers\n|rated|\n|rule|Sleep Clause Mod: Limit one foe put to sleep\n|rule|Species Clause: Limit one of each Pok\u00e9mon\n|rule|OHKO Clause: OHKO moves are banned\n|rule|Evasion Items Clause: Evasion items are banned\n|rule|Evasion Moves Clause: Evasion moves are banned\n|rule|Endless Battle Clause: Forcing endless battles is banned\n|rule|HP Percentage Mod: HP is shown in percentages\n|clearpoke\n|poke|p1|Forretress, F|\n|poke|p1|Gliscor, F|\n|poke|p1|Kingambit, M|\n|poke|p1|Greninja-*, M|\n|poke|p1|Kyogre|\n|poke|p1|Toxapex, F|\n|poke|p2|Empoleon, F|\n|poke|p2|Ninetales-Alola, M|\n|poke|p2|Roaring Moon|\n|poke|p2|Ursaluna-Bloodmoon, M|\n|poke|p2|Iron Valiant|\n|poke|p2|Glimmora, M|\n|teampreview\n|inactive|Battle timer is ON: inactive players will automatically lose when time's up. (requested by idssa)\n|\n|t:|1697390203\n|start\n|switch|p1a: Forretress|Forretress, F|100\/100\n|switch|p2a: Ninetales|Ninetales-Alola, M|100\/100\n|-weather|Snow|[from] ability: Snow Warning|[of] p2a: Ninetales\n|turn|1\n|\n|t:|1697390211\n|move|p2a: Ninetales|Encore||[still]\n|-fail|p2a: Ninetales\n|move|p1a: Forretress|Stealth Rock|p2a: Ninetales\n|-sidestart|p2: idssa|move: Stealth Rock\n|\n|-weather|Snow|[upkeep]\n|upkeep\n|turn|2\n|\n|t:|1697390218\n|move|p2a: Ninetales|Encore|p1a: Forretress\n|-start|p1a: Forretress|Encore\n|move|p1a: Forretress|Stealth Rock||[still]\n|-fail|p1a: Forretress\n|\n|-weather|Snow|[upkeep]\n|upkeep\n|turn|3\n|\n|t:|1697390240\n|switch|p1a: Kingambit|Kingambit, M|100\/100\n|move|p2a: Ninetales|Aurora Veil|p2a: Ninetales\n|-sidestart|p2: idssa|move: Aurora Veil\n|\n|-weather|Snow|[upkeep]\n|upkeep\n|turn|4\n|\n|t:|1697390251\n|switch|p2a: Iron Valiant|Iron Valiant|100\/100\n|-enditem|p2a: Iron Valiant|Booster Energy\n|-activate|p2a: Iron Valiant|ability: Quark Drive|[fromitem]\n|-start|p2a: Iron Valiant|quarkdrivespe\n|-damage|p2a: Iron Valiant|94\/100|[from] Stealth Rock\n|move|p1a: Kingambit|Iron Head|p2a: Iron Valiant\n|-supereffective|p2a: Iron Valiant\n|-damage|p2a: Iron Valiant|48\/100\n|\n|-weather|Snow|[upkeep]\n|upkeep\n|turn|5\n|\n|t:|1697390270\n|-end|p1a: Kingambit|fallenundefined|[silent]\n|switch|p1a: Kyogre|Kyogre|100\/100\n|-weather|RainDance|[from] ability: Drizzle|[of] p1a: Kyogre\n|move|p2a: Iron Valiant|Close Combat|p1a: Kyogre\n|-damage|p1a: Kyogre|38\/100\n|-unboost|p2a: Iron Valiant|def|1\n|-unboost|p2a: Iron Valiant|spd|1\n|\n|-weather|RainDance|[upkeep]\n|-heal|p1a: Kyogre|44\/100|[from] item: Leftovers\n|upkeep\n|turn|6\n|\n|t:|1697390282\n|move|p2a: Iron Valiant|Close Combat|p1a: Kyogre\n|-damage|p1a: Kyogre|0 fnt\n|-unboost|p2a: Iron Valiant|def|1\n|-unboost|p2a: Iron Valiant|spd|1\n|faint|p1a: Kyogre\n|\n|-weather|RainDance|[upkeep]\n|upkeep\n|\n|t:|1697390291\n|switch|p1a: Greninja|Greninja, M|100\/100\n|turn|7\n|inactive|idssa has 120 seconds left.\n|\n|t:|1697390333\n|-end|p2a: Iron Valiant|Quark Drive|[silent]\n|switch|p2a: Roaring Moon|Roaring Moon|100\/100\n|-enditem|p2a: Roaring Moon|Booster Energy\n|-activate|p2a: Roaring Moon|ability: Protosynthesis|[fromitem]\n|-start|p2a: Roaring Moon|protosynthesisatk\n|-damage|p2a: Roaring Moon|88\/100|[from] Stealth Rock\n|move|p1a: Greninja|Dark Pulse|p2a: Roaring Moon\n|-resisted|p2a: Roaring Moon\n|-damage|p2a: Roaring Moon|80\/100\n|\n|-weather|RainDance|[upkeep]\n|upkeep\n|turn|8\n|\n|t:|1697390346\n|switch|p1a: Toxapex|Toxapex, F|100\/100\n|move|p2a: Roaring Moon|Dragon Dance|p2a: Roaring Moon\n|-boost|p2a: Roaring Moon|atk|1\n|-boost|p2a: Roaring Moon|spe|1\n|\n|-weather|RainDance|[upkeep]\n|upkeep\n|turn|9\n|\n|t:|1697390355\n|move|p2a: Roaring Moon|Earthquake|p1a: Toxapex\n|-supereffective|p1a: Toxapex\n|-crit|p1a: Toxapex\n|-damage|p1a: Toxapex|0 fnt\n|faint|p1a: Toxapex\n|\n|-weather|none\n|upkeep\n|\n|t:|1697390363\n|switch|p1a: Greninja|Greninja, M|100\/100\n|turn|10\n|inactive|idssa has 120 seconds left.\n|\n|t:|1697390383\n|move|p1a: Greninja|Ice Beam|p2a: Roaring Moon\n|-supereffective|p2a: Roaring Moon\n|-damage|p2a: Roaring Moon|55\/100\n|move|p2a: Roaring Moon|Acrobatics|p1a: Greninja\n|-damage|p1a: Greninja|0 fnt\n|faint|p1a: Greninja\n|\n|-sideend|p2: idssa|move: Aurora Veil\n|upkeep\n|\n|t:|1697390393\n|switch|p1a: Gliscor|Gliscor, F|100\/100\n|turn|11\n|\n|t:|1697390403\n|move|p2a: Roaring Moon|Acrobatics|p1a: Gliscor\n|-damage|p1a: Gliscor|37\/100\n|move|p1a: Gliscor|Earthquake|p2a: Roaring Moon\n|-damage|p2a: Roaring Moon|11\/100\n|\n|-status|p1a: Gliscor|tox|[from] item: Toxic Orb\n|upkeep\n|turn|12\n|\n|t:|1697390414\n|move|p2a: Roaring Moon|Acrobatics|p1a: Gliscor\n|-damage|p1a: Gliscor|0 fnt\n|faint|p1a: Gliscor\n|\n|upkeep\n|\n|t:|1697390419\n|switch|p1a: Forretress|Forretress, F|100\/100\n|turn|13\n|\n|t:|1697390426\n|move|p2a: Roaring Moon|Earthquake|p1a: Forretress\n|-damage|p1a: Forretress|64\/100\n|move|p1a: Forretress|Gyro Ball|p2a: Roaring Moon\n|-damage|p2a: Roaring Moon|0 fnt\n|faint|p2a: Roaring Moon\n|-end|p2a: Roaring Moon|Protosynthesis|[silent]\n|\n|-heal|p1a: Forretress|70\/100|[from] item: Leftovers\n|upkeep\n|\n|t:|1697390445\n|switch|p2a: Ursaluna|Ursaluna-Bloodmoon, M|100\/100\n|-damage|p2a: Ursaluna|94\/100|[from] Stealth Rock\n|turn|14\n|\n|t:|1697390454\n|move|p2a: Ursaluna|Earth Power|p1a: Forretress\n|-damage|p1a: Forretress|9\/100\n|move|p1a: Forretress|Gyro Ball|p2a: Ursaluna\n|-damage|p2a: Ursaluna|81\/100\n|\n|-heal|p2a: Ursaluna|87\/100|[from] item: Leftovers\n|-heal|p1a: Forretress|15\/100|[from] item: Leftovers\n|upkeep\n|turn|15\n|\n|t:|1697390463\n|move|p2a: Ursaluna|Blood Moon|p1a: Forretress\n|-resisted|p1a: Forretress\n|-damage|p1a: Forretress|0 fnt\n|faint|p1a: Forretress\n|\n|-heal|p2a: Ursaluna|93\/100|[from] item: Leftovers\n|upkeep\n|\n|t:|1697390470\n|switch|p1a: Kingambit|Kingambit, M|100\/100\n|-activate|p1a: Kingambit|ability: Supreme Overlord\n|-start|p1a: Kingambit|fallen5|[silent]\n|turn|16\n|\n|t:|1697390481\n|move|p1a: Kingambit|Sucker Punch|p2a: Ursaluna\n|-damage|p2a: Ursaluna|66\/100\n|move|p2a: Ursaluna|Earth Power|p1a: Kingambit\n|-supereffective|p1a: Kingambit\n|-damage|p1a: Kingambit|29\/100\n|-unboost|p1a: Kingambit|spd|1\n|\n|-heal|p2a: Ursaluna|72\/100|[from] item: Leftovers\n|-heal|p1a: Kingambit|35\/100|[from] item: Leftovers\n|upkeep\n|turn|17\n|\n|t:|1697390492\n|move|p2a: Ursaluna|Earth Power|p1a: Kingambit\n|-supereffective|p1a: Kingambit\n|-damage|p1a: Kingambit|0 fnt\n|faint|p1a: Kingambit\n|-end|p1a: Kingambit|fallen5|[silent]\n|\n|win|idssa\n|raw|hhsduudud's rating: 1047 &rarr; <strong>1028<\/strong><br \/>(-19 for losing)\n|raw|idssa's rating: 1000 &rarr; <strong>1045<\/strong><br \/>(+45 for winning)\n|l|\u2606hhsduudud\n|l|\u2606idssa\n|j|\u2606idssa\n|player|p2|idssa|n\n","uploadtime":1697390519,"views":15,"p1id":"hhsduudud","p2id":"idssa","formatid":"gen9ubers","rating":1028,"private":0,"password":""}