{"id":"gen9ubers-1978154192","p1":"DogBonesX","p2":"trialteam98","format":"[Gen 9] Ubers","log":"|j|\u2606DogBonesX\n|j|\u2606trialteam98\n|t:|1698505908\n|gametype|singles\n|player|p1|DogBonesX|102|1083\n|player|p2|trialteam98|lady-gen4|1027\n|teamsize|p1|6\n|teamsize|p2|6\n|gen|9\n|tier|[Gen 9] Ubers\n|rated|\n|rule|Sleep Clause Mod: Limit one foe put to sleep\n|rule|Species Clause: Limit one of each Pok\u00e9mon\n|rule|OHKO Clause: OHKO moves are banned\n|rule|Evasion Items Clause: Evasion items are banned\n|rule|Evasion Moves Clause: Evasion moves are banned\n|rule|Endless Battle Clause: Forcing endless battles is banned\n|rule|HP Percentage Mod: HP is shown in percentages\n|clearpoke\n|poke|p1|Dragonite, M|\n|poke|p1|Baxcalibur, M|\n|poke|p1|Dragapult, F|\n|poke|p1|Goodra-Hisui, M|\n|poke|p1|Dragalge, M|\n|poke|p1|Roaring Moon|\n|poke|p2|Cinderace, M|\n|poke|p2|Rillaboom, M|\n|poke|p2|Dragapult, M|\n|poke|p2|Inteleon, F|\n|poke|p2|Weavile, F|\n|poke|p2|Charizard, M|\n|teampreview\n|\n|t:|1698505937\n|start\n|switch|p1a: Dragalge|Dragalge, M|100\/100\n|switch|p2a: Weavile|Weavile, F|100\/100\n|-ability|p2a: Weavile|Pressure\n|turn|1\n|\n|t:|1698505944\n|move|p2a: Weavile|Fake Out|p1a: Dragalge\n|-damage|p1a: Dragalge|82\/100\n|-damage|p2a: Weavile|91\/100|[from] item: Life Orb\n|cant|p1a: Dragalge|flinch\n|\n|-heal|p1a: Dragalge|88\/100|[from] item: Black Sludge\n|upkeep\n|turn|2\n|\n|t:|1698505951\n|move|p2a: Weavile|Knock Off|p1a: Dragalge\n|-damage|p1a: Dragalge|17\/100\n|-enditem|p1a: Dragalge|Black Sludge|[from] move: Knock Off|[of] p2a: Weavile\n|-damage|p2a: Weavile|81\/100|[from] item: Life Orb\n|move|p1a: Dragalge|Toxic Spikes|p2a: Weavile\n|-sidestart|p2: trialteam98|move: Toxic Spikes\n|\n|upkeep\n|turn|3\n|\n|t:|1698505959\n|move|p2a: Weavile|Ice Shard|p1a: Dragalge\n|-supereffective|p1a: Dragalge\n|-damage|p1a: Dragalge|0 fnt\n|faint|p1a: Dragalge\n|-damage|p2a: Weavile|71\/100|[from] item: Life Orb\n|\n|upkeep\n|\n|t:|1698505963\n|switch|p1a: Roaring Moon|Roaring Moon|100\/100\n|-enditem|p1a: Roaring Moon|Booster Energy\n|-activate|p1a: Roaring Moon|ability: Protosynthesis|[fromitem]\n|-start|p1a: Roaring Moon|protosynthesisatk\n|turn|4\n|\n|t:|1698505968\n|-terastallize|p1a: Roaring Moon|Flying\n|move|p2a: Weavile|Poison Jab|p1a: Roaring Moon\n|-damage|p1a: Roaring Moon|57\/100\n|-damage|p2a: Weavile|61\/100|[from] item: Life Orb\n|move|p1a: Roaring Moon|Dragon Dance|p1a: Roaring Moon\n|-boost|p1a: Roaring Moon|atk|1\n|-boost|p1a: Roaring Moon|spe|1\n|\n|upkeep\n|turn|5\n|\n|t:|1698505978\n|move|p2a: Weavile|Ice Shard|p1a: Roaring Moon\n|-supereffective|p1a: Roaring Moon\n|-damage|p1a: Roaring Moon|0 fnt\n|faint|p1a: Roaring Moon\n|-end|p1a: Roaring Moon|Protosynthesis|[silent]\n|-damage|p2a: Weavile|51\/100|[from] item: Life Orb\n|\n|upkeep\n|-message|DogBonesX forfeited.\n|\n|win|trialteam98\n|raw|DogBonesX's rating: 1083 &rarr; <strong>1057<\/strong><br \/>(-26 for losing)\n|raw|trialteam98's rating: 1027 &rarr; <strong>1069<\/strong><br \/>(+42 for winning)\n|l|\u2606DogBonesX\n","uploadtime":1698505986,"views":5,"p1id":"dogbonesx","p2id":"trialteam98","formatid":"gen9ubers","rating":1057,"private":0,"password":""}