{"id":"gen9ubers-1977278863","p1":"TheKeaToSuccess","p2":"8614496589w","format":"[Gen 9] Ubers","log":"|j|\u2606TheKeaToSuccess\n|j|\u26068614496589w\n|t:|1698398431\n|gametype|singles\n|player|p1|TheKeaToSuccess|169|1121\n|player|p2|8614496589w|169|1000\n|teamsize|p1|6\n|teamsize|p2|6\n|gen|9\n|tier|[Gen 9] Ubers\n|rated|\n|rule|Sleep Clause Mod: Limit one foe put to sleep\n|rule|Species Clause: Limit one of each Pok\u00e9mon\n|rule|OHKO Clause: OHKO moves are banned\n|rule|Evasion Items Clause: Evasion items are banned\n|rule|Evasion Moves Clause: Evasion moves are banned\n|rule|Endless Battle Clause: Forcing endless battles is banned\n|rule|HP Percentage Mod: HP is shown in percentages\n|clearpoke\n|poke|p1|Ribombee, F|\n|poke|p1|Blissey, F|\n|poke|p1|Gardevoir, M|\n|poke|p1|Cresselia, F|\n|poke|p1|Volcarona, F|\n|poke|p1|Yanmega, M|\n|poke|p2|Gholdengo|\n|poke|p2|Gliscor, M|\n|poke|p2|Dragonite, M|\n|poke|p2|Toxapex, M|\n|poke|p2|Chi-Yu|\n|poke|p2|Urshifu-*, F|\n|teampreview\n|\n|t:|1698398442\n|start\n|switch|p1a: Cresselia|Cresselia, F|100\/100\n|switch|p2a: Gliscor|Gliscor, M, shiny|100\/100\n|turn|1\n|\n|t:|1698398457\n|move|p2a: Gliscor|Toxic|p1a: Cresselia\n|-status|p1a: Cresselia|tox\n|move|p1a: Cresselia|Psychic|p2a: Gliscor\n|-damage|p2a: Gliscor|60\/100\n|\n|-damage|p1a: Cresselia|94\/100 tox|[from] psn\n|-status|p2a: Gliscor|tox|[from] item: Toxic Orb\n|upkeep\n|turn|2\n|\n|t:|1698398467\n|move|p2a: Gliscor|Substitute|p2a: Gliscor\n|-start|p2a: Gliscor|Substitute\n|-damage|p2a: Gliscor|35\/100 tox\n|move|p1a: Cresselia|Ice Beam|p2a: Gliscor\n|-supereffective|p2a: Gliscor\n|-end|p2a: Gliscor|Substitute\n|\n|-heal|p2a: Gliscor|47\/100 tox|[from] ability: Poison Heal\n|-damage|p1a: Cresselia|82\/100 tox|[from] psn\n|upkeep\n|turn|3\n|\n|t:|1698398479\n|move|p2a: Gliscor|Protect|p2a: Gliscor\n|-singleturn|p2a: Gliscor|Protect\n|move|p1a: Cresselia|Shadow Ball|p2a: Gliscor\n|-activate|p2a: Gliscor|move: Protect\n|\n|-heal|p2a: Gliscor|60\/100 tox|[from] ability: Poison Heal\n|-damage|p1a: Cresselia|64\/100 tox|[from] psn\n|upkeep\n|turn|4\n|\n|t:|1698398490\n|move|p2a: Gliscor|Substitute|p2a: Gliscor\n|-start|p2a: Gliscor|Substitute\n|-damage|p2a: Gliscor|35\/100 tox\n|move|p1a: Cresselia|Ice Beam|p2a: Gliscor\n|-supereffective|p2a: Gliscor\n|-end|p2a: Gliscor|Substitute\n|\n|-heal|p2a: Gliscor|47\/100 tox|[from] ability: Poison Heal\n|-damage|p1a: Cresselia|40\/100 tox|[from] psn\n|upkeep\n|turn|5\n|\n|t:|1698398500\n|switch|p1a: Blissey|Blissey, F|100\/100\n|move|p2a: Gliscor|Protect||[still]\n|-fail|p2a: Gliscor\n|\n|-heal|p2a: Gliscor|60\/100 tox|[from] ability: Poison Heal\n|upkeep\n|turn|6\n|\n|t:|1698398510\n|move|p2a: Gliscor|Toxic|p1a: Blissey\n|-status|p1a: Blissey|tox\n|move|p1a: Blissey|Stealth Rock|p2a: Gliscor\n|-sidestart|p2: 8614496589w|move: Stealth Rock\n|\n|-heal|p2a: Gliscor|72\/100 tox|[from] ability: Poison Heal\n|-damage|p1a: Blissey|94\/100 tox|[from] psn\n|upkeep\n|turn|7\n|\n|t:|1698398519\n|move|p2a: Gliscor|Substitute|p2a: Gliscor\n|-start|p2a: Gliscor|Substitute\n|-damage|p2a: Gliscor|47\/100 tox\n|move|p1a: Blissey|Seismic Toss|p2a: Gliscor\n|-end|p2a: Gliscor|Substitute\n|\n|-heal|p1a: Blissey|100\/100 tox|[from] item: Leftovers\n|-heal|p2a: Gliscor|60\/100 tox|[from] ability: Poison Heal\n|-damage|p1a: Blissey|88\/100 tox|[from] psn\n|upkeep\n|turn|8\n|\n|t:|1698398532\n|move|p2a: Gliscor|Protect|p2a: Gliscor\n|-singleturn|p2a: Gliscor|Protect\n|move|p1a: Blissey|Seismic Toss|p2a: Gliscor\n|-activate|p2a: Gliscor|move: Protect\n|\n|-heal|p1a: Blissey|94\/100 tox|[from] item: Leftovers\n|-heal|p2a: Gliscor|72\/100 tox|[from] ability: Poison Heal\n|-damage|p1a: Blissey|76\/100 tox|[from] psn\n|upkeep\n|turn|9\n|l|\u26068614496589w\n|player|p2|\n|inactive|Battle timer is ON: inactive players will automatically lose when time's up. (requested by TheKeaToSuccess)\n|j|\u26068614496589w\n|inactive|8614496589w reconnected and has 125 seconds left.\n|player|p2|8614496589w|169\n|inactive|8614496589w has 120 seconds left.\n|\n|t:|1698398609\n|move|p2a: Gliscor|Substitute|p2a: Gliscor\n|-start|p2a: Gliscor|Substitute\n|-damage|p2a: Gliscor|47\/100 tox\n|move|p1a: Blissey|Seismic Toss|p2a: Gliscor\n|-end|p2a: Gliscor|Substitute\n|\n|-heal|p1a: Blissey|82\/100 tox|[from] item: Leftovers\n|-heal|p2a: Gliscor|60\/100 tox|[from] ability: Poison Heal\n|-damage|p1a: Blissey|58\/100 tox|[from] psn\n|upkeep\n|turn|10\n|\n|t:|1698398632\n|-curestatus|p1a: Blissey|tox|[from] ability: Natural Cure\n|switch|p1a: Cresselia|Cresselia, F|40\/100 tox\n|move|p2a: Gliscor|Protect||[still]\n|-fail|p2a: Gliscor\n|\n|-heal|p2a: Gliscor|72\/100 tox|[from] ability: Poison Heal\n|-damage|p1a: Cresselia|34\/100 tox|[from] psn\n|upkeep\n|turn|11\n|\n|t:|1698398643\n|move|p2a: Gliscor|Substitute|p2a: Gliscor\n|-start|p2a: Gliscor|Substitute\n|-damage|p2a: Gliscor|47\/100 tox\n|move|p1a: Cresselia|Ice Beam|p2a: Gliscor\n|-supereffective|p2a: Gliscor\n|-end|p2a: Gliscor|Substitute\n|\n|-heal|p2a: Gliscor|60\/100 tox|[from] ability: Poison Heal\n|-damage|p1a: Cresselia|22\/100 tox|[from] psn\n|upkeep\n|turn|12\n|\n|t:|1698398654\n|switch|p1a: Blissey|Blissey, F|58\/100\n|move|p2a: Gliscor|Protect||[still]\n|-fail|p2a: Gliscor\n|\n|-heal|p1a: Blissey|64\/100|[from] item: Leftovers\n|-heal|p2a: Gliscor|72\/100 tox|[from] ability: Poison Heal\n|upkeep\n|turn|13\n|\n|t:|1698398663\n|switch|p1a: Cresselia|Cresselia, F|22\/100 tox\n|move|p2a: Gliscor|Toxic|p1a: Cresselia\n|-fail|p1a: Cresselia|tox\n|\n|-heal|p2a: Gliscor|85\/100 tox|[from] ability: Poison Heal\n|-damage|p1a: Cresselia|16\/100 tox|[from] psn\n|upkeep\n|turn|14\n|\n|t:|1698398673\n|move|p2a: Gliscor|Toxic|p1a: Cresselia\n|-fail|p1a: Cresselia|tox\n|move|p1a: Cresselia|Ice Beam|p2a: Gliscor\n|-supereffective|p2a: Gliscor\n|-damage|p2a: Gliscor|0 fnt\n|faint|p2a: Gliscor\n|\n|-damage|p1a: Cresselia|4\/100 tox|[from] psn\n|upkeep\n|\n|t:|1698398687\n|switch|p2a: Toxapex|Toxapex, M, shiny|100\/100\n|-damage|p2a: Toxapex|88\/100|[from] Stealth Rock\n|turn|15\n|\n|t:|1698398693\n|switch|p1a: Blissey|Blissey, F|64\/100\n|move|p2a: Toxapex|Liquidation|p1a: Blissey\n|-damage|p1a: Blissey|44\/100\n|\n|-heal|p1a: Blissey|50\/100|[from] item: Leftovers\n|upkeep\n|turn|16\n|\n|t:|1698398707\n|move|p1a: Blissey|Soft-Boiled|p1a: Blissey\n|-heal|p1a: Blissey|100\/100\n|move|p2a: Toxapex|Toxic|p1a: Blissey\n|-status|p1a: Blissey|tox\n|\n|-damage|p1a: Blissey|94\/100 tox|[from] psn\n|upkeep\n|turn|17\n|\n|t:|1698398717\n|move|p1a: Blissey|Thunder Wave|p2a: Toxapex\n|-status|p2a: Toxapex|par\n|move|p2a: Toxapex|Liquidation|p1a: Blissey\n|-damage|p1a: Blissey|75\/100 tox\n|-unboost|p1a: Blissey|def|1\n|\n|-heal|p1a: Blissey|81\/100 tox|[from] item: Leftovers\n|-damage|p1a: Blissey|69\/100 tox|[from] psn\n|upkeep\n|turn|18\n|\n|t:|1698398739\n|move|p1a: Blissey|Seismic Toss|p2a: Toxapex\n|-damage|p2a: Toxapex|55\/100 par\n|move|p2a: Toxapex|Liquidation|p1a: Blissey\n|-damage|p1a: Blissey|38\/100 tox\n|\n|-heal|p1a: Blissey|44\/100 tox|[from] item: Leftovers\n|-damage|p1a: Blissey|25\/100 tox|[from] psn\n|upkeep\n|turn|19\n|\n|t:|1698398753\n|move|p1a: Blissey|Soft-Boiled|p1a: Blissey\n|-heal|p1a: Blissey|75\/100 tox\n|move|p2a: Toxapex|Liquidation|p1a: Blissey\n|-damage|p1a: Blissey|43\/100 tox\n|\n|-heal|p1a: Blissey|49\/100 tox|[from] item: Leftovers\n|-damage|p1a: Blissey|24\/100 tox|[from] psn\n|upkeep\n|turn|20\n|\n|t:|1698398766\n|-curestatus|p1a: Blissey|tox|[from] ability: Natural Cure\n|switch|p1a: Gardevoir|Gardevoir, M|100\/100\n|move|p2a: Toxapex|Liquidation|p1a: Gardevoir\n|-damage|p1a: Gardevoir|64\/100\n|\n|upkeep\n|turn|21\n|\n|t:|1698398779\n|move|p1a: Gardevoir|Psyshock|p2a: Toxapex\n|-supereffective|p2a: Toxapex\n|-damage|p2a: Toxapex|0 fnt\n|faint|p2a: Toxapex\n|\n|upkeep\n|\n|t:|1698398791\n|switch|p2a: Gholdengo|Gholdengo|100\/100\n|-damage|p2a: Gholdengo|94\/100|[from] Stealth Rock\n|turn|22\n|\n|t:|1698398798\n|switch|p1a: Blissey|Blissey, F|24\/100\n|move|p2a: Gholdengo|Shadow Ball|p1a: Blissey\n|-immune|p1a: Blissey\n|\n|-heal|p1a: Blissey|30\/100|[from] item: Leftovers\n|upkeep\n|turn|23\n|\n|t:|1698398808\n|move|p2a: Gholdengo|Make It Rain|p1a: Blissey\n|-damage|p1a: Blissey|12\/100\n|-unboost|p2a: Gholdengo|spa|1\n|move|p1a: Blissey|Thunder Wave|p2a: Gholdengo\n|-immune|p2a: Gholdengo|[from] ability: Good as Gold\n|\n|-heal|p1a: Blissey|18\/100|[from] item: Leftovers\n|upkeep\n|turn|24\n|\n|t:|1698398819\n|move|p2a: Gholdengo|Make It Rain|p1a: Blissey\n|-damage|p1a: Blissey|6\/100\n|-unboost|p2a: Gholdengo|spa|1\n|move|p1a: Blissey|Soft-Boiled|p1a: Blissey\n|-heal|p1a: Blissey|56\/100\n|\n|-heal|p1a: Blissey|62\/100|[from] item: Leftovers\n|upkeep\n|turn|25\n|\n|t:|1698398831\n|switch|p2a: Urshifu|Urshifu-Rapid-Strike, F|100\/100\n|-damage|p2a: Urshifu|94\/100|[from] Stealth Rock\n|move|p1a: Blissey|Thunder Wave|p2a: Urshifu\n|-status|p2a: Urshifu|par\n|\n|-heal|p1a: Blissey|68\/100|[from] item: Leftovers\n|upkeep\n|turn|26\n|\n|t:|1698398845\n|switch|p1a: Yanmega|Yanmega, M|100\/100\n|move|p2a: Urshifu|Drain Punch|p1a: Yanmega\n|-resisted|p1a: Yanmega\n|-damage|p1a: Yanmega|86\/100\n|-heal|p2a: Urshifu|100\/100 par|[from] drain|[of] p1a: Yanmega\n|\n|upkeep\n|turn|27\n|\n|t:|1698398860\n|cant|p2a: Urshifu|par\n|move|p1a: Yanmega|Air Slash|p2a: Urshifu|[miss]\n|-miss|p1a: Yanmega|p2a: Urshifu\n|\n|-ability|p1a: Yanmega|Speed Boost|boost\n|-boost|p1a: Yanmega|spe|1\n|upkeep\n|turn|28\n|\n|t:|1698398868\n|move|p2a: Urshifu|Aqua Jet|p1a: Yanmega\n|-damage|p1a: Yanmega|57\/100\n|move|p1a: Yanmega|Air Slash|p2a: Urshifu\n|-supereffective|p2a: Urshifu\n|-damage|p2a: Urshifu|0 fnt\n|faint|p2a: Urshifu\n|\n|-ability|p1a: Yanmega|Speed Boost|boost\n|-boost|p1a: Yanmega|spe|1\n|upkeep\n|\n|t:|1698398879\n|switch|p2a: Dragonite|Dragonite, M, shiny|100\/100\n|-damage|p2a: Dragonite|76\/100|[from] Stealth Rock\n|turn|29\n|\n|t:|1698398887\n|move|p2a: Dragonite|Extreme Speed|p1a: Yanmega\n|-damage|p1a: Yanmega|24\/100\n|move|p1a: Yanmega|Air Slash|p2a: Dragonite\n|-damage|p2a: Dragonite|30\/100\n|\n|-heal|p2a: Dragonite|36\/100|[from] item: Leftovers\n|-ability|p1a: Yanmega|Speed Boost|boost\n|-boost|p1a: Yanmega|spe|1\n|upkeep\n|turn|30\n|\n|t:|1698398900\n|switch|p1a: Volcarona|Volcarona, F|100\/100\n|move|p2a: Dragonite|Extreme Speed|p1a: Volcarona\n|-damage|p1a: Volcarona|77\/100\n|-damage|p2a: Dragonite|20\/100|[from] item: Rocky Helmet|[of] p1a: Volcarona\n|-status|p2a: Dragonite|brn|[from] ability: Flame Body|[of] p1a: Volcarona\n|\n|-heal|p2a: Dragonite|26\/100 brn|[from] item: Leftovers\n|-damage|p2a: Dragonite|20\/100 brn|[from] brn\n|upkeep\n|turn|31\n|\n|t:|1698398915\n|move|p2a: Dragonite|Roost|p2a: Dragonite\n|-heal|p2a: Dragonite|70\/100 brn\n|-singleturn|p2a: Dragonite|move: Roost\n|move|p1a: Volcarona|Quiver Dance|p1a: Volcarona\n|-boost|p1a: Volcarona|spa|1\n|-boost|p1a: Volcarona|spd|1\n|-boost|p1a: Volcarona|spe|1\n|\n|-heal|p2a: Dragonite|76\/100 brn|[from] item: Leftovers\n|-damage|p2a: Dragonite|70\/100 brn|[from] brn\n|upkeep\n|turn|32\n|c|\u2606TheKeaToSuccess|Take the L\n|\n|t:|1698398927\n|move|p1a: Volcarona|Quiver Dance|p1a: Volcarona\n|-boost|p1a: Volcarona|spa|1\n|-boost|p1a: Volcarona|spd|1\n|-boost|p1a: Volcarona|spe|1\n|move|p2a: Dragonite|Roost|p2a: Dragonite\n|-heal|p2a: Dragonite|100\/100 brn\n|-singleturn|p2a: Dragonite|move: Roost\n|\n|-damage|p2a: Dragonite|94\/100 brn|[from] brn\n|upkeep\n|turn|33\n|\n|t:|1698398942\n|move|p1a: Volcarona|Quiver Dance|p1a: Volcarona\n|-boost|p1a: Volcarona|spa|1\n|-boost|p1a: Volcarona|spd|1\n|-boost|p1a: Volcarona|spe|1\n|move|p2a: Dragonite|Earthquake|p1a: Volcarona\n|-damage|p1a: Volcarona|61\/100\n|\n|-heal|p2a: Dragonite|100\/100 brn|[from] item: Leftovers\n|-damage|p2a: Dragonite|94\/100 brn|[from] brn\n|upkeep\n|turn|34\n|\n|t:|1698398955\n|-terastallize|p2a: Dragonite|Normal\n|move|p2a: Dragonite|Extreme Speed|p1a: Volcarona\n|-damage|p1a: Volcarona|44\/100\n|-damage|p2a: Dragonite|78\/100 brn|[from] item: Rocky Helmet|[of] p1a: Volcarona\n|move|p1a: Volcarona|Quiver Dance|p1a: Volcarona\n|-boost|p1a: Volcarona|spa|1\n|-boost|p1a: Volcarona|spd|1\n|-boost|p1a: Volcarona|spe|1\n|\n|-heal|p2a: Dragonite|84\/100 brn|[from] item: Leftovers\n|-damage|p2a: Dragonite|78\/100 brn|[from] brn\n|upkeep\n|turn|35\n|\n|t:|1698398969\n|move|p2a: Dragonite|Extreme Speed|p1a: Volcarona\n|-damage|p1a: Volcarona|27\/100\n|-damage|p2a: Dragonite|61\/100 brn|[from] item: Rocky Helmet|[of] p1a: Volcarona\n|move|p1a: Volcarona|Giga Drain|p2a: Dragonite\n|-damage|p2a: Dragonite|0 fnt\n|-heal|p1a: Volcarona|54\/100|[from] drain|[of] p2a: Dragonite\n|faint|p2a: Dragonite\n|\n|upkeep\n|\n|t:|1698398980\n|switch|p2a: Chi-Yu|Chi-Yu|100\/100\n|-damage|p2a: Chi-Yu|76\/100|[from] Stealth Rock\n|-ability|p2a: Chi-Yu|Beads of Ruin\n|turn|36\n|\n|t:|1698398996\n|move|p1a: Volcarona|Bug Buzz|p2a: Chi-Yu\n|-damage|p2a: Chi-Yu|0 fnt\n|faint|p2a: Chi-Yu\n|\n|upkeep\n|\n|t:|1698399001\n|switch|p2a: Gholdengo|Gholdengo|94\/100\n|-damage|p2a: Gholdengo|88\/100|[from] Stealth Rock\n|turn|37\n|c|\u2606TheKeaToSuccess|Trash stall attempt\n|\n|t:|1698399011\n|move|p1a: Volcarona|Fiery Dance|p2a: Gholdengo\n|-supereffective|p2a: Gholdengo\n|-crit|p2a: Gholdengo\n|-damage|p2a: Gholdengo|0 fnt\n|-boost|p1a: Volcarona|spa|1\n|faint|p2a: Gholdengo\n|\n|win|TheKeaToSuccess\n|raw|TheKeaToSuccess's rating: 1121 &rarr; <strong>1138<\/strong><br \/>(+17 for winning)\n|raw|8614496589w's rating: 1000 &rarr; <strong>1000<\/strong><br \/>(+0 for losing)\n|l|\u26068614496589w\n","uploadtime":1698399030,"views":16,"p1id":"thekeatosuccess","p2id":"8614496589w","formatid":"gen9ubers","rating":1000,"private":0,"password":""}