{"id":"gen9ubers-1989192173","p1":"Albaz Brand","p2":"CodenameCAT","format":"[Gen 9] Ubers","log":"|j|\u2606Albaz Brand\n|j|\u2606CodenameCAT\n|t:|1699821883\n|gametype|singles\n|player|p1|Albaz Brand|bellelba|\n|player|p2|CodenameCAT|cogita|\n|teamsize|p1|6\n|teamsize|p2|6\n|gen|9\n|tier|[Gen 9] Ubers\n|rule|Sleep Clause Mod: Limit one foe put to sleep\n|rule|Species Clause: Limit one of each Pok\u00e9mon\n|rule|OHKO Clause: OHKO moves are banned\n|rule|Evasion Items Clause: Evasion items are banned\n|rule|Evasion Moves Clause: Evasion moves are banned\n|rule|Endless Battle Clause: Forcing endless battles is banned\n|rule|HP Percentage Mod: HP is shown in percentages\n|clearpoke\n|poke|p1|Torkoal, M|\n|poke|p1|Arceus-Grass|\n|poke|p1|Roaring Moon|\n|poke|p1|Walking Wake|\n|poke|p1|Iron Moth|\n|poke|p1|Magearna-Original|\n|poke|p2|Spidops, F|\n|poke|p2|Darkrai|\n|poke|p2|Chi-Yu|\n|poke|p2|Gholdengo|\n|poke|p2|Baxcalibur, F|\n|poke|p2|Espathra, M|\n|teampreview\n|inactive|Battle timer is ON: inactive players will automatically lose when time's up. (requested by CodenameCAT)\n|c|\u2606CodenameCAT|glhf\n|c|\u2606Albaz Brand|GLHF\n|inactive|CodenameCAT has 270 seconds left.\n|\n|t:|1699821924\n|start\n|switch|p1a: Torkoal|Torkoal, M|100\/100\n|switch|p2a: Spidops|Spidops, F|100\/100\n|-weather|SunnyDay|[from] ability: Drought|[of] p1a: Torkoal\n|turn|1\n|\n|t:|1699821931\n|move|p2a: Spidops|Sticky Web|p1a: Torkoal\n|-sidestart|p1: Albaz Brand|move: Sticky Web\n|move|p1a: Torkoal|Yawn|p2a: Spidops\n|-immune|p2a: Spidops|[from] ability: Insomnia\n|\n|-weather|SunnyDay|[upkeep]\n|upkeep\n|turn|2\n|\n|t:|1699821936\n|move|p2a: Spidops|Spikes|p1a: Torkoal\n|-sidestart|p1: Albaz Brand|Spikes\n|move|p1a: Torkoal|Lava Plume|p2a: Spidops\n|-supereffective|p2a: Spidops\n|-damage|p2a: Spidops|19\/100\n|\n|-weather|SunnyDay|[upkeep]\n|upkeep\n|turn|3\n|j| Nitro524\n|\n|t:|1699821944\n|move|p2a: Spidops|Memento|p1a: Torkoal\n|-unboost|p1a: Torkoal|atk|2\n|-unboost|p1a: Torkoal|spa|2\n|faint|p2a: Spidops\n|move|p1a: Torkoal|Lava Plume|p2: Spidops|[notarget]\n|-fail|p1a: Torkoal\n|\n|-weather|SunnyDay|[upkeep]\n|upkeep\n|\n|t:|1699821951\n|switch|p2a: Espathra|Espathra, M|100\/100\n|turn|4\n|\n|t:|1699821958\n|move|p2a: Espathra|Substitute|p2a: Espathra\n|-start|p2a: Espathra|Substitute\n|-damage|p2a: Espathra|76\/100\n|move|p1a: Torkoal|Yawn||[still]\n|-fail|p1a: Torkoal\n|\n|-weather|SunnyDay|[upkeep]\n|-heal|p2a: Espathra|82\/100|[from] item: Leftovers\n|-ability|p2a: Espathra|Speed Boost|boost\n|-boost|p2a: Espathra|spe|1\n|upkeep\n|turn|5\n|\n|t:|1699821961\n|move|p2a: Espathra|Calm Mind|p2a: Espathra\n|-boost|p2a: Espathra|spa|1\n|-boost|p2a: Espathra|spd|1\n|move|p1a: Torkoal|Lava Plume|p2a: Espathra\n|-activate|p2a: Espathra|move: Substitute|[damage]\n|\n|-weather|SunnyDay|[upkeep]\n|-heal|p2a: Espathra|88\/100|[from] item: Leftovers\n|-ability|p2a: Espathra|Speed Boost|boost\n|-boost|p2a: Espathra|spe|1\n|upkeep\n|turn|6\n|\n|t:|1699821963\n|move|p2a: Espathra|Calm Mind|p2a: Espathra\n|-boost|p2a: Espathra|spa|1\n|-boost|p2a: Espathra|spd|1\n|move|p1a: Torkoal|Rapid Spin|p2a: Espathra\n|-end|p2a: Espathra|Substitute\n|-sideend|p1: Albaz Brand|Spikes|[from] move: Rapid Spin|[of] p1a: Torkoal\n|-sideend|p1: Albaz Brand|Sticky Web|[from] move: Rapid Spin|[of] p1a: Torkoal\n|-boost|p1a: Torkoal|spe|1\n|\n|-weather|SunnyDay|[upkeep]\n|-heal|p2a: Espathra|94\/100|[from] item: Leftovers\n|-ability|p2a: Espathra|Speed Boost|boost\n|-boost|p2a: Espathra|spe|1\n|upkeep\n|turn|7\n|\n|t:|1699821968\n|move|p2a: Espathra|Substitute|p2a: Espathra\n|-start|p2a: Espathra|Substitute\n|-damage|p2a: Espathra|69\/100\n|move|p1a: Torkoal|Lava Plume|p2a: Espathra\n|-activate|p2a: Espathra|move: Substitute|[damage]\n|\n|-weather|SunnyDay|[upkeep]\n|-heal|p2a: Espathra|75\/100|[from] item: Leftovers\n|-ability|p2a: Espathra|Speed Boost|boost\n|-boost|p2a: Espathra|spe|1\n|upkeep\n|turn|8\n|\n|t:|1699821971\n|switch|p1a: Roaring Moon|Roaring Moon|100\/100\n|-activate|p1a: Roaring Moon|ability: Protosynthesis\n|-start|p1a: Roaring Moon|protosynthesisatk\n|move|p2a: Espathra|Calm Mind|p2a: Espathra\n|-boost|p2a: Espathra|spa|1\n|-boost|p2a: Espathra|spd|1\n|\n|-weather|none\n|-end|p1a: Roaring Moon|Protosynthesis\n|-heal|p2a: Espathra|81\/100|[from] item: Leftovers\n|-ability|p2a: Espathra|Speed Boost|boost\n|-boost|p2a: Espathra|spe|1\n|upkeep\n|-enditem|p1a: Roaring Moon|Booster Energy\n|-activate|p1a: Roaring Moon|ability: Protosynthesis|[fromitem]\n|-start|p1a: Roaring Moon|protosynthesisatk\n|turn|9\n|\n|t:|1699821985\n|-end|p1a: Roaring Moon|Protosynthesis|[silent]\n|switch|p1a: Torkoal|Torkoal, M|100\/100\n|-weather|SunnyDay|[from] ability: Drought|[of] p1a: Torkoal\n|move|p2a: Espathra|Protect||[still]\n|-fail|p2a: Espathra\n|\n|-weather|SunnyDay|[upkeep]\n|-heal|p2a: Espathra|87\/100|[from] item: Leftovers\n|-ability|p2a: Espathra|Speed Boost|boost\n|-boost|p2a: Espathra|spe|1\n|upkeep\n|turn|10\n|\n|t:|1699821995\n|switch|p2a: Chi-Yu|Chi-Yu|100\/100\n|-ability|p2a: Chi-Yu|Beads of Ruin\n|move|p1a: Torkoal|Lava Plume|p2a: Chi-Yu\n|-resisted|p2a: Chi-Yu\n|-damage|p2a: Chi-Yu|80\/100\n|\n|-weather|SunnyDay|[upkeep]\n|upkeep\n|turn|11\n|\n|t:|1699822001\n|move|p2a: Chi-Yu|Overheat|p1a: Torkoal\n|-resisted|p1a: Torkoal\n|-crit|p1a: Torkoal\n|-damage|p1a: Torkoal|0 fnt\n|-unboost|p2a: Chi-Yu|spa|2\n|faint|p1a: Torkoal\n|\n|-weather|SunnyDay|[upkeep]\n|upkeep\n|\n|t:|1699822005\n|switch|p1a: Walking Wake|Walking Wake|100\/100\n|-activate|p1a: Walking Wake|ability: Protosynthesis\n|-start|p1a: Walking Wake|protosynthesisspe\n|turn|12\n|\n|t:|1699822017\n|switch|p2a: Gholdengo|Gholdengo|100\/100\n|move|p1a: Walking Wake|Draco Meteor|p2a: Gholdengo\n|-resisted|p2a: Gholdengo\n|-damage|p2a: Gholdengo|45\/100\n|-unboost|p1a: Walking Wake|spa|2\n|\n|-weather|SunnyDay|[upkeep]\n|upkeep\n|turn|13\n|\n|t:|1699822023\n|-end|p1a: Walking Wake|Protosynthesis|[silent]\n|switch|p1a: Magearna|Magearna-Original|100\/100\n|move|p2a: Gholdengo|Shadow Ball|p1a: Magearna\n|-damage|p1a: Magearna|61\/100\n|\n|-weather|SunnyDay|[upkeep]\n|-heal|p1a: Magearna|67\/100|[from] item: Leftovers\n|upkeep\n|turn|14\n|\n|t:|1699822029\n|move|p2a: Gholdengo|Nasty Plot|p2a: Gholdengo\n|-boost|p2a: Gholdengo|spa|2\n|move|p1a: Magearna|Volt Switch|p2a: Gholdengo\n|-damage|p2a: Gholdengo|15\/100\n|\n|t:|1699822035\n|switch|p1a: Walking Wake|Walking Wake|100\/100|[from] Volt Switch\n|-activate|p1a: Walking Wake|ability: Protosynthesis\n|-start|p1a: Walking Wake|protosynthesisspe\n|\n|-weather|SunnyDay|[upkeep]\n|upkeep\n|turn|15\n|\n|t:|1699822040\n|move|p1a: Walking Wake|Hydro Steam|p2a: Gholdengo\n|-damage|p2a: Gholdengo|0 fnt\n|faint|p2a: Gholdengo\n|\n|-weather|SunnyDay|[upkeep]\n|upkeep\n|\n|t:|1699822046\n|switch|p2a: Espathra|Espathra, M|87\/100\n|turn|16\n|\n|t:|1699822052\n|move|p2a: Espathra|Protect|p2a: Espathra\n|-singleturn|p2a: Espathra|Protect\n|move|p1a: Walking Wake|Hydro Steam|p2a: Espathra\n|-activate|p2a: Espathra|move: Protect\n|\n|-weather|none\n|-end|p1a: Walking Wake|Protosynthesis\n|-heal|p2a: Espathra|93\/100|[from] item: Leftovers\n|-ability|p2a: Espathra|Speed Boost|boost\n|-boost|p2a: Espathra|spe|1\n|upkeep\n|turn|17\n|\n|t:|1699822055\n|switch|p2a: Baxcalibur|Baxcalibur, F|100\/100\n|move|p1a: Walking Wake|Hydro Steam|p2a: Baxcalibur\n|-resisted|p2a: Baxcalibur\n|-damage|p2a: Baxcalibur|68\/100\n|\n|upkeep\n|turn|18\n|\n|t:|1699822060\n|-end|p1a: Walking Wake|Protosynthesis|[silent]\n|switch|p1a: Magearna|Magearna-Original|67\/100\n|switch|p2a: Darkrai|Darkrai|100\/100\n|\n|-heal|p1a: Magearna|73\/100|[from] item: Leftovers\n|upkeep\n|turn|19\n|\n|t:|1699822070\n|switch|p2a: Espathra|Espathra, M|93\/100\n|move|p1a: Magearna|Volt Switch|p2a: Espathra\n|-damage|p2a: Espathra|52\/100\n|\n|t:|1699822077\n|switch|p1a: Roaring Moon|Roaring Moon|100\/100|[from] Volt Switch\n|\n|-heal|p2a: Espathra|58\/100|[from] item: Leftovers\n|upkeep\n|turn|20\n|\n|t:|1699822085\n|switch|p2a: Darkrai|Darkrai|100\/100\n|move|p1a: Roaring Moon|Dragon Dance|p1a: Roaring Moon\n|-boost|p1a: Roaring Moon|atk|1\n|-boost|p1a: Roaring Moon|spe|1\n|\n|upkeep\n|turn|21\n|\n|t:|1699822095\n|move|p1a: Roaring Moon|Knock Off|p2a: Darkrai\n|-resisted|p2a: Darkrai\n|-damage|p2a: Darkrai|39\/100\n|-enditem|p2a: Darkrai|Life Orb|[from] move: Knock Off|[of] p1a: Roaring Moon\n|move|p2a: Darkrai|Thunder Wave|p1a: Roaring Moon\n|-status|p1a: Roaring Moon|par\n|\n|upkeep\n|turn|22\n|\n|t:|1699822103\n|move|p2a: Darkrai|Ice Beam|p1a: Roaring Moon\n|-supereffective|p1a: Roaring Moon\n|-damage|p1a: Roaring Moon|33\/100 par\n|move|p1a: Roaring Moon|Knock Off|p2a: Darkrai\n|-resisted|p2a: Darkrai\n|-damage|p2a: Darkrai|2\/100\n|\n|upkeep\n|turn|23\n|j| Incredibleking\n|\n|t:|1699822110\n|-end|p1a: Roaring Moon|Protosynthesis|[silent]\n|switch|p1a: Magearna|Magearna-Original|73\/100\n|move|p2a: Darkrai|Ice Beam|p1a: Magearna\n|-resisted|p1a: Magearna\n|-damage|p1a: Magearna|56\/100\n|\n|-heal|p1a: Magearna|62\/100|[from] item: Leftovers\n|upkeep\n|turn|24\n|\n|t:|1699822118\n|move|p2a: Darkrai|Dark Pulse|p1a: Magearna\n|-resisted|p1a: Magearna\n|-damage|p1a: Magearna|40\/100\n|cant|p1a: Magearna|flinch\n|\n|-heal|p1a: Magearna|46\/100|[from] item: Leftovers\n|upkeep\n|turn|25\n|\n|t:|1699822122\n|move|p2a: Darkrai|Dark Pulse|p1a: Magearna\n|-resisted|p1a: Magearna\n|-damage|p1a: Magearna|25\/100\n|move|p1a: Magearna|Draining Kiss|p2a: Darkrai\n|-supereffective|p2a: Darkrai\n|-damage|p2a: Darkrai|0 fnt\n|-heal|p1a: Magearna|25\/100|[from] drain|[of] p2a: Darkrai\n|faint|p2a: Darkrai\n|-ability|p1a: Magearna|Soul-Heart|boost\n|-boost|p1a: Magearna|spa|1\n|\n|-heal|p1a: Magearna|31\/100|[from] item: Leftovers\n|upkeep\n|\n|t:|1699822133\n|switch|p2a: Chi-Yu|Chi-Yu|80\/100\n|-ability|p2a: Chi-Yu|Beads of Ruin\n|turn|26\n|l| Incredibleking\n|\n|t:|1699822146\n|-terastallize|p1a: Magearna|Water\n|move|p2a: Chi-Yu|Overheat|p1a: Magearna|[miss]\n|-miss|p2a: Chi-Yu|p1a: Magearna\n|move|p1a: Magearna|Draining Kiss|p2a: Chi-Yu\n|-damage|p2a: Chi-Yu|34\/100\n|-heal|p1a: Magearna|60\/100|[from] drain|[of] p2a: Chi-Yu\n|\n|-heal|p1a: Magearna|66\/100|[from] item: Leftovers\n|upkeep\n|turn|27\n|j| Finchely\n|c| Finchely|oh haii\n|\n|t:|1699822156\n|-terastallize|p2a: Chi-Yu|Fire\n|move|p2a: Chi-Yu|Overheat|p1a: Magearna\n|-resisted|p1a: Magearna\n|-damage|p1a: Magearna|0 fnt\n|-unboost|p2a: Chi-Yu|spa|2\n|faint|p1a: Magearna\n|\n|upkeep\n|c| Finchely|sorry for joining late\n|\n|t:|1699822161\n|switch|p1a: Iron Moth|Iron Moth, shiny|100\/100\n|-enditem|p1a: Iron Moth|Booster Energy\n|-activate|p1a: Iron Moth|ability: Quark Drive|[fromitem]\n|-start|p1a: Iron Moth|quarkdrivespe\n|turn|28\n|\n|t:|1699822167\n|move|p1a: Iron Moth|Sludge Wave|p2a: Chi-Yu\n|-damage|p2a: Chi-Yu|0 fnt\n|faint|p2a: Chi-Yu\n|\n|upkeep\n|\n|t:|1699822180\n|switch|p2a: Baxcalibur|Baxcalibur, F|68\/100\n|turn|29\n|\n|t:|1699822185\n|move|p1a: Iron Moth|Dazzling Gleam|p2a: Baxcalibur\n|-supereffective|p2a: Baxcalibur\n|-damage|p2a: Baxcalibur|12\/100\n|move|p2a: Baxcalibur|Scale Shot|p1a: Iron Moth\n|-damage|p1a: Iron Moth|77\/100\n|-damage|p1a: Iron Moth|55\/100\n|-damage|p1a: Iron Moth|33\/100\n|-damage|p1a: Iron Moth|10\/100\n|-hitcount|p1a: Iron Moth|4\n|-unboost|p2a: Baxcalibur|def|1\n|-boost|p2a: Baxcalibur|spe|1\n|\n|upkeep\n|turn|30\n|\n|t:|1699822192\n|move|p1a: Iron Moth|Sludge Wave|p2a: Baxcalibur\n|-damage|p2a: Baxcalibur|0 fnt\n|faint|p2a: Baxcalibur\n|\n|upkeep\n|\n|t:|1699822194\n|switch|p2a: Espathra|Espathra, M|58\/100\n|turn|31\n|c|\u2606CodenameCAT|gg\n|\n|t:|1699822197\n|move|p2a: Espathra|Protect|p2a: Espathra\n|-singleturn|p2a: Espathra|Protect\n|move|p1a: Iron Moth|Fiery Dance|p2a: Espathra\n|-activate|p2a: Espathra|move: Protect\n|\n|-heal|p2a: Espathra|64\/100|[from] item: Leftovers\n|-ability|p2a: Espathra|Speed Boost|boost\n|-boost|p2a: Espathra|spe|1\n|upkeep\n|turn|32\n|c| Finchely|lets gooo\n|c|\u2606Albaz Brand|GGs\n|\n|t:|1699822203\n|move|p1a: Iron Moth|Fiery Dance|p2a: Espathra\n|-damage|p2a: Espathra|4\/100\n|move|p2a: Espathra|Calm Mind|p2a: Espathra\n|-boost|p2a: Espathra|spa|1\n|-boost|p2a: Espathra|spd|1\n|\n|-heal|p2a: Espathra|10\/100|[from] item: Leftovers\n|-ability|p2a: Espathra|Speed Boost|boost\n|-boost|p2a: Espathra|spe|1\n|upkeep\n|turn|33\n|\n|t:|1699822208\n|move|p2a: Espathra|Protect|p2a: Espathra\n|-singleturn|p2a: Espathra|Protect\n|move|p1a: Iron Moth|Fiery Dance|p2a: Espathra\n|-activate|p2a: Espathra|move: Protect\n|\n|-heal|p2a: Espathra|16\/100|[from] item: Leftovers\n|-ability|p2a: Espathra|Speed Boost|boost\n|-boost|p2a: Espathra|spe|1\n|upkeep\n|turn|34\n|\n|t:|1699822212\n|move|p2a: Espathra|Stored Power|p1a: Iron Moth\n|-supereffective|p1a: Iron Moth\n|-damage|p1a: Iron Moth|0 fnt\n|faint|p1a: Iron Moth\n|-end|p1a: Iron Moth|Quark Drive|[silent]\n|\n|-heal|p2a: Espathra|22\/100|[from] item: Leftovers\n|-ability|p2a: Espathra|Speed Boost|boost\n|-boost|p2a: Espathra|spe|1\n|upkeep\n|c| Finchely|no fucking way\n|\n|t:|1699822218\n|switch|p1a: Roaring Moon|Roaring Moon|33\/100 par\n|turn|35\n|\n|t:|1699822221\n|move|p2a: Espathra|Protect|p2a: Espathra\n|-singleturn|p2a: Espathra|Protect\n|move|p1a: Roaring Moon|Knock Off|p2a: Espathra\n|-activate|p2a: Espathra|move: Protect\n|\n|-heal|p2a: Espathra|28\/100|[from] item: Leftovers\n|-ability|p2a: Espathra|Speed Boost|boost\n|-boost|p2a: Espathra|spe|1\n|upkeep\n|turn|36\n|\n|t:|1699822223\n|move|p2a: Espathra|Substitute|p2a: Espathra\n|-start|p2a: Espathra|Substitute\n|-damage|p2a: Espathra|4\/100\n|move|p1a: Roaring Moon|Knock Off|p2a: Espathra\n|-supereffective|p2a: Espathra\n|-end|p2a: Espathra|Substitute\n|\n|-heal|p2a: Espathra|10\/100|[from] item: Leftovers\n|-ability|p2a: Espathra|Speed Boost|boost\n|-boost|p2a: Espathra|spe|1\n|upkeep\n|turn|37\n|\n|t:|1699822227\n|move|p2a: Espathra|Protect|p2a: Espathra\n|-singleturn|p2a: Espathra|Protect\n|move|p1a: Roaring Moon|Knock Off|p2a: Espathra\n|-activate|p2a: Espathra|move: Protect\n|\n|-heal|p2a: Espathra|16\/100|[from] item: Leftovers\n|upkeep\n|turn|38\n|\n|t:|1699822229\n|move|p2a: Espathra|Calm Mind|p2a: Espathra\n|-boost|p2a: Espathra|spa|1\n|-boost|p2a: Espathra|spd|1\n|move|p1a: Roaring Moon|Knock Off|p2a: Espathra\n|-supereffective|p2a: Espathra\n|-damage|p2a: Espathra|0 fnt\n|-enditem|p2a: Espathra|Leftovers|[from] move: Knock Off|[of] p1a: Roaring Moon\n|faint|p2a: Espathra\n|\n|win|Albaz Brand\n|c|\u2606Albaz Brand|GGs\n|l|\u2606Albaz Brand\n|c| Finchely|this looks like\n|c| Finchely|WAIT\n|l| Finchely\n|j| Incredibleking\n|l| Incredibleking\n","uploadtime":1699822831,"views":40,"p1id":"albazbrand","p2id":"codenamecat","formatid":"gen9ubers","rating":0,"private":0,"password":""}