{"id":"gen9ubers-1983324218","p1":"mimolette7","p2":"Primal Latios","format":"[Gen 9] Ubers","log":"|j|\u2606mimolette7\n|j|\u2606Primal Latios\n|t:|1699118272\n|gametype|singles\n|player|p1|mimolette7|elesa-masters2|\n|player|p2|Primal Latios|170|\n|teamsize|p1|6\n|teamsize|p2|6\n|gen|9\n|tier|[Gen 9] Ubers\n|rule|Sleep Clause Mod: Limit one foe put to sleep\n|rule|Species Clause: Limit one of each Pok\u00e9mon\n|rule|OHKO Clause: OHKO moves are banned\n|rule|Evasion Items Clause: Evasion items are banned\n|rule|Evasion Moves Clause: Evasion moves are banned\n|rule|Endless Battle Clause: Forcing endless battles is banned\n|rule|HP Percentage Mod: HP is shown in percentages\n|clearpoke\n|poke|p1|Masquerain, M|\n|poke|p1|Palkia-Origin|\n|poke|p1|Arceus-Fire|\n|poke|p1|Zacian-*|\n|poke|p1|Spectrier|\n|poke|p1|Basculegion-F, F|\n|poke|p2|Palkia-Origin|\n|poke|p2|Giratina|\n|poke|p2|Garchomp, M|\n|poke|p2|Spectrier|\n|poke|p2|Zamazenta-*|\n|poke|p2|Cinderace, F|\n|teampreview\n|inactive|Battle timer is ON: inactive players will automatically lose when time's up. (requested by mimolette7)\n|inactive|mimolette7 has 270 seconds left.\n|\n|t:|1699118325\n|start\n|switch|p1a: Masquerain|Masquerain, M|100\/100\n|switch|p2a: Veil|Garchomp, M|100\/100\n|-ability|p1a: Masquerain|Intimidate|boost\n|-unboost|p2a: Veil|atk|1\n|turn|1\n|\n|t:|1699118338\n|move|p1a: Masquerain|Tailwind|p1a: Masquerain\n|-sidestart|p1: mimolette7|move: Tailwind\n|move|p2a: Veil|Stealth Rock|p1a: Masquerain\n|-sidestart|p1: mimolette7|move: Stealth Rock\n|\n|upkeep\n|turn|2\n|inactive|Primal Latios has 270 seconds left.\n|\n|t:|1699118373\n|move|p1a: Masquerain|Sticky Web|p2a: Veil\n|-sidestart|p2: Primal Latios|move: Sticky Web\n|move|p2a: Veil|Rock Tomb|p1a: Masquerain\n|-supereffective|p1a: Masquerain\n|-damage|p1a: Masquerain|19\/100\n|-unboost|p1a: Masquerain|spe|1\n|\n|upkeep\n|turn|3\n|inactive|Primal Latios has 270 seconds left.\n|\n|t:|1699118387\n|switch|p1a: Palkia|Palkia-Origin|100\/100\n|-damage|p1a: Palkia|88\/100|[from] Stealth Rock\n|-ability|p1a: Palkia|Pressure\n|move|p2a: Veil|Spikes|p1a: Palkia\n|-sidestart|p1: mimolette7|Spikes\n|\n|upkeep\n|turn|4\n|\n|t:|1699118407\n|move|p1a: Palkia|Scale Shot|p2a: Veil\n|-supereffective|p2a: Veil\n|-damage|p2a: Veil|88\/100\n|-supereffective|p2a: Veil\n|-damage|p2a: Veil|74\/100\n|-hitcount|p2a: Veil|2\n|-unboost|p1a: Palkia|def|1\n|-boost|p1a: Palkia|spe|1\n|move|p2a: Veil|Rock Tomb|p1a: Palkia\n|-damage|p1a: Palkia|66\/100\n|-unboost|p1a: Palkia|spe|1\n|\n|-sideend|p1: mimolette7|move: Tailwind\n|upkeep\n|turn|5\n|\n|t:|1699118421\n|move|p1a: Palkia|Spacial Rend|p2a: Veil\n|-supereffective|p2a: Veil\n|-damage|p2a: Veil|0 fnt\n|faint|p2a: Veil\n|\n|upkeep\n|inactive|Primal Latios has 270 seconds left.\n|inactive|Primal Latios has 240 seconds left.\n|\n|t:|1699118481\n|switch|p2a: rOYA|Zamazenta-Crowned|100\/100\n|-activate|p2a: rOYA|move: Sticky Web\n|-unboost|p2a: rOYA|spe|1\n|-ability|p2a: rOYA|Dauntless Shield|boost\n|-boost|p2a: rOYA|def|1\n|turn|6\n|inactive|mimolette7 has 270 seconds left.\n|\n|t:|1699118522\n|switch|p1a: Masquerain|Masquerain, M|19\/100\n|-damage|p1a: Masquerain|0 fnt|[from] Stealth Rock\n|faint|p1a: Masquerain\n|move|p2a: rOYA|Agility|p2a: rOYA\n|-boost|p2a: rOYA|spe|2\n|\n|upkeep\n|inactive|mimolette7 has 240 seconds left.\n|inactive|mimolette7 has 210 seconds left.\n|\n|t:|1699118600\n|switch|p1a: Zacian|Zacian|100\/100\n|-damage|p1a: Zacian|88\/100|[from] Stealth Rock\n|-damage|p1a: Zacian|76\/100|[from] Spikes\n|-ability|p1a: Zacian|Intrepid Sword|boost\n|-boost|p1a: Zacian|atk|1\n|turn|7\n|\n|t:|1699118620\n|-terastallize|p1a: Zacian|Ground\n|move|p2a: rOYA|Iron Defense|p2a: rOYA\n|-boost|p2a: rOYA|def|2\n|move|p1a: Zacian|Close Combat|p2a: rOYA\n|-supereffective|p2a: rOYA\n|-crit|p2a: rOYA\n|-damage|p2a: rOYA|0 fnt\n|-unboost|p1a: Zacian|def|1\n|-unboost|p1a: Zacian|spd|1\n|faint|p2a: rOYA\n|-damage|p1a: Zacian|66\/100|[from] item: Life Orb\n|\n|upkeep\n|\n|t:|1699118632\n|switch|p2a: grseo|Giratina|100\/100\n|-activate|p2a: grseo|move: Sticky Web\n|-unboost|p2a: grseo|spe|1\n|-ability|p2a: grseo|Pressure\n|turn|8\n|\n|t:|1699118646\n|switch|p1a: Spectrier|Spectrier|100\/100\n|-damage|p1a: Spectrier|88\/100|[from] Stealth Rock\n|-damage|p1a: Spectrier|76\/100|[from] Spikes\n|move|p2a: grseo|Will-O-Wisp|p1a: Spectrier|[miss]\n|-miss|p2a: grseo|p1a: Spectrier\n|\n|-heal|p1a: Spectrier|82\/100|[from] item: Leftovers\n|upkeep\n|turn|9\n|\n|t:|1699118656\n|move|p1a: Spectrier|Substitute|p1a: Spectrier\n|-start|p1a: Spectrier|Substitute\n|-damage|p1a: Spectrier|57\/100\n|move|p2a: grseo|Poltergeist|p1a: Spectrier\n|-activate|p1a: Spectrier|move: Poltergeist|Leftovers\n|-supereffective|p1a: Spectrier\n|-end|p1a: Spectrier|Substitute\n|\n|-heal|p1a: Spectrier|63\/100|[from] item: Leftovers\n|upkeep\n|turn|10\n|inactive|Primal Latios has 240 seconds left.\n|\n|t:|1699118666\n|move|p1a: Spectrier|Shadow Ball|p2a: grseo\n|-supereffective|p2a: grseo\n|-damage|p2a: grseo|64\/100\n|-unboost|p2a: grseo|spd|1\n|move|p2a: grseo|Poltergeist|p1a: Spectrier\n|-activate|p1a: Spectrier|move: Poltergeist|Leftovers\n|-supereffective|p1a: Spectrier\n|-damage|p1a: Spectrier|0 fnt\n|faint|p1a: Spectrier\n|\n|-heal|p2a: grseo|70\/100|[from] item: Leftovers\n|upkeep\n|\n|t:|1699118676\n|switch|p1a: Palkia|Palkia-Origin|66\/100\n|-damage|p1a: Palkia|53\/100|[from] Stealth Rock\n|-damage|p1a: Palkia|41\/100|[from] Spikes\n|-ability|p1a: Palkia|Pressure\n|turn|11\n|inactive|Primal Latios has 240 seconds left.\n|\n|t:|1699118716\n|-terastallize|p2a: grseo|Ghost\n|move|p1a: Palkia|Spacial Rend|p2a: grseo\n|-crit|p2a: grseo\n|-damage|p2a: grseo|0 fnt\n|faint|p2a: grseo\n|\n|upkeep\n|\n|t:|1699118727\n|switch|p2a: Messi|Cinderace, F|100\/100\n|-activate|p2a: Messi|move: Sticky Web\n|-unboost|p2a: Messi|spe|1\n|turn|12\n|inactive|mimolette7 has 210 seconds left.\n|\n|t:|1699118737\n|move|p2a: Messi|Gunk Shot|p1a: Palkia\n|-start|p2a: Messi|typechange|Poison|[from] ability: Libero\n|-damage|p1a: Palkia|0 fnt\n|faint|p1a: Palkia\n|\n|upkeep\n|inactive|mimolette7 has 210 seconds left.\n|\n|t:|1699118757\n|switch|p1a: Arceus|Arceus-Fire|100\/100\n|-damage|p1a: Arceus|76\/100|[from] Stealth Rock\n|-damage|p1a: Arceus|63\/100|[from] Spikes\n|turn|13\n|\n|t:|1699118767\n|move|p1a: Arceus|Recover|p1a: Arceus\n|-heal|p1a: Arceus|100\/100\n|move|p2a: Messi|Gunk Shot|p1a: Arceus\n|-crit|p1a: Arceus\n|-damage|p1a: Arceus|35\/100\n|\n|upkeep\n|turn|14\n|\n|t:|1699118790\n|switch|p2a: Cheval de troie|Spectrier|100\/100\n|-activate|p2a: Cheval de troie|move: Sticky Web\n|-unboost|p2a: Cheval de troie|spe|1\n|move|p1a: Arceus|Recover|p1a: Arceus\n|-heal|p1a: Arceus|85\/100\n|\n|upkeep\n|turn|15\n|inactive|Primal Latios has 210 seconds left.\n|\n|t:|1699118828\n|move|p2a: Cheval de troie|Shadow Ball|p1a: Arceus\n|-damage|p1a: Arceus|47\/100\n|move|p1a: Arceus|Flare Blitz|p2a: Cheval de troie\n|-damage|p2a: Cheval de troie|0 fnt\n|faint|p2a: Cheval de troie\n|-damage|p1a: Arceus|18\/100|[from] Recoil\n|\n|upkeep\n|\n|t:|1699118838\n|switch|p2a: Messi|Cinderace, F|100\/100\n|-activate|p2a: Messi|move: Sticky Web\n|-unboost|p2a: Messi|spe|1\n|turn|16\n|\n|t:|1699118842\n|move|p1a: Arceus|Recover|p1a: Arceus\n|-heal|p1a: Arceus|68\/100\n|move|p2a: Messi|High Jump Kick|p1a: Arceus\n|-start|p2a: Messi|typechange|Fighting|[from] ability: Libero\n|-damage|p1a: Arceus|22\/100\n|\n|upkeep\n|turn|17\n|\n|t:|1699118851\n|switch|p2a: SPace Pirate|Palkia-Origin|100\/100\n|-activate|p2a: SPace Pirate|move: Sticky Web\n|-unboost|p2a: SPace Pirate|spe|1\n|-ability|p2a: SPace Pirate|Pressure\n|move|p1a: Arceus|Swords Dance|p1a: Arceus\n|-boost|p1a: Arceus|atk|2\n|\n|upkeep\n|turn|18\n|inactive|Primal Latios has 210 seconds left.\n|\n|t:|1699118879\n|move|p1a: Arceus|Dragon Claw|p2a: SPace Pirate\n|-supereffective|p2a: SPace Pirate\n|-damage|p2a: SPace Pirate|0 fnt\n|faint|p2a: SPace Pirate\n|\n|upkeep\n|\n|t:|1699118889\n|switch|p2a: Messi|Cinderace, F|100\/100\n|-activate|p2a: Messi|move: Sticky Web\n|-unboost|p2a: Messi|spe|1\n|turn|19\n|c|\u2606Primal Latios|gg\n|\n|t:|1699118896\n|move|p1a: Arceus|Flare Blitz|p2a: Messi\n|-resisted|p2a: Messi\n|-damage|p2a: Messi|0 fnt\n|faint|p2a: Messi\n|-damage|p1a: Arceus|0 fnt|[from] Recoil\n|faint|p1a: Arceus\n|\n|win|mimolette7\n|c|\u2606mimolette7|gg\n|c|\u2606mimolette7|sorry for hax\n","uploadtime":1699118908,"views":16,"p1id":"mimolette7","p2id":"primallatios","formatid":"gen9ubers","rating":0,"private":0,"password":""}