{"id":"gen9ubers-1973825497","p1":"Rei_darkness","p2":"N-Zoroark stan","format":"[Gen 9] Ubers","log":"|j|\u2606Rei_darkness\n|j|\u2606N-Zoroark stan\n|t:|1698017636\n|gametype|singles\n|player|p1|Rei_darkness|drayden|\n|player|p2|N-Zoroark stan|riley|\n|teamsize|p1|6\n|teamsize|p2|6\n|gen|9\n|tier|[Gen 9] Ubers\n|rule|Sleep Clause Mod: Limit one foe put to sleep\n|rule|Species Clause: Limit one of each Pok\u00e9mon\n|rule|OHKO Clause: OHKO moves are banned\n|rule|Evasion Items Clause: Evasion items are banned\n|rule|Evasion Moves Clause: Evasion moves are banned\n|rule|Endless Battle Clause: Forcing endless battles is banned\n|rule|HP Percentage Mod: HP is shown in percentages\n|clearpoke\n|poke|p1|Slowbro-Galar, F|\n|poke|p1|Espathra, M|\n|poke|p1|Greninja-*, F|\n|poke|p1|Medicham, M|\n|poke|p1|Landorus-Therian, M|\n|poke|p1|Infernape, M|\n|poke|p2|Zoroark-Hisui, M|\n|poke|p2|Palossand, F|\n|poke|p2|Blissey, F|\n|poke|p2|Palafin, M|\n|poke|p2|Slowking-Galar, F|\n|poke|p2|Infernape, F|\n|teampreview\n|inactive|Battle timer is ON: inactive players will automatically lose when time's up. (requested by N-Zoroark stan)\n|c|\u2606N-Zoroark stan|Glhf\n|\n|t:|1698017665\n|start\n|switch|p1a: Greninja|Greninja, F|100\/100\n|switch|p2a: Palafin|Palafin, M|100\/100\n|turn|1\n|\n|t:|1698017675\n|switch|p2a: Slowking|Slowking-Galar, F|100\/100\n|move|p1a: Greninja|Spikes|p2a: Slowking\n|-sidestart|p2: N-Zoroark stan|Spikes\n|\n|upkeep\n|turn|2\n|\n|t:|1698017683\n|move|p1a: Greninja|Liquidation|p2a: Slowking\n|-damage|p2a: Slowking|74\/100\n|move|p2a: Slowking|Toxic|p1a: Greninja\n|-status|p1a: Greninja|tox\n|\n|-damage|p1a: Greninja|95\/100 tox|[from] psn\n|upkeep\n|turn|3\n|\n|t:|1698017687\n|move|p1a: Greninja|Spikes|p2a: Slowking\n|-sidestart|p2: N-Zoroark stan|Spikes\n|move|p2a: Slowking|Chilly Reception|p2a: Slowking\n|-weather|Snow\n|\n|t:|1698017690\n|switch|p2a: Palafin|Palafin, M|100\/100|[from] Chilly Reception\n|-damage|p2a: Palafin|84\/100|[from] Spikes\n|\n|-weather|Snow|[upkeep]\n|-damage|p1a: Greninja|83\/100 tox|[from] psn\n|upkeep\n|turn|4\n|c|\u2606Rei_darkness|why is it not heri\n|c|\u2606Rei_darkness|hero forme\n|\n|t:|1698017714\n|move|p1a: Greninja|Spikes|p2a: Palafin\n|-sidestart|p2: N-Zoroark stan|Spikes\n|move|p2a: Palafin|Aura Sphere|p1a: Greninja\n|-supereffective|p1a: Greninja\n|-damage|p1a: Greninja|12\/100 tox\n|\n|-weather|Snow|[upkeep]\n|-damage|p1a: Greninja|0 fnt|[from] psn\n|faint|p1a: Greninja\n|upkeep\n|c|\u2606N-Zoroark stan|It was zoro turn 1 lmao\n|\n|t:|1698017719\n|switch|p1a: Espathra|Espathra, M|100\/100\n|turn|5\n|c|\u2606Rei_darkness|oh lol\n|\n|t:|1698017727\n|detailschange|p2a: Palafin|Palafin-Hero, M\n|switch|p2a: Slowking|Slowking-Galar, F|100\/100\n|-damage|p2a: Slowking|76\/100|[from] Spikes\n|move|p1a: Espathra|Light Screen|p1a: Espathra\n|-sidestart|p1: Rei_darkness|move: Light Screen\n|\n|-weather|Snow|[upkeep]\n|-ability|p1a: Espathra|Speed Boost|boost\n|-boost|p1a: Espathra|spe|1\n|upkeep\n|turn|6\n|\n|t:|1698017735\n|move|p1a: Espathra|U-turn|p2a: Slowking\n|-resisted|p2a: Slowking\n|-damage|p2a: Slowking|65\/100\n|replace|p2a: Zoroark|Zoroark-Hisui, M, shiny\n|-end|p2a: Zoroark|Illusion\n|c|\u2606Rei_darkness|my dumb ass\n|\n|t:|1698017752\n|switch|p1a: Landorus|Landorus-Therian, M|100\/100|[from] U-turn\n|-ability|p1a: Landorus|Intimidate|boost\n|-unboost|p2a: Zoroark|atk|1\n|move|p2a: Zoroark|Poltergeist|p1a: Landorus\n|-activate|p1a: Landorus|move: Poltergeist|Choice Specs\n|-damage|p1a: Landorus|56\/100\n|\n|-weather|Snow|[upkeep]\n|upkeep\n|turn|7\n|\n|t:|1698017762\n|switch|p2a: Blissey|Blissey, F|100\/100\n|move|p1a: Landorus|Earth Power|p2a: Blissey\n|-damage|p2a: Blissey|74\/100\n|\n|-weather|none\n|upkeep\n|turn|8\n|\n|t:|1698017769\n|switch|p1a: Espathra|Espathra, M|100\/100\n|move|p2a: Blissey|Stealth Rock|p1a: Espathra\n|-sidestart|p1: Rei_darkness|move: Stealth Rock\n|\n|upkeep\n|turn|9\n|\n|t:|1698017774\n|move|p1a: Espathra|Reflect|p1a: Espathra\n|-sidestart|p1: Rei_darkness|Reflect\n|move|p2a: Blissey|Seismic Toss|p1a: Espathra\n|-damage|p1a: Espathra|75\/100\n|\n|-ability|p1a: Espathra|Speed Boost|boost\n|-boost|p1a: Espathra|spe|1\n|upkeep\n|turn|10\n|\n|t:|1698017784\n|move|p1a: Espathra|U-turn|p2a: Blissey\n|-damage|p2a: Blissey|65\/100\n|\n|t:|1698017786\n|switch|p1a: Infernape|Infernape, M|100\/100|[from] U-turn\n|-damage|p1a: Infernape|88\/100|[from] Stealth Rock\n|move|p2a: Blissey|Seismic Toss|p1a: Infernape\n|-damage|p1a: Infernape|54\/100\n|\n|upkeep\n|turn|11\n|\n|t:|1698017792\n|switch|p2a: Slowking|Slowking-Galar, F|100\/100\n|move|p1a: Infernape|Swords Dance|p1a: Infernape\n|-boost|p1a: Infernape|atk|2\n|\n|upkeep\n|turn|12\n|\n|t:|1698017797\n|-terastallize|p1a: Infernape|Fire\n|move|p1a: Infernape|Flare Blitz|p2a: Slowking\n|-damage|p2a: Slowking|0 fnt\n|faint|p2a: Slowking\n|-damage|p1a: Infernape|10\/100|[from] Recoil\n|-damage|p1a: Infernape|0 fnt|[from] item: Life Orb\n|faint|p1a: Infernape\n|\n|-sideend|p1: Rei_darkness|move: Light Screen\n|upkeep\n|\n|t:|1698017814\n|switch|p1a: Espathra|Espathra, M|75\/100\n|switch|p2a: Palafin|Palafin-Hero, M|84\/100\n|-damage|p1a: Espathra|63\/100|[from] Stealth Rock\n|-damage|p2a: Palafin|59\/100|[from] Spikes\n|-activate|p2a: Palafin|ability: Zero to Hero\n|turn|13\n|\n|t:|1698017831\n|move|p1a: Espathra|Protect|p1a: Espathra\n|-singleturn|p1a: Espathra|Protect\n|move|p2a: Palafin|Surf|p1a: Espathra\n|-activate|p1a: Espathra|move: Protect\n|\n|-ability|p1a: Espathra|Speed Boost|boost\n|-boost|p1a: Espathra|spe|1\n|upkeep\n|turn|14\n|\n|t:|1698017834\n|move|p1a: Espathra|Light Screen|p1a: Espathra\n|-sidestart|p1: Rei_darkness|move: Light Screen\n|move|p2a: Palafin|Surf|p1a: Espathra\n|-damage|p1a: Espathra|25\/100\n|\n|-ability|p1a: Espathra|Speed Boost|boost\n|-boost|p1a: Espathra|spe|1\n|upkeep\n|turn|15\n|\n|t:|1698017838\n|move|p1a: Espathra|U-turn|p2a: Palafin\n|-damage|p2a: Palafin|48\/100\n|\n|t:|1698017844\n|switch|p1a: Slowbro|Slowbro-Galar, F|100\/100|[from] U-turn\n|-damage|p1a: Slowbro|88\/100|[from] Stealth Rock\n|move|p2a: Palafin|Surf|p1a: Slowbro\n|-damage|p1a: Slowbro|55\/100\n|\n|upkeep\n|turn|16\n|inactive|N-Zoroark stan has 270 seconds left.\n|-activate|p1a: Slowbro|ability: Quick Draw\n|\n|t:|1698017889\n|move|p1a: Slowbro|Psyshock|p2a: Palafin\n|-damage|p2a: Palafin|9\/100\n|move|p2a: Palafin|Surf|p1a: Slowbro\n|-damage|p1a: Slowbro|20\/100\n|\n|-sideend|p1: Rei_darkness|Reflect\n|upkeep\n|turn|17\n|\n|t:|1698017895\n|move|p2a: Palafin|Surf|p1a: Slowbro\n|-damage|p1a: Slowbro|0 fnt\n|faint|p1a: Slowbro\n|\n|upkeep\n|\n|t:|1698017900\n|switch|p1a: Medicham|Medicham, M|100\/100\n|-damage|p1a: Medicham|94\/100|[from] Stealth Rock\n|turn|18\n|\n|t:|1698017905\n|move|p1a: Medicham|Bullet Punch|p2a: Palafin\n|-resisted|p2a: Palafin\n|-damage|p2a: Palafin|0 fnt\n|faint|p2a: Palafin\n|\n|upkeep\n|\n|t:|1698017908\n|switch|p2a: Infernape|Infernape, F|100\/100\n|-damage|p2a: Infernape|76\/100|[from] Spikes\n|turn|19\n|\n|t:|1698017917\n|switch|p1a: Espathra|Espathra, M|25\/100\n|-damage|p1a: Espathra|13\/100|[from] Stealth Rock\n|move|p2a: Infernape|Flare Blitz|p1a: Espathra\n|-damage|p1a: Espathra|0 fnt\n|faint|p1a: Espathra\n|-damage|p2a: Infernape|70\/100|[from] Recoil\n|\n|upkeep\n|\n|t:|1698017922\n|switch|p1a: Landorus|Landorus-Therian, M|56\/100\n|-damage|p1a: Landorus|43\/100|[from] Stealth Rock\n|-ability|p1a: Landorus|Intimidate|boost\n|-unboost|p2a: Infernape|atk|1\n|turn|20\n|\n|t:|1698017935\n|-terastallize|p2a: Infernape|Fire\n|move|p2a: Infernape|Flare Blitz|p1a: Landorus\n|-damage|p1a: Landorus|0 fnt\n|faint|p1a: Landorus\n|-damage|p2a: Infernape|52\/100|[from] Recoil\n|\n|upkeep\n|\n|t:|1698017939\n|switch|p1a: Medicham|Medicham, M|94\/100\n|-damage|p1a: Medicham|88\/100|[from] Stealth Rock\n|turn|21\n|c|\u2606Rei_darkness|gg wep\n|c|\u2606Rei_darkness|wp\n|\n|t:|1698017950\n|move|p1a: Medicham|Bullet Punch|p2a: Infernape\n|-resisted|p2a: Infernape\n|-damage|p2a: Infernape|29\/100\n|move|p2a: Infernape|Flare Blitz|p1a: Medicham\n|-crit|p1a: Medicham\n|-damage|p1a: Medicham|0 fnt\n|faint|p1a: Medicham\n|-damage|p2a: Infernape|0 fnt|[from] Recoil\n|faint|p2a: Infernape\n|\n|win|N-Zoroark stan\n|c|\u2606N-Zoroark stan|Ggwp\n","uploadtime":1698017972,"views":21,"p1id":"reidarkness","p2id":"nzoroarkstan","formatid":"gen9ubers","rating":0,"private":0,"password":""}