{"id":"gen9ubers-1994591709","p1":"wsjlyr","p2":"mrbadd","format":"[Gen 9] Ubers","log":"|j|\u2606wsjlyr\n|j|\u2606mrbadd\n|t:|1700465665\n|gametype|singles\n|player|p1|wsjlyr|lucas|1306\n|player|p2|mrbadd|rocker-gen1rb|1350\n|teamsize|p1|6\n|teamsize|p2|6\n|gen|9\n|tier|[Gen 9] Ubers\n|rated|\n|rule|Sleep Clause Mod: Limit one foe put to sleep\n|rule|Species Clause: Limit one of each Pok\u00e9mon\n|rule|OHKO Clause: OHKO moves are banned\n|rule|Evasion Items Clause: Evasion items are banned\n|rule|Evasion Moves Clause: Evasion moves are banned\n|rule|Endless Battle Clause: Forcing endless battles is banned\n|rule|HP Percentage Mod: HP is shown in percentages\n|clearpoke\n|poke|p1|Arceus-Fairy|\n|poke|p1|Eternatus|\n|poke|p1|Giratina-Origin|\n|poke|p1|Gliscor, F|\n|poke|p1|Glimmora, F|\n|poke|p1|Blissey, F|\n|poke|p2|Zacian-*|\n|poke|p2|Flutter Mane|\n|poke|p2|Groudon|\n|poke|p2|Kyogre|\n|poke|p2|Toxapex, F|\n|poke|p2|Koraidon|\n|teampreview\n|inactive|Battle timer is ON: inactive players will automatically lose when time's up. (requested by wsjlyr)\n|\n|t:|1700465677\n|start\n|switch|p1a: Gliscor|Gliscor, F|100\/100\n|switch|p2a: Kyogre|Kyogre|100\/100\n|-weather|RainDance|[from] ability: Drizzle|[of] p2a: Kyogre\n|turn|1\n|\n|t:|1700465684\n|switch|p1a: Blissey|Blissey, F|100\/100\n|move|p2a: Kyogre|Water Spout|p1a: Blissey\n|-damage|p1a: Blissey|24\/100\n|\n|-weather|RainDance|[upkeep]\n|-heal|p1a: Blissey|30\/100|[from] item: Leftovers\n|upkeep\n|turn|2\n|\n|t:|1700465693\n|move|p1a: Blissey|Protect|p1a: Blissey\n|-singleturn|p1a: Blissey|Protect\n|move|p2a: Kyogre|Water Spout|p1a: Blissey\n|-activate|p1a: Blissey|move: Protect\n|\n|-weather|RainDance|[upkeep]\n|-heal|p1a: Blissey|36\/100|[from] item: Leftovers\n|upkeep\n|turn|3\n|\n|t:|1700465702\n|move|p2a: Kyogre|Water Spout|p1a: Blissey\n|-damage|p1a: Blissey|0 fnt\n|faint|p1a: Blissey\n|\n|-weather|RainDance|[upkeep]\n|upkeep\n|\n|t:|1700465717\n|switch|p1a: Gliscor|Gliscor, F|100\/100\n|turn|4\n|\n|t:|1700465721\n|move|p1a: Gliscor|Protect|p1a: Gliscor\n|-singleturn|p1a: Gliscor|Protect\n|move|p2a: Kyogre|Water Spout|p1a: Gliscor\n|-activate|p1a: Gliscor|move: Protect\n|\n|-weather|RainDance|[upkeep]\n|-status|p1a: Gliscor|tox|[from] item: Toxic Orb\n|upkeep\n|turn|5\n|\n|t:|1700465730\n|switch|p1a: Eternatus|Eternatus|100\/100\n|-ability|p1a: Eternatus|Pressure\n|move|p2a: Kyogre|Water Spout|p1a: Eternatus\n|-resisted|p1a: Eternatus\n|-damage|p1a: Eternatus|19\/100\n|\n|-weather|none\n|-heal|p1a: Eternatus|25\/100|[from] item: Black Sludge\n|upkeep\n|turn|6\n|\n|t:|1700465740\n|switch|p2a: Toxapex|Toxapex, F|100\/100\n|move|p1a: Eternatus|Recover|p1a: Eternatus\n|-heal|p1a: Eternatus|75\/100\n|\n|-heal|p1a: Eternatus|81\/100|[from] item: Black Sludge\n|upkeep\n|turn|7\n|\n|t:|1700465756\n|switch|p1a: Giratina|Giratina-Origin|100\/100\n|move|p2a: Toxapex|Infestation|p1a: Giratina\n|-resisted|p1a: Giratina\n|-damage|p1a: Giratina|99\/100\n|-activate|p1a: Giratina|move: Infestation|[of] p2a: Toxapex\n|\n|-damage|p1a: Giratina|87\/100|[from] move: Infestation|[partiallytrapped]\n|upkeep\n|turn|8\n|\n|t:|1700465765\n|move|p2a: Toxapex|Toxic Spikes|p1a: Giratina\n|-sidestart|p1: wsjlyr|move: Toxic Spikes\n|move|p1a: Giratina|Dragon Tail|p2a: Toxapex\n|-damage|p2a: Toxapex|84\/100\n|drag|p2a: Flutter Mane|Flutter Mane|100\/100\n|\n|-end|p1a: Giratina|Infestation|[partiallytrapped]|[silent]\n|upkeep\n|turn|9\n|\n|t:|1700465783\n|-end|p2a: Flutter Mane|Protosynthesis|[silent]\n|switch|p2a: Toxapex|Toxapex, F|100\/100\n|switch|p1a: Glimmora|Glimmora, F|100\/100\n|-sideend|p1: wsjlyr|move: Toxic Spikes|[of] p1a: Glimmora\n|\n|upkeep\n|turn|10\n|\n|t:|1700465792\n|switch|p2a: Kyogre|Kyogre|100\/100\n|-weather|RainDance|[from] ability: Drizzle|[of] p2a: Kyogre\n|move|p1a: Glimmora|Earth Power|p2a: Kyogre\n|-damage|p2a: Kyogre|78\/100\n|\n|-weather|RainDance|[upkeep]\n|upkeep\n|turn|11\n|\n|t:|1700465801\n|switch|p1a: Eternatus|Eternatus|81\/100\n|-ability|p1a: Eternatus|Pressure\n|move|p2a: Kyogre|Surf|p1a: Eternatus\n|-resisted|p1a: Eternatus\n|-damage|p1a: Eternatus|34\/100\n|\n|-weather|RainDance|[upkeep]\n|-heal|p1a: Eternatus|40\/100|[from] item: Black Sludge\n|upkeep\n|turn|12\n|\n|t:|1700465812\n|move|p1a: Eternatus|Recover|p1a: Eternatus\n|-heal|p1a: Eternatus|90\/100\n|move|p2a: Kyogre|Surf|p1a: Eternatus\n|-resisted|p1a: Eternatus\n|-damage|p1a: Eternatus|39\/100\n|\n|-weather|RainDance|[upkeep]\n|-heal|p1a: Eternatus|45\/100|[from] item: Black Sludge\n|upkeep\n|turn|13\n|\n|t:|1700465821\n|switch|p2a: Koraidon|Koraidon|100\/100\n|-weather|SunnyDay|[from] ability: Orichalcum Pulse|[of] p2a: Koraidon\n|-activate|p2a: Koraidon|Orichalcum Pulse|[source]\n|move|p1a: Eternatus|Recover|p1a: Eternatus\n|-heal|p1a: Eternatus|95\/100\n|\n|-weather|SunnyDay|[upkeep]\n|-heal|p1a: Eternatus|100\/100|[from] item: Black Sludge\n|upkeep\n|turn|14\n|\n|t:|1700465831\n|switch|p1a: Glimmora|Glimmora, F|100\/100\n|move|p2a: Koraidon|Dragon Claw|p1a: Glimmora\n|-damage|p1a: Glimmora|36\/100\n|-activate|p1a: Glimmora|ability: Toxic Debris\n|-sidestart|p2: mrbadd|move: Toxic Spikes\n|\n|-weather|SunnyDay|[upkeep]\n|upkeep\n|turn|15\n|\n|t:|1700465840\n|move|p2a: Koraidon|Dragon Claw|p1a: Glimmora\n|-damage|p1a: Glimmora|0 fnt\n|-activate|p1a: Glimmora|ability: Toxic Debris\n|-sidestart|p2: mrbadd|move: Toxic Spikes\n|faint|p1a: Glimmora\n|\n|-weather|SunnyDay|[upkeep]\n|upkeep\n|\n|t:|1700465845\n|switch|p1a: Gliscor|Gliscor, F|100\/100 tox\n|turn|16\n|\n|t:|1700465852\n|switch|p2a: Toxapex|Toxapex, F|100\/100\n|-sideend|p2: mrbadd|move: Toxic Spikes|[of] p2a: Toxapex\n|move|p1a: Gliscor|Earthquake|p2a: Toxapex\n|-supereffective|p2a: Toxapex\n|-damage|p2a: Toxapex|57\/100\n|\n|-weather|SunnyDay|[upkeep]\n|-heal|p2a: Toxapex|63\/100|[from] item: Black Sludge\n|upkeep\n|turn|17\n|\n|t:|1700465864\n|move|p1a: Gliscor|Earthquake|p2a: Toxapex\n|-supereffective|p2a: Toxapex\n|-damage|p2a: Toxapex|21\/100\n|move|p2a: Toxapex|Recover|p2a: Toxapex\n|-heal|p2a: Toxapex|71\/100\n|\n|-weather|none\n|-heal|p2a: Toxapex|77\/100|[from] item: Black Sludge\n|upkeep\n|turn|18\n|\n|t:|1700465883\n|switch|p2a: Groudon|Groudon|100\/100\n|-weather|SunnyDay|[from] ability: Drought|[of] p2a: Groudon\n|move|p1a: Gliscor|Earthquake|p2a: Groudon\n|-damage|p2a: Groudon|84\/100\n|\n|-weather|SunnyDay|[upkeep]\n|upkeep\n|turn|19\n|\n|t:|1700465892\n|move|p1a: Gliscor|Toxic|p2a: Groudon|[miss]\n|-miss|p1a: Gliscor|p2a: Groudon\n|move|p2a: Groudon|Spikes|p1a: Gliscor\n|-sidestart|p1: wsjlyr|Spikes\n|\n|-weather|SunnyDay|[upkeep]\n|upkeep\n|turn|20\n|\n|t:|1700465908\n|switch|p2a: Kyogre|Kyogre|78\/100\n|-weather|RainDance|[from] ability: Drizzle|[of] p2a: Kyogre\n|move|p1a: Gliscor|Toxic|p2a: Kyogre\n|-status|p2a: Kyogre|tox\n|\n|-weather|RainDance|[upkeep]\n|-damage|p2a: Kyogre|71\/100 tox|[from] psn\n|upkeep\n|turn|21\n|\n|t:|1700465918\n|move|p1a: Gliscor|Protect|p1a: Gliscor\n|-singleturn|p1a: Gliscor|Protect\n|move|p2a: Kyogre|Ice Beam|p1a: Gliscor\n|-activate|p1a: Gliscor|move: Protect\n|\n|-weather|RainDance|[upkeep]\n|-damage|p2a: Kyogre|59\/100 tox|[from] psn\n|upkeep\n|turn|22\n|\n|t:|1700465930\n|switch|p2a: Zacian|Zacian-Crowned|100\/100\n|-ability|p2a: Zacian|Intrepid Sword|boost\n|-boost|p2a: Zacian|atk|1\n|switch|p1a: Arceus|Arceus-Fairy|100\/100\n|-damage|p1a: Arceus|88\/100|[from] Spikes\n|\n|-weather|RainDance|[upkeep]\n|upkeep\n|turn|23\n|\n|t:|1700465941\n|-terastallize|p1a: Arceus|Water\n|move|p2a: Zacian|Behemoth Blade|p1a: Arceus\n|-resisted|p1a: Arceus\n|-crit|p1a: Arceus\n|-damage|p1a: Arceus|56\/100\n|move|p1a: Arceus|Will-O-Wisp|p2a: Zacian\n|-status|p2a: Zacian|brn\n|\n|-weather|RainDance|[upkeep]\n|-damage|p2a: Zacian|94\/100 brn|[from] brn\n|upkeep\n|turn|24\n|\n|t:|1700465960\n|switch|p1a: Gliscor|Gliscor, F|100\/100 tox\n|move|p2a: Zacian|Wild Charge|p1a: Gliscor\n|-immune|p1a: Gliscor\n|\n|-weather|none\n|-damage|p2a: Zacian|88\/100 brn|[from] brn\n|upkeep\n|turn|25\n|\n|t:|1700465969\n|move|p2a: Zacian|Swords Dance|p2a: Zacian\n|-boost|p2a: Zacian|atk|2\n|move|p1a: Gliscor|Earthquake|p2a: Zacian\n|-supereffective|p2a: Zacian\n|-damage|p2a: Zacian|31\/100 brn\n|\n|-damage|p2a: Zacian|25\/100 brn|[from] brn\n|upkeep\n|turn|26\n|\n|t:|1700465978\n|move|p2a: Zacian|Behemoth Blade|p1a: Gliscor\n|-damage|p1a: Gliscor|52\/100 tox\n|move|p1a: Gliscor|Earthquake|p2a: Zacian\n|-supereffective|p2a: Zacian\n|-damage|p2a: Zacian|0 fnt\n|faint|p2a: Zacian\n|\n|-heal|p1a: Gliscor|65\/100 tox|[from] ability: Poison Heal\n|upkeep\n|\n|t:|1700465997\n|switch|p2a: Groudon|Groudon|84\/100\n|-weather|SunnyDay|[from] ability: Drought|[of] p2a: Groudon\n|turn|27\n|\n|t:|1700466010\n|switch|p2a: Toxapex|Toxapex, F|100\/100\n|move|p1a: Gliscor|Toxic|p2a: Toxapex\n|-immune|p2a: Toxapex\n|\n|-weather|SunnyDay|[upkeep]\n|-heal|p1a: Gliscor|77\/100 tox|[from] ability: Poison Heal\n|upkeep\n|turn|28\n|\n|t:|1700466020\n|move|p1a: Gliscor|Earthquake|p2a: Toxapex\n|-supereffective|p2a: Toxapex\n|-damage|p2a: Toxapex|58\/100\n|move|p2a: Toxapex|Toxic Spikes|p1a: Gliscor\n|-sidestart|p1: wsjlyr|move: Toxic Spikes\n|\n|-weather|SunnyDay|[upkeep]\n|-heal|p2a: Toxapex|64\/100|[from] item: Black Sludge\n|-heal|p1a: Gliscor|89\/100 tox|[from] ability: Poison Heal\n|upkeep\n|turn|29\n|\n|t:|1700466029\n|move|p1a: Gliscor|Earthquake|p2a: Toxapex\n|-supereffective|p2a: Toxapex\n|-damage|p2a: Toxapex|25\/100\n|move|p2a: Toxapex|Toxic Spikes|p1a: Gliscor\n|-sidestart|p1: wsjlyr|move: Toxic Spikes\n|\n|-weather|SunnyDay|[upkeep]\n|-heal|p2a: Toxapex|31\/100|[from] item: Black Sludge\n|-heal|p1a: Gliscor|100\/100 tox|[from] ability: Poison Heal\n|upkeep\n|turn|30\n|\n|t:|1700466038\n|switch|p2a: Groudon|Groudon|84\/100\n|move|p1a: Gliscor|Earthquake|p2a: Groudon\n|-damage|p2a: Groudon|68\/100\n|\n|-weather|SunnyDay|[upkeep]\n|upkeep\n|turn|31\n|\n|t:|1700466046\n|switch|p2a: Toxapex|Toxapex, F|64\/100\n|move|p1a: Gliscor|Toxic|p2a: Toxapex\n|-immune|p2a: Toxapex\n|\n|-weather|none\n|-heal|p2a: Toxapex|70\/100|[from] item: Black Sludge\n|upkeep\n|turn|32\n|\n|t:|1700466055\n|switch|p1a: Eternatus|Eternatus|100\/100\n|-damage|p1a: Eternatus|88\/100|[from] Spikes\n|-sideend|p1: wsjlyr|move: Toxic Spikes|[of] p1a: Eternatus\n|-ability|p1a: Eternatus|Pressure\n|move|p2a: Toxapex|Recover|p2a: Toxapex\n|-heal|p2a: Toxapex|100\/100\n|\n|-heal|p1a: Eternatus|94\/100|[from] item: Black Sludge\n|upkeep\n|turn|33\n|\n|t:|1700466065\n|switch|p1a: Gliscor|Gliscor, F|100\/100 tox\n|move|p2a: Toxapex|Toxic Spikes|p1a: Gliscor\n|-sidestart|p1: wsjlyr|move: Toxic Spikes\n|\n|upkeep\n|turn|34\n|\n|t:|1700466071\n|move|p1a: Gliscor|Earthquake|p2a: Toxapex\n|-supereffective|p2a: Toxapex\n|-damage|p2a: Toxapex|61\/100\n|move|p2a: Toxapex|Toxic Spikes|p1a: Gliscor\n|-sidestart|p1: wsjlyr|move: Toxic Spikes\n|\n|-heal|p2a: Toxapex|67\/100|[from] item: Black Sludge\n|upkeep\n|turn|35\n|\n|t:|1700466080\n|switch|p2a: Groudon|Groudon|68\/100\n|-weather|SunnyDay|[from] ability: Drought|[of] p2a: Groudon\n|move|p1a: Gliscor|Earthquake|p2a: Groudon\n|-damage|p2a: Groudon|53\/100\n|\n|-weather|SunnyDay|[upkeep]\n|upkeep\n|turn|36\n|\n|t:|1700466090\n|move|p1a: Gliscor|Earthquake|p2a: Groudon\n|-damage|p2a: Groudon|37\/100\n|move|p2a: Groudon|Spikes|p1a: Gliscor\n|-sidestart|p1: wsjlyr|Spikes\n|\n|-weather|SunnyDay|[upkeep]\n|upkeep\n|turn|37\n|\n|t:|1700466103\n|switch|p2a: Toxapex|Toxapex, F|99\/100\n|move|p1a: Gliscor|Toxic|p2a: Toxapex\n|-immune|p2a: Toxapex\n|\n|-weather|SunnyDay|[upkeep]\n|-heal|p2a: Toxapex|100\/100|[from] item: Black Sludge\n|upkeep\n|turn|38\n|\n|t:|1700466112\n|switch|p2a: Kyogre|Kyogre|59\/100 tox\n|-weather|RainDance|[from] ability: Drizzle|[of] p2a: Kyogre\n|move|p1a: Gliscor|Earthquake|p2a: Kyogre\n|-damage|p2a: Kyogre|23\/100 tox\n|\n|-weather|RainDance|[upkeep]\n|-damage|p2a: Kyogre|17\/100 tox|[from] psn\n|upkeep\n|turn|39\n|\n|t:|1700466127\n|move|p1a: Gliscor|Protect|p1a: Gliscor\n|-singleturn|p1a: Gliscor|Protect\n|move|p2a: Kyogre|Ice Beam|p1a: Gliscor\n|-activate|p1a: Gliscor|move: Protect\n|\n|-weather|RainDance|[upkeep]\n|-damage|p2a: Kyogre|4\/100 tox|[from] psn\n|upkeep\n|turn|40\n|\n|t:|1700466144\n|switch|p1a: Arceus|Arceus-Fairy, tera:Water|56\/100\n|-damage|p1a: Arceus|39\/100|[from] Spikes\n|-status|p1a: Arceus|tox\n|move|p2a: Kyogre|Ice Beam|p1a: Arceus\n|-resisted|p1a: Arceus\n|-damage|p1a: Arceus|21\/100 tox\n|\n|-weather|RainDance|[upkeep]\n|-damage|p2a: Kyogre|0 fnt|[from] psn\n|faint|p2a: Kyogre\n|-damage|p1a: Arceus|15\/100 tox|[from] psn\n|upkeep\n|\n|t:|1700466157\n|switch|p2a: Koraidon|Koraidon|100\/100\n|-weather|SunnyDay|[from] ability: Orichalcum Pulse|[of] p2a: Koraidon\n|-activate|p2a: Koraidon|Orichalcum Pulse|[source]\n|turn|41\n|inactive|mrbadd has 120 seconds left.\n|\n|t:|1700466172\n|move|p2a: Koraidon|U-turn|p1a: Arceus\n|-damage|p1a: Arceus|0 fnt\n|faint|p1a: Arceus\n|\n|t:|1700466177\n|switch|p2a: Flutter Mane|Flutter Mane|100\/100|[from] U-turn\n|-activate|p2a: Flutter Mane|ability: Protosynthesis\n|-start|p2a: Flutter Mane|protosynthesisspe\n|\n|-weather|SunnyDay|[upkeep]\n|upkeep\n|\n|t:|1700466184\n|switch|p1a: Eternatus|Eternatus|94\/100\n|-damage|p1a: Eternatus|78\/100|[from] Spikes\n|-sideend|p1: wsjlyr|move: Toxic Spikes|[of] p1a: Eternatus\n|-ability|p1a: Eternatus|Pressure\n|turn|42\n|\n|t:|1700466193\n|-terastallize|p2a: Flutter Mane|Ghost\n|move|p2a: Flutter Mane|Calm Mind|p2a: Flutter Mane\n|-boost|p2a: Flutter Mane|spa|1\n|-boost|p2a: Flutter Mane|spd|1\n|move|p1a: Eternatus|Cosmic Power|p1a: Eternatus\n|-boost|p1a: Eternatus|def|1\n|-boost|p1a: Eternatus|spd|1\n|\n|-weather|SunnyDay|[upkeep]\n|-heal|p1a: Eternatus|84\/100|[from] item: Black Sludge\n|upkeep\n|turn|43\n|\n|t:|1700466203\n|move|p2a: Flutter Mane|Taunt|p1a: Eternatus\n|-start|p1a: Eternatus|move: Taunt\n|cant|p1a: Eternatus|move: Taunt|Cosmic Power\n|\n|-weather|SunnyDay|[upkeep]\n|-heal|p1a: Eternatus|90\/100|[from] item: Black Sludge\n|upkeep\n|turn|44\n|\n|t:|1700466213\n|-end|p2a: Flutter Mane|Protosynthesis|[silent]\n|switch|p2a: Toxapex|Toxapex, F|100\/100\n|move|p1a: Eternatus|Flamethrower|p2a: Toxapex\n|-resisted|p2a: Toxapex\n|-damage|p2a: Toxapex|84\/100\n|\n|-weather|SunnyDay|[upkeep]\n|-heal|p1a: Eternatus|96\/100|[from] item: Black Sludge\n|-heal|p2a: Toxapex|90\/100|[from] item: Black Sludge\n|upkeep\n|turn|45\n|\n|t:|1700466223\n|switch|p1a: Giratina|Giratina-Origin|87\/100\n|move|p2a: Toxapex|Haze|p2a: Toxapex\n|-clearallboost\n|\n|-weather|none\n|-heal|p2a: Toxapex|96\/100|[from] item: Black Sludge\n|upkeep\n|turn|46\n|\n|t:|1700466239\n|switch|p2a: Groudon|Groudon|37\/100\n|-weather|SunnyDay|[from] ability: Drought|[of] p2a: Groudon\n|move|p1a: Giratina|Defog|p2a: Groudon\n|-unboost|p2a: Groudon|evasion|1\n|-sideend|p1: wsjlyr|Spikes|[from] move: Defog|[of] p1a: Giratina\n|\n|-weather|SunnyDay|[upkeep]\n|upkeep\n|turn|47\n|\n|t:|1700466251\n|move|p2a: Groudon|Spikes|p1a: Giratina\n|-sidestart|p1: wsjlyr|Spikes\n|move|p1a: Giratina|Dragon Tail|p2a: Groudon\n|-damage|p2a: Groudon|24\/100\n|-damage|p1a: Giratina|71\/100|[from] item: Rocky Helmet|[of] p2a: Groudon\n|drag|p2a: Flutter Mane|Flutter Mane, tera:Ghost|100\/100\n|-activate|p2a: Flutter Mane|ability: Protosynthesis\n|-start|p2a: Flutter Mane|protosynthesisspe\n|\n|-weather|SunnyDay|[upkeep]\n|upkeep\n|turn|48\n|\n|t:|1700466264\n|switch|p1a: Eternatus|Eternatus|96\/100\n|-damage|p1a: Eternatus|84\/100|[from] Spikes\n|-ability|p1a: Eternatus|Pressure\n|move|p2a: Flutter Mane|Shadow Ball|p1a: Eternatus\n|-damage|p1a: Eternatus|44\/100\n|-unboost|p1a: Eternatus|spd|1\n|\n|-weather|SunnyDay|[upkeep]\n|-heal|p1a: Eternatus|50\/100|[from] item: Black Sludge\n|upkeep\n|turn|49\n|\n|t:|1700466276\n|move|p2a: Flutter Mane|Shadow Ball|p1a: Eternatus\n|-damage|p1a: Eternatus|0 fnt\n|faint|p1a: Eternatus\n|\n|-weather|SunnyDay|[upkeep]\n|upkeep\n|\n|t:|1700466280\n|switch|p1a: Gliscor|Gliscor, F|100\/100 tox\n|turn|50\n|inactive|mrbadd has 120 seconds left.\n|\n|t:|1700466310\n|-end|p2a: Flutter Mane|Protosynthesis|[silent]\n|switch|p2a: Toxapex|Toxapex, F|100\/100\n|move|p1a: Gliscor|Toxic|p2a: Toxapex\n|-immune|p2a: Toxapex\n|\n|-weather|none\n|upkeep\n|turn|51\n|\n|t:|1700466318\n|switch|p1a: Giratina|Giratina-Origin|71\/100\n|move|p2a: Toxapex|Toxic Spikes|p1a: Giratina\n|-sidestart|p1: wsjlyr|move: Toxic Spikes\n|\n|upkeep\n|turn|52\n|\n|t:|1700466330\n|move|p1a: Giratina|Thunder Wave|p2a: Toxapex\n|-status|p2a: Toxapex|par\n|move|p2a: Toxapex|Toxic Spikes|p1a: Giratina\n|-sidestart|p1: wsjlyr|move: Toxic Spikes\n|\n|upkeep\n|turn|53\n|\n|t:|1700466337\n|move|p1a: Giratina|Defog|p2a: Toxapex\n|-unboost|p2a: Toxapex|evasion|1\n|-sideend|p1: wsjlyr|Spikes|[from] move: Defog|[of] p1a: Giratina\n|-sideend|p1: wsjlyr|Toxic Spikes|[from] move: Defog|[of] p1a: Giratina\n|cant|p2a: Toxapex|par\n|\n|upkeep\n|turn|54\n|\n|t:|1700466344\n|switch|p1a: Gliscor|Gliscor, F|100\/100 tox\n|move|p2a: Toxapex|Infestation|p1a: Gliscor\n|-resisted|p1a: Gliscor\n|-damage|p1a: Gliscor|99\/100 tox\n|-activate|p1a: Gliscor|move: Infestation|[of] p2a: Toxapex\n|\n|-heal|p1a: Gliscor|100\/100 tox|[from] ability: Poison Heal\n|-damage|p1a: Gliscor|88\/100 tox|[from] move: Infestation|[partiallytrapped]\n|upkeep\n|turn|55\n|\n|t:|1700466354\n|move|p1a: Gliscor|Stealth Rock|p2a: Toxapex\n|-sidestart|p2: mrbadd|move: Stealth Rock\n|move|p2a: Toxapex|Toxic Spikes|p1a: Gliscor\n|-sidestart|p1: wsjlyr|move: Toxic Spikes\n|\n|-heal|p1a: Gliscor|100\/100 tox|[from] ability: Poison Heal\n|-damage|p1a: Gliscor|88\/100 tox|[from] move: Infestation|[partiallytrapped]\n|upkeep\n|turn|56\n|\n|t:|1700466361\n|move|p1a: Gliscor|Toxic||[still]\n|-fail|p1a: Gliscor\n|move|p2a: Toxapex|Toxic Spikes|p1a: Gliscor\n|-sidestart|p1: wsjlyr|move: Toxic Spikes\n|\n|-heal|p1a: Gliscor|100\/100 tox|[from] ability: Poison Heal\n|-damage|p1a: Gliscor|88\/100 tox|[from] move: Infestation|[partiallytrapped]\n|upkeep\n|turn|57\n|\n|t:|1700466370\n|move|p1a: Gliscor|Earthquake|p2a: Toxapex\n|-supereffective|p2a: Toxapex\n|-damage|p2a: Toxapex|64\/100 par\n|move|p2a: Toxapex|Haze|p2a: Toxapex\n|-clearallboost\n|\n|-heal|p2a: Toxapex|70\/100 par|[from] item: Black Sludge\n|-heal|p1a: Gliscor|100\/100 tox|[from] ability: Poison Heal\n|-damage|p1a: Gliscor|88\/100 tox|[from] move: Infestation|[partiallytrapped]\n|upkeep\n|turn|58\n|\n|t:|1700466384\n|move|p1a: Gliscor|Earthquake|p2a: Toxapex\n|-supereffective|p2a: Toxapex\n|-damage|p2a: Toxapex|29\/100 par\n|move|p2a: Toxapex|Infestation|p1a: Gliscor\n|-resisted|p1a: Gliscor\n|-damage|p1a: Gliscor|86\/100 tox\n|\n|-heal|p2a: Toxapex|34\/100 par|[from] item: Black Sludge\n|-heal|p1a: Gliscor|99\/100 tox|[from] ability: Poison Heal\n|-damage|p1a: Gliscor|86\/100 tox|[from] move: Infestation|[partiallytrapped]\n|upkeep\n|turn|59\n|\n|t:|1700466395\n|switch|p2a: Groudon|Groudon|24\/100\n|-damage|p2a: Groudon|17\/100|[from] Stealth Rock\n|-weather|SunnyDay|[from] ability: Drought|[of] p2a: Groudon\n|move|p1a: Gliscor|Earthquake|p2a: Groudon\n|-damage|p2a: Groudon|0 fnt\n|faint|p2a: Groudon\n|\n|-weather|SunnyDay|[upkeep]\n|-heal|p1a: Gliscor|99\/100 tox|[from] ability: Poison Heal\n|-end|p1a: Gliscor|Infestation|[partiallytrapped]\n|upkeep\n|\n|t:|1700466412\n|switch|p2a: Flutter Mane|Flutter Mane, tera:Ghost|100\/100\n|-activate|p2a: Flutter Mane|ability: Protosynthesis\n|-start|p2a: Flutter Mane|protosynthesisspe\n|turn|60\n|\n|t:|1700466429\n|move|p1a: Gliscor|Protect|p1a: Gliscor\n|-singleturn|p1a: Gliscor|Protect\n|move|p2a: Flutter Mane|Calm Mind|p2a: Flutter Mane\n|-boost|p2a: Flutter Mane|spa|1\n|-boost|p2a: Flutter Mane|spd|1\n|\n|-weather|SunnyDay|[upkeep]\n|-heal|p1a: Gliscor|100\/100 tox|[from] ability: Poison Heal\n|upkeep\n|turn|61\n|\n|t:|1700466438\n|move|p2a: Flutter Mane|Shadow Ball|p1a: Gliscor\n|-damage|p1a: Gliscor|4\/100 tox\n|-unboost|p1a: Gliscor|spd|1\n|move|p1a: Gliscor|Earthquake|p2a: Flutter Mane\n|-damage|p2a: Flutter Mane|23\/100\n|\n|-weather|SunnyDay|[upkeep]\n|-heal|p1a: Gliscor|17\/100 tox|[from] ability: Poison Heal\n|upkeep\n|turn|62\n|\n|t:|1700466448\n|move|p1a: Gliscor|Protect|p1a: Gliscor\n|-singleturn|p1a: Gliscor|Protect\n|move|p2a: Flutter Mane|Shadow Ball|p1a: Gliscor\n|-activate|p1a: Gliscor|move: Protect\n|\n|-weather|SunnyDay|[upkeep]\n|-heal|p1a: Gliscor|29\/100 tox|[from] ability: Poison Heal\n|upkeep\n|turn|63\n|c|\u2606mrbadd|gg\n|\n|t:|1700466457\n|switch|p1a: Giratina|Giratina-Origin|71\/100\n|move|p2a: Flutter Mane|Shadow Ball|p1a: Giratina\n|-supereffective|p1a: Giratina\n|-crit|p1a: Giratina\n|-damage|p1a: Giratina|0 fnt\n|faint|p1a: Giratina\n|\n|-weather|none\n|-end|p2a: Flutter Mane|Protosynthesis\n|upkeep\n|\n|t:|1700466462\n|switch|p1a: Gliscor|Gliscor, F|29\/100 tox\n|turn|64\n|\n|t:|1700466468\n|move|p2a: Flutter Mane|Shadow Ball|p1a: Gliscor\n|-damage|p1a: Gliscor|0 fnt\n|faint|p1a: Gliscor\n|\n|win|mrbadd\n|raw|wsjlyr's rating: 1306 &rarr; <strong>1289<\/strong><br \/>(-17 for losing)\n|raw|mrbadd's rating: 1350 &rarr; <strong>1367<\/strong><br \/>(+17 for winning)\n|l|\u2606wsjlyr\n","uploadtime":1700466484,"views":6,"p1id":"wsjlyr","p2id":"mrbadd","formatid":"gen9ubers","rating":1289,"private":0,"password":""}