{"id":"gen9ubers-1989310454","p1":"Buzzwardo","p2":"mihnt","format":"[Gen 9] Ubers","log":"|j|\u2606Buzzwardo\n|j|\u2606mihnt\n|t:|1699834843\n|gametype|singles\n|player|p1|Buzzwardo|chuck|\n|player|p2|mihnt|102|\n|teamsize|p1|6\n|teamsize|p2|6\n|gen|9\n|tier|[Gen 9] Ubers\n|rule|Sleep Clause Mod: Limit one foe put to sleep\n|rule|Species Clause: Limit one of each Pok\u00e9mon\n|rule|OHKO Clause: OHKO moves are banned\n|rule|Evasion Items Clause: Evasion items are banned\n|rule|Evasion Moves Clause: Evasion moves are banned\n|rule|Endless Battle Clause: Forcing endless battles is banned\n|rule|HP Percentage Mod: HP is shown in percentages\n|clearpoke\n|poke|p1|Spidops, F|\n|poke|p1|Ogerpon-Wellspring, F|\n|poke|p1|Moltres|\n|poke|p1|Chansey, F|\n|poke|p1|Shiftry, F|\n|poke|p1|Iron Thorns|\n|poke|p2|Volbeat, M|\n|poke|p2|Goodra-Hisui, M|\n|poke|p2|Ogerpon-Hearthflame, F|\n|poke|p2|Orthworm, M|\n|poke|p2|Muk-Alola, M|\n|poke|p2|Enamorus-Therian, F|\n|teampreview\n|\n|t:|1699834865\n|start\n|switch|p1a: Cvm Slinger|Spidops, F|100\/100\n|switch|p2a: Volbeat|Volbeat, M|100\/100\n|turn|1\n|\n|t:|1699834873\n|move|p2a: Volbeat|Trick|p1a: Cvm Slinger\n|-activate|p2a: Volbeat|move: Trick|[of] p1a: Cvm Slinger\n|-item|p1a: Cvm Slinger|Choice Scarf|[from] move: Trick\n|-item|p2a: Volbeat|Focus Sash|[from] move: Trick\n|move|p1a: Cvm Slinger|Sticky Web|p2a: Volbeat\n|-sidestart|p2: mihnt|move: Sticky Web\n|\n|upkeep\n|turn|2\n|\n|t:|1699834889\n|switch|p1a: GorlockElDestroyer|Chansey, F|100\/100\n|move|p2a: Volbeat|Thunder Wave|p1a: GorlockElDestroyer\n|-status|p1a: GorlockElDestroyer|par\n|\n|upkeep\n|turn|3\n|\n|t:|1699834918\n|move|p2a: Volbeat|U-turn|p1a: GorlockElDestroyer\n|-damage|p1a: GorlockElDestroyer|88\/100 par\n|\n|t:|1699834920\n|switch|p2a: Muk|Muk-Alola, M|100\/100|[from] U-turn\n|-activate|p2a: Muk|move: Sticky Web\n|-unboost|p2a: Muk|spe|1\n|move|p1a: GorlockElDestroyer|Stealth Rock|p2a: Muk\n|-sidestart|p2: mihnt|move: Stealth Rock\n|\n|upkeep\n|turn|4\n|\n|t:|1699834927\n|-curestatus|p1a: GorlockElDestroyer|par|[from] ability: Natural Cure\n|switch|p1a: Hot shit|Moltres|100\/100\n|move|p2a: Muk|Knock Off|p1a: Hot shit\n|-damage|p1a: Hot shit|74\/100\n|-status|p2a: Muk|brn|[from] ability: Flame Body|[of] p1a: Hot shit\n|-enditem|p1a: Hot shit|Heavy-Duty Boots|[from] move: Knock Off|[of] p2a: Muk\n|\n|-damage|p2a: Muk|94\/100 brn|[from] brn\n|upkeep\n|turn|5\n|\n|t:|1699834945\n|switch|p2a: Orthworm|Orthworm, M|100\/100\n|-activate|p2a: Orthworm|move: Sticky Web\n|-unboost|p2a: Orthworm|spe|1\n|-damage|p2a: Orthworm|94\/100|[from] Stealth Rock\n|move|p1a: Hot shit|U-turn|p2a: Orthworm\n|-resisted|p2a: Orthworm\n|-damage|p2a: Orthworm|91\/100\n|-damage|p1a: Hot shit|57\/100|[from] item: Rocky Helmet|[of] p2a: Orthworm\n|j| Ch3sc0\n|\n|t:|1699834960\n|switch|p1a: Nose Pegger|Shiftry, F|100\/100|[from] U-turn\n|\n|upkeep\n|turn|6\n|\n|t:|1699834965\n|move|p1a: Nose Pegger|Substitute|p1a: Nose Pegger\n|-start|p1a: Nose Pegger|Substitute\n|-damage|p1a: Nose Pegger|76\/100\n|move|p2a: Orthworm|Stealth Rock|p1a: Nose Pegger\n|-sidestart|p1: Buzzwardo|move: Stealth Rock\n|\n|-heal|p1a: Nose Pegger|82\/100|[from] item: Leftovers\n|upkeep\n|turn|7\n|\n|t:|1699835009\n|switch|p2a: Enamorus|Enamorus-Therian, F|100\/100\n|-damage|p2a: Enamorus|76\/100|[from] Stealth Rock\n|move|p1a: Nose Pegger|Leech Seed|p2a: Enamorus\n|-start|p2a: Enamorus|move: Leech Seed\n|\n|-heal|p1a: Nose Pegger|88\/100|[from] item: Leftovers\n|-damage|p2a: Enamorus|63\/100|[from] Leech Seed|[of] p1a: Nose Pegger\n|-heal|p1a: Nose Pegger|99\/100|[silent]\n|upkeep\n|turn|8\n|\n|t:|1699835017\n|move|p1a: Nose Pegger|Giga Drain|p2a: Enamorus\n|-resisted|p2a: Enamorus\n|-damage|p2a: Enamorus|56\/100\n|-heal|p1a: Nose Pegger|100\/100|[from] drain|[of] p2a: Enamorus\n|move|p2a: Enamorus|Moonblast|p1a: Nose Pegger\n|-supereffective|p1a: Nose Pegger\n|-end|p1a: Nose Pegger|Substitute\n|\n|-damage|p2a: Enamorus|44\/100|[from] Leech Seed|[of] p1a: Nose Pegger\n|upkeep\n|turn|9\n|\n|t:|1699835023\n|move|p1a: Nose Pegger|Substitute|p1a: Nose Pegger\n|-start|p1a: Nose Pegger|Substitute\n|-damage|p1a: Nose Pegger|76\/100\n|move|p2a: Enamorus|Moonblast|p1a: Nose Pegger\n|-supereffective|p1a: Nose Pegger\n|-end|p1a: Nose Pegger|Substitute\n|\n|-heal|p1a: Nose Pegger|82\/100|[from] item: Leftovers\n|-damage|p2a: Enamorus|31\/100|[from] Leech Seed|[of] p1a: Nose Pegger\n|-heal|p1a: Nose Pegger|93\/100|[silent]\n|upkeep\n|turn|10\n|\n|t:|1699835035\n|switch|p2a: Volbeat|Volbeat, M|100\/100\n|-activate|p2a: Volbeat|move: Sticky Web\n|-unboost|p2a: Volbeat|spe|1\n|-damage|p2a: Volbeat|76\/100|[from] Stealth Rock\n|move|p1a: Nose Pegger|Substitute|p1a: Nose Pegger\n|-start|p1a: Nose Pegger|Substitute\n|-damage|p1a: Nose Pegger|68\/100\n|\n|-heal|p1a: Nose Pegger|74\/100|[from] item: Leftovers\n|upkeep\n|turn|11\n|\n|t:|1699835038\n|move|p1a: Nose Pegger|Leech Seed|p2a: Volbeat\n|-start|p2a: Volbeat|move: Leech Seed\n|move|p2a: Volbeat|U-turn|p1a: Nose Pegger\n|-supereffective|p1a: Nose Pegger\n|-end|p1a: Nose Pegger|Substitute\n|\n|t:|1699835044\n|switch|p2a: Ogerpon|Ogerpon-Hearthflame, F|100\/100|[from] U-turn\n|-activate|p2a: Ogerpon|move: Sticky Web\n|-unboost|p2a: Ogerpon|spe|1\n|-damage|p2a: Ogerpon|76\/100|[from] Stealth Rock\n|-ability|p2a: Ogerpon|Mold Breaker\n|\n|-heal|p1a: Nose Pegger|80\/100|[from] item: Leftovers\n|upkeep\n|turn|12\n|\n|t:|1699835088\n|switch|p1a: Cvm Slinger|Spidops, F|100\/100\n|-damage|p1a: Cvm Slinger|75\/100|[from] Stealth Rock\n|move|p2a: Ogerpon|Ivy Cudgel|p1a: Cvm Slinger\n|-supereffective|p1a: Cvm Slinger\n|-damage|p1a: Cvm Slinger|0 fnt\n|faint|p1a: Cvm Slinger\n|\n|upkeep\n|\n|t:|1699835123\n|switch|p1a: Pushin P (Myzz)|Ogerpon-Wellspring, F|100\/100\n|-damage|p1a: Pushin P (Myzz)|88\/100|[from] Stealth Rock\n|turn|13\n|\n|t:|1699835132\n|move|p1a: Pushin P (Myzz)|Ivy Cudgel|p2a: Ogerpon\n|-crit|p2a: Ogerpon\n|-damage|p2a: Ogerpon|0 fnt\n|faint|p2a: Ogerpon\n|\n|upkeep\n|\n|t:|1699835135\n|switch|p2a: Volbeat|Volbeat, M|76\/100\n|-activate|p2a: Volbeat|move: Sticky Web\n|-unboost|p2a: Volbeat|spe|1\n|-damage|p2a: Volbeat|51\/100|[from] Stealth Rock\n|turn|14\n|\n|t:|1699835142\n|switch|p1a: Nose Pegger|Shiftry, F|80\/100\n|-damage|p1a: Nose Pegger|68\/100|[from] Stealth Rock\n|move|p2a: Volbeat|Thunder Wave|p1a: Nose Pegger\n|-hint|Since gen 7, Dark is immune to Prankster moves.\n|-immune|p1a: Nose Pegger\n|\n|-heal|p1a: Nose Pegger|74\/100|[from] item: Leftovers\n|upkeep\n|turn|15\n|\n|t:|1699835150\n|-terastallize|p1a: Nose Pegger|Ghost\n|move|p1a: Nose Pegger|Substitute|p1a: Nose Pegger\n|-start|p1a: Nose Pegger|Substitute\n|-damage|p1a: Nose Pegger|49\/100\n|move|p2a: Volbeat|U-turn|p1a: Nose Pegger\n|-resisted|p1a: Nose Pegger\n|-activate|p1a: Nose Pegger|move: Substitute|[damage]\n|\n|t:|1699835155\n|switch|p2a: Muk|Muk-Alola, M|94\/100 brn|[from] U-turn\n|-activate|p2a: Muk|move: Sticky Web\n|-unboost|p2a: Muk|spe|1\n|-damage|p2a: Muk|82\/100 brn|[from] Stealth Rock\n|\n|-heal|p1a: Nose Pegger|55\/100|[from] item: Leftovers\n|-damage|p2a: Muk|76\/100 brn|[from] brn\n|upkeep\n|turn|16\n|\n|t:|1699835158\n|move|p1a: Nose Pegger|Leech Seed|p2a: Muk\n|-start|p2a: Muk|move: Leech Seed\n|move|p2a: Muk|Knock Off|p1a: Nose Pegger\n|-supereffective|p1a: Nose Pegger\n|-end|p1a: Nose Pegger|Substitute\n|\n|-heal|p1a: Nose Pegger|61\/100|[from] item: Leftovers\n|-damage|p2a: Muk|64\/100 brn|[from] Leech Seed|[of] p1a: Nose Pegger\n|-heal|p1a: Nose Pegger|74\/100|[silent]\n|-damage|p2a: Muk|58\/100 brn|[from] brn\n|upkeep\n|turn|17\n|\n|t:|1699835165\n|switch|p2a: Orthworm|Orthworm, M|91\/100\n|-activate|p2a: Orthworm|move: Sticky Web\n|-unboost|p2a: Orthworm|spe|1\n|-damage|p2a: Orthworm|84\/100|[from] Stealth Rock\n|move|p1a: Nose Pegger|Substitute|p1a: Nose Pegger\n|-start|p1a: Nose Pegger|Substitute\n|-damage|p1a: Nose Pegger|50\/100\n|\n|-heal|p1a: Nose Pegger|56\/100|[from] item: Leftovers\n|upkeep\n|turn|18\n|\n|t:|1699835170\n|move|p1a: Nose Pegger|Leech Seed|p2a: Orthworm\n|-start|p2a: Orthworm|move: Leech Seed\n|move|p2a: Orthworm|Iron Head|p1a: Nose Pegger\n|-end|p1a: Nose Pegger|Substitute\n|\n|-heal|p1a: Nose Pegger|62\/100|[from] item: Leftovers\n|-damage|p2a: Orthworm|72\/100|[from] Leech Seed|[of] p1a: Nose Pegger\n|-heal|p1a: Nose Pegger|73\/100|[silent]\n|upkeep\n|turn|19\n|j| sgrg32\n|\n|t:|1699835180\n|move|p2a: Orthworm|Protect|p2a: Orthworm\n|-singleturn|p2a: Orthworm|Protect\n|move|p1a: Nose Pegger|Substitute|p1a: Nose Pegger\n|-start|p1a: Nose Pegger|Substitute\n|-damage|p1a: Nose Pegger|48\/100\n|\n|-heal|p1a: Nose Pegger|54\/100|[from] item: Leftovers\n|-damage|p2a: Orthworm|60\/100|[from] Leech Seed|[of] p1a: Nose Pegger\n|-heal|p1a: Nose Pegger|65\/100|[silent]\n|upkeep\n|turn|20\n|\n|t:|1699835184\n|move|p1a: Nose Pegger|Low Kick|p2a: Orthworm\n|-supereffective|p2a: Orthworm\n|-damage|p2a: Orthworm|28\/100\n|-damage|p1a: Nose Pegger|48\/100|[from] item: Rocky Helmet|[of] p2a: Orthworm\n|move|p2a: Orthworm|Iron Head|p1a: Nose Pegger\n|-end|p1a: Nose Pegger|Substitute\n|\n|-heal|p1a: Nose Pegger|54\/100|[from] item: Leftovers\n|-damage|p2a: Orthworm|16\/100|[from] Leech Seed|[of] p1a: Nose Pegger\n|-heal|p1a: Nose Pegger|65\/100|[silent]\n|upkeep\n|turn|21\n|j| calcroft\n|\n|t:|1699835202\n|move|p1a: Nose Pegger|Substitute|p1a: Nose Pegger\n|-start|p1a: Nose Pegger|Substitute\n|-damage|p1a: Nose Pegger|40\/100\n|move|p2a: Orthworm|Rest|p2a: Orthworm\n|-status|p2a: Orthworm|slp|[from] move: Rest\n|-heal|p2a: Orthworm|100\/100 slp|[silent]\n|\n|-heal|p1a: Nose Pegger|46\/100|[from] item: Leftovers\n|-damage|p2a: Orthworm|88\/100 slp|[from] Leech Seed|[of] p1a: Nose Pegger\n|-heal|p1a: Nose Pegger|57\/100|[silent]\n|upkeep\n|turn|22\n|\n|t:|1699835209\n|switch|p2a: Volbeat|Volbeat, M|51\/100\n|-activate|p2a: Volbeat|move: Sticky Web\n|-unboost|p2a: Volbeat|spe|1\n|-damage|p2a: Volbeat|26\/100|[from] Stealth Rock\n|move|p1a: Nose Pegger|Giga Drain|p2a: Volbeat\n|-resisted|p2a: Volbeat\n|-damage|p2a: Volbeat|17\/100\n|-heal|p1a: Nose Pegger|62\/100|[from] drain|[of] p2a: Volbeat\n|\n|-heal|p1a: Nose Pegger|68\/100|[from] item: Leftovers\n|upkeep\n|turn|23\n|\n|t:|1699835216\n|move|p2a: Volbeat|Trick||[still]\n|-fail|p2a: Volbeat\n|move|p1a: Nose Pegger|Leech Seed|p2a: Volbeat\n|-start|p2a: Volbeat|move: Leech Seed\n|\n|-heal|p1a: Nose Pegger|74\/100|[from] item: Leftovers\n|-damage|p2a: Volbeat|4\/100|[from] Leech Seed|[of] p1a: Nose Pegger\n|-heal|p1a: Nose Pegger|84\/100|[silent]\n|upkeep\n|turn|24\n|\n|t:|1699835225\n|move|p2a: Volbeat|Encore|p1a: Nose Pegger\n|-start|p1a: Nose Pegger|Encore\n|move|p1a: Nose Pegger|Leech Seed||[still]\n|-fail|p1a: Nose Pegger\n|\n|-heal|p1a: Nose Pegger|90\/100|[from] item: Leftovers\n|-damage|p2a: Volbeat|0 fnt|[from] Leech Seed|[of] p1a: Nose Pegger\n|-heal|p1a: Nose Pegger|94\/100|[silent]\n|faint|p2a: Volbeat\n|upkeep\n|\n|t:|1699835231\n|switch|p2a: Enamorus|Enamorus-Therian, F|31\/100\n|-damage|p2a: Enamorus|6\/100|[from] Stealth Rock\n|turn|25\n|\n|t:|1699835234\n|move|p1a: Nose Pegger|Leech Seed|p2a: Enamorus\n|-start|p2a: Enamorus|move: Leech Seed\n|move|p2a: Enamorus|Moonblast|p1a: Nose Pegger\n|-end|p1a: Nose Pegger|Substitute\n|\n|-heal|p1a: Nose Pegger|99\/100|[from] item: Leftovers\n|-damage|p2a: Enamorus|0 fnt|[from] Leech Seed|[of] p1a: Nose Pegger\n|-heal|p1a: Nose Pegger|100\/100|[silent]\n|faint|p2a: Enamorus\n|upkeep\n|\n|t:|1699835243\n|switch|p2a: Goodra|Goodra-Hisui, M|100\/100\n|-activate|p2a: Goodra|move: Sticky Web\n|-unboost|p2a: Goodra|spe|1\n|-damage|p2a: Goodra|94\/100|[from] Stealth Rock\n|turn|26\n|\n|t:|1699835245\n|move|p1a: Nose Pegger|Leech Seed|p2a: Goodra\n|-ability|p2a: Goodra|Sap Sipper|boost\n|-boost|p2a: Goodra|atk|1\n|move|p2a: Goodra|Draco Meteor|p1a: Nose Pegger\n|-damage|p1a: Nose Pegger|0 fnt\n|-unboost|p2a: Goodra|spa|2\n|faint|p1a: Nose Pegger\n|\n|upkeep\n|\n|t:|1699835259\n|switch|p1a: Hot shit|Moltres|57\/100\n|-damage|p1a: Hot shit|8\/100|[from] Stealth Rock\n|turn|27\n|\n|t:|1699835270\n|move|p1a: Hot shit|Will-O-Wisp|p2a: Goodra\n|-status|p2a: Goodra|brn\n|move|p2a: Goodra|Thunderbolt|p1a: Hot shit\n|-supereffective|p1a: Hot shit\n|-damage|p1a: Hot shit|0 fnt\n|faint|p1a: Hot shit\n|\n|-damage|p2a: Goodra|88\/100 brn|[from] brn\n|upkeep\n|\n|t:|1699835283\n|switch|p1a: Lizzo|Iron Thorns|100\/100\n|-damage|p1a: Lizzo|88\/100|[from] Stealth Rock\n|-enditem|p1a: Lizzo|Booster Energy\n|-activate|p1a: Lizzo|ability: Quark Drive|[fromitem]\n|-start|p1a: Lizzo|quarkdriveatk\n|turn|28\n|\n|t:|1699835293\n|switch|p2a: Muk|Muk-Alola, M|58\/100 brn\n|-activate|p2a: Muk|move: Sticky Web\n|-unboost|p2a: Muk|spe|1\n|-damage|p2a: Muk|45\/100 brn|[from] Stealth Rock\n|move|p1a: Lizzo|Low Kick|p2a: Muk\n|-damage|p2a: Muk|1\/100 brn\n|\n|-damage|p2a: Muk|0 fnt|[from] brn\n|faint|p2a: Muk\n|upkeep\n|\n|t:|1699835301\n|switch|p2a: Goodra|Goodra-Hisui, M|88\/100 brn\n|-activate|p2a: Goodra|move: Sticky Web\n|-unboost|p2a: Goodra|spe|1\n|-damage|p2a: Goodra|82\/100 brn|[from] Stealth Rock\n|turn|29\n|\n|t:|1699835306\n|move|p1a: Lizzo|Low Kick|p2a: Goodra\n|-supereffective|p2a: Goodra\n|-damage|p2a: Goodra|0 fnt\n|faint|p2a: Goodra\n|\n|upkeep\n|\n|t:|1699835308\n|switch|p2a: Orthworm|Orthworm, M|88\/100 slp\n|-activate|p2a: Orthworm|move: Sticky Web\n|-unboost|p2a: Orthworm|spe|1\n|-damage|p2a: Orthworm|82\/100 slp|[from] Stealth Rock\n|turn|30\n|\n|t:|1699835313\n|cant|p2a: Orthworm|slp\n|move|p1a: Lizzo|Low Kick|p2a: Orthworm\n|-supereffective|p2a: Orthworm\n|-damage|p2a: Orthworm|14\/100 slp\n|-damage|p1a: Lizzo|72\/100|[from] item: Rocky Helmet|[of] p2a: Orthworm\n|\n|upkeep\n|turn|31\n|\n|t:|1699835317\n|move|p1a: Lizzo|Low Kick|p2a: Orthworm\n|-supereffective|p2a: Orthworm\n|-damage|p2a: Orthworm|0 fnt\n|-damage|p1a: Lizzo|55\/100|[from] item: Rocky Helmet|[of] p2a: Orthworm\n|faint|p2a: Orthworm\n|\n|win|Buzzwardo\n|c|\u2606mihnt|gg kitten\n","uploadtime":1699835325,"views":56,"p1id":"buzzwardo","p2id":"mihnt","formatid":"gen9ubers","rating":0,"private":0,"password":""}