{"id":"gen9ubers-1967989083","p1":"POGERBOI","p2":"Scummy strats","format":"[Gen 9] Ubers","log":"|j|\u2606POGERBOI\n|j|\u2606Scummy strats\n|t:|1697370468\n|gametype|singles\n|player|p1|POGERBOI|2|1056\n|player|p2|Scummy strats|n|1000\n|teamsize|p1|6\n|teamsize|p2|6\n|gen|9\n|tier|[Gen 9] Ubers\n|rated|\n|rule|Sleep Clause Mod: Limit one foe put to sleep\n|rule|Species Clause: Limit one of each Pok\u00e9mon\n|rule|OHKO Clause: OHKO moves are banned\n|rule|Evasion Items Clause: Evasion items are banned\n|rule|Evasion Moves Clause: Evasion moves are banned\n|rule|Endless Battle Clause: Forcing endless battles is banned\n|rule|HP Percentage Mod: HP is shown in percentages\n|clearpoke\n|poke|p1|Hoopa-Unbound|\n|poke|p1|Magearna|\n|poke|p1|Calyrex-Ice|\n|poke|p1|Zacian-*|\n|poke|p1|Rayquaza|\n|poke|p1|Iron Moth|\n|poke|p2|Ditto|\n|poke|p2|Basculegion, M|\n|poke|p2|Pawmot, M|\n|poke|p2|Rabsca, M|\n|poke|p2|Zamazenta-*|\n|poke|p2|Regieleki|\n|teampreview\n|\n|t:|1697370482\n|start\n|switch|p1a: Magearna|Magearna|100\/100\n|switch|p2a: Regieleki|Regieleki|100\/100\n|turn|1\n|\n|t:|1697370488\n|move|p2a: Regieleki|Thunder Wave|p1a: Magearna\n|-status|p1a: Magearna|par\n|cant|p1a: Magearna|par\n|\n|upkeep\n|turn|2\n|\n|t:|1697370499\n|move|p2a: Regieleki|Thunder Cage|p1a: Magearna\n|-damage|p1a: Magearna|64\/100 par\n|-activate|p1a: Magearna|move: Thunder Cage|[of] p2a: Regieleki\n|move|p1a: Magearna|Trick Room|p1a: Magearna\n|-fieldstart|move: Trick Room|[of] p1a: Magearna\n|\n|-heal|p1a: Magearna|70\/100 par|[from] item: Leftovers\n|-damage|p1a: Magearna|58\/100 par|[from] move: Thunder Cage|[partiallytrapped]\n|upkeep\n|turn|3\n|\n|t:|1697370520\n|cant|p1a: Magearna|par\n|move|p2a: Regieleki|Volt Switch|p1a: Magearna\n|-damage|p1a: Magearna|25\/100 par\n|\n|t:|1697370528\n|switch|p2a: Ditto|Ditto, shiny|100\/100|[from] Volt Switch\n|-transform|p2a: Ditto|p1a: Magearna|[from] ability: Imposter\n|\n|-heal|p1a: Magearna|31\/100 par|[from] item: Leftovers\n|-end|p1a: Magearna|Thunder Cage|[partiallytrapped]|[silent]\n|upkeep\n|turn|4\n|\n|t:|1697370540\n|switch|p1a: Calyrex|Calyrex-Ice|100\/100\n|-ability|p1a: Calyrex|As One\n|-ability|p1a: Calyrex|Unnerve\n|move|p2a: Ditto|Trick Room|p2a: Ditto\n|-fieldend|move: Trick Room\n|\n|upkeep\n|turn|5\n|\n|t:|1697370550\n|switch|p2a: Zamazenta|Zamazenta|100\/100\n|-ability|p2a: Zamazenta|Dauntless Shield|boost\n|-boost|p2a: Zamazenta|def|1\n|move|p1a: Calyrex|High Horsepower|p2a: Zamazenta\n|-damage|p2a: Zamazenta|80\/100\n|\n|-heal|p2a: Zamazenta|86\/100|[from] item: Leftovers\n|upkeep\n|turn|6\n|\n|t:|1697370558\n|move|p2a: Zamazenta|Iron Defense|p2a: Zamazenta\n|-boost|p2a: Zamazenta|def|2\n|move|p1a: Calyrex|Trick Room|p1a: Calyrex\n|-fieldstart|move: Trick Room|[of] p1a: Calyrex\n|\n|-heal|p2a: Zamazenta|92\/100|[from] item: Leftovers\n|upkeep\n|turn|7\n|\n|t:|1697370572\n|switch|p1a: Iron Moth|Iron Moth, shiny|100\/100\n|-enditem|p1a: Iron Moth|Booster Energy\n|-activate|p1a: Iron Moth|ability: Quark Drive|[fromitem]\n|-start|p1a: Iron Moth|quarkdrivespa\n|move|p2a: Zamazenta|Iron Defense|p2a: Zamazenta\n|-boost|p2a: Zamazenta|def|2\n|\n|-heal|p2a: Zamazenta|98\/100|[from] item: Leftovers\n|upkeep\n|turn|8\n|\n|t:|1697370588\n|move|p1a: Iron Moth|Dazzling Gleam|p2a: Zamazenta\n|-supereffective|p2a: Zamazenta\n|-damage|p2a: Zamazenta|20\/100\n|move|p2a: Zamazenta|Body Press|p1a: Iron Moth\n|-resisted|p1a: Iron Moth\n|-damage|p1a: Iron Moth|0 fnt\n|faint|p1a: Iron Moth\n|-end|p1a: Iron Moth|Quark Drive|[silent]\n|\n|-heal|p2a: Zamazenta|27\/100|[from] item: Leftovers\n|upkeep\n|\n|t:|1697370611\n|switch|p1a: Hoopa|Hoopa-Unbound|100\/100\n|turn|9\n|\n|t:|1697370621\n|move|p1a: Hoopa|Gunk Shot|p2a: Zamazenta\n|-damage|p2a: Zamazenta|17\/100\n|move|p2a: Zamazenta|Substitute|p2a: Zamazenta\n|-fail|p2a: Zamazenta|move: Substitute|[weak]\n|\n|-heal|p2a: Zamazenta|23\/100|[from] item: Leftovers\n|upkeep\n|turn|10\n|\n|t:|1697370628\n|move|p2a: Zamazenta|Body Press|p1a: Hoopa\n|-damage|p1a: Hoopa|0 fnt\n|faint|p1a: Hoopa\n|\n|-heal|p2a: Zamazenta|29\/100|[from] item: Leftovers\n|-fieldend|move: Trick Room\n|upkeep\n|\n|t:|1697370638\n|switch|p1a: Calyrex|Calyrex-Ice|100\/100\n|-ability|p1a: Calyrex|As One\n|-ability|p1a: Calyrex|Unnerve\n|turn|11\n|\n|t:|1697370660\n|move|p2a: Zamazenta|Body Press|p1a: Calyrex\n|-damage|p1a: Calyrex|7\/100\n|move|p1a: Calyrex|Trick Room|p1a: Calyrex\n|-fieldstart|move: Trick Room|[of] p1a: Calyrex\n|\n|-heal|p1a: Calyrex|14\/100|[from] item: Leftovers\n|-heal|p2a: Zamazenta|35\/100|[from] item: Leftovers\n|upkeep\n|turn|12\n|\n|t:|1697370670\n|move|p1a: Calyrex|High Horsepower|p2a: Zamazenta\n|-damage|p2a: Zamazenta|26\/100\n|move|p2a: Zamazenta|Body Press|p1a: Calyrex\n|-damage|p1a: Calyrex|0 fnt\n|faint|p1a: Calyrex\n|\n|-heal|p2a: Zamazenta|32\/100|[from] item: Leftovers\n|upkeep\n|\n|t:|1697370675\n|switch|p1a: Magearna|Magearna|31\/100 par\n|turn|13\n|\n|t:|1697370681\n|move|p1a: Magearna|Dazzling Gleam|p2a: Zamazenta\n|-supereffective|p2a: Zamazenta\n|-damage|p2a: Zamazenta|0 fnt\n|faint|p2a: Zamazenta\n|-ability|p1a: Magearna|Soul-Heart|boost\n|-boost|p1a: Magearna|spa|1\n|\n|-heal|p1a: Magearna|37\/100 par|[from] item: Leftovers\n|upkeep\n|\n|t:|1697370688\n|switch|p2a: Rabsca|Rabsca, M|100\/100\n|turn|14\n|\n|t:|1697370697\n|move|p1a: Magearna|Dazzling Gleam|p2a: Rabsca\n|-damage|p2a: Rabsca|36\/100\n|move|p2a: Rabsca|Revival Blessing|p2a: Rabsca\n|-enditem|p2a: Rabsca|Leppa Berry|[eat]\n|-activate|p2a: Rabsca|item: Leppa Berry|Revival Blessing|[consumed]\n|\n|t:|1697370702\n|-heal|p2: Zamazenta|50\/100|[from] move: Revival Blessing\n|\n|-heal|p1a: Magearna|43\/100 par|[from] item: Leftovers\n|upkeep\n|turn|15\n|\n|t:|1697370708\n|switch|p2a: Ditto|Ditto, shiny|100\/100\n|-transform|p2a: Ditto|p1a: Magearna|[from] ability: Imposter\n|cant|p1a: Magearna|par\n|\n|-heal|p1a: Magearna|49\/100 par|[from] item: Leftovers\n|-fieldend|move: Trick Room\n|upkeep\n|turn|16\n|\n|t:|1697370746\n|move|p2a: Ditto|Flash Cannon|p1a: Magearna\n|-damage|p1a: Magearna|0 fnt\n|faint|p1a: Magearna\n|-ability|p2a: Ditto|Soul-Heart|boost\n|-boost|p2a: Ditto|spa|1\n|\n|upkeep\n|\n|t:|1697370764\n|switch|p1a: Zacian|Zacian-Crowned|100\/100\n|-ability|p1a: Zacian|Intrepid Sword|boost\n|-boost|p1a: Zacian|atk|1\n|turn|17\n|\n|t:|1697370770\n|move|p1a: Zacian|Swords Dance|p1a: Zacian\n|-boost|p1a: Zacian|atk|2\n|move|p2a: Ditto|Flash Cannon|p1a: Zacian\n|-crit|p1a: Zacian\n|-damage|p1a: Zacian|0 fnt\n|faint|p1a: Zacian\n|-ability|p2a: Ditto|Soul-Heart|boost\n|-boost|p2a: Ditto|spa|1\n|\n|upkeep\n|-message|POGERBOI forfeited.\n|\n|win|Scummy strats\n|raw|POGERBOI's rating: 1056 &rarr; <strong>1035<\/strong><br \/>(-21 for losing)\n|raw|Scummy strats's rating: 1000 &rarr; <strong>1046<\/strong><br \/>(+46 for winning)\n|l|\u2606POGERBOI\n","uploadtime":1697370784,"views":12,"p1id":"pogerboi","p2id":"scummystrats","formatid":"gen9ubers","rating":1035,"private":0,"password":""}