{"id":"gen9ubers-1969392136","p1":"jevilisawesome","p2":"Pajoomas!","format":"[Gen 9] Ubers","log":"|j|\u2606jevilisawesome\n|j|\u2606Pajoomas!\n|t:|1697524543\n|gametype|singles\n|player|p1|jevilisawesome|elesa|\n|player|p2|Pajoomas!|hilbert|\n|teamsize|p1|6\n|teamsize|p2|6\n|gen|9\n|tier|[Gen 9] Ubers\n|rule|Sleep Clause Mod: Limit one foe put to sleep\n|rule|Species Clause: Limit one of each Pok\u00e9mon\n|rule|OHKO Clause: OHKO moves are banned\n|rule|Evasion Items Clause: Evasion items are banned\n|rule|Evasion Moves Clause: Evasion moves are banned\n|rule|Endless Battle Clause: Forcing endless battles is banned\n|rule|HP Percentage Mod: HP is shown in percentages\n|clearpoke\n|poke|p1|Masquerain, M|\n|poke|p1|Arceus-Ice|\n|poke|p1|Gholdengo|\n|poke|p1|Palafin, M|\n|poke|p1|Chi-Yu|\n|poke|p1|Zacian-*|\n|poke|p2|Zacian-*|\n|poke|p2|Palkia-Origin|\n|poke|p2|Pelipper, F|\n|poke|p2|Magearna|\n|poke|p2|Arceus-Grass|\n|poke|p2|Basculegion-F, F|\n|teampreview\n|inactive|Battle timer is ON: inactive players will automatically lose when time's up. (requested by jevilisawesome)\n|c|\u2606Pajoomas!|nice team\n|\n|t:|1697524553\n|start\n|switch|p1a: Cute bug thing|Masquerain, M|100\/100\n|switch|p2a: Pelipper|Pelipper, F|100\/100\n|-ability|p1a: Cute bug thing|Intimidate|boost\n|-unboost|p2a: Pelipper|atk|1\n|-weather|RainDance|[from] ability: Drizzle|[of] p2a: Pelipper\n|turn|1\n|\n|t:|1697524557\n|move|p1a: Cute bug thing|Sticky Web|p2a: Pelipper\n|-sidestart|p2: Pajoomas!|move: Sticky Web\n|move|p2a: Pelipper|Hurricane|p1a: Cute bug thing\n|-supereffective|p1a: Cute bug thing\n|-enditem|p1a: Cute bug thing|Focus Sash\n|-damage|p1a: Cute bug thing|1\/100\n|-start|p1a: Cute bug thing|confusion\n|\n|-weather|RainDance|[upkeep]\n|upkeep\n|turn|2\n|\n|t:|1697524566\n|switch|p1a: String Cheese.|Gholdengo|100\/100\n|move|p2a: Pelipper|U-turn|p1a: String Cheese.\n|-resisted|p1a: String Cheese.\n|-damage|p1a: String Cheese.|99\/100\n|c|\u2606jevilisawesome|its the sampled one they give\n|c|\u2606jevilisawesome|i know its basic\n|inactive|Pajoomas! has 270 seconds left.\n|c|\u2606jevilisawesome|team building is NOT my strongsuit\n|c|\u2606Pajoomas!|i didnt realize that was a sample team lol\n|\n|t:|1697524604\n|switch|p2a: Palkia|Palkia-Origin, shiny|100\/100|[from] U-turn\n|-activate|p2a: Palkia|move: Sticky Web\n|-unboost|p2a: Palkia|spe|1\n|-ability|p2a: Palkia|Pressure\n|\n|-weather|RainDance|[upkeep]\n|upkeep\n|turn|3\n|\n|t:|1697524615\n|switch|p1a: Da fin|Palafin, M|100\/100\n|move|p2a: Palkia|Substitute|p2a: Palkia\n|-start|p2a: Palkia|Substitute\n|-damage|p2a: Palkia|76\/100\n|\n|-weather|RainDance|[upkeep]\n|upkeep\n|turn|4\n|\n|t:|1697524624\n|detailschange|p1a: Da fin|Palafin-Hero, M\n|switch|p1a: Arceus|Arceus-Ice|100\/100\n|move|p2a: Palkia|Thunder|p1a: Arceus\n|-damage|p1a: Arceus|69\/100\n|\n|-weather|RainDance|[upkeep]\n|upkeep\n|turn|5\n|\n|t:|1697524628\n|move|p1a: Arceus|Judgment|p2a: Palkia\n|-end|p2a: Palkia|Substitute\n|move|p2a: Palkia|Hydro Pump|p1a: Arceus|[miss]\n|-miss|p2a: Palkia|p1a: Arceus\n|\n|-weather|RainDance|[upkeep]\n|upkeep\n|turn|6\n|\n|t:|1697524636\n|move|p1a: Arceus|Calm Mind|p1a: Arceus\n|-boost|p1a: Arceus|spa|1\n|-boost|p1a: Arceus|spd|1\n|move|p2a: Palkia|Hydro Pump|p1a: Arceus\n|-damage|p1a: Arceus|15\/100\n|\n|-weather|RainDance|[upkeep]\n|upkeep\n|turn|7\n|\n|t:|1697524641\n|move|p1a: Arceus|Judgment|p2a: Palkia\n|-damage|p2a: Palkia|0 fnt\n|faint|p2a: Palkia\n|\n|-weather|RainDance|[upkeep]\n|upkeep\n|\n|t:|1697524644\n|switch|p2a: Basculegion|Basculegion-F, F|100\/100\n|turn|8\n|\n|t:|1697524649\n|move|p2a: Basculegion|Flip Turn|p1a: Arceus\n|-damage|p1a: Arceus|0 fnt\n|faint|p1a: Arceus\n|c|\u2606jevilisawesome|a mon for a mon\n|\n|t:|1697524658\n|switch|p2a: Arceus|Arceus-Grass|100\/100|[from] Flip Turn\n|-activate|p2a: Arceus|move: Sticky Web\n|-unboost|p2a: Arceus|spe|1\n|\n|-weather|none\n|upkeep\n|\n|t:|1697524667\n|switch|p1a: FEESH|Chi-Yu|100\/100\n|-ability|p1a: FEESH|Beads of Ruin\n|turn|9\n|c|\u2606jevilisawesome|FEESH\n|inactive|Pajoomas! has 270 seconds left.\n|\n|t:|1697524705\n|move|p1a: FEESH|Overheat|p2a: Arceus\n|-supereffective|p2a: Arceus\n|-damage|p2a: Arceus|0 fnt\n|-unboost|p1a: FEESH|spa|2\n|faint|p2a: Arceus\n|\n|upkeep\n|\n|t:|1697524710\n|switch|p2a: Pelipper|Pelipper, F|100\/100\n|-weather|RainDance|[from] ability: Drizzle|[of] p2a: Pelipper\n|turn|10\n|inactive|Pajoomas! has 270 seconds left.\n|\n|t:|1697524725\n|switch|p1a: Cute bug thing|Masquerain, M|1\/100\n|-ability|p1a: Cute bug thing|Intimidate|boost\n|-unboost|p2a: Pelipper|atk|1\n|move|p2a: Pelipper|Hurricane|p1a: Cute bug thing\n|-supereffective|p1a: Cute bug thing\n|-damage|p1a: Cute bug thing|0 fnt\n|faint|p1a: Cute bug thing\n|\n|-weather|RainDance|[upkeep]\n|upkeep\n|\n|t:|1697524740\n|switch|p1a: Zacian|Zacian|100\/100\n|-ability|p1a: Zacian|Intrepid Sword|boost\n|-boost|p1a: Zacian|atk|1\n|turn|11\n|\n|t:|1697524750\n|switch|p2a: Magearna|Magearna|100\/100\n|-activate|p2a: Magearna|move: Sticky Web\n|-unboost|p2a: Magearna|spe|1\n|move|p1a: Zacian|Wild Charge|p2a: Magearna\n|-damage|p2a: Magearna|49\/100\n|-damage|p1a: Zacian|84\/100|[from] item: Rocky Helmet|[of] p2a: Magearna\n|-damage|p1a: Zacian|69\/100|[from] Recoil\n|\n|-weather|RainDance|[upkeep]\n|upkeep\n|turn|12\n|c|\u2606jevilisawesome|that hits\n|c|\u2606jevilisawesome|so hard\n|\n|t:|1697524762\n|move|p1a: Zacian|Wild Charge|p2a: Magearna\n|-damage|p2a: Magearna|0 fnt\n|-damage|p1a: Zacian|53\/100|[from] item: Rocky Helmet|[of] p2a: Magearna\n|faint|p2a: Magearna\n|-damage|p1a: Zacian|39\/100|[from] Recoil\n|\n|-weather|RainDance|[upkeep]\n|upkeep\n|\n|t:|1697524770\n|switch|p2a: Basculegion|Basculegion-F, F|100\/100\n|turn|13\n|\n|t:|1697524775\n|move|p2a: Basculegion|Last Respects|p1a: Zacian\n|-damage|p1a: Zacian|0 fnt\n|faint|p1a: Zacian\n|\n|-weather|RainDance|[upkeep]\n|upkeep\n|\n|t:|1697524778\n|switch|p1a: FEESH|Chi-Yu|100\/100\n|-ability|p1a: FEESH|Beads of Ruin\n|turn|14\n|c|\u2606jevilisawesome|idk if i die\n|\n|t:|1697524797\n|move|p2a: Basculegion|Wave Crash|p1a: FEESH\n|-supereffective|p1a: FEESH\n|-damage|p1a: FEESH|0 fnt\n|faint|p1a: FEESH\n|-damage|p2a: Basculegion|79\/100|[from] Recoil\n|\n|-weather|RainDance|[upkeep]\n|upkeep\n|c|\u2606jevilisawesome|i do have weak defense\n|c|\u2606jevilisawesome|oh\n|c|\u2606Pajoomas!|not band\n|c|\u2606jevilisawesome|no scarf\n|c|\u2606jevilisawesome|oh wow\n|c|\u2606jevilisawesome|i mean band\n|c|\u2606Pajoomas!|yea\n|c|\u2606jevilisawesome|LOL\n|c|\u2606Pajoomas!|i have boots\n|\n|t:|1697524811\n|switch|p1a: String Cheese.|Gholdengo|99\/100\n|turn|15\n|\n|t:|1697524815\n|move|p2a: Basculegion|Last Respects|p1a: String Cheese.\n|-supereffective|p1a: String Cheese.\n|-damage|p1a: String Cheese.|0 fnt\n|faint|p1a: String Cheese.\n|\n|-weather|RainDance|[upkeep]\n|upkeep\n|\n|t:|1697524817\n|switch|p1a: Da fin|Palafin-Hero, M|100\/100\n|-activate|p1a: Da fin|ability: Zero to Hero\n|turn|16\n|c|\u2606Pajoomas!|comes in clutch more often than one may expect\n|\n|t:|1697524825\n|-terastallize|p1a: Da fin|Water\n|move|p1a: Da fin|Jet Punch|p2a: Basculegion\n|-resisted|p2a: Basculegion\n|-damage|p2a: Basculegion|7\/100\n|move|p2a: Basculegion|Last Respects|p1a: Da fin\n|-damage|p1a: Da fin|7\/100\n|\n|-weather|RainDance|[upkeep]\n|upkeep\n|turn|17\n|\n|t:|1697524832\n|move|p1a: Da fin|Jet Punch|p2a: Basculegion\n|-resisted|p2a: Basculegion\n|-damage|p2a: Basculegion|0 fnt\n|faint|p2a: Basculegion\n|\n|-weather|none\n|upkeep\n|\n|t:|1697524835\n|switch|p2a: Zacian|Zacian, shiny|100\/100\n|-activate|p2a: Zacian|move: Sticky Web\n|-unboost|p2a: Zacian|spe|1\n|-ability|p2a: Zacian|Intrepid Sword|boost\n|-boost|p2a: Zacian|atk|1\n|turn|18\n|c|\u2606jevilisawesome|ZAMNNN\n|\n|t:|1697524841\n|-terastallize|p2a: Zacian|Water\n|move|p1a: Da fin|Jet Punch|p2a: Zacian\n|-resisted|p2a: Zacian\n|-damage|p2a: Zacian|58\/100\n|move|p2a: Zacian|Play Rough|p1a: Da fin\n|-damage|p1a: Da fin|0 fnt\n|faint|p1a: Da fin\n|-damage|p2a: Zacian|48\/100|[from] item: Life Orb\n|\n|win|Pajoomas!\n|c|\u2606Pajoomas!|gg\n|c|\u2606jevilisawesome|ggs\n","uploadtime":1697524852,"views":29,"p1id":"jevilisawesome","p2id":"pajoomas","formatid":"gen9ubers","rating":0,"private":0,"password":""}