{"id":"gen9ubers-1975333743","p1":"rustygoomba","p2":"ChungleWungle","format":"[Gen 9] Ubers","log":"|j|\u2606rustygoomba\n|j|\u2606ChungleWungle\n|t:|1698180713\n|gametype|singles\n|player|p1|rustygoomba|policeman-gen8|\n|player|p2|ChungleWungle|unknown|\n|teamsize|p1|6\n|teamsize|p2|6\n|gen|9\n|tier|[Gen 9] Ubers\n|rule|Sleep Clause Mod: Limit one foe put to sleep\n|rule|Species Clause: Limit one of each Pok\u00e9mon\n|rule|OHKO Clause: OHKO moves are banned\n|rule|Evasion Items Clause: Evasion items are banned\n|rule|Evasion Moves Clause: Evasion moves are banned\n|rule|Endless Battle Clause: Forcing endless battles is banned\n|rule|HP Percentage Mod: HP is shown in percentages\n|clearpoke\n|poke|p1|Mew|\n|poke|p1|Bisharp, M|\n|poke|p1|Frosmoth, M|\n|poke|p1|Roaring Moon|\n|poke|p1|Veluza, F|\n|poke|p1|Tauros-Paldea-Blaze, M|\n|poke|p2|Polteageist-Antique|\n|poke|p2|Gothitelle, M|\n|poke|p2|Iron Hands|\n|poke|p2|Snorlax, F|\n|poke|p2|Ursaluna, F|\n|poke|p2|Iron Valiant|\n|teampreview\n|\n|t:|1698180728\n|start\n|switch|p1a: the meta threat|Mew|100\/100\n|switch|p2a: Steve|Gothitelle, M|100\/100\n|turn|1\n|\n|t:|1698180735\n|move|p1a: the meta threat|Calm Mind|p1a: the meta threat\n|-boost|p1a: the meta threat|spa|1\n|-boost|p1a: the meta threat|spd|1\n|move|p2a: Steve|Metronome|p2a: Steve\n|move|p2a: Steve|Skitter Smack|p1a: the meta threat|[from]move: Metronome\n|-supereffective|p1a: the meta threat\n|-damage|p1a: the meta threat|79\/100\n|-unboost|p1a: the meta threat|spa|1\n|\n|-heal|p1a: the meta threat|86\/100|[from] item: Leftovers\n|upkeep\n|turn|2\n|\n|t:|1698180746\n|move|p1a: the meta threat|Calm Mind|p1a: the meta threat\n|-boost|p1a: the meta threat|spa|1\n|-boost|p1a: the meta threat|spd|1\n|move|p2a: Steve|Metronome|p2a: Steve\n|move|p2a: Steve|Fissure|p1a: the meta threat|[from]move: Metronome|[miss]\n|-miss|p2a: Steve|p1a: the meta threat\n|\n|-heal|p1a: the meta threat|92\/100|[from] item: Leftovers\n|upkeep\n|turn|3\n|\n|t:|1698180763\n|move|p1a: the meta threat|Bulk Up|p1a: the meta threat\n|-boost|p1a: the meta threat|atk|1\n|-boost|p1a: the meta threat|def|1\n|move|p2a: Steve|Metronome|p2a: Steve\n|move|p2a: Steve|Whirlwind|p1a: the meta threat|[from]move: Metronome\n|drag|p1a: ted lasso|Tauros-Paldea-Blaze, M|100\/100\n|\n|upkeep\n|turn|4\n|\n|t:|1698180777\n|move|p1a: ted lasso|Bulk Up|p1a: ted lasso\n|-boost|p1a: ted lasso|atk|1\n|-boost|p1a: ted lasso|def|1\n|move|p2a: Steve|Metronome|p2a: Steve\n|move|p2a: Steve|Shell Smash|p2a: Steve|[from]move: Metronome\n|-unboost|p2a: Steve|def|1\n|-unboost|p2a: Steve|spd|1\n|-boost|p2a: Steve|atk|2\n|-boost|p2a: Steve|spa|2\n|-boost|p2a: Steve|spe|2\n|\n|upkeep\n|turn|5\n|\n|t:|1698180797\n|move|p2a: Steve|Metronome|p2a: Steve\n|move|p2a: Steve|Razor Leaf|p1a: ted lasso|[from]move: Metronome\n|-resisted|p1a: ted lasso\n|-damage|p1a: ted lasso|96\/100\n|move|p1a: ted lasso|Raging Bull|p2a: Steve\n|-damage|p2a: Steve|5\/100\n|\n|-heal|p2a: Steve|11\/100|[from] item: Leftovers\n|upkeep\n|turn|6\n|\n|t:|1698180816\n|move|p2a: Steve|Metronome|p2a: Steve\n|move|p2a: Steve|Aerial Ace|p1a: ted lasso|[from]move: Metronome\n|-supereffective|p1a: ted lasso\n|-damage|p1a: ted lasso|74\/100\n|move|p1a: ted lasso|Raging Bull|p2a: Steve\n|-damage|p2a: Steve|0 fnt\n|faint|p2a: Steve\n|\n|upkeep\n|\n|t:|1698180839\n|switch|p2a: Teddy (7 pounds)|Ursaluna, F, shiny|100\/100\n|turn|7\n|\n|t:|1698180847\n|move|p1a: ted lasso|Bulk Up|p1a: ted lasso\n|-boost|p1a: ted lasso|atk|1\n|-boost|p1a: ted lasso|def|1\n|move|p2a: Teddy (7 pounds)|Metronome|p2a: Teddy (7 pounds)\n|move|p2a: Teddy (7 pounds)|Poltergeist|p1a: ted lasso|[from]move: Metronome\n|-activate|p1a: ted lasso|move: Poltergeist|Salac Berry\n|-damage|p1a: ted lasso|44\/100\n|-damage|p2a: Teddy (7 pounds)|91\/100|[from] item: Life Orb\n|\n|upkeep\n|turn|8\n|\n|t:|1698180857\n|move|p1a: ted lasso|Close Combat|p2a: Teddy (7 pounds)\n|-supereffective|p2a: Teddy (7 pounds)\n|-damage|p2a: Teddy (7 pounds)|0 fnt\n|-unboost|p1a: ted lasso|def|1\n|-unboost|p1a: ted lasso|spd|1\n|faint|p2a: Teddy (7 pounds)\n|\n|upkeep\n|\n|t:|1698180870\n|switch|p2a: Frying Pan|Iron Valiant, shiny|100\/100\n|turn|9\n|\n|t:|1698180876\n|move|p2a: Frying Pan|Metronome|p2a: Frying Pan\n|move|p2a: Frying Pan|Mega Drain|p1a: ted lasso|[from]move: Metronome\n|-resisted|p1a: ted lasso\n|-damage|p1a: ted lasso|33\/100\n|move|p1a: ted lasso|Raging Bull|p2a: Frying Pan\n|-damage|p2a: Frying Pan|0 fnt\n|faint|p2a: Frying Pan\n|-end|p2a: Frying Pan|Quark Drive|[silent]\n|\n|upkeep\n|\n|t:|1698180887\n|switch|p2a: Cuppa|Polteageist-Antique, shiny|100\/100\n|turn|10\n|\n|t:|1698180892\n|-terastallize|p2a: Cuppa|Fire\n|move|p2a: Cuppa|Metronome|p2a: Cuppa\n|move|p2a: Cuppa|Arm Thrust|p1a: ted lasso|[from]move: Metronome\n|-damage|p1a: ted lasso|31\/100\n|-damage|p1a: ted lasso|29\/100\n|-hitcount|p1a: ted lasso|2\n|move|p1a: ted lasso|Earthquake|p2a: Cuppa\n|-supereffective|p2a: Cuppa\n|-damage|p2a: Cuppa|0 fnt\n|faint|p2a: Cuppa\n|\n|upkeep\n|\n|t:|1698180904\n|switch|p2a: Blue|Snorlax, F, shiny|100\/100\n|turn|11\n|\n|t:|1698180908\n|move|p1a: ted lasso|Close Combat|p2a: Blue\n|-supereffective|p2a: Blue\n|-damage|p2a: Blue|0 fnt\n|-unboost|p1a: ted lasso|def|1\n|-unboost|p1a: ted lasso|spd|1\n|faint|p2a: Blue\n|\n|upkeep\n|\n|t:|1698180913\n|switch|p2a: Mister Fister|Iron Hands, shiny|100\/100\n|-enditem|p2a: Mister Fister|Booster Energy\n|-activate|p2a: Mister Fister|ability: Quark Drive|[fromitem]\n|-start|p2a: Mister Fister|quarkdriveatk\n|turn|12\n|\n|t:|1698180919\n|move|p1a: ted lasso|Earthquake|p2a: Mister Fister\n|-supereffective|p2a: Mister Fister\n|-damage|p2a: Mister Fister|30\/100\n|move|p2a: Mister Fister|Metronome|p2a: Mister Fister\n|move|p2a: Mister Fister|Dragon Pulse|p1a: ted lasso|[from]move: Metronome\n|-damage|p1a: ted lasso|0 fnt\n|faint|p1a: ted lasso\n|\n|upkeep\n|\n|t:|1698180926\n|switch|p1a: the meta threat|Mew|92\/100\n|turn|13\n|\n|t:|1698180930\n|move|p1a: the meta threat|Imprison|p1a: the meta threat\n|-start|p1a: the meta threat|move: Imprison\n|cant|p2a: Mister Fister|move: Imprison|Metronome\n|\n|-heal|p1a: the meta threat|98\/100|[from] item: Leftovers\n|upkeep\n|turn|14\n|\n|t:|1698180980\n|move|p1a: the meta threat|Metronome|p1a: the meta threat\n|move|p1a: the meta threat|Play Rough|p2a: Mister Fister|[from]move: Metronome\n|-supereffective|p2a: Mister Fister\n|-damage|p2a: Mister Fister|0 fnt\n|faint|p2a: Mister Fister\n|-end|p2a: Mister Fister|Quark Drive|[silent]\n|\n|win|rustygoomba\n","uploadtime":1698180986,"views":14,"p1id":"rustygoomba","p2id":"chunglewungle","formatid":"gen9ubers","rating":0,"private":0,"password":""}