{"id":"gen9ubers-1973169443","p1":"aDestructive","p2":"WarpNacelle","format":"[Gen 9] Ubers","log":"|j|\u2606aDestructive\n|j|\u2606WarpNacelle\n|t:|1697935312\n|gametype|singles\n|player|p1|aDestructive|unknownf|1103\n|player|p2|WarpNacelle|ghetsis-gen5bw|1245\n|teamsize|p1|6\n|teamsize|p2|6\n|gen|9\n|tier|[Gen 9] Ubers\n|rated|\n|rule|Sleep Clause Mod: Limit one foe put to sleep\n|rule|Species Clause: Limit one of each Pok\u00e9mon\n|rule|OHKO Clause: OHKO moves are banned\n|rule|Evasion Items Clause: Evasion items are banned\n|rule|Evasion Moves Clause: Evasion moves are banned\n|rule|Endless Battle Clause: Forcing endless battles is banned\n|rule|HP Percentage Mod: HP is shown in percentages\n|clearpoke\n|poke|p1|Koraidon|\n|poke|p1|Amoonguss, M|\n|poke|p1|Iron Moth|\n|poke|p1|Rayquaza|\n|poke|p1|Landorus, M|\n|poke|p1|Annihilape, F|\n|poke|p2|Miraidon|\n|poke|p2|Urshifu-*, F|\n|poke|p2|Zacian-*|\n|poke|p2|Arceus|\n|poke|p2|Flutter Mane|\n|poke|p2|Koraidon|\n|teampreview\n|inactive|Battle timer is ON: inactive players will automatically lose when time's up. (requested by WarpNacelle)\n|\n|t:|1697935336\n|start\n|switch|p1a: Landorus|Landorus, M|100\/100\n|switch|p2a: Koraidon|Koraidon|100\/100\n|-weather|SunnyDay|[from] ability: Orichalcum Pulse|[of] p2a: Koraidon\n|-activate|p2a: Koraidon|Orichalcum Pulse|[source]\n|turn|1\n|\n|t:|1697935359\n|switch|p1a: Amoonguss|Amoonguss, M|100\/100\n|move|p2a: Koraidon|Dragon Claw|p1a: Amoonguss\n|-crit|p1a: Amoonguss\n|-enditem|p1a: Amoonguss|Focus Sash\n|-damage|p1a: Amoonguss|1\/100\n|\n|-weather|SunnyDay|[upkeep]\n|upkeep\n|turn|2\n|\n|t:|1697935367\n|move|p2a: Koraidon|Flame Charge|p1a: Amoonguss\n|-supereffective|p1a: Amoonguss\n|-damage|p1a: Amoonguss|0 fnt\n|-boost|p2a: Koraidon|spe|1\n|faint|p1a: Amoonguss\n|\n|-weather|SunnyDay|[upkeep]\n|upkeep\n|\n|t:|1697935378\n|switch|p1a: Annihilape|Annihilape, F|100\/100\n|turn|3\n|\n|t:|1697935398\n|-terastallize|p1a: Annihilape|Fairy\n|move|p2a: Koraidon|Dragon Claw|p1a: Annihilape\n|-immune|p1a: Annihilape\n|move|p1a: Annihilape|Tera Blast|p2a: Koraidon|[anim] Tera Blast Fairy\n|-supereffective|p2a: Koraidon\n|-damage|p2a: Koraidon|0 fnt\n|faint|p2a: Koraidon\n|\n|-weather|SunnyDay|[upkeep]\n|upkeep\n|\n|t:|1697935408\n|switch|p2a: Flutter Mane|Flutter Mane|100\/100\n|-activate|p2a: Flutter Mane|ability: Protosynthesis\n|-start|p2a: Flutter Mane|protosynthesisspe\n|turn|4\n|inactive|aDestructive has 120 seconds left.\n|\n|t:|1697935455\n|switch|p1a: Rayquaza|Rayquaza|100\/100\n|-ability|p1a: Rayquaza|Air Lock\n|-end|p2a: Flutter Mane|Protosynthesis\n|-terastallize|p2a: Flutter Mane|Fairy\n|move|p2a: Flutter Mane|Moonblast|p1a: Rayquaza\n|-supereffective|p1a: Rayquaza\n|-damage|p1a: Rayquaza|0 fnt\n|faint|p1a: Rayquaza\n|-damage|p2a: Flutter Mane|91\/100|[from] item: Life Orb\n|\n|-weather|SunnyDay|[upkeep]\n|upkeep\n|\n|t:|1697935470\n|switch|p1a: Iron Moth|Iron Moth|100\/100\n|turn|5\n|\n|t:|1697935488\n|-end|p2a: Flutter Mane|Protosynthesis|[silent]\n|switch|p2a: Zacian|Zacian-Crowned|100\/100\n|-ability|p2a: Zacian|Intrepid Sword|boost\n|-boost|p2a: Zacian|atk|1\n|move|p1a: Iron Moth|Fiery Dance|p2a: Zacian\n|-supereffective|p2a: Zacian\n|-damage|p2a: Zacian|0 fnt\n|faint|p2a: Zacian\n|\n|-weather|none\n|upkeep\n|\n|t:|1697935497\n|switch|p2a: Miraidon|Miraidon|100\/100\n|-fieldstart|move: Electric Terrain|[from] ability: Hadron Engine|[of] p2a: Miraidon\n|-activate|p1a: Iron Moth|ability: Quark Drive\n|-start|p1a: Iron Moth|quarkdrivespe\n|turn|6\n|inactive|aDestructive has 120 seconds left.\n|\n|t:|1697935506\n|move|p1a: Iron Moth|Dazzling Gleam|p2a: Miraidon\n|-supereffective|p2a: Miraidon\n|-damage|p2a: Miraidon|58\/100\n|move|p2a: Miraidon|Agility|p2a: Miraidon\n|-boost|p2a: Miraidon|spe|2\n|\n|-heal|p2a: Miraidon|64\/100|[from] item: Leftovers\n|upkeep\n|turn|7\n|\n|t:|1697935518\n|move|p2a: Miraidon|Parabolic Charge|p1a: Iron Moth\n|-damage|p1a: Iron Moth|39\/100\n|-heal|p2a: Miraidon|87\/100|[from] drain|[of] p1a: Iron Moth\n|move|p1a: Iron Moth|Substitute|p1a: Iron Moth\n|-start|p1a: Iron Moth|Substitute\n|-damage|p1a: Iron Moth|14\/100\n|-enditem|p1a: Iron Moth|Aguav Berry|[eat]\n|-heal|p1a: Iron Moth|48\/100|[from] item: Aguav Berry\n|\n|-heal|p2a: Miraidon|94\/100|[from] item: Leftovers\n|upkeep\n|turn|8\n|\n|t:|1697935530\n|move|p2a: Miraidon|Calm Mind|p2a: Miraidon\n|-boost|p2a: Miraidon|spa|1\n|-boost|p2a: Miraidon|spd|1\n|move|p1a: Iron Moth|Whirlwind|p2a: Miraidon\n|drag|p2a: Urshifu|Urshifu-Rapid-Strike, F|100\/100\n|\n|upkeep\n|turn|9\n|\n|t:|1697935540\n|move|p2a: Urshifu|Surging Strikes|p1a: Iron Moth\n|-supereffective|p1a: Iron Moth\n|-crit|p1a: Iron Moth\n|-end|p1a: Iron Moth|Substitute\n|-supereffective|p1a: Iron Moth\n|-crit|p1a: Iron Moth\n|-damage|p1a: Iron Moth|0 fnt\n|faint|p1a: Iron Moth\n|-end|p1a: Iron Moth|Quark Drive|[silent]\n|-hitcount|p1: Iron Moth|2\n|\n|upkeep\n|\n|t:|1697935548\n|switch|p1a: Annihilape|Annihilape, F, tera:Fairy|100\/100\n|turn|10\n|\n|t:|1697935557\n|move|p1a: Annihilape|Rage Fist|p2a: Urshifu\n|-damage|p2a: Urshifu|79\/100\n|move|p2a: Urshifu|Surging Strikes|p1a: Annihilape\n|-crit|p1a: Annihilape\n|-damage|p1a: Annihilape|74\/100\n|-crit|p1a: Annihilape\n|-damage|p1a: Annihilape|49\/100\n|-crit|p1a: Annihilape\n|-damage|p1a: Annihilape|25\/100\n|-hitcount|p1a: Annihilape|3\n|\n|-fieldend|move: Electric Terrain\n|upkeep\n|turn|11\n|\n|t:|1697935567\n|switch|p1a: Koraidon|Koraidon|100\/100\n|-weather|SunnyDay|[from] ability: Orichalcum Pulse|[of] p1a: Koraidon\n|-activate|p1a: Koraidon|Orichalcum Pulse|[source]\n|move|p2a: Urshifu|Surging Strikes|p1a: Koraidon\n|-resisted|p1a: Koraidon\n|-crit|p1a: Koraidon\n|-damage|p1a: Koraidon|96\/100\n|-resisted|p1a: Koraidon\n|-crit|p1a: Koraidon\n|-damage|p1a: Koraidon|91\/100\n|-resisted|p1a: Koraidon\n|-crit|p1a: Koraidon\n|-damage|p1a: Koraidon|86\/100\n|-hitcount|p1a: Koraidon|3\n|\n|-weather|SunnyDay|[upkeep]\n|upkeep\n|turn|12\n|\n|t:|1697935579\n|move|p2a: Urshifu|Surging Strikes|p1a: Koraidon\n|-resisted|p1a: Koraidon\n|-crit|p1a: Koraidon\n|-damage|p1a: Koraidon|81\/100\n|-resisted|p1a: Koraidon\n|-crit|p1a: Koraidon\n|-damage|p1a: Koraidon|77\/100\n|-resisted|p1a: Koraidon\n|-crit|p1a: Koraidon\n|-damage|p1a: Koraidon|72\/100\n|-hitcount|p1a: Koraidon|3\n|move|p1a: Koraidon|Collision Course|p2a: Urshifu\n|-damage|p2a: Urshifu|30\/100\n|\n|-weather|SunnyDay|[upkeep]\n|upkeep\n|turn|13\n|\n|t:|1697935587\n|move|p2a: Urshifu|Surging Strikes|p1a: Koraidon\n|-resisted|p1a: Koraidon\n|-crit|p1a: Koraidon\n|-damage|p1a: Koraidon|67\/100\n|-resisted|p1a: Koraidon\n|-crit|p1a: Koraidon\n|-damage|p1a: Koraidon|62\/100\n|-resisted|p1a: Koraidon\n|-crit|p1a: Koraidon\n|-damage|p1a: Koraidon|58\/100\n|-hitcount|p1a: Koraidon|3\n|move|p1a: Koraidon|Collision Course|p2a: Urshifu\n|-damage|p2a: Urshifu|0 fnt\n|faint|p2a: Urshifu\n|\n|-weather|SunnyDay|[upkeep]\n|upkeep\n|\n|t:|1697935592\n|switch|p2a: Arceus|Arceus|100\/100\n|turn|14\n|\n|t:|1697935615\n|move|p2a: Arceus|Dragon Claw|p1a: Koraidon\n|-supereffective|p1a: Koraidon\n|-damage|p1a: Koraidon|8\/100\n|-enditem|p1a: Koraidon|Weakness Policy\n|-boost|p1a: Koraidon|atk|2|[from] item: Weakness Policy\n|-boost|p1a: Koraidon|spa|2|[from] item: Weakness Policy\n|move|p1a: Koraidon|Collision Course|p2a: Arceus\n|-supereffective|p2a: Arceus\n|-damage|p2a: Arceus|0 fnt\n|faint|p2a: Arceus\n|\n|-weather|SunnyDay|[upkeep]\n|upkeep\n|\n|t:|1697935627\n|switch|p2a: Flutter Mane|Flutter Mane, tera:Fairy|91\/100\n|-activate|p2a: Flutter Mane|ability: Protosynthesis\n|-start|p2a: Flutter Mane|protosynthesisspe\n|turn|15\n|\n|t:|1697935631\n|move|p2a: Flutter Mane|Moonblast|p1a: Koraidon\n|-supereffective|p1a: Koraidon\n|-damage|p1a: Koraidon|0 fnt\n|faint|p1a: Koraidon\n|-damage|p2a: Flutter Mane|81\/100|[from] item: Life Orb\n|\n|-weather|none\n|-end|p2a: Flutter Mane|Protosynthesis\n|upkeep\n|\n|t:|1697935636\n|switch|p1a: Annihilape|Annihilape, F, tera:Fairy|25\/100\n|turn|16\n|\n|t:|1697935647\n|move|p1a: Annihilape|Rage Fist|p2a: Flutter Mane\n|-damage|p2a: Flutter Mane|0 fnt\n|faint|p2a: Flutter Mane\n|-end|p2a: Flutter Mane|Protosynthesis|[silent]\n|\n|upkeep\n|\n|t:|1697935651\n|switch|p2a: Miraidon|Miraidon|94\/100\n|-fieldstart|move: Electric Terrain|[from] ability: Hadron Engine|[of] p2a: Miraidon\n|turn|17\n|\n|t:|1697935660\n|move|p1a: Annihilape|Rage Fist|p2a: Miraidon\n|-damage|p2a: Miraidon|8\/100\n|move|p2a: Miraidon|Parabolic Charge|p1a: Annihilape\n|-damage|p1a: Annihilape|0 fnt\n|-heal|p2a: Miraidon|19\/100|[from] drain|[of] p1a: Annihilape\n|faint|p1a: Annihilape\n|\n|-heal|p2a: Miraidon|26\/100|[from] item: Leftovers\n|upkeep\n|\n|t:|1697935664\n|switch|p1a: Landorus|Landorus, M|100\/100\n|turn|18\n|\n|t:|1697935672\n|move|p1a: Landorus|Earth Power|p2a: Miraidon\n|-supereffective|p2a: Miraidon\n|-damage|p2a: Miraidon|0 fnt\n|faint|p2a: Miraidon\n|\n|win|aDestructive\n|raw|aDestructive's rating: 1103 &rarr; <strong>1138<\/strong><br \/>(+35 for winning)\n|raw|WarpNacelle's rating: 1245 &rarr; <strong>1210<\/strong><br \/>(-35 for losing)\n|l|\u2606WarpNacelle\n|c|\u2606aDestructive|gg\n","uploadtime":1697935685,"views":19,"p1id":"adestructive","p2id":"warpnacelle","formatid":"gen9ubers","rating":1138,"private":0,"password":""}