{"id":"gen9ubers-1981918995","p1":"Electricratman","p2":"Mommy Kamina","format":"[Gen 9] Ubers","log":"|j|\u2606Electricratman\n|j|\u2606Mommy Kamina\n|t:|1698951660\n|gametype|singles\n|player|p1|Electricratman|266|1025\n|player|p2|Mommy Kamina|bellelba|1030\n|teamsize|p1|6\n|teamsize|p2|6\n|gen|9\n|tier|[Gen 9] Ubers\n|rated|\n|rule|Sleep Clause Mod: Limit one foe put to sleep\n|rule|Species Clause: Limit one of each Pok\u00e9mon\n|rule|OHKO Clause: OHKO moves are banned\n|rule|Evasion Items Clause: Evasion items are banned\n|rule|Evasion Moves Clause: Evasion moves are banned\n|rule|Endless Battle Clause: Forcing endless battles is banned\n|rule|HP Percentage Mod: HP is shown in percentages\n|clearpoke\n|poke|p1|Thundurus-Therian, M|\n|poke|p1|Hawlucha, F|\n|poke|p1|Magearna|\n|poke|p1|Rillaboom, F|\n|poke|p1|Weezing-Galar, M|\n|poke|p1|Greninja-*, F|\n|poke|p2|Pelipper, M|\n|poke|p2|Palafin, M|\n|poke|p2|Hatterene, F|\n|poke|p2|Iron Treads|\n|poke|p2|Iron Bundle|\n|poke|p2|Miraidon|\n|teampreview\n|\n|t:|1698951682\n|start\n|switch|p1a: Greninja|Greninja, F|100\/100\n|switch|p2a: I'm here!|Palafin, M|100\/100\n|turn|1\n|\n|t:|1698951694\n|detailschange|p2a: I'm here!|Palafin-Hero, M\n|switch|p2a: Hatterene|Hatterene, F|100\/100\n|move|p1a: Greninja|Toxic Spikes|p2a: Hatterene\n|-start|p1a: Greninja|typechange|Poison|[from] ability: Protean\n|move|p2a: Hatterene|Toxic Spikes|p1a: Greninja|[from]ability: Magic Bounce\n|-sidestart|p1: Electricratman|move: Toxic Spikes\n|\n|upkeep\n|turn|2\n|\n|t:|1698951713\n|switch|p1a: Weezing|Weezing-Galar, M|100\/100\n|move|p2a: Hatterene|Psyshock|p1a: Weezing\n|-supereffective|p1a: Weezing\n|-damage|p1a: Weezing|36\/100\n|\n|upkeep\n|turn|3\n|\n|t:|1698951722\n|move|p1a: Weezing|Sludge Bomb|p2a: Hatterene\n|-supereffective|p2a: Hatterene\n|-damage|p2a: Hatterene|23\/100\n|-enditem|p2a: Hatterene|Eject Button\n|\n|t:|1698951731\n|switch|p2a: Pelipper|Pelipper, M|100\/100\n|-weather|RainDance|[from] ability: Drizzle|[of] p2a: Pelipper\n|\n|-weather|RainDance|[upkeep]\n|upkeep\n|turn|4\n|\n|t:|1698951741\n|move|p2a: Pelipper|Surf|p1a: Weezing\n|-damage|p1a: Weezing|0 fnt\n|faint|p1a: Weezing\n|\n|-weather|RainDance|[upkeep]\n|upkeep\n|\n|t:|1698951748\n|switch|p1a: Magearna|Magearna|100\/100\n|turn|5\n|\n|t:|1698951756\n|move|p1a: Magearna|Volt Switch|p2a: Pelipper\n|-supereffective|p2a: Pelipper\n|-damage|p2a: Pelipper|0 fnt\n|faint|p2a: Pelipper\n|-ability|p1a: Magearna|Soul-Heart|boost\n|-boost|p1a: Magearna|spa|1\n|\n|t:|1698951772\n|switch|p1a: Thundurus|Thundurus-Therian, M|100\/100|[from] Volt Switch\n|\n|-weather|RainDance|[upkeep]\n|upkeep\n|\n|t:|1698951783\n|switch|p2a: Iron Bundle|Iron Bundle|100\/100\n|turn|6\n|\n|t:|1698951801\n|move|p2a: Iron Bundle|Ice Beam|p1a: Thundurus\n|-supereffective|p1a: Thundurus\n|-damage|p1a: Thundurus|0 fnt\n|faint|p1a: Thundurus\n|\n|-weather|RainDance|[upkeep]\n|upkeep\n|\n|t:|1698951810\n|switch|p1a: Magearna|Magearna|100\/100\n|turn|7\n|\n|t:|1698951822\n|move|p2a: Iron Bundle|Flip Turn|p1a: Magearna\n|-damage|p1a: Magearna|78\/100\n|\n|t:|1698951828\n|-end|p2a: Iron Bundle|Quark Drive|[silent]\n|switch|p2a: Iron Treads|Iron Treads|100\/100|[from] Flip Turn\n|move|p1a: Magearna|Volt Switch|p2a: Iron Treads\n|-immune|p2a: Iron Treads\n|\n|-weather|RainDance|[upkeep]\n|upkeep\n|turn|8\n|\n|t:|1698951843\n|switch|p1a: Greninja|Greninja, F|100\/100\n|-status|p1a: Greninja|psn\n|move|p2a: Iron Treads|Earthquake|p1a: Greninja\n|-damage|p1a: Greninja|36\/100 psn\n|\n|-weather|RainDance|[upkeep]\n|-damage|p1a: Greninja|24\/100 psn|[from] psn\n|upkeep\n|turn|9\n|\n|t:|1698951856\n|-end|p2a: Iron Treads|Quark Drive|[silent]\n|switch|p2a: Hatterene|Hatterene, F|23\/100\n|move|p1a: Greninja|Ice Beam|p2a: Hatterene\n|-start|p1a: Greninja|typechange|Ice|[from] ability: Protean\n|-damage|p2a: Hatterene|0 fnt\n|faint|p2a: Hatterene\n|\n|-weather|RainDance|[upkeep]\n|-damage|p1a: Greninja|12\/100 psn|[from] psn\n|upkeep\n|\n|t:|1698951872\n|switch|p2a: Miraidon|Miraidon|100\/100\n|-fieldstart|move: Electric Terrain|[from] ability: Hadron Engine|[of] p2a: Miraidon\n|turn|10\n|\n|t:|1698951884\n|move|p2a: Miraidon|Electro Drift|p1a: Greninja\n|-damage|p1a: Greninja|0 fnt\n|faint|p1a: Greninja\n|\n|-weather|none\n|upkeep\n|\n|t:|1698951893\n|switch|p1a: Rillaboom|Rillaboom, F|100\/100\n|-status|p1a: Rillaboom|psn\n|-fieldstart|move: Grassy Terrain|[from] ability: Grassy Surge|[of] p1a: Rillaboom\n|turn|11\n|\n|t:|1698951914\n|switch|p2a: Iron Treads|Iron Treads|100\/100\n|move|p1a: Rillaboom|Knock Off|p2a: Iron Treads\n|-damage|p2a: Iron Treads|73\/100\n|-enditem|p2a: Iron Treads|Assault Vest|[from] move: Knock Off|[of] p1a: Rillaboom\n|\n|-heal|p2a: Iron Treads|79\/100|[from] Grassy Terrain\n|-damage|p1a: Rillaboom|88\/100 psn|[from] psn\n|upkeep\n|turn|12\n|\n|t:|1698951935\n|move|p1a: Rillaboom|Drain Punch|p2a: Iron Treads\n|-supereffective|p2a: Iron Treads\n|-damage|p2a: Iron Treads|33\/100\n|-heal|p1a: Rillaboom|100\/100 psn|[from] drain|[of] p2a: Iron Treads\n|move|p2a: Iron Treads|Knock Off|p1a: Rillaboom\n|-damage|p1a: Rillaboom|75\/100 psn\n|-enditem|p1a: Rillaboom|Expert Belt|[from] move: Knock Off|[of] p2a: Iron Treads\n|\n|-heal|p1a: Rillaboom|81\/100 psn|[from] Grassy Terrain\n|-heal|p2a: Iron Treads|39\/100|[from] Grassy Terrain\n|-damage|p1a: Rillaboom|69\/100 psn|[from] psn\n|upkeep\n|turn|13\n|\n|t:|1698951959\n|-end|p2a: Iron Treads|Quark Drive|[silent]\n|switch|p2a: Miraidon|Miraidon|100\/100\n|-fieldstart|move: Electric Terrain|[from] ability: Hadron Engine|[of] p2a: Miraidon\n|-terastallize|p1a: Rillaboom|Grass\n|move|p1a: Rillaboom|Grassy Glide|p2a: Miraidon\n|-resisted|p2a: Miraidon\n|-damage|p2a: Miraidon|82\/100\n|\n|-damage|p1a: Rillaboom|57\/100 psn|[from] psn\n|upkeep\n|turn|14\n|\n|t:|1698951976\n|switch|p1a: Magearna|Magearna|78\/100\n|move|p2a: Miraidon|Draco Meteor|p1a: Magearna\n|-immune|p1a: Magearna\n|\n|upkeep\n|turn|15\n|\n|t:|1698951985\n|switch|p2a: Iron Treads|Iron Treads|39\/100\n|-activate|p2a: Iron Treads|ability: Quark Drive\n|-start|p2a: Iron Treads|quarkdrivespd\n|move|p1a: Magearna|Fleur Cannon|p2a: Iron Treads\n|-resisted|p2a: Iron Treads\n|-damage|p2a: Iron Treads|3\/100\n|-unboost|p1a: Magearna|spa|2\n|\n|upkeep\n|turn|16\n|\n|t:|1698952002\n|switch|p1a: Rillaboom|Rillaboom, F, tera:Grass|57\/100 psn\n|-fieldstart|move: Grassy Terrain|[from] ability: Grassy Surge|[of] p1a: Rillaboom\n|-end|p2a: Iron Treads|Quark Drive\n|move|p2a: Iron Treads|Earthquake|p1a: Rillaboom\n|-resisted|p1a: Rillaboom\n|-damage|p1a: Rillaboom|47\/100 psn\n|\n|-heal|p1a: Rillaboom|53\/100 psn|[from] Grassy Terrain\n|-heal|p2a: Iron Treads|9\/100|[from] Grassy Terrain\n|-damage|p1a: Rillaboom|41\/100 psn|[from] psn\n|upkeep\n|turn|17\n|\n|t:|1698952020\n|-end|p2a: Iron Treads|Quark Drive|[silent]\n|switch|p2a: Miraidon|Miraidon|82\/100\n|-fieldstart|move: Electric Terrain|[from] ability: Hadron Engine|[of] p2a: Miraidon\n|move|p1a: Rillaboom|Drain Punch|p2a: Miraidon\n|-damage|p2a: Miraidon|57\/100\n|-heal|p1a: Rillaboom|53\/100 psn|[from] drain|[of] p2a: Miraidon\n|\n|-damage|p1a: Rillaboom|41\/100 psn|[from] psn\n|upkeep\n|turn|18\n|\n|t:|1698952035\n|switch|p1a: Magearna|Magearna|78\/100\n|move|p2a: Miraidon|Electro Drift|p1a: Magearna\n|-damage|p1a: Magearna|4\/100\n|\n|upkeep\n|turn|19\n|\n|t:|1698952047\n|move|p2a: Miraidon|Electro Drift|p1a: Magearna\n|-damage|p1a: Magearna|0 fnt\n|faint|p1a: Magearna\n|\n|upkeep\n|\n|t:|1698952053\n|switch|p1a: Rillaboom|Rillaboom, F, tera:Grass|41\/100 psn\n|-fieldstart|move: Grassy Terrain|[from] ability: Grassy Surge|[of] p1a: Rillaboom\n|turn|20\n|\n|t:|1698952066\n|switch|p2a: I'm here!|Palafin-Hero, M|100\/100\n|-activate|p2a: I'm here!|ability: Zero to Hero\n|switch|p1a: Hawlucha|Hawlucha, F|100\/100\n|-enditem|p1a: Hawlucha|Grassy Seed\n|-boost|p1a: Hawlucha|def|1|[from] item: Grassy Seed\n|\n|upkeep\n|turn|21\n|\n|t:|1698952088\n|move|p1a: Hawlucha|Swords Dance|p1a: Hawlucha\n|-boost|p1a: Hawlucha|atk|2\n|move|p2a: I'm here!|Ice Punch|p1a: Hawlucha\n|-supereffective|p1a: Hawlucha\n|-damage|p1a: Hawlucha|32\/100\n|-status|p1a: Hawlucha|frz\n|\n|upkeep\n|turn|22\n|c|\u2606Electricratman|Lucky\u2026\n|\n|t:|1698952111\n|-curestatus|p1a: Hawlucha|frz|[msg]\n|move|p1a: Hawlucha|Acrobatics|p2a: I'm here!\n|-damage|p2a: I'm here!|0 fnt\n|faint|p2a: I'm here!\n|\n|upkeep\n|\n|t:|1698952122\n|switch|p2a: Iron Bundle|Iron Bundle|100\/100\n|turn|23\n|c|\u2606Electricratman|Oh wow\n|\n|t:|1698952134\n|move|p1a: Hawlucha|Drain Punch|p2a: Iron Bundle\n|-supereffective|p2a: Iron Bundle\n|-damage|p2a: Iron Bundle|0 fnt\n|-heal|p1a: Hawlucha|75\/100|[from] drain|[of] p2a: Iron Bundle\n|faint|p2a: Iron Bundle\n|-end|p2a: Iron Bundle|Quark Drive|[silent]\n|\n|upkeep\n|\n|t:|1698952141\n|switch|p2a: Miraidon|Miraidon|57\/100\n|-fieldstart|move: Electric Terrain|[from] ability: Hadron Engine|[of] p2a: Miraidon\n|turn|24\n|\n|t:|1698952159\n|move|p2a: Miraidon|Electro Drift|p1a: Hawlucha\n|-supereffective|p1a: Hawlucha\n|-damage|p1a: Hawlucha|0 fnt\n|faint|p1a: Hawlucha\n|\n|upkeep\n|c|\u2606Electricratman|Scarf?\n|\n|t:|1698952182\n|switch|p1a: Rillaboom|Rillaboom, F, tera:Grass|41\/100 psn\n|-fieldstart|move: Grassy Terrain|[from] ability: Grassy Surge|[of] p1a: Rillaboom\n|turn|25\n|\n|t:|1698952191\n|switch|p2a: Iron Treads|Iron Treads|9\/100\n|move|p1a: Rillaboom|Drain Punch|p2a: Iron Treads\n|-supereffective|p2a: Iron Treads\n|-damage|p2a: Iron Treads|0 fnt\n|-heal|p1a: Rillaboom|46\/100 psn|[from] drain|[of] p2a: Iron Treads\n|faint|p2a: Iron Treads\n|-end|p2a: Iron Treads|Quark Drive|[silent]\n|\n|-heal|p1a: Rillaboom|52\/100 psn|[from] Grassy Terrain\n|-damage|p1a: Rillaboom|40\/100 psn|[from] psn\n|upkeep\n|\n|t:|1698952203\n|switch|p2a: Miraidon|Miraidon|57\/100\n|-fieldstart|move: Electric Terrain|[from] ability: Hadron Engine|[of] p2a: Miraidon\n|turn|26\n|\n|t:|1698952212\n|-terastallize|p2a: Miraidon|Fairy\n|move|p2a: Miraidon|Draco Meteor|p1a: Rillaboom\n|-damage|p1a: Rillaboom|0 fnt\n|-unboost|p2a: Miraidon|spa|2\n|faint|p1a: Rillaboom\n|\n|win|Mommy Kamina\n|raw|Electricratman's rating: 1025 &rarr; <strong>1011<\/strong><br \/>(-14 for losing)\n|raw|Mommy Kamina's rating: 1030 &rarr; <strong>1065<\/strong><br \/>(+35 for winning)\n|c|\u2606Electricratman|Gg\n|c|\u2606Electricratman|wp\n|c|\u2606Mommy Kamina|Gg\n|c|\u2606Mommy Kamina|Good game\n|c|\u2606Electricratman|Was the dragon scarfed?\n|c|\u2606Mommy Kamina|Yep\n|c|\u2606Electricratman|That was a great battle\n|c|\u2606Mommy Kamina|Yeah\n|c|\u2606Electricratman|thought so lol\n|c|\u2606Electricratman|tysm\n|c|\u2606Mommy Kamina|\ud83e\udd1d\n|c|\u2606Electricratman|\ud83e\udd1d\n","uploadtime":1698952326,"views":11,"p1id":"electricratman","p2id":"mommykamina","formatid":"gen9ubers","rating":1011,"private":0,"password":""}