{"id":"gen9ubers-1991736015","p1":"Astyr.Pygos","p2":"Squirshawott","format":"[Gen 9] Ubers","log":"|j|\u2606Astyr.Pygos\n|j|\u2606Squirshawott\n|t:|1700108793\n|gametype|singles\n|player|p1|Astyr.Pygos|rosa|\n|player|p2|Squirshawott|hilbert-wonderlauncher|\n|teamsize|p1|6\n|teamsize|p2|6\n|gen|9\n|tier|[Gen 9] Ubers\n|rule|Sleep Clause Mod: Limit one foe put to sleep\n|rule|Species Clause: Limit one of each Pok\u00e9mon\n|rule|OHKO Clause: OHKO moves are banned\n|rule|Evasion Items Clause: Evasion items are banned\n|rule|Evasion Moves Clause: Evasion moves are banned\n|rule|Endless Battle Clause: Forcing endless battles is banned\n|rule|HP Percentage Mod: HP is shown in percentages\n|clearpoke\n|poke|p1|Rotom-Wash|\n|poke|p1|Toxapex, F|\n|poke|p1|Grimmsnarl, M|\n|poke|p1|Iron Valiant|\n|poke|p1|Ceruledge, M|\n|poke|p1|Clodsire, F|\n|poke|p2|Dachsbun, F|\n|poke|p2|Tinkaton, F|\n|poke|p2|Meowscarada, M|\n|poke|p2|Landorus-Therian, M|\n|poke|p2|Arboliva, F|\n|poke|p2|Slowking, F|\n|teampreview\n|j| BLACK METAL 3\n|j| Pkpowers310\n|\n|t:|1700108951\n|start\n|switch|p1a: Grimmsnarl|Grimmsnarl, M|100\/100\n|switch|p2a: Landorus|Landorus-Therian, M|100\/100\n|-ability|p2a: Landorus|Intimidate|boost\n|-unboost|p1a: Grimmsnarl|atk|1\n|turn|1\n|\n|t:|1700108963\n|move|p1a: Grimmsnarl|Reflect|p1a: Grimmsnarl\n|-sidestart|p1: Astyr.Pygos|Reflect\n|move|p2a: Landorus|Brick Break|p1a: Grimmsnarl\n|-sideend|p1: Astyr.Pygos|Reflect\n|-damage|p1a: Grimmsnarl|78\/100\n|\n|upkeep\n|turn|2\n|\n|t:|1700109001\n|move|p1a: Grimmsnarl|Parting Shot|p2a: Landorus\n|-unboost|p2a: Landorus|atk|1\n|-unboost|p2a: Landorus|spa|1\n|\n|t:|1700109005\n|switch|p1a: Rotom|Rotom-Wash|100\/100|[from] Parting Shot\n|move|p2a: Landorus|Earthquake|p1a: Rotom\n|-immune|p1a: Rotom|[from] ability: Levitate\n|\n|upkeep\n|turn|3\n|\n|t:|1700109014\n|move|p2a: Landorus|U-turn|p1a: Rotom\n|-damage|p1a: Rotom|86\/100\n|\n|t:|1700109017\n|switch|p2a: Arboliva|Arboliva, F|100\/100|[from] U-turn\n|move|p1a: Rotom|Will-O-Wisp|p2a: Arboliva\n|-status|p2a: Arboliva|brn\n|\n|-heal|p1a: Rotom|92\/100|[from] item: Leftovers\n|-damage|p2a: Arboliva|94\/100 brn|[from] brn\n|upkeep\n|turn|4\n|\n|t:|1700109035\n|move|p1a: Rotom|Volt Switch|p2a: Arboliva\n|-resisted|p2a: Arboliva\n|-damage|p2a: Arboliva|83\/100 brn\n|-fieldstart|move: Grassy Terrain|[from] ability: Seed Sower|[of] p2a: Arboliva\n|\n|t:|1700109048\n|switch|p1a: Grimmsnarl|Grimmsnarl, M|78\/100|[from] Volt Switch\n|move|p2a: Arboliva|Leech Seed|p1a: Grimmsnarl\n|-start|p1a: Grimmsnarl|move: Leech Seed\n|\n|-heal|p1a: Grimmsnarl|85\/100|[from] Grassy Terrain\n|-heal|p2a: Arboliva|89\/100 brn|[from] Grassy Terrain\n|-damage|p1a: Grimmsnarl|72\/100|[from] Leech Seed|[of] p2a: Arboliva\n|-heal|p2a: Arboliva|100\/100 brn|[silent]\n|-damage|p2a: Arboliva|94\/100 brn|[from] brn\n|upkeep\n|turn|5\n|\n|t:|1700109073\n|move|p1a: Grimmsnarl|Reflect|p1a: Grimmsnarl\n|-sidestart|p1: Astyr.Pygos|Reflect\n|move|p2a: Arboliva|Giga Drain|p1a: Grimmsnarl\n|-damage|p1a: Grimmsnarl|14\/100\n|-heal|p2a: Arboliva|100\/100 brn|[from] drain|[of] p1a: Grimmsnarl\n|\n|-heal|p1a: Grimmsnarl|20\/100|[from] Grassy Terrain\n|-damage|p1a: Grimmsnarl|8\/100|[from] Leech Seed|[of] p2a: Arboliva\n|-damage|p2a: Arboliva|94\/100 brn|[from] brn\n|upkeep\n|turn|6\n|\n|t:|1700109112\n|switch|p1a: Clodsire|Clodsire, F|100\/100\n|move|p2a: Arboliva|Earth Power|p1a: Clodsire\n|-supereffective|p1a: Clodsire\n|-damage|p1a: Clodsire|61\/100\n|\n|-heal|p2a: Arboliva|100\/100 brn|[from] Grassy Terrain\n|-heal|p1a: Clodsire|67\/100|[from] Grassy Terrain\n|-damage|p2a: Arboliva|94\/100 brn|[from] brn\n|upkeep\n|turn|7\n|\n|t:|1700109139\n|switch|p2a: Tinkaton|Tinkaton, F|100\/100\n|-item|p2a: Tinkaton|Air Balloon\n|move|p1a: Clodsire|Recover|p1a: Clodsire\n|-heal|p1a: Clodsire|100\/100\n|\n|upkeep\n|turn|8\n|j| Sol CPU\n|\n|t:|1700109177\n|move|p2a: Tinkaton|Stealth Rock|p1a: Clodsire\n|-sidestart|p1: Astyr.Pygos|move: Stealth Rock\n|move|p1a: Clodsire|Curse|p1a: Clodsire\n|-unboost|p1a: Clodsire|spe|1\n|-boost|p1a: Clodsire|atk|1\n|-boost|p1a: Clodsire|def|1\n|\n|-fieldend|move: Grassy Terrain\n|upkeep\n|turn|9\n|\n|t:|1700109245\n|switch|p2a: Slowking|Slowking, F|100\/100\n|move|p1a: Clodsire|Curse|p1a: Clodsire\n|-unboost|p1a: Clodsire|spe|1\n|-boost|p1a: Clodsire|atk|1\n|-boost|p1a: Clodsire|def|1\n|\n|upkeep\n|turn|10\n|\n|t:|1700109265\n|move|p2a: Slowking|Nasty Plot|p2a: Slowking\n|-boost|p2a: Slowking|spa|2\n|move|p1a: Clodsire|Earthquake|p2a: Slowking\n|-damage|p2a: Slowking|44\/100\n|\n|-heal|p2a: Slowking|50\/100|[from] item: Leftovers\n|upkeep\n|turn|11\n|\n|t:|1700109294\n|move|p2a: Slowking|Psychic|p1a: Clodsire\n|-supereffective|p1a: Clodsire\n|-damage|p1a: Clodsire|30\/100\n|move|p1a: Clodsire|Earthquake|p2a: Slowking\n|-damage|p2a: Slowking|0 fnt\n|faint|p2a: Slowking\n|\n|upkeep\n|\n|t:|1700109323\n|switch|p2a: Arboliva|Arboliva, F|94\/100 brn\n|turn|12\n|\n|t:|1700109366\n|move|p2a: Arboliva|Giga Drain|p1a: Clodsire\n|-damage|p1a: Clodsire|9\/100\n|-heal|p2a: Arboliva|100\/100 brn|[from] drain|[of] p1a: Clodsire\n|-enditem|p1a: Clodsire|Aguav Berry|[eat]\n|-heal|p1a: Clodsire|42\/100|[from] item: Aguav Berry\n|move|p1a: Clodsire|Recover|p1a: Clodsire\n|-heal|p1a: Clodsire|92\/100\n|\n|-damage|p2a: Arboliva|94\/100 brn|[from] brn\n|-sideend|p1: Astyr.Pygos|Reflect\n|upkeep\n|turn|13\n|\n|t:|1700109379\n|move|p2a: Arboliva|Leech Seed|p1a: Clodsire\n|-start|p1a: Clodsire|move: Leech Seed\n|move|p1a: Clodsire|Curse|p1a: Clodsire\n|-unboost|p1a: Clodsire|spe|1\n|-boost|p1a: Clodsire|atk|1\n|-boost|p1a: Clodsire|def|1\n|\n|-damage|p1a: Clodsire|80\/100|[from] Leech Seed|[of] p2a: Arboliva\n|-heal|p2a: Arboliva|100\/100 brn|[silent]\n|-damage|p2a: Arboliva|94\/100 brn|[from] brn\n|upkeep\n|turn|14\n|l| Sol CPU\n|\n|t:|1700109425\n|switch|p2a: Landorus|Landorus-Therian, M|100\/100\n|-ability|p2a: Landorus|Intimidate|boost\n|-unboost|p1a: Clodsire|atk|1\n|move|p1a: Clodsire|Curse|p1a: Clodsire\n|-unboost|p1a: Clodsire|spe|1\n|-boost|p1a: Clodsire|atk|1\n|-boost|p1a: Clodsire|def|1\n|\n|-damage|p1a: Clodsire|67\/100|[from] Leech Seed|[of] p2a: Landorus\n|upkeep\n|turn|15\n|\n|t:|1700109502\n|move|p2a: Landorus|Earthquake|p1a: Clodsire\n|-supereffective|p1a: Clodsire\n|-damage|p1a: Clodsire|25\/100\n|move|p1a: Clodsire|Liquidation|p2a: Landorus\n|-supereffective|p2a: Landorus\n|-damage|p2a: Landorus|16\/100\n|-unboost|p2a: Landorus|def|1\n|\n|-damage|p1a: Clodsire|12\/100|[from] Leech Seed|[of] p2a: Landorus\n|-heal|p2a: Landorus|33\/100|[silent]\n|upkeep\n|turn|16\n|\n|t:|1700109657\n|move|p2a: Landorus|Earthquake|p1a: Clodsire\n|-supereffective|p1a: Clodsire\n|-damage|p1a: Clodsire|0 fnt\n|faint|p1a: Clodsire\n|\n|upkeep\n|\n|t:|1700109678\n|switch|p1a: Rotom|Rotom-Wash|92\/100\n|-damage|p1a: Rotom|79\/100|[from] Stealth Rock\n|turn|17\n|\n|t:|1700109687\n|move|p2a: Landorus|U-turn|p1a: Rotom\n|-damage|p1a: Rotom|59\/100\n|\n|t:|1700109690\n|switch|p2a: Arboliva|Arboliva, F|94\/100 brn|[from] U-turn\n|move|p1a: Rotom|Hydro Pump|p2a: Arboliva\n|-resisted|p2a: Arboliva\n|-damage|p2a: Arboliva|78\/100 brn\n|-fieldstart|move: Grassy Terrain|[from] ability: Seed Sower|[of] p2a: Arboliva\n|\n|-heal|p1a: Rotom|65\/100|[from] item: Leftovers\n|-heal|p2a: Arboliva|84\/100 brn|[from] Grassy Terrain\n|-damage|p2a: Arboliva|78\/100 brn|[from] brn\n|upkeep\n|turn|18\n|\n|t:|1700109734\n|switch|p1a: Grimmsnarl|Grimmsnarl, M|8\/100\n|-damage|p1a: Grimmsnarl|0 fnt|[from] Stealth Rock\n|faint|p1a: Grimmsnarl\n|move|p2a: Arboliva|Leech Seed|p1: Grimmsnarl|[notarget]\n|-fail|p2a: Arboliva\n|\n|-heal|p2a: Arboliva|84\/100 brn|[from] Grassy Terrain\n|-damage|p2a: Arboliva|78\/100 brn|[from] brn\n|upkeep\n|\n|t:|1700109743\n|switch|p1a: Ceruledge|Ceruledge, M|100\/100\n|-damage|p1a: Ceruledge|76\/100|[from] Stealth Rock\n|turn|19\n|\n|t:|1700109759\n|-terastallize|p2a: Arboliva|Ghost\n|move|p1a: Ceruledge|Bulk Up|p1a: Ceruledge\n|-boost|p1a: Ceruledge|atk|1\n|-boost|p1a: Ceruledge|def|1\n|move|p2a: Arboliva|Tera Blast|p1a: Ceruledge|[anim] Tera Blast Ghost\n|-supereffective|p1a: Ceruledge\n|-damage|p1a: Ceruledge|0 fnt\n|faint|p1a: Ceruledge\n|\n|-heal|p2a: Arboliva|84\/100 brn|[from] Grassy Terrain\n|-damage|p2a: Arboliva|78\/100 brn|[from] brn\n|upkeep\n|\n|t:|1700109771\n|switch|p1a: Iron Valiant|Iron Valiant|100\/100\n|-damage|p1a: Iron Valiant|94\/100|[from] Stealth Rock\n|-enditem|p1a: Iron Valiant|Booster Energy\n|-activate|p1a: Iron Valiant|ability: Quark Drive|[fromitem]\n|-start|p1a: Iron Valiant|quarkdrivespe\n|turn|20\n|\n|t:|1700109780\n|move|p1a: Iron Valiant|Swords Dance|p1a: Iron Valiant\n|-boost|p1a: Iron Valiant|atk|2\n|move|p2a: Arboliva|Giga Drain|p1a: Iron Valiant\n|-crit|p1a: Iron Valiant\n|-damage|p1a: Iron Valiant|0 fnt\n|-heal|p2a: Arboliva|100\/100 brn|[from] drain|[of] p1a: Iron Valiant\n|faint|p1a: Iron Valiant\n|-end|p1a: Iron Valiant|Quark Drive|[silent]\n|\n|-damage|p2a: Arboliva|94\/100 brn|[from] brn\n|upkeep\n|\n|t:|1700109817\n|switch|p1a: Rotom|Rotom-Wash|65\/100\n|-damage|p1a: Rotom|52\/100|[from] Stealth Rock\n|turn|21\n|\n|t:|1700109825\n|move|p1a: Rotom|Hydro Pump|p2a: Arboliva|[miss]\n|-miss|p1a: Rotom|p2a: Arboliva\n|move|p2a: Arboliva|Giga Drain|p1a: Rotom\n|-supereffective|p1a: Rotom\n|-damage|p1a: Rotom|0 fnt\n|-heal|p2a: Arboliva|100\/100 brn|[from] drain|[of] p1a: Rotom\n|faint|p1a: Rotom\n|\n|-damage|p2a: Arboliva|94\/100 brn|[from] brn\n|-fieldend|move: Grassy Terrain\n|upkeep\n|\n|t:|1700109834\n|switch|p1a: Toxapex|Toxapex, F|100\/100\n|-damage|p1a: Toxapex|88\/100|[from] Stealth Rock\n|turn|22\n|\n|t:|1700109843\n|-terastallize|p1a: Toxapex|Poison\n|move|p2a: Arboliva|Leech Seed|p1a: Toxapex\n|-start|p1a: Toxapex|move: Leech Seed\n|move|p1a: Toxapex|Recover|p1a: Toxapex\n|-heal|p1a: Toxapex|100\/100\n|\n|-damage|p1a: Toxapex|88\/100|[from] Leech Seed|[of] p2a: Arboliva\n|-heal|p2a: Arboliva|100\/100 brn|[silent]\n|-damage|p2a: Arboliva|94\/100 brn|[from] brn\n|upkeep\n|turn|23\n|c|\u2606Astyr.Pygos|how I surrender\n|c|\u2606Squirshawott|u just close out i think\n|c| Pkpowers310|the X\n|c| BLACK METAL 3|xd\n|c|\u2606Astyr.Pygos|ok\n|c| Pkpowers310|by the game\n|-message|Astyr.Pygos forfeited.\n|\n|win|Squirshawott\n|l|\u2606Astyr.Pygos\n","uploadtime":1700109908,"views":14,"p1id":"astyrpygos","p2id":"squirshawott","formatid":"gen9ubers","rating":0,"private":0,"password":""}