{"id":"gen9ubers-1988789603","p1":"thunderbug","p2":"OUFC Test1","format":"[Gen 9] Ubers","log":"|j|\u2606thunderbug\n|j|\u2606OUFC Test1\n|t:|1699763442\n|gametype|singles\n|player|p1|thunderbug|bugsy-gen2|1528\n|player|p2|OUFC Test1|iono|1327\n|teamsize|p1|6\n|teamsize|p2|6\n|gen|9\n|tier|[Gen 9] Ubers\n|rated|\n|rule|Sleep Clause Mod: Limit one foe put to sleep\n|rule|Species Clause: Limit one of each Pok\u00e9mon\n|rule|OHKO Clause: OHKO moves are banned\n|rule|Evasion Items Clause: Evasion items are banned\n|rule|Evasion Moves Clause: Evasion moves are banned\n|rule|Endless Battle Clause: Forcing endless battles is banned\n|rule|HP Percentage Mod: HP is shown in percentages\n|clearpoke\n|poke|p1|Ting-Lu|\n|poke|p1|Skeledirge, M|\n|poke|p1|Koraidon|\n|poke|p1|Arceus-Fairy|\n|poke|p1|Eternatus|\n|poke|p1|Kyogre|\n|poke|p2|Koraidon|\n|poke|p2|Flutter Mane|\n|poke|p2|Arceus-Steel|\n|poke|p2|Clodsire, M|\n|poke|p2|Gliscor, M|\n|poke|p2|Rayquaza|\n|teampreview\n|inactive|Battle timer is ON: inactive players will automatically lose when time's up. (requested by thunderbug)\n|inactive|OUFC Test1 has 120 seconds left.\n|inactive|OUFC Test1 has 90 seconds left.\n|inactive|OUFC Test1 has 60 seconds left.\n|inactive|OUFC Test1 has 30 seconds left.\n|inactive|OUFC Test1 has 20 seconds left.\n|\n|t:|1699763627\n|start\n|switch|p1a: Ting-Lu|Ting-Lu|100\/100\n|switch|p2a: Gliscor|Gliscor, M|100\/100\n|-ability|p1a: Ting-Lu|Vessel of Ruin\n|turn|1\n|c|\u2606OUFC Test1|bruh\n|c|\u2606OUFC Test1|my b\n|\n|t:|1699763636\n|move|p2a: Gliscor|Taunt|p1a: Ting-Lu\n|-start|p1a: Ting-Lu|move: Taunt\n|cant|p1a: Ting-Lu|move: Taunt|Spikes\n|\n|-status|p2a: Gliscor|tox|[from] item: Toxic Orb\n|upkeep\n|turn|2\n|c|\u2606OUFC Test1|I had no idea I was even loaded into a match\n|\n|t:|1699763644\n|move|p2a: Gliscor|Toxic|p1a: Ting-Lu\n|-status|p1a: Ting-Lu|tox\n|move|p1a: Ting-Lu|Ruination|p2a: Gliscor|[miss]\n|-miss|p1a: Ting-Lu|p2a: Gliscor\n|\n|-damage|p1a: Ting-Lu|94\/100 tox|[from] psn\n|upkeep\n|turn|3\n|\n|t:|1699763647\n|move|p2a: Gliscor|Earthquake|p1a: Ting-Lu\n|-damage|p1a: Ting-Lu|76\/100 tox\n|move|p1a: Ting-Lu|Ruination|p2a: Gliscor\n|-damage|p2a: Gliscor|50\/100 tox\n|\n|-heal|p1a: Ting-Lu|82\/100 tox|[from] item: Leftovers\n|-heal|p2a: Gliscor|63\/100 tox|[from] ability: Poison Heal\n|-damage|p1a: Ting-Lu|70\/100 tox|[from] psn\n|-end|p1a: Ting-Lu|move: Taunt\n|upkeep\n|turn|4\n|\n|t:|1699763653\n|switch|p1a: Eternatus|Eternatus|100\/100\n|-ability|p1a: Eternatus|Pressure\n|move|p2a: Gliscor|Taunt|p1a: Eternatus\n|-start|p1a: Eternatus|move: Taunt\n|\n|-heal|p2a: Gliscor|75\/100 tox|[from] ability: Poison Heal\n|upkeep\n|turn|5\n|\n|t:|1699763659\n|switch|p1a: Kyogre|Kyogre|100\/100\n|-weather|RainDance|[from] ability: Drizzle|[of] p1a: Kyogre\n|move|p2a: Gliscor|Protect||[still]\n|-fail|p2a: Gliscor\n|\n|-weather|RainDance|[upkeep]\n|-heal|p2a: Gliscor|87\/100 tox|[from] ability: Poison Heal\n|upkeep\n|turn|6\n|\n|t:|1699763668\n|move|p2a: Gliscor|Protect|p2a: Gliscor\n|-singleturn|p2a: Gliscor|Protect\n|move|p1a: Kyogre|Ice Beam|p2a: Gliscor\n|-activate|p2a: Gliscor|move: Protect\n|\n|-weather|RainDance|[upkeep]\n|-heal|p2a: Gliscor|99\/100 tox|[from] ability: Poison Heal\n|upkeep\n|turn|7\n|\n|t:|1699763676\n|switch|p1a: Ting-Lu|Ting-Lu|70\/100 tox\n|-ability|p1a: Ting-Lu|Vessel of Ruin\n|switch|p2a: Arceus|Arceus-Steel|100\/100\n|\n|-weather|RainDance|[upkeep]\n|-heal|p1a: Ting-Lu|76\/100 tox|[from] item: Leftovers\n|-damage|p1a: Ting-Lu|70\/100 tox|[from] psn\n|upkeep\n|turn|8\n|\n|t:|1699763687\n|switch|p2a: Gliscor|Gliscor, M|99\/100 tox\n|move|p1a: Ting-Lu|Spikes|p2a: Gliscor\n|-sidestart|p2: OUFC Test1|Spikes\n|\n|-weather|RainDance|[upkeep]\n|-heal|p1a: Ting-Lu|76\/100 tox|[from] item: Leftovers\n|-heal|p2a: Gliscor|100\/100 tox|[from] ability: Poison Heal\n|-damage|p1a: Ting-Lu|64\/100 tox|[from] psn\n|upkeep\n|turn|9\n|\n|t:|1699763709\n|switch|p1a: Skeledirge|Skeledirge, M|100\/100\n|move|p2a: Gliscor|Taunt|p1a: Skeledirge\n|-start|p1a: Skeledirge|move: Taunt\n|\n|-weather|none\n|upkeep\n|turn|10\n|\n|t:|1699763714\n|switch|p1a: Eternatus|Eternatus|100\/100\n|-ability|p1a: Eternatus|Pressure\n|move|p2a: Gliscor|Toxic|p1a: Eternatus\n|-immune|p1a: Eternatus\n|\n|upkeep\n|turn|11\n|\n|t:|1699763722\n|move|p1a: Eternatus|Dynamax Cannon|p2a: Gliscor\n|-damage|p2a: Gliscor|46\/100 tox\n|move|p2a: Gliscor|Earthquake|p1a: Eternatus\n|-supereffective|p1a: Eternatus\n|-damage|p1a: Eternatus|48\/100\n|\n|-heal|p2a: Gliscor|58\/100 tox|[from] ability: Poison Heal\n|upkeep\n|turn|12\n|\n|t:|1699763731\n|move|p1a: Eternatus|Recover|p1a: Eternatus\n|-heal|p1a: Eternatus|98\/100\n|move|p2a: Gliscor|Earthquake|p1a: Eternatus\n|-supereffective|p1a: Eternatus\n|-damage|p1a: Eternatus|45\/100\n|\n|-heal|p2a: Gliscor|70\/100 tox|[from] ability: Poison Heal\n|upkeep\n|turn|13\n|\n|t:|1699763735\n|move|p1a: Eternatus|Recover|p1a: Eternatus\n|-heal|p1a: Eternatus|95\/100\n|move|p2a: Gliscor|Taunt|p1a: Eternatus\n|-start|p1a: Eternatus|move: Taunt\n|\n|-heal|p2a: Gliscor|82\/100 tox|[from] ability: Poison Heal\n|upkeep\n|turn|14\n|\n|t:|1699763742\n|switch|p1a: Kyogre|Kyogre|100\/100\n|-weather|RainDance|[from] ability: Drizzle|[of] p1a: Kyogre\n|move|p2a: Gliscor|Earthquake|p1a: Kyogre\n|-damage|p1a: Kyogre|63\/100\n|\n|-weather|RainDance|[upkeep]\n|-heal|p2a: Gliscor|95\/100 tox|[from] ability: Poison Heal\n|upkeep\n|turn|15\n|\n|t:|1699763748\n|move|p2a: Gliscor|Protect|p2a: Gliscor\n|-singleturn|p2a: Gliscor|Protect\n|move|p1a: Kyogre|Surf|p2a: Gliscor\n|-activate|p2a: Gliscor|move: Protect\n|\n|-weather|RainDance|[upkeep]\n|-heal|p2a: Gliscor|100\/100 tox|[from] ability: Poison Heal\n|upkeep\n|turn|16\n|\n|t:|1699763762\n|switch|p1a: Skeledirge|Skeledirge, M|100\/100\n|switch|p2a: Clodsire|Clodsire, M|100\/100\n|\n|-weather|RainDance|[upkeep]\n|upkeep\n|turn|17\n|\n|t:|1699763769\n|move|p1a: Skeledirge|Will-O-Wisp|p2a: Clodsire\n|-status|p2a: Clodsire|brn\n|move|p2a: Clodsire|Spikes|p1a: Skeledirge\n|-sidestart|p1: thunderbug|Spikes\n|\n|-weather|RainDance|[upkeep]\n|-damage|p2a: Clodsire|94\/100 brn|[from] brn\n|upkeep\n|turn|18\n|\n|t:|1699763783\n|switch|p1a: Ting-Lu|Ting-Lu|64\/100 tox\n|-damage|p1a: Ting-Lu|51\/100 tox|[from] Spikes\n|-ability|p1a: Ting-Lu|Vessel of Ruin\n|move|p2a: Clodsire|Toxic|p1a: Ting-Lu\n|-fail|p1a: Ting-Lu|tox\n|\n|-weather|none\n|-heal|p1a: Ting-Lu|57\/100 tox|[from] item: Leftovers\n|-damage|p1a: Ting-Lu|51\/100 tox|[from] psn\n|-damage|p2a: Clodsire|88\/100 brn|[from] brn\n|upkeep\n|turn|19\n|\n|t:|1699763792\n|switch|p2a: Koraidon|Koraidon|100\/100\n|-weather|SunnyDay|[from] ability: Orichalcum Pulse|[of] p2a: Koraidon\n|-activate|p2a: Koraidon|Orichalcum Pulse|[source]\n|move|p1a: Ting-Lu|Spikes|p2a: Koraidon\n|-sidestart|p2: OUFC Test1|Spikes\n|\n|-weather|SunnyDay|[upkeep]\n|-heal|p1a: Ting-Lu|57\/100 tox|[from] item: Leftovers\n|-damage|p1a: Ting-Lu|45\/100 tox|[from] psn\n|upkeep\n|turn|20\n|\n|t:|1699763796\n|move|p2a: Koraidon|U-turn|p1a: Ting-Lu\n|-supereffective|p1a: Ting-Lu\n|-damage|p1a: Ting-Lu|8\/100 tox\n|\n|t:|1699763799\n|switch|p2a: Gliscor|Gliscor, M|100\/100 tox|[from] U-turn\n|move|p1a: Ting-Lu|Whirlwind|p2a: Gliscor\n|drag|p2a: Koraidon|Koraidon|100\/100\n|-activate|p2a: Koraidon|ability: Orichalcum Pulse\n|\n|-weather|SunnyDay|[upkeep]\n|-heal|p1a: Ting-Lu|14\/100 tox|[from] item: Leftovers\n|-damage|p1a: Ting-Lu|0 fnt|[from] psn\n|faint|p1a: Ting-Lu\n|upkeep\n|\n|t:|1699763804\n|switch|p1a: Arceus|Arceus-Fairy|100\/100\n|-damage|p1a: Arceus|88\/100|[from] Spikes\n|turn|21\n|\n|t:|1699763811\n|-terastallize|p2a: Koraidon|Steel\n|move|p2a: Koraidon|Flare Blitz|p1a: Arceus\n|-damage|p1a: Arceus|34\/100\n|-status|p1a: Arceus|brn\n|-damage|p2a: Koraidon|77\/100|[from] Recoil\n|move|p1a: Arceus|Calm Mind|p1a: Arceus\n|-boost|p1a: Arceus|spa|1\n|-boost|p1a: Arceus|spd|1\n|\n|-weather|SunnyDay|[upkeep]\n|-damage|p1a: Arceus|28\/100 brn|[from] brn\n|upkeep\n|turn|22\n|\n|t:|1699763818\n|switch|p1a: Skeledirge|Skeledirge, M|100\/100\n|move|p2a: Koraidon|Flare Blitz|p1a: Skeledirge\n|-resisted|p1a: Skeledirge\n|-damage|p1a: Skeledirge|73\/100\n|-damage|p2a: Koraidon|66\/100|[from] Recoil\n|\n|-weather|SunnyDay|[upkeep]\n|upkeep\n|turn|23\n|\n|t:|1699763823\n|move|p2a: Koraidon|U-turn|p1a: Skeledirge\n|-resisted|p1a: Skeledirge\n|-damage|p1a: Skeledirge|68\/100\n|\n|t:|1699763826\n|switch|p2a: Rayquaza|Rayquaza, shiny|100\/100|[from] U-turn\n|-ability|p2a: Rayquaza|Air Lock\n|move|p1a: Skeledirge|Torch Song|p2a: Rayquaza\n|-resisted|p2a: Rayquaza\n|-damage|p2a: Rayquaza|84\/100\n|-boost|p1a: Skeledirge|spa|1\n|\n|-weather|none\n|upkeep\n|turn|24\n|\n|t:|1699763830\n|move|p2a: Rayquaza|Stealth Rock|p1a: Skeledirge\n|-sidestart|p1: thunderbug|move: Stealth Rock\n|move|p1a: Skeledirge|Will-O-Wisp|p2a: Rayquaza\n|-status|p2a: Rayquaza|brn\n|\n|-damage|p2a: Rayquaza|78\/100 brn|[from] brn\n|upkeep\n|turn|25\n|\n|t:|1699763843\n|switch|p2a: Clodsire|Clodsire, M|88\/100 brn\n|move|p1a: Skeledirge|Hex|p2a: Clodsire\n|-damage|p2a: Clodsire|50\/100 brn\n|\n|-damage|p2a: Clodsire|43\/100 brn|[from] brn\n|upkeep\n|turn|26\n|\n|t:|1699763859\n|switch|p1a: Eternatus|Eternatus|95\/100\n|-ability|p1a: Eternatus|Pressure\n|move|p2a: Clodsire|Recover|p2a: Clodsire\n|-heal|p2a: Clodsire|93\/100 brn\n|\n|-damage|p2a: Clodsire|87\/100 brn|[from] brn\n|upkeep\n|turn|27\n|\n|t:|1699763866\n|switch|p2a: Arceus|Arceus-Steel|100\/100\n|-damage|p2a: Arceus|84\/100|[from] Spikes\n|move|p1a: Eternatus|Dynamax Cannon|p2a: Arceus\n|-resisted|p2a: Arceus\n|-damage|p2a: Arceus|70\/100\n|\n|upkeep\n|turn|28\n|\n|t:|1699763870\n|move|p1a: Eternatus|Flamethrower|p2a: Arceus\n|-supereffective|p2a: Arceus\n|-damage|p2a: Arceus|33\/100\n|move|p2a: Arceus|Will-O-Wisp|p1a: Eternatus\n|-status|p1a: Eternatus|brn\n|\n|-damage|p1a: Eternatus|89\/100 brn|[from] brn\n|upkeep\n|turn|29\n|\n|t:|1699763878\n|switch|p2a: Rayquaza|Rayquaza, shiny|78\/100 brn\n|-ability|p2a: Rayquaza|Air Lock\n|move|p1a: Eternatus|Flamethrower|p2a: Rayquaza\n|-resisted|p2a: Rayquaza\n|-damage|p2a: Rayquaza|64\/100 brn\n|\n|-damage|p2a: Rayquaza|58\/100 brn|[from] brn\n|-damage|p1a: Eternatus|83\/100 brn|[from] brn\n|upkeep\n|turn|30\n|\n|t:|1699763885\n|move|p2a: Rayquaza|Dragon Ascent|p1a: Eternatus\n|-damage|p1a: Eternatus|54\/100 brn\n|-unboost|p2a: Rayquaza|def|1\n|-unboost|p2a: Rayquaza|spd|1\n|move|p1a: Eternatus|Dynamax Cannon|p2a: Rayquaza\n|-supereffective|p2a: Rayquaza\n|-damage|p2a: Rayquaza|0 fnt\n|faint|p2a: Rayquaza\n|\n|-damage|p1a: Eternatus|48\/100 brn|[from] brn\n|upkeep\n|\n|t:|1699763889\n|switch|p2a: Koraidon|Koraidon, tera:Steel|66\/100\n|-weather|SunnyDay|[from] ability: Orichalcum Pulse|[of] p2a: Koraidon\n|-activate|p2a: Koraidon|Orichalcum Pulse|[source]\n|turn|31\n|\n|t:|1699763896\n|switch|p1a: Arceus|Arceus-Fairy|28\/100 brn\n|-damage|p1a: Arceus|15\/100 brn|[from] Spikes\n|-damage|p1a: Arceus|3\/100 brn|[from] Stealth Rock\n|move|p2a: Koraidon|Dragon Claw|p1a: Arceus\n|-immune|p1a: Arceus\n|\n|-weather|SunnyDay|[upkeep]\n|-damage|p1a: Arceus|0 fnt|[from] brn\n|faint|p1a: Arceus\n|upkeep\n|\n|t:|1699763911\n|switch|p1a: Skeledirge|Skeledirge, M|68\/100\n|turn|32\n|\n|t:|1699763914\n|move|p2a: Koraidon|U-turn|p1a: Skeledirge\n|-resisted|p1a: Skeledirge\n|-damage|p1a: Skeledirge|63\/100\n|\n|t:|1699763917\n|switch|p2a: Flutter Mane|Flutter Mane|100\/100|[from] U-turn\n|-damage|p2a: Flutter Mane|84\/100|[from] Spikes\n|-activate|p2a: Flutter Mane|ability: Protosynthesis\n|-start|p2a: Flutter Mane|protosynthesisspe\n|move|p1a: Skeledirge|Slack Off|p1a: Skeledirge\n|-heal|p1a: Skeledirge|100\/100\n|\n|-weather|SunnyDay|[upkeep]\n|upkeep\n|turn|33\n|\n|t:|1699763926\n|switch|p1a: Eternatus|Eternatus|48\/100 brn\n|-ability|p1a: Eternatus|Pressure\n|move|p2a: Flutter Mane|Shadow Ball|p1a: Eternatus\n|-crit|p1a: Eternatus\n|-damage|p1a: Eternatus|8\/100 brn\n|\n|-weather|SunnyDay|[upkeep]\n|-damage|p1a: Eternatus|2\/100 brn|[from] brn\n|upkeep\n|turn|34\n|\n|t:|1699763929\n|move|p2a: Flutter Mane|Shadow Ball|p1a: Eternatus\n|-damage|p1a: Eternatus|0 fnt\n|faint|p1a: Eternatus\n|\n|-weather|SunnyDay|[upkeep]\n|upkeep\n|\n|t:|1699763931\n|switch|p1a: Kyogre|Kyogre|63\/100\n|-damage|p1a: Kyogre|51\/100|[from] Spikes\n|-damage|p1a: Kyogre|39\/100|[from] Stealth Rock\n|-weather|RainDance|[from] ability: Drizzle|[of] p1a: Kyogre\n|-end|p2a: Flutter Mane|Protosynthesis\n|turn|35\n|\n|t:|1699763942\n|-end|p2a: Flutter Mane|Protosynthesis|[silent]\n|switch|p2a: Clodsire|Clodsire, M|87\/100 brn\n|move|p1a: Kyogre|Ice Beam|p2a: Clodsire\n|-supereffective|p2a: Clodsire\n|-damage|p2a: Clodsire|53\/100 brn\n|\n|-weather|RainDance|[upkeep]\n|-damage|p2a: Clodsire|47\/100 brn|[from] brn\n|upkeep\n|turn|36\n|\n|t:|1699763951\n|move|p1a: Kyogre|Ice Beam|p2a: Clodsire\n|-supereffective|p2a: Clodsire\n|-damage|p2a: Clodsire|12\/100 brn\n|move|p2a: Clodsire|Recover|p2a: Clodsire\n|-heal|p2a: Clodsire|62\/100 brn\n|\n|-weather|RainDance|[upkeep]\n|-damage|p2a: Clodsire|56\/100 brn|[from] brn\n|upkeep\n|turn|37\n|\n|t:|1699763956\n|switch|p2a: Flutter Mane|Flutter Mane|84\/100\n|-damage|p2a: Flutter Mane|68\/100|[from] Spikes\n|move|p1a: Kyogre|Ice Beam|p2a: Flutter Mane\n|-damage|p2a: Flutter Mane|30\/100\n|\n|-weather|RainDance|[upkeep]\n|upkeep\n|turn|38\n|\n|t:|1699763959\n|move|p2a: Flutter Mane|Thunder|p1a: Kyogre\n|-supereffective|p1a: Kyogre\n|-damage|p1a: Kyogre|0 fnt\n|faint|p1a: Kyogre\n|\n|-weather|RainDance|[upkeep]\n|upkeep\n|\n|t:|1699763963\n|switch|p1a: Koraidon|Koraidon|100\/100\n|-damage|p1a: Koraidon|88\/100|[from] Spikes\n|-damage|p1a: Koraidon|82\/100|[from] Stealth Rock\n|-weather|SunnyDay|[from] ability: Orichalcum Pulse|[of] p1a: Koraidon\n|-activate|p2a: Flutter Mane|ability: Protosynthesis\n|-start|p2a: Flutter Mane|protosynthesisspe\n|-activate|p1a: Koraidon|Orichalcum Pulse|[source]\n|turn|39\n|\n|t:|1699763981\n|-end|p2a: Flutter Mane|Protosynthesis|[silent]\n|switch|p2a: Gliscor|Gliscor, M|100\/100 tox\n|move|p1a: Koraidon|Flare Blitz|p2a: Gliscor\n|-damage|p2a: Gliscor|48\/100 tox\n|-damage|p1a: Koraidon|64\/100|[from] Recoil\n|\n|-weather|SunnyDay|[upkeep]\n|-heal|p2a: Gliscor|60\/100 tox|[from] ability: Poison Heal\n|upkeep\n|turn|40\n|\n|t:|1699763987\n|move|p2a: Gliscor|Protect|p2a: Gliscor\n|-singleturn|p2a: Gliscor|Protect\n|move|p1a: Koraidon|Flare Blitz|p2a: Gliscor\n|-activate|p2a: Gliscor|move: Protect\n|\n|-weather|SunnyDay|[upkeep]\n|-heal|p2a: Gliscor|72\/100 tox|[from] ability: Poison Heal\n|upkeep\n|turn|41\n|\n|t:|1699763998\n|move|p1a: Koraidon|Flare Blitz|p2a: Gliscor\n|-damage|p2a: Gliscor|25\/100 tox\n|-damage|p1a: Koraidon|48\/100|[from] Recoil\n|move|p2a: Gliscor|Toxic|p1a: Koraidon\n|-status|p1a: Koraidon|tox\n|\n|-weather|SunnyDay|[upkeep]\n|-damage|p1a: Koraidon|42\/100 tox|[from] psn\n|-heal|p2a: Gliscor|37\/100 tox|[from] ability: Poison Heal\n|upkeep\n|turn|42\n|\n|t:|1699764001\n|move|p2a: Gliscor|Protect|p2a: Gliscor\n|-singleturn|p2a: Gliscor|Protect\n|move|p1a: Koraidon|Flare Blitz|p2a: Gliscor\n|-activate|p2a: Gliscor|move: Protect\n|\n|-weather|SunnyDay|[upkeep]\n|-damage|p1a: Koraidon|30\/100 tox|[from] psn\n|-heal|p2a: Gliscor|50\/100 tox|[from] ability: Poison Heal\n|upkeep\n|turn|43\n|\n|t:|1699764020\n|switch|p2a: Koraidon|Koraidon, tera:Steel|66\/100\n|-activate|p2a: Koraidon|ability: Orichalcum Pulse\n|move|p1a: Koraidon|Flare Blitz|p2a: Koraidon\n|-supereffective|p2a: Koraidon\n|-damage|p2a: Koraidon|0 fnt\n|faint|p2a: Koraidon\n|-damage|p1a: Koraidon|8\/100 tox|[from] Recoil\n|\n|-weather|none\n|-damage|p1a: Koraidon|0 fnt|[from] psn\n|faint|p1a: Koraidon\n|upkeep\n|\n|t:|1699764025\n|switch|p2a: Gliscor|Gliscor, M|50\/100 tox\n|switch|p1a: Skeledirge|Skeledirge, M|100\/100\n|turn|44\n|\n|t:|1699764031\n|move|p2a: Gliscor|Protect|p2a: Gliscor\n|-singleturn|p2a: Gliscor|Protect\n|move|p1a: Skeledirge|Torch Song|p2a: Gliscor\n|-activate|p2a: Gliscor|move: Protect\n|\n|-heal|p2a: Gliscor|62\/100 tox|[from] ability: Poison Heal\n|upkeep\n|turn|45\n|j| Ashkepchump\n|\n|t:|1699764038\n|-terastallize|p1a: Skeledirge|Normal\n|move|p2a: Gliscor|Toxic|p1a: Skeledirge\n|-status|p1a: Skeledirge|tox\n|move|p1a: Skeledirge|Torch Song|p2a: Gliscor\n|-damage|p2a: Gliscor|26\/100 tox\n|-boost|p1a: Skeledirge|spa|1\n|\n|-heal|p2a: Gliscor|38\/100 tox|[from] ability: Poison Heal\n|-damage|p1a: Skeledirge|94\/100 tox|[from] psn\n|upkeep\n|turn|46\n|\n|t:|1699764044\n|move|p2a: Gliscor|Protect|p2a: Gliscor\n|-singleturn|p2a: Gliscor|Protect\n|move|p1a: Skeledirge|Torch Song|p2a: Gliscor\n|-activate|p2a: Gliscor|move: Protect\n|\n|-heal|p2a: Gliscor|50\/100 tox|[from] ability: Poison Heal\n|-damage|p1a: Skeledirge|82\/100 tox|[from] psn\n|upkeep\n|turn|47\n|\n|t:|1699764048\n|switch|p2a: Clodsire|Clodsire, M|56\/100 brn\n|move|p1a: Skeledirge|Hex|p2a: Clodsire\n|-damage|p2a: Clodsire|20\/100 brn\n|\n|-damage|p1a: Skeledirge|64\/100 tox|[from] psn\n|-damage|p2a: Clodsire|14\/100 brn|[from] brn\n|upkeep\n|turn|48\n|\n|t:|1699764052\n|move|p1a: Skeledirge|Torch Song|p2a: Clodsire\n|-crit|p2a: Clodsire\n|-damage|p2a: Clodsire|0 fnt\n|-boost|p1a: Skeledirge|spa|1\n|faint|p2a: Clodsire\n|\n|-damage|p1a: Skeledirge|40\/100 tox|[from] psn\n|upkeep\n|\n|t:|1699764055\n|switch|p2a: Gliscor|Gliscor, M|50\/100 tox\n|turn|49\n|\n|t:|1699764058\n|move|p2a: Gliscor|Taunt|p1a: Skeledirge\n|-start|p1a: Skeledirge|move: Taunt\n|cant|p1a: Skeledirge|move: Taunt|Slack Off\n|\n|-heal|p2a: Gliscor|62\/100 tox|[from] ability: Poison Heal\n|-damage|p1a: Skeledirge|9\/100 tox|[from] psn\n|upkeep\n|turn|50\n|c|\u2606thunderbug|gg\n|c|\u2606OUFC Test1|gg\n|\n|t:|1699764063\n|move|p2a: Gliscor|Protect|p2a: Gliscor\n|-singleturn|p2a: Gliscor|Protect\n|move|p1a: Skeledirge|Torch Song|p2a: Gliscor\n|-activate|p2a: Gliscor|move: Protect\n|\n|-heal|p2a: Gliscor|75\/100 tox|[from] ability: Poison Heal\n|-damage|p1a: Skeledirge|0 fnt|[from] psn\n|faint|p1a: Skeledirge\n|\n|win|OUFC Test1\n|upkeep\n|raw|thunderbug's rating: 1528 &rarr; <strong>1498<\/strong><br \/>(-30 for losing)\n|raw|OUFC Test1's rating: 1327 &rarr; <strong>1357<\/strong><br \/>(+30 for winning)\n|c|\u2606OUFC Test1|ban gliscor\n|l|\u2606thunderbug\n|c|\u2606OUFC Test1|to AG\n","uploadtime":1699764076,"views":13,"p1id":"thunderbug","p2id":"oufctest1","formatid":"gen9ubers","rating":1357,"private":0,"password":""}