{"id":"gen9ubers-1999112724","p1":"LordChampaGaming","p2":"Tatertank","format":"[Gen 9] Ubers","log":"|j|\u2606LordChampaGaming\n|j|\u2606Tatertank\n|t:|1701034482\n|gametype|singles\n|player|p1|LordChampaGaming|169|\n|player|p2|Tatertank|1|\n|teamsize|p1|6\n|teamsize|p2|6\n|gen|9\n|tier|[Gen 9] Ubers\n|rule|Sleep Clause Mod: Limit one foe put to sleep\n|rule|Species Clause: Limit one of each Pok\u00e9mon\n|rule|OHKO Clause: OHKO moves are banned\n|rule|Evasion Items Clause: Evasion items are banned\n|rule|Evasion Moves Clause: Evasion moves are banned\n|rule|Endless Battle Clause: Forcing endless battles is banned\n|rule|HP Percentage Mod: HP is shown in percentages\n|clearpoke\n|poke|p1|Annihilape, M|\n|poke|p1|Slaking, F|\n|poke|p1|Lycanroc-Dusk, M|\n|poke|p1|Dipplin, M|\n|poke|p1|Gastrodon-East, M|\n|poke|p1|Zarude-Dada|\n|poke|p2|Gliscor, M|\n|poke|p2|Heatran, F|\n|poke|p2|Milotic, M|\n|poke|p2|Slither Wing|\n|poke|p2|Zoroark-Hisui, M|\n|poke|p2|Breloom, F|\n|teampreview\n|\n|t:|1701034492\n|start\n|switch|p1a: Zarude|Zarude-Dada|100\/100\n|switch|p2a: notzoroark|Slither Wing|100\/100\n|turn|1\n|\n|t:|1701034499\n|move|p1a: Zarude|Acrobatics|p2a: notzoroark\n|-crit|p2a: notzoroark\n|-enditem|p2a: notzoroark|Focus Sash\n|-damage|p2a: notzoroark|1\/100\n|replace|p2a: noTzoroarok|Zoroark-Hisui, M, shiny\n|-end|p2a: noTzoroarok|Illusion\n|move|p2a: noTzoroarok|U-turn|p1a: Zarude\n|-supereffective|p1a: Zarude\n|-damage|p1a: Zarude|49\/100\n|\n|t:|1701034507\n|switch|p2a: notzoroark|Slither Wing|100\/100|[from] U-turn\n|\n|upkeep\n|turn|2\n|\n|t:|1701034511\n|move|p2a: notzoroark|First Impression|p1a: Zarude\n|-supereffective|p1a: Zarude\n|-damage|p1a: Zarude|0 fnt\n|faint|p1a: Zarude\n|\n|upkeep\n|\n|t:|1701034531\n|switch|p1a: Slaking|Slaking, F|100\/100\n|turn|3\n|\n|t:|1701034552\n|move|p1a: Slaking|Play Rough|p2a: notzoroark\n|-supereffective|p2a: notzoroark\n|-damage|p2a: notzoroark|0 fnt\n|faint|p2a: notzoroark\n|-end|p2a: notzoroark|Protosynthesis|[silent]\n|\n|upkeep\n|\n|t:|1701034562\n|switch|p2a: Notzoroark|Gliscor, M, shiny|100\/100\n|turn|4\n|\n|t:|1701034569\n|cant|p1a: Slaking|ability: Truant\n|move|p2a: Notzoroark|Swords Dance|p2a: Notzoroark\n|-boost|p2a: Notzoroark|atk|2\n|\n|-status|p2a: Notzoroark|tox|[from] item: Toxic Orb\n|upkeep\n|turn|5\n|\n|t:|1701034573\n|move|p1a: Slaking|Giga Impact|p2a: Notzoroark\n|-damage|p2a: Notzoroark|15\/100 tox\n|-mustrecharge|p1a: Slaking\n|move|p2a: Notzoroark|Facade|p1a: Slaking\n|-damage|p1a: Slaking|35\/100\n|\n|-heal|p2a: Notzoroark|27\/100 tox|[from] ability: Poison Heal\n|upkeep\n|turn|6\n|\n|t:|1701034578\n|cant|p1a: Slaking|recharge\n|move|p2a: Notzoroark|Facade|p1a: Slaking\n|-damage|p1a: Slaking|0 fnt\n|faint|p1a: Slaking\n|\n|-heal|p2a: Notzoroark|39\/100 tox|[from] ability: Poison Heal\n|upkeep\n|\n|t:|1701034586\n|switch|p1a: Lycanroc|Lycanroc-Dusk, M|100\/100\n|turn|7\n|\n|t:|1701034592\n|move|p2a: Notzoroark|Protect|p2a: Notzoroark\n|-singleturn|p2a: Notzoroark|Protect\n|move|p1a: Lycanroc|Stone Edge|p2a: Notzoroark\n|-activate|p2a: Notzoroark|move: Protect\n|\n|-heal|p2a: Notzoroark|52\/100 tox|[from] ability: Poison Heal\n|upkeep\n|turn|8\n|\n|t:|1701034602\n|switch|p2a: nOtzoroark|Breloom, F|100\/100\n|-terastallize|p1a: Lycanroc|Fighting\n|move|p1a: Lycanroc|Stone Edge|p2a: nOtzoroark\n|-resisted|p2a: nOtzoroark\n|-damage|p2a: nOtzoroark|48\/100\n|-damage|p1a: Lycanroc|91\/100|[from] item: Life Orb\n|\n|upkeep\n|turn|9\n|\n|t:|1701034610\n|move|p2a: nOtzoroark|Mach Punch|p1a: Lycanroc\n|-damage|p1a: Lycanroc|42\/100\n|move|p1a: Lycanroc|Stone Edge|p2a: nOtzoroark\n|-resisted|p2a: nOtzoroark\n|-damage|p2a: nOtzoroark|2\/100\n|-damage|p1a: Lycanroc|32\/100|[from] item: Life Orb\n|\n|upkeep\n|turn|10\n|\n|t:|1701034615\n|move|p1a: Lycanroc|Accelerock|p2a: nOtzoroark\n|-resisted|p2a: nOtzoroark\n|-crit|p2a: nOtzoroark\n|-damage|p2a: nOtzoroark|0 fnt\n|faint|p2a: nOtzoroark\n|-damage|p1a: Lycanroc|22\/100|[from] item: Life Orb\n|\n|upkeep\n|\n|t:|1701034619\n|switch|p2a: Notzoroark|Gliscor, M, shiny|52\/100 tox\n|turn|11\n|\n|t:|1701034624\n|move|p1a: Lycanroc|Stone Edge|p2a: Notzoroark|[miss]\n|-miss|p1a: Lycanroc|p2a: Notzoroark\n|move|p2a: Notzoroark|Facade|p1a: Lycanroc\n|-damage|p1a: Lycanroc|0 fnt\n|faint|p1a: Lycanroc\n|\n|-heal|p2a: Notzoroark|64\/100 tox|[from] ability: Poison Heal\n|upkeep\n|\n|t:|1701034628\n|switch|p1a: Dipplin|Dipplin, M|100\/100\n|-ability|p1a: Dipplin|Supersweet Syrup\n|-ability|p1a: Dipplin|Supersweet Syrup|boost\n|-unboost|p2a: Notzoroark|evasion|1\n|turn|12\n|\n|t:|1701034643\n|move|p2a: Notzoroark|Protect|p2a: Notzoroark\n|-singleturn|p2a: Notzoroark|Protect\n|move|p1a: Dipplin|Draco Meteor|p2a: Notzoroark\n|-activate|p2a: Notzoroark|move: Protect\n|\n|-heal|p2a: Notzoroark|76\/100 tox|[from] ability: Poison Heal\n|upkeep\n|turn|13\n|\n|t:|1701034655\n|move|p2a: Notzoroark|Facade|p1a: Dipplin\n|-damage|p1a: Dipplin|79\/100\n|move|p1a: Dipplin|Dragon Pulse|p2a: Notzoroark\n|-damage|p2a: Notzoroark|16\/100 tox\n|\n|-heal|p2a: Notzoroark|28\/100 tox|[from] ability: Poison Heal\n|upkeep\n|turn|14\n|\n|t:|1701034662\n|move|p2a: Notzoroark|Protect|p2a: Notzoroark\n|-singleturn|p2a: Notzoroark|Protect\n|move|p1a: Dipplin|Dragon Pulse|p2a: Notzoroark\n|-activate|p2a: Notzoroark|move: Protect\n|\n|-heal|p2a: Notzoroark|40\/100 tox|[from] ability: Poison Heal\n|upkeep\n|turn|15\n|\n|t:|1701034670\n|switch|p2a: NotZoroark|Heatran, F|100\/100\n|move|p1a: Dipplin|Dragon Pulse|p2a: NotZoroark\n|-resisted|p2a: NotZoroark\n|-damage|p2a: NotZoroark|83\/100\n|\n|-heal|p2a: NotZoroark|90\/100|[from] item: Leftovers\n|upkeep\n|turn|16\n|\n|t:|1701034677\n|switch|p1a: Gastrodon|Gastrodon-East, M|100\/100\n|move|p2a: NotZoroark|Magma Storm|p1a: Gastrodon\n|-resisted|p1a: Gastrodon\n|-damage|p1a: Gastrodon|81\/100\n|-activate|p1a: Gastrodon|move: Magma Storm|[of] p2a: NotZoroark\n|\n|-heal|p2a: NotZoroark|96\/100|[from] item: Leftovers\n|-damage|p1a: Gastrodon|69\/100|[from] move: Magma Storm|[partiallytrapped]\n|upkeep\n|turn|17\n|\n|t:|1701034685\n|switch|p2a: Notzoroark|Gliscor, M, shiny|40\/100 tox\n|move|p1a: Gastrodon|Yawn||[still]\n|-fail|p1a: Gastrodon\n|\n|-heal|p2a: Notzoroark|53\/100 tox|[from] ability: Poison Heal\n|-end|p1a: Gastrodon|Magma Storm|[partiallytrapped]|[silent]\n|upkeep\n|turn|18\n|\n|t:|1701034690\n|move|p2a: Notzoroark|Protect|p2a: Notzoroark\n|-singleturn|p2a: Notzoroark|Protect\n|move|p1a: Gastrodon|Ice Beam|p2a: Notzoroark\n|-activate|p2a: Notzoroark|move: Protect\n|\n|-heal|p2a: Notzoroark|65\/100 tox|[from] ability: Poison Heal\n|upkeep\n|turn|19\n|\n|t:|1701034695\n|switch|p2a: notZoroark|Milotic, M, shiny|100\/100\n|move|p1a: Gastrodon|Ice Beam|p2a: notZoroark\n|-resisted|p2a: notZoroark\n|-damage|p2a: notZoroark|94\/100\n|\n|-heal|p2a: notZoroark|99\/100|[from] item: Leftovers\n|upkeep\n|turn|20\n|\n|t:|1701034706\n|move|p2a: notZoroark|Ice Beam|p1a: Gastrodon\n|-damage|p1a: Gastrodon|55\/100\n|move|p1a: Gastrodon|Earth Power|p2a: notZoroark\n|-damage|p2a: notZoroark|80\/100\n|\n|-heal|p2a: notZoroark|86\/100|[from] item: Leftovers\n|upkeep\n|turn|21\n|\n|t:|1701034711\n|move|p2a: notZoroark|Ice Beam|p1a: Gastrodon\n|-damage|p1a: Gastrodon|42\/100\n|move|p1a: Gastrodon|Earth Power|p2a: notZoroark\n|-damage|p2a: notZoroark|64\/100\n|\n|-heal|p2a: notZoroark|70\/100|[from] item: Leftovers\n|upkeep\n|turn|22\n|\n|t:|1701034716\n|move|p2a: notZoroark|Ice Beam|p1a: Gastrodon\n|-damage|p1a: Gastrodon|29\/100\n|move|p1a: Gastrodon|Recover|p1a: Gastrodon\n|-heal|p1a: Gastrodon|79\/100\n|\n|-heal|p2a: notZoroark|76\/100|[from] item: Leftovers\n|upkeep\n|turn|23\n|\n|t:|1701034720\n|move|p2a: notZoroark|Ice Beam|p1a: Gastrodon\n|-damage|p1a: Gastrodon|65\/100\n|move|p1a: Gastrodon|Earth Power|p2a: notZoroark\n|-damage|p2a: notZoroark|57\/100\n|\n|-heal|p2a: notZoroark|63\/100|[from] item: Leftovers\n|upkeep\n|turn|24\n|\n|t:|1701034727\n|move|p2a: notZoroark|Recover|p2a: notZoroark\n|-heal|p2a: notZoroark|100\/100\n|move|p1a: Gastrodon|Ice Beam|p2a: notZoroark\n|-resisted|p2a: notZoroark\n|-damage|p2a: notZoroark|94\/100\n|\n|-heal|p2a: notZoroark|99\/100|[from] item: Leftovers\n|upkeep\n|turn|25\n|\n|t:|1701034734\n|move|p2a: notZoroark|Ice Beam|p1a: Gastrodon\n|-damage|p1a: Gastrodon|52\/100\n|move|p1a: Gastrodon|Earth Power|p2a: notZoroark\n|-damage|p2a: notZoroark|80\/100\n|\n|-heal|p2a: notZoroark|86\/100|[from] item: Leftovers\n|upkeep\n|turn|26\n|\n|t:|1701034740\n|move|p2a: notZoroark|Ice Beam|p1a: Gastrodon\n|-damage|p1a: Gastrodon|38\/100\n|move|p1a: Gastrodon|Earth Power|p2a: notZoroark\n|-damage|p2a: notZoroark|64\/100\n|\n|-heal|p2a: notZoroark|70\/100|[from] item: Leftovers\n|upkeep\n|turn|27\n|\n|t:|1701034748\n|move|p2a: notZoroark|Ice Beam|p1a: Gastrodon\n|-crit|p1a: Gastrodon\n|-damage|p1a: Gastrodon|18\/100\n|move|p1a: Gastrodon|Earth Power|p2a: notZoroark\n|-damage|p2a: notZoroark|48\/100\n|\n|-heal|p2a: notZoroark|54\/100|[from] item: Leftovers\n|upkeep\n|turn|28\n|\n|t:|1701034754\n|move|p2a: notZoroark|Ice Beam|p1a: Gastrodon\n|-damage|p1a: Gastrodon|4\/100\n|move|p1a: Gastrodon|Recover|p1a: Gastrodon\n|-heal|p1a: Gastrodon|54\/100\n|\n|-heal|p2a: notZoroark|60\/100|[from] item: Leftovers\n|upkeep\n|turn|29\n|\n|t:|1701034758\n|move|p2a: notZoroark|Recover|p2a: notZoroark\n|-heal|p2a: notZoroark|100\/100\n|move|p1a: Gastrodon|Recover|p1a: Gastrodon\n|-heal|p1a: Gastrodon|100\/100\n|\n|upkeep\n|turn|30\n|\n|t:|1701034762\n|move|p2a: notZoroark|Ice Beam|p1a: Gastrodon\n|-damage|p1a: Gastrodon|87\/100\n|move|p1a: Gastrodon|Earth Power|p2a: notZoroark\n|-damage|p2a: notZoroark|81\/100\n|\n|-heal|p2a: notZoroark|87\/100|[from] item: Leftovers\n|upkeep\n|turn|31\n|\n|t:|1701034770\n|move|p2a: notZoroark|Haze|p2a: notZoroark\n|-clearallboost\n|move|p1a: Gastrodon|Ice Beam|p2a: notZoroark\n|-resisted|p2a: notZoroark\n|-damage|p2a: notZoroark|80\/100\n|\n|-heal|p2a: notZoroark|86\/100|[from] item: Leftovers\n|upkeep\n|turn|32\n|\n|t:|1701034777\n|move|p2a: notZoroark|Haze|p2a: notZoroark\n|-clearallboost\n|move|p1a: Gastrodon|Ice Beam|p2a: notZoroark\n|-resisted|p2a: notZoroark\n|-damage|p2a: notZoroark|78\/100\n|\n|-heal|p2a: notZoroark|85\/100|[from] item: Leftovers\n|upkeep\n|turn|33\n|\n|t:|1701034783\n|move|p2a: notZoroark|Haze|p2a: notZoroark\n|-clearallboost\n|move|p1a: Gastrodon|Ice Beam|p2a: notZoroark\n|-resisted|p2a: notZoroark\n|-damage|p2a: notZoroark|77\/100\n|\n|-heal|p2a: notZoroark|83\/100|[from] item: Leftovers\n|upkeep\n|turn|34\n|\n|t:|1701034790\n|move|p2a: notZoroark|Haze|p2a: notZoroark\n|-clearallboost\n|move|p1a: Gastrodon|Ice Beam|p2a: notZoroark\n|-resisted|p2a: notZoroark\n|-damage|p2a: notZoroark|76\/100\n|\n|-heal|p2a: notZoroark|82\/100|[from] item: Leftovers\n|upkeep\n|turn|35\n|\n|t:|1701034796\n|move|p2a: notZoroark|Haze|p2a: notZoroark\n|-clearallboost\n|move|p1a: Gastrodon|Ice Beam|p2a: notZoroark\n|-resisted|p2a: notZoroark\n|-damage|p2a: notZoroark|75\/100\n|\n|-heal|p2a: notZoroark|81\/100|[from] item: Leftovers\n|upkeep\n|turn|36\n|\n|t:|1701034802\n|move|p2a: notZoroark|Haze|p2a: notZoroark\n|-clearallboost\n|move|p1a: Gastrodon|Ice Beam|p2a: notZoroark\n|-resisted|p2a: notZoroark\n|-crit|p2a: notZoroark\n|-damage|p2a: notZoroark|71\/100\n|\n|-heal|p2a: notZoroark|77\/100|[from] item: Leftovers\n|upkeep\n|turn|37\n|\n|t:|1701034810\n|move|p2a: notZoroark|Haze|p2a: notZoroark\n|-clearallboost\n|move|p1a: Gastrodon|Ice Beam|p2a: notZoroark\n|-resisted|p2a: notZoroark\n|-damage|p2a: notZoroark|70\/100\n|\n|-heal|p2a: notZoroark|76\/100|[from] item: Leftovers\n|upkeep\n|turn|38\n|\n|t:|1701034817\n|move|p2a: notZoroark|Haze|p2a: notZoroark\n|-clearallboost\n|move|p1a: Gastrodon|Ice Beam|p2a: notZoroark\n|-resisted|p2a: notZoroark\n|-damage|p2a: notZoroark|68\/100\n|\n|-heal|p2a: notZoroark|74\/100|[from] item: Leftovers\n|upkeep\n|turn|39\n|\n|t:|1701034823\n|move|p2a: notZoroark|Haze|p2a: notZoroark\n|-clearallboost\n|move|p1a: Gastrodon|Ice Beam|p2a: notZoroark\n|-resisted|p2a: notZoroark\n|-damage|p2a: notZoroark|67\/100\n|-status|p2a: notZoroark|frz\n|\n|-heal|p2a: notZoroark|73\/100 frz|[from] item: Leftovers\n|upkeep\n|turn|40\n|\n|t:|1701034831\n|cant|p2a: notZoroark|frz\n|move|p1a: Gastrodon|Earth Power|p2a: notZoroark\n|-damage|p2a: notZoroark|50\/100 frz\n|-unboost|p2a: notZoroark|spd|1\n|\n|-heal|p2a: notZoroark|57\/100 frz|[from] item: Leftovers\n|upkeep\n|turn|41\n|\n|t:|1701034839\n|switch|p2a: Notzoroark|Gliscor, M, shiny|65\/100 tox\n|move|p1a: Gastrodon|Earth Power|p2a: Notzoroark\n|-immune|p2a: Notzoroark\n|\n|-heal|p2a: Notzoroark|77\/100 tox|[from] ability: Poison Heal\n|upkeep\n|turn|42\n|\n|t:|1701034861\n|move|p2a: Notzoroark|Protect|p2a: Notzoroark\n|-singleturn|p2a: Notzoroark|Protect\n|move|p1a: Gastrodon|Ice Beam|p2a: Notzoroark\n|-activate|p2a: Notzoroark|move: Protect\n|\n|-heal|p2a: Notzoroark|90\/100 tox|[from] ability: Poison Heal\n|upkeep\n|turn|43\n|\n|t:|1701034868\n|switch|p2a: notZoroark|Milotic, M, shiny|57\/100 frz\n|move|p1a: Gastrodon|Ice Beam|p2a: notZoroark\n|-resisted|p2a: notZoroark\n|-crit|p2a: notZoroark\n|-damage|p2a: notZoroark|46\/100 frz\n|\n|-heal|p2a: notZoroark|52\/100 frz|[from] item: Leftovers\n|upkeep\n|turn|44\n|\n|t:|1701034878\n|-curestatus|p2a: notZoroark|frz|[msg]\n|move|p2a: notZoroark|Recover|p2a: notZoroark\n|-heal|p2a: notZoroark|100\/100\n|move|p1a: Gastrodon|Earth Power|p2a: notZoroark\n|-damage|p2a: notZoroark|80\/100\n|\n|-heal|p2a: notZoroark|86\/100|[from] item: Leftovers\n|upkeep\n|turn|45\n|\n|t:|1701034885\n|move|p2a: notZoroark|Haze|p2a: notZoroark\n|-clearallboost\n|move|p1a: Gastrodon|Ice Beam|p2a: notZoroark\n|-resisted|p2a: notZoroark\n|-damage|p2a: notZoroark|78\/100\n|\n|-heal|p2a: notZoroark|85\/100|[from] item: Leftovers\n|upkeep\n|turn|46\n|\n|t:|1701034895\n|move|p2a: notZoroark|Haze|p2a: notZoroark\n|-clearallboost\n|move|p1a: Gastrodon|Yawn|p2a: notZoroark\n|-start|p2a: notZoroark|move: Yawn|[of] p1a: Gastrodon\n|\n|-heal|p2a: notZoroark|91\/100|[from] item: Leftovers\n|upkeep\n|turn|47\n|\n|t:|1701034910\n|switch|p1a: Dipplin|Dipplin, M|79\/100\n|move|p2a: notZoroark|Haze|p2a: notZoroark\n|-clearallboost\n|\n|-heal|p2a: notZoroark|97\/100|[from] item: Leftovers\n|-end|p2a: notZoroark|move: Yawn|[silent]\n|-status|p2a: notZoroark|slp\n|upkeep\n|turn|48\n|\n|t:|1701034918\n|switch|p2a: NotZoroark|Heatran, F|96\/100\n|move|p1a: Dipplin|Energy Ball|p2a: NotZoroark\n|-resisted|p2a: NotZoroark\n|-damage|p2a: NotZoroark|87\/100\n|-unboost|p2a: NotZoroark|spd|1\n|\n|-heal|p2a: NotZoroark|93\/100|[from] item: Leftovers\n|upkeep\n|turn|49\n|\n|t:|1701034926\n|switch|p1a: Gastrodon|Gastrodon-East, M|87\/100\n|move|p2a: NotZoroark|Magma Storm|p1a: Gastrodon|[miss]\n|-miss|p2a: NotZoroark|p1a: Gastrodon\n|\n|-heal|p2a: NotZoroark|99\/100|[from] item: Leftovers\n|upkeep\n|turn|50\n|\n|t:|1701034932\n|switch|p2a: notZoroark|Milotic, M, shiny|97\/100 slp\n|move|p1a: Gastrodon|Earth Power|p2a: notZoroark\n|-damage|p2a: notZoroark|75\/100 slp\n|\n|-heal|p2a: notZoroark|81\/100 slp|[from] item: Leftovers\n|upkeep\n|turn|51\n|\n|t:|1701034940\n|cant|p2a: notZoroark|slp\n|move|p1a: Gastrodon|Earth Power|p2a: notZoroark\n|-damage|p2a: notZoroark|61\/100 slp\n|-unboost|p2a: notZoroark|spd|1\n|\n|-heal|p2a: notZoroark|67\/100 slp|[from] item: Leftovers\n|upkeep\n|turn|52\n|\n|t:|1701034950\n|switch|p1a: Annihilape|Annihilape, M|100\/100\n|-curestatus|p2a: notZoroark|slp|[msg]\n|move|p2a: notZoroark|Recover|p2a: notZoroark\n|-heal|p2a: notZoroark|100\/100\n|\n|upkeep\n|turn|53\n|\n|t:|1701034965\n|move|p1a: Annihilape|Rage Fist|p2a: notZoroark\n|-damage|p2a: notZoroark|80\/100\n|move|p2a: notZoroark|Scald|p1a: Annihilape\n|-damage|p1a: Annihilape|76\/100\n|\n|-heal|p2a: notZoroark|87\/100|[from] item: Leftovers\n|upkeep\n|turn|54\n|\n|t:|1701034970\n|switch|p2a: notZoroark|Milotic, M, shiny|1\/100\n|move|p1a: Annihilape|Rage Fist|p2a: notZoroark\n|-immune|p2a: notZoroark\n|\n|upkeep\n|turn|55\n|\n|t:|1701034977\n|move|p2a: notZoroark|Shadow Ball|p1a: Annihilape\n|-supereffective|p1a: Annihilape\n|-damage|p1a: Annihilape|1\/100\n|move|p1a: Annihilape|Drain Punch|p2a: notZoroark\n|-immune|p2a: notZoroark\n|\n|upkeep\n|turn|56\n|\n|t:|1701034985\n|move|p2a: notZoroark|Shadow Ball|p1a: Annihilape\n|-supereffective|p1a: Annihilape\n|-damage|p1a: Annihilape|0 fnt\n|faint|p1a: Annihilape\n|\n|upkeep\n|\n|t:|1701034989\n|switch|p1a: Dipplin|Dipplin, M|79\/100\n|turn|57\n|\n|t:|1701034991\n|move|p2a: notZoroark|U-turn|p1a: Dipplin\n|-supereffective|p1a: Dipplin\n|-damage|p1a: Dipplin|62\/100\n|\n|t:|1701034994\n|switch|p2a: NotZoroark|Heatran, F|99\/100|[from] U-turn\n|move|p1a: Dipplin|Energy Ball|p2a: NotZoroark\n|-resisted|p2a: NotZoroark\n|-damage|p2a: NotZoroark|91\/100\n|\n|-heal|p2a: NotZoroark|97\/100|[from] item: Leftovers\n|upkeep\n|turn|58\n|\n|t:|1701035001\n|move|p2a: NotZoroark|Magma Storm|p1a: Dipplin|[miss]\n|-miss|p2a: NotZoroark|p1a: Dipplin\n|move|p1a: Dipplin|Draco Meteor|p2a: NotZoroark\n|-resisted|p2a: NotZoroark\n|-damage|p2a: NotZoroark|70\/100\n|-unboost|p1a: Dipplin|spa|2\n|\n|-heal|p2a: NotZoroark|76\/100|[from] item: Leftovers\n|upkeep\n|turn|59\n|\n|t:|1701035006\n|switch|p1a: Gastrodon|Gastrodon-East, M|87\/100\n|move|p2a: NotZoroark|Magma Storm|p1a: Gastrodon\n|-resisted|p1a: Gastrodon\n|-damage|p1a: Gastrodon|67\/100\n|-activate|p1a: Gastrodon|move: Magma Storm|[of] p2a: NotZoroark\n|\n|-heal|p2a: NotZoroark|83\/100|[from] item: Leftovers\n|-damage|p1a: Gastrodon|54\/100|[from] move: Magma Storm|[partiallytrapped]\n|upkeep\n|turn|60\n|\n|t:|1701035011\n|switch|p2a: notZoroark|Milotic, M, shiny|87\/100\n|move|p1a: Gastrodon|Earth Power|p2a: notZoroark\n|-damage|p2a: notZoroark|65\/100\n|\n|-heal|p2a: notZoroark|71\/100|[from] item: Leftovers\n|-end|p1a: Gastrodon|Magma Storm|[partiallytrapped]|[silent]\n|upkeep\n|turn|61\n|\n|t:|1701035024\n|move|p2a: notZoroark|Haze|p2a: notZoroark\n|-clearallboost\n|move|p1a: Gastrodon|Yawn|p2a: notZoroark\n|-start|p2a: notZoroark|move: Yawn|[of] p1a: Gastrodon\n|\n|-heal|p2a: notZoroark|77\/100|[from] item: Leftovers\n|upkeep\n|turn|62\n|\n|t:|1701035038\n|move|p2a: notZoroark|Recover|p2a: notZoroark\n|-heal|p2a: notZoroark|100\/100\n|move|p1a: Gastrodon|Earth Power|p2a: notZoroark\n|-damage|p2a: notZoroark|80\/100\n|\n|-heal|p2a: notZoroark|87\/100|[from] item: Leftovers\n|-end|p2a: notZoroark|move: Yawn|[silent]\n|-status|p2a: notZoroark|slp\n|upkeep\n|turn|63\n|\n|t:|1701035058\n|switch|p1a: Dipplin|Dipplin, M|62\/100\n|cant|p2a: notZoroark|slp\n|\n|-heal|p2a: notZoroark|93\/100 slp|[from] item: Leftovers\n|upkeep\n|turn|64\n|\n|t:|1701035063\n|switch|p2a: NotZoroark|Heatran, F|83\/100\n|move|p1a: Dipplin|Draco Meteor|p2a: NotZoroark\n|-resisted|p2a: NotZoroark\n|-damage|p2a: NotZoroark|56\/100\n|-unboost|p1a: Dipplin|spa|2\n|\n|-heal|p2a: NotZoroark|62\/100|[from] item: Leftovers\n|upkeep\n|turn|65\n|\n|t:|1701035070\n|switch|p1a: Gastrodon|Gastrodon-East, M|54\/100\n|move|p2a: NotZoroark|Magma Storm|p1a: Gastrodon|[miss]\n|-miss|p2a: NotZoroark|p1a: Gastrodon\n|\n|-heal|p2a: NotZoroark|68\/100|[from] item: Leftovers\n|upkeep\n|turn|66\n|\n|t:|1701035086\n|switch|p2a: notZoroark|Milotic, M, shiny|93\/100 slp\n|move|p1a: Gastrodon|Earth Power|p2a: notZoroark\n|-damage|p2a: notZoroark|71\/100 slp\n|\n|-heal|p2a: notZoroark|77\/100 slp|[from] item: Leftovers\n|upkeep\n|turn|67\n|\n|t:|1701035093\n|switch|p1a: Dipplin|Dipplin, M|62\/100\n|cant|p2a: notZoroark|slp\n|\n|-heal|p2a: notZoroark|83\/100 slp|[from] item: Leftovers\n|upkeep\n|turn|68\n|\n|t:|1701035104\n|switch|p2a: NotZoroark|Heatran, F|68\/100\n|move|p1a: Dipplin|Draco Meteor|p2a: NotZoroark\n|-resisted|p2a: NotZoroark\n|-damage|p2a: NotZoroark|44\/100\n|-unboost|p1a: Dipplin|spa|2\n|\n|-heal|p2a: NotZoroark|50\/100|[from] item: Leftovers\n|upkeep\n|turn|69\n|\n|t:|1701035115\n|switch|p2a: notZoroark|Milotic, M, shiny|1\/100\n|switch|p1a: Gastrodon|Gastrodon-East, M|54\/100\n|\n|upkeep\n|turn|70\n|\n|t:|1701035118\n|move|p2a: notZoroark|Grass Knot|p1a: Gastrodon\n|-supereffective|p1a: Gastrodon\n|-damage|p1a: Gastrodon|0 fnt\n|faint|p1a: Gastrodon\n|\n|upkeep\n|\n|t:|1701035121\n|switch|p1a: Dipplin|Dipplin, M|62\/100\n|turn|71\n|\n|t:|1701035123\n|move|p2a: notZoroark|U-turn|p1a: Dipplin\n|-supereffective|p1a: Dipplin\n|-damage|p1a: Dipplin|45\/100\n|\n|t:|1701035127\n|switch|p2a: NotZoroark|Heatran, F|50\/100|[from] U-turn\n|move|p1a: Dipplin|Energy Ball|p2a: NotZoroark\n|-resisted|p2a: NotZoroark\n|-damage|p2a: NotZoroark|41\/100\n|\n|-heal|p2a: NotZoroark|48\/100|[from] item: Leftovers\n|upkeep\n|turn|72\n|\n|t:|1701035130\n|move|p2a: NotZoroark|Magma Storm|p1a: Dipplin\n|-damage|p1a: Dipplin|0 fnt\n|faint|p1a: Dipplin\n|\n|win|Tatertank\n|l|\u2606LordChampaGaming\n","uploadtime":1701035158,"views":24,"p1id":"lordchampagaming","p2id":"tatertank","formatid":"gen9ubers","rating":0,"private":0,"password":""}