{"id":"gen9ubers-1990110493","p1":"Yce_Lord","p2":"bryansoh12","format":"[Gen 9] Ubers","log":"|j|\u2606Yce_Lord\n|j|\u2606bryansoh12\n|t:|1699925648\n|gametype|singles\n|player|p1|Yce_Lord|brycen|1154\n|player|p2|bryansoh12|102|1240\n|teamsize|p1|6\n|teamsize|p2|6\n|gen|9\n|tier|[Gen 9] Ubers\n|rated|\n|rule|Sleep Clause Mod: Limit one foe put to sleep\n|rule|Species Clause: Limit one of each Pok\u00e9mon\n|rule|OHKO Clause: OHKO moves are banned\n|rule|Evasion Items Clause: Evasion items are banned\n|rule|Evasion Moves Clause: Evasion moves are banned\n|rule|Endless Battle Clause: Forcing endless battles is banned\n|rule|HP Percentage Mod: HP is shown in percentages\n|clearpoke\n|poke|p1|Iron Bundle|\n|poke|p1|Roaring Moon|\n|poke|p1|Flutter Mane|\n|poke|p1|Ogerpon-Hearthflame, F|\n|poke|p1|Gliscor, F|\n|poke|p1|Zacian-*|\n|poke|p2|Wo-Chien|\n|poke|p2|Salamence, F|\n|poke|p2|Eternatus|\n|poke|p2|Magearna|\n|poke|p2|Sableye, F|\n|poke|p2|Cloyster, F|\n|teampreview\n|inactive|Battle timer is ON: inactive players will automatically lose when time's up. (requested by Yce_Lord)\n|\n|t:|1699925655\n|start\n|switch|p1a: Gliscor|Gliscor, F|100\/100\n|switch|p2a: Sableye|Sableye, F|100\/100\n|turn|1\n|\n|t:|1699925662\n|move|p2a: Sableye|Will-O-Wisp|p1a: Gliscor\n|-status|p1a: Gliscor|brn\n|move|p1a: Gliscor|Toxic|p2a: Sableye\n|-status|p2a: Sableye|tox\n|\n|-damage|p2a: Sableye|94\/100 tox|[from] psn\n|-damage|p1a: Gliscor|94\/100 brn|[from] brn\n|upkeep\n|turn|2\n|\n|t:|1699925673\n|move|p2a: Sableye|Reflect|p2a: Sableye\n|-sidestart|p2: bryansoh12|Reflect\n|move|p1a: Gliscor|Stealth Rock|p2a: Sableye\n|-sidestart|p2: bryansoh12|move: Stealth Rock\n|\n|-damage|p2a: Sableye|82\/100 tox|[from] psn\n|-damage|p1a: Gliscor|88\/100 brn|[from] brn\n|upkeep\n|turn|3\n|\n|t:|1699925682\n|move|p2a: Sableye|Light Screen|p2a: Sableye\n|-sidestart|p2: bryansoh12|move: Light Screen\n|move|p1a: Gliscor|Earthquake|p2a: Sableye\n|-damage|p2a: Sableye|67\/100 tox\n|\n|-damage|p2a: Sableye|48\/100 tox|[from] psn\n|-damage|p1a: Gliscor|82\/100 brn|[from] brn\n|upkeep\n|turn|4\n|\n|t:|1699925686\n|switch|p2a: Magearna|Magearna|100\/100\n|-damage|p2a: Magearna|94\/100|[from] Stealth Rock\n|move|p1a: Gliscor|Earthquake|p2a: Magearna\n|-supereffective|p2a: Magearna\n|-damage|p2a: Magearna|78\/100\n|-enditem|p2a: Magearna|Weakness Policy\n|-boost|p2a: Magearna|atk|2|[from] item: Weakness Policy\n|-boost|p2a: Magearna|spa|2|[from] item: Weakness Policy\n|\n|-damage|p1a: Gliscor|76\/100 brn|[from] brn\n|upkeep\n|turn|5\n|\n|t:|1699925698\n|move|p1a: Gliscor|U-turn|p2a: Magearna\n|-resisted|p2a: Magearna\n|-damage|p2a: Magearna|77\/100\n|\n|t:|1699925701\n|switch|p1a: Roaring Moon|Roaring Moon|100\/100|[from] U-turn\n|-enditem|p1a: Roaring Moon|Booster Energy\n|-activate|p1a: Roaring Moon|ability: Protosynthesis|[fromitem]\n|-start|p1a: Roaring Moon|protosynthesisspe\n|move|p2a: Magearna|Shift Gear|p2a: Magearna\n|-boost|p2a: Magearna|spe|2\n|-boost|p2a: Magearna|atk|1\n|\n|upkeep\n|turn|6\n|\n|t:|1699925714\n|-terastallize|p1a: Roaring Moon|Flying\n|move|p1a: Roaring Moon|Earthquake|p2a: Magearna\n|-supereffective|p2a: Magearna\n|-damage|p2a: Magearna|49\/100\n|move|p2a: Magearna|Shift Gear|p2a: Magearna\n|-boost|p2a: Magearna|spe|2\n|-boost|p2a: Magearna|atk|1\n|\n|upkeep\n|turn|7\n|\n|t:|1699925726\n|move|p2a: Magearna|Stored Power|p1a: Roaring Moon\n|-damage|p1a: Roaring Moon|0 fnt\n|faint|p1a: Roaring Moon\n|-ability|p2a: Magearna|Soul-Heart|boost\n|-boost|p2a: Magearna|spa|1\n|-end|p1a: Roaring Moon|Protosynthesis|[silent]\n|\n|upkeep\n|\n|t:|1699925736\n|switch|p1a: Zacian|Zacian-Crowned|100\/100\n|-ability|p1a: Zacian|Intrepid Sword|boost\n|-boost|p1a: Zacian|atk|1\n|turn|8\n|\n|t:|1699925742\n|move|p2a: Magearna|Stored Power|p1a: Zacian\n|-resisted|p1a: Zacian\n|-damage|p1a: Zacian|6\/100\n|move|p1a: Zacian|Behemoth Blade|p2a: Magearna\n|-damage|p2a: Magearna|12\/100\n|\n|upkeep\n|turn|9\n|\n|t:|1699925753\n|move|p2a: Magearna|Draining Kiss|p1a: Zacian\n|-resisted|p1a: Zacian\n|-damage|p1a: Zacian|0 fnt\n|-heal|p2a: Magearna|16\/100|[from] drain|[of] p1a: Zacian\n|faint|p1a: Zacian\n|-ability|p2a: Magearna|Soul-Heart|boost\n|-boost|p2a: Magearna|spa|1\n|\n|-sideend|p2: bryansoh12|Reflect\n|upkeep\n|\n|t:|1699925757\n|switch|p1a: Iron Bundle|Iron Bundle|100\/100\n|-enditem|p1a: Iron Bundle|Booster Energy\n|-activate|p1a: Iron Bundle|ability: Quark Drive|[fromitem]\n|-start|p1a: Iron Bundle|quarkdrivespe\n|turn|10\n|\n|t:|1699925767\n|move|p1a: Iron Bundle|Encore|p2a: Magearna\n|-start|p2a: Magearna|Encore\n|move|p2a: Magearna|Draining Kiss|p1a: Iron Bundle\n|-damage|p1a: Iron Bundle|0 fnt\n|-heal|p2a: Magearna|68\/100|[from] drain|[of] p1a: Iron Bundle\n|faint|p1a: Iron Bundle\n|-ability|p2a: Magearna|Soul-Heart|boost\n|-boost|p2a: Magearna|spa|1\n|-end|p1a: Iron Bundle|Quark Drive|[silent]\n|\n|-sideend|p2: bryansoh12|move: Light Screen\n|upkeep\n|\n|t:|1699925771\n|switch|p1a: Ogerpon|Ogerpon-Hearthflame, F|100\/100\n|-ability|p1a: Ogerpon|Mold Breaker\n|turn|11\n|\n|t:|1699925780\n|move|p2a: Magearna|Draining Kiss|p1a: Ogerpon\n|-resisted|p1a: Ogerpon\n|-damage|p1a: Ogerpon|45\/100\n|-heal|p2a: Magearna|100\/100|[from] drain|[of] p1a: Ogerpon\n|move|p1a: Ogerpon|Ivy Cudgel|p2a: Magearna\n|-supereffective|p2a: Magearna\n|-damage|p2a: Magearna|11\/100\n|\n|upkeep\n|turn|12\n|\n|t:|1699925788\n|move|p2a: Magearna|Draining Kiss|p1a: Ogerpon\n|-resisted|p1a: Ogerpon\n|-damage|p1a: Ogerpon|0 fnt\n|-heal|p2a: Magearna|39\/100|[from] drain|[of] p1a: Ogerpon\n|faint|p1a: Ogerpon\n|-ability|p2a: Magearna|Soul-Heart|boost\n|-boost|p2a: Magearna|spa|1\n|\n|-end|p2a: Magearna|Encore\n|upkeep\n|\n|t:|1699925791\n|switch|p1a: Flutter Mane|Flutter Mane|100\/100\n|-enditem|p1a: Flutter Mane|Booster Energy\n|-activate|p1a: Flutter Mane|ability: Protosynthesis|[fromitem]\n|-start|p1a: Flutter Mane|protosynthesisspe\n|turn|13\n|\n|t:|1699925799\n|move|p1a: Flutter Mane|Mystical Fire|p2a: Magearna\n|-supereffective|p2a: Magearna\n|-damage|p2a: Magearna|0 fnt\n|faint|p2a: Magearna\n|\n|upkeep\n|\n|t:|1699925811\n|switch|p2a: Wo-Chien|Wo-Chien|100\/100\n|-damage|p2a: Wo-Chien|88\/100|[from] Stealth Rock\n|-ability|p2a: Wo-Chien|Tablets of Ruin\n|turn|14\n|\n|t:|1699925818\n|move|p1a: Flutter Mane|Moonblast|p2a: Wo-Chien\n|-supereffective|p2a: Wo-Chien\n|-damage|p2a: Wo-Chien|32\/100\n|move|p2a: Wo-Chien|Stun Spore|p1a: Flutter Mane\n|-status|p1a: Flutter Mane|par\n|\n|-heal|p2a: Wo-Chien|38\/100|[from] item: Leftovers\n|upkeep\n|turn|15\n|\n|t:|1699925825\n|move|p1a: Flutter Mane|Moonblast|p2a: Wo-Chien\n|-supereffective|p2a: Wo-Chien\n|-damage|p2a: Wo-Chien|0 fnt\n|faint|p2a: Wo-Chien\n|\n|upkeep\n|j| kdsakdksa\n|\n|t:|1699925831\n|switch|p2a: Sableye|Sableye, F|48\/100 tox\n|-damage|p2a: Sableye|36\/100 tox|[from] Stealth Rock\n|turn|16\n|\n|t:|1699925836\n|move|p2a: Sableye|Light Screen|p2a: Sableye\n|-sidestart|p2: bryansoh12|move: Light Screen\n|cant|p1a: Flutter Mane|par\n|\n|-damage|p2a: Sableye|30\/100 tox|[from] psn\n|upkeep\n|turn|17\n|\n|t:|1699925840\n|move|p2a: Sableye|Reflect|p2a: Sableye\n|-sidestart|p2: bryansoh12|Reflect\n|cant|p1a: Flutter Mane|par\n|\n|-damage|p2a: Sableye|17\/100 tox|[from] psn\n|upkeep\n|turn|18\n|l| kdsakdksa\n|\n|t:|1699925852\n|move|p2a: Sableye|Light Screen||[still]\n|-fail|p2a: Sableye\n|cant|p1a: Flutter Mane|par\n|\n|-damage|p2a: Sableye|0 fnt|[from] psn\n|faint|p2a: Sableye\n|upkeep\n|\n|t:|1699925854\n|switch|p2a: Eternatus|Eternatus|100\/100\n|-damage|p2a: Eternatus|88\/100|[from] Stealth Rock\n|-ability|p2a: Eternatus|Pressure\n|turn|19\n|\n|t:|1699925859\n|move|p2a: Eternatus|Cosmic Power|p2a: Eternatus\n|-boost|p2a: Eternatus|def|1\n|-boost|p2a: Eternatus|spd|1\n|cant|p1a: Flutter Mane|par\n|\n|-heal|p2a: Eternatus|94\/100|[from] item: Black Sludge\n|upkeep\n|turn|20\n|\n|t:|1699925861\n|move|p2a: Eternatus|Cosmic Power|p2a: Eternatus\n|-boost|p2a: Eternatus|def|1\n|-boost|p2a: Eternatus|spd|1\n|move|p1a: Flutter Mane|Moonblast|p2a: Eternatus\n|-crit|p2a: Eternatus\n|-damage|p2a: Eternatus|36\/100\n|\n|-heal|p2a: Eternatus|42\/100|[from] item: Black Sludge\n|upkeep\n|turn|21\n|\n|t:|1699925864\n|move|p2a: Eternatus|Recover|p2a: Eternatus\n|-heal|p2a: Eternatus|92\/100\n|move|p1a: Flutter Mane|Moonblast|p2a: Eternatus\n|-damage|p2a: Eternatus|82\/100\n|\n|-heal|p2a: Eternatus|88\/100|[from] item: Black Sludge\n|upkeep\n|turn|22\n|\n|t:|1699925878\n|move|p2a: Eternatus|Cosmic Power|p2a: Eternatus\n|-boost|p2a: Eternatus|def|1\n|-boost|p2a: Eternatus|spd|1\n|move|p1a: Flutter Mane|Moonblast|p2a: Eternatus\n|-damage|p2a: Eternatus|80\/100\n|-unboost|p2a: Eternatus|spa|1\n|\n|-heal|p2a: Eternatus|86\/100|[from] item: Black Sludge\n|upkeep\n|turn|23\n|\n|t:|1699925885\n|move|p2a: Eternatus|Cosmic Power|p2a: Eternatus\n|-boost|p2a: Eternatus|def|1\n|-boost|p2a: Eternatus|spd|1\n|move|p1a: Flutter Mane|Mystical Fire|p2a: Eternatus\n|-resisted|p2a: Eternatus\n|-damage|p2a: Eternatus|85\/100\n|-unboost|p2a: Eternatus|spa|1\n|\n|-heal|p2a: Eternatus|91\/100|[from] item: Black Sludge\n|-sideend|p2: bryansoh12|move: Light Screen\n|upkeep\n|turn|24\n|\n|t:|1699925888\n|move|p2a: Eternatus|Cosmic Power|p2a: Eternatus\n|-boost|p2a: Eternatus|def|1\n|-boost|p2a: Eternatus|spd|1\n|move|p1a: Flutter Mane|Mystical Fire|p2a: Eternatus\n|-resisted|p2a: Eternatus\n|-damage|p2a: Eternatus|88\/100\n|-unboost|p2a: Eternatus|spa|1\n|\n|-heal|p2a: Eternatus|95\/100|[from] item: Black Sludge\n|-sideend|p2: bryansoh12|Reflect\n|upkeep\n|turn|25\n|\n|t:|1699925891\n|move|p2a: Eternatus|Cosmic Power|p2a: Eternatus\n|-boost|p2a: Eternatus|def|1\n|-boost|p2a: Eternatus|spd|1\n|move|p1a: Flutter Mane|Mystical Fire|p2a: Eternatus\n|-resisted|p2a: Eternatus\n|-damage|p2a: Eternatus|92\/100\n|-unboost|p2a: Eternatus|spa|1\n|\n|-heal|p2a: Eternatus|98\/100|[from] item: Black Sludge\n|upkeep\n|turn|26\n|\n|t:|1699925894\n|move|p2a: Eternatus|Flamethrower|p1a: Flutter Mane\n|-damage|p1a: Flutter Mane|90\/100 par\n|move|p1a: Flutter Mane|Calm Mind|p1a: Flutter Mane\n|-boost|p1a: Flutter Mane|spa|1\n|-boost|p1a: Flutter Mane|spd|1\n|\n|-heal|p2a: Eternatus|100\/100|[from] item: Black Sludge\n|upkeep\n|turn|27\n|\n|t:|1699925904\n|move|p2a: Eternatus|Flamethrower|p1a: Flutter Mane\n|-damage|p1a: Flutter Mane|84\/100 par\n|move|p1a: Flutter Mane|Calm Mind|p1a: Flutter Mane\n|-boost|p1a: Flutter Mane|spa|1\n|-boost|p1a: Flutter Mane|spd|1\n|\n|upkeep\n|turn|28\n|\n|t:|1699925911\n|move|p2a: Eternatus|Flamethrower|p1a: Flutter Mane\n|-damage|p1a: Flutter Mane|79\/100 par\n|move|p1a: Flutter Mane|Calm Mind|p1a: Flutter Mane\n|-boost|p1a: Flutter Mane|spa|1\n|-boost|p1a: Flutter Mane|spd|1\n|\n|upkeep\n|turn|29\n|\n|t:|1699925918\n|move|p2a: Eternatus|Flamethrower|p1a: Flutter Mane\n|-damage|p1a: Flutter Mane|75\/100 par\n|move|p1a: Flutter Mane|Calm Mind|p1a: Flutter Mane\n|-boost|p1a: Flutter Mane|spa|1\n|-boost|p1a: Flutter Mane|spd|1\n|\n|upkeep\n|turn|30\n|\n|t:|1699925924\n|move|p2a: Eternatus|Flamethrower|p1a: Flutter Mane\n|-damage|p1a: Flutter Mane|71\/100 par\n|move|p1a: Flutter Mane|Calm Mind|p1a: Flutter Mane\n|-boost|p1a: Flutter Mane|spa|1\n|-boost|p1a: Flutter Mane|spd|1\n|\n|upkeep\n|turn|31\n|\n|t:|1699925933\n|move|p2a: Eternatus|Flamethrower|p1a: Flutter Mane\n|-damage|p1a: Flutter Mane|67\/100 par\n|cant|p1a: Flutter Mane|par\n|\n|upkeep\n|turn|32\n|\n|t:|1699925941\n|move|p2a: Eternatus|Flamethrower|p1a: Flutter Mane\n|-damage|p1a: Flutter Mane|64\/100 par\n|cant|p1a: Flutter Mane|par\n|\n|upkeep\n|turn|33\n|\n|t:|1699925948\n|move|p2a: Eternatus|Flamethrower|p1a: Flutter Mane\n|-damage|p1a: Flutter Mane|61\/100 par\n|move|p1a: Flutter Mane|Calm Mind|p1a: Flutter Mane\n|-boost|p1a: Flutter Mane|spa|1\n|-boost|p1a: Flutter Mane|spd|1\n|\n|upkeep\n|turn|34\n|\n|t:|1699925953\n|move|p2a: Eternatus|Flamethrower|p1a: Flutter Mane\n|-damage|p1a: Flutter Mane|58\/100 par\n|move|p1a: Flutter Mane|Moonblast|p2a: Eternatus\n|-crit|p2a: Eternatus\n|-damage|p2a: Eternatus|0 fnt\n|faint|p2a: Eternatus\n|\n|upkeep\n|\n|t:|1699925968\n|switch|p2a: Salamence|Salamence, F|100\/100\n|-damage|p2a: Salamence|76\/100|[from] Stealth Rock\n|turn|35\n|\n|t:|1699925974\n|move|p1a: Flutter Mane|Moonblast|p2a: Salamence\n|-supereffective|p2a: Salamence\n|-damage|p2a: Salamence|0 fnt\n|faint|p2a: Salamence\n|\n|upkeep\n|c|\u2606bryansoh12|wtf\n|\n|t:|1699925980\n|switch|p2a: Cloyster|Cloyster, F|100\/100\n|-damage|p2a: Cloyster|76\/100|[from] Stealth Rock\n|turn|36\n|\n|t:|1699925986\n|move|p1a: Flutter Mane|Moonblast|p2a: Cloyster\n|-damage|p2a: Cloyster|0 fnt\n|faint|p2a: Cloyster\n|\n|win|Yce_Lord\n|raw|Yce_Lord's rating: 1154 &rarr; <strong>1185<\/strong><br \/>(+31 for winning)\n|raw|bryansoh12's rating: 1240 &rarr; <strong>1209<\/strong><br \/>(-31 for losing)\n","uploadtime":1699925991,"views":5,"p1id":"ycelord","p2id":"bryansoh12","formatid":"gen9ubers","rating":1185,"private":0,"password":""}