{"id":"gen9ubers-1989021384","p1":"Ryuji","p2":"CaptainEikichi","format":"[Gen 9] Ubers","log":"|j|\u2606Ryuji\n|j|\u2606CaptainEikichi\n|t:|1699803178\n|gametype|singles\n|player|p1|Ryuji|#ndpliiigalarianphoenix|\n|player|p2|CaptainEikichi|170|\n|teamsize|p1|6\n|teamsize|p2|6\n|gen|9\n|tier|[Gen 9] Ubers\n|rule|Sleep Clause Mod: Limit one foe put to sleep\n|rule|Species Clause: Limit one of each Pok\u00e9mon\n|rule|OHKO Clause: OHKO moves are banned\n|rule|Evasion Items Clause: Evasion items are banned\n|rule|Evasion Moves Clause: Evasion moves are banned\n|rule|Endless Battle Clause: Forcing endless battles is banned\n|rule|HP Percentage Mod: HP is shown in percentages\n|clearpoke\n|poke|p1|Dragapult, F|\n|poke|p1|Garganacl, M|\n|poke|p1|Amoonguss, M|\n|poke|p1|Great Tusk|\n|poke|p1|Mandibuzz, F|\n|poke|p1|Cinderace, F|\n|poke|p2|Volcanion|\n|poke|p2|Gholdengo|\n|poke|p2|Gliscor, F|\n|poke|p2|Dragapult, M|\n|poke|p2|Ting-Lu|\n|poke|p2|Iron Valiant|\n|teampreview\n|l|\u2606CaptainEikichi\n|player|p2|\n|j|\u2606CaptainEikichi\n|player|p2|CaptainEikichi|brock\n|c|\u2606Ryuji|hf\n|c|\u2606Ryuji|You are no longer forcing the room to stay private, but captaineikichi also needs to use \/publicroom to make the room public.\n|c|\u2606CaptainEikichi|\/log CaptainEikichi made this room public.\n|j| Zoyotte\n|j| BlessyZ\n|j| marsicans\n|j| Akalli\n|j| LLLiolae\n|c|\u2606CaptainEikichi|hf\n|j| RoiDadadou\n|l| Akalli\n|j| CaroOui\n|j| GeeMick\n|j| ChaFouu\n|j| NHelioX7\n|j| PZ Gang\n|j| Astreau\n|j| Rarelyme\n|j| Hats\n|j| Zsynaps\n|j| PepeDuce\n|l| Zsynaps\n|c| Zoyotte|mdrr riouji qui au lieu de dire met en publique d\u00e9cide de c\/c le msg\n|c| Zoyotte|sadge...\n|j| Agammemnon\n|l| marsicans\n|j| Hyper bol\n|\n|t:|1699803318\n|start\n|switch|p1a: Cinderace|Cinderace, F|100\/100\n|switch|p2a: Gliscor|Gliscor, F|100\/100\n|turn|1\n|j| Extinct\n|\n|t:|1699803326\n|move|p2a: Gliscor|Protect|p2a: Gliscor\n|-singleturn|p2a: Gliscor|Protect\n|move|p1a: Cinderace|Will-O-Wisp|p2a: Gliscor\n|-activate|p2a: Gliscor|move: Protect\n|\n|-status|p2a: Gliscor|tox|[from] item: Toxic Orb\n|upkeep\n|turn|2\n|c| CaroOui|ubers mais pas trop\n|l| Astreau\n|\n|t:|1699803342\n|move|p1a: Cinderace|U-turn|p2a: Gliscor\n|-resisted|p2a: Gliscor\n|-crit|p2a: Gliscor\n|-damage|p2a: Gliscor|92\/100 tox\n|\n|t:|1699803345\n|switch|p1a: Amoonguss|Amoonguss, M|100\/100|[from] U-turn\n|move|p2a: Gliscor|Earthquake|p1a: Amoonguss\n|-crit|p1a: Amoonguss\n|-damage|p1a: Amoonguss|63\/100\n|-enditem|p1a: Amoonguss|Red Card|[of] p2a: Gliscor\n|drag|p2a: Volcanion|Volcanion|100\/100\n|\n|upkeep\n|turn|3\n|j| boy of miracles\n|j| ekoi\n|j| bougman28\n|j| SITUMSNTABOURET\n|l| CaroOui\n|j| Wait2Seconds\n|j| El jabar\n|l| El jabar\n|l| ekoi\n|j| Herv Zero to Hero\n|j| El jabar\n|\n|t:|1699803398\n|switch|p1a: Dragapult|Dragapult, F|100\/100\n|move|p2a: Volcanion|Flamethrower|p1a: Dragapult\n|-resisted|p1a: Dragapult\n|-damage|p1a: Dragapult|69\/100\n|\n|upkeep\n|turn|4\n|l| El jabar\n|j| GO RYUJI\n|c| Hyper bol|c'est juste qu'il y a gliscor CaroOui\n|l| GO RYUJI\n|j| El jabar\n|\n|t:|1699803419\n|switch|p2a: Ting-Lu|Ting-Lu|100\/100\n|-ability|p2a: Ting-Lu|Vessel of Ruin\n|move|p1a: Dragapult|Draco Meteor|p2a: Ting-Lu\n|-damage|p2a: Ting-Lu|79\/100\n|-unboost|p1a: Dragapult|spa|2\n|\n|-heal|p2a: Ting-Lu|85\/100|[from] item: Leftovers\n|upkeep\n|turn|5\n|l| El jabar\n|\n|t:|1699803437\n|move|p1a: Dragapult|Will-O-Wisp|p2a: Ting-Lu\n|-status|p2a: Ting-Lu|brn\n|move|p2a: Ting-Lu|Stealth Rock|p1a: Dragapult\n|-sidestart|p1: Ryuji|move: Stealth Rock\n|\n|-heal|p2a: Ting-Lu|91\/100 brn|[from] item: Leftovers\n|-damage|p2a: Ting-Lu|85\/100 brn|[from] brn\n|upkeep\n|turn|6\n|j| El jabar\n|j| Kabilapok ?_?\n|\n|t:|1699803449\n|move|p1a: Dragapult|U-turn|p2a: Ting-Lu\n|-supereffective|p2a: Ting-Lu\n|-damage|p2a: Ting-Lu|67\/100 brn\n|\n|t:|1699803452\n|switch|p1a: Great Tusk|Great Tusk|100\/100|[from] U-turn\n|move|p2a: Ting-Lu|Earthquake|p1a: Great Tusk\n|-damage|p1a: Great Tusk|86\/100\n|\n|-heal|p2a: Ting-Lu|73\/100 brn|[from] item: Leftovers\n|-damage|p2a: Ting-Lu|67\/100 brn|[from] brn\n|upkeep\n|turn|7\n|j| Mimilucha\n|j|+Le Dieun \u2764 notor\n|\n|t:|1699803495\n|switch|p2a: Gliscor|Gliscor, F|92\/100 tox\n|move|p1a: Great Tusk|Ice Spinner|p2a: Gliscor\n|-supereffective|p2a: Gliscor\n|-damage|p2a: Gliscor|25\/100 tox\n|\n|-heal|p2a: Gliscor|37\/100 tox|[from] ability: Poison Heal\n|upkeep\n|turn|8\n|j| Astreau\n|l| Astreau\n|l| El jabar\n|j| Don Colombus\n|\n|t:|1699803525\n|move|p2a: Gliscor|Protect|p2a: Gliscor\n|-singleturn|p2a: Gliscor|Protect\n|move|p1a: Great Tusk|Stealth Rock|p2a: Gliscor\n|-sidestart|p2: CaptainEikichi|move: Stealth Rock\n|\n|-heal|p2a: Gliscor|49\/100 tox|[from] ability: Poison Heal\n|upkeep\n|turn|9\n|j| El jabar\n|l| Hats\n|l| El jabar\n|\n|t:|1699803558\n|-terastallize|p2a: Gliscor|Water\n|move|p1a: Great Tusk|Ice Spinner|p2a: Gliscor\n|-resisted|p2a: Gliscor\n|-damage|p2a: Gliscor|41\/100 tox\n|move|p2a: Gliscor|Toxic|p1a: Great Tusk\n|-status|p1a: Great Tusk|tox\n|\n|-damage|p1a: Great Tusk|80\/100 tox|[from] psn\n|-heal|p2a: Gliscor|54\/100 tox|[from] ability: Poison Heal\n|upkeep\n|turn|10\n|j| DrTennantGOAT\n|\n|t:|1699803584\n|-end|p1a: Great Tusk|Protosynthesis|[silent]\n|switch|p1a: Amoonguss|Amoonguss, M|96\/100\n|-damage|p1a: Amoonguss|84\/100|[from] Stealth Rock\n|move|p2a: Gliscor|Earthquake|p1a: Amoonguss\n|-damage|p1a: Amoonguss|57\/100\n|\n|-heal|p2a: Gliscor|66\/100 tox|[from] ability: Poison Heal\n|upkeep\n|turn|11\n|j| El jabar\n|\n|t:|1699803595\n|switch|p1a: Cinderace|Cinderace, F|100\/100\n|move|p2a: Gliscor|Protect||[still]\n|-fail|p2a: Gliscor\n|\n|-heal|p2a: Gliscor|79\/100 tox|[from] ability: Poison Heal\n|upkeep\n|turn|12\n|\n|t:|1699803599\n|move|p1a: Cinderace|U-turn|p2a: Gliscor\n|-damage|p2a: Gliscor|67\/100 tox\n|\n|t:|1699803601\n|switch|p1a: Amoonguss|Amoonguss, M|91\/100|[from] U-turn\n|-damage|p1a: Amoonguss|78\/100|[from] Stealth Rock\n|move|p2a: Gliscor|Earthquake|p1a: Amoonguss\n|-crit|p1a: Amoonguss\n|-damage|p1a: Amoonguss|40\/100\n|\n|-heal|p2a: Gliscor|79\/100 tox|[from] ability: Poison Heal\n|upkeep\n|turn|13\n|l| El jabar\n|\n|t:|1699803614\n|switch|p2a: Gholdengo|Gholdengo|100\/100\n|-damage|p2a: Gholdengo|94\/100|[from] Stealth Rock\n|move|p1a: Amoonguss|Giga Drain|p2a: Gholdengo\n|-resisted|p2a: Gholdengo\n|-crit|p2a: Gholdengo\n|-damage|p2a: Gholdengo|73\/100\n|-heal|p1a: Amoonguss|48\/100|[from] drain|[of] p2a: Gholdengo\n|\n|upkeep\n|turn|14\n|j|+Lyna \u6c37\n|\n|t:|1699803641\n|switch|p1a: Mandibuzz|Mandibuzz, F|100\/100\n|move|p2a: Gholdengo|Make It Rain|p1a: Mandibuzz\n|-damage|p1a: Mandibuzz|51\/100\n|-unboost|p2a: Gholdengo|spa|1\n|\n|upkeep\n|turn|15\n|j| El jabar\n|j| CaroOui\n|l| CaroOui\n|l| El jabar\n|j|+Leftiez\n|\n|t:|1699803678\n|switch|p2a: Iron Valiant|Iron Valiant|100\/100\n|move|p1a: Mandibuzz|Roost|p1a: Mandibuzz\n|-heal|p1a: Mandibuzz|100\/100\n|-singleturn|p1a: Mandibuzz|move: Roost\n|\n|upkeep\n|turn|16\n|\n|t:|1699803684\n|-end|p2a: Iron Valiant|Quark Drive|[silent]\n|switch|p2a: Volcanion|Volcanion|100\/100\n|switch|p1a: Amoonguss|Amoonguss, M|81\/100\n|-damage|p1a: Amoonguss|68\/100|[from] Stealth Rock\n|\n|upkeep\n|turn|17\n|j| julito du 134\n|\n|t:|1699803702\n|switch|p1a: Dragapult|Dragapult, F|69\/100\n|move|p2a: Volcanion|Flamethrower|p1a: Dragapult\n|-resisted|p1a: Dragapult\n|-damage|p1a: Dragapult|40\/100\n|\n|upkeep\n|turn|18\n|j| El jabar\n|l| El jabar\n|j| El jabar\n|j| Astreau\n|l| El jabar\n|j| tf\n|j| RichardMillePlain\n|\n|t:|1699803759\n|switch|p2a: Ting-Lu|Ting-Lu|67\/100 brn\n|-damage|p2a: Ting-Lu|61\/100 brn|[from] Stealth Rock\n|-ability|p2a: Ting-Lu|Vessel of Ruin\n|move|p1a: Dragapult|Draco Meteor|p2a: Ting-Lu\n|-damage|p2a: Ting-Lu|35\/100 brn\n|-unboost|p1a: Dragapult|spa|2\n|\n|-heal|p2a: Ting-Lu|41\/100 brn|[from] item: Leftovers\n|-damage|p2a: Ting-Lu|35\/100 brn|[from] brn\n|upkeep\n|turn|19\n|l| BlessyZ\n|l| LLLiolae\n|\n|t:|1699803791\n|move|p1a: Dragapult|U-turn|p2a: Ting-Lu\n|-supereffective|p2a: Ting-Lu\n|-damage|p2a: Ting-Lu|15\/100 brn\n|j| bede's home\n|j| El jabar\n|\n|t:|1699803797\n|switch|p1a: Great Tusk|Great Tusk|80\/100 tox|[from] U-turn\n|move|p2a: Ting-Lu|Ruination|p1a: Great Tusk\n|-damage|p1a: Great Tusk|40\/100 tox\n|\n|-heal|p2a: Ting-Lu|21\/100 brn|[from] item: Leftovers\n|-damage|p1a: Great Tusk|34\/100 tox|[from] psn\n|-damage|p2a: Ting-Lu|15\/100 brn|[from] brn\n|upkeep\n|turn|20\n|l| Hyper bol\n|l| El jabar\n|j| El jabar\n|j| Acura RL\n|j| LLLiolae\n|j|@Clementine\n|j| ombrarch\n|j| FFK Foufakirby\n|j| Oya\/semort\n|\n|t:|1699803872\n|move|p1a: Great Tusk|Headlong Rush|p2a: Ting-Lu\n|-damage|p2a: Ting-Lu|0 fnt\n|-unboost|p1a: Great Tusk|def|1\n|-unboost|p1a: Great Tusk|spd|1\n|faint|p2a: Ting-Lu\n|\n|-damage|p1a: Great Tusk|22\/100 tox|[from] psn\n|upkeep\n|l| GeeMick\n|\n|t:|1699803906\n|switch|p2a: Dragapult|Dragapult, M|100\/100\n|turn|21\n|\n|t:|1699803918\n|-end|p1a: Great Tusk|Protosynthesis|[silent]\n|switch|p1a: Garganacl|Garganacl, M|100\/100\n|-damage|p1a: Garganacl|88\/100|[from] Stealth Rock\n|move|p2a: Dragapult|Dragon Darts|p1a: Garganacl\n|-damage|p1a: Garganacl|75\/100\n|-anim|p2a: Dragapult|Dragon Darts|p1a: Garganacl\n|-damage|p1a: Garganacl|60\/100\n|\n|-heal|p1a: Garganacl|66\/100|[from] item: Leftovers\n|upkeep\n|turn|22\n|l| El jabar\n|j| GeeMick\n|j| El jabar\n|\n|t:|1699803948\n|move|p2a: Dragapult|U-turn|p1a: Garganacl\n|-damage|p1a: Garganacl|52\/100\n|l| El jabar\n|\n|t:|1699803954\n|switch|p2a: Iron Valiant|Iron Valiant|100\/100|[from] U-turn\n|move|p1a: Garganacl|Salt Cure|p2a: Iron Valiant\n|-resisted|p2a: Iron Valiant\n|-damage|p2a: Iron Valiant|91\/100\n|-start|p2a: Iron Valiant|Salt Cure\n|\n|-heal|p1a: Garganacl|58\/100|[from] item: Leftovers\n|-damage|p2a: Iron Valiant|79\/100|[from] Salt Cure\n|upkeep\n|turn|23\n|\n|t:|1699803961\n|-end|p2a: Iron Valiant|Quark Drive|[silent]\n|switch|p2a: Volcanion|Volcanion|100\/100\n|-terastallize|p1a: Garganacl|Fairy\n|move|p1a: Garganacl|Recover|p1a: Garganacl\n|-heal|p1a: Garganacl|100\/100\n|\n|upkeep\n|turn|24\n|j| El jabar\n|l| El jabar\n|j| El jabar\n|l| El jabar\n|j| El jabar\n|inactive|Battle timer is ON: inactive players will automatically lose when time's up. (requested by Ryuji)\n|l| FFK Foufakirby\n|j| ty-tyui\u21bb\n|l| ty-tyui\u21bb\n|inactive|CaptainEikichi has 270 seconds left.\n|j| Maybca\n|l| Maybca\n|\n|t:|1699804119\n|move|p2a: Volcanion|Sludge Bomb|p1a: Garganacl\n|-supereffective|p1a: Garganacl\n|-damage|p1a: Garganacl|60\/100\n|move|p1a: Garganacl|Salt Cure|p2a: Volcanion\n|-supereffective|p2a: Volcanion\n|-damage|p2a: Volcanion|77\/100\n|-start|p2a: Volcanion|Salt Cure\n|\n|-heal|p1a: Garganacl|66\/100|[from] item: Leftovers\n|-damage|p2a: Volcanion|52\/100|[from] Salt Cure\n|upkeep\n|turn|25\n|j| Eoward\n|\n|t:|1699804134\n|switch|p2a: Gholdengo|Gholdengo|73\/100\n|-damage|p2a: Gholdengo|67\/100|[from] Stealth Rock\n|move|p1a: Garganacl|Recover|p1a: Garganacl\n|-heal|p1a: Garganacl|100\/100\n|\n|upkeep\n|turn|26\n|j| Akalli\n|\n|t:|1699804143\n|switch|p1a: Cinderace|Cinderace, F|100\/100\n|move|p2a: Gholdengo|Trick|p1a: Cinderace\n|-activate|p2a: Gholdengo|move: Trick|[of] p1a: Cinderace\n|-item|p1a: Cinderace|Choice Scarf|[from] move: Trick\n|-item|p2a: Gholdengo|Heavy-Duty Boots|[from] move: Trick\n|\n|upkeep\n|turn|27\n|l| El jabar\n|\n|t:|1699804156\n|switch|p2a: Gliscor|Gliscor, F, tera:Water|79\/100 tox\n|-damage|p2a: Gliscor|67\/100 tox|[from] Stealth Rock\n|move|p1a: Cinderace|Pyro Ball|p2a: Gliscor\n|-resisted|p2a: Gliscor\n|-damage|p2a: Gliscor|52\/100 tox\n|\n|-heal|p2a: Gliscor|65\/100 tox|[from] ability: Poison Heal\n|upkeep\n|turn|28\n|j| El jabar\n|\n|t:|1699804176\n|switch|p1a: Garganacl|Garganacl, M, tera:Fairy|100\/100\n|-damage|p1a: Garganacl|88\/100|[from] Stealth Rock\n|move|p2a: Gliscor|Earthquake|p1a: Garganacl\n|-damage|p1a: Garganacl|64\/100\n|\n|-heal|p1a: Garganacl|71\/100|[from] item: Leftovers\n|-heal|p2a: Gliscor|77\/100 tox|[from] ability: Poison Heal\n|upkeep\n|turn|29\n|l| Akalli\n|l| El jabar\n|j| Mindnight\n|j| Akalli\n|inactive|CaptainEikichi has 270 seconds left.\n|l| Akalli\n|\n|t:|1699804198\n|move|p2a: Gliscor|Earthquake|p1a: Garganacl\n|-damage|p1a: Garganacl|50\/100\n|move|p1a: Garganacl|Salt Cure|p2a: Gliscor\n|-damage|p2a: Gliscor|69\/100 tox\n|-start|p2a: Gliscor|Salt Cure\n|\n|-heal|p1a: Garganacl|56\/100|[from] item: Leftovers\n|-heal|p2a: Gliscor|82\/100 tox|[from] ability: Poison Heal\n|-damage|p2a: Gliscor|57\/100 tox|[from] Salt Cure\n|upkeep\n|turn|30\n|j| El jabar\n|\n|t:|1699804208\n|switch|p2a: Gholdengo|Gholdengo|67\/100\n|move|p1a: Garganacl|Salt Cure|p2a: Gholdengo\n|-resisted|p2a: Gholdengo\n|-damage|p2a: Gholdengo|59\/100\n|-start|p2a: Gholdengo|Salt Cure\n|\n|-heal|p1a: Garganacl|63\/100|[from] item: Leftovers\n|-damage|p2a: Gholdengo|34\/100|[from] Salt Cure\n|upkeep\n|turn|31\n|\n|t:|1699804213\n|switch|p1a: Cinderace|Cinderace, F|100\/100\n|-damage|p1a: Cinderace|76\/100|[from] Stealth Rock\n|move|p2a: Gholdengo|Recover|p2a: Gholdengo\n|-heal|p2a: Gholdengo|85\/100\n|\n|-damage|p2a: Gholdengo|60\/100|[from] Salt Cure\n|upkeep\n|turn|32\n|\n|t:|1699804239\n|switch|p2a: Dragapult|Dragapult, M|100\/100\n|move|p1a: Cinderace|U-turn|p2a: Dragapult\n|-resisted|p2a: Dragapult\n|-damage|p2a: Dragapult|87\/100\n|\n|t:|1699804243\n|switch|p1a: Garganacl|Garganacl, M, tera:Fairy|63\/100|[from] U-turn\n|-damage|p1a: Garganacl|50\/100|[from] Stealth Rock\n|\n|-heal|p1a: Garganacl|56\/100|[from] item: Leftovers\n|upkeep\n|turn|33\n|\n|t:|1699804250\n|move|p2a: Dragapult|U-turn|p1a: Garganacl\n|-resisted|p1a: Garganacl\n|-damage|p1a: Garganacl|50\/100\n|\n|t:|1699804253\n|switch|p2a: Gholdengo|Gholdengo|60\/100|[from] U-turn\n|move|p1a: Garganacl|Salt Cure|p2a: Gholdengo\n|-resisted|p2a: Gholdengo\n|-damage|p2a: Gholdengo|51\/100\n|-start|p2a: Gholdengo|Salt Cure\n|\n|-heal|p1a: Garganacl|56\/100|[from] item: Leftovers\n|-damage|p2a: Gholdengo|27\/100|[from] Salt Cure\n|upkeep\n|turn|34\n|\n|t:|1699804268\n|switch|p1a: Cinderace|Cinderace, F|76\/100\n|-damage|p1a: Cinderace|51\/100|[from] Stealth Rock\n|move|p2a: Gholdengo|Recover|p2a: Gholdengo\n|-heal|p2a: Gholdengo|77\/100\n|\n|-damage|p2a: Gholdengo|52\/100|[from] Salt Cure\n|upkeep\n|turn|35\n|l| Kabilapok ?_?\n|\n|t:|1699804282\n|switch|p2a: Gliscor|Gliscor, F, tera:Water|57\/100 tox\n|-damage|p2a: Gliscor|45\/100 tox|[from] Stealth Rock\n|move|p1a: Cinderace|U-turn|p2a: Gliscor\n|-damage|p2a: Gliscor|34\/100 tox\n|\n|t:|1699804286\n|switch|p1a: Garganacl|Garganacl, M, tera:Fairy|56\/100|[from] U-turn\n|-damage|p1a: Garganacl|44\/100|[from] Stealth Rock\n|\n|-heal|p1a: Garganacl|50\/100|[from] item: Leftovers\n|-heal|p2a: Gliscor|47\/100 tox|[from] ability: Poison Heal\n|upkeep\n|turn|36\n|\n|t:|1699804312\n|switch|p2a: Gholdengo|Gholdengo|52\/100\n|move|p1a: Garganacl|Salt Cure|p2a: Gholdengo\n|-resisted|p2a: Gholdengo\n|-damage|p2a: Gholdengo|45\/100\n|-start|p2a: Gholdengo|Salt Cure\n|\n|-heal|p1a: Garganacl|56\/100|[from] item: Leftovers\n|-damage|p2a: Gholdengo|20\/100|[from] Salt Cure\n|upkeep\n|turn|37\n|\n|t:|1699804319\n|switch|p1a: Mandibuzz|Mandibuzz, F|100\/100\n|move|p2a: Gholdengo|Recover|p2a: Gholdengo\n|-heal|p2a: Gholdengo|70\/100\n|\n|-damage|p2a: Gholdengo|45\/100|[from] Salt Cure\n|upkeep\n|turn|38\n|j| Flor de Gazania\n|j| CaroOui\n|inactive|CaptainEikichi has 270 seconds left.\n|l| CaroOui\n|\n|t:|1699804354\n|switch|p2a: Iron Valiant|Iron Valiant|79\/100\n|move|p1a: Mandibuzz|Foul Play|p2a: Iron Valiant\n|-resisted|p2a: Iron Valiant\n|-damage|p2a: Iron Valiant|64\/100\n|\n|upkeep\n|turn|39\n|j| DonSalvatore\n|inactive|CaptainEikichi has 270 seconds left.\n|l| Oya\/semort\n|l| GeeMick\n|\n|t:|1699804375\n|-end|p2a: Iron Valiant|Quark Drive|[silent]\n|switch|p2a: Volcanion|Volcanion|52\/100\n|move|p1a: Mandibuzz|Knock Off|p2a: Volcanion\n|-damage|p2a: Volcanion|34\/100\n|-enditem|p2a: Volcanion|Heavy-Duty Boots|[from] move: Knock Off|[of] p1a: Mandibuzz\n|\n|upkeep\n|turn|40\n|\n|t:|1699804388\n|switch|p1a: Great Tusk|Great Tusk|22\/100 tox\n|move|p2a: Volcanion|Steam Eruption|p1a: Great Tusk\n|-supereffective|p1a: Great Tusk\n|-damage|p1a: Great Tusk|0 fnt\n|faint|p1a: Great Tusk\n|-end|p1a: Great Tusk|Protosynthesis|[silent]\n|\n|upkeep\n|\n|t:|1699804391\n|switch|p1a: Garganacl|Garganacl, M, tera:Fairy|56\/100\n|-damage|p1a: Garganacl|44\/100|[from] Stealth Rock\n|turn|41\n|j| Oya\/semort\n|inactive|CaptainEikichi has 270 seconds left.\n|inactive|Ryuji has 270 seconds left.\n|j| Pambopino\n|inactive|CaptainEikichi has 240 seconds left.\n|l| El jabar\n|j| FFK Foufakirby\n|l| Flor de Gazania\n|inactive|Ryuji has 240 seconds left.\n|j| El jabar\n|inactive|CaptainEikichi has 210 seconds left.\n|inactive|CaptainEikichi has 180 seconds left.\n|j| GeeMick\n|inactive|Ryuji has 210 seconds left.\n|inactive|Ryuji has 180 seconds left.\n|inactive|Ryuji has 150 seconds left.\n|\n|t:|1699804576\n|switch|p1a: Mandibuzz|Mandibuzz, F|100\/100\n|move|p2a: Volcanion|Sludge Bomb|p1a: Mandibuzz\n|-damage|p1a: Mandibuzz|74\/100\n|\n|upkeep\n|turn|42\n|inactive|CaptainEikichi has 180 seconds left.\n|\n|t:|1699804585\n|move|p2a: Volcanion|Steam Eruption|p1a: Mandibuzz\n|-damage|p1a: Mandibuzz|27\/100\n|-status|p1a: Mandibuzz|brn\n|move|p1a: Mandibuzz|Foul Play|p2a: Volcanion\n|-damage|p2a: Volcanion|23\/100\n|\n|-damage|p1a: Mandibuzz|21\/100 brn|[from] brn\n|upkeep\n|turn|43\n|\n|t:|1699804592\n|move|p2a: Volcanion|Steam Eruption|p1a: Mandibuzz\n|-damage|p1a: Mandibuzz|0 fnt\n|faint|p1a: Mandibuzz\n|\n|upkeep\n|\n|t:|1699804595\n|switch|p1a: Dragapult|Dragapult, F|40\/100\n|turn|44\n|l| SITUMSNTABOURET\n|l| ChaFouu\n|inactive|CaptainEikichi has 180 seconds left.\n|inactive|Ryuji has 150 seconds left.\n|\n|t:|1699804642\n|move|p1a: Dragapult|Hex|p2a: Volcanion\n|-damage|p2a: Volcanion|0 fnt\n|faint|p2a: Volcanion\n|\n|upkeep\n|inactive|CaptainEikichi has 150 seconds left.\n|j| BIHI\n|l| GeeMick\n|j| ChaFouu\n|\n|t:|1699804679\n|switch|p2a: Iron Valiant|Iron Valiant|64\/100\n|turn|45\n|\n|t:|1699804682\n|move|p1a: Dragapult|U-turn|p2a: Iron Valiant\n|-resisted|p2a: Iron Valiant\n|-damage|p2a: Iron Valiant|59\/100\n|\n|t:|1699804684\n|switch|p1a: Amoonguss|Amoonguss, M|100\/100|[from] U-turn\n|-damage|p1a: Amoonguss|88\/100|[from] Stealth Rock\n|move|p2a: Iron Valiant|Ice Punch|p1a: Amoonguss\n|-supereffective|p1a: Amoonguss\n|-damage|p1a: Amoonguss|51\/100\n|\n|upkeep\n|turn|46\n|l| LLLiolae\n|l| PepeDuce\n|j| LLLiolae\n|j| Alkione\n|inactive|CaptainEikichi has 120 seconds left.\n|l| LLLiolae\n|j| LLLiolae\n|inactive|Ryuji has 150 seconds left.\n|inactive|CaptainEikichi has 90 seconds left.\n|l| LLLiolae\n|j| LLLiolae\n|l| LLLiolae\n|inactive|CaptainEikichi has 60 seconds left.\n|l| Oya\/semort\n|j| LLLiolae\n|j| GeeMick\n|j| Oya\/semort\n|l| Herv Zero to Hero\n|j| Zsynaps\n|\n|t:|1699804797\n|-end|p2a: Iron Valiant|Quark Drive|[silent]\n|switch|p2a: Dragapult|Dragapult, M|87\/100\n|switch|p1a: Cinderace|Cinderace, F|51\/100\n|-damage|p1a: Cinderace|26\/100|[from] Stealth Rock\n|\n|upkeep\n|turn|47\n|l| LLLiolae\n|inactive|Ryuji has 150 seconds left.\n|j| LLLiolae\n|inactive|CaptainEikichi has 30 seconds left.\n|\n|t:|1699804821\n|move|p1a: Cinderace|Pyro Ball|p2a: Dragapult\n|-resisted|p2a: Dragapult\n|-damage|p2a: Dragapult|28\/100\n|move|p2a: Dragapult|U-turn|p1a: Cinderace\n|-resisted|p1a: Cinderace\n|-damage|p1a: Cinderace|13\/100\n|\n|t:|1699804825\n|switch|p2a: Gliscor|Gliscor, F, tera:Water|47\/100 tox|[from] U-turn\n|-damage|p2a: Gliscor|34\/100 tox|[from] Stealth Rock\n|\n|-heal|p2a: Gliscor|47\/100 tox|[from] ability: Poison Heal\n|upkeep\n|turn|48\n|\n|t:|1699804830\n|move|p1a: Cinderace|Pyro Ball|p2a: Gliscor\n|-resisted|p2a: Gliscor\n|-damage|p2a: Gliscor|24\/100 tox\n|move|p2a: Gliscor|Earthquake|p1a: Cinderace\n|-supereffective|p1a: Cinderace\n|-damage|p1a: Cinderace|0 fnt\n|faint|p1a: Cinderace\n|\n|-heal|p2a: Gliscor|36\/100 tox|[from] ability: Poison Heal\n|upkeep\n|\n|t:|1699804834\n|switch|p1a: Garganacl|Garganacl, M, tera:Fairy|44\/100\n|-damage|p1a: Garganacl|32\/100|[from] Stealth Rock\n|turn|49\n|l| LLLiolae\n|j| Herv Zero to Hero\n|inactive|CaptainEikichi has 30 seconds left.\n|j| LLLiolae\n|l| LLLiolae\n|inactive|CaptainEikichi has 20 seconds left.\n|\n|t:|1699804879\n|move|p2a: Gliscor|Earthquake|p1a: Garganacl\n|-damage|p1a: Garganacl|11\/100\n|move|p1a: Garganacl|Earthquake|p2a: Gliscor\n|-damage|p2a: Gliscor|22\/100 tox\n|\n|-heal|p1a: Garganacl|17\/100|[from] item: Leftovers\n|-heal|p2a: Gliscor|34\/100 tox|[from] ability: Poison Heal\n|upkeep\n|turn|50\n|inactive|CaptainEikichi has 30 seconds left this turn.\n|c|\u2606Ryuji|gg\n|-message|Ryuji forfeited.\n|\n|win|CaptainEikichi\n|c|\u2606CaptainEikichi|gg\n|l| GeeMick\n|c| boy of miracles|?\n|l| Astreau\n|l| ChaFouu\n|l| El jabar\n|j| LLLiolae\n|j| GeeMick\n|l| LLLiolae\n|l| Agammemnon\n|c| FFK Foufakirby|Mais\n|l| RichardMillePlain\n|l| Oya\/semort\n|l| Rarelyme\n|l| Zsynaps\n|l| bougman28\n|l| FFK Foufakirby\n|l| ombrarch\n","uploadtime":1699804966,"views":80,"p1id":"ryuji","p2id":"captaineikichi","formatid":"gen9ubers","rating":0,"private":0,"password":""}