{"id":"gen9ubers-1968155768","p1":"Nerdiestyt","p2":"PTKmoekyuun","format":"[Gen 9] Ubers","log":"|j|\u2606Nerdiestyt\n|j|\u2606PTKmoekyuun\n|t:|1697389856\n|gametype|singles\n|player|p1|Nerdiestyt|265|\n|player|p2|PTKmoekyuun|1|\n|teamsize|p1|6\n|teamsize|p2|6\n|gen|9\n|tier|[Gen 9] Ubers\n|rule|Sleep Clause Mod: Limit one foe put to sleep\n|rule|Species Clause: Limit one of each Pok\u00e9mon\n|rule|OHKO Clause: OHKO moves are banned\n|rule|Evasion Items Clause: Evasion items are banned\n|rule|Evasion Moves Clause: Evasion moves are banned\n|rule|Endless Battle Clause: Forcing endless battles is banned\n|rule|HP Percentage Mod: HP is shown in percentages\n|clearpoke\n|poke|p1|Ninetales-Alola, M|\n|poke|p1|Arceus-Ice|\n|poke|p1|Infernape, M|\n|poke|p1|Palkia-Origin|\n|poke|p1|Weavile, F|\n|poke|p1|Frosmoth, M|\n|poke|p2|Shaymin-Sky|\n|poke|p2|Slowking, M|\n|poke|p2|Volcarona, F|\n|poke|p2|Conkeldurr, M|\n|poke|p2|Gholdengo|\n|poke|p2|Quagsire, M|\n|teampreview\n|c|\u2606Nerdiestyt|This is my first Ubers battle so tell me if I did anything banned\n|c|\u2606Nerdiestyt|If possible\n|c|\u2606PTKmoekyuun|nah\n|c|\u2606PTKmoekyuun|i think everything is okay\n|c|\u2606Nerdiestyt|Oh, great!\n|\n|t:|1697389907\n|start\n|switch|p1a: Ninetales|Ninetales-Alola, M|100\/100\n|switch|p2a: Gholdengo|Gholdengo|100\/100\n|-weather|Snow|[from] ability: Snow Warning|[of] p1a: Ninetales\n|turn|1\n|\n|t:|1697389917\n|-terastallize|p1a: Ninetales|Fire\n|move|p1a: Ninetales|Aurora Veil|p1a: Ninetales\n|-sidestart|p1: Nerdiestyt|move: Aurora Veil\n|move|p2a: Gholdengo|Thunder Wave|p1a: Ninetales\n|-status|p1a: Ninetales|par\n|\n|-weather|Snow|[upkeep]\n|upkeep\n|turn|2\n|\n|t:|1697389930\n|move|p2a: Gholdengo|Hex|p1a: Ninetales\n|-damage|p1a: Ninetales|65\/100 par\n|cant|p1a: Ninetales|par\n|\n|-weather|Snow|[upkeep]\n|-heal|p1a: Ninetales|71\/100 par|[from] item: Leftovers\n|upkeep\n|turn|3\n|\n|t:|1697389938\n|move|p2a: Gholdengo|Hex|p1a: Ninetales\n|-damage|p1a: Ninetales|39\/100 par\n|move|p1a: Ninetales|Tera Blast|p2a: Gholdengo|[anim] Tera Blast Fire\n|-supereffective|p2a: Gholdengo\n|-crit|p2a: Gholdengo\n|-damage|p2a: Gholdengo|18\/100\n|\n|-weather|Snow|[upkeep]\n|-heal|p1a: Ninetales|45\/100 par|[from] item: Leftovers\n|upkeep\n|turn|4\n|\n|t:|1697389943\n|switch|p1a: Weavile|Weavile, F|100\/100\n|-ability|p1a: Weavile|Pressure\n|move|p2a: Gholdengo|Recover|p2a: Gholdengo\n|-heal|p2a: Gholdengo|68\/100\n|\n|-weather|Snow|[upkeep]\n|upkeep\n|turn|5\n|\n|t:|1697389953\n|switch|p2a: Quagsire|Quagsire, M|100\/100\n|move|p1a: Weavile|Knock Off|p2a: Quagsire\n|-damage|p2a: Quagsire|53\/100\n|-enditem|p2a: Quagsire|Leftovers|[from] move: Knock Off|[of] p1a: Weavile\n|\n|-weather|none\n|-sideend|p1: Nerdiestyt|move: Aurora Veil\n|upkeep\n|turn|6\n|\n|t:|1697389973\n|switch|p1a: Ninetales|Ninetales-Alola, M, tera:Fire|45\/100 par\n|-weather|Snow|[from] ability: Snow Warning|[of] p1a: Ninetales\n|move|p2a: Quagsire|Recover|p2a: Quagsire\n|-heal|p2a: Quagsire|100\/100\n|\n|-weather|Snow|[upkeep]\n|-heal|p1a: Ninetales|51\/100 par|[from] item: Leftovers\n|upkeep\n|turn|7\n|\n|t:|1697389978\n|cant|p1a: Ninetales|par\n|move|p2a: Quagsire|Toxic Spikes|p1a: Ninetales\n|-sidestart|p1: Nerdiestyt|move: Toxic Spikes\n|\n|-weather|Snow|[upkeep]\n|-heal|p1a: Ninetales|57\/100 par|[from] item: Leftovers\n|upkeep\n|turn|8\n|\n|t:|1697389986\n|switch|p1a: Weavile|Weavile, F|100\/100\n|-status|p1a: Weavile|psn\n|-ability|p1a: Weavile|Pressure\n|switch|p2a: Gholdengo|Gholdengo|68\/100\n|\n|-weather|Snow|[upkeep]\n|-damage|p1a: Weavile|88\/100 psn|[from] psn\n|upkeep\n|turn|9\n|\n|t:|1697389994\n|switch|p2a: Quagsire|Quagsire, M|100\/100\n|move|p1a: Weavile|Knock Off|p2a: Quagsire\n|-damage|p2a: Quagsire|69\/100\n|\n|-weather|Snow|[upkeep]\n|-damage|p1a: Weavile|76\/100 psn|[from] psn\n|upkeep\n|turn|10\n|\n|t:|1697389999\n|switch|p1a: Frosmoth|Frosmoth, M|100\/100\n|-status|p1a: Frosmoth|psn\n|move|p2a: Quagsire|Recover|p2a: Quagsire\n|-heal|p2a: Quagsire|100\/100\n|\n|-weather|none\n|-damage|p1a: Frosmoth|88\/100 psn|[from] psn\n|upkeep\n|turn|11\n|\n|t:|1697390003\n|switch|p2a: Volcarona|Volcarona, F|100\/100\n|move|p1a: Frosmoth|Quiver Dance|p1a: Frosmoth\n|-boost|p1a: Frosmoth|spa|1\n|-boost|p1a: Frosmoth|spd|1\n|-boost|p1a: Frosmoth|spe|1\n|\n|-heal|p1a: Frosmoth|94\/100 psn|[from] item: Leftovers\n|-damage|p1a: Frosmoth|82\/100 psn|[from] psn\n|upkeep\n|turn|12\n|\n|t:|1697390018\n|move|p1a: Frosmoth|Bug Buzz|p2a: Volcarona\n|-resisted|p2a: Volcarona\n|-damage|p2a: Volcarona|74\/100\n|move|p2a: Volcarona|Whirlwind|p1a: Frosmoth\n|drag|p1a: Ninetales|Ninetales-Alola, M, tera:Fire|57\/100 par\n|-weather|Snow|[from] ability: Snow Warning|[of] p1a: Ninetales\n|\n|-weather|Snow|[upkeep]\n|-heal|p1a: Ninetales|63\/100 par|[from] item: Leftovers\n|upkeep\n|turn|13\n|\n|t:|1697390027\n|move|p2a: Volcarona|Quiver Dance|p2a: Volcarona\n|-boost|p2a: Volcarona|spa|1\n|-boost|p2a: Volcarona|spd|1\n|-boost|p2a: Volcarona|spe|1\n|cant|p1a: Ninetales|par\n|\n|-weather|Snow|[upkeep]\n|-heal|p1a: Ninetales|68\/100 par|[from] item: Leftovers\n|upkeep\n|turn|14\n|\n|t:|1697390034\n|move|p2a: Volcarona|Quiver Dance|p2a: Volcarona\n|-boost|p2a: Volcarona|spa|1\n|-boost|p2a: Volcarona|spd|1\n|-boost|p2a: Volcarona|spe|1\n|move|p1a: Ninetales|Tera Blast|p2a: Volcarona|[anim] Tera Blast Fire\n|-damage|p2a: Volcarona|61\/100\n|\n|-weather|Snow|[upkeep]\n|-heal|p1a: Ninetales|74\/100 par|[from] item: Leftovers\n|upkeep\n|turn|15\n|\n|t:|1697390040\n|switch|p1a: Palkia|Palkia-Origin|100\/100\n|-status|p1a: Palkia|psn\n|-ability|p1a: Palkia|Pressure\n|move|p2a: Volcarona|Tera Blast|p1a: Palkia\n|-damage|p1a: Palkia|51\/100 psn\n|\n|-weather|Snow|[upkeep]\n|-damage|p1a: Palkia|39\/100 psn|[from] psn\n|upkeep\n|turn|16\n|\n|t:|1697390042\n|move|p2a: Volcarona|Tera Blast|p1a: Palkia\n|-damage|p1a: Palkia|0 fnt\n|faint|p1a: Palkia\n|\n|-weather|none\n|upkeep\n|\n|t:|1697390046\n|switch|p1a: Infernape|Infernape, M|100\/100\n|-status|p1a: Infernape|psn\n|turn|17\n|\n|t:|1697390052\n|move|p2a: Volcarona|Tera Blast|p1a: Infernape\n|-damage|p1a: Infernape|12\/100 psn\n|move|p1a: Infernape|Flare Blitz|p2a: Volcarona\n|-damage|p2a: Volcarona|0 fnt\n|faint|p2a: Volcarona\n|-damage|p1a: Infernape|0 fnt|[from] Recoil\n|faint|p1a: Infernape\n|\n|upkeep\n|\n|t:|1697390063\n|switch|p1a: Arceus|Arceus-Ice|100\/100\n|switch|p2a: Shaymin|Shaymin-Sky|100\/100\n|-status|p1a: Arceus|psn\n|turn|18\n|\n|t:|1697390068\n|move|p2a: Shaymin|Air Slash|p1a: Arceus\n|-damage|p1a: Arceus|77\/100 psn\n|cant|p1a: Arceus|flinch\n|\n|-damage|p1a: Arceus|64\/100 psn|[from] psn\n|upkeep\n|turn|19\n|\n|t:|1697390073\n|switch|p2a: Conkeldurr|Conkeldurr, M|100\/100\n|move|p1a: Arceus|Blizzard|p2a: Conkeldurr\n|-damage|p2a: Conkeldurr|28\/100\n|\n|-damage|p1a: Arceus|52\/100 psn|[from] psn\n|-status|p2a: Conkeldurr|brn|[from] item: Flame Orb\n|upkeep\n|turn|20\n|\n|t:|1697390079\n|switch|p1a: Ninetales|Ninetales-Alola, M, tera:Fire|74\/100 par\n|-weather|Snow|[from] ability: Snow Warning|[of] p1a: Ninetales\n|move|p2a: Conkeldurr|Mach Punch|p1a: Ninetales\n|-damage|p1a: Ninetales|20\/100 par\n|\n|-weather|Snow|[upkeep]\n|-heal|p1a: Ninetales|26\/100 par|[from] item: Leftovers\n|-damage|p2a: Conkeldurr|22\/100 brn|[from] brn\n|upkeep\n|turn|21\n|\n|t:|1697390082\n|move|p2a: Conkeldurr|Mach Punch|p1a: Ninetales\n|-damage|p1a: Ninetales|0 fnt\n|faint|p1a: Ninetales\n|\n|-weather|Snow|[upkeep]\n|-damage|p2a: Conkeldurr|16\/100 brn|[from] brn\n|upkeep\n|\n|t:|1697390086\n|switch|p1a: Frosmoth|Frosmoth, M|82\/100 psn\n|turn|22\n|\n|t:|1697390089\n|move|p2a: Conkeldurr|Mach Punch|p1a: Frosmoth\n|-damage|p1a: Frosmoth|53\/100 psn\n|move|p1a: Frosmoth|Quiver Dance|p1a: Frosmoth\n|-boost|p1a: Frosmoth|spa|1\n|-boost|p1a: Frosmoth|spd|1\n|-boost|p1a: Frosmoth|spe|1\n|\n|-weather|Snow|[upkeep]\n|-heal|p1a: Frosmoth|60\/100 psn|[from] item: Leftovers\n|-damage|p1a: Frosmoth|47\/100 psn|[from] psn\n|-damage|p2a: Conkeldurr|10\/100 brn|[from] brn\n|upkeep\n|turn|23\n|\n|t:|1697390094\n|move|p2a: Conkeldurr|Mach Punch|p1a: Frosmoth\n|-damage|p1a: Frosmoth|19\/100 psn\n|move|p1a: Frosmoth|Ice Beam|p2a: Conkeldurr\n|-damage|p2a: Conkeldurr|0 fnt\n|faint|p2a: Conkeldurr\n|\n|-weather|Snow|[upkeep]\n|-heal|p1a: Frosmoth|25\/100 psn|[from] item: Leftovers\n|-damage|p1a: Frosmoth|13\/100 psn|[from] psn\n|upkeep\n|\n|t:|1697390106\n|switch|p2a: Shaymin|Shaymin-Sky|100\/100\n|turn|24\n|\n|t:|1697390112\n|-terastallize|p2a: Shaymin|Ghost\n|move|p2a: Shaymin|Air Slash|p1a: Frosmoth\n|-supereffective|p1a: Frosmoth\n|-damage|p1a: Frosmoth|0 fnt\n|faint|p1a: Frosmoth\n|\n|-weather|none\n|upkeep\n|\n|t:|1697390116\n|switch|p1a: Weavile|Weavile, F|76\/100 psn\n|-ability|p1a: Weavile|Pressure\n|turn|25\n|\n|t:|1697390124\n|switch|p2a: Quagsire|Quagsire, M|100\/100\n|move|p1a: Weavile|Knock Off|p2a: Quagsire\n|-crit|p2a: Quagsire\n|-damage|p2a: Quagsire|49\/100\n|\n|-damage|p1a: Weavile|63\/100 psn|[from] psn\n|upkeep\n|turn|26\n|\n|t:|1697390129\n|move|p1a: Weavile|Knock Off|p2a: Quagsire\n|-damage|p2a: Quagsire|16\/100\n|move|p2a: Quagsire|Recover|p2a: Quagsire\n|-heal|p2a: Quagsire|66\/100\n|\n|-damage|p1a: Weavile|51\/100 psn|[from] psn\n|upkeep\n|turn|27\n|\n|t:|1697390132\n|switch|p1a: Arceus|Arceus-Ice|52\/100 psn\n|move|p2a: Quagsire|Recover|p2a: Quagsire\n|-heal|p2a: Quagsire|100\/100\n|\n|-damage|p1a: Arceus|39\/100 psn|[from] psn\n|upkeep\n|turn|28\n|\n|t:|1697390135\n|switch|p2a: Gholdengo|Gholdengo|68\/100\n|move|p1a: Arceus|Calm Mind|p1a: Arceus\n|-boost|p1a: Arceus|spa|1\n|-boost|p1a: Arceus|spd|1\n|\n|-damage|p1a: Arceus|27\/100 psn|[from] psn\n|upkeep\n|turn|29\n|\n|t:|1697390137\n|move|p1a: Arceus|Recover|p1a: Arceus\n|-heal|p1a: Arceus|77\/100 psn\n|move|p2a: Gholdengo|Hex|p1a: Arceus\n|-damage|p1a: Arceus|54\/100 psn\n|\n|-damage|p1a: Arceus|42\/100 psn|[from] psn\n|upkeep\n|turn|30\n|\n|t:|1697390143\n|move|p1a: Arceus|Recover|p1a: Arceus\n|-heal|p1a: Arceus|92\/100 psn\n|move|p2a: Gholdengo|Nasty Plot|p2a: Gholdengo\n|-boost|p2a: Gholdengo|spa|2\n|\n|-damage|p1a: Arceus|79\/100 psn|[from] psn\n|upkeep\n|turn|31\n|\n|t:|1697390147\n|move|p1a: Arceus|Calm Mind|p1a: Arceus\n|-boost|p1a: Arceus|spa|1\n|-boost|p1a: Arceus|spd|1\n|move|p2a: Gholdengo|Hex|p1a: Arceus\n|-damage|p1a: Arceus|43\/100 psn\n|\n|-damage|p1a: Arceus|31\/100 psn|[from] psn\n|upkeep\n|turn|32\n|\n|t:|1697390155\n|move|p1a: Arceus|Thunderbolt|p2a: Gholdengo\n|-damage|p2a: Gholdengo|21\/100\n|move|p2a: Gholdengo|Nasty Plot|p2a: Gholdengo\n|-boost|p2a: Gholdengo|spa|2\n|\n|-damage|p1a: Arceus|18\/100 psn|[from] psn\n|upkeep\n|turn|33\n|\n|t:|1697390160\n|move|p1a: Arceus|Thunderbolt|p2a: Gholdengo\n|-damage|p2a: Gholdengo|0 fnt\n|faint|p2a: Gholdengo\n|\n|-damage|p1a: Arceus|6\/100 psn|[from] psn\n|upkeep\n|\n|t:|1697390165\n|switch|p2a: Shaymin|Shaymin-Sky, tera:Ghost|100\/100\n|turn|34\n|\n|t:|1697390171\n|move|p2a: Shaymin|Earth Power|p1a: Arceus\n|-damage|p1a: Arceus|0 fnt\n|faint|p1a: Arceus\n|\n|upkeep\n|\n|t:|1697390173\n|switch|p1a: Weavile|Weavile, F|51\/100 psn\n|-ability|p1a: Weavile|Pressure\n|turn|35\n|\n|t:|1697390175\n|move|p2a: Shaymin|Air Slash|p1a: Weavile|[miss]\n|-miss|p2a: Shaymin|p1a: Weavile\n|move|p1a: Weavile|Knock Off|p2a: Shaymin\n|-supereffective|p2a: Shaymin\n|-damage|p2a: Shaymin|0 fnt\n|-enditem|p2a: Shaymin|Heavy-Duty Boots|[from] move: Knock Off|[of] p1a: Weavile\n|faint|p2a: Shaymin\n|\n|-damage|p1a: Weavile|38\/100 psn|[from] psn\n|upkeep\n|\n|t:|1697390177\n|switch|p2a: Quagsire|Quagsire, M|100\/100\n|turn|36\n|\n|t:|1697390179\n|move|p1a: Weavile|Knock Off|p2a: Quagsire\n|-damage|p2a: Quagsire|68\/100\n|move|p2a: Quagsire|Surf|p1a: Weavile\n|-damage|p1a: Weavile|5\/100 psn\n|\n|-damage|p1a: Weavile|0 fnt|[from] psn\n|faint|p1a: Weavile\n|\n|win|PTKmoekyuun\n|upkeep\n|c|\u2606PTKmoekyuun|gg\n","uploadtime":1697390184,"views":24,"p1id":"nerdiestyt","p2id":"ptkmoekyuun","formatid":"gen9ubers","rating":0,"private":0,"password":""}