{"id":"gen9ubers-1971836420","p1":"Flufferide","p2":"apa aja sih2","format":"[Gen 9] Ubers","log":"|j|\u2606Flufferide\n|j|\u2606apa aja sih2\n|t:|1697778960\n|gametype|singles\n|player|p1|Flufferide|pokemonbreederf|1150\n|player|p2|apa aja sih2|102|1368\n|teamsize|p1|6\n|teamsize|p2|6\n|gen|9\n|tier|[Gen 9] Ubers\n|rated|\n|rule|Sleep Clause Mod: Limit one foe put to sleep\n|rule|Species Clause: Limit one of each Pok\u00e9mon\n|rule|OHKO Clause: OHKO moves are banned\n|rule|Evasion Items Clause: Evasion items are banned\n|rule|Evasion Moves Clause: Evasion moves are banned\n|rule|Endless Battle Clause: Forcing endless battles is banned\n|rule|HP Percentage Mod: HP is shown in percentages\n|clearpoke\n|poke|p1|Ogerpon-Hearthflame, F|\n|poke|p1|Ninetales-Alola, F|\n|poke|p1|Baxcalibur, F|\n|poke|p1|Miraidon|\n|poke|p1|Skeledirge, F|\n|poke|p1|Zacian-*|\n|poke|p2|Flutter Mane|\n|poke|p2|Koraidon|\n|poke|p2|Ursaluna-Bloodmoon, M|\n|poke|p2|Ogerpon-Hearthflame, F|\n|poke|p2|Walking Wake|\n|poke|p2|Heatran, M|\n|teampreview\n|inactive|Battle timer is ON: inactive players will automatically lose when time's up. (requested by Flufferide)\n|inactive|apa aja sih2 also wants the timer to be on.\n|\n|t:|1697778964\n|start\n|switch|p1a: Ninetales|Ninetales-Alola, F|100\/100\n|switch|p2a: Koraidon|Koraidon|100\/100\n|-weather|SunnyDay|[from] ability: Orichalcum Pulse|[of] p2a: Koraidon\n|-activate|p2a: Koraidon|Orichalcum Pulse|[source]\n|-weather|Snow|[from] ability: Snow Warning|[of] p1a: Ninetales\n|turn|1\n|\n|t:|1697778967\n|move|p2a: Koraidon|U-turn|p1a: Ninetales\n|-resisted|p1a: Ninetales\n|-damage|p1a: Ninetales|88\/100\n|\n|t:|1697778969\n|switch|p2a: Heatran|Heatran, M, shiny|100\/100|[from] U-turn\n|move|p1a: Ninetales|Aurora Veil|p1a: Ninetales\n|-sidestart|p1: Flufferide|move: Aurora Veil\n|\n|-weather|Snow|[upkeep]\n|upkeep\n|turn|2\n|\n|t:|1697778975\n|switch|p1a: Ogerpon|Ogerpon-Hearthflame, F|100\/100\n|-ability|p1a: Ogerpon|Mold Breaker\n|move|p2a: Heatran|Flash Cannon|p1a: Ogerpon\n|-resisted|p1a: Ogerpon\n|-damage|p1a: Ogerpon|88\/100\n|\n|-weather|Snow|[upkeep]\n|upkeep\n|turn|3\n|\n|t:|1697778980\n|switch|p2a: Koraidon|Koraidon|100\/100\n|-weather|SunnyDay|[from] ability: Orichalcum Pulse|[of] p2a: Koraidon\n|-activate|p2a: Koraidon|Orichalcum Pulse|[source]\n|move|p1a: Ogerpon|Swords Dance|p1a: Ogerpon\n|-boost|p1a: Ogerpon|atk|2\n|\n|-weather|SunnyDay|[upkeep]\n|upkeep\n|turn|4\n|\n|t:|1697778987\n|-terastallize|p1a: Ogerpon|Fire\n|detailschange|p1a: Ogerpon|Ogerpon-Hearthflame-Tera, F, tera:Fire\n|-ability|p1a: Ogerpon|Embody Aspect (Hearthflame)|boost\n|-boost|p1a: Ogerpon|atk|1\n|move|p2a: Koraidon|Flare Blitz|p1a: Ogerpon\n|-resisted|p1a: Ogerpon\n|-damage|p1a: Ogerpon|59\/100\n|-damage|p2a: Koraidon|92\/100|[from] Recoil\n|move|p1a: Ogerpon|Ivy Cudgel|p2a: Koraidon\n|-resisted|p2a: Koraidon\n|-damage|p2a: Koraidon|0 fnt\n|faint|p2a: Koraidon\n|\n|-weather|SunnyDay|[upkeep]\n|upkeep\n|\n|t:|1697778991\n|switch|p2a: Menace to pokemon|Flutter Mane|100\/100\n|-activate|p2a: Menace to pokemon|ability: Protosynthesis\n|-start|p2a: Menace to pokemon|protosynthesisspe\n|turn|5\n|\n|t:|1697779006\n|-terastallize|p2a: Menace to pokemon|Ghost\n|move|p2a: Menace to pokemon|Shadow Ball|p1a: Ogerpon\n|-damage|p1a: Ogerpon|19\/100\n|-damage|p2a: Menace to pokemon|91\/100|[from] item: Life Orb\n|move|p1a: Ogerpon|Horn Leech|p2a: Menace to pokemon\n|-damage|p2a: Menace to pokemon|0 fnt\n|-heal|p1a: Ogerpon|56\/100|[from] drain|[of] p2a: Menace to pokemon\n|faint|p2a: Menace to pokemon\n|-end|p2a: Menace to pokemon|Protosynthesis|[silent]\n|\n|-weather|SunnyDay|[upkeep]\n|upkeep\n|-message|apa aja sih2 forfeited.\n|\n|win|Flufferide\n|raw|Flufferide's rating: 1150 &rarr; <strong>1189<\/strong><br \/>(+39 for winning)\n|raw|apa aja sih2's rating: 1368 &rarr; <strong>1337<\/strong><br \/>(-31 for losing)\n|l|\u2606apa aja sih2\n","uploadtime":1697779033,"views":13,"p1id":"flufferide","p2id":"apaajasih2","formatid":"gen9ubers","rating":1189,"private":0,"password":""}