{"id":"gen9ubers-1969119308","p1":"Uubers account","p2":"spidernoculus","format":"[Gen 9] Ubers","log":"|j|\u2606Uubers account\n|j|\u2606spidernoculus\n|t:|1697491700\n|gametype|singles\n|player|p1|Uubers account|101|\n|player|p2|spidernoculus|rosa|\n|teamsize|p1|6\n|teamsize|p2|6\n|gen|9\n|tier|[Gen 9] Ubers\n|rule|Sleep Clause Mod: Limit one foe put to sleep\n|rule|Species Clause: Limit one of each Pok\u00e9mon\n|rule|OHKO Clause: OHKO moves are banned\n|rule|Evasion Items Clause: Evasion items are banned\n|rule|Evasion Moves Clause: Evasion moves are banned\n|rule|Endless Battle Clause: Forcing endless battles is banned\n|rule|HP Percentage Mod: HP is shown in percentages\n|clearpoke\n|poke|p1|Zacian-*|\n|poke|p1|Hatterene, F|\n|poke|p1|Basculegion-F, F|\n|poke|p1|Arceus-Dark|\n|poke|p1|Palkia-Origin|\n|poke|p1|Meowscarada, F|\n|poke|p2|Gholdengo|\n|poke|p2|Meowscarada, F|\n|poke|p2|Palkia-Origin|\n|poke|p2|Cyclizar, M|\n|poke|p2|Urshifu-*, F|\n|poke|p2|Palafin, M|\n|teampreview\n|c|\u2606spidernoculus|GL HF\n|c|\u2606Uubers account|u2\n|\n|t:|1697491719\n|start\n|switch|p1a: Meowscarada|Meowscarada, F|100\/100\n|switch|p2a: Cyclizar|Cyclizar, M|100\/100\n|turn|1\n|c|\u2606spidernoculus|This is my first battle\n|\n|t:|1697491731\n|move|p1a: Meowscarada|Knock Off|p2a: Cyclizar\n|-damage|p2a: Cyclizar|18\/100\n|-enditem|p2a: Cyclizar|Life Orb|[from] move: Knock Off|[of] p1a: Meowscarada\n|move|p2a: Cyclizar|U-turn|p1a: Meowscarada\n|-supereffective|p1a: Meowscarada\n|-damage|p1a: Meowscarada|21\/100\n|\n|t:|1697491740\n|switch|p2a: Meowscarada|Meowscarada, F|100\/100|[from] U-turn\n|\n|upkeep\n|turn|2\n|\n|t:|1697491752\n|switch|p1a: Hatterene|Hatterene, F|100\/100\n|move|p2a: Meowscarada|Knock Off|p1a: Hatterene\n|-start|p2a: Meowscarada|typechange|Dark|[from] ability: Protean\n|-damage|p1a: Hatterene|47\/100\n|-enditem|p1a: Hatterene|Eject Button|[from] move: Knock Off|[of] p2a: Meowscarada\n|\n|upkeep\n|turn|3\n|\n|t:|1697491780\n|move|p2a: Meowscarada|Knock Off|p1a: Hatterene\n|-damage|p1a: Hatterene|15\/100\n|move|p1a: Hatterene|Nuzzle|p2a: Meowscarada\n|-damage|p2a: Meowscarada|95\/100\n|-status|p2a: Meowscarada|par\n|\n|upkeep\n|turn|4\n|\n|t:|1697491787\n|move|p2a: Meowscarada|Flower Trick|p1a: Hatterene\n|-crit|p1a: Hatterene\n|-damage|p1a: Hatterene|0 fnt\n|faint|p1a: Hatterene\n|\n|upkeep\n|\n|t:|1697491794\n|switch|p1a: Meowscarada|Meowscarada, F|21\/100\n|turn|5\n|\n|t:|1697491799\n|move|p1a: Meowscarada|Flower Trick|p2a: Meowscarada\n|-crit|p2a: Meowscarada\n|-damage|p2a: Meowscarada|0 fnt\n|faint|p2a: Meowscarada\n|\n|upkeep\n|\n|t:|1697491808\n|switch|p2a: Palafin|Palafin, M|100\/100\n|turn|6\n|c|\u2606Uubers account|life orb cyclizar is wild\n|\n|t:|1697491822\n|switch|p1a: Palkia|Palkia-Origin|100\/100\n|-ability|p1a: Palkia|Pressure\n|move|p2a: Palafin|Ice Punch|p1a: Palkia\n|-damage|p1a: Palkia|81\/100\n|\n|upkeep\n|turn|7\n|\n|t:|1697491832\n|detailschange|p2a: Palafin|Palafin-Hero, M\n|switch|p2a: Cyclizar|Cyclizar, M|51\/100\n|move|p1a: Palkia|Substitute|p1a: Palkia\n|-start|p1a: Palkia|Substitute\n|-damage|p1a: Palkia|57\/100\n|\n|upkeep\n|turn|8\n|\n|t:|1697491845\n|move|p2a: Cyclizar|Draco Meteor|p1a: Palkia\n|-supereffective|p1a: Palkia\n|-end|p1a: Palkia|Substitute\n|-unboost|p2a: Cyclizar|spa|2\n|move|p1a: Palkia|Earth Power|p2a: Cyclizar\n|-damage|p2a: Cyclizar|0 fnt\n|faint|p2a: Cyclizar\n|\n|upkeep\n|\n|t:|1697491860\n|switch|p2a: Palkia|Palkia-Origin|100\/100\n|-ability|p2a: Palkia|Pressure\n|turn|9\n|\n|t:|1697491879\n|switch|p1a: Meowscarada|Meowscarada, F|21\/100\n|move|p2a: Palkia|Protect||[still]\n|-fail|p2a: Palkia\n|\n|upkeep\n|turn|10\n|c|\u2606spidernoculus|I never played the format before\n|\n|t:|1697491888\n|move|p1a: Meowscarada|Flower Trick|p2a: Palkia\n|-crit|p2a: Palkia\n|-damage|p2a: Palkia|24\/100\n|move|p2a: Palkia|Hydro Pump|p1a: Meowscarada\n|-resisted|p1a: Meowscarada\n|-damage|p1a: Meowscarada|0 fnt\n|faint|p1a: Meowscarada\n|\n|upkeep\n|c|\u2606Uubers account|do you play singles?\n|c|\u2606spidernoculus|yes\n|c|\u2606Uubers account|add me and dm your tem. I can give some tips\n|\n|t:|1697491925\n|switch|p1a: Zacian|Zacian|100\/100\n|-ability|p1a: Zacian|Intrepid Sword|boost\n|-boost|p1a: Zacian|atk|1\n|turn|11\n|\n|t:|1697491936\n|move|p1a: Zacian|Play Rough|p2a: Palkia\n|-supereffective|p2a: Palkia\n|-damage|p2a: Palkia|0 fnt\n|faint|p2a: Palkia\n|\n|upkeep\n|c|\u2606spidernoculus|aight\n|\n|t:|1697491944\n|switch|p2a: Gholdengo|Gholdengo|100\/100\n|-item|p2a: Gholdengo|Air Balloon\n|turn|12\n|\n|t:|1697491949\n|switch|p1a: Arceus|Arceus-Dark|100\/100\n|move|p2a: Gholdengo|Nasty Plot|p2a: Gholdengo\n|-boost|p2a: Gholdengo|spa|2\n|\n|upkeep\n|turn|13\n|\n|t:|1697491956\n|move|p1a: Arceus|Judgment|p2a: Gholdengo\n|-supereffective|p2a: Gholdengo\n|-damage|p2a: Gholdengo|14\/100\n|-enditem|p2a: Gholdengo|Air Balloon\n|move|p2a: Gholdengo|Make It Rain|p1a: Arceus\n|-damage|p1a: Arceus|16\/100\n|-unboost|p2a: Gholdengo|spa|1\n|\n|upkeep\n|turn|14\n|\n|t:|1697491969\n|move|p1a: Arceus|Judgment|p2a: Gholdengo\n|-supereffective|p2a: Gholdengo\n|-damage|p2a: Gholdengo|0 fnt\n|faint|p2a: Gholdengo\n|\n|upkeep\n|\n|t:|1697491972\n|switch|p2a: Urshifu|Urshifu, F|100\/100\n|turn|15\n|\n|t:|1697491978\n|move|p1a: Arceus|Taunt|p2a: Urshifu\n|-start|p2a: Urshifu|move: Taunt\n|move|p2a: Urshifu|Wicked Blow|p1a: Arceus\n|-resisted|p1a: Arceus\n|-crit|p1a: Arceus\n|-damage|p1a: Arceus|0 fnt\n|faint|p1a: Arceus\n|\n|upkeep\n|\n|t:|1697491987\n|switch|p1a: Zacian|Zacian|100\/100\n|turn|16\n|\n|t:|1697491992\n|switch|p2a: Palafin|Palafin-Hero, M|100\/100\n|-activate|p2a: Palafin|ability: Zero to Hero\n|move|p1a: Zacian|Play Rough|p2a: Palafin\n|-damage|p2a: Palafin|55\/100\n|-unboost|p2a: Palafin|atk|1\n|\n|upkeep\n|turn|17\n|\n|t:|1697492004\n|move|p2a: Palafin|Ice Punch|p1a: Zacian\n|-crit|p1a: Zacian\n|-damage|p1a: Zacian|55\/100\n|move|p1a: Zacian|Play Rough|p2a: Palafin\n|-damage|p2a: Palafin|7\/100\n|\n|upkeep\n|turn|18\n|\n|t:|1697492010\n|move|p2a: Palafin|Ice Punch|p1a: Zacian\n|-damage|p1a: Zacian|38\/100\n|-status|p1a: Zacian|frz\n|cant|p1a: Zacian|frz\n|\n|upkeep\n|turn|19\n|c|\u2606Uubers account|bro\n|\n|t:|1697492016\n|move|p2a: Palafin|Ice Punch|p1a: Zacian\n|-damage|p1a: Zacian|19\/100 frz\n|-curestatus|p1a: Zacian|frz|[msg]\n|move|p1a: Zacian|Play Rough|p2a: Palafin\n|-damage|p2a: Palafin|0 fnt\n|faint|p2a: Palafin\n|\n|upkeep\n|\n|t:|1697492024\n|switch|p2a: Urshifu|Urshifu, F|100\/100\n|turn|20\n|\n|t:|1697492032\n|-terastallize|p2a: Urshifu|Steel\n|move|p1a: Zacian|Play Rough|p2a: Urshifu\n|-resisted|p2a: Urshifu\n|-damage|p2a: Urshifu|80\/100\n|-unboost|p2a: Urshifu|atk|1\n|move|p2a: Urshifu|Wicked Blow|p1a: Zacian\n|-resisted|p1a: Zacian\n|-crit|p1a: Zacian\n|-damage|p1a: Zacian|0 fnt\n|faint|p1a: Zacian\n|\n|upkeep\n|\n|t:|1697492039\n|switch|p1a: Basculegion|Basculegion-F, F, shiny|100\/100\n|turn|21\n|\n|t:|1697492044\n|-terastallize|p1a: Basculegion|Normal\n|move|p1a: Basculegion|Last Respects|p2a: Urshifu\n|-damage|p2a: Urshifu|0 fnt\n|faint|p2a: Urshifu\n|\n|win|Uubers account\n|c|\u2606Uubers account|gg\n|c|\u2606spidernoculus|gg\n","uploadtime":1697492051,"views":31,"p1id":"uubersaccount","p2id":"spidernoculus","formatid":"gen9ubers","rating":0,"private":0,"password":""}