{"id":"gen9ubers-1998848971","p1":"John1240","p2":"RPPLF_Qilin","format":"[Gen 9] Ubers","log":"|j|\u2606John1240\n|j|\u2606RPPLF_Qilin\n|t:|1701002732\n|gametype|singles\n|player|p1|John1240|#stt5noadkokoroyal|\n|player|p2|RPPLF_Qilin|102|\n|teamsize|p1|6\n|teamsize|p2|6\n|gen|9\n|tier|[Gen 9] Ubers\n|rule|Sleep Clause Mod: Limit one foe put to sleep\n|rule|Species Clause: Limit one of each Pok\u00e9mon\n|rule|OHKO Clause: OHKO moves are banned\n|rule|Evasion Items Clause: Evasion items are banned\n|rule|Evasion Moves Clause: Evasion moves are banned\n|rule|Endless Battle Clause: Forcing endless battles is banned\n|rule|HP Percentage Mod: HP is shown in percentages\n|clearpoke\n|poke|p1|Annihilape, F|\n|poke|p1|Glimmora, M|\n|poke|p1|Volcanion|\n|poke|p1|Grimmsnarl, M|\n|poke|p1|Garchomp, M|\n|poke|p1|Fezandipiti, M|\n|poke|p2|Arceus|\n|poke|p2|Okidogi, M|\n|poke|p2|Grimmsnarl, M|\n|poke|p2|Corviknight, M|\n|poke|p2|Regidrago|\n|poke|p2|Greninja-*, M|\n|teampreview\n|c|\u2606RPPLF_Qilin|Bon match :)\n|c|\u2606John1240|a toi aussi\n|c|\u2606John1240|et encore un regidrago\n|c|\u2606RPPLF_Qilin|Comment \u00e7a ?\n|c|\u2606John1240|t'est le second gardien a te servir du meme combo\n|\n|t:|1701002843\n|start\n|switch|p1a: Glimmora|Glimmora, M|100\/100\n|switch|p2a: Okidogi|Okidogi, M|100\/100\n|turn|1\n|\n|t:|1701002855\n|move|p1a: Glimmora|Earth Power|p2a: Okidogi\n|-supereffective|p2a: Okidogi\n|-damage|p2a: Okidogi|60\/100\n|-unboost|p2a: Okidogi|spd|1\n|move|p2a: Okidogi|Drain Punch|p1a: Glimmora\n|-damage|p1a: Glimmora|47\/100\n|-heal|p2a: Okidogi|81\/100|[from] drain|[of] p1a: Glimmora\n|-activate|p1a: Glimmora|ability: Toxic Debris\n|-sidestart|p2: RPPLF_Qilin|move: Toxic Spikes\n|\n|upkeep\n|turn|2\n|\n|t:|1701002870\n|switch|p1a: Annihilape|Annihilape, F|100\/100\n|move|p2a: Okidogi|Drain Punch|p1a: Annihilape\n|-immune|p1a: Annihilape\n|\n|upkeep\n|turn|3\n|\n|t:|1701002883\n|switch|p1a: Garchomp|Garchomp, M|100\/100\n|move|p2a: Okidogi|Psychic Fangs|p1a: Garchomp\n|-damage|p1a: Garchomp|70\/100\n|-damage|p2a: Okidogi|69\/100|[from] ability: Rough Skin|[of] p1a: Garchomp\n|-status|p1a: Garchomp|tox|[from] ability: Toxic Chain|[of] p2a: Okidogi\n|\n|-heal|p1a: Garchomp|76\/100 tox|[from] item: Leftovers\n|-damage|p1a: Garchomp|70\/100 tox|[from] psn\n|upkeep\n|turn|4\n|\n|t:|1701002900\n|switch|p1a: Volcanion|Volcanion|100\/100\n|switch|p2a: Corviknight|Corviknight, M|100\/100\n|-ability|p2a: Corviknight|Pressure\n|\n|upkeep\n|turn|5\n|\n|t:|1701002914\n|switch|p2a: Grimmsnarl|Grimmsnarl, M|100\/100\n|-status|p2a: Grimmsnarl|psn\n|move|p1a: Volcanion|Fire Blast|p2a: Grimmsnarl\n|-damage|p2a: Grimmsnarl|30\/100 psn\n|\n|-damage|p2a: Grimmsnarl|18\/100 psn|[from] psn\n|upkeep\n|turn|6\n|\n|t:|1701002922\n|switch|p1a: Glimmora|Glimmora, M|47\/100\n|move|p2a: Grimmsnarl|Light Screen|p2a: Grimmsnarl\n|-sidestart|p2: RPPLF_Qilin|move: Light Screen\n|\n|-damage|p2a: Grimmsnarl|5\/100 psn|[from] psn\n|upkeep\n|turn|7\n|\n|t:|1701002933\n|move|p2a: Grimmsnarl|Taunt|p1a: Glimmora\n|-start|p1a: Glimmora|move: Taunt\n|cant|p1a: Glimmora|move: Taunt|Stealth Rock\n|\n|-damage|p2a: Grimmsnarl|0 fnt|[from] psn\n|faint|p2a: Grimmsnarl\n|upkeep\n|\n|t:|1701002938\n|switch|p2a: Okidogi|Okidogi, M|69\/100\n|-sideend|p2: RPPLF_Qilin|move: Toxic Spikes|[of] p2a: Okidogi\n|turn|8\n|\n|t:|1701002945\n|switch|p1a: Garchomp|Garchomp, M|70\/100 tox\n|move|p2a: Okidogi|Knock Off|p1a: Garchomp\n|-damage|p1a: Garchomp|32\/100 tox\n|-damage|p2a: Okidogi|56\/100|[from] ability: Rough Skin|[of] p1a: Garchomp\n|-enditem|p1a: Garchomp|Leftovers|[from] move: Knock Off|[of] p2a: Okidogi\n|\n|-damage|p1a: Garchomp|26\/100 tox|[from] psn\n|upkeep\n|turn|9\n|\n|t:|1701002961\n|switch|p2a: Corviknight|Corviknight, M|100\/100\n|-ability|p2a: Corviknight|Pressure\n|move|p1a: Garchomp|Earthquake|p2a: Corviknight\n|-immune|p2a: Corviknight\n|\n|-damage|p1a: Garchomp|14\/100 tox|[from] psn\n|upkeep\n|turn|10\n|\n|t:|1701002975\n|switch|p1a: Fezandipiti|Fezandipiti, M|100\/100\n|move|p2a: Corviknight|U-turn|p1a: Fezandipiti\n|-resisted|p1a: Fezandipiti\n|-damage|p1a: Fezandipiti|96\/100\n|\n|t:|1701002982\n|switch|p2a: Okidogi|Okidogi, M|56\/100|[from] U-turn\n|\n|upkeep\n|turn|11\n|\n|t:|1701002992\n|switch|p1a: Garchomp|Garchomp, M|14\/100 tox\n|move|p2a: Okidogi|Psychic Fangs|p1a: Garchomp\n|-damage|p1a: Garchomp|0 fnt\n|-damage|p2a: Okidogi|44\/100|[from] ability: Rough Skin|[of] p1a: Garchomp\n|faint|p1a: Garchomp\n|\n|upkeep\n|\n|t:|1701002999\n|switch|p1a: Glimmora|Glimmora, M|47\/100\n|turn|12\n|\n|t:|1701003007\n|move|p1a: Glimmora|Stealth Rock|p2a: Okidogi\n|-sidestart|p2: RPPLF_Qilin|move: Stealth Rock\n|move|p2a: Okidogi|Drain Punch|p1a: Glimmora\n|-damage|p1a: Glimmora|0 fnt\n|-heal|p2a: Okidogi|63\/100|[from] drain|[of] p1a: Glimmora\n|-activate|p1a: Glimmora|ability: Toxic Debris\n|-sidestart|p2: RPPLF_Qilin|move: Toxic Spikes\n|faint|p1a: Glimmora\n|\n|upkeep\n|\n|t:|1701003025\n|switch|p1a: Grimmsnarl|Grimmsnarl, M|100\/100\n|turn|13\n|\n|t:|1701003031\n|move|p1a: Grimmsnarl|Reflect|p1a: Grimmsnarl\n|-sidestart|p1: John1240|Reflect\n|move|p2a: Okidogi|Poison Jab|p1a: Grimmsnarl\n|-supereffective|p1a: Grimmsnarl\n|-damage|p1a: Grimmsnarl|40\/100\n|-status|p1a: Grimmsnarl|tox|[from] ability: Toxic Chain|[of] p2a: Okidogi\n|\n|-damage|p1a: Grimmsnarl|34\/100 tox|[from] psn\n|-sideend|p2: RPPLF_Qilin|move: Light Screen\n|upkeep\n|turn|14\n|\n|t:|1701003044\n|move|p1a: Grimmsnarl|Parting Shot|p2a: Okidogi\n|-unboost|p2a: Okidogi|atk|1\n|-unboost|p2a: Okidogi|spa|1\n|\n|t:|1701003053\n|switch|p1a: Annihilape|Annihilape, F|100\/100|[from] Parting Shot\n|move|p2a: Okidogi|Psychic Fangs|p1a: Annihilape\n|-sideend|p1: John1240|Reflect\n|-supereffective|p1a: Annihilape\n|-damage|p1a: Annihilape|56\/100\n|\n|upkeep\n|turn|15\n|\n|t:|1701003068\n|-terastallize|p1a: Annihilape|Fire\n|move|p1a: Annihilape|Bulk Up|p1a: Annihilape\n|-boost|p1a: Annihilape|atk|1\n|-boost|p1a: Annihilape|def|1\n|move|p2a: Okidogi|Knock Off|p1a: Annihilape\n|-damage|p1a: Annihilape|40\/100\n|-enditem|p1a: Annihilape|Chesto Berry|[from] move: Knock Off|[of] p2a: Okidogi\n|\n|upkeep\n|turn|16\n|\n|t:|1701003092\n|switch|p2a: Corviknight|Corviknight, M|100\/100\n|-damage|p2a: Corviknight|88\/100|[from] Stealth Rock\n|-ability|p2a: Corviknight|Pressure\n|move|p1a: Annihilape|Drain Punch|p2a: Corviknight\n|-damage|p2a: Corviknight|62\/100\n|-heal|p1a: Annihilape|53\/100|[from] drain|[of] p2a: Corviknight\n|-damage|p1a: Annihilape|36\/100|[from] item: Rocky Helmet|[of] p2a: Corviknight\n|\n|upkeep\n|turn|17\n|\n|t:|1701003103\n|move|p1a: Annihilape|Rage Fist|p2a: Corviknight\n|-damage|p2a: Corviknight|9\/100\n|-damage|p1a: Annihilape|20\/100|[from] item: Rocky Helmet|[of] p2a: Corviknight\n|move|p2a: Corviknight|Defog|p1a: Annihilape\n|-unboost|p1a: Annihilape|evasion|1\n|-ability|p1a: Annihilape|Defiant|boost\n|-boost|p1a: Annihilape|atk|2\n|-sideend|p2: RPPLF_Qilin|Toxic Spikes|[from] move: Defog|[of] p2a: Corviknight\n|-sideend|p2: RPPLF_Qilin|Stealth Rock|[from] move: Defog|[of] p2a: Corviknight\n|\n|upkeep\n|turn|18\n|\n|t:|1701003112\n|move|p1a: Annihilape|Rest|p1a: Annihilape\n|-status|p1a: Annihilape|slp|[from] move: Rest\n|-heal|p1a: Annihilape|100\/100 slp|[silent]\n|move|p2a: Corviknight|Brave Bird|p1a: Annihilape\n|-damage|p1a: Annihilape|77\/100 slp\n|-damage|p2a: Corviknight|1\/100|[from] Recoil\n|\n|upkeep\n|turn|19\n|\n|t:|1701003121\n|cant|p1a: Annihilape|slp\n|move|p2a: Corviknight|U-turn|p1a: Annihilape\n|-resisted|p1a: Annihilape\n|-damage|p1a: Annihilape|72\/100 slp\n|\n|t:|1701003134\n|switch|p2a: Greninja|Greninja, M|100\/100|[from] U-turn\n|\n|upkeep\n|turn|20\n|\n|t:|1701003142\n|switch|p1a: Volcanion|Volcanion|100\/100\n|move|p2a: Greninja|Dark Pulse|p1a: Volcanion\n|-damage|p1a: Volcanion|40\/100\n|-damage|p2a: Greninja|91\/100|[from] item: Life Orb\n|\n|upkeep\n|turn|21\n|\n|t:|1701003155\n|switch|p2a: Corviknight|Corviknight, M|1\/100\n|-ability|p2a: Corviknight|Pressure\n|switch|p1a: Fezandipiti|Fezandipiti, M|96\/100\n|\n|upkeep\n|turn|22\n|\n|t:|1701003164\n|switch|p2a: Okidogi|Okidogi, M|63\/100\n|move|p1a: Fezandipiti|Moonblast|p2a: Okidogi\n|-damage|p2a: Okidogi|40\/100\n|\n|upkeep\n|turn|23\n|\n|t:|1701003179\n|move|p1a: Fezandipiti|Moonblast|p2a: Okidogi\n|-damage|p2a: Okidogi|16\/100\n|move|p2a: Okidogi|Psychic Fangs|p1a: Fezandipiti\n|-supereffective|p1a: Fezandipiti\n|-damage|p1a: Fezandipiti|21\/100\n|\n|upkeep\n|turn|24\n|\n|t:|1701003185\n|switch|p2a: Corviknight|Corviknight, M|1\/100\n|-ability|p2a: Corviknight|Pressure\n|move|p1a: Fezandipiti|Moonblast|p2a: Corviknight\n|-resisted|p2a: Corviknight\n|-damage|p2a: Corviknight|0 fnt\n|faint|p2a: Corviknight\n|\n|upkeep\n|\n|t:|1701003196\n|switch|p2a: Arceus|Arceus|100\/100\n|turn|25\n|\n|t:|1701003200\n|move|p1a: Fezandipiti|Moonblast|p2a: Arceus\n|-damage|p2a: Arceus|79\/100\n|move|p2a: Arceus|Swords Dance|p2a: Arceus\n|-boost|p2a: Arceus|atk|2\n|\n|-heal|p2a: Arceus|85\/100|[from] item: Leftovers\n|upkeep\n|turn|26\n|c|\u2606John1240|ouais gg\n|c|\u2606RPPLF_Qilin|gg\n|c|\u2606John1240|pas adapt\u00e9 cette team\n|c|\u2606RPPLF_Qilin|Compliqu\u00e9 l\u00e0\n|c|\u2606RPPLF_Qilin|Ca manque un peu de counter\n|c|\u2606RPPLF_Qilin|Maintenant t'as quelques infos quand m\u00eame\n|c|\u2606John1240|en meme temps ca existe pas trop des counter a arceus\n|c|\u2606RPPLF_Qilin|Mdrrrr\n|c|\u2606RPPLF_Qilin|Si y'en as 1 que j'aime pas dutout\n|c|\u2606John1240|bah tout seul ouais\n|c|\u2606John1240|mais y'a une team a c\u00f4t\u00e9\n|c|\u2606RPPLF_Qilin|Yep !\n|-message|John1240 forfeited.\n|\n|win|RPPLF_Qilin\n|l|\u2606John1240\n|j|\u2606John1240\n|player|p1|John1240|#stt5noadkokoroyal\n","uploadtime":1701003297,"views":19,"p1id":"john1240","p2id":"rpplfqilin","formatid":"gen9ubers","rating":0,"private":0,"password":""}