{"id":"gen9ubers-1983563216","p1":"Jroy12","p2":"SethLikesCombusken","format":"[Gen 9] Ubers","log":"|j|\u2606Jroy12\n|j|\u2606SethLikesCombusken\n|t:|1699143790\n|gametype|singles\n|player|p1|Jroy12|265|1181\n|player|p2|SethLikesCombusken|guitarist|1133\n|teamsize|p1|6\n|teamsize|p2|6\n|gen|9\n|tier|[Gen 9] Ubers\n|rated|\n|rule|Sleep Clause Mod: Limit one foe put to sleep\n|rule|Species Clause: Limit one of each Pok\u00e9mon\n|rule|OHKO Clause: OHKO moves are banned\n|rule|Evasion Items Clause: Evasion items are banned\n|rule|Evasion Moves Clause: Evasion moves are banned\n|rule|Endless Battle Clause: Forcing endless battles is banned\n|rule|HP Percentage Mod: HP is shown in percentages\n|clearpoke\n|poke|p1|Dialga-Origin|\n|poke|p1|Toxapex, F|\n|poke|p1|Regieleki|\n|poke|p1|Mewtwo|\n|poke|p1|Ursaluna-Bloodmoon, M|\n|poke|p1|Zacian-*|\n|poke|p2|Cyclizar, M|\n|poke|p2|Iron Treads|\n|poke|p2|Miraidon|\n|poke|p2|Koraidon|\n|poke|p2|Zacian-*|\n|poke|p2|Arceus-Poison|\n|teampreview\n|inactive|Battle timer is ON: inactive players will automatically lose when time's up. (requested by Jroy12)\n|\n|t:|1699143816\n|start\n|switch|p1a: Dialga|Dialga-Origin|100\/100\n|switch|p2a: Cringemaster|Cyclizar, M|100\/100\n|-ability|p1a: Dialga|Pressure\n|turn|1\n|\n|t:|1699143825\n|move|p2a: Cringemaster|Shed Tail|p2a: Cringemaster\n|-start|p2a: Cringemaster|Substitute|[from] move: Shed Tail\n|-damage|p2a: Cringemaster|50\/100\n|\n|t:|1699143833\n|switch|p2a: Trump Card|Arceus-Poison|100\/100|[from] Shed Tail\n|move|p1a: Dialga|Flash Cannon|p2a: Trump Card\n|-end|p2a: Trump Card|Substitute\n|\n|upkeep\n|turn|2\n|\n|t:|1699143842\n|move|p2a: Trump Card|Iron Defense|p2a: Trump Card\n|-boost|p2a: Trump Card|def|2\n|move|p1a: Dialga|Dragon Pulse|p2a: Trump Card\n|-damage|p2a: Trump Card|66\/100\n|\n|upkeep\n|turn|3\n|\n|t:|1699143854\n|move|p2a: Trump Card|Recover|p2a: Trump Card\n|-heal|p2a: Trump Card|100\/100\n|move|p1a: Dialga|Dragon Pulse|p2a: Trump Card\n|-damage|p2a: Trump Card|65\/100\n|\n|upkeep\n|turn|4\n|\n|t:|1699143862\n|move|p2a: Trump Card|Body Press|p1a: Dialga\n|-supereffective|p1a: Dialga\n|-damage|p1a: Dialga|43\/100\n|move|p1a: Dialga|Flash Cannon|p2a: Trump Card\n|-damage|p2a: Trump Card|31\/100\n|-unboost|p2a: Trump Card|spd|1\n|\n|upkeep\n|turn|5\n|\n|t:|1699143871\n|move|p2a: Trump Card|Body Press|p1a: Dialga\n|-supereffective|p1a: Dialga\n|-damage|p1a: Dialga|0 fnt\n|faint|p1a: Dialga\n|\n|upkeep\n|\n|t:|1699143877\n|switch|p1a: Mewtwo|Mewtwo|100\/100\n|-ability|p1a: Mewtwo|Unnerve\n|turn|6\n|\n|t:|1699143884\n|switch|p2a: Spanish Racing|Miraidon|100\/100\n|-fieldstart|move: Electric Terrain|[from] ability: Hadron Engine|[of] p2a: Spanish Racing\n|move|p1a: Mewtwo|Psystrike|p2a: Spanish Racing\n|-damage|p2a: Spanish Racing|33\/100\n|\n|upkeep\n|turn|7\n|\n|t:|1699143894\n|move|p2a: Spanish Racing|U-turn|p1a: Mewtwo\n|-supereffective|p1a: Mewtwo\n|-damage|p1a: Mewtwo|72\/100\n|\n|t:|1699143905\n|switch|p2a: Dog\/Myth\/Legend|Zacian-Crowned|100\/100|[from] U-turn\n|-ability|p2a: Dog\/Myth\/Legend|Intrepid Sword|boost\n|-boost|p2a: Dog\/Myth\/Legend|atk|1\n|move|p1a: Mewtwo|Psystrike|p2a: Dog\/Myth\/Legend\n|-resisted|p2a: Dog\/Myth\/Legend\n|-damage|p2a: Dog\/Myth\/Legend|68\/100\n|\n|upkeep\n|turn|8\n|\n|t:|1699143918\n|move|p2a: Dog\/Myth\/Legend|Play Rough|p1a: Mewtwo|[miss]\n|-miss|p2a: Dog\/Myth\/Legend|p1a: Mewtwo\n|move|p1a: Mewtwo|Flamethrower|p2a: Dog\/Myth\/Legend\n|-supereffective|p2a: Dog\/Myth\/Legend\n|-damage|p2a: Dog\/Myth\/Legend|0 fnt\n|faint|p2a: Dog\/Myth\/Legend\n|\n|upkeep\n|\n|t:|1699143936\n|switch|p2a: Spanish Racing|Miraidon|33\/100\n|-activate|p2a: Spanish Racing|ability: Hadron Engine\n|turn|9\n|\n|t:|1699143942\n|move|p2a: Spanish Racing|Draco Meteor|p1a: Mewtwo\n|-damage|p1a: Mewtwo|0 fnt\n|-unboost|p2a: Spanish Racing|spa|2\n|faint|p1a: Mewtwo\n|\n|upkeep\n|\n|t:|1699143951\n|switch|p1a: Ursaluna|Ursaluna-Bloodmoon, M|100\/100\n|turn|10\n|\n|t:|1699143957\n|move|p2a: Spanish Racing|Taunt|p1a: Ursaluna\n|-start|p1a: Ursaluna|move: Taunt\n|move|p1a: Ursaluna|Earth Power|p2a: Spanish Racing\n|-supereffective|p2a: Spanish Racing\n|-damage|p2a: Spanish Racing|0 fnt\n|faint|p2a: Spanish Racing\n|\n|-fieldend|move: Electric Terrain\n|upkeep\n|\n|t:|1699143964\n|switch|p2a: Conquistador|Koraidon|100\/100\n|-weather|SunnyDay|[from] ability: Orichalcum Pulse|[of] p2a: Conquistador\n|-activate|p2a: Conquistador|Orichalcum Pulse|[source]\n|turn|11\n|\n|t:|1699143971\n|move|p2a: Conquistador|Collision Course|p1a: Ursaluna\n|-supereffective|p1a: Ursaluna\n|-damage|p1a: Ursaluna|0 fnt\n|faint|p1a: Ursaluna\n|\n|-weather|SunnyDay|[upkeep]\n|upkeep\n|\n|t:|1699143984\n|switch|p1a: Toxapex|Toxapex, F|100\/100\n|turn|12\n|\n|t:|1699143991\n|switch|p2a: Cringemaster|Cyclizar, M|84\/100\n|move|p1a: Toxapex|Toxic|p2a: Cringemaster\n|-status|p2a: Cringemaster|tox\n|\n|-weather|SunnyDay|[upkeep]\n|-damage|p2a: Cringemaster|78\/100 tox|[from] psn\n|upkeep\n|turn|13\n|\n|t:|1699144006\n|switch|p1a: Zacian|Zacian-Crowned|100\/100\n|-ability|p1a: Zacian|Intrepid Sword|boost\n|-boost|p1a: Zacian|atk|1\n|move|p2a: Cringemaster|Shed Tail|p2a: Cringemaster\n|-start|p2a: Cringemaster|Substitute|[from] move: Shed Tail\n|-damage|p2a: Cringemaster|28\/100 tox\n|\n|t:|1699144015\n|switch|p2a: Trump Card|Arceus-Poison|31\/100|[from] Shed Tail\n|\n|-weather|SunnyDay|[upkeep]\n|upkeep\n|turn|14\n|\n|t:|1699144023\n|move|p1a: Zacian|Psychic Fangs|p2a: Trump Card\n|-supereffective|p2a: Trump Card\n|-end|p2a: Trump Card|Substitute\n|move|p2a: Trump Card|Recover|p2a: Trump Card\n|-heal|p2a: Trump Card|81\/100\n|\n|-weather|SunnyDay|[upkeep]\n|upkeep\n|turn|15\n|\n|t:|1699144031\n|switch|p2a: Treadulus|Iron Treads|100\/100\n|move|p1a: Zacian|Psychic Fangs|p2a: Treadulus\n|-resisted|p2a: Treadulus\n|-damage|p2a: Treadulus|77\/100\n|\n|-weather|none\n|-heal|p2a: Treadulus|84\/100|[from] item: Leftovers\n|upkeep\n|turn|16\n|\n|t:|1699144040\n|move|p1a: Zacian|Sacred Sword|p2a: Treadulus\n|-supereffective|p2a: Treadulus\n|-damage|p2a: Treadulus|0 fnt\n|faint|p2a: Treadulus\n|-end|p2a: Treadulus|Quark Drive|[silent]\n|\n|upkeep\n|\n|t:|1699144048\n|switch|p2a: Conquistador|Koraidon|100\/100\n|-weather|SunnyDay|[from] ability: Orichalcum Pulse|[of] p2a: Conquistador\n|-activate|p2a: Conquistador|Orichalcum Pulse|[source]\n|turn|17\n|\n|t:|1699144053\n|move|p2a: Conquistador|Flare Blitz|p1a: Zacian\n|-supereffective|p1a: Zacian\n|-damage|p1a: Zacian|0 fnt\n|faint|p1a: Zacian\n|-damage|p2a: Conquistador|69\/100|[from] Recoil\n|\n|-weather|SunnyDay|[upkeep]\n|upkeep\n|\n|t:|1699144074\n|switch|p1a: Regieleki|Regieleki|100\/100\n|turn|18\n|\n|t:|1699144079\n|-terastallize|p1a: Regieleki|Ice\n|move|p2a: Conquistador|Flare Blitz|p1a: Regieleki\n|-supereffective|p1a: Regieleki\n|-enditem|p1a: Regieleki|Focus Sash\n|-damage|p1a: Regieleki|1\/100\n|-damage|p2a: Conquistador|40\/100|[from] Recoil\n|move|p1a: Regieleki|Tera Blast|p2a: Conquistador|[anim] Tera Blast Ice\n|-supereffective|p2a: Conquistador\n|-damage|p2a: Conquistador|0 fnt\n|faint|p2a: Conquistador\n|\n|-weather|SunnyDay|[upkeep]\n|upkeep\n|\n|t:|1699144083\n|switch|p2a: Cringemaster|Cyclizar, M|61\/100 tox\n|turn|19\n|\n|t:|1699144094\n|move|p2a: Cringemaster|U-turn|p1a: Regieleki\n|-damage|p1a: Regieleki|0 fnt\n|faint|p1a: Regieleki\n|\n|t:|1699144098\n|switch|p2a: Trump Card|Arceus-Poison|81\/100|[from] U-turn\n|\n|-weather|SunnyDay|[upkeep]\n|upkeep\n|\n|t:|1699144103\n|switch|p1a: Toxapex|Toxapex, F|100\/100\n|turn|20\n|c|\u2606SethLikesCombusken|gg\n|\n|t:|1699144112\n|switch|p2a: Cringemaster|Cyclizar, M|94\/100 tox\n|move|p1a: Toxapex|Chilling Water|p2a: Cringemaster\n|-resisted|p2a: Cringemaster\n|-damage|p2a: Cringemaster|91\/100 tox\n|-unboost|p2a: Cringemaster|atk|1\n|\n|-weather|SunnyDay|[upkeep]\n|-damage|p2a: Cringemaster|85\/100 tox|[from] psn\n|upkeep\n|turn|21\n|\n|t:|1699144122\n|move|p1a: Toxapex|Baneful Bunker|p1a: Toxapex\n|-singleturn|p1a: Toxapex|move: Protect\n|move|p2a: Cringemaster|Shed Tail|p2a: Cringemaster\n|-start|p2a: Cringemaster|Substitute|[from] move: Shed Tail\n|-damage|p2a: Cringemaster|35\/100 tox\n|\n|t:|1699144125\n|switch|p2a: Trump Card|Arceus-Poison|81\/100|[from] Shed Tail\n|\n|-weather|none\n|upkeep\n|turn|22\n|\n|t:|1699144134\n|move|p2a: Trump Card|Iron Defense|p2a: Trump Card\n|-boost|p2a: Trump Card|def|2\n|move|p1a: Toxapex|Chilling Water|p2a: Trump Card\n|-crit|p2a: Trump Card\n|-activate|p2a: Trump Card|move: Substitute|[damage]\n|\n|upkeep\n|turn|23\n|\n|t:|1699144140\n|move|p2a: Trump Card|Iron Defense|p2a: Trump Card\n|-boost|p2a: Trump Card|def|2\n|move|p1a: Toxapex|Chilling Water|p2a: Trump Card\n|-activate|p2a: Trump Card|move: Substitute|[damage]\n|\n|upkeep\n|turn|24\n|\n|t:|1699144147\n|move|p2a: Trump Card|Iron Defense|p2a: Trump Card\n|-boost|p2a: Trump Card|def|2\n|move|p1a: Toxapex|Chilling Water|p2a: Trump Card\n|-end|p2a: Trump Card|Substitute\n|\n|upkeep\n|turn|25\n|\n|t:|1699144153\n|move|p2a: Trump Card|Stored Power|p1a: Toxapex\n|-supereffective|p1a: Toxapex\n|-damage|p1a: Toxapex|35\/100\n|move|p1a: Toxapex|Haze|p1a: Toxapex\n|-clearallboost\n|\n|-heal|p1a: Toxapex|41\/100|[from] item: Black Sludge\n|upkeep\n|turn|26\n|c|\u2606SethLikesCombusken|you know haze works through sub right\n|\n|t:|1699144172\n|move|p2a: Trump Card|Stored Power|p1a: Toxapex\n|-supereffective|p1a: Toxapex\n|-damage|p1a: Toxapex|31\/100\n|move|p1a: Toxapex|Chilling Water|p2a: Trump Card\n|-damage|p2a: Trump Card|74\/100\n|-unboost|p2a: Trump Card|atk|1\n|\n|-heal|p1a: Toxapex|37\/100|[from] item: Black Sludge\n|upkeep\n|turn|27\n|\n|t:|1699144182\n|move|p1a: Toxapex|Baneful Bunker|p1a: Toxapex\n|-singleturn|p1a: Toxapex|move: Protect\n|move|p2a: Trump Card|Stored Power|p1a: Toxapex\n|-activate|p1a: Toxapex|move: Protect\n|\n|-heal|p1a: Toxapex|44\/100|[from] item: Black Sludge\n|upkeep\n|turn|28\n|\n|t:|1699144202\n|move|p2a: Trump Card|Stored Power|p1a: Toxapex\n|-supereffective|p1a: Toxapex\n|-crit|p1a: Toxapex\n|-damage|p1a: Toxapex|29\/100\n|move|p1a: Toxapex|Chilling Water|p2a: Trump Card\n|-damage|p2a: Trump Card|67\/100\n|-unboost|p2a: Trump Card|atk|1\n|\n|-heal|p1a: Toxapex|35\/100|[from] item: Black Sludge\n|upkeep\n|turn|29\n|\n|t:|1699144212\n|move|p1a: Toxapex|Baneful Bunker|p1a: Toxapex\n|-singleturn|p1a: Toxapex|move: Protect\n|move|p2a: Trump Card|Stored Power|p1a: Toxapex\n|-activate|p1a: Toxapex|move: Protect\n|\n|-heal|p1a: Toxapex|42\/100|[from] item: Black Sludge\n|upkeep\n|turn|30\n|\n|t:|1699144232\n|move|p2a: Trump Card|Stored Power|p1a: Toxapex\n|-supereffective|p1a: Toxapex\n|-damage|p1a: Toxapex|33\/100\n|move|p1a: Toxapex|Chilling Water|p2a: Trump Card\n|-damage|p2a: Trump Card|61\/100\n|-unboost|p2a: Trump Card|atk|1\n|\n|-heal|p1a: Toxapex|39\/100|[from] item: Black Sludge\n|upkeep\n|turn|31\n|\n|t:|1699144242\n|switch|p2a: Cringemaster|Cyclizar, M|68\/100 tox\n|move|p1a: Toxapex|Baneful Bunker||[still]\n|-fail|p1a: Toxapex\n|\n|-heal|p1a: Toxapex|46\/100|[from] item: Black Sludge\n|-damage|p2a: Cringemaster|62\/100 tox|[from] psn\n|upkeep\n|turn|32\n|\n|t:|1699144252\n|move|p2a: Cringemaster|Draco Meteor|p1a: Toxapex\n|-damage|p1a: Toxapex|16\/100\n|-unboost|p2a: Cringemaster|spa|2\n|move|p1a: Toxapex|Chilling Water|p2a: Cringemaster\n|-resisted|p2a: Cringemaster\n|-damage|p2a: Cringemaster|55\/100 tox\n|-unboost|p2a: Cringemaster|atk|1\n|\n|-heal|p1a: Toxapex|22\/100|[from] item: Black Sludge\n|-damage|p2a: Cringemaster|42\/100 tox|[from] psn\n|upkeep\n|turn|33\n|\n|t:|1699144265\n|switch|p2a: Trump Card|Arceus-Poison|61\/100\n|move|p1a: Toxapex|Baneful Bunker||[still]\n|-fail|p1a: Toxapex\n|\n|-heal|p1a: Toxapex|28\/100|[from] item: Black Sludge\n|upkeep\n|turn|34\n|\n|t:|1699144273\n|move|p2a: Trump Card|Stored Power|p1a: Toxapex\n|-supereffective|p1a: Toxapex\n|-damage|p1a: Toxapex|18\/100\n|move|p1a: Toxapex|Chilling Water|p2a: Trump Card\n|-damage|p2a: Trump Card|54\/100\n|-unboost|p2a: Trump Card|atk|1\n|\n|-heal|p1a: Toxapex|24\/100|[from] item: Black Sludge\n|upkeep\n|turn|35\n|\n|t:|1699144284\n|switch|p2a: Cringemaster|Cyclizar, M|75\/100 tox\n|move|p1a: Toxapex|Chilling Water|p2a: Cringemaster\n|-resisted|p2a: Cringemaster\n|-damage|p2a: Cringemaster|69\/100 tox\n|-unboost|p2a: Cringemaster|atk|1\n|\n|-heal|p1a: Toxapex|30\/100|[from] item: Black Sludge\n|-damage|p2a: Cringemaster|62\/100 tox|[from] psn\n|upkeep\n|turn|36\n|\n|t:|1699144296\n|move|p2a: Cringemaster|Draco Meteor|p1a: Toxapex\n|-damage|p1a: Toxapex|2\/100\n|-unboost|p2a: Cringemaster|spa|2\n|move|p1a: Toxapex|Chilling Water|p2a: Cringemaster\n|-resisted|p2a: Cringemaster\n|-damage|p2a: Cringemaster|55\/100 tox\n|-unboost|p2a: Cringemaster|atk|1\n|\n|-heal|p1a: Toxapex|8\/100|[from] item: Black Sludge\n|-damage|p2a: Cringemaster|43\/100 tox|[from] psn\n|upkeep\n|turn|37\n|\n|t:|1699144308\n|switch|p2a: Trump Card|Arceus-Poison|54\/100\n|move|p1a: Toxapex|Baneful Bunker||[still]\n|-fail|p1a: Toxapex\n|\n|-heal|p1a: Toxapex|14\/100|[from] item: Black Sludge\n|upkeep\n|turn|38\n|\n|t:|1699144316\n|move|p1a: Toxapex|Baneful Bunker|p1a: Toxapex\n|-singleturn|p1a: Toxapex|move: Protect\n|move|p2a: Trump Card|Stored Power|p1a: Toxapex\n|-activate|p1a: Toxapex|move: Protect\n|\n|-heal|p1a: Toxapex|20\/100|[from] item: Black Sludge\n|upkeep\n|turn|39\n|\n|t:|1699144325\n|move|p2a: Trump Card|Stored Power|p1a: Toxapex\n|-supereffective|p1a: Toxapex\n|-damage|p1a: Toxapex|11\/100\n|move|p1a: Toxapex|Chilling Water|p2a: Trump Card\n|-damage|p2a: Trump Card|46\/100\n|-unboost|p2a: Trump Card|atk|1\n|\n|-heal|p1a: Toxapex|17\/100|[from] item: Black Sludge\n|upkeep\n|turn|40\n|\n|t:|1699144334\n|move|p1a: Toxapex|Baneful Bunker|p1a: Toxapex\n|-singleturn|p1a: Toxapex|move: Protect\n|move|p2a: Trump Card|Iron Defense|p2a: Trump Card\n|-boost|p2a: Trump Card|def|2\n|\n|-heal|p1a: Toxapex|23\/100|[from] item: Black Sludge\n|upkeep\n|turn|41\n|\n|t:|1699144342\n|move|p2a: Trump Card|Stored Power|p1a: Toxapex\n|-supereffective|p1a: Toxapex\n|-damage|p1a: Toxapex|0 fnt\n|faint|p1a: Toxapex\n|\n|win|SethLikesCombusken\n|raw|Jroy12's rating: 1181 &rarr; <strong>1153<\/strong><br \/>(-28 for losing)\n|raw|SethLikesCombusken's rating: 1133 &rarr; <strong>1161<\/strong><br \/>(+28 for winning)\n|l|\u2606Jroy12\n|c|\u2606SethLikesCombusken|gg\n","uploadtime":1699144352,"views":9,"p1id":"jroy12","p2id":"sethlikescombusken","formatid":"gen9ubers","rating":1153,"private":0,"password":""}