{"id":"gen9ubers-1994910106","p1":"crashlouko","p2":"gndu36","format":"[Gen 9] Ubers","log":"|j|\u2606crashlouko\n|j|\u2606gndu36\n|t:|1700503851\n|gametype|singles\n|player|p1|crashlouko|red|1277\n|player|p2|gndu36|170|1201\n|teamsize|p1|6\n|teamsize|p2|6\n|gen|9\n|tier|[Gen 9] Ubers\n|rated|\n|rule|Sleep Clause Mod: Limit one foe put to sleep\n|rule|Species Clause: Limit one of each Pok\u00e9mon\n|rule|OHKO Clause: OHKO moves are banned\n|rule|Evasion Items Clause: Evasion items are banned\n|rule|Evasion Moves Clause: Evasion moves are banned\n|rule|Endless Battle Clause: Forcing endless battles is banned\n|rule|HP Percentage Mod: HP is shown in percentages\n|clearpoke\n|poke|p1|Mewtwo|\n|poke|p1|Eternatus|\n|poke|p1|Rayquaza|\n|poke|p1|Miraidon|\n|poke|p1|Zacian-*|\n|poke|p1|Regieleki|\n|poke|p2|Zacian-*|\n|poke|p2|Corviknight, F|\n|poke|p2|Toxapex, M|\n|poke|p2|Great Tusk|\n|poke|p2|Cinderace, F|\n|poke|p2|Samurott-Hisui, F|\n|teampreview\n|inactive|Battle timer is ON: inactive players will automatically lose when time's up. (requested by crashlouko)\n|\n|t:|1700503858\n|start\n|switch|p1a: Regieleki|Regieleki|100\/100\n|switch|p2a: Samurott|Samurott-Hisui, F|100\/100\n|-item|p1a: Regieleki|Air Balloon\n|turn|1\n|\n|t:|1700503882\n|switch|p2a: Great Tusk|Great Tusk|100\/100\n|move|p1a: Regieleki|Volt Switch|p2a: Great Tusk\n|-immune|p2a: Great Tusk\n|\n|upkeep\n|turn|2\n|\n|t:|1700503889\n|move|p1a: Regieleki|Reflect|p1a: Regieleki\n|-sidestart|p1: crashlouko|Reflect\n|move|p2a: Great Tusk|Knock Off|p1a: Regieleki\n|-damage|p1a: Regieleki|71\/100\n|-enditem|p1a: Regieleki|Air Balloon\n|\n|upkeep\n|turn|3\n|\n|t:|1700503909\n|switch|p1a: Baile de Favela|Rayquaza, shiny|100\/100\n|-ability|p1a: Baile de Favela|Air Lock\n|move|p2a: Great Tusk|Ice Spinner|p1a: Baile de Favela\n|-supereffective|p1a: Baile de Favela\n|-damage|p1a: Baile de Favela|43\/100\n|\n|upkeep\n|turn|4\n|\n|t:|1700503917\n|move|p1a: Baile de Favela|Dragon Ascent|p2a: Great Tusk\n|-supereffective|p2a: Great Tusk\n|-damage|p2a: Great Tusk|0 fnt\n|-unboost|p1a: Baile de Favela|def|1\n|-unboost|p1a: Baile de Favela|spd|1\n|faint|p2a: Great Tusk\n|-end|p2a: Great Tusk|Protosynthesis|[silent]\n|-damage|p1a: Baile de Favela|33\/100|[from] item: Life Orb\n|\n|upkeep\n|\n|t:|1700503927\n|switch|p2a: Cinderace|Cinderace, F|100\/100\n|turn|5\n|\n|t:|1700503952\n|switch|p1a: Regieleki|Regieleki|71\/100\n|move|p2a: Cinderace|Iron Head|p1a: Regieleki\n|-start|p2a: Cinderace|typechange|Steel|[from] ability: Libero\n|-resisted|p1a: Regieleki\n|-damage|p1a: Regieleki|56\/100\n|\n|upkeep\n|turn|6\n|\n|t:|1700503976\n|switch|p2a: Samurott|Samurott-Hisui, F|100\/100\n|move|p1a: Regieleki|Light Screen|p1a: Regieleki\n|-sidestart|p1: crashlouko|move: Light Screen\n|\n|-sideend|p1: crashlouko|Reflect\n|upkeep\n|turn|7\n|\n|t:|1700503985\n|move|p2a: Samurott|Aqua Jet|p1a: Regieleki\n|-damage|p1a: Regieleki|23\/100\n|move|p1a: Regieleki|Volt Switch|p2a: Samurott\n|-supereffective|p2a: Samurott\n|-damage|p2a: Samurott|3\/100\n|\n|t:|1700503991\n|switch|p1a: Miraidon|Miraidon|100\/100|[from] Volt Switch\n|-fieldstart|move: Electric Terrain|[from] ability: Hadron Engine|[of] p1a: Miraidon\n|\n|upkeep\n|turn|8\n|\n|t:|1700504003\n|move|p2a: Samurott|Aqua Jet|p1a: Miraidon\n|-resisted|p1a: Miraidon\n|-damage|p1a: Miraidon|90\/100\n|move|p1a: Miraidon|Calm Mind|p1a: Miraidon\n|-boost|p1a: Miraidon|spa|1\n|-boost|p1a: Miraidon|spd|1\n|\n|upkeep\n|turn|9\n|\n|t:|1700504010\n|move|p2a: Samurott|Aqua Jet|p1a: Miraidon\n|-resisted|p1a: Miraidon\n|-damage|p1a: Miraidon|81\/100\n|move|p1a: Miraidon|Electro Drift|p2a: Samurott\n|-supereffective|p2a: Samurott\n|-damage|p2a: Samurott|0 fnt\n|faint|p2a: Samurott\n|\n|upkeep\n|\n|t:|1700504019\n|switch|p2a: Toxapex|Toxapex, M|100\/100\n|turn|10\n|\n|t:|1700504026\n|move|p2a: Toxapex|Baneful Bunker|p2a: Toxapex\n|-singleturn|p2a: Toxapex|move: Protect\n|move|p1a: Miraidon|Electro Drift|p2a: Toxapex\n|-activate|p2a: Toxapex|move: Protect\n|-status|p1a: Miraidon|psn\n|\n|-damage|p1a: Miraidon|68\/100 psn|[from] psn\n|-sideend|p1: crashlouko|move: Light Screen\n|upkeep\n|turn|11\n|\n|t:|1700504038\n|switch|p2a: Corviknight|Corviknight, F|100\/100\n|move|p1a: Miraidon|Electro Drift|p2a: Corviknight\n|-supereffective|p2a: Corviknight\n|-damage|p2a: Corviknight|0 fnt\n|faint|p2a: Corviknight\n|\n|-damage|p1a: Miraidon|56\/100 psn|[from] psn\n|-fieldend|move: Electric Terrain\n|upkeep\n|\n|t:|1700504048\n|switch|p2a: Zacian|Zacian-Crowned|100\/100\n|-ability|p2a: Zacian|Intrepid Sword|boost\n|-boost|p2a: Zacian|atk|1\n|turn|12\n|\n|t:|1700504058\n|move|p2a: Zacian|Play Rough|p1a: Miraidon\n|-supereffective|p1a: Miraidon\n|-damage|p1a: Miraidon|0 fnt\n|faint|p1a: Miraidon\n|\n|upkeep\n|\n|t:|1700504063\n|switch|p1a: Eternatus|Eternatus|100\/100\n|-ability|p1a: Eternatus|Pressure\n|turn|13\n|\n|t:|1700504068\n|move|p2a: Zacian|Swords Dance|p2a: Zacian\n|-boost|p2a: Zacian|atk|2\n|move|p1a: Eternatus|Toxic|p2a: Zacian\n|-immune|p2a: Zacian\n|\n|upkeep\n|turn|14\n|\n|t:|1700504094\n|move|p2a: Zacian|Behemoth Blade|p1a: Eternatus\n|-damage|p1a: Eternatus|0 fnt\n|faint|p1a: Eternatus\n|\n|upkeep\n|\n|t:|1700504102\n|switch|p1a: Regieleki|Regieleki|23\/100\n|turn|15\n|\n|t:|1700504119\n|move|p1a: Regieleki|Reflect|p1a: Regieleki\n|-sidestart|p1: crashlouko|Reflect\n|move|p2a: Zacian|Sacred Sword|p1a: Regieleki\n|-damage|p1a: Regieleki|0 fnt\n|faint|p1a: Regieleki\n|\n|upkeep\n|inactive|crashlouko has 120 seconds left.\n|\n|t:|1700504157\n|switch|p1a: Mewtwo|Mewtwo|100\/100\n|-ability|p1a: Mewtwo|Pressure\n|turn|16\n|\n|t:|1700504167\n|move|p2a: Zacian|Behemoth Blade|p1a: Mewtwo\n|-damage|p1a: Mewtwo|21\/100\n|move|p1a: Mewtwo|Aura Sphere|p2a: Zacian\n|-damage|p2a: Zacian|65\/100\n|-damage|p1a: Mewtwo|12\/100|[from] item: Life Orb\n|\n|upkeep\n|turn|17\n|inactive|crashlouko has 120 seconds left.\n|inactive|gndu36 has 120 seconds left.\n|\n|t:|1700504215\n|move|p2a: Zacian|Behemoth Blade|p1a: Mewtwo\n|-damage|p1a: Mewtwo|0 fnt\n|faint|p1a: Mewtwo\n|\n|upkeep\n|inactive|crashlouko has 120 seconds left.\n|\n|t:|1700504220\n|switch|p1a: Zacian|Zacian-Crowned|100\/100\n|-ability|p1a: Zacian|Intrepid Sword|boost\n|-boost|p1a: Zacian|atk|1\n|turn|18\n|inactive|crashlouko has 120 seconds left.\n|inactive|gndu36 has 90 seconds left.\n|l|\u2606gndu36\n|inactive|gndu36 disconnected and has a minute to reconnect!\n|player|p2|\n|j|\u2606gndu36\n|inactive|gndu36 reconnected and has 65 seconds left.\n|player|p2|gndu36|170\n|inactive|gndu36 has 60 seconds left.\n|\n|t:|1700504287\n|-terastallize|p2a: Zacian|Water\n|move|p1a: Zacian|Behemoth Blade|p2a: Zacian\n|-resisted|p2a: Zacian\n|-damage|p2a: Zacian|27\/100\n|move|p2a: Zacian|Behemoth Blade|p1a: Zacian\n|-damage|p1a: Zacian|30\/100\n|\n|upkeep\n|turn|19\n|inactive|gndu36 has 60 seconds left.\n|inactive|crashlouko has 120 seconds left.\n|\n|t:|1700504304\n|move|p1a: Zacian|Sacred Sword|p2a: Zacian\n|-damage|p2a: Zacian|0 fnt\n|faint|p2a: Zacian\n|\n|-sideend|p1: crashlouko|Reflect\n|upkeep\n|\n|t:|1700504309\n|switch|p2a: Cinderace|Cinderace, F|100\/100\n|turn|20\n|\n|t:|1700504317\n|move|p1a: Zacian|Sacred Sword|p2a: Cinderace\n|-damage|p2a: Cinderace|25\/100\n|move|p2a: Cinderace|Iron Head|p1a: Zacian\n|-start|p2a: Cinderace|typechange|Steel|[from] ability: Libero\n|-damage|p1a: Zacian|0 fnt\n|faint|p1a: Zacian\n|\n|upkeep\n|\n|t:|1700504321\n|switch|p1a: Baile de Favela|Rayquaza, shiny|33\/100\n|-ability|p1a: Baile de Favela|Air Lock\n|turn|21\n|\n|t:|1700504339\n|-terastallize|p1a: Baile de Favela|Steel\n|move|p2a: Cinderace|Iron Head|p1a: Baile de Favela\n|-resisted|p1a: Baile de Favela\n|-damage|p1a: Baile de Favela|14\/100\n|move|p1a: Baile de Favela|Dragon Dance|p1a: Baile de Favela\n|-boost|p1a: Baile de Favela|atk|1\n|-boost|p1a: Baile de Favela|spe|1\n|\n|upkeep\n|turn|22\n|\n|t:|1700504348\n|move|p2a: Cinderace|Sucker Punch|p1a: Baile de Favela\n|-damage|p1a: Baile de Favela|0 fnt\n|faint|p1a: Baile de Favela\n|\n|win|gndu36\n|raw|crashlouko's rating: 1277 &rarr; <strong>1247<\/strong><br \/>(-30 for losing)\n|raw|gndu36's rating: 1201 &rarr; <strong>1231<\/strong><br \/>(+30 for winning)\n|l|\u2606crashlouko\n|c|\u2606gndu36|gg\n","uploadtime":1700504580,"views":8,"p1id":"crashlouko","p2id":"gndu36","formatid":"gen9ubers","rating":1231,"private":0,"password":""}