{"id":"gen9ubers-1975079747","p1":"SlowCat","p2":"Anne Frankkkk","format":"[Gen 9] Ubers","log":"|j|\u2606SlowCat\n|j|\u2606Anne Frankkkk\n|t:|1698160314\n|gametype|singles\n|player|p1|SlowCat|rocketgrunt|1184\n|player|p2|Anne Frankkkk|hilbert|1194\n|teamsize|p1|6\n|teamsize|p2|6\n|gen|9\n|tier|[Gen 9] Ubers\n|rated|\n|rule|Sleep Clause Mod: Limit one foe put to sleep\n|rule|Species Clause: Limit one of each Pok\u00e9mon\n|rule|OHKO Clause: OHKO moves are banned\n|rule|Evasion Items Clause: Evasion items are banned\n|rule|Evasion Moves Clause: Evasion moves are banned\n|rule|Endless Battle Clause: Forcing endless battles is banned\n|rule|HP Percentage Mod: HP is shown in percentages\n|clearpoke\n|poke|p1|Chien-Pao|\n|poke|p1|Skeledirge, F|\n|poke|p1|Urshifu-*, F|\n|poke|p1|Palkia-Origin|\n|poke|p1|Talonflame, M|\n|poke|p1|Jolteon, F|\n|poke|p2|Iron Hands|\n|poke|p2|Kyogre|\n|poke|p2|Chien-Pao|\n|poke|p2|Ribombee, M|\n|poke|p2|Miraidon|\n|poke|p2|Flutter Mane|\n|teampreview\n|inactive|Battle timer is ON: inactive players will automatically lose when time's up. (requested by SlowCat)\n|\n|t:|1698160334\n|start\n|switch|p1a: \/\/%\\\\\u00a5|Palkia-Origin|100\/100\n|switch|p2a: Ribombee|Ribombee, M, shiny|100\/100\n|-ability|p1a: \/\/%\\\\\u00a5|Pressure\n|turn|1\n|\n|t:|1698160338\n|move|p2a: Ribombee|Sticky Web|p1a: \/\/%\\\\\u00a5\n|-sidestart|p1: SlowCat|move: Sticky Web\n|move|p1a: \/\/%\\\\\u00a5|Fire Blast|p2a: Ribombee\n|-supereffective|p2a: Ribombee\n|-enditem|p2a: Ribombee|Focus Sash\n|-damage|p2a: Ribombee|1\/100\n|\n|upkeep\n|turn|2\n|\n|t:|1698160342\n|move|p2a: Ribombee|Moonblast|p1a: \/\/%\\\\\u00a5\n|-supereffective|p1a: \/\/%\\\\\u00a5\n|-damage|p1a: \/\/%\\\\\u00a5|27\/100\n|move|p1a: \/\/%\\\\\u00a5|Fire Blast|p2a: Ribombee\n|-supereffective|p2a: Ribombee\n|-damage|p2a: Ribombee|0 fnt\n|faint|p2a: Ribombee\n|\n|upkeep\n|\n|t:|1698160354\n|switch|p2a: Flutter Mane|Flutter Mane, shiny|100\/100\n|-enditem|p2a: Flutter Mane|Booster Energy\n|-activate|p2a: Flutter Mane|ability: Protosynthesis|[fromitem]\n|-start|p2a: Flutter Mane|protosynthesisspe\n|turn|3\n|\n|t:|1698160365\n|switch|p1a: \u00ab\u20a9\u00bb|Talonflame, M|100\/100\n|move|p2a: Flutter Mane|Moonblast|p1a: \u00ab\u20a9\u00bb\n|-resisted|p1a: \u00ab\u20a9\u00bb\n|-damage|p1a: \u00ab\u20a9\u00bb|59\/100\n|-unboost|p1a: \u00ab\u20a9\u00bb|spa|1\n|\n|upkeep\n|turn|4\n|\n|t:|1698160371\n|move|p2a: Flutter Mane|Power Gem|p1a: \u00ab\u20a9\u00bb\n|-supereffective|p1a: \u00ab\u20a9\u00bb\n|-damage|p1a: \u00ab\u20a9\u00bb|0 fnt\n|faint|p1a: \u00ab\u20a9\u00bb\n|\n|upkeep\n|\n|t:|1698160385\n|switch|p1a: \/\/%\\\\\u00a5|Palkia-Origin|27\/100\n|-activate|p1a: \/\/%\\\\\u00a5|move: Sticky Web\n|-unboost|p1a: \/\/%\\\\\u00a5|spe|1\n|-ability|p1a: \/\/%\\\\\u00a5|Pressure\n|turn|5\n|\n|t:|1698160387\n|move|p2a: Flutter Mane|Moonblast|p1a: \/\/%\\\\\u00a5\n|-supereffective|p1a: \/\/%\\\\\u00a5\n|-damage|p1a: \/\/%\\\\\u00a5|0 fnt\n|faint|p1a: \/\/%\\\\\u00a5\n|\n|upkeep\n|\n|t:|1698160390\n|switch|p1a: ~\u2014-^=*|Skeledirge, F|100\/100\n|turn|6\n|\n|t:|1698160397\n|-terastallize|p1a: ~\u2014-^=*|Water\n|move|p2a: Flutter Mane|Calm Mind|p2a: Flutter Mane\n|-boost|p2a: Flutter Mane|spa|1\n|-boost|p2a: Flutter Mane|spd|1\n|move|p1a: ~\u2014-^=*|Hex|p2a: Flutter Mane\n|-supereffective|p2a: Flutter Mane\n|-damage|p2a: Flutter Mane|52\/100\n|\n|upkeep\n|turn|7\n|\n|t:|1698160406\n|move|p2a: Flutter Mane|Moonblast|p1a: ~\u2014-^=*\n|-damage|p1a: ~\u2014-^=*|67\/100\n|-unboost|p1a: ~\u2014-^=*|spa|1\n|move|p1a: ~\u2014-^=*|Torch Song|p2a: Flutter Mane\n|-damage|p2a: Flutter Mane|29\/100\n|-boost|p1a: ~\u2014-^=*|spa|1\n|\n|upkeep\n|turn|8\n|\n|t:|1698160409\n|move|p2a: Flutter Mane|Moonblast|p1a: ~\u2014-^=*\n|-damage|p1a: ~\u2014-^=*|31\/100\n|-unboost|p1a: ~\u2014-^=*|spa|1\n|move|p1a: ~\u2014-^=*|Hex|p2a: Flutter Mane\n|-supereffective|p2a: Flutter Mane\n|-damage|p2a: Flutter Mane|0 fnt\n|faint|p2a: Flutter Mane\n|-end|p2a: Flutter Mane|Protosynthesis|[silent]\n|\n|upkeep\n|\n|t:|1698160412\n|switch|p2a: Iron Hands|Iron Hands, shiny|100\/100\n|turn|9\n|\n|t:|1698160415\n|switch|p1a: ^o o^|Jolteon, F|100\/100\n|-activate|p1a: ^o o^|move: Sticky Web\n|-unboost|p1a: ^o o^|spe|1\n|move|p2a: Iron Hands|Wild Charge|p1a: ^o o^\n|-immune|p1a: ^o o^|[from] ability: Volt Absorb\n|\n|upkeep\n|turn|10\n|\n|t:|1698160422\n|move|p1a: ^o o^|Yawn|p2a: Iron Hands\n|-start|p2a: Iron Hands|move: Yawn|[of] p1a: ^o o^\n|move|p2a: Iron Hands|Drain Punch|p1a: ^o o^\n|-damage|p1a: ^o o^|15\/100\n|-enditem|p1a: ^o o^|Salac Berry|[eat]\n|-boost|p1a: ^o o^|spe|1|[from] item: Salac Berry\n|\n|upkeep\n|turn|11\n|\n|t:|1698160438\n|-end|p2a: Iron Hands|Quark Drive|[silent]\n|switch|p2a: Miraidon|Miraidon|100\/100\n|-fieldstart|move: Electric Terrain|[from] ability: Hadron Engine|[of] p2a: Miraidon\n|-item|p2a: Miraidon|Air Balloon\n|move|p1a: ^o o^|Shadow Ball|p2a: Miraidon\n|-damage|p2a: Miraidon|80\/100\n|-unboost|p2a: Miraidon|spd|1\n|-enditem|p2a: Miraidon|Air Balloon\n|\n|upkeep\n|turn|12\n|\n|t:|1698160447\n|move|p1a: ^o o^|Yawn|p2a: Miraidon\n|-activate|p2a: Miraidon|move: Electric Terrain\n|move|p2a: Miraidon|Dragon Pulse|p1a: ^o o^\n|-damage|p1a: ^o o^|0 fnt\n|faint|p1a: ^o o^\n|\n|upkeep\n|\n|t:|1698160452\n|switch|p1a: >:\u20ac|Chien-Pao|100\/100\n|-activate|p1a: >:\u20ac|move: Sticky Web\n|-unboost|p1a: >:\u20ac|spe|1\n|-ability|p1a: >:\u20ac|Sword of Ruin\n|turn|13\n|\n|t:|1698160459\n|move|p1a: >:\u20ac|Ice Shard|p2a: Miraidon\n|-supereffective|p2a: Miraidon\n|-damage|p2a: Miraidon|12\/100\n|-damage|p1a: >:\u20ac|91\/100|[from] item: Life Orb\n|move|p2a: Miraidon|Electro Drift|p1a: >:\u20ac\n|-damage|p1a: >:\u20ac|0 fnt\n|faint|p1a: >:\u20ac\n|\n|upkeep\n|\n|t:|1698160463\n|switch|p1a: \u270a\ud83c\udffb^o.o^\ud83e\udd1a\ud83c\udffb|Urshifu-Rapid-Strike, F|100\/100\n|-activate|p1a: \u270a\ud83c\udffb^o.o^\ud83e\udd1a\ud83c\udffb|move: Sticky Web\n|-unboost|p1a: \u270a\ud83c\udffb^o.o^\ud83e\udd1a\ud83c\udffb|spe|1\n|turn|14\n|\n|t:|1698160466\n|move|p1a: \u270a\ud83c\udffb^o.o^\ud83e\udd1a\ud83c\udffb|Aqua Jet|p2a: Miraidon\n|-resisted|p2a: Miraidon\n|-damage|p2a: Miraidon|0 fnt\n|faint|p2a: Miraidon\n|\n|upkeep\n|-message|SlowCat forfeited.\n|\n|win|Anne Frankkkk\n|raw|SlowCat's rating: 1184 &rarr; <strong>1160<\/strong><br \/>(-24 for losing)\n|raw|Anne Frankkkk's rating: 1194 &rarr; <strong>1218<\/strong><br \/>(+24 for winning)\n|l|\u2606SlowCat\n","uploadtime":1698160476,"views":5,"p1id":"slowcat","p2id":"annefrankkkk","formatid":"gen9ubers","rating":1160,"private":0,"password":""}