{"id":"gen9ubers-1979081771","p1":"EpicGamer069420","p2":"Bulldoger","format":"[Gen 9] Ubers","log":"|j|\u2606EpicGamer069420\n|j|\u2606Bulldoger\n|t:|1698629819\n|gametype|singles\n|player|p1|EpicGamer069420|lucas|1501\n|player|p2|Bulldoger|marshal|1416\n|teamsize|p1|6\n|teamsize|p2|6\n|gen|9\n|tier|[Gen 9] Ubers\n|rated|\n|rule|Sleep Clause Mod: Limit one foe put to sleep\n|rule|Species Clause: Limit one of each Pok\u00e9mon\n|rule|OHKO Clause: OHKO moves are banned\n|rule|Evasion Items Clause: Evasion items are banned\n|rule|Evasion Moves Clause: Evasion moves are banned\n|rule|Endless Battle Clause: Forcing endless battles is banned\n|rule|HP Percentage Mod: HP is shown in percentages\n|clearpoke\n|poke|p1|Arceus-Electric|\n|poke|p1|Zacian-*|\n|poke|p1|Eternatus|\n|poke|p1|Landorus-Therian, M|\n|poke|p1|Dialga|\n|poke|p1|Koraidon|\n|poke|p2|Rayquaza|\n|poke|p2|Kyogre|\n|poke|p2|Mewtwo|\n|poke|p2|Koraidon|\n|poke|p2|Arceus|\n|poke|p2|Grimmsnarl, M|\n|teampreview\n|inactive|Battle timer is ON: inactive players will automatically lose when time's up. (requested by Bulldoger)\n|inactive|EpicGamer069420 also wants the timer to be on.\n|\n|t:|1698629832\n|start\n|switch|p1a: Dialga|Dialga|100\/100\n|switch|p2a: Rayquaza|Rayquaza, shiny|100\/100\n|-ability|p2a: Rayquaza|Air Lock\n|-ability|p1a: Dialga|Pressure\n|turn|1\n|\n|t:|1698629839\n|move|p2a: Rayquaza|Earthquake|p1a: Dialga\n|-supereffective|p1a: Dialga\n|-damage|p1a: Dialga|24\/100\n|-damage|p2a: Rayquaza|91\/100|[from] item: Life Orb\n|move|p1a: Dialga|Thunder Wave|p2a: Rayquaza|[miss]\n|-miss|p1a: Dialga|p2a: Rayquaza\n|\n|-heal|p1a: Dialga|30\/100|[from] item: Leftovers\n|upkeep\n|turn|2\n|\n|t:|1698629850\n|switch|p1a: Landorus|Landorus-Therian, M|100\/100\n|-ability|p1a: Landorus|Intimidate|boost\n|-unboost|p2a: Rayquaza|atk|1\n|move|p2a: Rayquaza|Dragon Ascent|p1a: Landorus\n|-damage|p1a: Landorus|52\/100\n|-unboost|p2a: Rayquaza|def|1\n|-unboost|p2a: Rayquaza|spd|1\n|-damage|p2a: Rayquaza|74\/100|[from] item: Rocky Helmet|[of] p1a: Landorus\n|-damage|p2a: Rayquaza|64\/100|[from] item: Life Orb\n|\n|upkeep\n|turn|3\n|\n|t:|1698629869\n|switch|p2a: Kyogre|Kyogre|100\/100\n|-weather|RainDance|[from] ability: Drizzle|[of] p2a: Kyogre\n|move|p1a: Landorus|Stealth Rock|p2a: Kyogre\n|-sidestart|p2: Bulldoger|move: Stealth Rock\n|\n|-weather|RainDance|[upkeep]\n|upkeep\n|turn|4\n|\n|t:|1698629877\n|switch|p1a: Eternatus|Eternatus|100\/100\n|-ability|p1a: Eternatus|Pressure\n|move|p2a: Kyogre|Origin Pulse|p1a: Eternatus\n|-resisted|p1a: Eternatus\n|-damage|p1a: Eternatus|64\/100\n|\n|-weather|RainDance|[upkeep]\n|upkeep\n|turn|5\n|\n|t:|1698629880\n|move|p1a: Eternatus|Dynamax Cannon|p2a: Kyogre\n|-damage|p2a: Kyogre|68\/100\n|move|p2a: Kyogre|Calm Mind|p2a: Kyogre\n|-boost|p2a: Kyogre|spa|1\n|-boost|p2a: Kyogre|spd|1\n|\n|-weather|RainDance|[upkeep]\n|upkeep\n|turn|6\n|\n|t:|1698629883\n|move|p1a: Eternatus|Toxic|p2a: Kyogre\n|-status|p2a: Kyogre|tox\n|move|p2a: Kyogre|Ice Beam|p1a: Eternatus\n|-supereffective|p1a: Eternatus\n|-damage|p1a: Eternatus|0 fnt\n|faint|p1a: Eternatus\n|\n|-weather|RainDance|[upkeep]\n|-damage|p2a: Kyogre|62\/100 tox|[from] psn\n|upkeep\n|\n|t:|1698629896\n|switch|p1a: Koraidon|Koraidon|100\/100\n|-weather|SunnyDay|[from] ability: Orichalcum Pulse|[of] p1a: Koraidon\n|-activate|p1a: Koraidon|Orichalcum Pulse|[source]\n|turn|7\n|\n|t:|1698629907\n|move|p1a: Koraidon|Low Kick|p2a: Kyogre\n|-damage|p2a: Kyogre|0 fnt\n|faint|p2a: Kyogre\n|\n|-weather|SunnyDay|[upkeep]\n|upkeep\n|\n|t:|1698629914\n|switch|p2a: Grimmsnarl|Grimmsnarl, M|100\/100\n|-damage|p2a: Grimmsnarl|88\/100|[from] Stealth Rock\n|turn|8\n|\n|t:|1698629921\n|move|p2a: Grimmsnarl|Reflect|p2a: Grimmsnarl\n|-sidestart|p2: Bulldoger|Reflect\n|move|p1a: Koraidon|Swords Dance|p1a: Koraidon\n|-boost|p1a: Koraidon|atk|2\n|\n|-weather|SunnyDay|[upkeep]\n|upkeep\n|turn|9\n|\n|t:|1698629926\n|move|p1a: Koraidon|Flame Charge|p2a: Grimmsnarl\n|-damage|p2a: Grimmsnarl|49\/100\n|-boost|p1a: Koraidon|spe|1\n|move|p2a: Grimmsnarl|Play Rough|p1a: Koraidon\n|-supereffective|p1a: Koraidon\n|-damage|p1a: Koraidon|0 fnt\n|faint|p1a: Koraidon\n|\n|-weather|SunnyDay|[upkeep]\n|upkeep\n|\n|t:|1698629934\n|switch|p1a: Dialga|Dialga|30\/100\n|-ability|p1a: Dialga|Pressure\n|turn|10\n|\n|t:|1698629939\n|move|p2a: Grimmsnarl|Parting Shot|p1a: Dialga\n|-unboost|p1a: Dialga|atk|1\n|-unboost|p1a: Dialga|spa|1\n|\n|t:|1698629946\n|switch|p2a: Mewtwo|Mewtwo|100\/100|[from] Parting Shot\n|-damage|p2a: Mewtwo|88\/100|[from] Stealth Rock\n|-ability|p2a: Mewtwo|Pressure\n|move|p1a: Dialga|Thunder Wave|p2a: Mewtwo\n|-status|p2a: Mewtwo|par\n|\n|-weather|SunnyDay|[upkeep]\n|-heal|p1a: Dialga|36\/100|[from] item: Leftovers\n|upkeep\n|turn|11\n|\n|t:|1698629950\n|move|p1a: Dialga|Rest|p1a: Dialga\n|-status|p1a: Dialga|slp|[from] move: Rest\n|-heal|p1a: Dialga|100\/100 slp|[silent]\n|move|p2a: Mewtwo|Fire Blast|p1a: Dialga\n|-damage|p1a: Dialga|37\/100 slp\n|-damage|p2a: Mewtwo|78\/100 par|[from] item: Life Orb\n|\n|-weather|none\n|-heal|p1a: Dialga|44\/100 slp|[from] item: Leftovers\n|upkeep\n|turn|12\n|\n|t:|1698629959\n|cant|p1a: Dialga|slp\n|move|p2a: Mewtwo|Fire Blast|p1a: Dialga\n|-damage|p1a: Dialga|2\/100 slp\n|-damage|p2a: Mewtwo|68\/100 par|[from] item: Life Orb\n|\n|-heal|p1a: Dialga|8\/100 slp|[from] item: Leftovers\n|upkeep\n|turn|13\n|j| jasonpokemon123\n|\n|t:|1698629964\n|cant|p1a: Dialga|slp\n|move|p2a: Mewtwo|Psystrike|p1a: Dialga\n|-resisted|p1a: Dialga\n|-damage|p1a: Dialga|0 fnt\n|faint|p1a: Dialga\n|-damage|p2a: Mewtwo|58\/100 par|[from] item: Life Orb\n|\n|upkeep\n|\n|t:|1698629978\n|switch|p1a: Zacian|Zacian-Crowned|100\/100\n|-ability|p1a: Zacian|Intrepid Sword|boost\n|-boost|p1a: Zacian|atk|1\n|turn|14\n|\n|t:|1698629980\n|move|p1a: Zacian|Crunch|p2a: Mewtwo\n|-supereffective|p2a: Mewtwo\n|-damage|p2a: Mewtwo|14\/100 par\n|move|p2a: Mewtwo|Fire Blast|p1a: Zacian\n|-supereffective|p1a: Zacian\n|-damage|p1a: Zacian|0 fnt\n|faint|p1a: Zacian\n|-damage|p2a: Mewtwo|4\/100 par|[from] item: Life Orb\n|\n|upkeep\n|\n|t:|1698629986\n|switch|p1a: Arceus|Arceus-Electric|100\/100\n|turn|15\n|\n|t:|1698629993\n|move|p1a: Arceus|Iron Defense|p1a: Arceus\n|-boost|p1a: Arceus|def|2\n|cant|p2a: Mewtwo|par\n|\n|-sideend|p2: Bulldoger|Reflect\n|upkeep\n|turn|16\n|\n|t:|1698629997\n|move|p1a: Arceus|Charge Beam|p2a: Mewtwo\n|-damage|p2a: Mewtwo|0 fnt\n|-boost|p1a: Arceus|spa|1\n|faint|p2a: Mewtwo\n|\n|upkeep\n|\n|t:|1698630019\n|switch|p2a: Koraidon|Koraidon|100\/100\n|-damage|p2a: Koraidon|94\/100|[from] Stealth Rock\n|-weather|SunnyDay|[from] ability: Orichalcum Pulse|[of] p2a: Koraidon\n|-activate|p2a: Koraidon|Orichalcum Pulse|[source]\n|turn|17\n|\n|t:|1698630022\n|move|p2a: Koraidon|Swords Dance|p2a: Koraidon\n|-boost|p2a: Koraidon|atk|2\n|move|p1a: Arceus|Iron Defense|p1a: Arceus\n|-boost|p1a: Arceus|def|2\n|\n|-weather|SunnyDay|[upkeep]\n|upkeep\n|turn|18\n|\n|t:|1698630034\n|move|p2a: Koraidon|Flare Blitz|p1a: Arceus\n|-damage|p1a: Arceus|57\/100\n|-damage|p2a: Koraidon|76\/100|[from] Recoil\n|-damage|p2a: Koraidon|66\/100|[from] item: Life Orb\n|move|p1a: Arceus|Iron Defense|p1a: Arceus\n|-boost|p1a: Arceus|def|2\n|\n|-weather|SunnyDay|[upkeep]\n|upkeep\n|turn|19\n|\n|t:|1698630041\n|move|p2a: Koraidon|Flare Blitz|p1a: Arceus\n|-damage|p1a: Arceus|25\/100\n|-damage|p2a: Koraidon|52\/100|[from] Recoil\n|-damage|p2a: Koraidon|42\/100|[from] item: Life Orb\n|move|p1a: Arceus|Recover|p1a: Arceus\n|-heal|p1a: Arceus|75\/100\n|\n|-weather|SunnyDay|[upkeep]\n|upkeep\n|turn|20\n|\n|t:|1698630048\n|move|p2a: Koraidon|Swords Dance|p2a: Koraidon\n|-boost|p2a: Koraidon|atk|2\n|move|p1a: Arceus|Ice Beam|p2a: Koraidon\n|-supereffective|p2a: Koraidon\n|-damage|p2a: Koraidon|0 fnt\n|faint|p2a: Koraidon\n|\n|-weather|SunnyDay|[upkeep]\n|upkeep\n|\n|t:|1698630055\n|switch|p2a: Grimmsnarl|Grimmsnarl, M|49\/100\n|-damage|p2a: Grimmsnarl|36\/100|[from] Stealth Rock\n|turn|21\n|\n|t:|1698630060\n|move|p2a: Grimmsnarl|Light Screen|p2a: Grimmsnarl\n|-sidestart|p2: Bulldoger|move: Light Screen\n|move|p1a: Arceus|Charge Beam|p2a: Grimmsnarl\n|-damage|p2a: Grimmsnarl|14\/100\n|-boost|p1a: Arceus|spa|1\n|\n|-weather|none\n|upkeep\n|turn|22\n|\n|t:|1698630066\n|move|p2a: Grimmsnarl|Parting Shot|p1a: Arceus\n|-unboost|p1a: Arceus|atk|1\n|-unboost|p1a: Arceus|spa|1\n|\n|t:|1698630077\n|switch|p2a: Arceus|Arceus|100\/100|[from] Parting Shot\n|-damage|p2a: Arceus|88\/100|[from] Stealth Rock\n|move|p1a: Arceus|Charge Beam|p2a: Arceus\n|-damage|p2a: Arceus|76\/100\n|-boost|p1a: Arceus|spa|1\n|\n|upkeep\n|turn|23\n|\n|t:|1698630082\n|move|p1a: Arceus|Charge Beam|p2a: Arceus\n|-damage|p2a: Arceus|59\/100\n|-boost|p1a: Arceus|spa|1\n|move|p2a: Arceus|Swords Dance|p2a: Arceus\n|-boost|p2a: Arceus|atk|2\n|\n|upkeep\n|turn|24\n|\n|t:|1698630085\n|move|p1a: Arceus|Charge Beam|p2a: Arceus|[miss]\n|-miss|p1a: Arceus|p2a: Arceus\n|move|p2a: Arceus|Swords Dance|p2a: Arceus\n|-boost|p2a: Arceus|atk|2\n|\n|upkeep\n|turn|25\n|\n|t:|1698630087\n|move|p1a: Arceus|Charge Beam|p2a: Arceus\n|-damage|p2a: Arceus|39\/100\n|-boost|p1a: Arceus|spa|1\n|move|p2a: Arceus|Swords Dance|p2a: Arceus\n|-boost|p2a: Arceus|atk|2\n|\n|upkeep\n|turn|26\n|\n|t:|1698630092\n|move|p2a: Arceus|Extreme Speed|p1a: Arceus\n|-damage|p1a: Arceus|48\/100\n|-damage|p2a: Arceus|29\/100|[from] item: Life Orb\n|move|p1a: Arceus|Charge Beam|p2a: Arceus\n|-damage|p2a: Arceus|1\/100\n|-boost|p1a: Arceus|spa|1\n|\n|upkeep\n|turn|27\n|\n|t:|1698630100\n|move|p1a: Arceus|Recover|p1a: Arceus\n|-heal|p1a: Arceus|98\/100\n|move|p2a: Arceus|Shadow Claw|p1a: Arceus\n|-damage|p1a: Arceus|81\/100\n|-damage|p2a: Arceus|0 fnt|[from] item: Life Orb\n|faint|p2a: Arceus\n|\n|upkeep\n|\n|t:|1698630107\n|switch|p2a: Rayquaza|Rayquaza, shiny|64\/100\n|-damage|p2a: Rayquaza|39\/100|[from] Stealth Rock\n|-ability|p2a: Rayquaza|Air Lock\n|turn|28\n|\n|t:|1698630111\n|-terastallize|p2a: Rayquaza|Steel\n|move|p1a: Arceus|Ice Beam|p2a: Rayquaza\n|-resisted|p2a: Rayquaza\n|-damage|p2a: Rayquaza|16\/100\n|move|p2a: Rayquaza|Dragon Dance|p2a: Rayquaza\n|-boost|p2a: Rayquaza|atk|1\n|-boost|p2a: Rayquaza|spe|1\n|\n|-sideend|p2: Bulldoger|move: Light Screen\n|upkeep\n|turn|29\n|\n|t:|1698630117\n|move|p2a: Rayquaza|Earthquake|p1a: Arceus\n|-supereffective|p1a: Arceus\n|-damage|p1a: Arceus|61\/100\n|-damage|p2a: Rayquaza|6\/100|[from] item: Life Orb\n|move|p1a: Arceus|Ice Beam|p2a: Rayquaza\n|-resisted|p2a: Rayquaza\n|-damage|p2a: Rayquaza|0 fnt\n|faint|p2a: Rayquaza\n|\n|upkeep\n|\n|t:|1698630119\n|switch|p2a: Grimmsnarl|Grimmsnarl, M|14\/100\n|-damage|p2a: Grimmsnarl|2\/100|[from] Stealth Rock\n|turn|30\n|\n|t:|1698630122\n|move|p1a: Arceus|Charge Beam|p2a: Grimmsnarl\n|-damage|p2a: Grimmsnarl|0 fnt\n|faint|p2a: Grimmsnarl\n|\n|win|EpicGamer069420\n|raw|EpicGamer069420's rating: 1501 &rarr; <strong>1516<\/strong><br \/>(+15 for winning)\n|raw|Bulldoger's rating: 1416 &rarr; <strong>1401<\/strong><br \/>(-15 for losing)\n|l|\u2606Bulldoger\n","uploadtime":1698630166,"views":21,"p1id":"epicgamer069420","p2id":"bulldoger","formatid":"gen9ubers","rating":1401,"private":0,"password":""}