{"id":"gen9ubers-1979980319","p1":"sparkyboii200","p2":"SeraphixPrime","format":"[Gen 9] Ubers","log":"|j|\u2606sparkyboii200\n|j|\u2606SeraphixPrime\n|t:|1698741111\n|gametype|singles\n|player|p1|sparkyboii200|volkner|1170\n|player|p2|SeraphixPrime|veteran|1109\n|teamsize|p1|6\n|teamsize|p2|6\n|gen|9\n|tier|[Gen 9] Ubers\n|rated|\n|rule|Sleep Clause Mod: Limit one foe put to sleep\n|rule|Species Clause: Limit one of each Pok\u00e9mon\n|rule|OHKO Clause: OHKO moves are banned\n|rule|Evasion Items Clause: Evasion items are banned\n|rule|Evasion Moves Clause: Evasion moves are banned\n|rule|Endless Battle Clause: Forcing endless battles is banned\n|rule|HP Percentage Mod: HP is shown in percentages\n|clearpoke\n|poke|p1|Jolteon, M|\n|poke|p1|Chien-Pao|\n|poke|p1|Zacian-*|\n|poke|p1|Corviknight, M|\n|poke|p1|Skeledirge, M|\n|poke|p1|Arceus-Electric|\n|poke|p2|Flutter Mane|\n|poke|p2|Koraidon|\n|poke|p2|Ceruledge, M|\n|poke|p2|Lokix, F|\n|poke|p2|Clodsire, M|\n|poke|p2|Zacian-*|\n|teampreview\n|inactive|Battle timer is ON: inactive players will automatically lose when time's up. (requested by sparkyboii200)\n|inactive|SeraphixPrime also wants the timer to be on.\n|c|\u2606sparkyboii200|glhf!\n|\n|t:|1698741131\n|start\n|switch|p1a: Koii|Corviknight, M|100\/100\n|switch|p2a: Clodsire|Clodsire, M|100\/100\n|-ability|p1a: Koii|Pressure\n|turn|1\n|\n|t:|1698741139\n|move|p1a: Koii|U-turn|p2a: Clodsire\n|-resisted|p2a: Clodsire\n|-damage|p2a: Clodsire|93\/100\n|\n|t:|1698741146\n|switch|p1a: Isheru|Chien-Pao|100\/100|[from] U-turn\n|-ability|p1a: Isheru|Sword of Ruin\n|move|p2a: Clodsire|Stealth Rock|p1a: Isheru\n|-sidestart|p1: sparkyboii200|move: Stealth Rock\n|\n|-heal|p2a: Clodsire|99\/100|[from] item: Leftovers\n|upkeep\n|turn|2\n|\n|t:|1698741167\n|switch|p2a: Ceruledge|Ceruledge, M|100\/100\n|move|p1a: Isheru|Swords Dance|p1a: Isheru\n|-boost|p1a: Isheru|atk|2\n|\n|upkeep\n|turn|3\n|inactive|SeraphixPrime has 120 seconds left.\n|\n|t:|1698741208\n|move|p1a: Isheru|Sucker Punch||[still]\n|-fail|p1a: Isheru\n|move|p2a: Ceruledge|Swords Dance|p2a: Ceruledge\n|-boost|p2a: Ceruledge|atk|2\n|\n|upkeep\n|turn|4\n|\n|t:|1698741217\n|move|p1a: Isheru|Ice Spinner|p2a: Ceruledge\n|-resisted|p2a: Ceruledge\n|-damage|p2a: Ceruledge|32\/100\n|-ability|p2a: Ceruledge|Weak Armor|boost\n|-unboost|p2a: Ceruledge|def|1\n|-boost|p2a: Ceruledge|spe|2\n|move|p2a: Ceruledge|Taunt|p1a: Isheru\n|-start|p1a: Isheru|move: Taunt\n|\n|upkeep\n|turn|5\n|\n|t:|1698741229\n|move|p2a: Ceruledge|Bitter Blade|p1a: Isheru\n|-supereffective|p1a: Isheru\n|-enditem|p1a: Isheru|Focus Sash\n|-damage|p1a: Isheru|1\/100\n|-heal|p2a: Ceruledge|84\/100|[from] drain|[of] p1a: Isheru\n|-damage|p2a: Ceruledge|74\/100|[from] item: Life Orb\n|move|p1a: Isheru|Ice Spinner|p2a: Ceruledge\n|-resisted|p2a: Ceruledge\n|-damage|p2a: Ceruledge|0 fnt\n|faint|p2a: Ceruledge\n|\n|upkeep\n|\n|t:|1698741241\n|switch|p2a: Lokix|Lokix, F|100\/100\n|turn|6\n|\n|t:|1698741252\n|move|p2a: Lokix|First Impression|p1a: Isheru\n|-supereffective|p1a: Isheru\n|-damage|p1a: Isheru|0 fnt\n|faint|p1a: Isheru\n|\n|upkeep\n|\n|t:|1698741257\n|switch|p1a: Koii|Corviknight, M|100\/100\n|-damage|p1a: Koii|88\/100|[from] Stealth Rock\n|-ability|p1a: Koii|Pressure\n|turn|7\n|\n|t:|1698741281\n|move|p2a: Lokix|Axe Kick|p1a: Koii\n|-damage|p1a: Koii|66\/100\n|-start|p1a: Koii|confusion\n|-damage|p2a: Lokix|84\/100|[from] item: Rocky Helmet|[of] p1a: Koii\n|-activate|p1a: Koii|confusion\n|move|p1a: Koii|Defog|p2a: Lokix\n|-unboost|p2a: Lokix|evasion|1\n|-sideend|p1: sparkyboii200|Stealth Rock|[from] move: Defog|[of] p1a: Koii\n|\n|upkeep\n|turn|8\n|\n|t:|1698741296\n|switch|p2a: Koraidon|Koraidon|100\/100\n|-weather|SunnyDay|[from] ability: Orichalcum Pulse|[of] p2a: Koraidon\n|-activate|p2a: Koraidon|Orichalcum Pulse|[source]\n|-activate|p1a: Koii|confusion\n|move|p1a: Koii|Roost|p1a: Koii\n|-heal|p1a: Koii|100\/100\n|-singleturn|p1a: Koii|move: Roost\n|\n|-weather|SunnyDay|[upkeep]\n|upkeep\n|turn|9\n|\n|t:|1698741307\n|switch|p1a: Valk|Skeledirge, M|100\/100\n|move|p2a: Koraidon|Flame Charge|p1a: Valk\n|-resisted|p1a: Valk\n|-damage|p1a: Valk|81\/100\n|-boost|p2a: Koraidon|spe|1\n|-damage|p2a: Koraidon|91\/100|[from] item: Life Orb\n|\n|-weather|SunnyDay|[upkeep]\n|-heal|p1a: Valk|87\/100|[from] item: Leftovers\n|upkeep\n|turn|10\n|\n|t:|1698741332\n|move|p2a: Koraidon|Swords Dance|p2a: Koraidon\n|-boost|p2a: Koraidon|atk|2\n|move|p1a: Valk|Will-O-Wisp|p2a: Koraidon\n|-status|p2a: Koraidon|brn\n|\n|-weather|SunnyDay|[upkeep]\n|-heal|p1a: Valk|93\/100|[from] item: Leftovers\n|-damage|p2a: Koraidon|84\/100 brn|[from] brn\n|upkeep\n|turn|11\n|inactive|SeraphixPrime has 90 seconds left.\n|\n|t:|1698741368\n|move|p2a: Koraidon|Collision Course|p1a: Valk\n|-immune|p1a: Valk\n|move|p1a: Valk|Torch Song|p2a: Koraidon\n|-resisted|p2a: Koraidon\n|-damage|p2a: Koraidon|62\/100 brn\n|-boost|p1a: Valk|spa|1\n|\n|-weather|SunnyDay|[upkeep]\n|-heal|p1a: Valk|99\/100|[from] item: Leftovers\n|-damage|p2a: Koraidon|56\/100 brn|[from] brn\n|upkeep\n|turn|12\n|\n|t:|1698741381\n|move|p2a: Koraidon|Outrage|p1a: Valk\n|-damage|p1a: Valk|55\/100\n|-damage|p2a: Koraidon|46\/100 brn|[from] item: Life Orb\n|move|p1a: Valk|Shadow Ball|p2a: Koraidon\n|-damage|p2a: Koraidon|5\/100 brn\n|\n|-weather|none\n|-heal|p1a: Valk|61\/100|[from] item: Leftovers\n|-damage|p2a: Koraidon|0 fnt|[from] brn\n|faint|p2a: Koraidon\n|upkeep\n|inactive|SeraphixPrime has 60 seconds left.\n|\n|t:|1698741396\n|switch|p2a: Clodsire|Clodsire, M|99\/100\n|turn|13\n|\n|t:|1698741404\n|switch|p1a: Zacia|Zacian-Crowned|100\/100\n|-ability|p1a: Zacia|Intrepid Sword|boost\n|-boost|p1a: Zacia|atk|1\n|move|p2a: Clodsire|Stealth Rock|p1a: Zacia\n|-sidestart|p1: sparkyboii200|move: Stealth Rock\n|\n|-heal|p2a: Clodsire|100\/100|[from] item: Leftovers\n|upkeep\n|turn|14\n|\n|t:|1698741413\n|-terastallize|p1a: Zacia|Ground\n|move|p1a: Zacia|Tera Blast|p2a: Clodsire|[anim] Tera Blast Ground\n|-supereffective|p2a: Clodsire\n|-damage|p2a: Clodsire|0 fnt\n|faint|p2a: Clodsire\n|\n|upkeep\n|\n|t:|1698741422\n|switch|p2a: Flutter Mane|Flutter Mane|100\/100\n|turn|15\n|\n|t:|1698741431\n|-end|p2a: Flutter Mane|Protosynthesis|[silent]\n|switch|p2a: Lokix|Lokix, F|84\/100\n|move|p1a: Zacia|Behemoth Blade|p2a: Lokix\n|-damage|p2a: Lokix|0 fnt\n|faint|p2a: Lokix\n|\n|upkeep\n|inactive|SeraphixPrime has 60 seconds left.\n|inactive|SeraphixPrime has 30 seconds left.\n|inactive|SeraphixPrime has 20 seconds left.\n|inactive|SeraphixPrime has 15 seconds left.\n|inactive|SeraphixPrime has 10 seconds left.\n|inactive|SeraphixPrime has 5 seconds left.\n|-message|SeraphixPrime lost due to inactivity.\n|\n|win|sparkyboii200\n|raw|sparkyboii200's rating: 1170 &rarr; <strong>1191<\/strong><br \/>(+21 for winning)\n|raw|SeraphixPrime's rating: 1109 &rarr; <strong>1088<\/strong><br \/>(-21 for losing)\n|c|\u2606sparkyboii200|welp\n|l|\u2606SeraphixPrime\n","uploadtime":1698741515,"views":9,"p1id":"sparkyboii200","p2id":"seraphixprime","formatid":"gen9ubers","rating":1088,"private":0,"password":""}