{"id":"gen9ubers-1985427522","p1":"aDestructive","p2":"Jack0bean720","format":"[Gen 9] Ubers","log":"|j|\u2606aDestructive\n|j|\u2606Jack0bean720\n|t:|1699373825\n|gametype|singles\n|player|p1|aDestructive|102|1102\n|player|p2|Jack0bean720|ninjaboy|1125\n|teamsize|p1|6\n|teamsize|p2|6\n|gen|9\n|tier|[Gen 9] Ubers\n|rated|\n|rule|Sleep Clause Mod: Limit one foe put to sleep\n|rule|Species Clause: Limit one of each Pok\u00e9mon\n|rule|OHKO Clause: OHKO moves are banned\n|rule|Evasion Items Clause: Evasion items are banned\n|rule|Evasion Moves Clause: Evasion moves are banned\n|rule|Endless Battle Clause: Forcing endless battles is banned\n|rule|HP Percentage Mod: HP is shown in percentages\n|clearpoke\n|poke|p1|Koraidon|\n|poke|p1|Iron Moth|\n|poke|p1|Brute Bonnet|\n|poke|p1|Landorus, M|\n|poke|p1|Annihilape, F|\n|poke|p1|Ribombee, F|\n|poke|p2|Heracross, M|\n|poke|p2|Flutter Mane|\n|poke|p2|Houndstone, F|\n|poke|p2|Iron Bundle|\n|poke|p2|Chi-Yu|\n|poke|p2|Arceus|\n|teampreview\n|inactive|Battle timer is ON: inactive players will automatically lose when time's up. (requested by Jack0bean720)\n|\n|t:|1699373834\n|start\n|switch|p1a: Ribombee|Ribombee, F, shiny|100\/100\n|switch|p2a: Arceus|Arceus|100\/100\n|turn|1\n|\n|t:|1699373838\n|move|p1a: Ribombee|Sticky Web|p2a: Arceus\n|-sidestart|p2: Jack0bean720|move: Sticky Web\n|move|p2a: Arceus|Swords Dance|p2a: Arceus\n|-boost|p2a: Arceus|atk|2\n|\n|upkeep\n|turn|2\n|\n|t:|1699373841\n|move|p2a: Arceus|Extreme Speed|p1a: Ribombee\n|-enditem|p1a: Ribombee|Focus Sash\n|-damage|p1a: Ribombee|1\/100\n|move|p1a: Ribombee|Quiver Dance|p1a: Ribombee\n|-boost|p1a: Ribombee|spa|1\n|-boost|p1a: Ribombee|spd|1\n|-boost|p1a: Ribombee|spe|1\n|\n|upkeep\n|turn|3\n|\n|t:|1699373849\n|move|p2a: Arceus|Extreme Speed|p1a: Ribombee\n|-damage|p1a: Ribombee|0 fnt\n|faint|p1a: Ribombee\n|\n|upkeep\n|\n|t:|1699373857\n|switch|p1a: Koraidon|Koraidon|100\/100\n|-weather|SunnyDay|[from] ability: Orichalcum Pulse|[of] p1a: Koraidon\n|-activate|p1a: Koraidon|Orichalcum Pulse|[source]\n|turn|4\n|\n|t:|1699373866\n|move|p1a: Koraidon|Collision Course|p2a: Arceus\n|-supereffective|p2a: Arceus\n|-damage|p2a: Arceus|0 fnt\n|faint|p2a: Arceus\n|\n|-weather|SunnyDay|[upkeep]\n|upkeep\n|\n|t:|1699373872\n|switch|p2a: Iron Bundle|Iron Bundle, shiny|100\/100\n|-activate|p2a: Iron Bundle|move: Sticky Web\n|-unboost|p2a: Iron Bundle|spe|1\n|turn|5\n|\n|t:|1699373881\n|move|p1a: Koraidon|Collision Course|p2a: Iron Bundle\n|-supereffective|p2a: Iron Bundle\n|-damage|p2a: Iron Bundle|0 fnt\n|faint|p2a: Iron Bundle\n|-end|p2a: Iron Bundle|Quark Drive|[silent]\n|\n|-weather|SunnyDay|[upkeep]\n|upkeep\n|\n|t:|1699373884\n|switch|p2a: Flutter Mane|Flutter Mane, shiny|100\/100\n|-activate|p2a: Flutter Mane|move: Sticky Web\n|-unboost|p2a: Flutter Mane|spe|1\n|-activate|p2a: Flutter Mane|ability: Protosynthesis\n|-start|p2a: Flutter Mane|protosynthesisspa\n|turn|6\n|\n|t:|1699373904\n|-terastallize|p1a: Koraidon|Steel\n|move|p1a: Koraidon|Iron Head|p2a: Flutter Mane\n|-supereffective|p2a: Flutter Mane\n|-damage|p2a: Flutter Mane|0 fnt\n|faint|p2a: Flutter Mane\n|-end|p2a: Flutter Mane|Protosynthesis|[silent]\n|\n|-weather|SunnyDay|[upkeep]\n|upkeep\n|\n|t:|1699373910\n|switch|p2a: Heracross|Heracross, M, shiny|100\/100\n|-activate|p2a: Heracross|move: Sticky Web\n|-unboost|p2a: Heracross|spe|1\n|turn|7\n|\n|t:|1699373915\n|move|p1a: Koraidon|Dual Wingbeat|p2a: Heracross\n|-supereffective|p2a: Heracross\n|-crit|p2a: Heracross\n|-damage|p2a: Heracross|0 fnt\n|faint|p2a: Heracross\n|-hitcount|p2: Heracross|1\n|\n|-weather|SunnyDay|[upkeep]\n|upkeep\n|\n|t:|1699373919\n|switch|p2a: Chi-Yu|Chi-Yu|100\/100\n|-activate|p2a: Chi-Yu|move: Sticky Web\n|-unboost|p2a: Chi-Yu|spe|1\n|-ability|p2a: Chi-Yu|Beads of Ruin\n|turn|8\n|\n|t:|1699373925\n|move|p1a: Koraidon|Collision Course|p2a: Chi-Yu\n|-supereffective|p2a: Chi-Yu\n|-damage|p2a: Chi-Yu|0 fnt\n|faint|p2a: Chi-Yu\n|\n|-weather|none\n|upkeep\n|\n|t:|1699373927\n|switch|p2a: Houndstone|Houndstone, F, shiny|100\/100\n|-activate|p2a: Houndstone|move: Sticky Web\n|-unboost|p2a: Houndstone|spe|1\n|turn|9\n|\n|t:|1699373937\n|move|p1a: Koraidon|Iron Head|p2a: Houndstone\n|-damage|p2a: Houndstone|66\/100\n|cant|p2a: Houndstone|flinch\n|\n|upkeep\n|turn|10\n|\n|t:|1699373941\n|move|p1a: Koraidon|Iron Head|p2a: Houndstone\n|-damage|p2a: Houndstone|31\/100\n|move|p2a: Houndstone|Last Respects|p1a: Koraidon\n|-damage|p1a: Koraidon|0 fnt\n|faint|p1a: Koraidon\n|\n|upkeep\n|\n|t:|1699373947\n|switch|p1a: Annihilape|Annihilape, F, shiny|100\/100\n|turn|11\n|\n|t:|1699373950\n|move|p1a: Annihilape|Rage Fist|p2a: Houndstone\n|-supereffective|p2a: Houndstone\n|-damage|p2a: Houndstone|0 fnt\n|faint|p2a: Houndstone\n|\n|win|aDestructive\n|raw|aDestructive's rating: 1102 &rarr; <strong>1129<\/strong><br \/>(+27 for winning)\n|raw|Jack0bean720's rating: 1125 &rarr; <strong>1098<\/strong><br \/>(-27 for losing)\n|l|\u2606Jack0bean720\n","uploadtime":1699373956,"views":8,"p1id":"adestructive","p2id":"jack0bean720","formatid":"gen9ubers","rating":1098,"private":0,"password":""}