{"id":"gen9ubers-1976691587","p1":"JolleyRancher","p2":"Skrrt2099","format":"[Gen 9] Ubers","log":"|j|\u2606JolleyRancher\n|j|\u2606Skrrt2099\n|t:|1698333795\n|gametype|singles\n|player|p1|JolleyRancher|pokemaniac|\n|player|p2|Skrrt2099|striker|\n|teamsize|p1|6\n|teamsize|p2|6\n|gen|9\n|tier|[Gen 9] Ubers\n|rule|Sleep Clause Mod: Limit one foe put to sleep\n|rule|Species Clause: Limit one of each Pok\u00e9mon\n|rule|OHKO Clause: OHKO moves are banned\n|rule|Evasion Items Clause: Evasion items are banned\n|rule|Evasion Moves Clause: Evasion moves are banned\n|rule|Endless Battle Clause: Forcing endless battles is banned\n|rule|HP Percentage Mod: HP is shown in percentages\n|clearpoke\n|poke|p1|Shaymin-Sky|\n|poke|p1|Annihilape, F|\n|poke|p1|Mamoswine, M|\n|poke|p1|Garchomp, M|\n|poke|p1|Arbok, M|\n|poke|p1|Clefable, M|\n|poke|p2|Iron Leaves|\n|poke|p2|Ceruledge, F|\n|poke|p2|Magnezone|\n|poke|p2|Urshifu-*, M|\n|poke|p2|Blissey, F|\n|poke|p2|Tinkaton, F|\n|teampreview\n|c|\u2606JolleyRancher|May the best team win\n|\n|t:|1698333820\n|start\n|switch|p1a: Juggernaut|Annihilape, F|100\/100\n|switch|p2a: YYAAMM TIME|Tinkaton, F|100\/100\n|-ability|p2a: YYAAMM TIME|Mold Breaker\n|turn|1\n|\n|t:|1698333844\n|switch|p2a: Dal\u00e9 Zelda Dal\u00e9|Blissey, F|100\/100\n|move|p1a: Juggernaut|Counter||[still]\n|-fail|p1a: Juggernaut\n|\n|upkeep\n|turn|2\n|\n|t:|1698333855\n|move|p1a: Juggernaut|Bulk Up|p1a: Juggernaut\n|-boost|p1a: Juggernaut|atk|1\n|-boost|p1a: Juggernaut|def|1\n|move|p2a: Dal\u00e9 Zelda Dal\u00e9|Thunder Wave|p1a: Juggernaut\n|-status|p1a: Juggernaut|par\n|\n|upkeep\n|turn|3\n|\n|t:|1698333866\n|move|p2a: Dal\u00e9 Zelda Dal\u00e9|Stealth Rock|p1a: Juggernaut\n|-sidestart|p1: JolleyRancher|move: Stealth Rock\n|move|p1a: Juggernaut|Bulk Up|p1a: Juggernaut\n|-boost|p1a: Juggernaut|atk|1\n|-boost|p1a: Juggernaut|def|1\n|\n|upkeep\n|turn|4\n|\n|t:|1698333900\n|switch|p2a: Tai Lung|Urshifu, M|100\/100\n|move|p1a: Juggernaut|Drain Punch|p2a: Tai Lung\n|-supereffective|p2a: Tai Lung\n|-damage|p2a: Tai Lung|0 fnt\n|faint|p2a: Tai Lung\n|\n|upkeep\n|\n|t:|1698333914\n|switch|p2a: 1000\u00b0 Nife :)|Ceruledge, F|100\/100\n|turn|5\n|\n|t:|1698333927\n|-terastallize|p2a: 1000\u00b0 Nife :)|Normal\n|move|p2a: 1000\u00b0 Nife :)|Swords Dance|p2a: 1000\u00b0 Nife :)\n|-boost|p2a: 1000\u00b0 Nife :)|atk|2\n|move|p1a: Juggernaut|Rage Fist|p2a: 1000\u00b0 Nife :)\n|-immune|p2a: 1000\u00b0 Nife :)\n|\n|upkeep\n|turn|6\n|\n|t:|1698333937\n|move|p2a: 1000\u00b0 Nife :)|Swords Dance|p2a: 1000\u00b0 Nife :)\n|-boost|p2a: 1000\u00b0 Nife :)|atk|2\n|move|p1a: Juggernaut|Drain Punch|p2a: 1000\u00b0 Nife :)\n|-supereffective|p2a: 1000\u00b0 Nife :)\n|-enditem|p2a: 1000\u00b0 Nife :)|Focus Sash\n|-damage|p2a: 1000\u00b0 Nife :)|1\/100\n|-ability|p2a: 1000\u00b0 Nife :)|Weak Armor|boost\n|-unboost|p2a: 1000\u00b0 Nife :)|def|1\n|-boost|p2a: 1000\u00b0 Nife :)|spe|2\n|\n|upkeep\n|turn|7\n|\n|t:|1698333948\n|move|p2a: 1000\u00b0 Nife :)|Shadow Claw|p1a: Juggernaut\n|-supereffective|p1a: Juggernaut\n|-damage|p1a: Juggernaut|3\/100 par\n|cant|p1a: Juggernaut|par\n|\n|upkeep\n|turn|8\n|c|\u2606JolleyRancher|FUCK\n|c|\u2606JolleyRancher|the parahax\n|\n|t:|1698333966\n|move|p2a: 1000\u00b0 Nife :)|Bitter Blade|p1a: Juggernaut\n|-damage|p1a: Juggernaut|0 fnt\n|-heal|p2a: 1000\u00b0 Nife :)|3\/100|[from] drain|[of] p1a: Juggernaut\n|faint|p1a: Juggernaut\n|\n|upkeep\n|\n|t:|1698333978\n|switch|p1a: Jumbo|Mamoswine, M|100\/100\n|-damage|p1a: Jumbo|88\/100|[from] Stealth Rock\n|turn|9\n|\n|t:|1698333984\n|move|p1a: Jumbo|Ice Shard|p2a: 1000\u00b0 Nife :)\n|-damage|p2a: 1000\u00b0 Nife :)|0 fnt\n|faint|p2a: 1000\u00b0 Nife :)\n|\n|-heal|p1a: Jumbo|94\/100|[from] item: Leftovers\n|upkeep\n|\n|t:|1698334008\n|switch|p2a: Ganon Rosario|Iron Leaves|100\/100\n|turn|10\n|\n|t:|1698334022\n|move|p2a: Ganon Rosario|Leaf Blade|p1a: Jumbo\n|-supereffective|p1a: Jumbo\n|-crit|p1a: Jumbo\n|-damage|p1a: Jumbo|0 fnt\n|faint|p1a: Jumbo\n|\n|upkeep\n|\n|t:|1698334033\n|switch|p1a: Sharknado|Garchomp, M|100\/100\n|-damage|p1a: Sharknado|94\/100|[from] Stealth Rock\n|turn|11\n|\n|t:|1698334044\n|-end|p2a: Ganon Rosario|Quark Drive|[silent]\n|switch|p2a: YYAAMM TIME|Tinkaton, F|100\/100\n|-ability|p2a: YYAAMM TIME|Mold Breaker\n|move|p1a: Sharknado|Protect||[still]\n|-fail|p1a: Sharknado\n|\n|upkeep\n|turn|12\n|-activate|p2a: YYAAMM TIME|item: Quick Claw\n|\n|t:|1698334057\n|-terastallize|p1a: Sharknado|Ground\n|move|p2a: YYAAMM TIME|Draining Kiss|p1a: Sharknado\n|-damage|p1a: Sharknado|79\/100\n|-damage|p2a: YYAAMM TIME|88\/100|[from] ability: Rough Skin|[of] p1a: Sharknado\n|-damage|p2a: YYAAMM TIME|72\/100|[from] item: Rocky Helmet|[of] p1a: Sharknado\n|move|p1a: Sharknado|Fire Fang|p2a: YYAAMM TIME\n|-supereffective|p2a: YYAAMM TIME\n|-damage|p2a: YYAAMM TIME|25\/100\n|\n|upkeep\n|turn|13\n|\n|t:|1698334072\n|move|p1a: Sharknado|Fire Fang|p2a: YYAAMM TIME\n|-supereffective|p2a: YYAAMM TIME\n|-damage|p2a: YYAAMM TIME|0 fnt\n|faint|p2a: YYAAMM TIME\n|\n|upkeep\n|\n|t:|1698334089\n|switch|p2a: Ganon Rosario|Iron Leaves|100\/100\n|turn|14\n|\n|t:|1698334093\n|move|p1a: Sharknado|Protect|p1a: Sharknado\n|-singleturn|p1a: Sharknado|Protect\n|move|p2a: Ganon Rosario|Leaf Blade|p1a: Sharknado\n|-activate|p1a: Sharknado|move: Protect\n|\n|upkeep\n|turn|15\n|\n|t:|1698334114\n|move|p2a: Ganon Rosario|Leaf Blade|p1a: Sharknado\n|-supereffective|p1a: Sharknado\n|-damage|p1a: Sharknado|0 fnt\n|-damage|p2a: Ganon Rosario|88\/100|[from] ability: Rough Skin|[of] p1a: Sharknado\n|-damage|p2a: Ganon Rosario|72\/100|[from] item: Rocky Helmet|[of] p1a: Sharknado\n|faint|p1a: Sharknado\n|\n|upkeep\n|\n|t:|1698334129\n|switch|p1a: Starsplitter|Shaymin-Sky|100\/100\n|-damage|p1a: Starsplitter|76\/100|[from] Stealth Rock\n|turn|16\n|\n|t:|1698334136\n|-end|p2a: Ganon Rosario|Quark Drive|[silent]\n|switch|p2a: Hoe Magnet|Magnezone|100\/100\n|move|p1a: Starsplitter|Air Slash|p2a: Hoe Magnet\n|-resisted|p2a: Hoe Magnet\n|-damage|p2a: Hoe Magnet|89\/100\n|\n|upkeep\n|turn|17\n|\n|t:|1698334155\n|move|p1a: Starsplitter|Earth Power|p2a: Hoe Magnet\n|-supereffective|p2a: Hoe Magnet\n|-damage|p2a: Hoe Magnet|0 fnt\n|faint|p2a: Hoe Magnet\n|\n|upkeep\n|\n|t:|1698334163\n|switch|p2a: Ganon Rosario|Iron Leaves|72\/100\n|turn|18\n|\n|t:|1698334170\n|move|p2a: Ganon Rosario|Psyblade|p1a: Starsplitter\n|-damage|p1a: Starsplitter|22\/100\n|move|p1a: Starsplitter|Air Slash|p2a: Ganon Rosario\n|-supereffective|p2a: Ganon Rosario\n|-damage|p2a: Ganon Rosario|0 fnt\n|faint|p2a: Ganon Rosario\n|-end|p2a: Ganon Rosario|Quark Drive|[silent]\n|\n|upkeep\n|\n|t:|1698334177\n|switch|p2a: Dal\u00e9 Zelda Dal\u00e9|Blissey, F|100\/100\n|turn|19\n|\n|t:|1698334183\n|move|p1a: Starsplitter|Air Slash|p2a: Dal\u00e9 Zelda Dal\u00e9\n|-damage|p2a: Dal\u00e9 Zelda Dal\u00e9|88\/100\n|cant|p2a: Dal\u00e9 Zelda Dal\u00e9|flinch\n|\n|upkeep\n|turn|20\n|\n|t:|1698334190\n|move|p1a: Starsplitter|Air Slash|p2a: Dal\u00e9 Zelda Dal\u00e9\n|-damage|p2a: Dal\u00e9 Zelda Dal\u00e9|76\/100\n|cant|p2a: Dal\u00e9 Zelda Dal\u00e9|flinch\n|\n|upkeep\n|turn|21\n|\n|t:|1698334196\n|move|p1a: Starsplitter|Air Slash|p2a: Dal\u00e9 Zelda Dal\u00e9|[miss]\n|-miss|p1a: Starsplitter|p2a: Dal\u00e9 Zelda Dal\u00e9\n|move|p2a: Dal\u00e9 Zelda Dal\u00e9|Seismic Toss|p1a: Starsplitter\n|-damage|p1a: Starsplitter|0 fnt\n|faint|p1a: Starsplitter\n|\n|upkeep\n|\n|t:|1698334206\n|switch|p1a: Jessie|Arbok, M|100\/100\n|-damage|p1a: Jessie|88\/100|[from] Stealth Rock\n|turn|22\n|\n|t:|1698334218\n|move|p1a: Jessie|Coil|p1a: Jessie\n|-boost|p1a: Jessie|atk|1\n|-boost|p1a: Jessie|def|1\n|-boost|p1a: Jessie|accuracy|1\n|move|p2a: Dal\u00e9 Zelda Dal\u00e9|Thunder Wave|p1a: Jessie\n|-status|p1a: Jessie|par\n|\n|-heal|p1a: Jessie|94\/100 par|[from] item: Leftovers\n|upkeep\n|turn|23\n|\n|t:|1698334228\n|move|p2a: Dal\u00e9 Zelda Dal\u00e9|Seismic Toss|p1a: Jessie\n|-damage|p1a: Jessie|56\/100 par\n|cant|p1a: Jessie|par\n|\n|-heal|p1a: Jessie|62\/100 par|[from] item: Leftovers\n|upkeep\n|turn|24\n|\n|t:|1698334242\n|move|p2a: Dal\u00e9 Zelda Dal\u00e9|Seismic Toss|p1a: Jessie\n|-damage|p1a: Jessie|24\/100 par\n|move|p1a: Jessie|Gunk Shot|p2a: Dal\u00e9 Zelda Dal\u00e9\n|-damage|p2a: Dal\u00e9 Zelda Dal\u00e9|0 fnt\n|faint|p2a: Dal\u00e9 Zelda Dal\u00e9\n|\n|win|JolleyRancher\n","uploadtime":1698334258,"views":10,"p1id":"jolleyrancher","p2id":"skrrt2099","formatid":"gen9ubers","rating":0,"private":0,"password":""}