{"id":"gen9ubers-1996756078","p1":"RainWaiv","p2":"xcellofantastic","format":"[Gen 9] Ubers","log":"|j|\u2606RainWaiv\n|j|\u2606xcellofantastic\n|t:|1700719860\n|gametype|singles\n|player|p1|RainWaiv|lillie-masters|1151\n|player|p2|xcellofantastic|170|1156\n|teamsize|p1|6\n|teamsize|p2|6\n|gen|9\n|tier|[Gen 9] Ubers\n|rated|\n|rule|Sleep Clause Mod: Limit one foe put to sleep\n|rule|Species Clause: Limit one of each Pok\u00e9mon\n|rule|OHKO Clause: OHKO moves are banned\n|rule|Evasion Items Clause: Evasion items are banned\n|rule|Evasion Moves Clause: Evasion moves are banned\n|rule|Endless Battle Clause: Forcing endless battles is banned\n|rule|HP Percentage Mod: HP is shown in percentages\n|clearpoke\n|poke|p1|Kyogre|\n|poke|p1|Zacian-*|\n|poke|p1|Chi-Yu|\n|poke|p1|Giratina-Origin|\n|poke|p1|Arceus|\n|poke|p1|Ninetales-Alola, M|\n|poke|p2|Calyrex-Ice|\n|poke|p2|Groudon|\n|poke|p2|Chien-Pao|\n|poke|p2|Grimmsnarl, M|\n|poke|p2|Rayquaza|\n|poke|p2|Koraidon|\n|teampreview\n|\n|t:|1700719868\n|start\n|switch|p1a: Kyogre|Kyogre|100\/100\n|switch|p2a: Grimmsnarl|Grimmsnarl, M|100\/100\n|-weather|RainDance|[from] ability: Drizzle|[of] p1a: Kyogre\n|turn|1\n|\n|t:|1700719879\n|move|p2a: Grimmsnarl|Light Screen|p2a: Grimmsnarl\n|-sidestart|p2: xcellofantastic|move: Light Screen\n|move|p1a: Kyogre|Water Spout|p2a: Grimmsnarl\n|-damage|p2a: Grimmsnarl|14\/100\n|\n|-weather|RainDance|[upkeep]\n|upkeep\n|turn|2\n|\n|t:|1700719883\n|switch|p2a: GARTH|Groudon|100\/100\n|-weather|SunnyDay|[from] ability: Drought|[of] p2a: GARTH\n|move|p1a: Kyogre|Water Spout|p2a: GARTH\n|-supereffective|p2a: GARTH\n|-damage|p2a: GARTH|36\/100\n|\n|-weather|SunnyDay|[upkeep]\n|upkeep\n|turn|3\n|\n|t:|1700719890\n|switch|p1a: Chi-Yu|Chi-Yu|100\/100\n|-ability|p1a: Chi-Yu|Beads of Ruin\n|switch|p2a: CARAXES|Koraidon|100\/100\n|-activate|p2a: CARAXES|ability: Orichalcum Pulse\n|\n|-weather|SunnyDay|[upkeep]\n|upkeep\n|turn|4\n|\n|t:|1700719897\n|move|p2a: CARAXES|Low Kick|p1a: Chi-Yu\n|-supereffective|p1a: Chi-Yu\n|-damage|p1a: Chi-Yu|57\/100\n|move|p1a: Chi-Yu|Overheat|p2a: CARAXES|[miss]\n|-miss|p1a: Chi-Yu|p2a: CARAXES\n|\n|-weather|SunnyDay|[upkeep]\n|upkeep\n|turn|5\n|\n|t:|1700719903\n|move|p2a: CARAXES|Scale Shot|p1a: Chi-Yu\n|-damage|p1a: Chi-Yu|26\/100\n|-damage|p1a: Chi-Yu|0 fnt\n|faint|p1a: Chi-Yu\n|-hitcount|p1: Chi-Yu|2\n|-unboost|p2a: CARAXES|def|1\n|-boost|p2a: CARAXES|spe|1\n|\n|-weather|SunnyDay|[upkeep]\n|upkeep\n|\n|t:|1700719912\n|switch|p1a: Ninetales|Ninetales-Alola, M|100\/100\n|-weather|Snow|[from] ability: Snow Warning|[of] p1a: Ninetales\n|turn|6\n|\n|t:|1700719923\n|move|p2a: CARAXES|Flare Blitz|p1a: Ninetales\n|-supereffective|p1a: Ninetales\n|-damage|p1a: Ninetales|19\/100\n|-damage|p2a: CARAXES|78\/100|[from] Recoil\n|move|p1a: Ninetales|Moonblast|p2a: CARAXES\n|-supereffective|p2a: CARAXES\n|-damage|p2a: CARAXES|3\/100\n|\n|-weather|Snow|[upkeep]\n|upkeep\n|turn|7\n|\n|t:|1700719933\n|switch|p1a: Giratina|Giratina-Origin|100\/100\n|move|p2a: CARAXES|Low Kick|p1a: Giratina\n|-immune|p1a: Giratina\n|\n|-weather|Snow|[upkeep]\n|upkeep\n|turn|8\n|\n|t:|1700719940\n|switch|p2a: Grimmsnarl|Grimmsnarl, M|14\/100\n|move|p1a: Giratina|Dragon Tail|p2a: Grimmsnarl\n|-immune|p2a: Grimmsnarl\n|\n|-weather|Snow|[upkeep]\n|-sideend|p2: xcellofantastic|move: Light Screen\n|upkeep\n|turn|9\n|\n|t:|1700719946\n|move|p2a: Grimmsnarl|Reflect|p2a: Grimmsnarl\n|-sidestart|p2: xcellofantastic|Reflect\n|move|p1a: Giratina|Earthquake|p2a: Grimmsnarl\n|-damage|p2a: Grimmsnarl|0 fnt\n|faint|p2a: Grimmsnarl\n|\n|-weather|Snow|[upkeep]\n|upkeep\n|\n|t:|1700719950\n|switch|p2a: Chien-Pao|Chien-Pao|100\/100\n|-ability|p2a: Chien-Pao|Sword of Ruin\n|turn|10\n|\n|t:|1700719968\n|move|p2a: Chien-Pao|Taunt|p1a: Giratina\n|-start|p1a: Giratina|move: Taunt\n|cant|p1a: Giratina|move: Taunt|Defog\n|\n|-weather|none\n|upkeep\n|turn|11\n|\n|t:|1700719998\n|move|p2a: Chien-Pao|Crunch|p1a: Giratina\n|-supereffective|p1a: Giratina\n|-damage|p1a: Giratina|43\/100\n|move|p1a: Giratina|Dragon Tail|p2a: Chien-Pao\n|-damage|p2a: Chien-Pao|80\/100\n|drag|p2a: GARTH|Groudon|36\/100\n|-weather|SunnyDay|[from] ability: Drought|[of] p2a: GARTH\n|\n|-weather|SunnyDay|[upkeep]\n|upkeep\n|turn|12\n|\n|t:|1700720020\n|switch|p1a: Kyogre|Kyogre|100\/100\n|-weather|RainDance|[from] ability: Drizzle|[of] p1a: Kyogre\n|move|p2a: GARTH|Stealth Rock|p1a: Kyogre\n|-sidestart|p1: RainWaiv|move: Stealth Rock\n|\n|-weather|RainDance|[upkeep]\n|upkeep\n|turn|13\n|\n|t:|1700720040\n|move|p1a: Kyogre|Water Spout|p2a: GARTH\n|-supereffective|p2a: GARTH\n|-damage|p2a: GARTH|0 fnt\n|faint|p2a: GARTH\n|\n|-weather|RainDance|[upkeep]\n|upkeep\n|\n|t:|1700720043\n|switch|p2a: BALERION|Rayquaza, shiny|100\/100\n|-ability|p2a: BALERION|Air Lock\n|turn|14\n|\n|t:|1700720047\n|move|p2a: BALERION|Earthquake|p1a: Kyogre\n|-damage|p1a: Kyogre|43\/100\n|-damage|p2a: BALERION|91\/100|[from] item: Life Orb\n|move|p1a: Kyogre|Water Spout|p2a: BALERION\n|-resisted|p2a: BALERION\n|-damage|p2a: BALERION|57\/100\n|\n|-weather|RainDance|[upkeep]\n|upkeep\n|turn|15\n|\n|t:|1700720057\n|switch|p1a: Giratina|Giratina-Origin|43\/100\n|-damage|p1a: Giratina|30\/100|[from] Stealth Rock\n|move|p2a: BALERION|Dragon Ascent|p1a: Giratina\n|-damage|p1a: Giratina|0 fnt\n|-unboost|p2a: BALERION|def|1\n|-unboost|p2a: BALERION|spd|1\n|faint|p1a: Giratina\n|-damage|p2a: BALERION|47\/100|[from] item: Life Orb\n|\n|-weather|RainDance|[upkeep]\n|upkeep\n|\n|t:|1700720068\n|switch|p1a: Ninetales|Ninetales-Alola, M|19\/100\n|-damage|p1a: Ninetales|0 fnt|[from] Stealth Rock\n|faint|p1a: Ninetales\n|\n|t:|1700720073\n|switch|p1a: Zacian|Zacian-Crowned|100\/100\n|-damage|p1a: Zacian|94\/100|[from] Stealth Rock\n|-ability|p1a: Zacian|Intrepid Sword|boost\n|-boost|p1a: Zacian|atk|1\n|turn|16\n|\n|t:|1700720077\n|move|p1a: Zacian|Play Rough|p2a: BALERION|[miss]\n|-miss|p1a: Zacian|p2a: BALERION\n|move|p2a: BALERION|Earthquake|p1a: Zacian\n|-supereffective|p1a: Zacian\n|-damage|p1a: Zacian|8\/100\n|-damage|p2a: BALERION|37\/100|[from] item: Life Orb\n|\n|-weather|none\n|-sideend|p2: xcellofantastic|Reflect\n|upkeep\n|turn|17\n|\n|t:|1700720081\n|move|p2a: BALERION|Extreme Speed|p1a: Zacian\n|-resisted|p1a: Zacian\n|-damage|p1a: Zacian|0 fnt\n|faint|p1a: Zacian\n|-damage|p2a: BALERION|27\/100|[from] item: Life Orb\n|\n|upkeep\n|c|\u2606RainWaiv|what the fuck\n|c|\u2606RainWaiv|im forfeiting what is this shit\n|-message|RainWaiv forfeited.\n|\n|win|xcellofantastic\n|raw|RainWaiv's rating: 1151 &rarr; <strong>1126<\/strong><br \/>(-25 for losing)\n|raw|xcellofantastic's rating: 1156 &rarr; <strong>1181<\/strong><br \/>(+25 for winning)\n","uploadtime":1700720109,"views":26,"p1id":"rainwaiv","p2id":"xcellofantastic","formatid":"gen9ubers","rating":1126,"private":0,"password":""}