{"id":"gen9ubers-1974733892","p1":"Nitro524","p2":"kirimissing","format":"[Gen 9] Ubers","log":"|j|\u2606Nitro524\n|j|\u2606kirimissing\n|t:|1698115579\n|gametype|singles\n|player|p1|Nitro524|169|\n|player|p2|kirimissing|raifort|\n|teamsize|p1|6\n|teamsize|p2|6\n|gen|9\n|tier|[Gen 9] Ubers\n|rule|Sleep Clause Mod: Limit one foe put to sleep\n|rule|Species Clause: Limit one of each Pok\u00e9mon\n|rule|OHKO Clause: OHKO moves are banned\n|rule|Evasion Items Clause: Evasion items are banned\n|rule|Evasion Moves Clause: Evasion moves are banned\n|rule|Endless Battle Clause: Forcing endless battles is banned\n|rule|HP Percentage Mod: HP is shown in percentages\n|clearpoke\n|poke|p1|Pelipper, F|\n|poke|p1|Zapdos|\n|poke|p1|Arceus-Grass|\n|poke|p1|Palafin, F|\n|poke|p1|Zacian-*|\n|poke|p1|Palkia-Origin|\n|poke|p2|Scizor, M|\n|poke|p2|Haxorus, M|\n|poke|p2|Ninetales-Alola, M|\n|poke|p2|Alomomola, F|\n|poke|p2|Espathra, M|\n|poke|p2|Volcarona, F|\n|teampreview\n|c|\u2606Nitro524|glhf!\n|c|\u2606kirimissing|glhf\n|\n|t:|1698115594\n|start\n|switch|p1a: Pelipper|Pelipper, F|100\/100\n|switch|p2a: Espathra|Espathra, M|100\/100\n|-weather|RainDance|[from] ability: Drizzle|[of] p1a: Pelipper\n|turn|1\n|\n|t:|1698115618\n|move|p2a: Espathra|Calm Mind|p2a: Espathra\n|-boost|p2a: Espathra|spa|1\n|-boost|p2a: Espathra|spd|1\n|move|p1a: Pelipper|U-turn|p2a: Espathra\n|-supereffective|p2a: Espathra\n|-damage|p2a: Espathra|70\/100\n|\n|t:|1698115623\n|switch|p1a: Zacian|Zacian|100\/100|[from] U-turn\n|-ability|p1a: Zacian|Intrepid Sword|boost\n|-boost|p1a: Zacian|atk|1\n|\n|-weather|RainDance|[upkeep]\n|-ability|p2a: Espathra|Speed Boost|boost\n|-boost|p2a: Espathra|spe|1\n|upkeep\n|turn|2\n|\n|t:|1698115627\n|move|p2a: Espathra|Protect|p2a: Espathra\n|-singleturn|p2a: Espathra|Protect\n|move|p1a: Zacian|Crunch|p2a: Espathra\n|-activate|p2a: Espathra|move: Protect\n|\n|-weather|RainDance|[upkeep]\n|-ability|p2a: Espathra|Speed Boost|boost\n|-boost|p2a: Espathra|spe|1\n|upkeep\n|turn|3\n|\n|t:|1698115664\n|move|p2a: Espathra|Stored Power|p1a: Zacian\n|-damage|p1a: Zacian|12\/100\n|-damage|p2a: Espathra|60\/100|[from] item: Life Orb\n|move|p1a: Zacian|Crunch|p2a: Espathra\n|-supereffective|p2a: Espathra\n|-damage|p2a: Espathra|0 fnt\n|faint|p2a: Espathra\n|\n|-weather|RainDance|[upkeep]\n|upkeep\n|\n|t:|1698115671\n|switch|p2a: Scizor|Scizor, M|100\/100\n|turn|4\n|\n|t:|1698115713\n|switch|p2a: Ninetales|Ninetales-Alola, M|100\/100\n|-weather|Snow|[from] ability: Snow Warning|[of] p2a: Ninetales\n|move|p1a: Zacian|Close Combat|p2a: Ninetales\n|-damage|p2a: Ninetales|51\/100\n|-unboost|p1a: Zacian|def|1\n|-unboost|p1a: Zacian|spd|1\n|\n|-weather|Snow|[upkeep]\n|upkeep\n|turn|5\n|\n|t:|1698115720\n|move|p1a: Zacian|Trailblaze|p2a: Ninetales\n|-damage|p2a: Ninetales|30\/100\n|-boost|p1a: Zacian|spe|1\n|move|p2a: Ninetales|Aurora Veil|p2a: Ninetales\n|-sidestart|p2: kirimissing|move: Aurora Veil\n|\n|-weather|Snow|[upkeep]\n|upkeep\n|turn|6\n|\n|t:|1698115726\n|move|p1a: Zacian|Close Combat|p2a: Ninetales\n|-damage|p2a: Ninetales|4\/100\n|-unboost|p1a: Zacian|def|1\n|-unboost|p1a: Zacian|spd|1\n|move|p2a: Ninetales|Blizzard|p1a: Zacian\n|-damage|p1a: Zacian|0 fnt\n|faint|p1a: Zacian\n|\n|-weather|Snow|[upkeep]\n|upkeep\n|\n|t:|1698115732\n|switch|p1a: Pelipper|Pelipper, F|100\/100\n|-weather|RainDance|[from] ability: Drizzle|[of] p1a: Pelipper\n|turn|7\n|\n|t:|1698115743\n|switch|p2a: Alomomola|Alomomola, F|100\/100\n|move|p1a: Pelipper|Knock Off|p2a: Alomomola\n|-damage|p2a: Alomomola|95\/100\n|-enditem|p2a: Alomomola|Leftovers|[from] move: Knock Off|[of] p1a: Pelipper\n|\n|-weather|RainDance|[upkeep]\n|upkeep\n|turn|8\n|\n|t:|1698115761\n|move|p2a: Alomomola|Wish|p2a: Alomomola\n|move|p1a: Pelipper|Hurricane|p2a: Alomomola\n|-damage|p2a: Alomomola|83\/100\n|-start|p2a: Alomomola|confusion\n|\n|-weather|RainDance|[upkeep]\n|upkeep\n|turn|9\n|\n|t:|1698115776\n|switch|p2a: Haxorus|Haxorus, M, shiny|100\/100\n|-ability|p2a: Haxorus|Mold Breaker\n|switch|p1a: Zapdos|Zapdos|100\/100\n|\n|-weather|RainDance|[upkeep]\n|upkeep\n|turn|10\n|\n|t:|1698115783\n|move|p1a: Zapdos|Hurricane|p2a: Haxorus\n|-damage|p2a: Haxorus|59\/100\n|move|p2a: Haxorus|Swords Dance|p2a: Haxorus\n|-boost|p2a: Haxorus|atk|2\n|\n|-weather|RainDance|[upkeep]\n|upkeep\n|turn|11\n|\n|t:|1698115793\n|switch|p1a: Palkia|Palkia-Origin|100\/100\n|-ability|p1a: Palkia|Pressure\n|move|p2a: Haxorus|Scale Shot|p1a: Palkia\n|-supereffective|p1a: Palkia\n|-damage|p1a: Palkia|38\/100\n|-supereffective|p1a: Palkia\n|-damage|p1a: Palkia|0 fnt\n|faint|p1a: Palkia\n|-hitcount|p1: Palkia|2\n|-unboost|p2a: Haxorus|def|1\n|-boost|p2a: Haxorus|spe|1\n|\n|-weather|RainDance|[upkeep]\n|upkeep\n|\n|t:|1698115801\n|switch|p1a: Palafin|Palafin, F|100\/100\n|turn|12\n|c|\u2606kirimissing|nows when shit gets fucked\n|\n|t:|1698115810\n|detailschange|p1a: Palafin|Palafin-Hero, F\n|switch|p1a: Arceus|Arceus-Grass|100\/100\n|move|p2a: Haxorus|Scale Shot|p1a: Arceus\n|-damage|p1a: Arceus|82\/100\n|-damage|p1a: Arceus|63\/100\n|-damage|p1a: Arceus|44\/100\n|-damage|p1a: Arceus|27\/100\n|-hitcount|p1a: Arceus|4\n|-unboost|p2a: Haxorus|def|1\n|-boost|p2a: Haxorus|spe|1\n|\n|-weather|RainDance|[upkeep]\n|-sideend|p2: kirimissing|move: Aurora Veil\n|upkeep\n|turn|13\n|c|\u2606kirimissing|or is it?\n|\n|t:|1698115830\n|move|p2a: Haxorus|Scale Shot|p1a: Arceus\n|-damage|p1a: Arceus|10\/100\n|-damage|p1a: Arceus|0 fnt\n|faint|p1a: Arceus\n|-hitcount|p1: Arceus|2\n|-unboost|p2a: Haxorus|def|1\n|-boost|p2a: Haxorus|spe|1\n|\n|-weather|RainDance|[upkeep]\n|upkeep\n|\n|t:|1698115832\n|switch|p1a: Palafin|Palafin-Hero, F|100\/100\n|-activate|p1a: Palafin|ability: Zero to Hero\n|turn|14\n|\n|t:|1698115837\n|switch|p2a: Alomomola|Alomomola, F|100\/100\n|move|p1a: Palafin|Jet Punch|p2a: Alomomola\n|-resisted|p2a: Alomomola\n|-damage|p2a: Alomomola|66\/100\n|\n|-weather|none\n|upkeep\n|turn|15\n|\n|t:|1698115843\n|move|p1a: Palafin|Jet Punch|p2a: Alomomola\n|-resisted|p2a: Alomomola\n|-damage|p2a: Alomomola|42\/100\n|move|p2a: Alomomola|Healing Wish|p2a: Alomomola\n|faint|p2a: Alomomola\n|\n|upkeep\n|\n|t:|1698115845\n|switch|p2a: Ninetales|Ninetales-Alola, M|4\/100\n|-heal|p2a: Ninetales|100\/100|[from] move: Healing Wish\n|-weather|Snow|[from] ability: Snow Warning|[of] p2a: Ninetales\n|turn|16\n|\n|t:|1698115853\n|move|p1a: Palafin|Jet Punch|p2a: Ninetales\n|-damage|p2a: Ninetales|54\/100\n|move|p2a: Ninetales|Aurora Veil|p2a: Ninetales\n|-sidestart|p2: kirimissing|move: Aurora Veil\n|\n|-weather|Snow|[upkeep]\n|upkeep\n|turn|17\n|\n|t:|1698115860\n|switch|p2a: Haxorus|Haxorus, M, shiny|59\/100\n|-ability|p2a: Haxorus|Mold Breaker\n|move|p1a: Palafin|Jet Punch|p2a: Haxorus\n|-resisted|p2a: Haxorus\n|-damage|p2a: Haxorus|42\/100\n|\n|-weather|Snow|[upkeep]\n|upkeep\n|turn|18\n|\n|t:|1698115868\n|move|p1a: Palafin|Jet Punch|p2a: Haxorus\n|-resisted|p2a: Haxorus\n|-damage|p2a: Haxorus|24\/100\n|move|p2a: Haxorus|Scale Shot|p1a: Palafin\n|-damage|p1a: Palafin|86\/100\n|-damage|p1a: Palafin|71\/100\n|-damage|p1a: Palafin|58\/100\n|-damage|p1a: Palafin|44\/100\n|-hitcount|p1a: Palafin|4\n|-unboost|p2a: Haxorus|def|1\n|-boost|p2a: Haxorus|spe|1\n|\n|-weather|Snow|[upkeep]\n|upkeep\n|turn|19\n|c|\u2606Nitro524|let us see how this goes\n|\n|t:|1698115888\n|-terastallize|p1a: Palafin|Water\n|move|p1a: Palafin|Jet Punch|p2a: Haxorus\n|-resisted|p2a: Haxorus\n|-damage|p2a: Haxorus|0 fnt\n|faint|p2a: Haxorus\n|\n|-weather|Snow|[upkeep]\n|upkeep\n|\n|t:|1698115895\n|switch|p2a: Scizor|Scizor, M|100\/100\n|turn|20\n|\n|t:|1698115903\n|switch|p1a: Pelipper|Pelipper, F|100\/100\n|-weather|RainDance|[from] ability: Drizzle|[of] p1a: Pelipper\n|move|p2a: Scizor|U-turn|p1a: Pelipper\n|-resisted|p1a: Pelipper\n|-damage|p1a: Pelipper|76\/100\n|-damage|p2a: Scizor|91\/100|[from] item: Life Orb\n|\n|t:|1698115906\n|switch|p2a: Ninetales|Ninetales-Alola, M|54\/100|[from] U-turn\n|-weather|Snow|[from] ability: Snow Warning|[of] p2a: Ninetales\n|\n|-weather|Snow|[upkeep]\n|upkeep\n|turn|21\n|\n|t:|1698115912\n|move|p2a: Ninetales|Dazzling Gleam|p1a: Pelipper\n|-damage|p1a: Pelipper|52\/100\n|move|p1a: Pelipper|Hurricane|p2a: Ninetales\n|-damage|p2a: Ninetales|36\/100\n|\n|-weather|Snow|[upkeep]\n|upkeep\n|turn|22\n|\n|t:|1698115916\n|switch|p2a: Volcarona|Volcarona, F|100\/100\n|move|p1a: Pelipper|Knock Off|p2a: Volcarona\n|-damage|p2a: Volcarona|94\/100\n|\n|-weather|Snow|[upkeep]\n|upkeep\n|turn|23\n|\n|t:|1698115922\n|move|p2a: Volcarona|Quiver Dance|p2a: Volcarona\n|-boost|p2a: Volcarona|spa|1\n|-boost|p2a: Volcarona|spd|1\n|-boost|p2a: Volcarona|spe|1\n|move|p1a: Pelipper|Hurricane|p2a: Volcarona\n|-supereffective|p2a: Volcarona\n|-damage|p2a: Volcarona|70\/100\n|-start|p2a: Volcarona|confusion\n|\n|-weather|Snow|[upkeep]\n|-sideend|p2: kirimissing|move: Aurora Veil\n|upkeep\n|turn|24\n|\n|t:|1698115943\n|-activate|p2a: Volcarona|confusion\n|move|p2a: Volcarona|Fiery Dance|p1a: Pelipper\n|-resisted|p1a: Pelipper\n|-damage|p1a: Pelipper|27\/100\n|-boost|p2a: Volcarona|spa|1\n|move|p1a: Pelipper|Roost|p1a: Pelipper\n|-heal|p1a: Pelipper|77\/100\n|-singleturn|p1a: Pelipper|move: Roost\n|\n|-weather|none\n|upkeep\n|turn|25\n|\n|t:|1698115950\n|-activate|p2a: Volcarona|confusion\n|move|p2a: Volcarona|Fiery Dance|p1a: Pelipper\n|-resisted|p1a: Pelipper\n|-damage|p1a: Pelipper|42\/100\n|move|p1a: Pelipper|Hurricane|p2a: Volcarona|[miss]\n|-miss|p1a: Pelipper|p2a: Volcarona\n|\n|upkeep\n|turn|26\n|\n|t:|1698115960\n|-activate|p2a: Volcarona|confusion\n|move|p2a: Volcarona|Fiery Dance|p1a: Pelipper\n|-resisted|p1a: Pelipper\n|-damage|p1a: Pelipper|8\/100\n|-boost|p2a: Volcarona|spa|1\n|move|p1a: Pelipper|Roost|p1a: Pelipper\n|-heal|p1a: Pelipper|58\/100\n|-singleturn|p1a: Pelipper|move: Roost\n|\n|upkeep\n|turn|27\n|\n|t:|1698115964\n|-end|p2a: Volcarona|confusion\n|move|p2a: Volcarona|Fiery Dance|p1a: Pelipper\n|-resisted|p1a: Pelipper\n|-damage|p1a: Pelipper|17\/100\n|move|p1a: Pelipper|Hurricane|p2a: Volcarona\n|-supereffective|p2a: Volcarona\n|-damage|p2a: Volcarona|15\/100\n|\n|upkeep\n|turn|28\n|\n|t:|1698115977\n|switch|p1a: Zapdos|Zapdos|100\/100\n|move|p2a: Volcarona|Fiery Dance|p1a: Zapdos\n|-damage|p1a: Zapdos|2\/100\n|\n|upkeep\n|turn|29\n|\n|t:|1698115989\n|move|p2a: Volcarona|Fiery Dance|p1a: Zapdos\n|-damage|p1a: Zapdos|0 fnt\n|-boost|p2a: Volcarona|spa|1\n|faint|p1a: Zapdos\n|\n|upkeep\n|\n|t:|1698115994\n|switch|p1a: Palafin|Palafin-Hero, F, tera:Water|44\/100\n|turn|30\n|\n|t:|1698115997\n|move|p1a: Palafin|Jet Punch|p2a: Volcarona\n|-supereffective|p2a: Volcarona\n|-damage|p2a: Volcarona|0 fnt\n|faint|p2a: Volcarona\n|\n|upkeep\n|\n|t:|1698115999\n|switch|p2a: Scizor|Scizor, M|91\/100\n|turn|31\n|\n|t:|1698116005\n|-terastallize|p2a: Scizor|Water\n|move|p1a: Palafin|Jet Punch|p2a: Scizor\n|-resisted|p2a: Scizor\n|-damage|p2a: Scizor|49\/100\n|move|p2a: Scizor|Swords Dance|p2a: Scizor\n|-boost|p2a: Scizor|atk|2\n|\n|upkeep\n|turn|32\n|\n|t:|1698116025\n|switch|p1a: Pelipper|Pelipper, F|17\/100\n|-weather|RainDance|[from] ability: Drizzle|[of] p1a: Pelipper\n|move|p2a: Scizor|U-turn|p1a: Pelipper\n|-resisted|p1a: Pelipper\n|-damage|p1a: Pelipper|0 fnt\n|faint|p1a: Pelipper\n|-damage|p2a: Scizor|39\/100|[from] item: Life Orb\n|\n|t:|1698116031\n|switch|p2a: Ninetales|Ninetales-Alola, M|36\/100|[from] U-turn\n|-weather|Snow|[from] ability: Snow Warning|[of] p2a: Ninetales\n|\n|-weather|Snow|[upkeep]\n|upkeep\n|c|\u2606Nitro524|zamn\n|\n|t:|1698116034\n|switch|p1a: Palafin|Palafin-Hero, F, tera:Water|44\/100\n|turn|33\n|\n|t:|1698116051\n|move|p2a: Ninetales|Aurora Veil|p2a: Ninetales\n|-sidestart|p2: kirimissing|move: Aurora Veil\n|move|p1a: Palafin|Wave Crash|p2a: Ninetales\n|-damage|p2a: Ninetales|0 fnt\n|faint|p2a: Ninetales\n|-damage|p1a: Palafin|32\/100|[from] Recoil\n|\n|-weather|Snow|[upkeep]\n|upkeep\n|c|\u2606kirimissing|fun fact, the volcarona only had fiery dance and quiver dance, not even an item\n|c|\u2606kirimissing|i forgor to give it\n|\n|t:|1698116059\n|switch|p2a: Scizor|Scizor, M, tera:Water|39\/100\n|turn|34\n|c|\u2606Nitro524|interesting lol\n|c|\u2606Nitro524|gg\n|\n|t:|1698116066\n|move|p1a: Palafin|Wave Crash|p2a: Scizor\n|-resisted|p2a: Scizor\n|-damage|p2a: Scizor|0 fnt\n|faint|p2a: Scizor\n|-damage|p1a: Palafin|19\/100|[from] Recoil\n|\n|win|Nitro524\n|c|\u2606kirimissing|oop\n|c|\u2606kirimissing|gg\n|c|\u2606Nitro524|holy\n|c|\u2606Nitro524|ggs!\n","uploadtime":1698116076,"views":24,"p1id":"nitro524","p2id":"kirimissing","formatid":"gen9ubers","rating":0,"private":0,"password":""}