{"id":"gen9ubers-1998601755","p1":"Blitz2656","p2":"trashman46","format":"[Gen 9] Ubers","log":"|j|\u2606Blitz2656\n|j|\u2606trashman46\n|t:|1700961580\n|gametype|singles\n|player|p1|Blitz2656|mustard-master|\n|player|p2|trashman46|workerice|\n|teamsize|p1|6\n|teamsize|p2|6\n|gen|9\n|tier|[Gen 9] Ubers\n|rule|Sleep Clause Mod: Limit one foe put to sleep\n|rule|Species Clause: Limit one of each Pok\u00e9mon\n|rule|OHKO Clause: OHKO moves are banned\n|rule|Evasion Items Clause: Evasion items are banned\n|rule|Evasion Moves Clause: Evasion moves are banned\n|rule|Endless Battle Clause: Forcing endless battles is banned\n|rule|HP Percentage Mod: HP is shown in percentages\n|clearpoke\n|poke|p1|Palafin, F|\n|poke|p1|Medicham, M|\n|poke|p1|Tornadus-Therian, M|\n|poke|p1|Yanma, M|\n|poke|p1|Thundurus, M|\n|poke|p1|Ursaluna-Bloodmoon, M|\n|poke|p2|Basculegion, M|\n|poke|p2|Slowking-Galar, F|\n|poke|p2|Weezing-Galar, M|\n|poke|p2|Medicham, F|\n|poke|p2|Toedscruel, F|\n|poke|p2|Eelektross, M|\n|teampreview\n|inactive|Battle timer is ON: inactive players will automatically lose when time's up. (requested by Blitz2656)\n|inactive|Blitz2656 has 270 seconds left.\n|\n|t:|1700961616\n|start\n|switch|p1a: Yanma|Yanma, M|100\/100\n|switch|p2a: Slowking|Slowking-Galar, F|100\/100\n|turn|1\n|\n|t:|1700961622\n|move|p1a: Yanma|Hypnosis|p2a: Slowking\n|-status|p2a: Slowking|slp|[from] move: Hypnosis\n|cant|p2a: Slowking|slp\n|\n|-ability|p1a: Yanma|Speed Boost|boost\n|-boost|p1a: Yanma|spe|1\n|upkeep\n|turn|2\n|\n|t:|1700961628\n|switch|p2a: Weezing|Weezing-Galar, M|100\/100\n|move|p1a: Yanma|Swords Dance|p1a: Yanma\n|-boost|p1a: Yanma|atk|2\n|\n|-ability|p1a: Yanma|Speed Boost|boost\n|-boost|p1a: Yanma|spe|1\n|upkeep\n|turn|3\n|\n|t:|1700961647\n|move|p1a: Yanma|Aerial Ace|p2a: Weezing\n|-damage|p2a: Weezing|80\/100\n|move|p2a: Weezing|Strange Steam|p1a: Yanma\n|-damage|p1a: Yanma|73\/100\n|\n|-heal|p2a: Weezing|86\/100|[from] item: Leftovers\n|-ability|p1a: Yanma|Speed Boost|boost\n|-boost|p1a: Yanma|spe|1\n|upkeep\n|turn|4\n|\n|t:|1700961662\n|switch|p1a: Freddy Fastbear|Ursaluna-Bloodmoon, M|100\/100\n|move|p2a: Weezing|Haze|p2a: Weezing\n|-clearallboost\n|\n|-heal|p2a: Weezing|92\/100|[from] item: Leftovers\n|upkeep\n|turn|5\n|\n|t:|1700961681\n|switch|p2a: Eelektross|Eelektross, M, shiny|100\/100\n|move|p1a: Freddy Fastbear|Body Slam|p2a: Eelektross\n|-damage|p2a: Eelektross|64\/100\n|\n|upkeep\n|turn|6\n|inactive|Blitz2656 has 270 seconds left.\n|inactive|Blitz2656 has 240 seconds left.\n|inactive|Blitz2656 has 210 seconds left.\n|\n|t:|1700961763\n|switch|p1a: Yanma|Yanma, M|73\/100\n|move|p2a: Eelektross|Giga Drain|p1a: Yanma\n|-resisted|p1a: Yanma\n|-damage|p1a: Yanma|68\/100\n|-heal|p2a: Eelektross|66\/100|[from] drain|[of] p1a: Yanma\n|\n|upkeep\n|turn|7\n|\n|t:|1700961772\n|move|p1a: Yanma|Leech Life|p2a: Eelektross\n|-damage|p2a: Eelektross|44\/100\n|-heal|p1a: Yanma|80\/100|[from] drain|[of] p2a: Eelektross\n|move|p2a: Eelektross|Acid Spray|p1a: Yanma\n|-damage|p1a: Yanma|68\/100\n|-unboost|p1a: Yanma|spd|2\n|\n|-ability|p1a: Yanma|Speed Boost|boost\n|-boost|p1a: Yanma|spe|1\n|upkeep\n|turn|8\n|\n|t:|1700961781\n|move|p1a: Yanma|Leech Life|p2a: Eelektross\n|-damage|p2a: Eelektross|21\/100\n|-heal|p1a: Yanma|81\/100|[from] drain|[of] p2a: Eelektross\n|move|p2a: Eelektross|Thunderbolt|p1a: Yanma\n|-supereffective|p1a: Yanma\n|-damage|p1a: Yanma|0 fnt\n|faint|p1a: Yanma\n|\n|upkeep\n|\n|t:|1700961793\n|switch|p1a: Palafin|Palafin, F|100\/100\n|turn|9\n|\n|t:|1700961797\n|move|p1a: Palafin|Surf|p2a: Eelektross\n|-damage|p2a: Eelektross|0 fnt\n|faint|p2a: Eelektross\n|\n|upkeep\n|\n|t:|1700961802\n|switch|p2a: Toedscruel|Toedscruel, F|100\/100\n|turn|10\n|inactive|Blitz2656 has 240 seconds left.\n|\n|t:|1700961812\n|detailschange|p1a: Palafin|Palafin-Hero, F\n|switch|p1a: Tornadus|Tornadus-Therian, M|100\/100\n|move|p2a: Toedscruel|Spore|p1a: Tornadus\n|-status|p1a: Tornadus|slp|[from] move: Spore\n|\n|upkeep\n|turn|11\n|\n|t:|1700961819\n|cant|p1a: Tornadus|slp\n|move|p2a: Toedscruel|Spikes|p1a: Tornadus\n|-sidestart|p1: Blitz2656|Spikes\n|\n|upkeep\n|turn|12\n|\n|t:|1700961830\n|switch|p2a: Slowking|Slowking-Galar, F|100\/100 slp\n|cant|p1a: Tornadus|slp\n|\n|upkeep\n|turn|13\n|\n|t:|1700961837\n|-curestatus|p1a: Tornadus|slp|[msg]\n|move|p1a: Tornadus|U-turn|p2a: Slowking\n|-damage|p2a: Slowking|87\/100 slp\n|\n|t:|1700961840\n|switch|p1a: Freddy Fastbear|Ursaluna-Bloodmoon, M|100\/100|[from] U-turn\n|-damage|p1a: Freddy Fastbear|88\/100|[from] Spikes\n|-curestatus|p2a: Slowking|slp|[msg]\n|move|p2a: Slowking|Thunder Wave|p1a: Freddy Fastbear\n|-immune|p1a: Freddy Fastbear\n|\n|-heal|p1a: Freddy Fastbear|94\/100|[from] item: Leftovers\n|upkeep\n|turn|14\n|\n|t:|1700961855\n|switch|p2a: Weezing|Weezing-Galar, M|92\/100\n|move|p1a: Freddy Fastbear|Earthquake|p2a: Weezing\n|-immune|p2a: Weezing|[from] ability: Levitate\n|\n|-heal|p2a: Weezing|98\/100|[from] item: Leftovers\n|-heal|p1a: Freddy Fastbear|99\/100|[from] item: Leftovers\n|upkeep\n|turn|15\n|\n|t:|1700961869\n|move|p2a: Weezing|Strange Steam|p1a: Freddy Fastbear\n|-damage|p1a: Freddy Fastbear|71\/100\n|-start|p1a: Freddy Fastbear|confusion\n|-activate|p1a: Freddy Fastbear|confusion\n|move|p1a: Freddy Fastbear|Swords Dance|p1a: Freddy Fastbear\n|-boost|p1a: Freddy Fastbear|atk|2\n|\n|-heal|p2a: Weezing|100\/100|[from] item: Leftovers\n|-heal|p1a: Freddy Fastbear|77\/100|[from] item: Leftovers\n|upkeep\n|turn|16\n|\n|t:|1700961878\n|move|p2a: Weezing|Strange Steam|p1a: Freddy Fastbear\n|-damage|p1a: Freddy Fastbear|47\/100\n|-activate|p1a: Freddy Fastbear|confusion\n|move|p1a: Freddy Fastbear|Moonlight|p1a: Freddy Fastbear\n|-heal|p1a: Freddy Fastbear|97\/100\n|\n|-heal|p1a: Freddy Fastbear|100\/100|[from] item: Leftovers\n|upkeep\n|turn|17\n|\n|t:|1700961886\n|move|p2a: Weezing|Strange Steam|p1a: Freddy Fastbear\n|-damage|p1a: Freddy Fastbear|71\/100\n|-end|p1a: Freddy Fastbear|confusion\n|move|p1a: Freddy Fastbear|Body Slam|p2a: Weezing\n|-damage|p2a: Weezing|60\/100\n|-status|p2a: Weezing|par\n|\n|-heal|p1a: Freddy Fastbear|77\/100|[from] item: Leftovers\n|-heal|p2a: Weezing|66\/100 par|[from] item: Leftovers\n|upkeep\n|turn|18\n|\n|t:|1700961896\n|move|p1a: Freddy Fastbear|Body Slam|p2a: Weezing\n|-damage|p2a: Weezing|27\/100 par\n|move|p2a: Weezing|Haze|p2a: Weezing\n|-clearallboost\n|\n|-heal|p1a: Freddy Fastbear|83\/100|[from] item: Leftovers\n|-heal|p2a: Weezing|33\/100 par|[from] item: Leftovers\n|upkeep\n|turn|19\n|\n|t:|1700961905\n|switch|p2a: Basculegion|Basculegion, M|100\/100\n|move|p1a: Freddy Fastbear|Body Slam|p2a: Basculegion\n|-damage|p2a: Basculegion|60\/100\n|\n|-heal|p1a: Freddy Fastbear|89\/100|[from] item: Leftovers\n|upkeep\n|turn|20\n|inactive|trashman46 has 270 seconds left.\n|\n|t:|1700961942\n|switch|p1a: Tornadus|Tornadus-Therian, M|100\/100\n|move|p2a: Basculegion|Surf|p1a: Tornadus\n|-damage|p1a: Tornadus|13\/100\n|-enditem|p1a: Tornadus|Red Card|[of] p2a: Basculegion\n|drag|p2a: Toedscruel|Toedscruel, F|100\/100\n|\n|upkeep\n|turn|21\n|\n|t:|1700961952\n|move|p1a: Tornadus|Acrobatics|p2a: Toedscruel\n|-supereffective|p2a: Toedscruel\n|-damage|p2a: Toedscruel|0 fnt\n|faint|p2a: Toedscruel\n|\n|upkeep\n|inactive|trashman46 has 270 seconds left.\n|\n|t:|1700961969\n|switch|p2a: Medicham|Medicham, F|100\/100\n|turn|22\n|inactive|trashman46 has 270 seconds left.\n|\n|t:|1700961977\n|move|p2a: Medicham|Zen Headbutt|p1a: Tornadus\n|-damage|p1a: Tornadus|0 fnt\n|faint|p1a: Tornadus\n|\n|upkeep\n|inactive|Blitz2656 has 270 seconds left.\n|inactive|Blitz2656 has 240 seconds left.\n|\n|t:|1700962058\n|switch|p1a: Palafin|Palafin-Hero, F|100\/100\n|-damage|p1a: Palafin|88\/100|[from] Spikes\n|-activate|p1a: Palafin|ability: Zero to Hero\n|turn|23\n|inactive|trashman46 has 270 seconds left.\n|\n|t:|1700962099\n|switch|p2a: Basculegion|Basculegion, M|60\/100\n|move|p1a: Palafin|Surf|p2a: Basculegion\n|-resisted|p2a: Basculegion\n|-damage|p2a: Basculegion|31\/100\n|\n|upkeep\n|turn|24\n|inactive|Blitz2656 has 210 seconds left.\n|\n|t:|1700962126\n|switch|p2a: Slowking|Slowking-Galar, F|100\/100\n|move|p1a: Palafin|Surf|p2a: Slowking\n|-damage|p2a: Slowking|55\/100\n|\n|upkeep\n|turn|25\n|\n|t:|1700962132\n|move|p1a: Palafin|Surf|p2a: Slowking\n|-damage|p2a: Slowking|10\/100\n|move|p2a: Slowking|Foul Play|p1a: Palafin\n|-damage|p1a: Palafin|60\/100\n|\n|upkeep\n|turn|26\n|inactive|trashman46 has 240 seconds left.\n|\n|t:|1700962159\n|move|p1a: Palafin|Surf|p2a: Slowking\n|-damage|p2a: Slowking|0 fnt\n|faint|p2a: Slowking\n|\n|upkeep\n|\n|t:|1700962164\n|switch|p2a: Basculegion|Basculegion, M|31\/100\n|turn|27\n|\n|t:|1700962166\n|move|p1a: Palafin|Surf|p2a: Basculegion\n|-resisted|p2a: Basculegion\n|-damage|p2a: Basculegion|4\/100\n|move|p2a: Basculegion|Shadow Ball|p1a: Palafin\n|-damage|p1a: Palafin|0 fnt\n|faint|p1a: Palafin\n|\n|upkeep\n|\n|t:|1700962176\n|switch|p1a: Medicham|Medicham, M|100\/100\n|-damage|p1a: Medicham|88\/100|[from] Spikes\n|turn|28\n|\n|t:|1700962180\n|move|p1a: Medicham|Psycho Cut|p2a: Basculegion\n|-damage|p2a: Basculegion|0 fnt\n|faint|p2a: Basculegion\n|\n|upkeep\n|\n|t:|1700962185\n|switch|p2a: Medicham|Medicham, F|100\/100\n|turn|29\n|\n|t:|1700962190\n|-terastallize|p2a: Medicham|Fighting\n|move|p2a: Medicham|Close Combat|p1a: Medicham\n|-resisted|p1a: Medicham\n|-damage|p1a: Medicham|9\/100\n|-unboost|p2a: Medicham|def|1\n|-unboost|p2a: Medicham|spd|1\n|move|p1a: Medicham|Psycho Cut|p2a: Medicham\n|-supereffective|p2a: Medicham\n|-damage|p2a: Medicham|0 fnt\n|faint|p2a: Medicham\n|\n|upkeep\n|inactive|trashman46 has 270 seconds left.\n|\n|t:|1700962205\n|switch|p2a: Weezing|Weezing-Galar, M|33\/100 par\n|turn|30\n|\n|t:|1700962208\n|move|p1a: Medicham|Psycho Cut|p2a: Weezing\n|-supereffective|p2a: Weezing\n|-damage|p2a: Weezing|0 fnt\n|faint|p2a: Weezing\n|\n|win|Blitz2656\n|c|\u2606Blitz2656|ggwp\n","uploadtime":1700962214,"views":27,"p1id":"blitz2656","p2id":"trashman46","formatid":"gen9ubers","rating":0,"private":0,"password":""}