{"id":"gen9ubers-1980097582","p1":"a bit moody","p2":"XpokVEVO","format":"[Gen 9] Ubers","log":"|j|\u2606a bit moody\n|j|\u2606XpokVEVO\n|t:|1698756960\n|gametype|singles\n|player|p1|a bit moody|169|\n|player|p2|XpokVEVO|mustard|\n|teamsize|p1|6\n|teamsize|p2|6\n|gen|9\n|tier|[Gen 9] Ubers\n|rule|Sleep Clause Mod: Limit one foe put to sleep\n|rule|Species Clause: Limit one of each Pok\u00e9mon\n|rule|OHKO Clause: OHKO moves are banned\n|rule|Evasion Items Clause: Evasion items are banned\n|rule|Evasion Moves Clause: Evasion moves are banned\n|rule|Endless Battle Clause: Forcing endless battles is banned\n|rule|HP Percentage Mod: HP is shown in percentages\n|clearpoke\n|poke|p1|Gliscor, F|\n|poke|p1|Gholdengo|\n|poke|p1|Dugtrio, M|\n|poke|p1|Zacian-*|\n|poke|p1|Arceus-Ice|\n|poke|p1|Cyclizar, F|\n|poke|p2|Arceus-Fire|\n|poke|p2|Cyclizar, F|\n|poke|p2|Espathra, F|\n|poke|p2|Magearna|\n|poke|p2|Zacian-*|\n|poke|p2|Roaring Moon|\n|teampreview\n|inactive|Battle timer is ON: inactive players will automatically lose when time's up. (requested by a bit moody)\n|inactive|XpokVEVO has 270 seconds left.\n|l|\u2606a bit moody\n|inactive|a bit moody disconnected and has 300 seconds to reconnect!\n|player|p1|\n|inactive|XpokVEVO has 240 seconds left.\n|j|\u2606a bit moody\n|inactive|a bit moody reconnected.\n|player|p1|a bit moody|169\n|inactiveoff|Battle timer is now OFF.\n|\n|t:|1698757055\n|start\n|switch|p1a: Cyclizar|Cyclizar, F|100\/100\n|switch|p2a: Akira|Cyclizar, F|100\/100\n|turn|1\n|\n|t:|1698757062\n|switch|p2a: Princess|Zacian, shiny|100\/100\n|-ability|p2a: Princess|Intrepid Sword|boost\n|-boost|p2a: Princess|atk|1\n|move|p1a: Cyclizar|Draco Meteor|p2a: Princess\n|-immune|p2a: Princess\n|\n|upkeep\n|turn|2\n|\n|t:|1698757066\n|move|p2a: Princess|Swords Dance|p2a: Princess\n|-boost|p2a: Princess|atk|2\n|move|p1a: Cyclizar|Shed Tail|p1a: Cyclizar\n|-start|p1a: Cyclizar|Substitute|[from] move: Shed Tail\n|-damage|p1a: Cyclizar|50\/100\n|\n|t:|1698757073\n|switch|p1a: Gholdengo|Gholdengo|100\/100|[from] Shed Tail\n|\n|upkeep\n|turn|3\n|\n|t:|1698757090\n|switch|p2a: Ar\u0441eus-Fighting|Arceus-Fire, shiny|100\/100\n|move|p1a: Gholdengo|Nasty Plot|p1a: Gholdengo\n|-boost|p1a: Gholdengo|spa|2\n|\n|upkeep\n|turn|4\n|\n|t:|1698757095\n|move|p2a: Ar\u0441eus-Fighting|Dragon Dance|p2a: Ar\u0441eus-Fighting\n|-boost|p2a: Ar\u0441eus-Fighting|atk|1\n|-boost|p2a: Ar\u0441eus-Fighting|spe|1\n|move|p1a: Gholdengo|Shadow Ball|p2a: Ar\u0441eus-Fighting\n|-damage|p2a: Ar\u0441eus-Fighting|45\/100\n|\n|upkeep\n|turn|5\n|\n|t:|1698757102\n|move|p1a: Gholdengo|Shadow Ball|p2a: Ar\u0441eus-Fighting\n|-damage|p2a: Ar\u0441eus-Fighting|0 fnt\n|faint|p2a: Ar\u0441eus-Fighting\n|\n|upkeep\n|c|\u2606XpokVEVO|Re\n|c|\u2606XpokVEVO|Misclick\n|c|\u2606XpokVEVO|Mesnt to roar\n|inactive|Battle timer is ON: inactive players will automatically lose when time's up. (requested by a bit moody)\n|c|\u2606XpokVEVO|Whatev\n|\n|t:|1698757124\n|switch|p2a: Akira|Cyclizar, F|100\/100\n|turn|6\n|\n|t:|1698757132\n|move|p2a: Akira|Shed Tail|p2a: Akira\n|-start|p2a: Akira|Substitute|[from] move: Shed Tail\n|-damage|p2a: Akira|50\/100\n|inactive|XpokVEVO has 270 seconds left.\n|\n|t:|1698757167\n|switch|p2a: Aunt Fanny|Magearna|100\/100|[from] Shed Tail\n|move|p1a: Gholdengo|Make It Rain|p2a: Aunt Fanny\n|-end|p2a: Aunt Fanny|Substitute\n|-unboost|p1a: Gholdengo|spa|1\n|\n|upkeep\n|turn|7\n|\n|t:|1698757175\n|move|p2a: Aunt Fanny|Flash Cannon|p1a: Gholdengo\n|-resisted|p1a: Gholdengo\n|-activate|p1a: Gholdengo|move: Substitute|[damage]\n|move|p1a: Gholdengo|Nasty Plot|p1a: Gholdengo\n|-boost|p1a: Gholdengo|spa|2\n|\n|upkeep\n|turn|8\n|\n|t:|1698757179\n|move|p2a: Aunt Fanny|Flash Cannon|p1a: Gholdengo\n|-resisted|p1a: Gholdengo\n|-end|p1a: Gholdengo|Substitute\n|move|p1a: Gholdengo|Make It Rain|p2a: Aunt Fanny\n|-damage|p2a: Aunt Fanny|0 fnt\n|-unboost|p1a: Gholdengo|spa|1\n|faint|p2a: Aunt Fanny\n|\n|upkeep\n|\n|t:|1698757190\n|switch|p2a: Princess|Zacian, shiny|100\/100\n|turn|9\n|\n|t:|1698757194\n|move|p2a: Princess|Swords Dance|p2a: Princess\n|-boost|p2a: Princess|atk|2\n|move|p1a: Gholdengo|Make It Rain|p2a: Princess\n|-supereffective|p2a: Princess\n|-damage|p2a: Princess|0 fnt\n|-unboost|p1a: Gholdengo|spa|1\n|faint|p2a: Princess\n|\n|upkeep\n|\n|t:|1698757200\n|switch|p2a: Roaring Peak|Roaring Moon|100\/100\n|-enditem|p2a: Roaring Peak|Booster Energy\n|-activate|p2a: Roaring Peak|ability: Protosynthesis|[fromitem]\n|-start|p2a: Roaring Peak|protosynthesisspe\n|turn|10\n|\n|t:|1698757216\n|-terastallize|p1a: Gholdengo|Dark\n|move|p2a: Roaring Peak|Dragon Dance|p2a: Roaring Peak\n|-boost|p2a: Roaring Peak|atk|1\n|-boost|p2a: Roaring Peak|spe|1\n|move|p1a: Gholdengo|Make It Rain|p2a: Roaring Peak\n|-damage|p2a: Roaring Peak|7\/100\n|-unboost|p1a: Gholdengo|spa|1\n|\n|upkeep\n|turn|11\n|\n|t:|1698757220\n|-terastallize|p2a: Roaring Peak|Flying\n|move|p2a: Roaring Peak|Acrobatics|p1a: Gholdengo\n|-damage|p1a: Gholdengo|23\/100\n|move|p1a: Gholdengo|Shadow Ball|p2a: Roaring Peak\n|-damage|p2a: Roaring Peak|0 fnt\n|faint|p2a: Roaring Peak\n|-end|p2a: Roaring Peak|Protosynthesis|[silent]\n|\n|-heal|p1a: Gholdengo|29\/100|[from] item: Leftovers\n|upkeep\n|\n|t:|1698757223\n|switch|p2a: Emu War|Espathra, F|100\/100\n|turn|12\n|\n|t:|1698757225\n|move|p2a: Emu War|Protect|p2a: Emu War\n|-singleturn|p2a: Emu War|Protect\n|move|p1a: Gholdengo|Shadow Ball|p2a: Emu War\n|-activate|p2a: Emu War|move: Protect\n|\n|-heal|p1a: Gholdengo|35\/100|[from] item: Leftovers\n|-ability|p2a: Emu War|Speed Boost|boost\n|-boost|p2a: Emu War|spe|1\n|upkeep\n|turn|13\n|\n|t:|1698757229\n|move|p2a: Emu War|Calm Mind|p2a: Emu War\n|-boost|p2a: Emu War|spa|1\n|-boost|p2a: Emu War|spd|1\n|move|p1a: Gholdengo|Shadow Ball|p2a: Emu War\n|-supereffective|p2a: Emu War\n|-damage|p2a: Emu War|16\/100\n|\n|-heal|p1a: Gholdengo|41\/100|[from] item: Leftovers\n|-ability|p2a: Emu War|Speed Boost|boost\n|-boost|p2a: Emu War|spe|1\n|upkeep\n|turn|14\n|\n|t:|1698757232\n|move|p2a: Emu War|Protect|p2a: Emu War\n|-singleturn|p2a: Emu War|Protect\n|move|p1a: Gholdengo|Shadow Ball|p2a: Emu War\n|-activate|p2a: Emu War|move: Protect\n|\n|-heal|p1a: Gholdengo|47\/100|[from] item: Leftovers\n|-ability|p2a: Emu War|Speed Boost|boost\n|-boost|p2a: Emu War|spe|1\n|upkeep\n|turn|15\n|\n|t:|1698757240\n|move|p2a: Emu War|Dazzling Gleam|p1a: Gholdengo\n|-supereffective|p1a: Gholdengo\n|-damage|p1a: Gholdengo|0 fnt\n|faint|p1a: Gholdengo\n|\n|-ability|p2a: Emu War|Speed Boost|boost\n|-boost|p2a: Emu War|spe|1\n|upkeep\n|\n|t:|1698757255\n|switch|p1a: Gliscor|Gliscor, F|100\/100\n|turn|16\n|\n|t:|1698757260\n|move|p2a: Emu War|Protect|p2a: Emu War\n|-singleturn|p2a: Emu War|Protect\n|move|p1a: Gliscor|Earthquake|p2a: Emu War\n|-activate|p2a: Emu War|move: Protect\n|\n|-ability|p2a: Emu War|Speed Boost|boost\n|-boost|p2a: Emu War|spe|1\n|-status|p1a: Gliscor|tox|[from] item: Toxic Orb\n|upkeep\n|turn|17\n|\n|t:|1698757264\n|move|p2a: Emu War|Stored Power|p1a: Gliscor\n|-damage|p1a: Gliscor|0 fnt\n|faint|p1a: Gliscor\n|\n|-ability|p2a: Emu War|Speed Boost|boost\n|-boost|p2a: Emu War|spe|1\n|upkeep\n|\n|t:|1698757268\n|switch|p1a: Dugtrio|Dugtrio, M|100\/100\n|turn|18\n|\n|t:|1698757271\n|move|p1a: Dugtrio|Sucker Punch|p2a: Emu War\n|-supereffective|p2a: Emu War\n|-damage|p2a: Emu War|0 fnt\n|faint|p2a: Emu War\n|\n|upkeep\n|\n|t:|1698757276\n|switch|p2a: Akira|Cyclizar, F|84\/100\n|turn|19\n|\n|t:|1698757278\n|switch|p1a: Arceus|Arceus-Ice|100\/100\n|move|p2a: Akira|Shed Tail|p2a: Akira\n|-fail|p2a: Akira\n|\n|upkeep\n|turn|20\n|\n|t:|1698757280\n|move|p2a: Akira|Knock Off|p1a: Arceus\n|-damage|p1a: Arceus|91\/100\n|move|p1a: Arceus|Judgment|p2a: Akira\n|-supereffective|p2a: Akira\n|-damage|p2a: Akira|0 fnt\n|faint|p2a: Akira\n|\n|win|a bit moody\n|l|\u2606XpokVEVO\n","uploadtime":1698757295,"views":15,"p1id":"abitmoody","p2id":"xpokvevo","formatid":"gen9ubers","rating":0,"private":0,"password":""}