{"id":"gen9ubers-1969583004","p1":"Mattattac","p2":"BrooksTestAccount","format":"[Gen 9] Ubers","log":"|j|\u2606Mattattac\n|j|\u2606BrooksTestAccount\n|t:|1697549367\n|gametype|singles\n|player|p1|Mattattac|nate|1076\n|player|p2|BrooksTestAccount|lucas|1000\n|teamsize|p1|6\n|teamsize|p2|6\n|gen|9\n|tier|[Gen 9] Ubers\n|rated|\n|rule|Sleep Clause Mod: Limit one foe put to sleep\n|rule|Species Clause: Limit one of each Pok\u00e9mon\n|rule|OHKO Clause: OHKO moves are banned\n|rule|Evasion Items Clause: Evasion items are banned\n|rule|Evasion Moves Clause: Evasion moves are banned\n|rule|Endless Battle Clause: Forcing endless battles is banned\n|rule|HP Percentage Mod: HP is shown in percentages\n|clearpoke\n|poke|p1|Flutter Mane|\n|poke|p1|Ursaluna-Bloodmoon, M|\n|poke|p1|Chien-Pao|\n|poke|p1|Iron Bundle|\n|poke|p1|Annihilape, M|\n|poke|p1|Kyogre|\n|poke|p2|Goodra-Hisui, M|\n|poke|p2|Pelipper, F|\n|poke|p2|Zapdos|\n|poke|p2|Iron Bundle|\n|poke|p2|Quaquaval, M|\n|poke|p2|Basculegion, M|\n|teampreview\n|inactive|Battle timer is ON: inactive players will automatically lose when time's up. (requested by Mattattac)\n|c|\u2606Mattattac|yo\n|\n|t:|1697549377\n|start\n|switch|p1a: Kyogre|Kyogre|100\/100\n|switch|p2a: Pelipper|Pelipper, F|100\/100\n|-weather|RainDance|[from] ability: Drizzle|[of] p1a: Kyogre\n|turn|1\n|\n|t:|1697549389\n|move|p1a: Kyogre|Thunder|p2a: Pelipper\n|-supereffective|p2a: Pelipper\n|-damage|p2a: Pelipper|0 fnt\n|faint|p2a: Pelipper\n|\n|-weather|RainDance|[upkeep]\n|upkeep\n|\n|t:|1697549407\n|switch|p2a: Zapdos|Zapdos|100\/100\n|turn|2\n|\n|t:|1697549414\n|move|p1a: Kyogre|Thunder|p2a: Zapdos\n|-damage|p2a: Zapdos|61\/100\n|move|p2a: Zapdos|Volt Switch|p1a: Kyogre\n|-supereffective|p1a: Kyogre\n|-damage|p1a: Kyogre|40\/100\n|\n|t:|1697549420\n|switch|p2a: Iron Bundle|Iron Bundle, shiny|100\/100|[from] Volt Switch\n|-enditem|p2a: Iron Bundle|Booster Energy\n|-activate|p2a: Iron Bundle|ability: Quark Drive|[fromitem]\n|-start|p2a: Iron Bundle|quarkdrivespe\n|\n|-weather|RainDance|[upkeep]\n|upkeep\n|turn|3\n|\n|t:|1697549426\n|move|p2a: Iron Bundle|Freeze-Dry|p1a: Kyogre\n|-supereffective|p1a: Kyogre\n|-damage|p1a: Kyogre|0 fnt\n|faint|p1a: Kyogre\n|\n|-weather|RainDance|[upkeep]\n|upkeep\n|\n|t:|1697549452\n|switch|p1a: Ursaluna|Ursaluna-Bloodmoon, M|100\/100\n|turn|4\n|\n|t:|1697549467\n|-terastallize|p1a: Ursaluna|Fighting\n|move|p1a: Ursaluna|Vacuum Wave|p2a: Iron Bundle\n|-supereffective|p2a: Iron Bundle\n|-damage|p2a: Iron Bundle|0 fnt\n|faint|p2a: Iron Bundle\n|-end|p2a: Iron Bundle|Quark Drive|[silent]\n|\n|-weather|RainDance|[upkeep]\n|upkeep\n|\n|t:|1697549475\n|switch|p2a: Basculegion|Basculegion, M|100\/100\n|turn|5\n|\n|t:|1697549485\n|switch|p1a: Chien-Pao|Chien-Pao|100\/100\n|-ability|p1a: Chien-Pao|Sword of Ruin\n|-terastallize|p2a: Basculegion|Water\n|move|p2a: Basculegion|Wave Crash|p1a: Chien-Pao\n|-damage|p1a: Chien-Pao|0 fnt\n|faint|p1a: Chien-Pao\n|-damage|p2a: Basculegion|75\/100|[from] Recoil\n|\n|-weather|none\n|upkeep\n|\n|t:|1697549493\n|switch|p1a: Iron Bundle|Iron Bundle, shiny|100\/100\n|turn|6\n|\n|t:|1697549500\n|switch|p2a: Goodra|Goodra-Hisui, M|100\/100\n|move|p1a: Iron Bundle|Freeze-Dry|p2a: Goodra\n|-damage|p2a: Goodra|86\/100\n|\n|upkeep\n|turn|7\n|\n|t:|1697549519\n|-end|p1a: Iron Bundle|Quark Drive|[silent]\n|switch|p1a: Ursaluna|Ursaluna-Bloodmoon, M, tera:Fighting|100\/100\n|move|p2a: Goodra|Draco Meteor|p1a: Ursaluna|[miss]\n|-miss|p2a: Goodra|p1a: Ursaluna\n|\n|upkeep\n|turn|8\n|\n|t:|1697549526\n|move|p1a: Ursaluna|Vacuum Wave|p2a: Goodra\n|-supereffective|p2a: Goodra\n|-damage|p2a: Goodra|64\/100\n|move|p2a: Goodra|Draco Meteor|p1a: Ursaluna\n|-damage|p1a: Ursaluna|27\/100\n|-unboost|p2a: Goodra|spa|2\n|\n|upkeep\n|turn|9\n|\n|t:|1697549533\n|move|p1a: Ursaluna|Moonlight|p1a: Ursaluna\n|-heal|p1a: Ursaluna|77\/100\n|move|p2a: Goodra|Draco Meteor|p1a: Ursaluna\n|-damage|p1a: Ursaluna|38\/100\n|-unboost|p2a: Goodra|spa|2\n|\n|upkeep\n|turn|10\n|\n|t:|1697549542\n|switch|p2a: Zapdos|Zapdos|61\/100\n|move|p1a: Ursaluna|Moonlight|p1a: Ursaluna\n|-heal|p1a: Ursaluna|88\/100\n|\n|upkeep\n|turn|11\n|\n|t:|1697549559\n|switch|p1a: Annihilape|Annihilape, M, shiny|100\/100\n|move|p2a: Zapdos|Hurricane|p1a: Annihilape\n|-supereffective|p1a: Annihilape\n|-damage|p1a: Annihilape|28\/100\n|\n|-heal|p1a: Annihilape|34\/100|[from] item: Leftovers\n|upkeep\n|turn|12\n|\n|t:|1697549569\n|move|p2a: Zapdos|Volt Switch|p1a: Annihilape\n|-damage|p1a: Annihilape|8\/100\n|\n|t:|1697549574\n|switch|p2a: Quaquaval|Quaquaval, M|100\/100|[from] Volt Switch\n|move|p1a: Annihilape|Rage Fist|p2a: Quaquaval\n|-damage|p2a: Quaquaval|34\/100\n|\n|-heal|p2a: Quaquaval|40\/100|[from] item: Leftovers\n|-heal|p1a: Annihilape|14\/100|[from] item: Leftovers\n|upkeep\n|turn|13\n|\n|t:|1697549584\n|move|p2a: Quaquaval|Aqua Step|p1a: Annihilape\n|-damage|p1a: Annihilape|0 fnt\n|-boost|p2a: Quaquaval|spe|1\n|faint|p1a: Annihilape\n|-ability|p2a: Quaquaval|Moxie|boost\n|-boost|p2a: Quaquaval|atk|1\n|\n|-heal|p2a: Quaquaval|46\/100|[from] item: Leftovers\n|upkeep\n|\n|t:|1697549596\n|switch|p1a: Flutter Mane|Flutter Mane, shiny|100\/100\n|turn|14\n|\n|t:|1697549606\n|move|p1a: Flutter Mane|Moonblast|p2a: Quaquaval\n|-supereffective|p2a: Quaquaval\n|-damage|p2a: Quaquaval|0 fnt\n|faint|p2a: Quaquaval\n|\n|upkeep\n|\n|t:|1697549611\n|switch|p2a: Goodra|Goodra-Hisui, M|64\/100\n|turn|15\n|\n|t:|1697549615\n|move|p1a: Flutter Mane|Moonblast|p2a: Goodra\n|-crit|p2a: Goodra\n|-damage|p2a: Goodra|15\/100\n|-unboost|p2a: Goodra|spa|1\n|move|p2a: Goodra|Flash Cannon|p1a: Flutter Mane\n|-supereffective|p1a: Flutter Mane\n|-damage|p1a: Flutter Mane|45\/100\n|\n|upkeep\n|turn|16\n|\n|t:|1697549622\n|move|p1a: Flutter Mane|Moonblast|p2a: Goodra\n|-damage|p2a: Goodra|0 fnt\n|faint|p2a: Goodra\n|\n|upkeep\n|\n|t:|1697549627\n|switch|p2a: Zapdos|Zapdos|61\/100\n|turn|17\n|\n|t:|1697549630\n|move|p1a: Flutter Mane|Moonblast|p2a: Zapdos\n|-damage|p2a: Zapdos|0 fnt\n|faint|p2a: Zapdos\n|\n|upkeep\n|\n|t:|1697549635\n|switch|p2a: Basculegion|Basculegion, M, tera:Water|75\/100\n|turn|18\n|\n|t:|1697549637\n|move|p2a: Basculegion|Aqua Jet|p1a: Flutter Mane\n|-damage|p1a: Flutter Mane|0 fnt\n|faint|p1a: Flutter Mane\n|-end|p1a: Flutter Mane|Protosynthesis|[silent]\n|\n|upkeep\n|\n|t:|1697549643\n|switch|p1a: Ursaluna|Ursaluna-Bloodmoon, M, tera:Fighting|88\/100\n|turn|19\n|\n|t:|1697549648\n|move|p2a: Basculegion|Last Respects|p1a: Ursaluna\n|-damage|p1a: Ursaluna|0 fnt\n|faint|p1a: Ursaluna\n|\n|upkeep\n|\n|t:|1697549651\n|switch|p1a: Iron Bundle|Iron Bundle, shiny|100\/100\n|turn|20\n|\n|t:|1697549657\n|move|p1a: Iron Bundle|Freeze-Dry|p2a: Basculegion\n|-supereffective|p2a: Basculegion\n|-damage|p2a: Basculegion|0 fnt\n|faint|p2a: Basculegion\n|\n|win|Mattattac\n|raw|Mattattac's rating: 1076 &rarr; <strong>1098<\/strong><br \/>(+22 for winning)\n|raw|BrooksTestAccount's rating: 1000 &rarr; <strong>1000<\/strong><br \/>(+0 for losing)\n|c|\u2606Mattattac|gg\n","uploadtime":1697549662,"views":8,"p1id":"mattattac","p2id":"brookstestaccount","formatid":"gen9ubers","rating":1000,"private":0,"password":""}