{"id":"gen9ubers-1989322179","p1":"EhrenApfel6.9","p2":"Kizaco","format":"[Gen 9] Ubers","log":"|j|\u2606EhrenApfel6.9\n|j|\u2606Kizaco\n|t:|1699836209\n|gametype|singles\n|player|p1|EhrenApfel6.9|cyrus|\n|player|p2|Kizaco|169|\n|teamsize|p1|6\n|teamsize|p2|6\n|gen|9\n|tier|[Gen 9] Ubers\n|rule|Sleep Clause Mod: Limit one foe put to sleep\n|rule|Species Clause: Limit one of each Pok\u00e9mon\n|rule|OHKO Clause: OHKO moves are banned\n|rule|Evasion Items Clause: Evasion items are banned\n|rule|Evasion Moves Clause: Evasion moves are banned\n|rule|Endless Battle Clause: Forcing endless battles is banned\n|rule|HP Percentage Mod: HP is shown in percentages\n|clearpoke\n|poke|p1|Palafin, F|\n|poke|p1|Pelipper, F|\n|poke|p1|Palkia-Origin|\n|poke|p1|Weavile, F|\n|poke|p1|Arceus-Grass|\n|poke|p1|Thundurus-Therian, M|\n|poke|p2|Palafin, F|\n|poke|p2|Landorus, M|\n|poke|p2|Baxcalibur, F|\n|poke|p2|Chi-Yu|\n|poke|p2|Zacian-*|\n|poke|p2|Palkia-Origin|\n|teampreview\n|c|\u2606EhrenApfel6.9|glhf\n|c|\u2606Kizaco|U2\n|\n|t:|1699836225\n|start\n|switch|p1a: Pelipper|Pelipper, F, shiny|100\/100\n|switch|p2a: Palafin|Palafin, F|100\/100\n|-weather|RainDance|[from] ability: Drizzle|[of] p1a: Pelipper\n|turn|1\n|\n|t:|1699836231\n|move|p2a: Palafin|Flip Turn|p1a: Pelipper\n|-resisted|p1a: Pelipper\n|-damage|p1a: Pelipper|74\/100\n|inactive|Battle timer is ON: inactive players will automatically lose when time's up. (requested by EhrenApfel6.9)\n|\n|t:|1699836244\n|detailschange|p2a: Palafin|Palafin-Hero, F\n|switch|p2a: Baxcalibur|Baxcalibur, F|100\/100|[from] Flip Turn\n|move|p1a: Pelipper|Knock Off|p2a: Baxcalibur\n|-damage|p2a: Baxcalibur|86\/100\n|-enditem|p2a: Baxcalibur|Loaded Dice|[from] move: Knock Off|[of] p1a: Pelipper\n|\n|-weather|RainDance|[upkeep]\n|upkeep\n|turn|2\n|\n|t:|1699836252\n|move|p2a: Baxcalibur|Swords Dance|p2a: Baxcalibur\n|-boost|p2a: Baxcalibur|atk|2\n|move|p1a: Pelipper|U-turn|p2a: Baxcalibur\n|-damage|p2a: Baxcalibur|76\/100\n|\n|t:|1699836259\n|switch|p1a: Weavile|Weavile, F, shiny|100\/100|[from] U-turn\n|\n|-weather|RainDance|[upkeep]\n|upkeep\n|turn|3\n|\n|t:|1699836265\n|move|p1a: Weavile|Low Kick|p2a: Baxcalibur\n|-supereffective|p2a: Baxcalibur\n|-crit|p2a: Baxcalibur\n|-damage|p2a: Baxcalibur|0 fnt\n|faint|p2a: Baxcalibur\n|\n|-weather|RainDance|[upkeep]\n|upkeep\n|\n|t:|1699836285\n|switch|p2a: Chi-Yu|Chi-Yu|100\/100\n|-ability|p2a: Chi-Yu|Beads of Ruin\n|turn|4\n|\n|t:|1699836293\n|switch|p1a: Palafin|Palafin, F, shiny|100\/100\n|move|p2a: Chi-Yu|Flamethrower|p1a: Palafin\n|-resisted|p1a: Palafin\n|-damage|p1a: Palafin|77\/100\n|\n|-weather|RainDance|[upkeep]\n|upkeep\n|turn|5\n|\n|t:|1699836302\n|switch|p2a: Palkia|Palkia-Origin|100\/100\n|-ability|p2a: Palkia|Pressure\n|move|p1a: Palafin|Jet Punch|p2a: Palkia\n|-resisted|p2a: Palkia\n|-damage|p2a: Palkia|86\/100\n|\n|-weather|RainDance|[upkeep]\n|upkeep\n|turn|6\n|\n|t:|1699836309\n|detailschange|p1a: Palafin|Palafin-Hero, F, shiny\n|switch|p1a: Arceus|Arceus-Grass|100\/100\n|move|p2a: Palkia|Spacial Rend|p1a: Arceus\n|-damage|p1a: Arceus|55\/100\n|\n|-weather|RainDance|[upkeep]\n|upkeep\n|turn|7\n|\n|t:|1699836318\n|move|p1a: Arceus|Grass Knot|p2a: Palkia\n|-damage|p2a: Palkia|33\/100\n|move|p2a: Palkia|Dragon Tail|p1a: Arceus\n|-damage|p1a: Arceus|39\/100\n|drag|p1a: Pelipper|Pelipper, F, shiny|74\/100\n|\n|-weather|RainDance|[upkeep]\n|upkeep\n|turn|8\n|\n|t:|1699836328\n|move|p2a: Palkia|Spacial Rend|p1a: Pelipper\n|-damage|p1a: Pelipper|0 fnt\n|faint|p1a: Pelipper\n|\n|-weather|none\n|upkeep\n|\n|t:|1699836332\n|switch|p1a: Palafin|Palafin-Hero, F, shiny|77\/100\n|-activate|p1a: Palafin|ability: Zero to Hero\n|turn|9\n|\n|t:|1699836337\n|move|p2a: Palkia|Spacial Rend|p1a: Palafin\n|-damage|p1a: Palafin|0 fnt\n|faint|p1a: Palafin\n|\n|upkeep\n|\n|t:|1699836339\n|switch|p1a: Palkia|Palkia-Origin, shiny|100\/100\n|-ability|p1a: Palkia|Pressure\n|turn|10\n|\n|t:|1699836342\n|move|p2a: Palkia|Spacial Rend|p1a: Palkia\n|-supereffective|p1a: Palkia\n|-crit|p1a: Palkia\n|-damage|p1a: Palkia|0 fnt\n|faint|p1a: Palkia\n|\n|upkeep\n|\n|t:|1699836345\n|switch|p1a: Weavile|Weavile, F, shiny|100\/100\n|turn|11\n|\n|t:|1699836354\n|move|p1a: Weavile|Icicle Crash|p2a: Palkia\n|-damage|p2a: Palkia|0 fnt\n|faint|p2a: Palkia\n|\n|upkeep\n|\n|t:|1699836363\n|switch|p2a: Zacian|Zacian|100\/100\n|-ability|p2a: Zacian|Intrepid Sword|boost\n|-boost|p2a: Zacian|atk|1\n|turn|12\n|\n|t:|1699836368\n|move|p2a: Zacian|Play Rough|p1a: Weavile\n|-supereffective|p1a: Weavile\n|-damage|p1a: Weavile|0 fnt\n|faint|p1a: Weavile\n|\n|upkeep\n|\n|t:|1699836370\n|switch|p1a: Thundurus|Thundurus-Therian, M, shiny|100\/100\n|turn|13\n|\n|t:|1699836374\n|-terastallize|p1a: Thundurus|Flying\n|move|p2a: Zacian|Play Rough|p1a: Thundurus\n|-damage|p1a: Thundurus|5\/100\n|move|p1a: Thundurus|Tera Blast|p2a: Zacian|[anim] Tera Blast Flying\n|-damage|p2a: Zacian|21\/100\n|\n|upkeep\n|turn|14\n|\n|t:|1699836378\n|move|p2a: Zacian|Play Rough|p1a: Thundurus\n|-damage|p1a: Thundurus|0 fnt\n|faint|p1a: Thundurus\n|\n|upkeep\n|\n|t:|1699836381\n|switch|p1a: Arceus|Arceus-Grass|39\/100\n|turn|15\n|c|\u2606EhrenApfel6.9|gg\n|\n|t:|1699836385\n|move|p2a: Zacian|Play Rough|p1a: Arceus\n|-damage|p1a: Arceus|0 fnt\n|faint|p1a: Arceus\n|\n|win|Kizaco\n|c|\u2606Kizaco|gg wp\n|c|\u2606EhrenApfel6.9|thanks\n","uploadtime":1699836401,"views":20,"p1id":"ehrenapfel69","p2id":"kizaco","formatid":"gen9ubers","rating":0,"private":0,"password":""}