{"id":"gen9ubers-1979247270","p1":"fwuffypetsowo","p2":"Vario 64\u2606\u5f61","format":"[Gen 9] Ubers","log":"|j|\u2606fwuffypetsowo\n|j|\u2606Vario 64\u2606\u5f61\n|t:|1698660217\n|gametype|singles\n|player|p1|fwuffypetsowo|zinnia|\n|player|p2|Vario 64\u2606\u5f61|ghetsis|\n|teamsize|p1|6\n|teamsize|p2|6\n|gen|9\n|tier|[Gen 9] Ubers\n|rule|Sleep Clause Mod: Limit one foe put to sleep\n|rule|Species Clause: Limit one of each Pok\u00e9mon\n|rule|OHKO Clause: OHKO moves are banned\n|rule|Evasion Items Clause: Evasion items are banned\n|rule|Evasion Moves Clause: Evasion moves are banned\n|rule|Endless Battle Clause: Forcing endless battles is banned\n|rule|HP Percentage Mod: HP is shown in percentages\n|clearpoke\n|poke|p1|Torkoal, M|\n|poke|p1|Walking Wake|\n|poke|p1|Chi-Yu|\n|poke|p1|Arceus-Grass|\n|poke|p1|Zacian-*|\n|poke|p1|Magearna-Original|\n|poke|p2|Landorus, M|\n|poke|p2|Gholdengo|\n|poke|p2|Darkrai|\n|poke|p2|Arceus-Fire|\n|poke|p2|Cyclizar, M|\n|poke|p2|Zacian-*|\n|teampreview\n|\n|t:|1698660232\n|start\n|switch|p1a: Walking Wake|Walking Wake|100\/100\n|switch|p2a: Landorus|Landorus, M|100\/100\n|turn|1\n|inactive|Battle timer is ON: inactive players will automatically lose when time's up. (requested by fwuffypetsowo)\n|\n|t:|1698660262\n|move|p1a: Walking Wake|Hydro Steam|p2a: Landorus\n|-supereffective|p2a: Landorus\n|-damage|p2a: Landorus|0 fnt\n|faint|p2a: Landorus\n|\n|upkeep\n|\n|t:|1698660266\n|switch|p2a: Cyclizar|Cyclizar, M|100\/100\n|turn|2\n|\n|t:|1698660274\n|-end|p1a: Walking Wake|Protosynthesis|[silent]\n|switch|p1a: Magearna|Magearna-Original|100\/100\n|move|p2a: Cyclizar|Shed Tail|p2a: Cyclizar\n|-start|p2a: Cyclizar|Substitute|[from] move: Shed Tail\n|-damage|p2a: Cyclizar|50\/100\n|\n|t:|1698660282\n|switch|p2a: Arceus|Arceus-Fire|100\/100|[from] Shed Tail\n|\n|upkeep\n|turn|3\n|\n|t:|1698660291\n|switch|p1a: Walking Wake|Walking Wake|100\/100\n|move|p2a: Arceus|Dragon Dance|p2a: Arceus\n|-boost|p2a: Arceus|atk|1\n|-boost|p2a: Arceus|spe|1\n|\n|upkeep\n|turn|4\n|\n|t:|1698660302\n|move|p2a: Arceus|Earthquake|p1a: Walking Wake\n|-damage|p1a: Walking Wake|46\/100\n|move|p1a: Walking Wake|Hydro Steam|p2a: Arceus\n|-supereffective|p2a: Arceus\n|-end|p2a: Arceus|Substitute\n|\n|upkeep\n|turn|5\n|\n|t:|1698660311\n|-end|p1a: Walking Wake|Protosynthesis|[silent]\n|switch|p1a: Torkoal|Torkoal, M|100\/100\n|-weather|SunnyDay|[from] ability: Drought|[of] p1a: Torkoal\n|move|p2a: Arceus|Earthquake|p1a: Torkoal\n|-supereffective|p1a: Torkoal\n|-damage|p1a: Torkoal|45\/100\n|\n|-weather|SunnyDay|[upkeep]\n|upkeep\n|turn|6\n|\n|t:|1698660325\n|switch|p1a: Arceus|Arceus-Grass|100\/100\n|move|p2a: Arceus|Earthquake|p1a: Arceus\n|-resisted|p1a: Arceus\n|-damage|p1a: Arceus|84\/100\n|\n|-weather|SunnyDay|[upkeep]\n|upkeep\n|turn|7\n|\n|t:|1698660340\n|-terastallize|p2a: Arceus|Fire\n|move|p2a: Arceus|Flare Blitz|p1a: Arceus\n|-supereffective|p1a: Arceus\n|-damage|p1a: Arceus|0 fnt\n|faint|p1a: Arceus\n|-damage|p2a: Arceus|73\/100|[from] Recoil\n|\n|-weather|SunnyDay|[upkeep]\n|upkeep\n|\n|t:|1698660343\n|switch|p1a: Walking Wake|Walking Wake|46\/100\n|-activate|p1a: Walking Wake|ability: Protosynthesis\n|-start|p1a: Walking Wake|protosynthesisspe\n|turn|8\n|\n|t:|1698660368\n|switch|p2a: Darkrai|Darkrai|100\/100\n|-terastallize|p1a: Walking Wake|Water\n|move|p1a: Walking Wake|Hydro Steam|p2a: Darkrai\n|-damage|p2a: Darkrai|0 fnt\n|faint|p2a: Darkrai\n|\n|-weather|SunnyDay|[upkeep]\n|upkeep\n|\n|t:|1698660382\n|switch|p2a: Cyclizar|Cyclizar, M|83\/100\n|turn|9\n|\n|t:|1698660385\n|move|p1a: Walking Wake|Hydro Steam|p2a: Cyclizar\n|-resisted|p2a: Cyclizar\n|-damage|p2a: Cyclizar|0 fnt\n|faint|p2a: Cyclizar\n|\n|-weather|SunnyDay|[upkeep]\n|upkeep\n|\n|t:|1698660388\n|switch|p2a: Gholdengo|Gholdengo|100\/100\n|turn|10\n|\n|t:|1698660391\n|move|p1a: Walking Wake|Hydro Steam|p2a: Gholdengo\n|-damage|p2a: Gholdengo|0 fnt\n|faint|p2a: Gholdengo\n|\n|-weather|SunnyDay|[upkeep]\n|upkeep\n|\n|t:|1698660396\n|switch|p2a: Zacian|Zacian|100\/100\n|-ability|p2a: Zacian|Intrepid Sword|boost\n|-boost|p2a: Zacian|atk|1\n|turn|11\n|c|\u2606Vario 64\u2606\u5f61|Maaan \ud83d\ude2d\n|c|\u2606fwuffypetsowo|certified Walking Wake moment\n|c|\u2606Vario 64\u2606\u5f61|Fr xD\n|inactive|Vario 64\u2606\u5f61 has 270 seconds left.\n|c|\u2606Vario 64\u2606\u5f61|Gg wp, i knew i shouldve dd'd twice\n|\n|t:|1698660441\n|move|p1a: Walking Wake|Hydro Steam|p2a: Zacian\n|-damage|p2a: Zacian|0 fnt\n|faint|p2a: Zacian\n|\n|-weather|SunnyDay|[upkeep]\n|upkeep\n|c|\u2606fwuffypetsowo|yea\n|\n|t:|1698660445\n|switch|p2a: Arceus|Arceus-Fire, tera:Fire|73\/100\n|turn|12\n|\n|t:|1698660448\n|move|p1a: Walking Wake|Hydro Steam|p2a: Arceus\n|-supereffective|p2a: Arceus\n|-damage|p2a: Arceus|0 fnt\n|faint|p2a: Arceus\n|\n|win|fwuffypetsowo\n|c|\u2606fwuffypetsowo|gg\n","uploadtime":1698660457,"views":20,"p1id":"fwuffypetsowo","p2id":"vario64","formatid":"gen9ubers","rating":0,"private":0,"password":""}