{"id":"gen9ubers-1974758316","p1":"godiamsosorry","p2":"Dragon Master Rosa","format":"[Gen 9] Ubers","log":"|j|\u2606godiamsosorry\n|j|\u2606Dragon Master Rosa\n|t:|1698118530\n|gametype|singles\n|player|p1|godiamsosorry|scientistf|\n|player|p2|Dragon Master Rosa|dragontamer-gen9|\n|teamsize|p1|6\n|teamsize|p2|6\n|gen|9\n|tier|[Gen 9] Ubers\n|rule|Sleep Clause Mod: Limit one foe put to sleep\n|rule|Species Clause: Limit one of each Pok\u00e9mon\n|rule|OHKO Clause: OHKO moves are banned\n|rule|Evasion Items Clause: Evasion items are banned\n|rule|Evasion Moves Clause: Evasion moves are banned\n|rule|Endless Battle Clause: Forcing endless battles is banned\n|rule|HP Percentage Mod: HP is shown in percentages\n|clearpoke\n|poke|p1|Koraidon|\n|poke|p1|Victreebel, M|\n|poke|p1|Scream Tail|\n|poke|p1|Volcanion|\n|poke|p1|Infernape, M|\n|poke|p1|Weezing-Galar, M|\n|poke|p2|Banette, F|\n|poke|p2|Clefable, M|\n|poke|p2|Greninja-*, M|\n|poke|p2|Weezing-Galar, F|\n|poke|p2|Medicham, M|\n|poke|p2|Slowking-Galar, F|\n|teampreview\n|c|\u2606godiamsosorry|I would say \u00a8Oh, brother\u00a8 but my team is an \u00a8Oh, brother\u00a8 as well.\n|c|\u2606Dragon Master Rosa|it's just sun\n|\n|t:|1698118618\n|start\n|switch|p1a: Scream Tail|Scream Tail|100\/100\n|switch|p2a: Clefable|Clefable, M|100\/100\n|turn|1\n|\n|t:|1698118626\n|move|p1a: Scream Tail|Thunder Wave|p2a: Clefable\n|-status|p2a: Clefable|par\n|move|p2a: Clefable|Encore|p1a: Scream Tail\n|-start|p1a: Scream Tail|Encore\n|\n|upkeep\n|turn|2\n|\n|t:|1698118634\n|-end|p1a: Scream Tail|Protosynthesis|[silent]\n|switch|p1a: Weezing|Weezing-Galar, M, shiny|100\/100\n|move|p2a: Clefable|Stealth Rock|p1a: Weezing\n|-sidestart|p1: godiamsosorry|move: Stealth Rock\n|\n|upkeep\n|turn|3\n|\n|t:|1698118640\n|switch|p2a: Banette|Banette, F|100\/100\n|-item|p1a: Weezing|Leftovers|[from] ability: Frisk|[of] p2a: Banette|[identify]\n|move|p1a: Weezing|Defog|p2a: Banette\n|-unboost|p2a: Banette|evasion|1\n|-sideend|p1: godiamsosorry|Stealth Rock|[from] move: Defog|[of] p1a: Weezing\n|\n|upkeep\n|turn|4\n|\n|t:|1698118656\n|switch|p1a: Koraidon|Koraidon|100\/100\n|-weather|SunnyDay|[from] ability: Orichalcum Pulse|[of] p1a: Koraidon\n|-activate|p1a: Koraidon|Orichalcum Pulse|[source]\n|move|p2a: Banette|Psychic|p1a: Koraidon\n|-supereffective|p1a: Koraidon\n|-damage|p1a: Koraidon|51\/100\n|\n|-weather|SunnyDay|[upkeep]\n|upkeep\n|turn|5\n|c|\u2606Dragon Master Rosa|oh brother\n|c|\u2606godiamsosorry|THIS GUY STINKS!\n|\n|t:|1698118672\n|switch|p2a: Clefable|Clefable, M|100\/100 par\n|move|p1a: Koraidon|Draco Meteor|p2a: Clefable\n|-immune|p2a: Clefable\n|\n|-weather|SunnyDay|[upkeep]\n|upkeep\n|turn|6\n|\n|t:|1698118677\n|switch|p1a: Victreebel|Victreebel, M|100\/100\n|move|p2a: Clefable|Encore||[still]\n|-fail|p2a: Clefable\n|\n|-weather|SunnyDay|[upkeep]\n|upkeep\n|turn|7\n|\n|t:|1698118690\n|move|p1a: Victreebel|Weather Ball|p2a: Clefable\n|-damage|p2a: Clefable|55\/100 par\n|move|p2a: Clefable|Encore|p1a: Victreebel\n|-start|p1a: Victreebel|Encore\n|\n|-weather|SunnyDay|[upkeep]\n|-heal|p2a: Clefable|61\/100 par|[from] item: Leftovers\n|upkeep\n|turn|8\n|\n|t:|1698118694\n|move|p1a: Victreebel|Weather Ball|p2a: Clefable\n|-damage|p2a: Clefable|16\/100 par\n|move|p2a: Clefable|Moonlight|p2a: Clefable\n|-heal|p2a: Clefable|82\/100 par\n|\n|-weather|SunnyDay|[upkeep]\n|-heal|p2a: Clefable|89\/100 par|[from] item: Leftovers\n|upkeep\n|turn|9\n|\n|t:|1698118699\n|move|p1a: Victreebel|Weather Ball|p2a: Clefable\n|-damage|p2a: Clefable|39\/100 par\n|move|p2a: Clefable|Stealth Rock|p1a: Victreebel\n|-sidestart|p1: godiamsosorry|move: Stealth Rock\n|\n|-weather|SunnyDay|[upkeep]\n|-heal|p2a: Clefable|45\/100 par|[from] item: Leftovers\n|upkeep\n|turn|10\n|\n|t:|1698118711\n|-terastallize|p2a: Clefable|Water\n|move|p1a: Victreebel|Weather Ball|p2a: Clefable\n|-resisted|p2a: Clefable\n|-damage|p2a: Clefable|22\/100 par\n|move|p2a: Clefable|Moonlight|p2a: Clefable\n|-heal|p2a: Clefable|89\/100 par\n|\n|-weather|SunnyDay|[upkeep]\n|-heal|p2a: Clefable|95\/100 par|[from] item: Leftovers\n|-end|p1a: Victreebel|Encore\n|upkeep\n|turn|11\n|c|\u2606godiamsosorry|Wtf?\n|c|\u2606godiamsosorry|I thought Moonlight was worse in Sun.\n|c|\u2606Dragon Master Rosa|it's better\n|\n|t:|1698118730\n|switch|p1a: Weezing|Weezing-Galar, M, shiny|100\/100\n|-damage|p1a: Weezing|88\/100|[from] Stealth Rock\n|switch|p2a: Slowking|Slowking-Galar, F|100\/100\n|\n|-weather|none\n|-heal|p1a: Weezing|94\/100|[from] item: Leftovers\n|upkeep\n|turn|12\n|\n|t:|1698118734\n|move|p1a: Weezing|Defog|p2a: Slowking\n|-unboost|p2a: Slowking|evasion|1\n|-sideend|p1: godiamsosorry|Stealth Rock|[from] move: Defog|[of] p1a: Weezing\n|move|p2a: Slowking|Chilly Reception|p2a: Slowking\n|-weather|Snow\n|\n|t:|1698118738\n|switch|p2a: Banette|Banette, F|100\/100|[from] Chilly Reception\n|-item|p1a: Weezing|Leftovers|[from] ability: Frisk|[of] p2a: Banette|[identify]\n|\n|-weather|Snow|[upkeep]\n|-heal|p1a: Weezing|99\/100|[from] item: Leftovers\n|upkeep\n|turn|13\n|\n|t:|1698118743\n|switch|p1a: Scream Tail|Scream Tail|100\/100\n|move|p2a: Banette|Shadow Ball|p1a: Scream Tail\n|-supereffective|p1a: Scream Tail\n|-damage|p1a: Scream Tail|55\/100\n|-unboost|p1a: Scream Tail|spd|1\n|\n|-weather|Snow|[upkeep]\n|-heal|p1a: Scream Tail|61\/100|[from] item: Leftovers\n|upkeep\n|turn|14\n|\n|t:|1698118748\n|-end|p1a: Scream Tail|Protosynthesis|[silent]\n|switch|p1a: Volcanion|Volcanion|100\/100\n|move|p2a: Banette|Shadow Ball|p1a: Volcanion\n|-damage|p1a: Volcanion|67\/100\n|\n|-weather|Snow|[upkeep]\n|upkeep\n|turn|15\n|\n|t:|1698118763\n|switch|p2a: Weezing|Weezing-Galar, F|100\/100\n|move|p1a: Volcanion|Flare Blitz|p2a: Weezing\n|-damage|p2a: Weezing|71\/100\n|-status|p2a: Weezing|brn\n|-damage|p1a: Volcanion|58\/100|[from] Recoil\n|\n|-weather|Snow|[upkeep]\n|-heal|p2a: Weezing|77\/100 brn|[from] item: Leftovers\n|-damage|p2a: Weezing|71\/100 brn|[from] brn\n|upkeep\n|turn|16\n|\n|t:|1698118780\n|switch|p2a: Clefable|Clefable, M, tera:Water|95\/100 par\n|move|p1a: Volcanion|Taunt|p2a: Clefable\n|-start|p2a: Clefable|move: Taunt\n|\n|-weather|none\n|-heal|p2a: Clefable|100\/100 par|[from] item: Leftovers\n|upkeep\n|turn|17\n|\n|t:|1698118787\n|switch|p1a: Scream Tail|Scream Tail|61\/100\n|move|p2a: Clefable|Play Rough|p1a: Scream Tail\n|-damage|p1a: Scream Tail|47\/100\n|\n|-heal|p1a: Scream Tail|53\/100|[from] item: Leftovers\n|upkeep\n|turn|18\n|\n|t:|1698118799\n|switch|p2a: Weezing|Weezing-Galar, F|71\/100 brn\n|move|p1a: Scream Tail|Wish|p1a: Scream Tail\n|\n|-heal|p1a: Scream Tail|59\/100|[from] item: Leftovers\n|-heal|p2a: Weezing|77\/100 brn|[from] item: Leftovers\n|-damage|p2a: Weezing|71\/100 brn|[from] brn\n|upkeep\n|turn|19\n|\n|t:|1698118806\n|switch|p2a: Greninja|Greninja, M|100\/100\n|move|p1a: Scream Tail|Thunder Wave|p2a: Greninja\n|-status|p2a: Greninja|par\n|\n|-heal|p1a: Scream Tail|100\/100|[from] move: Wish|[wisher] Scream Tail\n|upkeep\n|turn|20\n|\n|t:|1698118811\n|move|p1a: Scream Tail|Dazzling Gleam|p2a: Greninja\n|-supereffective|p2a: Greninja\n|-damage|p2a: Greninja|37\/100 par\n|move|p2a: Greninja|U-turn|p1a: Scream Tail\n|-start|p2a: Greninja|typechange|Bug|[from] ability: Protean\n|-damage|p1a: Scream Tail|71\/100\n|\n|t:|1698118816\n|switch|p2a: Banette|Banette, F|100\/100|[from] U-turn\n|-item|p1a: Scream Tail|Leftovers|[from] ability: Frisk|[of] p2a: Banette|[identify]\n|\n|-heal|p1a: Scream Tail|78\/100|[from] item: Leftovers\n|upkeep\n|turn|21\n|\n|t:|1698118819\n|move|p2a: Banette|Shadow Ball|p1a: Scream Tail\n|-supereffective|p1a: Scream Tail\n|-damage|p1a: Scream Tail|32\/100\n|move|p1a: Scream Tail|Thunder Wave|p2a: Banette\n|-status|p2a: Banette|par\n|\n|-heal|p1a: Scream Tail|38\/100|[from] item: Leftovers\n|upkeep\n|turn|22\n|\n|t:|1698118825\n|-end|p1a: Scream Tail|Protosynthesis|[silent]\n|switch|p1a: Koraidon|Koraidon|51\/100\n|-weather|SunnyDay|[from] ability: Orichalcum Pulse|[of] p1a: Koraidon\n|-activate|p1a: Koraidon|Orichalcum Pulse|[source]\n|cant|p2a: Banette|par\n|\n|-weather|SunnyDay|[upkeep]\n|upkeep\n|turn|23\n|\n|t:|1698118829\n|switch|p1a: Victreebel|Victreebel, M|100\/100\n|move|p2a: Banette|Shadow Ball|p1a: Victreebel\n|-damage|p1a: Victreebel|53\/100\n|\n|-weather|SunnyDay|[upkeep]\n|upkeep\n|turn|24\n|\n|t:|1698118833\n|move|p1a: Victreebel|Solar Beam||[still]\n|-prepare|p1a: Victreebel|Solar Beam\n|-anim|p1a: Victreebel|Solar Beam|p2a: Banette\n|-damage|p2a: Banette|0 fnt\n|faint|p2a: Banette\n|\n|-weather|SunnyDay|[upkeep]\n|upkeep\n|\n|t:|1698118837\n|switch|p2a: Slowking|Slowking-Galar, F|100\/100\n|turn|25\n|\n|t:|1698118840\n|switch|p1a: Scream Tail|Scream Tail|38\/100\n|-activate|p1a: Scream Tail|ability: Protosynthesis\n|-start|p1a: Scream Tail|protosynthesisdef\n|move|p2a: Slowking|Foul Play|p1a: Scream Tail\n|-damage|p1a: Scream Tail|33\/100\n|\n|-weather|SunnyDay|[upkeep]\n|-heal|p1a: Scream Tail|39\/100|[from] item: Leftovers\n|upkeep\n|turn|26\n|\n|t:|1698118845\n|move|p1a: Scream Tail|Thunder Wave|p2a: Slowking\n|-status|p2a: Slowking|par\n|cant|p2a: Slowking|par\n|\n|-weather|SunnyDay|[upkeep]\n|-heal|p1a: Scream Tail|45\/100|[from] item: Leftovers\n|upkeep\n|turn|27\n|\n|t:|1698118849\n|move|p1a: Scream Tail|Wish|p1a: Scream Tail\n|move|p2a: Slowking|Chilly Reception|p2a: Slowking\n|-weather|Snow\n|-end|p1a: Scream Tail|Protosynthesis\n|\n|t:|1698118852\n|switch|p2a: Clefable|Clefable, M, tera:Water|100\/100 par|[from] Chilly Reception\n|\n|-weather|Snow|[upkeep]\n|-heal|p1a: Scream Tail|51\/100|[from] item: Leftovers\n|upkeep\n|turn|28\n|\n|t:|1698118855\n|move|p1a: Scream Tail|Stealth Rock|p2a: Clefable\n|-sidestart|p2: Dragon Master Rosa|move: Stealth Rock\n|move|p2a: Clefable|Stealth Rock|p1a: Scream Tail\n|-sidestart|p1: godiamsosorry|move: Stealth Rock\n|\n|-weather|Snow|[upkeep]\n|-heal|p1a: Scream Tail|100\/100|[from] move: Wish|[wisher] Scream Tail\n|upkeep\n|turn|29\n|\n|t:|1698118862\n|switch|p2a: Greninja|Greninja, M|37\/100 par\n|-damage|p2a: Greninja|25\/100 par|[from] Stealth Rock\n|move|p1a: Scream Tail|Wish|p1a: Scream Tail\n|\n|-weather|Snow|[upkeep]\n|upkeep\n|turn|30\n|\n|t:|1698118866\n|move|p1a: Scream Tail|Dazzling Gleam|p2a: Greninja\n|-supereffective|p2a: Greninja\n|-damage|p2a: Greninja|0 fnt\n|faint|p2a: Greninja\n|\n|-weather|Snow|[upkeep]\n|upkeep\n|\n|t:|1698118870\n|switch|p2a: Medicham|Medicham, M|100\/100\n|-damage|p2a: Medicham|94\/100|[from] Stealth Rock\n|turn|31\n|\n|t:|1698118873\n|move|p2a: Medicham|Trick|p1a: Scream Tail\n|-activate|p2a: Medicham|move: Trick|[of] p1a: Scream Tail\n|-item|p1a: Scream Tail|Choice Scarf|[from] move: Trick\n|-item|p2a: Medicham|Leftovers|[from] move: Trick\n|move|p1a: Scream Tail|Thunder Wave|p2a: Medicham\n|-status|p2a: Medicham|par\n|\n|-weather|none\n|-heal|p2a: Medicham|100\/100 par|[from] item: Leftovers\n|upkeep\n|turn|32\n|\n|t:|1698118881\n|-end|p1a: Scream Tail|Protosynthesis|[silent]\n|switch|p1a: Weezing|Weezing-Galar, M, shiny|99\/100\n|-damage|p1a: Weezing|88\/100|[from] Stealth Rock\n|switch|p2a: Clefable|Clefable, M, tera:Water|100\/100 par\n|\n|-heal|p1a: Weezing|94\/100|[from] item: Leftovers\n|upkeep\n|turn|33\n|\n|t:|1698118884\n|move|p1a: Weezing|Defog|p2a: Clefable\n|-unboost|p2a: Clefable|evasion|1\n|-sideend|p2: Dragon Master Rosa|Stealth Rock|[from] move: Defog|[of] p1a: Weezing\n|-sideend|p1: godiamsosorry|Stealth Rock|[from] move: Defog|[of] p1a: Weezing\n|move|p2a: Clefable|Encore|p1a: Weezing\n|-start|p1a: Weezing|Encore\n|\n|-heal|p1a: Weezing|99\/100|[from] item: Leftovers\n|upkeep\n|turn|34\n|\n|t:|1698118888\n|switch|p1a: Scream Tail|Scream Tail|100\/100\n|move|p2a: Clefable|Stealth Rock|p1a: Scream Tail\n|-sidestart|p1: godiamsosorry|move: Stealth Rock\n|\n|upkeep\n|turn|35\n|\n|t:|1698118891\n|switch|p2a: Weezing|Weezing-Galar, F|71\/100 brn\n|move|p1a: Scream Tail|Wish|p1a: Scream Tail\n|\n|-heal|p2a: Weezing|77\/100 brn|[from] item: Leftovers\n|-damage|p2a: Weezing|71\/100 brn|[from] brn\n|upkeep\n|turn|36\n|\n|t:|1698118895\n|-end|p1a: Scream Tail|Protosynthesis|[silent]\n|switch|p1a: Volcanion|Volcanion|58\/100\n|move|p2a: Weezing|Clear Smog|p1a: Volcanion\n|-damage|p1a: Volcanion|42\/100\n|-clearboost|p1a: Volcanion\n|\n|-heal|p1a: Volcanion|100\/100|[from] move: Wish|[wisher] Scream Tail\n|-heal|p2a: Weezing|77\/100 brn|[from] item: Leftovers\n|-damage|p2a: Weezing|71\/100 brn|[from] brn\n|upkeep\n|turn|37\n|\n|t:|1698118906\n|switch|p1a: Scream Tail|Scream Tail|100\/100\n|-damage|p1a: Scream Tail|88\/100|[from] Stealth Rock\n|switch|p2a: Slowking|Slowking-Galar, F|100\/100 par\n|\n|upkeep\n|turn|38\n|\n|t:|1698118909\n|move|p1a: Scream Tail|Wish|p1a: Scream Tail\n|move|p2a: Slowking|Chilly Reception|p2a: Slowking\n|-weather|Snow\n|\n|t:|1698118911\n|switch|p2a: Medicham|Medicham, M|100\/100 par|[from] Chilly Reception\n|\n|-weather|Snow|[upkeep]\n|upkeep\n|turn|39\n|\n|t:|1698118919\n|-end|p1a: Scream Tail|Protosynthesis|[silent]\n|switch|p1a: Koraidon|Koraidon|51\/100\n|-damage|p1a: Koraidon|45\/100|[from] Stealth Rock\n|-weather|SunnyDay|[from] ability: Orichalcum Pulse|[of] p1a: Koraidon\n|-activate|p1a: Koraidon|Orichalcum Pulse|[source]\n|cant|p2a: Medicham|par\n|\n|-weather|SunnyDay|[upkeep]\n|-heal|p1a: Koraidon|100\/100|[from] move: Wish|[wisher] Scream Tail\n|upkeep\n|turn|40\n|\n|t:|1698118924\n|switch|p1a: Scream Tail|Scream Tail|88\/100\n|-damage|p1a: Scream Tail|76\/100|[from] Stealth Rock\n|-activate|p1a: Scream Tail|ability: Protosynthesis\n|-start|p1a: Scream Tail|protosynthesisdef\n|move|p2a: Medicham|Psycho Cut|p1a: Scream Tail\n|-resisted|p1a: Scream Tail\n|-damage|p1a: Scream Tail|64\/100\n|\n|-weather|SunnyDay|[upkeep]\n|upkeep\n|turn|41\n|\n|t:|1698118928\n|move|p1a: Scream Tail|Dazzling Gleam|p2a: Medicham\n|-supereffective|p2a: Medicham\n|-damage|p2a: Medicham|34\/100 par\n|move|p2a: Medicham|Trick|p1a: Scream Tail\n|-activate|p2a: Medicham|move: Trick|[of] p1a: Scream Tail\n|-item|p1a: Scream Tail|Leftovers|[from] move: Trick\n|-item|p2a: Medicham|Choice Scarf|[from] move: Trick\n|\n|-weather|SunnyDay|[upkeep]\n|-heal|p1a: Scream Tail|70\/100|[from] item: Leftovers\n|upkeep\n|turn|42\n|\n|t:|1698118932\n|move|p1a: Scream Tail|Dazzling Gleam|p2a: Medicham\n|-supereffective|p2a: Medicham\n|-damage|p2a: Medicham|0 fnt\n|faint|p2a: Medicham\n|\n|-weather|SunnyDay|[upkeep]\n|-heal|p1a: Scream Tail|77\/100|[from] item: Leftovers\n|upkeep\n|\n|t:|1698118934\n|switch|p2a: Clefable|Clefable, M, tera:Water|100\/100 par\n|turn|43\n|c|\u2606godiamsosorry|Why is sun Working.\n|\n|t:|1698118943\n|move|p1a: Scream Tail|Wish|p1a: Scream Tail\n|move|p2a: Clefable|Encore|p1a: Scream Tail\n|-start|p1a: Scream Tail|Encore\n|\n|-weather|SunnyDay|[upkeep]\n|-heal|p1a: Scream Tail|83\/100|[from] item: Leftovers\n|upkeep\n|turn|44\n|c|\u2606Dragon Master Rosa|bc my team is dogshit maybe\n|\n|t:|1698118952\n|-end|p1a: Scream Tail|Protosynthesis|[silent]\n|switch|p1a: Victreebel|Victreebel, M|53\/100\n|-damage|p1a: Victreebel|41\/100|[from] Stealth Rock\n|move|p2a: Clefable|Play Rough|p1a: Victreebel\n|-resisted|p1a: Victreebel\n|-crit|p1a: Victreebel\n|-damage|p1a: Victreebel|12\/100\n|\n|-weather|SunnyDay|[upkeep]\n|-heal|p1a: Victreebel|84\/100|[from] move: Wish|[wisher] Scream Tail\n|upkeep\n|turn|45\n|c|\u2606godiamsosorry|Scarf Banette....\n|c|\u2606Dragon Master Rosa|fake mon\n|c|\u2606godiamsosorry|Unironically it\u00b4s alright.\n|c|\u2606godiamsosorry|If you had a better special attacker like Lando or Pala,,,\n|c|\u2606Dragon Master Rosa|good clef footage tho\n|c|\u2606Dragon Master Rosa|also no scarf banette is cheeks\n|c|\u2606Dragon Master Rosa|literally iron hands is better\n|c|\u2606godiamsosorry|No I meant the team...\n|c|\u2606godiamsosorry|Not Banette...\n|c|\u2606Dragon Master Rosa|ah\n|c|\u2606Dragon Master Rosa|yeah i think lando fits\n|c|\u2606Dragon Master Rosa|palafin better maybe\n|-message|Dragon Master Rosa forfeited.\n|\n|win|godiamsosorry\n","uploadtime":1698119017,"views":22,"p1id":"godiamsosorry","p2id":"dragonmasterrosa","formatid":"gen9ubers","rating":0,"private":0,"password":""}