{"id":"gen9ubers-1992875100","p1":"omega_genry","p2":"emolinac","format":"[Gen 9] Ubers","log":"|j|\u2606omega_genry\n|j|\u2606emolinac\n|t:|1700242980\n|gametype|singles\n|player|p1|omega_genry|2|\n|player|p2|emolinac|1|\n|teamsize|p1|6\n|teamsize|p2|6\n|gen|9\n|tier|[Gen 9] Ubers\n|rule|Sleep Clause Mod: Limit one foe put to sleep\n|rule|Species Clause: Limit one of each Pok\u00e9mon\n|rule|OHKO Clause: OHKO moves are banned\n|rule|Evasion Items Clause: Evasion items are banned\n|rule|Evasion Moves Clause: Evasion moves are banned\n|rule|Endless Battle Clause: Forcing endless battles is banned\n|rule|HP Percentage Mod: HP is shown in percentages\n|clearpoke\n|poke|p1|Diancie|\n|poke|p1|Eelektross, F|\n|poke|p1|Azumarill, M|\n|poke|p1|Sandslash-Alola, M|\n|poke|p1|Gliscor, F|\n|poke|p1|Vaporeon, M|\n|poke|p2|Dragonite, F|\n|poke|p2|Zapdos|\n|poke|p2|Mew|\n|poke|p2|Gyarados, M|\n|poke|p2|Slither Wing|\n|poke|p2|Gengar, M|\n|teampreview\n|\n|t:|1700242999\n|start\n|switch|p1a: Diancie|Diancie|100\/100\n|switch|p2a: Zapdos|Zapdos|100\/100\n|turn|1\n|j| dracul gras\n|j| Dynamax_Bulbasaur\n|c| dracul gras|big diancie moment\n|\n|t:|1700243043\n|move|p2a: Zapdos|Thunderbolt|p1a: Diancie\n|-crit|p1a: Diancie\n|-damage|p1a: Diancie|67\/100\n|move|p1a: Diancie|Stealth Rock|p2a: Zapdos\n|-sidestart|p2: emolinac|move: Stealth Rock\n|\n|-heal|p1a: Diancie|73\/100|[from] item: Leftovers\n|upkeep\n|turn|2\n|\n|t:|1700243053\n|move|p2a: Zapdos|Thunderbolt|p1a: Diancie\n|-crit|p1a: Diancie\n|-damage|p1a: Diancie|36\/100\n|move|p1a: Diancie|Diamond Storm|p2a: Zapdos\n|-supereffective|p2a: Zapdos\n|-damage|p2a: Zapdos|30\/100\n|\n|-heal|p1a: Diancie|42\/100|[from] item: Leftovers\n|upkeep\n|turn|3\n|\n|t:|1700243069\n|switch|p2a: Gyarados|Gyarados, M|100\/100\n|-damage|p2a: Gyarados|76\/100|[from] Stealth Rock\n|move|p1a: Diancie|Diamond Storm|p2a: Gyarados\n|-supereffective|p2a: Gyarados\n|-damage|p2a: Gyarados|0 fnt\n|-boost|p1a: Diancie|def|2\n|faint|p2a: Gyarados\n|\n|-heal|p1a: Diancie|48\/100|[from] item: Leftovers\n|upkeep\n|\n|t:|1700243094\n|switch|p2a: Slither Wing|Slither Wing|100\/100\n|-damage|p2a: Slither Wing|88\/100|[from] Stealth Rock\n|-enditem|p2a: Slither Wing|Booster Energy\n|-activate|p2a: Slither Wing|ability: Protosynthesis|[fromitem]\n|-start|p2a: Slither Wing|protosynthesisatk\n|turn|4\n|c|\u2606omega_genry|!weakness diancie\n|c| omega_genry|\/raw <div class=\"infobox\">Diancie (ignoring abilities):<br \/><span class=\"message-effect-weak\">Weaknesses<\/span>: Grass, Ground, <b>Steel<\/b>, Water<br \/><span class=\"message-effect-resist\">Resistances<\/span>: Bug, Dark, Fire, Flying, Normal<br \/><span class=\"message-effect-immune\">Immunities<\/span>: Dragon, Sandstorm damage<\/div>\n|\n|t:|1700243125\n|move|p2a: Slither Wing|Bulk Up|p2a: Slither Wing\n|-boost|p2a: Slither Wing|atk|1\n|-boost|p2a: Slither Wing|def|1\n|move|p1a: Diancie|Diamond Storm|p2a: Slither Wing\n|-damage|p2a: Slither Wing|56\/100\n|-boost|p1a: Diancie|def|2\n|\n|-heal|p1a: Diancie|54\/100|[from] item: Leftovers\n|upkeep\n|turn|5\n|\n|t:|1700243139\n|move|p2a: Slither Wing|Close Combat|p1a: Diancie\n|-damage|p1a: Diancie|19\/100\n|-unboost|p2a: Slither Wing|def|1\n|-unboost|p2a: Slither Wing|spd|1\n|move|p1a: Diancie|Diamond Storm|p2a: Slither Wing\n|-damage|p2a: Slither Wing|9\/100\n|\n|-heal|p1a: Diancie|25\/100|[from] item: Leftovers\n|upkeep\n|turn|6\n|\n|t:|1700243156\n|switch|p1a: Gliscor|Gliscor, F|100\/100\n|move|p2a: Slither Wing|Close Combat|p1a: Gliscor\n|-resisted|p1a: Gliscor\n|-damage|p1a: Gliscor|62\/100\n|-unboost|p2a: Slither Wing|def|1\n|-unboost|p2a: Slither Wing|spd|1\n|\n|-status|p1a: Gliscor|tox|[from] item: Toxic Orb\n|upkeep\n|turn|7\n|\n|t:|1700243192\n|move|p1a: Gliscor|Protect|p1a: Gliscor\n|-singleturn|p1a: Gliscor|Protect\n|move|p2a: Slither Wing|Close Combat|p1a: Gliscor\n|-activate|p1a: Gliscor|move: Protect\n|\n|-heal|p1a: Gliscor|74\/100 tox|[from] ability: Poison Heal\n|upkeep\n|turn|8\n|\n|t:|1700243202\n|-end|p2a: Slither Wing|Protosynthesis|[silent]\n|switch|p2a: Gengar|Gengar, M|100\/100\n|-damage|p2a: Gengar|88\/100|[from] Stealth Rock\n|move|p1a: Gliscor|Earthquake|p2a: Gengar\n|-supereffective|p2a: Gengar\n|-damage|p2a: Gengar|0 fnt\n|faint|p2a: Gengar\n|\n|-heal|p1a: Gliscor|86\/100 tox|[from] ability: Poison Heal\n|upkeep\n|\n|t:|1700243215\n|switch|p2a: Mew|Mew|100\/100\n|-damage|p2a: Mew|88\/100|[from] Stealth Rock\n|turn|9\n|\n|t:|1700243233\n|move|p2a: Mew|Spikes|p1a: Gliscor\n|-sidestart|p1: omega_genry|Spikes\n|move|p1a: Gliscor|Toxic|p2a: Mew\n|-status|p2a: Mew|tox\n|-activate|p2a: Mew|ability: Synchronize\n|-fail|p1a: Gliscor|tox\n|\n|-damage|p2a: Mew|82\/100 tox|[from] psn\n|-heal|p1a: Gliscor|99\/100 tox|[from] ability: Poison Heal\n|upkeep\n|turn|10\n|\n|t:|1700243248\n|switch|p2a: Zapdos|Zapdos|30\/100\n|switch|p1a: Sandslash|Sandslash-Alola, M|100\/100\n|-damage|p1a: Sandslash|88\/100|[from] Spikes\n|\n|upkeep\n|turn|11\n|\n|t:|1700243278\n|move|p2a: Zapdos|Roost|p2a: Zapdos\n|-heal|p2a: Zapdos|80\/100\n|-singleturn|p2a: Zapdos|move: Roost\n|move|p1a: Sandslash|Snowscape|p1a: Sandslash\n|-weather|Snow\n|\n|-weather|Snow|[upkeep]\n|upkeep\n|turn|12\n|\n|t:|1700243287\n|move|p1a: Sandslash|Icicle Crash|p2a: Zapdos\n|-supereffective|p2a: Zapdos\n|-damage|p2a: Zapdos|3\/100\n|move|p2a: Zapdos|Hurricane|p1a: Sandslash\n|-resisted|p1a: Sandslash\n|-crit|p1a: Sandslash\n|-damage|p1a: Sandslash|30\/100\n|-start|p1a: Sandslash|confusion\n|\n|-weather|Snow|[upkeep]\n|upkeep\n|turn|13\n|\n|t:|1700243311\n|-activate|p1a: Sandslash|confusion\n|-damage|p1a: Sandslash|16\/100|[from] confusion\n|move|p2a: Zapdos|Volt Switch|p1a: Sandslash\n|-damage|p1a: Sandslash|0 fnt\n|faint|p1a: Sandslash\n|\n|t:|1700243324\n|switch|p2a: Mew|Mew|82\/100 tox|[from] Volt Switch\n|-damage|p2a: Mew|70\/100 tox|[from] Stealth Rock\n|\n|-weather|Snow|[upkeep]\n|-damage|p2a: Mew|63\/100 tox|[from] psn\n|upkeep\n|\n|t:|1700243348\n|switch|p1a: Vaporeon|Vaporeon, M|100\/100\n|-damage|p1a: Vaporeon|88\/100|[from] Spikes\n|turn|14\n|\n|t:|1700243361\n|move|p2a: Mew|Thunder Wave|p1a: Vaporeon\n|-status|p1a: Vaporeon|par\n|cant|p1a: Vaporeon|par\n|\n|-weather|Snow|[upkeep]\n|-heal|p1a: Vaporeon|94\/100 par|[from] item: Leftovers\n|-damage|p2a: Mew|51\/100 tox|[from] psn\n|upkeep\n|turn|15\n|\n|t:|1700243370\n|switch|p2a: Zapdos|Zapdos|3\/100\n|move|p1a: Vaporeon|Wish|p1a: Vaporeon\n|\n|-weather|Snow|[upkeep]\n|-heal|p1a: Vaporeon|100\/100 par|[from] item: Leftovers\n|upkeep\n|turn|16\n|\n|t:|1700243391\n|switch|p1a: Azumarill|Azumarill, M|100\/100\n|-damage|p1a: Azumarill|88\/100|[from] Spikes\n|move|p2a: Zapdos|Volt Switch|p1a: Azumarill\n|-supereffective|p1a: Azumarill\n|-damage|p1a: Azumarill|33\/100\n|-enditem|p1a: Azumarill|Sitrus Berry|[eat]\n|-heal|p1a: Azumarill|58\/100|[from] item: Sitrus Berry\n|\n|t:|1700243404\n|switch|p2a: Slither Wing|Slither Wing|9\/100|[from] Volt Switch\n|-damage|p2a: Slither Wing|0 fnt|[from] Stealth Rock\n|faint|p2a: Slither Wing\n|-end|p2a: Slither Wing|Protosynthesis|[silent]\n|\n|-weather|Snow|[upkeep]\n|-heal|p1a: Azumarill|100\/100|[from] move: Wish|[wisher] Vaporeon\n|upkeep\n|\n|t:|1700243411\n|switch|p2a: Mew|Mew|51\/100 tox\n|-damage|p2a: Mew|39\/100 tox|[from] Stealth Rock\n|turn|17\n|\n|t:|1700243448\n|move|p2a: Mew|Thunder Wave|p1a: Azumarill\n|-status|p1a: Azumarill|par\n|move|p1a: Azumarill|Knock Off|p2a: Mew\n|-supereffective|p2a: Mew\n|-damage|p2a: Mew|0 fnt\n|-enditem|p2a: Mew|Red Card|[from] move: Knock Off|[of] p1a: Azumarill\n|faint|p2a: Mew\n|\n|-weather|Snow|[upkeep]\n|upkeep\n|\n|t:|1700243459\n|switch|p2a: Zapdos|Zapdos|3\/100\n|turn|18\n|\n|t:|1700243464\n|move|p1a: Azumarill|Aqua Jet|p2a: Zapdos\n|-damage|p2a: Zapdos|0 fnt\n|faint|p2a: Zapdos\n|\n|-weather|none\n|upkeep\n|\n|t:|1700243470\n|switch|p2a: Dragonite|Dragonite, F|100\/100\n|-damage|p2a: Dragonite|76\/100|[from] Stealth Rock\n|turn|19\n|\n|t:|1700243490\n|move|p2a: Dragonite|Extreme Speed|p1a: Azumarill\n|-damage|p1a: Azumarill|56\/100 par\n|cant|p1a: Azumarill|par\n|\n|upkeep\n|turn|20\n|\n|t:|1700243495\n|move|p2a: Dragonite|Extreme Speed|p1a: Azumarill\n|-damage|p1a: Azumarill|11\/100 par\n|move|p1a: Azumarill|Ice Spinner|p2a: Dragonite\n|-supereffective|p2a: Dragonite\n|-damage|p2a: Dragonite|0 fnt\n|faint|p2a: Dragonite\n|\n|win|omega_genry\n|l| dracul gras\n|l|\u2606emolinac\n|l| Dynamax_Bulbasaur\n|player|p1|omega_genry|2\n","uploadtime":1700243563,"views":7,"p1id":"omegagenry","p2id":"emolinac","formatid":"gen9ubers","rating":0,"private":0,"password":""}