{"id":"gen9ubers-1974164280","p1":"MONKEEEE KINGGGG","p2":"MVG5467","format":"[Gen 9] Ubers","log":"|j|\u2606MONKEEEE KINGGGG\n|j|\u2606MVG5467\n|t:|1698064022\n|gametype|singles\n|player|p1|MONKEEEE KINGGGG|hooligans|1051\n|player|p2|MVG5467|2|1057\n|teamsize|p1|6\n|teamsize|p2|6\n|gen|9\n|tier|[Gen 9] Ubers\n|rated|\n|rule|Sleep Clause Mod: Limit one foe put to sleep\n|rule|Species Clause: Limit one of each Pok\u00e9mon\n|rule|OHKO Clause: OHKO moves are banned\n|rule|Evasion Items Clause: Evasion items are banned\n|rule|Evasion Moves Clause: Evasion moves are banned\n|rule|Endless Battle Clause: Forcing endless battles is banned\n|rule|HP Percentage Mod: HP is shown in percentages\n|clearpoke\n|poke|p1|Shiftry, M|\n|poke|p1|Iron Moth|\n|poke|p1|Rillaboom, M|\n|poke|p1|Ursaluna-Bloodmoon, M|\n|poke|p1|Brambleghast, F|\n|poke|p1|Sneasler, F|\n|poke|p2|Blissey, F|\n|poke|p2|Gliscor, M|\n|poke|p2|Heatran, F|\n|poke|p2|Dragonite, F|\n|poke|p2|Volcarona, M|\n|poke|p2|Ribombee, M|\n|teampreview\n|inactive|Battle timer is ON: inactive players will automatically lose when time's up. (requested by MONKEEEE KINGGGG)\n|\n|t:|1698064057\n|start\n|switch|p1a: Ursaluna|Ursaluna-Bloodmoon, M|100\/100\n|switch|p2a: Ribombee|Ribombee, M|100\/100\n|turn|1\n|\n|t:|1698064062\n|move|p2a: Ribombee|Sticky Web|p1a: Ursaluna\n|-sidestart|p1: MONKEEEE KINGGGG|move: Sticky Web\n|move|p1a: Ursaluna|Calm Mind|p1a: Ursaluna\n|-boost|p1a: Ursaluna|spa|1\n|-boost|p1a: Ursaluna|spd|1\n|\n|upkeep\n|turn|2\n|\n|t:|1698064070\n|switch|p2a: Heatran|Heatran, F|100\/100\n|move|p1a: Ursaluna|Calm Mind|p1a: Ursaluna\n|-boost|p1a: Ursaluna|spa|1\n|-boost|p1a: Ursaluna|spd|1\n|\n|upkeep\n|turn|3\n|\n|t:|1698064077\n|move|p2a: Heatran|Flamethrower|p1a: Ursaluna\n|-damage|p1a: Ursaluna|73\/100\n|move|p1a: Ursaluna|Calm Mind|p1a: Ursaluna\n|-boost|p1a: Ursaluna|spa|1\n|-boost|p1a: Ursaluna|spd|1\n|\n|-heal|p1a: Ursaluna|80\/100|[from] item: Leftovers\n|upkeep\n|turn|4\n|\n|t:|1698064090\n|switch|p2a: Dragonite|Dragonite, F|100\/100\n|move|p1a: Ursaluna|Blood Moon|p2a: Dragonite\n|-damage|p2a: Dragonite|31\/100\n|\n|-heal|p2a: Dragonite|38\/100|[from] item: Leftovers\n|-heal|p1a: Ursaluna|86\/100|[from] item: Leftovers\n|upkeep\n|turn|5\n|\n|t:|1698064100\n|move|p2a: Dragonite|Earthquake|p1a: Ursaluna\n|-damage|p1a: Ursaluna|65\/100\n|move|p1a: Ursaluna|Moonlight|p1a: Ursaluna\n|-heal|p1a: Ursaluna|100\/100\n|\n|-heal|p2a: Dragonite|44\/100|[from] item: Leftovers\n|upkeep\n|turn|6\n|\n|t:|1698064114\n|switch|p2a: Heatran|Heatran, F|100\/100\n|move|p1a: Ursaluna|Blood Moon|p2a: Heatran\n|-resisted|p2a: Heatran\n|-damage|p2a: Heatran|41\/100\n|\n|-heal|p2a: Heatran|47\/100|[from] item: Leftovers\n|upkeep\n|turn|7\n|\n|t:|1698064120\n|move|p2a: Heatran|Rest|p2a: Heatran\n|-status|p2a: Heatran|slp|[from] move: Rest\n|-heal|p2a: Heatran|100\/100 slp|[silent]\n|move|p1a: Ursaluna|Earth Power|p2a: Heatran\n|-supereffective|p2a: Heatran\n|-damage|p2a: Heatran|0 fnt\n|faint|p2a: Heatran\n|\n|upkeep\n|\n|t:|1698064124\n|switch|p2a: Gliscor|Gliscor, M|100\/100\n|turn|8\n|\n|t:|1698064130\n|move|p2a: Gliscor|Toxic Spikes|p1a: Ursaluna\n|-sidestart|p1: MONKEEEE KINGGGG|move: Toxic Spikes\n|move|p1a: Ursaluna|Blood Moon|p2a: Gliscor\n|-damage|p2a: Gliscor|0 fnt\n|faint|p2a: Gliscor\n|\n|upkeep\n|\n|t:|1698064141\n|switch|p2a: Ribombee|Ribombee, M|100\/100\n|turn|9\n|\n|t:|1698064145\n|move|p2a: Ribombee|Bug Buzz|p1a: Ursaluna\n|-damage|p1a: Ursaluna|84\/100\n|move|p1a: Ursaluna|Calm Mind|p1a: Ursaluna\n|-boost|p1a: Ursaluna|spa|1\n|-boost|p1a: Ursaluna|spd|1\n|\n|-heal|p1a: Ursaluna|90\/100|[from] item: Leftovers\n|upkeep\n|turn|10\n|\n|t:|1698064152\n|move|p2a: Ribombee|Light Screen|p2a: Ribombee\n|-sidestart|p2: MVG5467|move: Light Screen\n|move|p1a: Ursaluna|Calm Mind|p1a: Ursaluna\n|-boost|p1a: Ursaluna|spa|1\n|-boost|p1a: Ursaluna|spd|1\n|\n|-heal|p1a: Ursaluna|96\/100|[from] item: Leftovers\n|upkeep\n|turn|11\n|\n|t:|1698064158\n|switch|p2a: Volcarona|Volcarona, M|100\/100\n|move|p1a: Ursaluna|Calm Mind|p1a: Ursaluna\n|-boost|p1a: Ursaluna|spa|1\n|-boost|p1a: Ursaluna|spd|1\n|\n|-heal|p1a: Ursaluna|100\/100|[from] item: Leftovers\n|upkeep\n|turn|12\n|\n|t:|1698064165\n|move|p2a: Volcarona|Quiver Dance|p2a: Volcarona\n|-boost|p2a: Volcarona|spa|1\n|-boost|p2a: Volcarona|spd|1\n|-boost|p2a: Volcarona|spe|1\n|move|p1a: Ursaluna|Earth Power|p2a: Volcarona\n|-damage|p2a: Volcarona|46\/100\n|\n|-heal|p2a: Volcarona|52\/100|[from] item: Leftovers\n|upkeep\n|turn|13\n|\n|t:|1698064173\n|move|p2a: Volcarona|Quiver Dance|p2a: Volcarona\n|-boost|p2a: Volcarona|spa|1\n|-boost|p2a: Volcarona|spd|1\n|-boost|p2a: Volcarona|spe|1\n|move|p1a: Ursaluna|Blood Moon|p2a: Volcarona\n|-damage|p2a: Volcarona|0 fnt\n|faint|p2a: Volcarona\n|\n|upkeep\n|\n|t:|1698064182\n|switch|p2a: Blissey|Blissey, F|100\/100\n|turn|14\n|\n|t:|1698064185\n|move|p1a: Ursaluna|Earth Power|p2a: Blissey\n|-damage|p2a: Blissey|76\/100\n|move|p2a: Blissey|Calm Mind|p2a: Blissey\n|-boost|p2a: Blissey|spa|1\n|-boost|p2a: Blissey|spd|1\n|\n|-heal|p2a: Blissey|83\/100|[from] item: Leftovers\n|-sideend|p2: MVG5467|move: Light Screen\n|upkeep\n|turn|15\n|\n|t:|1698064193\n|move|p1a: Ursaluna|Blood Moon|p2a: Blissey\n|-crit|p2a: Blissey\n|-damage|p2a: Blissey|0 fnt\n|faint|p2a: Blissey\n|\n|upkeep\n|\n|t:|1698064196\n|switch|p2a: Dragonite|Dragonite, F|44\/100\n|turn|16\n|\n|t:|1698064200\n|move|p2a: Dragonite|Earthquake|p1a: Ursaluna\n|-damage|p1a: Ursaluna|78\/100\n|move|p1a: Ursaluna|Earth Power|p2a: Dragonite\n|-immune|p2a: Dragonite\n|\n|-heal|p2a: Dragonite|50\/100|[from] item: Leftovers\n|-heal|p1a: Ursaluna|84\/100|[from] item: Leftovers\n|upkeep\n|turn|17\n|\n|t:|1698064208\n|move|p2a: Dragonite|Earthquake|p1a: Ursaluna\n|-damage|p1a: Ursaluna|63\/100\n|move|p1a: Ursaluna|Blood Moon|p2a: Dragonite\n|-damage|p2a: Dragonite|0 fnt\n|faint|p2a: Dragonite\n|\n|-heal|p1a: Ursaluna|69\/100|[from] item: Leftovers\n|upkeep\n|\n|t:|1698064211\n|switch|p2a: Ribombee|Ribombee, M|100\/100\n|turn|18\n|-message|MVG5467 forfeited.\n|\n|win|MONKEEEE KINGGGG\n|raw|MONKEEEE KINGGGG's rating: 1051 &rarr; <strong>1084<\/strong><br \/>(+33 for winning)\n|raw|MVG5467's rating: 1057 &rarr; <strong>1038<\/strong><br \/>(-19 for losing)\n|l|\u2606MVG5467\n","uploadtime":1698064223,"views":10,"p1id":"monkeeeekingggg","p2id":"mvg5467","formatid":"gen9ubers","rating":1038,"private":0,"password":""}