{"id":"gen9ubers-1981313951","p1":"vespyyy","p2":"XpokVEVO","format":"[Gen 9] Ubers","log":"|j|\u2606vespyyy\n|j|\u2606XpokVEVO\n|t:|1698882659\n|gametype|singles\n|player|p1|vespyyy|juggler|\n|player|p2|XpokVEVO|rika|\n|teamsize|p1|6\n|teamsize|p2|6\n|gen|9\n|tier|[Gen 9] Ubers\n|rule|Sleep Clause Mod: Limit one foe put to sleep\n|rule|Species Clause: Limit one of each Pok\u00e9mon\n|rule|OHKO Clause: OHKO moves are banned\n|rule|Evasion Items Clause: Evasion items are banned\n|rule|Evasion Moves Clause: Evasion moves are banned\n|rule|Endless Battle Clause: Forcing endless battles is banned\n|rule|HP Percentage Mod: HP is shown in percentages\n|clearpoke\n|poke|p1|Ninetales-Alola, M|\n|poke|p1|Baxcalibur, M|\n|poke|p1|Espathra, M|\n|poke|p1|Landorus, M|\n|poke|p1|Palafin, F|\n|poke|p1|Arceus-Ghost|\n|poke|p2|Cyclizar, M|\n|poke|p2|Espathra, M|\n|poke|p2|Magearna|\n|poke|p2|Zacian-*|\n|poke|p2|Roaring Moon|\n|poke|p2|Arceus-Fire|\n|teampreview\n|inactive|Battle timer is ON: inactive players will automatically lose when time's up. (requested by XpokVEVO)\n|\n|t:|1698882670\n|start\n|switch|p1a: Ninetales|Ninetales-Alola, M|100\/100\n|switch|p2a: Akira|Cyclizar, M|100\/100\n|-weather|Snow|[from] ability: Snow Warning|[of] p1a: Ninetales\n|turn|1\n|\n|t:|1698882682\n|move|p2a: Akira|Shed Tail|p2a: Akira\n|-start|p2a: Akira|Substitute|[from] move: Shed Tail\n|-damage|p2a: Akira|50\/100\n|inactive|XpokVEVO has 270 seconds left.\n|\n|t:|1698882708\n|switch|p2a: Ar\u0441eus-Fighting|Arceus-Fire, shiny|100\/100|[from] Shed Tail\n|move|p1a: Ninetales|Freeze-Dry|p2a: Ar\u0441eus-Fighting\n|-resisted|p2a: Ar\u0441eus-Fighting\n|-activate|p2a: Ar\u0441eus-Fighting|move: Substitute|[damage]\n|\n|-weather|Snow|[upkeep]\n|upkeep\n|turn|2\n|\n|t:|1698882725\n|move|p1a: Ninetales|Encore||[still]\n|-fail|p1a: Ninetales\n|move|p2a: Ar\u0441eus-Fighting|Dragon Dance|p2a: Ar\u0441eus-Fighting\n|-boost|p2a: Ar\u0441eus-Fighting|atk|1\n|-boost|p2a: Ar\u0441eus-Fighting|spe|1\n|\n|-weather|Snow|[upkeep]\n|upkeep\n|turn|3\n|inactive|XpokVEVO has 270 seconds left.\n|inactive|XpokVEVO has 240 seconds left.\n|c|\u2606vespyyy|Figured youd be max speed\n|c|\u2606XpokVEVO|YOU THOUGHT\n|c|\u2606vespyyy|Gg\n|c|\u2606XpokVEVO|no yeah\n|\n|t:|1698882794\n|-terastallize|p2a: Ar\u0441eus-Fighting|Fairy\n|move|p2a: Ar\u0441eus-Fighting|Flare Blitz|p1a: Ninetales\n|-supereffective|p1a: Ninetales\n|-damage|p1a: Ninetales|0 fnt\n|faint|p1a: Ninetales\n|-damage|p2a: Ar\u0441eus-Fighting|74\/100|[from] Recoil\n|\n|-weather|Snow|[upkeep]\n|upkeep\n|\n|t:|1698882801\n|switch|p1a: Baxcalibur|Baxcalibur, M|100\/100\n|turn|4\n|\n|t:|1698882829\n|move|p2a: Ar\u0441eus-Fighting|Tera Blast|p1a: Baxcalibur|[anim] Tera Blast Fairy\n|-supereffective|p1a: Baxcalibur\n|-damage|p1a: Baxcalibur|10\/100\n|move|p1a: Baxcalibur|Icicle Spear|p2a: Ar\u0441eus-Fighting\n|-activate|p2a: Ar\u0441eus-Fighting|move: Substitute|[damage]\n|-end|p2a: Ar\u0441eus-Fighting|Substitute\n|-damage|p2a: Ar\u0441eus-Fighting|64\/100\n|-damage|p2a: Ar\u0441eus-Fighting|54\/100\n|-damage|p2a: Ar\u0441eus-Fighting|46\/100\n|-hitcount|p2a: Ar\u0441eus-Fighting|5\n|\n|-weather|Snow|[upkeep]\n|upkeep\n|turn|5\n|\n|t:|1698882840\n|move|p2a: Ar\u0441eus-Fighting|Tera Blast|p1a: Baxcalibur|[anim] Tera Blast Fairy\n|-supereffective|p1a: Baxcalibur\n|-damage|p1a: Baxcalibur|0 fnt\n|faint|p1a: Baxcalibur\n|\n|-weather|none\n|upkeep\n|\n|t:|1698882843\n|switch|p1a: Arceus|Arceus-Ghost|100\/100\n|turn|6\n|inactive|XpokVEVO has 210 seconds left.\n|inactive|XpokVEVO has 180 seconds left.\n|\n|t:|1698882909\n|-terastallize|p1a: Arceus|Normal\n|move|p2a: Ar\u0441eus-Fighting|Flare Blitz|p1a: Arceus\n|-damage|p1a: Arceus|22\/100\n|-damage|p2a: Ar\u0441eus-Fighting|21\/100|[from] Recoil\n|move|p1a: Arceus|Swords Dance|p1a: Arceus\n|-boost|p1a: Arceus|atk|2\n|\n|upkeep\n|turn|7\n|c|\u2606XpokVEVO|STOP\n|\n|t:|1698882918\n|move|p1a: Arceus|Extreme Speed|p2a: Ar\u0441eus-Fighting\n|-damage|p2a: Ar\u0441eus-Fighting|0 fnt\n|faint|p2a: Ar\u0441eus-Fighting\n|\n|upkeep\n|\n|t:|1698882920\n|switch|p2a: Aunt Fanny|Magearna|100\/100\n|turn|8\n|\n|t:|1698882929\n|move|p1a: Arceus|Shadow Claw|p2a: Aunt Fanny\n|-damage|p2a: Aunt Fanny|16\/100\n|move|p2a: Aunt Fanny|Thunder Wave|p1a: Arceus\n|-status|p1a: Arceus|par\n|\n|upkeep\n|turn|9\n|\n|t:|1698882932\n|cant|p1a: Arceus|par\n|move|p2a: Aunt Fanny|Flash Cannon|p1a: Arceus\n|-damage|p1a: Arceus|0 fnt\n|faint|p1a: Arceus\n|-ability|p2a: Aunt Fanny|Soul-Heart|boost\n|-boost|p2a: Aunt Fanny|spa|1\n|\n|upkeep\n|c|\u2606XpokVEVO|bro tried to espeed\n|c|\u2606vespyyy|Rip\n|\n|t:|1698882944\n|switch|p1a: Landorus|Landorus, M|100\/100\n|turn|10\n|c|\u2606vespyyy|Yeah i probably couldve won no para\n|inactive|XpokVEVO has 180 seconds left.\n|c|\u2606vespyyy|Thats ggs\n|c|\u2606vespyyy|Re?\n|inactive|XpokVEVO has 150 seconds left.\n|c|\u2606XpokVEVO|uh\n|c|\u2606XpokVEVO|hold on\n|c|\u2606XpokVEVO|yeah sure\n|c|\u2606XpokVEVO|id like tof ace stall though\n|\n|t:|1698883015\n|move|p1a: Landorus|Earth Power|p2a: Aunt Fanny\n|-supereffective|p2a: Aunt Fanny\n|-crit|p2a: Aunt Fanny\n|-damage|p2a: Aunt Fanny|0 fnt\n|faint|p2a: Aunt Fanny\n|\n|upkeep\n|\n|t:|1698883028\n|switch|p2a: Roaring Peak|Roaring Moon|100\/100\n|-enditem|p2a: Roaring Peak|Booster Energy\n|-activate|p2a: Roaring Peak|ability: Protosynthesis|[fromitem]\n|-start|p2a: Roaring Peak|protosynthesisspe\n|turn|11\n|\n|t:|1698883045\n|move|p2a: Roaring Peak|Knock Off|p1a: Landorus\n|-damage|p1a: Landorus|35\/100\n|-enditem|p1a: Landorus|Life Orb|[from] move: Knock Off|[of] p2a: Roaring Peak\n|move|p1a: Landorus|Focus Blast|p2a: Roaring Peak|[miss]\n|-miss|p1a: Landorus|p2a: Roaring Peak\n|\n|upkeep\n|turn|12\n|inactive|XpokVEVO has 150 seconds left.\n|c|\u2606vespyyy|Im tryint to build this is the thing tho\n|inactive|XpokVEVO has 120 seconds left.\n|c|\u2606XpokVEVO|wdym\n|c|\u2606XpokVEVO|thats why you want res?\n|\n|t:|1698883090\n|move|p2a: Roaring Peak|Acrobatics|p1a: Landorus\n|-damage|p1a: Landorus|0 fnt\n|faint|p1a: Landorus\n|\n|upkeep\n|\n|t:|1698883094\n|switch|p1a: Espathra|Espathra, M|100\/100\n|turn|13\n|-message|vespyyy forfeited.\n|\n|win|XpokVEVO\n|l|\u2606vespyyy\n|j|\u2606vespyyy\n|player|p1|vespyyy|juggler\n|l|\u2606vespyyy\n|player|p1|\n","uploadtime":1698883120,"views":10,"p1id":"vespyyy","p2id":"xpokvevo","formatid":"gen9ubers","rating":0,"private":0,"password":""}