{"id":"gen9ubers-1975203486","p1":"AlicieLizzie","p2":"AnUndeadMyth","format":"[Gen 9] Ubers","log":"|j|\u2606AlicieLizzie\n|j|\u203dAnUndeadMyth\n|t:|1698169930\n|gametype|singles\n|player|p1|AlicieLizzie|marnie-masters3|\n|player|p2|AnUndeadMyth|266|\n|teamsize|p1|6\n|teamsize|p2|6\n|gen|9\n|tier|[Gen 9] Ubers\n|rule|Sleep Clause Mod: Limit one foe put to sleep\n|rule|Species Clause: Limit one of each Pok\u00e9mon\n|rule|OHKO Clause: OHKO moves are banned\n|rule|Evasion Items Clause: Evasion items are banned\n|rule|Evasion Moves Clause: Evasion moves are banned\n|rule|Endless Battle Clause: Forcing endless battles is banned\n|rule|HP Percentage Mod: HP is shown in percentages\n|clearpoke\n|poke|p1|Cyclizar, M|\n|poke|p1|Kommo-o, M|\n|poke|p1|Dondozo, F|\n|poke|p1|Shaymin-Sky|\n|poke|p1|Gholdengo|\n|poke|p1|Zacian-*|\n|poke|p2|Dondozo, M|\n|poke|p2|Slowking-Galar, M|\n|poke|p2|Gliscor, F|\n|poke|p2|Scizor, F|\n|poke|p2|Ogerpon-Cornerstone, F|\n|poke|p2|Zapdos|\n|teampreview\n|inactive|Battle timer is ON: inactive players will automatically lose when time's up. (requested by AlicieLizzie)\n|\n|t:|1698169936\n|start\n|switch|p1a: Cycle Dryer|Cyclizar, M|100\/100\n|switch|p2a: Gliscor|Gliscor, F|100\/100\n|turn|1\n|\n|t:|1698169941\n|move|p1a: Cycle Dryer|Knock Off|p2a: Gliscor\n|-damage|p2a: Gliscor|83\/100\n|-enditem|p2a: Gliscor|Toxic Orb|[from] move: Knock Off|[of] p1a: Cycle Dryer\n|move|p2a: Gliscor|Stealth Rock|p1a: Cycle Dryer\n|-sidestart|p1: AlicieLizzie|move: Stealth Rock\n|\n|upkeep\n|turn|2\n|\n|t:|1698169946\n|move|p1a: Cycle Dryer|Rapid Spin|p2a: Gliscor\n|-damage|p2a: Gliscor|71\/100\n|-boost|p1a: Cycle Dryer|spe|1\n|-sideend|p1: AlicieLizzie|Stealth Rock|[from] move: Rapid Spin|[of] p1a: Cycle Dryer\n|move|p2a: Gliscor|Toxic|p1a: Cycle Dryer\n|-status|p1a: Cycle Dryer|tox\n|\n|-damage|p1a: Cycle Dryer|94\/100 tox|[from] psn\n|upkeep\n|turn|3\n|\n|t:|1698169951\n|move|p1a: Cycle Dryer|Shed Tail|p1a: Cycle Dryer\n|-start|p1a: Cycle Dryer|Substitute|[from] move: Shed Tail\n|-damage|p1a: Cycle Dryer|44\/100 tox\n|\n|t:|1698169957\n|switch|p1a: Kommo-OH NO|Kommo-o, M|100\/100|[from] Shed Tail\n|move|p2a: Gliscor|Stealth Rock|p1a: Kommo-OH NO\n|-sidestart|p1: AlicieLizzie|move: Stealth Rock\n|\n|upkeep\n|turn|4\n|\n|t:|1698169961\n|move|p1a: Kommo-OH NO|Clangorous Soul|p1a: Kommo-OH NO\n|-boost|p1a: Kommo-OH NO|atk|1\n|-boost|p1a: Kommo-OH NO|def|1\n|-boost|p1a: Kommo-OH NO|spa|1\n|-boost|p1a: Kommo-OH NO|spd|1\n|-boost|p1a: Kommo-OH NO|spe|1\n|-damage|p1a: Kommo-OH NO|68\/100\n|-enditem|p1a: Kommo-OH NO|Throat Spray\n|-boost|p1a: Kommo-OH NO|spa|1|[from] item: Throat Spray\n|move|p2a: Gliscor|Earthquake|p1a: Kommo-OH NO\n|-activate|p1a: Kommo-OH NO|move: Substitute|[damage]\n|\n|upkeep\n|turn|5\n|\n|t:|1698169969\n|-terastallize|p1a: Kommo-OH NO|Normal\n|move|p1a: Kommo-OH NO|Boomburst|p2a: Gliscor\n|-damage|p2a: Gliscor|0 fnt\n|faint|p2a: Gliscor\n|\n|upkeep\n|\n|t:|1698169977\n|switch|p2a: Ogerpon|Ogerpon-Cornerstone, F|100\/100\n|turn|6\n|\n|t:|1698169981\n|move|p1a: Kommo-OH NO|Boomburst|p2a: Ogerpon\n|-resisted|p2a: Ogerpon\n|-damage|p2a: Ogerpon|23\/100\n|move|p2a: Ogerpon|Ivy Cudgel|p1a: Kommo-OH NO\n|-end|p1a: Kommo-OH NO|Substitute\n|\n|upkeep\n|turn|7\n|\n|t:|1698169985\n|move|p1a: Kommo-OH NO|Boomburst|p2a: Ogerpon\n|-resisted|p2a: Ogerpon\n|-damage|p2a: Ogerpon|0 fnt\n|faint|p2a: Ogerpon\n|\n|upkeep\n|\n|t:|1698169989\n|switch|p2a: Slowking|Slowking-Galar, M|100\/100\n|turn|8\n|\n|t:|1698169994\n|move|p1a: Kommo-OH NO|Boomburst|p2a: Slowking\n|-damage|p2a: Slowking|26\/100\n|move|p2a: Slowking|Toxic|p1a: Kommo-OH NO\n|-status|p1a: Kommo-OH NO|tox\n|\n|-heal|p2a: Slowking|32\/100|[from] item: Leftovers\n|-damage|p1a: Kommo-OH NO|61\/100 tox|[from] psn\n|upkeep\n|turn|9\n|\n|t:|1698169998\n|switch|p2a: Dondozo|Dondozo, M|100\/100\n|move|p1a: Kommo-OH NO|Boomburst|p2a: Dondozo\n|-damage|p2a: Dondozo|63\/100\n|\n|-heal|p2a: Dondozo|69\/100|[from] item: Leftovers\n|-damage|p1a: Kommo-OH NO|49\/100 tox|[from] psn\n|upkeep\n|turn|10\n|\n|t:|1698170001\n|move|p1a: Kommo-OH NO|Boomburst|p2a: Dondozo\n|-damage|p2a: Dondozo|31\/100\n|move|p2a: Dondozo|Rest|p2a: Dondozo\n|-status|p2a: Dondozo|slp|[from] move: Rest\n|-heal|p2a: Dondozo|100\/100 slp|[silent]\n|\n|-damage|p1a: Kommo-OH NO|30\/100 tox|[from] psn\n|upkeep\n|turn|11\n|\n|t:|1698170008\n|move|p1a: Kommo-OH NO|Boomburst|p2a: Dondozo\n|-damage|p2a: Dondozo|63\/100 slp\n|cant|p2a: Dondozo|slp\n|move|p2a: Dondozo|Sleep Talk|p2a: Dondozo\n|move|p2a: Dondozo|Wave Crash|p1a: Kommo-OH NO|[from]move: Sleep Talk\n|-damage|p1a: Kommo-OH NO|0 fnt\n|faint|p1a: Kommo-OH NO\n|-damage|p2a: Dondozo|57\/100 slp|[from] Recoil\n|\n|-heal|p2a: Dondozo|63\/100 slp|[from] item: Leftovers\n|upkeep\n|\n|t:|1698170010\n|switch|p1a: It's a Shayme|Shaymin-Sky|100\/100\n|turn|12\n|\n|t:|1698170018\n|switch|p2a: Zapdos|Zapdos|100\/100\n|move|p1a: It's a Shayme|Leech Seed|p2a: Zapdos\n|-start|p2a: Zapdos|move: Leech Seed\n|\n|-damage|p2a: Zapdos|88\/100|[from] Leech Seed|[of] p1a: It's a Shayme\n|upkeep\n|turn|13\n|\n|t:|1698170021\n|move|p1a: It's a Shayme|Substitute|p1a: It's a Shayme\n|-start|p1a: It's a Shayme|Substitute\n|-damage|p1a: It's a Shayme|76\/100\n|move|p2a: Zapdos|Hurricane|p1a: It's a Shayme|[miss]\n|-miss|p2a: Zapdos|p1a: It's a Shayme\n|\n|-damage|p2a: Zapdos|75\/100|[from] Leech Seed|[of] p1a: It's a Shayme\n|-heal|p1a: It's a Shayme|88\/100|[silent]\n|upkeep\n|turn|14\n|\n|t:|1698170027\n|move|p1a: It's a Shayme|Air Slash|p2a: Zapdos\n|-resisted|p2a: Zapdos\n|-damage|p2a: Zapdos|62\/100\n|cant|p2a: Zapdos|flinch\n|\n|-damage|p2a: Zapdos|49\/100|[from] Leech Seed|[of] p1a: It's a Shayme\n|-heal|p1a: It's a Shayme|99\/100|[silent]\n|upkeep\n|turn|15\n|\n|t:|1698170031\n|switch|p2a: Slowking|Slowking-Galar, M|66\/100\n|move|p1a: It's a Shayme|Air Slash|p2a: Slowking\n|-damage|p2a: Slowking|47\/100\n|\n|-heal|p2a: Slowking|54\/100|[from] item: Leftovers\n|upkeep\n|turn|16\n|\n|t:|1698170036\n|move|p1a: It's a Shayme|Air Slash|p2a: Slowking\n|-damage|p2a: Slowking|37\/100\n|move|p2a: Slowking|Slack Off|p2a: Slowking\n|-heal|p2a: Slowking|87\/100\n|\n|-heal|p2a: Slowking|93\/100|[from] item: Leftovers\n|upkeep\n|turn|17\n|\n|t:|1698170041\n|move|p1a: It's a Shayme|Leech Seed|p2a: Slowking\n|-start|p2a: Slowking|move: Leech Seed\n|move|p2a: Slowking|Psychic|p1a: It's a Shayme\n|-end|p1a: It's a Shayme|Substitute\n|\n|-heal|p2a: Slowking|99\/100|[from] item: Leftovers\n|-damage|p2a: Slowking|86\/100|[from] Leech Seed|[of] p1a: It's a Shayme\n|-heal|p1a: It's a Shayme|100\/100|[silent]\n|upkeep\n|turn|18\n|\n|t:|1698170044\n|switch|p2a: Scizor|Scizor, F|100\/100\n|move|p1a: It's a Shayme|Substitute|p1a: It's a Shayme\n|-start|p1a: It's a Shayme|Substitute\n|-damage|p1a: It's a Shayme|76\/100\n|\n|upkeep\n|turn|19\n|\n|t:|1698170048\n|move|p2a: Scizor|Bullet Punch|p1a: It's a Shayme\n|-end|p1a: It's a Shayme|Substitute\n|move|p1a: It's a Shayme|Leech Seed|p2a: Scizor\n|-start|p2a: Scizor|move: Leech Seed\n|\n|-damage|p2a: Scizor|88\/100|[from] Leech Seed|[of] p1a: It's a Shayme\n|-heal|p1a: It's a Shayme|84\/100|[silent]\n|upkeep\n|turn|20\n|\n|t:|1698170052\n|-terastallize|p2a: Scizor|Steel\n|move|p2a: Scizor|Bullet Punch|p1a: It's a Shayme\n|-damage|p1a: It's a Shayme|34\/100\n|move|p1a: It's a Shayme|Air Slash|p2a: Scizor\n|-resisted|p2a: Scizor\n|-damage|p2a: Scizor|70\/100\n|\n|-damage|p2a: Scizor|57\/100|[from] Leech Seed|[of] p1a: It's a Shayme\n|-heal|p1a: It's a Shayme|42\/100|[silent]\n|upkeep\n|turn|21\n|\n|t:|1698170057\n|switch|p1a: Spiffy as Silver|Gholdengo|100\/100\n|-damage|p1a: Spiffy as Silver|94\/100|[from] Stealth Rock\n|move|p2a: Scizor|Bullet Punch|p1a: Spiffy as Silver\n|-resisted|p1a: Spiffy as Silver\n|-damage|p1a: Spiffy as Silver|66\/100\n|\n|-damage|p2a: Scizor|45\/100|[from] Leech Seed|[of] p1a: Spiffy as Silver\n|-heal|p1a: Spiffy as Silver|77\/100|[silent]\n|upkeep\n|turn|22\n|\n|t:|1698170061\n|switch|p2a: Dondozo|Dondozo, M|63\/100 slp\n|move|p1a: Spiffy as Silver|Focus Blast|p2a: Dondozo|[miss]\n|-miss|p1a: Spiffy as Silver|p2a: Dondozo\n|\n|-heal|p2a: Dondozo|69\/100 slp|[from] item: Leftovers\n|upkeep\n|turn|23\n|\n|t:|1698170066\n|switch|p1a: Cycle Dryer|Cyclizar, M|77\/100 tox\n|cant|p2a: Dondozo|slp\n|move|p2a: Dondozo|Sleep Talk|p2a: Dondozo\n|move|p2a: Dondozo|Earthquake|p1a: Cycle Dryer|[from]move: Sleep Talk\n|-damage|p1a: Cycle Dryer|43\/100 tox\n|\n|-heal|p2a: Dondozo|75\/100 slp|[from] item: Leftovers\n|-damage|p1a: Cycle Dryer|37\/100 tox|[from] psn\n|upkeep\n|turn|24\n|\n|t:|1698170070\n|move|p1a: Cycle Dryer|Rapid Spin|p2a: Dondozo\n|-damage|p2a: Dondozo|65\/100 slp\n|-boost|p1a: Cycle Dryer|spe|1\n|-sideend|p1: AlicieLizzie|Stealth Rock|[from] move: Rapid Spin|[of] p1a: Cycle Dryer\n|-curestatus|p2a: Dondozo|slp|[msg]\n|move|p2a: Dondozo|Sleep Talk||[still]\n|-fail|p2a: Dondozo\n|\n|-heal|p2a: Dondozo|71\/100|[from] item: Leftovers\n|-damage|p1a: Cycle Dryer|24\/100 tox|[from] psn\n|upkeep\n|turn|25\n|\n|t:|1698170078\n|switch|p1a: It's a Shayme|Shaymin-Sky|42\/100\n|move|p2a: Dondozo|Wave Crash|p1a: It's a Shayme\n|-resisted|p1a: It's a Shayme\n|-damage|p1a: It's a Shayme|19\/100\n|-damage|p2a: Dondozo|65\/100|[from] Recoil\n|\n|-heal|p2a: Dondozo|71\/100|[from] item: Leftovers\n|upkeep\n|turn|26\n|\n|t:|1698170082\n|move|p1a: It's a Shayme|Seed Flare|p2a: Dondozo|[miss]\n|-miss|p1a: It's a Shayme|p2a: Dondozo\n|move|p2a: Dondozo|Wave Crash|p1a: It's a Shayme\n|-resisted|p1a: It's a Shayme\n|-damage|p1a: It's a Shayme|0 fnt\n|faint|p1a: It's a Shayme\n|-damage|p2a: Dondozo|66\/100|[from] Recoil\n|\n|-heal|p2a: Dondozo|72\/100|[from] item: Leftovers\n|upkeep\n|\n|t:|1698170087\n|switch|p1a: Marlon Brandozo|Dondozo, F|100\/100\n|turn|27\n|\n|t:|1698170091\n|switch|p2a: Slowking|Slowking-Galar, M|100\/100\n|move|p1a: Marlon Brandozo|Liquidation|p2a: Slowking\n|-damage|p2a: Slowking|69\/100\n|\n|-heal|p2a: Slowking|75\/100|[from] item: Leftovers\n|upkeep\n|turn|28\n|\n|t:|1698170094\n|move|p1a: Marlon Brandozo|Liquidation|p2a: Slowking\n|-crit|p2a: Slowking\n|-damage|p2a: Slowking|26\/100\n|move|p2a: Slowking|Toxic|p1a: Marlon Brandozo\n|-status|p1a: Marlon Brandozo|tox\n|\n|-heal|p2a: Slowking|32\/100|[from] item: Leftovers\n|-damage|p1a: Marlon Brandozo|94\/100 tox|[from] psn\n|upkeep\n|turn|29\n|\n|t:|1698170101\n|switch|p2a: Zapdos|Zapdos|49\/100\n|move|p1a: Marlon Brandozo|Curse|p1a: Marlon Brandozo\n|-unboost|p1a: Marlon Brandozo|spe|1\n|-boost|p1a: Marlon Brandozo|atk|1\n|-boost|p1a: Marlon Brandozo|def|1\n|\n|-heal|p1a: Marlon Brandozo|100\/100 tox|[from] item: Leftovers\n|-damage|p1a: Marlon Brandozo|88\/100 tox|[from] psn\n|upkeep\n|turn|30\n|\n|t:|1698170103\n|move|p2a: Zapdos|Roost|p2a: Zapdos\n|-heal|p2a: Zapdos|99\/100\n|-singleturn|p2a: Zapdos|move: Roost\n|move|p1a: Marlon Brandozo|Liquidation|p2a: Zapdos\n|-damage|p2a: Zapdos|65\/100\n|\n|-heal|p1a: Marlon Brandozo|94\/100 tox|[from] item: Leftovers\n|-damage|p1a: Marlon Brandozo|76\/100 tox|[from] psn\n|upkeep\n|turn|31\n|\n|t:|1698170106\n|move|p2a: Zapdos|Volt Switch|p1a: Marlon Brandozo\n|-supereffective|p1a: Marlon Brandozo\n|-damage|p1a: Marlon Brandozo|17\/100 tox\n|\n|t:|1698170109\n|switch|p2a: Dondozo|Dondozo, M|72\/100|[from] Volt Switch\n|move|p1a: Marlon Brandozo|Liquidation|p2a: Dondozo\n|-resisted|p2a: Dondozo\n|-damage|p2a: Dondozo|64\/100\n|\n|-heal|p2a: Dondozo|70\/100|[from] item: Leftovers\n|-heal|p1a: Marlon Brandozo|23\/100 tox|[from] item: Leftovers\n|-damage|p1a: Marlon Brandozo|0 fnt|[from] psn\n|faint|p1a: Marlon Brandozo\n|upkeep\n|\n|t:|1698170112\n|switch|p1a: Cycle Dryer|Cyclizar, M|58\/100 tox\n|turn|32\n|\n|t:|1698170117\n|move|p1a: Cycle Dryer|Knock Off|p2a: Dondozo\n|-damage|p2a: Dondozo|56\/100\n|-enditem|p2a: Dondozo|Leftovers|[from] move: Knock Off|[of] p1a: Cycle Dryer\n|move|p2a: Dondozo|Earthquake|p1a: Cycle Dryer\n|-damage|p1a: Cycle Dryer|24\/100 tox\n|\n|-damage|p1a: Cycle Dryer|18\/100 tox|[from] psn\n|upkeep\n|turn|33\n|\n|t:|1698170124\n|switch|p1a: Zac King|Zacian|100\/100\n|-ability|p1a: Zac King|Intrepid Sword|boost\n|-boost|p1a: Zac King|atk|1\n|move|p2a: Dondozo|Wave Crash|p1a: Zac King\n|-damage|p1a: Zac King|60\/100\n|-damage|p2a: Dondozo|48\/100|[from] Recoil\n|\n|upkeep\n|turn|34\n|\n|t:|1698170131\n|move|p1a: Zac King|Play Rough|p2a: Dondozo\n|-damage|p2a: Dondozo|6\/100\n|move|p2a: Dondozo|Rest|p2a: Dondozo\n|-status|p2a: Dondozo|slp|[from] move: Rest\n|-heal|p2a: Dondozo|100\/100 slp|[silent]\n|\n|upkeep\n|turn|35\n|\n|t:|1698170137\n|move|p1a: Zac King|Play Rough|p2a: Dondozo\n|-damage|p2a: Dondozo|60\/100 slp\n|cant|p2a: Dondozo|slp\n|move|p2a: Dondozo|Sleep Talk|p2a: Dondozo\n|move|p2a: Dondozo|Rest||[from]move: Sleep Talk|[still]\n|-fail|p2a: Dondozo\n|\n|upkeep\n|turn|36\n|\n|t:|1698170140\n|move|p1a: Zac King|Play Rough|p2a: Dondozo\n|-damage|p2a: Dondozo|20\/100 slp\n|cant|p2a: Dondozo|slp\n|move|p2a: Dondozo|Sleep Talk|p2a: Dondozo\n|move|p2a: Dondozo|Earthquake|p1a: Zac King|[from]move: Sleep Talk\n|-damage|p1a: Zac King|38\/100\n|\n|upkeep\n|turn|37\n|\n|t:|1698170142\n|move|p1a: Zac King|Play Rough|p2a: Dondozo|[miss]\n|-miss|p1a: Zac King|p2a: Dondozo\n|-curestatus|p2a: Dondozo|slp|[msg]\n|move|p2a: Dondozo|Rest|p2a: Dondozo\n|-status|p2a: Dondozo|slp|[from] move: Rest\n|-heal|p2a: Dondozo|100\/100 slp|[silent]\n|\n|upkeep\n|turn|38\n|\n|t:|1698170145\n|move|p1a: Zac King|Play Rough|p2a: Dondozo\n|-damage|p2a: Dondozo|59\/100 slp\n|cant|p2a: Dondozo|slp\n|move|p2a: Dondozo|Sleep Talk|p2a: Dondozo\n|move|p2a: Dondozo|Earthquake|p1a: Zac King|[from]move: Sleep Talk\n|-damage|p1a: Zac King|17\/100\n|\n|upkeep\n|turn|39\n|\n|t:|1698170147\n|move|p1a: Zac King|Play Rough|p2a: Dondozo\n|-damage|p2a: Dondozo|21\/100 slp\n|cant|p2a: Dondozo|slp\n|move|p2a: Dondozo|Sleep Talk|p2a: Dondozo\n|move|p2a: Dondozo|Wave Crash|p1a: Zac King|[from]move: Sleep Talk\n|-damage|p1a: Zac King|0 fnt\n|faint|p1a: Zac King\n|-damage|p2a: Dondozo|17\/100 slp|[from] Recoil\n|\n|upkeep\n|\n|t:|1698170153\n|switch|p1a: Spiffy as Silver|Gholdengo|77\/100\n|turn|40\n|\n|t:|1698170155\n|move|p1a: Spiffy as Silver|Make It Rain|p2a: Dondozo\n|-resisted|p2a: Dondozo\n|-damage|p2a: Dondozo|0 fnt\n|-unboost|p1a: Spiffy as Silver|spa|1\n|faint|p2a: Dondozo\n|\n|upkeep\n|\n|t:|1698170170\n|switch|p2a: Slowking|Slowking-Galar, M|65\/100\n|turn|41\n|\n|t:|1698170184\n|move|p1a: Spiffy as Silver|Make It Rain|p2a: Slowking\n|-damage|p2a: Slowking|39\/100\n|-unboost|p1a: Spiffy as Silver|spa|1\n|move|p2a: Slowking|Slack Off|p2a: Slowking\n|-heal|p2a: Slowking|89\/100\n|\n|-heal|p2a: Slowking|95\/100|[from] item: Leftovers\n|upkeep\n|turn|42\n|\n|t:|1698170196\n|switch|p1a: Cycle Dryer|Cyclizar, M|51\/100 tox\n|move|p2a: Slowking|Psychic|p1a: Cycle Dryer\n|-damage|p1a: Cycle Dryer|6\/100 tox\n|\n|-heal|p2a: Slowking|100\/100|[from] item: Leftovers\n|-damage|p1a: Cycle Dryer|0 fnt|[from] psn\n|faint|p1a: Cycle Dryer\n|upkeep\n|\n|t:|1698170208\n|switch|p1a: Spiffy as Silver|Gholdengo|77\/100\n|turn|43\n|inactive|AlicieLizzie has 270 seconds left.\n|\n|t:|1698170253\n|move|p1a: Spiffy as Silver|Make It Rain|p2a: Slowking\n|-damage|p2a: Slowking|60\/100\n|-unboost|p1a: Spiffy as Silver|spa|1\n|move|p2a: Slowking|Psychic|p1a: Spiffy as Silver\n|-resisted|p1a: Spiffy as Silver\n|-damage|p1a: Spiffy as Silver|58\/100\n|\n|-heal|p2a: Slowking|66\/100|[from] item: Leftovers\n|upkeep\n|turn|44\n|\n|t:|1698170261\n|move|p1a: Spiffy as Silver|Make It Rain|p2a: Slowking\n|-damage|p2a: Slowking|39\/100\n|-unboost|p1a: Spiffy as Silver|spa|1\n|move|p2a: Slowking|Slack Off|p2a: Slowking\n|-heal|p2a: Slowking|89\/100\n|\n|-heal|p2a: Slowking|95\/100|[from] item: Leftovers\n|upkeep\n|turn|45\n|\n|t:|1698170266\n|move|p1a: Spiffy as Silver|Make It Rain|p2a: Slowking\n|-damage|p2a: Slowking|77\/100\n|-unboost|p1a: Spiffy as Silver|spa|1\n|move|p2a: Slowking|Psychic|p1a: Spiffy as Silver\n|-resisted|p1a: Spiffy as Silver\n|-damage|p1a: Spiffy as Silver|37\/100\n|\n|-heal|p2a: Slowking|83\/100|[from] item: Leftovers\n|upkeep\n|turn|46\n|inactive|AlicieLizzie has 270 seconds left.\n|\n|t:|1698170283\n|move|p1a: Spiffy as Silver|Make It Rain|p2a: Slowking\n|-damage|p2a: Slowking|67\/100\n|-unboost|p1a: Spiffy as Silver|spa|1\n|move|p2a: Slowking|Psychic|p1a: Spiffy as Silver\n|-resisted|p1a: Spiffy as Silver\n|-damage|p1a: Spiffy as Silver|19\/100\n|\n|-heal|p2a: Slowking|73\/100|[from] item: Leftovers\n|upkeep\n|turn|47\n|\n|t:|1698170293\n|move|p1a: Spiffy as Silver|Make It Rain|p2a: Slowking\n|-damage|p2a: Slowking|60\/100\n|-unboost|p1a: Spiffy as Silver|spa|1\n|move|p2a: Slowking|Psychic|p1a: Spiffy as Silver\n|-resisted|p1a: Spiffy as Silver\n|-damage|p1a: Spiffy as Silver|0 fnt\n|faint|p1a: Spiffy as Silver\n|\n|win|AnUndeadMyth\n","uploadtime":1698170363,"views":22,"p1id":"alicielizzie","p2id":"anundeadmyth","formatid":"gen9ubers","rating":0,"private":0,"password":""}