{"id":"gen9ubers-1973056352","p1":"sword over shield","p2":"Kinesquared","format":"[Gen 9] Ubers","log":"|j|\u2606sword over shield\n|j|\u2606Kinesquared\n|t:|1697922888\n|gametype|singles\n|player|p1|sword over shield|1|\n|player|p2|Kinesquared|scientist-gen4dp|\n|teamsize|p1|6\n|teamsize|p2|6\n|gen|9\n|tier|[Gen 9] Ubers\n|rule|Sleep Clause Mod: Limit one foe put to sleep\n|rule|Species Clause: Limit one of each Pok\u00e9mon\n|rule|OHKO Clause: OHKO moves are banned\n|rule|Evasion Items Clause: Evasion items are banned\n|rule|Evasion Moves Clause: Evasion moves are banned\n|rule|Endless Battle Clause: Forcing endless battles is banned\n|rule|HP Percentage Mod: HP is shown in percentages\n|clearpoke\n|poke|p1|Palafin, F|\n|poke|p1|Pelipper, M|\n|poke|p1|Palkia-Origin|\n|poke|p1|Basculegion-F, F|\n|poke|p1|Dialga|\n|poke|p1|Scizor, F|\n|poke|p2|Magearna|\n|poke|p2|Ursaluna, M|\n|poke|p2|Dialga|\n|poke|p2|Hoopa-Unbound|\n|poke|p2|Cinderace, F|\n|poke|p2|Arceus-Poison|\n|teampreview\n|c|\u2606Kinesquared|yo\n|c|\u2606Kinesquared|gl\n|\n|t:|1697922912\n|start\n|switch|p1a: Pelipper|Pelipper, M|100\/100\n|switch|p2a: Magearna|Magearna|100\/100\n|-weather|RainDance|[from] ability: Drizzle|[of] p1a: Pelipper\n|turn|1\n|\n|t:|1697922946\n|switch|p1a: Dialga|Dialga|100\/100\n|-ability|p1a: Dialga|Pressure\n|move|p2a: Magearna|Trick Room|p2a: Magearna\n|-fieldstart|move: Trick Room|[of] p2a: Magearna\n|\n|-weather|RainDance|[upkeep]\n|upkeep\n|turn|2\n|\n|t:|1697922962\n|move|p2a: Magearna|Volt Switch|p1a: Dialga\n|-resisted|p1a: Dialga\n|-damage|p1a: Dialga|92\/100\n|\n|t:|1697922965\n|switch|p2a: Hoopa|Hoopa-Unbound|100\/100|[from] Volt Switch\n|move|p1a: Dialga|Thunder Wave|p2a: Hoopa\n|-status|p2a: Hoopa|par\n|\n|-weather|RainDance|[upkeep]\n|-heal|p1a: Dialga|98\/100|[from] item: Leftovers\n|upkeep\n|turn|3\n|\n|t:|1697922992\n|switch|p1a: Palkia|Palkia-Origin|100\/100\n|-ability|p1a: Palkia|Pressure\n|cant|p2a: Hoopa|par\n|\n|-weather|RainDance|[upkeep]\n|upkeep\n|turn|4\n|\n|t:|1697923031\n|move|p2a: Hoopa|Gunk Shot|p1a: Palkia\n|-damage|p1a: Palkia|41\/100\n|move|p1a: Palkia|Hydro Pump|p2a: Hoopa\n|-damage|p2a: Hoopa|47\/100 par\n|\n|-weather|RainDance|[upkeep]\n|upkeep\n|turn|5\n|\n|t:|1697923052\n|switch|p1a: Scizor|Scizor, F|100\/100\n|move|p2a: Hoopa|Knock Off|p1a: Scizor\n|-damage|p1a: Scizor|39\/100\n|-enditem|p1a: Scizor|Leftovers|[from] move: Knock Off|[of] p2a: Hoopa\n|\n|-weather|RainDance|[upkeep]\n|-fieldend|move: Trick Room\n|upkeep\n|turn|6\n|\n|t:|1697923070\n|switch|p2a: Dialga|Dialga|100\/100\n|-ability|p2a: Dialga|Pressure\n|move|p1a: Scizor|U-turn|p2a: Dialga\n|-resisted|p2a: Dialga\n|-damage|p2a: Dialga|86\/100\n|\n|t:|1697923081\n|switch|p1a: Palafin|Palafin, F|100\/100|[from] U-turn\n|\n|-weather|RainDance|[upkeep]\n|upkeep\n|turn|7\n|\n|t:|1697923093\n|move|p1a: Palafin|Flip Turn|p2a: Dialga\n|-resisted|p2a: Dialga\n|-damage|p2a: Dialga|69\/100\n|\n|t:|1697923103\n|detailschange|p1a: Palafin|Palafin-Hero, F\n|switch|p1a: Dialga|Dialga|98\/100|[from] Flip Turn\n|-ability|p1a: Dialga|Pressure\n|move|p2a: Dialga|Trick Room|p2a: Dialga\n|-fieldstart|move: Trick Room|[of] p2a: Dialga\n|\n|-weather|RainDance|[upkeep]\n|-heal|p1a: Dialga|100\/100|[from] item: Leftovers\n|upkeep\n|turn|8\n|\n|t:|1697923114\n|move|p2a: Dialga|Draco Meteor|p1a: Dialga\n|-damage|p1a: Dialga|11\/100\n|-unboost|p2a: Dialga|spa|2\n|-damage|p2a: Dialga|59\/100|[from] item: Life Orb\n|move|p1a: Dialga|Earth Power|p2a: Dialga\n|-supereffective|p2a: Dialga\n|-damage|p2a: Dialga|0 fnt\n|faint|p2a: Dialga\n|\n|-weather|none\n|-heal|p1a: Dialga|17\/100|[from] item: Leftovers\n|upkeep\n|\n|t:|1697923124\n|switch|p2a: Ursaluna|Ursaluna, M|100\/100\n|turn|9\n|\n|t:|1697923140\n|move|p2a: Ursaluna|Crunch|p1a: Dialga\n|-damage|p1a: Dialga|0 fnt\n|faint|p1a: Dialga\n|\n|-status|p2a: Ursaluna|brn|[from] item: Flame Orb\n|upkeep\n|\n|t:|1697923148\n|switch|p1a: Pelipper|Pelipper, M|100\/100\n|-weather|RainDance|[from] ability: Drizzle|[of] p1a: Pelipper\n|turn|10\n|\n|t:|1697923175\n|switch|p1a: Palkia|Palkia-Origin|41\/100\n|-ability|p1a: Palkia|Pressure\n|move|p2a: Ursaluna|Facade|p1a: Palkia\n|-damage|p1a: Palkia|0 fnt\n|faint|p1a: Palkia\n|\n|-weather|RainDance|[upkeep]\n|-damage|p2a: Ursaluna|94\/100 brn|[from] brn\n|upkeep\n|\n|t:|1697923185\n|switch|p1a: Scizor|Scizor, F|39\/100\n|turn|11\n|\n|t:|1697923193\n|move|p1a: Scizor|Bullet Punch|p2a: Ursaluna\n|-damage|p2a: Ursaluna|69\/100 brn\n|move|p2a: Ursaluna|Headlong Rush|p1a: Scizor\n|-damage|p1a: Scizor|0 fnt\n|-unboost|p2a: Ursaluna|def|1\n|-unboost|p2a: Ursaluna|spd|1\n|faint|p1a: Scizor\n|\n|-weather|RainDance|[upkeep]\n|-damage|p2a: Ursaluna|63\/100 brn|[from] brn\n|-fieldend|move: Trick Room\n|upkeep\n|\n|t:|1697923206\n|switch|p1a: Palafin|Palafin-Hero, F|100\/100\n|-activate|p1a: Palafin|ability: Zero to Hero\n|turn|12\n|\n|t:|1697923216\n|switch|p2a: Hoopa|Hoopa-Unbound|47\/100 par\n|-terastallize|p1a: Palafin|Water\n|move|p1a: Palafin|Wave Crash|p2a: Hoopa\n|-damage|p2a: Hoopa|0 fnt\n|faint|p2a: Hoopa\n|-damage|p1a: Palafin|87\/100|[from] Recoil\n|\n|-weather|RainDance|[upkeep]\n|upkeep\n|\n|t:|1697923225\n|switch|p2a: Arceus|Arceus-Poison|100\/100\n|turn|13\n|\n|t:|1697923228\n|-terastallize|p2a: Arceus|Water\n|move|p2a: Arceus|Thunderbolt|p1a: Palafin\n|-supereffective|p1a: Palafin\n|-damage|p1a: Palafin|37\/100\n|move|p1a: Palafin|Wave Crash|p2a: Arceus\n|-resisted|p2a: Arceus\n|-damage|p2a: Arceus|30\/100\n|-damage|p1a: Palafin|7\/100|[from] Recoil\n|\n|-weather|RainDance|[upkeep]\n|upkeep\n|turn|14\n|\n|t:|1697923240\n|move|p2a: Arceus|Thunderbolt|p1a: Palafin\n|-supereffective|p1a: Palafin\n|-crit|p1a: Palafin\n|-damage|p1a: Palafin|0 fnt\n|faint|p1a: Palafin\n|\n|-weather|RainDance|[upkeep]\n|upkeep\n|\n|t:|1697923243\n|switch|p1a: Basculegion|Basculegion-F, F|100\/100\n|turn|15\n|\n|t:|1697923254\n|move|p1a: Basculegion|Wave Crash|p2a: Arceus\n|-resisted|p2a: Arceus\n|-damage|p2a: Arceus|0 fnt\n|faint|p2a: Arceus\n|-damage|p1a: Basculegion|89\/100|[from] Recoil\n|\n|-weather|RainDance|[upkeep]\n|upkeep\n|\n|t:|1697923262\n|switch|p2a: Cinderace|Cinderace, F|100\/100\n|turn|16\n|\n|t:|1697923265\n|move|p2a: Cinderace|Sucker Punch|p1a: Basculegion\n|-start|p2a: Cinderace|typechange|Dark|[from] ability: Libero\n|-supereffective|p1a: Basculegion\n|-damage|p1a: Basculegion|7\/100\n|move|p1a: Basculegion|Wave Crash|p2a: Cinderace\n|-damage|p2a: Cinderace|0 fnt\n|faint|p2a: Cinderace\n|-damage|p1a: Basculegion|0 fnt|[from] Recoil\n|faint|p1a: Basculegion\n|\n|-weather|RainDance|[upkeep]\n|upkeep\n|\n|t:|1697923275\n|switch|p2a: Magearna|Magearna|100\/100\n|switch|p1a: Pelipper|Pelipper, M|100\/100\n|turn|17\n|c|\u2606sword over shield|gg i missplayed the endgame\n|\n|t:|1697923302\n|move|p1a: Pelipper|Hurricane|p2a: Magearna\n|-resisted|p2a: Magearna\n|-damage|p2a: Magearna|89\/100\n|move|p2a: Magearna|Fleur Cannon|p1a: Pelipper\n|-damage|p1a: Pelipper|15\/100\n|-unboost|p2a: Magearna|spa|2\n|\n|-weather|none\n|-heal|p2a: Magearna|95\/100|[from] item: Leftovers\n|upkeep\n|turn|18\n|c|\u2606Kinesquared|ye it's all good\n|c|\u2606Kinesquared|ggs\n|\n|t:|1697923312\n|move|p1a: Pelipper|Hurricane|p2a: Magearna\n|-resisted|p2a: Magearna\n|-damage|p2a: Magearna|84\/100\n|-start|p2a: Magearna|confusion\n|-activate|p2a: Magearna|confusion\n|move|p2a: Magearna|Volt Switch|p1a: Pelipper\n|-supereffective|p1a: Pelipper\n|-damage|p1a: Pelipper|0 fnt\n|faint|p1a: Pelipper\n|\n|win|Kinesquared\n|c|\u2606Kinesquared|nice team tho\n","uploadtime":1697923326,"views":18,"p1id":"swordovershield","p2id":"kinesquared","formatid":"gen9ubers","rating":0,"private":0,"password":""}