{"id":"gen9ubers-1990102539","p1":"Jordevio","p2":"charmanderto","format":"[Gen 9] Ubers","log":"|j|\u2606Jordevio\n|j|\u2606charmanderto\n|t:|1699924786\n|gametype|singles\n|player|p1|Jordevio|gladion|1000\n|player|p2|charmanderto|266|1042\n|teamsize|p1|6\n|teamsize|p2|6\n|gen|9\n|tier|[Gen 9] Ubers\n|rated|\n|rule|Sleep Clause Mod: Limit one foe put to sleep\n|rule|Species Clause: Limit one of each Pok\u00e9mon\n|rule|OHKO Clause: OHKO moves are banned\n|rule|Evasion Items Clause: Evasion items are banned\n|rule|Evasion Moves Clause: Evasion moves are banned\n|rule|Endless Battle Clause: Forcing endless battles is banned\n|rule|HP Percentage Mod: HP is shown in percentages\n|clearpoke\n|poke|p1|Dialga-Origin|\n|poke|p1|Palkia-Origin|\n|poke|p1|Giratina-Origin|\n|poke|p1|Arceus|\n|poke|p1|Groudon|\n|poke|p1|Eternatus|\n|poke|p2|Blissey, F|\n|poke|p2|Ogerpon-Cornerstone, F|\n|poke|p2|Giratina-Origin|\n|poke|p2|Rayquaza|\n|poke|p2|Groudon|\n|poke|p2|Kyogre|\n|teampreview\n|\n|t:|1699924802\n|start\n|switch|p1a: Eternatus|Eternatus|100\/100\n|switch|p2a: Kyogre|Kyogre, shiny|100\/100\n|-ability|p1a: Eternatus|Pressure\n|-weather|RainDance|[from] ability: Drizzle|[of] p2a: Kyogre\n|turn|1\n|\n|t:|1699924810\n|move|p1a: Eternatus|Toxic|p2a: Kyogre\n|-status|p2a: Kyogre|tox\n|move|p2a: Kyogre|Blizzard|p1a: Eternatus\n|-supereffective|p1a: Eternatus\n|-damage|p1a: Eternatus|43\/100\n|\n|-weather|RainDance|[upkeep]\n|-damage|p2a: Kyogre|94\/100 tox|[from] psn\n|upkeep\n|turn|2\n|\n|t:|1699924840\n|switch|p1a: Arceus|Arceus, shiny|100\/100\n|move|p2a: Kyogre|Blizzard|p1a: Arceus|[miss]\n|-miss|p2a: Kyogre|p1a: Arceus\n|\n|-weather|RainDance|[upkeep]\n|-damage|p2a: Kyogre|82\/100 tox|[from] psn\n|upkeep\n|turn|3\n|\n|t:|1699924857\n|move|p1a: Arceus|Swords Dance|p1a: Arceus\n|-boost|p1a: Arceus|atk|2\n|move|p2a: Kyogre|Origin Pulse|p1a: Arceus\n|-damage|p1a: Arceus|45\/100\n|\n|-weather|RainDance|[upkeep]\n|-damage|p2a: Kyogre|63\/100 tox|[from] psn\n|upkeep\n|turn|4\n|\n|t:|1699924869\n|-terastallize|p1a: Arceus|Normal\n|move|p1a: Arceus|Extreme Speed|p2a: Kyogre\n|-damage|p2a: Kyogre|0 fnt\n|faint|p2a: Kyogre\n|\n|-weather|RainDance|[upkeep]\n|upkeep\n|\n|t:|1699924876\n|switch|p2a: Groudon|Groudon, shiny|100\/100\n|-weather|SunnyDay|[from] ability: Drought|[of] p2a: Groudon\n|turn|5\n|\n|t:|1699924884\n|move|p1a: Arceus|Extreme Speed|p2a: Groudon\n|-damage|p2a: Groudon|15\/100\n|move|p2a: Groudon|Body Press|p1a: Arceus\n|-supereffective|p1a: Arceus\n|-damage|p1a: Arceus|0 fnt\n|faint|p1a: Arceus\n|-damage|p2a: Groudon|5\/100|[from] item: Life Orb\n|\n|-weather|SunnyDay|[upkeep]\n|upkeep\n|\n|t:|1699924899\n|switch|p1a: Giratina|Giratina-Origin, shiny|100\/100\n|turn|6\n|\n|t:|1699924907\n|move|p1a: Giratina|Shadow Sneak|p2a: Groudon\n|-crit|p2a: Groudon\n|-damage|p2a: Groudon|0 fnt\n|faint|p2a: Groudon\n|\n|-weather|SunnyDay|[upkeep]\n|upkeep\n|\n|t:|1699924914\n|switch|p2a: Ogerpon|Ogerpon-Cornerstone, F|100\/100\n|turn|7\n|\n|t:|1699924926\n|move|p1a: Giratina|Draco Meteor|p2a: Ogerpon\n|-damage|p2a: Ogerpon|31\/100\n|-unboost|p1a: Giratina|spa|2\n|move|p2a: Ogerpon|Lash Out|p1a: Giratina\n|-supereffective|p1a: Giratina\n|-damage|p1a: Giratina|58\/100\n|\n|-weather|SunnyDay|[upkeep]\n|upkeep\n|turn|8\n|\n|t:|1699924935\n|move|p1a: Giratina|Draco Meteor|p2a: Ogerpon\n|-damage|p2a: Ogerpon|0 fnt\n|-unboost|p1a: Giratina|spa|2\n|faint|p2a: Ogerpon\n|\n|-weather|SunnyDay|[upkeep]\n|upkeep\n|\n|t:|1699924945\n|switch|p2a: Rayquaza|Rayquaza, shiny|100\/100\n|-ability|p2a: Rayquaza|Air Lock\n|turn|9\n|\n|t:|1699924961\n|move|p1a: Giratina|Shadow Sneak|p2a: Rayquaza\n|-damage|p2a: Rayquaza|82\/100\n|move|p2a: Rayquaza|Dragon Dance|p2a: Rayquaza\n|-boost|p2a: Rayquaza|atk|1\n|-boost|p2a: Rayquaza|spe|1\n|\n|-weather|none\n|upkeep\n|turn|10\n|\n|t:|1699924973\n|switch|p1a: Groudon|Groudon|100\/100\n|-weather|SunnyDay|[from] ability: Drought|[of] p1a: Groudon\n|move|p2a: Rayquaza|Dragon Dance|p2a: Rayquaza\n|-boost|p2a: Rayquaza|atk|1\n|-boost|p2a: Rayquaza|spe|1\n|\n|-weather|SunnyDay|[upkeep]\n|upkeep\n|turn|11\n|\n|t:|1699924980\n|move|p2a: Rayquaza|Blizzard|p1a: Groudon\n|-supereffective|p1a: Groudon\n|-damage|p1a: Groudon|52\/100\n|move|p1a: Groudon|Will-O-Wisp|p2a: Rayquaza\n|-status|p2a: Rayquaza|brn\n|\n|-weather|SunnyDay|[upkeep]\n|-heal|p1a: Groudon|58\/100|[from] item: Leftovers\n|-damage|p2a: Rayquaza|76\/100 brn|[from] brn\n|upkeep\n|turn|12\n|\n|t:|1699924987\n|move|p1a: Groudon|Protect|p1a: Groudon\n|-singleturn|p1a: Groudon|Protect\n|move|p2a: Rayquaza|Dragon Dance|p2a: Rayquaza\n|-boost|p2a: Rayquaza|atk|1\n|-boost|p2a: Rayquaza|spe|1\n|\n|-weather|SunnyDay|[upkeep]\n|-heal|p1a: Groudon|65\/100|[from] item: Leftovers\n|-damage|p2a: Rayquaza|70\/100 brn|[from] brn\n|upkeep\n|turn|13\n|\n|t:|1699924993\n|switch|p1a: Dialga|Dialga-Origin|100\/100\n|-ability|p1a: Dialga|Pressure\n|move|p2a: Rayquaza|Blizzard|p1a: Dialga\n|-damage|p1a: Dialga|68\/100\n|\n|-weather|SunnyDay|[upkeep]\n|-damage|p2a: Rayquaza|64\/100 brn|[from] brn\n|upkeep\n|turn|14\n|\n|t:|1699925002\n|move|p2a: Rayquaza|Blizzard|p1a: Dialga\n|-damage|p1a: Dialga|39\/100\n|-status|p1a: Dialga|frz\n|-curestatus|p1a: Dialga|frz|[msg]\n|move|p1a: Dialga|Draco Meteor|p2a: Rayquaza\n|-supereffective|p2a: Rayquaza\n|-damage|p2a: Rayquaza|0 fnt\n|-unboost|p1a: Dialga|spa|2\n|faint|p2a: Rayquaza\n|\n|-weather|none\n|upkeep\n|\n|t:|1699925016\n|switch|p2a: Blissey|Blissey, F, shiny|100\/100\n|turn|15\n|\n|t:|1699925023\n|move|p1a: Dialga|Thunder Wave|p2a: Blissey\n|-status|p2a: Blissey|par\n|move|p2a: Blissey|Earthquake|p1a: Dialga\n|-supereffective|p1a: Dialga\n|-crit|p1a: Dialga\n|-damage|p1a: Dialga|23\/100\n|\n|upkeep\n|turn|16\n|\n|t:|1699925034\n|switch|p1a: Groudon|Groudon|65\/100\n|-weather|SunnyDay|[from] ability: Drought|[of] p1a: Groudon\n|cant|p2a: Blissey|par\n|\n|-weather|SunnyDay|[upkeep]\n|-heal|p1a: Groudon|71\/100|[from] item: Leftovers\n|upkeep\n|turn|17\n|\n|t:|1699925043\n|move|p1a: Groudon|Precipice Blades|p2a: Blissey\n|-damage|p2a: Blissey|46\/100 par\n|move|p2a: Blissey|Blizzard|p1a: Groudon|[miss]\n|-miss|p2a: Blissey|p1a: Groudon\n|\n|-weather|SunnyDay|[upkeep]\n|-heal|p1a: Groudon|77\/100|[from] item: Leftovers\n|upkeep\n|turn|18\n|\n|t:|1699925051\n|move|p1a: Groudon|Precipice Blades|p2a: Blissey\n|-damage|p2a: Blissey|0 fnt\n|faint|p2a: Blissey\n|\n|-weather|SunnyDay|[upkeep]\n|-heal|p1a: Groudon|83\/100|[from] item: Leftovers\n|upkeep\n|\n|t:|1699925053\n|switch|p2a: Giratina|Giratina-Origin, shiny|100\/100\n|turn|19\n|\n|t:|1699925069\n|switch|p1a: Dialga|Dialga-Origin|23\/100\n|-ability|p1a: Dialga|Pressure\n|-terastallize|p2a: Giratina|Ghost\n|move|p2a: Giratina|Draco Meteor|p1a: Dialga\n|-damage|p1a: Dialga|0 fnt\n|-unboost|p2a: Giratina|spa|2\n|faint|p1a: Dialga\n|\n|-weather|SunnyDay|[upkeep]\n|upkeep\n|\n|t:|1699925080\n|switch|p1a: Eternatus|Eternatus|43\/100\n|-ability|p1a: Eternatus|Pressure\n|turn|20\n|\n|t:|1699925084\n|move|p1a: Eternatus|Toxic|p2a: Giratina\n|-status|p2a: Giratina|tox\n|move|p2a: Giratina|Draco Meteor|p1a: Eternatus\n|-supereffective|p1a: Eternatus\n|-damage|p1a: Eternatus|0 fnt\n|-unboost|p2a: Giratina|spa|2\n|faint|p1a: Eternatus\n|\n|-weather|none\n|-damage|p2a: Giratina|94\/100 tox|[from] psn\n|upkeep\n|\n|t:|1699925090\n|switch|p1a: Palkia|Palkia-Origin|100\/100\n|-ability|p1a: Palkia|Pressure\n|turn|21\n|\n|t:|1699925095\n|move|p1a: Palkia|Spacial Rend|p2a: Giratina|[miss]\n|-miss|p1a: Palkia|p2a: Giratina\n|move|p2a: Giratina|Draco Meteor|p1a: Palkia\n|-supereffective|p1a: Palkia\n|-damage|p1a: Palkia|62\/100\n|-unboost|p2a: Giratina|spa|2\n|\n|-damage|p2a: Giratina|82\/100 tox|[from] psn\n|upkeep\n|turn|22\n|\n|t:|1699925099\n|move|p1a: Palkia|Spacial Rend|p2a: Giratina\n|-damage|p2a: Giratina|37\/100 tox\n|move|p2a: Giratina|Draco Meteor|p1a: Palkia\n|-supereffective|p1a: Palkia\n|-damage|p1a: Palkia|34\/100\n|\n|-damage|p2a: Giratina|19\/100 tox|[from] psn\n|upkeep\n|turn|23\n|-message|charmanderto forfeited.\n|\n|win|Jordevio\n|raw|Jordevio's rating: 1000 &rarr; <strong>1045<\/strong><br \/>(+45 for winning)\n|raw|charmanderto's rating: 1042 &rarr; <strong>1024<\/strong><br \/>(-18 for losing)\n|l|\u2606charmanderto\n","uploadtime":1699925113,"views":18,"p1id":"jordevio","p2id":"charmanderto","formatid":"gen9ubers","rating":1024,"private":0,"password":""}