{"id":"gen9ubers-1976955129","p1":"PokePrimer","p2":"NK Spar Kings","format":"[Gen 9] Ubers","log":"|j|\u2606PokePrimer\n|j|\u2606NK Spar Kings\n|t:|1698355805\n|gametype|singles\n|player|p1|PokePrimer|brawly|\n|player|p2|NK Spar Kings|hilbert|\n|teamsize|p1|6\n|teamsize|p2|6\n|gen|9\n|tier|[Gen 9] Ubers\n|rule|Sleep Clause Mod: Limit one foe put to sleep\n|rule|Species Clause: Limit one of each Pok\u00e9mon\n|rule|OHKO Clause: OHKO moves are banned\n|rule|Evasion Items Clause: Evasion items are banned\n|rule|Evasion Moves Clause: Evasion moves are banned\n|rule|Endless Battle Clause: Forcing endless battles is banned\n|rule|HP Percentage Mod: HP is shown in percentages\n|clearpoke\n|poke|p1|Chi-Yu|\n|poke|p1|Weezing, M|\n|poke|p1|Zapdos|\n|poke|p1|Ninetales-Alola, M|\n|poke|p1|Revavroom, F|\n|poke|p1|Phione|\n|poke|p2|Pawmot, M|\n|poke|p2|Grafaiai, M|\n|poke|p2|Ceruledge, F|\n|poke|p2|Overqwil, M|\n|poke|p2|Noivern, M|\n|poke|p2|Thundurus-Therian, M|\n|teampreview\n|c|\u2606PokePrimer|Gl hf\n|\n|t:|1698355904\n|start\n|switch|p1a: Cloudian|Weezing, M|100\/100\n|switch|p2a: Pike Tyson|Overqwil, M, shiny|100\/100\n|-ability|p1a: Cloudian|Neutralizing Gas\n|turn|1\n|\n|t:|1698355911\n|move|p2a: Pike Tyson|Spikes|p1a: Cloudian\n|-sidestart|p1: PokePrimer|Spikes\n|move|p1a: Cloudian|Will-O-Wisp|p2a: Pike Tyson\n|-status|p2a: Pike Tyson|brn\n|\n|-damage|p2a: Pike Tyson|94\/100 brn|[from] brn\n|upkeep\n|turn|2\n|\n|t:|1698355936\n|-end|p1a: Cloudian|ability: Neutralizing Gas\n|-ability|p2a: Pike Tyson|Intimidate|boost\n|-unboost|p1a: Cloudian|atk|1\n|switch|p1a: Laval|Chi-Yu|100\/100\n|-ability|p1a: Laval|Beads of Ruin\n|move|p2a: Pike Tyson|Spikes|p1a: Laval\n|-sidestart|p1: PokePrimer|Spikes\n|\n|-heal|p2a: Pike Tyson|100\/100 brn|[from] item: Black Sludge\n|-damage|p2a: Pike Tyson|94\/100 brn|[from] brn\n|upkeep\n|turn|3\n|\n|t:|1698355954\n|-terastallize|p2a: Pike Tyson|Water\n|move|p2a: Pike Tyson|Aqua Jet|p1a: Laval\n|-supereffective|p1a: Laval\n|-damage|p1a: Laval|71\/100\n|move|p1a: Laval|Dark Pulse|p2a: Pike Tyson\n|-damage|p2a: Pike Tyson|36\/100 brn\n|\n|-damage|p2a: Pike Tyson|23\/100 brn|[from] item: Black Sludge\n|-damage|p2a: Pike Tyson|17\/100 brn|[from] brn\n|upkeep\n|turn|4\n|\n|t:|1698355976\n|switch|p1a: Cloudian|Weezing, M|100\/100\n|-ability|p1a: Cloudian|Neutralizing Gas\n|-damage|p1a: Cloudian|84\/100|[from] Spikes\n|move|p2a: Pike Tyson|Aqua Jet|p1a: Cloudian\n|-damage|p1a: Cloudian|78\/100\n|\n|-damage|p2a: Pike Tyson|5\/100 brn|[from] item: Black Sludge\n|-heal|p1a: Cloudian|84\/100|[from] item: Black Sludge\n|-damage|p2a: Pike Tyson|0 fnt|[from] brn\n|faint|p2a: Pike Tyson\n|upkeep\n|\n|t:|1698355996\n|switch|p2a: Azura|Ceruledge, F, shiny|100\/100\n|turn|5\n|\n|t:|1698356022\n|-end|p1a: Cloudian|ability: Neutralizing Gas\n|switch|p1a: Hunder Bird|Zapdos|100\/100\n|move|p2a: Azura|Swords Dance|p2a: Azura\n|-boost|p2a: Azura|atk|2\n|\n|upkeep\n|turn|6\n|\n|t:|1698356032\n|move|p1a: Hunder Bird|Discharge|p2a: Azura\n|-damage|p2a: Azura|64\/100\n|-status|p2a: Azura|par\n|cant|p2a: Azura|par\n|\n|upkeep\n|turn|7\n|\n|t:|1698356055\n|move|p1a: Hunder Bird|Discharge|p2a: Azura\n|-damage|p2a: Azura|27\/100 par\n|move|p2a: Azura|Bitter Blade|p1a: Hunder Bird\n|-damage|p1a: Hunder Bird|9\/100\n|-heal|p2a: Azura|82\/100 par|[from] drain|[of] p1a: Hunder Bird\n|\n|upkeep\n|turn|8\n|\n|t:|1698356070\n|move|p1a: Hunder Bird|Hurricane|p2a: Azura\n|-damage|p2a: Azura|32\/100 par\n|cant|p2a: Azura|par\n|\n|upkeep\n|turn|9\n|\n|t:|1698356085\n|move|p1a: Hunder Bird|Discharge|p2a: Azura\n|-damage|p2a: Azura|0 fnt\n|faint|p2a: Azura\n|\n|upkeep\n|\n|t:|1698356107\n|switch|p2a: Echo|Noivern, M|100\/100\n|turn|10\n|\n|t:|1698356113\n|move|p2a: Echo|Flamethrower|p1a: Hunder Bird\n|-damage|p1a: Hunder Bird|0 fnt\n|faint|p1a: Hunder Bird\n|\n|upkeep\n|\n|t:|1698356151\n|switch|p1a: Aquaactress|Phione|100\/100\n|-damage|p1a: Aquaactress|84\/100|[from] Spikes\n|turn|11\n|\n|t:|1698356163\n|move|p2a: Echo|U-turn|p1a: Aquaactress\n|-damage|p1a: Aquaactress|72\/100\n|\n|t:|1698356166\n|switch|p2a: Azulongmon|Thundurus-Therian, M|100\/100|[from] U-turn\n|move|p1a: Aquaactress|Take Heart|p1a: Aquaactress\n|-boost|p1a: Aquaactress|spa|1\n|-boost|p1a: Aquaactress|spd|1\n|\n|upkeep\n|turn|12\n|\n|t:|1698356233\n|move|p2a: Azulongmon|Thunderbolt|p1a: Aquaactress\n|-supereffective|p1a: Aquaactress\n|-damage|p1a: Aquaactress|18\/100\n|-status|p1a: Aquaactress|par\n|move|p1a: Aquaactress|Surf|p2a: Azulongmon\n|-damage|p2a: Azulongmon|67\/100\n|\n|upkeep\n|turn|13\n|\n|t:|1698356244\n|move|p2a: Azulongmon|Thunderbolt|p1a: Aquaactress\n|-supereffective|p1a: Aquaactress\n|-damage|p1a: Aquaactress|0 fnt\n|faint|p1a: Aquaactress\n|\n|upkeep\n|\n|t:|1698356249\n|switch|p1a: Ice Barrier|Ninetales-Alola, M|100\/100\n|-damage|p1a: Ice Barrier|84\/100|[from] Spikes\n|-weather|Snow|[from] ability: Snow Warning|[of] p1a: Ice Barrier\n|turn|14\n|\n|t:|1698356257\n|move|p1a: Ice Barrier|Aurora Veil|p1a: Ice Barrier\n|-sidestart|p1: PokePrimer|move: Aurora Veil\n|move|p2a: Azulongmon|Brick Break|p1a: Ice Barrier\n|-sideend|p1: PokePrimer|move: Aurora Veil\n|-damage|p1a: Ice Barrier|66\/100\n|\n|-weather|Snow|[upkeep]\n|upkeep\n|turn|15\n|\n|t:|1698356262\n|move|p1a: Ice Barrier|Blizzard|p2a: Azulongmon\n|-supereffective|p2a: Azulongmon\n|-damage|p2a: Azulongmon|0 fnt\n|faint|p2a: Azulongmon\n|\n|-weather|Snow|[upkeep]\n|upkeep\n|\n|t:|1698356277\n|switch|p2a: Echo|Noivern, M|100\/100\n|turn|16\n|\n|t:|1698356305\n|move|p2a: Echo|Flamethrower|p1a: Ice Barrier\n|-supereffective|p1a: Ice Barrier\n|-damage|p1a: Ice Barrier|2\/100\n|move|p1a: Ice Barrier|Aurora Veil|p1a: Ice Barrier\n|-sidestart|p1: PokePrimer|move: Aurora Veil\n|\n|-weather|Snow|[upkeep]\n|upkeep\n|turn|17\n|\n|t:|1698356316\n|move|p2a: Echo|Flamethrower|p1a: Ice Barrier\n|-supereffective|p1a: Ice Barrier\n|-damage|p1a: Ice Barrier|0 fnt\n|faint|p1a: Ice Barrier\n|\n|-weather|Snow|[upkeep]\n|upkeep\n|\n|t:|1698356361\n|switch|p1a: F.A.|Revavroom, F|100\/100\n|-damage|p1a: F.A.|84\/100|[from] Spikes\n|turn|18\n|\n|t:|1698356367\n|-terastallize|p1a: F.A.|Poison\n|move|p2a: Echo|U-turn|p1a: F.A.\n|-resisted|p1a: F.A.\n|-damage|p1a: F.A.|77\/100\n|\n|t:|1698356380\n|switch|p2a: Stripes|Grafaiai, M|100\/100|[from] U-turn\n|move|p1a: F.A.|Shift Gear|p1a: F.A.\n|-boost|p1a: F.A.|spe|2\n|-boost|p1a: F.A.|atk|1\n|\n|-weather|none\n|upkeep\n|turn|19\n|\n|t:|1698356390\n|move|p2a: Stripes|Parting Shot|p1a: F.A.\n|-fail|p1a: F.A.|unboost|[from] item: Clear Amulet|[of] p1a: F.A.\n|move|p1a: F.A.|High Horsepower|p2a: Stripes\n|-supereffective|p2a: Stripes\n|-damage|p2a: Stripes|0 fnt\n|faint|p2a: Stripes\n|\n|upkeep\n|\n|t:|1698356397\n|switch|p2a: Echo|Noivern, M|100\/100\n|turn|20\n|\n|t:|1698356402\n|move|p1a: F.A.|Poison Jab|p2a: Echo\n|-damage|p2a: Echo|5\/100\n|move|p2a: Echo|Draco Meteor|p1a: F.A.\n|-damage|p1a: F.A.|0 fnt\n|-unboost|p2a: Echo|spa|2\n|faint|p1a: F.A.\n|\n|upkeep\n|\n|t:|1698356412\n|switch|p1a: Laval|Chi-Yu|71\/100\n|-ability|p1a: Laval|Beads of Ruin\n|turn|21\n|\n|t:|1698356417\n|move|p2a: Echo|U-turn|p1a: Laval\n|-damage|p1a: Laval|54\/100\n|\n|t:|1698356420\n|switch|p2a: Sparking|Pawmot, M|100\/100|[from] U-turn\n|move|p1a: Laval|Flame Charge|p2a: Sparking\n|-damage|p2a: Sparking|79\/100\n|-boost|p1a: Laval|spe|1\n|\n|upkeep\n|turn|22\n|\n|t:|1698356428\n|move|p2a: Sparking|Mach Punch|p1a: Laval\n|-supereffective|p1a: Laval\n|-damage|p1a: Laval|18\/100\n|move|p1a: Laval|Flamethrower|p2a: Sparking\n|-damage|p2a: Sparking|0 fnt\n|faint|p2a: Sparking\n|\n|upkeep\n|\n|t:|1698356434\n|switch|p2a: Echo|Noivern, M|5\/100\n|turn|23\n|\n|t:|1698356438\n|move|p1a: Laval|Dark Pulse|p2a: Echo\n|-damage|p2a: Echo|0 fnt\n|faint|p2a: Echo\n|\n|win|PokePrimer\n","uploadtime":1698356446,"views":31,"p1id":"pokeprimer","p2id":"nksparkings","formatid":"gen9ubers","rating":0,"private":0,"password":""}