{"id":"gen9ubers-1973767612","p1":"uubers account","p2":"jordblast","format":"[Gen 9] Ubers","log":"|j|\u2606uubers account\n|j|\u2606jordblast\n|t:|1698011379\n|gametype|singles\n|player|p1|uubers account|2|\n|player|p2|jordblast|clown|\n|teamsize|p1|6\n|teamsize|p2|6\n|gen|9\n|tier|[Gen 9] Ubers\n|rule|Sleep Clause Mod: Limit one foe put to sleep\n|rule|Species Clause: Limit one of each Pok\u00e9mon\n|rule|OHKO Clause: OHKO moves are banned\n|rule|Evasion Items Clause: Evasion items are banned\n|rule|Evasion Moves Clause: Evasion moves are banned\n|rule|Endless Battle Clause: Forcing endless battles is banned\n|rule|HP Percentage Mod: HP is shown in percentages\n|clearpoke\n|poke|p1|Kommo-o, F|\n|poke|p1|Cyclizar, M|\n|poke|p1|Ogerpon-Wellspring, F|\n|poke|p1|Arceus-Dark|\n|poke|p1|Gliscor, F|\n|poke|p1|Volcarona, M|\n|poke|p2|Enamorus-Therian, F|\n|poke|p2|Dondozo, M|\n|poke|p2|Roaring Moon|\n|poke|p2|Cinderace, M|\n|poke|p2|Zacian-*|\n|poke|p2|Spectrier|\n|teampreview\n|c|\u2606uubers account|glhf\n|c|\u2606jordblast|glhf\n|\n|t:|1698011413\n|start\n|switch|p1a: Gliscor|Gliscor, F|100\/100\n|switch|p2a: Spectrier|Spectrier|100\/100\n|turn|1\n|\n|t:|1698011421\n|move|p2a: Spectrier|Substitute|p2a: Spectrier\n|-start|p2a: Spectrier|Substitute\n|-damage|p2a: Spectrier|76\/100\n|move|p1a: Gliscor|Earthquake|p2a: Spectrier\n|-end|p2a: Spectrier|Substitute\n|\n|-heal|p2a: Spectrier|82\/100|[from] item: Leftovers\n|-status|p1a: Gliscor|tox|[from] item: Toxic Orb\n|upkeep\n|turn|2\n|\n|t:|1698011431\n|move|p2a: Spectrier|Shadow Ball|p1a: Gliscor\n|-damage|p1a: Gliscor|62\/100 tox\n|move|p1a: Gliscor|Stealth Rock|p2a: Spectrier\n|-sidestart|p2: jordblast|move: Stealth Rock\n|\n|-heal|p2a: Spectrier|88\/100|[from] item: Leftovers\n|-heal|p1a: Gliscor|74\/100 tox|[from] ability: Poison Heal\n|upkeep\n|turn|3\n|\n|t:|1698011437\n|move|p2a: Spectrier|Calm Mind|p2a: Spectrier\n|-boost|p2a: Spectrier|spa|1\n|-boost|p2a: Spectrier|spd|1\n|move|p1a: Gliscor|Earthquake|p2a: Spectrier\n|-damage|p2a: Spectrier|36\/100\n|\n|-heal|p2a: Spectrier|42\/100|[from] item: Leftovers\n|-heal|p1a: Gliscor|86\/100 tox|[from] ability: Poison Heal\n|upkeep\n|turn|4\n|c|\u2606uubers account|cm?\n|c|\u2606uubers account|why not nasty plot\n|\n|t:|1698011481\n|-terastallize|p2a: Spectrier|Fairy\n|move|p2a: Spectrier|Draining Kiss|p1a: Gliscor\n|-damage|p1a: Gliscor|44\/100 tox\n|-heal|p2a: Spectrier|75\/100|[from] drain|[of] p1a: Gliscor\n|move|p1a: Gliscor|Earthquake|p2a: Spectrier\n|-damage|p2a: Spectrier|27\/100\n|\n|-heal|p2a: Spectrier|33\/100|[from] item: Leftovers\n|-heal|p1a: Gliscor|56\/100 tox|[from] ability: Poison Heal\n|upkeep\n|turn|5\n|\n|t:|1698011508\n|move|p2a: Spectrier|Substitute|p2a: Spectrier\n|-start|p2a: Spectrier|Substitute\n|-damage|p2a: Spectrier|8\/100\n|move|p1a: Gliscor|Earthquake|p2a: Spectrier\n|-end|p2a: Spectrier|Substitute\n|\n|-heal|p2a: Spectrier|14\/100|[from] item: Leftovers\n|-heal|p1a: Gliscor|69\/100 tox|[from] ability: Poison Heal\n|upkeep\n|turn|6\n|\n|t:|1698011515\n|move|p1a: Gliscor|Protect|p1a: Gliscor\n|-singleturn|p1a: Gliscor|Protect\n|move|p2a: Spectrier|Draining Kiss|p1a: Gliscor\n|-activate|p1a: Gliscor|move: Protect\n|\n|-heal|p2a: Spectrier|20\/100|[from] item: Leftovers\n|-heal|p1a: Gliscor|81\/100 tox|[from] ability: Poison Heal\n|upkeep\n|turn|7\n|\n|t:|1698011522\n|move|p2a: Spectrier|Draining Kiss|p1a: Gliscor\n|-damage|p1a: Gliscor|37\/100 tox\n|-heal|p2a: Spectrier|55\/100|[from] drain|[of] p1a: Gliscor\n|move|p1a: Gliscor|Earthquake|p2a: Spectrier\n|-damage|p2a: Spectrier|8\/100\n|\n|-heal|p2a: Spectrier|14\/100|[from] item: Leftovers\n|-heal|p1a: Gliscor|49\/100 tox|[from] ability: Poison Heal\n|upkeep\n|turn|8\n|\n|t:|1698011548\n|move|p2a: Spectrier|Draining Kiss|p1a: Gliscor\n|-damage|p1a: Gliscor|9\/100 tox\n|-heal|p2a: Spectrier|45\/100|[from] drain|[of] p1a: Gliscor\n|move|p1a: Gliscor|Toxic|p2a: Spectrier\n|-status|p2a: Spectrier|tox\n|\n|-heal|p2a: Spectrier|51\/100 tox|[from] item: Leftovers\n|-damage|p2a: Spectrier|45\/100 tox|[from] psn\n|-heal|p1a: Gliscor|22\/100 tox|[from] ability: Poison Heal\n|upkeep\n|turn|9\n|\n|t:|1698011564\n|move|p1a: Gliscor|Protect|p1a: Gliscor\n|-singleturn|p1a: Gliscor|Protect\n|move|p2a: Spectrier|Shadow Ball|p1a: Gliscor\n|-activate|p1a: Gliscor|move: Protect\n|\n|-heal|p2a: Spectrier|51\/100 tox|[from] item: Leftovers\n|-damage|p2a: Spectrier|39\/100 tox|[from] psn\n|-heal|p1a: Gliscor|34\/100 tox|[from] ability: Poison Heal\n|upkeep\n|turn|10\n|\n|t:|1698011583\n|switch|p1a: Volcarona|Volcarona, M|100\/100\n|move|p2a: Spectrier|Draining Kiss|p1a: Volcarona\n|-resisted|p1a: Volcarona\n|-damage|p1a: Volcarona|75\/100\n|-heal|p2a: Spectrier|57\/100 tox|[from] drain|[of] p1a: Volcarona\n|\n|-heal|p2a: Spectrier|64\/100 tox|[from] item: Leftovers\n|-damage|p2a: Spectrier|45\/100 tox|[from] psn\n|upkeep\n|turn|11\n|\n|t:|1698011600\n|move|p2a: Spectrier|Shadow Ball|p1a: Volcarona\n|-damage|p1a: Volcarona|13\/100\n|move|p1a: Volcarona|Fiery Dance|p2a: Spectrier\n|-damage|p2a: Spectrier|16\/100 tox\n|\n|-heal|p2a: Spectrier|22\/100 tox|[from] item: Leftovers\n|-damage|p2a: Spectrier|0 fnt|[from] psn\n|faint|p2a: Spectrier\n|upkeep\n|\n|t:|1698011638\n|switch|p2a: Cinderace|Cinderace, M|100\/100\n|turn|12\n|\n|t:|1698011658\n|move|p2a: Cinderace|Court Change|p2a: Cinderace\n|-start|p2a: Cinderace|typechange|Normal|[from] ability: Libero\n|-swapsideconditions\n|-activate|p2a: Cinderace|move: Court Change\n|move|p1a: Volcarona|Morning Sun|p1a: Volcarona\n|-heal|p1a: Volcarona|63\/100\n|\n|upkeep\n|turn|13\n|\n|t:|1698011687\n|switch|p2a: Enamorus|Enamorus-Therian, F|100\/100\n|move|p1a: Volcarona|Morning Sun|p1a: Volcarona\n|-heal|p1a: Volcarona|100\/100\n|\n|upkeep\n|turn|14\n|\n|t:|1698011701\n|switch|p1a: Gliscor|Gliscor, F|34\/100 tox\n|-damage|p1a: Gliscor|22\/100 tox|[from] Stealth Rock\n|switch|p2a: Cinderace|Cinderace, M|100\/100\n|\n|-heal|p1a: Gliscor|34\/100 tox|[from] ability: Poison Heal\n|upkeep\n|turn|15\n|\n|t:|1698011763\n|move|p1a: Gliscor|Protect|p1a: Gliscor\n|-singleturn|p1a: Gliscor|Protect\n|move|p2a: Cinderace|Pyro Ball|p1a: Gliscor\n|-activate|p1a: Gliscor|move: Protect\n|\n|-heal|p1a: Gliscor|47\/100 tox|[from] ability: Poison Heal\n|upkeep\n|turn|16\n|inactive|Battle timer is ON: inactive players will automatically lose when time's up. (requested by uubers account)\n|\n|t:|1698011779\n|move|p2a: Cinderace|U-turn|p1a: Gliscor\n|-start|p2a: Cinderace|typechange|Bug|[from] ability: Libero\n|-resisted|p1a: Gliscor\n|-damage|p1a: Gliscor|33\/100 tox\n|\n|t:|1698011790\n|switch|p2a: Dondozo|Dondozo, M|100\/100|[from] U-turn\n|move|p1a: Gliscor|Earthquake|p2a: Dondozo\n|-damage|p2a: Dondozo|86\/100\n|\n|-heal|p1a: Gliscor|45\/100 tox|[from] ability: Poison Heal\n|upkeep\n|turn|17\n|inactive|jordblast has 270 seconds left.\n|inactive|jordblast has 240 seconds left.\n|\n|t:|1698011864\n|move|p1a: Gliscor|Protect|p1a: Gliscor\n|-singleturn|p1a: Gliscor|Protect\n|move|p2a: Dondozo|Curse|p2a: Dondozo\n|-unboost|p2a: Dondozo|spe|1\n|-boost|p2a: Dondozo|atk|1\n|-boost|p2a: Dondozo|def|1\n|\n|-heal|p1a: Gliscor|58\/100 tox|[from] ability: Poison Heal\n|upkeep\n|turn|18\n|\n|t:|1698011886\n|switch|p1a: Ogerpon|Ogerpon-Wellspring, F|100\/100\n|-damage|p1a: Ogerpon|88\/100|[from] Stealth Rock\n|switch|p2a: Cinderace|Cinderace, M|100\/100\n|\n|upkeep\n|turn|19\n|\n|t:|1698011902\n|switch|p1a: Volcarona|Volcarona, M|100\/100\n|move|p2a: Cinderace|U-turn|p1a: Volcarona\n|-start|p2a: Cinderace|typechange|Bug|[from] ability: Libero\n|-resisted|p1a: Volcarona\n|-damage|p1a: Volcarona|84\/100\n|-status|p2a: Cinderace|brn|[from] ability: Flame Body|[of] p1a: Volcarona\n|inactive|jordblast has 210 seconds left.\n|inactive|jordblast has 180 seconds left.\n|inactive|jordblast has 150 seconds left.\n|\n|t:|1698011997\n|switch|p2a: Enamorus|Enamorus-Therian, F|100\/100|[from] U-turn\n|\n|upkeep\n|turn|20\n|\n|t:|1698012007\n|move|p1a: Volcarona|Quiver Dance|p1a: Volcarona\n|-boost|p1a: Volcarona|spa|1\n|-boost|p1a: Volcarona|spd|1\n|-boost|p1a: Volcarona|spe|1\n|move|p2a: Enamorus|Earth Power|p1a: Volcarona\n|-damage|p1a: Volcarona|59\/100\n|\n|upkeep\n|turn|21\n|inactive|jordblast has 150 seconds left.\n|\n|t:|1698012020\n|switch|p2a: Dondozo|Dondozo, M|86\/100\n|move|p1a: Volcarona|Morning Sun|p1a: Volcarona\n|-heal|p1a: Volcarona|100\/100\n|\n|upkeep\n|turn|22\n|\n|t:|1698012026\n|-terastallize|p1a: Volcarona|Water\n|move|p1a: Volcarona|Giga Drain|p2a: Dondozo\n|-supereffective|p2a: Dondozo\n|-damage|p2a: Dondozo|46\/100\n|move|p2a: Dondozo|Wave Crash|p1a: Volcarona\n|-resisted|p1a: Volcarona\n|-damage|p1a: Volcarona|79\/100\n|-damage|p2a: Dondozo|41\/100|[from] Recoil\n|\n|upkeep\n|turn|23\n|\n|t:|1698012033\n|move|p1a: Volcarona|Giga Drain|p2a: Dondozo\n|-supereffective|p2a: Dondozo\n|-damage|p2a: Dondozo|1\/100\n|-heal|p1a: Volcarona|100\/100|[from] drain|[of] p2a: Dondozo\n|move|p2a: Dondozo|Curse|p2a: Dondozo\n|-unboost|p2a: Dondozo|spe|1\n|-boost|p2a: Dondozo|atk|1\n|-boost|p2a: Dondozo|def|1\n|\n|upkeep\n|turn|24\n|-message|jordblast forfeited.\n|\n|win|uubers account\n|l|\u2606jordblast\n|c|\u2606uubers account|gg\n","uploadtime":1698012046,"views":31,"p1id":"uubersaccount","p2id":"jordblast","formatid":"gen9ubers","rating":0,"private":0,"password":""}