{"id":"gen9ubers-1971854714","p1":"1P1o1s1h1e1","p2":"VloneVictini","format":"[Gen 9] Ubers","log":"|j|\u26061P1o1s1h1e1\n|j|\u2606VloneVictini\n|t:|1697781976\n|gametype|singles\n|player|p1|1P1o1s1h1e1|hooligans|\n|player|p2|VloneVictini|170|\n|teamsize|p1|6\n|teamsize|p2|6\n|gen|9\n|tier|[Gen 9] Ubers\n|rule|Sleep Clause Mod: Limit one foe put to sleep\n|rule|Species Clause: Limit one of each Pok\u00e9mon\n|rule|OHKO Clause: OHKO moves are banned\n|rule|Evasion Items Clause: Evasion items are banned\n|rule|Evasion Moves Clause: Evasion moves are banned\n|rule|Endless Battle Clause: Forcing endless battles is banned\n|rule|HP Percentage Mod: HP is shown in percentages\n|clearpoke\n|poke|p1|Garganacl, M|\n|poke|p1|Moltres|\n|poke|p1|Blissey, F|\n|poke|p1|Dondozo, F|\n|poke|p1|Giratina|\n|poke|p1|Arceus-Grass|\n|poke|p2|Garchomp, M|\n|poke|p2|Volcarona, F|\n|poke|p2|Klefki, F|\n|poke|p2|Spectrier|\n|poke|p2|Quaquaval, M|\n|poke|p2|Amoonguss, F|\n|teampreview\n|\n|t:|1697782002\n|start\n|switch|p1a: Hecker|Giratina, shiny|100\/100\n|switch|p2a: Klefki|Klefki, F|100\/100\n|-ability|p1a: Hecker|Pressure\n|turn|1\n|\n|t:|1697782014\n|move|p2a: Klefki|Spikes|p1a: Hecker\n|-sidestart|p1: 1P1o1s1h1e1|Spikes\n|move|p1a: Hecker|Will-O-Wisp|p2a: Klefki\n|-status|p2a: Klefki|brn\n|\n|-damage|p2a: Klefki|95\/100 brn|[from] brn\n|upkeep\n|turn|2\n|\n|t:|1697782024\n|move|p2a: Klefki|Thunder Wave|p1a: Hecker\n|-status|p1a: Hecker|par\n|move|p1a: Hecker|Defog|p2a: Klefki\n|-unboost|p2a: Klefki|evasion|1\n|-sideend|p1: 1P1o1s1h1e1|Spikes|[from] move: Defog|[of] p1a: Hecker\n|\n|-damage|p2a: Klefki|89\/100 brn|[from] brn\n|upkeep\n|turn|3\n|\n|t:|1697782032\n|switch|p1a: Gargasalt|Garganacl, M|100\/100\n|move|p2a: Klefki|Dazzling Gleam|p1a: Gargasalt\n|-damage|p1a: Gargasalt|86\/100\n|\n|-heal|p1a: Gargasalt|92\/100|[from] item: Leftovers\n|-damage|p2a: Klefki|83\/100 brn|[from] brn\n|upkeep\n|turn|4\n|\n|t:|1697782041\n|move|p2a: Klefki|Spikes|p1a: Gargasalt\n|-sidestart|p1: 1P1o1s1h1e1|Spikes\n|move|p1a: Gargasalt|Block|p2a: Klefki\n|-activate|p2a: Klefki|trapped\n|\n|-heal|p1a: Gargasalt|98\/100|[from] item: Leftovers\n|-damage|p2a: Klefki|77\/100 brn|[from] brn\n|upkeep\n|turn|5\n|\n|t:|1697782050\n|move|p2a: Klefki|Switcheroo|p1a: Gargasalt\n|-activate|p2a: Klefki|move: Trick|[of] p1a: Gargasalt\n|-item|p1a: Gargasalt|Lagging Tail|[from] move: Switcheroo\n|-item|p2a: Klefki|Leftovers|[from] move: Switcheroo\n|move|p1a: Gargasalt|Curse|p1a: Gargasalt\n|-unboost|p1a: Gargasalt|spe|1\n|-boost|p1a: Gargasalt|atk|1\n|-boost|p1a: Gargasalt|def|1\n|\n|-heal|p2a: Klefki|83\/100 brn|[from] item: Leftovers\n|-damage|p2a: Klefki|77\/100 brn|[from] brn\n|upkeep\n|turn|6\n|\n|t:|1697782059\n|move|p2a: Klefki|Spikes|p1a: Gargasalt\n|-sidestart|p1: 1P1o1s1h1e1|Spikes\n|move|p1a: Gargasalt|Curse|p1a: Gargasalt\n|-unboost|p1a: Gargasalt|spe|1\n|-boost|p1a: Gargasalt|atk|1\n|-boost|p1a: Gargasalt|def|1\n|\n|-heal|p2a: Klefki|83\/100 brn|[from] item: Leftovers\n|-damage|p2a: Klefki|77\/100 brn|[from] brn\n|upkeep\n|turn|7\n|\n|t:|1697782079\n|move|p2a: Klefki|Spikes|p1a: Gargasalt\n|-sidestart|p1: 1P1o1s1h1e1|Spikes\n|move|p1a: Gargasalt|Curse|p1a: Gargasalt\n|-unboost|p1a: Gargasalt|spe|1\n|-boost|p1a: Gargasalt|atk|1\n|-boost|p1a: Gargasalt|def|1\n|\n|-heal|p2a: Klefki|83\/100 brn|[from] item: Leftovers\n|-damage|p2a: Klefki|77\/100 brn|[from] brn\n|upkeep\n|turn|8\n|\n|t:|1697782086\n|move|p2a: Klefki|Dazzling Gleam|p1a: Gargasalt\n|-damage|p1a: Gargasalt|81\/100\n|move|p1a: Gargasalt|Curse|p1a: Gargasalt\n|-unboost|p1a: Gargasalt|spe|1\n|-boost|p1a: Gargasalt|atk|1\n|-boost|p1a: Gargasalt|def|1\n|\n|-heal|p2a: Klefki|83\/100 brn|[from] item: Leftovers\n|-damage|p2a: Klefki|77\/100 brn|[from] brn\n|upkeep\n|turn|9\n|\n|t:|1697782090\n|move|p2a: Klefki|Dazzling Gleam|p1a: Gargasalt\n|-damage|p1a: Gargasalt|66\/100\n|move|p1a: Gargasalt|Curse|p1a: Gargasalt\n|-unboost|p1a: Gargasalt|spe|1\n|-boost|p1a: Gargasalt|atk|1\n|-boost|p1a: Gargasalt|def|1\n|\n|-heal|p2a: Klefki|83\/100 brn|[from] item: Leftovers\n|-damage|p2a: Klefki|77\/100 brn|[from] brn\n|upkeep\n|turn|10\n|\n|t:|1697782093\n|move|p2a: Klefki|Dazzling Gleam|p1a: Gargasalt\n|-damage|p1a: Gargasalt|50\/100\n|move|p1a: Gargasalt|Curse|p1a: Gargasalt\n|-unboost|p1a: Gargasalt|spe|1\n|-boost|p1a: Gargasalt|atk|1\n|-boost|p1a: Gargasalt|def|1\n|\n|-heal|p2a: Klefki|83\/100 brn|[from] item: Leftovers\n|-damage|p2a: Klefki|77\/100 brn|[from] brn\n|upkeep\n|turn|11\n|\n|t:|1697782095\n|move|p2a: Klefki|Dazzling Gleam|p1a: Gargasalt\n|-damage|p1a: Gargasalt|34\/100\n|move|p1a: Gargasalt|Recover|p1a: Gargasalt\n|-heal|p1a: Gargasalt|84\/100\n|\n|-heal|p2a: Klefki|83\/100 brn|[from] item: Leftovers\n|-damage|p2a: Klefki|77\/100 brn|[from] brn\n|upkeep\n|turn|12\n|\n|t:|1697782098\n|move|p2a: Klefki|Dazzling Gleam|p1a: Gargasalt\n|-damage|p1a: Gargasalt|67\/100\n|move|p1a: Gargasalt|Salt Cure|p2a: Klefki\n|-resisted|p2a: Klefki\n|-damage|p2a: Klefki|55\/100 brn\n|-start|p2a: Klefki|Salt Cure\n|\n|-heal|p2a: Klefki|61\/100 brn|[from] item: Leftovers\n|-damage|p2a: Klefki|55\/100 brn|[from] brn\n|-damage|p2a: Klefki|30\/100 brn|[from] Salt Cure\n|upkeep\n|turn|13\n|\n|t:|1697782100\n|move|p2a: Klefki|Dazzling Gleam|p1a: Gargasalt\n|-damage|p1a: Gargasalt|50\/100\n|move|p1a: Gargasalt|Recover|p1a: Gargasalt\n|-heal|p1a: Gargasalt|99\/100\n|\n|-heal|p2a: Klefki|36\/100 brn|[from] item: Leftovers\n|-damage|p2a: Klefki|30\/100 brn|[from] brn\n|-damage|p2a: Klefki|5\/100 brn|[from] Salt Cure\n|upkeep\n|turn|14\n|\n|t:|1697782106\n|move|p2a: Klefki|Dazzling Gleam|p1a: Gargasalt\n|-damage|p1a: Gargasalt|82\/100\n|move|p1a: Gargasalt|Salt Cure|p2a: Klefki\n|-resisted|p2a: Klefki\n|-damage|p2a: Klefki|0 fnt\n|faint|p2a: Klefki\n|\n|upkeep\n|\n|t:|1697782123\n|switch|p2a: Amoonguss|Amoonguss, F|100\/100\n|turn|15\n|\n|t:|1697782133\n|move|p2a: Amoonguss|Clear Smog|p1a: Gargasalt\n|-resisted|p1a: Gargasalt\n|-damage|p1a: Gargasalt|76\/100\n|-clearboost|p1a: Gargasalt\n|move|p1a: Gargasalt|Salt Cure|p2a: Amoonguss\n|-damage|p2a: Amoonguss|89\/100\n|-start|p2a: Amoonguss|Salt Cure\n|\n|-damage|p2a: Amoonguss|77\/100|[from] Salt Cure\n|upkeep\n|turn|16\n|\n|t:|1697782169\n|switch|p1a: Hecker|Giratina, shiny|100\/100 par\n|-ability|p1a: Hecker|Pressure\n|switch|p2a: Quaquaval|Quaquaval, M|100\/100\n|\n|upkeep\n|turn|17\n|\n|t:|1697782196\n|move|p2a: Quaquaval|Swords Dance|p2a: Quaquaval\n|-boost|p2a: Quaquaval|atk|2\n|move|p1a: Hecker|Will-O-Wisp|p2a: Quaquaval\n|-status|p2a: Quaquaval|brn\n|\n|-damage|p2a: Quaquaval|94\/100 brn|[from] brn\n|upkeep\n|turn|18\n|\n|t:|1697782205\n|move|p2a: Quaquaval|Knock Off|p1a: Hecker\n|-supereffective|p1a: Hecker\n|-damage|p1a: Hecker|64\/100 par\n|-enditem|p1a: Hecker|Heavy-Duty Boots|[from] move: Knock Off|[of] p2a: Quaquaval\n|move|p1a: Hecker|Defog|p2a: Quaquaval\n|-unboost|p2a: Quaquaval|evasion|1\n|-sideend|p1: 1P1o1s1h1e1|Spikes|[from] move: Defog|[of] p1a: Hecker\n|\n|-damage|p2a: Quaquaval|88\/100 brn|[from] brn\n|upkeep\n|turn|19\n|\n|t:|1697782214\n|move|p2a: Quaquaval|Knock Off|p1a: Hecker\n|-supereffective|p1a: Hecker\n|-damage|p1a: Hecker|37\/100 par\n|move|p1a: Hecker|Roar|p2a: Quaquaval\n|drag|p2a: Spectrier|Spectrier|100\/100\n|\n|upkeep\n|turn|20\n|\n|t:|1697782268\n|switch|p1a: Gargasalt|Garganacl, M|76\/100\n|move|p2a: Spectrier|Substitute|p2a: Spectrier\n|-start|p2a: Spectrier|Substitute\n|-damage|p2a: Spectrier|76\/100\n|\n|-heal|p2a: Spectrier|82\/100|[from] item: Leftovers\n|upkeep\n|turn|21\n|\n|t:|1697782285\n|-terastallize|p1a: Gargasalt|Fairy\n|move|p2a: Spectrier|Nasty Plot|p2a: Spectrier\n|-boost|p2a: Spectrier|spa|2\n|move|p1a: Gargasalt|Salt Cure|p2a: Spectrier\n|-activate|p2a: Spectrier|move: Substitute|[damage]\n|\n|-heal|p2a: Spectrier|88\/100|[from] item: Leftovers\n|upkeep\n|turn|22\n|\n|t:|1697782293\n|move|p2a: Spectrier|Shadow Ball|p1a: Gargasalt\n|-damage|p1a: Gargasalt|42\/100\n|-unboost|p1a: Gargasalt|spd|1\n|move|p1a: Gargasalt|Salt Cure|p2a: Spectrier\n|-end|p2a: Spectrier|Substitute\n|\n|-heal|p2a: Spectrier|94\/100|[from] item: Leftovers\n|upkeep\n|turn|23\n|\n|t:|1697782296\n|switch|p1a: Ivanovna Robotnik|Blissey, F|100\/100\n|move|p2a: Spectrier|Substitute|p2a: Spectrier\n|-start|p2a: Spectrier|Substitute\n|-damage|p2a: Spectrier|69\/100\n|\n|-heal|p2a: Spectrier|75\/100|[from] item: Leftovers\n|upkeep\n|turn|24\n|\n|t:|1697782301\n|move|p2a: Spectrier|Nasty Plot|p2a: Spectrier\n|-boost|p2a: Spectrier|spa|2\n|move|p1a: Ivanovna Robotnik|Heal Bell|p1a: Ivanovna Robotnik\n|-activate|p1a: Ivanovna Robotnik|move: Heal Bell\n|-curestatus|p1: Hecker|par|[msg]\n|\n|-heal|p2a: Spectrier|81\/100|[from] item: Leftovers\n|upkeep\n|turn|25\n|\n|t:|1697782322\n|switch|p1a: Hecker|Giratina, shiny|37\/100\n|-ability|p1a: Hecker|Pressure\n|move|p2a: Spectrier|Nasty Plot|p2a: Spectrier\n|-boost|p2a: Spectrier|spa|2\n|\n|-heal|p2a: Spectrier|88\/100|[from] item: Leftovers\n|upkeep\n|turn|26\n|\n|t:|1697782328\n|move|p2a: Spectrier|Shadow Ball|p1a: Hecker\n|-supereffective|p1a: Hecker\n|-damage|p1a: Hecker|0 fnt\n|faint|p1a: Hecker\n|\n|-heal|p2a: Spectrier|94\/100|[from] item: Leftovers\n|upkeep\n|\n|t:|1697782332\n|switch|p1a: Gargasalt|Garganacl, M, tera:Fairy|42\/100\n|turn|27\n|\n|t:|1697782336\n|move|p2a: Spectrier|Shadow Ball|p1a: Gargasalt\n|-damage|p1a: Gargasalt|0 fnt\n|faint|p1a: Gargasalt\n|\n|-heal|p2a: Spectrier|99\/100|[from] item: Leftovers\n|upkeep\n|-message|1P1o1s1h1e1 forfeited.\n|\n|win|VloneVictini\n","uploadtime":1697782448,"views":12,"p1id":"1p1o1s1h1e1","p2id":"vlonevictini","formatid":"gen9ubers","rating":0,"private":0,"password":""}