{"id":"gen9ubers-1986397606","p1":"Scottowo","p2":"Yveltql","format":"[Gen 9] Ubers","log":"|j|\u2606Scottowo\n|j|\u2606Yveltql\n|t:|1699475538\n|gametype|singles\n|player|p1|Scottowo|elesa-gen5bw2|\n|player|p2|Yveltql|102|\n|teamsize|p1|6\n|teamsize|p2|6\n|gen|9\n|tier|[Gen 9] Ubers\n|rule|Sleep Clause Mod: Limit one foe put to sleep\n|rule|Species Clause: Limit one of each Pok\u00e9mon\n|rule|OHKO Clause: OHKO moves are banned\n|rule|Evasion Items Clause: Evasion items are banned\n|rule|Evasion Moves Clause: Evasion moves are banned\n|rule|Endless Battle Clause: Forcing endless battles is banned\n|rule|HP Percentage Mod: HP is shown in percentages\n|clearpoke\n|poke|p1|Qwilfish-Hisui, M|\n|poke|p1|Sylveon, F|\n|poke|p1|Rotom-Heat|\n|poke|p1|Dragapult, F|\n|poke|p1|Ursaluna, M|\n|poke|p1|Iron Treads|\n|poke|p2|Wo-Chien|\n|poke|p2|Altaria, M|\n|poke|p2|Roaring Moon|\n|poke|p2|Scyther, F|\n|poke|p2|Iron Valiant|\n|poke|p2|Iron Moth|\n|teampreview\n|c|\u2606Yveltql|hlhf\n|c|\u2606Yveltql|gl*\n|c|\u2606Yveltql|im in gen vc if you wanna vibe\n|c|\u2606Yveltql|no stress if not\n|c|\u2606Scottowo|im all set\n|\n|t:|1699475648\n|start\n|switch|p1a: Rebecca|Dragapult, F|100\/100\n|switch|p2a: live reaction|Wo-Chien|100\/100\n|-ability|p2a: live reaction|Tablets of Ruin\n|turn|1\n|\n|t:|1699475659\n|move|p1a: Rebecca|U-turn|p2a: live reaction\n|-supereffective|p2a: live reaction\n|-damage|p2a: live reaction|44\/100\n|\n|t:|1699475699\n|switch|p1a: Dorio|Rotom-Heat|100\/100|[from] U-turn\n|move|p2a: live reaction|Knock Off|p1a: Dorio\n|-damage|p1a: Dorio|77\/100\n|-enditem|p1a: Dorio|Choice Scarf|[from] move: Knock Off|[of] p2a: live reaction\n|\n|-heal|p2a: live reaction|50\/100|[from] item: Leftovers\n|upkeep\n|turn|2\n|\n|t:|1699475754\n|move|p1a: Dorio|Volt Switch|p2a: live reaction\n|-resisted|p2a: live reaction\n|-damage|p2a: live reaction|43\/100\n|\n|t:|1699475766\n|switch|p1a: Falco|Iron Treads|100\/100|[from] Volt Switch\n|move|p2a: live reaction|Leech Seed|p1a: Falco\n|-start|p1a: Falco|move: Leech Seed\n|\n|-heal|p2a: live reaction|49\/100|[from] item: Leftovers\n|-damage|p1a: Falco|88\/100|[from] Leech Seed|[of] p2a: live reaction\n|-heal|p2a: live reaction|60\/100|[silent]\n|upkeep\n|turn|3\n|\n|t:|1699475776\n|move|p1a: Falco|Rapid Spin|p2a: live reaction\n|-crit|p2a: live reaction\n|-damage|p2a: live reaction|46\/100\n|-boost|p1a: Falco|spe|1\n|-end|p1a: Falco|Leech Seed|[from] move: Rapid Spin|[of] p1a: Falco\n|move|p2a: live reaction|Stun Spore|p1a: Falco\n|-status|p1a: Falco|par\n|\n|-heal|p2a: live reaction|52\/100|[from] item: Leftovers\n|upkeep\n|turn|4\n|\n|t:|1699475795\n|move|p1a: Falco|Knock Off|p2a: live reaction\n|-resisted|p2a: live reaction\n|-damage|p2a: live reaction|44\/100\n|-enditem|p2a: live reaction|Leftovers|[from] move: Knock Off|[of] p1a: Falco\n|move|p2a: live reaction|Leech Seed|p1a: Falco|[miss]\n|-miss|p2a: live reaction|p1a: Falco\n|\n|upkeep\n|turn|5\n|\n|t:|1699475844\n|move|p1a: Falco|Earthquake|p2a: live reaction\n|-resisted|p2a: live reaction\n|-damage|p2a: live reaction|29\/100\n|move|p2a: live reaction|Leech Seed|p1a: Falco\n|-start|p1a: Falco|move: Leech Seed\n|\n|-damage|p1a: Falco|76\/100 par|[from] Leech Seed|[of] p2a: live reaction\n|-heal|p2a: live reaction|40\/100|[silent]\n|upkeep\n|turn|6\n|\n|t:|1699475854\n|move|p1a: Falco|Rapid Spin|p2a: live reaction\n|-crit|p2a: live reaction\n|-damage|p2a: live reaction|24\/100\n|-boost|p1a: Falco|spe|1\n|-end|p1a: Falco|Leech Seed|[from] move: Rapid Spin|[of] p1a: Falco\n|move|p2a: live reaction|Ruination|p1a: Falco\n|-damage|p1a: Falco|38\/100 par\n|\n|upkeep\n|turn|7\n|\n|t:|1699475867\n|move|p1a: Falco|Earthquake|p2a: live reaction\n|-resisted|p2a: live reaction\n|-damage|p2a: live reaction|10\/100\n|move|p2a: live reaction|Leech Seed|p1a: Falco\n|-start|p1a: Falco|move: Leech Seed\n|\n|-damage|p1a: Falco|26\/100 par|[from] Leech Seed|[of] p2a: live reaction\n|-heal|p2a: live reaction|21\/100|[silent]\n|upkeep\n|turn|8\n|\n|t:|1699475884\n|move|p1a: Falco|Earthquake|p2a: live reaction\n|-resisted|p2a: live reaction\n|-damage|p2a: live reaction|7\/100\n|move|p2a: live reaction|Leech Seed||[still]\n|-fail|p2a: live reaction\n|\n|-damage|p1a: Falco|13\/100 par|[from] Leech Seed|[of] p2a: live reaction\n|-heal|p2a: live reaction|18\/100|[silent]\n|upkeep\n|turn|9\n|\n|t:|1699475895\n|move|p1a: Falco|Rapid Spin|p2a: live reaction\n|-damage|p2a: live reaction|9\/100\n|-boost|p1a: Falco|spe|1\n|-end|p1a: Falco|Leech Seed|[from] move: Rapid Spin|[of] p1a: Falco\n|move|p2a: live reaction|Knock Off|p1a: Falco\n|-crit|p1a: Falco\n|-damage|p1a: Falco|0 fnt\n|-damage|p2a: live reaction|0 fnt|[from] item: Rocky Helmet|[of] p1a: Falco\n|faint|p1a: Falco\n|-end|p1a: Falco|Quark Drive|[silent]\n|faint|p2a: live reaction\n|\n|upkeep\n|\n|t:|1699475916\n|switch|p1a: Rebecca|Dragapult, F|100\/100\n|switch|p2a: LAMP|Iron Moth, shiny|100\/100\n|-enditem|p2a: LAMP|Booster Energy\n|-activate|p2a: LAMP|ability: Quark Drive|[fromitem]\n|-start|p2a: LAMP|quarkdrivespe\n|turn|10\n|\n|t:|1699475947\n|move|p1a: Rebecca|Psychic Fangs|p2a: LAMP\n|-supereffective|p2a: LAMP\n|-damage|p2a: LAMP|15\/100\n|move|p2a: LAMP|Fiery Dance|p1a: Rebecca\n|-resisted|p1a: Rebecca\n|-damage|p1a: Rebecca|76\/100\n|-boost|p2a: LAMP|spa|1\n|\n|upkeep\n|turn|11\n|\n|t:|1699476034\n|switch|p1a: David|Ursaluna, M|100\/100\n|-end|p2a: LAMP|Quark Drive|[silent]\n|switch|p2a: IM BATMAN|Roaring Moon, shiny|100\/100\n|-enditem|p2a: IM BATMAN|Booster Energy\n|-activate|p2a: IM BATMAN|ability: Protosynthesis|[fromitem]\n|-start|p2a: IM BATMAN|protosynthesisatk\n|\n|upkeep\n|turn|12\n|\n|t:|1699476081\n|move|p2a: IM BATMAN|Knock Off|p1a: David\n|-damage|p1a: David|48\/100\n|-enditem|p1a: David|Assault Vest|[from] move: Knock Off|[of] p2a: IM BATMAN\n|move|p1a: David|Play Rough|p2a: IM BATMAN\n|-supereffective|p2a: IM BATMAN\n|-damage|p2a: IM BATMAN|0 fnt\n|faint|p2a: IM BATMAN\n|-end|p2a: IM BATMAN|Protosynthesis|[silent]\n|\n|upkeep\n|\n|t:|1699476244\n|switch|p2a: backstreets back|Scyther, F, shiny|100\/100\n|turn|13\n|\n|t:|1699476281\n|switch|p1a: Dorio|Rotom-Heat|77\/100\n|-terastallize|p2a: backstreets back|Fairy\n|move|p2a: backstreets back|Swords Dance|p2a: backstreets back\n|-boost|p2a: backstreets back|atk|2\n|\n|upkeep\n|turn|14\n|\n|t:|1699476335\n|move|p2a: backstreets back|Trailblaze|p1a: Dorio\n|-resisted|p1a: Dorio\n|-damage|p1a: Dorio|56\/100\n|-boost|p2a: backstreets back|spe|1\n|move|p1a: Dorio|Will-O-Wisp|p2a: backstreets back\n|-status|p2a: backstreets back|brn\n|\n|-damage|p2a: backstreets back|94\/100 brn|[from] brn\n|upkeep\n|turn|15\n|\n|t:|1699476363\n|move|p2a: backstreets back|Trailblaze|p1a: Dorio\n|-resisted|p1a: Dorio\n|-damage|p1a: Dorio|46\/100\n|-boost|p2a: backstreets back|spe|1\n|move|p1a: Dorio|Overheat|p2a: backstreets back\n|-damage|p2a: backstreets back|54\/100 brn\n|-unboost|p1a: Dorio|spa|2\n|\n|-damage|p2a: backstreets back|48\/100 brn|[from] brn\n|upkeep\n|turn|16\n|j| xegrizzy\n|\n|t:|1699476426\n|move|p2a: backstreets back|Swords Dance|p2a: backstreets back\n|-boost|p2a: backstreets back|atk|2\n|move|p1a: Dorio|Trick|p2a: backstreets back\n|-activate|p1a: Dorio|move: Trick|[of] p2a: backstreets back\n|-enditem|p2a: backstreets back|Eviolite|[silent]|[from] move: Trick\n|-item|p1a: Dorio|Eviolite|[from] move: Trick\n|\n|-damage|p2a: backstreets back|42\/100 brn|[from] brn\n|upkeep\n|turn|17\n|\n|t:|1699476461\n|move|p2a: backstreets back|Close Combat|p1a: Dorio\n|-damage|p1a: Dorio|0 fnt\n|-unboost|p2a: backstreets back|def|1\n|-unboost|p2a: backstreets back|spd|1\n|faint|p1a: Dorio\n|\n|-damage|p2a: backstreets back|36\/100 brn|[from] brn\n|upkeep\n|\n|t:|1699476484\n|switch|p1a: Maine|Qwilfish-Hisui, M|100\/100\n|-ability|p1a: Maine|Intimidate|boost\n|-unboost|p2a: backstreets back|atk|1\n|turn|18\n|j| Manatsu\n|\n|t:|1699476514\n|move|p2a: backstreets back|Dual Wingbeat|p1a: Maine\n|-damage|p1a: Maine|80\/100\n|-crit|p1a: Maine\n|-damage|p1a: Maine|48\/100\n|-hitcount|p1a: Maine|2\n|move|p1a: Maine|Barb Barrage|p2a: backstreets back\n|-supereffective|p2a: backstreets back\n|-damage|p2a: backstreets back|0 fnt\n|faint|p2a: backstreets back\n|\n|upkeep\n|l| xegrizzy\n|\n|t:|1699476602\n|switch|p2a: LAMP|Iron Moth, shiny|15\/100\n|turn|19\n|\n|t:|1699476606\n|switch|p1a: David|Ursaluna, M|48\/100\n|move|p2a: LAMP|Fiery Dance|p1a: David\n|-damage|p1a: David|17\/100\n|\n|upkeep\n|turn|20\n|\n|t:|1699476612\n|move|p2a: LAMP|Fiery Dance|p1a: David\n|-damage|p1a: David|0 fnt\n|-boost|p2a: LAMP|spa|1\n|faint|p1a: David\n|\n|upkeep\n|\n|t:|1699476615\n|switch|p1a: Rebecca|Dragapult, F|76\/100\n|turn|21\n|\n|t:|1699476618\n|move|p1a: Rebecca|Psychic Fangs|p2a: LAMP\n|-supereffective|p2a: LAMP\n|-damage|p2a: LAMP|0 fnt\n|faint|p2a: LAMP\n|-end|p2a: LAMP|Quark Drive|[silent]\n|\n|upkeep\n|\n|t:|1699476623\n|switch|p2a: cloud baby|Altaria, M, shiny|100\/100\n|turn|22\n|\n|t:|1699476628\n|switch|p1a: Lucy|Sylveon, F|100\/100\n|move|p2a: cloud baby|Will-O-Wisp|p1a: Lucy\n|-status|p1a: Lucy|brn\n|\n|-damage|p1a: Lucy|94\/100 brn|[from] brn\n|upkeep\n|turn|23\n|\n|t:|1699476639\n|move|p2a: cloud baby|Brave Bird|p1a: Lucy\n|-damage|p1a: Lucy|67\/100 brn\n|-damage|p2a: cloud baby|90\/100|[from] Recoil\n|move|p1a: Lucy|Hyper Voice|p2a: cloud baby\n|-supereffective|p2a: cloud baby\n|-damage|p2a: cloud baby|22\/100\n|\n|-damage|p1a: Lucy|61\/100 brn|[from] brn\n|upkeep\n|turn|24\n|\n|t:|1699476649\n|move|p2a: cloud baby|Brave Bird|p1a: Lucy\n|-damage|p1a: Lucy|33\/100 brn\n|-damage|p2a: cloud baby|12\/100|[from] Recoil\n|move|p1a: Lucy|Wish|p1a: Lucy\n|\n|-damage|p1a: Lucy|27\/100 brn|[from] brn\n|upkeep\n|turn|25\n|\n|t:|1699476658\n|move|p1a: Lucy|Protect|p1a: Lucy\n|-singleturn|p1a: Lucy|Protect\n|move|p2a: cloud baby|Brave Bird|p1a: Lucy\n|-activate|p1a: Lucy|move: Protect\n|\n|-heal|p1a: Lucy|77\/100 brn|[from] move: Wish|[wisher] Lucy\n|-damage|p1a: Lucy|71\/100 brn|[from] brn\n|upkeep\n|turn|26\n|\n|t:|1699476661\n|move|p2a: cloud baby|Brave Bird|p1a: Lucy\n|-damage|p1a: Lucy|45\/100 brn\n|-damage|p2a: cloud baby|2\/100|[from] Recoil\n|move|p1a: Lucy|Wish|p1a: Lucy\n|\n|-damage|p1a: Lucy|39\/100 brn|[from] brn\n|upkeep\n|turn|27\n|\n|t:|1699476668\n|move|p1a: Lucy|Protect|p1a: Lucy\n|-singleturn|p1a: Lucy|Protect\n|move|p2a: cloud baby|Roost|p2a: cloud baby\n|-heal|p2a: cloud baby|52\/100\n|-singleturn|p2a: cloud baby|move: Roost\n|\n|-heal|p1a: Lucy|89\/100 brn|[from] move: Wish|[wisher] Lucy\n|-damage|p1a: Lucy|83\/100 brn|[from] brn\n|upkeep\n|turn|28\n|\n|t:|1699476683\n|move|p2a: cloud baby|Brave Bird|p1a: Lucy\n|-damage|p1a: Lucy|58\/100 brn\n|-damage|p2a: cloud baby|43\/100|[from] Recoil\n|move|p1a: Lucy|Hyper Voice|p2a: cloud baby\n|-supereffective|p2a: cloud baby\n|-damage|p2a: cloud baby|0 fnt\n|faint|p2a: cloud baby\n|\n|-damage|p1a: Lucy|52\/100 brn|[from] brn\n|upkeep\n|l| Manatsu\n|\n|t:|1699476735\n|switch|p2a: Porsche Macan|Iron Valiant, shiny|100\/100\n|-enditem|p2a: Porsche Macan|Booster Energy\n|-activate|p2a: Porsche Macan|ability: Quark Drive|[fromitem]\n|-start|p2a: Porsche Macan|quarkdrivespe\n|turn|29\n|\n|t:|1699476739\n|move|p2a: Porsche Macan|Moonblast|p1a: Lucy\n|-damage|p1a: Lucy|22\/100 brn\n|-unboost|p1a: Lucy|spa|1\n|move|p1a: Lucy|Hyper Voice|p2a: Porsche Macan\n|-supereffective|p2a: Porsche Macan\n|-damage|p2a: Porsche Macan|0 fnt\n|faint|p2a: Porsche Macan\n|-end|p2a: Porsche Macan|Quark Drive|[silent]\n|\n|win|Scottowo\n|c|\u2606Scottowo|gg owen\n","uploadtime":1699476751,"views":84,"p1id":"scottowo","p2id":"yveltql","formatid":"gen9ubers","rating":0,"private":0,"password":""}