{"id":"gen9ubers-1990786465","p1":"Anne Frankkkk","p2":"Totemite","format":"[Gen 9] Ubers","log":"|j|\u2606Anne Frankkkk\n|j|\u2606Totemite\n|t:|1700000732\n|gametype|singles\n|player|p1|Anne Frankkkk|hilbert|1261\n|player|p2|Totemite|pokemonbreeder-gen4|1201\n|teamsize|p1|6\n|teamsize|p2|6\n|gen|9\n|tier|[Gen 9] Ubers\n|rated|\n|rule|Sleep Clause Mod: Limit one foe put to sleep\n|rule|Species Clause: Limit one of each Pok\u00e9mon\n|rule|OHKO Clause: OHKO moves are banned\n|rule|Evasion Items Clause: Evasion items are banned\n|rule|Evasion Moves Clause: Evasion moves are banned\n|rule|Endless Battle Clause: Forcing endless battles is banned\n|rule|HP Percentage Mod: HP is shown in percentages\n|clearpoke\n|poke|p1|Iron Hands|\n|poke|p1|Kyogre|\n|poke|p1|Chien-Pao|\n|poke|p1|Ribombee, F|\n|poke|p1|Miraidon|\n|poke|p1|Flutter Mane|\n|poke|p2|Dialga-Origin|\n|poke|p2|Arceus|\n|poke|p2|Miraidon|\n|poke|p2|Ursaluna-Bloodmoon, M|\n|poke|p2|Zacian-*|\n|poke|p2|Clodsire, M|\n|teampreview\n|inactive|Battle timer is ON: inactive players will automatically lose when time's up. (requested by Totemite)\n|\n|t:|1700000743\n|start\n|switch|p1a: Moonblast|Ribombee, F, shiny|100\/100\n|switch|p2a: Dialga|Dialga-Origin|100\/100\n|-ability|p2a: Dialga|Pressure\n|turn|1\n|\n|t:|1700000749\n|move|p1a: Moonblast|Sticky Web|p2a: Dialga\n|-sidestart|p2: Totemite|move: Sticky Web\n|move|p2a: Dialga|Flash Cannon|p1a: Moonblast\n|-supereffective|p1a: Moonblast\n|-enditem|p1a: Moonblast|Focus Sash\n|-damage|p1a: Moonblast|1\/100\n|\n|upkeep\n|turn|2\n|\n|t:|1700000757\n|switch|p1a: Big Boy|Iron Hands, shiny|100\/100\n|move|p2a: Dialga|Flash Cannon|p1a: Big Boy\n|-resisted|p1a: Big Boy\n|-damage|p1a: Big Boy|81\/100\n|-unboost|p1a: Big Boy|spd|1\n|\n|upkeep\n|turn|3\n|\n|t:|1700000766\n|move|p1a: Big Boy|Fake Out|p2a: Dialga\n|-resisted|p2a: Dialga\n|-damage|p2a: Dialga|94\/100\n|cant|p2a: Dialga|flinch\n|\n|upkeep\n|turn|4\n|\n|t:|1700000769\n|move|p2a: Dialga|Dragon Pulse|p1a: Big Boy\n|-damage|p1a: Big Boy|23\/100\n|move|p1a: Big Boy|Brick Break|p2a: Dialga\n|-supereffective|p2a: Dialga\n|-damage|p2a: Dialga|23\/100\n|\n|upkeep\n|turn|5\n|\n|t:|1700000774\n|move|p2a: Dialga|Dragon Pulse|p1a: Big Boy\n|-damage|p1a: Big Boy|0 fnt\n|faint|p1a: Big Boy\n|-end|p1a: Big Boy|Quark Drive|[silent]\n|\n|upkeep\n|\n|t:|1700000782\n|switch|p1a: Ice Cat|Chien-Pao|100\/100\n|-ability|p1a: Ice Cat|Sword of Ruin\n|turn|6\n|\n|t:|1700000787\n|move|p1a: Ice Cat|Sacred Sword|p2a: Dialga\n|-supereffective|p2a: Dialga\n|-damage|p2a: Dialga|0 fnt\n|faint|p2a: Dialga\n|\n|upkeep\n|\n|t:|1700000798\n|switch|p2a: Miraidon|Miraidon|100\/100\n|-activate|p2a: Miraidon|move: Sticky Web\n|-unboost|p2a: Miraidon|spe|1\n|-fieldstart|move: Electric Terrain|[from] ability: Hadron Engine|[of] p2a: Miraidon\n|turn|7\n|\n|t:|1700000808\n|move|p1a: Ice Cat|Ice Spinner|p2a: Miraidon\n|-supereffective|p2a: Miraidon\n|-damage|p2a: Miraidon|10\/100\n|-fieldend|move: Electric Terrain\n|move|p2a: Miraidon|Dazzling Gleam|p1a: Ice Cat\n|-supereffective|p1a: Ice Cat\n|-damage|p1a: Ice Cat|19\/100\n|\n|-heal|p2a: Miraidon|16\/100|[from] item: Leftovers\n|upkeep\n|turn|8\n|\n|t:|1700000812\n|move|p1a: Ice Cat|Ice Spinner|p2a: Miraidon\n|-supereffective|p2a: Miraidon\n|-damage|p2a: Miraidon|0 fnt\n|faint|p2a: Miraidon\n|\n|upkeep\n|\n|t:|1700000816\n|switch|p2a: Arceus|Arceus|100\/100\n|-activate|p2a: Arceus|move: Sticky Web\n|-unboost|p2a: Arceus|spe|1\n|turn|9\n|\n|t:|1700000819\n|move|p2a: Arceus|Extreme Speed|p1a: Ice Cat\n|-crit|p1a: Ice Cat\n|-damage|p1a: Ice Cat|0 fnt\n|faint|p1a: Ice Cat\n|\n|upkeep\n|\n|t:|1700000827\n|switch|p1a: Misdreavius|Flutter Mane, shiny|100\/100\n|-enditem|p1a: Misdreavius|Booster Energy\n|-activate|p1a: Misdreavius|ability: Protosynthesis|[fromitem]\n|-start|p1a: Misdreavius|protosynthesisspe\n|turn|10\n|\n|t:|1700000835\n|move|p1a: Misdreavius|Calm Mind|p1a: Misdreavius\n|-boost|p1a: Misdreavius|spa|1\n|-boost|p1a: Misdreavius|spd|1\n|move|p2a: Arceus|Dragon Dance|p2a: Arceus\n|-boost|p2a: Arceus|atk|1\n|-boost|p2a: Arceus|spe|1\n|\n|upkeep\n|turn|11\n|\n|t:|1700000844\n|-terastallize|p2a: Arceus|Ground\n|move|p1a: Misdreavius|Moonblast|p2a: Arceus\n|-damage|p2a: Arceus|46\/100\n|move|p2a: Arceus|Earthquake|p1a: Misdreavius\n|-damage|p1a: Misdreavius|0 fnt\n|faint|p1a: Misdreavius\n|-end|p1a: Misdreavius|Protosynthesis|[silent]\n|\n|-heal|p2a: Arceus|52\/100|[from] item: Leftovers\n|upkeep\n|\n|t:|1700000855\n|switch|p1a: Cyber Lizard|Miraidon|100\/100\n|-fieldstart|move: Electric Terrain|[from] ability: Hadron Engine|[of] p1a: Cyber Lizard\n|-item|p1a: Cyber Lizard|Air Balloon\n|turn|12\n|\n|t:|1700000863\n|move|p1a: Cyber Lizard|Dragon Pulse|p2a: Arceus\n|-damage|p2a: Arceus|8\/100\n|move|p2a: Arceus|Dragon Dance|p2a: Arceus\n|-boost|p2a: Arceus|atk|1\n|-boost|p2a: Arceus|spe|1\n|\n|-heal|p2a: Arceus|14\/100|[from] item: Leftovers\n|upkeep\n|turn|13\n|\n|t:|1700000868\n|move|p2a: Arceus|Extreme Speed|p1a: Cyber Lizard\n|-damage|p1a: Cyber Lizard|7\/100\n|-enditem|p1a: Cyber Lizard|Air Balloon\n|move|p1a: Cyber Lizard|Dragon Pulse|p2a: Arceus\n|-damage|p2a: Arceus|0 fnt\n|faint|p2a: Arceus\n|\n|upkeep\n|\n|t:|1700000879\n|switch|p2a: Ursaluna|Ursaluna-Bloodmoon, M|100\/100\n|-activate|p2a: Ursaluna|move: Sticky Web\n|-unboost|p2a: Ursaluna|spe|1\n|turn|14\n|\n|t:|1700000883\n|move|p1a: Cyber Lizard|Dragon Pulse|p2a: Ursaluna\n|-damage|p2a: Ursaluna|50\/100\n|move|p2a: Ursaluna|Earth Power|p1a: Cyber Lizard\n|-supereffective|p1a: Cyber Lizard\n|-damage|p1a: Cyber Lizard|0 fnt\n|faint|p1a: Cyber Lizard\n|\n|upkeep\n|\n|t:|1700000886\n|switch|p1a: Moonblast|Ribombee, F, shiny|1\/100\n|turn|15\n|\n|t:|1700000890\n|move|p1a: Moonblast|Moonblast|p2a: Ursaluna\n|-damage|p2a: Ursaluna|20\/100\n|-unboost|p2a: Ursaluna|spa|1\n|move|p2a: Ursaluna|Earth Power|p1a: Moonblast\n|-resisted|p1a: Moonblast\n|-damage|p1a: Moonblast|0 fnt\n|faint|p1a: Moonblast\n|\n|upkeep\n|\n|t:|1700000893\n|switch|p1a: OHKO|Kyogre|100\/100\n|-weather|RainDance|[from] ability: Drizzle|[of] p1a: OHKO\n|turn|16\n|\n|t:|1700000899\n|move|p1a: OHKO|Water Spout|p2a: Ursaluna\n|-supereffective|p2a: Ursaluna\n|-damage|p2a: Ursaluna|0 fnt\n|faint|p2a: Ursaluna\n|\n|-weather|RainDance|[upkeep]\n|-fieldend|move: Electric Terrain\n|upkeep\n|\n|t:|1700000902\n|switch|p2a: Zacian|Zacian-Crowned|100\/100\n|-activate|p2a: Zacian|move: Sticky Web\n|-unboost|p2a: Zacian|spe|1\n|-ability|p2a: Zacian|Intrepid Sword|boost\n|-boost|p2a: Zacian|atk|1\n|turn|17\n|\n|t:|1700000907\n|-terastallize|p1a: OHKO|Water\n|move|p1a: OHKO|Water Spout|p2a: Zacian\n|-damage|p2a: Zacian|0 fnt\n|faint|p2a: Zacian\n|\n|-weather|RainDance|[upkeep]\n|upkeep\n|-message|Totemite forfeited.\n|\n|win|Anne Frankkkk\n|raw|Anne Frankkkk's rating: 1261 &rarr; <strong>1282<\/strong><br \/>(+21 for winning)\n|raw|Totemite's rating: 1201 &rarr; <strong>1180<\/strong><br \/>(-21 for losing)\n|l|\u2606Totemite\n","uploadtime":1700000916,"views":4,"p1id":"annefrankkkk","p2id":"totemite","formatid":"gen9ubers","rating":1180,"private":0,"password":""}