{"id":"gen9ubers-1985788039","p1":"Slowbrokes","p2":"Demigodfletch","format":"[Gen 9] Ubers","log":"|j|\u2606Slowbrokes\n|j|\u2606Demigodfletch\n|t:|1699406189\n|gametype|singles\n|player|p1|Slowbrokes|169|\n|player|p2|Demigodfletch|266|\n|teamsize|p1|6\n|teamsize|p2|6\n|gen|9\n|tier|[Gen 9] Ubers\n|rule|Sleep Clause Mod: Limit one foe put to sleep\n|rule|Species Clause: Limit one of each Pok\u00e9mon\n|rule|OHKO Clause: OHKO moves are banned\n|rule|Evasion Items Clause: Evasion items are banned\n|rule|Evasion Moves Clause: Evasion moves are banned\n|rule|Endless Battle Clause: Forcing endless battles is banned\n|rule|HP Percentage Mod: HP is shown in percentages\n|clearpoke\n|poke|p1|Urshifu-*, F|\n|poke|p1|Landorus-Therian, M|\n|poke|p1|Hoopa-Unbound|\n|poke|p1|Cramorant, F|\n|poke|p1|Lucario, F|\n|poke|p1|Barraskewda, M|\n|poke|p2|Walking Wake|\n|poke|p2|Torkoal, M|\n|poke|p2|Mamoswine, M|\n|poke|p2|Klefki, F|\n|poke|p2|Spiritomb, M|\n|poke|p2|Slither Wing|\n|teampreview\n|\n|t:|1699406212\n|start\n|switch|p1a: Cramorant|Cramorant, F|100\/100\n|switch|p2a: Klefki|Klefki, F|100\/100\n|turn|1\n|\n|t:|1699406222\n|move|p2a: Klefki|Thunder Wave|p1a: Cramorant\n|-status|p1a: Cramorant|par\n|move|p1a: Cramorant|Surf|p2a: Klefki\n|-formechange|p1a: Cramorant|Cramorant-Gulping|\n|-damage|p2a: Klefki|68\/100\n|\n|-heal|p2a: Klefki|74\/100|[from] item: Leftovers\n|upkeep\n|turn|2\n|\n|t:|1699406235\n|switch|p1a: Landorus|Landorus-Therian, M|100\/100\n|-ability|p1a: Landorus|Intimidate|boost\n|-unboost|p2a: Klefki|atk|1\n|move|p2a: Klefki|Calm Mind|p2a: Klefki\n|-boost|p2a: Klefki|spa|1\n|-boost|p2a: Klefki|spd|1\n|\n|-heal|p2a: Klefki|80\/100|[from] item: Leftovers\n|upkeep\n|turn|3\n|\n|t:|1699406249\n|move|p1a: Landorus|Earthquake|p2a: Klefki\n|-supereffective|p2a: Klefki\n|-damage|p2a: Klefki|0 fnt\n|faint|p2a: Klefki\n|\n|upkeep\n|\n|t:|1699406254\n|switch|p2a: Mamoswine|Mamoswine, M|100\/100\n|turn|4\n|\n|t:|1699406263\n|switch|p1a: Barraskewda|Barraskewda, M|100\/100\n|move|p2a: Mamoswine|Icicle Crash|p1a: Barraskewda\n|-resisted|p1a: Barraskewda\n|-damage|p1a: Barraskewda|37\/100\n|-enditem|p1a: Barraskewda|Eject Button\n|\n|t:|1699406266\n|switch|p1a: Hoopa|Hoopa-Unbound|100\/100\n|\n|upkeep\n|turn|5\n|\n|t:|1699406278\n|move|p2a: Mamoswine|Icicle Crash|p1a: Hoopa\n|-damage|p1a: Hoopa|2\/100\n|move|p1a: Hoopa|Psychic|p2a: Mamoswine\n|-damage|p2a: Mamoswine|17\/100\n|\n|upkeep\n|turn|6\n|\n|t:|1699406287\n|move|p2a: Mamoswine|Icicle Crash|p1a: Hoopa\n|-damage|p1a: Hoopa|0 fnt\n|faint|p1a: Hoopa\n|\n|upkeep\n|\n|t:|1699406318\n|switch|p1a: Barraskewda|Barraskewda, M|37\/100\n|turn|7\n|\n|t:|1699406334\n|switch|p2a: Spiritomb|Spiritomb, M|100\/100\n|move|p1a: Barraskewda|Aqua Jet|p2a: Spiritomb\n|-damage|p2a: Spiritomb|77\/100\n|\n|-heal|p2a: Spiritomb|83\/100|[from] item: Leftovers\n|upkeep\n|turn|8\n|\n|t:|1699406343\n|move|p1a: Barraskewda|Flip Turn|p2a: Spiritomb\n|-damage|p2a: Spiritomb|46\/100\n|\n|t:|1699406346\n|switch|p1a: Landorus|Landorus-Therian, M|100\/100|[from] Flip Turn\n|-ability|p1a: Landorus|Intimidate|boost\n|-unboost|p2a: Spiritomb|atk|1\n|move|p2a: Spiritomb|Calm Mind|p2a: Spiritomb\n|-boost|p2a: Spiritomb|spa|1\n|-boost|p2a: Spiritomb|spd|1\n|\n|-heal|p2a: Spiritomb|52\/100|[from] item: Leftovers\n|upkeep\n|turn|9\n|\n|t:|1699406360\n|move|p1a: Landorus|Earthquake|p2a: Spiritomb\n|-damage|p2a: Spiritomb|0 fnt\n|faint|p2a: Spiritomb\n|\n|upkeep\n|\n|t:|1699406367\n|switch|p2a: Mamoswine|Mamoswine, M|17\/100\n|turn|10\n|\n|t:|1699406372\n|switch|p1a: Lucario|Lucario, F|100\/100\n|move|p2a: Mamoswine|Icicle Crash|p1a: Lucario\n|-resisted|p1a: Lucario\n|-damage|p1a: Lucario|45\/100\n|\n|upkeep\n|turn|11\n|\n|t:|1699406382\n|switch|p2a: Torkoal|Torkoal, M|100\/100\n|-weather|SunnyDay|[from] ability: Drought|[of] p2a: Torkoal\n|move|p1a: Lucario|Aura Sphere|p2a: Torkoal\n|-damage|p2a: Torkoal|23\/100\n|-damage|p1a: Lucario|35\/100|[from] item: Life Orb\n|\n|-weather|SunnyDay|[upkeep]\n|upkeep\n|turn|12\n|\n|t:|1699406394\n|move|p1a: Lucario|Aura Sphere|p2a: Torkoal\n|-damage|p2a: Torkoal|0 fnt\n|faint|p2a: Torkoal\n|-damage|p1a: Lucario|25\/100|[from] item: Life Orb\n|\n|-weather|SunnyDay|[upkeep]\n|upkeep\n|\n|t:|1699406401\n|switch|p2a: Walking Wake|Walking Wake|100\/100\n|-activate|p2a: Walking Wake|ability: Protosynthesis\n|-start|p2a: Walking Wake|protosynthesisspa\n|turn|13\n|\n|t:|1699406418\n|move|p2a: Walking Wake|Hydro Steam|p1a: Lucario\n|-crit|p1a: Lucario\n|-damage|p1a: Lucario|0 fnt\n|faint|p1a: Lucario\n|-damage|p2a: Walking Wake|91\/100|[from] item: Life Orb\n|\n|-weather|SunnyDay|[upkeep]\n|upkeep\n|\n|t:|1699406426\n|switch|p1a: Cramorant|Cramorant, F|100\/100 par\n|turn|14\n|\n|t:|1699406435\n|move|p2a: Walking Wake|Dragon Pulse|p1a: Cramorant\n|-damage|p1a: Cramorant|48\/100 par\n|-damage|p2a: Walking Wake|81\/100|[from] item: Life Orb\n|cant|p1a: Cramorant|par\n|\n|-weather|SunnyDay|[upkeep]\n|-heal|p1a: Cramorant|54\/100 par|[from] item: Leftovers\n|upkeep\n|turn|15\n|\n|t:|1699406444\n|move|p2a: Walking Wake|Dragon Pulse|p1a: Cramorant\n|-damage|p1a: Cramorant|0 fnt\n|faint|p1a: Cramorant\n|-damage|p2a: Walking Wake|71\/100|[from] item: Life Orb\n|\n|-weather|SunnyDay|[upkeep]\n|upkeep\n|\n|t:|1699406468\n|switch|p1a: Barraskewda|Barraskewda, M|37\/100\n|turn|16\n|\n|t:|1699406475\n|move|p1a: Barraskewda|Poison Jab|p2a: Walking Wake\n|-damage|p2a: Walking Wake|41\/100\n|-status|p2a: Walking Wake|psn\n|move|p2a: Walking Wake|Dragon Pulse|p1a: Barraskewda\n|-damage|p1a: Barraskewda|0 fnt\n|faint|p1a: Barraskewda\n|-damage|p2a: Walking Wake|31\/100 psn|[from] item: Life Orb\n|\n|-weather|SunnyDay|[upkeep]\n|-damage|p2a: Walking Wake|19\/100 psn|[from] psn\n|upkeep\n|\n|t:|1699406480\n|switch|p1a: Urshifu|Urshifu, F|100\/100\n|turn|17\n|\n|t:|1699406492\n|move|p1a: Urshifu|Sucker Punch|p2a: Walking Wake\n|-damage|p2a: Walking Wake|0 fnt\n|faint|p2a: Walking Wake\n|-end|p2a: Walking Wake|Protosynthesis|[silent]\n|\n|-weather|SunnyDay|[upkeep]\n|upkeep\n|\n|t:|1699406498\n|switch|p2a: Slither Wing|Slither Wing|100\/100\n|-activate|p2a: Slither Wing|ability: Protosynthesis\n|-start|p2a: Slither Wing|protosynthesisatk\n|turn|18\n|\n|t:|1699406517\n|move|p2a: Slither Wing|First Impression|p1a: Urshifu\n|-damage|p1a: Urshifu|13\/100\n|-damage|p2a: Slither Wing|91\/100|[from] item: Life Orb\n|move|p1a: Urshifu|Wicked Blow|p2a: Slither Wing\n|-resisted|p2a: Slither Wing\n|-crit|p2a: Slither Wing\n|-damage|p2a: Slither Wing|48\/100\n|\n|-weather|none\n|-end|p2a: Slither Wing|Protosynthesis\n|upkeep\n|turn|19\n|\n|t:|1699406537\n|move|p1a: Urshifu|Wicked Blow|p2a: Slither Wing\n|-resisted|p2a: Slither Wing\n|-crit|p2a: Slither Wing\n|-damage|p2a: Slither Wing|9\/100\n|move|p2a: Slither Wing|Wild Charge|p1a: Urshifu\n|-damage|p1a: Urshifu|0 fnt\n|faint|p1a: Urshifu\n|-damage|p2a: Slither Wing|5\/100|[from] Recoil\n|-damage|p2a: Slither Wing|0 fnt|[from] item: Life Orb\n|faint|p2a: Slither Wing\n|-end|p2a: Slither Wing|Protosynthesis|[silent]\n|\n|upkeep\n|\n|t:|1699406549\n|switch|p1a: Landorus|Landorus-Therian, M|100\/100\n|switch|p2a: Mamoswine|Mamoswine, M|17\/100\n|-ability|p1a: Landorus|Intimidate|boost\n|-fail|p2a: Mamoswine|unboost|Attack|[from] ability: Oblivious|[of] p2a: Mamoswine\n|turn|20\n|\n|t:|1699406555\n|move|p1a: Landorus|Earthquake|p2a: Mamoswine\n|-damage|p2a: Mamoswine|0 fnt\n|faint|p2a: Mamoswine\n|\n|win|Slowbrokes\n|c|\u2606Demigodfletch|Gg\n|c|\u2606Slowbrokes|Gg man well played\n","uploadtime":1699406567,"views":25,"p1id":"slowbrokes","p2id":"demigodfletch","formatid":"gen9ubers","rating":0,"private":0,"password":""}