{"id":"gen9ubers-1984037364","p1":"Vincent RPPLF","p2":"lrl grego","format":"[Gen 9] Ubers","log":"|j|\u2606Vincent RPPLF\n|j|\u2606lrl grego\n|t:|1699212244\n|gametype|singles\n|player|p1|Vincent RPPLF|cyrus|\n|player|p2|lrl grego|unknown|\n|teamsize|p1|6\n|teamsize|p2|6\n|gen|9\n|tier|[Gen 9] Ubers\n|rule|Sleep Clause Mod: Limit one foe put to sleep\n|rule|Species Clause: Limit one of each Pok\u00e9mon\n|rule|OHKO Clause: OHKO moves are banned\n|rule|Evasion Items Clause: Evasion items are banned\n|rule|Evasion Moves Clause: Evasion moves are banned\n|rule|Endless Battle Clause: Forcing endless battles is banned\n|rule|HP Percentage Mod: HP is shown in percentages\n|clearpoke\n|poke|p1|Toxapex, F|\n|poke|p1|Gliscor, M|\n|poke|p1|Yanmega, F|\n|poke|p1|Kommo-o, F|\n|poke|p1|Meowscarada, F|\n|poke|p1|Volcarona, F|\n|poke|p2|Heatran, F|\n|poke|p2|Rillaboom, F|\n|poke|p2|Sneasler, M|\n|poke|p2|Zamazenta-*|\n|poke|p2|Hatterene, F|\n|poke|p2|Sinistcha|\n|teampreview\n|inactive|Battle timer is ON: inactive players will automatically lose when time's up. (requested by lrl grego)\n|\n|t:|1699212264\n|start\n|switch|p1a: Meowscarada|Meowscarada, F|100\/100\n|switch|p2a: Hatterene|Hatterene, F|100\/100\n|turn|1\n|\n|t:|1699212274\n|move|p1a: Meowscarada|U-turn|p2a: Hatterene\n|-start|p1a: Meowscarada|typechange|Bug|[from] ability: Protean\n|-damage|p2a: Hatterene|65\/100\n|-enditem|p2a: Hatterene|Eject Button\n|\n|t:|1699212280\n|switch|p2a: Rillaboom|Rillaboom, F|100\/100\n|-fieldstart|move: Grassy Terrain|[from] ability: Grassy Surge|[of] p2a: Rillaboom\n|\n|upkeep\n|turn|2\n|\n|t:|1699212285\n|move|p1a: Meowscarada|U-turn|p2a: Rillaboom\n|-supereffective|p2a: Rillaboom\n|-damage|p2a: Rillaboom|33\/100\n|\n|t:|1699212290\n|switch|p1a: Gliscor|Gliscor, M|100\/100|[from] U-turn\n|move|p2a: Rillaboom|U-turn|p1a: Gliscor\n|-resisted|p1a: Gliscor\n|-damage|p1a: Gliscor|89\/100\n|\n|t:|1699212299\n|switch|p2a: Heatran|Heatran, F|100\/100|[from] U-turn\n|-item|p2a: Heatran|Air Balloon\n|\n|-status|p1a: Gliscor|tox|[from] item: Toxic Orb\n|upkeep\n|turn|3\n|\n|t:|1699212307\n|switch|p1a: Toxapex|Toxapex, F|100\/100\n|move|p2a: Heatran|Stealth Rock|p1a: Toxapex\n|-sidestart|p1: Vincent RPPLF|move: Stealth Rock\n|\n|upkeep\n|turn|4\n|\n|t:|1699212320\n|move|p2a: Heatran|Magma Storm|p1a: Toxapex\n|-resisted|p1a: Toxapex\n|-damage|p1a: Toxapex|87\/100\n|-activate|p1a: Toxapex|move: Magma Storm|[of] p2a: Heatran\n|move|p1a: Toxapex|Infestation|p2a: Heatran\n|-resisted|p2a: Heatran\n|-damage|p2a: Heatran|99\/100\n|-activate|p2a: Heatran|move: Infestation|[of] p1a: Toxapex\n|-enditem|p2a: Heatran|Air Balloon\n|\n|-heal|p2a: Heatran|100\/100|[from] Grassy Terrain\n|-heal|p1a: Toxapex|93\/100|[from] Grassy Terrain\n|-heal|p1a: Toxapex|99\/100|[from] item: Black Sludge\n|-damage|p2a: Heatran|88\/100|[from] move: Infestation|[partiallytrapped]\n|-damage|p1a: Toxapex|87\/100|[from] move: Magma Storm|[partiallytrapped]\n|upkeep\n|turn|5\n|\n|t:|1699212325\n|move|p1a: Toxapex|Baneful Bunker|p1a: Toxapex\n|-singleturn|p1a: Toxapex|move: Protect\n|move|p2a: Heatran|Taunt|p1a: Toxapex\n|-activate|p1a: Toxapex|move: Protect\n|\n|-heal|p2a: Heatran|94\/100|[from] Grassy Terrain\n|-heal|p1a: Toxapex|93\/100|[from] Grassy Terrain\n|-heal|p1a: Toxapex|99\/100|[from] item: Black Sludge\n|-damage|p2a: Heatran|82\/100|[from] move: Infestation|[partiallytrapped]\n|-damage|p1a: Toxapex|87\/100|[from] move: Magma Storm|[partiallytrapped]\n|-fieldend|move: Grassy Terrain\n|upkeep\n|turn|6\n|\n|t:|1699212332\n|move|p2a: Heatran|Taunt|p1a: Toxapex\n|-start|p1a: Toxapex|move: Taunt\n|move|p1a: Toxapex|Chilling Water|p2a: Heatran\n|-supereffective|p2a: Heatran\n|-damage|p2a: Heatran|69\/100\n|-unboost|p2a: Heatran|atk|1\n|\n|-heal|p1a: Toxapex|93\/100|[from] item: Black Sludge\n|-damage|p2a: Heatran|57\/100|[from] move: Infestation|[partiallytrapped]\n|-damage|p1a: Toxapex|81\/100|[from] move: Magma Storm|[partiallytrapped]\n|upkeep\n|turn|7\n|\n|t:|1699212335\n|move|p2a: Heatran|Earth Power|p1a: Toxapex\n|-supereffective|p1a: Toxapex\n|-damage|p1a: Toxapex|44\/100\n|move|p1a: Toxapex|Chilling Water|p2a: Heatran\n|-supereffective|p2a: Heatran\n|-damage|p2a: Heatran|43\/100\n|-unboost|p2a: Heatran|atk|1\n|\n|-heal|p1a: Toxapex|50\/100|[from] item: Black Sludge\n|-damage|p2a: Heatran|30\/100|[from] move: Infestation|[partiallytrapped]\n|-damage|p1a: Toxapex|38\/100|[from] move: Magma Storm|[partiallytrapped]\n|upkeep\n|turn|8\n|\n|t:|1699212339\n|move|p2a: Heatran|Earth Power|p1a: Toxapex\n|-supereffective|p1a: Toxapex\n|-damage|p1a: Toxapex|3\/100\n|move|p1a: Toxapex|Chilling Water|p2a: Heatran\n|-supereffective|p2a: Heatran\n|-damage|p2a: Heatran|18\/100\n|-unboost|p2a: Heatran|atk|1\n|\n|-heal|p1a: Toxapex|10\/100|[from] item: Black Sludge\n|-damage|p2a: Heatran|5\/100|[from] move: Infestation|[partiallytrapped]\n|-end|p1a: Toxapex|Magma Storm|[partiallytrapped]\n|-end|p1a: Toxapex|move: Taunt\n|upkeep\n|turn|9\n|\n|t:|1699212355\n|switch|p1a: Gliscor|Gliscor, M|89\/100 tox\n|-damage|p1a: Gliscor|76\/100 tox|[from] Stealth Rock\n|move|p2a: Heatran|Magma Storm|p1a: Gliscor\n|-crit|p1a: Gliscor\n|-damage|p1a: Gliscor|0 fnt\n|faint|p1a: Gliscor\n|\n|-end|p2a: Heatran|Infestation|[partiallytrapped]\n|upkeep\n|\n|t:|1699212362\n|switch|p1a: Meowscarada|Meowscarada, F|100\/100\n|-damage|p1a: Meowscarada|88\/100|[from] Stealth Rock\n|turn|10\n|\n|t:|1699212367\n|move|p1a: Meowscarada|U-turn|p2a: Heatran\n|-start|p1a: Meowscarada|typechange|Bug|[from] ability: Protean\n|-resisted|p2a: Heatran\n|-damage|p2a: Heatran|0 fnt\n|faint|p2a: Heatran\n|\n|t:|1699212374\n|switch|p1a: Yanmega|Yanmega, F|100\/100|[from] U-turn\n|-damage|p1a: Yanmega|51\/100|[from] Stealth Rock\n|\n|upkeep\n|\n|t:|1699212384\n|switch|p2a: Zamazenta|Zamazenta|100\/100\n|-ability|p2a: Zamazenta|Dauntless Shield|boost\n|-boost|p2a: Zamazenta|def|1\n|turn|11\n|\n|t:|1699212395\n|move|p2a: Zamazenta|Iron Defense|p2a: Zamazenta\n|-boost|p2a: Zamazenta|def|2\n|move|p1a: Yanmega|Bug Buzz|p2a: Zamazenta\n|-resisted|p2a: Zamazenta\n|-damage|p2a: Zamazenta|81\/100\n|-enditem|p1a: Yanmega|Throat Spray\n|-boost|p1a: Yanmega|spa|1|[from] item: Throat Spray\n|\n|-heal|p2a: Zamazenta|87\/100|[from] item: Leftovers\n|-ability|p1a: Yanmega|Speed Boost|boost\n|-boost|p1a: Yanmega|spe|1\n|upkeep\n|turn|12\n|\n|t:|1699212408\n|move|p1a: Yanmega|Psychic|p2a: Zamazenta\n|-supereffective|p2a: Zamazenta\n|-damage|p2a: Zamazenta|0 fnt\n|faint|p2a: Zamazenta\n|\n|-ability|p1a: Yanmega|Speed Boost|boost\n|-boost|p1a: Yanmega|spe|1\n|upkeep\n|\n|t:|1699212414\n|switch|p2a: Rillaboom|Rillaboom, F|33\/100\n|-fieldstart|move: Grassy Terrain|[from] ability: Grassy Surge|[of] p2a: Rillaboom\n|turn|13\n|\n|t:|1699212423\n|move|p2a: Rillaboom|Grassy Glide|p1a: Yanmega\n|-resisted|p1a: Yanmega\n|-damage|p1a: Yanmega|33\/100\n|move|p1a: Yanmega|Bug Buzz|p2a: Rillaboom\n|-supereffective|p2a: Rillaboom\n|-damage|p2a: Rillaboom|0 fnt\n|faint|p2a: Rillaboom\n|\n|-ability|p1a: Yanmega|Speed Boost|boost\n|-boost|p1a: Yanmega|spe|1\n|upkeep\n|\n|t:|1699212426\n|switch|p2a: Sneasler|Sneasler, M|100\/100\n|-enditem|p2a: Sneasler|Grassy Seed\n|-boost|p2a: Sneasler|def|1|[from] item: Grassy Seed\n|turn|14\n|\n|t:|1699212435\n|move|p1a: Yanmega|Substitute|p1a: Yanmega\n|-start|p1a: Yanmega|Substitute\n|-damage|p1a: Yanmega|8\/100\n|move|p2a: Sneasler|Acrobatics|p1a: Yanmega\n|-supereffective|p1a: Yanmega\n|-end|p1a: Yanmega|Substitute\n|\n|-ability|p1a: Yanmega|Speed Boost|boost\n|-boost|p1a: Yanmega|spe|1\n|upkeep\n|turn|15\n|\n|t:|1699212440\n|move|p1a: Yanmega|Psychic|p2a: Sneasler\n|-supereffective|p2a: Sneasler\n|-damage|p2a: Sneasler|0 fnt\n|faint|p2a: Sneasler\n|\n|-ability|p1a: Yanmega|Speed Boost|boost\n|-boost|p1a: Yanmega|spe|1\n|upkeep\n|\n|t:|1699212444\n|switch|p2a: Sinistcha|Sinistcha|100\/100\n|turn|16\n|\n|t:|1699212449\n|-terastallize|p2a: Sinistcha|Steel\n|move|p1a: Yanmega|Bug Buzz|p2a: Sinistcha\n|-resisted|p2a: Sinistcha\n|-damage|p2a: Sinistcha|61\/100\n|move|p2a: Sinistcha|Matcha Gotcha|p1a: Yanmega\n|-resisted|p1a: Yanmega\n|-damage|p1a: Yanmega|0 fnt\n|-heal|p2a: Sinistcha|65\/100|[from] drain|[of] p1a: Yanmega\n|faint|p1a: Yanmega\n|\n|-heal|p2a: Sinistcha|71\/100|[from] Grassy Terrain\n|upkeep\n|\n|t:|1699212462\n|switch|p1a: Volcarona|Volcarona, F|100\/100\n|turn|17\n|\n|t:|1699212465\n|move|p1a: Volcarona|Fiery Dance|p2a: Sinistcha\n|-supereffective|p2a: Sinistcha\n|-damage|p2a: Sinistcha|22\/100\n|-boost|p1a: Volcarona|spa|1\n|move|p2a: Sinistcha|Calm Mind|p2a: Sinistcha\n|-boost|p2a: Sinistcha|spa|1\n|-boost|p2a: Sinistcha|spd|1\n|\n|-heal|p2a: Sinistcha|28\/100|[from] Grassy Terrain\n|-fieldend|move: Grassy Terrain\n|upkeep\n|turn|18\n|\n|t:|1699212470\n|move|p1a: Volcarona|Fiery Dance|p2a: Sinistcha\n|-supereffective|p2a: Sinistcha\n|-damage|p2a: Sinistcha|0 fnt\n|-boost|p1a: Volcarona|spa|1\n|faint|p2a: Sinistcha\n|\n|upkeep\n|\n|t:|1699212473\n|switch|p2a: Hatterene|Hatterene, F|65\/100\n|turn|19\n|\n|t:|1699212486\n|move|p1a: Volcarona|Fiery Dance|p2a: Hatterene\n|-damage|p2a: Hatterene|0 fnt\n|faint|p2a: Hatterene\n|\n|win|Vincent RPPLF\n","uploadtime":1699212504,"views":12,"p1id":"vincentrpplf","p2id":"lrlgrego","formatid":"gen9ubers","rating":0,"private":0,"password":""}