{"id":"gen9ubers-1994314155","p1":"Nymmash","p2":"XxShadowAngel","format":"[Gen 9] Ubers","log":"|j|\u2606Nymmash\n|j|\u2606XxShadowAngel\n|t:|1700430097\n|gametype|singles\n|player|p1|Nymmash|2|\n|player|p2|XxShadowAngel|bellelba|\n|teamsize|p1|6\n|teamsize|p2|6\n|gen|9\n|tier|[Gen 9] Ubers\n|rule|Sleep Clause Mod: Limit one foe put to sleep\n|rule|Species Clause: Limit one of each Pok\u00e9mon\n|rule|OHKO Clause: OHKO moves are banned\n|rule|Evasion Items Clause: Evasion items are banned\n|rule|Evasion Moves Clause: Evasion moves are banned\n|rule|Endless Battle Clause: Forcing endless battles is banned\n|rule|HP Percentage Mod: HP is shown in percentages\n|clearpoke\n|poke|p1|Roaring Moon|\n|poke|p1|Ursaluna-Bloodmoon, M|\n|poke|p1|Ninetales-Alola, F|\n|poke|p1|Glimmora, F|\n|poke|p1|Empoleon, M|\n|poke|p1|Alomomola, F|\n|poke|p2|Garchomp, F|\n|poke|p2|Corviknight, F|\n|poke|p2|Greninja-*, F|\n|poke|p2|Toxtricity, M|\n|poke|p2|Meowscarada, F|\n|poke|p2|Bronzong|\n|teampreview\n|\n|t:|1700430114\n|start\n|switch|p1a: Glimmora|Glimmora, F|100\/100\n|switch|p2a: Garchomp|Garchomp, F|100\/100\n|turn|1\n|\n|t:|1700430124\n|move|p1a: Glimmora|Stealth Rock|p2a: Garchomp\n|-sidestart|p2: XxShadowAngel|move: Stealth Rock\n|move|p2a: Garchomp|Earthquake|p1a: Glimmora\n|-supereffective|p1a: Glimmora\n|-enditem|p1a: Glimmora|Focus Sash\n|-damage|p1a: Glimmora|1\/100\n|-activate|p1a: Glimmora|ability: Toxic Debris\n|-sidestart|p2: XxShadowAngel|move: Toxic Spikes\n|\n|upkeep\n|turn|2\n|\n|t:|1700430139\n|move|p1a: Glimmora|Energy Ball|p2a: Garchomp\n|-damage|p2a: Garchomp|69\/100\n|move|p2a: Garchomp|Poison Jab|p1a: Glimmora\n|-resisted|p1a: Glimmora\n|-crit|p1a: Glimmora\n|-damage|p1a: Glimmora|0 fnt\n|-activate|p1a: Glimmora|ability: Toxic Debris\n|-sidestart|p2: XxShadowAngel|move: Toxic Spikes\n|faint|p1a: Glimmora\n|\n|-heal|p2a: Garchomp|75\/100|[from] item: Leftovers\n|upkeep\n|\n|t:|1700430154\n|switch|p1a: Empoleon|Empoleon, M|100\/100\n|turn|3\n|\n|t:|1700430162\n|switch|p2a: Corviknight|Corviknight, F|100\/100\n|-damage|p2a: Corviknight|88\/100|[from] Stealth Rock\n|-ability|p2a: Corviknight|Pressure\n|move|p1a: Empoleon|Hydro Pump|p2a: Corviknight\n|-damage|p2a: Corviknight|18\/100\n|\n|upkeep\n|turn|4\n|\n|t:|1700430174\n|move|p1a: Empoleon|Agility|p1a: Empoleon\n|-boost|p1a: Empoleon|spe|2\n|move|p2a: Corviknight|Roost|p2a: Corviknight\n|-heal|p2a: Corviknight|68\/100\n|-singleturn|p2a: Corviknight|move: Roost\n|\n|upkeep\n|turn|5\n|\n|t:|1700430182\n|move|p1a: Empoleon|Hydro Pump|p2a: Corviknight\n|-damage|p2a: Corviknight|4\/100\n|move|p2a: Corviknight|Defog|p1a: Empoleon\n|-unboost|p1a: Empoleon|evasion|1\n|-ability|p1a: Empoleon|Competitive|boost\n|-boost|p1a: Empoleon|spa|2\n|-sideend|p2: XxShadowAngel|Toxic Spikes|[from] move: Defog|[of] p2a: Corviknight\n|-sideend|p2: XxShadowAngel|Stealth Rock|[from] move: Defog|[of] p2a: Corviknight\n|\n|upkeep\n|turn|6\n|\n|t:|1700430216\n|move|p1a: Empoleon|Ice Beam|p2a: Corviknight\n|-crit|p2a: Corviknight\n|-damage|p2a: Corviknight|0 fnt\n|faint|p2a: Corviknight\n|\n|upkeep\n|\n|t:|1700430228\n|switch|p2a: Toxtricity|Toxtricity, M|100\/100\n|turn|7\n|\n|t:|1700430247\n|switch|p1a: Ursaluna|Ursaluna-Bloodmoon, M|100\/100\n|move|p2a: Toxtricity|Overdrive|p1a: Ursaluna\n|-immune|p1a: Ursaluna\n|\n|upkeep\n|turn|8\n|\n|t:|1700430259\n|switch|p2a: Bronzong|Bronzong|100\/100\n|move|p1a: Ursaluna|Calm Mind|p1a: Ursaluna\n|-boost|p1a: Ursaluna|spa|1\n|-boost|p1a: Ursaluna|spd|1\n|\n|upkeep\n|turn|9\n|\n|t:|1700430269\n|move|p1a: Ursaluna|Blood Moon|p2a: Bronzong\n|-resisted|p2a: Bronzong\n|-damage|p2a: Bronzong|66\/100\n|move|p2a: Bronzong|Substitute|p2a: Bronzong\n|-start|p2a: Bronzong|Substitute\n|-damage|p2a: Bronzong|41\/100\n|\n|-heal|p2a: Bronzong|47\/100|[from] item: Leftovers\n|upkeep\n|turn|10\n|\n|t:|1700430297\n|switch|p1a: Alomomola|Alomomola, F|100\/100\n|move|p2a: Bronzong|Body Press|p1a: Alomomola\n|-damage|p1a: Alomomola|89\/100\n|\n|-heal|p2a: Bronzong|53\/100|[from] item: Leftovers\n|upkeep\n|turn|11\n|\n|t:|1700430308\n|move|p1a: Alomomola|Wish|p1a: Alomomola\n|move|p2a: Bronzong|Heavy Slam|p1a: Alomomola\n|-resisted|p1a: Alomomola\n|-damage|p1a: Alomomola|80\/100\n|\n|-heal|p2a: Bronzong|60\/100|[from] item: Leftovers\n|upkeep\n|turn|12\n|\n|t:|1700430329\n|move|p1a: Alomomola|Flip Turn|p2a: Bronzong\n|-activate|p2a: Bronzong|move: Substitute|[damage]\n|\n|t:|1700430333\n|switch|p1a: Roaring Moon|Roaring Moon|100\/100|[from] Flip Turn\n|-enditem|p1a: Roaring Moon|Booster Energy\n|-activate|p1a: Roaring Moon|ability: Protosynthesis|[fromitem]\n|-start|p1a: Roaring Moon|protosynthesisatk\n|move|p2a: Bronzong|Heavy Slam|p1a: Roaring Moon\n|-damage|p1a: Roaring Moon|86\/100\n|\n|-heal|p1a: Roaring Moon|100\/100|[from] move: Wish|[wisher] Alomomola\n|-heal|p2a: Bronzong|66\/100|[from] item: Leftovers\n|upkeep\n|turn|13\n|\n|t:|1700430346\n|move|p1a: Roaring Moon|Knock Off|p2a: Bronzong\n|-supereffective|p2a: Bronzong\n|-end|p2a: Bronzong|Substitute\n|move|p2a: Bronzong|Body Press|p1a: Roaring Moon\n|-supereffective|p1a: Roaring Moon\n|-damage|p1a: Roaring Moon|44\/100\n|\n|-heal|p2a: Bronzong|72\/100|[from] item: Leftovers\n|upkeep\n|turn|14\n|\n|t:|1700430357\n|move|p1a: Roaring Moon|Knock Off|p2a: Bronzong\n|-supereffective|p2a: Bronzong\n|-damage|p2a: Bronzong|0 fnt\n|-enditem|p2a: Bronzong|Leftovers|[from] move: Knock Off|[of] p1a: Roaring Moon\n|faint|p2a: Bronzong\n|\n|upkeep\n|\n|t:|1700430374\n|switch|p2a: Greninja|Greninja, F, shiny|100\/100\n|turn|15\n|\n|t:|1700430385\n|-terastallize|p1a: Roaring Moon|Flying\n|move|p2a: Greninja|Ice Beam|p1a: Roaring Moon\n|-start|p2a: Greninja|typechange|Ice|[from] ability: Protean\n|-supereffective|p1a: Roaring Moon\n|-damage|p1a: Roaring Moon|0 fnt\n|faint|p1a: Roaring Moon\n|-end|p1a: Roaring Moon|Protosynthesis|[silent]\n|\n|upkeep\n|\n|t:|1700430406\n|switch|p1a: Empoleon|Empoleon, M|100\/100\n|turn|16\n|\n|t:|1700430445\n|move|p2a: Greninja|Dark Pulse|p1a: Empoleon\n|-damage|p1a: Empoleon|71\/100\n|cant|p1a: Empoleon|flinch\n|\n|upkeep\n|turn|17\n|\n|t:|1700430455\n|move|p2a: Greninja|Ice Beam|p1a: Empoleon\n|-resisted|p1a: Empoleon\n|-damage|p1a: Empoleon|58\/100\n|move|p1a: Empoleon|Agility|p1a: Empoleon\n|-boost|p1a: Empoleon|spe|2\n|\n|upkeep\n|turn|18\n|\n|t:|1700430471\n|switch|p2a: Meowscarada|Meowscarada, F|100\/100\n|move|p1a: Empoleon|Air Slash|p2a: Meowscarada\n|-supereffective|p2a: Meowscarada\n|-damage|p2a: Meowscarada|19\/100\n|\n|upkeep\n|turn|19\n|\n|t:|1700430493\n|-terastallize|p2a: Meowscarada|Dark\n|move|p1a: Empoleon|Air Slash|p2a: Meowscarada\n|-damage|p2a: Meowscarada|0 fnt\n|faint|p2a: Meowscarada\n|\n|upkeep\n|\n|t:|1700430499\n|switch|p2a: Toxtricity|Toxtricity, M|100\/100\n|turn|20\n|\n|t:|1700430508\n|switch|p1a: Ursaluna|Ursaluna-Bloodmoon, M|100\/100\n|move|p2a: Toxtricity|Overdrive|p1a: Ursaluna\n|-immune|p1a: Ursaluna\n|\n|upkeep\n|turn|21\n|\n|t:|1700430520\n|move|p2a: Toxtricity|Shift Gear|p2a: Toxtricity\n|-boost|p2a: Toxtricity|spe|2\n|-boost|p2a: Toxtricity|atk|1\n|move|p1a: Ursaluna|Calm Mind|p1a: Ursaluna\n|-boost|p1a: Ursaluna|spa|1\n|-boost|p1a: Ursaluna|spd|1\n|\n|upkeep\n|turn|22\n|\n|t:|1700430529\n|move|p2a: Toxtricity|Sludge Bomb|p1a: Ursaluna\n|-resisted|p1a: Ursaluna\n|-damage|p1a: Ursaluna|83\/100\n|-status|p1a: Ursaluna|psn\n|move|p1a: Ursaluna|Earth Power|p2a: Toxtricity\n|-supereffective|p2a: Toxtricity\n|-damage|p2a: Toxtricity|0 fnt\n|faint|p2a: Toxtricity\n|\n|-heal|p1a: Ursaluna|89\/100 psn|[from] item: Leftovers\n|-damage|p1a: Ursaluna|77\/100 psn|[from] psn\n|upkeep\n|\n|t:|1700430541\n|switch|p2a: Garchomp|Garchomp, F|75\/100\n|turn|23\n|\n|t:|1700430547\n|move|p2a: Garchomp|Earthquake|p1a: Ursaluna\n|-damage|p1a: Ursaluna|52\/100 psn\n|move|p1a: Ursaluna|Earth Power|p2a: Garchomp\n|-damage|p2a: Garchomp|19\/100\n|-unboost|p2a: Garchomp|spd|1\n|\n|-heal|p2a: Garchomp|25\/100|[from] item: Leftovers\n|-heal|p1a: Ursaluna|58\/100 psn|[from] item: Leftovers\n|-damage|p1a: Ursaluna|46\/100 psn|[from] psn\n|upkeep\n|turn|24\n|\n|t:|1700430564\n|move|p2a: Garchomp|Earthquake|p1a: Ursaluna\n|-damage|p1a: Ursaluna|20\/100 psn\n|move|p1a: Ursaluna|Earth Power|p2a: Garchomp\n|-damage|p2a: Garchomp|0 fnt\n|faint|p2a: Garchomp\n|\n|-heal|p1a: Ursaluna|26\/100 psn|[from] item: Leftovers\n|-damage|p1a: Ursaluna|14\/100 psn|[from] psn\n|upkeep\n|\n|t:|1700430573\n|switch|p2a: Greninja|Greninja, F, shiny|100\/100\n|turn|25\n|\n|t:|1700430580\n|move|p2a: Greninja|Surf|p1a: Ursaluna\n|-start|p2a: Greninja|typechange|Water|[from] ability: Protean\n|-supereffective|p1a: Ursaluna\n|-damage|p1a: Ursaluna|0 fnt\n|faint|p1a: Ursaluna\n|\n|upkeep\n|\n|t:|1700430591\n|switch|p1a: Alomomola|Alomomola, F|100\/100\n|turn|26\n|\n|t:|1700430609\n|move|p2a: Greninja|Ice Beam|p1a: Alomomola\n|-resisted|p1a: Alomomola\n|-damage|p1a: Alomomola|83\/100\n|move|p1a: Alomomola|Wish|p1a: Alomomola\n|\n|upkeep\n|turn|27\n|\n|t:|1700430617\n|move|p2a: Greninja|Surf|p1a: Alomomola\n|-resisted|p1a: Alomomola\n|-damage|p1a: Alomomola|59\/100\n|move|p1a: Alomomola|Flip Turn|p2a: Greninja\n|-resisted|p2a: Greninja\n|-damage|p2a: Greninja|86\/100\n|\n|t:|1700430628\n|switch|p1a: Ninetales|Ninetales-Alola, F|100\/100|[from] Flip Turn\n|-weather|Snow|[from] ability: Snow Warning|[of] p1a: Ninetales\n|\n|-weather|Snow|[upkeep]\n|upkeep\n|turn|28\n|\n|t:|1700430637\n|move|p2a: Greninja|Dark Pulse|p1a: Ninetales\n|-resisted|p1a: Ninetales\n|-damage|p1a: Ninetales|86\/100\n|move|p1a: Ninetales|Hypnosis|p2a: Greninja|[miss]\n|-miss|p1a: Ninetales|p2a: Greninja\n|\n|-weather|Snow|[upkeep]\n|upkeep\n|turn|29\n|\n|t:|1700430646\n|move|p2a: Greninja|Surf|p1a: Ninetales\n|-damage|p1a: Ninetales|41\/100\n|move|p1a: Ninetales|Freeze-Dry|p2a: Greninja\n|-supereffective|p2a: Greninja\n|-damage|p2a: Greninja|14\/100\n|\n|-weather|Snow|[upkeep]\n|upkeep\n|turn|30\n|\n|t:|1700430658\n|move|p2a: Greninja|Surf|p1a: Ninetales\n|-damage|p1a: Ninetales|0 fnt\n|faint|p1a: Ninetales\n|\n|-weather|Snow|[upkeep]\n|upkeep\n|\n|t:|1700430664\n|switch|p1a: Empoleon|Empoleon, M|58\/100\n|turn|31\n|\n|t:|1700430670\n|move|p2a: Greninja|Surf|p1a: Empoleon\n|-resisted|p1a: Empoleon\n|-damage|p1a: Empoleon|35\/100\n|move|p1a: Empoleon|Ice Beam|p2a: Greninja\n|-resisted|p2a: Greninja\n|-crit|p2a: Greninja\n|-damage|p2a: Greninja|0 fnt\n|faint|p2a: Greninja\n|\n|win|Nymmash\n","uploadtime":1700430682,"views":9,"p1id":"nymmash","p2id":"xxshadowangel","formatid":"gen9ubers","rating":0,"private":0,"password":""}