{"id":"gen9ubers-1997903296","p1":"PizzaTowerEpic","p2":"Aeziolu","format":"[Gen 9] Ubers","log":"|j|\u2606PizzaTowerEpic\n|j|\u2606Aeziolu\n|t:|1700865618\n|gametype|singles\n|player|p1|PizzaTowerEpic|baker|\n|player|p2|Aeziolu|wally|\n|teamsize|p1|6\n|teamsize|p2|6\n|gen|9\n|tier|[Gen 9] Ubers\n|rule|Sleep Clause Mod: Limit one foe put to sleep\n|rule|Species Clause: Limit one of each Pok\u00e9mon\n|rule|OHKO Clause: OHKO moves are banned\n|rule|Evasion Items Clause: Evasion items are banned\n|rule|Evasion Moves Clause: Evasion moves are banned\n|rule|Endless Battle Clause: Forcing endless battles is banned\n|rule|HP Percentage Mod: HP is shown in percentages\n|clearpoke\n|poke|p1|Landorus-Therian, M|\n|poke|p1|Salazzle, F|\n|poke|p1|Tornadus-Therian, M|\n|poke|p1|Mienshao, M|\n|poke|p1|Empoleon, M|\n|poke|p1|Lycanroc-Dusk, M|\n|poke|p2|Ting-Lu|\n|poke|p2|Jirachi|\n|poke|p2|Mimikyu, M|\n|poke|p2|Dudunsparce-*, F|\n|poke|p2|Heracross, M|\n|poke|p2|Mamoswine, M|\n|teampreview\n|\n|t:|1700865630\n|start\n|switch|p1a: The Spirit|Tornadus-Therian, M|100\/100\n|switch|p2a: Ting-Lu|Ting-Lu|100\/100\n|-ability|p2a: Ting-Lu|Vessel of Ruin\n|turn|1\n|\n|t:|1700865649\n|move|p1a: The Spirit|U-turn|p2a: Ting-Lu\n|-supereffective|p2a: Ting-Lu\n|-damage|p2a: Ting-Lu|83\/100\n|j| jacklives\n|\n|t:|1700865666\n|switch|p1a: The Mind|Landorus-Therian, M|100\/100|[from] U-turn\n|-ability|p1a: The Mind|Intimidate|boost\n|-unboost|p2a: Ting-Lu|atk|1\n|move|p2a: Ting-Lu|Stone Edge|p1a: The Mind\n|-damage|p1a: The Mind|88\/100\n|\n|-heal|p1a: The Mind|94\/100|[from] item: Leftovers\n|upkeep\n|turn|2\n|\n|t:|1700865682\n|move|p1a: The Mind|Stealth Rock|p2a: Ting-Lu\n|-sidestart|p2: Aeziolu|move: Stealth Rock\n|move|p2a: Ting-Lu|Stealth Rock|p1a: The Mind\n|-sidestart|p1: PizzaTowerEpic|move: Stealth Rock\n|\n|-heal|p1a: The Mind|99\/100|[from] item: Leftovers\n|upkeep\n|turn|3\n|\n|t:|1700865686\n|move|p1a: The Mind|Bulk Up|p1a: The Mind\n|-boost|p1a: The Mind|atk|1\n|-boost|p1a: The Mind|def|1\n|move|p2a: Ting-Lu|Whirlwind|p1a: The Mind\n|drag|p1a: The Focus|Mienshao, M|100\/100\n|-damage|p1a: The Focus|94\/100|[from] Stealth Rock\n|\n|upkeep\n|turn|4\n|\n|t:|1700865694\n|switch|p2a: Mimikyu|Mimikyu, M|100\/100\n|-damage|p2a: Mimikyu|88\/100|[from] Stealth Rock\n|move|p1a: The Focus|Fake Out|p2a: Mimikyu\n|-immune|p2a: Mimikyu\n|\n|upkeep\n|turn|5\n|\n|t:|1700865702\n|switch|p1a: Godhead|Empoleon, M|100\/100\n|-damage|p1a: Godhead|94\/100|[from] Stealth Rock\n|move|p2a: Mimikyu|Swords Dance|p2a: Mimikyu\n|-boost|p2a: Mimikyu|atk|2\n|-enditem|p1a: Godhead|Mirror Herb\n|-boost|p1a: Godhead|atk|2|[from] item: Mirror Herb\n|\n|upkeep\n|turn|6\n|\n|t:|1700865712\n|move|p2a: Mimikyu|Swords Dance|p2a: Mimikyu\n|-boost|p2a: Mimikyu|atk|2\n|move|p1a: Godhead|Roar|p2a: Mimikyu\n|drag|p2a: Ting-Lu|Ting-Lu|83\/100\n|-damage|p2a: Ting-Lu|77\/100|[from] Stealth Rock\n|-ability|p2a: Ting-Lu|Vessel of Ruin\n|\n|upkeep\n|turn|7\n|\n|t:|1700865727\n|move|p1a: Godhead|Earthquake|p2a: Ting-Lu\n|-damage|p2a: Ting-Lu|56\/100\n|move|p2a: Ting-Lu|Earthquake|p1a: Godhead\n|-supereffective|p1a: Godhead\n|-damage|p1a: Godhead|43\/100\n|\n|upkeep\n|turn|8\n|\n|t:|1700865742\n|move|p1a: Godhead|Earthquake|p2a: Ting-Lu\n|-damage|p2a: Ting-Lu|38\/100\n|move|p2a: Ting-Lu|Whirlwind|p1a: Godhead\n|drag|p1a: The Soul|Lycanroc-Dusk, M|100\/100\n|-damage|p1a: The Soul|88\/100|[from] Stealth Rock\n|\n|-heal|p1a: The Soul|94\/100|[from] item: Leftovers\n|upkeep\n|turn|9\n|\n|t:|1700865752\n|switch|p1a: The Mind|Landorus-Therian, M|99\/100\n|-damage|p1a: The Mind|88\/100|[from] Stealth Rock\n|-ability|p1a: The Mind|Intimidate|boost\n|-unboost|p2a: Ting-Lu|atk|1\n|move|p2a: Ting-Lu|Earthquake|p1a: The Mind\n|-immune|p1a: The Mind\n|\n|-heal|p1a: The Mind|94\/100|[from] item: Leftovers\n|upkeep\n|turn|10\n|\n|t:|1700865761\n|move|p1a: The Mind|Earthquake|p2a: Ting-Lu\n|-damage|p2a: Ting-Lu|12\/100\n|move|p2a: Ting-Lu|Whirlwind|p1a: The Mind\n|drag|p1a: Godhead|Empoleon, M|43\/100\n|-damage|p1a: Godhead|37\/100|[from] Stealth Rock\n|\n|upkeep\n|turn|11\n|\n|t:|1700865770\n|switch|p2a: Heracross|Heracross, M|100\/100\n|-damage|p2a: Heracross|88\/100|[from] Stealth Rock\n|move|p1a: Godhead|Earthquake|p2a: Heracross\n|-resisted|p2a: Heracross\n|-damage|p2a: Heracross|75\/100\n|\n|upkeep\n|turn|12\n|\n|t:|1700865776\n|move|p2a: Heracross|Knock Off|p1a: Godhead\n|-damage|p1a: Godhead|19\/100\n|move|p1a: Godhead|Roar|p2a: Heracross\n|drag|p2a: Ting-Lu|Ting-Lu|12\/100\n|-damage|p2a: Ting-Lu|6\/100|[from] Stealth Rock\n|-ability|p2a: Ting-Lu|Vessel of Ruin\n|\n|upkeep\n|turn|13\n|\n|t:|1700865783\n|switch|p1a: The Mind|Landorus-Therian, M|94\/100\n|-damage|p1a: The Mind|81\/100|[from] Stealth Rock\n|-ability|p1a: The Mind|Intimidate|boost\n|-unboost|p2a: Ting-Lu|atk|1\n|move|p2a: Ting-Lu|Earthquake|p1a: The Mind\n|-immune|p1a: The Mind\n|\n|-heal|p1a: The Mind|87\/100|[from] item: Leftovers\n|upkeep\n|turn|14\n|\n|t:|1700865792\n|move|p1a: The Mind|Earthquake|p2a: Ting-Lu\n|-damage|p2a: Ting-Lu|0 fnt\n|faint|p2a: Ting-Lu\n|\n|-heal|p1a: The Mind|93\/100|[from] item: Leftovers\n|upkeep\n|\n|t:|1700865798\n|switch|p2a: Mamoswine|Mamoswine, M|100\/100\n|-damage|p2a: Mamoswine|88\/100|[from] Stealth Rock\n|turn|15\n|\n|t:|1700865804\n|switch|p1a: Godhead|Empoleon, M|19\/100\n|-damage|p1a: Godhead|13\/100|[from] Stealth Rock\n|move|p2a: Mamoswine|Trailblaze|p1a: Godhead\n|-damage|p1a: Godhead|0 fnt\n|-boost|p2a: Mamoswine|spe|1\n|faint|p1a: Godhead\n|\n|upkeep\n|\n|t:|1700865815\n|switch|p1a: The Focus|Mienshao, M|100\/100\n|-damage|p1a: The Focus|94\/100|[from] Stealth Rock\n|turn|16\n|\n|t:|1700865824\n|switch|p2a: Mimikyu|Mimikyu, M|88\/100\n|-damage|p2a: Mimikyu|76\/100|[from] Stealth Rock\n|move|p1a: The Focus|Bulk Up|p1a: The Focus\n|-boost|p1a: The Focus|atk|1\n|-boost|p1a: The Focus|def|1\n|\n|upkeep\n|turn|17\n|\n|t:|1700865831\n|move|p1a: The Focus|Ice Spinner|p2a: Mimikyu\n|-activate|p2a: Mimikyu|ability: Disguise\n|-damage|p2a: Mimikyu|76\/100\n|detailschange|p2a: Mimikyu|Mimikyu-Busted, M\n|-damage|p2a: Mimikyu|64\/100|[from] pokemon: Mimikyu-Busted\n|move|p2a: Mimikyu|Play Rough|p1a: The Focus\n|-supereffective|p1a: The Focus\n|-damage|p1a: The Focus|0 fnt\n|faint|p1a: The Focus\n|\n|upkeep\n|\n|t:|1700865849\n|switch|p1a: The Mind|Landorus-Therian, M|93\/100\n|-damage|p1a: The Mind|81\/100|[from] Stealth Rock\n|-ability|p1a: The Mind|Intimidate|boost\n|-unboost|p2a: Mimikyu|atk|1\n|turn|18\n|\n|t:|1700865855\n|switch|p2a: Mamoswine|Mamoswine, M|88\/100\n|-damage|p2a: Mamoswine|76\/100|[from] Stealth Rock\n|move|p1a: The Mind|Bulk Up|p1a: The Mind\n|-boost|p1a: The Mind|atk|1\n|-boost|p1a: The Mind|def|1\n|\n|-heal|p1a: The Mind|87\/100|[from] item: Leftovers\n|upkeep\n|turn|19\n|\n|t:|1700865869\n|move|p2a: Mamoswine|Ice Shard|p1a: The Mind\n|-supereffective|p1a: The Mind\n|-damage|p1a: The Mind|46\/100\n|move|p1a: The Mind|Earthquake|p2a: Mamoswine\n|-damage|p2a: Mamoswine|0 fnt\n|faint|p2a: Mamoswine\n|\n|-heal|p1a: The Mind|52\/100|[from] item: Leftovers\n|upkeep\n|\n|t:|1700865879\n|switch|p2a: Dudunsparce|Dudunsparce, F|100\/100\n|-damage|p2a: Dudunsparce|88\/100|[from] Stealth Rock\n|turn|20\n|\n|t:|1700865883\n|move|p1a: The Mind|Earthquake|p2a: Dudunsparce\n|-damage|p2a: Dudunsparce|43\/100\n|-enditem|p2a: Dudunsparce|Kee Berry|[eat]\n|-boost|p2a: Dudunsparce|def|1|[from] item: Kee Berry\n|move|p2a: Dudunsparce|Ice Beam|p1a: The Mind\n|-supereffective|p1a: The Mind\n|-damage|p1a: The Mind|0 fnt\n|faint|p1a: The Mind\n|\n|upkeep\n|\n|t:|1700865891\n|switch|p1a: The Body|Salazzle, F|100\/100\n|-damage|p1a: The Body|76\/100|[from] Stealth Rock\n|turn|21\n|\n|t:|1700865895\n|move|p1a: The Body|Fake Out|p2a: Dudunsparce\n|-damage|p2a: Dudunsparce|41\/100\n|cant|p2a: Dudunsparce|flinch\n|\n|upkeep\n|turn|22\n|\n|t:|1700865905\n|move|p1a: The Body|Overheat|p2a: Dudunsparce\n|-damage|p2a: Dudunsparce|0 fnt\n|-unboost|p1a: The Body|spa|2\n|-enditem|p1a: The Body|White Herb\n|-clearnegativeboost|p1a: The Body|[silent]\n|faint|p2a: Dudunsparce\n|\n|upkeep\n|\n|t:|1700865915\n|switch|p2a: Heracross|Heracross, M|75\/100\n|-damage|p2a: Heracross|62\/100|[from] Stealth Rock\n|turn|23\n|\n|t:|1700865921\n|-terastallize|p1a: The Body|Fighting\n|move|p2a: Heracross|Stone Edge|p1a: The Body\n|-resisted|p1a: The Body\n|-damage|p1a: The Body|45\/100\n|move|p1a: The Body|Overheat|p2a: Heracross\n|-supereffective|p2a: Heracross\n|-damage|p2a: Heracross|0 fnt\n|-unboost|p1a: The Body|spa|2\n|faint|p2a: Heracross\n|\n|upkeep\n|\n|t:|1700865933\n|switch|p2a: Mimikyu|Mimikyu-Busted, M|64\/100\n|-damage|p2a: Mimikyu|51\/100|[from] Stealth Rock\n|turn|24\n|\n|t:|1700865944\n|switch|p1a: The Spirit|Tornadus-Therian, M|100\/100\n|-damage|p1a: The Spirit|76\/100|[from] Stealth Rock\n|move|p2a: Mimikyu|Shadow Sneak|p1a: The Spirit\n|-damage|p1a: The Spirit|48\/100\n|-enditem|p1a: The Spirit|Eject Button\n|\n|t:|1700865959\n|switch|p1a: The Soul|Lycanroc-Dusk, M|94\/100\n|-damage|p1a: The Soul|82\/100|[from] Stealth Rock\n|\n|-heal|p1a: The Soul|88\/100|[from] item: Leftovers\n|upkeep\n|turn|25\n|\n|t:|1700865971\n|switch|p2a: Jirachi|Jirachi|100\/100\n|-damage|p2a: Jirachi|94\/100|[from] Stealth Rock\n|move|p1a: The Soul|Play Rough|p2a: Jirachi\n|-resisted|p2a: Jirachi\n|-damage|p2a: Jirachi|78\/100\n|\n|-heal|p1a: The Soul|94\/100|[from] item: Leftovers\n|upkeep\n|turn|26\n|\n|t:|1700865979\n|switch|p1a: The Spirit|Tornadus-Therian, M|81\/100\n|-damage|p1a: The Spirit|56\/100|[from] Stealth Rock\n|move|p2a: Jirachi|Future Sight|p1a: The Spirit\n|-start|p2a: Jirachi|move: Future Sight\n|\n|upkeep\n|turn|27\n|\n|t:|1700865985\n|move|p1a: The Spirit|Tailwind|p1a: The Spirit\n|-sidestart|p1: PizzaTowerEpic|move: Tailwind\n|move|p2a: Jirachi|Icy Wind|p1a: The Spirit\n|-supereffective|p1a: The Spirit\n|-damage|p1a: The Spirit|25\/100\n|-unboost|p1a: The Spirit|spe|1\n|\n|upkeep\n|turn|28\n|\n|t:|1700865991\n|move|p1a: The Spirit|Knock Off|p2a: Jirachi\n|-supereffective|p2a: Jirachi\n|-damage|p2a: Jirachi|46\/100\n|-enditem|p2a: Jirachi|Assault Vest|[from] move: Knock Off|[of] p1a: The Spirit\n|move|p2a: Jirachi|Icy Wind|p1a: The Spirit\n|-supereffective|p1a: The Spirit\n|-damage|p1a: The Spirit|0 fnt\n|faint|p1a: The Spirit\n|\n|-hint|Future Sight did not hit because the target is fainted.\n|upkeep\n|\n|t:|1700866000\n|switch|p1a: The Soul|Lycanroc-Dusk, M|94\/100\n|-damage|p1a: The Soul|82\/100|[from] Stealth Rock\n|turn|29\n|\n|t:|1700866016\n|move|p1a: The Soul|Play Rough|p2a: Jirachi\n|-resisted|p2a: Jirachi\n|-damage|p2a: Jirachi|27\/100\n|-unboost|p2a: Jirachi|atk|1\n|move|p2a: Jirachi|Flash Cannon|p1a: The Soul\n|-supereffective|p1a: The Soul\n|-damage|p1a: The Soul|0 fnt\n|faint|p1a: The Soul\n|\n|upkeep\n|\n|t:|1700866022\n|switch|p1a: The Body|Salazzle, F, tera:Fighting|45\/100\n|-damage|p1a: The Body|39\/100|[from] Stealth Rock\n|turn|30\n|\n|t:|1700866039\n|move|p1a: The Body|Fake Out|p2a: Jirachi\n|-resisted|p2a: Jirachi\n|-damage|p2a: Jirachi|24\/100\n|cant|p2a: Jirachi|flinch\n|\n|-sideend|p1: PizzaTowerEpic|move: Tailwind\n|upkeep\n|turn|31\n|\n|t:|1700866057\n|move|p1a: The Body|Overheat|p2a: Jirachi|[miss]\n|-miss|p1a: The Body|p2a: Jirachi\n|move|p2a: Jirachi|Flash Cannon|p1a: The Body\n|-damage|p1a: The Body|0 fnt\n|faint|p1a: The Body\n|\n|win|Aeziolu\n","uploadtime":1700866068,"views":2,"p1id":"pizzatowerepic","p2id":"aeziolu","formatid":"gen9ubers","rating":0,"private":0,"password":""}