{"id":"gen9ubers-1994547251","p1":"Pinescrone","p2":"Arkueid","format":"[Gen 9] Ubers","log":"|j|\u2606Pinescrone\n|j|\u2606Arkueid\n|t:|1700457803\n|gametype|singles\n|player|p1|Pinescrone|cilan|1097\n|player|p2|Arkueid|cynthia|1052\n|teamsize|p1|6\n|teamsize|p2|6\n|gen|9\n|tier|[Gen 9] Ubers\n|rated|\n|rule|Sleep Clause Mod: Limit one foe put to sleep\n|rule|Species Clause: Limit one of each Pok\u00e9mon\n|rule|OHKO Clause: OHKO moves are banned\n|rule|Evasion Items Clause: Evasion items are banned\n|rule|Evasion Moves Clause: Evasion moves are banned\n|rule|Endless Battle Clause: Forcing endless battles is banned\n|rule|HP Percentage Mod: HP is shown in percentages\n|clearpoke\n|poke|p1|Maushold-Four|\n|poke|p1|Samurott-Hisui, F|\n|poke|p1|Miraidon|\n|poke|p1|Dragapult, F|\n|poke|p1|Zoroark, M|\n|poke|p1|Landorus, M|\n|poke|p2|Arceus-Ice|\n|poke|p2|Ceruledge, M|\n|poke|p2|Lucario, F|\n|poke|p2|Chien-Pao|\n|poke|p2|Shaymin-Sky|\n|poke|p2|Ursaluna-Bloodmoon, M|\n|teampreview\n|\n|t:|1700457816\n|start\n|switch|p1a: Maushold|Maushold-Four|100\/100\n|switch|p2a: Ursaluna|Ursaluna-Bloodmoon, M|100\/100\n|turn|1\n|\n|t:|1700457831\n|move|p1a: Maushold|Tidy Up|p1a: Maushold\n|-boost|p1a: Maushold|atk|1\n|-boost|p1a: Maushold|spe|1\n|move|p2a: Ursaluna|Focus Blast|p1a: Maushold\n|-supereffective|p1a: Maushold\n|-enditem|p1a: Maushold|Focus Sash\n|-damage|p1a: Maushold|1\/100\n|\n|upkeep\n|turn|2\n|\n|t:|1700457851\n|move|p1a: Maushold|Population Bomb|p2a: Ursaluna|[miss]\n|-miss|p1a: Maushold|p2a: Ursaluna\n|move|p2a: Ursaluna|Uproar|p1a: Maushold\n|-damage|p1a: Maushold|0 fnt\n|-start|p2a: Ursaluna|Uproar\n|faint|p1a: Maushold\n|\n|-start|p2a: Ursaluna|Uproar|[upkeep]\n|upkeep\n|\n|t:|1700457867\n|switch|p1a: Landorus|Landorus, M|100\/100\n|turn|3\n|\n|t:|1700457872\n|move|p1a: Landorus|Earth Power|p2a: Ursaluna\n|-damage|p2a: Ursaluna|18\/100\n|move|p2a: Ursaluna|Uproar|p1a: Landorus|[from]lockedmove\n|-damage|p1a: Landorus|32\/100\n|\n|-start|p2a: Ursaluna|Uproar|[upkeep]\n|upkeep\n|turn|4\n|\n|t:|1700457880\n|move|p1a: Landorus|Earth Power|p2a: Ursaluna\n|-damage|p2a: Ursaluna|0 fnt\n|faint|p2a: Ursaluna\n|\n|upkeep\n|\n|t:|1700457892\n|switch|p2a: Lucario|Lucario, F|100\/100\n|turn|5\n|\n|t:|1700457905\n|switch|p2a: Arceus|Arceus-Ice|100\/100\n|move|p1a: Landorus|Stealth Rock|p2a: Arceus\n|-sidestart|p2: Arkueid|move: Stealth Rock\n|\n|upkeep\n|turn|6\n|\n|t:|1700457920\n|switch|p1a: Landorus|Landorus, M|100\/100\n|move|p2a: Arceus|Judgment|p1a: Landorus\n|-enditem|p1a: Landorus|Focus Sash\n|-damage|p1a: Landorus|1\/100\n|replace|p1a: Zoroark|Zoroark, M, shiny\n|-end|p1a: Zoroark|Illusion\n|\n|upkeep\n|turn|7\n|\n|t:|1700457939\n|switch|p2a: Lucario|Lucario, F|100\/100\n|-damage|p2a: Lucario|98\/100|[from] Stealth Rock\n|move|p1a: Zoroark|Flamethrower|p2a: Lucario\n|-supereffective|p2a: Lucario\n|-damage|p2a: Lucario|7\/100\n|\n|upkeep\n|turn|8\n|\n|t:|1700457951\n|move|p2a: Lucario|Bullet Punch|p1a: Zoroark\n|-damage|p1a: Zoroark|0 fnt\n|faint|p1a: Zoroark\n|\n|upkeep\n|\n|t:|1700457963\n|switch|p1a: Dragapult|Dragapult, F|100\/100\n|turn|9\n|\n|t:|1700457973\n|move|p2a: Lucario|Bullet Punch|p1a: Dragapult\n|-damage|p1a: Dragapult|72\/100\n|move|p1a: Dragapult|Dragon Darts|p2a: Lucario\n|-resisted|p2a: Lucario\n|-damage|p2a: Lucario|0 fnt\n|faint|p2a: Lucario\n|\n|upkeep\n|\n|t:|1700457984\n|switch|p2a: Chien-Pao|Chien-Pao|100\/100\n|-damage|p2a: Chien-Pao|76\/100|[from] Stealth Rock\n|-ability|p2a: Chien-Pao|Sword of Ruin\n|turn|10\n|\n|t:|1700457997\n|switch|p1a: Samurott|Samurott-Hisui, F, shiny|100\/100\n|move|p2a: Chien-Pao|Icicle Crash|p1a: Samurott\n|-resisted|p1a: Samurott\n|-damage|p1a: Samurott|61\/100\n|\n|upkeep\n|turn|11\n|\n|t:|1700458023\n|move|p2a: Chien-Pao|Ice Spinner|p1a: Samurott\n|-resisted|p1a: Samurott\n|-damage|p1a: Samurott|27\/100\n|move|p1a: Samurott|Sacred Sword|p2a: Chien-Pao\n|-supereffective|p2a: Chien-Pao\n|-crit|p2a: Chien-Pao\n|-damage|p2a: Chien-Pao|0 fnt\n|faint|p2a: Chien-Pao\n|\n|upkeep\n|\n|t:|1700458031\n|switch|p2a: Shaymin|Shaymin-Sky|100\/100\n|-damage|p2a: Shaymin|76\/100|[from] Stealth Rock\n|turn|12\n|\n|t:|1700458040\n|move|p1a: Samurott|Sucker Punch|p2a: Shaymin\n|-damage|p2a: Shaymin|38\/100\n|move|p2a: Shaymin|Energy Ball|p1a: Samurott\n|-supereffective|p1a: Samurott\n|-damage|p1a: Samurott|0 fnt\n|faint|p1a: Samurott\n|-damage|p2a: Shaymin|28\/100|[from] item: Life Orb\n|\n|upkeep\n|\n|t:|1700458050\n|switch|p1a: Landorus|Landorus, M|32\/100\n|turn|13\n|\n|t:|1700458064\n|move|p2a: Shaymin|Psychic|p1a: Landorus\n|-damage|p1a: Landorus|0 fnt\n|faint|p1a: Landorus\n|-damage|p2a: Shaymin|18\/100|[from] item: Life Orb\n|\n|upkeep\n|\n|t:|1700458077\n|switch|p1a: Dragapult|Dragapult, F|72\/100\n|turn|14\n|\n|t:|1700458098\n|move|p1a: Dragapult|U-turn|p2a: Shaymin\n|-crit|p2a: Shaymin\n|-damage|p2a: Shaymin|0 fnt\n|faint|p2a: Shaymin\n|\n|t:|1700458103\n|switch|p1a: Miraidon|Miraidon|100\/100|[from] U-turn\n|-fieldstart|move: Electric Terrain|[from] ability: Hadron Engine|[of] p1a: Miraidon\n|\n|upkeep\n|\n|t:|1700458111\n|switch|p2a: Arceus|Arceus-Ice|100\/100\n|-damage|p2a: Arceus|75\/100|[from] Stealth Rock\n|turn|15\n|\n|t:|1700458118\n|-terastallize|p2a: Arceus|Ice\n|move|p1a: Miraidon|Electro Drift|p2a: Arceus\n|-damage|p2a: Arceus|15\/100\n|move|p2a: Arceus|Judgment|p1a: Miraidon\n|-supereffective|p1a: Miraidon\n|-damage|p1a: Miraidon|0 fnt\n|faint|p1a: Miraidon\n|\n|upkeep\n|\n|t:|1700458129\n|switch|p1a: Dragapult|Dragapult, F|72\/100\n|turn|16\n|\n|t:|1700458137\n|move|p1a: Dragapult|Dragon Darts|p2a: Arceus\n|-damage|p2a: Arceus|0 fnt\n|faint|p2a: Arceus\n|\n|upkeep\n|\n|t:|1700458141\n|switch|p2a: Ceruledge|Ceruledge, M|100\/100\n|-damage|p2a: Ceruledge|76\/100|[from] Stealth Rock\n|turn|17\n|\n|t:|1700458145\n|move|p2a: Ceruledge|Shadow Sneak|p1a: Dragapult\n|-supereffective|p1a: Dragapult\n|-damage|p1a: Dragapult|6\/100\n|move|p1a: Dragapult|Dragon Darts|p2a: Ceruledge\n|-damage|p2a: Ceruledge|21\/100\n|-ability|p2a: Ceruledge|Weak Armor|boost\n|-unboost|p2a: Ceruledge|def|1\n|-boost|p2a: Ceruledge|spe|2\n|-anim|p1a: Dragapult|Dragon Darts|p2a: Ceruledge\n|-damage|p2a: Ceruledge|0 fnt\n|faint|p2a: Ceruledge\n|\n|win|Pinescrone\n|raw|Pinescrone's rating: 1097 &rarr; <strong>1119<\/strong><br \/>(+22 for winning)\n|raw|Arkueid's rating: 1052 &rarr; <strong>1036<\/strong><br \/>(-16 for losing)\n|l|\u2606Arkueid\n|c|\u2606Pinescrone|gg\n|l|\u2606Pinescrone\n|j|\u2606Pinescrone\n|player|p1|Pinescrone|cilan\n","uploadtime":1700458195,"views":15,"p1id":"pinescrone","p2id":"arkueid","formatid":"gen9ubers","rating":1036,"private":0,"password":""}