{"id":"gen9ubers-1972821084","p1":"Kurosakidyquebra","p2":"nmkk","format":"[Gen 9] Ubers","log":"|j|\u2606Kurosakidyquebra\n|j|\u2606nmkk\n|t:|1697899039\n|gametype|singles\n|player|p1|Kurosakidyquebra|cynthia|\n|player|p2|nmkk|doubleteam|\n|teamsize|p1|6\n|teamsize|p2|6\n|gen|9\n|tier|[Gen 9] Ubers\n|rule|Sleep Clause Mod: Limit one foe put to sleep\n|rule|Species Clause: Limit one of each Pok\u00e9mon\n|rule|OHKO Clause: OHKO moves are banned\n|rule|Evasion Items Clause: Evasion items are banned\n|rule|Evasion Moves Clause: Evasion moves are banned\n|rule|Endless Battle Clause: Forcing endless battles is banned\n|rule|HP Percentage Mod: HP is shown in percentages\n|clearpoke\n|poke|p1|Gengar, M|\n|poke|p1|Rayquaza|\n|poke|p1|Lucario, M|\n|poke|p1|Talonflame, M|\n|poke|p1|Hatterene, F|\n|poke|p1|Snorlax, F|\n|poke|p2|Annihilape, M|\n|poke|p2|Gholdengo|\n|poke|p2|Dondozo, F|\n|poke|p2|Chien-Pao|\n|poke|p2|Flutter Mane|\n|poke|p2|Kingambit, F|\n|teampreview\n|\n|t:|1697899044\n|start\n|switch|p1a: Snorlax|Snorlax, F|100\/100\n|switch|p2a: Dondozo|Dondozo, F, shiny|100\/100\n|turn|1\n|\n|t:|1697899055\n|move|p2a: Dondozo|Curse|p2a: Dondozo\n|-unboost|p2a: Dondozo|spe|1\n|-boost|p2a: Dondozo|atk|1\n|-boost|p2a: Dondozo|def|1\n|move|p1a: Snorlax|Curse|p1a: Snorlax\n|-unboost|p1a: Snorlax|spe|1\n|-boost|p1a: Snorlax|atk|1\n|-boost|p1a: Snorlax|def|1\n|\n|upkeep\n|turn|2\n|\n|t:|1697899064\n|move|p2a: Dondozo|Curse|p2a: Dondozo\n|-unboost|p2a: Dondozo|spe|1\n|-boost|p2a: Dondozo|atk|1\n|-boost|p2a: Dondozo|def|1\n|move|p1a: Snorlax|Curse|p1a: Snorlax\n|-unboost|p1a: Snorlax|spe|1\n|-boost|p1a: Snorlax|atk|1\n|-boost|p1a: Snorlax|def|1\n|\n|upkeep\n|turn|3\n|\n|t:|1697899075\n|move|p2a: Dondozo|Curse|p2a: Dondozo\n|-unboost|p2a: Dondozo|spe|1\n|-boost|p2a: Dondozo|atk|1\n|-boost|p2a: Dondozo|def|1\n|move|p1a: Snorlax|Curse|p1a: Snorlax\n|-unboost|p1a: Snorlax|spe|1\n|-boost|p1a: Snorlax|atk|1\n|-boost|p1a: Snorlax|def|1\n|\n|upkeep\n|turn|4\n|\n|t:|1697899085\n|move|p2a: Dondozo|Curse|p2a: Dondozo\n|-unboost|p2a: Dondozo|spe|1\n|-boost|p2a: Dondozo|atk|1\n|-boost|p2a: Dondozo|def|1\n|move|p1a: Snorlax|Body Slam|p2a: Dondozo\n|-damage|p2a: Dondozo|96\/100\n|\n|upkeep\n|turn|5\n|\n|t:|1697899097\n|move|p1a: Snorlax|Curse|p1a: Snorlax\n|-unboost|p1a: Snorlax|spe|1\n|-boost|p1a: Snorlax|atk|1\n|-boost|p1a: Snorlax|def|1\n|move|p2a: Dondozo|Body Press|p1a: Snorlax\n|-supereffective|p1a: Snorlax\n|-damage|p1a: Snorlax|6\/100\n|\n|-heal|p1a: Snorlax|12\/100|[from] item: Leftovers\n|upkeep\n|turn|6\n|\n|t:|1697899110\n|move|p2a: Dondozo|Body Press|p1a: Snorlax\n|-supereffective|p1a: Snorlax\n|-damage|p1a: Snorlax|0 fnt\n|faint|p1a: Snorlax\n|\n|upkeep\n|\n|t:|1697899115\n|switch|p1a: Rayquaza|Rayquaza|100\/100\n|-ability|p1a: Rayquaza|Air Lock\n|turn|7\n|\n|t:|1697899125\n|move|p1a: Rayquaza|Outrage|p2a: Dondozo\n|-damage|p2a: Dondozo|81\/100\n|-damage|p1a: Rayquaza|91\/100|[from] item: Life Orb\n|move|p2a: Dondozo|Body Press|p1a: Rayquaza\n|-resisted|p1a: Rayquaza\n|-damage|p1a: Rayquaza|50\/100\n|\n|upkeep\n|turn|8\n|\n|t:|1697899134\n|move|p1a: Rayquaza|Outrage|p2a: Dondozo|[from]lockedmove\n|-damage|p2a: Dondozo|66\/100\n|-damage|p1a: Rayquaza|40\/100|[from] item: Life Orb\n|-start|p1a: Rayquaza|confusion|[fatigue]\n|move|p2a: Dondozo|Wave Crash|p1a: Rayquaza\n|-resisted|p1a: Rayquaza\n|-damage|p1a: Rayquaza|0 fnt\n|faint|p1a: Rayquaza\n|-damage|p2a: Dondozo|57\/100|[from] Recoil\n|\n|upkeep\n|\n|t:|1697899136\n|switch|p1a: Lucario|Lucario, M|100\/100\n|turn|9\n|inactive|Battle timer is ON: inactive players will automatically lose when time's up. (requested by Kurosakidyquebra)\n|\n|t:|1697899157\n|move|p1a: Lucario|Close Combat|p2a: Dondozo\n|-damage|p2a: Dondozo|49\/100\n|-unboost|p1a: Lucario|def|1\n|-unboost|p1a: Lucario|spd|1\n|move|p2a: Dondozo|Body Press|p1a: Lucario\n|-supereffective|p1a: Lucario\n|-damage|p1a: Lucario|0 fnt\n|faint|p1a: Lucario\n|\n|upkeep\n|\n|t:|1697899160\n|switch|p1a: Talonflame|Talonflame, M|100\/100\n|turn|10\n|\n|t:|1697899173\n|move|p1a: Talonflame|Brave Bird|p2a: Dondozo\n|-damage|p2a: Dondozo|42\/100\n|-damage|p1a: Talonflame|96\/100|[from] Recoil\n|move|p2a: Dondozo|Wave Crash|p1a: Talonflame\n|-supereffective|p1a: Talonflame\n|-damage|p1a: Talonflame|0 fnt\n|faint|p1a: Talonflame\n|-damage|p2a: Dondozo|23\/100|[from] Recoil\n|\n|upkeep\n|\n|t:|1697899177\n|switch|p1a: Hatterene|Hatterene, F|100\/100\n|turn|11\n|\n|t:|1697899187\n|move|p1a: Hatterene|Draining Kiss|p2a: Dondozo\n|-damage|p2a: Dondozo|3\/100\n|move|p2a: Dondozo|Rest|p2a: Dondozo\n|-status|p2a: Dondozo|slp|[from] move: Rest\n|-heal|p2a: Dondozo|100\/100 slp|[silent]\n|-enditem|p2a: Dondozo|Chesto Berry|[eat]\n|-curestatus|p2a: Dondozo|slp|[msg]\n|\n|upkeep\n|turn|12\n|\n|t:|1697899197\n|move|p1a: Hatterene|Draining Kiss|p2a: Dondozo\n|-damage|p2a: Dondozo|80\/100\n|move|p2a: Dondozo|Wave Crash|p1a: Hatterene\n|-damage|p1a: Hatterene|0 fnt\n|faint|p1a: Hatterene\n|-damage|p2a: Dondozo|59\/100|[from] Recoil\n|\n|upkeep\n|\n|t:|1697899202\n|switch|p1a: Gengar|Gengar, M|100\/100\n|turn|13\n|\n|t:|1697899209\n|move|p1a: Gengar|Hex|p2a: Dondozo\n|-damage|p2a: Dondozo|26\/100\n|move|p2a: Dondozo|Wave Crash|p1a: Gengar\n|-crit|p1a: Gengar\n|-damage|p1a: Gengar|0 fnt\n|-start|p2a: Dondozo|Disable|Wave Crash|[from] ability: Cursed Body|[of] p1a: Gengar\n|faint|p1a: Gengar\n|-damage|p2a: Dondozo|9\/100|[from] Recoil\n|\n|win|nmkk\n","uploadtime":1697899214,"views":5,"p1id":"kurosakidyquebra","p2id":"nmkk","formatid":"gen9ubers","rating":0,"private":0,"password":""}