{"id":"gen9ubers-1974713301","p1":"kirimissing","p2":"Leo Justice","format":"[Gen 9] Ubers","log":"|j|\u2606kirimissing\n|j|\u2606Leo Justice\n|t:|1698113275\n|gametype|singles\n|player|p1|kirimissing|raifort|\n|player|p2|Leo Justice|carmine|\n|teamsize|p1|6\n|teamsize|p2|6\n|gen|9\n|tier|[Gen 9] Ubers\n|rule|Sleep Clause Mod: Limit one foe put to sleep\n|rule|Species Clause: Limit one of each Pok\u00e9mon\n|rule|OHKO Clause: OHKO moves are banned\n|rule|Evasion Items Clause: Evasion items are banned\n|rule|Evasion Moves Clause: Evasion moves are banned\n|rule|Endless Battle Clause: Forcing endless battles is banned\n|rule|HP Percentage Mod: HP is shown in percentages\n|clearpoke\n|poke|p1|Darkrai|\n|poke|p1|Dondozo, F|\n|poke|p1|Giratina|\n|poke|p1|Garganacl, F|\n|poke|p1|Espeon, F|\n|poke|p1|Slowking-Galar, M|\n|poke|p2|Meowscarada, F|\n|poke|p2|Gholdengo|\n|poke|p2|Dialga|\n|poke|p2|Zacian-*|\n|poke|p2|Magearna|\n|poke|p2|Cyclizar, M|\n|teampreview\n|c|\u2606Leo Justice|Gl\n|c|\u2606kirimissing|alr now glhf\n|\n|t:|1698113297\n|start\n|switch|p1a: Darkrai|Darkrai|100\/100\n|switch|p2a: Meowscarada|Meowscarada, F|100\/100\n|turn|1\n|\n|t:|1698113306\n|move|p2a: Meowscarada|Flower Trick|p1a: Darkrai\n|-crit|p1a: Darkrai\n|-damage|p1a: Darkrai|50\/100\n|move|p1a: Darkrai|Taunt|p2a: Meowscarada\n|-start|p2a: Meowscarada|move: Taunt\n|\n|-heal|p1a: Darkrai|56\/100|[from] item: Leftovers\n|upkeep\n|turn|2\n|\n|t:|1698113314\n|switch|p2a: Magearna|Magearna|100\/100\n|move|p1a: Darkrai|Thunder Wave|p2a: Magearna\n|-status|p2a: Magearna|par\n|\n|-heal|p1a: Darkrai|62\/100|[from] item: Leftovers\n|upkeep\n|turn|3\n|\n|t:|1698113319\n|switch|p1a: Garganacl|Garganacl, F|100\/100\n|move|p2a: Magearna|Spikes|p1a: Garganacl\n|-sidestart|p1: kirimissing|Spikes\n|\n|upkeep\n|turn|4\n|\n|t:|1698113326\n|switch|p2a: Cyclizar|Cyclizar, M|100\/100\n|move|p1a: Garganacl|Salt Cure|p2a: Cyclizar\n|-damage|p2a: Cyclizar|83\/100\n|-start|p2a: Cyclizar|Salt Cure\n|\n|-damage|p2a: Cyclizar|70\/100|[from] Salt Cure\n|upkeep\n|turn|5\n|\n|t:|1698113337\n|switch|p1a: Giratina|Giratina|100\/100\n|-damage|p1a: Giratina|88\/100|[from] Spikes\n|-ability|p1a: Giratina|Pressure\n|move|p2a: Cyclizar|Shed Tail|p2a: Cyclizar\n|-start|p2a: Cyclizar|Substitute|[from] move: Shed Tail\n|-damage|p2a: Cyclizar|20\/100\n|\n|t:|1698113340\n|switch|p2a: Gholdengo|Gholdengo|100\/100|[from] Shed Tail\n|-item|p2a: Gholdengo|Air Balloon\n|\n|-heal|p1a: Giratina|94\/100|[from] item: Leftovers\n|upkeep\n|turn|6\n|\n|t:|1698113344\n|move|p2a: Gholdengo|Nasty Plot|p2a: Gholdengo\n|-boost|p2a: Gholdengo|spa|2\n|move|p1a: Giratina|Roar|p2a: Gholdengo\n|-immune|p2a: Gholdengo|[from] ability: Good as Gold\n|\n|-heal|p1a: Giratina|100\/100|[from] item: Leftovers\n|upkeep\n|turn|7\n|c|\u2606kirimissing|me so dumb\n|\n|t:|1698113361\n|switch|p1a: Dondozo|Dondozo, F|100\/100\n|-damage|p1a: Dondozo|88\/100|[from] Spikes\n|move|p2a: Gholdengo|Shadow Ball|p1a: Dondozo\n|-damage|p1a: Dondozo|62\/100\n|\n|-heal|p1a: Dondozo|68\/100|[from] item: Leftovers\n|upkeep\n|turn|8\n|\n|t:|1698113369\n|move|p2a: Gholdengo|Shadow Ball|p1a: Dondozo\n|-damage|p1a: Dondozo|43\/100\n|move|p1a: Dondozo|Order Up|p2a: Gholdengo\n|-resisted|p2a: Gholdengo\n|-activate|p2a: Gholdengo|move: Substitute|[damage]\n|-enditem|p2a: Gholdengo|Air Balloon\n|\n|-heal|p1a: Dondozo|49\/100|[from] item: Leftovers\n|upkeep\n|turn|9\n|\n|t:|1698113377\n|move|p2a: Gholdengo|Shadow Ball|p1a: Dondozo\n|-damage|p1a: Dondozo|25\/100\n|move|p1a: Dondozo|Order Up|p2a: Gholdengo\n|-resisted|p2a: Gholdengo\n|-activate|p2a: Gholdengo|move: Substitute|[damage]\n|\n|-heal|p1a: Dondozo|31\/100|[from] item: Leftovers\n|upkeep\n|turn|10\n|\n|t:|1698113384\n|move|p2a: Gholdengo|Shadow Ball|p1a: Dondozo\n|-damage|p1a: Dondozo|10\/100\n|-unboost|p1a: Dondozo|spd|1\n|move|p1a: Dondozo|Order Up|p2a: Gholdengo\n|-resisted|p2a: Gholdengo\n|-end|p2a: Gholdengo|Substitute\n|\n|-heal|p1a: Dondozo|16\/100|[from] item: Leftovers\n|upkeep\n|turn|11\n|\n|t:|1698113403\n|switch|p1a: Garganacl|Garganacl, F|100\/100\n|-damage|p1a: Garganacl|88\/100|[from] Spikes\n|move|p2a: Gholdengo|Shadow Ball|p1a: Garganacl\n|-damage|p1a: Garganacl|59\/100\n|-unboost|p1a: Garganacl|spd|1\n|\n|-heal|p1a: Garganacl|65\/100|[from] item: Leftovers\n|upkeep\n|turn|12\n|\n|t:|1698113416\n|move|p1a: Garganacl|Protect|p1a: Garganacl\n|-singleturn|p1a: Garganacl|Protect\n|move|p2a: Gholdengo|Make It Rain|p1a: Garganacl\n|-activate|p1a: Garganacl|move: Protect\n|\n|-heal|p1a: Garganacl|72\/100|[from] item: Leftovers\n|upkeep\n|turn|13\n|\n|t:|1698113423\n|switch|p2a: Cyclizar|Cyclizar, M|54\/100\n|switch|p1a: Giratina|Giratina|100\/100\n|-damage|p1a: Giratina|88\/100|[from] Spikes\n|-ability|p1a: Giratina|Pressure\n|\n|-heal|p1a: Giratina|94\/100|[from] item: Leftovers\n|upkeep\n|turn|14\n|\n|t:|1698113429\n|move|p2a: Cyclizar|Shed Tail|p2a: Cyclizar\n|-start|p2a: Cyclizar|Substitute|[from] move: Shed Tail\n|-damage|p2a: Cyclizar|3\/100\n|\n|t:|1698113431\n|switch|p2a: Gholdengo|Gholdengo|100\/100|[from] Shed Tail\n|move|p1a: Giratina|Roar|p2a: Gholdengo\n|-immune|p2a: Gholdengo|[from] ability: Good as Gold\n|\n|-heal|p1a: Giratina|100\/100|[from] item: Leftovers\n|upkeep\n|turn|15\n|\n|t:|1698113437\n|switch|p1a: Espeon|Espeon, F|100\/100\n|-damage|p1a: Espeon|88\/100|[from] Spikes\n|move|p2a: Gholdengo|Nasty Plot|p2a: Gholdengo\n|-boost|p2a: Gholdengo|spa|2\n|\n|-heal|p1a: Espeon|94\/100|[from] item: Leftovers\n|upkeep\n|turn|16\n|\n|t:|1698113444\n|move|p1a: Espeon|Wish|p1a: Espeon\n|move|p2a: Gholdengo|Shadow Ball|p1a: Espeon\n|-supereffective|p1a: Espeon\n|-damage|p1a: Espeon|0 fnt\n|faint|p1a: Espeon\n|\n|upkeep\n|\n|t:|1698113446\n|switch|p1a: Dondozo|Dondozo, F|16\/100\n|-damage|p1a: Dondozo|3\/100|[from] Spikes\n|turn|17\n|\n|t:|1698113454\n|move|p2a: Gholdengo|Shadow Ball|p1a: Dondozo\n|-damage|p1a: Dondozo|0 fnt\n|faint|p1a: Dondozo\n|\n|upkeep\n|\n|t:|1698113463\n|switch|p1a: Garganacl|Garganacl, F|72\/100\n|-damage|p1a: Garganacl|59\/100|[from] Spikes\n|turn|18\n|\n|t:|1698113468\n|move|p2a: Gholdengo|Make It Rain|p1a: Garganacl\n|-supereffective|p1a: Garganacl\n|-damage|p1a: Garganacl|0 fnt\n|-unboost|p2a: Gholdengo|spa|1\n|faint|p1a: Garganacl\n|\n|upkeep\n|\n|t:|1698113476\n|switch|p1a: Darkrai|Darkrai|62\/100\n|-damage|p1a: Darkrai|50\/100|[from] Spikes\n|turn|19\n|\n|t:|1698113486\n|move|p1a: Darkrai|Taunt|p2a: Gholdengo\n|-immune|p2a: Gholdengo|[from] ability: Good as Gold\n|move|p2a: Gholdengo|Make It Rain|p1a: Darkrai\n|-damage|p1a: Darkrai|0 fnt\n|-unboost|p2a: Gholdengo|spa|1\n|faint|p1a: Darkrai\n|\n|upkeep\n|c|\u2606kirimissing|its joever\n|\n|t:|1698113492\n|switch|p1a: Slowking|Slowking-Galar, M|100\/100\n|-damage|p1a: Slowking|88\/100|[from] Spikes\n|turn|20\n|\n|t:|1698113497\n|move|p2a: Gholdengo|Nasty Plot|p2a: Gholdengo\n|-boost|p2a: Gholdengo|spa|2\n|move|p1a: Slowking|Disable|p2a: Gholdengo\n|-immune|p2a: Gholdengo|[from] ability: Good as Gold\n|\n|-heal|p1a: Slowking|94\/100|[from] item: Black Sludge\n|upkeep\n|turn|21\n|c|\u2606kirimissing|guess it makes sense to use dengo for this one\n|-message|kirimissing forfeited.\n|\n|win|Leo Justice\n|c|\u2606kirimissing|re? maybe i am not that dumb this time\n|c|\u2606Leo Justice|alright\n","uploadtime":1698113539,"views":13,"p1id":"kirimissing","p2id":"leojustice","formatid":"gen9ubers","rating":0,"private":0,"password":""}