{"id":"gen9ubers-1980592472","p1":"SadaShidz\ufe0f","p2":"WARIOROFLIBERATION","format":"[Gen 9] Ubers","log":"|j|\u2606SadaShidz\ufe0f\n|j|\u2606WARIOROFLIBERATION\n|t:|1698800975\n|gametype|singles\n|player|p1|SadaShidz\ufe0f|sada-ai|1175\n|player|p2|WARIOROFLIBERATION|red-gen2|1313\n|teamsize|p1|6\n|teamsize|p2|6\n|gen|9\n|tier|[Gen 9] Ubers\n|rated|\n|rule|Sleep Clause Mod: Limit one foe put to sleep\n|rule|Species Clause: Limit one of each Pok\u00e9mon\n|rule|OHKO Clause: OHKO moves are banned\n|rule|Evasion Items Clause: Evasion items are banned\n|rule|Evasion Moves Clause: Evasion moves are banned\n|rule|Endless Battle Clause: Forcing endless battles is banned\n|rule|HP Percentage Mod: HP is shown in percentages\n|clearpoke\n|poke|p1|Ribombee, F|\n|poke|p1|Ogerpon-Hearthflame, F|\n|poke|p1|Arceus-Ghost|\n|poke|p1|Flutter Mane|\n|poke|p1|Sinistcha-Masterpiece|\n|poke|p1|Ursaluna-Bloodmoon, M|\n|poke|p2|Ursaluna, M|\n|poke|p2|Calyrex-Ice|\n|poke|p2|Magearna|\n|poke|p2|Basculegion, M|\n|poke|p2|Hatterene, F|\n|poke|p2|Dialga-Origin|\n|teampreview\n|inactive|Battle timer is ON: inactive players will automatically lose when time's up. (requested by SadaShidz\ufe0f)\n|inactive|WARIOROFLIBERATION has 120 seconds left.\n|inactive|WARIOROFLIBERATION has 90 seconds left.\n|\n|t:|1698801063\n|start\n|switch|p1a: Mighty Bee|Ribombee, F, shiny|100\/100\n|switch|p2a: BAJRANGAAAAA GUN\ud83d\udd2b|Hatterene, F|100\/100\n|turn|1\n|\n|t:|1698801081\n|move|p1a: Mighty Bee|Moonblast|p2a: BAJRANGAAAAA GUN\ud83d\udd2b\n|-damage|p2a: BAJRANGAAAAA GUN\ud83d\udd2b|74\/100\n|move|p2a: BAJRANGAAAAA GUN\ud83d\udd2b|Trick Room|p2a: BAJRANGAAAAA GUN\ud83d\udd2b\n|-fieldstart|move: Trick Room|[of] p2a: BAJRANGAAAAA GUN\ud83d\udd2b\n|\n|upkeep\n|turn|2\n|\n|t:|1698801086\n|move|p2a: BAJRANGAAAAA GUN\ud83d\udd2b|Mystical Fire|p1a: Mighty Bee\n|-supereffective|p1a: Mighty Bee\n|-damage|p1a: Mighty Bee|41\/100\n|move|p1a: Mighty Bee|Moonblast|p2a: BAJRANGAAAAA GUN\ud83d\udd2b\n|-damage|p2a: BAJRANGAAAAA GUN\ud83d\udd2b|48\/100\n|\n|upkeep\n|turn|3\n|\n|t:|1698801094\n|switch|p1a: Sippin Green|Sinistcha-Masterpiece, shiny|100\/100\n|move|p2a: BAJRANGAAAAA GUN\ud83d\udd2b|Healing Wish|p2a: BAJRANGAAAAA GUN\ud83d\udd2b\n|faint|p2a: BAJRANGAAAAA GUN\ud83d\udd2b\n|\n|upkeep\n|inactive|WARIOROFLIBERATION has 120 seconds left.\n|\n|t:|1698801125\n|switch|p2a: BAJRANGAA GUN\ud83d\udd2b|Calyrex-Ice|100\/100\n|-ability|p2a: BAJRANGAA GUN\ud83d\udd2b|As One\n|-ability|p2a: BAJRANGAA GUN\ud83d\udd2b|Unnerve\n|turn|4\n|c|\u2606SadaShidz\ufe0f|These names are cringe lol\n|c|\u2606WARIOROFLIBERATION|:(\n|\n|t:|1698801149\n|switch|p1a: Yamz|Arceus-Ghost, shiny|100\/100\n|move|p2a: BAJRANGAA GUN\ud83d\udd2b|Glacial Lance|p1a: Yamz\n|-damage|p1a: Yamz|34\/100\n|-damage|p2a: BAJRANGAA GUN\ud83d\udd2b|91\/100|[from] item: Life Orb\n|\n|upkeep\n|turn|5\n|\n|t:|1698801154\n|move|p2a: BAJRANGAA GUN\ud83d\udd2b|Glacial Lance|p1a: Yamz\n|-damage|p1a: Yamz|0 fnt\n|faint|p1a: Yamz\n|-ability|p2a: BAJRANGAA GUN\ud83d\udd2b|Chilling Neigh|boost\n|-boost|p2a: BAJRANGAA GUN\ud83d\udd2b|atk|1\n|-damage|p2a: BAJRANGAA GUN\ud83d\udd2b|81\/100|[from] item: Life Orb\n|\n|-fieldend|move: Trick Room\n|upkeep\n|\n|t:|1698801169\n|switch|p1a: Fioni|Ogerpon-Hearthflame, F|100\/100\n|-ability|p1a: Fioni|Mold Breaker\n|turn|6\n|\n|t:|1698801182\n|-terastallize|p1a: Fioni|Fire\n|detailschange|p1a: Fioni|Ogerpon-Hearthflame-Tera, F, tera:Fire\n|-ability|p1a: Fioni|Embody Aspect (Hearthflame)|boost\n|-boost|p1a: Fioni|atk|1\n|-terastallize|p2a: BAJRANGAA GUN\ud83d\udd2b|Fire\n|move|p1a: Fioni|Swords Dance|p1a: Fioni\n|-boost|p1a: Fioni|atk|2\n|move|p2a: BAJRANGAA GUN\ud83d\udd2b|Trick Room|p2a: BAJRANGAA GUN\ud83d\udd2b\n|-fieldstart|move: Trick Room|[of] p2a: BAJRANGAA GUN\ud83d\udd2b\n|\n|upkeep\n|turn|7\n|\n|t:|1698801195\n|switch|p1a: Mighty Bee|Ribombee, F, shiny|41\/100\n|move|p2a: BAJRANGAA GUN\ud83d\udd2b|Stomping Tantrum|p1a: Mighty Bee\n|-resisted|p1a: Mighty Bee\n|-damage|p1a: Mighty Bee|0 fnt\n|faint|p1a: Mighty Bee\n|-ability|p2a: BAJRANGAA GUN\ud83d\udd2b|Chilling Neigh|boost\n|-boost|p2a: BAJRANGAA GUN\ud83d\udd2b|atk|1\n|-damage|p2a: BAJRANGAA GUN\ud83d\udd2b|71\/100|[from] item: Life Orb\n|\n|upkeep\n|\n|t:|1698801204\n|switch|p1a: Ice Spice|Flutter Mane|100\/100\n|turn|8\n|\n|t:|1698801214\n|move|p2a: BAJRANGAA GUN\ud83d\udd2b|Glacial Lance|p1a: Ice Spice\n|-enditem|p1a: Ice Spice|Focus Sash\n|-damage|p1a: Ice Spice|1\/100\n|-damage|p2a: BAJRANGAA GUN\ud83d\udd2b|61\/100|[from] item: Life Orb\n|move|p1a: Ice Spice|Pain Split|p2a: BAJRANGAA GUN\ud83d\udd2b\n|-sethp|p2a: BAJRANGAA GUN\ud83d\udd2b|31\/100|[from] move: Pain Split|[silent]\n|-sethp|p1a: Ice Spice|49\/100|[from] move: Pain Split\n|\n|upkeep\n|turn|9\n|\n|t:|1698801230\n|-end|p1a: Ice Spice|Protosynthesis|[silent]\n|switch|p1a: Sippin Green|Sinistcha-Masterpiece, shiny|100\/100\n|move|p2a: BAJRANGAA GUN\ud83d\udd2b|Glacial Lance|p1a: Sippin Green\n|-supereffective|p1a: Sippin Green\n|-damage|p1a: Sippin Green|0 fnt\n|faint|p1a: Sippin Green\n|-ability|p2a: BAJRANGAA GUN\ud83d\udd2b|Chilling Neigh|boost\n|-boost|p2a: BAJRANGAA GUN\ud83d\udd2b|atk|1\n|-damage|p2a: BAJRANGAA GUN\ud83d\udd2b|21\/100|[from] item: Life Orb\n|\n|upkeep\n|\n|t:|1698801233\n|switch|p1a: Undead|Ursaluna-Bloodmoon, M|100\/100\n|turn|10\n|\n|t:|1698801237\n|move|p1a: Undead|Vacuum Wave|p2a: BAJRANGAA GUN\ud83d\udd2b\n|-damage|p2a: BAJRANGAA GUN\ud83d\udd2b|12\/100\n|move|p2a: BAJRANGAA GUN\ud83d\udd2b|Glacial Lance|p1a: Undead\n|-supereffective|p1a: Undead\n|-damage|p1a: Undead|0 fnt\n|faint|p1a: Undead\n|-ability|p2a: BAJRANGAA GUN\ud83d\udd2b|Chilling Neigh|boost\n|-boost|p2a: BAJRANGAA GUN\ud83d\udd2b|atk|1\n|-damage|p2a: BAJRANGAA GUN\ud83d\udd2b|2\/100|[from] item: Life Orb\n|\n|-fieldend|move: Trick Room\n|upkeep\n|\n|t:|1698801243\n|switch|p1a: Fioni|Ogerpon-Hearthflame-Tera, F, tera:Fire|100\/100\n|-ability|p1a: Fioni|Embody Aspect (Hearthflame)|boost\n|-boost|p1a: Fioni|atk|1\n|turn|11\n|\n|t:|1698801249\n|move|p1a: Fioni|Ivy Cudgel|p2a: BAJRANGAA GUN\ud83d\udd2b\n|-resisted|p2a: BAJRANGAA GUN\ud83d\udd2b\n|-damage|p2a: BAJRANGAA GUN\ud83d\udd2b|0 fnt\n|faint|p2a: BAJRANGAA GUN\ud83d\udd2b\n|\n|upkeep\n|c|\u2606SadaShidz\ufe0f|They need to ban that mon\n|c|\u2606SadaShidz\ufe0f|mon*\n|c|\u2606WARIOROFLIBERATION|why?\n|inactive|WARIOROFLIBERATION has 120 seconds left.\n|c|\u2606SadaShidz\ufe0f|It\u2019s just as broken as shadow caly\n|inactive|WARIOROFLIBERATION has 90 seconds left.\n|c|\u2606WARIOROFLIBERATION|yeah kinda\n|\n|t:|1698801323\n|switch|p2a: BAJRANGAAAA GUN\ud83d\udd2b|Basculegion, M, shiny|100\/100\n|turn|12\n|\n|t:|1698801328\n|move|p2a: BAJRANGAAAA GUN\ud83d\udd2b|Aqua Jet|p1a: Fioni\n|-supereffective|p1a: Fioni\n|-damage|p1a: Fioni|0 fnt\n|faint|p1a: Fioni\n|\n|upkeep\n|\n|t:|1698801332\n|switch|p1a: Ice Spice|Flutter Mane|49\/100\n|turn|13\n|\n|t:|1698801335\n|move|p2a: BAJRANGAAAA GUN\ud83d\udd2b|Aqua Jet|p1a: Ice Spice\n|-damage|p1a: Ice Spice|0 fnt\n|faint|p1a: Ice Spice\n|-end|p1a: Ice Spice|Protosynthesis|[silent]\n|\n|win|WARIOROFLIBERATION\n|raw|SadaShidz\ufe0f's rating: 1175 &rarr; <strong>1159<\/strong><br \/>(-16 for losing)\n|raw|WARIOROFLIBERATION's rating: 1313 &rarr; <strong>1325<\/strong><br \/>(+12 for winning)\n|l|\u2606SadaShidz\ufe0f\n","uploadtime":1698801340,"views":8,"p1id":"sadashidz","p2id":"wariorofliberation","formatid":"gen9ubers","rating":1159,"private":0,"password":""}