{"id":"gen9ubers-1967819723","p1":"Leo Justice","p2":"Kinesquared","format":"[Gen 9] Ubers","log":"|j|\u2606Leo Justice\n|j|\u2606Kinesquared\n|t:|1697342426\n|gametype|singles\n|player|p1|Leo Justice|carmine|\n|player|p2|Kinesquared|scientist-gen4dp|\n|teamsize|p1|6\n|teamsize|p2|6\n|gen|9\n|tier|[Gen 9] Ubers\n|rule|Sleep Clause Mod: Limit one foe put to sleep\n|rule|Species Clause: Limit one of each Pok\u00e9mon\n|rule|OHKO Clause: OHKO moves are banned\n|rule|Evasion Items Clause: Evasion items are banned\n|rule|Evasion Moves Clause: Evasion moves are banned\n|rule|Endless Battle Clause: Forcing endless battles is banned\n|rule|HP Percentage Mod: HP is shown in percentages\n|clearpoke\n|poke|p1|Dondozo, F|\n|poke|p1|Magearna|\n|poke|p1|Giratina|\n|poke|p1|Arceus-Poison|\n|poke|p1|Blissey, F|\n|poke|p1|Garganacl, F|\n|poke|p2|Torkoal, M|\n|poke|p2|Chi-Yu|\n|poke|p2|Walking Wake|\n|poke|p2|Zacian-*|\n|poke|p2|Arceus-Grass|\n|poke|p2|Roaring Moon|\n|teampreview\n|inactive|Battle timer is ON: inactive players will automatically lose when time's up. (requested by Kinesquared)\n|c|\u2606Kinesquared|hello good sir\n|\n|t:|1697342436\n|start\n|switch|p1a: Garganacl|Garganacl, F|100\/100\n|switch|p2a: Torkoal|Torkoal, M|100\/100\n|-weather|SunnyDay|[from] ability: Drought|[of] p2a: Torkoal\n|turn|1\n|\n|t:|1697342445\n|move|p1a: Garganacl|Stealth Rock|p2a: Torkoal\n|-sidestart|p2: Kinesquared|move: Stealth Rock\n|move|p2a: Torkoal|Stealth Rock|p1a: Garganacl\n|-sidestart|p1: Leo Justice|move: Stealth Rock\n|\n|-weather|SunnyDay|[upkeep]\n|upkeep\n|turn|2\n|\n|t:|1697342454\n|switch|p2a: Arceus|Arceus-Grass|100\/100\n|-damage|p2a: Arceus|88\/100|[from] Stealth Rock\n|move|p1a: Garganacl|Salt Cure|p2a: Arceus\n|-damage|p2a: Arceus|79\/100\n|-start|p2a: Arceus|Salt Cure\n|\n|-weather|SunnyDay|[upkeep]\n|-damage|p2a: Arceus|67\/100|[from] Salt Cure\n|upkeep\n|turn|3\n|\n|t:|1697342465\n|switch|p1a: Giratina|Giratina|100\/100\n|-ability|p1a: Giratina|Pressure\n|move|p2a: Arceus|Calm Mind|p2a: Arceus\n|-boost|p2a: Arceus|spa|1\n|-boost|p2a: Arceus|spd|1\n|\n|-weather|SunnyDay|[upkeep]\n|-damage|p2a: Arceus|54\/100|[from] Salt Cure\n|upkeep\n|turn|4\n|\n|t:|1697342484\n|switch|p2a: Chi-Yu|Chi-Yu|100\/100\n|-damage|p2a: Chi-Yu|76\/100|[from] Stealth Rock\n|-ability|p2a: Chi-Yu|Beads of Ruin\n|switch|p1a: Magearna|Magearna|100\/100\n|-damage|p1a: Magearna|94\/100|[from] Stealth Rock\n|\n|-weather|SunnyDay|[upkeep]\n|-heal|p1a: Magearna|100\/100|[from] item: Leftovers\n|upkeep\n|turn|5\n|\n|t:|1697342496\n|switch|p1a: Blissey|Blissey, F|100\/100\n|-terastallize|p2a: Chi-Yu|Fire\n|move|p2a: Chi-Yu|Overheat|p1a: Blissey\n|-damage|p1a: Blissey|0 fnt\n|-unboost|p2a: Chi-Yu|spa|2\n|faint|p1a: Blissey\n|\n|-weather|SunnyDay|[upkeep]\n|upkeep\n|c|\u2606Kinesquared|I DID THE CALC\n|\n|t:|1697342507\n|switch|p1a: Garganacl|Garganacl, F|100\/100\n|-damage|p1a: Garganacl|88\/100|[from] Stealth Rock\n|turn|6\n|c|\u2606Kinesquared|thing has happened\n|\n|t:|1697342516\n|switch|p2a: Roaring Moon|Roaring Moon|100\/100\n|-activate|p2a: Roaring Moon|ability: Protosynthesis\n|-start|p2a: Roaring Moon|protosynthesisatk\n|move|p1a: Garganacl|Salt Cure|p2a: Roaring Moon\n|-damage|p2a: Roaring Moon|84\/100\n|-start|p2a: Roaring Moon|Salt Cure\n|\n|-weather|SunnyDay|[upkeep]\n|-heal|p1a: Garganacl|94\/100|[from] item: Leftovers\n|-damage|p2a: Roaring Moon|72\/100|[from] Salt Cure\n|upkeep\n|turn|7\n|\n|t:|1697342530\n|switch|p1a: Dondozo|Dondozo, F|100\/100\n|move|p2a: Roaring Moon|Knock Off|p1a: Dondozo\n|-damage|p1a: Dondozo|70\/100\n|-enditem|p1a: Dondozo|Heavy-Duty Boots|[from] move: Knock Off|[of] p2a: Roaring Moon\n|\n|-weather|SunnyDay|[upkeep]\n|-damage|p2a: Roaring Moon|59\/100|[from] Salt Cure\n|upkeep\n|turn|8\n|\n|t:|1697342542\n|move|p2a: Roaring Moon|Iron Head|p1a: Dondozo\n|-resisted|p1a: Dondozo\n|-damage|p1a: Dondozo|60\/100\n|cant|p1a: Dondozo|flinch\n|\n|-weather|none\n|-end|p2a: Roaring Moon|Protosynthesis\n|-damage|p2a: Roaring Moon|47\/100|[from] Salt Cure\n|upkeep\n|turn|9\n|\n|t:|1697342552\n|-end|p2a: Roaring Moon|Protosynthesis|[silent]\n|switch|p2a: Torkoal|Torkoal, M|100\/100\n|-damage|p2a: Torkoal|76\/100|[from] Stealth Rock\n|-weather|SunnyDay|[from] ability: Drought|[of] p2a: Torkoal\n|switch|p1a: Garganacl|Garganacl, F|94\/100\n|-damage|p1a: Garganacl|82\/100|[from] Stealth Rock\n|\n|-weather|SunnyDay|[upkeep]\n|-heal|p1a: Garganacl|88\/100|[from] item: Leftovers\n|upkeep\n|turn|10\n|\n|t:|1697342563\n|move|p1a: Garganacl|Salt Cure|p2a: Torkoal\n|-supereffective|p2a: Torkoal\n|-damage|p2a: Torkoal|58\/100\n|-start|p2a: Torkoal|Salt Cure\n|move|p2a: Torkoal|Body Press|p1a: Garganacl\n|-supereffective|p1a: Garganacl\n|-damage|p1a: Garganacl|47\/100\n|\n|-weather|SunnyDay|[upkeep]\n|-heal|p1a: Garganacl|53\/100|[from] item: Leftovers\n|-damage|p2a: Torkoal|46\/100|[from] Salt Cure\n|upkeep\n|turn|11\n|\n|t:|1697342573\n|switch|p2a: Walking Wake|Walking Wake|100\/100\n|-damage|p2a: Walking Wake|88\/100|[from] Stealth Rock\n|-activate|p2a: Walking Wake|ability: Protosynthesis\n|-start|p2a: Walking Wake|protosynthesisspe\n|move|p1a: Garganacl|Recover|p1a: Garganacl\n|-heal|p1a: Garganacl|100\/100\n|\n|-weather|SunnyDay|[upkeep]\n|upkeep\n|turn|12\n|\n|t:|1697342583\n|switch|p1a: Magearna|Magearna|100\/100\n|-damage|p1a: Magearna|94\/100|[from] Stealth Rock\n|move|p2a: Walking Wake|Hydro Steam|p1a: Magearna\n|-damage|p1a: Magearna|43\/100\n|\n|-weather|SunnyDay|[upkeep]\n|-heal|p1a: Magearna|49\/100|[from] item: Leftovers\n|upkeep\n|turn|13\n|\n|t:|1697342603\n|-end|p2a: Walking Wake|Protosynthesis|[silent]\n|switch|p2a: Chi-Yu|Chi-Yu, tera:Fire|76\/100\n|-damage|p2a: Chi-Yu|51\/100|[from] Stealth Rock\n|-ability|p2a: Chi-Yu|Beads of Ruin\n|switch|p1a: Giratina|Giratina|100\/100\n|-ability|p1a: Giratina|Pressure\n|\n|-weather|SunnyDay|[upkeep]\n|upkeep\n|turn|14\n|\n|t:|1697342620\n|switch|p1a: Magearna|Magearna|49\/100\n|-damage|p1a: Magearna|43\/100|[from] Stealth Rock\n|move|p2a: Chi-Yu|Flamethrower|p1a: Magearna\n|-supereffective|p1a: Magearna\n|-damage|p1a: Magearna|0 fnt\n|faint|p1a: Magearna\n|\n|-weather|SunnyDay|[upkeep]\n|upkeep\n|\n|t:|1697342624\n|switch|p1a: Garganacl|Garganacl, F|100\/100\n|-damage|p1a: Garganacl|88\/100|[from] Stealth Rock\n|turn|15\n|\n|t:|1697342633\n|switch|p2a: Arceus|Arceus-Grass|54\/100\n|-damage|p2a: Arceus|42\/100|[from] Stealth Rock\n|move|p1a: Garganacl|Salt Cure|p2a: Arceus\n|-damage|p2a: Arceus|33\/100\n|-start|p2a: Arceus|Salt Cure\n|\n|-weather|SunnyDay|[upkeep]\n|-heal|p1a: Garganacl|94\/100|[from] item: Leftovers\n|-damage|p2a: Arceus|21\/100|[from] Salt Cure\n|upkeep\n|turn|16\n|\n|t:|1697342643\n|switch|p1a: Arceus|Arceus-Poison|100\/100\n|-damage|p1a: Arceus|88\/100|[from] Stealth Rock\n|move|p2a: Arceus|Recover|p2a: Arceus\n|-heal|p2a: Arceus|71\/100\n|\n|-weather|none\n|-damage|p2a: Arceus|58\/100|[from] Salt Cure\n|upkeep\n|turn|17\n|\n|t:|1697342651\n|switch|p2a: Torkoal|Torkoal, M|46\/100\n|-damage|p2a: Torkoal|21\/100|[from] Stealth Rock\n|-weather|SunnyDay|[from] ability: Drought|[of] p2a: Torkoal\n|move|p1a: Arceus|Calm Mind|p1a: Arceus\n|-boost|p1a: Arceus|spa|1\n|-boost|p1a: Arceus|spd|1\n|\n|-weather|SunnyDay|[upkeep]\n|upkeep\n|turn|18\n|\n|t:|1697342659\n|move|p1a: Arceus|Calm Mind|p1a: Arceus\n|-boost|p1a: Arceus|spa|1\n|-boost|p1a: Arceus|spd|1\n|move|p2a: Torkoal|Yawn|p1a: Arceus\n|-start|p1a: Arceus|move: Yawn|[of] p2a: Torkoal\n|\n|-weather|SunnyDay|[upkeep]\n|upkeep\n|turn|19\n|\n|t:|1697342671\n|move|p1a: Arceus|Judgment|p2a: Torkoal\n|-damage|p2a: Torkoal|0 fnt\n|faint|p2a: Torkoal\n|\n|-weather|SunnyDay|[upkeep]\n|-end|p1a: Arceus|move: Yawn|[silent]\n|-status|p1a: Arceus|slp\n|upkeep\n|\n|t:|1697342678\n|switch|p2a: Roaring Moon|Roaring Moon|47\/100\n|-activate|p2a: Roaring Moon|ability: Protosynthesis\n|-start|p2a: Roaring Moon|protosynthesisatk\n|turn|20\n|\n|t:|1697342686\n|switch|p1a: Dondozo|Dondozo, F|60\/100\n|-damage|p1a: Dondozo|48\/100|[from] Stealth Rock\n|move|p2a: Roaring Moon|Dragon Dance|p2a: Roaring Moon\n|-boost|p2a: Roaring Moon|atk|1\n|-boost|p2a: Roaring Moon|spe|1\n|\n|-weather|SunnyDay|[upkeep]\n|upkeep\n|turn|21\n|\n|t:|1697342703\n|move|p2a: Roaring Moon|Earthquake|p1a: Dondozo\n|-damage|p1a: Dondozo|25\/100\n|move|p1a: Dondozo|Rest|p1a: Dondozo\n|-status|p1a: Dondozo|slp|[from] move: Rest\n|-heal|p1a: Dondozo|100\/100 slp|[silent]\n|\n|-weather|SunnyDay|[upkeep]\n|upkeep\n|turn|22\n|\n|t:|1697342713\n|-end|p2a: Roaring Moon|Protosynthesis|[silent]\n|switch|p2a: Chi-Yu|Chi-Yu, tera:Fire|51\/100\n|-damage|p2a: Chi-Yu|26\/100|[from] Stealth Rock\n|-ability|p2a: Chi-Yu|Beads of Ruin\n|switch|p1a: Garganacl|Garganacl, F|94\/100\n|-damage|p1a: Garganacl|82\/100|[from] Stealth Rock\n|\n|-weather|SunnyDay|[upkeep]\n|-heal|p1a: Garganacl|88\/100|[from] item: Leftovers\n|upkeep\n|turn|23\n|\n|t:|1697342719\n|move|p1a: Garganacl|Protect|p1a: Garganacl\n|-singleturn|p1a: Garganacl|Protect\n|move|p2a: Chi-Yu|Flamethrower|p1a: Garganacl\n|-activate|p1a: Garganacl|move: Protect\n|\n|-weather|SunnyDay|[upkeep]\n|-heal|p1a: Garganacl|94\/100|[from] item: Leftovers\n|upkeep\n|turn|24\n|\n|t:|1697342735\n|move|p2a: Chi-Yu|Flamethrower|p1a: Garganacl\n|-resisted|p1a: Garganacl\n|-damage|p1a: Garganacl|36\/100\n|move|p1a: Garganacl|Salt Cure|p2a: Chi-Yu\n|-supereffective|p2a: Chi-Yu\n|-damage|p2a: Chi-Yu|0 fnt\n|faint|p2a: Chi-Yu\n|\n|-weather|none\n|-heal|p1a: Garganacl|42\/100|[from] item: Leftovers\n|upkeep\n|\n|t:|1697342745\n|switch|p2a: Zacian|Zacian|100\/100\n|-damage|p2a: Zacian|88\/100|[from] Stealth Rock\n|-ability|p2a: Zacian|Intrepid Sword|boost\n|-boost|p2a: Zacian|atk|1\n|turn|25\n|\n|t:|1697342752\n|switch|p2a: Arceus|Arceus-Grass|58\/100\n|-damage|p2a: Arceus|46\/100|[from] Stealth Rock\n|switch|p1a: Dondozo|Dondozo, F|100\/100 slp\n|-damage|p1a: Dondozo|88\/100 slp|[from] Stealth Rock\n|\n|upkeep\n|turn|26\n|\n|t:|1697342764\n|switch|p1a: Arceus|Arceus-Poison|88\/100 slp\n|-damage|p1a: Arceus|76\/100 slp|[from] Stealth Rock\n|move|p2a: Arceus|Calm Mind|p2a: Arceus\n|-boost|p2a: Arceus|spa|1\n|-boost|p2a: Arceus|spd|1\n|\n|upkeep\n|turn|27\n|\n|t:|1697342771\n|cant|p1a: Arceus|slp\n|move|p2a: Arceus|Recover|p2a: Arceus\n|-heal|p2a: Arceus|96\/100\n|\n|upkeep\n|turn|28\n|\n|t:|1697342778\n|-curestatus|p1a: Arceus|slp|[msg]\n|move|p1a: Arceus|Imprison|p1a: Arceus\n|-start|p1a: Arceus|move: Imprison\n|move|p2a: Arceus|Earth Power|p1a: Arceus\n|-supereffective|p1a: Arceus\n|-damage|p1a: Arceus|35\/100\n|\n|upkeep\n|turn|29\n|\n|t:|1697342798\n|-terastallize|p1a: Arceus|Dark\n|move|p1a: Arceus|Recover|p1a: Arceus\n|-heal|p1a: Arceus|85\/100\n|move|p2a: Arceus|Earth Power|p1a: Arceus\n|-damage|p1a: Arceus|65\/100\n|\n|upkeep\n|turn|30\n|\n|t:|1697342825\n|switch|p2a: Walking Wake|Walking Wake|88\/100\n|-damage|p2a: Walking Wake|76\/100|[from] Stealth Rock\n|move|p1a: Arceus|Judgment|p2a: Walking Wake\n|-damage|p2a: Walking Wake|21\/100\n|\n|upkeep\n|turn|31\n|\n|t:|1697342837\n|move|p1a: Arceus|Judgment|p2a: Walking Wake\n|-damage|p2a: Walking Wake|0 fnt\n|faint|p2a: Walking Wake\n|-end|p2a: Walking Wake|Protosynthesis|[silent]\n|\n|upkeep\n|\n|t:|1697342844\n|switch|p2a: Zacian|Zacian|88\/100\n|-damage|p2a: Zacian|76\/100|[from] Stealth Rock\n|turn|32\n|\n|t:|1697342855\n|switch|p1a: Giratina|Giratina|100\/100\n|-ability|p1a: Giratina|Pressure\n|move|p2a: Zacian|Play Rough|p1a: Giratina\n|-supereffective|p1a: Giratina\n|-damage|p1a: Giratina|66\/100\n|\n|upkeep\n|turn|33\n|\n|t:|1697342864\n|move|p2a: Zacian|Swords Dance|p2a: Zacian\n|-boost|p2a: Zacian|atk|2\n|move|p1a: Giratina|Will-O-Wisp|p2a: Zacian\n|-status|p2a: Zacian|brn\n|-enditem|p2a: Zacian|Lum Berry|[eat]\n|-curestatus|p2a: Zacian|brn|[msg]\n|\n|upkeep\n|turn|34\n|c|\u2606Kinesquared|i switched from HDB to lum cuz i heard you say u were bringing stall lol\n|\n|t:|1697342888\n|move|p2a: Zacian|Play Rough|p1a: Giratina\n|-supereffective|p1a: Giratina\n|-damage|p1a: Giratina|0 fnt\n|faint|p1a: Giratina\n|\n|upkeep\n|\n|t:|1697342891\n|switch|p1a: Dondozo|Dondozo, F|88\/100 slp\n|-damage|p1a: Dondozo|75\/100 slp|[from] Stealth Rock\n|turn|35\n|\n|t:|1697342900\n|move|p2a: Zacian|Play Rough|p1a: Dondozo\n|-damage|p1a: Dondozo|56\/100 slp\n|cant|p1a: Dondozo|slp\n|move|p1a: Dondozo|Sleep Talk|p1a: Dondozo\n|move|p1a: Dondozo|Liquidation|p2a: Zacian|[from]move: Sleep Talk\n|-damage|p2a: Zacian|50\/100\n|-unboost|p2a: Zacian|def|1\n|\n|upkeep\n|turn|36\n|\n|t:|1697342923\n|switch|p2a: Arceus|Arceus-Grass|96\/100\n|-damage|p2a: Arceus|84\/100|[from] Stealth Rock\n|cant|p1a: Dondozo|slp\n|\n|upkeep\n|turn|37\n|\n|t:|1697342932\n|switch|p1a: Arceus|Arceus-Poison, tera:Dark|65\/100\n|-damage|p1a: Arceus|53\/100|[from] Stealth Rock\n|move|p2a: Arceus|Judgment|p1a: Arceus\n|-damage|p1a: Arceus|25\/100\n|\n|upkeep\n|turn|38\n|\n|t:|1697342941\n|move|p1a: Arceus|Recover|p1a: Arceus\n|-heal|p1a: Arceus|75\/100\n|move|p2a: Arceus|Calm Mind|p2a: Arceus\n|-boost|p2a: Arceus|spa|1\n|-boost|p2a: Arceus|spd|1\n|\n|upkeep\n|turn|39\n|\n|t:|1697342947\n|move|p1a: Arceus|Imprison|p1a: Arceus\n|-start|p1a: Arceus|move: Imprison\n|cant|p2a: Arceus|move: Imprison|Judgment\n|\n|upkeep\n|turn|40\n|\n|t:|1697342961\n|move|p1a: Arceus|Calm Mind|p1a: Arceus\n|-boost|p1a: Arceus|spa|1\n|-boost|p1a: Arceus|spd|1\n|move|p2a: Arceus|Earth Power|p1a: Arceus\n|-damage|p1a: Arceus|61\/100\n|\n|upkeep\n|turn|41\n|\n|t:|1697342981\n|switch|p2a: Roaring Moon|Roaring Moon|47\/100\n|move|p1a: Arceus|Judgment|p2a: Roaring Moon\n|-damage|p2a: Roaring Moon|0 fnt\n|faint|p2a: Roaring Moon\n|-end|p2a: Roaring Moon|Protosynthesis|[silent]\n|\n|upkeep\n|c|\u2606Kinesquared|thats gg i think\n|c|\u2606Kinesquared|darn\n|\n|t:|1697342991\n|switch|p2a: Zacian|Zacian|50\/100\n|-damage|p2a: Zacian|38\/100|[from] Stealth Rock\n|turn|42\n|\n|t:|1697342999\n|switch|p1a: Dondozo|Dondozo, F|56\/100 slp\n|-damage|p1a: Dondozo|43\/100 slp|[from] Stealth Rock\n|move|p2a: Zacian|Play Rough|p1a: Dondozo|[miss]\n|-miss|p2a: Zacian|p1a: Dondozo\n|\n|upkeep\n|turn|43\n|\n|t:|1697343008\n|move|p2a: Zacian|Play Rough|p1a: Dondozo\n|-damage|p1a: Dondozo|23\/100 slp\n|-curestatus|p1a: Dondozo|slp|[msg]\n|move|p1a: Dondozo|Rest|p1a: Dondozo\n|-status|p1a: Dondozo|slp|[from] move: Rest\n|-heal|p1a: Dondozo|100\/100 slp|[silent]\n|\n|upkeep\n|turn|44\n|\n|t:|1697343015\n|move|p2a: Zacian|Play Rough|p1a: Dondozo\n|-damage|p1a: Dondozo|81\/100 slp\n|cant|p1a: Dondozo|slp\n|move|p1a: Dondozo|Sleep Talk|p1a: Dondozo\n|move|p1a: Dondozo|Liquidation|p2a: Zacian|[from]move: Sleep Talk\n|-crit|p2a: Zacian\n|-damage|p2a: Zacian|0 fnt\n|faint|p2a: Zacian\n|\n|upkeep\n|\n|t:|1697343024\n|switch|p2a: Arceus|Arceus-Grass|84\/100\n|-damage|p2a: Arceus|71\/100|[from] Stealth Rock\n|turn|45\n|\n|t:|1697343028\n|switch|p1a: Arceus|Arceus-Poison, tera:Dark|61\/100\n|-damage|p1a: Arceus|49\/100|[from] Stealth Rock\n|move|p2a: Arceus|Calm Mind|p2a: Arceus\n|-boost|p2a: Arceus|spa|1\n|-boost|p2a: Arceus|spd|1\n|\n|upkeep\n|turn|46\n|\n|t:|1697343035\n|move|p1a: Arceus|Imprison|p1a: Arceus\n|-start|p1a: Arceus|move: Imprison\n|cant|p2a: Arceus|move: Imprison|Calm Mind\n|\n|upkeep\n|turn|47\n|\n|t:|1697343045\n|move|p1a: Arceus|Recover|p1a: Arceus\n|-heal|p1a: Arceus|99\/100\n|move|p2a: Arceus|Earth Power|p1a: Arceus\n|-damage|p1a: Arceus|78\/100\n|\n|upkeep\n|turn|48\n|\n|t:|1697343051\n|move|p1a: Arceus|Calm Mind|p1a: Arceus\n|-boost|p1a: Arceus|spa|1\n|-boost|p1a: Arceus|spd|1\n|move|p2a: Arceus|Earth Power|p1a: Arceus\n|-damage|p1a: Arceus|63\/100\n|\n|upkeep\n|turn|49\n|\n|t:|1697343058\n|move|p1a: Arceus|Judgment|p2a: Arceus\n|-supereffective|p2a: Arceus\n|-damage|p2a: Arceus|9\/100\n|move|p2a: Arceus|Earth Power|p1a: Arceus\n|-damage|p1a: Arceus|49\/100\n|-unboost|p1a: Arceus|spd|1\n|\n|upkeep\n|turn|50\n|\n|t:|1697343067\n|move|p1a: Arceus|Judgment|p2a: Arceus\n|-supereffective|p2a: Arceus\n|-damage|p2a: Arceus|0 fnt\n|faint|p2a: Arceus\n|\n|win|Leo Justice\n|c|\u2606Kinesquared|gg\n|c|\u2606Leo Justice|GG\n|l|\u2606Kinesquared\n","uploadtime":1697343076,"views":24,"p1id":"leojustice","p2id":"kinesquared","formatid":"gen9ubers","rating":0,"private":0,"password":""}