{"id":"gen9ubers-1996315046","p1":"Parmoon","p2":"harrimarron 2","format":"[Gen 9] Ubers","log":"|j|\u2606Parmoon\n|j|\u2606harrimarron 2\n|t:|1700670354\n|gametype|singles\n|player|p1|Parmoon|1|1152\n|player|p2|harrimarron 2|twins-gen4dp|1285\n|teamsize|p1|6\n|teamsize|p2|6\n|gen|9\n|tier|[Gen 9] Ubers\n|rated|\n|rule|Sleep Clause Mod: Limit one foe put to sleep\n|rule|Species Clause: Limit one of each Pok\u00e9mon\n|rule|OHKO Clause: OHKO moves are banned\n|rule|Evasion Items Clause: Evasion items are banned\n|rule|Evasion Moves Clause: Evasion moves are banned\n|rule|Endless Battle Clause: Forcing endless battles is banned\n|rule|HP Percentage Mod: HP is shown in percentages\n|clearpoke\n|poke|p1|Iron Bundle|\n|poke|p1|Miraidon|\n|poke|p1|Kyogre|\n|poke|p1|Flutter Mane|\n|poke|p1|Zacian-*|\n|poke|p1|Koraidon|\n|poke|p2|Gliscor, M|\n|poke|p2|Clodsire, F|\n|poke|p2|Groudon|\n|poke|p2|Arceus-Water|\n|poke|p2|Zacian-*|\n|poke|p2|Giratina-Origin|\n|teampreview\n|inactive|Battle timer is ON: inactive players will automatically lose when time's up. (requested by Parmoon)\n|inactive|harrimarron 2 has 120 seconds left.\n|\n|t:|1700670433\n|start\n|switch|p1a: Iron Bundle|Iron Bundle|100\/100\n|switch|p2a: Gliscor|Gliscor, M|100\/100\n|turn|1\n|\n|t:|1700670445\n|move|p2a: Gliscor|Protect|p2a: Gliscor\n|-singleturn|p2a: Gliscor|Protect\n|move|p1a: Iron Bundle|Taunt|p2a: Gliscor\n|-activate|p2a: Gliscor|move: Protect\n|\n|-status|p2a: Gliscor|tox|[from] item: Toxic Orb\n|upkeep\n|turn|2\n|\n|t:|1700670457\n|switch|p2a: Clodsire|Clodsire, F|100\/100\n|move|p1a: Iron Bundle|Ice Beam|p2a: Clodsire\n|-supereffective|p2a: Clodsire\n|-damage|p2a: Clodsire|51\/100\n|-status|p2a: Clodsire|frz\n|\n|upkeep\n|turn|3\n|\n|t:|1700670483\n|switch|p2a: Zacian|Zacian-Crowned|100\/100\n|-ability|p2a: Zacian|Intrepid Sword|boost\n|-boost|p2a: Zacian|atk|1\n|move|p1a: Iron Bundle|Taunt|p2a: Zacian\n|-start|p2a: Zacian|move: Taunt\n|\n|upkeep\n|turn|4\n|\n|t:|1700670500\n|-end|p1a: Iron Bundle|Quark Drive|[silent]\n|switch|p1a: Miraidon|Miraidon|100\/100\n|-fieldstart|move: Electric Terrain|[from] ability: Hadron Engine|[of] p1a: Miraidon\n|move|p2a: Zacian|Wild Charge|p1a: Miraidon\n|-resisted|p1a: Miraidon\n|-damage|p1a: Miraidon|82\/100\n|-damage|p2a: Zacian|96\/100|[from] Recoil\n|\n|-heal|p1a: Miraidon|88\/100|[from] item: Leftovers\n|upkeep\n|turn|5\n|\n|t:|1700670524\n|-terastallize|p2a: Zacian|Electric\n|-terastallize|p1a: Miraidon|Fairy\n|move|p2a: Zacian|Play Rough|p1a: Miraidon\n|-damage|p1a: Miraidon|5\/100\n|move|p1a: Miraidon|Electro Drift|p2a: Zacian\n|-resisted|p2a: Zacian\n|-damage|p2a: Zacian|50\/100\n|\n|-heal|p1a: Miraidon|12\/100|[from] item: Leftovers\n|-end|p2a: Zacian|move: Taunt\n|upkeep\n|turn|6\n|\n|t:|1700670539\n|move|p2a: Zacian|Play Rough|p1a: Miraidon|[miss]\n|-miss|p2a: Zacian|p1a: Miraidon\n|move|p1a: Miraidon|Dragon Pulse|p2a: Zacian\n|-damage|p2a: Zacian|0 fnt\n|faint|p2a: Zacian\n|\n|-heal|p1a: Miraidon|18\/100|[from] item: Leftovers\n|upkeep\n|c|\u2606harrimarron 2|WHAT\\\n|n|!harrimarron 2|harrimarron2\n|-message|harrimarron 2 forfeited.\n|\n|win|Parmoon\n|raw|Parmoon's rating: 1152 &rarr; <strong>1186<\/strong><br \/>(+34 for winning)\n|raw|harrimarron 2's rating: 1285 &rarr; <strong>1251<\/strong><br \/>(-34 for losing)\n|l|!harrimarron 2\n","uploadtime":1700670547,"views":1,"p1id":"parmoon","p2id":"harrimarron2","formatid":"gen9ubers","rating":1186,"private":0,"password":""}