{"id":"gen9ubers-1992433919","p1":"HailieVictoria","p2":"ThatGuyAltro","format":"[Gen 9] Ubers","log":"|j|\u2606HailieVictoria\n|j|\u2606ThatGuyAltro\n|t:|1700187088\n|gametype|singles\n|player|p1|HailieVictoria|265|\n|player|p2|ThatGuyAltro|169|\n|teamsize|p1|6\n|teamsize|p2|6\n|gen|9\n|tier|[Gen 9] Ubers\n|rule|Sleep Clause Mod: Limit one foe put to sleep\n|rule|Species Clause: Limit one of each Pok\u00e9mon\n|rule|OHKO Clause: OHKO moves are banned\n|rule|Evasion Items Clause: Evasion items are banned\n|rule|Evasion Moves Clause: Evasion moves are banned\n|rule|Endless Battle Clause: Forcing endless battles is banned\n|rule|HP Percentage Mod: HP is shown in percentages\n|clearpoke\n|poke|p1|Moltres|\n|poke|p1|Weezing, F|\n|poke|p1|Mamoswine, M|\n|poke|p1|Naclstack, M|\n|poke|p1|Jirachi|\n|poke|p1|Conkeldurr, F|\n|poke|p2|Ursaluna, F|\n|poke|p2|Walking Wake|\n|poke|p2|Leavanny, M|\n|poke|p2|Ninetales, M|\n|poke|p2|Slither Wing|\n|poke|p2|Grimmsnarl, M|\n|teampreview\n|j| iceberg149\n|j| curtisthecacnea\n|j| The ShaqtusLOL\n|\n|t:|1700187138\n|start\n|switch|p1a: Mamoswine|Mamoswine, M|100\/100\n|switch|p2a: Leavanny|Leavanny, M|100\/100\n|turn|1\n|j| Superison\n|j| KaoVT\n|j| DivogoJota\n|\n|t:|1700187158\n|move|p2a: Leavanny|Sticky Web|p1a: Mamoswine\n|-sidestart|p1: HailieVictoria|move: Sticky Web\n|move|p1a: Mamoswine|Icicle Crash|p2a: Leavanny\n|-supereffective|p2a: Leavanny\n|-enditem|p2a: Leavanny|Focus Sash\n|-damage|p2a: Leavanny|1\/100\n|\n|upkeep\n|turn|2\n|l| The ShaqtusLOL\n|\n|t:|1700187207\n|move|p2a: Leavanny|Leaf Blade|p1a: Mamoswine\n|-supereffective|p1a: Mamoswine\n|-damage|p1a: Mamoswine|11\/100\n|move|p1a: Mamoswine|Earthquake|p2a: Leavanny\n|-resisted|p2a: Leavanny\n|-damage|p2a: Leavanny|0 fnt\n|faint|p2a: Leavanny\n|\n|upkeep\n|j| justinrockin\n|\n|t:|1700187236\n|switch|p2a: Ninetales|Ninetales, M, shiny|100\/100\n|-weather|SunnyDay|[from] ability: Drought|[of] p2a: Ninetales\n|turn|3\n|c|\u2606HailieVictoria|NOT GETTING 6-0D\n|c|\u2606HailieVictoria|LETS GO\n|c| KaoVT|HUGE\n|\n|t:|1700187270\n|switch|p2a: Walking Wake|Walking Wake|100\/100\n|-activate|p2a: Walking Wake|ability: Protosynthesis\n|-start|p2a: Walking Wake|protosynthesisspa\n|switch|p1a: Conkeldurr|Conkeldurr, F|100\/100\n|-activate|p1a: Conkeldurr|move: Sticky Web\n|-unboost|p1a: Conkeldurr|spe|1\n|\n|-weather|SunnyDay|[upkeep]\n|upkeep\n|turn|4\n|\n|t:|1700187288\n|switch|p1a: Naclstack|Naclstack, M|100\/100\n|-activate|p1a: Naclstack|move: Sticky Web\n|-unboost|p1a: Naclstack|spe|1\n|move|p2a: Walking Wake|Hydro Steam|p1a: Naclstack\n|-supereffective|p1a: Naclstack\n|-damage|p1a: Naclstack|0 fnt\n|faint|p1a: Naclstack\n|\n|-weather|SunnyDay|[upkeep]\n|upkeep\n|c|\u2606HailieVictoria|um\n|c|\u2606HailieVictoria|WTF\n|c| KaoVT|erm..\n|c|\u2606HailieVictoria|i forgot to clikc something\n|\n|t:|1700187376\n|switch|p1a: Conkeldurr|Conkeldurr, F|100\/100\n|-activate|p1a: Conkeldurr|move: Sticky Web\n|-unboost|p1a: Conkeldurr|spe|1\n|turn|5\n|\n|t:|1700187402\n|move|p2a: Walking Wake|Hydro Steam|p1a: Conkeldurr\n|-damage|p1a: Conkeldurr|21\/100\n|move|p1a: Conkeldurr|Drain Punch|p2a: Walking Wake\n|-damage|p2a: Walking Wake|52\/100\n|-heal|p1a: Conkeldurr|41\/100|[from] drain|[of] p2a: Walking Wake\n|\n|-weather|SunnyDay|[upkeep]\n|upkeep\n|turn|6\n|\n|t:|1700187422\n|move|p1a: Conkeldurr|Mach Punch|p2a: Walking Wake\n|-damage|p2a: Walking Wake|26\/100\n|move|p2a: Walking Wake|Hydro Steam|p1a: Conkeldurr\n|-damage|p1a: Conkeldurr|0 fnt\n|faint|p1a: Conkeldurr\n|\n|-weather|SunnyDay|[upkeep]\n|upkeep\n|\n|t:|1700187446\n|switch|p1a: Jirachi|Jirachi|100\/100\n|-activate|p1a: Jirachi|move: Sticky Web\n|-unboost|p1a: Jirachi|spe|1\n|turn|7\n|\n|t:|1700187460\n|-end|p2a: Walking Wake|Protosynthesis|[silent]\n|switch|p2a: Grimmsnarl|Grimmsnarl, M|100\/100\n|move|p1a: Jirachi|Healing Wish|p1a: Jirachi\n|faint|p1a: Jirachi\n|\n|-weather|none\n|upkeep\n|\n|t:|1700187467\n|switch|p1a: Mamoswine|Mamoswine, M|11\/100\n|-heal|p1a: Mamoswine|100\/100|[from] move: Healing Wish\n|-activate|p1a: Mamoswine|move: Sticky Web\n|-unboost|p1a: Mamoswine|spe|1\n|turn|8\n|\n|t:|1700187484\n|switch|p1a: Weezing|Weezing, F|100\/100\n|move|p2a: Grimmsnarl|Reflect|p2a: Grimmsnarl\n|-sidestart|p2: ThatGuyAltro|Reflect\n|\n|upkeep\n|turn|9\n|\n|t:|1700187507\n|move|p2a: Grimmsnarl|Parting Shot|p1a: Weezing\n|-unboost|p1a: Weezing|atk|1\n|-unboost|p1a: Weezing|spa|1\n|\n|t:|1700187516\n|switch|p2a: Ursaluna|Ursaluna, F, shiny|100\/100|[from] Parting Shot\n|move|p1a: Weezing|Taunt|p2a: Ursaluna\n|-start|p2a: Ursaluna|move: Taunt\n|\n|-status|p2a: Ursaluna|brn|[from] item: Flame Orb\n|upkeep\n|turn|10\n|\n|t:|1700187543\n|move|p1a: Weezing|Sludge Bomb|p2a: Ursaluna\n|-resisted|p2a: Ursaluna\n|-damage|p2a: Ursaluna|93\/100 brn\n|move|p2a: Ursaluna|Facade|p1a: Weezing\n|-damage|p1a: Weezing|15\/100\n|\n|-heal|p1a: Weezing|21\/100|[from] item: Black Sludge\n|-damage|p2a: Ursaluna|86\/100 brn|[from] brn\n|upkeep\n|turn|11\n|\n|t:|1700187552\n|move|p1a: Weezing|Pain Split|p2a: Ursaluna\n|-sethp|p2a: Ursaluna|51\/100 brn|[from] move: Pain Split|[silent]\n|-sethp|p1a: Weezing|72\/100|[from] move: Pain Split\n|move|p2a: Ursaluna|Facade|p1a: Weezing\n|-damage|p1a: Weezing|0 fnt\n|faint|p1a: Weezing\n|\n|-damage|p2a: Ursaluna|45\/100 brn|[from] brn\n|-end|p2a: Ursaluna|move: Taunt\n|upkeep\n|\n|t:|1700187580\n|switch|p1a: Mamoswine|Mamoswine, M|100\/100\n|-activate|p1a: Mamoswine|move: Sticky Web\n|-unboost|p1a: Mamoswine|spe|1\n|turn|12\n|\n|t:|1700187584\n|move|p1a: Mamoswine|Icicle Crash|p2a: Ursaluna\n|-supereffective|p2a: Ursaluna\n|-damage|p2a: Ursaluna|6\/100 brn\n|cant|p2a: Ursaluna|flinch\n|\n|-damage|p2a: Ursaluna|0 fnt|[from] brn\n|faint|p2a: Ursaluna\n|upkeep\n|c|\u2606ThatGuyAltro|flinch op\n|c|\u2606HailieVictoria|:D\n|\n|t:|1700187605\n|switch|p2a: Slither Wing|Slither Wing, shiny|100\/100\n|turn|13\n|c|\u2606HailieVictoria|i fucked up big time\n|c|\u2606HailieVictoria|david is gonna kill me\n|\n|t:|1700187615\n|switch|p1a: Moltres|Moltres|100\/100\n|move|p2a: Slither Wing|Close Combat|p1a: Moltres\n|-resisted|p1a: Moltres\n|-damage|p1a: Moltres|75\/100\n|-unboost|p2a: Slither Wing|def|1\n|-unboost|p2a: Slither Wing|spd|1\n|\n|upkeep\n|turn|14\n|\n|t:|1700187623\n|-end|p2a: Slither Wing|Protosynthesis|[silent]\n|switch|p2a: Ninetales|Ninetales, M, shiny|100\/100\n|-weather|SunnyDay|[from] ability: Drought|[of] p2a: Ninetales\n|move|p1a: Moltres|Flamethrower|p2a: Ninetales\n|-resisted|p2a: Ninetales\n|-damage|p2a: Ninetales|68\/100\n|\n|-weather|SunnyDay|[upkeep]\n|upkeep\n|turn|15\n|c| iceberg149|i can hear him swearing from here\n|c| KaoVT|yea..\n|\n|t:|1700187640\n|switch|p2a: Walking Wake|Walking Wake|26\/100\n|-activate|p2a: Walking Wake|ability: Protosynthesis\n|-start|p2a: Walking Wake|protosynthesisspa\n|move|p1a: Moltres|U-turn|p2a: Walking Wake\n|-damage|p2a: Walking Wake|17\/100\n|\n|t:|1700187672\n|switch|p1a: Mamoswine|Mamoswine, M|100\/100|[from] U-turn\n|-activate|p1a: Mamoswine|move: Sticky Web\n|-unboost|p1a: Mamoswine|spe|1\n|\n|-weather|SunnyDay|[upkeep]\n|-sideend|p2: ThatGuyAltro|Reflect\n|upkeep\n|turn|16\n|\n|t:|1700187700\n|move|p2a: Walking Wake|Hydro Steam|p1a: Mamoswine\n|-supereffective|p1a: Mamoswine\n|-damage|p1a: Mamoswine|0 fnt\n|faint|p1a: Mamoswine\n|\n|-weather|SunnyDay|[upkeep]\n|upkeep\n|c| KaoVT|wait\n|\n|t:|1700187706\n|switch|p1a: Moltres|Moltres|75\/100\n|turn|17\n|\n|t:|1700187711\n|move|p2a: Walking Wake|Hydro Steam|p1a: Moltres\n|-supereffective|p1a: Moltres\n|-damage|p1a: Moltres|0 fnt\n|faint|p1a: Moltres\n|\n|win|ThatGuyAltro\n|c|\u2606ThatGuyAltro|gg\n|c|\u2606HailieVictoria|gg\n|l| Superison\n|c| KaoVT|no ice shard?\n|c| KaoVT|for prio?\n|c| DivogoJota|there was a different plan\n|c|\u2606HailieVictoria|i forgot to hit tera\n|c|\u2606HailieVictoria|on nacl\n|c| KaoVT|D;\n|c| DivogoJota|that went out the window well hailie failed english\n|c|\u2606ThatGuyAltro|i ohko nacl on enter tho\n|c|\u2606HailieVictoria|:(\n|c|\u2606ThatGuyAltro|nacl never got a turn\n|c| KaoVT|^\n|l|\u2606HailieVictoria\n|l| justinrockin\n","uploadtime":1700187770,"views":20,"p1id":"hailievictoria","p2id":"thatguyaltro","formatid":"gen9ubers","rating":0,"private":0,"password":""}