{"id":"gen9ubers-1994684709","p1":"hanshappy","p2":"SupremeRocker","format":"[Gen 9] Ubers","log":"|j|\u2606hanshappy\n|j|\u2606SupremeRocker\n|t:|1700480705\n|gametype|singles\n|player|p1|hanshappy|169|1348\n|player|p2|SupremeRocker|giovanni|1341\n|teamsize|p1|6\n|teamsize|p2|6\n|gen|9\n|tier|[Gen 9] Ubers\n|rated|\n|rule|Sleep Clause Mod: Limit one foe put to sleep\n|rule|Species Clause: Limit one of each Pok\u00e9mon\n|rule|OHKO Clause: OHKO moves are banned\n|rule|Evasion Items Clause: Evasion items are banned\n|rule|Evasion Moves Clause: Evasion moves are banned\n|rule|Endless Battle Clause: Forcing endless battles is banned\n|rule|HP Percentage Mod: HP is shown in percentages\n|clearpoke\n|poke|p1|Ribombee, M|\n|poke|p1|Koraidon|\n|poke|p1|Arceus|\n|poke|p1|Miraidon|\n|poke|p1|Basculegion, M|\n|poke|p1|Rayquaza|\n|poke|p2|Miraidon|\n|poke|p2|Palafin, F|\n|poke|p2|Zacian-*|\n|poke|p2|Ditto|\n|poke|p2|Ribombee, F|\n|poke|p2|Great Tusk|\n|teampreview\n|inactive|Battle timer is ON: inactive players will automatically lose when time's up. (requested by SupremeRocker)\n|\n|t:|1700480719\n|start\n|switch|p1a: Miraidon|Miraidon|100\/100\n|switch|p2a: Palafin|Palafin, F, shiny|100\/100\n|-fieldstart|move: Electric Terrain|[from] ability: Hadron Engine|[of] p1a: Miraidon\n|-enditem|p1a: Miraidon|Electric Seed\n|-boost|p1a: Miraidon|def|1|[from] item: Electric Seed\n|turn|1\n|\n|t:|1700480744\n|detailschange|p2a: Palafin|Palafin-Hero, F, shiny\n|switch|p2a: Ditto|Ditto|100\/100\n|-transform|p2a: Ditto|p1a: Miraidon|[from] ability: Imposter\n|-activate|p2a: Ditto|ability: Hadron Engine\n|move|p1a: Miraidon|Electro Drift|p2a: Ditto\n|-resisted|p2a: Ditto\n|-damage|p2a: Ditto|76\/100\n|\n|upkeep\n|turn|2\n|\n|t:|1700480754\n|move|p2a: Ditto|Dragon Pulse|p1a: Miraidon\n|-supereffective|p1a: Miraidon\n|-damage|p1a: Miraidon|0 fnt\n|faint|p1a: Miraidon\n|\n|upkeep\n|\n|t:|1700480757\n|switch|p1a: Ribombee|Ribombee, M|100\/100\n|turn|3\n|\n|t:|1700480764\n|switch|p2a: Zacian|Zacian-Crowned, shiny|100\/100\n|-ability|p2a: Zacian|Intrepid Sword|boost\n|-boost|p2a: Zacian|atk|1\n|move|p1a: Ribombee|Sticky Web|p2a: Zacian\n|-sidestart|p2: SupremeRocker|move: Sticky Web\n|\n|upkeep\n|turn|4\n|\n|t:|1700480768\n|move|p2a: Zacian|Behemoth Blade|p1a: Ribombee\n|-supereffective|p1a: Ribombee\n|-enditem|p1a: Ribombee|Focus Sash\n|-damage|p1a: Ribombee|1\/100\n|move|p1a: Ribombee|Stun Spore|p2a: Zacian|[miss]\n|-miss|p1a: Ribombee|p2a: Zacian\n|\n|upkeep\n|turn|5\n|\n|t:|1700480776\n|move|p2a: Zacian|Trailblaze|p1a: Ribombee\n|-resisted|p1a: Ribombee\n|-damage|p1a: Ribombee|0 fnt\n|-boost|p2a: Zacian|spe|1\n|faint|p1a: Ribombee\n|\n|-fieldend|move: Electric Terrain\n|upkeep\n|\n|t:|1700480779\n|switch|p1a: Basculegion|Basculegion, M|100\/100\n|turn|6\n|\n|t:|1700480785\n|move|p2a: Zacian|Play Rough|p1a: Basculegion\n|-damage|p1a: Basculegion|9\/100\n|move|p1a: Basculegion|Last Respects|p2a: Zacian\n|-damage|p2a: Zacian|11\/100\n|\n|upkeep\n|turn|7\n|\n|t:|1700480792\n|move|p2a: Zacian|Trailblaze|p1a: Basculegion\n|-supereffective|p1a: Basculegion\n|-damage|p1a: Basculegion|0 fnt\n|-boost|p2a: Zacian|spe|1\n|faint|p1a: Basculegion\n|\n|upkeep\n|\n|t:|1700480795\n|switch|p1a: Arceus|Arceus|100\/100\n|turn|8\n|\n|t:|1700480800\n|move|p1a: Arceus|Extreme Speed|p2a: Zacian\n|-resisted|p2a: Zacian\n|-damage|p2a: Zacian|0 fnt\n|faint|p2a: Zacian\n|\n|upkeep\n|\n|t:|1700480813\n|switch|p2a: Palafin|Palafin-Hero, F, shiny|100\/100\n|-activate|p2a: Palafin|move: Sticky Web\n|-unboost|p2a: Palafin|spe|1\n|-activate|p2a: Palafin|ability: Zero to Hero\n|turn|9\n|\n|t:|1700480818\n|move|p1a: Arceus|Swords Dance|p1a: Arceus\n|-boost|p1a: Arceus|atk|2\n|move|p2a: Palafin|Drain Punch|p1a: Arceus\n|-supereffective|p1a: Arceus\n|-damage|p1a: Arceus|41\/100\n|\n|-heal|p1a: Arceus|47\/100|[from] item: Leftovers\n|upkeep\n|turn|10\n|\n|t:|1700480837\n|-terastallize|p1a: Arceus|Fire\n|move|p1a: Arceus|Extreme Speed|p2a: Palafin\n|-damage|p2a: Palafin|7\/100\n|move|p2a: Palafin|Drain Punch|p1a: Arceus\n|-damage|p1a: Arceus|16\/100\n|-heal|p2a: Palafin|27\/100|[from] drain|[of] p1a: Arceus\n|\n|-heal|p1a: Arceus|22\/100|[from] item: Leftovers\n|upkeep\n|turn|11\n|\n|t:|1700480844\n|move|p1a: Arceus|Extreme Speed|p2a: Palafin\n|-damage|p2a: Palafin|0 fnt\n|faint|p2a: Palafin\n|\n|-heal|p1a: Arceus|28\/100|[from] item: Leftovers\n|upkeep\n|\n|t:|1700480846\n|switch|p2a: Ditto|Ditto|76\/100\n|-activate|p2a: Ditto|move: Sticky Web\n|-unboost|p2a: Ditto|spe|1\n|-transform|p2a: Ditto|p1a: Arceus|[from] ability: Imposter\n|-start|p2a: Ditto|typechange|Normal|[silent]\n|turn|12\n|\n|t:|1700480861\n|switch|p1a: Rayquaza|Rayquaza|100\/100\n|-ability|p1a: Rayquaza|Air Lock\n|move|p2a: Ditto|Extreme Speed|p1a: Rayquaza\n|-damage|p1a: Rayquaza|15\/100\n|\n|upkeep\n|turn|13\n|\n|t:|1700480870\n|move|p2a: Ditto|Extreme Speed|p1a: Rayquaza\n|-damage|p1a: Rayquaza|0 fnt\n|faint|p1a: Rayquaza\n|\n|upkeep\n|\n|t:|1700480873\n|switch|p1a: Koraidon|Koraidon|100\/100\n|-weather|SunnyDay|[from] ability: Orichalcum Pulse|[of] p1a: Koraidon\n|-activate|p1a: Koraidon|Orichalcum Pulse|[source]\n|turn|14\n|\n|t:|1700480883\n|switch|p2a: Ribombee|Ribombee, F|100\/100\n|-activate|p2a: Ribombee|move: Sticky Web\n|-unboost|p2a: Ribombee|spe|1\n|move|p1a: Koraidon|Low Kick|p2a: Ribombee\n|-resisted|p2a: Ribombee\n|-damage|p2a: Ribombee|94\/100\n|\n|-weather|SunnyDay|[upkeep]\n|upkeep\n|turn|15\n|\n|t:|1700480893\n|move|p1a: Koraidon|Flare Blitz|p2a: Ribombee\n|-supereffective|p2a: Ribombee\n|-damage|p2a: Ribombee|0 fnt\n|faint|p2a: Ribombee\n|-damage|p1a: Koraidon|77\/100|[from] Recoil\n|\n|-weather|SunnyDay|[upkeep]\n|upkeep\n|\n|t:|1700480902\n|switch|p2a: Ditto|Ditto|76\/100\n|-activate|p2a: Ditto|move: Sticky Web\n|-unboost|p2a: Ditto|spe|1\n|-transform|p2a: Ditto|p1a: Koraidon|[from] ability: Imposter\n|-activate|p2a: Ditto|ability: Orichalcum Pulse\n|turn|16\n|\n|t:|1700480914\n|move|p2a: Ditto|Low Kick|p1a: Koraidon\n|-damage|p1a: Koraidon|0 fnt\n|faint|p1a: Koraidon\n|\n|-weather|SunnyDay|[upkeep]\n|upkeep\n|\n|t:|1700480928\n|switch|p1a: Arceus|Arceus, tera:Fire|28\/100\n|turn|17\n|\n|t:|1700480934\n|move|p2a: Ditto|Low Kick|p1a: Arceus\n|-damage|p1a: Arceus|0 fnt\n|faint|p1a: Arceus\n|\n|win|SupremeRocker\n|raw|hanshappy's rating: 1348 &rarr; <strong>1328<\/strong><br \/>(-20 for losing)\n|raw|SupremeRocker's rating: 1341 &rarr; <strong>1361<\/strong><br \/>(+20 for winning)\n","uploadtime":1700480938,"views":14,"p1id":"hanshappy","p2id":"supremerocker","formatid":"gen9ubers","rating":1328,"private":0,"password":""}