{"id":"gen9ubers-1983965687","p1":"babynogalXD","p2":"Leo Justice","format":"[Gen 9] Ubers","log":"|j|\u2606babynogalXD\n|j|\u2606Leo Justice\n|t:|1699204911\n|gametype|singles\n|player|p1|babynogalXD|hilbert|\n|player|p2|Leo Justice|carmine|\n|teamsize|p1|6\n|teamsize|p2|6\n|gen|9\n|tier|[Gen 9] Ubers\n|rule|Sleep Clause Mod: Limit one foe put to sleep\n|rule|Species Clause: Limit one of each Pok\u00e9mon\n|rule|OHKO Clause: OHKO moves are banned\n|rule|Evasion Items Clause: Evasion items are banned\n|rule|Evasion Moves Clause: Evasion moves are banned\n|rule|Endless Battle Clause: Forcing endless battles is banned\n|rule|HP Percentage Mod: HP is shown in percentages\n|clearpoke\n|poke|p1|Shaymin-Sky|\n|poke|p1|Arceus-Ghost|\n|poke|p1|Dialga|\n|poke|p1|Baxcalibur, M|\n|poke|p1|Landorus, M|\n|poke|p1|Cutiefly, M|\n|poke|p2|Blissey, F|\n|poke|p2|Moltres|\n|poke|p2|Arceus-Poison|\n|poke|p2|Garganacl, M|\n|poke|p2|Magearna|\n|poke|p2|Cyclizar, F|\n|teampreview\n|c|\u2606babynogalXD|Im finish\n|\n|t:|1699204964\n|start\n|switch|p1a: Shaymin|Shaymin-Sky|100\/100\n|switch|p2a: Cyclizar|Cyclizar, F|100\/100\n|turn|1\n|\n|t:|1699204981\n|switch|p1a: Arceus|Arceus-Ghost|100\/100\n|move|p2a: Cyclizar|Shed Tail|p2a: Cyclizar\n|-start|p2a: Cyclizar|Substitute|[from] move: Shed Tail\n|-damage|p2a: Cyclizar|50\/100\n|\n|t:|1699204992\n|switch|p2a: Magearna|Magearna|100\/100|[from] Shed Tail\n|\n|upkeep\n|turn|2\n|\n|t:|1699204995\n|move|p1a: Arceus|Taunt|p2a: Magearna\n|-start|p2a: Magearna|move: Taunt\n|cant|p2a: Magearna|move: Taunt|Spikes\n|\n|upkeep\n|turn|3\n|\n|t:|1699205000\n|move|p1a: Arceus|Judgment|p2a: Magearna\n|-end|p2a: Magearna|Substitute\n|move|p2a: Magearna|Ice Beam|p1a: Arceus\n|-damage|p1a: Arceus|79\/100\n|-status|p1a: Arceus|frz\n|\n|upkeep\n|turn|4\n|c|\u2606Leo Justice|HA\n|c|\u2606babynogalXD|Shit stole my serene grace\n|c|\u2606Leo Justice|That is what u get for being a dirty Arc ghost abuser\n|\n|t:|1699205042\n|switch|p1a: Dialga|Dialga|100\/100\n|-ability|p1a: Dialga|Pressure\n|switch|p2a: Garganacl|Garganacl, M|100\/100\n|\n|upkeep\n|turn|5\n|\n|t:|1699205049\n|move|p1a: Dialga|Draco Meteor|p2a: Garganacl\n|-damage|p2a: Garganacl|61\/100\n|-unboost|p1a: Dialga|spa|2\n|move|p2a: Garganacl|Salt Cure|p1a: Dialga\n|-resisted|p1a: Dialga\n|-damage|p1a: Dialga|96\/100\n|\n|-heal|p2a: Garganacl|67\/100|[from] item: Leftovers\n|upkeep\n|turn|6\n|c|\u2606Leo Justice|Covert cloak?\n|\n|t:|1699205063\n|switch|p1a: Shaymin|Shaymin-Sky|100\/100\n|move|p2a: Garganacl|Recover|p2a: Garganacl\n|-heal|p2a: Garganacl|100\/100\n|\n|upkeep\n|turn|7\n|\n|t:|1699205067\n|move|p1a: Shaymin|Seed Flare|p2a: Garganacl|[miss]\n|-miss|p1a: Shaymin|p2a: Garganacl\n|move|p2a: Garganacl|Salt Cure|p1a: Shaymin\n|-supereffective|p1a: Shaymin\n|-damage|p1a: Shaymin|64\/100\n|-start|p1a: Shaymin|Salt Cure\n|\n|-damage|p1a: Shaymin|51\/100|[from] Salt Cure\n|upkeep\n|turn|8\n|\n|t:|1699205083\n|switch|p1a: Landorus|Landorus, M|100\/100\n|switch|p2a: Magearna|Magearna|100\/100\n|\n|upkeep\n|turn|9\n|\n|t:|1699205095\n|switch|p1a: Dialga|Dialga|96\/100\n|-ability|p1a: Dialga|Pressure\n|-terastallize|p2a: Magearna|Flying\n|move|p2a: Magearna|Ice Beam|p1a: Dialga\n|-damage|p1a: Dialga|77\/100\n|\n|upkeep\n|turn|10\n|\n|t:|1699205109\n|switch|p2a: Blissey|Blissey, F|100\/100\n|move|p1a: Dialga|Draco Meteor|p2a: Blissey\n|-damage|p2a: Blissey|78\/100\n|-unboost|p1a: Dialga|spa|2\n|\n|upkeep\n|turn|11\n|\n|t:|1699205115\n|move|p1a: Dialga|Heavy Slam|p2a: Blissey\n|-damage|p2a: Blissey|24\/100\n|move|p2a: Blissey|Stealth Rock|p1a: Dialga\n|-sidestart|p1: babynogalXD|move: Stealth Rock\n|\n|upkeep\n|turn|12\n|\n|t:|1699205127\n|switch|p1a: Cutiefly|Cutiefly, M|100\/100\n|-damage|p1a: Cutiefly|75\/100|[from] Stealth Rock\n|switch|p2a: Moltres|Moltres|100\/100\n|\n|upkeep\n|turn|13\n|\n|t:|1699205137\n|move|p1a: Cutiefly|Sticky Web|p2a: Moltres\n|-sidestart|p2: Leo Justice|move: Sticky Web\n|move|p2a: Moltres|Hurricane|p1a: Cutiefly\n|-supereffective|p1a: Cutiefly\n|-damage|p1a: Cutiefly|0 fnt\n|faint|p1a: Cutiefly\n|\n|upkeep\n|\n|t:|1699205151\n|switch|p1a: Baxcalibur|Baxcalibur, M|100\/100\n|-damage|p1a: Baxcalibur|76\/100|[from] Stealth Rock\n|turn|14\n|\n|t:|1699205156\n|move|p1a: Baxcalibur|Icicle Spear|p2a: Moltres\n|-damage|p2a: Moltres|90\/100\n|-damage|p2a: Moltres|80\/100\n|-damage|p2a: Moltres|71\/100\n|-damage|p2a: Moltres|61\/100\n|-hitcount|p2a: Moltres|4\n|move|p2a: Moltres|Roar|p1a: Baxcalibur\n|drag|p1a: Arceus|Arceus-Ghost|79\/100 frz\n|-damage|p1a: Arceus|66\/100 frz|[from] Stealth Rock\n|\n|upkeep\n|turn|15\n|\n|t:|1699205164\n|switch|p2a: Garganacl|Garganacl, M|100\/100\n|-activate|p2a: Garganacl|move: Sticky Web\n|-unboost|p2a: Garganacl|spe|1\n|cant|p1a: Arceus|frz\n|\n|upkeep\n|turn|16\n|\n|t:|1699205168\n|switch|p1a: Dialga|Dialga|77\/100\n|-damage|p1a: Dialga|71\/100|[from] Stealth Rock\n|-ability|p1a: Dialga|Pressure\n|move|p2a: Garganacl|Salt Cure|p1a: Dialga\n|-resisted|p1a: Dialga\n|-damage|p1a: Dialga|67\/100\n|\n|upkeep\n|turn|17\n|\n|t:|1699205173\n|move|p1a: Dialga|Draco Meteor|p2a: Garganacl\n|-damage|p2a: Garganacl|58\/100\n|-unboost|p1a: Dialga|spa|2\n|move|p2a: Garganacl|Recover|p2a: Garganacl\n|-heal|p2a: Garganacl|100\/100\n|\n|upkeep\n|turn|18\n|\n|t:|1699205179\n|move|p1a: Dialga|Thunder Wave|p2a: Garganacl\n|-immune|p2a: Garganacl|[from] ability: Purifying Salt\n|move|p2a: Garganacl|Body Press|p1a: Dialga\n|-supereffective|p1a: Dialga\n|-crit|p1a: Dialga\n|-damage|p1a: Dialga|24\/100\n|\n|upkeep\n|turn|19\n|\n|t:|1699205192\n|switch|p2a: Blissey|Blissey, F|24\/100\n|move|p1a: Dialga|Heavy Slam|p2a: Blissey\n|-damage|p2a: Blissey|0 fnt\n|faint|p2a: Blissey\n|\n|upkeep\n|\n|t:|1699205199\n|switch|p2a: Cyclizar|Cyclizar, F|84\/100\n|turn|20\n|\n|t:|1699205216\n|switch|p1a: Arceus|Arceus-Ghost|66\/100 frz\n|-damage|p1a: Arceus|54\/100 frz|[from] Stealth Rock\n|move|p2a: Cyclizar|Shed Tail|p2a: Cyclizar\n|-start|p2a: Cyclizar|Substitute|[from] move: Shed Tail\n|-damage|p2a: Cyclizar|33\/100\n|\n|t:|1699205221\n|switch|p2a: Magearna|Magearna, tera:Flying|100\/100|[from] Shed Tail\n|\n|upkeep\n|turn|21\n|\n|t:|1699205225\n|cant|p1a: Arceus|frz\n|move|p2a: Magearna|Eerie Impulse|p1a: Arceus\n|-unboost|p1a: Arceus|spa|2\n|\n|upkeep\n|turn|22\n|\n|t:|1699205228\n|cant|p1a: Arceus|frz\n|move|p2a: Magearna|Spikes|p1a: Arceus\n|-sidestart|p1: babynogalXD|Spikes\n|\n|upkeep\n|turn|23\n|\n|t:|1699205232\n|-curestatus|p1a: Arceus|frz|[msg]\n|move|p1a: Arceus|Judgment|p2a: Magearna\n|-activate|p2a: Magearna|move: Substitute|[damage]\n|move|p2a: Magearna|Spikes|p1a: Arceus\n|-sidestart|p1: babynogalXD|Spikes\n|\n|upkeep\n|turn|24\n|\n|t:|1699205236\n|move|p1a: Arceus|Judgment|p2a: Magearna\n|-end|p2a: Magearna|Substitute\n|move|p2a: Magearna|Spikes|p1a: Arceus\n|-sidestart|p1: babynogalXD|Spikes\n|\n|upkeep\n|turn|25\n|\n|t:|1699205239\n|move|p1a: Arceus|Recover|p1a: Arceus\n|-heal|p1a: Arceus|100\/100\n|move|p2a: Magearna|Eerie Impulse|p1a: Arceus\n|-unboost|p1a: Arceus|spa|2\n|\n|upkeep\n|turn|26\n|\n|t:|1699205244\n|switch|p1a: Dialga|Dialga|24\/100\n|-damage|p1a: Dialga|18\/100|[from] Stealth Rock\n|-damage|p1a: Dialga|0 fnt|[from] Spikes\n|faint|p1a: Dialga\n|-ability|p2a: Magearna|Soul-Heart|boost\n|-boost|p2a: Magearna|spa|1\n|move|p2a: Magearna|Ice Beam|p1: Dialga|[notarget]\n|-fail|p2a: Magearna\n|\n|upkeep\n|\n|t:|1699205249\n|switch|p1a: Baxcalibur|Baxcalibur, M|76\/100\n|-damage|p1a: Baxcalibur|51\/100|[from] Stealth Rock\n|-damage|p1a: Baxcalibur|26\/100|[from] Spikes\n|turn|27\n|\n|t:|1699205255\n|switch|p2a: Moltres|Moltres|61\/100\n|move|p1a: Baxcalibur|Icicle Spear|p2a: Moltres\n|-damage|p2a: Moltres|51\/100\n|-damage|p2a: Moltres|42\/100\n|-damage|p2a: Moltres|32\/100\n|-damage|p2a: Moltres|23\/100\n|-hitcount|p2a: Moltres|4\n|\n|upkeep\n|turn|28\n|\n|t:|1699205261\n|move|p1a: Baxcalibur|Icicle Spear|p2a: Moltres\n|-damage|p2a: Moltres|12\/100\n|-damage|p2a: Moltres|3\/100\n|-damage|p2a: Moltres|0 fnt\n|faint|p2a: Moltres\n|-hitcount|p2: Moltres|3\n|\n|upkeep\n|\n|t:|1699205264\n|switch|p2a: Arceus|Arceus-Poison|100\/100\n|-activate|p2a: Arceus|move: Sticky Web\n|-unboost|p2a: Arceus|spe|1\n|turn|29\n|\n|t:|1699205287\n|move|p1a: Baxcalibur|Earthquake|p2a: Arceus\n|-supereffective|p2a: Arceus\n|-damage|p2a: Arceus|60\/100\n|move|p2a: Arceus|Judgment|p1a: Baxcalibur\n|-damage|p1a: Baxcalibur|0 fnt\n|faint|p1a: Baxcalibur\n|\n|upkeep\n|\n|t:|1699205290\n|switch|p1a: Landorus|Landorus, M|100\/100\n|-damage|p1a: Landorus|88\/100|[from] Stealth Rock\n|turn|30\n|\n|t:|1699205298\n|switch|p2a: Magearna|Magearna, tera:Flying|100\/100\n|move|p1a: Landorus|Nasty Plot|p1a: Landorus\n|-boost|p1a: Landorus|spa|2\n|\n|upkeep\n|turn|31\n|\n|t:|1699205302\n|-terastallize|p1a: Landorus|Poison\n|move|p1a: Landorus|Sludge Bomb|p2a: Magearna\n|-damage|p2a: Magearna|8\/100\n|move|p2a: Magearna|Ice Beam|p1a: Landorus\n|-damage|p1a: Landorus|53\/100\n|\n|-heal|p2a: Magearna|14\/100|[from] item: Leftovers\n|upkeep\n|turn|32\n|\n|t:|1699205320\n|move|p1a: Landorus|Psychic|p2a: Magearna\n|-damage|p2a: Magearna|0 fnt\n|faint|p2a: Magearna\n|\n|upkeep\n|\n|t:|1699205323\n|switch|p2a: Cyclizar|Cyclizar, F|67\/100\n|turn|33\n|\n|t:|1699205329\n|move|p2a: Cyclizar|Knock Off|p1a: Landorus\n|-damage|p1a: Landorus|27\/100\n|-enditem|p1a: Landorus|Life Orb|[from] move: Knock Off|[of] p2a: Cyclizar\n|move|p1a: Landorus|Earth Power|p2a: Cyclizar\n|-damage|p2a: Cyclizar|0 fnt\n|faint|p2a: Cyclizar\n|\n|upkeep\n|\n|t:|1699205337\n|switch|p2a: Garganacl|Garganacl, M|100\/100\n|-activate|p2a: Garganacl|move: Sticky Web\n|-unboost|p2a: Garganacl|spe|1\n|turn|34\n|\n|t:|1699205341\n|move|p1a: Landorus|Earth Power|p2a: Garganacl\n|-supereffective|p2a: Garganacl\n|-damage|p2a: Garganacl|0 fnt\n|faint|p2a: Garganacl\n|\n|upkeep\n|c|\u2606Leo Justice|gg\n|c|\u2606babynogalXD|Gg\n|-message|Leo Justice forfeited.\n|\n|win|babynogalXD\n|player|p2|Leo Justice|carmine\n","uploadtime":1699205356,"views":7,"p1id":"babynogalxd","p2id":"leojustice","formatid":"gen9ubers","rating":0,"private":0,"password":""}