{"id":"gen9ubers-1997986875","p1":"0TacoBoi0","p2":"Ad_b12","format":"[Gen 9] Ubers","log":"|j|\u26060TacoBoi0\n|j|\u2606Ad_b12\n|t:|1700875679\n|gametype|singles\n|player|p1|0TacoBoi0|hiker-gen4|1100\n|player|p2|Ad_b12|1|1098\n|teamsize|p1|6\n|teamsize|p2|6\n|gen|9\n|tier|[Gen 9] Ubers\n|rated|\n|rule|Sleep Clause Mod: Limit one foe put to sleep\n|rule|Species Clause: Limit one of each Pok\u00e9mon\n|rule|OHKO Clause: OHKO moves are banned\n|rule|Evasion Items Clause: Evasion items are banned\n|rule|Evasion Moves Clause: Evasion moves are banned\n|rule|Endless Battle Clause: Forcing endless battles is banned\n|rule|HP Percentage Mod: HP is shown in percentages\n|clearpoke\n|poke|p1|Grimmsnarl, M|\n|poke|p1|Arceus-Ground|\n|poke|p1|Miraidon|\n|poke|p1|Sneasler, F|\n|poke|p1|Calyrex-Ice|\n|poke|p1|Zacian-*|\n|poke|p2|Miraidon|\n|poke|p2|Sneasler, F|\n|poke|p2|Gliscor, F|\n|poke|p2|Regieleki|\n|poke|p2|Arceus-Bug|\n|poke|p2|Garganacl, F|\n|teampreview\n|inactive|Battle timer is ON: inactive players will automatically lose when time's up. (requested by Ad_b12)\n|inactive|0TacoBoi0 also wants the timer to be on.\n|\n|t:|1700875693\n|start\n|switch|p1a: Grimmsnarl|Grimmsnarl, M|100\/100\n|switch|p2a: Gliscor|Gliscor, F|100\/100\n|turn|1\n|\n|t:|1700875702\n|move|p1a: Grimmsnarl|Reflect|p1a: Grimmsnarl\n|-sidestart|p1: 0TacoBoi0|Reflect\n|move|p2a: Gliscor|Spikes|p1a: Grimmsnarl\n|-sidestart|p1: 0TacoBoi0|Spikes\n|\n|-status|p2a: Gliscor|tox|[from] item: Toxic Orb\n|upkeep\n|turn|2\n|\n|t:|1700875709\n|move|p1a: Grimmsnarl|Taunt|p2a: Gliscor\n|-start|p2a: Gliscor|move: Taunt\n|cant|p2a: Gliscor|move: Taunt|Spikes\n|\n|upkeep\n|turn|3\n|\n|t:|1700875717\n|switch|p2a: Miraidon|Miraidon|100\/100\n|-fieldstart|move: Electric Terrain|[from] ability: Hadron Engine|[of] p2a: Miraidon\n|move|p1a: Grimmsnarl|Light Screen|p1a: Grimmsnarl\n|-sidestart|p1: 0TacoBoi0|move: Light Screen\n|\n|upkeep\n|turn|4\n|\n|t:|1700875727\n|move|p2a: Miraidon|Volt Switch|p1a: Grimmsnarl\n|-damage|p1a: Grimmsnarl|62\/100\n|\n|t:|1700875736\n|switch|p2a: Sneasler|Sneasler, F|100\/100|[from] Volt Switch\n|-enditem|p2a: Sneasler|Electric Seed\n|-boost|p2a: Sneasler|def|1|[from] item: Electric Seed\n|move|p1a: Grimmsnarl|Play Rough|p2a: Sneasler\n|-damage|p2a: Sneasler|62\/100\n|\n|upkeep\n|turn|5\n|\n|t:|1700875745\n|switch|p1a: Zacian|Zacian-Crowned|100\/100\n|-damage|p1a: Zacian|88\/100|[from] Spikes\n|-ability|p1a: Zacian|Intrepid Sword|boost\n|-boost|p1a: Zacian|atk|1\n|move|p2a: Sneasler|Swords Dance|p2a: Sneasler\n|-boost|p2a: Sneasler|atk|2\n|\n|upkeep\n|turn|6\n|\n|t:|1700875755\n|move|p2a: Sneasler|Close Combat|p1a: Zacian\n|-damage|p1a: Zacian|27\/100\n|-unboost|p2a: Sneasler|def|1\n|-unboost|p2a: Sneasler|spd|1\n|move|p1a: Zacian|Behemoth Blade|p2a: Sneasler\n|-damage|p2a: Sneasler|0 fnt\n|faint|p2a: Sneasler\n|\n|upkeep\n|\n|t:|1700875765\n|switch|p2a: Miraidon|Miraidon|100\/100\n|-activate|p2a: Miraidon|ability: Hadron Engine\n|turn|7\n|\n|t:|1700875771\n|-terastallize|p1a: Zacian|Ground\n|-terastallize|p2a: Miraidon|Grass\n|move|p1a: Zacian|Tera Blast|p2a: Miraidon|[anim] Tera Blast Ground\n|-resisted|p2a: Miraidon\n|-crit|p2a: Miraidon\n|-damage|p2a: Miraidon|50\/100\n|move|p2a: Miraidon|Tera Blast|p1a: Zacian|[anim] Tera Blast Grass\n|-supereffective|p1a: Zacian\n|-damage|p1a: Zacian|0 fnt\n|faint|p1a: Zacian\n|\n|-fieldend|move: Electric Terrain\n|upkeep\n|inactive|0TacoBoi0 has 120 seconds left.\n|c|\u26060TacoBoi0|What the fuck\n|inactive|0TacoBoi0 has 90 seconds left.\n|c|\u2606Ad_b12|What?\n|\n|t:|1700875852\n|switch|p1a: Grimmsnarl|Grimmsnarl, M|62\/100\n|-damage|p1a: Grimmsnarl|49\/100|[from] Spikes\n|turn|8\n|\n|t:|1700875858\n|move|p2a: Miraidon|Tera Blast|p1a: Grimmsnarl|[anim] Tera Blast Grass\n|-damage|p1a: Grimmsnarl|19\/100\n|move|p1a: Grimmsnarl|Play Rough|p2a: Miraidon\n|-damage|p2a: Miraidon|16\/100\n|\n|-sideend|p1: 0TacoBoi0|Reflect\n|upkeep\n|turn|9\n|c|\u26060TacoBoi0|That set lol\n|\n|t:|1700875866\n|move|p1a: Grimmsnarl|Reflect|p1a: Grimmsnarl\n|-sidestart|p1: 0TacoBoi0|Reflect\n|move|p2a: Miraidon|Tera Blast|p1a: Grimmsnarl|[anim] Tera Blast Grass\n|-damage|p1a: Grimmsnarl|0 fnt\n|faint|p1a: Grimmsnarl\n|\n|upkeep\n|\n|t:|1700875877\n|switch|p1a: Calyrex|Calyrex-Ice|100\/100\n|-ability|p1a: Calyrex|As One\n|-ability|p1a: Calyrex|Unnerve\n|turn|10\n|\n|t:|1700875886\n|switch|p2a: Garganacl|Garganacl, F|100\/100\n|move|p1a: Calyrex|Trick Room|p1a: Calyrex\n|-fieldstart|move: Trick Room|[of] p1a: Calyrex\n|\n|-sideend|p1: 0TacoBoi0|move: Light Screen\n|upkeep\n|turn|11\n|inactive|0TacoBoi0 has 90 seconds left.\n|\n|t:|1700875901\n|move|p1a: Calyrex|High Horsepower|p2a: Garganacl\n|-supereffective|p2a: Garganacl\n|-damage|p2a: Garganacl|53\/100\n|move|p2a: Garganacl|Salt Cure|p1a: Calyrex\n|-supereffective|p1a: Calyrex\n|-damage|p1a: Calyrex|92\/100\n|-start|p1a: Calyrex|Salt Cure\n|\n|-heal|p2a: Garganacl|59\/100|[from] item: Leftovers\n|-damage|p1a: Calyrex|80\/100|[from] Salt Cure\n|upkeep\n|turn|12\n|inactive|0TacoBoi0 has 90 seconds left.\n|\n|t:|1700875913\n|move|p1a: Calyrex|Glacial Lance|p2a: Garganacl\n|-damage|p2a: Garganacl|17\/100\n|move|p2a: Garganacl|Recover|p2a: Garganacl\n|-heal|p2a: Garganacl|67\/100\n|\n|-heal|p2a: Garganacl|73\/100|[from] item: Leftovers\n|-damage|p1a: Calyrex|68\/100|[from] Salt Cure\n|upkeep\n|turn|13\n|\n|t:|1700875922\n|switch|p1a: Arceus|Arceus-Ground|100\/100\n|-damage|p1a: Arceus|88\/100|[from] Spikes\n|move|p2a: Garganacl|Recover|p2a: Garganacl\n|-heal|p2a: Garganacl|100\/100\n|\n|upkeep\n|turn|14\n|\n|t:|1700875930\n|switch|p2a: Gliscor|Gliscor, F|100\/100 tox\n|move|p1a: Arceus|Taunt|p2a: Gliscor\n|-start|p2a: Gliscor|move: Taunt\n|\n|-fieldend|move: Trick Room\n|upkeep\n|turn|15\n|\n|t:|1700875943\n|switch|p2a: Garganacl|Garganacl, F|100\/100\n|move|p1a: Arceus|Swords Dance|p1a: Arceus\n|-boost|p1a: Arceus|atk|2\n|\n|upkeep\n|turn|16\n|\n|t:|1700875955\n|move|p1a: Arceus|Earthquake|p2a: Garganacl\n|-supereffective|p2a: Garganacl\n|-damage|p2a: Garganacl|0 fnt\n|faint|p2a: Garganacl\n|\n|-sideend|p1: 0TacoBoi0|Reflect\n|upkeep\n|\n|t:|1700875963\n|switch|p2a: Miraidon|Miraidon, tera:Grass|16\/100\n|-fieldstart|move: Electric Terrain|[from] ability: Hadron Engine|[of] p2a: Miraidon\n|turn|17\n|inactive|0TacoBoi0 has 120 seconds left.\n|\n|t:|1700875978\n|move|p2a: Miraidon|Tera Blast|p1a: Arceus|[anim] Tera Blast Grass\n|-supereffective|p1a: Arceus\n|-damage|p1a: Arceus|0 fnt\n|faint|p1a: Arceus\n|\n|upkeep\n|\n|t:|1700875987\n|switch|p1a: Miraidon|Miraidon|100\/100\n|-damage|p1a: Miraidon|88\/100|[from] Spikes\n|-activate|p1a: Miraidon|ability: Hadron Engine\n|-enditem|p1a: Miraidon|Electric Seed\n|-boost|p1a: Miraidon|def|1|[from] item: Electric Seed\n|turn|18\n|\n|t:|1700875997\n|switch|p2a: Gliscor|Gliscor, F|100\/100 tox\n|move|p1a: Miraidon|Dragon Pulse|p2a: Gliscor\n|-damage|p2a: Gliscor|27\/100 tox\n|\n|-heal|p2a: Gliscor|40\/100 tox|[from] ability: Poison Heal\n|upkeep\n|turn|19\n|\n|t:|1700876005\n|move|p2a: Gliscor|Protect|p2a: Gliscor\n|-singleturn|p2a: Gliscor|Protect\n|move|p1a: Miraidon|Dragon Pulse|p2a: Gliscor\n|-activate|p2a: Gliscor|move: Protect\n|\n|-heal|p2a: Gliscor|52\/100 tox|[from] ability: Poison Heal\n|upkeep\n|turn|20\n|\n|t:|1700876031\n|move|p1a: Miraidon|Dragon Pulse|p2a: Gliscor\n|-damage|p2a: Gliscor|0 fnt\n|faint|p2a: Gliscor\n|\n|upkeep\n|\n|t:|1700876036\n|switch|p2a: Arceus|Arceus-Bug|100\/100\n|turn|21\n|\n|t:|1700876045\n|move|p2a: Arceus|Calm Mind|p2a: Arceus\n|-boost|p2a: Arceus|spa|1\n|-boost|p2a: Arceus|spd|1\n|move|p1a: Miraidon|Calm Mind|p1a: Miraidon\n|-boost|p1a: Miraidon|spa|1\n|-boost|p1a: Miraidon|spd|1\n|\n|-fieldend|move: Electric Terrain\n|upkeep\n|turn|22\n|\n|t:|1700876053\n|move|p2a: Arceus|Calm Mind|p2a: Arceus\n|-boost|p2a: Arceus|spa|1\n|-boost|p2a: Arceus|spd|1\n|move|p1a: Miraidon|Taunt|p2a: Arceus\n|-start|p2a: Arceus|move: Taunt\n|\n|upkeep\n|turn|23\n|\n|t:|1700876067\n|move|p2a: Arceus|Judgment|p1a: Miraidon\n|-damage|p1a: Miraidon|39\/100\n|move|p1a: Miraidon|Parabolic Charge|p2a: Arceus\n|-damage|p2a: Arceus|80\/100\n|-heal|p1a: Miraidon|50\/100|[from] drain|[of] p2a: Arceus\n|\n|upkeep\n|turn|24\n|\n|t:|1700876074\n|move|p2a: Arceus|Judgment|p1a: Miraidon\n|-damage|p1a: Miraidon|0 fnt\n|faint|p1a: Miraidon\n|\n|upkeep\n|\n|t:|1700876080\n|switch|p1a: Sneasler|Sneasler, F|100\/100\n|-damage|p1a: Sneasler|88\/100|[from] Spikes\n|turn|25\n|\n|t:|1700876085\n|move|p2a: Arceus|Overheat|p1a: Sneasler\n|-damage|p1a: Sneasler|12\/100\n|-unboost|p2a: Arceus|spa|2\n|move|p1a: Sneasler|Gunk Shot|p2a: Arceus\n|-damage|p2a: Arceus|38\/100\n|\n|-end|p2a: Arceus|move: Taunt\n|upkeep\n|turn|26\n|\n|t:|1700876095\n|move|p2a: Arceus|Judgment|p1a: Sneasler\n|-resisted|p1a: Sneasler\n|-damage|p1a: Sneasler|0 fnt\n|faint|p1a: Sneasler\n|\n|upkeep\n|\n|t:|1700876096\n|switch|p1a: Calyrex|Calyrex-Ice|68\/100\n|-ability|p1a: Calyrex|As One\n|-ability|p1a: Calyrex|Unnerve\n|turn|27\n|\n|t:|1700876104\n|move|p2a: Arceus|Judgment|p1a: Calyrex\n|-supereffective|p1a: Calyrex\n|-damage|p1a: Calyrex|0 fnt\n|faint|p1a: Calyrex\n|\n|win|Ad_b12\n|raw|0TacoBoi0's rating: 1100 &rarr; <strong>1075<\/strong><br \/>(-25 for losing)\n|raw|Ad_b12's rating: 1098 &rarr; <strong>1123<\/strong><br \/>(+25 for winning)\n|c|\u2606Ad_b12|Gg\n|l|\u2606Ad_b12\n|l|\u26060TacoBoi0\n|j|\u26060TacoBoi0\n|player|p1|0TacoBoi0|hiker-gen4\n","uploadtime":1700876203,"views":1,"p1id":"0tacoboi0","p2id":"adb12","formatid":"gen9ubers","rating":1075,"private":0,"password":""}