{"id":"gen9ubers-1990967023","p1":"HelloThereMites","p2":"Beastman00","format":"[Gen 9] Ubers","log":"|j|\u2606HelloThereMites\n|j|\u203dBeastman00\n|t:|1700020951\n|gametype|singles\n|player|p1|HelloThereMites|larry|1145\n|player|p2|Beastman00|266|1050\n|teamsize|p1|6\n|teamsize|p2|6\n|gen|9\n|tier|[Gen 9] Ubers\n|rated|\n|rule|Sleep Clause Mod: Limit one foe put to sleep\n|rule|Species Clause: Limit one of each Pok\u00e9mon\n|rule|OHKO Clause: OHKO moves are banned\n|rule|Evasion Items Clause: Evasion items are banned\n|rule|Evasion Moves Clause: Evasion moves are banned\n|rule|Endless Battle Clause: Forcing endless battles is banned\n|rule|HP Percentage Mod: HP is shown in percentages\n|clearpoke\n|poke|p1|Ogerpon-Hearthflame, F|\n|poke|p1|Zacian-*|\n|poke|p1|Flutter Mane|\n|poke|p1|Iron Bundle|\n|poke|p1|Chien-Pao|\n|poke|p1|Koraidon|\n|poke|p2|Goodra, M|\n|poke|p2|Mewtwo|\n|poke|p2|Gyarados, M|\n|poke|p2|Tyranitar, F|\n|poke|p2|Zapdos|\n|poke|p2|Slowbro, F|\n|teampreview\n|inactive|Battle timer is ON: inactive players will automatically lose when time's up. (requested by Beastman00)\n|inactive|HelloThereMites also wants the timer to be on.\n|\n|t:|1700020959\n|start\n|switch|p1a: Ogerpon|Ogerpon-Hearthflame, F|100\/100\n|switch|p2a: Zapdos|Zapdos|100\/100\n|-ability|p1a: Ogerpon|Mold Breaker\n|turn|1\n|\n|t:|1700020967\n|move|p1a: Ogerpon|Swords Dance|p1a: Ogerpon\n|-boost|p1a: Ogerpon|atk|2\n|move|p2a: Zapdos|Ancient Power|p1a: Ogerpon\n|-supereffective|p1a: Ogerpon\n|-damage|p1a: Ogerpon|51\/100\n|\n|upkeep\n|turn|2\n|\n|t:|1700020974\n|move|p1a: Ogerpon|Ivy Cudgel|p2a: Zapdos|[anim] Ivy Cudgel Fire\n|-damage|p2a: Zapdos|0 fnt\n|faint|p2a: Zapdos\n|\n|upkeep\n|\n|t:|1700020982\n|switch|p2a: Gyarados|Gyarados, M|100\/100\n|turn|3\n|\n|t:|1700020988\n|move|p1a: Ogerpon|Horn Leech|p2a: Gyarados\n|-damage|p2a: Gyarados|0 fnt\n|-heal|p1a: Ogerpon|100\/100|[from] drain|[of] p2a: Gyarados\n|faint|p2a: Gyarados\n|\n|upkeep\n|\n|t:|1700020991\n|switch|p2a: Slowbro|Slowbro, F|100\/100\n|turn|4\n|\n|t:|1700020996\n|move|p1a: Ogerpon|Trailblaze|p2a: Slowbro\n|-supereffective|p2a: Slowbro\n|-damage|p2a: Slowbro|3\/100\n|-boost|p1a: Ogerpon|spe|1\n|move|p2a: Slowbro|Scald|p1a: Ogerpon\n|-damage|p1a: Ogerpon|57\/100\n|\n|upkeep\n|turn|5\n|\n|t:|1700021006\n|switch|p2a: Goodra|Goodra, M|100\/100\n|move|p1a: Ogerpon|Horn Leech|p2a: Goodra\n|-resisted|p2a: Goodra\n|-damage|p2a: Goodra|42\/100\n|-heal|p1a: Ogerpon|94\/100|[from] drain|[of] p2a: Goodra\n|-ability|p2a: Goodra|Gooey\n|-unboost|p1a: Ogerpon|spe|1\n|\n|upkeep\n|turn|6\n|\n|t:|1700021016\n|move|p1a: Ogerpon|Trailblaze|p2a: Goodra\n|-resisted|p2a: Goodra\n|-damage|p2a: Goodra|0 fnt\n|-boost|p1a: Ogerpon|spe|1\n|-ability|p2a: Goodra|Gooey\n|-unboost|p1a: Ogerpon|spe|1\n|faint|p2a: Goodra\n|\n|upkeep\n|\n|t:|1700021021\n|switch|p2a: Mewtwo|Mewtwo|100\/100\n|-ability|p2a: Mewtwo|Pressure\n|turn|7\n|\n|t:|1700021027\n|move|p2a: Mewtwo|Psystrike|p1a: Ogerpon\n|-damage|p1a: Ogerpon|0 fnt\n|faint|p1a: Ogerpon\n|-damage|p2a: Mewtwo|91\/100|[from] item: Life Orb\n|\n|upkeep\n|\n|t:|1700021033\n|switch|p1a: Flutter Mane|Flutter Mane|100\/100\n|turn|8\n|\n|t:|1700021038\n|move|p1a: Flutter Mane|Calm Mind|p1a: Flutter Mane\n|-boost|p1a: Flutter Mane|spa|1\n|-boost|p1a: Flutter Mane|spd|1\n|move|p2a: Mewtwo|Dark Pulse|p1a: Flutter Mane\n|-damage|p1a: Flutter Mane|73\/100\n|-damage|p2a: Mewtwo|81\/100|[from] item: Life Orb\n|\n|upkeep\n|turn|9\n|\n|t:|1700021045\n|move|p1a: Flutter Mane|Calm Mind|p1a: Flutter Mane\n|-boost|p1a: Flutter Mane|spa|1\n|-boost|p1a: Flutter Mane|spd|1\n|move|p2a: Mewtwo|Dark Pulse|p1a: Flutter Mane\n|-damage|p1a: Flutter Mane|50\/100\n|-damage|p2a: Mewtwo|71\/100|[from] item: Life Orb\n|\n|upkeep\n|turn|10\n|\n|t:|1700021052\n|move|p1a: Flutter Mane|Shadow Ball|p2a: Mewtwo\n|-supereffective|p2a: Mewtwo\n|-damage|p2a: Mewtwo|0 fnt\n|faint|p2a: Mewtwo\n|-damage|p1a: Flutter Mane|40\/100|[from] item: Life Orb\n|\n|upkeep\n|\n|t:|1700021055\n|switch|p2a: Tyranitar|Tyranitar, F|100\/100\n|-weather|Sandstorm|[from] ability: Sand Stream|[of] p2a: Tyranitar\n|turn|11\n|\n|t:|1700021063\n|move|p1a: Flutter Mane|Moonblast|p2a: Tyranitar\n|-supereffective|p2a: Tyranitar\n|-damage|p2a: Tyranitar|8\/100\n|-damage|p1a: Flutter Mane|30\/100|[from] item: Life Orb\n|move|p2a: Tyranitar|Foul Play|p1a: Flutter Mane\n|-damage|p1a: Flutter Mane|0 fnt\n|faint|p1a: Flutter Mane\n|-end|p1a: Flutter Mane|Protosynthesis|[silent]\n|\n|-weather|Sandstorm|[upkeep]\n|upkeep\n|\n|t:|1700021080\n|switch|p1a: Koraidon|Koraidon|100\/100\n|-weather|SunnyDay|[from] ability: Orichalcum Pulse|[of] p1a: Koraidon\n|-activate|p1a: Koraidon|Orichalcum Pulse|[source]\n|turn|12\n|\n|t:|1700021085\n|switch|p2a: Slowbro|Slowbro, F|36\/100\n|move|p1a: Koraidon|Collision Course|p2a: Slowbro\n|-resisted|p2a: Slowbro\n|-damage|p2a: Slowbro|7\/100\n|\n|-weather|SunnyDay|[upkeep]\n|upkeep\n|turn|13\n|\n|t:|1700021093\n|move|p1a: Koraidon|Flame Charge|p2a: Slowbro\n|-resisted|p2a: Slowbro\n|-damage|p2a: Slowbro|0 fnt\n|-boost|p1a: Koraidon|spe|1\n|faint|p2a: Slowbro\n|\n|-weather|SunnyDay|[upkeep]\n|upkeep\n|\n|t:|1700021095\n|switch|p2a: Tyranitar|Tyranitar, F|8\/100\n|-weather|Sandstorm|[from] ability: Sand Stream|[of] p2a: Tyranitar\n|turn|14\n|\n|t:|1700021101\n|move|p1a: Koraidon|Collision Course|p2a: Tyranitar\n|-supereffective|p2a: Tyranitar\n|-crit|p2a: Tyranitar\n|-damage|p2a: Tyranitar|0 fnt\n|faint|p2a: Tyranitar\n|\n|win|HelloThereMites\n|raw|HelloThereMites's rating: 1145 &rarr; <strong>1163<\/strong><br \/>(+18 for winning)\n|raw|Beastman00's rating: 1050 &rarr; <strong>1037<\/strong><br \/>(-13 for losing)\n|l|\u203dBeastman00\n","uploadtime":1700021109,"views":7,"p1id":"hellotheremites","p2id":"beastman00","formatid":"gen9ubers","rating":1037,"private":0,"password":""}