{"id":"gen9ubers-1985809233","p1":"Dark King_5","p2":"kirnockerbam","format":"[Gen 9] Ubers","log":"|j|\u2606Dark King_5\n|j|\u2606kirnockerbam\n|t:|1699408462\n|gametype|singles\n|player|p1|Dark King_5|266|1123\n|player|p2|kirnockerbam|169|1000\n|teamsize|p1|6\n|teamsize|p2|6\n|gen|9\n|tier|[Gen 9] Ubers\n|rated|\n|rule|Sleep Clause Mod: Limit one foe put to sleep\n|rule|Species Clause: Limit one of each Pok\u00e9mon\n|rule|OHKO Clause: OHKO moves are banned\n|rule|Evasion Items Clause: Evasion items are banned\n|rule|Evasion Moves Clause: Evasion moves are banned\n|rule|Endless Battle Clause: Forcing endless battles is banned\n|rule|HP Percentage Mod: HP is shown in percentages\n|clearpoke\n|poke|p1|Dipplin, F|\n|poke|p1|Walking Wake|\n|poke|p1|Koraidon|\n|poke|p1|Goodra-Hisui, M|\n|poke|p1|Dragapult, M|\n|poke|p1|Flapple, M|\n|poke|p2|Rayquaza|\n|poke|p2|Zacian-*|\n|poke|p2|Miraidon|\n|poke|p2|Ting-Lu|\n|poke|p2|Groudon|\n|poke|p2|Chi-Yu|\n|teampreview\n|inactive|Battle timer is ON: inactive players will automatically lose when time's up. (requested by Dark King_5)\n|\n|t:|1699408471\n|start\n|switch|p1a: Koraidon|Koraidon|100\/100\n|switch|p2a: Rayquaza|Rayquaza, shiny|100\/100\n|-weather|SunnyDay|[from] ability: Orichalcum Pulse|[of] p1a: Koraidon\n|-activate|p1a: Koraidon|Orichalcum Pulse|[source]\n|-ability|p2a: Rayquaza|Air Lock\n|turn|1\n|c|\u2606Dark King_5|trying to make a gen 9 dragon monoteam suggestions?\n|\n|t:|1699408496\n|move|p1a: Koraidon|Swords Dance|p1a: Koraidon\n|-boost|p1a: Koraidon|atk|2\n|move|p2a: Rayquaza|Draco Meteor|p1a: Koraidon\n|-supereffective|p1a: Koraidon\n|-damage|p1a: Koraidon|0 fnt\n|-unboost|p2a: Rayquaza|spa|2\n|faint|p1a: Koraidon\n|\n|-weather|SunnyDay|[upkeep]\n|upkeep\n|c|\u2606kirnockerbam|I got no idea brother\n|inactive|Dark King_5 has 120 seconds left.\n|\n|t:|1699408509\n|switch|p1a: Dragapult|Dragapult, M|100\/100\n|turn|2\n|\n|t:|1699408513\n|move|p1a: Dragapult|Dragon Darts|p2a: Rayquaza\n|-supereffective|p2a: Rayquaza\n|-damage|p2a: Rayquaza|46\/100\n|-anim|p1a: Dragapult|Dragon Darts|p2a: Rayquaza\n|-supereffective|p2a: Rayquaza\n|-damage|p2a: Rayquaza|0 fnt\n|faint|p2a: Rayquaza\n|\n|-weather|SunnyDay|[upkeep]\n|upkeep\n|\n|t:|1699408523\n|switch|p2a: Zacian|Zacian-Crowned, shiny|100\/100\n|-ability|p2a: Zacian|Intrepid Sword|boost\n|-boost|p2a: Zacian|atk|1\n|turn|3\n|\n|t:|1699408530\n|move|p2a: Zacian|Substitute|p2a: Zacian\n|-start|p2a: Zacian|Substitute\n|-damage|p2a: Zacian|76\/100\n|move|p1a: Dragapult|Flamethrower|p2a: Zacian\n|-supereffective|p2a: Zacian\n|-end|p2a: Zacian|Substitute\n|\n|-weather|SunnyDay|[upkeep]\n|upkeep\n|turn|4\n|\n|t:|1699408540\n|move|p2a: Zacian|Play Rough|p1a: Dragapult\n|-supereffective|p1a: Dragapult\n|-damage|p1a: Dragapult|0 fnt\n|faint|p1a: Dragapult\n|\n|-weather|SunnyDay|[upkeep]\n|upkeep\n|\n|t:|1699408545\n|switch|p1a: Goodra|Goodra-Hisui, M|100\/100\n|turn|5\n|\n|t:|1699408560\n|move|p2a: Zacian|Substitute|p2a: Zacian\n|-start|p2a: Zacian|Substitute\n|-damage|p2a: Zacian|51\/100\n|move|p1a: Goodra|Earthquake|p2a: Zacian\n|-supereffective|p2a: Zacian\n|-end|p2a: Zacian|Substitute\n|\n|-weather|SunnyDay|[upkeep]\n|upkeep\n|turn|6\n|\n|t:|1699408569\n|switch|p2a: Ting-Lu|Ting-Lu|100\/100\n|-ability|p2a: Ting-Lu|Vessel of Ruin\n|move|p1a: Goodra|Earthquake|p2a: Ting-Lu\n|-damage|p2a: Ting-Lu|83\/100\n|\n|-weather|SunnyDay|[upkeep]\n|-heal|p2a: Ting-Lu|90\/100|[from] item: Leftovers\n|upkeep\n|turn|7\n|\n|t:|1699408588\n|-terastallize|p1a: Goodra|Flying\n|move|p2a: Ting-Lu|Spikes|p1a: Goodra\n|-sidestart|p1: Dark King_5|Spikes\n|move|p1a: Goodra|Dragon Tail|p2a: Ting-Lu\n|-damage|p2a: Ting-Lu|75\/100\n|drag|p2a: Zacian|Zacian-Crowned, shiny|51\/100\n|\n|-weather|SunnyDay|[upkeep]\n|upkeep\n|turn|8\n|\n|t:|1699408605\n|move|p2a: Zacian|Behemoth Blade|p1a: Goodra\n|-damage|p1a: Goodra|50\/100\n|move|p1a: Goodra|Heavy Slam|p2a: Zacian\n|-damage|p2a: Zacian|32\/100\n|\n|-weather|none\n|upkeep\n|turn|9\n|\n|t:|1699408613\n|move|p2a: Zacian|Behemoth Blade|p1a: Goodra\n|-damage|p1a: Goodra|0 fnt\n|faint|p1a: Goodra\n|\n|upkeep\n|\n|t:|1699408621\n|switch|p1a: Walking Wake|Walking Wake|100\/100\n|-damage|p1a: Walking Wake|88\/100|[from] Spikes\n|turn|10\n|\n|t:|1699408630\n|move|p1a: Walking Wake|Hydro Steam|p2a: Zacian\n|-damage|p2a: Zacian|0 fnt\n|faint|p2a: Zacian\n|\n|upkeep\n|inactive|kirnockerbam has 120 seconds left.\n|\n|t:|1699408660\n|switch|p2a: Groudon|Groudon|100\/100\n|-weather|SunnyDay|[from] ability: Drought|[of] p2a: Groudon\n|-activate|p1a: Walking Wake|ability: Protosynthesis\n|-start|p1a: Walking Wake|protosynthesisspa\n|turn|11\n|\n|t:|1699408669\n|move|p1a: Walking Wake|Hydro Steam|p2a: Groudon\n|-supereffective|p2a: Groudon\n|-damage|p2a: Groudon|0 fnt\n|faint|p2a: Groudon\n|\n|-weather|SunnyDay|[upkeep]\n|upkeep\n|\n|t:|1699408676\n|switch|p2a: Miraidon|Miraidon|100\/100\n|-fieldstart|move: Electric Terrain|[from] ability: Hadron Engine|[of] p2a: Miraidon\n|turn|12\n|\n|t:|1699408683\n|move|p1a: Walking Wake|Hydro Steam|p2a: Miraidon\n|-resisted|p2a: Miraidon\n|-damage|p2a: Miraidon|65\/100\n|move|p2a: Miraidon|U-turn|p1a: Walking Wake\n|-damage|p1a: Walking Wake|75\/100\n|\n|t:|1699408693\n|switch|p2a: Ting-Lu|Ting-Lu|75\/100|[from] U-turn\n|-ability|p2a: Ting-Lu|Vessel of Ruin\n|\n|-weather|SunnyDay|[upkeep]\n|-heal|p2a: Ting-Lu|82\/100|[from] item: Leftovers\n|upkeep\n|turn|13\n|\n|t:|1699408709\n|move|p1a: Walking Wake|Hydro Steam|p2a: Ting-Lu\n|-supereffective|p2a: Ting-Lu\n|-damage|p2a: Ting-Lu|21\/100\n|move|p2a: Ting-Lu|Spikes|p1a: Walking Wake\n|-sidestart|p1: Dark King_5|Spikes\n|\n|-weather|SunnyDay|[upkeep]\n|-heal|p2a: Ting-Lu|27\/100|[from] item: Leftovers\n|upkeep\n|turn|14\n|inactive|kirnockerbam has 120 seconds left.\n|\n|t:|1699408736\n|-terastallize|p2a: Ting-Lu|Dark\n|move|p1a: Walking Wake|Hydro Steam|p2a: Ting-Lu\n|-damage|p2a: Ting-Lu|0 fnt\n|faint|p2a: Ting-Lu\n|\n|-weather|SunnyDay|[upkeep]\n|upkeep\n|\n|t:|1699408745\n|switch|p2a: Chi-Yu|Chi-Yu|100\/100\n|-ability|p2a: Chi-Yu|Beads of Ruin\n|turn|15\n|\n|t:|1699408755\n|move|p1a: Walking Wake|Hydro Steam|p2a: Chi-Yu\n|-supereffective|p2a: Chi-Yu\n|-damage|p2a: Chi-Yu|0 fnt\n|faint|p2a: Chi-Yu\n|\n|-weather|none\n|-end|p1a: Walking Wake|Protosynthesis\n|upkeep\n|\n|t:|1699408762\n|switch|p2a: Miraidon|Miraidon|65\/100\n|-activate|p2a: Miraidon|ability: Hadron Engine\n|turn|16\n|inactive|kirnockerbam has 120 seconds left.\n|\n|t:|1699408780\n|move|p1a: Walking Wake|Hydro Steam|p2a: Miraidon\n|-resisted|p2a: Miraidon\n|-damage|p2a: Miraidon|46\/100\n|move|p2a: Miraidon|Electro Drift|p1a: Walking Wake\n|-damage|p1a: Walking Wake|0 fnt\n|faint|p1a: Walking Wake\n|-end|p1a: Walking Wake|Protosynthesis|[silent]\n|\n|-fieldend|move: Electric Terrain\n|upkeep\n|\n|t:|1699408787\n|switch|p1a: Flapple|Flapple, M|100\/100\n|-damage|p1a: Flapple|84\/100|[from] Spikes\n|turn|17\n|inactive|kirnockerbam has 120 seconds left.\n|\n|t:|1699408794\n|move|p2a: Miraidon|Electro Drift|p1a: Flapple\n|-resisted|p1a: Flapple\n|-damage|p1a: Flapple|46\/100\n|move|p1a: Flapple|Dragon Dance|p1a: Flapple\n|-boost|p1a: Flapple|atk|1\n|-boost|p1a: Flapple|spe|1\n|\n|upkeep\n|turn|18\n|inactive|kirnockerbam has 120 seconds left.\n|-message|kirnockerbam forfeited.\n|\n|win|Dark King_5\n|raw|Dark King_5's rating: 1123 &rarr; <strong>1140<\/strong><br \/>(+17 for winning)\n|raw|kirnockerbam's rating: 1000 &rarr; <strong>1000<\/strong><br \/>(+0 for losing)\n|l|\u2606kirnockerbam\n","uploadtime":1699408813,"views":18,"p1id":"darkking5","p2id":"kirnockerbam","formatid":"gen9ubers","rating":1000,"private":0,"password":""}