{"id":"gen9ubers-1994678076","p1":"Skotchaud","p2":"Asta_RPPLF","format":"[Gen 9] Ubers","log":"|j|\u2606Skotchaud\n|j|\u2606Asta_RPPLF\n|t:|1700479753\n|gametype|singles\n|player|p1|Skotchaud|noland|\n|player|p2|Asta_RPPLF|#wcop2023belgium|\n|teamsize|p1|6\n|teamsize|p2|6\n|gen|9\n|tier|[Gen 9] Ubers\n|rule|Sleep Clause Mod: Limit one foe put to sleep\n|rule|Species Clause: Limit one of each Pok\u00e9mon\n|rule|OHKO Clause: OHKO moves are banned\n|rule|Evasion Items Clause: Evasion items are banned\n|rule|Evasion Moves Clause: Evasion moves are banned\n|rule|Endless Battle Clause: Forcing endless battles is banned\n|rule|HP Percentage Mod: HP is shown in percentages\n|clearpoke\n|poke|p1|Cresselia, F|\n|poke|p1|Hatterene, F|\n|poke|p1|Ursaluna, M|\n|poke|p1|Kingambit, M|\n|poke|p1|Enamorus-Therian, F|\n|poke|p1|Toedscruel, M|\n|poke|p2|Roaring Moon|\n|poke|p2|Kingambit, M|\n|poke|p2|Gholdengo|\n|poke|p2|Glimmora, F|\n|poke|p2|Ceruledge, M|\n|poke|p2|Iron Valiant|\n|teampreview\n|c|\u2606Asta_RPPLF|Hf bro\n|j| ImhoPitit\n|l| ImhoPitit\n|\n|t:|1700479807\n|start\n|switch|p1a: FaitBisou|Toedscruel, M|100\/100\n|switch|p2a: Ceruledge|Ceruledge, M|100\/100\n|turn|1\n|j| oh Miaouss\n|\n|t:|1700479838\n|move|p2a: Ceruledge|Bitter Blade|p1a: FaitBisou\n|-supereffective|p1a: FaitBisou\n|-damage|p1a: FaitBisou|15\/100\n|move|p1a: FaitBisou|Trick Room|p1a: FaitBisou\n|-fieldstart|move: Trick Room|[of] p1a: FaitBisou\n|\n|upkeep\n|turn|2\n|\n|t:|1700479852\n|move|p2a: Ceruledge|Bitter Blade|p1a: FaitBisou\n|-supereffective|p1a: FaitBisou\n|-damage|p1a: FaitBisou|0 fnt\n|faint|p1a: FaitBisou\n|\n|upkeep\n|j| AyanYuli\n|\n|t:|1700479898\n|switch|p1a: La beaut\u00e9|Enamorus-Therian, F|100\/100\n|turn|3\n|\n|t:|1700479936\n|move|p1a: La beaut\u00e9|Iron Defense|p1a: La beaut\u00e9\n|-boost|p1a: La beaut\u00e9|def|2\n|move|p2a: Ceruledge|Bitter Blade|p1a: La beaut\u00e9\n|-damage|p1a: La beaut\u00e9|80\/100\n|\n|upkeep\n|turn|4\n|\n|t:|1700479970\n|move|p1a: La beaut\u00e9|Calm Mind|p1a: La beaut\u00e9\n|-boost|p1a: La beaut\u00e9|spa|1\n|-boost|p1a: La beaut\u00e9|spd|1\n|move|p2a: Ceruledge|Swords Dance|p2a: Ceruledge\n|-boost|p2a: Ceruledge|atk|2\n|\n|upkeep\n|turn|5\n|\n|t:|1700479982\n|move|p1a: La beaut\u00e9|Earth Power|p2a: Ceruledge\n|-supereffective|p2a: Ceruledge\n|-damage|p2a: Ceruledge|5\/100\n|move|p2a: Ceruledge|Swords Dance|p2a: Ceruledge\n|-boost|p2a: Ceruledge|atk|2\n|\n|-fieldend|move: Trick Room\n|upkeep\n|turn|6\n|\n|t:|1700479994\n|-terastallize|p1a: La beaut\u00e9|Water\n|move|p2a: Ceruledge|Bitter Blade|p1a: La beaut\u00e9\n|-resisted|p1a: La beaut\u00e9\n|-damage|p1a: La beaut\u00e9|52\/100\n|-heal|p2a: Ceruledge|22\/100|[from] drain|[of] p1a: La beaut\u00e9\n|move|p1a: La beaut\u00e9|Earth Power|p2a: Ceruledge\n|-supereffective|p2a: Ceruledge\n|-crit|p2a: Ceruledge\n|-damage|p2a: Ceruledge|0 fnt\n|faint|p2a: Ceruledge\n|\n|upkeep\n|\n|t:|1700480040\n|switch|p2a: Glimmora|Glimmora, F|100\/100\n|turn|7\n|\n|t:|1700480053\n|-terastallize|p2a: Glimmora|Grass\n|move|p2a: Glimmora|Energy Ball|p1a: La beaut\u00e9\n|-supereffective|p1a: La beaut\u00e9\n|-damage|p1a: La beaut\u00e9|4\/100\n|move|p1a: La beaut\u00e9|Draining Kiss|p2a: Glimmora\n|-damage|p2a: Glimmora|58\/100\n|-heal|p1a: La beaut\u00e9|31\/100|[from] drain|[of] p2a: Glimmora\n|\n|-damage|p2a: Glimmora|46\/100|[from] item: Black Sludge\n|upkeep\n|turn|8\n|\n|t:|1700480072\n|switch|p1a: J\u2019aiUnSoutif|Cresselia, F|100\/100\n|move|p2a: Glimmora|Energy Ball|p1a: J\u2019aiUnSoutif\n|-damage|p1a: J\u2019aiUnSoutif|69\/100\n|\n|-damage|p2a: Glimmora|34\/100|[from] item: Black Sludge\n|-heal|p1a: J\u2019aiUnSoutif|75\/100|[from] item: Leftovers\n|upkeep\n|turn|9\n|\n|t:|1700480097\n|move|p2a: Glimmora|Mortal Spin|p1a: J\u2019aiUnSoutif\n|-damage|p1a: J\u2019aiUnSoutif|72\/100\n|-status|p1a: J\u2019aiUnSoutif|psn\n|move|p1a: J\u2019aiUnSoutif|Trick Room|p1a: J\u2019aiUnSoutif\n|-fieldstart|move: Trick Room|[of] p1a: J\u2019aiUnSoutif\n|\n|-heal|p1a: J\u2019aiUnSoutif|78\/100 psn|[from] item: Leftovers\n|-damage|p2a: Glimmora|21\/100|[from] item: Black Sludge\n|-damage|p1a: J\u2019aiUnSoutif|66\/100 psn|[from] psn\n|upkeep\n|turn|10\n|\n|t:|1700480123\n|switch|p2a: Gholdengo|Gholdengo|100\/100\n|-item|p2a: Gholdengo|Air Balloon\n|move|p1a: J\u2019aiUnSoutif|Lunar Dance|p1a: J\u2019aiUnSoutif\n|faint|p1a: J\u2019aiUnSoutif\n|\n|upkeep\n|\n|t:|1700480130\n|switch|p1a: El jefe|Kingambit, M, shiny|100\/100\n|-activate|p1a: El jefe|ability: Supreme Overlord\n|-start|p1a: El jefe|fallen2|[silent]\n|turn|11\n|\n|t:|1700480147\n|switch|p2a: Glimmora|Glimmora, F, tera:Grass|21\/100\n|move|p1a: El jefe|Kowtow Cleave|p2a: Glimmora\n|-damage|p2a: Glimmora|0 fnt\n|-activate|p2a: Glimmora|ability: Toxic Debris\n|-sidestart|p1: Skotchaud|move: Toxic Spikes\n|faint|p2a: Glimmora\n|\n|upkeep\n|\n|t:|1700480159\n|switch|p2a: Iron Valiant|Iron Valiant|100\/100\n|turn|12\n|\n|t:|1700480170\n|move|p1a: El jefe|Iron Head|p2a: Iron Valiant\n|-supereffective|p2a: Iron Valiant\n|-damage|p2a: Iron Valiant|0 fnt\n|faint|p2a: Iron Valiant\n|-end|p2a: Iron Valiant|Quark Drive|[silent]\n|\n|upkeep\n|\n|t:|1700480195\n|switch|p2a: Kingambit|Kingambit, M|100\/100\n|-activate|p2a: Kingambit|ability: Supreme Overlord\n|-start|p2a: Kingambit|fallen3|[silent]\n|turn|13\n|c|\u2606Asta_RPPLF|Mdr quel teub\u00e9 j'oublie la disto\n|\n|t:|1700480224\n|-end|p1a: El jefe|fallen2|[silent]\n|switch|p1a: El buen oso|Ursaluna, M, shiny|100\/100\n|-status|p1a: El buen oso|psn\n|move|p2a: Kingambit|Swords Dance|p2a: Kingambit\n|-boost|p2a: Kingambit|atk|2\n|\n|-damage|p1a: El buen oso|88\/100 psn|[from] psn\n|-fieldend|move: Trick Room\n|upkeep\n|turn|14\n|\n|t:|1700480257\n|move|p2a: Kingambit|Kowtow Cleave|p1a: El buen oso\n|-damage|p1a: El buen oso|0 fnt\n|faint|p1a: El buen oso\n|\n|upkeep\n|\n|t:|1700480270\n|switch|p1a: El jefe|Kingambit, M, shiny|100\/100\n|-heal|p1a: El jefe|100\/100|[from] move: Lunar Dance\n|-activate|p1a: El jefe|ability: Supreme Overlord\n|-start|p1a: El jefe|fallen3|[silent]\n|turn|15\n|\n|t:|1700480285\n|move|p2a: Kingambit|Kowtow Cleave|p1a: El jefe\n|-resisted|p1a: El jefe\n|-damage|p1a: El jefe|56\/100\n|move|p1a: El jefe|Swords Dance|p1a: El jefe\n|-boost|p1a: El jefe|atk|2\n|\n|upkeep\n|turn|16\n|\n|t:|1700480293\n|move|p2a: Kingambit|Kowtow Cleave|p1a: El jefe\n|-resisted|p1a: El jefe\n|-damage|p1a: El jefe|9\/100\n|move|p1a: El jefe|Kowtow Cleave|p2a: Kingambit\n|-resisted|p2a: Kingambit\n|-damage|p2a: Kingambit|29\/100\n|\n|upkeep\n|turn|17\n|\n|t:|1700480304\n|move|p2a: Kingambit|Sucker Punch||[still]\n|-fail|p2a: Kingambit\n|move|p1a: El jefe|Swords Dance|p1a: El jefe\n|-boost|p1a: El jefe|atk|2\n|\n|upkeep\n|turn|18\n|\n|t:|1700480311\n|move|p2a: Kingambit|Sucker Punch|p1a: El jefe\n|-resisted|p1a: El jefe\n|-damage|p1a: El jefe|0 fnt\n|faint|p1a: El jefe\n|-end|p1a: El jefe|fallen3|[silent]\n|\n|upkeep\n|\n|t:|1700480317\n|switch|p1a: La tepu|Hatterene, F|100\/100\n|-status|p1a: La tepu|psn\n|turn|19\n|\n|t:|1700480324\n|move|p2a: Kingambit|Iron Head|p1a: La tepu\n|-supereffective|p1a: La tepu\n|-damage|p1a: La tepu|0 fnt\n|faint|p1a: La tepu\n|\n|upkeep\n|\n|t:|1700480326\n|switch|p1a: La beaut\u00e9|Enamorus-Therian, F, tera:Water|31\/100\n|turn|20\n|\n|t:|1700480335\n|move|p2a: Kingambit|Kowtow Cleave|p1a: La beaut\u00e9\n|-damage|p1a: La beaut\u00e9|0 fnt\n|faint|p1a: La beaut\u00e9\n|\n|win|Asta_RPPLF\n|l|\u2606Skotchaud\n|l| oh Miaouss\n|j| Vincent RPPLF\n|l| Vincent RPPLF\n","uploadtime":1700480375,"views":3,"p1id":"skotchaud","p2id":"astarpplf","formatid":"gen9ubers","rating":0,"private":0,"password":""}