{"id":"gen9ubers-1999505577","p1":"IwillPrayForyou","p2":"2ez4me u kno","format":"[Gen 9] Ubers","log":"|j|\u2606IwillPrayForyou\n|j|\u26062ez4me u kno\n|t:|1701090198\n|gametype|singles\n|player|p1|IwillPrayForyou|101|1178\n|player|p2|2ez4me u kno|266|1117\n|teamsize|p1|6\n|teamsize|p2|6\n|gen|9\n|tier|[Gen 9] Ubers\n|rated|\n|rule|Sleep Clause Mod: Limit one foe put to sleep\n|rule|Species Clause: Limit one of each Pok\u00e9mon\n|rule|OHKO Clause: OHKO moves are banned\n|rule|Evasion Items Clause: Evasion items are banned\n|rule|Evasion Moves Clause: Evasion moves are banned\n|rule|Endless Battle Clause: Forcing endless battles is banned\n|rule|HP Percentage Mod: HP is shown in percentages\n|clearpoke\n|poke|p1|Landorus, M|\n|poke|p1|Garchomp, M|\n|poke|p1|Tyranitar, M|\n|poke|p1|Hippowdon, M|\n|poke|p1|Sandaconda, F|\n|poke|p1|Corviknight, F|\n|poke|p2|Arceus-Rock|\n|poke|p2|Zacian-*|\n|poke|p2|Darkrai|\n|poke|p2|Espathra, M|\n|poke|p2|Kyogre|\n|poke|p2|Shaymin-Sky|\n|teampreview\n|inactive|Battle timer is ON: inactive players will automatically lose when time's up. (requested by 2ez4me u kno)\n|j| Itsmeheats\n|\n|t:|1701090218\n|start\n|switch|p1a: Hippowdon|Hippowdon, M|100\/100\n|switch|p2a: Shaymin|Shaymin-Sky|100\/100\n|-weather|Sandstorm|[from] ability: Sand Stream|[of] p1a: Hippowdon\n|turn|1\n|\n|t:|1701090228\n|move|p2a: Shaymin|Seed Flare|p1a: Hippowdon\n|-supereffective|p1a: Hippowdon\n|-damage|p1a: Hippowdon|3\/100\n|-unboost|p1a: Hippowdon|spd|2\n|move|p1a: Hippowdon|Roar|p2a: Shaymin\n|drag|p2a: Zacian|Zacian-Crowned|100\/100\n|-ability|p2a: Zacian|Intrepid Sword|boost\n|-boost|p2a: Zacian|atk|1\n|\n|-weather|Sandstorm|[upkeep]\n|-heal|p1a: Hippowdon|9\/100|[from] item: Leftovers\n|upkeep\n|turn|2\n|c|\u26062ez4me u kno|this matchup sucks for u lol\n|\n|t:|1701090251\n|move|p2a: Zacian|Ice Fang|p1a: Hippowdon\n|-supereffective|p1a: Hippowdon\n|-damage|p1a: Hippowdon|0 fnt\n|faint|p1a: Hippowdon\n|\n|-weather|Sandstorm|[upkeep]\n|upkeep\n|\n|t:|1701090255\n|switch|p1a: Landorus|Landorus, M, shiny|100\/100\n|turn|3\n|\n|t:|1701090264\n|move|p2a: Zacian|Ice Fang|p1a: Landorus\n|-supereffective|p1a: Landorus\n|-damage|p1a: Landorus|0 fnt\n|faint|p1a: Landorus\n|\n|-weather|Sandstorm|[upkeep]\n|upkeep\n|\n|t:|1701090269\n|switch|p1a: Tyranitar|Tyranitar, M|100\/100\n|turn|4\n|\n|t:|1701090277\n|switch|p1a: Corviknight|Corviknight, F|100\/100\n|move|p2a: Zacian|Close Combat|p1a: Corviknight\n|-damage|p1a: Corviknight|62\/100\n|-unboost|p2a: Zacian|def|1\n|-unboost|p2a: Zacian|spd|1\n|-damage|p2a: Zacian|84\/100|[from] item: Rocky Helmet|[of] p1a: Corviknight\n|\n|-weather|Sandstorm|[upkeep]\n|upkeep\n|turn|5\n|\n|t:|1701090289\n|switch|p2a: Kyogre|Kyogre|100\/100\n|-weather|RainDance|[from] ability: Drizzle|[of] p2a: Kyogre\n|move|p1a: Corviknight|U-turn|p2a: Kyogre\n|-damage|p2a: Kyogre|85\/100\n|\n|t:|1701090304\n|switch|p1a: Tyranitar|Tyranitar, M|100\/100|[from] U-turn\n|-weather|Sandstorm|[from] ability: Sand Stream|[of] p1a: Tyranitar\n|\n|-weather|Sandstorm|[upkeep]\n|-damage|p2a: Kyogre|79\/100|[from] Sandstorm\n|upkeep\n|turn|6\n|\n|t:|1701090316\n|-terastallize|p2a: Kyogre|Water\n|move|p2a: Kyogre|Water Spout|p1a: Tyranitar\n|-supereffective|p1a: Tyranitar\n|-crit|p1a: Tyranitar\n|-damage|p1a: Tyranitar|2\/100\n|move|p1a: Tyranitar|Knock Off|p2a: Kyogre\n|-damage|p2a: Kyogre|21\/100\n|-enditem|p2a: Kyogre|Assault Vest|[from] move: Knock Off|[of] p1a: Tyranitar\n|\n|-weather|Sandstorm|[upkeep]\n|-damage|p2a: Kyogre|15\/100|[from] Sandstorm\n|upkeep\n|turn|7\n|\n|t:|1701090327\n|move|p2a: Kyogre|Origin Pulse|p1a: Tyranitar\n|-supereffective|p1a: Tyranitar\n|-damage|p1a: Tyranitar|0 fnt\n|faint|p1a: Tyranitar\n|\n|-weather|Sandstorm|[upkeep]\n|-damage|p2a: Kyogre|8\/100|[from] Sandstorm\n|upkeep\n|\n|t:|1701090337\n|switch|p1a: Garchomp|Garchomp, M, shiny|100\/100\n|turn|8\n|\n|t:|1701090343\n|move|p1a: Garchomp|Swords Dance|p1a: Garchomp\n|-boost|p1a: Garchomp|atk|2\n|move|p2a: Kyogre|Blizzard|p1a: Garchomp\n|-supereffective|p1a: Garchomp\n|-damage|p1a: Garchomp|0 fnt\n|faint|p1a: Garchomp\n|\n|-weather|Sandstorm|[upkeep]\n|-damage|p2a: Kyogre|2\/100|[from] Sandstorm\n|upkeep\n|\n|t:|1701090345\n|switch|p1a: Sandaconda|Sandaconda, F|100\/100\n|turn|9\n|\n|t:|1701090350\n|move|p2a: Kyogre|Origin Pulse|p1a: Sandaconda\n|-supereffective|p1a: Sandaconda\n|-crit|p1a: Sandaconda\n|-damage|p1a: Sandaconda|0 fnt\n|faint|p1a: Sandaconda\n|\n|-weather|none\n|upkeep\n|\n|t:|1701090353\n|switch|p1a: Corviknight|Corviknight, F|62\/100\n|turn|10\n|\n|t:|1701090361\n|move|p2a: Kyogre|Origin Pulse|p1a: Corviknight\n|-damage|p1a: Corviknight|0 fnt\n|faint|p1a: Corviknight\n|\n|win|2ez4me u kno\n|raw|IwillPrayForyou's rating: 1178 &rarr; <strong>1149<\/strong><br \/>(-29 for losing)\n|raw|2ez4me u kno's rating: 1117 &rarr; <strong>1146<\/strong><br \/>(+29 for winning)\n|l|\u2606IwillPrayForyou\n","uploadtime":1701090366,"views":17,"p1id":"iwillprayforyou","p2id":"2ez4meukno","formatid":"gen9ubers","rating":1146,"private":0,"password":""}