{"id":"gen9ubers-1993585150","p1":"Prof Balls","p2":"Gnarly Ari","format":"[Gen 9] Ubers","log":"|j|\u2606Prof Balls\n|j|\u2606Gnarly Ari\n|t:|1700334510\n|gametype|singles\n|player|p1|Prof Balls|brycenman|\n|player|p2|Gnarly Ari|pokemonrangerf|\n|teamsize|p1|6\n|teamsize|p2|6\n|gen|9\n|tier|[Gen 9] Ubers\n|rule|Sleep Clause Mod: Limit one foe put to sleep\n|rule|Species Clause: Limit one of each Pok\u00e9mon\n|rule|OHKO Clause: OHKO moves are banned\n|rule|Evasion Items Clause: Evasion items are banned\n|rule|Evasion Moves Clause: Evasion moves are banned\n|rule|Endless Battle Clause: Forcing endless battles is banned\n|rule|HP Percentage Mod: HP is shown in percentages\n|clearpoke\n|poke|p1|Ogerpon-Wellspring, F|\n|poke|p1|Walking Wake|\n|poke|p1|Zapdos|\n|poke|p1|Hydreigon, F|\n|poke|p1|Revavroom, M|\n|poke|p1|Donphan, M|\n|poke|p2|Iron Bundle|\n|poke|p2|Clefable, M|\n|poke|p2|Gallade, M|\n|poke|p2|Goodra, F|\n|poke|p2|Slither Wing|\n|poke|p2|Talonflame, M|\n|teampreview\n|\n|t:|1700334517\n|start\n|switch|p1a: Revavroom|Revavroom, M|100\/100\n|switch|p2a: Iron Bundle|Iron Bundle|100\/100\n|-enditem|p2a: Iron Bundle|Booster Energy\n|-activate|p2a: Iron Bundle|ability: Quark Drive|[fromitem]\n|-start|p2a: Iron Bundle|quarkdrivespe\n|turn|1\n|\n|t:|1700334528\n|switch|p1a: Zapdos|Zapdos|100\/100\n|move|p2a: Iron Bundle|U-turn|p1a: Zapdos\n|-resisted|p1a: Zapdos\n|-damage|p1a: Zapdos|96\/100\n|-status|p2a: Iron Bundle|par|[from] ability: Static|[of] p1a: Zapdos\n|\n|t:|1700334535\n|-end|p2a: Iron Bundle|Quark Drive|[silent]\n|switch|p2a: Clefable|Clefable, M|100\/100|[from] U-turn\n|\n|upkeep\n|turn|2\n|\n|t:|1700334550\n|move|p1a: Zapdos|Volt Switch|p2a: Clefable\n|-damage|p2a: Clefable|67\/100\n|\n|t:|1700334554\n|switch|p1a: Revavroom|Revavroom, M|100\/100|[from] Volt Switch\n|move|p2a: Clefable|Moonblast|p1a: Revavroom\n|-resisted|p1a: Revavroom\n|-crit|p1a: Revavroom\n|-damage|p1a: Revavroom|63\/100\n|-unboost|p1a: Revavroom|spa|1\n|\n|upkeep\n|turn|3\n|\n|t:|1700334565\n|switch|p2a: Talonflame|Talonflame, M|100\/100\n|move|p1a: Revavroom|Iron Head|p2a: Talonflame\n|-resisted|p2a: Talonflame\n|-damage|p2a: Talonflame|69\/100\n|\n|upkeep\n|turn|4\n|\n|t:|1700334589\n|switch|p1a: Hydreigon|Hydreigon, F, shiny|100\/100\n|move|p2a: Talonflame|Fire Spin|p1a: Hydreigon\n|-resisted|p1a: Hydreigon\n|-damage|p1a: Hydreigon|96\/100\n|-activate|p1a: Hydreigon|move: Fire Spin|[of] p2a: Talonflame\n|\n|-damage|p1a: Hydreigon|84\/100|[from] move: Fire Spin|[partiallytrapped]\n|upkeep\n|turn|5\n|j| ArsenalFC0304\n|\n|t:|1700334602\n|switch|p2a: Clefable|Clefable, M|67\/100\n|move|p1a: Hydreigon|Dark Pulse|p2a: Clefable\n|-resisted|p2a: Clefable\n|-damage|p2a: Clefable|36\/100\n|\n|-end|p1a: Hydreigon|Fire Spin|[partiallytrapped]|[silent]\n|upkeep\n|turn|6\n|\n|t:|1700334618\n|switch|p1a: Ogerpon|Ogerpon-Wellspring, F|100\/100\n|move|p2a: Clefable|Moonblast|p1a: Ogerpon\n|-damage|p1a: Ogerpon|36\/100\n|\n|upkeep\n|turn|7\n|n| ArsenalFC0304|arsenalfc0304\n|\n|t:|1700334632\n|switch|p2a: Goodra|Goodra, F|100\/100\n|move|p1a: Ogerpon|Horn Leech|p2a: Goodra\n|-ability|p2a: Goodra|Sap Sipper|boost\n|-boost|p2a: Goodra|atk|1\n|\n|upkeep\n|turn|8\n|c| ArsenalFC0304|good luck!\n|c|\u2606Prof Balls|why can u watch our games but we cant watch you sir?\n|c|\u2606Prof Balls|any reason\n|c| ArsenalFC0304|lol I let people watch my second match\n|c|\u2606Prof Balls|after pushback\n|c|\u2606Gnarly Ari|howwwww did you get in here\n|c|\u2606Prof Balls|hope ur giving help in the mod chat bbg\n|c| ArsenalFC0304|I searched your name ari\n|c|\u2606Prof Balls|maybe scott can help too\n|c|\u2606Gnarly Ari|hahaha\n|c| ArsenalFC0304|lol\n|c| ArsenalFC0304|im streaming your fight in discor\n|c|\u2606Gnarly Ari|who is scott\n|c| ArsenalFC0304|my guy\n|c| ArsenalFC0304|lol scott is at work\n|c|\u2606Gnarly Ari|ohhhh\n|c|\u2606Prof Balls|his second brain while he plays\n|c| ArsenalFC0304|my only brain lol\n|c|\u2606Prof Balls|yep\n|c|\u2606Gnarly Ari|i need a second brain\n|c| ArsenalFC0304|lol\n|\n|t:|1700334760\n|switch|p1a: Donphan|Donphan, M, shiny|100\/100\n|move|p2a: Goodra|Sludge Bomb|p1a: Donphan\n|-resisted|p1a: Donphan\n|-damage|p1a: Donphan|80\/100\n|\n|-heal|p1a: Donphan|86\/100|[from] item: Leftovers\n|upkeep\n|turn|9\n|\n|t:|1700334790\n|switch|p2a: Gallade|Gallade, M|100\/100\n|move|p1a: Donphan|Earthquake|p2a: Gallade\n|-damage|p2a: Gallade|42\/100\n|\n|-heal|p1a: Donphan|92\/100|[from] item: Leftovers\n|upkeep\n|turn|10\n|\n|t:|1700334813\n|move|p2a: Gallade|Rest|p2a: Gallade\n|-status|p2a: Gallade|slp|[from] move: Rest\n|-heal|p2a: Gallade|100\/100 slp|[silent]\n|-enditem|p2a: Gallade|Chesto Berry|[eat]\n|-curestatus|p2a: Gallade|slp|[msg]\n|move|p1a: Donphan|Earthquake|p2a: Gallade\n|-damage|p2a: Gallade|35\/100\n|\n|-heal|p1a: Donphan|98\/100|[from] item: Leftovers\n|upkeep\n|turn|11\n|\n|t:|1700334829\n|move|p2a: Gallade|Leaf Blade|p1a: Donphan\n|-supereffective|p1a: Donphan\n|-damage|p1a: Donphan|43\/100\n|move|p1a: Donphan|Earthquake|p2a: Gallade\n|-damage|p2a: Gallade|0 fnt\n|faint|p2a: Gallade\n|\n|-heal|p1a: Donphan|49\/100|[from] item: Leftovers\n|upkeep\n|\n|t:|1700334842\n|switch|p2a: Iron Bundle|Iron Bundle|100\/100 par\n|turn|12\n|\n|t:|1700334852\n|switch|p1a: Zapdos|Zapdos|96\/100\n|move|p2a: Iron Bundle|Hydro Pump|p1a: Zapdos\n|-damage|p1a: Zapdos|42\/100\n|\n|upkeep\n|turn|13\n|\n|t:|1700334880\n|switch|p1a: Walking Wake|Walking Wake|100\/100\n|-enditem|p1a: Walking Wake|Booster Energy\n|-activate|p1a: Walking Wake|ability: Protosynthesis|[fromitem]\n|-start|p1a: Walking Wake|protosynthesisspa\n|move|p2a: Iron Bundle|Blizzard|p1a: Walking Wake|[miss]\n|-miss|p2a: Iron Bundle|p1a: Walking Wake\n|\n|upkeep\n|turn|14\n|\n|t:|1700334890\n|-end|p2a: Iron Bundle|Quark Drive|[silent]\n|switch|p2a: Goodra|Goodra, F|100\/100\n|move|p1a: Walking Wake|Draco Meteor|p2a: Goodra\n|-supereffective|p2a: Goodra\n|-damage|p2a: Goodra|0 fnt\n|-unboost|p1a: Walking Wake|spa|2\n|faint|p2a: Goodra\n|\n|upkeep\n|j| KoziolKombat\n|\n|t:|1700334920\n|switch|p2a: Iron Bundle|Iron Bundle|100\/100 par\n|turn|15\n|c| ArsenalFC0304|hi bk I am streaming it\n|c| KoziolKombat|shalom, im about to go move some furniture or else id hop in vc\n|\n|t:|1700334968\n|move|p1a: Walking Wake|Draco Meteor|p2a: Iron Bundle\n|-damage|p2a: Iron Bundle|16\/100 par\n|-unboost|p1a: Walking Wake|spa|2\n|move|p2a: Iron Bundle|Hydro Pump|p1a: Walking Wake\n|-resisted|p1a: Walking Wake\n|-damage|p1a: Walking Wake|82\/100\n|\n|upkeep\n|turn|16\n|c| KoziolKombat|just wanted to watch this one play out\n|c| ArsenalFC0304|got it\n|\n|t:|1700334999\n|move|p1a: Walking Wake|Draco Meteor|p2a: Iron Bundle\n|-damage|p2a: Iron Bundle|0 fnt\n|-unboost|p1a: Walking Wake|spa|2\n|faint|p2a: Iron Bundle\n|-end|p2a: Iron Bundle|Quark Drive|[silent]\n|\n|upkeep\n|\n|t:|1700335051\n|switch|p2a: Clefable|Clefable, M|36\/100\n|turn|17\n|\n|t:|1700335056\n|move|p1a: Walking Wake|Hydro Steam|p2a: Clefable\n|-damage|p2a: Clefable|21\/100\n|move|p2a: Clefable|Moonblast|p1a: Walking Wake\n|-supereffective|p1a: Walking Wake\n|-damage|p1a: Walking Wake|0 fnt\n|faint|p1a: Walking Wake\n|-end|p1a: Walking Wake|Protosynthesis|[silent]\n|\n|upkeep\n|\n|t:|1700335071\n|switch|p1a: Zapdos|Zapdos|42\/100\n|turn|18\n|\n|t:|1700335093\n|move|p1a: Zapdos|Thunderbolt|p2a: Clefable\n|-damage|p2a: Clefable|0 fnt\n|faint|p2a: Clefable\n|\n|upkeep\n|\n|t:|1700335103\n|switch|p2a: Slither Wing|Slither Wing|100\/100\n|turn|19\n|\n|t:|1700335136\n|move|p2a: Slither Wing|First Impression|p1a: Zapdos\n|-resisted|p1a: Zapdos\n|-damage|p1a: Zapdos|12\/100\n|-status|p2a: Slither Wing|par|[from] ability: Static|[of] p1a: Zapdos\n|-damage|p2a: Slither Wing|91\/100 par|[from] item: Life Orb\n|move|p1a: Zapdos|Roost|p1a: Zapdos\n|-heal|p1a: Zapdos|62\/100\n|-singleturn|p1a: Zapdos|move: Roost\n|\n|upkeep\n|turn|20\n|\n|t:|1700335155\n|move|p1a: Zapdos|Hurricane|p2a: Slither Wing\n|-supereffective|p2a: Slither Wing\n|-damage|p2a: Slither Wing|0 fnt\n|faint|p2a: Slither Wing\n|-end|p2a: Slither Wing|Protosynthesis|[silent]\n|\n|upkeep\n|\n|t:|1700335160\n|switch|p2a: Talonflame|Talonflame, M|69\/100\n|turn|21\n|\n|t:|1700335170\n|move|p2a: Talonflame|Roost|p2a: Talonflame\n|-heal|p2a: Talonflame|100\/100\n|-singleturn|p2a: Talonflame|move: Roost\n|move|p1a: Zapdos|Volt Switch|p2a: Talonflame\n|-damage|p2a: Talonflame|54\/100\n|\n|t:|1700335178\n|switch|p1a: Hydreigon|Hydreigon, F, shiny|84\/100|[from] Volt Switch\n|\n|upkeep\n|turn|22\n|\n|t:|1700335195\n|move|p2a: Talonflame|Brave Bird|p1a: Hydreigon\n|-damage|p1a: Hydreigon|22\/100\n|-damage|p2a: Talonflame|31\/100|[from] Recoil\n|move|p1a: Hydreigon|Dark Pulse|p2a: Talonflame\n|-damage|p2a: Talonflame|0 fnt\n|faint|p2a: Talonflame\n|\n|win|Prof Balls\n|c|\u2606Prof Balls|gg\n|c| KoziolKombat|ggs\n","uploadtime":1700335212,"views":4,"p1id":"profballs","p2id":"gnarlyari","formatid":"gen9ubers","rating":0,"private":0,"password":""}