{"id":"gen9ubers-1993967638","p1":"Jyho Blackbird","p2":"pkfire fx","format":"[Gen 9] Ubers","log":"|j|\u2606Jyho Blackbird\n|j|\u2606pkfire fx\n|t:|1700384764\n|gametype|singles\n|player|p1|Jyho Blackbird|hilbert-wonderlauncher|\n|player|p2|pkfire fx|265|\n|teamsize|p1|6\n|teamsize|p2|6\n|gen|9\n|tier|[Gen 9] Ubers\n|rule|Sleep Clause Mod: Limit one foe put to sleep\n|rule|Species Clause: Limit one of each Pok\u00e9mon\n|rule|OHKO Clause: OHKO moves are banned\n|rule|Evasion Items Clause: Evasion items are banned\n|rule|Evasion Moves Clause: Evasion moves are banned\n|rule|Endless Battle Clause: Forcing endless battles is banned\n|rule|HP Percentage Mod: HP is shown in percentages\n|clearpoke\n|poke|p1|Volcarona, F|\n|poke|p1|Quagsire, M|\n|poke|p1|Iron Valiant|\n|poke|p1|Dialga|\n|poke|p1|Cyclizar, M|\n|poke|p1|Fezandipiti, M|\n|poke|p2|Masquerain, M|\n|poke|p2|Arceus-Fire|\n|poke|p2|Zacian-*|\n|poke|p2|Palkia-Origin|\n|poke|p2|Roaring Moon|\n|poke|p2|Spectrier|\n|teampreview\n|c|\u2606pkfire fx|here goes nothing\n|\n|t:|1700384816\n|start\n|switch|p1a: Fezandipiti|Fezandipiti, M|100\/100\n|switch|p2a: Arceus|Arceus-Fire|100\/100\n|turn|1\n|\n|t:|1700384874\n|move|p1a: Fezandipiti|Moonblast|p2a: Arceus\n|-resisted|p2a: Arceus\n|-damage|p2a: Arceus|88\/100\n|move|p2a: Arceus|Swords Dance|p2a: Arceus\n|-boost|p2a: Arceus|atk|2\n|\n|upkeep\n|turn|2\n|\n|t:|1700384884\n|switch|p1a: Quagsire|Quagsire, M|100\/100\n|move|p2a: Arceus|Flare Blitz|p1a: Quagsire\n|-resisted|p1a: Quagsire\n|-damage|p1a: Quagsire|73\/100\n|-damage|p2a: Arceus|80\/100|[from] Recoil\n|\n|-heal|p1a: Quagsire|79\/100|[from] item: Leftovers\n|upkeep\n|turn|3\n|\n|t:|1700384896\n|switch|p2a: Masquerain|Masquerain, M|100\/100\n|-ability|p2a: Masquerain|Intimidate|boost\n|-unboost|p1a: Quagsire|atk|1\n|move|p1a: Quagsire|Haze|p1a: Quagsire\n|-clearallboost\n|\n|-heal|p1a: Quagsire|85\/100|[from] item: Leftovers\n|upkeep\n|turn|4\n|\n|t:|1700384905\n|move|p2a: Masquerain|Sticky Web|p1a: Quagsire\n|-sidestart|p1: Jyho Blackbird|move: Sticky Web\n|move|p1a: Quagsire|Toxic Spikes|p2a: Masquerain\n|-sidestart|p2: pkfire fx|move: Toxic Spikes\n|\n|-heal|p1a: Quagsire|91\/100|[from] item: Leftovers\n|upkeep\n|turn|5\n|\n|t:|1700384930\n|switch|p2a: Palkia|Palkia-Origin|100\/100\n|-status|p2a: Palkia|psn\n|-ability|p2a: Palkia|Pressure\n|move|p1a: Quagsire|Toxic Spikes|p2a: Palkia\n|-sidestart|p2: pkfire fx|move: Toxic Spikes\n|\n|-heal|p1a: Quagsire|97\/100|[from] item: Leftovers\n|-damage|p2a: Palkia|88\/100 psn|[from] psn\n|upkeep\n|turn|6\n|\n|t:|1700384947\n|move|p2a: Palkia|Hydro Pump|p1a: Quagsire|[miss]\n|-miss|p2a: Palkia|p1a: Quagsire\n|move|p1a: Quagsire|Avalanche|p2a: Palkia\n|-damage|p2a: Palkia|74\/100 psn\n|\n|-heal|p1a: Quagsire|100\/100|[from] item: Leftovers\n|-damage|p2a: Palkia|62\/100 psn|[from] psn\n|upkeep\n|turn|7\n|\n|t:|1700384955\n|move|p2a: Palkia|Hydro Pump|p1a: Quagsire\n|-damage|p1a: Quagsire|11\/100\n|move|p1a: Quagsire|Stealth Rock|p2a: Palkia\n|-sidestart|p2: pkfire fx|move: Stealth Rock\n|\n|-heal|p1a: Quagsire|18\/100|[from] item: Leftovers\n|-damage|p2a: Palkia|49\/100 psn|[from] psn\n|upkeep\n|turn|8\n|\n|t:|1700384965\n|switch|p1a: Dialga|Dialga|100\/100\n|-activate|p1a: Dialga|move: Sticky Web\n|-unboost|p1a: Dialga|spe|1\n|-ability|p1a: Dialga|Pressure\n|move|p2a: Palkia|Spacial Rend|p1a: Dialga\n|-damage|p1a: Dialga|63\/100\n|\n|-damage|p2a: Palkia|37\/100 psn|[from] psn\n|upkeep\n|turn|9\n|\n|t:|1700384982\n|move|p2a: Palkia|Spacial Rend|p1a: Dialga\n|-damage|p1a: Dialga|20\/100\n|move|p1a: Dialga|Thunderbolt|p2a: Palkia\n|-damage|p2a: Palkia|0 fnt\n|faint|p2a: Palkia\n|\n|upkeep\n|\n|t:|1700385001\n|switch|p2a: Zacian|Zacian|100\/100\n|-ability|p2a: Zacian|Intrepid Sword|boost\n|-boost|p2a: Zacian|atk|1\n|turn|10\n|\n|t:|1700385013\n|-terastallize|p1a: Dialga|Ghost\n|move|p2a: Zacian|Close Combat|p1a: Dialga\n|-immune|p1a: Dialga\n|move|p1a: Dialga|Flash Cannon|p2a: Zacian\n|-supereffective|p2a: Zacian\n|-damage|p2a: Zacian|6\/100\n|\n|upkeep\n|turn|11\n|\n|t:|1700385021\n|move|p2a: Zacian|Play Rough|p1a: Dialga\n|-damage|p1a: Dialga|0 fnt\n|faint|p1a: Dialga\n|\n|upkeep\n|\n|t:|1700385029\n|switch|p1a: Cyclizar|Cyclizar, M|100\/100\n|turn|12\n|\n|t:|1700385032\n|move|p2a: Zacian|Play Rough|p1a: Cyclizar\n|-supereffective|p1a: Cyclizar\n|-damage|p1a: Cyclizar|0 fnt\n|faint|p1a: Cyclizar\n|\n|upkeep\n|\n|t:|1700385057\n|switch|p1a: Quagsire|Quagsire, M|18\/100\n|-activate|p1a: Quagsire|move: Sticky Web\n|-unboost|p1a: Quagsire|spe|1\n|turn|13\n|\n|t:|1700385085\n|move|p2a: Zacian|Close Combat|p1a: Quagsire\n|-damage|p1a: Quagsire|0 fnt\n|-unboost|p2a: Zacian|def|1\n|-unboost|p2a: Zacian|spd|1\n|faint|p1a: Quagsire\n|\n|upkeep\n|\n|t:|1700385097\n|switch|p1a: Volcarona|Volcarona, F|100\/100\n|turn|14\n|\n|t:|1700385101\n|-terastallize|p2a: Zacian|Ground\n|move|p2a: Zacian|Tera Blast|p1a: Volcarona|[anim] Tera Blast Ground\n|-damage|p1a: Volcarona|7\/100\n|move|p1a: Volcarona|Fiery Dance|p2a: Zacian\n|-damage|p2a: Zacian|0 fnt\n|-boost|p1a: Volcarona|spa|1\n|faint|p2a: Zacian\n|\n|upkeep\n|\n|t:|1700385118\n|switch|p2a: Roaring Moon|Roaring Moon|100\/100\n|-status|p2a: Roaring Moon|tox\n|-damage|p2a: Roaring Moon|88\/100 tox|[from] Stealth Rock\n|-enditem|p2a: Roaring Moon|Booster Energy\n|-activate|p2a: Roaring Moon|ability: Protosynthesis|[fromitem]\n|-start|p2a: Roaring Moon|protosynthesisatk\n|turn|15\n|\n|t:|1700385128\n|switch|p1a: Fezandipiti|Fezandipiti, M|100\/100\n|-activate|p1a: Fezandipiti|move: Sticky Web\n|-unboost|p1a: Fezandipiti|spe|1\n|move|p2a: Roaring Moon|Dragon Dance|p2a: Roaring Moon\n|-boost|p2a: Roaring Moon|atk|1\n|-boost|p2a: Roaring Moon|spe|1\n|\n|-damage|p2a: Roaring Moon|82\/100 tox|[from] psn\n|upkeep\n|turn|16\n|\n|t:|1700385137\n|move|p2a: Roaring Moon|Earthquake|p1a: Fezandipiti\n|-supereffective|p1a: Fezandipiti\n|-damage|p1a: Fezandipiti|0 fnt\n|faint|p1a: Fezandipiti\n|\n|-damage|p2a: Roaring Moon|70\/100 tox|[from] psn\n|upkeep\n|\n|t:|1700385145\n|switch|p1a: Volcarona|Volcarona, F|7\/100\n|turn|17\n|\n|t:|1700385149\n|move|p2a: Roaring Moon|Acrobatics|p1a: Volcarona\n|-supereffective|p1a: Volcarona\n|-damage|p1a: Volcarona|0 fnt\n|faint|p1a: Volcarona\n|\n|-damage|p2a: Roaring Moon|52\/100 tox|[from] psn\n|upkeep\n|\n|t:|1700385154\n|switch|p1a: Iron Valiant|Iron Valiant|100\/100\n|-activate|p1a: Iron Valiant|move: Sticky Web\n|-unboost|p1a: Iron Valiant|spe|1\n|-enditem|p1a: Iron Valiant|Booster Energy\n|-activate|p1a: Iron Valiant|ability: Quark Drive|[fromitem]\n|-start|p1a: Iron Valiant|quarkdriveatk\n|turn|18\n|\n|t:|1700385167\n|move|p2a: Roaring Moon|Acrobatics|p1a: Iron Valiant\n|-supereffective|p1a: Iron Valiant\n|-damage|p1a: Iron Valiant|0 fnt\n|faint|p1a: Iron Valiant\n|-end|p1a: Iron Valiant|Quark Drive|[silent]\n|\n|win|pkfire fx\n|c|\u2606pkfire fx|gg\n|c|\u2606Jyho Blackbird|gg\n","uploadtime":1700385176,"views":24,"p1id":"jyhoblackbird","p2id":"pkfirefx","formatid":"gen9ubers","rating":0,"private":0,"password":""}