{"id":"gen9ubers-1996864134","p1":"Gamer Boi YT","p2":"pokewill17","format":"[Gen 9] Ubers","log":"|j|\u2606Gamer Boi YT\n|j|\u2606pokewill17\n|t:|1700737258\n|gametype|singles\n|player|p1|Gamer Boi YT|ethan|1108\n|player|p2|pokewill17|2|1175\n|teamsize|p1|6\n|teamsize|p2|6\n|gen|9\n|tier|[Gen 9] Ubers\n|rated|\n|rule|Sleep Clause Mod: Limit one foe put to sleep\n|rule|Species Clause: Limit one of each Pok\u00e9mon\n|rule|OHKO Clause: OHKO moves are banned\n|rule|Evasion Items Clause: Evasion items are banned\n|rule|Evasion Moves Clause: Evasion moves are banned\n|rule|Endless Battle Clause: Forcing endless battles is banned\n|rule|HP Percentage Mod: HP is shown in percentages\n|clearpoke\n|poke|p1|Glimmora, F|\n|poke|p1|Espathra, F|\n|poke|p1|Gliscor, M|\n|poke|p1|Grimmsnarl, M|\n|poke|p1|Arceus|\n|poke|p1|Miraidon|\n|poke|p2|Regieleki|\n|poke|p2|Flutter Mane|\n|poke|p2|Gliscor, F|\n|poke|p2|Zacian-*|\n|poke|p2|Iron Bundle|\n|poke|p2|Groudon|\n|teampreview\n|inactive|Battle timer is ON: inactive players will automatically lose when time's up. (requested by Gamer Boi YT)\n|\n|t:|1700737270\n|start\n|switch|p1a: Glimmora|Glimmora, F|100\/100\n|switch|p2a: Iron Bundle|Iron Bundle|100\/100\n|turn|1\n|\n|t:|1700737294\n|move|p2a: Iron Bundle|Hydro Pump|p1a: Glimmora\n|-supereffective|p1a: Glimmora\n|-enditem|p1a: Glimmora|Focus Sash\n|-damage|p1a: Glimmora|1\/100\n|-damage|p2a: Iron Bundle|91\/100|[from] item: Life Orb\n|move|p1a: Glimmora|Power Gem|p2a: Iron Bundle\n|-supereffective|p2a: Iron Bundle\n|-damage|p2a: Iron Bundle|0 fnt\n|faint|p2a: Iron Bundle\n|-end|p2a: Iron Bundle|Quark Drive|[silent]\n|\n|upkeep\n|\n|t:|1700737301\n|switch|p2a: Regieleki|Regieleki|100\/100\n|turn|2\n|\n|t:|1700737309\n|move|p2a: Regieleki|Volt Switch|p1a: Glimmora\n|-damage|p1a: Glimmora|0 fnt\n|faint|p1a: Glimmora\n|\n|t:|1700737310\n|switch|p2a: Gliscor|Gliscor, F|100\/100|[from] Volt Switch\n|\n|-status|p2a: Gliscor|tox|[from] item: Toxic Orb\n|upkeep\n|\n|t:|1700737320\n|switch|p1a: Gliscor|Gliscor, M, shiny|100\/100\n|turn|3\n|\n|t:|1700737329\n|move|p1a: Gliscor|Protect|p1a: Gliscor\n|-singleturn|p1a: Gliscor|Protect\n|move|p2a: Gliscor|Spikes|p1a: Gliscor\n|-sidestart|p1: Gamer Boi YT|Spikes\n|\n|-status|p1a: Gliscor|tox|[from] item: Toxic Orb\n|upkeep\n|turn|4\n|\n|t:|1700737333\n|move|p2a: Gliscor|Spikes|p1a: Gliscor\n|-sidestart|p1: Gamer Boi YT|Spikes\n|move|p1a: Gliscor|Spikes|p2a: Gliscor\n|-sidestart|p2: pokewill17|Spikes\n|\n|upkeep\n|turn|5\n|\n|t:|1700737335\n|move|p2a: Gliscor|Spikes|p1a: Gliscor\n|-sidestart|p1: Gamer Boi YT|Spikes\n|move|p1a: Gliscor|Spikes|p2a: Gliscor\n|-sidestart|p2: pokewill17|Spikes\n|\n|upkeep\n|turn|6\n|\n|t:|1700737343\n|switch|p2a: Groudon|Groudon|100\/100\n|-damage|p2a: Groudon|84\/100|[from] Spikes\n|-weather|SunnyDay|[from] ability: Drought|[of] p2a: Groudon\n|move|p1a: Gliscor|Spikes|p2a: Groudon\n|-sidestart|p2: pokewill17|Spikes\n|\n|-weather|SunnyDay|[upkeep]\n|-heal|p2a: Groudon|90\/100|[from] item: Leftovers\n|upkeep\n|turn|7\n|\n|t:|1700737351\n|move|p1a: Gliscor|Toxic|p2a: Groudon\n|-status|p2a: Groudon|tox\n|move|p2a: Groudon|Stone Edge|p1a: Gliscor\n|-crit|p1a: Gliscor\n|-damage|p1a: Gliscor|59\/100 tox\n|\n|-weather|SunnyDay|[upkeep]\n|-heal|p2a: Groudon|97\/100 tox|[from] item: Leftovers\n|-heal|p1a: Gliscor|71\/100 tox|[from] ability: Poison Heal\n|-damage|p2a: Groudon|90\/100 tox|[from] psn\n|upkeep\n|turn|8\n|\n|t:|1700737363\n|move|p1a: Gliscor|Earthquake|p2a: Groudon\n|-damage|p2a: Groudon|69\/100 tox\n|move|p2a: Groudon|Heat Crash|p1a: Gliscor\n|-damage|p1a: Gliscor|28\/100 tox\n|\n|-weather|SunnyDay|[upkeep]\n|-heal|p2a: Groudon|75\/100 tox|[from] item: Leftovers\n|-heal|p1a: Gliscor|40\/100 tox|[from] ability: Poison Heal\n|-damage|p2a: Groudon|62\/100 tox|[from] psn\n|upkeep\n|turn|9\n|\n|t:|1700737372\n|move|p1a: Gliscor|Protect|p1a: Gliscor\n|-singleturn|p1a: Gliscor|Protect\n|move|p2a: Groudon|Bulk Up|p2a: Groudon\n|-boost|p2a: Groudon|atk|1\n|-boost|p2a: Groudon|def|1\n|\n|-weather|SunnyDay|[upkeep]\n|-heal|p2a: Groudon|69\/100 tox|[from] item: Leftovers\n|-heal|p1a: Gliscor|53\/100 tox|[from] ability: Poison Heal\n|-damage|p2a: Groudon|50\/100 tox|[from] psn\n|upkeep\n|turn|10\n|\n|t:|1700737382\n|move|p1a: Gliscor|Earthquake|p2a: Groudon\n|-damage|p2a: Groudon|36\/100 tox\n|move|p2a: Groudon|Heat Crash|p1a: Gliscor\n|-damage|p1a: Gliscor|0 fnt\n|faint|p1a: Gliscor\n|\n|-weather|none\n|-heal|p2a: Groudon|43\/100 tox|[from] item: Leftovers\n|-damage|p2a: Groudon|18\/100 tox|[from] psn\n|upkeep\n|\n|t:|1700737397\n|switch|p1a: Grimmsnarl|Grimmsnarl, M|100\/100\n|-damage|p1a: Grimmsnarl|76\/100|[from] Spikes\n|turn|11\n|\n|t:|1700737403\n|move|p1a: Grimmsnarl|Reflect|p1a: Grimmsnarl\n|-sidestart|p1: Gamer Boi YT|Reflect\n|move|p2a: Groudon|Precipice Blades|p1a: Grimmsnarl\n|-damage|p1a: Grimmsnarl|3\/100\n|\n|-heal|p2a: Groudon|24\/100 tox|[from] item: Leftovers\n|-damage|p2a: Groudon|0 fnt|[from] psn\n|faint|p2a: Groudon\n|upkeep\n|\n|t:|1700737409\n|switch|p2a: Regieleki|Regieleki|100\/100\n|-damage|p2a: Regieleki|76\/100|[from] Spikes\n|turn|12\n|\n|t:|1700737416\n|move|p1a: Grimmsnarl|Light Screen|p1a: Grimmsnarl\n|-sidestart|p1: Gamer Boi YT|move: Light Screen\n|move|p2a: Regieleki|Rapid Spin|p1a: Grimmsnarl\n|-damage|p1a: Grimmsnarl|0 fnt\n|-boost|p2a: Regieleki|spe|1\n|-sideend|p2: pokewill17|Spikes|[from] move: Rapid Spin|[of] p2a: Regieleki\n|faint|p1a: Grimmsnarl\n|\n|upkeep\n|\n|t:|1700737425\n|switch|p1a: Miraidon|Miraidon|100\/100\n|-damage|p1a: Miraidon|76\/100|[from] Spikes\n|-fieldstart|move: Electric Terrain|[from] ability: Hadron Engine|[of] p1a: Miraidon\n|turn|13\n|\n|t:|1700737436\n|switch|p2a: Gliscor|Gliscor, F|100\/100 tox\n|move|p1a: Miraidon|Substitute|p1a: Miraidon\n|-start|p1a: Miraidon|Substitute\n|-damage|p1a: Miraidon|51\/100\n|\n|upkeep\n|turn|14\n|\n|t:|1700737447\n|move|p1a: Miraidon|Calm Mind|p1a: Miraidon\n|-boost|p1a: Miraidon|spa|1\n|-boost|p1a: Miraidon|spd|1\n|move|p2a: Gliscor|Earthquake|p1a: Miraidon\n|-supereffective|p1a: Miraidon\n|-end|p1a: Miraidon|Substitute\n|\n|upkeep\n|turn|15\n|\n|t:|1700737452\n|move|p1a: Miraidon|Draco Meteor|p2a: Gliscor\n|-damage|p2a: Gliscor|0 fnt\n|-unboost|p1a: Miraidon|spa|2\n|faint|p2a: Gliscor\n|-damage|p1a: Miraidon|41\/100|[from] item: Life Orb\n|\n|upkeep\n|\n|t:|1700737462\n|switch|p2a: Zacian|Zacian-Crowned|100\/100\n|-ability|p2a: Zacian|Intrepid Sword|boost\n|-boost|p2a: Zacian|atk|1\n|turn|16\n|\n|t:|1700737474\n|move|p2a: Zacian|Play Rough|p1a: Miraidon\n|-supereffective|p1a: Miraidon\n|-damage|p1a: Miraidon|0 fnt\n|faint|p1a: Miraidon\n|\n|upkeep\n|\n|t:|1700737483\n|switch|p1a: Turkey Dinner|Espathra, F, shiny|100\/100\n|-damage|p1a: Turkey Dinner|76\/100|[from] Spikes\n|-enditem|p1a: Turkey Dinner|Electric Seed\n|-boost|p1a: Turkey Dinner|def|1|[from] item: Electric Seed\n|turn|17\n|\n|t:|1700737490\n|move|p2a: Zacian|Behemoth Blade|p1a: Turkey Dinner\n|-damage|p1a: Turkey Dinner|49\/100\n|move|p1a: Turkey Dinner|Calm Mind|p1a: Turkey Dinner\n|-boost|p1a: Turkey Dinner|spa|1\n|-boost|p1a: Turkey Dinner|spd|1\n|\n|-fieldend|move: Electric Terrain\n|-ability|p1a: Turkey Dinner|Speed Boost|boost\n|-boost|p1a: Turkey Dinner|spe|1\n|upkeep\n|turn|18\n|\n|t:|1700737497\n|move|p2a: Zacian|Play Rough|p1a: Turkey Dinner\n|-damage|p1a: Turkey Dinner|24\/100\n|move|p1a: Turkey Dinner|Roost|p1a: Turkey Dinner\n|-heal|p1a: Turkey Dinner|74\/100\n|-singleturn|p1a: Turkey Dinner|move: Roost\n|\n|-sideend|p1: Gamer Boi YT|Reflect\n|-ability|p1a: Turkey Dinner|Speed Boost|boost\n|-boost|p1a: Turkey Dinner|spe|1\n|upkeep\n|turn|19\n|\n|t:|1700737512\n|-terastallize|p2a: Zacian|Fairy\n|move|p1a: Turkey Dinner|Calm Mind|p1a: Turkey Dinner\n|-boost|p1a: Turkey Dinner|spa|1\n|-boost|p1a: Turkey Dinner|spd|1\n|move|p2a: Zacian|Play Rough|p1a: Turkey Dinner\n|-damage|p1a: Turkey Dinner|12\/100\n|\n|-sideend|p1: Gamer Boi YT|move: Light Screen\n|-ability|p1a: Turkey Dinner|Speed Boost|boost\n|-boost|p1a: Turkey Dinner|spe|1\n|upkeep\n|turn|20\n|\n|t:|1700737529\n|move|p1a: Turkey Dinner|Stored Power|p2a: Zacian\n|-damage|p2a: Zacian|0 fnt\n|faint|p2a: Zacian\n|\n|-ability|p1a: Turkey Dinner|Speed Boost|boost\n|-boost|p1a: Turkey Dinner|spe|1\n|upkeep\n|\n|t:|1700737552\n|switch|p2a: Flutter Mane|Flutter Mane|100\/100\n|turn|21\n|\n|t:|1700737562\n|move|p1a: Turkey Dinner|Stored Power|p2a: Flutter Mane\n|-damage|p2a: Flutter Mane|0 fnt\n|faint|p2a: Flutter Mane\n|-end|p2a: Flutter Mane|Protosynthesis|[silent]\n|\n|-ability|p1a: Turkey Dinner|Speed Boost|boost\n|-boost|p1a: Turkey Dinner|spe|1\n|upkeep\n|\n|t:|1700737564\n|switch|p2a: Regieleki|Regieleki|76\/100\n|turn|22\n|\n|t:|1700737567\n|move|p1a: Turkey Dinner|Stored Power|p2a: Regieleki\n|-damage|p2a: Regieleki|0 fnt\n|faint|p2a: Regieleki\n|\n|win|Gamer Boi YT\n|raw|Gamer Boi YT's rating: 1108 &rarr; <strong>1138<\/strong><br \/>(+30 for winning)\n|raw|pokewill17's rating: 1175 &rarr; <strong>1145<\/strong><br \/>(-30 for losing)\n|l|\u2606pokewill17\n","uploadtime":1700737571,"views":9,"p1id":"gamerboiyt","p2id":"pokewill17","formatid":"gen9ubers","rating":1138,"private":0,"password":""}