{"id":"gen9ubers-1977004291","p1":"PinkScourge","p2":"IrishPenguin","format":"[Gen 9] Ubers","log":"|j|\u2606PinkScourge\n|j|\u2606IrishPenguin\n|t:|1698360847\n|gametype|singles\n|player|p1|PinkScourge|bede-leader|\n|player|p2|IrishPenguin|ash|\n|teamsize|p1|6\n|teamsize|p2|6\n|gen|9\n|tier|[Gen 9] Ubers\n|rule|Sleep Clause Mod: Limit one foe put to sleep\n|rule|Species Clause: Limit one of each Pok\u00e9mon\n|rule|OHKO Clause: OHKO moves are banned\n|rule|Evasion Items Clause: Evasion items are banned\n|rule|Evasion Moves Clause: Evasion moves are banned\n|rule|Endless Battle Clause: Forcing endless battles is banned\n|rule|HP Percentage Mod: HP is shown in percentages\n|clearpoke\n|poke|p1|Scream Tail|\n|poke|p1|Alomomola, F|\n|poke|p1|Arceus-Fire|\n|poke|p1|Zamazenta-*|\n|poke|p1|Gothitelle, F|\n|poke|p1|Weezing-Galar, M|\n|poke|p2|Ogerpon-Wellspring, F|\n|poke|p2|Magearna|\n|poke|p2|Zacian-*|\n|poke|p2|Dialga|\n|poke|p2|Shaymin-Sky|\n|poke|p2|Gholdengo|\n|teampreview\n|inactive|Battle timer is ON: inactive players will automatically lose when time's up. (requested by PinkScourge)\n|inactive|IrishPenguin also wants the timer to be on.\n|\n|t:|1698360860\n|start\n|switch|p1a: Arceus|Arceus-Fire|100\/100\n|switch|p2a: Ogerpon|Ogerpon-Wellspring, F|100\/100\n|turn|1\n|c|\u2606IrishPenguin|Glhf\n|c|\u2606PinkScourge|GL\n|\n|t:|1698360874\n|switch|p1a: Zamazenta|Zamazenta-Crowned|100\/100\n|-ability|p1a: Zamazenta|Dauntless Shield|boost\n|-boost|p1a: Zamazenta|def|1\n|move|p2a: Ogerpon|Ivy Cudgel|p1a: Zamazenta\n|-damage|p1a: Zamazenta|75\/100\n|\n|upkeep\n|turn|2\n|\n|t:|1698360881\n|switch|p2a: Gholdengo|Gholdengo|100\/100\n|-item|p2a: Gholdengo|Air Balloon\n|move|p1a: Zamazenta|Behemoth Bash|p2a: Gholdengo\n|-resisted|p2a: Gholdengo\n|-damage|p2a: Gholdengo|81\/100\n|-enditem|p2a: Gholdengo|Air Balloon\n|\n|upkeep\n|turn|3\n|\n|t:|1698360886\n|switch|p1a: Arceus|Arceus-Fire|100\/100\n|move|p2a: Gholdengo|Thunder Wave|p1a: Arceus\n|-status|p1a: Arceus|par\n|\n|upkeep\n|turn|4\n|\n|t:|1698360900\n|switch|p2a: Dialga|Dialga|100\/100\n|-ability|p2a: Dialga|Pressure\n|move|p1a: Arceus|Judgment|p2a: Dialga\n|-damage|p2a: Dialga|70\/100\n|\n|-heal|p2a: Dialga|76\/100|[from] item: Leftovers\n|upkeep\n|turn|5\n|\n|t:|1698360908\n|move|p2a: Dialga|Stealth Rock|p1a: Arceus\n|-sidestart|p1: PinkScourge|move: Stealth Rock\n|move|p1a: Arceus|Perish Song|p1a: Arceus\n|-start|p1a: Arceus|perish3|[silent]\n|-start|p2a: Dialga|perish3|[silent]\n|-fieldactivate|move: Perish Song\n|\n|-heal|p2a: Dialga|82\/100|[from] item: Leftovers\n|-start|p2a: Dialga|perish3\n|-start|p1a: Arceus|perish3\n|upkeep\n|turn|6\n|\n|t:|1698360913\n|switch|p1a: Gothitelle|Gothitelle, F|100\/100\n|-damage|p1a: Gothitelle|88\/100|[from] Stealth Rock\n|move|p2a: Dialga|Roar|p1a: Gothitelle\n|drag|p1a: Alomomola|Alomomola, F|100\/100\n|-damage|p1a: Alomomola|88\/100|[from] Stealth Rock\n|\n|-heal|p2a: Dialga|89\/100|[from] item: Leftovers\n|-start|p2a: Dialga|perish2\n|upkeep\n|turn|7\n|\n|t:|1698360920\n|switch|p2a: Gholdengo|Gholdengo|81\/100\n|move|p1a: Alomomola|Flip Turn|p2a: Gholdengo\n|-damage|p2a: Gholdengo|67\/100\n|\n|t:|1698360927\n|switch|p1a: Arceus|Arceus-Fire|100\/100 par|[from] Flip Turn\n|-damage|p1a: Arceus|75\/100 par|[from] Stealth Rock\n|\n|upkeep\n|turn|8\n|\n|t:|1698360932\n|switch|p2a: Dialga|Dialga|89\/100\n|-ability|p2a: Dialga|Pressure\n|move|p1a: Arceus|Judgment|p2a: Dialga\n|-damage|p2a: Dialga|56\/100\n|\n|-heal|p2a: Dialga|62\/100|[from] item: Leftovers\n|upkeep\n|turn|9\n|\n|t:|1698360939\n|move|p2a: Dialga|Draco Meteor|p1a: Arceus\n|-damage|p1a: Arceus|43\/100 par\n|-unboost|p2a: Dialga|spa|2\n|move|p1a: Arceus|Recover|p1a: Arceus\n|-heal|p1a: Arceus|93\/100 par\n|\n|-heal|p2a: Dialga|68\/100|[from] item: Leftovers\n|upkeep\n|turn|10\n|\n|t:|1698360944\n|cant|p1a: Arceus|par\n|move|p2a: Dialga|Roar|p1a: Arceus\n|drag|p1a: Alomomola|Alomomola, F|100\/100\n|-damage|p1a: Alomomola|88\/100|[from] Stealth Rock\n|\n|-heal|p2a: Dialga|74\/100|[from] item: Leftovers\n|upkeep\n|turn|11\n|\n|t:|1698360949\n|move|p1a: Alomomola|Wish|p1a: Alomomola\n|move|p2a: Dialga|Roar|p1a: Alomomola\n|drag|p1a: Zamazenta|Zamazenta-Crowned|75\/100\n|-damage|p1a: Zamazenta|72\/100|[from] Stealth Rock\n|\n|-heal|p2a: Dialga|80\/100|[from] item: Leftovers\n|upkeep\n|turn|12\n|\n|t:|1698360957\n|switch|p2a: Gholdengo|Gholdengo|67\/100\n|move|p1a: Zamazenta|Body Press|p2a: Gholdengo\n|-immune|p2a: Gholdengo\n|\n|-heal|p1a: Zamazenta|100\/100|[from] move: Wish|[wisher] Alomomola\n|upkeep\n|turn|13\n|\n|t:|1698360962\n|switch|p2a: Ogerpon|Ogerpon-Wellspring, F|100\/100\n|move|p1a: Zamazenta|Behemoth Bash|p2a: Ogerpon\n|-resisted|p2a: Ogerpon\n|-damage|p2a: Ogerpon|73\/100\n|\n|upkeep\n|turn|14\n|\n|t:|1698360967\n|move|p1a: Zamazenta|Body Press|p2a: Ogerpon\n|-damage|p2a: Ogerpon|16\/100\n|move|p2a: Ogerpon|U-turn|p1a: Zamazenta\n|-resisted|p1a: Zamazenta\n|-damage|p1a: Zamazenta|96\/100\n|\n|t:|1698360974\n|switch|p2a: Gholdengo|Gholdengo|67\/100|[from] U-turn\n|\n|upkeep\n|turn|15\n|\n|t:|1698360977\n|switch|p1a: Weezing|Weezing-Galar, M|100\/100\n|-fieldstart|move: Misty Terrain|[from] ability: Misty Surge|[of] p1a: Weezing\n|move|p2a: Gholdengo|Thunder Wave|p1a: Weezing\n|-activate|p1a: Weezing|move: Misty Terrain\n|\n|upkeep\n|turn|16\n|\n|t:|1698360983\n|switch|p1a: Arceus|Arceus-Fire|93\/100 par\n|-damage|p1a: Arceus|68\/100 par|[from] Stealth Rock\n|move|p2a: Gholdengo|Make It Rain|p1a: Arceus\n|-resisted|p1a: Arceus\n|-damage|p1a: Arceus|55\/100 par\n|-unboost|p2a: Gholdengo|spa|1\n|\n|upkeep\n|turn|17\n|\n|t:|1698360989\n|switch|p2a: Dialga|Dialga|80\/100\n|-ability|p2a: Dialga|Pressure\n|cant|p1a: Arceus|par\n|\n|-heal|p2a: Dialga|87\/100|[from] item: Leftovers\n|upkeep\n|turn|18\n|\n|t:|1698360997\n|switch|p2a: Ogerpon|Ogerpon-Wellspring, F|16\/100\n|move|p1a: Arceus|Recover|p1a: Arceus\n|-heal|p1a: Arceus|100\/100 par\n|\n|upkeep\n|turn|19\n|\n|t:|1698361002\n|switch|p1a: Alomomola|Alomomola, F|100\/100\n|-damage|p1a: Alomomola|88\/100|[from] Stealth Rock\n|move|p2a: Ogerpon|Ivy Cudgel|p1a: Alomomola\n|-resisted|p1a: Alomomola\n|-damage|p1a: Alomomola|70\/100\n|\n|-fieldend|Misty Terrain\n|upkeep\n|turn|20\n|\n|t:|1698361010\n|move|p1a: Alomomola|Protect|p1a: Alomomola\n|-singleturn|p1a: Alomomola|Protect\n|move|p2a: Ogerpon|Horn Leech|p1a: Alomomola\n|-activate|p1a: Alomomola|move: Protect\n|\n|upkeep\n|turn|21\n|\n|t:|1698361017\n|switch|p1a: Zamazenta|Zamazenta-Crowned|96\/100\n|-damage|p1a: Zamazenta|93\/100|[from] Stealth Rock\n|move|p2a: Ogerpon|Spikes|p1a: Zamazenta\n|-sidestart|p1: PinkScourge|Spikes\n|\n|upkeep\n|turn|22\n|\n|t:|1698361024\n|switch|p2a: Gholdengo|Gholdengo|67\/100\n|move|p1a: Zamazenta|Behemoth Bash|p2a: Gholdengo\n|-resisted|p2a: Gholdengo\n|-damage|p2a: Gholdengo|47\/100\n|\n|upkeep\n|turn|23\n|\n|t:|1698361029\n|move|p1a: Zamazenta|Behemoth Bash|p2a: Gholdengo\n|-resisted|p2a: Gholdengo\n|-damage|p2a: Gholdengo|28\/100\n|move|p2a: Gholdengo|Recover|p2a: Gholdengo\n|-heal|p2a: Gholdengo|78\/100\n|\n|upkeep\n|turn|24\n|\n|t:|1698361034\n|switch|p1a: Weezing|Weezing-Galar, M|100\/100\n|-fieldstart|move: Misty Terrain|[from] ability: Misty Surge|[of] p1a: Weezing\n|move|p2a: Gholdengo|Shadow Ball|p1a: Weezing\n|-damage|p1a: Weezing|54\/100\n|-unboost|p1a: Weezing|spd|1\n|\n|upkeep\n|turn|25\n|\n|t:|1698361043\n|switch|p1a: Alomomola|Alomomola, F|100\/100\n|-damage|p1a: Alomomola|88\/100|[from] Stealth Rock\n|-damage|p1a: Alomomola|76\/100|[from] Spikes\n|move|p2a: Gholdengo|Shadow Ball|p1a: Alomomola\n|-damage|p1a: Alomomola|42\/100\n|\n|upkeep\n|turn|26\n|\n|t:|1698361051\n|switch|p2a: Ogerpon|Ogerpon-Wellspring, F|16\/100\n|move|p1a: Alomomola|Wish|p1a: Alomomola\n|\n|upkeep\n|turn|27\n|\n|t:|1698361068\n|switch|p1a: Weezing|Weezing-Galar, M|54\/100\n|move|p2a: Ogerpon|Spikes|p1a: Weezing\n|-sidestart|p1: PinkScourge|Spikes\n|\n|-heal|p1a: Weezing|100\/100|[from] move: Wish|[wisher] Alomomola\n|upkeep\n|turn|28\n|\n|t:|1698361076\n|move|p2a: Ogerpon|U-turn|p1a: Weezing\n|-resisted|p1a: Weezing\n|-damage|p1a: Weezing|96\/100\n|\n|t:|1698361077\n|switch|p2a: Magearna|Magearna|100\/100|[from] U-turn\n|move|p1a: Weezing|Defog|p2a: Magearna\n|-unboost|p2a: Magearna|evasion|1\n|-sideend|p1: PinkScourge|Spikes|[from] move: Defog|[of] p1a: Weezing\n|-sideend|p1: PinkScourge|Stealth Rock|[from] move: Defog|[of] p1a: Weezing\n|-fieldend|Misty Terrain\n|\n|upkeep\n|turn|29\n|\n|t:|1698361087\n|switch|p2a: Gholdengo|Gholdengo|78\/100\n|switch|p1a: Gothitelle|Gothitelle, F|88\/100\n|\n|upkeep\n|turn|30\n|\n|t:|1698361092\n|move|p1a: Gothitelle|Protect|p1a: Gothitelle\n|-singleturn|p1a: Gothitelle|Protect\n|move|p2a: Gholdengo|Shadow Ball|p1a: Gothitelle\n|-activate|p1a: Gothitelle|move: Protect\n|\n|upkeep\n|turn|31\n|\n|t:|1698361099\n|switch|p1a: Arceus|Arceus-Fire|100\/100 par\n|move|p2a: Gholdengo|Shadow Ball|p1a: Arceus\n|-damage|p1a: Arceus|82\/100 par\n|\n|upkeep\n|turn|32\n|\n|t:|1698361104\n|switch|p2a: Dialga|Dialga|87\/100\n|-ability|p2a: Dialga|Pressure\n|move|p1a: Arceus|Judgment|p2a: Dialga\n|-crit|p2a: Dialga\n|-damage|p2a: Dialga|38\/100\n|\n|-heal|p2a: Dialga|44\/100|[from] item: Leftovers\n|upkeep\n|turn|33\n|\n|t:|1698361111\n|move|p2a: Dialga|Stealth Rock|p1a: Arceus\n|-sidestart|p1: PinkScourge|move: Stealth Rock\n|cant|p1a: Arceus|par\n|\n|-heal|p2a: Dialga|50\/100|[from] item: Leftovers\n|upkeep\n|turn|34\n|\n|t:|1698361115\n|cant|p1a: Arceus|par\n|move|p2a: Dialga|Roar|p1a: Arceus\n|drag|p1a: Weezing|Weezing-Galar, M|96\/100\n|-fieldstart|move: Misty Terrain|[from] ability: Misty Surge|[of] p1a: Weezing\n|\n|-heal|p2a: Dialga|57\/100|[from] item: Leftovers\n|upkeep\n|turn|35\n|\n|t:|1698361123\n|switch|p1a: Arceus|Arceus-Fire|82\/100 par\n|-damage|p1a: Arceus|57\/100 par|[from] Stealth Rock\n|move|p2a: Dialga|Flash Cannon|p1a: Arceus\n|-resisted|p1a: Arceus\n|-damage|p1a: Arceus|48\/100 par\n|\n|-heal|p2a: Dialga|63\/100|[from] item: Leftovers\n|upkeep\n|turn|36\n|\n|t:|1698361131\n|switch|p1a: Alomomola|Alomomola, F|75\/100\n|-damage|p1a: Alomomola|62\/100|[from] Stealth Rock\n|move|p2a: Dialga|Roar|p1a: Alomomola\n|drag|p1a: Zamazenta|Zamazenta-Crowned|93\/100\n|-damage|p1a: Zamazenta|90\/100|[from] Stealth Rock\n|\n|-heal|p2a: Dialga|69\/100|[from] item: Leftovers\n|upkeep\n|turn|37\n|\n|t:|1698361140\n|switch|p2a: Gholdengo|Gholdengo|78\/100\n|move|p1a: Zamazenta|Behemoth Bash|p2a: Gholdengo\n|-resisted|p2a: Gholdengo\n|-damage|p2a: Gholdengo|59\/100\n|\n|upkeep\n|turn|38\n|\n|t:|1698361163\n|move|p1a: Zamazenta|Ice Fang|p2a: Gholdengo\n|-resisted|p2a: Gholdengo\n|-damage|p2a: Gholdengo|50\/100\n|move|p2a: Gholdengo|Shadow Ball|p1a: Zamazenta\n|-damage|p1a: Zamazenta|58\/100\n|\n|-fieldend|Misty Terrain\n|upkeep\n|turn|39\n|\n|t:|1698361170\n|move|p1a: Zamazenta|Ice Fang|p2a: Gholdengo\n|-resisted|p2a: Gholdengo\n|-damage|p2a: Gholdengo|42\/100\n|move|p2a: Gholdengo|Recover|p2a: Gholdengo\n|-heal|p2a: Gholdengo|92\/100\n|\n|upkeep\n|turn|40\n|\n|t:|1698361175\n|move|p1a: Zamazenta|Ice Fang|p2a: Gholdengo\n|-resisted|p2a: Gholdengo\n|-damage|p2a: Gholdengo|84\/100\n|move|p2a: Gholdengo|Shadow Ball|p1a: Zamazenta\n|-crit|p1a: Zamazenta\n|-damage|p1a: Zamazenta|14\/100\n|\n|upkeep\n|turn|41\n|\n|t:|1698361184\n|switch|p1a: Alomomola|Alomomola, F|96\/100\n|-damage|p1a: Alomomola|83\/100|[from] Stealth Rock\n|move|p2a: Gholdengo|Shadow Ball|p1a: Alomomola\n|-damage|p1a: Alomomola|48\/100\n|-unboost|p1a: Alomomola|spd|1\n|\n|upkeep\n|turn|42\n|\n|t:|1698361190\n|move|p1a: Alomomola|Protect|p1a: Alomomola\n|-singleturn|p1a: Alomomola|Protect\n|move|p2a: Gholdengo|Shadow Ball|p1a: Alomomola\n|-activate|p1a: Alomomola|move: Protect\n|\n|upkeep\n|turn|43\n|\n|t:|1698361195\n|switch|p1a: Weezing|Weezing-Galar, M|96\/100\n|-fieldstart|move: Misty Terrain|[from] ability: Misty Surge|[of] p1a: Weezing\n|move|p2a: Gholdengo|Shadow Ball|p1a: Weezing\n|-damage|p1a: Weezing|45\/100\n|\n|upkeep\n|turn|44\n|\n|t:|1698361202\n|switch|p1a: Alomomola|Alomomola, F|81\/100\n|-damage|p1a: Alomomola|69\/100|[from] Stealth Rock\n|move|p2a: Gholdengo|Shadow Ball|p1a: Alomomola\n|-damage|p1a: Alomomola|37\/100\n|\n|upkeep\n|turn|45\n|\n|t:|1698361209\n|switch|p2a: Ogerpon|Ogerpon-Wellspring, F|16\/100\n|move|p1a: Alomomola|Wish|p1a: Alomomola\n|\n|upkeep\n|turn|46\n|\n|t:|1698361219\n|-terastallize|p1a: Alomomola|Dragon\n|move|p2a: Ogerpon|U-turn|p1a: Alomomola\n|-damage|p1a: Alomomola|19\/100\n|-damage|p2a: Ogerpon|0 fnt|[from] item: Rocky Helmet|[of] p1a: Alomomola\n|faint|p2a: Ogerpon\n|move|p1a: Alomomola|Flip Turn|p2: Ogerpon|[notarget]\n|-fail|p1a: Alomomola\n|\n|-heal|p1a: Alomomola|69\/100|[from] move: Wish|[wisher] Alomomola\n|upkeep\n|\n|t:|1698361236\n|switch|p2a: Zacian|Zacian, shiny|100\/100\n|-ability|p2a: Zacian|Intrepid Sword|boost\n|-boost|p2a: Zacian|atk|1\n|turn|47\n|\n|t:|1698361247\n|switch|p1a: Arceus|Arceus-Fire|48\/100 par\n|-damage|p1a: Arceus|23\/100 par|[from] Stealth Rock\n|move|p2a: Zacian|Swords Dance|p2a: Zacian\n|-boost|p2a: Zacian|atk|2\n|\n|-fieldend|Misty Terrain\n|upkeep\n|turn|48\n|\n|t:|1698361251\n|move|p2a: Zacian|Tera Blast|p1a: Arceus\n|-damage|p1a: Arceus|17\/100 par\n|cant|p1a: Arceus|par\n|\n|upkeep\n|turn|49\n|\n|t:|1698361259\n|move|p2a: Zacian|Close Combat|p1a: Arceus\n|-damage|p1a: Arceus|0 fnt\n|-unboost|p2a: Zacian|def|1\n|-unboost|p2a: Zacian|spd|1\n|faint|p1a: Arceus\n|\n|upkeep\n|c|\u2606PinkScourge|Damn\n|\n|t:|1698361269\n|switch|p1a: Scream Tail|Scream Tail|100\/100\n|-damage|p1a: Scream Tail|88\/100|[from] Stealth Rock\n|turn|50\n|c|\u2606IrishPenguin|Tera blast did 6% wtf\n|\n|t:|1698361279\n|move|p2a: Zacian|Play Rough|p1a: Scream Tail\n|-damage|p1a: Scream Tail|0 fnt\n|faint|p1a: Scream Tail\n|-end|p1a: Scream Tail|Protosynthesis|[silent]\n|\n|upkeep\n|\n|t:|1698361285\n|switch|p1a: Weezing|Weezing-Galar, M|45\/100\n|-fieldstart|move: Misty Terrain|[from] ability: Misty Surge|[of] p1a: Weezing\n|turn|51\n|\n|t:|1698361290\n|-terastallize|p2a: Zacian|Fire\n|move|p2a: Zacian|Tera Blast|p1a: Weezing|[anim] Tera Blast Fire\n|-damage|p1a: Weezing|0 fnt\n|faint|p1a: Weezing\n|\n|upkeep\n|\n|t:|1698361296\n|switch|p1a: Alomomola|Alomomola, F, tera:Dragon|100\/100\n|-damage|p1a: Alomomola|88\/100|[from] Stealth Rock\n|turn|52\n|\n|t:|1698361299\n|move|p2a: Zacian|Play Rough|p1a: Alomomola\n|-supereffective|p1a: Alomomola\n|-damage|p1a: Alomomola|0 fnt\n|-damage|p2a: Zacian|84\/100|[from] item: Rocky Helmet|[of] p1a: Alomomola\n|faint|p1a: Alomomola\n|\n|upkeep\n|c|\u2606PinkScourge|GG\n|c|\u2606IrishPenguin|Gg wp\n|-message|PinkScourge forfeited.\n|\n|win|IrishPenguin\n|l|\u2606PinkScourge\n","uploadtime":1698361313,"views":7,"p1id":"pinkscourge","p2id":"irishpenguin","formatid":"gen9ubers","rating":0,"private":0,"password":""}