{"id":"gen9ubers-1984111563","p1":"SadaShidz\ufe0f","p2":"ur local marshadow","format":"[Gen 9] Ubers","log":"|j|\u2606SadaShidz\ufe0f\n|j|\u2606ur local marshadow\n|t:|1699219856\n|gametype|singles\n|player|p1|SadaShidz\ufe0f|sada-ai|1250\n|player|p2|ur local marshadow|nate|1042\n|teamsize|p1|6\n|teamsize|p2|6\n|gen|9\n|tier|[Gen 9] Ubers\n|rated|\n|rule|Sleep Clause Mod: Limit one foe put to sleep\n|rule|Species Clause: Limit one of each Pok\u00e9mon\n|rule|OHKO Clause: OHKO moves are banned\n|rule|Evasion Items Clause: Evasion items are banned\n|rule|Evasion Moves Clause: Evasion moves are banned\n|rule|Endless Battle Clause: Forcing endless battles is banned\n|rule|HP Percentage Mod: HP is shown in percentages\n|clearpoke\n|poke|p1|Glimmora, F|\n|poke|p1|Landorus-Therian, M|\n|poke|p1|Arceus-Ghost|\n|poke|p1|Iron Valiant|\n|poke|p1|Polteageist-Antique|\n|poke|p1|Kingambit, M|\n|poke|p2|Ogerpon-Hearthflame, F|\n|poke|p2|Flutter Mane|\n|poke|p2|Arceus|\n|poke|p2|Zacian-*|\n|poke|p2|Arbok, M|\n|poke|p2|Dialga-Origin|\n|teampreview\n|inactive|Battle timer is ON: inactive players will automatically lose when time's up. (requested by SadaShidz\ufe0f)\n|\n|t:|1699219866\n|start\n|switch|p1a: Lan Dan|Landorus-Therian, M, shiny|100\/100\n|switch|p2a: G O D|Arceus, shiny|100\/100\n|-ability|p1a: Lan Dan|Intimidate|boost\n|-unboost|p2a: G O D|atk|1\n|turn|1\n|\n|t:|1699219873\n|move|p2a: G O D|Swords Dance|p2a: G O D\n|-boost|p2a: G O D|atk|2\n|move|p1a: Lan Dan|U-turn|p2a: G O D\n|-damage|p2a: G O D|82\/100\n|\n|t:|1699219881\n|switch|p1a: Teakaboo|Polteageist-Antique, shiny|100\/100|[from] U-turn\n|\n|upkeep\n|turn|2\n|\n|t:|1699219891\n|switch|p1a: Mora The Explorer|Glimmora, F|100\/100\n|move|p2a: G O D|Swords Dance|p2a: G O D\n|-boost|p2a: G O D|atk|2\n|\n|upkeep\n|turn|3\n|\n|t:|1699219898\n|-terastallize|p2a: G O D|Normal\n|move|p2a: G O D|Extreme Speed|p1a: Mora The Explorer\n|-resisted|p1a: Mora The Explorer\n|-damage|p1a: Mora The Explorer|17\/100\n|-activate|p1a: Mora The Explorer|ability: Toxic Debris\n|-sidestart|p2: ur local marshadow|move: Toxic Spikes\n|move|p1a: Mora The Explorer|Stealth Rock|p2a: G O D\n|-sidestart|p2: ur local marshadow|move: Stealth Rock\n|\n|upkeep\n|turn|4\n|\n|t:|1699219908\n|move|p2a: G O D|Extreme Speed|p1a: Mora The Explorer\n|-resisted|p1a: Mora The Explorer\n|-damage|p1a: Mora The Explorer|0 fnt\n|-activate|p1a: Mora The Explorer|ability: Toxic Debris\n|-sidestart|p2: ur local marshadow|move: Toxic Spikes\n|faint|p1a: Mora The Explorer\n|\n|upkeep\n|\n|t:|1699219910\n|switch|p1a: Yamz|Arceus-Ghost, shiny|100\/100\n|turn|5\n|\n|t:|1699219919\n|move|p1a: Yamz|Focus Blast|p2a: G O D|[miss]\n|-miss|p1a: Yamz|p2a: G O D\n|move|p2a: G O D|Shadow Claw|p1a: Yamz\n|-supereffective|p1a: Yamz\n|-damage|p1a: Yamz|22\/100\n|\n|upkeep\n|turn|6\n|\n|t:|1699219926\n|move|p1a: Yamz|Focus Blast|p2a: G O D|[miss]\n|-miss|p1a: Yamz|p2a: G O D\n|move|p2a: G O D|Shadow Claw|p1a: Yamz\n|-supereffective|p1a: Yamz\n|-damage|p1a: Yamz|0 fnt\n|faint|p1a: Yamz\n|\n|upkeep\n|\n|t:|1699219931\n|switch|p1a: XJ9|Iron Valiant|100\/100\n|-enditem|p1a: XJ9|Booster Energy\n|-activate|p1a: XJ9|ability: Quark Drive|[fromitem]\n|-start|p1a: XJ9|quarkdrivespe\n|turn|7\n|\n|t:|1699219945\n|-terastallize|p1a: XJ9|Ghost\n|move|p2a: G O D|Extreme Speed|p1a: XJ9\n|-immune|p1a: XJ9\n|move|p1a: XJ9|Aura Sphere|p2a: G O D\n|-supereffective|p2a: G O D\n|-damage|p2a: G O D|29\/100\n|\n|upkeep\n|turn|8\n|c|\u2606SadaShidz\ufe0f|Garbage ass mon lol\n|c|\u2606SadaShidz\ufe0f|like why are you missing\n|\n|t:|1699219957\n|move|p1a: XJ9|Aura Sphere|p2a: G O D\n|-supereffective|p2a: G O D\n|-damage|p2a: G O D|0 fnt\n|faint|p2a: G O D\n|\n|upkeep\n|\n|t:|1699219965\n|switch|p2a: HEHEHEAW|Flutter Mane, shiny|100\/100\n|-status|p2a: HEHEHEAW|tox\n|-damage|p2a: HEHEHEAW|88\/100 tox|[from] Stealth Rock\n|-enditem|p2a: HEHEHEAW|Booster Energy\n|-activate|p2a: HEHEHEAW|ability: Protosynthesis|[fromitem]\n|-start|p2a: HEHEHEAW|protosynthesisspe\n|turn|9\n|\n|t:|1699219983\n|move|p2a: HEHEHEAW|Poltergeist||[still]\n|-fail|p2a: HEHEHEAW\n|move|p1a: XJ9|Shadow Ball|p2a: HEHEHEAW\n|-supereffective|p2a: HEHEHEAW\n|-damage|p2a: HEHEHEAW|2\/100 tox\n|\n|-damage|p2a: HEHEHEAW|0 fnt|[from] psn\n|faint|p2a: HEHEHEAW\n|-end|p2a: HEHEHEAW|Protosynthesis|[silent]\n|upkeep\n|\n|t:|1699219992\n|switch|p2a: CHAR-BOK (bakaa)|Arbok, M, shiny|100\/100\n|-ability|p2a: CHAR-BOK (bakaa)|Unnerve\n|-sideend|p2: ur local marshadow|move: Toxic Spikes|[of] p2a: CHAR-BOK (bakaa)\n|-damage|p2a: CHAR-BOK (bakaa)|88\/100|[from] Stealth Rock\n|turn|10\n|c|\u2606SadaShidz\ufe0f|Aw\n|inactive|SadaShidz\ufe0f has 120 seconds left.\n|\n|t:|1699220027\n|move|p1a: XJ9|Shadow Ball|p2a: CHAR-BOK (bakaa)\n|-damage|p2a: CHAR-BOK (bakaa)|23\/100\n|move|p2a: CHAR-BOK (bakaa)|Scale Shot|p1a: XJ9\n|-damage|p1a: XJ9|91\/100\n|-damage|p1a: XJ9|82\/100\n|-damage|p1a: XJ9|73\/100\n|-damage|p1a: XJ9|64\/100\n|-damage|p1a: XJ9|55\/100\n|-hitcount|p1a: XJ9|5\n|-unboost|p2a: CHAR-BOK (bakaa)|def|1\n|-boost|p2a: CHAR-BOK (bakaa)|spe|1\n|\n|upkeep\n|turn|11\n|inactive|SadaShidz\ufe0f has 120 seconds left.\n|\n|t:|1699220042\n|move|p1a: XJ9|Shadow Ball|p2a: CHAR-BOK (bakaa)\n|-damage|p2a: CHAR-BOK (bakaa)|0 fnt\n|faint|p2a: CHAR-BOK (bakaa)\n|\n|upkeep\n|\n|t:|1699220048\n|switch|p2a: MUNCHPKIN|Ogerpon-Hearthflame, F|100\/100\n|-damage|p2a: MUNCHPKIN|76\/100|[from] Stealth Rock\n|-ability|p2a: MUNCHPKIN|Mold Breaker\n|turn|12\n|inactive|SadaShidz\ufe0f has 120 seconds left.\n|\n|t:|1699220063\n|move|p1a: XJ9|Destiny Bond|p1a: XJ9\n|-singlemove|p1a: XJ9|Destiny Bond\n|move|p2a: MUNCHPKIN|Ivy Cudgel|p1a: XJ9\n|-damage|p1a: XJ9|0 fnt\n|faint|p1a: XJ9\n|-activate|p1a: XJ9|move: Destiny Bond\n|-end|p1a: XJ9|Quark Drive|[silent]\n|faint|p2a: MUNCHPKIN\n|\n|upkeep\n|inactive|SadaShidz\ufe0f has 120 seconds left.\n|\n|t:|1699220080\n|switch|p1a: Teakaboo|Polteageist-Antique, shiny|100\/100\n|switch|p2a: b o r k|Zacian-Crowned, shiny|100\/100\n|-damage|p2a: b o r k|94\/100|[from] Stealth Rock\n|-ability|p2a: b o r k|Intrepid Sword|boost\n|-boost|p2a: b o r k|atk|1\n|turn|13\n|\n|t:|1699220087\n|move|p2a: b o r k|Behemoth Blade|p1a: Teakaboo\n|-enditem|p1a: Teakaboo|Focus Sash\n|-damage|p1a: Teakaboo|1\/100\n|-ability|p1a: Teakaboo|Weak Armor|boost\n|-unboost|p1a: Teakaboo|def|1\n|-boost|p1a: Teakaboo|spe|2\n|move|p1a: Teakaboo|Shell Smash|p1a: Teakaboo\n|-unboost|p1a: Teakaboo|def|1\n|-unboost|p1a: Teakaboo|spd|1\n|-boost|p1a: Teakaboo|atk|2\n|-boost|p1a: Teakaboo|spa|2\n|-boost|p1a: Teakaboo|spe|2\n|\n|upkeep\n|turn|14\n|\n|t:|1699220098\n|move|p1a: Teakaboo|Shadow Ball|p2a: b o r k\n|-crit|p2a: b o r k\n|-damage|p2a: b o r k|0 fnt\n|faint|p2a: b o r k\n|\n|upkeep\n|\n|t:|1699220104\n|switch|p2a: throat cancer|Dialga-Origin, shiny|100\/100\n|-damage|p2a: throat cancer|94\/100|[from] Stealth Rock\n|-ability|p2a: throat cancer|Pressure\n|turn|15\n|\n|t:|1699220111\n|move|p1a: Teakaboo|Shadow Ball|p2a: throat cancer\n|-damage|p2a: throat cancer|14\/100\n|move|p2a: throat cancer|Ice Beam|p1a: Teakaboo\n|-damage|p1a: Teakaboo|0 fnt\n|faint|p1a: Teakaboo\n|\n|upkeep\n|\n|t:|1699220118\n|switch|p1a: Chess Master|Kingambit, M, shiny|100\/100\n|-activate|p1a: Chess Master|ability: Supreme Overlord\n|-start|p1a: Chess Master|fallen4|[silent]\n|turn|16\n|\n|t:|1699220132\n|move|p1a: Chess Master|Sucker Punch|p2a: throat cancer\n|-damage|p2a: throat cancer|0 fnt\n|faint|p2a: throat cancer\n|\n|win|SadaShidz\ufe0f\n|raw|SadaShidz\ufe0f's rating: 1250 &rarr; <strong>1262<\/strong><br \/>(+12 for winning)\n|raw|ur local marshadow's rating: 1042 &rarr; <strong>1034<\/strong><br \/>(-8 for losing)\n|c|\u2606SadaShidz\ufe0f|Gg\n|l|\u2606ur local marshadow\n","uploadtime":1699220143,"views":4,"p1id":"sadashidz","p2id":"urlocalmarshadow","formatid":"gen9ubers","rating":1034,"private":0,"password":""}