{"id":"gen9ubers-1977085427","p1":"Yowkuw","p2":"TrepYT","format":"[Gen 9] Ubers","log":"|j|\u2606Yowkuw\n|j|\u203dTrepYT\n|t:|1698369888\n|gametype|singles\n|player|p1|Yowkuw|veteran|1306\n|player|p2|TrepYT|swimmerf|1591\n|teamsize|p1|6\n|teamsize|p2|6\n|gen|9\n|tier|[Gen 9] Ubers\n|rated|\n|rule|Sleep Clause Mod: Limit one foe put to sleep\n|rule|Species Clause: Limit one of each Pok\u00e9mon\n|rule|OHKO Clause: OHKO moves are banned\n|rule|Evasion Items Clause: Evasion items are banned\n|rule|Evasion Moves Clause: Evasion moves are banned\n|rule|Endless Battle Clause: Forcing endless battles is banned\n|rule|HP Percentage Mod: HP is shown in percentages\n|clearpoke\n|poke|p1|Volcarona, M|\n|poke|p1|Kingambit, M|\n|poke|p1|Shaymin-Sky|\n|poke|p1|Rotom-Wash|\n|poke|p1|Glimmora, F|\n|poke|p1|Iron Valiant|\n|poke|p2|Rayquaza|\n|poke|p2|Kyogre|\n|poke|p2|Basculegion, M|\n|poke|p2|Arceus|\n|poke|p2|Flutter Mane|\n|poke|p2|Landorus-Therian, M|\n|teampreview\n|\n|t:|1698369913\n|start\n|switch|p1a: Amethyst|Glimmora, F|100\/100\n|switch|p2a: Arceus|Arceus|100\/100\n|turn|1\n|\n|t:|1698369922\n|move|p2a: Arceus|Taunt|p1a: Amethyst\n|-start|p1a: Amethyst|move: Taunt\n|cant|p1a: Amethyst|move: Taunt|Stealth Rock\n|\n|upkeep\n|turn|2\n|\n|t:|1698369933\n|move|p2a: Arceus|Earth Power|p1a: Amethyst\n|-supereffective|p1a: Amethyst\n|-enditem|p1a: Amethyst|Focus Sash\n|-damage|p1a: Amethyst|1\/100\n|-damage|p2a: Arceus|91\/100|[from] item: Life Orb\n|move|p1a: Amethyst|Sludge Wave|p2a: Arceus\n|-damage|p2a: Arceus|55\/100\n|\n|upkeep\n|turn|3\n|\n|t:|1698369941\n|move|p2a: Arceus|Stealth Rock|p1a: Amethyst\n|-sidestart|p1: Yowkuw|move: Stealth Rock\n|move|p1a: Amethyst|Sludge Wave|p2a: Arceus\n|-damage|p2a: Arceus|15\/100\n|\n|-end|p1a: Amethyst|move: Taunt\n|upkeep\n|turn|4\n|\n|t:|1698369948\n|move|p2a: Arceus|Earth Power|p1a: Amethyst\n|-supereffective|p1a: Amethyst\n|-damage|p1a: Amethyst|0 fnt\n|faint|p1a: Amethyst\n|-damage|p2a: Arceus|5\/100|[from] item: Life Orb\n|\n|upkeep\n|\n|t:|1698369967\n|switch|p1a: Silver Chariot|Iron Valiant, shiny|100\/100\n|-damage|p1a: Silver Chariot|94\/100|[from] Stealth Rock\n|-enditem|p1a: Silver Chariot|Booster Energy\n|-activate|p1a: Silver Chariot|ability: Quark Drive|[fromitem]\n|-start|p1a: Silver Chariot|quarkdrivespe\n|turn|5\n|\n|t:|1698369975\n|move|p2a: Arceus|Extreme Speed|p1a: Silver Chariot\n|-damage|p1a: Silver Chariot|29\/100\n|-damage|p2a: Arceus|0 fnt|[from] item: Life Orb\n|faint|p2a: Arceus\n|move|p1a: Silver Chariot|Knock Off|p2: Arceus|[notarget]\n|-fail|p1a: Silver Chariot\n|\n|upkeep\n|\n|t:|1698369984\n|switch|p2a: Flutter Mane|Flutter Mane|100\/100\n|turn|6\n|\n|t:|1698369991\n|move|p1a: Silver Chariot|Knock Off|p2a: Flutter Mane\n|-damage|p2a: Flutter Mane|24\/100\n|-enditem|p2a: Flutter Mane|Focus Sash|[from] move: Knock Off|[of] p1a: Silver Chariot\n|move|p2a: Flutter Mane|Moonblast|p1a: Silver Chariot\n|-supereffective|p1a: Silver Chariot\n|-damage|p1a: Silver Chariot|0 fnt\n|faint|p1a: Silver Chariot\n|-end|p1a: Silver Chariot|Quark Drive|[silent]\n|\n|upkeep\n|\n|t:|1698370007\n|switch|p1a: Dexter|Rotom-Wash|100\/100\n|-damage|p1a: Dexter|88\/100|[from] Stealth Rock\n|turn|7\n|\n|t:|1698370022\n|move|p2a: Flutter Mane|Moonblast|p1a: Dexter\n|-damage|p1a: Dexter|29\/100\n|move|p1a: Dexter|Hydro Pump|p2a: Flutter Mane\n|-crit|p2a: Flutter Mane\n|-damage|p2a: Flutter Mane|0 fnt\n|faint|p2a: Flutter Mane\n|-end|p2a: Flutter Mane|Protosynthesis|[silent]\n|\n|-heal|p1a: Dexter|36\/100|[from] item: Leftovers\n|upkeep\n|inactive|Battle timer is ON: inactive players will automatically lose when time's up. (requested by Yowkuw)\n|\n|t:|1698370038\n|switch|p2a: Kyogre|Kyogre|100\/100\n|-weather|RainDance|[from] ability: Drizzle|[of] p2a: Kyogre\n|turn|8\n|\n|t:|1698370045\n|move|p1a: Dexter|Protect|p1a: Dexter\n|-singleturn|p1a: Dexter|Protect\n|move|p2a: Kyogre|Water Spout|p1a: Dexter\n|-activate|p1a: Dexter|move: Protect\n|\n|-weather|RainDance|[upkeep]\n|-heal|p1a: Dexter|42\/100|[from] item: Leftovers\n|upkeep\n|turn|9\n|\n|t:|1698370053\n|move|p2a: Kyogre|Water Spout|p1a: Dexter\n|-resisted|p1a: Dexter\n|-damage|p1a: Dexter|0 fnt\n|faint|p1a: Dexter\n|\n|-weather|RainDance|[upkeep]\n|upkeep\n|\n|t:|1698370059\n|switch|p1a: Blossom|Shaymin-Sky, shiny|100\/100\n|-damage|p1a: Blossom|76\/100|[from] Stealth Rock\n|turn|10\n|inactive|TrepYT has 120 seconds left.\n|\n|t:|1698370111\n|switch|p2a: Rayquaza|Rayquaza|100\/100\n|-ability|p2a: Rayquaza|Air Lock\n|move|p1a: Blossom|Seed Flare|p2a: Rayquaza|[miss]\n|-miss|p1a: Blossom|p2a: Rayquaza\n|\n|-weather|RainDance|[upkeep]\n|upkeep\n|turn|11\n|\n|t:|1698370124\n|move|p1a: Blossom|Air Slash|p2a: Rayquaza\n|-damage|p2a: Rayquaza|51\/100\n|-damage|p1a: Blossom|66\/100|[from] item: Life Orb\n|cant|p2a: Rayquaza|flinch\n|\n|-weather|RainDance|[upkeep]\n|upkeep\n|turn|12\n|\n|t:|1698370139\n|move|p2a: Rayquaza|Extreme Speed|p1a: Blossom\n|-damage|p1a: Blossom|22\/100\n|move|p1a: Blossom|Air Slash|p2a: Rayquaza\n|-damage|p2a: Rayquaza|4\/100\n|-damage|p1a: Blossom|12\/100|[from] item: Life Orb\n|\n|-weather|none\n|upkeep\n|turn|13\n|\n|t:|1698370148\n|move|p2a: Rayquaza|Extreme Speed|p1a: Blossom\n|-damage|p1a: Blossom|0 fnt\n|faint|p1a: Blossom\n|\n|upkeep\n|\n|t:|1698370154\n|switch|p1a: Uther|Kingambit, M|100\/100\n|-damage|p1a: Uther|94\/100|[from] Stealth Rock\n|-activate|p1a: Uther|ability: Supreme Overlord\n|-start|p1a: Uther|fallen4|[silent]\n|turn|14\n|\n|t:|1698370166\n|move|p1a: Uther|Sucker Punch||[still]\n|-fail|p1a: Uther\n|move|p2a: Rayquaza|Swords Dance|p2a: Rayquaza\n|-boost|p2a: Rayquaza|atk|2\n|\n|upkeep\n|turn|15\n|\n|t:|1698370171\n|move|p2a: Rayquaza|Dragon Ascent|p1a: Uther\n|-resisted|p1a: Uther\n|-damage|p1a: Uther|35\/100\n|-unboost|p2a: Rayquaza|def|1\n|-unboost|p2a: Rayquaza|spd|1\n|move|p1a: Uther|Kowtow Cleave|p2a: Rayquaza\n|-damage|p2a: Rayquaza|0 fnt\n|faint|p2a: Rayquaza\n|\n|upkeep\n|\n|t:|1698370178\n|switch|p2a: Landorus|Landorus-Therian, M|100\/100\n|-ability|p2a: Landorus|Intimidate|boost\n|-unboost|p1a: Uther|atk|1\n|turn|16\n|\n|t:|1698370185\n|move|p1a: Uther|Sucker Punch|p2a: Landorus\n|-damage|p2a: Landorus|58\/100\n|move|p2a: Landorus|Earthquake|p1a: Uther\n|-supereffective|p1a: Uther\n|-damage|p1a: Uther|0 fnt\n|faint|p1a: Uther\n|-end|p1a: Uther|fallen4|[silent]\n|\n|upkeep\n|\n|t:|1698370192\n|switch|p1a: Sunshine|Volcarona, M|100\/100\n|-damage|p1a: Sunshine|50\/100|[from] Stealth Rock\n|turn|17\n|\n|t:|1698370197\n|-terastallize|p1a: Sunshine|Bug\n|move|p2a: Landorus|Earthquake|p1a: Sunshine\n|-resisted|p1a: Sunshine\n|-damage|p1a: Sunshine|7\/100\n|move|p1a: Sunshine|Morning Sun|p1a: Sunshine\n|-heal|p1a: Sunshine|57\/100\n|\n|upkeep\n|turn|18\n|\n|t:|1698370206\n|switch|p2a: Kyogre|Kyogre|100\/100\n|-weather|RainDance|[from] ability: Drizzle|[of] p2a: Kyogre\n|move|p1a: Sunshine|Quiver Dance|p1a: Sunshine\n|-boost|p1a: Sunshine|spa|1\n|-boost|p1a: Sunshine|spd|1\n|-boost|p1a: Sunshine|spe|1\n|\n|-weather|RainDance|[upkeep]\n|upkeep\n|turn|19\n|\n|t:|1698370220\n|move|p1a: Sunshine|Bug Buzz|p2a: Kyogre\n|-damage|p2a: Kyogre|8\/100\n|-damage|p1a: Sunshine|47\/100|[from] item: Life Orb\n|move|p2a: Kyogre|Water Spout|p1a: Sunshine\n|-damage|p1a: Sunshine|40\/100\n|\n|-weather|RainDance|[upkeep]\n|upkeep\n|turn|20\n|\n|t:|1698370228\n|switch|p2a: Landorus|Landorus-Therian, M|58\/100\n|-ability|p2a: Landorus|Intimidate|boost\n|-unboost|p1a: Sunshine|atk|1\n|move|p1a: Sunshine|Quiver Dance|p1a: Sunshine\n|-boost|p1a: Sunshine|spa|1\n|-boost|p1a: Sunshine|spd|1\n|-boost|p1a: Sunshine|spe|1\n|\n|-weather|RainDance|[upkeep]\n|upkeep\n|turn|21\n|\n|t:|1698370237\n|move|p1a: Sunshine|Fiery Dance|p2a: Landorus\n|-damage|p2a: Landorus|0 fnt\n|-boost|p1a: Sunshine|spa|1\n|faint|p2a: Landorus\n|-damage|p1a: Sunshine|30\/100|[from] item: Life Orb\n|\n|-weather|RainDance|[upkeep]\n|upkeep\n|\n|t:|1698370240\n|switch|p2a: Basculegion|Basculegion, M|100\/100\n|turn|22\n|\n|t:|1698370248\n|move|p1a: Sunshine|Bug Buzz|p2a: Basculegion\n|-resisted|p2a: Basculegion\n|-damage|p2a: Basculegion|0 fnt\n|faint|p2a: Basculegion\n|-damage|p1a: Sunshine|20\/100|[from] item: Life Orb\n|\n|-weather|none\n|upkeep\n|c|\u2606Yowkuw|moth\n|\n|t:|1698370266\n|switch|p2a: Kyogre|Kyogre|8\/100\n|-weather|RainDance|[from] ability: Drizzle|[of] p2a: Kyogre\n|turn|23\n|\n|t:|1698370270\n|move|p1a: Sunshine|Bug Buzz|p2a: Kyogre\n|-damage|p2a: Kyogre|0 fnt\n|faint|p2a: Kyogre\n|-damage|p1a: Sunshine|10\/100|[from] item: Life Orb\n|\n|win|Yowkuw\n|raw|Yowkuw's rating: 1306 &rarr; <strong>1340<\/strong><br \/>(+34 for winning)\n|raw|TrepYT's rating: 1591 &rarr; <strong>1557<\/strong><br \/>(-34 for losing)\n|c|\u2606Yowkuw|gg\n","uploadtime":1698370289,"views":9,"p1id":"yowkuw","p2id":"trepyt","formatid":"gen9ubers","rating":1340,"private":0,"password":""}