{"id":"gen9ubers-1992423566","p1":"Minimimik","p2":"oTrey","format":"[Gen 9] Ubers","log":"|j|\u2606Minimimik\n|j|\u2606oTrey\n|t:|1700185854\n|gametype|singles\n|player|p1|Minimimik|n|\n|player|p2|oTrey|acetrainer-gen4dp|\n|teamsize|p1|6\n|teamsize|p2|6\n|gen|9\n|tier|[Gen 9] Ubers\n|rule|Sleep Clause Mod: Limit one foe put to sleep\n|rule|Species Clause: Limit one of each Pok\u00e9mon\n|rule|OHKO Clause: OHKO moves are banned\n|rule|Evasion Items Clause: Evasion items are banned\n|rule|Evasion Moves Clause: Evasion moves are banned\n|rule|Endless Battle Clause: Forcing endless battles is banned\n|rule|HP Percentage Mod: HP is shown in percentages\n|clearpoke\n|poke|p1|Grimmsnarl, M|\n|poke|p1|Annihilape, F|\n|poke|p1|Ursaluna-Bloodmoon, M|\n|poke|p1|Volcarona, M|\n|poke|p1|Baxcalibur, F|\n|poke|p1|Iron Valiant|\n|poke|p2|Cinderace, M|\n|poke|p2|Sneasler, F|\n|poke|p2|Kommo-o, F|\n|poke|p2|Great Tusk|\n|poke|p2|Infernape, M|\n|poke|p2|Iron Valiant|\n|teampreview\n|\n|t:|1700185863\n|start\n|switch|p1a: Grimmsnarl|Grimmsnarl, M|100\/100\n|switch|p2a: Cinderace|Cinderace, M|100\/100\n|turn|1\n|\n|t:|1700185870\n|move|p1a: Grimmsnarl|Thunder Wave|p2a: Cinderace\n|-status|p2a: Cinderace|par\n|cant|p2a: Cinderace|par\n|\n|upkeep\n|turn|2\n|\n|t:|1700185877\n|move|p1a: Grimmsnarl|Reflect|p1a: Grimmsnarl\n|-sidestart|p1: Minimimik|Reflect\n|move|p2a: Cinderace|Taunt|p1a: Grimmsnarl\n|-start|p2a: Cinderace|typechange|Dark|[from] ability: Libero\n|-start|p1a: Grimmsnarl|move: Taunt\n|\n|upkeep\n|turn|3\n|\n|t:|1700185892\n|switch|p1a: Volcarona|Volcarona, M|100\/100\n|move|p2a: Cinderace|Court Change|p2a: Cinderace\n|-swapsideconditions\n|-activate|p2a: Cinderace|move: Court Change\n|\n|upkeep\n|turn|4\n|\n|t:|1700185913\n|switch|p2a: Infernape|Infernape, M|100\/100\n|move|p1a: Volcarona|Will-O-Wisp|p2a: Infernape\n|-immune|p2a: Infernape\n|\n|upkeep\n|turn|5\n|\n|t:|1700185924\n|switch|p1a: Grimmsnarl|Grimmsnarl, M|100\/100\n|move|p2a: Infernape|Fire Blast|p1a: Grimmsnarl\n|-crit|p1a: Grimmsnarl\n|-damage|p1a: Grimmsnarl|4\/100\n|-damage|p2a: Infernape|91\/100|[from] item: Life Orb\n|\n|upkeep\n|turn|6\n|\n|t:|1700185935\n|switch|p2a: Cinderace|Cinderace, M|100\/100 par\n|move|p1a: Grimmsnarl|Light Screen|p1a: Grimmsnarl\n|-sidestart|p1: Minimimik|move: Light Screen\n|\n|upkeep\n|turn|7\n|\n|t:|1700185940\n|move|p1a: Grimmsnarl|Reflect|p1a: Grimmsnarl\n|-sidestart|p1: Minimimik|Reflect\n|move|p2a: Cinderace|Pyro Ball|p1a: Grimmsnarl\n|-damage|p1a: Grimmsnarl|0 fnt\n|faint|p1a: Grimmsnarl\n|\n|upkeep\n|\n|t:|1700185962\n|switch|p1a: Annihilape|Annihilape, F|100\/100\n|turn|8\n|\n|t:|1700185974\n|move|p1a: Annihilape|Bulk Up|p1a: Annihilape\n|-boost|p1a: Annihilape|atk|1\n|-boost|p1a: Annihilape|def|1\n|cant|p2a: Cinderace|par\n|\n|upkeep\n|turn|9\n|\n|t:|1700185979\n|-terastallize|p1a: Annihilape|Fire\n|move|p1a: Annihilape|Bulk Up|p1a: Annihilape\n|-boost|p1a: Annihilape|atk|1\n|-boost|p1a: Annihilape|def|1\n|cant|p2a: Cinderace|par\n|\n|-sideend|p2: oTrey|Reflect\n|upkeep\n|turn|10\n|\n|t:|1700185988\n|move|p1a: Annihilape|Taunt|p2a: Cinderace\n|-start|p2a: Cinderace|move: Taunt\n|cant|p2a: Cinderace|move: Taunt|Court Change\n|\n|upkeep\n|turn|11\n|\n|t:|1700186013\n|switch|p2a: Great Tusk|Great Tusk|100\/100\n|-enditem|p2a: Great Tusk|Booster Energy\n|-activate|p2a: Great Tusk|ability: Protosynthesis|[fromitem]\n|-start|p2a: Great Tusk|protosynthesisspe\n|move|p1a: Annihilape|Bulk Up|p1a: Annihilape\n|-boost|p1a: Annihilape|atk|1\n|-boost|p1a: Annihilape|def|1\n|\n|upkeep\n|turn|12\n|\n|t:|1700186018\n|move|p2a: Great Tusk|Bulk Up|p2a: Great Tusk\n|-boost|p2a: Great Tusk|atk|1\n|-boost|p2a: Great Tusk|def|1\n|move|p1a: Annihilape|Drain Punch|p2a: Great Tusk\n|-crit|p2a: Great Tusk\n|-damage|p2a: Great Tusk|37\/100\n|\n|upkeep\n|turn|13\n|\n|t:|1700186026\n|move|p2a: Great Tusk|Headlong Rush|p1a: Annihilape\n|-supereffective|p1a: Annihilape\n|-damage|p1a: Annihilape|71\/100\n|-unboost|p2a: Great Tusk|def|1\n|-unboost|p2a: Great Tusk|spd|1\n|move|p1a: Annihilape|Drain Punch|p2a: Great Tusk\n|-damage|p2a: Great Tusk|0 fnt\n|-heal|p1a: Annihilape|90\/100|[from] drain|[of] p2a: Great Tusk\n|faint|p2a: Great Tusk\n|-end|p2a: Great Tusk|Protosynthesis|[silent]\n|\n|-heal|p1a: Annihilape|96\/100|[from] item: Leftovers\n|-sideend|p1: Minimimik|move: Light Screen\n|upkeep\n|\n|t:|1700186044\n|switch|p2a: Sneasler|Sneasler, F|100\/100\n|turn|14\n|\n|t:|1700186061\n|move|p2a: Sneasler|Close Combat|p1a: Annihilape\n|-damage|p1a: Annihilape|78\/100\n|-unboost|p2a: Sneasler|def|1\n|-unboost|p2a: Sneasler|spd|1\n|move|p1a: Annihilape|Rage Fist|p2a: Sneasler\n|-damage|p2a: Sneasler|0 fnt\n|faint|p2a: Sneasler\n|\n|-heal|p1a: Annihilape|84\/100|[from] item: Leftovers\n|-sideend|p1: Minimimik|Reflect\n|upkeep\n|\n|t:|1700186080\n|switch|p2a: Iron Valiant|Iron Valiant|100\/100\n|turn|15\n|\n|t:|1700186087\n|move|p2a: Iron Valiant|Close Combat|p1a: Annihilape\n|-damage|p1a: Annihilape|54\/100\n|-unboost|p2a: Iron Valiant|def|1\n|-unboost|p2a: Iron Valiant|spd|1\n|-damage|p2a: Iron Valiant|91\/100|[from] item: Life Orb\n|move|p1a: Annihilape|Rage Fist|p2a: Iron Valiant\n|-damage|p2a: Iron Valiant|0 fnt\n|faint|p2a: Iron Valiant\n|-end|p2a: Iron Valiant|Quark Drive|[silent]\n|\n|-heal|p1a: Annihilape|60\/100|[from] item: Leftovers\n|upkeep\n|\n|t:|1700186106\n|switch|p2a: Infernape|Infernape, M|91\/100\n|turn|16\n|\n|t:|1700186116\n|move|p2a: Infernape|Close Combat|p1a: Annihilape\n|-damage|p1a: Annihilape|33\/100\n|-unboost|p2a: Infernape|def|1\n|-unboost|p2a: Infernape|spd|1\n|-damage|p2a: Infernape|81\/100|[from] item: Life Orb\n|move|p1a: Annihilape|Drain Punch|p2a: Infernape\n|-damage|p2a: Infernape|0 fnt\n|-heal|p1a: Annihilape|61\/100|[from] drain|[of] p2a: Infernape\n|faint|p2a: Infernape\n|\n|-heal|p1a: Annihilape|67\/100|[from] item: Leftovers\n|upkeep\n|\n|t:|1700186123\n|switch|p2a: Kommo-o|Kommo-o, F|100\/100\n|turn|17\n|\n|t:|1700186141\n|move|p1a: Annihilape|Rage Fist|p2a: Kommo-o\n|-damage|p2a: Kommo-o|0 fnt\n|faint|p2a: Kommo-o\n|\n|-heal|p1a: Annihilape|73\/100|[from] item: Leftovers\n|upkeep\n|\n|t:|1700186146\n|switch|p2a: Cinderace|Cinderace, M|100\/100 par\n|turn|18\n|\n|t:|1700186149\n|move|p1a: Annihilape|Rage Fist|p2a: Cinderace\n|-damage|p2a: Cinderace|0 fnt\n|faint|p2a: Cinderace\n|\n|win|Minimimik\n|c|\u2606Minimimik|Gg\n","uploadtime":1700186156,"views":7,"p1id":"minimimik","p2id":"otrey","formatid":"gen9ubers","rating":0,"private":0,"password":""}