{"id":"gen9ubers-1986057883","p1":"Autismo27","p2":"davi da quebrada","format":"[Gen 9] Ubers","log":"|j|\u2606Autismo27\n|j|\u2606davi da quebrada\n|t:|1699445028\n|gametype|singles\n|player|p1|Autismo27|benga|1085\n|player|p2|davi da quebrada|170|1000\n|teamsize|p1|6\n|teamsize|p2|6\n|gen|9\n|tier|[Gen 9] Ubers\n|rated|\n|rule|Sleep Clause Mod: Limit one foe put to sleep\n|rule|Species Clause: Limit one of each Pok\u00e9mon\n|rule|OHKO Clause: OHKO moves are banned\n|rule|Evasion Items Clause: Evasion items are banned\n|rule|Evasion Moves Clause: Evasion moves are banned\n|rule|Endless Battle Clause: Forcing endless battles is banned\n|rule|HP Percentage Mod: HP is shown in percentages\n|clearpoke\n|poke|p1|Tyranitar, F|\n|poke|p1|Kommo-o, M|\n|poke|p1|Lycanroc, M|\n|poke|p1|Ogerpon-Hearthflame, F|\n|poke|p1|Kingambit, F|\n|poke|p1|Baxcalibur, M|\n|poke|p2|Miraidon|\n|poke|p2|Ceruledge, F|\n|poke|p2|Toxapex, M|\n|poke|p2|Clodsire, M|\n|poke|p2|Mimikyu, M|\n|poke|p2|Gliscor, M|\n|teampreview\n|\n|t:|1699445041\n|start\n|switch|p1a: Tyranitar|Tyranitar, F|100\/100\n|switch|p2a: Toxapex|Toxapex, M|100\/100\n|-weather|Sandstorm|[from] ability: Sand Stream|[of] p1a: Tyranitar\n|turn|1\n|\n|t:|1699445048\n|move|p2a: Toxapex|Baneful Bunker|p2a: Toxapex\n|-singleturn|p2a: Toxapex|move: Protect\n|move|p1a: Tyranitar|Stealth Rock|p2a: Toxapex\n|-sidestart|p2: davi da quebrada|move: Stealth Rock\n|\n|-weather|Sandstorm|[upkeep]\n|-damage|p2a: Toxapex|94\/100|[from] Sandstorm\n|-heal|p2a: Toxapex|100\/100|[from] item: Black Sludge\n|upkeep\n|turn|2\n|\n|t:|1699445057\n|move|p1a: Tyranitar|Knock Off|p2a: Toxapex\n|-damage|p2a: Toxapex|53\/100\n|-enditem|p2a: Toxapex|Black Sludge|[from] move: Knock Off|[of] p1a: Tyranitar\n|move|p2a: Toxapex|Toxic Spikes|p1a: Tyranitar\n|-sidestart|p1: Autismo27|move: Toxic Spikes\n|\n|-weather|Sandstorm|[upkeep]\n|-damage|p2a: Toxapex|47\/100|[from] Sandstorm\n|upkeep\n|turn|3\n|\n|t:|1699445066\n|move|p2a: Toxapex|Baneful Bunker|p2a: Toxapex\n|-singleturn|p2a: Toxapex|move: Protect\n|move|p1a: Tyranitar|High Horsepower|p2a: Toxapex\n|-activate|p2a: Toxapex|move: Protect\n|-status|p1a: Tyranitar|psn\n|\n|-weather|Sandstorm|[upkeep]\n|-damage|p2a: Toxapex|41\/100|[from] Sandstorm\n|-damage|p1a: Tyranitar|88\/100 psn|[from] psn\n|upkeep\n|turn|4\n|\n|t:|1699445077\n|move|p1a: Tyranitar|High Horsepower|p2a: Toxapex\n|-supereffective|p2a: Toxapex\n|-damage|p2a: Toxapex|0 fnt\n|faint|p2a: Toxapex\n|\n|-weather|Sandstorm|[upkeep]\n|-damage|p1a: Tyranitar|76\/100 psn|[from] psn\n|upkeep\n|\n|t:|1699445094\n|switch|p2a: Clodsire|Clodsire, M|100\/100\n|-damage|p2a: Clodsire|94\/100|[from] Stealth Rock\n|turn|5\n|\n|t:|1699445100\n|move|p1a: Tyranitar|High Horsepower|p2a: Clodsire\n|-supereffective|p2a: Clodsire\n|-damage|p2a: Clodsire|6\/100\n|move|p2a: Clodsire|Earthquake|p1a: Tyranitar\n|-supereffective|p1a: Tyranitar\n|-damage|p1a: Tyranitar|32\/100 psn\n|\n|-weather|none\n|-damage|p1a: Tyranitar|20\/100 psn|[from] psn\n|upkeep\n|-enditem|p1a: Tyranitar|Aguav Berry|[eat]\n|-heal|p1a: Tyranitar|53\/100 psn|[from] item: Aguav Berry\n|turn|6\n|\n|t:|1699445114\n|move|p1a: Tyranitar|Knock Off|p2a: Clodsire\n|-damage|p2a: Clodsire|0 fnt\n|-enditem|p2a: Clodsire|Eviolite|[from] move: Knock Off|[of] p1a: Tyranitar\n|faint|p2a: Clodsire\n|\n|-damage|p1a: Tyranitar|41\/100 psn|[from] psn\n|upkeep\n|\n|t:|1699445118\n|switch|p2a: Mimikyu|Mimikyu, M|100\/100\n|-damage|p2a: Mimikyu|88\/100|[from] Stealth Rock\n|turn|7\n|\n|t:|1699445126\n|move|p2a: Mimikyu|Swords Dance|p2a: Mimikyu\n|-boost|p2a: Mimikyu|atk|2\n|move|p1a: Tyranitar|Stealth Rock||[still]\n|-fail|p1a: Tyranitar\n|\n|-damage|p1a: Tyranitar|28\/100 psn|[from] psn\n|upkeep\n|turn|8\n|\n|t:|1699445134\n|move|p2a: Mimikyu|Wood Hammer|p1a: Tyranitar\n|-supereffective|p1a: Tyranitar\n|-damage|p1a: Tyranitar|0 fnt\n|faint|p1a: Tyranitar\n|-damage|p2a: Mimikyu|73\/100|[from] Recoil\n|\n|upkeep\n|\n|t:|1699445141\n|switch|p1a: Lycanroc|Lycanroc, M|100\/100\n|-status|p1a: Lycanroc|psn\n|turn|9\n|\n|t:|1699445146\n|move|p1a: Lycanroc|Rock Blast|p2a: Mimikyu\n|-activate|p2a: Mimikyu|ability: Disguise\n|-damage|p2a: Mimikyu|73\/100\n|detailschange|p2a: Mimikyu|Mimikyu-Busted, M\n|-damage|p2a: Mimikyu|61\/100|[from] pokemon: Mimikyu-Busted\n|-damage|p2a: Mimikyu|38\/100\n|-damage|p2a: Mimikyu|15\/100\n|-damage|p2a: Mimikyu|0 fnt\n|faint|p2a: Mimikyu\n|-hitcount|p2: Mimikyu|4\n|\n|-damage|p1a: Lycanroc|88\/100 psn|[from] psn\n|upkeep\n|\n|t:|1699445156\n|switch|p2a: Gliscor|Gliscor, M|100\/100\n|-damage|p2a: Gliscor|88\/100|[from] Stealth Rock\n|turn|10\n|\n|t:|1699445163\n|move|p1a: Lycanroc|Rock Blast|p2a: Gliscor\n|-damage|p2a: Gliscor|75\/100\n|-damage|p2a: Gliscor|63\/100\n|-crit|p2a: Gliscor\n|-damage|p2a: Gliscor|42\/100\n|-damage|p2a: Gliscor|28\/100\n|-hitcount|p2a: Gliscor|4\n|move|p2a: Gliscor|Earthquake|p1a: Lycanroc\n|-supereffective|p1a: Lycanroc\n|-damage|p1a: Lycanroc|0 fnt\n|faint|p1a: Lycanroc\n|\n|-status|p2a: Gliscor|tox|[from] item: Toxic Orb\n|upkeep\n|\n|t:|1699445176\n|switch|p1a: Baxcalibur|Baxcalibur, M|100\/100\n|-status|p1a: Baxcalibur|psn\n|turn|11\n|\n|t:|1699445185\n|-terastallize|p1a: Baxcalibur|Ice\n|move|p1a: Baxcalibur|Dragon Dance|p1a: Baxcalibur\n|-boost|p1a: Baxcalibur|atk|1\n|-boost|p1a: Baxcalibur|spe|1\n|move|p2a: Gliscor|Facade|p1a: Baxcalibur\n|-damage|p1a: Baxcalibur|57\/100 psn\n|\n|-damage|p1a: Baxcalibur|44\/100 psn|[from] psn\n|-heal|p2a: Gliscor|41\/100 tox|[from] ability: Poison Heal\n|upkeep\n|turn|12\n|\n|t:|1699445197\n|move|p1a: Baxcalibur|Icicle Crash|p2a: Gliscor\n|-supereffective|p2a: Gliscor\n|-damage|p2a: Gliscor|0 fnt\n|faint|p2a: Gliscor\n|\n|-damage|p1a: Baxcalibur|32\/100 psn|[from] psn\n|upkeep\n|\n|t:|1699445212\n|switch|p2a: Ceruledge|Ceruledge, F|100\/100\n|-damage|p2a: Ceruledge|76\/100|[from] Stealth Rock\n|turn|13\n|\n|t:|1699445220\n|move|p1a: Baxcalibur|Aqua Tail|p2a: Ceruledge|[miss]\n|-miss|p1a: Baxcalibur|p2a: Ceruledge\n|move|p2a: Ceruledge|Bitter Blade|p1a: Baxcalibur\n|-supereffective|p1a: Baxcalibur\n|-damage|p1a: Baxcalibur|0 fnt\n|-heal|p2a: Ceruledge|96\/100|[from] drain|[of] p1a: Baxcalibur\n|faint|p1a: Baxcalibur\n|\n|upkeep\n|\n|t:|1699445230\n|switch|p1a: Kommo-o|Kommo-o, M|100\/100\n|-status|p1a: Kommo-o|psn\n|turn|14\n|\n|t:|1699445239\n|move|p2a: Ceruledge|Bitter Blade|p1a: Kommo-o\n|-resisted|p1a: Kommo-o\n|-damage|p1a: Kommo-o|69\/100 psn\n|-heal|p2a: Ceruledge|100\/100|[from] drain|[of] p1a: Kommo-o\n|move|p1a: Kommo-o|Dragon Tail|p2a: Ceruledge\n|-damage|p2a: Ceruledge|53\/100\n|-ability|p2a: Ceruledge|Weak Armor|boost\n|-unboost|p2a: Ceruledge|def|1\n|-boost|p2a: Ceruledge|spe|2\n|drag|p2a: Miraidon|Miraidon|100\/100\n|-damage|p2a: Miraidon|88\/100|[from] Stealth Rock\n|-fieldstart|move: Electric Terrain|[from] ability: Hadron Engine|[of] p2a: Miraidon\n|\n|-damage|p1a: Kommo-o|56\/100 psn|[from] psn\n|upkeep\n|turn|15\n|\n|t:|1699445255\n|move|p2a: Miraidon|Outrage|p1a: Kommo-o\n|-supereffective|p1a: Kommo-o\n|-damage|p1a: Kommo-o|0 fnt\n|faint|p1a: Kommo-o\n|\n|upkeep\n|\n|t:|1699445262\n|switch|p1a: Ogerpon|Ogerpon-Hearthflame, F|100\/100\n|-status|p1a: Ogerpon|psn\n|-ability|p1a: Ogerpon|Mold Breaker\n|turn|16\n|\n|t:|1699445339\n|move|p2a: Miraidon|Outrage|p1a: Ogerpon|[from]lockedmove\n|-damage|p1a: Ogerpon|32\/100 psn\n|-start|p2a: Miraidon|confusion|[fatigue]\n|move|p1a: Ogerpon|Wood Hammer|p2a: Miraidon\n|-resisted|p2a: Miraidon\n|-damage|p2a: Miraidon|53\/100\n|-damage|p1a: Ogerpon|18\/100 psn|[from] Recoil\n|\n|-damage|p1a: Ogerpon|6\/100 psn|[from] psn\n|upkeep\n|turn|17\n|\n|t:|1699445351\n|-activate|p2a: Miraidon|confusion\n|-damage|p2a: Miraidon|40\/100|[from] confusion\n|move|p1a: Ogerpon|Brick Break|p2a: Miraidon\n|-damage|p2a: Miraidon|13\/100\n|\n|-damage|p1a: Ogerpon|0 fnt|[from] psn\n|faint|p1a: Ogerpon\n|upkeep\n|\n|t:|1699445360\n|switch|p1a: Kingambit|Kingambit, F|100\/100\n|-activate|p1a: Kingambit|ability: Supreme Overlord\n|-start|p1a: Kingambit|fallen5|[silent]\n|turn|18\n|\n|t:|1699445365\n|move|p1a: Kingambit|Sucker Punch|p2a: Miraidon\n|-damage|p2a: Miraidon|0 fnt\n|faint|p2a: Miraidon\n|\n|-fieldend|move: Electric Terrain\n|upkeep\n|\n|t:|1699445372\n|switch|p2a: Ceruledge|Ceruledge, F|53\/100\n|-damage|p2a: Ceruledge|28\/100|[from] Stealth Rock\n|turn|19\n|\n|t:|1699445378\n|move|p1a: Kingambit|Sucker Punch||[still]\n|-fail|p1a: Kingambit\n|move|p2a: Ceruledge|Swords Dance|p2a: Ceruledge\n|-boost|p2a: Ceruledge|atk|2\n|\n|upkeep\n|turn|20\n|\n|t:|1699445384\n|-terastallize|p2a: Ceruledge|Fire\n|move|p1a: Kingambit|Sucker Punch||[still]\n|-fail|p1a: Kingambit\n|move|p2a: Ceruledge|Swords Dance|p2a: Ceruledge\n|-boost|p2a: Ceruledge|atk|2\n|\n|upkeep\n|turn|21\n|\n|t:|1699445392\n|move|p1a: Kingambit|Sucker Punch||[still]\n|-fail|p1a: Kingambit\n|move|p2a: Ceruledge|Swords Dance|p2a: Ceruledge\n|-boost|p2a: Ceruledge|atk|2\n|\n|upkeep\n|turn|22\n|inactive|Battle timer is ON: inactive players will automatically lose when time's up. (requested by Autismo27)\n|inactive|davi da quebrada has 120 seconds left.\n|inactive|davi da quebrada has 90 seconds left.\n|inactive|davi da quebrada has 60 seconds left.\n|inactive|davi da quebrada has 30 seconds left.\n|inactive|davi da quebrada has 20 seconds left.\n|inactive|davi da quebrada has 15 seconds left.\n|inactive|davi da quebrada has 10 seconds left.\n|inactive|davi da quebrada has 5 seconds left.\n|-message|davi da quebrada lost due to inactivity.\n|\n|win|Autismo27\n|raw|Autismo27's rating: 1085 &rarr; <strong>1106<\/strong><br \/>(+21 for winning)\n|raw|davi da quebrada's rating: 1000 &rarr; <strong>1000<\/strong><br \/>(+0 for losing)\n","uploadtime":1699445643,"views":9,"p1id":"autismo27","p2id":"davidaquebrada","formatid":"gen9ubers","rating":1000,"private":0,"password":""}