{"id":"gen9ubers-1976154010","p1":"blookinator","p2":"TBalpha22","format":"[Gen 9] Ubers","log":"|j|\u2606blookinator\n|j|\u2606TBalpha22\n|t:|1698268487\n|gametype|singles\n|player|p1|blookinator|eusine|\n|player|p2|TBalpha22|juggler|\n|teamsize|p1|6\n|teamsize|p2|6\n|gen|9\n|tier|[Gen 9] Ubers\n|rule|Sleep Clause Mod: Limit one foe put to sleep\n|rule|Species Clause: Limit one of each Pok\u00e9mon\n|rule|OHKO Clause: OHKO moves are banned\n|rule|Evasion Items Clause: Evasion items are banned\n|rule|Evasion Moves Clause: Evasion moves are banned\n|rule|Endless Battle Clause: Forcing endless battles is banned\n|rule|HP Percentage Mod: HP is shown in percentages\n|clearpoke\n|poke|p1|Houndstone, M|\n|poke|p1|Tyranitar, F|\n|poke|p1|Darkrai|\n|poke|p1|Magearna|\n|poke|p1|Shaymin-Sky|\n|poke|p1|Dragapult, M|\n|poke|p2|Gliscor, M|\n|poke|p2|Blissey, F|\n|poke|p2|Zapdos|\n|poke|p2|Quagsire, F|\n|poke|p2|Arceus-Dark|\n|poke|p2|Corviknight, F|\n|teampreview\n|j| Pajoomas!\n|\n|t:|1698268520\n|start\n|switch|p1a: Darkrai|Darkrai|100\/100\n|switch|p2a: Blissey|Blissey, F|100\/100\n|turn|1\n|c|\u2606blookinator|gl\n|\n|t:|1698268528\n|move|p1a: Darkrai|Hypnosis|p2a: Blissey\n|-status|p2a: Blissey|slp|[from] move: Hypnosis\n|cant|p2a: Blissey|slp\n|\n|-damage|p2a: Blissey|88\/100 slp|[from] ability: Bad Dreams|[of] p1a: Darkrai\n|upkeep\n|turn|2\n|c|\u2606TBalpha22|thx gl\n|\n|t:|1698268539\n|-curestatus|p2a: Blissey|slp|[from] ability: Natural Cure\n|switch|p2a: Gliscor|Gliscor, M|100\/100\n|move|p1a: Darkrai|Nasty Plot|p1a: Darkrai\n|-boost|p1a: Darkrai|spa|2\n|\n|-status|p2a: Gliscor|tox|[from] item: Toxic Orb\n|upkeep\n|turn|3\n|\n|t:|1698268552\n|move|p1a: Darkrai|Ice Beam|p2a: Gliscor\n|-supereffective|p2a: Gliscor\n|-damage|p2a: Gliscor|0 fnt\n|faint|p2a: Gliscor\n|\n|upkeep\n|\n|t:|1698268562\n|switch|p2a: Blissey|Blissey, F|88\/100\n|turn|4\n|\n|t:|1698268567\n|move|p1a: Darkrai|Hypnosis|p2a: Blissey|[miss]\n|-miss|p1a: Darkrai|p2a: Blissey\n|move|p2a: Blissey|Thunder Wave|p1a: Darkrai\n|-status|p1a: Darkrai|par\n|\n|-heal|p2a: Blissey|94\/100|[from] item: Leftovers\n|upkeep\n|turn|5\n|\n|t:|1698268570\n|move|p1a: Darkrai|Hypnosis|p2a: Blissey|[miss]\n|-miss|p1a: Darkrai|p2a: Blissey\n|move|p2a: Blissey|Stealth Rock|p1a: Darkrai\n|-sidestart|p1: blookinator|move: Stealth Rock\n|\n|-heal|p2a: Blissey|99\/100|[from] item: Leftovers\n|upkeep\n|turn|6\n|\n|t:|1698268576\n|move|p1a: Darkrai|Hypnosis|p2a: Blissey|[miss]\n|-miss|p1a: Darkrai|p2a: Blissey\n|move|p2a: Blissey|Seismic Toss|p1a: Darkrai\n|-damage|p1a: Darkrai|65\/100 par\n|\n|-heal|p2a: Blissey|100\/100|[from] item: Leftovers\n|upkeep\n|turn|7\n|\n|t:|1698268588\n|move|p1a: Darkrai|Hypnosis|p2a: Blissey\n|-status|p2a: Blissey|slp|[from] move: Hypnosis\n|cant|p2a: Blissey|slp\n|\n|-damage|p2a: Blissey|88\/100 slp|[from] ability: Bad Dreams|[of] p1a: Darkrai\n|upkeep\n|turn|8\n|\n|t:|1698268592\n|-curestatus|p2a: Blissey|slp|[from] ability: Natural Cure\n|switch|p2a: Quagsire|Quagsire, F|100\/100\n|cant|p1a: Darkrai|par\n|\n|upkeep\n|turn|9\n|\n|t:|1698268611\n|move|p1a: Darkrai|Dark Pulse|p2a: Quagsire\n|-damage|p2a: Quagsire|46\/100\n|move|p2a: Quagsire|Spikes|p1a: Darkrai\n|-sidestart|p1: blookinator|Spikes\n|\n|-heal|p2a: Quagsire|53\/100|[from] item: Leftovers\n|upkeep\n|turn|10\n|\n|t:|1698268654\n|switch|p2a: Arceus|Arceus-Dark|100\/100\n|move|p1a: Darkrai|Hypnosis|p2a: Arceus|[miss]\n|-miss|p1a: Darkrai|p2a: Arceus\n|\n|upkeep\n|turn|11\n|\n|t:|1698268661\n|move|p2a: Arceus|Judgment|p1a: Darkrai\n|-resisted|p1a: Darkrai\n|-damage|p1a: Darkrai|32\/100 par\n|move|p1a: Darkrai|Hypnosis|p2a: Arceus\n|-status|p2a: Arceus|slp|[from] move: Hypnosis\n|\n|-damage|p2a: Arceus|88\/100 slp|[from] ability: Bad Dreams|[of] p1a: Darkrai\n|upkeep\n|turn|12\n|c| Pajoomas!|your darkrai is not very well trained\n|c| Pajoomas!|you might need to give him glasses\n|c|\u2606blookinator|he has them lmaooo\n|\n|t:|1698268696\n|switch|p2a: Blissey|Blissey, F|88\/100\n|switch|p1a: Tyranitar|Tyranitar, F|100\/100\n|-damage|p1a: Tyranitar|88\/100|[from] Stealth Rock\n|-damage|p1a: Tyranitar|76\/100|[from] Spikes\n|-weather|Sandstorm|[from] ability: Sand Stream|[of] p1a: Tyranitar\n|\n|-weather|Sandstorm|[upkeep]\n|-damage|p2a: Blissey|82\/100|[from] Sandstorm\n|-heal|p2a: Blissey|88\/100|[from] item: Leftovers\n|upkeep\n|turn|13\n|c| Pajoomas!|he needs contacts\n|c|\u2606TBalpha22|blud has to double up frfr\n|\n|t:|1698268715\n|switch|p2a: Zapdos|Zapdos|100\/100\n|move|p1a: Tyranitar|Knock Off|p2a: Zapdos\n|-damage|p2a: Zapdos|55\/100\n|-enditem|p2a: Zapdos|Leftovers|[from] move: Knock Off|[of] p1a: Tyranitar\n|\n|-weather|Sandstorm|[upkeep]\n|-damage|p2a: Zapdos|49\/100|[from] Sandstorm\n|upkeep\n|turn|14\n|\n|t:|1698268730\n|move|p2a: Zapdos|Protect|p2a: Zapdos\n|-singleturn|p2a: Zapdos|Protect\n|move|p1a: Tyranitar|Stealth Rock|p2a: Zapdos\n|-sidestart|p2: TBalpha22|move: Stealth Rock\n|\n|-weather|Sandstorm|[upkeep]\n|-damage|p2a: Zapdos|42\/100|[from] Sandstorm\n|upkeep\n|turn|15\n|\n|t:|1698268740\n|move|p2a: Zapdos|Volt Switch|p1a: Tyranitar\n|-crit|p1a: Tyranitar\n|-damage|p1a: Tyranitar|42\/100\n|\n|t:|1698268745\n|switch|p2a: Corviknight|Corviknight, F|100\/100|[from] Volt Switch\n|-damage|p2a: Corviknight|88\/100|[from] Stealth Rock\n|move|p1a: Tyranitar|Knock Off|p2a: Corviknight\n|-damage|p2a: Corviknight|52\/100\n|-enditem|p2a: Corviknight|Leftovers|[from] move: Knock Off|[of] p1a: Tyranitar\n|\n|-weather|Sandstorm|[upkeep]\n|upkeep\n|turn|16\n|\n|t:|1698268760\n|move|p2a: Corviknight|Body Press|p1a: Tyranitar\n|-supereffective|p1a: Tyranitar\n|-damage|p1a: Tyranitar|0 fnt\n|faint|p1a: Tyranitar\n|\n|-weather|Sandstorm|[upkeep]\n|upkeep\n|\n|t:|1698268764\n|switch|p1a: Houndstone|Houndstone, M|100\/100\n|-damage|p1a: Houndstone|88\/100|[from] Stealth Rock\n|-damage|p1a: Houndstone|76\/100|[from] Spikes\n|turn|17\n|\n|t:|1698268771\n|move|p1a: Houndstone|Trick|p2a: Corviknight\n|-activate|p1a: Houndstone|move: Trick|[of] p2a: Corviknight\n|-item|p2a: Corviknight|Choice Band|[from] move: Trick\n|-enditem|p1a: Houndstone|Choice Band|[silent]|[from] move: Trick\n|move|p2a: Corviknight|Roost|p2a: Corviknight\n|-heal|p2a: Corviknight|100\/100\n|-singleturn|p2a: Corviknight|move: Roost\n|\n|-weather|Sandstorm|[upkeep]\n|upkeep\n|turn|18\n|\n|t:|1698268795\n|switch|p2a: Zapdos|Zapdos|42\/100\n|-damage|p2a: Zapdos|17\/100|[from] Stealth Rock\n|move|p1a: Houndstone|Last Respects|p2a: Zapdos\n|-damage|p2a: Zapdos|0 fnt\n|faint|p2a: Zapdos\n|\n|-weather|Sandstorm|[upkeep]\n|upkeep\n|\n|t:|1698268817\n|switch|p2a: Blissey|Blissey, F|88\/100\n|-damage|p2a: Blissey|76\/100|[from] Stealth Rock\n|turn|19\n|\n|t:|1698268823\n|move|p1a: Houndstone|Trick|p2a: Blissey\n|-activate|p1a: Houndstone|move: Trick|[of] p2a: Blissey\n|-enditem|p2a: Blissey|Leftovers|[silent]|[from] move: Trick\n|-item|p1a: Houndstone|Leftovers|[from] move: Trick\n|move|p2a: Blissey|Thunder Wave|p1a: Houndstone\n|-status|p1a: Houndstone|par\n|\n|-weather|none\n|-heal|p1a: Houndstone|82\/100 par|[from] item: Leftovers\n|upkeep\n|turn|20\n|\n|t:|1698268835\n|switch|p2a: Corviknight|Corviknight, F|100\/100\n|-damage|p2a: Corviknight|88\/100|[from] Stealth Rock\n|cant|p1a: Houndstone|par\n|\n|-heal|p1a: Houndstone|88\/100 par|[from] item: Leftovers\n|upkeep\n|turn|21\n|\n|t:|1698268844\n|move|p2a: Corviknight|Iron Defense|p2a: Corviknight\n|-boost|p2a: Corviknight|def|2\n|move|p1a: Houndstone|Facade|p2a: Corviknight\n|-resisted|p2a: Corviknight\n|-damage|p2a: Corviknight|78\/100\n|\n|-heal|p1a: Houndstone|94\/100 par|[from] item: Leftovers\n|upkeep\n|turn|22\n|\n|t:|1698268851\n|move|p2a: Corviknight|Iron Defense|p2a: Corviknight\n|-boost|p2a: Corviknight|def|2\n|move|p1a: Houndstone|Last Respects|p2a: Corviknight\n|-damage|p2a: Corviknight|65\/100\n|\n|-heal|p1a: Houndstone|99\/100 par|[from] item: Leftovers\n|upkeep\n|turn|23\n|\n|t:|1698268856\n|move|p2a: Corviknight|Iron Defense|p2a: Corviknight\n|-boost|p2a: Corviknight|def|2\n|move|p1a: Houndstone|Last Respects|p2a: Corviknight\n|-damage|p2a: Corviknight|56\/100\n|\n|-heal|p1a: Houndstone|100\/100 par|[from] item: Leftovers\n|upkeep\n|turn|24\n|\n|t:|1698268865\n|move|p2a: Corviknight|Iron Defense|p2a: Corviknight\n|-boost|p2a: Corviknight|def|0\n|move|p1a: Houndstone|Last Respects|p2a: Corviknight\n|-damage|p2a: Corviknight|45\/100\n|\n|upkeep\n|turn|25\n|\n|t:|1698268870\n|move|p2a: Corviknight|Iron Defense|p2a: Corviknight\n|-boost|p2a: Corviknight|def|0\n|move|p1a: Houndstone|Last Respects|p2a: Corviknight\n|-damage|p2a: Corviknight|35\/100\n|\n|upkeep\n|turn|26\n|\n|t:|1698268878\n|move|p2a: Corviknight|Iron Defense|p2a: Corviknight\n|-boost|p2a: Corviknight|def|0\n|move|p1a: Houndstone|Facade|p2a: Corviknight\n|-resisted|p2a: Corviknight\n|-damage|p2a: Corviknight|31\/100\n|\n|upkeep\n|turn|27\n|\n|t:|1698268884\n|move|p2a: Corviknight|Iron Defense|p2a: Corviknight\n|-boost|p2a: Corviknight|def|0\n|move|p1a: Houndstone|Facade|p2a: Corviknight\n|-resisted|p2a: Corviknight\n|-damage|p2a: Corviknight|27\/100\n|\n|upkeep\n|turn|28\n|\n|t:|1698268891\n|move|p2a: Corviknight|Iron Defense|p2a: Corviknight\n|-boost|p2a: Corviknight|def|0\n|move|p1a: Houndstone|Facade|p2a: Corviknight\n|-resisted|p2a: Corviknight\n|-damage|p2a: Corviknight|22\/100\n|\n|upkeep\n|turn|29\n|\n|t:|1698268895\n|switch|p2a: Arceus|Arceus-Dark|88\/100 slp\n|-damage|p2a: Arceus|76\/100 slp|[from] Stealth Rock\n|cant|p1a: Houndstone|par\n|\n|upkeep\n|turn|30\n|\n|t:|1698268903\n|cant|p2a: Arceus|slp\n|move|p1a: Houndstone|Play Rough|p2a: Arceus\n|-supereffective|p2a: Arceus\n|-damage|p2a: Arceus|38\/100 slp\n|\n|upkeep\n|turn|31\n|\n|t:|1698268909\n|cant|p2a: Arceus|slp\n|move|p1a: Houndstone|Play Rough|p2a: Arceus\n|-supereffective|p2a: Arceus\n|-damage|p2a: Arceus|2\/100 slp\n|\n|upkeep\n|turn|32\n|\n|t:|1698268916\n|cant|p2a: Arceus|slp\n|move|p1a: Houndstone|Facade|p2a: Arceus\n|-damage|p2a: Arceus|0 fnt\n|faint|p2a: Arceus\n|\n|upkeep\n|c|\u2606blookinator|dog\n|\n|t:|1698268923\n|switch|p2a: Quagsire|Quagsire, F|53\/100\n|-damage|p2a: Quagsire|46\/100|[from] Stealth Rock\n|turn|33\n|\n|t:|1698268935\n|cant|p1a: Houndstone|par\n|move|p2a: Quagsire|Recover|p2a: Quagsire\n|-heal|p2a: Quagsire|96\/100\n|\n|-heal|p2a: Quagsire|100\/100|[from] item: Leftovers\n|upkeep\n|turn|34\n|\n|t:|1698268944\n|switch|p1a: Shaymin|Shaymin-Sky|100\/100\n|move|p2a: Quagsire|Earthquake|p1a: Shaymin\n|-immune|p1a: Shaymin\n|\n|upkeep\n|turn|35\n|\n|t:|1698268952\n|-terastallize|p2a: Quagsire|Poison\n|move|p1a: Shaymin|Leech Seed|p2a: Quagsire\n|-start|p2a: Quagsire|move: Leech Seed\n|move|p2a: Quagsire|Yawn|p1a: Shaymin\n|-start|p1a: Shaymin|move: Yawn|[of] p2a: Quagsire\n|\n|-damage|p2a: Quagsire|88\/100|[from] Leech Seed|[of] p1a: Shaymin\n|upkeep\n|turn|36\n|\n|t:|1698268962\n|switch|p1a: Houndstone|Houndstone, M|100\/100 par\n|-damage|p1a: Houndstone|88\/100 par|[from] Stealth Rock\n|-damage|p1a: Houndstone|76\/100 par|[from] Spikes\n|move|p2a: Quagsire|Spikes|p1a: Houndstone\n|-sidestart|p1: blookinator|Spikes\n|\n|-heal|p1a: Houndstone|82\/100 par|[from] item: Leftovers\n|-heal|p2a: Quagsire|94\/100|[from] item: Leftovers\n|-damage|p2a: Quagsire|82\/100|[from] Leech Seed|[of] p1a: Houndstone\n|-heal|p1a: Houndstone|99\/100 par|[silent]\n|upkeep\n|turn|37\n|\n|t:|1698268969\n|switch|p2a: Corviknight|Corviknight, F|22\/100\n|-damage|p2a: Corviknight|9\/100|[from] Stealth Rock\n|move|p1a: Houndstone|Facade|p2a: Corviknight\n|-resisted|p2a: Corviknight\n|-damage|p2a: Corviknight|0 fnt\n|faint|p2a: Corviknight\n|\n|-heal|p1a: Houndstone|100\/100 par|[from] item: Leftovers\n|upkeep\n|\n|t:|1698268978\n|switch|p2a: Quagsire|Quagsire, F, tera:Poison|82\/100\n|-damage|p2a: Quagsire|69\/100|[from] Stealth Rock\n|turn|38\n|\n|t:|1698268990\n|move|p1a: Houndstone|Facade|p2a: Quagsire\n|-damage|p2a: Quagsire|36\/100\n|move|p2a: Quagsire|Spikes|p1a: Houndstone\n|-sidestart|p1: blookinator|Spikes\n|\n|-heal|p2a: Quagsire|42\/100|[from] item: Leftovers\n|upkeep\n|turn|39\n|\n|t:|1698268996\n|switch|p1a: Shaymin|Shaymin-Sky|100\/100\n|move|p2a: Quagsire|Recover|p2a: Quagsire\n|-heal|p2a: Quagsire|92\/100\n|\n|-heal|p2a: Quagsire|98\/100|[from] item: Leftovers\n|upkeep\n|turn|40\n|\n|t:|1698269001\n|move|p1a: Shaymin|Leech Seed|p2a: Quagsire\n|-start|p2a: Quagsire|move: Leech Seed\n|move|p2a: Quagsire|Yawn|p1a: Shaymin\n|-start|p1a: Shaymin|move: Yawn|[of] p2a: Quagsire\n|\n|-heal|p2a: Quagsire|100\/100|[from] item: Leftovers\n|-damage|p2a: Quagsire|88\/100|[from] Leech Seed|[of] p1a: Shaymin\n|upkeep\n|turn|41\n|\n|t:|1698269009\n|switch|p1a: Darkrai|Darkrai|32\/100 par\n|-damage|p1a: Darkrai|19\/100 par|[from] Stealth Rock\n|-damage|p1a: Darkrai|0 fnt|[from] Spikes\n|faint|p1a: Darkrai\n|switch|p2a: Blissey|Blissey, F|76\/100\n|-damage|p2a: Blissey|63\/100|[from] Stealth Rock\n|\n|upkeep\n|\n|t:|1698269024\n|switch|p1a: Houndstone|Houndstone, M|100\/100 par\n|-damage|p1a: Houndstone|88\/100 par|[from] Stealth Rock\n|-damage|p1a: Houndstone|63\/100 par|[from] Spikes\n|turn|42\n|\n|t:|1698269036\n|move|p2a: Blissey|Soft-Boiled|p2a: Blissey\n|-heal|p2a: Blissey|100\/100\n|move|p1a: Houndstone|Facade|p2a: Blissey\n|-damage|p2a: Blissey|63\/100\n|\n|-heal|p1a: Houndstone|69\/100 par|[from] item: Leftovers\n|upkeep\n|turn|43\n|\n|t:|1698269058\n|move|p2a: Blissey|Thunder Wave|p1a: Houndstone\n|-fail|p1a: Houndstone|par\n|move|p1a: Houndstone|Play Rough|p2a: Blissey\n|-damage|p2a: Blissey|37\/100\n|\n|-heal|p1a: Houndstone|75\/100 par|[from] item: Leftovers\n|upkeep\n|turn|44\n|\n|t:|1698269064\n|move|p2a: Blissey|Soft-Boiled|p2a: Blissey\n|-heal|p2a: Blissey|87\/100\n|move|p1a: Houndstone|Facade|p2a: Blissey\n|-damage|p2a: Blissey|51\/100\n|\n|-heal|p1a: Houndstone|81\/100 par|[from] item: Leftovers\n|upkeep\n|turn|45\n|\n|t:|1698269076\n|switch|p2a: Quagsire|Quagsire, F, tera:Poison|88\/100\n|-damage|p2a: Quagsire|76\/100|[from] Stealth Rock\n|cant|p1a: Houndstone|par\n|\n|-heal|p1a: Houndstone|87\/100 par|[from] item: Leftovers\n|-heal|p2a: Quagsire|82\/100|[from] item: Leftovers\n|upkeep\n|turn|46\n|\n|t:|1698269084\n|-terastallize|p1a: Houndstone|Ghost\n|move|p1a: Houndstone|Last Respects|p2a: Quagsire\n|-damage|p2a: Quagsire|19\/100\n|move|p2a: Quagsire|Yawn||[still]\n|-fail|p2a: Quagsire\n|\n|-heal|p1a: Houndstone|93\/100 par|[from] item: Leftovers\n|-heal|p2a: Quagsire|25\/100|[from] item: Leftovers\n|upkeep\n|turn|47\n|\n|t:|1698269090\n|switch|p2a: Blissey|Blissey, F|51\/100\n|-damage|p2a: Blissey|38\/100|[from] Stealth Rock\n|move|p1a: Houndstone|Facade|p2a: Blissey\n|-damage|p2a: Blissey|1\/100\n|\n|-heal|p1a: Houndstone|99\/100 par|[from] item: Leftovers\n|upkeep\n|turn|48\n|\n|t:|1698269098\n|move|p2a: Blissey|Soft-Boiled|p2a: Blissey\n|-heal|p2a: Blissey|51\/100\n|move|p1a: Houndstone|Facade|p2a: Blissey\n|-damage|p2a: Blissey|10\/100\n|\n|-heal|p1a: Houndstone|100\/100 par|[from] item: Leftovers\n|upkeep\n|turn|49\n|\n|t:|1698269102\n|move|p2a: Blissey|Soft-Boiled|p2a: Blissey\n|-heal|p2a: Blissey|60\/100\n|cant|p1a: Houndstone|par\n|\n|upkeep\n|turn|50\n|\n|t:|1698269107\n|move|p2a: Blissey|Soft-Boiled|p2a: Blissey\n|-heal|p2a: Blissey|100\/100\n|move|p1a: Houndstone|Facade|p2a: Blissey\n|-crit|p2a: Blissey\n|-damage|p2a: Blissey|41\/100\n|\n|upkeep\n|turn|51\n|\n|t:|1698269116\n|move|p2a: Blissey|Soft-Boiled|p2a: Blissey\n|-heal|p2a: Blissey|91\/100\n|cant|p1a: Houndstone|par\n|\n|upkeep\n|turn|52\n|\n|t:|1698269122\n|move|p2a: Blissey|Seismic Toss|p1a: Houndstone\n|-immune|p1a: Houndstone\n|cant|p1a: Houndstone|par\n|\n|upkeep\n|turn|53\n|\n|t:|1698269129\n|move|p2a: Blissey|Seismic Toss|p1a: Houndstone\n|-immune|p1a: Houndstone\n|move|p1a: Houndstone|Facade|p2a: Blissey\n|-damage|p2a: Blissey|54\/100\n|\n|upkeep\n|turn|54\n|\n|t:|1698269140\n|move|p2a: Blissey|Seismic Toss|p1a: Houndstone\n|-immune|p1a: Houndstone\n|move|p1a: Houndstone|Last Respects|p2a: Blissey\n|-immune|p2a: Blissey\n|\n|upkeep\n|turn|55\n|\n|t:|1698269147\n|move|p2a: Blissey|Seismic Toss|p1a: Houndstone\n|-immune|p1a: Houndstone\n|move|p1a: Houndstone|Facade|p2a: Blissey\n|-damage|p2a: Blissey|18\/100\n|\n|upkeep\n|turn|56\n|\n|t:|1698269153\n|move|p2a: Blissey|Soft-Boiled|p2a: Blissey\n|-heal|p2a: Blissey|68\/100\n|move|p1a: Houndstone|Facade|p2a: Blissey\n|-damage|p2a: Blissey|29\/100\n|\n|upkeep\n|turn|57\n|\n|t:|1698269158\n|move|p2a: Blissey|Soft-Boiled|p2a: Blissey\n|-heal|p2a: Blissey|79\/100\n|cant|p1a: Houndstone|par\n|\n|upkeep\n|turn|58\n|\n|t:|1698269165\n|move|p2a: Blissey|Thunder Wave|p1a: Houndstone\n|-fail|p1a: Houndstone|par\n|cant|p1a: Houndstone|par\n|\n|upkeep\n|turn|59\n|\n|t:|1698269174\n|move|p2a: Blissey|Thunder Wave|p1a: Houndstone\n|-fail|p1a: Houndstone|par\n|move|p1a: Houndstone|Facade|p2a: Blissey\n|-damage|p2a: Blissey|40\/100\n|\n|upkeep\n|turn|60\n|\n|t:|1698269181\n|move|p2a: Blissey|Thunder Wave|p1a: Houndstone\n|-fail|p1a: Houndstone|par\n|cant|p1a: Houndstone|par\n|\n|upkeep\n|turn|61\n|\n|t:|1698269186\n|move|p2a: Blissey|Thunder Wave|p1a: Houndstone\n|-fail|p1a: Houndstone|par\n|move|p1a: Houndstone|Facade|p2a: Blissey\n|-damage|p2a: Blissey|3\/100\n|\n|upkeep\n|turn|62\n|\n|t:|1698269192\n|move|p2a: Blissey|Thunder Wave|p1a: Houndstone\n|-fail|p1a: Houndstone|par\n|cant|p1a: Houndstone|par\n|\n|upkeep\n|turn|63\n|\n|t:|1698269200\n|move|p2a: Blissey|Thunder Wave|p1a: Houndstone\n|-fail|p1a: Houndstone|par\n|cant|p1a: Houndstone|par\n|\n|upkeep\n|turn|64\n|\n|t:|1698269206\n|move|p2a: Blissey|Thunder Wave|p1a: Houndstone\n|-fail|p1a: Houndstone|par\n|move|p1a: Houndstone|Facade|p2a: Blissey\n|-damage|p2a: Blissey|0 fnt\n|faint|p2a: Blissey\n|\n|upkeep\n|\n|t:|1698269210\n|switch|p2a: Quagsire|Quagsire, F, tera:Poison|25\/100\n|-damage|p2a: Quagsire|12\/100|[from] Stealth Rock\n|turn|65\n|\n|t:|1698269214\n|move|p1a: Houndstone|Last Respects|p2a: Quagsire\n|-damage|p2a: Quagsire|0 fnt\n|faint|p2a: Quagsire\n|\n|win|blookinator\n|c|\u2606TBalpha22|gg\n|c|\u2606blookinator|gg\n|l|\u2606blookinator\n|l| Pajoomas!\n|j| Pajoomas!\n|l| Pajoomas!\n|j| Pajoomas!\n","uploadtime":1698269244,"views":34,"p1id":"blookinator","p2id":"tbalpha22","formatid":"gen9ubers","rating":0,"private":0,"password":""}