{"id":"gen9ubers-1993134532","p1":"rectreemz","p2":"shepg0d","format":"[Gen 9] Ubers","log":"|j|\u2606rectreemz\n|j|\u2606shepg0d\n|t:|1700268845\n|gametype|singles\n|player|p1|rectreemz|1|1000\n|player|p2|shepg0d|266|1101\n|teamsize|p1|6\n|teamsize|p2|6\n|gen|9\n|tier|[Gen 9] Ubers\n|rated|\n|rule|Sleep Clause Mod: Limit one foe put to sleep\n|rule|Species Clause: Limit one of each Pok\u00e9mon\n|rule|OHKO Clause: OHKO moves are banned\n|rule|Evasion Items Clause: Evasion items are banned\n|rule|Evasion Moves Clause: Evasion moves are banned\n|rule|Endless Battle Clause: Forcing endless battles is banned\n|rule|HP Percentage Mod: HP is shown in percentages\n|clearpoke\n|poke|p1|Ogerpon-Hearthflame, F|\n|poke|p1|Gliscor, M|\n|poke|p1|Giratina|\n|poke|p1|Koraidon|\n|poke|p1|Arceus-Fairy|\n|poke|p1|Zacian-*|\n|poke|p2|Garchomp, F|\n|poke|p2|Ribombee, M|\n|poke|p2|Dudunsparce-*, M|\n|poke|p2|Clodsire, F|\n|poke|p2|Iron Moth|\n|poke|p2|Alomomola, M|\n|teampreview\n|inactive|Battle timer is ON: inactive players will automatically lose when time's up. (requested by rectreemz)\n|\n|t:|1700268865\n|start\n|switch|p1a: Gliscor|Gliscor, M|100\/100\n|switch|p2a: Ribombee|Ribombee, M|100\/100\n|turn|1\n|\n|t:|1700268875\n|move|p1a: Gliscor|Protect|p1a: Gliscor\n|-singleturn|p1a: Gliscor|Protect\n|move|p2a: Ribombee|Stun Spore|p1a: Gliscor\n|-activate|p1a: Gliscor|move: Protect\n|\n|-status|p1a: Gliscor|tox|[from] item: Toxic Orb\n|upkeep\n|turn|2\n|\n|t:|1700268893\n|switch|p1a: Koraidon|Koraidon|100\/100\n|-weather|SunnyDay|[from] ability: Orichalcum Pulse|[of] p1a: Koraidon\n|-activate|p1a: Koraidon|Orichalcum Pulse|[source]\n|move|p2a: Ribombee|Sticky Web|p1a: Koraidon\n|-sidestart|p1: rectreemz|move: Sticky Web\n|\n|-weather|SunnyDay|[upkeep]\n|upkeep\n|turn|3\n|\n|t:|1700268900\n|move|p1a: Koraidon|U-turn|p2a: Ribombee\n|-resisted|p2a: Ribombee\n|-damage|p2a: Ribombee|66\/100\n|\n|t:|1700268910\n|switch|p1a: Zacian|Zacian-Crowned|100\/100|[from] U-turn\n|-activate|p1a: Zacian|move: Sticky Web\n|-unboost|p1a: Zacian|spe|1\n|-ability|p1a: Zacian|Intrepid Sword|boost\n|-boost|p1a: Zacian|atk|1\n|move|p2a: Ribombee|Moonblast|p1a: Zacian\n|-resisted|p1a: Zacian\n|-damage|p1a: Zacian|83\/100\n|\n|-weather|SunnyDay|[upkeep]\n|upkeep\n|turn|4\n|\n|t:|1700268922\n|move|p1a: Zacian|Quick Attack|p2a: Ribombee\n|-damage|p2a: Ribombee|25\/100\n|move|p2a: Ribombee|Stun Spore|p1a: Zacian\n|-status|p1a: Zacian|par\n|\n|-weather|SunnyDay|[upkeep]\n|upkeep\n|turn|5\n|\n|t:|1700268939\n|move|p1a: Zacian|Quick Attack|p2a: Ribombee\n|-damage|p2a: Ribombee|0 fnt\n|faint|p2a: Ribombee\n|\n|-weather|SunnyDay|[upkeep]\n|upkeep\n|\n|t:|1700268944\n|switch|p2a: Iron Moth|Iron Moth|100\/100\n|-enditem|p2a: Iron Moth|Booster Energy\n|-activate|p2a: Iron Moth|ability: Quark Drive|[fromitem]\n|-start|p2a: Iron Moth|quarkdrivespa\n|turn|6\n|\n|t:|1700268950\n|switch|p1a: Giratina|Giratina|100\/100\n|-ability|p1a: Giratina|Pressure\n|move|p2a: Iron Moth|Fiery Dance|p1a: Giratina\n|-resisted|p1a: Giratina\n|-damage|p1a: Giratina|77\/100\n|\n|-weather|none\n|upkeep\n|turn|7\n|\n|t:|1700268963\n|-end|p2a: Iron Moth|Quark Drive|[silent]\n|switch|p2a: Clodsire|Clodsire, F|100\/100\n|move|p1a: Giratina|Defog|p2a: Clodsire\n|-unboost|p2a: Clodsire|evasion|1\n|-sideend|p1: rectreemz|Sticky Web|[from] move: Defog|[of] p1a: Giratina\n|\n|upkeep\n|turn|8\n|\n|t:|1700268976\n|move|p1a: Giratina|Will-O-Wisp|p2a: Clodsire\n|-status|p2a: Clodsire|brn\n|move|p2a: Clodsire|Toxic|p1a: Giratina\n|-status|p1a: Giratina|tox\n|\n|-damage|p1a: Giratina|70\/100 tox|[from] psn\n|-damage|p2a: Clodsire|94\/100 brn|[from] brn\n|upkeep\n|turn|9\n|\n|t:|1700269000\n|switch|p1a: Gliscor|Gliscor, M|100\/100 tox\n|move|p2a: Clodsire|Protect||[still]\n|-fail|p2a: Clodsire\n|\n|-heal|p2a: Clodsire|100\/100 brn|[from] item: Leftovers\n|-damage|p2a: Clodsire|94\/100 brn|[from] brn\n|upkeep\n|turn|10\n|\n|t:|1700269015\n|switch|p2a: Alomomola|Alomomola, M|100\/100\n|move|p1a: Gliscor|Spikes|p2a: Alomomola\n|-sidestart|p2: shepg0d|Spikes\n|\n|upkeep\n|turn|11\n|\n|t:|1700269024\n|switch|p1a: Koraidon|Koraidon|100\/100\n|-weather|SunnyDay|[from] ability: Orichalcum Pulse|[of] p1a: Koraidon\n|-activate|p1a: Koraidon|Orichalcum Pulse|[source]\n|move|p2a: Alomomola|Scald|p1a: Koraidon\n|-resisted|p1a: Koraidon\n|-damage|p1a: Koraidon|97\/100\n|\n|-weather|SunnyDay|[upkeep]\n|upkeep\n|turn|12\n|inactive|shepg0d has 120 seconds left.\n|\n|t:|1700269055\n|switch|p2a: Dudunsparce|Dudunsparce-Three-Segment, M|100\/100\n|-damage|p2a: Dudunsparce|88\/100|[from] Spikes\n|move|p1a: Koraidon|U-turn|p2a: Dudunsparce\n|-damage|p2a: Dudunsparce|52\/100\n|\n|t:|1700269061\n|switch|p1a: Ogerpon|Ogerpon-Hearthflame, F|100\/100|[from] U-turn\n|-ability|p1a: Ogerpon|Mold Breaker\n|\n|-weather|SunnyDay|[upkeep]\n|-heal|p2a: Dudunsparce|58\/100|[from] item: Leftovers\n|upkeep\n|turn|13\n|inactive|shepg0d has 120 seconds left.\n|\n|t:|1700269074\n|switch|p2a: Iron Moth|Iron Moth|100\/100\n|-damage|p2a: Iron Moth|88\/100|[from] Spikes\n|-terastallize|p1a: Ogerpon|Fire\n|detailschange|p1a: Ogerpon|Ogerpon-Hearthflame-Tera, F, tera:Fire\n|-ability|p1a: Ogerpon|Embody Aspect (Hearthflame)|boost\n|-boost|p1a: Ogerpon|atk|1\n|move|p1a: Ogerpon|Ivy Cudgel|p2a: Iron Moth|[anim] Ivy Cudgel Fire\n|-resisted|p2a: Iron Moth\n|-damage|p2a: Iron Moth|0 fnt\n|faint|p2a: Iron Moth\n|-end|p2a: Iron Moth|Quark Drive|[silent]\n|\n|-weather|SunnyDay|[upkeep]\n|upkeep\n|inactive|shepg0d has 120 seconds left.\n|-message|shepg0d forfeited.\n|\n|win|rectreemz\n|raw|rectreemz's rating: 1000 &rarr; <strong>1051<\/strong><br \/>(+51 for winning)\n|raw|shepg0d's rating: 1101 &rarr; <strong>1069<\/strong><br \/>(-32 for losing)\n|l|\u2606shepg0d\n","uploadtime":1700269108,"views":6,"p1id":"rectreemz","p2id":"shepg0d","formatid":"gen9ubers","rating":1051,"private":0,"password":""}