{"id":"gen9ubers-1999341339","p1":"Iiesuu","p2":"JenovaVGC","format":"[Gen 9] Ubers","log":"|j|\u2606Iiesuu\n|j|\u2606JenovaVGC\n|t:|1701063199\n|gametype|singles\n|player|p1|Iiesuu|lucas|\n|player|p2|JenovaVGC|colress|\n|teamsize|p1|6\n|teamsize|p2|6\n|gen|9\n|tier|[Gen 9] Ubers\n|rule|Sleep Clause Mod: Limit one foe put to sleep\n|rule|Species Clause: Limit one of each Pok\u00e9mon\n|rule|OHKO Clause: OHKO moves are banned\n|rule|Evasion Items Clause: Evasion items are banned\n|rule|Evasion Moves Clause: Evasion moves are banned\n|rule|Endless Battle Clause: Forcing endless battles is banned\n|rule|HP Percentage Mod: HP is shown in percentages\n|clearpoke\n|poke|p1|Sableye, M|\n|poke|p1|Chi-Yu|\n|poke|p1|Eelektross, F|\n|poke|p1|Ninetales, M|\n|poke|p1|Leavanny, M|\n|poke|p1|Walking Wake|\n|poke|p2|Espathra, F|\n|poke|p2|Iron Hands|\n|poke|p2|Magcargo, F|\n|poke|p2|Ursaluna-Bloodmoon, M|\n|poke|p2|Dusclops, F|\n|poke|p2|Kingambit, F|\n|teampreview\n|inactive|Battle timer is ON: inactive players will automatically lose when time's up. (requested by JenovaVGC)\n|j| Gwljigglypuff\n|c|\u2606JenovaVGC|Gl hf\n|c|\u2606Iiesuu|timer\n|c|\u2606Iiesuu|good fun have luck\n|inactive|Iiesuu has 270 seconds left.\n|inactive|JenovaVGC has 270 seconds left.\n|inactiveoff|Battle timer is now OFF.\n|c|\u2606Iiesuu|actually no luck no fun trust\n|c|\u2606JenovaVGC|We shall see\n|j| Ewokpinguin25\n|c| Ewokpinguin25|Hi\n|c|\u2606JenovaVGC|Hello ewok\n|c|\u2606Iiesuu|we wanna start?\n|c| Ewokpinguin25|I want you to start \ud83e\udd76\n|\n|t:|1701063348\n|start\n|switch|p1a: Eelektross|Eelektross, F|100\/100\n|switch|p2a: Magcargo|Magcargo, F|100\/100\n|turn|1\n|\n|t:|1701063360\n|-terastallize|p2a: Magcargo|Grass\n|move|p2a: Magcargo|Shell Smash|p2a: Magcargo\n|-unboost|p2a: Magcargo|def|1\n|-unboost|p2a: Magcargo|spd|1\n|-boost|p2a: Magcargo|atk|2\n|-boost|p2a: Magcargo|spa|2\n|-boost|p2a: Magcargo|spe|2\n|-enditem|p2a: Magcargo|White Herb\n|-clearnegativeboost|p2a: Magcargo|[silent]\n|move|p1a: Eelektross|Volt Switch|p2a: Magcargo\n|-resisted|p2a: Magcargo\n|-damage|p2a: Magcargo|75\/100\n|\n|t:|1701063371\n|switch|p1a: Sableye|Sableye, M|100\/100|[from] Volt Switch\n|\n|upkeep\n|turn|2\n|\n|t:|1701063377\n|move|p1a: Sableye|Will-O-Wisp|p2a: Magcargo\n|-status|p2a: Magcargo|brn\n|move|p2a: Magcargo|Flamethrower|p1a: Sableye\n|-crit|p1a: Sableye\n|-damage|p1a: Sableye|0 fnt\n|faint|p1a: Sableye\n|\n|-damage|p2a: Magcargo|69\/100 brn|[from] brn\n|upkeep\n|c|\u2606Iiesuu|trust\n|c| Ewokpinguin25|Not very effective -> 25%\n|c| Gwljigglypuff|Ah yes the tera to bait a willo\n|c| Ewokpinguin25|BRO WTF YOU DOING\n|c| Gwljigglypuff|bravo jince\n|c| Ewokpinguin25|ITS SPECIAL\n|c|\u2606Iiesuu|nah it work trust\n|c| Ewokpinguin25|Fine\n|c| Ewokpinguin25|i trust\n|\n|t:|1701063427\n|switch|p1a: Ninetales|Ninetales, M|100\/100\n|-weather|SunnyDay|[from] ability: Drought|[of] p1a: Ninetales\n|turn|3\n|c|\u2606JenovaVGC|Bet ninetails has hex\n|\n|t:|1701063434\n|move|p1a: Ninetales|Fire Blast|p2a: Magcargo\n|-supereffective|p2a: Magcargo\n|-damage|p2a: Magcargo|0 fnt\n|faint|p2a: Magcargo\n|\n|-weather|SunnyDay|[upkeep]\n|upkeep\n|c|\u2606Iiesuu|and this will definitely work because fuck you\n|c|\u2606JenovaVGC|nope\n|c| Gwljigglypuff|Nope it was just awesome\n|\n|t:|1701063451\n|switch|p2a: Ursaluna|Ursaluna-Bloodmoon, M|100\/100\n|turn|4\n|c|\u2606Iiesuu|-August probably\n|c| Gwljigglypuff|Rng manip to make the blast hit mayhaps\n|\n|t:|1701063464\n|switch|p1a: Eelektross|Eelektross, F|100\/100\n|move|p2a: Ursaluna|Blood Moon|p1a: Eelektross\n|-damage|p1a: Eelektross|47\/100\n|\n|-weather|SunnyDay|[upkeep]\n|upkeep\n|turn|5\n|\n|t:|1701063476\n|move|p2a: Ursaluna|Calm Mind|p2a: Ursaluna\n|-boost|p2a: Ursaluna|spa|1\n|-boost|p2a: Ursaluna|spd|1\n|move|p1a: Eelektross|Giga Drain|p2a: Ursaluna\n|-supereffective|p2a: Ursaluna\n|-damage|p2a: Ursaluna|60\/100\n|-heal|p1a: Eelektross|71\/100|[from] drain|[of] p2a: Ursaluna\n|\n|-weather|SunnyDay|[upkeep]\n|-heal|p2a: Ursaluna|66\/100|[from] item: Leftovers\n|upkeep\n|turn|6\n|\n|t:|1701063482\n|move|p2a: Ursaluna|Blood Moon|p1a: Eelektross\n|-damage|p1a: Eelektross|0 fnt\n|faint|p1a: Eelektross\n|\n|-weather|SunnyDay|[upkeep]\n|-heal|p2a: Ursaluna|72\/100|[from] item: Leftovers\n|upkeep\n|c| Gwljigglypuff|Balanced pokemon btw\n|c| Gwljigglypuff|you should encore it\n|c|\u2606JenovaVGC|super balanced\n|\n|t:|1701063502\n|switch|p1a: Leavanny|Leavanny, M|100\/100\n|turn|7\n|c|\u2606Iiesuu|wait a sec\n|c| Gwljigglypuff|Jier look out the bug is right behind you!!1!\n|c| Gwljigglypuff|Waiting several secs\n|\n|t:|1701063576\n|move|p1a: Leavanny|Swords Dance|p1a: Leavanny\n|-boost|p1a: Leavanny|atk|2\n|move|p2a: Ursaluna|Moonlight|p2a: Ursaluna\n|-heal|p2a: Ursaluna|100\/100\n|\n|-weather|SunnyDay|[upkeep]\n|upkeep\n|turn|8\n|\n|t:|1701063589\n|switch|p2a: Kingambit|Kingambit, F|100\/100\n|-activate|p2a: Kingambit|ability: Supreme Overlord\n|-start|p2a: Kingambit|fallen1|[silent]\n|move|p1a: Leavanny|Leaf Blade|p2a: Kingambit\n|-resisted|p2a: Kingambit\n|-damage|p2a: Kingambit|64\/100\n|\n|-weather|SunnyDay|[upkeep]\n|upkeep\n|turn|9\n|\n|t:|1701063598\n|move|p1a: Leavanny|Low Kick|p2a: Kingambit\n|-supereffective|p2a: Kingambit\n|-damage|p2a: Kingambit|0 fnt\n|faint|p2a: Kingambit\n|-end|p2a: Kingambit|fallen1|[silent]\n|\n|-weather|SunnyDay|[upkeep]\n|upkeep\n|c| Gwljigglypuff|Hes straight twizzy fr\n|\n|t:|1701063605\n|switch|p2a: Dusclops|Dusclops, F|100\/100\n|-ability|p2a: Dusclops|Pressure\n|turn|10\n|c|\u2606Iiesuu|\"leavanny isnt a threat\"\n|\n|t:|1701063609\n|move|p1a: Leavanny|Knock Off|p2a: Dusclops\n|-supereffective|p2a: Dusclops\n|-damage|p2a: Dusclops|25\/100\n|-enditem|p2a: Dusclops|Eviolite|[from] move: Knock Off|[of] p1a: Leavanny\n|move|p2a: Dusclops|Will-O-Wisp|p1a: Leavanny\n|-status|p1a: Leavanny|brn\n|\n|-weather|none\n|-damage|p1a: Leavanny|94\/100 brn|[from] brn\n|upkeep\n|turn|11\n|\n|t:|1701063621\n|move|p1a: Leavanny|Knock Off|p2a: Dusclops\n|-supereffective|p2a: Dusclops\n|-crit|p2a: Dusclops\n|-damage|p2a: Dusclops|0 fnt\n|faint|p2a: Dusclops\n|\n|-damage|p1a: Leavanny|88\/100 brn|[from] brn\n|upkeep\n|\n|t:|1701063629\n|switch|p2a: Iron Hands|Iron Hands|100\/100\n|turn|12\n|c| Gwljigglypuff|Me when the +2 mon kills gambit with fighting move\n|\n|t:|1701063658\n|switch|p1a: Ninetales|Ninetales, M|100\/100\n|-weather|SunnyDay|[from] ability: Drought|[of] p1a: Ninetales\n|move|p2a: Iron Hands|Swords Dance|p2a: Iron Hands\n|-boost|p2a: Iron Hands|atk|2\n|\n|-weather|SunnyDay|[upkeep]\n|upkeep\n|turn|13\n|\n|t:|1701063663\n|move|p1a: Ninetales|Will-O-Wisp|p2a: Iron Hands\n|-status|p2a: Iron Hands|brn\n|move|p2a: Iron Hands|Drain Punch|p1a: Ninetales\n|-damage|p1a: Ninetales|51\/100\n|\n|-weather|SunnyDay|[upkeep]\n|-damage|p2a: Iron Hands|94\/100 brn|[from] brn\n|upkeep\n|turn|14\n|c| Gwljigglypuff|Norrrr\n|c| Gwljigglypuff|Oh\n|\n|t:|1701063670\n|move|p1a: Ninetales|Disable|p2a: Iron Hands\n|-start|p2a: Iron Hands|Disable|Drain Punch\n|move|p2a: Iron Hands|Swords Dance|p2a: Iron Hands\n|-boost|p2a: Iron Hands|atk|2\n|\n|-weather|SunnyDay|[upkeep]\n|-heal|p2a: Iron Hands|100\/100 brn|[from] item: Leftovers\n|-damage|p2a: Iron Hands|94\/100 brn|[from] brn\n|upkeep\n|turn|15\n|c| Gwljigglypuff|Norrrrr\n|c|\u2606JenovaVGC|let me cook\n|\n|t:|1701063693\n|move|p1a: Ninetales|Fire Blast|p2a: Iron Hands\n|-crit|p2a: Iron Hands\n|-damage|p2a: Iron Hands|43\/100 brn\n|move|p2a: Iron Hands|Thunder Punch|p1a: Ninetales\n|-damage|p1a: Ninetales|0 fnt\n|faint|p1a: Ninetales\n|\n|-weather|SunnyDay|[upkeep]\n|-heal|p2a: Iron Hands|49\/100 brn|[from] item: Leftovers\n|-damage|p2a: Iron Hands|43\/100 brn|[from] brn\n|upkeep\n|\n|t:|1701063702\n|switch|p1a: Chi-Yu|Chi-Yu|100\/100\n|-ability|p1a: Chi-Yu|Beads of Ruin\n|turn|16\n|\n|t:|1701063718\n|move|p1a: Chi-Yu|Fire Blast|p2a: Iron Hands\n|-damage|p2a: Iron Hands|0 fnt\n|faint|p2a: Iron Hands\n|-end|p2a: Iron Hands|Quark Drive|[silent]\n|\n|-weather|SunnyDay|[upkeep]\n|upkeep\n|\n|t:|1701063723\n|switch|p2a: Ursaluna|Ursaluna-Bloodmoon, M|100\/100\n|turn|17\n|c|\u2606JenovaVGC|nevermind\n|\n|t:|1701063744\n|move|p1a: Chi-Yu|Fire Blast|p2a: Ursaluna\n|-damage|p2a: Ursaluna|0 fnt\n|faint|p2a: Ursaluna\n|\n|-weather|SunnyDay|[upkeep]\n|upkeep\n|\n|t:|1701063748\n|switch|p2a: Espathra|Espathra, F|100\/100\n|turn|18\n|c|\u2606Iiesuu|and it works because fuck you -august probably\n|\n|t:|1701063757\n|move|p2a: Espathra|Protect|p2a: Espathra\n|-singleturn|p2a: Espathra|Protect\n|move|p1a: Chi-Yu|Light Screen|p1a: Chi-Yu\n|-sidestart|p1: Iiesuu|move: Light Screen\n|\n|-weather|SunnyDay|[upkeep]\n|-ability|p2a: Espathra|Speed Boost|boost\n|-boost|p2a: Espathra|spe|1\n|upkeep\n|turn|19\n|\n|t:|1701063763\n|move|p2a: Espathra|Dazzling Gleam|p1a: Chi-Yu\n|-damage|p1a: Chi-Yu|85\/100\n|move|p1a: Chi-Yu|Dark Pulse|p2a: Espathra\n|-supereffective|p2a: Espathra\n|-damage|p2a: Espathra|0 fnt\n|faint|p2a: Espathra\n|\n|win|Iiesuu\n|c| Gwljigglypuff|You needed to protect then sack\n|c|\u2606JenovaVGC|damn I threw\n|c| Gwljigglypuff|Oh dazzling nvm goobed\n|c|\u2606Iiesuu|lol\n|c|\u2606JenovaVGC|gg\n|c|\u2606JenovaVGC|gg\n|c| Ewokpinguin25|Dam i was yelling at him in vc again\n|c| Ewokpinguin25|for switching out encore for disable\n|c| Ewokpinguin25|but it was fine\n|c|\u2606JenovaVGC|first loss\n|c| Gwljigglypuff|The no encore was crazy\n|l| Gwljigglypuff\n|l|\u2606JenovaVGC\n","uploadtime":1701063838,"views":10,"p1id":"iiesuu","p2id":"jenovavgc","formatid":"gen9ubers","rating":0,"private":0,"password":""}