{"id":"gen9ubers-1995240689","p1":"superiax","p2":"AdamPadum","format":"[Gen 9] Ubers","log":"|j|\u2606superiax\n|j|\u2606AdamPadum\n|t:|1700538814\n|gametype|singles\n|player|p1|superiax|whitney|1159\n|player|p2|AdamPadum|volo-ginkgo|1136\n|teamsize|p1|6\n|teamsize|p2|6\n|gen|9\n|tier|[Gen 9] Ubers\n|rated|\n|rule|Sleep Clause Mod: Limit one foe put to sleep\n|rule|Species Clause: Limit one of each Pok\u00e9mon\n|rule|OHKO Clause: OHKO moves are banned\n|rule|Evasion Items Clause: Evasion items are banned\n|rule|Evasion Moves Clause: Evasion moves are banned\n|rule|Endless Battle Clause: Forcing endless battles is banned\n|rule|HP Percentage Mod: HP is shown in percentages\n|clearpoke\n|poke|p1|Chi-Yu|\n|poke|p1|Koraidon|\n|poke|p1|Zacian-*|\n|poke|p1|Groudon|\n|poke|p1|Arceus-Fairy|\n|poke|p1|Gliscor, M|\n|poke|p2|Koraidon|\n|poke|p2|Zacian-*|\n|poke|p2|Ogerpon-Hearthflame, F|\n|poke|p2|Ribombee, M|\n|poke|p2|Miraidon|\n|poke|p2|Arceus-Ghost|\n|teampreview\n|inactive|Battle timer is ON: inactive players will automatically lose when time's up. (requested by AdamPadum)\n|\n|t:|1700538830\n|start\n|switch|p1a: Groudon|Groudon|100\/100\n|switch|p2a: u lose|Ribombee, M, shiny|100\/100\n|-weather|SunnyDay|[from] ability: Drought|[of] p1a: Groudon\n|turn|1\n|\n|t:|1700538839\n|move|p2a: u lose|Sticky Web|p1a: Groudon\n|-sidestart|p1: superiax|move: Sticky Web\n|move|p1a: Groudon|Will-O-Wisp|p2a: u lose\n|-status|p2a: u lose|brn\n|\n|-weather|SunnyDay|[upkeep]\n|-damage|p2a: u lose|94\/100 brn|[from] brn\n|upkeep\n|turn|2\n|\n|t:|1700538845\n|move|p2a: u lose|Moonblast|p1a: Groudon\n|-damage|p1a: Groudon|74\/100\n|-unboost|p1a: Groudon|spa|1\n|move|p1a: Groudon|Spikes|p2a: u lose\n|-sidestart|p2: AdamPadum|Spikes\n|\n|-weather|SunnyDay|[upkeep]\n|-heal|p1a: Groudon|80\/100|[from] item: Leftovers\n|-damage|p2a: u lose|88\/100 brn|[from] brn\n|upkeep\n|turn|3\n|\n|t:|1700538860\n|switch|p2a: Why i still ubers?|Miraidon|100\/100\n|-damage|p2a: Why i still ubers?|88\/100|[from] Spikes\n|-fieldstart|move: Electric Terrain|[from] ability: Hadron Engine|[of] p2a: Why i still ubers?\n|move|p1a: Groudon|Spikes|p2a: Why i still ubers?\n|-sidestart|p2: AdamPadum|Spikes\n|\n|-weather|SunnyDay|[upkeep]\n|-heal|p1a: Groudon|86\/100|[from] item: Leftovers\n|upkeep\n|turn|4\n|\n|t:|1700538869\n|move|p1a: Groudon|Protect|p1a: Groudon\n|-singleturn|p1a: Groudon|Protect\n|move|p2a: Why i still ubers?|Draco Meteor|p1a: Groudon\n|-activate|p1a: Groudon|move: Protect\n|\n|-weather|SunnyDay|[upkeep]\n|-heal|p1a: Groudon|92\/100|[from] item: Leftovers\n|upkeep\n|turn|5\n|\n|t:|1700538878\n|-terastallize|p1a: Groudon|Fairy\n|move|p2a: Why i still ubers?|Draco Meteor|p1a: Groudon\n|-immune|p1a: Groudon\n|move|p1a: Groudon|Precipice Blades|p2a: Why i still ubers?|[miss]\n|-miss|p1a: Groudon|p2a: Why i still ubers?\n|\n|-weather|none\n|-heal|p1a: Groudon|99\/100|[from] item: Leftovers\n|upkeep\n|turn|6\n|\n|t:|1700538887\n|move|p2a: Why i still ubers?|Electro Drift|p1a: Groudon\n|-damage|p1a: Groudon|0 fnt\n|faint|p1a: Groudon\n|-damage|p2a: Why i still ubers?|78\/100|[from] item: Life Orb\n|\n|upkeep\n|\n|t:|1700538893\n|switch|p1a: Gliscor|Gliscor, M, shiny|100\/100\n|turn|7\n|\n|t:|1700538899\n|move|p2a: Why i still ubers?|Taunt|p1a: Gliscor\n|-start|p1a: Gliscor|move: Taunt\n|cant|p1a: Gliscor|move: Taunt|Toxic\n|\n|-fieldend|move: Electric Terrain\n|-status|p1a: Gliscor|tox|[from] item: Toxic Orb\n|upkeep\n|turn|8\n|\n|t:|1700538905\n|switch|p2a: rip gen 5 ubers|Arceus-Ghost, shiny|100\/100\n|-damage|p2a: rip gen 5 ubers|84\/100|[from] Spikes\n|move|p1a: Gliscor|Earthquake|p2a: rip gen 5 ubers\n|-damage|p2a: rip gen 5 ubers|61\/100\n|\n|upkeep\n|turn|9\n|\n|t:|1700538915\n|switch|p2a: Why i still ubers?|Miraidon|78\/100\n|-damage|p2a: Why i still ubers?|62\/100|[from] Spikes\n|-fieldstart|move: Electric Terrain|[from] ability: Hadron Engine|[of] p2a: Why i still ubers?\n|move|p1a: Gliscor|Earthquake|p2a: Why i still ubers?\n|-supereffective|p2a: Why i still ubers?\n|-damage|p2a: Why i still ubers?|0 fnt\n|faint|p2a: Why i still ubers?\n|\n|-end|p1a: Gliscor|move: Taunt\n|upkeep\n|\n|t:|1700538924\n|switch|p2a: What da dog doin|Zacian-Crowned, shiny|100\/100\n|-damage|p2a: What da dog doin|84\/100|[from] Spikes\n|-ability|p2a: What da dog doin|Intrepid Sword|boost\n|-boost|p2a: What da dog doin|atk|1\n|turn|10\n|\n|t:|1700538931\n|move|p2a: What da dog doin|Swords Dance|p2a: What da dog doin\n|-boost|p2a: What da dog doin|atk|2\n|move|p1a: Gliscor|Earthquake|p2a: What da dog doin\n|-supereffective|p2a: What da dog doin\n|-damage|p2a: What da dog doin|19\/100\n|\n|upkeep\n|turn|11\n|\n|t:|1700538938\n|move|p2a: What da dog doin|Play Rough|p1a: Gliscor\n|-damage|p1a: Gliscor|20\/100 tox\n|move|p1a: Gliscor|Earthquake|p2a: What da dog doin\n|-supereffective|p2a: What da dog doin\n|-damage|p2a: What da dog doin|0 fnt\n|faint|p2a: What da dog doin\n|\n|-heal|p1a: Gliscor|32\/100 tox|[from] ability: Poison Heal\n|upkeep\n|\n|t:|1700538943\n|switch|p2a: Ban Scale Shot|Koraidon|100\/100\n|-damage|p2a: Ban Scale Shot|84\/100|[from] Spikes\n|-weather|SunnyDay|[from] ability: Orichalcum Pulse|[of] p2a: Ban Scale Shot\n|-activate|p2a: Ban Scale Shot|Orichalcum Pulse|[source]\n|turn|12\n|\n|t:|1700538951\n|move|p2a: Ban Scale Shot|Flame Charge|p1a: Gliscor\n|-damage|p1a: Gliscor|8\/100 tox\n|-boost|p2a: Ban Scale Shot|spe|1\n|move|p1a: Gliscor|Toxic|p2a: Ban Scale Shot\n|-status|p2a: Ban Scale Shot|tox\n|\n|-weather|SunnyDay|[upkeep]\n|-damage|p2a: Ban Scale Shot|78\/100 tox|[from] psn\n|-heal|p1a: Gliscor|21\/100 tox|[from] ability: Poison Heal\n|upkeep\n|turn|13\n|-message|AdamPadum forfeited.\n|\n|win|superiax\n|raw|superiax's rating: 1159 &rarr; <strong>1182<\/strong><br \/>(+23 for winning)\n|raw|AdamPadum's rating: 1136 &rarr; <strong>1113<\/strong><br \/>(-23 for losing)\n|l|\u2606AdamPadum\n","uploadtime":1700538965,"views":1,"p1id":"superiax","p2id":"adampadum","formatid":"gen9ubers","rating":1113,"private":0,"password":""}