{"id":"gen9ubers-1969254223","p1":"KeshBa45","p2":"Always Edgy","format":"[Gen 9] Ubers","log":"|j|\u2606KeshBa45\n|j|\u2606Always Edgy\n|inactive|Battle timer is ON: inactive players will automatically lose when time's up.\n|t:|1697506500\n|gametype|singles\n|player|p1|KeshBa45|red|\n|player|p2|Always Edgy|kimonogirl|\n|teamsize|p1|6\n|teamsize|p2|6\n|gen|9\n|tier|[Gen 9] Ubers\n|rated|Tournament battle\n|rule|Sleep Clause Mod: Limit one foe put to sleep\n|rule|Species Clause: Limit one of each Pok\u00e9mon\n|rule|OHKO Clause: OHKO moves are banned\n|rule|Evasion Items Clause: Evasion items are banned\n|rule|Evasion Moves Clause: Evasion moves are banned\n|rule|Endless Battle Clause: Forcing endless battles is banned\n|rule|HP Percentage Mod: HP is shown in percentages\n|clearpoke\n|poke|p1|Gliscor, M|\n|poke|p1|Clodsire, F|\n|poke|p1|Skeledirge, F|\n|poke|p1|Dondozo, F|\n|poke|p1|Clefable, F|\n|poke|p1|Blissey, F|\n|poke|p2|Ribombee, M|\n|poke|p2|Arceus|\n|poke|p2|Zacian-*|\n|poke|p2|Eternatus|\n|poke|p2|Miraidon|\n|poke|p2|Koraidon|\n|teampreview\n|j|*Lady Monita \u263d\n|j| OreoSpeedruns\n|c|\u2606KeshBa45|glgl\n|c|\u2606Always Edgy|oh boy\n|c|\u2606KeshBa45|moments\n|j| wesh papillon\n|c|\u2606Always Edgy|tbh i dont think i can get past this\n|c|\u2606KeshBa45|me too\n|inactive|KeshBa45 has 120 seconds left.\n|inactive|Always Edgy has 120 seconds left.\n|\n|t:|1697506557\n|start\n|switch|p1a: Clefable|Clefable, F|100\/100\n|switch|p2a: Arceus|Arceus|100\/100\n|turn|1\n|\n|t:|1697506578\n|move|p2a: Arceus|Taunt|p1a: Clefable\n|-start|p1a: Clefable|move: Taunt\n|cant|p1a: Clefable|move: Taunt|Stealth Rock\n|\n|upkeep\n|turn|2\n|inactive|KeshBa45 has 120 seconds left.\n|\n|t:|1697506600\n|switch|p1a: Gliscor|Gliscor, M|100\/100\n|move|p2a: Arceus|Extreme Speed|p1a: Gliscor\n|-damage|p1a: Gliscor|56\/100\n|\n|-status|p1a: Gliscor|tox|[from] item: Toxic Orb\n|upkeep\n|turn|3\n|\n|t:|1697506619\n|move|p1a: Gliscor|Protect|p1a: Gliscor\n|-singleturn|p1a: Gliscor|Protect\n|move|p2a: Arceus|Taunt|p1a: Gliscor\n|-activate|p1a: Gliscor|move: Protect\n|\n|-heal|p1a: Gliscor|69\/100 tox|[from] ability: Poison Heal\n|upkeep\n|turn|4\n|\n|t:|1697506623\n|switch|p1a: Dondozo|Dondozo, F|100\/100\n|move|p2a: Arceus|Taunt|p1a: Dondozo\n|-start|p1a: Dondozo|move: Taunt\n|\n|upkeep\n|turn|5\n|c|\u2606KeshBa45|wtf espeed has like no pp\n|c|\u2606Always Edgy|would be kinga broken if it had more\n|inactive|Always Edgy has 120 seconds left.\n|c|\u2606Always Edgy|kinda*\n|\n|t:|1697506673\n|switch|p2a: Eternatus|Eternatus, shiny|100\/100\n|-ability|p2a: Eternatus|Pressure\n|move|p1a: Dondozo|Avalanche|p2a: Eternatus\n|-supereffective|p2a: Eternatus\n|-damage|p2a: Eternatus|77\/100\n|\n|upkeep\n|turn|6\n|\n|t:|1697506688\n|switch|p2a: Koraidon|Koraidon|100\/100\n|-weather|SunnyDay|[from] ability: Orichalcum Pulse|[of] p2a: Koraidon\n|-activate|p2a: Koraidon|Orichalcum Pulse|[source]\n|switch|p1a: Blissey|Blissey, F|100\/100\n|\n|-weather|SunnyDay|[upkeep]\n|upkeep\n|turn|7\n|inactive|KeshBa45 has 120 seconds left.\n|j| the zest of lie\n|inactive|KeshBa45 has 90 seconds left.\n|c| the zest of lie|hey I know that team\n|\n|t:|1697506742\n|switch|p1a: Clefable|Clefable, F|100\/100\n|move|p2a: Koraidon|Scale Shot|p1a: Clefable\n|-immune|p1a: Clefable\n|\n|-weather|SunnyDay|[upkeep]\n|upkeep\n|turn|8\n|raw|<div class=\"broadcast-red\"><strong>Moderated chat was set to +!<\/strong><br \/>Only users of rank + and higher can talk.<\/div>\n|inactive|KeshBa45 has 90 seconds left.\n|c|\u2606KeshBa45|mee too\n|c|\u2606KeshBa45|everyone spams it\n|inactive|Always Edgy has 90 seconds left.\n|\n|t:|1697506789\n|move|p2a: Koraidon|Flare Blitz|p1a: Clefable\n|-damage|p1a: Clefable|33\/100\n|-damage|p2a: Koraidon|75\/100|[from] Recoil\n|move|p1a: Clefable|Stealth Rock|p2a: Koraidon\n|-sidestart|p2: Always Edgy|move: Stealth Rock\n|\n|-weather|SunnyDay|[upkeep]\n|-heal|p1a: Clefable|39\/100|[from] item: Leftovers\n|upkeep\n|turn|9\n|\n|t:|1697506800\n|move|p1a: Clefable|Protect|p1a: Clefable\n|-singleturn|p1a: Clefable|Protect\n|move|p2a: Koraidon|Flare Blitz|p1a: Clefable\n|-activate|p1a: Clefable|move: Protect\n|\n|-weather|SunnyDay|[upkeep]\n|-heal|p1a: Clefable|45\/100|[from] item: Leftovers\n|upkeep\n|turn|10\n|\n|t:|1697506807\n|move|p2a: Koraidon|Flare Blitz|p1a: Clefable\n|-damage|p1a: Clefable|0 fnt\n|faint|p1a: Clefable\n|-damage|p2a: Koraidon|58\/100|[from] Recoil\n|\n|-weather|none\n|upkeep\n|\n|t:|1697506815\n|switch|p1a: Gliscor|Gliscor, M|69\/100 tox\n|turn|11\n|inactive|KeshBa45 has 90 seconds left.\n|\n|t:|1697506845\n|move|p2a: Koraidon|Taunt|p1a: Gliscor\n|-start|p1a: Gliscor|move: Taunt\n|cant|p1a: Gliscor|move: Taunt|Spikes\n|\n|-heal|p1a: Gliscor|81\/100 tox|[from] ability: Poison Heal\n|upkeep\n|turn|12\n|\n|t:|1697506860\n|switch|p1a: Dondozo|Dondozo, F|100\/100\n|move|p2a: Koraidon|Scale Shot|p1a: Dondozo\n|-damage|p1a: Dondozo|94\/100\n|-damage|p1a: Dondozo|87\/100\n|-damage|p1a: Dondozo|81\/100\n|-damage|p1a: Dondozo|75\/100\n|-hitcount|p1a: Dondozo|4\n|-unboost|p2a: Koraidon|def|1\n|-boost|p2a: Koraidon|spe|1\n|\n|upkeep\n|turn|13\n|\n|t:|1697506871\n|switch|p2a: Ribombee|Ribombee, M|100\/100\n|-damage|p2a: Ribombee|75\/100|[from] Stealth Rock\n|move|p1a: Dondozo|Avalanche|p2a: Ribombee\n|-damage|p2a: Ribombee|53\/100\n|\n|upkeep\n|turn|14\n|inactive|KeshBa45 has 60 seconds left.\n|\n|t:|1697506906\n|switch|p1a: Clodsire|Clodsire, F|100\/100\n|move|p2a: Ribombee|Moonblast|p1a: Clodsire\n|-resisted|p1a: Clodsire\n|-damage|p1a: Clodsire|92\/100\n|\n|upkeep\n|turn|15\n|\n|t:|1697506918\n|move|p2a: Ribombee|Stun Spore|p1a: Clodsire\n|-status|p1a: Clodsire|par\n|cant|p1a: Clodsire|par\n|\n|upkeep\n|turn|16\n|\n|t:|1697506925\n|move|p2a: Ribombee|Moonblast|p1a: Clodsire\n|-resisted|p1a: Clodsire\n|-damage|p1a: Clodsire|83\/100 par\n|cant|p1a: Clodsire|par\n|\n|upkeep\n|turn|17\n|inactive|KeshBa45 has 60 seconds left.\n|\n|t:|1697506951\n|move|p2a: Ribombee|Moonblast|p1a: Clodsire\n|-resisted|p1a: Clodsire\n|-damage|p1a: Clodsire|75\/100 par\n|cant|p1a: Clodsire|par\n|\n|upkeep\n|turn|18\n|\n|t:|1697506962\n|move|p2a: Ribombee|Moonblast|p1a: Clodsire\n|-resisted|p1a: Clodsire\n|-damage|p1a: Clodsire|66\/100 par\n|move|p1a: Clodsire|Earthquake|p2a: Ribombee\n|-resisted|p2a: Ribombee\n|-crit|p2a: Ribombee\n|-damage|p2a: Ribombee|20\/100\n|\n|upkeep\n|turn|19\n|\n|t:|1697506969\n|move|p2a: Ribombee|Moonblast|p1a: Clodsire\n|-resisted|p1a: Clodsire\n|-damage|p1a: Clodsire|58\/100 par\n|move|p1a: Clodsire|Recover|p1a: Clodsire\n|-heal|p1a: Clodsire|100\/100 par\n|\n|upkeep\n|turn|20\n|\n|t:|1697506977\n|move|p2a: Ribombee|Moonblast|p1a: Clodsire\n|-resisted|p1a: Clodsire\n|-damage|p1a: Clodsire|93\/100 par\n|cant|p1a: Clodsire|par\n|\n|upkeep\n|turn|21\n|inactive|KeshBa45 has 60 seconds left.\n|\n|t:|1697506998\n|move|p2a: Ribombee|Moonblast|p1a: Clodsire\n|-resisted|p1a: Clodsire\n|-damage|p1a: Clodsire|84\/100 par\n|-unboost|p1a: Clodsire|spa|1\n|move|p1a: Clodsire|Poison Jab|p2a: Ribombee\n|-supereffective|p2a: Ribombee\n|-damage|p2a: Ribombee|0 fnt\n|faint|p2a: Ribombee\n|\n|upkeep\n|\n|t:|1697507015\n|switch|p2a: Koraidon|Koraidon|58\/100\n|-damage|p2a: Koraidon|52\/100|[from] Stealth Rock\n|-weather|SunnyDay|[from] ability: Orichalcum Pulse|[of] p2a: Koraidon\n|-activate|p2a: Koraidon|Orichalcum Pulse|[source]\n|turn|22\n|inactive|KeshBa45 has 60 seconds left.\n|\n|t:|1697507053\n|switch|p1a: Dondozo|Dondozo, F|75\/100\n|move|p2a: Koraidon|Scale Shot|p1a: Dondozo\n|-damage|p1a: Dondozo|68\/100\n|-damage|p1a: Dondozo|59\/100\n|-damage|p1a: Dondozo|50\/100\n|-damage|p1a: Dondozo|42\/100\n|-damage|p1a: Dondozo|35\/100\n|-hitcount|p1a: Dondozo|5\n|-unboost|p2a: Koraidon|def|1\n|-boost|p2a: Koraidon|spe|1\n|\n|-weather|SunnyDay|[upkeep]\n|upkeep\n|turn|23\n|\n|t:|1697507064\n|move|p2a: Koraidon|Taunt|p1a: Dondozo\n|-start|p1a: Dondozo|move: Taunt\n|move|p1a: Dondozo|Avalanche|p2a: Koraidon\n|-supereffective|p2a: Koraidon\n|-damage|p2a: Koraidon|28\/100\n|\n|-weather|SunnyDay|[upkeep]\n|upkeep\n|turn|24\n|j|+Goro Yagami\n|\n|t:|1697507070\n|move|p2a: Koraidon|Scale Shot|p1a: Dondozo\n|-damage|p1a: Dondozo|26\/100\n|-damage|p1a: Dondozo|18\/100\n|-damage|p1a: Dondozo|10\/100\n|-damage|p1a: Dondozo|1\/100\n|-damage|p1a: Dondozo|0 fnt\n|faint|p1a: Dondozo\n|-hitcount|p1: Dondozo|5\n|-unboost|p2a: Koraidon|def|1\n|-boost|p2a: Koraidon|spe|1\n|\n|-weather|SunnyDay|[upkeep]\n|upkeep\n|c|+Goro Yagami|KeshBa45...\n|\n|t:|1697507081\n|switch|p1a: Skeledirge|Skeledirge, F|100\/100\n|turn|25\n|c|+Goro Yagami|what the fuck is your team\n|\n|t:|1697507086\n|move|p2a: Koraidon|Scale Shot|p1a: Skeledirge|[miss]\n|-miss|p2a: Koraidon|p1a: Skeledirge\n|move|p1a: Skeledirge|Hex|p2a: Koraidon\n|-damage|p2a: Koraidon|4\/100\n|\n|-weather|SunnyDay|[upkeep]\n|upkeep\n|turn|26\n|c|\u2606KeshBa45|somone game me\n|c|\u2606Always Edgy|oh boy\n|c|\u2606KeshBa45|mines better\n|c|\u2606Always Edgy|it was a 2hko prob\n|c|\u2606KeshBa45|i remember beating same comp with mine..\n|c|\u2606Always Edgy|but is mons\n|inactive|KeshBa45 has 30 seconds left.\n|\n|t:|1697507112\n|move|p2a: Koraidon|Scale Shot|p1a: Skeledirge\n|-damage|p1a: Skeledirge|89\/100\n|-damage|p1a: Skeledirge|79\/100\n|-damage|p1a: Skeledirge|67\/100\n|-damage|p1a: Skeledirge|56\/100\n|-hitcount|p1a: Skeledirge|4\n|-unboost|p2a: Koraidon|def|1\n|-boost|p2a: Koraidon|spe|1\n|move|p1a: Skeledirge|Torch Song|p2a: Koraidon\n|-resisted|p2a: Koraidon\n|-damage|p2a: Koraidon|0 fnt\n|-boost|p1a: Skeledirge|spa|1\n|faint|p2a: Koraidon\n|\n|-weather|none\n|upkeep\n|c|\u2606KeshBa45|!dt scale shot\n|raw|<ul class=\"utilichart\"><li class=\"result\"><span class=\"col movenamecol\"><a href=\"https:\/\/dex.pokemonshowdown.com\/moves\/scaleshot\">Scale Shot<\/a><\/span> <span class=\"col typecol\"><img src=\"\/\/play.pokemonshowdown.com\/sprites\/types\/Dragon.png\" alt=\"Dragon\" width=\"32\" height=\"14\"><img src=\"\/\/play.pokemonshowdown.com\/sprites\/categories\/Physical.png\" alt=\"Physical\" width=\"32\" height=\"14\"><\/span> <span class=\"col labelcol\"><em>Power<\/em><br>25<\/span> <span class=\"col widelabelcol\"><em>Accuracy<\/em><br>90%<\/span> <span class=\"col pplabelcol\"><em>PP<\/em><br>32<\/span> <span class=\"col movedesccol\">Hits 2-5 times. User: -1 Def, +1 Spe after last hit.<\/span> <\/li><li style=\"clear:both\"><\/li><\/ul>\n|raw|<font size=\"1\"><font color=\"#686868\">Priority:<\/font> 0&nbsp;|&ThickSpace;<font color=\"#686868\">Gen:<\/font> 8&nbsp;|&ThickSpace;<font color=\"#686868\">Z-Power:<\/font> 140&nbsp;|&ThickSpace;<font color=\"#686868\">Dynamax Power:<\/font> 130&nbsp;|&ThickSpace;<font color=\"#686868\">Target:<\/font> One Adjacent Pok\u00e9mon<\/font>\n\n|c|\u2606KeshBa45|thats too little\n|inactive|Always Edgy has 120 seconds left.\n|c|\u2606Always Edgy|5 hits 2x is a 2hko\n|c|\u2606KeshBa45|accuracy\n|inactive|Always Edgy has 90 seconds left.\n|\n|t:|1697507184\n|switch|p2a: Eternatus|Eternatus, shiny|77\/100\n|-damage|p2a: Eternatus|64\/100|[from] Stealth Rock\n|-ability|p2a: Eternatus|Pressure\n|turn|27\n|inactive|KeshBa45 has 30 seconds left.\n|\n|t:|1697507203\n|switch|p1a: Blissey|Blissey, F|100\/100\n|move|p2a: Eternatus|Dynamax Cannon|p1a: Blissey\n|-damage|p1a: Blissey|75\/100\n|-damage|p2a: Eternatus|55\/100|[from] item: Life Orb\n|\n|upkeep\n|turn|28\n|\n|t:|1697507210\n|move|p2a: Eternatus|Sludge Bomb|p1a: Blissey\n|-damage|p1a: Blissey|54\/100\n|-damage|p2a: Eternatus|45\/100|[from] item: Life Orb\n|move|p1a: Blissey|Seismic Toss|p2a: Eternatus\n|-damage|p2a: Eternatus|21\/100\n|\n|upkeep\n|turn|29\n|\n|t:|1697507216\n|move|p2a: Eternatus|Sludge Bomb|p1a: Blissey\n|-damage|p1a: Blissey|31\/100\n|-damage|p2a: Eternatus|11\/100|[from] item: Life Orb\n|move|p1a: Blissey|Soft-Boiled|p1a: Blissey\n|-heal|p1a: Blissey|81\/100\n|\n|upkeep\n|turn|30\n|inactive|KeshBa45 has 30 seconds left.\n|\n|t:|1697507250\n|move|p2a: Eternatus|Dynamax Cannon|p1a: Blissey\n|-damage|p1a: Blissey|57\/100\n|-damage|p2a: Eternatus|1\/100|[from] item: Life Orb\n|move|p1a: Blissey|Soft-Boiled|p1a: Blissey\n|-heal|p1a: Blissey|100\/100\n|\n|upkeep\n|turn|31\n|inactive|KeshBa45 has 30 seconds left.\n|\n|t:|1697507257\n|move|p2a: Eternatus|Sludge Bomb|p1a: Blissey\n|-damage|p1a: Blissey|79\/100\n|-damage|p2a: Eternatus|0 fnt|[from] item: Life Orb\n|faint|p2a: Eternatus\n|move|p1a: Blissey|Soft-Boiled|p1a: Blissey\n|-heal|p1a: Blissey|100\/100\n|\n|upkeep\n|inactive|Always Edgy has 90 seconds left.\n|\n|t:|1697507285\n|switch|p2a: Arceus|Arceus|100\/100\n|-damage|p2a: Arceus|88\/100|[from] Stealth Rock\n|turn|32\n|c|\u2606KeshBa45|shoulve had tspikes too\n|inactive|Always Edgy has 90 seconds left.\n|inactive|KeshBa45 has 30 seconds left.\n|inactive|KeshBa45 has 20 seconds left.\n|\n|t:|1697507315\n|switch|p1a: Gliscor|Gliscor, M|81\/100 tox\n|move|p2a: Arceus|Taunt|p1a: Gliscor\n|-start|p1a: Gliscor|move: Taunt\n|\n|-heal|p1a: Gliscor|94\/100 tox|[from] ability: Poison Heal\n|upkeep\n|turn|33\n|inactive|KeshBa45 has 30 seconds left this turn.\n|inactive|KeshBa45 has 20 seconds left.\n|inactive|KeshBa45 has 15 seconds left.\n|\n|t:|1697507330\n|switch|p1a: Skeledirge|Skeledirge, F|56\/100\n|move|p2a: Arceus|Swords Dance|p2a: Arceus\n|-boost|p2a: Arceus|atk|2\n|\n|upkeep\n|turn|34\n|inactive|KeshBa45 has 25 seconds left this turn.\n|inactive|KeshBa45 has 20 seconds left.\n|\n|t:|1697507339\n|move|p2a: Arceus|Taunt|p1a: Skeledirge\n|-start|p1a: Skeledirge|move: Taunt\n|move|p1a: Skeledirge|Torch Song|p2a: Arceus\n|-damage|p2a: Arceus|66\/100\n|-boost|p1a: Skeledirge|spa|1\n|\n|upkeep\n|turn|35\n|inactive|KeshBa45 has 30 seconds left this turn.\n|inactive|KeshBa45 has 20 seconds left.\n|inactive|KeshBa45 has 15 seconds left.\n|inactive|KeshBa45 has 10 seconds left.\n|\n|t:|1697507360\n|switch|p1a: Gliscor|Gliscor, M|94\/100 tox\n|move|p2a: Arceus|Shadow Claw|p1a: Gliscor\n|-crit|p1a: Gliscor\n|-damage|p1a: Gliscor|34\/100 tox\n|\n|-heal|p1a: Gliscor|47\/100 tox|[from] ability: Poison Heal\n|upkeep\n|turn|36\n|inactive|KeshBa45 has 20 seconds left this turn.\n|inactive|KeshBa45 has 15 seconds left.\n|\n|t:|1697507367\n|move|p1a: Gliscor|Protect|p1a: Gliscor\n|-singleturn|p1a: Gliscor|Protect\n|move|p2a: Arceus|Extreme Speed|p1a: Gliscor\n|-activate|p1a: Gliscor|move: Protect\n|\n|-heal|p1a: Gliscor|59\/100 tox|[from] ability: Poison Heal\n|upkeep\n|turn|37\n|inactive|KeshBa45 has 25 seconds left this turn.\n|inactive|KeshBa45 has 20 seconds left.\n|\n|t:|1697507376\n|move|p2a: Arceus|Extreme Speed|p1a: Gliscor\n|-damage|p1a: Gliscor|0 fnt\n|faint|p1a: Gliscor\n|\n|upkeep\n|inactive|KeshBa45 has 25 seconds left this turn.\n|\n|t:|1697507379\n|switch|p1a: Skeledirge|Skeledirge, F|56\/100\n|turn|38\n|\n|t:|1697507383\n|move|p2a: Arceus|Shadow Claw|p1a: Skeledirge\n|-supereffective|p1a: Skeledirge\n|-damage|p1a: Skeledirge|26\/100\n|move|p1a: Skeledirge|Will-O-Wisp|p2a: Arceus\n|-status|p2a: Arceus|brn\n|\n|-damage|p2a: Arceus|60\/100 brn|[from] brn\n|upkeep\n|turn|39\n|\n|t:|1697507389\n|switch|p1a: Blissey|Blissey, F|100\/100\n|move|p2a: Arceus|Taunt|p1a: Blissey\n|-start|p1a: Blissey|move: Taunt\n|\n|-damage|p2a: Arceus|54\/100 brn|[from] brn\n|upkeep\n|turn|40\n|\n|t:|1697507402\n|switch|p1a: Skeledirge|Skeledirge, F|26\/100\n|move|p2a: Arceus|Extreme Speed|p1a: Skeledirge\n|-immune|p1a: Skeledirge\n|\n|-damage|p2a: Arceus|48\/100 brn|[from] brn\n|upkeep\n|turn|41\n|\n|t:|1697507415\n|move|p2a: Arceus|Taunt|p1a: Skeledirge\n|-start|p1a: Skeledirge|move: Taunt\n|move|p1a: Skeledirge|Torch Song|p2a: Arceus\n|-damage|p2a: Arceus|26\/100 brn\n|-boost|p1a: Skeledirge|spa|1\n|\n|-damage|p2a: Arceus|20\/100 brn|[from] brn\n|upkeep\n|turn|42\n|\n|t:|1697507434\n|switch|p1a: Blissey|Blissey, F|100\/100\n|move|p2a: Arceus|Shadow Claw|p1a: Blissey\n|-immune|p1a: Blissey\n|\n|-damage|p2a: Arceus|14\/100 brn|[from] brn\n|upkeep\n|turn|43\n|\n|t:|1697507448\n|move|p2a: Arceus|Shadow Claw|p1a: Blissey\n|-immune|p1a: Blissey\n|move|p1a: Blissey|Seismic Toss|p2a: Arceus\n|-damage|p2a: Arceus|0 fnt\n|faint|p2a: Arceus\n|\n|upkeep\n|\n|t:|1697507455\n|switch|p2a: Miraidon|Miraidon|100\/100\n|-damage|p2a: Miraidon|88\/100|[from] Stealth Rock\n|-fieldstart|move: Electric Terrain|[from] ability: Hadron Engine|[of] p2a: Miraidon\n|turn|44\n|c|\u2606KeshBa45|peak pokemon\n|\n|t:|1697507464\n|move|p2a: Miraidon|Calm Mind|p2a: Miraidon\n|-boost|p2a: Miraidon|spa|1\n|-boost|p2a: Miraidon|spd|1\n|move|p1a: Blissey|Seismic Toss|p2a: Miraidon\n|-damage|p2a: Miraidon|59\/100\n|\n|upkeep\n|turn|45\n|\n|t:|1697507472\n|move|p2a: Miraidon|Draco Meteor|p1a: Blissey|[miss]\n|-miss|p2a: Miraidon|p1a: Blissey\n|move|p1a: Blissey|Calm Mind|p1a: Blissey\n|-boost|p1a: Blissey|spa|1\n|-boost|p1a: Blissey|spd|1\n|\n|upkeep\n|turn|46\n|\n|t:|1697507475\n|move|p2a: Miraidon|Taunt|p1a: Blissey\n|-start|p1a: Blissey|move: Taunt\n|move|p1a: Blissey|Seismic Toss|p2a: Miraidon\n|-damage|p2a: Miraidon|30\/100\n|\n|upkeep\n|turn|47\n|c|+Goro Yagami|degenerate playstyle wins\n|\n|t:|1697507477\n|move|p2a: Miraidon|Draco Meteor|p1a: Blissey\n|-damage|p1a: Blissey|66\/100\n|-unboost|p2a: Miraidon|spa|2\n|-damage|p2a: Miraidon|20\/100|[from] item: Life Orb\n|move|p1a: Blissey|Seismic Toss|p2a: Miraidon\n|-damage|p2a: Miraidon|0 fnt\n|faint|p2a: Miraidon\n|\n|upkeep\n|c|+Goro Yagami|\\o\/\n|c|\u2606KeshBa45|u know\n|\n|t:|1697507482\n|switch|p2a: Zacian|Zacian-Crowned|100\/100\n|-damage|p2a: Zacian|94\/100|[from] Stealth Rock\n|-ability|p2a: Zacian|Intrepid Sword|boost\n|-boost|p2a: Zacian|atk|1\n|turn|48\n|c|\u2606KeshBa45|theres a whole ass zacian there\n|c|\u2606KeshBa45|;\n|\n|t:|1697507499\n|move|p2a: Zacian|Behemoth Blade|p1a: Blissey\n|-damage|p1a: Blissey|0 fnt\n|faint|p1a: Blissey\n|\n|-fieldend|move: Electric Terrain\n|upkeep\n|c|+Goro Yagami|reverse psychology\n|\n|t:|1697507515\n|switch|p1a: Skeledirge|Skeledirge, F|26\/100\n|turn|49\n|c|\u2606KeshBa45|wild charge\n|c|\u2606KeshBa45|live with 1 hp\n|\n|t:|1697507550\n|move|p2a: Zacian|Behemoth Blade|p1a: Skeledirge\n|-resisted|p1a: Skeledirge\n|-damage|p1a: Skeledirge|9\/100\n|move|p1a: Skeledirge|Slack Off|p1a: Skeledirge\n|-heal|p1a: Skeledirge|59\/100\n|\n|upkeep\n|turn|50\n|c|\u2606KeshBa45|LOL\n|-message|Always Edgy forfeited.\n|\n|win|KeshBa45\n|n|\u2606KeshBa45|keshba45\n|n|\u2606Always Edgy|alwaysedgy\n|n|*Lady Monita \u263d|ladymonita\n|n|+Goro Yagami|goroyagami\n|l|*Lady Monita \u263d\n|l|\u2606Always Edgy\n","uploadtime":1697507561,"views":7,"p1id":"keshba45","p2id":"alwaysedgy","formatid":"gen9ubers","rating":0,"private":0,"password":""}