{"id":"gen9ubers-1981352146","p1":"Tarheel Tacticians","p2":"Gnarly Ari","format":"[Gen 9] Ubers","log":"|j|\u2606Tarheel Tacticians\n|j|\u2606Gnarly Ari\n|t:|1698886561\n|gametype|singles\n|player|p1|Tarheel Tacticians|102|\n|player|p2|Gnarly Ari|pokemonrangerf|\n|teamsize|p1|6\n|teamsize|p2|6\n|gen|9\n|tier|[Gen 9] Ubers\n|rule|Sleep Clause Mod: Limit one foe put to sleep\n|rule|Species Clause: Limit one of each Pok\u00e9mon\n|rule|OHKO Clause: OHKO moves are banned\n|rule|Evasion Items Clause: Evasion items are banned\n|rule|Evasion Moves Clause: Evasion moves are banned\n|rule|Endless Battle Clause: Forcing endless battles is banned\n|rule|HP Percentage Mod: HP is shown in percentages\n|clearpoke\n|poke|p1|Samurott-Hisui, M|\n|poke|p1|Gholdengo|\n|poke|p1|Goodra-Hisui, M|\n|poke|p1|Thundurus, M|\n|poke|p1|Braviary-Hisui, M|\n|poke|p1|Toedscruel, F|\n|poke|p2|Indeedee-F, F|\n|poke|p2|Iron Bundle|\n|poke|p2|Clefable, F|\n|poke|p2|Quaquaval, M|\n|poke|p2|Flamigo, M|\n|poke|p2|Gallade, M|\n|teampreview\n|\n|t:|1698886590\n|start\n|switch|p1a: Thundurus|Thundurus, M|100\/100\n|switch|p2a: Indeedee|Indeedee-F, F|100\/100\n|-fieldstart|move: Psychic Terrain|[from] ability: Psychic Surge|[of] p2a: Indeedee\n|turn|1\n|\n|t:|1698886614\n|move|p2a: Indeedee|Protect|p2a: Indeedee\n|-singleturn|p2a: Indeedee|Protect\n|move|p1a: Thundurus|Thunder Wave|p2a: Indeedee\n|-activate|p2a: Indeedee|move: Psychic Terrain\n|\n|upkeep\n|turn|2\n|\n|t:|1698886637\n|switch|p2a: Iron Bundle|Iron Bundle|100\/100\n|-enditem|p2a: Iron Bundle|Booster Energy\n|-activate|p2a: Iron Bundle|ability: Quark Drive|[fromitem]\n|-start|p2a: Iron Bundle|quarkdrivespe\n|move|p1a: Thundurus|Thunder Wave|p2a: Iron Bundle\n|-activate|p2a: Iron Bundle|move: Psychic Terrain\n|\n|upkeep\n|turn|3\n|\n|t:|1698886648\n|move|p2a: Iron Bundle|Freeze-Dry|p1a: Thundurus\n|-supereffective|p1a: Thundurus\n|-damage|p1a: Thundurus|21\/100\n|-enditem|p1a: Thundurus|Sitrus Berry|[eat]\n|-heal|p1a: Thundurus|46\/100|[from] item: Sitrus Berry\n|move|p1a: Thundurus|Thunderbolt|p2a: Iron Bundle\n|-supereffective|p2a: Iron Bundle\n|-damage|p2a: Iron Bundle|0 fnt\n|faint|p2a: Iron Bundle\n|-end|p2a: Iron Bundle|Quark Drive|[silent]\n|\n|upkeep\n|\n|t:|1698886671\n|switch|p2a: Flamigo|Flamigo, M|100\/100\n|turn|4\n|\n|t:|1698886680\n|move|p1a: Thundurus|Volt Switch|p2a: Flamigo\n|-supereffective|p2a: Flamigo\n|-damage|p2a: Flamigo|14\/100\n|\n|t:|1698886705\n|switch|p1a: Braviary|Braviary-Hisui, M|100\/100|[from] Volt Switch\n|move|p2a: Flamigo|Close Combat|p1a: Braviary\n|-resisted|p1a: Braviary\n|-damage|p1a: Braviary|75\/100\n|-unboost|p2a: Flamigo|def|1\n|-unboost|p2a: Flamigo|spd|1\n|\n|upkeep\n|turn|5\n|\n|t:|1698886715\n|move|p2a: Flamigo|Close Combat|p1a: Braviary\n|-resisted|p1a: Braviary\n|-damage|p1a: Braviary|48\/100\n|-unboost|p2a: Flamigo|def|1\n|-unboost|p2a: Flamigo|spd|1\n|move|p1a: Braviary|Esper Wing|p2a: Flamigo\n|-supereffective|p2a: Flamigo\n|-damage|p2a: Flamigo|0 fnt\n|-boost|p1a: Braviary|spe|1\n|faint|p2a: Flamigo\n|\n|-fieldend|move: Psychic Terrain\n|upkeep\n|\n|t:|1698886760\n|switch|p2a: Indeedee|Indeedee-F, F|100\/100\n|-fieldstart|move: Psychic Terrain|[from] ability: Psychic Surge|[of] p2a: Indeedee\n|turn|6\n|\n|t:|1698886778\n|move|p2a: Indeedee|Dazzling Gleam|p1a: Braviary\n|-damage|p1a: Braviary|30\/100\n|move|p1a: Braviary|Shadow Ball|p2a: Indeedee\n|-immune|p2a: Indeedee\n|\n|upkeep\n|turn|7\n|\n|t:|1698886787\n|move|p2a: Indeedee|Energy Ball|p1a: Braviary\n|-resisted|p1a: Braviary\n|-damage|p1a: Braviary|20\/100\n|-unboost|p1a: Braviary|spd|1\n|move|p1a: Braviary|U-turn|p2a: Indeedee\n|-supereffective|p2a: Indeedee\n|-damage|p2a: Indeedee|37\/100\n|-enditem|p2a: Indeedee|Eject Button\n|\n|t:|1698886803\n|switch|p2a: Clefable|Clefable, F|100\/100\n|\n|upkeep\n|turn|8\n|\n|t:|1698886818\n|move|p1a: Braviary|U-turn|p2a: Clefable\n|-resisted|p2a: Clefable\n|-damage|p2a: Clefable|78\/100\n|\n|t:|1698886824\n|switch|p1a: Goodra|Goodra-Hisui, M|100\/100|[from] U-turn\n|move|p2a: Clefable|Moonblast|p1a: Goodra\n|-damage|p1a: Goodra|79\/100\n|\n|upkeep\n|turn|9\n|\n|t:|1698886831\n|move|p2a: Clefable|Wish|p2a: Clefable\n|move|p1a: Goodra|Heavy Slam|p2a: Clefable\n|-supereffective|p2a: Clefable\n|-damage|p2a: Clefable|0 fnt\n|faint|p2a: Clefable\n|\n|upkeep\n|\n|t:|1698886839\n|switch|p2a: Indeedee|Indeedee-F, F|37\/100\n|turn|10\n|\n|t:|1698886847\n|switch|p1a: Samurott|Samurott-Hisui, M, shiny|100\/100\n|move|p2a: Indeedee|Drain Punch|p1a: Samurott\n|-supereffective|p1a: Samurott\n|-damage|p1a: Samurott|60\/100\n|-heal|p2a: Indeedee|60\/100|[from] drain|[of] p1a: Samurott\n|\n|-heal|p2a: Indeedee|100\/100|[from] move: Wish|[wisher] Clefable\n|-fieldend|move: Psychic Terrain\n|upkeep\n|turn|11\n|\n|t:|1698886860\n|move|p1a: Samurott|Ceaseless Edge|p2a: Indeedee\n|-supereffective|p2a: Indeedee\n|-damage|p2a: Indeedee|0 fnt\n|-sidestart|p2: Gnarly Ari|Spikes\n|faint|p2a: Indeedee\n|-damage|p1a: Samurott|50\/100|[from] item: Life Orb\n|\n|upkeep\n|\n|t:|1698886866\n|switch|p2a: Gallade|Gallade, M|100\/100\n|-damage|p2a: Gallade|88\/100|[from] Spikes\n|turn|12\n|\n|t:|1698886870\n|move|p1a: Samurott|Ceaseless Edge|p2a: Gallade\n|-damage|p2a: Gallade|3\/100\n|-sidestart|p2: Gnarly Ari|Spikes\n|-damage|p1a: Samurott|40\/100|[from] item: Life Orb\n|move|p2a: Gallade|Leaf Blade|p1a: Samurott\n|-supereffective|p1a: Samurott\n|-damage|p1a: Samurott|0 fnt\n|faint|p1a: Samurott\n|\n|-heal|p2a: Gallade|9\/100|[from] item: Leftovers\n|upkeep\n|\n|t:|1698886885\n|switch|p1a: Braviary|Braviary-Hisui, M|20\/100\n|turn|13\n|\n|t:|1698886890\n|move|p2a: Gallade|Drain Punch|p1a: Braviary\n|-resisted|p1a: Braviary\n|-damage|p1a: Braviary|8\/100\n|-heal|p2a: Gallade|16\/100|[from] drain|[of] p1a: Braviary\n|move|p1a: Braviary|Shadow Ball|p2a: Gallade\n|-supereffective|p2a: Gallade\n|-damage|p2a: Gallade|0 fnt\n|faint|p2a: Gallade\n|\n|upkeep\n|\n|t:|1698886899\n|switch|p2a: Quaquaval|Quaquaval, M|100\/100\n|turn|14\n|\n|t:|1698886913\n|move|p2a: Quaquaval|Hurricane|p1a: Braviary\n|-damage|p1a: Braviary|0 fnt\n|faint|p1a: Braviary\n|-ability|p2a: Quaquaval|Moxie|boost\n|-boost|p2a: Quaquaval|atk|1\n|\n|upkeep\n|\n|t:|1698886922\n|switch|p1a: Gholdengo|Gholdengo|100\/100\n|-item|p1a: Gholdengo|Air Balloon\n|turn|15\n|\n|t:|1698886945\n|move|p1a: Gholdengo|Nasty Plot|p1a: Gholdengo\n|-boost|p1a: Gholdengo|spa|2\n|move|p2a: Quaquaval|Hurricane|p1a: Gholdengo\n|-resisted|p1a: Gholdengo\n|-damage|p1a: Gholdengo|90\/100\n|-enditem|p1a: Gholdengo|Air Balloon\n|\n|upkeep\n|turn|16\n|\n|t:|1698886957\n|move|p1a: Gholdengo|Trick|p2a: Quaquaval\n|-activate|p1a: Gholdengo|move: Trick|[of] p2a: Quaquaval\n|-enditem|p2a: Quaquaval|Heavy-Duty Boots|[silent]|[from] move: Trick\n|-item|p1a: Gholdengo|Heavy-Duty Boots|[from] move: Trick\n|move|p2a: Quaquaval|Aqua Step|p1a: Gholdengo\n|-damage|p1a: Gholdengo|31\/100\n|-boost|p2a: Quaquaval|spe|1\n|\n|upkeep\n|turn|17\n|\n|t:|1698886965\n|move|p2a: Quaquaval|Aqua Step|p1a: Gholdengo\n|-damage|p1a: Gholdengo|0 fnt\n|-boost|p2a: Quaquaval|spe|1\n|faint|p1a: Gholdengo\n|-ability|p2a: Quaquaval|Moxie|boost\n|-boost|p2a: Quaquaval|atk|1\n|\n|upkeep\n|\n|t:|1698886972\n|switch|p1a: Thundurus|Thundurus, M|46\/100\n|turn|18\n|\n|t:|1698886979\n|move|p1a: Thundurus|Thunder Wave|p2a: Quaquaval\n|-status|p2a: Quaquaval|par\n|cant|p2a: Quaquaval|par\n|\n|upkeep\n|turn|19\n|\n|t:|1698886986\n|move|p1a: Thundurus|Thunderbolt|p2a: Quaquaval\n|-supereffective|p2a: Quaquaval\n|-damage|p2a: Quaquaval|10\/100 par\n|move|p2a: Quaquaval|Roost|p2a: Quaquaval\n|-heal|p2a: Quaquaval|60\/100 par\n|-singleturn|p2a: Quaquaval|move: Roost\n|\n|upkeep\n|turn|20\n|\n|t:|1698887000\n|move|p1a: Thundurus|Thunderbolt|p2a: Quaquaval\n|-supereffective|p2a: Quaquaval\n|-damage|p2a: Quaquaval|0 fnt\n|faint|p2a: Quaquaval\n|\n|win|Tarheel Tacticians\n","uploadtime":1698887007,"views":15,"p1id":"tarheeltacticians","p2id":"gnarlyari","formatid":"gen9ubers","rating":0,"private":0,"password":""}