{"id":"gen9ubers-1977861820","p1":"PinkScourge","p2":"ItsmeBlankKnight","format":"[Gen 9] Ubers","log":"|j|\u2606PinkScourge\n|j|\u2606ItsmeBlankKnight\n|t:|1698458729\n|gametype|singles\n|player|p1|PinkScourge|bede-leader|\n|player|p2|ItsmeBlankKnight|larry|\n|teamsize|p1|6\n|teamsize|p2|6\n|gen|9\n|tier|[Gen 9] Ubers\n|rule|Sleep Clause Mod: Limit one foe put to sleep\n|rule|Species Clause: Limit one of each Pok\u00e9mon\n|rule|OHKO Clause: OHKO moves are banned\n|rule|Evasion Items Clause: Evasion items are banned\n|rule|Evasion Moves Clause: Evasion moves are banned\n|rule|Endless Battle Clause: Forcing endless battles is banned\n|rule|HP Percentage Mod: HP is shown in percentages\n|clearpoke\n|poke|p1|Scream Tail|\n|poke|p1|Alomomola, F|\n|poke|p1|Arceus-Fire|\n|poke|p1|Zacian-*|\n|poke|p1|Amoonguss, F|\n|poke|p1|Weezing-Galar, F|\n|poke|p2|Chi-Yu|\n|poke|p2|Palafin, M|\n|poke|p2|Spectrier|\n|poke|p2|Zacian-*|\n|poke|p2|Arceus-Poison|\n|poke|p2|Masquerain, F|\n|teampreview\n|inactive|Battle timer is ON: inactive players will automatically lose when time's up. (requested by PinkScourge)\n|inactive|ItsmeBlankKnight also wants the timer to be on.\n|\n|t:|1698458739\n|start\n|switch|p1a: Arceus|Arceus-Fire|100\/100\n|switch|p2a: Chi-Yu|Chi-Yu|100\/100\n|-ability|p2a: Chi-Yu|Beads of Ruin\n|turn|1\n|\n|t:|1698458749\n|switch|p2a: Palafin|Palafin, M|100\/100\n|move|p1a: Arceus|Judgment|p2a: Palafin\n|-resisted|p2a: Palafin\n|-damage|p2a: Palafin|65\/100\n|\n|upkeep\n|turn|2\n|\n|t:|1698458759\n|detailschange|p2a: Palafin|Palafin-Hero, M\n|switch|p2a: Arceus|Arceus-Poison|100\/100\n|switch|p1a: Alomomola|Alomomola, F|100\/100\n|\n|upkeep\n|turn|3\n|\n|t:|1698458766\n|switch|p2a: Masquerain|Masquerain, F|100\/100\n|-ability|p2a: Masquerain|Intimidate|boost\n|-unboost|p1a: Alomomola|atk|1\n|move|p1a: Alomomola|Flip Turn|p2a: Masquerain\n|-damage|p2a: Masquerain|85\/100\n|\n|t:|1698458772\n|switch|p1a: Arceus|Arceus-Fire|100\/100|[from] Flip Turn\n|\n|upkeep\n|turn|4\n|inactive|ItsmeBlankKnight has 270 seconds left.\n|\n|t:|1698458814\n|switch|p2a: Palafin|Palafin-Hero, M|65\/100\n|-activate|p2a: Palafin|ability: Zero to Hero\n|move|p1a: Arceus|Judgment|p2a: Palafin\n|-resisted|p2a: Palafin\n|-damage|p2a: Palafin|37\/100\n|\n|upkeep\n|turn|5\n|\n|t:|1698458822\n|switch|p1a: Alomomola|Alomomola, F|100\/100\n|move|p2a: Palafin|Jet Punch|p1a: Alomomola\n|-resisted|p1a: Alomomola\n|-damage|p1a: Alomomola|83\/100\n|-damage|p2a: Palafin|21\/100|[from] item: Rocky Helmet|[of] p1a: Alomomola\n|-damage|p2a: Palafin|11\/100|[from] item: Life Orb\n|\n|upkeep\n|turn|6\n|inactive|ItsmeBlankKnight has 270 seconds left.\n|\n|t:|1698458828\n|switch|p2a: Zacian|Zacian|100\/100\n|-ability|p2a: Zacian|Intrepid Sword|boost\n|-boost|p2a: Zacian|atk|1\n|move|p1a: Alomomola|Flip Turn|p2a: Zacian\n|-damage|p2a: Zacian|84\/100\n|\n|t:|1698458839\n|switch|p1a: Arceus|Arceus-Fire|100\/100|[from] Flip Turn\n|\n|-heal|p2a: Zacian|91\/100|[from] item: Leftovers\n|upkeep\n|turn|7\n|\n|t:|1698458846\n|move|p2a: Zacian|Close Combat|p1a: Arceus\n|-damage|p1a: Arceus|59\/100\n|-unboost|p2a: Zacian|def|1\n|-unboost|p2a: Zacian|spd|1\n|move|p1a: Arceus|Will-O-Wisp|p2a: Zacian\n|-status|p2a: Zacian|brn\n|\n|-heal|p2a: Zacian|97\/100 brn|[from] item: Leftovers\n|-damage|p2a: Zacian|91\/100 brn|[from] brn\n|upkeep\n|turn|8\n|\n|t:|1698458852\n|move|p2a: Zacian|Swords Dance|p2a: Zacian\n|-boost|p2a: Zacian|atk|2\n|move|p1a: Arceus|Recover|p1a: Arceus\n|-heal|p1a: Arceus|100\/100\n|\n|-heal|p2a: Zacian|97\/100 brn|[from] item: Leftovers\n|-damage|p2a: Zacian|91\/100 brn|[from] brn\n|upkeep\n|turn|9\n|\n|t:|1698458859\n|switch|p1a: Weezing|Weezing-Galar, F, shiny|100\/100\n|-fieldstart|move: Misty Terrain|[from] ability: Misty Surge|[of] p1a: Weezing\n|move|p2a: Zacian|Swords Dance|p2a: Zacian\n|-boost|p2a: Zacian|atk|2\n|\n|-heal|p2a: Zacian|97\/100 brn|[from] item: Leftovers\n|-damage|p2a: Zacian|91\/100 brn|[from] brn\n|upkeep\n|turn|10\n|\n|t:|1698458869\n|move|p2a: Zacian|Crunch|p1a: Weezing\n|-resisted|p1a: Weezing\n|-damage|p1a: Weezing|87\/100\n|move|p1a: Weezing|Haze|p1a: Weezing\n|-clearallboost\n|\n|-heal|p2a: Zacian|97\/100 brn|[from] item: Leftovers\n|-damage|p2a: Zacian|91\/100 brn|[from] brn\n|upkeep\n|turn|11\n|\n|t:|1698458875\n|switch|p2a: Masquerain|Masquerain, F|85\/100\n|-ability|p2a: Masquerain|Intimidate|boost\n|-unboost|p1a: Weezing|atk|1\n|move|p1a: Weezing|Gunk Shot|p2a: Masquerain\n|-damage|p2a: Masquerain|45\/100\n|-status|p2a: Masquerain|psn\n|\n|-damage|p2a: Masquerain|33\/100 psn|[from] psn\n|upkeep\n|turn|12\n|\n|t:|1698458886\n|move|p2a: Masquerain|Sticky Web|p1a: Weezing\n|-sidestart|p1: PinkScourge|move: Sticky Web\n|move|p1a: Weezing|Strange Steam|p2a: Masquerain\n|-damage|p2a: Masquerain|4\/100 psn\n|\n|-damage|p2a: Masquerain|0 fnt|[from] psn\n|faint|p2a: Masquerain\n|upkeep\n|\n|t:|1698458891\n|switch|p2a: Chi-Yu|Chi-Yu|100\/100\n|-ability|p2a: Chi-Yu|Beads of Ruin\n|turn|13\n|\n|t:|1698458897\n|-terastallize|p2a: Chi-Yu|Fire\n|move|p2a: Chi-Yu|Flamethrower|p1a: Weezing\n|-damage|p1a: Weezing|0 fnt\n|faint|p1a: Weezing\n|\n|-fieldend|Misty Terrain\n|upkeep\n|\n|t:|1698458901\n|switch|p1a: Alomomola|Alomomola, F|100\/100\n|-activate|p1a: Alomomola|move: Sticky Web\n|-unboost|p1a: Alomomola|spe|1\n|turn|14\n|\n|t:|1698458906\n|switch|p2a: Zacian|Zacian|91\/100 brn\n|move|p1a: Alomomola|Mirror Coat||[still]\n|-fail|p1a: Alomomola\n|\n|-heal|p2a: Zacian|97\/100 brn|[from] item: Leftovers\n|-damage|p2a: Zacian|91\/100 brn|[from] brn\n|upkeep\n|turn|15\n|\n|t:|1698458909\n|move|p2a: Zacian|Play Rough|p1a: Alomomola\n|-damage|p1a: Alomomola|87\/100\n|-unboost|p1a: Alomomola|atk|1\n|-damage|p2a: Zacian|74\/100 brn|[from] item: Rocky Helmet|[of] p1a: Alomomola\n|move|p1a: Alomomola|Flip Turn|p2a: Zacian\n|-damage|p2a: Zacian|64\/100 brn\n|c|\u2606ItsmeBlankKnight|lol\n|c|\u2606ItsmeBlankKnight|u got a lot of ptsd\n|\n|t:|1698458922\n|switch|p1a: Arceus|Arceus-Fire|100\/100|[from] Flip Turn\n|-activate|p1a: Arceus|move: Sticky Web\n|-unboost|p1a: Arceus|spe|1\n|\n|-heal|p2a: Zacian|71\/100 brn|[from] item: Leftovers\n|-damage|p2a: Zacian|64\/100 brn|[from] brn\n|upkeep\n|turn|16\n|c|\u2606ItsmeBlankKnight|from it it seems\n|\n|t:|1698458931\n|switch|p2a: Arceus|Arceus-Poison|100\/100\n|move|p1a: Arceus|Judgment|p2a: Arceus\n|-damage|p2a: Arceus|68\/100\n|\n|upkeep\n|turn|17\n|\n|t:|1698458935\n|move|p2a: Arceus|Swords Dance|p2a: Arceus\n|-boost|p2a: Arceus|atk|2\n|move|p1a: Arceus|Will-O-Wisp|p2a: Arceus|[miss]\n|-miss|p1a: Arceus|p2a: Arceus\n|\n|upkeep\n|turn|18\n|c|\u2606ItsmeBlankKnight|rip\n|\n|t:|1698458941\n|move|p2a: Arceus|Earthquake|p1a: Arceus\n|-supereffective|p1a: Arceus\n|-damage|p1a: Arceus|0 fnt\n|faint|p1a: Arceus\n|\n|upkeep\n|\n|t:|1698458948\n|switch|p1a: Amoonguss|Amoonguss, F|100\/100\n|-activate|p1a: Amoonguss|move: Sticky Web\n|-unboost|p1a: Amoonguss|spe|1\n|turn|19\n|\n|t:|1698458952\n|move|p2a: Arceus|Gunk Shot|p1a: Amoonguss\n|-damage|p1a: Amoonguss|0 fnt\n|faint|p1a: Amoonguss\n|\n|upkeep\n|\n|t:|1698458961\n|switch|p1a: Alomomola|Alomomola, F|100\/100\n|-activate|p1a: Alomomola|move: Sticky Web\n|-unboost|p1a: Alomomola|spe|1\n|turn|20\n|\n|t:|1698458967\n|move|p2a: Arceus|Gunk Shot|p1a: Alomomola\n|-damage|p1a: Alomomola|0 fnt\n|faint|p1a: Alomomola\n|\n|upkeep\n|\n|t:|1698458974\n|switch|p1a: Zacian|Zacian|100\/100\n|-activate|p1a: Zacian|move: Sticky Web\n|-unboost|p1a: Zacian|spe|1\n|-ability|p1a: Zacian|Intrepid Sword|boost\n|-boost|p1a: Zacian|atk|1\n|turn|21\n|\n|t:|1698458980\n|move|p2a: Arceus|Gunk Shot|p1a: Zacian\n|-supereffective|p1a: Zacian\n|-damage|p1a: Zacian|0 fnt\n|faint|p1a: Zacian\n|\n|upkeep\n|c|\u2606PinkScourge|And GG\n|\n|t:|1698458984\n|switch|p1a: Scream Tail|Scream Tail|100\/100\n|-activate|p1a: Scream Tail|move: Sticky Web\n|-unboost|p1a: Scream Tail|spe|1\n|turn|22\n|c|\u2606ItsmeBlankKnight|gg\n|\n|t:|1698458990\n|move|p2a: Arceus|Gunk Shot|p1a: Scream Tail\n|-supereffective|p1a: Scream Tail\n|-damage|p1a: Scream Tail|0 fnt\n|faint|p1a: Scream Tail\n|-end|p1a: Scream Tail|Protosynthesis|[silent]\n|\n|win|ItsmeBlankKnight\n|l|\u2606PinkScourge\n|l|\u2606ItsmeBlankKnight\n|j|\u2606ItsmeBlankKnight\n|player|p2|ItsmeBlankKnight|larry\n","uploadtime":1698459002,"views":15,"p1id":"pinkscourge","p2id":"itsmeblankknight","formatid":"gen9ubers","rating":0,"private":0,"password":""}