{"id":"gen9ubers-1976168918","p1":"N-Zoroark stan","p2":"bodypresssoda","format":"[Gen 9] Ubers","log":"|j|\u2606N-Zoroark stan\n|j|\u2606bodypresssoda\n|t:|1698269898\n|gametype|singles\n|player|p1|N-Zoroark stan|riley|\n|player|p2|bodypresssoda|larry|\n|teamsize|p1|6\n|teamsize|p2|6\n|gen|9\n|tier|[Gen 9] Ubers\n|rule|Sleep Clause Mod: Limit one foe put to sleep\n|rule|Species Clause: Limit one of each Pok\u00e9mon\n|rule|OHKO Clause: OHKO moves are banned\n|rule|Evasion Items Clause: Evasion items are banned\n|rule|Evasion Moves Clause: Evasion moves are banned\n|rule|Endless Battle Clause: Forcing endless battles is banned\n|rule|HP Percentage Mod: HP is shown in percentages\n|clearpoke\n|poke|p1|Zoroark-Hisui, M|\n|poke|p1|Toedscruel, F|\n|poke|p1|Blissey, F|\n|poke|p1|Palafin, F|\n|poke|p1|Slowking-Galar, M|\n|poke|p1|Infernape, M|\n|poke|p2|Slither Wing|\n|poke|p2|Sandy Shocks|\n|poke|p2|Arcanine, M|\n|poke|p2|Koraidon|\n|poke|p2|Crawdaunt, M|\n|poke|p2|Decidueye-Hisui, M|\n|teampreview\n|inactive|Battle timer is ON: inactive players will automatically lose when time's up. (requested by N-Zoroark stan)\n|inactive|bodypresssoda also wants the timer to be on.\n|c|\u2606N-Zoroark stan|glhf\n|\n|t:|1698269918\n|start\n|switch|p1a: Blissey|Blissey, F|100\/100\n|switch|p2a: Decidueye|Decidueye-Hisui, M|100\/100\n|turn|1\n|j| AdamPadum\n|\n|t:|1698269926\n|move|p1a: Blissey|U-turn|p2a: Decidueye\n|-damage|p2a: Decidueye|74\/100\n|\n|t:|1698269928\n|switch|p1a: Slowking|Slowking-Galar, M|100\/100|[from] U-turn\n|move|p2a: Decidueye|Aura Sphere|p1a: Slowking\n|-resisted|p1a: Slowking\n|-damage|p1a: Slowking|94\/100\n|\n|upkeep\n|turn|2\n|\n|t:|1698269942\n|switch|p2a: Sandy Shocks|Sandy Shocks|100\/100\n|move|p1a: Slowking|Toxic|p2a: Sandy Shocks\n|-status|p2a: Sandy Shocks|tox\n|\n|-damage|p2a: Sandy Shocks|94\/100 tox|[from] psn\n|upkeep\n|turn|3\n|\n|t:|1698269954\n|switch|p1a: Toedscruel|Toedscruel, F|100\/100\n|move|p2a: Sandy Shocks|Body Slam|p1a: Toedscruel\n|-damage|p1a: Toedscruel|67\/100\n|\n|-damage|p2a: Sandy Shocks|82\/100 tox|[from] psn\n|upkeep\n|turn|4\n|l| AdamPadum\n|\n|t:|1698269960\n|move|p2a: Sandy Shocks|Body Slam|p1a: Toedscruel\n|-damage|p1a: Toedscruel|38\/100\n|move|p1a: Toedscruel|Leech Seed|p2a: Sandy Shocks\n|-start|p2a: Sandy Shocks|move: Leech Seed\n|\n|-damage|p2a: Sandy Shocks|70\/100 tox|[from] Leech Seed|[of] p1a: Toedscruel\n|-heal|p1a: Toedscruel|49\/100|[silent]\n|-damage|p2a: Sandy Shocks|52\/100 tox|[from] psn\n|upkeep\n|turn|5\n|\n|t:|1698269970\n|-end|p2a: Sandy Shocks|Protosynthesis|[silent]\n|switch|p2a: Decidueye|Decidueye-Hisui, M|74\/100\n|move|p1a: Toedscruel|Leech Seed|p2a: Decidueye\n|-immune|p2a: Decidueye\n|\n|upkeep\n|turn|6\n|\n|t:|1698269976\n|switch|p1a: Slowking|Slowking-Galar, M|100\/100\n|move|p2a: Decidueye|Leaf Storm|p1a: Slowking\n|-resisted|p1a: Slowking\n|-damage|p1a: Slowking|82\/100\n|-unboost|p2a: Decidueye|spa|2\n|-enditem|p2a: Decidueye|Eject Pack\n|\n|t:|1698269980\n|switch|p2a: Crawdaunt|Crawdaunt, M|100\/100\n|\n|upkeep\n|turn|7\n|c|\u2606N-Zoroark stan|cook\n|\n|t:|1698269984\n|switch|p1a: Blissey|Blissey, F|100\/100\n|move|p2a: Crawdaunt|Nasty Plot|p2a: Crawdaunt\n|-boost|p2a: Crawdaunt|spa|2\n|\n|upkeep\n|turn|8\n|\n|t:|1698269990\n|move|p1a: Blissey|Seismic Toss|p2a: Crawdaunt\n|-damage|p2a: Crawdaunt|70\/100\n|move|p2a: Crawdaunt|Dark Pulse|p1a: Blissey\n|-damage|p1a: Blissey|68\/100\n|\n|upkeep\n|turn|9\n|\n|t:|1698270001\n|move|p1a: Blissey|Seismic Toss|p2a: Crawdaunt\n|-damage|p2a: Crawdaunt|40\/100\n|move|p2a: Crawdaunt|Surf|p1a: Blissey\n|-damage|p1a: Blissey|25\/100\n|\n|upkeep\n|turn|10\n|\n|t:|1698270008\n|move|p1a: Blissey|Soft-Boiled|p1a: Blissey\n|-heal|p1a: Blissey|75\/100\n|move|p2a: Crawdaunt|Nasty Plot|p2a: Crawdaunt\n|-boost|p2a: Crawdaunt|spa|2\n|\n|upkeep\n|turn|11\n|\n|t:|1698270012\n|move|p1a: Blissey|Seismic Toss|p2a: Crawdaunt\n|-damage|p2a: Crawdaunt|10\/100\n|move|p2a: Crawdaunt|Surf|p1a: Blissey\n|-damage|p1a: Blissey|14\/100\n|\n|upkeep\n|turn|12\n|\n|t:|1698270021\n|move|p2a: Crawdaunt|Surf|p1a: Blissey\n|-damage|p1a: Blissey|0 fnt\n|faint|p1a: Blissey\n|\n|upkeep\n|c|\u2606bodypresssoda|oh it was a speed tie\n|c|\u2606N-Zoroark stan|it was a speed tie lmfao\n|\n|t:|1698270043\n|switch|p1a: Slowking|Slowking-Galar, M|100\/100\n|turn|13\n|\n|t:|1698270054\n|move|p1a: Slowking|U-turn|p2a: Crawdaunt\n|-supereffective|p2a: Crawdaunt\n|-damage|p2a: Crawdaunt|0 fnt\n|faint|p2a: Crawdaunt\n|\n|t:|1698270073\n|switch|p1a: Palafin|Palafin, F|100\/100|[from] U-turn\n|\n|upkeep\n|\n|t:|1698270087\n|switch|p2a: Koraidon|Koraidon|100\/100\n|-weather|SunnyDay|[from] ability: Orichalcum Pulse|[of] p2a: Koraidon\n|-activate|p2a: Koraidon|Orichalcum Pulse|[source]\n|turn|14\n|\n|t:|1698270094\n|detailschange|p1a: Palafin|Palafin-Hero, F\n|switch|p1a: Slowking|Slowking-Galar, M|100\/100\n|move|p2a: Koraidon|Mud Shot|p1a: Slowking\n|-supereffective|p1a: Slowking\n|-damage|p1a: Slowking|74\/100\n|-unboost|p1a: Slowking|spe|1\n|\n|-weather|SunnyDay|[upkeep]\n|upkeep\n|turn|15\n|\n|t:|1698270108\n|switch|p1a: Palafin|Palafin-Hero, F|100\/100\n|-activate|p1a: Palafin|ability: Zero to Hero\n|move|p2a: Koraidon|Mud Shot|p1a: Palafin\n|-damage|p1a: Palafin|83\/100\n|-unboost|p1a: Palafin|spe|1\n|\n|-weather|SunnyDay|[upkeep]\n|upkeep\n|turn|16\n|\n|t:|1698270122\n|-terastallize|p1a: Palafin|Normal\n|move|p2a: Koraidon|Draco Meteor|p1a: Palafin|[miss]\n|-miss|p2a: Koraidon|p1a: Palafin\n|move|p1a: Palafin|Boomburst|p2a: Koraidon\n|-damage|p2a: Koraidon|0 fnt\n|faint|p2a: Koraidon\n|\n|-weather|SunnyDay|[upkeep]\n|upkeep\n|c|\u2606bodypresssoda|nauuuuuuuuuur\n|c|\u2606N-Zoroark stan|skill and talent\n|\n|t:|1698270150\n|switch|p2a: Arcanine|Arcanine, M|100\/100\n|-ability|p2a: Arcanine|Intimidate|boost\n|-unboost|p1a: Palafin|atk|1\n|turn|17\n|\n|t:|1698270152\n|move|p2a: Arcanine|Fire Blast|p1a: Palafin\n|-damage|p1a: Palafin|0 fnt\n|faint|p1a: Palafin\n|\n|-weather|SunnyDay|[upkeep]\n|upkeep\n|\n|t:|1698270155\n|switch|p1a: Infernape|Infernape, M|100\/100\n|turn|18\n|\n|t:|1698270166\n|move|p1a: Infernape|Close Combat|p2a: Arcanine\n|-damage|p2a: Arcanine|29\/100\n|-unboost|p1a: Infernape|def|1\n|-unboost|p1a: Infernape|spd|1\n|move|p2a: Arcanine|Fire Blast|p1a: Infernape\n|-resisted|p1a: Infernape\n|-damage|p1a: Infernape|0 fnt\n|faint|p1a: Infernape\n|\n|-weather|none\n|upkeep\n|\n|t:|1698270171\n|switch|p1a: Slowking|Slowking-Galar, M|100\/100\n|turn|19\n|\n|t:|1698270178\n|switch|p2a: Sandy Shocks|Sandy Shocks|52\/100 tox\n|move|p1a: Slowking|Chilly Reception|p1a: Slowking\n|-weather|Snow\n|\n|t:|1698270182\n|switch|p1a: Slowking|Slowking-Galar, M|100\/100|[from] Chilly Reception\n|\n|-weather|Snow|[upkeep]\n|-damage|p2a: Sandy Shocks|46\/100 tox|[from] psn\n|upkeep\n|turn|20\n|\n|t:|1698270191\n|move|p1a: Slowking|Poltergeist|p2a: Sandy Shocks\n|-activate|p2a: Sandy Shocks|move: Poltergeist|Choice Band\n|-damage|p2a: Sandy Shocks|0 fnt\n|faint|p2a: Sandy Shocks\n|-end|p2a: Sandy Shocks|Protosynthesis|[silent]\n|\n|-weather|Snow|[upkeep]\n|upkeep\n|\n|t:|1698270195\n|switch|p2a: Decidueye|Decidueye-Hisui, M|74\/100\n|turn|21\n|\n|t:|1698270211\n|switch|p2a: Slither Wing|Slither Wing|100\/100\n|move|p1a: Slowking|Poltergeist|p2a: Slither Wing\n|-activate|p2a: Slither Wing|move: Poltergeist|Choice Specs\n|-crit|p2a: Slither Wing\n|-damage|p2a: Slither Wing|0 fnt\n|faint|p2a: Slither Wing\n|-end|p2a: Slither Wing|Protosynthesis|[silent]\n|\n|-weather|Snow|[upkeep]\n|upkeep\n|\n|t:|1698270217\n|switch|p2a: Decidueye|Decidueye-Hisui, M|74\/100\n|turn|22\n|\n|t:|1698270219\n|move|p1a: Slowking|Poltergeist||[still]\n|-fail|p1a: Slowking\n|move|p2a: Decidueye|Aura Sphere|p1a: Slowking\n|-supereffective|p1a: Slowking\n|-damage|p1a: Slowking|0 fnt\n|replace|p1a: Zoroark|Zoroark-Hisui, M, shiny\n|-end|p1a: Zoroark|Illusion\n|faint|p1a: Zoroark\n|\n|-weather|Snow|[upkeep]\n|upkeep\n|c|\u2606N-Zoroark stan|I may be stupid\n|c|\u2606bodypresssoda|nah you cooked\n|c|\u2606N-Zoroark stan|I forgot how poltergeist works :sob:\n|c|\u2606bodypresssoda|your stupidity cost me my slither wing\n|c|\u2606N-Zoroark stan|I read that slither switch trust\n|c|\u2606bodypresssoda|cuz I thought you knew\n|inactive|N-Zoroark stan has 270 seconds left.\n|c|\u2606bodypresssoda|:sob:\n|\n|t:|1698270257\n|switch|p1a: Slowking|Slowking-Galar, M|100\/100\n|turn|23\n|c|\u2606N-Zoroark stan|I mean slowking kinda just won anyways\n|\n|t:|1698270283\n|move|p2a: Decidueye|Synthesis|p2a: Decidueye\n|-heal|p2a: Decidueye|99\/100\n|move|p1a: Slowking|Toxic|p2a: Decidueye\n|-status|p2a: Decidueye|tox\n|\n|-weather|none\n|-damage|p2a: Decidueye|93\/100 tox|[from] psn\n|upkeep\n|turn|24\n|\n|t:|1698270295\n|switch|p2a: Arcanine|Arcanine, M|29\/100\n|-ability|p2a: Arcanine|Intimidate|boost\n|-unboost|p1a: Slowking|atk|1\n|move|p1a: Slowking|Chilly Reception|p1a: Slowking\n|-weather|Snow\n|\n|t:|1698270297\n|switch|p1a: Toedscruel|Toedscruel, F|49\/100|[from] Chilly Reception\n|\n|-weather|Snow|[upkeep]\n|upkeep\n|turn|25\n|\n|t:|1698270301\n|switch|p1a: Slowking|Slowking-Galar, M|100\/100\n|-terastallize|p2a: Arcanine|Ice\n|move|p2a: Arcanine|Tera Blast|p1a: Slowking|[anim] Tera Blast Ice\n|-damage|p1a: Slowking|71\/100\n|\n|-weather|Snow|[upkeep]\n|upkeep\n|turn|26\n|\n|t:|1698270308\n|move|p2a: Arcanine|Fire Blast|p1a: Slowking\n|-damage|p1a: Slowking|21\/100\n|move|p1a: Slowking|Slack Off|p1a: Slowking\n|-heal|p1a: Slowking|71\/100\n|\n|-weather|Snow|[upkeep]\n|upkeep\n|turn|27\n|c|\u2606bodypresssoda|crit\n|c|\u2606N-Zoroark stan|miss\n|\n|t:|1698270328\n|move|p2a: Arcanine|Tera Blast|p1a: Slowking|[anim] Tera Blast Ice\n|-damage|p1a: Slowking|41\/100\n|move|p1a: Slowking|Slack Off|p1a: Slowking\n|-heal|p1a: Slowking|91\/100\n|\n|-weather|Snow|[upkeep]\n|upkeep\n|turn|28\n|c|\u2606bodypresssoda|CRIT\n|\n|t:|1698270335\n|move|p2a: Arcanine|Fire Blast|p1a: Slowking\n|-damage|p1a: Slowking|38\/100\n|move|p1a: Slowking|Toxic|p2a: Arcanine\n|-status|p2a: Arcanine|tox\n|\n|-weather|none\n|-damage|p2a: Arcanine|22\/100 tox|[from] psn\n|upkeep\n|turn|29\n|\n|t:|1698270341\n|switch|p1a: Toedscruel|Toedscruel, F|49\/100\n|move|p2a: Arcanine|Fire Blast|p1a: Toedscruel\n|-supereffective|p1a: Toedscruel\n|-damage|p1a: Toedscruel|0 fnt\n|faint|p1a: Toedscruel\n|\n|-damage|p2a: Arcanine|10\/100 tox|[from] psn\n|upkeep\n|\n|t:|1698270343\n|switch|p1a: Slowking|Slowking-Galar, M|71\/100\n|turn|30\n|\n|t:|1698270346\n|move|p2a: Arcanine|Fire Blast|p1a: Slowking\n|-damage|p1a: Slowking|22\/100\n|move|p1a: Slowking|Slack Off|p1a: Slowking\n|-heal|p1a: Slowking|72\/100\n|\n|-damage|p2a: Arcanine|0 fnt|[from] psn\n|faint|p2a: Arcanine\n|upkeep\n|\n|t:|1698270350\n|switch|p2a: Decidueye|Decidueye-Hisui, M|93\/100 tox\n|turn|31\n|c|\u2606N-Zoroark stan|ggwp\n|\n|t:|1698270353\n|move|p2a: Decidueye|Leaf Storm|p1a: Slowking|[miss]\n|-miss|p2a: Decidueye|p1a: Slowking\n|move|p1a: Slowking|Slack Off|p1a: Slowking\n|-heal|p1a: Slowking|100\/100\n|\n|-damage|p2a: Decidueye|87\/100 tox|[from] psn\n|upkeep\n|turn|32\n|c|\u2606bodypresssoda|gg!\n|\n|t:|1698270360\n|move|p2a: Decidueye|Leaf Storm|p1a: Slowking|[miss]\n|-miss|p2a: Decidueye|p1a: Slowking\n|move|p1a: Slowking|Foul Play|p2a: Decidueye\n|-resisted|p2a: Decidueye\n|-damage|p2a: Decidueye|79\/100 tox\n|\n|-damage|p2a: Decidueye|67\/100 tox|[from] psn\n|upkeep\n|turn|33\n|c|\u2606bodypresssoda|breh\n|c|\u2606N-Zoroark stan|I'm so good at this game\n|\n|t:|1698270369\n|move|p2a: Decidueye|Leaf Storm|p1a: Slowking\n|-resisted|p1a: Slowking\n|-damage|p1a: Slowking|80\/100\n|-unboost|p2a: Decidueye|spa|2\n|move|p1a: Slowking|Foul Play|p2a: Decidueye\n|-resisted|p2a: Decidueye\n|-damage|p2a: Decidueye|59\/100 tox\n|\n|-damage|p2a: Decidueye|40\/100 tox|[from] psn\n|upkeep\n|turn|34\n|\n|t:|1698270373\n|move|p2a: Decidueye|Leaf Storm|p1a: Slowking\n|-resisted|p1a: Slowking\n|-damage|p1a: Slowking|70\/100\n|-unboost|p2a: Decidueye|spa|2\n|move|p1a: Slowking|Foul Play|p2a: Decidueye\n|-resisted|p2a: Decidueye\n|-damage|p2a: Decidueye|32\/100 tox\n|\n|-damage|p2a: Decidueye|8\/100 tox|[from] psn\n|upkeep\n|turn|35\n|\n|t:|1698270378\n|move|p2a: Decidueye|Synthesis|p2a: Decidueye\n|-heal|p2a: Decidueye|58\/100 tox\n|move|p1a: Slowking|Slack Off|p1a: Slowking\n|-heal|p1a: Slowking|100\/100\n|\n|-damage|p2a: Decidueye|27\/100 tox|[from] psn\n|upkeep\n|turn|36\n|\n|t:|1698270381\n|move|p2a: Decidueye|Synthesis|p2a: Decidueye\n|-heal|p2a: Decidueye|77\/100 tox\n|move|p1a: Slowking|Foul Play|p2a: Decidueye\n|-resisted|p2a: Decidueye\n|-damage|p2a: Decidueye|69\/100 tox\n|\n|-damage|p2a: Decidueye|33\/100 tox|[from] psn\n|upkeep\n|turn|37\n|c|\u2606bodypresssoda|hehe\n|\n|t:|1698270385\n|move|p2a: Decidueye|Synthesis|p2a: Decidueye\n|-heal|p2a: Decidueye|83\/100 tox\n|move|p1a: Slowking|Foul Play|p2a: Decidueye\n|-resisted|p2a: Decidueye\n|-damage|p2a: Decidueye|75\/100 tox\n|\n|-damage|p2a: Decidueye|33\/100 tox|[from] psn\n|upkeep\n|turn|38\n|c|\u2606N-Zoroark stan|I'm getting stalled in my favourite game\n|c|\u2606N-Zoroark stan|what do I do\n|\n|t:|1698270400\n|move|p2a: Decidueye|Synthesis|p2a: Decidueye\n|-heal|p2a: Decidueye|83\/100 tox\n|move|p1a: Slowking|Foul Play|p2a: Decidueye\n|-resisted|p2a: Decidueye\n|-damage|p2a: Decidueye|75\/100 tox\n|\n|-damage|p2a: Decidueye|27\/100 tox|[from] psn\n|upkeep\n|turn|39\n|c|\u2606bodypresssoda|u forfeit simple\n|\n|t:|1698270408\n|move|p2a: Decidueye|Synthesis|p2a: Decidueye\n|-heal|p2a: Decidueye|77\/100 tox\n|move|p1a: Slowking|Foul Play|p2a: Decidueye\n|-resisted|p2a: Decidueye\n|-damage|p2a: Decidueye|68\/100 tox\n|\n|-damage|p2a: Decidueye|13\/100 tox|[from] psn\n|upkeep\n|turn|40\n|c|\u2606N-Zoroark stan|I could...\n|\n|t:|1698270420\n|move|p2a: Decidueye|Synthesis|p2a: Decidueye\n|-heal|p2a: Decidueye|63\/100 tox\n|move|p1a: Slowking|Foul Play|p2a: Decidueye\n|-resisted|p2a: Decidueye\n|-damage|p2a: Decidueye|55\/100 tox\n|\n|-damage|p2a: Decidueye|0 fnt|[from] psn\n|faint|p2a: Decidueye\n|\n|win|N-Zoroark stan\n|upkeep\n|c|\u2606bodypresssoda|GAH\n|c|\u2606N-Zoroark stan|gg\n|c|\u2606bodypresssoda|gg\n|l|\u2606bodypresssoda\n","uploadtime":1698270431,"views":22,"p1id":"nzoroarkstan","p2id":"bodypresssoda","formatid":"gen9ubers","rating":0,"private":0,"password":""}