{"id":"gen9ubers-1975775352","p1":"kev64","p2":"Venomoth-Shiny","format":"[Gen 9] Ubers","log":"|j|\u2606kev64\n|j|\u2606Venomoth-Shiny\n|t:|1698236717\n|gametype|singles\n|player|p1|kev64|ethan|1362\n|player|p2|Venomoth-Shiny|265|1338\n|teamsize|p1|6\n|teamsize|p2|6\n|gen|9\n|tier|[Gen 9] Ubers\n|rated|\n|rule|Sleep Clause Mod: Limit one foe put to sleep\n|rule|Species Clause: Limit one of each Pok\u00e9mon\n|rule|OHKO Clause: OHKO moves are banned\n|rule|Evasion Items Clause: Evasion items are banned\n|rule|Evasion Moves Clause: Evasion moves are banned\n|rule|Endless Battle Clause: Forcing endless battles is banned\n|rule|HP Percentage Mod: HP is shown in percentages\n|clearpoke\n|poke|p1|Annihilape, M|\n|poke|p1|Glimmora, M|\n|poke|p1|Zacian-*|\n|poke|p1|Chi-Yu|\n|poke|p1|Koraidon|\n|poke|p1|Gliscor, M|\n|poke|p2|Zacian-*|\n|poke|p2|Arceus|\n|poke|p2|Eternatus|\n|poke|p2|Koraidon|\n|poke|p2|Miraidon|\n|poke|p2|Giratina-Origin|\n|teampreview\n|inactive|Battle timer is ON: inactive players will automatically lose when time's up. (requested by Venomoth-Shiny)\n|inactive|kev64 also wants the timer to be on.\n|\n|t:|1698236731\n|start\n|switch|p1a: Chi-Yu|Chi-Yu|100\/100\n|switch|p2a: Giratina|Giratina-Origin|100\/100\n|-ability|p1a: Chi-Yu|Beads of Ruin\n|turn|1\n|inactive|kev64 has 120 seconds left.\n|\n|t:|1698236768\n|-terastallize|p2a: Giratina|Steel\n|move|p1a: Chi-Yu|Dark Pulse|p2a: Giratina\n|-damage|p2a: Giratina|40\/100\n|move|p2a: Giratina|Dragon Tail|p1a: Chi-Yu\n|-damage|p1a: Chi-Yu|46\/100\n|drag|p1a: Zacian|Zacian-Crowned|100\/100\n|-ability|p1a: Zacian|Intrepid Sword|boost\n|-boost|p1a: Zacian|atk|1\n|\n|upkeep\n|turn|2\n|inactive|kev64 has 120 seconds left.\n|inactive|Venomoth-Shiny has 120 seconds left.\n|\n|t:|1698236798\n|move|p1a: Zacian|Wild Charge|p2a: Giratina\n|-damage|p2a: Giratina|7\/100\n|-damage|p1a: Zacian|88\/100|[from] Recoil\n|move|p2a: Giratina|Will-O-Wisp|p1a: Zacian\n|-status|p1a: Zacian|brn\n|\n|-damage|p1a: Zacian|82\/100 brn|[from] brn\n|upkeep\n|turn|3\n|\n|t:|1698236807\n|move|p1a: Zacian|Swords Dance|p1a: Zacian\n|-boost|p1a: Zacian|atk|2\n|move|p2a: Giratina|Earthquake|p1a: Zacian\n|-supereffective|p1a: Zacian\n|-damage|p1a: Zacian|28\/100 brn\n|\n|-damage|p1a: Zacian|21\/100 brn|[from] brn\n|upkeep\n|turn|4\n|\n|t:|1698236816\n|move|p1a: Zacian|Behemoth Blade|p2a: Giratina\n|-resisted|p2a: Giratina\n|-crit|p2a: Giratina\n|-damage|p2a: Giratina|0 fnt\n|faint|p2a: Giratina\n|\n|-damage|p1a: Zacian|15\/100 brn|[from] brn\n|upkeep\n|\n|t:|1698236821\n|switch|p2a: Arceus|Arceus|100\/100\n|turn|5\n|\n|t:|1698236824\n|move|p2a: Arceus|Extreme Speed|p1a: Zacian\n|-resisted|p1a: Zacian\n|-damage|p1a: Zacian|0 fnt\n|faint|p1a: Zacian\n|\n|upkeep\n|\n|t:|1698236828\n|switch|p1a: Koraidon|Koraidon|100\/100\n|-weather|SunnyDay|[from] ability: Orichalcum Pulse|[of] p1a: Koraidon\n|-activate|p1a: Koraidon|Orichalcum Pulse|[source]\n|turn|6\n|\n|t:|1698236835\n|switch|p2a: Eternatus|Eternatus|100\/100\n|-ability|p2a: Eternatus|Pressure\n|move|p1a: Koraidon|U-turn|p2a: Eternatus\n|-resisted|p2a: Eternatus\n|-damage|p2a: Eternatus|88\/100\n|\n|t:|1698236838\n|switch|p1a: Gliscor|Gliscor, M|100\/100|[from] U-turn\n|\n|-weather|SunnyDay|[upkeep]\n|-heal|p2a: Eternatus|94\/100|[from] item: Leftovers\n|-status|p1a: Gliscor|tox|[from] item: Toxic Orb\n|upkeep\n|turn|7\n|\n|t:|1698236845\n|move|p2a: Eternatus|Flamethrower|p1a: Gliscor\n|-damage|p1a: Gliscor|51\/100 tox\n|move|p1a: Gliscor|Spikes|p2a: Eternatus\n|-sidestart|p2: Venomoth-Shiny|Spikes\n|\n|-weather|SunnyDay|[upkeep]\n|-heal|p2a: Eternatus|99\/100|[from] item: Leftovers\n|-heal|p1a: Gliscor|63\/100 tox|[from] ability: Poison Heal\n|upkeep\n|turn|8\n|\n|t:|1698236860\n|switch|p2a: Arceus|Arceus|100\/100\n|-damage|p2a: Arceus|88\/100|[from] Spikes\n|switch|p1a: Annihilape|Annihilape, M|100\/100\n|\n|-weather|SunnyDay|[upkeep]\n|upkeep\n|turn|9\n|\n|t:|1698236868\n|move|p2a: Arceus|Swords Dance|p2a: Arceus\n|-boost|p2a: Arceus|atk|2\n|move|p1a: Annihilape|Bulk Up|p1a: Annihilape\n|-boost|p1a: Annihilape|atk|1\n|-boost|p1a: Annihilape|def|1\n|\n|-weather|SunnyDay|[upkeep]\n|upkeep\n|turn|10\n|\n|t:|1698236876\n|move|p2a: Arceus|Shadow Claw|p1a: Annihilape\n|-supereffective|p1a: Annihilape\n|-damage|p1a: Annihilape|35\/100\n|move|p1a: Annihilape|Drain Punch|p2a: Arceus\n|-supereffective|p2a: Arceus\n|-damage|p2a: Arceus|33\/100\n|-heal|p1a: Annihilape|65\/100|[from] drain|[of] p2a: Arceus\n|\n|-weather|none\n|-heal|p1a: Annihilape|72\/100|[from] item: Leftovers\n|upkeep\n|turn|11\n|\n|t:|1698236889\n|move|p2a: Arceus|Shadow Claw|p1a: Annihilape\n|-supereffective|p1a: Annihilape\n|-damage|p1a: Annihilape|0 fnt\n|faint|p1a: Annihilape\n|\n|upkeep\n|\n|t:|1698236900\n|switch|p1a: Koraidon|Koraidon|100\/100\n|-weather|SunnyDay|[from] ability: Orichalcum Pulse|[of] p1a: Koraidon\n|-activate|p1a: Koraidon|Orichalcum Pulse|[source]\n|turn|12\n|\n|t:|1698236907\n|move|p2a: Arceus|Extreme Speed|p1a: Koraidon\n|-crit|p1a: Koraidon\n|-damage|p1a: Koraidon|0 fnt\n|faint|p1a: Koraidon\n|\n|-weather|SunnyDay|[upkeep]\n|upkeep\n|\n|t:|1698236911\n|switch|p1a: Glimmora|Glimmora, M|100\/100\n|turn|13\n|\n|t:|1698236916\n|move|p2a: Arceus|Extreme Speed|p1a: Glimmora\n|-resisted|p1a: Glimmora\n|-crit|p1a: Glimmora\n|-damage|p1a: Glimmora|12\/100\n|-activate|p1a: Glimmora|ability: Toxic Debris\n|-sidestart|p2: Venomoth-Shiny|move: Toxic Spikes\n|move|p1a: Glimmora|Power Gem|p2a: Arceus\n|-damage|p2a: Arceus|6\/100\n|\n|-weather|SunnyDay|[upkeep]\n|upkeep\n|turn|14\n|\n|t:|1698236923\n|move|p2a: Arceus|Extreme Speed|p1a: Glimmora\n|-resisted|p1a: Glimmora\n|-damage|p1a: Glimmora|0 fnt\n|-activate|p1a: Glimmora|ability: Toxic Debris\n|-sidestart|p2: Venomoth-Shiny|move: Toxic Spikes\n|faint|p1a: Glimmora\n|\n|-weather|SunnyDay|[upkeep]\n|upkeep\n|c|\u2606kev64|arceus is so fucknig retrded\n|\n|t:|1698236936\n|switch|p1a: Gliscor|Gliscor, M|63\/100 tox\n|turn|15\n|\n|t:|1698236940\n|move|p2a: Arceus|Extreme Speed|p1a: Gliscor\n|-damage|p1a: Gliscor|0 fnt\n|faint|p1a: Gliscor\n|\n|-weather|SunnyDay|[upkeep]\n|upkeep\n|\n|t:|1698236943\n|switch|p1a: Chi-Yu|Chi-Yu|46\/100\n|-ability|p1a: Chi-Yu|Beads of Ruin\n|turn|16\n|\n|t:|1698236950\n|move|p2a: Arceus|Extreme Speed|p1a: Chi-Yu\n|-damage|p1a: Chi-Yu|0 fnt\n|faint|p1a: Chi-Yu\n|\n|win|Venomoth-Shiny\n|raw|kev64's rating: 1362 &rarr; <strong>1341<\/strong><br \/>(-21 for losing)\n|raw|Venomoth-Shiny's rating: 1338 &rarr; <strong>1359<\/strong><br \/>(+21 for winning)\n","uploadtime":1698236935,"views":6,"p1id":"kev64","p2id":"venomothshiny","formatid":"gen9ubers","rating":1341,"private":0,"password":""}