{"id":"gen9ubers-1972560891","p1":"BLACK METAL 3","p2":"Squirshawott","format":"[Gen 9] Ubers","log":"|j|\u2606BLACK METAL 3\n|j|\u2606Squirshawott\n|t:|1697857214\n|gametype|singles\n|player|p1|BLACK METAL 3|clerk|\n|player|p2|Squirshawott|hilbert-wonderlauncher|\n|teamsize|p1|6\n|teamsize|p2|6\n|gen|9\n|tier|[Gen 9] Ubers\n|rule|Sleep Clause Mod: Limit one foe put to sleep\n|rule|Species Clause: Limit one of each Pok\u00e9mon\n|rule|OHKO Clause: OHKO moves are banned\n|rule|Evasion Items Clause: Evasion items are banned\n|rule|Evasion Moves Clause: Evasion moves are banned\n|rule|Endless Battle Clause: Forcing endless battles is banned\n|rule|HP Percentage Mod: HP is shown in percentages\n|clearpoke\n|poke|p1|Espathra, M|\n|poke|p1|Garganacl, M|\n|poke|p1|Dragapult, F|\n|poke|p1|Rotom-Heat|\n|poke|p1|Maushold|\n|poke|p1|Azumarill, F|\n|poke|p2|Dachsbun, M|\n|poke|p2|Arboliva, M|\n|poke|p2|Samurott-Hisui, F|\n|poke|p2|Tinkaton, F|\n|poke|p2|Meowscarada, M|\n|poke|p2|Greninja-*, M|\n|teampreview\n|j| pkpowers310\n|j| Astyr.Pygos\n|\n|t:|1697857292\n|start\n|switch|p1a: me & my wife & kid|Maushold|100\/100\n|switch|p2a: Greninja|Greninja, M|100\/100\n|turn|1\n|\n|t:|1697857342\n|-terastallize|p1a: me & my wife & kid|Fairy\n|move|p2a: Greninja|Surf|p1a: me & my wife & kid\n|-damage|p1a: me & my wife & kid|40\/100\n|move|p1a: me & my wife & kid|Population Bomb|p2a: Greninja\n|-damage|p2a: Greninja|83\/100\n|-damage|p2a: Greninja|65\/100\n|-damage|p2a: Greninja|46\/100\n|-damage|p2a: Greninja|28\/100\n|-damage|p2a: Greninja|10\/100\n|-damage|p2a: Greninja|0 fnt\n|faint|p2a: Greninja\n|-hitcount|p2: Greninja|6\n|\n|upkeep\n|\n|t:|1697857365\n|switch|p2a: Arboliva|Arboliva, M|100\/100\n|turn|2\n|\n|t:|1697857406\n|move|p1a: me & my wife & kid|Population Bomb|p2a: Arboliva\n|-damage|p2a: Arboliva|92\/100\n|-damage|p2a: Arboliva|84\/100\n|-damage|p2a: Arboliva|75\/100\n|-damage|p2a: Arboliva|67\/100\n|-damage|p2a: Arboliva|59\/100\n|-damage|p2a: Arboliva|50\/100\n|-enditem|p2a: Arboliva|Sitrus Berry|[eat]\n|-heal|p2a: Arboliva|74\/100|[from] item: Sitrus Berry\n|-damage|p2a: Arboliva|65\/100\n|-damage|p2a: Arboliva|57\/100\n|-damage|p2a: Arboliva|48\/100\n|-damage|p2a: Arboliva|40\/100\n|-hitcount|p2a: Arboliva|10\n|move|p2a: Arboliva|Giga Drain|p1a: me & my wife & kid\n|-damage|p1a: me & my wife & kid|0 fnt\n|-heal|p2a: Arboliva|56\/100|[from] drain|[of] p1a: me & my wife & kid\n|faint|p1a: me & my wife & kid\n|\n|-item|p2a: Arboliva|Sitrus Berry|[from] ability: Harvest\n|upkeep\n|\n|t:|1697857461\n|switch|p1a: Hot Hands|Rotom-Heat|100\/100\n|turn|3\n|\n|t:|1697857467\n|switch|p2a: Dachsbun|Dachsbun, M|100\/100\n|move|p1a: Hot Hands|Nasty Plot|p1a: Hot Hands\n|-boost|p1a: Hot Hands|spa|2\n|\n|upkeep\n|turn|4\n|\n|t:|1697857483\n|-terastallize|p2a: Dachsbun|Ground\n|move|p1a: Hot Hands|Thunderbolt|p2a: Dachsbun\n|-immune|p2a: Dachsbun\n|move|p2a: Dachsbun|Body Press|p1a: Hot Hands\n|-damage|p1a: Hot Hands|70\/100\n|\n|upkeep\n|turn|5\n|j| Sol CPU\n|\n|t:|1697857526\n|switch|p1a: Randall|Dragapult, F|100\/100\n|move|p2a: Dachsbun|Wish|p2a: Dachsbun\n|\n|upkeep\n|turn|6\n|\n|t:|1697857542\n|move|p1a: Randall|Light Screen|p1a: Randall\n|-sidestart|p1: BLACK METAL 3|move: Light Screen\n|move|p2a: Dachsbun|Play Rough|p1a: Randall\n|-supereffective|p1a: Randall\n|-damage|p1a: Randall|39\/100\n|-start|p2a: Dachsbun|Disable|Play Rough|[from] ability: Cursed Body|[of] p1a: Randall\n|\n|upkeep\n|turn|7\n|\n|t:|1697857565\n|move|p1a: Randall|Reflect|p1a: Randall\n|-sidestart|p1: BLACK METAL 3|Reflect\n|move|p2a: Dachsbun|Stomping Tantrum|p1a: Randall\n|-damage|p1a: Randall|27\/100\n|\n|upkeep\n|turn|8\n|\n|t:|1697857612\n|switch|p1a: Rock Howard|Garganacl, M|100\/100\n|move|p2a: Dachsbun|Wish|p2a: Dachsbun\n|\n|upkeep\n|turn|9\n|\n|t:|1697857620\n|switch|p2a: Arboliva|Arboliva, M|56\/100\n|move|p1a: Rock Howard|Stealth Rock|p2a: Arboliva\n|-sidestart|p2: Squirshawott|move: Stealth Rock\n|\n|-heal|p2a: Arboliva|99\/100|[from] move: Wish|[wisher] Dachsbun\n|upkeep\n|turn|10\n|\n|t:|1697857628\n|move|p2a: Arboliva|Leech Seed|p1a: Rock Howard\n|-start|p1a: Rock Howard|move: Leech Seed\n|move|p1a: Rock Howard|Salt Cure|p2a: Arboliva\n|-damage|p2a: Arboliva|88\/100\n|-start|p2a: Arboliva|Salt Cure\n|\n|-damage|p1a: Rock Howard|88\/100|[from] Leech Seed|[of] p2a: Arboliva\n|-heal|p2a: Arboliva|100\/100|[silent]\n|-damage|p2a: Arboliva|88\/100|[from] Salt Cure\n|upkeep\n|turn|11\n|\n|t:|1697857655\n|switch|p1a: Eggalodon|Azumarill, F|100\/100\n|move|p2a: Arboliva|Leech Seed|p1a: Eggalodon\n|-start|p1a: Eggalodon|move: Leech Seed\n|\n|-damage|p1a: Eggalodon|88\/100|[from] Leech Seed|[of] p2a: Arboliva\n|-heal|p2a: Arboliva|100\/100|[silent]\n|-damage|p2a: Arboliva|88\/100|[from] Salt Cure\n|upkeep\n|turn|12\n|\n|t:|1697857677\n|move|p1a: Eggalodon|Play Rough|p2a: Arboliva|[miss]\n|-miss|p1a: Eggalodon|p2a: Arboliva\n|move|p2a: Arboliva|Giga Drain|p1a: Eggalodon\n|-supereffective|p1a: Eggalodon\n|-damage|p1a: Eggalodon|57\/100\n|-heal|p2a: Arboliva|100\/100|[from] drain|[of] p1a: Eggalodon\n|\n|-damage|p1a: Eggalodon|45\/100|[from] Leech Seed|[of] p2a: Arboliva\n|-damage|p2a: Arboliva|88\/100|[from] Salt Cure\n|upkeep\n|turn|13\n|\n|t:|1697857729\n|move|p1a: Eggalodon|Play Rough|p2a: Arboliva\n|-damage|p2a: Arboliva|17\/100\n|-enditem|p2a: Arboliva|Sitrus Berry|[eat]\n|-heal|p2a: Arboliva|42\/100|[from] item: Sitrus Berry\n|move|p2a: Arboliva|Giga Drain|p1a: Eggalodon\n|-supereffective|p1a: Eggalodon\n|-damage|p1a: Eggalodon|13\/100\n|-heal|p2a: Arboliva|60\/100|[from] drain|[of] p1a: Eggalodon\n|\n|-damage|p1a: Eggalodon|0 fnt|[from] Leech Seed|[of] p2a: Arboliva\n|-heal|p2a: Arboliva|74\/100|[silent]\n|faint|p1a: Eggalodon\n|-damage|p2a: Arboliva|62\/100|[from] Salt Cure\n|-sideend|p1: BLACK METAL 3|move: Light Screen\n|-item|p2a: Arboliva|Sitrus Berry|[from] ability: Harvest\n|upkeep\n|\n|t:|1697857744\n|switch|p1a: Randall|Dragapult, F|27\/100\n|turn|14\n|\n|t:|1697857754\n|move|p1a: Randall|Light Screen|p1a: Randall\n|-sidestart|p1: BLACK METAL 3|move: Light Screen\n|move|p2a: Arboliva|Dazzling Gleam|p1a: Randall\n|-supereffective|p1a: Randall\n|-damage|p1a: Randall|1\/100\n|\n|-damage|p2a: Arboliva|50\/100|[from] Salt Cure\n|-sideend|p1: BLACK METAL 3|Reflect\n|upkeep\n|-enditem|p2a: Arboliva|Sitrus Berry|[eat]\n|-heal|p2a: Arboliva|74\/100|[from] item: Sitrus Berry\n|turn|15\n|\n|t:|1697857768\n|move|p1a: Randall|Thunder Wave|p2a: Arboliva\n|-status|p2a: Arboliva|par\n|cant|p2a: Arboliva|par\n|\n|-damage|p2a: Arboliva|62\/100 par|[from] Salt Cure\n|-item|p2a: Arboliva|Sitrus Berry|[from] ability: Harvest\n|upkeep\n|turn|16\n|\n|t:|1697857802\n|switch|p1a: Feathered Foe|Espathra, M|100\/100\n|move|p2a: Arboliva|Leech Seed|p1a: Feathered Foe\n|-start|p1a: Feathered Foe|move: Leech Seed\n|\n|-damage|p1a: Feathered Foe|88\/100|[from] Leech Seed|[of] p2a: Arboliva\n|-heal|p2a: Arboliva|76\/100 par|[silent]\n|-damage|p2a: Arboliva|63\/100 par|[from] Salt Cure\n|upkeep\n|turn|17\n|\n|t:|1697857813\n|switch|p2a: Tinkaton|Tinkaton, F|100\/100\n|-damage|p2a: Tinkaton|94\/100|[from] Stealth Rock\n|move|p1a: Feathered Foe|Calm Mind|p1a: Feathered Foe\n|-boost|p1a: Feathered Foe|spa|1\n|-boost|p1a: Feathered Foe|spd|1\n|\n|-damage|p1a: Feathered Foe|76\/100|[from] Leech Seed|[of] p2a: Tinkaton\n|-heal|p2a: Tinkaton|100\/100|[silent]\n|-ability|p1a: Feathered Foe|Speed Boost|boost\n|-boost|p1a: Feathered Foe|spe|1\n|upkeep\n|turn|18\n|\n|t:|1697857833\n|move|p1a: Feathered Foe|Roost|p1a: Feathered Foe\n|-heal|p1a: Feathered Foe|100\/100\n|-singleturn|p1a: Feathered Foe|move: Roost\n|move|p2a: Tinkaton|Encore|p1a: Feathered Foe\n|-start|p1a: Feathered Foe|Encore\n|\n|-damage|p1a: Feathered Foe|88\/100|[from] Leech Seed|[of] p2a: Tinkaton\n|-ability|p1a: Feathered Foe|Speed Boost|boost\n|-boost|p1a: Feathered Foe|spe|1\n|upkeep\n|turn|19\n|\n|t:|1697857863\n|switch|p2a: Samurott|Samurott-Hisui, F|100\/100\n|-damage|p2a: Samurott|88\/100|[from] Stealth Rock\n|move|p1a: Feathered Foe|Roost|p1a: Feathered Foe\n|-heal|p1a: Feathered Foe|100\/100\n|-singleturn|p1a: Feathered Foe|move: Roost\n|\n|-damage|p1a: Feathered Foe|88\/100|[from] Leech Seed|[of] p2a: Samurott\n|-heal|p2a: Samurott|100\/100|[silent]\n|-ability|p1a: Feathered Foe|Speed Boost|boost\n|-boost|p1a: Feathered Foe|spe|1\n|upkeep\n|turn|20\n|\n|t:|1697857880\n|switch|p1a: Rock Howard|Garganacl, M|88\/100\n|move|p2a: Samurott|Ceaseless Edge|p1a: Rock Howard\n|-damage|p1a: Rock Howard|61\/100\n|-sidestart|p1: BLACK METAL 3|Spikes\n|\n|-heal|p1a: Rock Howard|67\/100|[from] item: Leftovers\n|upkeep\n|turn|21\n|\n|t:|1697857892\n|move|p2a: Samurott|Aqua Cutter|p1a: Rock Howard\n|-supereffective|p1a: Rock Howard\n|-damage|p1a: Rock Howard|4\/100\n|move|p1a: Rock Howard|Salt Cure|p2a: Samurott\n|-damage|p2a: Samurott|86\/100\n|-start|p2a: Samurott|Salt Cure\n|\n|-heal|p1a: Rock Howard|10\/100|[from] item: Leftovers\n|-damage|p2a: Samurott|61\/100|[from] Salt Cure\n|-sideend|p1: BLACK METAL 3|move: Light Screen\n|upkeep\n|turn|22\n|\n|t:|1697857907\n|move|p1a: Rock Howard|Protect|p1a: Rock Howard\n|-singleturn|p1a: Rock Howard|Protect\n|move|p2a: Samurott|Aqua Cutter|p1a: Rock Howard\n|-activate|p1a: Rock Howard|move: Protect\n|\n|-heal|p1a: Rock Howard|16\/100|[from] item: Leftovers\n|-damage|p2a: Samurott|37\/100|[from] Salt Cure\n|upkeep\n|turn|23\n|\n|t:|1697857944\n|switch|p1a: Feathered Foe|Espathra, M|88\/100\n|move|p2a: Samurott|Ceaseless Edge|p1a: Feathered Foe\n|-supereffective|p1a: Feathered Foe\n|-damage|p1a: Feathered Foe|19\/100\n|-sidestart|p1: BLACK METAL 3|Spikes\n|\n|-damage|p2a: Samurott|12\/100|[from] Salt Cure\n|upkeep\n|turn|24\n|\n|t:|1697857989\n|switch|p1a: Randall|Dragapult, F|1\/100\n|-damage|p1a: Randall|0 fnt|[from] Spikes\n|faint|p1a: Randall\n|move|p2a: Samurott|Aqua Jet|p1: Randall|[notarget]\n|-fail|p2a: Samurott\n|\n|-damage|p2a: Samurott|0 fnt|[from] Salt Cure\n|faint|p2a: Samurott\n|upkeep\n|\n|t:|1697858017\n|switch|p1a: Feathered Foe|Espathra, M|19\/100\n|switch|p2a: Meowscarada|Meowscarada, M|100\/100\n|-damage|p2a: Meowscarada|88\/100|[from] Stealth Rock\n|turn|25\n|\n|t:|1697858084\n|move|p2a: Meowscarada|U-turn|p1a: Feathered Foe\n|-start|p2a: Meowscarada|typechange|Bug|[from] ability: Protean\n|-supereffective|p1a: Feathered Foe\n|-damage|p1a: Feathered Foe|0 fnt\n|faint|p1a: Feathered Foe\n|\n|t:|1697858089\n|switch|p2a: Dachsbun|Dachsbun, M, tera:Ground|100\/100|[from] U-turn\n|-damage|p2a: Dachsbun|95\/100|[from] Stealth Rock\n|\n|-heal|p2a: Dachsbun|100\/100|[from] item: Leftovers\n|upkeep\n|\n|t:|1697858096\n|switch|p1a: Rock Howard|Garganacl, M|16\/100\n|-damage|p1a: Rock Howard|0 fnt|[from] Spikes\n|faint|p1a: Rock Howard\n|\n|t:|1697858100\n|switch|p1a: Hot Hands|Rotom-Heat|70\/100\n|turn|26\n|\n|t:|1697858116\n|move|p1a: Hot Hands|Nasty Plot|p1a: Hot Hands\n|-boost|p1a: Hot Hands|spa|2\n|move|p2a: Dachsbun|Body Press|p1a: Hot Hands\n|-damage|p1a: Hot Hands|41\/100\n|\n|upkeep\n|turn|27\n|\n|t:|1697858139\n|move|p1a: Hot Hands|Nasty Plot|p1a: Hot Hands\n|-boost|p1a: Hot Hands|spa|2\n|move|p2a: Dachsbun|Body Press|p1a: Hot Hands\n|-damage|p1a: Hot Hands|10\/100\n|\n|upkeep\n|turn|28\n|\n|t:|1697858153\n|move|p1a: Hot Hands|Nasty Plot|p1a: Hot Hands\n|-boost|p1a: Hot Hands|spa|2\n|move|p2a: Dachsbun|Body Press|p1a: Hot Hands\n|-damage|p1a: Hot Hands|0 fnt\n|faint|p1a: Hot Hands\n|\n|win|Squirshawott\n|l| Sol CPU\n","uploadtime":1697858162,"views":13,"p1id":"blackmetal3","p2id":"squirshawott","formatid":"gen9ubers","rating":0,"private":0,"password":""}