{"id":"gen9ubers-1979790273","p1":"XpokVEVO","p2":"Kinesquared","format":"[Gen 9] Ubers","log":"|j|\u2606XpokVEVO\n|j|\u2606Kinesquared\n|t:|1698713525\n|gametype|singles\n|player|p1|XpokVEVO|mustard|\n|player|p2|Kinesquared|scientist-gen4dp|\n|teamsize|p1|6\n|teamsize|p2|6\n|gen|9\n|tier|[Gen 9] Ubers\n|rule|Sleep Clause Mod: Limit one foe put to sleep\n|rule|Species Clause: Limit one of each Pok\u00e9mon\n|rule|OHKO Clause: OHKO moves are banned\n|rule|Evasion Items Clause: Evasion items are banned\n|rule|Evasion Moves Clause: Evasion moves are banned\n|rule|Endless Battle Clause: Forcing endless battles is banned\n|rule|HP Percentage Mod: HP is shown in percentages\n|clearpoke\n|poke|p1|Arceus-Fire|\n|poke|p1|Cyclizar, M|\n|poke|p1|Espathra, F|\n|poke|p1|Magearna|\n|poke|p1|Zacian-*|\n|poke|p1|Roaring Moon|\n|poke|p2|Magearna|\n|poke|p2|Gliscor, F|\n|poke|p2|Blissey, F|\n|poke|p2|Dondozo, M|\n|poke|p2|Giratina|\n|poke|p2|Garganacl, F|\n|teampreview\n|inactive|Battle timer is ON: inactive players will automatically lose when time's up. (requested by XpokVEVO)\n|c|\u2606Kinesquared|yo\n|c|\u2606XpokVEVO|I dont think my team can get much better\n|c|\u2606Kinesquared|nice\n|inactive|Kinesquared has 270 seconds left.\n|\n|t:|1698713568\n|start\n|switch|p1a: Akira|Cyclizar, M|100\/100\n|switch|p2a: Garganacl|Garganacl, F|100\/100\n|turn|1\n|c|\u2606XpokVEVO|Ive made cyclizar kind of a dondozo counter with taunt and liquidation resist, roaring moon for water resist and outspeeds basculegion\n|inactive|XpokVEVO has 270 seconds left.\n|c|\u2606XpokVEVO|(Even in rain)\n|c|\u2606Kinesquared|oo that sounds cool\n|c|\u2606XpokVEVO|Ofc cyclizar needs to be complemented but yeah\n|\n|t:|1698713618\n|move|p1a: Akira|Taunt|p2a: Garganacl\n|-start|p2a: Garganacl|move: Taunt\n|move|p2a: Garganacl|Salt Cure|p1a: Akira\n|-damage|p1a: Akira|81\/100\n|-start|p1a: Akira|Salt Cure\n|\n|-damage|p1a: Akira|69\/100|[from] Salt Cure\n|upkeep\n|turn|2\n|\n|t:|1698713626\n|switch|p2a: Gliscor|Gliscor, F|100\/100\n|move|p1a: Akira|Shed Tail|p1a: Akira\n|-start|p1a: Akira|Substitute|[from] move: Shed Tail\n|-damage|p1a: Akira|19\/100\n|j| LadyMaria-Blue\n|\n|t:|1698713640\n|switch|p1a: Roaring Peak|Roaring Moon|100\/100|[from] Shed Tail\n|-enditem|p1a: Roaring Peak|Booster Energy\n|-activate|p1a: Roaring Peak|ability: Protosynthesis|[fromitem]\n|-start|p1a: Roaring Peak|protosynthesisspe\n|\n|-status|p2a: Gliscor|tox|[from] item: Toxic Orb\n|upkeep\n|turn|3\n|\n|t:|1698713658\n|move|p1a: Roaring Peak|Dragon Dance|p1a: Roaring Peak\n|-boost|p1a: Roaring Peak|atk|1\n|-boost|p1a: Roaring Peak|spe|1\n|move|p2a: Gliscor|Spikes|p1a: Roaring Peak\n|-sidestart|p1: XpokVEVO|Spikes\n|\n|upkeep\n|turn|4\n|\n|t:|1698713674\n|switch|p2a: Dondozo|Dondozo, M|100\/100\n|-terastallize|p1a: Roaring Peak|Flying\n|move|p1a: Roaring Peak|Acrobatics|p2a: Dondozo\n|-damage|p2a: Dondozo|74\/100\n|\n|-heal|p2a: Dondozo|80\/100|[from] item: Leftovers\n|upkeep\n|turn|5\n|j| the tr4sh man\n|\n|t:|1698713686\n|move|p1a: Roaring Peak|Acrobatics|p2a: Dondozo\n|-damage|p2a: Dondozo|52\/100\n|move|p2a: Dondozo|Avalanche|p1a: Roaring Peak\n|-supereffective|p1a: Roaring Peak\n|-end|p1a: Roaring Peak|Substitute\n|\n|-heal|p2a: Dondozo|58\/100|[from] item: Leftovers\n|upkeep\n|turn|6\n|c| LadyMaria-Blue|avalanche dozo\n|c| LadyMaria-Blue|bru\n|inactive|XpokVEVO has 270 seconds left.\n|c|\u2606XpokVEVO|Oof i was about to click acrobatics without reading again\n|c|\u2606Kinesquared|actually thats standard on OU stall dozo\n|inactive|Kinesquared has 270 seconds left.\n|\n|t:|1698713713\n|-end|p1a: Roaring Peak|Protosynthesis|[silent]\n|switch|p1a: Aunt Fanny|Magearna|100\/100\n|-damage|p1a: Aunt Fanny|88\/100|[from] Spikes\n|move|p2a: Dondozo|Rest|p2a: Dondozo\n|-status|p2a: Dondozo|slp|[from] move: Rest\n|-heal|p2a: Dondozo|100\/100 slp|[silent]\n|\n|upkeep\n|turn|7\n|\n|t:|1698713721\n|switch|p1a: Akira|Cyclizar, M|52\/100\n|switch|p2a: Garganacl|Garganacl, F|100\/100\n|\n|upkeep\n|turn|8\n|c| LadyMaria-Blue|i am so glad i dont play OU anymore lmao\n|\n|t:|1698713729\n|move|p1a: Akira|Rapid Spin|p2a: Garganacl\n|-resisted|p2a: Garganacl\n|-damage|p2a: Garganacl|95\/100\n|-boost|p1a: Akira|spe|1\n|-sideend|p1: XpokVEVO|Spikes|[from] move: Rapid Spin|[of] p1a: Akira\n|move|p2a: Garganacl|Salt Cure|p1a: Akira\n|-damage|p1a: Akira|33\/100\n|-start|p1a: Akira|Salt Cure\n|\n|-heal|p2a: Garganacl|100\/100|[from] item: Leftovers\n|-damage|p1a: Akira|21\/100|[from] Salt Cure\n|upkeep\n|turn|9\n|inactive|XpokVEVO has 270 seconds left.\n|inactive|Kinesquared has 270 seconds left.\n|\n|t:|1698713749\n|switch|p1a: Princess|Zacian, shiny|100\/100\n|-ability|p1a: Princess|Intrepid Sword|boost\n|-boost|p1a: Princess|atk|1\n|move|p2a: Garganacl|Salt Cure|p1a: Princess\n|-damage|p1a: Princess|88\/100\n|-start|p1a: Princess|Salt Cure\n|\n|-damage|p1a: Princess|76\/100|[from] Salt Cure\n|upkeep\n|turn|10\n|\n|t:|1698713759\n|switch|p2a: Dondozo|Dondozo, M|100\/100 slp\n|move|p1a: Princess|Iron Head|p2a: Dondozo\n|-resisted|p2a: Dondozo\n|-damage|p2a: Dondozo|92\/100 slp\n|-damage|p1a: Princess|66\/100|[from] item: Life Orb\n|\n|-heal|p2a: Dondozo|98\/100 slp|[from] item: Leftovers\n|-damage|p1a: Princess|54\/100|[from] Salt Cure\n|upkeep\n|turn|11\n|\n|t:|1698713773\n|switch|p1a: Akira|Cyclizar, M|54\/100\n|switch|p2a: Magearna|Magearna|100\/100\n|\n|upkeep\n|turn|12\n|\n|t:|1698713781\n|move|p1a: Akira|Shed Tail|p1a: Akira\n|-start|p1a: Akira|Substitute|[from] move: Shed Tail\n|-damage|p1a: Akira|4\/100\n|\n|t:|1698713785\n|switch|p1a: Ar\u0441eus-Fighting|Arceus-Fire, shiny|100\/100|[from] Shed Tail\n|move|p2a: Magearna|Spikes|p1a: Ar\u0441eus-Fighting\n|-sidestart|p1: XpokVEVO|Spikes\n|\n|upkeep\n|turn|13\n|\n|t:|1698713798\n|switch|p2a: Dondozo|Dondozo, M|98\/100 slp\n|move|p1a: Ar\u0441eus-Fighting|Dragon Dance|p1a: Ar\u0441eus-Fighting\n|-boost|p1a: Ar\u0441eus-Fighting|atk|1\n|-boost|p1a: Ar\u0441eus-Fighting|spe|1\n|\n|-heal|p2a: Dondozo|100\/100 slp|[from] item: Leftovers\n|upkeep\n|turn|14\n|\n|t:|1698713809\n|cant|p2a: Dondozo|slp\n|move|p2a: Dondozo|Sleep Talk|p2a: Dondozo\n|move|p2a: Dondozo|Rest||[from]move: Sleep Talk|[still]\n|-fail|p2a: Dondozo\n|move|p1a: Ar\u0441eus-Fighting|Roar|p2a: Dondozo\n|drag|p2a: Magearna|Magearna|100\/100\n|\n|upkeep\n|turn|15\n|\n|t:|1698713827\n|switch|p2a: Dondozo|Dondozo, M|100\/100 slp\n|move|p1a: Ar\u0441eus-Fighting|Flare Blitz|p2a: Dondozo\n|-resisted|p2a: Dondozo\n|-damage|p2a: Dondozo|84\/100 slp\n|-damage|p1a: Ar\u0441eus-Fighting|94\/100|[from] Recoil\n|\n|-heal|p2a: Dondozo|91\/100 slp|[from] item: Leftovers\n|upkeep\n|turn|16\n|c| LadyMaria-Blue|roar on ddance arc is nuts.\n|c|\u2606Kinesquared|just learned i g2g after this game\n|c|\u2606Kinesquared|but imma finish it\n|c|\u2606Kinesquared|dw\n|\n|t:|1698713846\n|switch|p1a: Akira|Cyclizar, M|37\/100\n|cant|p2a: Dondozo|slp\n|move|p2a: Dondozo|Sleep Talk|p2a: Dondozo\n|move|p2a: Dondozo|Rest||[from]move: Sleep Talk|[still]\n|-fail|p2a: Dondozo\n|\n|-heal|p2a: Dondozo|97\/100 slp|[from] item: Leftovers\n|upkeep\n|turn|17\n|\n|t:|1698713856\n|switch|p1a: Aunt Fanny|Magearna|88\/100\n|-damage|p1a: Aunt Fanny|76\/100|[from] Spikes\n|-curestatus|p2a: Dondozo|slp|[msg]\n|move|p2a: Dondozo|Body Press|p1a: Aunt Fanny\n|-damage|p1a: Aunt Fanny|49\/100\n|\n|-heal|p2a: Dondozo|100\/100|[from] item: Leftovers\n|upkeep\n|turn|18\n|\n|t:|1698713873\n|switch|p2a: Garganacl|Garganacl, F|100\/100\n|move|p1a: Aunt Fanny|Thunder Wave|p2a: Garganacl\n|-immune|p2a: Garganacl|[from] ability: Purifying Salt\n|\n|upkeep\n|turn|19\n|c| LadyMaria-Blue|is aunt fanny the robot from robots\n|\n|t:|1698713879\n|move|p1a: Aunt Fanny|Flash Cannon|p2a: Garganacl\n|-supereffective|p2a: Garganacl\n|-damage|p2a: Garganacl|42\/100\n|move|p2a: Garganacl|Block|p1a: Aunt Fanny\n|-activate|p1a: Aunt Fanny|trapped\n|\n|-heal|p2a: Garganacl|48\/100|[from] item: Leftovers\n|upkeep\n|turn|20\n|c|\u2606XpokVEVO|Yes\n|\n|t:|1698713890\n|-terastallize|p2a: Garganacl|Fairy\n|move|p1a: Aunt Fanny|Fleur Cannon|p2a: Garganacl\n|-damage|p2a: Garganacl|3\/100\n|-unboost|p1a: Aunt Fanny|spa|2\n|move|p2a: Garganacl|Salt Cure|p1a: Aunt Fanny\n|-resisted|p1a: Aunt Fanny\n|-damage|p1a: Aunt Fanny|43\/100\n|-start|p1a: Aunt Fanny|Salt Cure\n|\n|-heal|p2a: Garganacl|9\/100|[from] item: Leftovers\n|-damage|p1a: Aunt Fanny|18\/100|[from] Salt Cure\n|upkeep\n|turn|21\n|c|\u2606XpokVEVO|What???\n|c| LadyMaria-Blue|ayo what!!\n|\n|t:|1698713905\n|switch|p2a: Blissey|Blissey, F|100\/100\n|move|p1a: Aunt Fanny|Flash Cannon|p2a: Blissey\n|-damage|p2a: Blissey|92\/100\n|\n|-damage|p1a: Aunt Fanny|0 fnt|[from] Salt Cure\n|faint|p1a: Aunt Fanny\n|upkeep\n|c|\u2606XpokVEVO|Some of these sets man\n|c| LadyMaria-Blue|blockes in\n|\n|t:|1698713915\n|switch|p1a: Princess|Zacian, shiny|54\/100\n|-damage|p1a: Princess|41\/100|[from] Spikes\n|turn|22\n|c| LadyMaria-Blue|thats fucking nuts lmao\n|\n|t:|1698713920\n|switch|p2a: Dondozo|Dondozo, M|100\/100\n|move|p1a: Princess|Iron Head|p2a: Dondozo\n|-resisted|p2a: Dondozo\n|-damage|p2a: Dondozo|92\/100\n|-damage|p1a: Princess|31\/100|[from] item: Life Orb\n|\n|-heal|p2a: Dondozo|98\/100|[from] item: Leftovers\n|upkeep\n|turn|23\n|\n|t:|1698713929\n|switch|p1a: Akira|Cyclizar, M|70\/100\n|move|p2a: Dondozo|Body Press|p1a: Akira\n|-supereffective|p1a: Akira\n|-damage|p1a: Akira|0 fnt\n|faint|p1a: Akira\n|\n|-heal|p2a: Dondozo|100\/100|[from] item: Leftovers\n|upkeep\n|c|\u2606XpokVEVO|Holy\n|c|\u2606Kinesquared|cyclizar can't come in on dozo\n|\n|t:|1698713942\n|switch|p1a: Emu War|Espathra, F|100\/100\n|-damage|p1a: Emu War|88\/100|[from] Spikes\n|turn|24\n|c| LadyMaria-Blue|nope\n|c|\u2606XpokVEVO|Im used to the opposite\n|\n|t:|1698713952\n|switch|p2a: Giratina|Giratina|100\/100\n|-ability|p2a: Giratina|Pressure\n|move|p1a: Emu War|Protect||[still]\n|-fail|p1a: Emu War\n|\n|-ability|p1a: Emu War|Speed Boost|boost\n|-boost|p1a: Emu War|spe|1\n|upkeep\n|turn|25\n|c| LadyMaria-Blue|it has body press and avalanche\n|\n|t:|1698713960\n|move|p1a: Emu War|Dazzling Gleam|p2a: Giratina\n|-supereffective|p2a: Giratina\n|-damage|p2a: Giratina|79\/100\n|move|p2a: Giratina|Roar|p1a: Emu War\n|drag|p1a: Ar\u0441eus-Fighting|Arceus-Fire, shiny|94\/100\n|-damage|p1a: Ar\u0441eus-Fighting|82\/100|[from] Spikes\n|\n|upkeep\n|turn|26\n|\n|t:|1698713972\n|move|p1a: Ar\u0441eus-Fighting|Roar|p2a: Giratina\n|drag|p2a: Magearna|Magearna|100\/100\n|\n|upkeep\n|turn|27\n|c|\u2606XpokVEVO|Time to go back to the drawing board\n|c|\u2606XpokVEVO|Need new dondozo counter\n|c| the tr4sh man|gothitelle over espathra trust\n|c|\u2606Kinesquared|whats your mag set?\n|c|\u2606Kinesquared|maybe specs volt switch?\n|inactive|XpokVEVO has 270 seconds left.\n|c| the tr4sh man|SPECS :D\n|c|\u2606Kinesquared|stfu lol\n|c|\u2606XpokVEVO|Alr hold on\n|c|\u2606XpokVEVO|Ok firstly specs volt switch is hilarious gliscor bait\n|c|\u2606XpokVEVO|I see you\n|c| LadyMaria-Blue|mag used both flash and fleur it aint specs\n|inactive|XpokVEVO has 240 seconds left.\n|c|\u2606Kinesquared|w\/ ice beam too\n|c| LadyMaria-Blue|i didnt see ice beam\n|c| LadyMaria-Blue|doesnt matter much given its dead now but ya know lol\n|c|\u2606XpokVEVO|Hes talking about possible sets\n|inactive|XpokVEVO has 210 seconds left.\n|c|\u2606XpokVEVO|I have twave fleur cannon flash cannon shift gear\n|inactive|XpokVEVO has 180 seconds left.\n|c|\u2606Kinesquared|eh\n|c|\u2606Kinesquared|when do you need the speed?\n|c|\u2606XpokVEVO|With policy\n|c|\u2606XpokVEVO|For that\n|c| LadyMaria-Blue|twave is smart of shift gear sets\n|c|\u2606Kinesquared|ooo\n|c|\u2606XpokVEVO|But ill see idk\n|c| LadyMaria-Blue|just para any incoming revenge killers\n|inactive|XpokVEVO has 150 seconds left.\n|\n|t:|1698714128\n|switch|p2a: Dondozo|Dondozo, M|100\/100\n|move|p1a: Ar\u0441eus-Fighting|Flare Blitz|p2a: Dondozo\n|-resisted|p2a: Dondozo\n|-damage|p2a: Dondozo|84\/100\n|-damage|p1a: Ar\u0441eus-Fighting|76\/100|[from] Recoil\n|\n|-heal|p2a: Dondozo|91\/100|[from] item: Leftovers\n|upkeep\n|turn|28\n|c| LadyMaria-Blue|thags a good set\n|inactive|XpokVEVO has 150 seconds left.\n|c| LadyMaria-Blue|thats*\n|\n|t:|1698714141\n|switch|p1a: Emu War|Espathra, F|88\/100\n|-damage|p1a: Emu War|76\/100|[from] Spikes\n|move|p2a: Dondozo|Avalanche|p1a: Emu War\n|-damage|p1a: Emu War|54\/100\n|\n|-heal|p2a: Dondozo|97\/100|[from] item: Leftovers\n|upkeep\n|turn|29\n|\n|t:|1698714152\n|switch|p2a: Giratina|Giratina|79\/100\n|-ability|p2a: Giratina|Pressure\n|move|p1a: Emu War|Protect||[still]\n|-fail|p1a: Emu War\n|\n|-ability|p1a: Emu War|Speed Boost|boost\n|-boost|p1a: Emu War|spe|1\n|upkeep\n|turn|30\n|c|\u2606XpokVEVO|Yeah but i still get washed by dondozo\n|c|\u2606XpokVEVO|Its like my one eternal counter\n|\n|t:|1698714162\n|move|p1a: Emu War|Dazzling Gleam|p2a: Giratina\n|-supereffective|p2a: Giratina\n|-damage|p2a: Giratina|57\/100\n|move|p2a: Giratina|Roar|p1a: Emu War\n|drag|p1a: Ar\u0441eus-Fighting|Arceus-Fire, shiny|76\/100\n|-damage|p1a: Ar\u0441eus-Fighting|63\/100|[from] Spikes\n|\n|upkeep\n|turn|31\n|c| LadyMaria-Blue|who doesnt tbf\n|\n|t:|1698714177\n|move|p1a: Ar\u0441eus-Fighting|Roar|p2a: Giratina\n|drag|p2a: Gliscor|Gliscor, F|100\/100 tox\n|\n|upkeep\n|turn|32\n|\n|t:|1698714181\n|move|p1a: Ar\u0441eus-Fighting|Flare Blitz|p2a: Gliscor\n|-damage|p2a: Gliscor|52\/100 tox\n|-damage|p1a: Ar\u0441eus-Fighting|51\/100|[from] Recoil\n|move|p2a: Gliscor|Toxic|p1a: Ar\u0441eus-Fighting\n|-status|p1a: Ar\u0441eus-Fighting|tox\n|\n|-damage|p1a: Ar\u0441eus-Fighting|45\/100 tox|[from] psn\n|-heal|p2a: Gliscor|64\/100 tox|[from] ability: Poison Heal\n|upkeep\n|turn|33\n|\n|t:|1698714191\n|move|p2a: Gliscor|Protect|p2a: Gliscor\n|-singleturn|p2a: Gliscor|Protect\n|move|p1a: Ar\u0441eus-Fighting|Dragon Dance|p1a: Ar\u0441eus-Fighting\n|-boost|p1a: Ar\u0441eus-Fighting|atk|1\n|-boost|p1a: Ar\u0441eus-Fighting|spe|1\n|\n|-damage|p1a: Ar\u0441eus-Fighting|32\/100 tox|[from] psn\n|-heal|p2a: Gliscor|77\/100 tox|[from] ability: Poison Heal\n|upkeep\n|turn|34\n|\n|t:|1698714199\n|switch|p2a: Dondozo|Dondozo, M|97\/100\n|move|p1a: Ar\u0441eus-Fighting|Flare Blitz|p2a: Dondozo\n|-resisted|p2a: Dondozo\n|-damage|p2a: Dondozo|80\/100\n|-damage|p1a: Ar\u0441eus-Fighting|26\/100 tox|[from] Recoil\n|\n|-heal|p2a: Dondozo|86\/100|[from] item: Leftovers\n|-damage|p1a: Ar\u0441eus-Fighting|8\/100 tox|[from] psn\n|upkeep\n|turn|35\n|inactive|XpokVEVO has 180 seconds left.\n|\n|t:|1698714222\n|move|p1a: Ar\u0441eus-Fighting|Flare Blitz|p2a: Dondozo\n|-resisted|p2a: Dondozo\n|-damage|p2a: Dondozo|69\/100\n|-damage|p1a: Ar\u0441eus-Fighting|1\/100 tox|[from] Recoil\n|move|p2a: Dondozo|Body Press|p1a: Ar\u0441eus-Fighting\n|-damage|p1a: Ar\u0441eus-Fighting|0 fnt\n|faint|p1a: Ar\u0441eus-Fighting\n|\n|-heal|p2a: Dondozo|75\/100|[from] item: Leftovers\n|upkeep\n|\n|t:|1698714224\n|switch|p1a: Emu War|Espathra, F|54\/100\n|-damage|p1a: Emu War|42\/100|[from] Spikes\n|turn|36\n|\n|t:|1698714237\n|switch|p2a: Giratina|Giratina|57\/100\n|-ability|p2a: Giratina|Pressure\n|move|p1a: Emu War|Calm Mind|p1a: Emu War\n|-boost|p1a: Emu War|spa|1\n|-boost|p1a: Emu War|spd|1\n|\n|-ability|p1a: Emu War|Speed Boost|boost\n|-boost|p1a: Emu War|spe|1\n|upkeep\n|turn|37\n|c| LadyMaria-Blue|what even is the best dozo counter in the tier\n|\n|t:|1698714254\n|move|p1a: Emu War|Dazzling Gleam|p2a: Giratina\n|-supereffective|p2a: Giratina\n|-damage|p2a: Giratina|25\/100\n|move|p2a: Giratina|Roar|p1a: Emu War\n|drag|p1a: Roaring Peak|Roaring Moon, tera:Flying|100\/100\n|\n|upkeep\n|turn|38\n|j| Shedinja999\n|\n|t:|1698714270\n|switch|p2a: Garganacl|Garganacl, F, tera:Fairy|9\/100\n|move|p1a: Roaring Peak|Dragon Dance|p1a: Roaring Peak\n|-boost|p1a: Roaring Peak|atk|1\n|-boost|p1a: Roaring Peak|spe|1\n|\n|-heal|p2a: Garganacl|15\/100|[from] item: Leftovers\n|upkeep\n|turn|39\n|inactive|XpokVEVO has 210 seconds left.\n|\n|t:|1698714279\n|switch|p2a: Dondozo|Dondozo, M|75\/100\n|move|p1a: Roaring Peak|Acrobatics|p2a: Dondozo\n|-damage|p2a: Dondozo|49\/100\n|\n|-heal|p2a: Dondozo|55\/100|[from] item: Leftovers\n|upkeep\n|turn|40\n|\n|t:|1698714288\n|move|p1a: Roaring Peak|Knock Off|p2a: Dondozo\n|-damage|p2a: Dondozo|31\/100\n|-enditem|p2a: Dondozo|Leftovers|[from] move: Knock Off|[of] p1a: Roaring Peak\n|move|p2a: Dondozo|Rest|p2a: Dondozo\n|-status|p2a: Dondozo|slp|[from] move: Rest\n|-heal|p2a: Dondozo|100\/100 slp|[silent]\n|\n|upkeep\n|turn|41\n|\n|t:|1698714296\n|-end|p1a: Roaring Peak|Protosynthesis|[silent]\n|switch|p1a: Emu War|Espathra, F|42\/100\n|-damage|p1a: Emu War|29\/100|[from] Spikes\n|cant|p2a: Dondozo|slp\n|move|p2a: Dondozo|Sleep Talk|p2a: Dondozo\n|move|p2a: Dondozo|Avalanche|p1a: Emu War|[from]move: Sleep Talk\n|-damage|p1a: Emu War|10\/100\n|\n|upkeep\n|turn|42\n|\n|t:|1698714305\n|move|p1a: Emu War|Calm Mind|p1a: Emu War\n|-boost|p1a: Emu War|spa|1\n|-boost|p1a: Emu War|spd|1\n|cant|p2a: Dondozo|slp\n|move|p2a: Dondozo|Sleep Talk|p2a: Dondozo\n|move|p2a: Dondozo|Rest||[from]move: Sleep Talk|[still]\n|-fail|p2a: Dondozo\n|\n|-ability|p1a: Emu War|Speed Boost|boost\n|-boost|p1a: Emu War|spe|1\n|upkeep\n|turn|43\n|inactive|XpokVEVO has 240 seconds left.\n|\n|t:|1698714314\n|move|p1a: Emu War|Calm Mind|p1a: Emu War\n|-boost|p1a: Emu War|spa|1\n|-boost|p1a: Emu War|spd|1\n|-curestatus|p2a: Dondozo|slp|[msg]\n|move|p2a: Dondozo|Sleep Talk||[still]\n|-fail|p2a: Dondozo\n|\n|-ability|p1a: Emu War|Speed Boost|boost\n|-boost|p1a: Emu War|spe|1\n|upkeep\n|turn|44\n|\n|t:|1698714324\n|move|p1a: Emu War|Protect|p1a: Emu War\n|-singleturn|p1a: Emu War|Protect\n|move|p2a: Dondozo|Avalanche|p1a: Emu War\n|-activate|p1a: Emu War|move: Protect\n|\n|-ability|p1a: Emu War|Speed Boost|boost\n|-boost|p1a: Emu War|spe|1\n|upkeep\n|turn|45\n|c|\u2606XpokVEVO|(Its still not gonna kill sadly)\n|\n|t:|1698714332\n|move|p1a: Emu War|Stored Power|p2a: Dondozo\n|-damage|p2a: Dondozo|21\/100\n|move|p2a: Dondozo|Avalanche|p1a: Emu War\n|-damage|p1a: Emu War|0 fnt\n|faint|p1a: Emu War\n|\n|upkeep\n|\n|t:|1698714341\n|switch|p1a: Princess|Zacian, shiny|31\/100\n|-damage|p1a: Princess|19\/100|[from] Spikes\n|turn|46\n|\n|t:|1698714348\n|switch|p2a: Gliscor|Gliscor, F|77\/100 tox\n|move|p1a: Princess|Play Rough|p2a: Gliscor\n|-damage|p2a: Gliscor|45\/100 tox\n|-damage|p1a: Princess|9\/100|[from] item: Life Orb\n|\n|-heal|p2a: Gliscor|57\/100 tox|[from] ability: Poison Heal\n|upkeep\n|turn|47\n|\n|t:|1698714362\n|move|p1a: Princess|Play Rough|p2a: Gliscor\n|-damage|p2a: Gliscor|25\/100 tox\n|-damage|p1a: Princess|0 fnt|[from] item: Life Orb\n|faint|p1a: Princess\n|move|p2a: Gliscor|Knock Off|p1: Princess|[notarget]\n|-fail|p2a: Gliscor\n|\n|-heal|p2a: Gliscor|38\/100 tox|[from] ability: Poison Heal\n|upkeep\n|\n|t:|1698714365\n|switch|p1a: Roaring Peak|Roaring Moon, tera:Flying|100\/100\n|turn|48\n|c|\u2606Kinesquared|gg\n|\n|t:|1698714374\n|move|p1a: Roaring Peak|Acrobatics|p2a: Gliscor\n|-damage|p2a: Gliscor|3\/100 tox\n|move|p2a: Gliscor|Toxic|p1a: Roaring Peak\n|-status|p1a: Roaring Peak|tox\n|\n|-damage|p1a: Roaring Peak|94\/100 tox|[from] psn\n|-heal|p2a: Gliscor|15\/100 tox|[from] ability: Poison Heal\n|upkeep\n|turn|49\n|c|\u2606XpokVEVO|Damn\n|c|\u2606XpokVEVO|Couldnt even\n|c|\u2606XpokVEVO|Get the kill\n|inactive|XpokVEVO has 270 seconds left.\n|c| LadyMaria-Blue|kine are you in the tourney?\n|c|\u2606XpokVEVO|Would i have won otherwise?\n|c|\u2606Kinesquared|yup\n|c|\u2606Kinesquared|yes to the tourney\n|l| Shedinja999\n|c|\u2606Kinesquared|idk about winning\n|inactive|XpokVEVO has 240 seconds left.\n|c|\u2606XpokVEVO|Girstina and garga are low\n|c| LadyMaria-Blue|nah dozo would just come in rest and use avalanche after you hit it\n|c|\u2606XpokVEVO|Blissey gets oneshot (?)\n|c|\u2606XpokVEVO|Acro kills\n|c|\u2606XpokVEVO|Dondozo\n|c|\u2606Kinesquared|i could have stalled with some switching mind games\n|c|\u2606XpokVEVO|Idk about magearna i have eq\n|c|\u2606Kinesquared|send in mag bait the eq\n|inactive|XpokVEVO has 210 seconds left.\n|c|\u2606XpokVEVO|Stalled what? Eq?\n|c|\u2606Kinesquared|by switching out\n|c|\u2606XpokVEVO|Nuh uh but whatever you win\n|c|\u2606Kinesquared|maybe 'tina or dozo live an eq\n|c|\u2606XpokVEVO|Ill see about changing mag\n|c|\u2606Kinesquared|send out mag double to dozo\n|inactive|XpokVEVO has 180 seconds left.\n|\n|t:|1698714491\n|move|p1a: Roaring Peak|Acrobatics|p2a: Gliscor\n|-damage|p2a: Gliscor|0 fnt\n|faint|p2a: Gliscor\n|\n|-damage|p1a: Roaring Peak|82\/100 tox|[from] psn\n|upkeep\n|\n|t:|1698714500\n|switch|p2a: Magearna|Magearna|100\/100\n|turn|50\n|c| LadyMaria-Blue|tina would absolutely live an eq\n|\n|t:|1698714509\n|move|p1a: Roaring Peak|Earthquake|p2a: Magearna\n|-supereffective|p2a: Magearna\n|-damage|p2a: Magearna|44\/100\n|move|p2a: Magearna|Fleur Cannon|p1a: Roaring Peak\n|-damage|p1a: Roaring Peak|29\/100 tox\n|-unboost|p2a: Magearna|spa|2\n|\n|-heal|p2a: Magearna|50\/100|[from] item: Leftovers\n|-damage|p1a: Roaring Peak|10\/100 tox|[from] psn\n|upkeep\n|turn|51\n|\n|t:|1698714519\n|switch|p2a: Dondozo|Dondozo, M|21\/100\n|move|p1a: Roaring Peak|Earthquake|p2a: Dondozo\n|-damage|p2a: Dondozo|3\/100\n|\n|-damage|p1a: Roaring Peak|0 fnt|[from] psn\n|faint|p1a: Roaring Peak\n|-end|p1a: Roaring Peak|Protosynthesis|[silent]\n|\n|win|Kinesquared\n|upkeep\n|c|\u2606XpokVEVO|If i got the acro i think id have won yea\n|c|\u2606XpokVEVO|Whatev\n|c|\u2606XpokVEVO|Gg\n|c|\u2606Kinesquared|gg\n|l|\u2606Kinesquared\n|l| LadyMaria-Blue\n|l| the tr4sh man\n|player|p1|XpokVEVO|mustard\n","uploadtime":1698714595,"views":9,"p1id":"xpokvevo","p2id":"kinesquared","formatid":"gen9ubers","rating":0,"private":0,"password":""}