{"id":"gen9ubers-1995187342","p1":"Stopbatonpassing","p2":"Bansteve","format":"[Gen 9] Ubers","log":"|j|\u2606Stopbatonpassing\n|j|\u2606Bansteve\n|t:|1700532378\n|gametype|singles\n|player|p1|Stopbatonpassing|pilot|1149\n|player|p2|Bansteve|265|1022\n|teamsize|p1|6\n|teamsize|p2|6\n|gen|9\n|tier|[Gen 9] Ubers\n|rated|\n|rule|Sleep Clause Mod: Limit one foe put to sleep\n|rule|Species Clause: Limit one of each Pok\u00e9mon\n|rule|OHKO Clause: OHKO moves are banned\n|rule|Evasion Items Clause: Evasion items are banned\n|rule|Evasion Moves Clause: Evasion moves are banned\n|rule|Endless Battle Clause: Forcing endless battles is banned\n|rule|HP Percentage Mod: HP is shown in percentages\n|clearpoke\n|poke|p1|Groudon|\n|poke|p1|Koraidon|\n|poke|p1|Arceus-Fire|\n|poke|p1|Sableye, F|\n|poke|p1|Flutter Mane|\n|poke|p1|Great Tusk|\n|poke|p2|Donphan, L1, F|\n|poke|p2|Miraidon|\n|poke|p2|Iron Bundle|\n|poke|p2|Iron Leaves|\n|poke|p2|Iron Moth|\n|poke|p2|Espathra, M|\n|teampreview\n|inactive|Battle timer is ON: inactive players will automatically lose when time's up. (requested by Stopbatonpassing)\n|\n|t:|1700532389\n|start\n|switch|p1a: Groudon|Groudon|100\/100\n|switch|p2a: Miraidon|Miraidon|100\/100\n|-fieldstart|move: Electric Terrain|[from] ability: Hadron Engine|[of] p2a: Miraidon\n|-weather|SunnyDay|[from] ability: Drought|[of] p1a: Groudon\n|turn|1\n|\n|t:|1700532397\n|-terastallize|p2a: Miraidon|Ice\n|move|p2a: Miraidon|Tera Blast|p1a: Groudon|[anim] Tera Blast Ice\n|-supereffective|p1a: Groudon\n|-damage|p1a: Groudon|0 fnt\n|faint|p1a: Groudon\n|\n|-weather|SunnyDay|[upkeep]\n|upkeep\n|\n|t:|1700532403\n|switch|p1a: Koraidon|Koraidon|100\/100\n|-activate|p1a: Koraidon|ability: Orichalcum Pulse\n|turn|2\n|\n|t:|1700532411\n|move|p1a: Koraidon|Collision Course|p2a: Miraidon\n|-supereffective|p2a: Miraidon\n|-damage|p2a: Miraidon|0 fnt\n|faint|p2a: Miraidon\n|\n|-weather|SunnyDay|[upkeep]\n|upkeep\n|\n|t:|1700532423\n|switch|p2a: Donphan|Donphan, L1, F|100\/100\n|turn|3\n|\n|t:|1700532428\n|switch|p1a: Sableye|Sableye, F|100\/100\n|move|p2a: Donphan|Endeavor|p1a: Sableye\n|-immune|p1a: Sableye\n|\n|-weather|SunnyDay|[upkeep]\n|upkeep\n|turn|4\n|\n|t:|1700532433\n|switch|p2a: Espathra|Espathra, M|100\/100\n|-enditem|p2a: Espathra|Electric Seed\n|-boost|p2a: Espathra|def|1|[from] item: Electric Seed\n|move|p1a: Sableye|Foul Play|p2a: Espathra\n|-supereffective|p2a: Espathra\n|-damage|p2a: Espathra|82\/100\n|\n|-weather|SunnyDay|[upkeep]\n|upkeep\n|turn|5\n|\n|t:|1700532441\n|move|p1a: Sableye|Shadow Sneak|p2a: Espathra\n|-supereffective|p2a: Espathra\n|-damage|p2a: Espathra|68\/100\n|move|p2a: Espathra|Calm Mind|p2a: Espathra\n|-boost|p2a: Espathra|spa|1\n|-boost|p2a: Espathra|spd|1\n|\n|-weather|SunnyDay|[upkeep]\n|-ability|p2a: Espathra|Speed Boost|boost\n|-boost|p2a: Espathra|spe|1\n|upkeep\n|turn|6\n|\n|t:|1700532451\n|move|p1a: Sableye|Shadow Sneak|p2a: Espathra\n|-supereffective|p2a: Espathra\n|-damage|p2a: Espathra|54\/100\n|move|p2a: Espathra|Dazzling Gleam|p1a: Sableye\n|-supereffective|p1a: Sableye\n|-damage|p1a: Sableye|43\/100\n|\n|-weather|SunnyDay|[upkeep]\n|-ability|p2a: Espathra|Speed Boost|boost\n|-boost|p2a: Espathra|spe|1\n|upkeep\n|turn|7\n|\n|t:|1700532457\n|move|p1a: Sableye|Shadow Sneak|p2a: Espathra\n|-supereffective|p2a: Espathra\n|-damage|p2a: Espathra|42\/100\n|move|p2a: Espathra|Dazzling Gleam|p1a: Sableye\n|-supereffective|p1a: Sableye\n|-damage|p1a: Sableye|0 fnt\n|faint|p1a: Sableye\n|\n|-weather|SunnyDay|[upkeep]\n|-ability|p2a: Espathra|Speed Boost|boost\n|-boost|p2a: Espathra|spe|1\n|upkeep\n|\n|t:|1700532468\n|switch|p1a: Arceus|Arceus-Fire|100\/100\n|turn|8\n|\n|t:|1700532478\n|move|p2a: Espathra|Stored Power|p1a: Arceus\n|-damage|p1a: Arceus|48\/100\n|move|p1a: Arceus|Judgment|p2a: Espathra\n|-damage|p2a: Espathra|0 fnt\n|faint|p2a: Espathra\n|\n|-weather|none\n|-fieldend|move: Electric Terrain\n|upkeep\n|\n|t:|1700532489\n|switch|p2a: Iron Bundle|Iron Bundle|100\/100\n|turn|9\n|\n|t:|1700532501\n|move|p2a: Iron Bundle|Hydro Pump|p1a: Arceus\n|-supereffective|p1a: Arceus\n|-damage|p1a: Arceus|0 fnt\n|faint|p1a: Arceus\n|\n|upkeep\n|\n|t:|1700532505\n|switch|p1a: Koraidon|Koraidon|100\/100\n|-weather|SunnyDay|[from] ability: Orichalcum Pulse|[of] p1a: Koraidon\n|-activate|p1a: Koraidon|Orichalcum Pulse|[source]\n|turn|10\n|\n|t:|1700532514\n|move|p1a: Koraidon|Collision Course|p2a: Iron Bundle\n|-supereffective|p2a: Iron Bundle\n|-damage|p2a: Iron Bundle|0 fnt\n|faint|p2a: Iron Bundle\n|-end|p2a: Iron Bundle|Quark Drive|[silent]\n|\n|-weather|SunnyDay|[upkeep]\n|upkeep\n|\n|t:|1700532525\n|switch|p2a: Iron Leaves|Iron Leaves|100\/100\n|turn|11\n|\n|t:|1700532530\n|switch|p1a: Flutter Mane|Flutter Mane|100\/100\n|-activate|p1a: Flutter Mane|ability: Protosynthesis\n|-start|p1a: Flutter Mane|protosynthesisspe\n|move|p2a: Iron Leaves|Psyblade|p1a: Flutter Mane\n|-damage|p1a: Flutter Mane|9\/100\n|\n|-weather|SunnyDay|[upkeep]\n|upkeep\n|turn|12\n|\n|t:|1700532539\n|move|p1a: Flutter Mane|Shadow Ball|p2a: Iron Leaves\n|-supereffective|p2a: Iron Leaves\n|-damage|p2a: Iron Leaves|8\/100\n|move|p2a: Iron Leaves|Psyblade|p1a: Flutter Mane\n|-damage|p1a: Flutter Mane|0 fnt\n|faint|p1a: Flutter Mane\n|-end|p1a: Flutter Mane|Protosynthesis|[silent]\n|\n|-weather|SunnyDay|[upkeep]\n|upkeep\n|\n|t:|1700532545\n|switch|p1a: Great Tusk|Great Tusk|100\/100\n|-activate|p1a: Great Tusk|ability: Protosynthesis\n|-start|p1a: Great Tusk|protosynthesisatk\n|turn|13\n|\n|t:|1700532555\n|move|p2a: Iron Leaves|Leaf Blade|p1a: Great Tusk\n|-supereffective|p1a: Great Tusk\n|-damage|p1a: Great Tusk|29\/100\n|move|p1a: Great Tusk|Rapid Spin|p2a: Iron Leaves\n|-damage|p2a: Iron Leaves|0 fnt\n|-boost|p1a: Great Tusk|spe|1\n|faint|p2a: Iron Leaves\n|-end|p2a: Iron Leaves|Quark Drive|[silent]\n|\n|-weather|SunnyDay|[upkeep]\n|upkeep\n|\n|t:|1700532564\n|switch|p2a: Iron Moth|Iron Moth|100\/100\n|-item|p2a: Iron Moth|Air Balloon\n|turn|14\n|\n|t:|1700532569\n|move|p1a: Great Tusk|Headlong Rush|p2a: Iron Moth\n|-immune|p2a: Iron Moth\n|move|p2a: Iron Moth|Dazzling Gleam|p1a: Great Tusk\n|-supereffective|p1a: Great Tusk\n|-damage|p1a: Great Tusk|0 fnt\n|faint|p1a: Great Tusk\n|-end|p1a: Great Tusk|Protosynthesis|[silent]\n|\n|-weather|none\n|upkeep\n|\n|t:|1700532571\n|switch|p1a: Koraidon|Koraidon|100\/100\n|-weather|SunnyDay|[from] ability: Orichalcum Pulse|[of] p1a: Koraidon\n|-activate|p1a: Koraidon|Orichalcum Pulse|[source]\n|turn|15\n|\n|t:|1700532579\n|-terastallize|p1a: Koraidon|Fire\n|move|p1a: Koraidon|Flare Blitz|p2a: Iron Moth\n|-resisted|p2a: Iron Moth\n|-damage|p2a: Iron Moth|0 fnt\n|-enditem|p2a: Iron Moth|Air Balloon\n|faint|p2a: Iron Moth\n|-end|p2a: Iron Moth|Quark Drive|[silent]\n|-damage|p1a: Koraidon|71\/100|[from] Recoil\n|\n|-weather|SunnyDay|[upkeep]\n|upkeep\n|\n|t:|1700532583\n|switch|p2a: Donphan|Donphan, L1, F|100\/100\n|turn|16\n|\n|t:|1700532585\n|move|p1a: Koraidon|Flare Blitz|p2a: Donphan\n|-ability|p2a: Donphan|Sturdy\n|-damage|p2a: Donphan|8\/100\n|-damage|p1a: Koraidon|70\/100|[from] Recoil\n|move|p2a: Donphan|Endeavor|p1a: Koraidon\n|-damage|p1a: Koraidon|1\/100\n|-heal|p2a: Donphan|100\/100|[from] item: Shell Bell|[of] p1a: Koraidon\n|\n|-weather|SunnyDay|[upkeep]\n|upkeep\n|turn|17\n|\n|t:|1700532595\n|move|p2a: Donphan|Ice Shard|p1a: Koraidon\n|-resisted|p1a: Koraidon\n|-damage|p1a: Koraidon|0 fnt\n|faint|p1a: Koraidon\n|\n|win|Bansteve\n|raw|Stopbatonpassing's rating: 1149 &rarr; <strong>1115<\/strong><br \/>(-34 for losing)\n|raw|Bansteve's rating: 1022 &rarr; <strong>1072<\/strong><br \/>(+50 for winning)\n|l|\u2606Stopbatonpassing\n","uploadtime":1700532602,"views":14,"p1id":"stopbatonpassing","p2id":"bansteve","formatid":"gen9ubers","rating":1072,"private":0,"password":""}