{"id":"gen9ubers-1982427218","p1":"wamkou","p2":"XpokVEVO","format":"[Gen 9] Ubers","log":"|j|\u2606wamkou\n|j|\u2606XpokVEVO\n|t:|1699013417\n|gametype|singles\n|player|p1|wamkou|elesa-masters2|\n|player|p2|XpokVEVO|rika|\n|teamsize|p1|6\n|teamsize|p2|6\n|gen|9\n|tier|[Gen 9] Ubers\n|rule|Sleep Clause Mod: Limit one foe put to sleep\n|rule|Species Clause: Limit one of each Pok\u00e9mon\n|rule|OHKO Clause: OHKO moves are banned\n|rule|Evasion Items Clause: Evasion items are banned\n|rule|Evasion Moves Clause: Evasion moves are banned\n|rule|Endless Battle Clause: Forcing endless battles is banned\n|rule|HP Percentage Mod: HP is shown in percentages\n|clearpoke\n|poke|p1|Pelipper, M|\n|poke|p1|Basculegion-F, F|\n|poke|p1|Zacian-*|\n|poke|p1|Palkia-Origin|\n|poke|p1|Overqwil, M|\n|poke|p1|Arceus-Ghost|\n|poke|p2|Cyclizar, F|\n|poke|p2|Espathra, F|\n|poke|p2|Magearna|\n|poke|p2|Zacian-*|\n|poke|p2|Roaring Moon|\n|poke|p2|Arceus-Fire|\n|teampreview\n|inactive|Battle timer is ON: inactive players will automatically lose when time's up. (requested by XpokVEVO)\n|\n|t:|1699013426\n|start\n|switch|p1a: Pelipper|Pelipper, M|100\/100\n|switch|p2a: Akira|Cyclizar, F|100\/100\n|-weather|RainDance|[from] ability: Drizzle|[of] p1a: Pelipper\n|turn|1\n|\n|t:|1699013436\n|move|p2a: Akira|Shed Tail|p2a: Akira\n|-start|p2a: Akira|Substitute|[from] move: Shed Tail\n|-damage|p2a: Akira|50\/100\n|\n|t:|1699013450\n|switch|p2a: Aunt Fanny|Magearna|100\/100|[from] Shed Tail\n|move|p1a: Pelipper|U-turn|p2a: Aunt Fanny\n|-resisted|p2a: Aunt Fanny\n|-activate|p2a: Aunt Fanny|move: Substitute|[damage]\n|\n|t:|1699013467\n|switch|p1a: Palkia|Palkia-Origin|100\/100|[from] U-turn\n|-ability|p1a: Palkia|Pressure\n|\n|-weather|RainDance|[upkeep]\n|upkeep\n|turn|2\n|\n|t:|1699013484\n|move|p1a: Palkia|Thunder|p2a: Aunt Fanny\n|-end|p2a: Aunt Fanny|Substitute\n|move|p2a: Aunt Fanny|Thunder Wave|p1a: Palkia\n|-status|p1a: Palkia|par\n|\n|-weather|RainDance|[upkeep]\n|upkeep\n|turn|3\n|\n|t:|1699013493\n|move|p2a: Aunt Fanny|Shift Gear|p2a: Aunt Fanny\n|-boost|p2a: Aunt Fanny|spe|2\n|-boost|p2a: Aunt Fanny|atk|1\n|cant|p1a: Palkia|par\n|\n|-weather|RainDance|[upkeep]\n|upkeep\n|turn|4\n|inactive|XpokVEVO has 270 seconds left.\n|\n|t:|1699013544\n|move|p2a: Aunt Fanny|Fleur Cannon|p1a: Palkia\n|-supereffective|p1a: Palkia\n|-damage|p1a: Palkia|0 fnt\n|-unboost|p2a: Aunt Fanny|spa|2\n|faint|p1a: Palkia\n|-ability|p2a: Aunt Fanny|Soul-Heart|boost\n|-boost|p2a: Aunt Fanny|spa|1\n|\n|-weather|RainDance|[upkeep]\n|upkeep\n|inactive|wamkou has 270 seconds left.\n|\n|t:|1699013598\n|switch|p1a: Arceus|Arceus-Ghost|100\/100\n|turn|5\n|inactive|wamkou has 240 seconds left.\n|inactive|XpokVEVO has 240 seconds left.\n|inactive|wamkou has 210 seconds left.\n|inactive|wamkou has 180 seconds left.\n|\n|t:|1699013679\n|move|p2a: Aunt Fanny|Thunder Wave|p1a: Arceus\n|-status|p1a: Arceus|par\n|cant|p1a: Arceus|par\n|\n|-weather|RainDance|[upkeep]\n|upkeep\n|turn|6\n|inactive|XpokVEVO has 240 seconds left.\n|inactive|XpokVEVO has 210 seconds left.\n|\n|t:|1699013739\n|switch|p2a: Akira|Cyclizar, F|84\/100\n|cant|p1a: Arceus|par\n|\n|-weather|RainDance|[upkeep]\n|upkeep\n|turn|7\n|\n|t:|1699013744\n|move|p2a: Akira|Shed Tail|p2a: Akira\n|-start|p2a: Akira|Substitute|[from] move: Shed Tail\n|-damage|p2a: Akira|33\/100\n|\n|t:|1699013753\n|switch|p2a: Roaring Peak|Roaring Moon|100\/100|[from] Shed Tail\n|-enditem|p2a: Roaring Peak|Booster Energy\n|-activate|p2a: Roaring Peak|ability: Protosynthesis|[fromitem]\n|-start|p2a: Roaring Peak|protosynthesisspe\n|move|p1a: Arceus|Calm Mind|p1a: Arceus\n|-boost|p1a: Arceus|spa|1\n|-boost|p1a: Arceus|spd|1\n|\n|-weather|RainDance|[upkeep]\n|upkeep\n|turn|8\n|\n|t:|1699013767\n|move|p2a: Roaring Peak|Dragon Dance|p2a: Roaring Peak\n|-boost|p2a: Roaring Peak|atk|1\n|-boost|p2a: Roaring Peak|spe|1\n|move|p1a: Arceus|Judgment|p2a: Roaring Peak\n|-resisted|p2a: Roaring Peak\n|-end|p2a: Roaring Peak|Substitute\n|\n|-weather|none\n|upkeep\n|turn|9\n|inactive|XpokVEVO has 210 seconds left.\n|\n|t:|1699013779\n|move|p2a: Roaring Peak|Dragon Dance|p2a: Roaring Peak\n|-boost|p2a: Roaring Peak|atk|1\n|-boost|p2a: Roaring Peak|spe|1\n|move|p1a: Arceus|Judgment|p2a: Roaring Peak\n|-resisted|p2a: Roaring Peak\n|-damage|p2a: Roaring Peak|51\/100\n|\n|upkeep\n|turn|10\n|inactive|wamkou has 210 seconds left.\n|\n|t:|1699013794\n|move|p2a: Roaring Peak|Knock Off|p1a: Arceus\n|-supereffective|p1a: Arceus\n|-damage|p1a: Arceus|9\/100 par\n|move|p1a: Arceus|Judgment|p2a: Roaring Peak\n|-resisted|p2a: Roaring Peak\n|-damage|p2a: Roaring Peak|5\/100\n|\n|upkeep\n|turn|11\n|inactive|wamkou has 210 seconds left.\n|\n|t:|1699013800\n|move|p2a: Roaring Peak|Knock Off|p1a: Arceus\n|-supereffective|p1a: Arceus\n|-damage|p1a: Arceus|0 fnt\n|faint|p1a: Arceus\n|\n|upkeep\n|\n|t:|1699013803\n|switch|p1a: Basculegion|Basculegion-F, F|100\/100\n|turn|12\n|c|\u2606XpokVEVO|Im getting jetted\n|inactive|XpokVEVO has 240 seconds left.\n|\n|t:|1699013810\n|-end|p2a: Roaring Peak|Protosynthesis|[silent]\n|switch|p2a: Aunt Fanny|Magearna|100\/100\n|move|p1a: Basculegion|Aqua Jet|p2a: Aunt Fanny\n|-damage|p2a: Aunt Fanny|77\/100\n|\n|upkeep\n|turn|13\n|c|\u2606wamkou|yearrhhp\n|\n|t:|1699013818\n|switch|p1a: Pelipper|Pelipper, M|100\/100\n|-weather|RainDance|[from] ability: Drizzle|[of] p1a: Pelipper\n|move|p2a: Aunt Fanny|Thunder Wave|p1a: Pelipper|[miss]\n|-miss|p2a: Aunt Fanny|p1a: Pelipper\n|\n|-weather|RainDance|[upkeep]\n|upkeep\n|turn|14\n|\n|t:|1699013836\n|switch|p2a: Akira|Cyclizar, F|67\/100\n|move|p1a: Pelipper|Knock Off|p2a: Akira\n|-damage|p2a: Akira|47\/100\n|-enditem|p2a: Akira|Choice Scarf|[from] move: Knock Off|[of] p1a: Pelipper\n|\n|-weather|RainDance|[upkeep]\n|upkeep\n|turn|15\n|inactive|XpokVEVO has 240 seconds left.\n|\n|t:|1699013851\n|switch|p2a: Ar\u0441eus-Fighting|Arceus-Fire, shiny|100\/100\n|move|p1a: Pelipper|Hurricane|p2a: Ar\u0441eus-Fighting\n|-damage|p2a: Ar\u0441eus-Fighting|77\/100\n|-start|p2a: Ar\u0441eus-Fighting|confusion\n|\n|-weather|RainDance|[upkeep]\n|upkeep\n|turn|16\n|c|\u2606XpokVEVO|MKDCLICK\n|c|\u2606XpokVEVO|i meant\n|c|\u2606XpokVEVO|MLON\n|\n|t:|1699013862\n|-activate|p2a: Ar\u0441eus-Fighting|confusion\n|move|p2a: Ar\u0441eus-Fighting|Dragon Dance|p2a: Ar\u0441eus-Fighting\n|-boost|p2a: Ar\u0441eus-Fighting|atk|1\n|-boost|p2a: Ar\u0441eus-Fighting|spe|1\n|move|p1a: Pelipper|U-turn|p2a: Ar\u0441eus-Fighting\n|-resisted|p2a: Ar\u0441eus-Fighting\n|-damage|p2a: Ar\u0441eus-Fighting|74\/100\n|c|\u2606XpokVEVO|MOON\n|c|\u2606wamkou|pretty suspicous amount of missclicks\n|inactive|wamkou has 210 seconds left.\n|c|\u2606XpokVEVO|Literally 1\n|\n|t:|1699013893\n|switch|p1a: Basculegion|Basculegion-F, F|100\/100|[from] U-turn\n|\n|-weather|RainDance|[upkeep]\n|upkeep\n|turn|17\n|\n|t:|1699013900\n|-terastallize|p1a: Basculegion|Water\n|-terastallize|p2a: Ar\u0441eus-Fighting|Fairy\n|move|p1a: Basculegion|Aqua Jet|p2a: Ar\u0441eus-Fighting\n|-damage|p2a: Ar\u0441eus-Fighting|39\/100\n|-end|p2a: Ar\u0441eus-Fighting|confusion\n|move|p2a: Ar\u0441eus-Fighting|Tera Blast|p1a: Basculegion|[anim] Tera Blast Fairy\n|-damage|p1a: Basculegion|21\/100\n|\n|-weather|RainDance|[upkeep]\n|upkeep\n|turn|18\n|inactive|wamkou has 210 seconds left.\n|\n|t:|1699013911\n|move|p1a: Basculegion|Aqua Jet|p2a: Ar\u0441eus-Fighting\n|-damage|p2a: Ar\u0441eus-Fighting|3\/100\n|move|p2a: Ar\u0441eus-Fighting|Tera Blast|p1a: Basculegion|[anim] Tera Blast Fairy\n|-damage|p1a: Basculegion|0 fnt\n|faint|p1a: Basculegion\n|\n|-weather|RainDance|[upkeep]\n|upkeep\n|c|\u2606wamkou|this is like the 3rd\n|c|\u2606XpokVEVO|GOAAAAT\n|c|\u2606XpokVEVO|goaaat\n|\n|t:|1699013927\n|switch|p1a: Zacian|Zacian|100\/100\n|-ability|p1a: Zacian|Intrepid Sword|boost\n|-boost|p1a: Zacian|atk|1\n|turn|19\n|\n|t:|1699013936\n|move|p2a: Ar\u0441eus-Fighting|Tera Blast|p1a: Zacian|[anim] Tera Blast Fairy\n|-damage|p1a: Zacian|43\/100\n|move|p1a: Zacian|Iron Head|p2a: Ar\u0441eus-Fighting\n|-supereffective|p2a: Ar\u0441eus-Fighting\n|-damage|p2a: Ar\u0441eus-Fighting|0 fnt\n|faint|p2a: Ar\u0441eus-Fighting\n|\n|-weather|RainDance|[upkeep]\n|upkeep\n|\n|t:|1699013944\n|switch|p2a: Emu War|Espathra, F|100\/100\n|turn|20\n|inactive|wamkou has 210 seconds left.\n|\n|t:|1699013957\n|switch|p1a: Overqwil|Overqwil, M|100\/100\n|switch|p2a: Roaring Peak|Roaring Moon|5\/100\n|\n|-weather|none\n|upkeep\n|turn|21\n|inactive|wamkou has 210 seconds left.\n|\n|t:|1699013966\n|move|p2a: Roaring Peak|Earthquake|p1a: Overqwil\n|-supereffective|p1a: Overqwil\n|-damage|p1a: Overqwil|20\/100\n|move|p1a: Overqwil|Crunch|p2a: Roaring Peak\n|-resisted|p2a: Roaring Peak\n|-damage|p2a: Roaring Peak|0 fnt\n|faint|p2a: Roaring Peak\n|-end|p2a: Roaring Peak|Protosynthesis|[silent]\n|\n|upkeep\n|\n|t:|1699013973\n|switch|p2a: Princess|Zacian, shiny|100\/100\n|-ability|p2a: Princess|Intrepid Sword|boost\n|-boost|p2a: Princess|atk|1\n|turn|22\n|\n|t:|1699013976\n|switch|p1a: Pelipper|Pelipper, M|100\/100\n|-weather|RainDance|[from] ability: Drizzle|[of] p1a: Pelipper\n|move|p2a: Princess|Play Rough|p1a: Pelipper\n|-crit|p1a: Pelipper\n|-damage|p1a: Pelipper|0 fnt\n|faint|p1a: Pelipper\n|-damage|p2a: Princess|91\/100|[from] item: Life Orb\n|\n|-weather|RainDance|[upkeep]\n|upkeep\n|\n|t:|1699013980\n|switch|p1a: Overqwil|Overqwil, M|20\/100\n|turn|23\n|\n|t:|1699013984\n|switch|p2a: Aunt Fanny|Magearna|77\/100\n|move|p1a: Overqwil|Gunk Shot|p2a: Aunt Fanny\n|-immune|p2a: Aunt Fanny\n|\n|-weather|RainDance|[upkeep]\n|upkeep\n|turn|24\n|inactive|wamkou has 240 seconds left.\n|\n|t:|1699014005\n|move|p1a: Overqwil|Liquidation|p2a: Aunt Fanny\n|-damage|p2a: Aunt Fanny|32\/100\n|-unboost|p2a: Aunt Fanny|def|1\n|move|p2a: Aunt Fanny|Thunder Wave|p1a: Overqwil\n|-status|p1a: Overqwil|par\n|\n|-weather|RainDance|[upkeep]\n|upkeep\n|turn|25\n|\n|t:|1699014012\n|move|p1a: Overqwil|Liquidation|p2a: Aunt Fanny\n|-damage|p2a: Aunt Fanny|0 fnt\n|faint|p2a: Aunt Fanny\n|\n|-weather|RainDance|[upkeep]\n|upkeep\n|\n|t:|1699014018\n|switch|p2a: Emu War|Espathra, F|100\/100\n|turn|26\n|\n|t:|1699014027\n|move|p2a: Emu War|Protect|p2a: Emu War\n|-singleturn|p2a: Emu War|Protect\n|move|p1a: Overqwil|Crunch|p2a: Emu War\n|-activate|p2a: Emu War|move: Protect\n|\n|-weather|RainDance|[upkeep]\n|-ability|p2a: Emu War|Speed Boost|boost\n|-boost|p2a: Emu War|spe|1\n|upkeep\n|turn|27\n|\n|t:|1699014029\n|move|p2a: Emu War|Calm Mind|p2a: Emu War\n|-boost|p2a: Emu War|spa|1\n|-boost|p2a: Emu War|spd|1\n|move|p1a: Overqwil|Crunch|p2a: Emu War\n|-supereffective|p2a: Emu War\n|-enditem|p2a: Emu War|Focus Sash\n|-damage|p2a: Emu War|1\/100\n|-unboost|p2a: Emu War|def|1\n|\n|-weather|RainDance|[upkeep]\n|-ability|p2a: Emu War|Speed Boost|boost\n|-boost|p2a: Emu War|spe|1\n|upkeep\n|turn|28\n|\n|t:|1699014036\n|move|p2a: Emu War|Dazzling Gleam|p1a: Overqwil\n|-damage|p1a: Overqwil|0 fnt\n|faint|p1a: Overqwil\n|\n|-weather|RainDance|[upkeep]\n|-ability|p2a: Emu War|Speed Boost|boost\n|-boost|p2a: Emu War|spe|1\n|upkeep\n|\n|t:|1699014039\n|switch|p1a: Zacian|Zacian|43\/100\n|turn|29\n|\n|t:|1699014043\n|move|p2a: Emu War|Stored Power|p1a: Zacian\n|-damage|p1a: Zacian|0 fnt\n|faint|p1a: Zacian\n|\n|win|XpokVEVO\n|l|\u2606wamkou\n","uploadtime":1699014052,"views":13,"p1id":"wamkou","p2id":"xpokvevo","formatid":"gen9ubers","rating":0,"private":0,"password":""}