{"id":"gen9ubers-1987340094","p1":"TheRavenParty","p2":"jmastodon","format":"[Gen 9] Ubers","log":"|j|\u2606TheRavenParty\n|j|\u2606jmastodon\n|t:|1699579381\n|gametype|singles\n|player|p1|TheRavenParty|biker-gen4|\n|player|p2|jmastodon|veteran|\n|teamsize|p1|6\n|teamsize|p2|6\n|gen|9\n|tier|[Gen 9] Ubers\n|rule|Sleep Clause Mod: Limit one foe put to sleep\n|rule|Species Clause: Limit one of each Pok\u00e9mon\n|rule|OHKO Clause: OHKO moves are banned\n|rule|Evasion Items Clause: Evasion items are banned\n|rule|Evasion Moves Clause: Evasion moves are banned\n|rule|Endless Battle Clause: Forcing endless battles is banned\n|rule|HP Percentage Mod: HP is shown in percentages\n|clearpoke\n|poke|p1|Clodsire, F|\n|poke|p1|Umbreon, F|\n|poke|p1|Decidueye-Hisui, M|\n|poke|p1|Zoroark-Hisui, F|\n|poke|p1|Garchomp, F|\n|poke|p1|Tinkaton, F|\n|poke|p2|Cloyster, F|\n|poke|p2|Great Tusk|\n|poke|p2|Pikachu-Original, M|\n|poke|p2|Noivern, F|\n|poke|p2|Manaphy|\n|poke|p2|Hoopa-Unbound|\n|teampreview\n|\n|t:|1699579399\n|start\n|switch|p1a: Clodsire|Clodsire, F, shiny|100\/100\n|switch|p2a: Cloyster|Cloyster, F|100\/100\n|turn|1\n|\n|t:|1699579413\n|move|p2a: Cloyster|Shell Smash|p2a: Cloyster\n|-unboost|p2a: Cloyster|def|1\n|-unboost|p2a: Cloyster|spd|1\n|-boost|p2a: Cloyster|atk|2\n|-boost|p2a: Cloyster|spa|2\n|-boost|p2a: Cloyster|spe|2\n|move|p1a: Clodsire|Toxic Spikes|p2a: Cloyster\n|-sidestart|p2: jmastodon|move: Toxic Spikes\n|\n|upkeep\n|turn|2\n|\n|t:|1699579419\n|move|p2a: Cloyster|Icicle Spear|p1a: Clodsire\n|-supereffective|p1a: Clodsire\n|-damage|p1a: Clodsire|54\/100\n|-supereffective|p1a: Clodsire\n|-damage|p1a: Clodsire|4\/100\n|-supereffective|p1a: Clodsire\n|-damage|p1a: Clodsire|0 fnt\n|faint|p1a: Clodsire\n|-hitcount|p1: Clodsire|3\n|\n|upkeep\n|\n|t:|1699579435\n|switch|p1a: Tinkaton|Tinkaton, F, shiny|100\/100\n|-ability|p1a: Tinkaton|Mold Breaker\n|-item|p1a: Tinkaton|Air Balloon\n|turn|3\n|\n|t:|1699579448\n|move|p2a: Cloyster|Icicle Spear|p1a: Tinkaton\n|-resisted|p1a: Tinkaton\n|-damage|p1a: Tinkaton|90\/100\n|-enditem|p1a: Tinkaton|Air Balloon\n|-resisted|p1a: Tinkaton\n|-damage|p1a: Tinkaton|79\/100\n|-resisted|p1a: Tinkaton\n|-damage|p1a: Tinkaton|69\/100\n|-resisted|p1a: Tinkaton\n|-damage|p1a: Tinkaton|58\/100\n|-resisted|p1a: Tinkaton\n|-damage|p1a: Tinkaton|48\/100\n|-hitcount|p1a: Tinkaton|5\n|move|p1a: Tinkaton|Gigaton Hammer|p2a: Cloyster\n|-damage|p2a: Cloyster|42\/100\n|\n|upkeep\n|turn|4\n|\n|t:|1699579466\n|move|p2a: Cloyster|Icicle Spear|p1a: Tinkaton\n|-resisted|p1a: Tinkaton\n|-damage|p1a: Tinkaton|38\/100\n|-resisted|p1a: Tinkaton\n|-damage|p1a: Tinkaton|28\/100\n|-resisted|p1a: Tinkaton\n|-damage|p1a: Tinkaton|18\/100\n|-resisted|p1a: Tinkaton\n|-damage|p1a: Tinkaton|7\/100\n|-resisted|p1a: Tinkaton\n|-damage|p1a: Tinkaton|0 fnt\n|faint|p1a: Tinkaton\n|-hitcount|p1: Tinkaton|5\n|\n|upkeep\n|\n|t:|1699579484\n|switch|p1a: Umbreon|Umbreon, F, shiny|100\/100\n|turn|5\n|\n|t:|1699579499\n|move|p2a: Cloyster|Drill Run|p1a: Umbreon\n|-crit|p1a: Umbreon\n|-damage|p1a: Umbreon|0 fnt\n|replace|p1a: Zoroark|Zoroark-Hisui, F, shiny\n|-end|p1a: Zoroark|Illusion\n|faint|p1a: Zoroark\n|\n|upkeep\n|\n|t:|1699579517\n|switch|p1a: Umbreon|Umbreon, F, shiny|100\/100\n|turn|6\n|\n|t:|1699579524\n|-terastallize|p1a: Umbreon|Poison\n|move|p2a: Cloyster|Icicle Spear|p1a: Umbreon\n|-damage|p1a: Umbreon|81\/100\n|-damage|p1a: Umbreon|64\/100\n|-damage|p1a: Umbreon|46\/100\n|-damage|p1a: Umbreon|27\/100\n|-damage|p1a: Umbreon|7\/100\n|-hitcount|p1a: Umbreon|5\n|move|p1a: Umbreon|Toxic|p2a: Cloyster\n|-status|p2a: Cloyster|tox\n|\n|-heal|p1a: Umbreon|13\/100|[from] item: Leftovers\n|-damage|p2a: Cloyster|36\/100 tox|[from] psn\n|upkeep\n|turn|7\n|\n|t:|1699579544\n|move|p1a: Umbreon|Protect|p1a: Umbreon\n|-singleturn|p1a: Umbreon|Protect\n|move|p2a: Cloyster|Icicle Spear|p1a: Umbreon\n|-activate|p1a: Umbreon|move: Protect\n|\n|-heal|p1a: Umbreon|20\/100|[from] item: Leftovers\n|-damage|p2a: Cloyster|24\/100 tox|[from] psn\n|upkeep\n|turn|8\n|\n|t:|1699579556\n|switch|p1a: Decidueye|Decidueye-Hisui, M, shiny|100\/100\n|move|p2a: Cloyster|Icicle Spear|p1a: Decidueye\n|-supereffective|p1a: Decidueye\n|-damage|p1a: Decidueye|57\/100\n|-supereffective|p1a: Decidueye\n|-damage|p1a: Decidueye|15\/100\n|-supereffective|p1a: Decidueye\n|-damage|p1a: Decidueye|0 fnt\n|faint|p1a: Decidueye\n|-hitcount|p1: Decidueye|3\n|\n|-damage|p2a: Cloyster|5\/100 tox|[from] psn\n|upkeep\n|\n|t:|1699579568\n|switch|p1a: Umbreon|Umbreon, F, shiny, tera:Poison|20\/100\n|turn|9\n|\n|t:|1699579570\n|move|p1a: Umbreon|Protect|p1a: Umbreon\n|-singleturn|p1a: Umbreon|Protect\n|move|p2a: Cloyster|Icicle Spear|p1a: Umbreon\n|-activate|p1a: Umbreon|move: Protect\n|\n|-heal|p1a: Umbreon|26\/100|[from] item: Leftovers\n|-damage|p2a: Cloyster|0 fnt|[from] psn\n|faint|p2a: Cloyster\n|upkeep\n|\n|t:|1699579588\n|switch|p2a: Great Tusk|Great Tusk|100\/100\n|turn|10\n|\n|t:|1699579607\n|move|p2a: Great Tusk|Rapid Spin|p1a: Umbreon\n|-damage|p1a: Umbreon|15\/100\n|-boost|p2a: Great Tusk|spe|1\n|-sideend|p2: jmastodon|Toxic Spikes|[from] move: Rapid Spin|[of] p2a: Great Tusk\n|move|p1a: Umbreon|Wish|p1a: Umbreon\n|\n|-heal|p1a: Umbreon|21\/100|[from] item: Leftovers\n|upkeep\n|turn|11\n|\n|t:|1699579615\n|move|p1a: Umbreon|Protect|p1a: Umbreon\n|-singleturn|p1a: Umbreon|Protect\n|move|p2a: Great Tusk|Earthquake|p1a: Umbreon\n|-activate|p1a: Umbreon|move: Protect\n|\n|-heal|p1a: Umbreon|71\/100|[from] move: Wish|[wisher] Umbreon\n|-heal|p1a: Umbreon|77\/100|[from] item: Leftovers\n|upkeep\n|turn|12\n|\n|t:|1699579624\n|move|p2a: Great Tusk|Earthquake|p1a: Umbreon\n|-supereffective|p1a: Umbreon\n|-damage|p1a: Umbreon|3\/100\n|move|p1a: Umbreon|Toxic|p2a: Great Tusk\n|-status|p2a: Great Tusk|tox\n|\n|-heal|p1a: Umbreon|9\/100|[from] item: Leftovers\n|-damage|p2a: Great Tusk|94\/100 tox|[from] psn\n|upkeep\n|turn|13\n|\n|t:|1699579632\n|move|p1a: Umbreon|Protect|p1a: Umbreon\n|-singleturn|p1a: Umbreon|Protect\n|move|p2a: Great Tusk|Earthquake|p1a: Umbreon\n|-activate|p1a: Umbreon|move: Protect\n|\n|-heal|p1a: Umbreon|15\/100|[from] item: Leftovers\n|-damage|p2a: Great Tusk|82\/100 tox|[from] psn\n|upkeep\n|turn|14\n|\n|t:|1699579640\n|switch|p1a: Garchomp|Garchomp, F|100\/100\n|move|p2a: Great Tusk|Earthquake|p1a: Garchomp\n|-damage|p1a: Garchomp|56\/100\n|\n|-heal|p1a: Garchomp|62\/100|[from] item: Leftovers\n|-damage|p2a: Great Tusk|63\/100 tox|[from] psn\n|upkeep\n|turn|15\n|\n|t:|1699579656\n|move|p1a: Garchomp|Earthquake|p2a: Great Tusk\n|-damage|p2a: Great Tusk|37\/100 tox\n|move|p2a: Great Tusk|Body Press|p1a: Garchomp\n|-damage|p1a: Garchomp|19\/100\n|-damage|p2a: Great Tusk|24\/100 tox|[from] ability: Rough Skin|[of] p1a: Garchomp\n|\n|-heal|p1a: Garchomp|25\/100|[from] item: Leftovers\n|-damage|p2a: Great Tusk|0 fnt|[from] psn\n|faint|p2a: Great Tusk\n|-end|p2a: Great Tusk|Protosynthesis|[silent]\n|upkeep\n|\n|t:|1699579663\n|switch|p2a: Noivern|Noivern, F|100\/100\n|turn|16\n|\n|t:|1699579674\n|move|p2a: Noivern|Draco Meteor|p1a: Garchomp\n|-supereffective|p1a: Garchomp\n|-damage|p1a: Garchomp|0 fnt\n|-unboost|p2a: Noivern|spa|2\n|faint|p1a: Garchomp\n|\n|upkeep\n|\n|t:|1699579678\n|switch|p1a: Umbreon|Umbreon, F, shiny, tera:Poison|15\/100\n|turn|17\n|\n|t:|1699579683\n|switch|p2a: Hoopa|Hoopa-Unbound|100\/100\n|move|p1a: Umbreon|Foul Play|p2a: Hoopa\n|-damage|p2a: Hoopa|2\/100\n|\n|-heal|p1a: Umbreon|21\/100|[from] item: Leftovers\n|upkeep\n|turn|18\n|\n|t:|1699579695\n|move|p1a: Umbreon|Protect|p1a: Umbreon\n|-singleturn|p1a: Umbreon|Protect\n|move|p2a: Hoopa|Hyperspace Fury|p1a: Umbreon\n|-activate|p1a: Umbreon|move: Hyperspace Fury|[broken]\n|-damage|p1a: Umbreon|0 fnt\n|-unboost|p2a: Hoopa|def|1\n|faint|p1a: Umbreon\n|\n|win|jmastodon\n|c|\u2606TheRavenParty|gg\n|c|\u2606jmastodon|gg\n|c|\u2606jmastodon|I'll send the replay\n","uploadtime":1699579714,"views":38,"p1id":"theravenparty","p2id":"jmastodon","formatid":"gen9ubers","rating":0,"private":0,"password":""}