{"id":"gen9ubers-1994930881","p1":"BippyTheChippy","p2":"Anne Frankkkk","format":"[Gen 9] Ubers","log":"|j|\u2606BippyTheChippy\n|j|\u2606Anne Frankkkk\n|t:|1700505704\n|gametype|singles\n|player|p1|BippyTheChippy|n-masters2|1197\n|player|p2|Anne Frankkkk|hilbert|1199\n|teamsize|p1|6\n|teamsize|p2|6\n|gen|9\n|tier|[Gen 9] Ubers\n|rated|\n|rule|Sleep Clause Mod: Limit one foe put to sleep\n|rule|Species Clause: Limit one of each Pok\u00e9mon\n|rule|OHKO Clause: OHKO moves are banned\n|rule|Evasion Items Clause: Evasion items are banned\n|rule|Evasion Moves Clause: Evasion moves are banned\n|rule|Endless Battle Clause: Forcing endless battles is banned\n|rule|HP Percentage Mod: HP is shown in percentages\n|clearpoke\n|poke|p1|Koraidon|\n|poke|p1|Skeledirge, F|\n|poke|p1|Groudon|\n|poke|p1|Flutter Mane|\n|poke|p1|Great Tusk|\n|poke|p1|Ogerpon-Hearthflame, F|\n|poke|p2|Regieleki|\n|poke|p2|Kyogre|\n|poke|p2|Chien-Pao|\n|poke|p2|Ribombee, M|\n|poke|p2|Miraidon|\n|poke|p2|Flutter Mane|\n|teampreview\n|\n|t:|1700505708\n|start\n|switch|p1a: Granola|Groudon|100\/100\n|switch|p2a: Moonblast|Ribombee, M, shiny|100\/100\n|-weather|SunnyDay|[from] ability: Drought|[of] p1a: Granola\n|turn|1\n|inactive|Battle timer is ON: inactive players will automatically lose when time's up. (requested by Anne Frankkkk)\n|\n|t:|1700505716\n|move|p2a: Moonblast|Sticky Web|p1a: Granola\n|-sidestart|p1: BippyTheChippy|move: Sticky Web\n|move|p1a: Granola|Stealth Rock|p2a: Moonblast\n|-sidestart|p2: Anne Frankkkk|move: Stealth Rock\n|\n|-weather|SunnyDay|[upkeep]\n|upkeep\n|turn|2\n|\n|t:|1700505720\n|move|p2a: Moonblast|Stun Spore|p1a: Granola|[miss]\n|-miss|p2a: Moonblast|p1a: Granola\n|move|p1a: Granola|Earthquake|p2a: Moonblast\n|-resisted|p2a: Moonblast\n|-damage|p2a: Moonblast|52\/100\n|\n|-weather|SunnyDay|[upkeep]\n|upkeep\n|turn|3\n|\n|t:|1700505724\n|move|p2a: Moonblast|Stun Spore|p1a: Granola|[miss]\n|-miss|p2a: Moonblast|p1a: Granola\n|move|p1a: Granola|Earthquake|p2a: Moonblast\n|-resisted|p2a: Moonblast\n|-damage|p2a: Moonblast|6\/100\n|\n|-weather|SunnyDay|[upkeep]\n|upkeep\n|turn|4\n|\n|t:|1700505728\n|move|p2a: Moonblast|Stun Spore|p1a: Granola\n|-status|p1a: Granola|par\n|move|p1a: Granola|Earthquake|p2a: Moonblast\n|-resisted|p2a: Moonblast\n|-damage|p2a: Moonblast|0 fnt\n|faint|p2a: Moonblast\n|\n|-weather|SunnyDay|[upkeep]\n|upkeep\n|\n|t:|1700505730\n|switch|p2a: Cyber Lizard|Miraidon|100\/100\n|-damage|p2a: Cyber Lizard|88\/100|[from] Stealth Rock\n|-fieldstart|move: Electric Terrain|[from] ability: Hadron Engine|[of] p2a: Cyber Lizard\n|-item|p2a: Cyber Lizard|Air Balloon\n|turn|5\n|\n|t:|1700505737\n|move|p2a: Cyber Lizard|Calm Mind|p2a: Cyber Lizard\n|-boost|p2a: Cyber Lizard|spa|1\n|-boost|p2a: Cyber Lizard|spd|1\n|cant|p1a: Granola|par\n|\n|-weather|SunnyDay|[upkeep]\n|upkeep\n|turn|6\n|\n|t:|1700505742\n|move|p2a: Cyber Lizard|Calm Mind|p2a: Cyber Lizard\n|-boost|p2a: Cyber Lizard|spa|1\n|-boost|p2a: Cyber Lizard|spd|1\n|move|p1a: Granola|Body Press|p2a: Cyber Lizard\n|-damage|p2a: Cyber Lizard|62\/100\n|-enditem|p2a: Cyber Lizard|Air Balloon\n|\n|-weather|SunnyDay|[upkeep]\n|upkeep\n|turn|7\n|\n|t:|1700505744\n|move|p2a: Cyber Lizard|Dragon Pulse|p1a: Granola\n|-damage|p1a: Granola|8\/100 par\n|cant|p1a: Granola|par\n|\n|-weather|SunnyDay|[upkeep]\n|upkeep\n|turn|8\n|\n|t:|1700505748\n|move|p2a: Cyber Lizard|Dragon Pulse|p1a: Granola\n|-damage|p1a: Granola|0 fnt\n|faint|p1a: Granola\n|\n|-weather|none\n|upkeep\n|\n|t:|1700505753\n|switch|p1a: Agias|Koraidon|100\/100\n|-activate|p1a: Agias|move: Sticky Web\n|-unboost|p1a: Agias|spe|1\n|-weather|SunnyDay|[from] ability: Orichalcum Pulse|[of] p1a: Agias\n|-activate|p1a: Agias|Orichalcum Pulse|[source]\n|-enditem|p1a: Agias|White Herb\n|-clearnegativeboost|p1a: Agias|[silent]\n|turn|9\n|\n|t:|1700505757\n|-terastallize|p2a: Cyber Lizard|Fairy\n|move|p1a: Agias|Scale Shot|p2a: Cyber Lizard\n|-immune|p2a: Cyber Lizard\n|move|p2a: Cyber Lizard|Dragon Pulse|p1a: Agias\n|-supereffective|p1a: Agias\n|-damage|p1a: Agias|0 fnt\n|faint|p1a: Agias\n|\n|-weather|SunnyDay|[upkeep]\n|-fieldend|move: Electric Terrain\n|upkeep\n|\n|t:|1700505763\n|switch|p1a: Whisper|Flutter Mane|100\/100\n|-activate|p1a: Whisper|move: Sticky Web\n|-unboost|p1a: Whisper|spe|1\n|-activate|p1a: Whisper|ability: Protosynthesis\n|-start|p1a: Whisper|protosynthesisspa\n|turn|10\n|\n|t:|1700505771\n|move|p2a: Cyber Lizard|Electro Drift|p1a: Whisper\n|-damage|p1a: Whisper|0 fnt\n|faint|p1a: Whisper\n|-end|p1a: Whisper|Protosynthesis|[silent]\n|\n|-weather|SunnyDay|[upkeep]\n|upkeep\n|\n|t:|1700505775\n|switch|p1a: The Skeld|Skeledirge, F|100\/100\n|-activate|p1a: The Skeld|move: Sticky Web\n|-unboost|p1a: The Skeld|spe|1\n|turn|11\n|\n|t:|1700505780\n|move|p2a: Cyber Lizard|Electro Drift|p1a: The Skeld\n|-damage|p1a: The Skeld|56\/100\n|move|p1a: The Skeld|Torch Song|p2a: Cyber Lizard\n|-damage|p2a: Cyber Lizard|22\/100\n|-boost|p1a: The Skeld|spa|1\n|\n|-weather|SunnyDay|[upkeep]\n|-heal|p1a: The Skeld|62\/100|[from] item: Leftovers\n|upkeep\n|turn|12\n|\n|t:|1700505785\n|move|p2a: Cyber Lizard|Electro Drift|p1a: The Skeld\n|-damage|p1a: The Skeld|17\/100\n|move|p1a: The Skeld|Slack Off|p1a: The Skeld\n|-heal|p1a: The Skeld|67\/100\n|\n|-weather|SunnyDay|[upkeep]\n|-heal|p1a: The Skeld|73\/100|[from] item: Leftovers\n|upkeep\n|turn|13\n|\n|t:|1700505787\n|move|p2a: Cyber Lizard|Electro Drift|p1a: The Skeld\n|-damage|p1a: The Skeld|34\/100\n|move|p1a: The Skeld|Slack Off|p1a: The Skeld\n|-heal|p1a: The Skeld|84\/100\n|\n|-weather|none\n|-heal|p1a: The Skeld|90\/100|[from] item: Leftovers\n|upkeep\n|turn|14\n|\n|t:|1700505792\n|move|p2a: Cyber Lizard|Electro Drift|p1a: The Skeld\n|-damage|p1a: The Skeld|51\/100\n|move|p1a: The Skeld|Torch Song|p2a: Cyber Lizard\n|-damage|p2a: Cyber Lizard|0 fnt\n|-boost|p1a: The Skeld|spa|1\n|faint|p2a: Cyber Lizard\n|\n|-heal|p1a: The Skeld|58\/100|[from] item: Leftovers\n|upkeep\n|\n|t:|1700505794\n|switch|p2a: Bzzzzt|Regieleki, shiny|100\/100\n|-damage|p2a: Bzzzzt|88\/100|[from] Stealth Rock\n|turn|15\n|\n|t:|1700505800\n|move|p2a: Bzzzzt|Thunderbolt|p1a: The Skeld\n|-damage|p1a: The Skeld|9\/100\n|move|p1a: The Skeld|Torch Song|p2a: Bzzzzt\n|-damage|p2a: Bzzzzt|0 fnt\n|-boost|p1a: The Skeld|spa|1\n|faint|p2a: Bzzzzt\n|\n|-heal|p1a: The Skeld|16\/100|[from] item: Leftovers\n|upkeep\n|\n|t:|1700505804\n|switch|p2a: OHKO|Kyogre|100\/100\n|-damage|p2a: OHKO|88\/100|[from] Stealth Rock\n|-weather|RainDance|[from] ability: Drizzle|[of] p2a: OHKO\n|turn|16\n|\n|t:|1700505811\n|move|p2a: OHKO|Water Spout|p1a: The Skeld\n|-supereffective|p1a: The Skeld\n|-damage|p1a: The Skeld|0 fnt\n|faint|p1a: The Skeld\n|\n|-weather|RainDance|[upkeep]\n|upkeep\n|\n|t:|1700505814\n|switch|p1a: Tuscany|Great Tusk|100\/100\n|turn|17\n|\n|t:|1700505818\n|move|p2a: OHKO|Water Spout|p1a: Tuscany\n|-supereffective|p1a: Tuscany\n|-damage|p1a: Tuscany|0 fnt\n|faint|p1a: Tuscany\n|-end|p1a: Tuscany|Protosynthesis|[silent]\n|\n|-weather|RainDance|[upkeep]\n|upkeep\n|\n|t:|1700505821\n|switch|p1a: Ponyo|Ogerpon-Hearthflame, F|100\/100\n|-activate|p1a: Ponyo|move: Sticky Web\n|-unboost|p1a: Ponyo|spe|1\n|-ability|p1a: Ponyo|Mold Breaker\n|turn|18\n|\n|t:|1700505825\n|move|p2a: OHKO|Water Spout|p1a: Ponyo\n|-damage|p1a: Ponyo|0 fnt\n|faint|p1a: Ponyo\n|\n|win|Anne Frankkkk\n|raw|BippyTheChippy's rating: 1197 &rarr; <strong>1172<\/strong><br \/>(-25 for losing)\n|raw|Anne Frankkkk's rating: 1199 &rarr; <strong>1224<\/strong><br \/>(+25 for winning)\n|c|\u2606BippyTheChippy|gg\n","uploadtime":1700505831,"views":1,"p1id":"bippythechippy","p2id":"annefrankkkk","formatid":"gen9ubers","rating":1172,"private":0,"password":""}