{"id":"gen9ubers-1988405265","p1":"fishyroads","p2":"Vario 64\u2606\u5f61","format":"[Gen 9] Ubers","log":"|j|\u2606fishyroads\n|j|\u2606Vario 64\u2606\u5f61\n|t:|1699719314\n|gametype|singles\n|player|p1|fishyroads|harlequin|\n|player|p2|Vario 64\u2606\u5f61|ghetsis|\n|teamsize|p1|6\n|teamsize|p2|6\n|gen|9\n|tier|[Gen 9] Ubers\n|rule|Sleep Clause Mod: Limit one foe put to sleep\n|rule|Species Clause: Limit one of each Pok\u00e9mon\n|rule|OHKO Clause: OHKO moves are banned\n|rule|Evasion Items Clause: Evasion items are banned\n|rule|Evasion Moves Clause: Evasion moves are banned\n|rule|Endless Battle Clause: Forcing endless battles is banned\n|rule|HP Percentage Mod: HP is shown in percentages\n|clearpoke\n|poke|p1|Masquerain, M|\n|poke|p1|Urshifu-*, F|\n|poke|p1|Gholdengo|\n|poke|p1|Arceus-Psychic|\n|poke|p1|Zacian-*|\n|poke|p1|Palkia-Origin|\n|poke|p2|Landorus, M|\n|poke|p2|Gholdengo|\n|poke|p2|Darkrai|\n|poke|p2|Arceus-Fire|\n|poke|p2|Cyclizar, M|\n|poke|p2|Zacian-*|\n|teampreview\n|\n|t:|1699719356\n|start\n|switch|p1a: Masquerain|Masquerain, M|100\/100\n|switch|p2a: Gholdengo|Gholdengo|100\/100\n|-ability|p1a: Masquerain|Intimidate|boost\n|-unboost|p2a: Gholdengo|atk|1\n|turn|1\n|inactive|Battle timer is ON: inactive players will automatically lose when time's up. (requested by fishyroads)\n|\n|t:|1699719366\n|move|p2a: Gholdengo|Shadow Ball|p1a: Masquerain\n|-damage|p1a: Masquerain|50\/100\n|-unboost|p1a: Masquerain|spd|1\n|move|p1a: Masquerain|Sticky Web|p2a: Gholdengo\n|-sidestart|p2: Vario 64\u2606\u5f61|move: Sticky Web\n|\n|upkeep\n|turn|2\n|\n|t:|1699719375\n|move|p2a: Gholdengo|Shadow Ball|p1a: Masquerain\n|-damage|p1a: Masquerain|0 fnt\n|faint|p1a: Masquerain\n|\n|upkeep\n|\n|t:|1699719381\n|switch|p1a: Urshifu|Urshifu, F|100\/100\n|turn|3\n|\n|t:|1699719404\n|move|p2a: Gholdengo|Shadow Ball|p1a: Urshifu\n|-resisted|p1a: Urshifu\n|-damage|p1a: Urshifu|68\/100\n|move|p1a: Urshifu|Wicked Blow|p2a: Gholdengo\n|-supereffective|p2a: Gholdengo\n|-crit|p2a: Gholdengo\n|-damage|p2a: Gholdengo|0 fnt\n|faint|p2a: Gholdengo\n|\n|upkeep\n|inactive|Vario 64\u2606\u5f61 has 270 seconds left.\n|\n|t:|1699719422\n|switch|p2a: Landorus|Landorus, M|100\/100\n|turn|4\n|\n|t:|1699719431\n|switch|p1a: Palkia|Palkia-Origin|100\/100\n|-ability|p1a: Palkia|Pressure\n|move|p2a: Landorus|Earth Power|p1a: Palkia\n|-damage|p1a: Palkia|34\/100\n|\n|upkeep\n|turn|5\n|\n|t:|1699719441\n|move|p1a: Palkia|Hydro Pump|p2a: Landorus\n|-supereffective|p2a: Landorus\n|-damage|p2a: Landorus|0 fnt\n|faint|p2a: Landorus\n|\n|upkeep\n|inactive|Vario 64\u2606\u5f61 has 270 seconds left.\n|\n|t:|1699719454\n|switch|p2a: Cyclizar|Cyclizar, M|100\/100\n|turn|6\n|\n|t:|1699719466\n|move|p2a: Cyclizar|Rapid Spin|p1a: Palkia\n|-damage|p1a: Palkia|12\/100\n|-boost|p2a: Cyclizar|spe|1\n|-sideend|p2: Vario 64\u2606\u5f61|Sticky Web|[from] move: Rapid Spin|[of] p2a: Cyclizar\n|move|p1a: Palkia|Substitute|p1a: Palkia\n|-fail|p1a: Palkia|move: Substitute|[weak]\n|\n|upkeep\n|turn|7\n|inactive|Vario 64\u2606\u5f61 has 270 seconds left.\n|\n|t:|1699719486\n|move|p2a: Cyclizar|Knock Off|p1a: Palkia\n|-damage|p1a: Palkia|0 fnt\n|faint|p1a: Palkia\n|\n|upkeep\n|\n|t:|1699719491\n|switch|p1a: Zacian|Zacian|100\/100\n|-ability|p1a: Zacian|Intrepid Sword|boost\n|-boost|p1a: Zacian|atk|1\n|turn|8\n|inactive|Vario 64\u2606\u5f61 has 270 seconds left.\n|\n|t:|1699719502\n|switch|p2a: Darkrai|Darkrai|100\/100\n|move|p1a: Zacian|Play Rough|p2a: Darkrai\n|-supereffective|p2a: Darkrai\n|-damage|p2a: Darkrai|0 fnt\n|faint|p2a: Darkrai\n|\n|upkeep\n|inactive|Vario 64\u2606\u5f61 has 270 seconds left.\n|\n|t:|1699719508\n|switch|p2a: Arceus|Arceus-Fire|100\/100\n|turn|9\n|\n|t:|1699719538\n|move|p1a: Zacian|Close Combat|p2a: Arceus\n|-damage|p2a: Arceus|55\/100\n|-unboost|p1a: Zacian|def|1\n|-unboost|p1a: Zacian|spd|1\n|move|p2a: Arceus|Dragon Dance|p2a: Arceus\n|-boost|p2a: Arceus|atk|1\n|-boost|p2a: Arceus|spe|1\n|\n|upkeep\n|turn|10\n|\n|t:|1699719551\n|move|p2a: Arceus|Dragon Dance|p2a: Arceus\n|-boost|p2a: Arceus|atk|1\n|-boost|p2a: Arceus|spe|1\n|move|p1a: Zacian|Close Combat|p2a: Arceus\n|-damage|p2a: Arceus|10\/100\n|-unboost|p1a: Zacian|def|1\n|-unboost|p1a: Zacian|spd|1\n|\n|upkeep\n|turn|11\n|\n|t:|1699719563\n|switch|p1a: Gholdengo|Gholdengo|100\/100\n|move|p2a: Arceus|Earthquake|p1a: Gholdengo\n|-supereffective|p1a: Gholdengo\n|-damage|p1a: Gholdengo|0 fnt\n|faint|p1a: Gholdengo\n|\n|upkeep\n|\n|t:|1699719565\n|switch|p1a: Urshifu|Urshifu, F|68\/100\n|turn|12\n|\n|t:|1699719574\n|move|p1a: Urshifu|Sucker Punch||[still]\n|-fail|p1a: Urshifu\n|move|p2a: Arceus|Recover|p2a: Arceus\n|-heal|p2a: Arceus|60\/100\n|\n|upkeep\n|turn|13\n|\n|t:|1699719583\n|switch|p1a: Arceus|Arceus-Psychic|100\/100\n|move|p2a: Arceus|Recover|p2a: Arceus\n|-heal|p2a: Arceus|100\/100\n|\n|upkeep\n|turn|14\n|\n|t:|1699719593\n|-terastallize|p2a: Arceus|Fire\n|move|p2a: Arceus|Flare Blitz|p1a: Arceus\n|-damage|p1a: Arceus|0 fnt\n|faint|p1a: Arceus\n|-damage|p2a: Arceus|67\/100|[from] Recoil\n|\n|upkeep\n|\n|t:|1699719597\n|switch|p1a: Urshifu|Urshifu, F|68\/100\n|turn|15\n|\n|t:|1699719603\n|-terastallize|p1a: Urshifu|Dark\n|move|p2a: Arceus|Flare Blitz|p1a: Urshifu\n|-damage|p1a: Urshifu|0 fnt\n|faint|p1a: Urshifu\n|-damage|p2a: Arceus|50\/100|[from] Recoil\n|\n|upkeep\n|\n|t:|1699719606\n|switch|p1a: Zacian|Zacian|100\/100\n|turn|16\n|c|\u2606fishyroads|ggs\n|c|\u2606fishyroads|lost on 50 50\n|c|\u2606Vario 64\u2606\u5f61|ggs\n|c|\u2606fishyroads|damn\n|c|\u2606fishyroads|2 in a rpw\n|c|\u2606Vario 64\u2606\u5f61|yeah man, mb it ended like this\n|inactive|Vario 64\u2606\u5f61 has 270 seconds left.\n|\n|t:|1699719639\n|move|p2a: Arceus|Flare Blitz|p1a: Zacian\n|-damage|p1a: Zacian|0 fnt\n|faint|p1a: Zacian\n|-damage|p2a: Arceus|26\/100|[from] Recoil\n|\n|win|Vario 64\u2606\u5f61\n|c|\u2606fishyroads|happens\n","uploadtime":1699719654,"views":35,"p1id":"fishyroads","p2id":"vario64","formatid":"gen9ubers","rating":0,"private":0,"password":""}