{"id":"gen9ubers-1969564240","p1":"beststar","p2":"EpicGamer069420","format":"[Gen 9] Ubers","log":"|j|\u2606beststar\n|j|\u2606EpicGamer069420\n|t:|1697547613\n|gametype|singles\n|player|p1|beststar|lucas|1393\n|player|p2|EpicGamer069420|lucas|1497\n|teamsize|p1|6\n|teamsize|p2|6\n|gen|9\n|tier|[Gen 9] Ubers\n|rated|\n|rule|Sleep Clause Mod: Limit one foe put to sleep\n|rule|Species Clause: Limit one of each Pok\u00e9mon\n|rule|OHKO Clause: OHKO moves are banned\n|rule|Evasion Items Clause: Evasion items are banned\n|rule|Evasion Moves Clause: Evasion moves are banned\n|rule|Endless Battle Clause: Forcing endless battles is banned\n|rule|HP Percentage Mod: HP is shown in percentages\n|clearpoke\n|poke|p1|Arceus|\n|poke|p1|Zacian-*|\n|poke|p1|Koraidon|\n|poke|p1|Ting-Lu|\n|poke|p1|Landorus-Therian, M|\n|poke|p1|Flutter Mane|\n|poke|p2|Gliscor, M|\n|poke|p2|Miraidon|\n|poke|p2|Koraidon|\n|poke|p2|Arceus|\n|poke|p2|Clodsire, M|\n|poke|p2|Flutter Mane|\n|teampreview\n|inactive|Battle timer is ON: inactive players will automatically lose when time's up. (requested by EpicGamer069420)\n|inactive|beststar has 120 seconds left.\n|\n|t:|1697547653\n|start\n|switch|p1a: Flutter Mane|Flutter Mane|100\/100\n|switch|p2a: Miraidon|Miraidon|100\/100\n|-fieldstart|move: Electric Terrain|[from] ability: Hadron Engine|[of] p2a: Miraidon\n|turn|1\n|\n|t:|1697547668\n|switch|p2a: Clodsire|Clodsire, M|100\/100\n|move|p1a: Flutter Mane|Moonblast|p2a: Clodsire\n|-resisted|p2a: Clodsire\n|-damage|p2a: Clodsire|80\/100\n|\n|upkeep\n|turn|2\n|\n|t:|1697547679\n|-end|p1a: Flutter Mane|Protosynthesis|[silent]\n|switch|p1a: Ting-Lu|Ting-Lu|100\/100\n|-ability|p1a: Ting-Lu|Vessel of Ruin\n|switch|p2a: Gliscor|Gliscor, M|100\/100\n|\n|-status|p2a: Gliscor|tox|[from] item: Toxic Orb\n|upkeep\n|turn|3\n|inactive|beststar has 120 seconds left.\n|\n|t:|1697547733\n|switch|p1a: Flutter Mane|Flutter Mane|100\/100\n|move|p2a: Gliscor|Spikes|p1a: Flutter Mane\n|-sidestart|p1: beststar|Spikes\n|\n|upkeep\n|turn|4\n|\n|t:|1697547742\n|move|p2a: Gliscor|Protect|p2a: Gliscor\n|-singleturn|p2a: Gliscor|Protect\n|move|p1a: Flutter Mane|Psyshock|p2a: Gliscor\n|-activate|p2a: Gliscor|move: Protect\n|\n|upkeep\n|turn|5\n|\n|t:|1697547751\n|-end|p1a: Flutter Mane|Protosynthesis|[silent]\n|switch|p1a: Landorus|Landorus-Therian, M|100\/100\n|-ability|p1a: Landorus|Intimidate|boost\n|-unboost|p2a: Gliscor|atk|1\n|move|p2a: Gliscor|Earthquake|p1a: Landorus\n|-immune|p1a: Landorus\n|\n|-fieldend|move: Electric Terrain\n|upkeep\n|turn|6\n|\n|t:|1697547770\n|move|p2a: Gliscor|Toxic|p1a: Landorus\n|-status|p1a: Landorus|tox\n|move|p1a: Landorus|Taunt|p2a: Gliscor\n|-start|p2a: Gliscor|move: Taunt\n|\n|-damage|p1a: Landorus|94\/100 tox|[from] psn\n|upkeep\n|turn|7\n|\n|t:|1697547784\n|switch|p2a: Miraidon|Miraidon|100\/100\n|-fieldstart|move: Electric Terrain|[from] ability: Hadron Engine|[of] p2a: Miraidon\n|move|p1a: Landorus|Stealth Rock|p2a: Miraidon\n|-sidestart|p2: EpicGamer069420|move: Stealth Rock\n|\n|-damage|p1a: Landorus|82\/100 tox|[from] psn\n|upkeep\n|turn|8\n|inactive|beststar has 120 seconds left.\n|c|\u2606beststar|gliscor is actually super annoying in ubers omg\n|c|\u2606EpicGamer069420|it is\n|c|\u2606EpicGamer069420|it's annoying in every tier\n|inactive|beststar has 90 seconds left.\n|\n|t:|1697547829\n|move|p2a: Miraidon|U-turn|p1a: Landorus\n|-resisted|p1a: Landorus\n|-damage|p1a: Landorus|78\/100 tox\n|-damage|p2a: Miraidon|84\/100|[from] item: Rocky Helmet|[of] p1a: Landorus\n|\n|t:|1697547838\n|switch|p2a: Gliscor|Gliscor, M|100\/100 tox|[from] U-turn\n|-damage|p2a: Gliscor|88\/100 tox|[from] Stealth Rock\n|move|p1a: Landorus|Earthquake|p2a: Gliscor\n|-immune|p2a: Gliscor\n|\n|-heal|p2a: Gliscor|100\/100 tox|[from] ability: Poison Heal\n|-damage|p1a: Landorus|60\/100 tox|[from] psn\n|upkeep\n|turn|9\n|c|\u2606beststar|god\n|inactive|beststar has 90 seconds left.\n|\n|t:|1697547856\n|switch|p1a: Flutter Mane|Flutter Mane|100\/100\n|-damage|p1a: Flutter Mane|88\/100|[from] Spikes\n|move|p2a: Gliscor|Spikes|p1a: Flutter Mane\n|-sidestart|p1: beststar|Spikes\n|\n|upkeep\n|turn|10\n|\n|t:|1697547865\n|move|p2a: Gliscor|Protect|p2a: Gliscor\n|-singleturn|p2a: Gliscor|Protect\n|move|p1a: Flutter Mane|Shadow Ball|p2a: Gliscor\n|-activate|p2a: Gliscor|move: Protect\n|\n|upkeep\n|turn|11\n|\n|t:|1697547872\n|-end|p1a: Flutter Mane|Protosynthesis|[silent]\n|switch|p1a: Koraidon|Koraidon|100\/100\n|-damage|p1a: Koraidon|84\/100|[from] Spikes\n|-weather|SunnyDay|[from] ability: Orichalcum Pulse|[of] p1a: Koraidon\n|-activate|p1a: Koraidon|Orichalcum Pulse|[source]\n|switch|p2a: Arceus|Arceus|100\/100\n|-damage|p2a: Arceus|88\/100|[from] Stealth Rock\n|\n|-weather|SunnyDay|[upkeep]\n|-fieldend|move: Electric Terrain\n|upkeep\n|turn|12\n|inactive|beststar has 90 seconds left.\n|inactive|EpicGamer069420 has 120 seconds left.\n|\n|t:|1697547905\n|move|p2a: Arceus|Extreme Speed|p1a: Koraidon\n|-damage|p1a: Koraidon|41\/100\n|move|p1a: Koraidon|Flare Blitz|p2a: Arceus\n|-damage|p2a: Arceus|0 fnt\n|faint|p2a: Arceus\n|-damage|p1a: Koraidon|5\/100|[from] Recoil\n|\n|-weather|SunnyDay|[upkeep]\n|upkeep\n|inactive|EpicGamer069420 has 120 seconds left.\n|\n|t:|1697547919\n|switch|p2a: Gliscor|Gliscor, M|100\/100 tox\n|-damage|p2a: Gliscor|88\/100 tox|[from] Stealth Rock\n|turn|13\n|inactive|EpicGamer069420 has 120 seconds left.\n|\n|t:|1697547924\n|move|p2a: Gliscor|Protect|p2a: Gliscor\n|-singleturn|p2a: Gliscor|Protect\n|move|p1a: Koraidon|Flare Blitz|p2a: Gliscor\n|-activate|p2a: Gliscor|move: Protect\n|\n|-weather|SunnyDay|[upkeep]\n|-heal|p2a: Gliscor|100\/100 tox|[from] ability: Poison Heal\n|upkeep\n|turn|14\n|\n|t:|1697547928\n|move|p1a: Koraidon|Flare Blitz|p2a: Gliscor\n|-damage|p2a: Gliscor|21\/100 tox\n|-damage|p1a: Koraidon|0 fnt|[from] Recoil\n|faint|p1a: Koraidon\n|move|p2a: Gliscor|Spikes|p1: Koraidon\n|-sidestart|p1: beststar|Spikes\n|\n|-weather|SunnyDay|[upkeep]\n|-heal|p2a: Gliscor|34\/100 tox|[from] ability: Poison Heal\n|upkeep\n|inactive|beststar has 90 seconds left.\n|inactive|beststar has 60 seconds left.\n|\n|t:|1697547983\n|switch|p1a: Flutter Mane|Flutter Mane|88\/100\n|-damage|p1a: Flutter Mane|63\/100|[from] Spikes\n|-activate|p1a: Flutter Mane|ability: Protosynthesis\n|-start|p1a: Flutter Mane|protosynthesisspe\n|turn|15\n|\n|t:|1697547987\n|move|p2a: Gliscor|Protect|p2a: Gliscor\n|-singleturn|p2a: Gliscor|Protect\n|move|p1a: Flutter Mane|Shadow Ball|p2a: Gliscor\n|-activate|p2a: Gliscor|move: Protect\n|\n|-weather|none\n|-end|p1a: Flutter Mane|Protosynthesis\n|-heal|p2a: Gliscor|46\/100 tox|[from] ability: Poison Heal\n|upkeep\n|turn|16\n|\n|t:|1697547993\n|switch|p2a: Clodsire|Clodsire, M|80\/100\n|move|p1a: Flutter Mane|Shadow Ball|p2a: Clodsire\n|-damage|p2a: Clodsire|44\/100\n|-unboost|p2a: Clodsire|spd|1\n|\n|upkeep\n|turn|17\n|\n|t:|1697547998\n|move|p1a: Flutter Mane|Shadow Ball|p2a: Clodsire\n|-damage|p2a: Clodsire|0 fnt\n|faint|p2a: Clodsire\n|\n|upkeep\n|\n|t:|1697548009\n|switch|p2a: Miraidon|Miraidon|84\/100\n|-fieldstart|move: Electric Terrain|[from] ability: Hadron Engine|[of] p2a: Miraidon\n|turn|18\n|inactive|beststar has 60 seconds left.\n|\n|t:|1697548051\n|-end|p1a: Flutter Mane|Protosynthesis|[silent]\n|switch|p1a: Ting-Lu|Ting-Lu|100\/100\n|-damage|p1a: Ting-Lu|76\/100|[from] Spikes\n|-ability|p1a: Ting-Lu|Vessel of Ruin\n|move|p2a: Miraidon|Electro Drift|p1a: Ting-Lu\n|-immune|p1a: Ting-Lu\n|\n|-heal|p1a: Ting-Lu|82\/100|[from] item: Leftovers\n|upkeep\n|turn|19\n|\n|t:|1697548071\n|move|p2a: Miraidon|U-turn|p1a: Ting-Lu\n|-supereffective|p1a: Ting-Lu\n|-crit|p1a: Ting-Lu\n|-damage|p1a: Ting-Lu|58\/100\n|\n|t:|1697548074\n|switch|p2a: Gliscor|Gliscor, M|46\/100 tox|[from] U-turn\n|-damage|p2a: Gliscor|34\/100 tox|[from] Stealth Rock\n|move|p1a: Ting-Lu|Whirlwind|p2a: Gliscor\n|drag|p2a: Miraidon|Miraidon|84\/100\n|-activate|p2a: Miraidon|ability: Hadron Engine\n|\n|-heal|p1a: Ting-Lu|65\/100|[from] item: Leftovers\n|upkeep\n|turn|20\n|inactive|beststar has 30 seconds left.\n|\n|t:|1697548106\n|move|p2a: Miraidon|Draco Meteor|p1a: Ting-Lu\n|-damage|p1a: Ting-Lu|29\/100\n|-unboost|p2a: Miraidon|spa|2\n|move|p1a: Ting-Lu|Ruination|p2a: Miraidon\n|-damage|p2a: Miraidon|42\/100\n|\n|-heal|p1a: Ting-Lu|35\/100|[from] item: Leftovers\n|upkeep\n|turn|21\n|\n|t:|1697548115\n|switch|p1a: Zacian|Zacian-Crowned|100\/100\n|-damage|p1a: Zacian|76\/100|[from] Spikes\n|-ability|p1a: Zacian|Intrepid Sword|boost\n|-boost|p1a: Zacian|atk|1\n|move|p2a: Miraidon|U-turn|p1a: Zacian\n|-resisted|p1a: Zacian\n|-damage|p1a: Zacian|73\/100\n|\n|t:|1697548122\n|switch|p2a: Koraidon|Koraidon|100\/100|[from] U-turn\n|-weather|SunnyDay|[from] ability: Orichalcum Pulse|[of] p2a: Koraidon\n|-activate|p2a: Koraidon|Orichalcum Pulse|[source]\n|\n|-weather|SunnyDay|[upkeep]\n|upkeep\n|turn|22\n|inactive|beststar has 30 seconds left.\n|j| Evil T-tar\n|inactive|beststar has 20 seconds left.\n|inactive|beststar has 15 seconds left.\n|inactive|beststar has 10 seconds left.\n|inactive|beststar has 5 seconds left.\n|\n|t:|1697548169\n|-terastallize|p2a: Koraidon|Fire\n|move|p1a: Zacian|Wild Charge|p2a: Koraidon\n|-damage|p2a: Koraidon|39\/100\n|-damage|p1a: Zacian|57\/100|[from] Recoil\n|move|p2a: Koraidon|Low Kick|p1a: Zacian\n|-damage|p1a: Zacian|0 fnt\n|faint|p1a: Zacian\n|\n|-weather|SunnyDay|[upkeep]\n|-fieldend|move: Electric Terrain\n|upkeep\n|inactive|beststar has 10 seconds left this turn.\n|inactive|beststar has 5 seconds left.\n|\n|t:|1697548178\n|switch|p1a: Arceus|Arceus|100\/100\n|turn|23\n|inactive|beststar has 15 seconds left this turn.\n|inactive|beststar has 10 seconds left.\n|\n|t:|1697548188\n|switch|p2a: Flutter Mane|Flutter Mane|100\/100\n|-damage|p2a: Flutter Mane|88\/100|[from] Stealth Rock\n|-activate|p2a: Flutter Mane|ability: Protosynthesis\n|-start|p2a: Flutter Mane|protosynthesisspe\n|move|p1a: Arceus|Extreme Speed|p2a: Flutter Mane\n|-immune|p2a: Flutter Mane\n|\n|-weather|SunnyDay|[upkeep]\n|upkeep\n|turn|24\n|inactive|beststar has 20 seconds left this turn.\n|inactive|beststar has 15 seconds left.\n|\n|t:|1697548194\n|move|p2a: Flutter Mane|Moonblast|p1a: Arceus\n|-damage|p1a: Arceus|52\/100\n|move|p1a: Arceus|Shadow Claw|p2a: Flutter Mane\n|-supereffective|p2a: Flutter Mane\n|-damage|p2a: Flutter Mane|0 fnt\n|faint|p2a: Flutter Mane\n|-end|p2a: Flutter Mane|Protosynthesis|[silent]\n|\n|-weather|SunnyDay|[upkeep]\n|upkeep\n|inactive|beststar has 20 seconds left this turn.\n|\n|t:|1697548207\n|switch|p2a: Gliscor|Gliscor, M|34\/100 tox\n|-damage|p2a: Gliscor|21\/100 tox|[from] Stealth Rock\n|turn|25\n|inactive|beststar has 30 seconds left this turn.\n|inactive|beststar has 20 seconds left.\n|\n|t:|1697548219\n|-terastallize|p1a: Arceus|Normal\n|move|p2a: Gliscor|Protect|p2a: Gliscor\n|-singleturn|p2a: Gliscor|Protect\n|move|p1a: Arceus|Extreme Speed|p2a: Gliscor\n|-activate|p2a: Gliscor|move: Protect\n|\n|-weather|none\n|-heal|p2a: Gliscor|34\/100 tox|[from] ability: Poison Heal\n|upkeep\n|turn|26\n|inactive|beststar has 30 seconds left this turn.\n|\n|t:|1697548223\n|move|p1a: Arceus|Extreme Speed|p2a: Gliscor\n|-damage|p2a: Gliscor|0 fnt\n|faint|p2a: Gliscor\n|\n|upkeep\n|c|\u2606EpicGamer069420|gg\n|c|\u2606beststar|gg\n|-message|EpicGamer069420 forfeited.\n|\n|win|beststar\n|raw|beststar's rating: 1393 &rarr; <strong>1419<\/strong><br \/>(+26 for winning)\n|raw|EpicGamer069420's rating: 1497 &rarr; <strong>1471<\/strong><br \/>(-26 for losing)\n|c|\u2606beststar|omg i lost so badly last time\n|c|\u2606EpicGamer069420|wp\n|l| Evil T-tar\n|c|\u2606beststar|thankss\n|l|\u2606EpicGamer069420\n|l|\u2606beststar\n|j|\u2606beststar\n|player|p1|beststar|lucas\n","uploadtime":1697549926,"views":16,"p1id":"beststar","p2id":"epicgamer069420","formatid":"gen9ubers","rating":1419,"private":0,"password":""}