{"id":"gen9ubers-1988023794","p1":"mastershednija69","p2":"Timirk","format":"[Gen 9] Ubers","log":"|j|\u2606mastershednija69\n|j|\u2606Timirk\n|t:|1699660351\n|gametype|singles\n|player|p1|mastershednija69|1|\n|player|p2|Timirk|rye|\n|teamsize|p1|6\n|teamsize|p2|6\n|gen|9\n|tier|[Gen 9] Ubers\n|rule|Sleep Clause Mod: Limit one foe put to sleep\n|rule|Species Clause: Limit one of each Pok\u00e9mon\n|rule|OHKO Clause: OHKO moves are banned\n|rule|Evasion Items Clause: Evasion items are banned\n|rule|Evasion Moves Clause: Evasion moves are banned\n|rule|Endless Battle Clause: Forcing endless battles is banned\n|rule|HP Percentage Mod: HP is shown in percentages\n|clearpoke\n|poke|p1|Enamorus, F|\n|poke|p1|Dragapult, M|\n|poke|p1|Forretress, F|\n|poke|p1|Slaking, M|\n|poke|p1|Manaphy|\n|poke|p1|Ribombee, F|\n|poke|p2|Gliscor, F|\n|poke|p2|Baxcalibur, F|\n|poke|p2|Ninetales-Alola, F|\n|poke|p2|Scizor, F|\n|poke|p2|Zoroark-Hisui, F|\n|poke|p2|Komala, F|\n|teampreview\n|c|\u2606Timirk|glhf\n|c|\u2606mastershednija69|glhf\n|\n|t:|1699660452\n|start\n|switch|p1a: Manaphy|Manaphy, shiny|100\/100\n|switch|p2a: Komala|Komala, F|100\/100\n|-ability|p2a: Komala|Comatose\n|turn|1\n|j| Siffs\n|\n|t:|1699660498\n|switch|p1a: Slaking|Slaking, M, shiny|100\/100\n|move|p2a: Komala|Body Slam|p1a: Slaking\n|-damage|p1a: Slaking|64\/100\n|\n|upkeep\n|turn|2\n|\n|t:|1699660547\n|move|p1a: Slaking|Earthquake|p2a: Komala\n|-damage|p2a: Komala|7\/100\n|move|p2a: Komala|Body Slam|p1a: Slaking\n|-damage|p1a: Slaking|31\/100\n|-status|p1a: Slaking|par\n|\n|upkeep\n|turn|3\n|\n|t:|1699660564\n|move|p2a: Komala|Knock Off|p1a: Slaking\n|-damage|p1a: Slaking|6\/100 par\n|-enditem|p1a: Slaking|Choice Band|[from] move: Knock Off|[of] p2a: Komala\n|cant|p1a: Slaking|ability: Truant\n|\n|upkeep\n|turn|4\n|\n|t:|1699660579\n|move|p2a: Komala|Rapid Spin|p1a: Slaking\n|-damage|p1a: Slaking|0 fnt\n|-boost|p2a: Komala|spe|1\n|faint|p1a: Slaking\n|\n|upkeep\n|\n|t:|1699660585\n|switch|p1a: Dragapult|Dragapult, M, shiny|100\/100\n|turn|5\n|\n|t:|1699660602\n|move|p1a: Dragapult|U-turn|p2a: Komala\n|-damage|p2a: Komala|0 fnt\n|faint|p2a: Komala\n|\n|t:|1699660613\n|switch|p1a: Manaphy|Manaphy, shiny|100\/100|[from] U-turn\n|\n|upkeep\n|\n|t:|1699660620\n|switch|p2a: Ninetales|Ninetales-Alola, F|100\/100\n|-weather|Snow|[from] ability: Snow Warning|[of] p2a: Ninetales\n|turn|6\n|j| hatev2\n|\n|t:|1699660682\n|move|p2a: Ninetales|Aurora Veil|p2a: Ninetales\n|-sidestart|p2: Timirk|move: Aurora Veil\n|move|p1a: Manaphy|Tail Glow|p1a: Manaphy\n|-boost|p1a: Manaphy|spa|3\n|\n|-weather|Snow|[upkeep]\n|upkeep\n|turn|7\n|\n|t:|1699660710\n|move|p2a: Ninetales|Freeze-Dry|p1a: Manaphy\n|-supereffective|p1a: Manaphy\n|-damage|p1a: Manaphy|58\/100\n|move|p1a: Manaphy|Surf|p2a: Ninetales\n|-damage|p2a: Ninetales|54\/100\n|\n|-weather|Snow|[upkeep]\n|-heal|p1a: Manaphy|64\/100|[from] item: Leftovers\n|upkeep\n|turn|8\n|\n|t:|1699660725\n|switch|p1a: Forretress|Forretress, F|100\/100\n|move|p2a: Ninetales|Freeze-Dry|p1a: Forretress\n|-resisted|p1a: Forretress\n|-damage|p1a: Forretress|85\/100\n|\n|-weather|Snow|[upkeep]\n|upkeep\n|turn|9\n|\n|t:|1699660734\n|move|p2a: Ninetales|Hypnosis|p1a: Forretress|[miss]\n|-miss|p2a: Ninetales|p1a: Forretress\n|move|p1a: Forretress|Toxic Spikes|p2a: Ninetales\n|-sidestart|p2: Timirk|move: Toxic Spikes\n|\n|-weather|Snow|[upkeep]\n|upkeep\n|turn|10\n|\n|t:|1699660744\n|move|p2a: Ninetales|Hypnosis|p1a: Forretress\n|-status|p1a: Forretress|slp|[from] move: Hypnosis\n|cant|p1a: Forretress|slp\n|\n|-weather|none\n|upkeep\n|turn|11\n|\n|t:|1699660749\n|switch|p2a: Scizor|Scizor, F|100\/100\n|cant|p1a: Forretress|slp\n|\n|upkeep\n|turn|12\n|c| hatev2|Damn that miss sucks\n|\n|t:|1699660791\n|move|p2a: Scizor|Swords Dance|p2a: Scizor\n|-boost|p2a: Scizor|atk|2\n|-curestatus|p1a: Forretress|slp|[msg]\n|move|p1a: Forretress|Toxic Spikes|p2a: Scizor\n|-sidestart|p2: Timirk|move: Toxic Spikes\n|\n|upkeep\n|turn|13\n|\n|t:|1699660853\n|move|p2a: Scizor|Close Combat|p1a: Forretress\n|-damage|p1a: Forretress|20\/100\n|-unboost|p2a: Scizor|def|1\n|-unboost|p2a: Scizor|spd|1\n|-damage|p2a: Scizor|91\/100|[from] item: Life Orb\n|move|p1a: Forretress|Gyro Ball|p2a: Scizor\n|-resisted|p2a: Scizor\n|-damage|p2a: Scizor|84\/100\n|\n|-sideend|p2: Timirk|move: Aurora Veil\n|upkeep\n|turn|14\n|\n|t:|1699660860\n|move|p2a: Scizor|Close Combat|p1a: Forretress\n|-damage|p1a: Forretress|0 fnt\n|-unboost|p2a: Scizor|def|1\n|-unboost|p2a: Scizor|spd|1\n|faint|p1a: Forretress\n|-damage|p2a: Scizor|74\/100|[from] item: Life Orb\n|\n|upkeep\n|\n|t:|1699660865\n|switch|p1a: Dragapult|Dragapult, M, shiny|100\/100\n|turn|15\n|c| hatev2|7%\n|\n|t:|1699660870\n|move|p2a: Scizor|Bullet Punch|p1a: Dragapult\n|-damage|p1a: Dragapult|0 fnt\n|faint|p1a: Dragapult\n|-damage|p2a: Scizor|64\/100|[from] item: Life Orb\n|\n|upkeep\n|c|\u2606mastershednija69|12%per\n|c|\u2606mastershednija69|that suck\n|\n|t:|1699660903\n|switch|p1a: Ribombee|Ribombee, F, shiny|100\/100\n|turn|16\n|\n|t:|1699660908\n|move|p2a: Scizor|Bullet Punch|p1a: Ribombee\n|-supereffective|p1a: Ribombee\n|-enditem|p1a: Ribombee|Focus Sash\n|-damage|p1a: Ribombee|1\/100\n|-damage|p2a: Scizor|54\/100|[from] item: Life Orb\n|move|p1a: Ribombee|Moonblast|p2a: Scizor\n|-resisted|p2a: Scizor\n|-damage|p2a: Scizor|5\/100\n|\n|upkeep\n|turn|17\n|\n|t:|1699660915\n|move|p2a: Scizor|Bullet Punch|p1a: Ribombee\n|-supereffective|p1a: Ribombee\n|-damage|p1a: Ribombee|0 fnt\n|faint|p1a: Ribombee\n|-damage|p2a: Scizor|0 fnt|[from] item: Life Orb\n|faint|p2a: Scizor\n|\n|upkeep\n|\n|t:|1699660931\n|switch|p1a: Enamorus|Enamorus, F, shiny|100\/100\n|switch|p2a: Gliscor|Gliscor, F|100\/100\n|turn|18\n|\n|t:|1699660937\n|move|p2a: Gliscor|Protect|p2a: Gliscor\n|-singleturn|p2a: Gliscor|Protect\n|move|p1a: Enamorus|Calm Mind|p1a: Enamorus\n|-boost|p1a: Enamorus|spa|1\n|-boost|p1a: Enamorus|spd|1\n|\n|-status|p2a: Gliscor|tox|[from] item: Toxic Orb\n|upkeep\n|turn|19\n|\n|t:|1699660968\n|move|p1a: Enamorus|Calm Mind|p1a: Enamorus\n|-boost|p1a: Enamorus|spa|1\n|-boost|p1a: Enamorus|spd|1\n|move|p2a: Gliscor|Toxic|p1a: Enamorus\n|-status|p1a: Enamorus|tox\n|\n|-damage|p1a: Enamorus|94\/100 tox|[from] psn\n|upkeep\n|turn|20\n|l| hatev2\n|\n|t:|1699660996\n|move|p2a: Gliscor|Protect|p2a: Gliscor\n|-singleturn|p2a: Gliscor|Protect\n|move|p1a: Enamorus|Moonblast|p2a: Gliscor\n|-activate|p2a: Gliscor|move: Protect\n|\n|-damage|p1a: Enamorus|82\/100 tox|[from] psn\n|upkeep\n|turn|21\n|\n|t:|1699661005\n|move|p2a: Gliscor|Protect||[still]\n|-fail|p2a: Gliscor\n|move|p1a: Enamorus|Moonblast|p2a: Gliscor\n|-damage|p2a: Gliscor|0 fnt\n|faint|p2a: Gliscor\n|\n|-damage|p1a: Enamorus|63\/100 tox|[from] psn\n|upkeep\n|\n|t:|1699661019\n|switch|p2a: Ninetales|Ninetales-Alola, F|100\/100\n|-status|p2a: Ninetales|tox\n|turn|22\n|\n|t:|1699661057\n|move|p2a: Ninetales|Sludge Bomb|p1a: Enamorus\n|-supereffective|p1a: Enamorus\n|-damage|p1a: Enamorus|17\/100 tox\n|move|p1a: Enamorus|Moonblast|p2a: Ninetales\n|-damage|p2a: Ninetales|0 fnt\n|replace|p2a: Zoroark|Zoroark-Hisui, F\n|-end|p2a: Zoroark|Illusion\n|faint|p2a: Zoroark\n|\n|-damage|p1a: Enamorus|0 fnt|[from] psn\n|faint|p1a: Enamorus\n|upkeep\n|\n|t:|1699661069\n|switch|p1a: Manaphy|Manaphy, shiny|64\/100\n|switch|p2a: Baxcalibur|Baxcalibur, F|100\/100\n|turn|23\n|\n|t:|1699661090\n|move|p1a: Manaphy|Tail Glow|p1a: Manaphy\n|-boost|p1a: Manaphy|spa|3\n|move|p2a: Baxcalibur|Glaive Rush|p1a: Manaphy\n|-damage|p1a: Manaphy|0 fnt\n|-singlemove|p2a: Baxcalibur|Glaive Rush|[silent]\n|faint|p1a: Manaphy\n|\n|win|Timirk\n|l|\u2606mastershednija69\n|c|\u2606Timirk|ggs\n|j|\u2606mastershednija69\n|player|p1|mastershednija69|1\n|l|\u2606mastershednija69\n|player|p1|\n|j|\u2606mastershednija69\n|player|p1|mastershednija69|1\n","uploadtime":1699661134,"views":39,"p1id":"mastershednija69","p2id":"timirk","formatid":"gen9ubers","rating":0,"private":0,"password":""}