{"id":"gen9ubers-1992104680","p1":"collierm","p2":"RedemptionDeath","format":"[Gen 9] Ubers","log":"|j|\u2606collierm\n|j|\u2606RedemptionDeath\n|t:|1700155478\n|gametype|singles\n|player|p1|collierm|acetrainersnow|1170\n|player|p2|RedemptionDeath|265|1103\n|teamsize|p1|6\n|teamsize|p2|6\n|gen|9\n|tier|[Gen 9] Ubers\n|rated|\n|rule|Sleep Clause Mod: Limit one foe put to sleep\n|rule|Species Clause: Limit one of each Pok\u00e9mon\n|rule|OHKO Clause: OHKO moves are banned\n|rule|Evasion Items Clause: Evasion items are banned\n|rule|Evasion Moves Clause: Evasion moves are banned\n|rule|Endless Battle Clause: Forcing endless battles is banned\n|rule|HP Percentage Mod: HP is shown in percentages\n|clearpoke\n|poke|p1|Zacian-*|\n|poke|p1|Koraidon|\n|poke|p1|Flutter Mane|\n|poke|p1|Rayquaza|\n|poke|p1|Arceus-Fire|\n|poke|p1|Great Tusk|\n|poke|p2|Clodsire, F|\n|poke|p2|Dondozo, M|\n|poke|p2|Alomomola, F|\n|poke|p2|Talonflame, M|\n|poke|p2|Toxapex, M|\n|poke|p2|Blissey, F|\n|teampreview\n|inactive|Battle timer is ON: inactive players will automatically lose when time's up. (requested by RedemptionDeath)\n|\n|t:|1700155493\n|start\n|switch|p1a: Great Tusk|Great Tusk|100\/100\n|switch|p2a: Blissey|Blissey, F|100\/100\n|-enditem|p1a: Great Tusk|Booster Energy\n|-activate|p1a: Great Tusk|ability: Protosynthesis|[fromitem]\n|-start|p1a: Great Tusk|protosynthesisdef\n|turn|1\n|c|\u2606collierm|Glhf\n|\n|t:|1700155509\n|switch|p2a: Toxapex|Toxapex, M|100\/100\n|move|p1a: Great Tusk|Stealth Rock|p2a: Toxapex\n|-sidestart|p2: RedemptionDeath|move: Stealth Rock\n|\n|upkeep\n|turn|2\n|\n|t:|1700155515\n|move|p1a: Great Tusk|Headlong Rush|p2a: Toxapex\n|-supereffective|p2a: Toxapex\n|-damage|p2a: Toxapex|37\/100\n|-unboost|p1a: Great Tusk|def|1\n|-unboost|p1a: Great Tusk|spd|1\n|move|p2a: Toxapex|Infestation|p1a: Great Tusk\n|-resisted|p1a: Great Tusk\n|-damage|p1a: Great Tusk|98\/100\n|-activate|p1a: Great Tusk|move: Infestation|[of] p2a: Toxapex\n|\n|-damage|p1a: Great Tusk|85\/100|[from] move: Infestation|[partiallytrapped]\n|upkeep\n|turn|3\n|\n|t:|1700155533\n|-terastallize|p2a: Toxapex|Fairy\n|move|p1a: Great Tusk|Rapid Spin|p2a: Toxapex\n|-damage|p2a: Toxapex|28\/100\n|-boost|p1a: Great Tusk|spe|1\n|-end|p1a: Great Tusk|Infestation|[partiallytrapped]\n|move|p2a: Toxapex|Recover|p2a: Toxapex\n|-heal|p2a: Toxapex|78\/100\n|\n|upkeep\n|turn|4\n|\n|t:|1700155545\n|move|p1a: Great Tusk|Rapid Spin|p2a: Toxapex\n|-damage|p2a: Toxapex|69\/100\n|-boost|p1a: Great Tusk|spe|1\n|move|p2a: Toxapex|Toxic|p1a: Great Tusk\n|-status|p1a: Great Tusk|tox\n|\n|-damage|p1a: Great Tusk|79\/100 tox|[from] psn\n|upkeep\n|turn|5\n|\n|t:|1700155554\n|move|p1a: Great Tusk|Headlong Rush|p2a: Toxapex\n|-damage|p2a: Toxapex|35\/100\n|-unboost|p1a: Great Tusk|def|1\n|-unboost|p1a: Great Tusk|spd|1\n|move|p2a: Toxapex|Recover|p2a: Toxapex\n|-heal|p2a: Toxapex|85\/100\n|\n|-damage|p1a: Great Tusk|66\/100 tox|[from] psn\n|upkeep\n|turn|6\n|n|!collierm|collierm\n|\n|t:|1700155575\n|move|p1a: Great Tusk|Headlong Rush|p2a: Toxapex\n|-damage|p2a: Toxapex|53\/100\n|-unboost|p1a: Great Tusk|def|1\n|-unboost|p1a: Great Tusk|spd|1\n|move|p2a: Toxapex|Infestation|p1a: Great Tusk\n|-resisted|p1a: Great Tusk\n|-damage|p1a: Great Tusk|62\/100 tox\n|-activate|p1a: Great Tusk|move: Infestation|[of] p2a: Toxapex\n|\n|-damage|p1a: Great Tusk|43\/100 tox|[from] psn\n|-damage|p1a: Great Tusk|31\/100 tox|[from] move: Infestation|[partiallytrapped]\n|upkeep\n|turn|7\n|\n|t:|1700155592\n|move|p1a: Great Tusk|Rapid Spin|p2a: Toxapex\n|-damage|p2a: Toxapex|44\/100\n|-boost|p1a: Great Tusk|spe|1\n|-end|p1a: Great Tusk|Infestation|[partiallytrapped]\n|move|p2a: Toxapex|Recover|p2a: Toxapex\n|-heal|p2a: Toxapex|94\/100\n|\n|-damage|p1a: Great Tusk|6\/100 tox|[from] psn\n|upkeep\n|turn|8\n|\n|t:|1700155603\n|move|p1a: Great Tusk|Headlong Rush|p2a: Toxapex\n|-damage|p2a: Toxapex|64\/100\n|-unboost|p1a: Great Tusk|def|1\n|-unboost|p1a: Great Tusk|spd|1\n|move|p2a: Toxapex|Infestation|p1a: Great Tusk\n|-resisted|p1a: Great Tusk\n|-damage|p1a: Great Tusk|1\/100 tox\n|-activate|p1a: Great Tusk|move: Infestation|[of] p2a: Toxapex\n|\n|-damage|p1a: Great Tusk|0 fnt|[from] psn\n|faint|p1a: Great Tusk\n|-end|p1a: Great Tusk|Protosynthesis|[silent]\n|upkeep\n|inactive|collierm has 120 seconds left.\n|\n|t:|1700155615\n|switch|p1a: Zacian|Zacian-Crowned|100\/100\n|-ability|p1a: Zacian|Intrepid Sword|boost\n|-boost|p1a: Zacian|atk|1\n|turn|9\n|\n|t:|1700155629\n|move|p1a: Zacian|Swords Dance|p1a: Zacian\n|-boost|p1a: Zacian|atk|2\n|move|p2a: Toxapex|Infestation|p1a: Zacian\n|-resisted|p1a: Zacian\n|-damage|p1a: Zacian|99\/100\n|-activate|p1a: Zacian|move: Infestation|[of] p2a: Toxapex\n|\n|-damage|p1a: Zacian|88\/100|[from] move: Infestation|[partiallytrapped]\n|upkeep\n|turn|10\n|\n|t:|1700155640\n|move|p1a: Zacian|Behemoth Blade|p2a: Toxapex\n|-supereffective|p2a: Toxapex\n|-damage|p2a: Toxapex|0 fnt\n|faint|p2a: Toxapex\n|\n|-end|p1a: Zacian|Infestation|[partiallytrapped]|[silent]\n|upkeep\n|\n|t:|1700155656\n|switch|p2a: Dondozo|Dondozo, M|100\/100\n|turn|11\n|\n|t:|1700155669\n|move|p1a: Zacian|Play Rough|p2a: Dondozo\n|-damage|p2a: Dondozo|79\/100\n|move|p2a: Dondozo|Body Press|p1a: Zacian\n|-damage|p1a: Zacian|61\/100\n|\n|upkeep\n|turn|12\n|\n|t:|1700155678\n|move|p1a: Zacian|Play Rough|p2a: Dondozo|[miss]\n|-miss|p1a: Zacian|p2a: Dondozo\n|move|p2a: Dondozo|Body Press|p1a: Zacian\n|-damage|p1a: Zacian|35\/100\n|\n|upkeep\n|turn|13\n|\n|t:|1700155686\n|move|p1a: Zacian|Play Rough|p2a: Dondozo\n|-damage|p2a: Dondozo|56\/100\n|move|p2a: Dondozo|Body Press|p1a: Zacian\n|-damage|p1a: Zacian|9\/100\n|\n|upkeep\n|turn|14\n|\n|t:|1700155695\n|move|p1a: Zacian|Play Rough|p2a: Dondozo\n|-damage|p2a: Dondozo|30\/100\n|move|p2a: Dondozo|Rest|p2a: Dondozo\n|-status|p2a: Dondozo|slp|[from] move: Rest\n|-heal|p2a: Dondozo|100\/100 slp|[silent]\n|\n|upkeep\n|turn|15\n|\n|t:|1700155704\n|move|p1a: Zacian|Play Rough|p2a: Dondozo|[miss]\n|-miss|p1a: Zacian|p2a: Dondozo\n|cant|p2a: Dondozo|slp\n|move|p2a: Dondozo|Sleep Talk|p2a: Dondozo\n|move|p2a: Dondozo|Rest||[from]move: Sleep Talk|[still]\n|-fail|p2a: Dondozo\n|\n|upkeep\n|turn|16\n|\n|t:|1700155714\n|move|p1a: Zacian|Play Rough|p2a: Dondozo\n|-damage|p2a: Dondozo|79\/100 slp\n|cant|p2a: Dondozo|slp\n|move|p2a: Dondozo|Sleep Talk|p2a: Dondozo\n|move|p2a: Dondozo|Heavy Slam|p1a: Zacian|[from]move: Sleep Talk\n|-damage|p1a: Zacian|1\/100\n|\n|upkeep\n|turn|17\n|\n|t:|1700155724\n|move|p1a: Zacian|Play Rough|p2a: Dondozo\n|-damage|p2a: Dondozo|57\/100 slp\n|-curestatus|p2a: Dondozo|slp|[msg]\n|move|p2a: Dondozo|Sleep Talk||[still]\n|-fail|p2a: Dondozo\n|\n|upkeep\n|turn|18\n|\n|t:|1700155732\n|move|p1a: Zacian|Play Rough|p2a: Dondozo\n|-damage|p2a: Dondozo|32\/100\n|-unboost|p2a: Dondozo|atk|1\n|move|p2a: Dondozo|Rest|p2a: Dondozo\n|-status|p2a: Dondozo|slp|[from] move: Rest\n|-heal|p2a: Dondozo|100\/100 slp|[silent]\n|\n|upkeep\n|turn|19\n|-message|collierm forfeited.\n|\n|win|RedemptionDeath\n|raw|collierm's rating: 1170 &rarr; <strong>1140<\/strong><br \/>(-30 for losing)\n|raw|RedemptionDeath's rating: 1103 &rarr; <strong>1133<\/strong><br \/>(+30 for winning)\n","uploadtime":1700155566,"views":11,"p1id":"collierm","p2id":"redemptiondeath","formatid":"gen9ubers","rating":1133,"private":0,"password":""}