{"id":"gen9ubers-1998813909","p1":"Duelsunno","p2":"Gizzzilor","format":"[Gen 9] Ubers","log":"|j|\u2606Duelsunno\n|j|\u2606Gizzzilor\n|t:|1700996264\n|gametype|singles\n|player|p1|Duelsunno|101|1044\n|player|p2|Gizzzilor|170|1072\n|teamsize|p1|6\n|teamsize|p2|6\n|gen|9\n|tier|[Gen 9] Ubers\n|rated|\n|rule|Sleep Clause Mod: Limit one foe put to sleep\n|rule|Species Clause: Limit one of each Pok\u00e9mon\n|rule|OHKO Clause: OHKO moves are banned\n|rule|Evasion Items Clause: Evasion items are banned\n|rule|Evasion Moves Clause: Evasion moves are banned\n|rule|Endless Battle Clause: Forcing endless battles is banned\n|rule|HP Percentage Mod: HP is shown in percentages\n|clearpoke\n|poke|p1|Conkeldurr, M|\n|poke|p1|Slaking, M|\n|poke|p1|Tyranitar, F|\n|poke|p1|Greninja-*, M|\n|poke|p1|Avalugg, M|\n|poke|p1|Charizard, M|\n|poke|p2|Garchomp, F|\n|poke|p2|Eternatus|\n|poke|p2|Shaymin-Sky|\n|poke|p2|Arceus|\n|poke|p2|Tyranitar, M|\n|poke|p2|Miraidon|\n|teampreview\n|inactive|Battle timer is ON: inactive players will automatically lose when time's up. (requested by Gizzzilor)\n|\n|t:|1700996301\n|start\n|switch|p1a: Avalugg|Avalugg, M|100\/100\n|switch|p2a: Garchomp|Garchomp, F|100\/100\n|turn|1\n|\n|t:|1700996330\n|switch|p2a: Arceus|Arceus|100\/100\n|move|p1a: Avalugg|Avalanche|p2a: Arceus\n|-damage|p2a: Arceus|86\/100\n|\n|upkeep\n|turn|2\n|\n|t:|1700996337\n|move|p2a: Arceus|Swords Dance|p2a: Arceus\n|-boost|p2a: Arceus|atk|2\n|move|p1a: Avalugg|Snowscape|p1a: Avalugg\n|-weather|Snow\n|\n|-weather|Snow|[upkeep]\n|upkeep\n|turn|3\n|\n|t:|1700996347\n|move|p2a: Arceus|Swords Dance|p2a: Arceus\n|-boost|p2a: Arceus|atk|2\n|move|p1a: Avalugg|Blizzard|p2a: Arceus\n|-damage|p2a: Arceus|73\/100\n|-status|p2a: Arceus|frz\n|\n|-weather|Snow|[upkeep]\n|upkeep\n|turn|4\n|\n|t:|1700996355\n|cant|p2a: Arceus|frz\n|move|p1a: Avalugg|Blizzard|p2a: Arceus\n|-damage|p2a: Arceus|61\/100 frz\n|\n|-weather|Snow|[upkeep]\n|upkeep\n|turn|5\n|\n|t:|1700996366\n|cant|p2a: Arceus|frz\n|move|p1a: Avalugg|Blizzard|p2a: Arceus\n|-damage|p2a: Arceus|50\/100 frz\n|\n|-weather|Snow|[upkeep]\n|upkeep\n|turn|6\n|\n|t:|1700996372\n|cant|p2a: Arceus|frz\n|move|p1a: Avalugg|Blizzard|p2a: Arceus\n|-damage|p2a: Arceus|38\/100 frz\n|\n|-weather|none\n|upkeep\n|turn|7\n|\n|t:|1700996378\n|cant|p2a: Arceus|frz\n|move|p1a: Avalugg|Blizzard|p2a: Arceus|[miss]\n|-miss|p1a: Avalugg|p2a: Arceus\n|\n|upkeep\n|turn|8\n|\n|t:|1700996387\n|-curestatus|p2a: Arceus|frz|[msg]\n|move|p2a: Arceus|Extreme Speed|p1a: Avalugg\n|-damage|p1a: Avalugg|36\/100\n|move|p1a: Avalugg|Snowscape|p1a: Avalugg\n|-weather|Snow\n|\n|-weather|Snow|[upkeep]\n|-heal|p1a: Avalugg|42\/100|[from] ability: Ice Body\n|-heal|p1a: Avalugg|48\/100|[from] item: Leftovers\n|upkeep\n|turn|9\n|\n|t:|1700996397\n|move|p2a: Arceus|Extreme Speed|p1a: Avalugg\n|-damage|p1a: Avalugg|4\/100\n|move|p1a: Avalugg|Blizzard|p2a: Arceus\n|-damage|p2a: Arceus|26\/100\n|\n|-weather|Snow|[upkeep]\n|-heal|p1a: Avalugg|10\/100|[from] ability: Ice Body\n|-heal|p1a: Avalugg|16\/100|[from] item: Leftovers\n|upkeep\n|turn|10\n|\n|t:|1700996409\n|move|p2a: Arceus|Extreme Speed|p1a: Avalugg\n|-damage|p1a: Avalugg|0 fnt\n|faint|p1a: Avalugg\n|\n|-weather|Snow|[upkeep]\n|upkeep\n|\n|t:|1700996423\n|switch|p1a: Conkeldurr|Conkeldurr, M|100\/100\n|turn|11\n|inactive|Duelsunno has 120 seconds left.\n|\n|t:|1700996448\n|move|p2a: Arceus|Extreme Speed|p1a: Conkeldurr\n|-damage|p1a: Conkeldurr|0 fnt\n|faint|p1a: Conkeldurr\n|\n|-weather|Snow|[upkeep]\n|upkeep\n|inactive|Duelsunno has 120 seconds left.\n|\n|t:|1700996472\n|switch|p1a: Slaking|Slaking, M|100\/100\n|turn|12\n|\n|t:|1700996482\n|move|p2a: Arceus|Extreme Speed|p1a: Slaking\n|-damage|p1a: Slaking|14\/100\n|-damage|p2a: Arceus|10\/100|[from] item: Rocky Helmet|[of] p1a: Slaking\n|move|p1a: Slaking|Body Press|p2a: Arceus\n|-supereffective|p2a: Arceus\n|-damage|p2a: Arceus|0 fnt\n|faint|p2a: Arceus\n|\n|-weather|none\n|upkeep\n|\n|t:|1700996495\n|switch|p2a: Miraidon|Miraidon|100\/100\n|-fieldstart|move: Electric Terrain|[from] ability: Hadron Engine|[of] p2a: Miraidon\n|turn|13\n|inactive|Duelsunno has 120 seconds left.\n|\n|t:|1700996504\n|move|p2a: Miraidon|Volt Switch|p1a: Slaking\n|-damage|p1a: Slaking|0 fnt\n|faint|p1a: Slaking\n|\n|t:|1700996510\n|switch|p2a: Tyranitar|Tyranitar, M|100\/100|[from] Volt Switch\n|-weather|Sandstorm|[from] ability: Sand Stream|[of] p2a: Tyranitar\n|\n|-weather|Sandstorm|[upkeep]\n|upkeep\n|\n|t:|1700996519\n|switch|p1a: Tyranitar|Tyranitar, F|100\/100\n|turn|14\n|inactive|Duelsunno has 120 seconds left.\n|\n|t:|1700996559\n|switch|p2a: Garchomp|Garchomp, F|100\/100\n|move|p1a: Tyranitar|Stone Edge|p2a: Garchomp\n|-resisted|p2a: Garchomp\n|-damage|p2a: Garchomp|72\/100\n|\n|-weather|Sandstorm|[upkeep]\n|-heal|p2a: Garchomp|78\/100|[from] item: Leftovers\n|upkeep\n|turn|15\n|\n|t:|1700996570\n|move|p2a: Garchomp|Swords Dance|p2a: Garchomp\n|-boost|p2a: Garchomp|atk|2\n|move|p1a: Tyranitar|Crunch|p2a: Garchomp\n|-damage|p2a: Garchomp|29\/100\n|\n|-weather|Sandstorm|[upkeep]\n|-heal|p2a: Garchomp|35\/100|[from] item: Leftovers\n|upkeep\n|turn|16\n|\n|t:|1700996588\n|move|p2a: Garchomp|Earthquake|p1a: Tyranitar\n|-supereffective|p1a: Tyranitar\n|-damage|p1a: Tyranitar|0 fnt\n|faint|p1a: Tyranitar\n|\n|-weather|Sandstorm|[upkeep]\n|-heal|p2a: Garchomp|41\/100|[from] item: Leftovers\n|upkeep\n|inactive|Duelsunno has 90 seconds left.\n|\n|t:|1700996606\n|switch|p1a: Greninja|Greninja, M|100\/100\n|turn|17\n|inactive|Duelsunno has 90 seconds left.\n|\n|t:|1700996628\n|-terastallize|p2a: Garchomp|Steel\n|move|p1a: Greninja|Ice Beam|p2a: Garchomp\n|-resisted|p2a: Garchomp\n|-crit|p2a: Garchomp\n|-damage|p2a: Garchomp|11\/100\n|-status|p2a: Garchomp|frz\n|-damage|p1a: Greninja|91\/100|[from] item: Life Orb\n|cant|p2a: Garchomp|frz\n|\n|-weather|Sandstorm|[upkeep]\n|-damage|p1a: Greninja|85\/100|[from] Sandstorm\n|-heal|p2a: Garchomp|17\/100 frz|[from] item: Leftovers\n|-fieldend|move: Electric Terrain\n|upkeep\n|turn|18\n|\n|t:|1700996644\n|move|p1a: Greninja|Water Shuriken|p2a: Garchomp\n|-damage|p2a: Garchomp|6\/100 frz\n|-damage|p2a: Garchomp|0 fnt\n|faint|p2a: Garchomp\n|-hitcount|p2: Garchomp|2\n|-damage|p1a: Greninja|75\/100|[from] item: Life Orb\n|\n|-weather|Sandstorm|[upkeep]\n|-damage|p1a: Greninja|69\/100|[from] Sandstorm\n|upkeep\n|\n|t:|1700996649\n|switch|p2a: Miraidon|Miraidon|100\/100\n|-fieldstart|move: Electric Terrain|[from] ability: Hadron Engine|[of] p2a: Miraidon\n|turn|19\n|\n|t:|1700996655\n|move|p2a: Miraidon|Electro Drift|p1a: Greninja\n|-supereffective|p1a: Greninja\n|-damage|p1a: Greninja|0 fnt\n|faint|p1a: Greninja\n|\n|-weather|Sandstorm|[upkeep]\n|-damage|p2a: Miraidon|94\/100|[from] Sandstorm\n|upkeep\n|\n|t:|1700996662\n|switch|p1a: Charizard|Charizard, M|100\/100\n|turn|20\n|\n|t:|1700996681\n|-terastallize|p1a: Charizard|Ghost\n|move|p2a: Miraidon|Electro Drift|p1a: Charizard\n|-damage|p1a: Charizard|0 fnt\n|faint|p1a: Charizard\n|\n|win|Gizzzilor\n|raw|Duelsunno's rating: 1044 &rarr; <strong>1029<\/strong><br \/>(-15 for losing)\n|raw|Gizzzilor's rating: 1072 &rarr; <strong>1099<\/strong><br \/>(+27 for winning)\n","uploadtime":1700996691,"views":4,"p1id":"duelsunno","p2id":"gizzzilor","formatid":"gen9ubers","rating":1029,"private":0,"password":""}