{"id":"gen9ubers-1987600468","p1":"austriacodbigode","p2":"kai dragneel","format":"[Gen 9] Ubers","log":"|j|\u2606austriacodbigode\n|j|\u2606kai dragneel\n|t:|1699617921\n|gametype|singles\n|player|p1|austriacodbigode|266|1166\n|player|p2|kai dragneel|169|1191\n|teamsize|p1|6\n|teamsize|p2|6\n|gen|9\n|tier|[Gen 9] Ubers\n|rated|\n|rule|Sleep Clause Mod: Limit one foe put to sleep\n|rule|Species Clause: Limit one of each Pok\u00e9mon\n|rule|OHKO Clause: OHKO moves are banned\n|rule|Evasion Items Clause: Evasion items are banned\n|rule|Evasion Moves Clause: Evasion moves are banned\n|rule|Endless Battle Clause: Forcing endless battles is banned\n|rule|HP Percentage Mod: HP is shown in percentages\n|clearpoke\n|poke|p1|Kyogre|\n|poke|p1|Qwilfish-Hisui, M|\n|poke|p1|Basculegion, M|\n|poke|p1|Arceus-Fairy|\n|poke|p1|Iron Treads|\n|poke|p1|Giratina-Origin|\n|poke|p2|Decidueye-Hisui, M|\n|poke|p2|Arcanine-Hisui, M|\n|poke|p2|Basculegion, M|\n|poke|p2|Ursaluna, M|\n|poke|p2|Braviary-Hisui, M|\n|poke|p2|Goodra-Hisui, M|\n|teampreview\n|inactive|Battle timer is ON: inactive players will automatically lose when time's up. (requested by austriacodbigode)\n|\n|t:|1699617934\n|start\n|switch|p1a: Kyogre|Kyogre|100\/100\n|switch|p2a: Ursaluna|Ursaluna, M|100\/100\n|-weather|RainDance|[from] ability: Drizzle|[of] p1a: Kyogre\n|turn|1\n|\n|t:|1699617946\n|switch|p2a: Goodra|Goodra-Hisui, M|100\/100\n|move|p1a: Kyogre|Origin Pulse|p2a: Goodra\n|-resisted|p2a: Goodra\n|-damage|p2a: Goodra|84\/100\n|\n|-weather|RainDance|[upkeep]\n|upkeep\n|turn|2\n|\n|t:|1699617964\n|switch|p2a: Decidueye|Decidueye-Hisui, M|100\/100\n|move|p1a: Kyogre|Thunder Wave|p2a: Decidueye\n|-status|p2a: Decidueye|par\n|\n|-weather|RainDance|[upkeep]\n|upkeep\n|turn|3\n|\n|t:|1699617973\n|move|p1a: Kyogre|Ice Beam|p2a: Decidueye\n|-supereffective|p2a: Decidueye\n|-damage|p2a: Decidueye|48\/100 par\n|move|p2a: Decidueye|Leaf Blade|p1a: Kyogre\n|-supereffective|p1a: Kyogre\n|-damage|p1a: Kyogre|23\/100\n|-damage|p2a: Decidueye|38\/100 par|[from] item: Life Orb\n|\n|-weather|RainDance|[upkeep]\n|upkeep\n|turn|4\n|\n|t:|1699617983\n|move|p2a: Decidueye|Sucker Punch|p1a: Kyogre\n|-damage|p1a: Kyogre|1\/100\n|-damage|p2a: Decidueye|29\/100 par|[from] item: Life Orb\n|move|p1a: Kyogre|Ice Beam|p2a: Decidueye\n|-supereffective|p2a: Decidueye\n|-damage|p2a: Decidueye|0 fnt\n|faint|p2a: Decidueye\n|\n|-weather|RainDance|[upkeep]\n|upkeep\n|\n|t:|1699617994\n|switch|p2a: Basculegion|Basculegion, M|100\/100\n|turn|5\n|\n|t:|1699618000\n|switch|p1a: Qwilfish|Qwilfish-Hisui, M|100\/100\n|move|p2a: Basculegion|Last Respects|p1a: Qwilfish\n|-resisted|p1a: Qwilfish\n|-damage|p1a: Qwilfish|73\/100\n|\n|-weather|RainDance|[upkeep]\n|upkeep\n|turn|6\n|\n|t:|1699618013\n|switch|p2a: Ursaluna|Ursaluna, M|100\/100\n|move|p1a: Qwilfish|Crunch|p2a: Ursaluna\n|-damage|p2a: Ursaluna|78\/100\n|\n|-weather|RainDance|[upkeep]\n|-status|p2a: Ursaluna|brn|[from] item: Flame Orb\n|upkeep\n|turn|7\n|\n|t:|1699618024\n|switch|p1a: Giratina|Giratina-Origin|100\/100\n|move|p2a: Ursaluna|Earthquake|p1a: Giratina\n|-immune|p1a: Giratina|[from] ability: Levitate\n|\n|-weather|RainDance|[upkeep]\n|-damage|p2a: Ursaluna|72\/100 brn|[from] brn\n|upkeep\n|turn|8\n|\n|t:|1699618033\n|move|p2a: Ursaluna|Crunch|p1a: Giratina\n|-supereffective|p1a: Giratina\n|-damage|p1a: Giratina|40\/100\n|move|p1a: Giratina|Dragon Tail|p2a: Ursaluna\n|-damage|p2a: Ursaluna|46\/100 brn\n|drag|p2a: Goodra|Goodra-Hisui, M|84\/100\n|\n|-weather|none\n|upkeep\n|turn|9\n|\n|t:|1699618044\n|move|p1a: Giratina|Will-O-Wisp|p2a: Goodra\n|-status|p2a: Goodra|brn\n|move|p2a: Goodra|Draco Meteor|p1a: Giratina\n|-supereffective|p1a: Giratina\n|-damage|p1a: Giratina|0 fnt\n|-unboost|p2a: Goodra|spa|2\n|faint|p1a: Giratina\n|\n|-damage|p2a: Goodra|78\/100 brn|[from] brn\n|upkeep\n|\n|t:|1699618052\n|switch|p1a: Arceus|Arceus-Fairy|100\/100\n|turn|10\n|\n|t:|1699618063\n|switch|p2a: Arcanine|Arcanine-Hisui, M|100\/100\n|move|p1a: Arceus|Calm Mind|p1a: Arceus\n|-boost|p1a: Arceus|spa|1\n|-boost|p1a: Arceus|spd|1\n|\n|upkeep\n|turn|11\n|\n|t:|1699618076\n|move|p1a: Arceus|Iron Defense|p1a: Arceus\n|-boost|p1a: Arceus|def|2\n|move|p2a: Arcanine|Flare Blitz|p1a: Arceus\n|-crit|p1a: Arceus\n|-damage|p1a: Arceus|33\/100\n|-status|p1a: Arceus|brn\n|\n|-damage|p1a: Arceus|26\/100 brn|[from] brn\n|upkeep\n|turn|12\n|\n|t:|1699618086\n|move|p1a: Arceus|Recover|p1a: Arceus\n|-heal|p1a: Arceus|77\/100 brn\n|move|p2a: Arcanine|Flare Blitz|p1a: Arceus\n|-damage|p1a: Arceus|53\/100 brn\n|\n|-damage|p1a: Arceus|47\/100 brn|[from] brn\n|upkeep\n|turn|13\n|\n|t:|1699618095\n|move|p1a: Arceus|Iron Defense|p1a: Arceus\n|-boost|p1a: Arceus|def|2\n|move|p2a: Arcanine|Flare Blitz|p1a: Arceus\n|-damage|p1a: Arceus|31\/100 brn\n|\n|-damage|p1a: Arceus|25\/100 brn|[from] brn\n|upkeep\n|turn|14\n|\n|t:|1699618105\n|switch|p2a: Ursaluna|Ursaluna, M|46\/100 brn\n|move|p1a: Arceus|Iron Defense|p1a: Arceus\n|-boost|p1a: Arceus|def|2\n|\n|-damage|p1a: Arceus|19\/100 brn|[from] brn\n|-damage|p2a: Ursaluna|40\/100 brn|[from] brn\n|upkeep\n|turn|15\n|\n|t:|1699618113\n|move|p1a: Arceus|Recover|p1a: Arceus\n|-heal|p1a: Arceus|69\/100 brn\n|move|p2a: Ursaluna|Facade|p1a: Arceus\n|-damage|p1a: Arceus|50\/100 brn\n|\n|-damage|p1a: Arceus|44\/100 brn|[from] brn\n|-damage|p2a: Ursaluna|34\/100 brn|[from] brn\n|upkeep\n|turn|16\n|\n|t:|1699618123\n|move|p1a: Arceus|Calm Mind|p1a: Arceus\n|-boost|p1a: Arceus|spa|1\n|-boost|p1a: Arceus|spd|1\n|move|p2a: Ursaluna|Facade|p1a: Arceus\n|-damage|p1a: Arceus|24\/100 brn\n|\n|-damage|p1a: Arceus|18\/100 brn|[from] brn\n|-damage|p2a: Ursaluna|28\/100 brn|[from] brn\n|upkeep\n|turn|17\n|\n|t:|1699618132\n|move|p1a: Arceus|Recover|p1a: Arceus\n|-heal|p1a: Arceus|68\/100 brn\n|move|p2a: Ursaluna|Facade|p1a: Arceus\n|-damage|p1a: Arceus|50\/100 brn\n|\n|-damage|p1a: Arceus|44\/100 brn|[from] brn\n|-damage|p2a: Ursaluna|22\/100 brn|[from] brn\n|upkeep\n|turn|18\n|\n|t:|1699618141\n|move|p1a: Arceus|Judgment|p2a: Ursaluna\n|-damage|p2a: Ursaluna|0 fnt\n|faint|p2a: Ursaluna\n|\n|-damage|p1a: Arceus|38\/100 brn|[from] brn\n|upkeep\n|\n|t:|1699618150\n|switch|p2a: Arcanine|Arcanine-Hisui, M|100\/100\n|turn|19\n|\n|t:|1699618154\n|move|p1a: Arceus|Recover|p1a: Arceus\n|-heal|p1a: Arceus|88\/100 brn\n|move|p2a: Arcanine|Flare Blitz|p1a: Arceus\n|-damage|p1a: Arceus|75\/100 brn\n|\n|-damage|p1a: Arceus|69\/100 brn|[from] brn\n|upkeep\n|turn|20\n|\n|t:|1699618163\n|move|p1a: Arceus|Judgment|p2a: Arcanine\n|-resisted|p2a: Arcanine\n|-damage|p2a: Arcanine|36\/100\n|move|p2a: Arcanine|Flare Blitz|p1a: Arceus\n|-damage|p1a: Arceus|57\/100 brn\n|\n|-damage|p1a: Arceus|51\/100 brn|[from] brn\n|upkeep\n|turn|21\n|\n|t:|1699618173\n|move|p1a: Arceus|Judgment|p2a: Arcanine\n|-resisted|p2a: Arcanine\n|-damage|p2a: Arcanine|0 fnt\n|faint|p2a: Arcanine\n|\n|-damage|p1a: Arceus|45\/100 brn|[from] brn\n|upkeep\n|\n|t:|1699618180\n|switch|p2a: Basculegion|Basculegion, M|100\/100\n|turn|22\n|\n|t:|1699618185\n|move|p2a: Basculegion|Last Respects|p1a: Arceus\n|-damage|p1a: Arceus|27\/100 brn\n|move|p1a: Arceus|Judgment|p2a: Basculegion\n|-damage|p2a: Basculegion|0 fnt\n|faint|p2a: Basculegion\n|\n|-damage|p1a: Arceus|21\/100 brn|[from] brn\n|upkeep\n|-message|kai dragneel forfeited.\n|\n|win|austriacodbigode\n|raw|austriacodbigode's rating: 1166 &rarr; <strong>1193<\/strong><br \/>(+27 for winning)\n|raw|kai dragneel's rating: 1191 &rarr; <strong>1164<\/strong><br \/>(-27 for losing)\n|l|\u2606kai dragneel\n","uploadtime":1699618199,"views":11,"p1id":"austriacodbigode","p2id":"kaidragneel","formatid":"gen9ubers","rating":1164,"private":0,"password":""}