{"id":"gen9ubers-1981514487","p1":"thingamagig","p2":"BieberDialga","format":"[Gen 9] Ubers","log":"|j|\u2606thingamagig\n|j|\u2606BieberDialga\n|t:|1698910280\n|gametype|singles\n|player|p1|thingamagig|buck|\n|player|p2|BieberDialga|carmine-festival|\n|teamsize|p1|6\n|teamsize|p2|6\n|gen|9\n|tier|[Gen 9] Ubers\n|rule|Sleep Clause Mod: Limit one foe put to sleep\n|rule|Species Clause: Limit one of each Pok\u00e9mon\n|rule|OHKO Clause: OHKO moves are banned\n|rule|Evasion Items Clause: Evasion items are banned\n|rule|Evasion Moves Clause: Evasion moves are banned\n|rule|Endless Battle Clause: Forcing endless battles is banned\n|rule|HP Percentage Mod: HP is shown in percentages\n|clearpoke\n|poke|p1|Torkoal, F|\n|poke|p1|Arceus-Grass|\n|poke|p1|Zacian-*|\n|poke|p1|Dragapult, M|\n|poke|p1|Gliscor, F|\n|poke|p1|Cinderace, F|\n|poke|p2|Cyclizar, M|\n|poke|p2|Dialga|\n|poke|p2|Zacian-*|\n|poke|p2|Moltres|\n|poke|p2|Spectrier|\n|poke|p2|Arceus-Fighting|\n|teampreview\n|\n|t:|1698910353\n|start\n|switch|p1a: Dragapult|Dragapult, M|100\/100\n|switch|p2a: DJ Khaled|Cyclizar, M|100\/100\n|turn|1\n|\n|t:|1698910378\n|move|p2a: DJ Khaled|Shed Tail|p2a: DJ Khaled\n|-start|p2a: DJ Khaled|Substitute|[from] move: Shed Tail\n|-damage|p2a: DJ Khaled|50\/100\n|\n|t:|1698910386\n|switch|p2a: Justin|Dialga|100\/100|[from] Shed Tail\n|-ability|p2a: Justin|Pressure\n|move|p1a: Dragapult|U-turn|p2a: Justin\n|-resisted|p2a: Justin\n|-damage|p2a: Justin|94\/100\n|\n|t:|1698910400\n|switch|p1a: Gliscor|Gliscor, F|100\/100|[from] U-turn\n|\n|-heal|p2a: Justin|100\/100|[from] item: Leftovers\n|-status|p1a: Gliscor|tox|[from] item: Toxic Orb\n|upkeep\n|turn|2\n|\n|t:|1698910412\n|move|p1a: Gliscor|Earthquake|p2a: Justin\n|-supereffective|p2a: Justin\n|-end|p2a: Justin|Substitute\n|move|p2a: Justin|Iron Defense|p2a: Justin\n|-boost|p2a: Justin|def|2\n|\n|upkeep\n|turn|3\n|\n|t:|1698910422\n|move|p1a: Gliscor|Knock Off|p2a: Justin\n|-damage|p2a: Justin|90\/100\n|-enditem|p2a: Justin|Leftovers|[from] move: Knock Off|[of] p1a: Gliscor\n|move|p2a: Justin|Stealth Rock|p1a: Gliscor\n|-sidestart|p1: thingamagig|move: Stealth Rock\n|\n|upkeep\n|turn|4\n|\n|t:|1698910476\n|switch|p2a: Chance|Moltres|100\/100\n|move|p1a: Gliscor|U-turn|p2a: Chance\n|-resisted|p2a: Chance\n|-damage|p2a: Chance|97\/100\n|j| jacoooby\n|\n|t:|1698910490\n|switch|p1a: Dragapult|Dragapult, M|100\/100|[from] U-turn\n|-damage|p1a: Dragapult|88\/100|[from] Stealth Rock\n|\n|upkeep\n|turn|5\n|\n|t:|1698910500\n|switch|p2a: Justin|Dialga|90\/100\n|-ability|p2a: Justin|Pressure\n|move|p1a: Dragapult|Thunderbolt|p2a: Justin\n|-resisted|p2a: Justin\n|-damage|p2a: Justin|78\/100\n|\n|upkeep\n|turn|6\n|\n|t:|1698910507\n|switch|p1a: Torkoal|Torkoal, F|100\/100\n|-damage|p1a: Torkoal|75\/100|[from] Stealth Rock\n|-weather|SunnyDay|[from] ability: Drought|[of] p1a: Torkoal\n|move|p2a: Justin|Flash Cannon|p1a: Torkoal\n|-resisted|p1a: Torkoal\n|-damage|p1a: Torkoal|58\/100\n|\n|-weather|SunnyDay|[upkeep]\n|upkeep\n|turn|7\n|\n|t:|1698910518\n|move|p2a: Justin|Iron Defense|p2a: Justin\n|-boost|p2a: Justin|def|2\n|move|p1a: Torkoal|Yawn|p2a: Justin\n|-start|p2a: Justin|move: Yawn|[of] p1a: Torkoal\n|\n|-weather|SunnyDay|[upkeep]\n|upkeep\n|turn|8\n|\n|t:|1698910526\n|move|p2a: Justin|Body Press|p1a: Torkoal\n|-damage|p1a: Torkoal|25\/100\n|move|p1a: Torkoal|Stealth Rock|p2a: Justin\n|-sidestart|p2: BieberDialga|move: Stealth Rock\n|\n|-weather|SunnyDay|[upkeep]\n|-end|p2a: Justin|move: Yawn|[silent]\n|-status|p2a: Justin|slp\n|upkeep\n|turn|9\n|\n|t:|1698910562\n|switch|p1a: Arceus|Arceus-Grass|100\/100\n|-damage|p1a: Arceus|88\/100|[from] Stealth Rock\n|cant|p2a: Justin|slp\n|\n|-weather|SunnyDay|[upkeep]\n|upkeep\n|turn|10\n|\n|t:|1698910576\n|move|p1a: Arceus|Calm Mind|p1a: Arceus\n|-boost|p1a: Arceus|spa|1\n|-boost|p1a: Arceus|spd|1\n|cant|p2a: Justin|slp\n|\n|-weather|SunnyDay|[upkeep]\n|upkeep\n|turn|11\n|\n|t:|1698910585\n|move|p1a: Arceus|Calm Mind|p1a: Arceus\n|-boost|p1a: Arceus|spa|1\n|-boost|p1a: Arceus|spd|1\n|-curestatus|p2a: Justin|slp|[msg]\n|move|p2a: Justin|Body Press|p1a: Arceus\n|-damage|p1a: Arceus|60\/100\n|\n|-weather|SunnyDay|[upkeep]\n|upkeep\n|turn|12\n|\n|t:|1698910592\n|move|p1a: Arceus|Flamethrower|p2a: Justin\n|-damage|p2a: Justin|35\/100\n|move|p2a: Justin|Body Press|p1a: Arceus\n|-damage|p1a: Arceus|32\/100\n|\n|-weather|SunnyDay|[upkeep]\n|upkeep\n|turn|13\n|\n|t:|1698910599\n|switch|p2a: Chance|Moltres|97\/100\n|move|p1a: Arceus|Recover|p1a: Arceus\n|-heal|p1a: Arceus|82\/100\n|\n|-weather|none\n|upkeep\n|turn|14\n|\n|t:|1698910620\n|move|p1a: Arceus|Flamethrower|p2a: Chance\n|-resisted|p2a: Chance\n|-damage|p2a: Chance|71\/100\n|move|p2a: Chance|Roar|p1a: Arceus\n|drag|p1a: Dragapult|Dragapult, M|88\/100\n|-damage|p1a: Dragapult|76\/100|[from] Stealth Rock\n|\n|upkeep\n|turn|15\n|j| utspokemonclub\n|\n|t:|1698910648\n|switch|p2a: Justin|Dialga|35\/100\n|-damage|p2a: Justin|29\/100|[from] Stealth Rock\n|-ability|p2a: Justin|Pressure\n|move|p1a: Dragapult|Shadow Ball|p2a: Justin\n|-damage|p2a: Justin|0 fnt\n|faint|p2a: Justin\n|\n|upkeep\n|\n|t:|1698910655\n|switch|p2a: DJ Khaled|Cyclizar, M|84\/100\n|-damage|p2a: DJ Khaled|71\/100|[from] Stealth Rock\n|turn|16\n|\n|t:|1698910684\n|switch|p1a: Torkoal|Torkoal, F|25\/100\n|-damage|p1a: Torkoal|0 fnt|[from] Stealth Rock\n|faint|p1a: Torkoal\n|move|p2a: DJ Khaled|Draco Meteor|p1: Torkoal|[notarget]\n|-fail|p2a: DJ Khaled\n|\n|upkeep\n|\n|t:|1698910694\n|switch|p1a: Zacian|Zacian|100\/100\n|-damage|p1a: Zacian|88\/100|[from] Stealth Rock\n|-ability|p1a: Zacian|Intrepid Sword|boost\n|-boost|p1a: Zacian|atk|1\n|turn|17\n|\n|t:|1698910706\n|switch|p2a: Chance|Moltres|71\/100\n|move|p1a: Zacian|Play Rough|p2a: Chance\n|-resisted|p2a: Chance\n|-damage|p2a: Chance|37\/100\n|-status|p1a: Zacian|brn|[from] ability: Flame Body|[of] p2a: Chance\n|\n|-damage|p1a: Zacian|82\/100 brn|[from] brn\n|upkeep\n|turn|18\n|\n|t:|1698910732\n|switch|p1a: Gliscor|Gliscor, F|100\/100 tox\n|-damage|p1a: Gliscor|88\/100 tox|[from] Stealth Rock\n|move|p2a: Chance|Roost|p2a: Chance\n|-heal|p2a: Chance|87\/100\n|-singleturn|p2a: Chance|move: Roost\n|\n|-heal|p1a: Gliscor|100\/100 tox|[from] ability: Poison Heal\n|upkeep\n|turn|19\n|\n|t:|1698910747\n|switch|p2a: Usher|Arceus-Fighting|100\/100\n|-damage|p2a: Usher|94\/100|[from] Stealth Rock\n|move|p1a: Gliscor|Knock Off|p2a: Usher\n|-resisted|p2a: Usher\n|-damage|p2a: Usher|90\/100\n|\n|upkeep\n|turn|20\n|j| PabloTheCommunist\n|\n|t:|1698910764\n|move|p2a: Usher|Cosmic Power|p2a: Usher\n|-boost|p2a: Usher|def|1\n|-boost|p2a: Usher|spd|1\n|move|p1a: Gliscor|U-turn|p2a: Usher\n|-resisted|p2a: Usher\n|-damage|p2a: Usher|86\/100\n|c| PabloTheCommunist|This is so fanum tax\n|\n|t:|1698910783\n|switch|p1a: Arceus|Arceus-Grass|82\/100|[from] U-turn\n|-damage|p1a: Arceus|69\/100|[from] Stealth Rock\n|\n|upkeep\n|turn|21\n|j| The K Tank\n|\n|t:|1698910798\n|move|p1a: Arceus|Calm Mind|p1a: Arceus\n|-boost|p1a: Arceus|spa|1\n|-boost|p1a: Arceus|spd|1\n|move|p2a: Usher|Cosmic Power|p2a: Usher\n|-boost|p2a: Usher|def|1\n|-boost|p2a: Usher|spd|1\n|\n|upkeep\n|turn|22\n|\n|t:|1698910805\n|move|p1a: Arceus|Calm Mind|p1a: Arceus\n|-boost|p1a: Arceus|spa|1\n|-boost|p1a: Arceus|spd|1\n|move|p2a: Usher|Body Press|p1a: Arceus\n|-damage|p1a: Arceus|8\/100\n|\n|upkeep\n|turn|23\n|\n|t:|1698910814\n|move|p1a: Arceus|Judgment|p2a: Usher\n|-damage|p2a: Usher|53\/100\n|move|p2a: Usher|Body Press|p1a: Arceus\n|-damage|p1a: Arceus|0 fnt\n|faint|p1a: Arceus\n|\n|upkeep\n|\n|t:|1698910835\n|switch|p1a: Zacian|Zacian|82\/100 brn\n|-damage|p1a: Zacian|70\/100 brn|[from] Stealth Rock\n|turn|24\n|j| someguy459\n|\n|t:|1698910847\n|-terastallize|p1a: Zacian|Fairy\n|move|p1a: Zacian|Play Rough|p2a: Usher\n|-supereffective|p2a: Usher\n|-damage|p2a: Usher|32\/100\n|move|p2a: Usher|Recover|p2a: Usher\n|-heal|p2a: Usher|82\/100\n|\n|-damage|p1a: Zacian|64\/100 brn|[from] brn\n|upkeep\n|turn|25\n|\n|t:|1698910858\n|move|p1a: Zacian|Play Rough|p2a: Usher\n|-supereffective|p2a: Usher\n|-damage|p2a: Usher|57\/100\n|move|p2a: Usher|Body Press|p1a: Zacian\n|-resisted|p1a: Zacian\n|-damage|p1a: Zacian|16\/100 brn\n|\n|-damage|p1a: Zacian|10\/100 brn|[from] brn\n|upkeep\n|turn|26\n|\n|t:|1698910862\n|move|p1a: Zacian|Play Rough|p2a: Usher|[miss]\n|-miss|p1a: Zacian|p2a: Usher\n|move|p2a: Usher|Recover|p2a: Usher\n|-heal|p2a: Usher|100\/100\n|\n|-damage|p1a: Zacian|4\/100 brn|[from] brn\n|upkeep\n|turn|27\n|c| The K Tank|skibidi toilet 70 just came out\n|\n|t:|1698910865\n|move|p1a: Zacian|Play Rough|p2a: Usher\n|-supereffective|p2a: Usher\n|-damage|p2a: Usher|76\/100\n|move|p2a: Usher|Recover|p2a: Usher\n|-heal|p2a: Usher|100\/100\n|\n|-damage|p1a: Zacian|0 fnt|[from] brn\n|faint|p1a: Zacian\n|upkeep\n|\n|t:|1698910881\n|switch|p1a: Cinderace|Cinderace, F|100\/100\n|turn|28\n|\n|t:|1698910886\n|move|p1a: Cinderace|Will-O-Wisp|p2a: Usher\n|-status|p2a: Usher|brn\n|move|p2a: Usher|Body Press|p1a: Cinderace\n|-damage|p1a: Cinderace|27\/100\n|\n|-damage|p2a: Usher|94\/100 brn|[from] brn\n|upkeep\n|turn|29\n|\n|t:|1698910894\n|move|p1a: Cinderace|Pyro Ball|p2a: Usher\n|-damage|p2a: Usher|80\/100 brn\n|move|p2a: Usher|Cosmic Power|p2a: Usher\n|-boost|p2a: Usher|def|1\n|-boost|p2a: Usher|spd|1\n|\n|-damage|p2a: Usher|74\/100 brn|[from] brn\n|upkeep\n|turn|30\n|\n|t:|1698910898\n|move|p1a: Cinderace|Pyro Ball|p2a: Usher\n|-damage|p2a: Usher|61\/100 brn\n|move|p2a: Usher|Recover|p2a: Usher\n|-heal|p2a: Usher|100\/100 brn\n|\n|-damage|p2a: Usher|94\/100 brn|[from] brn\n|upkeep\n|turn|31\n|\n|t:|1698910902\n|move|p1a: Cinderace|Pyro Ball|p2a: Usher\n|-damage|p2a: Usher|83\/100 brn\n|move|p2a: Usher|Body Press|p1a: Cinderace\n|-damage|p1a: Cinderace|0 fnt\n|faint|p1a: Cinderace\n|\n|-damage|p2a: Usher|77\/100 brn|[from] brn\n|upkeep\n|\n|t:|1698910910\n|switch|p1a: Gliscor|Gliscor, F|100\/100 tox\n|-damage|p1a: Gliscor|88\/100 tox|[from] Stealth Rock\n|turn|32\n|c| someguy459|liam gilbert crohns disease lord kai live on twitch stall game funeral payment phantom tax skibidi asseater in miller grove grimace shake gangnam style chinese military wife took the kids\n|\n|t:|1698910916\n|move|p2a: Usher|Cosmic Power|p2a: Usher\n|-boost|p2a: Usher|def|1\n|-boost|p2a: Usher|spd|1\n|move|p1a: Gliscor|Earthquake|p2a: Usher\n|-damage|p2a: Usher|69\/100 brn\n|\n|-heal|p1a: Gliscor|100\/100 tox|[from] ability: Poison Heal\n|-damage|p2a: Usher|63\/100 brn|[from] brn\n|upkeep\n|turn|33\n|c| PabloTheCommunist|real\n|\n|t:|1698910946\n|move|p2a: Usher|Cosmic Power|p2a: Usher\n|-boost|p2a: Usher|def|1\n|-boost|p2a: Usher|spd|1\n|move|p1a: Gliscor|Earthquake|p2a: Usher\n|-damage|p2a: Usher|57\/100 brn\n|\n|-damage|p2a: Usher|51\/100 brn|[from] brn\n|upkeep\n|turn|34\n|\n|t:|1698910952\n|move|p2a: Usher|Recover|p2a: Usher\n|-heal|p2a: Usher|100\/100 brn\n|move|p1a: Gliscor|Earthquake|p2a: Usher\n|-damage|p2a: Usher|94\/100 brn\n|\n|-damage|p2a: Usher|88\/100 brn|[from] brn\n|upkeep\n|turn|35\n|\n|t:|1698910955\n|move|p2a: Usher|Cosmic Power|p2a: Usher\n|-boost|p2a: Usher|def|1\n|-boost|p2a: Usher|spd|1\n|move|p1a: Gliscor|Earthquake|p2a: Usher\n|-damage|p2a: Usher|83\/100 brn\n|\n|-damage|p2a: Usher|77\/100 brn|[from] brn\n|upkeep\n|turn|36\n|\n|t:|1698910958\n|move|p2a: Usher|Stored Power|p1a: Gliscor\n|-damage|p1a: Gliscor|21\/100 tox\n|move|p1a: Gliscor|Earthquake|p2a: Usher\n|-damage|p2a: Usher|71\/100 brn\n|\n|-heal|p1a: Gliscor|33\/100 tox|[from] ability: Poison Heal\n|-damage|p2a: Usher|65\/100 brn|[from] brn\n|upkeep\n|turn|37\n|\n|t:|1698910961\n|move|p2a: Usher|Stored Power|p1a: Gliscor\n|-damage|p1a: Gliscor|0 fnt\n|faint|p1a: Gliscor\n|\n|-damage|p2a: Usher|59\/100 brn|[from] brn\n|upkeep\n|\n|t:|1698910963\n|switch|p1a: Dragapult|Dragapult, M|76\/100\n|-damage|p1a: Dragapult|64\/100|[from] Stealth Rock\n|turn|38\n|\n|t:|1698910966\n|move|p1a: Dragapult|Draco Meteor|p2a: Usher\n|-damage|p2a: Usher|44\/100 brn\n|-unboost|p1a: Dragapult|spa|2\n|move|p2a: Usher|Stored Power|p1a: Dragapult\n|-damage|p1a: Dragapult|0 fnt\n|faint|p1a: Dragapult\n|\n|win|BieberDialga\n|l|\u2606BieberDialga\n|l|\u2606thingamagig\n|l| someguy459\n|j|\u2606thingamagig\n|player|p1|thingamagig|buck\n|j| C4CTUSK1NG\n","uploadtime":1698911032,"views":14,"p1id":"thingamagig","p2id":"bieberdialga","formatid":"gen9ubers","rating":0,"private":0,"password":""}