{"id":"gen9ubers-1969616299","p1":"RubyDragonFruit","p2":"Nechestivo","format":"[Gen 9] Ubers","log":"|j|\u2606RubyDragonFruit\n|j|\u2606Nechestivo\n|t:|1697552187\n|gametype|singles\n|player|p1|RubyDragonFruit|psychicf-gen4|\n|player|p2|Nechestivo|n|\n|teamsize|p1|6\n|teamsize|p2|5\n|gen|9\n|tier|[Gen 9] Ubers\n|rule|Sleep Clause Mod: Limit one foe put to sleep\n|rule|Species Clause: Limit one of each Pok\u00e9mon\n|rule|OHKO Clause: OHKO moves are banned\n|rule|Evasion Items Clause: Evasion items are banned\n|rule|Evasion Moves Clause: Evasion moves are banned\n|rule|Endless Battle Clause: Forcing endless battles is banned\n|rule|HP Percentage Mod: HP is shown in percentages\n|clearpoke\n|poke|p1|Corviknight, F|\n|poke|p1|Clodsire, M|\n|poke|p1|Rotom-Wash|\n|poke|p1|Kleavor, M|\n|poke|p1|Iron Valiant|\n|poke|p1|Azumarill, M|\n|poke|p2|Heatran, M|\n|poke|p2|Landorus-Therian, M|\n|poke|p2|Dragonite, M|\n|poke|p2|Jirachi|\n|poke|p2|Okidogi, M|\n|teampreview\n|\n|t:|1697552210\n|start\n|switch|p1a: Kleavor|Kleavor, M|100\/100\n|switch|p2a: Heatran|Heatran, M, shiny|100\/100\n|turn|1\n|\n|t:|1697552241\n|switch|p1a: Rotom|Rotom-Wash|100\/100\n|move|p2a: Heatran|Magma Storm|p1a: Rotom\n|-resisted|p1a: Rotom\n|-damage|p1a: Rotom|63\/100\n|-activate|p1a: Rotom|move: Magma Storm|[of] p2a: Heatran\n|\n|-damage|p1a: Rotom|50\/100|[from] move: Magma Storm|[partiallytrapped]\n|upkeep\n|turn|2\n|\n|t:|1697552283\n|switch|p2a: Jirachi|Jirachi, shiny|100\/100\n|move|p1a: Rotom|Hydro Pump|p2a: Jirachi\n|-damage|p2a: Jirachi|33\/100\n|\n|-end|p1a: Rotom|Magma Storm|[partiallytrapped]|[silent]\n|upkeep\n|turn|3\n|\n|t:|1697552303\n|switch|p1a: Corviknight|Corviknight, F|100\/100\n|move|p2a: Jirachi|Zen Headbutt|p1a: Corviknight\n|-resisted|p1a: Corviknight\n|-damage|p1a: Corviknight|85\/100\n|-damage|p2a: Jirachi|16\/100|[from] item: Rocky Helmet|[of] p1a: Corviknight\n|\n|upkeep\n|turn|4\n|\n|t:|1697552316\n|switch|p2a: Heatran|Heatran, M, shiny|100\/100\n|move|p1a: Corviknight|Brave Bird|p2a: Heatran\n|-resisted|p2a: Heatran\n|-damage|p2a: Heatran|76\/100\n|-damage|p1a: Corviknight|77\/100|[from] Recoil\n|\n|-heal|p2a: Heatran|82\/100|[from] item: Leftovers\n|upkeep\n|turn|5\n|\n|t:|1697552360\n|switch|p1a: Clodsire|Clodsire, M, shiny|100\/100\n|move|p2a: Heatran|Solar Beam||[still]\n|-prepare|p2a: Heatran|Solar Beam\n|\n|-heal|p2a: Heatran|88\/100|[from] item: Leftovers\n|upkeep\n|turn|6\n|\n|t:|1697552392\n|move|p2a: Heatran|Solar Beam|p1a: Clodsire|[from]lockedmove\n|-damage|p1a: Clodsire|68\/100\n|move|p1a: Clodsire|Earthquake|p2a: Heatran\n|-supereffective|p2a: Heatran\n|-damage|p2a: Heatran|0 fnt\n|faint|p2a: Heatran\n|\n|-heal|p1a: Clodsire|75\/100|[from] item: Black Sludge\n|upkeep\n|\n|t:|1697552409\n|switch|p2a: Dragonite|Dragonite, M, shiny|100\/100\n|turn|7\n|\n|t:|1697552436\n|switch|p1a: Iron Valiant|Iron Valiant|100\/100\n|-enditem|p1a: Iron Valiant|Booster Energy\n|-activate|p1a: Iron Valiant|ability: Quark Drive|[fromitem]\n|-start|p1a: Iron Valiant|quarkdrivespe\n|move|p2a: Dragonite|Dragon Dance|p2a: Dragonite\n|-boost|p2a: Dragonite|atk|1\n|-boost|p2a: Dragonite|spe|1\n|\n|upkeep\n|turn|8\n|\n|t:|1697552454\n|move|p2a: Dragonite|Extreme Speed|p1a: Iron Valiant\n|-damage|p1a: Iron Valiant|40\/100\n|move|p1a: Iron Valiant|Ice Punch|p2a: Dragonite\n|-supereffective|p2a: Dragonite\n|-damage|p2a: Dragonite|0 fnt\n|faint|p2a: Dragonite\n|\n|upkeep\n|\n|t:|1697552469\n|switch|p2a: Jirachi|Jirachi, shiny|16\/100\n|turn|9\n|\n|t:|1697552494\n|move|p1a: Iron Valiant|Drain Punch|p2a: Jirachi\n|-damage|p2a: Jirachi|0 fnt\n|-heal|p1a: Iron Valiant|49\/100|[from] drain|[of] p2a: Jirachi\n|faint|p2a: Jirachi\n|\n|upkeep\n|\n|t:|1697552505\n|switch|p2a: Okidogi|Okidogi, M|100\/100\n|turn|10\n|\n|t:|1697552524\n|move|p1a: Iron Valiant|Psycho Cut|p2a: Okidogi\n|-supereffective|p2a: Okidogi\n|-damage|p2a: Okidogi|28\/100\n|move|p2a: Okidogi|Bulk Up|p2a: Okidogi\n|-boost|p2a: Okidogi|atk|1\n|-boost|p2a: Okidogi|def|1\n|\n|-heal|p2a: Okidogi|34\/100|[from] item: Leftovers\n|upkeep\n|turn|11\n|\n|t:|1697552561\n|move|p1a: Iron Valiant|Psycho Cut|p2a: Okidogi\n|-supereffective|p2a: Okidogi\n|-damage|p2a: Okidogi|0 fnt\n|faint|p2a: Okidogi\n|\n|upkeep\n|\n|t:|1697552566\n|switch|p2a: Landorus|Landorus-Therian, M, shiny|100\/100\n|-ability|p2a: Landorus|Intimidate|boost\n|-unboost|p1a: Iron Valiant|atk|1\n|turn|12\n|\n|t:|1697552579\n|-terastallize|p2a: Landorus|Flying\n|move|p1a: Iron Valiant|Ice Punch|p2a: Landorus\n|-supereffective|p2a: Landorus\n|-damage|p2a: Landorus|62\/100\n|move|p2a: Landorus|Tera Blast|p1a: Iron Valiant|[anim] Tera Blast Flying\n|-supereffective|p1a: Iron Valiant\n|-damage|p1a: Iron Valiant|0 fnt\n|faint|p1a: Iron Valiant\n|-end|p1a: Iron Valiant|Quark Drive|[silent]\n|\n|upkeep\n|\n|t:|1697552594\n|switch|p1a: Rotom|Rotom-Wash|50\/100\n|turn|13\n|\n|t:|1697552607\n|move|p2a: Landorus|Tera Blast|p1a: Rotom|[anim] Tera Blast Flying\n|-resisted|p1a: Rotom\n|-damage|p1a: Rotom|12\/100\n|move|p1a: Rotom|Volt Switch|p2a: Landorus\n|-supereffective|p2a: Landorus\n|-damage|p2a: Landorus|0 fnt\n|faint|p2a: Landorus\n|\n|win|RubyDragonFruit\n|c|\u2606Nechestivo|\u041d\u0443 \u0441\u043c\u044b\u0441\u043b\u0430 \u0443\u0436\u0435 \u043d\u0435\u0442 \u0432\u044b\u0431\u0438\u0440\u0430\u0442\u044c, \u0430 \u0442\u0430\u043a \u043f\u0443\u0441\u0442\u044c \u0431\u0443\u0434\u0435\u0442 \u043a\u043b\u043e\u0434\u0441\u0430\u0439\u0440 \u043f\u043e \u043f\u0440\u0438\u043a\u043e\u043b\u0443\n|c|\u2606RubyDragonFruit|\u041e\u043a\u0435\n","uploadtime":1697552622,"views":18,"p1id":"rubydragonfruit","p2id":"nechestivo","formatid":"gen9ubers","rating":0,"private":0,"password":""}