{"id":"gen9ubers-1971464627","p1":"fabxorusVGC","p2":"crashlouko","format":"[Gen 9] Ubers","log":"|j|\u2606fabxorusVGC\n|j|\u2606crashlouko\n|t:|1697740570\n|gametype|singles\n|player|p1|fabxorusVGC|hilbert|1088\n|player|p2|crashlouko|red|1126\n|teamsize|p1|6\n|teamsize|p2|6\n|gen|9\n|tier|[Gen 9] Ubers\n|rated|\n|rule|Sleep Clause Mod: Limit one foe put to sleep\n|rule|Species Clause: Limit one of each Pok\u00e9mon\n|rule|OHKO Clause: OHKO moves are banned\n|rule|Evasion Items Clause: Evasion items are banned\n|rule|Evasion Moves Clause: Evasion moves are banned\n|rule|Endless Battle Clause: Forcing endless battles is banned\n|rule|HP Percentage Mod: HP is shown in percentages\n|clearpoke\n|poke|p1|Copperajah, M|\n|poke|p1|Pawmot, M|\n|poke|p1|Orthworm, M|\n|poke|p1|Gyarados, M|\n|poke|p1|Scizor, F|\n|poke|p1|Staraptor, M|\n|poke|p2|Mewtwo|\n|poke|p2|Pawmot, M|\n|poke|p2|Kyogre|\n|poke|p2|Arceus-Steel|\n|poke|p2|Landorus-Therian, M|\n|poke|p2|Volcarona, M|\n|teampreview\n|inactive|Battle timer is ON: inactive players will automatically lose when time's up. (requested by fabxorusVGC)\n|\n|t:|1697740593\n|start\n|switch|p1a: Staraptor|Staraptor, M, shiny|100\/100\n|switch|p2a: Volcarona|Volcarona, M|100\/100\n|turn|1\n|\n|t:|1697740602\n|move|p1a: Staraptor|Brave Bird|p2a: Volcarona\n|-supereffective|p2a: Volcarona\n|-crit|p2a: Volcarona\n|-damage|p2a: Volcarona|0 fnt\n|faint|p2a: Volcarona\n|-damage|p1a: Staraptor|67\/100|[from] Recoil\n|\n|upkeep\n|\n|t:|1697740607\n|switch|p2a: Pawmot|Pawmot, M|100\/100\n|turn|2\n|\n|t:|1697740621\n|switch|p1a: Copperajah|Copperajah, M, shiny|100\/100\n|move|p2a: Pawmot|Double Shock|p1a: Copperajah\n|-crit|p1a: Copperajah\n|-damage|p1a: Copperajah|0 fnt\n|-start|p2a: Pawmot|typechange|???\/Fighting|[from] move: Double Shock\n|faint|p1a: Copperajah\n|\n|upkeep\n|\n|t:|1697740630\n|switch|p1a: Staraptor|Staraptor, M, shiny|67\/100\n|turn|3\n|\n|t:|1697740651\n|move|p1a: Staraptor|Brave Bird|p2a: Pawmot\n|-supereffective|p2a: Pawmot\n|-damage|p2a: Pawmot|0 fnt\n|faint|p2a: Pawmot\n|-damage|p1a: Staraptor|38\/100|[from] Recoil\n|\n|upkeep\n|\n|t:|1697740665\n|switch|p2a: Kyogre|Kyogre|100\/100\n|-weather|RainDance|[from] ability: Drizzle|[of] p2a: Kyogre\n|turn|4\n|\n|t:|1697740675\n|move|p1a: Staraptor|Brave Bird|p2a: Kyogre\n|-damage|p2a: Kyogre|32\/100\n|-damage|p1a: Staraptor|9\/100|[from] Recoil\n|move|p2a: Kyogre|Calm Mind|p2a: Kyogre\n|-boost|p2a: Kyogre|spa|1\n|-boost|p2a: Kyogre|spd|1\n|\n|-weather|RainDance|[upkeep]\n|upkeep\n|turn|5\n|\n|t:|1697740684\n|move|p1a: Staraptor|Brave Bird|p2a: Kyogre\n|-damage|p2a: Kyogre|0 fnt\n|faint|p2a: Kyogre\n|-damage|p1a: Staraptor|0 fnt|[from] Recoil\n|faint|p1a: Staraptor\n|\n|-weather|RainDance|[upkeep]\n|upkeep\n|\n|t:|1697740708\n|switch|p1a: Gyarados|Gyarados, M, shiny|100\/100\n|switch|p2a: Arceus|Arceus-Steel|100\/100\n|turn|6\n|\n|t:|1697740717\n|move|p2a: Arceus|Thunder|p1a: Gyarados\n|-supereffective|p1a: Gyarados\n|-damage|p1a: Gyarados|0 fnt\n|faint|p1a: Gyarados\n|\n|-weather|RainDance|[upkeep]\n|upkeep\n|\n|t:|1697740724\n|switch|p1a: Pawmot|Pawmot, M|100\/100\n|turn|7\n|\n|t:|1697740740\n|-terastallize|p1a: Pawmot|Electric\n|move|p1a: Pawmot|Double Shock|p2a: Arceus\n|-damage|p2a: Arceus|44\/100\n|-start|p1a: Pawmot|typechange|Electric|[from] move: Double Shock\n|move|p2a: Arceus|Stealth Rock|p1a: Pawmot\n|-sidestart|p1: fabxorusVGC|move: Stealth Rock\n|\n|-weather|RainDance|[upkeep]\n|upkeep\n|turn|8\n|\n|t:|1697740749\n|switch|p2a: Landorus|Landorus-Therian, M|100\/100\n|-ability|p2a: Landorus|Intimidate|boost\n|-unboost|p1a: Pawmot|atk|1\n|move|p1a: Pawmot|Double Shock|p2a: Landorus\n|-immune|p2a: Landorus\n|\n|-weather|none\n|upkeep\n|turn|9\n|\n|t:|1697740760\n|switch|p1a: Orthworm|Orthworm, M, shiny|100\/100\n|-damage|p1a: Orthworm|94\/100|[from] Stealth Rock\n|move|p2a: Landorus|Swords Dance|p2a: Landorus\n|-boost|p2a: Landorus|atk|2\n|\n|upkeep\n|turn|10\n|\n|t:|1697740770\n|move|p2a: Landorus|Earthquake|p1a: Orthworm\n|-heal|p1a: Orthworm|100\/100|[from] ability: Earth Eater|[of] p2a: Landorus\n|move|p1a: Orthworm|Stealth Rock|p2a: Landorus\n|-sidestart|p2: crashlouko|move: Stealth Rock\n|\n|upkeep\n|turn|11\n|\n|t:|1697740782\n|move|p2a: Landorus|Outrage|p1a: Orthworm\n|-resisted|p1a: Orthworm\n|-damage|p1a: Orthworm|78\/100\n|move|p1a: Orthworm|Shed Tail|p1a: Orthworm\n|-start|p1a: Orthworm|Substitute|[from] move: Shed Tail\n|-damage|p1a: Orthworm|28\/100\n|-enditem|p1a: Orthworm|Sitrus Berry|[eat]\n|-heal|p1a: Orthworm|53\/100|[from] item: Sitrus Berry\n|\n|t:|1697740794\n|switch|p1a: Pawmot|Pawmot, M, tera:Electric|100\/100|[from] Shed Tail\n|-damage|p1a: Pawmot|88\/100|[from] Stealth Rock\n|\n|upkeep\n|turn|12\n|\n|t:|1697740804\n|move|p1a: Pawmot|Ice Punch|p2a: Landorus\n|-supereffective|p2a: Landorus\n|-damage|p2a: Landorus|0 fnt\n|faint|p2a: Landorus\n|\n|upkeep\n|\n|t:|1697740811\n|switch|p2a: Arceus|Arceus-Steel|44\/100\n|-damage|p2a: Arceus|38\/100|[from] Stealth Rock\n|turn|13\n|\n|t:|1697740819\n|switch|p1a: Scizor|Scizor, F|100\/100\n|-damage|p1a: Scizor|88\/100|[from] Stealth Rock\n|move|p2a: Arceus|Recover|p2a: Arceus\n|-heal|p2a: Arceus|88\/100\n|\n|upkeep\n|turn|14\n|\n|t:|1697740828\n|move|p2a: Arceus|Thunder|p1a: Scizor\n|-damage|p1a: Scizor|48\/100\n|move|p1a: Scizor|Swords Dance|p1a: Scizor\n|-boost|p1a: Scizor|atk|2\n|\n|upkeep\n|turn|15\n|\n|t:|1697740845\n|move|p2a: Arceus|Thunder|p1a: Scizor|[miss]\n|-miss|p2a: Arceus|p1a: Scizor\n|move|p1a: Scizor|U-turn|p2a: Arceus\n|-resisted|p2a: Arceus\n|-damage|p2a: Arceus|64\/100\n|\n|t:|1697740851\n|switch|p1a: Pawmot|Pawmot, M, tera:Electric|88\/100|[from] U-turn\n|-damage|p1a: Pawmot|76\/100|[from] Stealth Rock\n|\n|upkeep\n|turn|16\n|\n|t:|1697740859\n|move|p1a: Pawmot|Double Shock|p2a: Arceus\n|-damage|p2a: Arceus|12\/100\n|-start|p1a: Pawmot|typechange|Electric|[from] move: Double Shock\n|move|p2a: Arceus|Flash Cannon|p1a: Pawmot\n|-resisted|p1a: Pawmot\n|-damage|p1a: Pawmot|32\/100\n|\n|upkeep\n|turn|17\n|\n|t:|1697740866\n|move|p1a: Pawmot|Double Shock|p2a: Arceus\n|-damage|p2a: Arceus|0 fnt\n|-start|p1a: Pawmot|typechange|Electric|[from] move: Double Shock\n|faint|p2a: Arceus\n|\n|upkeep\n|\n|t:|1697740869\n|switch|p2a: Mewtwo|Mewtwo|100\/100\n|-ability|p2a: Mewtwo|Unnerve\n|-damage|p2a: Mewtwo|88\/100|[from] Stealth Rock\n|turn|18\n|\n|t:|1697740885\n|move|p1a: Pawmot|Double Shock|p2a: Mewtwo\n|-damage|p2a: Mewtwo|0 fnt\n|-start|p1a: Pawmot|typechange|Electric|[from] move: Double Shock\n|faint|p2a: Mewtwo\n|\n|win|fabxorusVGC\n|raw|fabxorusVGC's rating: 1088 &rarr; <strong>1118<\/strong><br \/>(+30 for winning)\n|raw|crashlouko's rating: 1126 &rarr; <strong>1098<\/strong><br \/>(-28 for losing)\n|l|\u2606crashlouko\n","uploadtime":1697740893,"views":20,"p1id":"fabxorusvgc","p2id":"crashlouko","formatid":"gen9ubers","rating":1098,"private":0,"password":""}