{"id":"gen9ubers-1978999115","p1":"PinkScourge","p2":"CrackLordGBLN","format":"[Gen 9] Ubers","log":"|j|\u2606PinkScourge\n|j|\u2606CrackLordGBLN\n|t:|1698619394\n|gametype|singles\n|player|p1|PinkScourge|bede-leader|\n|player|p2|CrackLordGBLN|ghetsis|\n|teamsize|p1|6\n|teamsize|p2|6\n|gen|9\n|tier|[Gen 9] Ubers\n|rule|Sleep Clause Mod: Limit one foe put to sleep\n|rule|Species Clause: Limit one of each Pok\u00e9mon\n|rule|OHKO Clause: OHKO moves are banned\n|rule|Evasion Items Clause: Evasion items are banned\n|rule|Evasion Moves Clause: Evasion moves are banned\n|rule|Endless Battle Clause: Forcing endless battles is banned\n|rule|HP Percentage Mod: HP is shown in percentages\n|clearpoke\n|poke|p1|Indeedee-F, F|\n|poke|p1|Arceus-Psychic|\n|poke|p1|Palkia|\n|poke|p1|Alomomola, F|\n|poke|p1|Mandibuzz, F|\n|poke|p1|Slowking-Galar, F|\n|poke|p2|Magearna|\n|poke|p2|Ursaluna-Bloodmoon, M|\n|poke|p2|Zacian-*|\n|poke|p2|Roaring Moon|\n|poke|p2|Rabsca, M|\n|poke|p2|Iron Hands|\n|teampreview\n|inactive|Battle timer is ON: inactive players will automatically lose when time's up. (requested by PinkScourge)\n|c|\u2606PinkScourge|GL!\n|\n|t:|1698619408\n|start\n|switch|p1a: Slowking|Slowking-Galar, F|100\/100\n|switch|p2a: Magearna|Magearna|100\/100\n|turn|1\n|\n|t:|1698619436\n|move|p2a: Magearna|Spikes|p1a: Slowking\n|-sidestart|p1: PinkScourge|Spikes\n|move|p1a: Slowking|Future Sight|p2a: Magearna\n|-start|p1a: Slowking|move: Future Sight\n|\n|upkeep\n|turn|2\n|\n|t:|1698619448\n|move|p2a: Magearna|Spikes|p1a: Slowking\n|-sidestart|p1: PinkScourge|Spikes\n|move|p1a: Slowking|Chilly Reception|p1a: Slowking\n|-weather|Snow\n|\n|t:|1698619458\n|switch|p1a: Palkia|Palkia|100\/100|[from] Chilly Reception\n|-damage|p1a: Palkia|84\/100|[from] Spikes\n|-ability|p1a: Palkia|Pressure\n|\n|-weather|Snow|[upkeep]\n|upkeep\n|turn|3\n|c|\u2606CrackLordGBLN|Glhf\n|\n|t:|1698619476\n|-terastallize|p1a: Palkia|Water\n|move|p1a: Palkia|Surf|p2a: Magearna\n|-damage|p2a: Magearna|30\/100\n|move|p2a: Magearna|Fleur Cannon|p1a: Palkia\n|-damage|p1a: Palkia|31\/100\n|-unboost|p2a: Magearna|spa|2\n|-enditem|p2a: Magearna|Eject Pack\n|inactive|CrackLordGBLN has 270 seconds left.\n|\n|t:|1698619490\n|switch|p2a: Roaring Moon|Roaring Moon|100\/100\n|\n|-weather|Snow|[upkeep]\n|-end|p2a: Roaring Moon|move: Future Sight\n|-immune|p2a: Roaring Moon\n|upkeep\n|turn|4\n|inactive|CrackLordGBLN has 270 seconds left.\n|\n|t:|1698619501\n|switch|p1a: Mandibuzz|Mandibuzz, F|100\/100\n|move|p2a: Roaring Moon|Knock Off|p1a: Mandibuzz\n|-resisted|p1a: Mandibuzz\n|-damage|p1a: Mandibuzz|84\/100\n|-enditem|p1a: Mandibuzz|Heavy-Duty Boots|[from] move: Knock Off|[of] p2a: Roaring Moon\n|\n|-weather|Snow|[upkeep]\n|upkeep\n|turn|5\n|inactive|CrackLordGBLN has 270 seconds left.\n|\n|t:|1698619511\n|move|p2a: Roaring Moon|U-turn|p1a: Mandibuzz\n|-damage|p1a: Mandibuzz|68\/100\n|inactive|CrackLordGBLN has 270 seconds left.\n|\n|t:|1698619518\n|-end|p2a: Roaring Moon|Protosynthesis|[silent]\n|switch|p2a: Ban me already|Zacian|100\/100|[from] U-turn\n|-ability|p2a: Ban me already|Intrepid Sword|boost\n|-boost|p2a: Ban me already|atk|1\n|move|p1a: Mandibuzz|Defog|p2a: Ban me already\n|-unboost|p2a: Ban me already|evasion|1\n|-sideend|p1: PinkScourge|Spikes|[from] move: Defog|[of] p1a: Mandibuzz\n|\n|-weather|Snow|[upkeep]\n|upkeep\n|turn|6\n|inactive|CrackLordGBLN has 270 seconds left.\n|\n|t:|1698619536\n|switch|p1a: Slowking|Slowking-Galar, F|100\/100\n|move|p2a: Ban me already|Swords Dance|p2a: Ban me already\n|-boost|p2a: Ban me already|atk|2\n|\n|-weather|none\n|upkeep\n|turn|7\n|inactive|CrackLordGBLN has 270 seconds left.\n|\n|t:|1698619548\n|-terastallize|p2a: Ban me already|Fire\n|move|p2a: Ban me already|Tera Blast|p1a: Slowking|[anim] Tera Blast Fire\n|-damage|p1a: Slowking|0 fnt\n|faint|p1a: Slowking\n|\n|upkeep\n|\n|t:|1698619557\n|switch|p1a: Alomomola|Alomomola, F|100\/100\n|turn|8\n|\n|t:|1698619562\n|move|p2a: Ban me already|Play Rough|p1a: Alomomola\n|-damage|p1a: Alomomola|30\/100\n|-damage|p2a: Ban me already|84\/100|[from] item: Rocky Helmet|[of] p1a: Alomomola\n|move|p1a: Alomomola|Flip Turn|p2a: Ban me already\n|-supereffective|p2a: Ban me already\n|-damage|p2a: Ban me already|52\/100\n|\n|t:|1698619573\n|switch|p1a: Indeedee|Indeedee-F, F|100\/100|[from] Flip Turn\n|-fieldstart|move: Psychic Terrain|[from] ability: Psychic Surge|[of] p1a: Indeedee\n|\n|upkeep\n|turn|9\n|\n|t:|1698619581\n|move|p2a: Ban me already|Play Rough|p1a: Indeedee\n|-damage|p1a: Indeedee|0 fnt\n|faint|p1a: Indeedee\n|\n|upkeep\n|\n|t:|1698619592\n|switch|p1a: Arceus|Arceus-Psychic|100\/100\n|turn|10\n|\n|t:|1698619596\n|move|p2a: Ban me already|Play Rough|p1a: Arceus\n|-damage|p1a: Arceus|27\/100\n|move|p1a: Arceus|Future Sight|p2a: Ban me already\n|-start|p1a: Arceus|move: Future Sight\n|\n|upkeep\n|turn|11\n|\n|t:|1698619609\n|switch|p1a: Mandibuzz|Mandibuzz, F|68\/100\n|move|p2a: Ban me already|Tera Blast|p1a: Mandibuzz|[anim] Tera Blast Fire\n|-damage|p1a: Mandibuzz|0 fnt\n|faint|p1a: Mandibuzz\n|\n|upkeep\n|\n|t:|1698619615\n|switch|p1a: Alomomola|Alomomola, F|63\/100\n|turn|12\n|\n|t:|1698619622\n|move|p2a: Ban me already|Play Rough|p1a: Alomomola\n|-damage|p1a: Alomomola|0 fnt\n|-damage|p2a: Ban me already|35\/100|[from] item: Rocky Helmet|[of] p1a: Alomomola\n|faint|p1a: Alomomola\n|\n|-end|p2a: Ban me already|move: Future Sight\n|-damage|p2a: Ban me already|0 fnt\n|faint|p2a: Ban me already\n|upkeep\n|\n|t:|1698619638\n|switch|p2a: Rabsca|Rabsca, M|100\/100\n|switch|p1a: Arceus|Arceus-Psychic|27\/100\n|turn|13\n|\n|t:|1698619645\n|move|p1a: Arceus|Recover|p1a: Arceus\n|-heal|p1a: Arceus|77\/100\n|move|p2a: Rabsca|Trick Room|p2a: Rabsca\n|-fieldstart|move: Trick Room|[of] p2a: Rabsca\n|\n|upkeep\n|turn|14\n|\n|t:|1698619655\n|move|p2a: Rabsca|Bug Buzz|p1a: Arceus\n|-supereffective|p1a: Arceus\n|-damage|p1a: Arceus|26\/100\n|move|p1a: Arceus|Future Sight|p2a: Rabsca\n|-start|p1a: Arceus|move: Future Sight\n|\n|upkeep\n|turn|15\n|\n|t:|1698619661\n|move|p2a: Rabsca|Bug Buzz|p1a: Arceus\n|-supereffective|p1a: Arceus\n|-damage|p1a: Arceus|0 fnt\n|faint|p1a: Arceus\n|\n|-fieldend|move: Psychic Terrain\n|upkeep\n|\n|t:|1698619663\n|switch|p1a: Palkia|Palkia, tera:Water|31\/100\n|-ability|p1a: Palkia|Pressure\n|turn|16\n|c|\u2606CrackLordGBLN|RABSCA THE GOD KILLER\n|\n|t:|1698619681\n|move|p2a: Rabsca|Psyshock|p1a: Palkia\n|-damage|p1a: Palkia|4\/100\n|move|p1a: Palkia|Surf|p2a: Rabsca\n|-damage|p2a: Rabsca|5\/100\n|\n|-end|p2a: Rabsca|move: Future Sight\n|-resisted|p2a: Rabsca\n|-damage|p2a: Rabsca|0 fnt\n|faint|p2a: Rabsca\n|upkeep\n|c|\u2606PinkScourge|Hell yes\n|\n|t:|1698619695\n|switch|p2a: Ursaluna|Ursaluna-Bloodmoon, M|100\/100\n|turn|17\n|\n|t:|1698619702\n|switch|p2a: Roaring Moon|Roaring Moon|100\/100\n|move|p1a: Palkia|Surf|p2a: Roaring Moon\n|-resisted|p2a: Roaring Moon\n|-damage|p2a: Roaring Moon|61\/100\n|\n|-fieldend|move: Trick Room\n|upkeep\n|turn|18\n|\n|t:|1698619711\n|move|p2a: Roaring Moon|Knock Off|p1a: Palkia\n|-damage|p1a: Palkia|0 fnt\n|-enditem|p1a: Palkia|Lustrous Orb|[from] move: Knock Off|[of] p2a: Roaring Moon\n|faint|p1a: Palkia\n|\n|win|CrackLordGBLN\n|c|\u2606PinkScourge|GG\n|l|\u2606PinkScourge\n|c|\u2606CrackLordGBLN|Gg\n","uploadtime":1698619724,"views":14,"p1id":"pinkscourge","p2id":"cracklordgbln","formatid":"gen9ubers","rating":0,"private":0,"password":""}