{"id":"gen9ubers-1970185874","p1":"trialteam98","p2":"Konsuru","format":"[Gen 9] Ubers","log":"|j|\u2606trialteam98\n|j|\u2606Konsuru\n|t:|1697606884\n|gametype|singles\n|player|p1|trialteam98|lady-gen4|1110\n|player|p2|Konsuru|ghetsis-gen5bw|1040\n|teamsize|p1|6\n|teamsize|p2|6\n|gen|9\n|tier|[Gen 9] Ubers\n|rated|\n|rule|Sleep Clause Mod: Limit one foe put to sleep\n|rule|Species Clause: Limit one of each Pok\u00e9mon\n|rule|OHKO Clause: OHKO moves are banned\n|rule|Evasion Items Clause: Evasion items are banned\n|rule|Evasion Moves Clause: Evasion moves are banned\n|rule|Endless Battle Clause: Forcing endless battles is banned\n|rule|HP Percentage Mod: HP is shown in percentages\n|clearpoke\n|poke|p1|Koraidon|\n|poke|p1|Miraidon|\n|poke|p1|Walking Wake|\n|poke|p1|Zoroark-Hisui, F|\n|poke|p1|Flutter Mane|\n|poke|p1|Annihilape, F|\n|poke|p2|Zapdos|\n|poke|p2|Mimikyu, F|\n|poke|p2|Volcarona, M|\n|poke|p2|Walking Wake|\n|poke|p2|Kingambit, F|\n|poke|p2|Great Tusk|\n|teampreview\n|\n|t:|1697606895\n|start\n|switch|p1a: Annihilape|Annihilape, F|100\/100\n|switch|p2a: Great Tusk|Great Tusk|100\/100\n|-enditem|p2a: Great Tusk|Booster Energy\n|-activate|p2a: Great Tusk|ability: Protosynthesis|[fromitem]\n|-start|p2a: Great Tusk|protosynthesisspe\n|turn|1\n|inactive|Battle timer is ON: inactive players will automatically lose when time's up. (requested by trialteam98)\n|\n|t:|1697606922\n|-end|p2a: Great Tusk|Protosynthesis|[silent]\n|switch|p2a: Mimikyu|Mimikyu, F|100\/100\n|move|p1a: Annihilape|Bitter Malice|p2a: Mimikyu\n|-activate|p2a: Mimikyu|ability: Disguise\n|-damage|p2a: Mimikyu|100\/100\n|-unboost|p2a: Mimikyu|atk|1\n|detailschange|p2a: Mimikyu|Mimikyu-Busted, F\n|-damage|p2a: Mimikyu|88\/100|[from] pokemon: Mimikyu-Busted\n|-enditem|p2a: Mimikyu|Red Card|[of] p1a: Annihilape\n|drag|p1a: Miraidon|Miraidon|100\/100\n|-fieldstart|move: Electric Terrain|[from] ability: Hadron Engine|[of] p1a: Miraidon\n|\n|upkeep\n|turn|2\n|\n|t:|1697606940\n|move|p1a: Miraidon|Electro Drift|p2a: Mimikyu\n|-damage|p2a: Mimikyu|0 fnt\n|faint|p2a: Mimikyu\n|\n|upkeep\n|\n|t:|1697606946\n|switch|p2a: Walking Wake|Walking Wake|100\/100\n|turn|3\n|\n|t:|1697606958\n|-terastallize|p1a: Miraidon|Electric\n|move|p1a: Miraidon|Calm Mind|p1a: Miraidon\n|-boost|p1a: Miraidon|spa|1\n|-boost|p1a: Miraidon|spd|1\n|move|p2a: Walking Wake|Flamethrower|p1a: Miraidon\n|-crit|p1a: Miraidon\n|-damage|p1a: Miraidon|40\/100\n|\n|upkeep\n|turn|4\n|\n|t:|1697606970\n|-end|p2a: Walking Wake|Protosynthesis|[silent]\n|switch|p2a: Zapdos|Zapdos|100\/100\n|-ability|p2a: Zapdos|Pressure\n|move|p1a: Miraidon|Electro Drift|p2a: Zapdos\n|-damage|p2a: Zapdos|0 fnt\n|faint|p2a: Zapdos\n|\n|upkeep\n|\n|t:|1697606988\n|switch|p2a: Kingambit|Kingambit, F|100\/100\n|-activate|p2a: Kingambit|ability: Supreme Overlord\n|-start|p2a: Kingambit|fallen2|[silent]\n|-item|p2a: Kingambit|Air Balloon\n|turn|5\n|\n|t:|1697606995\n|move|p2a: Kingambit|Sucker Punch|p1a: Miraidon\n|-damage|p1a: Miraidon|0 fnt\n|faint|p1a: Miraidon\n|\n|-fieldend|move: Electric Terrain\n|upkeep\n|\n|t:|1697606998\n|switch|p1a: Koraidon|Koraidon|100\/100\n|-weather|SunnyDay|[from] ability: Orichalcum Pulse|[of] p1a: Koraidon\n|-activate|p1a: Koraidon|Orichalcum Pulse|[source]\n|turn|6\n|\n|t:|1697607003\n|move|p1a: Koraidon|Swords Dance|p1a: Koraidon\n|-boost|p1a: Koraidon|atk|2\n|move|p2a: Kingambit|Swords Dance|p2a: Kingambit\n|-boost|p2a: Kingambit|atk|2\n|\n|-weather|SunnyDay|[upkeep]\n|upkeep\n|turn|7\n|\n|t:|1697607012\n|move|p1a: Koraidon|Collision Course|p2a: Kingambit\n|-supereffective|p2a: Kingambit\n|-damage|p2a: Kingambit|0 fnt\n|-enditem|p2a: Kingambit|Air Balloon\n|faint|p2a: Kingambit\n|-end|p2a: Kingambit|fallen2|[silent]\n|-damage|p1a: Koraidon|91\/100|[from] item: Life Orb\n|\n|-weather|SunnyDay|[upkeep]\n|upkeep\n|\n|t:|1697607020\n|switch|p2a: Great Tusk|Great Tusk|100\/100\n|-activate|p2a: Great Tusk|ability: Protosynthesis\n|-start|p2a: Great Tusk|protosynthesisspe\n|turn|8\n|\n|t:|1697607028\n|move|p2a: Great Tusk|Close Combat|p1a: Koraidon\n|-damage|p1a: Koraidon|45\/100\n|-unboost|p2a: Great Tusk|def|1\n|-unboost|p2a: Great Tusk|spd|1\n|move|p1a: Koraidon|Collision Course|p2a: Great Tusk\n|-damage|p2a: Great Tusk|0 fnt\n|faint|p2a: Great Tusk\n|-end|p2a: Great Tusk|Protosynthesis|[silent]\n|-damage|p1a: Koraidon|35\/100|[from] item: Life Orb\n|\n|-weather|SunnyDay|[upkeep]\n|upkeep\n|-message|Konsuru forfeited.\n|\n|win|trialteam98\n|raw|trialteam98's rating: 1110 &rarr; <strong>1130<\/strong><br \/>(+20 for winning)\n|raw|Konsuru's rating: 1040 &rarr; <strong>1027<\/strong><br \/>(-13 for losing)\n|l|\u2606Konsuru\n","uploadtime":1697607044,"views":11,"p1id":"trialteam98","p2id":"konsuru","formatid":"gen9ubers","rating":1027,"private":0,"password":""}