{"id":"gen9ubers-1985473824","p1":"Supraxd","p2":"potasssssium","format":"[Gen 9] Ubers","log":"|j|\u2606Supraxd\n|j|\u2606potasssssium\n|t:|1699377619\n|gametype|singles\n|player|p1|Supraxd|steven|1121\n|player|p2|potasssssium|red|1000\n|teamsize|p1|6\n|teamsize|p2|6\n|gen|9\n|tier|[Gen 9] Ubers\n|rated|\n|rule|Sleep Clause Mod: Limit one foe put to sleep\n|rule|Species Clause: Limit one of each Pok\u00e9mon\n|rule|OHKO Clause: OHKO moves are banned\n|rule|Evasion Items Clause: Evasion items are banned\n|rule|Evasion Moves Clause: Evasion moves are banned\n|rule|Endless Battle Clause: Forcing endless battles is banned\n|rule|HP Percentage Mod: HP is shown in percentages\n|clearpoke\n|poke|p1|Forretress, M|\n|poke|p1|Lokix, M|\n|poke|p1|Ribombee, M|\n|poke|p1|Kleavor, M|\n|poke|p1|Volcarona, M|\n|poke|p1|Slither Wing|\n|poke|p2|Charizard, M|\n|poke|p2|Pikachu-Original, M|\n|poke|p2|Snorlax, F|\n|poke|p2|Espeon, M|\n|poke|p2|Gengar, M|\n|poke|p2|Gyarados, F|\n|teampreview\n|\n|t:|1699377664\n|start\n|switch|p1a: Ribombee|Ribombee, M|100\/100\n|switch|p2a: Pikachu|Pikachu-Original, M|100\/100\n|turn|1\n|inactive|Battle timer is ON: inactive players will automatically lose when time's up. (requested by potasssssium)\n|c|\u2606potasssssium|dope bug team\n|\n|t:|1699377687\n|move|p1a: Ribombee|Moonblast|p2a: Pikachu\n|-damage|p2a: Pikachu|0 fnt\n|faint|p2a: Pikachu\n|\n|upkeep\n|c|\u2606potasssssium|i used to have one\n|\n|t:|1699377693\n|switch|p2a: Charizard|Charizard, M|100\/100\n|turn|2\n|\n|t:|1699377708\n|move|p1a: Ribombee|Sticky Web|p2a: Charizard\n|-sidestart|p2: potasssssium|move: Sticky Web\n|move|p2a: Charizard|Hurricane|p1a: Ribombee|[miss]\n|-miss|p2a: Charizard|p1a: Ribombee\n|\n|upkeep\n|turn|3\n|\n|t:|1699377713\n|move|p1a: Ribombee|Stun Spore|p2a: Charizard\n|-status|p2a: Charizard|par\n|move|p2a: Charizard|Flamethrower|p1a: Ribombee\n|-supereffective|p1a: Ribombee\n|-enditem|p1a: Ribombee|Focus Sash\n|-damage|p1a: Ribombee|1\/100\n|\n|upkeep\n|turn|4\n|\n|t:|1699377721\n|move|p1a: Ribombee|Psychic|p2a: Charizard\n|-damage|p2a: Charizard|68\/100 par\n|move|p2a: Charizard|Flamethrower|p1a: Ribombee\n|-supereffective|p1a: Ribombee\n|-damage|p1a: Ribombee|0 fnt\n|faint|p1a: Ribombee\n|\n|-heal|p2a: Charizard|74\/100 par|[from] item: Leftovers\n|upkeep\n|inactive|Supraxd has 120 seconds left.\n|\n|t:|1699377755\n|switch|p1a: Kleavor|Kleavor, M|100\/100\n|turn|5\n|\n|t:|1699377772\n|switch|p2a: Snorlax|Snorlax, F|100\/100\n|-activate|p2a: Snorlax|move: Sticky Web\n|-unboost|p2a: Snorlax|spe|1\n|move|p1a: Kleavor|Trailblaze|p2a: Snorlax\n|-damage|p2a: Snorlax|84\/100\n|-boost|p1a: Kleavor|spe|1\n|\n|-heal|p2a: Snorlax|90\/100|[from] item: Leftovers\n|upkeep\n|turn|6\n|\n|t:|1699377786\n|move|p1a: Kleavor|Swords Dance|p1a: Kleavor\n|-boost|p1a: Kleavor|atk|2\n|move|p2a: Snorlax|Earthquake|p1a: Kleavor\n|-damage|p1a: Kleavor|59\/100\n|\n|-heal|p2a: Snorlax|96\/100|[from] item: Leftovers\n|upkeep\n|turn|7\n|inactive|potasssssium has 120 seconds left.\n|inactive|potasssssium has 90 seconds left.\n|\n|t:|1699377850\n|move|p1a: Kleavor|Close Combat|p2a: Snorlax\n|-supereffective|p2a: Snorlax\n|-damage|p2a: Snorlax|0 fnt\n|-unboost|p1a: Kleavor|def|1\n|-unboost|p1a: Kleavor|spd|1\n|faint|p2a: Snorlax\n|\n|upkeep\n|inactive|potasssssium has 90 seconds left.\n|\n|t:|1699377856\n|switch|p2a: Gyarados|Gyarados, F|100\/100\n|turn|8\n|\n|t:|1699377866\n|move|p1a: Kleavor|Stone Axe|p2a: Gyarados\n|-supereffective|p2a: Gyarados\n|-damage|p2a: Gyarados|0 fnt\n|-sidestart|p2: potasssssium|move: Stealth Rock\n|faint|p2a: Gyarados\n|\n|upkeep\n|c|\u2606Supraxd|Gl\n|inactive|potasssssium has 90 seconds left.\n|\n|t:|1699377887\n|switch|p2a: Gengar|Gengar, M|100\/100\n|-activate|p2a: Gengar|move: Sticky Web\n|-unboost|p2a: Gengar|spe|1\n|-damage|p2a: Gengar|88\/100|[from] Stealth Rock\n|turn|9\n|inactive|potasssssium has 90 seconds left.\n|\n|t:|1699377894\n|move|p1a: Kleavor|Stone Axe|p2a: Gengar\n|-damage|p2a: Gengar|0 fnt\n|faint|p2a: Gengar\n|\n|upkeep\n|inactive|potasssssium has 90 seconds left.\n|\n|t:|1699377901\n|switch|p2a: Espeon|Espeon, M|100\/100\n|-activate|p2a: Espeon|move: Sticky Web\n|-unboost|p2a: Espeon|spe|1\n|-damage|p2a: Espeon|88\/100|[from] Stealth Rock\n|turn|10\n|\n|t:|1699377908\n|move|p1a: Kleavor|Stone Axe|p2a: Espeon\n|-damage|p2a: Espeon|0 fnt\n|faint|p2a: Espeon\n|\n|upkeep\n|\n|t:|1699377912\n|switch|p2a: Charizard|Charizard, M|74\/100 par\n|-damage|p2a: Charizard|24\/100 par|[from] Stealth Rock\n|turn|11\n|\n|t:|1699377917\n|-terastallize|p2a: Charizard|Fire\n|move|p1a: Kleavor|Close Combat|p2a: Charizard\n|-damage|p2a: Charizard|0 fnt\n|-unboost|p1a: Kleavor|def|1\n|-unboost|p1a: Kleavor|spd|1\n|faint|p2a: Charizard\n|\n|win|Supraxd\n|raw|Supraxd's rating: 1121 &rarr; <strong>1138<\/strong><br \/>(+17 for winning)\n|raw|potasssssium's rating: 1000 &rarr; <strong>1000<\/strong><br \/>(+0 for losing)\n|l|\u2606potasssssium\n","uploadtime":1699377933,"views":4,"p1id":"supraxd","p2id":"potasssssium","formatid":"gen9ubers","rating":1000,"private":0,"password":""}