{"id":"gen9ubers-1975844641","p1":"hisuian helios","p2":"FatalOblivion","format":"[Gen 9] Ubers","log":"|j|\u2606hisuian helios\n|j|\u2606FatalOblivion\n|t:|1698243245\n|gametype|singles\n|player|p1|hisuian helios|265|1418\n|player|p2|FatalOblivion|marley|1308\n|teamsize|p1|6\n|teamsize|p2|6\n|gen|9\n|tier|[Gen 9] Ubers\n|rated|\n|rule|Sleep Clause Mod: Limit one foe put to sleep\n|rule|Species Clause: Limit one of each Pok\u00e9mon\n|rule|OHKO Clause: OHKO moves are banned\n|rule|Evasion Items Clause: Evasion items are banned\n|rule|Evasion Moves Clause: Evasion moves are banned\n|rule|Endless Battle Clause: Forcing endless battles is banned\n|rule|HP Percentage Mod: HP is shown in percentages\n|clearpoke\n|poke|p1|Shaymin-Sky|\n|poke|p1|Glimmora, M|\n|poke|p1|Koraidon|\n|poke|p1|Zacian-*|\n|poke|p1|Kingambit, M|\n|poke|p1|Arceus-Ground|\n|poke|p2|Koraidon|\n|poke|p2|Corviknight, M|\n|poke|p2|Flutter Mane|\n|poke|p2|Clodsire, F|\n|poke|p2|Arceus|\n|poke|p2|Chi-Yu|\n|teampreview\n|inactive|Battle timer is ON: inactive players will automatically lose when time's up. (requested by FatalOblivion)\n|\n|t:|1698243266\n|start\n|switch|p1a: Glimmora|Glimmora, M|100\/100\n|switch|p2a: Koraidon|Koraidon|100\/100\n|-weather|SunnyDay|[from] ability: Orichalcum Pulse|[of] p2a: Koraidon\n|-activate|p2a: Koraidon|Orichalcum Pulse|[source]\n|turn|1\n|\n|t:|1698243274\n|move|p2a: Koraidon|U-turn|p1a: Glimmora\n|-resisted|p1a: Glimmora\n|-damage|p1a: Glimmora|78\/100\n|-activate|p1a: Glimmora|ability: Toxic Debris\n|-sidestart|p2: FatalOblivion|move: Toxic Spikes\n|\n|t:|1698243275\n|switch|p2a: Corviknight|Corviknight, M|100\/100|[from] U-turn\n|move|p1a: Glimmora|Spikes|p2a: Corviknight\n|-sidestart|p2: FatalOblivion|Spikes\n|\n|-weather|SunnyDay|[upkeep]\n|upkeep\n|turn|2\n|\n|t:|1698243287\n|switch|p1a: Koraidon|Koraidon|100\/100\n|-activate|p1a: Koraidon|ability: Orichalcum Pulse\n|move|p2a: Corviknight|Body Press|p1a: Koraidon\n|-damage|p1a: Koraidon|79\/100\n|\n|-weather|SunnyDay|[upkeep]\n|upkeep\n|turn|3\n|\n|t:|1698243303\n|switch|p2a: Clodsire|Clodsire, F|100\/100\n|-sideend|p2: FatalOblivion|move: Toxic Spikes|[of] p2a: Clodsire\n|-damage|p2a: Clodsire|88\/100|[from] Spikes\n|move|p1a: Koraidon|Flare Blitz|p2a: Clodsire\n|-damage|p2a: Clodsire|0 fnt\n|faint|p2a: Clodsire\n|-damage|p1a: Koraidon|42\/100|[from] Recoil\n|\n|-weather|SunnyDay|[upkeep]\n|upkeep\n|\n|t:|1698243310\n|switch|p2a: Koraidon|Koraidon|100\/100\n|-damage|p2a: Koraidon|88\/100|[from] Spikes\n|-activate|p2a: Koraidon|ability: Orichalcum Pulse\n|turn|4\n|\n|t:|1698243315\n|switch|p1a: Glimmora|Glimmora, M|78\/100\n|move|p2a: Koraidon|Dragon Claw|p1a: Glimmora\n|-damage|p1a: Glimmora|1\/100\n|-activate|p1a: Glimmora|ability: Toxic Debris\n|-sidestart|p2: FatalOblivion|move: Toxic Spikes\n|\n|-weather|SunnyDay|[upkeep]\n|upkeep\n|turn|5\n|\n|t:|1698243323\n|move|p2a: Koraidon|Dragon Claw|p1a: Glimmora\n|-damage|p1a: Glimmora|0 fnt\n|-activate|p1a: Glimmora|ability: Toxic Debris\n|-sidestart|p2: FatalOblivion|move: Toxic Spikes\n|faint|p1a: Glimmora\n|\n|-weather|none\n|upkeep\n|\n|t:|1698243331\n|switch|p1a: Arceus|Arceus-Ground|100\/100\n|turn|6\n|\n|t:|1698243340\n|switch|p2a: Corviknight|Corviknight, M|100\/100\n|move|p1a: Arceus|Dragon Dance|p1a: Arceus\n|-boost|p1a: Arceus|atk|1\n|-boost|p1a: Arceus|spe|1\n|\n|upkeep\n|turn|7\n|\n|t:|1698243368\n|switch|p1a: Koraidon|Koraidon|42\/100\n|-weather|SunnyDay|[from] ability: Orichalcum Pulse|[of] p1a: Koraidon\n|-activate|p1a: Koraidon|Orichalcum Pulse|[source]\n|move|p2a: Corviknight|Bulk Up|p2a: Corviknight\n|-boost|p2a: Corviknight|atk|1\n|-boost|p2a: Corviknight|def|1\n|\n|-weather|SunnyDay|[upkeep]\n|upkeep\n|turn|8\n|\n|t:|1698243386\n|-terastallize|p2a: Corviknight|Flying\n|move|p1a: Koraidon|Scale Shot|p2a: Corviknight|[miss]\n|-miss|p1a: Koraidon|p2a: Corviknight\n|move|p2a: Corviknight|Roost||[still]\n|-fail|p2a: Corviknight|heal\n|\n|-weather|SunnyDay|[upkeep]\n|upkeep\n|turn|9\n|\n|t:|1698243393\n|move|p1a: Koraidon|Scale Shot|p2a: Corviknight\n|-damage|p2a: Corviknight|93\/100\n|-damage|p2a: Corviknight|84\/100\n|-damage|p2a: Corviknight|76\/100\n|-damage|p2a: Corviknight|68\/100\n|-damage|p2a: Corviknight|60\/100\n|-hitcount|p2a: Corviknight|5\n|-unboost|p1a: Koraidon|def|1\n|-boost|p1a: Koraidon|spe|1\n|move|p2a: Corviknight|Bulk Up|p2a: Corviknight\n|-boost|p2a: Corviknight|atk|1\n|-boost|p2a: Corviknight|def|1\n|\n|-weather|SunnyDay|[upkeep]\n|-heal|p2a: Corviknight|67\/100|[from] item: Leftovers\n|upkeep\n|turn|10\n|\n|t:|1698243399\n|move|p1a: Koraidon|Flare Blitz|p2a: Corviknight\n|-damage|p2a: Corviknight|40\/100\n|-damage|p1a: Koraidon|32\/100|[from] Recoil\n|move|p2a: Corviknight|Roost|p2a: Corviknight\n|-heal|p2a: Corviknight|90\/100\n|-hint|If a Flying Terastallized Pokemon uses Roost, it remains Flying-type.\n|\n|-weather|SunnyDay|[upkeep]\n|-heal|p2a: Corviknight|96\/100|[from] item: Leftovers\n|upkeep\n|turn|11\n|\n|t:|1698243407\n|move|p1a: Koraidon|Flare Blitz|p2a: Corviknight\n|-damage|p2a: Corviknight|68\/100\n|-damage|p1a: Koraidon|21\/100|[from] Recoil\n|move|p2a: Corviknight|Bulk Up|p2a: Corviknight\n|-boost|p2a: Corviknight|atk|1\n|-boost|p2a: Corviknight|def|1\n|\n|-weather|none\n|-heal|p2a: Corviknight|74\/100|[from] item: Leftovers\n|upkeep\n|turn|12\n|\n|t:|1698243413\n|move|p1a: Koraidon|Flare Blitz|p2a: Corviknight\n|-damage|p2a: Corviknight|63\/100\n|-damage|p1a: Koraidon|18\/100|[from] Recoil\n|move|p2a: Corviknight|Roost|p2a: Corviknight\n|-heal|p2a: Corviknight|100\/100\n|-hint|If a Flying Terastallized Pokemon uses Roost, it remains Flying-type.\n|\n|upkeep\n|turn|13\n|\n|t:|1698243417\n|move|p1a: Koraidon|Flare Blitz|p2a: Corviknight\n|-damage|p2a: Corviknight|90\/100\n|-damage|p1a: Koraidon|14\/100|[from] Recoil\n|move|p2a: Corviknight|Body Press|p1a: Koraidon\n|-crit|p1a: Koraidon\n|-damage|p1a: Koraidon|0 fnt\n|faint|p1a: Koraidon\n|\n|-heal|p2a: Corviknight|96\/100|[from] item: Leftovers\n|upkeep\n|\n|t:|1698243437\n|switch|p1a: Arceus|Arceus-Ground|100\/100\n|turn|14\n|\n|t:|1698243444\n|move|p1a: Arceus|Ice Beam|p2a: Corviknight\n|-supereffective|p2a: Corviknight\n|-damage|p2a: Corviknight|54\/100\n|move|p2a: Corviknight|Body Press|p1a: Arceus\n|-damage|p1a: Arceus|57\/100\n|\n|-heal|p2a: Corviknight|60\/100|[from] item: Leftovers\n|upkeep\n|turn|15\n|\n|t:|1698243460\n|move|p1a: Arceus|Ice Beam|p2a: Corviknight\n|-supereffective|p2a: Corviknight\n|-crit|p2a: Corviknight\n|-damage|p2a: Corviknight|0 fnt\n|faint|p2a: Corviknight\n|\n|upkeep\n|\n|t:|1698243466\n|switch|p2a: Arceus|Arceus|100\/100\n|-damage|p2a: Arceus|88\/100|[from] Spikes\n|-status|p2a: Arceus|tox\n|turn|16\n|\n|t:|1698243470\n|move|p2a: Arceus|Swords Dance|p2a: Arceus\n|-boost|p2a: Arceus|atk|2\n|move|p1a: Arceus|Earthquake|p2a: Arceus\n|-damage|p2a: Arceus|48\/100 tox\n|\n|-damage|p2a: Arceus|42\/100 tox|[from] psn\n|upkeep\n|turn|17\n|\n|t:|1698243483\n|move|p2a: Arceus|Extreme Speed|p1a: Arceus\n|-damage|p1a: Arceus|0 fnt\n|faint|p1a: Arceus\n|\n|-damage|p2a: Arceus|30\/100 tox|[from] psn\n|upkeep\n|\n|t:|1698243488\n|switch|p1a: Kingambit|Kingambit, M|100\/100\n|-activate|p1a: Kingambit|ability: Supreme Overlord\n|-start|p1a: Kingambit|fallen3|[silent]\n|turn|18\n|\n|t:|1698243491\n|move|p2a: Arceus|Earthquake|p1a: Kingambit\n|-supereffective|p1a: Kingambit\n|-damage|p1a: Kingambit|0 fnt\n|faint|p1a: Kingambit\n|-end|p1a: Kingambit|fallen3|[silent]\n|\n|-damage|p2a: Arceus|12\/100 tox|[from] psn\n|upkeep\n|\n|t:|1698243500\n|switch|p1a: Shaymin|Shaymin-Sky|100\/100\n|turn|19\n|\n|t:|1698243502\n|move|p2a: Arceus|Extreme Speed|p1a: Shaymin\n|-damage|p1a: Shaymin|0 fnt\n|faint|p1a: Shaymin\n|\n|-damage|p2a: Arceus|0 fnt|[from] psn\n|faint|p2a: Arceus\n|upkeep\n|\n|t:|1698243506\n|switch|p1a: Zacian|Zacian-Crowned|100\/100\n|switch|p2a: Chi-Yu|Chi-Yu|100\/100\n|-damage|p2a: Chi-Yu|88\/100|[from] Spikes\n|-status|p2a: Chi-Yu|tox\n|-ability|p2a: Chi-Yu|Beads of Ruin\n|-ability|p1a: Zacian|Intrepid Sword|boost\n|-boost|p1a: Zacian|atk|1\n|turn|20\n|c|\u2606FatalOblivion|GG\n|\n|t:|1698243525\n|-terastallize|p1a: Zacian|Flying\n|move|p2a: Chi-Yu|Flamethrower|p1a: Zacian\n|-damage|p1a: Zacian|29\/100\n|move|p1a: Zacian|Play Rough|p2a: Chi-Yu\n|-damage|p2a: Chi-Yu|0 fnt\n|faint|p2a: Chi-Yu\n|\n|upkeep\n|\n|t:|1698243529\n|switch|p2a: Koraidon|Koraidon|88\/100\n|-damage|p2a: Koraidon|76\/100|[from] Spikes\n|-status|p2a: Koraidon|tox\n|-weather|SunnyDay|[from] ability: Orichalcum Pulse|[of] p2a: Koraidon\n|-activate|p2a: Koraidon|Orichalcum Pulse|[source]\n|turn|21\n|c|\u2606hisuian helios|gg\n|\n|t:|1698243535\n|move|p2a: Koraidon|Flare Blitz|p1a: Zacian\n|-damage|p1a: Zacian|0 fnt\n|faint|p1a: Zacian\n|-damage|p2a: Koraidon|67\/100 tox|[from] Recoil\n|\n|win|FatalOblivion\n|raw|hisuian helios's rating: 1418 &rarr; <strong>1392<\/strong><br \/>(-26 for losing)\n|raw|FatalOblivion's rating: 1308 &rarr; <strong>1334<\/strong><br \/>(+26 for winning)\n|l|\u2606hisuian helios\n","uploadtime":1698243543,"views":15,"p1id":"hisuianhelios","p2id":"fataloblivion","formatid":"gen9ubers","rating":1334,"private":0,"password":""}