{"id":"gen9ubers-1980178169","p1":"babynogalXD","p2":"Lil Tzatziki Sauce","format":"[Gen 9] Ubers","log":"|j|\u2606babynogalXD\n|j|\u2606Lil Tzatziki Sauce\n|t:|1698764014\n|gametype|singles\n|player|p1|babynogalXD|hilbert|\n|player|p2|Lil Tzatziki Sauce|grimsley|\n|teamsize|p1|6\n|teamsize|p2|6\n|gen|9\n|tier|[Gen 9] Ubers\n|rule|Sleep Clause Mod: Limit one foe put to sleep\n|rule|Species Clause: Limit one of each Pok\u00e9mon\n|rule|OHKO Clause: OHKO moves are banned\n|rule|Evasion Items Clause: Evasion items are banned\n|rule|Evasion Moves Clause: Evasion moves are banned\n|rule|Endless Battle Clause: Forcing endless battles is banned\n|rule|HP Percentage Mod: HP is shown in percentages\n|clearpoke\n|poke|p1|Cutiefly, F|\n|poke|p1|Hatterene, F|\n|poke|p1|Spectrier|\n|poke|p1|Landorus, M|\n|poke|p1|Zacian-*|\n|poke|p1|Shaymin-Sky|\n|poke|p2|Garganacl, F|\n|poke|p2|Shaymin-Sky|\n|poke|p2|Palafin, F|\n|poke|p2|Dialga|\n|poke|p2|Magearna|\n|poke|p2|Giratina|\n|teampreview\n|c|\u2606Lil Tzatziki Sauce|glhf\n|\n|t:|1698764028\n|start\n|switch|p1a: Cutiefly|Cutiefly, F|100\/100\n|switch|p2a: Fair and Balanced|Magearna|100\/100\n|turn|1\n|\n|t:|1698764041\n|move|p1a: Cutiefly|Sticky Web|p2a: Fair and Balanced\n|-sidestart|p2: Lil Tzatziki Sauce|move: Sticky Web\n|move|p2a: Fair and Balanced|Spikes|p1a: Cutiefly\n|-sidestart|p1: babynogalXD|Spikes\n|\n|upkeep\n|turn|2\n|\n|t:|1698764044\n|switch|p1a: Hatterene|Hatterene, F|100\/100\n|-damage|p1a: Hatterene|88\/100|[from] Spikes\n|move|p2a: Fair and Balanced|Iron Head|p1a: Hatterene\n|-supereffective|p1a: Hatterene\n|-damage|p1a: Hatterene|45\/100\n|-enditem|p1a: Hatterene|Red Card|[of] p2a: Fair and Balanced\n|drag|p2a: Nifalap|Palafin, F|100\/100\n|-activate|p2a: Nifalap|move: Sticky Web\n|-unboost|p2a: Nifalap|spe|1\n|\n|upkeep\n|turn|3\n|\n|t:|1698764051\n|move|p2a: Nifalap|Flip Turn|p1a: Hatterene\n|-damage|p1a: Hatterene|17\/100\n|\n|t:|1698764054\n|detailschange|p2a: Nifalap|Palafin-Hero, F\n|switch|p2a: Fair and Balanced|Magearna|100\/100|[from] Flip Turn\n|-activate|p2a: Fair and Balanced|move: Sticky Web\n|-unboost|p2a: Fair and Balanced|spe|1\n|move|p1a: Hatterene|Nuzzle|p2a: Fair and Balanced\n|-crit|p2a: Fair and Balanced\n|-damage|p2a: Fair and Balanced|97\/100\n|-status|p2a: Fair and Balanced|par\n|\n|-heal|p2a: Fair and Balanced|100\/100 par|[from] item: Leftovers\n|upkeep\n|turn|4\n|\n|t:|1698764058\n|move|p1a: Hatterene|Psyshock|p2a: Fair and Balanced\n|-resisted|p2a: Fair and Balanced\n|-damage|p2a: Fair and Balanced|89\/100 par\n|move|p2a: Fair and Balanced|Iron Head|p1a: Hatterene\n|-supereffective|p1a: Hatterene\n|-damage|p1a: Hatterene|0 fnt\n|faint|p1a: Hatterene\n|-ability|p2a: Fair and Balanced|Soul-Heart|boost\n|-boost|p2a: Fair and Balanced|spa|1\n|\n|-heal|p2a: Fair and Balanced|95\/100 par|[from] item: Leftovers\n|upkeep\n|\n|t:|1698764063\n|switch|p1a: Landorus|Landorus, M|100\/100\n|turn|5\n|\n|t:|1698764070\n|switch|p2a: opium_00pium|Giratina|100\/100\n|-ability|p2a: opium_00pium|Pressure\n|move|p1a: Landorus|Earth Power|p2a: opium_00pium\n|-crit|p2a: opium_00pium\n|-damage|p2a: opium_00pium|56\/100\n|\n|upkeep\n|turn|6\n|\n|t:|1698764074\n|move|p1a: Landorus|Taunt|p2a: opium_00pium\n|-start|p2a: opium_00pium|move: Taunt\n|cant|p2a: opium_00pium|move: Taunt|Will-O-Wisp\n|\n|upkeep\n|turn|7\n|\n|t:|1698764077\n|switch|p2a: Super Fly|Shaymin-Sky|100\/100\n|move|p1a: Landorus|Earth Power|p2a: Super Fly\n|-immune|p2a: Super Fly\n|\n|upkeep\n|turn|8\n|\n|t:|1698764079\n|move|p2a: Super Fly|Substitute|p2a: Super Fly\n|-start|p2a: Super Fly|Substitute\n|-damage|p2a: Super Fly|76\/100\n|move|p1a: Landorus|Sludge Bomb|p2a: Super Fly\n|-supereffective|p2a: Super Fly\n|-end|p2a: Super Fly|Substitute\n|\n|upkeep\n|turn|9\n|\n|t:|1698764087\n|switch|p2a: TR on switchin|Dialga|100\/100\n|-activate|p2a: TR on switchin|move: Sticky Web\n|-unboost|p2a: TR on switchin|spe|1\n|-ability|p2a: TR on switchin|Pressure\n|move|p1a: Landorus|Sludge Bomb|p2a: TR on switchin\n|-immune|p2a: TR on switchin\n|\n|upkeep\n|turn|10\n|\n|t:|1698764097\n|switch|p1a: Cutiefly|Cutiefly, F|100\/100\n|-damage|p1a: Cutiefly|88\/100|[from] Spikes\n|switch|p2a: Super Fly|Shaymin-Sky|76\/100\n|\n|upkeep\n|turn|11\n|\n|t:|1698764103\n|switch|p1a: Zacian|Zacian|100\/100\n|-damage|p1a: Zacian|88\/100|[from] Spikes\n|-ability|p1a: Zacian|Intrepid Sword|boost\n|-boost|p1a: Zacian|atk|1\n|move|p2a: Super Fly|Substitute|p2a: Super Fly\n|-start|p2a: Super Fly|Substitute\n|-damage|p2a: Super Fly|51\/100\n|\n|upkeep\n|turn|12\n|\n|t:|1698764106\n|move|p1a: Zacian|Play Rough|p2a: Super Fly\n|-end|p2a: Super Fly|Substitute\n|-damage|p1a: Zacian|78\/100|[from] item: Life Orb\n|move|p2a: Super Fly|Leech Seed|p1a: Zacian\n|-start|p1a: Zacian|move: Leech Seed\n|\n|-damage|p1a: Zacian|66\/100|[from] Leech Seed|[of] p2a: Super Fly\n|-heal|p2a: Super Fly|61\/100|[silent]\n|upkeep\n|turn|13\n|\n|t:|1698764121\n|switch|p1a: Landorus|Landorus, M|100\/100\n|switch|p2a: Fair and Balanced|Magearna|95\/100 par\n|-activate|p2a: Fair and Balanced|move: Sticky Web\n|-unboost|p2a: Fair and Balanced|spe|1\n|\n|-heal|p2a: Fair and Balanced|100\/100 par|[from] item: Leftovers\n|upkeep\n|turn|14\n|\n|t:|1698764129\n|switch|p2a: Super Fly|Shaymin-Sky|61\/100\n|move|p1a: Landorus|Earth Power|p2a: Super Fly\n|-immune|p2a: Super Fly\n|\n|upkeep\n|turn|15\n|\n|t:|1698764131\n|move|p2a: Super Fly|Air Slash|p1a: Landorus\n|-damage|p1a: Landorus|64\/100\n|cant|p1a: Landorus|flinch\n|\n|upkeep\n|turn|16\n|\n|t:|1698764135\n|switch|p1a: Cutiefly|Cutiefly, F|88\/100\n|-damage|p1a: Cutiefly|76\/100|[from] Spikes\n|move|p2a: Super Fly|Air Slash|p1a: Cutiefly\n|-supereffective|p1a: Cutiefly\n|-damage|p1a: Cutiefly|0 fnt\n|faint|p1a: Cutiefly\n|\n|upkeep\n|\n|t:|1698764141\n|switch|p1a: Spectrier|Spectrier|100\/100\n|-damage|p1a: Spectrier|88\/100|[from] Spikes\n|turn|17\n|\n|t:|1698764149\n|switch|p2a: Salty TearsUrTeam|Garganacl, F|100\/100\n|-activate|p2a: Salty TearsUrTeam|move: Sticky Web\n|-unboost|p2a: Salty TearsUrTeam|spe|1\n|move|p1a: Spectrier|Substitute|p1a: Spectrier\n|-start|p1a: Spectrier|Substitute\n|-damage|p1a: Spectrier|63\/100\n|\n|upkeep\n|turn|18\n|\n|t:|1698764151\n|move|p1a: Spectrier|Nasty Plot|p1a: Spectrier\n|-boost|p1a: Spectrier|spa|2\n|move|p2a: Salty TearsUrTeam|Earthquake|p1a: Spectrier\n|-end|p1a: Spectrier|Substitute\n|\n|upkeep\n|turn|19\n|\n|t:|1698764158\n|-terastallize|p1a: Spectrier|Fighting\n|move|p1a: Spectrier|Tera Blast|p2a: Salty TearsUrTeam|[anim] Tera Blast Fighting\n|-supereffective|p2a: Salty TearsUrTeam\n|-damage|p2a: Salty TearsUrTeam|0 fnt\n|faint|p2a: Salty TearsUrTeam\n|-ability|p1a: Spectrier|Grim Neigh|boost\n|-boost|p1a: Spectrier|spa|1\n|\n|upkeep\n|\n|t:|1698764161\n|switch|p2a: Nifalap|Palafin-Hero, F|100\/100\n|-activate|p2a: Nifalap|move: Sticky Web\n|-unboost|p2a: Nifalap|spe|1\n|-activate|p2a: Nifalap|ability: Zero to Hero\n|turn|20\n|\n|t:|1698764181\n|switch|p1a: Zacian|Zacian|66\/100\n|-damage|p1a: Zacian|54\/100|[from] Spikes\n|move|p2a: Nifalap|Jet Punch|p1a: Zacian\n|-damage|p1a: Zacian|0 fnt\n|faint|p1a: Zacian\n|\n|upkeep\n|\n|t:|1698764183\n|switch|p1a: Shaymin|Shaymin-Sky|100\/100\n|turn|21\n|\n|t:|1698764188\n|switch|p2a: TR on switchin|Dialga|100\/100\n|-activate|p2a: TR on switchin|move: Sticky Web\n|-unboost|p2a: TR on switchin|spe|1\n|-ability|p2a: TR on switchin|Pressure\n|move|p1a: Shaymin|Substitute|p1a: Shaymin\n|-start|p1a: Shaymin|Substitute\n|-damage|p1a: Shaymin|76\/100\n|\n|-heal|p1a: Shaymin|82\/100|[from] item: Leftovers\n|upkeep\n|turn|22\n|\n|t:|1698764192\n|move|p1a: Shaymin|Leech Seed|p2a: TR on switchin\n|-start|p2a: TR on switchin|move: Leech Seed\n|move|p2a: TR on switchin|Roar|p1a: Shaymin\n|drag|p1a: Landorus|Landorus, M|64\/100\n|\n|-damage|p2a: TR on switchin|88\/100|[from] Leech Seed|[of] p1a: Landorus\n|-heal|p1a: Landorus|79\/100|[silent]\n|upkeep\n|turn|23\n|\n|t:|1698764198\n|move|p1a: Landorus|Earth Power|p2a: TR on switchin\n|-supereffective|p2a: TR on switchin\n|-damage|p2a: TR on switchin|0 fnt\n|faint|p2a: TR on switchin\n|\n|upkeep\n|\n|t:|1698764203\n|switch|p2a: Nifalap|Palafin-Hero, F|100\/100\n|-activate|p2a: Nifalap|move: Sticky Web\n|-unboost|p2a: Nifalap|spe|1\n|turn|24\n|\n|t:|1698764207\n|-terastallize|p2a: Nifalap|Water\n|move|p2a: Nifalap|Jet Punch|p1a: Landorus\n|-supereffective|p1a: Landorus\n|-damage|p1a: Landorus|0 fnt\n|faint|p1a: Landorus\n|\n|upkeep\n|\n|t:|1698764209\n|switch|p1a: Shaymin|Shaymin-Sky|82\/100\n|turn|25\n|\n|t:|1698764212\n|switch|p2a: Super Fly|Shaymin-Sky|61\/100\n|move|p1a: Shaymin|Seed Flare|p2a: Super Fly\n|-resisted|p2a: Super Fly\n|-damage|p2a: Super Fly|45\/100\n|-unboost|p2a: Super Fly|spd|2\n|\n|-heal|p1a: Shaymin|88\/100|[from] item: Leftovers\n|upkeep\n|turn|26\n|\n|t:|1698764216\n|move|p2a: Super Fly|Air Slash|p1a: Shaymin\n|-supereffective|p1a: Shaymin\n|-damage|p1a: Shaymin|19\/100\n|cant|p1a: Shaymin|flinch\n|\n|-heal|p1a: Shaymin|25\/100|[from] item: Leftovers\n|upkeep\n|turn|27\n|\n|t:|1698764218\n|move|p1a: Shaymin|Air Slash|p2a: Super Fly\n|-supereffective|p2a: Super Fly\n|-damage|p2a: Super Fly|0 fnt\n|faint|p2a: Super Fly\n|\n|-heal|p1a: Shaymin|31\/100|[from] item: Leftovers\n|upkeep\n|\n|t:|1698764220\n|switch|p2a: Nifalap|Palafin-Hero, F, tera:Water|100\/100\n|-activate|p2a: Nifalap|move: Sticky Web\n|-unboost|p2a: Nifalap|spe|1\n|turn|28\n|\n|t:|1698764224\n|move|p2a: Nifalap|Jet Punch|p1a: Shaymin\n|-resisted|p1a: Shaymin\n|-damage|p1a: Shaymin|0 fnt\n|faint|p1a: Shaymin\n|\n|upkeep\n|c|\u2606babynogalXD|Gg\n|c|\u2606Lil Tzatziki Sauce|gg\n|\n|t:|1698764229\n|switch|p1a: Spectrier|Spectrier, tera:Fighting|63\/100\n|-damage|p1a: Spectrier|51\/100|[from] Spikes\n|turn|29\n|\n|t:|1698764232\n|move|p2a: Nifalap|Jet Punch|p1a: Spectrier\n|-damage|p1a: Spectrier|0 fnt\n|faint|p1a: Spectrier\n|\n|win|Lil Tzatziki Sauce\n","uploadtime":1698764235,"views":8,"p1id":"babynogalxd","p2id":"liltzatzikisauce","formatid":"gen9ubers","rating":0,"private":0,"password":""}