{"id":"gen9ubers-1971031537","p1":"Bruhitsjhian","p2":"leonel100","format":"[Gen 9] Ubers","log":"|j|\u2606Bruhitsjhian\n|j|\u2606leonel100\n|t:|1697695585\n|gametype|singles\n|player|p1|Bruhitsjhian|265|1081\n|player|p2|leonel100|265|1061\n|teamsize|p1|6\n|teamsize|p2|6\n|gen|9\n|tier|[Gen 9] Ubers\n|rated|\n|rule|Sleep Clause Mod: Limit one foe put to sleep\n|rule|Species Clause: Limit one of each Pok\u00e9mon\n|rule|OHKO Clause: OHKO moves are banned\n|rule|Evasion Items Clause: Evasion items are banned\n|rule|Evasion Moves Clause: Evasion moves are banned\n|rule|Endless Battle Clause: Forcing endless battles is banned\n|rule|HP Percentage Mod: HP is shown in percentages\n|clearpoke\n|poke|p1|Dragapult, M|\n|poke|p1|Miraidon|\n|poke|p1|Kingambit, M|\n|poke|p1|Arceus|\n|poke|p1|Zacian-*|\n|poke|p1|Cyclizar, M|\n|poke|p2|Rillaboom, M|\n|poke|p2|Toxapex, F|\n|poke|p2|Goodra-Hisui, F|\n|poke|p2|Slither Wing|\n|poke|p2|Talonflame, M|\n|poke|p2|Ursaluna-Bloodmoon, M|\n|teampreview\n|\n|t:|1697695602\n|start\n|switch|p1a: Cyclizar|Cyclizar, M, shiny|100\/100\n|switch|p2a: Rillaboom|Rillaboom, M|100\/100\n|-fieldstart|move: Grassy Terrain|[from] ability: Grassy Surge|[of] p2a: Rillaboom\n|turn|1\n|\n|t:|1697695615\n|move|p1a: Cyclizar|Ice Spinner|p2a: Rillaboom\n|-supereffective|p2a: Rillaboom\n|-damage|p2a: Rillaboom|53\/100\n|-fieldend|move: Grassy Terrain\n|move|p2a: Rillaboom|U-turn|p1a: Cyclizar\n|-damage|p1a: Cyclizar|31\/100\n|-enditem|p1a: Cyclizar|Eject Button\n|\n|t:|1697695642\n|switch|p1a: Miraidon|Miraidon|100\/100\n|-fieldstart|move: Electric Terrain|[from] ability: Hadron Engine|[of] p1a: Miraidon\n|\n|upkeep\n|turn|2\n|\n|t:|1697695654\n|switch|p2a: Goodra|Goodra-Hisui, F|100\/100\n|move|p1a: Miraidon|Draco Meteor|p2a: Goodra\n|-damage|p2a: Goodra|58\/100\n|-unboost|p1a: Miraidon|spa|2\n|\n|upkeep\n|turn|3\n|\n|t:|1697695675\n|move|p1a: Miraidon|Draco Meteor|p2a: Goodra\n|-damage|p2a: Goodra|37\/100\n|-unboost|p1a: Miraidon|spa|2\n|move|p2a: Goodra|Flamethrower|p1a: Miraidon\n|-resisted|p1a: Miraidon\n|-damage|p1a: Miraidon|92\/100\n|\n|upkeep\n|turn|4\n|\n|t:|1697695696\n|move|p1a: Miraidon|Volt Switch|p2a: Goodra\n|-resisted|p2a: Goodra\n|-damage|p2a: Goodra|32\/100\n|\n|t:|1697695703\n|switch|p1a: Arceus|Arceus|100\/100|[from] Volt Switch\n|move|p2a: Goodra|Draco Meteor|p1a: Arceus\n|-damage|p1a: Arceus|53\/100\n|-unboost|p2a: Goodra|spa|2\n|\n|upkeep\n|turn|5\n|\n|t:|1697695720\n|switch|p2a: Ursaluna|Ursaluna-Bloodmoon, M|100\/100\n|move|p1a: Arceus|Earthquake|p2a: Ursaluna\n|-damage|p2a: Ursaluna|69\/100\n|-damage|p1a: Arceus|43\/100|[from] item: Life Orb\n|\n|-fieldend|move: Electric Terrain\n|upkeep\n|turn|6\n|\n|t:|1697695766\n|move|p1a: Arceus|Earthquake|p2a: Ursaluna\n|-damage|p2a: Ursaluna|42\/100\n|-damage|p1a: Arceus|33\/100|[from] item: Life Orb\n|move|p2a: Ursaluna|Blood Moon|p1a: Arceus\n|-damage|p1a: Arceus|0 fnt\n|faint|p1a: Arceus\n|\n|upkeep\n|\n|t:|1697695781\n|switch|p1a: Dragapult|Dragapult, M, shiny|100\/100\n|turn|7\n|\n|t:|1697695813\n|switch|p2a: Toxapex|Toxapex, F|100\/100\n|move|p1a: Dragapult|Dragon Darts|p2a: Toxapex\n|-damage|p2a: Toxapex|87\/100\n|-anim|p1a: Dragapult|Dragon Darts|p2a: Toxapex\n|-damage|p2a: Toxapex|73\/100\n|\n|upkeep\n|turn|8\n|\n|t:|1697695821\n|move|p1a: Dragapult|Thunder|p2a: Toxapex|[miss]\n|-miss|p1a: Dragapult|p2a: Toxapex\n|move|p2a: Toxapex|Ice Beam|p1a: Dragapult\n|-supereffective|p1a: Dragapult\n|-damage|p1a: Dragapult|66\/100\n|\n|upkeep\n|turn|9\n|\n|t:|1697695839\n|move|p1a: Dragapult|Thunder|p2a: Toxapex|[miss]\n|-miss|p1a: Dragapult|p2a: Toxapex\n|move|p2a: Toxapex|Recover|p2a: Toxapex\n|-heal|p2a: Toxapex|100\/100\n|\n|upkeep\n|turn|10\n|\n|t:|1697695847\n|switch|p1a: Miraidon|Miraidon|92\/100\n|-fieldstart|move: Electric Terrain|[from] ability: Hadron Engine|[of] p1a: Miraidon\n|move|p2a: Toxapex|Ice Beam|p1a: Miraidon\n|-supereffective|p1a: Miraidon\n|-damage|p1a: Miraidon|77\/100\n|\n|upkeep\n|turn|11\n|\n|t:|1697695861\n|switch|p2a: Ursaluna|Ursaluna-Bloodmoon, M|42\/100\n|-terastallize|p1a: Miraidon|Electric\n|move|p1a: Miraidon|Volt Switch|p2a: Ursaluna\n|-immune|p2a: Ursaluna\n|\n|upkeep\n|turn|12\n|\n|t:|1697695870\n|switch|p1a: Dragapult|Dragapult, M, shiny|66\/100\n|switch|p2a: Goodra|Goodra-Hisui, F|32\/100\n|\n|upkeep\n|turn|13\n|\n|t:|1697695882\n|move|p1a: Dragapult|Dragon Darts|p2a: Goodra\n|-damage|p2a: Goodra|11\/100\n|-anim|p1a: Dragapult|Dragon Darts|p2a: Goodra\n|-damage|p2a: Goodra|0 fnt\n|faint|p2a: Goodra\n|\n|upkeep\n|\n|t:|1697695892\n|switch|p2a: Rillaboom|Rillaboom, M|53\/100\n|-fieldstart|move: Grassy Terrain|[from] ability: Grassy Surge|[of] p2a: Rillaboom\n|turn|14\n|\n|t:|1697695896\n|move|p1a: Dragapult|Flamethrower|p2a: Rillaboom\n|-supereffective|p2a: Rillaboom\n|-damage|p2a: Rillaboom|0 fnt\n|faint|p2a: Rillaboom\n|\n|-heal|p1a: Dragapult|72\/100|[from] Grassy Terrain\n|upkeep\n|\n|t:|1697695906\n|switch|p2a: Talonflame|Talonflame, M|100\/100\n|turn|15\n|\n|t:|1697695911\n|move|p2a: Talonflame|Brave Bird|p1a: Dragapult\n|-damage|p1a: Dragapult|24\/100\n|-damage|p2a: Talonflame|87\/100|[from] Recoil\n|move|p1a: Dragapult|Thunder|p2a: Talonflame\n|-supereffective|p2a: Talonflame\n|-damage|p2a: Talonflame|11\/100\n|\n|-heal|p1a: Dragapult|30\/100|[from] Grassy Terrain\n|upkeep\n|turn|16\n|\n|t:|1697695929\n|switch|p1a: Cyclizar|Cyclizar, M, shiny|31\/100\n|move|p2a: Talonflame|Brave Bird|p1a: Cyclizar\n|-damage|p1a: Cyclizar|0 fnt\n|faint|p1a: Cyclizar\n|-damage|p2a: Talonflame|3\/100|[from] Recoil\n|\n|upkeep\n|\n|t:|1697695940\n|switch|p1a: Kingambit|Kingambit, M|100\/100\n|-activate|p1a: Kingambit|ability: Supreme Overlord\n|-start|p1a: Kingambit|fallen2|[silent]\n|turn|17\n|\n|t:|1697695945\n|move|p1a: Kingambit|Sucker Punch||[still]\n|-fail|p1a: Kingambit\n|move|p2a: Talonflame|Will-O-Wisp|p1a: Kingambit\n|-status|p1a: Kingambit|brn\n|\n|-damage|p1a: Kingambit|94\/100 brn|[from] brn\n|upkeep\n|turn|18\n|\n|t:|1697695956\n|-end|p1a: Kingambit|fallen2|[silent]\n|switch|p1a: Dragapult|Dragapult, M, shiny|30\/100\n|move|p2a: Talonflame|Roost|p2a: Talonflame\n|-heal|p2a: Talonflame|53\/100\n|-singleturn|p2a: Talonflame|move: Roost\n|\n|-heal|p1a: Dragapult|36\/100|[from] Grassy Terrain\n|-heal|p2a: Talonflame|59\/100|[from] Grassy Terrain\n|-fieldend|move: Grassy Terrain\n|upkeep\n|turn|19\n|\n|t:|1697695970\n|switch|p2a: Toxapex|Toxapex, F|100\/100\n|move|p1a: Dragapult|Thunder|p2a: Toxapex\n|-supereffective|p2a: Toxapex\n|-damage|p2a: Toxapex|52\/100\n|-status|p2a: Toxapex|par\n|\n|upkeep\n|turn|20\n|\n|t:|1697695977\n|move|p1a: Dragapult|Thunder|p2a: Toxapex|[miss]\n|-miss|p1a: Dragapult|p2a: Toxapex\n|cant|p2a: Toxapex|par\n|\n|upkeep\n|turn|21\n|\n|t:|1697695982\n|move|p1a: Dragapult|Thunder|p2a: Toxapex\n|-supereffective|p2a: Toxapex\n|-damage|p2a: Toxapex|3\/100 par\n|move|p2a: Toxapex|Ice Beam|p1a: Dragapult\n|-supereffective|p1a: Dragapult\n|-damage|p1a: Dragapult|3\/100\n|-status|p1a: Dragapult|frz\n|\n|upkeep\n|turn|22\n|\n|t:|1697695998\n|-curestatus|p1a: Dragapult|frz|[msg]\n|move|p1a: Dragapult|Dragon Darts|p2a: Toxapex\n|-damage|p2a: Toxapex|0 fnt\n|faint|p2a: Toxapex\n|\n|upkeep\n|\n|t:|1697696008\n|switch|p2a: Ursaluna|Ursaluna-Bloodmoon, M|42\/100\n|turn|23\n|\n|t:|1697696026\n|move|p2a: Ursaluna|Vacuum Wave|p1a: Dragapult\n|-damage|p1a: Dragapult|0 fnt\n|faint|p1a: Dragapult\n|\n|upkeep\n|\n|t:|1697696030\n|switch|p1a: Zacian|Zacian-Crowned, shiny|100\/100\n|-ability|p1a: Zacian|Intrepid Sword|boost\n|-boost|p1a: Zacian|atk|1\n|turn|24\n|\n|t:|1697696041\n|switch|p2a: Talonflame|Talonflame, M|59\/100\n|move|p1a: Zacian|Sacred Sword|p2a: Talonflame\n|-resisted|p2a: Talonflame\n|-damage|p2a: Talonflame|32\/100\n|\n|upkeep\n|turn|25\n|\n|t:|1697696052\n|move|p1a: Zacian|Swords Dance|p1a: Zacian\n|-boost|p1a: Zacian|atk|2\n|move|p2a: Talonflame|Roost|p2a: Talonflame\n|-heal|p2a: Talonflame|82\/100\n|-singleturn|p2a: Talonflame|move: Roost\n|\n|upkeep\n|turn|26\n|\n|t:|1697696068\n|move|p1a: Zacian|Play Rough|p2a: Talonflame\n|-resisted|p2a: Talonflame\n|-damage|p2a: Talonflame|17\/100\n|move|p2a: Talonflame|Will-O-Wisp|p1a: Zacian\n|-status|p1a: Zacian|brn\n|\n|-damage|p1a: Zacian|94\/100 brn|[from] brn\n|upkeep\n|turn|27\n|\n|t:|1697696076\n|move|p1a: Zacian|Swords Dance|p1a: Zacian\n|-boost|p1a: Zacian|atk|2\n|move|p2a: Talonflame|Roost|p2a: Talonflame\n|-heal|p2a: Talonflame|67\/100\n|-singleturn|p2a: Talonflame|move: Roost\n|\n|-damage|p1a: Zacian|88\/100 brn|[from] brn\n|upkeep\n|turn|28\n|\n|t:|1697696084\n|move|p1a: Zacian|Play Rough|p2a: Talonflame\n|-resisted|p2a: Talonflame\n|-damage|p2a: Talonflame|17\/100\n|move|p2a: Talonflame|Roost|p2a: Talonflame\n|-heal|p2a: Talonflame|67\/100\n|-singleturn|p2a: Talonflame|move: Roost\n|\n|-damage|p1a: Zacian|82\/100 brn|[from] brn\n|upkeep\n|turn|29\n|\n|t:|1697696093\n|move|p1a: Zacian|Swords Dance|p1a: Zacian\n|-boost|p1a: Zacian|atk|1\n|move|p2a: Talonflame|Roost|p2a: Talonflame\n|-heal|p2a: Talonflame|100\/100\n|-singleturn|p2a: Talonflame|move: Roost\n|\n|-damage|p1a: Zacian|76\/100 brn|[from] brn\n|upkeep\n|turn|30\n|\n|t:|1697696101\n|move|p1a: Zacian|Behemoth Blade|p2a: Talonflame\n|-resisted|p2a: Talonflame\n|-damage|p2a: Talonflame|39\/100\n|move|p2a: Talonflame|U-turn|p1a: Zacian\n|-resisted|p1a: Zacian\n|-damage|p1a: Zacian|72\/100 brn\n|\n|t:|1697696106\n|switch|p2a: Ursaluna|Ursaluna-Bloodmoon, M|42\/100|[from] U-turn\n|\n|-damage|p1a: Zacian|66\/100 brn|[from] brn\n|upkeep\n|turn|31\n|\n|t:|1697696113\n|switch|p2a: Talonflame|Talonflame, M|39\/100\n|move|p1a: Zacian|Sacred Sword|p2a: Talonflame\n|-resisted|p2a: Talonflame\n|-damage|p2a: Talonflame|3\/100\n|\n|-damage|p1a: Zacian|60\/100 brn|[from] brn\n|upkeep\n|turn|32\n|\n|t:|1697696120\n|move|p1a: Zacian|Sacred Sword|p2a: Talonflame\n|-resisted|p2a: Talonflame\n|-damage|p2a: Talonflame|0 fnt\n|faint|p2a: Talonflame\n|\n|-damage|p1a: Zacian|54\/100 brn|[from] brn\n|upkeep\n|\n|t:|1697696133\n|switch|p2a: Slither Wing|Slither Wing|100\/100\n|-enditem|p2a: Slither Wing|Booster Energy\n|-activate|p2a: Slither Wing|ability: Protosynthesis|[fromitem]\n|-start|p2a: Slither Wing|protosynthesisatk\n|turn|33\n|\n|t:|1697696163\n|move|p1a: Zacian|Play Rough|p2a: Slither Wing\n|-supereffective|p2a: Slither Wing\n|-damage|p2a: Slither Wing|0 fnt\n|faint|p2a: Slither Wing\n|-end|p2a: Slither Wing|Protosynthesis|[silent]\n|\n|-damage|p1a: Zacian|48\/100 brn|[from] brn\n|upkeep\n|\n|t:|1697696167\n|switch|p2a: Ursaluna|Ursaluna-Bloodmoon, M|42\/100\n|turn|34\n|\n|t:|1697696174\n|move|p2a: Ursaluna|Vacuum Wave|p1a: Zacian\n|-damage|p1a: Zacian|33\/100 brn\n|move|p1a: Zacian|Behemoth Blade|p2a: Ursaluna\n|-damage|p2a: Ursaluna|0 fnt\n|faint|p2a: Ursaluna\n|\n|win|Bruhitsjhian\n|raw|Bruhitsjhian's rating: 1081 &rarr; <strong>1107<\/strong><br \/>(+26 for winning)\n|raw|leonel100's rating: 1061 &rarr; <strong>1043<\/strong><br \/>(-18 for losing)\n|l|\u2606leonel100\n","uploadtime":1697696182,"views":9,"p1id":"bruhitsjhian","p2id":"leonel100","formatid":"gen9ubers","rating":1043,"private":0,"password":""}