{"id":"gen9ubers-1991492010","p1":"Tuidi","p2":"Anne Frankkkk","format":"[Gen 9] Ubers","log":"|j|\u2606Tuidi\n|j|\u2606Anne Frankkkk\n|t:|1700081860\n|gametype|singles\n|player|p1|Tuidi|steven|1174\n|player|p2|Anne Frankkkk|hilbert|1212\n|teamsize|p1|6\n|teamsize|p2|6\n|gen|9\n|tier|[Gen 9] Ubers\n|rated|\n|rule|Sleep Clause Mod: Limit one foe put to sleep\n|rule|Species Clause: Limit one of each Pok\u00e9mon\n|rule|OHKO Clause: OHKO moves are banned\n|rule|Evasion Items Clause: Evasion items are banned\n|rule|Evasion Moves Clause: Evasion moves are banned\n|rule|Endless Battle Clause: Forcing endless battles is banned\n|rule|HP Percentage Mod: HP is shown in percentages\n|clearpoke\n|poke|p1|Landorus, M|\n|poke|p1|Garganacl, F|\n|poke|p1|Glimmora, F|\n|poke|p1|Samurott-Hisui, M|\n|poke|p1|Arceus|\n|poke|p1|Eternatus|\n|poke|p2|Regieleki|\n|poke|p2|Kyogre|\n|poke|p2|Chien-Pao|\n|poke|p2|Ribombee, M|\n|poke|p2|Miraidon|\n|poke|p2|Flutter Mane|\n|teampreview\n|inactive|Battle timer is ON: inactive players will automatically lose when time's up. (requested by Tuidi)\n|\n|t:|1700081864\n|start\n|switch|p1a: Samurott|Samurott-Hisui, M|100\/100\n|switch|p2a: Regieleki|Regieleki, shiny|100\/100\n|turn|1\n|\n|t:|1700081867\n|move|p2a: Regieleki|Thunderbolt|p1a: Samurott\n|-supereffective|p1a: Samurott\n|-enditem|p1a: Samurott|Focus Sash\n|-damage|p1a: Samurott|1\/100\n|move|p1a: Samurott|Ceaseless Edge|p2a: Regieleki|[miss]\n|-miss|p1a: Samurott|p2a: Regieleki\n|\n|upkeep\n|turn|2\n|\n|t:|1700081874\n|move|p1a: Samurott|Aqua Jet|p2a: Regieleki\n|-damage|p2a: Regieleki|67\/100\n|move|p2a: Regieleki|Thunderbolt|p1a: Samurott\n|-supereffective|p1a: Samurott\n|-damage|p1a: Samurott|0 fnt\n|faint|p1a: Samurott\n|\n|upkeep\n|\n|t:|1700081878\n|switch|p1a: Arceus|Arceus|100\/100\n|turn|3\n|\n|t:|1700081885\n|switch|p2a: Misdreavius|Flutter Mane, shiny|100\/100\n|-enditem|p2a: Misdreavius|Booster Energy\n|-activate|p2a: Misdreavius|ability: Protosynthesis|[fromitem]\n|-start|p2a: Misdreavius|protosynthesisspe\n|move|p1a: Arceus|Extreme Speed|p2a: Misdreavius\n|-immune|p2a: Misdreavius\n|\n|upkeep\n|turn|4\n|\n|t:|1700081892\n|switch|p1a: Garganacl|Garganacl, F|100\/100\n|move|p2a: Misdreavius|Moonblast|p1a: Garganacl\n|-damage|p1a: Garganacl|65\/100\n|-unboost|p1a: Garganacl|spa|1\n|\n|-heal|p1a: Garganacl|71\/100|[from] item: Leftovers\n|upkeep\n|turn|5\n|\n|t:|1700081900\n|move|p2a: Misdreavius|Moonblast|p1a: Garganacl\n|-damage|p1a: Garganacl|37\/100\n|move|p1a: Garganacl|Salt Cure|p2a: Misdreavius\n|-damage|p2a: Misdreavius|71\/100\n|-start|p2a: Misdreavius|Salt Cure\n|\n|-heal|p1a: Garganacl|44\/100|[from] item: Leftovers\n|-damage|p2a: Misdreavius|59\/100|[from] Salt Cure\n|upkeep\n|turn|6\n|\n|t:|1700081906\n|move|p2a: Misdreavius|Moonblast|p1a: Garganacl\n|-damage|p1a: Garganacl|8\/100\n|move|p1a: Garganacl|Recover|p1a: Garganacl\n|-heal|p1a: Garganacl|58\/100\n|\n|-heal|p1a: Garganacl|64\/100|[from] item: Leftovers\n|-damage|p2a: Misdreavius|47\/100|[from] Salt Cure\n|upkeep\n|turn|7\n|\n|t:|1700081912\n|move|p2a: Misdreavius|Moonblast|p1a: Garganacl\n|-damage|p1a: Garganacl|29\/100\n|move|p1a: Garganacl|Recover|p1a: Garganacl\n|-heal|p1a: Garganacl|79\/100\n|\n|-heal|p1a: Garganacl|85\/100|[from] item: Leftovers\n|-damage|p2a: Misdreavius|34\/100|[from] Salt Cure\n|upkeep\n|turn|8\n|\n|t:|1700081923\n|move|p2a: Misdreavius|Calm Mind|p2a: Misdreavius\n|-boost|p2a: Misdreavius|spa|1\n|-boost|p2a: Misdreavius|spd|1\n|move|p1a: Garganacl|Iron Defense|p1a: Garganacl\n|-boost|p1a: Garganacl|def|2\n|\n|-heal|p1a: Garganacl|91\/100|[from] item: Leftovers\n|-damage|p2a: Misdreavius|22\/100|[from] Salt Cure\n|upkeep\n|turn|9\n|\n|t:|1700081930\n|move|p2a: Misdreavius|Moonblast|p1a: Garganacl\n|-damage|p1a: Garganacl|45\/100\n|-unboost|p1a: Garganacl|spa|1\n|move|p1a: Garganacl|Recover|p1a: Garganacl\n|-heal|p1a: Garganacl|95\/100\n|\n|-heal|p1a: Garganacl|100\/100|[from] item: Leftovers\n|-damage|p2a: Misdreavius|10\/100|[from] Salt Cure\n|upkeep\n|turn|10\n|\n|t:|1700081940\n|move|p2a: Misdreavius|Moonblast|p1a: Garganacl\n|-damage|p1a: Garganacl|48\/100\n|move|p1a: Garganacl|Iron Defense|p1a: Garganacl\n|-boost|p1a: Garganacl|def|2\n|\n|-heal|p1a: Garganacl|54\/100|[from] item: Leftovers\n|-damage|p2a: Misdreavius|0 fnt|[from] Salt Cure\n|faint|p2a: Misdreavius\n|-end|p2a: Misdreavius|Protosynthesis|[silent]\n|upkeep\n|\n|t:|1700081944\n|switch|p2a: Ice Cat|Chien-Pao|100\/100\n|-ability|p2a: Ice Cat|Sword of Ruin\n|turn|11\n|\n|t:|1700081950\n|move|p2a: Ice Cat|Swords Dance|p2a: Ice Cat\n|-boost|p2a: Ice Cat|atk|2\n|move|p1a: Garganacl|Body Press|p2a: Ice Cat\n|-supereffective|p2a: Ice Cat\n|-enditem|p2a: Ice Cat|Focus Sash\n|-damage|p2a: Ice Cat|1\/100\n|\n|-heal|p1a: Garganacl|60\/100|[from] item: Leftovers\n|upkeep\n|turn|12\n|\n|t:|1700081959\n|move|p2a: Ice Cat|Sacred Sword|p1a: Garganacl\n|-supereffective|p1a: Garganacl\n|-damage|p1a: Garganacl|0 fnt\n|faint|p1a: Garganacl\n|\n|upkeep\n|\n|t:|1700081971\n|switch|p1a: Glimmora|Glimmora, F|100\/100\n|turn|13\n|\n|t:|1700081980\n|switch|p2a: Moonblast|Ribombee, M, shiny|100\/100\n|move|p1a: Glimmora|Earth Power|p2a: Moonblast\n|-resisted|p2a: Moonblast\n|-damage|p2a: Moonblast|72\/100\n|\n|upkeep\n|turn|14\n|\n|t:|1700081987\n|move|p2a: Moonblast|Sticky Web|p1a: Glimmora\n|-sidestart|p1: Tuidi|move: Sticky Web\n|move|p1a: Glimmora|Stealth Rock|p2a: Moonblast\n|-sidestart|p2: Anne Frankkkk|move: Stealth Rock\n|\n|upkeep\n|turn|15\n|\n|t:|1700081990\n|move|p2a: Moonblast|Moonblast|p1a: Glimmora\n|-resisted|p1a: Glimmora\n|-damage|p1a: Glimmora|74\/100\n|move|p1a: Glimmora|Mortal Spin|p2a: Moonblast\n|-supereffective|p2a: Moonblast\n|-damage|p2a: Moonblast|46\/100\n|-sideend|p1: Tuidi|Sticky Web|[from] move: Mortal Spin|[of] p1a: Glimmora\n|\n|upkeep\n|turn|16\n|\n|t:|1700081998\n|move|p2a: Moonblast|Bug Buzz|p1a: Glimmora\n|-resisted|p1a: Glimmora\n|-damage|p1a: Glimmora|51\/100\n|move|p1a: Glimmora|Mortal Spin|p2a: Moonblast\n|-supereffective|p2a: Moonblast\n|-damage|p2a: Moonblast|21\/100\n|\n|upkeep\n|turn|17\n|\n|t:|1700082007\n|move|p2a: Moonblast|Bug Buzz|p1a: Glimmora\n|-resisted|p1a: Glimmora\n|-damage|p1a: Glimmora|28\/100\n|move|p1a: Glimmora|Mortal Spin|p2a: Moonblast\n|-supereffective|p2a: Moonblast\n|-damage|p2a: Moonblast|0 fnt\n|faint|p2a: Moonblast\n|\n|upkeep\n|\n|t:|1700082010\n|switch|p2a: Regieleki|Regieleki, shiny|67\/100\n|-damage|p2a: Regieleki|54\/100|[from] Stealth Rock\n|turn|18\n|\n|t:|1700082013\n|move|p2a: Regieleki|Thunderbolt|p1a: Glimmora\n|-damage|p1a: Glimmora|0 fnt\n|faint|p1a: Glimmora\n|\n|upkeep\n|\n|t:|1700082020\n|switch|p1a: Landorus|Landorus, M|100\/100\n|turn|19\n|\n|t:|1700082023\n|-terastallize|p2a: Regieleki|Ice\n|move|p2a: Regieleki|Tera Blast|p1a: Landorus|[anim] Tera Blast Ice\n|-supereffective|p1a: Landorus\n|-damage|p1a: Landorus|0 fnt\n|faint|p1a: Landorus\n|\n|upkeep\n|\n|t:|1700082028\n|switch|p1a: Eternatus|Eternatus|100\/100\n|-ability|p1a: Eternatus|Pressure\n|turn|20\n|\n|t:|1700082031\n|move|p2a: Regieleki|Tera Blast|p1a: Eternatus|[anim] Tera Blast Ice\n|-supereffective|p1a: Eternatus\n|-damage|p1a: Eternatus|51\/100\n|move|p1a: Eternatus|Flamethrower|p2a: Regieleki\n|-supereffective|p2a: Regieleki\n|-damage|p2a: Regieleki|0 fnt\n|faint|p2a: Regieleki\n|\n|upkeep\n|\n|t:|1700082035\n|switch|p2a: Ice Cat|Chien-Pao|1\/100\n|-damage|p2a: Ice Cat|0 fnt|[from] Stealth Rock\n|faint|p2a: Ice Cat\n|\n|t:|1700082037\n|switch|p2a: Cyber Lizard|Miraidon|100\/100\n|-damage|p2a: Cyber Lizard|88\/100|[from] Stealth Rock\n|-fieldstart|move: Electric Terrain|[from] ability: Hadron Engine|[of] p2a: Cyber Lizard\n|-item|p2a: Cyber Lizard|Air Balloon\n|turn|21\n|\n|t:|1700082043\n|move|p1a: Eternatus|Dynamax Cannon|p2a: Cyber Lizard\n|-supereffective|p2a: Cyber Lizard\n|-damage|p2a: Cyber Lizard|2\/100\n|-enditem|p2a: Cyber Lizard|Air Balloon\n|move|p2a: Cyber Lizard|Dragon Pulse|p1a: Eternatus\n|-supereffective|p1a: Eternatus\n|-damage|p1a: Eternatus|0 fnt\n|faint|p1a: Eternatus\n|\n|upkeep\n|\n|t:|1700082050\n|switch|p1a: Arceus|Arceus|100\/100\n|turn|22\n|\n|t:|1700082052\n|move|p1a: Arceus|Extreme Speed|p2a: Cyber Lizard\n|-damage|p2a: Cyber Lizard|0 fnt\n|faint|p2a: Cyber Lizard\n|\n|upkeep\n|\n|t:|1700082058\n|switch|p2a: OHKO|Kyogre|100\/100\n|-damage|p2a: OHKO|88\/100|[from] Stealth Rock\n|-weather|RainDance|[from] ability: Drizzle|[of] p2a: OHKO\n|turn|23\n|\n|t:|1700082065\n|move|p1a: Arceus|Extreme Speed|p2a: OHKO\n|-damage|p2a: OHKO|30\/100\n|move|p2a: OHKO|Origin Pulse|p1a: Arceus\n|-damage|p1a: Arceus|0 fnt\n|faint|p1a: Arceus\n|\n|win|Anne Frankkkk\n|raw|Tuidi's rating: 1174 &rarr; <strong>1152<\/strong><br \/>(-22 for losing)\n|raw|Anne Frankkkk's rating: 1212 &rarr; <strong>1234<\/strong><br \/>(+22 for winning)\n","uploadtime":1700082074,"views":5,"p1id":"tuidi","p2id":"annefrankkkk","formatid":"gen9ubers","rating":1152,"private":0,"password":""}