{"id":"gen9ubers-1999964996","p1":"scarf koraidon","p2":"the je","format":"[Gen 9] Ubers","log":"|j|\u2606scarf koraidon\n|j|\u2606the je\n|t:|1701135373\n|gametype|singles\n|player|p1|scarf koraidon|marnie|\n|player|p2|the je|larry|\n|teamsize|p1|6\n|teamsize|p2|6\n|gen|9\n|tier|[Gen 9] Ubers\n|rated|Tournament battle\n|rule|Sleep Clause Mod: Limit one foe put to sleep\n|rule|Species Clause: Limit one of each Pok\u00e9mon\n|rule|OHKO Clause: OHKO moves are banned\n|rule|Evasion Items Clause: Evasion items are banned\n|rule|Evasion Moves Clause: Evasion moves are banned\n|rule|Endless Battle Clause: Forcing endless battles is banned\n|rule|HP Percentage Mod: HP is shown in percentages\n|clearpoke\n|poke|p1|Alomomola, F|\n|poke|p1|Ditto|\n|poke|p1|Koraidon|\n|poke|p1|Arceus|\n|poke|p1|Iron Treads|\n|poke|p1|Miraidon|\n|poke|p2|Miraidon|\n|poke|p2|Chi-Yu|\n|poke|p2|Iron Bundle|\n|poke|p2|Iron Treads|\n|poke|p2|Regieleki|\n|poke|p2|Annihilape, M|\n|teampreview\n|inactive|Battle timer is ON: inactive players will automatically lose when time's up. (requested by scarf koraidon)\n|\n|t:|1701135384\n|start\n|switch|p1a: Miraidon|Miraidon|100\/100\n|switch|p2a: Snack That|Chi-Yu|100\/100\n|-ability|p2a: Snack That|Beads of Ruin\n|-fieldstart|move: Electric Terrain|[from] ability: Hadron Engine|[of] p1a: Miraidon\n|turn|1\n|\n|t:|1701135398\n|move|p2a: Snack That|Dark Pulse|p1a: Miraidon\n|-damage|p1a: Miraidon|47\/100\n|move|p1a: Miraidon|U-turn|p2a: Snack That\n|-damage|p2a: Snack That|78\/100\n|\n|t:|1701135404\n|switch|p1a: Kira|Koraidon|100\/100|[from] U-turn\n|-weather|SunnyDay|[from] ability: Orichalcum Pulse|[of] p1a: Kira\n|-activate|p1a: Kira|Orichalcum Pulse|[source]\n|\n|-weather|SunnyDay|[upkeep]\n|upkeep\n|turn|2\n|\n|t:|1701135417\n|move|p2a: Snack That|Dark Pulse|p1a: Kira\n|-resisted|p1a: Kira\n|-damage|p1a: Kira|72\/100\n|move|p1a: Kira|Scale Shot|p2a: Snack That\n|-damage|p2a: Snack That|43\/100\n|-damage|p2a: Snack That|11\/100\n|-damage|p2a: Snack That|0 fnt\n|faint|p2a: Snack That\n|-hitcount|p2: Snack That|3\n|-unboost|p1a: Kira|def|1\n|-boost|p1a: Kira|spe|1\n|\n|-weather|SunnyDay|[upkeep]\n|upkeep\n|\n|t:|1701135429\n|switch|p2a: Robot Santa|Iron Bundle|100\/100\n|-activate|p2a: Robot Santa|ability: Quark Drive\n|-start|p2a: Robot Santa|quarkdrivespe\n|turn|3\n|\n|t:|1701135433\n|switch|p1a: Iron Treads|Iron Treads|100\/100\n|-activate|p1a: Iron Treads|ability: Quark Drive\n|-start|p1a: Iron Treads|quarkdrivespd\n|move|p2a: Robot Santa|Ice Beam|p1a: Iron Treads\n|-damage|p1a: Iron Treads|65\/100\n|-damage|p2a: Robot Santa|91\/100|[from] item: Life Orb\n|\n|-weather|SunnyDay|[upkeep]\n|-heal|p1a: Iron Treads|71\/100|[from] item: Leftovers\n|upkeep\n|turn|4\n|\n|t:|1701135440\n|-end|p2a: Robot Santa|Quark Drive|[silent]\n|switch|p2a: Thomas|Iron Treads|100\/100\n|-activate|p2a: Thomas|ability: Quark Drive\n|-start|p2a: Thomas|quarkdrivespe\n|move|p1a: Iron Treads|Stealth Rock|p2a: Thomas\n|-sidestart|p2: the je|move: Stealth Rock\n|\n|-weather|SunnyDay|[upkeep]\n|-heal|p1a: Iron Treads|78\/100|[from] item: Leftovers\n|upkeep\n|turn|5\n|\n|t:|1701135447\n|-end|p1a: Iron Treads|Quark Drive|[silent]\n|switch|p1a: Alomomola|Alomomola, F, shiny|100\/100\n|move|p2a: Thomas|Earthquake|p1a: Alomomola\n|-damage|p1a: Alomomola|74\/100\n|\n|-weather|none\n|-fieldend|move: Electric Terrain\n|-end|p2a: Thomas|Quark Drive\n|upkeep\n|turn|6\n|\n|t:|1701135450\n|move|p2a: Thomas|Knock Off|p1a: Alomomola\n|-damage|p1a: Alomomola|59\/100\n|-damage|p2a: Thomas|84\/100|[from] item: Rocky Helmet|[of] p1a: Alomomola\n|-enditem|p1a: Alomomola|Rocky Helmet|[from] move: Knock Off|[of] p2a: Thomas\n|move|p1a: Alomomola|Wish|p1a: Alomomola\n|\n|-heal|p2a: Thomas|90\/100|[from] item: Leftovers\n|upkeep\n|turn|7\n|\n|t:|1701135455\n|move|p2a: Thomas|Rapid Spin|p1a: Alomomola\n|-damage|p1a: Alomomola|50\/100\n|-boost|p2a: Thomas|spe|1\n|-sideend|p2: the je|Stealth Rock|[from] move: Rapid Spin|[of] p2a: Thomas\n|move|p1a: Alomomola|Flip Turn|p2a: Thomas\n|-supereffective|p2a: Thomas\n|-damage|p2a: Thomas|58\/100\n|\n|t:|1701135459\n|switch|p1a: Miraidon|Miraidon|47\/100|[from] Flip Turn\n|-fieldstart|move: Electric Terrain|[from] ability: Hadron Engine|[of] p1a: Miraidon\n|-activate|p2a: Thomas|ability: Quark Drive\n|-start|p2a: Thomas|quarkdrivespe\n|\n|-heal|p1a: Miraidon|100\/100|[from] move: Wish|[wisher] Alomomola\n|-heal|p2a: Thomas|65\/100|[from] item: Leftovers\n|upkeep\n|turn|8\n|\n|t:|1701135465\n|switch|p1a: Alomomola|Alomomola, F, shiny|83\/100\n|move|p2a: Thomas|Earthquake|p1a: Alomomola\n|-damage|p1a: Alomomola|59\/100\n|\n|-heal|p2a: Thomas|71\/100|[from] item: Leftovers\n|upkeep\n|turn|9\n|\n|t:|1701135467\n|move|p2a: Thomas|Earthquake|p1a: Alomomola\n|-damage|p1a: Alomomola|32\/100\n|move|p1a: Alomomola|Wish|p1a: Alomomola\n|\n|-heal|p2a: Thomas|77\/100|[from] item: Leftovers\n|upkeep\n|turn|10\n|\n|t:|1701135471\n|move|p1a: Alomomola|Protect|p1a: Alomomola\n|-singleturn|p1a: Alomomola|Protect\n|move|p2a: Thomas|Earthquake|p1a: Alomomola\n|-activate|p1a: Alomomola|move: Protect\n|\n|-heal|p1a: Alomomola|82\/100|[from] move: Wish|[wisher] Alomomola\n|-heal|p2a: Thomas|83\/100|[from] item: Leftovers\n|upkeep\n|turn|11\n|\n|t:|1701135473\n|move|p2a: Thomas|Earthquake|p1a: Alomomola\n|-damage|p1a: Alomomola|59\/100\n|move|p1a: Alomomola|Wish|p1a: Alomomola\n|\n|-heal|p2a: Thomas|90\/100|[from] item: Leftovers\n|-fieldend|move: Electric Terrain\n|-end|p2a: Thomas|Quark Drive\n|upkeep\n|turn|12\n|\n|t:|1701135478\n|move|p1a: Alomomola|Protect|p1a: Alomomola\n|-singleturn|p1a: Alomomola|Protect\n|move|p2a: Thomas|Earthquake|p1a: Alomomola\n|-activate|p1a: Alomomola|move: Protect\n|\n|-heal|p1a: Alomomola|100\/100|[from] move: Wish|[wisher] Alomomola\n|-heal|p2a: Thomas|96\/100|[from] item: Leftovers\n|upkeep\n|turn|13\n|\n|t:|1701135480\n|move|p2a: Thomas|Earthquake|p1a: Alomomola\n|-damage|p1a: Alomomola|74\/100\n|move|p1a: Alomomola|Wish|p1a: Alomomola\n|\n|-heal|p2a: Thomas|100\/100|[from] item: Leftovers\n|upkeep\n|turn|14\n|\n|t:|1701135485\n|move|p2a: Thomas|Knock Off|p1a: Alomomola\n|-damage|p1a: Alomomola|62\/100\n|move|p1a: Alomomola|Flip Turn|p2a: Thomas\n|-supereffective|p2a: Thomas\n|-damage|p2a: Thomas|74\/100\n|\n|t:|1701135488\n|switch|p1a: Kira|Koraidon|72\/100|[from] Flip Turn\n|-weather|SunnyDay|[from] ability: Orichalcum Pulse|[of] p1a: Kira\n|-activate|p1a: Kira|Orichalcum Pulse|[source]\n|\n|-weather|SunnyDay|[upkeep]\n|-heal|p1a: Kira|100\/100|[from] move: Wish|[wisher] Alomomola\n|-heal|p2a: Thomas|80\/100|[from] item: Leftovers\n|upkeep\n|turn|15\n|\n|t:|1701135499\n|move|p2a: Thomas|Protect|p2a: Thomas\n|-singleturn|p2a: Thomas|Protect\n|move|p1a: Kira|Low Kick|p2a: Thomas\n|-activate|p2a: Thomas|move: Protect\n|\n|-weather|SunnyDay|[upkeep]\n|-heal|p2a: Thomas|86\/100|[from] item: Leftovers\n|upkeep\n|turn|16\n|\n|t:|1701135505\n|move|p2a: Thomas|Knock Off|p1a: Kira\n|-resisted|p1a: Kira\n|-damage|p1a: Kira|89\/100\n|-enditem|p1a: Kira|Loaded Dice|[from] move: Knock Off|[of] p2a: Thomas\n|move|p1a: Kira|Flare Blitz|p2a: Thomas\n|-supereffective|p2a: Thomas\n|-damage|p2a: Thomas|0 fnt\n|faint|p2a: Thomas\n|-end|p2a: Thomas|Quark Drive|[silent]\n|-damage|p1a: Kira|64\/100|[from] Recoil\n|\n|-weather|SunnyDay|[upkeep]\n|upkeep\n|\n|t:|1701135512\n|switch|p2a: Anti-Gravity|Miraidon|100\/100\n|-fieldstart|move: Electric Terrain|[from] ability: Hadron Engine|[of] p2a: Anti-Gravity\n|turn|17\n|\n|t:|1701135516\n|switch|p1a: Iron Treads|Iron Treads|78\/100\n|-activate|p1a: Iron Treads|ability: Quark Drive\n|-start|p1a: Iron Treads|quarkdrivespd\n|move|p2a: Anti-Gravity|Dazzling Gleam|p1a: Iron Treads\n|-resisted|p1a: Iron Treads\n|-damage|p1a: Iron Treads|66\/100\n|\n|-weather|SunnyDay|[upkeep]\n|-heal|p1a: Iron Treads|72\/100|[from] item: Leftovers\n|upkeep\n|turn|18\n|\n|t:|1701135524\n|switch|p2a: Smiles Back|Annihilape, M|100\/100\n|move|p1a: Iron Treads|Volt Switch|p2a: Smiles Back\n|-crit|p2a: Smiles Back\n|-damage|p2a: Smiles Back|79\/100\n|\n|t:|1701135533\n|-end|p1a: Iron Treads|Quark Drive|[silent]\n|switch|p1a: Miraidon|Miraidon|100\/100|[from] Volt Switch\n|-activate|p1a: Miraidon|ability: Hadron Engine\n|\n|-weather|none\n|upkeep\n|turn|19\n|inactive|the je has 120 seconds left.\n|\n|t:|1701135576\n|switch|p2a: Anti-Gravity|Miraidon|100\/100\n|-activate|p2a: Anti-Gravity|ability: Hadron Engine\n|move|p1a: Miraidon|Electro Drift|p2a: Anti-Gravity\n|-resisted|p2a: Anti-Gravity\n|-damage|p2a: Anti-Gravity|69\/100\n|\n|upkeep\n|turn|20\n|\n|t:|1701135582\n|switch|p1a: Iron Treads|Iron Treads|72\/100\n|-activate|p1a: Iron Treads|ability: Quark Drive\n|-start|p1a: Iron Treads|quarkdrivespd\n|move|p2a: Anti-Gravity|Dazzling Gleam|p1a: Iron Treads\n|-resisted|p1a: Iron Treads\n|-damage|p1a: Iron Treads|61\/100\n|\n|-heal|p1a: Iron Treads|67\/100|[from] item: Leftovers\n|upkeep\n|turn|21\n|\n|t:|1701135587\n|switch|p2a: Robot Santa|Iron Bundle|91\/100\n|-activate|p2a: Robot Santa|ability: Quark Drive\n|-start|p2a: Robot Santa|quarkdrivespe\n|move|p1a: Iron Treads|Volt Switch|p2a: Robot Santa\n|-supereffective|p2a: Robot Santa\n|-damage|p2a: Robot Santa|29\/100\n|\n|t:|1701135592\n|-end|p1a: Iron Treads|Quark Drive|[silent]\n|switch|p1a: Arceus|Arceus, shiny|100\/100|[from] Volt Switch\n|\n|upkeep\n|turn|22\n|\n|t:|1701135601\n|-end|p2a: Robot Santa|Quark Drive|[silent]\n|switch|p2a: Smiles Back|Annihilape, M|79\/100\n|move|p1a: Arceus|Extreme Speed|p2a: Smiles Back\n|-immune|p2a: Smiles Back\n|\n|upkeep\n|turn|23\n|\n|t:|1701135605\n|switch|p1a: Alomomola|Alomomola, F, shiny|96\/100\n|move|p2a: Smiles Back|Close Combat|p1a: Alomomola\n|-damage|p1a: Alomomola|68\/100\n|-unboost|p2a: Smiles Back|def|1\n|-unboost|p2a: Smiles Back|spd|1\n|\n|upkeep\n|turn|24\n|\n|t:|1701135612\n|move|p2a: Smiles Back|Rage Fist|p1a: Alomomola\n|-damage|p1a: Alomomola|40\/100\n|move|p1a: Alomomola|Wish|p1a: Alomomola\n|\n|-fieldend|move: Electric Terrain\n|upkeep\n|turn|25\n|\n|t:|1701135617\n|move|p1a: Alomomola|Protect|p1a: Alomomola\n|-singleturn|p1a: Alomomola|Protect\n|move|p2a: Smiles Back|Rage Fist|p1a: Alomomola\n|-activate|p1a: Alomomola|move: Protect\n|\n|-heal|p1a: Alomomola|90\/100|[from] move: Wish|[wisher] Alomomola\n|upkeep\n|turn|26\n|\n|t:|1701135619\n|move|p2a: Smiles Back|Rage Fist|p1a: Alomomola\n|-damage|p1a: Alomomola|64\/100\n|move|p1a: Alomomola|Wish|p1a: Alomomola\n|\n|upkeep\n|turn|27\n|\n|t:|1701135623\n|switch|p1a: Kira|Koraidon|64\/100\n|-weather|SunnyDay|[from] ability: Orichalcum Pulse|[of] p1a: Kira\n|-activate|p1a: Kira|Orichalcum Pulse|[source]\n|move|p2a: Smiles Back|Rage Fist|p1a: Kira\n|-damage|p1a: Kira|28\/100\n|\n|-weather|SunnyDay|[upkeep]\n|-heal|p1a: Kira|99\/100|[from] move: Wish|[wisher] Alomomola\n|upkeep\n|turn|28\n|\n|t:|1701135628\n|move|p1a: Kira|Flare Blitz|p2a: Smiles Back\n|-damage|p2a: Smiles Back|0 fnt\n|faint|p2a: Smiles Back\n|-damage|p1a: Kira|75\/100|[from] Recoil\n|\n|-weather|SunnyDay|[upkeep]\n|upkeep\n|\n|t:|1701135630\n|switch|p2a: Anti-Gravity|Miraidon|69\/100\n|-fieldstart|move: Electric Terrain|[from] ability: Hadron Engine|[of] p2a: Anti-Gravity\n|turn|29\n|\n|t:|1701135635\n|switch|p1a: Iron Treads|Iron Treads|67\/100\n|-activate|p1a: Iron Treads|ability: Quark Drive\n|-start|p1a: Iron Treads|quarkdrivespd\n|move|p2a: Anti-Gravity|Draco Meteor|p1a: Iron Treads\n|-resisted|p1a: Iron Treads\n|-damage|p1a: Iron Treads|40\/100\n|-unboost|p2a: Anti-Gravity|spa|2\n|\n|-weather|SunnyDay|[upkeep]\n|-heal|p1a: Iron Treads|46\/100|[from] item: Leftovers\n|upkeep\n|turn|30\n|\n|t:|1701135639\n|switch|p2a: McQueen|Regieleki|100\/100\n|move|p1a: Iron Treads|Volt Switch|p2a: McQueen\n|-resisted|p2a: McQueen\n|-damage|p2a: McQueen|87\/100\n|\n|t:|1701135644\n|-end|p1a: Iron Treads|Quark Drive|[silent]\n|switch|p1a: Miraidon|Miraidon|100\/100|[from] Volt Switch\n|-activate|p1a: Miraidon|ability: Hadron Engine\n|\n|-weather|SunnyDay|[upkeep]\n|upkeep\n|turn|31\n|\n|t:|1701135650\n|-terastallize|p2a: McQueen|Ice\n|move|p2a: McQueen|Tera Blast|p1a: Miraidon|[anim] Tera Blast Ice\n|-supereffective|p1a: Miraidon\n|-damage|p1a: Miraidon|8\/100\n|-damage|p2a: McQueen|77\/100|[from] item: Life Orb\n|move|p1a: Miraidon|Draco Meteor|p2a: McQueen\n|-damage|p2a: McQueen|0 fnt\n|-unboost|p1a: Miraidon|spa|2\n|faint|p2a: McQueen\n|\n|-weather|none\n|upkeep\n|\n|t:|1701135654\n|switch|p2a: Robot Santa|Iron Bundle|29\/100\n|-activate|p2a: Robot Santa|ability: Quark Drive\n|-start|p2a: Robot Santa|quarkdrivespe\n|turn|32\n|\n|t:|1701135659\n|switch|p1a: Arceus|Arceus, shiny|100\/100\n|move|p2a: Robot Santa|Freeze-Dry|p1a: Arceus\n|-damage|p1a: Arceus|68\/100\n|-damage|p2a: Robot Santa|19\/100|[from] item: Life Orb\n|\n|upkeep\n|turn|33\n|\n|t:|1701135663\n|move|p2a: Robot Santa|Ice Beam|p1a: Arceus\n|-damage|p1a: Arceus|28\/100\n|-damage|p2a: Robot Santa|9\/100|[from] item: Life Orb\n|move|p1a: Arceus|Recover|p1a: Arceus\n|-heal|p1a: Arceus|78\/100\n|\n|upkeep\n|turn|34\n|\n|t:|1701135666\n|move|p2a: Robot Santa|Ice Beam|p1a: Arceus\n|-damage|p1a: Arceus|38\/100\n|-damage|p2a: Robot Santa|0 fnt|[from] item: Life Orb\n|faint|p2a: Robot Santa\n|-end|p2a: Robot Santa|Quark Drive|[silent]\n|move|p1a: Arceus|Recover|p1a: Arceus\n|-heal|p1a: Arceus|88\/100\n|\n|upkeep\n|\n|t:|1701135669\n|switch|p2a: Anti-Gravity|Miraidon|69\/100\n|-activate|p2a: Anti-Gravity|ability: Hadron Engine\n|turn|35\n|-message|the je forfeited.\n|\n|win|scarf koraidon\n|n|\u2606scarf koraidon|scarfkoraidon\n|n|\u2606the je|theje\n","uploadtime":1701135673,"views":2,"p1id":"scarfkoraidon","p2id":"theje","formatid":"gen9ubers","rating":0,"private":0,"password":""}