{"id":"gen9ubers-1988658137","p1":"iwaana w1n","p2":"Parraso","format":"[Gen 9] Ubers","log":"|j|\u2606iwaana w1n\n|j|\u2606Parraso\n|t:|1699747157\n|gametype|singles\n|player|p1|iwaana w1n|1|1076\n|player|p2|Parraso|burglar|1070\n|teamsize|p1|6\n|teamsize|p2|6\n|gen|9\n|tier|[Gen 9] Ubers\n|rated|\n|rule|Sleep Clause Mod: Limit one foe put to sleep\n|rule|Species Clause: Limit one of each Pok\u00e9mon\n|rule|OHKO Clause: OHKO moves are banned\n|rule|Evasion Items Clause: Evasion items are banned\n|rule|Evasion Moves Clause: Evasion moves are banned\n|rule|Endless Battle Clause: Forcing endless battles is banned\n|rule|HP Percentage Mod: HP is shown in percentages\n|clearpoke\n|poke|p1|Annihilape, F|\n|poke|p1|Dialga-Origin|\n|poke|p1|Kyogre|\n|poke|p1|Chansey, F|\n|poke|p1|Garchomp, F|\n|poke|p1|Skeledirge, F|\n|poke|p2|Pelipper, M|\n|poke|p2|Urshifu-*, M|\n|poke|p2|Walking Wake|\n|poke|p2|Samurott-Hisui, M|\n|poke|p2|Gastrodon-East, M|\n|poke|p2|Floatzel, F|\n|teampreview\n|\n|t:|1699747166\n|start\n|switch|p1a: Annihilape|Annihilape, F, shiny|100\/100\n|switch|p2a: Pelipper|Pelipper, M|100\/100\n|-weather|RainDance|[from] ability: Drizzle|[of] p2a: Pelipper\n|turn|1\n|inactive|Battle timer is ON: inactive players will automatically lose when time's up. (requested by Parraso)\n|\n|t:|1699747179\n|move|p1a: Annihilape|Ice Punch|p2a: Pelipper\n|-damage|p2a: Pelipper|60\/100\n|move|p2a: Pelipper|Hurricane|p1a: Annihilape\n|-supereffective|p1a: Annihilape\n|-damage|p1a: Annihilape|26\/100\n|\n|-weather|RainDance|[upkeep]\n|upkeep\n|turn|2\n|\n|t:|1699747195\n|move|p1a: Annihilape|Ice Punch|p2a: Pelipper\n|-damage|p2a: Pelipper|20\/100\n|move|p2a: Pelipper|U-turn|p1a: Annihilape\n|-resisted|p1a: Annihilape\n|-damage|p1a: Annihilape|24\/100\n|\n|t:|1699747200\n|switch|p2a: Floatzel|Floatzel, F|100\/100|[from] U-turn\n|\n|-weather|RainDance|[upkeep]\n|upkeep\n|turn|3\n|\n|t:|1699747217\n|switch|p1a: Kyogre|Kyogre|100\/100\n|-terastallize|p2a: Floatzel|Water\n|move|p2a: Floatzel|Wave Crash|p1a: Kyogre\n|-resisted|p1a: Kyogre\n|-damage|p1a: Kyogre|24\/100\n|-damage|p2a: Floatzel|71\/100|[from] Recoil\n|\n|-weather|RainDance|[upkeep]\n|upkeep\n|turn|4\n|\n|t:|1699747230\n|move|p2a: Floatzel|Wave Crash|p1a: Kyogre\n|-resisted|p1a: Kyogre\n|-damage|p1a: Kyogre|0 fnt\n|faint|p1a: Kyogre\n|-damage|p2a: Floatzel|61\/100|[from] Recoil\n|\n|-weather|RainDance|[upkeep]\n|upkeep\n|\n|t:|1699747240\n|switch|p1a: Beautiful|Dialga-Origin|100\/100\n|-ability|p1a: Beautiful|Pressure\n|turn|5\n|\n|t:|1699747249\n|move|p2a: Floatzel|Wave Crash|p1a: Beautiful\n|-resisted|p1a: Beautiful\n|-damage|p1a: Beautiful|34\/100\n|-damage|p2a: Floatzel|33\/100|[from] Recoil\n|move|p1a: Beautiful|Thunder|p2a: Floatzel\n|-supereffective|p2a: Floatzel\n|-damage|p2a: Floatzel|0 fnt\n|faint|p2a: Floatzel\n|\n|-weather|RainDance|[upkeep]\n|upkeep\n|\n|t:|1699747266\n|switch|p2a: Urshifu|Urshifu-Rapid-Strike, M|100\/100\n|turn|6\n|\n|t:|1699747271\n|move|p2a: Urshifu|Close Combat|p1a: Beautiful\n|-supereffective|p1a: Beautiful\n|-damage|p1a: Beautiful|0 fnt\n|-unboost|p2a: Urshifu|def|1\n|-unboost|p2a: Urshifu|spd|1\n|faint|p1a: Beautiful\n|\n|-weather|RainDance|[upkeep]\n|upkeep\n|\n|t:|1699747281\n|switch|p1a: Annihilape|Annihilape, F, shiny|24\/100\n|turn|7\n|\n|t:|1699747290\n|move|p2a: Urshifu|Surging Strikes|p1a: Annihilape\n|-crit|p1a: Annihilape\n|-damage|p1a: Annihilape|0 fnt\n|faint|p1a: Annihilape\n|-hitcount|p1: Annihilape|1\n|\n|-weather|RainDance|[upkeep]\n|upkeep\n|\n|t:|1699747298\n|switch|p1a: Pompchomp|Garchomp, F, shiny|100\/100\n|turn|8\n|\n|t:|1699747312\n|move|p2a: Urshifu|Surging Strikes|p1a: Pompchomp\n|-crit|p1a: Pompchomp\n|-damage|p1a: Pompchomp|73\/100\n|-activate|p1a: Pompchomp|ability: Rough Skin\n|-activate|p2a: Urshifu|item: Protective Pads\n|-crit|p1a: Pompchomp\n|-damage|p1a: Pompchomp|46\/100\n|-activate|p1a: Pompchomp|ability: Rough Skin\n|-activate|p2a: Urshifu|item: Protective Pads\n|-crit|p1a: Pompchomp\n|-damage|p1a: Pompchomp|21\/100\n|-activate|p1a: Pompchomp|ability: Rough Skin\n|-activate|p2a: Urshifu|item: Protective Pads\n|-hitcount|p1a: Pompchomp|3\n|move|p1a: Pompchomp|Earthquake|p2a: Urshifu\n|-damage|p2a: Urshifu|18\/100\n|\n|-weather|none\n|upkeep\n|turn|9\n|\n|t:|1699747330\n|move|p2a: Urshifu|Surging Strikes|p1a: Pompchomp\n|-crit|p1a: Pompchomp\n|-damage|p1a: Pompchomp|3\/100\n|-activate|p1a: Pompchomp|ability: Rough Skin\n|-activate|p2a: Urshifu|item: Protective Pads\n|-crit|p1a: Pompchomp\n|-damage|p1a: Pompchomp|0 fnt\n|-activate|p1a: Pompchomp|ability: Rough Skin\n|-activate|p2a: Urshifu|item: Protective Pads\n|faint|p1a: Pompchomp\n|-hitcount|p1: Pompchomp|2\n|\n|upkeep\n|\n|t:|1699747343\n|switch|p1a: Skeledirge|Skeledirge, F, shiny|100\/100\n|turn|10\n|\n|t:|1699747350\n|move|p2a: Urshifu|Surging Strikes|p1a: Skeledirge\n|-supereffective|p1a: Skeledirge\n|-crit|p1a: Skeledirge\n|-damage|p1a: Skeledirge|61\/100\n|-supereffective|p1a: Skeledirge\n|-crit|p1a: Skeledirge\n|-damage|p1a: Skeledirge|22\/100\n|-supereffective|p1a: Skeledirge\n|-crit|p1a: Skeledirge\n|-damage|p1a: Skeledirge|0 fnt\n|faint|p1a: Skeledirge\n|-hitcount|p1: Skeledirge|3\n|\n|upkeep\n|\n|t:|1699747360\n|switch|p1a: Chansey|Chansey, F, shiny|100\/100\n|turn|11\n|\n|t:|1699747366\n|move|p2a: Urshifu|Close Combat|p1a: Chansey\n|-supereffective|p1a: Chansey\n|-damage|p1a: Chansey|0 fnt\n|-unboost|p2a: Urshifu|def|1\n|-unboost|p2a: Urshifu|spd|1\n|faint|p1a: Chansey\n|\n|win|Parraso\n|raw|iwaana w1n's rating: 1076 &rarr; <strong>1054<\/strong><br \/>(-22 for losing)\n|raw|Parraso's rating: 1070 &rarr; <strong>1100<\/strong><br \/>(+30 for winning)\n|c|\u2606Parraso|Gg\n|l|\u2606iwaana w1n\n","uploadtime":1699747374,"views":5,"p1id":"iwaanaw1n","p2id":"parraso","formatid":"gen9ubers","rating":1054,"private":0,"password":""}