{"id":"gen9ubers-1990941871","p1":"Dragon Master Rosa","p2":"godiamsosorry","format":"[Gen 9] Ubers","log":"|j|\u2606Dragon Master Rosa\n|j|\u2606godiamsosorry\n|t:|1700017749\n|gametype|singles\n|player|p1|Dragon Master Rosa|dragontamer-gen9|\n|player|p2|godiamsosorry|lady|\n|teamsize|p1|6\n|teamsize|p2|6\n|gen|9\n|tier|[Gen 9] Ubers\n|rule|Sleep Clause Mod: Limit one foe put to sleep\n|rule|Species Clause: Limit one of each Pok\u00e9mon\n|rule|OHKO Clause: OHKO moves are banned\n|rule|Evasion Items Clause: Evasion items are banned\n|rule|Evasion Moves Clause: Evasion moves are banned\n|rule|Endless Battle Clause: Forcing endless battles is banned\n|rule|HP Percentage Mod: HP is shown in percentages\n|clearpoke\n|poke|p1|Sinistcha|\n|poke|p1|Landorus-Therian, M|\n|poke|p1|Medicham, F|\n|poke|p1|Slowking-Galar, L99, F|\n|poke|p1|Toedscruel, F|\n|poke|p1|Empoleon, M|\n|poke|p2|Umbreon, F|\n|poke|p2|Zoroark-Hisui, F|\n|poke|p2|Landorus-Therian, M|\n|poke|p2|Blissey, F|\n|poke|p2|Weezing-Galar, M|\n|poke|p2|Moltres|\n|teampreview\n|c|\u2606godiamsosorry|I\u00b4m experimenting with some stuff rn.\n|c|\u2606Dragon Master Rosa|same\n|c|\u2606godiamsosorry|Not sure if this structure is that amazing though, it feels too passive.\n|c|\u2606godiamsosorry|Tell me what you think after the game.\n|\n|t:|1700017822\n|start\n|switch|p1a: Empoleon|Empoleon, M|100\/100\n|switch|p2a: Umbreon|Umbreon, F|100\/100\n|turn|1\n|\n|t:|1700017829\n|move|p2a: Umbreon|U-turn|p1a: Empoleon\n|-resisted|p1a: Empoleon\n|-damage|p1a: Empoleon|84\/100\n|\n|t:|1700017835\n|switch|p2a: Moltres|Moltres|100\/100|[from] U-turn\n|move|p1a: Empoleon|Stealth Rock|p2a: Moltres\n|-sidestart|p2: godiamsosorry|move: Stealth Rock\n|\n|upkeep\n|turn|2\n|\n|t:|1700017848\n|move|p2a: Moltres|Flare Blitz|p1a: Empoleon\n|-damage|p1a: Empoleon|30\/100\n|-damage|p2a: Moltres|83\/100|[from] Recoil\n|move|p1a: Empoleon|Knock Off|p2a: Moltres\n|-damage|p2a: Moltres|63\/100\n|-status|p1a: Empoleon|brn|[from] ability: Flame Body|[of] p2a: Moltres\n|-enditem|p2a: Moltres|Heavy-Duty Boots|[from] move: Knock Off|[of] p1a: Empoleon\n|\n|-damage|p1a: Empoleon|23\/100 brn|[from] brn\n|upkeep\n|turn|3\n|\n|t:|1700017857\n|switch|p1a: Landorus|Landorus-Therian, M|100\/100\n|-ability|p1a: Landorus|Intimidate|boost\n|-unboost|p2a: Moltres|atk|1\n|move|p2a: Moltres|Flare Blitz|p1a: Landorus\n|-damage|p1a: Landorus|65\/100\n|-damage|p2a: Moltres|51\/100|[from] Recoil\n|\n|-heal|p1a: Landorus|71\/100|[from] item: Leftovers\n|upkeep\n|turn|4\n|\n|t:|1700017863\n|switch|p1a: Sinistcha|Sinistcha|100\/100\n|move|p2a: Moltres|U-turn|p1a: Sinistcha\n|-damage|p1a: Sinistcha|91\/100\n|\n|t:|1700017869\n|switch|p2a: Weezing|Weezing-Galar, M|100\/100|[from] U-turn\n|-damage|p2a: Weezing|88\/100|[from] Stealth Rock\n|\n|-heal|p2a: Weezing|94\/100|[from] item: Leftovers\n|upkeep\n|turn|5\n|\n|t:|1700017875\n|switch|p1a: Empoleon|Empoleon, M|23\/100 brn\n|move|p2a: Weezing|Toxic||[still]\n|-fail|p2a: Weezing\n|\n|-heal|p2a: Weezing|99\/100|[from] item: Leftovers\n|-damage|p1a: Empoleon|17\/100 brn|[from] brn\n|upkeep\n|turn|6\n|\n|t:|1700017880\n|move|p1a: Empoleon|Roost|p1a: Empoleon\n|-heal|p1a: Empoleon|67\/100 brn\n|-singleturn|p1a: Empoleon|move: Roost\n|move|p2a: Weezing|Defog|p1a: Empoleon\n|-unboost|p1a: Empoleon|evasion|1\n|-sideend|p2: godiamsosorry|Stealth Rock|[from] move: Defog|[of] p2a: Weezing\n|\n|-heal|p2a: Weezing|100\/100|[from] item: Leftovers\n|-damage|p1a: Empoleon|61\/100 brn|[from] brn\n|upkeep\n|turn|7\n|\n|t:|1700017883\n|switch|p2a: Moltres|Moltres|51\/100\n|move|p1a: Empoleon|Stealth Rock|p2a: Moltres\n|-sidestart|p2: godiamsosorry|move: Stealth Rock\n|\n|-damage|p1a: Empoleon|55\/100 brn|[from] brn\n|upkeep\n|turn|8\n|\n|t:|1700017887\n|move|p2a: Moltres|Roost|p2a: Moltres\n|-heal|p2a: Moltres|100\/100\n|-singleturn|p2a: Moltres|move: Roost\n|move|p1a: Empoleon|Roost|p1a: Empoleon\n|-heal|p1a: Empoleon|100\/100 brn\n|-singleturn|p1a: Empoleon|move: Roost\n|\n|-damage|p1a: Empoleon|94\/100 brn|[from] brn\n|upkeep\n|turn|9\n|\n|t:|1700017891\n|move|p2a: Moltres|Flare Blitz|p1a: Empoleon\n|-damage|p1a: Empoleon|34\/100 brn\n|-damage|p2a: Moltres|81\/100|[from] Recoil\n|move|p1a: Empoleon|Flip Turn|p2a: Moltres\n|-supereffective|p2a: Moltres\n|-damage|p2a: Moltres|54\/100\n|\n|t:|1700017894\n|switch|p1a: Sinistcha|Sinistcha|91\/100|[from] Flip Turn\n|\n|upkeep\n|turn|10\n|\n|t:|1700017896\n|move|p2a: Moltres|Brave Bird|p1a: Sinistcha\n|-supereffective|p1a: Sinistcha\n|-damage|p1a: Sinistcha|11\/100\n|-damage|p2a: Moltres|30\/100|[from] Recoil\n|move|p1a: Sinistcha|Reflect|p1a: Sinistcha\n|-sidestart|p1: Dragon Master Rosa|Reflect\n|\n|upkeep\n|turn|11\n|\n|t:|1700017902\n|move|p2a: Moltres|U-turn|p1a: Sinistcha\n|-damage|p1a: Sinistcha|4\/100\n|\n|t:|1700017904\n|switch|p2a: Weezing|Weezing-Galar, M|100\/100|[from] U-turn\n|-damage|p2a: Weezing|88\/100|[from] Stealth Rock\n|move|p1a: Sinistcha|Strength Sap|p2a: Weezing\n|-unboost|p2a: Weezing|atk|1\n|-heal|p1a: Sinistcha|52\/100\n|\n|-heal|p2a: Weezing|94\/100|[from] item: Leftovers\n|upkeep\n|turn|12\n|\n|t:|1700017911\n|switch|p1a: Empoleon|Empoleon, M|34\/100 brn\n|move|p2a: Weezing|Defog|p1a: Empoleon\n|-unboost|p1a: Empoleon|evasion|1\n|-sideend|p1: Dragon Master Rosa|Reflect\n|-sideend|p2: godiamsosorry|Stealth Rock|[from] move: Defog|[of] p2a: Weezing\n|\n|-heal|p2a: Weezing|99\/100|[from] item: Leftovers\n|-damage|p1a: Empoleon|28\/100 brn|[from] brn\n|upkeep\n|turn|13\n|\n|t:|1700017913\n|switch|p2a: Landorus|Landorus-Therian, M|100\/100\n|-ability|p2a: Landorus|Intimidate|boost\n|-unboost|p1a: Empoleon|atk|1\n|move|p1a: Empoleon|Roost|p1a: Empoleon\n|-heal|p1a: Empoleon|78\/100 brn\n|-singleturn|p1a: Empoleon|move: Roost\n|\n|-damage|p1a: Empoleon|71\/100 brn|[from] brn\n|upkeep\n|turn|14\n|\n|t:|1700017916\n|move|p2a: Landorus|Taunt|p1a: Empoleon\n|-start|p1a: Empoleon|move: Taunt\n|move|p1a: Empoleon|Flip Turn|p2a: Landorus\n|-supereffective|p2a: Landorus\n|-damage|p2a: Landorus|86\/100\n|\n|t:|1700017920\n|switch|p1a: Medicham|Medicham, F|100\/100|[from] Flip Turn\n|\n|-heal|p2a: Landorus|92\/100|[from] item: Leftovers\n|upkeep\n|turn|15\n|\n|t:|1700017932\n|switch|p2a: Weezing|Weezing-Galar, M|99\/100\n|move|p1a: Medicham|Psycho Cut|p2a: Weezing\n|-supereffective|p2a: Weezing\n|-damage|p2a: Weezing|41\/100\n|\n|-heal|p2a: Weezing|47\/100|[from] item: Leftovers\n|upkeep\n|turn|16\n|\n|t:|1700017944\n|switch|p1a: Slowking|Slowking-Galar, L99, F|100\/100\n|switch|p2a: Umbreon|Umbreon, F|100\/100\n|\n|upkeep\n|turn|17\n|\n|t:|1700017949\n|move|p2a: Umbreon|Wish|p2a: Umbreon\n|move|p1a: Slowking|Toxic|p2a: Umbreon\n|-status|p2a: Umbreon|tox\n|-activate|p2a: Umbreon|ability: Synchronize\n|-immune|p1a: Slowking\n|\n|-damage|p2a: Umbreon|94\/100 tox|[from] psn\n|upkeep\n|turn|18\n|\n|t:|1700017952\n|switch|p2a: Moltres|Moltres|30\/100\n|move|p1a: Slowking|Chilly Reception|p1a: Slowking\n|-weather|Snow\n|\n|t:|1700017963\n|switch|p1a: Empoleon|Empoleon, M|71\/100 brn|[from] Chilly Reception\n|\n|-weather|Snow|[upkeep]\n|-heal|p2a: Moltres|82\/100|[from] move: Wish|[wisher] Umbreon\n|-damage|p1a: Empoleon|65\/100 brn|[from] brn\n|upkeep\n|turn|19\n|\n|t:|1700017971\n|move|p2a: Moltres|Flare Blitz|p1a: Empoleon\n|-damage|p1a: Empoleon|4\/100 brn\n|-damage|p2a: Moltres|62\/100|[from] Recoil\n|move|p1a: Empoleon|Roost|p1a: Empoleon\n|-heal|p1a: Empoleon|54\/100 brn\n|-singleturn|p1a: Empoleon|move: Roost\n|\n|-weather|Snow|[upkeep]\n|-damage|p1a: Empoleon|48\/100 brn|[from] brn\n|upkeep\n|turn|20\n|\n|t:|1700017978\n|switch|p1a: Landorus|Landorus-Therian, M|71\/100\n|-ability|p1a: Landorus|Intimidate|boost\n|-unboost|p2a: Moltres|atk|1\n|move|p2a: Moltres|Flare Blitz|p1a: Landorus\n|-damage|p1a: Landorus|36\/100\n|-damage|p2a: Moltres|50\/100|[from] Recoil\n|\n|-weather|Snow|[upkeep]\n|-heal|p1a: Landorus|42\/100|[from] item: Leftovers\n|upkeep\n|turn|21\n|\n|t:|1700017982\n|move|p1a: Landorus|Psychic|p2a: Moltres\n|-damage|p2a: Moltres|21\/100\n|-unboost|p2a: Moltres|spd|1\n|move|p2a: Moltres|Roost|p2a: Moltres\n|-heal|p2a: Moltres|72\/100\n|-singleturn|p2a: Moltres|move: Roost\n|\n|-weather|Snow|[upkeep]\n|-heal|p1a: Landorus|48\/100|[from] item: Leftovers\n|upkeep\n|turn|22\n|\n|t:|1700017990\n|switch|p1a: Sinistcha|Sinistcha|52\/100\n|switch|p2a: Blissey|Blissey, F|100\/100\n|\n|-weather|none\n|upkeep\n|turn|23\n|\n|t:|1700017997\n|switch|p1a: Empoleon|Empoleon, M|48\/100 brn\n|move|p2a: Blissey|Heal Bell|p2a: Blissey\n|-activate|p2a: Blissey|move: Heal Bell\n|-curestatus|p2: Umbreon|tox|[msg]\n|\n|-damage|p1a: Empoleon|41\/100 brn|[from] brn\n|upkeep\n|turn|24\n|\n|t:|1700018003\n|move|p1a: Empoleon|Roost|p1a: Empoleon\n|-heal|p1a: Empoleon|91\/100 brn\n|-singleturn|p1a: Empoleon|move: Roost\n|move|p2a: Blissey|Seismic Toss|p1a: Empoleon\n|-damage|p1a: Empoleon|64\/100 brn\n|\n|-damage|p1a: Empoleon|58\/100 brn|[from] brn\n|upkeep\n|turn|25\n|\n|t:|1700018005\n|switch|p2a: Moltres|Moltres|72\/100\n|move|p1a: Empoleon|Knock Off|p2a: Moltres\n|-damage|p2a: Moltres|64\/100\n|\n|-damage|p1a: Empoleon|52\/100 brn|[from] brn\n|upkeep\n|turn|26\n|\n|t:|1700018013\n|switch|p1a: Sinistcha|Sinistcha|52\/100\n|move|p2a: Moltres|Flare Blitz|p1a: Sinistcha\n|-supereffective|p1a: Sinistcha\n|-damage|p1a: Sinistcha|14\/100\n|-status|p1a: Sinistcha|brn\n|-damage|p2a: Moltres|53\/100|[from] Recoil\n|\n|-damage|p1a: Sinistcha|11\/100 brn|[from] brn\n|upkeep\n|turn|27\n|\n|t:|1700018016\n|move|p2a: Moltres|U-turn|p1a: Sinistcha\n|-damage|p1a: Sinistcha|0 fnt\n|faint|p1a: Sinistcha\n|\n|t:|1700018037\n|switch|p2a: Umbreon|Umbreon, F|94\/100|[from] U-turn\n|\n|-heal|p2a: Umbreon|100\/100|[from] item: Leftovers\n|upkeep\n|\n|t:|1700018058\n|switch|p1a: Medicham|Medicham, F|100\/100\n|turn|28\n|\n|t:|1700018091\n|switch|p2a: Weezing|Weezing-Galar, M|47\/100\n|move|p1a: Medicham|Close Combat|p2a: Weezing\n|-resisted|p2a: Weezing\n|-damage|p2a: Weezing|35\/100\n|-unboost|p1a: Medicham|def|1\n|-unboost|p1a: Medicham|spd|1\n|\n|-heal|p2a: Weezing|41\/100|[from] item: Leftovers\n|upkeep\n|turn|29\n|\n|t:|1700018102\n|switch|p1a: Empoleon|Empoleon, M|52\/100 brn\n|move|p2a: Weezing|Pain Split|p1a: Empoleon\n|-sethp|p1a: Empoleon|44\/100 brn|[from] move: Pain Split|[silent]\n|-sethp|p2a: Weezing|49\/100|[from] move: Pain Split\n|\n|-heal|p2a: Weezing|55\/100|[from] item: Leftovers\n|-damage|p1a: Empoleon|38\/100 brn|[from] brn\n|upkeep\n|turn|30\n|\n|t:|1700018110\n|move|p2a: Weezing|Pain Split|p1a: Empoleon\n|-sethp|p1a: Empoleon|44\/100 brn|[from] move: Pain Split|[silent]\n|-sethp|p2a: Weezing|49\/100|[from] move: Pain Split\n|move|p1a: Empoleon|Roost|p1a: Empoleon\n|-heal|p1a: Empoleon|94\/100 brn\n|-singleturn|p1a: Empoleon|move: Roost\n|\n|-heal|p2a: Weezing|55\/100|[from] item: Leftovers\n|-damage|p1a: Empoleon|88\/100 brn|[from] brn\n|upkeep\n|turn|31\n|\n|t:|1700018117\n|move|p1a: Empoleon|Knock Off|p2a: Weezing\n|-resisted|p2a: Weezing\n|-damage|p2a: Weezing|52\/100\n|-enditem|p2a: Weezing|Leftovers|[from] move: Knock Off|[of] p1a: Empoleon\n|move|p2a: Weezing|Toxic||[still]\n|-fail|p2a: Weezing\n|\n|-damage|p1a: Empoleon|81\/100 brn|[from] brn\n|upkeep\n|turn|32\n|\n|t:|1700018125\n|move|p2a: Weezing|Pain Split|p1a: Empoleon\n|-sethp|p1a: Empoleon|64\/100 brn|[from] move: Pain Split|[silent]\n|-sethp|p2a: Weezing|71\/100|[from] move: Pain Split\n|move|p1a: Empoleon|Flip Turn|p2a: Weezing\n|-damage|p2a: Weezing|65\/100\n|\n|t:|1700018129\n|switch|p1a: Landorus|Landorus-Therian, M|48\/100|[from] Flip Turn\n|-ability|p1a: Landorus|Intimidate|boost\n|-unboost|p2a: Weezing|atk|1\n|\n|-heal|p1a: Landorus|54\/100|[from] item: Leftovers\n|upkeep\n|turn|33\n|\n|t:|1700018135\n|move|p1a: Landorus|Psychic|p2a: Weezing\n|-supereffective|p2a: Weezing\n|-damage|p2a: Weezing|0 fnt\n|faint|p2a: Weezing\n|\n|-heal|p1a: Landorus|60\/100|[from] item: Leftovers\n|upkeep\n|\n|t:|1700018139\n|switch|p2a: Umbreon|Umbreon, F|100\/100\n|turn|34\n|\n|t:|1700018144\n|switch|p1a: Empoleon|Empoleon, M|64\/100 brn\n|move|p2a: Umbreon|Poltergeist|p1a: Empoleon\n|-activate|p1a: Empoleon|move: Poltergeist|Heavy-Duty Boots\n|-damage|p1a: Empoleon|0 fnt\n|faint|p1a: Empoleon\n|\n|upkeep\n|\n|t:|1700018165\n|switch|p1a: Toedscruel|Toedscruel, F|100\/100\n|turn|35\n|\n|t:|1700018179\n|switch|p2a: Blissey|Blissey, F|100\/100\n|move|p1a: Toedscruel|Leech Seed|p2a: Blissey\n|-start|p2a: Blissey|move: Leech Seed\n|\n|-damage|p2a: Blissey|88\/100|[from] Leech Seed|[of] p1a: Toedscruel\n|upkeep\n|turn|36\n|\n|t:|1700018186\n|switch|p2a: Umbreon|Umbreon, F|100\/100\n|move|p1a: Toedscruel|Spikes|p2a: Umbreon\n|-sidestart|p2: godiamsosorry|Spikes\n|\n|upkeep\n|turn|37\n|\n|t:|1700018191\n|move|p2a: Umbreon|Toxic|p1a: Toedscruel\n|-status|p1a: Toedscruel|tox\n|move|p1a: Toedscruel|Leech Seed|p2a: Umbreon\n|-start|p2a: Umbreon|move: Leech Seed\n|\n|-damage|p2a: Umbreon|88\/100|[from] Leech Seed|[of] p1a: Toedscruel\n|-damage|p1a: Toedscruel|94\/100 tox|[from] psn\n|upkeep\n|turn|38\n|\n|t:|1700018198\n|move|p1a: Toedscruel|Knock Off|p2a: Umbreon\n|-resisted|p2a: Umbreon\n|-damage|p2a: Umbreon|83\/100\n|-enditem|p2a: Umbreon|Leftovers|[from] move: Knock Off|[of] p1a: Toedscruel\n|move|p2a: Umbreon|Wish|p2a: Umbreon\n|\n|-heal|p1a: Toedscruel|100\/100 tox|[from] item: Leftovers\n|-damage|p2a: Umbreon|71\/100|[from] Leech Seed|[of] p1a: Toedscruel\n|-damage|p1a: Toedscruel|88\/100 tox|[from] psn\n|upkeep\n|turn|39\n|\n|t:|1700018203\n|switch|p2a: Moltres|Moltres|53\/100\n|move|p1a: Toedscruel|Leech Seed|p2a: Moltres|[miss]\n|-miss|p1a: Toedscruel|p2a: Moltres\n|\n|-heal|p2a: Moltres|100\/100|[from] move: Wish|[wisher] Umbreon\n|-heal|p1a: Toedscruel|94\/100 tox|[from] item: Leftovers\n|-damage|p1a: Toedscruel|76\/100 tox|[from] psn\n|upkeep\n|turn|40\n|\n|t:|1700018213\n|switch|p1a: Slowking|Slowking-Galar, L99, F|100\/100\n|move|p2a: Moltres|Brave Bird|p1a: Slowking\n|-damage|p1a: Slowking|59\/100\n|-damage|p2a: Moltres|87\/100|[from] Recoil\n|\n|upkeep\n|turn|41\n|\n|t:|1700018219\n|move|p2a: Moltres|Brave Bird|p1a: Slowking\n|-damage|p1a: Slowking|17\/100\n|-damage|p2a: Moltres|73\/100|[from] Recoil\n|move|p1a: Slowking|Slack Off|p1a: Slowking\n|-heal|p1a: Slowking|67\/100\n|\n|upkeep\n|turn|42\n|\n|t:|1700018223\n|move|p2a: Moltres|U-turn|p1a: Slowking\n|-damage|p1a: Slowking|51\/100\n|\n|t:|1700018226\n|switch|p2a: Landorus|Landorus-Therian, M|92\/100|[from] U-turn\n|-ability|p2a: Landorus|Intimidate|boost\n|-unboost|p1a: Slowking|atk|1\n|move|p1a: Slowking|Slack Off|p1a: Slowking\n|-heal|p1a: Slowking|100\/100\n|\n|-heal|p2a: Landorus|98\/100|[from] item: Leftovers\n|upkeep\n|turn|43\n|\n|t:|1700018236\n|switch|p1a: Toedscruel|Toedscruel, F|76\/100 tox\n|move|p2a: Landorus|Taunt|p1a: Toedscruel\n|-start|p1a: Toedscruel|move: Taunt\n|\n|-heal|p2a: Landorus|100\/100|[from] item: Leftovers\n|-heal|p1a: Toedscruel|82\/100 tox|[from] item: Leftovers\n|-damage|p1a: Toedscruel|76\/100 tox|[from] psn\n|upkeep\n|turn|44\n|\n|t:|1700018240\n|move|p2a: Landorus|Nasty Plot|p2a: Landorus\n|-boost|p2a: Landorus|spa|2\n|move|p1a: Toedscruel|Knock Off|p2a: Landorus\n|-crit|p2a: Landorus\n|-damage|p2a: Landorus|73\/100\n|-enditem|p2a: Landorus|Leftovers|[from] move: Knock Off|[of] p1a: Toedscruel\n|\n|-heal|p1a: Toedscruel|82\/100 tox|[from] item: Leftovers\n|-damage|p1a: Toedscruel|70\/100 tox|[from] psn\n|upkeep\n|turn|45\n|\n|t:|1700018244\n|switch|p1a: Landorus|Landorus-Therian, M|60\/100\n|-ability|p1a: Landorus|Intimidate|boost\n|-unboost|p2a: Landorus|atk|1\n|move|p2a: Landorus|Psychic|p1a: Landorus\n|-damage|p1a: Landorus|5\/100\n|\n|-heal|p1a: Landorus|11\/100|[from] item: Leftovers\n|upkeep\n|turn|46\n|\n|t:|1700018247\n|move|p2a: Landorus|Psychic|p1a: Landorus\n|-damage|p1a: Landorus|0 fnt\n|faint|p1a: Landorus\n|\n|upkeep\n|\n|t:|1700018250\n|switch|p1a: Medicham|Medicham, F|100\/100\n|turn|47\n|\n|t:|1700018256\n|-terastallize|p2a: Landorus|Ghost\n|move|p1a: Medicham|Ice Punch|p2a: Landorus\n|-damage|p2a: Landorus|36\/100\n|-status|p2a: Landorus|frz\n|cant|p2a: Landorus|frz\n|\n|upkeep\n|turn|48\n|c|\u2606Dragon Master Rosa|skill\n|c|\u2606godiamsosorry|NO.\n|\n|t:|1700018264\n|switch|p1a: Slowking|Slowking-Galar, L99, F|100\/100\n|-curestatus|p2a: Landorus|frz|[msg]\n|move|p2a: Landorus|Earth Power|p1a: Slowking\n|-supereffective|p1a: Slowking\n|-damage|p1a: Slowking|0 fnt\n|faint|p1a: Slowking\n|\n|upkeep\n|\n|t:|1700018266\n|switch|p1a: Medicham|Medicham, F|100\/100\n|turn|49\n|c|\u2606godiamsosorry|Skill.\n|\n|t:|1700018273\n|switch|p2a: Moltres|Moltres|73\/100\n|move|p1a: Medicham|Psycho Cut|p2a: Moltres\n|-damage|p2a: Moltres|33\/100\n|\n|upkeep\n|turn|50\n|\n|t:|1700018276\n|move|p1a: Medicham|Psycho Cut|p2a: Moltres\n|-damage|p2a: Moltres|0 fnt\n|faint|p2a: Moltres\n|\n|upkeep\n|\n|t:|1700018278\n|switch|p2a: Landorus|Landorus-Therian, M, tera:Ghost|36\/100\n|-damage|p2a: Landorus|24\/100|[from] Spikes\n|-ability|p2a: Landorus|Intimidate|boost\n|-unboost|p1a: Medicham|atk|1\n|turn|51\n|\n|t:|1700018285\n|move|p1a: Medicham|Psycho Cut|p2a: Landorus\n|-damage|p2a: Landorus|0 fnt\n|faint|p2a: Landorus\n|\n|upkeep\n|\n|t:|1700018291\n|switch|p2a: Blissey|Blissey, F|100\/100\n|-damage|p2a: Blissey|88\/100|[from] Spikes\n|turn|52\n|\n|t:|1700018301\n|switch|p1a: Toedscruel|Toedscruel, F|70\/100 tox\n|move|p2a: Blissey|Poltergeist|p1a: Toedscruel\n|-activate|p1a: Toedscruel|move: Poltergeist|Leftovers\n|-damage|p1a: Toedscruel|0 fnt\n|faint|p1a: Toedscruel\n|\n|upkeep\n|\n|t:|1700018305\n|switch|p1a: Medicham|Medicham, F|100\/100\n|turn|53\n|\n|t:|1700018317\n|switch|p2a: Blissey|Blissey, F|88\/100\n|-terastallize|p1a: Medicham|Fighting\n|move|p1a: Medicham|Thunder Punch|p2a: Blissey\n|-damage|p2a: Blissey|60\/100\n|\n|upkeep\n|turn|54\n|\n|t:|1700018322\n|move|p1a: Medicham|Thunder Punch|p2a: Blissey\n|-damage|p2a: Blissey|32\/100\n|-status|p2a: Blissey|par\n|cant|p2a: Blissey|par\n|\n|upkeep\n|turn|55\n|\n|t:|1700018325\n|move|p1a: Medicham|Thunder Punch|p2a: Blissey\n|-damage|p2a: Blissey|4\/100 par\n|move|p2a: Blissey|Soft-Boiled|p2a: Blissey\n|-heal|p2a: Blissey|54\/100 par\n|\n|upkeep\n|turn|56\n|c|\u2606godiamsosorry|No way.\n|\n|t:|1700018330\n|move|p1a: Medicham|Thunder Punch|p2a: Blissey\n|-damage|p2a: Blissey|26\/100 par\n|move|p2a: Blissey|Seismic Toss|p1a: Medicham\n|-damage|p1a: Medicham|62\/100\n|\n|upkeep\n|turn|57\n|\n|t:|1700018334\n|move|p1a: Medicham|Thunder Punch|p2a: Blissey\n|-crit|p2a: Blissey\n|-damage|p2a: Blissey|0 fnt\n|faint|p2a: Blissey\n|\n|upkeep\n|\n|t:|1700018336\n|switch|p2a: Umbreon|Umbreon, F|71\/100\n|-damage|p2a: Umbreon|58\/100|[from] Spikes\n|turn|58\n|\n|t:|1700018338\n|move|p1a: Medicham|Thunder Punch|p2a: Umbreon\n|-damage|p2a: Umbreon|39\/100\n|move|p2a: Umbreon|Moonlight|p2a: Umbreon\n|-heal|p2a: Umbreon|89\/100\n|\n|upkeep\n|turn|59\n|\n|t:|1700018344\n|move|p1a: Medicham|Thunder Punch|p2a: Umbreon\n|-damage|p2a: Umbreon|71\/100\n|move|p2a: Umbreon|Dark Pulse|p1a: Medicham\n|-resisted|p1a: Medicham\n|-damage|p1a: Medicham|47\/100\n|\n|upkeep\n|turn|60\n|\n|t:|1700018346\n|move|p1a: Medicham|Thunder Punch|p2a: Umbreon\n|-damage|p2a: Umbreon|53\/100\n|move|p2a: Umbreon|Toxic|p1a: Medicham\n|-status|p1a: Medicham|tox\n|\n|-damage|p1a: Medicham|41\/100 tox|[from] psn\n|upkeep\n|turn|61\n|\n|t:|1700018349\n|move|p1a: Medicham|Thunder Punch|p2a: Umbreon\n|-damage|p2a: Umbreon|35\/100\n|move|p2a: Umbreon|Moonlight|p2a: Umbreon\n|-heal|p2a: Umbreon|85\/100\n|\n|-damage|p1a: Medicham|29\/100 tox|[from] psn\n|upkeep\n|turn|62\n|\n|t:|1700018352\n|move|p1a: Medicham|Thunder Punch|p2a: Umbreon\n|-damage|p2a: Umbreon|64\/100\n|move|p2a: Umbreon|Moonlight|p2a: Umbreon\n|-heal|p2a: Umbreon|100\/100\n|\n|-damage|p1a: Medicham|10\/100 tox|[from] psn\n|upkeep\n|turn|63\n|\n|t:|1700018356\n|move|p1a: Medicham|Thunder Punch|p2a: Umbreon\n|-damage|p2a: Umbreon|82\/100\n|move|p2a: Umbreon|Moonlight|p2a: Umbreon\n|-heal|p2a: Umbreon|100\/100\n|\n|-damage|p1a: Medicham|0 fnt|[from] psn\n|faint|p1a: Medicham\n|\n|win|godiamsosorry\n|upkeep\n|c|\u2606Dragon Master Rosa|ggwp\n|c|\u2606godiamsosorry|Gg\n|c|\u2606godiamsosorry|Thoughts on Umbreon btw?\n|c|\u2606Dragon Master Rosa|it's good\n|c|\u2606godiamsosorry|I think it performed pretty solidly here.\n|c|\u2606godiamsosorry|I am actually pretty impressed.\n|c|\u2606Dragon Master Rosa|wish passing is really nice with rtoxic and that kinda bulk\n|c|\u2606godiamsosorry|Helps with horo plays too.\n|c|\u2606Dragon Master Rosa|also why does nobody run the mon this team is specifically countering\n|c|\u2606godiamsosorry|What mon?\n|c|\u2606Dragon Master Rosa|palafin\n|c|\u2606godiamsosorry|Pala?\n|c|\u2606godiamsosorry|Lol\n|c|\u2606godiamsosorry|I considered it over Molt tbh.\n|c|\u2606godiamsosorry|I decided I needed another pivot tho.\n|c|\u2606Dragon Master Rosa|fair\n|c|\u2606godiamsosorry|What does Sinistcha do?\n|c|\u2606godiamsosorry|Set screens?\n|c|\u2606Dragon Master Rosa|this team isn't really great anyway\n|c|\u2606godiamsosorry|I\u00b4ll dm you my paste in discord rq.\n|c|\u2606Dragon Master Rosa|lives with strength sap and uses reflect ig\n|c|\u2606Dragon Master Rosa|other two moves are foul play and memento\n|c|\u2606godiamsosorry|Polteageist gets dual screens and strength sap...\n|c|\u2606Dragon Master Rosa|it really just gets like no status moves at all\n","uploadtime":1700018377,"views":28,"p1id":"dragonmasterrosa","p2id":"godiamsosorry","formatid":"gen9ubers","rating":0,"private":0,"password":""}