{"id":"gen9ubers-1998422611","p1":"Chimsweep","p2":"jacothaptrllr","format":"[Gen 9] Ubers","log":"|j|\u2606Chimsweep\n|j|\u2606jacothaptrllr\n|t:|1700940594\n|gametype|singles\n|player|p1|Chimsweep|psychic|1205\n|player|p2|jacothaptrllr|chuck|1101\n|teamsize|p1|6\n|teamsize|p2|6\n|gen|9\n|tier|[Gen 9] Ubers\n|rated|\n|rule|Sleep Clause Mod: Limit one foe put to sleep\n|rule|Species Clause: Limit one of each Pok\u00e9mon\n|rule|OHKO Clause: OHKO moves are banned\n|rule|Evasion Items Clause: Evasion items are banned\n|rule|Evasion Moves Clause: Evasion moves are banned\n|rule|Endless Battle Clause: Forcing endless battles is banned\n|rule|HP Percentage Mod: HP is shown in percentages\n|clearpoke\n|poke|p1|Zapdos-Galar|\n|poke|p1|Annihilape, M|\n|poke|p1|Magearna|\n|poke|p1|Palkia-Origin|\n|poke|p1|Zacian-*|\n|poke|p1|Ribombee, F|\n|poke|p2|Flutter Mane|\n|poke|p2|Miraidon|\n|poke|p2|Chien-Pao|\n|poke|p2|Koraidon|\n|poke|p2|Arceus-Bug|\n|poke|p2|Skeledirge, F|\n|teampreview\n|inactive|Battle timer is ON: inactive players will automatically lose when time's up. (requested by jacothaptrllr)\n|inactive|Chimsweep also wants the timer to be on.\n|inactive|Chimsweep has 120 seconds left.\n|\n|t:|1700940630\n|start\n|switch|p1a: Zacian|Zacian-Crowned|100\/100\n|switch|p2a: Koraidon|Koraidon|100\/100\n|-ability|p1a: Zacian|Intrepid Sword|boost\n|-boost|p1a: Zacian|atk|1\n|-weather|SunnyDay|[from] ability: Orichalcum Pulse|[of] p2a: Koraidon\n|-activate|p2a: Koraidon|Orichalcum Pulse|[source]\n|turn|1\n|\n|t:|1700940639\n|switch|p2a: Skeledirge|Skeledirge, F|100\/100\n|move|p1a: Zacian|Play Rough|p2a: Skeledirge\n|-resisted|p2a: Skeledirge\n|-damage|p2a: Skeledirge|83\/100\n|\n|-weather|SunnyDay|[upkeep]\n|upkeep\n|turn|2\n|\n|t:|1700940651\n|move|p1a: Zacian|Psychic Fangs|p2a: Skeledirge\n|-damage|p2a: Skeledirge|62\/100\n|move|p2a: Skeledirge|Torch Song|p1a: Zacian\n|-supereffective|p1a: Zacian\n|-damage|p1a: Zacian|12\/100\n|-boost|p2a: Skeledirge|spa|1\n|\n|-weather|SunnyDay|[upkeep]\n|upkeep\n|turn|3\n|\n|t:|1700940659\n|move|p1a: Zacian|Psychic Fangs|p2a: Skeledirge\n|-damage|p2a: Skeledirge|42\/100\n|move|p2a: Skeledirge|Torch Song|p1a: Zacian\n|-supereffective|p1a: Zacian\n|-damage|p1a: Zacian|0 fnt\n|-boost|p2a: Skeledirge|spa|1\n|faint|p1a: Zacian\n|\n|-weather|SunnyDay|[upkeep]\n|upkeep\n|\n|t:|1700940662\n|switch|p1a: Palkia|Palkia-Origin|100\/100\n|-ability|p1a: Palkia|Pressure\n|turn|4\n|\n|t:|1700940676\n|move|p1a: Palkia|Spacial Rend|p2a: Skeledirge\n|-damage|p2a: Skeledirge|0 fnt\n|faint|p2a: Skeledirge\n|\n|-weather|SunnyDay|[upkeep]\n|upkeep\n|\n|t:|1700940690\n|switch|p2a: Koraidon|Koraidon|100\/100\n|-activate|p2a: Koraidon|ability: Orichalcum Pulse\n|turn|5\n|\n|t:|1700940713\n|switch|p1a: Zapdos|Zapdos-Galar|100\/100\n|move|p2a: Koraidon|Dual Wingbeat|p1a: Zapdos\n|-supereffective|p1a: Zapdos\n|-damage|p1a: Zapdos|30\/100\n|-supereffective|p1a: Zapdos\n|-damage|p1a: Zapdos|0 fnt\n|faint|p1a: Zapdos\n|-hitcount|p1: Zapdos|2\n|\n|-weather|none\n|upkeep\n|\n|t:|1700940715\n|switch|p1a: Ribombee|Ribombee, F|100\/100\n|turn|6\n|\n|t:|1700940719\n|move|p2a: Koraidon|Dual Wingbeat|p1a: Ribombee\n|-supereffective|p1a: Ribombee\n|-damage|p1a: Ribombee|10\/100\n|-supereffective|p1a: Ribombee\n|-crit|p1a: Ribombee\n|-damage|p1a: Ribombee|0 fnt\n|faint|p1a: Ribombee\n|-hitcount|p1: Ribombee|2\n|\n|upkeep\n|\n|t:|1700940729\n|switch|p1a: Annihilape|Annihilape, M|100\/100\n|turn|7\n|\n|t:|1700940737\n|move|p2a: Koraidon|Dual Wingbeat|p1a: Annihilape\n|-supereffective|p1a: Annihilape\n|-damage|p1a: Annihilape|66\/100\n|-supereffective|p1a: Annihilape\n|-damage|p1a: Annihilape|28\/100\n|-hitcount|p1a: Annihilape|2\n|move|p1a: Annihilape|Rage Fist|p2a: Koraidon\n|-damage|p2a: Koraidon|38\/100\n|\n|-heal|p1a: Annihilape|34\/100|[from] item: Leftovers\n|upkeep\n|turn|8\n|\n|t:|1700940749\n|move|p2a: Koraidon|Dual Wingbeat|p1a: Annihilape\n|-supereffective|p1a: Annihilape\n|-damage|p1a: Annihilape|0 fnt\n|faint|p1a: Annihilape\n|-hitcount|p1: Annihilape|1\n|\n|upkeep\n|-message|Chimsweep forfeited.\n|\n|win|jacothaptrllr\n|raw|Chimsweep's rating: 1205 &rarr; <strong>1173<\/strong><br \/>(-32 for losing)\n|raw|jacothaptrllr's rating: 1101 &rarr; <strong>1133<\/strong><br \/>(+32 for winning)\n|l|\u2606Chimsweep\n","uploadtime":1700940758,"views":3,"p1id":"chimsweep","p2id":"jacothaptrllr","formatid":"gen9ubers","rating":1133,"private":0,"password":""}