{"id":"gen9ubers-1978919920","p1":"Bestmaindragonite","p2":"jordblast","format":"[Gen 9] Ubers","log":"|j|\u2606Bestmaindragonite\n|j|\u2606jordblast\n|t:|1698610306\n|gametype|singles\n|player|p1|Bestmaindragonite|lillie|\n|player|p2|jordblast|clown|\n|teamsize|p1|6\n|teamsize|p2|6\n|gen|9\n|tier|[Gen 9] Ubers\n|rule|Sleep Clause Mod: Limit one foe put to sleep\n|rule|Species Clause: Limit one of each Pok\u00e9mon\n|rule|OHKO Clause: OHKO moves are banned\n|rule|Evasion Items Clause: Evasion items are banned\n|rule|Evasion Moves Clause: Evasion moves are banned\n|rule|Endless Battle Clause: Forcing endless battles is banned\n|rule|HP Percentage Mod: HP is shown in percentages\n|clearpoke\n|poke|p1|Pelipper, F|\n|poke|p1|Basculegion-F, F|\n|poke|p1|Overqwil, M|\n|poke|p1|Palkia-Origin|\n|poke|p1|Donphan, M|\n|poke|p1|Thundurus-Therian, M|\n|poke|p2|Urshifu-*, F|\n|poke|p2|Gholdengo|\n|poke|p2|Palkia-Origin|\n|poke|p2|Clefable, F|\n|poke|p2|Arceus-Fire|\n|poke|p2|Spectrier|\n|teampreview\n|c|\u2606jordblast|glhf\n|inactive|Battle timer is ON: inactive players will automatically lose when time's up. (requested by Bestmaindragonite)\n|j| Incredibleking\n|\n|t:|1698610349\n|start\n|switch|p1a: Pelipper|Pelipper, F|100\/100\n|switch|p2a: Palkia|Palkia-Origin|100\/100\n|-ability|p2a: Palkia|Pressure\n|-weather|RainDance|[from] ability: Drizzle|[of] p1a: Pelipper\n|turn|1\n|\n|t:|1698610358\n|move|p2a: Palkia|Draco Meteor|p1a: Pelipper\n|-damage|p1a: Pelipper|0 fnt\n|-unboost|p2a: Palkia|spa|2\n|faint|p1a: Pelipper\n|\n|-weather|RainDance|[upkeep]\n|upkeep\n|\n|t:|1698610367\n|switch|p1a: Palkia|Palkia-Origin|100\/100\n|-ability|p1a: Palkia|Pressure\n|turn|2\n|\n|t:|1698610377\n|switch|p2a: Gholdengo|Gholdengo|100\/100\n|move|p1a: Palkia|Hydro Pump|p2a: Gholdengo\n|-damage|p2a: Gholdengo|0 fnt\n|faint|p2a: Gholdengo\n|\n|-weather|RainDance|[upkeep]\n|upkeep\n|inactive|jordblast has 270 seconds left.\n|inactive|jordblast has 240 seconds left.\n|\n|t:|1698610434\n|switch|p2a: Palkia|Palkia-Origin|100\/100\n|-ability|p2a: Palkia|Pressure\n|turn|3\n|inactive|jordblast has 240 seconds left.\n|\n|t:|1698610450\n|switch|p1a: Thundurus|Thundurus-Therian, M|100\/100\n|move|p2a: Palkia|Spacial Rend|p1a: Thundurus\n|-damage|p1a: Thundurus|36\/100\n|\n|-weather|RainDance|[upkeep]\n|upkeep\n|turn|4\n|inactive|jordblast has 240 seconds left.\n|\n|t:|1698610462\n|switch|p2a: Arceus|Arceus-Fire|100\/100\n|move|p1a: Thundurus|Thunder|p2a: Arceus\n|-damage|p2a: Arceus|61\/100\n|-status|p2a: Arceus|par\n|\n|-weather|RainDance|[upkeep]\n|upkeep\n|turn|5\n|inactive|jordblast has 240 seconds left.\n|\n|t:|1698610471\n|move|p1a: Thundurus|Weather Ball|p2a: Arceus\n|-supereffective|p2a: Arceus\n|-damage|p2a: Arceus|0 fnt\n|faint|p2a: Arceus\n|\n|-weather|RainDance|[upkeep]\n|upkeep\n|inactive|jordblast has 240 seconds left.\n|\n|t:|1698610493\n|switch|p2a: Clefable|Clefable, F|100\/100\n|turn|6\n|\n|t:|1698610498\n|move|p2a: Clefable|Protect|p2a: Clefable\n|-singleturn|p2a: Clefable|Protect\n|move|p1a: Thundurus|Thunder|p2a: Clefable\n|-activate|p2a: Clefable|move: Protect\n|\n|-weather|RainDance|[upkeep]\n|upkeep\n|turn|7\n|\n|t:|1698610502\n|move|p1a: Thundurus|Thunder|p2a: Clefable\n|-damage|p2a: Clefable|58\/100\n|-status|p2a: Clefable|par\n|move|p2a: Clefable|Wish|p2a: Clefable\n|\n|-weather|RainDance|[upkeep]\n|-heal|p2a: Clefable|64\/100 par|[from] item: Leftovers\n|upkeep\n|turn|8\n|c|\u2606jordblast|the para is crazy\n|\n|t:|1698610517\n|move|p2a: Clefable|Protect|p2a: Clefable\n|-singleturn|p2a: Clefable|Protect\n|move|p1a: Thundurus|Volt Switch|p2a: Clefable\n|-activate|p2a: Clefable|move: Protect\n|\n|-weather|none\n|-heal|p2a: Clefable|100\/100 par|[from] move: Wish|[wisher] Clefable\n|upkeep\n|turn|9\n|\n|t:|1698610525\n|move|p1a: Thundurus|Volt Switch|p2a: Clefable\n|-damage|p2a: Clefable|75\/100 par\n|\n|t:|1698610528\n|switch|p1a: Basculegion|Basculegion-F, F|100\/100|[from] Volt Switch\n|cant|p2a: Clefable|par\n|\n|-heal|p2a: Clefable|81\/100 par|[from] item: Leftovers\n|upkeep\n|turn|10\n|\n|t:|1698610538\n|move|p2a: Clefable|Protect|p2a: Clefable\n|-singleturn|p2a: Clefable|Protect\n|move|p1a: Basculegion|Flip Turn|p2a: Clefable\n|-activate|p2a: Clefable|move: Protect\n|\n|-heal|p2a: Clefable|88\/100 par|[from] item: Leftovers\n|upkeep\n|turn|11\n|\n|t:|1698610545\n|move|p1a: Basculegion|Flip Turn|p2a: Clefable\n|-damage|p2a: Clefable|57\/100 par\n|\n|t:|1698610549\n|switch|p1a: Overqwil|Overqwil, M|100\/100|[from] Flip Turn\n|cant|p2a: Clefable|par\n|\n|-heal|p2a: Clefable|63\/100 par|[from] item: Leftovers\n|upkeep\n|turn|12\n|inactive|jordblast has 270 seconds left.\n|c|\u2606jordblast|i hate this so much\n|\n|t:|1698610559\n|switch|p2a: Palkia|Palkia-Origin|100\/100\n|-ability|p2a: Palkia|Pressure\n|move|p1a: Overqwil|Gunk Shot|p2a: Palkia\n|-damage|p2a: Palkia|5\/100\n|\n|upkeep\n|turn|13\n|inactive|jordblast has 270 seconds left.\n|\n|t:|1698610572\n|switch|p1a: Thundurus|Thundurus-Therian, M|36\/100\n|move|p2a: Palkia|Spacial Rend|p1a: Thundurus\n|-damage|p1a: Thundurus|0 fnt\n|faint|p1a: Thundurus\n|\n|upkeep\n|\n|t:|1698610581\n|switch|p1a: Donphan|Donphan, M|100\/100\n|turn|14\n|\n|t:|1698610593\n|switch|p2a: Urshifu|Urshifu-Rapid-Strike, F|100\/100\n|move|p1a: Donphan|Earthquake|p2a: Urshifu\n|-damage|p2a: Urshifu|50\/100\n|\n|upkeep\n|turn|15\n|\n|t:|1698610600\n|switch|p1a: Palkia|Palkia-Origin|100\/100\n|-ability|p1a: Palkia|Pressure\n|move|p2a: Urshifu|Surging Strikes|p1a: Palkia\n|-resisted|p1a: Palkia\n|-crit|p1a: Palkia\n|-damage|p1a: Palkia|93\/100\n|-resisted|p1a: Palkia\n|-crit|p1a: Palkia\n|-damage|p1a: Palkia|85\/100\n|-resisted|p1a: Palkia\n|-crit|p1a: Palkia\n|-damage|p1a: Palkia|77\/100\n|-hitcount|p1a: Palkia|3\n|\n|upkeep\n|turn|16\n|\n|t:|1698610609\n|switch|p2a: Clefable|Clefable, F|63\/100 par\n|move|p1a: Palkia|Hydro Pump|p2a: Clefable\n|-damage|p2a: Clefable|16\/100 par\n|\n|-heal|p2a: Clefable|22\/100 par|[from] item: Leftovers\n|upkeep\n|turn|17\n|j| Finchely\n|inactive|jordblast has 270 seconds left.\n|\n|t:|1698610643\n|cant|p2a: Clefable|par\n|move|p1a: Palkia|Ice Beam|p2a: Clefable\n|-damage|p2a: Clefable|0 fnt\n|faint|p2a: Clefable\n|\n|upkeep\n|inactive|jordblast has 270 seconds left.\n|c|\u2606jordblast|bro this game actually sucks\n|\n|t:|1698610655\n|switch|p2a: Spectrier|Spectrier|100\/100\n|turn|18\n|inactive|jordblast has 270 seconds left.\n|\n|t:|1698610663\n|-terastallize|p2a: Spectrier|Fairy\n|move|p2a: Spectrier|Calm Mind|p2a: Spectrier\n|-boost|p2a: Spectrier|spa|1\n|-boost|p2a: Spectrier|spd|1\n|move|p1a: Palkia|Spacial Rend|p2a: Spectrier\n|-immune|p2a: Spectrier\n|\n|upkeep\n|turn|19\n|inactive|jordblast has 270 seconds left.\n|c| Finchely|dw you got this jord\n|inactive|jordblast has 240 seconds left.\n|inactive|jordblast has 210 seconds left.\n|j| 1P1o1s1h1e1\n|inactive|jordblast has 180 seconds left.\n|\n|t:|1698610790\n|switch|p1a: Overqwil|Overqwil, M|100\/100\n|move|p2a: Spectrier|Calm Mind|p2a: Spectrier\n|-boost|p2a: Spectrier|spa|1\n|-boost|p2a: Spectrier|spd|1\n|\n|upkeep\n|turn|20\n|inactive|jordblast has 150 seconds left.\n|inactive|jordblast has 120 seconds left.\n|\n|t:|1698610839\n|move|p2a: Spectrier|Draining Kiss|p1a: Overqwil\n|-damage|p1a: Overqwil|0 fnt\n|faint|p1a: Overqwil\n|-ability|p2a: Spectrier|Grim Neigh|boost\n|-boost|p2a: Spectrier|spa|1\n|\n|upkeep\n|\n|t:|1698610844\n|switch|p1a: Donphan|Donphan, M|100\/100\n|turn|21\n|c| Finchely|we're so back\n|c| Incredibleking|Lfg Jordan\n|inactive|Bestmaindragonite has 270 seconds left.\n|c| 1P1o1s1h1e1|Spectrier gaming\n|inactive|Bestmaindragonite has 240 seconds left.\n|inactive|jordblast has 120 seconds left.\n|inactive|Bestmaindragonite has 210 seconds left.\n|\n|t:|1698610954\n|-terastallize|p1a: Donphan|Ground\n|move|p2a: Spectrier|Substitute|p2a: Spectrier\n|-start|p2a: Spectrier|Substitute\n|-damage|p2a: Spectrier|76\/100\n|move|p1a: Donphan|Earthquake|p2a: Spectrier\n|-end|p2a: Spectrier|Substitute\n|\n|-heal|p2a: Spectrier|82\/100|[from] item: Leftovers\n|upkeep\n|turn|22\n|\n|t:|1698610962\n|move|p2a: Spectrier|Draining Kiss|p1a: Donphan\n|-ability|p1a: Donphan|Sturdy\n|-damage|p1a: Donphan|1\/100\n|-heal|p2a: Spectrier|100\/100|[from] drain|[of] p1a: Donphan\n|move|p1a: Donphan|Earthquake|p2a: Spectrier\n|-damage|p2a: Spectrier|0 fnt\n|faint|p2a: Spectrier\n|\n|upkeep\n|inactive|jordblast has 120 seconds left.\n|c| Finchely|holy shit wow uhh\n|\n|t:|1698610976\n|switch|p2a: Urshifu|Urshifu-Rapid-Strike, F|50\/100\n|turn|23\n|inactive|jordblast has 120 seconds left.\n|c|\u2606Bestmaindragonite|DONPHAN TIME\n|\n|t:|1698611006\n|move|p2a: Urshifu|U-turn|p1a: Donphan\n|-damage|p1a: Donphan|0 fnt\n|faint|p1a: Donphan\n|\n|t:|1698611009\n|switch|p2a: Palkia|Palkia-Origin|5\/100|[from] U-turn\n|-ability|p2a: Palkia|Pressure\n|\n|upkeep\n|c| Incredibleking|This game is actually going to a speed tie\n|inactive|Bestmaindragonite has 210 seconds left.\n|c| 1P1o1s1h1e1|Definitely didn't need to be lmao\n|l|\u2606jordblast\n|inactive|jordblast disconnected and has 300 seconds to reconnect!\n|player|p2|\n|c| Finchely|uh oh\n|c| 1P1o1s1h1e1|br????\n|j|\u2606jordblast\n|inactive|jordblast reconnected.\n|player|p2|jordblast|clown\n|n|\u2606Jordblast|jordblast\n|inactive|Bestmaindragonite has 180 seconds left.\n|c|\u2606Jordblast|Sorry I\u2019m doing this on mobile\n|inactive|Bestmaindragonite has 150 seconds left.\n|\n|t:|1698611092\n|switch|p1a: Palkia|Palkia-Origin|77\/100\n|-ability|p1a: Palkia|Pressure\n|turn|24\n|\n|t:|1698611103\n|move|p2a: Palkia|Spacial Rend|p1a: Palkia\n|-supereffective|p1a: Palkia\n|-damage|p1a: Palkia|0 fnt\n|faint|p1a: Palkia\n|\n|upkeep\n|\n|t:|1698611107\n|switch|p1a: Basculegion|Basculegion-F, F|100\/100\n|turn|25\n|c| Incredibleking|Omfg\n|inactive|jordblast has 120 seconds left.\n|\n|t:|1698611114\n|move|p1a: Basculegion|Aqua Jet|p2a: Palkia\n|-resisted|p2a: Palkia\n|-damage|p2a: Palkia|0 fnt\n|faint|p2a: Palkia\n|\n|upkeep\n|c| Finchely|we're so back\n|c| 1P1o1s1h1e1|Welp lmao\n|\n|t:|1698611117\n|switch|p2a: Urshifu|Urshifu-Rapid-Strike, F|50\/100\n|turn|26\n|\n|t:|1698611122\n|move|p2a: Urshifu|Surging Strikes|p1a: Basculegion\n|-resisted|p1a: Basculegion\n|-crit|p1a: Basculegion\n|-damage|p1a: Basculegion|81\/100\n|-resisted|p1a: Basculegion\n|-crit|p1a: Basculegion\n|-damage|p1a: Basculegion|63\/100\n|-resisted|p1a: Basculegion\n|-crit|p1a: Basculegion\n|-damage|p1a: Basculegion|43\/100\n|-hitcount|p1a: Basculegion|3\n|move|p1a: Basculegion|Last Respects|p2a: Urshifu\n|-damage|p2a: Urshifu|0 fnt\n|faint|p2a: Urshifu\n|\n|win|Bestmaindragonite\n|c| Finchely|oh shit\n|c|\u2606Jordblast|Gg\n|c|\u2606Bestmaindragonite|gg\n|c|\u2606Jordblast|Do we play another?\n","uploadtime":1698611138,"views":16,"p1id":"bestmaindragonite","p2id":"jordblast","formatid":"gen9ubers","rating":0,"private":0,"password":""}