{"id":"gen9ubers-1995140716","p1":"portobellomushroom","p2":"XpokVEVO","format":"[Gen 9] Ubers","log":"|j|\u2606portobellomushroom\n|j|\u2606XpokVEVO\n|t:|1700527106\n|gametype|singles\n|player|p1|portobellomushroom|cynthia|\n|player|p2|XpokVEVO|mustard|\n|teamsize|p1|6\n|teamsize|p2|6\n|gen|9\n|tier|[Gen 9] Ubers\n|rule|Sleep Clause Mod: Limit one foe put to sleep\n|rule|Species Clause: Limit one of each Pok\u00e9mon\n|rule|OHKO Clause: OHKO moves are banned\n|rule|Evasion Items Clause: Evasion items are banned\n|rule|Evasion Moves Clause: Evasion moves are banned\n|rule|Endless Battle Clause: Forcing endless battles is banned\n|rule|HP Percentage Mod: HP is shown in percentages\n|clearpoke\n|poke|p1|Gholdengo|\n|poke|p1|Meowscarada, F|\n|poke|p1|Garchomp, M|\n|poke|p1|Magearna|\n|poke|p1|Hippowdon, M|\n|poke|p1|Houndstone, M|\n|poke|p2|Cyclizar, F|\n|poke|p2|Espathra, F|\n|poke|p2|Zacian-*|\n|poke|p2|Arceus-Fire|\n|poke|p2|Magearna|\n|poke|p2|Palafin, M|\n|teampreview\n|inactive|Battle timer is ON: inactive players will automatically lose when time's up. (requested by XpokVEVO)\n|c|\u2606portobellomushroom|running it back\n|inactiveoff|Battle timer is now OFF.\n|\n|t:|1700527236\n|start\n|switch|p1a: Me-Wow|Meowscarada, F|100\/100\n|switch|p2a: Aunt Fanny|Magearna|100\/100\n|turn|1\n|\n|t:|1700527253\n|move|p1a: Me-Wow|Spikes|p2a: Aunt Fanny\n|-start|p1a: Me-Wow|typechange|Ground|[from] ability: Protean\n|-sidestart|p2: XpokVEVO|Spikes\n|move|p2a: Aunt Fanny|Spikes|p1a: Me-Wow\n|-sidestart|p1: portobellomushroom|Spikes\n|\n|upkeep\n|turn|2\n|\n|t:|1700527261\n|move|p1a: Me-Wow|Taunt|p2a: Aunt Fanny\n|-start|p2a: Aunt Fanny|move: Taunt\n|cant|p2a: Aunt Fanny|move: Taunt|Spikes\n|\n|upkeep\n|turn|3\n|\n|t:|1700527263\n|move|p1a: Me-Wow|Spikes|p2a: Aunt Fanny\n|-sidestart|p2: XpokVEVO|Spikes\n|move|p2a: Aunt Fanny|Fleur Cannon|p1a: Me-Wow|[miss]\n|-miss|p2a: Aunt Fanny|p1a: Me-Wow\n|\n|upkeep\n|turn|4\n|c|\u2606XpokVEVO|can we restart and act like nothing happened\n|c|\u2606portobellomushroom|you forgot to say bl to me\n|c|\u2606XpokVEVO|ITS OVER\n|\n|t:|1700527290\n|move|p1a: Me-Wow|Spikes|p2a: Aunt Fanny\n|-sidestart|p2: XpokVEVO|Spikes\n|move|p2a: Aunt Fanny|Fleur Cannon|p1a: Me-Wow\n|-enditem|p1a: Me-Wow|Focus Sash\n|-damage|p1a: Me-Wow|1\/100\n|-unboost|p2a: Aunt Fanny|spa|2\n|-enditem|p2a: Aunt Fanny|Eject Pack\n|\n|t:|1700527309\n|switch|p2a: Akira|Cyclizar, F|100\/100\n|\n|upkeep\n|turn|5\n|\n|t:|1700527317\n|-terastallize|p1a: Me-Wow|Fairy\n|move|p1a: Me-Wow|Play Rough|p2a: Akira\n|-supereffective|p2a: Akira\n|-damage|p2a: Akira|0 fnt\n|faint|p2a: Akira\n|\n|upkeep\n|c|\u2606portobellomushroom|begone lizard\n|c|\u2606XpokVEVO|you used tera on turn 5\n|\n|t:|1700527336\n|switch|p2a: Palafin|Palafin, M|100\/100\n|-damage|p2a: Palafin|75\/100|[from] Spikes\n|turn|6\n|c|\u2606portobellomushroom|Yes\n|\n|t:|1700527364\n|move|p1a: Me-Wow|Knock Off|p2a: Palafin\n|-damage|p2a: Palafin|45\/100\n|-enditem|p2a: Palafin|Choice Band|[from] move: Knock Off|[of] p1a: Me-Wow\n|move|p2a: Palafin|Flip Turn|p1a: Me-Wow\n|-damage|p1a: Me-Wow|0 fnt\n|faint|p1a: Me-Wow\n|\n|t:|1700527393\n|detailschange|p2a: Palafin|Palafin-Hero, M\n|switch|p2a: Ar\u0441eus-Fighting|Arceus-Fire, shiny|100\/100|[from] Flip Turn\n|-damage|p2a: Ar\u0441eus-Fighting|76\/100|[from] Spikes\n|\n|upkeep\n|\n|t:|1700527397\n|switch|p1a: hippo|Hippowdon, M|100\/100\n|-damage|p1a: hippo|88\/100|[from] Spikes\n|-weather|Sandstorm|[from] ability: Sand Stream|[of] p1a: hippo\n|turn|7\n|c|\u2606XpokVEVO|im scared\n|c|\u2606XpokVEVO|i dont wanna be a fraud\n|\n|t:|1700527409\n|switch|p2a: Aunt Fanny|Magearna|100\/100\n|-damage|p2a: Aunt Fanny|75\/100|[from] Spikes\n|move|p1a: hippo|Yawn|p2a: Aunt Fanny\n|-start|p2a: Aunt Fanny|move: Yawn|[of] p1a: hippo\n|\n|-weather|Sandstorm|[upkeep]\n|upkeep\n|turn|8\n|\n|t:|1700527426\n|switch|p1a: Pure Cheese|Gholdengo|100\/100\n|-item|p1a: Pure Cheese|Air Balloon\n|switch|p2a: Princess|Zacian, shiny|100\/100\n|-damage|p2a: Princess|76\/100|[from] Spikes\n|-ability|p2a: Princess|Intrepid Sword|boost\n|-boost|p2a: Princess|atk|1\n|\n|-weather|Sandstorm|[upkeep]\n|-damage|p2a: Princess|69\/100|[from] Sandstorm\n|upkeep\n|turn|9\n|\n|t:|1700527449\n|move|p2a: Princess|Play Rough|p1a: Pure Cheese\n|-resisted|p1a: Pure Cheese\n|-damage|p1a: Pure Cheese|70\/100\n|-enditem|p1a: Pure Cheese|Air Balloon\n|-damage|p2a: Princess|59\/100|[from] item: Life Orb\n|move|p1a: Pure Cheese|Make It Rain|p2a: Princess\n|-supereffective|p2a: Princess\n|-crit|p2a: Princess\n|-damage|p2a: Princess|0 fnt\n|-unboost|p1a: Pure Cheese|spa|1\n|faint|p2a: Princess\n|\n|-weather|Sandstorm|[upkeep]\n|upkeep\n|\n|t:|1700527528\n|switch|p2a: Ar\u0441eus-Fighting|Arceus-Fire, shiny|76\/100\n|-damage|p2a: Ar\u0441eus-Fighting|51\/100|[from] Spikes\n|turn|10\n|\n|t:|1700527540\n|switch|p1a: We're Garchback|Garchomp, M|100\/100\n|-damage|p1a: We're Garchback|88\/100|[from] Spikes\n|move|p2a: Ar\u0441eus-Fighting|Dragon Dance|p2a: Ar\u0441eus-Fighting\n|-boost|p2a: Ar\u0441eus-Fighting|atk|1\n|-boost|p2a: Ar\u0441eus-Fighting|spe|1\n|\n|-weather|Sandstorm|[upkeep]\n|-damage|p2a: Ar\u0441eus-Fighting|45\/100|[from] Sandstorm\n|upkeep\n|turn|11\n|\n|t:|1700527552\n|-terastallize|p2a: Ar\u0441eus-Fighting|Fairy\n|move|p2a: Ar\u0441eus-Fighting|Recover|p2a: Ar\u0441eus-Fighting\n|-heal|p2a: Ar\u0441eus-Fighting|95\/100\n|move|p1a: We're Garchback|Earthquake|p2a: Ar\u0441eus-Fighting\n|-damage|p2a: Ar\u0441eus-Fighting|61\/100\n|\n|-weather|Sandstorm|[upkeep]\n|-damage|p2a: Ar\u0441eus-Fighting|55\/100|[from] Sandstorm\n|upkeep\n|turn|12\n|\n|t:|1700527613\n|move|p2a: Ar\u0441eus-Fighting|Tera Blast|p1a: We're Garchback|[anim] Tera Blast Fairy\n|-supereffective|p1a: We're Garchback\n|-damage|p1a: We're Garchback|0 fnt\n|faint|p1a: We're Garchback\n|\n|-weather|Sandstorm|[upkeep]\n|-damage|p2a: Ar\u0441eus-Fighting|49\/100|[from] Sandstorm\n|upkeep\n|\n|t:|1700527626\n|switch|p1a: hippo|Hippowdon, M|88\/100\n|-damage|p1a: hippo|76\/100|[from] Spikes\n|turn|13\n|\n|t:|1700527653\n|move|p2a: Ar\u0441eus-Fighting|Recover|p2a: Ar\u0441eus-Fighting\n|-heal|p2a: Ar\u0441eus-Fighting|99\/100\n|move|p1a: hippo|Whirlwind|p2a: Ar\u0441eus-Fighting\n|drag|p2a: Palafin|Palafin-Hero, M|45\/100\n|-damage|p2a: Palafin|20\/100|[from] Spikes\n|-activate|p2a: Palafin|ability: Zero to Hero\n|\n|-weather|Sandstorm|[upkeep]\n|-damage|p2a: Palafin|14\/100|[from] Sandstorm\n|upkeep\n|turn|14\n|c|\u2606XpokVEVO|OH THATS FUNNY\n|c|\u2606XpokVEVO|IWAS THINKING\n|c|\u2606portobellomushroom|get that guy outta here\n|\n|t:|1700527727\n|switch|p1a: Magluena|Magearna|100\/100\n|-damage|p1a: Magluena|88\/100|[from] Spikes\n|move|p2a: Palafin|Wave Crash|p1a: Magluena\n|-damage|p1a: Magluena|26\/100\n|-damage|p2a: Palafin|0 fnt|[from] Recoil\n|faint|p2a: Palafin\n|-ability|p1a: Magluena|Soul-Heart|boost\n|-boost|p1a: Magluena|spa|1\n|\n|-weather|none\n|-heal|p1a: Magluena|32\/100|[from] item: Leftovers\n|upkeep\n|\n|t:|1700527791\n|switch|p2a: Ar\u0441eus-Fighting|Arceus-Fire, shiny, tera:Fairy|99\/100\n|-damage|p2a: Ar\u0441eus-Fighting|74\/100|[from] Spikes\n|turn|15\n|\n|t:|1700527811\n|move|p2a: Ar\u0441eus-Fighting|Flare Blitz|p1a: Magluena\n|-supereffective|p1a: Magluena\n|-damage|p1a: Magluena|0 fnt\n|faint|p1a: Magluena\n|-damage|p2a: Ar\u0441eus-Fighting|65\/100|[from] Recoil\n|\n|upkeep\n|\n|t:|1700527813\n|switch|p1a: hippo|Hippowdon, M|76\/100\n|-damage|p1a: hippo|63\/100|[from] Spikes\n|-weather|Sandstorm|[from] ability: Sand Stream|[of] p1a: hippo\n|turn|16\n|\n|t:|1700527829\n|move|p2a: Ar\u0441eus-Fighting|Flare Blitz|p1a: hippo\n|-damage|p1a: hippo|24\/100\n|-damage|p2a: Ar\u0441eus-Fighting|53\/100|[from] Recoil\n|move|p1a: hippo|Yawn|p2a: Ar\u0441eus-Fighting\n|-start|p2a: Ar\u0441eus-Fighting|move: Yawn|[of] p1a: hippo\n|\n|-weather|Sandstorm|[upkeep]\n|-damage|p2a: Ar\u0441eus-Fighting|47\/100|[from] Sandstorm\n|upkeep\n|turn|17\n|\n|t:|1700527847\n|switch|p2a: Aunt Fanny|Magearna|75\/100\n|-damage|p2a: Aunt Fanny|50\/100|[from] Spikes\n|move|p1a: hippo|Earthquake|p2a: Aunt Fanny\n|-supereffective|p2a: Aunt Fanny\n|-damage|p2a: Aunt Fanny|0 fnt\n|faint|p2a: Aunt Fanny\n|\n|-weather|Sandstorm|[upkeep]\n|upkeep\n|c|\u2606XpokVEVO|wtf\n|\n|t:|1700527855\n|switch|p2a: Emu War|Espathra, F|100\/100\n|-damage|p2a: Emu War|76\/100|[from] Spikes\n|turn|18\n|\n|t:|1700527875\n|switch|p1a: rip dog|Houndstone, M|100\/100\n|-damage|p1a: rip dog|88\/100|[from] Spikes\n|move|p2a: Emu War|Dazzling Gleam|p1a: rip dog\n|-crit|p1a: rip dog\n|-damage|p1a: rip dog|53\/100\n|\n|-weather|Sandstorm|[upkeep]\n|-damage|p2a: Emu War|70\/100|[from] Sandstorm\n|-heal|p2a: Emu War|76\/100|[from] item: Leftovers\n|-ability|p2a: Emu War|Speed Boost|boost\n|-boost|p2a: Emu War|spe|1\n|upkeep\n|turn|19\n|\n|t:|1700527889\n|move|p2a: Emu War|Protect|p2a: Emu War\n|-singleturn|p2a: Emu War|Protect\n|move|p1a: rip dog|Last Respects|p2a: Emu War\n|-activate|p2a: Emu War|move: Protect\n|\n|-weather|Sandstorm|[upkeep]\n|-damage|p2a: Emu War|70\/100|[from] Sandstorm\n|-heal|p2a: Emu War|76\/100|[from] item: Leftovers\n|-ability|p2a: Emu War|Speed Boost|boost\n|-boost|p2a: Emu War|spe|1\n|upkeep\n|turn|20\n|c|\u2606XpokVEVO|yeah its over\n|c|\u2606portobellomushroom|the dog is a strong wincon\n|c|\u2606XpokVEVO|this is like balding at 12\n|\n|t:|1700527926\n|move|p2a: Emu War|Stored Power|p1a: rip dog\n|-damage|p1a: rip dog|29\/100\n|move|p1a: rip dog|Last Respects|p2a: Emu War\n|-supereffective|p2a: Emu War\n|-damage|p2a: Emu War|0 fnt\n|faint|p2a: Emu War\n|\n|-weather|Sandstorm|[upkeep]\n|upkeep\n|c|\u2606portobellomushroom|lol\n|\n|t:|1700527929\n|switch|p2a: Ar\u0441eus-Fighting|Arceus-Fire, shiny, tera:Fairy|47\/100\n|-damage|p2a: Ar\u0441eus-Fighting|22\/100|[from] Spikes\n|turn|21\n|c|\u2606XpokVEVO|its over now im a 4-1 fraud\n|c|\u2606portobellomushroom|gg\n|\n|t:|1700527936\n|move|p1a: rip dog|Last Respects|p2a: Ar\u0441eus-Fighting\n|-damage|p2a: Ar\u0441eus-Fighting|0 fnt\n|faint|p2a: Ar\u0441eus-Fighting\n|\n|win|portobellomushroom\n|player|p2|XpokVEVO|mustard\n","uploadtime":1700527945,"views":25,"p1id":"portobellomushroom","p2id":"xpokvevo","formatid":"gen9ubers","rating":0,"private":0,"password":""}