{"id":"gen9ubers-1985774413","p1":"Kinesquared","p2":"NewHoovybeast05","format":"[Gen 9] Ubers","log":"|j|\u2606Kinesquared\n|j|\u2606NewHoovybeast05\n|t:|1699404756\n|gametype|singles\n|player|p1|Kinesquared|scientist-gen4dp|\n|player|p2|NewHoovybeast05|palmer|\n|teamsize|p1|6\n|teamsize|p2|6\n|gen|9\n|tier|[Gen 9] Ubers\n|rule|Sleep Clause Mod: Limit one foe put to sleep\n|rule|Species Clause: Limit one of each Pok\u00e9mon\n|rule|OHKO Clause: OHKO moves are banned\n|rule|Evasion Items Clause: Evasion items are banned\n|rule|Evasion Moves Clause: Evasion moves are banned\n|rule|Endless Battle Clause: Forcing endless battles is banned\n|rule|HP Percentage Mod: HP is shown in percentages\n|clearpoke\n|poke|p1|Iron Moth|\n|poke|p1|Arceus-Ghost|\n|poke|p1|Garchomp, F|\n|poke|p1|Dialga|\n|poke|p1|Cyclizar, M|\n|poke|p1|Urshifu-*, M|\n|poke|p2|Baxcalibur, M|\n|poke|p2|Ninetales-Alola, M|\n|poke|p2|Cyclizar, M|\n|poke|p2|Volcarona, M|\n|poke|p2|Urshifu-*, F|\n|poke|p2|Espathra, F|\n|teampreview\n|c|\u2606Kinesquared|yo\n|c|\u2606NewHoovybeast05|hi\n|\n|t:|1699404778\n|start\n|switch|p1a: Iron Moth|Iron Moth|100\/100\n|switch|p2a: Ninetales|Ninetales-Alola, M|100\/100\n|-weather|Snow|[from] ability: Snow Warning|[of] p2a: Ninetales\n|-enditem|p1a: Iron Moth|Booster Energy\n|-activate|p1a: Iron Moth|ability: Quark Drive|[fromitem]\n|-start|p1a: Iron Moth|quarkdrivespe\n|turn|1\n|\n|t:|1699404793\n|move|p1a: Iron Moth|Toxic Spikes|p2a: Ninetales\n|-sidestart|p2: NewHoovybeast05|move: Toxic Spikes\n|move|p2a: Ninetales|Aurora Veil|p2a: Ninetales\n|-sidestart|p2: NewHoovybeast05|move: Aurora Veil\n|\n|-weather|Snow|[upkeep]\n|upkeep\n|turn|2\n|\n|t:|1699404804\n|switch|p2a: Urshifu|Urshifu, F|100\/100\n|move|p1a: Iron Moth|Toxic Spikes|p2a: Urshifu\n|-sidestart|p2: NewHoovybeast05|move: Toxic Spikes\n|\n|-weather|Snow|[upkeep]\n|upkeep\n|turn|3\n|\n|t:|1699404811\n|move|p1a: Iron Moth|Fiery Dance|p2a: Urshifu\n|-damage|p2a: Urshifu|70\/100\n|move|p2a: Urshifu|Wicked Blow|p1a: Iron Moth\n|-crit|p1a: Iron Moth\n|-damage|p1a: Iron Moth|4\/100\n|\n|-weather|Snow|[upkeep]\n|upkeep\n|turn|4\n|\n|t:|1699404817\n|move|p1a: Iron Moth|Fiery Dance|p2a: Urshifu\n|-damage|p2a: Urshifu|41\/100\n|move|p2a: Urshifu|Wicked Blow|p1a: Iron Moth\n|-crit|p1a: Iron Moth\n|-damage|p1a: Iron Moth|0 fnt\n|faint|p1a: Iron Moth\n|-end|p1a: Iron Moth|Quark Drive|[silent]\n|\n|-weather|Snow|[upkeep]\n|upkeep\n|\n|t:|1699404834\n|switch|p1a: Garchomp|Garchomp, F|100\/100\n|turn|5\n|c|\u2606NewHoovybeast05|so how ur tourney goin? im bored af\n|\n|t:|1699404847\n|move|p2a: Urshifu|Close Combat|p1a: Garchomp\n|-damage|p1a: Garchomp|37\/100\n|-unboost|p2a: Urshifu|def|1\n|-unboost|p2a: Urshifu|spd|1\n|-damage|p2a: Urshifu|28\/100|[from] ability: Rough Skin|[of] p1a: Garchomp\n|move|p1a: Garchomp|Scale Shot|p2a: Urshifu\n|-damage|p2a: Urshifu|17\/100\n|-damage|p2a: Urshifu|7\/100\n|-damage|p2a: Urshifu|0 fnt\n|faint|p2a: Urshifu\n|-hitcount|p2: Urshifu|3\n|-unboost|p1a: Garchomp|def|1\n|-boost|p1a: Garchomp|spe|1\n|\n|-weather|none\n|upkeep\n|c|\u2606Kinesquared|real good tbh\n|c|\u2606Kinesquared|we have over 200 people playing\n|c|\u2606Kinesquared|my match is on friday\n|c|\u2606Kinesquared|I'm down 1-1 so i really want the dub\n|\n|t:|1699404877\n|switch|p2a: Volcarona|Volcarona, M|100\/100\n|turn|6\n|c|\u2606NewHoovybeast05|im 1-1 too\n|\n|t:|1699404894\n|switch|p1a: Dialga|Dialga|100\/100\n|-ability|p1a: Dialga|Pressure\n|move|p2a: Volcarona|Quiver Dance|p2a: Volcarona\n|-boost|p2a: Volcarona|spa|1\n|-boost|p2a: Volcarona|spd|1\n|-boost|p2a: Volcarona|spe|1\n|\n|upkeep\n|turn|7\n|j| FrostyRandom02\n|c|\u2606Kinesquared|oo nice\n|c|\u2606Kinesquared|gl\n|c|\u2606NewHoovybeast05|kinda mad tho cuz of the last game\n|\n|t:|1699404902\n|move|p2a: Volcarona|Fiery Dance|p1a: Dialga\n|-damage|p1a: Dialga|60\/100\n|move|p1a: Dialga|Roar|p2a: Volcarona\n|drag|p2a: Baxcalibur|Baxcalibur, M|100\/100\n|-status|p2a: Baxcalibur|tox\n|\n|-heal|p1a: Dialga|66\/100|[from] item: Leftovers\n|-damage|p2a: Baxcalibur|94\/100 tox|[from] psn\n|upkeep\n|turn|8\n|\n|t:|1699404922\n|-terastallize|p1a: Dialga|Flying\n|move|p2a: Baxcalibur|Earthquake|p1a: Dialga\n|-immune|p1a: Dialga\n|move|p1a: Dialga|Flash Cannon|p2a: Baxcalibur\n|-supereffective|p2a: Baxcalibur\n|-damage|p2a: Baxcalibur|57\/100 tox\n|\n|-heal|p1a: Dialga|73\/100|[from] item: Leftovers\n|-damage|p2a: Baxcalibur|44\/100 tox|[from] psn\n|-sideend|p2: NewHoovybeast05|move: Aurora Veil\n|upkeep\n|turn|9\n|\n|t:|1699404939\n|switch|p1a: Garchomp|Garchomp, F|37\/100\n|move|p2a: Baxcalibur|Icicle Spear|p1a: Garchomp\n|-supereffective|p1a: Garchomp\n|-damage|p1a: Garchomp|0 fnt\n|faint|p1a: Garchomp\n|-hitcount|p1: Garchomp|1\n|\n|-damage|p2a: Baxcalibur|26\/100 tox|[from] psn\n|upkeep\n|j| Leo Justice\n|\n|t:|1699404963\n|switch|p1a: Arceus|Arceus-Ghost|100\/100\n|turn|10\n|c|\u2606NewHoovybeast05|wait why there 4 people here?\n|\n|t:|1699404977\n|switch|p2a: Cyclizar|Cyclizar, M|100\/100\n|-status|p2a: Cyclizar|tox\n|move|p1a: Arceus|Calm Mind|p1a: Arceus\n|-boost|p1a: Arceus|spa|1\n|-boost|p1a: Arceus|spd|1\n|\n|-damage|p2a: Cyclizar|94\/100 tox|[from] psn\n|upkeep\n|turn|11\n|c|\u2606Kinesquared|i posted the live game\n|c| FrostyRandom02|Kine sends the active game\n|c|\u2606Kinesquared|in case anyone wanted to join\n|\n|t:|1699404987\n|move|p2a: Cyclizar|Knock Off|p1a: Arceus\n|-supereffective|p1a: Arceus\n|-damage|p1a: Arceus|82\/100\n|move|p1a: Arceus|Calm Mind|p1a: Arceus\n|-boost|p1a: Arceus|spa|1\n|-boost|p1a: Arceus|spd|1\n|\n|-damage|p2a: Cyclizar|82\/100 tox|[from] psn\n|upkeep\n|turn|12\n|c|\u2606NewHoovybeast05|well i lose here\n|\n|t:|1699405011\n|switch|p2a: Volcarona|Volcarona, M|100\/100\n|move|p1a: Arceus|Calm Mind|p1a: Arceus\n|-boost|p1a: Arceus|spa|1\n|-boost|p1a: Arceus|spd|1\n|\n|upkeep\n|turn|13\n|c| Leo Justice|Kine sends an active game, we watch it\n|\n|t:|1699405019\n|move|p2a: Volcarona|Quiver Dance|p2a: Volcarona\n|-boost|p2a: Volcarona|spa|1\n|-boost|p2a: Volcarona|spd|1\n|-boost|p2a: Volcarona|spe|1\n|move|p1a: Arceus|Hex|p2a: Volcarona\n|-damage|p2a: Volcarona|45\/100\n|\n|upkeep\n|turn|14\n|c| FrostyRandom02|Welcome to Arc-Ghost\n|c| Leo Justice|Also yeah\n|c| Leo Justice|Ghosteus is stupud\n|\n|t:|1699405026\n|move|p2a: Volcarona|Quiver Dance|p2a: Volcarona\n|-boost|p2a: Volcarona|spa|1\n|-boost|p2a: Volcarona|spd|1\n|-boost|p2a: Volcarona|spe|1\n|move|p1a: Arceus|Hex|p2a: Volcarona\n|-damage|p2a: Volcarona|0 fnt\n|faint|p2a: Volcarona\n|\n|upkeep\n|\n|t:|1699405030\n|switch|p2a: Ninetales|Ninetales-Alola, M|100\/100\n|-status|p2a: Ninetales|tox\n|-weather|Snow|[from] ability: Snow Warning|[of] p2a: Ninetales\n|turn|15\n|c|\u2606NewHoovybeast05|gg ig\n|\n|t:|1699405040\n|move|p2a: Ninetales|Aurora Veil|p2a: Ninetales\n|-sidestart|p2: NewHoovybeast05|move: Aurora Veil\n|move|p1a: Arceus|Calm Mind|p1a: Arceus\n|-boost|p1a: Arceus|spa|1\n|-boost|p1a: Arceus|spd|1\n|\n|-weather|Snow|[upkeep]\n|-damage|p2a: Ninetales|94\/100 tox|[from] psn\n|upkeep\n|turn|16\n|c| Leo Justice|Spookeus\n|\n|t:|1699405046\n|move|p2a: Ninetales|Encore|p1a: Arceus\n|-start|p1a: Arceus|Encore\n|move|p1a: Arceus|Calm Mind|p1a: Arceus\n|-boost|p1a: Arceus|spa|1\n|-boost|p1a: Arceus|spd|1\n|\n|-weather|Snow|[upkeep]\n|-damage|p2a: Ninetales|82\/100 tox|[from] psn\n|upkeep\n|turn|17\n|c| FrostyRandom02|Not max speed? Interesting\n|\n|t:|1699405061\n|switch|p2a: Baxcalibur|Baxcalibur, M|26\/100 tox\n|move|p1a: Arceus|Calm Mind|p1a: Arceus\n|-boost|p1a: Arceus|spa|1\n|-boost|p1a: Arceus|spd|1\n|\n|-weather|Snow|[upkeep]\n|-damage|p2a: Baxcalibur|20\/100 tox|[from] psn\n|upkeep\n|turn|18\n|c|\u2606Kinesquared|defensive w\/ hex\n|c|\u2606Kinesquared|and wow\n|\n|t:|1699405070\n|move|p2a: Baxcalibur|Icicle Spear|p1a: Arceus\n|-damage|p1a: Arceus|75\/100\n|-damage|p1a: Arceus|67\/100\n|-crit|p1a: Arceus\n|-damage|p1a: Arceus|57\/100\n|-damage|p1a: Arceus|50\/100\n|-damage|p1a: Arceus|43\/100\n|-hitcount|p1a: Arceus|5\n|move|p1a: Arceus|Calm Mind|p1a: Arceus\n|-boost|p1a: Arceus|spa|0\n|-boost|p1a: Arceus|spd|0\n|\n|-weather|Snow|[upkeep]\n|-damage|p2a: Baxcalibur|7\/100 tox|[from] psn\n|-end|p1a: Arceus|Encore\n|upkeep\n|turn|19\n|\n|t:|1699405083\n|move|p2a: Baxcalibur|Icicle Spear|p1a: Arceus\n|-damage|p1a: Arceus|36\/100\n|-damage|p1a: Arceus|29\/100\n|-damage|p1a: Arceus|22\/100\n|-damage|p1a: Arceus|16\/100\n|-damage|p1a: Arceus|9\/100\n|-hitcount|p1a: Arceus|5\n|move|p1a: Arceus|Recover|p1a: Arceus\n|-heal|p1a: Arceus|59\/100\n|\n|-weather|none\n|-damage|p2a: Baxcalibur|0 fnt|[from] psn\n|faint|p2a: Baxcalibur\n|upkeep\n|c|\u2606NewHoovybeast05|wow im doin no damage\n|\n|t:|1699405095\n|switch|p2a: Espathra|Espathra, F|100\/100\n|-status|p2a: Espathra|tox\n|turn|20\n|c| Leo Justice|Man\n|c| FrostyRandom02|Non boosted multi hit moves everyone\n|c| Leo Justice|Ghosteus is fucking stupid\n|-message|NewHoovybeast05 forfeited.\n|\n|win|Kinesquared\n|c|\u2606Kinesquared|gg\n","uploadtime":1699405110,"views":13,"p1id":"kinesquared","p2id":"newhoovybeast05","formatid":"gen9ubers","rating":0,"private":0,"password":""}