{"id":"gen9ubers-1983456418","p1":"HelloThereMites","p2":"Shearman360","format":"[Gen 9] Ubers","log":"|j|\u2606HelloThereMites\n|j|\u2606Shearman360\n|t:|1699132074\n|gametype|singles\n|player|p1|HelloThereMites|larry|1139\n|player|p2|Shearman360|zinnia|1314\n|teamsize|p1|6\n|teamsize|p2|6\n|gen|9\n|tier|[Gen 9] Ubers\n|rated|\n|rule|Sleep Clause Mod: Limit one foe put to sleep\n|rule|Species Clause: Limit one of each Pok\u00e9mon\n|rule|OHKO Clause: OHKO moves are banned\n|rule|Evasion Items Clause: Evasion items are banned\n|rule|Evasion Moves Clause: Evasion moves are banned\n|rule|Endless Battle Clause: Forcing endless battles is banned\n|rule|HP Percentage Mod: HP is shown in percentages\n|clearpoke\n|poke|p1|Ogerpon-Hearthflame, F|\n|poke|p1|Zacian-*|\n|poke|p1|Flutter Mane|\n|poke|p1|Iron Bundle|\n|poke|p1|Chien-Pao|\n|poke|p1|Koraidon|\n|poke|p2|Groudon|\n|poke|p2|Koraidon|\n|poke|p2|Gholdengo|\n|poke|p2|Flutter Mane|\n|poke|p2|Zacian-*|\n|poke|p2|Regieleki|\n|teampreview\n|\n|t:|1699132099\n|start\n|switch|p1a: Ogerpon|Ogerpon-Hearthflame, F|100\/100\n|switch|p2a: Groudon|Groudon|100\/100\n|-ability|p1a: Ogerpon|Mold Breaker\n|-weather|SunnyDay|[from] ability: Drought|[of] p2a: Groudon\n|turn|1\n|inactive|Battle timer is ON: inactive players will automatically lose when time's up. (requested by Shearman360)\n|\n|t:|1699132110\n|move|p1a: Ogerpon|Trailblaze|p2a: Groudon\n|-supereffective|p2a: Groudon\n|-damage|p2a: Groudon|71\/100\n|-boost|p1a: Ogerpon|spe|1\n|move|p2a: Groudon|Spikes|p1a: Ogerpon\n|-sidestart|p1: HelloThereMites|Spikes\n|\n|-weather|SunnyDay|[upkeep]\n|-heal|p2a: Groudon|77\/100|[from] item: Leftovers\n|upkeep\n|turn|2\n|\n|t:|1699132119\n|move|p1a: Ogerpon|Trailblaze|p2a: Groudon\n|-supereffective|p2a: Groudon\n|-damage|p2a: Groudon|46\/100\n|-boost|p1a: Ogerpon|spe|1\n|move|p2a: Groudon|Spikes|p1a: Ogerpon\n|-sidestart|p1: HelloThereMites|Spikes\n|\n|-weather|SunnyDay|[upkeep]\n|-heal|p2a: Groudon|53\/100|[from] item: Leftovers\n|upkeep\n|turn|3\n|\n|t:|1699132129\n|move|p1a: Ogerpon|Swords Dance|p1a: Ogerpon\n|-boost|p1a: Ogerpon|atk|2\n|move|p2a: Groudon|Spikes|p1a: Ogerpon\n|-sidestart|p1: HelloThereMites|Spikes\n|\n|-weather|SunnyDay|[upkeep]\n|-heal|p2a: Groudon|59\/100|[from] item: Leftovers\n|upkeep\n|turn|4\n|\n|t:|1699132137\n|move|p1a: Ogerpon|Trailblaze|p2a: Groudon\n|-supereffective|p2a: Groudon\n|-damage|p2a: Groudon|0 fnt\n|-boost|p1a: Ogerpon|spe|1\n|faint|p2a: Groudon\n|\n|-weather|SunnyDay|[upkeep]\n|upkeep\n|\n|t:|1699132145\n|switch|p2a: Koraidon|Koraidon|100\/100\n|-activate|p2a: Koraidon|ability: Orichalcum Pulse\n|turn|5\n|\n|t:|1699132151\n|-terastallize|p1a: Ogerpon|Fire\n|detailschange|p1a: Ogerpon|Ogerpon-Hearthflame-Tera, F, tera:Fire\n|-ability|p1a: Ogerpon|Embody Aspect (Hearthflame)|boost\n|-boost|p1a: Ogerpon|atk|1\n|move|p1a: Ogerpon|Ivy Cudgel|p2a: Koraidon\n|-resisted|p2a: Koraidon\n|-damage|p2a: Koraidon|0 fnt\n|faint|p2a: Koraidon\n|\n|-weather|none\n|upkeep\n|\n|t:|1699132177\n|switch|p2a: Regieleki|Regieleki|100\/100\n|turn|6\n|\n|t:|1699132181\n|move|p1a: Ogerpon|Ivy Cudgel|p2a: Regieleki\n|-damage|p2a: Regieleki|0 fnt\n|faint|p2a: Regieleki\n|\n|upkeep\n|\n|t:|1699132184\n|switch|p2a: Gholdengo|Gholdengo|100\/100\n|turn|7\n|\n|t:|1699132188\n|move|p1a: Ogerpon|Ivy Cudgel|p2a: Gholdengo\n|-supereffective|p2a: Gholdengo\n|-damage|p2a: Gholdengo|0 fnt\n|faint|p2a: Gholdengo\n|\n|upkeep\n|\n|t:|1699132191\n|switch|p2a: Zacian|Zacian-Crowned|100\/100\n|-ability|p2a: Zacian|Intrepid Sword|boost\n|-boost|p2a: Zacian|atk|1\n|turn|8\n|\n|t:|1699132196\n|-terastallize|p2a: Zacian|Fire\n|move|p1a: Ogerpon|Ivy Cudgel|p2a: Zacian\n|-resisted|p2a: Zacian\n|-damage|p2a: Zacian|0 fnt\n|faint|p2a: Zacian\n|\n|upkeep\n|\n|t:|1699132201\n|switch|p2a: Flutter Mane|Flutter Mane|100\/100\n|turn|9\n|\n|t:|1699132205\n|move|p1a: Ogerpon|Ivy Cudgel|p2a: Flutter Mane\n|-damage|p2a: Flutter Mane|0 fnt\n|faint|p2a: Flutter Mane\n|-end|p2a: Flutter Mane|Protosynthesis|[silent]\n|\n|win|HelloThereMites\n|raw|HelloThereMites's rating: 1139 &rarr; <strong>1176<\/strong><br \/>(+37 for winning)\n|raw|Shearman360's rating: 1314 &rarr; <strong>1285<\/strong><br \/>(-29 for losing)\n|l|\u2606Shearman360\n","uploadtime":1699132211,"views":7,"p1id":"hellotheremites","p2id":"shearman360","formatid":"gen9ubers","rating":1176,"private":0,"password":""}