{"id":"gen9ubers-1975795985","p1":"SUPERDUPER LIL WIL","p2":"Atusuki","format":"[Gen 9] Ubers","log":"|j|\u2606SUPERDUPER LIL WIL\n|j|\u2606Atusuki\n|t:|1698238857\n|gametype|singles\n|player|p1|SUPERDUPER LIL WIL|101|1000\n|player|p2|Atusuki|101|1191\n|teamsize|p1|6\n|teamsize|p2|6\n|gen|9\n|tier|[Gen 9] Ubers\n|rated|\n|rule|Sleep Clause Mod: Limit one foe put to sleep\n|rule|Species Clause: Limit one of each Pok\u00e9mon\n|rule|OHKO Clause: OHKO moves are banned\n|rule|Evasion Items Clause: Evasion items are banned\n|rule|Evasion Moves Clause: Evasion moves are banned\n|rule|Endless Battle Clause: Forcing endless battles is banned\n|rule|HP Percentage Mod: HP is shown in percentages\n|clearpoke\n|poke|p1|Koraidon|\n|poke|p1|Arceus-Grass|\n|poke|p1|Lilligant-Hisui, F|\n|poke|p1|Rayquaza|\n|poke|p1|Urshifu-*, F|\n|poke|p1|Iron Bundle|\n|poke|p2|Sinistcha-Masterpiece|\n|poke|p2|Chandelure, F|\n|poke|p2|Torterra, F|\n|poke|p2|Great Tusk|\n|poke|p2|Ogerpon-Hearthflame, F|\n|poke|p2|Ninetales-Alola, F|\n|teampreview\n|\n|t:|1698238872\n|start\n|switch|p1a: Koraidon|Koraidon|100\/100\n|switch|p2a: Ninetales|Ninetales-Alola, F|100\/100\n|-weather|SunnyDay|[from] ability: Orichalcum Pulse|[of] p1a: Koraidon\n|-activate|p1a: Koraidon|Orichalcum Pulse|[source]\n|-weather|Snow|[from] ability: Snow Warning|[of] p2a: Ninetales\n|turn|1\n|\n|t:|1698238881\n|move|p1a: Koraidon|Flare Blitz|p2a: Ninetales\n|-supereffective|p2a: Ninetales\n|-damage|p2a: Ninetales|0 fnt\n|faint|p2a: Ninetales\n|-damage|p1a: Koraidon|66\/100|[from] Recoil\n|-damage|p1a: Koraidon|57\/100|[from] item: Life Orb\n|\n|-weather|Snow|[upkeep]\n|upkeep\n|\n|t:|1698238890\n|switch|p2a: Ogerpon|Ogerpon-Hearthflame, F|100\/100\n|-ability|p2a: Ogerpon|Mold Breaker\n|turn|2\n|\n|t:|1698238904\n|-terastallize|p2a: Ogerpon|Fire\n|detailschange|p2a: Ogerpon|Ogerpon-Hearthflame-Tera, F, tera:Fire\n|-ability|p2a: Ogerpon|Embody Aspect (Hearthflame)|boost\n|-boost|p2a: Ogerpon|atk|1\n|move|p1a: Koraidon|Collision Course|p2a: Ogerpon\n|-damage|p2a: Ogerpon|4\/100\n|-damage|p1a: Koraidon|47\/100|[from] item: Life Orb\n|move|p2a: Ogerpon|Trailblaze|p1a: Koraidon\n|-resisted|p1a: Koraidon\n|-damage|p1a: Koraidon|27\/100\n|-boost|p2a: Ogerpon|spe|1\n|\n|-weather|Snow|[upkeep]\n|upkeep\n|turn|3\n|\n|t:|1698238930\n|move|p2a: Ogerpon|Ivy Cudgel|p1a: Koraidon\n|-resisted|p1a: Koraidon\n|-damage|p1a: Koraidon|0 fnt\n|faint|p1a: Koraidon\n|\n|-weather|Snow|[upkeep]\n|upkeep\n|\n|t:|1698238936\n|switch|p1a: Arceus|Arceus-Grass|100\/100\n|turn|4\n|\n|t:|1698238946\n|move|p1a: Arceus|Extreme Speed|p2a: Ogerpon\n|-damage|p2a: Ogerpon|0 fnt\n|faint|p2a: Ogerpon\n|\n|-weather|Snow|[upkeep]\n|upkeep\n|\n|t:|1698238948\n|switch|p2a: Chandelure|Chandelure, F|100\/100\n|turn|5\n|\n|t:|1698238960\n|switch|p1a: Rayquaza|Rayquaza|100\/100\n|-ability|p1a: Rayquaza|Air Lock\n|move|p2a: Chandelure|Flamethrower|p1a: Rayquaza\n|-resisted|p1a: Rayquaza\n|-damage|p1a: Rayquaza|75\/100\n|\n|-weather|none\n|upkeep\n|turn|6\n|\n|t:|1698238970\n|switch|p2a: Sinistcha|Sinistcha-Masterpiece|100\/100\n|move|p1a: Rayquaza|Dragon Ascent|p2a: Sinistcha\n|-supereffective|p2a: Sinistcha\n|-damage|p2a: Sinistcha|0 fnt\n|-unboost|p1a: Rayquaza|def|1\n|-unboost|p1a: Rayquaza|spd|1\n|faint|p2a: Sinistcha\n|\n|upkeep\n|\n|t:|1698238977\n|switch|p2a: Chandelure|Chandelure, F|100\/100\n|turn|7\n|\n|t:|1698238980\n|move|p2a: Chandelure|Shadow Ball|p1a: Rayquaza\n|-damage|p1a: Rayquaza|0 fnt\n|faint|p1a: Rayquaza\n|\n|upkeep\n|\n|t:|1698238987\n|switch|p1a: Urshifu|Urshifu, F|100\/100\n|turn|8\n|\n|t:|1698239001\n|move|p2a: Chandelure|Shadow Ball|p1a: Urshifu\n|-resisted|p1a: Urshifu\n|-crit|p1a: Urshifu\n|-damage|p1a: Urshifu|54\/100\n|-unboost|p1a: Urshifu|spd|1\n|move|p1a: Urshifu|Wicked Blow|p2a: Chandelure\n|-supereffective|p2a: Chandelure\n|-crit|p2a: Chandelure\n|-damage|p2a: Chandelure|0 fnt\n|faint|p2a: Chandelure\n|-damage|p1a: Urshifu|44\/100|[from] item: Life Orb\n|\n|upkeep\n|\n|t:|1698239005\n|switch|p2a: Great Tusk|Great Tusk|100\/100\n|turn|9\n|\n|t:|1698239016\n|move|p2a: Great Tusk|Rapid Spin|p1a: Urshifu\n|-crit|p1a: Urshifu\n|-damage|p1a: Urshifu|20\/100\n|-boost|p2a: Great Tusk|spe|1\n|move|p1a: Urshifu|Close Combat|p2a: Great Tusk\n|-damage|p2a: Great Tusk|42\/100\n|-unboost|p1a: Urshifu|def|1\n|-unboost|p1a: Urshifu|spd|1\n|-damage|p1a: Urshifu|10\/100|[from] item: Life Orb\n|\n|-heal|p2a: Great Tusk|48\/100|[from] item: Leftovers\n|upkeep\n|turn|10\n|\n|t:|1698239029\n|move|p2a: Great Tusk|Rapid Spin|p1a: Urshifu\n|-damage|p1a: Urshifu|0 fnt\n|-boost|p2a: Great Tusk|spe|1\n|faint|p1a: Urshifu\n|\n|-heal|p2a: Great Tusk|55\/100|[from] item: Leftovers\n|upkeep\n|\n|t:|1698239039\n|switch|p1a: Arceus|Arceus-Grass|100\/100\n|turn|11\n|\n|t:|1698239062\n|move|p2a: Great Tusk|Ice Spinner|p1a: Arceus\n|-supereffective|p1a: Arceus\n|-damage|p1a: Arceus|58\/100\n|move|p1a: Arceus|Judgment|p2a: Great Tusk\n|-supereffective|p2a: Great Tusk\n|-damage|p2a: Great Tusk|0 fnt\n|faint|p2a: Great Tusk\n|-end|p2a: Great Tusk|Protosynthesis|[silent]\n|\n|upkeep\n|\n|t:|1698239073\n|switch|p2a: Torterra|Torterra, F|100\/100\n|turn|12\n|\n|t:|1698239077\n|move|p1a: Arceus|Fire Blast|p2a: Torterra\n|-supereffective|p2a: Torterra\n|-damage|p2a: Torterra|14\/100\n|-status|p2a: Torterra|brn\n|move|p2a: Torterra|Shell Smash|p2a: Torterra\n|-unboost|p2a: Torterra|def|1\n|-unboost|p2a: Torterra|spd|1\n|-boost|p2a: Torterra|atk|2\n|-boost|p2a: Torterra|spa|2\n|-boost|p2a: Torterra|spe|2\n|-enditem|p2a: Torterra|White Herb\n|-clearnegativeboost|p2a: Torterra|[silent]\n|\n|-damage|p2a: Torterra|8\/100 brn|[from] brn\n|upkeep\n|turn|13\n|inactive|Battle timer is ON: inactive players will automatically lose when time's up. (requested by SUPERDUPER LIL WIL)\n|\n|t:|1698239198\n|move|p1a: Arceus|Extreme Speed|p2a: Torterra\n|-damage|p2a: Torterra|0 fnt\n|faint|p2a: Torterra\n|\n|win|SUPERDUPER LIL WIL\n|raw|SUPERDUPER LIL WIL's rating: 1000 &rarr; <strong>1060<\/strong><br \/>(+60 for winning)\n|raw|Atusuki's rating: 1191 &rarr; <strong>1153<\/strong><br \/>(-38 for losing)\n|l|\u2606Atusuki\n","uploadtime":1698239226,"views":6,"p1id":"superduperlilwil","p2id":"atusuki","formatid":"gen9ubers","rating":1060,"private":0,"password":""}