{"id":"gen9ubers-1978445209","p1":"leonissenbaum","p2":"Kizaco","format":"[Gen 9] Ubers","log":"|j|\u2606leonissenbaum\n|j|\u2606Kizaco\n|t:|1698539891\n|gametype|singles\n|player|p1|leonissenbaum|leon|\n|player|p2|Kizaco|101|\n|teamsize|p1|6\n|teamsize|p2|6\n|gen|9\n|tier|[Gen 9] Ubers\n|rule|Sleep Clause Mod: Limit one foe put to sleep\n|rule|Species Clause: Limit one of each Pok\u00e9mon\n|rule|OHKO Clause: OHKO moves are banned\n|rule|Evasion Items Clause: Evasion items are banned\n|rule|Evasion Moves Clause: Evasion moves are banned\n|rule|Endless Battle Clause: Forcing endless battles is banned\n|rule|HP Percentage Mod: HP is shown in percentages\n|clearpoke\n|poke|p1|Giratina|\n|poke|p1|Gliscor, F|\n|poke|p1|Blissey, F|\n|poke|p1|Dondozo, F|\n|poke|p1|Clefable, F|\n|poke|p1|Espeon, M|\n|poke|p2|Masquerain, F|\n|poke|p2|Chi-Yu|\n|poke|p2|Gholdengo|\n|poke|p2|Zacian-*|\n|poke|p2|Cyclizar, F|\n|poke|p2|Palafin, M|\n|teampreview\n|c|\u2606leonissenbaum|gl!\n|c|\u2606Kizaco|u2\n|\n|t:|1698539912\n|start\n|switch|p1a: Gliscor|Gliscor, F|100\/100\n|switch|p2a: Chi-Yu|Chi-Yu|100\/100\n|-ability|p2a: Chi-Yu|Beads of Ruin\n|turn|1\n|\n|t:|1698539918\n|move|p1a: Gliscor|Protect|p1a: Gliscor\n|-singleturn|p1a: Gliscor|Protect\n|move|p2a: Chi-Yu|Overheat|p1a: Gliscor\n|-activate|p1a: Gliscor|move: Protect\n|\n|-status|p1a: Gliscor|tox|[from] item: Toxic Orb\n|upkeep\n|turn|2\n|\n|t:|1698539930\n|switch|p1a: Blissey|Blissey, F|100\/100\n|move|p2a: Chi-Yu|Overheat|p1a: Blissey\n|-damage|p1a: Blissey|71\/100\n|-unboost|p2a: Chi-Yu|spa|2\n|\n|-heal|p1a: Blissey|77\/100|[from] item: Leftovers\n|upkeep\n|turn|3\n|\n|t:|1698539943\n|switch|p2a: Palafin|Palafin, M|100\/100\n|move|p1a: Blissey|Stealth Rock|p2a: Palafin\n|-sidestart|p2: Kizaco|move: Stealth Rock\n|\n|-heal|p1a: Blissey|83\/100|[from] item: Leftovers\n|upkeep\n|turn|4\n|\n|t:|1698539950\n|switch|p1a: Dondozo|Dondozo, F|100\/100\n|move|p2a: Palafin|Flip Turn|p1a: Dondozo\n|-resisted|p1a: Dondozo\n|-damage|p1a: Dondozo|95\/100\n|-damage|p2a: Palafin|84\/100|[from] item: Rocky Helmet|[of] p1a: Dondozo\n|\n|t:|1698539955\n|detailschange|p2a: Palafin|Palafin-Hero, M\n|switch|p2a: Gholdengo|Gholdengo|100\/100|[from] Flip Turn\n|-damage|p2a: Gholdengo|94\/100|[from] Stealth Rock\n|\n|upkeep\n|turn|5\n|\n|t:|1698539963\n|switch|p1a: Espeon|Espeon, M|100\/100\n|move|p2a: Gholdengo|Trick|p1a: Espeon\n|-activate|p2a: Gholdengo|move: Trick|[of] p1a: Espeon\n|-item|p1a: Espeon|Choice Scarf|[from] move: Trick\n|-item|p2a: Gholdengo|Choice Scarf|[from] move: Trick\n|\n|upkeep\n|turn|6\n|\n|t:|1698539972\n|move|p2a: Gholdengo|Shadow Ball|p1a: Espeon\n|-supereffective|p1a: Espeon\n|-damage|p1a: Espeon|38\/100\n|move|p1a: Espeon|Light Screen|p1a: Espeon\n|-sidestart|p1: leonissenbaum|move: Light Screen\n|\n|upkeep\n|turn|7\n|\n|t:|1698539981\n|switch|p1a: Gliscor|Gliscor, F|100\/100 tox\n|move|p2a: Gholdengo|Shadow Ball|p1a: Gliscor\n|-damage|p1a: Gliscor|82\/100 tox\n|\n|-heal|p1a: Gliscor|94\/100 tox|[from] ability: Poison Heal\n|upkeep\n|turn|8\n|c|\u2606Kizaco|what\n|\n|t:|1698539990\n|switch|p2a: Masquerain|Masquerain, F|100\/100\n|-damage|p2a: Masquerain|51\/100|[from] Stealth Rock\n|-ability|p2a: Masquerain|Intimidate|boost\n|-unboost|p1a: Gliscor|atk|1\n|move|p1a: Gliscor|Toxic Spikes|p2a: Masquerain\n|-sidestart|p2: Kizaco|move: Toxic Spikes\n|\n|-heal|p1a: Gliscor|100\/100 tox|[from] ability: Poison Heal\n|upkeep\n|turn|9\n|c|\u2606leonissenbaum|?\n|c|\u2606Kizaco|scarf light screen?\n|c|\u2606leonissenbaum|yep!\n|\n|t:|1698540011\n|switch|p1a: Espeon|Espeon, M|38\/100\n|move|p2a: Masquerain|Sticky Web|p1a: Espeon\n|move|p1a: Espeon|Sticky Web|p2a: Masquerain|[from]ability: Magic Bounce\n|-sidestart|p2: Kizaco|move: Sticky Web\n|\n|upkeep\n|turn|10\n|\n|t:|1698540022\n|move|p1a: Espeon|Morning Sun|p1a: Espeon\n|-heal|p1a: Espeon|88\/100\n|move|p2a: Masquerain|Air Slash|p1a: Espeon\n|-damage|p1a: Espeon|75\/100\n|\n|-sideend|p1: leonissenbaum|move: Light Screen\n|upkeep\n|turn|11\n|\n|t:|1698540030\n|move|p1a: Espeon|Morning Sun|p1a: Espeon\n|-heal|p1a: Espeon|100\/100\n|move|p2a: Masquerain|Air Slash|p1a: Espeon\n|-damage|p1a: Espeon|74\/100\n|\n|upkeep\n|turn|12\n|\n|t:|1698540037\n|move|p1a: Espeon|Morning Sun|p1a: Espeon\n|-heal|p1a: Espeon|100\/100\n|move|p2a: Masquerain|Air Slash|p1a: Espeon\n|-damage|p1a: Espeon|73\/100\n|\n|upkeep\n|turn|13\n|\n|t:|1698540041\n|switch|p1a: Gliscor|Gliscor, F|100\/100 tox\n|move|p2a: Masquerain|Air Slash|p1a: Gliscor\n|-damage|p1a: Gliscor|72\/100 tox\n|\n|-heal|p1a: Gliscor|85\/100 tox|[from] ability: Poison Heal\n|upkeep\n|turn|14\n|\n|t:|1698540047\n|switch|p1a: Espeon|Espeon, M|73\/100\n|move|p2a: Masquerain|Air Slash|p1a: Espeon\n|-damage|p1a: Espeon|47\/100\n|\n|upkeep\n|turn|15\n|\n|t:|1698540050\n|move|p1a: Espeon|Psyshock|p2a: Masquerain\n|-damage|p2a: Masquerain|0 fnt\n|faint|p2a: Masquerain\n|\n|upkeep\n|\n|t:|1698540054\n|switch|p2a: Cyclizar|Cyclizar, F|100\/100\n|turn|16\n|\n|t:|1698540062\n|switch|p1a: Giratina|Giratina, shiny|100\/100\n|-ability|p1a: Giratina|Pressure\n|move|p2a: Cyclizar|Rapid Spin|p1a: Giratina\n|-immune|p1a: Giratina\n|\n|upkeep\n|turn|17\n|\n|t:|1698540067\n|move|p2a: Cyclizar|Shed Tail|p2a: Cyclizar\n|-start|p2a: Cyclizar|Substitute|[from] move: Shed Tail\n|-damage|p2a: Cyclizar|50\/100\n|\n|t:|1698540069\n|switch|p2a: Chi-Yu|Chi-Yu|100\/100|[from] Shed Tail\n|-ability|p2a: Chi-Yu|Beads of Ruin\n|move|p1a: Giratina|Roar|p2a: Chi-Yu\n|drag|p2a: Zacian|Zacian|100\/100\n|-ability|p2a: Zacian|Intrepid Sword|boost\n|-boost|p2a: Zacian|atk|1\n|\n|upkeep\n|turn|18\n|\n|t:|1698540085\n|switch|p1a: Dondozo|Dondozo, F|95\/100\n|move|p2a: Zacian|Play Rough|p1a: Dondozo\n|-damage|p1a: Dondozo|74\/100\n|-damage|p2a: Zacian|84\/100|[from] item: Rocky Helmet|[of] p1a: Dondozo\n|\n|upkeep\n|turn|19\n|\n|t:|1698540095\n|switch|p2a: Cyclizar|Cyclizar, F|84\/100\n|move|p1a: Dondozo|Waterfall|p2a: Cyclizar\n|-resisted|p2a: Cyclizar\n|-damage|p2a: Cyclizar|61\/100\n|\n|upkeep\n|turn|20\n|\n|t:|1698540115\n|move|p2a: Cyclizar|Knock Off|p1a: Dondozo\n|-damage|p1a: Dondozo|64\/100\n|-damage|p2a: Cyclizar|44\/100|[from] item: Rocky Helmet|[of] p1a: Dondozo\n|-enditem|p1a: Dondozo|Rocky Helmet|[from] move: Knock Off|[of] p2a: Cyclizar\n|move|p1a: Dondozo|Body Press|p2a: Cyclizar\n|-supereffective|p2a: Cyclizar\n|-damage|p2a: Cyclizar|0 fnt\n|faint|p2a: Cyclizar\n|\n|upkeep\n|\n|t:|1698540126\n|switch|p2a: Gholdengo|Gholdengo|94\/100\n|-damage|p2a: Gholdengo|88\/100|[from] Stealth Rock\n|-activate|p2a: Gholdengo|move: Sticky Web\n|-unboost|p2a: Gholdengo|spe|1\n|turn|21\n|\n|t:|1698540144\n|switch|p1a: Gliscor|Gliscor, F|85\/100 tox\n|move|p2a: Gholdengo|Shadow Ball|p1a: Gliscor\n|-damage|p1a: Gliscor|47\/100 tox\n|\n|-heal|p1a: Gliscor|59\/100 tox|[from] ability: Poison Heal\n|upkeep\n|turn|22\n|\n|t:|1698540149\n|move|p1a: Gliscor|Protect|p1a: Gliscor\n|-singleturn|p1a: Gliscor|Protect\n|move|p2a: Gholdengo|Shadow Ball|p1a: Gliscor\n|-activate|p1a: Gliscor|move: Protect\n|\n|-heal|p1a: Gliscor|71\/100 tox|[from] ability: Poison Heal\n|upkeep\n|turn|23\n|\n|t:|1698540154\n|move|p2a: Gholdengo|Shadow Ball|p1a: Gliscor\n|-damage|p1a: Gliscor|36\/100 tox\n|-unboost|p1a: Gliscor|spd|1\n|move|p1a: Gliscor|Knock Off|p2a: Gholdengo\n|-supereffective|p2a: Gholdengo\n|-damage|p2a: Gholdengo|43\/100\n|-enditem|p2a: Gholdengo|Choice Scarf|[from] move: Knock Off|[of] p1a: Gliscor\n|\n|-heal|p1a: Gliscor|48\/100 tox|[from] ability: Poison Heal\n|upkeep\n|turn|24\n|\n|t:|1698540164\n|move|p1a: Gliscor|Protect|p1a: Gliscor\n|-singleturn|p1a: Gliscor|Protect\n|move|p2a: Gholdengo|Shadow Ball|p1a: Gliscor\n|-activate|p1a: Gliscor|move: Protect\n|\n|-heal|p1a: Gliscor|61\/100 tox|[from] ability: Poison Heal\n|upkeep\n|turn|25\n|\n|t:|1698540172\n|switch|p1a: Blissey|Blissey, F|83\/100\n|move|p2a: Gholdengo|Shadow Ball|p1a: Blissey\n|-immune|p1a: Blissey\n|\n|-heal|p1a: Blissey|89\/100|[from] item: Leftovers\n|upkeep\n|turn|26\n|\n|t:|1698540176\n|move|p2a: Gholdengo|Trick|p1a: Blissey\n|-activate|p2a: Gholdengo|move: Trick|[of] p1a: Blissey\n|-enditem|p1a: Blissey|Leftovers|[silent]|[from] move: Trick\n|-item|p2a: Gholdengo|Leftovers|[from] move: Trick\n|move|p1a: Blissey|Shadow Ball|p2a: Gholdengo\n|-supereffective|p2a: Gholdengo\n|-damage|p2a: Gholdengo|10\/100\n|\n|-heal|p2a: Gholdengo|16\/100|[from] item: Leftovers\n|upkeep\n|turn|27\n|\n|t:|1698540182\n|move|p2a: Gholdengo|Make It Rain|p1a: Blissey\n|-damage|p1a: Blissey|70\/100\n|-unboost|p2a: Gholdengo|spa|1\n|move|p1a: Blissey|Shadow Ball|p2a: Gholdengo\n|-supereffective|p2a: Gholdengo\n|-damage|p2a: Gholdengo|0 fnt\n|faint|p2a: Gholdengo\n|\n|upkeep\n|\n|t:|1698540186\n|switch|p2a: Chi-Yu|Chi-Yu|100\/100\n|-ability|p2a: Chi-Yu|Beads of Ruin\n|turn|28\n|\n|t:|1698540204\n|-terastallize|p2a: Chi-Yu|Fire\n|move|p2a: Chi-Yu|Flamethrower|p1a: Blissey\n|-damage|p1a: Blissey|43\/100\n|move|p1a: Blissey|Soft-Boiled|p1a: Blissey\n|-heal|p1a: Blissey|93\/100\n|\n|upkeep\n|turn|29\n|\n|t:|1698540212\n|move|p2a: Chi-Yu|Flamethrower|p1a: Blissey\n|-damage|p1a: Blissey|68\/100\n|move|p1a: Blissey|Seismic Toss|p2a: Chi-Yu\n|-damage|p2a: Chi-Yu|61\/100\n|\n|upkeep\n|turn|30\n|\n|t:|1698540219\n|move|p2a: Chi-Yu|Dark Pulse|p1a: Blissey\n|-damage|p1a: Blissey|49\/100\n|move|p1a: Blissey|Soft-Boiled|p1a: Blissey\n|-heal|p1a: Blissey|99\/100\n|\n|upkeep\n|turn|31\n|\n|t:|1698540223\n|move|p2a: Chi-Yu|Flamethrower|p1a: Blissey\n|-damage|p1a: Blissey|74\/100\n|move|p1a: Blissey|Seismic Toss|p2a: Chi-Yu\n|-damage|p2a: Chi-Yu|21\/100\n|\n|upkeep\n|turn|32\n|\n|t:|1698540230\n|move|p2a: Chi-Yu|Dark Pulse|p1a: Blissey\n|-damage|p1a: Blissey|57\/100\n|move|p1a: Blissey|Seismic Toss|p2a: Chi-Yu\n|-damage|p2a: Chi-Yu|0 fnt\n|faint|p2a: Chi-Yu\n|\n|upkeep\n|\n|t:|1698540234\n|switch|p2a: Zacian|Zacian|84\/100\n|turn|33\n|\n|t:|1698540238\n|switch|p1a: Dondozo|Dondozo, F|64\/100\n|move|p2a: Zacian|Play Rough|p1a: Dondozo\n|-damage|p1a: Dondozo|46\/100\n|\n|upkeep\n|turn|34\n|\n|t:|1698540243\n|move|p2a: Zacian|Play Rough|p1a: Dondozo|[miss]\n|-miss|p2a: Zacian|p1a: Dondozo\n|move|p1a: Dondozo|Rest|p1a: Dondozo\n|-status|p1a: Dondozo|slp|[from] move: Rest\n|-heal|p1a: Dondozo|100\/100 slp|[silent]\n|\n|upkeep\n|turn|35\n|\n|t:|1698540254\n|move|p2a: Zacian|Play Rough|p1a: Dondozo\n|-damage|p1a: Dondozo|81\/100 slp\n|-unboost|p1a: Dondozo|atk|1\n|cant|p1a: Dondozo|slp\n|move|p1a: Dondozo|Sleep Talk|p1a: Dondozo\n|move|p1a: Dondozo|Rest||[from]move: Sleep Talk|[still]\n|-fail|p1a: Dondozo\n|\n|upkeep\n|turn|36\n|c|\u2606Kizaco|i aint playing this out im losing regardless\n|c|\u2606leonissenbaum|gg\n|-message|Kizaco forfeited.\n|\n|win|leonissenbaum\n|l|\u2606Kizaco\n","uploadtime":1698540272,"views":15,"p1id":"leonissenbaum","p2id":"kizaco","formatid":"gen9ubers","rating":0,"private":0,"password":""}