{"id":"gen9ubers-1973864481","p1":"BPLD","p2":"Vandenta","format":"[Gen 9] Ubers","log":"|j|\u2606BPLD\n|j|\u2606Vandenta\n|t:|1698021959\n|gametype|singles\n|player|p1|BPLD|steven|\n|player|p2|Vandenta|musician|\n|teamsize|p1|6\n|teamsize|p2|6\n|gen|9\n|tier|[Gen 9] Ubers\n|rule|Sleep Clause Mod: Limit one foe put to sleep\n|rule|Species Clause: Limit one of each Pok\u00e9mon\n|rule|OHKO Clause: OHKO moves are banned\n|rule|Evasion Items Clause: Evasion items are banned\n|rule|Evasion Moves Clause: Evasion moves are banned\n|rule|Endless Battle Clause: Forcing endless battles is banned\n|rule|HP Percentage Mod: HP is shown in percentages\n|clearpoke\n|poke|p1|Tinkaton, F|\n|poke|p1|Articuno-Galar|\n|poke|p1|Ogerpon-Wellspring, F|\n|poke|p1|Great Tusk|\n|poke|p1|Lycanroc, F|\n|poke|p1|Dusclops, F|\n|poke|p2|Lucario, M|\n|poke|p2|Baxcalibur, F|\n|poke|p2|Donphan, F|\n|poke|p2|Masquerain, F|\n|poke|p2|Hoopa|\n|poke|p2|Slowking-Galar, F|\n|teampreview\n|j| PorygonTheBot\n|c| PorygonTheBot|I hope I win!\n|j| Ace_T_24\n|\n|t:|1698022006\n|start\n|switch|p1a: Lycanroc|Lycanroc, F|100\/100\n|switch|p2a: Masquerain|Masquerain, F|100\/100\n|-ability|p2a: Masquerain|Intimidate|boost\n|-unboost|p1a: Lycanroc|atk|1\n|turn|1\n|j| TheJuicyJake\n|\n|t:|1698022015\n|switch|p2a: Donphan|Donphan, F|100\/100\n|move|p1a: Lycanroc|Rock Blast|p2a: Donphan\n|-resisted|p2a: Donphan\n|-damage|p2a: Donphan|98\/100\n|-resisted|p2a: Donphan\n|-damage|p2a: Donphan|96\/100\n|-hitcount|p2a: Donphan|2\n|\n|upkeep\n|turn|2\n|j| TheOtakuOutcast\n|\n|t:|1698022034\n|switch|p2a: Slowking|Slowking-Galar, F|100\/100\n|move|p1a: Lycanroc|Stealth Rock|p2a: Slowking\n|-sidestart|p2: Vandenta|move: Stealth Rock\n|\n|upkeep\n|turn|3\n|\n|t:|1698022048\n|switch|p2a: Donphan|Donphan, F|96\/100\n|move|p1a: Lycanroc|Taunt|p2a: Donphan\n|-start|p2a: Donphan|move: Taunt\n|\n|upkeep\n|turn|4\n|\n|t:|1698022059\n|switch|p1a: Dusclops|Dusclops, F|100\/100\n|-item|p2a: Donphan|Heavy-Duty Boots|[from] ability: Frisk|[of] p1a: Dusclops|[identify]\n|move|p2a: Donphan|Knock Off|p1a: Dusclops\n|-supereffective|p1a: Dusclops\n|-damage|p1a: Dusclops|73\/100\n|-enditem|p1a: Dusclops|Eviolite|[from] move: Knock Off|[of] p2a: Donphan\n|\n|upkeep\n|turn|5\n|\n|t:|1698022071\n|switch|p2a: Slowking|Slowking-Galar, F|100\/100\n|-damage|p2a: Slowking|88\/100|[from] Stealth Rock\n|move|p1a: Dusclops|Night Shade|p2a: Slowking\n|-damage|p2a: Slowking|63\/100\n|\n|upkeep\n|turn|6\n|\n|t:|1698022096\n|switch|p1a: Tinkaton|Tinkaton, F|100\/100\n|-ability|p1a: Tinkaton|Mold Breaker\n|move|p2a: Slowking|Chilly Reception|p2a: Slowking\n|-weather|Snow\n|j| Seior\n|\n|t:|1698022113\n|switch|p2a: Donphan|Donphan, F|96\/100|[from] Chilly Reception\n|\n|-weather|Snow|[upkeep]\n|upkeep\n|turn|7\n|\n|t:|1698022126\n|move|p1a: Tinkaton|Knock Off|p2a: Donphan\n|-damage|p2a: Donphan|87\/100\n|-enditem|p2a: Donphan|Heavy-Duty Boots|[from] move: Knock Off|[of] p1a: Tinkaton\n|move|p2a: Donphan|Rapid Spin|p1a: Tinkaton\n|-resisted|p1a: Tinkaton\n|-damage|p1a: Tinkaton|94\/100\n|-boost|p2a: Donphan|spe|1\n|-sideend|p2: Vandenta|Stealth Rock|[from] move: Rapid Spin|[of] p2a: Donphan\n|\n|-weather|Snow|[upkeep]\n|upkeep\n|turn|8\n|\n|t:|1698022164\n|move|p1a: Tinkaton|Encore|p2a: Donphan\n|-start|p2a: Donphan|Encore\n|move|p2a: Donphan|Rapid Spin|p1a: Tinkaton\n|-resisted|p1a: Tinkaton\n|-damage|p1a: Tinkaton|86\/100\n|-boost|p2a: Donphan|spe|1\n|\n|-weather|Snow|[upkeep]\n|upkeep\n|turn|9\n|\n|t:|1698022178\n|switch|p2a: Slowking|Slowking-Galar, F|96\/100\n|move|p1a: Tinkaton|Gigaton Hammer|p2a: Slowking\n|-damage|p2a: Slowking|63\/100\n|\n|-weather|Snow|[upkeep]\n|upkeep\n|turn|10\n|\n|t:|1698022189\n|move|p1a: Tinkaton|Knock Off|p2a: Slowking\n|-supereffective|p2a: Slowking\n|-damage|p2a: Slowking|40\/100\n|-enditem|p2a: Slowking|Icy Rock|[from] move: Knock Off|[of] p1a: Tinkaton\n|move|p2a: Slowking|Flamethrower|p1a: Tinkaton\n|-supereffective|p1a: Tinkaton\n|-damage|p1a: Tinkaton|46\/100\n|-status|p1a: Tinkaton|brn\n|\n|-weather|Snow|[upkeep]\n|-damage|p1a: Tinkaton|40\/100 brn|[from] brn\n|upkeep\n|turn|11\n|\n|t:|1698022212\n|switch|p1a: Articuno|Articuno-Galar|100\/100\n|move|p2a: Slowking|Chilly Reception|p2a: Slowking\n|\n|t:|1698022233\n|switch|p2a: Baxcalibur|Baxcalibur, F|100\/100|[from] Chilly Reception\n|\n|-weather|Snow|[upkeep]\n|upkeep\n|turn|12\n|\n|t:|1698022244\n|switch|p1a: Tinkaton|Tinkaton, F|40\/100 brn\n|-ability|p1a: Tinkaton|Mold Breaker\n|move|p2a: Baxcalibur|Substitute|p2a: Baxcalibur\n|-start|p2a: Baxcalibur|Substitute\n|-damage|p2a: Baxcalibur|76\/100\n|\n|-weather|Snow|[upkeep]\n|-heal|p2a: Baxcalibur|82\/100|[from] ability: Ice Body\n|-damage|p1a: Tinkaton|34\/100 brn|[from] brn\n|upkeep\n|turn|13\n|\n|t:|1698022278\n|move|p1a: Tinkaton|Encore|p2a: Baxcalibur\n|-start|p2a: Baxcalibur|Encore\n|move|p2a: Baxcalibur|Substitute|p2a: Baxcalibur\n|-fail|p2a: Baxcalibur|move: Substitute\n|\n|-weather|none\n|-damage|p1a: Tinkaton|28\/100 brn|[from] brn\n|upkeep\n|turn|14\n|\n|t:|1698022289\n|switch|p2a: Donphan|Donphan, F|87\/100\n|move|p1a: Tinkaton|Thunder Wave|p2a: Donphan\n|-immune|p2a: Donphan\n|\n|-damage|p1a: Tinkaton|22\/100 brn|[from] brn\n|upkeep\n|turn|15\n|j| NEdgyman\n|\n|t:|1698022310\n|switch|p1a: Articuno|Articuno-Galar|100\/100\n|move|p2a: Donphan|Stealth Rock|p1a: Articuno\n|-sidestart|p1: BPLD|move: Stealth Rock\n|\n|upkeep\n|turn|16\n|\n|t:|1698022324\n|-terastallize|p1a: Articuno|Fighting\n|move|p1a: Articuno|Reflect|p1a: Articuno\n|-sidestart|p1: BPLD|Reflect\n|move|p2a: Donphan|Knock Off|p1a: Articuno\n|-resisted|p1a: Articuno\n|-damage|p1a: Articuno|94\/100\n|-enditem|p1a: Articuno|Light Clay|[from] move: Knock Off|[of] p2a: Donphan\n|\n|upkeep\n|turn|17\n|\n|t:|1698022335\n|switch|p2a: Slowking|Slowking-Galar, F|73\/100\n|move|p1a: Articuno|Light Screen|p1a: Articuno\n|-sidestart|p1: BPLD|move: Light Screen\n|\n|upkeep\n|turn|18\n|\n|t:|1698022346\n|move|p1a: Articuno|U-turn|p2a: Slowking\n|-damage|p2a: Slowking|63\/100\n|\n|t:|1698022348\n|switch|p1a: Great Tusk|Great Tusk|100\/100|[from] U-turn\n|-damage|p1a: Great Tusk|98\/100|[from] Stealth Rock\n|move|p2a: Slowking|Toxic|p1a: Great Tusk\n|-status|p1a: Great Tusk|tox\n|\n|-damage|p1a: Great Tusk|91\/100 tox|[from] psn\n|upkeep\n|turn|19\n|\n|t:|1698022363\n|switch|p2a: Donphan|Donphan, F|87\/100\n|move|p1a: Great Tusk|Rapid Spin|p2a: Donphan\n|-damage|p2a: Donphan|79\/100\n|-boost|p1a: Great Tusk|spe|1\n|-sideend|p1: BPLD|Stealth Rock|[from] move: Rapid Spin|[of] p1a: Great Tusk\n|\n|-damage|p1a: Great Tusk|79\/100 tox|[from] psn\n|upkeep\n|turn|20\n|\n|t:|1698022371\n|-end|p1a: Great Tusk|Protosynthesis|[silent]\n|switch|p1a: Ogerpon|Ogerpon-Wellspring, F|100\/100\n|move|p2a: Donphan|Knock Off|p1a: Ogerpon\n|-damage|p1a: Ogerpon|89\/100\n|\n|upkeep\n|turn|21\n|\n|t:|1698022440\n|switch|p2a: Slowking|Slowking-Galar, F|97\/100\n|move|p1a: Ogerpon|Swords Dance|p1a: Ogerpon\n|-boost|p1a: Ogerpon|atk|2\n|\n|-sideend|p1: BPLD|move: Light Screen\n|upkeep\n|turn|22\n|\n|t:|1698022456\n|move|p1a: Ogerpon|Knock Off|p2a: Slowking\n|-supereffective|p2a: Slowking\n|-damage|p2a: Slowking|16\/100\n|move|p2a: Slowking|Toxic|p1a: Ogerpon\n|-status|p1a: Ogerpon|tox\n|\n|-damage|p1a: Ogerpon|83\/100 tox|[from] psn\n|upkeep\n|turn|23\n|\n|t:|1698022478\n|switch|p2a: Donphan|Donphan, F|79\/100\n|move|p1a: Ogerpon|Knock Off|p2a: Donphan\n|-damage|p2a: Donphan|48\/100\n|\n|-damage|p1a: Ogerpon|71\/100 tox|[from] psn\n|-sideend|p1: BPLD|Reflect\n|upkeep\n|turn|24\n|\n|t:|1698022486\n|switch|p2a: Masquerain|Masquerain, F|100\/100\n|-ability|p2a: Masquerain|Intimidate|boost\n|-unboost|p1a: Ogerpon|atk|1\n|move|p1a: Ogerpon|Horn Leech|p2a: Masquerain\n|-resisted|p2a: Masquerain\n|-damage|p2a: Masquerain|67\/100\n|-heal|p1a: Ogerpon|86\/100 tox|[from] drain|[of] p2a: Masquerain\n|\n|-damage|p1a: Ogerpon|68\/100 tox|[from] psn\n|upkeep\n|turn|25\n|\n|t:|1698022519\n|move|p2a: Masquerain|Air Slash|p1a: Ogerpon|[miss]\n|-miss|p2a: Masquerain|p1a: Ogerpon\n|move|p1a: Ogerpon|Play Rough|p2a: Masquerain\n|-damage|p2a: Masquerain|0 fnt\n|faint|p2a: Masquerain\n|\n|-damage|p1a: Ogerpon|43\/100 tox|[from] psn\n|upkeep\n|c|\u2606Vandenta|goddamnit\n|c|\u2606BPLD|Sorry man\n|c|\u2606BPLD|thats big\n|c|\u2606Vandenta|lol i ran air slash over hurricane t cut down on the misses lol\n|c| Seior|just be a man and ran hurricane\n|c| Seior|woulda landed it\n|c| NEdgyman|i mean, if its gonna miss anyways\n|\n|t:|1698022622\n|switch|p2a: Lucario|Lucario, M|100\/100\n|turn|26\n|\n|t:|1698022646\n|switch|p1a: Dusclops|Dusclops, F|73\/100\n|-item|p2a: Lucario|Lum Berry|[from] ability: Frisk|[of] p1a: Dusclops|[identify]\n|move|p2a: Lucario|Extreme Speed|p1a: Dusclops\n|-immune|p1a: Dusclops\n|\n|upkeep\n|turn|27\n|\n|t:|1698022659\n|switch|p2a: Donphan|Donphan, F|48\/100\n|move|p1a: Dusclops|Night Shade|p2a: Donphan\n|-damage|p2a: Donphan|22\/100\n|\n|upkeep\n|turn|28\n|\n|t:|1698022664\n|move|p2a: Donphan|Stealth Rock|p1a: Dusclops\n|-sidestart|p1: BPLD|move: Stealth Rock\n|move|p1a: Dusclops|Night Shade|p2a: Donphan\n|-damage|p2a: Donphan|0 fnt\n|faint|p2a: Donphan\n|\n|upkeep\n|\n|t:|1698022696\n|switch|p2a: Slowking|Slowking-Galar, F|49\/100\n|turn|29\n|\n|t:|1698022701\n|move|p2a: Slowking|Chilly Reception|p2a: Slowking\n|-weather|Snow\n|\n|t:|1698022711\n|switch|p2a: Hoopa|Hoopa|100\/100|[from] Chilly Reception\n|move|p1a: Dusclops|Night Shade|p2a: Hoopa\n|-damage|p2a: Hoopa|67\/100\n|\n|-weather|Snow|[upkeep]\n|upkeep\n|turn|30\n|\n|t:|1698022723\n|switch|p1a: Tinkaton|Tinkaton, F|22\/100 brn\n|-damage|p1a: Tinkaton|16\/100 brn|[from] Stealth Rock\n|-ability|p1a: Tinkaton|Mold Breaker\n|move|p2a: Hoopa|Shadow Ball|p1a: Tinkaton\n|-damage|p1a: Tinkaton|0 fnt\n|faint|p1a: Tinkaton\n|\n|-weather|Snow|[upkeep]\n|upkeep\n|\n|t:|1698022736\n|switch|p1a: Great Tusk|Great Tusk|79\/100 tox\n|-damage|p1a: Great Tusk|76\/100 tox|[from] Stealth Rock\n|turn|31\n|\n|t:|1698022780\n|move|p2a: Hoopa|Shadow Ball|p1a: Great Tusk\n|-damage|p1a: Great Tusk|35\/100 tox\n|move|p1a: Great Tusk|Headlong Rush|p2a: Hoopa\n|-damage|p2a: Hoopa|0 fnt\n|-unboost|p1a: Great Tusk|def|1\n|-unboost|p1a: Great Tusk|spd|1\n|faint|p2a: Hoopa\n|\n|-weather|Snow|[upkeep]\n|-damage|p1a: Great Tusk|29\/100 tox|[from] psn\n|upkeep\n|\n|t:|1698022811\n|switch|p2a: Lucario|Lucario, M|100\/100\n|turn|32\n|\n|t:|1698022847\n|switch|p2a: Baxcalibur|Baxcalibur, F|82\/100\n|move|p1a: Great Tusk|Headlong Rush|p2a: Baxcalibur\n|-damage|p2a: Baxcalibur|48\/100\n|-unboost|p1a: Great Tusk|def|1\n|-unboost|p1a: Great Tusk|spd|1\n|\n|-weather|Snow|[upkeep]\n|-heal|p2a: Baxcalibur|54\/100|[from] ability: Ice Body\n|-damage|p1a: Great Tusk|16\/100 tox|[from] psn\n|upkeep\n|turn|33\n|\n|t:|1698022862\n|-end|p1a: Great Tusk|Protosynthesis|[silent]\n|switch|p1a: Dusclops|Dusclops, F|73\/100\n|-damage|p1a: Dusclops|61\/100|[from] Stealth Rock\n|-item|p2a: Baxcalibur|Heavy-Duty Boots|[from] ability: Frisk|[of] p1a: Dusclops|[identify]\n|move|p2a: Baxcalibur|Earthquake|p1a: Dusclops\n|-damage|p1a: Dusclops|31\/100\n|\n|-weather|none\n|upkeep\n|turn|34\n|j| MonkeyManStan\n|\n|t:|1698022892\n|move|p2a: Baxcalibur|Icicle Crash|p1a: Dusclops\n|-damage|p1a: Dusclops|0 fnt\n|faint|p1a: Dusclops\n|\n|upkeep\n|c| MonkeyManStan|hey that\u2019s my horse\n|c| MonkeyManStan|woohoo!\n|\n|t:|1698022907\n|switch|p1a: Articuno|Articuno-Galar, tera:Fighting|94\/100\n|-damage|p1a: Articuno|87\/100|[from] Stealth Rock\n|turn|35\n|c| TheOtakuOutcast|shronk\n|\n|t:|1698022913\n|switch|p2a: Slowking|Slowking-Galar, F|82\/100\n|move|p1a: Articuno|Reflect|p1a: Articuno\n|-sidestart|p1: BPLD|Reflect\n|\n|upkeep\n|turn|36\n|c| TheOtakuOutcast|pls stfu\n|c| Ace_T_24|fuck you shronk\n|c| TheOtakuOutcast|u have no horse\n|\n|t:|1698022933\n|move|p1a: Articuno|U-turn|p2a: Slowking\n|-damage|p2a: Slowking|73\/100\n|c| Seior|fuck you ace\n|\n|t:|1698022935\n|switch|p1a: Ogerpon|Ogerpon-Wellspring, F|43\/100 tox|[from] U-turn\n|-damage|p1a: Ogerpon|31\/100 tox|[from] Stealth Rock\n|move|p2a: Slowking|Toxic|p1a: Ogerpon\n|-fail|p1a: Ogerpon|tox\n|\n|-damage|p1a: Ogerpon|25\/100 tox|[from] psn\n|upkeep\n|turn|37\n|c| MonkeyManStan|my horse is winning rn bro!!\n|c| MonkeyManStan|love you guys\n|c| MonkeyManStan|<3\n|c| TheOtakuOutcast|die\n|c| TheOtakuOutcast|slow\n|c| MonkeyManStan|oki\n|\n|t:|1698022951\n|move|p1a: Ogerpon|Knock Off|p2a: Slowking\n|-supereffective|p2a: Slowking\n|-damage|p2a: Slowking|35\/100\n|move|p2a: Slowking|Chilly Reception|p2a: Slowking\n|-weather|Snow\n|\n|t:|1698022954\n|switch|p2a: Lucario|Lucario, M|100\/100|[from] Chilly Reception\n|\n|-weather|Snow|[upkeep]\n|-damage|p1a: Ogerpon|13\/100 tox|[from] psn\n|upkeep\n|turn|38\n|c| TheJuicyJake|shronk who you betting on\n|c| TheOtakuOutcast|you know what\n|c| TheOtakuOutcast|die twice\n|\n|t:|1698022965\n|move|p2a: Lucario|Extreme Speed|p1a: Ogerpon\n|-damage|p1a: Ogerpon|0 fnt\n|faint|p1a: Ogerpon\n|\n|-weather|Snow|[upkeep]\n|upkeep\n|\n|t:|1698022971\n|switch|p1a: Articuno|Articuno-Galar, tera:Fighting|87\/100\n|-damage|p1a: Articuno|81\/100|[from] Stealth Rock\n|turn|39\n|c| Seior|I am once again asking you to trade bax to me\n|\n|t:|1698022977\n|switch|p2a: Slowking|Slowking-Galar, F|68\/100\n|move|p1a: Articuno|Freezing Glare|p2a: Slowking\n|-damage|p2a: Slowking|38\/100\n|\n|-weather|Snow|[upkeep]\n|-sideend|p1: BPLD|Reflect\n|upkeep\n|turn|40\n|l| MonkeyManStan\n|c| Seior|the american ppl my ppl\n|c| Seior|are askin\n|\n|t:|1698022990\n|move|p1a: Articuno|U-turn|p2a: Slowking\n|-damage|p2a: Slowking|29\/100\n|\n|t:|1698022993\n|switch|p1a: Great Tusk|Great Tusk|16\/100 tox|[from] U-turn\n|-damage|p1a: Great Tusk|13\/100 tox|[from] Stealth Rock\n|move|p2a: Slowking|Toxic|p1a: Great Tusk\n|-fail|p1a: Great Tusk|tox\n|\n|-weather|Snow|[upkeep]\n|-damage|p1a: Great Tusk|7\/100 tox|[from] psn\n|upkeep\n|turn|41\n|j| Swagadile\n|c| Swagadile|You literally have annihilape\n|c| Seior|and?\n|\n|t:|1698023024\n|move|p1a: Great Tusk|Headlong Rush|p2a: Slowking\n|-supereffective|p2a: Slowking\n|-damage|p2a: Slowking|0 fnt\n|-unboost|p1a: Great Tusk|def|1\n|-unboost|p1a: Great Tusk|spd|1\n|faint|p2a: Slowking\n|\n|-weather|none\n|-damage|p1a: Great Tusk|0 fnt|[from] psn\n|faint|p1a: Great Tusk\n|-end|p1a: Great Tusk|Protosynthesis|[silent]\n|upkeep\n|j| MonkeyManStan\n|l| MonkeyManStan\n|\n|t:|1698023076\n|switch|p1a: Articuno|Articuno-Galar, tera:Fighting|81\/100\n|switch|p2a: Lucario|Lucario, M|100\/100\n|-damage|p1a: Articuno|75\/100|[from] Stealth Rock\n|turn|42\n|j| Mr. Cip\n|\n|t:|1698023084\n|move|p1a: Articuno|Freezing Glare|p2a: Lucario\n|-damage|p2a: Lucario|36\/100\n|move|p2a: Lucario|Swords Dance|p2a: Lucario\n|-boost|p2a: Lucario|atk|2\n|\n|upkeep\n|turn|43\n|\n|t:|1698023092\n|-terastallize|p2a: Lucario|Normal\n|move|p2a: Lucario|Extreme Speed|p1a: Articuno\n|-damage|p1a: Articuno|0 fnt\n|faint|p1a: Articuno\n|\n|upkeep\n|\n|t:|1698023098\n|switch|p1a: Lycanroc|Lycanroc, F|100\/100\n|-damage|p1a: Lycanroc|88\/100|[from] Stealth Rock\n|turn|44\n|c| Mr. Cip|my horse is gonna get this\n|\n|t:|1698023109\n|move|p1a: Lycanroc|Rock Blast|p2a: Lucario\n|-crit|p2a: Lucario\n|-damage|p2a: Lucario|5\/100\n|-damage|p2a: Lucario|0 fnt\n|faint|p2a: Lucario\n|-hitcount|p2: Lucario|2\n|\n|upkeep\n|\n|t:|1698023112\n|switch|p2a: Baxcalibur|Baxcalibur, F|54\/100\n|turn|45\n|\n|t:|1698023117\n|move|p1a: Lycanroc|Rock Blast|p2a: Baxcalibur\n|-supereffective|p2a: Baxcalibur\n|-damage|p2a: Baxcalibur|28\/100\n|-supereffective|p2a: Baxcalibur\n|-damage|p2a: Baxcalibur|2\/100\n|-supereffective|p2a: Baxcalibur\n|-damage|p2a: Baxcalibur|0 fnt\n|faint|p2a: Baxcalibur\n|-hitcount|p2: Baxcalibur|3\n|\n|win|BPLD\n|c|\u2606Vandenta|ggs\n|c| Seior|wh-\n|l| PorygonTheBot\n|c| Seior|what\n|c| TheJuicyJake|you threw my love.\n|l| Mr. Cip\n|c| Swagadile|No ice shard I think\n|c|\u2606Vandenta|no shard\n|c| Swagadile|Maybe crit could have killed though\n|c| Swagadile|On espeed\n|c| Seior|^\n|c|\u2606Vandenta|yeah but prolly not\n|c|\u2606BPLD|ggs man\n|c|\u2606Vandenta|ggs\n|c| Seior|you still play for crit but yeah\n|l| TheOtakuOutcast\n|c|\u2606Vandenta|both games good\n|c|\u2606Vandenta|ur right i should have\n|l| NEdgyman\n|c|\u2606BPLD|^^ 100%\n|l| Seior\n|l| Swagadile\n|c|\u2606Vandenta|i had vacuum wave but too it off\n","uploadtime":1698023118,"views":16,"p1id":"bpld","p2id":"vandenta","formatid":"gen9ubers","rating":0,"private":0,"password":""}