{"id":"gen9ubers-1975260835","p1":"GRUBBYTHEFASTEST","p2":"Anne Frankkkk","format":"[Gen 9] Ubers","log":"|j|\u2606GRUBBYTHEFASTEST\n|j|\u2606Anne Frankkkk\n|t:|1698174493\n|gametype|singles\n|player|p1|GRUBBYTHEFASTEST|169|1086\n|player|p2|Anne Frankkkk|hilbert|1141\n|teamsize|p1|6\n|teamsize|p2|6\n|gen|9\n|tier|[Gen 9] Ubers\n|rated|\n|rule|Sleep Clause Mod: Limit one foe put to sleep\n|rule|Species Clause: Limit one of each Pok\u00e9mon\n|rule|OHKO Clause: OHKO moves are banned\n|rule|Evasion Items Clause: Evasion items are banned\n|rule|Evasion Moves Clause: Evasion moves are banned\n|rule|Endless Battle Clause: Forcing endless battles is banned\n|rule|HP Percentage Mod: HP is shown in percentages\n|clearpoke\n|poke|p1|Magearna|\n|poke|p1|Ditto|\n|poke|p1|Cloyster, M|\n|poke|p1|Cetitan, M|\n|poke|p1|Flutter Mane|\n|poke|p1|Kyogre|\n|poke|p2|Iron Hands|\n|poke|p2|Kyogre|\n|poke|p2|Chien-Pao|\n|poke|p2|Ribombee, F|\n|poke|p2|Miraidon|\n|poke|p2|Flutter Mane|\n|teampreview\n|inactive|Battle timer is ON: inactive players will automatically lose when time's up. (requested by Anne Frankkkk)\n|\n|t:|1698174501\n|start\n|switch|p1a: Fast boi|Cetitan, M, shiny|100\/100\n|switch|p2a: Iron Hands|Iron Hands, shiny|100\/100\n|turn|1\n|\n|t:|1698174505\n|move|p2a: Iron Hands|Fake Out|p1a: Fast boi\n|-damage|p1a: Fast boi|83\/100\n|cant|p1a: Fast boi|flinch\n|\n|upkeep\n|turn|2\n|\n|t:|1698174510\n|move|p1a: Fast boi|Snowscape|p1a: Fast boi\n|-weather|Snow\n|move|p2a: Iron Hands|Drain Punch|p1a: Fast boi\n|-supereffective|p1a: Fast boi\n|-damage|p1a: Fast boi|25\/100\n|-enditem|p1a: Fast boi|Aguav Berry|[eat]\n|-heal|p1a: Fast boi|59\/100|[from] item: Aguav Berry\n|\n|-weather|Snow|[upkeep]\n|upkeep\n|turn|3\n|\n|t:|1698174515\n|move|p1a: Fast boi|Belly Drum|p1a: Fast boi\n|-damage|p1a: Fast boi|9\/100\n|-setboost|p1a: Fast boi|atk|6|[from] move: Belly Drum\n|move|p2a: Iron Hands|Drain Punch|p1a: Fast boi\n|-supereffective|p1a: Fast boi\n|-damage|p1a: Fast boi|0 fnt\n|faint|p1a: Fast boi\n|\n|-weather|Snow|[upkeep]\n|upkeep\n|\n|t:|1698174523\n|switch|p1a: sussy impostor|Ditto, shiny|100\/100\n|-transform|p1a: sussy impostor|p2a: Iron Hands|[from] ability: Imposter\n|turn|4\n|\n|t:|1698174530\n|move|p1a: sussy impostor|Fake Out|p2a: Iron Hands\n|-damage|p2a: Iron Hands|88\/100\n|-damage|p1a: sussy impostor|91\/100|[from] item: Life Orb\n|cant|p2a: Iron Hands|flinch\n|\n|-weather|Snow|[upkeep]\n|upkeep\n|turn|5\n|\n|t:|1698174543\n|move|p1a: sussy impostor|Heavy Slam|p2a: Iron Hands\n|-resisted|p2a: Iron Hands\n|-damage|p2a: Iron Hands|82\/100\n|-damage|p1a: sussy impostor|81\/100|[from] item: Life Orb\n|move|p2a: Iron Hands|Drain Punch|p1a: sussy impostor\n|-damage|p1a: sussy impostor|29\/100\n|-heal|p2a: Iron Hands|97\/100|[from] drain|[of] p1a: sussy impostor\n|\n|-weather|Snow|[upkeep]\n|upkeep\n|turn|6\n|\n|t:|1698174550\n|move|p2a: Iron Hands|Drain Punch|p1a: sussy impostor\n|-damage|p1a: sussy impostor|0 fnt\n|-heal|p2a: Iron Hands|100\/100|[from] drain|[of] p1a: sussy impostor\n|faint|p1a: sussy impostor\n|-end|p1a: sussy impostor|Quark Drive|[silent]\n|\n|-weather|none\n|upkeep\n|\n|t:|1698174559\n|switch|p1a: Flutter Mane|Flutter Mane|100\/100\n|-enditem|p1a: Flutter Mane|Booster Energy\n|-activate|p1a: Flutter Mane|ability: Protosynthesis|[fromitem]\n|-start|p1a: Flutter Mane|protosynthesisspe\n|turn|7\n|\n|t:|1698174565\n|-terastallize|p1a: Flutter Mane|Ghost\n|move|p1a: Flutter Mane|Moonblast|p2a: Iron Hands\n|-supereffective|p2a: Iron Hands\n|-damage|p2a: Iron Hands|41\/100\n|move|p2a: Iron Hands|Heavy Slam|p1a: Flutter Mane\n|-damage|p1a: Flutter Mane|0 fnt\n|faint|p1a: Flutter Mane\n|-end|p1a: Flutter Mane|Protosynthesis|[silent]\n|\n|upkeep\n|\n|t:|1698174575\n|switch|p1a: Kyogre|Kyogre|100\/100\n|-weather|RainDance|[from] ability: Drizzle|[of] p1a: Kyogre\n|turn|8\n|\n|t:|1698174582\n|move|p1a: Kyogre|Earthquake|p2a: Iron Hands\n|-supereffective|p2a: Iron Hands\n|-damage|p2a: Iron Hands|13\/100\n|move|p2a: Iron Hands|Drain Punch|p1a: Kyogre\n|-damage|p1a: Kyogre|43\/100\n|-heal|p2a: Iron Hands|32\/100|[from] drain|[of] p1a: Kyogre\n|\n|-weather|RainDance|[upkeep]\n|-heal|p1a: Kyogre|49\/100|[from] item: Leftovers\n|upkeep\n|turn|9\n|\n|t:|1698174590\n|move|p1a: Kyogre|Water Spout|p2a: Iron Hands\n|-damage|p2a: Iron Hands|0 fnt\n|faint|p2a: Iron Hands\n|-end|p2a: Iron Hands|Quark Drive|[silent]\n|\n|-weather|RainDance|[upkeep]\n|-heal|p1a: Kyogre|55\/100|[from] item: Leftovers\n|upkeep\n|\n|t:|1698174596\n|switch|p2a: Ribombee|Ribombee, F, shiny|100\/100\n|turn|10\n|\n|t:|1698174608\n|move|p2a: Ribombee|Sticky Web|p1a: Kyogre\n|-sidestart|p1: GRUBBYTHEFASTEST|move: Sticky Web\n|move|p1a: Kyogre|Water Spout|p2a: Ribombee\n|-enditem|p2a: Ribombee|Focus Sash\n|-damage|p2a: Ribombee|1\/100\n|\n|-weather|RainDance|[upkeep]\n|-heal|p1a: Kyogre|61\/100|[from] item: Leftovers\n|upkeep\n|turn|11\n|\n|t:|1698174615\n|move|p2a: Ribombee|Moonblast|p1a: Kyogre\n|-damage|p1a: Kyogre|30\/100\n|move|p1a: Kyogre|Thunder|p2a: Ribombee\n|-damage|p2a: Ribombee|0 fnt\n|faint|p2a: Ribombee\n|\n|-weather|RainDance|[upkeep]\n|-heal|p1a: Kyogre|37\/100|[from] item: Leftovers\n|upkeep\n|\n|t:|1698174634\n|switch|p2a: Miraidon|Miraidon|100\/100\n|-fieldstart|move: Electric Terrain|[from] ability: Hadron Engine|[of] p2a: Miraidon\n|-item|p2a: Miraidon|Air Balloon\n|turn|12\n|\n|t:|1698174641\n|move|p2a: Miraidon|Calm Mind|p2a: Miraidon\n|-boost|p2a: Miraidon|spa|1\n|-boost|p2a: Miraidon|spd|1\n|move|p1a: Kyogre|Earthquake|p2a: Miraidon\n|-immune|p2a: Miraidon\n|\n|-weather|none\n|-heal|p1a: Kyogre|43\/100|[from] item: Leftovers\n|upkeep\n|turn|13\n|\n|t:|1698174648\n|move|p2a: Miraidon|Calm Mind|p2a: Miraidon\n|-boost|p2a: Miraidon|spa|1\n|-boost|p2a: Miraidon|spd|1\n|move|p1a: Kyogre|Water Spout|p2a: Miraidon\n|-resisted|p2a: Miraidon\n|-damage|p2a: Miraidon|93\/100\n|-enditem|p2a: Miraidon|Air Balloon\n|\n|-heal|p1a: Kyogre|49\/100|[from] item: Leftovers\n|upkeep\n|turn|14\n|\n|t:|1698174656\n|move|p2a: Miraidon|Electro Drift|p1a: Kyogre\n|-supereffective|p1a: Kyogre\n|-damage|p1a: Kyogre|0 fnt\n|faint|p1a: Kyogre\n|\n|upkeep\n|\n|t:|1698174663\n|switch|p1a: robo bunny|Magearna|100\/100\n|-activate|p1a: robo bunny|move: Sticky Web\n|-unboost|p1a: robo bunny|spe|1\n|turn|15\n|\n|t:|1698174667\n|move|p2a: Miraidon|Electro Drift|p1a: robo bunny\n|-damage|p1a: robo bunny|0 fnt\n|faint|p1a: robo bunny\n|\n|upkeep\n|\n|t:|1698174669\n|switch|p1a: Cloyster|Cloyster, M|100\/100\n|-activate|p1a: Cloyster|move: Sticky Web\n|-unboost|p1a: Cloyster|spe|1\n|turn|16\n|\n|t:|1698174672\n|move|p2a: Miraidon|Electro Drift|p1a: Cloyster\n|-supereffective|p1a: Cloyster\n|-damage|p1a: Cloyster|0 fnt\n|faint|p1a: Cloyster\n|\n|win|Anne Frankkkk\n|raw|GRUBBYTHEFASTEST's rating: 1086 &rarr; <strong>1067<\/strong><br \/>(-19 for losing)\n|raw|Anne Frankkkk's rating: 1141 &rarr; <strong>1162<\/strong><br \/>(+21 for winning)\n|l|\u2606GRUBBYTHEFASTEST\n","uploadtime":1698174680,"views":8,"p1id":"grubbythefastest","p2id":"annefrankkkk","formatid":"gen9ubers","rating":1067,"private":0,"password":""}