{"id":"gen9ubers-1982959275","p1":"OUVT Greatest Show","p2":"SilverSlime","format":"[Gen 9] Ubers","log":"|j|\u2606OUVT Greatest Show\n|j|\u2606SilverSlime\n|t:|1699063317\n|gametype|singles\n|player|p1|OUVT Greatest Show|266|\n|player|p2|SilverSlime|larry|\n|teamsize|p1|6\n|teamsize|p2|6\n|gen|9\n|tier|[Gen 9] Ubers\n|rule|Sleep Clause Mod: Limit one foe put to sleep\n|rule|Species Clause: Limit one of each Pok\u00e9mon\n|rule|OHKO Clause: OHKO moves are banned\n|rule|Evasion Items Clause: Evasion items are banned\n|rule|Evasion Moves Clause: Evasion moves are banned\n|rule|Endless Battle Clause: Forcing endless battles is banned\n|rule|HP Percentage Mod: HP is shown in percentages\n|clearpoke\n|poke|p1|Arceus|\n|poke|p1|Giratina-Origin|\n|poke|p1|Landorus, M|\n|poke|p1|Rayquaza|\n|poke|p1|Groudon|\n|poke|p1|Slowking-Galar, F|\n|poke|p2|Rayquaza|\n|poke|p2|Arceus|\n|poke|p2|Koraidon|\n|poke|p2|Magearna|\n|poke|p2|Klefki, M|\n|poke|p2|Landorus, M|\n|teampreview\n|inactive|Battle timer is ON: inactive players will automatically lose when time's up. (requested by OUVT Greatest Show)\n|inactive|SilverSlime also wants the timer to be on.\n|c|\u2606OUVT Greatest Show|glhf\n|c|\u2606OUVT Greatest Show|sry didnt want to change off of suspect acc\n|\n|t:|1699063340\n|start\n|switch|p1a: Landorus|Landorus, M|100\/100\n|switch|p2a: Koraidon|Koraidon|100\/100\n|-weather|SunnyDay|[from] ability: Orichalcum Pulse|[of] p2a: Koraidon\n|-activate|p2a: Koraidon|Orichalcum Pulse|[source]\n|turn|1\n|c|\u2606SilverSlime|No worries\n|\n|t:|1699063348\n|move|p2a: Koraidon|Fire Blast|p1a: Landorus|[miss]\n|-miss|p2a: Koraidon|p1a: Landorus\n|move|p1a: Landorus|Earth Power|p2a: Koraidon\n|-damage|p2a: Koraidon|30\/100\n|\n|-weather|SunnyDay|[upkeep]\n|upkeep\n|turn|2\n|c|\u2606SilverSlime|Mother fucker--\n|\n|t:|1699063356\n|switch|p1a: Slowking|Slowking-Galar, F|100\/100\n|move|p2a: Koraidon|Fire Blast|p1a: Slowking\n|-damage|p1a: Slowking|64\/100\n|\n|-weather|SunnyDay|[upkeep]\n|upkeep\n|turn|3\n|\n|t:|1699063359\n|move|p2a: Koraidon|Fire Blast|p1a: Slowking\n|-damage|p1a: Slowking|30\/100\n|move|p1a: Slowking|Chilly Reception|p1a: Slowking\n|-weather|Snow\n|c|\u2606SilverSlime|No my fire\n|c|\u2606OUVT Greatest Show|should i go groudon\n|c|\u2606SilverSlime|:(\n|c|\u2606SilverSlime|Sure\n|\n|t:|1699063382\n|switch|p1a: Arceus|Arceus|100\/100|[from] Chilly Reception\n|\n|-weather|Snow|[upkeep]\n|upkeep\n|turn|4\n|\n|t:|1699063389\n|switch|p2a: Klefki|Klefki, M|100\/100\n|move|p1a: Arceus|Extreme Speed|p2a: Klefki\n|-resisted|p2a: Klefki\n|-damage|p2a: Klefki|83\/100\n|\n|-weather|Snow|[upkeep]\n|upkeep\n|turn|5\n|\n|t:|1699063393\n|switch|p1a: Slowking|Slowking-Galar, F|64\/100\n|move|p2a: Klefki|Reflect|p2a: Klefki\n|-sidestart|p2: SilverSlime|Reflect\n|\n|-weather|Snow|[upkeep]\n|upkeep\n|turn|6\n|\n|t:|1699063398\n|move|p2a: Klefki|Spikes|p1a: Slowking\n|-sidestart|p1: OUVT Greatest Show|Spikes\n|move|p1a: Slowking|Yawn|p2a: Klefki\n|-start|p2a: Klefki|move: Yawn|[of] p1a: Slowking\n|\n|-weather|Snow|[upkeep]\n|upkeep\n|turn|7\n|\n|t:|1699063406\n|switch|p2a: Landorus|Landorus, M|100\/100\n|move|p1a: Slowking|Chilly Reception|p1a: Slowking\n|\n|t:|1699063412\n|switch|p1a: Groudon|Groudon|100\/100|[from] Chilly Reception\n|-damage|p1a: Groudon|88\/100|[from] Spikes\n|-weather|SunnyDay|[from] ability: Drought|[of] p1a: Groudon\n|\n|-weather|SunnyDay|[upkeep]\n|-heal|p1a: Groudon|94\/100|[from] item: Leftovers\n|upkeep\n|turn|8\n|\n|t:|1699063426\n|-terastallize|p2a: Landorus|Water\n|move|p2a: Landorus|Earth Power|p1a: Groudon\n|-damage|p1a: Groudon|44\/100\n|move|p1a: Groudon|Lava Plume|p2a: Landorus\n|-resisted|p2a: Landorus\n|-damage|p2a: Landorus|82\/100\n|\n|-weather|SunnyDay|[upkeep]\n|-heal|p1a: Groudon|50\/100|[from] item: Leftovers\n|upkeep\n|turn|9\n|\n|t:|1699063436\n|switch|p1a: Giratina|Giratina-Origin|100\/100\n|move|p2a: Landorus|Earth Power|p1a: Giratina\n|-immune|p1a: Giratina|[from] ability: Levitate\n|\n|-weather|SunnyDay|[upkeep]\n|upkeep\n|turn|10\n|\n|t:|1699063443\n|switch|p2a: Klefki|Klefki, M|83\/100\n|move|p1a: Giratina|Will-O-Wisp|p2a: Klefki\n|-status|p2a: Klefki|brn\n|\n|-weather|SunnyDay|[upkeep]\n|-damage|p2a: Klefki|77\/100 brn|[from] brn\n|upkeep\n|turn|11\n|\n|t:|1699063446\n|move|p2a: Klefki|Spikes|p1a: Giratina\n|-sidestart|p1: OUVT Greatest Show|Spikes\n|move|p1a: Giratina|Defog|p2a: Klefki\n|-unboost|p2a: Klefki|evasion|1\n|-sideend|p2: SilverSlime|Reflect\n|-sideend|p1: OUVT Greatest Show|Spikes|[from] move: Defog|[of] p1a: Giratina\n|\n|-weather|none\n|-damage|p2a: Klefki|71\/100 brn|[from] brn\n|upkeep\n|turn|12\n|\n|t:|1699063451\n|move|p2a: Klefki|Thunder Wave|p1a: Giratina\n|-status|p1a: Giratina|par\n|move|p1a: Giratina|Hex|p2a: Klefki\n|-damage|p2a: Klefki|0 fnt\n|faint|p2a: Klefki\n|\n|upkeep\n|\n|t:|1699063461\n|switch|p2a: Rayquaza|Rayquaza|100\/100\n|-ability|p2a: Rayquaza|Air Lock\n|turn|13\n|\n|t:|1699063468\n|move|p2a: Rayquaza|Swords Dance|p2a: Rayquaza\n|-boost|p2a: Rayquaza|atk|2\n|cant|p1a: Giratina|par\n|\n|upkeep\n|turn|14\n|\n|t:|1699063476\n|move|p2a: Rayquaza|Scale Shot|p1a: Giratina\n|-supereffective|p1a: Giratina\n|-damage|p1a: Giratina|59\/100 par\n|-supereffective|p1a: Giratina\n|-damage|p1a: Giratina|17\/100 par\n|-supereffective|p1a: Giratina\n|-damage|p1a: Giratina|0 fnt\n|faint|p1a: Giratina\n|-hitcount|p1: Giratina|3\n|-unboost|p2a: Rayquaza|def|1\n|-boost|p2a: Rayquaza|spe|1\n|\n|upkeep\n|\n|t:|1699063479\n|switch|p1a: Arceus|Arceus|100\/100\n|turn|15\n|c|\u2606SilverSlime|Hell yeah\n|j| angl3r\n|\n|t:|1699063494\n|switch|p2a: Koraidon|Koraidon|30\/100\n|-weather|SunnyDay|[from] ability: Orichalcum Pulse|[of] p2a: Koraidon\n|-activate|p2a: Koraidon|Orichalcum Pulse|[source]\n|switch|p1a: Groudon|Groudon|50\/100\n|\n|-weather|SunnyDay|[upkeep]\n|-heal|p1a: Groudon|56\/100|[from] item: Leftovers\n|upkeep\n|turn|16\n|\n|t:|1699063509\n|move|p2a: Koraidon|Fire Blast|p1a: Groudon\n|-damage|p1a: Groudon|27\/100\n|move|p1a: Groudon|Stealth Rock|p2a: Koraidon\n|-sidestart|p2: SilverSlime|move: Stealth Rock\n|\n|-weather|SunnyDay|[upkeep]\n|-heal|p1a: Groudon|33\/100|[from] item: Leftovers\n|upkeep\n|turn|17\n|\n|t:|1699063517\n|move|p2a: Koraidon|Fire Blast|p1a: Groudon\n|-damage|p1a: Groudon|5\/100\n|move|p1a: Groudon|Spikes|p2a: Koraidon\n|-sidestart|p2: SilverSlime|Spikes\n|\n|-weather|SunnyDay|[upkeep]\n|-heal|p1a: Groudon|11\/100|[from] item: Leftovers\n|upkeep\n|turn|18\n|c| angl3r|Why is bro using crispin\n|\n|t:|1699063521\n|switch|p1a: Slowking|Slowking-Galar, F|97\/100\n|move|p2a: Koraidon|Fire Blast|p1a: Slowking\n|-damage|p1a: Slowking|60\/100\n|\n|-weather|SunnyDay|[upkeep]\n|upkeep\n|turn|19\n|\n|t:|1699063525\n|move|p2a: Koraidon|Fire Blast|p1a: Slowking\n|-damage|p1a: Slowking|24\/100\n|move|p1a: Slowking|Chilly Reception|p1a: Slowking\n|-weather|Snow\n|\n|t:|1699063530\n|switch|p1a: Rayquaza|Rayquaza|100\/100|[from] Chilly Reception\n|-ability|p1a: Rayquaza|Air Lock\n|\n|-weather|Snow|[upkeep]\n|upkeep\n|turn|20\n|\n|t:|1699063537\n|switch|p2a: Magearna|Magearna|100\/100\n|-damage|p2a: Magearna|95\/100|[from] Stealth Rock\n|-damage|p2a: Magearna|82\/100|[from] Spikes\n|move|p1a: Rayquaza|Swords Dance|p1a: Rayquaza\n|-boost|p1a: Rayquaza|atk|2\n|\n|-weather|Snow|[upkeep]\n|-heal|p2a: Magearna|88\/100|[from] item: Leftovers\n|upkeep\n|turn|21\n|\n|t:|1699063541\n|move|p1a: Rayquaza|Earthquake|p2a: Magearna\n|-supereffective|p2a: Magearna\n|-damage|p2a: Magearna|0 fnt\n|faint|p2a: Magearna\n|\n|-weather|Snow|[upkeep]\n|upkeep\n|\n|t:|1699063544\n|switch|p2a: Koraidon|Koraidon|30\/100\n|-damage|p2a: Koraidon|23\/100|[from] Stealth Rock\n|-damage|p2a: Koraidon|11\/100|[from] Spikes\n|-weather|SunnyDay|[from] ability: Orichalcum Pulse|[of] p2a: Koraidon\n|-activate|p2a: Koraidon|Orichalcum Pulse|[source]\n|turn|22\n|\n|t:|1699063546\n|move|p1a: Rayquaza|Extreme Speed|p2a: Koraidon\n|-damage|p2a: Koraidon|0 fnt\n|faint|p2a: Koraidon\n|\n|-weather|SunnyDay|[upkeep]\n|upkeep\n|\n|t:|1699063555\n|switch|p2a: Arceus|Arceus|100\/100\n|-damage|p2a: Arceus|88\/100|[from] Stealth Rock\n|-damage|p2a: Arceus|76\/100|[from] Spikes\n|turn|23\n|\n|t:|1699063559\n|move|p2a: Arceus|Extreme Speed|p1a: Rayquaza\n|-damage|p1a: Rayquaza|43\/100\n|move|p1a: Rayquaza|Dragon Ascent|p2a: Arceus\n|-damage|p2a: Arceus|0 fnt\n|-unboost|p1a: Rayquaza|def|1\n|-unboost|p1a: Rayquaza|spd|1\n|faint|p2a: Arceus\n|\n|-weather|SunnyDay|[upkeep]\n|upkeep\n|\n|t:|1699063563\n|switch|p2a: Rayquaza|Rayquaza|100\/100\n|-damage|p2a: Rayquaza|76\/100|[from] Stealth Rock\n|-ability|p2a: Rayquaza|Air Lock\n|turn|24\n|\n|t:|1699063567\n|move|p2a: Rayquaza|Extreme Speed|p1a: Rayquaza\n|-damage|p1a: Rayquaza|0 fnt\n|faint|p1a: Rayquaza\n|\n|-weather|SunnyDay|[upkeep]\n|upkeep\n|\n|t:|1699063571\n|switch|p1a: Slowking|Slowking-Galar, F|58\/100\n|turn|25\n|\n|t:|1699063579\n|move|p2a: Rayquaza|Scale Shot|p1a: Slowking\n|-damage|p1a: Slowking|48\/100\n|-damage|p1a: Slowking|37\/100\n|-damage|p1a: Slowking|27\/100\n|-damage|p1a: Slowking|16\/100\n|-hitcount|p1a: Slowking|4\n|-unboost|p2a: Rayquaza|def|1\n|-boost|p2a: Rayquaza|spe|1\n|move|p1a: Slowking|Thunder Wave|p2a: Rayquaza\n|-status|p2a: Rayquaza|par\n|\n|-weather|SunnyDay|[upkeep]\n|upkeep\n|turn|26\n|\n|t:|1699063587\n|move|p2a: Rayquaza|Scale Shot|p1a: Slowking\n|-damage|p1a: Slowking|6\/100\n|-damage|p1a: Slowking|0 fnt\n|faint|p1a: Slowking\n|-hitcount|p1: Slowking|2\n|-unboost|p2a: Rayquaza|def|1\n|-boost|p2a: Rayquaza|spe|1\n|\n|-weather|none\n|upkeep\n|\n|t:|1699063589\n|switch|p1a: Arceus|Arceus|100\/100\n|turn|27\n|\n|t:|1699063592\n|switch|p2a: Landorus|Landorus, M, tera:Water|82\/100\n|-damage|p2a: Landorus|69\/100|[from] Stealth Rock\n|-damage|p2a: Landorus|57\/100|[from] Spikes\n|move|p1a: Arceus|Swords Dance|p1a: Arceus\n|-boost|p1a: Arceus|atk|2\n|\n|upkeep\n|turn|28\n|\n|t:|1699063596\n|-terastallize|p1a: Arceus|Normal\n|move|p1a: Arceus|Extreme Speed|p2a: Landorus\n|-damage|p2a: Landorus|0 fnt\n|faint|p2a: Landorus\n|\n|upkeep\n|-message|SilverSlime forfeited.\n|\n|win|OUVT Greatest Show\n|l|\u2606SilverSlime\n","uploadtime":1699063602,"views":20,"p1id":"ouvtgreatestshow","p2id":"silverslime","formatid":"gen9ubers","rating":0,"private":0,"password":""}