{"id":"gen9ubers-1996348069","p1":"no more freeze","p2":"Sasha2808","format":"[Gen 9] Ubers","log":"|j|\u2606no more freeze\n|j|\u2606Sasha2808\n|t:|1700673480\n|gametype|singles\n|player|p1|no more freeze|101|1535\n|player|p2|Sasha2808|misty-gen2|1538\n|teamsize|p1|6\n|teamsize|p2|6\n|gen|9\n|tier|[Gen 9] Ubers\n|rated|\n|rule|Sleep Clause Mod: Limit one foe put to sleep\n|rule|Species Clause: Limit one of each Pok\u00e9mon\n|rule|OHKO Clause: OHKO moves are banned\n|rule|Evasion Items Clause: Evasion items are banned\n|rule|Evasion Moves Clause: Evasion moves are banned\n|rule|Endless Battle Clause: Forcing endless battles is banned\n|rule|HP Percentage Mod: HP is shown in percentages\n|clearpoke\n|poke|p1|Ribombee, F|\n|poke|p1|Koraidon|\n|poke|p1|Arceus-Ghost|\n|poke|p1|Zacian-*|\n|poke|p1|Baxcalibur, M|\n|poke|p1|Great Tusk|\n|poke|p2|Ribombee, F|\n|poke|p2|Koraidon|\n|poke|p2|Miraidon|\n|poke|p2|Rayquaza|\n|poke|p2|Basculegion, M|\n|poke|p2|Arceus-Ground|\n|teampreview\n|inactive|Battle timer is ON: inactive players will automatically lose when time's up. (requested by no more freeze)\n|\n|t:|1700673483\n|start\n|switch|p1a: Sticky Mantis|Ribombee, F|100\/100\n|switch|p2a: Ribombee|Ribombee, F|100\/100\n|turn|1\n|\n|t:|1700673487\n|move|p2a: Ribombee|Sticky Web|p1a: Sticky Mantis\n|-sidestart|p1: no more freeze|move: Sticky Web\n|move|p1a: Sticky Mantis|Sticky Web|p2a: Ribombee\n|-sidestart|p2: Sasha2808|move: Sticky Web\n|\n|upkeep\n|turn|2\n|\n|t:|1700673491\n|move|p2a: Ribombee|Moonblast|p1a: Sticky Mantis\n|-damage|p1a: Sticky Mantis|36\/100\n|move|p1a: Sticky Mantis|Tailwind|p1a: Sticky Mantis\n|-sidestart|p1: no more freeze|move: Tailwind\n|\n|upkeep\n|turn|3\n|\n|t:|1700673495\n|move|p1a: Sticky Mantis|Moonblast|p2a: Ribombee\n|-damage|p2a: Ribombee|35\/100\n|move|p2a: Ribombee|Moonblast|p1a: Sticky Mantis\n|-damage|p1a: Sticky Mantis|0 fnt\n|faint|p1a: Sticky Mantis\n|\n|upkeep\n|\n|t:|1700673506\n|switch|p1a: The Sorrow|Arceus-Ghost|100\/100\n|-activate|p1a: The Sorrow|move: Sticky Web\n|-unboost|p1a: The Sorrow|spe|1\n|turn|4\n|\n|t:|1700673510\n|move|p1a: The Sorrow|Judgment|p2a: Ribombee\n|-damage|p2a: Ribombee|0 fnt\n|faint|p2a: Ribombee\n|\n|upkeep\n|\n|t:|1700673513\n|switch|p2a: Basculegion|Basculegion, M|100\/100\n|-activate|p2a: Basculegion|move: Sticky Web\n|-unboost|p2a: Basculegion|spe|1\n|turn|5\n|\n|t:|1700673521\n|move|p1a: The Sorrow|Judgment|p2a: Basculegion\n|-supereffective|p2a: Basculegion\n|-damage|p2a: Basculegion|0 fnt\n|faint|p2a: Basculegion\n|\n|-sideend|p1: no more freeze|move: Tailwind\n|upkeep\n|\n|t:|1700673527\n|switch|p2a: Miraidon|Miraidon|100\/100\n|-activate|p2a: Miraidon|move: Sticky Web\n|-unboost|p2a: Miraidon|spe|1\n|-fieldstart|move: Electric Terrain|[from] ability: Hadron Engine|[of] p2a: Miraidon\n|turn|6\n|\n|t:|1700673531\n|switch|p1a: Revolver Tusk|Great Tusk|100\/100\n|move|p2a: Miraidon|Electro Drift|p1a: Revolver Tusk\n|-immune|p1a: Revolver Tusk\n|\n|upkeep\n|turn|7\n|\n|t:|1700673536\n|switch|p2a: Rayquaza|Rayquaza|100\/100\n|-ability|p2a: Rayquaza|Air Lock\n|move|p1a: Revolver Tusk|Rapid Spin|p2a: Rayquaza\n|-damage|p2a: Rayquaza|81\/100\n|-boost|p1a: Revolver Tusk|spe|1\n|-sideend|p1: no more freeze|Sticky Web|[from] move: Rapid Spin|[of] p1a: Revolver Tusk\n|\n|upkeep\n|turn|8\n|\n|t:|1700673545\n|move|p1a: Revolver Tusk|Ice Spinner|p2a: Rayquaza\n|-supereffective|p2a: Rayquaza\n|-damage|p2a: Rayquaza|0 fnt\n|-fieldend|move: Electric Terrain\n|faint|p2a: Rayquaza\n|\n|upkeep\n|\n|t:|1700673549\n|switch|p2a: Koraidon|Koraidon|100\/100\n|-activate|p2a: Koraidon|move: Sticky Web\n|-unboost|p2a: Koraidon|spe|1\n|-weather|SunnyDay|[from] ability: Orichalcum Pulse|[of] p2a: Koraidon\n|-activate|p1a: Revolver Tusk|ability: Protosynthesis\n|-start|p1a: Revolver Tusk|protosynthesisspe\n|-activate|p2a: Koraidon|Orichalcum Pulse|[source]\n|turn|9\n|\n|t:|1700673553\n|move|p1a: Revolver Tusk|Bulk Up|p1a: Revolver Tusk\n|-boost|p1a: Revolver Tusk|atk|1\n|-boost|p1a: Revolver Tusk|def|1\n|move|p2a: Koraidon|Swords Dance|p2a: Koraidon\n|-boost|p2a: Koraidon|atk|2\n|\n|-weather|SunnyDay|[upkeep]\n|upkeep\n|turn|10\n|\n|t:|1700673557\n|move|p1a: Revolver Tusk|Ice Spinner|p2a: Koraidon\n|-supereffective|p2a: Koraidon\n|-crit|p2a: Koraidon\n|-damage|p2a: Koraidon|0 fnt\n|faint|p2a: Koraidon\n|\n|-weather|SunnyDay|[upkeep]\n|upkeep\n|j| Waynner\n|l| Waynner\n|\n|t:|1700673586\n|switch|p2a: Arceus|Arceus-Ground|100\/100\n|-activate|p2a: Arceus|move: Sticky Web\n|-unboost|p2a: Arceus|spe|1\n|turn|11\n|\n|t:|1700673589\n|move|p1a: Revolver Tusk|Ice Spinner|p2a: Arceus\n|-supereffective|p2a: Arceus\n|-damage|p2a: Arceus|39\/100\n|move|p2a: Arceus|Swords Dance|p2a: Arceus\n|-boost|p2a: Arceus|atk|2\n|\n|-weather|SunnyDay|[upkeep]\n|upkeep\n|turn|12\n|\n|t:|1700673591\n|move|p1a: Revolver Tusk|Ice Spinner|p2a: Arceus\n|-supereffective|p2a: Arceus\n|-damage|p2a: Arceus|0 fnt\n|faint|p2a: Arceus\n|\n|-weather|SunnyDay|[upkeep]\n|upkeep\n|-message|Sasha2808 forfeited.\n|\n|win|no more freeze\n|raw|no more freeze's rating: 1535 &rarr; <strong>1555<\/strong><br \/>(+20 for winning)\n|raw|Sasha2808's rating: 1538 &rarr; <strong>1518<\/strong><br \/>(-20 for losing)\n|l|\u2606Sasha2808\n","uploadtime":1700673602,"views":3,"p1id":"nomorefreeze","p2id":"sasha2808","formatid":"gen9ubers","rating":1518,"private":0,"password":""}