{"id":"gen9ubers-1996434554","p1":"iceberg149","p2":"hatev2","format":"[Gen 9] Ubers","log":"|j|\u2606iceberg149\n|j|\u2606hatev2\n|t:|1700681672\n|gametype|singles\n|player|p1|iceberg149|ethan|\n|player|p2|hatev2|hiker-gen4|\n|teamsize|p1|6\n|teamsize|p2|6\n|gen|9\n|tier|[Gen 9] Ubers\n|rule|Sleep Clause Mod: Limit one foe put to sleep\n|rule|Species Clause: Limit one of each Pok\u00e9mon\n|rule|OHKO Clause: OHKO moves are banned\n|rule|Evasion Items Clause: Evasion items are banned\n|rule|Evasion Moves Clause: Evasion moves are banned\n|rule|Endless Battle Clause: Forcing endless battles is banned\n|rule|HP Percentage Mod: HP is shown in percentages\n|clearpoke\n|poke|p1|Mew|\n|poke|p1|Ursaluna-Bloodmoon, M|\n|poke|p1|Sneasler, F|\n|poke|p1|Gastrodon-East, F|\n|poke|p1|Muk-Alola, F|\n|poke|p1|Flareon, F|\n|poke|p2|Klefki, F|\n|poke|p2|Enamorus, F|\n|poke|p2|Glaceon, F|\n|poke|p2|Dragapult, M|\n|poke|p2|Zarude|\n|poke|p2|Iron Treads|\n|teampreview\n|j| curtisthecacnea\n|c|\u2606hatev2|gl\n|c|\u2606iceberg149|hf\n|l|\u2606iceberg149\n|player|p1|\n|j|\u2606iceberg149\n|player|p1|iceberg149|ethan\n|\n|t:|1700681779\n|start\n|switch|p1a: Barbie cue|Flareon, F, shiny|100\/100\n|switch|p2a: Forgis on the jeep|Iron Treads|100\/100\n|-enditem|p2a: Forgis on the jeep|Booster Energy\n|-activate|p2a: Forgis on the jeep|ability: Quark Drive|[fromitem]\n|-start|p2a: Forgis on the jeep|quarkdrivespe\n|turn|1\n|\n|t:|1700681807\n|move|p2a: Forgis on the jeep|Earthquake|p1a: Barbie cue\n|-supereffective|p1a: Barbie cue\n|-damage|p1a: Barbie cue|9\/100\n|move|p1a: Barbie cue|Will-O-Wisp|p2a: Forgis on the jeep\n|-status|p2a: Forgis on the jeep|brn\n|\n|-damage|p2a: Forgis on the jeep|94\/100 brn|[from] brn\n|upkeep\n|turn|2\n|\n|t:|1700681873\n|switch|p1a: Scary Feet!|Ursaluna-Bloodmoon, M|100\/100\n|move|p2a: Forgis on the jeep|Iron Head|p1a: Scary Feet!\n|-damage|p1a: Scary Feet!|89\/100\n|\n|-damage|p2a: Forgis on the jeep|88\/100 brn|[from] brn\n|upkeep\n|turn|3\n|\n|t:|1700681909\n|-end|p2a: Forgis on the jeep|Quark Drive|[silent]\n|switch|p2a: The Zarude >:(|Zarude|100\/100\n|move|p1a: Scary Feet!|Blood Moon|p2a: The Zarude >:(\n|-damage|p2a: The Zarude >:(|22\/100\n|\n|upkeep\n|turn|4\n|\n|t:|1700681986\n|switch|p2a: Baby Distraction|Klefki, F|100\/100\n|move|p1a: Scary Feet!|Vacuum Wave|p2a: Baby Distraction\n|-damage|p2a: Baby Distraction|82\/100\n|\n|upkeep\n|turn|5\n|\n|t:|1700682003\n|move|p2a: Baby Distraction|Reflect|p2a: Baby Distraction\n|-sidestart|p2: hatev2|Reflect\n|move|p1a: Scary Feet!|Earth Power|p2a: Baby Distraction\n|-supereffective|p2a: Baby Distraction\n|-damage|p2a: Baby Distraction|0 fnt\n|faint|p2a: Baby Distraction\n|\n|upkeep\n|\n|t:|1700682071\n|switch|p2a: Blicky 9000|Enamorus, F|100\/100\n|turn|6\n|\n|t:|1700682088\n|move|p2a: Blicky 9000|Superpower|p1a: Scary Feet!\n|-supereffective|p1a: Scary Feet!\n|-damage|p1a: Scary Feet!|20\/100\n|-boost|p2a: Blicky 9000|atk|1\n|-boost|p2a: Blicky 9000|def|1\n|move|p1a: Scary Feet!|Blood Moon|p2a: Blicky 9000\n|-damage|p2a: Blicky 9000|0 fnt\n|faint|p2a: Blicky 9000\n|\n|upkeep\n|\n|t:|1700682110\n|switch|p2a: AC-130|Dragapult, M|100\/100\n|turn|7\n|\n|t:|1700682147\n|move|p2a: AC-130|Dragon Darts|p1a: Scary Feet!\n|-damage|p1a: Scary Feet!|3\/100\n|-anim|p2a: AC-130|Dragon Darts|p1a: Scary Feet!\n|-damage|p1a: Scary Feet!|0 fnt\n|faint|p1a: Scary Feet!\n|\n|upkeep\n|\n|t:|1700682181\n|switch|p1a: me|Muk-Alola, F, shiny|100\/100\n|turn|8\n|\n|t:|1700682218\n|move|p2a: AC-130|Dragon Darts|p1a: me\n|-damage|p1a: me|83\/100\n|-anim|p2a: AC-130|Dragon Darts|p1a: me\n|-damage|p1a: me|65\/100\n|move|p1a: me|Curse|p1a: me\n|-unboost|p1a: me|spe|1\n|-boost|p1a: me|atk|1\n|-boost|p1a: me|def|1\n|\n|-heal|p1a: me|71\/100|[from] item: Leftovers\n|upkeep\n|turn|9\n|\n|t:|1700682242\n|switch|p2a: Forgis on the jeep|Iron Treads|88\/100 brn\n|move|p1a: me|Knock Off|p2a: Forgis on the jeep\n|-damage|p2a: Forgis on the jeep|71\/100 brn\n|\n|-heal|p1a: me|78\/100|[from] item: Leftovers\n|-damage|p2a: Forgis on the jeep|64\/100 brn|[from] brn\n|upkeep\n|turn|10\n|\n|t:|1700682288\n|switch|p1a: A Slug -David 2023|Gastrodon-East, F|100\/100\n|move|p2a: Forgis on the jeep|Earthquake|p1a: A Slug -David 2023\n|-damage|p1a: A Slug -David 2023|79\/100\n|\n|-damage|p2a: Forgis on the jeep|58\/100 brn|[from] brn\n|upkeep\n|turn|11\n|j| Manatsu\n|\n|t:|1700682305\n|-end|p2a: Forgis on the jeep|Quark Drive|[silent]\n|switch|p2a: Milf|Glaceon, F|100\/100\n|move|p1a: A Slug -David 2023|Spikes|p2a: Milf\n|-sidestart|p2: hatev2|Spikes\n|\n|upkeep\n|turn|12\n|\n|t:|1700682363\n|switch|p1a: Bingus|Mew, shiny|100\/100\n|move|p2a: Milf|Freeze-Dry|p1a: Bingus\n|-damage|p1a: Bingus|42\/100\n|\n|-sideend|p2: hatev2|Reflect\n|upkeep\n|turn|13\n|\n|t:|1700682384\n|-terastallize|p2a: Milf|Water\n|move|p1a: Bingus|Aura Sphere|p2a: Milf\n|-damage|p2a: Milf|73\/100\n|move|p2a: Milf|Freeze-Dry|p1a: Bingus\n|-damage|p1a: Bingus|0 fnt\n|faint|p1a: Bingus\n|\n|upkeep\n|\n|t:|1700682461\n|switch|p1a: me|Muk-Alola, F, shiny|78\/100\n|turn|14\n|\n|t:|1700682475\n|switch|p2a: Forgis on the jeep|Iron Treads|58\/100 brn\n|-damage|p2a: Forgis on the jeep|46\/100 brn|[from] Spikes\n|move|p1a: me|Knock Off|p2a: Forgis on the jeep\n|-damage|p2a: Forgis on the jeep|24\/100 brn\n|\n|-heal|p1a: me|84\/100|[from] item: Leftovers\n|-damage|p2a: Forgis on the jeep|18\/100 brn|[from] brn\n|upkeep\n|turn|15\n|\n|t:|1700682526\n|switch|p1a: Swiper|Sneasler, F|100\/100\n|-item|p1a: Swiper|Air Balloon\n|move|p2a: Forgis on the jeep|Rapid Spin|p1a: Swiper\n|-damage|p1a: Swiper|87\/100\n|-boost|p2a: Forgis on the jeep|spe|1\n|-enditem|p1a: Swiper|Air Balloon\n|-sideend|p2: hatev2|Spikes|[from] move: Rapid Spin|[of] p2a: Forgis on the jeep\n|\n|-damage|p2a: Forgis on the jeep|11\/100 brn|[from] brn\n|upkeep\n|turn|16\n|l| Manatsu\n|j| Manatsu\n|\n|t:|1700682776\n|move|p1a: Swiper|Close Combat|p2a: Forgis on the jeep\n|-supereffective|p2a: Forgis on the jeep\n|-damage|p2a: Forgis on the jeep|0 fnt\n|-unboost|p1a: Swiper|def|1\n|-unboost|p1a: Swiper|spd|1\n|faint|p2a: Forgis on the jeep\n|-end|p2a: Forgis on the jeep|Quark Drive|[silent]\n|\n|upkeep\n|\n|t:|1700682787\n|switch|p2a: AC-130|Dragapult, M|100\/100\n|turn|17\n|\n|t:|1700682887\n|switch|p1a: me|Muk-Alola, F, shiny|84\/100\n|move|p2a: AC-130|Psychic Fangs|p1a: me\n|-immune|p1a: me\n|\n|-heal|p1a: me|90\/100|[from] item: Leftovers\n|upkeep\n|turn|18\n|\n|t:|1700682958\n|switch|p2a: Milf|Glaceon, F, tera:Water|73\/100\n|move|p1a: me|Poison Jab|p2a: Milf\n|-crit|p2a: Milf\n|-damage|p2a: Milf|21\/100\n|-status|p2a: Milf|psn|[from] ability: Poison Touch|[of] p1a: me\n|\n|-heal|p1a: me|96\/100|[from] item: Leftovers\n|-damage|p2a: Milf|8\/100 psn|[from] psn\n|upkeep\n|turn|19\n|l| Manatsu\n|c|\u2606hatev2|crit poison is fucked up\n|\n|t:|1700683001\n|switch|p1a: Barbie cue|Flareon, F, shiny|9\/100\n|move|p2a: Milf|Freeze-Dry|p1a: Barbie cue\n|-resisted|p1a: Barbie cue\n|-damage|p1a: Barbie cue|0 fnt\n|faint|p1a: Barbie cue\n|\n|-damage|p2a: Milf|0 fnt|[from] psn\n|faint|p2a: Milf\n|upkeep\n|\n|t:|1700683017\n|switch|p2a: The Zarude >:(|Zarude|22\/100\n|switch|p1a: me|Muk-Alola, F, shiny|96\/100\n|turn|20\n|\n|t:|1700683041\n|move|p2a: The Zarude >:(|Close Combat|p1a: me\n|-damage|p1a: me|52\/100\n|-unboost|p2a: The Zarude >:(|def|1\n|-unboost|p2a: The Zarude >:(|spd|1\n|move|p1a: me|Poison Jab|p2a: The Zarude >:(\n|-supereffective|p2a: The Zarude >:(\n|-damage|p2a: The Zarude >:(|0 fnt\n|faint|p2a: The Zarude >:(\n|\n|-heal|p1a: me|58\/100|[from] item: Leftovers\n|upkeep\n|\n|t:|1700683060\n|switch|p2a: AC-130|Dragapult, M|100\/100\n|turn|21\n|c|\u2606hatev2|this knock off sending me to the high heavens\n|\n|t:|1700683081\n|move|p2a: AC-130|Dragon Darts|p1a: me\n|-damage|p1a: me|40\/100\n|-anim|p2a: AC-130|Dragon Darts|p1a: me\n|-damage|p1a: me|21\/100\n|move|p1a: me|Knock Off|p2a: AC-130\n|-supereffective|p2a: AC-130\n|-damage|p2a: AC-130|0 fnt\n|-enditem|p2a: AC-130|Choice Scarf|[from] move: Knock Off|[of] p1a: me\n|faint|p2a: AC-130\n|\n|win|iceberg149\n|c|\u2606hatev2|gg chat\n|c|\u2606iceberg149|you know it m8\n|c|\u2606iceberg149|ggs\n|l| curtisthecacnea\n|c|\u2606hatev2|u got replay?\n|c|\u2606iceberg149|yea\n|c|\u2606hatev2|ty\n|l|\u2606hatev2\n","uploadtime":1700683099,"views":6,"p1id":"iceberg149","p2id":"hatev2","formatid":"gen9ubers","rating":0,"private":0,"password":""}