{"id":"gen9ubers-1993501026","p1":"bennymbs","p2":"frozenly","format":"[Gen 9] Ubers","log":"|j|\u2606bennymbs\n|j|\u2606frozenly\n|t:|1700325328\n|gametype|singles\n|player|p1|bennymbs|mina|\n|player|p2|frozenly|101|\n|teamsize|p1|6\n|teamsize|p2|6\n|gen|9\n|tier|[Gen 9] Ubers\n|rule|Sleep Clause Mod: Limit one foe put to sleep\n|rule|Species Clause: Limit one of each Pok\u00e9mon\n|rule|OHKO Clause: OHKO moves are banned\n|rule|Evasion Items Clause: Evasion items are banned\n|rule|Evasion Moves Clause: Evasion moves are banned\n|rule|Endless Battle Clause: Forcing endless battles is banned\n|rule|HP Percentage Mod: HP is shown in percentages\n|clearpoke\n|poke|p1|Torkoal, F|\n|poke|p1|Walking Wake|\n|poke|p1|Chi-Yu|\n|poke|p1|Arceus-Grass|\n|poke|p1|Zacian-*|\n|poke|p1|Magearna-Original|\n|poke|p2|Magearna|\n|poke|p2|Ursaluna, M|\n|poke|p2|Dialga|\n|poke|p2|Hoopa-Unbound|\n|poke|p2|Cinderace, F|\n|poke|p2|Cresselia, F|\n|teampreview\n|inactive|Battle timer is ON: inactive players will automatically lose when time's up. (requested by bennymbs)\n|\n|t:|1700325362\n|start\n|switch|p1a: Hydrogen Baby|Chi-Yu|100\/100\n|switch|p2a: Cresselia|Cresselia, F|100\/100\n|-ability|p1a: Hydrogen Baby|Beads of Ruin\n|turn|1\n|\n|t:|1700325381\n|switch|p2a: Magearna|Magearna|100\/100\n|move|p1a: Hydrogen Baby|Flamethrower|p2a: Magearna\n|-supereffective|p2a: Magearna\n|-damage|p2a: Magearna|0 fnt\n|faint|p2a: Magearna\n|\n|upkeep\n|\n|t:|1700325391\n|switch|p2a: Ursaluna|Ursaluna, M|100\/100\n|turn|2\n|\n|t:|1700325403\n|-terastallize|p1a: Hydrogen Baby|Fire\n|move|p1a: Hydrogen Baby|Flamethrower|p2a: Ursaluna\n|-damage|p2a: Ursaluna|12\/100\n|move|p2a: Ursaluna|Substitute|p2a: Ursaluna\n|-fail|p2a: Ursaluna|move: Substitute|[weak]\n|\n|-status|p2a: Ursaluna|brn|[from] item: Flame Orb\n|upkeep\n|turn|3\n|\n|t:|1700325416\n|switch|p2a: Cinderace|Cinderace, F|100\/100\n|move|p1a: Hydrogen Baby|Flamethrower|p2a: Cinderace\n|-resisted|p2a: Cinderace\n|-damage|p2a: Cinderace|33\/100\n|\n|upkeep\n|turn|4\n|\n|t:|1700325429\n|move|p2a: Cinderace|Sucker Punch|p1a: Hydrogen Baby\n|-start|p2a: Cinderace|typechange|Dark|[from] ability: Libero\n|-damage|p1a: Hydrogen Baby|42\/100\n|move|p1a: Hydrogen Baby|Flamethrower|p2a: Cinderace\n|-damage|p2a: Cinderace|0 fnt\n|faint|p2a: Cinderace\n|\n|upkeep\n|\n|t:|1700325450\n|switch|p2a: Hoopa|Hoopa-Unbound|100\/100\n|turn|5\n|\n|t:|1700325462\n|switch|p1a: \ud83e\udec0|Torkoal, F|100\/100\n|-weather|SunnyDay|[from] ability: Drought|[of] p1a: \ud83e\udec0\n|move|p2a: Hoopa|Drain Punch|p1a: \ud83e\udec0\n|-damage|p1a: \ud83e\udec0|83\/100\n|\n|-weather|SunnyDay|[upkeep]\n|upkeep\n|turn|6\n|\n|t:|1700325479\n|switch|p2a: Cresselia|Cresselia, F|100\/100\n|move|p1a: \ud83e\udec0|Will-O-Wisp|p2a: Cresselia\n|-status|p2a: Cresselia|brn\n|\n|-weather|SunnyDay|[upkeep]\n|-damage|p2a: Cresselia|94\/100 brn|[from] brn\n|upkeep\n|turn|7\n|\n|t:|1700325487\n|move|p1a: \ud83e\udec0|Stealth Rock|p2a: Cresselia\n|-sidestart|p2: frozenly|move: Stealth Rock\n|move|p2a: Cresselia|Trick Room|p2a: Cresselia\n|-fieldstart|move: Trick Room|[of] p2a: Cresselia\n|\n|-weather|SunnyDay|[upkeep]\n|-heal|p2a: Cresselia|100\/100 brn|[from] item: Leftovers\n|-damage|p2a: Cresselia|94\/100 brn|[from] brn\n|upkeep\n|turn|8\n|\n|t:|1700325499\n|switch|p1a: The Green Stuff|Arceus-Grass|100\/100\n|move|p2a: Cresselia|Calm Mind|p2a: Cresselia\n|-boost|p2a: Cresselia|spa|1\n|-boost|p2a: Cresselia|spd|1\n|\n|-weather|SunnyDay|[upkeep]\n|-heal|p2a: Cresselia|100\/100 brn|[from] item: Leftovers\n|-damage|p2a: Cresselia|94\/100 brn|[from] brn\n|upkeep\n|turn|9\n|\n|t:|1700325508\n|move|p2a: Cresselia|Calm Mind|p2a: Cresselia\n|-boost|p2a: Cresselia|spa|1\n|-boost|p2a: Cresselia|spd|1\n|move|p1a: The Green Stuff|Calm Mind|p1a: The Green Stuff\n|-boost|p1a: The Green Stuff|spa|1\n|-boost|p1a: The Green Stuff|spd|1\n|\n|-weather|SunnyDay|[upkeep]\n|-heal|p2a: Cresselia|100\/100 brn|[from] item: Leftovers\n|-damage|p2a: Cresselia|94\/100 brn|[from] brn\n|upkeep\n|turn|10\n|\n|t:|1700325519\n|move|p2a: Cresselia|Moonblast|p1a: The Green Stuff\n|-damage|p1a: The Green Stuff|86\/100\n|move|p1a: The Green Stuff|Taunt|p2a: Cresselia\n|-start|p2a: Cresselia|move: Taunt\n|\n|-weather|SunnyDay|[upkeep]\n|-heal|p2a: Cresselia|100\/100 brn|[from] item: Leftovers\n|-damage|p2a: Cresselia|94\/100 brn|[from] brn\n|upkeep\n|turn|11\n|\n|t:|1700325528\n|move|p2a: Cresselia|Moonblast|p1a: The Green Stuff\n|-damage|p1a: The Green Stuff|71\/100\n|move|p1a: The Green Stuff|Calm Mind|p1a: The Green Stuff\n|-boost|p1a: The Green Stuff|spa|1\n|-boost|p1a: The Green Stuff|spd|1\n|\n|-weather|SunnyDay|[upkeep]\n|-heal|p2a: Cresselia|100\/100 brn|[from] item: Leftovers\n|-damage|p2a: Cresselia|94\/100 brn|[from] brn\n|-fieldend|move: Trick Room\n|upkeep\n|turn|12\n|\n|t:|1700325537\n|move|p1a: The Green Stuff|Judgment|p2a: Cresselia\n|-damage|p2a: Cresselia|64\/100 brn\n|move|p2a: Cresselia|Moonblast|p1a: The Green Stuff\n|-damage|p1a: The Green Stuff|60\/100\n|\n|-weather|none\n|-heal|p2a: Cresselia|70\/100 brn|[from] item: Leftovers\n|-damage|p2a: Cresselia|64\/100 brn|[from] brn\n|upkeep\n|turn|13\n|\n|t:|1700325546\n|move|p1a: The Green Stuff|Recover|p1a: The Green Stuff\n|-heal|p1a: The Green Stuff|100\/100\n|move|p2a: Cresselia|Moonblast|p1a: The Green Stuff\n|-crit|p1a: The Green Stuff\n|-damage|p1a: The Green Stuff|66\/100\n|\n|-heal|p2a: Cresselia|70\/100 brn|[from] item: Leftovers\n|-damage|p2a: Cresselia|64\/100 brn|[from] brn\n|-end|p2a: Cresselia|move: Taunt\n|upkeep\n|turn|14\n|\n|t:|1700325564\n|switch|p2a: Hoopa|Hoopa-Unbound|100\/100\n|-damage|p2a: Hoopa|88\/100|[from] Stealth Rock\n|move|p1a: The Green Stuff|Taunt|p2a: Hoopa\n|-start|p2a: Hoopa|move: Taunt\n|\n|upkeep\n|turn|15\n|\n|t:|1700325582\n|move|p1a: The Green Stuff|Judgment|p2a: Hoopa\n|-damage|p2a: Hoopa|42\/100\n|move|p2a: Hoopa|Gunk Shot|p1a: The Green Stuff\n|-supereffective|p1a: The Green Stuff\n|-damage|p1a: The Green Stuff|0 fnt\n|faint|p1a: The Green Stuff\n|\n|upkeep\n|\n|t:|1700325591\n|switch|p1a: Hydrogen Baby|Chi-Yu, tera:Fire|42\/100\n|-ability|p1a: Hydrogen Baby|Beads of Ruin\n|turn|16\n|\n|t:|1700325612\n|move|p1a: Hydrogen Baby|Flamethrower|p2a: Hoopa\n|-damage|p2a: Hoopa|0 fnt\n|faint|p2a: Hoopa\n|\n|upkeep\n|\n|t:|1700325621\n|switch|p2a: Cresselia|Cresselia, F|64\/100 brn\n|-damage|p2a: Cresselia|51\/100 brn|[from] Stealth Rock\n|turn|17\n|\n|t:|1700325627\n|move|p1a: Hydrogen Baby|Flamethrower|p2a: Cresselia\n|-damage|p2a: Cresselia|0 fnt\n|faint|p2a: Cresselia\n|\n|upkeep\n|\n|t:|1700325631\n|switch|p2a: Dialga|Dialga|100\/100\n|-damage|p2a: Dialga|94\/100|[from] Stealth Rock\n|-ability|p2a: Dialga|Pressure\n|turn|18\n|\n|t:|1700325639\n|move|p1a: Hydrogen Baby|Flamethrower|p2a: Dialga\n|-damage|p2a: Dialga|15\/100\n|move|p2a: Dialga|Earth Power|p1a: Hydrogen Baby\n|-supereffective|p1a: Hydrogen Baby\n|-damage|p1a: Hydrogen Baby|0 fnt\n|faint|p1a: Hydrogen Baby\n|\n|upkeep\n|c|\u2606bennymbs|Ggs\n|\n|t:|1700325655\n|switch|p1a: Ike Dog|Zacian|100\/100\n|-ability|p1a: Ike Dog|Intrepid Sword|boost\n|-boost|p1a: Ike Dog|atk|1\n|turn|19\n|\n|t:|1700325659\n|move|p1a: Ike Dog|Close Combat|p2a: Dialga\n|-supereffective|p2a: Dialga\n|-damage|p2a: Dialga|0 fnt\n|-unboost|p1a: Ike Dog|def|1\n|-unboost|p1a: Ike Dog|spd|1\n|faint|p2a: Dialga\n|\n|upkeep\n|c|\u2606frozenly|gg\n|\n|t:|1700325666\n|switch|p2a: Ursaluna|Ursaluna, M|12\/100 brn\n|-damage|p2a: Ursaluna|6\/100 brn|[from] Stealth Rock\n|turn|20\n|\n|t:|1700325670\n|move|p1a: Ike Dog|Close Combat|p2a: Ursaluna\n|-supereffective|p2a: Ursaluna\n|-damage|p2a: Ursaluna|0 fnt\n|-unboost|p1a: Ike Dog|def|1\n|-unboost|p1a: Ike Dog|spd|1\n|faint|p2a: Ursaluna\n|\n|win|bennymbs\n","uploadtime":1700325674,"views":22,"p1id":"bennymbs","p2id":"frozenly","formatid":"gen9ubers","rating":0,"private":0,"password":""}