{"id":"gen9ubers-1974442675","p1":"NihilisticWish","p2":"Rei_darkness","format":"[Gen 9] Ubers","log":"|j|\u2606NihilisticWish\n|j|\u2606Rei_darkness\n|t:|1698087357\n|gametype|singles\n|player|p1|NihilisticWish|diantha|\n|player|p2|Rei_darkness|drayden|\n|teamsize|p1|6\n|teamsize|p2|6\n|gen|9\n|tier|[Gen 9] Ubers\n|rule|Sleep Clause Mod: Limit one foe put to sleep\n|rule|Species Clause: Limit one of each Pok\u00e9mon\n|rule|OHKO Clause: OHKO moves are banned\n|rule|Evasion Items Clause: Evasion items are banned\n|rule|Evasion Moves Clause: Evasion moves are banned\n|rule|Endless Battle Clause: Forcing endless battles is banned\n|rule|HP Percentage Mod: HP is shown in percentages\n|clearpoke\n|poke|p1|Toxapex, F|\n|poke|p1|Toxtricity, F|\n|poke|p1|Zoroark-Hisui, F|\n|poke|p1|Rotom-Wash|\n|poke|p1|Copperajah, F|\n|poke|p1|Slowpoke-Galar, F|\n|poke|p2|Slowbro-Galar, M|\n|poke|p2|Klefki, F|\n|poke|p2|Calyrex-Ice|\n|poke|p2|Victreebel, F|\n|poke|p2|Scovillain, F|\n|poke|p2|Koraidon|\n|teampreview\n|c|\u2606Rei_darkness|are you the guy that beat all of the council members with slowpoke galar\n|\n|t:|1698087379\n|start\n|switch|p1a: Rotom|Rotom-Wash|100\/100\n|switch|p2a: Klefki|Klefki, F|100\/100\n|turn|1\n|c|\u2606NihilisticWish|No\n|\n|t:|1698087389\n|move|p2a: Klefki|Light Screen|p2a: Klefki\n|-sidestart|p2: Rei_darkness|move: Light Screen\n|move|p1a: Rotom|Reflect|p1a: Rotom\n|-sidestart|p1: NihilisticWish|Reflect\n|\n|upkeep\n|turn|2\n|\n|t:|1698087394\n|move|p2a: Klefki|Reflect|p2a: Klefki\n|-sidestart|p2: Rei_darkness|Reflect\n|move|p1a: Rotom|Light Screen|p1a: Rotom\n|-sidestart|p1: NihilisticWish|move: Light Screen\n|\n|upkeep\n|turn|3\n|\n|t:|1698087398\n|move|p2a: Klefki|Sunny Day|p2a: Klefki\n|-weather|SunnyDay\n|move|p1a: Rotom|Will-O-Wisp|p2a: Klefki\n|-status|p2a: Klefki|brn\n|\n|-weather|SunnyDay|[upkeep]\n|-damage|p2a: Klefki|95\/100 brn|[from] brn\n|upkeep\n|turn|4\n|\n|t:|1698087409\n|switch|p1a: Slowpoke|Slowpoke-Galar, F|100\/100\n|move|p2a: Klefki|Steel Beam|p1a: Slowpoke\n|-damage|p1a: Slowpoke|57\/100\n|replace|p1a: Zoroark|Zoroark-Hisui, F\n|-end|p1a: Zoroark|Illusion\n|-damage|p2a: Klefki|45\/100 brn|[from] steelbeam\n|\n|-weather|SunnyDay|[upkeep]\n|-damage|p2a: Klefki|39\/100 brn|[from] brn\n|upkeep\n|turn|5\n|\n|t:|1698087420\n|move|p1a: Zoroark|Poltergeist|p2a: Klefki\n|-activate|p2a: Klefki|move: Poltergeist|Light Clay\n|-damage|p2a: Klefki|8\/100 brn\n|move|p2a: Klefki|Steel Beam|p1a: Zoroark\n|-damage|p1a: Zoroark|15\/100\n|-damage|p2a: Klefki|0 fnt|[from] steelbeam\n|faint|p2a: Klefki\n|\n|-weather|SunnyDay|[upkeep]\n|-sideend|p1: NihilisticWish|Reflect\n|upkeep\n|\n|t:|1698087446\n|switch|p2a: Scovillain|Scovillain, F|100\/100\n|turn|6\n|\n|t:|1698087454\n|move|p2a: Scovillain|Spicy Extract|p1a: Zoroark\n|-boost|p1a: Zoroark|atk|2\n|-unboost|p1a: Zoroark|def|2\n|move|p1a: Zoroark|Poltergeist|p2a: Scovillain|[miss]\n|-miss|p1a: Zoroark|p2a: Scovillain\n|\n|-weather|SunnyDay|[upkeep]\n|-sideend|p1: NihilisticWish|move: Light Screen\n|upkeep\n|turn|7\n|\n|t:|1698087469\n|move|p2a: Scovillain|Fire Fang|p1a: Zoroark\n|-damage|p1a: Zoroark|0 fnt\n|faint|p1a: Zoroark\n|\n|-weather|none\n|upkeep\n|\n|t:|1698087483\n|switch|p1a: Rotom|Rotom-Wash|100\/100\n|turn|8\n|\n|t:|1698087501\n|move|p2a: Scovillain|Seed Bomb|p1a: Rotom\n|-supereffective|p1a: Rotom\n|-damage|p1a: Rotom|21\/100\n|move|p1a: Rotom|Foul Play|p2a: Scovillain\n|-damage|p2a: Scovillain|70\/100\n|\n|-heal|p1a: Rotom|27\/100|[from] item: Leftovers\n|-sideend|p2: Rei_darkness|move: Light Screen\n|upkeep\n|turn|9\n|\n|t:|1698087508\n|move|p2a: Scovillain|Seed Bomb|p1a: Rotom\n|-supereffective|p1a: Rotom\n|-damage|p1a: Rotom|0 fnt\n|faint|p1a: Rotom\n|\n|-sideend|p2: Rei_darkness|Reflect\n|upkeep\n|\n|t:|1698087512\n|switch|p1a: Toxtricity|Toxtricity, F|100\/100\n|turn|10\n|\n|t:|1698087516\n|switch|p2a: Koraidon|Koraidon|100\/100\n|-weather|SunnyDay|[from] ability: Orichalcum Pulse|[of] p2a: Koraidon\n|-activate|p2a: Koraidon|Orichalcum Pulse|[source]\n|move|p1a: Toxtricity|Shift Gear|p1a: Toxtricity\n|-boost|p1a: Toxtricity|spe|2\n|-boost|p1a: Toxtricity|atk|1\n|\n|-weather|SunnyDay|[upkeep]\n|upkeep\n|turn|11\n|\n|t:|1698087526\n|move|p1a: Toxtricity|Shift Gear|p1a: Toxtricity\n|-boost|p1a: Toxtricity|spe|2\n|-boost|p1a: Toxtricity|atk|1\n|move|p2a: Koraidon|Draco Meteor|p1a: Toxtricity\n|-damage|p1a: Toxtricity|18\/100\n|-unboost|p2a: Koraidon|spa|2\n|\n|-weather|SunnyDay|[upkeep]\n|upkeep\n|turn|12\n|\n|t:|1698087532\n|move|p1a: Toxtricity|Flail|p2a: Koraidon\n|-damage|p2a: Koraidon|53\/100\n|move|p2a: Koraidon|Draco Meteor|p1a: Toxtricity\n|-damage|p1a: Toxtricity|0 fnt\n|-unboost|p2a: Koraidon|spa|2\n|faint|p1a: Toxtricity\n|\n|-weather|SunnyDay|[upkeep]\n|upkeep\n|\n|t:|1698087539\n|switch|p1a: Copperajah|Copperajah, F|100\/100\n|turn|13\n|\n|t:|1698087550\n|switch|p2a: Victreebel|Victreebel, F|100\/100\n|move|p1a: Copperajah|Flash Cannon|p2a: Victreebel\n|-damage|p2a: Victreebel|12\/100\n|\n|-weather|SunnyDay|[upkeep]\n|upkeep\n|turn|14\n|inactive|Battle timer is ON: inactive players will automatically lose when time's up. (requested by NihilisticWish)\n|\n|t:|1698087555\n|move|p2a: Victreebel|Weather Ball|p1a: Copperajah\n|-supereffective|p1a: Copperajah\n|-damage|p1a: Copperajah|0 fnt\n|faint|p1a: Copperajah\n|\n|-weather|SunnyDay|[upkeep]\n|upkeep\n|\n|t:|1698087557\n|switch|p1a: Toxapex|Toxapex, F|100\/100\n|turn|15\n|\n|t:|1698087562\n|switch|p2a: Slowbro|Slowbro-Galar, M|100\/100\n|move|p1a: Toxapex|Sludge Bomb|p2a: Slowbro\n|-resisted|p2a: Slowbro\n|-damage|p2a: Slowbro|89\/100\n|\n|-weather|SunnyDay|[upkeep]\n|upkeep\n|turn|16\n|\n|t:|1698087571\n|switch|p1a: Slowpoke|Slowpoke-Galar, F|100\/100\n|move|p2a: Slowbro|Nasty Plot|p2a: Slowbro\n|-boost|p2a: Slowbro|spa|2\n|\n|-weather|SunnyDay|[upkeep]\n|upkeep\n|turn|17\n|-activate|p2a: Slowbro|ability: Quick Draw\n|\n|t:|1698087579\n|move|p2a: Slowbro|Fire Blast|p1a: Slowpoke\n|-damage|p1a: Slowpoke|0 fnt\n|faint|p1a: Slowpoke\n|\n|-weather|none\n|upkeep\n|\n|t:|1698087584\n|switch|p1a: Toxapex|Toxapex, F|100\/100\n|turn|18\n|c|\u2606Rei_darkness|gg\n|-activate|p2a: Slowbro|ability: Quick Draw\n|\n|t:|1698087595\n|move|p2a: Slowbro|Psyshock|p1a: Toxapex\n|-supereffective|p1a: Toxapex\n|-damage|p1a: Toxapex|11\/100\n|move|p1a: Toxapex|Haze|p1a: Toxapex\n|-clearallboost\n|\n|upkeep\n|turn|19\n|-activate|p2a: Slowbro|item: Quick Claw\n|\n|t:|1698087600\n|move|p2a: Slowbro|Psyshock|p1a: Toxapex\n|-supereffective|p1a: Toxapex\n|-damage|p1a: Toxapex|0 fnt\n|faint|p1a: Toxapex\n|\n|win|Rei_darkness\n|c|\u2606NihilisticWish|gg\n","uploadtime":1698087607,"views":15,"p1id":"nihilisticwish","p2id":"reidarkness","formatid":"gen9ubers","rating":0,"private":0,"password":""}