{"id":"gen9ubers-1977473234","p1":"tifu1905","p2":"jgfhdc","format":"[Gen 9] Ubers","log":"|j|\u2606tifu1905\n|j|\u2606jgfhdc\n|t:|1698420067\n|gametype|singles\n|player|p1|tifu1905|cyrus|1065\n|player|p2|jgfhdc|1|1000\n|teamsize|p1|6\n|teamsize|p2|6\n|gen|9\n|tier|[Gen 9] Ubers\n|rated|\n|rule|Sleep Clause Mod: Limit one foe put to sleep\n|rule|Species Clause: Limit one of each Pok\u00e9mon\n|rule|OHKO Clause: OHKO moves are banned\n|rule|Evasion Items Clause: Evasion items are banned\n|rule|Evasion Moves Clause: Evasion moves are banned\n|rule|Endless Battle Clause: Forcing endless battles is banned\n|rule|HP Percentage Mod: HP is shown in percentages\n|clearpoke\n|poke|p1|Arceus-Dark|\n|poke|p1|Dragapult, M|\n|poke|p1|Gliscor, M|\n|poke|p1|Gholdengo|\n|poke|p1|Palafin, M|\n|poke|p1|Garganacl, M|\n|poke|p2|Arceus|\n|poke|p2|Greninja-*, M|\n|poke|p2|Pelipper, F|\n|poke|p2|Samurott-Hisui, M|\n|poke|p2|Chansey, F|\n|poke|p2|Zamazenta-*|\n|teampreview\n|inactive|Battle timer is ON: inactive players will automatically lose when time's up. (requested by tifu1905)\n|\n|t:|1698420083\n|start\n|switch|p1a: Pommes Man|Gholdengo|100\/100\n|switch|p2a: \u5384\u8be1\u692a|Samurott-Hisui, M|100\/100\n|turn|1\n|\n|t:|1698420089\n|move|p2a: \u5384\u8be1\u692a|Ceaseless Edge|p1a: Pommes Man\n|-supereffective|p1a: Pommes Man\n|-damage|p1a: Pommes Man|1\/100\n|-sidestart|p1: tifu1905|Spikes\n|move|p1a: Pommes Man|Thunderbolt|p2a: \u5384\u8be1\u692a\n|-supereffective|p2a: \u5384\u8be1\u692a\n|-damage|p2a: \u5384\u8be1\u692a|12\/100\n|\n|upkeep\n|turn|2\n|\n|t:|1698420107\n|move|p2a: \u5384\u8be1\u692a|Ceaseless Edge|p1a: Pommes Man\n|-supereffective|p1a: Pommes Man\n|-damage|p1a: Pommes Man|0 fnt\n|-sidestart|p1: tifu1905|Spikes\n|faint|p1a: Pommes Man\n|\n|upkeep\n|\n|t:|1698420122\n|switch|p1a: Palafin|Palafin, M|100\/100\n|-damage|p1a: Palafin|84\/100|[from] Spikes\n|turn|3\n|\n|t:|1698420141\n|switch|p2a: \u5657|Pelipper, F|100\/100\n|-weather|RainDance|[from] ability: Drizzle|[of] p2a: \u5657\n|move|p1a: Palafin|Jet Punch|p2a: \u5657\n|-resisted|p2a: \u5657\n|-damage|p2a: \u5657|84\/100\n|-damage|p1a: Palafin|74\/100|[from] item: Life Orb\n|\n|-weather|RainDance|[upkeep]\n|upkeep\n|turn|4\n|\n|t:|1698420161\n|detailschange|p1a: Palafin|Palafin-Hero, M\n|switch|p1a: Barney|Garganacl, M, shiny|100\/100\n|-damage|p1a: Barney|84\/100|[from] Spikes\n|move|p2a: \u5657|U-turn|p1a: Barney\n|-damage|p1a: Barney|77\/100\n|\n|t:|1698420167\n|switch|p2a: \u5384\u8be1\u692a|Samurott-Hisui, M|12\/100|[from] U-turn\n|\n|-weather|RainDance|[upkeep]\n|-heal|p1a: Barney|83\/100|[from] item: Leftovers\n|upkeep\n|turn|5\n|\n|t:|1698420176\n|move|p2a: \u5384\u8be1\u692a|Razor Shell|p1a: Barney\n|-supereffective|p1a: Barney\n|-damage|p1a: Barney|0 fnt\n|faint|p1a: Barney\n|\n|-weather|RainDance|[upkeep]\n|upkeep\n|\n|t:|1698420183\n|switch|p1a: Palafin|Palafin-Hero, M|74\/100\n|-damage|p1a: Palafin|57\/100|[from] Spikes\n|-activate|p1a: Palafin|ability: Zero to Hero\n|turn|6\n|\n|t:|1698420190\n|move|p2a: \u5384\u8be1\u692a|Razor Shell|p1a: Palafin\n|-resisted|p1a: Palafin\n|-damage|p1a: Palafin|22\/100\n|move|p1a: Palafin|Substitute|p1a: Palafin\n|-fail|p1a: Palafin|move: Substitute|[weak]\n|\n|-weather|RainDance|[upkeep]\n|upkeep\n|turn|7\n|\n|t:|1698420206\n|move|p1a: Palafin|Jet Punch|p2a: \u5384\u8be1\u692a\n|-resisted|p2a: \u5384\u8be1\u692a\n|-damage|p2a: \u5384\u8be1\u692a|0 fnt\n|faint|p2a: \u5384\u8be1\u692a\n|-damage|p1a: Palafin|12\/100|[from] item: Life Orb\n|\n|-weather|RainDance|[upkeep]\n|upkeep\n|inactive|jgfhdc has 120 seconds left.\n|\n|t:|1698420227\n|switch|p2a: Zamazenta|Zamazenta-Crowned|100\/100\n|-ability|p2a: Zamazenta|Dauntless Shield|boost\n|-boost|p2a: Zamazenta|def|1\n|turn|8\n|\n|t:|1698420237\n|move|p1a: Palafin|Jet Punch|p2a: Zamazenta\n|-damage|p2a: Zamazenta|73\/100\n|-damage|p1a: Palafin|2\/100|[from] item: Life Orb\n|move|p2a: Zamazenta|Iron Defense|p2a: Zamazenta\n|-boost|p2a: Zamazenta|def|2\n|\n|-weather|RainDance|[upkeep]\n|upkeep\n|turn|9\n|\n|t:|1698420243\n|move|p2a: Zamazenta|Trailblaze|p1a: Palafin\n|-supereffective|p1a: Palafin\n|-damage|p1a: Palafin|0 fnt\n|-boost|p2a: Zamazenta|spe|1\n|faint|p1a: Palafin\n|\n|-weather|RainDance|[upkeep]\n|upkeep\n|\n|t:|1698420251\n|switch|p1a: Gliscor|Gliscor, M|100\/100\n|turn|10\n|\n|t:|1698420263\n|move|p2a: Zamazenta|Iron Defense|p2a: Zamazenta\n|-boost|p2a: Zamazenta|def|2\n|move|p1a: Gliscor|Earthquake|p2a: Zamazenta\n|-supereffective|p2a: Zamazenta\n|-damage|p2a: Zamazenta|64\/100\n|\n|-weather|none\n|-status|p1a: Gliscor|tox|[from] item: Toxic Orb\n|upkeep\n|turn|11\n|\n|t:|1698420276\n|move|p2a: Zamazenta|Body Press|p1a: Gliscor\n|-resisted|p1a: Gliscor\n|-damage|p1a: Gliscor|50\/100 tox\n|move|p1a: Gliscor|Earthquake|p2a: Zamazenta\n|-supereffective|p2a: Zamazenta\n|-damage|p2a: Zamazenta|54\/100\n|\n|-heal|p1a: Gliscor|62\/100 tox|[from] ability: Poison Heal\n|upkeep\n|turn|12\n|\n|t:|1698420292\n|move|p2a: Zamazenta|Iron Defense|p2a: Zamazenta\n|-boost|p2a: Zamazenta|def|1\n|move|p1a: Gliscor|Earthquake|p2a: Zamazenta\n|-supereffective|p2a: Zamazenta\n|-damage|p2a: Zamazenta|46\/100\n|\n|-heal|p1a: Gliscor|75\/100 tox|[from] ability: Poison Heal\n|upkeep\n|turn|13\n|\n|t:|1698420300\n|move|p1a: Gliscor|Protect|p1a: Gliscor\n|-singleturn|p1a: Gliscor|Protect\n|move|p2a: Zamazenta|Body Press|p1a: Gliscor\n|-activate|p1a: Gliscor|move: Protect\n|\n|-heal|p1a: Gliscor|87\/100 tox|[from] ability: Poison Heal\n|upkeep\n|turn|14\n|\n|t:|1698420305\n|move|p2a: Zamazenta|Body Press|p1a: Gliscor\n|-resisted|p1a: Gliscor\n|-damage|p1a: Gliscor|29\/100 tox\n|move|p1a: Gliscor|Earthquake|p2a: Zamazenta\n|-supereffective|p2a: Zamazenta\n|-damage|p2a: Zamazenta|37\/100\n|\n|-heal|p1a: Gliscor|41\/100 tox|[from] ability: Poison Heal\n|upkeep\n|turn|15\n|\n|t:|1698420313\n|move|p1a: Gliscor|Protect|p1a: Gliscor\n|-singleturn|p1a: Gliscor|Protect\n|move|p2a: Zamazenta|Body Press|p1a: Gliscor\n|-activate|p1a: Gliscor|move: Protect\n|\n|-heal|p1a: Gliscor|54\/100 tox|[from] ability: Poison Heal\n|upkeep\n|turn|16\n|\n|t:|1698420322\n|move|p2a: Zamazenta|Body Press|p1a: Gliscor\n|-resisted|p1a: Gliscor\n|-damage|p1a: Gliscor|0 fnt\n|faint|p1a: Gliscor\n|\n|upkeep\n|\n|t:|1698420330\n|switch|p1a: Dragapult|Dragapult, M|100\/100\n|-damage|p1a: Dragapult|84\/100|[from] Spikes\n|turn|17\n|\n|t:|1698420338\n|-terastallize|p1a: Dragapult|Ghost\n|move|p1a: Dragapult|Tera Blast|p2a: Zamazenta|[anim] Tera Blast Ghost\n|-damage|p2a: Zamazenta|30\/100\n|move|p2a: Zamazenta|Behemoth Bash|p1a: Dragapult\n|-damage|p1a: Dragapult|31\/100\n|\n|upkeep\n|turn|18\n|\n|t:|1698420346\n|move|p1a: Dragapult|Tera Blast|p2a: Zamazenta|[anim] Tera Blast Ghost\n|-damage|p2a: Zamazenta|22\/100\n|move|p2a: Zamazenta|Behemoth Bash|p1a: Dragapult\n|-damage|p1a: Dragapult|0 fnt\n|faint|p1a: Dragapult\n|\n|upkeep\n|-message|tifu1905 forfeited.\n|\n|win|jgfhdc\n|raw|tifu1905's rating: 1065 &rarr; <strong>1042<\/strong><br \/>(-23 for losing)\n|raw|jgfhdc's rating: 1000 &rarr; <strong>1047<\/strong><br \/>(+47 for winning)\n|l|\u2606tifu1905\n","uploadtime":1698420361,"views":7,"p1id":"tifu1905","p2id":"jgfhdc","formatid":"gen9ubers","rating":1042,"private":0,"password":""}