{"id":"gen9ubers-1989646952","p1":"uplburning","p2":"WormStepper","format":"[Gen 9] Ubers","log":"|j|\u2606DarkThive\n|j|\u2606WormStepper\n|t:|1699882841\n|gametype|singles\n|player|p1|DarkThive|juggler-gen1|\n|player|p2|WormStepper|drayden|\n|teamsize|p1|6\n|teamsize|p2|6\n|gen|9\n|tier|[Gen 9] Ubers\n|rule|Sleep Clause Mod: Limit one foe put to sleep\n|rule|Species Clause: Limit one of each Pok\u00e9mon\n|rule|OHKO Clause: OHKO moves are banned\n|rule|Evasion Items Clause: Evasion items are banned\n|rule|Evasion Moves Clause: Evasion moves are banned\n|rule|Endless Battle Clause: Forcing endless battles is banned\n|rule|HP Percentage Mod: HP is shown in percentages\n|clearpoke\n|poke|p1|Koraidon|\n|poke|p1|Zacian-*|\n|poke|p1|Giratina-Origin|\n|poke|p1|Calyrex-Ice|\n|poke|p1|Urshifu-*, F|\n|poke|p1|Arceus-Fairy|\n|poke|p2|Urshifu-*, M|\n|poke|p2|Kyogre|\n|poke|p2|Giratina-Origin|\n|poke|p2|Zacian-*|\n|poke|p2|Koraidon|\n|poke|p2|Flutter Mane|\n|teampreview\n|j| uplburning\n|inactive|Battle timer is ON: inactive players will automatically lose when time's up. (requested by WormStepper)\n|\n|t:|1699882926\n|start\n|switch|p1a: stinker|Giratina-Origin|100\/100\n|switch|p2a: Zacian|Zacian-Crowned|100\/100\n|-ability|p2a: Zacian|Intrepid Sword|boost\n|-boost|p2a: Zacian|atk|1\n|turn|1\n|\n|t:|1699882936\n|move|p2a: Zacian|Substitute|p2a: Zacian\n|-start|p2a: Zacian|Substitute\n|-damage|p2a: Zacian|76\/100\n|move|p1a: stinker|Will-O-Wisp||[still]\n|-fail|p1a: stinker\n|\n|upkeep\n|turn|2\n|\n|t:|1699882940\n|move|p1a: stinker|Shadow Sneak|p2a: Zacian\n|-activate|p2a: Zacian|move: Substitute|[damage]\n|move|p2a: Zacian|Play Rough|p1a: stinker\n|-supereffective|p1a: stinker\n|-damage|p1a: stinker|0 fnt\n|faint|p1a: stinker\n|\n|upkeep\n|\n|t:|1699882956\n|switch|p1a: chill brah|Calyrex-Ice|100\/100\n|-ability|p1a: chill brah|As One\n|-ability|p1a: chill brah|Unnerve\n|turn|3\n|\n|t:|1699882975\n|move|p2a: Zacian|Behemoth Blade|p1a: chill brah\n|-supereffective|p1a: chill brah\n|-damage|p1a: chill brah|0 fnt\n|faint|p1a: chill brah\n|\n|upkeep\n|c|\u2606DarkThive|they nerfed zacian my ass\n|c|\u2606DarkThive|336 def and he got 1 shit\n|inactive|DarkThive has 270 seconds left.\n|c|\u2606WormStepper|intrepid sword:\n|\n|t:|1699883013\n|switch|p1a: bike|Koraidon|100\/100\n|-weather|SunnyDay|[from] ability: Orichalcum Pulse|[of] p1a: bike\n|-activate|p1a: bike|Orichalcum Pulse|[source]\n|turn|4\n|\n|t:|1699883018\n|-terastallize|p1a: bike|Steel\n|move|p2a: Zacian|Play Rough|p1a: bike\n|-resisted|p1a: bike\n|-damage|p1a: bike|68\/100\n|move|p1a: bike|Flare Blitz|p2a: Zacian\n|-supereffective|p2a: Zacian\n|-end|p2a: Zacian|Substitute\n|-damage|p1a: bike|66\/100|[from] Recoil|[of] p2a: Zacian\n|\n|-weather|SunnyDay|[upkeep]\n|upkeep\n|turn|5\n|\n|t:|1699883024\n|move|p2a: Zacian|Sacred Sword|p1a: bike\n|-supereffective|p1a: bike\n|-damage|p1a: bike|0 fnt\n|faint|p1a: bike\n|\n|-weather|SunnyDay|[upkeep]\n|upkeep\n|\n|t:|1699883027\n|switch|p1a: Aegislash-attack|Zacian-Crowned|100\/100\n|-ability|p1a: Aegislash-attack|Intrepid Sword|boost\n|-boost|p1a: Aegislash-attack|atk|1\n|turn|6\n|\n|t:|1699883030\n|move|p1a: Aegislash-attack|Behemoth Blade|p2a: Zacian\n|-damage|p2a: Zacian|0 fnt\n|faint|p2a: Zacian\n|\n|-weather|SunnyDay|[upkeep]\n|upkeep\n|\n|t:|1699883033\n|switch|p2a: Koraidon|Koraidon|100\/100\n|-activate|p2a: Koraidon|ability: Orichalcum Pulse\n|turn|7\n|\n|t:|1699883053\n|switch|p1a: boh'o'o'wo'a|Urshifu-Rapid-Strike, F|100\/100\n|move|p2a: Koraidon|Flare Blitz|p1a: boh'o'o'wo'a\n|-resisted|p1a: boh'o'o'wo'a\n|-damage|p1a: boh'o'o'wo'a|53\/100\n|-damage|p2a: Koraidon|85\/100|[from] Recoil\n|\n|-weather|SunnyDay|[upkeep]\n|upkeep\n|turn|8\n|\n|t:|1699883064\n|switch|p2a: Flutter Mane|Flutter Mane|100\/100\n|-activate|p2a: Flutter Mane|ability: Protosynthesis\n|-start|p2a: Flutter Mane|protosynthesisspe\n|move|p1a: boh'o'o'wo'a|Zen Headbutt|p2a: Flutter Mane\n|-damage|p2a: Flutter Mane|11\/100\n|\n|-weather|none\n|-end|p2a: Flutter Mane|Protosynthesis\n|upkeep\n|-enditem|p2a: Flutter Mane|Booster Energy\n|-activate|p2a: Flutter Mane|ability: Protosynthesis|[fromitem]\n|-start|p2a: Flutter Mane|protosynthesisspe\n|turn|9\n|\n|t:|1699883079\n|move|p2a: Flutter Mane|Moonblast|p1a: boh'o'o'wo'a\n|-supereffective|p1a: boh'o'o'wo'a\n|-damage|p1a: boh'o'o'wo'a|0 fnt\n|faint|p1a: boh'o'o'wo'a\n|\n|upkeep\n|\n|t:|1699883080\n|switch|p1a: Aegislash-attack|Zacian-Crowned|100\/100\n|turn|10\n|\n|t:|1699883084\n|move|p2a: Flutter Mane|Memento|p1a: Aegislash-attack\n|-unboost|p1a: Aegislash-attack|atk|2\n|-unboost|p1a: Aegislash-attack|spa|2\n|faint|p2a: Flutter Mane\n|-end|p2a: Flutter Mane|Protosynthesis|[silent]\n|move|p1a: Aegislash-attack|Behemoth Blade|p2: Flutter Mane|[notarget]\n|-fail|p1a: Aegislash-attack\n|\n|upkeep\n|\n|t:|1699883095\n|switch|p2a: Koraidon|Koraidon|85\/100\n|-weather|SunnyDay|[from] ability: Orichalcum Pulse|[of] p2a: Koraidon\n|-activate|p2a: Koraidon|Orichalcum Pulse|[source]\n|turn|11\n|\n|t:|1699883098\n|switch|p1a: Sparklez|Arceus-Fairy|100\/100\n|move|p2a: Koraidon|Flare Blitz|p1a: Sparklez\n|-damage|p1a: Sparklez|37\/100\n|-damage|p2a: Koraidon|58\/100|[from] Recoil\n|\n|-weather|SunnyDay|[upkeep]\n|upkeep\n|turn|12\n|c|\u2606WormStepper|gg\n|\n|t:|1699883105\n|move|p2a: Koraidon|Flare Blitz|p1a: Sparklez\n|-damage|p1a: Sparklez|0 fnt\n|faint|p1a: Sparklez\n|-damage|p2a: Koraidon|42\/100|[from] Recoil\n|\n|-weather|SunnyDay|[upkeep]\n|upkeep\n|\n|t:|1699883107\n|switch|p1a: Aegislash-attack|Zacian-Crowned|100\/100\n|turn|13\n|c|\u2606WormStepper|jee the flare blitz button is looking mighty fine rn\n|player|p1|\n|n|+DarkThive|darkthive\n|n|\u2606uplburning|uplburning\n|n|\u2606uplburning|uplburning\n|player|p1|uplburning|lucas\n|inactive|uplburning reconnected.\n|player|p1|uplburning|lucas\n|player|p1|uplburning|lucas|\n|\n|t:|1699883127\n|move|p2a: Koraidon|Flare Blitz|p1a: Aegislash-attack\n|-supereffective|p1a: Aegislash-attack\n|-damage|p1a: Aegislash-attack|0 fnt\n|faint|p1a: Aegislash-attack\n|-damage|p2a: Koraidon|11\/100|[from] Recoil\n|\n|win|WormStepper\n|l|+DarkThive\n","uploadtime":1699883145,"views":6,"p1id":"uplburning","p2id":"wormstepper","formatid":"gen9ubers","rating":0,"private":0,"password":""}