{"id":"gen9ubers-1983368030","p1":"Hash_13","p2":"Otteroreo","format":"[Gen 9] Ubers","log":"|j|\u2606Hash_13\n|j|\u2606Otteroreo\n|t:|1699122748\n|gametype|singles\n|player|p1|Hash_13|lucas|\n|player|p2|Otteroreo|karen|\n|teamsize|p1|6\n|teamsize|p2|6\n|gen|9\n|tier|[Gen 9] Ubers\n|rule|Sleep Clause Mod: Limit one foe put to sleep\n|rule|Species Clause: Limit one of each Pok\u00e9mon\n|rule|OHKO Clause: OHKO moves are banned\n|rule|Evasion Items Clause: Evasion items are banned\n|rule|Evasion Moves Clause: Evasion moves are banned\n|rule|Endless Battle Clause: Forcing endless battles is banned\n|rule|HP Percentage Mod: HP is shown in percentages\n|clearpoke\n|poke|p1|Toxapex, F|\n|poke|p1|Sableye, F|\n|poke|p1|Kleavor, M|\n|poke|p1|Oricorio-Sensu, M|\n|poke|p1|Iron Leaves|\n|poke|p1|Cresselia, F|\n|poke|p2|Torkoal, M|\n|poke|p2|Ogerpon-Hearthflame, F|\n|poke|p2|Roaring Moon|\n|poke|p2|Mismagius, M|\n|poke|p2|Scream Tail|\n|poke|p2|Ursaluna, M|\n|teampreview\n|j| Ch3sc0\n|\n|t:|1699122813\n|start\n|switch|p1a: Kleavor|Kleavor, M|100\/100\n|switch|p2a: The Sunwitch|Mismagius, M, shiny|100\/100\n|turn|1\n|\n|t:|1699122831\n|-terastallize|p2a: The Sunwitch|Fire\n|move|p2a: The Sunwitch|Tera Blast|p1a: Kleavor|[anim] Tera Blast Fire\n|-damage|p1a: Kleavor|9\/100\n|move|p1a: Kleavor|Stone Axe|p2a: The Sunwitch\n|-supereffective|p2a: The Sunwitch\n|-damage|p2a: The Sunwitch|0 fnt\n|-sidestart|p2: Otteroreo|move: Stealth Rock\n|faint|p2a: The Sunwitch\n|\n|upkeep\n|\n|t:|1699122840\n|switch|p2a: Laokrot|Torkoal, M|100\/100\n|-damage|p2a: Laokrot|76\/100|[from] Stealth Rock\n|-weather|SunnyDay|[from] ability: Drought|[of] p2a: Laokrot\n|turn|2\n|\n|t:|1699122845\n|move|p1a: Kleavor|Stone Axe|p2a: Laokrot\n|-supereffective|p2a: Laokrot\n|-damage|p2a: Laokrot|9\/100\n|move|p2a: Laokrot|Lava Plume|p1a: Kleavor\n|-damage|p1a: Kleavor|0 fnt\n|faint|p1a: Kleavor\n|\n|-weather|SunnyDay|[upkeep]\n|upkeep\n|\n|t:|1699122861\n|switch|p1a: Oricorio|Oricorio-Sensu, M, shiny|100\/100\n|turn|3\n|\n|t:|1699122872\n|switch|p2a: Rawring Moon|Roaring Moon, shiny|100\/100\n|-damage|p2a: Rawring Moon|88\/100|[from] Stealth Rock\n|-activate|p2a: Rawring Moon|ability: Protosynthesis\n|-start|p2a: Rawring Moon|protosynthesisspe\n|move|p1a: Oricorio|Revelation Dance|p2a: Rawring Moon\n|-resisted|p2a: Rawring Moon\n|-damage|p2a: Rawring Moon|71\/100\n|\n|-weather|SunnyDay|[upkeep]\n|upkeep\n|turn|4\n|\n|t:|1699122888\n|-terastallize|p1a: Oricorio|Fairy\n|move|p2a: Rawring Moon|U-turn|p1a: Oricorio\n|-resisted|p1a: Oricorio\n|-damage|p1a: Oricorio|69\/100\n|\n|t:|1699122892\n|-end|p2a: Rawring Moon|Protosynthesis|[silent]\n|switch|p2a: AAAAAAAAAAAAAA|Scream Tail|100\/100|[from] U-turn\n|-damage|p2a: AAAAAAAAAAAAAA|88\/100|[from] Stealth Rock\n|-activate|p2a: AAAAAAAAAAAAAA|ability: Protosynthesis\n|-start|p2a: AAAAAAAAAAAAAA|protosynthesisspd\n|move|p1a: Oricorio|Quiver Dance|p1a: Oricorio\n|-boost|p1a: Oricorio|spa|1\n|-boost|p1a: Oricorio|spd|1\n|-boost|p1a: Oricorio|spe|1\n|\n|-weather|SunnyDay|[upkeep]\n|-heal|p2a: AAAAAAAAAAAAAA|94\/100|[from] item: Leftovers\n|upkeep\n|turn|5\n|\n|t:|1699122971\n|switch|p1a: Sableye|Sableye, F, shiny|100\/100\n|move|p2a: AAAAAAAAAAAAAA|Thunder Wave|p1a: Sableye\n|-status|p1a: Sableye|par\n|\n|-weather|SunnyDay|[upkeep]\n|-heal|p2a: AAAAAAAAAAAAAA|100\/100|[from] item: Leftovers\n|upkeep\n|turn|6\n|\n|t:|1699123004\n|move|p2a: AAAAAAAAAAAAAA|Dazzling Gleam|p1a: Sableye\n|-supereffective|p1a: Sableye\n|-damage|p1a: Sableye|39\/100 par\n|cant|p1a: Sableye|par\n|\n|-weather|SunnyDay|[upkeep]\n|-heal|p1a: Sableye|45\/100 par|[from] item: Leftovers\n|upkeep\n|turn|7\n|\n|t:|1699123011\n|cant|p1a: Sableye|par\n|move|p2a: AAAAAAAAAAAAAA|Dazzling Gleam|p1a: Sableye\n|-supereffective|p1a: Sableye\n|-damage|p1a: Sableye|0 fnt\n|faint|p1a: Sableye\n|\n|-weather|SunnyDay|[upkeep]\n|upkeep\n|\n|t:|1699123039\n|switch|p1a: Toxapex|Toxapex, F, shiny|100\/100\n|turn|8\n|j| CloudlessGamer\n|c| CloudlessGamer|RAAAAAAAAAAAAAH\n|\n|t:|1699123065\n|move|p1a: Toxapex|Baneful Bunker|p1a: Toxapex\n|-singleturn|p1a: Toxapex|move: Protect\n|move|p2a: AAAAAAAAAAAAAA|Wish|p2a: AAAAAAAAAAAAAA\n|\n|-weather|SunnyDay|[upkeep]\n|upkeep\n|turn|9\n|\n|t:|1699123152\n|-end|p2a: AAAAAAAAAAAAAA|Protosynthesis|[silent]\n|switch|p2a: Rawring Moon|Roaring Moon, shiny|71\/100\n|-damage|p2a: Rawring Moon|59\/100|[from] Stealth Rock\n|-activate|p2a: Rawring Moon|ability: Protosynthesis\n|-start|p2a: Rawring Moon|protosynthesisspe\n|move|p1a: Toxapex|Surf|p2a: Rawring Moon\n|-resisted|p2a: Rawring Moon\n|-damage|p2a: Rawring Moon|54\/100\n|\n|-weather|none\n|-end|p2a: Rawring Moon|Protosynthesis\n|-heal|p2a: Rawring Moon|100\/100|[from] move: Wish|[wisher] AAAAAAAAAAAAAA\n|upkeep\n|turn|10\n|\n|t:|1699123208\n|switch|p1a: Oricorio|Oricorio-Sensu, M, shiny, tera:Fairy|69\/100\n|move|p2a: Rawring Moon|Knock Off|p1a: Oricorio\n|-resisted|p1a: Oricorio\n|-damage|p1a: Oricorio|9\/100\n|-enditem|p1a: Oricorio|Focus Sash|[from] move: Knock Off|[of] p2a: Rawring Moon\n|\n|upkeep\n|turn|11\n|\n|t:|1699123244\n|move|p2a: Rawring Moon|Knock Off|p1a: Oricorio\n|-resisted|p1a: Oricorio\n|-damage|p1a: Oricorio|0 fnt\n|faint|p1a: Oricorio\n|\n|upkeep\n|\n|t:|1699123290\n|switch|p1a: Iron Leaves|Iron Leaves|100\/100\n|-enditem|p1a: Iron Leaves|Booster Energy\n|-activate|p1a: Iron Leaves|ability: Quark Drive|[fromitem]\n|-start|p1a: Iron Leaves|quarkdrivespe\n|turn|12\n|\n|t:|1699123304\n|-end|p2a: Rawring Moon|Protosynthesis|[silent]\n|switch|p2a: Laokrot|Torkoal, M|9\/100\n|-damage|p2a: Laokrot|0 fnt|[from] Stealth Rock\n|faint|p2a: Laokrot\n|move|p1a: Iron Leaves|Swords Dance|p1a: Iron Leaves\n|-boost|p1a: Iron Leaves|atk|2\n|\n|upkeep\n|\n|t:|1699123312\n|switch|p2a: AAAAAAAAAAAAAA|Scream Tail|100\/100\n|-damage|p2a: AAAAAAAAAAAAAA|88\/100|[from] Stealth Rock\n|turn|13\n|\n|t:|1699123380\n|move|p1a: Iron Leaves|Leaf Blade|p2a: AAAAAAAAAAAAAA\n|-crit|p2a: AAAAAAAAAAAAAA\n|-damage|p2a: AAAAAAAAAAAAAA|0 fnt\n|faint|p2a: AAAAAAAAAAAAAA\n|-end|p2a: AAAAAAAAAAAAAA|Protosynthesis|[silent]\n|\n|upkeep\n|\n|t:|1699123388\n|switch|p2a: Ursaluna|Ursaluna, M|100\/100\n|-damage|p2a: Ursaluna|94\/100|[from] Stealth Rock\n|turn|14\n|\n|t:|1699123396\n|move|p1a: Iron Leaves|Leaf Blade|p2a: Ursaluna\n|-supereffective|p2a: Ursaluna\n|-damage|p2a: Ursaluna|0 fnt\n|-damage|p1a: Iron Leaves|84\/100|[from] item: Rocky Helmet|[of] p2a: Ursaluna\n|faint|p2a: Ursaluna\n|\n|upkeep\n|\n|t:|1699123400\n|switch|p2a: Rawring Moon|Roaring Moon, shiny|100\/100\n|-damage|p2a: Rawring Moon|88\/100|[from] Stealth Rock\n|turn|15\n|c|\u2606Otteroreo|gg i threw\n|c| CloudlessGamer|Crit goes crazy\n|c| CloudlessGamer|wtf\n|\n|t:|1699123420\n|move|p1a: Iron Leaves|X-Scissor|p2a: Rawring Moon\n|-supereffective|p2a: Rawring Moon\n|-damage|p2a: Rawring Moon|0 fnt\n|faint|p2a: Rawring Moon\n|-end|p2a: Rawring Moon|Protosynthesis|[silent]\n|\n|upkeep\n|\n|t:|1699123423\n|switch|p2a: Ogiepon-Sunmask|Ogerpon-Hearthflame, F|100\/100\n|-damage|p2a: Ogiepon-Sunmask|76\/100|[from] Stealth Rock\n|-ability|p2a: Ogiepon-Sunmask|Mold Breaker\n|turn|16\n|\n|t:|1699123447\n|move|p1a: Iron Leaves|Psyblade|p2a: Ogiepon-Sunmask\n|-damage|p2a: Ogiepon-Sunmask|0 fnt\n|faint|p2a: Ogiepon-Sunmask\n|\n|win|Hash_13\n|c|\u2606Hash_13|gg\n|c| CloudlessGamer|insane\n|l| Ch3sc0\n|c|\u2606Hash_13|crit didnt matter coz of rocks\n|c|\u2606Otteroreo|nah i threw\n|l| CloudlessGamer\n","uploadtime":1699123496,"views":37,"p1id":"hash13","p2id":"otteroreo","formatid":"gen9ubers","rating":0,"private":0,"password":""}