{"id":"gen9ubers-1985915442","p1":"RiddleDog","p2":"Nagaina040501","format":"[Gen 9] Ubers","log":"|j|\u2606RiddleDog\n|j|\u2606Nagaina040501\n|t:|1699422057\n|gametype|singles\n|player|p1|RiddleDog|dawn-gen4pt|\n|player|p2|Nagaina040501|sailor|\n|teamsize|p1|6\n|teamsize|p2|6\n|gen|9\n|tier|[Gen 9] Ubers\n|rule|Sleep Clause Mod: Limit one foe put to sleep\n|rule|Species Clause: Limit one of each Pok\u00e9mon\n|rule|OHKO Clause: OHKO moves are banned\n|rule|Evasion Items Clause: Evasion items are banned\n|rule|Evasion Moves Clause: Evasion moves are banned\n|rule|Endless Battle Clause: Forcing endless battles is banned\n|rule|HP Percentage Mod: HP is shown in percentages\n|clearpoke\n|poke|p1|Chi-Yu|\n|poke|p1|Meowscarada, F|\n|poke|p1|Iron Treads|\n|poke|p1|Zoroark-Hisui, M|\n|poke|p1|Vaporeon, M|\n|poke|p1|Appletun, M|\n|poke|p2|Palafin, F|\n|poke|p2|Greninja-*, M|\n|poke|p2|Pelipper, F|\n|poke|p2|Zapdos|\n|poke|p2|Basculegion, M|\n|poke|p2|Toxapex, F|\n|teampreview\n|\n|t:|1699422103\n|start\n|switch|p1a: Honeycrisp|Appletun, M|100\/100\n|switch|p2a: Greninja|Greninja, M|100\/100\n|turn|1\n|\n|t:|1699422131\n|switch|p2a: Pepper|Pelipper, F|100\/100\n|-weather|RainDance|[from] ability: Drizzle|[of] p2a: Pepper\n|move|p1a: Honeycrisp|Draco Meteor|p2a: Pepper\n|-damage|p2a: Pepper|33\/100\n|-unboost|p1a: Honeycrisp|spa|2\n|\n|-weather|RainDance|[upkeep]\n|upkeep\n|turn|2\n|\n|t:|1699422166\n|switch|p1a: cat|Vaporeon, M|100\/100\n|move|p2a: Pepper|U-turn|p1a: cat\n|-damage|p1a: cat|93\/100\n|\n|t:|1699422180\n|switch|p2a: Real Gone|Zapdos|100\/100|[from] U-turn\n|\n|-weather|RainDance|[upkeep]\n|upkeep\n|turn|3\n|\n|t:|1699422192\n|move|p2a: Real Gone|Hurricane|p1a: cat\n|-damage|p1a: cat|38\/100\n|-start|p1a: cat|confusion\n|-activate|p1a: cat|confusion\n|move|p1a: cat|Blizzard|p2a: Real Gone\n|-supereffective|p2a: Real Gone\n|-crit|p2a: Real Gone\n|-damage|p2a: Real Gone|3\/100\n|\n|-weather|RainDance|[upkeep]\n|upkeep\n|turn|4\n|\n|t:|1699422211\n|switch|p1a: Ralph|Iron Treads|100\/100\n|-enditem|p1a: Ralph|Booster Energy\n|-activate|p1a: Ralph|ability: Quark Drive|[fromitem]\n|-start|p1a: Ralph|quarkdrivespe\n|move|p2a: Real Gone|Hurricane|p1a: Ralph\n|-resisted|p1a: Ralph\n|-damage|p1a: Ralph|43\/100\n|\n|-weather|RainDance|[upkeep]\n|upkeep\n|turn|5\n|\n|t:|1699422251\n|switch|p2a: Julie|Toxapex, F|100\/100\n|move|p1a: Ralph|Flash Cannon|p2a: Julie\n|-resisted|p2a: Julie\n|-damage|p2a: Julie|92\/100\n|\n|-weather|RainDance|[upkeep]\n|-heal|p2a: Julie|98\/100|[from] item: Black Sludge\n|upkeep\n|turn|6\n|\n|t:|1699422261\n|move|p1a: Ralph|Earthquake|p2a: Julie\n|-supereffective|p2a: Julie\n|-damage|p2a: Julie|35\/100\n|move|p2a: Julie|Chilling Water|p1a: Ralph\n|-supereffective|p1a: Ralph\n|-damage|p1a: Ralph|0 fnt\n|faint|p1a: Ralph\n|-end|p1a: Ralph|Quark Drive|[silent]\n|\n|-weather|RainDance|[upkeep]\n|-heal|p2a: Julie|41\/100|[from] item: Black Sludge\n|upkeep\n|\n|t:|1699422278\n|switch|p1a: Morgana|Meowscarada, F, shiny|100\/100\n|turn|7\n|\n|t:|1699422317\n|move|p1a: Morgana|Psychic|p2a: Julie\n|-supereffective|p2a: Julie\n|-damage|p2a: Julie|0 fnt\n|faint|p2a: Julie\n|\n|-weather|RainDance|[upkeep]\n|upkeep\n|\n|t:|1699422336\n|switch|p2a: Greninja|Greninja, M|100\/100\n|turn|8\n|\n|t:|1699422343\n|move|p2a: Greninja|Ice Beam|p1a: Morgana\n|-damage|p1a: Morgana|24\/100\n|-status|p1a: Morgana|frz\n|replace|p1a: Henri|Zoroark-Hisui, M\n|-end|p1a: Henri|Illusion\n|-damage|p2a: Greninja|91\/100|[from] item: Life Orb\n|cant|p1a: Henri|frz\n|\n|-weather|none\n|upkeep\n|turn|9\n|\n|t:|1699422369\n|switch|p1a: cat|Vaporeon, M|38\/100\n|move|p2a: Greninja|Surf|p1a: cat\n|-heal|p1a: cat|63\/100|[from] ability: Water Absorb|[of] p2a: Greninja\n|\n|upkeep\n|turn|10\n|\n|t:|1699422378\n|switch|p2a: Pepper|Pelipper, F|33\/100\n|-weather|RainDance|[from] ability: Drizzle|[of] p2a: Pepper\n|move|p1a: cat|Wish|p1a: cat\n|\n|-weather|RainDance|[upkeep]\n|upkeep\n|turn|11\n|\n|t:|1699422387\n|move|p2a: Pepper|Roost|p2a: Pepper\n|-heal|p2a: Pepper|83\/100\n|-singleturn|p2a: Pepper|move: Roost\n|move|p1a: cat|Blizzard|p2a: Pepper\n|-resisted|p2a: Pepper\n|-damage|p2a: Pepper|65\/100\n|\n|-weather|RainDance|[upkeep]\n|-heal|p1a: cat|100\/100|[from] move: Wish|[wisher] cat\n|upkeep\n|turn|12\n|j| ChungleWungle\n|\n|t:|1699422398\n|switch|p2a: Feeeeeesh|Palafin, F|100\/100\n|move|p1a: cat|Blizzard|p2a: Feeeeeesh|[miss]\n|-miss|p1a: cat|p2a: Feeeeeesh\n|\n|-weather|RainDance|[upkeep]\n|upkeep\n|turn|13\n|\n|t:|1699422419\n|switch|p1a: Morgana|Meowscarada, F, shiny|100\/100\n|move|p2a: Feeeeeesh|Flip Turn|p1a: Morgana\n|-resisted|p1a: Morgana\n|-damage|p1a: Morgana|61\/100\n|\n|t:|1699422429\n|detailschange|p2a: Feeeeeesh|Palafin-Hero, F\n|switch|p2a: Basculegion|Basculegion, M|100\/100|[from] Flip Turn\n|\n|-weather|RainDance|[upkeep]\n|upkeep\n|turn|14\n|\n|t:|1699422441\n|move|p1a: Morgana|Sucker Punch|p2a: Basculegion\n|-start|p1a: Morgana|typechange|Dark|[from] ability: Protean\n|-supereffective|p2a: Basculegion\n|-damage|p2a: Basculegion|0 fnt\n|faint|p2a: Basculegion\n|\n|-weather|RainDance|[upkeep]\n|upkeep\n|\n|t:|1699422461\n|switch|p2a: Greninja|Greninja, M|91\/100\n|turn|15\n|\n|t:|1699422482\n|switch|p1a: Honeycrisp|Appletun, M|100\/100\n|move|p2a: Greninja|Surf|p1a: Honeycrisp\n|-resisted|p1a: Honeycrisp\n|-damage|p1a: Honeycrisp|83\/100\n|-damage|p2a: Greninja|81\/100|[from] item: Life Orb\n|\n|-weather|RainDance|[upkeep]\n|-heal|p1a: Honeycrisp|89\/100|[from] item: Leftovers\n|upkeep\n|turn|16\n|\n|t:|1699422503\n|switch|p2a: Real Gone|Zapdos|3\/100\n|move|p1a: Honeycrisp|Apple Acid|p2a: Real Gone\n|-resisted|p2a: Real Gone\n|-damage|p2a: Real Gone|0 fnt\n|faint|p2a: Real Gone\n|\n|-weather|RainDance|[upkeep]\n|-heal|p1a: Honeycrisp|95\/100|[from] item: Leftovers\n|upkeep\n|\n|t:|1699422511\n|switch|p2a: Feeeeeesh|Palafin-Hero, F|100\/100\n|-activate|p2a: Feeeeeesh|ability: Zero to Hero\n|turn|17\n|\n|t:|1699422523\n|move|p2a: Feeeeeesh|Wave Crash|p1a: Honeycrisp\n|-resisted|p1a: Honeycrisp\n|-damage|p1a: Honeycrisp|64\/100\n|-damage|p2a: Feeeeeesh|88\/100|[from] Recoil\n|move|p1a: Honeycrisp|Apple Acid|p2a: Feeeeeesh\n|-supereffective|p2a: Feeeeeesh\n|-damage|p2a: Feeeeeesh|23\/100\n|-unboost|p2a: Feeeeeesh|spd|1\n|\n|-weather|none\n|-heal|p1a: Honeycrisp|70\/100|[from] item: Leftovers\n|upkeep\n|turn|18\n|j| rustygoomba\n|\n|t:|1699422554\n|move|p2a: Feeeeeesh|Wave Crash|p1a: Honeycrisp\n|-resisted|p1a: Honeycrisp\n|-damage|p1a: Honeycrisp|52\/100\n|-damage|p2a: Feeeeeesh|15\/100|[from] Recoil\n|move|p1a: Honeycrisp|Apple Acid|p2a: Feeeeeesh\n|-supereffective|p2a: Feeeeeesh\n|-damage|p2a: Feeeeeesh|0 fnt\n|faint|p2a: Feeeeeesh\n|\n|-heal|p1a: Honeycrisp|58\/100|[from] item: Leftovers\n|upkeep\n|\n|t:|1699422563\n|switch|p2a: Greninja|Greninja, M|81\/100\n|turn|19\n|\n|t:|1699422575\n|switch|p1a: Matthew|Chi-Yu|100\/100\n|-ability|p1a: Matthew|Beads of Ruin\n|move|p2a: Greninja|Ice Beam|p1a: Matthew\n|-resisted|p1a: Matthew\n|-damage|p1a: Matthew|79\/100\n|-status|p1a: Matthew|frz\n|-damage|p2a: Greninja|71\/100|[from] item: Life Orb\n|\n|upkeep\n|turn|20\n|\n|t:|1699422587\n|-terastallize|p1a: Matthew|Grass\n|cant|p1a: Matthew|frz\n|move|p2a: Greninja|Surf|p1a: Matthew\n|-resisted|p1a: Matthew\n|-damage|p1a: Matthew|51\/100 frz\n|-damage|p2a: Greninja|61\/100|[from] item: Life Orb\n|\n|upkeep\n|turn|21\n|\n|t:|1699422596\n|cant|p1a: Matthew|frz\n|move|p2a: Greninja|Ice Beam|p1a: Matthew\n|-supereffective|p1a: Matthew\n|-damage|p1a: Matthew|0 fnt\n|faint|p1a: Matthew\n|-ability|p2a: Greninja|Battle Bond|boost\n|-boost|p2a: Greninja|atk|1\n|-boost|p2a: Greninja|spa|1\n|-boost|p2a: Greninja|spe|1\n|-activate|p2a: Greninja|ability: Battle Bond\n|-damage|p2a: Greninja|51\/100|[from] item: Life Orb\n|\n|upkeep\n|\n|t:|1699422618\n|switch|p1a: cat|Vaporeon, M|100\/100\n|turn|22\n|\n|t:|1699422630\n|move|p2a: Greninja|Dark Pulse|p1a: cat\n|-damage|p1a: cat|53\/100\n|-damage|p2a: Greninja|42\/100|[from] item: Life Orb\n|move|p1a: cat|Scald|p2a: Greninja\n|-resisted|p2a: Greninja\n|-damage|p2a: Greninja|18\/100\n|\n|upkeep\n|turn|23\n|\n|t:|1699422644\n|move|p1a: cat|Protect|p1a: cat\n|-singleturn|p1a: cat|Protect\n|move|p2a: Greninja|Dark Pulse|p1a: cat\n|-activate|p1a: cat|move: Protect\n|\n|upkeep\n|turn|24\n|\n|t:|1699422650\n|move|p2a: Greninja|Dark Pulse|p1a: cat\n|-damage|p1a: cat|7\/100\n|-damage|p2a: Greninja|8\/100|[from] item: Life Orb\n|cant|p1a: cat|flinch\n|\n|upkeep\n|turn|25\n|\n|t:|1699422660\n|move|p2a: Greninja|Dark Pulse|p1a: cat\n|-damage|p1a: cat|0 fnt\n|faint|p1a: cat\n|-damage|p2a: Greninja|0 fnt|[from] item: Life Orb\n|faint|p2a: Greninja\n|\n|upkeep\n|\n|t:|1699422673\n|switch|p2a: Pepper|Pelipper, F|65\/100\n|switch|p1a: Honeycrisp|Appletun, M|24\/100 frz\n|-weather|RainDance|[from] ability: Drizzle|[of] p2a: Pepper\n|turn|26\n|\n|t:|1699422680\n|cant|p1a: Honeycrisp|frz\n|move|p2a: Pepper|Hurricane|p1a: Honeycrisp\n|-damage|p1a: Honeycrisp|0 fnt\n|replace|p1a: Henri|Zoroark-Hisui, M\n|-end|p1a: Henri|Illusion\n|faint|p1a: Henri\n|\n|-weather|RainDance|[upkeep]\n|upkeep\n|\n|t:|1699422693\n|switch|p1a: Morgana|Meowscarada, F, shiny|61\/100\n|turn|27\n|\n|t:|1699422698\n|move|p1a: Morgana|Flower Trick|p2a: Pepper\n|-start|p1a: Morgana|typechange|Grass|[from] ability: Protean\n|-crit|p2a: Pepper\n|-damage|p2a: Pepper|6\/100\n|move|p2a: Pepper|Hurricane|p1a: Morgana\n|-supereffective|p1a: Morgana\n|-damage|p1a: Morgana|0 fnt\n|faint|p1a: Morgana\n|\n|-weather|RainDance|[upkeep]\n|upkeep\n|\n|t:|1699422700\n|switch|p1a: Honeycrisp|Appletun, M|58\/100\n|turn|28\n|\n|t:|1699422716\n|move|p2a: Pepper|Roost|p2a: Pepper\n|-heal|p2a: Pepper|57\/100\n|-singleturn|p2a: Pepper|move: Roost\n|move|p1a: Honeycrisp|Draco Meteor|p2a: Pepper\n|-damage|p2a: Pepper|0 fnt\n|-unboost|p1a: Honeycrisp|spa|2\n|faint|p2a: Pepper\n|\n|win|RiddleDog\n|j| ChungleWungle\n|l| rustygoomba\n|j| RektCactus\n|l| RektCactus\n|j| RektCactus\n|l|\u2606Nagaina040501\n|j| rustygoomba\n","uploadtime":1699422779,"views":13,"p1id":"riddledog","p2id":"nagaina040501","formatid":"gen9ubers","rating":0,"private":0,"password":""}