{"id":"gen9ubers-1974577689","p1":"imJV","p2":"XpokVEVO","format":"[Gen 9] Ubers","log":"|j|\u2606imJV\n|j|\u2606XpokVEVO\n|t:|1698099055\n|gametype|singles\n|player|p1|imJV|schoolkid|\n|player|p2|XpokVEVO|rika|\n|teamsize|p1|6\n|teamsize|p2|6\n|gen|9\n|tier|[Gen 9] Ubers\n|rule|Sleep Clause Mod: Limit one foe put to sleep\n|rule|Species Clause: Limit one of each Pok\u00e9mon\n|rule|OHKO Clause: OHKO moves are banned\n|rule|Evasion Items Clause: Evasion items are banned\n|rule|Evasion Moves Clause: Evasion moves are banned\n|rule|Endless Battle Clause: Forcing endless battles is banned\n|rule|HP Percentage Mod: HP is shown in percentages\n|clearpoke\n|poke|p1|Shaymin-Sky|\n|poke|p1|Pelipper, M|\n|poke|p1|Rabsca, F|\n|poke|p1|Basculegion-F, F|\n|poke|p1|Arceus-Poison|\n|poke|p1|Giratina|\n|poke|p2|Arceus-Fire|\n|poke|p2|Cyclizar, M|\n|poke|p2|Espathra, M|\n|poke|p2|Magearna|\n|poke|p2|Spectrier|\n|poke|p2|Zacian-*|\n|teampreview\n|inactive|Battle timer is ON: inactive players will automatically lose when time's up. (requested by imJV)\n|c|\u2606XpokVEVO|i will make your life miserable\n|c|\u2606imJV|too late\n|\n|t:|1698099078\n|start\n|switch|p1a: Giratina|Giratina, shiny|100\/100\n|switch|p2a: Aunt Fanny|Magearna|100\/100\n|-ability|p1a: Giratina|Pressure\n|turn|1\n|\n|t:|1698099082\n|move|p1a: Giratina|Thunder Wave|p2a: Aunt Fanny\n|-status|p2a: Aunt Fanny|par\n|move|p2a: Aunt Fanny|Fleur Cannon|p1a: Giratina|[miss]\n|-miss|p2a: Aunt Fanny|p1a: Giratina\n|\n|upkeep\n|turn|2\n|c|\u2606imJV|gg\n|\n|t:|1698099099\n|move|p1a: Giratina|Hex|p2a: Aunt Fanny\n|-damage|p2a: Aunt Fanny|52\/100 par\n|move|p2a: Aunt Fanny|Thunder Wave|p1a: Giratina\n|-status|p1a: Giratina|par\n|\n|upkeep\n|turn|3\n|\n|t:|1698099119\n|switch|p1a: Pelipper|Pelipper, M|100\/100\n|-weather|RainDance|[from] ability: Drizzle|[of] p1a: Pelipper\n|switch|p2a: Akira|Cyclizar, M|100\/100\n|\n|-weather|RainDance|[upkeep]\n|upkeep\n|turn|4\n|\n|t:|1698099123\n|switch|p1a: Giratina|Giratina, shiny|100\/100 par\n|-ability|p1a: Giratina|Pressure\n|move|p2a: Akira|Shed Tail|p2a: Akira\n|-start|p2a: Akira|Substitute|[from] move: Shed Tail\n|-damage|p2a: Akira|50\/100\n|\n|t:|1698099129\n|switch|p2a: Emu War|Espathra, M|100\/100|[from] Shed Tail\n|\n|-weather|RainDance|[upkeep]\n|upkeep\n|turn|5\n|inactive|imJV has 270 seconds left.\n|inactive|XpokVEVO has 270 seconds left.\n|\n|t:|1698099177\n|move|p2a: Emu War|Calm Mind|p2a: Emu War\n|-boost|p2a: Emu War|spa|1\n|-boost|p2a: Emu War|spd|1\n|move|p1a: Giratina|Hex|p2a: Emu War\n|-supereffective|p2a: Emu War\n|-end|p2a: Emu War|Substitute\n|\n|-weather|RainDance|[upkeep]\n|-ability|p2a: Emu War|Speed Boost|boost\n|-boost|p2a: Emu War|spe|1\n|upkeep\n|turn|6\n|inactive|imJV has 270 seconds left.\n|\n|t:|1698099186\n|move|p2a: Emu War|Protect|p2a: Emu War\n|-singleturn|p2a: Emu War|Protect\n|move|p1a: Giratina|Thunder Wave|p2a: Emu War\n|-activate|p2a: Emu War|move: Protect\n|\n|-weather|RainDance|[upkeep]\n|-ability|p2a: Emu War|Speed Boost|boost\n|-boost|p2a: Emu War|spe|1\n|upkeep\n|turn|7\n|inactive|XpokVEVO has 240 seconds left.\n|inactive|XpokVEVO has 210 seconds left.\n|inactive|XpokVEVO has 180 seconds left.\n|\n|t:|1698099280\n|move|p2a: Emu War|Calm Mind|p2a: Emu War\n|-boost|p2a: Emu War|spa|1\n|-boost|p2a: Emu War|spd|1\n|move|p1a: Giratina|Thunder Wave|p2a: Emu War\n|-status|p2a: Emu War|par\n|\n|-weather|RainDance|[upkeep]\n|-ability|p2a: Emu War|Speed Boost|boost\n|-boost|p2a: Emu War|spe|1\n|upkeep\n|turn|8\n|inactive|XpokVEVO has 180 seconds left.\n|inactive|imJV has 270 seconds left.\n|\n|t:|1698099304\n|switch|p1a: Arceus|Arceus-Poison|100\/100\n|move|p2a: Emu War|Protect||[still]\n|-fail|p2a: Emu War\n|\n|-weather|RainDance|[upkeep]\n|-ability|p2a: Emu War|Speed Boost|boost\n|-boost|p2a: Emu War|spe|1\n|upkeep\n|turn|9\n|inactive|imJV has 270 seconds left.\n|inactive|XpokVEVO has 180 seconds left.\n|\n|t:|1698099346\n|switch|p1a: Rabsca|Rabsca, F|100\/100\n|move|p2a: Emu War|Stored Power|p1a: Rabsca\n|-resisted|p1a: Rabsca\n|-damage|p1a: Rabsca|37\/100\n|\n|-weather|RainDance|[upkeep]\n|-ability|p2a: Emu War|Speed Boost|boost\n|-boost|p2a: Emu War|spe|1\n|upkeep\n|turn|10\n|\n|t:|1698099361\n|cant|p2a: Emu War|par\n|move|p1a: Rabsca|Memento|p2a: Emu War\n|-unboost|p2a: Emu War|atk|2\n|-unboost|p2a: Emu War|spa|2\n|faint|p1a: Rabsca\n|\n|-weather|none\n|-ability|p2a: Emu War|Speed Boost|boost\n|-boost|p2a: Emu War|spe|1\n|upkeep\n|inactive|imJV has 240 seconds left.\n|\n|t:|1698099380\n|switch|p1a: Giratina|Giratina, shiny|100\/100 par\n|-ability|p1a: Giratina|Pressure\n|turn|11\n|\n|t:|1698099392\n|cant|p2a: Emu War|par\n|move|p1a: Giratina|Hex|p2a: Emu War\n|-supereffective|p2a: Emu War\n|-damage|p2a: Emu War|35\/100 par\n|\n|upkeep\n|turn|12\n|\n|t:|1698099403\n|move|p2a: Emu War|Stored Power|p1a: Giratina\n|-damage|p1a: Giratina|62\/100 par\n|cant|p1a: Giratina|par\n|\n|-heal|p1a: Giratina|68\/100 par|[from] item: Leftovers\n|upkeep\n|turn|13\n|\n|t:|1698099407\n|move|p2a: Emu War|Stored Power|p1a: Giratina\n|-damage|p1a: Giratina|32\/100 par\n|move|p1a: Giratina|Hex|p2a: Emu War\n|-supereffective|p2a: Emu War\n|-crit|p2a: Emu War\n|-damage|p2a: Emu War|0 fnt\n|faint|p2a: Emu War\n|\n|-heal|p1a: Giratina|38\/100 par|[from] item: Leftovers\n|upkeep\n|inactive|XpokVEVO has 180 seconds left.\n|\n|t:|1698099424\n|switch|p2a: ThanksMeemMeyn|Spectrier|100\/100\n|turn|14\n|inactive|imJV has 270 seconds left.\n|inactive|XpokVEVO has 180 seconds left.\n|\n|t:|1698099450\n|-terastallize|p1a: Giratina|Water\n|move|p2a: ThanksMeemMeyn|Substitute|p2a: ThanksMeemMeyn\n|-start|p2a: ThanksMeemMeyn|Substitute\n|-damage|p2a: ThanksMeemMeyn|76\/100\n|move|p1a: Giratina|Thunder Wave||[still]\n|-fail|p1a: Giratina\n|\n|-heal|p1a: Giratina|44\/100 par|[from] item: Leftovers\n|upkeep\n|turn|15\n|\n|t:|1698099456\n|move|p2a: ThanksMeemMeyn|Nasty Plot|p2a: ThanksMeemMeyn\n|-boost|p2a: ThanksMeemMeyn|spa|2\n|cant|p1a: Giratina|par\n|\n|-heal|p1a: Giratina|50\/100 par|[from] item: Leftovers\n|upkeep\n|turn|16\n|\n|t:|1698099464\n|move|p2a: ThanksMeemMeyn|Shadow Ball|p1a: Giratina\n|-damage|p1a: Giratina|2\/100 par\n|-damage|p2a: ThanksMeemMeyn|66\/100|[from] item: Life Orb\n|move|p1a: Giratina|Destiny Bond|p1a: Giratina\n|-singlemove|p1a: Giratina|Destiny Bond\n|\n|-heal|p1a: Giratina|8\/100 par|[from] item: Leftovers\n|upkeep\n|turn|17\n|inactive|XpokVEVO has 180 seconds left.\n|\n|t:|1698099488\n|move|p2a: ThanksMeemMeyn|Nasty Plot|p2a: ThanksMeemMeyn\n|-boost|p2a: ThanksMeemMeyn|spa|2\n|move|p1a: Giratina|Hex|p2a: ThanksMeemMeyn\n|-supereffective|p2a: ThanksMeemMeyn\n|-end|p2a: ThanksMeemMeyn|Substitute\n|\n|-heal|p1a: Giratina|14\/100 par|[from] item: Leftovers\n|upkeep\n|turn|18\n|inactive|XpokVEVO has 180 seconds left.\n|inactive|imJV has 270 seconds left.\n|inactive|XpokVEVO has 150 seconds left.\n|\n|t:|1698099532\n|move|p2a: ThanksMeemMeyn|Substitute|p2a: ThanksMeemMeyn\n|-start|p2a: ThanksMeemMeyn|Substitute\n|-damage|p2a: ThanksMeemMeyn|41\/100\n|move|p1a: Giratina|Hex|p2a: ThanksMeemMeyn\n|-supereffective|p2a: ThanksMeemMeyn\n|-end|p2a: ThanksMeemMeyn|Substitute\n|\n|-heal|p1a: Giratina|21\/100 par|[from] item: Leftovers\n|upkeep\n|turn|19\n|inactive|XpokVEVO has 150 seconds left.\n|\n|t:|1698099545\n|move|p2a: ThanksMeemMeyn|Draining Kiss|p1a: Giratina\n|-damage|p1a: Giratina|0 fnt\n|-heal|p2a: ThanksMeemMeyn|63\/100|[from] drain|[of] p1a: Giratina\n|faint|p1a: Giratina\n|-ability|p2a: ThanksMeemMeyn|Grim Neigh|boost\n|-boost|p2a: ThanksMeemMeyn|spa|1\n|-damage|p2a: ThanksMeemMeyn|53\/100|[from] item: Life Orb\n|\n|upkeep\n|\n|t:|1698099555\n|switch|p1a: Pelipper|Pelipper, M|100\/100\n|-weather|RainDance|[from] ability: Drizzle|[of] p1a: Pelipper\n|turn|20\n|\n|t:|1698099564\n|move|p2a: ThanksMeemMeyn|Substitute|p2a: ThanksMeemMeyn\n|-start|p2a: ThanksMeemMeyn|Substitute\n|-damage|p2a: ThanksMeemMeyn|28\/100\n|move|p1a: Pelipper|Knock Off|p2a: ThanksMeemMeyn\n|-supereffective|p2a: ThanksMeemMeyn\n|-end|p2a: ThanksMeemMeyn|Substitute\n|\n|-weather|RainDance|[upkeep]\n|upkeep\n|turn|21\n|\n|t:|1698099579\n|-terastallize|p2a: ThanksMeemMeyn|Fairy\n|move|p2a: ThanksMeemMeyn|Substitute|p2a: ThanksMeemMeyn\n|-start|p2a: ThanksMeemMeyn|Substitute\n|-damage|p2a: ThanksMeemMeyn|3\/100\n|move|p1a: Pelipper|Knock Off|p2a: ThanksMeemMeyn\n|-resisted|p2a: ThanksMeemMeyn\n|-activate|p2a: ThanksMeemMeyn|move: Substitute|[damage]\n|\n|-weather|RainDance|[upkeep]\n|upkeep\n|turn|22\n|\n|t:|1698099585\n|move|p2a: ThanksMeemMeyn|Draining Kiss|p1a: Pelipper\n|-damage|p1a: Pelipper|0 fnt\n|-heal|p2a: ThanksMeemMeyn|74\/100|[from] drain|[of] p1a: Pelipper\n|faint|p1a: Pelipper\n|-ability|p2a: ThanksMeemMeyn|Grim Neigh|boost\n|-boost|p2a: ThanksMeemMeyn|spa|1\n|-damage|p2a: ThanksMeemMeyn|64\/100|[from] item: Life Orb\n|\n|-weather|RainDance|[upkeep]\n|upkeep\n|\n|t:|1698099591\n|switch|p1a: Arceus|Arceus-Poison|100\/100\n|turn|23\n|\n|t:|1698099601\n|move|p2a: ThanksMeemMeyn|Shadow Ball|p1a: Arceus\n|-damage|p1a: Arceus|0 fnt\n|faint|p1a: Arceus\n|-damage|p2a: ThanksMeemMeyn|54\/100|[from] item: Life Orb\n|\n|-weather|RainDance|[upkeep]\n|upkeep\n|\n|t:|1698099610\n|switch|p1a: Shaymin|Shaymin-Sky|100\/100\n|turn|24\n|\n|t:|1698099613\n|move|p2a: ThanksMeemMeyn|Shadow Ball|p1a: Shaymin\n|-damage|p1a: Shaymin|0 fnt\n|faint|p1a: Shaymin\n|-damage|p2a: ThanksMeemMeyn|44\/100|[from] item: Life Orb\n|\n|-weather|RainDance|[upkeep]\n|upkeep\n|\n|t:|1698099615\n|switch|p1a: Basculegion|Basculegion-F, F|100\/100\n|turn|25\n|inactive|XpokVEVO has 210 seconds left.\n|\n|t:|1698099649\n|move|p1a: Basculegion|Aqua Jet|p2a: ThanksMeemMeyn\n|-end|p2a: ThanksMeemMeyn|Substitute\n|move|p2a: ThanksMeemMeyn|Shadow Ball|p1a: Basculegion\n|-supereffective|p1a: Basculegion\n|-damage|p1a: Basculegion|0 fnt\n|faint|p1a: Basculegion\n|-damage|p2a: ThanksMeemMeyn|34\/100|[from] item: Life Orb\n|\n|win|XpokVEVO\n|c|\u2606imJV|wp\n","uploadtime":1698099655,"views":56,"p1id":"imjv","p2id":"xpokvevo","formatid":"gen9ubers","rating":0,"private":0,"password":""}