{"id":"gen9ubers-1983278800","p1":"NotADragonTrainer","p2":"Kevman4456","format":"[Gen 9] Ubers","log":"|j|\u2606NotADragonTrainer\n|j|\u2606Kevman4456\n|t:|1699113504\n|gametype|singles\n|player|p1|NotADragonTrainer|lance|\n|player|p2|Kevman4456|266|\n|teamsize|p1|6\n|teamsize|p2|6\n|gen|9\n|tier|[Gen 9] Ubers\n|rule|Sleep Clause Mod: Limit one foe put to sleep\n|rule|Species Clause: Limit one of each Pok\u00e9mon\n|rule|OHKO Clause: OHKO moves are banned\n|rule|Evasion Items Clause: Evasion items are banned\n|rule|Evasion Moves Clause: Evasion moves are banned\n|rule|Endless Battle Clause: Forcing endless battles is banned\n|rule|HP Percentage Mod: HP is shown in percentages\n|clearpoke\n|poke|p1|Chi-Yu|\n|poke|p1|Ogerpon-Wellspring, F|\n|poke|p1|Hatterene, F|\n|poke|p1|Meowscarada, F|\n|poke|p1|Iron Hands|\n|poke|p1|Clodsire, F|\n|poke|p2|Luxray, M|\n|poke|p2|Murkrow, F|\n|poke|p2|Tauros-Paldea-Aqua, M|\n|poke|p2|Corviknight, F|\n|poke|p2|Kommo-o, M|\n|poke|p2|Arcanine, F|\n|teampreview\n|\n|t:|1699113606\n|start\n|switch|p1a: Yuta|Clodsire, F|100\/100\n|switch|p2a: Corviknight|Corviknight, F|100\/100\n|-ability|p2a: Corviknight|Pressure\n|turn|1\n|\n|t:|1699113640\n|move|p2a: Corviknight|Flash Cannon|p1a: Yuta\n|-damage|p1a: Yuta|91\/100\n|move|p1a: Yuta|Stealth Rock|p2a: Corviknight\n|-sidestart|p2: Kevman4456|move: Stealth Rock\n|\n|upkeep\n|turn|2\n|\n|t:|1699113667\n|move|p2a: Corviknight|Drill Peck|p1a: Yuta\n|-damage|p1a: Yuta|63\/100\n|move|p1a: Yuta|Toxic Spikes|p2a: Corviknight\n|-sidestart|p2: Kevman4456|move: Toxic Spikes\n|\n|upkeep\n|turn|3\n|\n|t:|1699113675\n|move|p2a: Corviknight|Hone Claws|p2a: Corviknight\n|-boost|p2a: Corviknight|atk|1\n|-boost|p2a: Corviknight|accuracy|1\n|move|p1a: Yuta|Recover|p1a: Yuta\n|-heal|p1a: Yuta|100\/100\n|\n|upkeep\n|turn|4\n|\n|t:|1699113697\n|switch|p1a: Obito|Chi-Yu|100\/100\n|-ability|p1a: Obito|Beads of Ruin\n|move|p2a: Corviknight|Drill Peck|p1a: Obito\n|-damage|p1a: Obito|38\/100\n|\n|upkeep\n|turn|5\n|\n|t:|1699113711\n|move|p1a: Obito|Flame Charge|p2a: Corviknight\n|-supereffective|p2a: Corviknight\n|-damage|p2a: Corviknight|79\/100\n|-boost|p1a: Obito|spe|1\n|-damage|p1a: Obito|22\/100|[from] item: Rocky Helmet|[of] p2a: Corviknight\n|move|p2a: Corviknight|Drill Peck|p1a: Obito\n|-damage|p1a: Obito|0 fnt\n|faint|p1a: Obito\n|\n|upkeep\n|\n|t:|1699113814\n|switch|p1a: Rukia|Meowscarada, F, shiny|100\/100\n|turn|6\n|\n|t:|1699113824\n|switch|p2a: Arcanine|Arcanine, F|100\/100\n|-damage|p2a: Arcanine|76\/100|[from] Stealth Rock\n|-status|p2a: Arcanine|psn\n|-ability|p2a: Arcanine|Intimidate|boost\n|-unboost|p1a: Rukia|atk|1\n|move|p1a: Rukia|Knock Off|p2a: Arcanine\n|-start|p1a: Rukia|typechange|Dark|[from] ability: Protean\n|-damage|p2a: Arcanine|39\/100 psn\n|-enditem|p2a: Arcanine|Choice Specs|[from] move: Knock Off|[of] p1a: Rukia\n|\n|-damage|p2a: Arcanine|27\/100 psn|[from] psn\n|upkeep\n|turn|7\n|\n|t:|1699113847\n|switch|p1a: Hands da Ocky Way|Iron Hands|100\/100\n|-enditem|p1a: Hands da Ocky Way|Booster Energy\n|-activate|p1a: Hands da Ocky Way|ability: Quark Drive|[fromitem]\n|-start|p1a: Hands da Ocky Way|quarkdriveatk\n|move|p2a: Arcanine|Flare Blitz|p1a: Hands da Ocky Way\n|-damage|p1a: Hands da Ocky Way|64\/100\n|-damage|p2a: Arcanine|8\/100 psn|[from] Recoil\n|\n|-damage|p2a: Arcanine|0 fnt|[from] psn\n|faint|p2a: Arcanine\n|upkeep\n|\n|t:|1699113862\n|switch|p2a: Tauros|Tauros-Paldea-Aqua, M|100\/100\n|-ability|p2a: Tauros|Intimidate|boost\n|-unboost|p1a: Hands da Ocky Way|atk|1\n|turn|8\n|\n|t:|1699113876\n|move|p2a: Tauros|Close Combat|p1a: Hands da Ocky Way\n|-damage|p1a: Hands da Ocky Way|30\/100\n|-unboost|p2a: Tauros|def|1\n|-unboost|p2a: Tauros|spd|1\n|move|p1a: Hands da Ocky Way|Wild Charge|p2a: Tauros\n|-supereffective|p2a: Tauros\n|-damage|p2a: Tauros|0 fnt\n|faint|p2a: Tauros\n|-damage|p1a: Hands da Ocky Way|15\/100|[from] Recoil\n|\n|upkeep\n|\n|t:|1699113890\n|switch|p2a: Corviknight|Corviknight, F|79\/100\n|-damage|p2a: Corviknight|67\/100|[from] Stealth Rock\n|-ability|p2a: Corviknight|Pressure\n|turn|9\n|\n|t:|1699113896\n|move|p2a: Corviknight|Drill Peck|p1a: Hands da Ocky Way\n|-damage|p1a: Hands da Ocky Way|1\/100\n|move|p1a: Hands da Ocky Way|Drain Punch|p2a: Corviknight\n|-damage|p2a: Corviknight|34\/100\n|-heal|p1a: Hands da Ocky Way|14\/100|[from] drain|[of] p2a: Corviknight\n|-damage|p1a: Hands da Ocky Way|0 fnt|[from] item: Rocky Helmet|[of] p2a: Corviknight\n|faint|p1a: Hands da Ocky Way\n|-end|p1a: Hands da Ocky Way|Quark Drive|[silent]\n|\n|upkeep\n|\n|t:|1699113910\n|switch|p1a: Rukia|Meowscarada, F, shiny|100\/100\n|turn|10\n|\n|t:|1699113916\n|move|p1a: Rukia|Leech Seed|p2a: Corviknight\n|-start|p1a: Rukia|typechange|Grass|[from] ability: Protean\n|-start|p2a: Corviknight|move: Leech Seed\n|move|p2a: Corviknight|Hone Claws|p2a: Corviknight\n|-boost|p2a: Corviknight|atk|1\n|-boost|p2a: Corviknight|accuracy|1\n|\n|-damage|p2a: Corviknight|22\/100|[from] Leech Seed|[of] p1a: Rukia\n|upkeep\n|turn|11\n|\n|t:|1699113927\n|move|p1a: Rukia|Knock Off|p2a: Corviknight\n|-damage|p2a: Corviknight|1\/100\n|-damage|p1a: Rukia|84\/100|[from] item: Rocky Helmet|[of] p2a: Corviknight\n|-enditem|p2a: Corviknight|Rocky Helmet|[from] move: Knock Off|[of] p1a: Rukia\n|move|p2a: Corviknight|Drill Peck|p1a: Rukia\n|-supereffective|p1a: Rukia\n|-damage|p1a: Rukia|0 fnt\n|faint|p1a: Rukia\n|\n|upkeep\n|\n|t:|1699113940\n|switch|p1a: Yuta|Clodsire, F|100\/100\n|turn|12\n|\n|t:|1699113947\n|move|p2a: Corviknight|Drill Peck|p1a: Yuta\n|-damage|p1a: Yuta|73\/100\n|move|p1a: Yuta|Toxic Spikes|p2a: Corviknight\n|-sidestart|p2: Kevman4456|move: Toxic Spikes\n|\n|-damage|p2a: Corviknight|0 fnt|[from] Leech Seed|[of] p1a: Yuta\n|-heal|p1a: Yuta|73\/100|[silent]\n|faint|p2a: Corviknight\n|upkeep\n|\n|t:|1699113958\n|switch|p2a: Murkrow|Murkrow, F|100\/100\n|-damage|p2a: Murkrow|76\/100|[from] Stealth Rock\n|turn|13\n|\n|t:|1699113992\n|move|p2a: Murkrow|Haze|p2a: Murkrow\n|-clearallboost\n|move|p1a: Yuta|Recover|p1a: Yuta\n|-heal|p1a: Yuta|100\/100\n|\n|upkeep\n|turn|14\n|\n|t:|1699114017\n|switch|p1a: Nonon|Hatterene, F, shiny|100\/100\n|move|p2a: Murkrow|Foul Play|p1a: Nonon\n|-damage|p1a: Nonon|82\/100\n|\n|-heal|p1a: Nonon|88\/100|[from] item: Leftovers\n|upkeep\n|turn|15\n|\n|t:|1699114029\n|switch|p2a: Kommo-o|Kommo-o, M|100\/100\n|-damage|p2a: Kommo-o|94\/100|[from] Stealth Rock\n|-status|p2a: Kommo-o|tox\n|move|p1a: Nonon|Draining Kiss|p2a: Kommo-o\n|-supereffective|p2a: Kommo-o\n|-damage|p2a: Kommo-o|0 fnt\n|-heal|p1a: Nonon|100\/100|[from] drain|[of] p2a: Kommo-o\n|faint|p2a: Kommo-o\n|\n|upkeep\n|\n|t:|1699114040\n|switch|p2a: Luxray|Luxray, M|100\/100\n|-damage|p2a: Luxray|88\/100|[from] Stealth Rock\n|-status|p2a: Luxray|tox\n|turn|16\n|\n|t:|1699114058\n|switch|p1a: Yuta|Clodsire, F|100\/100\n|move|p2a: Luxray|Thunder|p1a: Yuta\n|-immune|p1a: Yuta\n|\n|-damage|p2a: Luxray|82\/100 tox|[from] psn\n|upkeep\n|turn|17\n|\n|t:|1699114070\n|-terastallize|p2a: Luxray|Electric\n|move|p2a: Luxray|Quick Attack|p1a: Yuta\n|-damage|p1a: Yuta|90\/100\n|move|p1a: Yuta|Earthquake|p2a: Luxray\n|-supereffective|p2a: Luxray\n|-crit|p2a: Luxray\n|-damage|p2a: Luxray|0 fnt\n|faint|p2a: Luxray\n|\n|upkeep\n|\n|t:|1699114080\n|switch|p2a: Murkrow|Murkrow, F|76\/100\n|-damage|p2a: Murkrow|51\/100|[from] Stealth Rock\n|turn|18\n|\n|t:|1699114088\n|switch|p1a: Nonon|Hatterene, F, shiny|100\/100\n|move|p2a: Murkrow|Heat Wave|p1a: Nonon\n|-damage|p1a: Nonon|82\/100\n|\n|-heal|p1a: Nonon|88\/100|[from] item: Leftovers\n|upkeep\n|turn|19\n|\n|t:|1699114098\n|move|p2a: Murkrow|Drill Peck|p1a: Nonon\n|-damage|p1a: Nonon|68\/100\n|move|p1a: Nonon|Draining Kiss|p2a: Murkrow\n|-supereffective|p2a: Murkrow\n|-damage|p2a: Murkrow|0 fnt\n|-heal|p1a: Nonon|100\/100|[from] drain|[of] p2a: Murkrow\n|faint|p2a: Murkrow\n|\n|win|NotADragonTrainer\n|c|\u2606NotADragonTrainer|gg kev :)\n|c|\u2606NotADragonTrainer|you did better than i expected ngl\n|c|\u2606NotADragonTrainer|that was wild\n","uploadtime":1699114121,"views":22,"p1id":"notadragontrainer","p2id":"kevman4456","formatid":"gen9ubers","rating":0,"private":0,"password":""}