{"id":"gen9ubers-1977859812","p1":"ItsmeBlankKnight","p2":"PinkScourge","format":"[Gen 9] Ubers","log":"|j|\u2606ItsmeBlankKnight\n|j|\u2606PinkScourge\n|t:|1698458478\n|gametype|singles\n|player|p1|ItsmeBlankKnight|larry|\n|player|p2|PinkScourge|bede-leader|\n|teamsize|p1|6\n|teamsize|p2|6\n|gen|9\n|tier|[Gen 9] Ubers\n|rule|Sleep Clause Mod: Limit one foe put to sleep\n|rule|Species Clause: Limit one of each Pok\u00e9mon\n|rule|OHKO Clause: OHKO moves are banned\n|rule|Evasion Items Clause: Evasion items are banned\n|rule|Evasion Moves Clause: Evasion moves are banned\n|rule|Endless Battle Clause: Forcing endless battles is banned\n|rule|HP Percentage Mod: HP is shown in percentages\n|clearpoke\n|poke|p1|Chi-Yu|\n|poke|p1|Palafin, M|\n|poke|p1|Spectrier|\n|poke|p1|Zacian-*|\n|poke|p1|Arceus-Poison|\n|poke|p1|Masquerain, M|\n|poke|p2|Scream Tail|\n|poke|p2|Alomomola, M|\n|poke|p2|Arceus-Poison|\n|poke|p2|Zacian-*|\n|poke|p2|Amoonguss, F|\n|poke|p2|Weezing-Galar, F|\n|teampreview\n|inactive|Battle timer is ON: inactive players will automatically lose when time's up. (requested by ItsmeBlankKnight)\n|inactive|PinkScourge also wants the timer to be on.\n|\n|t:|1698458486\n|start\n|switch|p1a: Masquerain|Masquerain, M|100\/100\n|switch|p2a: Weezing|Weezing-Galar, F, shiny|100\/100\n|-ability|p1a: Masquerain|Intimidate|boost\n|-unboost|p2a: Weezing|atk|1\n|-fieldstart|move: Misty Terrain|[from] ability: Misty Surge|[of] p2a: Weezing\n|turn|1\n|\n|t:|1698458493\n|move|p1a: Masquerain|Sticky Web|p2a: Weezing\n|-sidestart|p2: PinkScourge|move: Sticky Web\n|move|p2a: Weezing|Strange Steam|p1a: Masquerain\n|-damage|p1a: Masquerain|71\/100\n|\n|upkeep\n|turn|2\n|\n|t:|1698458498\n|move|p1a: Masquerain|Hydro Pump|p2a: Weezing\n|-damage|p2a: Weezing|72\/100\n|move|p2a: Weezing|Strange Steam|p1a: Masquerain\n|-damage|p1a: Masquerain|39\/100\n|\n|upkeep\n|turn|3\n|\n|t:|1698458505\n|switch|p1a: Palafin|Palafin, M|100\/100\n|move|p2a: Weezing|Defog|p1a: Palafin\n|-unboost|p1a: Palafin|evasion|1\n|-sideend|p2: PinkScourge|Sticky Web|[from] move: Defog|[of] p2a: Weezing\n|-fieldend|Misty Terrain\n|\n|upkeep\n|turn|4\n|\n|t:|1698458510\n|detailschange|p1a: Palafin|Palafin-Hero, M\n|switch|p1a: Masquerain|Masquerain, M|39\/100\n|-ability|p1a: Masquerain|Intimidate|boost\n|-unboost|p2a: Weezing|atk|1\n|switch|p2a: Alomomola|Alomomola, M|100\/100\n|\n|upkeep\n|turn|5\n|\n|t:|1698458515\n|move|p1a: Masquerain|Sticky Web|p2a: Alomomola\n|-sidestart|p2: PinkScourge|move: Sticky Web\n|move|p2a: Alomomola|Flip Turn|p1a: Masquerain\n|-damage|p1a: Masquerain|17\/100\n|\n|t:|1698458520\n|switch|p2a: Weezing|Weezing-Galar, F, shiny|72\/100|[from] Flip Turn\n|-fieldstart|move: Misty Terrain|[from] ability: Misty Surge|[of] p2a: Weezing\n|\n|upkeep\n|turn|6\n|\n|t:|1698458525\n|move|p1a: Masquerain|Tailwind|p1a: Masquerain\n|-sidestart|p1: ItsmeBlankKnight|move: Tailwind\n|move|p2a: Weezing|Defog|p1a: Masquerain\n|-unboost|p1a: Masquerain|evasion|1\n|-sideend|p2: PinkScourge|Sticky Web|[from] move: Defog|[of] p2a: Weezing\n|-fieldend|Misty Terrain\n|\n|upkeep\n|turn|7\n|\n|t:|1698458531\n|move|p1a: Masquerain|Sticky Web|p2a: Weezing\n|-sidestart|p2: PinkScourge|move: Sticky Web\n|move|p2a: Weezing|Strange Steam|p1a: Masquerain\n|-damage|p1a: Masquerain|0 fnt\n|faint|p1a: Masquerain\n|\n|upkeep\n|\n|t:|1698458535\n|switch|p1a: Chi-Yu|Chi-Yu|100\/100\n|-ability|p1a: Chi-Yu|Beads of Ruin\n|turn|8\n|\n|t:|1698458547\n|switch|p2a: Alomomola|Alomomola, M|100\/100\n|-activate|p2a: Alomomola|move: Sticky Web\n|-unboost|p2a: Alomomola|spe|1\n|-terastallize|p1a: Chi-Yu|Fire\n|move|p1a: Chi-Yu|Flamethrower|p2a: Alomomola\n|-resisted|p2a: Alomomola\n|-damage|p2a: Alomomola|36\/100\n|\n|upkeep\n|turn|9\n|\n|t:|1698458556\n|move|p2a: Alomomola|Protect|p2a: Alomomola\n|-singleturn|p2a: Alomomola|Protect\n|move|p1a: Chi-Yu|Flamethrower|p2a: Alomomola\n|-activate|p2a: Alomomola|move: Protect\n|\n|-sideend|p1: ItsmeBlankKnight|move: Tailwind\n|upkeep\n|turn|10\n|inactive|PinkScourge has 270 seconds left.\n|\n|t:|1698458586\n|switch|p2a: Scream Tail|Scream Tail|100\/100\n|-activate|p2a: Scream Tail|move: Sticky Web\n|-unboost|p2a: Scream Tail|spe|1\n|move|p1a: Chi-Yu|Flamethrower|p2a: Scream Tail\n|-damage|p2a: Scream Tail|20\/100\n|\n|-heal|p2a: Scream Tail|26\/100|[from] item: Leftovers\n|upkeep\n|turn|11\n|c|\u2606ItsmeBlankKnight|chi yu be crazy\n|\n|t:|1698458592\n|move|p2a: Scream Tail|Protect|p2a: Scream Tail\n|-singleturn|p2a: Scream Tail|Protect\n|move|p1a: Chi-Yu|Flamethrower|p2a: Scream Tail\n|-activate|p2a: Scream Tail|move: Protect\n|\n|-heal|p2a: Scream Tail|32\/100|[from] item: Leftovers\n|upkeep\n|turn|12\n|inactive|PinkScourge has 270 seconds left.\n|\n|t:|1698458608\n|-end|p2a: Scream Tail|Protosynthesis|[silent]\n|switch|p2a: Alomomola|Alomomola, M|70\/100\n|-activate|p2a: Alomomola|move: Sticky Web\n|-unboost|p2a: Alomomola|spe|1\n|move|p1a: Chi-Yu|Flamethrower|p2a: Alomomola\n|-resisted|p2a: Alomomola\n|-damage|p2a: Alomomola|7\/100\n|\n|upkeep\n|turn|13\n|\n|t:|1698458614\n|move|p2a: Alomomola|Protect|p2a: Alomomola\n|-singleturn|p2a: Alomomola|Protect\n|move|p1a: Chi-Yu|Flamethrower|p2a: Alomomola\n|-activate|p2a: Alomomola|move: Protect\n|\n|upkeep\n|turn|14\n|\n|t:|1698458618\n|switch|p2a: Scream Tail|Scream Tail|32\/100\n|-activate|p2a: Scream Tail|move: Sticky Web\n|-unboost|p2a: Scream Tail|spe|1\n|move|p1a: Chi-Yu|Flamethrower|p2a: Scream Tail\n|-damage|p2a: Scream Tail|0 fnt\n|faint|p2a: Scream Tail\n|-end|p2a: Scream Tail|Protosynthesis|[silent]\n|\n|upkeep\n|c|\u2606ItsmeBlankKnight|no offense, im curious what are u trying to do\n|\n|t:|1698458636\n|switch|p2a: Weezing|Weezing-Galar, F, shiny|72\/100\n|-fieldstart|move: Misty Terrain|[from] ability: Misty Surge|[of] p2a: Weezing\n|turn|15\n|\n|t:|1698458640\n|-terastallize|p2a: Weezing|Water\n|move|p1a: Chi-Yu|Flamethrower|p2a: Weezing\n|-resisted|p2a: Weezing\n|-damage|p2a: Weezing|0 fnt\n|faint|p2a: Weezing\n|\n|upkeep\n|c|\u2606PinkScourge|And, that didn't work\n|\n|t:|1698458650\n|switch|p2a: Zacian|Zacian|100\/100\n|-activate|p2a: Zacian|move: Sticky Web\n|-unboost|p2a: Zacian|spe|1\n|-ability|p2a: Zacian|Intrepid Sword|boost\n|-boost|p2a: Zacian|atk|1\n|turn|16\n|c|\u2606ItsmeBlankKnight|ya\n|\n|t:|1698458656\n|move|p1a: Chi-Yu|Flamethrower|p2a: Zacian\n|-damage|p2a: Zacian|0 fnt\n|faint|p2a: Zacian\n|\n|upkeep\n|\n|t:|1698458659\n|switch|p2a: Arceus|Arceus-Poison|100\/100\n|-activate|p2a: Arceus|move: Sticky Web\n|-unboost|p2a: Arceus|spe|1\n|turn|17\n|c|\u2606ItsmeBlankKnight|I was really worried bout u outspeeding\n|\n|t:|1698458668\n|move|p1a: Chi-Yu|Flamethrower|p2a: Arceus\n|-damage|p2a: Arceus|30\/100\n|move|p2a: Arceus|Poison Jab|p1a: Chi-Yu\n|-damage|p1a: Chi-Yu|32\/100\n|\n|upkeep\n|turn|18\n|\n|t:|1698458676\n|move|p1a: Chi-Yu|Flamethrower|p2a: Arceus\n|-damage|p2a: Arceus|0 fnt\n|faint|p2a: Arceus\n|\n|upkeep\n|\n|t:|1698458679\n|switch|p2a: Alomomola|Alomomola, M|40\/100\n|-activate|p2a: Alomomola|move: Sticky Web\n|-unboost|p2a: Alomomola|spe|1\n|turn|19\n|\n|t:|1698458685\n|move|p1a: Chi-Yu|Flamethrower|p2a: Alomomola\n|-resisted|p2a: Alomomola\n|-damage|p2a: Alomomola|0 fnt\n|faint|p2a: Alomomola\n|\n|-fieldend|Misty Terrain\n|upkeep\n|\n|t:|1698458688\n|switch|p2a: Amoonguss|Amoonguss, F|100\/100\n|-activate|p2a: Amoonguss|move: Sticky Web\n|-unboost|p2a: Amoonguss|spe|1\n|turn|20\n|\n|t:|1698458692\n|move|p1a: Chi-Yu|Flamethrower|p2a: Amoonguss\n|-supereffective|p2a: Amoonguss\n|-damage|p2a: Amoonguss|0 fnt\n|faint|p2a: Amoonguss\n|\n|win|ItsmeBlankKnight\n|c|\u2606ItsmeBlankKnight|gg\n|c|\u2606PinkScourge|Rematch?\n|c|\u2606ItsmeBlankKnight|sure lemme post vod\n","uploadtime":1698458708,"views":15,"p1id":"itsmeblankknight","p2id":"pinkscourge","formatid":"gen9ubers","rating":0,"private":0,"password":""}