{"id":"gen9ubers-1974708790","p1":"ChiefBlueScreen","p2":"NotADragonTrainer","format":"[Gen 9] Ubers","log":"|j|\u2606ChiefBlueScreen\n|j|\u2606NotADragonTrainer\n|t:|1698112791\n|gametype|singles\n|player|p1|ChiefBlueScreen|schoolkid-gen4|\n|player|p2|NotADragonTrainer|lance|\n|teamsize|p1|6\n|teamsize|p2|6\n|gen|9\n|tier|[Gen 9] Ubers\n|rule|Sleep Clause Mod: Limit one foe put to sleep\n|rule|Species Clause: Limit one of each Pok\u00e9mon\n|rule|OHKO Clause: OHKO moves are banned\n|rule|Evasion Items Clause: Evasion items are banned\n|rule|Evasion Moves Clause: Evasion moves are banned\n|rule|Endless Battle Clause: Forcing endless battles is banned\n|rule|HP Percentage Mod: HP is shown in percentages\n|clearpoke\n|poke|p1|Great Tusk|\n|poke|p1|Jumpluff, F|\n|poke|p1|Torkoal, M|\n|poke|p1|Infernape, M|\n|poke|p1|Heatran, M|\n|poke|p1|Roaring Moon|\n|poke|p2|Chi-Yu|\n|poke|p2|Ogerpon-Wellspring, F|\n|poke|p2|Hatterene, F|\n|poke|p2|Goodra-Hisui, F|\n|poke|p2|Clodsire, F|\n|poke|p2|Meowscarada, F|\n|teampreview\n|c|\u2606NotADragonTrainer|Hello :).\n|c|\u2606ChiefBlueScreen|vvgl vvgf\n|j| Keyloada\n|\n|t:|1698113401\n|start\n|switch|p1a: Memoir 44|Infernape, M|100\/100\n|switch|p2a: Unohana|Ogerpon-Wellspring, F|100\/100\n|turn|1\n|\n|t:|1698113425\n|move|p2a: Unohana|Ivy Cudgel|p1a: Memoir 44\n|-supereffective|p1a: Memoir 44\n|-damage|p1a: Memoir 44|0 fnt\n|faint|p1a: Memoir 44\n|\n|upkeep\n|\n|t:|1698113474\n|switch|p1a: Heatran|Heatran, M|100\/100\n|-item|p1a: Heatran|Air Balloon\n|turn|2\n|\n|t:|1698113489\n|switch|p1a: Root|Jumpluff, F|100\/100\n|move|p2a: Unohana|Ivy Cudgel|p1a: Root\n|-resisted|p1a: Root\n|-damage|p1a: Root|61\/100\n|\n|-heal|p1a: Root|67\/100|[from] item: Leftovers\n|upkeep\n|turn|3\n|\n|t:|1698113504\n|move|p1a: Root|Protect|p1a: Root\n|-singleturn|p1a: Root|Protect\n|move|p2a: Unohana|Taunt|p1a: Root\n|-activate|p1a: Root|move: Protect\n|\n|-heal|p1a: Root|73\/100|[from] item: Leftovers\n|upkeep\n|turn|4\n|\n|t:|1698113511\n|move|p1a: Root|Leech Seed|p2a: Unohana\n|-immune|p2a: Unohana\n|move|p2a: Unohana|U-turn|p1a: Root\n|-damage|p1a: Root|36\/100\n|\n|t:|1698113518\n|switch|p2a: Yuta|Clodsire, F|100\/100|[from] U-turn\n|\n|-heal|p1a: Root|42\/100|[from] item: Leftovers\n|upkeep\n|turn|5\n|\n|t:|1698113528\n|move|p1a: Root|Substitute|p1a: Root\n|-start|p1a: Root|Substitute\n|-damage|p1a: Root|17\/100\n|move|p2a: Yuta|Stealth Rock|p1a: Root\n|-sidestart|p1: ChiefBlueScreen|move: Stealth Rock\n|\n|-heal|p1a: Root|23\/100|[from] item: Leftovers\n|upkeep\n|turn|6\n|\n|t:|1698113537\n|switch|p2a: Unohana|Ogerpon-Wellspring, F|100\/100\n|move|p1a: Root|Leech Seed|p2a: Unohana\n|-immune|p2a: Unohana\n|\n|-heal|p1a: Root|30\/100|[from] item: Leftovers\n|upkeep\n|turn|7\n|\n|t:|1698113547\n|move|p2a: Unohana|U-turn|p1a: Root\n|-end|p1a: Root|Substitute\n|\n|t:|1698113554\n|switch|p2a: Obito|Chi-Yu|100\/100|[from] U-turn\n|-ability|p2a: Obito|Beads of Ruin\n|move|p1a: Root|Giga Drain|p2a: Obito\n|-resisted|p2a: Obito\n|-damage|p2a: Obito|91\/100\n|-heal|p1a: Root|33\/100|[from] drain|[of] p2a: Obito\n|\n|-heal|p1a: Root|39\/100|[from] item: Leftovers\n|upkeep\n|turn|8\n|j| LiquidPlazmid77\n|\n|t:|1698113569\n|move|p1a: Root|Protect|p1a: Root\n|-singleturn|p1a: Root|Protect\n|move|p2a: Obito|Flamethrower|p1a: Root\n|-activate|p1a: Root|move: Protect\n|\n|-heal|p1a: Root|45\/100|[from] item: Leftovers\n|upkeep\n|turn|9\n|\n|t:|1698113578\n|switch|p1a: Heatran|Heatran, M|100\/100\n|-damage|p1a: Heatran|88\/100|[from] Stealth Rock\n|-item|p1a: Heatran|Air Balloon\n|move|p2a: Obito|Flamethrower|p1a: Heatran\n|-start|p1a: Heatran|ability: Flash Fire\n|\n|upkeep\n|turn|10\n|\n|t:|1698113598\n|switch|p2a: Yuta|Clodsire, F|100\/100\n|move|p1a: Heatran|Magma Storm|p2a: Yuta\n|-damage|p2a: Yuta|53\/100\n|-activate|p2a: Yuta|move: Magma Storm|[of] p1a: Heatran\n|\n|-heal|p2a: Yuta|59\/100|[from] item: Leftovers\n|-damage|p2a: Yuta|47\/100|[from] move: Magma Storm|[partiallytrapped]\n|upkeep\n|turn|11\n|\n|t:|1698113610\n|move|p1a: Heatran|Earth Power|p2a: Yuta\n|-supereffective|p2a: Yuta\n|-crit|p2a: Yuta\n|-damage|p2a: Yuta|0 fnt\n|faint|p2a: Yuta\n|\n|upkeep\n|\n|t:|1698113669\n|switch|p2a: Obito|Chi-Yu|91\/100\n|-ability|p2a: Obito|Beads of Ruin\n|turn|12\n|\n|t:|1698113691\n|move|p2a: Obito|Dark Pulse|p1a: Heatran\n|-damage|p1a: Heatran|10\/100\n|-enditem|p1a: Heatran|Air Balloon\n|move|p1a: Heatran|Magma Storm|p2a: Obito|[miss]\n|-miss|p1a: Heatran|p2a: Obito\n|\n|upkeep\n|turn|13\n|\n|t:|1698113711\n|move|p2a: Obito|Dark Pulse|p1a: Heatran\n|-damage|p1a: Heatran|0 fnt\n|faint|p1a: Heatran\n|\n|upkeep\n|\n|t:|1698113731\n|switch|p1a: Ticket to Ride|Great Tusk|100\/100\n|-damage|p1a: Ticket to Ride|98\/100|[from] Stealth Rock\n|turn|14\n|\n|t:|1698113752\n|switch|p2a: Unohana|Ogerpon-Wellspring, F|100\/100\n|move|p1a: Ticket to Ride|Rapid Spin|p2a: Unohana\n|-damage|p2a: Unohana|77\/100\n|-boost|p1a: Ticket to Ride|spe|1\n|-sideend|p1: ChiefBlueScreen|Stealth Rock|[from] move: Rapid Spin|[of] p1a: Ticket to Ride\n|\n|upkeep\n|turn|15\n|\n|t:|1698113763\n|move|p1a: Ticket to Ride|Megahorn|p2a: Unohana\n|-supereffective|p2a: Unohana\n|-damage|p2a: Unohana|0 fnt\n|faint|p2a: Unohana\n|\n|upkeep\n|\n|t:|1698113821\n|switch|p2a: Nonon|Hatterene, F, shiny|100\/100\n|turn|16\n|\n|t:|1698113846\n|move|p1a: Ticket to Ride|Headlong Rush|p2a: Nonon\n|-damage|p2a: Nonon|46\/100\n|-unboost|p1a: Ticket to Ride|def|1\n|-unboost|p1a: Ticket to Ride|spd|1\n|move|p2a: Nonon|Draining Kiss|p1a: Ticket to Ride\n|-supereffective|p1a: Ticket to Ride\n|-damage|p1a: Ticket to Ride|24\/100\n|-heal|p2a: Nonon|100\/100|[from] drain|[of] p1a: Ticket to Ride\n|\n|upkeep\n|turn|17\n|\n|t:|1698113862\n|-end|p1a: Ticket to Ride|Protosynthesis|[silent]\n|switch|p1a: Heat|Torkoal, M|100\/100\n|-weather|SunnyDay|[from] ability: Drought|[of] p1a: Heat\n|move|p2a: Nonon|Psyshock|p1a: Heat\n|-damage|p1a: Heat|76\/100\n|\n|-weather|SunnyDay|[upkeep]\n|upkeep\n|turn|18\n|\n|t:|1698113895\n|switch|p2a: Obito|Chi-Yu|91\/100\n|-ability|p2a: Obito|Beads of Ruin\n|move|p1a: Heat|Will-O-Wisp|p2a: Obito\n|-immune|p2a: Obito\n|\n|-weather|SunnyDay|[upkeep]\n|upkeep\n|turn|19\n|\n|t:|1698113943\n|switch|p2a: Nonon|Hatterene, F, shiny|100\/100\n|switch|p1a: Root|Jumpluff, F|45\/100\n|\n|-weather|SunnyDay|[upkeep]\n|-heal|p1a: Root|52\/100|[from] item: Leftovers\n|upkeep\n|turn|20\n|\n|t:|1698113976\n|switch|p2a: Rukia|Meowscarada, F, shiny|100\/100\n|move|p1a: Root|Giga Drain|p2a: Rukia\n|-resisted|p2a: Rukia\n|-damage|p2a: Rukia|87\/100\n|-heal|p1a: Root|57\/100|[from] drain|[of] p2a: Rukia\n|\n|-weather|SunnyDay|[upkeep]\n|-heal|p1a: Root|63\/100|[from] item: Leftovers\n|upkeep\n|turn|21\n|\n|t:|1698113989\n|move|p1a: Root|Protect|p1a: Root\n|-singleturn|p1a: Root|Protect\n|move|p2a: Rukia|Taunt|p1a: Root\n|-activate|p1a: Root|move: Protect\n|\n|-weather|SunnyDay|[upkeep]\n|-heal|p1a: Root|70\/100|[from] item: Leftovers\n|upkeep\n|turn|22\n|\n|t:|1698114006\n|-terastallize|p1a: Root|Water\n|move|p1a: Root|Leech Seed|p2a: Rukia\n|-immune|p2a: Rukia\n|move|p2a: Rukia|Knock Off|p1a: Root\n|-damage|p1a: Root|21\/100\n|-enditem|p1a: Root|Leftovers|[from] move: Knock Off|[of] p2a: Rukia\n|\n|-weather|SunnyDay|[upkeep]\n|upkeep\n|turn|23\n|\n|t:|1698114020\n|switch|p1a: Heat|Torkoal, M|76\/100\n|move|p2a: Rukia|Spikes|p1a: Heat\n|-sidestart|p1: ChiefBlueScreen|Spikes\n|\n|-weather|SunnyDay|[upkeep]\n|upkeep\n|turn|24\n|\n|t:|1698114031\n|move|p2a: Rukia|Taunt|p1a: Heat\n|-start|p1a: Heat|move: Taunt\n|move|p1a: Heat|Flamethrower|p2a: Rukia\n|-supereffective|p2a: Rukia\n|-damage|p2a: Rukia|0 fnt\n|faint|p2a: Rukia\n|\n|-weather|none\n|upkeep\n|\n|t:|1698114040\n|switch|p2a: Obito|Chi-Yu|91\/100\n|-ability|p2a: Obito|Beads of Ruin\n|turn|25\n|\n|t:|1698114048\n|switch|p1a: Root|Jumpluff, F, tera:Water|21\/100\n|-damage|p1a: Root|9\/100|[from] Spikes\n|move|p2a: Obito|Dark Pulse|p1a: Root\n|-damage|p1a: Root|0 fnt\n|faint|p1a: Root\n|\n|upkeep\n|\n|t:|1698114055\n|switch|p1a: Ticket to Ride|Great Tusk|24\/100\n|-damage|p1a: Ticket to Ride|12\/100|[from] Spikes\n|turn|26\n|\n|t:|1698114060\n|move|p2a: Obito|Dark Pulse|p1a: Ticket to Ride\n|-resisted|p1a: Ticket to Ride\n|-damage|p1a: Ticket to Ride|0 fnt\n|faint|p1a: Ticket to Ride\n|-end|p1a: Ticket to Ride|Protosynthesis|[silent]\n|\n|upkeep\n|\n|t:|1698114073\n|switch|p1a: Heat|Torkoal, M|76\/100\n|-damage|p1a: Heat|64\/100|[from] Spikes\n|-weather|SunnyDay|[from] ability: Drought|[of] p1a: Heat\n|turn|27\n|\n|t:|1698114081\n|switch|p1a: Parks|Roaring Moon|100\/100\n|-damage|p1a: Parks|88\/100|[from] Spikes\n|-activate|p1a: Parks|ability: Protosynthesis\n|-start|p1a: Parks|protosynthesisatk\n|move|p2a: Obito|Dark Pulse|p1a: Parks\n|-resisted|p1a: Parks\n|-damage|p1a: Parks|44\/100\n|\n|-weather|SunnyDay|[upkeep]\n|upkeep\n|turn|28\n|\n|t:|1698114096\n|switch|p2a: Gooey|Goodra-Hisui, F|100\/100\n|move|p1a: Parks|Earthquake|p2a: Gooey\n|-supereffective|p2a: Gooey\n|-damage|p2a: Gooey|0 fnt\n|faint|p2a: Gooey\n|\n|-weather|SunnyDay|[upkeep]\n|upkeep\n|c|\u2606NotADragonTrainer|EYE\n|\n|t:|1698114104\n|switch|p2a: Nonon|Hatterene, F, shiny|100\/100\n|turn|29\n|\n|t:|1698114109\n|move|p1a: Parks|Earthquake|p2a: Nonon\n|-damage|p2a: Nonon|40\/100\n|move|p2a: Nonon|Draining Kiss|p1a: Parks\n|-supereffective|p1a: Parks\n|-damage|p1a: Parks|0 fnt\n|-heal|p2a: Nonon|76\/100|[from] drain|[of] p1a: Parks\n|faint|p1a: Parks\n|-end|p1a: Parks|Protosynthesis|[silent]\n|\n|-weather|SunnyDay|[upkeep]\n|-heal|p2a: Nonon|82\/100|[from] item: Leftovers\n|upkeep\n|\n|t:|1698114119\n|switch|p1a: Heat|Torkoal, M|64\/100\n|-damage|p1a: Heat|52\/100|[from] Spikes\n|turn|30\n|\n|t:|1698114136\n|move|p2a: Nonon|Psyshock|p1a: Heat\n|-damage|p1a: Heat|24\/100\n|move|p1a: Heat|Flamethrower|p2a: Nonon\n|-damage|p2a: Nonon|26\/100\n|\n|-weather|SunnyDay|[upkeep]\n|-heal|p2a: Nonon|32\/100|[from] item: Leftovers\n|upkeep\n|turn|31\n|\n|t:|1698114143\n|move|p2a: Nonon|Psyshock|p1a: Heat\n|-damage|p1a: Heat|0 fnt\n|faint|p1a: Heat\n|\n|win|NotADragonTrainer\n|c|\u2606ChiefBlueScreen|gg wp :D\n|c|\u2606NotADragonTrainer|gg !\n","uploadtime":1698114197,"views":18,"p1id":"chiefbluescreen","p2id":"notadragontrainer","formatid":"gen9ubers","rating":0,"private":0,"password":""}