{"id":"gen9ubers-1999324540","p1":"navigator16","p2":"GarvantularBicep","format":"[Gen 9] Ubers","log":"|j|\u2606navigator16\n|j|\u2606GarvantularBicep\n|t:|1701060487\n|gametype|singles\n|player|p1|navigator16|102|\n|player|p2|GarvantularBicep|266|\n|teamsize|p1|6\n|teamsize|p2|6\n|gen|9\n|tier|[Gen 9] Ubers\n|rule|Sleep Clause Mod: Limit one foe put to sleep\n|rule|Species Clause: Limit one of each Pok\u00e9mon\n|rule|OHKO Clause: OHKO moves are banned\n|rule|Evasion Items Clause: Evasion items are banned\n|rule|Evasion Moves Clause: Evasion moves are banned\n|rule|Endless Battle Clause: Forcing endless battles is banned\n|rule|HP Percentage Mod: HP is shown in percentages\n|clearpoke\n|poke|p1|Ninetales-Alola, F|\n|poke|p1|Ursaluna-Bloodmoon, M|\n|poke|p1|Samurott-Hisui, M|\n|poke|p1|Ogerpon-Wellspring, F|\n|poke|p1|Gholdengo|\n|poke|p1|Electrode|\n|poke|p2|Greninja-*, M|\n|poke|p2|Hydreigon, M|\n|poke|p2|Iron Hands|\n|poke|p2|Dondozo, M|\n|poke|p2|Drednaw, F|\n|poke|p2|Jirachi|\n|teampreview\n|\n|t:|1701060513\n|start\n|switch|p1a: Ninetales|Ninetales-Alola, F|100\/100\n|switch|p2a: Greninja|Greninja, M|100\/100\n|-weather|Snow|[from] ability: Snow Warning|[of] p1a: Ninetales\n|turn|1\n|\n|t:|1701060528\n|move|p2a: Greninja|Hydro Pump|p1a: Ninetales\n|-damage|p1a: Ninetales|37\/100\n|-damage|p2a: Greninja|91\/100|[from] item: Life Orb\n|move|p1a: Ninetales|Aurora Veil|p1a: Ninetales\n|-sidestart|p1: navigator16|move: Aurora Veil\n|\n|-weather|Snow|[upkeep]\n|upkeep\n|turn|2\n|\n|t:|1701060555\n|move|p2a: Greninja|Hydro Pump|p1a: Ninetales\n|-damage|p1a: Ninetales|5\/100\n|-damage|p2a: Greninja|81\/100|[from] item: Life Orb\n|move|p1a: Ninetales|Moonblast|p2a: Greninja\n|-supereffective|p2a: Greninja\n|-damage|p2a: Greninja|0 fnt\n|faint|p2a: Greninja\n|\n|-weather|Snow|[upkeep]\n|upkeep\n|\n|t:|1701060585\n|switch|p2a: Hydreigon|Hydreigon, M|100\/100\n|turn|3\n|\n|t:|1701060591\n|move|p2a: Hydreigon|U-turn|p1a: Ninetales\n|-resisted|p1a: Ninetales\n|-damage|p1a: Ninetales|2\/100\n|\n|t:|1701060599\n|switch|p2a: Jirachi|Jirachi|100\/100|[from] U-turn\n|move|p1a: Ninetales|Moonblast|p2a: Jirachi\n|-resisted|p2a: Jirachi\n|-damage|p2a: Jirachi|92\/100\n|\n|-weather|Snow|[upkeep]\n|-heal|p2a: Jirachi|98\/100|[from] item: Leftovers\n|upkeep\n|turn|4\n|\n|t:|1701060618\n|switch|p1a: Gholdengo|Gholdengo|100\/100\n|move|p2a: Jirachi|Stealth Rock|p1a: Gholdengo\n|-sidestart|p1: navigator16|move: Stealth Rock\n|\n|-weather|Snow|[upkeep]\n|-heal|p2a: Jirachi|100\/100|[from] item: Leftovers\n|upkeep\n|turn|5\n|\n|t:|1701060634\n|move|p2a: Jirachi|Stealth Rock||[still]\n|-fail|p2a: Jirachi\n|move|p1a: Gholdengo|Thunder Wave|p2a: Jirachi\n|-status|p2a: Jirachi|par\n|\n|-weather|none\n|upkeep\n|turn|6\n|\n|t:|1701060647\n|move|p1a: Gholdengo|Nasty Plot|p1a: Gholdengo\n|-boost|p1a: Gholdengo|spa|2\n|move|p2a: Jirachi|Iron Head|p1a: Gholdengo\n|-resisted|p1a: Gholdengo\n|-damage|p1a: Gholdengo|96\/100\n|\n|-heal|p1a: Gholdengo|100\/100|[from] item: Leftovers\n|upkeep\n|turn|7\n|\n|t:|1701060671\n|switch|p2a: Hydreigon|Hydreigon, M|100\/100\n|move|p1a: Gholdengo|Hex|p2a: Hydreigon\n|-resisted|p2a: Hydreigon\n|-damage|p2a: Hydreigon|68\/100\n|\n|upkeep\n|turn|8\n|\n|t:|1701060686\n|move|p2a: Hydreigon|Fire Blast|p1a: Gholdengo\n|-supereffective|p1a: Gholdengo\n|-damage|p1a: Gholdengo|67\/100\n|move|p1a: Gholdengo|Thunder Wave|p2a: Hydreigon\n|-status|p2a: Hydreigon|par\n|\n|-heal|p1a: Gholdengo|73\/100|[from] item: Leftovers\n|-sideend|p1: navigator16|move: Aurora Veil\n|upkeep\n|turn|9\n|\n|t:|1701060715\n|switch|p2a: Dondozo|Dondozo, M|100\/100\n|move|p1a: Gholdengo|Recover|p1a: Gholdengo\n|-heal|p1a: Gholdengo|100\/100\n|\n|upkeep\n|turn|10\n|\n|t:|1701060728\n|move|p1a: Gholdengo|Thunder Wave|p2a: Dondozo\n|-status|p2a: Dondozo|par\n|move|p2a: Dondozo|Liquidation|p1a: Gholdengo\n|-damage|p1a: Gholdengo|81\/100\n|\n|-heal|p1a: Gholdengo|88\/100|[from] item: Leftovers\n|upkeep\n|turn|11\n|\n|t:|1701060742\n|move|p1a: Gholdengo|Hex|p2a: Dondozo\n|-damage|p2a: Dondozo|44\/100 par\n|move|p2a: Dondozo|Body Press|p1a: Gholdengo\n|-immune|p1a: Gholdengo\n|\n|-heal|p1a: Gholdengo|94\/100|[from] item: Leftovers\n|upkeep\n|turn|12\n|\n|t:|1701060751\n|move|p1a: Gholdengo|Hex|p2a: Dondozo\n|-damage|p2a: Dondozo|0 fnt\n|faint|p2a: Dondozo\n|\n|-heal|p1a: Gholdengo|99\/100|[from] item: Leftovers\n|upkeep\n|\n|t:|1701060758\n|switch|p2a: Hydreigon|Hydreigon, M|68\/100 par\n|turn|13\n|\n|t:|1701060770\n|cant|p2a: Hydreigon|par\n|move|p1a: Gholdengo|Nasty Plot|p1a: Gholdengo\n|-boost|p1a: Gholdengo|spa|2\n|\n|-heal|p1a: Gholdengo|100\/100|[from] item: Leftovers\n|upkeep\n|turn|14\n|\n|t:|1701060777\n|move|p2a: Hydreigon|Fire Blast|p1a: Gholdengo\n|-supereffective|p1a: Gholdengo\n|-damage|p1a: Gholdengo|32\/100\n|move|p1a: Gholdengo|Hex|p2a: Hydreigon\n|-resisted|p2a: Hydreigon\n|-damage|p2a: Hydreigon|0 fnt\n|faint|p2a: Hydreigon\n|\n|-heal|p1a: Gholdengo|38\/100|[from] item: Leftovers\n|upkeep\n|\n|t:|1701060798\n|switch|p2a: Jirachi|Jirachi|100\/100 par\n|turn|15\n|\n|t:|1701060802\n|move|p1a: Gholdengo|Hex|p2a: Jirachi\n|-supereffective|p2a: Jirachi\n|-damage|p2a: Jirachi|0 fnt\n|faint|p2a: Jirachi\n|\n|-heal|p1a: Gholdengo|44\/100|[from] item: Leftovers\n|upkeep\n|\n|t:|1701060809\n|switch|p2a: Drednaw|Drednaw, F|100\/100\n|turn|16\n|\n|t:|1701060817\n|-terastallize|p2a: Drednaw|Bug\n|move|p2a: Drednaw|Stone Edge|p1a: Gholdengo\n|-resisted|p1a: Gholdengo\n|-damage|p1a: Gholdengo|29\/100\n|move|p1a: Gholdengo|Thunder Wave|p2a: Drednaw\n|-status|p2a: Drednaw|par\n|\n|-heal|p1a: Gholdengo|35\/100|[from] item: Leftovers\n|upkeep\n|turn|17\n|\n|t:|1701060832\n|move|p1a: Gholdengo|Recover|p1a: Gholdengo\n|-heal|p1a: Gholdengo|85\/100\n|move|p2a: Drednaw|Liquidation|p1a: Gholdengo\n|-damage|p1a: Gholdengo|57\/100\n|\n|-heal|p1a: Gholdengo|63\/100|[from] item: Leftovers\n|upkeep\n|turn|18\n|\n|t:|1701060844\n|move|p1a: Gholdengo|Hex|p2a: Drednaw\n|-damage|p2a: Drednaw|0 fnt\n|faint|p2a: Drednaw\n|\n|-heal|p1a: Gholdengo|69\/100|[from] item: Leftovers\n|upkeep\n|\n|t:|1701060851\n|switch|p2a: Iron Hands|Iron Hands|100\/100\n|turn|19\n|\n|t:|1701060858\n|move|p1a: Gholdengo|Hex|p2a: Iron Hands\n|-damage|p2a: Iron Hands|45\/100\n|move|p2a: Iron Hands|Wild Charge|p1a: Gholdengo\n|-damage|p1a: Gholdengo|34\/100\n|-damage|p2a: Iron Hands|38\/100|[from] Recoil\n|\n|-heal|p1a: Gholdengo|40\/100|[from] item: Leftovers\n|upkeep\n|turn|20\n|\n|t:|1701060867\n|move|p1a: Gholdengo|Hex|p2a: Iron Hands\n|-damage|p2a: Iron Hands|0 fnt\n|faint|p2a: Iron Hands\n|-end|p2a: Iron Hands|Quark Drive|[silent]\n|\n|win|navigator16\n","uploadtime":1701060873,"views":28,"p1id":"navigator16","p2id":"garvantularbicep","formatid":"gen9ubers","rating":0,"private":0,"password":""}