{"id":"gen9ubers-1970001878","p1":"masterash","p2":"Zulda","format":"[Gen 9] Ubers","log":"|j|\u2606masterash\n|j|\u2606Zulda\n|t:|1697583923\n|gametype|singles\n|player|p1|masterash|ash|1102\n|player|p2|Zulda|harlequin|1189\n|teamsize|p1|6\n|teamsize|p2|6\n|gen|9\n|tier|[Gen 9] Ubers\n|rated|\n|rule|Sleep Clause Mod: Limit one foe put to sleep\n|rule|Species Clause: Limit one of each Pok\u00e9mon\n|rule|OHKO Clause: OHKO moves are banned\n|rule|Evasion Items Clause: Evasion items are banned\n|rule|Evasion Moves Clause: Evasion moves are banned\n|rule|Endless Battle Clause: Forcing endless battles is banned\n|rule|HP Percentage Mod: HP is shown in percentages\n|clearpoke\n|poke|p1|Meowscarada, M|\n|poke|p1|Tinkaton, F|\n|poke|p1|Annihilape, M|\n|poke|p1|Scream Tail|\n|poke|p1|Iron Moth|\n|poke|p1|Palafin, F|\n|poke|p2|Eternatus|\n|poke|p2|Skeledirge, M|\n|poke|p2|Iron Bundle|\n|poke|p2|Zacian-*|\n|poke|p2|Arceus-Ground|\n|poke|p2|Kyogre|\n|teampreview\n|\n|t:|1697583949\n|start\n|switch|p1a: Mr. Bright|Iron Moth|100\/100\n|switch|p2a: Eternatus|Eternatus|100\/100\n|-ability|p2a: Eternatus|Pressure\n|-enditem|p1a: Mr. Bright|Booster Energy\n|-activate|p1a: Mr. Bright|ability: Quark Drive|[fromitem]\n|-start|p1a: Mr. Bright|quarkdrivespa\n|turn|1\n|\n|t:|1697583970\n|move|p2a: Eternatus|Dynamax Cannon|p1a: Mr. Bright\n|-damage|p1a: Mr. Bright|53\/100\n|move|p1a: Mr. Bright|Toxic Spikes|p2a: Eternatus\n|-sidestart|p2: Zulda|move: Toxic Spikes\n|\n|upkeep\n|turn|2\n|\n|t:|1697583977\n|move|p2a: Eternatus|Dynamax Cannon|p1a: Mr. Bright\n|-damage|p1a: Mr. Bright|2\/100\n|move|p1a: Mr. Bright|Toxic Spikes|p2a: Eternatus\n|-sidestart|p2: Zulda|move: Toxic Spikes\n|\n|upkeep\n|turn|3\n|\n|t:|1697583984\n|move|p2a: Eternatus|Sludge Bomb|p1a: Mr. Bright\n|-resisted|p1a: Mr. Bright\n|-damage|p1a: Mr. Bright|0 fnt\n|faint|p1a: Mr. Bright\n|-end|p1a: Mr. Bright|Quark Drive|[silent]\n|\n|upkeep\n|\n|t:|1697584001\n|switch|p1a: Hammah|Tinkaton, F|100\/100\n|turn|4\n|\n|t:|1697584016\n|switch|p2a: Arceus|Arceus-Ground|100\/100\n|-status|p2a: Arceus|tox\n|move|p1a: Hammah|Knock Off|p2a: Arceus\n|-damage|p2a: Arceus|91\/100 tox\n|\n|-damage|p2a: Arceus|85\/100 tox|[from] psn\n|upkeep\n|turn|5\n|\n|t:|1697584026\n|switch|p1a: Screamo|Scream Tail|100\/100\n|move|p2a: Arceus|Dragon Dance|p2a: Arceus\n|-boost|p2a: Arceus|atk|1\n|-boost|p2a: Arceus|spe|1\n|\n|-damage|p2a: Arceus|73\/100 tox|[from] psn\n|upkeep\n|turn|6\n|\n|t:|1697584040\n|move|p2a: Arceus|Earthquake|p1a: Screamo\n|-damage|p1a: Screamo|48\/100\n|move|p1a: Screamo|Stealth Rock|p2a: Arceus\n|-sidestart|p2: Zulda|move: Stealth Rock\n|\n|-damage|p2a: Arceus|55\/100 tox|[from] psn\n|upkeep\n|turn|7\n|\n|t:|1697584052\n|move|p1a: Screamo|Protect|p1a: Screamo\n|-singleturn|p1a: Screamo|Protect\n|move|p2a: Arceus|Earthquake|p1a: Screamo\n|-activate|p1a: Screamo|move: Protect\n|\n|-damage|p2a: Arceus|31\/100 tox|[from] psn\n|upkeep\n|turn|8\n|\n|t:|1697584060\n|switch|p2a: Eternatus|Eternatus|100\/100\n|-sideend|p2: Zulda|move: Toxic Spikes|[of] p2a: Eternatus\n|-damage|p2a: Eternatus|88\/100|[from] Stealth Rock\n|-ability|p2a: Eternatus|Pressure\n|move|p1a: Screamo|Wish|p1a: Screamo\n|\n|-heal|p2a: Eternatus|94\/100|[from] item: Black Sludge\n|upkeep\n|turn|9\n|\n|t:|1697584070\n|-end|p1a: Screamo|Protosynthesis|[silent]\n|switch|p1a: Marvel|Palafin, F|100\/100\n|move|p2a: Eternatus|Toxic|p1a: Marvel\n|-status|p1a: Marvel|tox\n|\n|-heal|p2a: Eternatus|100\/100|[from] item: Black Sludge\n|-damage|p1a: Marvel|94\/100 tox|[from] psn\n|upkeep\n|turn|10\n|\n|t:|1697584082\n|move|p2a: Eternatus|Dynamax Cannon|p1a: Marvel\n|-damage|p1a: Marvel|24\/100 tox\n|move|p1a: Marvel|Flip Turn|p2a: Eternatus\n|-resisted|p2a: Eternatus\n|-damage|p2a: Eternatus|90\/100\n|\n|t:|1697584091\n|detailschange|p1a: Marvel|Palafin-Hero, F\n|switch|p1a: Hammah|Tinkaton, F|100\/100|[from] Flip Turn\n|\n|-heal|p2a: Eternatus|96\/100|[from] item: Black Sludge\n|upkeep\n|turn|11\n|\n|t:|1697584106\n|switch|p2a: Skeledirge|Skeledirge, M|100\/100\n|move|p1a: Hammah|Knock Off|p2a: Skeledirge\n|-supereffective|p2a: Skeledirge\n|-damage|p2a: Skeledirge|79\/100\n|-enditem|p2a: Skeledirge|Heavy-Duty Boots|[from] move: Knock Off|[of] p1a: Hammah\n|\n|upkeep\n|turn|12\n|\n|t:|1697584121\n|move|p1a: Hammah|Knock Off|p2a: Skeledirge\n|-supereffective|p2a: Skeledirge\n|-damage|p2a: Skeledirge|65\/100\n|move|p2a: Skeledirge|Will-O-Wisp|p1a: Hammah\n|-status|p1a: Hammah|brn\n|\n|-damage|p1a: Hammah|94\/100 brn|[from] brn\n|upkeep\n|turn|13\n|\n|t:|1697584132\n|move|p1a: Hammah|Encore|p2a: Skeledirge\n|-start|p2a: Skeledirge|Encore\n|move|p2a: Skeledirge|Will-O-Wisp|p1a: Hammah\n|-fail|p1a: Hammah|brn\n|\n|-heal|p1a: Hammah|100\/100 brn|[from] item: Leftovers\n|-damage|p1a: Hammah|94\/100 brn|[from] brn\n|upkeep\n|turn|14\n|\n|t:|1697584149\n|switch|p2a: Arceus|Arceus-Ground|31\/100 tox\n|-damage|p2a: Arceus|25\/100 tox|[from] Stealth Rock\n|move|p1a: Hammah|Swords Dance|p1a: Hammah\n|-boost|p1a: Hammah|atk|2\n|\n|-heal|p1a: Hammah|100\/100 brn|[from] item: Leftovers\n|-damage|p2a: Arceus|19\/100 tox|[from] psn\n|-damage|p1a: Hammah|94\/100 brn|[from] brn\n|upkeep\n|turn|15\n|\n|t:|1697584163\n|move|p2a: Arceus|Recover|p2a: Arceus\n|-heal|p2a: Arceus|69\/100 tox\n|move|p1a: Hammah|Gigaton Hammer|p2a: Arceus\n|-damage|p2a: Arceus|36\/100 tox\n|\n|-heal|p1a: Hammah|100\/100 brn|[from] item: Leftovers\n|-damage|p2a: Arceus|24\/100 tox|[from] psn\n|-damage|p1a: Hammah|94\/100 brn|[from] brn\n|upkeep\n|turn|16\n|\n|t:|1697584173\n|move|p2a: Arceus|Earthquake|p1a: Hammah\n|-supereffective|p1a: Hammah\n|-damage|p1a: Hammah|0 fnt\n|faint|p1a: Hammah\n|\n|-damage|p2a: Arceus|6\/100 tox|[from] psn\n|upkeep\n|\n|t:|1697584187\n|switch|p1a: Quinn|Meowscarada, M|100\/100\n|turn|17\n|\n|t:|1697584191\n|move|p1a: Quinn|Trailblaze|p2a: Arceus\n|-start|p1a: Quinn|typechange|Grass|[from] ability: Protean\n|-supereffective|p2a: Arceus\n|-damage|p2a: Arceus|0 fnt\n|-boost|p1a: Quinn|spe|1\n|faint|p2a: Arceus\n|\n|upkeep\n|\n|t:|1697584210\n|switch|p2a: Skeledirge|Skeledirge, M|65\/100\n|-damage|p2a: Skeledirge|41\/100|[from] Stealth Rock\n|turn|18\n|\n|t:|1697584222\n|move|p1a: Quinn|Knock Off|p2a: Skeledirge\n|-supereffective|p2a: Skeledirge\n|-damage|p2a: Skeledirge|13\/100\n|move|p2a: Skeledirge|Torch Song|p1a: Quinn\n|-supereffective|p1a: Quinn\n|-damage|p1a: Quinn|0 fnt\n|-boost|p2a: Skeledirge|spa|1\n|faint|p1a: Quinn\n|\n|upkeep\n|\n|t:|1697584241\n|switch|p1a: Annihilape|Annihilape, M|100\/100\n|turn|19\n|\n|t:|1697584275\n|move|p1a: Annihilape|Taunt|p2a: Skeledirge\n|-start|p2a: Skeledirge|move: Taunt\n|cant|p2a: Skeledirge|move: Taunt|Will-O-Wisp\n|\n|upkeep\n|turn|20\n|\n|t:|1697584288\n|move|p1a: Annihilape|Bulk Up|p1a: Annihilape\n|-boost|p1a: Annihilape|atk|1\n|-boost|p1a: Annihilape|def|1\n|move|p2a: Skeledirge|Hex|p1a: Annihilape\n|-supereffective|p1a: Annihilape\n|-damage|p1a: Annihilape|53\/100\n|\n|-heal|p1a: Annihilape|60\/100|[from] item: Leftovers\n|upkeep\n|turn|21\n|\n|t:|1697584306\n|move|p1a: Annihilape|Rage Fist|p2a: Skeledirge\n|-supereffective|p2a: Skeledirge\n|-damage|p2a: Skeledirge|0 fnt\n|faint|p2a: Skeledirge\n|\n|-heal|p1a: Annihilape|66\/100|[from] item: Leftovers\n|upkeep\n|\n|t:|1697584312\n|switch|p2a: Iron Bundle|Iron Bundle|100\/100\n|turn|22\n|\n|t:|1697584319\n|move|p2a: Iron Bundle|Hydro Pump|p1a: Annihilape|[miss]\n|-miss|p2a: Iron Bundle|p1a: Annihilape\n|move|p1a: Annihilape|Drain Punch|p2a: Iron Bundle\n|-supereffective|p2a: Iron Bundle\n|-damage|p2a: Iron Bundle|0 fnt\n|-heal|p1a: Annihilape|96\/100|[from] drain|[of] p2a: Iron Bundle\n|faint|p2a: Iron Bundle\n|-end|p2a: Iron Bundle|Quark Drive|[silent]\n|\n|-heal|p1a: Annihilape|100\/100|[from] item: Leftovers\n|upkeep\n|\n|t:|1697584328\n|switch|p2a: Kyogre|Kyogre|100\/100\n|-damage|p2a: Kyogre|88\/100|[from] Stealth Rock\n|-weather|RainDance|[from] ability: Drizzle|[of] p2a: Kyogre\n|turn|23\n|\n|t:|1697584344\n|move|p2a: Kyogre|Water Spout|p1a: Annihilape\n|-damage|p1a: Annihilape|30\/100\n|move|p1a: Annihilape|Rage Fist|p2a: Kyogre\n|-damage|p2a: Kyogre|7\/100\n|\n|-weather|RainDance|[upkeep]\n|-heal|p1a: Annihilape|37\/100|[from] item: Leftovers\n|upkeep\n|turn|24\n|-message|Zulda forfeited.\n|\n|win|masterash\n|raw|masterash's rating: 1102 &rarr; <strong>1133<\/strong><br \/>(+31 for winning)\n|raw|Zulda's rating: 1189 &rarr; <strong>1158<\/strong><br \/>(-31 for losing)\n|l|\u2606Zulda\n","uploadtime":1697584362,"views":21,"p1id":"masterash","p2id":"zulda","formatid":"gen9ubers","rating":1133,"private":0,"password":""}