{"id":"gen9ubers-1980933420","p1":"Laprasrules12","p2":"DumbassGaming","format":"[Gen 9] Ubers","log":"|j|\u2606Laprasrules12\n|j|\u2606DumbassGaming\n|t:|1698850194\n|gametype|singles\n|player|p1|Laprasrules12|lusamine-nihilego|\n|player|p2|DumbassGaming|clown|\n|teamsize|p1|6\n|teamsize|p2|6\n|gen|9\n|tier|[Gen 9] Ubers\n|rule|Sleep Clause Mod: Limit one foe put to sleep\n|rule|Species Clause: Limit one of each Pok\u00e9mon\n|rule|OHKO Clause: OHKO moves are banned\n|rule|Evasion Items Clause: Evasion items are banned\n|rule|Evasion Moves Clause: Evasion moves are banned\n|rule|Endless Battle Clause: Forcing endless battles is banned\n|rule|HP Percentage Mod: HP is shown in percentages\n|clearpoke\n|poke|p1|Ninetales-Alola, M|\n|poke|p1|Baxcalibur, M|\n|poke|p1|Magearna-Original|\n|poke|p1|Espathra, F|\n|poke|p1|Arceus-Poison|\n|poke|p1|Chi-Yu|\n|poke|p2|Zacian-*|\n|poke|p2|Zamazenta-*|\n|poke|p2|Cyclizar, M|\n|poke|p2|Baxcalibur, M|\n|poke|p2|Arceus-Ghost|\n|poke|p2|Palkia-Origin|\n|teampreview\n|inactive|Battle timer is ON: inactive players will automatically lose when time's up. (requested by DumbassGaming)\n|inactive|Laprasrules12 also wants the timer to be on.\n|\n|t:|1698850205\n|start\n|switch|p1a: Snowfall|Ninetales-Alola, M, shiny|100\/100\n|switch|p2a: Cow Tails|Cyclizar, M|100\/100\n|-weather|Snow|[from] ability: Snow Warning|[of] p1a: Snowfall\n|turn|1\n|\n|t:|1698850229\n|move|p2a: Cow Tails|Taunt|p1a: Snowfall\n|-start|p1a: Snowfall|move: Taunt\n|cant|p1a: Snowfall|move: Taunt|Aurora Veil\n|\n|-weather|Snow|[upkeep]\n|upkeep\n|turn|2\n|\n|t:|1698850231\n|move|p2a: Cow Tails|Shed Tail|p2a: Cow Tails\n|-start|p2a: Cow Tails|Substitute|[from] move: Shed Tail\n|-damage|p2a: Cow Tails|50\/100\n|\n|t:|1698850240\n|switch|p2a: Jolly Rancher|Zacian|100\/100|[from] Shed Tail\n|-ability|p2a: Jolly Rancher|Intrepid Sword|boost\n|-boost|p2a: Jolly Rancher|atk|1\n|move|p1a: Snowfall|Moonblast|p2a: Jolly Rancher\n|-activate|p2a: Jolly Rancher|move: Substitute|[damage]\n|\n|-weather|Snow|[upkeep]\n|upkeep\n|turn|3\n|\n|t:|1698850247\n|switch|p1a: Thanatos|Arceus-Poison, shiny|100\/100\n|move|p2a: Jolly Rancher|Swords Dance|p2a: Jolly Rancher\n|-boost|p2a: Jolly Rancher|atk|2\n|\n|-weather|Snow|[upkeep]\n|upkeep\n|turn|4\n|\n|t:|1698850254\n|move|p2a: Jolly Rancher|Crunch|p1a: Thanatos\n|-damage|p1a: Thanatos|56\/100\n|move|p1a: Thanatos|Judgment|p2a: Jolly Rancher\n|-supereffective|p2a: Jolly Rancher\n|-end|p2a: Jolly Rancher|Substitute\n|\n|-weather|Snow|[upkeep]\n|upkeep\n|turn|5\n|\n|t:|1698850258\n|-terastallize|p2a: Jolly Rancher|Dark\n|move|p2a: Jolly Rancher|Crunch|p1a: Thanatos\n|-damage|p1a: Thanatos|0 fnt\n|faint|p1a: Thanatos\n|\n|-weather|none\n|upkeep\n|\n|t:|1698850263\n|switch|p1a: Pok\u00e9ball|Magearna-Original|100\/100\n|turn|6\n|\n|t:|1698850269\n|move|p2a: Jolly Rancher|Close Combat|p1a: Pok\u00e9ball\n|-damage|p1a: Pok\u00e9ball|25\/100\n|-unboost|p2a: Jolly Rancher|def|1\n|-unboost|p2a: Jolly Rancher|spd|1\n|move|p1a: Pok\u00e9ball|Thunder Wave|p2a: Jolly Rancher\n|-status|p2a: Jolly Rancher|par\n|\n|-heal|p1a: Pok\u00e9ball|31\/100|[from] item: Leftovers\n|upkeep\n|turn|7\n|\n|t:|1698850275\n|move|p2a: Jolly Rancher|Close Combat|p1a: Pok\u00e9ball\n|-damage|p1a: Pok\u00e9ball|0 fnt\n|-unboost|p2a: Jolly Rancher|def|1\n|-unboost|p2a: Jolly Rancher|spd|1\n|faint|p1a: Pok\u00e9ball\n|\n|upkeep\n|\n|t:|1698850278\n|switch|p1a: Snowfall|Ninetales-Alola, M, shiny|100\/100\n|-weather|Snow|[from] ability: Snow Warning|[of] p1a: Snowfall\n|turn|8\n|\n|t:|1698850282\n|move|p1a: Snowfall|Aurora Veil|p1a: Snowfall\n|-sidestart|p1: Laprasrules12|move: Aurora Veil\n|move|p2a: Jolly Rancher|Play Rough|p1a: Snowfall\n|-damage|p1a: Snowfall|52\/100\n|-unboost|p1a: Snowfall|atk|1\n|\n|-weather|Snow|[upkeep]\n|upkeep\n|turn|9\n|\n|t:|1698850291\n|move|p1a: Snowfall|Moonblast|p2a: Jolly Rancher\n|-supereffective|p2a: Jolly Rancher\n|-damage|p2a: Jolly Rancher|6\/100 par\n|move|p2a: Jolly Rancher|Play Rough|p1a: Snowfall\n|-damage|p1a: Snowfall|9\/100\n|\n|-weather|Snow|[upkeep]\n|-heal|p2a: Jolly Rancher|12\/100 par|[from] item: Leftovers\n|upkeep\n|turn|10\n|\n|t:|1698850298\n|move|p1a: Snowfall|Freeze-Dry|p2a: Jolly Rancher\n|-crit|p2a: Jolly Rancher\n|-damage|p2a: Jolly Rancher|0 fnt\n|faint|p2a: Jolly Rancher\n|\n|-weather|Snow|[upkeep]\n|upkeep\n|\n|t:|1698850310\n|switch|p2a: Twizzler|Zamazenta|100\/100\n|-ability|p2a: Twizzler|Dauntless Shield|boost\n|-boost|p2a: Twizzler|def|1\n|turn|11\n|\n|t:|1698850318\n|switch|p1a: Cleopatra|Espathra, F, shiny|100\/100\n|move|p2a: Twizzler|Iron Head|p1a: Cleopatra\n|-damage|p1a: Cleopatra|71\/100\n|\n|-weather|Snow|[upkeep]\n|-heal|p1a: Cleopatra|77\/100|[from] item: Leftovers\n|upkeep\n|turn|12\n|\n|t:|1698850323\n|-terastallize|p1a: Cleopatra|Fighting\n|move|p2a: Twizzler|Iron Head|p1a: Cleopatra\n|-damage|p1a: Cleopatra|47\/100\n|move|p1a: Cleopatra|Calm Mind|p1a: Cleopatra\n|-boost|p1a: Cleopatra|spa|1\n|-boost|p1a: Cleopatra|spd|1\n|\n|-weather|none\n|-heal|p1a: Cleopatra|53\/100|[from] item: Leftovers\n|-ability|p1a: Cleopatra|Speed Boost|boost\n|-boost|p1a: Cleopatra|spe|1\n|upkeep\n|turn|13\n|\n|t:|1698850328\n|move|p1a: Cleopatra|Protect|p1a: Cleopatra\n|-singleturn|p1a: Cleopatra|Protect\n|move|p2a: Twizzler|Iron Head|p1a: Cleopatra\n|-activate|p1a: Cleopatra|move: Protect\n|\n|-heal|p1a: Cleopatra|59\/100|[from] item: Leftovers\n|-ability|p1a: Cleopatra|Speed Boost|boost\n|-boost|p1a: Cleopatra|spe|1\n|upkeep\n|turn|14\n|\n|t:|1698850332\n|move|p1a: Cleopatra|Stored Power|p2a: Twizzler\n|-supereffective|p2a: Twizzler\n|-damage|p2a: Twizzler|0 fnt\n|faint|p2a: Twizzler\n|\n|-heal|p1a: Cleopatra|65\/100|[from] item: Leftovers\n|-ability|p1a: Cleopatra|Speed Boost|boost\n|-boost|p1a: Cleopatra|spe|1\n|upkeep\n|\n|t:|1698850341\n|switch|p2a: Cow Tails|Cyclizar, M|84\/100\n|turn|15\n|\n|t:|1698850345\n|move|p1a: Cleopatra|Stored Power|p2a: Cow Tails\n|-damage|p2a: Cow Tails|0 fnt\n|faint|p2a: Cow Tails\n|\n|-heal|p1a: Cleopatra|71\/100|[from] item: Leftovers\n|-sideend|p1: Laprasrules12|move: Aurora Veil\n|-ability|p1a: Cleopatra|Speed Boost|boost\n|-boost|p1a: Cleopatra|spe|1\n|upkeep\n|\n|t:|1698850355\n|switch|p2a: Reeses|Arceus-Ghost|100\/100\n|turn|16\n|\n|t:|1698850361\n|move|p1a: Cleopatra|Protect|p1a: Cleopatra\n|-singleturn|p1a: Cleopatra|Protect\n|move|p2a: Reeses|Extreme Speed|p1a: Cleopatra\n|-activate|p1a: Cleopatra|move: Protect\n|\n|-heal|p1a: Cleopatra|77\/100|[from] item: Leftovers\n|-ability|p1a: Cleopatra|Speed Boost|boost\n|-boost|p1a: Cleopatra|spe|1\n|upkeep\n|turn|17\n|\n|t:|1698850373\n|move|p2a: Reeses|Extreme Speed|p1a: Cleopatra\n|-damage|p1a: Cleopatra|38\/100\n|move|p1a: Cleopatra|Stored Power|p2a: Reeses\n|-crit|p2a: Reeses\n|-damage|p2a: Reeses|0 fnt\n|faint|p2a: Reeses\n|\n|-heal|p1a: Cleopatra|44\/100|[from] item: Leftovers\n|-ability|p1a: Cleopatra|Speed Boost|boost\n|-boost|p1a: Cleopatra|spe|1\n|upkeep\n|\n|t:|1698850376\n|switch|p2a: 5-Gum|Baxcalibur, M|100\/100\n|turn|18\n|\n|t:|1698850391\n|move|p1a: Cleopatra|Protect|p1a: Cleopatra\n|-singleturn|p1a: Cleopatra|Protect\n|move|p2a: 5-Gum|Scale Shot|p1a: Cleopatra\n|-activate|p1a: Cleopatra|move: Protect\n|\n|-heal|p1a: Cleopatra|50\/100|[from] item: Leftovers\n|upkeep\n|turn|19\n|\n|t:|1698850400\n|move|p1a: Cleopatra|Tera Blast|p2a: 5-Gum|[anim] Tera Blast Fighting\n|-supereffective|p2a: 5-Gum\n|-damage|p2a: 5-Gum|0 fnt\n|faint|p2a: 5-Gum\n|\n|-heal|p1a: Cleopatra|56\/100|[from] item: Leftovers\n|upkeep\n|\n|t:|1698850402\n|switch|p2a: Sour-Patch|Palkia-Origin|100\/100\n|-ability|p2a: Sour-Patch|Pressure\n|turn|20\n|\n|t:|1698850406\n|move|p1a: Cleopatra|Stored Power|p2a: Sour-Patch\n|-damage|p2a: Sour-Patch|0 fnt\n|faint|p2a: Sour-Patch\n|\n|win|Laprasrules12\n","uploadtime":1698850410,"views":22,"p1id":"laprasrules12","p2id":"dumbassgaming","formatid":"gen9ubers","rating":0,"private":0,"password":""}