{"id":"gen9ubers-1979538666","p1":"Pickedman","p2":"Rei_darkness","format":"[Gen 9] Ubers","log":"|j|\u2606Pickedman\n|j|\u2606Rei_darkness\n|t:|1698690607\n|gametype|singles\n|player|p1|Pickedman|zinnia|\n|player|p2|Rei_darkness|drayden|\n|teamsize|p1|6\n|teamsize|p2|6\n|gen|9\n|tier|[Gen 9] Ubers\n|rule|Sleep Clause Mod: Limit one foe put to sleep\n|rule|Species Clause: Limit one of each Pok\u00e9mon\n|rule|OHKO Clause: OHKO moves are banned\n|rule|Evasion Items Clause: Evasion items are banned\n|rule|Evasion Moves Clause: Evasion moves are banned\n|rule|Endless Battle Clause: Forcing endless battles is banned\n|rule|HP Percentage Mod: HP is shown in percentages\n|clearpoke\n|poke|p1|Inteleon, F|\n|poke|p1|Gallade, M|\n|poke|p1|Darkrai|\n|poke|p1|Blissey, F|\n|poke|p1|Walking Wake|\n|poke|p1|Grimmsnarl, M|\n|poke|p2|Calyrex-Ice|\n|poke|p2|Slowking-Galar, F|\n|poke|p2|Medicham, M|\n|poke|p2|Greninja-*, M|\n|poke|p2|Weezing-Galar, F|\n|poke|p2|Azelf|\n|teampreview\n|\n|t:|1698690626\n|start\n|switch|p1a: Grimmsnarl|Grimmsnarl, M|100\/100\n|switch|p2a: Calyrex|Calyrex-Ice|100\/100\n|-ability|p2a: Calyrex|As One\n|-ability|p2a: Calyrex|Unnerve\n|turn|1\n|\n|t:|1698690630\n|move|p1a: Grimmsnarl|Thunder Wave|p2a: Calyrex\n|-status|p2a: Calyrex|par\n|move|p2a: Calyrex|Calm Mind|p2a: Calyrex\n|-boost|p2a: Calyrex|spa|1\n|-boost|p2a: Calyrex|spd|1\n|\n|upkeep\n|turn|2\n|\n|t:|1698690635\n|move|p1a: Grimmsnarl|Light Screen|p1a: Grimmsnarl\n|-sidestart|p1: Pickedman|move: Light Screen\n|move|p2a: Calyrex|Calm Mind|p2a: Calyrex\n|-boost|p2a: Calyrex|spa|1\n|-boost|p2a: Calyrex|spd|1\n|\n|upkeep\n|turn|3\n|\n|t:|1698690644\n|switch|p1a: Gallade|Gallade, M|100\/100\n|move|p2a: Calyrex|Iron Defense|p2a: Calyrex\n|-boost|p2a: Calyrex|def|2\n|\n|upkeep\n|turn|4\n|\n|t:|1698690651\n|move|p1a: Gallade|Calm Mind|p1a: Gallade\n|-boost|p1a: Gallade|spa|1\n|-boost|p1a: Gallade|spd|1\n|move|p2a: Calyrex|Stored Power|p1a: Gallade\n|-damage|p1a: Gallade|63\/100\n|\n|-heal|p1a: Gallade|70\/100|[from] item: Leftovers\n|upkeep\n|turn|5\n|\n|t:|1698690656\n|move|p1a: Gallade|Calm Mind|p1a: Gallade\n|-boost|p1a: Gallade|spa|1\n|-boost|p1a: Gallade|spd|1\n|move|p2a: Calyrex|Draining Kiss|p1a: Gallade\n|-supereffective|p1a: Gallade\n|-damage|p1a: Gallade|56\/100\n|\n|-heal|p1a: Gallade|63\/100|[from] item: Leftovers\n|upkeep\n|turn|6\n|\n|t:|1698690659\n|move|p1a: Gallade|Calm Mind|p1a: Gallade\n|-boost|p1a: Gallade|spa|1\n|-boost|p1a: Gallade|spd|1\n|move|p2a: Calyrex|Stored Power|p1a: Gallade\n|-damage|p1a: Gallade|42\/100\n|\n|-heal|p1a: Gallade|48\/100|[from] item: Leftovers\n|upkeep\n|turn|7\n|\n|t:|1698690671\n|move|p1a: Gallade|Calm Mind|p1a: Gallade\n|-boost|p1a: Gallade|spa|1\n|-boost|p1a: Gallade|spd|1\n|cant|p2a: Calyrex|par\n|\n|-heal|p1a: Gallade|54\/100|[from] item: Leftovers\n|upkeep\n|turn|8\n|\n|t:|1698690681\n|move|p1a: Gallade|Calm Mind|p1a: Gallade\n|-boost|p1a: Gallade|spa|1\n|-boost|p1a: Gallade|spd|1\n|move|p2a: Calyrex|Stored Power|p1a: Gallade\n|-damage|p1a: Gallade|40\/100\n|\n|-heal|p1a: Gallade|46\/100|[from] item: Leftovers\n|upkeep\n|turn|9\n|\n|t:|1698690685\n|move|p1a: Gallade|Calm Mind|p1a: Gallade\n|-boost|p1a: Gallade|spa|1\n|-boost|p1a: Gallade|spd|1\n|move|p2a: Calyrex|Stored Power|p1a: Gallade\n|-damage|p1a: Gallade|33\/100\n|\n|-heal|p1a: Gallade|39\/100|[from] item: Leftovers\n|-sideend|p1: Pickedman|move: Light Screen\n|upkeep\n|turn|10\n|\n|t:|1698690698\n|move|p1a: Gallade|Bulk Up|p1a: Gallade\n|-boost|p1a: Gallade|atk|1\n|-boost|p1a: Gallade|def|1\n|cant|p2a: Calyrex|par\n|\n|-heal|p1a: Gallade|45\/100|[from] item: Leftovers\n|upkeep\n|turn|11\n|\n|t:|1698690700\n|move|p1a: Gallade|Bulk Up|p1a: Gallade\n|-boost|p1a: Gallade|atk|1\n|-boost|p1a: Gallade|def|1\n|cant|p2a: Calyrex|par\n|\n|-heal|p1a: Gallade|52\/100|[from] item: Leftovers\n|upkeep\n|turn|12\n|\n|t:|1698690703\n|move|p1a: Gallade|Bulk Up|p1a: Gallade\n|-boost|p1a: Gallade|atk|1\n|-boost|p1a: Gallade|def|1\n|move|p2a: Calyrex|Stored Power|p1a: Gallade\n|-damage|p1a: Gallade|27\/100\n|\n|-heal|p1a: Gallade|33\/100|[from] item: Leftovers\n|upkeep\n|turn|13\n|\n|t:|1698690713\n|-terastallize|p1a: Gallade|Steel\n|move|p1a: Gallade|Bulk Up|p1a: Gallade\n|-boost|p1a: Gallade|atk|1\n|-boost|p1a: Gallade|def|1\n|move|p2a: Calyrex|Stored Power|p1a: Gallade\n|-resisted|p1a: Gallade\n|-damage|p1a: Gallade|20\/100\n|\n|-heal|p1a: Gallade|26\/100|[from] item: Leftovers\n|upkeep\n|turn|14\n|\n|t:|1698690728\n|switch|p2a: Medicham|Medicham, M|100\/100\n|move|p1a: Gallade|Stored Power|p2a: Medicham\n|-damage|p2a: Medicham|0 fnt\n|faint|p2a: Medicham\n|\n|-heal|p1a: Gallade|33\/100|[from] item: Leftovers\n|upkeep\n|-message|Rei_darkness forfeited.\n|\n|win|Pickedman\n|l|\u2606Rei_darkness\n|j|\u2606Rei_darkness\n|player|p2|Rei_darkness|drayden\n","uploadtime":1698690734,"views":9,"p1id":"pickedman","p2id":"reidarkness","formatid":"gen9ubers","rating":0,"private":0,"password":""}