{"id":"gen9ubers-2000370935","p1":"RabidLynx","p2":"gjgkhvj","format":"[Gen 9] Ubers","log":"|j|\u2606RabidLynx\n|j|\u2606gjgkhvj\n|t:|1701189147\n|gametype|singles\n|player|p1|RabidLynx|cynthia-gen4|1144\n|player|p2|gjgkhvj|2|1174\n|teamsize|p1|6\n|teamsize|p2|6\n|gen|9\n|tier|[Gen 9] Ubers\n|rated|\n|rule|Sleep Clause Mod: Limit one foe put to sleep\n|rule|Species Clause: Limit one of each Pok\u00e9mon\n|rule|OHKO Clause: OHKO moves are banned\n|rule|Evasion Items Clause: Evasion items are banned\n|rule|Evasion Moves Clause: Evasion moves are banned\n|rule|Endless Battle Clause: Forcing endless battles is banned\n|rule|HP Percentage Mod: HP is shown in percentages\n|clearpoke\n|poke|p1|Grimmsnarl, M|\n|poke|p1|Miraidon|\n|poke|p1|Sneasler, F|\n|poke|p1|Calyrex-Ice|\n|poke|p1|Zacian-*|\n|poke|p1|Ogerpon-Hearthflame, F|\n|poke|p2|Sneasler, F|\n|poke|p2|Grimmsnarl, M|\n|poke|p2|Miraidon|\n|poke|p2|Zacian-*|\n|poke|p2|Arceus-Ground|\n|poke|p2|Calyrex-Ice|\n|teampreview\n|inactive|Battle timer is ON: inactive players will automatically lose when time's up. (requested by RabidLynx)\n|\n|t:|1701189154\n|start\n|switch|p1a: Grimmy|Grimmsnarl, M, shiny|100\/100\n|switch|p2a: Grimmsnarl|Grimmsnarl, M|100\/100\n|turn|1\n|\n|t:|1701189162\n|move|p2a: Grimmsnarl|Reflect|p2a: Grimmsnarl\n|-sidestart|p2: gjgkhvj|Reflect\n|move|p1a: Grimmy|Play Rough|p2a: Grimmsnarl\n|-supereffective|p2a: Grimmsnarl\n|-damage|p2a: Grimmsnarl|52\/100\n|\n|upkeep\n|turn|2\n|\n|t:|1701189169\n|move|p1a: Grimmy|Reflect|p1a: Grimmy\n|-sidestart|p1: RabidLynx|Reflect\n|move|p2a: Grimmsnarl|Light Screen|p2a: Grimmsnarl\n|-sidestart|p2: gjgkhvj|move: Light Screen\n|\n|upkeep\n|turn|3\n|\n|t:|1701189185\n|switch|p2a: Zacian|Zacian-Crowned|100\/100\n|-ability|p2a: Zacian|Intrepid Sword|boost\n|-boost|p2a: Zacian|atk|1\n|move|p1a: Grimmy|Light Screen|p1a: Grimmy\n|-sidestart|p1: RabidLynx|move: Light Screen\n|\n|upkeep\n|turn|4\n|\n|t:|1701189193\n|switch|p1a: Mariah|Miraidon|100\/100\n|-fieldstart|move: Electric Terrain|[from] ability: Hadron Engine|[of] p1a: Mariah\n|-enditem|p1a: Mariah|Electric Seed\n|-boost|p1a: Mariah|def|1|[from] item: Electric Seed\n|move|p2a: Zacian|Swords Dance|p2a: Zacian\n|-boost|p2a: Zacian|atk|2\n|\n|upkeep\n|turn|5\n|\n|t:|1701189208\n|-terastallize|p2a: Zacian|Ground\n|move|p2a: Zacian|Tera Blast|p1a: Mariah|[anim] Tera Blast Ground\n|-supereffective|p1a: Mariah\n|-damage|p1a: Mariah|33\/100\n|move|p1a: Mariah|Parabolic Charge|p2a: Zacian\n|-immune|p2a: Zacian\n|\n|upkeep\n|turn|6\n|\n|t:|1701189215\n|move|p2a: Zacian|Tera Blast|p1a: Mariah|[anim] Tera Blast Ground\n|-supereffective|p1a: Mariah\n|-damage|p1a: Mariah|0 fnt\n|faint|p1a: Mariah\n|\n|upkeep\n|\n|t:|1701189220\n|switch|p1a: Caly|Calyrex-Ice|100\/100\n|-ability|p1a: Caly|As One\n|-ability|p1a: Caly|Unnerve\n|turn|7\n|\n|t:|1701189229\n|switch|p2a: Calyrex|Calyrex-Ice|100\/100\n|-ability|p2a: Calyrex|As One\n|-ability|p2a: Calyrex|Unnerve\n|-terastallize|p1a: Caly|Fire\n|move|p1a: Caly|Trick Room|p1a: Caly\n|-fieldstart|move: Trick Room|[of] p1a: Caly\n|\n|upkeep\n|turn|8\n|\n|t:|1701189240\n|move|p1a: Caly|High Horsepower|p2a: Calyrex\n|-damage|p2a: Calyrex|87\/100\n|move|p2a: Calyrex|High Horsepower|p1a: Caly\n|-supereffective|p1a: Caly\n|-damage|p1a: Caly|76\/100\n|\n|-sideend|p2: gjgkhvj|Reflect\n|-fieldend|move: Electric Terrain\n|upkeep\n|turn|9\n|-message|RabidLynx forfeited.\n|\n|win|gjgkhvj\n|raw|RabidLynx's rating: 1144 &rarr; <strong>1121<\/strong><br \/>(-23 for losing)\n|raw|gjgkhvj's rating: 1174 &rarr; <strong>1197<\/strong><br \/>(+23 for winning)\n|l|\u2606RabidLynx\n","uploadtime":1701189277,"views":1,"p1id":"rabidlynx","p2id":"gjgkhvj","formatid":"gen9ubers","rating":1121,"private":0,"password":""}