{"id":"gen9ubers-1993007717","p1":"Rei_darkness","p2":"Dragon Master Rosa","format":"[Gen 9] Ubers","log":"|j|\u2606Rei_darkness\n|j|\u2606Dragon Master Rosa\n|t:|1700254937\n|gametype|singles\n|player|p1|Rei_darkness|drayden|\n|player|p2|Dragon Master Rosa|dragontamer-gen9|\n|teamsize|p1|6\n|teamsize|p2|6\n|gen|9\n|tier|[Gen 9] Ubers\n|rule|Sleep Clause Mod: Limit one foe put to sleep\n|rule|Species Clause: Limit one of each Pok\u00e9mon\n|rule|OHKO Clause: OHKO moves are banned\n|rule|Evasion Items Clause: Evasion items are banned\n|rule|Evasion Moves Clause: Evasion moves are banned\n|rule|Endless Battle Clause: Forcing endless battles is banned\n|rule|HP Percentage Mod: HP is shown in percentages\n|clearpoke\n|poke|p1|Slowbro-Galar, F|\n|poke|p1|Goodra-Hisui, F|\n|poke|p1|Toxapex, M|\n|poke|p1|Slowking-Galar, F|\n|poke|p1|Mandibuzz, F|\n|poke|p1|Vaporeon, F|\n|poke|p2|Slowking-Galar, M|\n|poke|p2|Wigglytuff, M|\n|poke|p2|Toedscruel, M|\n|poke|p2|Landorus-Therian, M|\n|poke|p2|Medicham, F|\n|poke|p2|Basculegion, M|\n|teampreview\n|\n|t:|1700255045\n|start\n|switch|p1a: Mulchgang4lyfe|Toxapex, M|100\/100\n|switch|p2a: Wigglytuff|Wigglytuff, M|100\/100\n|-item|p1a: Mulchgang4lyfe|Assault Vest|[from] ability: Frisk|[of] p2a: Wigglytuff|[identify]\n|turn|1\n|\n|t:|1700255054\n|move|p2a: Wigglytuff|Knock Off|p1a: Mulchgang4lyfe\n|-damage|p1a: Mulchgang4lyfe|88\/100\n|-enditem|p1a: Mulchgang4lyfe|Assault Vest|[from] move: Knock Off|[of] p2a: Wigglytuff\n|move|p1a: Mulchgang4lyfe|Infestation|p2a: Wigglytuff\n|-resisted|p2a: Wigglytuff\n|-damage|p2a: Wigglytuff|99\/100\n|-activate|p2a: Wigglytuff|move: Infestation|[of] p1a: Mulchgang4lyfe\n|\n|-heal|p2a: Wigglytuff|100\/100|[from] item: Leftovers\n|-damage|p2a: Wigglytuff|88\/100|[from] move: Infestation|[partiallytrapped]\n|upkeep\n|turn|2\n|\n|t:|1700255058\n|move|p2a: Wigglytuff|Stealth Rock|p1a: Mulchgang4lyfe\n|-sidestart|p1: Rei_darkness|move: Stealth Rock\n|move|p1a: Mulchgang4lyfe|Acid Spray|p2a: Wigglytuff\n|-supereffective|p2a: Wigglytuff\n|-damage|p2a: Wigglytuff|66\/100\n|-unboost|p2a: Wigglytuff|spd|2\n|\n|-heal|p2a: Wigglytuff|72\/100|[from] item: Leftovers\n|-damage|p2a: Wigglytuff|60\/100|[from] move: Infestation|[partiallytrapped]\n|upkeep\n|turn|3\n|\n|t:|1700255062\n|move|p2a: Wigglytuff|Wish|p2a: Wigglytuff\n|move|p1a: Mulchgang4lyfe|Sludge Bomb|p2a: Wigglytuff\n|-supereffective|p2a: Wigglytuff\n|-damage|p2a: Wigglytuff|0 fnt\n|faint|p2a: Wigglytuff\n|\n|upkeep\n|\n|t:|1700255071\n|switch|p2a: Landorus|Landorus-Therian, M|100\/100\n|-ability|p2a: Landorus|Intimidate|boost\n|-unboost|p1a: Mulchgang4lyfe|atk|1\n|turn|4\n|\n|t:|1700255078\n|switch|p1a: Girlboss|Mandibuzz, F|100\/100\n|move|p2a: Landorus|Nasty Plot|p2a: Landorus\n|-boost|p2a: Landorus|spa|2\n|\n|upkeep\n|turn|5\n|\n|t:|1700255084\n|move|p2a: Landorus|Tera Blast|p1a: Girlboss\n|-damage|p1a: Girlboss|57\/100\n|move|p1a: Girlboss|Toxic|p2a: Landorus\n|-status|p2a: Landorus|tox\n|\n|-damage|p2a: Landorus|94\/100 tox|[from] psn\n|upkeep\n|turn|6\n|\n|t:|1700255092\n|-terastallize|p2a: Landorus|Flying\n|move|p2a: Landorus|Tera Blast|p1a: Girlboss|[anim] Tera Blast Flying\n|-damage|p1a: Girlboss|0 fnt\n|faint|p1a: Girlboss\n|\n|-heal|p2a: Landorus|100\/100 tox|[from] item: Leftovers\n|-damage|p2a: Landorus|88\/100 tox|[from] psn\n|upkeep\n|\n|t:|1700255122\n|switch|p1a: Shitmon|Vaporeon, F|100\/100\n|-damage|p1a: Shitmon|88\/100|[from] Stealth Rock\n|turn|7\n|\n|t:|1700255126\n|move|p1a: Shitmon|Protect|p1a: Shitmon\n|-singleturn|p1a: Shitmon|Protect\n|move|p2a: Landorus|Nasty Plot|p2a: Landorus\n|-boost|p2a: Landorus|spa|2\n|\n|-heal|p2a: Landorus|94\/100 tox|[from] item: Leftovers\n|-heal|p1a: Shitmon|94\/100|[from] item: Leftovers\n|-damage|p2a: Landorus|76\/100 tox|[from] psn\n|upkeep\n|turn|8\n|\n|t:|1700255138\n|move|p2a: Landorus|Tera Blast|p1a: Shitmon|[anim] Tera Blast Flying\n|-damage|p1a: Shitmon|9\/100\n|move|p1a: Shitmon|Wish|p1a: Shitmon\n|\n|-heal|p2a: Landorus|82\/100 tox|[from] item: Leftovers\n|-heal|p1a: Shitmon|15\/100|[from] item: Leftovers\n|-damage|p2a: Landorus|58\/100 tox|[from] psn\n|upkeep\n|turn|9\n|\n|t:|1700255144\n|switch|p2a: Medicham|Medicham, F|100\/100\n|move|p1a: Shitmon|Flip Turn|p2a: Medicham\n|-damage|p2a: Medicham|71\/100\n|\n|t:|1700255154\n|switch|p1a: Mulchgang4lyfe|Toxapex, M|100\/100|[from] Flip Turn\n|-damage|p1a: Mulchgang4lyfe|88\/100|[from] Stealth Rock\n|\n|-heal|p1a: Mulchgang4lyfe|100\/100|[from] move: Wish|[wisher] Shitmon\n|upkeep\n|turn|10\n|\n|t:|1700255176\n|-terastallize|p1a: Mulchgang4lyfe|Fairy\n|move|p2a: Medicham|Thunder Punch|p1a: Mulchgang4lyfe\n|-crit|p1a: Mulchgang4lyfe\n|-damage|p1a: Mulchgang4lyfe|65\/100\n|move|p1a: Mulchgang4lyfe|Infestation|p2a: Medicham\n|-crit|p2a: Medicham\n|-damage|p2a: Medicham|58\/100\n|-activate|p2a: Medicham|move: Infestation|[of] p1a: Mulchgang4lyfe\n|\n|-damage|p2a: Medicham|46\/100|[from] move: Infestation|[partiallytrapped]\n|upkeep\n|turn|11\n|\n|t:|1700255184\n|move|p2a: Medicham|Thunder Punch|p1a: Mulchgang4lyfe\n|-damage|p1a: Mulchgang4lyfe|42\/100\n|move|p1a: Mulchgang4lyfe|Sludge Bomb|p2a: Medicham\n|-damage|p2a: Medicham|0 fnt\n|faint|p2a: Medicham\n|\n|upkeep\n|\n|t:|1700255193\n|switch|p2a: Basculegion|Basculegion, M|100\/100\n|turn|12\n|\n|t:|1700255198\n|switch|p1a: Shitmon|Vaporeon, F|15\/100\n|-damage|p1a: Shitmon|3\/100|[from] Stealth Rock\n|move|p2a: Basculegion|Shadow Ball|p1a: Shitmon\n|-damage|p1a: Shitmon|0 fnt\n|faint|p1a: Shitmon\n|\n|upkeep\n|\n|t:|1700255207\n|switch|p1a: Blissey2.0|Goodra-Hisui, F|100\/100\n|-damage|p1a: Blissey2.0|94\/100|[from] Stealth Rock\n|turn|13\n|\n|t:|1700255216\n|switch|p2a: Landorus|Landorus-Therian, M, tera:Flying|58\/100 tox\n|-ability|p2a: Landorus|Intimidate|boost\n|-unboost|p1a: Blissey2.0|atk|1\n|move|p1a: Blissey2.0|Acid Armor|p1a: Blissey2.0\n|-boost|p1a: Blissey2.0|def|2\n|\n|-heal|p2a: Landorus|64\/100 tox|[from] item: Leftovers\n|-heal|p1a: Blissey2.0|100\/100|[from] item: Leftovers\n|-damage|p2a: Landorus|58\/100 tox|[from] psn\n|upkeep\n|turn|14\n|\n|t:|1700255220\n|move|p2a: Landorus|Earth Power|p1a: Blissey2.0\n|-supereffective|p1a: Blissey2.0\n|-damage|p1a: Blissey2.0|59\/100\n|move|p1a: Blissey2.0|Dragon Tail|p2a: Landorus\n|-damage|p2a: Landorus|46\/100 tox\n|drag|p2a: Basculegion|Basculegion, M|100\/100\n|\n|-heal|p1a: Blissey2.0|65\/100|[from] item: Leftovers\n|upkeep\n|turn|15\n|\n|t:|1700255228\n|move|p2a: Basculegion|Shadow Ball|p1a: Blissey2.0\n|-damage|p1a: Blissey2.0|30\/100\n|-unboost|p1a: Blissey2.0|spd|1\n|move|p1a: Blissey2.0|Life Dew|p1a: Blissey2.0\n|-heal|p1a: Blissey2.0|55\/100\n|\n|-heal|p1a: Blissey2.0|61\/100|[from] item: Leftovers\n|upkeep\n|turn|16\n|\n|t:|1700255239\n|switch|p1a: Mulchgang4lyfe|Toxapex, M, tera:Fairy|75\/100\n|-damage|p1a: Mulchgang4lyfe|63\/100|[from] Stealth Rock\n|move|p2a: Basculegion|Shadow Ball|p1a: Mulchgang4lyfe\n|-damage|p1a: Mulchgang4lyfe|7\/100\n|\n|upkeep\n|turn|17\n|\n|t:|1700255243\n|move|p2a: Basculegion|Shadow Ball|p1a: Mulchgang4lyfe\n|-damage|p1a: Mulchgang4lyfe|0 fnt\n|faint|p1a: Mulchgang4lyfe\n|\n|upkeep\n|\n|t:|1700255251\n|switch|p1a: worsethanbro|Slowking-Galar, F|100\/100\n|turn|18\n|\n|t:|1700255256\n|move|p2a: Basculegion|Shadow Ball|p1a: worsethanbro\n|-supereffective|p1a: worsethanbro\n|-damage|p1a: worsethanbro|18\/100\n|move|p1a: worsethanbro|Thunder Wave|p2a: Basculegion\n|-status|p2a: Basculegion|par\n|\n|upkeep\n|turn|19\n|\n|t:|1700255261\n|switch|p1a: Blissey2.0|Goodra-Hisui, F|61\/100\n|-damage|p1a: Blissey2.0|55\/100|[from] Stealth Rock\n|cant|p2a: Basculegion|par\n|\n|-heal|p1a: Blissey2.0|61\/100|[from] item: Leftovers\n|upkeep\n|turn|20\n|\n|t:|1700255271\n|move|p1a: Blissey2.0|Life Dew|p1a: Blissey2.0\n|-heal|p1a: Blissey2.0|86\/100\n|move|p2a: Basculegion|Shadow Ball|p1a: Blissey2.0\n|-damage|p1a: Blissey2.0|50\/100\n|\n|-heal|p1a: Blissey2.0|56\/100|[from] item: Leftovers\n|upkeep\n|turn|21\n|\n|t:|1700255277\n|move|p1a: Blissey2.0|Life Dew|p1a: Blissey2.0\n|-heal|p1a: Blissey2.0|81\/100\n|cant|p2a: Basculegion|par\n|\n|-heal|p1a: Blissey2.0|87\/100|[from] item: Leftovers\n|upkeep\n|turn|22\n|\n|t:|1700255280\n|cant|p2a: Basculegion|par\n|move|p1a: Blissey2.0|Dragon Tail|p2a: Basculegion\n|-damage|p2a: Basculegion|82\/100 par\n|drag|p2a: Landorus|Landorus-Therian, M, tera:Flying|46\/100 tox\n|-ability|p2a: Landorus|Intimidate|boost\n|-unboost|p1a: Blissey2.0|atk|1\n|\n|-heal|p2a: Landorus|52\/100 tox|[from] item: Leftovers\n|-heal|p1a: Blissey2.0|93\/100|[from] item: Leftovers\n|-damage|p2a: Landorus|46\/100 tox|[from] psn\n|upkeep\n|turn|23\n|\n|t:|1700255282\n|move|p2a: Landorus|Tera Blast|p1a: Blissey2.0|[anim] Tera Blast Flying\n|-resisted|p1a: Blissey2.0\n|-damage|p1a: Blissey2.0|78\/100\n|move|p1a: Blissey2.0|Dragon Tail|p2a: Landorus\n|-damage|p2a: Landorus|33\/100 tox\n|drag|p2a: Basculegion|Basculegion, M|82\/100 par\n|\n|-heal|p1a: Blissey2.0|84\/100|[from] item: Leftovers\n|upkeep\n|turn|24\n|\n|t:|1700255284\n|move|p2a: Basculegion|Shadow Ball|p1a: Blissey2.0\n|-damage|p1a: Blissey2.0|50\/100\n|-unboost|p1a: Blissey2.0|spd|1\n|move|p1a: Blissey2.0|Dragon Tail|p2a: Basculegion\n|-damage|p2a: Basculegion|69\/100 par\n|drag|p2a: Landorus|Landorus-Therian, M, tera:Flying|33\/100 tox\n|-ability|p2a: Landorus|Intimidate|boost\n|-unboost|p1a: Blissey2.0|atk|1\n|\n|-heal|p2a: Landorus|39\/100 tox|[from] item: Leftovers\n|-heal|p1a: Blissey2.0|56\/100|[from] item: Leftovers\n|-damage|p2a: Landorus|33\/100 tox|[from] psn\n|upkeep\n|turn|25\n|\n|t:|1700255289\n|switch|p1a: whatsheplottin|Slowbro-Galar, F|100\/100\n|-damage|p1a: whatsheplottin|88\/100|[from] Stealth Rock\n|move|p2a: Landorus|Earth Power|p1a: whatsheplottin\n|-supereffective|p1a: whatsheplottin\n|-damage|p1a: whatsheplottin|0 fnt\n|faint|p1a: whatsheplottin\n|\n|-heal|p2a: Landorus|39\/100 tox|[from] item: Leftovers\n|-damage|p2a: Landorus|27\/100 tox|[from] psn\n|upkeep\n|\n|t:|1700255295\n|switch|p1a: worsethanbro|Slowking-Galar, F|52\/100\n|turn|26\n|-message|Rei_darkness forfeited.\n|\n|win|Dragon Master Rosa\n","uploadtime":1700255308,"views":27,"p1id":"reidarkness","p2id":"dragonmasterrosa","formatid":"gen9ubers","rating":0,"private":0,"password":""}