{"id":"gen9ubers-1992428538","p1":"alsome1","p2":"Greninja3040","format":"[Gen 9] Ubers","log":"|j|\u2606alsome1\n|j|\u2606Greninja3040\n|t:|1700186444\n|gametype|singles\n|player|p1|alsome1|101|\n|player|p2|Greninja3040|hilbert-wonderlauncher|\n|teamsize|p1|6\n|teamsize|p2|6\n|gen|9\n|tier|[Gen 9] Ubers\n|rule|Sleep Clause Mod: Limit one foe put to sleep\n|rule|Species Clause: Limit one of each Pok\u00e9mon\n|rule|OHKO Clause: OHKO moves are banned\n|rule|Evasion Items Clause: Evasion items are banned\n|rule|Evasion Moves Clause: Evasion moves are banned\n|rule|Endless Battle Clause: Forcing endless battles is banned\n|rule|HP Percentage Mod: HP is shown in percentages\n|clearpoke\n|poke|p1|Sableye, M|\n|poke|p1|Iron Hands|\n|poke|p1|Iron Moth|\n|poke|p1|Iron Valiant|\n|poke|p1|Zoroark, M|\n|poke|p1|Magneton|\n|poke|p2|Greninja-*, M|\n|poke|p2|Gengar, M|\n|poke|p2|Falinks|\n|poke|p2|Politoed, F|\n|poke|p2|Basculegion, M|\n|poke|p2|Dragonite, M|\n|teampreview\n|j| Red_Knight64\n|c| Red_Knight64|hehe\n|c| Red_Knight64|uh oh\n|\n|t:|1700186471\n|start\n|switch|p1a: Iron Moth|Iron Moth|100\/100\n|switch|p2a: Bubble Gum|Politoed, F, shiny|100\/100\n|-weather|RainDance|[from] ability: Drizzle|[of] p2a: Bubble Gum\n|-enditem|p1a: Iron Moth|Booster Energy\n|-activate|p1a: Iron Moth|ability: Quark Drive|[fromitem]\n|-start|p1a: Iron Moth|quarkdrivespe\n|turn|1\n|\n|t:|1700186481\n|move|p1a: Iron Moth|Energy Ball|p2a: Bubble Gum\n|-supereffective|p2a: Bubble Gum\n|-damage|p2a: Bubble Gum|50\/100\n|move|p2a: Bubble Gum|Earth Power|p1a: Iron Moth\n|-supereffective|p1a: Iron Moth\n|-damage|p1a: Iron Moth|0 fnt\n|faint|p1a: Iron Moth\n|-end|p1a: Iron Moth|Quark Drive|[silent]\n|\n|-weather|RainDance|[upkeep]\n|upkeep\n|j| Ascatevil\n|\n|t:|1700186548\n|switch|p1a: Iron Hands|Iron Hands|100\/100\n|turn|2\n|\n|t:|1700186560\n|switch|p2a: Maybe Meta?!|Dragonite, M|100\/100\n|move|p1a: Iron Hands|Wild Charge|p2a: Maybe Meta?!\n|-crit|p2a: Maybe Meta?!\n|-damage|p2a: Maybe Meta?!|37\/100\n|-damage|p1a: Iron Hands|88\/100|[from] Recoil\n|\n|-weather|RainDance|[upkeep]\n|upkeep\n|turn|3\n|\n|t:|1700186574\n|move|p2a: Maybe Meta?!|Earthquake|p1a: Iron Hands\n|-supereffective|p1a: Iron Hands\n|-damage|p1a: Iron Hands|43\/100\n|move|p1a: Iron Hands|Wild Charge|p2a: Maybe Meta?!\n|-damage|p2a: Maybe Meta?!|0 fnt\n|faint|p2a: Maybe Meta?!\n|-damage|p1a: Iron Hands|36\/100|[from] Recoil\n|\n|-weather|RainDance|[upkeep]\n|upkeep\n|\n|t:|1700186606\n|switch|p2a: Funny Fish|Basculegion, M, shiny|100\/100\n|turn|4\n|\n|t:|1700186640\n|move|p2a: Funny Fish|Wave Crash|p1a: Iron Hands\n|-damage|p1a: Iron Hands|0 fnt\n|faint|p1a: Iron Hands\n|-end|p1a: Iron Hands|Quark Drive|[silent]\n|-damage|p2a: Funny Fish|86\/100|[from] Recoil\n|\n|-weather|RainDance|[upkeep]\n|upkeep\n|\n|t:|1700186673\n|switch|p1a: The Devil|Sableye, M, shiny|100\/100\n|turn|5\n|\n|t:|1700186690\n|move|p1a: The Devil|Sunny Day|p1a: The Devil\n|-weather|SunnyDay\n|move|p2a: Funny Fish|Ice Fang|p1a: The Devil\n|-damage|p1a: The Devil|79\/100\n|\n|-weather|SunnyDay|[upkeep]\n|upkeep\n|turn|6\n|\n|t:|1700186700\n|switch|p2a: Bubble Gum|Politoed, F, shiny|50\/100\n|-weather|RainDance|[from] ability: Drizzle|[of] p2a: Bubble Gum\n|move|p1a: The Devil|Light Screen|p1a: The Devil\n|-sidestart|p1: alsome1|move: Light Screen\n|\n|-weather|RainDance|[upkeep]\n|upkeep\n|turn|7\n|\n|t:|1700186714\n|move|p1a: The Devil|Sunny Day|p1a: The Devil\n|-weather|SunnyDay\n|move|p2a: Bubble Gum|Metronome|p2a: Bubble Gum\n|move|p2a: Bubble Gum|Pollen Puff|p1a: The Devil|[from]move: Metronome\n|-damage|p1a: The Devil|57\/100\n|\n|-weather|SunnyDay|[upkeep]\n|upkeep\n|turn|8\n|\n|t:|1700186738\n|move|p1a: The Devil|Reflect|p1a: The Devil\n|-sidestart|p1: alsome1|Reflect\n|move|p2a: Bubble Gum|Metronome|p2a: Bubble Gum\n|move|p2a: Bubble Gum|Iron Tail|p1a: The Devil|[from]move: Metronome\n|-damage|p1a: The Devil|49\/100\n|\n|-weather|SunnyDay|[upkeep]\n|upkeep\n|turn|9\n|\n|t:|1700186751\n|switch|p1a: Magneton|Magneton|100\/100\n|move|p2a: Bubble Gum|Weather Ball|p1a: Magneton\n|-damage|p1a: Magneton|56\/100\n|replace|p1a: Zoroark|Zoroark, M\n|-end|p1a: Zoroark|Illusion\n|\n|-weather|SunnyDay|[upkeep]\n|upkeep\n|turn|10\n|\n|t:|1700186769\n|switch|p2a: Poyo Squad|Falinks, shiny|100\/100\n|move|p1a: Zoroark|Shadow Claw|p2a: Poyo Squad\n|-damage|p2a: Poyo Squad|75\/100\n|\n|-weather|SunnyDay|[upkeep]\n|upkeep\n|turn|11\n|\n|t:|1700186817\n|move|p2a: Poyo Squad|First Impression|p1a: Zoroark\n|-supereffective|p1a: Zoroark\n|-damage|p1a: Zoroark|0 fnt\n|faint|p1a: Zoroark\n|\n|-weather|none\n|upkeep\n|\n|t:|1700186853\n|switch|p1a: Iron Valiant|Iron Valiant|100\/100\n|-enditem|p1a: Iron Valiant|Booster Energy\n|-activate|p1a: Iron Valiant|ability: Quark Drive|[fromitem]\n|-start|p1a: Iron Valiant|quarkdrivespe\n|turn|12\n|\n|t:|1700186865\n|-terastallize|p2a: Poyo Squad|Fairy\n|move|p1a: Iron Valiant|Moonblast|p2a: Poyo Squad\n|-damage|p2a: Poyo Squad|0 fnt\n|faint|p2a: Poyo Squad\n|\n|upkeep\n|\n|t:|1700186884\n|switch|p2a: Diablo|Gengar, M|100\/100\n|turn|13\n|\n|t:|1700186930\n|move|p1a: Iron Valiant|Shadow Ball|p2a: Diablo\n|-supereffective|p2a: Diablo\n|-damage|p2a: Diablo|20\/100\n|move|p2a: Diablo|Sludge Bomb|p1a: Iron Valiant\n|-supereffective|p1a: Iron Valiant\n|-crit|p1a: Iron Valiant\n|-damage|p1a: Iron Valiant|0 fnt\n|faint|p1a: Iron Valiant\n|-end|p1a: Iron Valiant|Quark Drive|[silent]\n|\n|-sideend|p1: alsome1|move: Light Screen\n|upkeep\n|\n|t:|1700186948\n|switch|p1a: Magneton|Magneton|100\/100\n|turn|14\n|\n|t:|1700186957\n|move|p2a: Diablo|Shadow Ball|p1a: Magneton\n|-damage|p1a: Magneton|12\/100\n|move|p1a: Magneton|Thunderbolt|p2a: Diablo\n|-damage|p2a: Diablo|0 fnt\n|faint|p2a: Diablo\n|\n|upkeep\n|\n|t:|1700186963\n|switch|p2a: Gekkouga|Greninja, M|100\/100\n|turn|15\n|-enditem|p1a: Magneton|Custap Berry|[eat]\n|-activate|p1a: Magneton|item: Custap Berry|[consumed]\n|\n|t:|1700186983\n|move|p2a: Gekkouga|Water Shuriken|p1a: Magneton\n|-damage|p1a: Magneton|0 fnt\n|faint|p1a: Magneton\n|-ability|p2a: Gekkouga|Battle Bond|boost\n|-boost|p2a: Gekkouga|atk|1\n|-boost|p2a: Gekkouga|spa|1\n|-boost|p2a: Gekkouga|spe|1\n|-activate|p2a: Gekkouga|ability: Battle Bond\n|-hitcount|p1: Magneton|1\n|\n|-sideend|p1: alsome1|Reflect\n|upkeep\n|\n|t:|1700186999\n|switch|p1a: The Devil|Sableye, M, shiny|49\/100\n|turn|16\n|\n|t:|1700187007\n|move|p2a: Gekkouga|Water Shuriken|p1a: The Devil\n|-damage|p1a: The Devil|31\/100\n|-crit|p1a: The Devil\n|-damage|p1a: The Devil|5\/100\n|-damage|p1a: The Devil|0 fnt\n|faint|p1a: The Devil\n|-hitcount|p1: The Devil|3\n|\n|win|Greninja3040\n|l| Red_Knight64\n","uploadtime":1700187072,"views":28,"p1id":"alsome1","p2id":"greninja3040","formatid":"gen9ubers","rating":0,"private":0,"password":""}