{"id":"gen9ubers-1987395312","p1":"So Threatening","p2":"tortortortellini","format":"[Gen 9] Ubers","log":"|j|\u2606So Threatening\n|j|\u2606tortortortellini\n|t:|1699585836\n|gametype|singles\n|player|p1|So Threatening|caitlin|\n|player|p2|tortortortellini|musician|\n|teamsize|p1|6\n|teamsize|p2|6\n|gen|9\n|tier|[Gen 9] Ubers\n|rule|Sleep Clause Mod: Limit one foe put to sleep\n|rule|Species Clause: Limit one of each Pok\u00e9mon\n|rule|OHKO Clause: OHKO moves are banned\n|rule|Evasion Items Clause: Evasion items are banned\n|rule|Evasion Moves Clause: Evasion moves are banned\n|rule|Endless Battle Clause: Forcing endless battles is banned\n|rule|HP Percentage Mod: HP is shown in percentages\n|clearpoke\n|poke|p1|Zamazenta-*|\n|poke|p1|Sandy Shocks|\n|poke|p1|Wo-Chien|\n|poke|p1|Rotom|\n|poke|p1|Talonflame, M|\n|poke|p1|Fezandipiti, M|\n|poke|p2|Articuno-Galar|\n|poke|p2|Zamazenta-*|\n|poke|p2|Ogerpon-Wellspring, F|\n|poke|p2|Skeledirge, F|\n|poke|p2|Dipplin, F|\n|poke|p2|Tinkaton, F|\n|teampreview\n|c|\u2606So Threatening|glhf\n|\n|t:|1699585912\n|start\n|switch|p1a: SANDY CROCS|Sandy Shocks|100\/100\n|switch|p2a: Tinkaton|Tinkaton, F|100\/100\n|-item|p2a: Tinkaton|Air Balloon\n|turn|1\n|\n|t:|1699585938\n|move|p1a: SANDY CROCS|Stealth Rock|p2a: Tinkaton\n|-sidestart|p2: tortortortellini|move: Stealth Rock\n|move|p2a: Tinkaton|Stealth Rock|p1a: SANDY CROCS\n|-sidestart|p1: So Threatening|move: Stealth Rock\n|\n|upkeep\n|turn|2\n|\n|t:|1699585945\n|switch|p2a: Dipplin|Dipplin, F|100\/100\n|-damage|p2a: Dipplin|88\/100|[from] Stealth Rock\n|move|p1a: SANDY CROCS|Discharge|p2a: Dipplin\n|-resisted|p2a: Dipplin\n|-damage|p2a: Dipplin|81\/100\n|-status|p2a: Dipplin|par\n|\n|upkeep\n|turn|3\n|\n|t:|1699585952\n|move|p1a: SANDY CROCS|Spikes|p2a: Dipplin\n|-sidestart|p2: tortortortellini|Spikes\n|move|p2a: Dipplin|Infestation|p1a: SANDY CROCS\n|-damage|p1a: SANDY CROCS|95\/100\n|-activate|p1a: SANDY CROCS|move: Infestation|[of] p2a: Dipplin\n|\n|-heal|p1a: SANDY CROCS|100\/100|[from] item: Leftovers\n|-damage|p1a: SANDY CROCS|88\/100|[from] move: Infestation|[partiallytrapped]\n|upkeep\n|turn|4\n|\n|t:|1699586041\n|move|p1a: SANDY CROCS|Spikes|p2a: Dipplin\n|-sidestart|p2: tortortortellini|Spikes\n|move|p2a: Dipplin|Energy Ball|p1a: SANDY CROCS\n|-supereffective|p1a: SANDY CROCS\n|-damage|p1a: SANDY CROCS|12\/100\n|\n|-heal|p1a: SANDY CROCS|18\/100|[from] item: Leftovers\n|-damage|p1a: SANDY CROCS|6\/100|[from] move: Infestation|[partiallytrapped]\n|upkeep\n|turn|5\n|\n|t:|1699586047\n|move|p1a: SANDY CROCS|Spikes|p2a: Dipplin\n|-sidestart|p2: tortortortellini|Spikes\n|cant|p2a: Dipplin|par\n|\n|-heal|p1a: SANDY CROCS|12\/100|[from] item: Leftovers\n|-damage|p1a: SANDY CROCS|0 fnt|[from] move: Infestation|[partiallytrapped]\n|faint|p1a: SANDY CROCS\n|-end|p1a: SANDY CROCS|Protosynthesis|[silent]\n|upkeep\n|\n|t:|1699586065\n|switch|p1a: I am Speed|Talonflame, M|100\/100\n|turn|6\n|\n|t:|1699586086\n|switch|p2a: Skeledirge|Skeledirge, F|100\/100\n|-damage|p2a: Skeledirge|76\/100|[from] Stealth Rock\n|-damage|p2a: Skeledirge|51\/100|[from] Spikes\n|move|p1a: I am Speed|Brave Bird|p2a: Skeledirge\n|-damage|p2a: Skeledirge|28\/100\n|-damage|p1a: I am Speed|92\/100|[from] Recoil\n|\n|upkeep\n|turn|7\n|\n|t:|1699586093\n|move|p1a: I am Speed|Taunt|p2a: Skeledirge\n|-start|p2a: Skeledirge|move: Taunt\n|cant|p2a: Skeledirge|move: Taunt|Slack Off\n|\n|upkeep\n|turn|8\n|c|\u2606tortortortellini|skeledirge died\n|c|\u2606So Threatening|lmao\n|\n|t:|1699586104\n|move|p1a: I am Speed|Brave Bird|p2a: Skeledirge\n|-damage|p2a: Skeledirge|6\/100\n|-damage|p1a: I am Speed|83\/100|[from] Recoil\n|move|p2a: Skeledirge|Torch Song|p1a: I am Speed\n|-resisted|p1a: I am Speed\n|-damage|p1a: I am Speed|66\/100\n|-boost|p2a: Skeledirge|spa|1\n|\n|upkeep\n|turn|9\n|\n|t:|1699586122\n|move|p1a: I am Speed|Roost|p1a: I am Speed\n|-heal|p1a: I am Speed|100\/100\n|-singleturn|p1a: I am Speed|move: Roost\n|move|p2a: Skeledirge|Hex|p1a: I am Speed\n|-damage|p1a: I am Speed|57\/100\n|\n|-end|p2a: Skeledirge|move: Taunt\n|upkeep\n|turn|10\n|\n|t:|1699586139\n|move|p1a: I am Speed|Brave Bird|p2a: Skeledirge\n|-damage|p2a: Skeledirge|0 fnt\n|faint|p2a: Skeledirge\n|-damage|p1a: I am Speed|55\/100|[from] Recoil\n|\n|upkeep\n|\n|t:|1699586184\n|switch|p2a: Tinkaton|Tinkaton, F|100\/100\n|-damage|p2a: Tinkaton|94\/100|[from] Stealth Rock\n|-item|p2a: Tinkaton|Air Balloon\n|turn|11\n|\n|t:|1699586196\n|move|p1a: I am Speed|Roost|p1a: I am Speed\n|-heal|p1a: I am Speed|100\/100\n|-singleturn|p1a: I am Speed|move: Roost\n|move|p2a: Tinkaton|Thunder Wave|p1a: I am Speed\n|-status|p1a: I am Speed|par\n|\n|upkeep\n|turn|12\n|\n|t:|1699586220\n|move|p2a: Tinkaton|Encore|p1a: I am Speed\n|-start|p1a: I am Speed|Encore\n|move|p1a: I am Speed|Roost||[still]\n|-fail|p1a: I am Speed|heal\n|\n|upkeep\n|turn|13\n|\n|t:|1699586229\n|switch|p1a: Scrotom-Base|Rotom|100\/100\n|move|p2a: Tinkaton|Thunder Wave|p1a: Scrotom-Base\n|-immune|p1a: Scrotom-Base\n|\n|upkeep\n|turn|14\n|\n|t:|1699586240\n|switch|p2a: Dipplin|Dipplin, F|81\/100 par\n|-damage|p2a: Dipplin|69\/100 par|[from] Stealth Rock\n|-damage|p2a: Dipplin|44\/100 par|[from] Spikes\n|move|p1a: Scrotom-Base|Will-O-Wisp||[still]\n|-fail|p1a: Scrotom-Base\n|\n|upkeep\n|turn|15\n|\n|t:|1699586247\n|move|p1a: Scrotom-Base|Volt Switch|p2a: Dipplin\n|-resisted|p2a: Dipplin\n|-damage|p2a: Dipplin|40\/100 par\n|c|\u2606tortortortellini|scrotom moment\n|\n|t:|1699586251\n|switch|p1a: I am Speed|Talonflame, M|100\/100 par|[from] Volt Switch\n|move|p2a: Dipplin|Recover|p2a: Dipplin\n|-heal|p2a: Dipplin|90\/100 par\n|\n|upkeep\n|turn|16\n|\n|t:|1699586259\n|move|p1a: I am Speed|Brave Bird|p2a: Dipplin\n|-supereffective|p2a: Dipplin\n|-damage|p2a: Dipplin|60\/100 par\n|-damage|p1a: I am Speed|90\/100 par|[from] Recoil\n|move|p2a: Dipplin|Reflect|p2a: Dipplin\n|-sidestart|p2: tortortortellini|Reflect\n|\n|upkeep\n|turn|17\n|\n|t:|1699586277\n|cant|p1a: I am Speed|par\n|cant|p2a: Dipplin|par\n|\n|upkeep\n|turn|18\n|\n|t:|1699586281\n|move|p1a: I am Speed|Taunt|p2a: Dipplin\n|-start|p2a: Dipplin|move: Taunt\n|cant|p2a: Dipplin|move: Taunt|Recover\n|\n|upkeep\n|turn|19\n|\n|t:|1699586288\n|move|p1a: I am Speed|Brave Bird|p2a: Dipplin\n|-supereffective|p2a: Dipplin\n|-damage|p2a: Dipplin|45\/100 par\n|-damage|p1a: I am Speed|85\/100 par|[from] Recoil\n|move|p2a: Dipplin|Infestation|p1a: I am Speed\n|-resisted|p1a: I am Speed\n|-damage|p1a: I am Speed|84\/100 par\n|-activate|p1a: I am Speed|move: Infestation|[of] p2a: Dipplin\n|\n|-damage|p1a: I am Speed|72\/100 par|[from] move: Infestation|[partiallytrapped]\n|upkeep\n|turn|20\n|\n|t:|1699586295\n|move|p1a: I am Speed|Brave Bird|p2a: Dipplin\n|-supereffective|p2a: Dipplin\n|-damage|p2a: Dipplin|31\/100 par\n|-damage|p1a: I am Speed|67\/100 par|[from] Recoil\n|move|p2a: Dipplin|Energy Ball|p1a: I am Speed\n|-resisted|p1a: I am Speed\n|-damage|p1a: I am Speed|59\/100 par\n|\n|-damage|p1a: I am Speed|46\/100 par|[from] move: Infestation|[partiallytrapped]\n|-end|p2a: Dipplin|move: Taunt\n|-sideend|p2: tortortortellini|Reflect\n|upkeep\n|turn|21\n|\n|t:|1699586299\n|move|p1a: I am Speed|Roost|p1a: I am Speed\n|-heal|p1a: I am Speed|96\/100 par\n|-singleturn|p1a: I am Speed|move: Roost\n|move|p2a: Dipplin|Recover|p2a: Dipplin\n|-heal|p2a: Dipplin|81\/100 par\n|\n|-damage|p1a: I am Speed|84\/100 par|[from] move: Infestation|[partiallytrapped]\n|upkeep\n|turn|22\n|\n|t:|1699586328\n|cant|p1a: I am Speed|par\n|cant|p2a: Dipplin|par\n|\n|-damage|p1a: I am Speed|71\/100 par|[from] move: Infestation|[partiallytrapped]\n|upkeep\n|turn|23\n|c|\u2606So Threatening|these are productive turns\n|\n|t:|1699586410\n|move|p1a: I am Speed|Taunt|p2a: Dipplin\n|-start|p2a: Dipplin|move: Taunt\n|cant|p2a: Dipplin|move: Taunt|Reflect\n|\n|-end|p1a: I am Speed|Infestation|[partiallytrapped]\n|upkeep\n|turn|24\n|\n|t:|1699586421\n|switch|p2a: Tinkaton|Tinkaton, F|94\/100\n|-damage|p2a: Tinkaton|88\/100|[from] Stealth Rock\n|-item|p2a: Tinkaton|Air Balloon\n|move|p1a: I am Speed|U-turn|p2a: Tinkaton\n|-resisted|p2a: Tinkaton\n|-damage|p2a: Tinkaton|86\/100\n|-enditem|p2a: Tinkaton|Air Balloon\n|-enditem|p1a: I am Speed|Heavy-Duty Boots|[silent]|[from] ability: Pickpocket|[of] p1a: I am Speed\n|-item|p2a: Tinkaton|Heavy-Duty Boots|[from] ability: Pickpocket|[of] p1a: I am Speed\n|\n|t:|1699586427\n|switch|p1a: Scrotom-Base|Rotom|100\/100|[from] U-turn\n|\n|upkeep\n|turn|25\n|\n|t:|1699586438\n|switch|p2a: Dipplin|Dipplin, F|81\/100 par\n|-damage|p2a: Dipplin|68\/100 par|[from] Stealth Rock\n|-damage|p2a: Dipplin|43\/100 par|[from] Spikes\n|move|p1a: Scrotom-Base|Volt Switch|p2a: Dipplin\n|-resisted|p2a: Dipplin\n|-damage|p2a: Dipplin|39\/100 par\n|\n|t:|1699586447\n|switch|p1a: No Ghosts?|Zamazenta-Crowned|100\/100|[from] Volt Switch\n|-damage|p1a: No Ghosts?|97\/100|[from] Stealth Rock\n|-ability|p1a: No Ghosts?|Dauntless Shield|boost\n|-boost|p1a: No Ghosts?|def|1\n|\n|upkeep\n|turn|26\n|\n|t:|1699586464\n|move|p1a: No Ghosts?|Iron Defense|p1a: No Ghosts?\n|-boost|p1a: No Ghosts?|def|2\n|cant|p2a: Dipplin|par\n|\n|upkeep\n|turn|27\n|\n|t:|1699586482\n|move|p1a: No Ghosts?|Iron Defense|p1a: No Ghosts?\n|-boost|p1a: No Ghosts?|def|2\n|move|p2a: Dipplin|Reflect|p2a: Dipplin\n|-sidestart|p2: tortortortellini|Reflect\n|\n|upkeep\n|turn|28\n|\n|t:|1699586489\n|move|p1a: No Ghosts?|Body Press|p2a: Dipplin\n|-damage|p2a: Dipplin|12\/100 par\n|cant|p2a: Dipplin|par\n|\n|upkeep\n|turn|29\n|c|\u2606tortortortellini|pluh\n|\n|t:|1699586502\n|move|p1a: No Ghosts?|Iron Defense|p1a: No Ghosts?\n|-boost|p1a: No Ghosts?|def|1\n|cant|p2a: Dipplin|par\n|\n|upkeep\n|turn|30\n|c|\u2606tortortortellini|pluh\n|\n|t:|1699586508\n|move|p1a: No Ghosts?|Crunch|p2a: Dipplin\n|-damage|p2a: Dipplin|6\/100 par\n|move|p2a: Dipplin|Recover|p2a: Dipplin\n|-heal|p2a: Dipplin|56\/100 par\n|\n|upkeep\n|turn|31\n|\n|t:|1699586526\n|move|p1a: No Ghosts?|Body Press|p2a: Dipplin\n|-damage|p2a: Dipplin|23\/100 par\n|cant|p2a: Dipplin|par\n|\n|-sideend|p2: tortortortellini|Reflect\n|upkeep\n|turn|32\n|c|\u2606So Threatening|lol\n|c|\u2606So Threatening|oof\n|\n|t:|1699586534\n|move|p1a: No Ghosts?|Body Press|p2a: Dipplin\n|-damage|p2a: Dipplin|0 fnt\n|faint|p2a: Dipplin\n|\n|upkeep\n|\n|t:|1699586597\n|switch|p2a: Articuno|Articuno-Galar|100\/100\n|-damage|p2a: Articuno|76\/100|[from] Stealth Rock\n|turn|33\n|\n|t:|1699586602\n|move|p1a: No Ghosts?|Heavy Slam|p2a: Articuno\n|-damage|p2a: Articuno|2\/100\n|move|p2a: Articuno|Agility|p2a: Articuno\n|-boost|p2a: Articuno|spe|2\n|\n|-heal|p2a: Articuno|9\/100|[from] item: Leftovers\n|upkeep\n|turn|34\n|\n|t:|1699586626\n|-terastallize|p2a: Articuno|Ground\n|move|p2a: Articuno|Hurricane|p1a: No Ghosts?\n|-damage|p1a: No Ghosts?|52\/100\n|-start|p1a: No Ghosts?|confusion\n|-activate|p1a: No Ghosts?|confusion\n|move|p1a: No Ghosts?|Heavy Slam|p2a: Articuno\n|-damage|p2a: Articuno|0 fnt\n|faint|p2a: Articuno\n|\n|upkeep\n|\n|t:|1699586666\n|switch|p2a: Tinkaton|Tinkaton, F|86\/100\n|turn|35\n|\n|t:|1699586670\n|-end|p1a: No Ghosts?|confusion\n|move|p1a: No Ghosts?|Body Press|p2a: Tinkaton\n|-damage|p2a: Tinkaton|0 fnt\n|faint|p2a: Tinkaton\n|\n|upkeep\n|\n|t:|1699586683\n|switch|p2a: Zamazenta|Zamazenta|100\/100\n|-damage|p2a: Zamazenta|94\/100|[from] Stealth Rock\n|-damage|p2a: Zamazenta|69\/100|[from] Spikes\n|-ability|p2a: Zamazenta|Dauntless Shield|boost\n|-boost|p2a: Zamazenta|def|1\n|turn|36\n|\n|t:|1699586695\n|move|p2a: Zamazenta|Close Combat|p1a: No Ghosts?\n|-supereffective|p1a: No Ghosts?\n|-damage|p1a: No Ghosts?|27\/100\n|-unboost|p2a: Zamazenta|def|1\n|-unboost|p2a: Zamazenta|spd|1\n|move|p1a: No Ghosts?|Body Press|p2a: Zamazenta\n|-damage|p2a: Zamazenta|0 fnt\n|faint|p2a: Zamazenta\n|\n|upkeep\n|\n|t:|1699586699\n|switch|p2a: Ogerpon|Ogerpon-Wellspring, F|100\/100\n|-damage|p2a: Ogerpon|88\/100|[from] Stealth Rock\n|-damage|p2a: Ogerpon|64\/100|[from] Spikes\n|turn|37\n|\n|t:|1699586706\n|move|p1a: No Ghosts?|Body Press|p2a: Ogerpon\n|-damage|p2a: Ogerpon|0 fnt\n|faint|p2a: Ogerpon\n|\n|win|So Threatening\n|c|\u2606So Threatening|gg\n","uploadtime":1699586715,"views":54,"p1id":"sothreatening","p2id":"tortortortellini","formatid":"gen9ubers","rating":0,"private":0,"password":""}