{"id":"gen9ubers-1989033994","p1":"Nickmacyo","p2":"RyRy01","format":"[Gen 9] Ubers","log":"|j|\u2606Nickmacyo\n|j|\u2606RyRy01\n|t:|1699804709\n|gametype|singles\n|player|p1|Nickmacyo|169|1040\n|player|p2|RyRy01|roxie|1114\n|teamsize|p1|6\n|teamsize|p2|6\n|gen|9\n|tier|[Gen 9] Ubers\n|rated|\n|rule|Sleep Clause Mod: Limit one foe put to sleep\n|rule|Species Clause: Limit one of each Pok\u00e9mon\n|rule|OHKO Clause: OHKO moves are banned\n|rule|Evasion Items Clause: Evasion items are banned\n|rule|Evasion Moves Clause: Evasion moves are banned\n|rule|Endless Battle Clause: Forcing endless battles is banned\n|rule|HP Percentage Mod: HP is shown in percentages\n|clearpoke\n|poke|p1|Dragapult, M|\n|poke|p1|Landorus-Therian, M|\n|poke|p1|Heatran, M|\n|poke|p1|Slowking-Galar, M|\n|poke|p1|Corviknight, F|\n|poke|p1|Enamorus, F|\n|poke|p2|Ninetales-Alola, M|\n|poke|p2|Kingambit, F|\n|poke|p2|Baxcalibur, F|\n|poke|p2|Hatterene, F|\n|poke|p2|Calyrex-Ice|\n|poke|p2|Ursaluna-Bloodmoon, M|\n|teampreview\n|\n|t:|1699804715\n|start\n|switch|p1a: Dragapult|Dragapult, M|100\/100\n|switch|p2a: Ninetales|Ninetales-Alola, M|100\/100\n|-weather|Snow|[from] ability: Snow Warning|[of] p2a: Ninetales\n|turn|1\n|\n|t:|1699804726\n|move|p1a: Dragapult|U-turn|p2a: Ninetales\n|-resisted|p2a: Ninetales\n|-crit|p2a: Ninetales\n|-damage|p2a: Ninetales|86\/100\n|\n|t:|1699804731\n|switch|p1a: Heatran|Heatran, M|100\/100|[from] U-turn\n|move|p2a: Ninetales|Aurora Veil|p2a: Ninetales\n|-sidestart|p2: RyRy01|move: Aurora Veil\n|\n|-weather|Snow|[upkeep]\n|upkeep\n|turn|2\n|\n|t:|1699804738\n|move|p2a: Ninetales|Moonblast|p1a: Heatran\n|-resisted|p1a: Heatran\n|-damage|p1a: Heatran|95\/100\n|move|p1a: Heatran|Magma Storm|p2a: Ninetales|[miss]\n|-miss|p1a: Heatran|p2a: Ninetales\n|\n|-weather|Snow|[upkeep]\n|-heal|p1a: Heatran|100\/100|[from] item: Leftovers\n|upkeep\n|turn|3\n|inactive|Battle timer is ON: inactive players will automatically lose when time's up. (requested by Nickmacyo)\n|\n|t:|1699804775\n|switch|p2a: Hatterene|Hatterene, F|100\/100\n|move|p1a: Heatran|Magma Storm|p2a: Hatterene|[miss]\n|-miss|p1a: Heatran|p2a: Hatterene\n|\n|-weather|Snow|[upkeep]\n|upkeep\n|turn|4\n|\n|t:|1699804780\n|move|p1a: Heatran|Flash Cannon|p2a: Hatterene\n|-supereffective|p2a: Hatterene\n|-damage|p2a: Hatterene|52\/100\n|-unboost|p2a: Hatterene|spd|1\n|move|p2a: Hatterene|Trick Room|p2a: Hatterene\n|-fieldstart|move: Trick Room|[of] p2a: Hatterene\n|\n|-weather|Snow|[upkeep]\n|upkeep\n|turn|5\n|\n|t:|1699804785\n|move|p2a: Hatterene|Draining Kiss|p1a: Heatran\n|-resisted|p1a: Heatran\n|-damage|p1a: Heatran|96\/100\n|-heal|p2a: Hatterene|56\/100|[from] drain|[of] p1a: Heatran\n|move|p1a: Heatran|Will-O-Wisp|p2a: Hatterene\n|move|p2a: Hatterene|Will-O-Wisp|p1a: Heatran|[from]ability: Magic Bounce\n|-start|p1a: Heatran|ability: Flash Fire\n|\n|-weather|none\n|-heal|p1a: Heatran|100\/100|[from] item: Leftovers\n|upkeep\n|turn|6\n|\n|t:|1699804794\n|move|p2a: Hatterene|Calm Mind|p2a: Hatterene\n|-boost|p2a: Hatterene|spa|1\n|-boost|p2a: Hatterene|spd|1\n|move|p1a: Heatran|Magma Storm|p2a: Hatterene\n|-damage|p2a: Hatterene|12\/100\n|-activate|p2a: Hatterene|move: Magma Storm|[of] p1a: Heatran\n|\n|-damage|p2a: Hatterene|0 fnt|[from] move: Magma Storm|[partiallytrapped]\n|faint|p2a: Hatterene\n|upkeep\n|\n|t:|1699804802\n|switch|p2a: Calyrex|Calyrex-Ice|100\/100\n|-ability|p2a: Calyrex|As One\n|-ability|p2a: Calyrex|Unnerve\n|turn|7\n|\n|t:|1699804808\n|move|p2a: Calyrex|Swords Dance|p2a: Calyrex\n|-boost|p2a: Calyrex|atk|2\n|move|p1a: Heatran|Will-O-Wisp|p2a: Calyrex\n|-status|p2a: Calyrex|brn\n|\n|-damage|p2a: Calyrex|94\/100 brn|[from] brn\n|upkeep\n|turn|8\n|\n|t:|1699804813\n|move|p2a: Calyrex|High Horsepower|p1a: Heatran\n|-supereffective|p1a: Heatran\n|-damage|p1a: Heatran|0 fnt\n|faint|p1a: Heatran\n|-ability|p2a: Calyrex|Chilling Neigh|boost\n|-boost|p2a: Calyrex|atk|1\n|\n|-damage|p2a: Calyrex|88\/100 brn|[from] brn\n|-sideend|p2: RyRy01|move: Aurora Veil\n|-fieldend|move: Trick Room\n|upkeep\n|\n|t:|1699804839\n|switch|p1a: Landorus|Landorus-Therian, M|100\/100\n|-ability|p1a: Landorus|Intimidate|boost\n|-unboost|p2a: Calyrex|atk|1\n|turn|9\n|\n|t:|1699804845\n|move|p1a: Landorus|U-turn|p2a: Calyrex\n|-supereffective|p2a: Calyrex\n|-damage|p2a: Calyrex|56\/100 brn\n|\n|t:|1699804849\n|switch|p1a: Corviknight|Corviknight, F|100\/100|[from] U-turn\n|move|p2a: Calyrex|Glacial Lance|p1a: Corviknight\n|-damage|p1a: Corviknight|52\/100\n|\n|-damage|p2a: Calyrex|50\/100 brn|[from] brn\n|upkeep\n|turn|10\n|\n|t:|1699804858\n|move|p1a: Corviknight|Iron Head|p2a: Calyrex\n|-supereffective|p2a: Calyrex\n|-damage|p2a: Calyrex|21\/100 brn\n|move|p2a: Calyrex|Trick Room|p2a: Calyrex\n|-fieldstart|move: Trick Room|[of] p2a: Calyrex\n|\n|-damage|p2a: Calyrex|15\/100 brn|[from] brn\n|upkeep\n|turn|11\n|\n|t:|1699804867\n|move|p2a: Calyrex|Glacial Lance|p1a: Corviknight\n|-damage|p1a: Corviknight|4\/100\n|move|p1a: Corviknight|Roost|p1a: Corviknight\n|-heal|p1a: Corviknight|54\/100\n|-singleturn|p1a: Corviknight|move: Roost\n|\n|-damage|p2a: Calyrex|9\/100 brn|[from] brn\n|upkeep\n|turn|12\n|\n|t:|1699804874\n|move|p2a: Calyrex|Glacial Lance|p1a: Corviknight\n|-damage|p1a: Corviknight|2\/100\n|move|p1a: Corviknight|Roost|p1a: Corviknight\n|-heal|p1a: Corviknight|52\/100\n|-singleturn|p1a: Corviknight|move: Roost\n|\n|-damage|p2a: Calyrex|2\/100 brn|[from] brn\n|upkeep\n|turn|13\n|\n|t:|1699804885\n|switch|p1a: Slowking|Slowking-Galar, M|100\/100\n|move|p2a: Calyrex|Glacial Lance|p1a: Slowking\n|-damage|p1a: Slowking|10\/100\n|\n|-heal|p1a: Slowking|16\/100|[from] item: Leftovers\n|-damage|p2a: Calyrex|0 fnt|[from] brn\n|faint|p2a: Calyrex\n|upkeep\n|\n|t:|1699804892\n|switch|p2a: Ninetales|Ninetales-Alola, M|86\/100\n|-weather|Snow|[from] ability: Snow Warning|[of] p2a: Ninetales\n|turn|14\n|\n|t:|1699804901\n|move|p1a: Slowking|Toxic|p2a: Ninetales\n|-status|p2a: Ninetales|tox\n|move|p2a: Ninetales|Aurora Veil|p2a: Ninetales\n|-sidestart|p2: RyRy01|move: Aurora Veil\n|\n|-weather|Snow|[upkeep]\n|-heal|p1a: Slowking|22\/100|[from] item: Leftovers\n|-damage|p2a: Ninetales|80\/100 tox|[from] psn\n|-fieldend|move: Trick Room\n|upkeep\n|turn|15\n|\n|t:|1699804919\n|switch|p1a: Corviknight|Corviknight, F|52\/100\n|move|p2a: Ninetales|Freeze-Dry|p1a: Corviknight\n|-damage|p1a: Corviknight|33\/100\n|\n|-weather|Snow|[upkeep]\n|-damage|p2a: Ninetales|68\/100 tox|[from] psn\n|upkeep\n|turn|16\n|\n|t:|1699804933\n|move|p2a: Ninetales|Aurora Veil||[still]\n|-fail|p2a: Ninetales\n|move|p1a: Corviknight|Roost|p1a: Corviknight\n|-heal|p1a: Corviknight|83\/100\n|-singleturn|p1a: Corviknight|move: Roost\n|\n|-weather|Snow|[upkeep]\n|-damage|p2a: Ninetales|50\/100 tox|[from] psn\n|upkeep\n|turn|17\n|\n|t:|1699804940\n|move|p2a: Ninetales|Encore|p1a: Corviknight\n|-start|p1a: Corviknight|Encore\n|move|p1a: Corviknight|Roost|p1a: Corviknight\n|-heal|p1a: Corviknight|100\/100\n|-singleturn|p1a: Corviknight|move: Roost\n|\n|-weather|Snow|[upkeep]\n|-damage|p2a: Ninetales|26\/100 tox|[from] psn\n|upkeep\n|turn|18\n|\n|t:|1699804946\n|switch|p2a: Baxcalibur|Baxcalibur, F|100\/100\n|switch|p1a: Slowking|Slowking-Galar, M|55\/100\n|\n|-weather|none\n|-heal|p1a: Slowking|61\/100|[from] item: Leftovers\n|upkeep\n|turn|19\n|\n|t:|1699804956\n|move|p2a: Baxcalibur|Dragon Dance|p2a: Baxcalibur\n|-boost|p2a: Baxcalibur|atk|1\n|-boost|p2a: Baxcalibur|spe|1\n|move|p1a: Slowking|Toxic|p2a: Baxcalibur\n|-status|p2a: Baxcalibur|tox\n|\n|-heal|p1a: Slowking|68\/100|[from] item: Leftovers\n|-damage|p2a: Baxcalibur|94\/100 tox|[from] psn\n|upkeep\n|turn|20\n|\n|t:|1699804968\n|switch|p1a: Corviknight|Corviknight, F|100\/100\n|move|p2a: Baxcalibur|Dragon Dance|p2a: Baxcalibur\n|-boost|p2a: Baxcalibur|atk|1\n|-boost|p2a: Baxcalibur|spe|1\n|\n|-damage|p2a: Baxcalibur|82\/100 tox|[from] psn\n|upkeep\n|turn|21\n|\n|t:|1699804977\n|move|p2a: Baxcalibur|Icicle Spear|p1a: Corviknight\n|-damage|p1a: Corviknight|84\/100\n|-damage|p1a: Corviknight|65\/100\n|-damage|p1a: Corviknight|46\/100\n|-damage|p1a: Corviknight|26\/100\n|-damage|p1a: Corviknight|6\/100\n|-hitcount|p1a: Corviknight|5\n|move|p1a: Corviknight|Iron Head|p2a: Baxcalibur\n|-supereffective|p2a: Baxcalibur\n|-damage|p2a: Baxcalibur|58\/100 tox\n|\n|-damage|p2a: Baxcalibur|40\/100 tox|[from] psn\n|-sideend|p2: RyRy01|move: Aurora Veil\n|upkeep\n|turn|22\n|inactive|Nickmacyo has 120 seconds left.\n|\n|t:|1699805030\n|move|p2a: Baxcalibur|Icicle Spear|p1a: Corviknight\n|-damage|p1a: Corviknight|0 fnt\n|faint|p1a: Corviknight\n|-hitcount|p1: Corviknight|1\n|\n|-damage|p2a: Baxcalibur|15\/100 tox|[from] psn\n|upkeep\n|inactive|Nickmacyo has 90 seconds left.\n|\n|t:|1699805047\n|switch|p1a: Dragapult|Dragapult, M|100\/100\n|turn|23\n|\n|t:|1699805051\n|move|p1a: Dragapult|Sucker Punch|p2a: Baxcalibur\n|-damage|p2a: Baxcalibur|0 fnt\n|faint|p2a: Baxcalibur\n|\n|upkeep\n|\n|t:|1699805054\n|switch|p2a: Ninetales|Ninetales-Alola, M|26\/100 tox\n|-weather|Snow|[from] ability: Snow Warning|[of] p2a: Ninetales\n|turn|24\n|\n|t:|1699805061\n|switch|p1a: Slowking|Slowking-Galar, M|100\/100\n|move|p2a: Ninetales|Aurora Veil|p2a: Ninetales\n|-sidestart|p2: RyRy01|move: Aurora Veil\n|\n|-weather|Snow|[upkeep]\n|-damage|p2a: Ninetales|20\/100 tox|[from] psn\n|upkeep\n|turn|25\n|\n|t:|1699805067\n|move|p2a: Ninetales|Freeze-Dry|p1a: Slowking\n|-damage|p1a: Slowking|88\/100\n|move|p1a: Slowking|Flamethrower|p2a: Ninetales\n|-supereffective|p2a: Ninetales\n|-damage|p2a: Ninetales|0 fnt\n|faint|p2a: Ninetales\n|\n|-weather|Snow|[upkeep]\n|-heal|p1a: Slowking|94\/100|[from] item: Leftovers\n|upkeep\n|\n|t:|1699805073\n|switch|p2a: Ursaluna|Ursaluna-Bloodmoon, M|100\/100\n|turn|26\n|inactive|Nickmacyo has 120 seconds left.\n|\n|t:|1699805089\n|move|p2a: Ursaluna|Earth Power|p1a: Slowking\n|-supereffective|p1a: Slowking\n|-damage|p1a: Slowking|29\/100\n|move|p1a: Slowking|Toxic|p2a: Ursaluna\n|-status|p2a: Ursaluna|tox\n|\n|-weather|Snow|[upkeep]\n|-heal|p1a: Slowking|35\/100|[from] item: Leftovers\n|-damage|p2a: Ursaluna|95\/100 tox|[from] psn\n|upkeep\n|turn|27\n|inactive|Nickmacyo has 120 seconds left.\n|\n|t:|1699805106\n|switch|p1a: Landorus|Landorus-Therian, M|100\/100\n|-ability|p1a: Landorus|Intimidate|boost\n|-unboost|p2a: Ursaluna|atk|1\n|move|p2a: Ursaluna|Blood Moon|p1a: Landorus\n|-damage|p1a: Landorus|8\/100\n|\n|-weather|Snow|[upkeep]\n|-heal|p2a: Ursaluna|100\/100 tox|[from] item: Leftovers\n|-damage|p2a: Ursaluna|89\/100 tox|[from] psn\n|upkeep\n|turn|28\n|inactive|Nickmacyo has 120 seconds left.\n|\n|t:|1699805127\n|move|p1a: Landorus|U-turn|p2a: Ursaluna\n|-damage|p2a: Ursaluna|78\/100 tox\n|\n|t:|1699805144\n|switch|p1a: Enamorus|Enamorus, F|100\/100|[from] U-turn\n|move|p2a: Ursaluna|Hyper Voice|p1a: Enamorus\n|-damage|p1a: Enamorus|62\/100\n|\n|-weather|none\n|-heal|p2a: Ursaluna|84\/100 tox|[from] item: Leftovers\n|-damage|p2a: Ursaluna|66\/100 tox|[from] psn\n|upkeep\n|turn|29\n|\n|t:|1699805156\n|move|p1a: Enamorus|Focus Blast|p2a: Ursaluna|[miss]\n|-miss|p1a: Enamorus|p2a: Ursaluna\n|move|p2a: Ursaluna|Blood Moon|p1a: Enamorus\n|-damage|p1a: Enamorus|5\/100\n|\n|-heal|p2a: Ursaluna|72\/100 tox|[from] item: Leftovers\n|-damage|p2a: Ursaluna|48\/100 tox|[from] psn\n|upkeep\n|turn|30\n|\n|t:|1699805166\n|move|p1a: Enamorus|Focus Blast|p2a: Ursaluna\n|-supereffective|p2a: Ursaluna\n|-damage|p2a: Ursaluna|0 fnt\n|faint|p2a: Ursaluna\n|\n|upkeep\n|\n|t:|1699805170\n|switch|p2a: Kingambit|Kingambit, F|100\/100\n|-activate|p2a: Kingambit|ability: Supreme Overlord\n|-start|p2a: Kingambit|fallen5|[silent]\n|turn|31\n|l|\u2606RyRy01\n|inactive|RyRy01 disconnected and has a minute to reconnect!\n|player|p2|\n|inactive|Nickmacyo has 90 seconds left.\n|j|\u2606RyRy01\n|inactive|RyRy01 reconnected and has 120 seconds left.\n|player|p2|RyRy01|roxie\n|\n|t:|1699805228\n|switch|p1a: Landorus|Landorus-Therian, M|8\/100\n|-ability|p1a: Landorus|Intimidate|boost\n|-unboost|p2a: Kingambit|atk|1\n|move|p2a: Kingambit|Sucker Punch||[still]\n|-fail|p2a: Kingambit\n|\n|-sideend|p2: RyRy01|move: Aurora Veil\n|upkeep\n|turn|32\n|inactive|Nickmacyo has 90 seconds left.\n|\n|t:|1699805240\n|switch|p1a: Enamorus|Enamorus, F|5\/100\n|-terastallize|p2a: Kingambit|Dark\n|move|p2a: Kingambit|Sucker Punch||[still]\n|-fail|p2a: Kingambit\n|\n|upkeep\n|turn|33\n|inactive|RyRy01 has 120 seconds left.\n|inactive|Nickmacyo has 90 seconds left.\n|\n|t:|1699805250\n|move|p2a: Kingambit|Sucker Punch|p1a: Enamorus\n|-resisted|p1a: Enamorus\n|-damage|p1a: Enamorus|0 fnt\n|faint|p1a: Enamorus\n|\n|upkeep\n|\n|t:|1699805252\n|switch|p1a: Landorus|Landorus-Therian, M|8\/100\n|-ability|p1a: Landorus|Intimidate|boost\n|-unboost|p2a: Kingambit|atk|1\n|turn|34\n|\n|t:|1699805260\n|switch|p1a: Dragapult|Dragapult, M|100\/100\n|move|p2a: Kingambit|Swords Dance|p2a: Kingambit\n|-boost|p2a: Kingambit|atk|2\n|\n|upkeep\n|turn|35\n|\n|t:|1699805270\n|move|p1a: Dragapult|U-turn|p2a: Kingambit\n|-supereffective|p2a: Kingambit\n|-damage|p2a: Kingambit|62\/100\n|\n|t:|1699805272\n|switch|p1a: Landorus|Landorus-Therian, M|8\/100|[from] U-turn\n|-ability|p1a: Landorus|Intimidate|boost\n|-unboost|p2a: Kingambit|atk|1\n|move|p2a: Kingambit|Kowtow Cleave|p1a: Landorus\n|-damage|p1a: Landorus|0 fnt\n|faint|p1a: Landorus\n|\n|upkeep\n|\n|t:|1699805279\n|switch|p1a: Slowking|Slowking-Galar, M|68\/100\n|turn|36\n|\n|t:|1699805290\n|-terastallize|p1a: Slowking|Poison\n|move|p2a: Kingambit|Sucker Punch|p1a: Slowking\n|-damage|p1a: Slowking|11\/100\n|move|p1a: Slowking|Flamethrower|p2a: Kingambit\n|-crit|p2a: Kingambit\n|-damage|p2a: Kingambit|23\/100\n|-status|p2a: Kingambit|brn\n|-enditem|p2a: Kingambit|Lum Berry|[eat]\n|-curestatus|p2a: Kingambit|brn|[msg]\n|\n|-heal|p1a: Slowking|17\/100|[from] item: Leftovers\n|upkeep\n|turn|37\n|c|\u2606Nickmacyo|No fucking way\n|c|\u2606Nickmacyo|Ggs brother\n|inactive|Nickmacyo has 90 seconds left.\n|\n|t:|1699805328\n|switch|p1a: Dragapult|Dragapult, M|100\/100\n|move|p2a: Kingambit|Kowtow Cleave|p1a: Dragapult\n|-supereffective|p1a: Dragapult\n|-damage|p1a: Dragapult|0 fnt\n|faint|p1a: Dragapult\n|\n|upkeep\n|\n|t:|1699805334\n|switch|p1a: Slowking|Slowking-Galar, M, tera:Poison|50\/100\n|turn|38\n|inactive|Nickmacyo has 90 seconds left.\n|\n|t:|1699805343\n|move|p2a: Kingambit|Sucker Punch|p1a: Slowking\n|-damage|p1a: Slowking|0 fnt\n|faint|p1a: Slowking\n|\n|win|RyRy01\n|raw|Nickmacyo's rating: 1040 &rarr; <strong>1027<\/strong><br \/>(-13 for losing)\n|raw|RyRy01's rating: 1114 &rarr; <strong>1134<\/strong><br \/>(+20 for winning)\n","uploadtime":1699805349,"views":31,"p1id":"nickmacyo","p2id":"ryry01","formatid":"gen9ubers","rating":1027,"private":0,"password":""}