{"id":"gen9ubers-1993042969","p1":"Craj Aloso","p2":"Raiozin","format":"[Gen 9] Ubers","log":"|j|\u2606Craj Aloso\n|j|\u2606Raiozin\n|t:|1700258475\n|gametype|singles\n|player|p1|Craj Aloso|waiter|1116\n|player|p2|Raiozin|gambler|1035\n|teamsize|p1|6\n|teamsize|p2|6\n|gen|9\n|tier|[Gen 9] Ubers\n|rated|\n|rule|Sleep Clause Mod: Limit one foe put to sleep\n|rule|Species Clause: Limit one of each Pok\u00e9mon\n|rule|OHKO Clause: OHKO moves are banned\n|rule|Evasion Items Clause: Evasion items are banned\n|rule|Evasion Moves Clause: Evasion moves are banned\n|rule|Endless Battle Clause: Forcing endless battles is banned\n|rule|HP Percentage Mod: HP is shown in percentages\n|clearpoke\n|poke|p1|Tatsugiri-Droopy, M|\n|poke|p1|Gliscor, M|\n|poke|p1|Volcarona, F|\n|poke|p1|Spectrier|\n|poke|p1|Flutter Mane|\n|poke|p1|Urshifu-*, M|\n|poke|p2|Kommo-o, M|\n|poke|p2|Chien-Pao|\n|poke|p2|Basculegion, M|\n|poke|p2|Espathra, F|\n|poke|p2|Lucario, M|\n|poke|p2|Kyogre|\n|teampreview\n|\n|t:|1700258480\n|start\n|switch|p1a: Gliscor|Gliscor, M, shiny|100\/100\n|switch|p2a: Chien-Pao|Chien-Pao|100\/100\n|-ability|p2a: Chien-Pao|Sword of Ruin\n|turn|1\n|\n|t:|1700258492\n|move|p2a: Chien-Pao|Ice Shard|p1a: Gliscor\n|-supereffective|p1a: Gliscor\n|-damage|p1a: Gliscor|0 fnt\n|faint|p1a: Gliscor\n|-damage|p2a: Chien-Pao|91\/100|[from] item: Life Orb\n|\n|upkeep\n|\n|t:|1700258497\n|switch|p1a: Urshifu|Urshifu-Rapid-Strike, M|100\/100\n|turn|2\n|\n|t:|1700258518\n|-terastallize|p2a: Chien-Pao|Fairy\n|move|p2a: Chien-Pao|Icicle Crash|p1a: Urshifu\n|-resisted|p1a: Urshifu\n|-damage|p1a: Urshifu|67\/100\n|-damage|p2a: Chien-Pao|81\/100|[from] item: Life Orb\n|cant|p1a: Urshifu|flinch\n|\n|-heal|p1a: Urshifu|73\/100|[from] item: Leftovers\n|upkeep\n|turn|3\n|\n|t:|1700258544\n|move|p2a: Chien-Pao|Sacred Sword|p1a: Urshifu\n|-damage|p1a: Urshifu|20\/100\n|-damage|p2a: Chien-Pao|71\/100|[from] item: Life Orb\n|move|p1a: Urshifu|Trailblaze|p2a: Chien-Pao\n|-damage|p2a: Chien-Pao|45\/100\n|-boost|p1a: Urshifu|spe|1\n|\n|-heal|p1a: Urshifu|26\/100|[from] item: Leftovers\n|upkeep\n|turn|4\n|l|\u2606Craj Aloso\n|player|p1|\n|inactive|Battle timer is ON: inactive players will automatically lose when time's up. (requested by Raiozin)\n|inactive|Craj Aloso has 30 seconds to reconnect!\n|j|\u2606Craj Aloso\n|inactive|Craj Aloso reconnected and has 120 seconds left.\n|player|p1|Craj Aloso|waiter\n|\n|t:|1700258688\n|move|p1a: Urshifu|Aqua Jet|p2a: Chien-Pao\n|-damage|p2a: Chien-Pao|12\/100\n|move|p2a: Chien-Pao|Sacred Sword|p1a: Urshifu\n|-damage|p1a: Urshifu|0 fnt\n|faint|p1a: Urshifu\n|-damage|p2a: Chien-Pao|2\/100|[from] item: Life Orb\n|\n|upkeep\n|\n|t:|1700258698\n|switch|p1a: Tatsugiri|Tatsugiri-Droopy, M, shiny|100\/100\n|turn|5\n|\n|t:|1700258706\n|move|p2a: Chien-Pao|Icicle Crash|p1a: Tatsugiri\n|-crit|p1a: Tatsugiri\n|-damage|p1a: Tatsugiri|0 fnt\n|faint|p1a: Tatsugiri\n|-damage|p2a: Chien-Pao|0 fnt|[from] item: Life Orb\n|faint|p2a: Chien-Pao\n|\n|upkeep\n|\n|t:|1700258731\n|switch|p2a: Espathra|Espathra, F|100\/100\n|switch|p1a: Volcarona|Volcarona, F|100\/100\n|turn|6\n|inactive|Raiozin has 120 seconds left.\n|\n|t:|1700258751\n|move|p2a: Espathra|Protect|p2a: Espathra\n|-singleturn|p2a: Espathra|Protect\n|move|p1a: Volcarona|Quiver Dance|p1a: Volcarona\n|-boost|p1a: Volcarona|spa|1\n|-boost|p1a: Volcarona|spd|1\n|-boost|p1a: Volcarona|spe|1\n|-enditem|p2a: Espathra|Mirror Herb\n|-boost|p2a: Espathra|spa|1|[from] item: Mirror Herb\n|-boost|p2a: Espathra|spd|1|[from] item: Mirror Herb\n|-boost|p2a: Espathra|spe|1|[from] item: Mirror Herb\n|\n|-ability|p2a: Espathra|Speed Boost|boost\n|-boost|p2a: Espathra|spe|1\n|upkeep\n|turn|7\n|inactive|Raiozin has 120 seconds left.\n|\n|t:|1700258779\n|move|p2a: Espathra|Calm Mind|p2a: Espathra\n|-boost|p2a: Espathra|spa|1\n|-boost|p2a: Espathra|spd|1\n|move|p1a: Volcarona|Bug Buzz|p2a: Espathra\n|-supereffective|p2a: Espathra\n|-damage|p2a: Espathra|0 fnt\n|faint|p2a: Espathra\n|\n|upkeep\n|\n|t:|1700258791\n|switch|p2a: Kommo-o|Kommo-o, M|100\/100\n|turn|8\n|\n|t:|1700258807\n|move|p1a: Volcarona|Bug Buzz|p2a: Kommo-o\n|-immune|p2a: Kommo-o|[from] ability: Soundproof\n|move|p2a: Kommo-o|Belly Drum|p2a: Kommo-o\n|-damage|p2a: Kommo-o|50\/100\n|-setboost|p2a: Kommo-o|atk|6|[from] move: Belly Drum\n|\n|upkeep\n|turn|9\n|inactive|Raiozin has 120 seconds left.\n|inactive|Craj Aloso has 120 seconds left.\n|\n|t:|1700258824\n|move|p1a: Volcarona|Fiery Dance|p2a: Kommo-o\n|-resisted|p2a: Kommo-o\n|-damage|p2a: Kommo-o|12\/100\n|-boost|p1a: Volcarona|spa|1\n|-enditem|p2a: Kommo-o|Salac Berry|[eat]\n|-boost|p2a: Kommo-o|spe|1|[from] item: Salac Berry\n|move|p2a: Kommo-o|Substitute|p2a: Kommo-o\n|-fail|p2a: Kommo-o|move: Substitute|[weak]\n|\n|upkeep\n|turn|10\n|inactive|Craj Aloso has 120 seconds left.\n|\n|t:|1700258861\n|move|p1a: Volcarona|Giga Drain|p2a: Kommo-o\n|-resisted|p2a: Kommo-o\n|-damage|p2a: Kommo-o|0 fnt\n|faint|p2a: Kommo-o\n|\n|upkeep\n|inactive|Raiozin has 120 seconds left.\n|\n|t:|1700258881\n|switch|p2a: Kyogre|Kyogre|100\/100\n|-weather|RainDance|[from] ability: Drizzle|[of] p2a: Kyogre\n|turn|11\n|\n|t:|1700258890\n|-terastallize|p1a: Volcarona|Grass\n|move|p1a: Volcarona|Quiver Dance|p1a: Volcarona\n|-boost|p1a: Volcarona|spa|1\n|-boost|p1a: Volcarona|spd|1\n|-boost|p1a: Volcarona|spe|1\n|move|p2a: Kyogre|Water Spout|p1a: Volcarona\n|-resisted|p1a: Volcarona\n|-damage|p1a: Volcarona|62\/100\n|\n|-weather|RainDance|[upkeep]\n|-heal|p1a: Volcarona|68\/100|[from] item: Leftovers\n|upkeep\n|turn|12\n|\n|t:|1700258900\n|move|p1a: Volcarona|Giga Drain|p2a: Kyogre\n|-supereffective|p2a: Kyogre\n|-damage|p2a: Kyogre|0 fnt\n|-heal|p1a: Volcarona|100\/100|[from] drain|[of] p2a: Kyogre\n|faint|p2a: Kyogre\n|\n|-weather|RainDance|[upkeep]\n|upkeep\n|\n|t:|1700258908\n|switch|p2a: Lucario|Lucario, M|100\/100\n|turn|13\n|\n|t:|1700258913\n|move|p1a: Volcarona|Giga Drain|p2a: Lucario\n|-resisted|p2a: Lucario\n|-damage|p2a: Lucario|25\/100\n|move|p2a: Lucario|Ice Punch|p1a: Volcarona\n|-supereffective|p1a: Volcarona\n|-damage|p1a: Volcarona|0 fnt\n|-status|p2a: Lucario|brn|[from] ability: Flame Body|[of] p1a: Volcarona\n|faint|p1a: Volcarona\n|\n|-weather|RainDance|[upkeep]\n|-damage|p2a: Lucario|19\/100 brn|[from] brn\n|upkeep\n|\n|t:|1700258919\n|switch|p1a: Flutter Mane|Flutter Mane|100\/100\n|turn|14\n|\n|t:|1700258927\n|move|p1a: Flutter Mane|Thunderbolt|p2a: Lucario\n|-damage|p2a: Lucario|0 fnt\n|faint|p2a: Lucario\n|\n|-weather|RainDance|[upkeep]\n|upkeep\n|\n|t:|1700258931\n|switch|p2a: Basculegion|Basculegion, M|100\/100\n|turn|15\n|inactive|Craj Aloso has 120 seconds left.\n|inactive|Craj Aloso has 90 seconds left.\n|inactive|Craj Aloso has 60 seconds left.\n|\n|t:|1700259029\n|move|p2a: Basculegion|Last Respects|p1a: Flutter Mane\n|-supereffective|p1a: Flutter Mane\n|-damage|p1a: Flutter Mane|0 fnt\n|faint|p1a: Flutter Mane\n|-end|p1a: Flutter Mane|Protosynthesis|[silent]\n|\n|-weather|none\n|upkeep\n|\n|t:|1700259034\n|switch|p1a: Spectrier|Spectrier|100\/100\n|turn|16\n|inactive|Craj Aloso has 60 seconds left.\n|\n|t:|1700259041\n|move|p1a: Spectrier|Hex|p2a: Basculegion\n|-supereffective|p2a: Basculegion\n|-damage|p2a: Basculegion|17\/100\n|move|p2a: Basculegion|Last Respects|p1a: Spectrier\n|-supereffective|p1a: Spectrier\n|-damage|p1a: Spectrier|0 fnt\n|faint|p1a: Spectrier\n|\n|win|Raiozin\n|raw|Craj Aloso's rating: 1102 &rarr; <strong>1072<\/strong><br \/>(-30 for losing)\n|raw|Raiozin's rating: 1035 &rarr; <strong>1076<\/strong><br \/>(+41 for winning)\n|c|\u2606Raiozin|gg\n","uploadtime":1700259060,"views":12,"p1id":"crajaloso","p2id":"raiozin","formatid":"gen9ubers","rating":1072,"private":0,"password":""}