{"id":"gen9ubers-1988034309","p1":"omegasony","p2":"gamergamercrazy","format":"[Gen 9] Ubers","log":"|j|\u2606omegasony\n|j|\u2606gamergamercrazy\n|t:|1699661574\n|gametype|singles\n|player|p1|omegasony|cynthia|\n|player|p2|gamergamercrazy|roxie|\n|teamsize|p1|6\n|teamsize|p2|6\n|gen|9\n|tier|[Gen 9] Ubers\n|rule|Sleep Clause Mod: Limit one foe put to sleep\n|rule|Species Clause: Limit one of each Pok\u00e9mon\n|rule|OHKO Clause: OHKO moves are banned\n|rule|Evasion Items Clause: Evasion items are banned\n|rule|Evasion Moves Clause: Evasion moves are banned\n|rule|Endless Battle Clause: Forcing endless battles is banned\n|rule|HP Percentage Mod: HP is shown in percentages\n|clearpoke\n|poke|p1|Ursaluna-Bloodmoon, M|\n|poke|p1|Ludicolo, M|\n|poke|p1|Meowscarada, F|\n|poke|p1|Kommo-o, M|\n|poke|p1|Chandelure, F|\n|poke|p1|Coalossal, F|\n|poke|p2|Gliscor, M|\n|poke|p2|Great Tusk|\n|poke|p2|Ninetales, M|\n|poke|p2|Mimikyu, F|\n|poke|p2|Eelektross, M|\n|poke|p2|Magnezone|\n|teampreview\n|\n|t:|1699661609\n|start\n|switch|p1a: Worst Blunt|Meowscarada, F|100\/100\n|switch|p2a: Pecha Berry Denier|Gliscor, M|100\/100\n|turn|1\n|j| Luminary of Ass\n|inactive|Battle timer is ON: inactive players will automatically lose when time's up. (requested by omegasony)\n|j| SleepyTheGhost\n|\n|t:|1699661653\n|move|p1a: Worst Blunt|U-turn|p2a: Pecha Berry Denier\n|-start|p1a: Worst Blunt|typechange|Bug|[from] ability: Protean\n|-resisted|p2a: Pecha Berry Denier\n|-damage|p2a: Pecha Berry Denier|91\/100\n|inactive|omegasony has 270 seconds left.\n|\n|t:|1699661683\n|switch|p1a: Awesome Man|Ludicolo, M, shiny|100\/100|[from] U-turn\n|move|p2a: Pecha Berry Denier|Toxic|p1a: Awesome Man\n|-status|p1a: Awesome Man|tox\n|\n|-damage|p1a: Awesome Man|94\/100 tox|[from] psn\n|-status|p2a: Pecha Berry Denier|tox|[from] item: Toxic Orb\n|upkeep\n|turn|2\n|inactive|omegasony has 270 seconds left.\n|inactive|gamergamercrazy has 270 seconds left.\n|\n|t:|1699661716\n|move|p2a: Pecha Berry Denier|Spikes|p1a: Awesome Man\n|-sidestart|p1: omegasony|Spikes\n|move|p1a: Awesome Man|Ice Beam|p2a: Pecha Berry Denier\n|-supereffective|p2a: Pecha Berry Denier\n|-damage|p2a: Pecha Berry Denier|0 fnt\n|faint|p2a: Pecha Berry Denier\n|\n|-heal|p1a: Awesome Man|100\/100 tox|[from] item: Leftovers\n|-damage|p1a: Awesome Man|88\/100 tox|[from] psn\n|upkeep\n|inactive|gamergamercrazy has 270 seconds left.\n|inactive|gamergamercrazy has 240 seconds left.\n|\n|t:|1699661752\n|switch|p2a: whatdamouthdo|Eelektross, M, shiny|100\/100\n|turn|3\n|inactive|gamergamercrazy has 240 seconds left.\n|\n|t:|1699661764\n|move|p1a: Awesome Man|Leech Seed|p2a: whatdamouthdo|[miss]\n|-miss|p1a: Awesome Man|p2a: whatdamouthdo\n|move|p2a: whatdamouthdo|Drain Punch|p1a: Awesome Man\n|-damage|p1a: Awesome Man|57\/100 tox\n|\n|-heal|p1a: Awesome Man|63\/100 tox|[from] item: Leftovers\n|-damage|p1a: Awesome Man|44\/100 tox|[from] psn\n|upkeep\n|turn|4\n|inactive|gamergamercrazy has 240 seconds left.\n|\n|t:|1699661775\n|move|p1a: Awesome Man|Leech Seed|p2a: whatdamouthdo\n|-start|p2a: whatdamouthdo|move: Leech Seed\n|move|p2a: whatdamouthdo|Thunder Punch|p1a: Awesome Man\n|-damage|p1a: Awesome Man|0 fnt\n|faint|p1a: Awesome Man\n|\n|upkeep\n|\n|t:|1699661798\n|switch|p1a: Luna|Ursaluna-Bloodmoon, M|100\/100\n|-damage|p1a: Luna|88\/100|[from] Spikes\n|turn|5\n|inactive|gamergamercrazy has 240 seconds left.\n|\n|t:|1699661815\n|move|p1a: Luna|Blood Moon|p2a: whatdamouthdo\n|-damage|p2a: whatdamouthdo|0 fnt\n|faint|p2a: whatdamouthdo\n|\n|upkeep\n|inactive|gamergamercrazy has 240 seconds left.\n|\n|t:|1699661822\n|switch|p2a: Fucking Miracles|Ninetales, M, shiny|100\/100\n|-weather|SunnyDay|[from] ability: Drought|[of] p2a: Fucking Miracles\n|turn|6\n|\n|t:|1699661837\n|switch|p1a: Juga Hr.|Kommo-o, M|100\/100\n|-damage|p1a: Juga Hr.|88\/100|[from] Spikes\n|move|p2a: Fucking Miracles|Solar Beam||[still]\n|-prepare|p2a: Fucking Miracles|Solar Beam\n|-anim|p2a: Fucking Miracles|Solar Beam|p1a: Juga Hr.\n|-resisted|p1a: Juga Hr.\n|-damage|p1a: Juga Hr.|71\/100\n|\n|-weather|SunnyDay|[upkeep]\n|upkeep\n|turn|7\n|inactive|gamergamercrazy has 240 seconds left.\n|\n|t:|1699661865\n|switch|p2a: JoshthekingXD|Mimikyu, F, shiny|100\/100\n|move|p1a: Juga Hr.|Dragon Tail|p2a: JoshthekingXD\n|-immune|p2a: JoshthekingXD\n|\n|-weather|SunnyDay|[upkeep]\n|upkeep\n|turn|8\n|inactive|gamergamercrazy has 210 seconds left.\n|\n|t:|1699661898\n|-terastallize|p1a: Juga Hr.|Fighting\n|move|p2a: JoshthekingXD|Play Rough|p1a: Juga Hr.\n|-supereffective|p1a: Juga Hr.\n|-damage|p1a: Juga Hr.|0 fnt\n|faint|p1a: Juga Hr.\n|-damage|p2a: JoshthekingXD|91\/100|[from] item: Life Orb\n|\n|-weather|SunnyDay|[upkeep]\n|upkeep\n|inactive|omegasony has 270 seconds left.\n|\n|t:|1699661930\n|switch|p1a: Gorbo Walming|Coalossal, F|100\/100\n|turn|9\n|inactive|gamergamercrazy has 210 seconds left.\n|\n|t:|1699661965\n|switch|p2a: Awsum|Great Tusk|100\/100\n|-activate|p2a: Awsum|ability: Protosynthesis\n|-start|p2a: Awsum|protosynthesisatk\n|move|p1a: Gorbo Walming|Stealth Rock|p2a: Awsum\n|-sidestart|p2: gamergamercrazy|move: Stealth Rock\n|\n|-weather|SunnyDay|[upkeep]\n|upkeep\n|turn|10\n|inactive|gamergamercrazy has 180 seconds left.\n|\n|t:|1699661998\n|move|p2a: Awsum|Play Rough|p1a: Gorbo Walming\n|-resisted|p1a: Gorbo Walming\n|-damage|p1a: Gorbo Walming|84\/100\n|move|p1a: Gorbo Walming|Will-O-Wisp|p2a: Awsum|[miss]\n|-miss|p1a: Gorbo Walming|p2a: Awsum\n|\n|-weather|none\n|-end|p2a: Awsum|Protosynthesis\n|upkeep\n|turn|11\n|\n|t:|1699662015\n|move|p2a: Awsum|Smart Strike|p1a: Gorbo Walming\n|-damage|p1a: Gorbo Walming|66\/100\n|move|p1a: Gorbo Walming|Rapid Spin|p2a: Awsum\n|-damage|p2a: Awsum|94\/100\n|-boost|p1a: Gorbo Walming|spe|1\n|-sideend|p1: omegasony|Spikes|[from] move: Rapid Spin|[of] p1a: Gorbo Walming\n|\n|upkeep\n|turn|12\n|\n|t:|1699662024\n|move|p2a: Awsum|Rapid Spin|p1a: Gorbo Walming\n|-resisted|p1a: Gorbo Walming\n|-damage|p1a: Gorbo Walming|60\/100\n|-boost|p2a: Awsum|spe|1\n|-sideend|p2: gamergamercrazy|Stealth Rock|[from] move: Rapid Spin|[of] p2a: Awsum\n|move|p1a: Gorbo Walming|Will-O-Wisp|p2a: Awsum\n|-status|p2a: Awsum|brn\n|\n|-damage|p2a: Awsum|88\/100 brn|[from] brn\n|upkeep\n|turn|13\n|inactive|gamergamercrazy has 150 seconds left.\n|\n|t:|1699662056\n|-end|p2a: Awsum|Protosynthesis|[silent]\n|switch|p2a: Beep-Boop|Magnezone|100\/100\n|move|p1a: Gorbo Walming|Stealth Rock|p2a: Beep-Boop\n|-sidestart|p2: gamergamercrazy|move: Stealth Rock\n|\n|upkeep\n|turn|14\n|inactive|gamergamercrazy has 150 seconds left.\n|\n|t:|1699662074\n|-terastallize|p2a: Beep-Boop|Fire\n|move|p2a: Beep-Boop|Body Press|p1a: Gorbo Walming\n|-supereffective|p1a: Gorbo Walming\n|-damage|p1a: Gorbo Walming|31\/100\n|move|p1a: Gorbo Walming|Will-O-Wisp|p2a: Beep-Boop|[miss]\n|-miss|p1a: Gorbo Walming|p2a: Beep-Boop\n|\n|upkeep\n|turn|15\n|inactive|omegasony has 240 seconds left.\n|\n|t:|1699662114\n|switch|p1a: Luna|Ursaluna-Bloodmoon, M|88\/100\n|move|p2a: Beep-Boop|Body Press|p1a: Luna\n|-supereffective|p1a: Luna\n|-damage|p1a: Luna|61\/100\n|\n|upkeep\n|turn|16\n|inactive|gamergamercrazy has 150 seconds left.\n|\n|t:|1699662134\n|move|p2a: Beep-Boop|Body Press|p1a: Luna\n|-supereffective|p1a: Luna\n|-damage|p1a: Luna|34\/100\n|move|p1a: Luna|Earth Power|p2a: Beep-Boop\n|-supereffective|p2a: Beep-Boop\n|-damage|p2a: Beep-Boop|0 fnt\n|faint|p2a: Beep-Boop\n|\n|upkeep\n|inactive|gamergamercrazy has 150 seconds left.\n|\n|t:|1699662150\n|switch|p2a: Awsum|Great Tusk|88\/100 brn\n|-damage|p2a: Awsum|85\/100 brn|[from] Stealth Rock\n|turn|17\n|inactive|omegasony has 240 seconds left.\n|\n|t:|1699662164\n|switch|p1a: She lit on my wic|Chandelure, F, shiny|100\/100\n|move|p2a: Awsum|Rapid Spin|p1a: She lit on my wic\n|-immune|p1a: She lit on my wic\n|\n|-damage|p2a: Awsum|79\/100 brn|[from] brn\n|upkeep\n|turn|18\n|inactive|omegasony has 240 seconds left.\n|inactive|gamergamercrazy has 150 seconds left.\n|\n|t:|1699662198\n|-end|p2a: Awsum|Protosynthesis|[silent]\n|switch|p2a: Fucking Miracles|Ninetales, M, shiny|100\/100\n|-damage|p2a: Fucking Miracles|76\/100|[from] Stealth Rock\n|-weather|SunnyDay|[from] ability: Drought|[of] p2a: Fucking Miracles\n|move|p1a: She lit on my wic|Energy Ball|p2a: Fucking Miracles\n|-resisted|p2a: Fucking Miracles\n|-damage|p2a: Fucking Miracles|53\/100\n|\n|-weather|SunnyDay|[upkeep]\n|upkeep\n|turn|19\n|inactive|omegasony has 240 seconds left.\n|\n|t:|1699662226\n|move|p2a: Fucking Miracles|Dark Pulse|p1a: She lit on my wic\n|-supereffective|p1a: She lit on my wic\n|-damage|p1a: She lit on my wic|53\/100\n|move|p1a: She lit on my wic|Night Shade|p2a: Fucking Miracles\n|-damage|p2a: Fucking Miracles|18\/100\n|\n|-weather|SunnyDay|[upkeep]\n|-heal|p1a: She lit on my wic|59\/100|[from] item: Leftovers\n|upkeep\n|turn|20\n|inactive|gamergamercrazy has 120 seconds left.\n|\n|t:|1699662248\n|move|p2a: Fucking Miracles|Dark Pulse|p1a: She lit on my wic\n|-supereffective|p1a: She lit on my wic\n|-damage|p1a: She lit on my wic|15\/100\n|move|p1a: She lit on my wic|Night Shade|p2a: Fucking Miracles\n|-damage|p2a: Fucking Miracles|0 fnt\n|faint|p2a: Fucking Miracles\n|\n|-weather|SunnyDay|[upkeep]\n|-heal|p1a: She lit on my wic|21\/100|[from] item: Leftovers\n|upkeep\n|inactive|gamergamercrazy has 120 seconds left.\n|\n|t:|1699662257\n|switch|p2a: JoshthekingXD|Mimikyu, F, shiny|91\/100\n|-damage|p2a: JoshthekingXD|78\/100|[from] Stealth Rock\n|turn|21\n|\n|t:|1699662268\n|move|p2a: JoshthekingXD|Shadow Sneak|p1a: She lit on my wic\n|-supereffective|p1a: She lit on my wic\n|-damage|p1a: She lit on my wic|0 fnt\n|faint|p1a: She lit on my wic\n|-damage|p2a: JoshthekingXD|68\/100|[from] item: Life Orb\n|\n|-weather|SunnyDay|[upkeep]\n|upkeep\n|\n|t:|1699662293\n|switch|p1a: Gorbo Walming|Coalossal, F|31\/100\n|turn|22\n|inactive|gamergamercrazy has 120 seconds left.\n|\n|t:|1699662333\n|move|p2a: JoshthekingXD|Wood Hammer|p1a: Gorbo Walming\n|-damage|p1a: Gorbo Walming|1\/100\n|-damage|p2a: JoshthekingXD|52\/100|[from] Recoil\n|-damage|p2a: JoshthekingXD|42\/100|[from] item: Life Orb\n|move|p1a: Gorbo Walming|Will-O-Wisp|p2a: JoshthekingXD\n|-status|p2a: JoshthekingXD|brn\n|\n|-weather|none\n|-damage|p2a: JoshthekingXD|36\/100 brn|[from] brn\n|upkeep\n|turn|23\n|\n|t:|1699662345\n|move|p2a: JoshthekingXD|Shadow Sneak|p1a: Gorbo Walming\n|-damage|p1a: Gorbo Walming|0 fnt\n|faint|p1a: Gorbo Walming\n|-damage|p2a: JoshthekingXD|26\/100 brn|[from] item: Life Orb\n|\n|-damage|p2a: JoshthekingXD|20\/100 brn|[from] brn\n|upkeep\n|\n|t:|1699662357\n|switch|p1a: Luna|Ursaluna-Bloodmoon, M|34\/100\n|turn|24\n|\n|t:|1699662368\n|move|p2a: JoshthekingXD|Wood Hammer|p1a: Luna\n|-supereffective|p1a: Luna\n|-damage|p1a: Luna|3\/100\n|-damage|p2a: JoshthekingXD|2\/100 brn|[from] Recoil\n|-damage|p2a: JoshthekingXD|0 fnt|[from] item: Life Orb\n|faint|p2a: JoshthekingXD\n|move|p1a: Luna|Moonblast|p2: JoshthekingXD|[notarget]\n|-fail|p1a: Luna\n|\n|upkeep\n|\n|t:|1699662378\n|switch|p2a: Awsum|Great Tusk|79\/100 brn\n|-damage|p2a: Awsum|76\/100 brn|[from] Stealth Rock\n|turn|25\n|\n|t:|1699662389\n|move|p2a: Awsum|Rapid Spin|p1a: Luna\n|-damage|p1a: Luna|0 fnt\n|-boost|p2a: Awsum|spe|1\n|-sideend|p2: gamergamercrazy|Stealth Rock|[from] move: Rapid Spin|[of] p2a: Awsum\n|faint|p1a: Luna\n|\n|-damage|p2a: Awsum|70\/100 brn|[from] brn\n|upkeep\n|\n|t:|1699662396\n|switch|p1a: Worst Blunt|Meowscarada, F|100\/100\n|turn|26\n|inactive|gamergamercrazy has 120 seconds left.\n|\n|t:|1699662409\n|move|p2a: Awsum|Ice Spinner|p1a: Worst Blunt\n|-supereffective|p1a: Worst Blunt\n|-damage|p1a: Worst Blunt|49\/100\n|move|p1a: Worst Blunt|Flower Trick|p2a: Awsum\n|-start|p1a: Worst Blunt|typechange|Grass|[from] ability: Protean\n|-supereffective|p2a: Awsum\n|-crit|p2a: Awsum\n|-damage|p2a: Awsum|0 fnt\n|faint|p2a: Awsum\n|-end|p2a: Awsum|Protosynthesis|[silent]\n|\n|win|omegasony\n","uploadtime":1699662423,"views":31,"p1id":"omegasony","p2id":"gamergamercrazy","formatid":"gen9ubers","rating":0,"private":0,"password":""}