{"id":"gen9ubers-1973701172","p1":"Vincent RPPLF","p2":"AsNodt RPPLF","format":"[Gen 9] Ubers","log":"|j|\u2606Vincent RPPLF\n|j|\u2606AsNodt RPPLF\n|t:|1698004782\n|gametype|singles\n|player|p1|Vincent RPPLF|cyrus|\n|player|p2|AsNodt RPPLF|teamrocket|\n|teamsize|p1|6\n|teamsize|p2|6\n|gen|9\n|tier|[Gen 9] Ubers\n|rule|Sleep Clause Mod: Limit one foe put to sleep\n|rule|Species Clause: Limit one of each Pok\u00e9mon\n|rule|OHKO Clause: OHKO moves are banned\n|rule|Evasion Items Clause: Evasion items are banned\n|rule|Evasion Moves Clause: Evasion moves are banned\n|rule|Endless Battle Clause: Forcing endless battles is banned\n|rule|HP Percentage Mod: HP is shown in percentages\n|clearpoke\n|poke|p1|Toxapex, F|\n|poke|p1|Gliscor, F|\n|poke|p1|Yanmega, M|\n|poke|p1|Kommo-o, F|\n|poke|p1|Meowscarada, M|\n|poke|p1|Volcarona, M|\n|poke|p2|Zapdos|\n|poke|p2|Sandy Shocks|\n|poke|p2|Volcanion|\n|poke|p2|Hatterene, F|\n|poke|p2|Rillaboom, F|\n|poke|p2|Scizor, F|\n|teampreview\n|\n|t:|1698004807\n|start\n|switch|p1a: Meowscarada|Meowscarada, M|100\/100\n|switch|p2a: Kizaru|Zapdos|100\/100\n|turn|1\n|\n|t:|1698004816\n|switch|p1a: Gliscor|Gliscor, F|100\/100\n|move|p2a: Kizaru|Hurricane|p1a: Gliscor\n|-damage|p1a: Gliscor|35\/100\n|\n|-status|p1a: Gliscor|tox|[from] item: Toxic Orb\n|upkeep\n|turn|2\n|\n|t:|1698004832\n|move|p1a: Gliscor|Protect|p1a: Gliscor\n|-singleturn|p1a: Gliscor|Protect\n|move|p2a: Kizaru|Hurricane|p1a: Gliscor\n|-activate|p1a: Gliscor|move: Protect\n|\n|-heal|p1a: Gliscor|48\/100 tox|[from] ability: Poison Heal\n|upkeep\n|turn|3\n|\n|t:|1698004839\n|switch|p1a: Toxapex|Toxapex, F|100\/100\n|move|p2a: Kizaru|Volt Switch|p1a: Toxapex\n|-supereffective|p1a: Toxapex\n|-damage|p1a: Toxapex|60\/100\n|\n|t:|1698004850\n|switch|p2a: Enel|Sandy Shocks|100\/100|[from] Volt Switch\n|-enditem|p2a: Enel|Booster Energy\n|-activate|p2a: Enel|ability: Protosynthesis|[fromitem]\n|-start|p2a: Enel|protosynthesisspa\n|\n|-heal|p1a: Toxapex|67\/100|[from] item: Black Sludge\n|upkeep\n|turn|4\n|\n|t:|1698004868\n|switch|p1a: Gliscor|Gliscor, F|48\/100 tox\n|-terastallize|p2a: Enel|Ice\n|move|p2a: Enel|Tera Blast|p1a: Gliscor|[anim] Tera Blast Ice\n|-supereffective|p1a: Gliscor\n|-damage|p1a: Gliscor|0 fnt\n|faint|p1a: Gliscor\n|\n|upkeep\n|\n|t:|1698004886\n|switch|p1a: Meowscarada|Meowscarada, M|100\/100\n|turn|5\n|\n|t:|1698004893\n|move|p1a: Meowscarada|U-turn|p2a: Enel\n|-start|p1a: Meowscarada|typechange|Bug|[from] ability: Protean\n|-damage|p2a: Enel|63\/100\n|\n|t:|1698004895\n|switch|p1a: Toxapex|Toxapex, F|99\/100|[from] U-turn\n|move|p2a: Enel|Tera Blast|p1a: Toxapex|[anim] Tera Blast Ice\n|-resisted|p1a: Toxapex\n|-damage|p1a: Toxapex|81\/100\n|\n|-heal|p1a: Toxapex|87\/100|[from] item: Black Sludge\n|upkeep\n|turn|6\n|\n|t:|1698004905\n|move|p1a: Toxapex|Baneful Bunker|p1a: Toxapex\n|-singleturn|p1a: Toxapex|move: Protect\n|move|p2a: Enel|Earth Power|p1a: Toxapex\n|-activate|p1a: Toxapex|move: Protect\n|\n|-heal|p1a: Toxapex|94\/100|[from] item: Black Sludge\n|upkeep\n|turn|7\n|\n|t:|1698004914\n|move|p2a: Enel|Thunderbolt|p1a: Toxapex\n|-supereffective|p1a: Toxapex\n|-damage|p1a: Toxapex|17\/100\n|move|p1a: Toxapex|Toxic|p2a: Enel\n|-status|p2a: Enel|tox\n|\n|-heal|p1a: Toxapex|23\/100|[from] item: Black Sludge\n|-damage|p2a: Enel|57\/100 tox|[from] psn\n|upkeep\n|turn|8\n|\n|t:|1698004929\n|move|p1a: Toxapex|Baneful Bunker|p1a: Toxapex\n|-singleturn|p1a: Toxapex|move: Protect\n|move|p2a: Enel|Thunderbolt|p1a: Toxapex\n|-activate|p1a: Toxapex|move: Protect\n|\n|-heal|p1a: Toxapex|29\/100|[from] item: Black Sludge\n|-damage|p2a: Enel|45\/100 tox|[from] psn\n|upkeep\n|turn|9\n|\n|t:|1698004938\n|switch|p1a: Meowscarada|Meowscarada, M|100\/100\n|move|p2a: Enel|Tera Blast|p1a: Meowscarada|[anim] Tera Blast Ice\n|-supereffective|p1a: Meowscarada\n|-damage|p1a: Meowscarada|0 fnt\n|faint|p1a: Meowscarada\n|\n|-damage|p2a: Enel|26\/100 tox|[from] psn\n|upkeep\n|\n|t:|1698004952\n|switch|p1a: Kommo-o|Kommo-o, F|100\/100\n|turn|10\n|\n|t:|1698004956\n|switch|p1a: Toxapex|Toxapex, F|62\/100\n|move|p2a: Enel|Tera Blast|p1a: Toxapex|[anim] Tera Blast Ice\n|-resisted|p1a: Toxapex\n|-damage|p1a: Toxapex|44\/100\n|\n|-heal|p1a: Toxapex|50\/100|[from] item: Black Sludge\n|-damage|p2a: Enel|2\/100 tox|[from] psn\n|upkeep\n|turn|11\n|\n|t:|1698004971\n|-end|p2a: Enel|Protosynthesis|[silent]\n|switch|p2a: Luffy|Scizor, F|100\/100\n|move|p1a: Toxapex|Baneful Bunker||[still]\n|-fail|p1a: Toxapex\n|\n|-heal|p1a: Toxapex|57\/100|[from] item: Black Sludge\n|upkeep\n|turn|12\n|\n|t:|1698004985\n|switch|p2a: Kizaru|Zapdos|100\/100\n|switch|p1a: Volcarona|Volcarona, M|100\/100\n|\n|upkeep\n|turn|13\n|\n|t:|1698004995\n|-terastallize|p1a: Volcarona|Ground\n|move|p2a: Kizaru|Hurricane|p1a: Volcarona\n|-damage|p1a: Volcarona|50\/100\n|-start|p1a: Volcarona|confusion\n|-activate|p1a: Volcarona|confusion\n|move|p1a: Volcarona|Quiver Dance|p1a: Volcarona\n|-boost|p1a: Volcarona|spa|1\n|-boost|p1a: Volcarona|spd|1\n|-boost|p1a: Volcarona|spe|1\n|\n|upkeep\n|turn|14\n|\n|t:|1698005007\n|switch|p2a: Akainu|Volcanion|100\/100\n|-activate|p1a: Volcarona|confusion\n|-damage|p1a: Volcarona|43\/100|[from] confusion\n|\n|upkeep\n|turn|15\n|\n|t:|1698005012\n|-activate|p1a: Volcarona|confusion\n|move|p1a: Volcarona|Tera Blast|p2a: Akainu|[anim] Tera Blast Ground\n|-supereffective|p2a: Akainu\n|-damage|p2a: Akainu|17\/100\n|move|p2a: Akainu|Steam Eruption|p1a: Volcarona|[miss]\n|-miss|p2a: Akainu|p1a: Volcarona\n|\n|upkeep\n|turn|16\n|c|\u2606AsNodt RPPLF|haaaaaaaaaa\n|c|\u2606AsNodt RPPLF|95% preci BTW xd\n|c|\u2606Vincent RPPLF|C'est pas assez mdrr\n|\n|t:|1698005044\n|-activate|p1a: Volcarona|confusion\n|move|p1a: Volcarona|Giga Drain|p2a: Akainu\n|-damage|p2a: Akainu|0 fnt\n|-heal|p1a: Volcarona|53\/100|[from] drain|[of] p2a: Akainu\n|faint|p2a: Akainu\n|\n|upkeep\n|\n|t:|1698005057\n|switch|p2a: Ryokugyu|Rillaboom, F|100\/100\n|-fieldstart|move: Grassy Terrain|[from] ability: Grassy Surge|[of] p2a: Ryokugyu\n|turn|17\n|\n|t:|1698005070\n|move|p2a: Ryokugyu|Grassy Glide|p1a: Volcarona\n|-supereffective|p1a: Volcarona\n|-damage|p1a: Volcarona|0 fnt\n|faint|p1a: Volcarona\n|\n|upkeep\n|\n|t:|1698005072\n|switch|p1a: Yanmega|Yanmega, M|100\/100\n|turn|18\n|\n|t:|1698005078\n|switch|p2a: Enel|Sandy Shocks, tera:Ice|2\/100 tox\n|move|p1a: Yanmega|Substitute|p1a: Yanmega\n|-start|p1a: Yanmega|Substitute\n|-damage|p1a: Yanmega|76\/100\n|\n|-heal|p2a: Enel|8\/100 tox|[from] Grassy Terrain\n|-damage|p2a: Enel|2\/100 tox|[from] psn\n|-ability|p1a: Yanmega|Speed Boost|boost\n|-boost|p1a: Yanmega|spe|1\n|upkeep\n|turn|19\n|c|\u2606Vincent RPPLF|L'arriv\u00e9e du goat !\n|\n|t:|1698005090\n|move|p1a: Yanmega|Bug Buzz|p2a: Enel\n|-damage|p2a: Enel|0 fnt\n|faint|p2a: Enel\n|-end|p2a: Enel|Protosynthesis|[silent]\n|-enditem|p1a: Yanmega|Throat Spray\n|-boost|p1a: Yanmega|spa|1|[from] item: Throat Spray\n|\n|-ability|p1a: Yanmega|Speed Boost|boost\n|-boost|p1a: Yanmega|spe|1\n|upkeep\n|\n|t:|1698005110\n|switch|p2a: BigMom|Hatterene, F|100\/100\n|turn|20\n|\n|t:|1698005117\n|move|p1a: Yanmega|Bug Buzz|p2a: BigMom\n|-damage|p2a: BigMom|27\/100\n|move|p2a: BigMom|Mystical Fire|p1a: Yanmega\n|-supereffective|p1a: Yanmega\n|-end|p1a: Yanmega|Substitute\n|\n|-heal|p2a: BigMom|33\/100|[from] Grassy Terrain\n|-heal|p2a: BigMom|39\/100|[from] item: Leftovers\n|-ability|p1a: Yanmega|Speed Boost|boost\n|-boost|p1a: Yanmega|spe|1\n|upkeep\n|turn|21\n|\n|t:|1698005132\n|switch|p2a: Kizaru|Zapdos|100\/100\n|move|p1a: Yanmega|Bug Buzz|p2a: Kizaru\n|-resisted|p2a: Kizaru\n|-damage|p2a: Kizaru|58\/100\n|\n|-fieldend|move: Grassy Terrain\n|-ability|p1a: Yanmega|Speed Boost|boost\n|-boost|p1a: Yanmega|spe|1\n|upkeep\n|turn|22\n|c|\u2606Vincent RPPLF|C'est tout ce qu'il sait faire mdrr\n|c|\u2606Vincent RPPLF|C'est pas fou\n|c|\u2606AsNodt RPPLF|j'avou xd\n|\n|t:|1698005150\n|move|p1a: Yanmega|Psychic|p2a: Kizaru\n|-damage|p2a: Kizaru|1\/100\n|move|p2a: Kizaru|Volt Switch|p1a: Yanmega\n|-supereffective|p1a: Yanmega\n|-damage|p1a: Yanmega|0 fnt\n|faint|p1a: Yanmega\n|c|\u2606Vincent RPPLF|Ah\n|c|\u2606AsNodt RPPLF|xd\n|c|\u2606Vincent RPPLF|Je pensais tuer mdrr\n|c|\u2606AsNodt RPPLF|poiur le 95% \u00e7a\n|\n|t:|1698005173\n|switch|p2a: BigMom|Hatterene, F|39\/100|[from] Volt Switch\n|\n|-heal|p2a: BigMom|45\/100|[from] item: Leftovers\n|upkeep\n|c|\u2606Vincent RPPLF|\u00c7a devrait suffir \u00e0 clean UP j'esp\u00e8re \ud83e\udd23\n|\n|t:|1698005185\n|switch|p1a: Kommo-o|Kommo-o, F|100\/100\n|turn|23\n|\n|t:|1698005188\n|move|p1a: Kommo-o|Boomburst|p2a: BigMom\n|-damage|p2a: BigMom|0 fnt\n|faint|p2a: BigMom\n|\n|upkeep\n|\n|t:|1698005196\n|switch|p2a: Kizaru|Zapdos|1\/100\n|turn|24\n|\n|t:|1698005200\n|move|p1a: Kommo-o|Vacuum Wave|p2a: Kizaru\n|-resisted|p2a: Kizaru\n|-damage|p2a: Kizaru|0 fnt\n|faint|p2a: Kizaru\n|\n|upkeep\n|\n|t:|1698005209\n|switch|p2a: Luffy|Scizor, F|100\/100\n|turn|25\n|c|\u2606AsNodt RPPLF|bon bah gg\n|\n|t:|1698005225\n|switch|p1a: Toxapex|Toxapex, F|90\/100\n|move|p2a: Luffy|Bullet Punch|p1a: Toxapex\n|-resisted|p1a: Toxapex\n|-damage|p1a: Toxapex|78\/100\n|\n|-heal|p1a: Toxapex|84\/100|[from] item: Black Sludge\n|upkeep\n|turn|26\n|c|\u2606AsNodt RPPLF|jamais je bat ekaiser xd\n|\n|t:|1698005232\n|move|p2a: Luffy|Swords Dance|p2a: Luffy\n|-boost|p2a: Luffy|atk|2\n|move|p1a: Toxapex|Chilling Water|p2a: Luffy\n|-damage|p2a: Luffy|87\/100\n|-unboost|p2a: Luffy|atk|1\n|\n|-heal|p1a: Toxapex|90\/100|[from] item: Black Sludge\n|upkeep\n|turn|27\n|\n|t:|1698005245\n|move|p2a: Luffy|Bullet Punch|p1a: Toxapex\n|-resisted|p1a: Toxapex\n|-damage|p1a: Toxapex|73\/100\n|move|p1a: Toxapex|Infestation|p2a: Luffy\n|-resisted|p2a: Luffy\n|-damage|p2a: Luffy|85\/100\n|-activate|p2a: Luffy|move: Infestation|[of] p1a: Toxapex\n|-damage|p1a: Toxapex|56\/100|[from] item: Rocky Helmet|[of] p2a: Luffy\n|\n|-heal|p1a: Toxapex|63\/100|[from] item: Black Sludge\n|-damage|p2a: Luffy|72\/100|[from] move: Infestation|[partiallytrapped]\n|upkeep\n|turn|28\n|\n|t:|1698005256\n|move|p2a: Luffy|U-turn|p1a: Toxapex\n|-resisted|p1a: Toxapex\n|-damage|p1a: Toxapex|42\/100\n|\n|t:|1698005259\n|switch|p2a: Ryokugyu|Rillaboom, F|100\/100|[from] U-turn\n|-fieldstart|move: Grassy Terrain|[from] ability: Grassy Surge|[of] p2a: Ryokugyu\n|move|p1a: Toxapex|Chilling Water|p2a: Ryokugyu\n|-resisted|p2a: Ryokugyu\n|-crit|p2a: Ryokugyu\n|-damage|p2a: Ryokugyu|90\/100\n|-unboost|p2a: Ryokugyu|atk|1\n|\n|-heal|p2a: Ryokugyu|96\/100|[from] Grassy Terrain\n|-heal|p1a: Toxapex|49\/100|[from] Grassy Terrain\n|-heal|p1a: Toxapex|55\/100|[from] item: Black Sludge\n|upkeep\n|turn|29\n|\n|t:|1698005271\n|move|p1a: Toxapex|Baneful Bunker|p1a: Toxapex\n|-singleturn|p1a: Toxapex|move: Protect\n|move|p2a: Ryokugyu|High Horsepower|p1a: Toxapex\n|-activate|p1a: Toxapex|move: Protect\n|-status|p2a: Ryokugyu|psn\n|\n|-heal|p2a: Ryokugyu|100\/100 psn|[from] Grassy Terrain\n|-heal|p1a: Toxapex|61\/100|[from] Grassy Terrain\n|-heal|p1a: Toxapex|67\/100|[from] item: Black Sludge\n|-damage|p2a: Ryokugyu|88\/100 psn|[from] psn\n|upkeep\n|turn|30\n|c|\u2606Vincent RPPLF|\u00c7a d\u00e9pend de ce que tu as sur Sciza\n|\n|t:|1698005284\n|switch|p2a: Luffy|Scizor, F|72\/100\n|switch|p1a: Kommo-o|Kommo-o, F|100\/100\n|\n|-heal|p2a: Luffy|78\/100|[from] Grassy Terrain\n|upkeep\n|turn|31\n|\n|t:|1698005294\n|move|p2a: Luffy|Bullet Punch|p1a: Kommo-o\n|-damage|p1a: Kommo-o|69\/100\n|move|p1a: Kommo-o|Clangorous Soul|p1a: Kommo-o\n|-boost|p1a: Kommo-o|atk|1\n|-boost|p1a: Kommo-o|def|1\n|-boost|p1a: Kommo-o|spa|1\n|-boost|p1a: Kommo-o|spd|1\n|-boost|p1a: Kommo-o|spe|1\n|-damage|p1a: Kommo-o|36\/100\n|\n|-heal|p1a: Kommo-o|42\/100|[from] Grassy Terrain\n|-heal|p1a: Kommo-o|48\/100|[from] item: Leftovers\n|-heal|p2a: Luffy|84\/100|[from] Grassy Terrain\n|upkeep\n|turn|32\n|c|\u2606AsNodt RPPLF|rien xd\n|\n|t:|1698005310\n|move|p2a: Luffy|Bullet Punch|p1a: Kommo-o\n|-damage|p1a: Kommo-o|25\/100\n|move|p1a: Kommo-o|Boomburst|p2a: Luffy\n|-resisted|p2a: Luffy\n|-damage|p2a: Luffy|50\/100\n|\n|-heal|p1a: Kommo-o|31\/100|[from] Grassy Terrain\n|-heal|p1a: Kommo-o|38\/100|[from] item: Leftovers\n|-heal|p2a: Luffy|56\/100|[from] Grassy Terrain\n|-fieldend|move: Grassy Terrain\n|upkeep\n|turn|33\n|c|\u2606Vincent RPPLF|Si je pense que \u00e7a passe\n|\n|t:|1698005330\n|move|p2a: Luffy|Bullet Punch|p1a: Kommo-o\n|-damage|p1a: Kommo-o|15\/100\n|move|p1a: Kommo-o|Clanging Scales|p2a: Luffy\n|-resisted|p2a: Luffy\n|-damage|p2a: Luffy|14\/100\n|-unboost|p1a: Kommo-o|def|1\n|\n|-heal|p1a: Kommo-o|21\/100|[from] item: Leftovers\n|upkeep\n|turn|34\n|\n|t:|1698005338\n|move|p1a: Kommo-o|Vacuum Wave|p2a: Luffy\n|-damage|p2a: Luffy|0 fnt\n|faint|p2a: Luffy\n|\n|-heal|p1a: Kommo-o|27\/100|[from] item: Leftovers\n|upkeep\n|\n|t:|1698005343\n|switch|p2a: Ryokugyu|Rillaboom, F|88\/100 psn\n|-fieldstart|move: Grassy Terrain|[from] ability: Grassy Surge|[of] p2a: Ryokugyu\n|turn|35\n|\n|t:|1698005353\n|move|p1a: Kommo-o|Vacuum Wave|p2a: Ryokugyu\n|-damage|p2a: Ryokugyu|56\/100 psn\n|move|p2a: Ryokugyu|Grassy Glide|p1a: Kommo-o\n|-resisted|p1a: Kommo-o\n|-damage|p1a: Kommo-o|5\/100\n|\n|-heal|p1a: Kommo-o|11\/100|[from] Grassy Terrain\n|-heal|p1a: Kommo-o|17\/100|[from] item: Leftovers\n|-heal|p2a: Ryokugyu|62\/100 psn|[from] Grassy Terrain\n|-damage|p2a: Ryokugyu|49\/100 psn|[from] psn\n|upkeep\n|turn|36\n|\n|t:|1698005376\n|move|p1a: Kommo-o|Vacuum Wave|p2a: Ryokugyu\n|-damage|p2a: Ryokugyu|12\/100 psn\n|move|p2a: Ryokugyu|Grassy Glide|p1a: Kommo-o\n|-resisted|p1a: Kommo-o\n|-damage|p1a: Kommo-o|0 fnt\n|faint|p1a: Kommo-o\n|\n|-heal|p2a: Ryokugyu|18\/100 psn|[from] Grassy Terrain\n|-damage|p2a: Ryokugyu|5\/100 psn|[from] psn\n|upkeep\n|\n|t:|1698005379\n|switch|p1a: Toxapex|Toxapex, F|100\/100\n|turn|37\n|c|\u2606Vincent RPPLF|Styl\u00e9 les pseudos j'adore !\n|c|\u2606Vincent RPPLF|Gg\n|c|\u2606Vincent RPPLF|C'\u00e9tait chaud mdrr vraiement pas fou le Yanmega\n|c|\u2606Vincent RPPLF|Lol\n|\n|t:|1698005415\n|move|p1a: Toxapex|Baneful Bunker|p1a: Toxapex\n|-singleturn|p1a: Toxapex|move: Protect\n|move|p2a: Ryokugyu|High Horsepower|p1a: Toxapex\n|-activate|p1a: Toxapex|move: Protect\n|\n|-heal|p2a: Ryokugyu|12\/100 psn|[from] Grassy Terrain\n|-damage|p2a: Ryokugyu|0 fnt|[from] psn\n|faint|p2a: Ryokugyu\n|\n|win|Vincent RPPLF\n|upkeep\n|c|\u2606AsNodt RPPLF|gg^^\n|l|\u2606AsNodt RPPLF\n","uploadtime":1698005473,"views":12,"p1id":"vincentrpplf","p2id":"asnodtrpplf","formatid":"gen9ubers","rating":0,"private":0,"password":""}