{"id":"gen9ubers-1980695133","p1":"asdfqwerty123","p2":"lolgz","format":"[Gen 9] Ubers","log":"|j|\u2606asdfqwerty123\n|j|\u2606lolgz\n|t:|1698814301\n|gametype|singles\n|player|p1|asdfqwerty123|liza|\n|player|p2|lolgz|266|\n|teamsize|p1|6\n|teamsize|p2|6\n|gen|9\n|tier|[Gen 9] Ubers\n|rule|Sleep Clause Mod: Limit one foe put to sleep\n|rule|Species Clause: Limit one of each Pok\u00e9mon\n|rule|OHKO Clause: OHKO moves are banned\n|rule|Evasion Items Clause: Evasion items are banned\n|rule|Evasion Moves Clause: Evasion moves are banned\n|rule|Endless Battle Clause: Forcing endless battles is banned\n|rule|HP Percentage Mod: HP is shown in percentages\n|clearpoke\n|poke|p1|Arceus-Fire|\n|poke|p1|Slowking-Galar, F|\n|poke|p1|Ninetales-Alola, M|\n|poke|p1|Zapdos|\n|poke|p1|Zacian-*|\n|poke|p1|Palkia-Origin|\n|poke|p2|Magearna|\n|poke|p2|Zacian-*|\n|poke|p2|Cyclizar, F|\n|poke|p2|Palkia-Origin|\n|poke|p2|Arceus-Fire|\n|poke|p2|Garchomp, F|\n|teampreview\n|inactive|Battle timer is ON: inactive players will automatically lose when time's up. (requested by lolgz)\n|\n|t:|1698814318\n|start\n|switch|p1a: Palkia|Palkia-Origin, shiny|100\/100\n|switch|p2a: Garchomp|Garchomp, F|100\/100\n|-ability|p1a: Palkia|Pressure\n|turn|1\n|inactive|asdfqwerty123 has 270 seconds left.\n|\n|t:|1698814351\n|-terastallize|p2a: Garchomp|Steel\n|move|p1a: Palkia|Substitute|p1a: Palkia\n|-start|p1a: Palkia|Substitute\n|-damage|p1a: Palkia|76\/100\n|move|p2a: Garchomp|Scale Shot|p1a: Palkia\n|-supereffective|p1a: Palkia\n|-end|p1a: Palkia|Substitute\n|-supereffective|p1a: Palkia\n|-damage|p1a: Palkia|48\/100\n|-supereffective|p1a: Palkia\n|-damage|p1a: Palkia|19\/100\n|-supereffective|p1a: Palkia\n|-crit|p1a: Palkia\n|-damage|p1a: Palkia|0 fnt\n|faint|p1a: Palkia\n|-hitcount|p1: Palkia|4\n|-unboost|p2a: Garchomp|def|1\n|-boost|p2a: Garchomp|spe|1\n|\n|upkeep\n|inactive|asdfqwerty123 has 270 seconds left.\n|\n|t:|1698814375\n|switch|p1a: Arceus|Arceus-Fire, shiny|100\/100\n|turn|2\n|\n|t:|1698814382\n|move|p2a: Garchomp|Earthquake|p1a: Arceus\n|-supereffective|p1a: Arceus\n|-damage|p1a: Arceus|25\/100\n|move|p1a: Arceus|Flare Blitz|p2a: Garchomp\n|-supereffective|p2a: Garchomp\n|-damage|p2a: Garchomp|0 fnt\n|-damage|p1a: Arceus|13\/100|[from] ability: Rough Skin|[of] p2a: Garchomp\n|faint|p2a: Garchomp\n|-damage|p1a: Arceus|0 fnt|[from] Recoil\n|faint|p1a: Arceus\n|\n|upkeep\n|\n|t:|1698814396\n|switch|p1a: Ninetales|Ninetales-Alola, M, shiny|100\/100\n|switch|p2a: Arceus|Arceus-Fire|100\/100\n|-weather|Snow|[from] ability: Snow Warning|[of] p1a: Ninetales\n|turn|3\n|\n|t:|1698814410\n|move|p1a: Ninetales|Aurora Veil|p1a: Ninetales\n|-sidestart|p1: asdfqwerty123|move: Aurora Veil\n|move|p2a: Arceus|Dragon Dance|p2a: Arceus\n|-boost|p2a: Arceus|atk|1\n|-boost|p2a: Arceus|spe|1\n|\n|-weather|Snow|[upkeep]\n|upkeep\n|turn|4\n|\n|t:|1698814414\n|move|p2a: Arceus|Dragon Dance|p2a: Arceus\n|-boost|p2a: Arceus|atk|1\n|-boost|p2a: Arceus|spe|1\n|move|p1a: Ninetales|Icy Wind|p2a: Arceus\n|-resisted|p2a: Arceus\n|-damage|p2a: Arceus|93\/100\n|-unboost|p2a: Arceus|spe|1\n|\n|-weather|Snow|[upkeep]\n|upkeep\n|turn|5\n|\n|t:|1698814418\n|move|p2a: Arceus|Flare Blitz|p1a: Ninetales\n|-supereffective|p1a: Ninetales\n|-enditem|p1a: Ninetales|Focus Sash\n|-damage|p1a: Ninetales|1\/100\n|-damage|p2a: Arceus|71\/100|[from] Recoil\n|move|p1a: Ninetales|Icy Wind|p2a: Arceus\n|-resisted|p2a: Arceus\n|-damage|p2a: Arceus|63\/100\n|-unboost|p2a: Arceus|spe|1\n|\n|-weather|Snow|[upkeep]\n|upkeep\n|turn|6\n|\n|t:|1698814425\n|move|p2a: Arceus|Extreme Speed|p1a: Ninetales\n|-damage|p1a: Ninetales|0 fnt\n|faint|p1a: Ninetales\n|\n|-weather|Snow|[upkeep]\n|upkeep\n|\n|t:|1698814432\n|switch|p1a: Zacian|Zacian, shiny|100\/100\n|-ability|p1a: Zacian|Intrepid Sword|boost\n|-boost|p1a: Zacian|atk|1\n|turn|7\n|\n|t:|1698814447\n|move|p1a: Zacian|Play Rough|p2a: Arceus|[miss]\n|-miss|p1a: Zacian|p2a: Arceus\n|move|p2a: Arceus|Flare Blitz|p1a: Zacian\n|-damage|p1a: Zacian|29\/100\n|-damage|p2a: Arceus|45\/100|[from] Recoil\n|\n|-weather|none\n|-sideend|p1: asdfqwerty123|move: Aurora Veil\n|upkeep\n|turn|8\n|\n|t:|1698814452\n|move|p2a: Arceus|Extreme Speed|p1a: Zacian\n|-damage|p1a: Zacian|0 fnt\n|faint|p1a: Zacian\n|\n|upkeep\n|\n|t:|1698814455\n|switch|p1a: Zapdos|Zapdos, shiny|100\/100\n|turn|9\n|\n|t:|1698814460\n|move|p2a: Arceus|Extreme Speed|p1a: Zapdos\n|-damage|p1a: Zapdos|46\/100\n|-status|p2a: Arceus|par|[from] ability: Static|[of] p1a: Zapdos\n|move|p1a: Zapdos|Hurricane|p2a: Arceus\n|-damage|p2a: Arceus|5\/100 par\n|\n|upkeep\n|turn|10\n|\n|t:|1698814464\n|move|p2a: Arceus|Extreme Speed|p1a: Zapdos\n|-damage|p1a: Zapdos|0 fnt\n|faint|p1a: Zapdos\n|\n|upkeep\n|\n|t:|1698814466\n|switch|p1a: Slowking|Slowking-Galar, F, shiny|100\/100\n|turn|11\n|\n|t:|1698814474\n|-terastallize|p1a: Slowking|Water\n|move|p2a: Arceus|Flare Blitz|p1a: Slowking\n|-resisted|p1a: Slowking\n|-damage|p1a: Slowking|23\/100\n|-damage|p2a: Arceus|0 fnt|[from] Recoil\n|faint|p2a: Arceus\n|move|p1a: Slowking|Chilly Reception|p1a: Slowking\n|-weather|Snow\n|\n|-weather|Snow|[upkeep]\n|-heal|p1a: Slowking|29\/100|[from] item: Leftovers\n|upkeep\n|\n|t:|1698814480\n|switch|p2a: Zacian|Zacian|100\/100\n|-ability|p2a: Zacian|Intrepid Sword|boost\n|-boost|p2a: Zacian|atk|1\n|turn|12\n|\n|t:|1698814482\n|move|p2a: Zacian|Wild Charge|p1a: Slowking\n|-supereffective|p1a: Slowking\n|-damage|p1a: Slowking|0 fnt\n|faint|p1a: Slowking\n|-damage|p2a: Zacian|92\/100|[from] Recoil\n|\n|win|lolgz\n|c|\u2606asdfqwerty123|gg\n|l|\u2606asdfqwerty123\n","uploadtime":1698814496,"views":15,"p1id":"asdfqwerty123","p2id":"lolgz","formatid":"gen9ubers","rating":0,"private":0,"password":""}