{"id":"gen9ubers-1974834948","p1":"austinerzs","p2":"qewt","format":"[Gen 9] Ubers","log":"|j|\u2606austinerzs\n|j|\u203dqewt\n|t:|1698132238\n|gametype|singles\n|player|p1|austinerzs|sisandbro|\n|player|p2|qewt|furisodegirl-black|\n|teamsize|p1|6\n|teamsize|p2|6\n|gen|9\n|tier|[Gen 9] Ubers\n|rule|Sleep Clause Mod: Limit one foe put to sleep\n|rule|Species Clause: Limit one of each Pok\u00e9mon\n|rule|OHKO Clause: OHKO moves are banned\n|rule|Evasion Items Clause: Evasion items are banned\n|rule|Evasion Moves Clause: Evasion moves are banned\n|rule|Endless Battle Clause: Forcing endless battles is banned\n|rule|HP Percentage Mod: HP is shown in percentages\n|clearpoke\n|poke|p1|Garchomp, F|\n|poke|p1|Gholdengo|\n|poke|p1|Meowscarada, F|\n|poke|p1|Magearna|\n|poke|p1|Zacian-*|\n|poke|p1|Cyclizar, F|\n|poke|p2|Dondozo, M|\n|poke|p2|Giratina|\n|poke|p2|Blissey, F|\n|poke|p2|Gliscor, F|\n|poke|p2|Arceus-Dark|\n|poke|p2|Garganacl, F|\n|teampreview\n|c|\u2606austinerzs|glhf\n|\n|t:|1698132250\n|start\n|switch|p1a: Garchomp|Garchomp, F|100\/100\n|switch|p2a: Gliscor|Gliscor, F|100\/100\n|turn|1\n|\n|t:|1698132259\n|move|p2a: Gliscor|Protect|p2a: Gliscor\n|-singleturn|p2a: Gliscor|Protect\n|move|p1a: Garchomp|Stealth Rock|p2a: Gliscor\n|-sidestart|p2: qewt|move: Stealth Rock\n|\n|-status|p2a: Gliscor|tox|[from] item: Toxic Orb\n|upkeep\n|turn|2\n|\n|t:|1698132265\n|move|p1a: Garchomp|Spikes|p2a: Gliscor\n|-sidestart|p2: qewt|Spikes\n|move|p2a: Gliscor|Toxic Spikes|p1a: Garchomp\n|-sidestart|p1: austinerzs|move: Toxic Spikes\n|\n|upkeep\n|turn|3\n|\n|t:|1698132268\n|move|p1a: Garchomp|Spikes|p2a: Gliscor\n|-sidestart|p2: qewt|Spikes\n|move|p2a: Gliscor|Toxic Spikes|p1a: Garchomp\n|-sidestart|p1: austinerzs|move: Toxic Spikes\n|\n|upkeep\n|turn|4\n|\n|t:|1698132290\n|switch|p2a: Giratina|Giratina|100\/100\n|-damage|p2a: Giratina|88\/100|[from] Stealth Rock\n|-damage|p2a: Giratina|71\/100|[from] Spikes\n|-ability|p2a: Giratina|Pressure\n|move|p1a: Garchomp|Spikes|p2a: Giratina\n|-sidestart|p2: qewt|Spikes\n|\n|-heal|p2a: Giratina|77\/100|[from] item: Leftovers\n|upkeep\n|turn|5\n|\n|t:|1698132295\n|switch|p1a: Gholdengo|Gholdengo|100\/100\n|-item|p1a: Gholdengo|Air Balloon\n|switch|p2a: Arceus|Arceus-Dark|100\/100\n|-damage|p2a: Arceus|88\/100|[from] Stealth Rock\n|-damage|p2a: Arceus|63\/100|[from] Spikes\n|\n|upkeep\n|turn|6\n|\n|t:|1698132303\n|switch|p1a: Cyclizar|Cyclizar, F|100\/100\n|move|p2a: Arceus|Recover|p2a: Arceus\n|-heal|p2a: Arceus|100\/100\n|\n|upkeep\n|turn|7\n|\n|t:|1698132321\n|move|p1a: Cyclizar|Taunt|p2a: Arceus\n|-start|p2a: Arceus|move: Taunt\n|cant|p2a: Arceus|move: Taunt|Taunt\n|\n|upkeep\n|turn|8\n|\n|t:|1698132327\n|move|p1a: Cyclizar|Rapid Spin|p2a: Arceus\n|-crit|p2a: Arceus\n|-damage|p2a: Arceus|85\/100\n|-boost|p1a: Cyclizar|spe|1\n|-sideend|p1: austinerzs|Toxic Spikes|[from] move: Rapid Spin|[of] p1a: Cyclizar\n|move|p2a: Arceus|Judgment|p1a: Cyclizar\n|-damage|p1a: Cyclizar|35\/100\n|\n|upkeep\n|turn|9\n|\n|t:|1698132335\n|switch|p1a: Meowscarada|Meowscarada, F|100\/100\n|move|p2a: Arceus|Judgment|p1a: Meowscarada\n|-resisted|p1a: Meowscarada\n|-damage|p1a: Meowscarada|69\/100\n|\n|-end|p2a: Arceus|move: Taunt\n|upkeep\n|turn|10\n|\n|t:|1698132340\n|switch|p2a: Gliscor|Gliscor, F|100\/100 tox\n|-damage|p2a: Gliscor|88\/100 tox|[from] Stealth Rock\n|move|p1a: Meowscarada|Toxic Spikes|p2a: Gliscor\n|-start|p1a: Meowscarada|typechange|Poison|[from] ability: Protean\n|-sidestart|p2: qewt|move: Toxic Spikes\n|\n|-heal|p2a: Gliscor|100\/100 tox|[from] ability: Poison Heal\n|upkeep\n|turn|11\n|\n|t:|1698132347\n|switch|p1a: Gholdengo|Gholdengo|100\/100\n|-item|p1a: Gholdengo|Air Balloon\n|move|p2a: Gliscor|Earthquake|p1a: Gholdengo\n|-immune|p1a: Gholdengo\n|\n|upkeep\n|turn|12\n|\n|t:|1698132357\n|move|p2a: Gliscor|Knock Off|p1a: Gholdengo\n|-supereffective|p1a: Gholdengo\n|-damage|p1a: Gholdengo|73\/100\n|-enditem|p1a: Gholdengo|Air Balloon\n|move|p1a: Gholdengo|Make It Rain|p2a: Gliscor\n|-damage|p2a: Gliscor|56\/100 tox\n|-unboost|p1a: Gholdengo|spa|1\n|\n|-heal|p2a: Gliscor|68\/100 tox|[from] ability: Poison Heal\n|upkeep\n|turn|13\n|\n|t:|1698132364\n|switch|p1a: Meowscarada|Meowscarada, F|69\/100\n|move|p2a: Gliscor|Earthquake|p1a: Meowscarada\n|-resisted|p1a: Meowscarada\n|-damage|p1a: Meowscarada|48\/100\n|\n|-heal|p2a: Gliscor|80\/100 tox|[from] ability: Poison Heal\n|upkeep\n|turn|14\n|\n|t:|1698132372\n|move|p1a: Meowscarada|Flower Trick|p2a: Gliscor\n|-start|p1a: Meowscarada|typechange|Grass|[from] ability: Protean\n|-crit|p2a: Gliscor\n|-damage|p2a: Gliscor|48\/100 tox\n|move|p2a: Gliscor|Knock Off|p1a: Meowscarada\n|-damage|p1a: Meowscarada|20\/100\n|-enditem|p1a: Meowscarada|Focus Sash|[from] move: Knock Off|[of] p2a: Gliscor\n|\n|-heal|p2a: Gliscor|61\/100 tox|[from] ability: Poison Heal\n|upkeep\n|turn|15\n|\n|t:|1698132384\n|move|p1a: Meowscarada|Toxic Spikes|p2a: Gliscor\n|-sidestart|p2: qewt|move: Toxic Spikes\n|move|p2a: Gliscor|Knock Off|p1a: Meowscarada\n|-damage|p1a: Meowscarada|2\/100\n|\n|-heal|p2a: Gliscor|73\/100 tox|[from] ability: Poison Heal\n|upkeep\n|turn|16\n|\n|t:|1698132394\n|move|p1a: Meowscarada|Knock Off|p2a: Gliscor\n|-damage|p2a: Gliscor|54\/100 tox\n|-enditem|p2a: Gliscor|Toxic Orb|[from] move: Knock Off|[of] p1a: Meowscarada\n|move|p2a: Gliscor|Earthquake|p1a: Meowscarada\n|-resisted|p1a: Meowscarada\n|-damage|p1a: Meowscarada|0 fnt\n|faint|p1a: Meowscarada\n|\n|-heal|p2a: Gliscor|67\/100 tox|[from] ability: Poison Heal\n|upkeep\n|\n|t:|1698132425\n|switch|p1a: Zacian|Zacian|100\/100\n|-ability|p1a: Zacian|Intrepid Sword|boost\n|-boost|p1a: Zacian|atk|1\n|turn|17\n|\n|t:|1698132438\n|move|p2a: Gliscor|Protect|p2a: Gliscor\n|-singleturn|p2a: Gliscor|Protect\n|move|p1a: Zacian|Play Rough|p2a: Gliscor\n|-activate|p2a: Gliscor|move: Protect\n|\n|-heal|p2a: Gliscor|79\/100 tox|[from] ability: Poison Heal\n|upkeep\n|turn|18\n|\n|t:|1698132449\n|move|p1a: Zacian|Play Rough|p2a: Gliscor\n|-damage|p2a: Gliscor|0 fnt\n|faint|p2a: Gliscor\n|\n|upkeep\n|\n|t:|1698132451\n|switch|p2a: Giratina|Giratina|77\/100\n|-damage|p2a: Giratina|65\/100|[from] Stealth Rock\n|-damage|p2a: Giratina|40\/100|[from] Spikes\n|-status|p2a: Giratina|tox\n|-ability|p2a: Giratina|Pressure\n|turn|19\n|-message|qewt forfeited.\n|\n|win|austinerzs\n|l|\u203dqewt\n","uploadtime":1698132465,"views":12,"p1id":"austinerzs","p2id":"qewt","formatid":"gen9ubers","rating":0,"private":0,"password":""}