{"id":"gen9ubers-1976405045","p1":"SephieFox","p2":"SadaShidz\ufe0f","format":"[Gen 9] Ubers","log":"|j|\u2606SephieFox\n|j|\u2606SadaShidz\ufe0f\n|t:|1698297642\n|gametype|singles\n|player|p1|SephieFox|iris-masters|1220\n|player|p2|SadaShidz\ufe0f|sada-ai|1317\n|teamsize|p1|6\n|teamsize|p2|6\n|gen|9\n|tier|[Gen 9] Ubers\n|rated|\n|rule|Sleep Clause Mod: Limit one foe put to sleep\n|rule|Species Clause: Limit one of each Pok\u00e9mon\n|rule|OHKO Clause: OHKO moves are banned\n|rule|Evasion Items Clause: Evasion items are banned\n|rule|Evasion Moves Clause: Evasion moves are banned\n|rule|Endless Battle Clause: Forcing endless battles is banned\n|rule|HP Percentage Mod: HP is shown in percentages\n|clearpoke\n|poke|p1|Roaring Moon|\n|poke|p1|Ninetales-Alola, F|\n|poke|p1|Magearna|\n|poke|p1|Spectrier|\n|poke|p1|Ursaluna-Bloodmoon, M|\n|poke|p1|Zacian-*|\n|poke|p2|Ribombee, F|\n|poke|p2|Arceus-Ghost|\n|poke|p2|Ogerpon-Hearthflame, F|\n|poke|p2|Sinistcha-Masterpiece|\n|poke|p2|Ursaluna-Bloodmoon, M|\n|poke|p2|Flutter Mane|\n|teampreview\n|inactive|Battle timer is ON: inactive players will automatically lose when time's up. (requested by SephieFox)\n|\n|t:|1698297653\n|start\n|switch|p1a: A bulky ice mon|Ninetales-Alola, F|100\/100\n|switch|p2a: Mighty Bee|Ribombee, F, shiny|100\/100\n|-weather|Snow|[from] ability: Snow Warning|[of] p1a: A bulky ice mon\n|turn|1\n|\n|t:|1698297662\n|move|p2a: Mighty Bee|Stun Spore|p1a: A bulky ice mon\n|-status|p1a: A bulky ice mon|par\n|move|p1a: A bulky ice mon|Encore|p2a: Mighty Bee\n|-start|p2a: Mighty Bee|Encore\n|\n|-weather|Snow|[upkeep]\n|upkeep\n|turn|2\n|\n|t:|1698297673\n|switch|p2a: Fioni|Ogerpon-Hearthflame, F|100\/100\n|-ability|p2a: Fioni|Mold Breaker\n|cant|p1a: A bulky ice mon|par\n|\n|-weather|Snow|[upkeep]\n|upkeep\n|turn|3\n|\n|t:|1698297679\n|switch|p1a: Snickers actor|Roaring Moon|100\/100\n|-enditem|p1a: Snickers actor|Booster Energy\n|-activate|p1a: Snickers actor|ability: Protosynthesis|[fromitem]\n|-start|p1a: Snickers actor|protosynthesisatk\n|move|p2a: Fioni|Ivy Cudgel|p1a: Snickers actor\n|-resisted|p1a: Snickers actor\n|-damage|p1a: Snickers actor|65\/100\n|\n|-weather|Snow|[upkeep]\n|upkeep\n|turn|4\n|\n|t:|1698297689\n|switch|p2a: Mighty Bee|Ribombee, F, shiny|100\/100\n|move|p1a: Snickers actor|Dragon Dance|p1a: Snickers actor\n|-boost|p1a: Snickers actor|atk|1\n|-boost|p1a: Snickers actor|spe|1\n|\n|-weather|Snow|[upkeep]\n|upkeep\n|turn|5\n|\n|t:|1698297694\n|move|p1a: Snickers actor|Knock Off|p2a: Mighty Bee\n|-resisted|p2a: Mighty Bee\n|-crit|p2a: Mighty Bee\n|-enditem|p2a: Mighty Bee|Focus Sash\n|-damage|p2a: Mighty Bee|1\/100\n|move|p2a: Mighty Bee|Stun Spore|p1a: Snickers actor\n|-status|p1a: Snickers actor|par\n|\n|-weather|none\n|upkeep\n|turn|6\n|\n|t:|1698297698\n|move|p2a: Mighty Bee|Sticky Web|p1a: Snickers actor\n|-sidestart|p1: SephieFox|move: Sticky Web\n|cant|p1a: Snickers actor|par\n|\n|upkeep\n|turn|7\n|\n|t:|1698297703\n|move|p2a: Mighty Bee|Moonblast|p1a: Snickers actor\n|-supereffective|p1a: Snickers actor\n|-damage|p1a: Snickers actor|0 fnt\n|faint|p1a: Snickers actor\n|-end|p1a: Snickers actor|Protosynthesis|[silent]\n|\n|upkeep\n|\n|t:|1698297705\n|switch|p1a: A bulky ice mon|Ninetales-Alola, F|100\/100 par\n|-activate|p1a: A bulky ice mon|move: Sticky Web\n|-unboost|p1a: A bulky ice mon|spe|1\n|-weather|Snow|[from] ability: Snow Warning|[of] p1a: A bulky ice mon\n|turn|8\n|\n|t:|1698297709\n|move|p2a: Mighty Bee|U-turn|p1a: A bulky ice mon\n|-resisted|p1a: A bulky ice mon\n|-damage|p1a: A bulky ice mon|95\/100 par\n|\n|t:|1698297719\n|switch|p2a: Yamz|Arceus-Ghost, shiny|100\/100|[from] U-turn\n|cant|p1a: A bulky ice mon|par\n|\n|-weather|Snow|[upkeep]\n|upkeep\n|turn|9\n|\n|t:|1698297725\n|move|p2a: Yamz|Judgment|p1a: A bulky ice mon\n|-damage|p1a: A bulky ice mon|46\/100 par\n|move|p1a: A bulky ice mon|Aurora Veil|p1a: A bulky ice mon\n|-sidestart|p1: SephieFox|move: Aurora Veil\n|\n|-weather|Snow|[upkeep]\n|upkeep\n|turn|10\n|\n|t:|1698297731\n|move|p2a: Yamz|Calm Mind|p2a: Yamz\n|-boost|p2a: Yamz|spa|1\n|-boost|p2a: Yamz|spd|1\n|cant|p1a: A bulky ice mon|par\n|\n|-weather|Snow|[upkeep]\n|upkeep\n|turn|11\n|\n|t:|1698297732\n|switch|p1a: H O N S E|Spectrier|100\/100\n|move|p2a: Yamz|Judgment|p1a: H O N S E\n|-supereffective|p1a: H O N S E\n|-damage|p1a: H O N S E|6\/100\n|\n|-weather|Snow|[upkeep]\n|upkeep\n|turn|12\n|\n|t:|1698297735\n|move|p1a: H O N S E|Shadow Ball|p2a: Yamz\n|-supereffective|p2a: Yamz\n|-damage|p2a: Yamz|57\/100\n|move|p2a: Yamz|Judgment|p1a: H O N S E\n|-supereffective|p1a: H O N S E\n|-damage|p1a: H O N S E|0 fnt\n|faint|p1a: H O N S E\n|\n|-weather|none\n|upkeep\n|\n|t:|1698297737\n|switch|p1a: Bowl of oatmeal|Magearna|100\/100\n|-activate|p1a: Bowl of oatmeal|move: Sticky Web\n|-unboost|p1a: Bowl of oatmeal|spe|1\n|turn|13\n|\n|t:|1698297740\n|move|p2a: Yamz|Calm Mind|p2a: Yamz\n|-boost|p2a: Yamz|spa|1\n|-boost|p2a: Yamz|spd|1\n|move|p1a: Bowl of oatmeal|Calm Mind|p1a: Bowl of oatmeal\n|-boost|p1a: Bowl of oatmeal|spa|1\n|-boost|p1a: Bowl of oatmeal|spd|1\n|\n|upkeep\n|turn|14\n|\n|t:|1698297741\n|move|p2a: Yamz|Calm Mind|p2a: Yamz\n|-boost|p2a: Yamz|spa|1\n|-boost|p2a: Yamz|spd|1\n|move|p1a: Bowl of oatmeal|Calm Mind|p1a: Bowl of oatmeal\n|-boost|p1a: Bowl of oatmeal|spa|1\n|-boost|p1a: Bowl of oatmeal|spd|1\n|\n|upkeep\n|turn|15\n|\n|t:|1698297744\n|move|p2a: Yamz|Calm Mind|p2a: Yamz\n|-boost|p2a: Yamz|spa|1\n|-boost|p2a: Yamz|spd|1\n|move|p1a: Bowl of oatmeal|Calm Mind|p1a: Bowl of oatmeal\n|-boost|p1a: Bowl of oatmeal|spa|1\n|-boost|p1a: Bowl of oatmeal|spd|1\n|\n|upkeep\n|turn|16\n|\n|t:|1698297746\n|move|p2a: Yamz|Judgment|p1a: Bowl of oatmeal\n|-damage|p1a: Bowl of oatmeal|75\/100\n|move|p1a: Bowl of oatmeal|Calm Mind|p1a: Bowl of oatmeal\n|-boost|p1a: Bowl of oatmeal|spa|1\n|-boost|p1a: Bowl of oatmeal|spd|1\n|\n|-heal|p1a: Bowl of oatmeal|81\/100|[from] item: Leftovers\n|-sideend|p1: SephieFox|move: Aurora Veil\n|upkeep\n|turn|17\n|\n|t:|1698297749\n|move|p2a: Yamz|Judgment|p1a: Bowl of oatmeal\n|-damage|p1a: Bowl of oatmeal|37\/100\n|move|p1a: Bowl of oatmeal|Iron Defense|p1a: Bowl of oatmeal\n|-boost|p1a: Bowl of oatmeal|def|2\n|\n|-heal|p1a: Bowl of oatmeal|43\/100|[from] item: Leftovers\n|upkeep\n|turn|18\n|\n|t:|1698297751\n|move|p2a: Yamz|Judgment|p1a: Bowl of oatmeal\n|-damage|p1a: Bowl of oatmeal|1\/100\n|move|p1a: Bowl of oatmeal|Draining Kiss|p2a: Yamz\n|-damage|p2a: Yamz|42\/100\n|-heal|p1a: Bowl of oatmeal|15\/100|[from] drain|[of] p2a: Yamz\n|\n|-heal|p1a: Bowl of oatmeal|21\/100|[from] item: Leftovers\n|upkeep\n|turn|19\n|\n|t:|1698297754\n|move|p2a: Yamz|Judgment|p1a: Bowl of oatmeal\n|-damage|p1a: Bowl of oatmeal|0 fnt\n|faint|p1a: Bowl of oatmeal\n|\n|upkeep\n|\n|t:|1698297758\n|switch|p1a: FIVE NIGHT FREDDY|Ursaluna-Bloodmoon, M|100\/100\n|-activate|p1a: FIVE NIGHT FREDDY|move: Sticky Web\n|-unboost|p1a: FIVE NIGHT FREDDY|spe|1\n|turn|20\n|\n|t:|1698297761\n|move|p2a: Yamz|Focus Blast|p1a: FIVE NIGHT FREDDY\n|-supereffective|p1a: FIVE NIGHT FREDDY\n|-crit|p1a: FIVE NIGHT FREDDY\n|-damage|p1a: FIVE NIGHT FREDDY|0 fnt\n|faint|p1a: FIVE NIGHT FREDDY\n|\n|upkeep\n|\n|t:|1698297764\n|switch|p1a: Funny name|Zacian|100\/100\n|-activate|p1a: Funny name|move: Sticky Web\n|-unboost|p1a: Funny name|spe|1\n|-ability|p1a: Funny name|Intrepid Sword|boost\n|-boost|p1a: Funny name|atk|1\n|turn|21\n|\n|t:|1698297766\n|move|p2a: Yamz|Judgment|p1a: Funny name\n|-damage|p1a: Funny name|0 fnt\n|faint|p1a: Funny name\n|\n|upkeep\n|-message|SephieFox forfeited.\n|\n|win|SadaShidz\ufe0f\n|raw|SephieFox's rating: 1220 &rarr; <strong>1202<\/strong><br \/>(-18 for losing)\n|raw|SadaShidz\ufe0f's rating: 1317 &rarr; <strong>1332<\/strong><br \/>(+15 for winning)\n|l|\u2606SephieFox\n","uploadtime":1698297782,"views":12,"p1id":"sephiefox","p2id":"sadashidz","formatid":"gen9ubers","rating":1202,"private":0,"password":""}