{"id":"gen9ubers-2000084882","p1":"Krztina","p2":"savagess98989","format":"[Gen 9] Ubers","log":"|j|\u2606Krztina\n|j|\u2606savagess98989\n|t:|1701151920\n|gametype|singles\n|player|p1|Krztina|pokemonrangerf|1258\n|player|p2|savagess98989|gentleman-gen4|1073\n|teamsize|p1|6\n|teamsize|p2|6\n|gen|9\n|tier|[Gen 9] Ubers\n|rated|\n|rule|Sleep Clause Mod: Limit one foe put to sleep\n|rule|Species Clause: Limit one of each Pok\u00e9mon\n|rule|OHKO Clause: OHKO moves are banned\n|rule|Evasion Items Clause: Evasion items are banned\n|rule|Evasion Moves Clause: Evasion moves are banned\n|rule|Endless Battle Clause: Forcing endless battles is banned\n|rule|HP Percentage Mod: HP is shown in percentages\n|clearpoke\n|poke|p1|Rayquaza|\n|poke|p1|Kyogre|\n|poke|p1|Zacian-*|\n|poke|p1|Shaymin-Sky|\n|poke|p1|Giratina|\n|poke|p1|Arceus|\n|poke|p2|Mimikyu, F|\n|poke|p2|Zacian-*|\n|poke|p2|Ting-Lu|\n|poke|p2|Glimmora, F|\n|poke|p2|Calyrex-Ice|\n|poke|p2|Volcarona, M|\n|teampreview\n|inactive|Battle timer is ON: inactive players will automatically lose when time's up. (requested by Krztina)\n|\n|t:|1701151932\n|start\n|switch|p1a: Rayquaza|Rayquaza, shiny|100\/100\n|switch|p2a: Volcarona|Volcarona, M|100\/100\n|-ability|p1a: Rayquaza|Air Lock\n|turn|1\n|\n|t:|1701151949\n|move|p2a: Volcarona|Fiery Dance|p1a: Rayquaza\n|-resisted|p1a: Rayquaza\n|-damage|p1a: Rayquaza|77\/100\n|-boost|p2a: Volcarona|spa|1\n|move|p1a: Rayquaza|Dragon Dance|p1a: Rayquaza\n|-boost|p1a: Rayquaza|atk|1\n|-boost|p1a: Rayquaza|spe|1\n|\n|upkeep\n|turn|2\n|\n|t:|1701151957\n|move|p1a: Rayquaza|Dragon Ascent|p2a: Volcarona\n|-supereffective|p2a: Volcarona\n|-damage|p2a: Volcarona|0 fnt\n|-unboost|p1a: Rayquaza|def|1\n|-unboost|p1a: Rayquaza|spd|1\n|faint|p2a: Volcarona\n|\n|upkeep\n|\n|t:|1701151966\n|switch|p2a: Calyrex|Calyrex-Ice|100\/100\n|-ability|p2a: Calyrex|As One\n|-ability|p2a: Calyrex|Unnerve\n|turn|3\n|\n|t:|1701151979\n|move|p1a: Rayquaza|Dragon Ascent|p2a: Calyrex\n|-damage|p2a: Calyrex|38\/100\n|-unboost|p1a: Rayquaza|def|1\n|-unboost|p1a: Rayquaza|spd|1\n|move|p2a: Calyrex|Trick Room|p2a: Calyrex\n|-fieldstart|move: Trick Room|[of] p2a: Calyrex\n|\n|-heal|p2a: Calyrex|44\/100|[from] item: Leftovers\n|upkeep\n|turn|4\n|\n|t:|1701151995\n|move|p2a: Calyrex|Glacial Lance|p1a: Rayquaza\n|-supereffective|p1a: Rayquaza\n|-damage|p1a: Rayquaza|0 fnt\n|faint|p1a: Rayquaza\n|-ability|p2a: Calyrex|Chilling Neigh|boost\n|-boost|p2a: Calyrex|atk|1\n|\n|-heal|p2a: Calyrex|50\/100|[from] item: Leftovers\n|upkeep\n|\n|t:|1701152006\n|switch|p1a: Arceus|Arceus, shiny|100\/100\n|turn|5\n|\n|t:|1701152012\n|move|p2a: Calyrex|Glacial Lance|p1a: Arceus\n|-damage|p1a: Arceus|17\/100\n|move|p1a: Arceus|Swords Dance|p1a: Arceus\n|-boost|p1a: Arceus|atk|2\n|\n|-heal|p2a: Calyrex|56\/100|[from] item: Leftovers\n|-heal|p1a: Arceus|23\/100|[from] item: Leftovers\n|upkeep\n|turn|6\n|\n|t:|1701152020\n|move|p1a: Arceus|Extreme Speed|p2a: Calyrex\n|-damage|p2a: Calyrex|4\/100\n|move|p2a: Calyrex|Glacial Lance|p1a: Arceus\n|-damage|p1a: Arceus|0 fnt\n|faint|p1a: Arceus\n|-ability|p2a: Calyrex|Chilling Neigh|boost\n|-boost|p2a: Calyrex|atk|1\n|\n|-heal|p2a: Calyrex|10\/100|[from] item: Leftovers\n|upkeep\n|\n|t:|1701152038\n|switch|p1a: Shaymin|Shaymin-Sky, shiny|100\/100\n|turn|7\n|\n|t:|1701152041\n|move|p2a: Calyrex|Glacial Lance|p1a: Shaymin\n|-supereffective|p1a: Shaymin\n|-damage|p1a: Shaymin|0 fnt\n|faint|p1a: Shaymin\n|-ability|p2a: Calyrex|Chilling Neigh|boost\n|-boost|p2a: Calyrex|atk|1\n|\n|-heal|p2a: Calyrex|17\/100|[from] item: Leftovers\n|-fieldend|move: Trick Room\n|upkeep\n|\n|t:|1701152044\n|switch|p1a: Kyogre|Kyogre|100\/100\n|-weather|RainDance|[from] ability: Drizzle|[of] p1a: Kyogre\n|turn|8\n|\n|t:|1701152057\n|switch|p2a: Zacian|Zacian-Crowned, shiny|100\/100\n|-ability|p2a: Zacian|Intrepid Sword|boost\n|-boost|p2a: Zacian|atk|1\n|move|p1a: Kyogre|Water Spout|p2a: Zacian\n|-damage|p2a: Zacian|0 fnt\n|faint|p2a: Zacian\n|\n|-weather|RainDance|[upkeep]\n|upkeep\n|\n|t:|1701152068\n|switch|p2a: Mimikyu|Mimikyu, F, shiny|100\/100\n|turn|9\n|\n|t:|1701152075\n|switch|p1a: Giratina|Giratina|100\/100\n|-ability|p1a: Giratina|Pressure\n|move|p2a: Mimikyu|Trick Room|p2a: Mimikyu\n|-fieldstart|move: Trick Room|[of] p2a: Mimikyu\n|\n|-weather|RainDance|[upkeep]\n|upkeep\n|turn|10\n|\n|t:|1701152083\n|move|p1a: Giratina|Will-O-Wisp|p2a: Mimikyu\n|-status|p2a: Mimikyu|brn\n|move|p2a: Mimikyu|Phantom Force||[still]\n|-prepare|p2a: Mimikyu|Phantom Force\n|\n|-weather|RainDance|[upkeep]\n|-damage|p2a: Mimikyu|95\/100 brn|[from] brn\n|upkeep\n|turn|11\n|\n|t:|1701152097\n|move|p1a: Giratina|Defog|p2a: Mimikyu|[miss]\n|-miss|p1a: Giratina|p2a: Mimikyu\n|move|p2a: Mimikyu|Phantom Force|p1a: Giratina|[from]lockedmove\n|-supereffective|p1a: Giratina\n|-damage|p1a: Giratina|71\/100\n|-damage|p2a: Mimikyu|85\/100 brn|[from] item: Life Orb\n|\n|-weather|RainDance|[upkeep]\n|-heal|p1a: Giratina|77\/100|[from] item: Leftovers\n|-damage|p2a: Mimikyu|79\/100 brn|[from] brn\n|upkeep\n|turn|12\n|\n|t:|1701152111\n|move|p1a: Giratina|Will-O-Wisp|p2a: Mimikyu\n|-fail|p2a: Mimikyu|brn\n|move|p2a: Mimikyu|Play Rough|p1a: Giratina\n|-supereffective|p1a: Giratina\n|-damage|p1a: Giratina|50\/100\n|-damage|p2a: Mimikyu|69\/100 brn|[from] item: Life Orb\n|\n|-weather|none\n|-heal|p1a: Giratina|56\/100|[from] item: Leftovers\n|-damage|p2a: Mimikyu|63\/100 brn|[from] brn\n|upkeep\n|turn|13\n|\n|t:|1701152130\n|move|p1a: Giratina|Hex|p2a: Mimikyu\n|-activate|p2a: Mimikyu|ability: Disguise\n|-damage|p2a: Mimikyu|63\/100 brn\n|detailschange|p2a: Mimikyu|Mimikyu-Busted, F, shiny\n|-damage|p2a: Mimikyu|50\/100 brn|[from] pokemon: Mimikyu-Busted\n|move|p2a: Mimikyu|Play Rough|p1a: Giratina\n|-supereffective|p1a: Giratina\n|-damage|p1a: Giratina|31\/100\n|-damage|p2a: Mimikyu|40\/100 brn|[from] item: Life Orb\n|\n|-heal|p1a: Giratina|37\/100|[from] item: Leftovers\n|-damage|p2a: Mimikyu|34\/100 brn|[from] brn\n|-fieldend|move: Trick Room\n|upkeep\n|turn|14\n|\n|t:|1701152142\n|move|p2a: Mimikyu|Destiny Bond|p2a: Mimikyu\n|-singlemove|p2a: Mimikyu|Destiny Bond\n|move|p1a: Giratina|Hex|p2a: Mimikyu\n|-supereffective|p2a: Mimikyu\n|-damage|p2a: Mimikyu|0 fnt\n|faint|p2a: Mimikyu\n|-activate|p2a: Mimikyu|move: Destiny Bond\n|faint|p1a: Giratina\n|\n|upkeep\n|c|\u2606Krztina|wash away ur sins\n|\n|t:|1701152154\n|switch|p2a: Glimmora|Glimmora, F, shiny|100\/100\n|switch|p1a: Kyogre|Kyogre|100\/100\n|-weather|RainDance|[from] ability: Drizzle|[of] p1a: Kyogre\n|turn|15\n|\n|t:|1701152161\n|move|p1a: Kyogre|Water Spout|p2a: Glimmora\n|-supereffective|p2a: Glimmora\n|-enditem|p2a: Glimmora|Focus Sash\n|-damage|p2a: Glimmora|1\/100\n|move|p2a: Glimmora|Earth Power|p1a: Kyogre\n|-damage|p1a: Kyogre|83\/100\n|\n|-weather|RainDance|[upkeep]\n|upkeep\n|turn|16\n|\n|t:|1701152171\n|switch|p2a: Ting-Lu|Ting-Lu|100\/100\n|-ability|p2a: Ting-Lu|Vessel of Ruin\n|move|p1a: Kyogre|Water Spout|p2a: Ting-Lu\n|-supereffective|p2a: Ting-Lu\n|-damage|p2a: Ting-Lu|0 fnt\n|faint|p2a: Ting-Lu\n|\n|-weather|RainDance|[upkeep]\n|upkeep\n|c|\u2606Krztina|repent\n|\n|t:|1701152180\n|switch|p2a: Glimmora|Glimmora, F, shiny|1\/100\n|turn|17\n|\n|t:|1701152185\n|move|p2a: Glimmora|Endure|p2a: Glimmora\n|-singleturn|p2a: Glimmora|move: Endure\n|move|p1a: Kyogre|Water Spout|p2a: Glimmora\n|-supereffective|p2a: Glimmora\n|-activate|p2a: Glimmora|move: Endure\n|-damage|p2a: Glimmora|1\/100\n|\n|-weather|RainDance|[upkeep]\n|upkeep\n|turn|18\n|\n|t:|1701152194\n|move|p1a: Kyogre|Water Spout|p2a: Glimmora\n|-supereffective|p2a: Glimmora\n|-damage|p2a: Glimmora|0 fnt\n|faint|p2a: Glimmora\n|\n|-weather|RainDance|[upkeep]\n|upkeep\n|\n|t:|1701152200\n|switch|p2a: Calyrex|Calyrex-Ice|17\/100\n|-ability|p2a: Calyrex|As One\n|-ability|p2a: Calyrex|Unnerve\n|turn|19\n|\n|t:|1701152211\n|move|p1a: Kyogre|Water Spout|p2a: Calyrex\n|-damage|p2a: Calyrex|0 fnt\n|faint|p2a: Calyrex\n|\n|win|Krztina\n|raw|Krztina's rating: 1258 &rarr; <strong>1271<\/strong><br \/>(+13 for winning)\n|raw|savagess98989's rating: 1073 &rarr; <strong>1062<\/strong><br \/>(-11 for losing)\n|c|\u2606Krztina|no tricks here\n","uploadtime":1701152218,"views":2,"p1id":"krztina","p2id":"savagess98989","formatid":"gen9ubers","rating":1062,"private":0,"password":""}