{"id":"gen9ubers-1987969927","p1":"Anne Frankkkk","p2":"lemonademaker","format":"[Gen 9] Ubers","log":"|j|\u2606Anne Frankkkk\n|j|\u2606lemonademaker\n|t:|1699654389\n|gametype|singles\n|player|p1|Anne Frankkkk|hilbert|1160\n|player|p2|lemonademaker|alder|1241\n|teamsize|p1|6\n|teamsize|p2|6\n|gen|9\n|tier|[Gen 9] Ubers\n|rated|\n|rule|Sleep Clause Mod: Limit one foe put to sleep\n|rule|Species Clause: Limit one of each Pok\u00e9mon\n|rule|OHKO Clause: OHKO moves are banned\n|rule|Evasion Items Clause: Evasion items are banned\n|rule|Evasion Moves Clause: Evasion moves are banned\n|rule|Endless Battle Clause: Forcing endless battles is banned\n|rule|HP Percentage Mod: HP is shown in percentages\n|clearpoke\n|poke|p1|Iron Hands|\n|poke|p1|Kyogre|\n|poke|p1|Chien-Pao|\n|poke|p1|Ribombee, F|\n|poke|p1|Miraidon|\n|poke|p1|Flutter Mane|\n|poke|p2|Skeledirge, F|\n|poke|p2|Ting-Lu|\n|poke|p2|Rayquaza|\n|poke|p2|Koraidon|\n|poke|p2|Eternatus|\n|poke|p2|Arceus-Fairy|\n|teampreview\n|inactive|Battle timer is ON: inactive players will automatically lose when time's up. (requested by Anne Frankkkk)\n|\n|t:|1699654419\n|start\n|switch|p1a: Moonblast|Ribombee, F, shiny|100\/100\n|switch|p2a: The Dirge|Skeledirge, F|100\/100\n|turn|1\n|\n|t:|1699654425\n|move|p1a: Moonblast|Sticky Web|p2a: The Dirge\n|-sidestart|p2: lemonademaker|move: Sticky Web\n|move|p2a: The Dirge|Torch Song|p1a: Moonblast\n|-supereffective|p1a: Moonblast\n|-damage|p1a: Moonblast|1\/100\n|-boost|p2a: The Dirge|spa|1\n|\n|upkeep\n|turn|2\n|\n|t:|1699654431\n|move|p1a: Moonblast|Stun Spore|p2a: The Dirge\n|-status|p2a: The Dirge|par\n|move|p2a: The Dirge|Torch Song|p1a: Moonblast\n|-supereffective|p1a: Moonblast\n|-damage|p1a: Moonblast|0 fnt\n|-boost|p2a: The Dirge|spa|1\n|faint|p1a: Moonblast\n|\n|upkeep\n|\n|t:|1699654435\n|switch|p1a: OHKO|Kyogre|100\/100\n|-weather|RainDance|[from] ability: Drizzle|[of] p1a: OHKO\n|turn|3\n|\n|t:|1699654450\n|move|p1a: OHKO|Water Spout|p2a: The Dirge\n|-supereffective|p2a: The Dirge\n|-damage|p2a: The Dirge|0 fnt\n|faint|p2a: The Dirge\n|\n|-weather|RainDance|[upkeep]\n|upkeep\n|\n|t:|1699654457\n|switch|p2a: Inner Child|Rayquaza, shiny|100\/100\n|-ability|p2a: Inner Child|Air Lock\n|turn|4\n|\n|t:|1699654465\n|switch|p1a: Big Boy|Iron Hands, shiny|100\/100\n|move|p2a: Inner Child|Extreme Speed|p1a: Big Boy\n|-damage|p1a: Big Boy|73\/100\n|-damage|p2a: Inner Child|91\/100|[from] item: Life Orb\n|\n|-weather|RainDance|[upkeep]\n|upkeep\n|turn|5\n|\n|t:|1699654474\n|switch|p2a: Fairyceus|Arceus-Fairy|100\/100\n|-activate|p2a: Fairyceus|move: Sticky Web\n|-unboost|p2a: Fairyceus|spe|1\n|move|p1a: Big Boy|Fake Out|p2a: Fairyceus\n|-damage|p2a: Fairyceus|91\/100\n|\n|-weather|RainDance|[upkeep]\n|upkeep\n|turn|6\n|\n|t:|1699654482\n|move|p2a: Fairyceus|Judgment|p1a: Big Boy\n|-supereffective|p1a: Big Boy\n|-damage|p1a: Big Boy|14\/100\n|move|p1a: Big Boy|Wild Charge|p2a: Fairyceus\n|-damage|p2a: Fairyceus|60\/100\n|-damage|p1a: Big Boy|7\/100|[from] Recoil\n|\n|-weather|RainDance|[upkeep]\n|upkeep\n|turn|7\n|\n|t:|1699654491\n|move|p2a: Fairyceus|Judgment|p1a: Big Boy\n|-supereffective|p1a: Big Boy\n|-damage|p1a: Big Boy|0 fnt\n|faint|p1a: Big Boy\n|-end|p1a: Big Boy|Quark Drive|[silent]\n|\n|-weather|none\n|upkeep\n|\n|t:|1699654494\n|switch|p1a: Misdreavius|Flutter Mane, shiny|100\/100\n|-enditem|p1a: Misdreavius|Booster Energy\n|-activate|p1a: Misdreavius|ability: Protosynthesis|[fromitem]\n|-start|p1a: Misdreavius|protosynthesisspe\n|turn|8\n|\n|t:|1699654505\n|move|p1a: Misdreavius|Calm Mind|p1a: Misdreavius\n|-boost|p1a: Misdreavius|spa|1\n|-boost|p1a: Misdreavius|spd|1\n|move|p2a: Fairyceus|Judgment|p1a: Misdreavius\n|-crit|p1a: Misdreavius\n|-damage|p1a: Misdreavius|21\/100\n|\n|upkeep\n|turn|9\n|\n|t:|1699654510\n|move|p1a: Misdreavius|Moonblast|p2a: Fairyceus\n|-damage|p2a: Fairyceus|10\/100\n|move|p2a: Fairyceus|Judgment|p1a: Misdreavius\n|-damage|p1a: Misdreavius|0 fnt\n|faint|p1a: Misdreavius\n|-end|p1a: Misdreavius|Protosynthesis|[silent]\n|\n|upkeep\n|\n|t:|1699654520\n|switch|p1a: Cyber Lizard|Miraidon|100\/100\n|-fieldstart|move: Electric Terrain|[from] ability: Hadron Engine|[of] p1a: Cyber Lizard\n|-item|p1a: Cyber Lizard|Air Balloon\n|turn|10\n|\n|t:|1699654526\n|move|p1a: Cyber Lizard|Electro Drift|p2a: Fairyceus\n|-damage|p2a: Fairyceus|0 fnt\n|faint|p2a: Fairyceus\n|\n|upkeep\n|\n|t:|1699654532\n|switch|p2a: Vroom Vroom|Koraidon|100\/100\n|-activate|p2a: Vroom Vroom|move: Sticky Web\n|-unboost|p2a: Vroom Vroom|spe|1\n|-weather|SunnyDay|[from] ability: Orichalcum Pulse|[of] p2a: Vroom Vroom\n|-activate|p2a: Vroom Vroom|Orichalcum Pulse|[source]\n|turn|11\n|\n|t:|1699654536\n|-terastallize|p1a: Cyber Lizard|Fairy\n|move|p2a: Vroom Vroom|Dragon Claw|p1a: Cyber Lizard\n|-immune|p1a: Cyber Lizard\n|move|p1a: Cyber Lizard|Dragon Pulse|p2a: Vroom Vroom\n|-supereffective|p2a: Vroom Vroom\n|-damage|p2a: Vroom Vroom|0 fnt\n|faint|p2a: Vroom Vroom\n|\n|-weather|SunnyDay|[upkeep]\n|upkeep\n|\n|t:|1699654546\n|switch|p2a: HDB is fair|Eternatus|100\/100\n|-ability|p2a: HDB is fair|Pressure\n|turn|12\n|\n|t:|1699654552\n|move|p2a: HDB is fair|Toxic|p1a: Cyber Lizard\n|-status|p1a: Cyber Lizard|tox\n|move|p1a: Cyber Lizard|Calm Mind|p1a: Cyber Lizard\n|-boost|p1a: Cyber Lizard|spa|1\n|-boost|p1a: Cyber Lizard|spd|1\n|\n|-weather|SunnyDay|[upkeep]\n|-damage|p1a: Cyber Lizard|94\/100 tox|[from] psn\n|upkeep\n|turn|13\n|\n|t:|1699654558\n|move|p2a: HDB is fair|Flamethrower|p1a: Cyber Lizard\n|-damage|p1a: Cyber Lizard|69\/100 tox\n|-enditem|p1a: Cyber Lizard|Air Balloon\n|move|p1a: Cyber Lizard|Calm Mind|p1a: Cyber Lizard\n|-boost|p1a: Cyber Lizard|spa|1\n|-boost|p1a: Cyber Lizard|spd|1\n|\n|-weather|SunnyDay|[upkeep]\n|-damage|p1a: Cyber Lizard|57\/100 tox|[from] psn\n|upkeep\n|turn|14\n|\n|t:|1699654564\n|move|p2a: HDB is fair|Flamethrower|p1a: Cyber Lizard\n|-damage|p1a: Cyber Lizard|35\/100 tox\n|move|p1a: Cyber Lizard|Electro Drift|p2a: HDB is fair\n|-resisted|p2a: HDB is fair\n|-damage|p2a: HDB is fair|31\/100\n|\n|-weather|SunnyDay|[upkeep]\n|-damage|p1a: Cyber Lizard|17\/100 tox|[from] psn\n|-fieldend|move: Electric Terrain\n|upkeep\n|turn|15\n|\n|t:|1699654570\n|move|p2a: HDB is fair|Flamethrower|p1a: Cyber Lizard\n|-damage|p1a: Cyber Lizard|0 fnt\n|faint|p1a: Cyber Lizard\n|\n|-weather|none\n|upkeep\n|\n|t:|1699654581\n|switch|p1a: OHKO|Kyogre|100\/100\n|-weather|RainDance|[from] ability: Drizzle|[of] p1a: OHKO\n|turn|16\n|\n|t:|1699654585\n|move|p2a: HDB is fair|Recover|p2a: HDB is fair\n|-heal|p2a: HDB is fair|81\/100\n|move|p1a: OHKO|Ice Beam|p2a: HDB is fair\n|-supereffective|p2a: HDB is fair\n|-damage|p2a: HDB is fair|18\/100\n|\n|-weather|RainDance|[upkeep]\n|upkeep\n|turn|17\n|\n|t:|1699654591\n|move|p2a: HDB is fair|Toxic|p1a: OHKO\n|-status|p1a: OHKO|tox\n|move|p1a: OHKO|Ice Beam|p2a: HDB is fair\n|-supereffective|p2a: HDB is fair\n|-damage|p2a: HDB is fair|0 fnt\n|faint|p2a: HDB is fair\n|\n|-weather|RainDance|[upkeep]\n|-damage|p1a: OHKO|94\/100 tox|[from] psn\n|upkeep\n|\n|t:|1699654593\n|switch|p2a: Inner Child|Rayquaza, shiny|91\/100\n|-ability|p2a: Inner Child|Air Lock\n|turn|18\n|\n|t:|1699654597\n|-terastallize|p2a: Inner Child|Normal\n|move|p1a: OHKO|Ice Beam|p2a: Inner Child\n|-crit|p2a: Inner Child\n|-damage|p2a: Inner Child|3\/100\n|move|p2a: Inner Child|Swords Dance|p2a: Inner Child\n|-boost|p2a: Inner Child|atk|2\n|\n|-weather|RainDance|[upkeep]\n|-damage|p1a: OHKO|82\/100 tox|[from] psn\n|upkeep\n|turn|19\n|\n|t:|1699654602\n|move|p2a: Inner Child|Extreme Speed|p1a: OHKO\n|-damage|p1a: OHKO|0 fnt\n|faint|p1a: OHKO\n|-damage|p2a: Inner Child|0 fnt|[from] item: Life Orb\n|faint|p2a: Inner Child\n|\n|-weather|RainDance|[upkeep]\n|upkeep\n|\n|t:|1699654606\n|switch|p1a: Ice Cat|Chien-Pao|100\/100\n|switch|p2a: Y'allready know|Ting-Lu|100\/100\n|-ability|p1a: Ice Cat|Sword of Ruin\n|-activate|p2a: Y'allready know|move: Sticky Web\n|-unboost|p2a: Y'allready know|spe|1\n|-ability|p2a: Y'allready know|Vessel of Ruin\n|turn|20\n|\n|t:|1699654614\n|move|p1a: Ice Cat|Swords Dance|p1a: Ice Cat\n|-boost|p1a: Ice Cat|atk|2\n|move|p2a: Y'allready know|Earthquake|p1a: Ice Cat\n|-damage|p1a: Ice Cat|47\/100\n|\n|-weather|none\n|upkeep\n|turn|21\n|\n|t:|1699654620\n|move|p1a: Ice Cat|Ice Spinner|p2a: Y'allready know\n|-supereffective|p2a: Y'allready know\n|-damage|p2a: Y'allready know|0 fnt\n|faint|p2a: Y'allready know\n|\n|win|Anne Frankkkk\n|raw|Anne Frankkkk's rating: 1160 &rarr; <strong>1191<\/strong><br \/>(+31 for winning)\n|raw|lemonademaker's rating: 1241 &rarr; <strong>1210<\/strong><br \/>(-31 for losing)\n|l|\u2606lemonademaker\n","uploadtime":1699654627,"views":4,"p1id":"annefrankkkk","p2id":"lemonademaker","formatid":"gen9ubers","rating":1191,"private":0,"password":""}