{"id":"gen9ubers-1999965652","p1":"snorlaxsleepers","p2":"FerrothornFembots","format":"[Gen 9] Ubers","log":"|j|\u2606snorlaxsleepers\n|j|\u2606FerrothornFembots\n|t:|1701135449\n|gametype|singles\n|player|p1|snorlaxsleepers|102|\n|player|p2|FerrothornFembots|skierf-gen4dp|\n|teamsize|p1|6\n|teamsize|p2|6\n|gen|9\n|tier|[Gen 9] Ubers\n|rule|Sleep Clause Mod: Limit one foe put to sleep\n|rule|Species Clause: Limit one of each Pok\u00e9mon\n|rule|OHKO Clause: OHKO moves are banned\n|rule|Evasion Items Clause: Evasion items are banned\n|rule|Evasion Moves Clause: Evasion moves are banned\n|rule|Endless Battle Clause: Forcing endless battles is banned\n|rule|HP Percentage Mod: HP is shown in percentages\n|clearpoke\n|poke|p1|Palafin, F|\n|poke|p1|Samurott-Hisui, F|\n|poke|p1|Basculegion-F, F|\n|poke|p1|Tauros-Paldea-Aqua, M|\n|poke|p1|Quaquaval, F|\n|poke|p1|Bruxish, M|\n|poke|p2|Bronzong|\n|poke|p2|Shaymin-Sky|\n|poke|p2|Enamorus-Therian, F|\n|poke|p2|Meloetta|\n|poke|p2|Spectrier|\n|poke|p2|Electrode|\n|teampreview\n|\n|t:|1701135472\n|start\n|switch|p1a: Samurott|Samurott-Hisui, F|100\/100\n|switch|p2a: LibertyBell|Bronzong, shiny|100\/100\n|turn|1\n|\n|t:|1701135489\n|move|p1a: Samurott|Ceaseless Edge|p2a: LibertyBell|[miss]\n|-miss|p1a: Samurott|p2a: LibertyBell\n|move|p2a: LibertyBell|Stealth Rock|p1a: Samurott\n|-sidestart|p1: snorlaxsleepers|move: Stealth Rock\n|\n|upkeep\n|turn|2\n|j| Talonflameredwings\n|inactive|Battle timer is ON: inactive players will automatically lose when time's up. (requested by snorlaxsleepers)\n|inactiveoff|Battle timer is now OFF.\n|\n|t:|1701135566\n|switch|p2a: Bambi++|Shaymin-Sky, shiny|100\/100\n|move|p1a: Samurott|Knock Off|p2a: Bambi++\n|-damage|p2a: Bambi++|40\/100\n|-enditem|p2a: Bambi++|Leftovers|[from] move: Knock Off|[of] p1a: Samurott\n|\n|upkeep\n|turn|3\n|\n|t:|1701135576\n|move|p2a: Bambi++|Seed Flare|p1a: Samurott\n|-supereffective|p1a: Samurott\n|-enditem|p1a: Samurott|Focus Sash\n|-damage|p1a: Samurott|1\/100\n|-unboost|p1a: Samurott|spd|2\n|move|p1a: Samurott|Ceaseless Edge|p2a: Bambi++\n|-damage|p2a: Bambi++|4\/100\n|-sidestart|p2: FerrothornFembots|Spikes\n|\n|upkeep\n|turn|4\n|\n|t:|1701135588\n|move|p1a: Samurott|Aqua Jet|p2a: Bambi++\n|-resisted|p2a: Bambi++\n|-damage|p2a: Bambi++|0 fnt\n|faint|p2a: Bambi++\n|\n|upkeep\n|\n|t:|1701135593\n|switch|p2a: BlueBall|Electrode, shiny|100\/100\n|turn|5\n|\n|t:|1701135600\n|move|p2a: BlueBall|Thunderbolt|p1a: Samurott\n|-supereffective|p1a: Samurott\n|-damage|p1a: Samurott|0 fnt\n|faint|p1a: Samurott\n|\n|upkeep\n|\n|t:|1701135624\n|switch|p1a: Palafin|Palafin, F|100\/100\n|-damage|p1a: Palafin|88\/100|[from] Stealth Rock\n|turn|6\n|\n|t:|1701135632\n|move|p2a: BlueBall|Thunderbolt|p1a: Palafin\n|-supereffective|p1a: Palafin\n|-damage|p1a: Palafin|0 fnt\n|faint|p1a: Palafin\n|\n|upkeep\n|\n|t:|1701135638\n|switch|p1a: Basculegion|Basculegion-F, F|100\/100\n|-damage|p1a: Basculegion|88\/100|[from] Stealth Rock\n|turn|7\n|\n|t:|1701135648\n|move|p1a: Basculegion|Shadow Ball|p2a: BlueBall\n|-damage|p2a: BlueBall|39\/100\n|-unboost|p2a: BlueBall|spd|1\n|move|p2a: BlueBall|Thunderbolt|p1a: Basculegion\n|-supereffective|p1a: Basculegion\n|-damage|p1a: Basculegion|3\/100\n|\n|upkeep\n|turn|8\n|\n|t:|1701135664\n|switch|p2a: SnotHair|Meloetta|100\/100\n|-damage|p2a: SnotHair|88\/100|[from] Spikes\n|move|p1a: Basculegion|Shadow Ball|p2a: SnotHair\n|-immune|p2a: SnotHair\n|\n|upkeep\n|turn|9\n|\n|t:|1701135695\n|switch|p1a: Bruxish|Bruxish, M|100\/100\n|-damage|p1a: Bruxish|88\/100|[from] Stealth Rock\n|move|p2a: SnotHair|U-turn|p1a: Bruxish\n|-supereffective|p1a: Bruxish\n|-damage|p1a: Bruxish|51\/100\n|inactive|Battle timer is ON: inactive players will automatically lose when time's up. (requested by snorlaxsleepers)\n|\n|t:|1701135739\n|switch|p2a: LibertyBell|Bronzong, shiny|100\/100|[from] U-turn\n|\n|upkeep\n|turn|10\n|\n|t:|1701135749\n|-terastallize|p2a: LibertyBell|Dark\n|move|p1a: Bruxish|Swords Dance|p1a: Bruxish\n|-boost|p1a: Bruxish|atk|2\n|move|p2a: LibertyBell|Payback|p1a: Bruxish\n|-supereffective|p1a: Bruxish\n|-damage|p1a: Bruxish|0 fnt\n|faint|p1a: Bruxish\n|\n|upkeep\n|\n|t:|1701135767\n|switch|p1a: Quaquaval|Quaquaval, F|100\/100\n|-damage|p1a: Quaquaval|94\/100|[from] Stealth Rock\n|turn|11\n|inactive|FerrothornFembots has 270 seconds left.\n|\n|t:|1701135805\n|switch|p2a: CardiB|Spectrier|100\/100\n|-damage|p2a: CardiB|88\/100|[from] Spikes\n|move|p1a: Quaquaval|Swords Dance|p1a: Quaquaval\n|-boost|p1a: Quaquaval|atk|2\n|\n|upkeep\n|turn|12\n|inactive|FerrothornFembots has 270 seconds left.\n|\n|t:|1701135818\n|move|p2a: CardiB|Draining Kiss|p1a: Quaquaval\n|-supereffective|p1a: Quaquaval\n|-damage|p1a: Quaquaval|42\/100\n|-heal|p2a: CardiB|100\/100|[from] drain|[of] p1a: Quaquaval\n|move|p1a: Quaquaval|Knock Off|p2a: CardiB\n|-supereffective|p2a: CardiB\n|-damage|p2a: CardiB|0 fnt\n|-enditem|p2a: CardiB|Spell Tag|[from] move: Knock Off|[of] p1a: Quaquaval\n|faint|p2a: CardiB\n|-ability|p1a: Quaquaval|Moxie|boost\n|-boost|p1a: Quaquaval|atk|1\n|\n|upkeep\n|inactive|FerrothornFembots has 270 seconds left.\n|\n|t:|1701135831\n|switch|p2a: BlueBall|Electrode, shiny|39\/100\n|turn|13\n|inactive|FerrothornFembots has 270 seconds left.\n|\n|t:|1701135837\n|move|p2a: BlueBall|Thunderbolt|p1a: Quaquaval\n|-supereffective|p1a: Quaquaval\n|-damage|p1a: Quaquaval|0 fnt\n|faint|p1a: Quaquaval\n|\n|upkeep\n|\n|t:|1701135841\n|switch|p1a: Tauros|Tauros-Paldea-Aqua, M|100\/100\n|-damage|p1a: Tauros|94\/100|[from] Stealth Rock\n|-ability|p1a: Tauros|Intimidate|boost\n|-unboost|p2a: BlueBall|atk|1\n|turn|14\n|\n|t:|1701135858\n|move|p2a: BlueBall|Thunderbolt|p1a: Tauros\n|-supereffective|p1a: Tauros\n|-damage|p1a: Tauros|0 fnt\n|faint|p1a: Tauros\n|\n|upkeep\n|\n|t:|1701135864\n|switch|p1a: Basculegion|Basculegion-F, F|3\/100\n|-damage|p1a: Basculegion|0 fnt|[from] Stealth Rock\n|faint|p1a: Basculegion\n|\n|win|FerrothornFembots\n|l|\u2606snorlaxsleepers\n","uploadtime":1701135933,"views":8,"p1id":"snorlaxsleepers","p2id":"ferrothornfembots","formatid":"gen9ubers","rating":0,"private":0,"password":""}