{"id":"gen9ubers-1978301750","p1":"Jazeh256","p2":"Spectra Sovereign","format":"[Gen 9] Ubers","log":"|j|\u2606Jazeh256\n|j|\u2606Spectra Sovereign\n|t:|1698522698\n|gametype|singles\n|player|p1|Jazeh256|2|1127\n|player|p2|Spectra Sovereign|shadowtriad|1093\n|teamsize|p1|6\n|teamsize|p2|6\n|gen|9\n|tier|[Gen 9] Ubers\n|rated|\n|rule|Sleep Clause Mod: Limit one foe put to sleep\n|rule|Species Clause: Limit one of each Pok\u00e9mon\n|rule|OHKO Clause: OHKO moves are banned\n|rule|Evasion Items Clause: Evasion items are banned\n|rule|Evasion Moves Clause: Evasion moves are banned\n|rule|Endless Battle Clause: Forcing endless battles is banned\n|rule|HP Percentage Mod: HP is shown in percentages\n|clearpoke\n|poke|p1|Palafin, M|\n|poke|p1|Skeledirge, M|\n|poke|p1|Flutter Mane|\n|poke|p1|Miraidon|\n|poke|p1|Zacian-*|\n|poke|p1|Mew|\n|poke|p2|Orthworm, M|\n|poke|p2|Corviknight, M|\n|poke|p2|Arceus|\n|poke|p2|Zacian-*|\n|poke|p2|Koraidon|\n|poke|p2|Ditto|\n|teampreview\n|\n|t:|1698522703\n|start\n|switch|p1a: Mew|Mew|100\/100\n|switch|p2a: Orthworm|Orthworm, M|100\/100\n|turn|1\n|\n|t:|1698522725\n|-terastallize|p2a: Orthworm|Electric\n|move|p1a: Mew|Toxic Spikes|p2a: Orthworm\n|-sidestart|p2: Spectra Sovereign|move: Toxic Spikes\n|move|p2a: Orthworm|Spikes|p1a: Mew\n|-sidestart|p1: Jazeh256|Spikes\n|\n|upkeep\n|turn|2\n|inactive|Battle timer is ON: inactive players will automatically lose when time's up. (requested by Jazeh256)\n|\n|t:|1698522733\n|move|p1a: Mew|Stealth Rock|p2a: Orthworm\n|-sidestart|p2: Spectra Sovereign|move: Stealth Rock\n|move|p2a: Orthworm|Spikes|p1a: Mew\n|-sidestart|p1: Jazeh256|Spikes\n|\n|upkeep\n|turn|3\n|\n|t:|1698522743\n|move|p1a: Mew|Calm Mind|p1a: Mew\n|-boost|p1a: Mew|spa|1\n|-boost|p1a: Mew|spd|1\n|move|p2a: Orthworm|Spikes|p1a: Mew\n|-sidestart|p1: Jazeh256|Spikes\n|\n|upkeep\n|turn|4\n|\n|t:|1698522753\n|move|p2a: Orthworm|Shed Tail|p2a: Orthworm\n|-start|p2a: Orthworm|Substitute|[from] move: Shed Tail\n|-damage|p2a: Orthworm|50\/100\n|-enditem|p2a: Orthworm|Sitrus Berry|[eat]\n|-heal|p2a: Orthworm|75\/100|[from] item: Sitrus Berry\n|\n|t:|1698522762\n|switch|p2a: Arceus|Arceus, shiny|100\/100|[from] Shed Tail\n|-status|p2a: Arceus|psn\n|-damage|p2a: Arceus|88\/100 psn|[from] Stealth Rock\n|move|p1a: Mew|Roar|p2a: Arceus\n|drag|p2a: Koraidon|Koraidon|100\/100\n|-status|p2a: Koraidon|psn\n|-damage|p2a: Koraidon|94\/100 psn|[from] Stealth Rock\n|-weather|SunnyDay|[from] ability: Orichalcum Pulse|[of] p2a: Koraidon\n|-activate|p2a: Koraidon|Orichalcum Pulse|[source]\n|\n|-weather|SunnyDay|[upkeep]\n|-damage|p2a: Koraidon|82\/100 psn|[from] psn\n|upkeep\n|turn|5\n|\n|t:|1698522783\n|move|p2a: Koraidon|Swords Dance|p2a: Koraidon\n|-boost|p2a: Koraidon|atk|2\n|move|p1a: Mew|Roar|p2a: Koraidon\n|drag|p2a: Orthworm|Orthworm, M, tera:Electric|75\/100\n|-status|p2a: Orthworm|psn\n|-damage|p2a: Orthworm|63\/100 psn|[from] Stealth Rock\n|\n|-weather|SunnyDay|[upkeep]\n|-damage|p2a: Orthworm|51\/100 psn|[from] psn\n|upkeep\n|turn|6\n|\n|t:|1698522798\n|move|p1a: Mew|Calm Mind|p1a: Mew\n|-boost|p1a: Mew|spa|1\n|-boost|p1a: Mew|spd|1\n|move|p2a: Orthworm|Body Press|p1a: Mew\n|-resisted|p1a: Mew\n|-damage|p1a: Mew|93\/100\n|\n|-weather|SunnyDay|[upkeep]\n|-damage|p2a: Orthworm|38\/100 psn|[from] psn\n|upkeep\n|turn|7\n|\n|t:|1698522812\n|move|p1a: Mew|Toxic Spikes|p2a: Orthworm\n|-sidestart|p2: Spectra Sovereign|move: Toxic Spikes\n|move|p2a: Orthworm|Shed Tail|p2a: Orthworm\n|-fail|p2a: Orthworm|move: Shed Tail|[weak]\n|\n|-weather|SunnyDay|[upkeep]\n|-damage|p2a: Orthworm|26\/100 psn|[from] psn\n|upkeep\n|turn|8\n|inactive|Spectra Sovereign has 120 seconds left.\n|\n|t:|1698522834\n|move|p1a: Mew|Calm Mind|p1a: Mew\n|-boost|p1a: Mew|spa|1\n|-boost|p1a: Mew|spd|1\n|move|p2a: Orthworm|Iron Defense|p2a: Orthworm\n|-boost|p2a: Orthworm|def|2\n|\n|-weather|none\n|-damage|p2a: Orthworm|14\/100 psn|[from] psn\n|upkeep\n|turn|9\n|inactive|Spectra Sovereign has 120 seconds left.\n|\n|t:|1698522847\n|move|p2a: Orthworm|Body Press|p1a: Mew\n|-resisted|p1a: Mew\n|-damage|p1a: Mew|77\/100\n|move|p1a: Mew|Roar|p2a: Orthworm\n|drag|p2a: Zacian|Zacian-Crowned|100\/100\n|-damage|p2a: Zacian|94\/100|[from] Stealth Rock\n|-ability|p2a: Zacian|Intrepid Sword|boost\n|-boost|p2a: Zacian|atk|1\n|\n|upkeep\n|turn|10\n|inactive|Spectra Sovereign has 120 seconds left.\n|\n|t:|1698522867\n|move|p2a: Zacian|Behemoth Blade|p1a: Mew\n|-damage|p1a: Mew|26\/100\n|-enditem|p1a: Mew|Sitrus Berry|[eat]\n|-heal|p1a: Mew|51\/100|[from] item: Sitrus Berry\n|move|p1a: Mew|Roar|p2a: Zacian\n|drag|p2a: Koraidon|Koraidon|82\/100 psn\n|-damage|p2a: Koraidon|76\/100 psn|[from] Stealth Rock\n|-weather|SunnyDay|[from] ability: Orichalcum Pulse|[of] p2a: Koraidon\n|-activate|p2a: Koraidon|Orichalcum Pulse|[source]\n|\n|-weather|SunnyDay|[upkeep]\n|-damage|p2a: Koraidon|64\/100 psn|[from] psn\n|upkeep\n|turn|11\n|\n|t:|1698522883\n|move|p2a: Koraidon|Scale Shot|p1a: Mew\n|-damage|p1a: Mew|41\/100\n|-damage|p1a: Mew|30\/100\n|-damage|p1a: Mew|20\/100\n|-damage|p1a: Mew|8\/100\n|-damage|p1a: Mew|0 fnt\n|faint|p1a: Mew\n|-hitcount|p1: Mew|5\n|-unboost|p2a: Koraidon|def|1\n|-boost|p2a: Koraidon|spe|1\n|-heal|p2a: Koraidon|71\/100 psn|[from] item: Shell Bell|[of] p1: Mew\n|\n|-weather|SunnyDay|[upkeep]\n|-damage|p2a: Koraidon|59\/100 psn|[from] psn\n|upkeep\n|inactive|Jazeh256 has 120 seconds left.\n|\n|t:|1698522916\n|switch|p1a: Zacian|Zacian-Crowned|100\/100\n|-damage|p1a: Zacian|76\/100|[from] Spikes\n|-ability|p1a: Zacian|Intrepid Sword|boost\n|-boost|p1a: Zacian|atk|1\n|turn|12\n|inactive|Jazeh256 has 120 seconds left.\n|\n|t:|1698522928\n|-terastallize|p1a: Zacian|Fairy\n|move|p2a: Koraidon|Drain Punch|p1a: Zacian\n|-resisted|p1a: Zacian\n|-damage|p1a: Zacian|50\/100\n|-heal|p2a: Koraidon|71\/100 psn|[from] drain|[of] p1a: Zacian\n|-heal|p2a: Koraidon|74\/100 psn|[from] item: Shell Bell|[of] p1a: Zacian\n|move|p1a: Zacian|Play Rough|p2a: Koraidon\n|-supereffective|p2a: Koraidon\n|-damage|p2a: Koraidon|0 fnt\n|faint|p2a: Koraidon\n|\n|-weather|SunnyDay|[upkeep]\n|upkeep\n|\n|t:|1698522950\n|switch|p2a: Ditto|Ditto, shiny|100\/100\n|-status|p2a: Ditto|tox\n|-damage|p2a: Ditto|88\/100 tox|[from] Stealth Rock\n|-transform|p2a: Ditto|p1a: Zacian|[from] ability: Imposter\n|-ability|p2a: Ditto|Intrepid Sword|boost\n|-boost|p2a: Ditto|atk|1\n|-start|p2a: Ditto|typechange|Fairy\/Steel|[silent]\n|turn|13\n|inactive|Jazeh256 has 120 seconds left.\n|inactive|Spectra Sovereign has 90 seconds left.\n|\n|t:|1698522972\n|move|p2a: Ditto|Behemoth Blade|p1a: Zacian\n|-supereffective|p1a: Zacian\n|-damage|p1a: Zacian|0 fnt\n|faint|p1a: Zacian\n|\n|-weather|SunnyDay|[upkeep]\n|-damage|p2a: Ditto|82\/100 tox|[from] psn\n|upkeep\n|\n|t:|1698522985\n|switch|p1a: Skeledirge|Skeledirge, M|100\/100\n|-damage|p1a: Skeledirge|76\/100|[from] Spikes\n|turn|14\n|\n|t:|1698522996\n|switch|p2a: Arceus|Arceus, shiny|88\/100 psn\n|-damage|p2a: Arceus|76\/100 psn|[from] Stealth Rock\n|move|p1a: Skeledirge|Torch Song|p2a: Arceus\n|-damage|p2a: Arceus|34\/100 psn\n|-boost|p1a: Skeledirge|spa|1\n|-enditem|p1a: Skeledirge|Throat Spray\n|-boost|p1a: Skeledirge|spa|1|[from] item: Throat Spray\n|\n|-weather|none\n|-damage|p2a: Arceus|21\/100 psn|[from] psn\n|upkeep\n|turn|15\n|inactive|Jazeh256 has 120 seconds left.\n|\n|t:|1698523010\n|move|p2a: Arceus|Shadow Claw|p1a: Skeledirge\n|-supereffective|p1a: Skeledirge\n|-damage|p1a: Skeledirge|30\/100\n|-heal|p2a: Arceus|26\/100 psn|[from] item: Shell Bell|[of] p1a: Skeledirge\n|move|p1a: Skeledirge|Torch Song|p2a: Arceus\n|-damage|p2a: Arceus|0 fnt\n|-boost|p1a: Skeledirge|spa|1\n|faint|p2a: Arceus\n|\n|upkeep\n|inactive|Spectra Sovereign has 90 seconds left.\n|\n|t:|1698523028\n|switch|p2a: Ditto|Ditto, shiny|82\/100 tox\n|-damage|p2a: Ditto|70\/100 tox|[from] Stealth Rock\n|-transform|p2a: Ditto|p1a: Skeledirge|[from] ability: Imposter\n|turn|16\n|inactive|Spectra Sovereign has 90 seconds left.\n|inactive|Jazeh256 has 120 seconds left.\n|\n|t:|1698523048\n|move|p2a: Ditto|Shadow Ball|p1a: Skeledirge\n|-supereffective|p1a: Skeledirge\n|-crit|p1a: Skeledirge\n|-damage|p1a: Skeledirge|0 fnt\n|faint|p1a: Skeledirge\n|\n|-damage|p2a: Ditto|64\/100 tox|[from] psn\n|upkeep\n|\n|t:|1698523056\n|switch|p1a: Flutter Mane|Flutter Mane|100\/100\n|-damage|p1a: Flutter Mane|76\/100|[from] Spikes\n|-enditem|p1a: Flutter Mane|Booster Energy\n|-activate|p1a: Flutter Mane|ability: Protosynthesis|[fromitem]\n|-start|p1a: Flutter Mane|protosynthesisspa\n|turn|17\n|inactive|Jazeh256 has 120 seconds left.\n|\n|t:|1698523070\n|switch|p2a: Zacian|Zacian-Crowned|94\/100\n|-damage|p2a: Zacian|88\/100|[from] Stealth Rock\n|move|p1a: Flutter Mane|Shadow Ball|p2a: Zacian\n|-damage|p2a: Zacian|34\/100\n|-unboost|p2a: Zacian|spd|1\n|\n|upkeep\n|turn|18\n|inactive|Jazeh256 has 120 seconds left.\n|\n|t:|1698523088\n|move|p2a: Zacian|Behemoth Blade|p1a: Flutter Mane\n|-supereffective|p1a: Flutter Mane\n|-damage|p1a: Flutter Mane|0 fnt\n|faint|p1a: Flutter Mane\n|-end|p1a: Flutter Mane|Protosynthesis|[silent]\n|\n|upkeep\n|\n|t:|1698523093\n|switch|p1a: Palafin|Palafin, M|100\/100\n|-damage|p1a: Palafin|76\/100|[from] Spikes\n|turn|19\n|inactive|Jazeh256 has 120 seconds left.\n|\n|t:|1698523105\n|move|p1a: Palafin|Close Combat|p2a: Zacian\n|-damage|p2a: Zacian|8\/100\n|-unboost|p1a: Palafin|def|1\n|-unboost|p1a: Palafin|spd|1\n|move|p2a: Zacian|Behemoth Blade|p1a: Palafin\n|-resisted|p1a: Palafin\n|-damage|p1a: Palafin|16\/100\n|\n|upkeep\n|turn|20\n|inactive|Jazeh256 has 120 seconds left.\n|\n|t:|1698523128\n|switch|p2a: Corviknight|Corviknight, M, shiny|100\/100\n|-damage|p2a: Corviknight|88\/100|[from] Stealth Rock\n|move|p1a: Palafin|Close Combat|p2a: Corviknight\n|-damage|p2a: Corviknight|67\/100\n|-unboost|p1a: Palafin|def|1\n|-unboost|p1a: Palafin|spd|1\n|\n|upkeep\n|turn|21\n|inactive|Jazeh256 has 120 seconds left.\n|\n|t:|1698523139\n|move|p1a: Palafin|Close Combat|p2a: Corviknight\n|-damage|p2a: Corviknight|44\/100\n|-unboost|p1a: Palafin|def|1\n|-unboost|p1a: Palafin|spd|1\n|move|p2a: Corviknight|Body Press|p1a: Palafin\n|-damage|p1a: Palafin|0 fnt\n|faint|p1a: Palafin\n|\n|upkeep\n|\n|t:|1698523149\n|switch|p1a: Miraidon|Miraidon|100\/100\n|-damage|p1a: Miraidon|76\/100|[from] Spikes\n|-fieldstart|move: Electric Terrain|[from] ability: Hadron Engine|[of] p1a: Miraidon\n|turn|22\n|inactive|Jazeh256 has 120 seconds left.\n|-activate|p2a: Corviknight|item: Quick Claw\n|\n|t:|1698523165\n|move|p2a: Corviknight|Roost|p2a: Corviknight\n|-heal|p2a: Corviknight|94\/100\n|-singleturn|p2a: Corviknight|move: Roost\n|move|p1a: Miraidon|Dragon Pulse|p2a: Corviknight\n|-resisted|p2a: Corviknight\n|-damage|p2a: Corviknight|62\/100\n|\n|upkeep\n|turn|23\n|\n|t:|1698523181\n|move|p1a: Miraidon|Dragon Pulse|p2a: Corviknight\n|-resisted|p2a: Corviknight\n|-damage|p2a: Corviknight|29\/100\n|move|p2a: Corviknight|Tailwind|p2a: Corviknight\n|-sidestart|p2: Spectra Sovereign|move: Tailwind\n|\n|upkeep\n|turn|24\n|inactive|Jazeh256 has 120 seconds left.\n|-activate|p2a: Corviknight|item: Quick Claw\n|\n|t:|1698523193\n|move|p2a: Corviknight|Body Press|p1a: Miraidon\n|-damage|p1a: Miraidon|55\/100\n|move|p1a: Miraidon|Dragon Pulse|p2a: Corviknight\n|-resisted|p2a: Corviknight\n|-damage|p2a: Corviknight|0 fnt\n|faint|p2a: Corviknight\n|\n|upkeep\n|\n|t:|1698523205\n|switch|p2a: Ditto|Ditto, shiny|64\/100 tox\n|-damage|p2a: Ditto|51\/100 tox|[from] Stealth Rock\n|-transform|p2a: Ditto|p1a: Miraidon|[from] ability: Imposter\n|-activate|p2a: Ditto|ability: Hadron Engine\n|turn|25\n|inactive|Jazeh256 has 120 seconds left.\n|\n|t:|1698523216\n|move|p2a: Ditto|Dragon Pulse|p1a: Miraidon\n|-supereffective|p1a: Miraidon\n|-damage|p1a: Miraidon|0 fnt\n|faint|p1a: Miraidon\n|\n|win|Spectra Sovereign\n|raw|Jazeh256's rating: 1127 &rarr; <strong>1100<\/strong><br \/>(-27 for losing)\n|raw|Spectra Sovereign's rating: 1093 &rarr; <strong>1122<\/strong><br \/>(+29 for winning)\n|c|\u2606Spectra Sovereign|gg\n|l|\u2606Jazeh256\n","uploadtime":1698523250,"views":6,"p1id":"jazeh256","p2id":"spectrasovereign","formatid":"gen9ubers","rating":1100,"private":0,"password":""}