{"id":"gen9ubers-1969147143","p1":"underhours","p2":"smilingkyogre","format":"[Gen 9] Ubers","log":"|j|\u2606underhours\n|j|\u2606smilingkyogre\n|t:|1697494328\n|gametype|singles\n|player|p1|underhours|brock-gen2|\n|player|p2|smilingkyogre|marnie|\n|teamsize|p1|6\n|teamsize|p2|6\n|gen|9\n|tier|[Gen 9] Ubers\n|rule|Sleep Clause Mod: Limit one foe put to sleep\n|rule|Species Clause: Limit one of each Pok\u00e9mon\n|rule|OHKO Clause: OHKO moves are banned\n|rule|Evasion Items Clause: Evasion items are banned\n|rule|Evasion Moves Clause: Evasion moves are banned\n|rule|Endless Battle Clause: Forcing endless battles is banned\n|rule|HP Percentage Mod: HP is shown in percentages\n|clearpoke\n|poke|p1|Heatran, M|\n|poke|p1|Zacian-*|\n|poke|p1|Magearna|\n|poke|p1|Arceus-Poison|\n|poke|p1|Chi-Yu|\n|poke|p1|Cyclizar, F|\n|poke|p2|Arceus-Ice|\n|poke|p2|Chi-Yu|\n|poke|p2|Urshifu-*, M|\n|poke|p2|Magearna|\n|poke|p2|Shaymin-Sky|\n|poke|p2|Gliscor, M|\n|teampreview\n|inactive|Battle timer is ON: inactive players will automatically lose when time's up. (requested by underhours)\n|inactive|smilingkyogre also wants the timer to be on.\n|c|\u2606underhours|glhf\n|c|\u2606smilingkyogre|u2\n|c|\u2606underhours|u had groudon in gliscor slot?\n|inactive|underhours has 270 seconds left.\n|c|\u2606smilingkyogre|yes\n|c|\u2606underhours|ah\n|\n|t:|1697494370\n|start\n|switch|p1a: Cyclizar|Cyclizar, F|100\/100\n|switch|p2a: Gliscor|Gliscor, M|100\/100\n|turn|1\n|\n|t:|1697494379\n|move|p1a: Cyclizar|Knock Off|p2a: Gliscor\n|-damage|p2a: Gliscor|85\/100\n|-enditem|p2a: Gliscor|Toxic Orb|[from] move: Knock Off|[of] p1a: Cyclizar\n|move|p2a: Gliscor|Knock Off|p1a: Cyclizar\n|-damage|p1a: Cyclizar|60\/100\n|-enditem|p1a: Cyclizar|Heavy-Duty Boots|[from] move: Knock Off|[of] p2a: Gliscor\n|\n|upkeep\n|turn|2\n|\n|t:|1697494389\n|move|p1a: Cyclizar|Taunt|p2a: Gliscor\n|-start|p2a: Gliscor|move: Taunt\n|move|p2a: Gliscor|Earthquake|p1a: Cyclizar\n|-damage|p1a: Cyclizar|0 fnt\n|faint|p1a: Cyclizar\n|\n|upkeep\n|\n|t:|1697494405\n|switch|p1a: Chi-Yu|Chi-Yu|100\/100\n|-ability|p1a: Chi-Yu|Beads of Ruin\n|turn|3\n|j| somebodyuknow2\n|l| somebodyuknow2\n|\n|t:|1697494419\n|switch|p2a: Urshifu|Urshifu-Rapid-Strike, M|100\/100\n|move|p1a: Chi-Yu|Overheat|p2a: Urshifu\n|-resisted|p2a: Urshifu\n|-damage|p2a: Urshifu|0 fnt\n|-unboost|p1a: Chi-Yu|spa|2\n|faint|p2a: Urshifu\n|\n|upkeep\n|\n|t:|1697494429\n|switch|p2a: Shaymin|Shaymin-Sky|100\/100\n|turn|4\n|c|\u2606underhours|im hella weak to gliscor actually that knock was nice\n|\n|t:|1697494444\n|move|p2a: Shaymin|Air Slash|p1a: Chi-Yu\n|-damage|p1a: Chi-Yu|51\/100\n|move|p1a: Chi-Yu|Overheat|p2a: Shaymin\n|-supereffective|p2a: Shaymin\n|-damage|p2a: Shaymin|0 fnt\n|-unboost|p1a: Chi-Yu|spa|2\n|faint|p2a: Shaymin\n|\n|upkeep\n|c|\u2606smilingkyogre|fr i didnt know it got knock\n|\n|t:|1697494470\n|switch|p2a: Arceus|Arceus-Ice|100\/100\n|turn|5\n|\n|t:|1697494482\n|switch|p1a: \u227d^\u2022\u2a4a\u2022^\u227c|Heatran, M|100\/100\n|-terastallize|p2a: Arceus|Electric\n|move|p2a: Arceus|Calm Mind|p2a: Arceus\n|-boost|p2a: Arceus|spa|1\n|-boost|p2a: Arceus|spd|1\n|\n|upkeep\n|turn|6\n|\n|t:|1697494491\n|move|p2a: Arceus|Tera Blast|p1a: \u227d^\u2022\u2a4a\u2022^\u227c|[anim] Tera Blast Electric\n|-damage|p1a: \u227d^\u2022\u2a4a\u2022^\u227c|61\/100\n|move|p1a: \u227d^\u2022\u2a4a\u2022^\u227c|Magma Storm|p2a: Arceus|[miss]\n|-miss|p1a: \u227d^\u2022\u2a4a\u2022^\u227c|p2a: Arceus\n|\n|-heal|p1a: \u227d^\u2022\u2a4a\u2022^\u227c|68\/100|[from] item: Leftovers\n|upkeep\n|turn|7\n|\n|t:|1697494494\n|move|p2a: Arceus|Calm Mind|p2a: Arceus\n|-boost|p2a: Arceus|spa|1\n|-boost|p2a: Arceus|spd|1\n|move|p1a: \u227d^\u2022\u2a4a\u2022^\u227c|Magma Storm|p2a: Arceus\n|-damage|p2a: Arceus|84\/100\n|-activate|p2a: Arceus|move: Magma Storm|[of] p1a: \u227d^\u2022\u2a4a\u2022^\u227c\n|\n|-heal|p1a: \u227d^\u2022\u2a4a\u2022^\u227c|74\/100|[from] item: Leftovers\n|-damage|p2a: Arceus|72\/100|[from] move: Magma Storm|[partiallytrapped]\n|upkeep\n|turn|8\n|inactive|underhours has 270 seconds left.\n|\n|t:|1697494528\n|move|p2a: Arceus|Calm Mind|p2a: Arceus\n|-boost|p2a: Arceus|spa|1\n|-boost|p2a: Arceus|spd|1\n|move|p1a: \u227d^\u2022\u2a4a\u2022^\u227c|Body Press|p2a: Arceus\n|-damage|p2a: Arceus|53\/100\n|\n|-heal|p1a: \u227d^\u2022\u2a4a\u2022^\u227c|80\/100|[from] item: Leftovers\n|-damage|p2a: Arceus|40\/100|[from] move: Magma Storm|[partiallytrapped]\n|upkeep\n|turn|9\n|\n|t:|1697494535\n|move|p2a: Arceus|Recover|p2a: Arceus\n|-heal|p2a: Arceus|91\/100\n|move|p1a: \u227d^\u2022\u2a4a\u2022^\u227c|Body Press|p2a: Arceus\n|-damage|p2a: Arceus|71\/100\n|\n|-heal|p1a: \u227d^\u2022\u2a4a\u2022^\u227c|86\/100|[from] item: Leftovers\n|-damage|p2a: Arceus|59\/100|[from] move: Magma Storm|[partiallytrapped]\n|upkeep\n|turn|10\n|\n|t:|1697494542\n|move|p2a: Arceus|Tera Blast|p1a: \u227d^\u2022\u2a4a\u2022^\u227c|[anim] Tera Blast Electric\n|-damage|p1a: \u227d^\u2022\u2a4a\u2022^\u227c|15\/100\n|move|p1a: \u227d^\u2022\u2a4a\u2022^\u227c|Will-O-Wisp|p2a: Arceus\n|-status|p2a: Arceus|brn\n|\n|-heal|p1a: \u227d^\u2022\u2a4a\u2022^\u227c|22\/100|[from] item: Leftovers\n|-damage|p2a: Arceus|53\/100 brn|[from] brn\n|-damage|p2a: Arceus|41\/100 brn|[from] move: Magma Storm|[partiallytrapped]\n|upkeep\n|turn|11\n|\n|t:|1697494548\n|move|p2a: Arceus|Recover|p2a: Arceus\n|-heal|p2a: Arceus|91\/100 brn\n|move|p1a: \u227d^\u2022\u2a4a\u2022^\u227c|Body Press|p2a: Arceus\n|-damage|p2a: Arceus|73\/100 brn\n|\n|-heal|p1a: \u227d^\u2022\u2a4a\u2022^\u227c|28\/100|[from] item: Leftovers\n|-damage|p2a: Arceus|67\/100 brn|[from] brn\n|-damage|p2a: Arceus|55\/100 brn|[from] move: Magma Storm|[partiallytrapped]\n|upkeep\n|turn|12\n|\n|t:|1697494551\n|move|p2a: Arceus|Tera Blast|p1a: \u227d^\u2022\u2a4a\u2022^\u227c|[anim] Tera Blast Electric\n|-damage|p1a: \u227d^\u2022\u2a4a\u2022^\u227c|0 fnt\n|faint|p1a: \u227d^\u2022\u2a4a\u2022^\u227c\n|\n|-damage|p2a: Arceus|49\/100 brn|[from] brn\n|-end|p2a: Arceus|Magma Storm|[partiallytrapped]\n|upkeep\n|inactive|underhours has 270 seconds left.\n|\n|t:|1697494582\n|switch|p1a: Zacian|Zacian|100\/100\n|-ability|p1a: Zacian|Intrepid Sword|boost\n|-boost|p1a: Zacian|atk|1\n|turn|13\n|inactive|underhours has 270 seconds left.\n|c|\u2606underhours|p sure arceus gets thunderbolt\n|c|\u2606underhours|are u running tera blast for normal coverage?\n|\n|t:|1697494622\n|switch|p2a: Magearna|Magearna|100\/100\n|move|p1a: Zacian|Swords Dance|p1a: Zacian\n|-boost|p1a: Zacian|atk|2\n|\n|upkeep\n|turn|14\n|c|\u2606smilingkyogre|nope lmfao ill change that\n|\n|t:|1697494638\n|move|p1a: Zacian|Close Combat|p2a: Magearna\n|-damage|p2a: Magearna|20\/100\n|-unboost|p1a: Zacian|def|1\n|-unboost|p1a: Zacian|spd|1\n|move|p2a: Magearna|Flash Cannon|p1a: Zacian\n|-supereffective|p1a: Zacian\n|-damage|p1a: Zacian|0 fnt\n|faint|p1a: Zacian\n|-ability|p2a: Magearna|Soul-Heart|boost\n|-boost|p2a: Magearna|spa|1\n|\n|-heal|p2a: Magearna|26\/100|[from] item: Leftovers\n|upkeep\n|c|\u2606underhours|haha\n|inactive|underhours has 240 seconds left.\n|\n|t:|1697494668\n|switch|p1a: Arceus|Arceus-Poison|100\/100\n|turn|15\n|\n|t:|1697494685\n|move|p1a: Arceus|Dragon Dance|p1a: Arceus\n|-boost|p1a: Arceus|atk|1\n|-boost|p1a: Arceus|spe|1\n|move|p2a: Magearna|Flash Cannon|p1a: Arceus\n|-damage|p1a: Arceus|59\/100\n|\n|-heal|p2a: Magearna|32\/100|[from] item: Leftovers\n|upkeep\n|turn|16\n|\n|t:|1697494690\n|move|p1a: Arceus|Dragon Dance|p1a: Arceus\n|-boost|p1a: Arceus|atk|1\n|-boost|p1a: Arceus|spe|1\n|move|p2a: Magearna|Volt Switch|p1a: Arceus\n|-damage|p1a: Arceus|33\/100\n|\n|t:|1697494697\n|switch|p2a: Gliscor|Gliscor, M|85\/100|[from] Volt Switch\n|\n|upkeep\n|turn|17\n|\n|t:|1697494701\n|move|p1a: Arceus|Recover|p1a: Arceus\n|-heal|p1a: Arceus|83\/100\n|move|p2a: Gliscor|Earthquake|p1a: Arceus\n|-supereffective|p1a: Arceus\n|-damage|p1a: Arceus|24\/100\n|\n|upkeep\n|turn|18\n|\n|t:|1697494712\n|move|p1a: Arceus|Poison Jab|p2a: Gliscor\n|-resisted|p2a: Gliscor\n|-damage|p2a: Gliscor|46\/100\n|-status|p2a: Gliscor|psn\n|move|p2a: Gliscor|Earthquake|p1a: Arceus\n|-supereffective|p1a: Arceus\n|-damage|p1a: Arceus|0 fnt\n|faint|p1a: Arceus\n|\n|-heal|p2a: Gliscor|58\/100 psn|[from] ability: Poison Heal\n|upkeep\n|c|\u2606underhours|Unluckiest poison ever\n|c|\u2606smilingkyogre|thanks lol\n|c|\u2606underhours|im dead\n|\n|t:|1697494724\n|switch|p1a: Chi-Yu|Chi-Yu|51\/100\n|-ability|p1a: Chi-Yu|Beads of Ruin\n|turn|19\n|\n|t:|1697494729\n|move|p2a: Gliscor|Protect|p2a: Gliscor\n|-singleturn|p2a: Gliscor|Protect\n|move|p1a: Chi-Yu|Dark Pulse|p2a: Gliscor\n|-activate|p2a: Gliscor|move: Protect\n|\n|-heal|p2a: Gliscor|71\/100 psn|[from] ability: Poison Heal\n|upkeep\n|turn|20\n|\n|t:|1697494740\n|switch|p2a: Arceus|Arceus-Ice, tera:Electric|49\/100 brn\n|move|p1a: Chi-Yu|Dark Pulse|p2a: Arceus\n|-damage|p2a: Arceus|0 fnt\n|faint|p2a: Arceus\n|\n|upkeep\n|\n|t:|1697494742\n|switch|p2a: Chi-Yu|Chi-Yu|100\/100\n|-ability|p2a: Chi-Yu|Beads of Ruin\n|turn|21\n|\n|t:|1697494748\n|move|p2a: Chi-Yu|Flamethrower|p1a: Chi-Yu\n|-resisted|p1a: Chi-Yu\n|-damage|p1a: Chi-Yu|8\/100\n|move|p1a: Chi-Yu|Dark Pulse|p2a: Chi-Yu\n|-resisted|p2a: Chi-Yu\n|-damage|p2a: Chi-Yu|63\/100\n|\n|upkeep\n|turn|22\n|\n|t:|1697494751\n|move|p2a: Chi-Yu|Flamethrower|p1a: Chi-Yu\n|-resisted|p1a: Chi-Yu\n|-damage|p1a: Chi-Yu|0 fnt\n|faint|p1a: Chi-Yu\n|\n|upkeep\n|\n|t:|1697494752\n|switch|p1a: Magearna|Magearna|100\/100\n|turn|23\n|\n|t:|1697494761\n|-terastallize|p1a: Magearna|Water\n|move|p2a: Chi-Yu|Flamethrower|p1a: Magearna\n|-resisted|p1a: Magearna\n|-damage|p1a: Magearna|59\/100\n|move|p1a: Magearna|Shift Gear|p1a: Magearna\n|-boost|p1a: Magearna|spe|2\n|-boost|p1a: Magearna|atk|1\n|\n|-heal|p1a: Magearna|65\/100|[from] item: Leftovers\n|upkeep\n|turn|24\n|j| somebodyuknow2\n|\n|t:|1697494769\n|move|p1a: Magearna|Calm Mind|p1a: Magearna\n|-boost|p1a: Magearna|spa|1\n|-boost|p1a: Magearna|spd|1\n|move|p2a: Chi-Yu|Flamethrower|p1a: Magearna\n|-resisted|p1a: Magearna\n|-damage|p1a: Magearna|38\/100\n|\n|-heal|p1a: Magearna|44\/100|[from] item: Leftovers\n|upkeep\n|turn|25\n|l| somebodyuknow2\n|\n|t:|1697494779\n|move|p1a: Magearna|Draining Kiss|p2a: Chi-Yu\n|-damage|p2a: Chi-Yu|27\/100\n|-heal|p1a: Magearna|63\/100|[from] drain|[of] p2a: Chi-Yu\n|move|p2a: Chi-Yu|Flamethrower|p1a: Magearna\n|-resisted|p1a: Magearna\n|-damage|p1a: Magearna|34\/100\n|\n|-heal|p1a: Magearna|40\/100|[from] item: Leftovers\n|upkeep\n|turn|26\n|\n|t:|1697494784\n|move|p1a: Magearna|Draining Kiss|p2a: Chi-Yu\n|-damage|p2a: Chi-Yu|0 fnt\n|-heal|p1a: Magearna|54\/100|[from] drain|[of] p2a: Chi-Yu\n|faint|p2a: Chi-Yu\n|-ability|p1a: Magearna|Soul-Heart|boost\n|-boost|p1a: Magearna|spa|1\n|\n|-heal|p1a: Magearna|60\/100|[from] item: Leftovers\n|upkeep\n|\n|t:|1697494786\n|switch|p2a: Magearna|Magearna|32\/100\n|turn|27\n|\n|t:|1697494792\n|move|p1a: Magearna|Stored Power|p2a: Magearna\n|-resisted|p2a: Magearna\n|-damage|p2a: Magearna|0 fnt\n|faint|p2a: Magearna\n|-ability|p1a: Magearna|Soul-Heart|boost\n|-boost|p1a: Magearna|spa|1\n|\n|-heal|p1a: Magearna|66\/100|[from] item: Leftovers\n|upkeep\n|c|\u2606smilingkyogre|gg mag op\n|\n|t:|1697494797\n|switch|p2a: Gliscor|Gliscor, M|71\/100 psn\n|turn|28\n|c|\u2606underhours|gg\n|c|\u2606underhours|u still wanna bo3?\n|\n|t:|1697494804\n|move|p1a: Magearna|Stored Power|p2a: Gliscor\n|-damage|p2a: Gliscor|0 fnt\n|faint|p2a: Gliscor\n|\n|win|underhours\n|c|\u2606smilingkyogre|yes\n","uploadtime":1697494811,"views":35,"p1id":"underhours","p2id":"smilingkyogre","formatid":"gen9ubers","rating":0,"private":0,"password":""}