{"id":"gen9ubers-1970862874","p1":"didact_re","p2":"JereyQ123456789","format":"[Gen 9] Ubers","log":"|j|\u2606didact_re\n|j|\u2606JereyQ123456789\n|t:|1697674922\n|gametype|singles\n|player|p1|didact_re|morty-masters|1055\n|player|p2|JereyQ123456789|lucas|1173\n|teamsize|p1|6\n|teamsize|p2|6\n|gen|9\n|tier|[Gen 9] Ubers\n|rated|\n|rule|Sleep Clause Mod: Limit one foe put to sleep\n|rule|Species Clause: Limit one of each Pok\u00e9mon\n|rule|OHKO Clause: OHKO moves are banned\n|rule|Evasion Items Clause: Evasion items are banned\n|rule|Evasion Moves Clause: Evasion moves are banned\n|rule|Endless Battle Clause: Forcing endless battles is banned\n|rule|HP Percentage Mod: HP is shown in percentages\n|clearpoke\n|poke|p1|Glimmora, M|\n|poke|p1|Annihilape, M|\n|poke|p1|Mimikyu, F|\n|poke|p1|Typhlosion-Hisui, M|\n|poke|p1|Hoopa-Unbound|\n|poke|p1|Gengar, F|\n|poke|p2|Koraidon|\n|poke|p2|Arceus-Fire|\n|poke|p2|Ribombee, F|\n|poke|p2|Groudon|\n|poke|p2|Flutter Mane|\n|poke|p2|Great Tusk|\n|teampreview\n|\n|t:|1697674926\n|start\n|switch|p1a: Glimmora|Glimmora, M|100\/100\n|switch|p2a: That Guy|Ribombee, F, shiny|100\/100\n|-item|p1a: Glimmora|Air Balloon\n|turn|1\n|\n|t:|1697674936\n|move|p2a: That Guy|Sticky Web|p1a: Glimmora\n|-sidestart|p1: didact_re|move: Sticky Web\n|move|p1a: Glimmora|Power Gem|p2a: That Guy\n|-supereffective|p2a: That Guy\n|-enditem|p2a: That Guy|Focus Sash\n|-damage|p2a: That Guy|1\/100\n|\n|upkeep\n|turn|2\n|\n|t:|1697674944\n|move|p2a: That Guy|Tailwind|p2a: That Guy\n|-sidestart|p2: JereyQ123456789|move: Tailwind\n|move|p1a: Glimmora|Stealth Rock|p2a: That Guy\n|-sidestart|p2: JereyQ123456789|move: Stealth Rock\n|\n|upkeep\n|turn|3\n|\n|t:|1697674950\n|move|p2a: That Guy|Moonblast|p1a: Glimmora\n|-resisted|p1a: Glimmora\n|-damage|p1a: Glimmora|74\/100\n|-unboost|p1a: Glimmora|spa|1\n|-enditem|p1a: Glimmora|Air Balloon\n|move|p1a: Glimmora|Spikes|p2a: That Guy\n|-sidestart|p2: JereyQ123456789|Spikes\n|\n|upkeep\n|turn|4\n|\n|t:|1697674960\n|move|p2a: That Guy|Moonblast|p1a: Glimmora\n|-resisted|p1a: Glimmora\n|-damage|p1a: Glimmora|48\/100\n|-unboost|p1a: Glimmora|spa|1\n|move|p1a: Glimmora|Spikes|p2a: That Guy\n|-sidestart|p2: JereyQ123456789|Spikes\n|\n|upkeep\n|turn|5\n|\n|t:|1697674968\n|move|p2a: That Guy|Moonblast|p1a: Glimmora\n|-resisted|p1a: Glimmora\n|-damage|p1a: Glimmora|23\/100\n|-unboost|p1a: Glimmora|spa|1\n|move|p1a: Glimmora|Spikes|p2a: That Guy\n|-sidestart|p2: JereyQ123456789|Spikes\n|\n|-sideend|p2: JereyQ123456789|move: Tailwind\n|upkeep\n|turn|6\n|\n|t:|1697674977\n|switch|p2a: Baller Tusk|Great Tusk|100\/100\n|move|p1a: Glimmora|Sludge Wave|p2a: Baller Tusk\n|-resisted|p2a: Baller Tusk\n|-damage|p2a: Baller Tusk|86\/100\n|\n|upkeep\n|turn|7\n|\n|t:|1697674985\n|switch|p1a: Mimikyu|Mimikyu, F|100\/100\n|-activate|p1a: Mimikyu|move: Sticky Web\n|-unboost|p1a: Mimikyu|spe|1\n|move|p2a: Baller Tusk|Rapid Spin|p1a: Mimikyu\n|-immune|p1a: Mimikyu\n|\n|upkeep\n|turn|8\n|\n|t:|1697674993\n|move|p1a: Mimikyu|Swords Dance|p1a: Mimikyu\n|-boost|p1a: Mimikyu|atk|2\n|move|p2a: Baller Tusk|Earthquake|p1a: Mimikyu\n|-activate|p1a: Mimikyu|ability: Disguise\n|-damage|p1a: Mimikyu|100\/100\n|detailschange|p1a: Mimikyu|Mimikyu-Busted, F\n|-damage|p1a: Mimikyu|88\/100|[from] pokemon: Mimikyu-Busted\n|\n|upkeep\n|turn|9\n|\n|t:|1697675005\n|move|p1a: Mimikyu|Play Rough|p2a: Baller Tusk\n|-supereffective|p2a: Baller Tusk\n|-damage|p2a: Baller Tusk|0 fnt\n|faint|p2a: Baller Tusk\n|-end|p2a: Baller Tusk|Protosynthesis|[silent]\n|-damage|p1a: Mimikyu|78\/100|[from] item: Life Orb\n|\n|upkeep\n|\n|t:|1697675014\n|switch|p2a: Mr. Assault|Koraidon|100\/100\n|-damage|p2a: Mr. Assault|94\/100|[from] Stealth Rock\n|-damage|p2a: Mr. Assault|70\/100|[from] Spikes\n|-weather|SunnyDay|[from] ability: Orichalcum Pulse|[of] p2a: Mr. Assault\n|-activate|p2a: Mr. Assault|Orichalcum Pulse|[source]\n|turn|10\n|\n|t:|1697675021\n|move|p2a: Mr. Assault|Flame Charge|p1a: Mimikyu\n|-damage|p1a: Mimikyu|16\/100\n|-boost|p2a: Mr. Assault|spe|1\n|move|p1a: Mimikyu|Play Rough|p2a: Mr. Assault\n|-supereffective|p2a: Mr. Assault\n|-damage|p2a: Mr. Assault|0 fnt\n|faint|p2a: Mr. Assault\n|-damage|p1a: Mimikyu|6\/100|[from] item: Life Orb\n|\n|-weather|SunnyDay|[upkeep]\n|upkeep\n|\n|t:|1697675034\n|switch|p2a: Volcano|Groudon|100\/100\n|-damage|p2a: Volcano|94\/100|[from] Stealth Rock\n|-damage|p2a: Volcano|69\/100|[from] Spikes\n|turn|11\n|\n|t:|1697675043\n|move|p2a: Volcano|Rest|p2a: Volcano\n|-status|p2a: Volcano|slp|[from] move: Rest\n|-heal|p2a: Volcano|100\/100 slp|[silent]\n|move|p1a: Mimikyu|Play Rough|p2a: Volcano\n|-damage|p2a: Volcano|45\/100 slp\n|-damage|p1a: Mimikyu|0 fnt|[from] item: Life Orb\n|faint|p1a: Mimikyu\n|\n|-weather|SunnyDay|[upkeep]\n|-heal|p2a: Volcano|52\/100 slp|[from] item: Leftovers\n|upkeep\n|\n|t:|1697675054\n|switch|p1a: Glimmora|Glimmora, M|23\/100\n|-activate|p1a: Glimmora|move: Sticky Web\n|-unboost|p1a: Glimmora|spe|1\n|turn|12\n|\n|t:|1697675061\n|cant|p2a: Volcano|slp\n|move|p2a: Volcano|Sleep Talk|p2a: Volcano\n|move|p2a: Volcano|Earthquake|p1a: Glimmora|[from]move: Sleep Talk\n|-supereffective|p1a: Glimmora\n|-damage|p1a: Glimmora|0 fnt\n|-activate|p1a: Glimmora|ability: Toxic Debris\n|-sidestart|p2: JereyQ123456789|move: Toxic Spikes\n|faint|p1a: Glimmora\n|\n|-weather|SunnyDay|[upkeep]\n|-heal|p2a: Volcano|58\/100 slp|[from] item: Leftovers\n|upkeep\n|\n|t:|1697675073\n|switch|p1a: Typhlosion|Typhlosion-Hisui, M|100\/100\n|-activate|p1a: Typhlosion|move: Sticky Web\n|-unboost|p1a: Typhlosion|spe|1\n|turn|13\n|\n|t:|1697675083\n|-terastallize|p1a: Typhlosion|Fire\n|move|p1a: Typhlosion|Eruption|p2a: Volcano\n|-damage|p2a: Volcano|0 fnt\n|faint|p2a: Volcano\n|\n|-weather|SunnyDay|[upkeep]\n|upkeep\n|\n|t:|1697675100\n|switch|p2a: I am speed|Flutter Mane|100\/100\n|-damage|p2a: I am speed|88\/100|[from] Stealth Rock\n|-damage|p2a: I am speed|63\/100|[from] Spikes\n|-status|p2a: I am speed|psn\n|-activate|p2a: I am speed|ability: Protosynthesis\n|-start|p2a: I am speed|protosynthesisspe\n|turn|14\n|\n|t:|1697675111\n|move|p2a: I am speed|Poltergeist|p1a: Typhlosion|[miss]\n|-miss|p2a: I am speed|p1a: Typhlosion\n|move|p1a: Typhlosion|Eruption|p2a: I am speed\n|-damage|p2a: I am speed|0 fnt\n|faint|p2a: I am speed\n|-end|p2a: I am speed|Protosynthesis|[silent]\n|\n|-weather|none\n|upkeep\n|-message|JereyQ123456789 forfeited.\n|\n|win|didact_re\n|raw|didact_re's rating: 1055 &rarr; <strong>1097<\/strong><br \/>(+42 for winning)\n|raw|JereyQ123456789's rating: 1173 &rarr; <strong>1140<\/strong><br \/>(-33 for losing)\n|l|\u2606JereyQ123456789\n","uploadtime":1697675126,"views":19,"p1id":"didactre","p2id":"jereyq123456789","formatid":"gen9ubers","rating":1097,"private":0,"password":""}