{"id":"gen9ubers-1970839749","p1":"mirista","p2":"swoloyeg","format":"[Gen 9] Ubers","log":"|j|\u2606mirista\n|j|\u2606swoloyeg\n|t:|1697672492\n|gametype|singles\n|player|p1|mirista|palmer|\n|player|p2|swoloyeg|steven|\n|teamsize|p1|6\n|teamsize|p2|6\n|gen|9\n|tier|[Gen 9] Ubers\n|rule|Sleep Clause Mod: Limit one foe put to sleep\n|rule|Species Clause: Limit one of each Pok\u00e9mon\n|rule|OHKO Clause: OHKO moves are banned\n|rule|Evasion Items Clause: Evasion items are banned\n|rule|Evasion Moves Clause: Evasion moves are banned\n|rule|Endless Battle Clause: Forcing endless battles is banned\n|rule|HP Percentage Mod: HP is shown in percentages\n|clearpoke\n|poke|p1|Sinistcha|\n|poke|p1|Scizor, F|\n|poke|p1|Glimmora, M|\n|poke|p1|Ogerpon-Wellspring, F|\n|poke|p1|Iron Moth|\n|poke|p1|Gliscor, F|\n|poke|p2|Iron Bundle|\n|poke|p2|Volcarona, M|\n|poke|p2|Dragonite, F|\n|poke|p2|Sandy Shocks|\n|poke|p2|Jirachi|\n|poke|p2|Kingambit, F|\n|teampreview\n|j| bydy2\n|j| Inkaying\n|inactive|Battle timer is ON: inactive players will automatically lose when time's up. (requested by swoloyeg)\n|\n|t:|1697672536\n|start\n|switch|p1a: Glimmora|Glimmora, M|100\/100\n|switch|p2a: Sandy Shocks|Sandy Shocks|100\/100\n|turn|1\n|\n|t:|1697672541\n|move|p2a: Sandy Shocks|Electric Terrain|p2a: Sandy Shocks\n|-fieldstart|move: Electric Terrain\n|move|p1a: Glimmora|Stealth Rock|p2a: Sandy Shocks\n|-sidestart|p2: swoloyeg|move: Stealth Rock\n|\n|upkeep\n|turn|2\n|c| Inkaying|Damn nobody rotated\n|\n|t:|1697672547\n|move|p2a: Sandy Shocks|Volt Switch|p1a: Glimmora\n|-damage|p1a: Glimmora|31\/100\n|\n|t:|1697672550\n|-end|p2a: Sandy Shocks|Protosynthesis|[silent]\n|switch|p2a: Iron Bundle|Iron Bundle|100\/100|[from] Volt Switch\n|-activate|p2a: Iron Bundle|ability: Quark Drive\n|-start|p2a: Iron Bundle|quarkdrivespa\n|move|p1a: Glimmora|Mortal Spin|p2a: Iron Bundle\n|-damage|p2a: Iron Bundle|93\/100\n|-status|p2a: Iron Bundle|psn\n|\n|-damage|p2a: Iron Bundle|81\/100 psn|[from] psn\n|upkeep\n|turn|3\n|c|\u2606mirista|im scared\n|inactive|swoloyeg has 270 seconds left.\n|\n|t:|1697672588\n|move|p2a: Iron Bundle|Hydro Pump|p1a: Glimmora\n|-supereffective|p1a: Glimmora\n|-damage|p1a: Glimmora|0 fnt\n|faint|p1a: Glimmora\n|\n|-damage|p2a: Iron Bundle|68\/100 psn|[from] psn\n|upkeep\n|c| Inkaying|He would\u2019ve had a stroke if that missed\n|\n|t:|1697672601\n|switch|p1a: Scizor|Scizor, F|100\/100\n|turn|4\n|inactive|swoloyeg has 270 seconds left.\n|\n|t:|1697672614\n|move|p2a: Iron Bundle|Hydro Pump|p1a: Scizor\n|-damage|p1a: Scizor|0 fnt\n|faint|p1a: Scizor\n|\n|-damage|p2a: Iron Bundle|56\/100 psn|[from] psn\n|upkeep\n|\n|t:|1697672634\n|switch|p1a: Gliscor|Gliscor, F, shiny|100\/100\n|turn|5\n|\n|t:|1697672642\n|move|p2a: Iron Bundle|Ice Beam|p1a: Gliscor\n|-supereffective|p1a: Gliscor\n|-damage|p1a: Gliscor|0 fnt\n|faint|p1a: Gliscor\n|\n|-damage|p2a: Iron Bundle|44\/100 psn|[from] psn\n|-fieldend|move: Electric Terrain\n|-end|p2a: Iron Bundle|Quark Drive\n|upkeep\n|c|\u2606mirista|its joever\n|c| Inkaying|Bro???\n|\n|t:|1697672654\n|switch|p1a: Iron Moth|Iron Moth|100\/100\n|-enditem|p1a: Iron Moth|Booster Energy\n|-activate|p1a: Iron Moth|ability: Quark Drive|[fromitem]\n|-start|p1a: Iron Moth|quarkdrivespe\n|turn|6\n|\n|t:|1697672674\n|-end|p2a: Iron Bundle|Quark Drive|[silent]\n|switch|p2a: Volcarona|Volcarona, M|100\/100\n|move|p1a: Iron Moth|Sludge Wave|p2a: Volcarona\n|-crit|p2a: Volcarona\n|-damage|p2a: Volcarona|25\/100\n|\n|upkeep\n|turn|7\n|\n|t:|1697672693\n|move|p1a: Iron Moth|Fiery Dance|p2a: Volcarona\n|-damage|p2a: Volcarona|0 fnt\n|-boost|p1a: Iron Moth|spa|1\n|faint|p2a: Volcarona\n|\n|upkeep\n|\n|t:|1697672699\n|switch|p2a: Dragonite|Dragonite, F|100\/100\n|-damage|p2a: Dragonite|76\/100|[from] Stealth Rock\n|turn|8\n|\n|t:|1697672709\n|move|p1a: Iron Moth|Dazzling Gleam|p2a: Dragonite\n|-supereffective|p2a: Dragonite\n|-damage|p2a: Dragonite|6\/100\n|move|p2a: Dragonite|Earthquake|p1a: Iron Moth\n|-supereffective|p1a: Iron Moth\n|-damage|p1a: Iron Moth|0 fnt\n|faint|p1a: Iron Moth\n|-end|p1a: Iron Moth|Quark Drive|[silent]\n|\n|upkeep\n|\n|t:|1697672720\n|switch|p1a: Ogerpon|Ogerpon-Wellspring, F|100\/100\n|turn|9\n|\n|t:|1697672727\n|move|p1a: Ogerpon|Ivy Cudgel|p2a: Dragonite\n|-resisted|p2a: Dragonite\n|-damage|p2a: Dragonite|0 fnt\n|faint|p2a: Dragonite\n|\n|upkeep\n|\n|t:|1697672731\n|switch|p2a: Sandy Shocks|Sandy Shocks|100\/100\n|-damage|p2a: Sandy Shocks|94\/100|[from] Stealth Rock\n|turn|10\n|\n|t:|1697672736\n|move|p1a: Ogerpon|Power Whip|p2a: Sandy Shocks\n|-supereffective|p2a: Sandy Shocks\n|-damage|p2a: Sandy Shocks|0 fnt\n|faint|p2a: Sandy Shocks\n|-end|p2a: Sandy Shocks|Protosynthesis|[silent]\n|\n|upkeep\n|\n|t:|1697672740\n|switch|p2a: Iron Bundle|Iron Bundle|44\/100 psn\n|turn|11\n|\n|t:|1697672747\n|move|p2a: Iron Bundle|Freeze-Dry|p1a: Ogerpon\n|-supereffective|p1a: Ogerpon\n|-damage|p1a: Ogerpon|0 fnt\n|faint|p1a: Ogerpon\n|\n|-damage|p2a: Iron Bundle|32\/100 psn|[from] psn\n|upkeep\n|\n|t:|1697672753\n|switch|p1a: Sinistcha|Sinistcha|100\/100\n|turn|12\n|c| Inkaying|Rip\n|\n|t:|1697672761\n|move|p2a: Iron Bundle|Ice Beam|p1a: Sinistcha\n|-supereffective|p1a: Sinistcha\n|-damage|p1a: Sinistcha|0 fnt\n|faint|p1a: Sinistcha\n|\n|win|swoloyeg\n|c|\u2606mirista|gg\n|c| Inkaying|Damn\n|c|\u2606swoloyeg|gg\n|c| Inkaying|didnt see that coming\n|c| Inkaying|Bundle showed up\n","uploadtime":1697672770,"views":23,"p1id":"mirista","p2id":"swoloyeg","formatid":"gen9ubers","rating":0,"private":0,"password":""}