{"id":"gen9ubers-1999333722","p1":"So Threatening","p2":"DaModSquad","format":"[Gen 9] Ubers","log":"|j|\u2606So Threatening\n|j|\u2606DaModSquad\n|t:|1701061946\n|gametype|singles\n|player|p1|So Threatening|caitlin|\n|player|p2|DaModSquad|backers|\n|teamsize|p1|6\n|teamsize|p2|6\n|gen|9\n|tier|[Gen 9] Ubers\n|rule|Sleep Clause Mod: Limit one foe put to sleep\n|rule|Species Clause: Limit one of each Pok\u00e9mon\n|rule|OHKO Clause: OHKO moves are banned\n|rule|Evasion Items Clause: Evasion items are banned\n|rule|Evasion Moves Clause: Evasion moves are banned\n|rule|Endless Battle Clause: Forcing endless battles is banned\n|rule|HP Percentage Mod: HP is shown in percentages\n|clearpoke\n|poke|p1|Zamazenta-*|\n|poke|p1|Sandy Shocks|\n|poke|p1|Avalugg, F|\n|poke|p1|Talonflame, M|\n|poke|p1|Alomomola, F|\n|poke|p1|Wo-Chien|\n|poke|p2|Hariyama, M|\n|poke|p2|Articuno-Galar|\n|poke|p2|Ogerpon-Wellspring, F|\n|poke|p2|Sneasler, M|\n|poke|p2|Sandaconda, F|\n|poke|p2|Morpeko, M|\n|teampreview\n|c|\u2606So Threatening|glhf\n|c|\u2606DaModSquad|u2\n|c|\u2606DaModSquad|bldhf\n|c|\u2606DaModSquad|we will let you guess who is who\n|\n|t:|1701062020\n|start\n|switch|p1a: SANDY CROCS|Sandy Shocks|100\/100\n|switch|p2a: Sandaconda|Sandaconda, F|100\/100\n|turn|1\n|\n|t:|1701062038\n|move|p1a: SANDY CROCS|Earth Power|p2a: Sandaconda\n|-damage|p2a: Sandaconda|41\/100\n|move|p2a: Sandaconda|Stealth Rock|p1a: SANDY CROCS\n|-sidestart|p1: So Threatening|move: Stealth Rock\n|\n|upkeep\n|turn|2\n|\n|t:|1701062071\n|switch|p2a: Ogerpon|Ogerpon-Wellspring, F|100\/100\n|move|p1a: SANDY CROCS|Spikes|p2a: Ogerpon\n|-sidestart|p2: DaModSquad|Spikes\n|\n|upkeep\n|turn|3\n|\n|t:|1701062113\n|switch|p2a: Morpeko|Morpeko, M|100\/100\n|-end|p1a: SANDY CROCS|Protosynthesis|[silent]\n|switch|p1a: Luggma|Avalugg, F|100\/100\n|\n|-formechange|p2a: Morpeko|Morpeko-Hangry||[from] ability: Hunger Switch\n|upkeep\n|turn|4\n|\n|t:|1701062143\n|-terastallize|p1a: Luggma|Ghost\n|move|p2a: Morpeko|Knock Off|p1a: Luggma\n|-supereffective|p1a: Luggma\n|-damage|p1a: Luggma|76\/100\n|-enditem|p1a: Luggma|Heavy-Duty Boots|[from] move: Knock Off|[of] p2a: Morpeko\n|move|p1a: Luggma|Rapid Spin|p2a: Morpeko\n|-damage|p2a: Morpeko|77\/100\n|-boost|p1a: Luggma|spe|1\n|-sideend|p1: So Threatening|Stealth Rock|[from] move: Rapid Spin|[of] p1a: Luggma\n|\n|-formechange|p2a: Morpeko|Morpeko||[from] ability: Hunger Switch\n|upkeep\n|turn|5\n|\n|t:|1701062163\n|move|p2a: Morpeko|Parting Shot|p1a: Luggma\n|-unboost|p1a: Luggma|atk|1\n|-unboost|p1a: Luggma|spa|1\n|\n|t:|1701062184\n|switch|p2a: Sandaconda|Sandaconda, F|41\/100|[from] Parting Shot\n|-damage|p2a: Sandaconda|28\/100|[from] Spikes\n|move|p1a: Luggma|Body Press|p2a: Sandaconda\n|-damage|p2a: Sandaconda|5\/100\n|-damage|p1a: Luggma|60\/100|[from] item: Rocky Helmet|[of] p2a: Sandaconda\n|\n|upkeep\n|turn|6\n|\n|t:|1701062195\n|move|p2a: Sandaconda|Rest|p2a: Sandaconda\n|-status|p2a: Sandaconda|slp|[from] move: Rest\n|-heal|p2a: Sandaconda|100\/100 slp|[silent]\n|move|p1a: Luggma|Body Press|p2a: Sandaconda\n|-damage|p2a: Sandaconda|77\/100 slp\n|-damage|p1a: Luggma|43\/100|[from] item: Rocky Helmet|[of] p2a: Sandaconda\n|\n|-activate|p2a: Sandaconda|ability: Shed Skin\n|-curestatus|p2a: Sandaconda|slp|[msg]\n|upkeep\n|turn|7\n|\n|t:|1701062206\n|move|p2a: Sandaconda|Stealth Rock|p1a: Luggma\n|-sidestart|p1: So Threatening|move: Stealth Rock\n|move|p1a: Luggma|Recover|p1a: Luggma\n|-heal|p1a: Luggma|93\/100\n|\n|upkeep\n|turn|8\n|\n|t:|1701062264\n|switch|p2a: Hariyama|Hariyama, M|100\/100\n|-damage|p2a: Hariyama|88\/100|[from] Spikes\n|move|p1a: Luggma|Rapid Spin|p2a: Hariyama\n|-damage|p2a: Hariyama|81\/100\n|-boost|p1a: Luggma|spe|1\n|-sideend|p1: So Threatening|Stealth Rock|[from] move: Rapid Spin|[of] p1a: Luggma\n|\n|-heal|p2a: Hariyama|87\/100|[from] item: Leftovers\n|upkeep\n|turn|9\n|\n|t:|1701062276\n|move|p1a: Luggma|Body Press|p2a: Hariyama\n|-damage|p2a: Hariyama|53\/100\n|move|p2a: Hariyama|Bulk Up|p2a: Hariyama\n|-boost|p2a: Hariyama|atk|1\n|-boost|p2a: Hariyama|def|1\n|\n|-heal|p2a: Hariyama|59\/100|[from] item: Leftovers\n|upkeep\n|turn|10\n|\n|t:|1701062323\n|-terastallize|p2a: Hariyama|Fairy\n|move|p1a: Luggma|Body Press|p2a: Hariyama\n|-resisted|p2a: Hariyama\n|-damage|p2a: Hariyama|48\/100\n|move|p2a: Hariyama|Bulk Up|p2a: Hariyama\n|-boost|p2a: Hariyama|atk|1\n|-boost|p2a: Hariyama|def|1\n|\n|-heal|p2a: Hariyama|54\/100|[from] item: Leftovers\n|upkeep\n|turn|11\n|\n|t:|1701062355\n|switch|p1a: Alo Vera|Alomomola, F|100\/100\n|move|p2a: Hariyama|Earthquake|p1a: Alo Vera\n|-damage|p1a: Alo Vera|70\/100\n|\n|-heal|p2a: Hariyama|60\/100|[from] item: Leftovers\n|upkeep\n|turn|12\n|\n|t:|1701062374\n|move|p1a: Alo Vera|Flip Turn|p2a: Hariyama\n|-damage|p2a: Hariyama|54\/100\n|\n|t:|1701062386\n|switch|p1a: snel|Wo-Chien|100\/100|[from] Flip Turn\n|-ability|p1a: snel|Tablets of Ruin\n|move|p2a: Hariyama|Drain Punch|p1a: snel\n|-supereffective|p1a: snel\n|-damage|p1a: snel|23\/100\n|-heal|p2a: Hariyama|83\/100|[from] drain|[of] p1a: snel\n|\n|-heal|p1a: snel|30\/100|[from] item: Leftovers\n|-heal|p2a: Hariyama|89\/100|[from] item: Leftovers\n|upkeep\n|turn|13\n|\n|t:|1701062402\n|move|p1a: snel|Leech Seed|p2a: Hariyama|[miss]\n|-miss|p1a: snel|p2a: Hariyama\n|move|p2a: Hariyama|Drain Punch|p1a: snel\n|-supereffective|p1a: snel\n|-damage|p1a: snel|0 fnt\n|-heal|p2a: Hariyama|99\/100|[from] drain|[of] p1a: snel\n|faint|p1a: snel\n|\n|-heal|p2a: Hariyama|100\/100|[from] item: Leftovers\n|upkeep\n|\n|t:|1701062414\n|switch|p1a: SANDY CROCS|Sandy Shocks|100\/100\n|turn|14\n|\n|t:|1701062501\n|move|p1a: SANDY CROCS|Earth Power|p2a: Hariyama\n|-damage|p2a: Hariyama|63\/100\n|move|p2a: Hariyama|Rock Slide|p1a: SANDY CROCS\n|-resisted|p1a: SANDY CROCS\n|-damage|p1a: SANDY CROCS|79\/100\n|\n|-heal|p1a: SANDY CROCS|85\/100|[from] item: Leftovers\n|-heal|p2a: Hariyama|69\/100|[from] item: Leftovers\n|upkeep\n|turn|15\n|\n|t:|1701062513\n|move|p1a: SANDY CROCS|Volt Switch|p2a: Hariyama\n|-damage|p2a: Hariyama|40\/100\n|\n|t:|1701062515\n|-end|p1a: SANDY CROCS|Protosynthesis|[silent]\n|switch|p1a: I am Speed|Talonflame, M|100\/100|[from] Volt Switch\n|move|p2a: Hariyama|Drain Punch|p1a: I am Speed\n|-resisted|p1a: I am Speed\n|-damage|p1a: I am Speed|61\/100\n|-heal|p2a: Hariyama|54\/100|[from] drain|[of] p1a: I am Speed\n|\n|-heal|p2a: Hariyama|60\/100|[from] item: Leftovers\n|upkeep\n|turn|16\n|\n|t:|1701062571\n|move|p1a: I am Speed|Will-O-Wisp|p2a: Hariyama\n|-status|p2a: Hariyama|brn\n|move|p2a: Hariyama|Rock Slide|p1a: I am Speed\n|-supereffective|p1a: I am Speed\n|-damage|p1a: I am Speed|0 fnt\n|faint|p1a: I am Speed\n|\n|-heal|p2a: Hariyama|66\/100 brn|[from] item: Leftovers\n|-damage|p2a: Hariyama|60\/100 brn|[from] brn\n|upkeep\n|\n|t:|1701062577\n|switch|p1a: No Ghosts?|Zamazenta-Crowned|100\/100\n|-ability|p1a: No Ghosts?|Dauntless Shield|boost\n|-boost|p1a: No Ghosts?|def|1\n|turn|17\n|\n|t:|1701062587\n|move|p1a: No Ghosts?|Heavy Slam|p2a: Hariyama\n|-supereffective|p2a: Hariyama\n|-damage|p2a: Hariyama|26\/100 brn\n|move|p2a: Hariyama|Drain Punch|p1a: No Ghosts?\n|-supereffective|p1a: No Ghosts?\n|-damage|p1a: No Ghosts?|15\/100\n|-heal|p2a: Hariyama|55\/100 brn|[from] drain|[of] p1a: No Ghosts?\n|\n|-heal|p2a: Hariyama|61\/100 brn|[from] item: Leftovers\n|-damage|p2a: Hariyama|55\/100 brn|[from] brn\n|upkeep\n|turn|18\n|\n|t:|1701062600\n|move|p1a: No Ghosts?|Heavy Slam|p2a: Hariyama\n|-supereffective|p2a: Hariyama\n|-damage|p2a: Hariyama|22\/100 brn\n|move|p2a: Hariyama|Drain Punch|p1a: No Ghosts?\n|-supereffective|p1a: No Ghosts?\n|-damage|p1a: No Ghosts?|0 fnt\n|-heal|p2a: Hariyama|27\/100 brn|[from] drain|[of] p1a: No Ghosts?\n|faint|p1a: No Ghosts?\n|\n|-heal|p2a: Hariyama|33\/100 brn|[from] item: Leftovers\n|-damage|p2a: Hariyama|27\/100 brn|[from] brn\n|upkeep\n|\n|t:|1701062602\n|switch|p1a: SANDY CROCS|Sandy Shocks|85\/100\n|turn|19\n|\n|t:|1701062614\n|move|p1a: SANDY CROCS|Earth Power|p2a: Hariyama\n|-damage|p2a: Hariyama|0 fnt\n|faint|p2a: Hariyama\n|\n|-heal|p1a: SANDY CROCS|91\/100|[from] item: Leftovers\n|upkeep\n|\n|t:|1701062695\n|switch|p2a: Ogerpon|Ogerpon-Wellspring, F|100\/100\n|-damage|p2a: Ogerpon|88\/100|[from] Spikes\n|turn|20\n|\n|t:|1701062708\n|move|p2a: Ogerpon|Ivy Cudgel|p1a: SANDY CROCS|[anim] Ivy Cudgel Water\n|-supereffective|p1a: SANDY CROCS\n|-damage|p1a: SANDY CROCS|0 fnt\n|faint|p1a: SANDY CROCS\n|-end|p1a: SANDY CROCS|Protosynthesis|[silent]\n|\n|upkeep\n|\n|t:|1701062714\n|switch|p1a: Luggma|Avalugg, F, tera:Ghost|93\/100\n|turn|21\n|\n|t:|1701062766\n|switch|p2a: Sandaconda|Sandaconda, F|77\/100\n|-damage|p2a: Sandaconda|65\/100|[from] Spikes\n|switch|p1a: Alo Vera|Alomomola, F|100\/100\n|\n|upkeep\n|turn|22\n|\n|t:|1701062776\n|switch|p2a: Ogerpon|Ogerpon-Wellspring, F|88\/100\n|-damage|p2a: Ogerpon|76\/100|[from] Spikes\n|move|p1a: Alo Vera|Wish|p1a: Alo Vera\n|\n|upkeep\n|turn|23\n|\n|t:|1701062782\n|move|p2a: Ogerpon|Swords Dance|p2a: Ogerpon\n|-boost|p2a: Ogerpon|atk|2\n|move|p1a: Alo Vera|Acrobatics|p2a: Ogerpon\n|-supereffective|p2a: Ogerpon\n|-damage|p2a: Ogerpon|52\/100\n|\n|upkeep\n|turn|24\n|\n|t:|1701062799\n|move|p2a: Ogerpon|Horn Leech|p1a: Alo Vera\n|-supereffective|p1a: Alo Vera\n|-enditem|p1a: Alo Vera|Rindo Berry|[eat]\n|-enditem|p1a: Alo Vera|Rindo Berry|[weaken]\n|-damage|p1a: Alo Vera|53\/100\n|-heal|p2a: Ogerpon|91\/100|[from] drain|[of] p1a: Alo Vera\n|move|p1a: Alo Vera|Acrobatics|p2a: Ogerpon\n|-supereffective|p2a: Ogerpon\n|-damage|p2a: Ogerpon|41\/100\n|\n|upkeep\n|turn|25\n|\n|t:|1701062809\n|move|p2a: Ogerpon|Horn Leech|p1a: Alo Vera\n|-supereffective|p1a: Alo Vera\n|-damage|p1a: Alo Vera|0 fnt\n|-heal|p2a: Ogerpon|85\/100|[from] drain|[of] p1a: Alo Vera\n|faint|p1a: Alo Vera\n|\n|upkeep\n|c|\u2606So Threatening|gg\n|c|\u2606DaModSquad|gg\n|c|\u2606DaModSquad|ggs\n|-message|So Threatening forfeited.\n|\n|win|DaModSquad\n|l|\u2606So Threatening\n","uploadtime":1701062823,"views":47,"p1id":"sothreatening","p2id":"damodsquad","formatid":"gen9ubers","rating":0,"private":0,"password":""}