{"id":"gen9ubers-1984009106","p1":"1P1o1s1h1e1","p2":"adpg.alt","format":"[Gen 9] Ubers","log":"|j|\u26061P1o1s1h1e1\n|j|\u2606adpg.alt\n|t:|1699209379\n|gametype|singles\n|player|p1|1P1o1s1h1e1|2|\n|player|p2|adpg.alt|hilbert-wonderlauncher|\n|teamsize|p1|6\n|teamsize|p2|6\n|gen|9\n|tier|[Gen 9] Ubers\n|rule|Sleep Clause Mod: Limit one foe put to sleep\n|rule|Species Clause: Limit one of each Pok\u00e9mon\n|rule|OHKO Clause: OHKO moves are banned\n|rule|Evasion Items Clause: Evasion items are banned\n|rule|Evasion Moves Clause: Evasion moves are banned\n|rule|Endless Battle Clause: Forcing endless battles is banned\n|rule|HP Percentage Mod: HP is shown in percentages\n|clearpoke\n|poke|p1|Zacian-*|\n|poke|p1|Ninetales-Alola, M|\n|poke|p1|Baxcalibur, M|\n|poke|p1|Alomomola, F|\n|poke|p1|Maushold|\n|poke|p1|Arceus-Ghost|\n|poke|p2|Orthworm, F|\n|poke|p2|Scream Tail|\n|poke|p2|Zacian-*|\n|poke|p2|Volcarona, M|\n|poke|p2|Roaring Moon|\n|poke|p2|Arceus-Poison|\n|teampreview\n|\n|t:|1699209390\n|start\n|switch|p1a: Ninetales|Ninetales-Alola, M|100\/100\n|switch|p2a: I'm not outclassed|Orthworm, F|100\/100\n|-weather|Snow|[from] ability: Snow Warning|[of] p1a: Ninetales\n|turn|1\n|\n|t:|1699209404\n|move|p1a: Ninetales|Aurora Veil|p1a: Ninetales\n|-sidestart|p1: 1P1o1s1h1e1|move: Aurora Veil\n|move|p2a: I'm not outclassed|Shed Tail|p2a: I'm not outclassed\n|-start|p2a: I'm not outclassed|Substitute|[from] move: Shed Tail\n|-damage|p2a: I'm not outclassed|50\/100\n|-enditem|p2a: I'm not outclassed|Sitrus Berry|[eat]\n|-heal|p2a: I'm not outclassed|75\/100|[from] item: Sitrus Berry\n|\n|t:|1699209412\n|switch|p2a: Get Moth'ed|Volcarona, M|100\/100|[from] Shed Tail\n|\n|-weather|Snow|[upkeep]\n|upkeep\n|turn|2\n|\n|t:|1699209418\n|move|p2a: Get Moth'ed|Quiver Dance|p2a: Get Moth'ed\n|-boost|p2a: Get Moth'ed|spa|1\n|-boost|p2a: Get Moth'ed|spd|1\n|-boost|p2a: Get Moth'ed|spe|1\n|move|p1a: Ninetales|Roar|p2a: Get Moth'ed\n|drag|p2a: Arceus|Arceus-Poison|100\/100\n|\n|-weather|Snow|[upkeep]\n|upkeep\n|turn|3\n|\n|t:|1699209437\n|move|p2a: Arceus|Sludge Bomb|p1a: Ninetales\n|-supereffective|p1a: Ninetales\n|-crit|p1a: Ninetales\n|-damage|p1a: Ninetales|0 fnt\n|faint|p1a: Ninetales\n|\n|-weather|Snow|[upkeep]\n|upkeep\n|\n|t:|1699209444\n|switch|p1a: Baxcalibur|Baxcalibur, M, shiny|100\/100\n|turn|4\n|\n|t:|1699209455\n|switch|p2a: I'm not outclassed|Orthworm, F|75\/100\n|move|p1a: Baxcalibur|Icicle Spear|p2a: I'm not outclassed\n|-resisted|p2a: I'm not outclassed\n|-damage|p2a: I'm not outclassed|72\/100\n|-resisted|p2a: I'm not outclassed\n|-damage|p2a: I'm not outclassed|68\/100\n|-resisted|p2a: I'm not outclassed\n|-crit|p2a: I'm not outclassed\n|-damage|p2a: I'm not outclassed|62\/100\n|-resisted|p2a: I'm not outclassed\n|-damage|p2a: I'm not outclassed|58\/100\n|-resisted|p2a: I'm not outclassed\n|-damage|p2a: I'm not outclassed|53\/100\n|-hitcount|p2a: I'm not outclassed|5\n|\n|-weather|Snow|[upkeep]\n|upkeep\n|turn|5\n|\n|t:|1699209473\n|move|p1a: Baxcalibur|Scale Shot|p2a: I'm not outclassed\n|-resisted|p2a: I'm not outclassed\n|-damage|p2a: I'm not outclassed|50\/100\n|-resisted|p2a: I'm not outclassed\n|-damage|p2a: I'm not outclassed|46\/100\n|-resisted|p2a: I'm not outclassed\n|-crit|p2a: I'm not outclassed\n|-damage|p2a: I'm not outclassed|40\/100\n|-resisted|p2a: I'm not outclassed\n|-damage|p2a: I'm not outclassed|36\/100\n|-resisted|p2a: I'm not outclassed\n|-damage|p2a: I'm not outclassed|32\/100\n|-hitcount|p2a: I'm not outclassed|5\n|-unboost|p1a: Baxcalibur|def|1\n|-boost|p1a: Baxcalibur|spe|1\n|move|p2a: I'm not outclassed|Shed Tail|p2a: I'm not outclassed\n|-fail|p2a: I'm not outclassed|move: Shed Tail|[weak]\n|\n|-weather|none\n|upkeep\n|turn|6\n|\n|t:|1699209480\n|move|p1a: Baxcalibur|Swords Dance|p1a: Baxcalibur\n|-boost|p1a: Baxcalibur|atk|2\n|move|p2a: I'm not outclassed|Body Press|p1a: Baxcalibur\n|-supereffective|p1a: Baxcalibur\n|-damage|p1a: Baxcalibur|51\/100\n|\n|upkeep\n|turn|7\n|\n|t:|1699209492\n|move|p1a: Baxcalibur|Icicle Spear|p2a: I'm not outclassed\n|-resisted|p2a: I'm not outclassed\n|-damage|p2a: I'm not outclassed|24\/100\n|-resisted|p2a: I'm not outclassed\n|-damage|p2a: I'm not outclassed|16\/100\n|-resisted|p2a: I'm not outclassed\n|-damage|p2a: I'm not outclassed|8\/100\n|-resisted|p2a: I'm not outclassed\n|-damage|p2a: I'm not outclassed|0 fnt\n|faint|p2a: I'm not outclassed\n|-hitcount|p2: I'm not outclassed|4\n|\n|upkeep\n|\n|t:|1699209504\n|switch|p2a: Zacian-Villain|Zacian|100\/100\n|-ability|p2a: Zacian-Villain|Intrepid Sword|boost\n|-boost|p2a: Zacian-Villain|atk|1\n|turn|8\n|\n|t:|1699209516\n|-terastallize|p1a: Baxcalibur|Ice\n|-terastallize|p2a: Zacian-Villain|Fire\n|move|p1a: Baxcalibur|Icicle Spear|p2a: Zacian-Villain\n|-resisted|p2a: Zacian-Villain\n|-crit|p2a: Zacian-Villain\n|-damage|p2a: Zacian-Villain|76\/100\n|-resisted|p2a: Zacian-Villain\n|-damage|p2a: Zacian-Villain|57\/100\n|-resisted|p2a: Zacian-Villain\n|-damage|p2a: Zacian-Villain|40\/100\n|-resisted|p2a: Zacian-Villain\n|-crit|p2a: Zacian-Villain\n|-damage|p2a: Zacian-Villain|14\/100\n|-resisted|p2a: Zacian-Villain\n|-damage|p2a: Zacian-Villain|0 fnt\n|faint|p2a: Zacian-Villain\n|-hitcount|p2: Zacian-Villain|5\n|\n|-sideend|p1: 1P1o1s1h1e1|move: Aurora Veil\n|upkeep\n|c|\u26061P1o1s1h1e1|Yeooooo\n|\n|t:|1699209534\n|switch|p2a: Get Moth'ed|Volcarona, M|100\/100\n|turn|9\n|c|\u26061P1o1s1h1e1|What the fu k\n|\n|t:|1699209538\n|move|p1a: Baxcalibur|Scale Shot|p2a: Get Moth'ed\n|-damage|p2a: Get Moth'ed|70\/100\n|-damage|p2a: Get Moth'ed|38\/100\n|-damage|p2a: Get Moth'ed|4\/100\n|-damage|p2a: Get Moth'ed|0 fnt\n|faint|p2a: Get Moth'ed\n|-hitcount|p2: Get Moth'ed|4\n|-unboost|p1a: Baxcalibur|def|1\n|-boost|p1a: Baxcalibur|spe|1\n|\n|upkeep\n|c|\u2606adpg.alt|Well... My luck sell me another Battle, lol\n|c|\u2606adpg.alt|GG\n|c|\u26061P1o1s1h1e1|gg\n|\n|t:|1699209587\n|switch|p2a: Arceus|Arceus-Poison|100\/100\n|turn|10\n|\n|t:|1699209592\n|move|p1a: Baxcalibur|Earthquake|p2a: Arceus\n|-supereffective|p2a: Arceus\n|-damage|p2a: Arceus|2\/100\n|move|p2a: Arceus|Sludge Bomb|p1a: Baxcalibur\n|-damage|p1a: Baxcalibur|5\/100\n|\n|upkeep\n|turn|11\n|-message|adpg.alt forfeited.\n|\n|win|1P1o1s1h1e1\n|l|\u2606adpg.alt\n","uploadtime":1699209609,"views":7,"p1id":"1p1o1s1h1e1","p2id":"adpgalt","formatid":"gen9ubers","rating":0,"private":0,"password":""}