{"id":"gen9ubers-1975653310","p1":"Blake-Mamba","p2":"onska","format":"[Gen 9] Ubers","log":"|j|\u2606Blake-Mamba\n|j|\u2606onska\n|t:|1698219846\n|gametype|singles\n|player|p1|Blake-Mamba|juan|1196\n|player|p2|onska|265|1162\n|teamsize|p1|6\n|teamsize|p2|6\n|gen|9\n|tier|[Gen 9] Ubers\n|rated|\n|rule|Sleep Clause Mod: Limit one foe put to sleep\n|rule|Species Clause: Limit one of each Pok\u00e9mon\n|rule|OHKO Clause: OHKO moves are banned\n|rule|Evasion Items Clause: Evasion items are banned\n|rule|Evasion Moves Clause: Evasion moves are banned\n|rule|Endless Battle Clause: Forcing endless battles is banned\n|rule|HP Percentage Mod: HP is shown in percentages\n|clearpoke\n|poke|p1|Ogerpon-Hearthflame, F|\n|poke|p1|Vikavolt, F|\n|poke|p1|Kommo-o, F|\n|poke|p1|Ursaluna-Bloodmoon, M|\n|poke|p1|Yanmega, F|\n|poke|p1|Chandelure, F|\n|poke|p2|Ogerpon-Hearthflame, F|\n|poke|p2|Koraidon|\n|poke|p2|Flutter Mane|\n|poke|p2|Basculegion, M|\n|poke|p2|Miraidon|\n|poke|p2|Iron Treads|\n|teampreview\n|inactive|Battle timer is ON: inactive players will automatically lose when time's up. (requested by onska)\n|\n|t:|1698219851\n|start\n|switch|p1a: Vikavolt|Vikavolt, F|100\/100\n|switch|p2a: Koraidon|Koraidon|100\/100\n|-weather|SunnyDay|[from] ability: Orichalcum Pulse|[of] p2a: Koraidon\n|-activate|p2a: Koraidon|Orichalcum Pulse|[source]\n|turn|1\n|c|\u2606Blake-Mamba|Glhf\n|-activate|p1a: Vikavolt|item: Quick Claw\n|\n|t:|1698219860\n|move|p1a: Vikavolt|Sticky Web|p2a: Koraidon\n|-sidestart|p2: onska|move: Sticky Web\n|move|p2a: Koraidon|Dragon Claw|p1a: Vikavolt\n|-damage|p1a: Vikavolt|41\/100\n|\n|-weather|SunnyDay|[upkeep]\n|upkeep\n|turn|2\n|\n|t:|1698219868\n|switch|p1a: Chandelure|Chandelure, F|100\/100\n|move|p2a: Koraidon|Dragon Claw|p1a: Chandelure\n|-crit|p1a: Chandelure\n|-damage|p1a: Chandelure|0 fnt\n|faint|p1a: Chandelure\n|\n|-weather|SunnyDay|[upkeep]\n|upkeep\n|\n|t:|1698219878\n|switch|p1a: Yanmega|Yanmega, F, shiny|100\/100\n|turn|3\n|\n|t:|1698219883\n|move|p1a: Yanmega|Protect|p1a: Yanmega\n|-singleturn|p1a: Yanmega|Protect\n|move|p2a: Koraidon|U-turn|p1a: Yanmega\n|-activate|p1a: Yanmega|move: Protect\n|\n|-weather|SunnyDay|[upkeep]\n|-ability|p1a: Yanmega|Speed Boost|boost\n|-boost|p1a: Yanmega|spe|1\n|upkeep\n|turn|4\n|\n|t:|1698219893\n|switch|p2a: Miraidon|Miraidon|100\/100\n|-activate|p2a: Miraidon|move: Sticky Web\n|-unboost|p2a: Miraidon|spe|1\n|-fieldstart|move: Electric Terrain|[from] ability: Hadron Engine|[of] p2a: Miraidon\n|move|p1a: Yanmega|Air Slash|p2a: Miraidon\n|-resisted|p2a: Miraidon\n|-damage|p2a: Miraidon|83\/100\n|\n|-weather|SunnyDay|[upkeep]\n|-ability|p1a: Yanmega|Speed Boost|boost\n|-boost|p1a: Yanmega|spe|1\n|upkeep\n|turn|5\n|\n|t:|1698219908\n|switch|p2a: Iron Treads|Iron Treads|100\/100\n|-activate|p2a: Iron Treads|move: Sticky Web\n|-unboost|p2a: Iron Treads|spe|1\n|-activate|p2a: Iron Treads|ability: Quark Drive\n|-start|p2a: Iron Treads|quarkdriveatk\n|-terastallize|p1a: Yanmega|Bug\n|move|p1a: Yanmega|Bug Buzz|p2a: Iron Treads\n|-resisted|p2a: Iron Treads\n|-damage|p2a: Iron Treads|72\/100\n|-enditem|p1a: Yanmega|Throat Spray\n|-boost|p1a: Yanmega|spa|1|[from] item: Throat Spray\n|\n|-weather|SunnyDay|[upkeep]\n|-ability|p1a: Yanmega|Speed Boost|boost\n|-boost|p1a: Yanmega|spe|1\n|upkeep\n|turn|6\n|\n|t:|1698219925\n|move|p1a: Yanmega|Air Slash|p2a: Iron Treads\n|-resisted|p2a: Iron Treads\n|-damage|p2a: Iron Treads|44\/100\n|cant|p2a: Iron Treads|flinch\n|\n|-weather|SunnyDay|[upkeep]\n|-ability|p1a: Yanmega|Speed Boost|boost\n|-boost|p1a: Yanmega|spe|1\n|upkeep\n|turn|7\n|\n|t:|1698219934\n|move|p1a: Yanmega|Bug Buzz|p2a: Iron Treads\n|-resisted|p2a: Iron Treads\n|-damage|p2a: Iron Treads|0 fnt\n|faint|p2a: Iron Treads\n|-end|p2a: Iron Treads|Quark Drive|[silent]\n|\n|-weather|SunnyDay|[upkeep]\n|-ability|p1a: Yanmega|Speed Boost|boost\n|-boost|p1a: Yanmega|spe|1\n|upkeep\n|-message|onska forfeited.\n|\n|win|Blake-Mamba\n|raw|Blake-Mamba's rating: 1196 &rarr; <strong>1219<\/strong><br \/>(+23 for winning)\n|raw|onska's rating: 1162 &rarr; <strong>1139<\/strong><br \/>(-23 for losing)\n|l|\u2606onska\n","uploadtime":1698219953,"views":16,"p1id":"blakemamba","p2id":"onska","formatid":"gen9ubers","rating":1139,"private":0,"password":""}