{"id":"gen9ubers-1979053662","p1":"vh7f","p2":"warewolflmka","format":"[Gen 9] Ubers","log":"|j|\u2606vh7f\n|j|\u2606warewolflmka\n|t:|1698626260\n|gametype|singles\n|player|p1|vh7f|rocketexecutive-gen2|1089\n|player|p2|warewolflmka|hiker-gen4|1148\n|teamsize|p1|6\n|teamsize|p2|6\n|gen|9\n|tier|[Gen 9] Ubers\n|rated|\n|rule|Sleep Clause Mod: Limit one foe put to sleep\n|rule|Species Clause: Limit one of each Pok\u00e9mon\n|rule|OHKO Clause: OHKO moves are banned\n|rule|Evasion Items Clause: Evasion items are banned\n|rule|Evasion Moves Clause: Evasion moves are banned\n|rule|Endless Battle Clause: Forcing endless battles is banned\n|rule|HP Percentage Mod: HP is shown in percentages\n|clearpoke\n|poke|p1|Iron Bundle|\n|poke|p1|Chien-Pao|\n|poke|p1|Ninetales-Alola, F|\n|poke|p1|Baxcalibur, M|\n|poke|p1|Calyrex-Ice|\n|poke|p1|Basculegion-F, F|\n|poke|p2|Koraidon|\n|poke|p2|Flutter Mane|\n|poke|p2|Great Tusk|\n|poke|p2|Groudon|\n|poke|p2|Walking Wake|\n|poke|p2|Magearna|\n|teampreview\n|inactive|Battle timer is ON: inactive players will automatically lose when time's up. (requested by warewolflmka)\n|\n|t:|1698626268\n|start\n|switch|p1a: Calyrex|Calyrex-Ice|100\/100\n|switch|p2a: Koraidon|Koraidon|100\/100\n|-ability|p1a: Calyrex|As One\n|-ability|p1a: Calyrex|Unnerve\n|-weather|SunnyDay|[from] ability: Orichalcum Pulse|[of] p2a: Koraidon\n|-activate|p2a: Koraidon|Orichalcum Pulse|[source]\n|turn|1\n|\n|t:|1698626277\n|-terastallize|p1a: Calyrex|Ground\n|move|p2a: Koraidon|Flame Charge|p1a: Calyrex\n|-damage|p1a: Calyrex|75\/100\n|-boost|p2a: Koraidon|spe|1\n|move|p1a: Calyrex|Agility|p1a: Calyrex\n|-boost|p1a: Calyrex|spe|2\n|\n|-weather|SunnyDay|[upkeep]\n|upkeep\n|turn|2\n|\n|t:|1698626293\n|move|p2a: Koraidon|Collision Course|p1a: Calyrex\n|-damage|p1a: Calyrex|23\/100\n|move|p1a: Calyrex|Glacial Lance|p2a: Koraidon\n|-supereffective|p2a: Koraidon\n|-damage|p2a: Koraidon|0 fnt\n|faint|p2a: Koraidon\n|-ability|p1a: Calyrex|Chilling Neigh|boost\n|-boost|p1a: Calyrex|atk|1\n|\n|-weather|SunnyDay|[upkeep]\n|upkeep\n|\n|t:|1698626304\n|switch|p2a: Walking Wake|Walking Wake|100\/100\n|-activate|p2a: Walking Wake|ability: Protosynthesis\n|-start|p2a: Walking Wake|protosynthesisspe\n|turn|3\n|\n|t:|1698626312\n|move|p2a: Walking Wake|Hydro Steam|p1a: Calyrex\n|-supereffective|p1a: Calyrex\n|-damage|p1a: Calyrex|0 fnt\n|faint|p1a: Calyrex\n|-damage|p2a: Walking Wake|91\/100|[from] item: Life Orb\n|\n|-weather|SunnyDay|[upkeep]\n|upkeep\n|\n|t:|1698626320\n|switch|p1a: Iron Bundle|Iron Bundle|100\/100\n|turn|4\n|\n|t:|1698626326\n|move|p2a: Walking Wake|Knock Off|p1a: Iron Bundle\n|-damage|p1a: Iron Bundle|67\/100\n|-enditem|p1a: Iron Bundle|Choice Specs|[from] move: Knock Off|[of] p2a: Walking Wake\n|-damage|p2a: Walking Wake|81\/100|[from] item: Life Orb\n|move|p1a: Iron Bundle|Freeze-Dry|p2a: Walking Wake\n|-supereffective|p2a: Walking Wake\n|-damage|p2a: Walking Wake|0 fnt\n|faint|p2a: Walking Wake\n|-end|p2a: Walking Wake|Protosynthesis|[silent]\n|\n|-weather|SunnyDay|[upkeep]\n|upkeep\n|\n|t:|1698626337\n|switch|p2a: Great Tusk|Great Tusk|100\/100\n|-activate|p2a: Great Tusk|ability: Protosynthesis\n|-start|p2a: Great Tusk|protosynthesisatk\n|turn|5\n|\n|t:|1698626345\n|move|p1a: Iron Bundle|Ice Beam|p2a: Great Tusk\n|-supereffective|p2a: Great Tusk\n|-damage|p2a: Great Tusk|24\/100\n|move|p2a: Great Tusk|Brick Break|p1a: Iron Bundle\n|-supereffective|p1a: Iron Bundle\n|-damage|p1a: Iron Bundle|0 fnt\n|faint|p1a: Iron Bundle\n|-end|p1a: Iron Bundle|Quark Drive|[silent]\n|\n|-weather|SunnyDay|[upkeep]\n|upkeep\n|\n|t:|1698626351\n|switch|p1a: Chien-Pao|Chien-Pao|100\/100\n|-ability|p1a: Chien-Pao|Sword of Ruin\n|turn|6\n|\n|t:|1698626355\n|move|p1a: Chien-Pao|Ice Spinner|p2a: Great Tusk\n|-supereffective|p2a: Great Tusk\n|-damage|p2a: Great Tusk|0 fnt\n|faint|p2a: Great Tusk\n|-end|p2a: Great Tusk|Protosynthesis|[silent]\n|-damage|p1a: Chien-Pao|91\/100|[from] item: Life Orb\n|\n|-weather|SunnyDay|[upkeep]\n|upkeep\n|\n|t:|1698626365\n|switch|p2a: Magearna|Magearna|100\/100\n|turn|7\n|\n|t:|1698626370\n|move|p1a: Chien-Pao|Sacred Sword|p2a: Magearna\n|-damage|p2a: Magearna|66\/100\n|-damage|p1a: Chien-Pao|81\/100|[from] item: Life Orb\n|move|p2a: Magearna|Fleur Cannon|p1a: Chien-Pao\n|-supereffective|p1a: Chien-Pao\n|-damage|p1a: Chien-Pao|0 fnt\n|-unboost|p2a: Magearna|spa|2\n|faint|p1a: Chien-Pao\n|-ability|p2a: Magearna|Soul-Heart|boost\n|-boost|p2a: Magearna|spa|1\n|\n|-weather|SunnyDay|[upkeep]\n|-heal|p2a: Magearna|72\/100|[from] item: Leftovers\n|upkeep\n|\n|t:|1698626375\n|switch|p1a: Ninetales|Ninetales-Alola, F|100\/100\n|-weather|Snow|[from] ability: Snow Warning|[of] p1a: Ninetales\n|turn|8\n|\n|t:|1698626390\n|move|p1a: Ninetales|Aurora Veil|p1a: Ninetales\n|-sidestart|p1: vh7f|move: Aurora Veil\n|move|p2a: Magearna|Flash Cannon|p1a: Ninetales\n|-supereffective|p1a: Ninetales\n|-damage|p1a: Ninetales|50\/100\n|\n|-weather|Snow|[upkeep]\n|-heal|p2a: Magearna|78\/100|[from] item: Leftovers\n|upkeep\n|turn|9\n|\n|t:|1698626396\n|move|p1a: Ninetales|Blizzard|p2a: Magearna\n|-resisted|p2a: Magearna\n|-damage|p2a: Magearna|63\/100\n|move|p2a: Magearna|Flash Cannon|p1a: Ninetales\n|-supereffective|p1a: Ninetales\n|-damage|p1a: Ninetales|0 fnt\n|faint|p1a: Ninetales\n|-ability|p2a: Magearna|Soul-Heart|boost\n|-boost|p2a: Magearna|spa|1\n|\n|-weather|Snow|[upkeep]\n|-heal|p2a: Magearna|69\/100|[from] item: Leftovers\n|upkeep\n|\n|t:|1698626399\n|switch|p1a: Baxcalibur|Baxcalibur, M, shiny|100\/100\n|turn|10\n|\n|t:|1698626416\n|move|p1a: Baxcalibur|Earthquake|p2a: Magearna\n|-supereffective|p2a: Magearna\n|-damage|p2a: Magearna|9\/100\n|move|p2a: Magearna|Fleur Cannon|p1a: Baxcalibur\n|-supereffective|p1a: Baxcalibur\n|-damage|p1a: Baxcalibur|37\/100\n|-unboost|p2a: Magearna|spa|2\n|\n|-weather|Snow|[upkeep]\n|-heal|p2a: Magearna|15\/100|[from] item: Leftovers\n|upkeep\n|turn|11\n|\n|t:|1698626431\n|switch|p2a: Groudon|Groudon|100\/100\n|-weather|SunnyDay|[from] ability: Drought|[of] p2a: Groudon\n|move|p1a: Baxcalibur|Earthquake|p2a: Groudon\n|-damage|p2a: Groudon|76\/100\n|\n|-weather|SunnyDay|[upkeep]\n|-heal|p2a: Groudon|82\/100|[from] item: Leftovers\n|upkeep\n|turn|12\n|\n|t:|1698626445\n|move|p1a: Baxcalibur|Icicle Spear|p2a: Groudon\n|-supereffective|p2a: Groudon\n|-damage|p2a: Groudon|63\/100\n|-supereffective|p2a: Groudon\n|-damage|p2a: Groudon|43\/100\n|-supereffective|p2a: Groudon\n|-damage|p2a: Groudon|24\/100\n|-supereffective|p2a: Groudon\n|-damage|p2a: Groudon|2\/100\n|-supereffective|p2a: Groudon\n|-damage|p2a: Groudon|0 fnt\n|faint|p2a: Groudon\n|-hitcount|p2: Groudon|5\n|\n|-weather|SunnyDay|[upkeep]\n|upkeep\n|\n|t:|1698626456\n|switch|p2a: Flutter Mane|Flutter Mane|100\/100\n|-activate|p2a: Flutter Mane|ability: Protosynthesis\n|-start|p2a: Flutter Mane|protosynthesisspe\n|turn|13\n|\n|t:|1698626463\n|move|p2a: Flutter Mane|Moonblast|p1a: Baxcalibur\n|-supereffective|p1a: Baxcalibur\n|-damage|p1a: Baxcalibur|0 fnt\n|faint|p1a: Baxcalibur\n|\n|-weather|SunnyDay|[upkeep]\n|upkeep\n|\n|t:|1698626467\n|switch|p1a: Basculegion|Basculegion-F, F|100\/100\n|turn|14\n|\n|t:|1698626476\n|move|p2a: Flutter Mane|Shadow Ball|p1a: Basculegion\n|-supereffective|p1a: Basculegion\n|-damage|p1a: Basculegion|58\/100\n|move|p1a: Basculegion|Last Respects|p2a: Flutter Mane\n|-supereffective|p2a: Flutter Mane\n|-damage|p2a: Flutter Mane|0 fnt\n|faint|p2a: Flutter Mane\n|-end|p2a: Flutter Mane|Protosynthesis|[silent]\n|\n|-weather|SunnyDay|[upkeep]\n|upkeep\n|\n|t:|1698626484\n|switch|p2a: Magearna|Magearna|15\/100\n|turn|15\n|\n|t:|1698626488\n|move|p1a: Basculegion|Last Respects|p2a: Magearna\n|-damage|p2a: Magearna|0 fnt\n|faint|p2a: Magearna\n|\n|win|vh7f\n|raw|vh7f's rating: 1089 &rarr; <strong>1120<\/strong><br \/>(+31 for winning)\n|raw|warewolflmka's rating: 1148 &rarr; <strong>1119<\/strong><br \/>(-29 for losing)\n|c|\u2606warewolflmka|gg\n|l|\u2606warewolflmka\n","uploadtime":1698626499,"views":11,"p1id":"vh7f","p2id":"warewolflmka","formatid":"gen9ubers","rating":1119,"private":0,"password":""}