{"id":"gen9ubers-1993044106","p1":"baki4739","p2":"asdlolxd69","format":"[Gen 9] Ubers","log":"|j|\u2606baki4739\n|j|\u2606asdlolxd69\n|inactive|Battle timer is ON: inactive players will automatically lose when time's up.\n|t:|1700258593\n|gametype|singles\n|player|p1|baki4739|cynthia-masters|\n|player|p2|asdlolxd69|zinnia|\n|teamsize|p1|6\n|teamsize|p2|6\n|gen|9\n|tier|[Gen 9] Ubers\n|rated|Tournament battle\n|rule|Sleep Clause Mod: Limit one foe put to sleep\n|rule|Species Clause: Limit one of each Pok\u00e9mon\n|rule|OHKO Clause: OHKO moves are banned\n|rule|Evasion Items Clause: Evasion items are banned\n|rule|Evasion Moves Clause: Evasion moves are banned\n|rule|Endless Battle Clause: Forcing endless battles is banned\n|rule|HP Percentage Mod: HP is shown in percentages\n|clearpoke\n|poke|p1|Iron Bundle|\n|poke|p1|Great Tusk|\n|poke|p1|Flutter Mane|\n|poke|p1|Ting-Lu|\n|poke|p1|Palafin, F|\n|poke|p1|Torkoal, F|\n|poke|p2|Froslass, F|\n|poke|p2|Grimmsnarl, M|\n|poke|p2|Kingambit, F|\n|poke|p2|Chien-Pao|\n|poke|p2|Flutter Mane|\n|poke|p2|Iron Moth|\n|teampreview\n|j|*Lady Monita \u2746\n|inactive|asdlolxd69 also wants the timer to be on.\n|inactive|baki4739 has 120 seconds left.\n|c|\u2606baki4739|glhf\n|c|\u2606asdlolxd69|gl\n|\n|t:|1700258643\n|start\n|switch|p1a: Palafin|Palafin, F|100\/100\n|switch|p2a: Grimmsnarl|Grimmsnarl, M|100\/100\n|turn|1\n|\n|t:|1700258657\n|move|p2a: Grimmsnarl|Light Screen|p2a: Grimmsnarl\n|-sidestart|p2: asdlolxd69|move: Light Screen\n|move|p1a: Palafin|Taunt|p2a: Grimmsnarl\n|-start|p2a: Grimmsnarl|move: Taunt\n|\n|upkeep\n|turn|2\n|\n|t:|1700258684\n|detailschange|p1a: Palafin|Palafin-Hero, F\n|switch|p1a: Torkoal|Torkoal, F|100\/100\n|-weather|SunnyDay|[from] ability: Drought|[of] p1a: Torkoal\n|move|p2a: Grimmsnarl|Play Rough|p1a: Torkoal\n|-resisted|p1a: Torkoal\n|-damage|p1a: Torkoal|87\/100\n|\n|-weather|SunnyDay|[upkeep]\n|upkeep\n|turn|3\n|inactive|asdlolxd69 has 120 seconds left.\n|\n|t:|1700258701\n|switch|p2a: Flutter Mane|Flutter Mane|100\/100\n|-activate|p2a: Flutter Mane|ability: Protosynthesis\n|-start|p2a: Flutter Mane|protosynthesisspe\n|move|p1a: Torkoal|Yawn|p2a: Flutter Mane\n|-start|p2a: Flutter Mane|move: Yawn|[of] p1a: Torkoal\n|\n|-weather|SunnyDay|[upkeep]\n|upkeep\n|turn|4\n|inactive|asdlolxd69 has 120 seconds left.\n|\n|t:|1700258736\n|move|p2a: Flutter Mane|Moonblast|p1a: Torkoal\n|-resisted|p1a: Torkoal\n|-damage|p1a: Torkoal|56\/100\n|-unboost|p1a: Torkoal|spa|1\n|-damage|p2a: Flutter Mane|91\/100|[from] item: Life Orb\n|move|p1a: Torkoal|Will-O-Wisp|p2a: Flutter Mane\n|-status|p2a: Flutter Mane|brn\n|\n|-weather|SunnyDay|[upkeep]\n|-damage|p2a: Flutter Mane|85\/100 brn|[from] brn\n|-end|p2a: Flutter Mane|move: Yawn|[silent]\n|upkeep\n|turn|5\n|\n|t:|1700258759\n|switch|p1a: Flutter Mane|Flutter Mane|100\/100\n|-activate|p1a: Flutter Mane|ability: Protosynthesis\n|-start|p1a: Flutter Mane|protosynthesisspa\n|move|p2a: Flutter Mane|Calm Mind|p2a: Flutter Mane\n|-boost|p2a: Flutter Mane|spa|1\n|-boost|p2a: Flutter Mane|spd|1\n|\n|-weather|SunnyDay|[upkeep]\n|-damage|p2a: Flutter Mane|79\/100 brn|[from] brn\n|upkeep\n|turn|6\n|\n|t:|1700258772\n|move|p2a: Flutter Mane|Shadow Ball|p1a: Flutter Mane\n|-supereffective|p1a: Flutter Mane\n|-damage|p1a: Flutter Mane|0 fnt\n|faint|p1a: Flutter Mane\n|-end|p1a: Flutter Mane|Protosynthesis|[silent]\n|-damage|p2a: Flutter Mane|69\/100 brn|[from] item: Life Orb\n|\n|-weather|SunnyDay|[upkeep]\n|-damage|p2a: Flutter Mane|63\/100 brn|[from] brn\n|upkeep\n|inactive|baki4739 has 120 seconds left.\n|\n|t:|1700258803\n|switch|p1a: Torkoal|Torkoal, F|56\/100\n|turn|7\n|inactive|asdlolxd69 has 90 seconds left.\n|\n|t:|1700258843\n|move|p2a: Flutter Mane|Psyshock|p1a: Torkoal\n|-damage|p1a: Torkoal|17\/100\n|-damage|p2a: Flutter Mane|53\/100 brn|[from] item: Life Orb\n|move|p1a: Torkoal|Earthquake|p2a: Flutter Mane\n|-damage|p2a: Flutter Mane|10\/100 brn\n|\n|-weather|SunnyDay|[upkeep]\n|-damage|p2a: Flutter Mane|4\/100 brn|[from] brn\n|upkeep\n|turn|8\n|inactive|baki4739 has 120 seconds left.\n|\n|t:|1700258862\n|switch|p1a: Ting-Lu|Ting-Lu|100\/100\n|-ability|p1a: Ting-Lu|Vessel of Ruin\n|move|p2a: Flutter Mane|Moonblast|p1a: Ting-Lu\n|-supereffective|p1a: Ting-Lu\n|-damage|p1a: Ting-Lu|23\/100\n|-unboost|p1a: Ting-Lu|spa|1\n|-damage|p2a: Flutter Mane|0 fnt|[from] item: Life Orb\n|faint|p2a: Flutter Mane\n|-end|p2a: Flutter Mane|Protosynthesis|[silent]\n|\n|-weather|SunnyDay|[upkeep]\n|-heal|p1a: Ting-Lu|29\/100|[from] item: Leftovers\n|-sideend|p2: asdlolxd69|move: Light Screen\n|upkeep\n|\n|t:|1700258880\n|switch|p2a: Grimmsnarl|Grimmsnarl, M|100\/100\n|turn|9\n|\n|t:|1700258886\n|move|p2a: Grimmsnarl|Light Screen|p2a: Grimmsnarl\n|-sidestart|p2: asdlolxd69|move: Light Screen\n|move|p1a: Ting-Lu|Ruination|p2a: Grimmsnarl\n|-damage|p2a: Grimmsnarl|50\/100\n|\n|-weather|none\n|-heal|p1a: Ting-Lu|35\/100|[from] item: Leftovers\n|upkeep\n|turn|10\n|inactive|asdlolxd69 has 90 seconds left.\n|\n|t:|1700258920\n|move|p2a: Grimmsnarl|Play Rough|p1a: Ting-Lu\n|-supereffective|p1a: Ting-Lu\n|-damage|p1a: Ting-Lu|0 fnt\n|faint|p1a: Ting-Lu\n|\n|upkeep\n|\n|t:|1700258928\n|switch|p1a: Torkoal|Torkoal, F|17\/100\n|-weather|SunnyDay|[from] ability: Drought|[of] p1a: Torkoal\n|turn|11\n|inactive|asdlolxd69 has 60 seconds left.\n|\n|t:|1700258961\n|move|p2a: Grimmsnarl|Play Rough|p1a: Torkoal\n|-resisted|p1a: Torkoal\n|-damage|p1a: Torkoal|3\/100\n|move|p1a: Torkoal|Will-O-Wisp|p2a: Grimmsnarl\n|-status|p2a: Grimmsnarl|brn\n|\n|-weather|SunnyDay|[upkeep]\n|-damage|p2a: Grimmsnarl|44\/100 brn|[from] brn\n|upkeep\n|turn|12\n|\n|t:|1700258972\n|move|p2a: Grimmsnarl|Play Rough|p1a: Torkoal\n|-resisted|p1a: Torkoal\n|-damage|p1a: Torkoal|0 fnt\n|faint|p1a: Torkoal\n|\n|-weather|SunnyDay|[upkeep]\n|-damage|p2a: Grimmsnarl|38\/100 brn|[from] brn\n|upkeep\n|inactive|baki4739 has 120 seconds left.\n|\n|t:|1700258990\n|switch|p1a: Iron Bundle|Iron Bundle|100\/100\n|turn|13\n|inactive|asdlolxd69 has 60 seconds left.\n|\n|t:|1700259032\n|move|p2a: Grimmsnarl|Reflect|p2a: Grimmsnarl\n|-sidestart|p2: asdlolxd69|Reflect\n|move|p1a: Iron Bundle|Electric Terrain|p1a: Iron Bundle\n|-fieldstart|move: Electric Terrain\n|-activate|p1a: Iron Bundle|ability: Quark Drive\n|-start|p1a: Iron Bundle|quarkdrivespe\n|\n|-weather|SunnyDay|[upkeep]\n|-damage|p2a: Grimmsnarl|32\/100 brn|[from] brn\n|upkeep\n|turn|14\n|\n|t:|1700259045\n|move|p1a: Iron Bundle|Hydro Pump|p2a: Grimmsnarl\n|-damage|p2a: Grimmsnarl|22\/100 brn\n|move|p2a: Grimmsnarl|Play Rough|p1a: Iron Bundle\n|-damage|p1a: Iron Bundle|80\/100\n|-unboost|p1a: Iron Bundle|atk|1\n|\n|-weather|SunnyDay|[upkeep]\n|-damage|p2a: Grimmsnarl|16\/100 brn|[from] brn\n|upkeep\n|turn|15\n|\n|t:|1700259059\n|move|p1a: Iron Bundle|Freeze-Dry|p2a: Grimmsnarl\n|-damage|p2a: Grimmsnarl|4\/100 brn\n|move|p2a: Grimmsnarl|Play Rough|p1a: Iron Bundle\n|-damage|p1a: Iron Bundle|59\/100\n|\n|-weather|SunnyDay|[upkeep]\n|-damage|p2a: Grimmsnarl|0 fnt|[from] brn\n|faint|p2a: Grimmsnarl\n|upkeep\n|inactive|asdlolxd69 has 30 seconds left.\n|inactive|asdlolxd69 has 20 seconds left.\n|inactive|asdlolxd69 has 15 seconds left.\n|inactive|asdlolxd69 has 10 seconds left.\n|inactive|asdlolxd69 has 5 seconds left.\n|\n|t:|1700259100\n|switch|p2a: Iron Moth|Iron Moth|100\/100\n|-activate|p2a: Iron Moth|ability: Quark Drive\n|-start|p2a: Iron Moth|quarkdrivespa\n|turn|16\n|inactive|asdlolxd69 has 15 seconds left this turn.\n|inactive|asdlolxd69 has 10 seconds left.\n|inactive|asdlolxd69 has 5 seconds left.\n|\n|t:|1700259112\n|move|p1a: Iron Bundle|Flip Turn|p2a: Iron Moth\n|-supereffective|p2a: Iron Moth\n|-damage|p2a: Iron Moth|93\/100\n|inactive|asdlolxd69 has 10 seconds left this turn.\n|\n|t:|1700259115\n|-end|p1a: Iron Bundle|Quark Drive|[silent]\n|switch|p1a: Great Tusk|Great Tusk|100\/100|[from] Flip Turn\n|-activate|p1a: Great Tusk|ability: Protosynthesis\n|-start|p1a: Great Tusk|protosynthesisdef\n|move|p2a: Iron Moth|Agility|p2a: Iron Moth\n|-boost|p2a: Iron Moth|spe|2\n|\n|-weather|SunnyDay|[upkeep]\n|-sideend|p2: asdlolxd69|move: Light Screen\n|upkeep\n|turn|17\n|inactive|asdlolxd69 has 20 seconds left this turn.\n|inactive|asdlolxd69 has 15 seconds left.\n|\n|t:|1700259127\n|-terastallize|p2a: Iron Moth|Fairy\n|move|p2a: Iron Moth|Dazzling Gleam|p1a: Great Tusk\n|-supereffective|p1a: Great Tusk\n|-damage|p1a: Great Tusk|0 fnt\n|faint|p1a: Great Tusk\n|-end|p1a: Great Tusk|Protosynthesis|[silent]\n|\n|-weather|SunnyDay|[upkeep]\n|-fieldend|move: Electric Terrain\n|-end|p2a: Iron Moth|Quark Drive\n|upkeep\n|-enditem|p2a: Iron Moth|Booster Energy\n|-activate|p2a: Iron Moth|ability: Quark Drive|[fromitem]\n|-start|p2a: Iron Moth|quarkdrivespe\n|inactive|asdlolxd69 has 20 seconds left this turn.\n|\n|t:|1700259147\n|switch|p1a: Iron Bundle|Iron Bundle|59\/100\n|turn|18\n|inactive|asdlolxd69 has 30 seconds left this turn.\n|inactive|asdlolxd69 has 20 seconds left.\n|\n|t:|1700259158\n|move|p2a: Iron Moth|Fiery Dance|p1a: Iron Bundle\n|-damage|p1a: Iron Bundle|0 fnt\n|faint|p1a: Iron Bundle\n|-end|p1a: Iron Bundle|Quark Drive|[silent]\n|\n|-weather|none\n|upkeep\n|inactive|asdlolxd69 has 25 seconds left this turn.\n|\n|t:|1700259163\n|switch|p1a: Palafin|Palafin-Hero, F|100\/100\n|-activate|p1a: Palafin|ability: Zero to Hero\n|turn|19\n|\n|t:|1700259168\n|-terastallize|p1a: Palafin|Fairy\n|move|p2a: Iron Moth|Dazzling Gleam|p1a: Palafin\n|-damage|p1a: Palafin|55\/100\n|move|p1a: Palafin|Bulk Up|p1a: Palafin\n|-boost|p1a: Palafin|atk|1\n|-boost|p1a: Palafin|def|1\n|\n|-heal|p1a: Palafin|61\/100|[from] item: Leftovers\n|upkeep\n|turn|20\n|\n|t:|1700259176\n|move|p1a: Palafin|Jet Punch|p2a: Iron Moth\n|-damage|p2a: Iron Moth|38\/100\n|move|p2a: Iron Moth|Dazzling Gleam|p1a: Palafin\n|-damage|p1a: Palafin|16\/100\n|\n|-heal|p1a: Palafin|22\/100|[from] item: Leftovers\n|-sideend|p2: asdlolxd69|Reflect\n|upkeep\n|turn|21\n|\n|t:|1700259184\n|move|p1a: Palafin|Jet Punch|p2a: Iron Moth\n|-damage|p2a: Iron Moth|0 fnt\n|faint|p2a: Iron Moth\n|-end|p2a: Iron Moth|Quark Drive|[silent]\n|\n|-heal|p1a: Palafin|28\/100|[from] item: Leftovers\n|upkeep\n|\n|t:|1700259191\n|switch|p2a: Froslass|Froslass, F|100\/100\n|turn|22\n|\n|t:|1700259197\n|move|p2a: Froslass|Icy Wind|p1a: Palafin\n|-damage|p1a: Palafin|8\/100\n|-unboost|p1a: Palafin|spe|1\n|move|p1a: Palafin|Taunt|p2a: Froslass\n|-start|p2a: Froslass|move: Taunt\n|\n|-heal|p1a: Palafin|14\/100|[from] item: Leftovers\n|upkeep\n|turn|23\n|\n|t:|1700259205\n|move|p1a: Palafin|Jet Punch|p2a: Froslass\n|-enditem|p2a: Froslass|Focus Sash\n|-damage|p2a: Froslass|1\/100\n|move|p2a: Froslass|Icy Wind|p1a: Palafin\n|-damage|p1a: Palafin|0 fnt\n|faint|p1a: Palafin\n|\n|win|asdlolxd69\n|n|\u2606baki4739|baki4739\n|n|\u2606asdlolxd69|asdlolxd69\n|n|*Lady Monita \u2746|ladymonita\n","uploadtime":1700259206,"views":6,"p1id":"baki4739","p2id":"asdlolxd69","formatid":"gen9ubers","rating":0,"private":0,"password":""}