{"id":"gen9ubers-1991224415","p1":"JohnLongGone","p2":"Epiclebruh","format":"[Gen 9] Ubers","log":"|j|\u2606JohnLongGone\n|j|\u2606Epiclebruh\n|t:|1700058872\n|gametype|singles\n|player|p1|JohnLongGone|iris-gen5bw2|\n|player|p2|Epiclebruh|blue|\n|teamsize|p1|6\n|teamsize|p2|6\n|gen|9\n|tier|[Gen 9] Ubers\n|rule|Sleep Clause Mod: Limit one foe put to sleep\n|rule|Species Clause: Limit one of each Pok\u00e9mon\n|rule|OHKO Clause: OHKO moves are banned\n|rule|Evasion Items Clause: Evasion items are banned\n|rule|Evasion Moves Clause: Evasion moves are banned\n|rule|Endless Battle Clause: Forcing endless battles is banned\n|rule|HP Percentage Mod: HP is shown in percentages\n|clearpoke\n|poke|p1|Baxcalibur, M|\n|poke|p1|Zacian-*|\n|poke|p1|Moltres|\n|poke|p1|Magearna|\n|poke|p1|Amoonguss, M|\n|poke|p1|Arceus-Dark|\n|poke|p2|Palkia-Origin|\n|poke|p2|Urshifu-*, M|\n|poke|p2|Palafin, M|\n|poke|p2|Gholdengo|\n|poke|p2|Zapdos|\n|poke|p2|Dialga-Origin|\n|teampreview\n|c|\u2606Epiclebruh|gl\n|\n|t:|1700058925\n|start\n|switch|p1a: Magearna|Magearna|100\/100\n|switch|p2a: Aquadolphin|Palafin, M|100\/100\n|turn|1\n|\n|t:|1700058940\n|move|p2a: Aquadolphin|Flip Turn|p1a: Magearna\n|-damage|p1a: Magearna|82\/100\n|\n|t:|1700058959\n|detailschange|p2a: Aquadolphin|Palafin-Hero, M\n|switch|p2a: ZEUS|Zapdos|100\/100|[from] Flip Turn\n|move|p1a: Magearna|Spikes|p2a: ZEUS\n|-sidestart|p2: Epiclebruh|Spikes\n|\n|-heal|p1a: Magearna|88\/100|[from] item: Leftovers\n|upkeep\n|turn|2\n|\n|t:|1700058971\n|move|p2a: ZEUS|Volt Switch|p1a: Magearna\n|-damage|p1a: Magearna|65\/100\n|\n|t:|1700058979\n|switch|p2a: Aquadolphin|Palafin-Hero, M|100\/100|[from] Volt Switch\n|-damage|p2a: Aquadolphin|88\/100|[from] Spikes\n|-activate|p2a: Aquadolphin|ability: Zero to Hero\n|move|p1a: Magearna|Volt Switch|p2a: Aquadolphin\n|-supereffective|p2a: Aquadolphin\n|-damage|p2a: Aquadolphin|42\/100\n|\n|t:|1700058989\n|switch|p1a: Amoonguss|Amoonguss, M|100\/100|[from] Volt Switch\n|\n|upkeep\n|turn|3\n|\n|t:|1700058995\n|move|p2a: Aquadolphin|Ice Punch|p1a: Amoonguss\n|-supereffective|p1a: Amoonguss\n|-damage|p1a: Amoonguss|57\/100\n|-status|p1a: Amoonguss|frz\n|-enditem|p1a: Amoonguss|Red Card|[of] p2a: Aquadolphin\n|drag|p2a: Bruce Lee|Urshifu, M|100\/100\n|-damage|p2a: Bruce Lee|88\/100|[from] Spikes\n|cant|p1a: Amoonguss|frz\n|\n|upkeep\n|turn|4\n|\n|t:|1700059008\n|switch|p1a: Moltres|Moltres|100\/100\n|move|p2a: Bruce Lee|U-turn|p1a: Moltres\n|-resisted|p1a: Moltres\n|-damage|p1a: Moltres|96\/100\n|-damage|p2a: Bruce Lee|78\/100|[from] item: Life Orb\n|\n|t:|1700059018\n|switch|p2a: NoArmsNoChocolate|Palkia-Origin|100\/100|[from] U-turn\n|-damage|p2a: NoArmsNoChocolate|88\/100|[from] Spikes\n|-ability|p2a: NoArmsNoChocolate|Pressure\n|\n|upkeep\n|turn|5\n|\n|t:|1700059038\n|switch|p1a: Arceus|Arceus-Dark|100\/100\n|move|p2a: NoArmsNoChocolate|Earth Power|p1a: Arceus\n|-crit|p1a: Arceus\n|-damage|p1a: Arceus|73\/100\n|\n|upkeep\n|turn|6\n|\n|t:|1700059055\n|switch|p2a: DiamondAreForever|Dialga-Origin|100\/100\n|-damage|p2a: DiamondAreForever|88\/100|[from] Spikes\n|move|p1a: Arceus|Thunder Wave|p2a: DiamondAreForever\n|-status|p2a: DiamondAreForever|par\n|\n|upkeep\n|turn|7\n|\n|t:|1700059063\n|move|p1a: Arceus|Stealth Rock|p2a: DiamondAreForever\n|-sidestart|p2: Epiclebruh|move: Stealth Rock\n|move|p2a: DiamondAreForever|Stealth Rock|p1a: Arceus\n|-sidestart|p1: JohnLongGone|move: Stealth Rock\n|\n|upkeep\n|turn|8\n|\n|t:|1700059073\n|switch|p1a: Magearna|Magearna|65\/100\n|-damage|p1a: Magearna|58\/100|[from] Stealth Rock\n|move|p2a: DiamondAreForever|Roar|p1a: Magearna\n|drag|p1a: Arceus|Arceus-Dark|73\/100\n|-damage|p1a: Arceus|61\/100|[from] Stealth Rock\n|\n|upkeep\n|turn|9\n|\n|t:|1700059083\n|move|p1a: Arceus|Recover|p1a: Arceus\n|-heal|p1a: Arceus|100\/100\n|cant|p2a: DiamondAreForever|par\n|\n|upkeep\n|turn|10\n|\n|t:|1700059093\n|switch|p2a: ZEUS|Zapdos|100\/100\n|move|p1a: Arceus|Judgment|p2a: ZEUS\n|-damage|p2a: ZEUS|50\/100\n|\n|upkeep\n|turn|11\n|\n|t:|1700059124\n|switch|p2a: Bruce Lee|Urshifu, M|78\/100\n|-damage|p2a: Bruce Lee|66\/100|[from] Spikes\n|-damage|p2a: Bruce Lee|60\/100|[from] Stealth Rock\n|move|p1a: Arceus|Judgment|p2a: Bruce Lee\n|-resisted|p2a: Bruce Lee\n|-damage|p2a: Bruce Lee|40\/100\n|\n|upkeep\n|turn|12\n|\n|t:|1700059140\n|switch|p1a: Moltres|Moltres|96\/100\n|move|p2a: Bruce Lee|Close Combat|p1a: Moltres\n|-resisted|p1a: Moltres\n|-damage|p1a: Moltres|69\/100\n|-unboost|p2a: Bruce Lee|def|1\n|-unboost|p2a: Bruce Lee|spd|1\n|-damage|p2a: Bruce Lee|30\/100|[from] item: Life Orb\n|\n|upkeep\n|turn|13\n|\n|t:|1700059158\n|switch|p2a: ZEUS|Zapdos|50\/100\n|move|p1a: Moltres|Roost|p1a: Moltres\n|-heal|p1a: Moltres|100\/100\n|-singleturn|p1a: Moltres|move: Roost\n|\n|upkeep\n|turn|14\n|\n|t:|1700059169\n|switch|p1a: Arceus|Arceus-Dark|100\/100\n|-damage|p1a: Arceus|88\/100|[from] Stealth Rock\n|move|p2a: ZEUS|Roost|p2a: ZEUS\n|-heal|p2a: ZEUS|100\/100\n|-singleturn|p2a: ZEUS|move: Roost\n|\n|upkeep\n|turn|15\n|\n|t:|1700059179\n|move|p1a: Arceus|Thunder Wave|p2a: ZEUS\n|-immune|p2a: ZEUS\n|move|p2a: ZEUS|Volt Switch|p1a: Arceus\n|-damage|p1a: Arceus|70\/100\n|\n|t:|1700059184\n|switch|p2a: Aquadolphin|Palafin-Hero, M|42\/100|[from] Volt Switch\n|-damage|p2a: Aquadolphin|30\/100|[from] Spikes\n|-damage|p2a: Aquadolphin|18\/100|[from] Stealth Rock\n|\n|upkeep\n|turn|16\n|\n|t:|1700059194\n|switch|p1a: Amoonguss|Amoonguss, M|90\/100 frz\n|-damage|p1a: Amoonguss|77\/100 frz|[from] Stealth Rock\n|move|p2a: Aquadolphin|Close Combat|p1a: Amoonguss\n|-resisted|p1a: Amoonguss\n|-damage|p1a: Amoonguss|59\/100 frz\n|-unboost|p2a: Aquadolphin|def|1\n|-unboost|p2a: Aquadolphin|spd|1\n|\n|upkeep\n|turn|17\n|\n|t:|1700059219\n|switch|p2a: Bruce Lee|Urshifu, M|30\/100\n|-damage|p2a: Bruce Lee|18\/100|[from] Spikes\n|-damage|p2a: Bruce Lee|12\/100|[from] Stealth Rock\n|cant|p1a: Amoonguss|frz\n|\n|upkeep\n|turn|18\n|\n|t:|1700059229\n|switch|p1a: Moltres|Moltres|100\/100\n|move|p2a: Bruce Lee|Swords Dance|p2a: Bruce Lee\n|-boost|p2a: Bruce Lee|atk|2\n|\n|upkeep\n|turn|19\n|\n|t:|1700059237\n|move|p2a: Bruce Lee|Wicked Blow|p1a: Moltres\n|-crit|p1a: Moltres\n|-damage|p1a: Moltres|0 fnt\n|faint|p1a: Moltres\n|-damage|p2a: Bruce Lee|2\/100|[from] item: Life Orb\n|\n|upkeep\n|\n|t:|1700059253\n|switch|p1a: Baxcalibur|Baxcalibur, M|100\/100\n|-damage|p1a: Baxcalibur|76\/100|[from] Stealth Rock\n|turn|20\n|\n|t:|1700059263\n|move|p1a: Baxcalibur|Ice Shard|p2a: Bruce Lee\n|-damage|p2a: Bruce Lee|0 fnt\n|faint|p2a: Bruce Lee\n|\n|upkeep\n|\n|t:|1700059275\n|switch|p2a: me ca$h u poor|Gholdengo|100\/100\n|-damage|p2a: me ca$h u poor|88\/100|[from] Spikes\n|-damage|p2a: me ca$h u poor|82\/100|[from] Stealth Rock\n|turn|21\n|\n|t:|1700059282\n|switch|p1a: Arceus|Arceus-Dark|70\/100\n|-damage|p1a: Arceus|58\/100|[from] Stealth Rock\n|move|p2a: me ca$h u poor|Focus Blast|p1a: Arceus\n|-supereffective|p1a: Arceus\n|-damage|p1a: Arceus|16\/100\n|\n|upkeep\n|turn|22\n|\n|t:|1700059297\n|-terastallize|p2a: me ca$h u poor|Fairy\n|move|p2a: me ca$h u poor|Focus Blast|p1a: Arceus|[miss]\n|-miss|p2a: me ca$h u poor|p1a: Arceus\n|move|p1a: Arceus|Judgment|p2a: me ca$h u poor\n|-resisted|p2a: me ca$h u poor\n|-damage|p2a: me ca$h u poor|52\/100\n|\n|upkeep\n|turn|23\n|\n|t:|1700059322\n|move|p2a: me ca$h u poor|Make It Rain|p1a: Arceus\n|-damage|p1a: Arceus|0 fnt\n|-unboost|p2a: me ca$h u poor|spa|1\n|faint|p1a: Arceus\n|\n|upkeep\n|\n|t:|1700059327\n|switch|p1a: Baxcalibur|Baxcalibur, M|76\/100\n|-damage|p1a: Baxcalibur|51\/100|[from] Stealth Rock\n|turn|24\n|\n|t:|1700059350\n|switch|p2a: DiamondAreForever|Dialga-Origin|88\/100 par\n|-damage|p2a: DiamondAreForever|75\/100 par|[from] Spikes\n|-damage|p2a: DiamondAreForever|69\/100 par|[from] Stealth Rock\n|move|p1a: Baxcalibur|Icicle Crash|p2a: DiamondAreForever\n|-damage|p2a: DiamondAreForever|18\/100 par\n|\n|upkeep\n|turn|25\n|\n|t:|1700059362\n|move|p1a: Baxcalibur|Icicle Crash|p2a: DiamondAreForever\n|-damage|p2a: DiamondAreForever|0 fnt\n|faint|p2a: DiamondAreForever\n|\n|upkeep\n|\n|t:|1700059369\n|switch|p2a: NoArmsNoChocolate|Palkia-Origin|88\/100\n|-damage|p2a: NoArmsNoChocolate|76\/100|[from] Spikes\n|-damage|p2a: NoArmsNoChocolate|63\/100|[from] Stealth Rock\n|-ability|p2a: NoArmsNoChocolate|Pressure\n|turn|26\n|\n|t:|1700059377\n|switch|p1a: Magearna|Magearna|58\/100\n|-damage|p1a: Magearna|52\/100|[from] Stealth Rock\n|move|p2a: NoArmsNoChocolate|Spacial Rend|p1a: Magearna\n|-immune|p1a: Magearna\n|\n|-heal|p1a: Magearna|58\/100|[from] item: Leftovers\n|upkeep\n|turn|27\n|\n|t:|1700059385\n|move|p2a: NoArmsNoChocolate|Earth Power|p1a: Magearna\n|-supereffective|p1a: Magearna\n|-damage|p1a: Magearna|15\/100\n|move|p1a: Magearna|Thunder Wave|p2a: NoArmsNoChocolate\n|-status|p2a: NoArmsNoChocolate|par\n|\n|-heal|p1a: Magearna|21\/100|[from] item: Leftovers\n|upkeep\n|turn|28\n|\n|t:|1700059396\n|move|p2a: NoArmsNoChocolate|Earth Power|p1a: Magearna\n|-supereffective|p1a: Magearna\n|-damage|p1a: Magearna|0 fnt\n|faint|p1a: Magearna\n|\n|upkeep\n|\n|t:|1700059419\n|switch|p1a: Baxcalibur|Baxcalibur, M|51\/100\n|-damage|p1a: Baxcalibur|26\/100|[from] Stealth Rock\n|turn|29\n|\n|t:|1700059435\n|move|p1a: Baxcalibur|Icicle Crash|p2a: NoArmsNoChocolate\n|-damage|p2a: NoArmsNoChocolate|0 fnt\n|faint|p2a: NoArmsNoChocolate\n|\n|upkeep\n|\n|t:|1700059441\n|switch|p2a: ZEUS|Zapdos|100\/100\n|turn|30\n|\n|t:|1700059456\n|switch|p1a: Amoonguss|Amoonguss, M|92\/100 frz\n|-damage|p1a: Amoonguss|80\/100 frz|[from] Stealth Rock\n|move|p2a: ZEUS|Volt Switch|p1a: Amoonguss\n|-resisted|p1a: Amoonguss\n|-damage|p1a: Amoonguss|62\/100 frz\n|\n|t:|1700059464\n|switch|p2a: Aquadolphin|Palafin-Hero, M|18\/100|[from] Volt Switch\n|-damage|p2a: Aquadolphin|5\/100|[from] Spikes\n|-damage|p2a: Aquadolphin|0 fnt|[from] Stealth Rock\n|faint|p2a: Aquadolphin\n|\n|upkeep\n|\n|t:|1700059471\n|switch|p2a: me ca$h u poor|Gholdengo, tera:Fairy|52\/100\n|-damage|p2a: me ca$h u poor|40\/100|[from] Spikes\n|-damage|p2a: me ca$h u poor|27\/100|[from] Stealth Rock\n|turn|31\n|\n|t:|1700059486\n|move|p2a: me ca$h u poor|Make It Rain|p1a: Amoonguss\n|-damage|p1a: Amoonguss|11\/100 frz\n|-unboost|p2a: me ca$h u poor|spa|1\n|cant|p1a: Amoonguss|frz\n|\n|upkeep\n|turn|32\n|\n|t:|1700059495\n|move|p2a: me ca$h u poor|Make It Rain|p1a: Amoonguss\n|-damage|p1a: Amoonguss|0 fnt\n|-unboost|p2a: me ca$h u poor|spa|1\n|faint|p1a: Amoonguss\n|\n|upkeep\n|\n|t:|1700059498\n|switch|p1a: Zacian|Zacian|100\/100\n|-damage|p1a: Zacian|88\/100|[from] Stealth Rock\n|-ability|p1a: Zacian|Intrepid Sword|boost\n|-boost|p1a: Zacian|atk|1\n|-enditem|p2a: me ca$h u poor|Mirror Herb\n|-boost|p2a: me ca$h u poor|atk|1|[from] item: Mirror Herb\n|turn|33\n|\n|t:|1700059508\n|switch|p2a: ZEUS|Zapdos|100\/100\n|-terastallize|p1a: Zacian|Fairy\n|move|p1a: Zacian|Play Rough|p2a: ZEUS\n|-damage|p2a: ZEUS|0 fnt\n|faint|p2a: ZEUS\n|-damage|p1a: Zacian|78\/100|[from] item: Life Orb\n|\n|upkeep\n|\n|t:|1700059516\n|switch|p2a: me ca$h u poor|Gholdengo, tera:Fairy|27\/100\n|-damage|p2a: me ca$h u poor|15\/100|[from] Spikes\n|-damage|p2a: me ca$h u poor|2\/100|[from] Stealth Rock\n|turn|34\n|c|\u2606Epiclebruh|gg\n|\n|t:|1700059522\n|move|p1a: Zacian|Trailblaze|p2a: me ca$h u poor\n|-damage|p2a: me ca$h u poor|0 fnt\n|-boost|p1a: Zacian|spe|1\n|faint|p2a: me ca$h u poor\n|-damage|p1a: Zacian|68\/100|[from] item: Life Orb\n|\n|win|JohnLongGone\n|c|\u2606JohnLongGone|gg\n","uploadtime":1700059533,"views":15,"p1id":"johnlonggone","p2id":"epiclebruh","formatid":"gen9ubers","rating":0,"private":0,"password":""}