{"id":"gen9ubers-1990833390","p1":"Nagaina040501","p2":"flambojambo","format":"[Gen 9] Ubers","log":"|j|\u2606Nagaina040501\n|j|\u2606flambojambo\n|t:|1700005575\n|gametype|singles\n|player|p1|Nagaina040501|sailor|\n|player|p2|flambojambo|skyla|\n|teamsize|p1|6\n|teamsize|p2|6\n|gen|9\n|tier|[Gen 9] Ubers\n|rule|Sleep Clause Mod: Limit one foe put to sleep\n|rule|Species Clause: Limit one of each Pok\u00e9mon\n|rule|OHKO Clause: OHKO moves are banned\n|rule|Evasion Items Clause: Evasion items are banned\n|rule|Evasion Moves Clause: Evasion moves are banned\n|rule|Endless Battle Clause: Forcing endless battles is banned\n|rule|HP Percentage Mod: HP is shown in percentages\n|clearpoke\n|poke|p1|Palafin, F|\n|poke|p1|Greninja-*, M|\n|poke|p1|Pelipper, F|\n|poke|p1|Zapdos|\n|poke|p1|Basculegion, M|\n|poke|p1|Ursaluna-Bloodmoon, M|\n|poke|p2|Zamazenta-*|\n|poke|p2|Skeledirge, F|\n|poke|p2|Enamorus, F|\n|poke|p2|Manaphy|\n|poke|p2|Kommo-o, F|\n|poke|p2|Morpeko, F|\n|teampreview\n|j| Wha1efish\n|\n|t:|1700005695\n|start\n|switch|p1a: Grizzly|Ursaluna-Bloodmoon, M|100\/100\n|switch|p2a: Zendaya - Crowned|Zamazenta-Crowned, shiny|100\/100\n|-ability|p2a: Zendaya - Crowned|Dauntless Shield|boost\n|-boost|p2a: Zendaya - Crowned|def|1\n|turn|1\n|\n|t:|1700005717\n|switch|p1a: Pepper|Pelipper, F|100\/100\n|-weather|RainDance|[from] ability: Drizzle|[of] p1a: Pepper\n|move|p2a: Zendaya - Crowned|Iron Defense|p2a: Zendaya - Crowned\n|-boost|p2a: Zendaya - Crowned|def|2\n|\n|-weather|RainDance|[upkeep]\n|upkeep\n|turn|2\n|\n|t:|1700005750\n|switch|p1a: Basculegion|Basculegion, M|100\/100\n|move|p2a: Zendaya - Crowned|Iron Defense|p2a: Zendaya - Crowned\n|-boost|p2a: Zendaya - Crowned|def|2\n|\n|-weather|RainDance|[upkeep]\n|upkeep\n|turn|3\n|\n|t:|1700005765\n|move|p1a: Basculegion|Flip Turn|p2a: Zendaya - Crowned\n|-damage|p2a: Zendaya - Crowned|88\/100\n|\n|t:|1700005771\n|switch|p1a: Real Gone|Zapdos|100\/100|[from] Flip Turn\n|move|p2a: Zendaya - Crowned|Wild Charge|p1a: Real Gone\n|-damage|p1a: Real Gone|67\/100\n|-damage|p2a: Zendaya - Crowned|79\/100|[from] Recoil\n|\n|-weather|RainDance|[upkeep]\n|upkeep\n|turn|4\n|\n|t:|1700005784\n|move|p2a: Zendaya - Crowned|Body Press|p1a: Real Gone\n|-resisted|p1a: Real Gone\n|-damage|p1a: Real Gone|0 fnt\n|faint|p1a: Real Gone\n|\n|-weather|RainDance|[upkeep]\n|upkeep\n|\n|t:|1700005806\n|switch|p1a: Greninja|Greninja, M|100\/100\n|turn|5\n|\n|t:|1700005814\n|move|p1a: Greninja|Surf|p2a: Zendaya - Crowned\n|-damage|p2a: Zendaya - Crowned|35\/100\n|move|p2a: Zendaya - Crowned|Body Press|p1a: Greninja\n|-supereffective|p1a: Greninja\n|-damage|p1a: Greninja|0 fnt\n|faint|p1a: Greninja\n|\n|-weather|RainDance|[upkeep]\n|upkeep\n|\n|t:|1700005822\n|switch|p1a: Basculegion|Basculegion, M|100\/100\n|turn|6\n|\n|t:|1700005827\n|move|p1a: Basculegion|Wave Crash|p2a: Zendaya - Crowned\n|-damage|p2a: Zendaya - Crowned|11\/100\n|-damage|p1a: Basculegion|94\/100|[from] Recoil\n|move|p2a: Zendaya - Crowned|Wild Charge|p1a: Basculegion\n|-supereffective|p1a: Basculegion\n|-damage|p1a: Basculegion|22\/100\n|-damage|p2a: Zendaya - Crowned|0 fnt|[from] Recoil\n|faint|p2a: Zendaya - Crowned\n|\n|-weather|RainDance|[upkeep]\n|upkeep\n|\n|t:|1700005853\n|switch|p2a: Kommo-o|Kommo-o, F, shiny|100\/100\n|turn|7\n|\n|t:|1700005858\n|move|p1a: Basculegion|Flip Turn|p2a: Kommo-o\n|-resisted|p2a: Kommo-o\n|-damage|p2a: Kommo-o|73\/100\n|\n|t:|1700005868\n|switch|p1a: Grizzly|Ursaluna-Bloodmoon, M|100\/100|[from] Flip Turn\n|move|p2a: Kommo-o|Thunder Punch|p1a: Grizzly\n|-immune|p1a: Grizzly\n|\n|-weather|RainDance|[upkeep]\n|upkeep\n|turn|8\n|\n|t:|1700005894\n|switch|p2a: Sarahdirge|Skeledirge, F, shiny|100\/100\n|-terastallize|p1a: Grizzly|Normal\n|move|p1a: Grizzly|Blood Moon|p2a: Sarahdirge\n|-damage|p2a: Sarahdirge|45\/100\n|\n|-weather|none\n|upkeep\n|turn|9\n|\n|t:|1700005977\n|-terastallize|p2a: Sarahdirge|Fairy\n|move|p2a: Sarahdirge|Torch Song|p1a: Grizzly\n|-damage|p1a: Grizzly|80\/100\n|-boost|p2a: Sarahdirge|spa|1\n|move|p1a: Grizzly|Earth Power|p2a: Sarahdirge\n|-damage|p2a: Sarahdirge|19\/100\n|\n|upkeep\n|turn|10\n|\n|t:|1700005988\n|move|p2a: Sarahdirge|Torch Song|p1a: Grizzly\n|-damage|p1a: Grizzly|51\/100\n|-boost|p2a: Sarahdirge|spa|1\n|move|p1a: Grizzly|Blood Moon|p2a: Sarahdirge\n|-damage|p2a: Sarahdirge|0 fnt\n|faint|p2a: Sarahdirge\n|\n|upkeep\n|\n|t:|1700006016\n|switch|p2a: Kommo-o|Kommo-o, F, shiny|73\/100\n|turn|11\n|\n|t:|1700006024\n|move|p2a: Kommo-o|Close Combat|p1a: Grizzly\n|-supereffective|p1a: Grizzly\n|-damage|p1a: Grizzly|0 fnt\n|-unboost|p2a: Kommo-o|def|1\n|-unboost|p2a: Kommo-o|spd|1\n|faint|p1a: Grizzly\n|\n|upkeep\n|\n|t:|1700006032\n|switch|p1a: Pepper|Pelipper, F|100\/100\n|-weather|RainDance|[from] ability: Drizzle|[of] p1a: Pepper\n|turn|12\n|\n|t:|1700006040\n|switch|p2a: Morpeko|Morpeko, F, shiny|100\/100\n|move|p1a: Pepper|Hurricane|p2a: Morpeko\n|-resisted|p2a: Morpeko\n|-damage|p2a: Morpeko|65\/100\n|\n|-weather|RainDance|[upkeep]\n|-formechange|p2a: Morpeko|Morpeko-Hangry||[from] ability: Hunger Switch\n|upkeep\n|turn|13\n|\n|t:|1700006066\n|move|p2a: Morpeko|Volt Switch|p1a: Pepper\n|-supereffective|p1a: Pepper\n|-damage|p1a: Pepper|4\/100\n|\n|t:|1700006075\n|switch|p2a: Annamorus|Enamorus, F, shiny|100\/100|[from] Volt Switch\n|move|p1a: Pepper|Hurricane|p2a: Annamorus\n|-damage|p2a: Annamorus|47\/100\n|\n|-weather|RainDance|[upkeep]\n|upkeep\n|turn|14\n|\n|t:|1700006108\n|switch|p1a: Feeeeeesh|Palafin, F|100\/100\n|move|p2a: Annamorus|Moonblast|p1a: Feeeeeesh\n|-damage|p1a: Feeeeeesh|0 fnt\n|faint|p1a: Feeeeeesh\n|\n|-weather|RainDance|[upkeep]\n|upkeep\n|\n|t:|1700006120\n|switch|p1a: Basculegion|Basculegion, M|22\/100\n|turn|15\n|\n|t:|1700006140\n|move|p1a: Basculegion|Ice Fang|p2a: Annamorus\n|-supereffective|p2a: Annamorus\n|-damage|p2a: Annamorus|0 fnt\n|faint|p2a: Annamorus\n|\n|-weather|RainDance|[upkeep]\n|upkeep\n|\n|t:|1700006146\n|switch|p2a: Morpeko|Morpeko, F, shiny|65\/100\n|turn|16\n|\n|t:|1700006157\n|move|p1a: Basculegion|Flip Turn|p2a: Morpeko\n|-damage|p2a: Morpeko|0 fnt\n|faint|p2a: Morpeko\n|\n|t:|1700006162\n|switch|p1a: Pepper|Pelipper, F|4\/100|[from] Flip Turn\n|\n|-weather|RainDance|[upkeep]\n|upkeep\n|\n|t:|1700006168\n|switch|p2a: spirt|Manaphy, shiny|100\/100\n|turn|17\n|\n|t:|1700006190\n|move|p2a: spirt|Psychic|p1a: Pepper\n|-damage|p1a: Pepper|0 fnt\n|faint|p1a: Pepper\n|\n|-weather|RainDance|[upkeep]\n|upkeep\n|\n|t:|1700006194\n|switch|p1a: Basculegion|Basculegion, M|22\/100\n|turn|18\n|\n|t:|1700006199\n|move|p1a: Basculegion|Wave Crash|p2a: spirt\n|-resisted|p2a: spirt\n|-damage|p2a: spirt|42\/100\n|-damage|p1a: Basculegion|4\/100|[from] Recoil\n|move|p2a: spirt|Psychic|p1a: Basculegion\n|-damage|p1a: Basculegion|0 fnt\n|faint|p1a: Basculegion\n|\n|win|flambojambo\n","uploadtime":1700006210,"views":14,"p1id":"nagaina040501","p2id":"flambojambo","formatid":"gen9ubers","rating":0,"private":0,"password":""}