{"id":"gen9ubers-1977733613","p1":"dipplinstandhaha","p2":"aDestructive","format":"[Gen 9] Ubers","log":"|j|\u2606dipplinstandhaha\n|j|\u2606aDestructive\n|t:|1698443403\n|gametype|singles\n|player|p1|dipplinstandhaha|harlequin|1018\n|player|p2|aDestructive|101|1127\n|teamsize|p1|6\n|teamsize|p2|6\n|gen|9\n|tier|[Gen 9] Ubers\n|rated|\n|rule|Sleep Clause Mod: Limit one foe put to sleep\n|rule|Species Clause: Limit one of each Pok\u00e9mon\n|rule|OHKO Clause: OHKO moves are banned\n|rule|Evasion Items Clause: Evasion items are banned\n|rule|Evasion Moves Clause: Evasion moves are banned\n|rule|Endless Battle Clause: Forcing endless battles is banned\n|rule|HP Percentage Mod: HP is shown in percentages\n|clearpoke\n|poke|p1|Braviary-Hisui, M|\n|poke|p1|Indeedee-F, F|\n|poke|p1|Chi-Yu|\n|poke|p1|Regieleki|\n|poke|p1|Slither Wing|\n|poke|p1|Gholdengo|\n|poke|p2|Ribombee, F|\n|poke|p2|Koraidon|\n|poke|p2|Iron Moth|\n|poke|p2|Annihilape, F|\n|poke|p2|Landorus, M|\n|poke|p2|Brute Bonnet|\n|teampreview\n|\n|t:|1698443438\n|start\n|switch|p1a: Regieleki|Regieleki, shiny|100\/100\n|switch|p2a: Iron Moth|Iron Moth|100\/100\n|-item|p2a: Iron Moth|Air Balloon\n|turn|1\n|\n|t:|1698443455\n|move|p1a: Regieleki|Electroweb|p2a: Iron Moth\n|-damage|p2a: Iron Moth|66\/100\n|-unboost|p2a: Iron Moth|spe|1\n|-enditem|p2a: Iron Moth|Air Balloon\n|-damage|p1a: Regieleki|91\/100|[from] item: Life Orb\n|move|p2a: Iron Moth|Fiery Dance|p1a: Regieleki\n|-damage|p1a: Regieleki|26\/100\n|-boost|p2a: Iron Moth|spa|1\n|\n|upkeep\n|turn|2\n|\n|t:|1698443477\n|-end|p2a: Iron Moth|Quark Drive|[silent]\n|switch|p2a: Annihilape|Annihilape, F, shiny|100\/100\n|-terastallize|p1a: Regieleki|Normal\n|move|p1a: Regieleki|Explosion|p2a: Annihilape\n|-immune|p2a: Annihilape\n|faint|p1a: Regieleki\n|\n|upkeep\n|\n|t:|1698443487\n|switch|p1a: Indeedee|Indeedee-F, F, shiny|100\/100\n|-fieldstart|move: Psychic Terrain|[from] ability: Psychic Surge|[of] p1a: Indeedee\n|-enditem|p1a: Indeedee|Psychic Seed\n|-boost|p1a: Indeedee|spd|1|[from] item: Psychic Seed\n|turn|3\n|\n|t:|1698443497\n|move|p2a: Annihilape|Rage Fist|p1a: Indeedee\n|-immune|p1a: Indeedee\n|move|p1a: Indeedee|Reflect|p1a: Indeedee\n|-sidestart|p1: dipplinstandhaha|Reflect\n|\n|upkeep\n|turn|4\n|c|\u2606aDestructive|oh right normal\n|c|\u2606aDestructive|how did i forget that but\n|c|\u2606aDestructive|whatever\n|\n|t:|1698443528\n|switch|p2a: Brute Bonnet|Brute Bonnet|100\/100\n|switch|p1a: Braviary|Braviary-Hisui, M, shiny|100\/100\n|\n|upkeep\n|turn|5\n|c|\u2606dipplinstandhaha|i forget things like that all the time bud\n|\n|t:|1698443536\n|-end|p2a: Brute Bonnet|Protosynthesis|[silent]\n|switch|p2a: Ribombee|Ribombee, F|100\/100\n|move|p1a: Braviary|Calm Mind|p1a: Braviary\n|-boost|p1a: Braviary|spa|1\n|-boost|p1a: Braviary|spd|1\n|\n|upkeep\n|turn|6\n|\n|t:|1698443542\n|move|p2a: Ribombee|Sticky Web|p1a: Braviary\n|-sidestart|p1: dipplinstandhaha|move: Sticky Web\n|move|p1a: Braviary|Calm Mind|p1a: Braviary\n|-boost|p1a: Braviary|spa|1\n|-boost|p1a: Braviary|spd|1\n|\n|upkeep\n|turn|7\n|c|\u2606aDestructive|lol\n|\n|t:|1698443549\n|move|p2a: Ribombee|Stun Spore|p1a: Braviary\n|-status|p1a: Braviary|par\n|cant|p1a: Braviary|par\n|\n|-sideend|p1: dipplinstandhaha|Reflect\n|-fieldend|move: Psychic Terrain\n|upkeep\n|turn|8\n|c|\u2606dipplinstandhaha|come on\n|\n|t:|1698443559\n|move|p2a: Ribombee|Moonblast|p1a: Braviary\n|-damage|p1a: Braviary|79\/100 par\n|move|p1a: Braviary|Esper Wing|p2a: Ribombee\n|-enditem|p2a: Ribombee|Focus Sash\n|-damage|p2a: Ribombee|1\/100\n|-boost|p1a: Braviary|spe|1\n|\n|upkeep\n|turn|9\n|\n|t:|1698443568\n|move|p2a: Ribombee|Moonblast|p1a: Braviary\n|-damage|p1a: Braviary|57\/100 par\n|-unboost|p1a: Braviary|spa|1\n|cant|p1a: Braviary|par\n|\n|upkeep\n|turn|10\n|\n|t:|1698443575\n|move|p2a: Ribombee|Moonblast|p1a: Braviary\n|-damage|p1a: Braviary|35\/100 par\n|move|p1a: Braviary|Roost|p1a: Braviary\n|-heal|p1a: Braviary|85\/100 par\n|-singleturn|p1a: Braviary|move: Roost\n|\n|upkeep\n|turn|11\n|\n|t:|1698443584\n|move|p2a: Ribombee|Moonblast|p1a: Braviary\n|-damage|p1a: Braviary|62\/100 par\n|-unboost|p1a: Braviary|spa|1\n|move|p1a: Braviary|Esper Wing|p2a: Ribombee\n|-damage|p2a: Ribombee|0 fnt\n|-boost|p1a: Braviary|spe|1\n|faint|p2a: Ribombee\n|\n|upkeep\n|\n|t:|1698443600\n|switch|p2a: Koraidon|Koraidon|100\/100\n|-weather|SunnyDay|[from] ability: Orichalcum Pulse|[of] p2a: Koraidon\n|-activate|p2a: Koraidon|Orichalcum Pulse|[source]\n|turn|12\n|\n|t:|1698443607\n|move|p2a: Koraidon|Iron Head|p1a: Braviary\n|-damage|p1a: Braviary|26\/100 par\n|cant|p1a: Braviary|flinch\n|\n|-weather|SunnyDay|[upkeep]\n|upkeep\n|turn|13\n|\n|t:|1698443615\n|switch|p1a: Gholdengo|Gholdengo|100\/100\n|-activate|p1a: Gholdengo|move: Sticky Web\n|-unboost|p1a: Gholdengo|spe|1\n|move|p2a: Koraidon|Iron Head|p1a: Gholdengo\n|-resisted|p1a: Gholdengo\n|-damage|p1a: Gholdengo|83\/100\n|\n|-weather|SunnyDay|[upkeep]\n|upkeep\n|turn|14\n|c|\u2606aDestructive|W LUCK\n|\n|t:|1698443626\n|switch|p2a: Brute Bonnet|Brute Bonnet|100\/100\n|-activate|p2a: Brute Bonnet|ability: Protosynthesis\n|-start|p2a: Brute Bonnet|protosynthesisspd\n|move|p1a: Gholdengo|Steel Beam|p2a: Brute Bonnet\n|-damage|p2a: Brute Bonnet|32\/100\n|-damage|p1a: Gholdengo|33\/100|[from] steelbeam\n|\n|-weather|SunnyDay|[upkeep]\n|upkeep\n|turn|15\n|\n|t:|1698443639\n|switch|p1a: Chi-Yu|Chi-Yu|100\/100\n|-activate|p1a: Chi-Yu|move: Sticky Web\n|-unboost|p1a: Chi-Yu|spe|1\n|-ability|p1a: Chi-Yu|Beads of Ruin\n|move|p2a: Brute Bonnet|Hex|p1a: Chi-Yu\n|-resisted|p1a: Chi-Yu\n|-damage|p1a: Chi-Yu|92\/100\n|\n|-weather|SunnyDay|[upkeep]\n|upkeep\n|turn|16\n|\n|t:|1698443650\n|move|p1a: Chi-Yu|Overheat|p2a: Brute Bonnet\n|-supereffective|p2a: Brute Bonnet\n|-damage|p2a: Brute Bonnet|0 fnt\n|-unboost|p1a: Chi-Yu|spa|2\n|faint|p2a: Brute Bonnet\n|-end|p2a: Brute Bonnet|Protosynthesis|[silent]\n|\n|-weather|none\n|upkeep\n|c|\u2606aDestructive|oh choice?\n|\n|t:|1698443663\n|switch|p2a: Landorus|Landorus, M|100\/100\n|turn|17\n|c|\u2606dipplinstandhaha|yup\n|\n|t:|1698443672\n|switch|p1a: Braviary|Braviary-Hisui, M, shiny|26\/100 par\n|move|p2a: Landorus|Earth Power|p1a: Braviary\n|-immune|p1a: Braviary\n|\n|upkeep\n|turn|18\n|c|\u2606aDestructive|smart ngl\n|\n|t:|1698443690\n|switch|p2a: Iron Moth|Iron Moth|66\/100\n|move|p1a: Braviary|Esper Wing|p2a: Iron Moth\n|-supereffective|p2a: Iron Moth\n|-damage|p2a: Iron Moth|0 fnt\n|-boost|p1a: Braviary|spe|1\n|faint|p2a: Iron Moth\n|-end|p2a: Iron Moth|Quark Drive|[silent]\n|\n|upkeep\n|\n|t:|1698443699\n|switch|p2a: Annihilape|Annihilape, F, shiny|100\/100\n|turn|19\n|\n|t:|1698443714\n|move|p2a: Annihilape|Thunder Punch|p1a: Braviary\n|-supereffective|p1a: Braviary\n|-damage|p1a: Braviary|0 fnt\n|faint|p1a: Braviary\n|\n|upkeep\n|\n|t:|1698443723\n|switch|p1a: Slither Wing|Slither Wing|100\/100\n|-activate|p1a: Slither Wing|move: Sticky Web\n|-unboost|p1a: Slither Wing|spe|1\n|-enditem|p1a: Slither Wing|Booster Energy\n|-activate|p1a: Slither Wing|ability: Protosynthesis|[fromitem]\n|-start|p1a: Slither Wing|protosynthesisatk\n|turn|20\n|\n|t:|1698443749\n|switch|p2a: Landorus|Landorus, M|100\/100\n|move|p1a: Slither Wing|Lunge|p2a: Landorus\n|-resisted|p2a: Landorus\n|-damage|p2a: Landorus|67\/100\n|-unboost|p2a: Landorus|atk|1\n|\n|upkeep\n|turn|21\n|\n|t:|1698443761\n|move|p2a: Landorus|Extrasensory|p1a: Slither Wing\n|-supereffective|p1a: Slither Wing\n|-damage|p1a: Slither Wing|36\/100\n|move|p1a: Slither Wing|Lunge|p2a: Landorus\n|-resisted|p2a: Landorus\n|-damage|p2a: Landorus|29\/100\n|-unboost|p2a: Landorus|atk|1\n|\n|upkeep\n|turn|22\n|\n|t:|1698443769\n|move|p1a: Slither Wing|Protect|p1a: Slither Wing\n|-singleturn|p1a: Slither Wing|Protect\n|move|p2a: Landorus|Extrasensory|p1a: Slither Wing\n|-activate|p1a: Slither Wing|move: Protect\n|\n|upkeep\n|turn|23\n|\n|t:|1698443776\n|-end|p1a: Slither Wing|Protosynthesis|[silent]\n|switch|p1a: Chi-Yu|Chi-Yu|92\/100\n|-activate|p1a: Chi-Yu|move: Sticky Web\n|-unboost|p1a: Chi-Yu|spe|1\n|-ability|p1a: Chi-Yu|Beads of Ruin\n|move|p2a: Landorus|Extrasensory|p1a: Chi-Yu\n|-immune|p1a: Chi-Yu\n|\n|upkeep\n|turn|24\n|\n|t:|1698443788\n|switch|p2a: Koraidon|Koraidon|100\/100\n|-weather|SunnyDay|[from] ability: Orichalcum Pulse|[of] p2a: Koraidon\n|-activate|p2a: Koraidon|Orichalcum Pulse|[source]\n|move|p1a: Chi-Yu|Overheat|p2a: Koraidon\n|-resisted|p2a: Koraidon\n|-damage|p2a: Koraidon|24\/100\n|-unboost|p1a: Chi-Yu|spa|2\n|\n|-weather|SunnyDay|[upkeep]\n|upkeep\n|turn|25\n|\n|t:|1698443798\n|move|p2a: Koraidon|Collision Course|p1a: Chi-Yu\n|-supereffective|p1a: Chi-Yu\n|-damage|p1a: Chi-Yu|0 fnt\n|faint|p1a: Chi-Yu\n|\n|-weather|SunnyDay|[upkeep]\n|upkeep\n|\n|t:|1698443814\n|switch|p1a: Gholdengo|Gholdengo|33\/100\n|-activate|p1a: Gholdengo|move: Sticky Web\n|-unboost|p1a: Gholdengo|spe|1\n|turn|26\n|\n|t:|1698443821\n|move|p2a: Koraidon|Draco Meteor|p1a: Gholdengo\n|-resisted|p1a: Gholdengo\n|-damage|p1a: Gholdengo|14\/100\n|-unboost|p2a: Koraidon|spa|2\n|move|p1a: Gholdengo|Shadow Ball|p2a: Koraidon\n|-damage|p2a: Koraidon|0 fnt\n|faint|p2a: Koraidon\n|\n|-weather|SunnyDay|[upkeep]\n|upkeep\n|\n|t:|1698443828\n|switch|p2a: Landorus|Landorus, M|29\/100\n|turn|27\n|\n|t:|1698443836\n|move|p2a: Landorus|Crunch|p1a: Gholdengo\n|-supereffective|p1a: Gholdengo\n|-damage|p1a: Gholdengo|0 fnt\n|faint|p1a: Gholdengo\n|\n|-weather|SunnyDay|[upkeep]\n|upkeep\n|\n|t:|1698443848\n|switch|p1a: Slither Wing|Slither Wing|36\/100\n|-activate|p1a: Slither Wing|move: Sticky Web\n|-unboost|p1a: Slither Wing|spe|1\n|-activate|p1a: Slither Wing|ability: Protosynthesis\n|-start|p1a: Slither Wing|protosynthesisatk\n|turn|28\n|\n|t:|1698443857\n|move|p2a: Landorus|Crunch|p1a: Slither Wing\n|-resisted|p1a: Slither Wing\n|-damage|p1a: Slither Wing|18\/100\n|move|p1a: Slither Wing|Morning Sun|p1a: Slither Wing\n|-heal|p1a: Slither Wing|85\/100\n|\n|-weather|none\n|-end|p1a: Slither Wing|Protosynthesis\n|upkeep\n|turn|29\n|\n|t:|1698443865\n|switch|p2a: Annihilape|Annihilape, F, shiny|100\/100\n|move|p1a: Slither Wing|Lunge|p2a: Annihilape\n|-resisted|p2a: Annihilape\n|-damage|p2a: Annihilape|87\/100\n|-unboost|p2a: Annihilape|atk|1\n|\n|upkeep\n|turn|30\n|\n|t:|1698443878\n|move|p1a: Slither Wing|Protect|p1a: Slither Wing\n|-singleturn|p1a: Slither Wing|Protect\n|move|p2a: Annihilape|Rage Fist|p1a: Slither Wing\n|-activate|p1a: Slither Wing|move: Protect\n|\n|upkeep\n|turn|31\n|\n|t:|1698443884\n|move|p2a: Annihilape|Rage Fist|p1a: Slither Wing\n|-damage|p1a: Slither Wing|44\/100\n|move|p1a: Slither Wing|Lunge|p2a: Annihilape\n|-resisted|p2a: Annihilape\n|-crit|p2a: Annihilape\n|-damage|p2a: Annihilape|67\/100\n|-unboost|p2a: Annihilape|atk|1\n|\n|upkeep\n|turn|32\n|\n|t:|1698443892\n|move|p2a: Annihilape|Rage Fist|p1a: Slither Wing\n|-damage|p1a: Slither Wing|4\/100\n|move|p1a: Slither Wing|Morning Sun|p1a: Slither Wing\n|-heal|p1a: Slither Wing|54\/100\n|\n|upkeep\n|turn|33\n|\n|t:|1698443901\n|-end|p1a: Slither Wing|Protosynthesis|[silent]\n|switch|p1a: Indeedee|Indeedee-F, F, shiny|100\/100\n|-activate|p1a: Indeedee|move: Sticky Web\n|-unboost|p1a: Indeedee|spe|1\n|-fieldstart|move: Psychic Terrain|[from] ability: Psychic Surge|[of] p1a: Indeedee\n|move|p2a: Annihilape|Rage Fist|p1a: Indeedee\n|-immune|p1a: Indeedee\n|\n|upkeep\n|turn|34\n|\n|t:|1698443917\n|switch|p2a: Landorus|Landorus, M|29\/100\n|move|p1a: Indeedee|Dazzling Gleam|p2a: Landorus\n|-damage|p2a: Landorus|3\/100\n|\n|upkeep\n|turn|35\n|\n|t:|1698443923\n|move|p2a: Landorus|Crunch|p1a: Indeedee\n|-supereffective|p1a: Indeedee\n|-damage|p1a: Indeedee|22\/100\n|move|p1a: Indeedee|Dazzling Gleam|p2a: Landorus\n|-damage|p2a: Landorus|0 fnt\n|faint|p2a: Landorus\n|\n|upkeep\n|\n|t:|1698443930\n|switch|p2a: Annihilape|Annihilape, F, shiny|67\/100\n|turn|36\n|\n|t:|1698443947\n|move|p2a: Annihilape|Drain Punch|p1a: Indeedee\n|-damage|p1a: Indeedee|0 fnt\n|-heal|p2a: Annihilape|78\/100|[from] drain|[of] p1a: Indeedee\n|faint|p1a: Indeedee\n|\n|upkeep\n|\n|t:|1698443955\n|switch|p1a: Slither Wing|Slither Wing|54\/100\n|-activate|p1a: Slither Wing|move: Sticky Web\n|-unboost|p1a: Slither Wing|spe|1\n|turn|37\n|\n|t:|1698443961\n|move|p1a: Slither Wing|Protect|p1a: Slither Wing\n|-singleturn|p1a: Slither Wing|Protect\n|move|p2a: Annihilape|Drain Punch|p1a: Slither Wing\n|-activate|p1a: Slither Wing|move: Protect\n|\n|-fieldend|move: Psychic Terrain\n|upkeep\n|turn|38\n|\n|t:|1698443967\n|move|p2a: Annihilape|Drain Punch|p1a: Slither Wing\n|-resisted|p1a: Slither Wing\n|-damage|p1a: Slither Wing|35\/100\n|-heal|p2a: Annihilape|87\/100|[from] drain|[of] p1a: Slither Wing\n|move|p1a: Slither Wing|Lunge|p2a: Annihilape\n|-resisted|p2a: Annihilape\n|-damage|p2a: Annihilape|74\/100\n|-unboost|p2a: Annihilape|atk|1\n|\n|upkeep\n|turn|39\n|\n|t:|1698443977\n|move|p2a: Annihilape|Drain Punch|p1a: Slither Wing\n|-resisted|p1a: Slither Wing\n|-damage|p1a: Slither Wing|19\/100\n|-heal|p2a: Annihilape|82\/100|[from] drain|[of] p1a: Slither Wing\n|move|p1a: Slither Wing|Morning Sun|p1a: Slither Wing\n|-heal|p1a: Slither Wing|69\/100\n|\n|upkeep\n|turn|40\n|\n|t:|1698443986\n|move|p2a: Annihilape|Drain Punch|p1a: Slither Wing\n|-resisted|p1a: Slither Wing\n|-damage|p1a: Slither Wing|55\/100\n|-heal|p2a: Annihilape|89\/100|[from] drain|[of] p1a: Slither Wing\n|move|p1a: Slither Wing|Lunge|p2a: Annihilape\n|-resisted|p2a: Annihilape\n|-damage|p2a: Annihilape|76\/100\n|-unboost|p2a: Annihilape|atk|1\n|\n|upkeep\n|turn|41\n|c|\u2606aDestructive|pp might sell me lol\n|c|\u2606dipplinstandhaha|lunge is my only move rn\n|c|\u2606dipplinstandhaha|other is tera blast but i have no tera\n|\n|t:|1698444021\n|move|p2a: Annihilape|Drain Punch|p1a: Slither Wing\n|-resisted|p1a: Slither Wing\n|-damage|p1a: Slither Wing|45\/100\n|-heal|p2a: Annihilape|81\/100|[from] drain|[of] p1a: Slither Wing\n|move|p1a: Slither Wing|Lunge|p2a: Annihilape\n|-resisted|p2a: Annihilape\n|-damage|p2a: Annihilape|68\/100\n|-unboost|p2a: Annihilape|atk|1\n|\n|upkeep\n|turn|42\n|\n|t:|1698444030\n|move|p2a: Annihilape|Drain Punch|p1a: Slither Wing\n|-resisted|p1a: Slither Wing\n|-damage|p1a: Slither Wing|36\/100\n|-heal|p2a: Annihilape|73\/100|[from] drain|[of] p1a: Slither Wing\n|move|p1a: Slither Wing|Morning Sun|p1a: Slither Wing\n|-heal|p1a: Slither Wing|86\/100\n|\n|upkeep\n|turn|43\n|c|\u2606aDestructive|i have tera but it's ice\n|c|\u2606aDestructive|and i'm choice\n|c|\u2606aDestructive|which idk y i still use choice on this\n|\n|t:|1698444056\n|move|p2a: Annihilape|Drain Punch|p1a: Slither Wing\n|-resisted|p1a: Slither Wing\n|-damage|p1a: Slither Wing|78\/100\n|-heal|p2a: Annihilape|77\/100|[from] drain|[of] p1a: Slither Wing\n|move|p1a: Slither Wing|Lunge|p2a: Annihilape\n|-resisted|p2a: Annihilape\n|-damage|p2a: Annihilape|64\/100\n|-unboost|p2a: Annihilape|atk|1\n|\n|upkeep\n|turn|44\n|\n|t:|1698444066\n|move|p2a: Annihilape|Drain Punch|p1a: Slither Wing\n|-resisted|p1a: Slither Wing\n|-damage|p1a: Slither Wing|71\/100\n|-heal|p2a: Annihilape|67\/100|[from] drain|[of] p1a: Slither Wing\n|move|p1a: Slither Wing|Lunge|p2a: Annihilape\n|-resisted|p2a: Annihilape\n|-damage|p2a: Annihilape|53\/100\n|-unboost|p2a: Annihilape|atk|1\n|\n|upkeep\n|turn|45\n|\n|t:|1698444076\n|move|p2a: Annihilape|Drain Punch|p1a: Slither Wing\n|-resisted|p1a: Slither Wing\n|-damage|p1a: Slither Wing|65\/100\n|-heal|p2a: Annihilape|56\/100|[from] drain|[of] p1a: Slither Wing\n|move|p1a: Slither Wing|Lunge|p2a: Annihilape\n|-resisted|p2a: Annihilape\n|-damage|p2a: Annihilape|43\/100\n|-unboost|p2a: Annihilape|atk|1\n|\n|upkeep\n|turn|46\n|c|\u2606aDestructive|i def lose this lowkey\n|\n|t:|1698444086\n|move|p2a: Annihilape|Drain Punch|p1a: Slither Wing\n|-resisted|p1a: Slither Wing\n|-damage|p1a: Slither Wing|59\/100\n|-heal|p2a: Annihilape|45\/100|[from] drain|[of] p1a: Slither Wing\n|move|p1a: Slither Wing|Lunge|p2a: Annihilape\n|-resisted|p2a: Annihilape\n|-damage|p2a: Annihilape|32\/100\n|\n|upkeep\n|turn|47\n|\n|t:|1698444094\n|move|p2a: Annihilape|Drain Punch|p1a: Slither Wing\n|-resisted|p1a: Slither Wing\n|-damage|p1a: Slither Wing|54\/100\n|-heal|p2a: Annihilape|35\/100|[from] drain|[of] p1a: Slither Wing\n|move|p1a: Slither Wing|Lunge|p2a: Annihilape\n|-resisted|p2a: Annihilape\n|-damage|p2a: Annihilape|21\/100\n|\n|upkeep\n|turn|48\n|c|\u2606aDestructive|ggs\n|c|\u2606dipplinstandhaha|ggs\n|c|\u2606dipplinstandhaha|unless\n|\n|t:|1698444108\n|move|p2a: Annihilape|Drain Punch|p1a: Slither Wing\n|-resisted|p1a: Slither Wing\n|-damage|p1a: Slither Wing|49\/100\n|-heal|p2a: Annihilape|23\/100|[from] drain|[of] p1a: Slither Wing\n|move|p1a: Slither Wing|Lunge|p2a: Annihilape\n|-resisted|p2a: Annihilape\n|-damage|p2a: Annihilape|10\/100\n|\n|upkeep\n|turn|49\n|\n|t:|1698444118\n|move|p2a: Annihilape|Drain Punch|p1a: Slither Wing\n|-resisted|p1a: Slither Wing\n|-damage|p1a: Slither Wing|43\/100\n|-heal|p2a: Annihilape|12\/100|[from] drain|[of] p1a: Slither Wing\n|move|p1a: Slither Wing|Lunge|p2a: Annihilape\n|-resisted|p2a: Annihilape\n|-damage|p2a: Annihilape|0 fnt\n|faint|p2a: Annihilape\n|\n|win|dipplinstandhaha\n|raw|dipplinstandhaha's rating: 1018 &rarr; <strong>1067<\/strong><br \/>(+49 for winning)\n|raw|aDestructive's rating: 1127 &rarr; <strong>1094<\/strong><br \/>(-33 for losing)\n|l|\u2606aDestructive\n|c|\u2606dipplinstandhaha|yea ggs\n|c|\u2606dipplinstandhaha|fun game\n","uploadtime":1698444132,"views":9,"p1id":"dipplinstandhaha","p2id":"adestructive","formatid":"gen9ubers","rating":1067,"private":0,"password":""}