{"id":"gen9ubers-1974611799","p1":"DGF Duckletts","p2":"Prime Arcanine","format":"[Gen 9] Ubers","log":"|j|\u2606DGF Duckletts\n|j|\u2606Prime Arcanine\n|t:|1698102500\n|gametype|singles\n|player|p1|DGF Duckletts|colress|\n|player|p2|Prime Arcanine|101|\n|teamsize|p1|6\n|teamsize|p2|6\n|gen|9\n|tier|[Gen 9] Ubers\n|rule|Sleep Clause Mod: Limit one foe put to sleep\n|rule|Species Clause: Limit one of each Pok\u00e9mon\n|rule|OHKO Clause: OHKO moves are banned\n|rule|Evasion Items Clause: Evasion items are banned\n|rule|Evasion Moves Clause: Evasion moves are banned\n|rule|Endless Battle Clause: Forcing endless battles is banned\n|rule|HP Percentage Mod: HP is shown in percentages\n|clearpoke\n|poke|p1|Baxcalibur, F|\n|poke|p1|Iron Valiant|\n|poke|p1|Zoroark-Hisui, F|\n|poke|p1|Slowking, F|\n|poke|p1|Corviknight, M|\n|poke|p1|Cinderace, M|\n|poke|p2|Orthworm, M|\n|poke|p2|Scream Tail|\n|poke|p2|Iron Moth|\n|poke|p2|Basculegion, M|\n|poke|p2|Lycanroc-Dusk, F|\n|poke|p2|Rotom-Heat|\n|teampreview\n|c|\u2606DGF Duckletts|Hf\n|c|\u2606Prime Arcanine|you too.\n|\n|t:|1698102582\n|start\n|switch|p1a: Iron Valiant|Iron Valiant|100\/100\n|switch|p2a: Majin Buu|Scream Tail|100\/100\n|turn|1\n|\n|t:|1698102603\n|move|p1a: Iron Valiant|Nasty Plot|p1a: Iron Valiant\n|-boost|p1a: Iron Valiant|spa|2\n|move|p2a: Majin Buu|Thunder Wave|p1a: Iron Valiant\n|-status|p1a: Iron Valiant|par\n|\n|upkeep\n|turn|2\n|\n|t:|1698102617\n|move|p2a: Majin Buu|Light Screen|p2a: Majin Buu\n|-sidestart|p2: Prime Arcanine|move: Light Screen\n|move|p1a: Iron Valiant|Shadow Ball|p2a: Majin Buu\n|-supereffective|p2a: Majin Buu\n|-damage|p2a: Majin Buu|52\/100\n|\n|-heal|p2a: Majin Buu|58\/100|[from] item: Leftovers\n|upkeep\n|turn|3\n|\n|t:|1698102671\n|-end|p2a: Majin Buu|Protosynthesis|[silent]\n|switch|p2a: Russell Hobbs|Rotom-Heat|100\/100\n|move|p1a: Iron Valiant|Shadow Ball|p2a: Russell Hobbs\n|-damage|p2a: Russell Hobbs|57\/100\n|\n|upkeep\n|turn|4\n|\n|t:|1698102691\n|switch|p1a: Baxcalibur|Baxcalibur, F|100\/100\n|move|p2a: Russell Hobbs|Volt Switch|p1a: Baxcalibur\n|-resisted|p1a: Baxcalibur\n|-damage|p1a: Baxcalibur|81\/100\n|\n|t:|1698102752\n|switch|p2a: Orthworm Jim|Orthworm, M|100\/100|[from] Volt Switch\n|\n|upkeep\n|turn|5\n|\n|t:|1698102776\n|switch|p1a: Iron Valiant|Iron Valiant|100\/100 par\n|move|p2a: Orthworm Jim|Stealth Rock|p1a: Iron Valiant\n|-sidestart|p1: DGF Duckletts|move: Stealth Rock\n|\n|upkeep\n|turn|6\n|\n|t:|1698102907\n|switch|p2a: Russell Hobbs|Rotom-Heat|57\/100\n|move|p1a: Iron Valiant|Shadow Ball|p2a: Russell Hobbs\n|-damage|p2a: Russell Hobbs|38\/100\n|-unboost|p2a: Russell Hobbs|spd|1\n|\n|-sideend|p2: Prime Arcanine|move: Light Screen\n|upkeep\n|turn|7\n|\n|t:|1698102925\n|move|p2a: Russell Hobbs|Overheat|p1a: Iron Valiant|[miss]\n|-miss|p2a: Russell Hobbs|p1a: Iron Valiant\n|move|p1a: Iron Valiant|Shadow Ball|p2a: Russell Hobbs\n|-damage|p2a: Russell Hobbs|0 fnt\n|faint|p2a: Russell Hobbs\n|\n|upkeep\n|c|\u2606DGF Duckletts|sorry\n|c|\u2606Prime Arcanine|karma is a b\n|\n|t:|1698103037\n|switch|p2a: Basculegion|Basculegion, M|100\/100\n|turn|8\n|\n|t:|1698103229\n|switch|p1a: Baxcalibur|Baxcalibur, F|81\/100\n|-damage|p1a: Baxcalibur|56\/100|[from] Stealth Rock\n|move|p2a: Basculegion|Phantom Force||[still]\n|-prepare|p2a: Basculegion|Phantom Force\n|\n|upkeep\n|turn|9\n|\n|t:|1698103245\n|move|p2a: Basculegion|Phantom Force|p1a: Baxcalibur|[from]lockedmove\n|-damage|p1a: Baxcalibur|0 fnt\n|faint|p1a: Baxcalibur\n|\n|upkeep\n|\n|t:|1698103262\n|switch|p1a: Cinderace|Cinderace, M|100\/100\n|turn|10\n|\n|t:|1698103357\n|switch|p2a: Orthworm Jim|Orthworm, M|100\/100\n|move|p1a: Cinderace|Court Change|p1a: Cinderace\n|-start|p1a: Cinderace|typechange|Normal|[from] ability: Libero\n|-swapsideconditions\n|-activate|p1a: Cinderace|move: Court Change\n|\n|upkeep\n|turn|11\n|\n|t:|1698103509\n|switch|p1a: Iron Valiant|Iron Valiant|100\/100 par\n|move|p2a: Orthworm Jim|Heavy Slam|p1a: Iron Valiant\n|-damage|p1a: Iron Valiant|36\/100 par\n|replace|p1a: Zoroark|Zoroark-Hisui, F\n|-end|p1a: Zoroark|Illusion\n|\n|upkeep\n|turn|12\n|\n|t:|1698103585\n|move|p1a: Zoroark|Shadow Ball|p2a: Orthworm Jim\n|-damage|p2a: Orthworm Jim|26\/100\n|-unboost|p2a: Orthworm Jim|spd|1\n|move|p2a: Orthworm Jim|Heavy Slam|p1a: Zoroark\n|-crit|p1a: Zoroark\n|-damage|p1a: Zoroark|0 fnt\n|faint|p1a: Zoroark\n|\n|-heal|p2a: Orthworm Jim|32\/100|[from] item: Leftovers\n|upkeep\n|\n|t:|1698103646\n|switch|p1a: Cinderace|Cinderace, M|100\/100\n|turn|13\n|\n|t:|1698103681\n|move|p1a: Cinderace|Pyro Ball|p2a: Orthworm Jim\n|-supereffective|p2a: Orthworm Jim\n|-damage|p2a: Orthworm Jim|0 fnt\n|faint|p2a: Orthworm Jim\n|\n|upkeep\n|\n|t:|1698103873\n|switch|p2a: Galaxy S21 Ultra|Iron Moth|100\/100\n|-damage|p2a: Galaxy S21 Ultra|75\/100|[from] Stealth Rock\n|-enditem|p2a: Galaxy S21 Ultra|Booster Energy\n|-activate|p2a: Galaxy S21 Ultra|ability: Quark Drive|[fromitem]\n|-start|p2a: Galaxy S21 Ultra|quarkdrivespe\n|turn|14\n|\n|t:|1698103924\n|switch|p1a: Slowking|Slowking, F|100\/100\n|move|p2a: Galaxy S21 Ultra|Sludge Wave|p1a: Slowking\n|-damage|p1a: Slowking|78\/100\n|\n|upkeep\n|turn|15\n|\n|t:|1698103993\n|move|p2a: Galaxy S21 Ultra|Energy Ball|p1a: Slowking\n|-supereffective|p1a: Slowking\n|-damage|p1a: Slowking|48\/100\n|move|p1a: Slowking|Future Sight|p2a: Galaxy S21 Ultra\n|-start|p1a: Slowking|move: Future Sight\n|\n|upkeep\n|turn|16\n|\n|t:|1698104019\n|-end|p2a: Galaxy S21 Ultra|Quark Drive|[silent]\n|switch|p2a: Majin Buu|Scream Tail|58\/100\n|-damage|p2a: Majin Buu|46\/100|[from] Stealth Rock\n|move|p1a: Slowking|Psychic|p2a: Majin Buu\n|-resisted|p2a: Majin Buu\n|-damage|p2a: Majin Buu|35\/100\n|\n|-heal|p2a: Majin Buu|42\/100|[from] item: Leftovers\n|upkeep\n|turn|17\n|\n|t:|1698104031\n|switch|p1a: Cinderace|Cinderace, M|100\/100\n|move|p2a: Majin Buu|Wish|p2a: Majin Buu\n|\n|-end|p2a: Majin Buu|move: Future Sight\n|-resisted|p2a: Majin Buu\n|-damage|p2a: Majin Buu|29\/100\n|-heal|p2a: Majin Buu|35\/100|[from] item: Leftovers\n|upkeep\n|turn|18\n|\n|t:|1698104058\n|-end|p2a: Majin Buu|Protosynthesis|[silent]\n|switch|p2a: Galaxy S21 Ultra|Iron Moth|75\/100\n|-damage|p2a: Galaxy S21 Ultra|50\/100|[from] Stealth Rock\n|move|p1a: Cinderace|Pyro Ball|p2a: Galaxy S21 Ultra\n|-resisted|p2a: Galaxy S21 Ultra\n|-damage|p2a: Galaxy S21 Ultra|2\/100\n|\n|-heal|p2a: Galaxy S21 Ultra|67\/100|[from] move: Wish|[wisher] Majin Buu\n|upkeep\n|turn|19\n|\n|t:|1698104080\n|switch|p1a: Slowking|Slowking, F|81\/100\n|move|p2a: Galaxy S21 Ultra|Sludge Wave|p1a: Slowking\n|-damage|p1a: Slowking|59\/100\n|\n|upkeep\n|turn|20\n|\n|t:|1698104170\n|move|p2a: Galaxy S21 Ultra|Energy Ball|p1a: Slowking\n|-supereffective|p1a: Slowking\n|-damage|p1a: Slowking|30\/100\n|move|p1a: Slowking|Scald|p2a: Galaxy S21 Ultra\n|-supereffective|p2a: Galaxy S21 Ultra\n|-damage|p2a: Galaxy S21 Ultra|0 fnt\n|faint|p2a: Galaxy S21 Ultra\n|-end|p2a: Galaxy S21 Ultra|Quark Drive|[silent]\n|\n|upkeep\n|\n|t:|1698104196\n|switch|p2a: Majin Buu|Scream Tail|35\/100\n|-damage|p2a: Majin Buu|23\/100|[from] Stealth Rock\n|turn|21\n|\n|t:|1698104209\n|switch|p1a: Corviknight|Corviknight, M|100\/100\n|-ability|p1a: Corviknight|Pressure\n|move|p2a: Majin Buu|Thunder Wave|p1a: Corviknight\n|-status|p1a: Corviknight|par\n|\n|-heal|p2a: Majin Buu|29\/100|[from] item: Leftovers\n|upkeep\n|turn|22\n|\n|t:|1698104236\n|move|p2a: Majin Buu|Wish|p2a: Majin Buu\n|cant|p1a: Corviknight|par\n|\n|-heal|p2a: Majin Buu|35\/100|[from] item: Leftovers\n|upkeep\n|turn|23\n|\n|t:|1698104245\n|move|p2a: Majin Buu|Light Screen|p2a: Majin Buu\n|-sidestart|p2: Prime Arcanine|move: Light Screen\n|move|p1a: Corviknight|Bulk Up|p1a: Corviknight\n|-boost|p1a: Corviknight|atk|1\n|-boost|p1a: Corviknight|def|1\n|\n|-heal|p2a: Majin Buu|85\/100|[from] move: Wish|[wisher] Majin Buu\n|-heal|p2a: Majin Buu|92\/100|[from] item: Leftovers\n|upkeep\n|turn|24\n|\n|t:|1698104302\n|-end|p2a: Majin Buu|Protosynthesis|[silent]\n|switch|p2a: Basculegion|Basculegion, M|100\/100\n|-damage|p2a: Basculegion|88\/100|[from] Stealth Rock\n|move|p1a: Corviknight|Bulk Up|p1a: Corviknight\n|-boost|p1a: Corviknight|atk|1\n|-boost|p1a: Corviknight|def|1\n|\n|upkeep\n|turn|25\n|\n|t:|1698104361\n|move|p2a: Basculegion|Liquidation|p1a: Corviknight\n|-damage|p1a: Corviknight|63\/100 par\n|cant|p1a: Corviknight|par\n|\n|-heal|p1a: Corviknight|69\/100 par|[from] item: Leftovers\n|upkeep\n|turn|26\n|\n|t:|1698104368\n|move|p2a: Basculegion|Liquidation|p1a: Corviknight\n|-damage|p1a: Corviknight|31\/100 par\n|move|p1a: Corviknight|Roost|p1a: Corviknight\n|-heal|p1a: Corviknight|81\/100 par\n|-singleturn|p1a: Corviknight|move: Roost\n|\n|-heal|p1a: Corviknight|87\/100 par|[from] item: Leftovers\n|upkeep\n|turn|27\n|\n|t:|1698104377\n|move|p2a: Basculegion|Liquidation|p1a: Corviknight\n|-damage|p1a: Corviknight|54\/100 par\n|cant|p1a: Corviknight|par\n|\n|-heal|p1a: Corviknight|60\/100 par|[from] item: Leftovers\n|-sideend|p2: Prime Arcanine|move: Light Screen\n|upkeep\n|turn|28\n|\n|t:|1698104384\n|move|p2a: Basculegion|Liquidation|p1a: Corviknight\n|-damage|p1a: Corviknight|23\/100 par\n|move|p1a: Corviknight|Roost|p1a: Corviknight\n|-heal|p1a: Corviknight|73\/100 par\n|-singleturn|p1a: Corviknight|move: Roost\n|\n|-heal|p1a: Corviknight|79\/100 par|[from] item: Leftovers\n|upkeep\n|turn|29\n|\n|t:|1698104393\n|move|p2a: Basculegion|Liquidation|p1a: Corviknight\n|-damage|p1a: Corviknight|43\/100 par\n|-unboost|p1a: Corviknight|def|1\n|move|p1a: Corviknight|Drill Peck|p2a: Basculegion\n|-damage|p2a: Basculegion|11\/100\n|\n|-heal|p1a: Corviknight|49\/100 par|[from] item: Leftovers\n|upkeep\n|turn|30\n|\n|t:|1698104404\n|move|p2a: Basculegion|Liquidation|p1a: Corviknight\n|-damage|p1a: Corviknight|0 fnt\n|faint|p1a: Corviknight\n|\n|upkeep\n|\n|t:|1698104419\n|switch|p1a: Iron Valiant|Iron Valiant|100\/100\n|-enditem|p1a: Iron Valiant|Booster Energy\n|-activate|p1a: Iron Valiant|ability: Quark Drive|[fromitem]\n|-start|p1a: Iron Valiant|quarkdrivespe\n|turn|31\n|\n|t:|1698104429\n|move|p1a: Iron Valiant|Moonblast|p2a: Basculegion\n|-damage|p2a: Basculegion|0 fnt\n|faint|p2a: Basculegion\n|\n|upkeep\n|\n|t:|1698104449\n|switch|p2a: Majin Buu|Scream Tail|92\/100\n|-damage|p2a: Majin Buu|79\/100|[from] Stealth Rock\n|turn|32\n|\n|t:|1698104469\n|-end|p1a: Iron Valiant|Quark Drive|[silent]\n|switch|p1a: Slowking|Slowking, F|63\/100\n|move|p2a: Majin Buu|Thunder Wave|p1a: Slowking\n|-status|p1a: Slowking|par\n|\n|-heal|p2a: Majin Buu|85\/100|[from] item: Leftovers\n|upkeep\n|turn|33\n|\n|t:|1698104481\n|move|p2a: Majin Buu|Light Screen|p2a: Majin Buu\n|-sidestart|p2: Prime Arcanine|move: Light Screen\n|move|p1a: Slowking|Future Sight|p2a: Majin Buu\n|-start|p1a: Slowking|move: Future Sight\n|\n|-heal|p2a: Majin Buu|92\/100|[from] item: Leftovers\n|upkeep\n|turn|34\n|\n|t:|1698104492\n|switch|p1a: Cinderace|Cinderace, M|100\/100\n|move|p2a: Majin Buu|Dazzling Gleam|p1a: Cinderace\n|-resisted|p1a: Cinderace\n|-damage|p1a: Cinderace|87\/100\n|\n|-heal|p2a: Majin Buu|98\/100|[from] item: Leftovers\n|upkeep\n|turn|35\n|\n|t:|1698104515\n|move|p1a: Cinderace|Gunk Shot|p2a: Majin Buu\n|-start|p1a: Cinderace|typechange|Poison|[from] ability: Libero\n|-supereffective|p2a: Majin Buu\n|-damage|p2a: Majin Buu|6\/100\n|move|p2a: Majin Buu|Thunder Wave|p1a: Cinderace\n|-status|p1a: Cinderace|par\n|\n|-end|p2a: Majin Buu|move: Future Sight\n|-resisted|p2a: Majin Buu\n|-damage|p2a: Majin Buu|0 fnt\n|faint|p2a: Majin Buu\n|-end|p2a: Majin Buu|Protosynthesis|[silent]\n|upkeep\n|\n|t:|1698104539\n|switch|p2a: Sada|Lycanroc-Dusk, F|100\/100\n|-damage|p2a: Sada|88\/100|[from] Stealth Rock\n|turn|36\n|\n|t:|1698104567\n|-terastallize|p2a: Sada|Fighting\n|move|p2a: Sada|Swords Dance|p2a: Sada\n|-boost|p2a: Sada|atk|2\n|move|p1a: Cinderace|U-turn|p2a: Sada\n|-resisted|p2a: Sada\n|-damage|p2a: Sada|69\/100\n|\n|t:|1698104573\n|switch|p1a: Slowking|Slowking, F|97\/100 par|[from] U-turn\n|\n|upkeep\n|turn|37\n|\n|t:|1698104646\n|move|p2a: Sada|Crunch|p1a: Slowking\n|-supereffective|p1a: Slowking\n|-damage|p1a: Slowking|0 fnt\n|faint|p1a: Slowking\n|\n|-sideend|p2: Prime Arcanine|move: Light Screen\n|upkeep\n|\n|t:|1698104649\n|switch|p1a: Iron Valiant|Iron Valiant|100\/100\n|turn|38\n|\n|t:|1698104664\n|move|p2a: Sada|Accelerock|p1a: Iron Valiant\n|-resisted|p1a: Iron Valiant\n|-damage|p1a: Iron Valiant|70\/100\n|move|p1a: Iron Valiant|Moonblast|p2a: Sada\n|-supereffective|p2a: Sada\n|-damage|p2a: Sada|0 fnt\n|faint|p2a: Sada\n|\n|win|DGF Duckletts\n|c|\u2606DGF Duckletts|gg\n|c|\u2606Prime Arcanine|gg\n","uploadtime":1698104675,"views":21,"p1id":"dgfduckletts","p2id":"primearcanine","formatid":"gen9ubers","rating":0,"private":0,"password":""}