{"id":"gen9ubers-1972760482","p1":"SighofEnd","p2":"Anne Frankkkk","format":"[Gen 9] Ubers","log":"|j|\u2606SighofEnd\n|j|\u2606Anne Frankkkk\n|t:|1697891127\n|gametype|singles\n|player|p1|SighofEnd|ghetsis-gen5bw|1028\n|player|p2|Anne Frankkkk|hilbert|1157\n|teamsize|p1|6\n|teamsize|p2|6\n|gen|9\n|tier|[Gen 9] Ubers\n|rated|\n|rule|Sleep Clause Mod: Limit one foe put to sleep\n|rule|Species Clause: Limit one of each Pok\u00e9mon\n|rule|OHKO Clause: OHKO moves are banned\n|rule|Evasion Items Clause: Evasion items are banned\n|rule|Evasion Moves Clause: Evasion moves are banned\n|rule|Endless Battle Clause: Forcing endless battles is banned\n|rule|HP Percentage Mod: HP is shown in percentages\n|clearpoke\n|poke|p1|Annihilape, F|\n|poke|p1|Mewtwo|\n|poke|p1|Calyrex-Ice|\n|poke|p1|Dragonite, M|\n|poke|p1|Jirachi|\n|poke|p1|Florges-White, F|\n|poke|p2|Iron Hands|\n|poke|p2|Kyogre|\n|poke|p2|Chien-Pao|\n|poke|p2|Donphan, F|\n|poke|p2|Miraidon|\n|poke|p2|Iron Moth|\n|teampreview\n|inactive|Battle timer is ON: inactive players will automatically lose when time's up. (requested by Anne Frankkkk)\n|\n|t:|1697891138\n|start\n|switch|p1a: Trash|Mewtwo|100\/100\n|switch|p2a: Kyogre|Kyogre|100\/100\n|-ability|p1a: Trash|Unnerve\n|-weather|RainDance|[from] ability: Drizzle|[of] p2a: Kyogre\n|turn|1\n|\n|t:|1697891143\n|move|p2a: Kyogre|Water Spout|p1a: Trash\n|-damage|p1a: Trash|0 fnt\n|faint|p1a: Trash\n|\n|-weather|RainDance|[upkeep]\n|upkeep\n|\n|t:|1697891149\n|switch|p1a: Support|Dragonite, M|100\/100\n|turn|2\n|\n|t:|1697891164\n|switch|p2a: Chien-Pao|Chien-Pao|100\/100\n|-ability|p2a: Chien-Pao|Sword of Ruin\n|move|p1a: Support|Metronome|p1a: Support\n|move|p1a: Support|Poison Powder|p2a: Chien-Pao|[from]move: Metronome\n|-status|p2a: Chien-Pao|psn\n|\n|-weather|RainDance|[upkeep]\n|-damage|p2a: Chien-Pao|88\/100 psn|[from] psn\n|upkeep\n|turn|3\n|\n|t:|1697891172\n|move|p2a: Chien-Pao|Icicle Crash|p1a: Support\n|-supereffective|p1a: Support\n|-enditem|p1a: Support|Focus Sash\n|-damage|p1a: Support|1\/100\n|-damage|p2a: Chien-Pao|78\/100 psn|[from] item: Life Orb\n|cant|p1a: Support|flinch\n|\n|-weather|RainDance|[upkeep]\n|-damage|p2a: Chien-Pao|66\/100 psn|[from] psn\n|upkeep\n|turn|4\n|\n|t:|1697891180\n|move|p2a: Chien-Pao|Sucker Punch||[still]\n|-fail|p2a: Chien-Pao\n|move|p1a: Support|Metronome|p1a: Support\n|move|p1a: Support|High Horsepower|p2a: Chien-Pao|[from]move: Metronome\n|-damage|p2a: Chien-Pao|22\/100 psn\n|\n|-weather|RainDance|[upkeep]\n|-damage|p2a: Chien-Pao|10\/100 psn|[from] psn\n|upkeep\n|turn|5\n|\n|t:|1697891186\n|move|p2a: Chien-Pao|Sacred Sword|p1a: Support\n|-resisted|p1a: Support\n|-damage|p1a: Support|0 fnt\n|faint|p1a: Support\n|-damage|p2a: Chien-Pao|0 fnt|[from] item: Life Orb\n|faint|p2a: Chien-Pao\n|\n|-weather|none\n|upkeep\n|\n|t:|1697891193\n|switch|p2a: Miraidon|Miraidon|100\/100\n|switch|p1a: Gambitter|Jirachi, shiny|100\/100\n|-fieldstart|move: Electric Terrain|[from] ability: Hadron Engine|[of] p2a: Miraidon\n|-item|p2a: Miraidon|Air Balloon\n|turn|6\n|\n|t:|1697891198\n|move|p2a: Miraidon|Electro Drift|p1a: Gambitter\n|-damage|p1a: Gambitter|34\/100\n|move|p1a: Gambitter|Metronome|p1a: Gambitter\n|move|p1a: Gambitter|Giga Drain|p2a: Miraidon|[from]move: Metronome\n|-resisted|p2a: Miraidon\n|-damage|p2a: Miraidon|91\/100\n|-heal|p1a: Gambitter|38\/100|[from] drain|[of] p2a: Miraidon\n|-enditem|p2a: Miraidon|Air Balloon\n|\n|-heal|p1a: Gambitter|44\/100|[from] item: Leftovers\n|upkeep\n|turn|7\n|\n|t:|1697891204\n|move|p2a: Miraidon|Electro Drift|p1a: Gambitter\n|-damage|p1a: Gambitter|0 fnt\n|faint|p1a: Gambitter\n|\n|upkeep\n|\n|t:|1697891208\n|switch|p1a: Unwilted Power|Florges-White, F, shiny|100\/100\n|turn|8\n|\n|t:|1697891215\n|switch|p2a: Iron Hands|Iron Hands, shiny|100\/100\n|-activate|p2a: Iron Hands|ability: Quark Drive\n|-start|p2a: Iron Hands|quarkdriveatk\n|move|p1a: Unwilted Power|Metronome|p1a: Unwilted Power\n|move|p1a: Unwilted Power|Ice Spinner|p2a: Iron Hands|[from]move: Metronome\n|-damage|p2a: Iron Hands|95\/100\n|-fieldend|move: Electric Terrain\n|-end|p2a: Iron Hands|Quark Drive\n|\n|upkeep\n|turn|9\n|\n|t:|1697891224\n|move|p1a: Unwilted Power|Metronome|p1a: Unwilted Power\n|move|p1a: Unwilted Power|Confide|p2a: Iron Hands|[from]move: Metronome\n|-unboost|p2a: Iron Hands|spa|1\n|move|p2a: Iron Hands|Heavy Slam|p1a: Unwilted Power\n|-supereffective|p1a: Unwilted Power\n|-damage|p1a: Unwilted Power|0 fnt\n|faint|p1a: Unwilted Power\n|\n|upkeep\n|\n|t:|1697891230\n|switch|p1a: Sweep|Calyrex-Ice|100\/100\n|-ability|p1a: Sweep|As One\n|-ability|p1a: Sweep|Unnerve\n|turn|10\n|\n|t:|1697891235\n|move|p1a: Sweep|Metronome|p1a: Sweep\n|move|p1a: Sweep|Confusion|p2a: Iron Hands|[from]move: Metronome\n|-supereffective|p2a: Iron Hands\n|-damage|p2a: Iron Hands|78\/100\n|move|p2a: Iron Hands|Drain Punch|p1a: Sweep\n|-damage|p1a: Sweep|70\/100\n|-heal|p2a: Iron Hands|88\/100|[from] drain|[of] p1a: Sweep\n|\n|upkeep\n|turn|11\n|\n|t:|1697891245\n|move|p2a: Iron Hands|Drain Punch|p1a: Sweep\n|-damage|p1a: Sweep|37\/100\n|-heal|p2a: Iron Hands|99\/100|[from] drain|[of] p1a: Sweep\n|move|p1a: Sweep|Metronome|p1a: Sweep\n|move|p1a: Sweep|Mountain Gale|p2a: Iron Hands|[from]move: Metronome\n|-damage|p2a: Iron Hands|61\/100\n|\n|upkeep\n|turn|12\n|\n|t:|1697891254\n|move|p1a: Sweep|Metronome|p1a: Sweep\n|move|p1a: Sweep|Tackle|p2a: Iron Hands|[from]move: Metronome\n|-damage|p2a: Iron Hands|50\/100\n|move|p2a: Iron Hands|Drain Punch|p1a: Sweep\n|-damage|p1a: Sweep|7\/100\n|-heal|p2a: Iron Hands|60\/100|[from] drain|[of] p1a: Sweep\n|\n|upkeep\n|turn|13\n|\n|t:|1697891262\n|move|p1a: Sweep|Metronome|p1a: Sweep\n|move|p1a: Sweep|Acid|p2a: Iron Hands|[from]move: Metronome\n|-damage|p2a: Iron Hands|56\/100\n|move|p2a: Iron Hands|Drain Punch|p1a: Sweep\n|-damage|p1a: Sweep|0 fnt\n|-heal|p2a: Iron Hands|58\/100|[from] drain|[of] p1a: Sweep\n|faint|p1a: Sweep\n|\n|upkeep\n|c|\u2606SighofEnd|speed tie lol\n|\n|t:|1697891274\n|switch|p1a: GOD|Annihilape, F|100\/100\n|turn|14\n|\n|t:|1697891279\n|-terastallize|p1a: GOD|Dark\n|move|p1a: GOD|Metronome|p1a: GOD\n|move|p1a: GOD|Slash|p2a: Iron Hands|[from]move: Metronome\n|-damage|p2a: Iron Hands|45\/100\n|move|p2a: Iron Hands|Wild Charge|p1a: GOD\n|-damage|p1a: GOD|51\/100\n|-damage|p2a: Iron Hands|35\/100|[from] Recoil\n|\n|-heal|p1a: GOD|58\/100|[from] item: Leftovers\n|upkeep\n|turn|15\n|\n|t:|1697891288\n|move|p1a: GOD|Metronome|p1a: GOD\n|move|p1a: GOD|Scorching Sands|p2a: Iron Hands|[from]move: Metronome\n|-supereffective|p2a: Iron Hands\n|-damage|p2a: Iron Hands|24\/100\n|move|p2a: Iron Hands|Wild Charge|p1a: GOD\n|-crit|p1a: GOD\n|-damage|p1a: GOD|0 fnt\n|faint|p1a: GOD\n|-damage|p2a: Iron Hands|12\/100|[from] Recoil\n|\n|win|Anne Frankkkk\n|raw|SighofEnd's rating: 1028 &rarr; <strong>1019<\/strong><br \/>(-9 for losing)\n|raw|Anne Frankkkk's rating: 1157 &rarr; <strong>1173<\/strong><br \/>(+16 for winning)\n|c|\u2606SighofEnd|gg\n","uploadtime":1697891300,"views":11,"p1id":"sighofend","p2id":"annefrankkkk","formatid":"gen9ubers","rating":1019,"private":0,"password":""}