{"id":"gen9ubers-1982778345","p1":"ShadowVoid4534","p2":"MeteorAsh15","format":"[Gen 9] Ubers","log":"|j|\u2606ShadowVoid4534\n|j|\u2606MeteorAsh15\n|t:|1699044002\n|gametype|singles\n|player|p1|ShadowVoid4534|palmer|1357\n|player|p2|MeteorAsh15|nate|1289\n|teamsize|p1|6\n|teamsize|p2|6\n|gen|9\n|tier|[Gen 9] Ubers\n|rated|\n|rule|Sleep Clause Mod: Limit one foe put to sleep\n|rule|Species Clause: Limit one of each Pok\u00e9mon\n|rule|OHKO Clause: OHKO moves are banned\n|rule|Evasion Items Clause: Evasion items are banned\n|rule|Evasion Moves Clause: Evasion moves are banned\n|rule|Endless Battle Clause: Forcing endless battles is banned\n|rule|HP Percentage Mod: HP is shown in percentages\n|clearpoke\n|poke|p1|Uxie|\n|poke|p1|Mew|\n|poke|p1|Jirachi|\n|poke|p1|Manaphy|\n|poke|p1|Urshifu-*, M|\n|poke|p1|Miraidon|\n|poke|p2|Baxcalibur, F|\n|poke|p2|Ninetales-Alola, F|\n|poke|p2|Koraidon|\n|poke|p2|Zacian-*|\n|poke|p2|Tornadus, M|\n|poke|p2|Ribombee, F|\n|teampreview\n|inactive|Battle timer is ON: inactive players will automatically lose when time's up. (requested by MeteorAsh15)\n|inactive|ShadowVoid4534 also wants the timer to be on.\n|\n|t:|1699044007\n|start\n|switch|p1a: Jirachi|Jirachi|100\/100\n|switch|p2a: Ribombee|Ribombee, F, shiny|100\/100\n|turn|1\n|\n|t:|1699044014\n|move|p2a: Ribombee|Sticky Web|p1a: Jirachi\n|-sidestart|p1: ShadowVoid4534|move: Sticky Web\n|move|p1a: Jirachi|Psychic|p2a: Ribombee\n|-damage|p2a: Ribombee|29\/100\n|\n|upkeep\n|turn|2\n|\n|t:|1699044020\n|move|p2a: Ribombee|Tailwind|p2a: Ribombee\n|-sidestart|p2: MeteorAsh15|move: Tailwind\n|move|p1a: Jirachi|Psychic|p2a: Ribombee\n|-crit|p2a: Ribombee\n|-damage|p2a: Ribombee|0 fnt\n|faint|p2a: Ribombee\n|\n|upkeep\n|\n|t:|1699044030\n|switch|p2a: Koraidon|Koraidon|100\/100\n|-weather|SunnyDay|[from] ability: Orichalcum Pulse|[of] p2a: Koraidon\n|-activate|p2a: Koraidon|Orichalcum Pulse|[source]\n|turn|3\n|\n|t:|1699044035\n|move|p2a: Koraidon|Flare Blitz|p1a: Jirachi\n|-supereffective|p1a: Jirachi\n|-enditem|p1a: Jirachi|Focus Sash\n|-damage|p1a: Jirachi|1\/100\n|-status|p1a: Jirachi|brn\n|-damage|p2a: Koraidon|68\/100|[from] Recoil\n|move|p1a: Jirachi|Psychic|p2a: Koraidon\n|-supereffective|p2a: Koraidon\n|-damage|p2a: Koraidon|0 fnt\n|faint|p2a: Koraidon\n|\n|-weather|SunnyDay|[upkeep]\n|-damage|p1a: Jirachi|0 fnt|[from] brn\n|faint|p1a: Jirachi\n|upkeep\n|\n|t:|1699044050\n|switch|p2a: Zacian|Zacian-Crowned, shiny|100\/100\n|switch|p1a: Uxie|Uxie|100\/100\n|-ability|p2a: Zacian|Intrepid Sword|boost\n|-boost|p2a: Zacian|atk|1\n|turn|4\n|\n|t:|1699044059\n|move|p2a: Zacian|Behemoth Blade|p1a: Uxie\n|-damage|p1a: Uxie|30\/100\n|move|p1a: Uxie|Thunder Wave|p2a: Zacian\n|-status|p2a: Zacian|par\n|\n|-weather|SunnyDay|[upkeep]\n|-heal|p1a: Uxie|36\/100|[from] item: Leftovers\n|upkeep\n|turn|5\n|\n|t:|1699044068\n|move|p2a: Zacian|Crunch|p1a: Uxie\n|-supereffective|p1a: Uxie\n|-damage|p1a: Uxie|0 fnt\n|faint|p1a: Uxie\n|\n|-weather|SunnyDay|[upkeep]\n|-sideend|p2: MeteorAsh15|move: Tailwind\n|upkeep\n|\n|t:|1699044074\n|switch|p1a: Mew|Mew|100\/100\n|-activate|p1a: Mew|move: Sticky Web\n|-unboost|p1a: Mew|spe|1\n|turn|6\n|\n|t:|1699044079\n|move|p1a: Mew|Shadow Ball|p2a: Zacian\n|-damage|p2a: Zacian|79\/100 par\n|cant|p2a: Zacian|par\n|\n|-weather|SunnyDay|[upkeep]\n|upkeep\n|turn|7\n|\n|t:|1699044087\n|move|p1a: Mew|Shadow Ball|p2a: Zacian\n|-damage|p2a: Zacian|57\/100 par\n|-unboost|p2a: Zacian|spd|1\n|move|p2a: Zacian|Behemoth Blade|p1a: Mew\n|-damage|p1a: Mew|17\/100\n|-enditem|p1a: Mew|Salac Berry|[eat]\n|-boost|p1a: Mew|spe|1|[from] item: Salac Berry\n|\n|-weather|none\n|upkeep\n|turn|8\n|\n|t:|1699044104\n|switch|p2a: Ninetales|Ninetales-Alola, F|100\/100\n|-weather|Snow|[from] ability: Snow Warning|[of] p2a: Ninetales\n|move|p1a: Mew|Shadow Ball|p2a: Ninetales\n|-damage|p2a: Ninetales|73\/100\n|\n|-weather|Snow|[upkeep]\n|upkeep\n|turn|9\n|\n|t:|1699044115\n|move|p2a: Ninetales|Freeze-Dry|p1a: Mew\n|-damage|p1a: Mew|0 fnt\n|faint|p1a: Mew\n|\n|-weather|Snow|[upkeep]\n|upkeep\n|\n|t:|1699044119\n|switch|p1a: Urshifu|Urshifu-Rapid-Strike, M|100\/100\n|-activate|p1a: Urshifu|move: Sticky Web\n|-unboost|p1a: Urshifu|spe|1\n|turn|10\n|\n|t:|1699044127\n|move|p2a: Ninetales|Aurora Veil|p2a: Ninetales\n|-sidestart|p2: MeteorAsh15|move: Aurora Veil\n|move|p1a: Urshifu|Stone Edge|p2a: Ninetales\n|-supereffective|p2a: Ninetales\n|-crit|p2a: Ninetales\n|-damage|p2a: Ninetales|0 fnt\n|faint|p2a: Ninetales\n|\n|-weather|Snow|[upkeep]\n|upkeep\n|\n|t:|1699044136\n|switch|p2a: Tornadus|Tornadus, M, shiny|100\/100\n|turn|11\n|\n|t:|1699044140\n|move|p2a: Tornadus|Bleakwind Storm|p1a: Urshifu|[miss]\n|-miss|p2a: Tornadus|p1a: Urshifu\n|move|p1a: Urshifu|Stone Edge|p2a: Tornadus\n|-supereffective|p2a: Tornadus\n|-damage|p2a: Tornadus|51\/100\n|\n|-weather|Snow|[upkeep]\n|upkeep\n|turn|12\n|\n|t:|1699044149\n|move|p2a: Tornadus|Bleakwind Storm|p1a: Urshifu\n|-supereffective|p1a: Urshifu\n|-damage|p1a: Urshifu|0 fnt\n|faint|p1a: Urshifu\n|\n|-weather|none\n|upkeep\n|\n|t:|1699044155\n|switch|p1a: Miraidon|Miraidon|100\/100\n|-activate|p1a: Miraidon|move: Sticky Web\n|-unboost|p1a: Miraidon|spe|1\n|-fieldstart|move: Electric Terrain|[from] ability: Hadron Engine|[of] p1a: Miraidon\n|turn|13\n|\n|t:|1699044162\n|move|p1a: Miraidon|Electro Drift|p2a: Tornadus\n|-supereffective|p2a: Tornadus\n|-damage|p2a: Tornadus|0 fnt\n|faint|p2a: Tornadus\n|-damage|p1a: Miraidon|91\/100|[from] item: Life Orb\n|\n|upkeep\n|\n|t:|1699044171\n|switch|p2a: Baxcalibur|Baxcalibur, F|100\/100\n|turn|14\n|\n|t:|1699044184\n|-terastallize|p2a: Baxcalibur|Ground\n|move|p2a: Baxcalibur|Swords Dance|p2a: Baxcalibur\n|-boost|p2a: Baxcalibur|atk|2\n|move|p1a: Miraidon|Dragon Pulse|p2a: Baxcalibur\n|-damage|p2a: Baxcalibur|56\/100\n|-damage|p1a: Miraidon|81\/100|[from] item: Life Orb\n|\n|upkeep\n|turn|15\n|\n|t:|1699044193\n|move|p2a: Baxcalibur|Scale Shot|p1a: Miraidon\n|-supereffective|p1a: Miraidon\n|-damage|p1a: Miraidon|27\/100\n|-supereffective|p1a: Miraidon\n|-damage|p1a: Miraidon|0 fnt\n|faint|p1a: Miraidon\n|-hitcount|p1: Miraidon|2\n|-unboost|p2a: Baxcalibur|def|1\n|-boost|p2a: Baxcalibur|spe|1\n|\n|upkeep\n|\n|t:|1699044197\n|switch|p1a: Manaphy|Manaphy|100\/100\n|-activate|p1a: Manaphy|move: Sticky Web\n|-unboost|p1a: Manaphy|spe|1\n|turn|16\n|\n|t:|1699044206\n|move|p2a: Baxcalibur|Scale Shot|p1a: Manaphy\n|-damage|p1a: Manaphy|77\/100\n|-damage|p1a: Manaphy|53\/100\n|-damage|p1a: Manaphy|29\/100\n|-damage|p1a: Manaphy|4\/100\n|-damage|p1a: Manaphy|0 fnt\n|faint|p1a: Manaphy\n|-hitcount|p1: Manaphy|5\n|\n|win|MeteorAsh15\n|raw|ShadowVoid4534's rating: 1357 &rarr; <strong>1333<\/strong><br \/>(-24 for losing)\n|raw|MeteorAsh15's rating: 1289 &rarr; <strong>1319<\/strong><br \/>(+30 for winning)\n|l|\u2606ShadowVoid4534\n|c|\u2606MeteorAsh15|I win\n","uploadtime":1699044234,"views":8,"p1id":"shadowvoid4534","p2id":"meteorash15","formatid":"gen9ubers","rating":1319,"private":0,"password":""}