{"id":"gen9ubers-1970715025","p1":"portobellomushroom","p2":"IspamObjection","format":"[Gen 9] Ubers","log":"|j|\u2606portobellomushroom\n|j|\u2606IspamObjection\n|t:|1697660579\n|gametype|singles\n|player|p1|portobellomushroom|clown|\n|player|p2|IspamObjection|lance-gen2|\n|teamsize|p1|6\n|teamsize|p2|6\n|gen|9\n|tier|[Gen 9] Ubers\n|rule|Sleep Clause Mod: Limit one foe put to sleep\n|rule|Species Clause: Limit one of each Pok\u00e9mon\n|rule|OHKO Clause: OHKO moves are banned\n|rule|Evasion Items Clause: Evasion items are banned\n|rule|Evasion Moves Clause: Evasion moves are banned\n|rule|Endless Battle Clause: Forcing endless battles is banned\n|rule|HP Percentage Mod: HP is shown in percentages\n|clearpoke\n|poke|p1|Zacian-*|\n|poke|p1|Shaymin-Sky|\n|poke|p1|Cyclizar, F|\n|poke|p1|Chi-Yu|\n|poke|p1|Magearna|\n|poke|p1|Arceus-Poison|\n|poke|p2|Masquerain, M|\n|poke|p2|Urshifu-*, M|\n|poke|p2|Gholdengo|\n|poke|p2|Zacian-*|\n|poke|p2|Dialga|\n|poke|p2|Shaymin-Sky|\n|teampreview\n|\n|t:|1697660596\n|start\n|switch|p1a: funny fish|Chi-Yu|100\/100\n|switch|p2a: Masquerain|Masquerain, M|100\/100\n|-ability|p1a: funny fish|Beads of Ruin\n|-ability|p2a: Masquerain|Intimidate|boost\n|-unboost|p1a: funny fish|atk|1\n|turn|1\n|\n|t:|1697660628\n|move|p1a: funny fish|Flamethrower|p2a: Masquerain\n|-supereffective|p2a: Masquerain\n|-enditem|p2a: Masquerain|Focus Sash\n|-damage|p2a: Masquerain|1\/100\n|move|p2a: Masquerain|Sticky Web|p1a: funny fish\n|-sidestart|p1: portobellomushroom|move: Sticky Web\n|\n|upkeep\n|turn|2\n|c|\u2606portobellomushroom|I love how masquerain has showed up here since ribombee is too good\n|\n|t:|1697660646\n|move|p1a: funny fish|Flamethrower|p2a: Masquerain\n|-supereffective|p2a: Masquerain\n|-damage|p2a: Masquerain|0 fnt\n|faint|p2a: Masquerain\n|\n|upkeep\n|\n|t:|1697660661\n|switch|p2a: Dialga|Dialga|100\/100\n|-ability|p2a: Dialga|Pressure\n|turn|3\n|c|\u2606IspamObjection|ye\n|c|\u2606IspamObjection|one of my fav developments with this\n|c|\u2606IspamObjection|also seen cutiefly\n|\n|t:|1697660701\n|move|p1a: funny fish|Flamethrower|p2a: Dialga\n|-damage|p2a: Dialga|43\/100\n|move|p2a: Dialga|Thunder Wave|p1a: funny fish|[miss]\n|-miss|p2a: Dialga|p1a: funny fish\n|\n|-heal|p2a: Dialga|49\/100|[from] item: Leftovers\n|upkeep\n|turn|4\n|c|\u2606portobellomushroom|skill dodge\n|c|\u2606portobellomushroom|obviously\n|\n|t:|1697660730\n|move|p1a: funny fish|Flamethrower|p2a: Dialga\n|-damage|p2a: Dialga|0 fnt\n|faint|p2a: Dialga\n|\n|upkeep\n|c|\u2606IspamObjection|that's actually huge\n|\n|t:|1697660763\n|switch|p2a: Zacian|Zacian|100\/100\n|-ability|p2a: Zacian|Intrepid Sword|boost\n|-boost|p2a: Zacian|atk|1\n|turn|5\n|c|\u2606portobellomushroom|yeah kinda screws you\n|\n|t:|1697660769\n|move|p1a: funny fish|Flamethrower|p2a: Zacian\n|-damage|p2a: Zacian|37\/100\n|move|p2a: Zacian|Play Rough|p1a: funny fish\n|-damage|p1a: funny fish|0 fnt\n|faint|p1a: funny fish\n|\n|upkeep\n|\n|t:|1697660779\n|switch|p1a: Arceus|Arceus-Poison|100\/100\n|-activate|p1a: Arceus|move: Sticky Web\n|-unboost|p1a: Arceus|spe|1\n|turn|6\n|\n|t:|1697660790\n|switch|p2a: Gholdengo|Gholdengo|100\/100\n|move|p1a: Arceus|Cosmic Power|p1a: Arceus\n|-boost|p1a: Arceus|def|1\n|-boost|p1a: Arceus|spd|1\n|\n|upkeep\n|turn|7\n|\n|t:|1697660802\n|move|p1a: Arceus|Cosmic Power|p1a: Arceus\n|-boost|p1a: Arceus|def|1\n|-boost|p1a: Arceus|spd|1\n|move|p2a: Gholdengo|Nasty Plot|p2a: Gholdengo\n|-boost|p2a: Gholdengo|spa|2\n|\n|upkeep\n|turn|8\n|\n|t:|1697660809\n|move|p1a: Arceus|Cosmic Power|p1a: Arceus\n|-boost|p1a: Arceus|def|1\n|-boost|p1a: Arceus|spd|1\n|move|p2a: Gholdengo|Shadow Ball|p1a: Arceus\n|-damage|p1a: Arceus|83\/100\n|\n|upkeep\n|turn|9\n|\n|t:|1697660827\n|move|p1a: Arceus|Cosmic Power|p1a: Arceus\n|-boost|p1a: Arceus|def|1\n|-boost|p1a: Arceus|spd|1\n|move|p2a: Gholdengo|Shadow Ball|p1a: Arceus\n|-damage|p1a: Arceus|68\/100\n|\n|upkeep\n|turn|10\n|\n|t:|1697660836\n|move|p1a: Arceus|Cosmic Power|p1a: Arceus\n|-boost|p1a: Arceus|def|1\n|-boost|p1a: Arceus|spd|1\n|move|p2a: Gholdengo|Shadow Ball|p1a: Arceus\n|-damage|p1a: Arceus|55\/100\n|\n|upkeep\n|turn|11\n|\n|t:|1697660839\n|move|p1a: Arceus|Cosmic Power|p1a: Arceus\n|-boost|p1a: Arceus|def|1\n|-boost|p1a: Arceus|spd|1\n|move|p2a: Gholdengo|Shadow Ball|p1a: Arceus\n|-damage|p1a: Arceus|42\/100\n|-unboost|p1a: Arceus|spd|1\n|\n|upkeep\n|turn|12\n|\n|t:|1697660844\n|move|p1a: Arceus|Recover|p1a: Arceus\n|-heal|p1a: Arceus|92\/100\n|move|p2a: Gholdengo|Shadow Ball|p1a: Arceus\n|-crit|p1a: Arceus\n|-damage|p1a: Arceus|18\/100\n|\n|upkeep\n|turn|13\n|c|\u2606portobellomushroom|whoa chill joseph\n|\n|t:|1697660869\n|switch|p2a: Urshifu|Urshifu, M|100\/100\n|move|p1a: Arceus|Recover|p1a: Arceus\n|-heal|p1a: Arceus|68\/100\n|\n|upkeep\n|turn|14\n|\n|t:|1697660877\n|-terastallize|p2a: Urshifu|Dark\n|move|p2a: Urshifu|Wicked Blow|p1a: Arceus\n|-crit|p1a: Arceus\n|-damage|p1a: Arceus|0 fnt\n|faint|p1a: Arceus\n|\n|upkeep\n|\n|t:|1697660891\n|switch|p1a: downBdownBdownB|Zacian|100\/100\n|-activate|p1a: downBdownBdownB|move: Sticky Web\n|-unboost|p1a: downBdownBdownB|spe|1\n|-ability|p1a: downBdownBdownB|Intrepid Sword|boost\n|-boost|p1a: downBdownBdownB|atk|1\n|turn|15\n|\n|t:|1697660903\n|switch|p2a: Gholdengo|Gholdengo|100\/100\n|move|p1a: downBdownBdownB|Trailblaze|p2a: Gholdengo\n|-resisted|p2a: Gholdengo\n|-damage|p2a: Gholdengo|90\/100\n|-boost|p1a: downBdownBdownB|spe|1\n|\n|-heal|p2a: Gholdengo|97\/100|[from] item: Leftovers\n|upkeep\n|turn|16\n|\n|t:|1697660920\n|-terastallize|p1a: downBdownBdownB|Fire\n|move|p1a: downBdownBdownB|Tera Blast|p2a: Gholdengo|[anim] Tera Blast Fire\n|-supereffective|p2a: Gholdengo\n|-damage|p2a: Gholdengo|1\/100\n|move|p2a: Gholdengo|Make It Rain|p1a: downBdownBdownB\n|-resisted|p1a: downBdownBdownB\n|-damage|p1a: downBdownBdownB|76\/100\n|-unboost|p2a: Gholdengo|spa|1\n|\n|-heal|p2a: Gholdengo|7\/100|[from] item: Leftovers\n|upkeep\n|turn|17\n|\n|t:|1697660932\n|move|p1a: downBdownBdownB|Trailblaze|p2a: Gholdengo\n|-resisted|p2a: Gholdengo\n|-damage|p2a: Gholdengo|0 fnt\n|-boost|p1a: downBdownBdownB|spe|1\n|faint|p2a: Gholdengo\n|\n|upkeep\n|\n|t:|1697660950\n|switch|p2a: Urshifu|Urshifu, M, tera:Dark|100\/100\n|turn|18\n|\n|t:|1697660961\n|move|p2a: Urshifu|Sucker Punch|p1a: downBdownBdownB\n|-damage|p1a: downBdownBdownB|6\/100\n|move|p1a: downBdownBdownB|Play Rough|p2a: Urshifu\n|-supereffective|p2a: Urshifu\n|-damage|p2a: Urshifu|0 fnt\n|faint|p2a: Urshifu\n|\n|upkeep\n|c|\u2606portobellomushroom|gg\n|\n|t:|1697660971\n|switch|p2a: Zacian|Zacian|37\/100\n|turn|19\n|\n|t:|1697660974\n|move|p1a: downBdownBdownB|Tera Blast|p2a: Zacian|[anim] Tera Blast Fire\n|-damage|p2a: Zacian|0 fnt\n|faint|p2a: Zacian\n|\n|upkeep\n|\n|t:|1697660977\n|switch|p2a: Shaymin|Shaymin-Sky|100\/100\n|turn|20\n|\n|t:|1697660982\n|move|p1a: downBdownBdownB|Tera Blast|p2a: Shaymin|[anim] Tera Blast Fire\n|-supereffective|p2a: Shaymin\n|-damage|p2a: Shaymin|0 fnt\n|faint|p2a: Shaymin\n|\n|win|portobellomushroom\n","uploadtime":1697660988,"views":23,"p1id":"portobellomushroom","p2id":"ispamobjection","formatid":"gen9ubers","rating":0,"private":0,"password":""}