{"id":"gen9ubers-1993509618","p1":"Kionjg8","p2":"Ariados5678","format":"[Gen 9] Ubers","log":"|j|\u2606Kionjg8\n|j|\u2606Ariados5678\n|t:|1700326288\n|gametype|singles\n|player|p1|Kionjg8|marnie|\n|player|p2|Ariados5678|102|\n|teamsize|p1|6\n|teamsize|p2|6\n|gen|9\n|tier|[Gen 9] Ubers\n|rule|Sleep Clause Mod: Limit one foe put to sleep\n|rule|Species Clause: Limit one of each Pok\u00e9mon\n|rule|OHKO Clause: OHKO moves are banned\n|rule|Evasion Items Clause: Evasion items are banned\n|rule|Evasion Moves Clause: Evasion moves are banned\n|rule|Endless Battle Clause: Forcing endless battles is banned\n|rule|HP Percentage Mod: HP is shown in percentages\n|clearpoke\n|poke|p1|Maushold|\n|poke|p1|Umbreon, M|\n|poke|p1|Azelf|\n|poke|p1|Cloyster, M|\n|poke|p1|Muk-Alola, F|\n|poke|p1|Magnezone|\n|poke|p2|Calyrex-Ice|\n|poke|p2|Indeedee-F, F|\n|poke|p2|Ceruledge, M|\n|poke|p2|Armarouge, M|\n|poke|p2|Kyogre|\n|poke|p2|Basculegion, M|\n|teampreview\n|\n|t:|1700326303\n|start\n|switch|p1a: \u30ec\u30e0|Azelf, shiny|100\/100\n|switch|p2a: Armarouge|Armarouge, M|100\/100\n|turn|1\n|\n|t:|1700326311\n|move|p1a: \u30ec\u30e0|Stealth Rock|p2a: Armarouge\n|-sidestart|p2: Ariados5678|move: Stealth Rock\n|move|p2a: Armarouge|Trick Room|p2a: Armarouge\n|-fieldstart|move: Trick Room|[of] p2a: Armarouge\n|\n|upkeep\n|turn|2\n|\n|t:|1700326323\n|move|p2a: Armarouge|Expanding Force|p1a: \u30ec\u30e0\n|-resisted|p1a: \u30ec\u30e0\n|-damage|p1a: \u30ec\u30e0|70\/100\n|move|p1a: \u30ec\u30e0|Skill Swap|p2a: Armarouge\n|-activate|p1a: \u30ec\u30e0|move: Skill Swap|Weak Armor|Levitate|[of] p2a: Armarouge\n|\n|upkeep\n|turn|3\n|\n|t:|1700326330\n|move|p2a: Armarouge|Armor Cannon|p1a: \u30ec\u30e0\n|-damage|p1a: \u30ec\u30e0|0 fnt\n|-unboost|p2a: Armarouge|def|1\n|-unboost|p2a: Armarouge|spd|1\n|faint|p1a: \u30ec\u30e0\n|\n|upkeep\n|\n|t:|1700326343\n|switch|p1a: \u9752\u3044 \u5149|Umbreon, M, shiny|100\/100\n|turn|4\n|\n|t:|1700326352\n|move|p1a: \u9752\u3044 \u5149|Foul Play|p2a: Armarouge\n|-supereffective|p2a: Armarouge\n|-damage|p2a: Armarouge|49\/100\n|move|p2a: Armarouge|Armor Cannon|p1a: \u9752\u3044 \u5149\n|-damage|p1a: \u9752\u3044 \u5149|65\/100\n|-unboost|p2a: Armarouge|def|1\n|-unboost|p2a: Armarouge|spd|1\n|\n|-heal|p1a: \u9752\u3044 \u5149|71\/100|[from] item: Leftovers\n|upkeep\n|turn|5\n|\n|t:|1700326365\n|move|p1a: \u9752\u3044 \u5149|Foul Play|p2a: Armarouge\n|-supereffective|p2a: Armarouge\n|-damage|p2a: Armarouge|0 fnt\n|faint|p2a: Armarouge\n|\n|-heal|p1a: \u9752\u3044 \u5149|77\/100|[from] item: Leftovers\n|-fieldend|move: Trick Room\n|upkeep\n|\n|t:|1700326383\n|switch|p2a: Nuke|Indeedee-F, F|100\/100\n|-damage|p2a: Nuke|88\/100|[from] Stealth Rock\n|-fieldstart|move: Psychic Terrain|[from] ability: Psychic Surge|[of] p2a: Nuke\n|turn|6\n|\n|t:|1700326398\n|move|p1a: \u9752\u3044 \u5149|Toxic|p2a: Nuke\n|-status|p2a: Nuke|tox\n|move|p2a: Nuke|Trick Room|p2a: Nuke\n|-fieldstart|move: Trick Room|[of] p2a: Nuke\n|\n|-heal|p1a: \u9752\u3044 \u5149|83\/100|[from] item: Leftovers\n|-damage|p2a: Nuke|82\/100 tox|[from] psn\n|upkeep\n|turn|7\n|\n|t:|1700326407\n|switch|p2a: DA ICE PFERDI|Calyrex-Ice|100\/100\n|-ability|p2a: DA ICE PFERDI|As One\n|-ability|p2a: DA ICE PFERDI|Unnerve\n|-damage|p2a: DA ICE PFERDI|76\/100|[from] Stealth Rock\n|move|p1a: \u9752\u3044 \u5149|Wish|p1a: \u9752\u3044 \u5149\n|\n|-heal|p1a: \u9752\u3044 \u5149|90\/100|[from] item: Leftovers\n|upkeep\n|turn|8\n|\n|t:|1700326420\n|move|p2a: DA ICE PFERDI|Glacial Lance|p1a: \u9752\u3044 \u5149\n|-damage|p1a: \u9752\u3044 \u5149|0 fnt\n|faint|p1a: \u9752\u3044 \u5149\n|-ability|p2a: DA ICE PFERDI|Chilling Neigh|boost\n|-boost|p2a: DA ICE PFERDI|atk|1\n|\n|upkeep\n|\n|t:|1700326426\n|switch|p1a: \u865a\u821f \u3046\u3064\u308d\u821f|Magnezone, shiny|100\/100\n|-item|p1a: \u865a\u821f \u3046\u3064\u308d\u821f|Air Balloon\n|turn|9\n|\n|t:|1700326435\n|switch|p2a: Kevin|Ceruledge, M|100\/100\n|-damage|p2a: Kevin|76\/100|[from] Stealth Rock\n|-enditem|p2a: Kevin|Room Service\n|-unboost|p2a: Kevin|spe|1|[from] item: Room Service\n|move|p1a: \u865a\u821f \u3046\u3064\u308d\u821f|Flash Cannon|p2a: Kevin\n|-resisted|p2a: Kevin\n|-damage|p2a: Kevin|55\/100\n|\n|upkeep\n|turn|10\n|\n|t:|1700326445\n|-terastallize|p1a: \u865a\u821f \u3046\u3064\u308d\u821f|Water\n|move|p2a: Kevin|Bitter Blade|p1a: \u865a\u821f \u3046\u3064\u308d\u821f\n|-resisted|p1a: \u865a\u821f \u3046\u3064\u308d\u821f\n|-damage|p1a: \u865a\u821f \u3046\u3064\u308d\u821f|79\/100\n|-heal|p2a: Kevin|67\/100|[from] drain|[of] p1a: \u865a\u821f \u3046\u3064\u308d\u821f\n|-enditem|p1a: \u865a\u821f \u3046\u3064\u308d\u821f|Air Balloon\n|move|p1a: \u865a\u821f \u3046\u3064\u308d\u821f|Discharge|p2a: Kevin\n|-damage|p2a: Kevin|26\/100\n|\n|-fieldend|move: Trick Room\n|-fieldend|move: Psychic Terrain\n|upkeep\n|turn|11\n|\n|t:|1700326463\n|move|p2a: Kevin|Shadow Sneak|p1a: \u865a\u821f \u3046\u3064\u308d\u821f\n|-crit|p1a: \u865a\u821f \u3046\u3064\u308d\u821f\n|-damage|p1a: \u865a\u821f \u3046\u3064\u308d\u821f|49\/100\n|move|p1a: \u865a\u821f \u3046\u3064\u308d\u821f|Tera Blast|p2a: Kevin|[anim] Tera Blast Water\n|-supereffective|p2a: Kevin\n|-damage|p2a: Kevin|0 fnt\n|faint|p2a: Kevin\n|\n|upkeep\n|\n|t:|1700326471\n|switch|p2a: Nuke|Indeedee-F, F|82\/100 tox\n|-damage|p2a: Nuke|70\/100 tox|[from] Stealth Rock\n|-fieldstart|move: Psychic Terrain|[from] ability: Psychic Surge|[of] p2a: Nuke\n|turn|12\n|\n|t:|1700326477\n|move|p1a: \u865a\u821f \u3046\u3064\u308d\u821f|Discharge|p2a: Nuke\n|-damage|p2a: Nuke|40\/100 tox\n|move|p2a: Nuke|Trick Room|p2a: Nuke\n|-fieldstart|move: Trick Room|[of] p2a: Nuke\n|\n|-damage|p2a: Nuke|34\/100 tox|[from] psn\n|upkeep\n|turn|13\n|\n|t:|1700326487\n|move|p1a: \u865a\u821f \u3046\u3064\u308d\u821f|Discharge|p2a: Nuke\n|-damage|p2a: Nuke|4\/100 tox\n|move|p2a: Nuke|Light Screen|p2a: Nuke\n|-sidestart|p2: Ariados5678|move: Light Screen\n|\n|-damage|p2a: Nuke|0 fnt|[from] psn\n|faint|p2a: Nuke\n|upkeep\n|\n|t:|1700326496\n|switch|p2a: DA ICE PFERDI|Calyrex-Ice|76\/100\n|-ability|p2a: DA ICE PFERDI|As One\n|-ability|p2a: DA ICE PFERDI|Unnerve\n|-damage|p2a: DA ICE PFERDI|51\/100|[from] Stealth Rock\n|turn|14\n|\n|t:|1700326506\n|move|p2a: DA ICE PFERDI|Icicle Spear|p1a: \u865a\u821f \u3046\u3064\u308d\u821f\n|-resisted|p1a: \u865a\u821f \u3046\u3064\u308d\u821f\n|-damage|p1a: \u865a\u821f \u3046\u3064\u308d\u821f|38\/100\n|-resisted|p1a: \u865a\u821f \u3046\u3064\u308d\u821f\n|-damage|p1a: \u865a\u821f \u3046\u3064\u308d\u821f|27\/100\n|-hitcount|p1a: \u865a\u821f \u3046\u3064\u308d\u821f|2\n|move|p1a: \u865a\u821f \u3046\u3064\u308d\u821f|Flash Cannon|p2a: DA ICE PFERDI\n|-supereffective|p2a: DA ICE PFERDI\n|-damage|p2a: DA ICE PFERDI|20\/100\n|-unboost|p2a: DA ICE PFERDI|spd|1\n|\n|upkeep\n|turn|15\n|\n|t:|1700326516\n|move|p2a: DA ICE PFERDI|Icicle Spear|p1a: \u865a\u821f \u3046\u3064\u308d\u821f\n|-resisted|p1a: \u865a\u821f \u3046\u3064\u308d\u821f\n|-damage|p1a: \u865a\u821f \u3046\u3064\u308d\u821f|16\/100\n|-resisted|p1a: \u865a\u821f \u3046\u3064\u308d\u821f\n|-damage|p1a: \u865a\u821f \u3046\u3064\u308d\u821f|6\/100\n|-hitcount|p1a: \u865a\u821f \u3046\u3064\u308d\u821f|2\n|move|p1a: \u865a\u821f \u3046\u3064\u308d\u821f|Volt Switch|p2a: DA ICE PFERDI\n|-damage|p2a: DA ICE PFERDI|0 fnt\n|faint|p2a: DA ICE PFERDI\n|\n|t:|1700326525\n|switch|p1a: \u30ea\u30e0\u30eb\u30a0\u30c6\u30f3\u30da\u30b9\u30c8|Muk-Alola, F|100\/100|[from] Volt Switch\n|\n|upkeep\n|\n|t:|1700326531\n|switch|p2a: Big Blue Guy|Kyogre|100\/100\n|-damage|p2a: Big Blue Guy|88\/100|[from] Stealth Rock\n|-weather|RainDance|[from] ability: Drizzle|[of] p2a: Big Blue Guy\n|turn|16\n|\n|t:|1700326540\n|move|p1a: \u30ea\u30e0\u30eb\u30a0\u30c6\u30f3\u30da\u30b9\u30c8|Knock Off|p2a: Big Blue Guy\n|-damage|p2a: Big Blue Guy|43\/100\n|-enditem|p2a: Big Blue Guy|Choice Specs|[from] move: Knock Off|[of] p1a: \u30ea\u30e0\u30eb\u30a0\u30c6\u30f3\u30da\u30b9\u30c8\n|move|p2a: Big Blue Guy|Origin Pulse|p1a: \u30ea\u30e0\u30eb\u30a0\u30c6\u30f3\u30da\u30b9\u30c8|[miss]\n|-miss|p2a: Big Blue Guy|p1a: \u30ea\u30e0\u30eb\u30a0\u30c6\u30f3\u30da\u30b9\u30c8\n|\n|-weather|RainDance|[upkeep]\n|-fieldend|move: Trick Room\n|-fieldend|move: Psychic Terrain\n|upkeep\n|turn|17\n|\n|t:|1700326551\n|move|p2a: Big Blue Guy|Origin Pulse|p1a: \u30ea\u30e0\u30eb\u30a0\u30c6\u30f3\u30da\u30b9\u30c8\n|-damage|p1a: \u30ea\u30e0\u30eb\u30a0\u30c6\u30f3\u30da\u30b9\u30c8|21\/100\n|move|p1a: \u30ea\u30e0\u30eb\u30a0\u30c6\u30f3\u30da\u30b9\u30c8|Poison Jab|p2a: Big Blue Guy\n|-crit|p2a: Big Blue Guy\n|-damage|p2a: Big Blue Guy|0 fnt\n|faint|p2a: Big Blue Guy\n|\n|-weather|RainDance|[upkeep]\n|-heal|p1a: \u30ea\u30e0\u30eb\u30a0\u30c6\u30f3\u30da\u30b9\u30c8|27\/100|[from] item: Black Sludge\n|upkeep\n|\n|t:|1700326562\n|switch|p2a: FISCH|Basculegion, M|100\/100\n|-damage|p2a: FISCH|88\/100|[from] Stealth Rock\n|turn|18\n|\n|t:|1700326568\n|-terastallize|p2a: FISCH|Water\n|move|p2a: FISCH|Last Respects|p1a: \u30ea\u30e0\u30eb\u30a0\u30c6\u30f3\u30da\u30b9\u30c8\n|-resisted|p1a: \u30ea\u30e0\u30eb\u30a0\u30c6\u30f3\u30da\u30b9\u30c8\n|-damage|p1a: \u30ea\u30e0\u30eb\u30a0\u30c6\u30f3\u30da\u30b9\u30c8|0 fnt\n|faint|p1a: \u30ea\u30e0\u30eb\u30a0\u30c6\u30f3\u30da\u30b9\u30c8\n|\n|-weather|RainDance|[upkeep]\n|upkeep\n|\n|t:|1700326575\n|switch|p1a: \u30cd\u30ba\u30df|Maushold|100\/100\n|turn|19\n|l|\u2606Ariados5678\n|player|p2|\n|inactive|Battle timer is ON: inactive players will automatically lose when time's up. (requested by Kionjg8)\n|inactive|Ariados5678 has 270 seconds to reconnect!\n|inactive|Ariados5678 has 240 seconds to reconnect!\n|inactive|Ariados5678 has 210 seconds to reconnect!\n|inactive|Ariados5678 has 180 seconds to reconnect!\n|inactive|Ariados5678 has 150 seconds to reconnect!\n|inactive|Ariados5678 has 120 seconds to reconnect!\n|inactive|Ariados5678 has 90 seconds to reconnect!\n|inactive|Ariados5678 has 60 seconds to reconnect!\n|inactive|Ariados5678 has 30 seconds to reconnect!\n|inactive|Ariados5678 has 20 seconds to reconnect!\n|inactive|Ariados5678 has 15 seconds to reconnect!\n|inactive|Ariados5678 has 10 seconds to reconnect!\n|inactive|Ariados5678 has 5 seconds to reconnect!\n|-message|Ariados5678 lost due to inactivity.\n|\n|win|Kionjg8\n","uploadtime":1700326926,"views":19,"p1id":"kionjg8","p2id":"ariados5678","formatid":"gen9ubers","rating":0,"private":0,"password":""}