{"id":"gen9ubers-1989344315","p1":"Nitro524","p2":"Leo Justice","format":"[Gen 9] Ubers","log":"|j|\u2606Nitro524\n|j|\u2606Leo Justice\n|t:|1699838756\n|gametype|singles\n|player|p1|Nitro524|hilbert|\n|player|p2|Leo Justice|carmine|\n|teamsize|p1|6\n|teamsize|p2|6\n|gen|9\n|tier|[Gen 9] Ubers\n|rule|Sleep Clause Mod: Limit one foe put to sleep\n|rule|Species Clause: Limit one of each Pok\u00e9mon\n|rule|OHKO Clause: OHKO moves are banned\n|rule|Evasion Items Clause: Evasion items are banned\n|rule|Evasion Moves Clause: Evasion moves are banned\n|rule|Endless Battle Clause: Forcing endless battles is banned\n|rule|HP Percentage Mod: HP is shown in percentages\n|clearpoke\n|poke|p1|Torkoal, F|\n|poke|p1|Chi-Yu|\n|poke|p1|Lilligant-Hisui, F|\n|poke|p1|Arceus-Fire|\n|poke|p1|Roaring Moon|\n|poke|p1|Walking Wake|\n|poke|p2|Arceus-Bug|\n|poke|p2|Magearna|\n|poke|p2|Palkia-Origin|\n|poke|p2|Moltres|\n|poke|p2|Landorus, M|\n|poke|p2|Meowscarada, F|\n|teampreview\n|inactive|Battle timer is ON: inactive players will automatically lose when time's up. (requested by Nitro524)\n|\n|t:|1699838778\n|start\n|switch|p1a: Bring The Sun|Torkoal, F|100\/100\n|switch|p2a: Landorus|Landorus, M|100\/100\n|-weather|SunnyDay|[from] ability: Drought|[of] p1a: Bring The Sun\n|turn|1\n|\n|t:|1699838806\n|switch|p1a: Lilligant|Lilligant-Hisui, F|100\/100\n|move|p2a: Landorus|Stealth Rock|p1a: Lilligant\n|-sidestart|p1: Nitro524|move: Stealth Rock\n|\n|-weather|SunnyDay|[upkeep]\n|upkeep\n|turn|2\n|\n|t:|1699838820\n|switch|p2a: Moltres|Moltres|100\/100\n|move|p1a: Lilligant|Ice Spinner|p2a: Moltres\n|-damage|p2a: Moltres|82\/100\n|\n|-weather|SunnyDay|[upkeep]\n|upkeep\n|turn|3\n|inactive|Nitro524 has 270 seconds left.\n|\n|t:|1699838836\n|switch|p1a: Arceus|Arceus-Fire|100\/100\n|-damage|p1a: Arceus|76\/100|[from] Stealth Rock\n|move|p2a: Moltres|U-turn|p1a: Arceus\n|-resisted|p1a: Arceus\n|-damage|p1a: Arceus|70\/100\n|\n|t:|1699838843\n|switch|p2a: Landorus|Landorus, M|100\/100|[from] U-turn\n|\n|-weather|SunnyDay|[upkeep]\n|upkeep\n|turn|4\n|inactive|Nitro524 has 270 seconds left.\n|\n|t:|1699838859\n|move|p1a: Arceus|Flare Blitz|p2a: Landorus\n|-damage|p2a: Landorus|0 fnt\n|faint|p2a: Landorus\n|-damage|p1a: Arceus|45\/100|[from] Recoil\n|\n|-weather|SunnyDay|[upkeep]\n|upkeep\n|\n|t:|1699838871\n|switch|p2a: Palkia|Palkia-Origin|100\/100\n|-ability|p2a: Palkia|Pressure\n|turn|5\n|\n|t:|1699838880\n|move|p2a: Palkia|Thunder Wave|p1a: Arceus\n|-status|p1a: Arceus|par\n|move|p1a: Arceus|Recover|p1a: Arceus\n|-heal|p1a: Arceus|95\/100 par\n|\n|-weather|SunnyDay|[upkeep]\n|upkeep\n|turn|6\n|\n|t:|1699838890\n|move|p2a: Palkia|Spacial Rend|p1a: Arceus\n|-damage|p1a: Arceus|49\/100 par\n|move|p1a: Arceus|Dragon Dance|p1a: Arceus\n|-boost|p1a: Arceus|atk|1\n|-boost|p1a: Arceus|spe|1\n|\n|-weather|SunnyDay|[upkeep]\n|upkeep\n|turn|7\n|\n|t:|1699838904\n|move|p2a: Palkia|Hydro Pump|p1a: Arceus\n|-supereffective|p1a: Arceus\n|-damage|p1a: Arceus|0 fnt\n|faint|p1a: Arceus\n|\n|-weather|SunnyDay|[upkeep]\n|upkeep\n|\n|t:|1699838919\n|switch|p1a: Hector Salamanca|Roaring Moon|100\/100\n|-damage|p1a: Hector Salamanca|88\/100|[from] Stealth Rock\n|-activate|p1a: Hector Salamanca|ability: Protosynthesis\n|-start|p1a: Hector Salamanca|protosynthesisspe\n|turn|8\n|\n|t:|1699838929\n|-terastallize|p1a: Hector Salamanca|Steel\n|move|p1a: Hector Salamanca|Dragon Dance|p1a: Hector Salamanca\n|-boost|p1a: Hector Salamanca|atk|1\n|-boost|p1a: Hector Salamanca|spe|1\n|move|p2a: Palkia|Spacial Rend|p1a: Hector Salamanca\n|-resisted|p1a: Hector Salamanca\n|-damage|p1a: Hector Salamanca|57\/100\n|\n|-weather|none\n|-end|p1a: Hector Salamanca|Protosynthesis\n|upkeep\n|-enditem|p1a: Hector Salamanca|Booster Energy\n|-activate|p1a: Hector Salamanca|ability: Protosynthesis|[fromitem]\n|-start|p1a: Hector Salamanca|protosynthesisspe\n|turn|9\n|\n|t:|1699838949\n|move|p1a: Hector Salamanca|Knock Off|p2a: Palkia\n|-damage|p2a: Palkia|47\/100\n|move|p2a: Palkia|Earth Power|p1a: Hector Salamanca\n|-supereffective|p1a: Hector Salamanca\n|-damage|p1a: Hector Salamanca|0 fnt\n|faint|p1a: Hector Salamanca\n|-end|p1a: Hector Salamanca|Protosynthesis|[silent]\n|\n|upkeep\n|\n|t:|1699838953\n|switch|p1a: Bring The Sun|Torkoal, F|100\/100\n|-damage|p1a: Bring The Sun|76\/100|[from] Stealth Rock\n|-weather|SunnyDay|[from] ability: Drought|[of] p1a: Bring The Sun\n|turn|10\n|\n|t:|1699838964\n|move|p2a: Palkia|Spacial Rend|p1a: Bring The Sun\n|-damage|p1a: Bring The Sun|0 fnt\n|faint|p1a: Bring The Sun\n|\n|-weather|SunnyDay|[upkeep]\n|upkeep\n|\n|t:|1699838966\n|switch|p1a: Sitting Sleep|Walking Wake|100\/100\n|-damage|p1a: Sitting Sleep|88\/100|[from] Stealth Rock\n|-activate|p1a: Sitting Sleep|ability: Protosynthesis\n|-start|p1a: Sitting Sleep|protosynthesisspe\n|turn|11\n|\n|t:|1699838973\n|switch|p2a: Magearna|Magearna|100\/100\n|move|p1a: Sitting Sleep|Draco Meteor|p2a: Magearna\n|-immune|p2a: Magearna\n|\n|-weather|SunnyDay|[upkeep]\n|upkeep\n|turn|12\n|\n|t:|1699838980\n|-end|p1a: Sitting Sleep|Protosynthesis|[silent]\n|switch|p1a: Did Not Smile Back|Chi-Yu|100\/100\n|-damage|p1a: Did Not Smile Back|76\/100|[from] Stealth Rock\n|-ability|p1a: Did Not Smile Back|Beads of Ruin\n|move|p2a: Magearna|Volt Switch|p1a: Did Not Smile Back\n|-damage|p1a: Did Not Smile Back|46\/100\n|\n|t:|1699838999\n|switch|p2a: Meowscarada|Meowscarada, F|100\/100|[from] Volt Switch\n|\n|-weather|SunnyDay|[upkeep]\n|upkeep\n|turn|13\n|\n|t:|1699839014\n|move|p2a: Meowscarada|U-turn|p1a: Did Not Smile Back\n|-start|p2a: Meowscarada|typechange|Bug|[from] ability: Protean\n|-damage|p1a: Did Not Smile Back|0 fnt\n|faint|p1a: Did Not Smile Back\n|\n|t:|1699839031\n|switch|p2a: Magearna|Magearna|100\/100|[from] U-turn\n|\n|-weather|SunnyDay|[upkeep]\n|upkeep\n|\n|t:|1699839047\n|switch|p1a: Lilligant|Lilligant-Hisui, F|100\/100\n|-damage|p1a: Lilligant|94\/100|[from] Stealth Rock\n|turn|14\n|\n|t:|1699839053\n|move|p1a: Lilligant|Victory Dance|p1a: Lilligant\n|-boost|p1a: Lilligant|atk|1\n|-boost|p1a: Lilligant|def|1\n|-boost|p1a: Lilligant|spe|1\n|move|p2a: Magearna|Draining Kiss|p1a: Lilligant\n|-supereffective|p1a: Lilligant\n|-damage|p1a: Lilligant|4\/100\n|\n|-weather|SunnyDay|[upkeep]\n|-heal|p1a: Lilligant|10\/100|[from] item: Leftovers\n|upkeep\n|turn|15\n|\n|t:|1699839063\n|move|p1a: Lilligant|Close Combat|p2a: Magearna\n|-damage|p2a: Magearna|31\/100\n|-unboost|p1a: Lilligant|def|1\n|-unboost|p1a: Lilligant|spd|1\n|move|p2a: Magearna|Draining Kiss|p1a: Lilligant\n|-supereffective|p1a: Lilligant\n|-damage|p1a: Lilligant|0 fnt\n|-heal|p2a: Magearna|37\/100|[from] drain|[of] p1a: Lilligant\n|faint|p1a: Lilligant\n|-ability|p2a: Magearna|Soul-Heart|boost\n|-boost|p2a: Magearna|spa|1\n|\n|-weather|SunnyDay|[upkeep]\n|upkeep\n|\n|t:|1699839066\n|switch|p1a: Sitting Sleep|Walking Wake|88\/100\n|-damage|p1a: Sitting Sleep|76\/100|[from] Stealth Rock\n|-activate|p1a: Sitting Sleep|ability: Protosynthesis\n|-start|p1a: Sitting Sleep|protosynthesisspe\n|turn|16\n|c|\u2606Nitro524|gg\n|\n|t:|1699839080\n|move|p1a: Sitting Sleep|Hydro Steam|p2a: Magearna\n|-damage|p2a: Magearna|0 fnt\n|faint|p2a: Magearna\n|\n|-weather|SunnyDay|[upkeep]\n|upkeep\n|\n|t:|1699839083\n|switch|p2a: Arceus|Arceus-Bug|100\/100\n|turn|17\n|c|\u2606Nitro524|re?\n|\n|t:|1699839086\n|-terastallize|p2a: Arceus|Water\n|move|p1a: Sitting Sleep|Hydro Steam|p2a: Arceus\n|-resisted|p2a: Arceus\n|-damage|p2a: Arceus|68\/100\n|move|p2a: Arceus|X-Scissor|p1a: Sitting Sleep\n|-damage|p1a: Sitting Sleep|16\/100\n|\n|-weather|none\n|-end|p1a: Sitting Sleep|Protosynthesis\n|upkeep\n|turn|18\n|c|\u2606Leo Justice|Guys arceus bug killed the final pokemon\n|c|\u2606Leo Justice|arceus bug is OP\n|\n|t:|1699839098\n|move|p1a: Sitting Sleep|Hydro Steam|p2a: Arceus\n|-resisted|p2a: Arceus\n|-damage|p2a: Arceus|47\/100\n|move|p2a: Arceus|X-Scissor|p1a: Sitting Sleep\n|-damage|p1a: Sitting Sleep|0 fnt\n|faint|p1a: Sitting Sleep\n|-end|p1a: Sitting Sleep|Protosynthesis|[silent]\n|\n|win|Leo Justice\n","uploadtime":1699839105,"views":18,"p1id":"nitro524","p2id":"leojustice","formatid":"gen9ubers","rating":0,"private":0,"password":""}