{"id":"gen9ubers-1988040500","p1":"Anne Frankkkk","p2":"TheRealMonkeStan","format":"[Gen 9] Ubers","log":"|j|\u2606Anne Frankkkk\n|j|\u2606TheRealMonkeStan\n|t:|1699662287\n|gametype|singles\n|player|p1|Anne Frankkkk|hilbert|1103\n|player|p2|TheRealMonkeStan|benga|1271\n|teamsize|p1|6\n|teamsize|p2|6\n|gen|9\n|tier|[Gen 9] Ubers\n|rated|\n|rule|Sleep Clause Mod: Limit one foe put to sleep\n|rule|Species Clause: Limit one of each Pok\u00e9mon\n|rule|OHKO Clause: OHKO moves are banned\n|rule|Evasion Items Clause: Evasion items are banned\n|rule|Evasion Moves Clause: Evasion moves are banned\n|rule|Endless Battle Clause: Forcing endless battles is banned\n|rule|HP Percentage Mod: HP is shown in percentages\n|clearpoke\n|poke|p1|Iron Hands|\n|poke|p1|Kyogre|\n|poke|p1|Chien-Pao|\n|poke|p1|Ribombee, F|\n|poke|p1|Miraidon|\n|poke|p1|Flutter Mane|\n|poke|p2|Flutter Mane|\n|poke|p2|Iron Bundle|\n|poke|p2|Roaring Moon|\n|poke|p2|Iron Valiant|\n|poke|p2|Koraidon|\n|poke|p2|Miraidon|\n|teampreview\n|inactive|Battle timer is ON: inactive players will automatically lose when time's up. (requested by Anne Frankkkk)\n|c|\u2606TheRealMonkeStan|nice team\n|c|\u2606TheRealMonkeStan|needs more paradoxes though\n|\n|t:|1699662312\n|start\n|switch|p1a: Moonblast|Ribombee, F, shiny|100\/100\n|switch|p2a: Iron Serpent|Miraidon|100\/100\n|-fieldstart|move: Electric Terrain|[from] ability: Hadron Engine|[of] p2a: Iron Serpent\n|turn|1\n|\n|t:|1699662318\n|move|p2a: Iron Serpent|Volt Switch|p1a: Moonblast\n|-enditem|p1a: Moonblast|Focus Sash\n|-damage|p1a: Moonblast|1\/100\n|\n|t:|1699662337\n|switch|p2a: Iron Valiant|Iron Valiant|100\/100|[from] Volt Switch\n|-activate|p2a: Iron Valiant|ability: Quark Drive\n|-start|p2a: Iron Valiant|quarkdrivespe\n|move|p1a: Moonblast|Sticky Web|p2a: Iron Valiant\n|-sidestart|p2: TheRealMonkeStan|move: Sticky Web\n|\n|upkeep\n|turn|2\n|\n|t:|1699662341\n|move|p2a: Iron Valiant|Swords Dance|p2a: Iron Valiant\n|-boost|p2a: Iron Valiant|atk|2\n|move|p1a: Moonblast|Stun Spore|p2a: Iron Valiant\n|-status|p2a: Iron Valiant|par\n|\n|upkeep\n|turn|3\n|\n|t:|1699662348\n|move|p1a: Moonblast|Moonblast|p2a: Iron Valiant\n|-supereffective|p2a: Iron Valiant\n|-enditem|p2a: Iron Valiant|Focus Sash\n|-damage|p2a: Iron Valiant|1\/100 par\n|move|p2a: Iron Valiant|Spirit Break|p1a: Moonblast\n|-damage|p1a: Moonblast|0 fnt\n|faint|p1a: Moonblast\n|\n|upkeep\n|\n|t:|1699662352\n|switch|p1a: Big Boy|Iron Hands, shiny|100\/100\n|-activate|p1a: Big Boy|ability: Quark Drive\n|-start|p1a: Big Boy|quarkdriveatk\n|turn|4\n|\n|t:|1699662357\n|move|p1a: Big Boy|Fake Out|p2a: Iron Valiant\n|-damage|p2a: Iron Valiant|0 fnt\n|faint|p2a: Iron Valiant\n|-end|p2a: Iron Valiant|Quark Drive|[silent]\n|\n|upkeep\n|\n|t:|1699662382\n|switch|p2a: Flutter Mane|Flutter Mane|100\/100\n|-activate|p2a: Flutter Mane|move: Sticky Web\n|-unboost|p2a: Flutter Mane|spe|1\n|turn|5\n|c|\u2606Anne Frankkkk|Thanks\n|\n|t:|1699662394\n|move|p2a: Flutter Mane|Moonblast|p1a: Big Boy\n|-supereffective|p1a: Big Boy\n|-damage|p1a: Big Boy|11\/100\n|-unboost|p1a: Big Boy|spa|1\n|move|p1a: Big Boy|Heavy Slam|p2a: Flutter Mane\n|-supereffective|p2a: Flutter Mane\n|-damage|p2a: Flutter Mane|0 fnt\n|faint|p2a: Flutter Mane\n|-end|p2a: Flutter Mane|Protosynthesis|[silent]\n|\n|-fieldend|move: Electric Terrain\n|-end|p1a: Big Boy|Quark Drive\n|upkeep\n|\n|t:|1699662398\n|switch|p2a: Iron Serpent|Miraidon|100\/100\n|-activate|p2a: Iron Serpent|move: Sticky Web\n|-unboost|p2a: Iron Serpent|spe|1\n|-fieldstart|move: Electric Terrain|[from] ability: Hadron Engine|[of] p2a: Iron Serpent\n|-activate|p1a: Big Boy|ability: Quark Drive\n|-start|p1a: Big Boy|quarkdriveatk\n|turn|6\n|\n|t:|1699662402\n|move|p2a: Iron Serpent|Volt Switch|p1a: Big Boy\n|-resisted|p1a: Big Boy\n|-damage|p1a: Big Boy|0 fnt\n|faint|p1a: Big Boy\n|-end|p1a: Big Boy|Quark Drive|[silent]\n|\n|t:|1699662406\n|switch|p2a: Iron Bundle|Iron Bundle|100\/100|[from] Volt Switch\n|-activate|p2a: Iron Bundle|ability: Quark Drive\n|-start|p2a: Iron Bundle|quarkdrivespe\n|\n|upkeep\n|\n|t:|1699662423\n|switch|p1a: Ice Cat|Chien-Pao|100\/100\n|-ability|p1a: Ice Cat|Sword of Ruin\n|turn|7\n|\n|t:|1699662427\n|move|p2a: Iron Bundle|Hydro Pump|p1a: Ice Cat\n|-damage|p1a: Ice Cat|10\/100\n|move|p1a: Ice Cat|Swords Dance|p1a: Ice Cat\n|-boost|p1a: Ice Cat|atk|2\n|\n|upkeep\n|turn|8\n|\n|t:|1699662432\n|move|p1a: Ice Cat|Sucker Punch|p2a: Iron Bundle\n|-crit|p2a: Iron Bundle\n|-damage|p2a: Iron Bundle|0 fnt\n|faint|p2a: Iron Bundle\n|-end|p2a: Iron Bundle|Quark Drive|[silent]\n|\n|upkeep\n|c|\u2606TheRealMonkeStan|gg\n|-message|TheRealMonkeStan forfeited.\n|\n|win|Anne Frankkkk\n|raw|Anne Frankkkk's rating: 1103 &rarr; <strong>1139<\/strong><br \/>(+36 for winning)\n|raw|TheRealMonkeStan's rating: 1271 &rarr; <strong>1235<\/strong><br \/>(-36 for losing)\n|l|\u2606TheRealMonkeStan\n","uploadtime":1699662445,"views":4,"p1id":"annefrankkkk","p2id":"therealmonkestan","formatid":"gen9ubers","rating":1139,"private":0,"password":""}