{"id":"gen9ubers-1995560514","p1":"Ausswienerland","p2":"Rubyboi711","format":"[Gen 9] Ubers","log":"|j|\u2606Ausswienerland\n|j|\u2606Rubyboi711\n|t:|1700582945\n|gametype|singles\n|player|p1|Ausswienerland|lucas|1240\n|player|p2|Rubyboi711|volkner|1251\n|teamsize|p1|6\n|teamsize|p2|6\n|gen|9\n|tier|[Gen 9] Ubers\n|rated|\n|rule|Sleep Clause Mod: Limit one foe put to sleep\n|rule|Species Clause: Limit one of each Pok\u00e9mon\n|rule|OHKO Clause: OHKO moves are banned\n|rule|Evasion Items Clause: Evasion items are banned\n|rule|Evasion Moves Clause: Evasion moves are banned\n|rule|Endless Battle Clause: Forcing endless battles is banned\n|rule|HP Percentage Mod: HP is shown in percentages\n|clearpoke\n|poke|p1|Quaquaval, F|\n|poke|p1|Houndstone, M|\n|poke|p1|Arceus-Fighting|\n|poke|p1|Staraptor, M|\n|poke|p1|Annihilape, M|\n|poke|p1|Tyranitar, M|\n|poke|p2|Mewtwo|\n|poke|p2|Avalugg-Hisui, F|\n|poke|p2|Gliscor, M|\n|poke|p2|Koraidon|\n|poke|p2|Miraidon|\n|poke|p2|Arceus-Water|\n|teampreview\n|inactive|Battle timer is ON: inactive players will automatically lose when time's up. (requested by Ausswienerland)\n|\n|t:|1700582983\n|start\n|switch|p1a: Annihilape|Annihilape, M|100\/100\n|switch|p2a: Gliscor|Gliscor, M|100\/100\n|turn|1\n|\n|t:|1700582988\n|move|p1a: Annihilape|Final Gambit|p2a: Gliscor\n|-damage|p2a: Gliscor|0 fnt\n|faint|p1a: Annihilape\n|faint|p2a: Gliscor\n|\n|upkeep\n|\n|t:|1700582995\n|switch|p2a: Arceus|Arceus-Water|100\/100\n|switch|p1a: Staraptor|Staraptor, M|100\/100\n|-ability|p1a: Staraptor|Intimidate|boost\n|-unboost|p2a: Arceus|atk|1\n|turn|2\n|\n|t:|1700583000\n|move|p1a: Staraptor|Final Gambit|p2a: Arceus\n|-damage|p2a: Arceus|2\/100\n|faint|p1a: Staraptor\n|move|p2a: Arceus|Dragon Dance|p2a: Arceus\n|-boost|p2a: Arceus|atk|1\n|-boost|p2a: Arceus|spe|1\n|\n|upkeep\n|\n|t:|1700583007\n|switch|p1a: Quaquaval|Quaquaval, F|100\/100\n|turn|3\n|\n|t:|1700583029\n|-terastallize|p1a: Quaquaval|Ghost\n|move|p2a: Arceus|Earthquake|p1a: Quaquaval\n|-damage|p1a: Quaquaval|55\/100\n|move|p1a: Quaquaval|Aqua Step|p2a: Arceus\n|-resisted|p2a: Arceus\n|-crit|p2a: Arceus\n|-damage|p2a: Arceus|0 fnt\n|-boost|p1a: Quaquaval|spe|1\n|faint|p2a: Arceus\n|-ability|p1a: Quaquaval|Moxie|boost\n|-boost|p1a: Quaquaval|atk|1\n|\n|upkeep\n|\n|t:|1700583042\n|switch|p2a: Koraidon|Koraidon|100\/100\n|-weather|SunnyDay|[from] ability: Orichalcum Pulse|[of] p2a: Koraidon\n|-activate|p2a: Koraidon|Orichalcum Pulse|[source]\n|turn|4\n|\n|t:|1700583046\n|move|p2a: Koraidon|Scale Shot|p1a: Quaquaval\n|-damage|p1a: Quaquaval|33\/100\n|-damage|p1a: Quaquaval|10\/100\n|-damage|p1a: Quaquaval|0 fnt\n|faint|p1a: Quaquaval\n|-hitcount|p1: Quaquaval|3\n|-unboost|p2a: Koraidon|def|1\n|-boost|p2a: Koraidon|spe|1\n|\n|-weather|SunnyDay|[upkeep]\n|upkeep\n|\n|t:|1700583056\n|switch|p1a: Arceus|Arceus-Fighting|100\/100\n|turn|5\n|\n|t:|1700583066\n|move|p1a: Arceus|Extreme Speed|p2a: Koraidon\n|-damage|p2a: Koraidon|69\/100\n|move|p2a: Koraidon|Swords Dance|p2a: Koraidon\n|-boost|p2a: Koraidon|atk|2\n|\n|-weather|SunnyDay|[upkeep]\n|upkeep\n|turn|6\n|\n|t:|1700583073\n|move|p2a: Koraidon|Scale Shot|p1a: Arceus\n|-damage|p1a: Arceus|72\/100\n|-damage|p1a: Arceus|47\/100\n|-damage|p1a: Arceus|18\/100\n|-hitcount|p1a: Arceus|3\n|-unboost|p2a: Koraidon|def|1\n|-boost|p2a: Koraidon|spe|1\n|move|p1a: Arceus|Aura Sphere|p2a: Koraidon\n|-damage|p2a: Koraidon|30\/100\n|\n|-weather|SunnyDay|[upkeep]\n|upkeep\n|turn|7\n|\n|t:|1700583088\n|move|p2a: Koraidon|Collision Course|p1a: Arceus\n|-damage|p1a: Arceus|0 fnt\n|faint|p1a: Arceus\n|\n|-weather|SunnyDay|[upkeep]\n|upkeep\n|\n|t:|1700583094\n|switch|p1a: Tyranitar|Tyranitar, M|100\/100\n|-weather|Sandstorm|[from] ability: Sand Stream|[of] p1a: Tyranitar\n|turn|8\n|\n|t:|1700583101\n|move|p2a: Koraidon|Collision Course|p1a: Tyranitar\n|-supereffective|p1a: Tyranitar\n|-damage|p1a: Tyranitar|0 fnt\n|faint|p1a: Tyranitar\n|\n|-weather|Sandstorm|[upkeep]\n|-damage|p2a: Koraidon|23\/100|[from] Sandstorm\n|upkeep\n|\n|t:|1700583107\n|switch|p1a: Houndstone|Houndstone, M|100\/100\n|turn|9\n|\n|t:|1700583111\n|move|p2a: Koraidon|Scale Shot|p1a: Houndstone\n|-damage|p1a: Houndstone|69\/100\n|-damage|p1a: Houndstone|37\/100\n|-damage|p1a: Houndstone|4\/100\n|-hitcount|p1a: Houndstone|3\n|-unboost|p2a: Koraidon|def|1\n|-boost|p2a: Koraidon|spe|1\n|move|p1a: Houndstone|Last Respects|p2a: Koraidon\n|-damage|p2a: Koraidon|0 fnt\n|faint|p2a: Koraidon\n|\n|-weather|Sandstorm|[upkeep]\n|upkeep\n|\n|t:|1700583121\n|switch|p2a: Avalugg|Avalugg-Hisui, F|100\/100\n|turn|10\n|\n|t:|1700583126\n|move|p1a: Houndstone|Last Respects|p2a: Avalugg\n|-damage|p2a: Avalugg|37\/100\n|move|p2a: Avalugg|Earthquake|p1a: Houndstone\n|-damage|p1a: Houndstone|0 fnt\n|faint|p1a: Houndstone\n|\n|win|Rubyboi711\n|raw|Ausswienerland's rating: 1266 &rarr; <strong>1240<\/strong><br \/>(-26 for losing)\n|raw|Rubyboi711's rating: 1251 &rarr; <strong>1277<\/strong><br \/>(+26 for winning)\n|l|\u2606Ausswienerland\n|c|\u2606Rubyboi711|Gg\n","uploadtime":1700583137,"views":0,"p1id":"ausswienerland","p2id":"rubyboi711","formatid":"gen9ubers","rating":1240,"private":0,"password":""}