{"id":"gen9ubers-1994270351","p1":"ZachMcD","p2":"Siffs","format":"[Gen 9] Ubers","log":"|j|\u2606ZachMcD\n|j|\u2606Siffs\n|t:|1700425533\n|gametype|singles\n|player|p1|ZachMcD|giovanni|\n|player|p2|Siffs|unknownf|\n|teamsize|p1|6\n|teamsize|p2|6\n|gen|9\n|tier|[Gen 9] Ubers\n|rule|Sleep Clause Mod: Limit one foe put to sleep\n|rule|Species Clause: Limit one of each Pok\u00e9mon\n|rule|OHKO Clause: OHKO moves are banned\n|rule|Evasion Items Clause: Evasion items are banned\n|rule|Evasion Moves Clause: Evasion moves are banned\n|rule|Endless Battle Clause: Forcing endless battles is banned\n|rule|HP Percentage Mod: HP is shown in percentages\n|clearpoke\n|poke|p1|Tornadus-Therian, M|\n|poke|p1|Annihilape, F|\n|poke|p1|Toxapex, F|\n|poke|p1|Torterra, F|\n|poke|p1|Froslass, F|\n|poke|p1|Mabosstiff, M|\n|poke|p2|Samurott-Hisui, M|\n|poke|p2|Sandslash-Alola, F|\n|poke|p2|Slowking, F|\n|poke|p2|Sneasler, F|\n|poke|p2|Iron Thorns|\n|poke|p2|Enamorus-Therian, F|\n|teampreview\n|c|\u2606ZachMcD|glgl\n|c|\u2606Siffs|gl\n|\n|t:|1700425602\n|start\n|switch|p1a: Demon|Tornadus-Therian, M|100\/100\n|switch|p2a: Sandslash|Sandslash-Alola, F|100\/100\n|turn|1\n|\n|t:|1700425615\n|switch|p2a: Iron Thorns|Iron Thorns|100\/100\n|-enditem|p2a: Iron Thorns|Booster Energy\n|-activate|p2a: Iron Thorns|ability: Quark Drive|[fromitem]\n|-start|p2a: Iron Thorns|quarkdriveatk\n|move|p1a: Demon|Heat Wave|p2a: Iron Thorns\n|-resisted|p2a: Iron Thorns\n|-damage|p2a: Iron Thorns|86\/100\n|\n|upkeep\n|turn|2\n|\n|t:|1700425634\n|move|p1a: Demon|U-turn|p2a: Iron Thorns\n|-damage|p2a: Iron Thorns|73\/100\n|\n|t:|1700425639\n|switch|p1a: Shelled like that.|Torterra, F|100\/100|[from] U-turn\n|move|p2a: Iron Thorns|Dragon Dance|p2a: Iron Thorns\n|-boost|p2a: Iron Thorns|atk|1\n|-boost|p2a: Iron Thorns|spe|1\n|\n|upkeep\n|turn|3\n|\n|t:|1700425665\n|move|p2a: Iron Thorns|Ice Punch|p1a: Shelled like that.\n|-supereffective|p1a: Shelled like that.\n|-enditem|p1a: Shelled like that.|Focus Sash\n|-damage|p1a: Shelled like that.|1\/100\n|move|p1a: Shelled like that.|Headlong Rush|p2a: Iron Thorns\n|-supereffective|p2a: Iron Thorns\n|-damage|p2a: Iron Thorns|0 fnt\n|-unboost|p1a: Shelled like that.|def|1\n|-unboost|p1a: Shelled like that.|spd|1\n|faint|p2a: Iron Thorns\n|-end|p2a: Iron Thorns|Quark Drive|[silent]\n|\n|upkeep\n|\n|t:|1700425676\n|switch|p2a: Sandslash|Sandslash-Alola, F|100\/100\n|turn|4\n|\n|t:|1700425684\n|move|p2a: Sandslash|Rapid Spin|p1a: Shelled like that.\n|-damage|p1a: Shelled like that.|0 fnt\n|-boost|p2a: Sandslash|spe|1\n|faint|p1a: Shelled like that.\n|\n|upkeep\n|\n|t:|1700425693\n|switch|p1a: The Dogfather.|Mabosstiff, M|100\/100\n|-ability|p1a: The Dogfather.|Intimidate|boost\n|-unboost|p2a: Sandslash|atk|1\n|turn|5\n|\n|t:|1700425709\n|switch|p1a: Demon|Tornadus-Therian, M|100\/100\n|move|p2a: Sandslash|Stealth Rock|p1a: Demon\n|-sidestart|p1: ZachMcD|move: Stealth Rock\n|\n|upkeep\n|turn|6\n|\n|t:|1700425719\n|switch|p2a: Slowking|Slowking, F|100\/100\n|move|p1a: Demon|Heat Wave|p2a: Slowking\n|-resisted|p2a: Slowking\n|-damage|p2a: Slowking|92\/100\n|\n|-heal|p2a: Slowking|98\/100|[from] item: Leftovers\n|upkeep\n|turn|7\n|\n|t:|1700425724\n|move|p1a: Demon|Knock Off|p2a: Slowking\n|-supereffective|p2a: Slowking\n|-damage|p2a: Slowking|70\/100\n|-enditem|p2a: Slowking|Leftovers|[from] move: Knock Off|[of] p1a: Demon\n|move|p2a: Slowking|Future Sight|p1a: Demon\n|-start|p2a: Slowking|move: Future Sight\n|\n|upkeep\n|turn|8\n|\n|t:|1700425735\n|move|p1a: Demon|U-turn|p2a: Slowking\n|-supereffective|p2a: Slowking\n|-damage|p2a: Slowking|49\/100\n|\n|t:|1700425737\n|switch|p1a: The Dogfather.|Mabosstiff, M|100\/100|[from] U-turn\n|-damage|p1a: The Dogfather.|88\/100|[from] Stealth Rock\n|-ability|p1a: The Dogfather.|Intimidate|boost\n|-unboost|p2a: Slowking|atk|1\n|move|p2a: Slowking|Trick Room|p2a: Slowking\n|-fieldstart|move: Trick Room|[of] p2a: Slowking\n|\n|upkeep\n|turn|9\n|\n|t:|1700425751\n|switch|p2a: Enamorus|Enamorus-Therian, F|100\/100\n|move|p1a: The Dogfather.|Psychic Fangs|p2a: Enamorus\n|-damage|p2a: Enamorus|70\/100\n|-damage|p1a: The Dogfather.|78\/100|[from] item: Life Orb\n|\n|-end|p1a: The Dogfather.|move: Future Sight\n|-immune|p1a: The Dogfather.\n|upkeep\n|turn|10\n|\n|t:|1700425758\n|switch|p1a: The Walling.|Toxapex, F|100\/100\n|-damage|p1a: The Walling.|88\/100|[from] Stealth Rock\n|move|p2a: Enamorus|Moonblast|p1a: The Walling.\n|-resisted|p1a: The Walling.\n|-damage|p1a: The Walling.|67\/100\n|\n|-heal|p1a: The Walling.|73\/100|[from] item: Black Sludge\n|upkeep\n|turn|11\n|\n|t:|1700425766\n|move|p1a: The Walling.|Chilling Water|p2a: Enamorus\n|-damage|p2a: Enamorus|59\/100\n|-unboost|p2a: Enamorus|atk|1\n|move|p2a: Enamorus|Earth Power|p1a: The Walling.\n|-supereffective|p1a: The Walling.\n|-damage|p1a: The Walling.|19\/100\n|\n|-heal|p1a: The Walling.|25\/100|[from] item: Black Sludge\n|upkeep\n|turn|12\n|\n|t:|1700425776\n|switch|p1a: Demon|Tornadus-Therian, M|100\/100\n|-damage|p1a: Demon|76\/100|[from] Stealth Rock\n|move|p2a: Enamorus|Earth Power|p1a: Demon\n|-immune|p1a: Demon\n|\n|-fieldend|move: Trick Room\n|upkeep\n|turn|13\n|\n|t:|1700425786\n|switch|p2a: Slowking|Slowking, F|82\/100\n|move|p1a: Demon|Bleakwind Storm|p2a: Slowking\n|-damage|p2a: Slowking|53\/100\n|\n|upkeep\n|turn|14\n|\n|t:|1700425799\n|move|p1a: Demon|U-turn|p2a: Slowking\n|-supereffective|p2a: Slowking\n|-damage|p2a: Slowking|33\/100\n|\n|t:|1700425825\n|switch|p1a: The Dogfather.|Mabosstiff, M|78\/100|[from] U-turn\n|-damage|p1a: The Dogfather.|66\/100|[from] Stealth Rock\n|-ability|p1a: The Dogfather.|Intimidate|boost\n|-unboost|p2a: Slowking|atk|1\n|move|p2a: Slowking|Future Sight|p1a: The Dogfather.\n|-start|p2a: Slowking|move: Future Sight\n|\n|upkeep\n|turn|15\n|\n|t:|1700425841\n|switch|p2a: Sneasler|Sneasler, F|100\/100\n|move|p1a: The Dogfather.|Psychic Fangs|p2a: Sneasler\n|-supereffective|p2a: Sneasler\n|-damage|p2a: Sneasler|0 fnt\n|faint|p2a: Sneasler\n|-damage|p1a: The Dogfather.|56\/100|[from] item: Life Orb\n|\n|upkeep\n|\n|t:|1700425845\n|switch|p2a: Enamorus|Enamorus-Therian, F|59\/100\n|turn|16\n|\n|t:|1700425851\n|switch|p1a: Blizzeta|Froslass, F|100\/100\n|-damage|p1a: Blizzeta|76\/100|[from] Stealth Rock\n|move|p2a: Enamorus|Earth Power|p1a: Blizzeta\n|-damage|p1a: Blizzeta|15\/100\n|\n|-end|p1a: Blizzeta|move: Future Sight\n|-damage|p1a: Blizzeta|0 fnt\n|faint|p1a: Blizzeta\n|upkeep\n|\n|t:|1700425874\n|switch|p1a: Demon|Tornadus-Therian, M|100\/100\n|-damage|p1a: Demon|76\/100|[from] Stealth Rock\n|turn|17\n|\n|t:|1700425899\n|switch|p2a: Samurott|Samurott-Hisui, M|100\/100\n|move|p1a: Demon|Bleakwind Storm|p2a: Samurott\n|-damage|p2a: Samurott|80\/100\n|-unboost|p2a: Samurott|spe|1\n|\n|upkeep\n|turn|18\n|\n|t:|1700425908\n|move|p1a: Demon|Knock Off|p2a: Samurott\n|-resisted|p2a: Samurott\n|-damage|p2a: Samurott|69\/100\n|-enditem|p2a: Samurott|Assault Vest|[from] move: Knock Off|[of] p1a: Demon\n|move|p2a: Samurott|Ceaseless Edge|p1a: Demon\n|-damage|p1a: Demon|49\/100\n|-damage|p2a: Samurott|53\/100|[from] item: Rocky Helmet|[of] p1a: Demon\n|-sidestart|p1: ZachMcD|Spikes\n|\n|upkeep\n|turn|19\n|\n|t:|1700425924\n|switch|p2a: Slowking|Slowking, F|66\/100\n|move|p1a: Demon|Bleakwind Storm|p2a: Slowking\n|-damage|p2a: Slowking|35\/100\n|\n|upkeep\n|turn|20\n|\n|t:|1700425941\n|move|p1a: Demon|U-turn|p2a: Slowking\n|-supereffective|p2a: Slowking\n|-damage|p2a: Slowking|13\/100\n|\n|t:|1700425943\n|switch|p1a: The Dogfather.|Mabosstiff, M|56\/100|[from] U-turn\n|-damage|p1a: The Dogfather.|44\/100|[from] Stealth Rock\n|-damage|p1a: The Dogfather.|31\/100|[from] Spikes\n|-ability|p1a: The Dogfather.|Intimidate|boost\n|-unboost|p2a: Slowking|atk|1\n|move|p2a: Slowking|Future Sight|p1a: The Dogfather.\n|-start|p2a: Slowking|move: Future Sight\n|\n|upkeep\n|turn|21\n|\n|t:|1700425954\n|switch|p2a: Samurott|Samurott-Hisui, M|53\/100\n|move|p1a: The Dogfather.|Trailblaze|p2a: Samurott\n|-supereffective|p2a: Samurott\n|-damage|p2a: Samurott|9\/100\n|-boost|p1a: The Dogfather.|spe|1\n|-damage|p1a: The Dogfather.|21\/100|[from] item: Life Orb\n|\n|upkeep\n|turn|22\n|\n|t:|1700425977\n|move|p2a: Samurott|Sucker Punch|p1a: The Dogfather.\n|-resisted|p1a: The Dogfather.\n|-damage|p1a: The Dogfather.|6\/100\n|move|p1a: The Dogfather.|Trailblaze|p2a: Samurott\n|-supereffective|p2a: Samurott\n|-damage|p2a: Samurott|0 fnt\n|-boost|p1a: The Dogfather.|spe|1\n|faint|p2a: Samurott\n|-damage|p1a: The Dogfather.|0 fnt|[from] item: Life Orb\n|faint|p1a: The Dogfather.\n|\n|-hint|Future Sight did not hit because the target is fainted.\n|upkeep\n|\n|t:|1700425987\n|switch|p1a: Unshackled|Annihilape, F|100\/100\n|switch|p2a: Slowking|Slowking, F|47\/100\n|turn|23\n|\n|t:|1700426000\n|move|p1a: Unshackled|Rage Fist|p2a: Slowking\n|-supereffective|p2a: Slowking\n|-damage|p2a: Slowking|6\/100\n|move|p2a: Slowking|Future Sight|p1a: Unshackled\n|-start|p2a: Slowking|move: Future Sight\n|\n|upkeep\n|turn|24\n|\n|t:|1700426012\n|switch|p2a: Sandslash|Sandslash-Alola, F|100\/100\n|move|p1a: Unshackled|Rage Fist|p2a: Sandslash\n|-damage|p2a: Sandslash|82\/100\n|\n|upkeep\n|turn|25\n|\n|t:|1700426016\n|switch|p1a: Demon|Tornadus-Therian, M|82\/100\n|-damage|p1a: Demon|57\/100|[from] Stealth Rock\n|move|p2a: Sandslash|Stealth Rock||[still]\n|-fail|p2a: Sandslash\n|\n|-end|p1a: Demon|move: Future Sight\n|-damage|p1a: Demon|12\/100\n|upkeep\n|turn|26\n|\n|t:|1700426040\n|move|p1a: Demon|Heat Wave|p2a: Sandslash\n|-supereffective|p2a: Sandslash\n|-damage|p2a: Sandslash|0 fnt\n|faint|p2a: Sandslash\n|\n|upkeep\n|\n|t:|1700426046\n|switch|p2a: Slowking|Slowking, F|39\/100\n|turn|27\n|\n|t:|1700426048\n|move|p1a: Demon|Bleakwind Storm|p2a: Slowking|[miss]\n|-miss|p1a: Demon|p2a: Slowking\n|move|p2a: Slowking|Future Sight|p1a: Demon\n|-start|p2a: Slowking|move: Future Sight\n|\n|upkeep\n|turn|28\n|\n|t:|1700426067\n|move|p1a: Demon|U-turn|p2a: Slowking\n|-supereffective|p2a: Slowking\n|-damage|p2a: Slowking|15\/100\n|\n|t:|1700426069\n|switch|p1a: The Walling.|Toxapex, F|59\/100|[from] U-turn\n|-damage|p1a: The Walling.|46\/100|[from] Stealth Rock\n|-damage|p1a: The Walling.|34\/100|[from] Spikes\n|move|p2a: Slowking|Trick Room|p2a: Slowking\n|-fieldstart|move: Trick Room|[of] p2a: Slowking\n|\n|-heal|p1a: The Walling.|40\/100|[from] item: Black Sludge\n|upkeep\n|turn|29\n|\n|t:|1700426085\n|switch|p2a: Enamorus|Enamorus-Therian, F|59\/100\n|switch|p1a: Demon|Tornadus-Therian, M|46\/100\n|-damage|p1a: Demon|21\/100|[from] Stealth Rock\n|\n|-end|p1a: Demon|move: Future Sight\n|-damage|p1a: Demon|0 fnt\n|faint|p1a: Demon\n|upkeep\n|\n|t:|1700426094\n|switch|p1a: The Walling.|Toxapex, F|73\/100\n|-damage|p1a: The Walling.|61\/100|[from] Stealth Rock\n|-damage|p1a: The Walling.|48\/100|[from] Spikes\n|turn|30\n|\n|t:|1700426105\n|move|p1a: The Walling.|Toxic|p2a: Enamorus\n|-status|p2a: Enamorus|tox\n|move|p2a: Enamorus|Calm Mind|p2a: Enamorus\n|-boost|p2a: Enamorus|spa|1\n|-boost|p2a: Enamorus|spd|1\n|\n|-heal|p1a: The Walling.|54\/100|[from] item: Black Sludge\n|-damage|p2a: Enamorus|53\/100 tox|[from] psn\n|upkeep\n|turn|31\n|\n|t:|1700426109\n|move|p1a: The Walling.|Recover|p1a: The Walling.\n|-heal|p1a: The Walling.|100\/100\n|move|p2a: Enamorus|Earth Power|p1a: The Walling.\n|-supereffective|p1a: The Walling.\n|-damage|p1a: The Walling.|16\/100\n|\n|-heal|p1a: The Walling.|22\/100|[from] item: Black Sludge\n|-damage|p2a: Enamorus|40\/100 tox|[from] psn\n|upkeep\n|turn|32\n|\n|t:|1700426129\n|switch|p2a: Slowking|Slowking, F|48\/100\n|move|p1a: The Walling.|Baneful Bunker||[still]\n|-fail|p1a: The Walling.\n|\n|-heal|p1a: The Walling.|28\/100|[from] item: Black Sludge\n|-fieldend|move: Trick Room\n|upkeep\n|turn|33\n|\n|t:|1700426133\n|move|p1a: The Walling.|Toxic|p2a: Slowking\n|-status|p2a: Slowking|tox\n|move|p2a: Slowking|Future Sight|p1a: The Walling.\n|-start|p2a: Slowking|move: Future Sight\n|\n|-heal|p1a: The Walling.|34\/100|[from] item: Black Sludge\n|-damage|p2a: Slowking|42\/100 tox|[from] psn\n|upkeep\n|turn|34\n|\n|t:|1700426140\n|move|p1a: The Walling.|Recover|p1a: The Walling.\n|-heal|p1a: The Walling.|84\/100\n|move|p2a: Slowking|Scald|p1a: The Walling.\n|-resisted|p1a: The Walling.\n|-damage|p1a: The Walling.|73\/100\n|-status|p1a: The Walling.|brn\n|\n|-heal|p1a: The Walling.|79\/100 brn|[from] item: Black Sludge\n|-damage|p2a: Slowking|30\/100 tox|[from] psn\n|-damage|p1a: The Walling.|73\/100 brn|[from] brn\n|upkeep\n|turn|35\n|\n|t:|1700426153\n|move|p1a: The Walling.|Recover|p1a: The Walling.\n|-heal|p1a: The Walling.|100\/100 brn\n|move|p2a: Slowking|Chilly Reception|p2a: Slowking\n|-weather|Snow\n|\n|t:|1700426154\n|switch|p2a: Enamorus|Enamorus-Therian, F|40\/100 tox|[from] Chilly Reception\n|\n|-weather|Snow|[upkeep]\n|-end|p1a: The Walling.|move: Future Sight\n|-supereffective|p1a: The Walling.\n|-damage|p1a: The Walling.|33\/100 brn\n|-heal|p1a: The Walling.|39\/100 brn|[from] item: Black Sludge\n|-damage|p2a: Enamorus|34\/100 tox|[from] psn\n|-damage|p1a: The Walling.|33\/100 brn|[from] brn\n|upkeep\n|turn|36\n|\n|t:|1700426165\n|move|p1a: The Walling.|Baneful Bunker|p1a: The Walling.\n|-singleturn|p1a: The Walling.|move: Protect\n|move|p2a: Enamorus|Earth Power|p1a: The Walling.\n|-activate|p1a: The Walling.|move: Protect\n|\n|-weather|Snow|[upkeep]\n|-heal|p1a: The Walling.|39\/100 brn|[from] item: Black Sludge\n|-damage|p2a: Enamorus|22\/100 tox|[from] psn\n|-damage|p1a: The Walling.|33\/100 brn|[from] brn\n|upkeep\n|turn|37\n|\n|t:|1700426169\n|switch|p1a: Unshackled|Annihilape, F|100\/100\n|move|p2a: Enamorus|Earth Power|p1a: Unshackled\n|-damage|p1a: Unshackled|70\/100\n|\n|-weather|Snow|[upkeep]\n|-damage|p2a: Enamorus|3\/100 tox|[from] psn\n|upkeep\n|turn|38\n|\n|t:|1700426181\n|switch|p2a: Slowking|Slowking, F|63\/100 tox\n|move|p1a: Unshackled|Rage Fist|p2a: Slowking\n|-supereffective|p2a: Slowking\n|-damage|p2a: Slowking|0 fnt\n|faint|p2a: Slowking\n|\n|-weather|Snow|[upkeep]\n|upkeep\n|\n|t:|1700426186\n|switch|p2a: Enamorus|Enamorus-Therian, F|3\/100 tox\n|turn|39\n|\n|t:|1700426188\n|move|p1a: Unshackled|Rage Fist|p2a: Enamorus\n|-crit|p2a: Enamorus\n|-damage|p2a: Enamorus|0 fnt\n|faint|p2a: Enamorus\n|\n|win|ZachMcD\n|c|\u2606Siffs|gg\n|c|\u2606ZachMcD|ggs\n","uploadtime":1700426210,"views":20,"p1id":"zachmcd","p2id":"siffs","formatid":"gen9ubers","rating":0,"private":0,"password":""}