{"id":"gen9ubers-1978857060","p1":"Trickytreecko","p2":"Derpzones","format":"[Gen 9] Ubers","log":"|j|\u2606Trickytreecko\n|j|\u2606Derpzones\n|t:|1698603322\n|gametype|singles\n|player|p1|Trickytreecko|2|1215\n|player|p2|Derpzones|silver|1192\n|teamsize|p1|6\n|teamsize|p2|6\n|gen|9\n|tier|[Gen 9] Ubers\n|rated|\n|rule|Sleep Clause Mod: Limit one foe put to sleep\n|rule|Species Clause: Limit one of each Pok\u00e9mon\n|rule|OHKO Clause: OHKO moves are banned\n|rule|Evasion Items Clause: Evasion items are banned\n|rule|Evasion Moves Clause: Evasion moves are banned\n|rule|Endless Battle Clause: Forcing endless battles is banned\n|rule|HP Percentage Mod: HP is shown in percentages\n|clearpoke\n|poke|p1|Magearna|\n|poke|p1|Annihilape, M|\n|poke|p1|Flutter Mane|\n|poke|p1|Miraidon|\n|poke|p1|Arceus|\n|poke|p1|Regieleki|\n|poke|p2|Chi-Yu|\n|poke|p2|Groudon|\n|poke|p2|Ogerpon-Hearthflame, F|\n|poke|p2|Walking Wake|\n|poke|p2|Flutter Mane|\n|poke|p2|Scizor, M|\n|teampreview\n|inactive|Battle timer is ON: inactive players will automatically lose when time's up. (requested by Derpzones)\n|\n|t:|1698603339\n|start\n|switch|p1a: Annihilape|Annihilape, M|100\/100\n|switch|p2a: Groudon|Groudon|100\/100\n|-weather|SunnyDay|[from] ability: Drought|[of] p2a: Groudon\n|turn|1\n|\n|t:|1698603345\n|move|p1a: Annihilape|U-turn|p2a: Groudon\n|-damage|p2a: Groudon|92\/100\n|\n|t:|1698603350\n|switch|p1a: Arceus|Arceus|100\/100|[from] U-turn\n|move|p2a: Groudon|Precipice Blades|p1a: Arceus\n|-damage|p1a: Arceus|55\/100\n|\n|-weather|SunnyDay|[upkeep]\n|upkeep\n|turn|2\n|\n|t:|1698603357\n|move|p1a: Arceus|Swords Dance|p1a: Arceus\n|-boost|p1a: Arceus|atk|2\n|move|p2a: Groudon|Thunder Wave|p1a: Arceus\n|-status|p1a: Arceus|par\n|-enditem|p1a: Arceus|Lum Berry|[eat]\n|-curestatus|p1a: Arceus|par|[msg]\n|\n|-weather|SunnyDay|[upkeep]\n|upkeep\n|turn|3\n|inactive|Trickytreecko has 120 seconds left.\n|\n|t:|1698603388\n|move|p1a: Arceus|Swords Dance|p1a: Arceus\n|-boost|p1a: Arceus|atk|2\n|move|p2a: Groudon|Thunder Wave|p1a: Arceus\n|-status|p1a: Arceus|par\n|\n|-weather|SunnyDay|[upkeep]\n|upkeep\n|turn|4\n|\n|t:|1698603397\n|cant|p1a: Arceus|par\n|move|p2a: Groudon|Precipice Blades|p1a: Arceus\n|-crit|p1a: Arceus\n|-damage|p1a: Arceus|0 fnt\n|faint|p1a: Arceus\n|\n|-weather|SunnyDay|[upkeep]\n|upkeep\n|\n|t:|1698603402\n|switch|p1a: Flutter Mane|Flutter Mane|100\/100\n|-activate|p1a: Flutter Mane|ability: Protosynthesis\n|-start|p1a: Flutter Mane|protosynthesisspe\n|turn|5\n|\n|t:|1698603408\n|move|p1a: Flutter Mane|Moonblast|p2a: Groudon\n|-damage|p2a: Groudon|44\/100\n|move|p2a: Groudon|Precipice Blades|p1a: Flutter Mane\n|-damage|p1a: Flutter Mane|0 fnt\n|faint|p1a: Flutter Mane\n|-end|p1a: Flutter Mane|Protosynthesis|[silent]\n|\n|-weather|SunnyDay|[upkeep]\n|upkeep\n|\n|t:|1698603414\n|switch|p1a: Miraidon|Miraidon|100\/100\n|-fieldstart|move: Electric Terrain|[from] ability: Hadron Engine|[of] p1a: Miraidon\n|turn|6\n|\n|t:|1698603420\n|switch|p2a: Flutter Mane|Flutter Mane|100\/100\n|-activate|p2a: Flutter Mane|ability: Protosynthesis\n|-start|p2a: Flutter Mane|protosynthesisspe\n|move|p1a: Miraidon|Dragon Pulse|p2a: Flutter Mane\n|-immune|p2a: Flutter Mane\n|\n|-weather|SunnyDay|[upkeep]\n|upkeep\n|turn|7\n|\n|t:|1698603432\n|move|p2a: Flutter Mane|Moonblast|p1a: Miraidon\n|-supereffective|p1a: Miraidon\n|-damage|p1a: Miraidon|9\/100\n|move|p1a: Miraidon|Electro Drift|p2a: Flutter Mane\n|-enditem|p2a: Flutter Mane|Focus Sash\n|-damage|p2a: Flutter Mane|1\/100\n|\n|-weather|SunnyDay|[upkeep]\n|-heal|p1a: Miraidon|15\/100|[from] item: Leftovers\n|upkeep\n|turn|8\n|\n|t:|1698603439\n|move|p2a: Flutter Mane|Moonblast|p1a: Miraidon\n|-supereffective|p1a: Miraidon\n|-damage|p1a: Miraidon|0 fnt\n|faint|p1a: Miraidon\n|\n|-weather|none\n|-end|p2a: Flutter Mane|Protosynthesis\n|upkeep\n|\n|t:|1698603442\n|switch|p1a: Annihilape|Annihilape, M|100\/100\n|turn|9\n|\n|t:|1698603447\n|move|p1a: Annihilape|U-turn|p2a: Flutter Mane\n|-resisted|p2a: Flutter Mane\n|-damage|p2a: Flutter Mane|0 fnt\n|faint|p2a: Flutter Mane\n|-end|p2a: Flutter Mane|Protosynthesis|[silent]\n|\n|t:|1698603454\n|switch|p1a: Regieleki|Regieleki|100\/100|[from] U-turn\n|\n|upkeep\n|\n|t:|1698603461\n|switch|p2a: Ogerpon|Ogerpon-Hearthflame, F|100\/100\n|-ability|p2a: Ogerpon|Mold Breaker\n|turn|10\n|\n|t:|1698603473\n|-terastallize|p2a: Ogerpon|Fire\n|detailschange|p2a: Ogerpon|Ogerpon-Hearthflame-Tera, F, tera:Fire\n|-ability|p2a: Ogerpon|Embody Aspect (Hearthflame)|boost\n|-boost|p2a: Ogerpon|atk|1\n|move|p1a: Regieleki|Thunderbolt|p2a: Ogerpon\n|-damage|p2a: Ogerpon|0 fnt\n|faint|p2a: Ogerpon\n|\n|-fieldend|move: Electric Terrain\n|upkeep\n|inactive|Derpzones has 120 seconds left.\n|\n|t:|1698603504\n|switch|p2a: Groudon|Groudon|44\/100\n|-weather|SunnyDay|[from] ability: Drought|[of] p2a: Groudon\n|turn|11\n|\n|t:|1698603513\n|-terastallize|p1a: Regieleki|Ice\n|move|p1a: Regieleki|Tera Blast|p2a: Groudon|[anim] Tera Blast Ice\n|-supereffective|p2a: Groudon\n|-damage|p2a: Groudon|0 fnt\n|faint|p2a: Groudon\n|\n|-weather|SunnyDay|[upkeep]\n|upkeep\n|\n|t:|1698603524\n|switch|p2a: Chi-Yu|Chi-Yu|100\/100\n|-ability|p2a: Chi-Yu|Beads of Ruin\n|turn|12\n|\n|t:|1698603530\n|move|p2a: Chi-Yu|Flamethrower|p1a: Regieleki\n|-supereffective|p1a: Regieleki\n|-damage|p1a: Regieleki|0 fnt\n|faint|p1a: Regieleki\n|\n|-weather|SunnyDay|[upkeep]\n|upkeep\n|\n|t:|1698603534\n|switch|p1a: Annihilape|Annihilape, M|100\/100\n|turn|13\n|\n|t:|1698603541\n|move|p1a: Annihilape|Close Combat|p2a: Chi-Yu\n|-supereffective|p2a: Chi-Yu\n|-damage|p2a: Chi-Yu|0 fnt\n|-unboost|p1a: Annihilape|def|1\n|-unboost|p1a: Annihilape|spd|1\n|faint|p2a: Chi-Yu\n|\n|-weather|SunnyDay|[upkeep]\n|upkeep\n|\n|t:|1698603555\n|switch|p2a: Walking Wake|Walking Wake|100\/100\n|-activate|p2a: Walking Wake|ability: Protosynthesis\n|-start|p2a: Walking Wake|protosynthesisspe\n|turn|14\n|\n|t:|1698603566\n|move|p2a: Walking Wake|Flamethrower|p1a: Annihilape\n|-damage|p1a: Annihilape|1\/100\n|move|p1a: Annihilape|Close Combat|p2a: Walking Wake\n|-damage|p2a: Walking Wake|50\/100\n|-unboost|p1a: Annihilape|def|1\n|-unboost|p1a: Annihilape|spd|1\n|\n|-weather|SunnyDay|[upkeep]\n|upkeep\n|turn|15\n|\n|t:|1698603574\n|move|p2a: Walking Wake|Flamethrower|p1a: Annihilape\n|-damage|p1a: Annihilape|0 fnt\n|faint|p1a: Annihilape\n|\n|-weather|SunnyDay|[upkeep]\n|upkeep\n|\n|t:|1698603579\n|switch|p1a: Magearna|Magearna|100\/100\n|turn|16\n|\n|t:|1698603586\n|move|p2a: Walking Wake|Flamethrower|p1a: Magearna\n|-supereffective|p1a: Magearna\n|-damage|p1a: Magearna|0 fnt\n|faint|p1a: Magearna\n|\n|win|Derpzones\n|raw|Trickytreecko's rating: 1215 &rarr; <strong>1188<\/strong><br \/>(-27 for losing)\n|raw|Derpzones's rating: 1192 &rarr; <strong>1219<\/strong><br \/>(+27 for winning)\n|l|\u2606Trickytreecko\n","uploadtime":1698603592,"views":9,"p1id":"trickytreecko","p2id":"derpzones","formatid":"gen9ubers","rating":1188,"private":0,"password":""}