{"id":"gen9ubers-1983835502","p1":"LITLE0","p2":"appeljuice28","format":"[Gen 9] Ubers","log":"|j|\u2606LITLE0\n|j|\u2606appeljuice28\n|t:|1699189460\n|gametype|singles\n|player|p1|LITLE0|brock|1260\n|player|p2|appeljuice28|170|1033\n|teamsize|p1|6\n|teamsize|p2|6\n|gen|9\n|tier|[Gen 9] Ubers\n|rated|\n|rule|Sleep Clause Mod: Limit one foe put to sleep\n|rule|Species Clause: Limit one of each Pok\u00e9mon\n|rule|OHKO Clause: OHKO moves are banned\n|rule|Evasion Items Clause: Evasion items are banned\n|rule|Evasion Moves Clause: Evasion moves are banned\n|rule|Endless Battle Clause: Forcing endless battles is banned\n|rule|HP Percentage Mod: HP is shown in percentages\n|clearpoke\n|poke|p1|Blissey, F|\n|poke|p1|Dondozo, M|\n|poke|p1|Flutter Mane|\n|poke|p1|Kingambit, M|\n|poke|p1|Koraidon|\n|poke|p1|Torkoal, M|\n|poke|p2|Walking Wake|\n|poke|p2|Groudon|\n|poke|p2|Great Tusk|\n|poke|p2|Victreebel, F|\n|poke|p2|Rayquaza|\n|poke|p2|Iron Valiant|\n|teampreview\n|inactive|Battle timer is ON: inactive players will automatically lose when time's up. (requested by appeljuice28)\n|\n|t:|1699189489\n|start\n|switch|p1a: Torkoal|Torkoal, M|100\/100\n|switch|p2a: Dreki|Walking Wake|100\/100\n|-weather|SunnyDay|[from] ability: Drought|[of] p1a: Torkoal\n|-activate|p2a: Dreki|ability: Protosynthesis\n|-start|p2a: Dreki|protosynthesisspa\n|turn|1\n|\n|t:|1699189500\n|switch|p1a: Blissey|Blissey, F|100\/100\n|move|p2a: Dreki|Hydro Steam|p1a: Blissey\n|-damage|p1a: Blissey|60\/100\n|\n|-weather|SunnyDay|[upkeep]\n|-heal|p1a: Blissey|66\/100|[from] item: Leftovers\n|upkeep\n|turn|2\n|\n|t:|1699189508\n|move|p2a: Dreki|Hydro Steam|p1a: Blissey\n|-damage|p1a: Blissey|25\/100\n|move|p1a: Blissey|Soft-Boiled|p1a: Blissey\n|-heal|p1a: Blissey|75\/100\n|\n|-weather|SunnyDay|[upkeep]\n|-heal|p1a: Blissey|81\/100|[from] item: Leftovers\n|upkeep\n|turn|3\n|\n|t:|1699189518\n|-end|p2a: Dreki|Protosynthesis|[silent]\n|switch|p2a: \u30c6\u30c4\u30ce\u30d6\u30b8\u30f3|Iron Valiant, shiny|100\/100\n|-enditem|p2a: \u30c6\u30c4\u30ce\u30d6\u30b8\u30f3|Booster Energy\n|-activate|p2a: \u30c6\u30c4\u30ce\u30d6\u30b8\u30f3|ability: Quark Drive|[fromitem]\n|-start|p2a: \u30c6\u30c4\u30ce\u30d6\u30b8\u30f3|quarkdrivespe\n|move|p1a: Blissey|Soft-Boiled|p1a: Blissey\n|-heal|p1a: Blissey|100\/100\n|\n|-weather|SunnyDay|[upkeep]\n|upkeep\n|turn|4\n|\n|t:|1699189525\n|switch|p1a: Dondozo|Dondozo, M|100\/100\n|move|p2a: \u30c6\u30c4\u30ce\u30d6\u30b8\u30f3|Drain Punch|p1a: Dondozo\n|-damage|p1a: Dondozo|84\/100\n|\n|-weather|SunnyDay|[upkeep]\n|-heal|p1a: Dondozo|91\/100|[from] item: Leftovers\n|upkeep\n|turn|5\n|\n|t:|1699189533\n|-end|p2a: \u30c6\u30c4\u30ce\u30d6\u30b8\u30f3|Quark Drive|[silent]\n|switch|p2a: Victreebel|Victreebel, F|100\/100\n|move|p1a: Dondozo|Liquidation|p2a: Victreebel\n|-resisted|p2a: Victreebel\n|-damage|p2a: Victreebel|88\/100\n|\n|-weather|SunnyDay|[upkeep]\n|-heal|p1a: Dondozo|97\/100|[from] item: Leftovers\n|upkeep\n|turn|6\n|\n|t:|1699189547\n|switch|p1a: Torkoal|Torkoal, M|100\/100\n|move|p2a: Victreebel|Power Whip|p1a: Torkoal\n|-resisted|p1a: Torkoal\n|-crit|p1a: Torkoal\n|-damage|p1a: Torkoal|65\/100\n|\n|-weather|SunnyDay|[upkeep]\n|upkeep\n|turn|7\n|\n|t:|1699189554\n|switch|p2a: Dreki|Walking Wake|100\/100\n|-activate|p2a: Dreki|ability: Protosynthesis\n|-start|p2a: Dreki|protosynthesisspa\n|move|p1a: Torkoal|Yawn|p2a: Dreki\n|-start|p2a: Dreki|move: Yawn|[of] p1a: Torkoal\n|\n|-weather|SunnyDay|[upkeep]\n|upkeep\n|turn|8\n|\n|t:|1699189569\n|-end|p2a: Dreki|Protosynthesis|[silent]\n|switch|p2a: Obsidian|Rayquaza, shiny|100\/100\n|-ability|p2a: Obsidian|Air Lock\n|move|p1a: Torkoal|Stealth Rock|p2a: Obsidian\n|-sidestart|p2: appeljuice28|move: Stealth Rock\n|\n|-weather|none\n|upkeep\n|turn|9\n|\n|t:|1699189580\n|switch|p1a: Dondozo|Dondozo, M|97\/100\n|move|p2a: Obsidian|Dragon Ascent|p1a: Dondozo\n|-damage|p1a: Dondozo|45\/100\n|-unboost|p2a: Obsidian|def|1\n|-unboost|p2a: Obsidian|spd|1\n|\n|-heal|p1a: Dondozo|51\/100|[from] item: Leftovers\n|upkeep\n|turn|10\n|\n|t:|1699189588\n|move|p2a: Obsidian|Dragon Ascent|p1a: Dondozo\n|-damage|p1a: Dondozo|1\/100\n|-unboost|p2a: Obsidian|def|1\n|-unboost|p2a: Obsidian|spd|1\n|move|p1a: Dondozo|Rest|p1a: Dondozo\n|-status|p1a: Dondozo|slp|[from] move: Rest\n|-heal|p1a: Dondozo|100\/100 slp|[silent]\n|\n|upkeep\n|turn|11\n|\n|t:|1699189598\n|switch|p2a: Yhorm|Groudon, shiny|100\/100\n|-damage|p2a: Yhorm|94\/100|[from] Stealth Rock\n|-weather|SunnyDay|[from] ability: Drought|[of] p2a: Yhorm\n|cant|p1a: Dondozo|slp\n|move|p1a: Dondozo|Sleep Talk|p1a: Dondozo\n|move|p1a: Dondozo|Rest||[from]move: Sleep Talk|[still]\n|-fail|p1a: Dondozo\n|\n|-weather|SunnyDay|[upkeep]\n|upkeep\n|turn|12\n|\n|t:|1699189605\n|switch|p2a: Victreebel|Victreebel, F|88\/100\n|-damage|p2a: Victreebel|76\/100|[from] Stealth Rock\n|cant|p1a: Dondozo|slp\n|move|p1a: Dondozo|Sleep Talk|p1a: Dondozo\n|move|p1a: Dondozo|Liquidation|p2a: Victreebel|[from]move: Sleep Talk\n|-resisted|p2a: Victreebel\n|-damage|p2a: Victreebel|64\/100\n|-unboost|p2a: Victreebel|def|1\n|\n|-weather|SunnyDay|[upkeep]\n|upkeep\n|turn|13\n|\n|t:|1699189613\n|switch|p1a: Torkoal|Torkoal, M|65\/100\n|move|p2a: Victreebel|Power Whip|p1a: Torkoal\n|-resisted|p1a: Torkoal\n|-damage|p1a: Torkoal|39\/100\n|\n|-weather|SunnyDay|[upkeep]\n|upkeep\n|turn|14\n|\n|t:|1699189622\n|switch|p2a: Dreki|Walking Wake|100\/100\n|-damage|p2a: Dreki|88\/100|[from] Stealth Rock\n|-activate|p2a: Dreki|ability: Protosynthesis\n|-start|p2a: Dreki|protosynthesisspa\n|move|p1a: Torkoal|Yawn|p2a: Dreki\n|-start|p2a: Dreki|move: Yawn|[of] p1a: Torkoal\n|\n|-weather|SunnyDay|[upkeep]\n|upkeep\n|turn|15\n|\n|t:|1699189633\n|-end|p2a: Dreki|Protosynthesis|[silent]\n|switch|p2a: Obsidian|Rayquaza, shiny|100\/100\n|-damage|p2a: Obsidian|75\/100|[from] Stealth Rock\n|-ability|p2a: Obsidian|Air Lock\n|move|p1a: Torkoal|Yawn|p2a: Obsidian\n|-start|p2a: Obsidian|move: Yawn|[of] p1a: Torkoal\n|\n|-weather|SunnyDay|[upkeep]\n|upkeep\n|turn|16\n|\n|t:|1699189647\n|move|p2a: Obsidian|Dragon Ascent|p1a: Torkoal\n|-damage|p1a: Torkoal|0 fnt\n|-unboost|p2a: Obsidian|def|1\n|-unboost|p2a: Obsidian|spd|1\n|faint|p1a: Torkoal\n|\n|-weather|SunnyDay|[upkeep]\n|-end|p2a: Obsidian|move: Yawn|[silent]\n|-status|p2a: Obsidian|slp\n|upkeep\n|\n|t:|1699189650\n|switch|p1a: Koraidon|Koraidon|100\/100\n|turn|17\n|\n|t:|1699189654\n|switch|p2a: Steppe|Great Tusk|100\/100\n|-damage|p2a: Steppe|98\/100|[from] Stealth Rock\n|-activate|p2a: Steppe|ability: Protosynthesis\n|-start|p2a: Steppe|protosynthesisatk\n|move|p1a: Koraidon|Swords Dance|p1a: Koraidon\n|-boost|p1a: Koraidon|atk|2\n|\n|-weather|SunnyDay|[upkeep]\n|-heal|p2a: Steppe|100\/100|[from] item: Leftovers\n|upkeep\n|turn|18\n|\n|t:|1699189666\n|move|p1a: Koraidon|Collision Course|p2a: Steppe\n|-damage|p2a: Steppe|15\/100\n|move|p2a: Steppe|Rapid Spin|p1a: Koraidon\n|-damage|p1a: Koraidon|77\/100\n|-boost|p2a: Steppe|spe|1\n|-sideend|p2: appeljuice28|Stealth Rock|[from] move: Rapid Spin|[of] p2a: Steppe\n|\n|-weather|none\n|-end|p2a: Steppe|Protosynthesis\n|-heal|p2a: Steppe|22\/100|[from] item: Leftovers\n|upkeep\n|turn|19\n|\n|t:|1699189676\n|move|p1a: Koraidon|Flame Charge|p2a: Steppe\n|-damage|p2a: Steppe|0 fnt\n|-boost|p1a: Koraidon|spe|1\n|faint|p2a: Steppe\n|-end|p2a: Steppe|Protosynthesis|[silent]\n|\n|upkeep\n|\n|t:|1699189685\n|switch|p2a: \u30c6\u30c4\u30ce\u30d6\u30b8\u30f3|Iron Valiant, shiny|100\/100\n|turn|20\n|\n|t:|1699189690\n|-terastallize|p1a: Koraidon|Fire\n|move|p1a: Koraidon|Flame Charge|p2a: \u30c6\u30c4\u30ce\u30d6\u30b8\u30f3\n|-damage|p2a: \u30c6\u30c4\u30ce\u30d6\u30b8\u30f3|14\/100\n|-boost|p1a: Koraidon|spe|1\n|move|p2a: \u30c6\u30c4\u30ce\u30d6\u30b8\u30f3|Spirit Break|p1a: Koraidon\n|-resisted|p1a: Koraidon\n|-damage|p1a: Koraidon|61\/100\n|\n|upkeep\n|turn|21\n|\n|t:|1699189699\n|move|p1a: Koraidon|Flame Charge|p2a: \u30c6\u30c4\u30ce\u30d6\u30b8\u30f3\n|-damage|p2a: \u30c6\u30c4\u30ce\u30d6\u30b8\u30f3|0 fnt\n|-boost|p1a: Koraidon|spe|1\n|faint|p2a: \u30c6\u30c4\u30ce\u30d6\u30b8\u30f3\n|-end|p2a: \u30c6\u30c4\u30ce\u30d6\u30b8\u30f3|Quark Drive|[silent]\n|\n|upkeep\n|\n|t:|1699189703\n|switch|p2a: Dreki|Walking Wake|88\/100\n|turn|22\n|\n|t:|1699189707\n|-terastallize|p2a: Dreki|Water\n|move|p1a: Koraidon|Dragon Claw|p2a: Dreki\n|-damage|p2a: Dreki|0 fnt\n|faint|p2a: Dreki\n|-end|p2a: Dreki|Protosynthesis|[silent]\n|\n|upkeep\n|-message|appeljuice28 forfeited.\n|\n|win|LITLE0\n|raw|LITLE0's rating: 1260 &rarr; <strong>1271<\/strong><br \/>(+11 for winning)\n|raw|appeljuice28's rating: 1033 &rarr; <strong>1027<\/strong><br \/>(-6 for losing)\n|l|\u2606appeljuice28\n","uploadtime":1699189718,"views":5,"p1id":"litle0","p2id":"appeljuice28","formatid":"gen9ubers","rating":1027,"private":0,"password":""}