{"id":"gen9ubers-1979822928","p1":"Drageen","p2":"Future king of ou","format":"[Gen 9] Ubers","log":"|j|\u2606Drageen\n|j|\u2606Future king of ou\n|t:|1698716916\n|gametype|singles\n|player|p1|Drageen|alec-anime|\n|player|p2|Future king of ou|mela|\n|teamsize|p1|6\n|teamsize|p2|6\n|gen|9\n|tier|[Gen 9] Ubers\n|rated|Tournament battle\n|rule|Sleep Clause Mod: Limit one foe put to sleep\n|rule|Species Clause: Limit one of each Pok\u00e9mon\n|rule|OHKO Clause: OHKO moves are banned\n|rule|Evasion Items Clause: Evasion items are banned\n|rule|Evasion Moves Clause: Evasion moves are banned\n|rule|Endless Battle Clause: Forcing endless battles is banned\n|rule|HP Percentage Mod: HP is shown in percentages\n|clearpoke\n|poke|p1|Eternatus|\n|poke|p1|Zacian-*|\n|poke|p1|Calyrex-Ice|\n|poke|p1|Giratina|\n|poke|p1|Baxcalibur, F|\n|poke|p1|Alomomola, M|\n|poke|p2|Giratina|\n|poke|p2|Corviknight, F|\n|poke|p2|Eternatus|\n|poke|p2|Dondozo, M|\n|poke|p2|Alomomola, M|\n|poke|p2|Blissey, F|\n|teampreview\n|c|\u2606Future king of ou|Hf\n|c|\u2606Drageen|hf\n|inactive|Battle timer is ON: inactive players will automatically lose when time's up. (requested by Drageen)\n|j| makers manhattan\n|\n|t:|1698716947\n|start\n|switch|p1a: Giratina|Giratina|100\/100\n|switch|p2a: Giratina|Giratina|100\/100\n|-ability|p2a: Giratina|Pressure\n|-ability|p1a: Giratina|Pressure\n|turn|1\n|l|makersmanhattan\n|\n|t:|1698716962\n|switch|p1a: Alomomola|Alomomola, M|100\/100\n|switch|p2a: Corviknight|Corviknight, F|100\/100\n|-ability|p2a: Corviknight|Pressure\n|\n|upkeep\n|turn|2\n|\n|t:|1698716971\n|switch|p2a: Blissey|Blissey, F|100\/100\n|switch|p1a: Eternatus|Eternatus|100\/100\n|-ability|p1a: Eternatus|Pressure\n|\n|upkeep\n|turn|3\n|\n|t:|1698716977\n|switch|p1a: Alomomola|Alomomola, M|100\/100\n|move|p2a: Blissey|Stealth Rock|p1a: Alomomola\n|-sidestart|p1: Drageen|move: Stealth Rock\n|\n|upkeep\n|turn|4\n|\n|t:|1698716983\n|switch|p2a: Corviknight|Corviknight, F|100\/100\n|-ability|p2a: Corviknight|Pressure\n|move|p1a: Alomomola|Scald|p2a: Corviknight\n|-damage|p2a: Corviknight|87\/100\n|\n|-heal|p2a: Corviknight|94\/100|[from] item: Leftovers\n|upkeep\n|turn|5\n|\n|t:|1698716988\n|switch|p2a: Giratina|Giratina|100\/100\n|-ability|p2a: Giratina|Pressure\n|switch|p1a: Giratina|Giratina|100\/100\n|-damage|p1a: Giratina|88\/100|[from] Stealth Rock\n|-ability|p1a: Giratina|Pressure\n|\n|upkeep\n|turn|6\n|\n|t:|1698716995\n|switch|p2a: Corviknight|Corviknight, F|94\/100\n|-ability|p2a: Corviknight|Pressure\n|move|p1a: Giratina|Will-O-Wisp|p2a: Corviknight\n|-status|p2a: Corviknight|brn\n|\n|-heal|p2a: Corviknight|99\/100 brn|[from] item: Leftovers\n|-damage|p2a: Corviknight|94\/100 brn|[from] brn\n|upkeep\n|turn|7\n|\n|t:|1698717000\n|switch|p2a: Giratina|Giratina|100\/100\n|-ability|p2a: Giratina|Pressure\n|move|p1a: Giratina|Defog|p2a: Giratina\n|-unboost|p2a: Giratina|evasion|1\n|-sideend|p1: Drageen|Stealth Rock|[from] move: Defog|[of] p1a: Giratina\n|\n|upkeep\n|turn|8\n|\n|t:|1698717009\n|switch|p2a: Blissey|Blissey, F|100\/100\n|switch|p1a: Eternatus|Eternatus|100\/100\n|-ability|p1a: Eternatus|Pressure\n|\n|upkeep\n|turn|9\n|\n|t:|1698717015\n|switch|p1a: Alomomola|Alomomola, M|100\/100\n|move|p2a: Blissey|Stealth Rock|p1a: Alomomola\n|-sidestart|p1: Drageen|move: Stealth Rock\n|\n|upkeep\n|turn|10\n|\n|t:|1698717020\n|switch|p2a: Corviknight|Corviknight, F|94\/100 brn\n|-ability|p2a: Corviknight|Pressure\n|move|p1a: Alomomola|Wish|p1a: Alomomola\n|\n|-heal|p2a: Corviknight|99\/100 brn|[from] item: Leftovers\n|-damage|p2a: Corviknight|94\/100 brn|[from] brn\n|upkeep\n|turn|11\n|\n|t:|1698717026\n|switch|p2a: Giratina|Giratina|100\/100\n|-ability|p2a: Giratina|Pressure\n|switch|p1a: Baxcalibur|Baxcalibur, F|100\/100\n|-damage|p1a: Baxcalibur|76\/100|[from] Stealth Rock\n|\n|-heal|p1a: Baxcalibur|100\/100|[from] move: Wish|[wisher] Alomomola\n|upkeep\n|turn|12\n|\n|t:|1698717031\n|switch|p2a: Dondozo|Dondozo, M|100\/100\n|move|p1a: Baxcalibur|Scale Shot|p2a: Dondozo\n|-damage|p2a: Dondozo|95\/100\n|-damage|p2a: Dondozo|89\/100\n|-damage|p2a: Dondozo|83\/100\n|-damage|p2a: Dondozo|76\/100\n|-damage|p2a: Dondozo|71\/100\n|-hitcount|p2a: Dondozo|5\n|-unboost|p1a: Baxcalibur|def|1\n|-boost|p1a: Baxcalibur|spe|1\n|\n|-heal|p2a: Dondozo|77\/100|[from] item: Leftovers\n|upkeep\n|turn|13\n|\n|t:|1698717039\n|switch|p1a: Giratina|Giratina|88\/100\n|-damage|p1a: Giratina|76\/100|[from] Stealth Rock\n|-ability|p1a: Giratina|Pressure\n|switch|p2a: Alomomola|Alomomola, M|100\/100\n|\n|upkeep\n|turn|14\n|\n|t:|1698717042\n|switch|p2a: Corviknight|Corviknight, F|94\/100 brn\n|-ability|p2a: Corviknight|Pressure\n|move|p1a: Giratina|Will-O-Wisp|p2a: Corviknight\n|-fail|p2a: Corviknight|brn\n|\n|-heal|p2a: Corviknight|99\/100 brn|[from] item: Leftovers\n|-damage|p2a: Corviknight|94\/100 brn|[from] brn\n|upkeep\n|turn|15\n|\n|t:|1698717046\n|switch|p2a: Giratina|Giratina|100\/100\n|-ability|p2a: Giratina|Pressure\n|move|p1a: Giratina|Hex|p2a: Giratina\n|-supereffective|p2a: Giratina\n|-damage|p2a: Giratina|66\/100\n|\n|-heal|p2a: Giratina|72\/100|[from] item: Leftovers\n|upkeep\n|turn|16\n|\n|t:|1698717052\n|move|p2a: Giratina|Protect|p2a: Giratina\n|-singleturn|p2a: Giratina|Protect\n|move|p1a: Giratina|Defog|p2a: Giratina\n|-activate|p2a: Giratina|move: Protect\n|\n|-heal|p2a: Giratina|78\/100|[from] item: Leftovers\n|upkeep\n|turn|17\n|\n|t:|1698717057\n|switch|p2a: Eternatus|Eternatus|100\/100\n|-ability|p2a: Eternatus|Pressure\n|move|p1a: Giratina|Defog|p2a: Eternatus\n|-unboost|p2a: Eternatus|evasion|1\n|-sideend|p1: Drageen|Stealth Rock|[from] move: Defog|[of] p1a: Giratina\n|\n|upkeep\n|turn|18\n|\n|t:|1698717068\n|switch|p2a: Blissey|Blissey, F|100\/100\n|switch|p1a: Alomomola|Alomomola, M|100\/100\n|\n|upkeep\n|turn|19\n|\n|t:|1698717073\n|move|p1a: Alomomola|Wish|p1a: Alomomola\n|move|p2a: Blissey|Stealth Rock|p1a: Alomomola\n|-sidestart|p1: Drageen|move: Stealth Rock\n|\n|upkeep\n|turn|20\n|\n|t:|1698717081\n|switch|p1a: Eternatus|Eternatus|100\/100\n|-damage|p1a: Eternatus|88\/100|[from] Stealth Rock\n|-ability|p1a: Eternatus|Pressure\n|move|p2a: Blissey|Heal Bell|p2a: Blissey\n|-activate|p2a: Blissey|move: Heal Bell\n|-curestatus|p2: Corviknight|brn|[msg]\n|\n|-heal|p1a: Eternatus|100\/100|[from] move: Wish|[wisher] Alomomola\n|upkeep\n|turn|21\n|\n|t:|1698717089\n|move|p1a: Eternatus|Reflect|p1a: Eternatus\n|-sidestart|p1: Drageen|Reflect\n|move|p2a: Blissey|Seismic Toss|p1a: Eternatus\n|-damage|p1a: Eternatus|80\/100\n|\n|upkeep\n|turn|22\n|\n|t:|1698717093\n|switch|p2a: Corviknight|Corviknight, F|94\/100\n|-ability|p2a: Corviknight|Pressure\n|move|p1a: Eternatus|Light Screen|p1a: Eternatus\n|-sidestart|p1: Drageen|move: Light Screen\n|\n|-heal|p2a: Corviknight|99\/100|[from] item: Leftovers\n|upkeep\n|turn|23\n|j|%Taka\n|j|+corvere\u2665\n|\n|t:|1698717118\n|switch|p1a: Calyrex|Calyrex-Ice|100\/100\n|-ability|p1a: Calyrex|As One\n|-ability|p1a: Calyrex|Unnerve\n|-damage|p1a: Calyrex|75\/100|[from] Stealth Rock\n|switch|p2a: Blissey|Blissey, F|100\/100\n|\n|-heal|p1a: Calyrex|82\/100|[from] item: Leftovers\n|upkeep\n|turn|24\n|\n|t:|1698717126\n|switch|p2a: Dondozo|Dondozo, M|77\/100\n|move|p1a: Calyrex|Substitute|p1a: Calyrex\n|-start|p1a: Calyrex|Substitute\n|-damage|p1a: Calyrex|57\/100\n|\n|-heal|p1a: Calyrex|63\/100|[from] item: Leftovers\n|-heal|p2a: Dondozo|83\/100|[from] item: Leftovers\n|upkeep\n|turn|25\n|j| righteous light\n|\n|t:|1698717134\n|switch|p2a: Corviknight|Corviknight, F|99\/100\n|-ability|p2a: Corviknight|Pressure\n|move|p1a: Calyrex|High Horsepower|p2a: Corviknight\n|-immune|p2a: Corviknight\n|\n|-heal|p2a: Corviknight|100\/100|[from] item: Leftovers\n|-heal|p1a: Calyrex|69\/100|[from] item: Leftovers\n|upkeep\n|turn|26\n|\n|t:|1698717138\n|switch|p2a: Dondozo|Dondozo, M|83\/100\n|move|p1a: Calyrex|Swords Dance|p1a: Calyrex\n|-boost|p1a: Calyrex|atk|2\n|\n|-heal|p1a: Calyrex|75\/100|[from] item: Leftovers\n|-heal|p2a: Dondozo|89\/100|[from] item: Leftovers\n|upkeep\n|turn|27\n|\n|t:|1698717144\n|move|p1a: Calyrex|Glacial Lance|p2a: Dondozo\n|-resisted|p2a: Dondozo\n|-damage|p2a: Dondozo|73\/100\n|move|p2a: Dondozo|Body Press|p1a: Calyrex\n|-activate|p1a: Calyrex|move: Substitute|[damage]\n|\n|-heal|p1a: Calyrex|81\/100|[from] item: Leftovers\n|-heal|p2a: Dondozo|79\/100|[from] item: Leftovers\n|upkeep\n|turn|28\n|\n|t:|1698717151\n|move|p1a: Calyrex|Glacial Lance|p2a: Dondozo\n|-resisted|p2a: Dondozo\n|-damage|p2a: Dondozo|65\/100\n|move|p2a: Dondozo|Rest|p2a: Dondozo\n|-status|p2a: Dondozo|slp|[from] move: Rest\n|-heal|p2a: Dondozo|100\/100 slp|[silent]\n|\n|-heal|p1a: Calyrex|88\/100|[from] item: Leftovers\n|-sideend|p1: Drageen|Reflect\n|upkeep\n|turn|29\n|\n|t:|1698717156\n|move|p1a: Calyrex|High Horsepower|p2a: Dondozo\n|-damage|p2a: Dondozo|85\/100 slp\n|cant|p2a: Dondozo|slp\n|\n|-heal|p1a: Calyrex|94\/100|[from] item: Leftovers\n|-heal|p2a: Dondozo|92\/100 slp|[from] item: Leftovers\n|-sideend|p1: Drageen|move: Light Screen\n|upkeep\n|turn|30\n|\n|t:|1698717163\n|switch|p1a: Eternatus|Eternatus|80\/100\n|-damage|p1a: Eternatus|67\/100|[from] Stealth Rock\n|-ability|p1a: Eternatus|Pressure\n|cant|p2a: Dondozo|slp\n|\n|-heal|p2a: Dondozo|98\/100 slp|[from] item: Leftovers\n|upkeep\n|turn|31\n|\n|t:|1698717168\n|switch|p2a: Blissey|Blissey, F|100\/100\n|move|p1a: Eternatus|Reflect|p1a: Eternatus\n|-sidestart|p1: Drageen|Reflect\n|\n|upkeep\n|turn|32\n|\n|t:|1698717172\n|switch|p1a: Alomomola|Alomomola, M|100\/100\n|-damage|p1a: Alomomola|88\/100|[from] Stealth Rock\n|switch|p2a: Corviknight|Corviknight, F|100\/100\n|-ability|p2a: Corviknight|Pressure\n|\n|-heal|p1a: Alomomola|94\/100|[from] item: Leftovers\n|upkeep\n|turn|33\n|\n|t:|1698717177\n|switch|p2a: Blissey|Blissey, F|100\/100\n|move|p1a: Alomomola|Wish|p1a: Alomomola\n|\n|-heal|p1a: Alomomola|100\/100|[from] item: Leftovers\n|upkeep\n|turn|34\n|\n|t:|1698717180\n|switch|p1a: Eternatus|Eternatus|67\/100\n|-damage|p1a: Eternatus|55\/100|[from] Stealth Rock\n|-ability|p1a: Eternatus|Pressure\n|switch|p2a: Corviknight|Corviknight, F|100\/100\n|-ability|p2a: Corviknight|Pressure\n|\n|-heal|p1a: Eternatus|100\/100|[from] move: Wish|[wisher] Alomomola\n|upkeep\n|turn|35\n|\n|t:|1698717184\n|switch|p2a: Blissey|Blissey, F|100\/100\n|move|p1a: Eternatus|Light Screen|p1a: Eternatus\n|-sidestart|p1: Drageen|move: Light Screen\n|\n|upkeep\n|turn|36\n|j| ZowwyCafe\u2764\n|c|\u2606Future king of ou|I won't win\n|l| ZowwyCafe\u2764\n|c|\u2606Future king of ou|But hazards will\n|c|\u2606Future king of ou|At some point\n|\n|t:|1698717203\n|switch|p1a: Giratina|Giratina|76\/100\n|-damage|p1a: Giratina|64\/100|[from] Stealth Rock\n|-ability|p1a: Giratina|Pressure\n|switch|p2a: Corviknight|Corviknight, F|100\/100\n|-ability|p2a: Corviknight|Pressure\n|\n|upkeep\n|turn|37\n|\n|t:|1698717208\n|switch|p2a: Eternatus|Eternatus|100\/100\n|-ability|p2a: Eternatus|Pressure\n|move|p1a: Giratina|Defog|p2a: Eternatus\n|-unboost|p2a: Eternatus|evasion|1\n|-sideend|p1: Drageen|Stealth Rock|[from] move: Defog|[of] p1a: Giratina\n|\n|upkeep\n|turn|38\n|\n|t:|1698717220\n|switch|p2a: Blissey|Blissey, F|100\/100\n|switch|p1a: Alomomola|Alomomola, M|100\/100\n|\n|-sideend|p1: Drageen|Reflect\n|upkeep\n|turn|39\n|\n|t:|1698717228\n|move|p1a: Alomomola|Scald|p2a: Blissey\n|-damage|p2a: Blissey|96\/100\n|-status|p2a: Blissey|brn\n|move|p2a: Blissey|Stealth Rock|p1a: Alomomola\n|-sidestart|p1: Drageen|move: Stealth Rock\n|\n|-damage|p2a: Blissey|90\/100 brn|[from] brn\n|upkeep\n|turn|40\n|\n|t:|1698717234\n|switch|p1a: Giratina|Giratina|64\/100\n|-damage|p1a: Giratina|51\/100|[from] Stealth Rock\n|-ability|p1a: Giratina|Pressure\n|-curestatus|p2a: Blissey|brn|[from] ability: Natural Cure\n|switch|p2a: Eternatus|Eternatus|100\/100\n|-ability|p2a: Eternatus|Pressure\n|\n|upkeep\n|turn|41\n|\n|t:|1698717242\n|switch|p1a: Alomomola|Alomomola, M|100\/100\n|-damage|p1a: Alomomola|88\/100|[from] Stealth Rock\n|move|p2a: Eternatus|Protect||[still]\n|-fail|p2a: Eternatus\n|\n|-heal|p1a: Alomomola|94\/100|[from] item: Leftovers\n|upkeep\n|turn|42\n|\n|t:|1698717245\n|switch|p2a: Giratina|Giratina|78\/100\n|-ability|p2a: Giratina|Pressure\n|move|p1a: Alomomola|Wish|p1a: Alomomola\n|\n|-heal|p2a: Giratina|84\/100|[from] item: Leftovers\n|-heal|p1a: Alomomola|100\/100|[from] item: Leftovers\n|-sideend|p1: Drageen|move: Light Screen\n|upkeep\n|turn|43\n|\n|t:|1698717253\n|switch|p1a: Eternatus|Eternatus|100\/100\n|-damage|p1a: Eternatus|88\/100|[from] Stealth Rock\n|-ability|p1a: Eternatus|Pressure\n|move|p2a: Giratina|Dragon Tail|p1a: Eternatus\n|-supereffective|p1a: Eternatus\n|-damage|p1a: Eternatus|57\/100\n|drag|p1a: Baxcalibur|Baxcalibur, F|100\/100\n|-damage|p1a: Baxcalibur|76\/100|[from] Stealth Rock\n|\n|-heal|p1a: Baxcalibur|100\/100|[from] move: Wish|[wisher] Alomomola\n|-heal|p2a: Giratina|91\/100|[from] item: Leftovers\n|upkeep\n|turn|44\n|\n|t:|1698717260\n|move|p2a: Giratina|Protect|p2a: Giratina\n|-singleturn|p2a: Giratina|Protect\n|move|p1a: Baxcalibur|Scale Shot|p2a: Giratina\n|-activate|p2a: Giratina|move: Protect\n|\n|-heal|p2a: Giratina|97\/100|[from] item: Leftovers\n|upkeep\n|turn|45\n|\n|t:|1698717269\n|switch|p2a: Dondozo|Dondozo, M|98\/100 slp\n|move|p1a: Baxcalibur|Icicle Crash|p2a: Dondozo\n|-resisted|p2a: Dondozo\n|-damage|p2a: Dondozo|86\/100 slp\n|\n|-heal|p2a: Dondozo|92\/100 slp|[from] item: Leftovers\n|upkeep\n|turn|46\n|\n|t:|1698717273\n|switch|p1a: Giratina|Giratina|51\/100\n|-damage|p1a: Giratina|39\/100|[from] Stealth Rock\n|-ability|p1a: Giratina|Pressure\n|-curestatus|p2a: Dondozo|slp|[msg]\n|move|p2a: Dondozo|Body Press|p1a: Giratina\n|-immune|p1a: Giratina\n|\n|-heal|p2a: Dondozo|99\/100|[from] item: Leftovers\n|upkeep\n|turn|47\n|\n|t:|1698717278\n|switch|p2a: Corviknight|Corviknight, F|100\/100\n|-ability|p2a: Corviknight|Pressure\n|move|p1a: Giratina|Defog|p2a: Corviknight\n|-unboost|p2a: Corviknight|evasion|1\n|-sideend|p1: Drageen|Stealth Rock|[from] move: Defog|[of] p1a: Giratina\n|\n|upkeep\n|turn|48\n|\n|t:|1698717287\n|switch|p1a: Alomomola|Alomomola, M|100\/100\n|switch|p2a: Blissey|Blissey, F|90\/100\n|\n|upkeep\n|turn|49\n|\n|t:|1698717295\n|switch|p2a: Giratina|Giratina|97\/100\n|-ability|p2a: Giratina|Pressure\n|move|p1a: Alomomola|Wish|p1a: Alomomola\n|\n|-heal|p2a: Giratina|100\/100|[from] item: Leftovers\n|upkeep\n|turn|50\n|\n|t:|1698717303\n|switch|p1a: Giratina|Giratina|39\/100\n|-ability|p1a: Giratina|Pressure\n|move|p2a: Giratina|Dragon Tail|p1a: Giratina\n|-supereffective|p1a: Giratina\n|-damage|p1a: Giratina|14\/100\n|drag|p1a: Alomomola|Alomomola, M|100\/100\n|\n|upkeep\n|turn|51\n|\n|t:|1698717309\n|move|p2a: Giratina|Will-O-Wisp|p1a: Alomomola\n|-status|p1a: Alomomola|brn\n|move|p1a: Alomomola|Wish|p1a: Alomomola\n|\n|-damage|p1a: Alomomola|94\/100 brn|[from] brn\n|upkeep\n|turn|52\n|\n|t:|1698717317\n|switch|p2a: Eternatus|Eternatus|100\/100\n|-ability|p2a: Eternatus|Pressure\n|move|p1a: Alomomola|Scald|p2a: Eternatus\n|-resisted|p2a: Eternatus\n|-damage|p2a: Eternatus|97\/100\n|\n|-heal|p1a: Alomomola|100\/100 brn|[from] move: Wish|[wisher] Alomomola\n|-damage|p1a: Alomomola|94\/100 brn|[from] brn\n|upkeep\n|turn|53\n|\n|t:|1698717329\n|switch|p1a: Zacian|Zacian-Crowned|100\/100\n|-ability|p1a: Zacian|Intrepid Sword|boost\n|-boost|p1a: Zacian|atk|1\n|move|p2a: Eternatus|Toxic Spikes|p1a: Zacian\n|-sidestart|p1: Drageen|move: Toxic Spikes\n|\n|upkeep\n|turn|54\n|c|\u2606Drageen|yo what\n|c|\u2606Future king of ou|What\n|c|\u2606Drageen|i changed my tera type\n|c|\u2606Drageen|bruh\n|c|\u2606Future king of ou|Lmao\n|inactive|Drageen has 120 seconds left.\n|\n|t:|1698717366\n|move|p2a: Eternatus|Protect|p2a: Eternatus\n|-singleturn|p2a: Eternatus|Protect\n|move|p1a: Zacian|Play Rough|p2a: Eternatus\n|-activate|p2a: Eternatus|move: Protect\n|\n|upkeep\n|turn|55\n|inactive|Drageen has 120 seconds left.\n|\n|t:|1698717397\n|switch|p2a: Alomomola|Alomomola, M|100\/100\n|move|p1a: Zacian|Behemoth Blade|p2a: Alomomola\n|-resisted|p2a: Alomomola\n|-damage|p2a: Alomomola|78\/100\n|\n|upkeep\n|turn|56\n|\n|t:|1698717404\n|switch|p1a: Alomomola|Alomomola, M|100\/100 brn\n|move|p2a: Alomomola|Scald|p1a: Alomomola\n|-resisted|p1a: Alomomola\n|-damage|p1a: Alomomola|92\/100 brn\n|\n|-heal|p1a: Alomomola|98\/100 brn|[from] item: Leftovers\n|-damage|p1a: Alomomola|92\/100 brn|[from] brn\n|upkeep\n|turn|57\n|\n|t:|1698717410\n|switch|p2a: Giratina|Giratina|100\/100\n|-ability|p2a: Giratina|Pressure\n|move|p1a: Alomomola|Wish|p1a: Alomomola\n|\n|-heal|p1a: Alomomola|98\/100 brn|[from] item: Leftovers\n|-damage|p1a: Alomomola|92\/100 brn|[from] brn\n|upkeep\n|turn|58\n|inactive|Drageen has 120 seconds left.\n|\n|t:|1698717417\n|move|p1a: Alomomola|Protect|p1a: Alomomola\n|-singleturn|p1a: Alomomola|Protect\n|move|p2a: Giratina|Dragon Tail|p1a: Alomomola\n|-activate|p1a: Alomomola|move: Protect\n|\n|-heal|p1a: Alomomola|100\/100 brn|[from] move: Wish|[wisher] Alomomola\n|-damage|p1a: Alomomola|94\/100 brn|[from] brn\n|upkeep\n|turn|59\n|inactive|Drageen has 120 seconds left.\n|\n|t:|1698717438\n|switch|p2a: Blissey|Blissey, F|90\/100\n|switch|p1a: Zacian|Zacian-Crowned|100\/100\n|\n|upkeep\n|turn|60\n|\n|t:|1698717444\n|switch|p2a: Corviknight|Corviknight, F|100\/100\n|-ability|p2a: Corviknight|Pressure\n|move|p1a: Zacian|Close Combat|p2a: Corviknight\n|-damage|p2a: Corviknight|73\/100\n|-unboost|p1a: Zacian|def|1\n|-unboost|p1a: Zacian|spd|1\n|\n|-heal|p2a: Corviknight|79\/100|[from] item: Leftovers\n|upkeep\n|turn|61\n|\n|t:|1698717451\n|switch|p1a: Eternatus|Eternatus|57\/100\n|-sideend|p1: Drageen|move: Toxic Spikes|[of] p1a: Eternatus\n|-ability|p1a: Eternatus|Pressure\n|move|p2a: Corviknight|Body Press|p1a: Eternatus\n|-resisted|p1a: Eternatus\n|-damage|p1a: Eternatus|47\/100\n|\n|-heal|p2a: Corviknight|86\/100|[from] item: Leftovers\n|upkeep\n|turn|62\n|\n|t:|1698717457\n|switch|p2a: Blissey|Blissey, F|90\/100\n|move|p1a: Eternatus|Recover|p1a: Eternatus\n|-heal|p1a: Eternatus|97\/100\n|\n|upkeep\n|turn|63\n|\n|t:|1698717462\n|switch|p1a: Alomomola|Alomomola, M|100\/100 brn\n|move|p2a: Blissey|Stealth Rock|p1a: Alomomola\n|-sidestart|p1: Drageen|move: Stealth Rock\n|\n|-damage|p1a: Alomomola|94\/100 brn|[from] brn\n|upkeep\n|turn|64\n|\n|t:|1698717491\n|switch|p2a: Corviknight|Corviknight, F|86\/100\n|-ability|p2a: Corviknight|Pressure\n|move|p1a: Alomomola|Wish|p1a: Alomomola\n|\n|-heal|p2a: Corviknight|92\/100|[from] item: Leftovers\n|-heal|p1a: Alomomola|100\/100 brn|[from] item: Leftovers\n|-damage|p1a: Alomomola|94\/100 brn|[from] brn\n|upkeep\n|turn|65\n|\n|t:|1698717501\n|switch|p2a: Giratina|Giratina|100\/100\n|-ability|p2a: Giratina|Pressure\n|switch|p1a: Giratina|Giratina|14\/100\n|-damage|p1a: Giratina|1\/100|[from] Stealth Rock\n|-ability|p1a: Giratina|Pressure\n|\n|-heal|p1a: Giratina|55\/100|[from] move: Wish|[wisher] Alomomola\n|upkeep\n|turn|66\n|\n|t:|1698717510\n|move|p2a: Giratina|Protect|p2a: Giratina\n|-singleturn|p2a: Giratina|Protect\n|move|p1a: Giratina|Defog|p2a: Giratina\n|-activate|p2a: Giratina|move: Protect\n|\n|upkeep\n|turn|67\n|\n|t:|1698717515\n|move|p2a: Giratina|Protect||[still]\n|-fail|p2a: Giratina\n|move|p1a: Giratina|Defog|p2a: Giratina\n|-unboost|p2a: Giratina|evasion|1\n|-sideend|p1: Drageen|Stealth Rock|[from] move: Defog|[of] p1a: Giratina\n|\n|upkeep\n|turn|68\n|\n|t:|1698717522\n|move|p1a: Giratina|Hex|p2a: Giratina\n|-supereffective|p2a: Giratina\n|-damage|p2a: Giratina|70\/100\n|move|p2a: Giratina|Dragon Tail|p1a: Giratina\n|-supereffective|p1a: Giratina\n|-damage|p1a: Giratina|31\/100\n|drag|p1a: Baxcalibur|Baxcalibur, F|100\/100\n|\n|-heal|p2a: Giratina|76\/100|[from] item: Leftovers\n|upkeep\n|turn|69\n|\n|t:|1698717530\n|switch|p2a: Alomomola|Alomomola, M|100\/100\n|move|p1a: Baxcalibur|Scale Shot|p2a: Alomomola\n|-damage|p2a: Alomomola|92\/100\n|-damage|p2a: Alomomola|85\/100\n|-damage|p2a: Alomomola|77\/100\n|-damage|p2a: Alomomola|69\/100\n|-hitcount|p2a: Alomomola|4\n|-unboost|p1a: Baxcalibur|def|1\n|-boost|p1a: Baxcalibur|spe|1\n|\n|upkeep\n|turn|70\n|\n|t:|1698717536\n|move|p1a: Baxcalibur|Scale Shot|p2a: Alomomola\n|-damage|p2a: Alomomola|61\/100\n|-damage|p2a: Alomomola|53\/100\n|-damage|p2a: Alomomola|45\/100\n|-damage|p2a: Alomomola|38\/100\n|-hitcount|p2a: Alomomola|4\n|-unboost|p1a: Baxcalibur|def|1\n|-boost|p1a: Baxcalibur|spe|1\n|move|p2a: Alomomola|Scald|p1a: Baxcalibur\n|-resisted|p1a: Baxcalibur\n|-damage|p1a: Baxcalibur|93\/100\n|\n|upkeep\n|turn|71\n|\n|t:|1698717545\n|move|p2a: Alomomola|Protect|p2a: Alomomola\n|-singleturn|p2a: Alomomola|Protect\n|move|p1a: Baxcalibur|Scale Shot|p2a: Alomomola\n|-activate|p2a: Alomomola|move: Protect\n|\n|upkeep\n|turn|72\n|\n|t:|1698717550\n|switch|p2a: Dondozo|Dondozo, M|99\/100\n|move|p1a: Baxcalibur|Scale Shot|p2a: Dondozo\n|-damage|p2a: Dondozo|92\/100\n|-damage|p2a: Dondozo|85\/100\n|-damage|p2a: Dondozo|78\/100\n|-damage|p2a: Dondozo|72\/100\n|-damage|p2a: Dondozo|66\/100\n|-hitcount|p2a: Dondozo|5\n|-unboost|p1a: Baxcalibur|def|1\n|-boost|p1a: Baxcalibur|spe|1\n|\n|-heal|p2a: Dondozo|72\/100|[from] item: Leftovers\n|upkeep\n|turn|73\n|\n|t:|1698717567\n|switch|p1a: Eternatus|Eternatus|97\/100\n|-ability|p1a: Eternatus|Pressure\n|move|p2a: Dondozo|Body Press|p1a: Eternatus\n|-resisted|p1a: Eternatus\n|-damage|p1a: Eternatus|86\/100\n|\n|-heal|p2a: Dondozo|78\/100|[from] item: Leftovers\n|upkeep\n|turn|74\n|\n|t:|1698717573\n|switch|p2a: Corviknight|Corviknight, F|92\/100\n|-ability|p2a: Corviknight|Pressure\n|move|p1a: Eternatus|Reflect|p1a: Eternatus\n|-sidestart|p1: Drageen|Reflect\n|\n|-heal|p2a: Corviknight|98\/100|[from] item: Leftovers\n|upkeep\n|turn|75\n|\n|t:|1698717581\n|switch|p2a: Eternatus|Eternatus|97\/100\n|-ability|p2a: Eternatus|Pressure\n|move|p1a: Eternatus|Light Screen|p1a: Eternatus\n|-sidestart|p1: Drageen|move: Light Screen\n|\n|upkeep\n|turn|76\n|\n|t:|1698717584\n|switch|p1a: Calyrex|Calyrex-Ice|94\/100\n|-ability|p1a: Calyrex|As One\n|-ability|p1a: Calyrex|Unnerve\n|move|p2a: Eternatus|Toxic Spikes|p1a: Calyrex\n|-sidestart|p1: Drageen|move: Toxic Spikes\n|\n|-heal|p1a: Calyrex|99\/100|[from] item: Leftovers\n|upkeep\n|turn|77\n|\n|t:|1698717590\n|switch|p2a: Alomomola|Alomomola, M|71\/100\n|move|p1a: Calyrex|Substitute|p1a: Calyrex\n|-start|p1a: Calyrex|Substitute\n|-damage|p1a: Calyrex|75\/100\n|\n|-heal|p1a: Calyrex|81\/100|[from] item: Leftovers\n|upkeep\n|turn|78\n|\n|t:|1698717604\n|switch|p2a: Dondozo|Dondozo, M|78\/100\n|move|p1a: Calyrex|Swords Dance|p1a: Calyrex\n|-boost|p1a: Calyrex|atk|2\n|\n|-heal|p1a: Calyrex|87\/100|[from] item: Leftovers\n|-heal|p2a: Dondozo|84\/100|[from] item: Leftovers\n|upkeep\n|turn|79\n|\n|t:|1698717614\n|switch|p1a: Eternatus|Eternatus|86\/100\n|-sideend|p1: Drageen|move: Toxic Spikes|[of] p1a: Eternatus\n|-ability|p1a: Eternatus|Pressure\n|move|p2a: Dondozo|Rest|p2a: Dondozo\n|-status|p2a: Dondozo|slp|[from] move: Rest\n|-heal|p2a: Dondozo|100\/100 slp|[silent]\n|\n|upkeep\n|turn|80\n|\n|t:|1698717622\n|switch|p2a: Corviknight|Corviknight, F|98\/100\n|-ability|p2a: Corviknight|Pressure\n|move|p1a: Eternatus|Dynamax Cannon|p2a: Corviknight\n|-resisted|p2a: Corviknight\n|-damage|p2a: Corviknight|75\/100\n|\n|-heal|p2a: Corviknight|81\/100|[from] item: Leftovers\n|upkeep\n|turn|81\n|\n|t:|1698717631\n|switch|p1a: Baxcalibur|Baxcalibur, F|93\/100\n|switch|p2a: Blissey|Blissey, F|90\/100\n|\n|-sideend|p1: Drageen|Reflect\n|upkeep\n|turn|82\n|\n|t:|1698717645\n|switch|p1a: Eternatus|Eternatus|86\/100\n|-ability|p1a: Eternatus|Pressure\n|switch|p2a: Alomomola|Alomomola, M|100\/100\n|\n|-sideend|p1: Drageen|move: Light Screen\n|upkeep\n|turn|83\n|\n|t:|1698717652\n|switch|p2a: Corviknight|Corviknight, F|81\/100\n|-ability|p2a: Corviknight|Pressure\n|move|p1a: Eternatus|Reflect|p1a: Eternatus\n|-sidestart|p1: Drageen|Reflect\n|\n|-heal|p2a: Corviknight|87\/100|[from] item: Leftovers\n|upkeep\n|turn|84\n|\n|t:|1698717655\n|switch|p2a: Blissey|Blissey, F|90\/100\n|move|p1a: Eternatus|Light Screen|p1a: Eternatus\n|-sidestart|p1: Drageen|move: Light Screen\n|\n|upkeep\n|turn|85\n|\n|t:|1698717659\n|move|p1a: Eternatus|Dynamax Cannon|p2a: Blissey\n|-damage|p2a: Blissey|77\/100\n|move|p2a: Blissey|Stealth Rock|p1a: Eternatus\n|-sidestart|p1: Drageen|move: Stealth Rock\n|\n|upkeep\n|turn|86\n|\n|t:|1698717663\n|switch|p1a: Giratina|Giratina|31\/100\n|-damage|p1a: Giratina|18\/100|[from] Stealth Rock\n|-ability|p1a: Giratina|Pressure\n|switch|p2a: Corviknight|Corviknight, F|87\/100\n|-ability|p2a: Corviknight|Pressure\n|\n|-heal|p2a: Corviknight|94\/100|[from] item: Leftovers\n|upkeep\n|turn|87\n|\n|t:|1698717670\n|switch|p2a: Giratina|Giratina|76\/100\n|-ability|p2a: Giratina|Pressure\n|move|p1a: Giratina|Defog|p2a: Giratina\n|-unboost|p2a: Giratina|evasion|1\n|-sideend|p1: Drageen|Stealth Rock|[from] move: Defog|[of] p1a: Giratina\n|\n|-heal|p2a: Giratina|83\/100|[from] item: Leftovers\n|upkeep\n|turn|88\n|\n|t:|1698717679\n|switch|p1a: Alomomola|Alomomola, M|100\/100 brn\n|switch|p2a: Blissey|Blissey, F|77\/100\n|\n|-damage|p1a: Alomomola|94\/100 brn|[from] brn\n|upkeep\n|turn|89\n|\n|t:|1698717694\n|move|p1a: Alomomola|Wish|p1a: Alomomola\n|move|p2a: Blissey|Stealth Rock|p1a: Alomomola\n|-sidestart|p1: Drageen|move: Stealth Rock\n|\n|-heal|p1a: Alomomola|100\/100 brn|[from] item: Leftovers\n|-damage|p1a: Alomomola|94\/100 brn|[from] brn\n|upkeep\n|turn|90\n|\n|t:|1698717699\n|switch|p1a: Giratina|Giratina|18\/100\n|-damage|p1a: Giratina|6\/100|[from] Stealth Rock\n|-ability|p1a: Giratina|Pressure\n|switch|p2a: Giratina|Giratina|83\/100\n|-ability|p2a: Giratina|Pressure\n|\n|-heal|p1a: Giratina|59\/100|[from] move: Wish|[wisher] Alomomola\n|-heal|p2a: Giratina|89\/100|[from] item: Leftovers\n|-sideend|p1: Drageen|Reflect\n|upkeep\n|turn|91\n|j| Carloos\n|\n|t:|1698717707\n|move|p2a: Giratina|Protect|p2a: Giratina\n|-singleturn|p2a: Giratina|Protect\n|move|p1a: Giratina|Defog|p2a: Giratina\n|-activate|p2a: Giratina|move: Protect\n|\n|-heal|p2a: Giratina|95\/100|[from] item: Leftovers\n|-sideend|p1: Drageen|move: Light Screen\n|upkeep\n|turn|92\n|\n|t:|1698717715\n|move|p2a: Giratina|Will-O-Wisp|p1a: Giratina\n|-status|p1a: Giratina|brn\n|move|p1a: Giratina|Defog|p2a: Giratina\n|-unboost|p2a: Giratina|evasion|1\n|-sideend|p1: Drageen|Stealth Rock|[from] move: Defog|[of] p1a: Giratina\n|\n|-heal|p2a: Giratina|100\/100|[from] item: Leftovers\n|-damage|p1a: Giratina|53\/100 brn|[from] brn\n|upkeep\n|turn|93\n|\n|t:|1698717731\n|switch|p2a: Corviknight|Corviknight, F|94\/100\n|-ability|p2a: Corviknight|Pressure\n|switch|p1a: Alomomola|Alomomola, M|100\/100 brn\n|\n|-heal|p2a: Corviknight|99\/100|[from] item: Leftovers\n|-damage|p1a: Alomomola|94\/100 brn|[from] brn\n|upkeep\n|turn|94\n|\n|t:|1698717744\n|switch|p2a: Blissey|Blissey, F|77\/100\n|move|p1a: Alomomola|Scald|p2a: Blissey\n|-damage|p2a: Blissey|74\/100\n|\n|-heal|p1a: Alomomola|100\/100 brn|[from] item: Leftovers\n|-damage|p1a: Alomomola|94\/100 brn|[from] brn\n|upkeep\n|turn|95\n|j| ZowwyCafe\u2764\n|l| righteous light\n|l| ZowwyCafe\u2764\n|c|\u2606Future king of ou|2 more defogd\n|c|\u2606Future king of ou|Defogs\n|inactive|Drageen has 120 seconds left.\n|\n|t:|1698717777\n|switch|p1a: Baxcalibur|Baxcalibur, F|93\/100\n|move|p2a: Blissey|Stealth Rock|p1a: Baxcalibur\n|-sidestart|p1: Drageen|move: Stealth Rock\n|\n|upkeep\n|turn|96\n|\n|t:|1698717783\n|switch|p2a: Alomomola|Alomomola, M|100\/100\n|move|p1a: Baxcalibur|Scale Shot|p2a: Alomomola\n|-damage|p2a: Alomomola|93\/100\n|-damage|p2a: Alomomola|85\/100\n|-damage|p2a: Alomomola|77\/100\n|-damage|p2a: Alomomola|69\/100\n|-hitcount|p2a: Alomomola|4\n|-unboost|p1a: Baxcalibur|def|1\n|-boost|p1a: Baxcalibur|spe|1\n|\n|upkeep\n|turn|97\n|\n|t:|1698717790\n|switch|p1a: Alomomola|Alomomola, M|100\/100 brn\n|-damage|p1a: Alomomola|88\/100 brn|[from] Stealth Rock\n|move|p2a: Alomomola|Play Rough|p1a: Alomomola\n|-damage|p1a: Alomomola|80\/100 brn\n|\n|-heal|p1a: Alomomola|86\/100 brn|[from] item: Leftovers\n|-damage|p1a: Alomomola|80\/100 brn|[from] brn\n|upkeep\n|turn|98\n|\n|t:|1698717803\n|switch|p2a: Corviknight|Corviknight, F|99\/100\n|-ability|p2a: Corviknight|Pressure\n|move|p1a: Alomomola|Wish|p1a: Alomomola\n|\n|-heal|p2a: Corviknight|100\/100|[from] item: Leftovers\n|-heal|p1a: Alomomola|86\/100 brn|[from] item: Leftovers\n|-damage|p1a: Alomomola|80\/100 brn|[from] brn\n|upkeep\n|turn|99\n|c|\u2606Future king of ou|Ngl\n|c|\u2606Future king of ou|I should really add a knock off pokemon\n|c|\u2606Drageen|yeah\n|inactive|Drageen has 120 seconds left.\n|c|\u2606Future king of ou|Taka what would be a good option\n|c|\u2606Future king of ou|For knock off\n|c|\u2606Future king of ou|On stall\n|inactive|Future king of ou has 120 seconds left.\n|c|%Taka|uh\n|c|%Taka|gliscor i suppose\n|c|\u2606Future king of ou|Wait\n|inactive|Drageen has 90 seconds left.\n|c|\u2606Future king of ou|PEX learns knock off\n|c|\u2606Future king of ou|Lmao\n|inactive|Future king of ou has 90 seconds left.\n|c|%Taka|no\n|c|%Taka|it doesnt have it thisg en\n|c|\u2606Future king of ou|Oh\n|c|\u2606Future king of ou|Imagine\n|\n|t:|1698717881\n|switch|p2a: Blissey|Blissey, F|74\/100\n|switch|p1a: Calyrex|Calyrex-Ice|87\/100\n|-ability|p1a: Calyrex|As One\n|-ability|p1a: Calyrex|Unnerve\n|-damage|p1a: Calyrex|62\/100|[from] Stealth Rock\n|\n|-heal|p1a: Calyrex|100\/100|[from] move: Wish|[wisher] Alomomola\n|upkeep\n|turn|100\n|c|\u2606Future king of ou|Pressure stall is goated\n|j| ZowwyCafe\u2764\n|\n|t:|1698717898\n|switch|p2a: Alomomola|Alomomola, M|100\/100\n|move|p1a: Calyrex|Substitute|p1a: Calyrex\n|-start|p1a: Calyrex|Substitute\n|-damage|p1a: Calyrex|75\/100\n|\n|-heal|p1a: Calyrex|82\/100|[from] item: Leftovers\n|upkeep\n|turn|101\n|\n|t:|1698717905\n|move|p2a: Alomomola|Scald|p1a: Calyrex\n|-activate|p1a: Calyrex|move: Substitute|[damage]\n|move|p1a: Calyrex|Swords Dance|p1a: Calyrex\n|-boost|p1a: Calyrex|atk|2\n|\n|-heal|p1a: Calyrex|88\/100|[from] item: Leftovers\n|upkeep\n|turn|102\n|\n|t:|1698717911\n|switch|p2a: Dondozo|Dondozo, M|100\/100 slp\n|move|p1a: Calyrex|High Horsepower|p2a: Dondozo\n|-damage|p2a: Dondozo|84\/100 slp\n|\n|-heal|p1a: Calyrex|94\/100|[from] item: Leftovers\n|-heal|p2a: Dondozo|90\/100 slp|[from] item: Leftovers\n|upkeep\n|turn|103\n|\n|t:|1698717916\n|move|p1a: Calyrex|High Horsepower|p2a: Dondozo\n|-damage|p2a: Dondozo|72\/100 slp\n|cant|p2a: Dondozo|slp\n|\n|-heal|p1a: Calyrex|99\/100|[from] item: Leftovers\n|-heal|p2a: Dondozo|78\/100 slp|[from] item: Leftovers\n|upkeep\n|turn|104\n|\n|t:|1698717925\n|move|p1a: Calyrex|High Horsepower|p2a: Dondozo\n|-damage|p2a: Dondozo|62\/100 slp\n|cant|p2a: Dondozo|slp\n|\n|-heal|p1a: Calyrex|100\/100|[from] item: Leftovers\n|-heal|p2a: Dondozo|68\/100 slp|[from] item: Leftovers\n|upkeep\n|turn|105\n|\n|t:|1698717936\n|move|p1a: Calyrex|High Horsepower|p2a: Dondozo\n|-damage|p2a: Dondozo|51\/100 slp\n|-curestatus|p2a: Dondozo|slp|[msg]\n|move|p2a: Dondozo|Body Press|p1a: Calyrex\n|-end|p1a: Calyrex|Substitute\n|\n|-heal|p2a: Dondozo|57\/100|[from] item: Leftovers\n|upkeep\n|turn|106\n|inactive|Drageen has 60 seconds left.\n|\n|t:|1698717954\n|switch|p1a: Eternatus|Eternatus|86\/100\n|-damage|p1a: Eternatus|74\/100|[from] Stealth Rock\n|-ability|p1a: Eternatus|Pressure\n|move|p2a: Dondozo|Rest|p2a: Dondozo\n|-status|p2a: Dondozo|slp|[from] move: Rest\n|-heal|p2a: Dondozo|100\/100 slp|[silent]\n|\n|upkeep\n|turn|107\n|inactive|Drageen has 60 seconds left.\n|\n|t:|1698717963\n|switch|p2a: Corviknight|Corviknight, F|100\/100\n|-ability|p2a: Corviknight|Pressure\n|move|p1a: Eternatus|Recover|p1a: Eternatus\n|-heal|p1a: Eternatus|100\/100\n|\n|upkeep\n|turn|108\n|\n|t:|1698717968\n|switch|p2a: Blissey|Blissey, F|74\/100\n|move|p1a: Eternatus|Reflect|p1a: Eternatus\n|-sidestart|p1: Drageen|Reflect\n|\n|upkeep\n|turn|109\n|inactive|Drageen has 60 seconds left.\n|\n|t:|1698717983\n|switch|p1a: Zacian|Zacian-Crowned|100\/100\n|-damage|p1a: Zacian|94\/100|[from] Stealth Rock\n|switch|p2a: Corviknight|Corviknight, F|100\/100\n|-ability|p2a: Corviknight|Pressure\n|\n|upkeep\n|turn|110\n|\n|t:|1698717994\n|move|p1a: Zacian|Close Combat|p2a: Corviknight\n|-damage|p2a: Corviknight|73\/100\n|-unboost|p1a: Zacian|def|1\n|-unboost|p1a: Zacian|spd|1\n|move|p2a: Corviknight|U-turn|p1a: Zacian\n|-resisted|p1a: Zacian\n|-damage|p1a: Zacian|92\/100\n|\n|t:|1698717999\n|switch|p2a: Giratina|Giratina|100\/100|[from] U-turn\n|-ability|p2a: Giratina|Pressure\n|\n|upkeep\n|turn|111\n|\n|t:|1698718003\n|move|p1a: Zacian|Play Rough|p2a: Giratina\n|-supereffective|p2a: Giratina\n|-damage|p2a: Giratina|52\/100\n|move|p2a: Giratina|Will-O-Wisp|p1a: Zacian\n|-status|p1a: Zacian|brn\n|\n|-heal|p2a: Giratina|59\/100|[from] item: Leftovers\n|-damage|p1a: Zacian|85\/100 brn|[from] brn\n|upkeep\n|turn|112\n|inactive|Drageen has 60 seconds left.\n|\n|t:|1698718009\n|move|p2a: Giratina|Protect|p2a: Giratina\n|-singleturn|p2a: Giratina|Protect\n|move|p1a: Zacian|Play Rough|p2a: Giratina\n|-activate|p2a: Giratina|move: Protect\n|\n|-heal|p2a: Giratina|65\/100|[from] item: Leftovers\n|-damage|p1a: Zacian|79\/100 brn|[from] brn\n|upkeep\n|turn|113\n|\n|t:|1698718012\n|switch|p2a: Alomomola|Alomomola, M|100\/100\n|move|p1a: Zacian|Play Rough|p2a: Alomomola\n|-damage|p2a: Alomomola|86\/100\n|\n|-damage|p1a: Zacian|73\/100 brn|[from] brn\n|upkeep\n|turn|114\n|l|%Taka\n|inactive|Drageen has 60 seconds left.\n|\n|t:|1698718036\n|move|p1a: Zacian|Close Combat|p2a: Alomomola\n|-damage|p2a: Alomomola|74\/100\n|-unboost|p1a: Zacian|def|1\n|-unboost|p1a: Zacian|spd|1\n|move|p2a: Alomomola|Wish|p2a: Alomomola\n|\n|-damage|p1a: Zacian|67\/100 brn|[from] brn\n|upkeep\n|turn|115\n|\n|t:|1698718044\n|switch|p2a: Giratina|Giratina|65\/100\n|-ability|p2a: Giratina|Pressure\n|move|p1a: Zacian|Close Combat|p2a: Giratina\n|-immune|p2a: Giratina\n|\n|-heal|p2a: Giratina|100\/100|[from] move: Wish|[wisher] Alomomola\n|-damage|p1a: Zacian|61\/100 brn|[from] brn\n|-sideend|p1: Drageen|Reflect\n|upkeep\n|turn|116\n|\n|t:|1698718056\n|switch|p1a: Alomomola|Alomomola, M|100\/100 brn\n|-damage|p1a: Alomomola|88\/100 brn|[from] Stealth Rock\n|switch|p2a: Alomomola|Alomomola, M|100\/100\n|\n|-heal|p1a: Alomomola|94\/100 brn|[from] item: Leftovers\n|-damage|p1a: Alomomola|88\/100 brn|[from] brn\n|upkeep\n|turn|117\n|\n|t:|1698718080\n|switch|p2a: Giratina|Giratina|100\/100\n|-ability|p2a: Giratina|Pressure\n|move|p1a: Alomomola|Protect||[still]\n|-fail|p1a: Alomomola\n|\n|-heal|p1a: Alomomola|94\/100 brn|[from] item: Leftovers\n|-damage|p1a: Alomomola|88\/100 brn|[from] brn\n|upkeep\n|turn|118\n|inactive|Drageen has 30 seconds left.\n|\n|t:|1698718095\n|switch|p2a: Eternatus|Eternatus|97\/100\n|-ability|p2a: Eternatus|Pressure\n|move|p1a: Alomomola|Wish|p1a: Alomomola\n|\n|-heal|p1a: Alomomola|94\/100 brn|[from] item: Leftovers\n|-damage|p1a: Alomomola|88\/100 brn|[from] brn\n|upkeep\n|turn|119\n|inactive|Drageen has 30 seconds left.\n|\n|t:|1698718103\n|switch|p2a: Giratina|Giratina|100\/100\n|-ability|p2a: Giratina|Pressure\n|switch|p1a: Baxcalibur|Baxcalibur, F|93\/100\n|-damage|p1a: Baxcalibur|68\/100|[from] Stealth Rock\n|\n|-heal|p1a: Baxcalibur|100\/100|[from] move: Wish|[wisher] Alomomola\n|upkeep\n|turn|120\n|inactive|Drageen has 30 seconds left.\n|\n|t:|1698718108\n|move|p2a: Giratina|Protect|p2a: Giratina\n|-singleturn|p2a: Giratina|Protect\n|move|p1a: Baxcalibur|Scale Shot|p2a: Giratina\n|-activate|p2a: Giratina|move: Protect\n|\n|upkeep\n|turn|121\n|inactive|Drageen has 30 seconds left.\n|\n|t:|1698718121\n|switch|p2a: Alomomola|Alomomola, M|100\/100\n|move|p1a: Baxcalibur|Scale Shot|p2a: Alomomola|[miss]\n|-miss|p1a: Baxcalibur|p2a: Alomomola\n|\n|upkeep\n|turn|122\n|inactive|Drageen has 30 seconds left.\n|c|\u2606Drageen|hm\n|\n|t:|1698718130\n|switch|p1a: Giratina|Giratina|53\/100 brn\n|-damage|p1a: Giratina|41\/100 brn|[from] Stealth Rock\n|-ability|p1a: Giratina|Pressure\n|switch|p2a: Dondozo|Dondozo, M|100\/100 slp\n|\n|-damage|p1a: Giratina|34\/100 brn|[from] brn\n|upkeep\n|turn|123\n|\n|t:|1698718135\n|switch|p2a: Giratina|Giratina|100\/100\n|-ability|p2a: Giratina|Pressure\n|move|p1a: Giratina|Defog|p2a: Giratina\n|-unboost|p2a: Giratina|evasion|1\n|-sideend|p1: Drageen|Stealth Rock|[from] move: Defog|[of] p1a: Giratina\n|\n|-damage|p1a: Giratina|28\/100 brn|[from] brn\n|upkeep\n|turn|124\n|inactive|Drageen has 30 seconds left.\n|\n|t:|1698718145\n|switch|p2a: Blissey|Blissey, F|74\/100\n|switch|p1a: Baxcalibur|Baxcalibur, F|100\/100\n|\n|upkeep\n|turn|125\n|inactive|Drageen has 30 seconds left.\n|\n|t:|1698718152\n|switch|p2a: Alomomola|Alomomola, M|100\/100\n|move|p1a: Baxcalibur|Swords Dance|p1a: Baxcalibur\n|-boost|p1a: Baxcalibur|atk|2\n|\n|upkeep\n|turn|126\n|\n|t:|1698718156\n|move|p2a: Alomomola|Protect|p2a: Alomomola\n|-singleturn|p2a: Alomomola|Protect\n|move|p1a: Baxcalibur|Scale Shot|p2a: Alomomola\n|-activate|p2a: Alomomola|move: Protect\n|\n|upkeep\n|turn|127\n|\n|t:|1698718159\n|switch|p2a: Dondozo|Dondozo, M|100\/100 slp\n|move|p1a: Baxcalibur|Scale Shot|p2a: Dondozo\n|-damage|p2a: Dondozo|94\/100 slp\n|-damage|p2a: Dondozo|88\/100 slp\n|-damage|p2a: Dondozo|81\/100 slp\n|-damage|p2a: Dondozo|75\/100 slp\n|-hitcount|p2a: Dondozo|4\n|-unboost|p1a: Baxcalibur|def|1\n|-boost|p1a: Baxcalibur|spe|1\n|\n|-heal|p2a: Dondozo|81\/100 slp|[from] item: Leftovers\n|upkeep\n|turn|128\n|\n|t:|1698718165\n|move|p1a: Baxcalibur|Scale Shot|p2a: Dondozo\n|-damage|p2a: Dondozo|75\/100 slp\n|-damage|p2a: Dondozo|68\/100 slp\n|-damage|p2a: Dondozo|62\/100 slp\n|-damage|p2a: Dondozo|56\/100 slp\n|-damage|p2a: Dondozo|50\/100 slp\n|-hitcount|p2a: Dondozo|5\n|-unboost|p1a: Baxcalibur|def|1\n|-boost|p1a: Baxcalibur|spe|1\n|cant|p2a: Dondozo|slp\n|move|p2a: Dondozo|Sleep Talk|p2a: Dondozo\n|move|p2a: Dondozo|Rest||[from]move: Sleep Talk|[still]\n|-fail|p2a: Dondozo\n|\n|-heal|p2a: Dondozo|56\/100 slp|[from] item: Leftovers\n|upkeep\n|turn|129\n|\n|t:|1698718177\n|-terastallize|p2a: Dondozo|Fairy\n|move|p1a: Baxcalibur|Scale Shot|p2a: Dondozo\n|-immune|p2a: Dondozo\n|cant|p2a: Dondozo|slp\n|move|p2a: Dondozo|Sleep Talk|p2a: Dondozo\n|move|p2a: Dondozo|Avalanche|p1a: Baxcalibur|[from]move: Sleep Talk\n|-damage|p1a: Baxcalibur|87\/100\n|\n|-heal|p2a: Dondozo|62\/100 slp|[from] item: Leftovers\n|upkeep\n|turn|130\n|\n|t:|1698718186\n|-terastallize|p1a: Baxcalibur|Ground\n|move|p1a: Baxcalibur|Earthquake|p2a: Dondozo\n|-damage|p2a: Dondozo|36\/100 slp\n|-curestatus|p2a: Dondozo|slp|[msg]\n|move|p2a: Dondozo|Body Press|p1a: Baxcalibur\n|-damage|p1a: Baxcalibur|60\/100\n|\n|-heal|p2a: Dondozo|43\/100|[from] item: Leftovers\n|upkeep\n|turn|131\n|\n|t:|1698718192\n|move|p1a: Baxcalibur|Earthquake|p2a: Dondozo\n|-damage|p2a: Dondozo|17\/100\n|move|p2a: Dondozo|Rest|p2a: Dondozo\n|-status|p2a: Dondozo|slp|[from] move: Rest\n|-heal|p2a: Dondozo|100\/100 slp|[silent]\n|\n|upkeep\n|turn|132\n|\n|t:|1698718201\n|switch|p1a: Calyrex|Calyrex-Ice|100\/100\n|-ability|p1a: Calyrex|As One\n|-ability|p1a: Calyrex|Unnerve\n|cant|p2a: Dondozo|slp\n|move|p2a: Dondozo|Sleep Talk|p2a: Dondozo\n|move|p2a: Dondozo|Body Press|p1a: Calyrex|[from]move: Sleep Talk\n|-crit|p1a: Calyrex\n|-damage|p1a: Calyrex|77\/100\n|\n|-heal|p1a: Calyrex|84\/100|[from] item: Leftovers\n|upkeep\n|turn|133\n|j| Tier Acid\n|l| Carloos\n|\n|t:|1698718211\n|move|p1a: Calyrex|Substitute|p1a: Calyrex\n|-start|p1a: Calyrex|Substitute\n|-damage|p1a: Calyrex|59\/100\n|cant|p2a: Dondozo|slp\n|move|p2a: Dondozo|Sleep Talk|p2a: Dondozo\n|move|p2a: Dondozo|Avalanche|p1a: Calyrex|[from]move: Sleep Talk\n|-resisted|p1a: Calyrex\n|-activate|p1a: Calyrex|move: Substitute|[damage]\n|\n|-heal|p1a: Calyrex|65\/100|[from] item: Leftovers\n|upkeep\n|turn|134\n|l| ZowwyCafe\u2764\n|\n|t:|1698718216\n|move|p1a: Calyrex|Glacial Lance|p2a: Dondozo\n|-damage|p2a: Dondozo|68\/100 slp\n|-curestatus|p2a: Dondozo|slp|[msg]\n|move|p2a: Dondozo|Body Press|p1a: Calyrex\n|-activate|p1a: Calyrex|move: Substitute|[damage]\n|\n|-heal|p1a: Calyrex|71\/100|[from] item: Leftovers\n|-heal|p2a: Dondozo|74\/100|[from] item: Leftovers\n|upkeep\n|turn|135\n|\n|t:|1698718223\n|move|p1a: Calyrex|Glacial Lance|p2a: Dondozo\n|-damage|p2a: Dondozo|43\/100\n|move|p2a: Dondozo|Body Press|p1a: Calyrex\n|-end|p1a: Calyrex|Substitute\n|\n|-heal|p1a: Calyrex|77\/100|[from] item: Leftovers\n|-heal|p2a: Dondozo|49\/100|[from] item: Leftovers\n|upkeep\n|turn|136\n|\n|t:|1698718234\n|switch|p1a: Eternatus|Eternatus|100\/100\n|-ability|p1a: Eternatus|Pressure\n|move|p2a: Dondozo|Rest|p2a: Dondozo\n|-status|p2a: Dondozo|slp|[from] move: Rest\n|-heal|p2a: Dondozo|100\/100 slp|[silent]\n|\n|upkeep\n|turn|137\n|\n|t:|1698718238\n|move|p1a: Eternatus|Reflect|p1a: Eternatus\n|-sidestart|p1: Drageen|Reflect\n|cant|p2a: Dondozo|slp\n|move|p2a: Dondozo|Sleep Talk|p2a: Dondozo\n|move|p2a: Dondozo|Rest||[from]move: Sleep Talk|[still]\n|-fail|p2a: Dondozo\n|\n|upkeep\n|turn|138\n|\n|t:|1698718245\n|move|p1a: Eternatus|Light Screen|p1a: Eternatus\n|-sidestart|p1: Drageen|move: Light Screen\n|cant|p2a: Dondozo|slp\n|\n|upkeep\n|turn|139\n|\n|t:|1698718255\n|switch|p1a: Zacian|Zacian-Crowned|61\/100 brn\n|switch|p2a: Giratina|Giratina|100\/100\n|-ability|p2a: Giratina|Pressure\n|\n|-damage|p1a: Zacian|55\/100 brn|[from] brn\n|upkeep\n|turn|140\n|\n|t:|1698718259\n|switch|p2a: Corviknight|Corviknight, F|73\/100\n|-ability|p2a: Corviknight|Pressure\n|move|p1a: Zacian|Play Rough|p2a: Corviknight|[miss]\n|-miss|p1a: Zacian|p2a: Corviknight\n|\n|-heal|p2a: Corviknight|79\/100|[from] item: Leftovers\n|-damage|p1a: Zacian|48\/100 brn|[from] brn\n|upkeep\n|turn|141\n|\n|t:|1698718273\n|move|p1a: Zacian|Close Combat|p2a: Corviknight\n|-damage|p2a: Corviknight|66\/100\n|-unboost|p1a: Zacian|def|1\n|-unboost|p1a: Zacian|spd|1\n|move|p2a: Corviknight|U-turn|p1a: Zacian\n|-resisted|p1a: Zacian\n|-damage|p1a: Zacian|46\/100 brn\n|\n|t:|1698718281\n|switch|p2a: Eternatus|Eternatus|97\/100|[from] U-turn\n|-ability|p2a: Eternatus|Pressure\n|\n|-damage|p1a: Zacian|40\/100 brn|[from] brn\n|upkeep\n|turn|142\n|\n|t:|1698718291\n|switch|p1a: Alomomola|Alomomola, M|100\/100 brn\n|move|p2a: Eternatus|Toxic Spikes|p1a: Alomomola\n|-sidestart|p1: Drageen|move: Toxic Spikes\n|\n|-damage|p1a: Alomomola|94\/100 brn|[from] brn\n|upkeep\n|turn|143\n|\n|t:|1698718297\n|switch|p2a: Giratina|Giratina|100\/100\n|-ability|p2a: Giratina|Pressure\n|move|p1a: Alomomola|Wish|p1a: Alomomola\n|\n|-heal|p1a: Alomomola|100\/100 brn|[from] item: Leftovers\n|-damage|p1a: Alomomola|94\/100 brn|[from] brn\n|upkeep\n|turn|144\n|\n|t:|1698718303\n|switch|p1a: Eternatus|Eternatus|100\/100\n|-sideend|p1: Drageen|move: Toxic Spikes|[of] p1a: Eternatus\n|-ability|p1a: Eternatus|Pressure\n|move|p2a: Giratina|Will-O-Wisp|p1a: Eternatus\n|-status|p1a: Eternatus|brn\n|\n|-damage|p1a: Eternatus|94\/100 brn|[from] brn\n|-sideend|p1: Drageen|Reflect\n|upkeep\n|turn|145\n|inactive|Drageen has 60 seconds left.\n|\n|t:|1698718313\n|switch|p2a: Corviknight|Corviknight, F|66\/100\n|-ability|p2a: Corviknight|Pressure\n|move|p1a: Eternatus|Dynamax Cannon|p2a: Corviknight\n|-resisted|p2a: Corviknight\n|-damage|p2a: Corviknight|41\/100\n|\n|-heal|p2a: Corviknight|47\/100|[from] item: Leftovers\n|-damage|p1a: Eternatus|88\/100 brn|[from] brn\n|-sideend|p1: Drageen|move: Light Screen\n|upkeep\n|turn|146\n|inactive|Drageen has 60 seconds left.\n|\n|t:|1698718323\n|move|p1a: Eternatus|Reflect|p1a: Eternatus\n|-sidestart|p1: Drageen|Reflect\n|move|p2a: Corviknight|Roost|p2a: Corviknight\n|-heal|p2a: Corviknight|97\/100\n|-singleturn|p2a: Corviknight|move: Roost\n|\n|-heal|p2a: Corviknight|100\/100|[from] item: Leftovers\n|-damage|p1a: Eternatus|82\/100 brn|[from] brn\n|upkeep\n|turn|147\n|\n|t:|1698718328\n|move|p1a: Eternatus|Light Screen|p1a: Eternatus\n|-sidestart|p1: Drageen|move: Light Screen\n|move|p2a: Corviknight|U-turn|p1a: Eternatus\n|-resisted|p1a: Eternatus\n|-damage|p1a: Eternatus|79\/100 brn\n|\n|t:|1698718331\n|switch|p2a: Eternatus|Eternatus|97\/100|[from] U-turn\n|-ability|p2a: Eternatus|Pressure\n|\n|-damage|p1a: Eternatus|73\/100 brn|[from] brn\n|upkeep\n|turn|148\n|\n|t:|1698718338\n|switch|p1a: Calyrex|Calyrex-Ice|77\/100\n|-ability|p1a: Calyrex|As One\n|-ability|p1a: Calyrex|Unnerve\n|switch|p2a: Corviknight|Corviknight, F|100\/100\n|-ability|p2a: Corviknight|Pressure\n|\n|-heal|p1a: Calyrex|83\/100|[from] item: Leftovers\n|upkeep\n|turn|149\n|\n|t:|1698718346\n|move|p2a: Corviknight|Body Press|p1a: Calyrex\n|-damage|p1a: Calyrex|77\/100\n|move|p1a: Calyrex|Substitute|p1a: Calyrex\n|-start|p1a: Calyrex|Substitute\n|-damage|p1a: Calyrex|52\/100\n|\n|-heal|p1a: Calyrex|58\/100|[from] item: Leftovers\n|upkeep\n|turn|150\n|j| ZowwyCafe\u2764\n|\n|t:|1698718353\n|move|p2a: Corviknight|U-turn|p1a: Calyrex\n|-supereffective|p1a: Calyrex\n|-activate|p1a: Calyrex|move: Substitute|[damage]\n|\n|t:|1698718355\n|switch|p2a: Dondozo|Dondozo, M, tera:Fairy|100\/100 slp|[from] U-turn\n|move|p1a: Calyrex|Swords Dance|p1a: Calyrex\n|-boost|p1a: Calyrex|atk|2\n|\n|-heal|p1a: Calyrex|64\/100|[from] item: Leftovers\n|upkeep\n|turn|151\n|\n|t:|1698718362\n|move|p1a: Calyrex|High Horsepower|p2a: Dondozo\n|-damage|p2a: Dondozo|84\/100 slp\n|-curestatus|p2a: Dondozo|slp|[msg]\n|move|p2a: Dondozo|Body Press|p1a: Calyrex\n|-activate|p1a: Calyrex|move: Substitute|[damage]\n|\n|-heal|p1a: Calyrex|70\/100|[from] item: Leftovers\n|-heal|p2a: Dondozo|90\/100|[from] item: Leftovers\n|upkeep\n|turn|152\n|\n|t:|1698718371\n|move|p1a: Calyrex|High Horsepower|p2a: Dondozo\n|-damage|p2a: Dondozo|73\/100\n|move|p2a: Dondozo|Body Press|p1a: Calyrex\n|-end|p1a: Calyrex|Substitute\n|\n|-heal|p1a: Calyrex|76\/100|[from] item: Leftovers\n|-heal|p2a: Dondozo|79\/100|[from] item: Leftovers\n|upkeep\n|turn|153\n|\n|t:|1698718382\n|switch|p2a: Alomomola|Alomomola, M|100\/100\n|move|p1a: Calyrex|Substitute|p1a: Calyrex\n|-start|p1a: Calyrex|Substitute\n|-damage|p1a: Calyrex|51\/100\n|\n|-heal|p1a: Calyrex|58\/100|[from] item: Leftovers\n|-sideend|p1: Drageen|Reflect\n|upkeep\n|turn|154\n|\n|t:|1698718389\n|move|p2a: Alomomola|Wish|p2a: Alomomola\n|move|p1a: Calyrex|High Horsepower|p2a: Alomomola\n|-damage|p2a: Alomomola|58\/100\n|\n|-heal|p1a: Calyrex|64\/100|[from] item: Leftovers\n|-sideend|p1: Drageen|move: Light Screen\n|upkeep\n|turn|155\n|\n|t:|1698718396\n|switch|p1a: Baxcalibur|Baxcalibur, F, tera:Ground|60\/100\n|move|p2a: Alomomola|Protect||[still]\n|-fail|p2a: Alomomola\n|\n|-heal|p2a: Alomomola|100\/100|[from] move: Wish|[wisher] Alomomola\n|upkeep\n|turn|156\n|\n|t:|1698718410\n|switch|p1a: Eternatus|Eternatus|73\/100 brn\n|-ability|p1a: Eternatus|Pressure\n|move|p2a: Alomomola|Scald|p1a: Eternatus\n|-resisted|p1a: Eternatus\n|-damage|p1a: Eternatus|68\/100 brn\n|\n|-damage|p1a: Eternatus|62\/100 brn|[from] brn\n|upkeep\n|turn|157\n|\n|t:|1698718417\n|switch|p2a: Corviknight|Corviknight, F|100\/100\n|-ability|p2a: Corviknight|Pressure\n|move|p1a: Eternatus|Light Screen|p1a: Eternatus\n|-sidestart|p1: Drageen|move: Light Screen\n|\n|-damage|p1a: Eternatus|56\/100 brn|[from] brn\n|upkeep\n|turn|158\n|\n|t:|1698718420\n|switch|p2a: Blissey|Blissey, F|74\/100\n|move|p1a: Eternatus|Reflect|p1a: Eternatus\n|-sidestart|p1: Drageen|Reflect\n|\n|-damage|p1a: Eternatus|50\/100 brn|[from] brn\n|upkeep\n|turn|159\n|j|%Taka\n|\n|t:|1698718423\n|move|p1a: Eternatus|Recover|p1a: Eternatus\n|-heal|p1a: Eternatus|99\/100 brn\n|move|p2a: Blissey|Stealth Rock|p1a: Eternatus\n|-sidestart|p1: Drageen|move: Stealth Rock\n|\n|-damage|p1a: Eternatus|94\/100 brn|[from] brn\n|upkeep\n|turn|160\n|l|%Taka\n|inactive|Drageen has 90 seconds left.\n|\n|t:|1698718433\n|switch|p1a: Giratina|Giratina|28\/100 brn\n|-damage|p1a: Giratina|16\/100 brn|[from] Stealth Rock\n|-ability|p1a: Giratina|Pressure\n|switch|p2a: Corviknight|Corviknight, F|100\/100\n|-ability|p2a: Corviknight|Pressure\n|\n|-damage|p1a: Giratina|10\/100 brn|[from] brn\n|upkeep\n|turn|161\n|\n|t:|1698718438\n|move|p1a: Giratina|Defog|p2a: Corviknight\n|-unboost|p2a: Corviknight|evasion|1\n|-sideend|p1: Drageen|Stealth Rock|[from] move: Defog|[of] p1a: Giratina\n|move|p2a: Corviknight|U-turn|p1a: Giratina\n|-resisted|p1a: Giratina\n|-damage|p1a: Giratina|8\/100 brn\n|\n|t:|1698718440\n|switch|p2a: Blissey|Blissey, F|74\/100|[from] U-turn\n|\n|-damage|p1a: Giratina|2\/100 brn|[from] brn\n|upkeep\n|turn|162\n|\n|t:|1698718448\n|move|p2a: Blissey|Stealth Rock|p1a: Giratina\n|-sidestart|p1: Drageen|move: Stealth Rock\n|move|p1a: Giratina|Roar|p2a: Blissey\n|drag|p2a: Giratina|Giratina|100\/100\n|-ability|p2a: Giratina|Pressure\n|\n|-damage|p1a: Giratina|0 fnt|[from] brn\n|faint|p1a: Giratina\n|upkeep\n|inactive|Drageen has 90 seconds left.\n|\n|t:|1698718459\n|switch|p1a: Baxcalibur|Baxcalibur, F, tera:Ground|60\/100\n|-damage|p1a: Baxcalibur|54\/100|[from] Stealth Rock\n|turn|163\n|inactive|Drageen has 90 seconds left.\n|\n|t:|1698718464\n|move|p2a: Giratina|Protect|p2a: Giratina\n|-singleturn|p2a: Giratina|Protect\n|move|p1a: Baxcalibur|Icicle Crash|p2a: Giratina\n|-activate|p2a: Giratina|move: Protect\n|\n|upkeep\n|turn|164\n|inactive|Drageen has 90 seconds left.\n|\n|t:|1698718470\n|switch|p2a: Alomomola|Alomomola, M|100\/100\n|move|p1a: Baxcalibur|Scale Shot|p2a: Alomomola\n|-damage|p2a: Alomomola|93\/100\n|-damage|p2a: Alomomola|85\/100\n|-damage|p2a: Alomomola|77\/100\n|-damage|p2a: Alomomola|69\/100\n|-damage|p2a: Alomomola|61\/100\n|-hitcount|p2a: Alomomola|5\n|-unboost|p1a: Baxcalibur|def|1\n|-boost|p1a: Baxcalibur|spe|1\n|\n|-sideend|p1: Drageen|move: Light Screen\n|upkeep\n|turn|165\n|inactive|Drageen has 90 seconds left.\n|\n|t:|1698718479\n|switch|p1a: Eternatus|Eternatus|94\/100 brn\n|-damage|p1a: Eternatus|81\/100 brn|[from] Stealth Rock\n|-ability|p1a: Eternatus|Pressure\n|move|p2a: Alomomola|Wish|p2a: Alomomola\n|\n|-damage|p1a: Eternatus|75\/100 brn|[from] brn\n|-sideend|p1: Drageen|Reflect\n|upkeep\n|turn|166\n|inactive|Drageen has 90 seconds left.\n|\n|t:|1698718484\n|switch|p2a: Corviknight|Corviknight, F|100\/100\n|-ability|p2a: Corviknight|Pressure\n|move|p1a: Eternatus|Light Screen|p1a: Eternatus\n|-sidestart|p1: Drageen|move: Light Screen\n|\n|-damage|p1a: Eternatus|69\/100 brn|[from] brn\n|upkeep\n|turn|167\n|\n|t:|1698718489\n|switch|p2a: Eternatus|Eternatus|97\/100\n|-ability|p2a: Eternatus|Pressure\n|move|p1a: Eternatus|Reflect|p1a: Eternatus\n|-sidestart|p1: Drageen|Reflect\n|\n|-damage|p1a: Eternatus|63\/100 brn|[from] brn\n|upkeep\n|turn|168\n|\n|t:|1698718494\n|switch|p2a: Corviknight|Corviknight, F|100\/100\n|-ability|p2a: Corviknight|Pressure\n|move|p1a: Eternatus|Dynamax Cannon|p2a: Corviknight\n|-resisted|p2a: Corviknight\n|-damage|p2a: Corviknight|79\/100\n|\n|-heal|p2a: Corviknight|85\/100|[from] item: Leftovers\n|-damage|p1a: Eternatus|56\/100 brn|[from] brn\n|upkeep\n|turn|169\n|\n|t:|1698718498\n|move|p1a: Eternatus|Recover|p1a: Eternatus\n|-heal|p1a: Eternatus|100\/100 brn\n|move|p2a: Corviknight|U-turn|p1a: Eternatus\n|-resisted|p1a: Eternatus\n|-damage|p1a: Eternatus|98\/100 brn\n|\n|t:|1698718500\n|switch|p2a: Eternatus|Eternatus|97\/100|[from] U-turn\n|-ability|p2a: Eternatus|Pressure\n|\n|-damage|p1a: Eternatus|92\/100 brn|[from] brn\n|upkeep\n|turn|170\n|\n|t:|1698718507\n|switch|p1a: Alomomola|Alomomola, M|100\/100 brn\n|-damage|p1a: Alomomola|88\/100 brn|[from] Stealth Rock\n|move|p2a: Eternatus|Dragon Tail|p1a: Alomomola\n|-damage|p1a: Alomomola|84\/100 brn\n|drag|p1a: Zacian|Zacian-Crowned|40\/100 brn\n|-damage|p1a: Zacian|34\/100 brn|[from] Stealth Rock\n|\n|-damage|p1a: Zacian|28\/100 brn|[from] brn\n|upkeep\n|turn|171\n|\n|t:|1698718514\n|move|p1a: Zacian|Play Rough|p2a: Eternatus\n|-damage|p2a: Eternatus|77\/100\n|move|p2a: Eternatus|Toxic Spikes|p1a: Zacian\n|-sidestart|p1: Drageen|move: Toxic Spikes\n|\n|-damage|p1a: Zacian|21\/100 brn|[from] brn\n|upkeep\n|turn|172\n|\n|t:|1698718521\n|switch|p2a: Corviknight|Corviknight, F|85\/100\n|-ability|p2a: Corviknight|Pressure\n|move|p1a: Zacian|Play Rough|p2a: Corviknight\n|-resisted|p2a: Corviknight\n|-damage|p2a: Corviknight|77\/100\n|\n|-heal|p2a: Corviknight|83\/100|[from] item: Leftovers\n|-damage|p1a: Zacian|15\/100 brn|[from] brn\n|upkeep\n|turn|173\n|\n|t:|1698718532\n|move|p1a: Zacian|Play Rough|p2a: Corviknight\n|-resisted|p2a: Corviknight\n|-damage|p2a: Corviknight|76\/100\n|move|p2a: Corviknight|U-turn|p1a: Zacian\n|-resisted|p1a: Zacian\n|-damage|p1a: Zacian|14\/100 brn\n|\n|t:|1698718540\n|switch|p2a: Alomomola|Alomomola, M|94\/100|[from] U-turn\n|\n|-damage|p1a: Zacian|8\/100 brn|[from] brn\n|-sideend|p1: Drageen|move: Light Screen\n|upkeep\n|turn|174\n|\n|t:|1698718554\n|switch|p1a: Eternatus|Eternatus|92\/100 brn\n|-damage|p1a: Eternatus|80\/100 brn|[from] Stealth Rock\n|-sideend|p1: Drageen|move: Toxic Spikes|[of] p1a: Eternatus\n|-ability|p1a: Eternatus|Pressure\n|switch|p2a: Eternatus|Eternatus|77\/100\n|-ability|p2a: Eternatus|Pressure\n|\n|-damage|p1a: Eternatus|73\/100 brn|[from] brn\n|-sideend|p1: Drageen|Reflect\n|upkeep\n|turn|175\n|\n|t:|1698718560\n|move|p1a: Eternatus|Recover|p1a: Eternatus\n|-heal|p1a: Eternatus|100\/100 brn\n|move|p2a: Eternatus|Recover|p2a: Eternatus\n|-heal|p2a: Eternatus|100\/100\n|\n|-damage|p1a: Eternatus|94\/100 brn|[from] brn\n|upkeep\n|turn|176\n|\n|t:|1698718565\n|move|p1a: Eternatus|Reflect|p1a: Eternatus\n|-sidestart|p1: Drageen|Reflect\n|move|p2a: Eternatus|Dragon Tail|p1a: Eternatus|[miss]\n|-miss|p2a: Eternatus|p1a: Eternatus\n|\n|-damage|p1a: Eternatus|88\/100 brn|[from] brn\n|upkeep\n|turn|177\n|\n|t:|1698718569\n|move|p2a: Eternatus|Protect|p2a: Eternatus\n|-singleturn|p2a: Eternatus|Protect\n|move|p1a: Eternatus|Dynamax Cannon|p2a: Eternatus\n|-activate|p2a: Eternatus|move: Protect\n|\n|-damage|p1a: Eternatus|82\/100 brn|[from] brn\n|upkeep\n|turn|178\n|\n|t:|1698718573\n|move|p1a: Eternatus|Light Screen|p1a: Eternatus\n|-sidestart|p1: Drageen|move: Light Screen\n|move|p2a: Eternatus|Dragon Tail|p1a: Eternatus\n|-supereffective|p1a: Eternatus\n|-crit|p1a: Eternatus\n|-damage|p1a: Eternatus|44\/100 brn\n|drag|p1a: Baxcalibur|Baxcalibur, F, tera:Ground|54\/100\n|-damage|p1a: Baxcalibur|47\/100|[from] Stealth Rock\n|\n|upkeep\n|turn|179\n|inactive|Drageen has 120 seconds left.\n|\n|t:|1698718579\n|switch|p2a: Alomomola|Alomomola, M|100\/100\n|move|p1a: Baxcalibur|Scale Shot|p2a: Alomomola\n|-damage|p2a: Alomomola|93\/100\n|-damage|p2a: Alomomola|86\/100\n|-damage|p2a: Alomomola|77\/100\n|-damage|p2a: Alomomola|70\/100\n|-hitcount|p2a: Alomomola|4\n|-unboost|p1a: Baxcalibur|def|1\n|-boost|p1a: Baxcalibur|spe|1\n|\n|upkeep\n|turn|180\n|\n|t:|1698718584\n|move|p1a: Baxcalibur|Scale Shot|p2a: Alomomola\n|-damage|p2a: Alomomola|62\/100\n|-damage|p2a: Alomomola|53\/100\n|-damage|p2a: Alomomola|46\/100\n|-damage|p2a: Alomomola|38\/100\n|-hitcount|p2a: Alomomola|4\n|-unboost|p1a: Baxcalibur|def|1\n|-boost|p1a: Baxcalibur|spe|1\n|move|p2a: Alomomola|Scald|p1a: Baxcalibur\n|-supereffective|p1a: Baxcalibur\n|-crit|p1a: Baxcalibur\n|-damage|p1a: Baxcalibur|3\/100\n|\n|upkeep\n|turn|181\n|inactive|Drageen has 120 seconds left.\n|\n|t:|1698718604\n|move|p2a: Alomomola|Protect|p2a: Alomomola\n|-singleturn|p2a: Alomomola|Protect\n|move|p1a: Baxcalibur|Scale Shot|p2a: Alomomola\n|-activate|p2a: Alomomola|move: Protect\n|\n|upkeep\n|turn|182\n|\n|t:|1698718611\n|switch|p2a: Dondozo|Dondozo, M, tera:Fairy|79\/100\n|move|p1a: Baxcalibur|Scale Shot|p2a: Dondozo\n|-immune|p2a: Dondozo\n|\n|-heal|p2a: Dondozo|85\/100|[from] item: Leftovers\n|upkeep\n|turn|183\n|\n|t:|1698718616\n|switch|p2a: Alomomola|Alomomola, M|71\/100\n|move|p1a: Baxcalibur|Earthquake|p2a: Alomomola\n|-damage|p2a: Alomomola|38\/100\n|\n|-sideend|p1: Drageen|Reflect\n|upkeep\n|turn|184\n|\n|t:|1698718621\n|switch|p2a: Dondozo|Dondozo, M, tera:Fairy|85\/100\n|move|p1a: Baxcalibur|Earthquake|p2a: Dondozo\n|-damage|p2a: Dondozo|61\/100\n|\n|-heal|p2a: Dondozo|67\/100|[from] item: Leftovers\n|upkeep\n|turn|185\n|\n|t:|1698718626\n|move|p1a: Baxcalibur|Earthquake|p2a: Dondozo\n|-damage|p2a: Dondozo|41\/100\n|move|p2a: Dondozo|Rest|p2a: Dondozo\n|-status|p2a: Dondozo|slp|[from] move: Rest\n|-heal|p2a: Dondozo|100\/100 slp|[silent]\n|\n|-sideend|p1: Drageen|move: Light Screen\n|upkeep\n|turn|186\n|\n|t:|1698718628\n|move|p1a: Baxcalibur|Earthquake|p2a: Dondozo\n|-damage|p2a: Dondozo|77\/100 slp\n|cant|p2a: Dondozo|slp\n|move|p2a: Dondozo|Sleep Talk|p2a: Dondozo\n|move|p2a: Dondozo|Rest||[from]move: Sleep Talk|[still]\n|-fail|p2a: Dondozo\n|\n|-heal|p2a: Dondozo|83\/100 slp|[from] item: Leftovers\n|upkeep\n|turn|187\n|\n|t:|1698718635\n|switch|p1a: Zacian|Zacian-Crowned|8\/100 brn\n|-damage|p1a: Zacian|1\/100 brn|[from] Stealth Rock\n|cant|p2a: Dondozo|slp\n|move|p2a: Dondozo|Sleep Talk|p2a: Dondozo\n|move|p2a: Dondozo|Rest||[from]move: Sleep Talk|[still]\n|-fail|p2a: Dondozo\n|\n|-heal|p2a: Dondozo|89\/100 slp|[from] item: Leftovers\n|-damage|p1a: Zacian|0 fnt|[from] brn\n|faint|p1a: Zacian\n|upkeep\n|j|%Taka\n|\n|t:|1698718647\n|switch|p1a: Baxcalibur|Baxcalibur, F, tera:Ground|3\/100\n|-damage|p1a: Baxcalibur|0 fnt|[from] Stealth Rock\n|faint|p1a: Baxcalibur\n|\n|t:|1698718656\n|switch|p1a: Alomomola|Alomomola, M|100\/100 brn\n|-damage|p1a: Alomomola|88\/100 brn|[from] Stealth Rock\n|turn|188\n|inactive|Drageen has 120 seconds left.\n|c|\u2606Future king of ou|This is such a fun battle\n|c|\u2606Future king of ou|:)\n|\n|t:|1698718675\n|switch|p2a: Corviknight|Corviknight, F|76\/100\n|-ability|p2a: Corviknight|Pressure\n|move|p1a: Alomomola|Wish|p1a: Alomomola\n|\n|-heal|p2a: Corviknight|82\/100|[from] item: Leftovers\n|-heal|p1a: Alomomola|94\/100 brn|[from] item: Leftovers\n|-damage|p1a: Alomomola|88\/100 brn|[from] brn\n|upkeep\n|turn|189\n|c|\u2606Drageen|ikr\n|inactive|Drageen has 120 seconds left.\n|c|\u2606Drageen|gg\n|\n|t:|1698718689\n|switch|p1a: Calyrex|Calyrex-Ice|64\/100\n|-ability|p1a: Calyrex|As One\n|-ability|p1a: Calyrex|Unnerve\n|-damage|p1a: Calyrex|39\/100|[from] Stealth Rock\n|move|p2a: Corviknight|U-turn|p1a: Calyrex\n|-supereffective|p1a: Calyrex\n|-damage|p1a: Calyrex|22\/100\n|l|+corvere\u2665\n|\n|t:|1698718698\n|switch|p2a: Alomomola|Alomomola, M|71\/100|[from] U-turn\n|\n|-heal|p1a: Calyrex|88\/100|[from] move: Wish|[wisher] Alomomola\n|-heal|p1a: Calyrex|94\/100|[from] item: Leftovers\n|upkeep\n|turn|190\n|\n|t:|1698718705\n|move|p2a: Alomomola|Scald|p1a: Calyrex\n|-damage|p1a: Calyrex|87\/100\n|move|p1a: Calyrex|Substitute|p1a: Calyrex\n|-start|p1a: Calyrex|Substitute\n|-damage|p1a: Calyrex|62\/100\n|\n|-heal|p1a: Calyrex|68\/100|[from] item: Leftovers\n|upkeep\n|turn|191\n|\n|t:|1698718710\n|switch|p2a: Dondozo|Dondozo, M, tera:Fairy|89\/100 slp\n|move|p1a: Calyrex|Swords Dance|p1a: Calyrex\n|-boost|p1a: Calyrex|atk|2\n|\n|-heal|p1a: Calyrex|74\/100|[from] item: Leftovers\n|-heal|p2a: Dondozo|95\/100 slp|[from] item: Leftovers\n|upkeep\n|turn|192\n|\n|t:|1698718715\n|move|p1a: Calyrex|High Horsepower|p2a: Dondozo\n|-damage|p2a: Dondozo|78\/100 slp\n|-curestatus|p2a: Dondozo|slp|[msg]\n|move|p2a: Dondozo|Body Press|p1a: Calyrex\n|-activate|p1a: Calyrex|move: Substitute|[damage]\n|\n|-heal|p1a: Calyrex|80\/100|[from] item: Leftovers\n|-heal|p2a: Dondozo|85\/100|[from] item: Leftovers\n|upkeep\n|turn|193\n|\n|t:|1698718722\n|switch|p2a: Alomomola|Alomomola, M|100\/100\n|move|p1a: Calyrex|Glacial Lance|p2a: Alomomola\n|-resisted|p2a: Alomomola\n|-damage|p2a: Alomomola|63\/100\n|\n|-heal|p1a: Calyrex|86\/100|[from] item: Leftovers\n|upkeep\n|turn|194\n|\n|t:|1698718733\n|move|p2a: Alomomola|Scald|p1a: Calyrex\n|-activate|p1a: Calyrex|move: Substitute|[damage]\n|move|p1a: Calyrex|Swords Dance|p1a: Calyrex\n|-boost|p1a: Calyrex|atk|2\n|\n|-heal|p1a: Calyrex|93\/100|[from] item: Leftovers\n|upkeep\n|turn|195\n|\n|t:|1698718738\n|move|p2a: Alomomola|Protect|p2a: Alomomola\n|-singleturn|p2a: Alomomola|Protect\n|move|p1a: Calyrex|Swords Dance|p1a: Calyrex\n|-boost|p1a: Calyrex|atk|2\n|\n|-heal|p1a: Calyrex|99\/100|[from] item: Leftovers\n|upkeep\n|turn|196\n|\n|t:|1698718746\n|switch|p2a: Corviknight|Corviknight, F|82\/100\n|-ability|p2a: Corviknight|Pressure\n|move|p1a: Calyrex|High Horsepower|p2a: Corviknight\n|-immune|p2a: Corviknight\n|\n|-heal|p2a: Corviknight|88\/100|[from] item: Leftovers\n|-heal|p1a: Calyrex|100\/100|[from] item: Leftovers\n|upkeep\n|turn|197\n|\n|t:|1698718754\n|switch|p2a: Dondozo|Dondozo, M, tera:Fairy|85\/100\n|move|p1a: Calyrex|Glacial Lance|p2a: Dondozo\n|-damage|p2a: Dondozo|53\/100\n|\n|-heal|p2a: Dondozo|59\/100|[from] item: Leftovers\n|upkeep\n|turn|198\n|\n|t:|1698718761\n|move|p1a: Calyrex|High Horsepower|p2a: Dondozo\n|-damage|p2a: Dondozo|43\/100\n|move|p2a: Dondozo|Rest|p2a: Dondozo\n|-status|p2a: Dondozo|slp|[from] move: Rest\n|-heal|p2a: Dondozo|100\/100 slp|[silent]\n|\n|upkeep\n|turn|199\n|\n|t:|1698718774\n|move|p1a: Calyrex|High Horsepower|p2a: Dondozo|[miss]\n|-miss|p1a: Calyrex|p2a: Dondozo\n|cant|p2a: Dondozo|slp\n|move|p2a: Dondozo|Sleep Talk|p2a: Dondozo\n|move|p2a: Dondozo|Body Press|p1a: Calyrex|[from]move: Sleep Talk\n|-end|p1a: Calyrex|Substitute\n|\n|upkeep\n|turn|200\n|c|\u2606Drageen|gg wp\n|-message|Drageen forfeited.\n|\n|win|Future king of ou\n|n|\u2606Drageen|drageen\n|n|\u2606Future king of ou|futurekingofou\n|n| Tier Acid|tieracid\n|n| ZowwyCafe\u2764|zowwycafe\n|n| Taka|taka\n|l|\u2606Drageen\n|c|\u2606Future king of ou|Gg\n|l| Tier Acid\n","uploadtime":1698718784,"views":11,"p1id":"drageen","p2id":"futurekingofou","formatid":"gen9ubers","rating":0,"private":0,"password":""}