{"id":"gen9ubers-1980638352","p1":"ULT4CP Staller","p2":"Taka","format":"[Gen 9] Ubers","log":"|j|\u2606ULT4CP Staller\n|j|\u2606Taka\n|t:|1698806269\n|gametype|singles\n|player|p1|ULT4CP Staller|red|\n|player|p2|Taka|#bssplviiidavesdragonairs|\n|teamsize|p1|6\n|teamsize|p2|6\n|gen|9\n|tier|[Gen 9] Ubers\n|rated|Tournament battle\n|rule|Sleep Clause Mod: Limit one foe put to sleep\n|rule|Species Clause: Limit one of each Pok\u00e9mon\n|rule|OHKO Clause: OHKO moves are banned\n|rule|Evasion Items Clause: Evasion items are banned\n|rule|Evasion Moves Clause: Evasion moves are banned\n|rule|Endless Battle Clause: Forcing endless battles is banned\n|rule|HP Percentage Mod: HP is shown in percentages\n|clearpoke\n|poke|p1|Ribombee, F|\n|poke|p1|Mewtwo|\n|poke|p1|Miraidon|\n|poke|p1|Eternatus|\n|poke|p1|Zacian-*|\n|poke|p1|Basculegion, M|\n|poke|p2|Walking Wake|\n|poke|p2|Koraidon|\n|poke|p2|Gliscor, F|\n|poke|p2|Groudon|\n|poke|p2|Zacian-*|\n|poke|p2|Flutter Mane|\n|teampreview\n|inactive|Battle timer is ON: inactive players will automatically lose when time's up. (requested by Taka)\n|c|\u2606ULT4CP Staller|glgl\n|j|+OreoSpeedruns\n|j| Ultra nocturnal\n|c|\u2606Taka|u2\n|\n|t:|1698806298\n|start\n|switch|p1a: Ribombee|Ribombee, F, shiny|100\/100\n|switch|p2a: Flutter Mane|Flutter Mane|100\/100\n|-item|p2a: Flutter Mane|Air Balloon\n|turn|1\n|\n|t:|1698806315\n|move|p2a: Flutter Mane|Taunt|p1a: Ribombee\n|-start|p1a: Ribombee|move: Taunt\n|move|p1a: Ribombee|Moonblast|p2a: Flutter Mane\n|-damage|p2a: Flutter Mane|61\/100\n|-enditem|p2a: Flutter Mane|Air Balloon\n|\n|upkeep\n|turn|2\n|\n|t:|1698806339\n|switch|p1a: Zacian|Zacian-Crowned, shiny|100\/100\n|-ability|p1a: Zacian|Intrepid Sword|boost\n|-boost|p1a: Zacian|atk|1\n|move|p2a: Flutter Mane|Shadow Ball|p1a: Zacian\n|-damage|p1a: Zacian|62\/100\n|\n|upkeep\n|turn|3\n|\n|t:|1698806346\n|-end|p2a: Flutter Mane|Protosynthesis|[silent]\n|switch|p2a: Groudon|Groudon|100\/100\n|-weather|SunnyDay|[from] ability: Drought|[of] p2a: Groudon\n|move|p1a: Zacian|Behemoth Blade|p2a: Groudon\n|-damage|p2a: Groudon|55\/100\n|-damage|p1a: Zacian|45\/100|[from] item: Rocky Helmet|[of] p2a: Groudon\n|\n|-weather|SunnyDay|[upkeep]\n|upkeep\n|turn|4\n|\n|t:|1698806351\n|switch|p1a: Ribombee|Ribombee, F, shiny|100\/100\n|move|p2a: Groudon|Stealth Rock|p1a: Ribombee\n|-sidestart|p1: ULT4CP Staller|move: Stealth Rock\n|\n|-weather|SunnyDay|[upkeep]\n|upkeep\n|turn|5\n|\n|t:|1698806355\n|move|p1a: Ribombee|Sticky Web|p2a: Groudon\n|-sidestart|p2: Taka|move: Sticky Web\n|move|p2a: Groudon|Roar|p1a: Ribombee\n|drag|p1a: Miraidon|Miraidon|100\/100\n|-damage|p1a: Miraidon|88\/100|[from] Stealth Rock\n|-fieldstart|move: Electric Terrain|[from] ability: Hadron Engine|[of] p1a: Miraidon\n|-enditem|p1a: Miraidon|Electric Seed\n|-boost|p1a: Miraidon|def|1|[from] item: Electric Seed\n|\n|-weather|SunnyDay|[upkeep]\n|upkeep\n|turn|6\n|inactive|ULT4CP Staller has 120 seconds left.\n|\n|t:|1698806410\n|switch|p2a: Flutter Mane|Flutter Mane|61\/100\n|-activate|p2a: Flutter Mane|move: Sticky Web\n|-unboost|p2a: Flutter Mane|spe|1\n|-activate|p2a: Flutter Mane|ability: Protosynthesis\n|-start|p2a: Flutter Mane|protosynthesisspa\n|move|p1a: Miraidon|Dazzling Gleam|p2a: Flutter Mane\n|-damage|p2a: Flutter Mane|19\/100\n|\n|-weather|SunnyDay|[upkeep]\n|upkeep\n|turn|7\n|\n|t:|1698806421\n|move|p1a: Miraidon|Parabolic Charge|p2a: Flutter Mane\n|-damage|p2a: Flutter Mane|0 fnt\n|-heal|p1a: Miraidon|94\/100|[from] drain|[of] p2a: Flutter Mane\n|faint|p2a: Flutter Mane\n|-end|p2a: Flutter Mane|Protosynthesis|[silent]\n|\n|-weather|none\n|upkeep\n|inactive|Taka has 120 seconds left.\n|\n|t:|1698806444\n|switch|p2a: Gliscor|Gliscor, F|100\/100\n|turn|8\n|\n|t:|1698806460\n|move|p1a: Miraidon|Calm Mind|p1a: Miraidon\n|-boost|p1a: Miraidon|spa|1\n|-boost|p1a: Miraidon|spd|1\n|move|p2a: Gliscor|Toxic|p1a: Miraidon\n|-status|p1a: Miraidon|tox\n|\n|-damage|p1a: Miraidon|88\/100 tox|[from] psn\n|-status|p2a: Gliscor|tox|[from] item: Toxic Orb\n|upkeep\n|turn|9\n|\n|t:|1698806472\n|-terastallize|p1a: Miraidon|Fairy\n|move|p1a: Miraidon|Dazzling Gleam|p2a: Gliscor\n|-damage|p2a: Gliscor|0 fnt\n|faint|p2a: Gliscor\n|\n|-damage|p1a: Miraidon|75\/100 tox|[from] psn\n|-fieldend|move: Electric Terrain\n|upkeep\n|\n|t:|1698806476\n|switch|p2a: Zacian|Zacian-Crowned|100\/100\n|-activate|p2a: Zacian|move: Sticky Web\n|-unboost|p2a: Zacian|spe|1\n|-ability|p2a: Zacian|Intrepid Sword|boost\n|-boost|p2a: Zacian|atk|1\n|turn|10\n|inactive|ULT4CP Staller has 90 seconds left.\n|\n|t:|1698806502\n|move|p1a: Miraidon|Parabolic Charge|p2a: Zacian\n|-damage|p2a: Zacian|47\/100\n|-heal|p1a: Miraidon|97\/100 tox|[from] drain|[of] p2a: Zacian\n|move|p2a: Zacian|Behemoth Blade|p1a: Miraidon\n|-supereffective|p1a: Miraidon\n|-damage|p1a: Miraidon|0 fnt\n|faint|p1a: Miraidon\n|\n|upkeep\n|inactive|ULT4CP Staller has 90 seconds left.\n|\n|t:|1698806520\n|switch|p1a: Mewtwo|Mewtwo, shiny|100\/100\n|-damage|p1a: Mewtwo|88\/100|[from] Stealth Rock\n|-ability|p1a: Mewtwo|Pressure\n|turn|11\n|\n|t:|1698806526\n|move|p1a: Mewtwo|Earth Power|p2a: Zacian\n|-supereffective|p2a: Zacian\n|-damage|p2a: Zacian|0 fnt\n|faint|p2a: Zacian\n|-damage|p1a: Mewtwo|78\/100|[from] item: Life Orb\n|\n|upkeep\n|\n|t:|1698806529\n|switch|p2a: Koraidon|Koraidon|100\/100\n|-activate|p2a: Koraidon|move: Sticky Web\n|-unboost|p2a: Koraidon|spe|1\n|-weather|SunnyDay|[from] ability: Orichalcum Pulse|[of] p2a: Koraidon\n|-activate|p2a: Koraidon|Orichalcum Pulse|[source]\n|turn|12\n|c|\u2606ULT4CP Staller|this stuff looks ugly\n|j| ZowwyCafe\u2764\n|\n|t:|1698806539\n|-terastallize|p2a: Koraidon|Fire\n|move|p2a: Koraidon|Flare Blitz|p1a: Mewtwo\n|-damage|p1a: Mewtwo|0 fnt\n|faint|p1a: Mewtwo\n|-damage|p2a: Koraidon|74\/100|[from] Recoil\n|\n|-weather|SunnyDay|[upkeep]\n|upkeep\n|\n|t:|1698806549\n|switch|p1a: Eternatus|Eternatus|100\/100\n|-damage|p1a: Eternatus|88\/100|[from] Stealth Rock\n|-ability|p1a: Eternatus|Pressure\n|turn|13\n|\n|t:|1698806558\n|switch|p2a: Walking Wake|Walking Wake|100\/100\n|-activate|p2a: Walking Wake|move: Sticky Web\n|-unboost|p2a: Walking Wake|spe|1\n|-activate|p2a: Walking Wake|ability: Protosynthesis\n|-start|p2a: Walking Wake|protosynthesisspa\n|move|p1a: Eternatus|Agility|p1a: Eternatus\n|-boost|p1a: Eternatus|spe|2\n|\n|-weather|SunnyDay|[upkeep]\n|-heal|p1a: Eternatus|94\/100|[from] item: Leftovers\n|upkeep\n|turn|14\n|\n|t:|1698806572\n|move|p1a: Eternatus|Dynamax Cannon|p2a: Walking Wake\n|-supereffective|p2a: Walking Wake\n|-damage|p2a: Walking Wake|0 fnt\n|faint|p2a: Walking Wake\n|-end|p2a: Walking Wake|Protosynthesis|[silent]\n|\n|-weather|SunnyDay|[upkeep]\n|-heal|p1a: Eternatus|100\/100|[from] item: Leftovers\n|upkeep\n|\n|t:|1698806574\n|switch|p2a: Koraidon|Koraidon, tera:Fire|74\/100\n|-activate|p2a: Koraidon|move: Sticky Web\n|-unboost|p2a: Koraidon|spe|1\n|-activate|p2a: Koraidon|ability: Orichalcum Pulse\n|turn|15\n|c|\u2606ULT4CP Staller|oreo why not lo on this\n|inactive|ULT4CP Staller has 120 seconds left.\n|\n|t:|1698806583\n|move|p1a: Eternatus|Dynamax Cannon|p2a: Koraidon\n|-damage|p2a: Koraidon|14\/100\n|move|p2a: Koraidon|Dragon Claw|p1a: Eternatus\n|-supereffective|p1a: Eternatus\n|-damage|p1a: Eternatus|18\/100\n|\n|-weather|SunnyDay|[upkeep]\n|-heal|p1a: Eternatus|24\/100|[from] item: Leftovers\n|upkeep\n|turn|16\n|c|\u2606ULT4CP Staller|this would die then maybe\n|c|\u2606Taka|oh thats fat\n|c|\u2606Taka|ahh\n|c|\u2606Taka|gg\n|-message|Taka forfeited.\n|\n|win|ULT4CP Staller\n|n|\u2606ULT4CP Staller|ult4cpstaller\n|n|\u2606Taka|taka\n|n| OreoSpeedruns|oreospeedruns\n|n| Ultra nocturnal|ultranocturnal\n|n| ZowwyCafe\u2764|zowwycafe\n","uploadtime":1698806595,"views":30,"p1id":"ult4cpstaller","p2id":"taka","formatid":"gen9ubers","rating":0,"private":0,"password":""}