{"id":"gen9ubers-1976284044","p1":"WeLuvConer","p2":"HelloThereMites","format":"[Gen 9] Ubers","log":"|j|\u2606WeLuvConer\n|j|\u2606HelloThereMites\n|t:|1698282167\n|gametype|singles\n|player|p1|WeLuvConer|iris|1017\n|player|p2|HelloThereMites|riley|1063\n|teamsize|p1|6\n|teamsize|p2|6\n|gen|9\n|tier|[Gen 9] Ubers\n|rated|\n|rule|Sleep Clause Mod: Limit one foe put to sleep\n|rule|Species Clause: Limit one of each Pok\u00e9mon\n|rule|OHKO Clause: OHKO moves are banned\n|rule|Evasion Items Clause: Evasion items are banned\n|rule|Evasion Moves Clause: Evasion moves are banned\n|rule|Endless Battle Clause: Forcing endless battles is banned\n|rule|HP Percentage Mod: HP is shown in percentages\n|clearpoke\n|poke|p1|Dragapult, M|\n|poke|p1|Lucario, M|\n|poke|p1|Muk-Alola, M|\n|poke|p1|Eelektross, M|\n|poke|p1|Yanmega, F|\n|poke|p1|Bombirdier, F|\n|poke|p2|Ogerpon-Hearthflame, F|\n|poke|p2|Zacian-*|\n|poke|p2|Urshifu-*, F|\n|poke|p2|Flutter Mane|\n|poke|p2|Arceus|\n|poke|p2|Espathra, F|\n|teampreview\n|inactive|Battle timer is ON: inactive players will automatically lose when time's up. (requested by HelloThereMites)\n|inactive|WeLuvConer also wants the timer to be on.\n|inactive|WeLuvConer has 120 seconds left.\n|\n|t:|1698282219\n|start\n|switch|p1a: Yanmega|Yanmega, F|100\/100\n|switch|p2a: Zacian|Zacian-Crowned|100\/100\n|-ability|p2a: Zacian|Intrepid Sword|boost\n|-boost|p2a: Zacian|atk|1\n|turn|1\n|\n|t:|1698282231\n|move|p2a: Zacian|Swords Dance|p2a: Zacian\n|-boost|p2a: Zacian|atk|2\n|move|p1a: Yanmega|Air Slash|p2a: Zacian\n|-resisted|p2a: Zacian\n|-damage|p2a: Zacian|83\/100\n|\n|-ability|p1a: Yanmega|Speed Boost|boost\n|-boost|p1a: Yanmega|spe|1\n|upkeep\n|turn|2\n|\n|t:|1698282239\n|move|p2a: Zacian|Behemoth Blade|p1a: Yanmega\n|-enditem|p1a: Yanmega|Focus Sash\n|-damage|p1a: Yanmega|1\/100\n|move|p1a: Yanmega|Ancient Power|p2a: Zacian\n|-resisted|p2a: Zacian\n|-damage|p2a: Zacian|74\/100\n|\n|-ability|p1a: Yanmega|Speed Boost|boost\n|-boost|p1a: Yanmega|spe|1\n|upkeep\n|turn|3\n|\n|t:|1698282248\n|move|p1a: Yanmega|Air Slash|p2a: Zacian\n|-resisted|p2a: Zacian\n|-damage|p2a: Zacian|56\/100\n|move|p2a: Zacian|Behemoth Blade|p1a: Yanmega\n|-damage|p1a: Yanmega|0 fnt\n|faint|p1a: Yanmega\n|\n|upkeep\n|\n|t:|1698282263\n|switch|p1a: Muk|Muk-Alola, M, shiny|100\/100\n|turn|4\n|\n|t:|1698282266\n|move|p2a: Zacian|Behemoth Blade|p1a: Muk\n|-damage|p1a: Muk|0 fnt\n|faint|p1a: Muk\n|\n|upkeep\n|\n|t:|1698282277\n|switch|p1a: Lucario|Lucario, M|100\/100\n|turn|5\n|\n|t:|1698282282\n|-terastallize|p1a: Lucario|Steel\n|move|p2a: Zacian|Wild Charge|p1a: Lucario\n|-crit|p1a: Lucario\n|-damage|p1a: Lucario|0 fnt\n|faint|p1a: Lucario\n|-damage|p2a: Zacian|34\/100|[from] Recoil\n|\n|upkeep\n|\n|t:|1698282286\n|switch|p1a: Eelektross|Eelektross, M|100\/100\n|turn|6\n|\n|t:|1698282290\n|move|p2a: Zacian|Play Rough|p1a: Eelektross\n|-damage|p1a: Eelektross|0 fnt\n|faint|p1a: Eelektross\n|\n|upkeep\n|\n|t:|1698282295\n|switch|p1a: Bombirdier|Bombirdier, F|100\/100\n|turn|7\n|\n|t:|1698282302\n|move|p1a: Bombirdier|Sucker Punch|p2a: Zacian\n|-resisted|p2a: Zacian\n|-damage|p2a: Zacian|16\/100\n|-damage|p1a: Bombirdier|91\/100|[from] item: Life Orb\n|move|p2a: Zacian|Play Rough|p1a: Bombirdier\n|-supereffective|p1a: Bombirdier\n|-damage|p1a: Bombirdier|0 fnt\n|faint|p1a: Bombirdier\n|\n|upkeep\n|\n|t:|1698282305\n|switch|p1a: Dragapult|Dragapult, M|100\/100\n|turn|8\n|-message|WeLuvConer forfeited.\n|\n|win|HelloThereMites\n|raw|WeLuvConer's rating: 1017 &rarr; <strong>1006<\/strong><br \/>(-11 for losing)\n|raw|HelloThereMites's rating: 1063 &rarr; <strong>1090<\/strong><br \/>(+27 for winning)\n|l|\u2606WeLuvConer\n","uploadtime":1698282314,"views":11,"p1id":"weluvconer","p2id":"hellotheremites","formatid":"gen9ubers","rating":1006,"private":0,"password":""}