{"id":"gen9ubers-1984930611","p1":"FoxDragon22","p2":"Fireblitz15","format":"[Gen 9] Ubers","log":"|j|\u2606FoxDragon22\n|j|\u2606Fireblitz15\n|t:|1699311944\n|gametype|singles\n|player|p1|FoxDragon22|acetrainerf-gen4dp|\n|player|p2|Fireblitz15|ingo|\n|teamsize|p1|6\n|teamsize|p2|6\n|gen|9\n|tier|[Gen 9] Ubers\n|rule|Sleep Clause Mod: Limit one foe put to sleep\n|rule|Species Clause: Limit one of each Pok\u00e9mon\n|rule|OHKO Clause: OHKO moves are banned\n|rule|Evasion Items Clause: Evasion items are banned\n|rule|Evasion Moves Clause: Evasion moves are banned\n|rule|Endless Battle Clause: Forcing endless battles is banned\n|rule|HP Percentage Mod: HP is shown in percentages\n|clearpoke\n|poke|p1|Volcarona, F|\n|poke|p1|Arceus-Dark|\n|poke|p1|Magearna|\n|poke|p1|Cyclizar, F|\n|poke|p1|Zacian-*|\n|poke|p1|Dialga|\n|poke|p2|Magearna|\n|poke|p2|Arceus-Poison|\n|poke|p2|Zacian-*|\n|poke|p2|Dialga|\n|poke|p2|Ursaluna, M|\n|poke|p2|Dragapult, M|\n|teampreview\n|\n|t:|1699311955\n|start\n|switch|p1a: Dialga|Dialga|100\/100\n|switch|p2a: Zacian|Zacian|100\/100\n|-ability|p2a: Zacian|Intrepid Sword|boost\n|-boost|p2a: Zacian|atk|1\n|-ability|p1a: Dialga|Pressure\n|turn|1\n|\n|t:|1699311965\n|move|p2a: Zacian|Close Combat|p1a: Dialga\n|-supereffective|p1a: Dialga\n|-damage|p1a: Dialga|0 fnt\n|-unboost|p2a: Zacian|def|1\n|-unboost|p2a: Zacian|spd|1\n|faint|p1a: Dialga\n|\n|upkeep\n|\n|t:|1699311984\n|switch|p1a: Zacian|Zacian|100\/100\n|-ability|p1a: Zacian|Intrepid Sword|boost\n|-boost|p1a: Zacian|atk|1\n|turn|2\n|\n|t:|1699312008\n|switch|p2a: Arceus|Arceus-Poison|100\/100\n|move|p1a: Zacian|Play Rough|p2a: Arceus\n|-resisted|p2a: Arceus\n|-damage|p2a: Arceus|80\/100\n|-unboost|p2a: Arceus|atk|1\n|\n|upkeep\n|turn|3\n|\n|t:|1699312027\n|switch|p1a: Arceus|Arceus-Dark|100\/100\n|move|p2a: Arceus|Will-O-Wisp|p1a: Arceus|[miss]\n|-miss|p2a: Arceus|p1a: Arceus\n|\n|upkeep\n|turn|4\n|\n|t:|1699312039\n|switch|p1a: Volcarona|Volcarona, F|100\/100\n|move|p2a: Arceus|Taunt|p1a: Volcarona\n|-start|p1a: Volcarona|move: Taunt\n|\n|upkeep\n|turn|5\n|\n|t:|1699312069\n|switch|p2a: Dragapult|Dragapult, M|100\/100\n|move|p1a: Volcarona|Flamethrower|p2a: Dragapult\n|-resisted|p2a: Dragapult\n|-damage|p2a: Dragapult|61\/100\n|\n|upkeep\n|turn|6\n|\n|t:|1699312093\n|switch|p1a: Zacian|Zacian|100\/100\n|move|p2a: Dragapult|U-turn|p1a: Zacian\n|-resisted|p1a: Zacian\n|-damage|p1a: Zacian|83\/100\n|\n|t:|1699312103\n|switch|p2a: Dialga|Dialga|100\/100|[from] U-turn\n|-ability|p2a: Dialga|Pressure\n|\n|upkeep\n|turn|7\n|\n|t:|1699312122\n|-terastallize|p1a: Zacian|Steel\n|-terastallize|p2a: Dialga|Flying\n|move|p1a: Zacian|Close Combat|p2a: Dialga\n|-resisted|p2a: Dialga\n|-damage|p2a: Dialga|87\/100\n|-unboost|p1a: Zacian|def|1\n|-unboost|p1a: Zacian|spd|1\n|move|p2a: Dialga|Trick Room|p2a: Dialga\n|-fieldstart|move: Trick Room|[of] p2a: Dialga\n|\n|upkeep\n|turn|8\n|\n|t:|1699312144\n|switch|p1a: Arceus|Arceus-Dark|100\/100\n|move|p2a: Dialga|Earth Power|p1a: Arceus\n|-damage|p1a: Arceus|72\/100\n|\n|upkeep\n|turn|9\n|\n|t:|1699312161\n|switch|p2a: Magearna|Magearna|100\/100\n|move|p1a: Arceus|Dragon Dance|p1a: Arceus\n|-boost|p1a: Arceus|atk|1\n|-boost|p1a: Arceus|spe|1\n|\n|upkeep\n|turn|10\n|\n|t:|1699312177\n|move|p2a: Magearna|Fleur Cannon|p1a: Arceus\n|-supereffective|p1a: Arceus\n|-damage|p1a: Arceus|0 fnt\n|-unboost|p2a: Magearna|spa|2\n|faint|p1a: Arceus\n|-ability|p2a: Magearna|Soul-Heart|boost\n|-boost|p2a: Magearna|spa|1\n|\n|upkeep\n|\n|t:|1699312189\n|switch|p1a: Volcarona|Volcarona, F|100\/100\n|turn|11\n|\n|t:|1699312244\n|switch|p2a: Ursaluna|Ursaluna, M|100\/100\n|move|p1a: Volcarona|Quiver Dance|p1a: Volcarona\n|-boost|p1a: Volcarona|spa|1\n|-boost|p1a: Volcarona|spd|1\n|-boost|p1a: Volcarona|spe|1\n|\n|-fieldend|move: Trick Room\n|-status|p2a: Ursaluna|brn|[from] item: Flame Orb\n|upkeep\n|turn|12\n|\n|t:|1699312261\n|move|p1a: Volcarona|Bug Buzz|p2a: Ursaluna\n|-damage|p2a: Ursaluna|27\/100 brn\n|move|p2a: Ursaluna|Facade|p1a: Volcarona\n|-crit|p1a: Volcarona\n|-damage|p1a: Volcarona|0 fnt\n|faint|p1a: Volcarona\n|\n|-damage|p2a: Ursaluna|21\/100 brn|[from] brn\n|upkeep\n|\n|t:|1699312272\n|switch|p1a: Zacian|Zacian, tera:Steel|83\/100\n|turn|13\n|\n|t:|1699312283\n|switch|p2a: Magearna|Magearna|100\/100\n|move|p1a: Zacian|Play Rough|p2a: Magearna\n|-resisted|p2a: Magearna\n|-damage|p2a: Magearna|83\/100\n|-unboost|p2a: Magearna|atk|1\n|\n|upkeep\n|turn|14\n|\n|t:|1699312293\n|switch|p1a: Magearna|Magearna|100\/100\n|move|p2a: Magearna|Trick Room|p2a: Magearna\n|-fieldstart|move: Trick Room|[of] p2a: Magearna\n|\n|upkeep\n|turn|15\n|\n|t:|1699312302\n|move|p2a: Magearna|Volt Switch|p1a: Magearna\n|-damage|p1a: Magearna|81\/100\n|\n|t:|1699312312\n|switch|p2a: Dialga|Dialga, tera:Flying|87\/100|[from] Volt Switch\n|-ability|p2a: Dialga|Pressure\n|move|p1a: Magearna|Calm Mind|p1a: Magearna\n|-boost|p1a: Magearna|spa|1\n|-boost|p1a: Magearna|spd|1\n|\n|-heal|p1a: Magearna|87\/100|[from] item: Leftovers\n|upkeep\n|turn|16\n|\n|t:|1699312331\n|move|p1a: Magearna|Calm Mind|p1a: Magearna\n|-boost|p1a: Magearna|spa|1\n|-boost|p1a: Magearna|spd|1\n|move|p2a: Dialga|Earth Power|p1a: Magearna\n|-supereffective|p1a: Magearna\n|-damage|p1a: Magearna|52\/100\n|\n|-heal|p1a: Magearna|58\/100|[from] item: Leftovers\n|upkeep\n|turn|17\n|\n|t:|1699312348\n|move|p1a: Magearna|Calm Mind|p1a: Magearna\n|-boost|p1a: Magearna|spa|1\n|-boost|p1a: Magearna|spd|1\n|move|p2a: Dialga|Earth Power|p1a: Magearna\n|-supereffective|p1a: Magearna\n|-damage|p1a: Magearna|30\/100\n|\n|-heal|p1a: Magearna|36\/100|[from] item: Leftovers\n|upkeep\n|turn|18\n|\n|t:|1699312363\n|move|p2a: Dialga|Earth Power|p1a: Magearna\n|-supereffective|p1a: Magearna\n|-damage|p1a: Magearna|13\/100\n|move|p1a: Magearna|Draining Kiss|p2a: Dialga\n|-crit|p2a: Dialga\n|-damage|p2a: Dialga|2\/100\n|-heal|p1a: Magearna|83\/100|[from] drain|[of] p2a: Dialga\n|\n|-heal|p1a: Magearna|89\/100|[from] item: Leftovers\n|-fieldend|move: Trick Room\n|upkeep\n|turn|19\n|\n|t:|1699312375\n|move|p1a: Magearna|Draining Kiss|p2a: Dialga\n|-damage|p2a: Dialga|0 fnt\n|-heal|p1a: Magearna|90\/100|[from] drain|[of] p2a: Dialga\n|faint|p2a: Dialga\n|-ability|p1a: Magearna|Soul-Heart|boost\n|-boost|p1a: Magearna|spa|1\n|\n|-heal|p1a: Magearna|96\/100|[from] item: Leftovers\n|upkeep\n|\n|t:|1699312392\n|switch|p2a: Magearna|Magearna|83\/100\n|turn|20\n|\n|t:|1699312398\n|move|p1a: Magearna|Stored Power|p2a: Magearna\n|-resisted|p2a: Magearna\n|-damage|p2a: Magearna|18\/100\n|move|p2a: Magearna|Trick Room|p2a: Magearna\n|-fieldstart|move: Trick Room|[of] p2a: Magearna\n|\n|-heal|p1a: Magearna|100\/100|[from] item: Leftovers\n|upkeep\n|turn|21\n|\n|t:|1699312411\n|move|p2a: Magearna|Spikes|p1a: Magearna\n|-sidestart|p1: FoxDragon22|Spikes\n|move|p1a: Magearna|Stored Power|p2a: Magearna\n|-resisted|p2a: Magearna\n|-damage|p2a: Magearna|0 fnt\n|faint|p2a: Magearna\n|-ability|p1a: Magearna|Soul-Heart|boost\n|-boost|p1a: Magearna|spa|1\n|\n|upkeep\n|\n|t:|1699312418\n|switch|p2a: Ursaluna|Ursaluna, M|21\/100 brn\n|turn|22\n|\n|t:|1699312435\n|switch|p1a: Cyclizar|Cyclizar, F|100\/100\n|-damage|p1a: Cyclizar|88\/100|[from] Spikes\n|move|p2a: Ursaluna|Earthquake|p1a: Cyclizar\n|-damage|p1a: Cyclizar|0 fnt\n|faint|p1a: Cyclizar\n|\n|-damage|p2a: Ursaluna|15\/100 brn|[from] brn\n|upkeep\n|\n|t:|1699312447\n|switch|p1a: Zacian|Zacian, tera:Steel|83\/100\n|-damage|p1a: Zacian|71\/100|[from] Spikes\n|turn|23\n|\n|t:|1699312458\n|move|p2a: Ursaluna|Earthquake|p1a: Zacian\n|-supereffective|p1a: Zacian\n|-damage|p1a: Zacian|0 fnt\n|faint|p1a: Zacian\n|\n|-damage|p2a: Ursaluna|8\/100 brn|[from] brn\n|upkeep\n|c|\u2606Fireblitz15|gg\n|\n|t:|1699312466\n|switch|p1a: Magearna|Magearna|100\/100\n|-damage|p1a: Magearna|88\/100|[from] Spikes\n|turn|24\n|\n|t:|1699312470\n|move|p2a: Ursaluna|Earthquake|p1a: Magearna\n|-supereffective|p1a: Magearna\n|-damage|p1a: Magearna|0 fnt\n|faint|p1a: Magearna\n|\n|win|Fireblitz15\n","uploadtime":1699312479,"views":22,"p1id":"foxdragon22","p2id":"fireblitz15","formatid":"gen9ubers","rating":0,"private":0,"password":""}