{"id":"gen9ubers-1993526194","p1":"CaioXLive12","p2":"deatjr","format":"[Gen 9] Ubers","log":"|j|\u2606CaioXLive12\n|j|\u2606deatjr\n|t:|1700328102\n|gametype|singles\n|player|p1|CaioXLive12|nate|1145\n|player|p2|deatjr|lance|1179\n|teamsize|p1|6\n|teamsize|p2|6\n|gen|9\n|tier|[Gen 9] Ubers\n|rated|\n|rule|Sleep Clause Mod: Limit one foe put to sleep\n|rule|Species Clause: Limit one of each Pok\u00e9mon\n|rule|OHKO Clause: OHKO moves are banned\n|rule|Evasion Items Clause: Evasion items are banned\n|rule|Evasion Moves Clause: Evasion moves are banned\n|rule|Endless Battle Clause: Forcing endless battles is banned\n|rule|HP Percentage Mod: HP is shown in percentages\n|clearpoke\n|poke|p1|Calyrex-Ice|\n|poke|p1|Ursaluna, M|\n|poke|p1|Magearna|\n|poke|p1|Cresselia, F|\n|poke|p1|Arceus|\n|poke|p1|Flutter Mane|\n|poke|p2|Rayquaza|\n|poke|p2|Ogerpon-Hearthflame, F|\n|poke|p2|Volcarona, M|\n|poke|p2|Iron Bundle|\n|poke|p2|Zacian-*|\n|poke|p2|Regieleki|\n|teampreview\n|\n|t:|1700328125\n|start\n|switch|p1a: Arceus|Arceus|100\/100\n|switch|p2a: buzzy boi|Volcarona, M|100\/100\n|turn|1\n|\n|t:|1700328144\n|move|p2a: buzzy boi|Quiver Dance|p2a: buzzy boi\n|-boost|p2a: buzzy boi|spa|1\n|-boost|p2a: buzzy boi|spd|1\n|-boost|p2a: buzzy boi|spe|1\n|move|p1a: Arceus|Swords Dance|p1a: Arceus\n|-boost|p1a: Arceus|atk|2\n|\n|upkeep\n|turn|2\n|\n|t:|1700328155\n|move|p1a: Arceus|Extreme Speed|p2a: buzzy boi\n|-enditem|p2a: buzzy boi|Focus Sash\n|-damage|p2a: buzzy boi|1\/100\n|move|p2a: buzzy boi|Fiery Dance|p1a: Arceus\n|-damage|p1a: Arceus|58\/100\n|-boost|p2a: buzzy boi|spa|1\n|\n|-heal|p1a: Arceus|64\/100|[from] item: Leftovers\n|upkeep\n|turn|3\n|\n|t:|1700328163\n|move|p1a: Arceus|Extreme Speed|p2a: buzzy boi\n|-damage|p2a: buzzy boi|0 fnt\n|-status|p1a: Arceus|brn|[from] ability: Flame Body|[of] p2a: buzzy boi\n|faint|p2a: buzzy boi\n|\n|-heal|p1a: Arceus|71\/100 brn|[from] item: Leftovers\n|-damage|p1a: Arceus|64\/100 brn|[from] brn\n|upkeep\n|\n|t:|1700328170\n|switch|p2a: zappy boi|Regieleki, shiny|100\/100\n|turn|4\n|\n|t:|1700328179\n|move|p2a: zappy boi|Extreme Speed|p1a: Arceus\n|-damage|p1a: Arceus|52\/100 brn\n|move|p1a: Arceus|Swords Dance|p1a: Arceus\n|-boost|p1a: Arceus|atk|2\n|\n|-heal|p1a: Arceus|58\/100 brn|[from] item: Leftovers\n|-damage|p1a: Arceus|52\/100 brn|[from] brn\n|upkeep\n|turn|5\n|\n|t:|1700328218\n|move|p2a: zappy boi|Thunderbolt|p1a: Arceus\n|-damage|p1a: Arceus|19\/100 brn\n|move|p1a: Arceus|Swords Dance|p1a: Arceus\n|-boost|p1a: Arceus|atk|2\n|\n|-heal|p1a: Arceus|25\/100 brn|[from] item: Leftovers\n|-damage|p1a: Arceus|19\/100 brn|[from] brn\n|upkeep\n|turn|6\n|\n|t:|1700328223\n|move|p2a: zappy boi|Extreme Speed|p1a: Arceus\n|-damage|p1a: Arceus|6\/100 brn\n|move|p1a: Arceus|Extreme Speed|p2a: zappy boi\n|-enditem|p2a: zappy boi|Focus Sash\n|-damage|p2a: zappy boi|1\/100\n|\n|-heal|p1a: Arceus|12\/100 brn|[from] item: Leftovers\n|-damage|p1a: Arceus|6\/100 brn|[from] brn\n|upkeep\n|turn|7\n|\n|t:|1700328232\n|move|p2a: zappy boi|Extreme Speed|p1a: Arceus\n|-damage|p1a: Arceus|0 fnt\n|faint|p1a: Arceus\n|\n|upkeep\n|n|!deatjr|deatjr\n|\n|t:|1700328238\n|switch|p1a: Flutter Mane|Flutter Mane, shiny|100\/100\n|-enditem|p1a: Flutter Mane|Booster Energy\n|-activate|p1a: Flutter Mane|ability: Protosynthesis|[fromitem]\n|-start|p1a: Flutter Mane|protosynthesisspe\n|turn|8\n|\n|t:|1700328255\n|move|p1a: Flutter Mane|Calm Mind|p1a: Flutter Mane\n|-boost|p1a: Flutter Mane|spa|1\n|-boost|p1a: Flutter Mane|spd|1\n|move|p2a: zappy boi|Thunderbolt|p1a: Flutter Mane\n|-damage|p1a: Flutter Mane|65\/100\n|\n|upkeep\n|turn|9\n|\n|t:|1700328263\n|move|p1a: Flutter Mane|Shadow Ball|p2a: zappy boi\n|-damage|p2a: zappy boi|0 fnt\n|faint|p2a: zappy boi\n|\n|upkeep\n|\n|t:|1700328273\n|switch|p2a: chilly boi|Iron Bundle, shiny|100\/100\n|-enditem|p2a: chilly boi|Booster Energy\n|-activate|p2a: chilly boi|ability: Quark Drive|[fromitem]\n|-start|p2a: chilly boi|quarkdrivespe\n|turn|10\n|\n|t:|1700328285\n|-end|p2a: chilly boi|Quark Drive|[silent]\n|switch|p2a: Ogerpon|Ogerpon-Hearthflame, F|100\/100\n|-ability|p2a: Ogerpon|Mold Breaker\n|-terastallize|p1a: Flutter Mane|Water\n|move|p1a: Flutter Mane|Draining Kiss|p2a: Ogerpon\n|-resisted|p2a: Ogerpon\n|-damage|p2a: Ogerpon|77\/100\n|-heal|p1a: Flutter Mane|87\/100|[from] drain|[of] p2a: Ogerpon\n|\n|upkeep\n|turn|11\n|inactive|Battle timer is ON: inactive players will automatically lose when time's up. (requested by CaioXLive12)\n|\n|t:|1700328351\n|move|p1a: Flutter Mane|Shadow Ball|p2a: Ogerpon\n|-damage|p2a: Ogerpon|0 fnt\n|faint|p2a: Ogerpon\n|\n|upkeep\n|\n|t:|1700328357\n|switch|p2a: chilly boi|Iron Bundle, shiny|100\/100\n|turn|12\n|\n|t:|1700328364\n|move|p1a: Flutter Mane|Shadow Ball|p2a: chilly boi\n|-damage|p2a: chilly boi|0 fnt\n|faint|p2a: chilly boi\n|-end|p2a: chilly boi|Quark Drive|[silent]\n|\n|upkeep\n|-message|deatjr forfeited.\n|\n|win|CaioXLive12\n|raw|CaioXLive12's rating: 1145 &rarr; <strong>1172<\/strong><br \/>(+27 for winning)\n|raw|deatjr's rating: 1179 &rarr; <strong>1152<\/strong><br \/>(-27 for losing)\n","uploadtime":1700328239,"views":5,"p1id":"caioxlive12","p2id":"deatjr","formatid":"gen9ubers","rating":1152,"private":0,"password":""}