{"id":"gen9ubers-1977274440","p1":"8614496589w","p2":"Zcu3","format":"[Gen 9] Ubers","log":"|j|\u26068614496589w\n|j|\u2606Zcu3\n|t:|1698397745\n|gametype|singles\n|player|p1|8614496589w|169|1000\n|player|p2|Zcu3|iris-gen5bw2|1084\n|teamsize|p1|6\n|teamsize|p2|6\n|gen|9\n|tier|[Gen 9] Ubers\n|rated|\n|rule|Sleep Clause Mod: Limit one foe put to sleep\n|rule|Species Clause: Limit one of each Pok\u00e9mon\n|rule|OHKO Clause: OHKO moves are banned\n|rule|Evasion Items Clause: Evasion items are banned\n|rule|Evasion Moves Clause: Evasion moves are banned\n|rule|Endless Battle Clause: Forcing endless battles is banned\n|rule|HP Percentage Mod: HP is shown in percentages\n|clearpoke\n|poke|p1|Gholdengo|\n|poke|p1|Gliscor, M|\n|poke|p1|Dragonite, M|\n|poke|p1|Toxapex, M|\n|poke|p1|Chi-Yu|\n|poke|p1|Urshifu-*, M|\n|poke|p2|Forretress, M|\n|poke|p2|Kleavor, M|\n|poke|p2|Illumise, F|\n|poke|p2|Ribombee, F|\n|poke|p2|Frosmoth, F|\n|poke|p2|Volcarona, F|\n|teampreview\n|\n|t:|1698397755\n|start\n|switch|p1a: Gliscor|Gliscor, M, shiny|100\/100\n|switch|p2a: Kleavor|Kleavor, M, shiny|100\/100\n|turn|1\n|\n|t:|1698397766\n|move|p2a: Kleavor|U-turn|p1a: Gliscor\n|-resisted|p1a: Gliscor\n|-damage|p1a: Gliscor|84\/100\n|\n|t:|1698397770\n|switch|p2a: Forretress|Forretress, M, shiny|100\/100|[from] U-turn\n|move|p1a: Gliscor|Toxic|p2a: Forretress\n|-immune|p2a: Forretress\n|\n|-damage|p1a: Gliscor|71\/100|[from] item: Black Sludge\n|upkeep\n|turn|2\n|\n|t:|1698397793\n|move|p1a: Gliscor|Substitute|p1a: Gliscor\n|-start|p1a: Gliscor|Substitute\n|-damage|p1a: Gliscor|46\/100\n|move|p2a: Forretress|Curse|p2a: Forretress\n|-unboost|p2a: Forretress|spe|1\n|-boost|p2a: Forretress|atk|1\n|-boost|p2a: Forretress|def|1\n|\n|-damage|p1a: Gliscor|34\/100|[from] item: Black Sludge\n|upkeep\n|turn|3\n|\n|t:|1698397811\n|move|p1a: Gliscor|Earthquake|p2a: Forretress\n|-damage|p2a: Forretress|82\/100\n|move|p2a: Forretress|Body Press|p1a: Gliscor\n|-resisted|p1a: Gliscor\n|-activate|p1a: Gliscor|move: Substitute|[damage]\n|\n|-damage|p1a: Gliscor|21\/100|[from] item: Black Sludge\n|-heal|p2a: Forretress|88\/100|[from] item: Leftovers\n|upkeep\n|turn|4\n|\n|t:|1698397829\n|move|p1a: Gliscor|Earthquake|p2a: Forretress\n|-damage|p2a: Forretress|71\/100\n|move|p2a: Forretress|Gyro Ball|p1a: Gliscor\n|-end|p1a: Gliscor|Substitute\n|\n|-damage|p1a: Gliscor|9\/100|[from] item: Black Sludge\n|-heal|p2a: Forretress|77\/100|[from] item: Leftovers\n|upkeep\n|turn|5\n|\n|t:|1698397843\n|move|p1a: Gliscor|Earthquake|p2a: Forretress\n|-damage|p2a: Forretress|58\/100\n|move|p2a: Forretress|Curse|p2a: Forretress\n|-unboost|p2a: Forretress|spe|1\n|-boost|p2a: Forretress|atk|1\n|-boost|p2a: Forretress|def|1\n|\n|-damage|p1a: Gliscor|0 fnt|[from] item: Black Sludge\n|faint|p1a: Gliscor\n|-heal|p2a: Forretress|64\/100|[from] item: Leftovers\n|upkeep\n|\n|t:|1698397854\n|switch|p1a: Chi-Yu|Chi-Yu|100\/100\n|-ability|p1a: Chi-Yu|Beads of Ruin\n|turn|6\n|\n|t:|1698397865\n|switch|p2a: Volcarona|Volcarona, F|100\/100\n|move|p1a: Chi-Yu|Overheat|p2a: Volcarona\n|-damage|p2a: Volcarona|26\/100\n|-unboost|p1a: Chi-Yu|spa|2\n|\n|upkeep\n|turn|7\n|\n|t:|1698397905\n|switch|p1a: Toxapex|Toxapex, M, shiny|100\/100\n|move|p2a: Volcarona|Bug Buzz|p1a: Toxapex\n|-resisted|p1a: Toxapex\n|-damage|p1a: Toxapex|79\/100\n|-unboost|p1a: Toxapex|spd|1\n|-damage|p2a: Volcarona|16\/100|[from] item: Life Orb\n|\n|upkeep\n|turn|8\n|\n|t:|1698397925\n|move|p2a: Volcarona|Morning Sun|p2a: Volcarona\n|-heal|p2a: Volcarona|66\/100\n|move|p1a: Toxapex|Liquidation|p2a: Volcarona\n|-supereffective|p2a: Volcarona\n|-damage|p2a: Volcarona|8\/100\n|\n|upkeep\n|turn|9\n|\n|t:|1698397941\n|switch|p2a: Forretress|Forretress, M, shiny|64\/100\n|move|p1a: Toxapex|Liquidation|p2a: Forretress\n|-damage|p2a: Forretress|47\/100\n|-unboost|p2a: Forretress|def|1\n|\n|-heal|p2a: Forretress|53\/100|[from] item: Leftovers\n|upkeep\n|turn|10\n|\n|t:|1698397955\n|switch|p1a: Dragonite|Dragonite, M, shiny|100\/100\n|move|p2a: Forretress|Curse|p2a: Forretress\n|-unboost|p2a: Forretress|spe|1\n|-boost|p2a: Forretress|atk|1\n|-boost|p2a: Forretress|def|1\n|\n|-heal|p2a: Forretress|59\/100|[from] item: Leftovers\n|upkeep\n|turn|11\n|\n|t:|1698397978\n|-terastallize|p1a: Dragonite|Normal\n|move|p1a: Dragonite|Dragon Dance|p1a: Dragonite\n|-boost|p1a: Dragonite|atk|1\n|-boost|p1a: Dragonite|spe|1\n|move|p2a: Forretress|Curse|p2a: Forretress\n|-unboost|p2a: Forretress|spe|1\n|-boost|p2a: Forretress|atk|1\n|-boost|p2a: Forretress|def|1\n|\n|-heal|p2a: Forretress|65\/100|[from] item: Leftovers\n|upkeep\n|turn|12\n|\n|t:|1698397996\n|move|p1a: Dragonite|Extreme Speed|p2a: Forretress\n|-resisted|p2a: Forretress\n|-damage|p2a: Forretress|50\/100\n|move|p2a: Forretress|Curse|p2a: Forretress\n|-unboost|p2a: Forretress|spe|1\n|-boost|p2a: Forretress|atk|1\n|-boost|p2a: Forretress|def|1\n|\n|-heal|p2a: Forretress|57\/100|[from] item: Leftovers\n|upkeep\n|turn|13\n|\n|t:|1698398012\n|move|p1a: Dragonite|Dragon Dance|p1a: Dragonite\n|-boost|p1a: Dragonite|atk|1\n|-boost|p1a: Dragonite|spe|1\n|move|p2a: Forretress|Body Press|p1a: Dragonite\n|-supereffective|p1a: Dragonite\n|-crit|p1a: Dragonite\n|-damage|p1a: Dragonite|0 fnt\n|faint|p1a: Dragonite\n|\n|-heal|p2a: Forretress|62\/100|[from] item: Leftovers\n|upkeep\n|\n|t:|1698398025\n|switch|p1a: Chi-Yu|Chi-Yu|100\/100\n|-ability|p1a: Chi-Yu|Beads of Ruin\n|turn|14\n|\n|t:|1698398040\n|switch|p2a: Illumise|Illumise, F, shiny|100\/100\n|move|p1a: Chi-Yu|Overheat|p2a: Illumise\n|-supereffective|p2a: Illumise\n|-enditem|p2a: Illumise|Focus Sash\n|-damage|p2a: Illumise|1\/100\n|-unboost|p1a: Chi-Yu|spa|2\n|\n|upkeep\n|turn|15\n|\n|t:|1698398050\n|move|p2a: Illumise|Thunder Wave|p1a: Chi-Yu\n|-hint|Since gen 7, Dark is immune to Prankster moves.\n|-immune|p1a: Chi-Yu\n|move|p1a: Chi-Yu|Overheat|p2a: Illumise\n|-supereffective|p2a: Illumise\n|-damage|p2a: Illumise|0 fnt\n|-unboost|p1a: Chi-Yu|spa|2\n|faint|p2a: Illumise\n|\n|upkeep\n|\n|t:|1698398059\n|switch|p2a: Kleavor|Kleavor, M, shiny|100\/100\n|turn|16\n|\n|t:|1698398067\n|switch|p1a: Urshifu|Urshifu-Rapid-Strike, M|100\/100\n|move|p2a: Kleavor|Stone Axe|p1a: Urshifu\n|-resisted|p1a: Urshifu\n|-damage|p1a: Urshifu|74\/100\n|-sidestart|p1: 8614496589w|move: Stealth Rock\n|\n|upkeep\n|turn|17\n|\n|t:|1698398077\n|switch|p2a: Forretress|Forretress, M, shiny|62\/100\n|move|p1a: Urshifu|Surging Strikes|p2a: Forretress\n|-crit|p2a: Forretress\n|-damage|p2a: Forretress|45\/100\n|-crit|p2a: Forretress\n|-damage|p2a: Forretress|27\/100\n|-crit|p2a: Forretress\n|-damage|p2a: Forretress|10\/100\n|-hitcount|p2a: Forretress|3\n|\n|-heal|p2a: Forretress|16\/100|[from] item: Leftovers\n|upkeep\n|turn|18\n|\n|t:|1698398105\n|move|p1a: Urshifu|Aqua Jet|p2a: Forretress\n|-damage|p2a: Forretress|0 fnt\n|faint|p2a: Forretress\n|\n|upkeep\n|\n|t:|1698398111\n|switch|p2a: Kleavor|Kleavor, M, shiny|100\/100\n|turn|19\n|\n|t:|1698398122\n|-terastallize|p2a: Kleavor|Fighting\n|move|p2a: Kleavor|Close Combat|p1a: Urshifu\n|-damage|p1a: Urshifu|13\/100\n|-unboost|p2a: Kleavor|def|1\n|-unboost|p2a: Kleavor|spd|1\n|move|p1a: Urshifu|Surging Strikes|p2a: Kleavor\n|-crit|p2a: Kleavor\n|-damage|p2a: Kleavor|51\/100\n|-crit|p2a: Kleavor\n|-damage|p2a: Kleavor|5\/100\n|-crit|p2a: Kleavor\n|-damage|p2a: Kleavor|0 fnt\n|faint|p2a: Kleavor\n|-hitcount|p2: Kleavor|3\n|\n|upkeep\n|\n|t:|1698398153\n|switch|p2a: Frosmoth|Frosmoth, F|100\/100\n|turn|20\n|\n|t:|1698398164\n|switch|p1a: Chi-Yu|Chi-Yu|100\/100\n|-damage|p1a: Chi-Yu|76\/100|[from] Stealth Rock\n|-ability|p1a: Chi-Yu|Beads of Ruin\n|move|p2a: Frosmoth|Ice Beam|p1a: Chi-Yu\n|-resisted|p1a: Chi-Yu\n|-crit|p1a: Chi-Yu\n|-damage|p1a: Chi-Yu|41\/100\n|\n|upkeep\n|turn|21\n|\n|t:|1698398184\n|move|p1a: Chi-Yu|Overheat|p2a: Frosmoth\n|-supereffective|p2a: Frosmoth\n|-damage|p2a: Frosmoth|0 fnt\n|-unboost|p1a: Chi-Yu|spa|2\n|faint|p2a: Frosmoth\n|\n|upkeep\n|\n|t:|1698398188\n|switch|p2a: Ribombee|Ribombee, F, shiny|100\/100\n|turn|22\n|\n|t:|1698398196\n|switch|p1a: Toxapex|Toxapex, M, shiny|100\/100\n|-damage|p1a: Toxapex|88\/100|[from] Stealth Rock\n|move|p2a: Ribombee|Substitute|p2a: Ribombee\n|-start|p2a: Ribombee|Substitute\n|-damage|p2a: Ribombee|76\/100\n|\n|-heal|p2a: Ribombee|82\/100|[from] item: Leftovers\n|upkeep\n|turn|23\n|\n|t:|1698398216\n|move|p2a: Ribombee|Quiver Dance|p2a: Ribombee\n|-boost|p2a: Ribombee|spa|1\n|-boost|p2a: Ribombee|spd|1\n|-boost|p2a: Ribombee|spe|1\n|move|p1a: Toxapex|Toxic||[still]\n|-fail|p1a: Toxapex\n|\n|-heal|p2a: Ribombee|88\/100|[from] item: Leftovers\n|upkeep\n|turn|24\n|\n|t:|1698398229\n|move|p2a: Ribombee|Quiver Dance|p2a: Ribombee\n|-boost|p2a: Ribombee|spa|1\n|-boost|p2a: Ribombee|spd|1\n|-boost|p2a: Ribombee|spe|1\n|move|p1a: Toxapex|Toxic||[still]\n|-fail|p1a: Toxapex\n|\n|-heal|p2a: Ribombee|94\/100|[from] item: Leftovers\n|upkeep\n|turn|25\n|\n|t:|1698398241\n|move|p2a: Ribombee|Quiver Dance|p2a: Ribombee\n|-boost|p2a: Ribombee|spa|1\n|-boost|p2a: Ribombee|spd|1\n|-boost|p2a: Ribombee|spe|1\n|move|p1a: Toxapex|Toxic||[still]\n|-fail|p1a: Toxapex\n|\n|-heal|p2a: Ribombee|99\/100|[from] item: Leftovers\n|upkeep\n|turn|26\n|\n|t:|1698398255\n|move|p2a: Ribombee|Psychic|p1a: Toxapex\n|-supereffective|p1a: Toxapex\n|-damage|p1a: Toxapex|0 fnt\n|faint|p1a: Toxapex\n|\n|-heal|p2a: Ribombee|100\/100|[from] item: Leftovers\n|upkeep\n|\n|t:|1698398263\n|switch|p1a: Gholdengo|Gholdengo|100\/100\n|-damage|p1a: Gholdengo|94\/100|[from] Stealth Rock\n|turn|27\n|\n|t:|1698398275\n|move|p2a: Ribombee|Moonblast|p1a: Gholdengo\n|-resisted|p1a: Gholdengo\n|-crit|p1a: Gholdengo\n|-damage|p1a: Gholdengo|3\/100\n|move|p1a: Gholdengo|Shadow Ball|p2a: Ribombee\n|-end|p2a: Ribombee|Substitute\n|\n|upkeep\n|turn|28\n|\n|t:|1698398288\n|move|p1a: Gholdengo|Protect|p1a: Gholdengo\n|-singleturn|p1a: Gholdengo|Protect\n|move|p2a: Ribombee|Psychic|p1a: Gholdengo\n|-activate|p1a: Gholdengo|move: Protect\n|\n|upkeep\n|turn|29\n|\n|t:|1698398297\n|move|p2a: Ribombee|Moonblast|p1a: Gholdengo\n|-resisted|p1a: Gholdengo\n|-damage|p1a: Gholdengo|0 fnt\n|faint|p1a: Gholdengo\n|\n|upkeep\n|\n|t:|1698398303\n|switch|p1a: Urshifu|Urshifu-Rapid-Strike, M|13\/100\n|-damage|p1a: Urshifu|6\/100|[from] Stealth Rock\n|turn|30\n|\n|t:|1698398309\n|move|p1a: Urshifu|Aqua Jet|p2a: Ribombee\n|-damage|p2a: Ribombee|53\/100\n|move|p2a: Ribombee|Moonblast|p1a: Urshifu\n|-supereffective|p1a: Urshifu\n|-damage|p1a: Urshifu|0 fnt\n|faint|p1a: Urshifu\n|\n|-heal|p2a: Ribombee|60\/100|[from] item: Leftovers\n|upkeep\n|\n|t:|1698398320\n|switch|p1a: Chi-Yu|Chi-Yu|41\/100\n|-damage|p1a: Chi-Yu|16\/100|[from] Stealth Rock\n|-ability|p1a: Chi-Yu|Beads of Ruin\n|turn|31\n|\n|t:|1698398327\n|move|p2a: Ribombee|Moonblast|p1a: Chi-Yu\n|-damage|p1a: Chi-Yu|0 fnt\n|faint|p1a: Chi-Yu\n|\n|win|Zcu3\n|raw|8614496589w's rating: 1000 &rarr; <strong>1000<\/strong><br \/>(+0 for losing)\n|raw|Zcu3's rating: 1084 &rarr; <strong>1105<\/strong><br \/>(+21 for winning)\n|l|\u26068614496589w\n","uploadtime":1698398347,"views":10,"p1id":"8614496589w","p2id":"zcu3","formatid":"gen9ubers","rating":1000,"private":0,"password":""}