{"id":"gen9ubers-1984626776","p1":"Irokoro","p2":"Frezzxr","format":"[Gen 9] Ubers","log":"|j|\u2606Irokoro\n|j|\u2606Frezzxr\n|t:|1699285825\n|gametype|singles\n|player|p1|Irokoro|170|1155\n|player|p2|Frezzxr|biker-gen4|1201\n|teamsize|p1|6\n|teamsize|p2|6\n|gen|9\n|tier|[Gen 9] Ubers\n|rated|\n|rule|Sleep Clause Mod: Limit one foe put to sleep\n|rule|Species Clause: Limit one of each Pok\u00e9mon\n|rule|OHKO Clause: OHKO moves are banned\n|rule|Evasion Items Clause: Evasion items are banned\n|rule|Evasion Moves Clause: Evasion moves are banned\n|rule|Endless Battle Clause: Forcing endless battles is banned\n|rule|HP Percentage Mod: HP is shown in percentages\n|clearpoke\n|poke|p1|Zacian-*|\n|poke|p1|Arceus-Ground|\n|poke|p1|Giratina-Origin|\n|poke|p1|Ribombee, M|\n|poke|p1|Miraidon|\n|poke|p1|Kyogre|\n|poke|p2|Houndstone, M|\n|poke|p2|Tyranitar, M|\n|poke|p2|Glimmora, M|\n|poke|p2|Darkrai|\n|poke|p2|Chien-Pao|\n|poke|p2|Miraidon|\n|teampreview\n|inactive|Battle timer is ON: inactive players will automatically lose when time's up. (requested by Irokoro)\n|\n|t:|1699285834\n|start\n|switch|p1a: Arceus|Arceus-Ground|100\/100\n|switch|p2a: He likes spikes|Glimmora, M, shiny|100\/100\n|turn|1\n|inactive|Irokoro has 120 seconds left.\n|inactive|Frezzxr has 120 seconds left.\n|l|\u2606Frezzxr\n|inactive|Frezzxr disconnected and has a minute to reconnect!\n|player|p2|\n|j|\u2606Frezzxr\n|inactive|Frezzxr reconnected and has 105 seconds left.\n|player|p2|Frezzxr|biker-gen4\n|\n|t:|1699285887\n|switch|p1a: Ribombee|Ribombee, M|100\/100\n|move|p2a: He likes spikes|Toxic Spikes|p1a: Ribombee\n|-sidestart|p1: Irokoro|move: Toxic Spikes\n|\n|upkeep\n|turn|2\n|inactive|Irokoro has 120 seconds left.\n|\n|t:|1699285893\n|move|p1a: Ribombee|Sticky Web|p2a: He likes spikes\n|-sidestart|p2: Frezzxr|move: Sticky Web\n|move|p2a: He likes spikes|Stealth Rock|p1a: Ribombee\n|-sidestart|p1: Irokoro|move: Stealth Rock\n|\n|upkeep\n|turn|3\n|\n|t:|1699285901\n|move|p1a: Ribombee|Stun Spore|p2a: He likes spikes\n|-status|p2a: He likes spikes|par\n|move|p2a: He likes spikes|Light Screen|p2a: He likes spikes\n|-sidestart|p2: Frezzxr|move: Light Screen\n|\n|upkeep\n|turn|4\n|inactive|Frezzxr has 120 seconds left.\n|\n|t:|1699285907\n|move|p1a: Ribombee|Stun Spore|p2a: He likes spikes\n|-fail|p2a: He likes spikes|par\n|cant|p2a: He likes spikes|par\n|\n|upkeep\n|turn|5\n|\n|t:|1699285914\n|move|p1a: Ribombee|Moonblast|p2a: He likes spikes\n|-resisted|p2a: He likes spikes\n|-damage|p2a: He likes spikes|90\/100 par\n|-enditem|p2a: He likes spikes|Red Card|[of] p1a: Ribombee\n|drag|p1a: Arceus|Arceus-Ground|100\/100\n|-status|p1a: Arceus|psn\n|-damage|p1a: Arceus|94\/100 psn|[from] Stealth Rock\n|cant|p2a: He likes spikes|par\n|\n|-damage|p1a: Arceus|82\/100 psn|[from] psn\n|upkeep\n|turn|6\n|\n|t:|1699285927\n|move|p1a: Arceus|Earthquake|p2a: He likes spikes\n|-supereffective|p2a: He likes spikes\n|-damage|p2a: He likes spikes|0 fnt\n|-activate|p2a: He likes spikes|ability: Toxic Debris\n|-sidestart|p1: Irokoro|move: Toxic Spikes\n|faint|p2a: He likes spikes\n|\n|-damage|p1a: Arceus|70\/100 psn|[from] psn\n|upkeep\n|\n|t:|1699285935\n|switch|p2a: Sleepy|Darkrai, shiny|100\/100\n|-activate|p2a: Sleepy|move: Sticky Web\n|-unboost|p2a: Sleepy|spe|1\n|turn|7\n|\n|t:|1699285953\n|switch|p1a: Giratina|Giratina-Origin|100\/100\n|-damage|p1a: Giratina|88\/100|[from] Stealth Rock\n|move|p2a: Sleepy|Nasty Plot|p2a: Sleepy\n|-boost|p2a: Sleepy|spa|2\n|\n|-sideend|p2: Frezzxr|move: Light Screen\n|upkeep\n|turn|8\n|\n|t:|1699285963\n|move|p2a: Sleepy|Nasty Plot|p2a: Sleepy\n|-boost|p2a: Sleepy|spa|2\n|move|p1a: Giratina|Dragon Tail|p2a: Sleepy\n|-damage|p2a: Sleepy|57\/100\n|drag|p2a: Jitmolie|Houndstone, M, shiny|100\/100\n|-activate|p2a: Jitmolie|move: Sticky Web\n|-unboost|p2a: Jitmolie|spe|1\n|\n|upkeep\n|turn|9\n|\n|t:|1699285978\n|switch|p2a: I\u2019m goofy\ud83d\ude43|Chien-Pao|100\/100\n|-activate|p2a: I\u2019m goofy\ud83d\ude43|move: Sticky Web\n|-unboost|p2a: I\u2019m goofy\ud83d\ude43|spe|1\n|-ability|p2a: I\u2019m goofy\ud83d\ude43|Sword of Ruin\n|-terastallize|p1a: Giratina|Steel\n|move|p1a: Giratina|Defog|p2a: I\u2019m goofy\ud83d\ude43\n|-unboost|p2a: I\u2019m goofy\ud83d\ude43|evasion|1\n|-sideend|p2: Frezzxr|Sticky Web|[from] move: Defog|[of] p1a: Giratina\n|-sideend|p1: Irokoro|Toxic Spikes|[from] move: Defog|[of] p1a: Giratina\n|-sideend|p1: Irokoro|Stealth Rock|[from] move: Defog|[of] p1a: Giratina\n|\n|upkeep\n|turn|10\n|\n|t:|1699285994\n|switch|p1a: Ribombee|Ribombee, M|100\/100\n|move|p2a: I\u2019m goofy\ud83d\ude43|Sacred Sword|p1a: Ribombee\n|-resisted|p1a: Ribombee\n|-damage|p1a: Ribombee|81\/100\n|\n|upkeep\n|turn|11\n|\n|t:|1699285998\n|move|p2a: I\u2019m goofy\ud83d\ude43|Ice Shard|p1a: Ribombee\n|-damage|p1a: Ribombee|26\/100\n|move|p1a: Ribombee|Sticky Web|p2a: I\u2019m goofy\ud83d\ude43\n|-sidestart|p2: Frezzxr|move: Sticky Web\n|\n|upkeep\n|turn|12\n|\n|t:|1699286004\n|move|p2a: I\u2019m goofy\ud83d\ude43|Ice Shard|p1a: Ribombee\n|-damage|p1a: Ribombee|0 fnt\n|faint|p1a: Ribombee\n|\n|upkeep\n|\n|t:|1699286013\n|switch|p1a: Zacian|Zacian-Crowned, shiny|100\/100\n|-ability|p1a: Zacian|Intrepid Sword|boost\n|-boost|p1a: Zacian|atk|1\n|turn|13\n|\n|t:|1699286026\n|move|p1a: Zacian|Play Rough|p2a: I\u2019m goofy\ud83d\ude43\n|-supereffective|p2a: I\u2019m goofy\ud83d\ude43\n|-damage|p2a: I\u2019m goofy\ud83d\ude43|0 fnt\n|faint|p2a: I\u2019m goofy\ud83d\ude43\n|\n|upkeep\n|\n|t:|1699286031\n|switch|p2a: Sleepy|Darkrai, shiny|57\/100\n|-activate|p2a: Sleepy|move: Sticky Web\n|-unboost|p2a: Sleepy|spe|1\n|turn|14\n|\n|t:|1699286037\n|move|p1a: Zacian|Play Rough|p2a: Sleepy\n|-supereffective|p2a: Sleepy\n|-damage|p2a: Sleepy|0 fnt\n|faint|p2a: Sleepy\n|\n|upkeep\n|\n|t:|1699286053\n|switch|p2a: Miraidon|Miraidon|100\/100\n|-activate|p2a: Miraidon|move: Sticky Web\n|-unboost|p2a: Miraidon|spe|1\n|-fieldstart|move: Electric Terrain|[from] ability: Hadron Engine|[of] p2a: Miraidon\n|-enditem|p2a: Miraidon|Electric Seed\n|-boost|p2a: Miraidon|def|1|[from] item: Electric Seed\n|turn|15\n|\n|t:|1699286059\n|move|p1a: Zacian|Play Rough|p2a: Miraidon\n|-supereffective|p2a: Miraidon\n|-damage|p2a: Miraidon|0 fnt\n|faint|p2a: Miraidon\n|\n|upkeep\n|\n|t:|1699286063\n|switch|p2a: Chunky boy|Tyranitar, M, shiny|100\/100\n|-activate|p2a: Chunky boy|move: Sticky Web\n|-unboost|p2a: Chunky boy|spe|1\n|-weather|Sandstorm|[from] ability: Sand Stream|[of] p2a: Chunky boy\n|turn|16\n|\n|t:|1699286069\n|move|p1a: Zacian|Play Rough|p2a: Chunky boy\n|-supereffective|p2a: Chunky boy\n|-damage|p2a: Chunky boy|5\/100\n|move|p2a: Chunky boy|Earthquake|p1a: Zacian\n|-supereffective|p1a: Zacian\n|-damage|p1a: Zacian|43\/100\n|\n|-weather|Sandstorm|[upkeep]\n|upkeep\n|turn|17\n|\n|t:|1699286078\n|move|p1a: Zacian|Behemoth Blade|p2a: Chunky boy\n|-supereffective|p2a: Chunky boy\n|-damage|p2a: Chunky boy|0 fnt\n|faint|p2a: Chunky boy\n|\n|-weather|Sandstorm|[upkeep]\n|upkeep\n|\n|t:|1699286085\n|switch|p2a: Jitmolie|Houndstone, M, shiny|100\/100\n|-activate|p2a: Jitmolie|move: Sticky Web\n|-unboost|p2a: Jitmolie|spe|1\n|turn|18\n|\n|t:|1699286091\n|-terastallize|p2a: Jitmolie|Ghost\n|move|p2a: Jitmolie|Last Respects|p1a: Zacian\n|-damage|p1a: Zacian|0 fnt\n|faint|p1a: Zacian\n|\n|-weather|Sandstorm|[upkeep]\n|upkeep\n|\n|t:|1699286107\n|switch|p1a: Giratina|Giratina-Origin, tera:Steel|88\/100\n|turn|19\n|\n|t:|1699286111\n|move|p2a: Jitmolie|Last Respects|p1a: Giratina\n|-damage|p1a: Giratina|0 fnt\n|faint|p1a: Giratina\n|\n|-weather|Sandstorm|[upkeep]\n|-fieldend|move: Electric Terrain\n|upkeep\n|\n|t:|1699286117\n|switch|p1a: Arceus|Arceus-Ground|70\/100 psn\n|turn|20\n|\n|t:|1699286121\n|move|p2a: Jitmolie|Last Respects|p1a: Arceus\n|-damage|p1a: Arceus|0 fnt\n|faint|p1a: Arceus\n|\n|-weather|Sandstorm|[upkeep]\n|upkeep\n|\n|t:|1699286126\n|switch|p1a: Miraidon|Miraidon|100\/100\n|-fieldstart|move: Electric Terrain|[from] ability: Hadron Engine|[of] p1a: Miraidon\n|turn|21\n|\n|t:|1699286133\n|move|p2a: Jitmolie|Last Respects|p1a: Miraidon\n|-damage|p1a: Miraidon|0 fnt\n|faint|p1a: Miraidon\n|\n|-weather|Sandstorm|[upkeep]\n|upkeep\n|\n|t:|1699286135\n|switch|p1a: Kyogre|Kyogre|100\/100\n|-weather|RainDance|[from] ability: Drizzle|[of] p1a: Kyogre\n|turn|22\n|\n|t:|1699286143\n|move|p1a: Kyogre|Water Spout|p2a: Jitmolie\n|-crit|p2a: Jitmolie\n|-damage|p2a: Jitmolie|0 fnt\n|faint|p2a: Jitmolie\n|\n|win|Irokoro\n|raw|Irokoro's rating: 1155 &rarr; <strong>1183<\/strong><br \/>(+28 for winning)\n|raw|Frezzxr's rating: 1201 &rarr; <strong>1173<\/strong><br \/>(-28 for losing)\n|l|\u2606Frezzxr\n|c|\u2606Irokoro|252 SpA Kyogre Water Spout (150 BP) vs. 0 HP \/ 4 SpD Houndstone: 279-328 (97.8 - 115%) -- 87.5% chance to OHKO\n|c|\u2606Irokoro|Possible damage amounts: (279, 282, 285, 288, 291, 295, 298, 301, 304, 307, 312, 315, 318, 321, 324, 328)\n","uploadtime":1699286202,"views":4,"p1id":"irokoro","p2id":"frezzxr","formatid":"gen9ubers","rating":1173,"private":0,"password":""}