{"id":"gen9ubers-1999109895","p1":"Tatertank","p2":"LordChampaGaming","format":"[Gen 9] Ubers","log":"|j|\u2606Tatertank\n|j|\u2606LordChampaGaming\n|t:|1701034181\n|gametype|singles\n|player|p1|Tatertank|1|\n|player|p2|LordChampaGaming|169|\n|teamsize|p1|6\n|teamsize|p2|6\n|gen|9\n|tier|[Gen 9] Ubers\n|rule|Sleep Clause Mod: Limit one foe put to sleep\n|rule|Species Clause: Limit one of each Pok\u00e9mon\n|rule|OHKO Clause: OHKO moves are banned\n|rule|Evasion Items Clause: Evasion items are banned\n|rule|Evasion Moves Clause: Evasion moves are banned\n|rule|Endless Battle Clause: Forcing endless battles is banned\n|rule|HP Percentage Mod: HP is shown in percentages\n|clearpoke\n|poke|p1|Gliscor, M|\n|poke|p1|Heatran, M|\n|poke|p1|Milotic, F|\n|poke|p1|Slither Wing|\n|poke|p1|Zoroark-Hisui, F|\n|poke|p1|Breloom, F|\n|poke|p2|Annihilape, M|\n|poke|p2|Slaking, F|\n|poke|p2|Lycanroc-Dusk, F|\n|poke|p2|Dipplin, M|\n|poke|p2|Gastrodon-East, F|\n|poke|p2|Zarude-Dada|\n|teampreview\n|\n|t:|1701034198\n|start\n|switch|p1a: notzoroark|Slither Wing|100\/100\n|switch|p2a: Lycanroc|Lycanroc-Dusk, F|100\/100\n|turn|1\n|\n|t:|1701034205\n|move|p2a: Lycanroc|Accelerock|p1a: notzoroark\n|-damage|p1a: notzoroark|60\/100\n|-damage|p2a: Lycanroc|91\/100|[from] item: Life Orb\n|move|p1a: notzoroark|Close Combat|p2a: Lycanroc\n|-supereffective|p2a: Lycanroc\n|-damage|p2a: Lycanroc|0 fnt\n|-unboost|p1a: notzoroark|def|1\n|-unboost|p1a: notzoroark|spd|1\n|faint|p2a: Lycanroc\n|\n|upkeep\n|\n|t:|1701034211\n|switch|p2a: Zarude|Zarude-Dada|100\/100\n|turn|2\n|\n|t:|1701034229\n|-end|p1a: notzoroark|Protosynthesis|[silent]\n|switch|p1a: NotZoroark|Heatran, M|100\/100\n|move|p2a: Zarude|Acrobatics|p1a: NotZoroark\n|-resisted|p1a: NotZoroark\n|-damage|p1a: NotZoroark|85\/100\n|\n|-heal|p1a: NotZoroark|92\/100|[from] item: Leftovers\n|upkeep\n|turn|3\n|\n|t:|1701034240\n|switch|p2a: Gastrodon|Gastrodon-East, F|100\/100\n|move|p1a: NotZoroark|Magma Storm|p2a: Gastrodon\n|-resisted|p2a: Gastrodon\n|-damage|p2a: Gastrodon|82\/100\n|-activate|p2a: Gastrodon|move: Magma Storm|[of] p1a: NotZoroark\n|\n|-heal|p1a: NotZoroark|98\/100|[from] item: Leftovers\n|-damage|p2a: Gastrodon|69\/100|[from] move: Magma Storm|[partiallytrapped]\n|upkeep\n|turn|4\n|\n|t:|1701034255\n|switch|p1a: notZoroark|Milotic, F, shiny|100\/100\n|move|p2a: Gastrodon|Earth Power|p1a: notZoroark\n|-damage|p1a: notZoroark|80\/100\n|\n|-heal|p1a: notZoroark|86\/100|[from] item: Leftovers\n|-end|p2a: Gastrodon|Magma Storm|[partiallytrapped]|[silent]\n|upkeep\n|turn|5\n|\n|t:|1701034266\n|switch|p1a: nOtzoroark|Breloom, F|100\/100\n|move|p2a: Gastrodon|Yawn|p1a: nOtzoroark\n|-start|p1a: nOtzoroark|move: Yawn|[of] p2a: Gastrodon\n|\n|upkeep\n|turn|6\n|\n|t:|1701034278\n|move|p1a: nOtzoroark|U-turn|p2a: Gastrodon\n|-damage|p2a: Gastrodon|52\/100\n|\n|t:|1701034280\n|switch|p1a: notZoroark|Milotic, F, shiny|86\/100|[from] U-turn\n|move|p2a: Gastrodon|Ice Beam|p1a: notZoroark\n|-resisted|p1a: notZoroark\n|-damage|p1a: notZoroark|79\/100\n|\n|-heal|p1a: notZoroark|85\/100|[from] item: Leftovers\n|upkeep\n|turn|7\n|\n|t:|1701034290\n|switch|p2a: Dipplin|Dipplin, M|100\/100\n|-ability|p2a: Dipplin|Supersweet Syrup\n|-ability|p2a: Dipplin|Supersweet Syrup|boost\n|-unboost|p1a: notZoroark|evasion|1\n|move|p1a: notZoroark|Ice Beam|p2a: Dipplin\n|-supereffective|p2a: Dipplin\n|-damage|p2a: Dipplin|35\/100\n|\n|-heal|p1a: notZoroark|91\/100|[from] item: Leftovers\n|upkeep\n|turn|8\n|\n|t:|1701034303\n|-terastallize|p1a: notZoroark|Fairy\n|move|p1a: notZoroark|Ice Beam|p2a: Dipplin\n|-supereffective|p2a: Dipplin\n|-damage|p2a: Dipplin|0 fnt\n|faint|p2a: Dipplin\n|\n|-heal|p1a: notZoroark|97\/100|[from] item: Leftovers\n|upkeep\n|\n|t:|1701034310\n|switch|p2a: Slaking|Slaking, F|100\/100\n|turn|9\n|\n|t:|1701034313\n|move|p2a: Slaking|Giga Impact|p1a: notZoroark\n|-damage|p1a: notZoroark|36\/100\n|-mustrecharge|p2a: Slaking\n|move|p1a: notZoroark|Scald|p2a: Slaking\n|-damage|p2a: Slaking|81\/100\n|\n|-heal|p1a: notZoroark|42\/100|[from] item: Leftovers\n|upkeep\n|turn|10\n|\n|t:|1701034318\n|cant|p2a: Slaking|recharge\n|move|p1a: notZoroark|Scald|p2a: Slaking\n|-damage|p2a: Slaking|61\/100\n|\n|-heal|p1a: notZoroark|48\/100|[from] item: Leftovers\n|upkeep\n|turn|11\n|\n|t:|1701034323\n|switch|p1a: nOtzoroark|Breloom, F|100\/100\n|move|p2a: Slaking|Giga Impact|p1a: nOtzoroark\n|-immune|p1a: nOtzoroark\n|\n|upkeep\n|turn|12\n|\n|t:|1701034330\n|switch|p2a: Zarude|Zarude-Dada|100\/100\n|move|p1a: nOtzoroark|Flamethrower|p2a: Zarude\n|-supereffective|p2a: Zarude\n|-damage|p2a: Zarude|33\/100\n|\n|upkeep\n|turn|13\n|\n|t:|1701034335\n|move|p2a: Zarude|Crunch|p1a: nOtzoroark\n|-supereffective|p1a: nOtzoroark\n|-enditem|p1a: nOtzoroark|Focus Sash\n|-damage|p1a: nOtzoroark|1\/100\n|-unboost|p1a: nOtzoroark|def|1\n|replace|p1a: noTzoroarok|Zoroark-Hisui, F, shiny\n|-end|p1a: noTzoroarok|Illusion\n|move|p1a: noTzoroarok|Flamethrower|p2a: Zarude\n|-supereffective|p2a: Zarude\n|-damage|p2a: Zarude|0 fnt\n|faint|p2a: Zarude\n|\n|upkeep\n|\n|t:|1701034344\n|switch|p2a: Annihilape|Annihilape, M|100\/100\n|turn|14\n|\n|t:|1701034357\n|move|p1a: noTzoroarok|Shadow Ball|p2a: Annihilape\n|-supereffective|p2a: Annihilape\n|-damage|p2a: Annihilape|28\/100\n|-unboost|p2a: Annihilape|spd|1\n|-ability|p2a: Annihilape|Defiant|boost\n|-boost|p2a: Annihilape|atk|2\n|move|p2a: Annihilape|Earthquake|p1a: noTzoroarok\n|-damage|p1a: noTzoroarok|0 fnt\n|faint|p1a: noTzoroarok\n|\n|upkeep\n|\n|t:|1701034360\n|switch|p1a: notzoroark|Slither Wing|60\/100\n|turn|15\n|\n|t:|1701034376\n|move|p1a: notzoroark|First Impression|p2a: Annihilape\n|-resisted|p2a: Annihilape\n|-damage|p2a: Annihilape|17\/100\n|move|p2a: Annihilape|Rage Fist|p1a: notzoroark\n|-damage|p1a: notzoroark|0 fnt\n|faint|p1a: notzoroark\n|-end|p1a: notzoroark|Protosynthesis|[silent]\n|\n|upkeep\n|\n|t:|1701034386\n|switch|p1a: Notzoroark|Gliscor, M, shiny|100\/100\n|turn|16\n|\n|t:|1701034390\n|move|p1a: Notzoroark|Earthquake|p2a: Annihilape\n|-damage|p2a: Annihilape|0 fnt\n|faint|p2a: Annihilape\n|\n|-status|p1a: Notzoroark|tox|[from] item: Toxic Orb\n|upkeep\n|\n|t:|1701034394\n|switch|p2a: Gastrodon|Gastrodon-East, F|52\/100\n|turn|17\n|\n|t:|1701034401\n|switch|p1a: notZoroark|Milotic, F, shiny, tera:Fairy|48\/100\n|move|p2a: Gastrodon|Ice Beam|p1a: notZoroark\n|-damage|p1a: notZoroark|33\/100\n|\n|-heal|p1a: notZoroark|39\/100|[from] item: Leftovers\n|upkeep\n|turn|18\n|\n|t:|1701034409\n|move|p1a: notZoroark|Recover|p1a: notZoroark\n|-heal|p1a: notZoroark|89\/100\n|move|p2a: Gastrodon|Yawn|p1a: notZoroark\n|-start|p1a: notZoroark|move: Yawn|[of] p2a: Gastrodon\n|\n|-heal|p1a: notZoroark|95\/100|[from] item: Leftovers\n|upkeep\n|turn|19\n|\n|t:|1701034423\n|switch|p1a: NotZoroark|Heatran, M|98\/100\n|switch|p2a: Slaking|Slaking, F|61\/100\n|\n|-heal|p1a: NotZoroark|100\/100|[from] item: Leftovers\n|upkeep\n|turn|20\n|\n|t:|1701034433\n|move|p2a: Slaking|Earthquake|p1a: NotZoroark\n|-supereffective|p1a: NotZoroark\n|-damage|p1a: NotZoroark|0 fnt\n|faint|p1a: NotZoroark\n|\n|upkeep\n|\n|t:|1701034436\n|switch|p1a: nOtzoroark|Breloom, F|100\/100\n|turn|21\n|\n|t:|1701034445\n|-terastallize|p2a: Slaking|Fairy\n|cant|p2a: Slaking|ability: Truant\n|move|p1a: nOtzoroark|Bullet Seed|p2a: Slaking\n|-damage|p2a: Slaking|44\/100\n|-damage|p2a: Slaking|29\/100\n|-damage|p2a: Slaking|13\/100\n|-damage|p2a: Slaking|0 fnt\n|faint|p2a: Slaking\n|-hitcount|p2: Slaking|4\n|\n|upkeep\n|\n|t:|1701034450\n|switch|p2a: Gastrodon|Gastrodon-East, F|52\/100\n|turn|22\n|\n|t:|1701034454\n|move|p1a: nOtzoroark|Bullet Seed|p2a: Gastrodon\n|-supereffective|p2a: Gastrodon\n|-damage|p2a: Gastrodon|0 fnt\n|faint|p2a: Gastrodon\n|-hitcount|p2: Gastrodon|1\n|\n|win|Tatertank\n","uploadtime":1701034459,"views":2,"p1id":"tatertank","p2id":"lordchampagaming","formatid":"gen9ubers","rating":0,"private":0,"password":""}