{"id":"gen9ubers-2000076143","p1":"Wolvenstorm","p2":"Misterharout0811","format":"[Gen 9] Ubers","log":"|j|\u2606Wolvenstorm\n|j|\u2606Misterharout0811\n|t:|1701150324\n|gametype|singles\n|player|p1|Wolvenstorm|lance|\n|player|p2|Misterharout0811|101|\n|teamsize|p1|6\n|teamsize|p2|6\n|gen|9\n|tier|[Gen 9] Ubers\n|rule|Sleep Clause Mod: Limit one foe put to sleep\n|rule|Species Clause: Limit one of each Pok\u00e9mon\n|rule|OHKO Clause: OHKO moves are banned\n|rule|Evasion Items Clause: Evasion items are banned\n|rule|Evasion Moves Clause: Evasion moves are banned\n|rule|Endless Battle Clause: Forcing endless battles is banned\n|rule|HP Percentage Mod: HP is shown in percentages\n|clearpoke\n|poke|p1|Iron Thorns|\n|poke|p1|Zapdos-Galar|\n|poke|p1|Salamence, M|\n|poke|p1|Dragonite, M|\n|poke|p1|Tyranitar, F|\n|poke|p1|Baxcalibur, F|\n|poke|p2|Pelipper, F|\n|poke|p2|Mimikyu, F|\n|poke|p2|Hippowdon, M|\n|poke|p2|Gardevoir, F|\n|poke|p2|Inteleon, M|\n|poke|p2|Garganacl, M|\n|teampreview\n|\n|t:|1701150338\n|start\n|switch|p1a: Iron Thorns|Iron Thorns|100\/100\n|switch|p2a: Garganacl|Garganacl, M|100\/100\n|-enditem|p1a: Iron Thorns|Booster Energy\n|-activate|p1a: Iron Thorns|ability: Quark Drive|[fromitem]\n|-start|p1a: Iron Thorns|quarkdriveatk\n|turn|1\n|\n|t:|1701150347\n|move|p1a: Iron Thorns|Stealth Rock|p2a: Garganacl\n|-sidestart|p2: Misterharout0811|move: Stealth Rock\n|move|p2a: Garganacl|Iron Defense|p2a: Garganacl\n|-boost|p2a: Garganacl|def|2\n|\n|upkeep\n|turn|2\n|\n|t:|1701150360\n|move|p1a: Iron Thorns|Taunt|p2a: Garganacl\n|-start|p2a: Garganacl|move: Taunt\n|cant|p2a: Garganacl|move: Taunt|Iron Defense\n|\n|upkeep\n|turn|3\n|\n|t:|1701150365\n|move|p1a: Iron Thorns|Spikes|p2a: Garganacl\n|-sidestart|p2: Misterharout0811|Spikes\n|move|p2a: Garganacl|Body Press|p1a: Iron Thorns\n|-supereffective|p1a: Iron Thorns\n|-damage|p1a: Iron Thorns|4\/100\n|\n|upkeep\n|turn|4\n|j| butter dk\n|\n|t:|1701150401\n|move|p1a: Iron Thorns|Rock Blast|p2a: Garganacl\n|-damage|p2a: Garganacl|97\/100\n|-damage|p2a: Garganacl|93\/100\n|-hitcount|p2a: Garganacl|2\n|move|p2a: Garganacl|Body Press|p1a: Iron Thorns\n|-supereffective|p1a: Iron Thorns\n|-damage|p1a: Iron Thorns|0 fnt\n|faint|p1a: Iron Thorns\n|-end|p1a: Iron Thorns|Quark Drive|[silent]\n|\n|-heal|p2a: Garganacl|99\/100|[from] item: Leftovers\n|-end|p2a: Garganacl|move: Taunt\n|upkeep\n|\n|t:|1701150411\n|switch|p1a: Zapdos|Zapdos-Galar, shiny|100\/100\n|turn|5\n|\n|t:|1701150420\n|move|p1a: Zapdos|Close Combat|p2a: Garganacl\n|-supereffective|p2a: Garganacl\n|-damage|p2a: Garganacl|71\/100\n|-unboost|p1a: Zapdos|def|1\n|-unboost|p1a: Zapdos|spd|1\n|move|p2a: Garganacl|Salt Cure|p1a: Zapdos\n|-damage|p1a: Zapdos|77\/100\n|-start|p1a: Zapdos|Salt Cure\n|\n|-heal|p2a: Garganacl|77\/100|[from] item: Leftovers\n|-damage|p1a: Zapdos|65\/100|[from] Salt Cure\n|upkeep\n|turn|6\n|\n|t:|1701150438\n|move|p1a: Zapdos|Close Combat|p2a: Garganacl\n|-supereffective|p2a: Garganacl\n|-damage|p2a: Garganacl|48\/100\n|-unboost|p1a: Zapdos|def|1\n|-unboost|p1a: Zapdos|spd|1\n|move|p2a: Garganacl|Recover|p2a: Garganacl\n|-heal|p2a: Garganacl|98\/100\n|\n|-heal|p2a: Garganacl|100\/100|[from] item: Leftovers\n|-damage|p1a: Zapdos|52\/100|[from] Salt Cure\n|upkeep\n|turn|7\n|c| butter dk|wooo lets go garganacl baby\n|c| butter dk|thats my goat\n|\n|t:|1701150463\n|switch|p1a: Tyranitar|Tyranitar, F|100\/100\n|-weather|Sandstorm|[from] ability: Sand Stream|[of] p1a: Tyranitar\n|move|p2a: Garganacl|Body Press|p1a: Tyranitar\n|-supereffective|p1a: Tyranitar\n|-damage|p1a: Tyranitar|0 fnt\n|faint|p1a: Tyranitar\n|\n|-weather|Sandstorm|[upkeep]\n|upkeep\n|\n|t:|1701150481\n|switch|p1a: Zapdos|Zapdos-Galar, shiny|52\/100\n|turn|8\n|\n|t:|1701150488\n|move|p1a: Zapdos|Thunderous Kick|p2a: Garganacl\n|-supereffective|p2a: Garganacl\n|-damage|p2a: Garganacl|75\/100\n|-unboost|p2a: Garganacl|def|1\n|move|p2a: Garganacl|Body Press|p1a: Zapdos\n|-resisted|p1a: Zapdos\n|-damage|p1a: Zapdos|27\/100\n|\n|-weather|Sandstorm|[upkeep]\n|-damage|p1a: Zapdos|20\/100|[from] Sandstorm\n|-heal|p2a: Garganacl|81\/100|[from] item: Leftovers\n|upkeep\n|turn|9\n|\n|t:|1701150498\n|move|p1a: Zapdos|Thunderous Kick|p2a: Garganacl\n|-supereffective|p2a: Garganacl\n|-damage|p2a: Garganacl|48\/100\n|-unboost|p2a: Garganacl|def|1\n|move|p2a: Garganacl|Body Press|p1a: Zapdos\n|-resisted|p1a: Zapdos\n|-damage|p1a: Zapdos|3\/100\n|\n|-weather|Sandstorm|[upkeep]\n|-damage|p1a: Zapdos|0 fnt|[from] Sandstorm\n|faint|p1a: Zapdos\n|-heal|p2a: Garganacl|54\/100|[from] item: Leftovers\n|upkeep\n|\n|t:|1701150516\n|switch|p1a: Salamence|Salamence, M|100\/100\n|turn|10\n|\n|t:|1701150524\n|move|p1a: Salamence|Dragon Dance|p1a: Salamence\n|-boost|p1a: Salamence|atk|1\n|-boost|p1a: Salamence|spe|1\n|move|p2a: Garganacl|Recover|p2a: Garganacl\n|-heal|p2a: Garganacl|100\/100\n|\n|-weather|Sandstorm|[upkeep]\n|-damage|p1a: Salamence|94\/100|[from] Sandstorm\n|upkeep\n|turn|11\n|\n|t:|1701150532\n|move|p1a: Salamence|Dragon Dance|p1a: Salamence\n|-boost|p1a: Salamence|atk|1\n|-boost|p1a: Salamence|spe|1\n|move|p2a: Garganacl|Iron Defense|p2a: Garganacl\n|-boost|p2a: Garganacl|def|2\n|\n|-weather|none\n|upkeep\n|turn|12\n|\n|t:|1701150540\n|move|p1a: Salamence|Dragon Dance|p1a: Salamence\n|-boost|p1a: Salamence|atk|1\n|-boost|p1a: Salamence|spe|1\n|move|p2a: Garganacl|Salt Cure|p1a: Salamence\n|-supereffective|p1a: Salamence\n|-damage|p1a: Salamence|58\/100\n|-start|p1a: Salamence|Salt Cure\n|\n|-damage|p1a: Salamence|45\/100|[from] Salt Cure\n|upkeep\n|turn|13\n|\n|t:|1701150548\n|move|p1a: Salamence|Earthquake|p2a: Garganacl\n|-supereffective|p2a: Garganacl\n|-damage|p2a: Garganacl|40\/100\n|-damage|p1a: Salamence|35\/100|[from] item: Life Orb\n|move|p2a: Garganacl|Salt Cure|p1a: Salamence\n|-supereffective|p1a: Salamence\n|-damage|p1a: Salamence|3\/100\n|\n|-heal|p2a: Garganacl|46\/100|[from] item: Leftovers\n|-damage|p1a: Salamence|0 fnt|[from] Salt Cure\n|faint|p1a: Salamence\n|upkeep\n|\n|t:|1701150560\n|switch|p1a: Baxcalibur|Baxcalibur, F|100\/100\n|turn|14\n|\n|t:|1701150578\n|move|p1a: Baxcalibur|Dragon Dance|p1a: Baxcalibur\n|-boost|p1a: Baxcalibur|atk|1\n|-boost|p1a: Baxcalibur|spe|1\n|move|p2a: Garganacl|Body Press|p1a: Baxcalibur\n|-supereffective|p1a: Baxcalibur\n|-damage|p1a: Baxcalibur|0 fnt\n|faint|p1a: Baxcalibur\n|\n|-heal|p2a: Garganacl|52\/100|[from] item: Leftovers\n|upkeep\n|\n|t:|1701150586\n|switch|p1a: Dragonite|Dragonite, M|100\/100\n|turn|15\n|\n|t:|1701150589\n|-terastallize|p1a: Dragonite|Normal\n|move|p1a: Dragonite|Extreme Speed|p2a: Garganacl\n|-resisted|p2a: Garganacl\n|-damage|p2a: Garganacl|47\/100\n|move|p2a: Garganacl|Recover|p2a: Garganacl\n|-heal|p2a: Garganacl|97\/100\n|\n|-heal|p2a: Garganacl|100\/100|[from] item: Leftovers\n|upkeep\n|turn|16\n|\n|t:|1701150604\n|move|p1a: Dragonite|Earthquake|p2a: Garganacl\n|-supereffective|p2a: Garganacl\n|-damage|p2a: Garganacl|81\/100\n|move|p2a: Garganacl|Body Press|p1a: Dragonite\n|-supereffective|p1a: Dragonite\n|-damage|p1a: Dragonite|38\/100\n|\n|-heal|p2a: Garganacl|87\/100|[from] item: Leftovers\n|upkeep\n|turn|17\n|\n|t:|1701150612\n|move|p1a: Dragonite|Earthquake|p2a: Garganacl\n|-supereffective|p2a: Garganacl\n|-damage|p2a: Garganacl|66\/100\n|move|p2a: Garganacl|Body Press|p1a: Dragonite\n|-supereffective|p1a: Dragonite\n|-damage|p1a: Dragonite|0 fnt\n|faint|p1a: Dragonite\n|\n|win|Misterharout0811\n|c|\u2606Misterharout0811|gg\n|l|\u2606Wolvenstorm\n|l|\u2606Misterharout0811\n|l| butter dk\n|j|\u2606Misterharout0811\n|player|p2|Misterharout0811|101\n","uploadtime":1701150621,"views":10,"p1id":"wolvenstorm","p2id":"misterharout0811","formatid":"gen9ubers","rating":0,"private":0,"password":""}