{"id":"gen9ubers-1979990202","p1":"Aipom Hoshino","p2":"KonoRyanDa","format":"[Gen 9] Ubers","log":"|j|\u2606Aipom Hoshino\n|j|\u2606KonoRyanDa\n|t:|1698742844\n|gametype|singles\n|player|p1|Aipom Hoshino|lady-gen4|\n|player|p2|KonoRyanDa|swimmerf-gen4|\n|teamsize|p1|6\n|teamsize|p2|6\n|gen|9\n|tier|[Gen 9] Ubers\n|rule|Sleep Clause Mod: Limit one foe put to sleep\n|rule|Species Clause: Limit one of each Pok\u00e9mon\n|rule|OHKO Clause: OHKO moves are banned\n|rule|Evasion Items Clause: Evasion items are banned\n|rule|Evasion Moves Clause: Evasion moves are banned\n|rule|Endless Battle Clause: Forcing endless battles is banned\n|rule|HP Percentage Mod: HP is shown in percentages\n|clearpoke\n|poke|p1|Ninetales-Alola, F|\n|poke|p1|Roaring Moon|\n|poke|p1|Iron Valiant|\n|poke|p1|Ursaluna-Bloodmoon, M|\n|poke|p1|Volcarona, F|\n|poke|p1|Arceus-Ice|\n|poke|p2|Pelipper, M|\n|poke|p2|Palafin, M|\n|poke|p2|Basculegion-F, F|\n|poke|p2|Dialga|\n|poke|p2|Zacian-*|\n|poke|p2|Cyclizar, M|\n|teampreview\n|inactive|Battle timer is ON: inactive players will automatically lose when time's up. (requested by Aipom Hoshino)\n|inactive|KonoRyanDa has 270 seconds left.\n|inactive|Aipom Hoshino has 270 seconds left.\n|inactive|KonoRyanDa has 240 seconds left.\n|inactive|KonoRyanDa has 210 seconds left.\n|inactive|KonoRyanDa has 180 seconds left.\n|\n|t:|1698743012\n|start\n|switch|p1a: Volcarona|Volcarona, F|100\/100\n|switch|p2a: weather report|Pelipper, M|100\/100\n|-weather|RainDance|[from] ability: Drizzle|[of] p2a: weather report\n|turn|1\n|inactive|KonoRyanDa has 210 seconds left.\n|inactive|KonoRyanDa has 180 seconds left.\n|\n|t:|1698743076\n|switch|p1a: Ninetales|Ninetales-Alola, F|100\/100\n|-weather|Snow|[from] ability: Snow Warning|[of] p1a: Ninetales\n|move|p2a: weather report|Knock Off|p1a: Ninetales\n|-resisted|p1a: Ninetales\n|-damage|p1a: Ninetales|95\/100\n|-enditem|p1a: Ninetales|Light Clay|[from] move: Knock Off|[of] p2a: weather report\n|\n|-weather|Snow|[upkeep]\n|upkeep\n|turn|2\n|inactive|KonoRyanDa has 180 seconds left.\n|\n|t:|1698743091\n|switch|p2a: ZA WARUDO|Dialga|100\/100\n|-ability|p2a: ZA WARUDO|Pressure\n|move|p1a: Ninetales|Aurora Veil|p1a: Ninetales\n|-sidestart|p1: Aipom Hoshino|move: Aurora Veil\n|\n|-weather|Snow|[upkeep]\n|upkeep\n|turn|3\n|inactive|KonoRyanDa has 180 seconds left.\n|inactive|KonoRyanDa has 150 seconds left.\n|\n|t:|1698743147\n|switch|p1a: Volcarona|Volcarona, F|100\/100\n|switch|p2a: weather report|Pelipper, M|100\/100\n|-weather|RainDance|[from] ability: Drizzle|[of] p2a: weather report\n|\n|-weather|RainDance|[upkeep]\n|upkeep\n|turn|4\n|inactive|KonoRyanDa has 120 seconds left.\n|\n|t:|1698743173\n|switch|p1a: Ninetales|Ninetales-Alola, F|95\/100\n|-weather|Snow|[from] ability: Snow Warning|[of] p1a: Ninetales\n|move|p2a: weather report|Weather Ball|p1a: Ninetales\n|-resisted|p1a: Ninetales\n|-damage|p1a: Ninetales|90\/100\n|\n|-weather|Snow|[upkeep]\n|upkeep\n|turn|5\n|inactive|KonoRyanDa has 120 seconds left.\n|\n|t:|1698743190\n|switch|p1a: Volcarona|Volcarona, F|100\/100\n|switch|p2a: ZA WARUDO|Dialga|100\/100\n|-ability|p2a: ZA WARUDO|Pressure\n|\n|-weather|Snow|[upkeep]\n|upkeep\n|turn|6\n|\n|t:|1698743201\n|move|p1a: Volcarona|Fiery Dance|p2a: ZA WARUDO\n|-damage|p2a: ZA WARUDO|71\/100\n|move|p2a: ZA WARUDO|Thunder Wave|p1a: Volcarona\n|-status|p1a: Volcarona|par\n|\n|-weather|Snow|[upkeep]\n|-heal|p2a: ZA WARUDO|77\/100|[from] item: Leftovers\n|-sideend|p1: Aipom Hoshino|move: Aurora Veil\n|upkeep\n|turn|7\n|\n|t:|1698743213\n|move|p2a: ZA WARUDO|Stealth Rock|p1a: Volcarona\n|-sidestart|p1: Aipom Hoshino|move: Stealth Rock\n|move|p1a: Volcarona|Quiver Dance|p1a: Volcarona\n|-boost|p1a: Volcarona|spa|1\n|-boost|p1a: Volcarona|spd|1\n|-boost|p1a: Volcarona|spe|1\n|\n|-weather|Snow|[upkeep]\n|-heal|p2a: ZA WARUDO|84\/100|[from] item: Leftovers\n|upkeep\n|turn|8\n|\n|t:|1698743228\n|move|p1a: Volcarona|Quiver Dance|p1a: Volcarona\n|-boost|p1a: Volcarona|spa|1\n|-boost|p1a: Volcarona|spd|1\n|-boost|p1a: Volcarona|spe|1\n|move|p2a: ZA WARUDO|Roar|p1a: Volcarona\n|drag|p1a: Ninetales|Ninetales-Alola, F|90\/100\n|-damage|p1a: Ninetales|65\/100|[from] Stealth Rock\n|\n|-weather|none\n|-heal|p2a: ZA WARUDO|90\/100|[from] item: Leftovers\n|upkeep\n|turn|9\n|inactive|KonoRyanDa has 120 seconds left.\n|inactive|Aipom Hoshino has 270 seconds left.\n|\n|t:|1698743269\n|-terastallize|p1a: Ninetales|Water\n|move|p1a: Ninetales|Snowscape|p1a: Ninetales\n|-weather|Snow\n|move|p2a: ZA WARUDO|Roar|p1a: Ninetales\n|drag|p1a: Iron Valiant|Iron Valiant|100\/100\n|-damage|p1a: Iron Valiant|94\/100|[from] Stealth Rock\n|-enditem|p1a: Iron Valiant|Booster Energy\n|-activate|p1a: Iron Valiant|ability: Quark Drive|[fromitem]\n|-start|p1a: Iron Valiant|quarkdrivespe\n|\n|-weather|Snow|[upkeep]\n|-heal|p2a: ZA WARUDO|96\/100|[from] item: Leftovers\n|upkeep\n|turn|10\n|\n|t:|1698743291\n|switch|p2a: weather report|Pelipper, M|100\/100\n|-weather|RainDance|[from] ability: Drizzle|[of] p2a: weather report\n|move|p1a: Iron Valiant|Close Combat|p2a: weather report\n|-resisted|p2a: weather report\n|-damage|p2a: weather report|66\/100\n|-unboost|p1a: Iron Valiant|def|1\n|-unboost|p1a: Iron Valiant|spd|1\n|\n|-weather|RainDance|[upkeep]\n|upkeep\n|turn|11\n|inactive|Aipom Hoshino has 270 seconds left.\n|inactive|KonoRyanDa has 90 seconds left.\n|\n|t:|1698743327\n|-end|p1a: Iron Valiant|Quark Drive|[silent]\n|switch|p1a: Ninetales|Ninetales-Alola, F, tera:Water|65\/100\n|-damage|p1a: Ninetales|53\/100|[from] Stealth Rock\n|-weather|Snow|[from] ability: Snow Warning|[of] p1a: Ninetales\n|move|p2a: weather report|Weather Ball|p1a: Ninetales\n|-resisted|p1a: Ninetales\n|-damage|p1a: Ninetales|42\/100\n|\n|-weather|Snow|[upkeep]\n|upkeep\n|turn|12\n|inactive|KonoRyanDa has 60 seconds left.\n|\n|t:|1698743357\n|switch|p2a: ZA WARUDO|Dialga|96\/100\n|-ability|p2a: ZA WARUDO|Pressure\n|move|p1a: Ninetales|Aurora Veil|p1a: Ninetales\n|-sidestart|p1: Aipom Hoshino|move: Aurora Veil\n|\n|-weather|Snow|[upkeep]\n|-heal|p2a: ZA WARUDO|100\/100|[from] item: Leftovers\n|upkeep\n|turn|13\n|inactive|KonoRyanDa has 60 seconds left.\n|\n|t:|1698743366\n|move|p1a: Ninetales|Freeze-Dry|p2a: ZA WARUDO\n|-damage|p2a: ZA WARUDO|83\/100\n|-status|p2a: ZA WARUDO|frz\n|cant|p2a: ZA WARUDO|frz\n|\n|-weather|Snow|[upkeep]\n|-heal|p2a: ZA WARUDO|90\/100 frz|[from] item: Leftovers\n|upkeep\n|turn|14\n|\n|t:|1698743377\n|switch|p1a: Roaring Moon|Roaring Moon|100\/100\n|-damage|p1a: Roaring Moon|88\/100|[from] Stealth Rock\n|-enditem|p1a: Roaring Moon|Booster Energy\n|-activate|p1a: Roaring Moon|ability: Protosynthesis|[fromitem]\n|-start|p1a: Roaring Moon|protosynthesisatk\n|cant|p2a: ZA WARUDO|frz\n|\n|-weather|Snow|[upkeep]\n|-heal|p2a: ZA WARUDO|96\/100 frz|[from] item: Leftovers\n|upkeep\n|turn|15\n|\n|t:|1698743387\n|move|p1a: Roaring Moon|Dragon Dance|p1a: Roaring Moon\n|-boost|p1a: Roaring Moon|atk|1\n|-boost|p1a: Roaring Moon|spe|1\n|cant|p2a: ZA WARUDO|frz\n|\n|-weather|none\n|-heal|p2a: ZA WARUDO|100\/100 frz|[from] item: Leftovers\n|upkeep\n|turn|16\n|\n|t:|1698743408\n|move|p1a: Roaring Moon|Dragon Dance|p1a: Roaring Moon\n|-boost|p1a: Roaring Moon|atk|1\n|-boost|p1a: Roaring Moon|spe|1\n|-curestatus|p2a: ZA WARUDO|frz|[msg]\n|move|p2a: ZA WARUDO|Roar|p1a: Roaring Moon\n|-end|p1a: Roaring Moon|Protosynthesis|[silent]\n|drag|p1a: Arceus|Arceus-Ice|100\/100\n|-damage|p1a: Arceus|76\/100|[from] Stealth Rock\n|\n|-sideend|p1: Aipom Hoshino|move: Aurora Veil\n|upkeep\n|turn|17\n|\n|t:|1698743416\n|move|p1a: Arceus|Judgment|p2a: ZA WARUDO\n|-damage|p2a: ZA WARUDO|62\/100\n|move|p2a: ZA WARUDO|Thunder Wave|p1a: Arceus\n|-status|p1a: Arceus|par\n|\n|-heal|p2a: ZA WARUDO|68\/100|[from] item: Leftovers\n|upkeep\n|turn|18\n|\n|t:|1698743425\n|cant|p1a: Arceus|par\n|move|p2a: ZA WARUDO|Roar|p1a: Arceus\n|drag|p1a: Iron Valiant|Iron Valiant|94\/100\n|-damage|p1a: Iron Valiant|88\/100|[from] Stealth Rock\n|\n|-heal|p2a: ZA WARUDO|74\/100|[from] item: Leftovers\n|upkeep\n|turn|19\n|inactive|KonoRyanDa has 90 seconds left.\n|\n|t:|1698743443\n|switch|p2a: \u4e56\u72d7\u72d7~|Zacian|100\/100\n|-ability|p2a: \u4e56\u72d7\u72d7~|Intrepid Sword|boost\n|-boost|p2a: \u4e56\u72d7\u72d7~|atk|1\n|move|p1a: Iron Valiant|Knock Off|p2a: \u4e56\u72d7\u72d7~\n|-resisted|p2a: \u4e56\u72d7\u72d7~\n|-damage|p2a: \u4e56\u72d7\u72d7~|85\/100\n|-enditem|p2a: \u4e56\u72d7\u72d7~|Leftovers|[from] move: Knock Off|[of] p1a: Iron Valiant\n|\n|upkeep\n|turn|20\n|\n|t:|1698743459\n|-end|p1a: Iron Valiant|Quark Drive|[silent]\n|switch|p1a: Volcarona|Volcarona, F|100\/100 par\n|-damage|p1a: Volcarona|50\/100 par|[from] Stealth Rock\n|move|p2a: \u4e56\u72d7\u72d7~|Substitute|p2a: \u4e56\u72d7\u72d7~\n|-start|p2a: \u4e56\u72d7\u72d7~|Substitute\n|-damage|p2a: \u4e56\u72d7\u72d7~|60\/100\n|\n|-heal|p1a: Volcarona|57\/100 par|[from] item: Leftovers\n|upkeep\n|turn|21\n|\n|t:|1698743469\n|move|p2a: \u4e56\u72d7\u72d7~|Swords Dance|p2a: \u4e56\u72d7\u72d7~\n|-boost|p2a: \u4e56\u72d7\u72d7~|atk|2\n|move|p1a: Volcarona|Fiery Dance|p2a: \u4e56\u72d7\u72d7~\n|-end|p2a: \u4e56\u72d7\u72d7~|Substitute\n|\n|-heal|p1a: Volcarona|63\/100 par|[from] item: Leftovers\n|upkeep\n|turn|22\n|\n|t:|1698743478\n|move|p2a: \u4e56\u72d7\u72d7~|Substitute|p2a: \u4e56\u72d7\u72d7~\n|-start|p2a: \u4e56\u72d7\u72d7~|Substitute\n|-damage|p2a: \u4e56\u72d7\u72d7~|35\/100\n|move|p1a: Volcarona|Fiery Dance|p2a: \u4e56\u72d7\u72d7~\n|-end|p2a: \u4e56\u72d7\u72d7~|Substitute\n|\n|-heal|p1a: Volcarona|69\/100 par|[from] item: Leftovers\n|upkeep\n|turn|23\n|inactive|KonoRyanDa has 90 seconds left.\n|\n|t:|1698743486\n|-terastallize|p2a: \u4e56\u72d7\u72d7~|Ground\n|move|p2a: \u4e56\u72d7\u72d7~|Tera Blast|p1a: Volcarona|[anim] Tera Blast Ground\n|-damage|p1a: Volcarona|0 fnt\n|faint|p1a: Volcarona\n|\n|upkeep\n|\n|t:|1698743501\n|switch|p1a: Ninetales|Ninetales-Alola, F, tera:Water|42\/100\n|-damage|p1a: Ninetales|30\/100|[from] Stealth Rock\n|-weather|Snow|[from] ability: Snow Warning|[of] p1a: Ninetales\n|turn|24\n|\n|t:|1698743505\n|move|p2a: \u4e56\u72d7\u72d7~|Tera Blast|p1a: Ninetales|[anim] Tera Blast Ground\n|-damage|p1a: Ninetales|0 fnt\n|faint|p1a: Ninetales\n|\n|-weather|Snow|[upkeep]\n|upkeep\n|\n|t:|1698743510\n|switch|p1a: Iron Valiant|Iron Valiant|88\/100\n|-damage|p1a: Iron Valiant|82\/100|[from] Stealth Rock\n|turn|25\n|\n|t:|1698743514\n|move|p2a: \u4e56\u72d7\u72d7~|Tera Blast|p1a: Iron Valiant|[anim] Tera Blast Ground\n|-damage|p1a: Iron Valiant|0 fnt\n|faint|p1a: Iron Valiant\n|-end|p1a: Iron Valiant|Quark Drive|[silent]\n|\n|-weather|Snow|[upkeep]\n|upkeep\n|\n|t:|1698743519\n|switch|p1a: Ursaluna|Ursaluna-Bloodmoon, M|100\/100\n|-damage|p1a: Ursaluna|94\/100|[from] Stealth Rock\n|turn|26\n|\n|t:|1698743529\n|move|p2a: \u4e56\u72d7\u72d7~|Tera Blast|p1a: Ursaluna|[anim] Tera Blast Ground\n|-damage|p1a: Ursaluna|28\/100\n|move|p1a: Ursaluna|Hyper Voice|p2a: \u4e56\u72d7\u72d7~\n|-damage|p2a: \u4e56\u72d7\u72d7~|0 fnt\n|faint|p2a: \u4e56\u72d7\u72d7~\n|\n|-weather|Snow|[upkeep]\n|-heal|p1a: Ursaluna|34\/100|[from] item: Leftovers\n|upkeep\n|\n|t:|1698743543\n|switch|p2a: i saved emporio|Palafin, M|100\/100\n|turn|27\n|\n|t:|1698743552\n|detailschange|p2a: i saved emporio|Palafin-Hero, M\n|switch|p2a: scary monsters|Cyclizar, M|100\/100\n|switch|p1a: Roaring Moon|Roaring Moon|88\/100\n|-damage|p1a: Roaring Moon|76\/100|[from] Stealth Rock\n|\n|-weather|Snow|[upkeep]\n|upkeep\n|turn|28\n|\n|t:|1698743563\n|move|p2a: scary monsters|Draco Meteor|p1a: Roaring Moon\n|-supereffective|p1a: Roaring Moon\n|-damage|p1a: Roaring Moon|1\/100\n|-unboost|p2a: scary monsters|spa|2\n|move|p1a: Roaring Moon|Dragon Dance|p1a: Roaring Moon\n|-boost|p1a: Roaring Moon|atk|1\n|-boost|p1a: Roaring Moon|spe|1\n|\n|-weather|none\n|upkeep\n|turn|29\n|\n|t:|1698743573\n|move|p1a: Roaring Moon|Throat Chop|p2a: scary monsters\n|-damage|p2a: scary monsters|2\/100\n|-start|p2a: scary monsters|Throat Chop|[silent]\n|move|p2a: scary monsters|Shed Tail|p2a: scary monsters\n|-fail|p2a: scary monsters|move: Shed Tail|[weak]\n|\n|upkeep\n|turn|30\n|\n|t:|1698743578\n|move|p1a: Roaring Moon|Throat Chop|p2a: scary monsters\n|-damage|p2a: scary monsters|0 fnt\n|faint|p2a: scary monsters\n|\n|upkeep\n|\n|t:|1698743582\n|switch|p2a: i saved emporio|Palafin-Hero, M|100\/100\n|-activate|p2a: i saved emporio|ability: Zero to Hero\n|turn|31\n|\n|t:|1698743584\n|move|p2a: i saved emporio|Jet Punch|p1a: Roaring Moon\n|-resisted|p1a: Roaring Moon\n|-damage|p1a: Roaring Moon|0 fnt\n|faint|p1a: Roaring Moon\n|-end|p1a: Roaring Moon|Protosynthesis|[silent]\n|\n|upkeep\n|\n|t:|1698743587\n|switch|p1a: Arceus|Arceus-Ice|76\/100 par\n|-damage|p1a: Arceus|51\/100 par|[from] Stealth Rock\n|turn|32\n|\n|t:|1698743593\n|move|p2a: i saved emporio|Close Combat|p1a: Arceus\n|-supereffective|p1a: Arceus\n|-damage|p1a: Arceus|0 fnt\n|-unboost|p2a: i saved emporio|def|1\n|-unboost|p2a: i saved emporio|spd|1\n|faint|p1a: Arceus\n|\n|upkeep\n|\n|t:|1698743595\n|switch|p1a: Ursaluna|Ursaluna-Bloodmoon, M|34\/100\n|-damage|p1a: Ursaluna|28\/100|[from] Stealth Rock\n|turn|33\n|\n|t:|1698743598\n|move|p2a: i saved emporio|Jet Punch|p1a: Ursaluna\n|-supereffective|p1a: Ursaluna\n|-damage|p1a: Ursaluna|0 fnt\n|faint|p1a: Ursaluna\n|\n|win|KonoRyanDa\n|c|\u2606Aipom Hoshino|gg\n|c|\u2606KonoRyanDa|gg\n|l|\u2606Aipom Hoshino\n","uploadtime":1698743610,"views":39,"p1id":"aipomhoshino","p2id":"konoryanda","formatid":"gen9ubers","rating":0,"private":0,"password":""}