{"id":"gen9ubers-1982248592","p1":"Blake-Mamba","p2":"Nintendoman1998","format":"[Gen 9] Ubers","log":"|j|\u2606Blake-Mamba\n|j|\u2606Nintendoman1998\n|t:|1698984270\n|gametype|singles\n|player|p1|Blake-Mamba|juan|1369\n|player|p2|Nintendoman1998|colress|1306\n|teamsize|p1|6\n|teamsize|p2|6\n|gen|9\n|tier|[Gen 9] Ubers\n|rated|\n|rule|Sleep Clause Mod: Limit one foe put to sleep\n|rule|Species Clause: Limit one of each Pok\u00e9mon\n|rule|OHKO Clause: OHKO moves are banned\n|rule|Evasion Items Clause: Evasion items are banned\n|rule|Evasion Moves Clause: Evasion moves are banned\n|rule|Endless Battle Clause: Forcing endless battles is banned\n|rule|HP Percentage Mod: HP is shown in percentages\n|clearpoke\n|poke|p1|Ogerpon-Hearthflame, F|\n|poke|p1|Vikavolt, F|\n|poke|p1|Kommo-o, M|\n|poke|p1|Ursaluna-Bloodmoon, M|\n|poke|p1|Yanmega, F|\n|poke|p1|Chandelure, M|\n|poke|p2|Ribombee, F|\n|poke|p2|Koraidon|\n|poke|p2|Ogerpon-Hearthflame, F|\n|poke|p2|Groudon|\n|poke|p2|Miraidon|\n|poke|p2|Zacian-*|\n|teampreview\n|\n|t:|1698984277\n|start\n|switch|p1a: Vikavolt|Vikavolt, F|100\/100\n|switch|p2a: Ribombee|Ribombee, F|100\/100\n|turn|1\n|c|\u2606Blake-Mamba|Glhf\n|c|\u2606Nintendoman1998|u2\n|\n|t:|1698984285\n|move|p2a: Ribombee|Imprison|p2a: Ribombee\n|-start|p2a: Ribombee|move: Imprison\n|move|p1a: Vikavolt|Thunder|p2a: Ribombee\n|-crit|p2a: Ribombee\n|-enditem|p2a: Ribombee|Focus Sash\n|-damage|p2a: Ribombee|1\/100\n|\n|upkeep\n|turn|2\n|\n|t:|1698984296\n|switch|p1a: Ogerpon|Ogerpon-Hearthflame, F|100\/100\n|-ability|p1a: Ogerpon|Mold Breaker\n|move|p2a: Ribombee|Sticky Web|p1a: Ogerpon\n|-sidestart|p1: Blake-Mamba|move: Sticky Web\n|\n|upkeep\n|turn|3\n|\n|t:|1698984303\n|move|p2a: Ribombee|Moonblast|p1a: Ogerpon\n|-resisted|p1a: Ogerpon\n|-damage|p1a: Ogerpon|83\/100\n|move|p1a: Ogerpon|Trailblaze|p2a: Ribombee\n|-resisted|p2a: Ribombee\n|-damage|p2a: Ribombee|0 fnt\n|-boost|p1a: Ogerpon|spe|1\n|faint|p2a: Ribombee\n|\n|upkeep\n|\n|t:|1698984316\n|switch|p2a: Koraidon|Koraidon|100\/100\n|-weather|SunnyDay|[from] ability: Orichalcum Pulse|[of] p2a: Koraidon\n|-activate|p2a: Koraidon|Orichalcum Pulse|[source]\n|turn|4\n|\n|t:|1698984322\n|move|p1a: Ogerpon|Play Rough|p2a: Koraidon\n|-supereffective|p2a: Koraidon\n|-damage|p2a: Koraidon|0 fnt\n|faint|p2a: Koraidon\n|\n|-weather|SunnyDay|[upkeep]\n|upkeep\n|\n|t:|1698984339\n|switch|p2a: Ogerpon|Ogerpon-Hearthflame, F|100\/100\n|-ability|p2a: Ogerpon|Mold Breaker\n|turn|5\n|\n|t:|1698984344\n|-terastallize|p2a: Ogerpon|Fire\n|detailschange|p2a: Ogerpon|Ogerpon-Hearthflame-Tera, F, tera:Fire\n|-ability|p2a: Ogerpon|Embody Aspect (Hearthflame)|boost\n|-boost|p2a: Ogerpon|atk|1\n|move|p1a: Ogerpon|Ivy Cudgel|p2a: Ogerpon\n|-resisted|p2a: Ogerpon\n|-damage|p2a: Ogerpon|41\/100\n|move|p2a: Ogerpon|Ivy Cudgel|p1a: Ogerpon\n|-damage|p1a: Ogerpon|0 fnt\n|faint|p1a: Ogerpon\n|\n|-weather|SunnyDay|[upkeep]\n|upkeep\n|\n|t:|1698984356\n|switch|p1a: Chandelure|Chandelure, M|100\/100\n|-activate|p1a: Chandelure|move: Sticky Web\n|-unboost|p1a: Chandelure|spe|1\n|turn|6\n|\n|t:|1698984363\n|switch|p2a: Groudon|Groudon|100\/100\n|move|p1a: Chandelure|Flamethrower|p2a: Groudon\n|-damage|p2a: Groudon|29\/100\n|\n|-weather|SunnyDay|[upkeep]\n|-heal|p2a: Groudon|35\/100|[from] item: Leftovers\n|upkeep\n|turn|7\n|\n|t:|1698984373\n|switch|p1a: Vikavolt|Vikavolt, F|100\/100\n|move|p2a: Groudon|Protect||[still]\n|-fail|p2a: Groudon\n|\n|-weather|SunnyDay|[upkeep]\n|-heal|p2a: Groudon|41\/100|[from] item: Leftovers\n|upkeep\n|turn|8\n|\n|t:|1698984390\n|switch|p2a: Zacian|Zacian-Crowned|100\/100\n|-ability|p2a: Zacian|Intrepid Sword|boost\n|-boost|p2a: Zacian|atk|1\n|move|p1a: Vikavolt|Sticky Web|p2a: Zacian\n|-sidestart|p2: Nintendoman1998|move: Sticky Web\n|\n|-weather|none\n|upkeep\n|turn|9\n|-activate|p1a: Vikavolt|item: Quick Claw\n|\n|t:|1698984401\n|move|p1a: Vikavolt|Thunder|p2a: Zacian\n|-damage|p2a: Zacian|36\/100\n|move|p2a: Zacian|Play Rough|p1a: Vikavolt|[miss]\n|-miss|p2a: Zacian|p1a: Vikavolt\n|\n|upkeep\n|turn|10\n|-activate|p1a: Vikavolt|item: Quick Claw\n|\n|t:|1698984409\n|move|p1a: Vikavolt|Thunder|p2a: Zacian\n|-damage|p2a: Zacian|0 fnt\n|faint|p2a: Zacian\n|\n|upkeep\n|-message|Nintendoman1998 forfeited.\n|\n|win|Blake-Mamba\n|raw|Blake-Mamba's rating: 1379 &rarr; <strong>1395<\/strong><br \/>(+16 for winning)\n|raw|Nintendoman1998's rating: 1306 &rarr; <strong>1290<\/strong><br \/>(-16 for losing)\n|l|\u2606Nintendoman1998\n|c|\u2606Blake-Mamba|Gg\n","uploadtime":1698984440,"views":8,"p1id":"blakemamba","p2id":"nintendoman1998","formatid":"gen9ubers","rating":1290,"private":0,"password":""}