{"id":"gen9ubers-1969303530","p1":"The Jonkler","p2":"A m 0 g u s sus","format":"[Gen 9] Ubers","log":"|j|\u2606The Jonkler\n|j|\u2606A m 0 g u s sus\n|t:|1697511783\n|gametype|singles\n|player|p1|The Jonkler|2|\n|player|p2|A m 0 g u s sus|170|\n|teamsize|p1|6\n|teamsize|p2|6\n|gen|9\n|tier|[Gen 9] Ubers\n|rule|Sleep Clause Mod: Limit one foe put to sleep\n|rule|Species Clause: Limit one of each Pok\u00e9mon\n|rule|OHKO Clause: OHKO moves are banned\n|rule|Evasion Items Clause: Evasion items are banned\n|rule|Evasion Moves Clause: Evasion moves are banned\n|rule|Endless Battle Clause: Forcing endless battles is banned\n|rule|HP Percentage Mod: HP is shown in percentages\n|clearpoke\n|poke|p1|Leafeon, M|\n|poke|p1|Flutter Mane|\n|poke|p1|Great Tusk|\n|poke|p1|Corviknight, F|\n|poke|p1|Rotom-Heat|\n|poke|p1|Mightyena, M|\n|poke|p2|Ninetales-Alola, F|\n|poke|p2|Baxcalibur, F|\n|poke|p2|Gliscor, M|\n|poke|p2|Infernape, F|\n|poke|p2|Weavile, F|\n|poke|p2|Dragapult, M|\n|teampreview\n|\n|t:|1697511794\n|start\n|switch|p1a: Great Tusk|Great Tusk|100\/100\n|switch|p2a: Ninetales|Ninetales-Alola, F|100\/100\n|-weather|Snow|[from] ability: Snow Warning|[of] p2a: Ninetales\n|turn|1\n|inactive|Battle timer is ON: inactive players will automatically lose when time's up. (requested by A m 0 g u s sus)\n|inactive|The Jonkler has 270 seconds left.\n|\n|t:|1697511842\n|move|p2a: Ninetales|Blizzard|p1a: Great Tusk\n|-supereffective|p1a: Great Tusk\n|-damage|p1a: Great Tusk|0 fnt\n|faint|p1a: Great Tusk\n|-end|p1a: Great Tusk|Protosynthesis|[silent]\n|\n|-weather|Snow|[upkeep]\n|upkeep\n|\n|t:|1697511850\n|switch|p1a: Rotom|Rotom-Heat, shiny|100\/100\n|turn|2\n|c|\u2606A m 0 g u s sus|Is blud going to make a move\n|\n|t:|1697511856\n|switch|p2a: Infernape|Infernape, F|100\/100\n|move|p1a: Rotom|Overheat|p2a: Infernape\n|-resisted|p2a: Infernape\n|-damage|p2a: Infernape|50\/100\n|-unboost|p1a: Rotom|spa|2\n|\n|-weather|Snow|[upkeep]\n|upkeep\n|turn|3\n|c|\u2606The Jonkler|i was walking out of class\n|\n|t:|1697511874\n|switch|p1a: Flutter Mane|Flutter Mane|100\/100\n|-enditem|p1a: Flutter Mane|Booster Energy\n|-activate|p1a: Flutter Mane|ability: Protosynthesis|[fromitem]\n|-start|p1a: Flutter Mane|protosynthesisspe\n|move|p2a: Infernape|U-turn|p1a: Flutter Mane\n|-resisted|p1a: Flutter Mane\n|-damage|p1a: Flutter Mane|85\/100\n|-damage|p2a: Infernape|40\/100|[from] item: Life Orb\n|\n|t:|1697511882\n|switch|p2a: Ninetales|Ninetales-Alola, F|100\/100|[from] U-turn\n|\n|-weather|Snow|[upkeep]\n|upkeep\n|turn|4\n|\n|t:|1697511890\n|move|p1a: Flutter Mane|Calm Mind|p1a: Flutter Mane\n|-boost|p1a: Flutter Mane|spa|1\n|-boost|p1a: Flutter Mane|spd|1\n|move|p2a: Ninetales|Moonblast|p1a: Flutter Mane\n|-damage|p1a: Flutter Mane|57\/100\n|\n|-weather|Snow|[upkeep]\n|upkeep\n|turn|5\n|\n|t:|1697511901\n|move|p1a: Flutter Mane|Thunderbolt|p2a: Ninetales\n|-damage|p2a: Ninetales|43\/100\n|move|p2a: Ninetales|Moonblast|p1a: Flutter Mane\n|-damage|p1a: Flutter Mane|32\/100\n|\n|-weather|none\n|upkeep\n|turn|6\n|\n|t:|1697511909\n|move|p1a: Flutter Mane|Thunderbolt|p2a: Ninetales\n|-damage|p2a: Ninetales|0 fnt\n|faint|p2a: Ninetales\n|\n|upkeep\n|\n|t:|1697511913\n|switch|p2a: Weavile|Weavile, F|100\/100\n|turn|7\n|\n|t:|1697511925\n|move|p2a: Weavile|Ice Shard|p1a: Flutter Mane\n|-damage|p1a: Flutter Mane|0 fnt\n|faint|p1a: Flutter Mane\n|-end|p1a: Flutter Mane|Protosynthesis|[silent]\n|\n|upkeep\n|\n|t:|1697511932\n|switch|p1a: Rotom|Rotom-Heat, shiny|100\/100\n|turn|8\n|\n|t:|1697511936\n|switch|p2a: Dragapult|Dragapult, M|100\/100\n|move|p1a: Rotom|Overheat|p2a: Dragapult\n|-resisted|p2a: Dragapult\n|-damage|p2a: Dragapult|54\/100\n|-unboost|p1a: Rotom|spa|2\n|\n|upkeep\n|turn|9\n|\n|t:|1697511942\n|switch|p1a: Corviknight|Corviknight, F, shiny|100\/100\n|-ability|p1a: Corviknight|Pressure\n|move|p2a: Dragapult|Draco Meteor|p1a: Corviknight\n|-resisted|p1a: Corviknight\n|-crit|p1a: Corviknight\n|-damage|p1a: Corviknight|43\/100\n|-unboost|p2a: Dragapult|spa|2\n|\n|-heal|p1a: Corviknight|49\/100|[from] item: Leftovers\n|upkeep\n|turn|10\n|\n|t:|1697511950\n|switch|p2a: Gliscor|Gliscor, M|100\/100\n|move|p1a: Corviknight|Roost|p1a: Corviknight\n|-heal|p1a: Corviknight|99\/100\n|-singleturn|p1a: Corviknight|move: Roost\n|\n|-heal|p1a: Corviknight|100\/100|[from] item: Leftovers\n|-status|p2a: Gliscor|tox|[from] item: Toxic Orb\n|upkeep\n|turn|11\n|\n|t:|1697511959\n|switch|p1a: Mightyena|Mightyena, M, shiny|100\/100\n|move|p2a: Gliscor|Stealth Rock|p1a: Mightyena\n|-sidestart|p1: The Jonkler|move: Stealth Rock\n|\n|-status|p1a: Mightyena|tox|[from] item: Toxic Orb\n|upkeep\n|turn|12\n|\n|t:|1697511973\n|move|p1a: Mightyena|Crunch|p2a: Gliscor\n|-damage|p2a: Gliscor|83\/100 tox\n|move|p2a: Gliscor|Earthquake|p1a: Mightyena\n|-damage|p1a: Mightyena|48\/100 tox\n|\n|-damage|p1a: Mightyena|42\/100 tox|[from] psn\n|-heal|p2a: Gliscor|95\/100 tox|[from] ability: Poison Heal\n|upkeep\n|turn|13\n|\n|t:|1697511978\n|move|p1a: Mightyena|Facade|p2a: Gliscor\n|-damage|p2a: Gliscor|73\/100 tox\n|move|p2a: Gliscor|Earthquake|p1a: Mightyena\n|-damage|p1a: Mightyena|0 fnt\n|faint|p1a: Mightyena\n|\n|-heal|p2a: Gliscor|85\/100 tox|[from] ability: Poison Heal\n|upkeep\n|\n|t:|1697511989\n|switch|p1a: Leafeon|Leafeon, M|100\/100\n|-damage|p1a: Leafeon|88\/100|[from] Stealth Rock\n|turn|14\n|c|\u2606The Jonkler|IT TOOK AWAY LEAF BLADE\n|c|\u2606The Jonkler|NOOOOOO\n|inactive|A m 0 g u s sus has 270 seconds left.\n|\n|t:|1697512019\n|switch|p1a: Corviknight|Corviknight, F, shiny|100\/100\n|-damage|p1a: Corviknight|88\/100|[from] Stealth Rock\n|-ability|p1a: Corviknight|Pressure\n|move|p2a: Gliscor|Toxic|p1a: Corviknight\n|-immune|p1a: Corviknight\n|\n|-heal|p1a: Corviknight|94\/100|[from] item: Leftovers\n|-heal|p2a: Gliscor|98\/100 tox|[from] ability: Poison Heal\n|upkeep\n|turn|15\n|\n|t:|1697512037\n|move|p2a: Gliscor|Protect|p2a: Gliscor\n|-singleturn|p2a: Gliscor|Protect\n|move|p1a: Corviknight|Brave Bird|p2a: Gliscor\n|-activate|p2a: Gliscor|move: Protect\n|\n|-heal|p1a: Corviknight|100\/100|[from] item: Leftovers\n|-heal|p2a: Gliscor|100\/100 tox|[from] ability: Poison Heal\n|upkeep\n|turn|16\n|\n|t:|1697512049\n|switch|p2a: Baxcalibur|Baxcalibur, F|100\/100\n|move|p1a: Corviknight|Body Press|p2a: Baxcalibur\n|-supereffective|p2a: Baxcalibur\n|-damage|p2a: Baxcalibur|55\/100\n|\n|upkeep\n|turn|17\n|\n|t:|1697512058\n|switch|p1a: Rotom|Rotom-Heat, shiny|100\/100\n|-damage|p1a: Rotom|75\/100|[from] Stealth Rock\n|move|p2a: Baxcalibur|Icicle Spear|p1a: Rotom\n|-resisted|p1a: Rotom\n|-damage|p1a: Rotom|70\/100\n|-resisted|p1a: Rotom\n|-damage|p1a: Rotom|64\/100\n|-resisted|p1a: Rotom\n|-damage|p1a: Rotom|57\/100\n|-resisted|p1a: Rotom\n|-damage|p1a: Rotom|50\/100\n|-resisted|p1a: Rotom\n|-damage|p1a: Rotom|44\/100\n|-hitcount|p1a: Rotom|5\n|\n|upkeep\n|turn|18\n|\n|t:|1697512071\n|move|p2a: Baxcalibur|Dragon Dance|p2a: Baxcalibur\n|-boost|p2a: Baxcalibur|atk|1\n|-boost|p2a: Baxcalibur|spe|1\n|move|p1a: Rotom|Overheat|p2a: Baxcalibur\n|-damage|p2a: Baxcalibur|0 fnt\n|-unboost|p1a: Rotom|spa|2\n|faint|p2a: Baxcalibur\n|\n|upkeep\n|\n|t:|1697512079\n|switch|p2a: Dragapult|Dragapult, M|54\/100\n|turn|19\n|\n|t:|1697512085\n|switch|p1a: Corviknight|Corviknight, F, shiny|100\/100\n|-damage|p1a: Corviknight|88\/100|[from] Stealth Rock\n|-ability|p1a: Corviknight|Pressure\n|move|p2a: Dragapult|Shadow Ball|p1a: Corviknight\n|-damage|p1a: Corviknight|41\/100\n|-unboost|p1a: Corviknight|spd|1\n|\n|-heal|p1a: Corviknight|47\/100|[from] item: Leftovers\n|upkeep\n|turn|20\n|\n|t:|1697512090\n|switch|p1a: Leafeon|Leafeon, M|88\/100\n|-damage|p1a: Leafeon|76\/100|[from] Stealth Rock\n|move|p2a: Dragapult|Shadow Ball|p1a: Leafeon\n|-damage|p1a: Leafeon|2\/100\n|\n|upkeep\n|turn|21\n|\n|t:|1697512116\n|switch|p1a: Rotom|Rotom-Heat, shiny|44\/100\n|-damage|p1a: Rotom|19\/100|[from] Stealth Rock\n|move|p2a: Dragapult|Shadow Ball|p1a: Rotom\n|-damage|p1a: Rotom|0 fnt\n|faint|p1a: Rotom\n|\n|upkeep\n|inactive|The Jonkler has 270 seconds left.\n|\n|t:|1697512142\n|switch|p1a: Corviknight|Corviknight, F, shiny|47\/100\n|-damage|p1a: Corviknight|34\/100|[from] Stealth Rock\n|-ability|p1a: Corviknight|Pressure\n|turn|22\n|inactive|The Jonkler has 270 seconds left.\n|\n|t:|1697512148\n|move|p2a: Dragapult|Shadow Ball|p1a: Corviknight\n|-damage|p1a: Corviknight|0 fnt\n|faint|p1a: Corviknight\n|\n|upkeep\n|\n|t:|1697512151\n|switch|p1a: Leafeon|Leafeon, M|2\/100\n|-damage|p1a: Leafeon|0 fnt|[from] Stealth Rock\n|faint|p1a: Leafeon\n|\n|win|A m 0 g u s sus\n","uploadtime":1697512155,"views":11,"p1id":"thejonkler","p2id":"am0gussus","formatid":"gen9ubers","rating":0,"private":0,"password":""}