{"id":"gen9ubers-1979582429","p1":"XpokVEVO","p2":"Fireblitz15","format":"[Gen 9] Ubers","log":"|j|\u2606XpokVEVO\n|j|\u2606Fireblitz15\n|t:|1698694151\n|gametype|singles\n|player|p1|XpokVEVO|mustard|\n|player|p2|Fireblitz15|ingo|\n|teamsize|p1|6\n|teamsize|p2|6\n|gen|9\n|tier|[Gen 9] Ubers\n|rule|Sleep Clause Mod: Limit one foe put to sleep\n|rule|Species Clause: Limit one of each Pok\u00e9mon\n|rule|OHKO Clause: OHKO moves are banned\n|rule|Evasion Items Clause: Evasion items are banned\n|rule|Evasion Moves Clause: Evasion moves are banned\n|rule|Endless Battle Clause: Forcing endless battles is banned\n|rule|HP Percentage Mod: HP is shown in percentages\n|clearpoke\n|poke|p1|Ursaluna, F|\n|poke|p1|Magearna|\n|poke|p1|Dialga|\n|poke|p1|Glastrier|\n|poke|p1|Hoopa-Unbound|\n|poke|p1|Hatterene, F|\n|poke|p2|Magearna|\n|poke|p2|Arceus-Poison|\n|poke|p2|Zacian-*|\n|poke|p2|Dialga|\n|poke|p2|Ursaluna, F|\n|poke|p2|Cyclizar, F|\n|teampreview\n|inactive|Battle timer is ON: inactive players will automatically lose when time's up. (requested by XpokVEVO)\n|c|\u2606Fireblitz15|ah i see\n|\n|t:|1698694162\n|start\n|switch|p1a: Magearna|Magearna|100\/100\n|switch|p2a: Ursaluna|Ursaluna, F|100\/100\n|turn|1\n|\n|t:|1698694171\n|move|p2a: Ursaluna|Swords Dance|p2a: Ursaluna\n|-boost|p2a: Ursaluna|atk|2\n|move|p1a: Magearna|Trick Room|p1a: Magearna\n|-fieldstart|move: Trick Room|[of] p1a: Magearna\n|\n|-status|p2a: Ursaluna|brn|[from] item: Flame Orb\n|upkeep\n|turn|2\n|\n|t:|1698694179\n|move|p2a: Ursaluna|Earthquake|p1a: Magearna\n|-supereffective|p1a: Magearna\n|-damage|p1a: Magearna|0 fnt\n|faint|p1a: Magearna\n|\n|-damage|p2a: Ursaluna|94\/100 brn|[from] brn\n|upkeep\n|c|\u2606Fireblitz15|lagging tail?\n|c|\u2606XpokVEVO|wait\n|c|\u2606XpokVEVO|im bloated?\n|\n|t:|1698694197\n|switch|p1a: Ursaluna|Ursaluna, F, shiny|100\/100\n|turn|3\n|\n|t:|1698694210\n|-terastallize|p1a: Ursaluna|Ghost\n|-terastallize|p2a: Ursaluna|Normal\n|move|p1a: Ursaluna|Facade|p2a: Ursaluna\n|-damage|p2a: Ursaluna|64\/100 brn\n|move|p2a: Ursaluna|Facade|p1a: Ursaluna\n|-immune|p1a: Ursaluna\n|\n|-damage|p2a: Ursaluna|58\/100 brn|[from] brn\n|-status|p1a: Ursaluna|brn|[from] item: Flame Orb\n|upkeep\n|turn|4\n|c|\u2606XpokVEVO|i dont wanna play this game anymore\n|\n|t:|1698694229\n|move|p1a: Ursaluna|Facade|p2a: Ursaluna\n|-damage|p2a: Ursaluna|0 fnt\n|faint|p2a: Ursaluna\n|\n|-damage|p1a: Ursaluna|94\/100 brn|[from] brn\n|upkeep\n|c|\u2606XpokVEVO|ok there we go\n|c|\u2606XpokVEVO|whos gonna be fed to the fire\n|inactive|Fireblitz15 has 270 seconds left.\n|\n|t:|1698694255\n|switch|p2a: Zacian|Zacian|100\/100\n|-ability|p2a: Zacian|Intrepid Sword|boost\n|-boost|p2a: Zacian|atk|1\n|turn|5\n|inactive|Fireblitz15 has 270 seconds left.\n|\n|t:|1698694263\n|move|p1a: Ursaluna|Facade|p2a: Zacian\n|-damage|p2a: Zacian|0 fnt\n|faint|p2a: Zacian\n|\n|-damage|p1a: Ursaluna|88\/100 brn|[from] brn\n|-fieldend|move: Trick Room\n|upkeep\n|inactive|Fireblitz15 has 270 seconds left.\n|\n|t:|1698694278\n|switch|p2a: Dialga|Dialga|100\/100\n|-ability|p2a: Dialga|Pressure\n|turn|6\n|inactive|Fireblitz15 has 270 seconds left.\n|\n|t:|1698694289\n|move|p2a: Dialga|Draco Meteor|p1a: Ursaluna\n|-damage|p1a: Ursaluna|8\/100 brn\n|-unboost|p2a: Dialga|spa|2\n|move|p1a: Ursaluna|Headlong Rush|p2a: Dialga\n|-supereffective|p2a: Dialga\n|-damage|p2a: Dialga|0 fnt\n|-unboost|p1a: Ursaluna|def|1\n|-unboost|p1a: Ursaluna|spd|1\n|faint|p2a: Dialga\n|\n|-damage|p1a: Ursaluna|1\/100 brn|[from] brn\n|upkeep\n|\n|t:|1698694300\n|switch|p2a: Cyclizar|Cyclizar, F|100\/100\n|turn|7\n|\n|t:|1698694304\n|move|p2a: Cyclizar|Rapid Spin|p1a: Ursaluna\n|-immune|p1a: Ursaluna\n|move|p1a: Ursaluna|Facade|p2a: Cyclizar\n|-damage|p2a: Cyclizar|0 fnt\n|faint|p2a: Cyclizar\n|\n|-damage|p1a: Ursaluna|0 fnt|[from] brn\n|faint|p1a: Ursaluna\n|upkeep\n|c|\u2606XpokVEVO|what?\n|c|\u2606Fireblitz15|dead ass just forgot\n|c|\u2606XpokVEVO|???\n|inactive|Fireblitz15 has 270 seconds left.\n|\n|t:|1698694315\n|switch|p2a: Arceus|Arceus-Poison|100\/100\n|switch|p1a: Hatterene|Hatterene, F, shiny|100\/100\n|turn|8\n|\n|t:|1698694321\n|move|p2a: Arceus|Judgment|p1a: Hatterene\n|-supereffective|p1a: Hatterene\n|-damage|p1a: Hatterene|2\/100\n|move|p1a: Hatterene|Trick Room|p1a: Hatterene\n|-fieldstart|move: Trick Room|[of] p1a: Hatterene\n|\n|upkeep\n|turn|9\n|\n|t:|1698694328\n|switch|p2a: Magearna|Magearna|100\/100\n|move|p1a: Hatterene|Psychic|p2a: Magearna\n|-resisted|p2a: Magearna\n|-damage|p2a: Magearna|80\/100\n|\n|upkeep\n|turn|10\n|\n|t:|1698694334\n|move|p1a: Hatterene|Misty Explosion|p2a: Magearna\n|-resisted|p2a: Magearna\n|-damage|p2a: Magearna|60\/100\n|faint|p1a: Hatterene\n|-ability|p2a: Magearna|Soul-Heart|boost\n|-boost|p2a: Magearna|spa|1\n|move|p2a: Magearna|Trick Room|p2a: Magearna\n|-fieldend|move: Trick Room\n|\n|upkeep\n|c|\u2606XpokVEVO|GOODBYE...HATTERENE..\n|c|\u2606XpokVEVO|WHAT\n|c|\u2606XpokVEVO|NO\n|c|\u2606XpokVEVO|STOP THAT\n|\n|t:|1698694350\n|switch|p1a: Dialga|Dialga, shiny|100\/100\n|-ability|p1a: Dialga|Pressure\n|turn|11\n|\n|t:|1698694357\n|move|p2a: Magearna|Fleur Cannon|p1a: Dialga\n|-crit|p1a: Dialga\n|-damage|p1a: Dialga|0 fnt\n|-unboost|p2a: Magearna|spa|2\n|faint|p1a: Dialga\n|-ability|p2a: Magearna|Soul-Heart|boost\n|-boost|p2a: Magearna|spa|1\n|\n|upkeep\n|\n|t:|1698694375\n|switch|p1a: Glastrier|Glastrier|100\/100\n|turn|12\n|\n|t:|1698694380\n|move|p2a: Magearna|Spikes|p1a: Glastrier\n|-sidestart|p1: XpokVEVO|Spikes\n|move|p1a: Glastrier|High Horsepower|p2a: Magearna\n|-supereffective|p2a: Magearna\n|-damage|p2a: Magearna|0 fnt\n|faint|p2a: Magearna\n|-ability|p1a: Glastrier|Chilling Neigh|boost\n|-boost|p1a: Glastrier|atk|1\n|-damage|p1a: Glastrier|91\/100|[from] item: Life Orb\n|\n|upkeep\n|c|\u2606XpokVEVO|wait what\n|c|\u2606XpokVEVO|why not flash cannon\n|\n|t:|1698694388\n|switch|p2a: Arceus|Arceus-Poison|100\/100\n|turn|13\n|\n|t:|1698694392\n|move|p2a: Arceus|Will-O-Wisp|p1a: Glastrier\n|-status|p1a: Glastrier|brn\n|move|p1a: Glastrier|High Horsepower|p2a: Arceus\n|-supereffective|p2a: Arceus\n|-damage|p2a: Arceus|47\/100\n|-damage|p1a: Glastrier|81\/100 brn|[from] item: Life Orb\n|\n|-damage|p1a: Glastrier|75\/100 brn|[from] brn\n|upkeep\n|turn|14\n|\n|t:|1698694401\n|move|p2a: Arceus|Recover|p2a: Arceus\n|-heal|p2a: Arceus|97\/100\n|move|p1a: Glastrier|High Horsepower|p2a: Arceus\n|-supereffective|p2a: Arceus\n|-damage|p2a: Arceus|45\/100\n|-damage|p1a: Glastrier|65\/100 brn|[from] item: Life Orb\n|\n|-damage|p1a: Glastrier|58\/100 brn|[from] brn\n|upkeep\n|turn|15\n|c|\u2606XpokVEVO|thats kinda evil\n|c|\u2606XpokVEVO|tbh\n|\n|t:|1698694410\n|move|p2a: Arceus|Recover|p2a: Arceus\n|-heal|p2a: Arceus|95\/100\n|move|p1a: Glastrier|High Horsepower|p2a: Arceus\n|-supereffective|p2a: Arceus\n|-damage|p2a: Arceus|43\/100\n|-damage|p1a: Glastrier|49\/100 brn|[from] item: Life Orb\n|\n|-damage|p1a: Glastrier|42\/100 brn|[from] brn\n|upkeep\n|turn|16\n|\n|t:|1698694418\n|move|p2a: Arceus|Recover|p2a: Arceus\n|-heal|p2a: Arceus|93\/100\n|move|p1a: Glastrier|High Horsepower|p2a: Arceus\n|-supereffective|p2a: Arceus\n|-damage|p2a: Arceus|40\/100\n|-damage|p1a: Glastrier|32\/100 brn|[from] item: Life Orb\n|\n|-damage|p1a: Glastrier|26\/100 brn|[from] brn\n|upkeep\n|turn|17\n|\n|t:|1698694427\n|move|p2a: Arceus|Judgment|p1a: Glastrier\n|-damage|p1a: Glastrier|0 fnt\n|faint|p1a: Glastrier\n|\n|upkeep\n|\n|t:|1698694430\n|switch|p1a: Hoopa|Hoopa-Unbound|100\/100\n|-damage|p1a: Hoopa|88\/100|[from] Spikes\n|turn|18\n|\n|t:|1698694436\n|move|p2a: Arceus|Recover|p2a: Arceus\n|-heal|p2a: Arceus|90\/100\n|move|p1a: Hoopa|Psychic|p2a: Arceus\n|-supereffective|p2a: Arceus\n|-damage|p2a: Arceus|0 fnt\n|faint|p2a: Arceus\n|-damage|p1a: Hoopa|78\/100|[from] item: Life Orb\n|\n|win|XpokVEVO\n|c|\u2606XpokVEVO|noice\n|l|\u2606Fireblitz15\n|player|p1|XpokVEVO|mustard\n","uploadtime":1698694443,"views":36,"p1id":"xpokvevo","p2id":"fireblitz15","formatid":"gen9ubers","rating":0,"private":0,"password":""}