{"id":"gen9ubers-1969297763","p1":"The Jonkler","p2":"A m 0 g u s sus","format":"[Gen 9] Ubers","log":"|j|\u2606The Jonkler\n|j|\u2606A m 0 g u s sus\n|t:|1697511135\n|gametype|singles\n|player|p1|The Jonkler|2|\n|player|p2|A m 0 g u s sus|170|\n|teamsize|p1|6\n|teamsize|p2|6\n|gen|9\n|tier|[Gen 9] Ubers\n|rule|Sleep Clause Mod: Limit one foe put to sleep\n|rule|Species Clause: Limit one of each Pok\u00e9mon\n|rule|OHKO Clause: OHKO moves are banned\n|rule|Evasion Items Clause: Evasion items are banned\n|rule|Evasion Moves Clause: Evasion moves are banned\n|rule|Endless Battle Clause: Forcing endless battles is banned\n|rule|HP Percentage Mod: HP is shown in percentages\n|clearpoke\n|poke|p1|Leafeon, M|\n|poke|p1|Flutter Mane|\n|poke|p1|Great Tusk|\n|poke|p1|Corviknight, M|\n|poke|p1|Rotom-Heat|\n|poke|p1|Mightyena, F|\n|poke|p2|Ninetales-Alola, F|\n|poke|p2|Baxcalibur, F|\n|poke|p2|Gliscor, M|\n|poke|p2|Weavile, F|\n|poke|p2|Dragapult, M|\n|poke|p2|Skuntank, F|\n|teampreview\n|\n|t:|1697511145\n|start\n|switch|p1a: Great Tusk|Great Tusk|100\/100\n|switch|p2a: Ninetales|Ninetales-Alola, F|100\/100\n|-weather|Snow|[from] ability: Snow Warning|[of] p2a: Ninetales\n|turn|1\n|inactive|Battle timer is ON: inactive players will automatically lose when time's up. (requested by A m 0 g u s sus)\n|\n|t:|1697511166\n|move|p1a: Great Tusk|Close Combat|p2a: Ninetales\n|-damage|p2a: Ninetales|39\/100\n|-unboost|p1a: Great Tusk|def|1\n|-unboost|p1a: Great Tusk|spd|1\n|move|p2a: Ninetales|Blizzard|p1a: Great Tusk\n|-supereffective|p1a: Great Tusk\n|-damage|p1a: Great Tusk|0 fnt\n|faint|p1a: Great Tusk\n|-end|p1a: Great Tusk|Protosynthesis|[silent]\n|\n|-weather|Snow|[upkeep]\n|upkeep\n|l|\u2606A m 0 g u s sus\n|inactive|A m 0 g u s sus disconnected and has 300 seconds to reconnect!\n|player|p2|\n|j|\u2606A m 0 g u s sus\n|inactive|A m 0 g u s sus reconnected.\n|player|p2|A m 0 g u s sus|170\n|\n|t:|1697511188\n|switch|p1a: Flutter Mane|Flutter Mane|100\/100\n|-enditem|p1a: Flutter Mane|Booster Energy\n|-activate|p1a: Flutter Mane|ability: Protosynthesis|[fromitem]\n|-start|p1a: Flutter Mane|protosynthesisspe\n|turn|2\n|\n|t:|1697511201\n|move|p1a: Flutter Mane|Thunderbolt|p2a: Ninetales\n|-damage|p2a: Ninetales|5\/100\n|move|p2a: Ninetales|Blizzard|p1a: Flutter Mane\n|-damage|p1a: Flutter Mane|65\/100\n|\n|-weather|Snow|[upkeep]\n|upkeep\n|turn|3\n|\n|t:|1697511208\n|move|p1a: Flutter Mane|Thunderbolt|p2a: Ninetales\n|-damage|p2a: Ninetales|0 fnt\n|faint|p2a: Ninetales\n|\n|-weather|Snow|[upkeep]\n|upkeep\n|\n|t:|1697511212\n|switch|p2a: Skuntank|Skuntank, F|100\/100\n|turn|4\n|\n|t:|1697511222\n|-end|p1a: Flutter Mane|Protosynthesis|[silent]\n|switch|p1a: Corviknight|Corviknight, M, shiny|100\/100\n|-ability|p1a: Corviknight|Pressure\n|move|p2a: Skuntank|Knock Off|p1a: Corviknight\n|-damage|p1a: Corviknight|73\/100\n|-enditem|p1a: Corviknight|Leftovers|[from] move: Knock Off|[of] p2a: Skuntank\n|\n|-weather|Snow|[upkeep]\n|upkeep\n|turn|5\n|\n|t:|1697511243\n|switch|p2a: Gliscor|Gliscor, M|100\/100\n|move|p1a: Corviknight|Body Press|p2a: Gliscor\n|-resisted|p2a: Gliscor\n|-damage|p2a: Gliscor|93\/100\n|\n|-weather|none\n|-status|p2a: Gliscor|tox|[from] item: Toxic Orb\n|upkeep\n|turn|6\n|\n|t:|1697511255\n|move|p2a: Gliscor|Stealth Rock|p1a: Corviknight\n|-sidestart|p1: The Jonkler|move: Stealth Rock\n|move|p1a: Corviknight|Brave Bird|p2a: Gliscor\n|-damage|p2a: Gliscor|70\/100 tox\n|-damage|p1a: Corviknight|67\/100|[from] Recoil\n|\n|-heal|p2a: Gliscor|83\/100 tox|[from] ability: Poison Heal\n|upkeep\n|turn|7\n|\n|t:|1697511265\n|move|p2a: Gliscor|Protect|p2a: Gliscor\n|-singleturn|p2a: Gliscor|Protect\n|move|p1a: Corviknight|Brave Bird|p2a: Gliscor\n|-activate|p2a: Gliscor|move: Protect\n|\n|-heal|p2a: Gliscor|95\/100 tox|[from] ability: Poison Heal\n|upkeep\n|turn|8\n|\n|t:|1697511273\n|move|p2a: Gliscor|Earthquake|p1a: Corviknight\n|-immune|p1a: Corviknight\n|move|p1a: Corviknight|Defog|p2a: Gliscor\n|-unboost|p2a: Gliscor|evasion|1\n|-sideend|p1: The Jonkler|Stealth Rock|[from] move: Defog|[of] p1a: Corviknight\n|\n|-heal|p2a: Gliscor|100\/100 tox|[from] ability: Poison Heal\n|upkeep\n|turn|9\n|\n|t:|1697511283\n|move|p2a: Gliscor|Stealth Rock|p1a: Corviknight\n|-sidestart|p1: The Jonkler|move: Stealth Rock\n|move|p1a: Corviknight|Brave Bird|p2a: Gliscor\n|-damage|p2a: Gliscor|77\/100 tox\n|-damage|p1a: Corviknight|60\/100|[from] Recoil\n|\n|-heal|p2a: Gliscor|90\/100 tox|[from] ability: Poison Heal\n|upkeep\n|turn|10\n|\n|t:|1697511299\n|move|p2a: Gliscor|Stealth Rock||[still]\n|-fail|p2a: Gliscor\n|move|p1a: Corviknight|Brave Bird|p2a: Gliscor\n|-damage|p2a: Gliscor|68\/100 tox\n|-damage|p1a: Corviknight|54\/100|[from] Recoil\n|\n|-heal|p2a: Gliscor|81\/100 tox|[from] ability: Poison Heal\n|upkeep\n|turn|11\n|\n|t:|1697511308\n|switch|p2a: Baxcalibur|Baxcalibur, F|100\/100\n|move|p1a: Corviknight|Brave Bird|p2a: Baxcalibur\n|-damage|p2a: Baxcalibur|61\/100\n|-damage|p1a: Corviknight|41\/100|[from] Recoil\n|\n|upkeep\n|turn|12\n|\n|t:|1697511322\n|move|p2a: Baxcalibur|Icicle Spear|p1a: Corviknight\n|-damage|p1a: Corviknight|31\/100\n|-damage|p1a: Corviknight|22\/100\n|-damage|p1a: Corviknight|12\/100\n|-damage|p1a: Corviknight|0 fnt\n|faint|p1a: Corviknight\n|-hitcount|p1: Corviknight|4\n|\n|upkeep\n|\n|t:|1697511335\n|switch|p1a: Rotom|Rotom-Heat, shiny|100\/100\n|-damage|p1a: Rotom|75\/100|[from] Stealth Rock\n|turn|13\n|\n|t:|1697511345\n|move|p2a: Baxcalibur|Dragon Dance|p2a: Baxcalibur\n|-boost|p2a: Baxcalibur|atk|1\n|-boost|p2a: Baxcalibur|spe|1\n|move|p1a: Rotom|Overheat|p2a: Baxcalibur\n|-damage|p2a: Baxcalibur|0 fnt\n|-unboost|p1a: Rotom|spa|2\n|faint|p2a: Baxcalibur\n|\n|upkeep\n|\n|t:|1697511360\n|switch|p2a: Dragapult|Dragapult, M|100\/100\n|turn|14\n|\n|t:|1697511370\n|switch|p1a: Mightyena|Mightyena, F, shiny|100\/100\n|-damage|p1a: Mightyena|88\/100|[from] Stealth Rock\n|move|p2a: Dragapult|U-turn|p1a: Mightyena\n|-supereffective|p1a: Mightyena\n|-damage|p1a: Mightyena|34\/100\n|\n|t:|1697511375\n|switch|p2a: Gliscor|Gliscor, M|81\/100 tox|[from] U-turn\n|\n|-heal|p2a: Gliscor|93\/100 tox|[from] ability: Poison Heal\n|-status|p1a: Mightyena|tox|[from] item: Toxic Orb\n|upkeep\n|turn|15\n|\n|t:|1697511392\n|move|p2a: Gliscor|Protect|p2a: Gliscor\n|-singleturn|p2a: Gliscor|Protect\n|move|p1a: Mightyena|Facade|p2a: Gliscor\n|-activate|p2a: Gliscor|move: Protect\n|\n|-damage|p1a: Mightyena|28\/100 tox|[from] psn\n|-heal|p2a: Gliscor|100\/100 tox|[from] ability: Poison Heal\n|upkeep\n|turn|16\n|\n|t:|1697511400\n|move|p1a: Mightyena|Facade|p2a: Gliscor\n|-damage|p2a: Gliscor|78\/100 tox\n|move|p2a: Gliscor|Earthquake|p1a: Mightyena\n|-damage|p1a: Mightyena|0 fnt\n|faint|p1a: Mightyena\n|\n|-heal|p2a: Gliscor|90\/100 tox|[from] ability: Poison Heal\n|upkeep\n|\n|t:|1697511418\n|switch|p1a: Flutter Mane|Flutter Mane|65\/100\n|-damage|p1a: Flutter Mane|53\/100|[from] Stealth Rock\n|turn|17\n|\n|t:|1697511432\n|move|p1a: Flutter Mane|Calm Mind|p1a: Flutter Mane\n|-boost|p1a: Flutter Mane|spa|1\n|-boost|p1a: Flutter Mane|spd|1\n|move|p2a: Gliscor|Earthquake|p1a: Flutter Mane\n|-damage|p1a: Flutter Mane|0 fnt\n|faint|p1a: Flutter Mane\n|-end|p1a: Flutter Mane|Protosynthesis|[silent]\n|\n|-heal|p2a: Gliscor|100\/100 tox|[from] ability: Poison Heal\n|upkeep\n|\n|t:|1697511438\n|switch|p1a: Rotom|Rotom-Heat, shiny|75\/100\n|-damage|p1a: Rotom|50\/100|[from] Stealth Rock\n|turn|18\n|\n|t:|1697511441\n|move|p2a: Gliscor|Toxic|p1a: Rotom\n|-status|p1a: Rotom|tox\n|move|p1a: Rotom|Night Shade|p2a: Gliscor\n|-damage|p2a: Gliscor|72\/100 tox\n|\n|-heal|p2a: Gliscor|85\/100 tox|[from] ability: Poison Heal\n|-damage|p1a: Rotom|44\/100 tox|[from] psn\n|upkeep\n|turn|19\n|\n|t:|1697511449\n|switch|p2a: Skuntank|Skuntank, F|100\/100\n|move|p1a: Rotom|Night Shade|p2a: Skuntank\n|-damage|p2a: Skuntank|76\/100\n|\n|-damage|p1a: Rotom|32\/100 tox|[from] psn\n|upkeep\n|turn|20\n|\n|t:|1697511456\n|switch|p1a: Leafeon|Leafeon, M|100\/100\n|-damage|p1a: Leafeon|88\/100|[from] Stealth Rock\n|move|p2a: Skuntank|Sucker Punch||[still]\n|-fail|p2a: Skuntank\n|\n|upkeep\n|turn|21\n|\n|t:|1697511468\n|move|p1a: Leafeon|Calm Mind|p1a: Leafeon\n|-boost|p1a: Leafeon|spa|1\n|-boost|p1a: Leafeon|spd|1\n|move|p2a: Skuntank|Gunk Shot|p1a: Leafeon|[miss]\n|-miss|p2a: Skuntank|p1a: Leafeon\n|\n|upkeep\n|turn|22\n|\n|t:|1697511474\n|move|p1a: Leafeon|Calm Mind|p1a: Leafeon\n|-boost|p1a: Leafeon|spa|1\n|-boost|p1a: Leafeon|spd|1\n|move|p2a: Skuntank|Gunk Shot|p1a: Leafeon\n|-supereffective|p1a: Leafeon\n|-damage|p1a: Leafeon|15\/100\n|-enditem|p1a: Leafeon|Kee Berry|[eat]\n|-boost|p1a: Leafeon|def|1|[from] item: Kee Berry\n|\n|upkeep\n|turn|23\n|\n|t:|1697511484\n|move|p1a: Leafeon|Rest|p1a: Leafeon\n|-status|p1a: Leafeon|slp|[from] move: Rest\n|-heal|p1a: Leafeon|100\/100 slp|[silent]\n|move|p2a: Skuntank|Knock Off|p1a: Leafeon\n|-damage|p1a: Leafeon|89\/100 slp\n|\n|upkeep\n|turn|24\n|\n|t:|1697511494\n|cant|p1a: Leafeon|slp\n|move|p1a: Leafeon|Sleep Talk|p1a: Leafeon\n|move|p1a: Leafeon|Leaf Blade|p2a: Skuntank|[from]move: Sleep Talk\n|-resisted|p2a: Skuntank\n|-damage|p2a: Skuntank|58\/100\n|move|p2a: Skuntank|Trailblaze|p1a: Leafeon\n|-resisted|p1a: Leafeon\n|-damage|p1a: Leafeon|86\/100 slp\n|-boost|p2a: Skuntank|spe|1\n|\n|upkeep\n|turn|25\n|\n|t:|1697511505\n|move|p2a: Skuntank|Gunk Shot|p1a: Leafeon\n|-supereffective|p1a: Leafeon\n|-damage|p1a: Leafeon|39\/100 slp\n|cant|p1a: Leafeon|slp\n|move|p1a: Leafeon|Sleep Talk|p1a: Leafeon\n|move|p1a: Leafeon|Rest||[from]move: Sleep Talk|[still]\n|-fail|p1a: Leafeon\n|\n|upkeep\n|turn|26\n|\n|t:|1697511514\n|move|p2a: Skuntank|Knock Off|p1a: Leafeon\n|-damage|p1a: Leafeon|28\/100 slp\n|-curestatus|p1a: Leafeon|slp|[msg]\n|move|p1a: Leafeon|Rest|p1a: Leafeon\n|-status|p1a: Leafeon|slp|[from] move: Rest\n|-heal|p1a: Leafeon|100\/100 slp|[silent]\n|\n|upkeep\n|turn|27\n|\n|t:|1697511522\n|move|p2a: Skuntank|Knock Off|p1a: Leafeon\n|-damage|p1a: Leafeon|89\/100 slp\n|cant|p1a: Leafeon|slp\n|move|p1a: Leafeon|Sleep Talk|p1a: Leafeon\n|move|p1a: Leafeon|Calm Mind|p1a: Leafeon|[from]move: Sleep Talk\n|-boost|p1a: Leafeon|spa|1\n|-boost|p1a: Leafeon|spd|1\n|\n|upkeep\n|turn|28\n|l|\u2606A m 0 g u s sus\n|inactive|A m 0 g u s sus disconnected and has 300 seconds to reconnect!\n|player|p2|\n|j|\u2606A m 0 g u s sus\n|inactive|A m 0 g u s sus reconnected and has 300 seconds left.\n|player|p2|A m 0 g u s sus|170\n|\n|t:|1697511543\n|move|p2a: Skuntank|Gunk Shot|p1a: Leafeon\n|-supereffective|p1a: Leafeon\n|-damage|p1a: Leafeon|42\/100 slp\n|cant|p1a: Leafeon|slp\n|move|p1a: Leafeon|Sleep Talk|p1a: Leafeon\n|move|p1a: Leafeon|Calm Mind|p1a: Leafeon|[from]move: Sleep Talk\n|-boost|p1a: Leafeon|spa|1\n|-boost|p1a: Leafeon|spd|1\n|\n|upkeep\n|turn|29\n|\n|t:|1697511554\n|move|p2a: Skuntank|Gunk Shot|p1a: Leafeon\n|-supereffective|p1a: Leafeon\n|-damage|p1a: Leafeon|0 fnt\n|faint|p1a: Leafeon\n|\n|upkeep\n|inactive|The Jonkler has 270 seconds left.\n|\n|t:|1697511580\n|switch|p1a: Rotom|Rotom-Heat, shiny|32\/100 tox\n|-damage|p1a: Rotom|7\/100 tox|[from] Stealth Rock\n|turn|30\n|\n|t:|1697511587\n|move|p2a: Skuntank|Knock Off|p1a: Rotom\n|-damage|p1a: Rotom|0 fnt\n|-enditem|p1a: Rotom|Choice Specs|[from] move: Knock Off|[of] p2a: Skuntank\n|faint|p1a: Rotom\n|\n|win|A m 0 g u s sus\n|l|\u2606A m 0 g u s sus\n|j|\u2606A m 0 g u s sus\n|player|p2|A m 0 g u s sus|170\n","uploadtime":1697511595,"views":12,"p1id":"thejonkler","p2id":"am0gussus","formatid":"gen9ubers","rating":0,"private":0,"password":""}