{"id":"gen9ubers-1990059094","p1":"Anne Frankkkk","p2":"F80","format":"[Gen 9] Ubers","log":"|j|\u2606Anne Frankkkk\n|j|\u2606F80\n|t:|1699920125\n|gametype|singles\n|player|p1|Anne Frankkkk|hilbert|1232\n|player|p2|F80|clair|1238\n|teamsize|p1|6\n|teamsize|p2|6\n|gen|9\n|tier|[Gen 9] Ubers\n|rated|\n|rule|Sleep Clause Mod: Limit one foe put to sleep\n|rule|Species Clause: Limit one of each Pok\u00e9mon\n|rule|OHKO Clause: OHKO moves are banned\n|rule|Evasion Items Clause: Evasion items are banned\n|rule|Evasion Moves Clause: Evasion moves are banned\n|rule|Endless Battle Clause: Forcing endless battles is banned\n|rule|HP Percentage Mod: HP is shown in percentages\n|clearpoke\n|poke|p1|Iron Hands|\n|poke|p1|Kyogre|\n|poke|p1|Chien-Pao|\n|poke|p1|Ribombee, M|\n|poke|p1|Miraidon|\n|poke|p1|Flutter Mane|\n|poke|p2|Zacian-*|\n|poke|p2|Kyogre|\n|poke|p2|Arceus|\n|poke|p2|Gliscor, F|\n|poke|p2|Roaring Moon|\n|poke|p2|Shaymin-Sky|\n|teampreview\n|inactive|Battle timer is ON: inactive players will automatically lose when time's up. (requested by F80)\n|\n|t:|1699920139\n|start\n|switch|p1a: Moonblast|Ribombee, M, shiny|100\/100\n|switch|p2a: Arceus|Arceus|100\/100\n|turn|1\n|\n|t:|1699920149\n|move|p1a: Moonblast|Stun Spore|p2a: Arceus\n|-status|p2a: Arceus|par\n|move|p2a: Arceus|Swords Dance|p2a: Arceus\n|-boost|p2a: Arceus|atk|2\n|\n|upkeep\n|turn|2\n|\n|t:|1699920154\n|move|p1a: Moonblast|Sticky Web|p2a: Arceus\n|-sidestart|p2: F80|move: Sticky Web\n|move|p2a: Arceus|Taunt|p1a: Moonblast\n|-start|p1a: Moonblast|move: Taunt\n|\n|upkeep\n|turn|3\n|\n|t:|1699920157\n|move|p1a: Moonblast|Moonblast|p2a: Arceus\n|-damage|p2a: Arceus|73\/100 par\n|-unboost|p2a: Arceus|spa|1\n|move|p2a: Arceus|Swords Dance|p2a: Arceus\n|-boost|p2a: Arceus|atk|2\n|\n|upkeep\n|turn|4\n|\n|t:|1699920159\n|move|p2a: Arceus|Extreme Speed|p1a: Moonblast\n|-enditem|p1a: Moonblast|Focus Sash\n|-damage|p1a: Moonblast|1\/100\n|move|p1a: Moonblast|Moonblast|p2a: Arceus\n|-damage|p2a: Arceus|45\/100 par\n|-unboost|p2a: Arceus|spa|1\n|\n|upkeep\n|turn|5\n|\n|t:|1699920162\n|move|p2a: Arceus|Extreme Speed|p1a: Moonblast\n|-damage|p1a: Moonblast|0 fnt\n|faint|p1a: Moonblast\n|\n|upkeep\n|\n|t:|1699920164\n|switch|p1a: Big Boy|Iron Hands, shiny|100\/100\n|turn|6\n|\n|t:|1699920166\n|move|p1a: Big Boy|Fake Out|p2a: Arceus\n|-damage|p2a: Arceus|35\/100 par\n|cant|p2a: Arceus|flinch\n|\n|upkeep\n|turn|7\n|\n|t:|1699920168\n|move|p2a: Arceus|Extreme Speed|p1a: Big Boy\n|-damage|p1a: Big Boy|10\/100\n|move|p1a: Big Boy|Brick Break|p2a: Arceus\n|-supereffective|p2a: Arceus\n|-damage|p2a: Arceus|0 fnt\n|faint|p2a: Arceus\n|\n|upkeep\n|\n|t:|1699920171\n|switch|p2a: Gliscor|Gliscor, F|100\/100\n|turn|8\n|\n|t:|1699920175\n|move|p2a: Gliscor|Earthquake|p1a: Big Boy\n|-supereffective|p1a: Big Boy\n|-damage|p1a: Big Boy|0 fnt\n|faint|p1a: Big Boy\n|-end|p1a: Big Boy|Quark Drive|[silent]\n|\n|-status|p2a: Gliscor|tox|[from] item: Toxic Orb\n|upkeep\n|\n|t:|1699920181\n|switch|p1a: Ice Cat|Chien-Pao|100\/100\n|-ability|p1a: Ice Cat|Sword of Ruin\n|turn|9\n|\n|t:|1699920186\n|-terastallize|p2a: Gliscor|Steel\n|move|p1a: Ice Cat|Swords Dance|p1a: Ice Cat\n|-boost|p1a: Ice Cat|atk|2\n|move|p2a: Gliscor|Toxic|p1a: Ice Cat\n|-status|p1a: Ice Cat|tox\n|\n|-damage|p1a: Ice Cat|95\/100 tox|[from] psn\n|upkeep\n|turn|10\n|\n|t:|1699920192\n|move|p2a: Gliscor|Protect|p2a: Gliscor\n|-singleturn|p2a: Gliscor|Protect\n|move|p1a: Ice Cat|Sacred Sword|p2a: Gliscor\n|-activate|p2a: Gliscor|move: Protect\n|\n|-damage|p1a: Ice Cat|83\/100 tox|[from] psn\n|upkeep\n|turn|11\n|\n|t:|1699920203\n|switch|p2a: Shaymin|Shaymin-Sky|100\/100\n|move|p1a: Ice Cat|Sacred Sword|p2a: Shaymin\n|-resisted|p2a: Shaymin\n|-damage|p2a: Shaymin|43\/100\n|\n|-damage|p1a: Ice Cat|65\/100 tox|[from] psn\n|upkeep\n|turn|12\n|\n|t:|1699920211\n|move|p1a: Ice Cat|Sucker Punch|p2a: Shaymin\n|-damage|p2a: Shaymin|0 fnt\n|faint|p2a: Shaymin\n|\n|-damage|p1a: Ice Cat|41\/100 tox|[from] psn\n|upkeep\n|\n|t:|1699920233\n|switch|p2a: Zacian|Zacian-Crowned|100\/100\n|-activate|p2a: Zacian|move: Sticky Web\n|-unboost|p2a: Zacian|spe|1\n|-ability|p2a: Zacian|Intrepid Sword|boost\n|-boost|p2a: Zacian|atk|1\n|turn|13\n|\n|t:|1699920239\n|move|p1a: Ice Cat|Sacred Sword|p2a: Zacian\n|-damage|p2a: Zacian|17\/100\n|move|p2a: Zacian|Behemoth Blade|p1a: Ice Cat\n|-supereffective|p1a: Ice Cat\n|-damage|p1a: Ice Cat|0 fnt\n|faint|p1a: Ice Cat\n|\n|upkeep\n|\n|t:|1699920246\n|switch|p1a: Misdreavius|Flutter Mane, shiny|100\/100\n|-enditem|p1a: Misdreavius|Booster Energy\n|-activate|p1a: Misdreavius|ability: Protosynthesis|[fromitem]\n|-start|p1a: Misdreavius|protosynthesisspe\n|turn|14\n|\n|t:|1699920248\n|move|p1a: Misdreavius|Shadow Ball|p2a: Zacian\n|-damage|p2a: Zacian|0 fnt\n|faint|p2a: Zacian\n|\n|upkeep\n|\n|t:|1699920252\n|switch|p2a: Roaring Moon|Roaring Moon|100\/100\n|-activate|p2a: Roaring Moon|move: Sticky Web\n|-unboost|p2a: Roaring Moon|spe|1\n|turn|15\n|\n|t:|1699920257\n|move|p1a: Misdreavius|Moonblast|p2a: Roaring Moon\n|-supereffective|p2a: Roaring Moon\n|-damage|p2a: Roaring Moon|0 fnt\n|faint|p2a: Roaring Moon\n|-end|p2a: Roaring Moon|Protosynthesis|[silent]\n|\n|upkeep\n|\n|t:|1699920262\n|switch|p2a: Gliscor|Gliscor, F, tera:Steel|100\/100 tox\n|-activate|p2a: Gliscor|move: Sticky Web\n|-unboost|p2a: Gliscor|spe|1\n|turn|16\n|\n|t:|1699920265\n|move|p1a: Misdreavius|Shadow Ball|p2a: Gliscor\n|-damage|p2a: Gliscor|46\/100 tox\n|move|p2a: Gliscor|Toxic|p1a: Misdreavius\n|-status|p1a: Misdreavius|tox\n|\n|-damage|p1a: Misdreavius|95\/100 tox|[from] psn\n|-heal|p2a: Gliscor|59\/100 tox|[from] ability: Poison Heal\n|upkeep\n|turn|17\n|\n|t:|1699920269\n|move|p2a: Gliscor|Protect|p2a: Gliscor\n|-singleturn|p2a: Gliscor|Protect\n|move|p1a: Misdreavius|Shadow Ball|p2a: Gliscor\n|-activate|p2a: Gliscor|move: Protect\n|\n|-damage|p1a: Misdreavius|83\/100 tox|[from] psn\n|-heal|p2a: Gliscor|71\/100 tox|[from] ability: Poison Heal\n|upkeep\n|turn|18\n|\n|t:|1699920274\n|move|p1a: Misdreavius|Shadow Ball|p2a: Gliscor\n|-damage|p2a: Gliscor|20\/100 tox\n|move|p2a: Gliscor|Spikes|p1a: Misdreavius\n|-sidestart|p1: Anne Frankkkk|Spikes\n|\n|-damage|p1a: Misdreavius|65\/100 tox|[from] psn\n|-heal|p2a: Gliscor|32\/100 tox|[from] ability: Poison Heal\n|upkeep\n|turn|19\n|\n|t:|1699920277\n|move|p2a: Gliscor|Protect|p2a: Gliscor\n|-singleturn|p2a: Gliscor|Protect\n|move|p1a: Misdreavius|Calm Mind|p1a: Misdreavius\n|-boost|p1a: Misdreavius|spa|1\n|-boost|p1a: Misdreavius|spd|1\n|\n|-damage|p1a: Misdreavius|41\/100 tox|[from] psn\n|-heal|p2a: Gliscor|45\/100 tox|[from] ability: Poison Heal\n|upkeep\n|turn|20\n|\n|t:|1699920282\n|move|p1a: Misdreavius|Shadow Ball|p2a: Gliscor\n|-damage|p2a: Gliscor|0 fnt\n|faint|p2a: Gliscor\n|\n|-damage|p1a: Misdreavius|11\/100 tox|[from] psn\n|upkeep\n|\n|t:|1699920284\n|switch|p2a: Kyogre|Kyogre|100\/100\n|-activate|p2a: Kyogre|move: Sticky Web\n|-unboost|p2a: Kyogre|spe|1\n|-weather|RainDance|[from] ability: Drizzle|[of] p2a: Kyogre\n|turn|21\n|\n|t:|1699920290\n|move|p1a: Misdreavius|Moonblast|p2a: Kyogre\n|-damage|p2a: Kyogre|44\/100\n|move|p2a: Kyogre|Ice Beam|p1a: Misdreavius\n|-damage|p1a: Misdreavius|0 fnt\n|faint|p1a: Misdreavius\n|-end|p1a: Misdreavius|Protosynthesis|[silent]\n|\n|-weather|RainDance|[upkeep]\n|upkeep\n|\n|t:|1699920292\n|switch|p1a: Cyber Lizard|Miraidon|100\/100\n|-fieldstart|move: Electric Terrain|[from] ability: Hadron Engine|[of] p1a: Cyber Lizard\n|-item|p1a: Cyber Lizard|Air Balloon\n|turn|22\n|\n|t:|1699920294\n|move|p1a: Cyber Lizard|Electro Drift|p2a: Kyogre\n|-supereffective|p2a: Kyogre\n|-damage|p2a: Kyogre|0 fnt\n|faint|p2a: Kyogre\n|\n|win|Anne Frankkkk\n|raw|Anne Frankkkk's rating: 1232 &rarr; <strong>1257<\/strong><br \/>(+25 for winning)\n|raw|F80's rating: 1238 &rarr; <strong>1213<\/strong><br \/>(-25 for losing)\n|l|\u2606F80\n","uploadtime":1699920301,"views":6,"p1id":"annefrankkkk","p2id":"f80","formatid":"gen9ubers","rating":1213,"private":0,"password":""}