{"id":"gen9ubers-1984312529","p1":"ZachMcD","p2":"Manatsu","format":"[Gen 9] Ubers","log":"|j|\u2606ZachMcD\n|j|\u2606Manatsu\n|t:|1699242316\n|gametype|singles\n|player|p1|ZachMcD|giovanni|\n|player|p2|Manatsu|2|\n|teamsize|p1|6\n|teamsize|p2|6\n|gen|9\n|tier|[Gen 9] Ubers\n|rule|Sleep Clause Mod: Limit one foe put to sleep\n|rule|Species Clause: Limit one of each Pok\u00e9mon\n|rule|OHKO Clause: OHKO moves are banned\n|rule|Evasion Items Clause: Evasion items are banned\n|rule|Evasion Moves Clause: Evasion moves are banned\n|rule|Endless Battle Clause: Forcing endless battles is banned\n|rule|HP Percentage Mod: HP is shown in percentages\n|clearpoke\n|poke|p1|Enamorus, F|\n|poke|p1|Ogerpon-Hearthflame, F|\n|poke|p1|Gholdengo|\n|poke|p1|Slowbro, F|\n|poke|p1|Glimmora, F|\n|poke|p1|Veluza, F|\n|poke|p2|Walking Wake|\n|poke|p2|Torkoal, F|\n|poke|p2|Clodsire, M|\n|poke|p2|Lilligant-Hisui, F|\n|poke|p2|Ogerpon-Cornerstone, F|\n|poke|p2|Masquerain, M|\n|teampreview\n|inactive|Battle timer is ON: inactive players will automatically lose when time's up. (requested by Manatsu)\n|inactiveoff|Battle timer is now OFF.\n|j| HailieVictoria\n|j| LOLWhale\n|j| Scottowo\n|c|\u2606ZachMcD|glgl :)\n|c|\u2606Manatsu|you too\n|c| Scottowo|GOOD LUCK GUYS\n|c| Scottowo|!!\n|j| TheFormidableZ\n|\n|t:|1699242460\n|start\n|switch|p1a: Weird Guy.|Glimmora, F|100\/100\n|switch|p2a: Masquerain|Masquerain, M|100\/100\n|-ability|p2a: Masquerain|Intimidate|boost\n|-unboost|p1a: Weird Guy.|atk|1\n|turn|1\n|\n|t:|1699242483\n|move|p1a: Weird Guy.|Power Gem|p2a: Masquerain\n|-supereffective|p2a: Masquerain\n|-enditem|p2a: Masquerain|Focus Sash\n|-damage|p2a: Masquerain|1\/100\n|move|p2a: Masquerain|Quiver Dance|p2a: Masquerain\n|-boost|p2a: Masquerain|spa|1\n|-boost|p2a: Masquerain|spd|1\n|-boost|p2a: Masquerain|spe|1\n|\n|upkeep\n|turn|2\n|\n|t:|1699242495\n|-terastallize|p2a: Masquerain|Water\n|move|p2a: Masquerain|Surf|p1a: Weird Guy.\n|-supereffective|p1a: Weird Guy.\n|-damage|p1a: Weird Guy.|0 fnt\n|faint|p1a: Weird Guy.\n|\n|upkeep\n|\n|t:|1699242503\n|switch|p1a: Snakebit|Enamorus, F|100\/100\n|turn|3\n|\n|t:|1699242512\n|switch|p2a: Clodsire|Clodsire, M|100\/100\n|move|p1a: Snakebit|Earth Power|p2a: Clodsire\n|-supereffective|p2a: Clodsire\n|-damage|p2a: Clodsire|69\/100\n|\n|-heal|p2a: Clodsire|75\/100|[from] item: Leftovers\n|upkeep\n|turn|4\n|\n|t:|1699242523\n|switch|p1a: Surfin' USA|Gholdengo|100\/100\n|-item|p1a: Surfin' USA|Air Balloon\n|move|p2a: Clodsire|Toxic|p1a: Surfin' USA\n|-immune|p1a: Surfin' USA|[from] ability: Good as Gold\n|\n|-heal|p2a: Clodsire|81\/100|[from] item: Leftovers\n|upkeep\n|turn|5\n|\n|t:|1699242528\n|move|p1a: Surfin' USA|Substitute|p1a: Surfin' USA\n|-start|p1a: Surfin' USA|Substitute\n|-damage|p1a: Surfin' USA|76\/100\n|move|p2a: Clodsire|Chilling Water|p1a: Surfin' USA\n|-activate|p1a: Surfin' USA|move: Substitute|[damage]\n|-enditem|p1a: Surfin' USA|Air Balloon\n|\n|-heal|p2a: Clodsire|87\/100|[from] item: Leftovers\n|upkeep\n|turn|6\n|\n|t:|1699242539\n|move|p1a: Surfin' USA|Nasty Plot|p1a: Surfin' USA\n|-boost|p1a: Surfin' USA|spa|2\n|move|p2a: Clodsire|Earthquake|p1a: Surfin' USA\n|-supereffective|p1a: Surfin' USA\n|-end|p1a: Surfin' USA|Substitute\n|\n|-heal|p2a: Clodsire|94\/100|[from] item: Leftovers\n|upkeep\n|turn|7\n|\n|t:|1699242549\n|move|p1a: Surfin' USA|Make It Rain|p2a: Clodsire\n|-damage|p2a: Clodsire|15\/100\n|-unboost|p1a: Surfin' USA|spa|1\n|move|p2a: Clodsire|Earthquake|p1a: Surfin' USA\n|-supereffective|p1a: Surfin' USA\n|-damage|p1a: Surfin' USA|22\/100\n|\n|-heal|p2a: Clodsire|21\/100|[from] item: Leftovers\n|upkeep\n|turn|8\n|\n|t:|1699242597\n|switch|p2a: Walking Wake|Walking Wake|100\/100\n|move|p1a: Surfin' USA|Shadow Ball|p2a: Walking Wake\n|-crit|p2a: Walking Wake\n|-damage|p2a: Walking Wake|0 fnt\n|faint|p2a: Walking Wake\n|-end|p2a: Walking Wake|Protosynthesis|[silent]\n|\n|upkeep\n|c|\u2606Manatsu|...\n|c|\u2606Manatsu|bruh\n|\n|t:|1699242620\n|switch|p2a: Ogerpon|Ogerpon-Cornerstone, F|100\/100\n|turn|9\n|\n|t:|1699242631\n|move|p2a: Ogerpon|Knock Off|p1a: Surfin' USA\n|-supereffective|p1a: Surfin' USA\n|-damage|p1a: Surfin' USA|0 fnt\n|faint|p1a: Surfin' USA\n|\n|upkeep\n|\n|t:|1699242713\n|switch|p1a: Shlackin'|Slowbro, F|100\/100\n|turn|10\n|j| SunShinyReys\n|\n|t:|1699242757\n|move|p2a: Ogerpon|Swords Dance|p2a: Ogerpon\n|-boost|p2a: Ogerpon|atk|2\n|move|p1a: Shlackin'|Thunder Wave|p2a: Ogerpon|[miss]\n|-miss|p1a: Shlackin'|p2a: Ogerpon\n|\n|upkeep\n|turn|11\n|\n|t:|1699242766\n|move|p2a: Ogerpon|Ivy Cudgel|p1a: Shlackin'\n|-damage|p1a: Shlackin'|4\/100\n|move|p1a: Shlackin'|Thunder Wave|p2a: Ogerpon\n|-status|p2a: Ogerpon|par\n|\n|-heal|p1a: Shlackin'|10\/100|[from] item: Leftovers\n|upkeep\n|turn|12\n|\n|t:|1699242810\n|cant|p2a: Ogerpon|par\n|move|p1a: Shlackin'|Slack Off|p1a: Shlackin'\n|-heal|p1a: Shlackin'|60\/100\n|\n|-heal|p1a: Shlackin'|66\/100|[from] item: Leftovers\n|upkeep\n|turn|13\n|\n|t:|1699242815\n|move|p2a: Ogerpon|Ivy Cudgel|p1a: Shlackin'\n|-damage|p1a: Shlackin'|0 fnt\n|faint|p1a: Shlackin'\n|\n|upkeep\n|\n|t:|1699242816\n|switch|p1a: Angy|Ogerpon-Hearthflame, F|100\/100\n|-ability|p1a: Angy|Mold Breaker\n|turn|14\n|\n|t:|1699242833\n|move|p1a: Angy|Zen Headbutt|p2a: Ogerpon\n|-damage|p2a: Ogerpon|58\/100 par\n|move|p2a: Ogerpon|Ivy Cudgel|p1a: Angy\n|-supereffective|p1a: Angy\n|-damage|p1a: Angy|0 fnt\n|faint|p1a: Angy\n|\n|upkeep\n|\n|t:|1699242854\n|switch|p1a: Snakebit|Enamorus, F|100\/100\n|turn|15\n|l| LOLWhale\n|j| hatev2\n|\n|t:|1699242866\n|move|p1a: Snakebit|Moonblast|p2a: Ogerpon\n|-damage|p2a: Ogerpon|1\/100 par\n|-unboost|p2a: Ogerpon|spa|1\n|cant|p2a: Ogerpon|par\n|\n|upkeep\n|turn|16\n|j| LOLWhale\n|\n|t:|1699242889\n|move|p1a: Snakebit|Moonblast|p2a: Ogerpon\n|-damage|p2a: Ogerpon|0 fnt\n|faint|p2a: Ogerpon\n|\n|upkeep\n|\n|t:|1699242898\n|switch|p2a: Clodsire|Clodsire, M|21\/100\n|turn|17\n|\n|t:|1699242906\n|move|p1a: Snakebit|Moonblast|p2a: Clodsire\n|-resisted|p2a: Clodsire\n|-damage|p2a: Clodsire|8\/100\n|move|p2a: Clodsire|Recover|p2a: Clodsire\n|-heal|p2a: Clodsire|58\/100\n|\n|-heal|p2a: Clodsire|64\/100|[from] item: Leftovers\n|upkeep\n|turn|18\n|\n|t:|1699242915\n|switch|p1a: CHARGE!!!|Veluza, F|100\/100\n|move|p2a: Clodsire|Toxic|p1a: CHARGE!!!\n|-status|p1a: CHARGE!!!|tox\n|\n|-heal|p2a: Clodsire|71\/100|[from] item: Leftovers\n|-damage|p1a: CHARGE!!!|94\/100 tox|[from] psn\n|upkeep\n|turn|19\n|\n|t:|1699242930\n|switch|p2a: Torkoal|Torkoal, F|100\/100\n|-weather|SunnyDay|[from] ability: Drought|[of] p2a: Torkoal\n|-terastallize|p1a: CHARGE!!!|Steel\n|move|p1a: CHARGE!!!|Psycho Cut|p2a: Torkoal\n|-damage|p2a: Torkoal|73\/100\n|\n|-weather|SunnyDay|[upkeep]\n|-heal|p1a: CHARGE!!!|100\/100 tox|[from] item: Leftovers\n|-damage|p1a: CHARGE!!!|88\/100 tox|[from] psn\n|upkeep\n|turn|20\n|\n|t:|1699242941\n|switch|p1a: Snakebit|Enamorus, F|100\/100\n|move|p2a: Torkoal|Lava Plume|p1a: Snakebit\n|-damage|p1a: Snakebit|50\/100\n|\n|-weather|SunnyDay|[upkeep]\n|upkeep\n|turn|21\n|\n|t:|1699242977\n|move|p1a: Snakebit|Weather Ball|p2a: Torkoal\n|-resisted|p2a: Torkoal\n|-damage|p2a: Torkoal|37\/100\n|move|p2a: Torkoal|Lava Plume|p1a: Snakebit\n|-damage|p1a: Snakebit|0 fnt\n|faint|p1a: Snakebit\n|\n|-weather|SunnyDay|[upkeep]\n|upkeep\n|\n|t:|1699242979\n|switch|p1a: CHARGE!!!|Veluza, F, tera:Steel|88\/100 tox\n|turn|22\n|\n|t:|1699242996\n|move|p1a: CHARGE!!!|Aqua Cutter|p2a: Torkoal\n|-supereffective|p2a: Torkoal\n|-damage|p2a: Torkoal|10\/100\n|move|p2a: Torkoal|Lava Plume|p1a: CHARGE!!!\n|-supereffective|p1a: CHARGE!!!\n|-damage|p1a: CHARGE!!!|0 fnt\n|faint|p1a: CHARGE!!!\n|\n|win|Manatsu\n|c|\u2606ZachMcD|gg\n|c|\u2606Manatsu|gg\n|l| TheFormidableZ\n|l|\u2606ZachMcD\n|l| Scottowo\n","uploadtime":1699243035,"views":16,"p1id":"zachmcd","p2id":"manatsu","formatid":"gen9ubers","rating":0,"private":0,"password":""}