{"id":"gen9ubers-1988305919","p1":"h2dk212","p2":"bchfndch","format":"[Gen 9] Ubers","log":"|j|\u2606h2dk212\n|j|\u2606bchfndch\n|t:|1699705545\n|gametype|singles\n|player|p1|h2dk212|punkgirl|1000\n|player|p2|bchfndch|169|1000\n|teamsize|p1|6\n|teamsize|p2|6\n|gen|9\n|tier|[Gen 9] Ubers\n|rated|\n|rule|Sleep Clause Mod: Limit one foe put to sleep\n|rule|Species Clause: Limit one of each Pok\u00e9mon\n|rule|OHKO Clause: OHKO moves are banned\n|rule|Evasion Items Clause: Evasion items are banned\n|rule|Evasion Moves Clause: Evasion moves are banned\n|rule|Endless Battle Clause: Forcing endless battles is banned\n|rule|HP Percentage Mod: HP is shown in percentages\n|clearpoke\n|poke|p1|Lilligant, F|\n|poke|p1|Salazzle, F|\n|poke|p1|Komala, F|\n|poke|p1|Meloetta|\n|poke|p1|Sylveon, F|\n|poke|p1|Altaria, F|\n|poke|p2|Arceus-Ground|\n|poke|p2|Miraidon|\n|poke|p2|Koraidon|\n|poke|p2|Flutter Mane|\n|poke|p2|Dialga-Origin|\n|poke|p2|Zacian-*|\n|teampreview\n|inactive|Battle timer is ON: inactive players will automatically lose when time's up. (requested by h2dk212)\n|inactive|bchfndch has 120 seconds left.\n|\n|t:|1699705598\n|start\n|switch|p1a: Lilligant|Lilligant, F|100\/100\n|switch|p2a: Koraidon|Koraidon|100\/100\n|-weather|SunnyDay|[from] ability: Orichalcum Pulse|[of] p2a: Koraidon\n|-activate|p2a: Koraidon|Orichalcum Pulse|[source]\n|turn|1\n|\n|t:|1699705614\n|move|p1a: Lilligant|Quiver Dance|p1a: Lilligant\n|-boost|p1a: Lilligant|spa|1\n|-boost|p1a: Lilligant|spd|1\n|-boost|p1a: Lilligant|spe|1\n|move|p2a: Koraidon|U-turn|p1a: Lilligant\n|-supereffective|p1a: Lilligant\n|-damage|p1a: Lilligant|0 fnt\n|faint|p1a: Lilligant\n|\n|t:|1699705628\n|switch|p2a: Dialga|Dialga-Origin|100\/100|[from] U-turn\n|-ability|p2a: Dialga|Pressure\n|\n|-weather|SunnyDay|[upkeep]\n|upkeep\n|\n|t:|1699705634\n|switch|p1a: Salazzle|Salazzle, F|100\/100\n|turn|2\n|\n|t:|1699705639\n|move|p1a: Salazzle|Fire Blast|p2a: Dialga\n|-damage|p2a: Dialga|15\/100\n|move|p2a: Dialga|Stealth Rock|p1a: Salazzle\n|-sidestart|p1: h2dk212|move: Stealth Rock\n|\n|-weather|SunnyDay|[upkeep]\n|upkeep\n|turn|3\n|\n|t:|1699705646\n|move|p1a: Salazzle|Fire Blast|p2a: Dialga\n|-damage|p2a: Dialga|0 fnt\n|faint|p2a: Dialga\n|\n|-weather|SunnyDay|[upkeep]\n|upkeep\n|\n|t:|1699705651\n|switch|p2a: Arceus|Arceus-Ground|100\/100\n|turn|4\n|\n|t:|1699705660\n|switch|p1a: Komala|Komala, F|100\/100\n|-damage|p1a: Komala|88\/100|[from] Stealth Rock\n|-ability|p1a: Komala|Comatose\n|move|p2a: Arceus|Dragon Dance|p2a: Arceus\n|-boost|p2a: Arceus|atk|1\n|-boost|p2a: Arceus|spe|1\n|\n|-weather|SunnyDay|[upkeep]\n|upkeep\n|turn|5\n|\n|t:|1699705667\n|move|p2a: Arceus|Earthquake|p1a: Komala\n|-damage|p1a: Komala|0 fnt\n|faint|p1a: Komala\n|\n|-weather|none\n|upkeep\n|\n|t:|1699705675\n|switch|p1a: Altaria|Altaria, F|100\/100\n|-damage|p1a: Altaria|76\/100|[from] Stealth Rock\n|turn|6\n|\n|t:|1699705680\n|move|p2a: Arceus|Shadow Claw|p1a: Altaria\n|-damage|p1a: Altaria|31\/100\n|-damage|p2a: Arceus|84\/100|[from] item: Rocky Helmet|[of] p1a: Altaria\n|move|p1a: Altaria|Dragon Dance|p1a: Altaria\n|-boost|p1a: Altaria|atk|1\n|-boost|p1a: Altaria|spe|1\n|\n|upkeep\n|turn|7\n|\n|t:|1699705696\n|move|p2a: Arceus|Shadow Claw|p1a: Altaria\n|-damage|p1a: Altaria|0 fnt\n|-damage|p2a: Arceus|67\/100|[from] item: Rocky Helmet|[of] p1a: Altaria\n|faint|p1a: Altaria\n|\n|upkeep\n|\n|t:|1699705704\n|switch|p1a: Salazzle|Salazzle, F|100\/100\n|-damage|p1a: Salazzle|76\/100|[from] Stealth Rock\n|turn|8\n|\n|t:|1699705708\n|move|p2a: Arceus|Earthquake|p1a: Salazzle\n|-supereffective|p1a: Salazzle\n|-damage|p1a: Salazzle|0 fnt\n|faint|p1a: Salazzle\n|\n|upkeep\n|\n|t:|1699705711\n|switch|p1a: Meloetta|Meloetta|100\/100\n|-damage|p1a: Meloetta|88\/100|[from] Stealth Rock\n|turn|9\n|\n|t:|1699705717\n|move|p2a: Arceus|Earthquake|p1a: Meloetta\n|-crit|p1a: Meloetta\n|-damage|p1a: Meloetta|0 fnt\n|faint|p1a: Meloetta\n|\n|upkeep\n|\n|t:|1699705721\n|switch|p1a: Sylveon|Sylveon, F|100\/100\n|-damage|p1a: Sylveon|88\/100|[from] Stealth Rock\n|turn|10\n|\n|t:|1699705735\n|move|p2a: Arceus|Earthquake|p1a: Sylveon\n|-damage|p1a: Sylveon|6\/100\n|move|p1a: Sylveon|Shadow Ball|p2a: Arceus\n|-damage|p2a: Arceus|53\/100\n|\n|upkeep\n|turn|11\n|\n|t:|1699705751\n|move|p2a: Arceus|Earthquake|p1a: Sylveon\n|-damage|p1a: Sylveon|0 fnt\n|faint|p1a: Sylveon\n|\n|win|bchfndch\n|raw|h2dk212's rating: 1000 &rarr; <strong>1000<\/strong><br \/>(+0 for losing)\n|raw|bchfndch's rating: 1000 &rarr; <strong>1040<\/strong><br \/>(+40 for winning)\n","uploadtime":1699705755,"views":10,"p1id":"h2dk212","p2id":"bchfndch","formatid":"gen9ubers","rating":1000,"private":0,"password":""}