{"id":"gen9ubers-1989289704","p1":"HailieVictoria","p2":"Lass Starling","format":"[Gen 9] Ubers","log":"|j|\u2606HailieVictoria\n|j|\u2606Lass Starling\n|t:|1699832410\n|gametype|singles\n|player|p1|HailieVictoria|1|\n|player|p2|Lass Starling|lass-gen4dp|\n|teamsize|p1|6\n|teamsize|p2|6\n|gen|9\n|tier|[Gen 9] Ubers\n|rule|Sleep Clause Mod: Limit one foe put to sleep\n|rule|Species Clause: Limit one of each Pok\u00e9mon\n|rule|OHKO Clause: OHKO moves are banned\n|rule|Evasion Items Clause: Evasion items are banned\n|rule|Evasion Moves Clause: Evasion moves are banned\n|rule|Endless Battle Clause: Forcing endless battles is banned\n|rule|HP Percentage Mod: HP is shown in percentages\n|clearpoke\n|poke|p1|Jirachi|\n|poke|p1|Mamoswine, M|\n|poke|p1|Ogerpon-Wellspring, F|\n|poke|p1|Hydreigon, F|\n|poke|p1|Kleavor, M|\n|poke|p1|Dachsbun, F|\n|poke|p2|Iron Valiant|\n|poke|p2|Tyranitar, M|\n|poke|p2|Garchomp, F|\n|poke|p2|Volcanion|\n|poke|p2|Glimmora, F|\n|poke|p2|Mandibuzz, F|\n|teampreview\n|j| DivogoJota\n|j| Ghantist\n|j| IshaNn\n|j| ThatGuyAltro\n|j| MessiMeli\n|c| ThatGuyAltro|good luck trainers\n|c| IshaNn|no u altro\n|c|\u2606Lass Starling|gldn\n|c| IshaNn|what's gldn???\n|c| ThatGuyAltro|dn?\n|c| MessiMeli|gldn\n|c| MessiMeli|DEEZ NUTS\n|c| MessiMeli|HAHA\n|c| ThatGuyAltro|mg u got me\n|c|\u2606HailieVictoria|hi\n|j| iceberg149\n|j| SunShinyReys\n|j| hatev2\n|\n|t:|1699832589\n|start\n|switch|p1a: Kleavor|Kleavor, M|100\/100\n|switch|p2a: Taliyah|Glimmora, F, shiny|100\/100\n|turn|1\n|\n|t:|1699832627\n|move|p2a: Taliyah|Power Gem|p1a: Kleavor\n|-supereffective|p1a: Kleavor\n|-damage|p1a: Kleavor|0 fnt\n|faint|p1a: Kleavor\n|\n|upkeep\n|\n|t:|1699832639\n|switch|p1a: Hydreigon|Hydreigon, F|100\/100\n|turn|2\n|l| MessiMeli\n|c| SunShinyReys|I also hate Glimmora\n|\n|t:|1699832725\n|switch|p2a: Rell|Iron Valiant, shiny|100\/100\n|-enditem|p2a: Rell|Booster Energy\n|-activate|p2a: Rell|ability: Quark Drive|[fromitem]\n|-start|p2a: Rell|quarkdriveatk\n|move|p1a: Hydreigon|Draco Meteor|p2a: Rell\n|-immune|p2a: Rell\n|\n|upkeep\n|turn|3\n|\n|t:|1699832760\n|switch|p1a: Dachsbun|Dachsbun, F|100\/100\n|move|p2a: Rell|Spirit Break|p1a: Dachsbun\n|-damage|p1a: Dachsbun|66\/100\n|-unboost|p1a: Dachsbun|spa|1\n|\n|-heal|p1a: Dachsbun|72\/100|[from] item: Leftovers\n|upkeep\n|turn|4\n|\n|t:|1699832816\n|move|p2a: Rell|Swords Dance|p2a: Rell\n|-boost|p2a: Rell|atk|2\n|move|p1a: Dachsbun|Play Rough|p2a: Rell\n|-supereffective|p2a: Rell\n|-damage|p2a: Rell|38\/100\n|\n|-heal|p1a: Dachsbun|78\/100|[from] item: Leftovers\n|upkeep\n|turn|5\n|\n|t:|1699832834\n|move|p2a: Rell|Spirit Break|p1a: Dachsbun\n|-damage|p1a: Dachsbun|3\/100\n|-unboost|p1a: Dachsbun|spa|1\n|move|p1a: Dachsbun|Play Rough|p2a: Rell\n|-supereffective|p2a: Rell\n|-damage|p2a: Rell|0 fnt\n|faint|p2a: Rell\n|-end|p2a: Rell|Quark Drive|[silent]\n|\n|-heal|p1a: Dachsbun|9\/100|[from] item: Leftovers\n|upkeep\n|c| SunShinyReys|Dachsbun!!!!\n|c| SunShinyReys|Its my mon too\n|\n|t:|1699832890\n|switch|p2a: Taliyah|Glimmora, F, shiny|100\/100\n|turn|6\n|\n|t:|1699832908\n|switch|p1a: Ogerpon|Ogerpon-Wellspring, F|100\/100\n|move|p2a: Taliyah|Mortal Spin|p1a: Ogerpon\n|-supereffective|p1a: Ogerpon\n|-damage|p1a: Ogerpon|85\/100\n|-status|p1a: Ogerpon|psn\n|\n|-damage|p1a: Ogerpon|72\/100 psn|[from] psn\n|upkeep\n|turn|7\n|\n|t:|1699832977\n|switch|p2a: Anivia|Mandibuzz, F, shiny|100\/100\n|switch|p1a: Mamoswine|Mamoswine, M|100\/100\n|\n|upkeep\n|turn|8\n|c| SunShinyReys|Should use earthquake against the Flying mon.\n|\n|t:|1699833025\n|move|p1a: Mamoswine|Icicle Crash|p2a: Anivia\n|-supereffective|p2a: Anivia\n|-damage|p2a: Anivia|27\/100\n|-damage|p1a: Mamoswine|91\/100|[from] item: Life Orb\n|move|p2a: Anivia|U-turn|p1a: Mamoswine\n|-damage|p1a: Mamoswine|76\/100\n|\n|t:|1699833031\n|switch|p2a: Taliyah|Glimmora, F, shiny|100\/100|[from] U-turn\n|\n|upkeep\n|turn|9\n|\n|t:|1699833049\n|move|p2a: Taliyah|Flash Cannon|p1a: Mamoswine\n|-supereffective|p1a: Mamoswine\n|-damage|p1a: Mamoswine|0 fnt\n|faint|p1a: Mamoswine\n|\n|upkeep\n|\n|t:|1699833066\n|switch|p1a: Hydreigon|Hydreigon, F|100\/100\n|turn|10\n|\n|t:|1699833114\n|switch|p2a: Malphite|Tyranitar, M, shiny|100\/100\n|-weather|Sandstorm|[from] ability: Sand Stream|[of] p2a: Malphite\n|move|p1a: Hydreigon|Draco Meteor|p2a: Malphite\n|-damage|p2a: Malphite|64\/100\n|-unboost|p1a: Hydreigon|spa|2\n|\n|-weather|Sandstorm|[upkeep]\n|-damage|p1a: Hydreigon|94\/100|[from] Sandstorm\n|upkeep\n|turn|11\n|l| SunShinyReys\n|j| SunShinyReys\n|c| SunShinyReys|11111111111\n|c| SunShinyReys|SSSSSSSSSSAAAAHHHS3GGGGGGGGGGGGGGGGGGGGGGGGGGGGGGGGGGGGGGGGGGGGGGGGGGGGGGGGGGGGGGGGGGGOOOOOOOOOOOOOOOOOOOOOOOOOOOOOOOOOOOOOOOOOOOOOOOOOOOOOOOOOOOOOOOOOOOOOOOOOOOOOOOOOOOOOOOOOOOOOOOOOOOOOOOOOOOOOOOOOOOOOOOOOOOOOOOOOOOOOOOOOOOOOOOOOOOOOOOOOOOOOOOOOOOOOOOOOOMMMMMMMMMMMMMMMMM96T,\n|c| SunShinyReys|Cat on the keyboard\n|j| Aaron_Naps\n|j| curtisthecacnea\n|c| hatev2|we love cat on the keyboard\n|j| Scottowo\n|\n|t:|1699833216\n|switch|p1a: Jirachi|Jirachi|100\/100\n|move|p2a: Malphite|Heavy Slam|p1a: Jirachi\n|-resisted|p1a: Jirachi\n|-damage|p1a: Jirachi|76\/100\n|\n|-weather|Sandstorm|[upkeep]\n|upkeep\n|turn|12\n|\n|t:|1699833244\n|move|p1a: Jirachi|Drain Punch|p2a: Malphite\n|-supereffective|p2a: Malphite\n|-damage|p2a: Malphite|2\/100\n|-heal|p1a: Jirachi|100\/100|[from] drain|[of] p2a: Malphite\n|move|p2a: Malphite|Knock Off|p1a: Jirachi\n|-supereffective|p1a: Jirachi\n|-damage|p1a: Jirachi|0 fnt\n|-enditem|p1a: Jirachi|Choice Scarf|[from] move: Knock Off|[of] p2a: Malphite\n|faint|p1a: Jirachi\n|\n|-weather|Sandstorm|[upkeep]\n|upkeep\n|\n|t:|1699833273\n|switch|p1a: Hydreigon|Hydreigon, F|94\/100\n|turn|13\n|\n|t:|1699833306\n|move|p1a: Hydreigon|Draco Meteor|p2a: Malphite\n|-damage|p2a: Malphite|0 fnt\n|-unboost|p1a: Hydreigon|spa|2\n|faint|p2a: Malphite\n|\n|-weather|Sandstorm|[upkeep]\n|-damage|p1a: Hydreigon|88\/100|[from] Sandstorm\n|upkeep\n|\n|t:|1699833316\n|switch|p2a: Taliyah|Glimmora, F, shiny|100\/100\n|turn|14\n|l| SunShinyReys\n|j| SunShinyReys\n|\n|t:|1699833385\n|switch|p1a: Ogerpon|Ogerpon-Wellspring, F|72\/100 psn\n|move|p2a: Taliyah|Mortal Spin|p1a: Ogerpon\n|-supereffective|p1a: Ogerpon\n|-damage|p1a: Ogerpon|56\/100 psn\n|\n|-weather|none\n|-damage|p1a: Ogerpon|44\/100 psn|[from] psn\n|upkeep\n|turn|15\n|\n|t:|1699833404\n|switch|p2a: Anivia|Mandibuzz, F, shiny|27\/100\n|switch|p1a: Hydreigon|Hydreigon, F|88\/100\n|\n|upkeep\n|turn|16\n|c| SunShinyReys|I love how no one wanted to join vc until Hailie and Star's match\n|c| hatev2|battle of the titans\n|\n|t:|1699833439\n|move|p1a: Hydreigon|Draco Meteor|p2a: Anivia\n|-damage|p2a: Anivia|0 fnt\n|-unboost|p1a: Hydreigon|spa|2\n|faint|p2a: Anivia\n|\n|upkeep\n|c| hatev2|whole server watching\n|c| SunShinyReys|Even Kaisa watching.\n|c| SunShinyReys|She looks every time the sprites move\n|\n|t:|1699833491\n|switch|p2a: Taliyah|Glimmora, F, shiny|100\/100\n|turn|17\n|\n|t:|1699833509\n|switch|p1a: Dachsbun|Dachsbun, F|9\/100\n|move|p2a: Taliyah|Power Gem|p1a: Dachsbun\n|-damage|p1a: Dachsbun|0 fnt\n|faint|p1a: Dachsbun\n|\n|upkeep\n|\n|t:|1699833522\n|switch|p1a: Hydreigon|Hydreigon, F|88\/100\n|turn|18\n|\n|t:|1699833528\n|move|p2a: Taliyah|Power Gem|p1a: Hydreigon\n|-damage|p1a: Hydreigon|42\/100\n|move|p1a: Hydreigon|Draco Meteor|p2a: Taliyah\n|-damage|p2a: Taliyah|0 fnt\n|-unboost|p1a: Hydreigon|spa|2\n|faint|p2a: Taliyah\n|\n|upkeep\n|j| justinrockin\n|c| SunShinyReys|saccd the dog so she could give up her fire immune pokemon\n|\n|t:|1699833567\n|switch|p2a: Rek'Sai|Garchomp, F, shiny|100\/100\n|turn|19\n|\n|t:|1699833579\n|switch|p1a: Ogerpon|Ogerpon-Wellspring, F|44\/100 psn\n|move|p2a: Rek'Sai|Brick Break|p1a: Ogerpon\n|-damage|p1a: Ogerpon|10\/100 psn\n|\n|-damage|p1a: Ogerpon|0 fnt|[from] psn\n|faint|p1a: Ogerpon\n|upkeep\n|\n|t:|1699833589\n|switch|p1a: Hydreigon|Hydreigon, F|42\/100\n|turn|20\n|\n|t:|1699833603\n|move|p2a: Rek'Sai|Brick Break|p1a: Hydreigon\n|-supereffective|p1a: Hydreigon\n|-damage|p1a: Hydreigon|0 fnt\n|faint|p1a: Hydreigon\n|\n|win|Lass Starling\n|l| Scottowo\n|l| curtisthecacnea\n|l| Aaron_Naps\n|l| hatev2\n","uploadtime":1699833701,"views":54,"p1id":"hailievictoria","p2id":"lassstarling","formatid":"gen9ubers","rating":0,"private":0,"password":""}