{"id":"gen9ubers-1969215013","p1":"aDestructive","p2":"GodKmi","format":"[Gen 9] Ubers","log":"|j|\u2606aDestructive\n|j|\u2606GodKmi\n|t:|1697501221\n|gametype|singles\n|player|p1|aDestructive|unknownf|1093\n|player|p2|GodKmi|saguaro|1169\n|teamsize|p1|6\n|teamsize|p2|6\n|gen|9\n|tier|[Gen 9] Ubers\n|rated|\n|rule|Sleep Clause Mod: Limit one foe put to sleep\n|rule|Species Clause: Limit one of each Pok\u00e9mon\n|rule|OHKO Clause: OHKO moves are banned\n|rule|Evasion Items Clause: Evasion items are banned\n|rule|Evasion Moves Clause: Evasion moves are banned\n|rule|Endless Battle Clause: Forcing endless battles is banned\n|rule|HP Percentage Mod: HP is shown in percentages\n|clearpoke\n|poke|p1|Koraidon|\n|poke|p1|Iron Moth|\n|poke|p1|Rayquaza|\n|poke|p1|Landorus, M|\n|poke|p1|Annihilape, M|\n|poke|p1|Shaymin-Sky|\n|poke|p2|Ogerpon, F|\n|poke|p2|Rillaboom, M|\n|poke|p2|Alomomola, M|\n|poke|p2|Toxapex, M|\n|poke|p2|Clodsire, M|\n|poke|p2|Corviknight, F|\n|teampreview\n|\n|t:|1697501230\n|start\n|switch|p1a: Iron Moth|Iron Moth|100\/100\n|switch|p2a: Rillaboom|Rillaboom, M|100\/100\n|-item|p1a: Iron Moth|Air Balloon\n|-fieldstart|move: Grassy Terrain|[from] ability: Grassy Surge|[of] p2a: Rillaboom\n|turn|1\n|\n|t:|1697501234\n|switch|p2a: Toxapex|Toxapex, M|100\/100\n|move|p1a: Iron Moth|Substitute|p1a: Iron Moth\n|-start|p1a: Iron Moth|Substitute\n|-damage|p1a: Iron Moth|76\/100\n|\n|upkeep\n|turn|2\n|\n|t:|1697501239\n|move|p2a: Toxapex|Chilling Water|p1a: Iron Moth\n|-supereffective|p1a: Iron Moth\n|-activate|p1a: Iron Moth|move: Substitute|[damage]\n|-enditem|p1a: Iron Moth|Air Balloon\n|move|p1a: Iron Moth|Whirlwind|p2a: Toxapex\n|drag|p2a: Ogerpon|Ogerpon, F|100\/100\n|\n|-heal|p1a: Iron Moth|82\/100|[from] Grassy Terrain\n|upkeep\n|turn|3\n|\n|t:|1697501248\n|-terastallize|p2a: Ogerpon|Grass\n|detailschange|p2a: Ogerpon|Ogerpon-Teal-Tera, F, tera:Grass\n|-ability|p2a: Ogerpon|Embody Aspect (Teal)|boost\n|-boost|p2a: Ogerpon|spe|1\n|move|p2a: Ogerpon|U-turn|p1a: Iron Moth\n|-resisted|p1a: Iron Moth\n|-crit|p1a: Iron Moth\n|-end|p1a: Iron Moth|Substitute\n|\n|t:|1697501250\n|switch|p2a: Toxapex|Toxapex, M|100\/100|[from] U-turn\n|move|p1a: Iron Moth|Fiery Dance|p2a: Toxapex\n|-resisted|p2a: Toxapex\n|-damage|p2a: Toxapex|92\/100\n|-boost|p1a: Iron Moth|spa|1\n|\n|-heal|p1a: Iron Moth|88\/100|[from] Grassy Terrain\n|-heal|p2a: Toxapex|98\/100|[from] Grassy Terrain\n|upkeep\n|turn|4\n|\n|t:|1697501258\n|move|p1a: Iron Moth|Substitute|p1a: Iron Moth\n|-start|p1a: Iron Moth|Substitute\n|-damage|p1a: Iron Moth|63\/100\n|move|p2a: Toxapex|Chilling Water|p1a: Iron Moth\n|-supereffective|p1a: Iron Moth\n|-activate|p1a: Iron Moth|move: Substitute|[damage]\n|\n|-heal|p1a: Iron Moth|69\/100|[from] Grassy Terrain\n|-heal|p2a: Toxapex|100\/100|[from] Grassy Terrain\n|upkeep\n|turn|5\n|\n|t:|1697501269\n|move|p2a: Toxapex|Chilling Water|p1a: Iron Moth\n|-supereffective|p1a: Iron Moth\n|-end|p1a: Iron Moth|Substitute\n|move|p1a: Iron Moth|Whirlwind|p2a: Toxapex\n|drag|p2a: Rillaboom|Rillaboom, M|100\/100\n|\n|-heal|p1a: Iron Moth|75\/100|[from] Grassy Terrain\n|upkeep\n|turn|6\n|\n|t:|1697501273\n|switch|p2a: Toxapex|Toxapex, M|100\/100\n|move|p1a: Iron Moth|Fiery Dance|p2a: Toxapex\n|-resisted|p2a: Toxapex\n|-damage|p2a: Toxapex|87\/100\n|\n|-heal|p1a: Iron Moth|81\/100|[from] Grassy Terrain\n|-heal|p2a: Toxapex|93\/100|[from] Grassy Terrain\n|upkeep\n|turn|7\n|\n|t:|1697501276\n|move|p1a: Iron Moth|Substitute|p1a: Iron Moth\n|-start|p1a: Iron Moth|Substitute\n|-damage|p1a: Iron Moth|56\/100\n|move|p2a: Toxapex|Chilling Water|p1a: Iron Moth\n|-supereffective|p1a: Iron Moth\n|-activate|p1a: Iron Moth|move: Substitute|[damage]\n|\n|-heal|p1a: Iron Moth|62\/100|[from] Grassy Terrain\n|-heal|p2a: Toxapex|99\/100|[from] Grassy Terrain\n|upkeep\n|turn|8\n|\n|t:|1697501278\n|move|p1a: Iron Moth|Fiery Dance|p2a: Toxapex\n|-resisted|p2a: Toxapex\n|-damage|p2a: Toxapex|85\/100\n|move|p2a: Toxapex|Chilling Water|p1a: Iron Moth\n|-supereffective|p1a: Iron Moth\n|-end|p1a: Iron Moth|Substitute\n|\n|-heal|p1a: Iron Moth|68\/100|[from] Grassy Terrain\n|-heal|p2a: Toxapex|91\/100|[from] Grassy Terrain\n|-fieldend|move: Grassy Terrain\n|upkeep\n|turn|9\n|\n|t:|1697501284\n|move|p1a: Iron Moth|Substitute|p1a: Iron Moth\n|-start|p1a: Iron Moth|Substitute\n|-damage|p1a: Iron Moth|43\/100\n|move|p2a: Toxapex|Chilling Water|p1a: Iron Moth\n|-supereffective|p1a: Iron Moth\n|-activate|p1a: Iron Moth|move: Substitute|[damage]\n|\n|upkeep\n|turn|10\n|\n|t:|1697501292\n|move|p1a: Iron Moth|Fiery Dance|p2a: Toxapex\n|-resisted|p2a: Toxapex\n|-damage|p2a: Toxapex|77\/100\n|-boost|p1a: Iron Moth|spa|1\n|move|p2a: Toxapex|Chilling Water|p1a: Iron Moth\n|-supereffective|p1a: Iron Moth\n|-end|p1a: Iron Moth|Substitute\n|\n|upkeep\n|turn|11\n|c|\u2606aDestructive|weak but whatever\n|\n|t:|1697501304\n|move|p1a: Iron Moth|Substitute|p1a: Iron Moth\n|-start|p1a: Iron Moth|Substitute\n|-damage|p1a: Iron Moth|18\/100\n|move|p2a: Toxapex|Chilling Water|p1a: Iron Moth\n|-supereffective|p1a: Iron Moth\n|-activate|p1a: Iron Moth|move: Substitute|[damage]\n|\n|upkeep\n|turn|12\n|\n|t:|1697501307\n|move|p2a: Toxapex|Chilling Water|p1a: Iron Moth\n|-supereffective|p1a: Iron Moth\n|-end|p1a: Iron Moth|Substitute\n|move|p1a: Iron Moth|Whirlwind|p2a: Toxapex\n|drag|p2a: Alomomola|Alomomola, M|100\/100\n|\n|upkeep\n|turn|13\n|\n|t:|1697501311\n|switch|p2a: Toxapex|Toxapex, M|100\/100\n|move|p1a: Iron Moth|Dazzling Gleam|p2a: Toxapex\n|-resisted|p2a: Toxapex\n|-damage|p2a: Toxapex|89\/100\n|\n|upkeep\n|turn|14\n|\n|t:|1697501318\n|move|p1a: Iron Moth|Fiery Dance|p2a: Toxapex\n|-resisted|p2a: Toxapex\n|-damage|p2a: Toxapex|72\/100\n|-boost|p1a: Iron Moth|spa|1\n|move|p2a: Toxapex|Chilling Water|p1a: Iron Moth\n|-supereffective|p1a: Iron Moth\n|-damage|p1a: Iron Moth|0 fnt\n|faint|p1a: Iron Moth\n|-end|p1a: Iron Moth|Quark Drive|[silent]\n|\n|upkeep\n|\n|t:|1697501330\n|switch|p1a: Landorus|Landorus, M|100\/100\n|turn|15\n|\n|t:|1697501346\n|switch|p2a: Rillaboom|Rillaboom, M|100\/100\n|-fieldstart|move: Grassy Terrain|[from] ability: Grassy Surge|[of] p2a: Rillaboom\n|move|p1a: Landorus|Earth Power|p2a: Rillaboom\n|-resisted|p2a: Rillaboom\n|-crit|p2a: Rillaboom\n|-damage|p2a: Rillaboom|57\/100\n|\n|-heal|p2a: Rillaboom|63\/100|[from] Grassy Terrain\n|upkeep\n|turn|16\n|\n|t:|1697501352\n|switch|p1a: Rayquaza|Rayquaza|100\/100\n|-ability|p1a: Rayquaza|Air Lock\n|switch|p2a: Alomomola|Alomomola, M|100\/100\n|\n|upkeep\n|turn|17\n|\n|t:|1697501355\n|move|p1a: Rayquaza|Thunder Wave|p2a: Alomomola\n|-status|p2a: Alomomola|par\n|move|p2a: Alomomola|Flip Turn|p1a: Rayquaza\n|-resisted|p1a: Rayquaza\n|-damage|p1a: Rayquaza|91\/100\n|\n|t:|1697501362\n|switch|p2a: Toxapex|Toxapex, M|100\/100|[from] Flip Turn\n|\n|upkeep\n|turn|18\n|\n|t:|1697501379\n|move|p1a: Rayquaza|Thunder Wave|p2a: Toxapex|[miss]\n|-miss|p1a: Rayquaza|p2a: Toxapex\n|move|p2a: Toxapex|Sludge Bomb|p1a: Rayquaza\n|-damage|p1a: Rayquaza|72\/100\n|\n|upkeep\n|turn|19\n|\n|t:|1697501391\n|move|p1a: Rayquaza|Thunder Wave|p2a: Toxapex\n|-status|p2a: Toxapex|par\n|move|p2a: Toxapex|Infestation|p1a: Rayquaza\n|-resisted|p1a: Rayquaza\n|-damage|p1a: Rayquaza|71\/100\n|-activate|p1a: Rayquaza|move: Infestation|[of] p2a: Toxapex\n|\n|-damage|p1a: Rayquaza|58\/100|[from] move: Infestation|[partiallytrapped]\n|upkeep\n|turn|20\n|\n|t:|1697501401\n|move|p1a: Rayquaza|Dragon Ascent|p2a: Toxapex\n|-damage|p2a: Toxapex|46\/100 par\n|-unboost|p1a: Rayquaza|def|1\n|-unboost|p1a: Rayquaza|spd|1\n|move|p2a: Toxapex|Sludge Bomb|p1a: Rayquaza\n|-damage|p1a: Rayquaza|29\/100\n|\n|-heal|p2a: Toxapex|52\/100 par|[from] Grassy Terrain\n|-damage|p1a: Rayquaza|16\/100|[from] move: Infestation|[partiallytrapped]\n|upkeep\n|-enditem|p1a: Rayquaza|Salac Berry|[eat]\n|-boost|p1a: Rayquaza|spe|1|[from] item: Salac Berry\n|turn|21\n|\n|t:|1697501412\n|switch|p2a: Corviknight|Corviknight, F|100\/100\n|-ability|p2a: Corviknight|Pressure\n|move|p1a: Rayquaza|Dragon Ascent|p2a: Corviknight\n|-resisted|p2a: Corviknight\n|-damage|p2a: Corviknight|78\/100\n|-unboost|p1a: Rayquaza|def|1\n|-unboost|p1a: Rayquaza|spd|1\n|\n|-heal|p2a: Corviknight|85\/100|[from] item: Leftovers\n|-end|p1a: Rayquaza|Infestation|[partiallytrapped]|[silent]\n|upkeep\n|turn|22\n|\n|t:|1697501447\n|move|p1a: Rayquaza|Draco Meteor|p2a: Corviknight\n|-resisted|p2a: Corviknight\n|-crit|p2a: Corviknight\n|-damage|p2a: Corviknight|42\/100\n|-unboost|p1a: Rayquaza|spa|2\n|move|p2a: Corviknight|Body Press|p1a: Rayquaza\n|-resisted|p1a: Rayquaza\n|-damage|p1a: Rayquaza|0 fnt\n|faint|p1a: Rayquaza\n|\n|-heal|p2a: Corviknight|49\/100|[from] item: Leftovers\n|-fieldend|move: Grassy Terrain\n|upkeep\n|\n|t:|1697501462\n|switch|p1a: Annihilape|Annihilape, M|100\/100\n|turn|23\n|\n|t:|1697501473\n|switch|p2a: Rillaboom|Rillaboom, M|63\/100\n|-fieldstart|move: Grassy Terrain|[from] ability: Grassy Surge|[of] p2a: Rillaboom\n|move|p1a: Annihilape|Drain Punch|p2a: Rillaboom\n|-damage|p2a: Rillaboom|38\/100\n|\n|-heal|p2a: Rillaboom|44\/100|[from] Grassy Terrain\n|upkeep\n|turn|24\n|l|\u2606aDestructive\n|player|p1|\n|inactive|Battle timer is ON: inactive players will automatically lose when time's up. (requested by GodKmi)\n|inactive|aDestructive has 30 seconds to reconnect!\n|inactive|aDestructive has 20 seconds to reconnect!\n|inactive|aDestructive has 15 seconds to reconnect!\n|inactive|aDestructive has 10 seconds to reconnect!\n|inactive|aDestructive has 5 seconds to reconnect!\n|-message|aDestructive lost due to inactivity.\n|\n|win|GodKmi\n|raw|aDestructive's rating: 1093 &rarr; <strong>1074<\/strong><br \/>(-19 for losing)\n|raw|GodKmi's rating: 1169 &rarr; <strong>1189<\/strong><br \/>(+20 for winning)\n","uploadtime":1697501571,"views":13,"p1id":"adestructive","p2id":"godkmi","formatid":"gen9ubers","rating":1074,"private":0,"password":""}