{"id":"gen9ubers-1987321915","p1":"Nitro524","p2":"the tr4sh man","format":"[Gen 9] Ubers","log":"|j|\u2606Nitro524\n|j|\u2606the tr4sh man\n|t:|1699577312\n|gametype|singles\n|player|p1|Nitro524|hilbert|\n|player|p2|the tr4sh man|xerosic|\n|teamsize|p1|6\n|teamsize|p2|6\n|gen|9\n|tier|[Gen 9] Ubers\n|rule|Sleep Clause Mod: Limit one foe put to sleep\n|rule|Species Clause: Limit one of each Pok\u00e9mon\n|rule|OHKO Clause: OHKO moves are banned\n|rule|Evasion Items Clause: Evasion items are banned\n|rule|Evasion Moves Clause: Evasion moves are banned\n|rule|Endless Battle Clause: Forcing endless battles is banned\n|rule|HP Percentage Mod: HP is shown in percentages\n|clearpoke\n|poke|p1|Torkoal, M|\n|poke|p1|Chi-Yu|\n|poke|p1|Cyclizar, F|\n|poke|p1|Volcarona, F|\n|poke|p1|Roaring Moon|\n|poke|p1|Walking Wake|\n|poke|p2|Dugtrio, M|\n|poke|p2|Gothitelle, F|\n|poke|p2|Zacian-*|\n|poke|p2|Arceus-Dark|\n|poke|p2|Weezing-Galar, F|\n|poke|p2|Palafin, M|\n|teampreview\n|inactive|Battle timer is ON: inactive players will automatically lose when time's up. (requested by Nitro524)\n|\n|t:|1699577323\n|start\n|switch|p1a: Chi-Yu|Chi-Yu|100\/100\n|switch|p2a: Zacian|Zacian|100\/100\n|-ability|p1a: Chi-Yu|Beads of Ruin\n|-ability|p2a: Zacian|Intrepid Sword|boost\n|-boost|p2a: Zacian|atk|1\n|turn|1\n|\n|t:|1699577329\n|move|p1a: Chi-Yu|Overheat|p2a: Zacian\n|-damage|p2a: Zacian|3\/100\n|-unboost|p1a: Chi-Yu|spa|2\n|move|p2a: Zacian|Play Rough|p1a: Chi-Yu\n|-damage|p1a: Chi-Yu|0 fnt\n|faint|p1a: Chi-Yu\n|\n|upkeep\n|c|\u2606the tr4sh man|wow\n|\n|t:|1699577338\n|switch|p1a: Cyclizar|Cyclizar, F|100\/100\n|turn|2\n|c|\u2606Nitro524|holy\n|\n|t:|1699577356\n|switch|p1a: Torkoal|Torkoal, M|100\/100\n|-weather|SunnyDay|[from] ability: Drought|[of] p1a: Torkoal\n|move|p2a: Zacian|Play Rough|p1a: Torkoal\n|-resisted|p1a: Torkoal\n|-damage|p1a: Torkoal|80\/100\n|\n|-weather|SunnyDay|[upkeep]\n|upkeep\n|turn|3\n|c|\u2606the tr4sh man|that is undoubtedly what the dog was up to\n|\n|t:|1699577376\n|switch|p2a: Gothitelle|Gothitelle, F|100\/100\n|move|p1a: Torkoal|Lava Plume|p2a: Gothitelle\n|-damage|p2a: Gothitelle|67\/100\n|-status|p2a: Gothitelle|brn\n|\n|-weather|SunnyDay|[upkeep]\n|-damage|p2a: Gothitelle|61\/100 brn|[from] brn\n|upkeep\n|turn|4\n|c|\u2606Nitro524|quite so\n|\n|t:|1699577387\n|move|p2a: Gothitelle|Trick|p1a: Torkoal\n|-activate|p2a: Gothitelle|move: Trick|[of] p1a: Torkoal\n|-item|p1a: Torkoal|Choice Scarf|[from] move: Trick\n|-item|p2a: Gothitelle|Heat Rock|[from] move: Trick\n|move|p1a: Torkoal|Lava Plume|p2a: Gothitelle\n|-damage|p2a: Gothitelle|27\/100 brn\n|\n|-weather|SunnyDay|[upkeep]\n|-damage|p2a: Gothitelle|21\/100 brn|[from] brn\n|upkeep\n|turn|5\n|\n|t:|1699577394\n|move|p2a: Gothitelle|Calm Mind|p2a: Gothitelle\n|-boost|p2a: Gothitelle|spa|1\n|-boost|p2a: Gothitelle|spd|1\n|move|p1a: Torkoal|Lava Plume|p2a: Gothitelle\n|-damage|p2a: Gothitelle|0 fnt\n|faint|p2a: Gothitelle\n|\n|-weather|SunnyDay|[upkeep]\n|upkeep\n|\n|t:|1699577398\n|switch|p2a: Palafin|Palafin, M|100\/100\n|turn|6\n|\n|t:|1699577417\n|detailschange|p2a: Palafin|Palafin-Hero, M\n|switch|p2a: Weezing|Weezing-Galar, F|100\/100\n|-ability|p2a: Weezing|Neutralizing Gas\n|switch|p1a: Cyclizar|Cyclizar, F|100\/100\n|\n|-weather|SunnyDay|[upkeep]\n|upkeep\n|turn|7\n|\n|t:|1699577423\n|move|p1a: Cyclizar|Shed Tail|p1a: Cyclizar\n|-start|p1a: Cyclizar|Substitute|[from] move: Shed Tail\n|-damage|p1a: Cyclizar|50\/100\n|\n|t:|1699577429\n|switch|p1a: Volcarona|Volcarona, F|100\/100|[from] Shed Tail\n|move|p2a: Weezing|Sludge Bomb|p1a: Volcarona\n|-end|p1a: Volcarona|Substitute\n|\n|-weather|SunnyDay|[upkeep]\n|upkeep\n|turn|8\n|\n|t:|1699577440\n|move|p1a: Volcarona|Quiver Dance|p1a: Volcarona\n|-boost|p1a: Volcarona|spa|1\n|-boost|p1a: Volcarona|spd|1\n|-boost|p1a: Volcarona|spe|1\n|move|p2a: Weezing|Sludge Bomb|p1a: Volcarona\n|-damage|p1a: Volcarona|82\/100\n|\n|-weather|SunnyDay|[upkeep]\n|upkeep\n|turn|9\n|\n|t:|1699577453\n|move|p1a: Volcarona|Fiery Dance|p2a: Weezing\n|-damage|p2a: Weezing|0 fnt\n|faint|p2a: Weezing\n|-end|p2a: Weezing|ability: Neutralizing Gas\n|\n|-weather|none\n|upkeep\n|\n|t:|1699577457\n|switch|p2a: Dugtrio|Dugtrio, M|100\/100\n|turn|10\n|\n|t:|1699577484\n|move|p1a: Volcarona|Giga Drain|p2a: Dugtrio\n|-supereffective|p2a: Dugtrio\n|-enditem|p2a: Dugtrio|Focus Sash\n|-damage|p2a: Dugtrio|1\/100\n|-heal|p1a: Volcarona|100\/100|[from] drain|[of] p2a: Dugtrio\n|move|p2a: Dugtrio|Stone Edge|p1a: Volcarona\n|-supereffective|p1a: Volcarona\n|-damage|p1a: Volcarona|0 fnt\n|faint|p1a: Volcarona\n|\n|upkeep\n|inactive|Nitro524 has 270 seconds left.\n|\n|t:|1699577494\n|switch|p1a: Torkoal|Torkoal, M|80\/100\n|-weather|SunnyDay|[from] ability: Drought|[of] p1a: Torkoal\n|turn|11\n|c|\u2606the tr4sh man|volc was a big big threat there\n|inactive|Nitro524 has 270 seconds left.\n|\n|t:|1699577507\n|move|p2a: Dugtrio|Earthquake|p1a: Torkoal\n|-supereffective|p1a: Torkoal\n|-damage|p1a: Torkoal|31\/100\n|move|p1a: Torkoal|Lava Plume|p2a: Dugtrio\n|-damage|p2a: Dugtrio|0 fnt\n|faint|p2a: Dugtrio\n|\n|-weather|SunnyDay|[upkeep]\n|upkeep\n|c|\u2606Nitro524|oh definitely lol\n|\n|t:|1699577519\n|switch|p2a: Palafin|Palafin-Hero, M|100\/100\n|-activate|p2a: Palafin|ability: Zero to Hero\n|turn|12\n|\n|t:|1699577528\n|switch|p1a: Walking Wake|Walking Wake|100\/100\n|-activate|p1a: Walking Wake|ability: Protosynthesis\n|-start|p1a: Walking Wake|protosynthesisspe\n|move|p2a: Palafin|Bulk Up|p2a: Palafin\n|-boost|p2a: Palafin|atk|1\n|-boost|p2a: Palafin|def|1\n|\n|-weather|SunnyDay|[upkeep]\n|upkeep\n|turn|13\n|inactive|Nitro524 has 270 seconds left.\n|\n|t:|1699577557\n|-terastallize|p1a: Walking Wake|Fairy\n|move|p1a: Walking Wake|Tera Blast|p2a: Palafin|[anim] Tera Blast Fairy\n|-damage|p2a: Palafin|50\/100\n|move|p2a: Palafin|Drain Punch|p1a: Walking Wake\n|-resisted|p1a: Walking Wake\n|-damage|p1a: Walking Wake|76\/100\n|-heal|p2a: Palafin|63\/100|[from] drain|[of] p1a: Walking Wake\n|\n|-weather|SunnyDay|[upkeep]\n|upkeep\n|turn|14\n|\n|t:|1699577574\n|move|p1a: Walking Wake|Tera Blast|p2a: Palafin|[anim] Tera Blast Fairy\n|-damage|p2a: Palafin|11\/100\n|move|p2a: Palafin|Drain Punch|p1a: Walking Wake\n|-resisted|p1a: Walking Wake\n|-damage|p1a: Walking Wake|53\/100\n|-heal|p2a: Palafin|23\/100|[from] drain|[of] p1a: Walking Wake\n|\n|-weather|SunnyDay|[upkeep]\n|upkeep\n|turn|15\n|\n|t:|1699577581\n|switch|p2a: Zacian|Zacian|3\/100\n|move|p1a: Walking Wake|Tera Blast|p2a: Zacian|[anim] Tera Blast Fairy\n|-damage|p2a: Zacian|0 fnt\n|faint|p2a: Zacian\n|\n|-weather|none\n|-end|p1a: Walking Wake|Protosynthesis\n|upkeep\n|\n|t:|1699577583\n|switch|p2a: Palafin|Palafin-Hero, M|23\/100\n|turn|16\n|\n|t:|1699577604\n|move|p2a: Palafin|Jet Punch|p1a: Walking Wake\n|-damage|p1a: Walking Wake|18\/100\n|move|p1a: Walking Wake|Tera Blast|p2a: Palafin|[anim] Tera Blast Fairy\n|-damage|p2a: Palafin|0 fnt\n|faint|p2a: Palafin\n|\n|upkeep\n|\n|t:|1699577608\n|switch|p2a: Arceus|Arceus-Dark|100\/100\n|turn|17\n|c|\u2606Nitro524|gg\n|\n|t:|1699577612\n|move|p2a: Arceus|Calm Mind|p2a: Arceus\n|-boost|p2a: Arceus|spa|1\n|-boost|p2a: Arceus|spd|1\n|move|p1a: Walking Wake|Tera Blast|p2a: Arceus|[anim] Tera Blast Fairy\n|-supereffective|p2a: Arceus\n|-damage|p2a: Arceus|41\/100\n|\n|upkeep\n|turn|18\n|\n|t:|1699577619\n|move|p2a: Arceus|Judgment|p1a: Walking Wake\n|-resisted|p1a: Walking Wake\n|-damage|p1a: Walking Wake|0 fnt\n|faint|p1a: Walking Wake\n|-end|p1a: Walking Wake|Protosynthesis|[silent]\n|\n|upkeep\n|\n|t:|1699577627\n|switch|p1a: Roaring Moon|Roaring Moon|100\/100\n|-enditem|p1a: Roaring Moon|Booster Energy\n|-activate|p1a: Roaring Moon|ability: Protosynthesis|[fromitem]\n|-start|p1a: Roaring Moon|protosynthesisspe\n|turn|19\n|\n|t:|1699577648\n|move|p1a: Roaring Moon|Earthquake|p2a: Arceus\n|-damage|p2a: Arceus|18\/100\n|move|p2a: Arceus|Recover|p2a: Arceus\n|-heal|p2a: Arceus|68\/100\n|\n|upkeep\n|turn|20\n|\n|t:|1699577655\n|move|p1a: Roaring Moon|Dragon Dance|p1a: Roaring Moon\n|-boost|p1a: Roaring Moon|atk|1\n|-boost|p1a: Roaring Moon|spe|1\n|move|p2a: Arceus|Judgment|p1a: Roaring Moon\n|-resisted|p1a: Roaring Moon\n|-damage|p1a: Roaring Moon|67\/100\n|\n|upkeep\n|turn|21\n|\n|t:|1699577663\n|move|p1a: Roaring Moon|Earthquake|p2a: Arceus\n|-damage|p2a: Arceus|32\/100\n|move|p2a: Arceus|Judgment|p1a: Roaring Moon\n|-resisted|p1a: Roaring Moon\n|-damage|p1a: Roaring Moon|31\/100\n|\n|upkeep\n|turn|22\n|c|\u2606Nitro524|gg wp\n|\n|t:|1699577677\n|move|p1a: Roaring Moon|Earthquake|p2a: Arceus\n|-damage|p2a: Arceus|0 fnt\n|faint|p2a: Arceus\n|\n|win|Nitro524\n|c|\u2606the tr4sh man|gg\n|c|\u2606the tr4sh man|alright i gotta go get some milk\n","uploadtime":1699577682,"views":14,"p1id":"nitro524","p2id":"thetr4shman","formatid":"gen9ubers","rating":0,"private":0,"password":""}