{"id":"gen9ubers-1985081367","p1":"coomploud","p2":"sed10day","format":"[Gen 9] Ubers","log":"|j|\u2606coomploud\n|j|\u2606sed10day\n|t:|1699328382\n|gametype|singles\n|player|p1|coomploud|brycen|1034\n|player|p2|sed10day|steven|1030\n|teamsize|p1|6\n|teamsize|p2|6\n|gen|9\n|tier|[Gen 9] Ubers\n|rated|\n|rule|Sleep Clause Mod: Limit one foe put to sleep\n|rule|Species Clause: Limit one of each Pok\u00e9mon\n|rule|OHKO Clause: OHKO moves are banned\n|rule|Evasion Items Clause: Evasion items are banned\n|rule|Evasion Moves Clause: Evasion moves are banned\n|rule|Endless Battle Clause: Forcing endless battles is banned\n|rule|HP Percentage Mod: HP is shown in percentages\n|clearpoke\n|poke|p1|Grumpig, M|\n|poke|p1|Sudowoodo, M|\n|poke|p1|Veluza, M|\n|poke|p1|Vikavolt, F|\n|poke|p1|Gholdengo|\n|poke|p1|Cyclizar, M|\n|poke|p2|Greninja-*, F|\n|poke|p2|Milotic, F|\n|poke|p2|Eternatus|\n|poke|p2|Sinistcha-Masterpiece|\n|poke|p2|Ursaluna-Bloodmoon, M|\n|poke|p2|Miraidon|\n|teampreview\n|inactive|Battle timer is ON: inactive players will automatically lose when time's up. (requested by sed10day)\n|\n|t:|1699328415\n|start\n|switch|p1a: Cyclizar|Cyclizar, M|100\/100\n|switch|p2a: Milotic|Milotic, F|100\/100\n|turn|1\n|\n|t:|1699328432\n|move|p1a: Cyclizar|Shed Tail|p1a: Cyclizar\n|-start|p1a: Cyclizar|Substitute|[from] move: Shed Tail\n|-damage|p1a: Cyclizar|50\/100\n|\n|t:|1699328438\n|switch|p1a: Veluza|Veluza, M|100\/100|[from] Shed Tail\n|move|p2a: Milotic|Ice Beam|p1a: Veluza\n|-resisted|p1a: Veluza\n|-end|p1a: Veluza|Substitute\n|-damage|p2a: Milotic|91\/100|[from] item: Life Orb\n|\n|upkeep\n|turn|2\n|\n|t:|1699328445\n|move|p2a: Milotic|Ice Beam|p1a: Veluza\n|-resisted|p1a: Veluza\n|-damage|p1a: Veluza|75\/100\n|-damage|p2a: Milotic|81\/100|[from] item: Life Orb\n|move|p1a: Veluza|Fillet Away|p1a: Veluza\n|-boost|p1a: Veluza|atk|2\n|-boost|p1a: Veluza|spa|2\n|-boost|p1a: Veluza|spe|2\n|-damage|p1a: Veluza|25\/100\n|-enditem|p1a: Veluza|Liechi Berry|[eat]\n|-boost|p1a: Veluza|atk|1|[from] item: Liechi Berry\n|\n|upkeep\n|turn|3\n|\n|t:|1699328456\n|move|p1a: Veluza|Psycho Cut|p2a: Milotic\n|-damage|p2a: Milotic|0 fnt\n|faint|p2a: Milotic\n|\n|upkeep\n|\n|t:|1699328466\n|switch|p2a: Miraidon|Miraidon|100\/100\n|-fieldstart|move: Electric Terrain|[from] ability: Hadron Engine|[of] p2a: Miraidon\n|turn|4\n|\n|t:|1699328471\n|move|p1a: Veluza|Psycho Cut|p2a: Miraidon\n|-damage|p2a: Miraidon|0 fnt\n|faint|p2a: Miraidon\n|\n|upkeep\n|\n|t:|1699328477\n|switch|p2a: Eternatus|Eternatus|100\/100\n|-ability|p2a: Eternatus|Pressure\n|turn|5\n|\n|t:|1699328482\n|move|p1a: Veluza|Psycho Cut|p2a: Eternatus\n|-supereffective|p2a: Eternatus\n|-damage|p2a: Eternatus|0 fnt\n|faint|p2a: Eternatus\n|\n|upkeep\n|\n|t:|1699328486\n|switch|p2a: Sinistcha|Sinistcha-Masterpiece|100\/100\n|turn|6\n|\n|t:|1699328491\n|move|p1a: Veluza|Psycho Cut|p2a: Sinistcha\n|-damage|p2a: Sinistcha|20\/100\n|move|p2a: Sinistcha|Matcha Gotcha|p1a: Veluza\n|-supereffective|p1a: Veluza\n|-damage|p1a: Veluza|0 fnt\n|-heal|p2a: Sinistcha|34\/100|[from] drain|[of] p1a: Veluza\n|faint|p1a: Veluza\n|\n|upkeep\n|\n|t:|1699328499\n|switch|p1a: Cyclizar|Cyclizar, M|83\/100\n|turn|7\n|\n|t:|1699328505\n|move|p1a: Cyclizar|Shed Tail|p1a: Cyclizar\n|-start|p1a: Cyclizar|Substitute|[from] move: Shed Tail\n|-damage|p1a: Cyclizar|33\/100\n|\n|t:|1699328509\n|switch|p1a: Grumpig|Grumpig, M|100\/100|[from] Shed Tail\n|move|p2a: Sinistcha|Matcha Gotcha|p1a: Grumpig\n|-end|p1a: Grumpig|Substitute\n|-heal|p2a: Sinistcha|47\/100|[from] drain|[of] p1a: Grumpig\n|\n|upkeep\n|turn|8\n|\n|t:|1699328518\n|move|p1a: Grumpig|Shadow Ball|p2a: Sinistcha\n|-supereffective|p2a: Sinistcha\n|-damage|p2a: Sinistcha|0 fnt\n|faint|p2a: Sinistcha\n|\n|-fieldend|move: Electric Terrain\n|upkeep\n|\n|t:|1699328522\n|switch|p2a: Ursaluna|Ursaluna-Bloodmoon, M|100\/100\n|turn|9\n|\n|t:|1699328530\n|switch|p1a: Vikavolt|Vikavolt, F|100\/100\n|move|p2a: Ursaluna|Swords Dance|p2a: Ursaluna\n|-boost|p2a: Ursaluna|atk|2\n|\n|upkeep\n|turn|10\n|\n|t:|1699328539\n|move|p2a: Ursaluna|Headlong Rush|p1a: Vikavolt\n|-immune|p1a: Vikavolt|[from] ability: Levitate\n|move|p1a: Vikavolt|Bug Buzz|p2a: Ursaluna\n|-damage|p2a: Ursaluna|30\/100\n|-unboost|p2a: Ursaluna|spd|1\n|-enditem|p2a: Ursaluna|Sitrus Berry|[eat]\n|-heal|p2a: Ursaluna|55\/100|[from] item: Sitrus Berry\n|\n|upkeep\n|turn|11\n|\n|t:|1699328545\n|move|p2a: Ursaluna|Giga Impact|p1a: Vikavolt\n|-crit|p1a: Vikavolt\n|-enditem|p1a: Vikavolt|Focus Sash\n|-damage|p1a: Vikavolt|1\/100\n|-mustrecharge|p2a: Ursaluna\n|move|p1a: Vikavolt|Bug Buzz|p2a: Ursaluna\n|-damage|p2a: Ursaluna|0 fnt\n|faint|p2a: Ursaluna\n|\n|upkeep\n|\n|t:|1699328549\n|switch|p2a: Greninja|Greninja, F|100\/100\n|turn|12\n|\n|t:|1699328557\n|move|p2a: Greninja|Ice Beam|p1a: Vikavolt\n|-start|p2a: Greninja|typechange|Ice|[from] ability: Protean\n|-damage|p1a: Vikavolt|0 fnt\n|faint|p1a: Vikavolt\n|\n|upkeep\n|\n|t:|1699328561\n|switch|p1a: Cyclizar|Cyclizar, M|66\/100\n|turn|13\n|\n|t:|1699328566\n|move|p2a: Greninja|Ice Beam|p1a: Cyclizar\n|-supereffective|p1a: Cyclizar\n|-damage|p1a: Cyclizar|0 fnt\n|faint|p1a: Cyclizar\n|\n|upkeep\n|\n|t:|1699328577\n|switch|p1a: Sudowoodo|Sudowoodo, M|100\/100\n|turn|14\n|\n|t:|1699328586\n|move|p2a: Greninja|Ice Beam|p1a: Sudowoodo\n|-damage|p1a: Sudowoodo|53\/100\n|move|p1a: Sudowoodo|Head Smash|p2a: Greninja\n|-supereffective|p2a: Greninja\n|-damage|p2a: Greninja|0 fnt\n|faint|p2a: Greninja\n|-damage|p1a: Sudowoodo|12\/100|[from] Recoil\n|\n|win|coomploud\n|raw|coomploud's rating: 1034 &rarr; <strong>1068<\/strong><br \/>(+34 for winning)\n|raw|sed10day's rating: 1030 &rarr; <strong>1016<\/strong><br \/>(-14 for losing)\n|l|\u2606sed10day\n","uploadtime":1699328596,"views":5,"p1id":"coomploud","p2id":"sed10day","formatid":"gen9ubers","rating":1016,"private":0,"password":""}