{"id":"gen9ubers-1986587090","p1":"ItsmeBlankKnight","p2":"DangerLeaderLizana","format":"[Gen 9] Ubers","log":"|j|\u2606ItsmeBlankKnight\n|j|\u2606DangerLeaderLizana\n|t:|1699494990\n|gametype|singles\n|player|p1|ItsmeBlankKnight|larry|\n|player|p2|DangerLeaderLizana|1|\n|teamsize|p1|6\n|teamsize|p2|6\n|gen|9\n|tier|[Gen 9] Ubers\n|rule|Sleep Clause Mod: Limit one foe put to sleep\n|rule|Species Clause: Limit one of each Pok\u00e9mon\n|rule|OHKO Clause: OHKO moves are banned\n|rule|Evasion Items Clause: Evasion items are banned\n|rule|Evasion Moves Clause: Evasion moves are banned\n|rule|Endless Battle Clause: Forcing endless battles is banned\n|rule|HP Percentage Mod: HP is shown in percentages\n|clearpoke\n|poke|p1|Chi-Yu|\n|poke|p1|Palafin, F|\n|poke|p1|Spectrier|\n|poke|p1|Zacian-*|\n|poke|p1|Arceus-Ghost|\n|poke|p1|Masquerain, F|\n|poke|p2|Roaring Moon|\n|poke|p2|Cyclizar, F|\n|poke|p2|Zacian-*|\n|poke|p2|Arceus-Fire|\n|poke|p2|Urshifu-*, M|\n|poke|p2|Hoopa-Unbound|\n|teampreview\n|inactive|Battle timer is ON: inactive players will automatically lose when time's up. (requested by ItsmeBlankKnight)\n|inactive|DangerLeaderLizana also wants the timer to be on.\n|\n|t:|1699494998\n|start\n|switch|p1a: Spectrier|Spectrier|100\/100\n|switch|p2a: Cyclizar|Cyclizar, F|100\/100\n|turn|1\n|\n|t:|1699495006\n|-terastallize|p1a: Spectrier|Fighting\n|move|p1a: Spectrier|Tera Blast|p2a: Cyclizar|[anim] Tera Blast Fighting\n|-supereffective|p2a: Cyclizar\n|-damage|p2a: Cyclizar|0 fnt\n|faint|p2a: Cyclizar\n|-ability|p1a: Spectrier|Grim Neigh|boost\n|-boost|p1a: Spectrier|spa|1\n|\n|upkeep\n|\n|t:|1699495012\n|switch|p2a: Hoopa|Hoopa-Unbound|100\/100\n|turn|2\n|\n|t:|1699495018\n|switch|p1a: Palafin|Palafin, F|100\/100\n|move|p2a: Hoopa|Shadow Ball|p1a: Palafin\n|-damage|p1a: Palafin|52\/100\n|\n|upkeep\n|turn|3\n|\n|t:|1699495024\n|detailschange|p1a: Palafin|Palafin-Hero, F\n|switch|p1a: Chi-Yu|Chi-Yu|100\/100\n|-ability|p1a: Chi-Yu|Beads of Ruin\n|move|p2a: Hoopa|Shadow Ball|p1a: Chi-Yu\n|-resisted|p1a: Chi-Yu\n|-damage|p1a: Chi-Yu|82\/100\n|\n|upkeep\n|turn|4\n|\n|t:|1699495028\n|switch|p2a: Urshifu|Urshifu-Rapid-Strike, M|100\/100\n|move|p1a: Chi-Yu|Overheat|p2a: Urshifu\n|-resisted|p2a: Urshifu\n|-damage|p2a: Urshifu|0 fnt\n|-unboost|p1a: Chi-Yu|spa|2\n|faint|p2a: Urshifu\n|\n|upkeep\n|\n|t:|1699495034\n|switch|p2a: Roaring Moon|Roaring Moon|100\/100\n|-enditem|p2a: Roaring Moon|Booster Energy\n|-activate|p2a: Roaring Moon|ability: Protosynthesis|[fromitem]\n|-start|p2a: Roaring Moon|protosynthesisatk\n|turn|5\n|c|\u2606ItsmeBlankKnight|No switch ins\n|c|\u2606ItsmeBlankKnight|only death\n|\n|t:|1699495039\n|switch|p1a: Zacian|Zacian|100\/100\n|-ability|p1a: Zacian|Intrepid Sword|boost\n|-boost|p1a: Zacian|atk|1\n|move|p2a: Roaring Moon|Dragon Dance|p2a: Roaring Moon\n|-boost|p2a: Roaring Moon|atk|1\n|-boost|p2a: Roaring Moon|spe|1\n|\n|upkeep\n|turn|6\n|\n|t:|1699495041\n|-terastallize|p2a: Roaring Moon|Flying\n|move|p2a: Roaring Moon|Acrobatics|p1a: Zacian\n|-damage|p1a: Zacian|0 fnt\n|faint|p1a: Zacian\n|\n|upkeep\n|\n|t:|1699495050\n|switch|p1a: Masquerain|Masquerain, F|100\/100\n|-ability|p1a: Masquerain|Intimidate|boost\n|-unboost|p2a: Roaring Moon|atk|1\n|turn|7\n|\n|t:|1699495053\n|move|p2a: Roaring Moon|Acrobatics|p1a: Masquerain\n|-supereffective|p1a: Masquerain\n|-enditem|p1a: Masquerain|Focus Sash\n|-damage|p1a: Masquerain|1\/100\n|move|p1a: Masquerain|Tailwind|p1a: Masquerain\n|-sidestart|p1: ItsmeBlankKnight|move: Tailwind\n|\n|upkeep\n|turn|8\n|\n|t:|1699495055\n|move|p1a: Masquerain|Sticky Web|p2a: Roaring Moon\n|-sidestart|p2: DangerLeaderLizana|move: Sticky Web\n|move|p2a: Roaring Moon|Acrobatics|p1a: Masquerain\n|-supereffective|p1a: Masquerain\n|-damage|p1a: Masquerain|0 fnt\n|faint|p1a: Masquerain\n|\n|upkeep\n|\n|t:|1699495062\n|switch|p1a: Spectrier|Spectrier, tera:Fighting|100\/100\n|turn|9\n|\n|t:|1699495064\n|move|p1a: Spectrier|Shadow Ball|p2a: Roaring Moon\n|-damage|p2a: Roaring Moon|34\/100\n|move|p2a: Roaring Moon|Acrobatics|p1a: Spectrier\n|-supereffective|p1a: Spectrier\n|-damage|p1a: Spectrier|0 fnt\n|faint|p1a: Spectrier\n|\n|upkeep\n|\n|t:|1699495066\n|switch|p1a: Palafin|Palafin-Hero, F|52\/100\n|-activate|p1a: Palafin|ability: Zero to Hero\n|turn|10\n|\n|t:|1699495069\n|move|p1a: Palafin|Jet Punch|p2a: Roaring Moon\n|-damage|p2a: Roaring Moon|0 fnt\n|faint|p2a: Roaring Moon\n|-end|p2a: Roaring Moon|Protosynthesis|[silent]\n|-damage|p1a: Palafin|42\/100|[from] item: Life Orb\n|\n|-sideend|p1: ItsmeBlankKnight|move: Tailwind\n|upkeep\n|\n|t:|1699495072\n|switch|p2a: Hoopa|Hoopa-Unbound|100\/100\n|-activate|p2a: Hoopa|move: Sticky Web\n|-unboost|p2a: Hoopa|spe|1\n|turn|11\n|\n|t:|1699495087\n|move|p1a: Palafin|Wave Crash|p2a: Hoopa\n|-damage|p2a: Hoopa|0 fnt\n|faint|p2a: Hoopa\n|-damage|p1a: Palafin|13\/100|[from] Recoil\n|-damage|p1a: Palafin|3\/100|[from] item: Life Orb\n|\n|upkeep\n|\n|t:|1699495090\n|switch|p2a: Arceus|Arceus-Fire|100\/100\n|-activate|p2a: Arceus|move: Sticky Web\n|-unboost|p2a: Arceus|spe|1\n|turn|12\n|\n|t:|1699495097\n|move|p1a: Palafin|Wave Crash|p2a: Arceus\n|-supereffective|p2a: Arceus\n|-damage|p2a: Arceus|0 fnt\n|faint|p2a: Arceus\n|-damage|p1a: Palafin|0 fnt|[from] Recoil\n|faint|p1a: Palafin\n|\n|upkeep\n|\n|t:|1699495100\n|switch|p2a: Zacian|Zacian|100\/100\n|switch|p1a: Chi-Yu|Chi-Yu|82\/100\n|-ability|p2a: Zacian|Intrepid Sword|boost\n|-boost|p2a: Zacian|atk|1\n|-ability|p1a: Chi-Yu|Beads of Ruin\n|turn|13\n|\n|t:|1699495104\n|move|p2a: Zacian|Close Combat|p1a: Chi-Yu\n|-supereffective|p1a: Chi-Yu\n|-damage|p1a: Chi-Yu|0 fnt\n|-unboost|p2a: Zacian|def|1\n|-unboost|p2a: Zacian|spd|1\n|faint|p1a: Chi-Yu\n|\n|upkeep\n|\n|t:|1699495108\n|switch|p1a: Arceus|Arceus-Ghost|100\/100\n|turn|14\n|\n|t:|1699495117\n|move|p2a: Zacian|Crunch|p1a: Arceus\n|-supereffective|p1a: Arceus\n|-damage|p1a: Arceus|41\/100\n|move|p1a: Arceus|Swords Dance|p1a: Arceus\n|-boost|p1a: Arceus|atk|2\n|\n|upkeep\n|turn|15\n|\n|t:|1699495120\n|move|p1a: Arceus|Extreme Speed|p2a: Zacian\n|-damage|p2a: Zacian|24\/100\n|move|p2a: Zacian|Crunch|p1a: Arceus\n|-supereffective|p1a: Arceus\n|-damage|p1a: Arceus|0 fnt\n|faint|p1a: Arceus\n|\n|win|DangerLeaderLizana\n|c|\u2606ItsmeBlankKnight|shit\n|c|\u2606DangerLeaderLizana|YOOO\n|c|\u2606ItsmeBlankKnight|gg\n|c|\u2606DangerLeaderLizana|ok, next game\n|l|\u2606DangerLeaderLizana\n","uploadtime":1699495947,"views":44,"p1id":"itsmeblankknight","p2id":"dangerleaderlizana","formatid":"gen9ubers","rating":0,"private":0,"password":""}