{"id":"gen9ubers-1999376015","p1":"mummyNSFW","p2":"MeteorAsh15","format":"[Gen 9] Ubers","log":"|j|\u2606mummyNSFW\n|j|\u2606MeteorAsh15\n|t:|1701069610\n|gametype|singles\n|player|p1|mummyNSFW|cynthia-masters3|1074\n|player|p2|MeteorAsh15|170|1175\n|teamsize|p1|6\n|teamsize|p2|6\n|gen|9\n|tier|[Gen 9] Ubers\n|rated|\n|rule|Sleep Clause Mod: Limit one foe put to sleep\n|rule|Species Clause: Limit one of each Pok\u00e9mon\n|rule|OHKO Clause: OHKO moves are banned\n|rule|Evasion Items Clause: Evasion items are banned\n|rule|Evasion Moves Clause: Evasion moves are banned\n|rule|Endless Battle Clause: Forcing endless battles is banned\n|rule|HP Percentage Mod: HP is shown in percentages\n|clearpoke\n|poke|p1|Clodsire, M|\n|poke|p1|Ogerpon-Hearthflame, F|\n|poke|p1|Urshifu-*, M|\n|poke|p1|Iron Bundle|\n|poke|p1|Garganacl, F|\n|poke|p1|Groudon|\n|poke|p2|Baxcalibur, F|\n|poke|p2|Ninetales-Alola, F|\n|poke|p2|Roaring Moon|\n|poke|p2|Zacian-*|\n|poke|p2|Miraidon|\n|poke|p2|Grimmsnarl, M|\n|teampreview\n|inactive|Battle timer is ON: inactive players will automatically lose when time's up. (requested by MeteorAsh15)\n|\n|t:|1701069619\n|start\n|switch|p1a: Urshifu|Urshifu, M|100\/100\n|switch|p2a: Grimmsnarl|Grimmsnarl, M|100\/100\n|turn|1\n|\n|t:|1701069628\n|move|p2a: Grimmsnarl|Reflect|p2a: Grimmsnarl\n|-sidestart|p2: MeteorAsh15|Reflect\n|move|p1a: Urshifu|Iron Head|p2a: Grimmsnarl\n|-supereffective|p2a: Grimmsnarl\n|-damage|p2a: Grimmsnarl|73\/100\n|\n|upkeep\n|turn|2\n|\n|t:|1701069651\n|move|p2a: Grimmsnarl|Light Screen|p2a: Grimmsnarl\n|-sidestart|p2: MeteorAsh15|move: Light Screen\n|move|p1a: Urshifu|Iron Head|p2a: Grimmsnarl\n|-supereffective|p2a: Grimmsnarl\n|-damage|p2a: Grimmsnarl|44\/100\n|\n|upkeep\n|turn|3\n|\n|t:|1701069657\n|move|p2a: Grimmsnarl|Parting Shot|p1a: Urshifu\n|-hint|Since gen 7, Dark is immune to Prankster moves.\n|-immune|p1a: Urshifu\n|move|p1a: Urshifu|Iron Head|p2a: Grimmsnarl\n|-supereffective|p2a: Grimmsnarl\n|-damage|p2a: Grimmsnarl|18\/100\n|\n|upkeep\n|turn|4\n|\n|t:|1701069666\n|switch|p2a: Roaring Moon|Roaring Moon|100\/100\n|-enditem|p2a: Roaring Moon|Booster Energy\n|-activate|p2a: Roaring Moon|ability: Protosynthesis|[fromitem]\n|-start|p2a: Roaring Moon|protosynthesisspe\n|move|p1a: Urshifu|Iron Head|p2a: Roaring Moon\n|-damage|p2a: Roaring Moon|85\/100\n|\n|upkeep\n|turn|5\n|\n|t:|1701069678\n|switch|p1a: Garganacl|Garganacl, F|100\/100\n|move|p2a: Roaring Moon|Dragon Dance|p2a: Roaring Moon\n|-boost|p2a: Roaring Moon|atk|1\n|-boost|p2a: Roaring Moon|spe|1\n|\n|-sideend|p2: MeteorAsh15|Reflect\n|upkeep\n|turn|6\n|\n|t:|1701069687\n|move|p2a: Roaring Moon|Earthquake|p1a: Garganacl\n|-supereffective|p1a: Garganacl\n|-damage|p1a: Garganacl|24\/100\n|move|p1a: Garganacl|Salt Cure|p2a: Roaring Moon\n|-damage|p2a: Roaring Moon|68\/100\n|-start|p2a: Roaring Moon|Salt Cure\n|\n|-heal|p1a: Garganacl|30\/100|[from] item: Leftovers\n|-damage|p2a: Roaring Moon|56\/100|[from] Salt Cure\n|-sideend|p2: MeteorAsh15|move: Light Screen\n|upkeep\n|turn|7\n|\n|t:|1701069704\n|switch|p1a: Urshifu|Urshifu, M|100\/100\n|move|p2a: Roaring Moon|Earthquake|p1a: Urshifu\n|-damage|p1a: Urshifu|44\/100\n|\n|-damage|p2a: Roaring Moon|44\/100|[from] Salt Cure\n|upkeep\n|turn|8\n|\n|t:|1701069716\n|move|p2a: Roaring Moon|Acrobatics|p1a: Urshifu\n|-supereffective|p1a: Urshifu\n|-damage|p1a: Urshifu|0 fnt\n|faint|p1a: Urshifu\n|\n|-damage|p2a: Roaring Moon|32\/100|[from] Salt Cure\n|upkeep\n|\n|t:|1701069725\n|switch|p1a: Groudon|Groudon|100\/100\n|-weather|SunnyDay|[from] ability: Drought|[of] p1a: Groudon\n|turn|9\n|\n|t:|1701069732\n|move|p2a: Roaring Moon|Knock Off|p1a: Groudon\n|-damage|p1a: Groudon|40\/100\n|-enditem|p1a: Groudon|Choice Scarf|[from] move: Knock Off|[of] p2a: Roaring Moon\n|move|p1a: Groudon|Earthquake|p2a: Roaring Moon\n|-damage|p2a: Roaring Moon|0 fnt\n|faint|p2a: Roaring Moon\n|-end|p2a: Roaring Moon|Protosynthesis|[silent]\n|\n|-weather|SunnyDay|[upkeep]\n|upkeep\n|\n|t:|1701069746\n|switch|p2a: Zacian|Zacian-Crowned|100\/100\n|-ability|p2a: Zacian|Intrepid Sword|boost\n|-boost|p2a: Zacian|atk|1\n|turn|10\n|\n|t:|1701069751\n|move|p2a: Zacian|Behemoth Blade|p1a: Groudon\n|-damage|p1a: Groudon|0 fnt\n|faint|p1a: Groudon\n|\n|-weather|SunnyDay|[upkeep]\n|upkeep\n|\n|t:|1701069758\n|switch|p1a: Ogerpon|Ogerpon-Hearthflame, F|100\/100\n|-ability|p1a: Ogerpon|Mold Breaker\n|turn|11\n|\n|t:|1701069769\n|-terastallize|p1a: Ogerpon|Fire\n|detailschange|p1a: Ogerpon|Ogerpon-Hearthflame-Tera, F, tera:Fire\n|-ability|p1a: Ogerpon|Embody Aspect (Hearthflame)|boost\n|-boost|p1a: Ogerpon|atk|1\n|move|p2a: Zacian|Sacred Sword|p1a: Ogerpon\n|-damage|p1a: Ogerpon|35\/100\n|move|p1a: Ogerpon|Ivy Cudgel|p2a: Zacian|[anim] Ivy Cudgel Fire\n|-supereffective|p2a: Zacian\n|-damage|p2a: Zacian|0 fnt\n|faint|p2a: Zacian\n|\n|-weather|SunnyDay|[upkeep]\n|upkeep\n|\n|t:|1701069783\n|switch|p2a: Grimmsnarl|Grimmsnarl, M|18\/100\n|turn|12\n|\n|t:|1701069788\n|move|p2a: Grimmsnarl|Reflect|p2a: Grimmsnarl\n|-sidestart|p2: MeteorAsh15|Reflect\n|move|p1a: Ogerpon|Knock Off|p2a: Grimmsnarl\n|-resisted|p2a: Grimmsnarl\n|-damage|p2a: Grimmsnarl|11\/100\n|-enditem|p2a: Grimmsnarl|Focus Sash|[from] move: Knock Off|[of] p1a: Ogerpon\n|\n|-weather|SunnyDay|[upkeep]\n|upkeep\n|turn|13\n|\n|t:|1701069798\n|move|p2a: Grimmsnarl|Light Screen|p2a: Grimmsnarl\n|-sidestart|p2: MeteorAsh15|move: Light Screen\n|move|p1a: Ogerpon|Ivy Cudgel|p2a: Grimmsnarl|[anim] Ivy Cudgel Fire\n|-crit|p2a: Grimmsnarl\n|-damage|p2a: Grimmsnarl|0 fnt\n|faint|p2a: Grimmsnarl\n|\n|-weather|none\n|upkeep\n|\n|t:|1701069809\n|switch|p2a: Ninetales|Ninetales-Alola, F|100\/100\n|-weather|Snow|[from] ability: Snow Warning|[of] p2a: Ninetales\n|turn|14\n|\n|t:|1701069815\n|move|p1a: Ogerpon|Ivy Cudgel|p2a: Ninetales|[anim] Ivy Cudgel Fire\n|-supereffective|p2a: Ninetales\n|-damage|p2a: Ninetales|18\/100\n|move|p2a: Ninetales|Aurora Veil|p2a: Ninetales\n|-sidestart|p2: MeteorAsh15|move: Aurora Veil\n|\n|-weather|Snow|[upkeep]\n|upkeep\n|turn|15\n|\n|t:|1701069823\n|move|p1a: Ogerpon|Ivy Cudgel|p2a: Ninetales|[anim] Ivy Cudgel Fire\n|-supereffective|p2a: Ninetales\n|-damage|p2a: Ninetales|0 fnt\n|faint|p2a: Ninetales\n|\n|-weather|Snow|[upkeep]\n|upkeep\n|\n|t:|1701069830\n|switch|p2a: Baxcalibur|Baxcalibur, F|100\/100\n|turn|16\n|\n|t:|1701069839\n|-terastallize|p2a: Baxcalibur|Ground\n|move|p1a: Ogerpon|Knock Off|p2a: Baxcalibur\n|-damage|p2a: Baxcalibur|70\/100\n|-enditem|p2a: Baxcalibur|Loaded Dice|[from] move: Knock Off|[of] p1a: Ogerpon\n|move|p2a: Baxcalibur|Swords Dance|p2a: Baxcalibur\n|-boost|p2a: Baxcalibur|atk|2\n|\n|-weather|Snow|[upkeep]\n|-sideend|p2: MeteorAsh15|Reflect\n|upkeep\n|turn|17\n|\n|t:|1701069852\n|move|p1a: Ogerpon|Grass Knot|p2a: Baxcalibur\n|-supereffective|p2a: Baxcalibur\n|-damage|p2a: Baxcalibur|41\/100\n|move|p2a: Baxcalibur|Scale Shot|p1a: Ogerpon\n|-damage|p1a: Ogerpon|0 fnt\n|faint|p1a: Ogerpon\n|-hitcount|p1: Ogerpon|1\n|-unboost|p2a: Baxcalibur|def|1\n|-boost|p2a: Baxcalibur|spe|1\n|\n|-weather|Snow|[upkeep]\n|-sideend|p2: MeteorAsh15|move: Light Screen\n|upkeep\n|\n|t:|1701069866\n|switch|p1a: Garganacl|Garganacl, F|30\/100\n|turn|18\n|\n|t:|1701069872\n|move|p2a: Baxcalibur|Earthquake|p1a: Garganacl\n|-supereffective|p1a: Garganacl\n|-damage|p1a: Garganacl|0 fnt\n|faint|p1a: Garganacl\n|\n|-weather|none\n|upkeep\n|\n|t:|1701069878\n|switch|p1a: Iron Bundle|Iron Bundle|100\/100\n|turn|19\n|\n|t:|1701069884\n|move|p2a: Baxcalibur|Earthquake|p1a: Iron Bundle\n|-damage|p1a: Iron Bundle|0 fnt\n|faint|p1a: Iron Bundle\n|-end|p1a: Iron Bundle|Quark Drive|[silent]\n|\n|upkeep\n|\n|t:|1701069889\n|switch|p1a: Clodsire|Clodsire, M|100\/100\n|turn|20\n|\n|t:|1701069897\n|move|p2a: Baxcalibur|Earthquake|p1a: Clodsire\n|-supereffective|p1a: Clodsire\n|-crit|p1a: Clodsire\n|-damage|p1a: Clodsire|0 fnt\n|faint|p1a: Clodsire\n|\n|win|MeteorAsh15\n|raw|mummyNSFW's rating: 1074 &rarr; <strong>1059<\/strong><br \/>(-15 for losing)\n|raw|MeteorAsh15's rating: 1175 &rarr; <strong>1193<\/strong><br \/>(+18 for winning)\n|l|\u2606mummyNSFW\n|c|\u2606MeteorAsh15|Gg\n","uploadtime":1701069913,"views":5,"p1id":"mummynsfw","p2id":"meteorash15","formatid":"gen9ubers","rating":1059,"private":0,"password":""}