{"id":"gen9ubers-1983868597","p1":"Ups1deD0wnSyndrome","p2":"GS StuDogg101","format":"[Gen 9] Ubers","log":"|j|\u2606Ups1deD0wnSyndrome\n|j|\u2606GS StuDogg101\n|t:|1699194007\n|gametype|singles\n|player|p1|Ups1deD0wnSyndrome|102|\n|player|p2|GS StuDogg101|gambler|\n|teamsize|p1|6\n|teamsize|p2|6\n|gen|9\n|tier|[Gen 9] Ubers\n|rule|Sleep Clause Mod: Limit one foe put to sleep\n|rule|Species Clause: Limit one of each Pok\u00e9mon\n|rule|OHKO Clause: OHKO moves are banned\n|rule|Evasion Items Clause: Evasion items are banned\n|rule|Evasion Moves Clause: Evasion moves are banned\n|rule|Endless Battle Clause: Forcing endless battles is banned\n|rule|HP Percentage Mod: HP is shown in percentages\n|clearpoke\n|poke|p1|Grafaiai, M|\n|poke|p1|Polteageist|\n|poke|p1|Hydreigon, M|\n|poke|p1|Heracross, M|\n|poke|p1|Jirachi|\n|poke|p1|Samurott-Hisui, M|\n|poke|p2|Chien-Pao|\n|poke|p2|Vikavolt, F|\n|poke|p2|Garchomp, F|\n|poke|p2|Typhlosion, M|\n|poke|p2|Manaphy|\n|poke|p2|Kleavor, M|\n|teampreview\n|\n|t:|1699194059\n|start\n|switch|p1a: Samurott|Samurott-Hisui, M|100\/100\n|switch|p2a: Raptor|Vikavolt, F, shiny|100\/100\n|turn|1\n|\n|t:|1699194079\n|switch|p1a: Polteageist|Polteageist|100\/100\n|move|p2a: Raptor|Agility|p2a: Raptor\n|-boost|p2a: Raptor|spe|2\n|\n|upkeep\n|turn|2\n|c|\u2606GS StuDogg101|Glhf man\n|\n|t:|1699194108\n|move|p2a: Raptor|Discharge|p1a: Polteageist\n|-damage|p1a: Polteageist|43\/100\n|-status|p1a: Polteageist|par\n|move|p1a: Polteageist|Shell Smash|p1a: Polteageist\n|-unboost|p1a: Polteageist|def|1\n|-unboost|p1a: Polteageist|spd|1\n|-boost|p1a: Polteageist|atk|2\n|-boost|p1a: Polteageist|spa|2\n|-boost|p1a: Polteageist|spe|2\n|\n|upkeep\n|turn|3\n|\n|t:|1699194122\n|move|p2a: Raptor|Discharge|p1a: Polteageist\n|-damage|p1a: Polteageist|0 fnt\n|faint|p1a: Polteageist\n|\n|upkeep\n|\n|t:|1699194144\n|switch|p1a: Heracross|Heracross, M|100\/100\n|turn|4\n|\n|t:|1699194175\n|-terastallize|p1a: Heracross|Rock\n|move|p2a: Raptor|Discharge|p1a: Heracross\n|-damage|p1a: Heracross|41\/100\n|move|p1a: Heracross|Rock Blast|p2a: Raptor\n|-supereffective|p2a: Raptor\n|-damage|p2a: Raptor|66\/100\n|-supereffective|p2a: Raptor\n|-crit|p2a: Raptor\n|-damage|p2a: Raptor|21\/100\n|-supereffective|p2a: Raptor\n|-damage|p2a: Raptor|0 fnt\n|faint|p2a: Raptor\n|-ability|p1a: Heracross|Moxie|boost\n|-boost|p1a: Heracross|atk|1\n|-hitcount|p2: Raptor|3\n|\n|upkeep\n|\n|t:|1699194230\n|switch|p2a: Vesuvius|Typhlosion, M|100\/100\n|turn|5\n|\n|t:|1699194235\n|move|p2a: Vesuvius|Eruption|p1a: Heracross\n|-resisted|p1a: Heracross\n|-damage|p1a: Heracross|3\/100\n|move|p1a: Heracross|Rock Blast|p2a: Vesuvius\n|-supereffective|p2a: Vesuvius\n|-damage|p2a: Vesuvius|48\/100\n|-supereffective|p2a: Vesuvius\n|-damage|p2a: Vesuvius|0 fnt\n|faint|p2a: Vesuvius\n|-ability|p1a: Heracross|Moxie|boost\n|-boost|p1a: Heracross|atk|1\n|-hitcount|p2: Vesuvius|2\n|\n|upkeep\n|c|\u2606GS StuDogg101|Oof\n|\n|t:|1699194253\n|switch|p2a: Zeke|Chien-Pao|100\/100\n|-ability|p2a: Zeke|Sword of Ruin\n|turn|6\n|\n|t:|1699194258\n|move|p2a: Zeke|Ice Shard|p1a: Heracross\n|-damage|p1a: Heracross|0 fnt\n|faint|p1a: Heracross\n|\n|upkeep\n|\n|t:|1699194265\n|switch|p1a: Samurott|Samurott-Hisui, M|100\/100\n|turn|7\n|\n|t:|1699194318\n|switch|p2a: Mantis|Kleavor, M|100\/100\n|move|p1a: Samurott|Vacuum Wave|p2a: Mantis\n|-damage|p2a: Mantis|81\/100\n|\n|upkeep\n|turn|8\n|\n|t:|1699194331\n|move|p2a: Mantis|U-turn|p1a: Samurott\n|-supereffective|p1a: Samurott\n|-crit|p1a: Samurott\n|-damage|p1a: Samurott|0 fnt\n|faint|p1a: Samurott\n|\n|t:|1699194347\n|switch|p2a: Zeke|Chien-Pao|100\/100|[from] U-turn\n|-ability|p2a: Zeke|Sword of Ruin\n|\n|upkeep\n|\n|t:|1699194358\n|switch|p1a: Jirachi|Jirachi|100\/100\n|turn|9\n|\n|t:|1699194376\n|move|p1a: Jirachi|Meteor Mash|p2a: Zeke\n|-supereffective|p2a: Zeke\n|-damage|p2a: Zeke|1\/100\n|move|p2a: Zeke|Crunch|p1a: Jirachi\n|-supereffective|p1a: Jirachi\n|-damage|p1a: Jirachi|0 fnt\n|faint|p1a: Jirachi\n|\n|upkeep\n|\n|t:|1699194392\n|switch|p1a: Grafaiai|Grafaiai, M|100\/100\n|turn|10\n|\n|t:|1699194411\n|move|p2a: Zeke|Psychic Fangs|p1a: Grafaiai\n|-supereffective|p1a: Grafaiai\n|-damage|p1a: Grafaiai|0 fnt\n|faint|p1a: Grafaiai\n|\n|upkeep\n|\n|t:|1699194416\n|switch|p1a: Hydreigon|Hydreigon, M|100\/100\n|turn|11\n|\n|t:|1699194425\n|move|p2a: Zeke|Icicle Crash|p1a: Hydreigon\n|-supereffective|p1a: Hydreigon\n|-damage|p1a: Hydreigon|0 fnt\n|faint|p1a: Hydreigon\n|\n|win|GS StuDogg101\n|c|\u2606GS StuDogg101|Gg\n","uploadtime":1699194439,"views":16,"p1id":"ups1ded0wnsyndrome","p2id":"gsstudogg101","formatid":"gen9ubers","rating":0,"private":0,"password":""}