{"id":"gen9ubers-1985279646","p1":"CheesyLemming","p2":"Biffo Banana","format":"[Gen 9] Ubers","log":"|j|\u2606CheesyLemming\n|j|\u2606Biffo Banana\n|t:|1699359361\n|gametype|singles\n|player|p1|CheesyLemming|sage|\n|player|p2|Biffo Banana|volo|\n|teamsize|p1|6\n|teamsize|p2|6\n|gen|9\n|tier|[Gen 9] Ubers\n|rule|Sleep Clause Mod: Limit one foe put to sleep\n|rule|Species Clause: Limit one of each Pok\u00e9mon\n|rule|OHKO Clause: OHKO moves are banned\n|rule|Evasion Items Clause: Evasion items are banned\n|rule|Evasion Moves Clause: Evasion moves are banned\n|rule|Endless Battle Clause: Forcing endless battles is banned\n|rule|HP Percentage Mod: HP is shown in percentages\n|clearpoke\n|poke|p1|Ursaluna-Bloodmoon, M|\n|poke|p1|Sinistcha|\n|poke|p1|Mewtwo|\n|poke|p1|Annihilape, M|\n|poke|p1|Kingambit, M|\n|poke|p1|Palafin, M|\n|poke|p2|Iron Valiant|\n|poke|p2|Volcanion|\n|poke|p2|Ribombee, F|\n|poke|p2|Magnezone|\n|poke|p2|Ursaluna, M|\n|poke|p2|Ninetales-Alola, F|\n|teampreview\n|\n|t:|1699359383\n|start\n|switch|p1a: Big eater|Annihilape, M|100\/100\n|switch|p2a: Ribombee|Ribombee, F, shiny|100\/100\n|turn|1\n|\n|t:|1699359396\n|-terastallize|p1a: Big eater|Fairy\n|move|p2a: Ribombee|Stun Spore|p1a: Big eater\n|-status|p1a: Big eater|par\n|move|p1a: Big eater|Taunt|p2a: Ribombee\n|-start|p2a: Ribombee|move: Taunt\n|\n|upkeep\n|turn|2\n|\n|t:|1699359413\n|switch|p2a: Ninetales|Ninetales-Alola, F, shiny|100\/100\n|-weather|Snow|[from] ability: Snow Warning|[of] p2a: Ninetales\n|move|p1a: Big eater|Bulk Up|p1a: Big eater\n|-boost|p1a: Big eater|atk|1\n|-boost|p1a: Big eater|def|1\n|\n|-weather|Snow|[upkeep]\n|upkeep\n|turn|3\n|\n|t:|1699359421\n|move|p2a: Ninetales|Aurora Veil|p2a: Ninetales\n|-sidestart|p2: Biffo Banana|move: Aurora Veil\n|move|p1a: Big eater|Bulk Up|p1a: Big eater\n|-boost|p1a: Big eater|atk|1\n|-boost|p1a: Big eater|def|1\n|\n|-weather|Snow|[upkeep]\n|upkeep\n|turn|4\n|\n|t:|1699359433\n|switch|p2a: Magnezone|Magnezone|100\/100\n|-item|p2a: Magnezone|Air Balloon\n|move|p1a: Big eater|Taunt|p2a: Magnezone\n|-start|p2a: Magnezone|move: Taunt\n|\n|-weather|Snow|[upkeep]\n|upkeep\n|turn|5\n|\n|t:|1699359444\n|-terastallize|p2a: Magnezone|Ground\n|move|p2a: Magnezone|Flash Cannon|p1a: Big eater\n|-supereffective|p1a: Big eater\n|-damage|p1a: Big eater|48\/100 par\n|-unboost|p1a: Big eater|spd|1\n|-ability|p1a: Big eater|Defiant|boost\n|-boost|p1a: Big eater|atk|2\n|move|p1a: Big eater|Drain Punch|p2a: Magnezone\n|-damage|p2a: Magnezone|59\/100\n|-heal|p1a: Big eater|64\/100 par|[from] drain|[of] p2a: Magnezone\n|-enditem|p2a: Magnezone|Air Balloon\n|\n|-weather|Snow|[upkeep]\n|-heal|p1a: Big eater|70\/100 par|[from] item: Leftovers\n|upkeep\n|turn|6\n|\n|t:|1699359470\n|move|p2a: Magnezone|Flash Cannon|p1a: Big eater\n|-supereffective|p1a: Big eater\n|-damage|p1a: Big eater|0 fnt\n|faint|p1a: Big eater\n|\n|-weather|none\n|-end|p2a: Magnezone|move: Taunt\n|upkeep\n|\n|t:|1699359479\n|switch|p1a: Sinistcha|Sinistcha, shiny|100\/100\n|turn|7\n|\n|t:|1699359491\n|move|p1a: Sinistcha|Calm Mind|p1a: Sinistcha\n|-boost|p1a: Sinistcha|spa|1\n|-boost|p1a: Sinistcha|spd|1\n|move|p2a: Magnezone|Flash Cannon|p1a: Sinistcha\n|-damage|p1a: Sinistcha|69\/100\n|\n|-heal|p1a: Sinistcha|75\/100|[from] item: Leftovers\n|upkeep\n|turn|8\n|\n|t:|1699359500\n|switch|p2a: Ninetales|Ninetales-Alola, F, shiny|100\/100\n|-weather|Snow|[from] ability: Snow Warning|[of] p2a: Ninetales\n|move|p1a: Sinistcha|Strength Sap|p2a: Ninetales\n|-unboost|p2a: Ninetales|atk|1\n|-heal|p1a: Sinistcha|100\/100\n|\n|-weather|Snow|[upkeep]\n|upkeep\n|turn|9\n|\n|t:|1699359509\n|move|p2a: Ninetales|Blizzard|p1a: Sinistcha\n|-supereffective|p1a: Sinistcha\n|-damage|p1a: Sinistcha|38\/100\n|move|p1a: Sinistcha|Calm Mind|p1a: Sinistcha\n|-boost|p1a: Sinistcha|spa|1\n|-boost|p1a: Sinistcha|spd|1\n|\n|-weather|Snow|[upkeep]\n|-heal|p1a: Sinistcha|44\/100|[from] item: Leftovers\n|upkeep\n|turn|10\n|\n|t:|1699359522\n|move|p2a: Ninetales|Blizzard|p1a: Sinistcha\n|-supereffective|p1a: Sinistcha\n|-damage|p1a: Sinistcha|0 fnt\n|faint|p1a: Sinistcha\n|\n|-weather|Snow|[upkeep]\n|-sideend|p2: Biffo Banana|move: Aurora Veil\n|upkeep\n|-message|CheesyLemming forfeited.\n|\n|win|Biffo Banana\n|l|\u2606CheesyLemming\n","uploadtime":1699359531,"views":6,"p1id":"cheesylemming","p2id":"biffobanana","formatid":"gen9ubers","rating":0,"private":0,"password":""}