{"id":"gen9ubers-1975349104","p1":"bennymbs","p2":"FrostyRandom02","format":"[Gen 9] Ubers","log":"|j|\u2606bennymbs\n|j|\u2606FrostyRandom02\n|t:|1698182127\n|gametype|singles\n|player|p1|bennymbs|mina|\n|player|p2|FrostyRandom02|raifort|\n|teamsize|p1|6\n|teamsize|p2|6\n|gen|9\n|tier|[Gen 9] Ubers\n|rule|Sleep Clause Mod: Limit one foe put to sleep\n|rule|Species Clause: Limit one of each Pok\u00e9mon\n|rule|OHKO Clause: OHKO moves are banned\n|rule|Evasion Items Clause: Evasion items are banned\n|rule|Evasion Moves Clause: Evasion moves are banned\n|rule|Endless Battle Clause: Forcing endless battles is banned\n|rule|HP Percentage Mod: HP is shown in percentages\n|clearpoke\n|poke|p1|Cyclizar, M|\n|poke|p1|Zacian-*|\n|poke|p1|Magearna|\n|poke|p1|Palkia-Origin|\n|poke|p1|Arceus-Fire|\n|poke|p1|Shaymin-Sky|\n|poke|p2|Giratina|\n|poke|p2|Arceus-Dark|\n|poke|p2|Blissey, F|\n|poke|p2|Dondozo, M|\n|poke|p2|Gliscor, M|\n|poke|p2|Cyclizar, M|\n|teampreview\n|inactive|Battle timer is ON: inactive players will automatically lose when time's up. (requested by bennymbs)\n|\n|t:|1698182142\n|start\n|switch|p1a: Shaymin|Shaymin-Sky|100\/100\n|switch|p2a: Gliscor|Gliscor, M|100\/100\n|turn|1\n|\n|t:|1698182149\n|switch|p2a: Blissey|Blissey, F|100\/100\n|move|p1a: Shaymin|Seed Flare|p2a: Blissey\n|-damage|p2a: Blissey|72\/100\n|-unboost|p2a: Blissey|spd|2\n|-damage|p1a: Shaymin|91\/100|[from] item: Life Orb\n|\n|upkeep\n|turn|2\n|\n|t:|1698182166\n|move|p1a: Shaymin|Air Slash|p2a: Blissey\n|-damage|p2a: Blissey|39\/100\n|-damage|p1a: Shaymin|81\/100|[from] item: Life Orb\n|move|p2a: Blissey|Thunder Wave|p1a: Shaymin\n|-status|p1a: Shaymin|par\n|\n|upkeep\n|turn|3\n|\n|t:|1698182177\n|switch|p2a: Giratina|Giratina|100\/100\n|-ability|p2a: Giratina|Pressure\n|move|p1a: Shaymin|Seed Flare|p2a: Giratina\n|-resisted|p2a: Giratina\n|-damage|p2a: Giratina|83\/100\n|-unboost|p2a: Giratina|spd|2\n|-damage|p1a: Shaymin|71\/100 par|[from] item: Life Orb\n|\n|-heal|p2a: Giratina|89\/100|[from] item: Leftovers\n|upkeep\n|turn|4\n|\n|t:|1698182182\n|move|p2a: Giratina|Hex|p1a: Shaymin\n|-damage|p1a: Shaymin|13\/100 par\n|move|p1a: Shaymin|Air Slash|p2a: Giratina\n|-damage|p2a: Giratina|49\/100\n|-damage|p1a: Shaymin|3\/100 par|[from] item: Life Orb\n|\n|-heal|p2a: Giratina|55\/100|[from] item: Leftovers\n|upkeep\n|turn|5\n|\n|t:|1698182188\n|move|p2a: Giratina|Hex|p1a: Shaymin\n|-damage|p1a: Shaymin|0 fnt\n|faint|p1a: Shaymin\n|\n|-heal|p2a: Giratina|61\/100|[from] item: Leftovers\n|upkeep\n|\n|t:|1698182213\n|switch|p1a: Palkia|Palkia-Origin|100\/100\n|-ability|p1a: Palkia|Pressure\n|turn|6\n|j| Kinesquared\n|j| Laprasrules12\n|j| Leo Justice\n|\n|t:|1698182230\n|switch|p2a: Blissey|Blissey, F|39\/100\n|move|p1a: Palkia|Draco Meteor|p2a: Blissey\n|-damage|p2a: Blissey|10\/100\n|-unboost|p1a: Palkia|spa|2\n|\n|upkeep\n|turn|7\n|\n|t:|1698182234\n|switch|p2a: Arceus|Arceus-Dark|100\/100\n|move|p1a: Palkia|Hydro Pump|p2a: Arceus\n|-damage|p2a: Arceus|73\/100\n|\n|upkeep\n|turn|8\n|c| Leo Justice|Big stall\n|c| Leo Justice|lets go\n|\n|t:|1698182245\n|switch|p1a: Magearna|Magearna|100\/100\n|move|p2a: Arceus|Will-O-Wisp|p1a: Magearna\n|-status|p1a: Magearna|brn\n|\n|-damage|p1a: Magearna|94\/100 brn|[from] brn\n|upkeep\n|turn|9\n|\n|t:|1698182250\n|move|p2a: Arceus|Recover|p2a: Arceus\n|-heal|p2a: Arceus|100\/100\n|move|p1a: Magearna|Shift Gear|p1a: Magearna\n|-boost|p1a: Magearna|spe|2\n|-boost|p1a: Magearna|atk|1\n|\n|-heal|p1a: Magearna|100\/100 brn|[from] item: Leftovers\n|-damage|p1a: Magearna|94\/100 brn|[from] brn\n|upkeep\n|turn|10\n|\n|t:|1698182253\n|move|p1a: Magearna|Calm Mind|p1a: Magearna\n|-boost|p1a: Magearna|spa|1\n|-boost|p1a: Magearna|spd|1\n|move|p2a: Arceus|Taunt|p1a: Magearna\n|-start|p1a: Magearna|move: Taunt\n|\n|-heal|p1a: Magearna|100\/100 brn|[from] item: Leftovers\n|-damage|p1a: Magearna|94\/100 brn|[from] brn\n|upkeep\n|turn|11\n|c| Laprasrules12|> Cringe Stall\n|\n|t:|1698182259\n|switch|p2a: Blissey|Blissey, F|10\/100\n|move|p1a: Magearna|Fleur Cannon|p2a: Blissey\n|-crit|p2a: Blissey\n|-damage|p2a: Blissey|0 fnt\n|-unboost|p1a: Magearna|spa|2\n|faint|p2a: Blissey\n|-ability|p1a: Magearna|Soul-Heart|boost\n|-boost|p1a: Magearna|spa|1\n|\n|-heal|p1a: Magearna|100\/100 brn|[from] item: Leftovers\n|-damage|p1a: Magearna|94\/100 brn|[from] brn\n|upkeep\n|\n|t:|1698182267\n|switch|p2a: Giratina|Giratina|61\/100\n|-ability|p2a: Giratina|Pressure\n|turn|12\n|\n|t:|1698182280\n|-terastallize|p2a: Giratina|Steel\n|move|p1a: Magearna|Fleur Cannon|p2a: Giratina\n|-resisted|p2a: Giratina\n|-damage|p2a: Giratina|47\/100\n|-unboost|p1a: Magearna|spa|2\n|move|p2a: Giratina|Roar|p1a: Magearna\n|drag|p1a: Cyclizar|Cyclizar, M|100\/100\n|\n|-heal|p2a: Giratina|53\/100|[from] item: Leftovers\n|upkeep\n|turn|13\n|c| Leo Justice|not cringe\n|c| Leo Justice|stall my beloved\n|\n|t:|1698182306\n|move|p1a: Cyclizar|Overheat|p2a: Giratina\n|-supereffective|p2a: Giratina\n|-damage|p2a: Giratina|30\/100\n|-unboost|p1a: Cyclizar|spa|2\n|move|p2a: Giratina|Dragon Tail|p1a: Cyclizar\n|-supereffective|p1a: Cyclizar\n|-damage|p1a: Cyclizar|44\/100\n|drag|p1a: Magearna|Magearna|94\/100 brn\n|\n|-heal|p2a: Giratina|36\/100|[from] item: Leftovers\n|-heal|p1a: Magearna|100\/100 brn|[from] item: Leftovers\n|-damage|p1a: Magearna|94\/100 brn|[from] brn\n|upkeep\n|turn|14\n|\n|t:|1698182313\n|move|p2a: Giratina|Hex|p1a: Magearna\n|-damage|p1a: Magearna|59\/100 brn\n|move|p1a: Magearna|Fleur Cannon|p2a: Giratina|[miss]\n|-miss|p1a: Magearna|p2a: Giratina\n|\n|-heal|p2a: Giratina|43\/100|[from] item: Leftovers\n|-heal|p1a: Magearna|65\/100 brn|[from] item: Leftovers\n|-damage|p1a: Magearna|59\/100 brn|[from] brn\n|upkeep\n|turn|15\n|\n|t:|1698182325\n|switch|p1a: Cyclizar|Cyclizar, M|77\/100\n|move|p2a: Giratina|Hex|p1a: Cyclizar\n|-immune|p1a: Cyclizar\n|\n|-heal|p2a: Giratina|49\/100|[from] item: Leftovers\n|upkeep\n|turn|16\n|\n|t:|1698182335\n|switch|p2a: Dondozo|Dondozo, M|100\/100\n|move|p1a: Cyclizar|Shed Tail|p1a: Cyclizar\n|-start|p1a: Cyclizar|Substitute|[from] move: Shed Tail\n|-damage|p1a: Cyclizar|27\/100\n|\n|t:|1698182350\n|switch|p1a: Palkia|Palkia-Origin|100\/100|[from] Shed Tail\n|-ability|p1a: Palkia|Pressure\n|\n|upkeep\n|turn|17\n|\n|t:|1698182359\n|switch|p2a: Arceus|Arceus-Dark|100\/100\n|move|p1a: Palkia|Draco Meteor|p2a: Arceus|[miss]\n|-miss|p1a: Palkia|p2a: Arceus\n|\n|upkeep\n|turn|18\n|\n|t:|1698182363\n|move|p1a: Palkia|Draco Meteor|p2a: Arceus\n|-damage|p2a: Arceus|38\/100\n|-unboost|p1a: Palkia|spa|2\n|move|p2a: Arceus|Foul Play|p1a: Palkia\n|-end|p1a: Palkia|Substitute\n|\n|upkeep\n|turn|19\n|\n|t:|1698182383\n|switch|p1a: Magearna|Magearna|59\/100 brn\n|move|p2a: Arceus|Recover|p2a: Arceus\n|-heal|p2a: Arceus|88\/100\n|\n|-heal|p1a: Magearna|65\/100 brn|[from] item: Leftovers\n|-damage|p1a: Magearna|59\/100 brn|[from] brn\n|upkeep\n|turn|20\n|\n|t:|1698182386\n|move|p2a: Arceus|Taunt|p1a: Magearna\n|-start|p1a: Magearna|move: Taunt\n|cant|p1a: Magearna|move: Taunt|Shift Gear\n|\n|-heal|p1a: Magearna|65\/100 brn|[from] item: Leftovers\n|-damage|p1a: Magearna|59\/100 brn|[from] brn\n|upkeep\n|turn|21\n|\n|t:|1698182391\n|switch|p2a: Gliscor|Gliscor, M|100\/100\n|move|p1a: Magearna|Fleur Cannon|p2a: Gliscor\n|-damage|p2a: Gliscor|34\/100\n|-unboost|p1a: Magearna|spa|2\n|\n|-heal|p1a: Magearna|65\/100 brn|[from] item: Leftovers\n|-damage|p1a: Magearna|59\/100 brn|[from] brn\n|-status|p2a: Gliscor|tox|[from] item: Toxic Orb\n|upkeep\n|turn|22\n|\n|t:|1698182398\n|switch|p1a: Palkia|Palkia-Origin|100\/100\n|-ability|p1a: Palkia|Pressure\n|move|p2a: Gliscor|Protect||[still]\n|-fail|p2a: Gliscor\n|\n|-heal|p2a: Gliscor|46\/100 tox|[from] ability: Poison Heal\n|upkeep\n|turn|23\n|\n|t:|1698182406\n|switch|p2a: Arceus|Arceus-Dark|88\/100\n|move|p1a: Palkia|Hydro Pump|p2a: Arceus|[miss]\n|-miss|p1a: Palkia|p2a: Arceus\n|\n|upkeep\n|turn|24\n|c|\u2606bennymbs|Damn\n|\n|t:|1698182419\n|-terastallize|p1a: Palkia|Water\n|move|p2a: Arceus|Will-O-Wisp|p1a: Palkia\n|-status|p1a: Palkia|brn\n|move|p1a: Palkia|Hydro Pump|p2a: Arceus|[miss]\n|-miss|p1a: Palkia|p2a: Arceus\n|\n|-damage|p1a: Palkia|94\/100 brn|[from] brn\n|upkeep\n|turn|25\n|\n|t:|1698182433\n|move|p2a: Arceus|Foul Play|p1a: Palkia\n|-damage|p1a: Palkia|63\/100 brn\n|move|p1a: Palkia|Hydro Pump|p2a: Arceus\n|-damage|p2a: Arceus|25\/100\n|\n|-damage|p1a: Palkia|57\/100 brn|[from] brn\n|upkeep\n|turn|26\n|c| Leo Justice|Unlucky\n|c| Laprasrules12|3rd times the charm\n|\n|t:|1698182441\n|switch|p2a: Cyclizar|Cyclizar, M|100\/100\n|move|p1a: Palkia|Draco Meteor|p2a: Cyclizar\n|-supereffective|p2a: Cyclizar\n|-damage|p2a: Cyclizar|0 fnt\n|-unboost|p1a: Palkia|spa|2\n|faint|p2a: Cyclizar\n|\n|-damage|p1a: Palkia|51\/100 brn|[from] brn\n|upkeep\n|\n|t:|1698182449\n|switch|p2a: Arceus|Arceus-Dark|25\/100\n|turn|27\n|c| Laprasrules12|Got daymn\n|c| Leo Justice|Yeah no Blissey\n|\n|t:|1698182461\n|switch|p2a: Gliscor|Gliscor, M|46\/100 tox\n|move|p1a: Palkia|Hydro Pump|p2a: Gliscor\n|-supereffective|p2a: Gliscor\n|-damage|p2a: Gliscor|0 fnt\n|faint|p2a: Gliscor\n|\n|-damage|p1a: Palkia|44\/100 brn|[from] brn\n|upkeep\n|c| Leo Justice|Hurts\n|\n|t:|1698182471\n|switch|p2a: Giratina|Giratina, tera:Steel|49\/100\n|-ability|p2a: Giratina|Pressure\n|turn|28\n|\n|t:|1698182484\n|switch|p1a: Magearna|Magearna|59\/100 brn\n|move|p2a: Giratina|Hex|p1a: Magearna\n|-damage|p1a: Magearna|24\/100 brn\n|\n|-heal|p2a: Giratina|55\/100|[from] item: Leftovers\n|-heal|p1a: Magearna|30\/100 brn|[from] item: Leftovers\n|-damage|p1a: Magearna|24\/100 brn|[from] brn\n|upkeep\n|turn|29\n|\n|t:|1698182489\n|move|p2a: Giratina|Hex|p1a: Magearna\n|-damage|p1a: Magearna|0 fnt\n|faint|p1a: Magearna\n|\n|-heal|p2a: Giratina|61\/100|[from] item: Leftovers\n|upkeep\n|c| Leo Justice|Dondozo can win against the three remaining\n|\n|t:|1698182513\n|switch|p1a: Cyclizar|Cyclizar, M|60\/100\n|turn|30\n|\n|t:|1698182519\n|switch|p2a: Arceus|Arceus-Dark|25\/100\n|move|p1a: Cyclizar|Shed Tail|p1a: Cyclizar\n|-start|p1a: Cyclizar|Substitute|[from] move: Shed Tail\n|-damage|p1a: Cyclizar|10\/100\n|c| Leo Justice|Palkia-O is the only thing standing between Stall win\n|\n|t:|1698182531\n|switch|p1a: Palkia|Palkia-Origin, tera:Water|44\/100 brn|[from] Shed Tail\n|-ability|p1a: Palkia|Pressure\n|\n|-damage|p1a: Palkia|38\/100 brn|[from] brn\n|upkeep\n|turn|31\n|\n|t:|1698182538\n|move|p1a: Palkia|Earth Power|p2a: Arceus\n|-damage|p2a: Arceus|1\/100\n|move|p2a: Arceus|Recover|p2a: Arceus\n|-heal|p2a: Arceus|51\/100\n|\n|-damage|p1a: Palkia|32\/100 brn|[from] brn\n|upkeep\n|turn|32\n|\n|t:|1698182544\n|move|p2a: Arceus|Recover|p2a: Arceus\n|-heal|p2a: Arceus|100\/100\n|move|p1a: Palkia|Hydro Pump|p2a: Arceus|[miss]\n|-miss|p1a: Palkia|p2a: Arceus\n|\n|-damage|p1a: Palkia|26\/100 brn|[from] brn\n|upkeep\n|turn|33\n|c| Laprasrules12|Rip\n|\n|t:|1698182549\n|move|p1a: Palkia|Hydro Pump|p2a: Arceus|[miss]\n|-miss|p1a: Palkia|p2a: Arceus\n|move|p2a: Arceus|Foul Play|p1a: Palkia\n|-end|p1a: Palkia|Substitute\n|\n|-damage|p1a: Palkia|20\/100 brn|[from] brn\n|upkeep\n|turn|34\n|\n|t:|1698182552\n|move|p2a: Arceus|Foul Play|p1a: Palkia\n|-damage|p1a: Palkia|0 fnt\n|faint|p1a: Palkia\n|\n|upkeep\n|c| Leo Justice|Rip\n|c| Laprasrules12|Damn\n|c|\u2606bennymbs|I-\n|c|\u2606bennymbs|Jesus\n|c| Leo Justice|Oh god damn that was so unlucky\n|c| Laprasrules12|That's 5 times so far\n|c|\u2606FrostyRandom02|Dude i feel bad\n|j| nimjaishot\n|c|\u2606bennymbs|Hahahah, don't\n|c| Laprasrules12|Stall doesnt win cause its good\n|inactive|bennymbs has 270 seconds left.\n|c| Laprasrules12|Stall wins cause bro is unlucky af\n|c|\u2606FrostyRandom02|Basically man\n|c| Leo Justice|Stall is good\n|c|\u2606FrostyRandom02|Stall ain't even my type of team\n|\n|t:|1698182599\n|switch|p1a: Zacian|Zacian|100\/100\n|-ability|p1a: Zacian|Intrepid Sword|boost\n|-boost|p1a: Zacian|atk|1\n|turn|35\n|\n|t:|1698182603\n|switch|p2a: Giratina|Giratina, tera:Steel|61\/100\n|-ability|p2a: Giratina|Pressure\n|move|p1a: Zacian|Sacred Sword|p2a: Giratina\n|-supereffective|p2a: Giratina\n|-damage|p2a: Giratina|0 fnt\n|faint|p2a: Giratina\n|\n|upkeep\n|j| GratedsShtickface\n|\n|t:|1698182606\n|switch|p2a: Dondozo|Dondozo, M|100\/100\n|turn|36\n|\n|t:|1698182611\n|move|p1a: Zacian|Sacred Sword|p2a: Dondozo\n|-damage|p2a: Dondozo|80\/100\n|move|p2a: Dondozo|Curse|p2a: Dondozo\n|-unboost|p2a: Dondozo|spe|1\n|-boost|p2a: Dondozo|atk|1\n|-boost|p2a: Dondozo|def|1\n|\n|-heal|p2a: Dondozo|86\/100|[from] item: Leftovers\n|upkeep\n|turn|37\n|\n|t:|1698182622\n|switch|p1a: Cyclizar|Cyclizar, M|44\/100\n|move|p2a: Dondozo|Liquidation|p1a: Cyclizar\n|-resisted|p1a: Cyclizar\n|-damage|p1a: Cyclizar|13\/100\n|\n|-heal|p2a: Dondozo|93\/100|[from] item: Leftovers\n|upkeep\n|turn|38\n|c| Leo Justice|Tho tbf\n|\n|t:|1698182626\n|move|p1a: Cyclizar|Knock Off|p2a: Dondozo\n|-damage|p2a: Dondozo|86\/100\n|-enditem|p2a: Dondozo|Leftovers|[from] move: Knock Off|[of] p1a: Cyclizar\n|move|p2a: Dondozo|Liquidation|p1a: Cyclizar\n|-resisted|p1a: Cyclizar\n|-damage|p1a: Cyclizar|0 fnt\n|faint|p1a: Cyclizar\n|\n|upkeep\n|c| Leo Justice|kind of deserver for running double dance mag\n|\n|t:|1698182631\n|switch|p1a: Arceus|Arceus-Fire|100\/100\n|turn|39\n|\n|t:|1698182635\n|move|p1a: Arceus|Earthquake|p2a: Dondozo\n|-damage|p2a: Dondozo|76\/100\n|move|p2a: Dondozo|Liquidation|p1a: Arceus\n|-supereffective|p1a: Arceus\n|-damage|p1a: Arceus|33\/100\n|\n|upkeep\n|turn|40\n|\n|t:|1698182638\n|move|p1a: Arceus|Earthquake|p2a: Dondozo\n|-damage|p2a: Dondozo|66\/100\n|move|p2a: Dondozo|Liquidation|p1a: Arceus\n|-supereffective|p1a: Arceus\n|-damage|p1a: Arceus|0 fnt\n|faint|p1a: Arceus\n|\n|upkeep\n|l| GratedsShtickface\n|\n|t:|1698182641\n|switch|p1a: Zacian|Zacian|100\/100\n|turn|41\n|\n|t:|1698182643\n|move|p1a: Zacian|Play Rough|p2a: Dondozo\n|-damage|p2a: Dondozo|47\/100\n|move|p2a: Dondozo|Liquidation|p1a: Zacian\n|-damage|p1a: Zacian|58\/100\n|\n|upkeep\n|turn|42\n|\n|t:|1698182649\n|move|p1a: Zacian|Play Rough|p2a: Dondozo\n|-damage|p2a: Dondozo|28\/100\n|-unboost|p2a: Dondozo|atk|1\n|move|p2a: Dondozo|Rest|p2a: Dondozo\n|-status|p2a: Dondozo|slp|[from] move: Rest\n|-heal|p2a: Dondozo|100\/100 slp|[silent]\n|\n|upkeep\n|turn|43\n|\n|t:|1698182652\n|move|p1a: Zacian|Play Rough|p2a: Dondozo|[miss]\n|-miss|p1a: Zacian|p2a: Dondozo\n|cant|p2a: Dondozo|slp\n|move|p2a: Dondozo|Sleep Talk|p2a: Dondozo\n|move|p2a: Dondozo|Curse|p2a: Dondozo|[from]move: Sleep Talk\n|-unboost|p2a: Dondozo|spe|1\n|-boost|p2a: Dondozo|atk|1\n|-boost|p2a: Dondozo|def|1\n|\n|upkeep\n|turn|44\n|\n|t:|1698182655\n|move|p1a: Zacian|Play Rough|p2a: Dondozo\n|-damage|p2a: Dondozo|87\/100 slp\n|cant|p2a: Dondozo|slp\n|move|p2a: Dondozo|Sleep Talk|p2a: Dondozo\n|move|p2a: Dondozo|Curse|p2a: Dondozo|[from]move: Sleep Talk\n|-unboost|p2a: Dondozo|spe|1\n|-boost|p2a: Dondozo|atk|1\n|-boost|p2a: Dondozo|def|1\n|\n|upkeep\n|turn|45\n|\n|t:|1698182658\n|move|p1a: Zacian|Play Rough|p2a: Dondozo\n|-damage|p2a: Dondozo|75\/100 slp\n|-unboost|p2a: Dondozo|atk|1\n|-curestatus|p2a: Dondozo|slp|[msg]\n|move|p2a: Dondozo|Liquidation|p1a: Zacian\n|-damage|p1a: Zacian|17\/100\n|\n|upkeep\n|turn|46\n|\n|t:|1698182661\n|move|p1a: Zacian|Play Rough|p2a: Dondozo\n|-damage|p2a: Dondozo|62\/100\n|move|p2a: Dondozo|Liquidation|p1a: Zacian\n|-damage|p1a: Zacian|0 fnt\n|faint|p1a: Zacian\n|\n|win|FrostyRandom02\n|c|\u2606FrostyRandom02|gg\n|c|\u2606bennymbs|Ggs\n","uploadtime":1698182667,"views":40,"p1id":"bennymbs","p2id":"frostyrandom02","formatid":"gen9ubers","rating":0,"private":0,"password":""}