{"id":"gen9ubers-1983491993","p1":"AubreyOmori1","p2":"FIRE LORD AESON!","format":"[Gen 9] Ubers","log":"|j|\u2606AubreyOmori1\n|j|\u2606FIRE LORD AESON!\n|t:|1699135919\n|gametype|singles\n|player|p1|AubreyOmori1|roxie|1359\n|player|p2|FIRE LORD AESON!|red-gen1|1256\n|teamsize|p1|6\n|teamsize|p2|6\n|gen|9\n|tier|[Gen 9] Ubers\n|rated|\n|rule|Sleep Clause Mod: Limit one foe put to sleep\n|rule|Species Clause: Limit one of each Pok\u00e9mon\n|rule|OHKO Clause: OHKO moves are banned\n|rule|Evasion Items Clause: Evasion items are banned\n|rule|Evasion Moves Clause: Evasion moves are banned\n|rule|Endless Battle Clause: Forcing endless battles is banned\n|rule|HP Percentage Mod: HP is shown in percentages\n|clearpoke\n|poke|p1|Ribombee, F|\n|poke|p1|Arceus|\n|poke|p1|Miraidon|\n|poke|p1|Zacian-*|\n|poke|p1|Koraidon|\n|poke|p1|Flutter Mane|\n|poke|p2|Torkoal, M|\n|poke|p2|Hatterene, F|\n|poke|p2|Kommo-o, M|\n|poke|p2|Cinderace, M|\n|poke|p2|Great Tusk|\n|poke|p2|Heatran, M|\n|teampreview\n|\n|t:|1699135925\n|start\n|switch|p1a: Yoshi|Koraidon|100\/100\n|switch|p2a: SUBSCRIBE 2 AESON!|Torkoal, M|100\/100\n|-weather|SunnyDay|[from] ability: Orichalcum Pulse|[of] p1a: Yoshi\n|-activate|p1a: Yoshi|Orichalcum Pulse|[source]\n|turn|1\n|\n|t:|1699135931\n|move|p1a: Yoshi|Swords Dance|p1a: Yoshi\n|-boost|p1a: Yoshi|atk|2\n|move|p2a: SUBSCRIBE 2 AESON!|Yawn|p1a: Yoshi\n|-start|p1a: Yoshi|move: Yawn|[of] p2a: SUBSCRIBE 2 AESON!\n|\n|-weather|SunnyDay|[upkeep]\n|upkeep\n|turn|2\n|\n|t:|1699135937\n|move|p1a: Yoshi|Scale Shot|p2a: SUBSCRIBE 2 AESON!\n|-damage|p2a: SUBSCRIBE 2 AESON!|75\/100\n|-damage|p2a: SUBSCRIBE 2 AESON!|48\/100\n|-damage|p2a: SUBSCRIBE 2 AESON!|22\/100\n|-damage|p2a: SUBSCRIBE 2 AESON!|0 fnt\n|faint|p2a: SUBSCRIBE 2 AESON!\n|-hitcount|p2: SUBSCRIBE 2 AESON!|4\n|-unboost|p1a: Yoshi|def|1\n|-boost|p1a: Yoshi|spe|1\n|\n|-weather|SunnyDay|[upkeep]\n|-end|p1a: Yoshi|move: Yawn|[silent]\n|-status|p1a: Yoshi|slp\n|upkeep\n|\n|t:|1699135961\n|switch|p2a: GEN 1 > GEN 9?|Great Tusk|100\/100\n|-activate|p2a: GEN 1 > GEN 9?|ability: Protosynthesis\n|-start|p2a: GEN 1 > GEN 9?|protosynthesisatk\n|turn|3\n|\n|t:|1699135964\n|cant|p1a: Yoshi|slp\n|move|p2a: GEN 1 > GEN 9?|Rapid Spin|p1a: Yoshi\n|-damage|p1a: Yoshi|72\/100 slp\n|-boost|p2a: GEN 1 > GEN 9?|spe|1\n|\n|-weather|SunnyDay|[upkeep]\n|upkeep\n|turn|4\n|\n|t:|1699135971\n|-curestatus|p1a: Yoshi|slp|[msg]\n|move|p1a: Yoshi|Scale Shot|p2a: GEN 1 > GEN 9?\n|-damage|p2a: GEN 1 > GEN 9?|74\/100\n|-damage|p2a: GEN 1 > GEN 9?|47\/100\n|-damage|p2a: GEN 1 > GEN 9?|19\/100\n|-damage|p2a: GEN 1 > GEN 9?|0 fnt\n|faint|p2a: GEN 1 > GEN 9?\n|-end|p2a: GEN 1 > GEN 9?|Protosynthesis|[silent]\n|-hitcount|p2: GEN 1 > GEN 9?|4\n|-unboost|p1a: Yoshi|def|1\n|-boost|p1a: Yoshi|spe|1\n|\n|-weather|SunnyDay|[upkeep]\n|upkeep\n|\n|t:|1699135984\n|switch|p2a: SEXY @ESON UTUBE!|Hatterene, F|100\/100\n|turn|5\n|\n|t:|1699135988\n|move|p1a: Yoshi|Flare Blitz|p2a: SEXY @ESON UTUBE!\n|-damage|p2a: SEXY @ESON UTUBE!|0 fnt\n|faint|p2a: SEXY @ESON UTUBE!\n|-damage|p1a: Yoshi|42\/100|[from] Recoil\n|\n|-weather|none\n|upkeep\n|\n|t:|1699135994\n|switch|p2a: PLAYBOY|Cinderace, M|100\/100\n|turn|6\n|\n|t:|1699135997\n|move|p2a: PLAYBOY|Sucker Punch|p1a: Yoshi\n|-start|p2a: PLAYBOY|typechange|Dark|[from] ability: Libero\n|-resisted|p1a: Yoshi\n|-damage|p1a: Yoshi|3\/100\n|-damage|p2a: PLAYBOY|91\/100|[from] item: Life Orb\n|move|p1a: Yoshi|Scale Shot|p2a: PLAYBOY\n|-damage|p2a: PLAYBOY|51\/100\n|-damage|p2a: PLAYBOY|9\/100\n|-damage|p2a: PLAYBOY|0 fnt\n|faint|p2a: PLAYBOY\n|-hitcount|p2: PLAYBOY|3\n|-unboost|p1a: Yoshi|def|1\n|-boost|p1a: Yoshi|spe|1\n|\n|upkeep\n|\n|t:|1699136004\n|switch|p2a: ROAD 2 RESPECT!|Heatran, M|100\/100\n|-item|p2a: ROAD 2 RESPECT!|Air Balloon\n|turn|7\n|\n|t:|1699136008\n|move|p1a: Yoshi|Low Kick|p2a: ROAD 2 RESPECT!\n|-supereffective|p2a: ROAD 2 RESPECT!\n|-damage|p2a: ROAD 2 RESPECT!|0 fnt\n|-enditem|p2a: ROAD 2 RESPECT!|Air Balloon\n|faint|p2a: ROAD 2 RESPECT!\n|\n|upkeep\n|\n|t:|1699136011\n|switch|p2a: AESON SCORSESE|Kommo-o, M|100\/100\n|turn|8\n|\n|t:|1699136013\n|move|p1a: Yoshi|Scale Shot|p2a: AESON SCORSESE\n|-supereffective|p2a: AESON SCORSESE\n|-damage|p2a: AESON SCORSESE|51\/100\n|-supereffective|p2a: AESON SCORSESE\n|-damage|p2a: AESON SCORSESE|0 fnt\n|faint|p2a: AESON SCORSESE\n|-hitcount|p2: AESON SCORSESE|2\n|\n|win|AubreyOmori1\n|raw|AubreyOmori1's rating: 1359 &rarr; <strong>1373<\/strong><br \/>(+14 for winning)\n|raw|FIRE LORD AESON!'s rating: 1256 &rarr; <strong>1238<\/strong><br \/>(-18 for losing)\n","uploadtime":1699136018,"views":7,"p1id":"aubreyomori1","p2id":"firelordaeson","formatid":"gen9ubers","rating":1238,"private":0,"password":""}