{"id":"gen9ubers-1987655262","p1":"finnthapug","p2":"Anako1024","format":"[Gen 9] Ubers","log":"|j|\u2606finnthapug\n|j|\u2606Anako1024\n|t:|1699624512\n|gametype|singles\n|player|p1|finnthapug|266|1000\n|player|p2|Anako1024|ethan|1000\n|teamsize|p1|6\n|teamsize|p2|6\n|gen|9\n|tier|[Gen 9] Ubers\n|rated|\n|rule|Sleep Clause Mod: Limit one foe put to sleep\n|rule|Species Clause: Limit one of each Pok\u00e9mon\n|rule|OHKO Clause: OHKO moves are banned\n|rule|Evasion Items Clause: Evasion items are banned\n|rule|Evasion Moves Clause: Evasion moves are banned\n|rule|Endless Battle Clause: Forcing endless battles is banned\n|rule|HP Percentage Mod: HP is shown in percentages\n|clearpoke\n|poke|p1|Dialga|\n|poke|p1|Giratina|\n|poke|p1|Zapdos|\n|poke|p1|Snorlax, M|\n|poke|p1|Arceus-Dark|\n|poke|p1|Manaphy|\n|poke|p2|Snorlax, M|\n|poke|p2|Kingambit, F|\n|poke|p2|Garchomp, M|\n|poke|p2|Chansey, F|\n|poke|p2|Gengar, M|\n|poke|p2|Golem, M|\n|teampreview\n|\n|t:|1699624519\n|start\n|switch|p1a: Arceus|Arceus-Dark|100\/100\n|switch|p2a: Golem|Golem, M, shiny|100\/100\n|turn|1\n|\n|t:|1699624530\n|move|p1a: Arceus|Body Press|p2a: Golem\n|-supereffective|p2a: Golem\n|-crit|p2a: Golem\n|-damage|p2a: Golem|46\/100\n|move|p2a: Golem|Stealth Rock|p1a: Arceus\n|-sidestart|p1: finnthapug|move: Stealth Rock\n|\n|-heal|p2a: Golem|52\/100|[from] item: Leftovers\n|upkeep\n|turn|2\n|\n|t:|1699624539\n|move|p1a: Arceus|Body Press|p2a: Golem\n|-supereffective|p2a: Golem\n|-damage|p2a: Golem|11\/100\n|move|p2a: Golem|Curse|p2a: Golem\n|-unboost|p2a: Golem|spe|1\n|-boost|p2a: Golem|atk|1\n|-boost|p2a: Golem|def|1\n|\n|-heal|p2a: Golem|18\/100|[from] item: Leftovers\n|upkeep\n|turn|3\n|\n|t:|1699624548\n|move|p1a: Arceus|Body Press|p2a: Golem\n|-supereffective|p2a: Golem\n|-damage|p2a: Golem|0 fnt\n|faint|p2a: Golem\n|\n|upkeep\n|\n|t:|1699624553\n|switch|p2a: Chansey|Chansey, F|100\/100\n|turn|4\n|\n|t:|1699624558\n|move|p1a: Arceus|Agility|p1a: Arceus\n|-boost|p1a: Arceus|spe|2\n|move|p2a: Chansey|Calm Mind|p2a: Chansey\n|-boost|p2a: Chansey|spa|1\n|-boost|p2a: Chansey|spd|1\n|\n|upkeep\n|turn|5\n|\n|t:|1699624568\n|move|p1a: Arceus|Aura Sphere|p2a: Chansey\n|-supereffective|p2a: Chansey\n|-damage|p2a: Chansey|86\/100\n|move|p2a: Chansey|Calm Mind|p2a: Chansey\n|-boost|p2a: Chansey|spa|1\n|-boost|p2a: Chansey|spd|1\n|\n|upkeep\n|turn|6\n|\n|t:|1699624577\n|move|p1a: Arceus|Body Press|p2a: Chansey\n|-supereffective|p2a: Chansey\n|-damage|p2a: Chansey|36\/100\n|move|p2a: Chansey|Calm Mind|p2a: Chansey\n|-boost|p2a: Chansey|spa|1\n|-boost|p2a: Chansey|spd|1\n|\n|upkeep\n|turn|7\n|\n|t:|1699624583\n|move|p1a: Arceus|Body Press|p2a: Chansey\n|-supereffective|p2a: Chansey\n|-damage|p2a: Chansey|0 fnt\n|faint|p2a: Chansey\n|\n|upkeep\n|\n|t:|1699624587\n|switch|p2a: Gengar|Gengar, M, shiny|100\/100\n|turn|8\n|\n|t:|1699624596\n|-terastallize|p2a: Gengar|Grass\n|move|p1a: Arceus|Chilling Water|p2a: Gengar\n|-resisted|p2a: Gengar\n|-damage|p2a: Gengar|89\/100\n|-unboost|p2a: Gengar|atk|1\n|move|p2a: Gengar|Clear Smog|p1a: Arceus\n|-damage|p1a: Arceus|82\/100\n|-clearboost|p1a: Arceus\n|-heal|p2a: Gengar|92\/100|[from] item: Shell Bell|[of] p1a: Arceus\n|\n|upkeep\n|turn|9\n|\n|t:|1699624615\n|move|p2a: Gengar|Shadow Ball|p1a: Arceus\n|-resisted|p1a: Arceus\n|-damage|p1a: Arceus|66\/100\n|-unboost|p1a: Arceus|spd|1\n|-heal|p2a: Gengar|95\/100|[from] item: Shell Bell|[of] p1a: Arceus\n|move|p1a: Arceus|Aura Sphere|p2a: Gengar\n|-damage|p2a: Gengar|58\/100\n|\n|upkeep\n|turn|10\n|\n|t:|1699624625\n|move|p2a: Gengar|Shadow Ball|p1a: Arceus\n|-resisted|p1a: Arceus\n|-damage|p1a: Arceus|41\/100\n|-heal|p2a: Gengar|63\/100|[from] item: Shell Bell|[of] p1a: Arceus\n|move|p1a: Arceus|Agility|p1a: Arceus\n|-boost|p1a: Arceus|spe|2\n|\n|upkeep\n|turn|11\n|\n|t:|1699624636\n|move|p1a: Arceus|Body Press|p2a: Gengar\n|-crit|p2a: Gengar\n|-damage|p2a: Gengar|0 fnt\n|faint|p2a: Gengar\n|\n|upkeep\n|\n|t:|1699624642\n|switch|p2a: Garchomp|Garchomp, M, shiny|100\/100\n|turn|12\n|\n|t:|1699624648\n|switch|p1a: Zapdos|Zapdos|100\/100\n|-damage|p1a: Zapdos|76\/100|[from] Stealth Rock\n|move|p2a: Garchomp|Slash|p1a: Zapdos\n|-damage|p1a: Zapdos|51\/100\n|\n|upkeep\n|turn|13\n|\n|t:|1699624660\n|move|p2a: Garchomp|Swords Dance|p2a: Garchomp\n|-boost|p2a: Garchomp|atk|2\n|move|p1a: Zapdos|Drill Peck|p2a: Garchomp\n|-crit|p2a: Garchomp\n|-damage|p2a: Garchomp|60\/100\n|-damage|p1a: Zapdos|38\/100|[from] ability: Rough Skin|[of] p2a: Garchomp\n|\n|upkeep\n|turn|14\n|\n|t:|1699624667\n|move|p2a: Garchomp|Slash|p1a: Zapdos\n|-damage|p1a: Zapdos|0 fnt\n|faint|p1a: Zapdos\n|\n|upkeep\n|\n|t:|1699624672\n|switch|p1a: Dialga|Dialga|100\/100\n|-damage|p1a: Dialga|94\/100|[from] Stealth Rock\n|-ability|p1a: Dialga|Pressure\n|turn|15\n|\n|t:|1699624680\n|move|p2a: Garchomp|Earthquake|p1a: Dialga\n|-supereffective|p1a: Dialga\n|-damage|p1a: Dialga|0 fnt\n|faint|p1a: Dialga\n|\n|upkeep\n|\n|t:|1699624687\n|switch|p1a: Manaphy|Manaphy|100\/100\n|-damage|p1a: Manaphy|88\/100|[from] Stealth Rock\n|turn|16\n|\n|t:|1699624698\n|move|p2a: Garchomp|Slash|p1a: Manaphy\n|-damage|p1a: Manaphy|43\/100\n|move|p1a: Manaphy|Hydro Pump|p2a: Garchomp\n|-damage|p2a: Garchomp|0 fnt\n|faint|p2a: Garchomp\n|\n|upkeep\n|\n|t:|1699624701\n|switch|p2a: Snorlax|Snorlax, M, shiny|100\/100\n|turn|17\n|\n|t:|1699624706\n|move|p1a: Manaphy|Hydro Pump|p2a: Snorlax\n|-damage|p2a: Snorlax|81\/100\n|move|p2a: Snorlax|Curse|p2a: Snorlax\n|-unboost|p2a: Snorlax|spe|1\n|-boost|p2a: Snorlax|atk|1\n|-boost|p2a: Snorlax|def|1\n|\n|-heal|p2a: Snorlax|88\/100|[from] item: Leftovers\n|upkeep\n|turn|18\n|\n|t:|1699624716\n|switch|p1a: eepy|Snorlax, M|100\/100\n|-damage|p1a: eepy|88\/100|[from] Stealth Rock\n|move|p2a: Snorlax|Curse|p2a: Snorlax\n|-unboost|p2a: Snorlax|spe|1\n|-boost|p2a: Snorlax|atk|1\n|-boost|p2a: Snorlax|def|1\n|\n|-heal|p2a: Snorlax|94\/100|[from] item: Leftovers\n|upkeep\n|turn|19\n|\n|t:|1699624728\n|move|p1a: eepy|Body Slam|p2a: Snorlax\n|-damage|p2a: Snorlax|80\/100\n|move|p2a: Snorlax|Curse|p2a: Snorlax\n|-unboost|p2a: Snorlax|spe|1\n|-boost|p2a: Snorlax|atk|1\n|-boost|p2a: Snorlax|def|1\n|\n|-heal|p2a: Snorlax|86\/100|[from] item: Leftovers\n|upkeep\n|turn|20\n|\n|t:|1699624743\n|move|p1a: eepy|Encore|p2a: Snorlax\n|-start|p2a: Snorlax|Encore\n|move|p2a: Snorlax|Curse|p2a: Snorlax\n|-unboost|p2a: Snorlax|spe|1\n|-boost|p2a: Snorlax|atk|1\n|-boost|p2a: Snorlax|def|1\n|\n|-heal|p2a: Snorlax|92\/100|[from] item: Leftovers\n|upkeep\n|turn|21\n|\n|t:|1699624754\n|switch|p1a: Arceus|Arceus-Dark|41\/100\n|-damage|p1a: Arceus|29\/100|[from] Stealth Rock\n|move|p2a: Snorlax|Curse|p2a: Snorlax\n|-unboost|p2a: Snorlax|spe|1\n|-boost|p2a: Snorlax|atk|1\n|-boost|p2a: Snorlax|def|1\n|\n|-heal|p2a: Snorlax|98\/100|[from] item: Leftovers\n|upkeep\n|turn|22\n|\n|t:|1699624765\n|move|p1a: Arceus|Body Press|p2a: Snorlax\n|-supereffective|p2a: Snorlax\n|-damage|p2a: Snorlax|85\/100\n|move|p2a: Snorlax|Curse|p2a: Snorlax\n|-unboost|p2a: Snorlax|spe|1\n|-boost|p2a: Snorlax|atk|1\n|-boost|p2a: Snorlax|def|1\n|\n|-heal|p2a: Snorlax|91\/100|[from] item: Leftovers\n|-end|p2a: Snorlax|Encore\n|upkeep\n|turn|23\n|\n|t:|1699624780\n|move|p1a: Arceus|Agility|p1a: Arceus\n|-boost|p1a: Arceus|spe|2\n|move|p2a: Snorlax|Body Slam|p1a: Arceus\n|-damage|p1a: Arceus|0 fnt\n|faint|p1a: Arceus\n|\n|-heal|p2a: Snorlax|97\/100|[from] item: Leftovers\n|upkeep\n|\n|t:|1699624792\n|switch|p1a: Giratina|Giratina|100\/100\n|-damage|p1a: Giratina|88\/100|[from] Stealth Rock\n|-ability|p1a: Giratina|Pressure\n|turn|24\n|inactive|Battle timer is ON: inactive players will automatically lose when time's up. (requested by Anako1024)\n|\n|t:|1699624800\n|move|p1a: Giratina|Poltergeist|p2a: Snorlax\n|-immune|p2a: Snorlax\n|move|p2a: Snorlax|Body Slam|p1a: Giratina\n|-immune|p1a: Giratina\n|\n|-heal|p1a: Giratina|94\/100|[from] item: Leftovers\n|-heal|p2a: Snorlax|100\/100|[from] item: Leftovers\n|upkeep\n|turn|25\n|\n|t:|1699624818\n|move|p2a: Snorlax|Rest|p2a: Snorlax\n|-fail|p2a: Snorlax|heal\n|move|p1a: Giratina|Dragon Tail|p2a: Snorlax\n|-damage|p2a: Snorlax|95\/100\n|drag|p2a: Kingambit|Kingambit, F, shiny|100\/100\n|-activate|p2a: Kingambit|ability: Supreme Overlord\n|-start|p2a: Kingambit|fallen4|[silent]\n|\n|-heal|p1a: Giratina|99\/100|[from] item: Leftovers\n|upkeep\n|turn|26\n|-activate|p2a: Kingambit|item: Quick Claw\n|\n|t:|1699624836\n|move|p2a: Kingambit|Dark Pulse|p1a: Giratina\n|-supereffective|p1a: Giratina\n|-damage|p1a: Giratina|67\/100\n|cant|p1a: Giratina|flinch\n|\n|-heal|p1a: Giratina|73\/100|[from] item: Leftovers\n|upkeep\n|turn|27\n|-activate|p2a: Kingambit|item: Quick Claw\n|\n|t:|1699624847\n|move|p2a: Kingambit|Dark Pulse|p1a: Giratina\n|-supereffective|p1a: Giratina\n|-damage|p1a: Giratina|40\/100\n|move|p1a: Giratina|Poltergeist|p2a: Kingambit\n|-activate|p2a: Kingambit|move: Poltergeist|Quick Claw\n|-resisted|p2a: Kingambit\n|-damage|p2a: Kingambit|85\/100\n|\n|-heal|p1a: Giratina|46\/100|[from] item: Leftovers\n|upkeep\n|turn|28\n|-activate|p2a: Kingambit|item: Quick Claw\n|\n|t:|1699624857\n|switch|p1a: eepy|Snorlax, M|88\/100\n|-damage|p1a: eepy|76\/100|[from] Stealth Rock\n|move|p2a: Kingambit|Dark Pulse|p1a: eepy\n|-damage|p1a: eepy|59\/100\n|\n|upkeep\n|turn|29\n|\n|t:|1699624872\n|move|p2a: Kingambit|Night Slash|p1a: eepy\n|-damage|p1a: eepy|18\/100\n|-damage|p2a: Kingambit|69\/100|[from] item: Rocky Helmet|[of] p1a: eepy\n|move|p1a: eepy|Body Slam|p2a: Kingambit\n|-resisted|p2a: Kingambit\n|-damage|p2a: Kingambit|58\/100\n|\n|upkeep\n|turn|30\n|\n|t:|1699624884\n|move|p2a: Kingambit|Dark Pulse|p1a: eepy\n|-crit|p1a: eepy\n|-damage|p1a: eepy|0 fnt\n|faint|p1a: eepy\n|\n|upkeep\n|\n|t:|1699624889\n|switch|p1a: Manaphy|Manaphy|43\/100\n|-damage|p1a: Manaphy|30\/100|[from] Stealth Rock\n|turn|31\n|-activate|p2a: Kingambit|item: Quick Claw\n|\n|t:|1699624907\n|move|p2a: Kingambit|Sucker Punch|p1a: Manaphy\n|-damage|p1a: Manaphy|0 fnt\n|faint|p1a: Manaphy\n|\n|upkeep\n|\n|t:|1699624911\n|switch|p1a: Giratina|Giratina|46\/100\n|-damage|p1a: Giratina|34\/100|[from] Stealth Rock\n|-ability|p1a: Giratina|Pressure\n|turn|32\n|\n|t:|1699624922\n|move|p1a: Giratina|Destiny Bond|p1a: Giratina\n|-singlemove|p1a: Giratina|Destiny Bond\n|move|p2a: Kingambit|Dark Pulse|p1a: Giratina\n|-supereffective|p1a: Giratina\n|-damage|p1a: Giratina|0 fnt\n|faint|p1a: Giratina\n|-activate|p1a: Giratina|move: Destiny Bond\n|faint|p2a: Kingambit\n|-end|p2a: Kingambit|fallen4|[silent]\n|\n|win|Anako1024\n|raw|finnthapug's rating: 1000 &rarr; <strong>1000<\/strong><br \/>(+0 for losing)\n|raw|Anako1024's rating: 1000 &rarr; <strong>1040<\/strong><br \/>(+40 for winning)\n|l|\u2606finnthapug\n","uploadtime":1699624940,"views":13,"p1id":"finnthapug","p2id":"anako1024","formatid":"gen9ubers","rating":1000,"private":0,"password":""}