{"id":"gen9ubers-1985580296","p1":"mlgpokeballer","p2":"Taka","format":"[Gen 9] Ubers","log":"|j|\u2606mlgpokeballer\n|j|\u2606Taka\n|t:|1699386295\n|gametype|singles\n|player|p1|mlgpokeballer|crasherwake|\n|player|p2|Taka|#bssplviiidavesdragonairs|\n|teamsize|p1|6\n|teamsize|p2|6\n|gen|9\n|tier|[Gen 9] Ubers\n|rated|Tournament battle\n|rule|Sleep Clause Mod: Limit one foe put to sleep\n|rule|Species Clause: Limit one of each Pok\u00e9mon\n|rule|OHKO Clause: OHKO moves are banned\n|rule|Evasion Items Clause: Evasion items are banned\n|rule|Evasion Moves Clause: Evasion moves are banned\n|rule|Endless Battle Clause: Forcing endless battles is banned\n|rule|HP Percentage Mod: HP is shown in percentages\n|clearpoke\n|poke|p1|Miraidon|\n|poke|p1|Zacian-*|\n|poke|p1|Arceus|\n|poke|p1|Flutter Mane|\n|poke|p1|Koraidon|\n|poke|p1|Gliscor, F|\n|poke|p2|Great Tusk|\n|poke|p2|Koraidon|\n|poke|p2|Scream Tail|\n|poke|p2|Ting-Lu|\n|poke|p2|Miraidon|\n|poke|p2|Iron Bundle|\n|teampreview\n|inactive|Battle timer is ON: inactive players will automatically lose when time's up. (requested by Taka)\n|c|\u2606Taka|hf\n|j| crocococodile\n|c|\u2606mlgpokeballer|glhf\n|\n|t:|1699386323\n|start\n|switch|p1a: Gliscor|Gliscor, F, shiny|100\/100\n|switch|p2a: Miraidon|Miraidon|100\/100\n|-fieldstart|move: Electric Terrain|[from] ability: Hadron Engine|[of] p2a: Miraidon\n|turn|1\n|\n|t:|1699386332\n|switch|p2a: Iron Bundle|Iron Bundle|100\/100\n|-activate|p2a: Iron Bundle|ability: Quark Drive\n|-start|p2a: Iron Bundle|quarkdrivespe\n|move|p1a: Gliscor|Protect||[still]\n|-fail|p1a: Gliscor\n|\n|-status|p1a: Gliscor|tox|[from] item: Toxic Orb\n|upkeep\n|turn|2\n|\n|t:|1699386341\n|move|p1a: Gliscor|Protect|p1a: Gliscor\n|-singleturn|p1a: Gliscor|Protect\n|move|p2a: Iron Bundle|Hydro Pump|p1a: Gliscor\n|-activate|p1a: Gliscor|move: Protect\n|\n|upkeep\n|turn|3\n|\n|t:|1699386348\n|-end|p2a: Iron Bundle|Quark Drive|[silent]\n|switch|p2a: Great Tusk|Great Tusk|100\/100\n|switch|p1a: Koraidon|Koraidon|100\/100\n|-weather|SunnyDay|[from] ability: Orichalcum Pulse|[of] p1a: Koraidon\n|-activate|p2a: Great Tusk|ability: Protosynthesis\n|-start|p2a: Great Tusk|protosynthesisdef\n|-activate|p1a: Koraidon|Orichalcum Pulse|[source]\n|\n|-weather|SunnyDay|[upkeep]\n|upkeep\n|turn|4\n|\n|t:|1699386357\n|move|p1a: Koraidon|Swords Dance|p1a: Koraidon\n|-boost|p1a: Koraidon|atk|2\n|move|p2a: Great Tusk|Stealth Rock|p1a: Koraidon\n|-sidestart|p1: mlgpokeballer|move: Stealth Rock\n|\n|-weather|SunnyDay|[upkeep]\n|upkeep\n|turn|5\n|\n|t:|1699386364\n|move|p1a: Koraidon|Swords Dance|p1a: Koraidon\n|-boost|p1a: Koraidon|atk|2\n|move|p2a: Great Tusk|Play Rough|p1a: Koraidon\n|-supereffective|p1a: Koraidon\n|-damage|p1a: Koraidon|4\/100\n|\n|-weather|SunnyDay|[upkeep]\n|-fieldend|move: Electric Terrain\n|upkeep\n|turn|6\n|\n|t:|1699386368\n|move|p1a: Koraidon|Scale Shot|p2a: Great Tusk\n|-damage|p2a: Great Tusk|82\/100\n|-damage|p2a: Great Tusk|61\/100\n|-damage|p2a: Great Tusk|42\/100\n|-damage|p2a: Great Tusk|23\/100\n|-damage|p2a: Great Tusk|4\/100\n|-hitcount|p2a: Great Tusk|5\n|-unboost|p1a: Koraidon|def|1\n|-boost|p1a: Koraidon|spe|1\n|move|p2a: Great Tusk|Earthquake|p1a: Koraidon\n|-damage|p1a: Koraidon|0 fnt\n|faint|p1a: Koraidon\n|\n|-weather|SunnyDay|[upkeep]\n|-heal|p2a: Great Tusk|10\/100|[from] item: Leftovers\n|upkeep\n|\n|t:|1699386379\n|switch|p1a: Zacian|Zacian-Crowned, shiny|100\/100\n|-damage|p1a: Zacian|94\/100|[from] Stealth Rock\n|-ability|p1a: Zacian|Intrepid Sword|boost\n|-boost|p1a: Zacian|atk|1\n|turn|7\n|\n|t:|1699386382\n|move|p1a: Zacian|Behemoth Blade|p2a: Great Tusk\n|-damage|p2a: Great Tusk|0 fnt\n|faint|p2a: Great Tusk\n|-end|p2a: Great Tusk|Protosynthesis|[silent]\n|\n|-weather|none\n|upkeep\n|\n|t:|1699386387\n|switch|p2a: Koraidon|Koraidon|100\/100\n|-weather|SunnyDay|[from] ability: Orichalcum Pulse|[of] p2a: Koraidon\n|-activate|p2a: Koraidon|Orichalcum Pulse|[source]\n|turn|8\n|\n|t:|1699386408\n|switch|p1a: Miraidon|Miraidon|100\/100\n|-fieldstart|move: Electric Terrain|[from] ability: Hadron Engine|[of] p1a: Miraidon\n|-terastallize|p2a: Koraidon|Fire\n|move|p2a: Koraidon|Flare Blitz|p1a: Miraidon\n|-resisted|p1a: Miraidon\n|-damage|p1a: Miraidon|0 fnt\n|faint|p1a: Miraidon\n|-damage|p2a: Koraidon|67\/100|[from] Recoil\n|\n|-weather|SunnyDay|[upkeep]\n|upkeep\n|inactive|mlgpokeballer has 120 seconds left.\n|\n|t:|1699386428\n|switch|p1a: Flutter Mane|Flutter Mane, shiny|100\/100\n|-damage|p1a: Flutter Mane|88\/100|[from] Stealth Rock\n|-activate|p1a: Flutter Mane|ability: Protosynthesis\n|-start|p1a: Flutter Mane|protosynthesisspe\n|turn|9\n|c|\u2606Taka|\ud83e\udd2f\n|inactive|mlgpokeballer has 120 seconds left.\n|\n|t:|1699386436\n|switch|p2a: Ting-Lu|Ting-Lu|100\/100\n|-ability|p2a: Ting-Lu|Vessel of Ruin\n|move|p1a: Flutter Mane|Shadow Ball|p2a: Ting-Lu\n|-resisted|p2a: Ting-Lu\n|-damage|p2a: Ting-Lu|86\/100\n|\n|-weather|SunnyDay|[upkeep]\n|-heal|p2a: Ting-Lu|92\/100|[from] item: Leftovers\n|upkeep\n|turn|10\n|inactive|mlgpokeballer has 120 seconds left.\n|\n|t:|1699386446\n|-end|p1a: Flutter Mane|Protosynthesis|[silent]\n|switch|p1a: Gliscor|Gliscor, F, shiny|100\/100 tox\n|-damage|p1a: Gliscor|88\/100 tox|[from] Stealth Rock\n|move|p2a: Ting-Lu|Spikes|p1a: Gliscor\n|-sidestart|p1: mlgpokeballer|Spikes\n|\n|-weather|SunnyDay|[upkeep]\n|-heal|p2a: Ting-Lu|98\/100|[from] item: Leftovers\n|-heal|p1a: Gliscor|100\/100 tox|[from] ability: Poison Heal\n|upkeep\n|turn|11\n|\n|t:|1699386450\n|move|p1a: Gliscor|Spikes|p2a: Ting-Lu\n|-sidestart|p2: Taka|Spikes\n|move|p2a: Ting-Lu|Ruination|p1a: Gliscor\n|-damage|p1a: Gliscor|50\/100 tox\n|\n|-weather|SunnyDay|[upkeep]\n|-heal|p2a: Ting-Lu|100\/100|[from] item: Leftovers\n|-heal|p1a: Gliscor|63\/100 tox|[from] ability: Poison Heal\n|upkeep\n|turn|12\n|\n|t:|1699386454\n|switch|p2a: Iron Bundle|Iron Bundle|100\/100\n|-damage|p2a: Iron Bundle|88\/100|[from] Spikes\n|-activate|p2a: Iron Bundle|ability: Quark Drive\n|-start|p2a: Iron Bundle|quarkdrivespe\n|move|p1a: Gliscor|Toxic|p2a: Iron Bundle\n|-status|p2a: Iron Bundle|tox\n|\n|-weather|none\n|-damage|p2a: Iron Bundle|82\/100 tox|[from] psn\n|-heal|p1a: Gliscor|75\/100 tox|[from] ability: Poison Heal\n|-fieldend|move: Electric Terrain\n|-end|p2a: Iron Bundle|Quark Drive\n|upkeep\n|turn|13\n|\n|t:|1699386458\n|move|p1a: Gliscor|Protect|p1a: Gliscor\n|-singleturn|p1a: Gliscor|Protect\n|move|p2a: Iron Bundle|Hydro Pump|p1a: Gliscor\n|-activate|p1a: Gliscor|move: Protect\n|\n|-damage|p2a: Iron Bundle|70\/100 tox|[from] psn\n|-heal|p1a: Gliscor|88\/100 tox|[from] ability: Poison Heal\n|upkeep\n|turn|14\n|\n|t:|1699386462\n|switch|p1a: Zacian|Zacian-Crowned, shiny|94\/100\n|-damage|p1a: Zacian|88\/100|[from] Stealth Rock\n|-damage|p1a: Zacian|76\/100|[from] Spikes\n|move|p2a: Iron Bundle|Hydro Pump|p1a: Zacian\n|-damage|p1a: Zacian|2\/100\n|\n|-damage|p2a: Iron Bundle|53\/100 tox|[from] psn\n|upkeep\n|turn|15\n|\n|t:|1699386469\n|-end|p2a: Iron Bundle|Quark Drive|[silent]\n|switch|p2a: Miraidon|Miraidon|100\/100\n|-damage|p2a: Miraidon|88\/100|[from] Spikes\n|-fieldstart|move: Electric Terrain|[from] ability: Hadron Engine|[of] p2a: Miraidon\n|move|p1a: Zacian|Close Combat|p2a: Miraidon\n|-damage|p2a: Miraidon|39\/100\n|-unboost|p1a: Zacian|def|1\n|-unboost|p1a: Zacian|spd|1\n|\n|upkeep\n|turn|16\n|\n|t:|1699386475\n|move|p1a: Zacian|Play Rough|p2a: Miraidon\n|-supereffective|p2a: Miraidon\n|-damage|p2a: Miraidon|0 fnt\n|faint|p2a: Miraidon\n|\n|upkeep\n|\n|t:|1699386476\n|switch|p2a: Iron Bundle|Iron Bundle|53\/100 tox\n|-damage|p2a: Iron Bundle|40\/100 tox|[from] Spikes\n|-activate|p2a: Iron Bundle|ability: Quark Drive\n|-start|p2a: Iron Bundle|quarkdrivespe\n|turn|17\n|\n|t:|1699386478\n|move|p2a: Iron Bundle|Ice Beam|p1a: Zacian\n|-resisted|p1a: Zacian\n|-damage|p1a: Zacian|0 fnt\n|faint|p1a: Zacian\n|\n|-damage|p2a: Iron Bundle|34\/100 tox|[from] psn\n|upkeep\n|\n|t:|1699386480\n|switch|p1a: Arceus|Arceus|100\/100\n|-damage|p1a: Arceus|88\/100|[from] Stealth Rock\n|-damage|p1a: Arceus|76\/100|[from] Spikes\n|turn|18\n|\n|t:|1699386483\n|-end|p2a: Iron Bundle|Quark Drive|[silent]\n|switch|p2a: Scream Tail|Scream Tail|100\/100\n|-damage|p2a: Scream Tail|88\/100|[from] Spikes\n|move|p1a: Arceus|Dragon Dance|p1a: Arceus\n|-boost|p1a: Arceus|atk|1\n|-boost|p1a: Arceus|spe|1\n|\n|-heal|p2a: Scream Tail|94\/100|[from] item: Leftovers\n|upkeep\n|turn|19\n|\n|t:|1699386488\n|move|p1a: Arceus|Dragon Dance|p1a: Arceus\n|-boost|p1a: Arceus|atk|1\n|-boost|p1a: Arceus|spe|1\n|move|p2a: Scream Tail|Encore|p1a: Arceus\n|-start|p1a: Arceus|Encore\n|\n|-heal|p2a: Scream Tail|100\/100|[from] item: Leftovers\n|-fieldend|move: Electric Terrain\n|upkeep\n|turn|20\n|j| crokadilla\n|\n|t:|1699386493\n|switch|p1a: Flutter Mane|Flutter Mane, shiny|88\/100\n|-damage|p1a: Flutter Mane|76\/100|[from] Stealth Rock\n|-damage|p1a: Flutter Mane|63\/100|[from] Spikes\n|-end|p2a: Scream Tail|Protosynthesis|[silent]\n|switch|p2a: Koraidon|Koraidon, tera:Fire|67\/100\n|-damage|p2a: Koraidon|55\/100|[from] Spikes\n|-weather|SunnyDay|[from] ability: Orichalcum Pulse|[of] p2a: Koraidon\n|-activate|p1a: Flutter Mane|ability: Protosynthesis\n|-start|p1a: Flutter Mane|protosynthesisspe\n|-activate|p2a: Koraidon|Orichalcum Pulse|[source]\n|\n|-weather|SunnyDay|[upkeep]\n|upkeep\n|turn|21\n|\n|t:|1699386498\n|switch|p2a: Ting-Lu|Ting-Lu|100\/100\n|-damage|p2a: Ting-Lu|88\/100|[from] Spikes\n|-ability|p2a: Ting-Lu|Vessel of Ruin\n|move|p1a: Flutter Mane|Moonblast|p2a: Ting-Lu\n|-supereffective|p2a: Ting-Lu\n|-damage|p2a: Ting-Lu|24\/100\n|\n|-weather|SunnyDay|[upkeep]\n|-heal|p2a: Ting-Lu|30\/100|[from] item: Leftovers\n|upkeep\n|turn|22\n|\n|t:|1699386503\n|move|p1a: Flutter Mane|Moonblast|p2a: Ting-Lu\n|-supereffective|p2a: Ting-Lu\n|-damage|p2a: Ting-Lu|0 fnt\n|faint|p2a: Ting-Lu\n|\n|-weather|SunnyDay|[upkeep]\n|upkeep\n|\n|t:|1699386505\n|switch|p2a: Scream Tail|Scream Tail|100\/100\n|-damage|p2a: Scream Tail|88\/100|[from] Spikes\n|-activate|p2a: Scream Tail|ability: Protosynthesis\n|-start|p2a: Scream Tail|protosynthesisdef\n|turn|23\n|\n|t:|1699386515\n|move|p1a: Flutter Mane|Moonblast|p2a: Scream Tail\n|-damage|p2a: Scream Tail|41\/100\n|move|p2a: Scream Tail|Wish|p2a: Scream Tail\n|\n|-weather|SunnyDay|[upkeep]\n|-heal|p2a: Scream Tail|47\/100|[from] item: Leftovers\n|upkeep\n|turn|24\n|\n|t:|1699386519\n|-end|p1a: Flutter Mane|Protosynthesis|[silent]\n|switch|p1a: Gliscor|Gliscor, F, shiny|88\/100 tox\n|-damage|p1a: Gliscor|75\/100 tox|[from] Stealth Rock\n|move|p2a: Scream Tail|Protect||[still]\n|-fail|p2a: Scream Tail\n|\n|-weather|none\n|-end|p2a: Scream Tail|Protosynthesis\n|-heal|p2a: Scream Tail|97\/100|[from] move: Wish|[wisher] Scream Tail\n|-heal|p2a: Scream Tail|100\/100|[from] item: Leftovers\n|-heal|p1a: Gliscor|88\/100 tox|[from] ability: Poison Heal\n|upkeep\n|turn|25\n|\n|t:|1699386521\n|move|p2a: Scream Tail|Wish|p2a: Scream Tail\n|move|p1a: Gliscor|Toxic|p2a: Scream Tail\n|-status|p2a: Scream Tail|tox\n|\n|-damage|p2a: Scream Tail|94\/100 tox|[from] psn\n|-heal|p1a: Gliscor|99\/100 tox|[from] ability: Poison Heal\n|upkeep\n|turn|26\n|\n|t:|1699386529\n|-end|p2a: Scream Tail|Protosynthesis|[silent]\n|switch|p2a: Iron Bundle|Iron Bundle|34\/100 tox\n|-damage|p2a: Iron Bundle|22\/100 tox|[from] Spikes\n|move|p1a: Gliscor|Earthquake|p2a: Iron Bundle\n|-damage|p2a: Iron Bundle|0 fnt\n|faint|p2a: Iron Bundle\n|-end|p2a: Iron Bundle|Quark Drive|[silent]\n|\n|-heal|p1a: Gliscor|100\/100 tox|[from] ability: Poison Heal\n|upkeep\n|\n|t:|1699386531\n|switch|p2a: Koraidon|Koraidon, tera:Fire|55\/100\n|-damage|p2a: Koraidon|43\/100|[from] Spikes\n|-weather|SunnyDay|[from] ability: Orichalcum Pulse|[of] p2a: Koraidon\n|-activate|p2a: Koraidon|Orichalcum Pulse|[source]\n|turn|27\n|\n|t:|1699386534\n|move|p1a: Gliscor|Protect|p1a: Gliscor\n|-singleturn|p1a: Gliscor|Protect\n|move|p2a: Koraidon|Flare Blitz|p1a: Gliscor\n|-activate|p1a: Gliscor|move: Protect\n|\n|-weather|SunnyDay|[upkeep]\n|upkeep\n|turn|28\n|\n|t:|1699386536\n|-terastallize|p1a: Gliscor|Water\n|move|p2a: Koraidon|Flare Blitz|p1a: Gliscor\n|-resisted|p1a: Gliscor\n|-damage|p1a: Gliscor|39\/100 tox\n|-damage|p2a: Koraidon|22\/100|[from] Recoil\n|move|p1a: Gliscor|Earthquake|p2a: Koraidon\n|-supereffective|p2a: Koraidon\n|-damage|p2a: Koraidon|0 fnt\n|faint|p2a: Koraidon\n|\n|-weather|SunnyDay|[upkeep]\n|-heal|p1a: Gliscor|52\/100 tox|[from] ability: Poison Heal\n|upkeep\n|\n|t:|1699386540\n|switch|p2a: Scream Tail|Scream Tail|94\/100 tox\n|-damage|p2a: Scream Tail|82\/100 tox|[from] Spikes\n|-activate|p2a: Scream Tail|ability: Protosynthesis\n|-start|p2a: Scream Tail|protosynthesisdef\n|turn|29\n|c|\u2606Taka|gg\n|-message|Taka forfeited.\n|\n|win|mlgpokeballer\n|n|\u2606mlgpokeballer|mlgpokeballer\n|n|\u2606Taka|taka\n|n| crocococodile|crocococodile\n|n| crokadilla|crokadilla\n","uploadtime":1699386544,"views":10,"p1id":"mlgpokeballer","p2id":"taka","formatid":"gen9ubers","rating":0,"private":0,"password":""}