{"id":"gen9ubers-1987926507","p1":"KaoVT","p2":"xegrizzy","format":"[Gen 9] Ubers","log":"|j|\u2606KaoVT\n|j|\u2606xegrizzy\n|t:|1699649874\n|gametype|singles\n|player|p1|KaoVT|clair|\n|player|p2|xegrizzy|169|\n|teamsize|p1|6\n|teamsize|p2|6\n|gen|9\n|tier|[Gen 9] Ubers\n|rule|Sleep Clause Mod: Limit one foe put to sleep\n|rule|Species Clause: Limit one of each Pok\u00e9mon\n|rule|OHKO Clause: OHKO moves are banned\n|rule|Evasion Items Clause: Evasion items are banned\n|rule|Evasion Moves Clause: Evasion moves are banned\n|rule|Endless Battle Clause: Forcing endless battles is banned\n|rule|HP Percentage Mod: HP is shown in percentages\n|clearpoke\n|poke|p1|Ogerpon-Hearthflame, F|\n|poke|p1|Slowking, F|\n|poke|p1|Qwilfish-Hisui, M|\n|poke|p1|Tornadus-Therian, M|\n|poke|p1|Masquerain, F|\n|poke|p1|Salamence, F|\n|poke|p2|Great Tusk|\n|poke|p2|Rotom-Wash|\n|poke|p2|Clefable, M|\n|poke|p2|Roaring Moon|\n|poke|p2|Torkoal, F|\n|poke|p2|Charizard, M|\n|teampreview\n|c|\u2606xegrizzy|is it better?\n|c|\u2606xegrizzy|glhf\n|c|\u2606KaoVT|glhf\n|c|\u2606KaoVT|and ye i should be good\n|j| justinrockin\n|\n|t:|1699649942\n|start\n|switch|p1a: guess who|Masquerain, F|100\/100\n|switch|p2a: Torkoal|Torkoal, F|100\/100\n|-ability|p1a: guess who|Intimidate|boost\n|-unboost|p2a: Torkoal|atk|1\n|-weather|SunnyDay|[from] ability: Drought|[of] p2a: Torkoal\n|turn|1\n|j| DivogoJota\n|\n|t:|1699649965\n|move|p1a: guess who|Sticky Web|p2a: Torkoal\n|-sidestart|p2: xegrizzy|move: Sticky Web\n|move|p2a: Torkoal|Stealth Rock|p1a: guess who\n|-sidestart|p1: KaoVT|move: Stealth Rock\n|\n|-weather|SunnyDay|[upkeep]\n|upkeep\n|turn|2\n|j| iceberg149\n|j| hatev2\n|j| Scottowo\n|\n|t:|1699649973\n|move|p1a: guess who|Quiver Dance|p1a: guess who\n|-boost|p1a: guess who|spa|1\n|-boost|p1a: guess who|spd|1\n|-boost|p1a: guess who|spe|1\n|move|p2a: Torkoal|Rapid Spin|p1a: guess who\n|-damage|p1a: guess who|89\/100\n|-boost|p2a: Torkoal|spe|1\n|-sideend|p2: xegrizzy|Sticky Web|[from] move: Rapid Spin|[of] p2a: Torkoal\n|\n|-weather|SunnyDay|[upkeep]\n|upkeep\n|turn|3\n|\n|t:|1699649991\n|move|p1a: guess who|Sticky Web|p2a: Torkoal\n|-sidestart|p2: xegrizzy|move: Sticky Web\n|move|p2a: Torkoal|Yawn|p1a: guess who\n|-start|p1a: guess who|move: Yawn|[of] p2a: Torkoal\n|\n|-weather|SunnyDay|[upkeep]\n|upkeep\n|turn|4\n|\n|t:|1699650001\n|move|p1a: guess who|Hurricane|p2a: Torkoal|[miss]\n|-miss|p1a: guess who|p2a: Torkoal\n|move|p2a: Torkoal|Rapid Spin|p1a: guess who\n|-damage|p1a: guess who|76\/100\n|-boost|p2a: Torkoal|spe|1\n|-sideend|p2: xegrizzy|Sticky Web|[from] move: Rapid Spin|[of] p2a: Torkoal\n|\n|-weather|SunnyDay|[upkeep]\n|-end|p1a: guess who|move: Yawn|[silent]\n|-status|p1a: guess who|slp\n|upkeep\n|turn|5\n|l| Scottowo\n|c| hatev2|damn 70 acc\n|c|\u2606KaoVT|50*\n|c| DivogoJota|Hurricane coin flip in sun lost\n|c|\u2606KaoVT|sunny day\n|c| hatev2|true\n|\n|t:|1699650022\n|cant|p1a: guess who|slp\n|move|p2a: Torkoal|Ancient Power|p1a: guess who\n|-supereffective|p1a: guess who\n|-damage|p1a: guess who|32\/100 slp\n|\n|-weather|SunnyDay|[upkeep]\n|upkeep\n|turn|6\n|\n|t:|1699650028\n|-curestatus|p1a: guess who|slp|[msg]\n|move|p1a: guess who|Sticky Web|p2a: Torkoal\n|-sidestart|p2: xegrizzy|move: Sticky Web\n|move|p2a: Torkoal|Ancient Power|p1a: guess who\n|-supereffective|p1a: guess who\n|-damage|p1a: guess who|0 fnt\n|faint|p1a: guess who\n|\n|-weather|SunnyDay|[upkeep]\n|upkeep\n|c| hatev2|yo you got the webby webs back\n|j| Manatsu\n|\n|t:|1699650060\n|switch|p1a: Bird up!|Tornadus-Therian, M, shiny|100\/100\n|-damage|p1a: Bird up!|76\/100|[from] Stealth Rock\n|turn|7\n|\n|t:|1699650070\n|move|p1a: Bird up!|Bleakwind Storm|p2a: Torkoal\n|-damage|p2a: Torkoal|51\/100\n|-unboost|p2a: Torkoal|spe|1\n|move|p2a: Torkoal|Rapid Spin|p1a: Bird up!\n|-damage|p1a: Bird up!|68\/100\n|-boost|p2a: Torkoal|spe|1\n|-sideend|p2: xegrizzy|Sticky Web|[from] move: Rapid Spin|[of] p2a: Torkoal\n|\n|-weather|SunnyDay|[upkeep]\n|upkeep\n|turn|8\n|\n|t:|1699650080\n|switch|p2a: Rotom|Rotom-Wash|100\/100\n|move|p1a: Bird up!|Bleakwind Storm|p2a: Rotom|[miss]\n|-miss|p1a: Bird up!|p2a: Rotom\n|\n|-weather|none\n|upkeep\n|turn|9\n|c| hatev2|no mo webby webs\n|c|\u2606xegrizzy|no webs!\n|c|\u2606KaoVT|thats one 20% chance miss so far\n|c|\u2606xegrizzy|dw its not gamebreaking\n|\n|t:|1699650129\n|move|p1a: Bird up!|U-turn|p2a: Rotom\n|-damage|p2a: Rotom|83\/100\n|c|\u2606KaoVT|thats what u think\n|c|\u2606xegrizzy|head up king\n|\n|t:|1699650148\n|switch|p1a: rawr|Salamence, F|100\/100|[from] U-turn\n|-ability|p1a: rawr|Intimidate|boost\n|-unboost|p2a: Rotom|atk|1\n|move|p2a: Rotom|Volt Switch|p1a: rawr\n|-damage|p1a: rawr|68\/100\n|\n|t:|1699650155\n|switch|p2a: Clefable|Clefable, M|100\/100|[from] Volt Switch\n|\n|upkeep\n|turn|10\n|c| DivogoJota|chin up queen\n|\n|t:|1699650168\n|switch|p1a: CEO of Scald|Slowking, F, shiny|100\/100\n|-damage|p1a: CEO of Scald|88\/100|[from] Stealth Rock\n|move|p2a: Clefable|Reflect|p2a: Clefable\n|-sidestart|p2: xegrizzy|Reflect\n|\n|-heal|p1a: CEO of Scald|94\/100|[from] item: Leftovers\n|upkeep\n|turn|11\n|\n|t:|1699650180\n|switch|p2a: Rotom|Rotom-Wash|83\/100\n|move|p1a: CEO of Scald|Future Sight|p2a: Rotom\n|-start|p1a: CEO of Scald|move: Future Sight\n|\n|-heal|p2a: Rotom|89\/100|[from] item: Leftovers\n|-heal|p1a: CEO of Scald|99\/100|[from] item: Leftovers\n|upkeep\n|turn|12\n|\n|t:|1699650188\n|move|p2a: Rotom|Substitute|p2a: Rotom\n|-start|p2a: Rotom|Substitute\n|-damage|p2a: Rotom|64\/100\n|move|p1a: CEO of Scald|Chilly Reception|p1a: CEO of Scald\n|-weather|Snow\n|c| DivogoJota|The enigmatic Sub Volt Switch Rotom-W\n|\n|t:|1699650227\n|switch|p1a: Fly High Angel|Ogerpon-Hearthflame, F|100\/100|[from] Chilly Reception\n|-damage|p1a: Fly High Angel|76\/100|[from] Stealth Rock\n|-ability|p1a: Fly High Angel|Mold Breaker\n|\n|-weather|Snow|[upkeep]\n|-heal|p2a: Rotom|70\/100|[from] item: Leftovers\n|upkeep\n|turn|13\n|\n|t:|1699650236\n|move|p1a: Fly High Angel|Power Whip|p2a: Rotom\n|-supereffective|p2a: Rotom\n|-end|p2a: Rotom|Substitute\n|move|p2a: Rotom|Hydro Pump|p1a: Fly High Angel|[miss]\n|-miss|p2a: Rotom|p1a: Fly High Angel\n|\n|-weather|Snow|[upkeep]\n|-end|p2a: Rotom|move: Future Sight\n|-damage|p2a: Rotom|39\/100\n|-heal|p2a: Rotom|46\/100|[from] item: Leftovers\n|upkeep\n|turn|14\n|c| DivogoJota|Haven\u2019t seen that since the 60\u2019s\n|\n|t:|1699650247\n|switch|p2a: Torkoal|Torkoal, F|51\/100\n|-weather|SunnyDay|[from] ability: Drought|[of] p2a: Torkoal\n|move|p1a: Fly High Angel|Power Whip|p2a: Torkoal\n|-resisted|p2a: Torkoal\n|-damage|p2a: Torkoal|38\/100\n|\n|-weather|SunnyDay|[upkeep]\n|upkeep\n|turn|15\n|\n|t:|1699650266\n|switch|p1a: CEO of Scald|Slowking, F, shiny|100\/100\n|-damage|p1a: CEO of Scald|88\/100|[from] Stealth Rock\n|move|p2a: Torkoal|Yawn|p1a: CEO of Scald\n|-start|p1a: CEO of Scald|move: Yawn|[of] p2a: Torkoal\n|\n|-weather|SunnyDay|[upkeep]\n|-heal|p1a: CEO of Scald|94\/100|[from] item: Leftovers\n|upkeep\n|turn|16\n|l| DivogoJota\n|j| DivogoJota\n|\n|t:|1699650279\n|switch|p2a: Rotom|Rotom-Wash|46\/100\n|move|p1a: CEO of Scald|Future Sight|p2a: Rotom\n|-start|p1a: CEO of Scald|move: Future Sight\n|\n|-weather|SunnyDay|[upkeep]\n|-heal|p2a: Rotom|52\/100|[from] item: Leftovers\n|-heal|p1a: CEO of Scald|99\/100|[from] item: Leftovers\n|-end|p1a: CEO of Scald|move: Yawn|[silent]\n|-status|p1a: CEO of Scald|slp\n|upkeep\n|turn|17\n|\n|t:|1699650292\n|switch|p1a: Fly High Angel|Ogerpon-Hearthflame, F|76\/100\n|-damage|p1a: Fly High Angel|51\/100|[from] Stealth Rock\n|-ability|p1a: Fly High Angel|Mold Breaker\n|move|p2a: Rotom|Volt Switch|p1a: Fly High Angel\n|-resisted|p1a: Fly High Angel\n|-damage|p1a: Fly High Angel|35\/100\n|\n|t:|1699650326\n|switch|p2a: Charizard|Charizard, M|100\/100|[from] Volt Switch\n|\n|-weather|SunnyDay|[upkeep]\n|-damage|p2a: Charizard|88\/100|[from] ability: Solar Power|[of] p2a: Charizard\n|-sideend|p2: xegrizzy|Reflect\n|upkeep\n|turn|18\n|\n|t:|1699650352\n|-terastallize|p2a: Charizard|Dragon\n|move|p2a: Charizard|Tera Blast|p1a: Fly High Angel|[anim] Tera Blast Dragon\n|-crit|p1a: Fly High Angel\n|-damage|p1a: Fly High Angel|0 fnt\n|faint|p1a: Fly High Angel\n|\n|-weather|SunnyDay|[upkeep]\n|-damage|p2a: Charizard|76\/100|[from] ability: Solar Power|[of] p2a: Charizard\n|-end|p2a: Charizard|move: Future Sight\n|-damage|p2a: Charizard|24\/100\n|upkeep\n|c|\u2606KaoVT|scarf zard i dig it\n|c| DivogoJota|Part of me thinks the crit didn\u2019t matter on it, but I also don\u2019t know enough about Ogerpon\u2019s bulk to know\n|c|\u2606xegrizzy|nah\n|c|\u2606KaoVT|nah\n|c|\u2606xegrizzy|no shot in sun\n|\n|t:|1699650407\n|switch|p1a: Bird up!|Tornadus-Therian, M, shiny|100\/100\n|-damage|p1a: Bird up!|76\/100|[from] Stealth Rock\n|turn|19\n|c| iceberg149|solar power broken\n|c| DivogoJota|Awesome\n|\n|t:|1699650415\n|switch|p2a: Rotom|Rotom-Wash|52\/100\n|move|p1a: Bird up!|U-turn|p2a: Rotom\n|-damage|p2a: Rotom|34\/100\n|\n|t:|1699650427\n|switch|p1a: rawr|Salamence, F|68\/100|[from] U-turn\n|-ability|p1a: rawr|Intimidate|boost\n|-unboost|p2a: Rotom|atk|1\n|\n|-weather|SunnyDay|[upkeep]\n|-heal|p2a: Rotom|41\/100|[from] item: Leftovers\n|upkeep\n|turn|20\n|\n|t:|1699650439\n|switch|p2a: Clefable|Clefable, M|100\/100\n|move|p1a: rawr|Roost|p1a: rawr\n|-heal|p1a: rawr|100\/100\n|-singleturn|p1a: rawr|move: Roost\n|\n|-weather|SunnyDay|[upkeep]\n|upkeep\n|turn|21\n|\n|t:|1699650454\n|switch|p1a: CEO of Scald|Slowking, F, shiny|100\/100 slp\n|-damage|p1a: CEO of Scald|88\/100 slp|[from] Stealth Rock\n|move|p2a: Clefable|Light Screen|p2a: Clefable\n|-sidestart|p2: xegrizzy|move: Light Screen\n|\n|-weather|none\n|-heal|p1a: CEO of Scald|94\/100 slp|[from] item: Leftovers\n|upkeep\n|turn|22\n|\n|t:|1699650476\n|move|p2a: Clefable|Wish|p2a: Clefable\n|cant|p1a: CEO of Scald|slp\n|\n|-heal|p1a: CEO of Scald|99\/100 slp|[from] item: Leftovers\n|upkeep\n|turn|23\n|\n|t:|1699650483\n|switch|p2a: Rotom|Rotom-Wash|41\/100\n|cant|p1a: CEO of Scald|slp\n|\n|-heal|p2a: Rotom|100\/100|[from] move: Wish|[wisher] Clefable\n|-heal|p1a: CEO of Scald|100\/100 slp|[from] item: Leftovers\n|upkeep\n|turn|24\n|\n|t:|1699650493\n|move|p2a: Rotom|Thunderbolt|p1a: CEO of Scald\n|-supereffective|p1a: CEO of Scald\n|-damage|p1a: CEO of Scald|65\/100 slp\n|-curestatus|p1a: CEO of Scald|slp|[msg]\n|move|p1a: CEO of Scald|Future Sight|p2a: Rotom\n|-start|p1a: CEO of Scald|move: Future Sight\n|\n|-heal|p1a: CEO of Scald|71\/100|[from] item: Leftovers\n|upkeep\n|turn|25\n|\n|t:|1699650508\n|move|p2a: Rotom|Thunderbolt|p1a: CEO of Scald\n|-supereffective|p1a: CEO of Scald\n|-damage|p1a: CEO of Scald|32\/100\n|move|p1a: CEO of Scald|Slack Off|p1a: CEO of Scald\n|-heal|p1a: CEO of Scald|82\/100\n|\n|-heal|p1a: CEO of Scald|89\/100|[from] item: Leftovers\n|upkeep\n|turn|26\n|\n|t:|1699650531\n|move|p2a: Rotom|Thunderbolt|p1a: CEO of Scald\n|-supereffective|p1a: CEO of Scald\n|-damage|p1a: CEO of Scald|53\/100\n|move|p1a: CEO of Scald|Scald|p2a: Rotom\n|-resisted|p2a: Rotom\n|-damage|p2a: Rotom|95\/100\n|\n|-end|p2a: Rotom|move: Future Sight\n|-damage|p2a: Rotom|80\/100\n|-heal|p2a: Rotom|86\/100|[from] item: Leftovers\n|-heal|p1a: CEO of Scald|59\/100|[from] item: Leftovers\n|upkeep\n|turn|27\n|\n|t:|1699650542\n|move|p2a: Rotom|Thunderbolt|p1a: CEO of Scald\n|-supereffective|p1a: CEO of Scald\n|-damage|p1a: CEO of Scald|19\/100\n|-status|p1a: CEO of Scald|par\n|cant|p1a: CEO of Scald|par\n|\n|-heal|p2a: Rotom|92\/100|[from] item: Leftovers\n|-heal|p1a: CEO of Scald|25\/100 par|[from] item: Leftovers\n|upkeep\n|turn|28\n|c|\u2606KaoVT|CMON MAN\n|c| hatev2|thats fucked up\n|\n|t:|1699650559\n|switch|p1a: its just a phase|Qwilfish-Hisui, M, shiny|100\/100\n|-damage|p1a: its just a phase|88\/100|[from] Stealth Rock\n|-ability|p1a: its just a phase|Intimidate|boost\n|-unboost|p2a: Rotom|atk|1\n|move|p2a: Rotom|Thunderbolt|p1a: its just a phase\n|-damage|p1a: its just a phase|51\/100\n|\n|-heal|p2a: Rotom|99\/100|[from] item: Leftovers\n|-sideend|p2: xegrizzy|move: Light Screen\n|upkeep\n|turn|29\n|\n|t:|1699650574\n|move|p2a: Rotom|Substitute|p2a: Rotom\n|-start|p2a: Rotom|Substitute\n|-damage|p2a: Rotom|74\/100\n|move|p1a: its just a phase|Barb Barrage|p2a: Rotom\n|-activate|p2a: Rotom|move: Substitute|[damage]\n|\n|-heal|p2a: Rotom|80\/100|[from] item: Leftovers\n|upkeep\n|turn|30\n|\n|t:|1699650581\n|move|p2a: Rotom|Thunderbolt|p1a: its just a phase\n|-damage|p1a: its just a phase|15\/100\n|move|p1a: its just a phase|Barb Barrage|p2a: Rotom\n|-end|p2a: Rotom|Substitute\n|\n|-heal|p2a: Rotom|86\/100|[from] item: Leftovers\n|upkeep\n|turn|31\n|\n|t:|1699650593\n|move|p2a: Rotom|Substitute|p2a: Rotom\n|-start|p2a: Rotom|Substitute\n|-damage|p2a: Rotom|61\/100\n|move|p1a: its just a phase|Barb Barrage|p2a: Rotom\n|-activate|p2a: Rotom|move: Substitute|[damage]\n|\n|-heal|p2a: Rotom|67\/100|[from] item: Leftovers\n|upkeep\n|turn|32\n|\n|t:|1699650600\n|move|p2a: Rotom|Thunderbolt|p1a: its just a phase\n|-damage|p1a: its just a phase|0 fnt\n|faint|p1a: its just a phase\n|\n|-heal|p2a: Rotom|74\/100|[from] item: Leftovers\n|upkeep\n|\n|t:|1699650607\n|switch|p1a: Bird up!|Tornadus-Therian, M, shiny|100\/100\n|-damage|p1a: Bird up!|76\/100|[from] Stealth Rock\n|turn|33\n|\n|t:|1699650613\n|move|p1a: Bird up!|U-turn|p2a: Rotom\n|-end|p2a: Rotom|Substitute\n|\n|t:|1699650616\n|switch|p1a: rawr|Salamence, F|100\/100|[from] U-turn\n|-ability|p1a: rawr|Intimidate|boost\n|-unboost|p2a: Rotom|atk|1\n|move|p2a: Rotom|Thunderbolt|p1a: rawr\n|-damage|p1a: rawr|59\/100\n|\n|-heal|p2a: Rotom|80\/100|[from] item: Leftovers\n|upkeep\n|turn|34\n|\n|t:|1699650633\n|switch|p2a: Clefable|Clefable, M|100\/100\n|move|p1a: rawr|Roost|p1a: rawr\n|-heal|p1a: rawr|100\/100\n|-singleturn|p1a: rawr|move: Roost\n|\n|upkeep\n|turn|35\n|\n|t:|1699650653\n|switch|p1a: CEO of Scald|Slowking, F, shiny|58\/100 par\n|-damage|p1a: CEO of Scald|46\/100 par|[from] Stealth Rock\n|move|p2a: Clefable|Reflect|p2a: Clefable\n|-sidestart|p2: xegrizzy|Reflect\n|\n|-heal|p1a: CEO of Scald|52\/100 par|[from] item: Leftovers\n|upkeep\n|turn|36\n|\n|t:|1699650667\n|move|p2a: Clefable|Light Screen|p2a: Clefable\n|-sidestart|p2: xegrizzy|move: Light Screen\n|move|p1a: CEO of Scald|Future Sight|p2a: Clefable\n|-start|p1a: CEO of Scald|move: Future Sight\n|\n|-heal|p1a: CEO of Scald|58\/100 par|[from] item: Leftovers\n|upkeep\n|turn|37\n|\n|t:|1699650676\n|switch|p2a: Rotom|Rotom-Wash|80\/100\n|move|p1a: CEO of Scald|Slack Off|p1a: CEO of Scald\n|-heal|p1a: CEO of Scald|100\/100 par\n|\n|-heal|p2a: Rotom|86\/100|[from] item: Leftovers\n|upkeep\n|turn|38\n|\n|t:|1699650696\n|move|p2a: Rotom|Substitute|p2a: Rotom\n|-start|p2a: Rotom|Substitute\n|-damage|p2a: Rotom|61\/100\n|cant|p1a: CEO of Scald|par\n|\n|-end|p2a: Rotom|move: Future Sight\n|-activate|p2a: Rotom|move: Substitute|[damage]\n|-heal|p2a: Rotom|67\/100|[from] item: Leftovers\n|upkeep\n|turn|39\n|c|\u2606KaoVT|LIKE?\n|c|\u2606KaoVT|w\/e\n|\n|t:|1699650712\n|move|p2a: Rotom|Thunderbolt|p1a: CEO of Scald\n|-supereffective|p1a: CEO of Scald\n|-damage|p1a: CEO of Scald|62\/100 par\n|move|p1a: CEO of Scald|Chilly Reception|p1a: CEO of Scald\n|-weather|Snow\n|c|\u2606xegrizzy|i mean enough turns go by and its going to happen\n|c|\u2606xegrizzy|unfort but its the game\n|c|\u2606KaoVT|nah like add it to the rest of the battle and every other battle i deal with\n|c|\u2606KaoVT|and its so stupid\n|c|\u2606KaoVT|like the straw that breaks the camels back\n|\n|t:|1699650754\n|switch|p1a: rawr|Salamence, F|100\/100|[from] Chilly Reception\n|-ability|p1a: rawr|Intimidate|boost\n|-immune|p2a: Rotom\n|\n|-weather|Snow|[upkeep]\n|-heal|p2a: Rotom|74\/100|[from] item: Leftovers\n|upkeep\n|turn|40\n|\n|t:|1699650761\n|move|p1a: rawr|Draco Meteor|p2a: Rotom\n|-end|p2a: Rotom|Substitute\n|-unboost|p1a: rawr|spa|2\n|move|p2a: Rotom|Thunderbolt|p1a: rawr\n|-damage|p1a: rawr|62\/100\n|\n|-weather|Snow|[upkeep]\n|-heal|p2a: Rotom|80\/100|[from] item: Leftovers\n|upkeep\n|turn|41\n|\n|t:|1699650776\n|move|p1a: rawr|Draco Meteor|p2a: Rotom\n|-damage|p2a: Rotom|69\/100\n|-unboost|p1a: rawr|spa|2\n|move|p2a: Rotom|Thunderbolt|p1a: rawr\n|-damage|p1a: rawr|25\/100\n|\n|-weather|Snow|[upkeep]\n|-heal|p2a: Rotom|75\/100|[from] item: Leftovers\n|upkeep\n|turn|42\n|\n|t:|1699650784\n|move|p1a: rawr|Roost|p1a: rawr\n|-heal|p1a: rawr|75\/100\n|-singleturn|p1a: rawr|move: Roost\n|move|p2a: Rotom|Thunderbolt|p1a: rawr\n|-resisted|p1a: rawr\n|-damage|p1a: rawr|56\/100\n|-status|p1a: rawr|par\n|\n|-weather|Snow|[upkeep]\n|-heal|p2a: Rotom|81\/100|[from] item: Leftovers\n|-sideend|p2: xegrizzy|Reflect\n|upkeep\n|turn|43\n|c|\u2606KaoVT|congratz\n|-message|KaoVT forfeited.\n|\n|win|xegrizzy\n|l|\u2606KaoVT\n|c|\u2606xegrizzy|gg\n|c| DivogoJota|gg\n|c| justinrockin|top chef?!?!?!?\n|c|\u2606xegrizzy|no need for top chef\n|l| justinrockin\n|l| iceberg149\n|c|\u2606xegrizzy|how many kills gren on?\n|c| DivogoJota|6-0 granted and I\u2019ll theory out the rest of the kills\n|c|\u2606xegrizzy|gotta wait till justins battle for greninja total\n|c|\u2606xegrizzy|np\n|c|\u2606xegrizzy|idc my moth aint here\n|c|\u2606xegrizzy|no stressin\n|c| DivogoJota|I know but I care for stats\n|c| DivogoJota|in order to have the 6-0 be registered uno\n|c|\u2606xegrizzy|rotom and cledf just win here\n|c| DivogoJota|yea, trying to figure out which get the kills\n|c| DivogoJota|does Clef has Moonblast\n|c| DivogoJota|Might just give Wash the kills honestly\n|l| Manatsu\n|c|\u2606xegrizzy|clef does yeah\n|c| DivogoJota|Clef gets 1 kill, Wash 2 OR Wash gets 3 kills\n|c| DivogoJota|I think the first one\n|c| DivogoJota|We\u2019ll go first one, +1 and +2 to those two on top of any they get already this battle\n","uploadtime":1699650833,"views":81,"p1id":"kaovt","p2id":"xegrizzy","formatid":"gen9ubers","rating":0,"private":0,"password":""}