{"id":"gen9ubers-1978193716","p1":"HelloThereMites","p2":"AndTheJordSaid","format":"[Gen 9] Ubers","log":"|j|\u2606HelloThereMites\n|j|\u2606AndTheJordSaid\n|t:|1698511163\n|gametype|singles\n|player|p1|HelloThereMites|riley|1132\n|player|p2|AndTheJordSaid|veteran|1129\n|teamsize|p1|6\n|teamsize|p2|6\n|gen|9\n|tier|[Gen 9] Ubers\n|rated|\n|rule|Sleep Clause Mod: Limit one foe put to sleep\n|rule|Species Clause: Limit one of each Pok\u00e9mon\n|rule|OHKO Clause: OHKO moves are banned\n|rule|Evasion Items Clause: Evasion items are banned\n|rule|Evasion Moves Clause: Evasion moves are banned\n|rule|Endless Battle Clause: Forcing endless battles is banned\n|rule|HP Percentage Mod: HP is shown in percentages\n|clearpoke\n|poke|p1|Ogerpon-Hearthflame, F|\n|poke|p1|Zacian-*|\n|poke|p1|Urshifu-*, F|\n|poke|p1|Flutter Mane|\n|poke|p1|Iron Bundle|\n|poke|p1|Chien-Pao|\n|poke|p2|Koraidon|\n|poke|p2|Houndstone, M|\n|poke|p2|Rayquaza|\n|poke|p2|Espathra, F|\n|poke|p2|Palafin, M|\n|poke|p2|Zacian-*|\n|teampreview\n|inactive|Battle timer is ON: inactive players will automatically lose when time's up. (requested by HelloThereMites)\n|\n|t:|1698511170\n|start\n|switch|p1a: Dog|Zacian-Crowned|100\/100\n|switch|p2a: Espathra|Espathra, F|100\/100\n|-ability|p1a: Dog|Intrepid Sword|boost\n|-boost|p1a: Dog|atk|1\n|turn|1\n|\n|t:|1698511177\n|move|p2a: Espathra|Protect|p2a: Espathra\n|-singleturn|p2a: Espathra|Protect\n|move|p1a: Dog|Swords Dance|p1a: Dog\n|-boost|p1a: Dog|atk|2\n|\n|-ability|p2a: Espathra|Speed Boost|boost\n|-boost|p2a: Espathra|spe|1\n|upkeep\n|turn|2\n|\n|t:|1698511186\n|move|p2a: Espathra|Calm Mind|p2a: Espathra\n|-boost|p2a: Espathra|spa|1\n|-boost|p2a: Espathra|spd|1\n|move|p1a: Dog|Behemoth Blade|p2a: Espathra\n|-damage|p2a: Espathra|0 fnt\n|faint|p2a: Espathra\n|\n|upkeep\n|\n|t:|1698511195\n|switch|p2a: Palafin|Palafin, M|100\/100\n|turn|3\n|\n|t:|1698511201\n|detailschange|p2a: Palafin|Palafin-Hero, M\n|switch|p2a: Zacian|Zacian-Crowned, shiny|100\/100\n|-ability|p2a: Zacian|Intrepid Sword|boost\n|-boost|p2a: Zacian|atk|1\n|move|p1a: Dog|Wild Charge|p2a: Zacian\n|-damage|p2a: Zacian|14\/100\n|-damage|p1a: Dog|79\/100|[from] Recoil\n|\n|upkeep\n|turn|4\n|\n|t:|1698511210\n|move|p1a: Dog|Behemoth Blade|p2a: Zacian\n|-damage|p2a: Zacian|0 fnt\n|faint|p2a: Zacian\n|\n|upkeep\n|\n|t:|1698511214\n|switch|p2a: Palafin|Palafin-Hero, M|100\/100\n|-activate|p2a: Palafin|ability: Zero to Hero\n|turn|5\n|\n|t:|1698511217\n|move|p1a: Dog|Wild Charge|p2a: Palafin\n|-supereffective|p2a: Palafin\n|-damage|p2a: Palafin|0 fnt\n|faint|p2a: Palafin\n|-damage|p1a: Dog|48\/100|[from] Recoil\n|\n|upkeep\n|\n|t:|1698511221\n|switch|p2a: Koraidon|Koraidon|100\/100\n|-weather|SunnyDay|[from] ability: Orichalcum Pulse|[of] p2a: Koraidon\n|-activate|p2a: Koraidon|Orichalcum Pulse|[source]\n|turn|6\n|\n|t:|1698511227\n|move|p1a: Dog|Play Rough|p2a: Koraidon\n|-supereffective|p2a: Koraidon\n|-damage|p2a: Koraidon|0 fnt\n|faint|p2a: Koraidon\n|\n|-weather|SunnyDay|[upkeep]\n|upkeep\n|\n|t:|1698511230\n|switch|p2a: Rayquaza|Rayquaza, shiny|100\/100\n|-ability|p2a: Rayquaza|Air Lock\n|turn|7\n|\n|t:|1698511238\n|move|p1a: Dog|Play Rough|p2a: Rayquaza\n|-supereffective|p2a: Rayquaza\n|-enditem|p2a: Rayquaza|Focus Sash\n|-damage|p2a: Rayquaza|1\/100\n|move|p2a: Rayquaza|Dragon Dance|p2a: Rayquaza\n|-boost|p2a: Rayquaza|atk|1\n|-boost|p2a: Rayquaza|spe|1\n|\n|-weather|SunnyDay|[upkeep]\n|upkeep\n|turn|8\n|\n|t:|1698511246\n|move|p1a: Dog|Behemoth Blade|p2a: Rayquaza\n|-damage|p2a: Rayquaza|0 fnt\n|faint|p2a: Rayquaza\n|\n|-weather|SunnyDay|[upkeep]\n|upkeep\n|\n|t:|1698511248\n|switch|p2a: Houndstone|Houndstone, M|100\/100\n|turn|9\n|\n|t:|1698511253\n|-terastallize|p2a: Houndstone|Ghost\n|move|p1a: Dog|Behemoth Blade|p2a: Houndstone\n|-damage|p2a: Houndstone|0 fnt\n|faint|p2a: Houndstone\n|\n|win|HelloThereMites\n|raw|HelloThereMites's rating: 1132 &rarr; <strong>1157<\/strong><br \/>(+25 for winning)\n|raw|AndTheJordSaid's rating: 1129 &rarr; <strong>1104<\/strong><br \/>(-25 for losing)\n","uploadtime":1698511261,"views":13,"p1id":"hellotheremites","p2id":"andthejordsaid","formatid":"gen9ubers","rating":1104,"private":0,"password":""}