{"id":"gen9ubers-1983429149","p1":"adpg.alt","p2":"Super Suit","format":"[Gen 9] Ubers","log":"|j|\u2606adpg.alt\n|j|\u2606Super Suit\n|t:|1699129202\n|gametype|singles\n|player|p1|adpg.alt|hilbert-wonderlauncher|\n|player|p2|Super Suit|170|\n|teamsize|p1|6\n|teamsize|p2|6\n|gen|9\n|tier|[Gen 9] Ubers\n|rule|Sleep Clause Mod: Limit one foe put to sleep\n|rule|Species Clause: Limit one of each Pok\u00e9mon\n|rule|OHKO Clause: OHKO moves are banned\n|rule|Evasion Items Clause: Evasion items are banned\n|rule|Evasion Moves Clause: Evasion moves are banned\n|rule|Endless Battle Clause: Forcing endless battles is banned\n|rule|HP Percentage Mod: HP is shown in percentages\n|clearpoke\n|poke|p1|Ninetales-Alola, F|\n|poke|p1|Baxcalibur, F|\n|poke|p1|Arceus-Ghost|\n|poke|p1|Zacian-*|\n|poke|p1|Espathra, F|\n|poke|p1|Urshifu-*, M|\n|poke|p2|Arceus-Fire|\n|poke|p2|Cyclizar, M|\n|poke|p2|Palkia-Origin|\n|poke|p2|Garchomp, F|\n|poke|p2|Magearna|\n|poke|p2|Palafin, F|\n|teampreview\n|inactive|Battle timer is ON: inactive players will automatically lose when time's up. (requested by Super Suit)\n|c|\u2606Super Suit|glhf\n|c|\u2606adpg.alt|U2\n|inactive|Super Suit has 270 seconds left.\n|\n|t:|1699129236\n|start\n|switch|p1a: Zacian-Hero|Zacian|100\/100\n|switch|p2a: Arceus|Arceus-Fire|100\/100\n|-ability|p1a: Zacian-Hero|Intrepid Sword|boost\n|-boost|p1a: Zacian-Hero|atk|1\n|turn|1\n|\n|t:|1699129256\n|move|p1a: Zacian-Hero|Swords Dance|p1a: Zacian-Hero\n|-boost|p1a: Zacian-Hero|atk|2\n|move|p2a: Arceus|Dragon Dance|p2a: Arceus\n|-boost|p2a: Arceus|atk|1\n|-boost|p2a: Arceus|spe|1\n|\n|upkeep\n|turn|2\n|\n|t:|1699129265\n|-terastallize|p1a: Zacian-Hero|Fire\n|move|p2a: Arceus|Flare Blitz|p1a: Zacian-Hero\n|-resisted|p1a: Zacian-Hero\n|-crit|p1a: Zacian-Hero\n|-damage|p1a: Zacian-Hero|21\/100\n|-damage|p2a: Arceus|78\/100|[from] Recoil\n|move|p1a: Zacian-Hero|Close Combat|p2a: Arceus\n|-damage|p2a: Arceus|2\/100\n|-unboost|p1a: Zacian-Hero|def|1\n|-unboost|p1a: Zacian-Hero|spd|1\n|\n|upkeep\n|turn|3\n|\n|t:|1699129279\n|move|p2a: Arceus|Earthquake|p1a: Zacian-Hero\n|-supereffective|p1a: Zacian-Hero\n|-damage|p1a: Zacian-Hero|0 fnt\n|faint|p1a: Zacian-Hero\n|\n|upkeep\n|\n|t:|1699129286\n|switch|p1a: Shifu|Urshifu, M|100\/100\n|turn|4\n|\n|t:|1699129293\n|move|p1a: Shifu|Sucker Punch||[still]\n|-fail|p1a: Shifu\n|move|p2a: Arceus|Recover|p2a: Arceus\n|-heal|p2a: Arceus|52\/100\n|\n|upkeep\n|turn|5\n|\n|t:|1699129300\n|move|p2a: Arceus|Flare Blitz|p1a: Shifu\n|-damage|p1a: Shifu|0 fnt\n|faint|p1a: Shifu\n|-damage|p2a: Arceus|23\/100|[from] Recoil\n|\n|upkeep\n|\n|t:|1699129309\n|switch|p1a: Arceus|Arceus-Ghost|100\/100\n|turn|6\n|\n|t:|1699129316\n|move|p2a: Arceus|Recover|p2a: Arceus\n|-heal|p2a: Arceus|73\/100\n|move|p1a: Arceus|Judgment|p2a: Arceus\n|-damage|p2a: Arceus|39\/100\n|\n|upkeep\n|turn|7\n|\n|t:|1699129323\n|move|p2a: Arceus|Recover|p2a: Arceus\n|-heal|p2a: Arceus|89\/100\n|move|p1a: Arceus|Calm Mind|p1a: Arceus\n|-boost|p1a: Arceus|spa|1\n|-boost|p1a: Arceus|spd|1\n|\n|upkeep\n|turn|8\n|\n|t:|1699129332\n|move|p2a: Arceus|Dragon Dance|p2a: Arceus\n|-boost|p2a: Arceus|atk|1\n|-boost|p2a: Arceus|spe|1\n|move|p1a: Arceus|Judgment|p2a: Arceus\n|-damage|p2a: Arceus|32\/100\n|\n|upkeep\n|turn|9\n|\n|t:|1699129339\n|move|p2a: Arceus|Flare Blitz|p1a: Arceus\n|-damage|p1a: Arceus|0 fnt\n|faint|p1a: Arceus\n|-damage|p2a: Arceus|0 fnt|[from] Recoil\n|faint|p2a: Arceus\n|\n|upkeep\n|c|\u2606adpg.alt|This is gonna be through\n|\n|t:|1699129358\n|switch|p1a: Anales|Ninetales-Alola, F, shiny|100\/100\n|switch|p2a: Palkia|Palkia-Origin|100\/100\n|-ability|p2a: Palkia|Pressure\n|-weather|Snow|[from] ability: Snow Warning|[of] p1a: Anales\n|turn|10\n|\n|t:|1699129366\n|-terastallize|p2a: Palkia|Fire\n|move|p2a: Palkia|Fire Blast|p1a: Anales\n|-supereffective|p1a: Anales\n|-damage|p1a: Anales|0 fnt\n|faint|p1a: Anales\n|\n|-weather|Snow|[upkeep]\n|upkeep\n|c|\u2606Super Suit|dd fireceus is whack\n|inactive|adpg.alt has 270 seconds left.\n|c|\u2606adpg.alt|Yeah... I Lost since the time Zacian don't kill, lol\n|c|\u2606Super Suit|lol\n|\n|t:|1699129402\n|switch|p1a: True Soldier|Espathra, F|100\/100\n|turn|11\n|\n|t:|1699129406\n|move|p2a: Palkia|Substitute|p2a: Palkia\n|-start|p2a: Palkia|Substitute\n|-damage|p2a: Palkia|76\/100\n|move|p1a: True Soldier|Calm Mind|p1a: True Soldier\n|-boost|p1a: True Soldier|spa|1\n|-boost|p1a: True Soldier|spd|1\n|\n|-weather|Snow|[upkeep]\n|-ability|p1a: True Soldier|Speed Boost|boost\n|-boost|p1a: True Soldier|spe|1\n|upkeep\n|turn|12\n|inactive|adpg.alt has 270 seconds left.\n|\n|t:|1699129417\n|move|p1a: True Soldier|Calm Mind|p1a: True Soldier\n|-boost|p1a: True Soldier|spa|1\n|-boost|p1a: True Soldier|spd|1\n|move|p2a: Palkia|Hydro Pump|p1a: True Soldier\n|-damage|p1a: True Soldier|46\/100\n|\n|-weather|Snow|[upkeep]\n|-heal|p1a: True Soldier|52\/100|[from] item: Leftovers\n|-ability|p1a: True Soldier|Speed Boost|boost\n|-boost|p1a: True Soldier|spe|1\n|upkeep\n|turn|13\n|inactive|adpg.alt has 270 seconds left.\n|\n|t:|1699129428\n|move|p1a: True Soldier|Protect|p1a: True Soldier\n|-singleturn|p1a: True Soldier|Protect\n|move|p2a: Palkia|Hydro Pump|p1a: True Soldier\n|-activate|p1a: True Soldier|move: Protect\n|\n|-weather|Snow|[upkeep]\n|-heal|p1a: True Soldier|58\/100|[from] item: Leftovers\n|-ability|p1a: True Soldier|Speed Boost|boost\n|-boost|p1a: True Soldier|spe|1\n|upkeep\n|turn|14\n|inactive|adpg.alt has 270 seconds left.\n|\n|t:|1699129438\n|move|p1a: True Soldier|Stored Power|p2a: Palkia\n|-end|p2a: Palkia|Substitute\n|move|p2a: Palkia|Spacial Rend|p1a: True Soldier\n|-damage|p1a: True Soldier|6\/100\n|\n|-weather|none\n|-heal|p1a: True Soldier|12\/100|[from] item: Leftovers\n|-ability|p1a: True Soldier|Speed Boost|boost\n|-boost|p1a: True Soldier|spe|1\n|upkeep\n|turn|15\n|inactive|adpg.alt has 270 seconds left.\n|\n|t:|1699129451\n|move|p1a: True Soldier|Stored Power|p2a: Palkia\n|-damage|p2a: Palkia|0 fnt\n|faint|p2a: Palkia\n|\n|-heal|p1a: True Soldier|18\/100|[from] item: Leftovers\n|-ability|p1a: True Soldier|Speed Boost|boost\n|-boost|p1a: True Soldier|spe|1\n|upkeep\n|\n|t:|1699129454\n|switch|p2a: Palafin|Palafin, F|100\/100\n|turn|16\n|\n|t:|1699129462\n|move|p2a: Palafin|Jet Punch|p1a: True Soldier\n|-crit|p1a: True Soldier\n|-damage|p1a: True Soldier|0 fnt\n|faint|p1a: True Soldier\n|\n|upkeep\n|\n|t:|1699129464\n|switch|p1a: Excalibur|Baxcalibur, F|100\/100\n|turn|17\n|\n|t:|1699129469\n|move|p2a: Palafin|Flip Turn|p1a: Excalibur\n|-resisted|p1a: Excalibur\n|-damage|p1a: Excalibur|91\/100\n|\n|t:|1699129472\n|detailschange|p2a: Palafin|Palafin-Hero, F\n|switch|p2a: Magearna|Magearna|100\/100|[from] Flip Turn\n|move|p1a: Excalibur|Dragon Dance|p1a: Excalibur\n|-boost|p1a: Excalibur|atk|1\n|-boost|p1a: Excalibur|spe|1\n|\n|upkeep\n|turn|18\n|c|\u2606adpg.alt|I'm not killing Mag\n|\n|t:|1699129500\n|move|p1a: Excalibur|Earthquake|p2a: Magearna\n|-supereffective|p2a: Magearna\n|-damage|p2a: Magearna|0 fnt\n|faint|p2a: Magearna\n|\n|upkeep\n|c|\u2606Super Suit|mag is bulky af\n|c|\u2606Super Suit|oh shit\n|\n|t:|1699129512\n|switch|p2a: Cyclizar|Cyclizar, M|100\/100\n|turn|19\n|c|\u2606adpg.alt|WoW, that's surprising\n|\n|t:|1699129536\n|move|p2a: Cyclizar|Knock Off|p1a: Excalibur\n|-damage|p1a: Excalibur|71\/100\n|-enditem|p1a: Excalibur|Loaded Dice|[from] move: Knock Off|[of] p2a: Cyclizar\n|move|p1a: Excalibur|Dragon Dance|p1a: Excalibur\n|-boost|p1a: Excalibur|atk|1\n|-boost|p1a: Excalibur|spe|1\n|\n|upkeep\n|turn|20\n|\n|t:|1699129549\n|switch|p2a: Garchomp|Garchomp, F|100\/100\n|move|p1a: Excalibur|Icicle Spear|p2a: Garchomp\n|-supereffective|p2a: Garchomp\n|-damage|p2a: Garchomp|29\/100\n|-supereffective|p2a: Garchomp\n|-damage|p2a: Garchomp|0 fnt\n|faint|p2a: Garchomp\n|-hitcount|p2: Garchomp|2\n|\n|upkeep\n|\n|t:|1699129552\n|switch|p2a: Cyclizar|Cyclizar, M|100\/100\n|turn|21\n|\n|t:|1699129561\n|move|p1a: Excalibur|Icicle Spear|p2a: Cyclizar\n|-supereffective|p2a: Cyclizar\n|-damage|p2a: Cyclizar|18\/100\n|-supereffective|p2a: Cyclizar\n|-damage|p2a: Cyclizar|0 fnt\n|faint|p2a: Cyclizar\n|-hitcount|p2: Cyclizar|2\n|\n|upkeep\n|\n|t:|1699129565\n|switch|p2a: Palafin|Palafin-Hero, F|100\/100\n|-activate|p2a: Palafin|ability: Zero to Hero\n|turn|22\n|\n|t:|1699129590\n|move|p1a: Excalibur|Earthquake|p2a: Palafin\n|-damage|p2a: Palafin|20\/100\n|move|p2a: Palafin|Close Combat|p1a: Excalibur\n|-supereffective|p1a: Excalibur\n|-damage|p1a: Excalibur|0 fnt\n|-unboost|p2a: Palafin|def|1\n|-unboost|p2a: Palafin|spd|1\n|faint|p1a: Excalibur\n|\n|win|Super Suit\n|c|\u2606Super Suit|damn gg man\n|c|\u2606adpg.alt|Gg\n|l|\u2606adpg.alt\n","uploadtime":1699129620,"views":15,"p1id":"adpgalt","p2id":"supersuit","formatid":"gen9ubers","rating":0,"private":0,"password":""}