{"id":"gen9ubers-1976184519","p1":"Lord Femboy","p2":"VloneVictini","format":"[Gen 9] Ubers","log":"|j|\u2606Lord Femboy\n|j|\u2606VloneVictini\n|t:|1698271446\n|gametype|singles\n|player|p1|Lord Femboy|acetrainer|\n|player|p2|VloneVictini|170|\n|teamsize|p1|6\n|teamsize|p2|6\n|gen|9\n|tier|[Gen 9] Ubers\n|rule|Sleep Clause Mod: Limit one foe put to sleep\n|rule|Species Clause: Limit one of each Pok\u00e9mon\n|rule|OHKO Clause: OHKO moves are banned\n|rule|Evasion Items Clause: Evasion items are banned\n|rule|Evasion Moves Clause: Evasion moves are banned\n|rule|Endless Battle Clause: Forcing endless battles is banned\n|rule|HP Percentage Mod: HP is shown in percentages\n|clearpoke\n|poke|p1|Hippowdon, F|\n|poke|p1|Magearna-Original|\n|poke|p1|Garganacl, F|\n|poke|p1|Gliscor, F|\n|poke|p1|Cyclizar, F|\n|poke|p1|Blissey, F|\n|poke|p2|Maushold|\n|poke|p2|Shaymin-Sky|\n|poke|p2|Zacian-*|\n|poke|p2|Urshifu-*, F|\n|poke|p2|Arceus-Poison|\n|poke|p2|Magearna|\n|teampreview\n|c|\u2606Lord Femboy|glhf!\n|c|\u2606VloneVictini|glhf\n|\n|t:|1698271484\n|start\n|switch|p1a: That Dog|Gliscor, F, shiny|100\/100\n|switch|p2a: Shamone-Sky|Shaymin-Sky|100\/100\n|turn|1\n|\n|t:|1698271502\n|switch|p2a: Toxic Religion|Arceus-Poison|100\/100\n|move|p1a: That Dog|Protect||[still]\n|-fail|p1a: That Dog\n|\n|-status|p1a: That Dog|tox|[from] item: Toxic Orb\n|upkeep\n|turn|2\n|\n|t:|1698271518\n|move|p2a: Toxic Religion|Iron Defense|p2a: Toxic Religion\n|-boost|p2a: Toxic Religion|def|2\n|move|p1a: That Dog|Toxic Spikes|p2a: Toxic Religion\n|-sidestart|p2: VloneVictini|move: Toxic Spikes\n|\n|upkeep\n|turn|3\n|\n|t:|1698271533\n|switch|p1a: Sandy|Hippowdon, F|100\/100\n|-weather|Sandstorm|[from] ability: Sand Stream|[of] p1a: Sandy\n|move|p2a: Toxic Religion|Calm Mind|p2a: Toxic Religion\n|-boost|p2a: Toxic Religion|spa|1\n|-boost|p2a: Toxic Religion|spd|1\n|\n|-weather|Sandstorm|[upkeep]\n|-damage|p2a: Toxic Religion|94\/100|[from] Sandstorm\n|upkeep\n|turn|4\n|\n|t:|1698271537\n|move|p2a: Toxic Religion|Stored Power|p1a: Sandy\n|-damage|p1a: Sandy|60\/100\n|move|p1a: Sandy|Whirlwind|p2a: Toxic Religion\n|drag|p2a: UU Fishr|Urshifu, F|100\/100\n|-status|p2a: UU Fishr|psn\n|\n|-weather|Sandstorm|[upkeep]\n|-damage|p2a: UU Fishr|94\/100 psn|[from] Sandstorm\n|-damage|p2a: UU Fishr|82\/100 psn|[from] psn\n|upkeep\n|turn|5\n|\n|t:|1698271545\n|move|p2a: UU Fishr|Wicked Blow|p1a: Sandy\n|-crit|p1a: Sandy\n|-damage|p1a: Sandy|26\/100\n|move|p1a: Sandy|Stealth Rock|p2a: UU Fishr\n|-sidestart|p2: VloneVictini|move: Stealth Rock\n|\n|-weather|Sandstorm|[upkeep]\n|-damage|p2a: UU Fishr|76\/100 psn|[from] Sandstorm\n|-damage|p2a: UU Fishr|64\/100 psn|[from] psn\n|upkeep\n|turn|6\n|\n|t:|1698271552\n|switch|p1a: Garganacl|Garganacl, F|100\/100\n|move|p2a: UU Fishr|Close Combat|p1a: Garganacl\n|-supereffective|p1a: Garganacl\n|-damage|p1a: Garganacl|20\/100\n|-unboost|p2a: UU Fishr|def|1\n|-unboost|p2a: UU Fishr|spd|1\n|\n|-weather|Sandstorm|[upkeep]\n|-damage|p2a: UU Fishr|57\/100 psn|[from] Sandstorm\n|-heal|p1a: Garganacl|26\/100|[from] item: Leftovers\n|-damage|p2a: UU Fishr|45\/100 psn|[from] psn\n|upkeep\n|turn|7\n|\n|t:|1698271571\n|-terastallize|p1a: Garganacl|Fairy\n|move|p2a: UU Fishr|Wicked Blow|p1a: Garganacl\n|-resisted|p1a: Garganacl\n|-crit|p1a: Garganacl\n|-damage|p1a: Garganacl|10\/100\n|move|p1a: Garganacl|Recover|p1a: Garganacl\n|-heal|p1a: Garganacl|60\/100\n|\n|-weather|Sandstorm|[upkeep]\n|-damage|p2a: UU Fishr|39\/100 psn|[from] Sandstorm\n|-damage|p1a: Garganacl|53\/100|[from] Sandstorm\n|-heal|p1a: Garganacl|60\/100|[from] item: Leftovers\n|-damage|p2a: UU Fishr|27\/100 psn|[from] psn\n|upkeep\n|turn|8\n|\n|t:|1698271580\n|switch|p2a: Toxic Religion|Arceus-Poison|94\/100\n|-sideend|p2: VloneVictini|move: Toxic Spikes|[of] p2a: Toxic Religion\n|-damage|p2a: Toxic Religion|82\/100|[from] Stealth Rock\n|move|p1a: Garganacl|Recover|p1a: Garganacl\n|-heal|p1a: Garganacl|100\/100\n|\n|-weather|Sandstorm|[upkeep]\n|-damage|p2a: Toxic Religion|76\/100|[from] Sandstorm\n|-damage|p1a: Garganacl|94\/100|[from] Sandstorm\n|-heal|p1a: Garganacl|100\/100|[from] item: Leftovers\n|upkeep\n|turn|9\n|\n|t:|1698271600\n|move|p2a: Toxic Religion|Iron Defense|p2a: Toxic Religion\n|-boost|p2a: Toxic Religion|def|2\n|move|p1a: Garganacl|Salt Cure|p2a: Toxic Religion\n|-damage|p2a: Toxic Religion|72\/100\n|-start|p2a: Toxic Religion|Salt Cure\n|\n|-weather|Sandstorm|[upkeep]\n|-damage|p2a: Toxic Religion|66\/100|[from] Sandstorm\n|-damage|p1a: Garganacl|94\/100|[from] Sandstorm\n|-heal|p1a: Garganacl|100\/100|[from] item: Leftovers\n|-damage|p2a: Toxic Religion|53\/100|[from] Salt Cure\n|upkeep\n|turn|10\n|\n|t:|1698271605\n|move|p2a: Toxic Religion|Calm Mind|p2a: Toxic Religion\n|-boost|p2a: Toxic Religion|spa|1\n|-boost|p2a: Toxic Religion|spd|1\n|move|p1a: Garganacl|Curse|p1a: Garganacl\n|-unboost|p1a: Garganacl|spe|1\n|-boost|p1a: Garganacl|atk|1\n|-boost|p1a: Garganacl|def|1\n|\n|-weather|none\n|-damage|p2a: Toxic Religion|41\/100|[from] Salt Cure\n|upkeep\n|turn|11\n|\n|t:|1698271629\n|move|p2a: Toxic Religion|Recover|p2a: Toxic Religion\n|-heal|p2a: Toxic Religion|91\/100\n|move|p1a: Garganacl|Salt Cure|p2a: Toxic Religion\n|-crit|p2a: Toxic Religion\n|-damage|p2a: Toxic Religion|74\/100\n|\n|-damage|p2a: Toxic Religion|62\/100|[from] Salt Cure\n|upkeep\n|turn|12\n|\n|t:|1698271633\n|switch|p1a: Cyclizar|Cyclizar, F|100\/100\n|move|p2a: Toxic Religion|Calm Mind|p2a: Toxic Religion\n|-boost|p2a: Toxic Religion|spa|1\n|-boost|p2a: Toxic Religion|spd|1\n|\n|-damage|p2a: Toxic Religion|49\/100|[from] Salt Cure\n|upkeep\n|turn|13\n|\n|t:|1698271637\n|move|p1a: Cyclizar|Taunt|p2a: Toxic Religion\n|-start|p2a: Toxic Religion|move: Taunt\n|move|p2a: Toxic Religion|Stored Power|p1a: Cyclizar\n|-damage|p1a: Cyclizar|0 fnt\n|faint|p1a: Cyclizar\n|\n|-damage|p2a: Toxic Religion|37\/100|[from] Salt Cure\n|upkeep\n|\n|t:|1698271644\n|switch|p1a: Fuck You|Blissey, F, shiny|100\/100\n|turn|14\n|\n|t:|1698271667\n|move|p2a: Toxic Religion|Stored Power|p1a: Fuck You\n|-damage|p1a: Fuck You|72\/100\n|move|p1a: Fuck You|Calm Mind|p1a: Fuck You\n|-boost|p1a: Fuck You|spa|1\n|-boost|p1a: Fuck You|spd|1\n|\n|-heal|p1a: Fuck You|79\/100|[from] item: Leftovers\n|-damage|p2a: Toxic Religion|25\/100|[from] Salt Cure\n|upkeep\n|turn|15\n|\n|t:|1698271672\n|move|p2a: Toxic Religion|Stored Power|p1a: Fuck You\n|-damage|p1a: Fuck You|62\/100\n|move|p1a: Fuck You|Seismic Toss|p2a: Toxic Religion\n|-damage|p2a: Toxic Religion|2\/100\n|\n|-heal|p1a: Fuck You|68\/100|[from] item: Leftovers\n|-damage|p2a: Toxic Religion|0 fnt|[from] Salt Cure\n|faint|p2a: Toxic Religion\n|upkeep\n|\n|t:|1698271674\n|switch|p2a: UU Fishr|Urshifu, F|27\/100 psn\n|-damage|p2a: UU Fishr|20\/100 psn|[from] Stealth Rock\n|turn|16\n|\n|t:|1698271680\n|switch|p1a: Garganacl|Garganacl, F, tera:Fairy|100\/100\n|move|p2a: UU Fishr|Close Combat|p1a: Garganacl\n|-resisted|p1a: Garganacl\n|-damage|p1a: Garganacl|81\/100\n|-unboost|p2a: UU Fishr|def|1\n|-unboost|p2a: UU Fishr|spd|1\n|\n|-heal|p1a: Garganacl|87\/100|[from] item: Leftovers\n|-damage|p2a: UU Fishr|8\/100 psn|[from] psn\n|upkeep\n|turn|17\n|\n|t:|1698271689\n|move|p2a: UU Fishr|Wicked Blow|p1a: Garganacl\n|-resisted|p1a: Garganacl\n|-crit|p1a: Garganacl\n|-damage|p1a: Garganacl|70\/100\n|move|p1a: Garganacl|Curse|p1a: Garganacl\n|-unboost|p1a: Garganacl|spe|1\n|-boost|p1a: Garganacl|atk|1\n|-boost|p1a: Garganacl|def|1\n|\n|-heal|p1a: Garganacl|76\/100|[from] item: Leftovers\n|-damage|p2a: UU Fishr|0 fnt|[from] psn\n|faint|p2a: UU Fishr\n|upkeep\n|\n|t:|1698271707\n|switch|p2a: Shamone-Sky|Shaymin-Sky|100\/100\n|-damage|p2a: Shamone-Sky|76\/100|[from] Stealth Rock\n|turn|18\n|\n|t:|1698271710\n|move|p2a: Shamone-Sky|Seed Flare|p1a: Garganacl|[miss]\n|-miss|p2a: Shamone-Sky|p1a: Garganacl\n|move|p1a: Garganacl|Salt Cure|p2a: Shamone-Sky\n|-supereffective|p2a: Shamone-Sky\n|-damage|p2a: Shamone-Sky|22\/100\n|-start|p2a: Shamone-Sky|Salt Cure\n|\n|-heal|p2a: Shamone-Sky|28\/100|[from] item: Leftovers\n|-heal|p1a: Garganacl|83\/100|[from] item: Leftovers\n|-damage|p2a: Shamone-Sky|16\/100|[from] Salt Cure\n|upkeep\n|turn|19\n|\n|t:|1698271715\n|move|p2a: Shamone-Sky|Seed Flare|p1a: Garganacl\n|-damage|p1a: Garganacl|34\/100\n|-unboost|p1a: Garganacl|spd|2\n|move|p1a: Garganacl|Recover|p1a: Garganacl\n|-heal|p1a: Garganacl|84\/100\n|\n|-heal|p2a: Shamone-Sky|22\/100|[from] item: Leftovers\n|-heal|p1a: Garganacl|90\/100|[from] item: Leftovers\n|-damage|p2a: Shamone-Sky|10\/100|[from] Salt Cure\n|upkeep\n|turn|20\n|\n|t:|1698271721\n|switch|p1a: Fuck You|Blissey, F, shiny|68\/100\n|move|p2a: Shamone-Sky|Seed Flare|p1a: Fuck You|[miss]\n|-miss|p2a: Shamone-Sky|p1a: Fuck You\n|\n|-heal|p2a: Shamone-Sky|16\/100|[from] item: Leftovers\n|-heal|p1a: Fuck You|74\/100|[from] item: Leftovers\n|-damage|p2a: Shamone-Sky|4\/100|[from] Salt Cure\n|upkeep\n|turn|21\n|\n|t:|1698271724\n|move|p2a: Shamone-Sky|Seed Flare|p1a: Fuck You\n|-crit|p1a: Fuck You\n|-damage|p1a: Fuck You|39\/100\n|-unboost|p1a: Fuck You|spd|2\n|move|p1a: Fuck You|Soft-Boiled|p1a: Fuck You\n|-heal|p1a: Fuck You|89\/100\n|\n|-heal|p2a: Shamone-Sky|10\/100|[from] item: Leftovers\n|-heal|p1a: Fuck You|96\/100|[from] item: Leftovers\n|-damage|p2a: Shamone-Sky|0 fnt|[from] Salt Cure\n|faint|p2a: Shamone-Sky\n|upkeep\n|\n|t:|1698271727\n|switch|p2a: 3 Blind Mice|Maushold|100\/100\n|-damage|p2a: 3 Blind Mice|88\/100|[from] Stealth Rock\n|turn|22\n|\n|t:|1698271735\n|switch|p1a: Garganacl|Garganacl, F, tera:Fairy|90\/100\n|move|p2a: 3 Blind Mice|Tidy Up|p2a: 3 Blind Mice\n|-sideend|p2: VloneVictini|Stealth Rock\n|-activate|p2a: 3 Blind Mice|move: Tidy Up\n|-boost|p2a: 3 Blind Mice|atk|1\n|-boost|p2a: 3 Blind Mice|spe|1\n|\n|-heal|p1a: Garganacl|97\/100|[from] item: Leftovers\n|upkeep\n|turn|23\n|\n|t:|1698271740\n|move|p2a: 3 Blind Mice|Population Bomb|p1a: Garganacl\n|-damage|p1a: Garganacl|87\/100\n|-damage|p1a: Garganacl|77\/100\n|-damage|p1a: Garganacl|68\/100\n|-damage|p1a: Garganacl|59\/100\n|-damage|p1a: Garganacl|51\/100\n|-damage|p1a: Garganacl|42\/100\n|-damage|p1a: Garganacl|34\/100\n|-damage|p1a: Garganacl|26\/100\n|-damage|p1a: Garganacl|16\/100\n|-crit|p1a: Garganacl\n|-damage|p1a: Garganacl|3\/100\n|-hitcount|p1a: Garganacl|10\n|move|p1a: Garganacl|Curse|p1a: Garganacl\n|-unboost|p1a: Garganacl|spe|1\n|-boost|p1a: Garganacl|atk|1\n|-boost|p1a: Garganacl|def|1\n|\n|-heal|p1a: Garganacl|10\/100|[from] item: Leftovers\n|upkeep\n|turn|24\n|\n|t:|1698271754\n|move|p2a: 3 Blind Mice|Encore|p1a: Garganacl\n|-start|p1a: Garganacl|Encore\n|move|p1a: Garganacl|Curse|p1a: Garganacl\n|-unboost|p1a: Garganacl|spe|1\n|-boost|p1a: Garganacl|atk|1\n|-boost|p1a: Garganacl|def|1\n|\n|-heal|p1a: Garganacl|16\/100|[from] item: Leftovers\n|upkeep\n|turn|25\n|\n|t:|1698271758\n|switch|p1a: Sandy|Hippowdon, F|26\/100\n|-weather|Sandstorm|[from] ability: Sand Stream|[of] p1a: Sandy\n|move|p2a: 3 Blind Mice|Tidy Up|p2a: 3 Blind Mice\n|-boost|p2a: 3 Blind Mice|atk|1\n|-boost|p2a: 3 Blind Mice|spe|1\n|\n|-weather|Sandstorm|[upkeep]\n|-damage|p2a: 3 Blind Mice|82\/100|[from] Sandstorm\n|upkeep\n|turn|26\n|\n|t:|1698271761\n|move|p2a: 3 Blind Mice|Population Bomb|p1a: Sandy\n|-damage|p1a: Sandy|15\/100\n|-damage|p1a: Sandy|3\/100\n|-damage|p1a: Sandy|0 fnt\n|faint|p1a: Sandy\n|-hitcount|p1: Sandy|3\n|\n|-weather|Sandstorm|[upkeep]\n|-damage|p2a: 3 Blind Mice|76\/100|[from] Sandstorm\n|upkeep\n|\n|t:|1698271769\n|switch|p1a: That Dog|Gliscor, F, shiny|100\/100 tox\n|turn|27\n|\n|t:|1698271777\n|move|p2a: 3 Blind Mice|Population Bomb|p1a: That Dog\n|-crit|p1a: That Dog\n|-damage|p1a: That Dog|82\/100 tox\n|-damage|p1a: That Dog|69\/100 tox\n|-damage|p1a: That Dog|58\/100 tox\n|-crit|p1a: That Dog\n|-damage|p1a: That Dog|38\/100 tox\n|-damage|p1a: That Dog|25\/100 tox\n|-damage|p1a: That Dog|11\/100 tox\n|-damage|p1a: That Dog|0 fnt\n|faint|p1a: That Dog\n|-hitcount|p1: That Dog|7\n|\n|-weather|Sandstorm|[upkeep]\n|-damage|p2a: 3 Blind Mice|69\/100|[from] Sandstorm\n|upkeep\n|c|\u2606Lord Femboy|holy shi\n|\n|t:|1698271786\n|switch|p1a: Magearna|Magearna-Original|100\/100\n|turn|28\n|c|\u2606VloneVictini|go my children\n|\n|t:|1698271796\n|-terastallize|p2a: 3 Blind Mice|Normal\n|move|p2a: 3 Blind Mice|Population Bomb|p1a: Magearna\n|-resisted|p1a: Magearna\n|-damage|p1a: Magearna|88\/100\n|-resisted|p1a: Magearna\n|-damage|p1a: Magearna|76\/100\n|-resisted|p1a: Magearna\n|-crit|p1a: Magearna\n|-damage|p1a: Magearna|57\/100\n|-resisted|p1a: Magearna\n|-damage|p1a: Magearna|44\/100\n|-resisted|p1a: Magearna\n|-damage|p1a: Magearna|32\/100\n|-resisted|p1a: Magearna\n|-damage|p1a: Magearna|20\/100\n|-resisted|p1a: Magearna\n|-damage|p1a: Magearna|7\/100\n|-resisted|p1a: Magearna\n|-damage|p1a: Magearna|0 fnt\n|faint|p1a: Magearna\n|-hitcount|p1: Magearna|8\n|\n|-weather|Sandstorm|[upkeep]\n|-damage|p2a: 3 Blind Mice|63\/100|[from] Sandstorm\n|upkeep\n|\n|t:|1698271800\n|switch|p1a: Garganacl|Garganacl, F, tera:Fairy|16\/100\n|turn|29\n|\n|t:|1698271803\n|move|p2a: 3 Blind Mice|Population Bomb|p1a: Garganacl\n|-damage|p1a: Garganacl|0 fnt\n|faint|p1a: Garganacl\n|-hitcount|p1: Garganacl|1\n|\n|-weather|Sandstorm|[upkeep]\n|-damage|p2a: 3 Blind Mice|57\/100|[from] Sandstorm\n|upkeep\n|\n|t:|1698271805\n|switch|p1a: Fuck You|Blissey, F, shiny|96\/100\n|turn|30\n|\n|t:|1698271808\n|move|p2a: 3 Blind Mice|Population Bomb|p1a: Fuck You\n|-damage|p1a: Fuck You|69\/100\n|-damage|p1a: Fuck You|45\/100\n|-damage|p1a: Fuck You|19\/100\n|-damage|p1a: Fuck You|0 fnt\n|faint|p1a: Fuck You\n|-hitcount|p1: Fuck You|4\n|\n|win|VloneVictini\n|c|\u2606Lord Femboy|gg\n|c|\u2606VloneVictini|gg\n|l|\u2606Lord Femboy\n","uploadtime":1698271817,"views":10,"p1id":"lordfemboy","p2id":"vlonevictini","formatid":"gen9ubers","rating":0,"private":0,"password":""}