{"id":"gen9ubers-1975868113","p1":"Knguyen","p2":"Atreyu_Goku","format":"[Gen 9] Ubers","log":"|j|\u2606Knguyen\n|j|\u2606Atreyu_Goku\n|t:|1698245136\n|gametype|singles\n|player|p1|Knguyen|unknown|1143\n|player|p2|Atreyu_Goku|theroyal|1203\n|teamsize|p1|6\n|teamsize|p2|6\n|gen|9\n|tier|[Gen 9] Ubers\n|rated|\n|rule|Sleep Clause Mod: Limit one foe put to sleep\n|rule|Species Clause: Limit one of each Pok\u00e9mon\n|rule|OHKO Clause: OHKO moves are banned\n|rule|Evasion Items Clause: Evasion items are banned\n|rule|Evasion Moves Clause: Evasion moves are banned\n|rule|Endless Battle Clause: Forcing endless battles is banned\n|rule|HP Percentage Mod: HP is shown in percentages\n|clearpoke\n|poke|p1|Miraidon|\n|poke|p1|Rayquaza|\n|poke|p1|Roaring Moon|\n|poke|p1|Regieleki|\n|poke|p1|Annihilape, M|\n|poke|p1|Flutter Mane|\n|poke|p2|Baxcalibur, M|\n|poke|p2|Urshifu-*, M|\n|poke|p2|Torterra, F|\n|poke|p2|Kyogre|\n|poke|p2|Giratina|\n|poke|p2|Arceus-Ghost|\n|teampreview\n|inactive|Battle timer is ON: inactive players will automatically lose when time's up. (requested by Atreyu_Goku)\n|\n|t:|1698245145\n|start\n|switch|p1a: Rayquaza|Rayquaza, shiny|100\/100\n|switch|p2a: Torterra|Torterra, F|100\/100\n|-ability|p1a: Rayquaza|Air Lock\n|turn|1\n|\n|t:|1698245156\n|switch|p1a: Annihilape|Annihilape, M|100\/100\n|move|p2a: Torterra|Shell Smash|p2a: Torterra\n|-unboost|p2a: Torterra|def|1\n|-unboost|p2a: Torterra|spd|1\n|-boost|p2a: Torterra|atk|2\n|-boost|p2a: Torterra|spa|2\n|-boost|p2a: Torterra|spe|2\n|\n|upkeep\n|turn|2\n|\n|t:|1698245165\n|move|p2a: Torterra|Bullet Seed|p1a: Annihilape\n|-damage|p1a: Annihilape|72\/100\n|-damage|p1a: Annihilape|44\/100\n|-damage|p1a: Annihilape|15\/100\n|-damage|p1a: Annihilape|0 fnt\n|faint|p1a: Annihilape\n|-hitcount|p1: Annihilape|4\n|\n|upkeep\n|\n|t:|1698245173\n|switch|p1a: Flutter Mane|Flutter Mane|100\/100\n|turn|3\n|\n|t:|1698245179\n|move|p2a: Torterra|Bullet Seed|p1a: Flutter Mane\n|-damage|p1a: Flutter Mane|64\/100\n|-damage|p1a: Flutter Mane|24\/100\n|-damage|p1a: Flutter Mane|0 fnt\n|faint|p1a: Flutter Mane\n|-end|p1a: Flutter Mane|Protosynthesis|[silent]\n|-hitcount|p1: Flutter Mane|3\n|\n|upkeep\n|\n|t:|1698245187\n|switch|p1a: Regieleki|Regieleki|100\/100\n|turn|4\n|\n|t:|1698245193\n|move|p1a: Regieleki|Extreme Speed|p2a: Torterra\n|-damage|p2a: Torterra|73\/100\n|move|p2a: Torterra|Headlong Rush|p1a: Regieleki\n|-supereffective|p1a: Regieleki\n|-damage|p1a: Regieleki|0 fnt\n|-unboost|p2a: Torterra|def|1\n|-unboost|p2a: Torterra|spd|1\n|faint|p1a: Regieleki\n|\n|upkeep\n|\n|t:|1698245202\n|switch|p1a: Roaring Moon|Roaring Moon|100\/100\n|-enditem|p1a: Roaring Moon|Booster Energy\n|-activate|p1a: Roaring Moon|ability: Protosynthesis|[fromitem]\n|-start|p1a: Roaring Moon|protosynthesisatk\n|turn|5\n|\n|t:|1698245222\n|move|p2a: Torterra|Rock Blast|p1a: Roaring Moon\n|-damage|p1a: Roaring Moon|78\/100\n|-damage|p1a: Roaring Moon|56\/100\n|-damage|p1a: Roaring Moon|36\/100\n|-damage|p1a: Roaring Moon|16\/100\n|-damage|p1a: Roaring Moon|0 fnt\n|faint|p1a: Roaring Moon\n|-end|p1a: Roaring Moon|Protosynthesis|[silent]\n|-hitcount|p1: Roaring Moon|5\n|\n|upkeep\n|\n|t:|1698245233\n|switch|p1a: Miraidon|Miraidon|100\/100\n|-fieldstart|move: Electric Terrain|[from] ability: Hadron Engine|[of] p1a: Miraidon\n|turn|6\n|c|\u2606Atreyu_Goku|Torterra sweep!!!!\n|\n|t:|1698245248\n|move|p2a: Torterra|Headlong Rush|p1a: Miraidon\n|-supereffective|p1a: Miraidon\n|-damage|p1a: Miraidon|0 fnt\n|-unboost|p2a: Torterra|def|1\n|-unboost|p2a: Torterra|spd|1\n|faint|p1a: Miraidon\n|\n|upkeep\n|\n|t:|1698245255\n|switch|p1a: Rayquaza|Rayquaza, shiny|100\/100\n|-ability|p1a: Rayquaza|Air Lock\n|turn|7\n|\n|t:|1698245264\n|move|p2a: Torterra|Rock Blast|p1a: Rayquaza\n|-supereffective|p1a: Rayquaza\n|-damage|p1a: Rayquaza|68\/100\n|-supereffective|p1a: Rayquaza\n|-damage|p1a: Rayquaza|30\/100\n|-supereffective|p1a: Rayquaza\n|-damage|p1a: Rayquaza|0 fnt\n|faint|p1a: Rayquaza\n|-hitcount|p1: Rayquaza|3\n|\n|win|Atreyu_Goku\n|raw|Knguyen's rating: 1143 &rarr; <strong>1122<\/strong><br \/>(-21 for losing)\n|raw|Atreyu_Goku's rating: 1203 &rarr; <strong>1224<\/strong><br \/>(+21 for winning)\n","uploadtime":1698245276,"views":7,"p1id":"knguyen","p2id":"atreyugoku","formatid":"gen9ubers","rating":1122,"private":0,"password":""}