{"id":"gen9ubers-1977784693","p1":"HombreYeet","p2":"abieloto","format":"[Gen 9] Ubers","log":"|j|\u2606HombreYeet\n|j|\u2606abieloto\n|t:|1698449244\n|gametype|singles\n|player|p1|HombreYeet|n|\n|player|p2|abieloto|elesa|\n|teamsize|p1|6\n|teamsize|p2|6\n|gen|9\n|tier|[Gen 9] Ubers\n|rule|Sleep Clause Mod: Limit one foe put to sleep\n|rule|Species Clause: Limit one of each Pok\u00e9mon\n|rule|OHKO Clause: OHKO moves are banned\n|rule|Evasion Items Clause: Evasion items are banned\n|rule|Evasion Moves Clause: Evasion moves are banned\n|rule|Endless Battle Clause: Forcing endless battles is banned\n|rule|HP Percentage Mod: HP is shown in percentages\n|clearpoke\n|poke|p1|Urshifu-*, F|\n|poke|p1|Chi-Yu|\n|poke|p1|Magearna|\n|poke|p1|Zacian-*|\n|poke|p1|Gliscor, M|\n|poke|p1|Giratina|\n|poke|p2|Basculegion-F, F|\n|poke|p2|Urshifu-*, F|\n|poke|p2|Giratina|\n|poke|p2|Volcarona, M|\n|poke|p2|Magearna|\n|poke|p2|Pelipper, F|\n|teampreview\n|\n|t:|1698449300\n|start\n|switch|p1a: that dawg|Zacian|100\/100\n|switch|p2a: Urshifu|Urshifu, F|100\/100\n|-ability|p1a: that dawg|Intrepid Sword|boost\n|-boost|p1a: that dawg|atk|1\n|turn|1\n|\n|t:|1698449318\n|move|p2a: Urshifu|U-turn|p1a: that dawg\n|-resisted|p1a: that dawg\n|-damage|p1a: that dawg|89\/100\n|\n|t:|1698449322\n|switch|p2a: Volcarona|Volcarona, M|100\/100|[from] U-turn\n|move|p1a: that dawg|Play Rough|p2a: Volcarona\n|-resisted|p2a: Volcarona\n|-damage|p2a: Volcarona|59\/100\n|\n|upkeep\n|turn|2\n|\n|t:|1698449364\n|switch|p1a: Tina :vine_thud:|Giratina|100\/100\n|-ability|p1a: Tina :vine_thud:|Pressure\n|move|p2a: Volcarona|Quiver Dance|p2a: Volcarona\n|-boost|p2a: Volcarona|spa|1\n|-boost|p2a: Volcarona|spd|1\n|-boost|p2a: Volcarona|spe|1\n|\n|upkeep\n|turn|3\n|\n|t:|1698449376\n|move|p2a: Volcarona|Quiver Dance|p2a: Volcarona\n|-boost|p2a: Volcarona|spa|1\n|-boost|p2a: Volcarona|spd|1\n|-boost|p2a: Volcarona|spe|1\n|move|p1a: Tina :vine_thud:|Dragon Tail|p2a: Volcarona|[miss]\n|-miss|p1a: Tina :vine_thud:|p2a: Volcarona\n|\n|upkeep\n|turn|4\n|\n|t:|1698449394\n|move|p2a: Volcarona|Will-O-Wisp|p1a: Tina :vine_thud:\n|-status|p1a: Tina :vine_thud:|brn\n|move|p1a: Tina :vine_thud:|Dragon Tail|p2a: Volcarona|[miss]\n|-miss|p1a: Tina :vine_thud:|p2a: Volcarona\n|\n|-damage|p1a: Tina :vine_thud:|94\/100 brn|[from] brn\n|upkeep\n|turn|5\n|\n|t:|1698449411\n|move|p2a: Volcarona|Flamethrower|p1a: Tina :vine_thud:\n|-resisted|p1a: Tina :vine_thud:\n|-damage|p1a: Tina :vine_thud:|77\/100 brn\n|move|p1a: Tina :vine_thud:|Dragon Tail|p2a: Volcarona|[miss]\n|-miss|p1a: Tina :vine_thud:|p2a: Volcarona\n|\n|-damage|p1a: Tina :vine_thud:|71\/100 brn|[from] brn\n|upkeep\n|turn|6\n|\n|t:|1698449425\n|move|p2a: Volcarona|Flamethrower|p1a: Tina :vine_thud:\n|-resisted|p1a: Tina :vine_thud:\n|-damage|p1a: Tina :vine_thud:|54\/100 brn\n|move|p1a: Tina :vine_thud:|Dragon Tail|p2a: Volcarona|[miss]\n|-miss|p1a: Tina :vine_thud:|p2a: Volcarona\n|\n|-damage|p1a: Tina :vine_thud:|48\/100 brn|[from] brn\n|upkeep\n|turn|7\n|\n|t:|1698449445\n|move|p2a: Volcarona|Flamethrower|p1a: Tina :vine_thud:\n|-resisted|p1a: Tina :vine_thud:\n|-damage|p1a: Tina :vine_thud:|32\/100 brn\n|move|p1a: Tina :vine_thud:|Rest|p1a: Tina :vine_thud:\n|-status|p1a: Tina :vine_thud:|slp|[from] move: Rest\n|-heal|p1a: Tina :vine_thud:|100\/100 slp|[silent]\n|\n|upkeep\n|turn|8\n|\n|t:|1698449472\n|switch|p2a: Urshifu|Urshifu, F|100\/100\n|cant|p1a: Tina :vine_thud:|slp\n|\n|upkeep\n|turn|9\n|l|\u2606HombreYeet\n|player|p1|\n|j|\u2606HombreYeet\n|player|p1|HombreYeet|n\n|\n|t:|1698449628\n|-terastallize|p1a: Tina :vine_thud:|Fairy\n|move|p2a: Urshifu|Close Combat|p1a: Tina :vine_thud:\n|-resisted|p1a: Tina :vine_thud:\n|-damage|p1a: Tina :vine_thud:|81\/100 slp\n|-unboost|p2a: Urshifu|def|1\n|-unboost|p2a: Urshifu|spd|1\n|cant|p1a: Tina :vine_thud:|slp\n|\n|upkeep\n|turn|10\n|\n|t:|1698449649\n|switch|p2a: Magearna|Magearna|100\/100\n|-curestatus|p1a: Tina :vine_thud:|slp|[msg]\n|move|p1a: Tina :vine_thud:|Will-O-Wisp|p2a: Magearna\n|-status|p2a: Magearna|brn\n|\n|-damage|p2a: Magearna|94\/100 brn|[from] brn\n|upkeep\n|turn|11\n|\n|t:|1698449663\n|switch|p1a: \u261d\ufe0f\ud83e\udd13|Chi-Yu|100\/100\n|-ability|p1a: \u261d\ufe0f\ud83e\udd13|Beads of Ruin\n|move|p2a: Magearna|Calm Mind|p2a: Magearna\n|-boost|p2a: Magearna|spa|1\n|-boost|p2a: Magearna|spd|1\n|\n|-heal|p2a: Magearna|100\/100 brn|[from] item: Leftovers\n|-damage|p2a: Magearna|94\/100 brn|[from] brn\n|upkeep\n|turn|12\n|\n|t:|1698449682\n|-terastallize|p2a: Magearna|Water\n|move|p1a: \u261d\ufe0f\ud83e\udd13|Flamethrower|p2a: Magearna\n|-resisted|p2a: Magearna\n|-crit|p2a: Magearna\n|-damage|p2a: Magearna|32\/100 brn\n|move|p2a: Magearna|Calm Mind|p2a: Magearna\n|-boost|p2a: Magearna|spa|1\n|-boost|p2a: Magearna|spd|1\n|\n|-heal|p2a: Magearna|38\/100 brn|[from] item: Leftovers\n|-damage|p2a: Magearna|32\/100 brn|[from] brn\n|upkeep\n|turn|13\n|\n|t:|1698449714\n|move|p1a: \u261d\ufe0f\ud83e\udd13|Flamethrower|p2a: Magearna\n|-resisted|p2a: Magearna\n|-damage|p2a: Magearna|12\/100 brn\n|move|p2a: Magearna|Draining Kiss|p1a: \u261d\ufe0f\ud83e\udd13\n|-damage|p1a: \u261d\ufe0f\ud83e\udd13|53\/100\n|-heal|p2a: Magearna|37\/100 brn|[from] drain|[of] p1a: \u261d\ufe0f\ud83e\udd13\n|\n|-heal|p2a: Magearna|43\/100 brn|[from] item: Leftovers\n|-damage|p2a: Magearna|37\/100 brn|[from] brn\n|upkeep\n|turn|14\n|\n|t:|1698449730\n|switch|p1a: Tina :vine_thud:|Giratina, tera:Fairy|81\/100\n|-ability|p1a: Tina :vine_thud:|Pressure\n|move|p2a: Magearna|Draining Kiss|p1a: Tina :vine_thud:\n|-damage|p1a: Tina :vine_thud:|62\/100\n|-heal|p2a: Magearna|57\/100 brn|[from] drain|[of] p1a: Tina :vine_thud:\n|\n|-heal|p2a: Magearna|63\/100 brn|[from] item: Leftovers\n|-damage|p2a: Magearna|57\/100 brn|[from] brn\n|upkeep\n|turn|15\n|\n|t:|1698449783\n|move|p1a: Tina :vine_thud:|Rest|p1a: Tina :vine_thud:\n|-status|p1a: Tina :vine_thud:|slp|[from] move: Rest\n|-heal|p1a: Tina :vine_thud:|100\/100 slp|[silent]\n|move|p2a: Magearna|Draining Kiss|p1a: Tina :vine_thud:\n|-damage|p1a: Tina :vine_thud:|83\/100 slp\n|-heal|p2a: Magearna|75\/100 brn|[from] drain|[of] p1a: Tina :vine_thud:\n|\n|-heal|p2a: Magearna|81\/100 brn|[from] item: Leftovers\n|-damage|p2a: Magearna|75\/100 brn|[from] brn\n|upkeep\n|turn|16\n|\n|t:|1698449801\n|switch|p1a: that dawg|Zacian|89\/100\n|move|p2a: Magearna|Calm Mind|p2a: Magearna\n|-boost|p2a: Magearna|spa|1\n|-boost|p2a: Magearna|spd|1\n|\n|-heal|p2a: Magearna|81\/100 brn|[from] item: Leftovers\n|-damage|p2a: Magearna|75\/100 brn|[from] brn\n|upkeep\n|turn|17\n|\n|t:|1698449811\n|move|p1a: that dawg|Wild Charge|p2a: Magearna\n|-supereffective|p2a: Magearna\n|-damage|p2a: Magearna|18\/100 brn\n|-damage|p1a: that dawg|73\/100|[from] Recoil\n|move|p2a: Magearna|Stored Power|p1a: that dawg\n|-damage|p1a: that dawg|0 fnt\n|faint|p1a: that dawg\n|-ability|p2a: Magearna|Soul-Heart|boost\n|-boost|p2a: Magearna|spa|1\n|\n|-heal|p2a: Magearna|24\/100 brn|[from] item: Leftovers\n|-damage|p2a: Magearna|18\/100 brn|[from] brn\n|upkeep\n|\n|t:|1698449837\n|switch|p1a: Po Shiesty|Urshifu, F|100\/100\n|turn|18\n|\n|t:|1698449841\n|move|p1a: Po Shiesty|Wicked Blow|p2a: Magearna\n|-crit|p2a: Magearna\n|-damage|p2a: Magearna|0 fnt\n|faint|p2a: Magearna\n|\n|upkeep\n|\n|t:|1698449847\n|switch|p2a: Volcarona|Volcarona, M|59\/100\n|turn|19\n|\n|t:|1698449862\n|move|p1a: Po Shiesty|Wicked Blow|p2a: Volcarona\n|-crit|p2a: Volcarona\n|-damage|p2a: Volcarona|0 fnt\n|faint|p2a: Volcarona\n|\n|upkeep\n|\n|t:|1698449868\n|switch|p2a: Urshifu|Urshifu, F|100\/100\n|turn|20\n|\n|t:|1698449897\n|switch|p1a: Tina :vine_thud:|Giratina, tera:Fairy|83\/100 slp\n|-ability|p1a: Tina :vine_thud:|Pressure\n|move|p2a: Urshifu|U-turn|p1a: Tina :vine_thud:\n|-resisted|p1a: Tina :vine_thud:\n|-damage|p1a: Tina :vine_thud:|76\/100 slp\n|\n|t:|1698449907\n|switch|p2a: Giratina|Giratina|100\/100|[from] U-turn\n|-ability|p2a: Giratina|Pressure\n|\n|upkeep\n|turn|21\n|\n|t:|1698449913\n|move|p2a: Giratina|Hex|p1a: Tina :vine_thud:\n|-damage|p1a: Tina :vine_thud:|56\/100 slp\n|cant|p1a: Tina :vine_thud:|slp\n|\n|upkeep\n|turn|22\n|\n|t:|1698449918\n|move|p2a: Giratina|Hex|p1a: Tina :vine_thud:\n|-damage|p1a: Tina :vine_thud:|38\/100 slp\n|cant|p1a: Tina :vine_thud:|slp\n|\n|upkeep\n|turn|23\n|\n|t:|1698449923\n|-curestatus|p1a: Tina :vine_thud:|slp|[msg]\n|move|p1a: Tina :vine_thud:|Rest|p1a: Tina :vine_thud:\n|-status|p1a: Tina :vine_thud:|slp|[from] move: Rest\n|-heal|p1a: Tina :vine_thud:|100\/100 slp|[silent]\n|move|p2a: Giratina|Hex|p1a: Tina :vine_thud:\n|-damage|p1a: Tina :vine_thud:|80\/100 slp\n|\n|upkeep\n|turn|24\n|\n|t:|1698449931\n|move|p2a: Giratina|Hex|p1a: Tina :vine_thud:\n|-damage|p1a: Tina :vine_thud:|62\/100 slp\n|cant|p1a: Tina :vine_thud:|slp\n|\n|upkeep\n|turn|25\n|\n|t:|1698449935\n|move|p2a: Giratina|Hex|p1a: Tina :vine_thud:\n|-damage|p1a: Tina :vine_thud:|41\/100 slp\n|cant|p1a: Tina :vine_thud:|slp\n|\n|upkeep\n|turn|26\n|\n|t:|1698449940\n|move|p2a: Giratina|Hex|p1a: Tina :vine_thud:\n|-damage|p1a: Tina :vine_thud:|22\/100 slp\n|-curestatus|p1a: Tina :vine_thud:|slp|[msg]\n|move|p1a: Tina :vine_thud:|Dragon Tail|p2a: Giratina\n|-supereffective|p2a: Giratina\n|-damage|p2a: Giratina|77\/100\n|drag|p2a: Urshifu|Urshifu, F|100\/100\n|\n|upkeep\n|turn|27\n|\n|t:|1698449964\n|move|p2a: Urshifu|U-turn|p1a: Tina :vine_thud:\n|-resisted|p1a: Tina :vine_thud:\n|-damage|p1a: Tina :vine_thud:|15\/100\n|\n|t:|1698450003\n|switch|p2a: Giratina|Giratina|77\/100|[from] U-turn\n|-ability|p2a: Giratina|Pressure\n|move|p1a: Tina :vine_thud:|Rest|p1a: Tina :vine_thud:\n|-status|p1a: Tina :vine_thud:|slp|[from] move: Rest\n|-heal|p1a: Tina :vine_thud:|100\/100 slp|[silent]\n|\n|upkeep\n|turn|28\n|\n|t:|1698450027\n|switch|p1a: Po Shiesty|Urshifu, F|100\/100\n|move|p2a: Giratina|Hex|p1a: Po Shiesty\n|-resisted|p1a: Po Shiesty\n|-damage|p1a: Po Shiesty|84\/100\n|\n|upkeep\n|turn|29\n|\n|t:|1698450033\n|move|p1a: Po Shiesty|Wicked Blow|p2a: Giratina\n|-supereffective|p2a: Giratina\n|-crit|p2a: Giratina\n|-damage|p2a: Giratina|0 fnt\n|faint|p2a: Giratina\n|\n|upkeep\n|\n|t:|1698450036\n|switch|p2a: Urshifu|Urshifu, F|100\/100\n|turn|30\n|\n|t:|1698450040\n|switch|p1a: Tina :vine_thud:|Giratina, tera:Fairy|100\/100 slp\n|-ability|p1a: Tina :vine_thud:|Pressure\n|move|p2a: Urshifu|Close Combat|p1a: Tina :vine_thud:\n|-resisted|p1a: Tina :vine_thud:\n|-damage|p1a: Tina :vine_thud:|81\/100 slp\n|-unboost|p2a: Urshifu|def|1\n|-unboost|p2a: Urshifu|spd|1\n|\n|upkeep\n|turn|31\n|\n|t:|1698450050\n|switch|p2a: Pelipper|Pelipper, F|100\/100\n|-weather|RainDance|[from] ability: Drizzle|[of] p2a: Pelipper\n|cant|p1a: Tina :vine_thud:|slp\n|\n|-weather|RainDance|[upkeep]\n|upkeep\n|turn|32\n|\n|t:|1698450072\n|move|p2a: Pelipper|U-turn|p1a: Tina :vine_thud:\n|-resisted|p1a: Tina :vine_thud:\n|-damage|p1a: Tina :vine_thud:|78\/100 slp\n|\n|t:|1698450092\n|switch|p2a: Basculegion|Basculegion-F, F|100\/100|[from] U-turn\n|cant|p1a: Tina :vine_thud:|slp\n|\n|-weather|RainDance|[upkeep]\n|upkeep\n|turn|33\n|\n|t:|1698450099\n|move|p2a: Basculegion|Last Respects|p1a: Tina :vine_thud:\n|-damage|p1a: Tina :vine_thud:|7\/100 slp\n|-curestatus|p1a: Tina :vine_thud:|slp|[msg]\n|move|p1a: Tina :vine_thud:|Dragon Tail|p2a: Basculegion\n|-damage|p2a: Basculegion|76\/100\n|drag|p2a: Urshifu|Urshifu, F|100\/100\n|\n|-weather|RainDance|[upkeep]\n|upkeep\n|turn|34\n|\n|t:|1698450109\n|move|p2a: Urshifu|Close Combat|p1a: Tina :vine_thud:\n|-resisted|p1a: Tina :vine_thud:\n|-damage|p1a: Tina :vine_thud:|0 fnt\n|-unboost|p2a: Urshifu|def|1\n|-unboost|p2a: Urshifu|spd|1\n|faint|p1a: Tina :vine_thud:\n|\n|-weather|RainDance|[upkeep]\n|upkeep\n|\n|t:|1698450177\n|switch|p1a: drag mag|Magearna|100\/100\n|turn|35\n|\n|t:|1698450188\n|switch|p2a: Pelipper|Pelipper, F|100\/100\n|move|p1a: drag mag|Calm Mind|p1a: drag mag\n|-boost|p1a: drag mag|spa|1\n|-boost|p1a: drag mag|spd|1\n|\n|-weather|RainDance|[upkeep]\n|upkeep\n|turn|36\n|\n|t:|1698450213\n|move|p1a: drag mag|Calm Mind|p1a: drag mag\n|-boost|p1a: drag mag|spa|1\n|-boost|p1a: drag mag|spd|1\n|move|p2a: Pelipper|U-turn|p1a: drag mag\n|-resisted|p1a: drag mag\n|-damage|p1a: drag mag|99\/100\n|\n|t:|1698450216\n|switch|p2a: Basculegion|Basculegion-F, F|76\/100|[from] U-turn\n|\n|-weather|RainDance|[upkeep]\n|-heal|p1a: drag mag|100\/100|[from] item: Leftovers\n|upkeep\n|turn|37\n|\n|t:|1698450227\n|move|p2a: Basculegion|Last Respects|p1a: drag mag\n|-damage|p1a: drag mag|27\/100\n|move|p1a: drag mag|Draining Kiss|p2a: Basculegion\n|-damage|p2a: Basculegion|25\/100\n|-heal|p1a: drag mag|67\/100|[from] drain|[of] p2a: Basculegion\n|\n|-weather|RainDance|[upkeep]\n|-heal|p1a: drag mag|74\/100|[from] item: Leftovers\n|upkeep\n|turn|38\n|\n|t:|1698450237\n|move|p2a: Basculegion|Last Respects|p1a: drag mag\n|-damage|p1a: drag mag|2\/100\n|move|p1a: drag mag|Draining Kiss|p2a: Basculegion\n|-damage|p2a: Basculegion|0 fnt\n|-heal|p1a: drag mag|22\/100|[from] drain|[of] p2a: Basculegion\n|faint|p2a: Basculegion\n|-ability|p1a: drag mag|Soul-Heart|boost\n|-boost|p1a: drag mag|spa|1\n|\n|-weather|none\n|-heal|p1a: drag mag|28\/100|[from] item: Leftovers\n|upkeep\n|\n|t:|1698450252\n|switch|p2a: Urshifu|Urshifu, F|100\/100\n|turn|39\n|\n|t:|1698450262\n|move|p2a: Urshifu|Close Combat|p1a: drag mag\n|-damage|p1a: drag mag|0 fnt\n|-unboost|p2a: Urshifu|def|1\n|-unboost|p2a: Urshifu|spd|1\n|faint|p1a: drag mag\n|\n|upkeep\n|\n|t:|1698450285\n|switch|p1a: band4band w\/ lando|Gliscor, M|100\/100\n|turn|40\n|\n|t:|1698450289\n|switch|p2a: Pelipper|Pelipper, F|100\/100\n|-weather|RainDance|[from] ability: Drizzle|[of] p2a: Pelipper\n|move|p1a: band4band w\/ lando|Protect||[still]\n|-fail|p1a: band4band w\/ lando\n|\n|-weather|RainDance|[upkeep]\n|-status|p1a: band4band w\/ lando|tox|[from] item: Toxic Orb\n|upkeep\n|turn|41\n|\n|t:|1698450312\n|move|p1a: band4band w\/ lando|Toxic|p2a: Pelipper\n|-status|p2a: Pelipper|tox\n|move|p2a: Pelipper|Hurricane|p1a: band4band w\/ lando\n|-damage|p1a: band4band w\/ lando|60\/100 tox\n|\n|-weather|RainDance|[upkeep]\n|-heal|p1a: band4band w\/ lando|72\/100 tox|[from] ability: Poison Heal\n|-damage|p2a: Pelipper|94\/100 tox|[from] psn\n|upkeep\n|turn|42\n|\n|t:|1698450321\n|move|p1a: band4band w\/ lando|Spikes|p2a: Pelipper\n|-sidestart|p2: abieloto|Spikes\n|move|p2a: Pelipper|Hurricane|p1a: band4band w\/ lando\n|-damage|p1a: band4band w\/ lando|28\/100 tox\n|\n|-weather|RainDance|[upkeep]\n|-heal|p1a: band4band w\/ lando|41\/100 tox|[from] ability: Poison Heal\n|-damage|p2a: Pelipper|82\/100 tox|[from] psn\n|upkeep\n|turn|43\n|\n|t:|1698450331\n|move|p1a: band4band w\/ lando|Protect|p1a: band4band w\/ lando\n|-singleturn|p1a: band4band w\/ lando|Protect\n|move|p2a: Pelipper|Hurricane|p1a: band4band w\/ lando\n|-activate|p1a: band4band w\/ lando|move: Protect\n|\n|-weather|RainDance|[upkeep]\n|-heal|p1a: band4band w\/ lando|53\/100 tox|[from] ability: Poison Heal\n|-damage|p2a: Pelipper|63\/100 tox|[from] psn\n|upkeep\n|turn|44\n|\n|t:|1698450339\n|move|p1a: band4band w\/ lando|Spikes|p2a: Pelipper\n|-sidestart|p2: abieloto|Spikes\n|move|p2a: Pelipper|Hurricane|p1a: band4band w\/ lando\n|-damage|p1a: band4band w\/ lando|6\/100 tox\n|\n|-weather|RainDance|[upkeep]\n|-heal|p1a: band4band w\/ lando|19\/100 tox|[from] ability: Poison Heal\n|-damage|p2a: Pelipper|39\/100 tox|[from] psn\n|upkeep\n|turn|45\n|\n|t:|1698450347\n|move|p1a: band4band w\/ lando|Protect|p1a: band4band w\/ lando\n|-singleturn|p1a: band4band w\/ lando|Protect\n|move|p2a: Pelipper|Roost|p2a: Pelipper\n|-heal|p2a: Pelipper|89\/100 tox\n|-singleturn|p2a: Pelipper|move: Roost\n|\n|-weather|RainDance|[upkeep]\n|-heal|p1a: band4band w\/ lando|31\/100 tox|[from] ability: Poison Heal\n|-damage|p2a: Pelipper|58\/100 tox|[from] psn\n|upkeep\n|turn|46\n|\n|t:|1698450359\n|move|p1a: band4band w\/ lando|Spikes|p2a: Pelipper\n|-sidestart|p2: abieloto|Spikes\n|move|p2a: Pelipper|Hurricane|p1a: band4band w\/ lando\n|-damage|p1a: band4band w\/ lando|0 fnt\n|faint|p1a: band4band w\/ lando\n|\n|-weather|RainDance|[upkeep]\n|-damage|p2a: Pelipper|21\/100 tox|[from] psn\n|upkeep\n|\n|t:|1698450545\n|switch|p1a: \u261d\ufe0f\ud83e\udd13|Chi-Yu|53\/100\n|-ability|p1a: \u261d\ufe0f\ud83e\udd13|Beads of Ruin\n|turn|47\n|\n|t:|1698450563\n|switch|p2a: Urshifu|Urshifu, F|100\/100\n|-damage|p2a: Urshifu|76\/100|[from] Spikes\n|move|p1a: \u261d\ufe0f\ud83e\udd13|Flamethrower|p2a: Urshifu\n|-damage|p2a: Urshifu|8\/100\n|\n|-weather|none\n|upkeep\n|turn|48\n|\n|t:|1698450591\n|move|p2a: Urshifu|U-turn|p1a: \u261d\ufe0f\ud83e\udd13\n|-damage|p1a: \u261d\ufe0f\ud83e\udd13|12\/100\n|\n|t:|1698450648\n|switch|p2a: Pelipper|Pelipper, F|21\/100 tox|[from] U-turn\n|-weather|RainDance|[from] ability: Drizzle|[of] p2a: Pelipper\n|move|p1a: \u261d\ufe0f\ud83e\udd13|Flamethrower|p2a: Pelipper\n|-resisted|p2a: Pelipper\n|-damage|p2a: Pelipper|0 fnt\n|faint|p2a: Pelipper\n|\n|-weather|RainDance|[upkeep]\n|upkeep\n|\n|t:|1698450650\n|switch|p2a: Urshifu|Urshifu, F|8\/100\n|-damage|p2a: Urshifu|0 fnt|[from] Spikes\n|faint|p2a: Urshifu\n|\n|win|HombreYeet\n","uploadtime":1698450683,"views":15,"p1id":"hombreyeet","p2id":"abieloto","formatid":"gen9ubers","rating":0,"private":0,"password":""}