{"id":"gen9ubers-1989417889","p1":"corvere\u2665","p2":"Taka","format":"[Gen 9] Ubers","log":"|j|\u2606corvere\u2665\n|j|\u2606Taka\n|t:|1699847645\n|gametype|singles\n|player|p1|corvere\u2665|anthea|\n|player|p2|Taka|#puplixmaadcitymagmortars|\n|teamsize|p1|6\n|teamsize|p2|6\n|gen|9\n|tier|[Gen 9] Ubers\n|rated|Tournament battle\n|rule|Sleep Clause Mod: Limit one foe put to sleep\n|rule|Species Clause: Limit one of each Pok\u00e9mon\n|rule|OHKO Clause: OHKO moves are banned\n|rule|Evasion Items Clause: Evasion items are banned\n|rule|Evasion Moves Clause: Evasion moves are banned\n|rule|Endless Battle Clause: Forcing endless battles is banned\n|rule|HP Percentage Mod: HP is shown in percentages\n|clearpoke\n|poke|p1|Great Tusk|\n|poke|p1|Koraidon|\n|poke|p1|Rayquaza|\n|poke|p1|Baxcalibur, F|\n|poke|p1|Zacian-*|\n|poke|p1|Arceus-Ground|\n|poke|p2|Ribombee, F|\n|poke|p2|Zacian-*|\n|poke|p2|Arceus-Ground|\n|poke|p2|Koraidon|\n|poke|p2|Zamazenta-*|\n|poke|p2|Flutter Mane|\n|teampreview\n|inactive|Battle timer is ON: inactive players will automatically lose when time's up. (requested by Taka)\n|inactive|corvere\u2665 also wants the timer to be on.\n|\n|t:|1699847656\n|start\n|switch|p1a: Baxcalibur|Baxcalibur, F|100\/100\n|switch|p2a: Ribombee|Ribombee, F|100\/100\n|turn|1\n|\n|t:|1699847663\n|move|p2a: Ribombee|Quiver Dance|p2a: Ribombee\n|-boost|p2a: Ribombee|spa|1\n|-boost|p2a: Ribombee|spd|1\n|-boost|p2a: Ribombee|spe|1\n|move|p1a: Baxcalibur|Dragon Dance|p1a: Baxcalibur\n|-boost|p1a: Baxcalibur|atk|1\n|-boost|p1a: Baxcalibur|spe|1\n|\n|upkeep\n|turn|2\n|\n|t:|1699847673\n|-terastallize|p1a: Baxcalibur|Fairy\n|move|p2a: Ribombee|Sticky Web|p1a: Baxcalibur\n|-sidestart|p1: corvere\u2665|move: Sticky Web\n|move|p1a: Baxcalibur|Dragon Dance|p1a: Baxcalibur\n|-boost|p1a: Baxcalibur|atk|1\n|-boost|p1a: Baxcalibur|spe|1\n|\n|upkeep\n|turn|3\n|\n|t:|1699847681\n|move|p1a: Baxcalibur|Icicle Spear|p2a: Ribombee\n|-crit|p2a: Ribombee\n|-damage|p2a: Ribombee|19\/100\n|-damage|p2a: Ribombee|0 fnt\n|faint|p2a: Ribombee\n|-hitcount|p2: Ribombee|2\n|\n|upkeep\n|\n|t:|1699847700\n|switch|p2a: Zacian|Zacian-Crowned|100\/100\n|-ability|p2a: Zacian|Intrepid Sword|boost\n|-boost|p2a: Zacian|atk|1\n|turn|4\n|\n|t:|1699847709\n|-terastallize|p2a: Zacian|Fighting\n|move|p1a: Baxcalibur|Scale Shot|p2a: Zacian\n|-damage|p2a: Zacian|72\/100\n|-damage|p2a: Zacian|48\/100\n|-damage|p2a: Zacian|20\/100\n|-damage|p2a: Zacian|0 fnt\n|faint|p2a: Zacian\n|-hitcount|p2: Zacian|4\n|-unboost|p1a: Baxcalibur|def|1\n|-boost|p1a: Baxcalibur|spe|1\n|\n|upkeep\n|\n|t:|1699847720\n|switch|p2a: Zamazenta|Zamazenta-Crowned|100\/100\n|-ability|p2a: Zamazenta|Dauntless Shield|boost\n|-boost|p2a: Zamazenta|def|1\n|turn|5\n|\n|t:|1699847726\n|move|p1a: Baxcalibur|Icicle Spear|p2a: Zamazenta\n|-resisted|p2a: Zamazenta\n|-damage|p2a: Zamazenta|93\/100\n|-resisted|p2a: Zamazenta\n|-damage|p2a: Zamazenta|86\/100\n|-resisted|p2a: Zamazenta\n|-crit|p2a: Zamazenta\n|-damage|p2a: Zamazenta|71\/100\n|-resisted|p2a: Zamazenta\n|-damage|p2a: Zamazenta|63\/100\n|-resisted|p2a: Zamazenta\n|-crit|p2a: Zamazenta\n|-damage|p2a: Zamazenta|48\/100\n|-hitcount|p2a: Zamazenta|5\n|move|p2a: Zamazenta|Behemoth Bash|p1a: Baxcalibur\n|-supereffective|p1a: Baxcalibur\n|-damage|p1a: Baxcalibur|0 fnt\n|faint|p1a: Baxcalibur\n|\n|upkeep\n|c|\u2606corvere\u2665|DUDE\n|c|\u2606corvere\u2665|I FORGOT ITS PART STEEL\n|c|\u2606corvere\u2665|OH MY GOD\n|c|\u2606corvere\u2665|lmfao.\n|c|\u2606Taka|wait\n|c|\u2606Taka|this guy lives eq\n|c|\u2606Taka|why did i sack zac + tera\n|inactive|corvere\u2665 has 120 seconds left.\n|c|\u2606corvere\u2665|oh my god\n|c|\u2606corvere\u2665|were both so stupid\n|c|\u2606corvere\u2665|LOL\n|c|\u2606Taka|LOL\n|\n|t:|1699847772\n|switch|p1a: Great Tusk|Great Tusk|100\/100\n|-activate|p1a: Great Tusk|move: Sticky Web\n|-unboost|p1a: Great Tusk|spe|1\n|-enditem|p1a: Great Tusk|Booster Energy\n|-activate|p1a: Great Tusk|ability: Protosynthesis|[fromitem]\n|-start|p1a: Great Tusk|protosynthesisatk\n|turn|6\n|\n|t:|1699847784\n|move|p2a: Zamazenta|Iron Defense|p2a: Zamazenta\n|-boost|p2a: Zamazenta|def|2\n|move|p1a: Great Tusk|Headlong Rush|p2a: Zamazenta\n|-supereffective|p2a: Zamazenta\n|-damage|p2a: Zamazenta|11\/100\n|-unboost|p1a: Great Tusk|def|1\n|-unboost|p1a: Great Tusk|spd|1\n|\n|upkeep\n|turn|7\n|c|\u2606corvere\u2665|0\n|c|\u2606corvere\u2665|wtf\n|c|\u2606corvere\u2665|!\n|\n|t:|1699847794\n|move|p2a: Zamazenta|Body Press|p1a: Great Tusk\n|-damage|p1a: Great Tusk|19\/100\n|move|p1a: Great Tusk|Rapid Spin|p2a: Zamazenta\n|-resisted|p2a: Zamazenta\n|-damage|p2a: Zamazenta|8\/100\n|-boost|p1a: Great Tusk|spe|1\n|-sideend|p1: corvere\u2665|Sticky Web|[from] move: Rapid Spin|[of] p1a: Great Tusk\n|\n|upkeep\n|turn|8\n|j|+Rhmsitb\n|\n|t:|1699847801\n|move|p2a: Zamazenta|Body Press|p1a: Great Tusk\n|-damage|p1a: Great Tusk|0 fnt\n|faint|p1a: Great Tusk\n|-end|p1a: Great Tusk|Protosynthesis|[silent]\n|\n|upkeep\n|\n|t:|1699847807\n|switch|p1a: Koraidon|Koraidon|100\/100\n|-weather|SunnyDay|[from] ability: Orichalcum Pulse|[of] p1a: Koraidon\n|-activate|p1a: Koraidon|Orichalcum Pulse|[source]\n|turn|9\n|\n|t:|1699847812\n|switch|p2a: Flutter Mane|Flutter Mane|100\/100\n|-activate|p2a: Flutter Mane|ability: Protosynthesis\n|-start|p2a: Flutter Mane|protosynthesisspe\n|move|p1a: Koraidon|Flame Charge|p2a: Flutter Mane\n|-damage|p2a: Flutter Mane|16\/100\n|-boost|p1a: Koraidon|spe|1\n|\n|-weather|SunnyDay|[upkeep]\n|upkeep\n|turn|10\n|\n|t:|1699847819\n|switch|p1a: Rayquaza|Rayquaza|100\/100\n|-ability|p1a: Rayquaza|Air Lock\n|-end|p2a: Flutter Mane|Protosynthesis\n|move|p2a: Flutter Mane|Moonblast|p1a: Rayquaza\n|-supereffective|p1a: Rayquaza\n|-enditem|p1a: Rayquaza|Focus Sash\n|-damage|p1a: Rayquaza|1\/100\n|-damage|p2a: Flutter Mane|6\/100|[from] item: Life Orb\n|\n|-weather|SunnyDay|[upkeep]\n|upkeep\n|turn|11\n|c|\u2606Taka|hmm\n|c|\u2606Taka|tough turn\n|\n|t:|1699847833\n|move|p2a: Flutter Mane|Memento|p1a: Rayquaza\n|-unboost|p1a: Rayquaza|atk|2\n|-unboost|p1a: Rayquaza|spa|2\n|faint|p2a: Flutter Mane\n|-end|p2a: Flutter Mane|Protosynthesis|[silent]\n|move|p1a: Rayquaza|Stealth Rock|p2: Flutter Mane\n|-sidestart|p2: Taka|move: Stealth Rock\n|\n|-weather|SunnyDay|[upkeep]\n|upkeep\n|\n|t:|1699847837\n|switch|p2a: Arceus|Arceus-Ground|100\/100\n|-damage|p2a: Arceus|94\/100|[from] Stealth Rock\n|turn|12\n|\n|t:|1699847842\n|switch|p1a: Koraidon|Koraidon|100\/100\n|-activate|p1a: Koraidon|ability: Orichalcum Pulse\n|move|p2a: Arceus|Dragon Dance|p2a: Arceus\n|-boost|p2a: Arceus|atk|1\n|-boost|p2a: Arceus|spe|1\n|\n|-weather|SunnyDay|[upkeep]\n|upkeep\n|turn|13\n|\n|t:|1699847848\n|move|p2a: Arceus|Dragon Dance|p2a: Arceus\n|-boost|p2a: Arceus|atk|1\n|-boost|p2a: Arceus|spe|1\n|move|p1a: Koraidon|Flame Charge|p2a: Arceus\n|-damage|p2a: Arceus|69\/100\n|-boost|p1a: Koraidon|spe|1\n|\n|-weather|none\n|upkeep\n|turn|14\n|\n|t:|1699847853\n|move|p1a: Koraidon|Flame Charge|p2a: Arceus\n|-damage|p2a: Arceus|56\/100\n|-boost|p1a: Koraidon|spe|1\n|move|p2a: Arceus|Earthquake|p1a: Koraidon\n|-damage|p1a: Koraidon|0 fnt\n|faint|p1a: Koraidon\n|\n|upkeep\n|c|\u2606corvere\u2665|why am i faster\n|c|\u2606Taka|oh im\n|c|\u2606Taka|300 speed\n|c|\u2606corvere\u2665|DUDE\n|c|\u2606Taka|and not korai +2 speed\n|c|\u2606Taka|oops\n|c|\u2606corvere\u2665|,dnsdjhkfddsbhf\n|c|\u2606corvere\u2665|its ok\n|c|\u2606corvere\u2665|!showset arceus\n|c| corvere\u2665|\/raw <div class=\"infobox\">Arceus (Arceus-Ground) @ Earth Plate  <br \/>Ability: Multitype  <br \/>Tera Type: Fairy  <br \/>EVs: 160 HP &#x2f; 252 Atk &#x2f; 96 Spe  <br \/>Adamant Nature  <br \/>- Dragon Dance  <br \/>- Earthquake  <br \/>- Substitute  <br \/>- Ice Beam  <br \/><br \/><\/div>\n|c|\u2606Taka|!showset arceus\n|c| Taka|\/raw <div class=\"infobox\">Arceus (Arceus-Ground) @ Earth Plate  <br \/>Ability: Multitype  <br \/>Tera Type: Water  <br \/>EVs: 160 HP &#x2f; 252 Atk &#x2f; 96 Spe  <br \/>Adamant Nature  <br \/>- Dragon Dance  <br \/>- Earthquake  <br \/>- Substitute  <br \/>- Ice Beam  <br \/><br \/><\/div>\n|c|\u2606corvere\u2665|were both\n|c|\u2606corvere\u2665|unviable\n|inactive|corvere\u2665 has 120 seconds left.\n|c|\u2606corvere\u2665|literally same set.\n|c|\u2606corvere\u2665|nice.\n|c|\u2606Taka|LOL the same gliscor anti set\n|c|\u2606corvere\u2665|HAHAHAHA\n|c|\u2606corvere\u2665|fuck gliscotr\n|\n|t:|1699847896\n|switch|p1a: Arceus|Arceus-Ground|100\/100\n|turn|15\n|\n|t:|1699847900\n|move|p2a: Arceus|Earthquake|p1a: Arceus\n|-damage|p1a: Arceus|16\/100\n|move|p1a: Arceus|Earthquake|p2a: Arceus\n|-damage|p2a: Arceus|8\/100\n|\n|upkeep\n|turn|16\n|c|\u2606corvere\u2665|gg\n|\n|t:|1699847908\n|move|p2a: Arceus|Ice Beam|p1a: Arceus\n|-supereffective|p1a: Arceus\n|-damage|p1a: Arceus|0 fnt\n|faint|p1a: Arceus\n|\n|upkeep\n|c|\u2606corvere\u2665|!showset rayquaza\n|c| corvere\u2665|\/raw <div class=\"infobox\">Rayquaza @ Focus Sash  <br \/>Ability: Air Lock  <br \/>Tera Type: Fairy  <br \/>EVs: 4 Atk &#x2f; 252 SpA &#x2f; 252 Spe  <br \/>Hasty Nature  <br \/>- Stealth Rock  <br \/>- Draco Meteor  <br \/>- Dragon Ascent  <br \/>- Earthquake  <br \/><br \/><\/div>\n|c|\u2606Taka|oh\n|-message|corvere\u2665 forfeited.\n|\n|win|Taka\n|n|\u2606corvere\u2665|corvere\n|n|\u2606Taka|taka\n|n| Rhmsitb|rhmsitb\n|l|\u2606corvere\u2665\n|c|\u2606Taka|rip\n|c|\u2606Taka|gg\n|l|\u2606Taka\n|l| Rhmsitb\n","uploadtime":1699847924,"views":29,"p1id":"corvere","p2id":"taka","formatid":"gen9ubers","rating":0,"private":0,"password":""}