{"id":"gen9ubers-1982279094","p1":"Username2344","p2":"Perazoa","format":"[Gen 9] Ubers","log":"|j|\u2606Username2344\n|j|\u2606Perazoa\n|t:|1698988896\n|gametype|singles\n|player|p1|Username2344|pokemonranger-gen4|\n|player|p2|Perazoa|dawn|\n|teamsize|p1|6\n|teamsize|p2|6\n|gen|9\n|tier|[Gen 9] Ubers\n|rule|Sleep Clause Mod: Limit one foe put to sleep\n|rule|Species Clause: Limit one of each Pok\u00e9mon\n|rule|OHKO Clause: OHKO moves are banned\n|rule|Evasion Items Clause: Evasion items are banned\n|rule|Evasion Moves Clause: Evasion moves are banned\n|rule|Endless Battle Clause: Forcing endless battles is banned\n|rule|HP Percentage Mod: HP is shown in percentages\n|clearpoke\n|poke|p1|Miraidon|\n|poke|p1|Koraidon|\n|poke|p1|Ribombee, M|\n|poke|p1|Chi-Yu|\n|poke|p1|Arceus-Water|\n|poke|p1|Iron Treads|\n|poke|p2|Toxapex, M|\n|poke|p2|Iron Treads|\n|poke|p2|Miraidon|\n|poke|p2|Iron Bundle|\n|poke|p2|Kingambit, F|\n|poke|p2|Pelipper, M|\n|teampreview\n|c|\u2606Perazoa|test\n|c|\u2606Perazoa|mind if I start time?\n|\n|t:|1698989042\n|start\n|switch|p1a: Ribombee|Ribombee, M|100\/100\n|switch|p2a: Iron Treads|Iron Treads|100\/100\n|turn|1\n|\n|t:|1698989054\n|switch|p1a: Arceus|Arceus-Water|100\/100\n|move|p2a: Iron Treads|Stealth Rock|p1a: Arceus\n|-sidestart|p1: Username2344|move: Stealth Rock\n|\n|upkeep\n|turn|2\n|\n|t:|1698989068\n|-end|p2a: Iron Treads|Quark Drive|[silent]\n|switch|p2a: Pelipper|Pelipper, M|100\/100\n|-weather|RainDance|[from] ability: Drizzle|[of] p2a: Pelipper\n|move|p1a: Arceus|Ice Beam|p2a: Pelipper\n|-damage|p2a: Pelipper|66\/100\n|\n|-weather|RainDance|[upkeep]\n|upkeep\n|turn|3\n|\n|t:|1698989077\n|move|p1a: Arceus|Judgment|p2a: Pelipper\n|-resisted|p2a: Pelipper\n|-damage|p2a: Pelipper|18\/100\n|move|p2a: Pelipper|U-turn|p1a: Arceus\n|-damage|p1a: Arceus|95\/100\n|\n|t:|1698989094\n|switch|p2a: Miraidon|Miraidon|100\/100|[from] U-turn\n|-fieldstart|move: Electric Terrain|[from] ability: Hadron Engine|[of] p2a: Miraidon\n|\n|-weather|RainDance|[upkeep]\n|upkeep\n|turn|4\n|\n|t:|1698989108\n|switch|p1a: Iron Treads|Iron Treads|100\/100\n|-damage|p1a: Iron Treads|97\/100|[from] Stealth Rock\n|-activate|p1a: Iron Treads|ability: Quark Drive\n|-start|p1a: Iron Treads|quarkdrivespe\n|move|p2a: Miraidon|Draco Meteor|p1a: Iron Treads\n|-resisted|p1a: Iron Treads\n|-damage|p1a: Iron Treads|53\/100\n|-unboost|p2a: Miraidon|spa|2\n|\n|-weather|RainDance|[upkeep]\n|upkeep\n|turn|5\n|\n|t:|1698989149\n|-terastallize|p2a: Miraidon|Water\n|move|p1a: Iron Treads|Rapid Spin|p2a: Miraidon\n|-damage|p2a: Miraidon|86\/100\n|-boost|p1a: Iron Treads|spe|1\n|-sideend|p1: Username2344|Stealth Rock|[from] move: Rapid Spin|[of] p1a: Iron Treads\n|move|p2a: Miraidon|Tera Blast|p1a: Iron Treads|[anim] Tera Blast Water\n|-supereffective|p1a: Iron Treads\n|-damage|p1a: Iron Treads|0 fnt\n|faint|p1a: Iron Treads\n|-end|p1a: Iron Treads|Quark Drive|[silent]\n|\n|-weather|RainDance|[upkeep]\n|upkeep\n|c|\u2606Username2344|Bo3 na match?\n|c|\u2606Perazoa|yeah\n|\n|t:|1698989181\n|switch|p1a: Ribombee|Ribombee, M|100\/100\n|turn|6\n|\n|t:|1698989186\n|move|p2a: Miraidon|Electro Drift|p1a: Ribombee\n|-damage|p1a: Ribombee|35\/100\n|move|p1a: Ribombee|Sticky Web|p2a: Miraidon\n|-sidestart|p2: Perazoa|move: Sticky Web\n|\n|-weather|none\n|upkeep\n|turn|7\n|\n|t:|1698989195\n|move|p2a: Miraidon|Electro Drift|p1a: Ribombee\n|-damage|p1a: Ribombee|0 fnt\n|faint|p1a: Ribombee\n|\n|-fieldend|move: Electric Terrain\n|upkeep\n|j| Aesthetic Acid\n|\n|t:|1698989209\n|switch|p1a: Miraidon|Miraidon|100\/100\n|-fieldstart|move: Electric Terrain|[from] ability: Hadron Engine|[of] p1a: Miraidon\n|turn|8\n|\n|t:|1698989215\n|switch|p2a: Pelipper|Pelipper, M|18\/100\n|-weather|RainDance|[from] ability: Drizzle|[of] p2a: Pelipper\n|move|p1a: Miraidon|Draco Meteor|p2a: Pelipper\n|-damage|p2a: Pelipper|0 fnt\n|-unboost|p1a: Miraidon|spa|2\n|faint|p2a: Pelipper\n|\n|-weather|RainDance|[upkeep]\n|upkeep\n|\n|t:|1698989225\n|switch|p2a: Iron Treads|Iron Treads|100\/100\n|-activate|p2a: Iron Treads|move: Sticky Web\n|-unboost|p2a: Iron Treads|spe|1\n|-activate|p2a: Iron Treads|ability: Quark Drive\n|-start|p2a: Iron Treads|quarkdrivespd\n|turn|9\n|\n|t:|1698989239\n|switch|p1a: Arceus|Arceus-Water|95\/100\n|move|p2a: Iron Treads|Rapid Spin|p1a: Arceus\n|-damage|p1a: Arceus|88\/100\n|-boost|p2a: Iron Treads|spe|1\n|-sideend|p2: Perazoa|Sticky Web|[from] move: Rapid Spin|[of] p2a: Iron Treads\n|\n|-weather|RainDance|[upkeep]\n|upkeep\n|turn|10\n|\n|t:|1698989251\n|-end|p2a: Iron Treads|Quark Drive|[silent]\n|switch|p2a: Toxapex|Toxapex, M|100\/100\n|move|p1a: Arceus|Judgment|p2a: Toxapex\n|-resisted|p2a: Toxapex\n|-damage|p2a: Toxapex|79\/100\n|\n|-weather|RainDance|[upkeep]\n|-heal|p2a: Toxapex|85\/100|[from] item: Leftovers\n|upkeep\n|turn|11\n|\n|t:|1698989260\n|move|p2a: Toxapex|Baneful Bunker|p2a: Toxapex\n|-singleturn|p2a: Toxapex|move: Protect\n|move|p1a: Arceus|Will-O-Wisp|p2a: Toxapex\n|-activate|p2a: Toxapex|move: Protect\n|\n|-weather|RainDance|[upkeep]\n|-heal|p2a: Toxapex|91\/100|[from] item: Leftovers\n|upkeep\n|turn|12\n|\n|t:|1698989269\n|move|p1a: Arceus|Judgment|p2a: Toxapex\n|-resisted|p2a: Toxapex\n|-crit|p2a: Toxapex\n|-damage|p2a: Toxapex|57\/100\n|move|p2a: Toxapex|Sludge Bomb|p1a: Arceus\n|-damage|p1a: Arceus|74\/100\n|\n|-weather|none\n|-heal|p2a: Toxapex|63\/100|[from] item: Leftovers\n|-fieldend|move: Electric Terrain\n|upkeep\n|turn|13\n|c| Greninja71|Baki match er limk o dio\n|\n|t:|1698989283\n|move|p1a: Arceus|Recover|p1a: Arceus\n|-heal|p1a: Arceus|100\/100\n|move|p2a: Toxapex|Sludge Bomb|p1a: Arceus\n|-damage|p1a: Arceus|88\/100\n|\n|-heal|p2a: Toxapex|68\/100|[from] item: Leftovers\n|upkeep\n|turn|14\n|\n|t:|1698989295\n|move|p1a: Arceus|Judgment|p2a: Toxapex\n|-resisted|p2a: Toxapex\n|-damage|p2a: Toxapex|54\/100\n|move|p2a: Toxapex|Sludge Bomb|p1a: Arceus\n|-damage|p1a: Arceus|75\/100\n|\n|-heal|p2a: Toxapex|60\/100|[from] item: Leftovers\n|upkeep\n|turn|15\n|\n|t:|1698989307\n|move|p1a: Arceus|Will-O-Wisp|p2a: Toxapex\n|-status|p2a: Toxapex|brn\n|move|p2a: Toxapex|Sludge Bomb|p1a: Arceus\n|-damage|p1a: Arceus|63\/100\n|\n|-heal|p2a: Toxapex|66\/100 brn|[from] item: Leftovers\n|-damage|p2a: Toxapex|60\/100 brn|[from] brn\n|upkeep\n|turn|16\n|j| RnRowlets\n|\n|t:|1698989323\n|move|p1a: Arceus|Judgment|p2a: Toxapex\n|-resisted|p2a: Toxapex\n|-damage|p2a: Toxapex|46\/100 brn\n|move|p2a: Toxapex|Sludge Bomb|p1a: Arceus\n|-crit|p1a: Arceus\n|-damage|p1a: Arceus|44\/100\n|\n|-heal|p2a: Toxapex|52\/100 brn|[from] item: Leftovers\n|-damage|p2a: Toxapex|46\/100 brn|[from] brn\n|upkeep\n|turn|17\n|\n|t:|1698989335\n|move|p1a: Arceus|Recover|p1a: Arceus\n|-heal|p1a: Arceus|94\/100\n|move|p2a: Toxapex|Sludge Bomb|p1a: Arceus\n|-damage|p1a: Arceus|82\/100\n|-status|p1a: Arceus|psn\n|\n|-heal|p2a: Toxapex|52\/100 brn|[from] item: Leftovers\n|-damage|p1a: Arceus|70\/100 psn|[from] psn\n|-damage|p2a: Toxapex|46\/100 brn|[from] brn\n|upkeep\n|turn|18\n|\n|t:|1698989353\n|switch|p1a: Miraidon|Miraidon|100\/100\n|-fieldstart|move: Electric Terrain|[from] ability: Hadron Engine|[of] p1a: Miraidon\n|move|p2a: Toxapex|Recover|p2a: Toxapex\n|-heal|p2a: Toxapex|96\/100 brn\n|\n|-heal|p2a: Toxapex|100\/100 brn|[from] item: Leftovers\n|-damage|p2a: Toxapex|95\/100 brn|[from] brn\n|upkeep\n|turn|19\n|\n|t:|1698989377\n|move|p2a: Toxapex|Baneful Bunker|p2a: Toxapex\n|-singleturn|p2a: Toxapex|move: Protect\n|move|p1a: Miraidon|Draco Meteor|p2a: Toxapex\n|-activate|p2a: Toxapex|move: Protect\n|\n|-heal|p2a: Toxapex|100\/100 brn|[from] item: Leftovers\n|-damage|p2a: Toxapex|95\/100 brn|[from] brn\n|upkeep\n|turn|20\n|\n|t:|1698989393\n|switch|p2a: Kingambit|Kingambit, F|100\/100\n|-activate|p2a: Kingambit|ability: Supreme Overlord\n|-start|p2a: Kingambit|fallen1|[silent]\n|-terastallize|p1a: Miraidon|Dragon\n|move|p1a: Miraidon|Draco Meteor|p2a: Kingambit\n|-resisted|p2a: Kingambit\n|-damage|p2a: Kingambit|6\/100\n|-unboost|p1a: Miraidon|spa|2\n|\n|-heal|p2a: Kingambit|12\/100|[from] item: Leftovers\n|upkeep\n|turn|21\n|\n|t:|1698989414\n|move|p2a: Kingambit|Sucker Punch|p1a: Miraidon\n|-damage|p1a: Miraidon|54\/100\n|move|p1a: Miraidon|Draco Meteor|p2a: Kingambit\n|-resisted|p2a: Kingambit\n|-damage|p2a: Kingambit|0 fnt\n|-unboost|p1a: Miraidon|spa|2\n|faint|p2a: Kingambit\n|-end|p2a: Kingambit|fallen1|[silent]\n|\n|upkeep\n|\n|t:|1698989440\n|switch|p2a: Iron Treads|Iron Treads|100\/100\n|-activate|p2a: Iron Treads|ability: Quark Drive\n|-start|p2a: Iron Treads|quarkdrivespd\n|turn|22\n|\n|t:|1698989450\n|switch|p1a: Koraidon|Koraidon|100\/100\n|-weather|SunnyDay|[from] ability: Orichalcum Pulse|[of] p1a: Koraidon\n|-activate|p1a: Koraidon|Orichalcum Pulse|[source]\n|move|p2a: Iron Treads|Earthquake|p1a: Koraidon\n|-damage|p1a: Koraidon|64\/100\n|\n|-weather|SunnyDay|[upkeep]\n|-fieldend|move: Electric Terrain\n|-end|p2a: Iron Treads|Quark Drive\n|upkeep\n|turn|23\n|\n|t:|1698989465\n|-end|p2a: Iron Treads|Quark Drive|[silent]\n|switch|p2a: Toxapex|Toxapex, M|100\/100 brn\n|move|p1a: Koraidon|Close Combat|p2a: Toxapex\n|-resisted|p2a: Toxapex\n|-damage|p2a: Toxapex|66\/100 brn\n|-unboost|p1a: Koraidon|def|1\n|-unboost|p1a: Koraidon|spd|1\n|\n|-weather|SunnyDay|[upkeep]\n|-heal|p2a: Toxapex|71\/100 brn|[from] item: Leftovers\n|-damage|p2a: Toxapex|66\/100 brn|[from] brn\n|upkeep\n|turn|24\n|\n|t:|1698989484\n|switch|p1a: Arceus|Arceus-Water|70\/100 psn\n|move|p2a: Toxapex|Sludge Bomb|p1a: Arceus\n|-damage|p1a: Arceus|57\/100 psn\n|\n|-weather|SunnyDay|[upkeep]\n|-heal|p2a: Toxapex|71\/100 brn|[from] item: Leftovers\n|-damage|p1a: Arceus|44\/100 psn|[from] psn\n|-damage|p2a: Toxapex|66\/100 brn|[from] brn\n|upkeep\n|turn|25\n|\n|t:|1698989494\n|move|p1a: Arceus|Recover|p1a: Arceus\n|-heal|p1a: Arceus|94\/100 psn\n|move|p2a: Toxapex|Recover|p2a: Toxapex\n|-heal|p2a: Toxapex|100\/100 brn\n|\n|-weather|SunnyDay|[upkeep]\n|-damage|p1a: Arceus|82\/100 psn|[from] psn\n|-damage|p2a: Toxapex|95\/100 brn|[from] brn\n|upkeep\n|turn|26\n|\n|t:|1698989509\n|move|p1a: Arceus|Ice Beam|p2a: Toxapex\n|-resisted|p2a: Toxapex\n|-damage|p2a: Toxapex|87\/100 brn\n|move|p2a: Toxapex|Sludge Bomb|p1a: Arceus\n|-damage|p1a: Arceus|69\/100 psn\n|\n|-weather|none\n|-heal|p2a: Toxapex|93\/100 brn|[from] item: Leftovers\n|-damage|p1a: Arceus|57\/100 psn|[from] psn\n|-damage|p2a: Toxapex|87\/100 brn|[from] brn\n|upkeep\n|turn|27\n|\n|t:|1698989524\n|move|p1a: Arceus|Recover|p1a: Arceus\n|-heal|p1a: Arceus|100\/100 psn\n|move|p2a: Toxapex|Sludge Bomb|p1a: Arceus\n|-damage|p1a: Arceus|87\/100 psn\n|\n|-heal|p2a: Toxapex|93\/100 brn|[from] item: Leftovers\n|-damage|p1a: Arceus|75\/100 psn|[from] psn\n|-damage|p2a: Toxapex|87\/100 brn|[from] brn\n|upkeep\n|turn|28\n|\n|t:|1698989532\n|move|p1a: Arceus|Judgment|p2a: Toxapex\n|-resisted|p2a: Toxapex\n|-damage|p2a: Toxapex|73\/100 brn\n|move|p2a: Toxapex|Sludge Bomb|p1a: Arceus\n|-damage|p1a: Arceus|63\/100 psn\n|\n|-heal|p2a: Toxapex|79\/100 brn|[from] item: Leftovers\n|-damage|p1a: Arceus|50\/100 psn|[from] psn\n|-damage|p2a: Toxapex|73\/100 brn|[from] brn\n|upkeep\n|turn|29\n|\n|t:|1698989543\n|switch|p2a: Miraidon|Miraidon, tera:Water|86\/100\n|-fieldstart|move: Electric Terrain|[from] ability: Hadron Engine|[of] p2a: Miraidon\n|move|p1a: Arceus|Recover|p1a: Arceus\n|-heal|p1a: Arceus|100\/100 psn\n|\n|-damage|p1a: Arceus|88\/100 psn|[from] psn\n|upkeep\n|turn|30\n|\n|t:|1698989553\n|move|p2a: Miraidon|Electro Drift|p1a: Arceus\n|-supereffective|p1a: Arceus\n|-damage|p1a: Arceus|0 fnt\n|faint|p1a: Arceus\n|\n|upkeep\n|\n|t:|1698989567\n|switch|p1a: Chi-Yu|Chi-Yu|100\/100\n|-ability|p1a: Chi-Yu|Beads of Ruin\n|turn|31\n|\n|t:|1698989574\n|move|p1a: Chi-Yu|Dark Pulse|p2a: Miraidon\n|-damage|p2a: Miraidon|50\/100\n|move|p2a: Miraidon|Tera Blast|p1a: Chi-Yu|[anim] Tera Blast Water\n|-supereffective|p1a: Chi-Yu\n|-damage|p1a: Chi-Yu|0 fnt\n|faint|p1a: Chi-Yu\n|\n|upkeep\n|\n|t:|1698989583\n|switch|p1a: Koraidon|Koraidon|64\/100\n|-weather|SunnyDay|[from] ability: Orichalcum Pulse|[of] p1a: Koraidon\n|-activate|p1a: Koraidon|Orichalcum Pulse|[source]\n|turn|32\n|\n|t:|1698989588\n|switch|p2a: Toxapex|Toxapex, M|100\/100 brn\n|move|p1a: Koraidon|Scale Shot|p2a: Toxapex\n|-damage|p2a: Toxapex|87\/100 brn\n|-damage|p2a: Toxapex|72\/100 brn\n|-damage|p2a: Toxapex|58\/100 brn\n|-damage|p2a: Toxapex|44\/100 brn\n|-hitcount|p2a: Toxapex|4\n|-unboost|p1a: Koraidon|def|1\n|-boost|p1a: Koraidon|spe|1\n|\n|-weather|SunnyDay|[upkeep]\n|-heal|p2a: Toxapex|50\/100 brn|[from] item: Leftovers\n|-damage|p2a: Toxapex|44\/100 brn|[from] brn\n|upkeep\n|turn|33\n|\n|t:|1698989605\n|move|p1a: Koraidon|Scale Shot|p2a: Toxapex\n|-damage|p2a: Toxapex|29\/100 brn\n|-damage|p2a: Toxapex|14\/100 brn\n|-damage|p2a: Toxapex|1\/100 brn\n|-damage|p2a: Toxapex|0 fnt\n|faint|p2a: Toxapex\n|-hitcount|p2: Toxapex|4\n|-unboost|p1a: Koraidon|def|1\n|-boost|p1a: Koraidon|spe|1\n|\n|-weather|SunnyDay|[upkeep]\n|-fieldend|move: Electric Terrain\n|upkeep\n|\n|t:|1698989616\n|switch|p2a: Iron Bundle|Iron Bundle|100\/100\n|turn|34\n|\n|t:|1698989627\n|move|p1a: Koraidon|Scale Shot|p2a: Iron Bundle\n|-damage|p2a: Iron Bundle|78\/100\n|-damage|p2a: Iron Bundle|54\/100\n|-damage|p2a: Iron Bundle|33\/100\n|-damage|p2a: Iron Bundle|9\/100\n|-damage|p2a: Iron Bundle|0 fnt\n|faint|p2a: Iron Bundle\n|-end|p2a: Iron Bundle|Quark Drive|[silent]\n|-hitcount|p2: Iron Bundle|5\n|-unboost|p1a: Koraidon|def|1\n|-boost|p1a: Koraidon|spe|1\n|\n|-weather|SunnyDay|[upkeep]\n|upkeep\n|\n|t:|1698989638\n|switch|p2a: Iron Treads|Iron Treads|100\/100\n|turn|35\n|\n|t:|1698989645\n|move|p1a: Koraidon|Close Combat|p2a: Iron Treads\n|-supereffective|p2a: Iron Treads\n|-damage|p2a: Iron Treads|0 fnt\n|-unboost|p1a: Koraidon|def|1\n|-unboost|p1a: Koraidon|spd|1\n|faint|p2a: Iron Treads\n|-end|p2a: Iron Treads|Quark Drive|[silent]\n|\n|-weather|SunnyDay|[upkeep]\n|upkeep\n|c|\u2606Perazoa|gg\n|\n|t:|1698989652\n|switch|p2a: Miraidon|Miraidon, tera:Water|50\/100\n|-fieldstart|move: Electric Terrain|[from] ability: Hadron Engine|[of] p2a: Miraidon\n|turn|36\n|\n|t:|1698989659\n|move|p1a: Koraidon|Scale Shot|p2a: Miraidon\n|-damage|p2a: Miraidon|32\/100\n|-damage|p2a: Miraidon|15\/100\n|-damage|p2a: Miraidon|0 fnt\n|faint|p2a: Miraidon\n|-hitcount|p2: Miraidon|3\n|\n|win|Username2344\n|c|\u2606Username2344|Gg\n|l|\u2606Username2344\n|l| Greninja71\n|l| RnRowlets\n|j| Marufbot\n|j|\u2606Username2344\n|player|p1|Username2344|pokemonranger-gen4\n","uploadtime":1698989665,"views":30,"p1id":"username2344","p2id":"perazoa","formatid":"gen9ubers","rating":0,"private":0,"password":""}