{"id":"gen9ubers-1993118670","p1":"Oomaester1234","p2":"babynogalXD","format":"[Gen 9] Ubers","log":"|j|\u2606Oomaester1234\n|j|\u2606babynogalXD\n|t:|1700266951\n|gametype|singles\n|player|p1|Oomaester1234|teamrocket|\n|player|p2|babynogalXD|ethan|\n|teamsize|p1|6\n|teamsize|p2|6\n|gen|9\n|tier|[Gen 9] Ubers\n|rule|Sleep Clause Mod: Limit one foe put to sleep\n|rule|Species Clause: Limit one of each Pok\u00e9mon\n|rule|OHKO Clause: OHKO moves are banned\n|rule|Evasion Items Clause: Evasion items are banned\n|rule|Evasion Moves Clause: Evasion moves are banned\n|rule|Endless Battle Clause: Forcing endless battles is banned\n|rule|HP Percentage Mod: HP is shown in percentages\n|clearpoke\n|poke|p1|Torkoal, F|\n|poke|p1|Walking Wake|\n|poke|p1|Arceus-Fire|\n|poke|p1|Volcarona, M|\n|poke|p1|Rillaboom, M|\n|poke|p1|Zapdos|\n|poke|p2|Blissey, F|\n|poke|p2|Quagsire, M|\n|poke|p2|Zamazenta-*|\n|poke|p2|Dialga|\n|poke|p2|Orthworm, M|\n|poke|p2|Arceus-Poison|\n|teampreview\n|\n|t:|1700266992\n|start\n|switch|p1a: Torkoal|Torkoal, F|100\/100\n|switch|p2a: Quagsire|Quagsire, M|100\/100\n|-weather|SunnyDay|[from] ability: Drought|[of] p1a: Torkoal\n|turn|1\n|\n|t:|1700266997\n|move|p2a: Quagsire|Stealth Rock|p1a: Torkoal\n|-sidestart|p1: Oomaester1234|move: Stealth Rock\n|move|p1a: Torkoal|Yawn|p2a: Quagsire\n|-start|p2a: Quagsire|move: Yawn|[of] p1a: Torkoal\n|\n|-weather|SunnyDay|[upkeep]\n|upkeep\n|turn|2\n|j| NewHoovybeast05\n|\n|t:|1700267007\n|switch|p2a: Orthworm|Orthworm, M|100\/100\n|move|p1a: Torkoal|Stealth Rock|p2a: Orthworm\n|-sidestart|p2: babynogalXD|move: Stealth Rock\n|\n|-weather|SunnyDay|[upkeep]\n|upkeep\n|turn|3\n|\n|t:|1700267009\n|switch|p2a: Quagsire|Quagsire, M|100\/100\n|move|p1a: Torkoal|Rapid Spin|p2a: Quagsire\n|-damage|p2a: Quagsire|94\/100\n|-boost|p1a: Torkoal|spe|1\n|-sideend|p1: Oomaester1234|Stealth Rock|[from] move: Rapid Spin|[of] p1a: Torkoal\n|\n|-weather|SunnyDay|[upkeep]\n|upkeep\n|turn|4\n|\n|t:|1700267014\n|switch|p1a: Rillaboom|Rillaboom, M|100\/100\n|-fieldstart|move: Grassy Terrain|[from] ability: Grassy Surge|[of] p1a: Rillaboom\n|move|p2a: Quagsire|Toxic|p1a: Rillaboom\n|-status|p1a: Rillaboom|tox\n|\n|-weather|SunnyDay|[upkeep]\n|-heal|p2a: Quagsire|100\/100|[from] Grassy Terrain\n|-damage|p1a: Rillaboom|94\/100 tox|[from] psn\n|upkeep\n|turn|5\n|\n|t:|1700267019\n|switch|p2a: Orthworm|Orthworm, M|100\/100\n|move|p1a: Rillaboom|U-turn|p2a: Orthworm\n|-resisted|p2a: Orthworm\n|-damage|p2a: Orthworm|94\/100\n|\n|t:|1700267035\n|switch|p1a: Walking Wake|Walking Wake|100\/100|[from] U-turn\n|-activate|p1a: Walking Wake|ability: Protosynthesis\n|-start|p1a: Walking Wake|protosynthesisspa\n|\n|-weather|SunnyDay|[upkeep]\n|-heal|p2a: Orthworm|99\/100|[from] Grassy Terrain\n|upkeep\n|turn|6\n|\n|t:|1700267041\n|switch|p2a: Dialga|Dialga|100\/100\n|-ability|p2a: Dialga|Pressure\n|move|p1a: Walking Wake|Agility|p1a: Walking Wake\n|-boost|p1a: Walking Wake|spe|2\n|\n|-weather|SunnyDay|[upkeep]\n|upkeep\n|turn|7\n|\n|t:|1700267045\n|move|p1a: Walking Wake|Dragon Pulse|p2a: Dialga\n|-damage|p2a: Dialga|64\/100\n|move|p2a: Dialga|Draco Meteor|p1a: Walking Wake\n|-supereffective|p1a: Walking Wake\n|-damage|p1a: Walking Wake|0 fnt\n|-unboost|p2a: Dialga|spa|2\n|faint|p1a: Walking Wake\n|-end|p1a: Walking Wake|Protosynthesis|[silent]\n|\n|-weather|SunnyDay|[upkeep]\n|-heal|p2a: Dialga|70\/100|[from] Grassy Terrain\n|upkeep\n|\n|t:|1700267050\n|switch|p1a: Volcarona|Volcarona, M, shiny|100\/100\n|turn|8\n|\n|t:|1700267052\n|move|p1a: Volcarona|Quiver Dance|p1a: Volcarona\n|-boost|p1a: Volcarona|spa|1\n|-boost|p1a: Volcarona|spd|1\n|-boost|p1a: Volcarona|spe|1\n|move|p2a: Dialga|Roar|p1a: Volcarona\n|drag|p1a: Rillaboom|Rillaboom, M|94\/100 tox\n|\n|-weather|none\n|-heal|p1a: Rillaboom|100\/100 tox|[from] Grassy Terrain\n|-heal|p2a: Dialga|76\/100|[from] Grassy Terrain\n|-damage|p1a: Rillaboom|94\/100 tox|[from] psn\n|upkeep\n|turn|9\n|\n|t:|1700267065\n|switch|p2a: Orthworm|Orthworm, M|99\/100\n|move|p1a: Rillaboom|Knock Off|p2a: Orthworm\n|-damage|p2a: Orthworm|80\/100\n|-enditem|p2a: Orthworm|Heavy-Duty Boots|[from] move: Knock Off|[of] p1a: Rillaboom\n|\n|-heal|p1a: Rillaboom|100\/100 tox|[from] Grassy Terrain\n|-heal|p2a: Orthworm|87\/100|[from] Grassy Terrain\n|-damage|p1a: Rillaboom|88\/100 tox|[from] psn\n|upkeep\n|turn|10\n|\n|t:|1700267067\n|move|p1a: Rillaboom|Drain Punch|p2a: Orthworm\n|-supereffective|p2a: Orthworm\n|-damage|p2a: Orthworm|56\/100\n|-heal|p1a: Rillaboom|100\/100 tox|[from] drain|[of] p2a: Orthworm\n|move|p2a: Orthworm|Spikes|p1a: Rillaboom\n|-sidestart|p1: Oomaester1234|Spikes\n|\n|-heal|p2a: Orthworm|62\/100|[from] Grassy Terrain\n|-damage|p1a: Rillaboom|82\/100 tox|[from] psn\n|upkeep\n|turn|11\n|\n|t:|1700267074\n|switch|p2a: Arceus|Arceus-Poison|100\/100\n|-damage|p2a: Arceus|88\/100|[from] Stealth Rock\n|move|p1a: Rillaboom|U-turn|p2a: Arceus\n|-resisted|p2a: Arceus\n|-damage|p2a: Arceus|80\/100\n|\n|t:|1700267084\n|switch|p1a: Torkoal|Torkoal, F|100\/100|[from] U-turn\n|-damage|p1a: Torkoal|88\/100|[from] Spikes\n|-weather|SunnyDay|[from] ability: Drought|[of] p1a: Torkoal\n|\n|-weather|SunnyDay|[upkeep]\n|-heal|p2a: Arceus|87\/100|[from] Grassy Terrain\n|-heal|p1a: Torkoal|94\/100|[from] Grassy Terrain\n|-fieldend|move: Grassy Terrain\n|upkeep\n|turn|12\n|\n|t:|1700267090\n|move|p2a: Arceus|Judgment|p1a: Torkoal\n|-damage|p1a: Torkoal|27\/100\n|move|p1a: Torkoal|Yawn|p2a: Arceus\n|-start|p2a: Arceus|move: Yawn|[of] p1a: Torkoal\n|\n|-weather|SunnyDay|[upkeep]\n|upkeep\n|turn|13\n|\n|t:|1700267094\n|switch|p1a: bir birt|Zapdos, shiny|100\/100\n|move|p2a: Arceus|Judgment|p1a: bir birt\n|-damage|p1a: bir birt|54\/100\n|\n|-weather|SunnyDay|[upkeep]\n|-end|p2a: Arceus|move: Yawn|[silent]\n|-status|p2a: Arceus|slp\n|upkeep\n|turn|14\n|\n|t:|1700267098\n|cant|p2a: Arceus|slp\n|move|p1a: bir birt|U-turn|p2a: Arceus\n|-resisted|p2a: Arceus\n|-damage|p2a: Arceus|83\/100 slp\n|\n|t:|1700267101\n|switch|p1a: Volcarona|Volcarona, M, shiny|100\/100|[from] U-turn\n|\n|-weather|SunnyDay|[upkeep]\n|upkeep\n|turn|15\n|\n|t:|1700267106\n|switch|p2a: Dialga|Dialga|76\/100\n|-ability|p2a: Dialga|Pressure\n|move|p1a: Volcarona|Quiver Dance|p1a: Volcarona\n|-boost|p1a: Volcarona|spa|1\n|-boost|p1a: Volcarona|spd|1\n|-boost|p1a: Volcarona|spe|1\n|\n|-weather|SunnyDay|[upkeep]\n|upkeep\n|turn|16\n|\n|t:|1700267109\n|-terastallize|p1a: Volcarona|Ground\n|move|p1a: Volcarona|Tera Blast|p2a: Dialga|[anim] Tera Blast Ground\n|-supereffective|p2a: Dialga\n|-damage|p2a: Dialga|0 fnt\n|faint|p2a: Dialga\n|\n|-weather|SunnyDay|[upkeep]\n|upkeep\n|\n|t:|1700267122\n|switch|p2a: Blissey|Blissey, F|100\/100\n|turn|17\n|\n|t:|1700267125\n|move|p1a: Volcarona|Quiver Dance|p1a: Volcarona\n|-boost|p1a: Volcarona|spa|1\n|-boost|p1a: Volcarona|spd|1\n|-boost|p1a: Volcarona|spe|1\n|move|p2a: Blissey|Calm Mind|p2a: Blissey\n|-boost|p2a: Blissey|spa|1\n|-boost|p2a: Blissey|spd|1\n|\n|-weather|SunnyDay|[upkeep]\n|upkeep\n|turn|18\n|\n|t:|1700267127\n|move|p1a: Volcarona|Fiery Dance|p2a: Blissey\n|-damage|p2a: Blissey|75\/100\n|-boost|p1a: Volcarona|spa|1\n|move|p2a: Blissey|Calm Mind|p2a: Blissey\n|-boost|p2a: Blissey|spa|1\n|-boost|p2a: Blissey|spd|1\n|\n|-weather|none\n|upkeep\n|turn|19\n|\n|t:|1700267130\n|move|p1a: Volcarona|Fiery Dance|p2a: Blissey\n|-damage|p2a: Blissey|60\/100\n|move|p2a: Blissey|Ice Beam|p1a: Volcarona\n|-supereffective|p1a: Volcarona\n|-damage|p1a: Volcarona|68\/100\n|\n|upkeep\n|turn|20\n|\n|t:|1700267133\n|move|p1a: Volcarona|Fiery Dance|p2a: Blissey\n|-damage|p2a: Blissey|42\/100\n|-boost|p1a: Volcarona|spa|1\n|move|p2a: Blissey|Calm Mind|p2a: Blissey\n|-boost|p2a: Blissey|spa|1\n|-boost|p2a: Blissey|spd|1\n|\n|upkeep\n|turn|21\n|\n|t:|1700267135\n|move|p1a: Volcarona|Giga Drain|p2a: Blissey\n|-damage|p2a: Blissey|32\/100\n|-heal|p1a: Volcarona|80\/100|[from] drain|[of] p2a: Blissey\n|move|p2a: Blissey|Soft-Boiled|p2a: Blissey\n|-heal|p2a: Blissey|82\/100\n|\n|upkeep\n|turn|22\n|\n|t:|1700267140\n|switch|p1a: Rillaboom|Rillaboom, M|82\/100 tox\n|-damage|p1a: Rillaboom|70\/100 tox|[from] Spikes\n|-fieldstart|move: Grassy Terrain|[from] ability: Grassy Surge|[of] p1a: Rillaboom\n|move|p2a: Blissey|Seismic Toss|p1a: Rillaboom\n|-damage|p1a: Rillaboom|44\/100 tox\n|\n|-heal|p1a: Rillaboom|50\/100 tox|[from] Grassy Terrain\n|-heal|p2a: Blissey|88\/100|[from] Grassy Terrain\n|-damage|p1a: Rillaboom|44\/100 tox|[from] psn\n|upkeep\n|turn|23\n|\n|t:|1700267143\n|switch|p2a: Orthworm|Orthworm, M|62\/100\n|-damage|p2a: Orthworm|56\/100|[from] Stealth Rock\n|move|p1a: Rillaboom|Drain Punch|p2a: Orthworm\n|-supereffective|p2a: Orthworm\n|-damage|p2a: Orthworm|23\/100\n|-heal|p1a: Rillaboom|59\/100 tox|[from] drain|[of] p2a: Orthworm\n|\n|-heal|p1a: Rillaboom|65\/100 tox|[from] Grassy Terrain\n|-heal|p2a: Orthworm|29\/100|[from] Grassy Terrain\n|-damage|p1a: Rillaboom|53\/100 tox|[from] psn\n|upkeep\n|turn|24\n|\n|t:|1700267151\n|switch|p2a: Arceus|Arceus-Poison|83\/100 slp\n|-damage|p2a: Arceus|71\/100 slp|[from] Stealth Rock\n|move|p1a: Rillaboom|Drain Punch|p2a: Arceus\n|-resisted|p2a: Arceus\n|-damage|p2a: Arceus|63\/100 slp\n|-heal|p1a: Rillaboom|57\/100 tox|[from] drain|[of] p2a: Arceus\n|\n|-heal|p2a: Arceus|69\/100 slp|[from] Grassy Terrain\n|-heal|p1a: Rillaboom|64\/100 tox|[from] Grassy Terrain\n|-damage|p1a: Rillaboom|45\/100 tox|[from] psn\n|upkeep\n|turn|25\n|\n|t:|1700267153\n|-curestatus|p2a: Arceus|slp|[msg]\n|move|p2a: Arceus|Judgment|p1a: Rillaboom\n|-supereffective|p1a: Rillaboom\n|-damage|p1a: Rillaboom|0 fnt\n|faint|p1a: Rillaboom\n|\n|-heal|p2a: Arceus|75\/100|[from] Grassy Terrain\n|upkeep\n|\n|t:|1700267167\n|switch|p1a: bir birt|Zapdos, shiny|54\/100\n|turn|26\n|\n|t:|1700267170\n|move|p2a: Arceus|Judgment|p1a: bir birt\n|-damage|p1a: bir birt|5\/100\n|move|p1a: bir birt|Roost|p1a: bir birt\n|-heal|p1a: bir birt|55\/100\n|-singleturn|p1a: bir birt|move: Roost\n|\n|-heal|p2a: Arceus|81\/100|[from] Grassy Terrain\n|-heal|p1a: bir birt|61\/100|[from] Grassy Terrain\n|upkeep\n|turn|27\n|\n|t:|1700267174\n|move|p2a: Arceus|Judgment|p1a: bir birt\n|-damage|p1a: bir birt|13\/100\n|move|p1a: bir birt|U-turn|p2a: Arceus\n|-resisted|p2a: Arceus\n|-damage|p2a: Arceus|77\/100\n|\n|t:|1700267178\n|switch|p1a: Arceus|Arceus-Fire|100\/100|[from] U-turn\n|-damage|p1a: Arceus|88\/100|[from] Spikes\n|\n|-heal|p2a: Arceus|83\/100|[from] Grassy Terrain\n|-heal|p1a: Arceus|94\/100|[from] Grassy Terrain\n|upkeep\n|turn|28\n|\n|t:|1700267181\n|move|p2a: Arceus|Taunt|p1a: Arceus\n|-start|p1a: Arceus|move: Taunt\n|move|p1a: Arceus|Flare Blitz|p2a: Arceus\n|-damage|p2a: Arceus|39\/100\n|-damage|p1a: Arceus|78\/100|[from] Recoil\n|\n|-heal|p2a: Arceus|46\/100|[from] Grassy Terrain\n|-heal|p1a: Arceus|84\/100|[from] Grassy Terrain\n|upkeep\n|turn|29\n|\n|t:|1700267183\n|move|p2a: Arceus|Recover|p2a: Arceus\n|-heal|p2a: Arceus|96\/100\n|move|p1a: Arceus|Flare Blitz|p2a: Arceus\n|-damage|p2a: Arceus|53\/100\n|-damage|p1a: Arceus|68\/100|[from] Recoil\n|\n|-heal|p2a: Arceus|59\/100|[from] Grassy Terrain\n|-heal|p1a: Arceus|74\/100|[from] Grassy Terrain\n|-fieldend|move: Grassy Terrain\n|upkeep\n|turn|30\n|\n|t:|1700267186\n|move|p1a: Arceus|Extreme Speed|p2a: Arceus\n|-damage|p2a: Arceus|43\/100\n|move|p2a: Arceus|Judgment|p1a: Arceus\n|-damage|p1a: Arceus|38\/100\n|\n|-end|p1a: Arceus|move: Taunt\n|upkeep\n|turn|31\n|\n|t:|1700267190\n|move|p2a: Arceus|Judgment|p1a: Arceus\n|-damage|p1a: Arceus|4\/100\n|move|p1a: Arceus|Recover|p1a: Arceus\n|-heal|p1a: Arceus|54\/100\n|\n|upkeep\n|turn|32\n|\n|t:|1700267195\n|switch|p1a: bir birt|Zapdos, shiny|13\/100\n|move|p2a: Arceus|Taunt|p1a: bir birt\n|-start|p1a: bir birt|move: Taunt\n|\n|upkeep\n|turn|33\n|\n|t:|1700267198\n|move|p2a: Arceus|Judgment|p1a: bir birt\n|-damage|p1a: bir birt|0 fnt\n|faint|p1a: bir birt\n|\n|upkeep\n|\n|t:|1700267201\n|switch|p1a: Volcarona|Volcarona, M, shiny, tera:Ground|80\/100\n|turn|34\n|\n|t:|1700267205\n|switch|p2a: Blissey|Blissey, F|88\/100\n|move|p1a: Volcarona|Fiery Dance|p2a: Blissey\n|-damage|p2a: Blissey|74\/100\n|\n|upkeep\n|turn|35\n|\n|t:|1700267209\n|switch|p1a: Arceus|Arceus-Fire|54\/100\n|-damage|p1a: Arceus|42\/100|[from] Spikes\n|move|p2a: Blissey|Seismic Toss|p1a: Arceus\n|-damage|p1a: Arceus|16\/100\n|\n|upkeep\n|turn|36\n|\n|t:|1700267212\n|switch|p2a: Quagsire|Quagsire, M|100\/100\n|move|p1a: Arceus|Recover|p1a: Arceus\n|-heal|p1a: Arceus|66\/100\n|\n|upkeep\n|turn|37\n|\n|t:|1700267215\n|switch|p1a: Torkoal|Torkoal, F|27\/100\n|-damage|p1a: Torkoal|14\/100|[from] Spikes\n|-weather|SunnyDay|[from] ability: Drought|[of] p1a: Torkoal\n|move|p2a: Quagsire|Toxic|p1a: Torkoal\n|-status|p1a: Torkoal|tox\n|\n|-weather|SunnyDay|[upkeep]\n|-damage|p1a: Torkoal|8\/100 tox|[from] psn\n|upkeep\n|turn|38\n|\n|t:|1700267219\n|move|p2a: Quagsire|Earthquake|p1a: Torkoal\n|-supereffective|p1a: Torkoal\n|-crit|p1a: Torkoal\n|-damage|p1a: Torkoal|0 fnt\n|faint|p1a: Torkoal\n|\n|-weather|SunnyDay|[upkeep]\n|upkeep\n|\n|t:|1700267232\n|switch|p1a: Volcarona|Volcarona, M, shiny, tera:Ground|80\/100\n|turn|39\n|\n|t:|1700267240\n|switch|p1a: Arceus|Arceus-Fire|66\/100\n|-damage|p1a: Arceus|54\/100|[from] Spikes\n|switch|p2a: Orthworm|Orthworm, M|29\/100\n|-damage|p2a: Orthworm|23\/100|[from] Stealth Rock\n|\n|-weather|SunnyDay|[upkeep]\n|upkeep\n|turn|40\n|\n|t:|1700267243\n|move|p1a: Arceus|Dragon Dance|p1a: Arceus\n|-boost|p1a: Arceus|atk|1\n|-boost|p1a: Arceus|spe|1\n|move|p2a: Orthworm|Spikes|p1a: Arceus\n|-sidestart|p1: Oomaester1234|Spikes\n|\n|-weather|SunnyDay|[upkeep]\n|upkeep\n|turn|41\n|\n|t:|1700267248\n|move|p1a: Arceus|Recover|p1a: Arceus\n|-heal|p1a: Arceus|100\/100\n|move|p2a: Orthworm|Spikes|p1a: Arceus\n|-sidestart|p1: Oomaester1234|Spikes\n|\n|-weather|SunnyDay|[upkeep]\n|upkeep\n|turn|42\n|\n|t:|1700267250\n|move|p1a: Arceus|Dragon Dance|p1a: Arceus\n|-boost|p1a: Arceus|atk|1\n|-boost|p1a: Arceus|spe|1\n|move|p2a: Orthworm|Body Press|p1a: Arceus\n|-damage|p1a: Arceus|76\/100\n|\n|-weather|SunnyDay|[upkeep]\n|upkeep\n|turn|43\n|\n|t:|1700267252\n|move|p1a: Arceus|Flare Blitz|p2a: Orthworm\n|-supereffective|p2a: Orthworm\n|-damage|p2a: Orthworm|0 fnt\n|faint|p2a: Orthworm\n|-damage|p1a: Arceus|69\/100|[from] Recoil\n|\n|-weather|SunnyDay|[upkeep]\n|upkeep\n|\n|t:|1700267254\n|switch|p2a: Quagsire|Quagsire, M|100\/100\n|turn|44\n|\n|t:|1700267257\n|move|p1a: Arceus|Flare Blitz|p2a: Quagsire\n|-resisted|p2a: Quagsire\n|-damage|p2a: Quagsire|61\/100\n|-damage|p1a: Arceus|57\/100|[from] Recoil\n|move|p2a: Quagsire|Stealth Rock|p1a: Arceus\n|-sidestart|p1: Oomaester1234|move: Stealth Rock\n|\n|-weather|none\n|upkeep\n|turn|45\n|\n|t:|1700267260\n|move|p1a: Arceus|Extreme Speed|p2a: Quagsire\n|-damage|p2a: Quagsire|42\/100\n|move|p2a: Quagsire|Recover|p2a: Quagsire\n|-heal|p2a: Quagsire|92\/100\n|\n|upkeep\n|turn|46\n|\n|t:|1700267264\n|move|p1a: Arceus|Recover|p1a: Arceus\n|-heal|p1a: Arceus|100\/100\n|move|p2a: Quagsire|Earthquake|p1a: Arceus\n|-supereffective|p1a: Arceus\n|-damage|p1a: Arceus|54\/100\n|\n|upkeep\n|turn|47\n|\n|t:|1700267267\n|switch|p1a: Volcarona|Volcarona, M, shiny, tera:Ground|80\/100\n|move|p2a: Quagsire|Toxic|p1a: Volcarona\n|-status|p1a: Volcarona|tox\n|\n|-damage|p1a: Volcarona|74\/100 tox|[from] psn\n|upkeep\n|turn|48\n|\n|t:|1700267272\n|switch|p2a: Blissey|Blissey, F|74\/100\n|move|p1a: Volcarona|Giga Drain|p2a: Blissey\n|-damage|p2a: Blissey|66\/100\n|-heal|p1a: Volcarona|84\/100 tox|[from] drain|[of] p2a: Blissey\n|\n|-damage|p1a: Volcarona|72\/100 tox|[from] psn\n|upkeep\n|turn|49\n|\n|t:|1700267275\n|switch|p1a: Arceus|Arceus-Fire|54\/100\n|-damage|p1a: Arceus|29\/100|[from] Spikes\n|-damage|p1a: Arceus|4\/100|[from] Stealth Rock\n|move|p2a: Blissey|Seismic Toss|p1a: Arceus\n|-damage|p1a: Arceus|0 fnt\n|faint|p1a: Arceus\n|\n|upkeep\n|\n|t:|1700267277\n|switch|p1a: Volcarona|Volcarona, M, shiny, tera:Ground|72\/100 tox\n|turn|50\n|\n|t:|1700267280\n|switch|p2a: Zamazenta|Zamazenta-Crowned|100\/100\n|-damage|p2a: Zamazenta|98\/100|[from] Stealth Rock\n|-ability|p2a: Zamazenta|Dauntless Shield|boost\n|-boost|p2a: Zamazenta|def|1\n|move|p1a: Volcarona|Fiery Dance|p2a: Zamazenta\n|-supereffective|p2a: Zamazenta\n|-damage|p2a: Zamazenta|34\/100\n|-boost|p1a: Volcarona|spa|1\n|\n|-damage|p1a: Volcarona|66\/100 tox|[from] psn\n|upkeep\n|turn|51\n|c|\u2606Oomaester1234|ggs\n|\n|t:|1700267282\n|move|p2a: Zamazenta|Body Press|p1a: Volcarona\n|-damage|p1a: Volcarona|0 fnt\n|faint|p1a: Volcarona\n|\n|win|babynogalXD\n|l|\u2606Oomaester1234\n|c|\u2606babynogalXD|Gg\n|l|\u2606babynogalXD\n|l| NewHoovybeast05\n|j|\u2606babynogalXD\n|player|p2|babynogalXD|ethan\n","uploadtime":1700267306,"views":12,"p1id":"oomaester1234","p2id":"babynogalxd","formatid":"gen9ubers","rating":0,"private":0,"password":""}