{"id":"gen9ubers-1976362686","p1":"Nitro524","p2":"Genestealer-harr","format":"[Gen 9] Ubers","log":"|j|\u2606Nitro524\n|j|\u2606Genestealer-harr\n|t:|1698291407\n|gametype|singles\n|player|p1|Nitro524|170|\n|player|p2|Genestealer-harr|170|\n|teamsize|p1|6\n|teamsize|p2|6\n|gen|9\n|tier|[Gen 9] Ubers\n|rule|Sleep Clause Mod: Limit one foe put to sleep\n|rule|Species Clause: Limit one of each Pok\u00e9mon\n|rule|OHKO Clause: OHKO moves are banned\n|rule|Evasion Items Clause: Evasion items are banned\n|rule|Evasion Moves Clause: Evasion moves are banned\n|rule|Endless Battle Clause: Forcing endless battles is banned\n|rule|HP Percentage Mod: HP is shown in percentages\n|clearpoke\n|poke|p1|Torkoal, M|\n|poke|p1|Chi-Yu|\n|poke|p1|Cyclizar, F|\n|poke|p1|Magearna|\n|poke|p1|Roaring Moon|\n|poke|p1|Walking Wake|\n|poke|p2|Sneasler, F|\n|poke|p2|Breloom, F|\n|poke|p2|Goodra-Hisui, M|\n|poke|p2|Manaphy|\n|poke|p2|Gengar, M|\n|poke|p2|Arceus-Fire|\n|teampreview\n|inactive|Battle timer is ON: inactive players will automatically lose when time's up. (requested by Genestealer-harr)\n|c|\u2606Nitro524|glhf\n|c|\u2606Genestealer-harr|gl hf\n|\n|t:|1698291434\n|start\n|switch|p1a: Cecil|Torkoal, M|100\/100\n|switch|p2a: Gengar|Gengar, M|100\/100\n|-weather|SunnyDay|[from] ability: Drought|[of] p1a: Cecil\n|turn|1\n|\n|t:|1698291446\n|move|p2a: Gengar|Sludge Bomb|p1a: Cecil\n|-damage|p1a: Cecil|13\/100\n|-status|p1a: Cecil|psn\n|-damage|p2a: Gengar|91\/100|[from] item: Life Orb\n|move|p1a: Cecil|Stealth Rock|p2a: Gengar\n|-sidestart|p2: Genestealer-harr|move: Stealth Rock\n|\n|-weather|SunnyDay|[upkeep]\n|-damage|p1a: Cecil|1\/100 psn|[from] psn\n|upkeep\n|turn|2\n|\n|t:|1698291460\n|switch|p2a: Manaphy|Manaphy|100\/100\n|-damage|p2a: Manaphy|88\/100|[from] Stealth Rock\n|switch|p1a: Bitch Bot 3000|Magearna|100\/100\n|\n|-weather|SunnyDay|[upkeep]\n|upkeep\n|turn|3\n|inactive|Nitro524 has 270 seconds left.\n|\n|t:|1698291497\n|switch|p2a: Arceus|Arceus-Fire|100\/100\n|-damage|p2a: Arceus|76\/100|[from] Stealth Rock\n|move|p1a: Bitch Bot 3000|Draining Kiss|p2a: Arceus\n|-resisted|p2a: Arceus\n|-damage|p2a: Arceus|67\/100\n|\n|-weather|SunnyDay|[upkeep]\n|upkeep\n|turn|4\n|inactive|Nitro524 has 270 seconds left.\n|\n|t:|1698291510\n|switch|p1a: Decorative Wings|Roaring Moon|100\/100\n|-activate|p1a: Decorative Wings|ability: Protosynthesis\n|-start|p1a: Decorative Wings|protosynthesisspe\n|move|p2a: Arceus|Taunt|p1a: Decorative Wings\n|-start|p1a: Decorative Wings|move: Taunt\n|\n|-weather|SunnyDay|[upkeep]\n|upkeep\n|turn|5\n|inactive|Nitro524 has 270 seconds left.\n|c|\u2606Nitro524|lel\n|j| Kabunger\n|\n|t:|1698291528\n|switch|p2a: Gengar|Gengar, M|91\/100\n|-damage|p2a: Gengar|78\/100|[from] Stealth Rock\n|move|p1a: Decorative Wings|Earthquake|p2a: Gengar\n|-supereffective|p2a: Gengar\n|-damage|p2a: Gengar|0 fnt\n|-start|p1a: Decorative Wings|Disable|Earthquake|[from] ability: Cursed Body|[of] p2a: Gengar\n|faint|p2a: Gengar\n|\n|-weather|SunnyDay|[upkeep]\n|upkeep\n|c| Kabunger|It is I\n|c| Kabunger|Kabunger\n|c|\u2606Nitro524|Kabunger\n|\n|t:|1698291542\n|switch|p2a: Goodra|Goodra-Hisui, M|100\/100\n|-damage|p2a: Goodra|95\/100|[from] Stealth Rock\n|turn|6\n|c|\u2606Genestealer-harr|kabunger\n|\n|t:|1698291558\n|move|p1a: Decorative Wings|Knock Off|p2a: Goodra\n|-damage|p2a: Goodra|49\/100\n|-enditem|p2a: Goodra|Assault Vest|[from] move: Knock Off|[of] p1a: Decorative Wings\n|move|p2a: Goodra|Ice Beam|p1a: Decorative Wings\n|-supereffective|p1a: Decorative Wings\n|-damage|p1a: Decorative Wings|50\/100\n|\n|-weather|SunnyDay|[upkeep]\n|-end|p1a: Decorative Wings|move: Taunt\n|upkeep\n|turn|7\n|inactive|Nitro524 has 270 seconds left.\n|\n|t:|1698291578\n|-terastallize|p1a: Decorative Wings|Steel\n|move|p1a: Decorative Wings|Dragon Dance|p1a: Decorative Wings\n|-boost|p1a: Decorative Wings|atk|1\n|-boost|p1a: Decorative Wings|spe|1\n|move|p2a: Goodra|Ice Beam|p1a: Decorative Wings\n|-resisted|p1a: Decorative Wings\n|-damage|p1a: Decorative Wings|38\/100\n|\n|-weather|SunnyDay|[upkeep]\n|upkeep\n|turn|8\n|inactive|Nitro524 has 270 seconds left.\n|\n|t:|1698291586\n|move|p1a: Decorative Wings|Knock Off|p2a: Goodra\n|-damage|p2a: Goodra|5\/100\n|move|p2a: Goodra|Fire Blast|p1a: Decorative Wings\n|-supereffective|p1a: Decorative Wings\n|-damage|p1a: Decorative Wings|0 fnt\n|faint|p1a: Decorative Wings\n|-end|p1a: Decorative Wings|Protosynthesis|[silent]\n|\n|-weather|none\n|upkeep\n|inactive|Nitro524 has 270 seconds left.\n|\n|t:|1698291595\n|switch|p1a: Did Not Smile Back|Chi-Yu|100\/100\n|-ability|p1a: Did Not Smile Back|Beads of Ruin\n|turn|9\n|\n|t:|1698291602\n|move|p1a: Did Not Smile Back|Flamethrower|p2a: Goodra\n|-damage|p2a: Goodra|0 fnt\n|faint|p2a: Goodra\n|\n|upkeep\n|\n|t:|1698291606\n|switch|p2a: Breloom|Breloom, F|100\/100\n|-damage|p2a: Breloom|94\/100|[from] Stealth Rock\n|turn|10\n|\n|t:|1698291611\n|move|p2a: Breloom|Mach Punch|p1a: Did Not Smile Back\n|-supereffective|p1a: Did Not Smile Back\n|-damage|p1a: Did Not Smile Back|0 fnt\n|faint|p1a: Did Not Smile Back\n|\n|upkeep\n|c|\u2606Nitro524|hi\n|inactive|Nitro524 has 270 seconds left.\n|\n|t:|1698291650\n|switch|p1a: Bitch Bot 3000|Magearna|100\/100\n|turn|11\n|\n|t:|1698291654\n|move|p2a: Breloom|Spore|p1a: Bitch Bot 3000\n|-status|p1a: Bitch Bot 3000|slp|[from] move: Spore\n|cant|p1a: Bitch Bot 3000|slp\n|\n|upkeep\n|turn|12\n|\n|t:|1698291666\n|switch|p2a: Arceus|Arceus-Fire|67\/100\n|-damage|p2a: Arceus|42\/100|[from] Stealth Rock\n|switch|p1a: Sitting Sleep|Walking Wake|100\/100\n|\n|upkeep\n|turn|13\n|inactive|Genestealer-harr has 270 seconds left.\n|inactive|Nitro524 has 270 seconds left.\n|\n|t:|1698291717\n|switch|p2a: Sneasler|Sneasler, F|100\/100\n|-damage|p2a: Sneasler|95\/100|[from] Stealth Rock\n|move|p1a: Sitting Sleep|Hydro Steam|p2a: Sneasler\n|-damage|p2a: Sneasler|14\/100\n|\n|upkeep\n|turn|14\n|\n|t:|1698291726\n|-end|p1a: Sitting Sleep|Protosynthesis|[silent]\n|switch|p1a: Cecil|Torkoal, M|1\/100 psn\n|-weather|SunnyDay|[from] ability: Drought|[of] p1a: Cecil\n|move|p2a: Sneasler|Dire Claw|p1a: Cecil\n|-damage|p1a: Cecil|0 fnt\n|faint|p1a: Cecil\n|\n|-weather|SunnyDay|[upkeep]\n|upkeep\n|\n|t:|1698291728\n|switch|p1a: Sitting Sleep|Walking Wake|100\/100\n|-activate|p1a: Sitting Sleep|ability: Protosynthesis\n|-start|p1a: Sitting Sleep|protosynthesisspe\n|turn|15\n|inactive|Nitro524 has 270 seconds left.\n|\n|t:|1698291742\n|switch|p2a: Breloom|Breloom, F|94\/100\n|-damage|p2a: Breloom|88\/100|[from] Stealth Rock\n|move|p1a: Sitting Sleep|Hydro Steam|p2a: Breloom\n|-resisted|p2a: Breloom\n|-damage|p2a: Breloom|0 fnt\n|faint|p2a: Breloom\n|\n|-weather|SunnyDay|[upkeep]\n|upkeep\n|\n|t:|1698291749\n|switch|p2a: Sneasler|Sneasler, F|14\/100\n|-damage|p2a: Sneasler|8\/100|[from] Stealth Rock\n|turn|16\n|\n|t:|1698291755\n|move|p2a: Sneasler|Fake Out|p1a: Sitting Sleep\n|-enditem|p2a: Sneasler|Normal Gem|[from] gem\n|-damage|p1a: Sitting Sleep|78\/100\n|cant|p1a: Sitting Sleep|flinch\n|\n|-weather|SunnyDay|[upkeep]\n|upkeep\n|turn|17\n|\n|t:|1698291762\n|move|p2a: Sneasler|Dire Claw|p1a: Sitting Sleep\n|-damage|p1a: Sitting Sleep|32\/100\n|-message|Sleep Clause Mod activated.\n|-hint|Sleep Clause Mod prevents players from putting more than one of their opponent's Pok\u00e9mon to sleep at a time\n|move|p1a: Sitting Sleep|Hydro Steam|p2a: Sneasler\n|-damage|p2a: Sneasler|0 fnt\n|faint|p2a: Sneasler\n|\n|-weather|SunnyDay|[upkeep]\n|upkeep\n|\n|t:|1698291769\n|switch|p2a: Manaphy|Manaphy|88\/100\n|-damage|p2a: Manaphy|76\/100|[from] Stealth Rock\n|turn|18\n|\n|t:|1698291776\n|-terastallize|p2a: Manaphy|Steel\n|move|p1a: Sitting Sleep|Hydro Steam|p2a: Manaphy\n|-damage|p2a: Manaphy|0 fnt\n|faint|p2a: Manaphy\n|\n|-weather|SunnyDay|[upkeep]\n|upkeep\n|\n|t:|1698291784\n|switch|p2a: Arceus|Arceus-Fire|42\/100\n|-damage|p2a: Arceus|17\/100|[from] Stealth Rock\n|turn|19\n|c|\u2606Nitro524|gg\n|\n|t:|1698291788\n|move|p1a: Sitting Sleep|Hydro Steam|p2a: Arceus\n|-supereffective|p2a: Arceus\n|-damage|p2a: Arceus|0 fnt\n|faint|p2a: Arceus\n|\n|win|Nitro524\n|l|\u2606Genestealer-harr\n","uploadtime":1698291795,"views":18,"p1id":"nitro524","p2id":"genestealerharr","formatid":"gen9ubers","rating":0,"private":0,"password":""}