{"id":"gen9ubers-1984215489","p1":"Botregard Q Kazoo","p2":"Eduzin17_YT","format":"[Gen 9] Ubers","log":"|j|\u2606Botregard Q Kazoo\n|j|\u2606Eduzin17_YT\n|t:|1699231124\n|gametype|singles\n|player|p1|Botregard Q Kazoo|bugsy|1079\n|player|p2|Eduzin17_YT|elesa-masters|1000\n|teamsize|p1|6\n|teamsize|p2|6\n|gen|9\n|tier|[Gen 9] Ubers\n|rated|\n|rule|Sleep Clause Mod: Limit one foe put to sleep\n|rule|Species Clause: Limit one of each Pok\u00e9mon\n|rule|OHKO Clause: OHKO moves are banned\n|rule|Evasion Items Clause: Evasion items are banned\n|rule|Evasion Moves Clause: Evasion moves are banned\n|rule|Endless Battle Clause: Forcing endless battles is banned\n|rule|HP Percentage Mod: HP is shown in percentages\n|clearpoke\n|poke|p1|Milotic, F|\n|poke|p1|Zapdos|\n|poke|p1|Kingambit, M|\n|poke|p1|Great Tusk|\n|poke|p1|Dondozo, F|\n|poke|p1|Dragapult, F|\n|poke|p2|Zoroark-Hisui, M|\n|poke|p2|Garchomp, M|\n|poke|p2|Glimmora, F|\n|poke|p2|Iron Bundle|\n|poke|p2|Miraidon|\n|poke|p2|Basculegion, M|\n|teampreview\n|inactive|Battle timer is ON: inactive players will automatically lose when time's up. (requested by Botregard Q Kazoo)\n|\n|t:|1699231130\n|start\n|switch|p1a: Great Tusk|Great Tusk|100\/100\n|switch|p2a: Basculegion|Basculegion, M|100\/100\n|-enditem|p1a: Great Tusk|Booster Energy\n|-activate|p1a: Great Tusk|ability: Protosynthesis|[fromitem]\n|-start|p1a: Great Tusk|protosynthesisatk\n|turn|1\n|\n|t:|1699231142\n|-end|p1a: Great Tusk|Protosynthesis|[silent]\n|switch|p1a: Dondozo|Dondozo, F|100\/100\n|move|p2a: Basculegion|Nasty Plot|p2a: Basculegion\n|-boost|p2a: Basculegion|spa|2\n|\n|upkeep\n|turn|2\n|\n|t:|1699231152\n|move|p2a: Basculegion|Bitter Malice|p1a: Dondozo\n|-damage|p1a: Dondozo|61\/100\n|-unboost|p1a: Dondozo|atk|1\n|move|p1a: Dondozo|Liquidation|p2a: Basculegion\n|-damage|p2a: Basculegion|63\/100\n|-unboost|p2a: Basculegion|def|1\n|replace|p2a: Zoroark|Zoroark-Hisui, M, shiny\n|-end|p2a: Zoroark|Illusion\n|\n|-heal|p1a: Dondozo|67\/100|[from] item: Leftovers\n|upkeep\n|turn|3\n|\n|t:|1699231168\n|move|p2a: Zoroark|Focus Blast|p1a: Dondozo\n|-damage|p1a: Dondozo|31\/100\n|move|p1a: Dondozo|Liquidation|p2a: Zoroark\n|-damage|p2a: Zoroark|26\/100\n|\n|-heal|p1a: Dondozo|37\/100|[from] item: Leftovers\n|upkeep\n|turn|4\n|\n|t:|1699231176\n|move|p2a: Zoroark|Bitter Malice|p1a: Dondozo\n|-damage|p1a: Dondozo|3\/100\n|-unboost|p1a: Dondozo|atk|1\n|move|p1a: Dondozo|Liquidation|p2a: Zoroark\n|-damage|p2a: Zoroark|0 fnt\n|faint|p2a: Zoroark\n|\n|-heal|p1a: Dondozo|9\/100|[from] item: Leftovers\n|upkeep\n|\n|t:|1699231185\n|switch|p2a: Garchomp|Garchomp, M|100\/100\n|turn|5\n|\n|t:|1699231192\n|switch|p1a: Milotic|Milotic, F, shiny|100\/100\n|move|p2a: Garchomp|Swords Dance|p2a: Garchomp\n|-boost|p2a: Garchomp|atk|2\n|\n|upkeep\n|turn|6\n|\n|t:|1699231205\n|-terastallize|p2a: Garchomp|Fairy\n|move|p2a: Garchomp|Poison Jab|p1a: Milotic\n|-damage|p1a: Milotic|43\/100\n|move|p1a: Milotic|Scald|p2a: Garchomp\n|-damage|p2a: Garchomp|72\/100\n|\n|-heal|p1a: Milotic|49\/100|[from] item: Leftovers\n|upkeep\n|turn|7\n|\n|t:|1699231215\n|switch|p1a: Kingambit|Kingambit, M|100\/100\n|move|p2a: Garchomp|Earthquake|p1a: Kingambit\n|-supereffective|p1a: Kingambit\n|-damage|p1a: Kingambit|0 fnt\n|faint|p1a: Kingambit\n|-end|p1a: Kingambit|fallenundefined|[silent]\n|\n|upkeep\n|\n|t:|1699231232\n|switch|p1a: Zapdos|Zapdos, shiny|100\/100\n|turn|8\n|\n|t:|1699231241\n|move|p2a: Garchomp|Dragon Claw|p1a: Zapdos\n|-damage|p1a: Zapdos|0 fnt\n|-status|p2a: Garchomp|par|[from] ability: Static|[of] p1a: Zapdos\n|faint|p1a: Zapdos\n|\n|upkeep\n|\n|t:|1699231248\n|switch|p1a: Milotic|Milotic, F, shiny|49\/100\n|turn|9\n|\n|t:|1699231252\n|move|p1a: Milotic|Haze|p1a: Milotic\n|-clearallboost\n|move|p2a: Garchomp|Poison Jab|p1a: Milotic\n|-damage|p1a: Milotic|21\/100\n|\n|-heal|p1a: Milotic|27\/100|[from] item: Leftovers\n|upkeep\n|turn|10\n|\n|t:|1699231262\n|move|p1a: Milotic|Recover|p1a: Milotic\n|-heal|p1a: Milotic|77\/100\n|cant|p2a: Garchomp|par\n|\n|-heal|p1a: Milotic|83\/100|[from] item: Leftovers\n|upkeep\n|turn|11\n|\n|t:|1699231269\n|switch|p2a: Iron Bundle|Iron Bundle|100\/100\n|move|p1a: Milotic|Scald|p2a: Iron Bundle\n|-resisted|p2a: Iron Bundle\n|-damage|p2a: Iron Bundle|88\/100\n|-status|p2a: Iron Bundle|brn\n|\n|-heal|p1a: Milotic|89\/100|[from] item: Leftovers\n|-damage|p2a: Iron Bundle|82\/100 brn|[from] brn\n|upkeep\n|turn|12\n|\n|t:|1699231280\n|move|p2a: Iron Bundle|Freeze-Dry|p1a: Milotic\n|-supereffective|p1a: Milotic\n|-damage|p1a: Milotic|56\/100\n|move|p1a: Milotic|Mirror Coat|p2a: Iron Bundle\n|-damage|p2a: Iron Bundle|0 fnt\n|faint|p2a: Iron Bundle\n|-end|p2a: Iron Bundle|Quark Drive|[silent]\n|\n|-heal|p1a: Milotic|62\/100|[from] item: Leftovers\n|upkeep\n|\n|t:|1699231289\n|switch|p2a: Miraidon|Miraidon|100\/100\n|-fieldstart|move: Electric Terrain|[from] ability: Hadron Engine|[of] p2a: Miraidon\n|turn|13\n|\n|t:|1699231297\n|switch|p1a: Great Tusk|Great Tusk|100\/100\n|move|p2a: Miraidon|Dragon Pulse|p1a: Great Tusk\n|-damage|p1a: Great Tusk|8\/100\n|\n|upkeep\n|turn|14\n|\n|t:|1699231305\n|move|p2a: Miraidon|Dragon Pulse|p1a: Great Tusk\n|-damage|p1a: Great Tusk|0 fnt\n|faint|p1a: Great Tusk\n|-end|p1a: Great Tusk|Protosynthesis|[silent]\n|\n|upkeep\n|\n|t:|1699231310\n|switch|p1a: Dragapult|Dragapult, F, shiny|100\/100\n|turn|15\n|\n|t:|1699231315\n|-terastallize|p1a: Dragapult|Fire\n|move|p2a: Miraidon|Dragon Pulse|p1a: Dragapult\n|-damage|p1a: Dragapult|14\/100\n|move|p1a: Dragapult|Dragon Darts|p2a: Miraidon\n|-supereffective|p2a: Miraidon\n|-damage|p2a: Miraidon|47\/100\n|-anim|p1a: Dragapult|Dragon Darts|p2a: Miraidon\n|-supereffective|p2a: Miraidon\n|-damage|p2a: Miraidon|0 fnt\n|faint|p2a: Miraidon\n|\n|-heal|p1a: Dragapult|20\/100|[from] item: Leftovers\n|upkeep\n|\n|t:|1699231325\n|switch|p2a: Glimmora|Glimmora, F|100\/100\n|-item|p2a: Glimmora|Air Balloon\n|turn|16\n|\n|t:|1699231332\n|move|p2a: Glimmora|Spiky Shield|p2a: Glimmora\n|-singleturn|p2a: Glimmora|move: Protect\n|move|p1a: Dragapult|Dragon Darts|p2a: Glimmora\n|-activate|p2a: Glimmora|move: Protect\n|\n|-heal|p1a: Dragapult|26\/100|[from] item: Leftovers\n|upkeep\n|turn|17\n|\n|t:|1699231340\n|move|p1a: Dragapult|Dragon Darts|p2a: Glimmora\n|-damage|p2a: Glimmora|78\/100\n|-activate|p2a: Glimmora|ability: Toxic Debris\n|-sidestart|p1: Botregard Q Kazoo|move: Toxic Spikes\n|-enditem|p2a: Glimmora|Air Balloon\n|-anim|p1a: Dragapult|Dragon Darts|p2a: Glimmora\n|-crit|p2a: Glimmora\n|-damage|p2a: Glimmora|40\/100\n|-activate|p2a: Glimmora|ability: Toxic Debris\n|-sidestart|p1: Botregard Q Kazoo|move: Toxic Spikes\n|move|p2a: Glimmora|Mortal Spin|p1a: Dragapult\n|-damage|p1a: Dragapult|18\/100\n|-status|p1a: Dragapult|psn\n|\n|-heal|p1a: Dragapult|24\/100 psn|[from] item: Leftovers\n|-damage|p1a: Dragapult|12\/100 psn|[from] psn\n|-fieldend|move: Electric Terrain\n|upkeep\n|turn|18\n|\n|t:|1699231358\n|move|p2a: Glimmora|Spiky Shield|p2a: Glimmora\n|-singleturn|p2a: Glimmora|move: Protect\n|move|p1a: Dragapult|Dragon Dance|p1a: Dragapult\n|-boost|p1a: Dragapult|atk|1\n|-boost|p1a: Dragapult|spe|1\n|\n|-heal|p1a: Dragapult|17\/100 psn|[from] item: Leftovers\n|-damage|p1a: Dragapult|5\/100 psn|[from] psn\n|upkeep\n|turn|19\n|\n|t:|1699231366\n|move|p1a: Dragapult|Dragon Darts|p2a: Glimmora\n|-damage|p2a: Glimmora|4\/100\n|-anim|p1a: Dragapult|Dragon Darts|p2a: Glimmora\n|-damage|p2a: Glimmora|0 fnt\n|faint|p2a: Glimmora\n|\n|-heal|p1a: Dragapult|11\/100 psn|[from] item: Leftovers\n|-damage|p1a: Dragapult|0 fnt|[from] psn\n|faint|p1a: Dragapult\n|upkeep\n|\n|t:|1699231376\n|switch|p1a: Milotic|Milotic, F, shiny|62\/100\n|switch|p2a: Garchomp|Garchomp, M, tera:Fairy|72\/100 par\n|-status|p1a: Milotic|tox\n|turn|20\n|\n|t:|1699231386\n|move|p1a: Milotic|Scald|p2a: Garchomp\n|-damage|p2a: Garchomp|41\/100 par\n|cant|p2a: Garchomp|par\n|\n|-heal|p1a: Milotic|68\/100 tox|[from] item: Leftovers\n|-damage|p1a: Milotic|62\/100 tox|[from] psn\n|upkeep\n|turn|21\n|\n|t:|1699231395\n|move|p1a: Milotic|Scald|p2a: Garchomp\n|-damage|p2a: Garchomp|8\/100 par\n|cant|p2a: Garchomp|par\n|\n|-heal|p1a: Milotic|68\/100 tox|[from] item: Leftovers\n|-damage|p1a: Milotic|56\/100 tox|[from] psn\n|upkeep\n|turn|22\n|\n|t:|1699231401\n|move|p1a: Milotic|Scald|p2a: Garchomp\n|-damage|p2a: Garchomp|0 fnt\n|faint|p2a: Garchomp\n|\n|-heal|p1a: Milotic|62\/100 tox|[from] item: Leftovers\n|-damage|p1a: Milotic|43\/100 tox|[from] psn\n|upkeep\n|\n|t:|1699231403\n|switch|p2a: Basculegion|Basculegion, M|100\/100\n|turn|23\n|\n|t:|1699231411\n|move|p2a: Basculegion|Last Respects|p1a: Milotic\n|-damage|p1a: Milotic|0 fnt\n|faint|p1a: Milotic\n|\n|upkeep\n|\n|t:|1699231413\n|switch|p1a: Dondozo|Dondozo, F|9\/100\n|-status|p1a: Dondozo|tox\n|turn|24\n|\n|t:|1699231425\n|move|p2a: Basculegion|Last Respects|p1a: Dondozo\n|-damage|p1a: Dondozo|0 fnt\n|faint|p1a: Dondozo\n|\n|win|Eduzin17_YT\n|raw|Botregard Q Kazoo's rating: 1079 &rarr; <strong>1052<\/strong><br \/>(-27 for losing)\n|raw|Eduzin17_YT's rating: 1000 &rarr; <strong>1049<\/strong><br \/>(+49 for winning)\n","uploadtime":1699231431,"views":11,"p1id":"botregardqkazoo","p2id":"eduzin17yt","formatid":"gen9ubers","rating":1049,"private":0,"password":""}