{"id":"gen9ubers-1989066007","p1":"babynogalXD","p2":"Duvox","format":"[Gen 9] Ubers","log":"|j|\u2606babynogalXD\n|j|\u2606Duvox\n|t:|1699808435\n|gametype|singles\n|player|p1|babynogalXD|hilbert|\n|player|p2|Duvox|265|\n|teamsize|p1|6\n|teamsize|p2|6\n|gen|9\n|tier|[Gen 9] Ubers\n|rule|Sleep Clause Mod: Limit one foe put to sleep\n|rule|Species Clause: Limit one of each Pok\u00e9mon\n|rule|OHKO Clause: OHKO moves are banned\n|rule|Evasion Items Clause: Evasion items are banned\n|rule|Evasion Moves Clause: Evasion moves are banned\n|rule|Endless Battle Clause: Forcing endless battles is banned\n|rule|HP Percentage Mod: HP is shown in percentages\n|clearpoke\n|poke|p1|Torkoal, M|\n|poke|p1|Walking Wake|\n|poke|p1|Chi-Yu|\n|poke|p1|Cinderace, F|\n|poke|p1|Alomomola, F|\n|poke|p1|Dialga|\n|poke|p2|Arceus-Fire|\n|poke|p2|Magearna|\n|poke|p2|Chi-Yu|\n|poke|p2|Palafin, M|\n|poke|p2|Cyclizar, F|\n|poke|p2|Weavile, F|\n|teampreview\n|c|\u2606Duvox|gl\n|c|\u2606babynogalXD|U2\n|\n|t:|1699808460\n|start\n|switch|p1a: Dialga|Dialga|100\/100\n|switch|p2a: Palafin|Palafin, M|100\/100\n|-ability|p1a: Dialga|Pressure\n|turn|1\n|\n|t:|1699808496\n|move|p2a: Palafin|Flip Turn|p1a: Dialga\n|-resisted|p1a: Dialga\n|-damage|p1a: Dialga|90\/100\n|-damage|p2a: Palafin|91\/100|[from] item: Life Orb\n|\n|t:|1699808509\n|detailschange|p2a: Palafin|Palafin-Hero, M\n|switch|p2a: Chi-Yu|Chi-Yu|100\/100|[from] Flip Turn\n|-ability|p2a: Chi-Yu|Beads of Ruin\n|move|p1a: Dialga|Thunder Wave|p2a: Chi-Yu|[miss]\n|-miss|p1a: Dialga|p2a: Chi-Yu\n|\n|upkeep\n|turn|2\n|c|\u2606babynogalXD|No way\n|c|\u2606Duvox|wow\n|\n|t:|1699808528\n|move|p2a: Chi-Yu|Overheat|p1a: Dialga\n|-damage|p1a: Dialga|11\/100\n|-unboost|p2a: Chi-Yu|spa|2\n|move|p1a: Dialga|Thunder Wave|p2a: Chi-Yu\n|-status|p2a: Chi-Yu|par\n|\n|upkeep\n|turn|3\n|c|\u2606Duvox|there you go\n|\n|t:|1699808544\n|switch|p1a: Walking Wake|Walking Wake|100\/100\n|cant|p2a: Chi-Yu|par\n|\n|upkeep\n|turn|4\n|\n|t:|1699808556\n|switch|p2a: Magearna|Magearna|100\/100\n|move|p1a: Walking Wake|Hydro Steam|p2a: Magearna\n|-damage|p2a: Magearna|54\/100\n|\n|-heal|p2a: Magearna|60\/100|[from] item: Leftovers\n|upkeep\n|turn|5\n|\n|t:|1699808575\n|-end|p1a: Walking Wake|Protosynthesis|[silent]\n|switch|p1a: Cinderace|Cinderace, F|100\/100\n|move|p2a: Magearna|Fleur Cannon|p1a: Cinderace\n|-resisted|p1a: Cinderace\n|-damage|p1a: Cinderace|54\/100\n|-unboost|p2a: Magearna|spa|2\n|\n|-heal|p2a: Magearna|66\/100|[from] item: Leftovers\n|upkeep\n|turn|6\n|\n|t:|1699808590\n|switch|p2a: Arceus|Arceus-Fire|100\/100\n|move|p1a: Cinderace|U-turn|p2a: Arceus\n|-resisted|p2a: Arceus\n|-damage|p2a: Arceus|94\/100\n|\n|t:|1699808600\n|switch|p1a: Torkoal|Torkoal, M|100\/100|[from] U-turn\n|-weather|SunnyDay|[from] ability: Drought|[of] p1a: Torkoal\n|\n|-weather|SunnyDay|[upkeep]\n|upkeep\n|turn|7\n|\n|t:|1699808611\n|move|p2a: Arceus|Calm Mind|p2a: Arceus\n|-boost|p2a: Arceus|spa|1\n|-boost|p2a: Arceus|spd|1\n|move|p1a: Torkoal|Yawn|p2a: Arceus\n|-start|p2a: Arceus|move: Yawn|[of] p1a: Torkoal\n|\n|-weather|SunnyDay|[upkeep]\n|upkeep\n|turn|8\n|\n|t:|1699808631\n|move|p2a: Arceus|Judgment|p1a: Torkoal\n|-resisted|p1a: Torkoal\n|-damage|p1a: Torkoal|14\/100\n|move|p1a: Torkoal|Stealth Rock|p2a: Arceus\n|-sidestart|p2: Duvox|move: Stealth Rock\n|\n|-weather|SunnyDay|[upkeep]\n|-end|p2a: Arceus|move: Yawn|[silent]\n|-status|p2a: Arceus|slp\n|upkeep\n|turn|9\n|\n|t:|1699808639\n|switch|p1a: Walking Wake|Walking Wake|100\/100\n|-activate|p1a: Walking Wake|ability: Protosynthesis\n|-start|p1a: Walking Wake|protosynthesisspe\n|cant|p2a: Arceus|slp\n|\n|-weather|SunnyDay|[upkeep]\n|upkeep\n|turn|10\n|\n|t:|1699808659\n|switch|p2a: Chi-Yu|Chi-Yu|100\/100 par\n|-damage|p2a: Chi-Yu|76\/100 par|[from] Stealth Rock\n|-ability|p2a: Chi-Yu|Beads of Ruin\n|move|p1a: Walking Wake|Hydro Steam|p2a: Chi-Yu\n|-supereffective|p2a: Chi-Yu\n|-damage|p2a: Chi-Yu|0 fnt\n|faint|p2a: Chi-Yu\n|\n|-weather|SunnyDay|[upkeep]\n|upkeep\n|\n|t:|1699808677\n|switch|p2a: Palafin|Palafin-Hero, M|91\/100\n|-damage|p2a: Palafin|78\/100|[from] Stealth Rock\n|-activate|p2a: Palafin|ability: Zero to Hero\n|turn|11\n|\n|t:|1699808686\n|-end|p1a: Walking Wake|Protosynthesis|[silent]\n|switch|p1a: Dialga|Dialga|11\/100\n|-ability|p1a: Dialga|Pressure\n|move|p2a: Palafin|Drain Punch|p1a: Dialga\n|-supereffective|p1a: Dialga\n|-damage|p1a: Dialga|0 fnt\n|-heal|p2a: Palafin|85\/100|[from] drain|[of] p1a: Dialga\n|faint|p1a: Dialga\n|-damage|p2a: Palafin|75\/100|[from] item: Life Orb\n|\n|-weather|SunnyDay|[upkeep]\n|upkeep\n|\n|t:|1699808694\n|switch|p1a: Alomomola|Alomomola, F|100\/100\n|turn|12\n|\n|t:|1699808707\n|move|p2a: Palafin|Bulk Up|p2a: Palafin\n|-boost|p2a: Palafin|atk|1\n|-boost|p2a: Palafin|def|1\n|move|p1a: Alomomola|Flip Turn|p2a: Palafin\n|-resisted|p2a: Palafin\n|-damage|p2a: Palafin|72\/100\n|\n|t:|1699808709\n|switch|p1a: Walking Wake|Walking Wake|100\/100|[from] Flip Turn\n|-activate|p1a: Walking Wake|ability: Protosynthesis\n|-start|p1a: Walking Wake|protosynthesisspe\n|\n|-weather|SunnyDay|[upkeep]\n|upkeep\n|turn|13\n|\n|t:|1699808714\n|move|p1a: Walking Wake|Draco Meteor|p2a: Palafin\n|-damage|p2a: Palafin|0 fnt\n|-unboost|p1a: Walking Wake|spa|2\n|faint|p2a: Palafin\n|\n|-weather|none\n|-end|p1a: Walking Wake|Protosynthesis\n|upkeep\n|\n|t:|1699808726\n|switch|p2a: Magearna|Magearna|66\/100\n|-damage|p2a: Magearna|60\/100|[from] Stealth Rock\n|turn|14\n|\n|t:|1699808729\n|-end|p1a: Walking Wake|Protosynthesis|[silent]\n|switch|p1a: Cinderace|Cinderace, F|54\/100\n|move|p2a: Magearna|Calm Mind|p2a: Magearna\n|-boost|p2a: Magearna|spa|1\n|-boost|p2a: Magearna|spd|1\n|\n|-heal|p2a: Magearna|66\/100|[from] item: Leftovers\n|upkeep\n|turn|15\n|\n|t:|1699808740\n|-terastallize|p2a: Magearna|Ground\n|move|p1a: Cinderace|Pyro Ball|p2a: Magearna\n|-damage|p2a: Magearna|21\/100\n|move|p2a: Magearna|Tera Blast|p1a: Cinderace|[anim] Tera Blast Ground\n|-supereffective|p1a: Cinderace\n|-crit|p1a: Cinderace\n|-damage|p1a: Cinderace|0 fnt\n|faint|p1a: Cinderace\n|-ability|p2a: Magearna|Soul-Heart|boost\n|-boost|p2a: Magearna|spa|1\n|\n|-heal|p2a: Magearna|27\/100|[from] item: Leftovers\n|upkeep\n|\n|t:|1699808751\n|switch|p1a: Walking Wake|Walking Wake|100\/100\n|turn|16\n|\n|t:|1699808765\n|move|p1a: Walking Wake|Hydro Steam|p2a: Magearna\n|-supereffective|p2a: Magearna\n|-damage|p2a: Magearna|0 fnt\n|faint|p2a: Magearna\n|\n|upkeep\n|\n|t:|1699808781\n|switch|p2a: Arceus|Arceus-Fire|94\/100 slp\n|-damage|p2a: Arceus|69\/100 slp|[from] Stealth Rock\n|turn|17\n|\n|t:|1699808790\n|cant|p2a: Arceus|slp\n|move|p1a: Walking Wake|Hydro Steam|p2a: Arceus\n|-supereffective|p2a: Arceus\n|-damage|p2a: Arceus|0 fnt\n|faint|p2a: Arceus\n|\n|upkeep\n|\n|t:|1699808796\n|switch|p2a: Cyclizar|Cyclizar, F|100\/100\n|-damage|p2a: Cyclizar|88\/100|[from] Stealth Rock\n|turn|18\n|\n|t:|1699808807\n|-end|p1a: Walking Wake|Protosynthesis|[silent]\n|switch|p1a: Chi-Yu|Chi-Yu|100\/100\n|-ability|p1a: Chi-Yu|Beads of Ruin\n|move|p2a: Cyclizar|Protect||[still]\n|-fail|p2a: Cyclizar\n|\n|-heal|p2a: Cyclizar|94\/100|[from] item: Leftovers\n|upkeep\n|turn|19\n|\n|t:|1699808816\n|move|p1a: Chi-Yu|Flamethrower|p2a: Cyclizar\n|-resisted|p2a: Cyclizar\n|-damage|p2a: Cyclizar|42\/100\n|move|p2a: Cyclizar|Shed Tail|p2a: Cyclizar\n|-fail|p2a: Cyclizar|move: Shed Tail|[weak]\n|\n|-heal|p2a: Cyclizar|48\/100|[from] item: Leftovers\n|upkeep\n|turn|20\n|\n|t:|1699808822\n|move|p1a: Chi-Yu|Flamethrower|p2a: Cyclizar\n|-resisted|p2a: Cyclizar\n|-damage|p2a: Cyclizar|0 fnt\n|faint|p2a: Cyclizar\n|\n|upkeep\n|\n|t:|1699808825\n|switch|p2a: Weavile|Weavile, F, shiny|100\/100\n|-ability|p2a: Weavile|Pressure\n|turn|21\n|c|\u2606Duvox|gg\n|c|\u2606babynogalXD|Gg\n|\n|t:|1699808837\n|-terastallize|p1a: Chi-Yu|Fire\n|move|p1a: Chi-Yu|Flamethrower|p2a: Weavile\n|-supereffective|p2a: Weavile\n|-damage|p2a: Weavile|0 fnt\n|faint|p2a: Weavile\n|\n|win|babynogalXD\n|l|\u2606babynogalXD\n","uploadtime":1699808861,"views":9,"p1id":"babynogalxd","p2id":"duvox","formatid":"gen9ubers","rating":0,"private":0,"password":""}