{"id":"gen9ubers-1987158575","p1":"ioria890","p2":"torttin","format":"[Gen 9] Ubers","log":"|j|\u2606ioria890\n|j|\u2606torttin\n|t:|1699560951\n|gametype|singles\n|player|p1|ioria890|lucas|1000\n|player|p2|torttin|waiter-gen4|1019\n|teamsize|p1|6\n|teamsize|p2|6\n|gen|9\n|tier|[Gen 9] Ubers\n|rated|\n|rule|Sleep Clause Mod: Limit one foe put to sleep\n|rule|Species Clause: Limit one of each Pok\u00e9mon\n|rule|OHKO Clause: OHKO moves are banned\n|rule|Evasion Items Clause: Evasion items are banned\n|rule|Evasion Moves Clause: Evasion moves are banned\n|rule|Endless Battle Clause: Forcing endless battles is banned\n|rule|HP Percentage Mod: HP is shown in percentages\n|clearpoke\n|poke|p1|Charizard, M|\n|poke|p1|Gliscor, M|\n|poke|p1|Lucario, M|\n|poke|p1|Greninja-*, M|\n|poke|p1|Raichu-Alola, F|\n|poke|p1|Golem, F|\n|poke|p2|Landorus, M|\n|poke|p2|Eternatus|\n|poke|p2|Breloom, F|\n|poke|p2|Chi-Yu|\n|poke|p2|Flutter Mane|\n|poke|p2|Garganacl, M|\n|teampreview\n|\n|t:|1699560961\n|start\n|switch|p1a: Raichu|Raichu-Alola, F|100\/100\n|switch|p2a: Salz|Garganacl, M|100\/100\n|turn|1\n|\n|t:|1699560973\n|move|p1a: Raichu|Light Screen|p1a: Raichu\n|-sidestart|p1: ioria890|move: Light Screen\n|move|p2a: Salz|Salt Cure|p1a: Raichu\n|-damage|p1a: Raichu|74\/100\n|-start|p1a: Raichu|Salt Cure\n|\n|-damage|p1a: Raichu|61\/100|[from] Salt Cure\n|upkeep\n|turn|2\n|\n|t:|1699560980\n|move|p1a: Raichu|Reflect|p1a: Raichu\n|-sidestart|p1: ioria890|Reflect\n|move|p2a: Salz|Stone Edge|p1a: Raichu|[miss]\n|-miss|p2a: Salz|p1a: Raichu\n|\n|-damage|p1a: Raichu|49\/100|[from] Salt Cure\n|upkeep\n|-enditem|p1a: Raichu|Oran Berry|[eat]\n|-heal|p1a: Raichu|52\/100|[from] item: Oran Berry\n|turn|3\n|\n|t:|1699560991\n|move|p1a: Raichu|Psychic|p2a: Salz\n|-damage|p2a: Salz|69\/100\n|move|p2a: Salz|Stone Edge|p1a: Raichu\n|-damage|p1a: Raichu|14\/100\n|\n|-damage|p1a: Raichu|1\/100|[from] Salt Cure\n|upkeep\n|turn|4\n|\n|t:|1699561002\n|move|p1a: Raichu|Psychic|p2a: Salz\n|-damage|p2a: Salz|37\/100\n|move|p2a: Salz|Recover|p2a: Salz\n|-heal|p2a: Salz|87\/100\n|\n|-damage|p1a: Raichu|0 fnt|[from] Salt Cure\n|faint|p1a: Raichu\n|upkeep\n|\n|t:|1699561008\n|switch|p1a: Lucario|Lucario, M|100\/100\n|turn|5\n|\n|t:|1699561015\n|move|p1a: Lucario|Aura Sphere|p2a: Salz\n|-supereffective|p2a: Salz\n|-damage|p2a: Salz|6\/100\n|move|p2a: Salz|Substitute|p2a: Salz\n|-fail|p2a: Salz|move: Substitute|[weak]\n|\n|-sideend|p1: ioria890|move: Light Screen\n|upkeep\n|turn|6\n|\n|t:|1699561026\n|switch|p2a: Spooks|Flutter Mane, shiny|100\/100\n|move|p1a: Lucario|Bullet Punch|p2a: Spooks\n|-supereffective|p2a: Spooks\n|-damage|p2a: Spooks|0 fnt\n|faint|p2a: Spooks\n|-end|p2a: Spooks|Protosynthesis|[silent]\n|\n|-sideend|p1: ioria890|Reflect\n|upkeep\n|\n|t:|1699561038\n|switch|p2a: Lando|Landorus, M|100\/100\n|turn|7\n|\n|t:|1699561045\n|move|p1a: Lucario|Bullet Punch|p2a: Lando\n|-damage|p2a: Lando|79\/100\n|move|p2a: Lando|Earthquake|p1a: Lucario\n|-supereffective|p1a: Lucario\n|-damage|p1a: Lucario|0 fnt\n|faint|p1a: Lucario\n|\n|upkeep\n|\n|t:|1699561052\n|switch|p1a: Gliscor|Gliscor, M|100\/100\n|turn|8\n|\n|t:|1699561061\n|switch|p2a: Breloom|Breloom, F, shiny|100\/100\n|move|p1a: Gliscor|X-Scissor|p2a: Breloom\n|-damage|p2a: Breloom|65\/100\n|\n|-status|p1a: Gliscor|tox|[from] item: Toxic Orb\n|upkeep\n|turn|9\n|\n|t:|1699561070\n|move|p1a: Gliscor|Acrobatics|p2a: Breloom\n|-supereffective|p2a: Breloom\n|-damage|p2a: Breloom|0 fnt\n|faint|p2a: Breloom\n|\n|upkeep\n|\n|t:|1699561076\n|switch|p2a: Chi-Yu|Chi-Yu|100\/100\n|-ability|p2a: Chi-Yu|Beads of Ruin\n|turn|10\n|\n|t:|1699561081\n|move|p2a: Chi-Yu|Hex|p1a: Gliscor\n|-damage|p1a: Gliscor|11\/100 tox\n|move|p1a: Gliscor|Earthquake|p2a: Chi-Yu\n|-supereffective|p2a: Chi-Yu\n|-damage|p2a: Chi-Yu|0 fnt\n|faint|p2a: Chi-Yu\n|\n|-heal|p1a: Gliscor|24\/100 tox|[from] ability: Poison Heal\n|upkeep\n|\n|t:|1699561091\n|switch|p2a: Eternatus|Eternatus|100\/100\n|-ability|p2a: Eternatus|Pressure\n|turn|11\n|\n|t:|1699561097\n|move|p2a: Eternatus|Dynamax Cannon|p1a: Gliscor\n|-damage|p1a: Gliscor|0 fnt\n|faint|p1a: Gliscor\n|\n|upkeep\n|\n|t:|1699561105\n|switch|p1a: Golem|Golem, F|100\/100\n|turn|12\n|\n|t:|1699561114\n|switch|p2a: Lando|Landorus, M|79\/100\n|move|p1a: Golem|Explosion|p2a: Lando\n|-damage|p2a: Lando|0 fnt\n|faint|p1a: Golem\n|faint|p2a: Lando\n|\n|upkeep\n|\n|t:|1699561126\n|switch|p2a: Salz|Garganacl, M|6\/100\n|switch|p1a: Greninja|Greninja, M|100\/100\n|turn|13\n|\n|t:|1699561131\n|move|p1a: Greninja|Water Shuriken|p2a: Salz\n|-supereffective|p2a: Salz\n|-damage|p2a: Salz|0 fnt\n|faint|p2a: Salz\n|-ability|p1a: Greninja|Battle Bond|boost\n|-boost|p1a: Greninja|atk|1\n|-boost|p1a: Greninja|spa|1\n|-boost|p1a: Greninja|spe|1\n|-activate|p1a: Greninja|ability: Battle Bond\n|-hitcount|p2: Salz|1\n|\n|upkeep\n|\n|t:|1699561140\n|switch|p2a: Eternatus|Eternatus|100\/100\n|-ability|p2a: Eternatus|Pressure\n|turn|14\n|\n|t:|1699561149\n|move|p1a: Greninja|Water Shuriken|p2a: Eternatus\n|-resisted|p2a: Eternatus\n|-damage|p2a: Eternatus|98\/100\n|-resisted|p2a: Eternatus\n|-damage|p2a: Eternatus|95\/100\n|-hitcount|p2a: Eternatus|2\n|move|p2a: Eternatus|Toxic|p1a: Greninja\n|-status|p1a: Greninja|tox\n|\n|-heal|p2a: Eternatus|100\/100|[from] item: Leftovers\n|-damage|p1a: Greninja|95\/100 tox|[from] psn\n|upkeep\n|turn|15\n|\n|t:|1699561161\n|move|p1a: Greninja|Night Slash|p2a: Eternatus\n|-damage|p2a: Eternatus|68\/100\n|move|p2a: Eternatus|Dynamax Cannon|p1a: Greninja\n|-damage|p1a: Greninja|30\/100 tox\n|\n|-heal|p2a: Eternatus|74\/100|[from] item: Leftovers\n|-damage|p1a: Greninja|18\/100 tox|[from] psn\n|upkeep\n|turn|16\n|\n|t:|1699561172\n|move|p1a: Greninja|Night Slash|p2a: Eternatus\n|-damage|p2a: Eternatus|43\/100\n|move|p2a: Eternatus|Recover|p2a: Eternatus\n|-heal|p2a: Eternatus|93\/100\n|\n|-heal|p2a: Eternatus|99\/100|[from] item: Leftovers\n|-damage|p1a: Greninja|0 fnt|[from] psn\n|faint|p1a: Greninja\n|upkeep\n|\n|t:|1699561181\n|switch|p1a: Charizard|Charizard, M|100\/100\n|turn|17\n|\n|t:|1699561193\n|move|p2a: Eternatus|Toxic|p1a: Charizard\n|-status|p1a: Charizard|tox\n|move|p1a: Charizard|Earthquake|p2a: Eternatus\n|-supereffective|p2a: Eternatus\n|-damage|p2a: Eternatus|63\/100\n|\n|-heal|p2a: Eternatus|69\/100|[from] item: Leftovers\n|-damage|p1a: Charizard|94\/100 tox|[from] psn\n|upkeep\n|turn|18\n|\n|t:|1699561202\n|move|p2a: Eternatus|Dynamax Cannon|p1a: Charizard\n|-damage|p1a: Charizard|37\/100 tox\n|move|p1a: Charizard|Air Slash|p2a: Eternatus\n|-damage|p2a: Eternatus|45\/100\n|\n|-heal|p2a: Eternatus|51\/100|[from] item: Leftovers\n|-heal|p1a: Charizard|44\/100 tox|[from] item: Leftovers\n|-damage|p1a: Charizard|31\/100 tox|[from] psn\n|upkeep\n|turn|19\n|\n|t:|1699561213\n|move|p2a: Eternatus|Recover|p2a: Eternatus\n|-heal|p2a: Eternatus|100\/100\n|move|p1a: Charizard|Fire Blast|p2a: Eternatus\n|-resisted|p2a: Eternatus\n|-damage|p2a: Eternatus|72\/100\n|\n|-heal|p2a: Eternatus|79\/100|[from] item: Leftovers\n|-heal|p1a: Charizard|37\/100 tox|[from] item: Leftovers\n|-damage|p1a: Charizard|19\/100 tox|[from] psn\n|upkeep\n|turn|20\n|\n|t:|1699561224\n|move|p2a: Eternatus|Dynamax Cannon|p1a: Charizard\n|-damage|p1a: Charizard|0 fnt\n|faint|p1a: Charizard\n|\n|win|torttin\n|raw|ioria890's rating: 1000 &rarr; <strong>1000<\/strong><br \/>(+0 for losing)\n|raw|torttin's rating: 1019 &rarr; <strong>1054<\/strong><br \/>(+35 for winning)\n|l|\u2606ioria890\n","uploadtime":1699561232,"views":21,"p1id":"ioria890","p2id":"torttin","formatid":"gen9ubers","rating":1000,"private":0,"password":""}