{"id":"gen9ubers-1980275301","p1":"Redrainreyes","p2":"sceptilemaniac","format":"[Gen 9] Ubers","log":"|j|\u2606Redrainreyes\n|j|\u2606sceptilemaniac\n|t:|1698771558\n|gametype|singles\n|player|p1|Redrainreyes|2|1063\n|player|p2|sceptilemaniac|burglar|1087\n|teamsize|p1|6\n|teamsize|p2|6\n|gen|9\n|tier|[Gen 9] Ubers\n|rated|\n|rule|Sleep Clause Mod: Limit one foe put to sleep\n|rule|Species Clause: Limit one of each Pok\u00e9mon\n|rule|OHKO Clause: OHKO moves are banned\n|rule|Evasion Items Clause: Evasion items are banned\n|rule|Evasion Moves Clause: Evasion moves are banned\n|rule|Endless Battle Clause: Forcing endless battles is banned\n|rule|HP Percentage Mod: HP is shown in percentages\n|clearpoke\n|poke|p1|Ogerpon-Hearthflame, F|\n|poke|p1|Gallade, M|\n|poke|p1|Rotom-Wash|\n|poke|p1|Meowscarada, F|\n|poke|p1|Chandelure, M|\n|poke|p1|Sneasler, M|\n|poke|p2|Ursaluna-Bloodmoon, M|\n|poke|p2|Heatran, F|\n|poke|p2|Rotom-Wash|\n|poke|p2|Amoonguss, F|\n|poke|p2|Koraidon|\n|poke|p2|Gliscor, F|\n|teampreview\n|inactive|Battle timer is ON: inactive players will automatically lose when time's up. (requested by sceptilemaniac)\n|\n|t:|1698771569\n|start\n|switch|p1a: Sneasler|Sneasler, M|100\/100\n|switch|p2a: Gliscor|Gliscor, F|100\/100\n|turn|1\n|\n|t:|1698771581\n|move|p1a: Sneasler|Swords Dance|p1a: Sneasler\n|-boost|p1a: Sneasler|atk|2\n|move|p2a: Gliscor|Earthquake|p1a: Sneasler\n|-supereffective|p1a: Sneasler\n|-enditem|p1a: Sneasler|Focus Sash\n|-damage|p1a: Sneasler|1\/100\n|\n|-status|p2a: Gliscor|tox|[from] item: Toxic Orb\n|upkeep\n|turn|2\n|\n|t:|1698771603\n|move|p2a: Gliscor|Protect|p2a: Gliscor\n|-singleturn|p2a: Gliscor|Protect\n|move|p1a: Sneasler|Dire Claw|p2a: Gliscor\n|-activate|p2a: Gliscor|move: Protect\n|\n|upkeep\n|turn|3\n|inactive|sceptilemaniac has 120 seconds left.\n|\n|t:|1698771642\n|move|p1a: Sneasler|Dire Claw|p2a: Gliscor\n|-resisted|p2a: Gliscor\n|-damage|p2a: Gliscor|70\/100 tox\n|move|p2a: Gliscor|Facade|p1a: Sneasler\n|-damage|p1a: Sneasler|0 fnt\n|faint|p1a: Sneasler\n|\n|-heal|p2a: Gliscor|82\/100 tox|[from] ability: Poison Heal\n|upkeep\n|\n|t:|1698771649\n|switch|p1a: Gallade|Gallade, M|100\/100\n|turn|4\n|\n|t:|1698771656\n|move|p1a: Gallade|Psycho Cut|p2a: Gliscor\n|-damage|p2a: Gliscor|43\/100 tox\n|move|p2a: Gliscor|Toxic|p1a: Gallade\n|-status|p1a: Gallade|tox\n|\n|-damage|p1a: Gallade|94\/100 tox|[from] psn\n|-heal|p2a: Gliscor|55\/100 tox|[from] ability: Poison Heal\n|upkeep\n|turn|5\n|\n|t:|1698771666\n|switch|p1a: Rotom|Rotom-Wash|100\/100\n|move|p2a: Gliscor|Protect||[still]\n|-fail|p2a: Gliscor\n|\n|-heal|p2a: Gliscor|68\/100 tox|[from] ability: Poison Heal\n|upkeep\n|turn|6\n|\n|t:|1698771678\n|switch|p2a: Rotom|Rotom-Wash|100\/100\n|move|p1a: Rotom|Hydro Pump|p2a: Rotom\n|-resisted|p2a: Rotom\n|-damage|p2a: Rotom|79\/100\n|\n|-heal|p2a: Rotom|86\/100|[from] item: Leftovers\n|upkeep\n|turn|7\n|\n|t:|1698771693\n|move|p2a: Rotom|Volt Switch|p1a: Rotom\n|-damage|p1a: Rotom|80\/100\n|\n|t:|1698771706\n|switch|p2a: Amoonguss|Amoonguss, F|100\/100|[from] Volt Switch\n|move|p1a: Rotom|Volt Switch|p2a: Amoonguss\n|-resisted|p2a: Amoonguss\n|-damage|p2a: Amoonguss|91\/100\n|-enditem|p2a: Amoonguss|Eject Button\n|\n|t:|1698771716\n|switch|p2a: Ursaluna|Ursaluna-Bloodmoon, M|100\/100\n|\n|-heal|p1a: Rotom|87\/100|[from] item: Leftovers\n|upkeep\n|turn|8\n|inactive|sceptilemaniac has 120 seconds left.\n|\n|t:|1698771733\n|-terastallize|p2a: Ursaluna|Fighting\n|move|p1a: Rotom|Hydro Pump|p2a: Ursaluna\n|-damage|p2a: Ursaluna|58\/100\n|move|p2a: Ursaluna|Blood Moon|p1a: Rotom\n|-damage|p1a: Rotom|0 fnt\n|faint|p1a: Rotom\n|\n|upkeep\n|\n|t:|1698771740\n|switch|p1a: Gallade|Gallade, M|94\/100 tox\n|turn|9\n|\n|t:|1698771748\n|switch|p2a: Rotom|Rotom-Wash|86\/100\n|move|p1a: Gallade|Psycho Cut|p2a: Rotom\n|-damage|p2a: Rotom|45\/100\n|\n|-heal|p2a: Rotom|51\/100|[from] item: Leftovers\n|-damage|p1a: Gallade|88\/100 tox|[from] psn\n|upkeep\n|turn|10\n|\n|t:|1698771758\n|move|p1a: Gallade|Psycho Cut|p2a: Rotom\n|-damage|p2a: Rotom|7\/100\n|move|p2a: Rotom|Will-O-Wisp|p1a: Gallade|[miss]\n|-miss|p2a: Rotom|p1a: Gallade\n|\n|-heal|p2a: Rotom|13\/100|[from] item: Leftovers\n|-damage|p1a: Gallade|76\/100 tox|[from] psn\n|upkeep\n|turn|11\n|\n|t:|1698771767\n|move|p2a: Rotom|Protect|p2a: Rotom\n|-singleturn|p2a: Rotom|Protect\n|move|p1a: Gallade|Psycho Cut|p2a: Rotom\n|-activate|p2a: Rotom|move: Protect\n|\n|-heal|p2a: Rotom|19\/100|[from] item: Leftovers\n|-damage|p1a: Gallade|58\/100 tox|[from] psn\n|upkeep\n|turn|12\n|\n|t:|1698771780\n|switch|p1a: Ogerpon|Ogerpon-Hearthflame, F|100\/100\n|-ability|p1a: Ogerpon|Mold Breaker\n|switch|p2a: Heatran|Heatran, F|100\/100\n|-item|p2a: Heatran|Air Balloon\n|\n|upkeep\n|turn|13\n|\n|t:|1698771791\n|move|p1a: Ogerpon|U-turn|p2a: Heatran\n|-resisted|p2a: Heatran\n|-damage|p2a: Heatran|93\/100\n|-enditem|p2a: Heatran|Air Balloon\n|\n|t:|1698771795\n|switch|p1a: Chandelure|Chandelure, M|100\/100|[from] U-turn\n|move|p2a: Heatran|Stealth Rock|p1a: Chandelure\n|-sidestart|p1: Redrainreyes|move: Stealth Rock\n|\n|upkeep\n|turn|14\n|\n|t:|1698771806\n|move|p1a: Chandelure|Shadow Ball|p2a: Heatran\n|-damage|p2a: Heatran|27\/100\n|move|p2a: Heatran|Taunt|p1a: Chandelure\n|-start|p1a: Chandelure|move: Taunt\n|\n|upkeep\n|turn|15\n|\n|t:|1698771817\n|switch|p2a: Ursaluna|Ursaluna-Bloodmoon, M, tera:Fighting|58\/100\n|move|p1a: Chandelure|Shadow Ball|p2a: Ursaluna\n|-damage|p2a: Ursaluna|0 fnt\n|faint|p2a: Ursaluna\n|\n|upkeep\n|\n|t:|1698771824\n|switch|p2a: Gliscor|Gliscor, F|68\/100 tox\n|turn|16\n|\n|t:|1698771827\n|move|p2a: Gliscor|Protect|p2a: Gliscor\n|-singleturn|p2a: Gliscor|Protect\n|move|p1a: Chandelure|Shadow Ball|p2a: Gliscor\n|-activate|p2a: Gliscor|move: Protect\n|\n|-heal|p2a: Gliscor|80\/100 tox|[from] ability: Poison Heal\n|upkeep\n|turn|17\n|\n|t:|1698771836\n|switch|p2a: Amoonguss|Amoonguss, F|100\/100\n|move|p1a: Chandelure|Shadow Ball|p2a: Amoonguss\n|-damage|p2a: Amoonguss|43\/100\n|\n|-end|p1a: Chandelure|move: Taunt\n|upkeep\n|turn|18\n|\n|t:|1698771845\n|move|p1a: Chandelure|Shadow Ball|p2a: Amoonguss\n|-damage|p2a: Amoonguss|0 fnt\n|faint|p2a: Amoonguss\n|\n|upkeep\n|\n|t:|1698771859\n|switch|p2a: Koraidon|Koraidon|100\/100\n|-weather|SunnyDay|[from] ability: Orichalcum Pulse|[of] p2a: Koraidon\n|-activate|p2a: Koraidon|Orichalcum Pulse|[source]\n|turn|19\n|\n|t:|1698771865\n|move|p1a: Chandelure|Shadow Ball|p2a: Koraidon\n|-damage|p2a: Koraidon|23\/100\n|move|p2a: Koraidon|Dragon Tail|p1a: Chandelure\n|-damage|p1a: Chandelure|6\/100\n|drag|p1a: Ogerpon|Ogerpon-Hearthflame, F|100\/100\n|-damage|p1a: Ogerpon|76\/100|[from] Stealth Rock\n|-ability|p1a: Ogerpon|Mold Breaker\n|\n|-weather|SunnyDay|[upkeep]\n|upkeep\n|turn|20\n|\n|t:|1698771879\n|move|p1a: Ogerpon|Knock Off|p2a: Koraidon\n|-resisted|p2a: Koraidon\n|-crit|p2a: Koraidon\n|-damage|p2a: Koraidon|0 fnt\n|-enditem|p2a: Koraidon|Choice Band|[from] move: Knock Off|[of] p1a: Ogerpon\n|faint|p2a: Koraidon\n|\n|-weather|SunnyDay|[upkeep]\n|upkeep\n|\n|t:|1698771890\n|switch|p2a: Heatran|Heatran, F|27\/100\n|turn|21\n|\n|t:|1698771894\n|move|p1a: Ogerpon|U-turn|p2a: Heatran\n|-resisted|p2a: Heatran\n|-damage|p2a: Heatran|20\/100\n|\n|t:|1698771897\n|switch|p1a: Chandelure|Chandelure, M|6\/100|[from] U-turn\n|-damage|p1a: Chandelure|0 fnt|[from] Stealth Rock\n|faint|p1a: Chandelure\n|move|p2a: Heatran|Earth Power|p1: Chandelure|[notarget]\n|-fail|p2a: Heatran\n|\n|-weather|SunnyDay|[upkeep]\n|upkeep\n|\n|t:|1698771899\n|switch|p1a: Gallade|Gallade, M|58\/100 tox\n|-damage|p1a: Gallade|51\/100 tox|[from] Stealth Rock\n|turn|22\n|\n|t:|1698771908\n|move|p1a: Gallade|Psycho Cut|p2a: Heatran\n|-resisted|p2a: Heatran\n|-damage|p2a: Heatran|0 fnt\n|faint|p2a: Heatran\n|\n|-weather|SunnyDay|[upkeep]\n|-damage|p1a: Gallade|45\/100 tox|[from] psn\n|upkeep\n|\n|t:|1698771910\n|switch|p2a: Rotom|Rotom-Wash|19\/100\n|turn|23\n|\n|t:|1698771913\n|move|p2a: Rotom|Protect|p2a: Rotom\n|-singleturn|p2a: Rotom|Protect\n|move|p1a: Gallade|Psycho Cut|p2a: Rotom\n|-activate|p2a: Rotom|move: Protect\n|\n|-weather|none\n|-heal|p2a: Rotom|25\/100|[from] item: Leftovers\n|-damage|p1a: Gallade|33\/100 tox|[from] psn\n|upkeep\n|turn|24\n|\n|t:|1698771926\n|move|p1a: Gallade|Psycho Cut|p2a: Rotom\n|-damage|p2a: Rotom|0 fnt\n|faint|p2a: Rotom\n|\n|-damage|p1a: Gallade|15\/100 tox|[from] psn\n|upkeep\n|\n|t:|1698771928\n|switch|p2a: Gliscor|Gliscor, F|80\/100 tox\n|turn|25\n|\n|t:|1698771936\n|switch|p1a: Ogerpon|Ogerpon-Hearthflame, F|76\/100\n|-damage|p1a: Ogerpon|51\/100|[from] Stealth Rock\n|-ability|p1a: Ogerpon|Mold Breaker\n|move|p2a: Gliscor|Toxic|p1a: Ogerpon\n|-status|p1a: Ogerpon|tox\n|\n|-damage|p1a: Ogerpon|45\/100 tox|[from] psn\n|-heal|p2a: Gliscor|93\/100 tox|[from] ability: Poison Heal\n|upkeep\n|turn|26\n|\n|t:|1698771954\n|move|p2a: Gliscor|Protect|p2a: Gliscor\n|-singleturn|p2a: Gliscor|Protect\n|move|p1a: Ogerpon|Swords Dance|p1a: Ogerpon\n|-boost|p1a: Ogerpon|atk|2\n|\n|-damage|p1a: Ogerpon|33\/100 tox|[from] psn\n|-heal|p2a: Gliscor|100\/100 tox|[from] ability: Poison Heal\n|upkeep\n|turn|27\n|\n|t:|1698771960\n|move|p1a: Ogerpon|Ivy Cudgel|p2a: Gliscor\n|-damage|p2a: Gliscor|21\/100 tox\n|move|p2a: Gliscor|Earthquake|p1a: Ogerpon\n|-damage|p1a: Ogerpon|0 fnt\n|faint|p1a: Ogerpon\n|\n|-heal|p2a: Gliscor|33\/100 tox|[from] ability: Poison Heal\n|upkeep\n|\n|t:|1698771963\n|switch|p1a: Meowscarada|Meowscarada, F|100\/100\n|-damage|p1a: Meowscarada|88\/100|[from] Stealth Rock\n|turn|28\n|\n|t:|1698771969\n|move|p2a: Gliscor|Protect|p2a: Gliscor\n|-singleturn|p2a: Gliscor|Protect\n|move|p1a: Meowscarada|Flower Trick|p2a: Gliscor\n|-activate|p2a: Gliscor|move: Protect\n|\n|-heal|p2a: Gliscor|46\/100 tox|[from] ability: Poison Heal\n|upkeep\n|turn|29\n|\n|t:|1698771974\n|-terastallize|p1a: Meowscarada|Grass\n|move|p1a: Meowscarada|Flower Trick|p2a: Gliscor\n|-crit|p2a: Gliscor\n|-damage|p2a: Gliscor|0 fnt\n|faint|p2a: Gliscor\n|\n|win|Redrainreyes\n|raw|Redrainreyes's rating: 1063 &rarr; <strong>1096<\/strong><br \/>(+33 for winning)\n|raw|sceptilemaniac's rating: 1087 &rarr; <strong>1062<\/strong><br \/>(-25 for losing)\n|l|\u2606sceptilemaniac\n","uploadtime":1698771990,"views":26,"p1id":"redrainreyes","p2id":"sceptilemaniac","formatid":"gen9ubers","rating":1062,"private":0,"password":""}