{"id":"gen9ubers-1987227034","p1":"the tr4sh man","p2":"Kirbyfan25","format":"[Gen 9] Ubers","log":"|j|\u2606the tr4sh man\n|j|\u2606Kirbyfan25\n|t:|1699567155\n|gametype|singles\n|player|p1|the tr4sh man|xerosic|\n|player|p2|Kirbyfan25|169|\n|teamsize|p1|6\n|teamsize|p2|6\n|gen|9\n|tier|[Gen 9] Ubers\n|rule|Sleep Clause Mod: Limit one foe put to sleep\n|rule|Species Clause: Limit one of each Pok\u00e9mon\n|rule|OHKO Clause: OHKO moves are banned\n|rule|Evasion Items Clause: Evasion items are banned\n|rule|Evasion Moves Clause: Evasion moves are banned\n|rule|Endless Battle Clause: Forcing endless battles is banned\n|rule|HP Percentage Mod: HP is shown in percentages\n|clearpoke\n|poke|p1|Dugtrio, M|\n|poke|p1|Gothitelle, F|\n|poke|p1|Zacian-*|\n|poke|p1|Arceus-Dark|\n|poke|p1|Weezing-Galar, F|\n|poke|p1|Palafin, M|\n|poke|p2|Meowscarada, F|\n|poke|p2|Gholdengo|\n|poke|p2|Darkrai|\n|poke|p2|Zacian-*|\n|poke|p2|Magearna|\n|poke|p2|Arceus-Dark|\n|teampreview\n|\n|t:|1699567171\n|start\n|switch|p1a: Palafin|Palafin, M|100\/100\n|switch|p2a: WEED CAT|Meowscarada, F|100\/100\n|turn|1\n|\n|t:|1699567180\n|detailschange|p1a: Palafin|Palafin-Hero, M\n|switch|p1a: Weezing|Weezing-Galar, F|100\/100\n|-ability|p1a: Weezing|Neutralizing Gas\n|move|p2a: WEED CAT|Toxic Spikes|p1a: Weezing\n|-sidestart|p1: the tr4sh man|move: Toxic Spikes\n|\n|upkeep\n|turn|2\n|\n|t:|1699567192\n|move|p2a: WEED CAT|Knock Off|p1a: Weezing\n|-resisted|p1a: Weezing\n|-damage|p1a: Weezing|86\/100\n|-enditem|p1a: Weezing|Leftovers|[from] move: Knock Off|[of] p2a: WEED CAT\n|move|p1a: Weezing|Will-O-Wisp|p2a: WEED CAT\n|-status|p2a: WEED CAT|brn\n|\n|-damage|p2a: WEED CAT|94\/100 brn|[from] brn\n|upkeep\n|turn|3\n|\n|t:|1699567206\n|switch|p2a: schmoney|Gholdengo|100\/100\n|move|p1a: Weezing|Defog|p2a: schmoney\n|-unboost|p2a: schmoney|evasion|1\n|-sideend|p1: the tr4sh man|Toxic Spikes|[from] move: Defog|[of] p1a: Weezing\n|\n|upkeep\n|turn|4\n|\n|t:|1699567217\n|-end|p1a: Weezing|ability: Neutralizing Gas\n|switch|p1a: Arceus|Arceus-Dark|100\/100\n|move|p2a: schmoney|Make It Rain|p1a: Arceus\n|-damage|p1a: Arceus|43\/100\n|-unboost|p2a: schmoney|spa|1\n|\n|upkeep\n|turn|5\n|\n|t:|1699567253\n|switch|p2a: beep boop|Magearna|100\/100\n|move|p1a: Arceus|Recover|p1a: Arceus\n|-heal|p1a: Arceus|93\/100\n|\n|upkeep\n|turn|6\n|\n|t:|1699567263\n|switch|p1a: Gothitelle|Gothitelle, F|100\/100\n|move|p2a: beep boop|Spikes|p1a: Gothitelle\n|-sidestart|p1: the tr4sh man|Spikes\n|\n|upkeep\n|turn|7\n|\n|t:|1699567272\n|move|p1a: Gothitelle|Trick|p2a: beep boop\n|-activate|p1a: Gothitelle|move: Trick|[of] p2a: beep boop\n|-item|p2a: beep boop|Choice Scarf|[from] move: Trick\n|-item|p1a: Gothitelle|Leftovers|[from] move: Trick\n|move|p2a: beep boop|Volt Switch|p1a: Gothitelle\n|-damage|p1a: Gothitelle|82\/100\n|\n|t:|1699567286\n|switch|p2a: so eepy!|Darkrai|100\/100|[from] Volt Switch\n|\n|-heal|p1a: Gothitelle|88\/100|[from] item: Leftovers\n|upkeep\n|turn|8\n|j| portobellomushroom\n|\n|t:|1699567293\n|move|p2a: so eepy!|Nasty Plot|p2a: so eepy!\n|-boost|p2a: so eepy!|spa|2\n|move|p1a: Gothitelle|Taunt|p2a: so eepy!\n|-start|p2a: so eepy!|move: Taunt\n|\n|-heal|p1a: Gothitelle|94\/100|[from] item: Leftovers\n|upkeep\n|turn|9\n|\n|t:|1699567303\n|move|p2a: so eepy!|Dark Pulse|p1a: Gothitelle\n|-supereffective|p1a: Gothitelle\n|-damage|p1a: Gothitelle|0 fnt\n|faint|p1a: Gothitelle\n|\n|upkeep\n|\n|t:|1699567305\n|switch|p1a: Arceus|Arceus-Dark|93\/100\n|-damage|p1a: Arceus|81\/100|[from] Spikes\n|turn|10\n|\n|t:|1699567314\n|move|p2a: so eepy!|Blizzard|p1a: Arceus\n|-damage|p1a: Arceus|16\/100\n|move|p1a: Arceus|Calm Mind|p1a: Arceus\n|-boost|p1a: Arceus|spa|1\n|-boost|p1a: Arceus|spd|1\n|\n|upkeep\n|turn|11\n|\n|t:|1699567324\n|move|p2a: so eepy!|Dark Pulse|p1a: Arceus\n|-resisted|p1a: Arceus\n|-damage|p1a: Arceus|0 fnt\n|faint|p1a: Arceus\n|\n|-end|p2a: so eepy!|move: Taunt\n|upkeep\n|\n|t:|1699567327\n|switch|p1a: Zacian|Zacian|100\/100\n|-ability|p1a: Zacian|Intrepid Sword|boost\n|-boost|p1a: Zacian|atk|1\n|turn|12\n|c| portobellomushroom|blizzard is wild without snow\n|c|\u2606the tr4sh man|i respect it\n|\n|t:|1699567340\n|move|p1a: Zacian|Play Rough|p2a: so eepy!\n|-supereffective|p2a: so eepy!\n|-damage|p2a: so eepy!|0 fnt\n|faint|p2a: so eepy!\n|\n|upkeep\n|\n|t:|1699567358\n|switch|p2a: schmoney|Gholdengo|100\/100\n|turn|13\n|\n|t:|1699567363\n|-terastallize|p1a: Zacian|Ground\n|move|p1a: Zacian|Tera Blast|p2a: schmoney|[anim] Tera Blast Ground\n|-supereffective|p2a: schmoney\n|-damage|p2a: schmoney|0 fnt\n|faint|p2a: schmoney\n|\n|upkeep\n|\n|t:|1699567370\n|switch|p2a: WEED CAT|Meowscarada, F|94\/100 brn\n|turn|14\n|\n|t:|1699567375\n|move|p1a: Zacian|Play Rough|p2a: WEED CAT\n|-supereffective|p2a: WEED CAT\n|-damage|p2a: WEED CAT|0 fnt\n|faint|p2a: WEED CAT\n|\n|upkeep\n|\n|t:|1699567387\n|switch|p2a: cookie clicker 2|Zacian|100\/100\n|-ability|p2a: cookie clicker 2|Intrepid Sword|boost\n|-boost|p2a: cookie clicker 2|atk|1\n|turn|15\n|\n|t:|1699567392\n|move|p1a: Zacian|Play Rough|p2a: cookie clicker 2\n|-damage|p2a: cookie clicker 2|45\/100\n|move|p2a: cookie clicker 2|Play Rough|p1a: Zacian\n|-damage|p1a: Zacian|48\/100\n|\n|upkeep\n|turn|16\n|\n|t:|1699567405\n|move|p1a: Zacian|Tera Blast|p2a: cookie clicker 2|[anim] Tera Blast Ground\n|-damage|p2a: cookie clicker 2|0 fnt\n|faint|p2a: cookie clicker 2\n|\n|upkeep\n|\n|t:|1699567411\n|switch|p2a: Bidoof-Hisui|Arceus-Dark|100\/100\n|turn|17\n|\n|t:|1699567416\n|move|p1a: Zacian|Play Rough|p2a: Bidoof-Hisui\n|-supereffective|p2a: Bidoof-Hisui\n|-damage|p2a: Bidoof-Hisui|19\/100\n|move|p2a: Bidoof-Hisui|Judgment|p1a: Zacian\n|-damage|p1a: Zacian|6\/100\n|\n|upkeep\n|turn|18\n|\n|t:|1699567425\n|move|p1a: Zacian|Tera Blast|p2a: Bidoof-Hisui|[anim] Tera Blast Ground\n|-damage|p2a: Bidoof-Hisui|0 fnt\n|faint|p2a: Bidoof-Hisui\n|\n|upkeep\n|\n|t:|1699567429\n|switch|p2a: beep boop|Magearna|100\/100\n|turn|19\n|\n|t:|1699567433\n|move|p1a: Zacian|Tera Blast|p2a: beep boop|[anim] Tera Blast Ground\n|-supereffective|p2a: beep boop\n|-damage|p2a: beep boop|30\/100\n|move|p2a: beep boop|Flash Cannon|p1a: Zacian\n|-damage|p1a: Zacian|0 fnt\n|faint|p1a: Zacian\n|-ability|p2a: beep boop|Soul-Heart|boost\n|-boost|p2a: beep boop|spa|1\n|\n|upkeep\n|\n|t:|1699567436\n|switch|p1a: Palafin|Palafin-Hero, M|100\/100\n|-damage|p1a: Palafin|88\/100|[from] Spikes\n|-activate|p1a: Palafin|ability: Zero to Hero\n|turn|20\n|\n|t:|1699567446\n|move|p1a: Palafin|Jet Punch|p2a: beep boop\n|-damage|p2a: beep boop|7\/100\n|move|p2a: beep boop|Flash Cannon|p1a: Palafin\n|-resisted|p1a: Palafin\n|-damage|p1a: Palafin|68\/100\n|\n|upkeep\n|turn|21\n|\n|t:|1699567453\n|move|p1a: Palafin|Jet Punch|p2a: beep boop\n|-damage|p2a: beep boop|0 fnt\n|faint|p2a: beep boop\n|\n|win|the tr4sh man\n|c|\u2606the tr4sh man|gg\n|l|\u2606Kirbyfan25\n|c| portobellomushroom|uses blizzard, refuses to elaborate, leaves\n|c| portobellomushroom|what a chad\n|l| portobellomushroom\n|c|\u2606the tr4sh man|real knows real\n","uploadtime":1699567462,"views":13,"p1id":"thetr4shman","p2id":"kirbyfan25","formatid":"gen9ubers","rating":0,"private":0,"password":""}