{"id":"gen9ubers-1978284046","p1":"XpokVEVO","p2":"Kinesquared","format":"[Gen 9] Ubers","log":"|j|\u2606XpokVEVO\n|j|\u2606Kinesquared\n|t:|1698520765\n|gametype|singles\n|player|p1|XpokVEVO|anabel|\n|player|p2|Kinesquared|scientist-gen4dp|\n|teamsize|p1|6\n|teamsize|p2|6\n|gen|9\n|tier|[Gen 9] Ubers\n|rule|Sleep Clause Mod: Limit one foe put to sleep\n|rule|Species Clause: Limit one of each Pok\u00e9mon\n|rule|OHKO Clause: OHKO moves are banned\n|rule|Evasion Items Clause: Evasion items are banned\n|rule|Evasion Moves Clause: Evasion moves are banned\n|rule|Endless Battle Clause: Forcing endless battles is banned\n|rule|HP Percentage Mod: HP is shown in percentages\n|clearpoke\n|poke|p1|Arceus-Fire|\n|poke|p1|Cyclizar, F|\n|poke|p1|Espathra, F|\n|poke|p1|Zacian-*|\n|poke|p1|Pelipper, F|\n|poke|p1|Basculegion-F, F|\n|poke|p2|Magearna|\n|poke|p2|Gliscor, M|\n|poke|p2|Blissey, F|\n|poke|p2|Dondozo, M|\n|poke|p2|Giratina|\n|poke|p2|Garganacl, F|\n|teampreview\n|c|\u2606Kinesquared|yo\n|c|\u2606XpokVEVO|yo\n|\n|t:|1698520779\n|start\n|switch|p1a: Cyclizar|Cyclizar, F|100\/100\n|switch|p2a: Magearna|Magearna|100\/100\n|turn|1\n|\n|t:|1698520808\n|move|p1a: Cyclizar|Shed Tail|p1a: Cyclizar\n|-start|p1a: Cyclizar|Substitute|[from] move: Shed Tail\n|-damage|p1a: Cyclizar|50\/100\n|\n|t:|1698520814\n|switch|p1a: Arceus|Arceus-Fire, shiny|100\/100|[from] Shed Tail\n|move|p2a: Magearna|Spikes|p1a: Arceus\n|-sidestart|p1: XpokVEVO|Spikes\n|\n|upkeep\n|turn|2\n|c|\u2606XpokVEVO|oh god i forgot im fighting dondozo\n|c|\u2606Kinesquared|5head\n|\n|t:|1698520833\n|switch|p2a: Dondozo|Dondozo, M|100\/100\n|move|p1a: Arceus|Flare Blitz|p2a: Dondozo\n|-resisted|p2a: Dondozo\n|-damage|p2a: Dondozo|84\/100\n|-damage|p1a: Arceus|93\/100|[from] Recoil\n|\n|-heal|p2a: Dondozo|91\/100|[from] item: Leftovers\n|upkeep\n|turn|3\n|c|\u2606XpokVEVO|please do enough damage\n|\n|t:|1698520848\n|move|p1a: Arceus|Tera Blast|p2a: Dondozo\n|-damage|p2a: Dondozo|70\/100\n|move|p2a: Dondozo|Body Press|p1a: Arceus\n|-activate|p1a: Arceus|move: Substitute|[damage]\n|\n|-heal|p2a: Dondozo|76\/100|[from] item: Leftovers\n|upkeep\n|turn|4\n|c|\u2606XpokVEVO|its over\n|\n|t:|1698520856\n|move|p1a: Arceus|Tera Blast|p2a: Dondozo\n|-damage|p2a: Dondozo|57\/100\n|move|p2a: Dondozo|Body Press|p1a: Arceus\n|-end|p1a: Arceus|Substitute\n|\n|-heal|p2a: Dondozo|63\/100|[from] item: Leftovers\n|upkeep\n|turn|5\n|\n|t:|1698520876\n|switch|p1a: Pelipper|Pelipper, F, shiny|100\/100\n|-weather|RainDance|[from] ability: Drizzle|[of] p1a: Pelipper\n|move|p2a: Dondozo|Rest|p2a: Dondozo\n|-status|p2a: Dondozo|slp|[from] move: Rest\n|-heal|p2a: Dondozo|100\/100 slp|[silent]\n|\n|-weather|RainDance|[upkeep]\n|upkeep\n|turn|6\n|\n|t:|1698520903\n|switch|p2a: Blissey|Blissey, F|100\/100\n|move|p1a: Pelipper|Knock Off|p2a: Blissey\n|-damage|p2a: Blissey|91\/100\n|-enditem|p2a: Blissey|Heavy-Duty Boots|[from] move: Knock Off|[of] p1a: Pelipper\n|\n|-weather|RainDance|[upkeep]\n|upkeep\n|turn|7\n|\n|t:|1698520921\n|switch|p1a: Cyclizar|Cyclizar, F|84\/100\n|move|p2a: Blissey|Stealth Rock|p1a: Cyclizar\n|-sidestart|p1: XpokVEVO|move: Stealth Rock\n|\n|-weather|RainDance|[upkeep]\n|upkeep\n|turn|8\n|\n|t:|1698520933\n|switch|p2a: Giratina|Giratina|100\/100\n|-ability|p2a: Giratina|Pressure\n|move|p1a: Cyclizar|Taunt|p2a: Giratina\n|-start|p2a: Giratina|move: Taunt\n|\n|-weather|RainDance|[upkeep]\n|upkeep\n|turn|9\n|\n|t:|1698520944\n|switch|p2a: Gliscor|Gliscor, M|100\/100\n|move|p1a: Cyclizar|Shed Tail|p1a: Cyclizar\n|-start|p1a: Cyclizar|Substitute|[from] move: Shed Tail\n|-damage|p1a: Cyclizar|34\/100\n|\n|t:|1698520956\n|switch|p1a: Espathra|Espathra, F|100\/100|[from] Shed Tail\n|-damage|p1a: Espathra|88\/100|[from] Spikes\n|-damage|p1a: Espathra|76\/100|[from] Stealth Rock\n|\n|-weather|none\n|-status|p2a: Gliscor|tox|[from] item: Toxic Orb\n|upkeep\n|turn|10\n|\n|t:|1698520965\n|move|p1a: Espathra|Calm Mind|p1a: Espathra\n|-boost|p1a: Espathra|spa|1\n|-boost|p1a: Espathra|spd|1\n|move|p2a: Gliscor|Knock Off|p1a: Espathra\n|-supereffective|p1a: Espathra\n|-end|p1a: Espathra|Substitute\n|\n|-ability|p1a: Espathra|Speed Boost|boost\n|-boost|p1a: Espathra|spe|1\n|upkeep\n|turn|11\n|c|\u2606XpokVEVO|there goes so much value\n|\n|t:|1698520975\n|move|p1a: Espathra|Protect|p1a: Espathra\n|-singleturn|p1a: Espathra|Protect\n|move|p2a: Gliscor|Knock Off|p1a: Espathra\n|-activate|p1a: Espathra|move: Protect\n|\n|-ability|p1a: Espathra|Speed Boost|boost\n|-boost|p1a: Espathra|spe|1\n|upkeep\n|turn|12\n|c|\u2606XpokVEVO|isnt toxic better\n|\n|t:|1698520983\n|move|p1a: Espathra|Calm Mind|p1a: Espathra\n|-boost|p1a: Espathra|spa|1\n|-boost|p1a: Espathra|spd|1\n|move|p2a: Gliscor|Knock Off|p1a: Espathra\n|-supereffective|p1a: Espathra\n|-damage|p1a: Espathra|7\/100\n|-enditem|p1a: Espathra|Focus Sash|[from] move: Knock Off|[of] p2a: Gliscor\n|\n|-ability|p1a: Espathra|Speed Boost|boost\n|-boost|p1a: Espathra|spe|1\n|upkeep\n|turn|13\n|c|\u2606Kinesquared|maybe\n|\n|t:|1698520998\n|switch|p2a: Blissey|Blissey, F|91\/100\n|move|p1a: Espathra|Protect||[still]\n|-fail|p1a: Espathra\n|\n|-ability|p1a: Espathra|Speed Boost|boost\n|-boost|p1a: Espathra|spe|1\n|upkeep\n|turn|14\n|c|\u2606XpokVEVO|oof shouldve tera fairyed\n|\n|t:|1698521005\n|move|p1a: Espathra|Stored Power|p2a: Blissey\n|-damage|p2a: Blissey|29\/100\n|move|p2a: Blissey|Flamethrower|p1a: Espathra\n|-damage|p1a: Espathra|0 fnt\n|faint|p1a: Espathra\n|\n|upkeep\n|c|\u2606XpokVEVO|to calm mind again\n|\n|t:|1698521011\n|switch|p1a: Cyclizar|Cyclizar, F|67\/100\n|turn|15\n|\n|t:|1698521039\n|switch|p2a: Giratina|Giratina|100\/100\n|-ability|p2a: Giratina|Pressure\n|move|p1a: Cyclizar|Rapid Spin|p2a: Giratina\n|-immune|p2a: Giratina\n|\n|upkeep\n|turn|16\n|\n|t:|1698521049\n|move|p1a: Cyclizar|Taunt|p2a: Giratina\n|-start|p2a: Giratina|move: Taunt\n|cant|p2a: Giratina|move: Taunt|Pain Split\n|\n|upkeep\n|turn|17\n|\n|t:|1698521054\n|move|p1a: Cyclizar|U-turn|p2a: Giratina\n|-resisted|p2a: Giratina\n|-damage|p2a: Giratina|96\/100\n|\n|t:|1698521060\n|switch|p1a: Pelipper|Pelipper, F, shiny|100\/100|[from] U-turn\n|-weather|RainDance|[from] ability: Drizzle|[of] p1a: Pelipper\n|move|p2a: Giratina|Hex|p1a: Pelipper\n|-damage|p1a: Pelipper|77\/100\n|\n|-weather|RainDance|[upkeep]\n|upkeep\n|turn|18\n|\n|t:|1698521086\n|switch|p2a: Blissey|Blissey, F|29\/100\n|switch|p1a: Zacian|Zacian, shiny|100\/100\n|-damage|p1a: Zacian|88\/100|[from] Spikes\n|-damage|p1a: Zacian|76\/100|[from] Stealth Rock\n|-ability|p1a: Zacian|Intrepid Sword|boost\n|-boost|p1a: Zacian|atk|1\n|\n|-weather|RainDance|[upkeep]\n|upkeep\n|turn|19\n|\n|t:|1698521098\n|switch|p2a: Dondozo|Dondozo, M|100\/100 slp\n|move|p1a: Zacian|Play Rough|p2a: Dondozo|[miss]\n|-miss|p1a: Zacian|p2a: Dondozo\n|\n|-weather|RainDance|[upkeep]\n|upkeep\n|turn|20\n|c|\u2606XpokVEVO|oh my god\n|\n|t:|1698521112\n|switch|p2a: Magearna|Magearna|100\/100\n|move|p1a: Zacian|Play Rough|p2a: Magearna\n|-resisted|p2a: Magearna\n|-damage|p2a: Magearna|60\/100\n|\n|-weather|RainDance|[upkeep]\n|-heal|p2a: Magearna|66\/100|[from] item: Leftovers\n|upkeep\n|turn|21\n|\n|t:|1698521123\n|switch|p1a: Arceus|Arceus-Fire, shiny|93\/100\n|-damage|p1a: Arceus|81\/100|[from] Spikes\n|-damage|p1a: Arceus|56\/100|[from] Stealth Rock\n|switch|p2a: Gliscor|Gliscor, M|100\/100 tox\n|\n|-weather|none\n|upkeep\n|turn|22\n|\n|t:|1698521132\n|move|p2a: Gliscor|Protect|p2a: Gliscor\n|-singleturn|p2a: Gliscor|Protect\n|move|p1a: Arceus|Dragon Dance|p1a: Arceus\n|-boost|p1a: Arceus|atk|1\n|-boost|p1a: Arceus|spe|1\n|\n|upkeep\n|turn|23\n|\n|t:|1698521137\n|switch|p2a: Dondozo|Dondozo, M|100\/100 slp\n|move|p1a: Arceus|Tera Blast|p2a: Dondozo\n|-damage|p2a: Dondozo|82\/100 slp\n|\n|-heal|p2a: Dondozo|88\/100 slp|[from] item: Leftovers\n|upkeep\n|turn|24\n|c|\u2606Kinesquared|do you know tera blast is special until you tera?\n|c|\u2606XpokVEVO|yes\n|\n|t:|1698521160\n|cant|p2a: Dondozo|slp\n|move|p2a: Dondozo|Sleep Talk|p2a: Dondozo\n|move|p2a: Dondozo|Rest||[from]move: Sleep Talk|[still]\n|-fail|p2a: Dondozo\n|move|p1a: Arceus|Roar|p2a: Dondozo\n|drag|p2a: Blissey|Blissey, F|29\/100\n|\n|upkeep\n|turn|25\n|c|\u2606XpokVEVO|i dont want to use up tera\n|\n|t:|1698521169\n|switch|p2a: Dondozo|Dondozo, M|88\/100 slp\n|move|p1a: Arceus|Flare Blitz|p2a: Dondozo\n|-resisted|p2a: Dondozo\n|-damage|p2a: Dondozo|72\/100 slp\n|-damage|p1a: Arceus|49\/100|[from] Recoil\n|\n|-heal|p2a: Dondozo|78\/100 slp|[from] item: Leftovers\n|upkeep\n|turn|26\n|\n|t:|1698521179\n|switch|p1a: Cyclizar|Cyclizar, F|99\/100\n|cant|p2a: Dondozo|slp\n|move|p2a: Dondozo|Sleep Talk|p2a: Dondozo\n|move|p2a: Dondozo|Avalanche|p1a: Cyclizar|[from]move: Sleep Talk\n|-supereffective|p1a: Cyclizar\n|-damage|p1a: Cyclizar|64\/100\n|\n|-heal|p2a: Dondozo|84\/100 slp|[from] item: Leftovers\n|upkeep\n|turn|27\n|\n|t:|1698521190\n|switch|p2a: Giratina|Giratina|96\/100\n|-ability|p2a: Giratina|Pressure\n|move|p1a: Cyclizar|Shed Tail|p1a: Cyclizar\n|-start|p1a: Cyclizar|Substitute|[from] move: Shed Tail\n|-damage|p1a: Cyclizar|14\/100\n|\n|t:|1698521197\n|switch|p1a: Basculegion|Basculegion-F, F, shiny|100\/100|[from] Shed Tail\n|-damage|p1a: Basculegion|88\/100|[from] Spikes\n|-damage|p1a: Basculegion|76\/100|[from] Stealth Rock\n|\n|upkeep\n|turn|28\n|\n|t:|1698521222\n|move|p1a: Basculegion|Last Respects|p2a: Giratina\n|-supereffective|p2a: Giratina\n|-damage|p2a: Giratina|31\/100\n|-damage|p1a: Basculegion|66\/100|[from] item: Life Orb\n|move|p2a: Giratina|Roar|p1a: Basculegion\n|drag|p1a: Pelipper|Pelipper, F, shiny|77\/100\n|-weather|RainDance|[from] ability: Drizzle|[of] p1a: Pelipper\n|\n|-weather|RainDance|[upkeep]\n|upkeep\n|turn|29\n|c|\u2606XpokVEVO|ooooofff\n|\n|t:|1698521239\n|move|p2a: Giratina|Will-O-Wisp|p1a: Pelipper\n|-status|p1a: Pelipper|brn\n|move|p1a: Pelipper|Knock Off|p2a: Giratina\n|-supereffective|p2a: Giratina\n|-damage|p2a: Giratina|24\/100\n|-enditem|p2a: Giratina|Heavy-Duty Boots|[from] move: Knock Off|[of] p1a: Pelipper\n|\n|-weather|RainDance|[upkeep]\n|-damage|p1a: Pelipper|71\/100 brn|[from] brn\n|upkeep\n|turn|30\n|\n|t:|1698521248\n|switch|p1a: Basculegion|Basculegion-F, F, shiny|66\/100\n|-damage|p1a: Basculegion|54\/100|[from] Spikes\n|-damage|p1a: Basculegion|41\/100|[from] Stealth Rock\n|move|p2a: Giratina|Pain Split|p1a: Basculegion\n|-sethp|p1a: Basculegion|36\/100|[from] move: Pain Split|[silent]\n|-sethp|p2a: Giratina|27\/100|[from] move: Pain Split\n|\n|-weather|RainDance|[upkeep]\n|upkeep\n|turn|31\n|\n|t:|1698521259\n|switch|p2a: Blissey|Blissey, F|29\/100\n|move|p1a: Basculegion|Last Respects|p2a: Blissey\n|-immune|p2a: Blissey\n|\n|-weather|RainDance|[upkeep]\n|upkeep\n|turn|32\n|\n|t:|1698521267\n|switch|p2a: Dondozo|Dondozo, M|84\/100 slp\n|move|p1a: Basculegion|Aqua Jet|p2a: Dondozo\n|-resisted|p2a: Dondozo\n|-damage|p2a: Dondozo|76\/100 slp\n|-damage|p1a: Basculegion|26\/100|[from] item: Life Orb\n|\n|-weather|none\n|-heal|p2a: Dondozo|82\/100 slp|[from] item: Leftovers\n|upkeep\n|turn|33\n|c|\u2606XpokVEVO|completely forgot im orb\n|\n|t:|1698521290\n|move|p1a: Basculegion|Flip Turn|p2a: Dondozo\n|-resisted|p2a: Dondozo\n|-damage|p2a: Dondozo|75\/100 slp\n|-damage|p1a: Basculegion|16\/100|[from] item: Life Orb\n|\n|t:|1698521294\n|switch|p1a: Pelipper|Pelipper, F, shiny|71\/100 brn|[from] Flip Turn\n|-weather|RainDance|[from] ability: Drizzle|[of] p1a: Pelipper\n|-curestatus|p2a: Dondozo|slp|[msg]\n|move|p2a: Dondozo|Sleep Talk||[still]\n|-fail|p2a: Dondozo\n|\n|-weather|RainDance|[upkeep]\n|-heal|p2a: Dondozo|81\/100|[from] item: Leftovers\n|-damage|p1a: Pelipper|65\/100 brn|[from] brn\n|upkeep\n|turn|34\n|\n|t:|1698521311\n|switch|p1a: Cyclizar|Cyclizar, F|47\/100\n|switch|p2a: Gliscor|Gliscor, M|100\/100 tox\n|\n|-weather|RainDance|[upkeep]\n|upkeep\n|turn|35\n|\n|t:|1698521321\n|move|p2a: Gliscor|Protect|p2a: Gliscor\n|-singleturn|p2a: Gliscor|Protect\n|move|p1a: Cyclizar|Rapid Spin|p2a: Gliscor\n|-activate|p2a: Gliscor|move: Protect\n|\n|-weather|RainDance|[upkeep]\n|upkeep\n|turn|36\n|\n|t:|1698521329\n|switch|p2a: Giratina|Giratina|27\/100\n|-ability|p2a: Giratina|Pressure\n|move|p1a: Cyclizar|Taunt|p2a: Giratina\n|-start|p2a: Giratina|move: Taunt\n|\n|-weather|RainDance|[upkeep]\n|upkeep\n|turn|37\n|\n|t:|1698521337\n|move|p1a: Cyclizar|U-turn|p2a: Giratina\n|-resisted|p2a: Giratina\n|-damage|p2a: Giratina|23\/100\n|\n|t:|1698521340\n|switch|p1a: Arceus|Arceus-Fire, shiny|49\/100|[from] U-turn\n|-damage|p1a: Arceus|37\/100|[from] Spikes\n|-damage|p1a: Arceus|12\/100|[from] Stealth Rock\n|move|p2a: Giratina|Hex|p1a: Arceus\n|-crit|p1a: Arceus\n|-damage|p1a: Arceus|0 fnt\n|faint|p1a: Arceus\n|\n|-weather|none\n|upkeep\n|c|\u2606XpokVEVO|expected wisp\n|\n|t:|1698521349\n|switch|p1a: Zacian|Zacian, shiny|76\/100\n|-damage|p1a: Zacian|63\/100|[from] Spikes\n|-damage|p1a: Zacian|51\/100|[from] Stealth Rock\n|turn|38\n|c|\u2606Kinesquared|i was taunted\n|c|\u2606Kinesquared|i couldnt wisp\n|\n|t:|1698521359\n|switch|p2a: Dondozo|Dondozo, M|81\/100\n|move|p1a: Zacian|Close Combat|p2a: Dondozo\n|-damage|p2a: Dondozo|54\/100\n|-unboost|p1a: Zacian|def|1\n|-unboost|p1a: Zacian|spd|1\n|\n|-heal|p2a: Dondozo|60\/100|[from] item: Leftovers\n|upkeep\n|turn|39\n|c|\u2606XpokVEVO|thats not how it works\n|c|\u2606Kinesquared|?\n|c|\u2606XpokVEVO|im joking\n|c|\u2606Kinesquared|o ok\n|\n|t:|1698521383\n|switch|p1a: Pelipper|Pelipper, F, shiny|65\/100 brn\n|-weather|RainDance|[from] ability: Drizzle|[of] p1a: Pelipper\n|move|p2a: Dondozo|Rest|p2a: Dondozo\n|-status|p2a: Dondozo|slp|[from] move: Rest\n|-heal|p2a: Dondozo|100\/100 slp|[silent]\n|\n|-weather|RainDance|[upkeep]\n|-damage|p1a: Pelipper|59\/100 brn|[from] brn\n|upkeep\n|turn|40\n|\n|t:|1698521396\n|switch|p2a: Giratina|Giratina|23\/100\n|-ability|p2a: Giratina|Pressure\n|move|p1a: Pelipper|Knock Off|p2a: Giratina\n|-supereffective|p2a: Giratina\n|-damage|p2a: Giratina|19\/100\n|\n|-weather|RainDance|[upkeep]\n|-damage|p1a: Pelipper|52\/100 brn|[from] brn\n|upkeep\n|turn|41\n|\n|t:|1698521407\n|switch|p1a: Cyclizar|Cyclizar, F|80\/100\n|move|p2a: Giratina|Pain Split|p1a: Cyclizar\n|-sethp|p1a: Cyclizar|53\/100|[from] move: Pain Split|[silent]\n|-sethp|p2a: Giratina|37\/100|[from] move: Pain Split\n|\n|-weather|RainDance|[upkeep]\n|upkeep\n|turn|42\n|\n|t:|1698521414\n|move|p1a: Cyclizar|Shed Tail|p1a: Cyclizar\n|-start|p1a: Cyclizar|Substitute|[from] move: Shed Tail\n|-damage|p1a: Cyclizar|3\/100\n|c|\u2606XpokVEVO|re?\n|\n|t:|1698521425\n|switch|p1a: Zacian|Zacian, shiny|51\/100|[from] Shed Tail\n|-damage|p1a: Zacian|39\/100|[from] Spikes\n|-damage|p1a: Zacian|26\/100|[from] Stealth Rock\n|move|p2a: Giratina|Roar|p1a: Zacian\n|drag|p1a: Pelipper|Pelipper, F, shiny|52\/100 brn\n|\n|-weather|RainDance|[upkeep]\n|-damage|p1a: Pelipper|46\/100 brn|[from] brn\n|upkeep\n|turn|43\n|\n|t:|1698521437\n|move|p1a: Pelipper|Knock Off|p2a: Giratina\n|-supereffective|p2a: Giratina\n|-damage|p2a: Giratina|32\/100\n|move|p2a: Giratina|Roar|p1a: Pelipper\n|drag|p1a: Cyclizar|Cyclizar, F|37\/100\n|\n|-weather|none\n|upkeep\n|turn|44\n|\n|t:|1698521453\n|move|p1a: Cyclizar|Rapid Spin|p2a: Giratina\n|-immune|p2a: Giratina\n|move|p2a: Giratina|Will-O-Wisp|p1a: Cyclizar|[miss]\n|-miss|p2a: Giratina|p1a: Cyclizar\n|\n|upkeep\n|turn|45\n|c|\u2606XpokVEVO|i was thinking of replacing zacian anyways\n|c|\u2606XpokVEVO|with spectrier\n|c|\u2606Kinesquared|i would think arc-fire and rain don't do well together\n|c|\u2606Kinesquared|spectrier is really underdeveloped, that's a good idea\n|c|\u2606Kinesquared|i saw u got the dub in tourney with it\n|c|\u2606XpokVEVO|leo said basculegion is super broken\n|c|\u2606XpokVEVO|do you agree?\n|c|\u2606XpokVEVO|maybe its true but my problem is i use him as a regular pokemon (like just now) so he dies\n|c|\u2606Kinesquared|i think i'm privileged because i normally run TR which always has an ursaluna on it\n|c|\u2606Kinesquared|so i don't get as messed up by it\n|c|\u2606XpokVEVO|i normally run shaymin\/spectrier and magearna instead of peli basc\n|\n|t:|1698521553\n|move|p1a: Cyclizar|U-turn|p2a: Giratina\n|-resisted|p2a: Giratina\n|-damage|p2a: Giratina|27\/100\n|\n|t:|1698521557\n|switch|p1a: Basculegion|Basculegion-F, F, shiny|16\/100|[from] U-turn\n|-damage|p1a: Basculegion|4\/100|[from] Spikes\n|-damage|p1a: Basculegion|0 fnt|[from] Stealth Rock\n|faint|p1a: Basculegion\n|move|p2a: Giratina|Will-O-Wisp|p1: Basculegion|[notarget]\n|-fail|p2a: Giratina\n|\n|upkeep\n|\n|t:|1698521558\n|switch|p1a: Zacian|Zacian, shiny|26\/100\n|-damage|p1a: Zacian|14\/100|[from] Spikes\n|-damage|p1a: Zacian|1\/100|[from] Stealth Rock\n|turn|46\n|\n|t:|1698521569\n|switch|p2a: Dondozo|Dondozo, M|100\/100 slp\n|move|p1a: Zacian|Play Rough|p2a: Dondozo\n|-damage|p2a: Dondozo|71\/100 slp\n|\n|-heal|p2a: Dondozo|77\/100 slp|[from] item: Leftovers\n|upkeep\n|turn|47\n|\n|t:|1698521579\n|move|p1a: Zacian|Play Rough|p2a: Dondozo\n|-damage|p2a: Dondozo|49\/100 slp\n|cant|p2a: Dondozo|slp\n|move|p2a: Dondozo|Sleep Talk|p2a: Dondozo\n|move|p2a: Dondozo|Body Press|p1a: Zacian|[from]move: Sleep Talk\n|-resisted|p1a: Zacian\n|-damage|p1a: Zacian|0 fnt\n|faint|p1a: Zacian\n|\n|-heal|p2a: Dondozo|55\/100 slp|[from] item: Leftovers\n|upkeep\n|c|\u2606XpokVEVO|i ofc want my arceus, cyclizar and initial wincon always, but i may swap out zacian for shaymin\n|\n|t:|1698521607\n|switch|p1a: Cyclizar|Cyclizar, F|70\/100\n|turn|48\n|c|\u2606XpokVEVO|also maybe knockoff instead of u turn\n|c|\u2606Kinesquared|knock on cyc is really good\n|c|\u2606Kinesquared|i agree u dont need u-turn\n|c|\u2606Kinesquared|esp because you have a fast taunt\n|\n|t:|1698521644\n|switch|p2a: Gliscor|Gliscor, M|100\/100 tox\n|move|p1a: Cyclizar|Taunt|p2a: Gliscor\n|-start|p2a: Gliscor|move: Taunt\n|\n|upkeep\n|turn|49\n|\n|t:|1698521651\n|move|p1a: Cyclizar|Shed Tail|p1a: Cyclizar\n|-start|p1a: Cyclizar|Substitute|[from] move: Shed Tail\n|-damage|p1a: Cyclizar|20\/100\n|\n|t:|1698521662\n|switch|p1a: Pelipper|Pelipper, F, shiny|46\/100 brn|[from] Shed Tail\n|-weather|RainDance|[from] ability: Drizzle|[of] p1a: Pelipper\n|move|p2a: Gliscor|Knock Off|p1a: Pelipper\n|-activate|p1a: Pelipper|move: Substitute|[damage]\n|\n|-weather|RainDance|[upkeep]\n|-damage|p1a: Pelipper|40\/100 brn|[from] brn\n|upkeep\n|turn|50\n|\n|t:|1698521685\n|switch|p2a: Blissey|Blissey, F|29\/100\n|move|p1a: Pelipper|Hydro Pump|p2a: Blissey\n|-damage|p2a: Blissey|9\/100\n|\n|-weather|RainDance|[upkeep]\n|-damage|p1a: Pelipper|34\/100 brn|[from] brn\n|upkeep\n|turn|51\n|c|\u2606XpokVEVO|can you fight me on your tr team after this? ill use a slightly tweaked up team of mine too\n|c|\u2606Kinesquared|sure\n|c|\u2606XpokVEVO|if you cant thats fine ofc\n|c|\u2606XpokVEVO|thanks\n|\n|t:|1698521700\n|move|p1a: Pelipper|Knock Off|p2a: Blissey\n|-damage|p2a: Blissey|6\/100\n|move|p2a: Blissey|Soft-Boiled|p2a: Blissey\n|-heal|p2a: Blissey|56\/100\n|\n|-weather|RainDance|[upkeep]\n|-damage|p1a: Pelipper|28\/100 brn|[from] brn\n|upkeep\n|turn|52\n|c|\u2606XpokVEVO|damn\n|\n|t:|1698521709\n|move|p1a: Pelipper|Hurricane|p2a: Blissey\n|-crit|p2a: Blissey\n|-damage|p2a: Blissey|37\/100\n|-start|p2a: Blissey|confusion\n|-activate|p2a: Blissey|confusion\n|-damage|p2a: Blissey|36\/100|[from] confusion\n|\n|-weather|RainDance|[upkeep]\n|-damage|p1a: Pelipper|21\/100 brn|[from] brn\n|upkeep\n|turn|53\n|\n|t:|1698521717\n|move|p1a: Pelipper|Hydro Pump|p2a: Blissey\n|-damage|p2a: Blissey|16\/100\n|-activate|p2a: Blissey|confusion\n|move|p2a: Blissey|Soft-Boiled|p2a: Blissey\n|-heal|p2a: Blissey|66\/100\n|\n|-weather|none\n|-damage|p1a: Pelipper|15\/100 brn|[from] brn\n|upkeep\n|turn|54\n|\n|t:|1698521740\n|switch|p1a: Cyclizar|Cyclizar, F|53\/100\n|-end|p2a: Blissey|confusion\n|move|p2a: Blissey|Calm Mind|p2a: Blissey\n|-boost|p2a: Blissey|spa|1\n|-boost|p2a: Blissey|spd|1\n|\n|upkeep\n|turn|55\n|\n|t:|1698521750\n|move|p1a: Cyclizar|Taunt|p2a: Blissey\n|-start|p2a: Blissey|move: Taunt\n|move|p2a: Blissey|Flamethrower|p1a: Cyclizar\n|-resisted|p1a: Cyclizar\n|-damage|p1a: Cyclizar|37\/100\n|\n|upkeep\n|turn|56\n|\n|t:|1698521759\n|switch|p2a: Garganacl|Garganacl, F|100\/100\n|move|p1a: Cyclizar|U-turn|p2a: Garganacl\n|-damage|p2a: Garganacl|89\/100\n|\n|t:|1698521793\n|switch|p1a: Pelipper|Pelipper, F, shiny|15\/100 brn|[from] U-turn\n|-weather|RainDance|[from] ability: Drizzle|[of] p1a: Pelipper\n|\n|-weather|RainDance|[upkeep]\n|-heal|p2a: Garganacl|95\/100|[from] item: Leftovers\n|-damage|p1a: Pelipper|9\/100 brn|[from] brn\n|upkeep\n|turn|57\n|\n|t:|1698521801\n|-terastallize|p2a: Garganacl|Fairy\n|move|p1a: Pelipper|Hydro Pump|p2a: Garganacl\n|-damage|p2a: Garganacl|60\/100\n|move|p2a: Garganacl|Salt Cure|p1a: Pelipper\n|-supereffective|p1a: Pelipper\n|-damage|p1a: Pelipper|0 fnt\n|faint|p1a: Pelipper\n|\n|-weather|RainDance|[upkeep]\n|-heal|p2a: Garganacl|66\/100|[from] item: Leftovers\n|upkeep\n|\n|t:|1698521807\n|switch|p1a: Cyclizar|Cyclizar, F|70\/100\n|turn|58\n|\n|t:|1698521812\n|move|p1a: Cyclizar|U-turn|p2a: Garganacl\n|-resisted|p2a: Garganacl\n|-damage|p2a: Garganacl|61\/100\n|move|p2a: Garganacl|Salt Cure|p1a: Cyclizar\n|-damage|p1a: Cyclizar|52\/100\n|-start|p1a: Cyclizar|Salt Cure\n|\n|-weather|RainDance|[upkeep]\n|-heal|p2a: Garganacl|67\/100|[from] item: Leftovers\n|-damage|p1a: Cyclizar|39\/100|[from] Salt Cure\n|upkeep\n|turn|59\n|\n|t:|1698521822\n|move|p1a: Cyclizar|U-turn|p2a: Garganacl\n|-resisted|p2a: Garganacl\n|-damage|p2a: Garganacl|62\/100\n|move|p2a: Garganacl|Curse|p2a: Garganacl\n|-unboost|p2a: Garganacl|spe|1\n|-boost|p2a: Garganacl|atk|1\n|-boost|p2a: Garganacl|def|1\n|\n|-weather|RainDance|[upkeep]\n|-heal|p2a: Garganacl|69\/100|[from] item: Leftovers\n|-damage|p1a: Cyclizar|27\/100|[from] Salt Cure\n|upkeep\n|turn|60\n|\n|t:|1698521834\n|move|p1a: Cyclizar|Rapid Spin|p2a: Garganacl\n|-damage|p2a: Garganacl|61\/100\n|-boost|p1a: Cyclizar|spe|1\n|-sideend|p1: XpokVEVO|Spikes|[from] move: Rapid Spin|[of] p1a: Cyclizar\n|-sideend|p1: XpokVEVO|Stealth Rock|[from] move: Rapid Spin|[of] p1a: Cyclizar\n|move|p2a: Garganacl|Salt Cure|p1a: Cyclizar\n|-damage|p1a: Cyclizar|0 fnt\n|faint|p1a: Cyclizar\n|\n|win|Kinesquared\n|l|\u2606XpokVEVO\n","uploadtime":1698521847,"views":11,"p1id":"xpokvevo","p2id":"kinesquared","formatid":"gen9ubers","rating":0,"private":0,"password":""}