{"id":"gen9ubers-1995421337","p1":"lil bro driving","p2":"VantaBlack0","format":"[Gen 9] Ubers","log":"|j|\u2606lil bro driving\n|j|\u2606VantaBlack0\n|t:|1700568628\n|gametype|singles\n|player|p1|lil bro driving|petrel|1147\n|player|p2|VantaBlack0|cynthia|1265\n|teamsize|p1|6\n|teamsize|p2|6\n|gen|9\n|tier|[Gen 9] Ubers\n|rated|\n|rule|Sleep Clause Mod: Limit one foe put to sleep\n|rule|Species Clause: Limit one of each Pok\u00e9mon\n|rule|OHKO Clause: OHKO moves are banned\n|rule|Evasion Items Clause: Evasion items are banned\n|rule|Evasion Moves Clause: Evasion moves are banned\n|rule|Endless Battle Clause: Forcing endless battles is banned\n|rule|HP Percentage Mod: HP is shown in percentages\n|clearpoke\n|poke|p1|Iron Bundle|\n|poke|p1|Clefable, M|\n|poke|p1|Miraidon|\n|poke|p1|Skeledirge, F|\n|poke|p1|Blissey, F|\n|poke|p1|Gliscor, M|\n|poke|p2|Sneasler, F|\n|poke|p2|Cresselia, F|\n|poke|p2|Koraidon|\n|poke|p2|Walking Wake|\n|poke|p2|Regieleki|\n|poke|p2|Scizor, M|\n|teampreview\n|inactive|Battle timer is ON: inactive players will automatically lose when time's up. (requested by lil bro driving)\n|\n|t:|1700568638\n|start\n|switch|p1a: Miraidon|Miraidon|100\/100\n|switch|p2a: Le Croissant|Cresselia, F, shiny|100\/100\n|-fieldstart|move: Electric Terrain|[from] ability: Hadron Engine|[of] p1a: Miraidon\n|turn|1\n|\n|t:|1700568651\n|move|p1a: Miraidon|Electro Drift|p2a: Le Croissant\n|-damage|p2a: Le Croissant|42\/100\n|move|p2a: Le Croissant|Moonblast|p1a: Miraidon\n|-supereffective|p1a: Miraidon\n|-damage|p1a: Miraidon|54\/100\n|-unboost|p1a: Miraidon|spa|1\n|\n|-heal|p2a: Le Croissant|48\/100|[from] item: Leftovers\n|upkeep\n|turn|2\n|\n|t:|1700568662\n|move|p1a: Miraidon|Volt Switch|p2a: Le Croissant\n|-damage|p2a: Le Croissant|21\/100\n|\n|t:|1700568666\n|switch|p1a: Blissey|Blissey, F|100\/100|[from] Volt Switch\n|move|p2a: Le Croissant|Moonlight|p2a: Le Croissant\n|-heal|p2a: Le Croissant|71\/100\n|\n|-heal|p2a: Le Croissant|78\/100|[from] item: Leftovers\n|upkeep\n|turn|3\n|\n|t:|1700568677\n|move|p2a: Le Croissant|Thunder Wave|p1a: Blissey|[miss]\n|-miss|p2a: Le Croissant|p1a: Blissey\n|move|p1a: Blissey|Stealth Rock|p2a: Le Croissant\n|-sidestart|p2: VantaBlack0|move: Stealth Rock\n|\n|-heal|p2a: Le Croissant|84\/100|[from] item: Leftovers\n|upkeep\n|turn|4\n|\n|t:|1700568689\n|move|p2a: Le Croissant|Thunder Wave|p1a: Blissey\n|-status|p1a: Blissey|par\n|cant|p1a: Blissey|par\n|\n|-heal|p2a: Le Croissant|90\/100|[from] item: Leftovers\n|upkeep\n|turn|5\n|\n|t:|1700568701\n|switch|p2a: Scizor|Scizor, M|100\/100\n|-damage|p2a: Scizor|88\/100|[from] Stealth Rock\n|-curestatus|p1a: Blissey|par|[from] ability: Natural Cure\n|switch|p1a: Gliscor|Gliscor, M|100\/100\n|\n|-fieldend|move: Electric Terrain\n|-status|p1a: Gliscor|tox|[from] item: Toxic Orb\n|upkeep\n|turn|6\n|\n|t:|1700568718\n|move|p2a: Scizor|Trailblaze|p1a: Gliscor\n|-damage|p1a: Gliscor|84\/100 tox\n|-boost|p2a: Scizor|spe|1\n|move|p1a: Gliscor|Knock Off|p2a: Scizor\n|-damage|p2a: Scizor|60\/100\n|-enditem|p2a: Scizor|Focus Sash|[from] move: Knock Off|[of] p1a: Gliscor\n|\n|-heal|p1a: Gliscor|96\/100 tox|[from] ability: Poison Heal\n|upkeep\n|turn|7\n|\n|t:|1700568732\n|move|p2a: Scizor|Dual Wingbeat|p1a: Gliscor\n|-damage|p1a: Gliscor|82\/100 tox\n|-damage|p1a: Gliscor|68\/100 tox\n|-hitcount|p1a: Gliscor|2\n|move|p1a: Gliscor|U-turn|p2a: Scizor\n|-resisted|p2a: Scizor\n|-damage|p2a: Scizor|51\/100\n|\n|t:|1700568741\n|switch|p1a: Miraidon|Miraidon|54\/100|[from] U-turn\n|-fieldstart|move: Electric Terrain|[from] ability: Hadron Engine|[of] p1a: Miraidon\n|\n|upkeep\n|turn|8\n|\n|t:|1700568747\n|move|p1a: Miraidon|Electro Drift|p2a: Scizor\n|-damage|p2a: Scizor|0 fnt\n|faint|p2a: Scizor\n|\n|upkeep\n|\n|t:|1700568754\n|switch|p2a: Toxic Weavile|Sneasler, F|100\/100\n|-damage|p2a: Toxic Weavile|95\/100|[from] Stealth Rock\n|turn|9\n|\n|t:|1700568760\n|switch|p1a: Gliscor|Gliscor, M|68\/100 tox\n|move|p2a: Toxic Weavile|Fake Out|p1a: Gliscor\n|-enditem|p2a: Toxic Weavile|Normal Gem|[from] gem\n|-damage|p1a: Gliscor|57\/100 tox\n|\n|-heal|p1a: Gliscor|70\/100 tox|[from] ability: Poison Heal\n|upkeep\n|turn|10\n|\n|t:|1700568770\n|-terastallize|p2a: Toxic Weavile|Flying\n|move|p2a: Toxic Weavile|Acrobatics|p1a: Gliscor\n|-damage|p1a: Gliscor|29\/100 tox\n|move|p1a: Gliscor|Spikes|p2a: Toxic Weavile\n|-sidestart|p2: VantaBlack0|Spikes\n|\n|-heal|p1a: Gliscor|41\/100 tox|[from] ability: Poison Heal\n|upkeep\n|turn|11\n|\n|t:|1700568780\n|move|p1a: Gliscor|Protect|p1a: Gliscor\n|-singleturn|p1a: Gliscor|Protect\n|move|p2a: Toxic Weavile|Acrobatics|p1a: Gliscor\n|-activate|p1a: Gliscor|move: Protect\n|\n|-heal|p1a: Gliscor|54\/100 tox|[from] ability: Poison Heal\n|-fieldend|move: Electric Terrain\n|upkeep\n|turn|12\n|\n|t:|1700568801\n|move|p2a: Toxic Weavile|Acrobatics|p1a: Gliscor\n|-damage|p1a: Gliscor|18\/100 tox\n|move|p1a: Gliscor|U-turn|p2a: Toxic Weavile\n|-resisted|p2a: Toxic Weavile\n|-damage|p2a: Toxic Weavile|81\/100\n|\n|t:|1700568811\n|switch|p1a: Skeledirge|Skeledirge, F|100\/100|[from] U-turn\n|\n|upkeep\n|turn|13\n|\n|t:|1700568818\n|move|p2a: Toxic Weavile|Acrobatics|p1a: Skeledirge\n|-damage|p1a: Skeledirge|62\/100\n|move|p1a: Skeledirge|Will-O-Wisp|p2a: Toxic Weavile\n|-status|p2a: Toxic Weavile|brn\n|\n|-damage|p2a: Toxic Weavile|75\/100 brn|[from] brn\n|upkeep\n|turn|14\n|\n|t:|1700568829\n|switch|p2a: Virgil|Regieleki|100\/100\n|-damage|p2a: Virgil|88\/100|[from] Stealth Rock\n|-damage|p2a: Virgil|76\/100|[from] Spikes\n|move|p1a: Skeledirge|Slack Off|p1a: Skeledirge\n|-heal|p1a: Skeledirge|100\/100\n|\n|upkeep\n|turn|15\n|\n|t:|1700568839\n|move|p2a: Virgil|Thunderbolt|p1a: Skeledirge\n|-damage|p1a: Skeledirge|30\/100\n|-damage|p2a: Virgil|66\/100|[from] item: Life Orb\n|move|p1a: Skeledirge|Torch Song|p2a: Virgil\n|-damage|p2a: Virgil|8\/100\n|-boost|p1a: Skeledirge|spa|1\n|\n|upkeep\n|turn|16\n|\n|t:|1700568847\n|move|p2a: Virgil|Thunderbolt|p1a: Skeledirge\n|-damage|p1a: Skeledirge|0 fnt\n|faint|p1a: Skeledirge\n|-damage|p2a: Virgil|0 fnt|[from] item: Life Orb\n|faint|p2a: Virgil\n|\n|upkeep\n|\n|t:|1700568868\n|switch|p2a: Donny|Koraidon|100\/100\n|switch|p1a: Iron Bundle|Iron Bundle|100\/100\n|-damage|p2a: Donny|94\/100|[from] Stealth Rock\n|-damage|p2a: Donny|82\/100|[from] Spikes\n|-weather|SunnyDay|[from] ability: Orichalcum Pulse|[of] p2a: Donny\n|-activate|p2a: Donny|Orichalcum Pulse|[source]\n|turn|17\n|inactive|lil bro driving has 120 seconds left.\n|\n|t:|1700568903\n|move|p2a: Donny|U-turn|p1a: Iron Bundle\n|-damage|p1a: Iron Bundle|63\/100\n|\n|t:|1700568910\n|switch|p2a: Le Croissant|Cresselia, F, shiny|90\/100|[from] U-turn\n|-damage|p2a: Le Croissant|77\/100|[from] Stealth Rock\n|move|p1a: Iron Bundle|Ice Beam|p2a: Le Croissant\n|-damage|p2a: Le Croissant|46\/100\n|\n|-weather|SunnyDay|[upkeep]\n|-heal|p2a: Le Croissant|52\/100|[from] item: Leftovers\n|upkeep\n|turn|18\n|inactive|lil bro driving has 120 seconds left.\n|\n|t:|1700568924\n|move|p1a: Iron Bundle|Taunt|p2a: Le Croissant\n|-start|p2a: Le Croissant|move: Taunt\n|move|p2a: Le Croissant|Psychic|p1a: Iron Bundle\n|-damage|p1a: Iron Bundle|0 fnt\n|faint|p1a: Iron Bundle\n|-end|p1a: Iron Bundle|Quark Drive|[silent]\n|\n|-weather|SunnyDay|[upkeep]\n|-heal|p2a: Le Croissant|58\/100|[from] item: Leftovers\n|upkeep\n|inactive|lil bro driving has 120 seconds left.\n|\n|t:|1700568930\n|switch|p1a: Miraidon|Miraidon|54\/100\n|-fieldstart|move: Electric Terrain|[from] ability: Hadron Engine|[of] p1a: Miraidon\n|turn|19\n|\n|t:|1700568938\n|move|p1a: Miraidon|Electro Drift|p2a: Le Croissant\n|-damage|p2a: Le Croissant|0 fnt\n|faint|p2a: Le Croissant\n|\n|-weather|SunnyDay|[upkeep]\n|upkeep\n|\n|t:|1700568952\n|switch|p2a: Suikill|Walking Wake|100\/100\n|-damage|p2a: Suikill|88\/100|[from] Stealth Rock\n|-damage|p2a: Suikill|76\/100|[from] Spikes\n|-activate|p2a: Suikill|ability: Protosynthesis\n|-start|p2a: Suikill|protosynthesisspe\n|turn|20\n|\n|t:|1700568958\n|switch|p1a: Blissey|Blissey, F|100\/100\n|move|p2a: Suikill|Dragon Pulse|p1a: Blissey\n|-damage|p1a: Blissey|88\/100\n|\n|-weather|SunnyDay|[upkeep]\n|upkeep\n|turn|21\n|\n|t:|1700568967\n|-end|p2a: Suikill|Protosynthesis|[silent]\n|switch|p2a: Toxic Weavile|Sneasler, F, tera:Flying|75\/100 brn\n|-damage|p2a: Toxic Weavile|50\/100 brn|[from] Stealth Rock\n|move|p1a: Blissey|Seismic Toss|p2a: Toxic Weavile\n|-damage|p2a: Toxic Weavile|17\/100 brn\n|\n|-weather|none\n|-damage|p2a: Toxic Weavile|11\/100 brn|[from] brn\n|upkeep\n|turn|22\n|\n|t:|1700568977\n|switch|p1a: Gliscor|Gliscor, M|18\/100 tox\n|move|p2a: Toxic Weavile|Dire Claw|p1a: Gliscor\n|-resisted|p1a: Gliscor\n|-damage|p1a: Gliscor|11\/100 tox\n|\n|-heal|p1a: Gliscor|24\/100 tox|[from] ability: Poison Heal\n|-damage|p2a: Toxic Weavile|5\/100 brn|[from] brn\n|upkeep\n|turn|23\n|-message|VantaBlack0 forfeited.\n|\n|win|lil bro driving\n|raw|lil bro driving's rating: 1168 &rarr; <strong>1200<\/strong><br \/>(+32 for winning)\n|raw|VantaBlack0's rating: 1265 &rarr; <strong>1233<\/strong><br \/>(-32 for losing)\n|l|\u2606VantaBlack0\n","uploadtime":1700568992,"views":1,"p1id":"lilbrodriving","p2id":"vantablack0","formatid":"gen9ubers","rating":1200,"private":0,"password":""}