{"id":"gen9ubers-1982835870","p1":"ttkilla","p2":"XpokVEVO","format":"[Gen 9] Ubers","log":"|j|\u2606ttkilla\n|j|\u2606XpokVEVO\n|t:|1699049644\n|gametype|singles\n|player|p1|ttkilla|cameraman|\n|player|p2|XpokVEVO|mustard|\n|teamsize|p1|6\n|teamsize|p2|6\n|gen|9\n|tier|[Gen 9] Ubers\n|rule|Sleep Clause Mod: Limit one foe put to sleep\n|rule|Species Clause: Limit one of each Pok\u00e9mon\n|rule|OHKO Clause: OHKO moves are banned\n|rule|Evasion Items Clause: Evasion items are banned\n|rule|Evasion Moves Clause: Evasion moves are banned\n|rule|Endless Battle Clause: Forcing endless battles is banned\n|rule|HP Percentage Mod: HP is shown in percentages\n|clearpoke\n|poke|p1|Baxcalibur, M|\n|poke|p1|Ogerpon, F|\n|poke|p1|Dialga|\n|poke|p1|Tyranitar, F|\n|poke|p1|Arceus-Fighting|\n|poke|p1|Ursaluna, M|\n|poke|p2|Slowking-Galar, F|\n|poke|p2|Lurantis, F|\n|poke|p2|Espeon, M|\n|poke|p2|Enamorus-Therian, F|\n|poke|p2|Glastrier|\n|poke|p2|Conkeldurr, M|\n|teampreview\n|inactive|Battle timer is ON: inactive players will automatically lose when time's up. (requested by XpokVEVO)\n|c|\u2606ttkilla|glhf\n|inactive|ttkilla has 270 seconds left.\n|\n|t:|1699049682\n|start\n|switch|p1a: Baxcalibur|Baxcalibur, M|100\/100\n|switch|p2a: Slowking|Slowking-Galar, F|100\/100\n|turn|1\n|\n|t:|1699049690\n|move|p1a: Baxcalibur|Swords Dance|p1a: Baxcalibur\n|-boost|p1a: Baxcalibur|atk|2\n|move|p2a: Slowking|Trick Room|p2a: Slowking\n|-fieldstart|move: Trick Room|[of] p2a: Slowking\n|\n|upkeep\n|turn|2\n|\n|t:|1699049696\n|move|p2a: Slowking|Future Sight|p1a: Baxcalibur\n|-start|p2a: Slowking|move: Future Sight\n|move|p1a: Baxcalibur|Icicle Spear|p2a: Slowking\n|-damage|p2a: Slowking|77\/100\n|-damage|p2a: Slowking|55\/100\n|-damage|p2a: Slowking|33\/100\n|-damage|p2a: Slowking|8\/100\n|-damage|p2a: Slowking|0 fnt\n|faint|p2a: Slowking\n|-hitcount|p2: Slowking|5\n|\n|upkeep\n|\n|t:|1699049712\n|switch|p2a: Conkeldurr|Conkeldurr, M|100\/100\n|turn|3\n|\n|t:|1699049730\n|-terastallize|p1a: Baxcalibur|Fairy\n|move|p2a: Conkeldurr|Close Combat|p1a: Baxcalibur\n|-resisted|p1a: Baxcalibur\n|-damage|p1a: Baxcalibur|67\/100\n|-unboost|p2a: Conkeldurr|def|1\n|-unboost|p2a: Conkeldurr|spd|1\n|move|p1a: Baxcalibur|Icicle Spear|p2a: Conkeldurr\n|-damage|p2a: Conkeldurr|57\/100\n|-damage|p2a: Conkeldurr|17\/100\n|-damage|p2a: Conkeldurr|0 fnt\n|faint|p2a: Conkeldurr\n|-hitcount|p2: Conkeldurr|3\n|\n|upkeep\n|\n|t:|1699049755\n|switch|p2a: Glastrier|Glastrier|100\/100\n|turn|4\n|\n|t:|1699049759\n|move|p2a: Glastrier|Heavy Slam|p1a: Baxcalibur\n|-supereffective|p1a: Baxcalibur\n|-damage|p1a: Baxcalibur|0 fnt\n|faint|p1a: Baxcalibur\n|-ability|p2a: Glastrier|Chilling Neigh|boost\n|-boost|p2a: Glastrier|atk|1\n|-damage|p2a: Glastrier|91\/100|[from] item: Life Orb\n|\n|-hint|Future Sight did not hit because the target is fainted.\n|upkeep\n|\n|t:|1699049761\n|switch|p1a: Tyranitar|Tyranitar, F|100\/100\n|-weather|Sandstorm|[from] ability: Sand Stream|[of] p1a: Tyranitar\n|turn|5\n|\n|t:|1699049774\n|move|p2a: Glastrier|High Horsepower|p1a: Tyranitar\n|-supereffective|p1a: Tyranitar\n|-damage|p1a: Tyranitar|0 fnt\n|faint|p1a: Tyranitar\n|-ability|p2a: Glastrier|Chilling Neigh|boost\n|-boost|p2a: Glastrier|atk|1\n|-damage|p2a: Glastrier|81\/100|[from] item: Life Orb\n|\n|-weather|Sandstorm|[upkeep]\n|-damage|p2a: Glastrier|75\/100|[from] Sandstorm\n|-fieldend|move: Trick Room\n|upkeep\n|\n|t:|1699049780\n|switch|p1a: Arceus|Arceus-Fighting|100\/100\n|turn|6\n|\n|t:|1699049814\n|move|p1a: Arceus|Judgment|p2a: Glastrier\n|-supereffective|p2a: Glastrier\n|-damage|p2a: Glastrier|0 fnt\n|faint|p2a: Glastrier\n|\n|-weather|Sandstorm|[upkeep]\n|-damage|p1a: Arceus|94\/100|[from] Sandstorm\n|upkeep\n|\n|t:|1699049817\n|switch|p2a: Espeon|Espeon, M|100\/100\n|turn|7\n|\n|t:|1699049822\n|switch|p1a: Ogerpon|Ogerpon, F|100\/100\n|move|p2a: Espeon|Trick Room|p2a: Espeon\n|-fieldstart|move: Trick Room|[of] p2a: Espeon\n|\n|-weather|Sandstorm|[upkeep]\n|-damage|p2a: Espeon|95\/100|[from] Sandstorm\n|-damage|p1a: Ogerpon|95\/100|[from] Sandstorm\n|upkeep\n|turn|8\n|\n|t:|1699049825\n|move|p2a: Espeon|Thunder Wave|p1a: Ogerpon\n|-status|p1a: Ogerpon|par\n|move|p1a: Ogerpon|U-turn|p2a: Espeon\n|-supereffective|p2a: Espeon\n|-damage|p2a: Espeon|0 fnt\n|faint|p2a: Espeon\n|\n|t:|1699049830\n|switch|p1a: Ursaluna|Ursaluna, M|100\/100|[from] U-turn\n|\n|-weather|Sandstorm|[upkeep]\n|-status|p1a: Ursaluna|brn|[from] item: Flame Orb\n|upkeep\n|\n|t:|1699049833\n|switch|p2a: Lurantis|Lurantis, F|100\/100\n|turn|9\n|\n|t:|1699049847\n|-terastallize|p2a: Lurantis|Fighting\n|move|p2a: Lurantis|Superpower|p1a: Ursaluna\n|-supereffective|p1a: Ursaluna\n|-damage|p1a: Ursaluna|0 fnt\n|-unboost|p2a: Lurantis|atk|1\n|-unboost|p2a: Lurantis|def|1\n|faint|p1a: Ursaluna\n|-damage|p2a: Lurantis|91\/100|[from] item: Life Orb\n|\n|-weather|none\n|upkeep\n|\n|t:|1699049853\n|switch|p1a: Arceus|Arceus-Fighting|94\/100\n|turn|10\n|c|\u2606XpokVEVO|DUDE\n|c|\u2606XpokVEVO|I FORGOT CONTRARY AGAIN\n|c|\u2606ttkilla|rip sorry man\n|\n|t:|1699049866\n|move|p2a: Lurantis|Leaf Blade|p1a: Arceus\n|-damage|p1a: Arceus|67\/100\n|-damage|p2a: Lurantis|81\/100|[from] item: Life Orb\n|move|p1a: Arceus|Judgment|p2a: Lurantis\n|-damage|p2a: Lurantis|17\/100\n|\n|upkeep\n|turn|11\n|\n|t:|1699049870\n|move|p2a: Lurantis|Leaf Storm|p1a: Arceus\n|-damage|p1a: Arceus|24\/100\n|-unboost|p2a: Lurantis|spa|2\n|-damage|p2a: Lurantis|7\/100|[from] item: Life Orb\n|move|p1a: Arceus|Recover|p1a: Arceus\n|-heal|p1a: Arceus|74\/100\n|\n|-fieldend|move: Trick Room\n|upkeep\n|turn|12\n|\n|t:|1699049873\n|move|p1a: Arceus|Cosmic Power|p1a: Arceus\n|-boost|p1a: Arceus|def|1\n|-boost|p1a: Arceus|spd|1\n|move|p2a: Lurantis|Leaf Storm|p1a: Arceus\n|-damage|p1a: Arceus|60\/100\n|-unboost|p2a: Lurantis|spa|2\n|-damage|p2a: Lurantis|0 fnt|[from] item: Life Orb\n|faint|p2a: Lurantis\n|\n|upkeep\n|\n|t:|1699049875\n|switch|p2a: Enamorus|Enamorus-Therian, F|100\/100\n|turn|13\n|inactive|XpokVEVO has 270 seconds left.\n|\n|t:|1699049906\n|move|p1a: Arceus|Flash Cannon|p2a: Enamorus\n|-supereffective|p2a: Enamorus\n|-damage|p2a: Enamorus|58\/100\n|move|p2a: Enamorus|Moonblast|p1a: Arceus\n|-supereffective|p1a: Arceus\n|-damage|p1a: Arceus|0 fnt\n|faint|p1a: Arceus\n|\n|upkeep\n|inactive|ttkilla has 270 seconds left.\n|\n|t:|1699049946\n|switch|p1a: Dialga|Dialga|100\/100\n|-ability|p1a: Dialga|Pressure\n|turn|14\n|\n|t:|1699049949\n|move|p1a: Dialga|Flash Cannon|p2a: Enamorus\n|-supereffective|p2a: Enamorus\n|-damage|p2a: Enamorus|0 fnt\n|faint|p2a: Enamorus\n|\n|win|ttkilla\n|l|\u2606XpokVEVO\n","uploadtime":1699049954,"views":10,"p1id":"ttkilla","p2id":"xpokvevo","formatid":"gen9ubers","rating":0,"private":0,"password":""}