{"id":"gen9ubers-1975291442","p1":"Blake-Mamba","p2":"iysbv","format":"[Gen 9] Ubers","log":"|j|\u2606Blake-Mamba\n|j|\u2606iysbv\n|t:|1698177058\n|gametype|singles\n|player|p1|Blake-Mamba|juan|1151\n|player|p2|iysbv|101|1103\n|teamsize|p1|6\n|teamsize|p2|6\n|gen|9\n|tier|[Gen 9] Ubers\n|rated|\n|rule|Sleep Clause Mod: Limit one foe put to sleep\n|rule|Species Clause: Limit one of each Pok\u00e9mon\n|rule|OHKO Clause: OHKO moves are banned\n|rule|Evasion Items Clause: Evasion items are banned\n|rule|Evasion Moves Clause: Evasion moves are banned\n|rule|Endless Battle Clause: Forcing endless battles is banned\n|rule|HP Percentage Mod: HP is shown in percentages\n|clearpoke\n|poke|p1|Ogerpon-Hearthflame, F|\n|poke|p1|Vikavolt, F|\n|poke|p1|Kommo-o, M|\n|poke|p1|Ursaluna-Bloodmoon, M|\n|poke|p1|Yanmega, F|\n|poke|p1|Chandelure, M|\n|poke|p2|Chien-Pao|\n|poke|p2|Arceus-Electric|\n|poke|p2|Flutter Mane|\n|poke|p2|Palafin, F|\n|poke|p2|Zacian-*|\n|poke|p2|Ogerpon-Hearthflame, F|\n|teampreview\n|\n|t:|1698177070\n|start\n|switch|p1a: Vikavolt|Vikavolt, F|100\/100\n|switch|p2a: Palafin|Palafin, F|100\/100\n|turn|1\n|\n|t:|1698177077\n|move|p2a: Palafin|Flip Turn|p1a: Vikavolt\n|-damage|p1a: Vikavolt|77\/100\n|\n|t:|1698177099\n|detailschange|p2a: Palafin|Palafin-Hero, F\n|switch|p2a: Ogerpon|Ogerpon-Hearthflame, F|100\/100|[from] Flip Turn\n|-ability|p2a: Ogerpon|Mold Breaker\n|move|p1a: Vikavolt|Sticky Web|p2a: Ogerpon\n|-sidestart|p2: iysbv|move: Sticky Web\n|\n|upkeep\n|turn|2\n|\n|t:|1698177108\n|switch|p1a: Chandelure|Chandelure, M|100\/100\n|move|p2a: Ogerpon|Ivy Cudgel|p1a: Chandelure\n|-resisted|p1a: Chandelure\n|-damage|p1a: Chandelure|58\/100\n|\n|upkeep\n|turn|3\n|\n|t:|1698177115\n|move|p1a: Chandelure|Overheat|p2a: Ogerpon\n|-damage|p2a: Ogerpon|10\/100\n|-unboost|p1a: Chandelure|spa|2\n|move|p2a: Ogerpon|Stomping Tantrum|p1a: Chandelure\n|-supereffective|p1a: Chandelure\n|-damage|p1a: Chandelure|0 fnt\n|faint|p1a: Chandelure\n|\n|upkeep\n|\n|t:|1698177132\n|switch|p1a: Ogerpon|Ogerpon-Hearthflame, F|100\/100\n|-ability|p1a: Ogerpon|Mold Breaker\n|turn|4\n|\n|t:|1698177136\n|move|p2a: Ogerpon|Stomping Tantrum|p1a: Ogerpon\n|-damage|p1a: Ogerpon|60\/100\n|move|p1a: Ogerpon|Trailblaze|p2a: Ogerpon\n|-resisted|p2a: Ogerpon\n|-damage|p2a: Ogerpon|0 fnt\n|-boost|p1a: Ogerpon|spe|1\n|faint|p2a: Ogerpon\n|\n|upkeep\n|\n|t:|1698177156\n|switch|p2a: Chien-Pao|Chien-Pao|100\/100\n|-activate|p2a: Chien-Pao|move: Sticky Web\n|-unboost|p2a: Chien-Pao|spe|1\n|-ability|p2a: Chien-Pao|Sword of Ruin\n|turn|5\n|\n|t:|1698177165\n|move|p2a: Chien-Pao|Sucker Punch|p1a: Ogerpon\n|-damage|p1a: Ogerpon|0 fnt\n|faint|p1a: Ogerpon\n|\n|upkeep\n|\n|t:|1698177170\n|switch|p1a: Kommo-o|Kommo-o, M|100\/100\n|turn|6\n|\n|t:|1698177176\n|switch|p2a: Flutter Mane|Flutter Mane, shiny|100\/100\n|-activate|p2a: Flutter Mane|move: Sticky Web\n|-unboost|p2a: Flutter Mane|spe|1\n|-terastallize|p1a: Kommo-o|Steel\n|move|p1a: Kommo-o|Clangorous Soul|p1a: Kommo-o\n|-boost|p1a: Kommo-o|atk|1\n|-boost|p1a: Kommo-o|def|1\n|-boost|p1a: Kommo-o|spa|1\n|-boost|p1a: Kommo-o|spd|1\n|-boost|p1a: Kommo-o|spe|1\n|-damage|p1a: Kommo-o|68\/100\n|\n|-heal|p1a: Kommo-o|74\/100|[from] item: Leftovers\n|upkeep\n|turn|7\n|\n|t:|1698177190\n|move|p1a: Kommo-o|Iron Head|p2a: Flutter Mane\n|-supereffective|p2a: Flutter Mane\n|-crit|p2a: Flutter Mane\n|-damage|p2a: Flutter Mane|0 fnt\n|faint|p2a: Flutter Mane\n|-end|p2a: Flutter Mane|Protosynthesis|[silent]\n|\n|-heal|p1a: Kommo-o|80\/100|[from] item: Leftovers\n|upkeep\n|\n|t:|1698177200\n|switch|p2a: Palafin|Palafin-Hero, F|100\/100\n|-activate|p2a: Palafin|move: Sticky Web\n|-unboost|p2a: Palafin|spe|1\n|-activate|p2a: Palafin|ability: Zero to Hero\n|turn|8\n|\n|t:|1698177207\n|move|p1a: Kommo-o|Drain Punch|p2a: Palafin\n|-damage|p2a: Palafin|54\/100\n|-heal|p1a: Kommo-o|100\/100|[from] drain|[of] p2a: Palafin\n|move|p2a: Palafin|Drain Punch|p1a: Kommo-o\n|-supereffective|p1a: Kommo-o\n|-damage|p1a: Kommo-o|65\/100\n|-heal|p2a: Palafin|69\/100|[from] drain|[of] p1a: Kommo-o\n|\n|-heal|p1a: Kommo-o|72\/100|[from] item: Leftovers\n|-heal|p2a: Palafin|75\/100|[from] item: Leftovers\n|upkeep\n|turn|9\n|\n|t:|1698177222\n|move|p1a: Kommo-o|Drain Punch|p2a: Palafin\n|-damage|p2a: Palafin|28\/100\n|-heal|p1a: Kommo-o|99\/100|[from] drain|[of] p2a: Palafin\n|move|p2a: Palafin|Drain Punch|p1a: Kommo-o\n|-supereffective|p1a: Kommo-o\n|-damage|p1a: Kommo-o|63\/100\n|-heal|p2a: Palafin|44\/100|[from] drain|[of] p1a: Kommo-o\n|\n|-heal|p1a: Kommo-o|69\/100|[from] item: Leftovers\n|-heal|p2a: Palafin|50\/100|[from] item: Leftovers\n|upkeep\n|turn|10\n|\n|t:|1698177236\n|move|p2a: Palafin|Jet Punch|p1a: Kommo-o\n|-damage|p1a: Kommo-o|48\/100\n|move|p1a: Kommo-o|Drain Punch|p2a: Palafin\n|-damage|p2a: Palafin|4\/100\n|-heal|p1a: Kommo-o|74\/100|[from] drain|[of] p2a: Palafin\n|\n|-heal|p1a: Kommo-o|80\/100|[from] item: Leftovers\n|-heal|p2a: Palafin|10\/100|[from] item: Leftovers\n|upkeep\n|turn|11\n|\n|t:|1698177248\n|move|p2a: Palafin|Jet Punch|p1a: Kommo-o\n|-damage|p1a: Kommo-o|60\/100\n|move|p1a: Kommo-o|Clangorous Soul|p1a: Kommo-o\n|-boost|p1a: Kommo-o|atk|1\n|-boost|p1a: Kommo-o|def|1\n|-boost|p1a: Kommo-o|spa|1\n|-boost|p1a: Kommo-o|spd|1\n|-boost|p1a: Kommo-o|spe|1\n|-damage|p1a: Kommo-o|27\/100\n|\n|-heal|p1a: Kommo-o|34\/100|[from] item: Leftovers\n|-heal|p2a: Palafin|16\/100|[from] item: Leftovers\n|upkeep\n|turn|12\n|\n|t:|1698177260\n|move|p2a: Palafin|Jet Punch|p1a: Kommo-o\n|-damage|p1a: Kommo-o|18\/100\n|move|p1a: Kommo-o|Drain Punch|p2a: Palafin\n|-damage|p2a: Palafin|0 fnt\n|-heal|p1a: Kommo-o|27\/100|[from] drain|[of] p2a: Palafin\n|faint|p2a: Palafin\n|\n|-heal|p1a: Kommo-o|33\/100|[from] item: Leftovers\n|upkeep\n|\n|t:|1698177274\n|switch|p2a: Zacian|Zacian-Crowned, shiny|100\/100\n|-activate|p2a: Zacian|move: Sticky Web\n|-unboost|p2a: Zacian|spe|1\n|-ability|p2a: Zacian|Intrepid Sword|boost\n|-boost|p2a: Zacian|atk|1\n|turn|13\n|\n|t:|1698177282\n|move|p1a: Kommo-o|Drain Punch|p2a: Zacian\n|-damage|p2a: Zacian|26\/100\n|-heal|p1a: Kommo-o|67\/100|[from] drain|[of] p2a: Zacian\n|move|p2a: Zacian|Behemoth Blade|p1a: Kommo-o\n|-resisted|p1a: Kommo-o\n|-damage|p1a: Kommo-o|49\/100\n|\n|-heal|p1a: Kommo-o|55\/100|[from] item: Leftovers\n|upkeep\n|turn|14\n|\n|t:|1698177294\n|move|p1a: Kommo-o|Drain Punch|p2a: Zacian\n|-damage|p2a: Zacian|0 fnt\n|-heal|p1a: Kommo-o|67\/100|[from] drain|[of] p2a: Zacian\n|faint|p2a: Zacian\n|\n|-heal|p1a: Kommo-o|73\/100|[from] item: Leftovers\n|upkeep\n|\n|t:|1698177302\n|switch|p2a: Chien-Pao|Chien-Pao|100\/100\n|-activate|p2a: Chien-Pao|move: Sticky Web\n|-unboost|p2a: Chien-Pao|spe|1\n|-ability|p2a: Chien-Pao|Sword of Ruin\n|turn|15\n|\n|t:|1698177307\n|move|p2a: Chien-Pao|Sucker Punch|p1a: Kommo-o\n|-damage|p1a: Kommo-o|47\/100\n|move|p1a: Kommo-o|Drain Punch|p2a: Chien-Pao\n|-supereffective|p2a: Chien-Pao\n|-damage|p2a: Chien-Pao|0 fnt\n|-heal|p1a: Kommo-o|90\/100|[from] drain|[of] p2a: Chien-Pao\n|faint|p2a: Chien-Pao\n|\n|-heal|p1a: Kommo-o|96\/100|[from] item: Leftovers\n|upkeep\n|\n|t:|1698177318\n|switch|p2a: Arceus|Arceus-Electric|100\/100\n|-activate|p2a: Arceus|move: Sticky Web\n|-unboost|p2a: Arceus|spe|1\n|turn|16\n|\n|t:|1698177324\n|move|p1a: Kommo-o|Outrage|p2a: Arceus\n|-damage|p2a: Arceus|27\/100\n|move|p2a: Arceus|Judgment|p1a: Kommo-o\n|-damage|p1a: Kommo-o|67\/100\n|\n|-heal|p1a: Kommo-o|73\/100|[from] item: Leftovers\n|upkeep\n|turn|17\n|\n|t:|1698177333\n|move|p1a: Kommo-o|Outrage|p2a: Arceus|[from]lockedmove\n|-damage|p2a: Arceus|0 fnt\n|faint|p2a: Arceus\n|\n|win|Blake-Mamba\n|raw|Blake-Mamba's rating: 1151 &rarr; <strong>1173<\/strong><br \/>(+22 for winning)\n|raw|iysbv's rating: 1103 &rarr; <strong>1081<\/strong><br \/>(-22 for losing)\n|c|\u2606Blake-Mamba|Gg\n|l|\u2606iysbv\n","uploadtime":1698177343,"views":9,"p1id":"blakemamba","p2id":"iysbv","formatid":"gen9ubers","rating":1081,"private":0,"password":""}