{"id":"gen9ubers-1981486869","p1":"Iejekdkdkrkd","p2":"NASA Ddddd","format":"[Gen 9] Ubers","log":"|j|\u2606Iejekdkdkrkd\n|j|\u2606NASA Ddddd\n|t:|1698904857\n|gametype|singles\n|player|p1|Iejekdkdkrkd|lass-gen4dp|1118\n|player|p2|NASA Ddddd|265|1050\n|teamsize|p1|6\n|teamsize|p2|6\n|gen|9\n|tier|[Gen 9] Ubers\n|rated|\n|rule|Sleep Clause Mod: Limit one foe put to sleep\n|rule|Species Clause: Limit one of each Pok\u00e9mon\n|rule|OHKO Clause: OHKO moves are banned\n|rule|Evasion Items Clause: Evasion items are banned\n|rule|Evasion Moves Clause: Evasion moves are banned\n|rule|Endless Battle Clause: Forcing endless battles is banned\n|rule|HP Percentage Mod: HP is shown in percentages\n|clearpoke\n|poke|p1|Arceus-Fairy|\n|poke|p1|Koraidon|\n|poke|p1|Flutter Mane|\n|poke|p1|Ting-Lu|\n|poke|p1|Toxapex, F|\n|poke|p1|Giratina-Origin|\n|poke|p2|Roaring Moon|\n|poke|p2|Ursaluna-Bloodmoon, M|\n|poke|p2|Annihilape, M|\n|poke|p2|Skeledirge, F|\n|poke|p2|Lucario, F|\n|poke|p2|Raboot, M|\n|teampreview\n|\n|t:|1698904861\n|start\n|switch|p1a: Ting-Lu|Ting-Lu|100\/100\n|switch|p2a: Roaring Moon|Roaring Moon|100\/100\n|-ability|p1a: Ting-Lu|Vessel of Ruin\n|turn|1\n|\n|t:|1698904876\n|move|p2a: Roaring Moon|Sunny Day|p2a: Roaring Moon\n|-weather|SunnyDay\n|-activate|p2a: Roaring Moon|ability: Protosynthesis\n|-start|p2a: Roaring Moon|protosynthesisatk\n|move|p1a: Ting-Lu|Stealth Rock|p2a: Roaring Moon\n|-sidestart|p2: NASA Ddddd|move: Stealth Rock\n|\n|-weather|SunnyDay|[upkeep]\n|upkeep\n|turn|2\n|\n|t:|1698904884\n|move|p2a: Roaring Moon|U-turn|p1a: Ting-Lu\n|-supereffective|p1a: Ting-Lu\n|-damage|p1a: Ting-Lu|62\/100\n|inactive|Battle timer is ON: inactive players will automatically lose when time's up. (requested by Iejekdkdkrkd)\n|\n|t:|1698904893\n|-end|p2a: Roaring Moon|Protosynthesis|[silent]\n|switch|p2a: Annihilape|Annihilape, M|100\/100|[from] U-turn\n|-damage|p2a: Annihilape|94\/100|[from] Stealth Rock\n|move|p1a: Ting-Lu|Whirlwind|p2a: Annihilape\n|drag|p2a: Raboot|Raboot, M|100\/100\n|-damage|p2a: Raboot|75\/100|[from] Stealth Rock\n|\n|-weather|SunnyDay|[upkeep]\n|-heal|p1a: Ting-Lu|69\/100|[from] item: Leftovers\n|upkeep\n|turn|3\n|\n|t:|1698904905\n|move|p2a: Raboot|Bulk Up|p2a: Raboot\n|-start|p2a: Raboot|typechange|Fighting|[from] ability: Libero\n|-boost|p2a: Raboot|atk|1\n|-boost|p2a: Raboot|def|1\n|move|p1a: Ting-Lu|Earthquake|p2a: Raboot\n|-damage|p2a: Raboot|46\/100\n|\n|-weather|SunnyDay|[upkeep]\n|-heal|p1a: Ting-Lu|75\/100|[from] item: Leftovers\n|upkeep\n|turn|4\n|\n|t:|1698904916\n|move|p2a: Raboot|High Jump Kick|p1a: Ting-Lu\n|-supereffective|p1a: Ting-Lu\n|-damage|p1a: Ting-Lu|0 fnt\n|faint|p1a: Ting-Lu\n|\n|-weather|SunnyDay|[upkeep]\n|upkeep\n|\n|t:|1698904925\n|switch|p1a: Flutter Mane|Flutter Mane|100\/100\n|-activate|p1a: Flutter Mane|ability: Protosynthesis\n|-start|p1a: Flutter Mane|protosynthesisspe\n|turn|5\n|\n|t:|1698904930\n|move|p1a: Flutter Mane|Shadow Ball|p2a: Raboot\n|-damage|p2a: Raboot|0 fnt\n|faint|p2a: Raboot\n|\n|-weather|SunnyDay|[upkeep]\n|upkeep\n|\n|t:|1698904949\n|switch|p2a: Lucario|Lucario, F|100\/100\n|-damage|p2a: Lucario|98\/100|[from] Stealth Rock\n|turn|6\n|\n|t:|1698904954\n|-end|p1a: Flutter Mane|Protosynthesis|[silent]\n|switch|p1a: Toxapex|Toxapex, F|100\/100\n|move|p2a: Lucario|Shadow Ball|p1a: Toxapex\n|-crit|p1a: Toxapex\n|-damage|p1a: Toxapex|56\/100\n|\n|-weather|SunnyDay|[upkeep]\n|upkeep\n|turn|7\n|\n|t:|1698904966\n|switch|p1a: Koraidon|Koraidon|100\/100\n|-activate|p1a: Koraidon|ability: Orichalcum Pulse\n|move|p2a: Lucario|Shadow Ball|p1a: Koraidon\n|-damage|p1a: Koraidon|61\/100\n|\n|-weather|SunnyDay|[upkeep]\n|upkeep\n|turn|8\n|\n|t:|1698904985\n|move|p1a: Koraidon|Flare Blitz|p2a: Lucario\n|-supereffective|p2a: Lucario\n|-damage|p2a: Lucario|0 fnt\n|faint|p2a: Lucario\n|-damage|p1a: Koraidon|35\/100|[from] Recoil\n|\n|-weather|none\n|upkeep\n|\n|t:|1698904999\n|switch|p2a: Ursaluna|Ursaluna-Bloodmoon, M|100\/100\n|-damage|p2a: Ursaluna|94\/100|[from] Stealth Rock\n|turn|9\n|\n|t:|1698905012\n|switch|p1a: Flutter Mane|Flutter Mane|100\/100\n|move|p2a: Ursaluna|Moonblast|p1a: Flutter Mane\n|-damage|p1a: Flutter Mane|59\/100\n|\n|-heal|p2a: Ursaluna|100\/100|[from] item: Leftovers\n|upkeep\n|turn|10\n|\n|t:|1698905021\n|move|p1a: Flutter Mane|Moonblast|p2a: Ursaluna\n|-damage|p2a: Ursaluna|21\/100\n|move|p2a: Ursaluna|Blood Moon|p1a: Flutter Mane\n|-damage|p1a: Flutter Mane|0 fnt\n|faint|p1a: Flutter Mane\n|-end|p1a: Flutter Mane|Protosynthesis|[silent]\n|\n|-heal|p2a: Ursaluna|27\/100|[from] item: Leftovers\n|upkeep\n|\n|t:|1698905027\n|switch|p1a: Koraidon|Koraidon|35\/100\n|-weather|SunnyDay|[from] ability: Orichalcum Pulse|[of] p1a: Koraidon\n|-activate|p1a: Koraidon|Orichalcum Pulse|[source]\n|turn|11\n|\n|t:|1698905036\n|move|p1a: Koraidon|U-turn|p2a: Ursaluna\n|-damage|p2a: Ursaluna|2\/100\n|\n|t:|1698905040\n|switch|p1a: Arceus|Arceus-Fairy|100\/100|[from] U-turn\n|move|p2a: Ursaluna|Earth Power|p1a: Arceus\n|-damage|p1a: Arceus|68\/100\n|\n|-weather|SunnyDay|[upkeep]\n|-heal|p2a: Ursaluna|8\/100|[from] item: Leftovers\n|upkeep\n|turn|12\n|\n|t:|1698905053\n|move|p1a: Arceus|Calm Mind|p1a: Arceus\n|-boost|p1a: Arceus|spa|1\n|-boost|p1a: Arceus|spd|1\n|move|p2a: Ursaluna|Blood Moon|p1a: Arceus\n|-damage|p1a: Arceus|32\/100\n|\n|-weather|SunnyDay|[upkeep]\n|-heal|p2a: Ursaluna|14\/100|[from] item: Leftovers\n|upkeep\n|turn|13\n|\n|t:|1698905065\n|move|p1a: Arceus|Recover|p1a: Arceus\n|-heal|p1a: Arceus|82\/100\n|move|p2a: Ursaluna|Earth Power|p1a: Arceus\n|-damage|p1a: Arceus|60\/100\n|\n|-weather|SunnyDay|[upkeep]\n|-heal|p2a: Ursaluna|20\/100|[from] item: Leftovers\n|upkeep\n|turn|14\n|\n|t:|1698905075\n|move|p1a: Arceus|Calm Mind|p1a: Arceus\n|-boost|p1a: Arceus|spa|1\n|-boost|p1a: Arceus|spd|1\n|move|p2a: Ursaluna|Calm Mind|p2a: Ursaluna\n|-boost|p2a: Ursaluna|spa|1\n|-boost|p2a: Ursaluna|spd|1\n|\n|-weather|SunnyDay|[upkeep]\n|-heal|p2a: Ursaluna|27\/100|[from] item: Leftovers\n|upkeep\n|turn|15\n|\n|t:|1698905084\n|move|p1a: Arceus|Judgment|p2a: Ursaluna\n|-damage|p2a: Ursaluna|0 fnt\n|faint|p2a: Ursaluna\n|\n|-weather|none\n|upkeep\n|\n|t:|1698905094\n|switch|p2a: Roaring Moon|Roaring Moon|100\/100\n|-damage|p2a: Roaring Moon|88\/100|[from] Stealth Rock\n|turn|16\n|\n|t:|1698905099\n|move|p2a: Roaring Moon|Sunny Day|p2a: Roaring Moon\n|-weather|SunnyDay\n|-activate|p2a: Roaring Moon|ability: Protosynthesis\n|-start|p2a: Roaring Moon|protosynthesisatk\n|move|p1a: Arceus|Recover|p1a: Arceus\n|-heal|p1a: Arceus|100\/100\n|\n|-weather|SunnyDay|[upkeep]\n|upkeep\n|turn|17\n|\n|t:|1698905114\n|-terastallize|p2a: Roaring Moon|Ground\n|move|p2a: Roaring Moon|Earthquake|p1a: Arceus\n|-damage|p1a: Arceus|56\/100\n|move|p1a: Arceus|Judgment|p2a: Roaring Moon\n|-damage|p2a: Roaring Moon|0 fnt\n|faint|p2a: Roaring Moon\n|-end|p2a: Roaring Moon|Protosynthesis|[silent]\n|\n|-weather|SunnyDay|[upkeep]\n|upkeep\n|\n|t:|1698905125\n|switch|p2a: Skeledirge|Skeledirge, F|100\/100\n|-damage|p2a: Skeledirge|75\/100|[from] Stealth Rock\n|turn|18\n|\n|t:|1698905131\n|move|p1a: Arceus|Earth Power|p2a: Skeledirge\n|-supereffective|p2a: Skeledirge\n|-damage|p2a: Skeledirge|14\/100\n|move|p2a: Skeledirge|Torch Song|p1a: Arceus\n|-damage|p1a: Arceus|14\/100\n|-boost|p2a: Skeledirge|spa|1\n|-enditem|p2a: Skeledirge|Throat Spray\n|-boost|p2a: Skeledirge|spa|1|[from] item: Throat Spray\n|\n|-weather|SunnyDay|[upkeep]\n|upkeep\n|turn|19\n|-message|NASA Ddddd forfeited.\n|\n|win|Iejekdkdkrkd\n|raw|Iejekdkdkrkd's rating: 1118 &rarr; <strong>1138<\/strong><br \/>(+20 for winning)\n|raw|NASA Ddddd's rating: 1050 &rarr; <strong>1036<\/strong><br \/>(-14 for losing)\n|l|\u2606NASA Ddddd\n","uploadtime":1698905146,"views":12,"p1id":"iejekdkdkrkd","p2id":"nasaddddd","formatid":"gen9ubers","rating":1036,"private":0,"password":""}