{"id":"gen9ubers-1985817295","p1":"gerrychu29","p2":"BlisseyHasSpecsKEK","format":"[Gen 9] Ubers","log":"|j|\u2606gerrychu29\n|j|\u2606BlisseyHasSpecsKEK\n|t:|1699409348\n|gametype|singles\n|player|p1|gerrychu29|red|\n|player|p2|BlisseyHasSpecsKEK|1|\n|teamsize|p1|6\n|teamsize|p2|6\n|gen|9\n|tier|[Gen 9] Ubers\n|rule|Sleep Clause Mod: Limit one foe put to sleep\n|rule|Species Clause: Limit one of each Pok\u00e9mon\n|rule|OHKO Clause: OHKO moves are banned\n|rule|Evasion Items Clause: Evasion items are banned\n|rule|Evasion Moves Clause: Evasion moves are banned\n|rule|Endless Battle Clause: Forcing endless battles is banned\n|rule|HP Percentage Mod: HP is shown in percentages\n|clearpoke\n|poke|p1|Palafin, M|\n|poke|p1|Shaymin-Sky|\n|poke|p1|Zacian-*|\n|poke|p1|Arceus-Fire|\n|poke|p1|Blissey, F|\n|poke|p1|Alomomola, F|\n|poke|p2|Magnezone|\n|poke|p2|Magearna|\n|poke|p2|Volcarona, M|\n|poke|p2|Palafin, M|\n|poke|p2|Zacian-*|\n|poke|p2|Scream Tail|\n|teampreview\n|inactive|Battle timer is ON: inactive players will automatically lose when time's up. (requested by BlisseyHasSpecsKEK)\n|\n|t:|1699409367\n|start\n|switch|p1a: Palafin|Palafin, M|100\/100\n|switch|p2a: Villainy|Palafin, M, shiny|100\/100\n|turn|1\n|inactive|BlisseyHasSpecsKEK has 270 seconds left.\n|\n|t:|1699409401\n|move|p1a: Palafin|Flip Turn|p2a: Villainy\n|-resisted|p2a: Villainy\n|-damage|p2a: Villainy|79\/100\n|inactive|gerrychu29 has 270 seconds left.\n|\n|t:|1699409415\n|detailschange|p1a: Palafin|Palafin-Hero, M\n|switch|p1a: Alomomola|Alomomola, F|100\/100|[from] Flip Turn\n|move|p2a: Villainy|Bulk Up|p2a: Villainy\n|-boost|p2a: Villainy|atk|1\n|-boost|p2a: Villainy|def|1\n|\n|-heal|p2a: Villainy|85\/100|[from] item: Leftovers\n|upkeep\n|turn|2\n|inactive|gerrychu29 has 270 seconds left.\n|inactive|BlisseyHasSpecsKEK has 270 seconds left.\n|\n|t:|1699409437\n|detailschange|p2a: Villainy|Palafin-Hero, M, shiny\n|switch|p2a: WankOnTheDaily|Magearna|100\/100\n|move|p1a: Alomomola|Scald|p2a: WankOnTheDaily\n|-damage|p2a: WankOnTheDaily|90\/100\n|\n|upkeep\n|turn|3\n|inactive|BlisseyHasSpecsKEK has 270 seconds left.\n|\n|t:|1699409456\n|switch|p2a: Villainy|Palafin-Hero, M, shiny|85\/100\n|-activate|p2a: Villainy|ability: Zero to Hero\n|switch|p1a: Blissey|Blissey, F|100\/100\n|\n|-heal|p2a: Villainy|91\/100|[from] item: Leftovers\n|upkeep\n|turn|4\n|inactive|BlisseyHasSpecsKEK has 270 seconds left.\n|inactive|gerrychu29 has 240 seconds left.\n|inactive|BlisseyHasSpecsKEK has 240 seconds left.\n|\n|t:|1699409504\n|switch|p2a: Enemy|Magnezone, shiny|100\/100\n|switch|p1a: Shaymin|Shaymin-Sky|100\/100\n|\n|upkeep\n|turn|5\n|inactive|gerrychu29 has 240 seconds left.\n|inactive|BlisseyHasSpecsKEK has 240 seconds left.\n|\n|t:|1699409543\n|move|p1a: Shaymin|Earth Power|p2a: Enemy\n|-supereffective|p2a: Enemy\n|-damage|p2a: Enemy|0 fnt\n|faint|p2a: Enemy\n|\n|upkeep\n|\n|t:|1699409551\n|switch|p2a: WankOnTheDaily|Magearna|90\/100\n|turn|6\n|inactive|gerrychu29 has 210 seconds left.\n|inactive|BlisseyHasSpecsKEK has 210 seconds left.\n|\n|t:|1699409592\n|switch|p1a: Arceus|Arceus-Fire|100\/100\n|switch|p2a: Villainy|Palafin-Hero, M, shiny|91\/100\n|\n|-heal|p2a: Villainy|98\/100|[from] item: Leftovers\n|upkeep\n|turn|7\n|inactive|BlisseyHasSpecsKEK has 210 seconds left.\n|inactive|gerrychu29 has 180 seconds left.\n|\n|t:|1699409640\n|-terastallize|p1a: Arceus|Grass\n|move|p1a: Arceus|Thunderbolt|p2a: Villainy\n|-supereffective|p2a: Villainy\n|-damage|p2a: Villainy|41\/100\n|move|p2a: Villainy|Taunt|p1a: Arceus\n|-start|p1a: Arceus|move: Taunt\n|\n|-heal|p2a: Villainy|47\/100|[from] item: Leftovers\n|upkeep\n|turn|8\n|inactive|BlisseyHasSpecsKEK has 210 seconds left.\n|\n|t:|1699409664\n|switch|p2a: TailAsOldAsTime|Scream Tail|100\/100\n|move|p1a: Arceus|Thunderbolt|p2a: TailAsOldAsTime\n|-damage|p2a: TailAsOldAsTime|84\/100\n|\n|upkeep\n|turn|9\n|inactive|gerrychu29 has 150 seconds left.\n|\n|t:|1699409703\n|move|p1a: Arceus|Judgment|p2a: TailAsOldAsTime\n|-damage|p2a: TailAsOldAsTime|50\/100\n|move|p2a: TailAsOldAsTime|Wish|p2a: TailAsOldAsTime\n|\n|upkeep\n|turn|10\n|inactive|gerrychu29 has 120 seconds left.\n|\n|t:|1699409739\n|-end|p2a: TailAsOldAsTime|Protosynthesis|[silent]\n|switch|p2a: Persecution|Volcarona, M, shiny|100\/100\n|move|p1a: Arceus|Thunderbolt|p2a: Persecution\n|-damage|p2a: Persecution|77\/100\n|\n|-heal|p2a: Persecution|100\/100|[from] move: Wish|[wisher] TailAsOldAsTime\n|-end|p1a: Arceus|move: Taunt\n|upkeep\n|turn|11\n|inactive|gerrychu29 has 90 seconds left.\n|\n|t:|1699409778\n|switch|p1a: Blissey|Blissey, F|100\/100\n|move|p2a: Persecution|Quiver Dance|p2a: Persecution\n|-boost|p2a: Persecution|spa|1\n|-boost|p2a: Persecution|spd|1\n|-boost|p2a: Persecution|spe|1\n|\n|upkeep\n|turn|12\n|\n|t:|1699409788\n|move|p2a: Persecution|Quiver Dance|p2a: Persecution\n|-boost|p2a: Persecution|spa|1\n|-boost|p2a: Persecution|spd|1\n|-boost|p2a: Persecution|spe|1\n|move|p1a: Blissey|Thunder Wave|p2a: Persecution\n|-status|p2a: Persecution|par\n|\n|upkeep\n|turn|13\n|inactive|gerrychu29 has 90 seconds left.\n|\n|t:|1699409798\n|cant|p2a: Persecution|par\n|move|p1a: Blissey|Seismic Toss|p2a: Persecution\n|-damage|p2a: Persecution|68\/100 par\n|\n|upkeep\n|turn|14\n|inactive|gerrychu29 has 90 seconds left.\n|\n|t:|1699409806\n|cant|p2a: Persecution|par\n|move|p1a: Blissey|Seismic Toss|p2a: Persecution\n|-damage|p2a: Persecution|36\/100 par\n|\n|upkeep\n|turn|15\n|\n|t:|1699409812\n|move|p2a: Persecution|Giga Drain|p1a: Blissey\n|-crit|p1a: Blissey\n|-damage|p1a: Blissey|73\/100\n|-heal|p2a: Persecution|65\/100 par|[from] drain|[of] p1a: Blissey\n|move|p1a: Blissey|Seismic Toss|p2a: Persecution\n|-damage|p2a: Persecution|33\/100 par\n|-status|p1a: Blissey|brn|[from] ability: Flame Body|[of] p2a: Persecution\n|\n|-damage|p1a: Blissey|67\/100 brn|[from] brn\n|upkeep\n|turn|16\n|inactive|BlisseyHasSpecsKEK has 240 seconds left.\n|\n|t:|1699409828\n|-terastallize|p2a: Persecution|Grass\n|move|p2a: Persecution|Giga Drain|p1a: Blissey\n|-damage|p1a: Blissey|39\/100 brn\n|-heal|p2a: Persecution|62\/100 par|[from] drain|[of] p1a: Blissey\n|move|p1a: Blissey|Seismic Toss|p2a: Persecution\n|-damage|p2a: Persecution|30\/100 par\n|\n|-damage|p1a: Blissey|33\/100 brn|[from] brn\n|upkeep\n|turn|17\n|inactive|BlisseyHasSpecsKEK has 240 seconds left.\n|inactive|gerrychu29 has 90 seconds left.\n|\n|t:|1699409847\n|move|p2a: Persecution|Quiver Dance|p2a: Persecution\n|-boost|p2a: Persecution|spa|1\n|-boost|p2a: Persecution|spd|1\n|-boost|p2a: Persecution|spe|1\n|move|p1a: Blissey|Soft-Boiled|p1a: Blissey\n|-heal|p1a: Blissey|83\/100 brn\n|\n|-damage|p1a: Blissey|77\/100 brn|[from] brn\n|upkeep\n|turn|18\n|inactive|BlisseyHasSpecsKEK has 240 seconds left.\n|\n|t:|1699409857\n|move|p2a: Persecution|Giga Drain|p1a: Blissey\n|-damage|p1a: Blissey|44\/100 brn\n|-heal|p2a: Persecution|64\/100 par|[from] drain|[of] p1a: Blissey\n|move|p1a: Blissey|Seismic Toss|p2a: Persecution\n|-damage|p2a: Persecution|32\/100 par\n|\n|-damage|p1a: Blissey|38\/100 brn|[from] brn\n|upkeep\n|turn|19\n|\n|t:|1699409867\n|cant|p2a: Persecution|par\n|move|p1a: Blissey|Seismic Toss|p2a: Persecution\n|-damage|p2a: Persecution|0 fnt\n|faint|p2a: Persecution\n|\n|-damage|p1a: Blissey|32\/100 brn|[from] brn\n|upkeep\n|-message|BlisseyHasSpecsKEK forfeited.\n|\n|win|gerrychu29\n|l|\u2606BlisseyHasSpecsKEK\n","uploadtime":1699409882,"views":27,"p1id":"gerrychu29","p2id":"blisseyhasspecskek","formatid":"gen9ubers","rating":0,"private":0,"password":""}