{"id":"gen9ubers-1976339187","p1":"slugmaaa","p2":"RoamingDia","format":"[Gen 9] Ubers","log":"|j|\u2606slugmaaa\n|j|\u2606RoamingDia\n|t:|1698288491\n|gametype|singles\n|player|p1|slugmaaa|harlequin|\n|player|p2|RoamingDia|pokemaniac|\n|teamsize|p1|6\n|teamsize|p2|6\n|gen|9\n|tier|[Gen 9] Ubers\n|rule|Sleep Clause Mod: Limit one foe put to sleep\n|rule|Species Clause: Limit one of each Pok\u00e9mon\n|rule|OHKO Clause: OHKO moves are banned\n|rule|Evasion Items Clause: Evasion items are banned\n|rule|Evasion Moves Clause: Evasion moves are banned\n|rule|Endless Battle Clause: Forcing endless battles is banned\n|rule|HP Percentage Mod: HP is shown in percentages\n|clearpoke\n|poke|p1|Iron Bundle|\n|poke|p1|Iron Hands|\n|poke|p1|Cresselia, F|\n|poke|p1|Hippowdon, M|\n|poke|p1|Zapdos|\n|poke|p1|Kleavor, M|\n|poke|p2|Sneasler, F|\n|poke|p2|Roaring Moon|\n|poke|p2|Walking Wake|\n|poke|p2|Lilligant-Hisui, F|\n|poke|p2|Torkoal, M|\n|poke|p2|Brute Bonnet|\n|teampreview\n|j| Sol CPU\n|j| Squirshawott\n|j| pkpowers310\n|l| Sol CPU\n|j| Sol CPU\n|j| BLACK METAL 3\n|l| Sol CPU\n|\n|t:|1698288602\n|start\n|switch|p1a: bitch slap|Iron Hands, shiny|100\/100\n|switch|p2a: Pamela Isley|Brute Bonnet|100\/100\n|turn|1\n|\n|t:|1698288621\n|move|p2a: Pamela Isley|Spore|p1a: bitch slap\n|-status|p1a: bitch slap|slp|[from] move: Spore\n|cant|p1a: bitch slap|slp\n|\n|upkeep\n|turn|2\n|\n|t:|1698288638\n|-end|p1a: bitch slap|Quark Drive|[silent]\n|switch|p1a: im gone nxt week 2|Kleavor, M|100\/100\n|move|p2a: Pamela Isley|Bullet Seed|p1a: im gone nxt week 2\n|-damage|p1a: im gone nxt week 2|81\/100\n|-damage|p1a: im gone nxt week 2|64\/100\n|-damage|p1a: im gone nxt week 2|45\/100\n|-damage|p1a: im gone nxt week 2|28\/100\n|-damage|p1a: im gone nxt week 2|10\/100\n|-hitcount|p1a: im gone nxt week 2|5\n|\n|upkeep\n|turn|3\n|j| Sol CPU\n|\n|t:|1698288648\n|move|p2a: Pamela Isley|Sucker Punch|p1a: im gone nxt week 2\n|-damage|p1a: im gone nxt week 2|0 fnt\n|faint|p1a: im gone nxt week 2\n|\n|upkeep\n|\n|t:|1698288655\n|switch|p1a: twilight lmao|Cresselia, F|100\/100\n|turn|4\n|\n|t:|1698288670\n|move|p2a: Pamela Isley|Sucker Punch||[still]\n|-fail|p2a: Pamela Isley\n|move|p1a: twilight lmao|Calm Mind|p1a: twilight lmao\n|-boost|p1a: twilight lmao|spa|1\n|-boost|p1a: twilight lmao|spd|1\n|\n|upkeep\n|turn|5\n|\n|t:|1698288677\n|move|p1a: twilight lmao|Calm Mind|p1a: twilight lmao\n|-boost|p1a: twilight lmao|spa|1\n|-boost|p1a: twilight lmao|spd|1\n|move|p2a: Pamela Isley|Bullet Seed|p1a: twilight lmao\n|-damage|p1a: twilight lmao|93\/100\n|-damage|p1a: twilight lmao|85\/100\n|-damage|p1a: twilight lmao|78\/100\n|-damage|p1a: twilight lmao|69\/100\n|-hitcount|p1a: twilight lmao|4\n|\n|-heal|p1a: twilight lmao|75\/100|[from] item: Leftovers\n|upkeep\n|turn|6\n|\n|t:|1698288698\n|-terastallize|p2a: Pamela Isley|Poison\n|move|p1a: twilight lmao|Moonblast|p2a: Pamela Isley\n|-resisted|p2a: Pamela Isley\n|-damage|p2a: Pamela Isley|87\/100\n|-unboost|p2a: Pamela Isley|spa|1\n|move|p2a: Pamela Isley|Tera Blast|p1a: twilight lmao|[anim] Tera Blast Poison\n|-damage|p1a: twilight lmao|50\/100\n|\n|-heal|p1a: twilight lmao|57\/100|[from] item: Leftovers\n|upkeep\n|turn|7\n|\n|t:|1698288714\n|move|p1a: twilight lmao|Psychic|p2a: Pamela Isley\n|-supereffective|p2a: Pamela Isley\n|-damage|p2a: Pamela Isley|6\/100\n|move|p2a: Pamela Isley|Tera Blast|p1a: twilight lmao|[anim] Tera Blast Poison\n|-damage|p1a: twilight lmao|32\/100\n|\n|-heal|p1a: twilight lmao|38\/100|[from] item: Leftovers\n|upkeep\n|turn|8\n|\n|t:|1698288724\n|move|p2a: Pamela Isley|Sucker Punch|p1a: twilight lmao\n|-supereffective|p1a: twilight lmao\n|-damage|p1a: twilight lmao|0 fnt\n|faint|p1a: twilight lmao\n|\n|upkeep\n|\n|t:|1698288733\n|switch|p1a: im gone nxt week|Zapdos|100\/100\n|turn|9\n|\n|t:|1698288738\n|move|p2a: Pamela Isley|Sucker Punch|p1a: im gone nxt week\n|-damage|p1a: im gone nxt week|58\/100\n|move|p1a: im gone nxt week|Thunderbolt|p2a: Pamela Isley\n|-damage|p2a: Pamela Isley|0 fnt\n|faint|p2a: Pamela Isley\n|-end|p2a: Pamela Isley|Protosynthesis|[silent]\n|\n|upkeep\n|\n|t:|1698288747\n|switch|p2a: Bently|Torkoal, M|100\/100\n|-weather|SunnyDay|[from] ability: Drought|[of] p2a: Bently\n|turn|10\n|\n|t:|1698288755\n|move|p1a: im gone nxt week|Thunderbolt|p2a: Bently\n|-damage|p2a: Bently|22\/100\n|move|p2a: Bently|Stealth Rock|p1a: im gone nxt week\n|-sidestart|p1: slugmaaa|move: Stealth Rock\n|\n|-weather|SunnyDay|[upkeep]\n|upkeep\n|turn|11\n|\n|t:|1698288766\n|switch|p2a: Pea Shooter|Lilligant-Hisui, F, shiny|100\/100\n|move|p1a: im gone nxt week|Thunderbolt|p2a: Pea Shooter\n|-resisted|p2a: Pea Shooter\n|-damage|p2a: Pea Shooter|41\/100\n|\n|-weather|SunnyDay|[upkeep]\n|upkeep\n|turn|12\n|\n|t:|1698288773\n|move|p2a: Pea Shooter|Solar Blade||[still]\n|-prepare|p2a: Pea Shooter|Solar Blade\n|-anim|p2a: Pea Shooter|Solar Blade|p1a: im gone nxt week\n|-resisted|p1a: im gone nxt week\n|-damage|p1a: im gone nxt week|16\/100\n|-damage|p2a: Pea Shooter|31\/100|[from] item: Life Orb\n|move|p1a: im gone nxt week|Thunderbolt|p2a: Pea Shooter\n|-resisted|p2a: Pea Shooter\n|-damage|p2a: Pea Shooter|0 fnt\n|faint|p2a: Pea Shooter\n|\n|-weather|SunnyDay|[upkeep]\n|upkeep\n|\n|t:|1698288785\n|switch|p2a: Noriaki Kakyoin|Roaring Moon, shiny|100\/100\n|-activate|p2a: Noriaki Kakyoin|ability: Protosynthesis\n|-start|p2a: Noriaki Kakyoin|protosynthesisatk\n|turn|13\n|\n|t:|1698288791\n|move|p2a: Noriaki Kakyoin|Knock Off|p1a: im gone nxt week\n|-damage|p1a: im gone nxt week|0 fnt\n|-enditem|p1a: im gone nxt week|Choice Specs|[from] move: Knock Off|[of] p2a: Noriaki Kakyoin\n|faint|p1a: im gone nxt week\n|\n|-weather|SunnyDay|[upkeep]\n|upkeep\n|\n|t:|1698288797\n|switch|p1a: hippo dangerous|Hippowdon, M|100\/100\n|-damage|p1a: hippo dangerous|94\/100|[from] Stealth Rock\n|-weather|Sandstorm|[from] ability: Sand Stream|[of] p1a: hippo dangerous\n|-end|p2a: Noriaki Kakyoin|Protosynthesis\n|-enditem|p2a: Noriaki Kakyoin|Booster Energy\n|-activate|p2a: Noriaki Kakyoin|ability: Protosynthesis|[fromitem]\n|-start|p2a: Noriaki Kakyoin|protosynthesisatk\n|turn|14\n|\n|t:|1698288804\n|move|p2a: Noriaki Kakyoin|Knock Off|p1a: hippo dangerous\n|-damage|p1a: hippo dangerous|56\/100\n|-enditem|p1a: hippo dangerous|Sitrus Berry|[from] move: Knock Off|[of] p2a: Noriaki Kakyoin\n|move|p1a: hippo dangerous|Whirlwind|p2a: Noriaki Kakyoin\n|-end|p2a: Noriaki Kakyoin|Protosynthesis|[silent]\n|drag|p2a: Gazoontite|Sneasler, F|100\/100\n|\n|-weather|Sandstorm|[upkeep]\n|-damage|p2a: Gazoontite|95\/100|[from] Sandstorm\n|upkeep\n|turn|15\n|\n|t:|1698288814\n|move|p2a: Gazoontite|Dire Claw|p1a: hippo dangerous\n|-resisted|p1a: hippo dangerous\n|-crit|p1a: hippo dangerous\n|-damage|p1a: hippo dangerous|39\/100\n|-status|p1a: hippo dangerous|psn|[from] ability: Poison Touch|[of] p2a: Gazoontite\n|move|p1a: hippo dangerous|Earthquake|p2a: Gazoontite\n|-supereffective|p2a: Gazoontite\n|-damage|p2a: Gazoontite|0 fnt\n|faint|p2a: Gazoontite\n|\n|-weather|Sandstorm|[upkeep]\n|-damage|p1a: hippo dangerous|27\/100 psn|[from] psn\n|upkeep\n|\n|t:|1698288824\n|switch|p2a: Bently|Torkoal, M|22\/100\n|-weather|SunnyDay|[from] ability: Drought|[of] p2a: Bently\n|turn|16\n|\n|t:|1698288830\n|move|p1a: hippo dangerous|Earthquake|p2a: Bently\n|-supereffective|p2a: Bently\n|-crit|p2a: Bently\n|-damage|p2a: Bently|0 fnt\n|faint|p2a: Bently\n|\n|-weather|SunnyDay|[upkeep]\n|-damage|p1a: hippo dangerous|15\/100 psn|[from] psn\n|upkeep\n|\n|t:|1698288840\n|switch|p2a: Noriaki Kakyoin|Roaring Moon, shiny|100\/100\n|-activate|p2a: Noriaki Kakyoin|ability: Protosynthesis\n|-start|p2a: Noriaki Kakyoin|protosynthesisatk\n|turn|17\n|\n|t:|1698288847\n|switch|p1a: bitch slap|Iron Hands, shiny|100\/100 slp\n|-damage|p1a: bitch slap|94\/100 slp|[from] Stealth Rock\n|move|p2a: Noriaki Kakyoin|Acrobatics|p1a: bitch slap\n|-damage|p1a: bitch slap|60\/100 slp\n|\n|-weather|SunnyDay|[upkeep]\n|upkeep\n|turn|18\n|\n|t:|1698288858\n|move|p2a: Noriaki Kakyoin|Knock Off|p1a: bitch slap\n|-resisted|p1a: bitch slap\n|-damage|p1a: bitch slap|40\/100 slp\n|-enditem|p1a: bitch slap|Assault Vest|[from] move: Knock Off|[of] p2a: Noriaki Kakyoin\n|cant|p1a: bitch slap|slp\n|\n|-weather|SunnyDay|[upkeep]\n|upkeep\n|turn|19\n|\n|t:|1698288865\n|move|p2a: Noriaki Kakyoin|Acrobatics|p1a: bitch slap\n|-damage|p1a: bitch slap|6\/100 slp\n|-curestatus|p1a: bitch slap|slp|[msg]\n|move|p1a: bitch slap|Drain Punch|p2a: Noriaki Kakyoin\n|-supereffective|p2a: Noriaki Kakyoin\n|-damage|p2a: Noriaki Kakyoin|1\/100\n|-heal|p1a: bitch slap|40\/100|[from] drain|[of] p2a: Noriaki Kakyoin\n|\n|-weather|SunnyDay|[upkeep]\n|upkeep\n|turn|20\n|\n|t:|1698288876\n|move|p2a: Noriaki Kakyoin|Acrobatics|p1a: bitch slap\n|-damage|p1a: bitch slap|11\/100\n|move|p1a: bitch slap|Drain Punch|p2a: Noriaki Kakyoin\n|-supereffective|p2a: Noriaki Kakyoin\n|-damage|p2a: Noriaki Kakyoin|0 fnt\n|-heal|p1a: bitch slap|11\/100|[from] drain|[of] p2a: Noriaki Kakyoin\n|faint|p2a: Noriaki Kakyoin\n|-end|p2a: Noriaki Kakyoin|Protosynthesis|[silent]\n|\n|-weather|SunnyDay|[upkeep]\n|upkeep\n|\n|t:|1698288885\n|switch|p2a: Okuyasu Nijimura|Walking Wake|100\/100\n|-activate|p2a: Okuyasu Nijimura|ability: Protosynthesis\n|-start|p2a: Okuyasu Nijimura|protosynthesisspa\n|turn|21\n|\n|t:|1698288896\n|move|p2a: Okuyasu Nijimura|Hydro Steam|p1a: bitch slap\n|-damage|p1a: bitch slap|0 fnt\n|faint|p1a: bitch slap\n|-end|p1a: bitch slap|Quark Drive|[silent]\n|\n|-weather|SunnyDay|[upkeep]\n|upkeep\n|\n|t:|1698288899\n|switch|p1a: hippo dangerous|Hippowdon, M|15\/100 psn\n|-damage|p1a: hippo dangerous|8\/100 psn|[from] Stealth Rock\n|-weather|Sandstorm|[from] ability: Sand Stream|[of] p1a: hippo dangerous\n|-end|p2a: Okuyasu Nijimura|Protosynthesis\n|turn|22\n|\n|t:|1698288908\n|move|p2a: Okuyasu Nijimura|Dragon Pulse|p1a: hippo dangerous\n|-damage|p1a: hippo dangerous|0 fnt\n|faint|p1a: hippo dangerous\n|\n|-weather|Sandstorm|[upkeep]\n|-damage|p2a: Okuyasu Nijimura|94\/100|[from] Sandstorm\n|-heal|p2a: Okuyasu Nijimura|100\/100|[from] item: Leftovers\n|upkeep\n|\n|t:|1698288911\n|switch|p1a: Iron Bundle|Iron Bundle, shiny|100\/100\n|-damage|p1a: Iron Bundle|76\/100|[from] Stealth Rock\n|turn|23\n|\n|t:|1698288918\n|move|p1a: Iron Bundle|Freeze-Dry|p2a: Okuyasu Nijimura\n|-supereffective|p2a: Okuyasu Nijimura\n|-crit|p2a: Okuyasu Nijimura\n|-damage|p2a: Okuyasu Nijimura|0 fnt\n|faint|p2a: Okuyasu Nijimura\n|-end|p2a: Okuyasu Nijimura|Protosynthesis|[silent]\n|-damage|p1a: Iron Bundle|66\/100|[from] item: Life Orb\n|\n|win|slugmaaa\n|l|\u2606slugmaaa\n|l| Sol CPU\n|l|\u2606RoamingDia\n","uploadtime":1698288930,"views":14,"p1id":"slugmaaa","p2id":"roamingdia","formatid":"gen9ubers","rating":0,"private":0,"password":""}