{"id":"gen9ubers-1991673199","p1":"HiIAmRom","p2":"canchas","format":"[Gen 9] Ubers","log":"|j|\u2606HiIAmRom\n|j|\u2606canchas\n|t:|1700101068\n|gametype|singles\n|player|p1|HiIAmRom|wallace|\n|player|p2|canchas|silver|\n|teamsize|p1|6\n|teamsize|p2|6\n|gen|9\n|tier|[Gen 9] Ubers\n|rule|Sleep Clause Mod: Limit one foe put to sleep\n|rule|Species Clause: Limit one of each Pok\u00e9mon\n|rule|OHKO Clause: OHKO moves are banned\n|rule|Evasion Items Clause: Evasion items are banned\n|rule|Evasion Moves Clause: Evasion moves are banned\n|rule|Endless Battle Clause: Forcing endless battles is banned\n|rule|HP Percentage Mod: HP is shown in percentages\n|clearpoke\n|poke|p1|Ursaluna-Bloodmoon, M|\n|poke|p1|Slowking-Galar, M|\n|poke|p1|Jolteon, M|\n|poke|p1|Samurott-Hisui, M|\n|poke|p1|Tornadus-Therian, M|\n|poke|p1|Coalossal, M|\n|poke|p2|Iron Valiant|\n|poke|p2|Kilowattrel, M|\n|poke|p2|Milotic, M|\n|poke|p2|Clodsire, M|\n|poke|p2|Zoroark-Hisui, M|\n|poke|p2|Arcanine-Hisui, F|\n|teampreview\n|c|\u2606HiIAmRom|glhf!\n|\n|t:|1700101120\n|start\n|switch|p1a: Yuna|Slowking-Galar, M|100\/100\n|switch|p2a: Kilowattrel|Kilowattrel, M|100\/100\n|turn|1\n|c|\u2606canchas|glhf\n|\n|t:|1700101130\n|move|p2a: Kilowattrel|U-turn|p1a: Yuna\n|-damage|p1a: Yuna|90\/100\n|-damage|p2a: Kilowattrel|91\/100|[from] item: Life Orb\n|\n|t:|1700101135\n|switch|p2a: Clodsire|Clodsire, M|100\/100|[from] U-turn\n|move|p1a: Yuna|Trick|p2a: Clodsire\n|-activate|p1a: Yuna|move: Trick|[of] p2a: Clodsire\n|-item|p2a: Clodsire|Sticky Barb|[from] move: Trick\n|-item|p1a: Yuna|Black Sludge|[from] move: Trick\n|\n|-heal|p1a: Yuna|96\/100|[from] item: Black Sludge\n|-damage|p2a: Clodsire|88\/100|[from] item: Sticky Barb\n|upkeep\n|turn|2\n|\n|t:|1700101166\n|switch|p1a: Harpuya|Tornadus-Therian, M|100\/100\n|move|p2a: Clodsire|Earthquake|p1a: Harpuya\n|-immune|p1a: Harpuya\n|\n|-damage|p2a: Clodsire|75\/100|[from] item: Sticky Barb\n|upkeep\n|turn|3\n|\n|t:|1700101200\n|move|p1a: Harpuya|U-turn|p2a: Clodsire\n|-resisted|p2a: Clodsire\n|-damage|p2a: Clodsire|68\/100\n|\n|t:|1700101203\n|switch|p1a: Yuna|Slowking-Galar, M|100\/100|[from] U-turn\n|move|p2a: Clodsire|Toxic|p1a: Yuna\n|-immune|p1a: Yuna\n|\n|-damage|p2a: Clodsire|55\/100|[from] item: Sticky Barb\n|upkeep\n|turn|4\n|\n|t:|1700101243\n|move|p1a: Yuna|Chilly Reception|p1a: Yuna\n|-weather|Snow\n|\n|t:|1700101266\n|switch|p1a: Harpuya|Tornadus-Therian, M|100\/100|[from] Chilly Reception\n|move|p2a: Clodsire|Stealth Rock|p1a: Harpuya\n|-sidestart|p1: HiIAmRom|move: Stealth Rock\n|\n|-weather|Snow|[upkeep]\n|-damage|p2a: Clodsire|43\/100|[from] item: Sticky Barb\n|upkeep\n|turn|5\n|\n|t:|1700101278\n|move|p1a: Harpuya|Bleakwind Storm|p2a: Clodsire\n|-damage|p2a: Clodsire|17\/100\n|move|p2a: Clodsire|Recover|p2a: Clodsire\n|-heal|p2a: Clodsire|67\/100\n|\n|-weather|Snow|[upkeep]\n|-damage|p2a: Clodsire|54\/100|[from] item: Sticky Barb\n|upkeep\n|turn|6\n|\n|t:|1700101314\n|move|p1a: Harpuya|U-turn|p2a: Clodsire\n|-resisted|p2a: Clodsire\n|-damage|p2a: Clodsire|46\/100\n|\n|t:|1700101318\n|switch|p1a: Yuna|Slowking-Galar, M|100\/100|[from] U-turn\n|-damage|p1a: Yuna|88\/100|[from] Stealth Rock\n|move|p2a: Clodsire|Recover|p2a: Clodsire\n|-heal|p2a: Clodsire|96\/100\n|\n|-weather|Snow|[upkeep]\n|-heal|p1a: Yuna|94\/100|[from] item: Black Sludge\n|-damage|p2a: Clodsire|84\/100|[from] item: Sticky Barb\n|upkeep\n|turn|7\n|\n|t:|1700101335\n|move|p1a: Yuna|Chilly Reception|p1a: Yuna\n|\n|t:|1700101339\n|switch|p1a: Calamity|Ursaluna-Bloodmoon, M|100\/100|[from] Chilly Reception\n|-damage|p1a: Calamity|94\/100|[from] Stealth Rock\n|move|p2a: Clodsire|Earthquake|p1a: Calamity\n|-damage|p1a: Calamity|76\/100\n|\n|-weather|Snow|[upkeep]\n|-damage|p2a: Clodsire|71\/100|[from] item: Sticky Barb\n|upkeep\n|turn|8\n|\n|t:|1700101370\n|switch|p2a: Milotic|Milotic, M|100\/100\n|move|p1a: Calamity|Blood Moon|p2a: Milotic\n|-damage|p2a: Milotic|22\/100\n|-damage|p1a: Calamity|66\/100|[from] item: Life Orb\n|\n|-weather|none\n|-heal|p2a: Milotic|28\/100|[from] item: Leftovers\n|upkeep\n|turn|9\n|\n|t:|1700101427\n|switch|p1a: Modo Turbo|Jolteon, M|100\/100\n|-damage|p1a: Modo Turbo|88\/100|[from] Stealth Rock\n|move|p2a: Milotic|Flip Turn|p1a: Modo Turbo\n|-damage|p1a: Modo Turbo|66\/100\n|\n|t:|1700101435\n|switch|p2a: Kilowattrel|Kilowattrel, M|91\/100|[from] Flip Turn\n|\n|-heal|p1a: Modo Turbo|72\/100|[from] item: Leftovers\n|upkeep\n|turn|10\n|\n|t:|1700101462\n|switch|p1a: Harpuya|Tornadus-Therian, M|100\/100\n|-damage|p1a: Harpuya|76\/100|[from] Stealth Rock\n|-terastallize|p2a: Kilowattrel|Water\n|move|p2a: Kilowattrel|Tera Blast|p1a: Harpuya|[anim] Tera Blast Water\n|-damage|p1a: Harpuya|40\/100\n|-damage|p2a: Kilowattrel|81\/100|[from] item: Life Orb\n|\n|upkeep\n|turn|11\n|\n|t:|1700101497\n|move|p2a: Kilowattrel|U-turn|p1a: Harpuya\n|-resisted|p1a: Harpuya\n|-damage|p1a: Harpuya|31\/100\n|-damage|p2a: Kilowattrel|71\/100|[from] item: Life Orb\n|\n|t:|1700101501\n|switch|p2a: Clodsire|Clodsire, M|71\/100|[from] U-turn\n|move|p1a: Harpuya|Knock Off|p2a: Clodsire\n|-damage|p2a: Clodsire|50\/100\n|-enditem|p2a: Clodsire|Sticky Barb|[from] move: Knock Off|[of] p1a: Harpuya\n|\n|upkeep\n|turn|12\n|\n|t:|1700101512\n|move|p1a: Harpuya|U-turn|p2a: Clodsire\n|-resisted|p2a: Clodsire\n|-damage|p2a: Clodsire|43\/100\n|-status|p1a: Harpuya|psn|[from] ability: Poison Point|[of] p2a: Clodsire\n|\n|t:|1700101526\n|switch|p1a: Yuna|Slowking-Galar, M|100\/100|[from] U-turn\n|-damage|p1a: Yuna|88\/100|[from] Stealth Rock\n|move|p2a: Clodsire|Recover|p2a: Clodsire\n|-heal|p2a: Clodsire|93\/100\n|\n|-heal|p1a: Yuna|94\/100|[from] item: Black Sludge\n|upkeep\n|turn|13\n|\n|t:|1700101571\n|move|p1a: Yuna|Chilly Reception|p1a: Yuna\n|-weather|Snow\n|\n|t:|1700101591\n|switch|p1a: Calamity|Ursaluna-Bloodmoon, M|66\/100|[from] Chilly Reception\n|-damage|p1a: Calamity|60\/100|[from] Stealth Rock\n|move|p2a: Clodsire|Earthquake|p1a: Calamity\n|-damage|p1a: Calamity|42\/100\n|\n|-weather|Snow|[upkeep]\n|upkeep\n|turn|14\n|\n|t:|1700101604\n|move|p1a: Calamity|Earth Power|p2a: Clodsire\n|-supereffective|p2a: Clodsire\n|-damage|p2a: Clodsire|15\/100\n|-damage|p1a: Calamity|32\/100|[from] item: Life Orb\n|move|p2a: Clodsire|Toxic|p1a: Calamity\n|-status|p1a: Calamity|tox\n|\n|-weather|Snow|[upkeep]\n|-damage|p1a: Calamity|26\/100 tox|[from] psn\n|upkeep\n|turn|15\n|\n|t:|1700101618\n|switch|p2a: Milotic|Milotic, M|28\/100\n|move|p1a: Calamity|Blood Moon|p2a: Milotic\n|-damage|p2a: Milotic|0 fnt\n|faint|p2a: Milotic\n|-damage|p1a: Calamity|16\/100 tox|[from] item: Life Orb\n|\n|-weather|Snow|[upkeep]\n|-damage|p1a: Calamity|4\/100 tox|[from] psn\n|upkeep\n|\n|t:|1700101623\n|switch|p2a: Kilowattrel|Kilowattrel, M, tera:Water|71\/100\n|turn|16\n|\n|t:|1700101640\n|move|p2a: Kilowattrel|U-turn|p1a: Calamity\n|-damage|p1a: Calamity|0 fnt\n|faint|p1a: Calamity\n|-damage|p2a: Kilowattrel|61\/100|[from] item: Life Orb\n|\n|t:|1700101651\n|switch|p2a: Arcanine|Arcanine-Hisui, F|100\/100|[from] U-turn\n|\n|-weather|Snow|[upkeep]\n|upkeep\n|\n|t:|1700101657\n|switch|p1a: Marbled Rock Blast|Coalossal, M|100\/100\n|-damage|p1a: Marbled Rock Blast|75\/100|[from] Stealth Rock\n|turn|17\n|\n|t:|1700101675\n|-terastallize|p1a: Marbled Rock Blast|Grass\n|move|p2a: Arcanine|Head Smash|p1a: Marbled Rock Blast|[miss]\n|-miss|p2a: Arcanine|p1a: Marbled Rock Blast\n|move|p1a: Marbled Rock Blast|Earthquake|p2a: Arcanine\n|-supereffective|p2a: Arcanine\n|-damage|p2a: Arcanine|1\/100\n|\n|-weather|none\n|upkeep\n|turn|18\n|\n|t:|1700101687\n|switch|p2a: Clodsire|Clodsire, M|15\/100\n|move|p1a: Marbled Rock Blast|Rapid Spin|p2a: Clodsire\n|-damage|p2a: Clodsire|3\/100\n|-boost|p1a: Marbled Rock Blast|spe|1\n|-sideend|p1: HiIAmRom|Stealth Rock|[from] move: Rapid Spin|[of] p1a: Marbled Rock Blast\n|\n|upkeep\n|turn|19\n|\n|t:|1700101696\n|move|p1a: Marbled Rock Blast|Rapid Spin|p2a: Clodsire\n|-damage|p2a: Clodsire|0 fnt\n|-boost|p1a: Marbled Rock Blast|spe|1\n|faint|p2a: Clodsire\n|\n|upkeep\n|\n|t:|1700101703\n|switch|p2a: Kilowattrel|Kilowattrel, M, tera:Water|61\/100\n|turn|20\n|\n|t:|1700101722\n|move|p2a: Kilowattrel|Air Slash|p1a: Marbled Rock Blast\n|-supereffective|p1a: Marbled Rock Blast\n|-damage|p1a: Marbled Rock Blast|2\/100\n|-damage|p2a: Kilowattrel|51\/100|[from] item: Life Orb\n|move|p1a: Marbled Rock Blast|Rest|p1a: Marbled Rock Blast\n|-status|p1a: Marbled Rock Blast|slp|[from] move: Rest\n|-heal|p1a: Marbled Rock Blast|100\/100 slp|[silent]\n|-enditem|p1a: Marbled Rock Blast|Chesto Berry|[eat]\n|-curestatus|p1a: Marbled Rock Blast|slp|[msg]\n|\n|upkeep\n|turn|21\n|\n|t:|1700101732\n|move|p2a: Kilowattrel|Air Slash|p1a: Marbled Rock Blast\n|-supereffective|p1a: Marbled Rock Blast\n|-damage|p1a: Marbled Rock Blast|29\/100\n|-damage|p2a: Kilowattrel|41\/100|[from] item: Life Orb\n|move|p1a: Marbled Rock Blast|Tera Blast|p2a: Kilowattrel|[anim] Tera Blast Grass\n|-supereffective|p2a: Kilowattrel\n|-damage|p2a: Kilowattrel|0 fnt\n|faint|p2a: Kilowattrel\n|\n|upkeep\n|\n|t:|1700101744\n|switch|p2a: Iron Valiant|Iron Valiant|100\/100\n|-enditem|p2a: Iron Valiant|Booster Energy\n|-activate|p2a: Iron Valiant|ability: Quark Drive|[fromitem]\n|-start|p2a: Iron Valiant|quarkdriveatk\n|turn|22\n|\n|t:|1700101754\n|move|p2a: Iron Valiant|Spirit Break|p1a: Marbled Rock Blast\n|-damage|p1a: Marbled Rock Blast|0 fnt\n|faint|p1a: Marbled Rock Blast\n|\n|upkeep\n|\n|t:|1700101760\n|switch|p1a: Yuna|Slowking-Galar, M|100\/100\n|turn|23\n|\n|t:|1700101767\n|-end|p2a: Iron Valiant|Quark Drive|[silent]\n|switch|p2a: Arcanine|Arcanine-Hisui, F|100\/100\n|move|p1a: Yuna|Sludge Bomb|p2a: Arcanine\n|-resisted|p2a: Arcanine\n|-damage|p2a: Arcanine|64\/100\n|-status|p2a: Arcanine|psn\n|replace|p2a: Zoroark|Zoroark-Hisui, M\n|-end|p2a: Zoroark|Illusion\n|\n|-damage|p2a: Zoroark|51\/100 psn|[from] psn\n|upkeep\n|turn|24\n|\n|t:|1700101798\n|switch|p1a: Harpuya|Tornadus-Therian, M|64\/100 psn\n|move|p2a: Zoroark|Bitter Malice|p1a: Harpuya\n|-damage|p1a: Harpuya|27\/100 psn\n|-unboost|p1a: Harpuya|atk|1\n|-damage|p2a: Zoroark|42\/100 psn|[from] item: Life Orb\n|\n|-damage|p1a: Harpuya|15\/100 psn|[from] psn\n|-damage|p2a: Zoroark|29\/100 psn|[from] psn\n|upkeep\n|turn|25\n|\n|t:|1700101812\n|move|p1a: Harpuya|Knock Off|p2a: Zoroark\n|-supereffective|p2a: Zoroark\n|-damage|p2a: Zoroark|0 fnt\n|-enditem|p2a: Zoroark|Life Orb|[from] move: Knock Off|[of] p1a: Harpuya\n|faint|p2a: Zoroark\n|\n|-damage|p1a: Harpuya|3\/100 psn|[from] psn\n|upkeep\n|\n|t:|1700101818\n|switch|p2a: Arcanine|Arcanine-Hisui, F|1\/100\n|turn|26\n|\n|t:|1700101822\n|move|p2a: Arcanine|Extreme Speed|p1a: Harpuya\n|-damage|p1a: Harpuya|0 fnt\n|faint|p1a: Harpuya\n|\n|upkeep\n|\n|t:|1700101835\n|switch|p1a: Mitsurugi|Samurott-Hisui, M|100\/100\n|turn|27\n|\n|t:|1700101844\n|move|p2a: Arcanine|Extreme Speed|p1a: Mitsurugi\n|-damage|p1a: Mitsurugi|54\/100\n|move|p1a: Mitsurugi|Flip Turn|p2a: Arcanine\n|-supereffective|p2a: Arcanine\n|-damage|p2a: Arcanine|0 fnt\n|faint|p2a: Arcanine\n|\n|t:|1700101851\n|switch|p1a: Yuna|Slowking-Galar, M|100\/100|[from] Flip Turn\n|\n|upkeep\n|\n|t:|1700101855\n|switch|p2a: Iron Valiant|Iron Valiant|100\/100\n|turn|28\n|\n|t:|1700101859\n|move|p2a: Iron Valiant|Thunder Wave|p1a: Yuna\n|-status|p1a: Yuna|par\n|move|p1a: Yuna|Sludge Bomb|p2a: Iron Valiant\n|-supereffective|p2a: Iron Valiant\n|-damage|p2a: Iron Valiant|0 fnt\n|faint|p2a: Iron Valiant\n|-end|p2a: Iron Valiant|Quark Drive|[silent]\n|\n|win|HiIAmRom\n|c|\u2606HiIAmRom|ggs!\n|l|\u2606canchas\n","uploadtime":1700101870,"views":41,"p1id":"hiiamrom","p2id":"canchas","formatid":"gen9ubers","rating":0,"private":0,"password":""}