{"id":"gen9ubers-1972660507","p1":"Dinozoic","p2":"GonanBEETteets","format":"[Gen 9] Ubers","log":"|j|\u2606Dinozoic\n|j|\u2606GonanBEETteets\n|t:|1697872633\n|gametype|singles\n|player|p1|Dinozoic|169|1115\n|player|p2|GonanBEETteets|102|1167\n|teamsize|p1|6\n|teamsize|p2|6\n|gen|9\n|tier|[Gen 9] Ubers\n|rated|\n|rule|Sleep Clause Mod: Limit one foe put to sleep\n|rule|Species Clause: Limit one of each Pok\u00e9mon\n|rule|OHKO Clause: OHKO moves are banned\n|rule|Evasion Items Clause: Evasion items are banned\n|rule|Evasion Moves Clause: Evasion moves are banned\n|rule|Endless Battle Clause: Forcing endless battles is banned\n|rule|HP Percentage Mod: HP is shown in percentages\n|clearpoke\n|poke|p1|Jirachi|\n|poke|p1|Shaymin-Sky|\n|poke|p1|Sawsbuck, M|\n|poke|p1|Dudunsparce-*, F|\n|poke|p1|Ribombee, M|\n|poke|p1|Dunsparce, F|\n|poke|p2|Spidops, F|\n|poke|p2|Arceus|\n|poke|p2|Miraidon|\n|poke|p2|Koraidon|\n|poke|p2|Eternatus|\n|poke|p2|Zacian-*|\n|teampreview\n|inactive|Battle timer is ON: inactive players will automatically lose when time's up. (requested by Dinozoic)\n|\n|t:|1697872645\n|start\n|switch|p1a: End me|Ribombee, M|100\/100\n|switch|p2a: Spidops|Spidops, F|100\/100\n|turn|1\n|\n|t:|1697872653\n|move|p1a: End me|Stun Spore|p2a: Spidops\n|-status|p2a: Spidops|par\n|move|p2a: Spidops|Sticky Web|p1a: End me\n|-sidestart|p1: Dinozoic|move: Sticky Web\n|\n|upkeep\n|turn|2\n|\n|t:|1697872661\n|switch|p1a: Dunsparce|Dunsparce, F|100\/100\n|-activate|p1a: Dunsparce|move: Sticky Web\n|-unboost|p1a: Dunsparce|spe|1\n|move|p2a: Spidops|Sucker Punch||[still]\n|-fail|p2a: Spidops\n|\n|upkeep\n|turn|3\n|\n|t:|1697872669\n|switch|p2a: Arceus|Arceus|100\/100\n|move|p1a: Dunsparce|Ancient Power|p2a: Arceus\n|-damage|p2a: Arceus|93\/100\n|\n|upkeep\n|turn|4\n|\n|t:|1697872681\n|-terastallize|p2a: Arceus|Normal\n|move|p2a: Arceus|Swords Dance|p2a: Arceus\n|-boost|p2a: Arceus|atk|2\n|move|p1a: Dunsparce|Glare|p2a: Arceus\n|-status|p2a: Arceus|par\n|\n|upkeep\n|turn|5\n|\n|t:|1697872688\n|move|p2a: Arceus|Swords Dance|p2a: Arceus\n|-boost|p2a: Arceus|atk|2\n|move|p1a: Dunsparce|Ancient Power|p2a: Arceus\n|-damage|p2a: Arceus|85\/100 par\n|\n|upkeep\n|turn|6\n|\n|t:|1697872696\n|-terastallize|p1a: Dunsparce|Ghost\n|cant|p2a: Arceus|par\n|move|p1a: Dunsparce|Ancient Power|p2a: Arceus\n|-damage|p2a: Arceus|77\/100 par\n|\n|upkeep\n|turn|7\n|\n|t:|1697872703\n|move|p2a: Arceus|Extreme Speed|p1a: Dunsparce\n|-immune|p1a: Dunsparce\n|move|p1a: Dunsparce|Ancient Power|p2a: Arceus\n|-damage|p2a: Arceus|70\/100 par\n|-boost|p1a: Dunsparce|atk|1\n|-boost|p1a: Dunsparce|def|1\n|-boost|p1a: Dunsparce|spa|1\n|-boost|p1a: Dunsparce|spd|1\n|-boost|p1a: Dunsparce|spe|1\n|\n|upkeep\n|turn|8\n|\n|t:|1697872713\n|move|p1a: Dunsparce|Ancient Power|p2a: Arceus\n|-damage|p2a: Arceus|58\/100 par\n|-boost|p1a: Dunsparce|atk|1\n|-boost|p1a: Dunsparce|def|1\n|-boost|p1a: Dunsparce|spa|1\n|-boost|p1a: Dunsparce|spd|1\n|-boost|p1a: Dunsparce|spe|1\n|move|p2a: Arceus|Ice Beam|p1a: Dunsparce\n|-damage|p1a: Dunsparce|86\/100\n|-damage|p2a: Arceus|48\/100 par|[from] item: Life Orb\n|\n|upkeep\n|turn|9\n|\n|t:|1697872725\n|move|p1a: Dunsparce|Headbutt|p2a: Arceus\n|-damage|p2a: Arceus|18\/100 par\n|cant|p2a: Arceus|flinch\n|\n|upkeep\n|turn|10\n|\n|t:|1697872730\n|move|p1a: Dunsparce|Headbutt|p2a: Arceus\n|-damage|p2a: Arceus|0 fnt\n|faint|p2a: Arceus\n|\n|upkeep\n|\n|t:|1697872735\n|switch|p2a: Spidops|Spidops, F|100\/100 par\n|turn|11\n|\n|t:|1697872740\n|move|p1a: Dunsparce|Headbutt|p2a: Spidops\n|-damage|p2a: Spidops|51\/100 par\n|cant|p2a: Spidops|flinch\n|\n|upkeep\n|turn|12\n|\n|t:|1697872755\n|move|p1a: Dunsparce|Headbutt|p2a: Spidops\n|-damage|p2a: Spidops|0 fnt\n|faint|p2a: Spidops\n|\n|upkeep\n|\n|t:|1697872761\n|switch|p2a: Zacian|Zacian-Crowned|100\/100\n|-ability|p2a: Zacian|Intrepid Sword|boost\n|-boost|p2a: Zacian|atk|1\n|turn|13\n|\n|t:|1697872771\n|move|p2a: Zacian|Swords Dance|p2a: Zacian\n|-boost|p2a: Zacian|atk|2\n|move|p1a: Dunsparce|Glare|p2a: Zacian\n|-status|p2a: Zacian|par\n|\n|upkeep\n|turn|14\n|\n|t:|1697872775\n|move|p1a: Dunsparce|Headbutt|p2a: Zacian\n|-resisted|p2a: Zacian\n|-damage|p2a: Zacian|85\/100 par\n|cant|p2a: Zacian|flinch\n|\n|upkeep\n|turn|15\n|\n|t:|1697872780\n|move|p1a: Dunsparce|Headbutt|p2a: Zacian\n|-resisted|p2a: Zacian\n|-damage|p2a: Zacian|68\/100 par\n|cant|p2a: Zacian|par\n|\n|upkeep\n|turn|16\n|\n|t:|1697872784\n|move|p1a: Dunsparce|Headbutt|p2a: Zacian\n|-resisted|p2a: Zacian\n|-damage|p2a: Zacian|49\/100 par\n|cant|p2a: Zacian|flinch\n|\n|upkeep\n|turn|17\n|\n|t:|1697872792\n|move|p1a: Dunsparce|Headbutt|p2a: Zacian\n|-resisted|p2a: Zacian\n|-damage|p2a: Zacian|33\/100 par\n|cant|p2a: Zacian|flinch\n|\n|upkeep\n|turn|18\n|\n|t:|1697872798\n|move|p1a: Dunsparce|Headbutt|p2a: Zacian\n|-resisted|p2a: Zacian\n|-damage|p2a: Zacian|16\/100 par\n|move|p2a: Zacian|Sacred Sword|p1a: Dunsparce\n|-immune|p1a: Dunsparce\n|\n|upkeep\n|turn|19\n|\n|t:|1697872803\n|move|p1a: Dunsparce|Headbutt|p2a: Zacian\n|-resisted|p2a: Zacian\n|-damage|p2a: Zacian|0 fnt\n|faint|p2a: Zacian\n|\n|upkeep\n|\n|t:|1697872823\n|switch|p2a: Eternatus|Eternatus|100\/100\n|-ability|p2a: Eternatus|Pressure\n|turn|20\n|\n|t:|1697872828\n|move|p2a: Eternatus|Dynamax Cannon|p1a: Dunsparce\n|-damage|p1a: Dunsparce|63\/100\n|move|p1a: Dunsparce|Glare|p2a: Eternatus\n|-status|p2a: Eternatus|par\n|\n|upkeep\n|turn|21\n|\n|t:|1697872833\n|move|p1a: Dunsparce|Roost|p1a: Dunsparce\n|-heal|p1a: Dunsparce|100\/100\n|move|p2a: Eternatus|Flamethrower|p1a: Dunsparce\n|-damage|p1a: Dunsparce|87\/100\n|\n|upkeep\n|turn|22\n|\n|t:|1697872840\n|move|p1a: Dunsparce|Headbutt|p2a: Eternatus\n|-damage|p2a: Eternatus|72\/100 par\n|move|p2a: Eternatus|Flamethrower|p1a: Dunsparce\n|-damage|p1a: Dunsparce|71\/100\n|\n|upkeep\n|turn|23\n|\n|t:|1697872857\n|move|p1a: Dunsparce|Headbutt|p2a: Eternatus\n|-damage|p2a: Eternatus|41\/100 par\n|cant|p2a: Eternatus|flinch\n|\n|upkeep\n|turn|24\n|\n|t:|1697872861\n|move|p1a: Dunsparce|Headbutt|p2a: Eternatus\n|-damage|p2a: Eternatus|14\/100 par\n|move|p2a: Eternatus|Flamethrower|p1a: Dunsparce\n|-damage|p1a: Dunsparce|55\/100\n|\n|upkeep\n|turn|25\n|\n|t:|1697872866\n|move|p1a: Dunsparce|Headbutt|p2a: Eternatus\n|-damage|p2a: Eternatus|0 fnt\n|faint|p2a: Eternatus\n|\n|upkeep\n|\n|t:|1697872869\n|switch|p2a: Koraidon|Koraidon|100\/100\n|-weather|SunnyDay|[from] ability: Orichalcum Pulse|[of] p2a: Koraidon\n|-activate|p2a: Koraidon|Orichalcum Pulse|[source]\n|turn|26\n|\n|t:|1697872872\n|move|p2a: Koraidon|Flare Blitz|p1a: Dunsparce\n|-damage|p1a: Dunsparce|23\/100\n|-damage|p2a: Koraidon|88\/100|[from] Recoil\n|move|p1a: Dunsparce|Glare|p2a: Koraidon\n|-status|p2a: Koraidon|par\n|\n|-weather|SunnyDay|[upkeep]\n|upkeep\n|turn|27\n|\n|t:|1697872880\n|move|p1a: Dunsparce|Roost|p1a: Dunsparce\n|-heal|p1a: Dunsparce|73\/100\n|move|p2a: Koraidon|Flare Blitz|p1a: Dunsparce\n|-damage|p1a: Dunsparce|40\/100\n|-damage|p2a: Koraidon|75\/100 par|[from] Recoil\n|\n|-weather|SunnyDay|[upkeep]\n|upkeep\n|turn|28\n|\n|t:|1697872900\n|move|p1a: Dunsparce|Roost|p1a: Dunsparce\n|-heal|p1a: Dunsparce|90\/100\n|cant|p2a: Koraidon|par\n|\n|-weather|SunnyDay|[upkeep]\n|upkeep\n|turn|29\n|\n|t:|1697872904\n|move|p1a: Dunsparce|Headbutt|p2a: Koraidon\n|-damage|p2a: Koraidon|46\/100 par\n|cant|p2a: Koraidon|flinch\n|\n|-weather|SunnyDay|[upkeep]\n|upkeep\n|turn|30\n|\n|t:|1697872925\n|move|p1a: Dunsparce|Headbutt|p2a: Koraidon\n|-damage|p2a: Koraidon|16\/100 par\n|cant|p2a: Koraidon|flinch\n|\n|-weather|none\n|upkeep\n|turn|31\n|-message|GonanBEETteets forfeited.\n|\n|win|Dinozoic\n|raw|Dinozoic's rating: 1115 &rarr; <strong>1144<\/strong><br \/>(+29 for winning)\n|raw|GonanBEETteets's rating: 1167 &rarr; <strong>1138<\/strong><br \/>(-29 for losing)\n|l|\u2606GonanBEETteets\n","uploadtime":1697872946,"views":23,"p1id":"dinozoic","p2id":"gonanbeetteets","formatid":"gen9ubers","rating":1138,"private":0,"password":""}