{"id":"gen9ubers-1999464352","p1":"Bellatrix2022","p2":"Ups1deD0wnSyndrome","format":"[Gen 9] Ubers","log":"|j|\u2606Bellatrix2022\n|j|\u2606Ups1deD0wnSyndrome\n|t:|1701084587\n|gametype|singles\n|player|p1|Bellatrix2022|170|\n|player|p2|Ups1deD0wnSyndrome|2|\n|teamsize|p1|6\n|teamsize|p2|6\n|gen|9\n|tier|[Gen 9] Ubers\n|rule|Sleep Clause Mod: Limit one foe put to sleep\n|rule|Species Clause: Limit one of each Pok\u00e9mon\n|rule|OHKO Clause: OHKO moves are banned\n|rule|Evasion Items Clause: Evasion items are banned\n|rule|Evasion Moves Clause: Evasion moves are banned\n|rule|Endless Battle Clause: Forcing endless battles is banned\n|rule|HP Percentage Mod: HP is shown in percentages\n|clearpoke\n|poke|p1|Revavroom, F|\n|poke|p1|Ogerpon-Cornerstone, F|\n|poke|p1|Kingambit, F|\n|poke|p1|Munkidori, M|\n|poke|p1|Yanmega, M|\n|poke|p1|Okidogi, M|\n|poke|p2|Eternatus|\n|poke|p2|Scizor, M|\n|poke|p2|Iron Leaves|\n|poke|p2|Rotom-Wash|\n|poke|p2|Scream Tail|\n|poke|p2|Tauros, M|\n|teampreview\n|\n|t:|1701084611\n|start\n|switch|p1a: Revavroom|Revavroom, F, shiny|100\/100\n|switch|p2a: Scizor|Scizor, M|100\/100\n|turn|1\n|\n|t:|1701084633\n|-terastallize|p1a: Revavroom|Water\n|move|p1a: Revavroom|Shift Gear|p1a: Revavroom\n|-boost|p1a: Revavroom|spe|2\n|-boost|p1a: Revavroom|atk|1\n|move|p2a: Scizor|Iron Defense|p2a: Scizor\n|-boost|p2a: Scizor|def|2\n|\n|upkeep\n|turn|2\n|\n|t:|1701084671\n|move|p1a: Revavroom|Shift Gear|p1a: Revavroom\n|-boost|p1a: Revavroom|spe|2\n|-boost|p1a: Revavroom|atk|1\n|move|p2a: Scizor|Close Combat|p1a: Revavroom\n|-damage|p1a: Revavroom|45\/100\n|-unboost|p2a: Scizor|def|1\n|-unboost|p2a: Scizor|spd|1\n|\n|upkeep\n|turn|3\n|\n|t:|1701084681\n|move|p1a: Revavroom|Iron Head|p2a: Scizor\n|-resisted|p2a: Scizor\n|-damage|p2a: Scizor|63\/100\n|-damage|p1a: Revavroom|35\/100|[from] item: Life Orb\n|cant|p2a: Scizor|flinch\n|\n|-heal|p2a: Scizor|69\/100|[from] item: Leftovers\n|upkeep\n|turn|4\n|\n|t:|1701084692\n|move|p1a: Revavroom|High Horsepower|p2a: Scizor\n|-damage|p2a: Scizor|11\/100\n|-damage|p1a: Revavroom|25\/100|[from] item: Life Orb\n|move|p2a: Scizor|Close Combat|p1a: Revavroom\n|-damage|p1a: Revavroom|0 fnt\n|-unboost|p2a: Scizor|def|1\n|-unboost|p2a: Scizor|spd|1\n|faint|p1a: Revavroom\n|\n|-heal|p2a: Scizor|17\/100|[from] item: Leftovers\n|upkeep\n|\n|t:|1701084719\n|switch|p1a: Munkidori|Munkidori, M|100\/100\n|turn|5\n|\n|t:|1701084751\n|move|p2a: Scizor|Bullet Punch|p1a: Munkidori\n|-damage|p1a: Munkidori|48\/100\n|move|p1a: Munkidori|Parting Shot|p2a: Scizor\n|-unboost|p2a: Scizor|atk|1\n|-unboost|p2a: Scizor|spa|1\n|\n|t:|1701084758\n|switch|p1a: Yanmega|Yanmega, M, shiny|100\/100|[from] Parting Shot\n|\n|-heal|p2a: Scizor|23\/100|[from] item: Leftovers\n|upkeep\n|turn|6\n|\n|t:|1701084777\n|move|p2a: Scizor|Bullet Punch|p1a: Yanmega\n|-damage|p1a: Yanmega|72\/100\n|move|p1a: Yanmega|Ancient Power|p2a: Scizor\n|-damage|p2a: Scizor|0 fnt\n|faint|p2a: Scizor\n|-damage|p1a: Yanmega|62\/100|[from] item: Life Orb\n|\n|-ability|p1a: Yanmega|Speed Boost|boost\n|-boost|p1a: Yanmega|spe|1\n|upkeep\n|\n|t:|1701084791\n|switch|p2a: Tauros|Tauros, M|100\/100\n|turn|7\n|\n|t:|1701084809\n|move|p1a: Yanmega|Giga Drain|p2a: Tauros\n|-damage|p2a: Tauros|50\/100\n|-heal|p1a: Yanmega|85\/100|[from] drain|[of] p2a: Tauros\n|-damage|p1a: Yanmega|75\/100|[from] item: Life Orb\n|move|p2a: Tauros|Rock Slide|p1a: Yanmega\n|-supereffective|p1a: Yanmega\n|-damage|p1a: Yanmega|0 fnt\n|faint|p1a: Yanmega\n|\n|upkeep\n|\n|t:|1701084830\n|switch|p1a: Ogerpon|Ogerpon-Cornerstone, F|100\/100\n|turn|8\n|\n|t:|1701084853\n|switch|p2a: Eternatus|Eternatus|100\/100\n|-ability|p2a: Eternatus|Pressure\n|move|p1a: Ogerpon|Spiky Shield||[still]\n|-fail|p1a: Ogerpon\n|\n|upkeep\n|turn|9\n|\n|t:|1701084870\n|move|p1a: Ogerpon|Ivy Cudgel|p2a: Eternatus|[anim] Ivy Cudgel Rock\n|-damage|p2a: Eternatus|55\/100\n|move|p2a: Eternatus|Flamethrower|p1a: Ogerpon\n|-damage|p1a: Ogerpon|56\/100\n|\n|upkeep\n|turn|10\n|\n|t:|1701084879\n|move|p1a: Ogerpon|Ivy Cudgel|p2a: Eternatus|[anim] Ivy Cudgel Rock\n|-damage|p2a: Eternatus|14\/100\n|move|p2a: Eternatus|Recover|p2a: Eternatus\n|-heal|p2a: Eternatus|64\/100\n|\n|upkeep\n|turn|11\n|\n|t:|1701084894\n|switch|p2a: Scream Tail|Scream Tail|100\/100\n|move|p1a: Ogerpon|Ivy Cudgel|p2a: Scream Tail|[anim] Ivy Cudgel Rock\n|-damage|p2a: Scream Tail|55\/100\n|\n|upkeep\n|turn|12\n|\n|t:|1701084907\n|move|p1a: Ogerpon|Spiky Shield|p1a: Ogerpon\n|-singleturn|p1a: Ogerpon|move: Protect\n|move|p2a: Scream Tail|Drain Punch|p1a: Ogerpon\n|-activate|p1a: Ogerpon|move: Protect\n|-damage|p2a: Scream Tail|43\/100|[from] Spiky Shield|[of] p1a: Ogerpon\n|\n|upkeep\n|turn|13\n|\n|t:|1701084915\n|move|p1a: Ogerpon|Ivy Cudgel|p2a: Scream Tail|[anim] Ivy Cudgel Rock\n|-damage|p2a: Scream Tail|0 fnt\n|faint|p2a: Scream Tail\n|-end|p2a: Scream Tail|Protosynthesis|[silent]\n|\n|upkeep\n|\n|t:|1701084922\n|switch|p2a: Iron Leaves|Iron Leaves|100\/100\n|turn|14\n|\n|t:|1701084958\n|switch|p1a: Okidogi|Okidogi, M|100\/100\n|move|p2a: Iron Leaves|Sacred Sword|p1a: Okidogi\n|-resisted|p1a: Okidogi\n|-damage|p1a: Okidogi|87\/100\n|\n|-heal|p1a: Okidogi|93\/100|[from] item: Leftovers\n|upkeep\n|turn|15\n|\n|t:|1701084973\n|-end|p2a: Iron Leaves|Quark Drive|[silent]\n|switch|p2a: Eternatus|Eternatus|64\/100\n|-ability|p2a: Eternatus|Pressure\n|switch|p1a: Kingambit|Kingambit, F|100\/100\n|-activate|p1a: Kingambit|ability: Supreme Overlord\n|-start|p1a: Kingambit|fallen2|[silent]\n|\n|upkeep\n|turn|16\n|\n|t:|1701085015\n|-end|p1a: Kingambit|fallen2|[silent]\n|switch|p1a: Munkidori|Munkidori, M|48\/100\n|move|p2a: Eternatus|Recover|p2a: Eternatus\n|-heal|p2a: Eternatus|100\/100\n|\n|upkeep\n|turn|17\n|\n|t:|1701085028\n|move|p1a: Munkidori|Psychic|p2a: Eternatus\n|-supereffective|p2a: Eternatus\n|-damage|p2a: Eternatus|6\/100\n|-unboost|p2a: Eternatus|spd|1\n|-enditem|p2a: Eternatus|Weakness Policy\n|-boost|p2a: Eternatus|atk|2|[from] item: Weakness Policy\n|-boost|p2a: Eternatus|spa|2|[from] item: Weakness Policy\n|move|p2a: Eternatus|Dynamax Cannon|p1a: Munkidori\n|-damage|p1a: Munkidori|0 fnt\n|faint|p1a: Munkidori\n|\n|upkeep\n|\n|t:|1701085045\n|switch|p1a: Ogerpon|Ogerpon-Cornerstone, F|56\/100\n|turn|18\n|\n|t:|1701085052\n|move|p1a: Ogerpon|Ivy Cudgel|p2a: Eternatus|[anim] Ivy Cudgel Rock\n|-damage|p2a: Eternatus|0 fnt\n|faint|p2a: Eternatus\n|\n|upkeep\n|\n|t:|1701085066\n|switch|p2a: Rotom|Rotom-Wash|100\/100\n|turn|19\n|\n|t:|1701085073\n|move|p1a: Ogerpon|Horn Leech|p2a: Rotom\n|-supereffective|p2a: Rotom\n|-damage|p2a: Rotom|0 fnt\n|-heal|p1a: Ogerpon|96\/100|[from] drain|[of] p2a: Rotom\n|faint|p2a: Rotom\n|\n|upkeep\n|\n|t:|1701085091\n|switch|p2a: Iron Leaves|Iron Leaves|100\/100\n|turn|20\n|\n|t:|1701085119\n|switch|p1a: Okidogi|Okidogi, M|93\/100\n|move|p2a: Iron Leaves|Psyblade|p1a: Okidogi\n|-supereffective|p1a: Okidogi\n|-damage|p1a: Okidogi|0 fnt\n|faint|p1a: Okidogi\n|\n|upkeep\n|\n|t:|1701085127\n|switch|p1a: Kingambit|Kingambit, F|100\/100\n|-activate|p1a: Kingambit|ability: Supreme Overlord\n|-start|p1a: Kingambit|fallen4|[silent]\n|turn|21\n|\n|t:|1701085139\n|-end|p2a: Iron Leaves|Quark Drive|[silent]\n|switch|p2a: Tauros|Tauros, M|50\/100\n|move|p1a: Kingambit|Sucker Punch||[still]\n|-fail|p1a: Kingambit\n|\n|upkeep\n|turn|22\n|\n|t:|1701085150\n|-terastallize|p2a: Tauros|Dark\n|move|p1a: Kingambit|Sucker Punch|p2a: Tauros\n|-resisted|p2a: Tauros\n|-damage|p2a: Tauros|16\/100\n|move|p2a: Tauros|Body Slam|p1a: Kingambit\n|-resisted|p1a: Kingambit\n|-damage|p1a: Kingambit|80\/100\n|\n|-heal|p1a: Kingambit|86\/100|[from] item: Leftovers\n|upkeep\n|turn|23\n|\n|t:|1701085165\n|move|p1a: Kingambit|Sucker Punch|p2a: Tauros\n|-resisted|p2a: Tauros\n|-damage|p2a: Tauros|0 fnt\n|faint|p2a: Tauros\n|\n|-heal|p1a: Kingambit|92\/100|[from] item: Leftovers\n|upkeep\n|\n|t:|1701085173\n|switch|p2a: Iron Leaves|Iron Leaves|100\/100\n|turn|24\n|\n|t:|1701085181\n|move|p1a: Kingambit|Sucker Punch|p2a: Iron Leaves\n|-supereffective|p2a: Iron Leaves\n|-damage|p2a: Iron Leaves|0 fnt\n|faint|p2a: Iron Leaves\n|-end|p2a: Iron Leaves|Quark Drive|[silent]\n|\n|win|Bellatrix2022\n","uploadtime":1701085209,"views":9,"p1id":"bellatrix2022","p2id":"ups1ded0wnsyndrome","formatid":"gen9ubers","rating":0,"private":0,"password":""}