{"id":"gen9ubers-1992353021","p1":"S3PP1","p2":"CrushMeGoodra","format":"[Gen 9] Ubers","log":"|j|\u2606S3PP1\n|j|\u2606CrushMeGoodra\n|t:|1700177814\n|gametype|singles\n|player|p1|S3PP1|chuck|\n|player|p2|CrushMeGoodra|cynthia|\n|teamsize|p1|6\n|teamsize|p2|6\n|gen|9\n|tier|[Gen 9] Ubers\n|rule|Sleep Clause Mod: Limit one foe put to sleep\n|rule|Species Clause: Limit one of each Pok\u00e9mon\n|rule|OHKO Clause: OHKO moves are banned\n|rule|Evasion Items Clause: Evasion items are banned\n|rule|Evasion Moves Clause: Evasion moves are banned\n|rule|Endless Battle Clause: Forcing endless battles is banned\n|rule|HP Percentage Mod: HP is shown in percentages\n|clearpoke\n|poke|p1|Breloom, F|\n|poke|p1|Palafin, F|\n|poke|p1|Jirachi|\n|poke|p1|Glimmora, M|\n|poke|p1|Talonflame, M|\n|poke|p1|Mudsdale, M|\n|poke|p2|Breloom, M|\n|poke|p2|Jirachi|\n|poke|p2|Palafin, F|\n|poke|p2|Glimmora, M|\n|poke|p2|Talonflame, F|\n|poke|p2|Mudsdale, M|\n|teampreview\n|inactive|Battle timer is ON: inactive players will automatically lose when time's up. (requested by S3PP1)\n|inactive|CrushMeGoodra also wants the timer to be on.\n|\n|t:|1700177820\n|start\n|switch|p1a: Palafin|Palafin, F|100\/100\n|switch|p2a: Palafin|Palafin, F, shiny|100\/100\n|turn|1\n|\n|t:|1700177828\n|detailschange|p1a: Palafin|Palafin-Hero, F\n|switch|p1a: Glimmora|Glimmora, M|100\/100\n|detailschange|p2a: Palafin|Palafin-Hero, F, shiny\n|switch|p2a: Glimmora|Glimmora, M|100\/100\n|\n|upkeep\n|turn|2\n|\n|t:|1700177838\n|move|p1a: Glimmora|Earth Power|p2a: Glimmora\n|-supereffective|p2a: Glimmora\n|-enditem|p2a: Glimmora|Focus Sash\n|-damage|p2a: Glimmora|1\/100\n|move|p2a: Glimmora|Earth Power|p1a: Glimmora\n|-supereffective|p1a: Glimmora\n|-enditem|p1a: Glimmora|Focus Sash\n|-damage|p1a: Glimmora|1\/100\n|\n|upkeep\n|turn|3\n|inactive|S3PP1 has 270 seconds left.\n|\n|t:|1700177875\n|move|p1a: Glimmora|Stealth Rock|p2a: Glimmora\n|-sidestart|p2: CrushMeGoodra|move: Stealth Rock\n|move|p2a: Glimmora|Mortal Spin|p1a: Glimmora\n|-resisted|p1a: Glimmora\n|-damage|p1a: Glimmora|0 fnt\n|-activate|p1a: Glimmora|ability: Toxic Debris\n|-sidestart|p2: CrushMeGoodra|move: Toxic Spikes\n|-sideend|p2: CrushMeGoodra|Toxic Spikes|[from] move: Mortal Spin|[of] p2a: Glimmora\n|-sideend|p2: CrushMeGoodra|Stealth Rock|[from] move: Mortal Spin|[of] p2a: Glimmora\n|faint|p1a: Glimmora\n|\n|upkeep\n|\n|t:|1700177893\n|switch|p1a: Palafin|Palafin-Hero, F|100\/100\n|-activate|p1a: Palafin|ability: Zero to Hero\n|turn|4\n|\n|t:|1700177902\n|move|p1a: Palafin|Bulk Up|p1a: Palafin\n|-boost|p1a: Palafin|atk|1\n|-boost|p1a: Palafin|def|1\n|move|p2a: Glimmora|Stealth Rock|p1a: Palafin\n|-sidestart|p1: S3PP1|move: Stealth Rock\n|\n|upkeep\n|turn|5\n|\n|t:|1700177913\n|move|p1a: Palafin|Jet Punch|p2a: Glimmora\n|-supereffective|p2a: Glimmora\n|-damage|p2a: Glimmora|0 fnt\n|-activate|p2a: Glimmora|ability: Toxic Debris\n|-sidestart|p1: S3PP1|move: Toxic Spikes\n|faint|p2a: Glimmora\n|\n|upkeep\n|\n|t:|1700177926\n|switch|p2a: Talonflame|Talonflame, F|100\/100\n|turn|6\n|\n|t:|1700177934\n|-terastallize|p2a: Talonflame|Fairy\n|move|p2a: Talonflame|Will-O-Wisp|p1a: Palafin\n|-status|p1a: Palafin|brn\n|move|p1a: Palafin|Wave Crash|p2a: Talonflame\n|-damage|p2a: Talonflame|35\/100\n|-damage|p1a: Palafin|78\/100 brn|[from] Recoil\n|\n|-heal|p1a: Palafin|84\/100 brn|[from] item: Leftovers\n|-damage|p1a: Palafin|78\/100 brn|[from] brn\n|upkeep\n|turn|7\n|\n|t:|1700177945\n|move|p1a: Palafin|Jet Punch|p2a: Talonflame\n|-damage|p2a: Talonflame|1\/100\n|move|p2a: Talonflame|Roost|p2a: Talonflame\n|-heal|p2a: Talonflame|51\/100\n|\n|-heal|p1a: Palafin|84\/100 brn|[from] item: Leftovers\n|-damage|p1a: Palafin|78\/100 brn|[from] brn\n|upkeep\n|turn|8\n|\n|t:|1700177962\n|move|p2a: Talonflame|Roost|p2a: Talonflame\n|-heal|p2a: Talonflame|100\/100\n|move|p1a: Palafin|Wave Crash|p2a: Talonflame\n|-damage|p2a: Talonflame|36\/100\n|-damage|p1a: Palafin|55\/100 brn|[from] Recoil\n|\n|-heal|p1a: Palafin|61\/100 brn|[from] item: Leftovers\n|-damage|p1a: Palafin|55\/100 brn|[from] brn\n|upkeep\n|turn|9\n|\n|t:|1700177965\n|move|p2a: Talonflame|Roost|p2a: Talonflame\n|-heal|p2a: Talonflame|87\/100\n|move|p1a: Palafin|Wave Crash|p2a: Talonflame\n|-damage|p2a: Talonflame|14\/100\n|-damage|p1a: Palafin|30\/100 brn|[from] Recoil\n|\n|-heal|p1a: Palafin|36\/100 brn|[from] item: Leftovers\n|-damage|p1a: Palafin|30\/100 brn|[from] brn\n|upkeep\n|turn|10\n|\n|t:|1700177974\n|move|p1a: Palafin|Jet Punch|p2a: Talonflame\n|-damage|p2a: Talonflame|0 fnt\n|faint|p2a: Talonflame\n|\n|-heal|p1a: Palafin|36\/100 brn|[from] item: Leftovers\n|-damage|p1a: Palafin|30\/100 brn|[from] brn\n|upkeep\n|\n|t:|1700177985\n|switch|p2a: Palafin|Palafin-Hero, F, shiny|100\/100\n|-activate|p2a: Palafin|ability: Zero to Hero\n|turn|11\n|\n|t:|1700177990\n|move|p1a: Palafin|Drain Punch|p2a: Palafin\n|-damage|p2a: Palafin|84\/100\n|-heal|p1a: Palafin|40\/100 brn|[from] drain|[of] p2a: Palafin\n|move|p2a: Palafin|Bulk Up|p2a: Palafin\n|-boost|p2a: Palafin|atk|1\n|-boost|p2a: Palafin|def|1\n|\n|-heal|p1a: Palafin|46\/100 brn|[from] item: Leftovers\n|-heal|p2a: Palafin|90\/100|[from] item: Leftovers\n|-damage|p1a: Palafin|40\/100 brn|[from] brn\n|upkeep\n|turn|12\n|\n|t:|1700178004\n|move|p1a: Palafin|Jet Punch|p2a: Palafin\n|-resisted|p2a: Palafin\n|-damage|p2a: Palafin|82\/100\n|move|p2a: Palafin|Substitute|p2a: Palafin\n|-start|p2a: Palafin|Substitute\n|-damage|p2a: Palafin|57\/100\n|\n|-heal|p1a: Palafin|46\/100 brn|[from] item: Leftovers\n|-heal|p2a: Palafin|63\/100|[from] item: Leftovers\n|-damage|p1a: Palafin|40\/100 brn|[from] brn\n|upkeep\n|turn|13\n|\n|t:|1700178007\n|move|p1a: Palafin|Drain Punch|p2a: Palafin\n|-activate|p2a: Palafin|move: Substitute|[damage]\n|-heal|p1a: Palafin|48\/100 brn|[from] drain|[of] p2a: Palafin\n|move|p2a: Palafin|Bulk Up|p2a: Palafin\n|-boost|p2a: Palafin|atk|1\n|-boost|p2a: Palafin|def|1\n|\n|-heal|p1a: Palafin|54\/100 brn|[from] item: Leftovers\n|-heal|p2a: Palafin|70\/100|[from] item: Leftovers\n|-damage|p1a: Palafin|48\/100 brn|[from] brn\n|upkeep\n|turn|14\n|\n|t:|1700178011\n|move|p1a: Palafin|Wave Crash|p2a: Palafin\n|-resisted|p2a: Palafin\n|-activate|p2a: Palafin|move: Substitute|[damage]\n|-damage|p1a: Palafin|44\/100 brn|[from] Recoil|[of] p2a: Palafin\n|move|p2a: Palafin|Drain Punch|p1a: Palafin\n|-damage|p1a: Palafin|5\/100 brn\n|-heal|p2a: Palafin|86\/100|[from] drain|[of] p1a: Palafin\n|\n|-heal|p1a: Palafin|11\/100 brn|[from] item: Leftovers\n|-heal|p2a: Palafin|92\/100|[from] item: Leftovers\n|-damage|p1a: Palafin|5\/100 brn|[from] brn\n|upkeep\n|turn|15\n|\n|t:|1700178018\n|move|p2a: Palafin|Jet Punch|p1a: Palafin\n|-resisted|p1a: Palafin\n|-damage|p1a: Palafin|0 fnt\n|faint|p1a: Palafin\n|\n|-heal|p2a: Palafin|99\/100|[from] item: Leftovers\n|upkeep\n|\n|t:|1700178026\n|switch|p1a: Breloom|Breloom, F|100\/100\n|-damage|p1a: Breloom|94\/100|[from] Stealth Rock\n|-status|p1a: Breloom|psn\n|turn|16\n|\n|t:|1700178037\n|move|p2a: Palafin|Drain Punch|p1a: Breloom\n|-damage|p1a: Breloom|27\/100 psn\n|-heal|p2a: Palafin|100\/100|[from] drain|[of] p1a: Breloom\n|move|p1a: Breloom|Substitute|p1a: Breloom\n|-start|p1a: Breloom|Substitute\n|-damage|p1a: Breloom|2\/100 psn\n|\n|-heal|p1a: Breloom|15\/100 psn|[from] ability: Poison Heal\n|upkeep\n|turn|17\n|\n|t:|1700178044\n|-singleturn|p1a: Breloom|move: Focus Punch\n|move|p2a: Palafin|Jet Punch|p1a: Breloom\n|-resisted|p1a: Breloom\n|-end|p1a: Breloom|Substitute\n|move|p1a: Breloom|Focus Punch|p2a: Palafin\n|-end|p2a: Palafin|Substitute\n|\n|-heal|p1a: Breloom|27\/100 psn|[from] ability: Poison Heal\n|upkeep\n|turn|18\n|\n|t:|1700178047\n|move|p2a: Palafin|Jet Punch|p1a: Breloom\n|-resisted|p1a: Breloom\n|-damage|p1a: Breloom|0 fnt\n|faint|p1a: Breloom\n|\n|upkeep\n|\n|t:|1700178050\n|switch|p1a: Talonflame|Talonflame, M|100\/100\n|turn|19\n|\n|t:|1700178057\n|move|p2a: Palafin|Jet Punch|p1a: Talonflame\n|-supereffective|p1a: Talonflame\n|-damage|p1a: Talonflame|0 fnt\n|faint|p1a: Talonflame\n|\n|upkeep\n|\n|t:|1700178061\n|switch|p1a: Jirachi|Jirachi|100\/100\n|-damage|p1a: Jirachi|94\/100|[from] Stealth Rock\n|turn|20\n|\n|t:|1700178069\n|move|p2a: Palafin|Jet Punch|p1a: Jirachi\n|-damage|p1a: Jirachi|22\/100\n|move|p1a: Jirachi|Trick|p2a: Palafin\n|-activate|p1a: Jirachi|move: Trick|[of] p2a: Palafin\n|-item|p2a: Palafin|Choice Scarf|[from] move: Trick\n|-item|p1a: Jirachi|Leftovers|[from] move: Trick\n|\n|-heal|p1a: Jirachi|28\/100|[from] item: Leftovers\n|upkeep\n|turn|21\n|\n|t:|1700178073\n|move|p2a: Palafin|Jet Punch|p1a: Jirachi\n|-damage|p1a: Jirachi|0 fnt\n|faint|p1a: Jirachi\n|\n|upkeep\n|\n|t:|1700178075\n|switch|p1a: Mudsdale|Mudsdale, M|100\/100\n|-damage|p1a: Mudsdale|94\/100|[from] Stealth Rock\n|-status|p1a: Mudsdale|psn\n|turn|22\n|\n|t:|1700178077\n|move|p2a: Palafin|Jet Punch|p1a: Mudsdale\n|-supereffective|p1a: Mudsdale\n|-damage|p1a: Mudsdale|13\/100 psn\n|-ability|p1a: Mudsdale|Stamina|boost\n|-boost|p1a: Mudsdale|def|1\n|move|p1a: Mudsdale|Iron Defense|p1a: Mudsdale\n|-boost|p1a: Mudsdale|def|2\n|\n|-heal|p1a: Mudsdale|19\/100 psn|[from] item: Leftovers\n|-damage|p1a: Mudsdale|6\/100 psn|[from] psn\n|upkeep\n|turn|23\n|\n|t:|1700178080\n|move|p2a: Palafin|Jet Punch|p1a: Mudsdale\n|-supereffective|p1a: Mudsdale\n|-damage|p1a: Mudsdale|0 fnt\n|faint|p1a: Mudsdale\n|\n|win|CrushMeGoodra\n|l|\u2606S3PP1\n","uploadtime":1700178085,"views":5,"p1id":"s3pp1","p2id":"crushmegoodra","formatid":"gen9ubers","rating":0,"private":0,"password":""}