{"id":"gen9ubers-1982139276","p1":"Blake-Mamba","p2":"Le poke fever","format":"[Gen 9] Ubers","log":"|j|\u2606Blake-Mamba\n|j|\u2606Le poke fever\n|t:|1698971900\n|gametype|singles\n|player|p1|Blake-Mamba|juan|1298\n|player|p2|Le poke fever|ballguy|1355\n|teamsize|p1|6\n|teamsize|p2|6\n|gen|9\n|tier|[Gen 9] Ubers\n|rated|\n|rule|Sleep Clause Mod: Limit one foe put to sleep\n|rule|Species Clause: Limit one of each Pok\u00e9mon\n|rule|OHKO Clause: OHKO moves are banned\n|rule|Evasion Items Clause: Evasion items are banned\n|rule|Evasion Moves Clause: Evasion moves are banned\n|rule|Endless Battle Clause: Forcing endless battles is banned\n|rule|HP Percentage Mod: HP is shown in percentages\n|clearpoke\n|poke|p1|Ogerpon-Hearthflame, F|\n|poke|p1|Vikavolt, M|\n|poke|p1|Kommo-o, M|\n|poke|p1|Ursaluna-Bloodmoon, M|\n|poke|p1|Yanmega, F|\n|poke|p1|Chandelure, M|\n|poke|p2|Koraidon|\n|poke|p2|Flutter Mane|\n|poke|p2|Iron Treads|\n|poke|p2|Ting-Lu|\n|poke|p2|Miraidon|\n|poke|p2|Espathra, F|\n|teampreview\n|inactive|Battle timer is ON: inactive players will automatically lose when time's up. (requested by Blake-Mamba)\n|c|\u2606Blake-Mamba|Glhf\n|\n|t:|1698971930\n|start\n|switch|p1a: Vikavolt|Vikavolt, M|100\/100\n|switch|p2a: Ting-Lu|Ting-Lu|100\/100\n|-ability|p2a: Ting-Lu|Vessel of Ruin\n|turn|1\n|\n|t:|1698971938\n|move|p2a: Ting-Lu|Stealth Rock|p1a: Vikavolt\n|-sidestart|p1: Blake-Mamba|move: Stealth Rock\n|move|p1a: Vikavolt|Bug Buzz|p2a: Ting-Lu\n|-supereffective|p2a: Ting-Lu\n|-damage|p2a: Ting-Lu|54\/100\n|\n|-heal|p2a: Ting-Lu|60\/100|[from] item: Leftovers\n|upkeep\n|turn|2\n|\n|t:|1698971953\n|move|p2a: Ting-Lu|Spikes|p1a: Vikavolt\n|-sidestart|p1: Blake-Mamba|Spikes\n|move|p1a: Vikavolt|Sticky Web|p2a: Ting-Lu\n|-sidestart|p2: Le poke fever|move: Sticky Web\n|\n|-heal|p2a: Ting-Lu|66\/100|[from] item: Leftovers\n|upkeep\n|turn|3\n|\n|t:|1698971959\n|move|p2a: Ting-Lu|Spikes|p1a: Vikavolt\n|-sidestart|p1: Blake-Mamba|Spikes\n|move|p1a: Vikavolt|Bug Buzz|p2a: Ting-Lu\n|-supereffective|p2a: Ting-Lu\n|-damage|p2a: Ting-Lu|17\/100\n|\n|-heal|p2a: Ting-Lu|23\/100|[from] item: Leftovers\n|upkeep\n|turn|4\n|\n|t:|1698971967\n|move|p2a: Ting-Lu|Spikes|p1a: Vikavolt\n|-sidestart|p1: Blake-Mamba|Spikes\n|move|p1a: Vikavolt|Bug Buzz|p2a: Ting-Lu\n|-supereffective|p2a: Ting-Lu\n|-damage|p2a: Ting-Lu|0 fnt\n|faint|p2a: Ting-Lu\n|\n|upkeep\n|\n|t:|1698971975\n|switch|p2a: Iron Treads|Iron Treads|100\/100\n|-activate|p2a: Iron Treads|move: Sticky Web\n|-unboost|p2a: Iron Treads|spe|1\n|turn|5\n|\n|t:|1698971981\n|switch|p1a: Chandelure|Chandelure, M|100\/100\n|-damage|p1a: Chandelure|76\/100|[from] Stealth Rock\n|-damage|p1a: Chandelure|51\/100|[from] Spikes\n|move|p2a: Iron Treads|Rapid Spin|p1a: Chandelure\n|-immune|p1a: Chandelure\n|\n|upkeep\n|turn|6\n|\n|t:|1698971990\n|-end|p2a: Iron Treads|Quark Drive|[silent]\n|switch|p2a: Flutter Mane|Flutter Mane|100\/100\n|-activate|p2a: Flutter Mane|move: Sticky Web\n|-unboost|p2a: Flutter Mane|spe|1\n|move|p1a: Chandelure|Overheat|p2a: Flutter Mane\n|-damage|p2a: Flutter Mane|18\/100\n|-unboost|p1a: Chandelure|spa|2\n|\n|upkeep\n|turn|7\n|\n|t:|1698972009\n|move|p1a: Chandelure|Overheat|p2a: Flutter Mane\n|-damage|p2a: Flutter Mane|0 fnt\n|-unboost|p1a: Chandelure|spa|2\n|faint|p2a: Flutter Mane\n|-end|p2a: Flutter Mane|Protosynthesis|[silent]\n|\n|upkeep\n|\n|t:|1698972012\n|switch|p2a: Iron Treads|Iron Treads|100\/100\n|-activate|p2a: Iron Treads|move: Sticky Web\n|-unboost|p2a: Iron Treads|spe|1\n|turn|8\n|\n|t:|1698972019\n|move|p1a: Chandelure|Overheat|p2a: Iron Treads\n|-supereffective|p2a: Iron Treads\n|-damage|p2a: Iron Treads|36\/100\n|-unboost|p1a: Chandelure|spa|2\n|move|p2a: Iron Treads|Earthquake|p1a: Chandelure\n|-supereffective|p1a: Chandelure\n|-damage|p1a: Chandelure|0 fnt\n|faint|p1a: Chandelure\n|\n|-heal|p2a: Iron Treads|42\/100|[from] item: Leftovers\n|upkeep\n|\n|t:|1698972038\n|switch|p1a: Ogerpon|Ogerpon-Hearthflame, F|100\/100\n|-damage|p1a: Ogerpon|76\/100|[from] Stealth Rock\n|-damage|p1a: Ogerpon|51\/100|[from] Spikes\n|-ability|p1a: Ogerpon|Mold Breaker\n|turn|9\n|\n|t:|1698972045\n|move|p1a: Ogerpon|Ivy Cudgel|p2a: Iron Treads\n|-supereffective|p2a: Iron Treads\n|-damage|p2a: Iron Treads|0 fnt\n|faint|p2a: Iron Treads\n|-end|p2a: Iron Treads|Quark Drive|[silent]\n|\n|upkeep\n|\n|t:|1698972049\n|switch|p2a: Koraidon|Koraidon|100\/100\n|-activate|p2a: Koraidon|move: Sticky Web\n|-unboost|p2a: Koraidon|spe|1\n|-weather|SunnyDay|[from] ability: Orichalcum Pulse|[of] p2a: Koraidon\n|-activate|p2a: Koraidon|Orichalcum Pulse|[source]\n|turn|10\n|\n|t:|1698972055\n|-terastallize|p2a: Koraidon|Fire\n|move|p1a: Ogerpon|Play Rough|p2a: Koraidon\n|-resisted|p2a: Koraidon\n|-damage|p2a: Koraidon|84\/100\n|move|p2a: Koraidon|Swords Dance|p2a: Koraidon\n|-boost|p2a: Koraidon|atk|2\n|\n|-weather|SunnyDay|[upkeep]\n|upkeep\n|turn|11\n|\n|t:|1698972065\n|move|p1a: Ogerpon|Ivy Cudgel|p2a: Koraidon\n|-resisted|p2a: Koraidon\n|-damage|p2a: Koraidon|37\/100\n|move|p2a: Koraidon|Scale Shot|p1a: Ogerpon\n|-damage|p1a: Ogerpon|1\/100\n|-damage|p1a: Ogerpon|0 fnt\n|faint|p1a: Ogerpon\n|-hitcount|p1: Ogerpon|2\n|-unboost|p2a: Koraidon|def|1\n|-boost|p2a: Koraidon|spe|1\n|\n|-weather|SunnyDay|[upkeep]\n|upkeep\n|\n|t:|1698972078\n|switch|p1a: Yanmega|Yanmega, F, shiny|100\/100\n|-damage|p1a: Yanmega|50\/100|[from] Stealth Rock\n|turn|12\n|\n|t:|1698972082\n|move|p1a: Yanmega|Protect|p1a: Yanmega\n|-singleturn|p1a: Yanmega|Protect\n|move|p2a: Koraidon|Scale Shot|p1a: Yanmega\n|-activate|p1a: Yanmega|move: Protect\n|\n|-weather|SunnyDay|[upkeep]\n|-ability|p1a: Yanmega|Speed Boost|boost\n|-boost|p1a: Yanmega|spe|1\n|upkeep\n|turn|13\n|\n|t:|1698972096\n|-terastallize|p1a: Yanmega|Ground\n|move|p1a: Yanmega|Tera Blast|p2a: Koraidon|[anim] Tera Blast Ground\n|-supereffective|p2a: Koraidon\n|-damage|p2a: Koraidon|0 fnt\n|faint|p2a: Koraidon\n|\n|-weather|SunnyDay|[upkeep]\n|-ability|p1a: Yanmega|Speed Boost|boost\n|-boost|p1a: Yanmega|spe|1\n|upkeep\n|\n|t:|1698972100\n|switch|p2a: Miraidon|Miraidon|100\/100\n|-activate|p2a: Miraidon|move: Sticky Web\n|-unboost|p2a: Miraidon|spe|1\n|-fieldstart|move: Electric Terrain|[from] ability: Hadron Engine|[of] p2a: Miraidon\n|turn|14\n|\n|t:|1698972110\n|move|p1a: Yanmega|Protect|p1a: Yanmega\n|-singleturn|p1a: Yanmega|Protect\n|move|p2a: Miraidon|Draco Meteor|p1a: Yanmega\n|-activate|p1a: Yanmega|move: Protect\n|\n|-weather|none\n|-ability|p1a: Yanmega|Speed Boost|boost\n|-boost|p1a: Yanmega|spe|1\n|upkeep\n|turn|15\n|\n|t:|1698972121\n|switch|p1a: Kommo-o|Kommo-o, M|100\/100\n|-damage|p1a: Kommo-o|94\/100|[from] Stealth Rock\n|-damage|p1a: Kommo-o|69\/100|[from] Spikes\n|move|p2a: Miraidon|Draco Meteor|p1a: Kommo-o\n|-supereffective|p1a: Kommo-o\n|-damage|p1a: Kommo-o|0 fnt\n|-unboost|p2a: Miraidon|spa|2\n|faint|p1a: Kommo-o\n|-damage|p2a: Miraidon|91\/100|[from] item: Life Orb\n|\n|upkeep\n|-message|Le poke fever forfeited.\n|\n|win|Blake-Mamba\n|raw|Blake-Mamba's rating: 1298 &rarr; <strong>1327<\/strong><br \/>(+29 for winning)\n|raw|Le poke fever's rating: 1355 &rarr; <strong>1332<\/strong><br \/>(-23 for losing)\n|l|\u2606Le poke fever\n","uploadtime":1698972152,"views":5,"p1id":"blakemamba","p2id":"lepokefever","formatid":"gen9ubers","rating":1327,"private":0,"password":""}