{"id":"gen9ubers-1988588310","p1":"SylverOmega","p2":"dr pika302010","format":"[Gen 9] Ubers","log":"|j|\u2606SylverOmega\n|j|\u2606dr pika302010\n|t:|1699739247\n|gametype|singles\n|player|p1|SylverOmega|palmer|1059\n|player|p2|dr pika302010|1|1000\n|teamsize|p1|6\n|teamsize|p2|6\n|gen|9\n|tier|[Gen 9] Ubers\n|rated|\n|rule|Sleep Clause Mod: Limit one foe put to sleep\n|rule|Species Clause: Limit one of each Pok\u00e9mon\n|rule|OHKO Clause: OHKO moves are banned\n|rule|Evasion Items Clause: Evasion items are banned\n|rule|Evasion Moves Clause: Evasion moves are banned\n|rule|Endless Battle Clause: Forcing endless battles is banned\n|rule|HP Percentage Mod: HP is shown in percentages\n|clearpoke\n|poke|p1|Weavile, M|\n|poke|p1|Hatterene, F|\n|poke|p1|Pelipper, M|\n|poke|p1|Chi-Yu|\n|poke|p1|Skeledirge, M|\n|poke|p1|Lilligant, F|\n|poke|p2|Volcarona, F|\n|poke|p2|Volbeat, M|\n|poke|p2|Qwilfish-Hisui, F|\n|poke|p2|Hattrem, F|\n|poke|p2|Slowking, M|\n|poke|p2|Giratina|\n|teampreview\n|inactive|Battle timer is ON: inactive players will automatically lose when time's up. (requested by SylverOmega)\n|c|\u2606SylverOmega|Hf\n|\n|t:|1699739275\n|start\n|switch|p1a: Pelipper|Pelipper, M, shiny|100\/100\n|switch|p2a: Hattrem|Hattrem, F|100\/100\n|-weather|RainDance|[from] ability: Drizzle|[of] p1a: Pelipper\n|turn|1\n|\n|t:|1699739287\n|move|p1a: Pelipper|Weather Ball|p2a: Hattrem\n|-damage|p2a: Hattrem|30\/100\n|move|p2a: Hattrem|Psybeam|p1a: Pelipper\n|-damage|p1a: Pelipper|76\/100\n|\n|-weather|RainDance|[upkeep]\n|-heal|p1a: Pelipper|82\/100|[from] item: Leftovers\n|upkeep\n|turn|2\n|\n|t:|1699739298\n|move|p1a: Pelipper|Knock Off|p2a: Hattrem\n|-supereffective|p2a: Hattrem\n|-damage|p2a: Hattrem|0 fnt\n|-enditem|p2a: Hattrem|Mind Plate|[from] move: Knock Off|[of] p1a: Pelipper\n|faint|p2a: Hattrem\n|\n|-weather|RainDance|[upkeep]\n|-heal|p1a: Pelipper|88\/100|[from] item: Leftovers\n|upkeep\n|\n|t:|1699739308\n|switch|p2a: Volbeat|Volbeat, M|100\/100\n|turn|3\n|\n|t:|1699739319\n|move|p2a: Volbeat|Bug Buzz|p1a: Pelipper\n|-resisted|p1a: Pelipper\n|-damage|p1a: Pelipper|78\/100\n|move|p1a: Pelipper|Hurricane|p2a: Volbeat\n|-supereffective|p2a: Volbeat\n|-damage|p2a: Volbeat|15\/100\n|-start|p2a: Volbeat|confusion\n|\n|-weather|RainDance|[upkeep]\n|-heal|p1a: Pelipper|84\/100|[from] item: Leftovers\n|upkeep\n|turn|4\n|\n|t:|1699739332\n|-activate|p2a: Volbeat|confusion\n|move|p2a: Volbeat|Bug Bite|p1a: Pelipper\n|-resisted|p1a: Pelipper\n|-damage|p1a: Pelipper|73\/100\n|move|p1a: Pelipper|U-turn|p2a: Volbeat\n|-damage|p2a: Volbeat|5\/100\n|\n|t:|1699739345\n|switch|p1a: Skeledirge|Skeledirge, M|100\/100|[from] U-turn\n|\n|-weather|RainDance|[upkeep]\n|upkeep\n|turn|5\n|\n|t:|1699739352\n|-activate|p2a: Volbeat|confusion\n|move|p2a: Volbeat|Bug Buzz|p1a: Skeledirge\n|-resisted|p1a: Skeledirge\n|-damage|p1a: Skeledirge|95\/100\n|move|p1a: Skeledirge|Torch Song|p2a: Volbeat\n|-supereffective|p2a: Volbeat\n|-damage|p2a: Volbeat|0 fnt\n|-boost|p1a: Skeledirge|spa|1\n|faint|p2a: Volbeat\n|\n|-weather|none\n|-heal|p1a: Skeledirge|100\/100|[from] item: Leftovers\n|upkeep\n|\n|t:|1699739364\n|switch|p2a: Slowking|Slowking, M|100\/100\n|turn|6\n|\n|t:|1699739372\n|-terastallize|p1a: Skeledirge|Water\n|move|p1a: Skeledirge|Will-O-Wisp|p2a: Slowking\n|-status|p2a: Slowking|brn\n|move|p2a: Slowking|Hydro Pump|p1a: Skeledirge\n|-resisted|p1a: Skeledirge\n|-damage|p1a: Skeledirge|81\/100\n|\n|-heal|p1a: Skeledirge|87\/100|[from] item: Leftovers\n|-damage|p2a: Slowking|94\/100 brn|[from] brn\n|upkeep\n|turn|7\n|\n|t:|1699739384\n|move|p1a: Skeledirge|Hex|p2a: Slowking\n|-supereffective|p2a: Slowking\n|-damage|p2a: Slowking|0 fnt\n|faint|p2a: Slowking\n|\n|-heal|p1a: Skeledirge|93\/100|[from] item: Leftovers\n|upkeep\n|\n|t:|1699739393\n|switch|p2a: Giratina|Giratina|100\/100\n|-ability|p2a: Giratina|Pressure\n|turn|8\n|\n|t:|1699739401\n|move|p2a: Giratina|Draco Meteor|p1a: Skeledirge\n|-damage|p1a: Skeledirge|34\/100\n|-unboost|p2a: Giratina|spa|2\n|move|p1a: Skeledirge|Will-O-Wisp|p2a: Giratina\n|-status|p2a: Giratina|brn\n|\n|-heal|p1a: Skeledirge|40\/100|[from] item: Leftovers\n|-damage|p2a: Giratina|94\/100 brn|[from] brn\n|upkeep\n|turn|9\n|\n|t:|1699739414\n|move|p2a: Giratina|Poltergeist|p1a: Skeledirge\n|-activate|p1a: Skeledirge|move: Poltergeist|Leftovers\n|-damage|p1a: Skeledirge|25\/100\n|move|p1a: Skeledirge|Slack Off|p1a: Skeledirge\n|-heal|p1a: Skeledirge|75\/100\n|\n|-heal|p1a: Skeledirge|82\/100|[from] item: Leftovers\n|-damage|p2a: Giratina|88\/100 brn|[from] brn\n|upkeep\n|turn|10\n|\n|t:|1699739429\n|move|p2a: Giratina|Draco Meteor|p1a: Skeledirge\n|-damage|p1a: Skeledirge|25\/100\n|-unboost|p2a: Giratina|spa|2\n|move|p1a: Skeledirge|Hex|p2a: Giratina\n|-supereffective|p2a: Giratina\n|-damage|p2a: Giratina|0 fnt\n|faint|p2a: Giratina\n|\n|-heal|p1a: Skeledirge|31\/100|[from] item: Leftovers\n|upkeep\n|\n|t:|1699739439\n|switch|p2a: Qwilfish|Qwilfish-Hisui, F|100\/100\n|turn|11\n|\n|t:|1699739445\n|move|p2a: Qwilfish|Barb Barrage|p1a: Skeledirge\n|-damage|p1a: Skeledirge|17\/100\n|move|p1a: Skeledirge|Slack Off|p1a: Skeledirge\n|-heal|p1a: Skeledirge|67\/100\n|\n|-heal|p1a: Skeledirge|73\/100|[from] item: Leftovers\n|upkeep\n|turn|12\n|\n|t:|1699739456\n|move|p2a: Qwilfish|Barb Barrage|p1a: Skeledirge\n|-damage|p1a: Skeledirge|60\/100\n|move|p1a: Skeledirge|Torch Song|p2a: Qwilfish\n|-damage|p2a: Qwilfish|22\/100\n|-boost|p1a: Skeledirge|spa|1\n|\n|-heal|p1a: Skeledirge|66\/100|[from] item: Leftovers\n|upkeep\n|turn|13\n|\n|t:|1699739466\n|move|p2a: Qwilfish|Gunk Shot|p1a: Skeledirge\n|-damage|p1a: Skeledirge|39\/100\n|move|p1a: Skeledirge|Torch Song|p2a: Qwilfish\n|-damage|p2a: Qwilfish|0 fnt\n|-boost|p1a: Skeledirge|spa|1\n|faint|p2a: Qwilfish\n|\n|-heal|p1a: Skeledirge|45\/100|[from] item: Leftovers\n|upkeep\n|c|\u2606SylverOmega|Gg\n|\n|t:|1699739476\n|switch|p2a: Volcarona|Volcarona, F|100\/100\n|turn|14\n|\n|t:|1699739484\n|move|p2a: Volcarona|Fiery Dance|p1a: Skeledirge\n|-resisted|p1a: Skeledirge\n|-damage|p1a: Skeledirge|22\/100\n|-boost|p2a: Volcarona|spa|1\n|move|p1a: Skeledirge|Torch Song|p2a: Volcarona\n|-damage|p2a: Volcarona|35\/100\n|-boost|p1a: Skeledirge|spa|1\n|\n|-heal|p1a: Skeledirge|28\/100|[from] item: Leftovers\n|upkeep\n|turn|15\n|\n|t:|1699739496\n|move|p2a: Volcarona|Flame Charge|p1a: Skeledirge\n|-resisted|p1a: Skeledirge\n|-damage|p1a: Skeledirge|23\/100\n|-boost|p2a: Volcarona|spe|1\n|move|p1a: Skeledirge|Torch Song|p2a: Volcarona\n|-damage|p2a: Volcarona|0 fnt\n|-boost|p1a: Skeledirge|spa|1\n|faint|p2a: Volcarona\n|\n|win|SylverOmega\n|raw|SylverOmega's rating: 1059 &rarr; <strong>1085<\/strong><br \/>(+26 for winning)\n|raw|dr pika302010's rating: 1000 &rarr; <strong>1000<\/strong><br \/>(+0 for losing)\n|l|\u2606dr pika302010\n|l|\u2606SylverOmega\n|j|\u2606SylverOmega\n|player|p1|SylverOmega|palmer\n","uploadtime":1699739510,"views":4,"p1id":"sylveromega","p2id":"drpika302010","formatid":"gen9ubers","rating":1000,"private":0,"password":""}