{"id":"gen9ubers-1981880801","p1":"org_gengar","p2":"MonadoBoi24","format":"[Gen 9] Ubers","log":"|j|\u2606org_gengar\n|j|\u2606MonadoBoi24\n|t:|1698948670\n|gametype|singles\n|player|p1|org_gengar|biker-gen4|1040\n|player|p2|MonadoBoi24|red|1043\n|teamsize|p1|6\n|teamsize|p2|6\n|gen|9\n|tier|[Gen 9] Ubers\n|rated|\n|rule|Sleep Clause Mod: Limit one foe put to sleep\n|rule|Species Clause: Limit one of each Pok\u00e9mon\n|rule|OHKO Clause: OHKO moves are banned\n|rule|Evasion Items Clause: Evasion items are banned\n|rule|Evasion Moves Clause: Evasion moves are banned\n|rule|Endless Battle Clause: Forcing endless battles is banned\n|rule|HP Percentage Mod: HP is shown in percentages\n|clearpoke\n|poke|p1|Koraidon|\n|poke|p1|Zacian-*|\n|poke|p1|Skeledirge, F|\n|poke|p1|Clodsire, F|\n|poke|p1|Arceus-Fairy|\n|poke|p1|Giratina-Origin|\n|poke|p2|Koraidon|\n|poke|p2|Walking Wake|\n|poke|p2|Great Tusk|\n|poke|p2|Volcarona, F|\n|poke|p2|Chien-Pao|\n|poke|p2|Cinderace, M|\n|teampreview\n|inactive|Battle timer is ON: inactive players will automatically lose when time's up. (requested by MonadoBoi24)\n|\n|t:|1698948680\n|start\n|switch|p1a: Arceus|Arceus-Fairy|100\/100\n|switch|p2a: Koraidon|Koraidon|100\/100\n|-weather|SunnyDay|[from] ability: Orichalcum Pulse|[of] p2a: Koraidon\n|-activate|p2a: Koraidon|Orichalcum Pulse|[source]\n|turn|1\n|\n|t:|1698948688\n|move|p2a: Koraidon|U-turn|p1a: Arceus\n|-resisted|p1a: Arceus\n|-damage|p1a: Arceus|90\/100\n|-damage|p2a: Koraidon|91\/100|[from] item: Life Orb\n|\n|t:|1698948693\n|switch|p2a: Volcarona|Volcarona, F|100\/100|[from] U-turn\n|move|p1a: Arceus|Judgment|p2a: Volcarona\n|-resisted|p2a: Volcarona\n|-damage|p2a: Volcarona|79\/100\n|\n|-weather|SunnyDay|[upkeep]\n|-heal|p2a: Volcarona|85\/100|[from] item: Leftovers\n|upkeep\n|turn|2\n|\n|t:|1698948707\n|switch|p1a: Zacian|Zacian-Crowned|100\/100\n|-ability|p1a: Zacian|Intrepid Sword|boost\n|-boost|p1a: Zacian|atk|1\n|move|p2a: Volcarona|Quiver Dance|p2a: Volcarona\n|-boost|p2a: Volcarona|spa|1\n|-boost|p2a: Volcarona|spd|1\n|-boost|p2a: Volcarona|spe|1\n|\n|-weather|SunnyDay|[upkeep]\n|-heal|p2a: Volcarona|91\/100|[from] item: Leftovers\n|upkeep\n|turn|3\n|\n|t:|1698948719\n|move|p1a: Zacian|Swords Dance|p1a: Zacian\n|-boost|p1a: Zacian|atk|2\n|move|p2a: Volcarona|Fiery Dance|p1a: Zacian\n|-supereffective|p1a: Zacian\n|-damage|p1a: Zacian|0 fnt\n|faint|p1a: Zacian\n|\n|-weather|SunnyDay|[upkeep]\n|-heal|p2a: Volcarona|97\/100|[from] item: Leftovers\n|upkeep\n|\n|t:|1698948728\n|switch|p1a: Clodsire|Clodsire, F|100\/100\n|turn|4\n|\n|t:|1698948745\n|move|p2a: Volcarona|Fiery Dance|p1a: Clodsire\n|-damage|p1a: Clodsire|46\/100\n|move|p1a: Clodsire|Earthquake|p2a: Volcarona\n|-damage|p2a: Volcarona|60\/100\n|\n|-weather|SunnyDay|[upkeep]\n|-heal|p2a: Volcarona|66\/100|[from] item: Leftovers\n|upkeep\n|turn|5\n|\n|t:|1698948757\n|move|p2a: Volcarona|Fiery Dance|p1a: Clodsire\n|-damage|p1a: Clodsire|0 fnt\n|-boost|p2a: Volcarona|spa|1\n|faint|p1a: Clodsire\n|\n|-weather|none\n|-heal|p2a: Volcarona|73\/100|[from] item: Leftovers\n|upkeep\n|\n|t:|1698948767\n|switch|p1a: Koraidon|Koraidon|100\/100\n|-weather|SunnyDay|[from] ability: Orichalcum Pulse|[of] p1a: Koraidon\n|-activate|p1a: Koraidon|Orichalcum Pulse|[source]\n|turn|6\n|\n|t:|1698948776\n|-terastallize|p2a: Volcarona|Fairy\n|move|p2a: Volcarona|Tera Blast|p1a: Koraidon|[anim] Tera Blast Fairy\n|-supereffective|p1a: Koraidon\n|-damage|p1a: Koraidon|0 fnt\n|faint|p1a: Koraidon\n|\n|-weather|SunnyDay|[upkeep]\n|-heal|p2a: Volcarona|79\/100|[from] item: Leftovers\n|upkeep\n|\n|t:|1698948784\n|switch|p1a: Arceus|Arceus-Fairy|90\/100\n|turn|7\n|\n|t:|1698948788\n|move|p2a: Volcarona|Fiery Dance|p1a: Arceus\n|-damage|p1a: Arceus|4\/100\n|move|p1a: Arceus|Judgment|p2a: Volcarona\n|-crit|p2a: Volcarona\n|-damage|p2a: Volcarona|13\/100\n|\n|-weather|SunnyDay|[upkeep]\n|-heal|p2a: Volcarona|19\/100|[from] item: Leftovers\n|upkeep\n|turn|8\n|\n|t:|1698948800\n|-terastallize|p1a: Arceus|Poison\n|move|p2a: Volcarona|Fiery Dance|p1a: Arceus\n|-damage|p1a: Arceus|0 fnt\n|-boost|p2a: Volcarona|spa|1\n|faint|p1a: Arceus\n|\n|-weather|SunnyDay|[upkeep]\n|-heal|p2a: Volcarona|25\/100|[from] item: Leftovers\n|upkeep\n|\n|t:|1698948807\n|switch|p1a: Skeledirge|Skeledirge, F|100\/100\n|turn|9\n|\n|t:|1698948817\n|move|p2a: Volcarona|Bug Buzz|p1a: Skeledirge\n|-resisted|p1a: Skeledirge\n|-damage|p1a: Skeledirge|88\/100\n|move|p1a: Skeledirge|Torch Song|p2a: Volcarona\n|-damage|p2a: Volcarona|0 fnt\n|-boost|p1a: Skeledirge|spa|1\n|faint|p2a: Volcarona\n|\n|-weather|SunnyDay|[upkeep]\n|upkeep\n|\n|t:|1698948828\n|switch|p2a: Walking Wake|Walking Wake|100\/100\n|-activate|p2a: Walking Wake|ability: Protosynthesis\n|-start|p2a: Walking Wake|protosynthesisspa\n|turn|10\n|\n|t:|1698948842\n|switch|p1a: Giratina|Giratina-Origin|100\/100\n|move|p2a: Walking Wake|Hydro Steam|p1a: Giratina\n|-resisted|p1a: Giratina\n|-damage|p1a: Giratina|69\/100\n|-damage|p2a: Walking Wake|91\/100|[from] item: Life Orb\n|\n|-weather|none\n|-end|p2a: Walking Wake|Protosynthesis\n|upkeep\n|turn|11\n|\n|t:|1698948861\n|-end|p2a: Walking Wake|Protosynthesis|[silent]\n|switch|p2a: Cinderace|Cinderace, M|100\/100\n|move|p1a: Giratina|Earthquake|p2a: Cinderace\n|-supereffective|p2a: Cinderace\n|-damage|p2a: Cinderace|24\/100\n|\n|upkeep\n|turn|12\n|\n|t:|1698948874\n|move|p2a: Cinderace|Sucker Punch||[still]\n|-fail|p2a: Cinderace\n|move|p1a: Giratina|Defog|p2a: Cinderace\n|-unboost|p2a: Cinderace|evasion|1\n|\n|upkeep\n|turn|13\n|\n|t:|1698948882\n|move|p2a: Cinderace|Iron Head|p1a: Giratina\n|-start|p2a: Cinderace|typechange|Steel|[from] ability: Libero\n|-damage|p1a: Giratina|41\/100\n|cant|p1a: Giratina|flinch\n|\n|upkeep\n|turn|14\n|\n|t:|1698948889\n|switch|p1a: Skeledirge|Skeledirge, F|88\/100\n|move|p2a: Cinderace|Sucker Punch||[still]\n|-fail|p2a: Cinderace\n|\n|upkeep\n|turn|15\n|\n|t:|1698948897\n|move|p2a: Cinderace|Iron Head|p1a: Skeledirge\n|-resisted|p1a: Skeledirge\n|-damage|p1a: Skeledirge|73\/100\n|move|p1a: Skeledirge|Torch Song|p2a: Cinderace\n|-supereffective|p2a: Cinderace\n|-damage|p2a: Cinderace|0 fnt\n|-boost|p1a: Skeledirge|spa|1\n|faint|p2a: Cinderace\n|\n|upkeep\n|\n|t:|1698948913\n|switch|p2a: Koraidon|Koraidon|91\/100\n|-weather|SunnyDay|[from] ability: Orichalcum Pulse|[of] p2a: Koraidon\n|-activate|p2a: Koraidon|Orichalcum Pulse|[source]\n|turn|16\n|\n|t:|1698948923\n|move|p2a: Koraidon|U-turn|p1a: Skeledirge\n|-resisted|p1a: Skeledirge\n|-damage|p1a: Skeledirge|67\/100\n|-damage|p2a: Koraidon|81\/100|[from] item: Life Orb\n|\n|t:|1698948927\n|switch|p2a: Great Tusk|Great Tusk|100\/100|[from] U-turn\n|-activate|p2a: Great Tusk|ability: Protosynthesis\n|-start|p2a: Great Tusk|protosynthesisatk\n|move|p1a: Skeledirge|Hex|p2a: Great Tusk\n|-damage|p2a: Great Tusk|53\/100\n|\n|-weather|SunnyDay|[upkeep]\n|-heal|p2a: Great Tusk|60\/100|[from] item: Leftovers\n|upkeep\n|turn|17\n|\n|t:|1698948941\n|move|p2a: Great Tusk|Earthquake|p1a: Skeledirge\n|-supereffective|p1a: Skeledirge\n|-damage|p1a: Skeledirge|0 fnt\n|faint|p1a: Skeledirge\n|\n|-weather|SunnyDay|[upkeep]\n|-heal|p2a: Great Tusk|66\/100|[from] item: Leftovers\n|upkeep\n|\n|t:|1698948947\n|switch|p1a: Giratina|Giratina-Origin|41\/100\n|turn|18\n|\n|t:|1698948957\n|-end|p2a: Great Tusk|Protosynthesis|[silent]\n|switch|p2a: Walking Wake|Walking Wake|91\/100\n|-activate|p2a: Walking Wake|ability: Protosynthesis\n|-start|p2a: Walking Wake|protosynthesisspa\n|move|p1a: Giratina|Dragon Tail|p2a: Walking Wake\n|-supereffective|p2a: Walking Wake\n|-damage|p2a: Walking Wake|24\/100\n|-end|p2a: Walking Wake|Protosynthesis|[silent]\n|drag|p2a: Koraidon|Koraidon|81\/100\n|-activate|p2a: Koraidon|ability: Orichalcum Pulse\n|\n|-weather|SunnyDay|[upkeep]\n|upkeep\n|turn|19\n|\n|t:|1698948970\n|move|p2a: Koraidon|Dragon Claw|p1a: Giratina\n|-supereffective|p1a: Giratina\n|-damage|p1a: Giratina|0 fnt\n|faint|p1a: Giratina\n|-damage|p2a: Koraidon|71\/100|[from] item: Life Orb\n|\n|win|MonadoBoi24\n|raw|org_gengar's rating: 1040 &rarr; <strong>1024<\/strong><br \/>(-16 for losing)\n|raw|MonadoBoi24's rating: 1043 &rarr; <strong>1076<\/strong><br \/>(+33 for winning)\n|c|\u2606MonadoBoi24|Gg\n|c|\u2606org_gengar|gg\n","uploadtime":1698949000,"views":8,"p1id":"orggengar","p2id":"monadoboi24","formatid":"gen9ubers","rating":1024,"private":0,"password":""}