{"id":"gen9ubers-1975738447","p1":"fishyroads","p2":"yanein","format":"[Gen 9] Ubers","log":"|j|\u2606fishyroads\n|j|\u2606yanein\n|t:|1698232434\n|gametype|singles\n|player|p1|fishyroads|harlequin|\n|player|p2|yanein|cynthia-gen4|\n|teamsize|p1|6\n|teamsize|p2|6\n|gen|9\n|tier|[Gen 9] Ubers\n|rule|Sleep Clause Mod: Limit one foe put to sleep\n|rule|Species Clause: Limit one of each Pok\u00e9mon\n|rule|OHKO Clause: OHKO moves are banned\n|rule|Evasion Items Clause: Evasion items are banned\n|rule|Evasion Moves Clause: Evasion moves are banned\n|rule|Endless Battle Clause: Forcing endless battles is banned\n|rule|HP Percentage Mod: HP is shown in percentages\n|clearpoke\n|poke|p1|Houndstone, F|\n|poke|p1|Tyranitar, M|\n|poke|p1|Urshifu-*, F|\n|poke|p1|Cyclizar, F|\n|poke|p1|Arceus-Dark|\n|poke|p1|Shaymin-Sky|\n|poke|p2|Arceus-Fire|\n|poke|p2|Torkoal, F|\n|poke|p2|Magearna|\n|poke|p2|Walking Wake|\n|poke|p2|Chi-Yu|\n|poke|p2|Zacian-*|\n|teampreview\n|inactive|Battle timer is ON: inactive players will automatically lose when time's up. (requested by yanein)\n|c|\u2606fishyroads|hmmmmmm\n|\n|t:|1698232455\n|start\n|switch|p1a: Urshifu|Urshifu-Rapid-Strike, F|100\/100\n|switch|p2a: Magearna|Magearna|100\/100\n|turn|1\n|\n|t:|1698232465\n|move|p1a: Urshifu|U-turn|p2a: Magearna\n|-resisted|p2a: Magearna\n|-damage|p2a: Magearna|95\/100\n|\n|t:|1698232468\n|switch|p1a: Tyranitar|Tyranitar, M|100\/100|[from] U-turn\n|-weather|Sandstorm|[from] ability: Sand Stream|[of] p1a: Tyranitar\n|move|p2a: Magearna|Spikes|p1a: Tyranitar\n|-sidestart|p1: fishyroads|Spikes\n|\n|-weather|Sandstorm|[upkeep]\n|-heal|p2a: Magearna|100\/100|[from] item: Leftovers\n|upkeep\n|turn|2\n|\n|t:|1698232478\n|move|p2a: Magearna|Volt Switch|p1a: Tyranitar\n|-damage|p1a: Tyranitar|90\/100\n|\n|t:|1698232483\n|switch|p2a: Zacian|Zacian|100\/100|[from] Volt Switch\n|-ability|p2a: Zacian|Intrepid Sword|boost\n|-boost|p2a: Zacian|atk|1\n|move|p1a: Tyranitar|Stealth Rock|p2a: Zacian\n|-sidestart|p2: yanein|move: Stealth Rock\n|\n|-weather|Sandstorm|[upkeep]\n|-damage|p2a: Zacian|94\/100|[from] Sandstorm\n|upkeep\n|turn|3\n|\n|t:|1698232499\n|switch|p1a: Urshifu|Urshifu-Rapid-Strike, F|100\/100\n|-damage|p1a: Urshifu|88\/100|[from] Spikes\n|move|p2a: Zacian|Play Rough|p1a: Urshifu\n|-supereffective|p1a: Urshifu\n|-damage|p1a: Urshifu|0 fnt\n|faint|p1a: Urshifu\n|\n|-weather|Sandstorm|[upkeep]\n|-damage|p2a: Zacian|88\/100|[from] Sandstorm\n|upkeep\n|\n|t:|1698232504\n|switch|p1a: Palafin 2|Houndstone, F|100\/100\n|-damage|p1a: Palafin 2|88\/100|[from] Spikes\n|turn|4\n|inactive|yanein has 270 seconds left.\n|\n|t:|1698232543\n|-terastallize|p1a: Palafin 2|Ghost\n|move|p1a: Palafin 2|Last Respects|p2a: Zacian\n|-damage|p2a: Zacian|0 fnt\n|faint|p2a: Zacian\n|\n|-weather|Sandstorm|[upkeep]\n|upkeep\n|c|\u2606fishyroads|pretty strong move\n|\n|t:|1698232557\n|switch|p2a: Chi-Yu|Chi-Yu|100\/100\n|-damage|p2a: Chi-Yu|76\/100|[from] Stealth Rock\n|-ability|p2a: Chi-Yu|Beads of Ruin\n|turn|5\n|c|\u2606yanein|damn, only 1 ko and it kills rip\n|c|\u2606yanein|i tried to calc it but couldnt find how to change KO number\n|inactive|yanein has 240 seconds left.\n|\n|t:|1698232587\n|switch|p1a: Arceus-Ghost(fr)|Arceus-Dark|100\/100\n|-damage|p1a: Arceus-Ghost(fr)|88\/100|[from] Spikes\n|move|p2a: Chi-Yu|Dark Pulse|p1a: Arceus-Ghost(fr)\n|-resisted|p1a: Arceus-Ghost(fr)\n|-damage|p1a: Arceus-Ghost(fr)|70\/100\n|\n|-weather|Sandstorm|[upkeep]\n|-damage|p2a: Chi-Yu|70\/100|[from] Sandstorm\n|-damage|p1a: Arceus-Ghost(fr)|64\/100|[from] Sandstorm\n|upkeep\n|turn|6\n|\n|t:|1698232597\n|switch|p2a: Magearna|Magearna|100\/100\n|-damage|p2a: Magearna|94\/100|[from] Stealth Rock\n|move|p1a: Arceus-Ghost(fr)|Calm Mind|p1a: Arceus-Ghost(fr)\n|-boost|p1a: Arceus-Ghost(fr)|spa|1\n|-boost|p1a: Arceus-Ghost(fr)|spd|1\n|\n|-weather|Sandstorm|[upkeep]\n|-damage|p1a: Arceus-Ghost(fr)|58\/100|[from] Sandstorm\n|-heal|p2a: Magearna|100\/100|[from] item: Leftovers\n|upkeep\n|turn|7\n|inactive|yanein has 240 seconds left.\n|c|\u2606fishyroads|trust me, this is arceus ghost\n|\n|t:|1698232636\n|move|p1a: Arceus-Ghost(fr)|Recover|p1a: Arceus-Ghost(fr)\n|-heal|p1a: Arceus-Ghost(fr)|100\/100\n|move|p2a: Magearna|Fleur Cannon|p1a: Arceus-Ghost(fr)\n|-supereffective|p1a: Arceus-Ghost(fr)\n|-damage|p1a: Arceus-Ghost(fr)|38\/100\n|-unboost|p2a: Magearna|spa|2\n|\n|-weather|Sandstorm|[upkeep]\n|-damage|p1a: Arceus-Ghost(fr)|32\/100|[from] Sandstorm\n|upkeep\n|turn|8\n|c|\u2606fishyroads|you should change the bp of the move\n|\n|t:|1698232645\n|move|p1a: Arceus-Ghost(fr)|Recover|p1a: Arceus-Ghost(fr)\n|-heal|p1a: Arceus-Ghost(fr)|82\/100\n|move|p2a: Magearna|Fleur Cannon|p1a: Arceus-Ghost(fr)\n|-supereffective|p1a: Arceus-Ghost(fr)\n|-damage|p1a: Arceus-Ghost(fr)|50\/100\n|-unboost|p2a: Magearna|spa|2\n|\n|-weather|none\n|upkeep\n|turn|9\n|\n|t:|1698232656\n|switch|p2a: Walking Wake|Walking Wake|100\/100\n|-damage|p2a: Walking Wake|88\/100|[from] Stealth Rock\n|move|p1a: Arceus-Ghost(fr)|Calm Mind|p1a: Arceus-Ghost(fr)\n|-boost|p1a: Arceus-Ghost(fr)|spa|1\n|-boost|p1a: Arceus-Ghost(fr)|spd|1\n|\n|upkeep\n|turn|10\n|\n|t:|1698232672\n|move|p1a: Arceus-Ghost(fr)|Recover|p1a: Arceus-Ghost(fr)\n|-heal|p1a: Arceus-Ghost(fr)|99\/100\n|move|p2a: Walking Wake|Draco Meteor|p1a: Arceus-Ghost(fr)\n|-damage|p1a: Arceus-Ghost(fr)|66\/100\n|-unboost|p2a: Walking Wake|spa|2\n|\n|upkeep\n|turn|11\n|\n|t:|1698232679\n|-end|p2a: Walking Wake|Protosynthesis|[silent]\n|switch|p2a: Torkoal|Torkoal, F|100\/100\n|-damage|p2a: Torkoal|76\/100|[from] Stealth Rock\n|-weather|SunnyDay|[from] ability: Drought|[of] p2a: Torkoal\n|move|p1a: Arceus-Ghost(fr)|Calm Mind|p1a: Arceus-Ghost(fr)\n|-boost|p1a: Arceus-Ghost(fr)|spa|1\n|-boost|p1a: Arceus-Ghost(fr)|spd|1\n|\n|-weather|SunnyDay|[upkeep]\n|upkeep\n|turn|12\n|c|\u2606fishyroads|is this a laze team?\n|\n|t:|1698232688\n|move|p1a: Arceus-Ghost(fr)|Judgment|p2a: Torkoal\n|-damage|p2a: Torkoal|0 fnt\n|faint|p2a: Torkoal\n|\n|-weather|SunnyDay|[upkeep]\n|upkeep\n|\n|t:|1698232694\n|switch|p2a: Arceus|Arceus-Fire|100\/100\n|-damage|p2a: Arceus|76\/100|[from] Stealth Rock\n|turn|13\n|\n|t:|1698232700\n|move|p1a: Arceus-Ghost(fr)|Judgment|p2a: Arceus\n|-damage|p2a: Arceus|0 fnt\n|faint|p2a: Arceus\n|\n|-weather|SunnyDay|[upkeep]\n|upkeep\n|c|\u2606fishyroads|no phaze no haze\n|\n|t:|1698232711\n|switch|p2a: Magearna|Magearna|100\/100\n|-damage|p2a: Magearna|94\/100|[from] Stealth Rock\n|turn|14\n|c|\u2606yanein|yeah, kinda winged\n|\n|t:|1698232725\n|move|p1a: Arceus-Ghost(fr)|Recover|p1a: Arceus-Ghost(fr)\n|-heal|p1a: Arceus-Ghost(fr)|100\/100\n|move|p2a: Magearna|Fleur Cannon|p1a: Arceus-Ghost(fr)|[miss]\n|-miss|p2a: Magearna|p1a: Arceus-Ghost(fr)\n|\n|-weather|SunnyDay|[upkeep]\n|-heal|p2a: Magearna|100\/100|[from] item: Leftovers\n|upkeep\n|turn|15\n|c|\u2606fishyroads|yea you seem to not have played much\n|c|\u2606yanein|used to have dialga for it but its kinda passive\n|\n|t:|1698232748\n|move|p1a: Arceus-Ghost(fr)|Calm Mind|p1a: Arceus-Ghost(fr)\n|-boost|p1a: Arceus-Ghost(fr)|spa|1\n|-boost|p1a: Arceus-Ghost(fr)|spd|1\n|move|p2a: Magearna|Volt Switch|p1a: Arceus-Ghost(fr)\n|-damage|p1a: Arceus-Ghost(fr)|95\/100\n|c|\u2606yanein|ggs\n|c|\u2606fishyroads|gg\n|c|\u2606fishyroads|its a bo3\n|-message|yanein forfeited.\n|\n|win|fishyroads\n","uploadtime":1698232765,"views":33,"p1id":"fishyroads","p2id":"yanein","formatid":"gen9ubers","rating":0,"private":0,"password":""}