{"id":"gen9ubers-1993218432","p1":"mrg93","p2":"Ups1deD0wnSyndrome","format":"[Gen 9] Ubers","log":"|j|\u2606mrg93\n|j|\u2606Ups1deD0wnSyndrome\n|t:|1700279575\n|gametype|singles\n|player|p1|mrg93|266|\n|player|p2|Ups1deD0wnSyndrome|101|\n|teamsize|p1|6\n|teamsize|p2|6\n|gen|9\n|tier|[Gen 9] Ubers\n|rule|Sleep Clause Mod: Limit one foe put to sleep\n|rule|Species Clause: Limit one of each Pok\u00e9mon\n|rule|OHKO Clause: OHKO moves are banned\n|rule|Evasion Items Clause: Evasion items are banned\n|rule|Evasion Moves Clause: Evasion moves are banned\n|rule|Endless Battle Clause: Forcing endless battles is banned\n|rule|HP Percentage Mod: HP is shown in percentages\n|clearpoke\n|poke|p1|Mew|\n|poke|p1|Mimikyu, M|\n|poke|p1|Ursaluna-Bloodmoon, M|\n|poke|p1|Goodra-Hisui, F|\n|poke|p1|Coalossal, F|\n|poke|p1|Dondozo, M|\n|poke|p2|Zapdos-Galar|\n|poke|p2|Samurott-Hisui, F|\n|poke|p2|Heracross, M|\n|poke|p2|Hydreigon, M|\n|poke|p2|Jirachi|\n|poke|p2|Dusclops, M|\n|teampreview\n|\n|t:|1700279602\n|start\n|switch|p1a: Mimikyu|Mimikyu, M, shiny|100\/100\n|switch|p2a: Jirachi|Jirachi|100\/100\n|turn|1\n|\n|t:|1700279612\n|move|p2a: Jirachi|Iron Head|p1a: Mimikyu\n|-activate|p1a: Mimikyu|ability: Disguise\n|-damage|p1a: Mimikyu|100\/100\n|detailschange|p1a: Mimikyu|Mimikyu-Busted, M, shiny\n|-damage|p1a: Mimikyu|88\/100|[from] pokemon: Mimikyu-Busted\n|cant|p1a: Mimikyu|flinch\n|\n|upkeep\n|turn|2\n|\n|t:|1700279622\n|move|p1a: Mimikyu|Shadow Sneak|p2a: Jirachi\n|-supereffective|p2a: Jirachi\n|-damage|p2a: Jirachi|54\/100\n|-damage|p1a: Mimikyu|78\/100|[from] item: Life Orb\n|move|p2a: Jirachi|Iron Head|p1a: Mimikyu\n|-supereffective|p1a: Mimikyu\n|-damage|p1a: Mimikyu|0 fnt\n|faint|p1a: Mimikyu\n|\n|upkeep\n|\n|t:|1700279665\n|switch|p1a: Ursaluna|Ursaluna-Bloodmoon, M|100\/100\n|turn|3\n|\n|t:|1700279682\n|move|p2a: Jirachi|Iron Head|p1a: Ursaluna\n|-damage|p1a: Ursaluna|77\/100\n|move|p1a: Ursaluna|Calm Mind|p1a: Ursaluna\n|-boost|p1a: Ursaluna|spa|1\n|-boost|p1a: Ursaluna|spd|1\n|\n|-heal|p1a: Ursaluna|83\/100|[from] item: Leftovers\n|upkeep\n|turn|4\n|\n|t:|1700279696\n|move|p2a: Jirachi|Iron Head|p1a: Ursaluna\n|-damage|p1a: Ursaluna|60\/100\n|cant|p1a: Ursaluna|flinch\n|\n|-heal|p1a: Ursaluna|66\/100|[from] item: Leftovers\n|upkeep\n|turn|5\n|\n|t:|1700279722\n|move|p2a: Jirachi|Iron Head|p1a: Ursaluna\n|-damage|p1a: Ursaluna|43\/100\n|move|p1a: Ursaluna|Earth Power|p2a: Jirachi\n|-supereffective|p2a: Jirachi\n|-damage|p2a: Jirachi|0 fnt\n|faint|p2a: Jirachi\n|\n|-heal|p1a: Ursaluna|49\/100|[from] item: Leftovers\n|upkeep\n|\n|t:|1700279745\n|switch|p2a: Zapdos|Zapdos-Galar|100\/100\n|turn|6\n|\n|t:|1700279750\n|move|p2a: Zapdos|Thunderous Kick|p1a: Ursaluna\n|-supereffective|p1a: Ursaluna\n|-damage|p1a: Ursaluna|0 fnt\n|faint|p1a: Ursaluna\n|\n|upkeep\n|\n|t:|1700279766\n|switch|p1a: Mew|Mew, shiny|100\/100\n|turn|7\n|\n|t:|1700279770\n|switch|p2a: Samurott|Samurott-Hisui, F|100\/100\n|move|p1a: Mew|Toxic|p2a: Samurott\n|-status|p2a: Samurott|tox\n|\n|-damage|p2a: Samurott|94\/100 tox|[from] psn\n|upkeep\n|turn|8\n|\n|t:|1700279782\n|move|p1a: Mew|Dragon Dance|p1a: Mew\n|-boost|p1a: Mew|atk|1\n|-boost|p1a: Mew|spe|1\n|move|p2a: Samurott|Ceaseless Edge|p1a: Mew\n|-supereffective|p1a: Mew\n|-damage|p1a: Mew|11\/100\n|-sidestart|p1: mrg93|Spikes\n|\n|-heal|p1a: Mew|17\/100|[from] item: Leftovers\n|-damage|p2a: Samurott|82\/100 tox|[from] psn\n|upkeep\n|turn|9\n|\n|t:|1700279793\n|move|p1a: Mew|Psychic Fangs|p2a: Samurott\n|-immune|p2a: Samurott\n|move|p2a: Samurott|Ceaseless Edge|p1a: Mew\n|-supereffective|p1a: Mew\n|-damage|p1a: Mew|0 fnt\n|-sidestart|p1: mrg93|Spikes\n|faint|p1a: Mew\n|\n|-damage|p2a: Samurott|63\/100 tox|[from] psn\n|upkeep\n|\n|t:|1700279804\n|switch|p1a: Coalossal|Coalossal, F|100\/100\n|-damage|p1a: Coalossal|84\/100|[from] Spikes\n|turn|10\n|\n|t:|1700279812\n|-terastallize|p1a: Coalossal|Water\n|move|p2a: Samurott|Aqua Cutter|p1a: Coalossal\n|-resisted|p1a: Coalossal\n|-damage|p1a: Coalossal|72\/100\n|-ability|p1a: Coalossal|Steam Engine|boost\n|-boost|p1a: Coalossal|spe|6\n|move|p1a: Coalossal|Stealth Rock|p2a: Samurott\n|-sidestart|p2: Ups1deD0wnSyndrome|move: Stealth Rock\n|\n|-damage|p2a: Samurott|38\/100 tox|[from] psn\n|upkeep\n|turn|11\n|\n|t:|1700279827\n|move|p1a: Coalossal|Rock Slide|p2a: Samurott\n|-damage|p2a: Samurott|10\/100 tox\n|cant|p2a: Samurott|flinch\n|\n|-damage|p2a: Samurott|0 fnt|[from] psn\n|faint|p2a: Samurott\n|upkeep\n|\n|t:|1700279844\n|switch|p2a: Dusclops|Dusclops, M|100\/100\n|-damage|p2a: Dusclops|88\/100|[from] Stealth Rock\n|-ability|p2a: Dusclops|Pressure\n|turn|12\n|\n|t:|1700279855\n|move|p1a: Coalossal|Heat Crash|p2a: Dusclops\n|-damage|p2a: Dusclops|66\/100\n|move|p2a: Dusclops|Will-O-Wisp|p1a: Coalossal\n|-status|p1a: Coalossal|brn\n|\n|-damage|p1a: Coalossal|66\/100 brn|[from] brn\n|upkeep\n|turn|13\n|\n|t:|1700279869\n|move|p1a: Coalossal|Rock Slide|p2a: Dusclops\n|-damage|p2a: Dusclops|60\/100\n|move|p2a: Dusclops|Hex|p1a: Coalossal\n|-damage|p1a: Coalossal|38\/100 brn\n|\n|-damage|p1a: Coalossal|32\/100 brn|[from] brn\n|upkeep\n|turn|14\n|\n|t:|1700279883\n|move|p1a: Coalossal|Heat Crash|p2a: Dusclops\n|-damage|p2a: Dusclops|49\/100\n|move|p2a: Dusclops|Night Shade|p1a: Coalossal\n|-damage|p1a: Coalossal|9\/100 brn\n|\n|-damage|p1a: Coalossal|2\/100 brn|[from] brn\n|upkeep\n|turn|15\n|\n|t:|1700279905\n|switch|p2a: Hydreigon|Hydreigon, M|100\/100\n|-damage|p2a: Hydreigon|88\/100|[from] Stealth Rock\n|move|p1a: Coalossal|Heat Crash|p2a: Hydreigon\n|-resisted|p2a: Hydreigon\n|-damage|p2a: Hydreigon|85\/100\n|\n|-heal|p2a: Hydreigon|91\/100|[from] item: Leftovers\n|-damage|p1a: Coalossal|0 fnt|[from] brn\n|faint|p1a: Coalossal\n|upkeep\n|\n|t:|1700279925\n|switch|p1a: Dondozo|Dondozo, M|100\/100\n|-damage|p1a: Dondozo|84\/100|[from] Spikes\n|turn|16\n|\n|t:|1700279938\n|-terastallize|p2a: Hydreigon|Electric\n|move|p2a: Hydreigon|Tera Blast|p1a: Dondozo|[anim] Tera Blast Electric\n|-supereffective|p1a: Dondozo\n|-damage|p1a: Dondozo|4\/100\n|move|p1a: Dondozo|Yawn|p2a: Hydreigon\n|-start|p2a: Hydreigon|move: Yawn|[of] p1a: Dondozo\n|\n|-heal|p2a: Hydreigon|97\/100|[from] item: Leftovers\n|-heal|p1a: Dondozo|10\/100|[from] item: Leftovers\n|upkeep\n|turn|17\n|\n|t:|1700279952\n|move|p2a: Hydreigon|Tera Blast|p1a: Dondozo|[anim] Tera Blast Electric\n|-supereffective|p1a: Dondozo\n|-damage|p1a: Dondozo|0 fnt\n|faint|p1a: Dondozo\n|\n|-heal|p2a: Hydreigon|100\/100|[from] item: Leftovers\n|-end|p2a: Hydreigon|move: Yawn|[silent]\n|-status|p2a: Hydreigon|slp\n|upkeep\n|\n|t:|1700279960\n|switch|p1a: Goodra|Goodra-Hisui, F|100\/100\n|-damage|p1a: Goodra|84\/100|[from] Spikes\n|turn|18\n|\n|t:|1700279973\n|cant|p2a: Hydreigon|slp\n|move|p1a: Goodra|Sludge Bomb|p2a: Hydreigon\n|-damage|p2a: Hydreigon|47\/100 slp\n|\n|-heal|p2a: Hydreigon|53\/100 slp|[from] item: Leftovers\n|upkeep\n|turn|19\n|\n|t:|1700279982\n|-curestatus|p2a: Hydreigon|slp|[msg]\n|move|p2a: Hydreigon|Earth Power|p1a: Goodra\n|-supereffective|p1a: Goodra\n|-damage|p1a: Goodra|41\/100\n|move|p1a: Goodra|Sludge Bomb|p2a: Hydreigon\n|-damage|p2a: Hydreigon|0 fnt\n|faint|p2a: Hydreigon\n|\n|upkeep\n|\n|t:|1700279993\n|switch|p2a: Zapdos|Zapdos-Galar|100\/100\n|-damage|p2a: Zapdos|88\/100|[from] Stealth Rock\n|turn|20\n|\n|t:|1700279999\n|move|p2a: Zapdos|Thunderous Kick|p1a: Goodra\n|-supereffective|p1a: Goodra\n|-damage|p1a: Goodra|0 fnt\n|-ability|p1a: Goodra|Gooey\n|-unboost|p2a: Zapdos|spe|1\n|-ability|p2a: Zapdos|Defiant|boost\n|-boost|p2a: Zapdos|atk|2\n|faint|p1a: Goodra\n|\n|win|Ups1deD0wnSyndrome\n","uploadtime":1700280011,"views":36,"p1id":"mrg93","p2id":"ups1ded0wnsyndrome","formatid":"gen9ubers","rating":0,"private":0,"password":""}