{"id":"gen9ubers-1984613806","p1":"F-00_MC","p2":"hannah_xyz","format":"[Gen 9] Ubers","log":"|j|\u2606F-00_MC\n|j|\u2606hannah_xyz\n|t:|1699284703\n|gametype|singles\n|player|p1|F-00_MC|hilbert|\n|player|p2|hannah_xyz|caitlin|\n|teamsize|p1|6\n|teamsize|p2|6\n|gen|9\n|tier|[Gen 9] Ubers\n|rule|Sleep Clause Mod: Limit one foe put to sleep\n|rule|Species Clause: Limit one of each Pok\u00e9mon\n|rule|OHKO Clause: OHKO moves are banned\n|rule|Evasion Items Clause: Evasion items are banned\n|rule|Evasion Moves Clause: Evasion moves are banned\n|rule|Endless Battle Clause: Forcing endless battles is banned\n|rule|HP Percentage Mod: HP is shown in percentages\n|clearpoke\n|poke|p1|Pelipper, M|\n|poke|p1|Palafin, M|\n|poke|p1|Magearna|\n|poke|p1|Arceus-Poison|\n|poke|p1|Dialga|\n|poke|p1|Palkia-Origin|\n|poke|p2|Tyranitar, F|\n|poke|p2|Hippowdon, M|\n|poke|p2|Landorus, M|\n|poke|p2|Houndstone, F|\n|poke|p2|Ursaluna-Bloodmoon, M|\n|poke|p2|Lycanroc, M|\n|teampreview\n|inactive|Battle timer is ON: inactive players will automatically lose when time's up. (requested by F-00_MC)\n|\n|t:|1699284728\n|start\n|switch|p1a: Palafin|Palafin, M, shiny|100\/100\n|switch|p2a: 7.5|Tyranitar, F|100\/100\n|-weather|Sandstorm|[from] ability: Sand Stream|[of] p2a: 7.5\n|turn|1\n|\n|t:|1699284738\n|move|p1a: Palafin|Close Combat|p2a: 7.5\n|-supereffective|p2a: 7.5\n|-damage|p2a: 7.5|0 fnt\n|-unboost|p1a: Palafin|def|1\n|-unboost|p1a: Palafin|spd|1\n|faint|p2a: 7.5\n|\n|-weather|Sandstorm|[upkeep]\n|-damage|p1a: Palafin|94\/100|[from] Sandstorm\n|upkeep\n|\n|t:|1699284746\n|switch|p2a: 1.95|Lycanroc, M|100\/100\n|turn|2\n|\n|t:|1699284761\n|detailschange|p1a: Palafin|Palafin-Hero, M, shiny\n|switch|p1a: Pelipper|Pelipper, M|100\/100\n|-weather|RainDance|[from] ability: Drizzle|[of] p1a: Pelipper\n|move|p2a: 1.95|Close Combat|p1a: Pelipper\n|-resisted|p1a: Pelipper\n|-damage|p1a: Pelipper|80\/100\n|-unboost|p2a: 1.95|def|1\n|-unboost|p2a: 1.95|spd|1\n|-damage|p2a: 1.95|91\/100|[from] item: Life Orb\n|\n|-weather|RainDance|[upkeep]\n|upkeep\n|turn|3\n|\n|t:|1699284779\n|move|p2a: 1.95|Accelerock|p1a: Pelipper\n|-supereffective|p1a: Pelipper\n|-damage|p1a: Pelipper|36\/100\n|-damage|p2a: 1.95|81\/100|[from] item: Life Orb\n|move|p1a: Pelipper|Surf|p2a: 1.95\n|-supereffective|p2a: 1.95\n|-damage|p2a: 1.95|0 fnt\n|faint|p2a: 1.95\n|\n|-weather|RainDance|[upkeep]\n|upkeep\n|\n|t:|1699284784\n|switch|p2a: 10.14|Landorus, M|100\/100\n|turn|4\n|\n|t:|1699284806\n|switch|p1a: Palkia|Palkia-Origin|100\/100\n|-ability|p1a: Palkia|Pressure\n|-terastallize|p2a: 10.14|Flying\n|move|p2a: 10.14|Tera Blast|p1a: Palkia|[anim] Tera Blast Flying\n|-damage|p1a: Palkia|42\/100\n|-damage|p2a: 10.14|91\/100|[from] item: Life Orb\n|\n|-weather|RainDance|[upkeep]\n|upkeep\n|turn|5\n|\n|t:|1699284821\n|move|p1a: Palkia|Surf|p2a: 10.14\n|-damage|p2a: 10.14|0 fnt\n|faint|p2a: 10.14\n|\n|-weather|RainDance|[upkeep]\n|upkeep\n|\n|t:|1699284825\n|switch|p2a: 1.5|Hippowdon, M|100\/100\n|-weather|Sandstorm|[from] ability: Sand Stream|[of] p2a: 1.5\n|turn|6\n|\n|t:|1699284828\n|move|p1a: Palkia|Surf|p2a: 1.5\n|-supereffective|p2a: 1.5\n|-damage|p2a: 1.5|0 fnt\n|faint|p2a: 1.5\n|\n|-weather|Sandstorm|[upkeep]\n|-damage|p1a: Palkia|36\/100|[from] Sandstorm\n|upkeep\n|\n|t:|1699284834\n|switch|p2a: 9|Houndstone, F|100\/100\n|turn|7\n|\n|t:|1699284853\n|move|p2a: 9|Last Respects|p1a: Palkia\n|-damage|p1a: Palkia|0 fnt\n|faint|p1a: Palkia\n|\n|-weather|Sandstorm|[upkeep]\n|upkeep\n|\n|t:|1699284855\n|switch|p1a: Pelipper|Pelipper, M|36\/100\n|-weather|RainDance|[from] ability: Drizzle|[of] p1a: Pelipper\n|turn|8\n|\n|t:|1699284874\n|move|p2a: 9|Last Respects|p1a: Pelipper\n|-damage|p1a: Pelipper|0 fnt\n|faint|p1a: Pelipper\n|\n|-weather|RainDance|[upkeep]\n|upkeep\n|\n|t:|1699284878\n|switch|p1a: Palafin|Palafin-Hero, M, shiny|94\/100\n|-activate|p1a: Palafin|ability: Zero to Hero\n|turn|9\n|\n|t:|1699284890\n|-terastallize|p1a: Palafin|Water\n|move|p1a: Palafin|Jet Punch|p2a: 9\n|-damage|p2a: 9|0 fnt\n|faint|p2a: 9\n|\n|-weather|RainDance|[upkeep]\n|upkeep\n|\n|t:|1699284893\n|switch|p2a: 6|Ursaluna-Bloodmoon, M|100\/100\n|turn|10\n|c|\u2606hannah_xyz|gg\n|\n|t:|1699284896\n|move|p1a: Palafin|Jet Punch|p2a: 6\n|-supereffective|p2a: 6\n|-damage|p2a: 6|0 fnt\n|faint|p2a: 6\n|\n|win|F-00_MC\n|l|\u2606hannah_xyz\n|c|\u2606F-00_MC|gg 2 - 1\n","uploadtime":1699284902,"views":41,"p1id":"f00mc","p2id":"hannahxyz","formatid":"gen9ubers","rating":0,"private":0,"password":""}