{"id":"gen9ubers-1989239284","p1":"bsball8806","p2":"dwagonhunter","format":"[Gen 9] Ubers","log":"|j|\u2606bsball8806\n|j|\u2606dwagonhunter\n|t:|1699826834\n|gametype|singles\n|player|p1|bsball8806|marlon|\n|player|p2|dwagonhunter|lance|\n|teamsize|p1|6\n|teamsize|p2|6\n|gen|9\n|tier|[Gen 9] Ubers\n|rule|Sleep Clause Mod: Limit one foe put to sleep\n|rule|Species Clause: Limit one of each Pok\u00e9mon\n|rule|OHKO Clause: OHKO moves are banned\n|rule|Evasion Items Clause: Evasion items are banned\n|rule|Evasion Moves Clause: Evasion moves are banned\n|rule|Endless Battle Clause: Forcing endless battles is banned\n|rule|HP Percentage Mod: HP is shown in percentages\n|clearpoke\n|poke|p1|Dragapult, F|\n|poke|p1|Cinderace, F|\n|poke|p1|Zarude|\n|poke|p1|Fezandipiti, M|\n|poke|p1|Corviknight, F|\n|poke|p1|Quagsire, F|\n|poke|p2|Avalugg-Hisui, M|\n|poke|p2|Ursaluna-Bloodmoon, M|\n|poke|p2|Torterra, M|\n|poke|p2|Alomomola, M|\n|poke|p2|Arcanine-Hisui, F|\n|poke|p2|Bronzong|\n|teampreview\n|j| zLayton\n|\n|t:|1699826857\n|start\n|switch|p1a: Fezandipiti|Fezandipiti, M|100\/100\n|switch|p2a: Torterra|Torterra, M|100\/100\n|turn|1\n|\n|t:|1699826864\n|move|p1a: Fezandipiti|Taunt|p2a: Torterra\n|-start|p2a: Torterra|move: Taunt\n|move|p2a: Torterra|Earthquake|p1a: Fezandipiti\n|-supereffective|p1a: Fezandipiti\n|-damage|p1a: Fezandipiti|4\/100\n|\n|-heal|p1a: Fezandipiti|10\/100|[from] item: Leftovers\n|upkeep\n|turn|2\n|\n|t:|1699826886\n|switch|p1a: Corviknight|Corviknight, F|100\/100\n|-ability|p1a: Corviknight|Pressure\n|move|p2a: Torterra|Rock Blast|p1a: Corviknight\n|-damage|p1a: Corviknight|94\/100\n|-damage|p1a: Corviknight|86\/100\n|-damage|p1a: Corviknight|79\/100\n|-damage|p1a: Corviknight|73\/100\n|-damage|p1a: Corviknight|66\/100\n|-hitcount|p1a: Corviknight|5\n|\n|-heal|p1a: Corviknight|72\/100|[from] item: Leftovers\n|upkeep\n|turn|3\n|\n|t:|1699826897\n|move|p1a: Corviknight|U-turn|p2a: Torterra\n|-supereffective|p2a: Torterra\n|-damage|p2a: Torterra|72\/100\n|\n|t:|1699826916\n|switch|p1a: Fezandipiti|Fezandipiti, M|10\/100|[from] U-turn\n|move|p2a: Torterra|Rock Blast|p1a: Fezandipiti\n|-damage|p1a: Fezandipiti|1\/100\n|-damage|p1a: Fezandipiti|0 fnt\n|faint|p1a: Fezandipiti\n|-hitcount|p1: Fezandipiti|2\n|\n|-end|p2a: Torterra|move: Taunt\n|upkeep\n|\n|t:|1699826948\n|switch|p1a: Cinderace|Cinderace, F|100\/100\n|turn|4\n|\n|t:|1699826966\n|switch|p2a: Alomomola|Alomomola, M|100\/100\n|move|p1a: Cinderace|Pyro Ball|p2a: Alomomola\n|-resisted|p2a: Alomomola\n|-damage|p2a: Alomomola|84\/100\n|\n|upkeep\n|turn|5\n|\n|t:|1699826996\n|switch|p1a: Dragapult|Dragapult, F|100\/100\n|switch|p2a: Ursaluna|Ursaluna-Bloodmoon, M|100\/100\n|\n|upkeep\n|turn|6\n|\n|t:|1699827012\n|switch|p2a: Bronzong|Bronzong|100\/100\n|move|p1a: Dragapult|Hydro Pump|p2a: Bronzong\n|-damage|p2a: Bronzong|65\/100\n|\n|upkeep\n|turn|7\n|\n|t:|1699827020\n|switch|p1a: Quagsire|Quagsire, F|100\/100\n|move|p2a: Bronzong|Light Screen|p2a: Bronzong\n|-sidestart|p2: dwagonhunter|move: Light Screen\n|\n|upkeep\n|turn|8\n|\n|t:|1699827036\n|switch|p1a: Corviknight|Corviknight, F|72\/100\n|-ability|p1a: Corviknight|Pressure\n|move|p2a: Bronzong|Reflect|p2a: Bronzong\n|-sidestart|p2: dwagonhunter|Reflect\n|\n|-heal|p1a: Corviknight|78\/100|[from] item: Leftovers\n|upkeep\n|turn|9\n|\n|t:|1699827053\n|switch|p2a: Arcanine|Arcanine-Hisui, F|100\/100\n|move|p1a: Corviknight|Taunt|p2a: Arcanine\n|-start|p2a: Arcanine|move: Taunt\n|\n|-heal|p1a: Corviknight|84\/100|[from] item: Leftovers\n|upkeep\n|turn|10\n|\n|t:|1699827057\n|switch|p1a: Quagsire|Quagsire, F|100\/100\n|move|p2a: Arcanine|Flare Blitz|p1a: Quagsire\n|-resisted|p1a: Quagsire\n|-damage|p1a: Quagsire|80\/100\n|-status|p1a: Quagsire|brn\n|\n|-heal|p1a: Quagsire|86\/100 brn|[from] item: Leftovers\n|-damage|p1a: Quagsire|80\/100 brn|[from] brn\n|upkeep\n|turn|11\n|\n|t:|1699827083\n|switch|p2a: Torterra|Torterra, M|72\/100\n|move|p1a: Quagsire|Spikes|p2a: Torterra\n|-sidestart|p2: dwagonhunter|Spikes\n|\n|-heal|p1a: Quagsire|86\/100 brn|[from] item: Leftovers\n|-damage|p1a: Quagsire|80\/100 brn|[from] brn\n|upkeep\n|turn|12\n|j| TheJuicyJake\n|\n|t:|1699827166\n|switch|p1a: Corviknight|Corviknight, F|84\/100\n|-ability|p1a: Corviknight|Pressure\n|move|p2a: Torterra|Shell Smash|p2a: Torterra\n|-unboost|p2a: Torterra|def|1\n|-unboost|p2a: Torterra|spd|1\n|-boost|p2a: Torterra|atk|2\n|-boost|p2a: Torterra|spa|2\n|-boost|p2a: Torterra|spe|2\n|\n|-heal|p1a: Corviknight|91\/100|[from] item: Leftovers\n|upkeep\n|turn|13\n|\n|t:|1699827176\n|move|p2a: Torterra|Shell Smash|p2a: Torterra\n|-unboost|p2a: Torterra|def|1\n|-unboost|p2a: Torterra|spd|1\n|-boost|p2a: Torterra|atk|2\n|-boost|p2a: Torterra|spa|2\n|-boost|p2a: Torterra|spe|2\n|move|p1a: Corviknight|U-turn|p2a: Torterra\n|-supereffective|p2a: Torterra\n|-damage|p2a: Torterra|43\/100\n|\n|t:|1699827196\n|switch|p1a: Zarude|Zarude|100\/100|[from] U-turn\n|\n|upkeep\n|turn|14\n|\n|t:|1699827223\n|move|p2a: Torterra|Earthquake|p1a: Zarude\n|-resisted|p1a: Zarude\n|-damage|p1a: Zarude|27\/100\n|move|p1a: Zarude|Knock Off|p2a: Torterra\n|-damage|p2a: Torterra|0 fnt\n|-enditem|p2a: Torterra|Loaded Dice|[from] move: Knock Off|[of] p1a: Zarude\n|faint|p2a: Torterra\n|\n|-sideend|p2: dwagonhunter|move: Light Screen\n|upkeep\n|c| zLayton|lol\n|c| zLayton|rock blast didn't kill?\n|c|\u2606dwagonhunter|i didnt wanna miss it like last game\n|\n|t:|1699827270\n|switch|p2a: Arcanine|Arcanine-Hisui, F|100\/100\n|-damage|p2a: Arcanine|88\/100|[from] Spikes\n|turn|15\n|\n|t:|1699827276\n|switch|p1a: Quagsire|Quagsire, F|80\/100 brn\n|move|p2a: Arcanine|Head Smash|p1a: Quagsire\n|-resisted|p1a: Quagsire\n|-damage|p1a: Quagsire|56\/100 brn\n|\n|-heal|p1a: Quagsire|62\/100 brn|[from] item: Leftovers\n|-damage|p1a: Quagsire|56\/100 brn|[from] brn\n|-sideend|p2: dwagonhunter|Reflect\n|upkeep\n|turn|16\n|c| zLayton|fair\n|\n|t:|1699827287\n|switch|p2a: Ursaluna|Ursaluna-Bloodmoon, M|100\/100\n|-damage|p2a: Ursaluna|88\/100|[from] Spikes\n|move|p1a: Quagsire|Surf|p2a: Ursaluna\n|-supereffective|p2a: Ursaluna\n|-damage|p2a: Ursaluna|46\/100\n|\n|-heal|p2a: Ursaluna|52\/100|[from] item: Leftovers\n|-heal|p1a: Quagsire|62\/100 brn|[from] item: Leftovers\n|-damage|p1a: Quagsire|56\/100 brn|[from] brn\n|upkeep\n|turn|17\n|\n|t:|1699827350\n|switch|p1a: Cinderace|Cinderace, F|100\/100\n|move|p2a: Ursaluna|Blood Moon|p1a: Cinderace\n|-damage|p1a: Cinderace|0 fnt\n|faint|p1a: Cinderace\n|\n|-heal|p2a: Ursaluna|58\/100|[from] item: Leftovers\n|upkeep\n|l| TheJuicyJake\n|\n|t:|1699827370\n|switch|p1a: Dragapult|Dragapult, F|100\/100\n|turn|18\n|\n|t:|1699827379\n|switch|p2a: Alomomola|Alomomola, M|100\/100\n|-damage|p2a: Alomomola|88\/100|[from] Spikes\n|move|p1a: Dragapult|U-turn|p2a: Alomomola\n|-damage|p2a: Alomomola|79\/100\n|-damage|p1a: Dragapult|84\/100|[from] item: Rocky Helmet|[of] p2a: Alomomola\n|j| TheJuicyJake\n|\n|t:|1699827453\n|switch|p1a: Corviknight|Corviknight, F|91\/100|[from] U-turn\n|-ability|p1a: Corviknight|Pressure\n|\n|-heal|p1a: Corviknight|97\/100|[from] item: Leftovers\n|upkeep\n|turn|19\n|\n|t:|1699827476\n|move|p1a: Corviknight|Taunt|p2a: Alomomola\n|-start|p2a: Alomomola|move: Taunt\n|move|p2a: Alomomola|Flip Turn|p1a: Corviknight\n|-damage|p1a: Corviknight|83\/100\n|\n|t:|1699827481\n|switch|p2a: Avalugg|Avalugg-Hisui, M, shiny|100\/100|[from] Flip Turn\n|\n|-heal|p1a: Corviknight|90\/100|[from] item: Leftovers\n|upkeep\n|turn|20\n|\n|t:|1699827502\n|switch|p1a: Dragapult|Dragapult, F|84\/100\n|move|p2a: Avalugg|Rapid Spin|p1a: Dragapult\n|-immune|p1a: Dragapult\n|\n|upkeep\n|turn|21\n|\n|t:|1699827520\n|switch|p2a: Alomomola|Alomomola, M|100\/100\n|-damage|p2a: Alomomola|88\/100|[from] Spikes\n|move|p1a: Dragapult|U-turn|p2a: Alomomola\n|-damage|p2a: Alomomola|78\/100\n|-damage|p1a: Dragapult|68\/100|[from] item: Rocky Helmet|[of] p2a: Alomomola\n|\n|t:|1699827533\n|switch|p1a: Quagsire|Quagsire, F|56\/100 brn|[from] U-turn\n|\n|-heal|p1a: Quagsire|62\/100 brn|[from] item: Leftovers\n|-damage|p1a: Quagsire|56\/100 brn|[from] brn\n|upkeep\n|turn|22\n|\n|t:|1699827565\n|move|p2a: Alomomola|Wish|p2a: Alomomola\n|move|p1a: Quagsire|Surf|p2a: Alomomola\n|-resisted|p2a: Alomomola\n|-damage|p2a: Alomomola|68\/100\n|\n|-heal|p1a: Quagsire|62\/100 brn|[from] item: Leftovers\n|-damage|p1a: Quagsire|56\/100 brn|[from] brn\n|upkeep\n|turn|23\n|\n|t:|1699827580\n|switch|p2a: Bronzong|Bronzong|65\/100\n|move|p1a: Quagsire|Recover|p1a: Quagsire\n|-heal|p1a: Quagsire|100\/100 brn\n|\n|-heal|p2a: Bronzong|100\/100|[from] move: Wish|[wisher] Alomomola\n|-damage|p1a: Quagsire|94\/100 brn|[from] brn\n|upkeep\n|turn|24\n|\n|t:|1699827611\n|switch|p1a: Corviknight|Corviknight, F|90\/100\n|-ability|p1a: Corviknight|Pressure\n|move|p2a: Bronzong|Light Screen|p2a: Bronzong\n|-sidestart|p2: dwagonhunter|move: Light Screen\n|\n|-heal|p1a: Corviknight|96\/100|[from] item: Leftovers\n|upkeep\n|turn|25\n|\n|t:|1699827619\n|switch|p2a: Avalugg|Avalugg-Hisui, M, shiny|100\/100\n|move|p1a: Corviknight|Taunt|p2a: Avalugg\n|-start|p2a: Avalugg|move: Taunt\n|\n|-heal|p1a: Corviknight|100\/100|[from] item: Leftovers\n|upkeep\n|turn|26\n|\n|t:|1699827624\n|move|p1a: Corviknight|Body Press|p2a: Avalugg\n|-supereffective|p2a: Avalugg\n|-damage|p2a: Avalugg|71\/100\n|move|p2a: Avalugg|Mountain Gale|p1a: Corviknight\n|-damage|p1a: Corviknight|64\/100\n|\n|-heal|p1a: Corviknight|71\/100|[from] item: Leftovers\n|upkeep\n|turn|27\n|\n|t:|1699827645\n|move|p1a: Corviknight|Body Press|p2a: Avalugg\n|-supereffective|p2a: Avalugg\n|-damage|p2a: Avalugg|39\/100\n|move|p2a: Avalugg|Mountain Gale|p1a: Corviknight\n|-damage|p1a: Corviknight|36\/100\n|\n|-heal|p1a: Corviknight|42\/100|[from] item: Leftovers\n|-end|p2a: Avalugg|move: Taunt\n|upkeep\n|turn|28\n|\n|t:|1699827651\n|move|p1a: Corviknight|Taunt|p2a: Avalugg\n|-start|p2a: Avalugg|move: Taunt\n|cant|p2a: Avalugg|move: Taunt|Recover\n|\n|-heal|p1a: Corviknight|48\/100|[from] item: Leftovers\n|upkeep\n|turn|29\n|\n|t:|1699827671\n|switch|p2a: Alomomola|Alomomola, M|100\/100\n|-damage|p2a: Alomomola|88\/100|[from] Spikes\n|move|p1a: Corviknight|Roost|p1a: Corviknight\n|-heal|p1a: Corviknight|98\/100\n|-singleturn|p1a: Corviknight|move: Roost\n|\n|-heal|p1a: Corviknight|100\/100|[from] item: Leftovers\n|upkeep\n|turn|30\n|\n|t:|1699827676\n|move|p1a: Corviknight|Taunt|p2a: Alomomola\n|-start|p2a: Alomomola|move: Taunt\n|cant|p2a: Alomomola|move: Taunt|Wish\n|\n|upkeep\n|turn|31\n|\n|t:|1699827708\n|switch|p1a: Dragapult|Dragapult, F|68\/100\n|switch|p2a: Bronzong|Bronzong|100\/100\n|\n|-sideend|p2: dwagonhunter|move: Light Screen\n|upkeep\n|turn|32\n|\n|t:|1699827726\n|move|p1a: Dragapult|Shadow Ball|p2a: Bronzong\n|-supereffective|p2a: Bronzong\n|-damage|p2a: Bronzong|24\/100\n|-unboost|p2a: Bronzong|spd|1\n|move|p2a: Bronzong|Light Screen|p2a: Bronzong\n|-sidestart|p2: dwagonhunter|move: Light Screen\n|\n|upkeep\n|turn|33\n|\n|t:|1699827737\n|switch|p1a: Corviknight|Corviknight, F|100\/100\n|-ability|p1a: Corviknight|Pressure\n|switch|p2a: Avalugg|Avalugg-Hisui, M, shiny|39\/100\n|\n|upkeep\n|turn|34\n|\n|t:|1699827752\n|switch|p2a: Arcanine|Arcanine-Hisui, F|88\/100\n|-damage|p2a: Arcanine|76\/100|[from] Spikes\n|move|p1a: Corviknight|Taunt|p2a: Arcanine\n|-start|p2a: Arcanine|move: Taunt\n|\n|upkeep\n|turn|35\n|\n|t:|1699827758\n|switch|p1a: Quagsire|Quagsire, F|94\/100 brn\n|move|p2a: Arcanine|Flare Blitz|p1a: Quagsire\n|-resisted|p1a: Quagsire\n|-damage|p1a: Quagsire|75\/100 brn\n|\n|-heal|p1a: Quagsire|81\/100 brn|[from] item: Leftovers\n|-damage|p1a: Quagsire|75\/100 brn|[from] brn\n|upkeep\n|turn|36\n|\n|t:|1699827779\n|switch|p2a: Alomomola|Alomomola, M|100\/100\n|-damage|p2a: Alomomola|88\/100|[from] Spikes\n|switch|p1a: Corviknight|Corviknight, F|100\/100\n|-ability|p1a: Corviknight|Pressure\n|\n|upkeep\n|turn|37\n|\n|t:|1699827786\n|move|p1a: Corviknight|Taunt|p2a: Alomomola\n|-start|p2a: Alomomola|move: Taunt\n|move|p2a: Alomomola|Scald|p1a: Corviknight\n|-damage|p1a: Corviknight|90\/100\n|\n|-heal|p1a: Corviknight|96\/100|[from] item: Leftovers\n|upkeep\n|turn|38\n|\n|t:|1699827811\n|switch|p1a: Dragapult|Dragapult, F|68\/100\n|move|p2a: Alomomola|Scald|p1a: Dragapult\n|-resisted|p1a: Dragapult\n|-damage|p1a: Dragapult|59\/100\n|\n|upkeep\n|turn|39\n|\n|t:|1699827825\n|move|p1a: Dragapult|Draco Meteor|p2a: Alomomola\n|-damage|p2a: Alomomola|0 fnt\n|-unboost|p1a: Dragapult|spa|2\n|faint|p2a: Alomomola\n|\n|-sideend|p2: dwagonhunter|move: Light Screen\n|upkeep\n|\n|t:|1699827846\n|switch|p2a: Ursaluna|Ursaluna-Bloodmoon, M|58\/100\n|-damage|p2a: Ursaluna|46\/100|[from] Spikes\n|turn|40\n|\n|t:|1699827860\n|move|p1a: Dragapult|Draco Meteor|p2a: Ursaluna\n|-damage|p2a: Ursaluna|0 fnt\n|-unboost|p1a: Dragapult|spa|2\n|faint|p2a: Ursaluna\n|\n|upkeep\n|l| zLayton\n|\n|t:|1699827871\n|switch|p2a: Avalugg|Avalugg-Hisui, M, shiny|39\/100\n|turn|41\n|\n|t:|1699827880\n|move|p1a: Dragapult|Draco Meteor|p2a: Avalugg|[miss]\n|-miss|p1a: Dragapult|p2a: Avalugg\n|move|p2a: Avalugg|Recover|p2a: Avalugg\n|-heal|p2a: Avalugg|89\/100\n|\n|upkeep\n|turn|42\n|l| TheJuicyJake\n|\n|t:|1699827903\n|switch|p1a: Corviknight|Corviknight, F|96\/100\n|-ability|p1a: Corviknight|Pressure\n|move|p2a: Avalugg|Mountain Gale|p1a: Corviknight\n|-damage|p1a: Corviknight|61\/100\n|\n|-heal|p1a: Corviknight|67\/100|[from] item: Leftovers\n|upkeep\n|turn|43\n|\n|t:|1699827911\n|-terastallize|p2a: Avalugg|Ground\n|move|p1a: Corviknight|Body Press|p2a: Avalugg\n|-damage|p2a: Avalugg|80\/100\n|move|p2a: Avalugg|Mountain Gale|p1a: Corviknight\n|-crit|p1a: Corviknight\n|-damage|p1a: Corviknight|17\/100\n|\n|-heal|p1a: Corviknight|23\/100|[from] item: Leftovers\n|upkeep\n|turn|44\n|\n|t:|1699827967\n|move|p1a: Corviknight|Body Press|p2a: Avalugg\n|-damage|p2a: Avalugg|73\/100\n|move|p2a: Avalugg|Mountain Gale|p1a: Corviknight\n|-damage|p1a: Corviknight|0 fnt\n|faint|p1a: Corviknight\n|\n|upkeep\n|\n|t:|1699827974\n|switch|p1a: Dragapult|Dragapult, F|59\/100\n|turn|45\n|\n|t:|1699827978\n|move|p1a: Dragapult|Shadow Ball|p2a: Avalugg\n|-damage|p2a: Avalugg|0 fnt\n|faint|p2a: Avalugg\n|\n|upkeep\n|\n|t:|1699827981\n|switch|p2a: Arcanine|Arcanine-Hisui, F|76\/100\n|-damage|p2a: Arcanine|63\/100|[from] Spikes\n|turn|46\n|\n|t:|1699827994\n|switch|p2a: Bronzong|Bronzong|24\/100\n|switch|p1a: Quagsire|Quagsire, F|75\/100 brn\n|\n|-heal|p1a: Quagsire|81\/100 brn|[from] item: Leftovers\n|-damage|p1a: Quagsire|75\/100 brn|[from] brn\n|upkeep\n|turn|47\n|\n|t:|1699828006\n|move|p1a: Quagsire|Spikes|p2a: Bronzong\n|-sidestart|p2: dwagonhunter|Spikes\n|move|p2a: Bronzong|Grass Knot|p1a: Quagsire\n|-supereffective|p1a: Quagsire\n|-damage|p1a: Quagsire|0 fnt\n|faint|p1a: Quagsire\n|\n|upkeep\n|\n|t:|1699828020\n|switch|p1a: Dragapult|Dragapult, F|59\/100\n|turn|48\n|\n|t:|1699828026\n|move|p1a: Dragapult|Shadow Ball|p2a: Bronzong\n|-supereffective|p2a: Bronzong\n|-damage|p2a: Bronzong|0 fnt\n|faint|p2a: Bronzong\n|\n|upkeep\n|\n|t:|1699828028\n|switch|p2a: Arcanine|Arcanine-Hisui, F|63\/100\n|-damage|p2a: Arcanine|47\/100|[from] Spikes\n|turn|49\n|\n|t:|1699828036\n|move|p2a: Arcanine|Head Smash|p1a: Dragapult\n|-damage|p1a: Dragapult|0 fnt\n|faint|p1a: Dragapult\n|\n|upkeep\n|\n|t:|1699828039\n|switch|p1a: Zarude|Zarude|27\/100\n|turn|50\n|\n|t:|1699828041\n|move|p2a: Arcanine|Head Smash|p1a: Zarude\n|-damage|p1a: Zarude|0 fnt\n|faint|p1a: Zarude\n|\n|win|dwagonhunter\n","uploadtime":1699828044,"views":24,"p1id":"bsball8806","p2id":"dwagonhunter","formatid":"gen9ubers","rating":0,"private":0,"password":""}