{"id":"gen9ubers-1992850303","p1":"Theminals","p2":"Niconicolebest","format":"[Gen 9] Ubers","log":"|j|\u2606Theminals\n|j|\u2606Niconicolebest\n|t:|1700240853\n|gametype|singles\n|player|p1|Theminals|depotagent|\n|player|p2|Niconicolebest|266|\n|teamsize|p1|6\n|teamsize|p2|6\n|gen|9\n|tier|[Gen 9] Ubers\n|rule|Sleep Clause Mod: Limit one foe put to sleep\n|rule|Species Clause: Limit one of each Pok\u00e9mon\n|rule|OHKO Clause: OHKO moves are banned\n|rule|Evasion Items Clause: Evasion items are banned\n|rule|Evasion Moves Clause: Evasion moves are banned\n|rule|Endless Battle Clause: Forcing endless battles is banned\n|rule|HP Percentage Mod: HP is shown in percentages\n|clearpoke\n|poke|p1|Magearna|\n|poke|p1|Palkia-Origin|\n|poke|p1|Zacian-*|\n|poke|p1|Urshifu-*, F|\n|poke|p1|Chi-Yu|\n|poke|p1|Weezing-Galar, M|\n|poke|p2|Ninetales-Alola, M|\n|poke|p2|Baxcalibur, F|\n|poke|p2|Magearna|\n|poke|p2|Volcarona, F|\n|poke|p2|Sneasler, M|\n|poke|p2|Palkia-Origin|\n|teampreview\n|inactive|Battle timer is ON: inactive players will automatically lose when time's up. (requested by Niconicolebest)\n|c|\u2606Theminals|glhf\n|c|\u2606Niconicolebest|y2\n|\n|t:|1700240870\n|start\n|switch|p1a: Chi-Yu|Chi-Yu|100\/100\n|switch|p2a: beeeg|Sneasler, M|100\/100\n|-ability|p1a: Chi-Yu|Beads of Ruin\n|turn|1\n|\n|t:|1700240876\n|move|p1a: Chi-Yu|Flamethrower|p2a: beeeg\n|-damage|p2a: beeeg|7\/100\n|move|p2a: beeeg|Close Combat|p1a: Chi-Yu\n|-supereffective|p1a: Chi-Yu\n|-damage|p1a: Chi-Yu|0 fnt\n|-unboost|p2a: beeeg|def|1\n|-unboost|p2a: beeeg|spd|1\n|faint|p1a: Chi-Yu\n|\n|upkeep\n|\n|t:|1700240886\n|switch|p1a: Zacian|Zacian|100\/100\n|-ability|p1a: Zacian|Intrepid Sword|boost\n|-boost|p1a: Zacian|atk|1\n|turn|2\n|\n|t:|1700240890\n|move|p1a: Zacian|Iron Head|p2a: beeeg\n|-damage|p2a: beeeg|0 fnt\n|faint|p2a: beeeg\n|\n|upkeep\n|\n|t:|1700240900\n|switch|p2a: want to be para'd?|Palkia-Origin|100\/100\n|-ability|p2a: want to be para'd?|Pressure\n|turn|3\n|\n|t:|1700240907\n|switch|p1a: Weezing|Weezing-Galar, M|100\/100\n|-ability|p1a: Weezing|Neutralizing Gas\n|move|p2a: want to be para'd?|Thunder Wave|p1a: Weezing\n|-status|p1a: Weezing|par\n|\n|upkeep\n|turn|4\n|\n|t:|1700240917\n|switch|p2a: worst\/better moth|Volcarona, F|100\/100\n|move|p1a: Weezing|Toxic|p2a: worst\/better moth\n|-status|p2a: worst\/better moth|tox\n|\n|-damage|p2a: worst\/better moth|94\/100 tox|[from] psn\n|upkeep\n|turn|5\n|\n|t:|1700240929\n|move|p2a: worst\/better moth|Quiver Dance|p2a: worst\/better moth\n|-boost|p2a: worst\/better moth|spa|1\n|-boost|p2a: worst\/better moth|spd|1\n|-boost|p2a: worst\/better moth|spe|1\n|move|p1a: Weezing|Clear Smog|p2a: worst\/better moth\n|-damage|p2a: worst\/better moth|83\/100 tox\n|-clearboost|p2a: worst\/better moth\n|\n|-heal|p2a: worst\/better moth|89\/100 tox|[from] item: Leftovers\n|-damage|p2a: worst\/better moth|77\/100 tox|[from] psn\n|upkeep\n|turn|6\n|\n|t:|1700240936\n|move|p2a: worst\/better moth|Fiery Dance|p1a: Weezing\n|-crit|p1a: Weezing\n|-damage|p1a: Weezing|16\/100 par\n|-boost|p2a: worst\/better moth|spa|1\n|cant|p1a: Weezing|par\n|\n|-heal|p2a: worst\/better moth|83\/100 tox|[from] item: Leftovers\n|-damage|p2a: worst\/better moth|64\/100 tox|[from] psn\n|upkeep\n|turn|7\n|\n|t:|1700240942\n|move|p2a: worst\/better moth|Fiery Dance|p1a: Weezing\n|-damage|p1a: Weezing|0 fnt\n|-boost|p2a: worst\/better moth|spa|1\n|faint|p1a: Weezing\n|-end|p1a: Weezing|ability: Neutralizing Gas\n|\n|-heal|p2a: worst\/better moth|71\/100 tox|[from] item: Leftovers\n|-damage|p2a: worst\/better moth|46\/100 tox|[from] psn\n|upkeep\n|\n|t:|1700240946\n|switch|p1a: Urshifu|Urshifu, F|100\/100\n|turn|8\n|\n|t:|1700240953\n|move|p1a: Urshifu|Sucker Punch||[still]\n|-fail|p1a: Urshifu\n|move|p2a: worst\/better moth|Quiver Dance|p2a: worst\/better moth\n|-boost|p2a: worst\/better moth|spa|1\n|-boost|p2a: worst\/better moth|spd|1\n|-boost|p2a: worst\/better moth|spe|1\n|\n|-heal|p2a: worst\/better moth|52\/100 tox|[from] item: Leftovers\n|-damage|p2a: worst\/better moth|22\/100 tox|[from] psn\n|upkeep\n|turn|9\n|\n|t:|1700240961\n|move|p1a: Urshifu|Sucker Punch|p2a: worst\/better moth\n|-damage|p2a: worst\/better moth|0 fnt\n|faint|p2a: worst\/better moth\n|-damage|p1a: Urshifu|91\/100|[from] item: Life Orb\n|\n|upkeep\n|\n|t:|1700240963\n|switch|p2a: lol screens|Ninetales-Alola, M|100\/100\n|-weather|Snow|[from] ability: Snow Warning|[of] p2a: lol screens\n|turn|10\n|\n|t:|1700240975\n|switch|p1a: Magearna|Magearna|100\/100\n|move|p2a: lol screens|Aurora Veil|p2a: lol screens\n|-sidestart|p2: Niconicolebest|move: Aurora Veil\n|\n|-weather|Snow|[upkeep]\n|upkeep\n|turn|11\n|\n|t:|1700240983\n|switch|p2a: Why not original?|Magearna|100\/100\n|move|p1a: Magearna|Flash Cannon|p2a: Why not original?\n|-damage|p2a: Why not original?|84\/100\n|-unboost|p2a: Why not original?|spd|1\n|\n|-weather|Snow|[upkeep]\n|-heal|p2a: Why not original?|90\/100|[from] item: Leftovers\n|upkeep\n|turn|12\n|\n|t:|1700240989\n|move|p1a: Magearna|Flash Cannon|p2a: Why not original?\n|-damage|p2a: Why not original?|66\/100\n|move|p2a: Why not original?|Shift Gear|p2a: Why not original?\n|-boost|p2a: Why not original?|spe|2\n|-boost|p2a: Why not original?|atk|1\n|\n|-weather|Snow|[upkeep]\n|-heal|p2a: Why not original?|72\/100|[from] item: Leftovers\n|upkeep\n|turn|13\n|\n|t:|1700240992\n|move|p2a: Why not original?|Shift Gear|p2a: Why not original?\n|-boost|p2a: Why not original?|spe|2\n|-boost|p2a: Why not original?|atk|1\n|move|p1a: Magearna|Flash Cannon|p2a: Why not original?\n|-damage|p2a: Why not original?|47\/100\n|\n|-weather|Snow|[upkeep]\n|-heal|p2a: Why not original?|54\/100|[from] item: Leftovers\n|upkeep\n|turn|14\n|\n|t:|1700240995\n|move|p2a: Why not original?|Calm Mind|p2a: Why not original?\n|-boost|p2a: Why not original?|spa|1\n|-boost|p2a: Why not original?|spd|1\n|move|p1a: Magearna|Flash Cannon|p2a: Why not original?\n|-damage|p2a: Why not original?|35\/100\n|\n|-weather|none\n|-heal|p2a: Why not original?|41\/100|[from] item: Leftovers\n|upkeep\n|turn|15\n|\n|t:|1700241001\n|move|p2a: Why not original?|Calm Mind|p2a: Why not original?\n|-boost|p2a: Why not original?|spa|1\n|-boost|p2a: Why not original?|spd|1\n|move|p1a: Magearna|Flash Cannon|p2a: Why not original?\n|-damage|p2a: Why not original?|30\/100\n|\n|-heal|p2a: Why not original?|36\/100|[from] item: Leftovers\n|upkeep\n|turn|16\n|\n|t:|1700241005\n|move|p2a: Why not original?|Shift Gear|p2a: Why not original?\n|-boost|p2a: Why not original?|spe|2\n|-boost|p2a: Why not original?|atk|1\n|move|p1a: Magearna|Flash Cannon|p2a: Why not original?\n|-damage|p2a: Why not original?|24\/100\n|\n|-heal|p2a: Why not original?|30\/100|[from] item: Leftovers\n|upkeep\n|turn|17\n|\n|t:|1700241007\n|move|p2a: Why not original?|Calm Mind|p2a: Why not original?\n|-boost|p2a: Why not original?|spa|1\n|-boost|p2a: Why not original?|spd|1\n|move|p1a: Magearna|Flash Cannon|p2a: Why not original?\n|-crit|p2a: Why not original?\n|-damage|p2a: Why not original?|0 fnt\n|faint|p2a: Why not original?\n|-ability|p1a: Magearna|Soul-Heart|boost\n|-boost|p1a: Magearna|spa|1\n|\n|-sideend|p2: Niconicolebest|move: Aurora Veil\n|upkeep\n|\n|t:|1700241016\n|switch|p2a: lol screens|Ninetales-Alola, M|100\/100\n|-weather|Snow|[from] ability: Snow Warning|[of] p2a: lol screens\n|turn|18\n|\n|t:|1700241021\n|move|p2a: lol screens|Aurora Veil|p2a: lol screens\n|-sidestart|p2: Niconicolebest|move: Aurora Veil\n|move|p1a: Magearna|Flash Cannon|p2a: lol screens\n|-supereffective|p2a: lol screens\n|-damage|p2a: lol screens|0 fnt\n|faint|p2a: lol screens\n|-ability|p1a: Magearna|Soul-Heart|boost\n|-boost|p1a: Magearna|spa|1\n|\n|-weather|Snow|[upkeep]\n|upkeep\n|\n|t:|1700241029\n|switch|p2a: yummy snow|Baxcalibur, F|100\/100\n|turn|19\n|\n|t:|1700241036\n|-terastallize|p2a: yummy snow|Dragon\n|move|p2a: yummy snow|Dragon Dance|p2a: yummy snow\n|-boost|p2a: yummy snow|atk|1\n|-boost|p2a: yummy snow|spe|1\n|move|p1a: Magearna|Flash Cannon|p2a: yummy snow\n|-damage|p2a: yummy snow|54\/100\n|\n|-weather|Snow|[upkeep]\n|upkeep\n|turn|20\n|\n|t:|1700241046\n|-terastallize|p1a: Magearna|Flying\n|move|p2a: yummy snow|Earthquake|p1a: Magearna\n|-immune|p1a: Magearna\n|move|p1a: Magearna|Ice Beam|p2a: yummy snow\n|-supereffective|p2a: yummy snow\n|-damage|p2a: yummy snow|0 fnt\n|faint|p2a: yummy snow\n|-ability|p1a: Magearna|Soul-Heart|boost\n|-boost|p1a: Magearna|spa|1\n|\n|-weather|Snow|[upkeep]\n|upkeep\n|\n|t:|1700241049\n|switch|p2a: want to be para'd?|Palkia-Origin|100\/100\n|-ability|p2a: want to be para'd?|Pressure\n|turn|21\n|\n|t:|1700241053\n|move|p2a: want to be para'd?|Thunder Wave|p1a: Magearna\n|-status|p1a: Magearna|par\n|move|p1a: Magearna|Fleur Cannon|p2a: want to be para'd?\n|-supereffective|p2a: want to be para'd?\n|-damage|p2a: want to be para'd?|0 fnt\n|-unboost|p1a: Magearna|spa|2\n|faint|p2a: want to be para'd?\n|\n|win|Theminals\n|c|\u2606Theminals|gg\n|c|\u2606Niconicolebest|gg\n","uploadtime":1700241064,"views":25,"p1id":"theminals","p2id":"niconicolebest","formatid":"gen9ubers","rating":0,"private":0,"password":""}