{"id":"gen9ubers-1997727121","p1":"default0","p2":"dapply","format":"[Gen 9] Ubers","log":"|j|\u2606default0\n|j|\u2606dapply\n|inactive|Battle timer is ON: inactive players will automatically lose when time's up.\n|t:|1700846218\n|gametype|singles\n|player|p1|default0|skierf-gen4dp|\n|player|p2|dapply|dawn-masters3|\n|teamsize|p1|6\n|teamsize|p2|6\n|gen|9\n|tier|[Gen 9] Ubers\n|rated|Tournament battle\n|rule|Sleep Clause Mod: Limit one foe put to sleep\n|rule|Species Clause: Limit one of each Pok\u00e9mon\n|rule|OHKO Clause: OHKO moves are banned\n|rule|Evasion Items Clause: Evasion items are banned\n|rule|Evasion Moves Clause: Evasion moves are banned\n|rule|Endless Battle Clause: Forcing endless battles is banned\n|rule|HP Percentage Mod: HP is shown in percentages\n|clearpoke\n|poke|p1|Kyogre|\n|poke|p1|Ting-Lu|\n|poke|p1|Arceus-Water|\n|poke|p1|Corviknight, M|\n|poke|p1|Koraidon|\n|poke|p1|Spectrier|\n|poke|p2|Koraidon|\n|poke|p2|Zacian-*|\n|poke|p2|Miraidon|\n|poke|p2|Ribombee, M|\n|poke|p2|Glimmora, F|\n|poke|p2|Arceus|\n|teampreview\n|j|*Lady Monita \u2746\n|j| BB-8-NU\n|inactive|dapply also wants the timer to be on.\n|j| Farce Of The Death\n|j| negenerator\n|j| Ceruledges\n|inactive|default0 has 120 seconds left.\n|\n|t:|1700846257\n|start\n|switch|p1a: Koraidon|Koraidon|100\/100\n|switch|p2a: Glimmora|Glimmora, F|100\/100\n|-weather|SunnyDay|[from] ability: Orichalcum Pulse|[of] p1a: Koraidon\n|-activate|p1a: Koraidon|Orichalcum Pulse|[source]\n|turn|1\n|\n|t:|1700846268\n|move|p1a: Koraidon|Close Combat|p2a: Glimmora\n|-crit|p2a: Glimmora\n|-enditem|p2a: Glimmora|Focus Sash\n|-damage|p2a: Glimmora|1\/100\n|-unboost|p1a: Koraidon|def|1\n|-unboost|p1a: Koraidon|spd|1\n|-activate|p2a: Glimmora|ability: Toxic Debris\n|-sidestart|p1: default0|move: Toxic Spikes\n|move|p2a: Glimmora|Stealth Rock|p1a: Koraidon\n|-sidestart|p1: default0|move: Stealth Rock\n|\n|-weather|SunnyDay|[upkeep]\n|upkeep\n|turn|2\n|j| bwahahaha\n|\n|t:|1700846272\n|move|p1a: Koraidon|Close Combat|p2a: Glimmora\n|-damage|p2a: Glimmora|0 fnt\n|-unboost|p1a: Koraidon|def|1\n|-unboost|p1a: Koraidon|spd|1\n|-activate|p2a: Glimmora|ability: Toxic Debris\n|-sidestart|p1: default0|move: Toxic Spikes\n|faint|p2a: Glimmora\n|\n|-weather|SunnyDay|[upkeep]\n|upkeep\n|\n|t:|1700846278\n|switch|p2a: Ribombee|Ribombee, M|100\/100\n|turn|3\n|\n|t:|1700846282\n|switch|p1a: Corviknight|Corviknight, M|100\/100\n|-damage|p1a: Corviknight|88\/100|[from] Stealth Rock\n|-ability|p1a: Corviknight|Pressure\n|move|p2a: Ribombee|U-turn|p1a: Corviknight\n|-resisted|p1a: Corviknight\n|-damage|p1a: Corviknight|86\/100\n|\n|t:|1700846285\n|switch|p2a: Koraidon|Koraidon|100\/100|[from] U-turn\n|-activate|p2a: Koraidon|ability: Orichalcum Pulse\n|\n|-weather|SunnyDay|[upkeep]\n|-heal|p1a: Corviknight|92\/100|[from] item: Leftovers\n|upkeep\n|turn|4\n|\n|t:|1700846290\n|-terastallize|p1a: Corviknight|Ground\n|move|p2a: Koraidon|Swords Dance|p2a: Koraidon\n|-boost|p2a: Koraidon|atk|2\n|move|p1a: Corviknight|Defog|p2a: Koraidon\n|-unboost|p2a: Koraidon|evasion|1\n|-sideend|p1: default0|Toxic Spikes|[from] move: Defog|[of] p1a: Corviknight\n|-sideend|p1: default0|Stealth Rock|[from] move: Defog|[of] p1a: Corviknight\n|\n|-weather|SunnyDay|[upkeep]\n|-heal|p1a: Corviknight|98\/100|[from] item: Leftovers\n|upkeep\n|turn|5\n|\n|t:|1700846296\n|move|p2a: Koraidon|Flame Charge|p1a: Corviknight\n|-damage|p1a: Corviknight|48\/100\n|-boost|p2a: Koraidon|spe|1\n|-damage|p2a: Koraidon|91\/100|[from] item: Life Orb\n|move|p1a: Corviknight|Body Press|p2a: Koraidon\n|-damage|p2a: Koraidon|67\/100\n|\n|-weather|none\n|-heal|p1a: Corviknight|54\/100|[from] item: Leftovers\n|upkeep\n|turn|6\n|\n|t:|1700846305\n|move|p2a: Koraidon|Low Kick|p1a: Corviknight\n|-damage|p1a: Corviknight|0 fnt\n|faint|p1a: Corviknight\n|-damage|p2a: Koraidon|57\/100|[from] item: Life Orb\n|\n|upkeep\n|\n|t:|1700846314\n|switch|p1a: Kyogre|Kyogre|100\/100\n|-weather|RainDance|[from] ability: Drizzle|[of] p1a: Kyogre\n|turn|7\n|\n|t:|1700846335\n|move|p2a: Koraidon|Low Kick|p1a: Kyogre\n|-damage|p1a: Kyogre|0 fnt\n|faint|p1a: Kyogre\n|-damage|p2a: Koraidon|47\/100|[from] item: Life Orb\n|\n|-weather|RainDance|[upkeep]\n|upkeep\n|\n|t:|1700846341\n|switch|p1a: Arceus|Arceus-Water|100\/100\n|turn|8\n|\n|t:|1700846362\n|-terastallize|p2a: Koraidon|Fighting\n|move|p2a: Koraidon|Low Kick|p1a: Arceus\n|-damage|p1a: Arceus|0 fnt\n|faint|p1a: Arceus\n|-damage|p2a: Koraidon|37\/100|[from] item: Life Orb\n|\n|-weather|RainDance|[upkeep]\n|upkeep\n|\n|t:|1700846369\n|switch|p1a: Spectrier|Spectrier|100\/100\n|turn|9\n|\n|t:|1700846385\n|move|p2a: Koraidon|Dragon Claw|p1a: Spectrier\n|-damage|p1a: Spectrier|0 fnt\n|faint|p1a: Spectrier\n|-damage|p2a: Koraidon|27\/100|[from] item: Life Orb\n|\n|-weather|RainDance|[upkeep]\n|upkeep\n|\n|t:|1700846391\n|switch|p1a: Ting-Lu|Ting-Lu|100\/100\n|-ability|p1a: Ting-Lu|Vessel of Ruin\n|turn|10\n|\n|t:|1700846404\n|move|p2a: Koraidon|Low Kick|p1a: Ting-Lu\n|-supereffective|p1a: Ting-Lu\n|-damage|p1a: Ting-Lu|0 fnt\n|faint|p1a: Ting-Lu\n|-damage|p2a: Koraidon|18\/100|[from] item: Life Orb\n|\n|-weather|RainDance|[upkeep]\n|upkeep\n|\n|t:|1700846412\n|switch|p1a: Koraidon|Koraidon|100\/100\n|-weather|SunnyDay|[from] ability: Orichalcum Pulse|[of] p1a: Koraidon\n|-activate|p1a: Koraidon|Orichalcum Pulse|[source]\n|turn|11\n|\n|t:|1700846415\n|move|p2a: Koraidon|Dragon Claw|p1a: Koraidon\n|-supereffective|p1a: Koraidon\n|-damage|p1a: Koraidon|0 fnt\n|faint|p1a: Koraidon\n|-damage|p2a: Koraidon|8\/100|[from] item: Life Orb\n|\n|win|dapply\n|n|\u2606default0|default0\n|n|\u2606dapply|dapply\n|n|*Lady Monita \u2746|ladymonita\n|n| BB-8-NU|bb8nu\n|n| Farce Of The Death|farceofthedeath\n|n| negenerator|negenerator\n|n| Ceruledges|ceruledges\n|n| bwahahaha|bwahahaha\n|l|*Lady Monita \u2746\n|c|\u2606default0|gg\n|l| BB-8-NU\n|l|\u2606default0\n|c|\u2606dapply|gg\n|l| negenerator\n","uploadtime":1700846425,"views":13,"p1id":"default0","p2id":"dapply","formatid":"gen9ubers","rating":0,"private":0,"password":""}