{"id":"gen9ubers-1972756043","p1":"tonyzs","p2":"Corvusbb","format":"[Gen 9] Ubers","log":"|j|\u2606tonyzs\n|j|\u2606Corvusbb\n|t:|1697890441\n|gametype|singles\n|player|p1|tonyzs|caitlin|1115\n|player|p2|Corvusbb|n|1110\n|teamsize|p1|6\n|teamsize|p2|6\n|gen|9\n|tier|[Gen 9] Ubers\n|rated|\n|rule|Sleep Clause Mod: Limit one foe put to sleep\n|rule|Species Clause: Limit one of each Pok\u00e9mon\n|rule|OHKO Clause: OHKO moves are banned\n|rule|Evasion Items Clause: Evasion items are banned\n|rule|Evasion Moves Clause: Evasion moves are banned\n|rule|Endless Battle Clause: Forcing endless battles is banned\n|rule|HP Percentage Mod: HP is shown in percentages\n|clearpoke\n|poke|p1|Kricketune, F|\n|poke|p1|Kyogre|\n|poke|p1|Ogerpon-Hearthflame, F|\n|poke|p1|Tyranitar, M|\n|poke|p1|Houndstone, M|\n|poke|p1|Rayquaza|\n|poke|p2|Chien-Pao|\n|poke|p2|Flutter Mane|\n|poke|p2|Iron Bundle|\n|poke|p2|Ursaluna-Bloodmoon, M|\n|poke|p2|Volcarona, M|\n|poke|p2|Zacian-*|\n|teampreview\n|\n|t:|1697890446\n|start\n|switch|p1a: Kricketune|Kricketune, F, shiny|100\/100\n|switch|p2a: Flutter Mane|Flutter Mane|100\/100\n|turn|1\n|inactive|Battle timer is ON: inactive players will automatically lose when time's up. (requested by Corvusbb)\n|\n|t:|1697890453\n|move|p2a: Flutter Mane|Mystical Fire|p1a: Kricketune\n|-supereffective|p1a: Kricketune\n|-damage|p1a: Kricketune|25\/100\n|-unboost|p1a: Kricketune|spa|1\n|move|p1a: Kricketune|Sticky Web|p2a: Flutter Mane\n|-sidestart|p2: Corvusbb|move: Sticky Web\n|\n|upkeep\n|turn|2\n|\n|t:|1697890460\n|move|p2a: Flutter Mane|Mystical Fire|p1a: Kricketune\n|-supereffective|p1a: Kricketune\n|-damage|p1a: Kricketune|0 fnt\n|faint|p1a: Kricketune\n|\n|upkeep\n|\n|t:|1697890473\n|switch|p1a: Tyranitar|Tyranitar, M, shiny|100\/100\n|-weather|Sandstorm|[from] ability: Sand Stream|[of] p1a: Tyranitar\n|turn|3\n|\n|t:|1697890493\n|-end|p2a: Flutter Mane|Protosynthesis|[silent]\n|switch|p2a: Zacian|Zacian-Crowned|100\/100\n|-activate|p2a: Zacian|move: Sticky Web\n|-unboost|p2a: Zacian|spe|1\n|-ability|p2a: Zacian|Intrepid Sword|boost\n|-boost|p2a: Zacian|atk|1\n|move|p1a: Tyranitar|Dragon Tail|p2a: Zacian\n|-immune|p2a: Zacian\n|\n|-weather|Sandstorm|[upkeep]\n|upkeep\n|turn|4\n|\n|t:|1697890515\n|switch|p1a: Ogerpon|Ogerpon-Hearthflame, F|100\/100\n|-ability|p1a: Ogerpon|Mold Breaker\n|move|p2a: Zacian|Behemoth Blade|p1a: Ogerpon\n|-resisted|p1a: Ogerpon\n|-damage|p1a: Ogerpon|51\/100\n|\n|-weather|Sandstorm|[upkeep]\n|-damage|p1a: Ogerpon|45\/100|[from] Sandstorm\n|upkeep\n|turn|5\n|\n|t:|1697890533\n|move|p1a: Ogerpon|Ivy Cudgel|p2a: Zacian\n|-supereffective|p2a: Zacian\n|-crit|p2a: Zacian\n|-damage|p2a: Zacian|0 fnt\n|faint|p2a: Zacian\n|\n|-weather|Sandstorm|[upkeep]\n|-damage|p1a: Ogerpon|39\/100|[from] Sandstorm\n|upkeep\n|\n|t:|1697890537\n|switch|p2a: Ursaluna|Ursaluna-Bloodmoon, M|100\/100\n|-activate|p2a: Ursaluna|move: Sticky Web\n|-unboost|p2a: Ursaluna|spe|1\n|turn|6\n|\n|t:|1697890544\n|move|p2a: Ursaluna|Vacuum Wave|p1a: Ogerpon\n|-damage|p1a: Ogerpon|20\/100\n|move|p1a: Ogerpon|Brick Break|p2a: Ursaluna\n|-supereffective|p2a: Ursaluna\n|-damage|p2a: Ursaluna|53\/100\n|\n|-weather|Sandstorm|[upkeep]\n|-damage|p1a: Ogerpon|14\/100|[from] Sandstorm\n|-heal|p2a: Ursaluna|59\/100|[from] item: Leftovers\n|upkeep\n|turn|7\n|\n|t:|1697890560\n|move|p2a: Ursaluna|Vacuum Wave|p1a: Ogerpon\n|-damage|p1a: Ogerpon|0 fnt\n|faint|p1a: Ogerpon\n|\n|-weather|none\n|-heal|p2a: Ursaluna|65\/100|[from] item: Leftovers\n|upkeep\n|\n|t:|1697890569\n|switch|p1a: Kyogre|Kyogre, shiny|100\/100\n|-weather|RainDance|[from] ability: Drizzle|[of] p1a: Kyogre\n|turn|8\n|c|\u2606Corvusbb|5th team in a row i swear with kyogre lol\n|\n|t:|1697890590\n|move|p1a: Kyogre|Water Spout|p2a: Ursaluna\n|-supereffective|p2a: Ursaluna\n|-damage|p2a: Ursaluna|0 fnt\n|faint|p2a: Ursaluna\n|\n|-weather|RainDance|[upkeep]\n|upkeep\n|\n|t:|1697890598\n|switch|p2a: Flutter Mane|Flutter Mane|100\/100\n|-activate|p2a: Flutter Mane|move: Sticky Web\n|-unboost|p2a: Flutter Mane|spe|1\n|turn|9\n|\n|t:|1697890603\n|move|p1a: Kyogre|Water Spout|p2a: Flutter Mane\n|-enditem|p2a: Flutter Mane|Focus Sash\n|-damage|p2a: Flutter Mane|1\/100\n|move|p2a: Flutter Mane|Thunderbolt|p1a: Kyogre\n|-supereffective|p1a: Kyogre\n|-damage|p1a: Kyogre|52\/100\n|\n|-weather|RainDance|[upkeep]\n|upkeep\n|turn|10\n|\n|t:|1697890613\n|move|p1a: Kyogre|Water Spout|p2a: Flutter Mane\n|-damage|p2a: Flutter Mane|0 fnt\n|faint|p2a: Flutter Mane\n|-end|p2a: Flutter Mane|Protosynthesis|[silent]\n|\n|-weather|RainDance|[upkeep]\n|upkeep\n|\n|t:|1697890616\n|switch|p2a: Volcarona|Volcarona, M|100\/100\n|turn|11\n|\n|t:|1697890624\n|-terastallize|p2a: Volcarona|Grass\n|move|p1a: Kyogre|Water Spout|p2a: Volcarona\n|-resisted|p2a: Volcarona\n|-damage|p2a: Volcarona|67\/100\n|move|p2a: Volcarona|Quiver Dance|p2a: Volcarona\n|-boost|p2a: Volcarona|spa|1\n|-boost|p2a: Volcarona|spd|1\n|-boost|p2a: Volcarona|spe|1\n|\n|-weather|RainDance|[upkeep]\n|upkeep\n|turn|12\n|inactive|tonyzs has 120 seconds left.\n|\n|t:|1697890658\n|switch|p1a: Rayquaza|Rayquaza, shiny|100\/100\n|-ability|p1a: Rayquaza|Air Lock\n|move|p2a: Volcarona|Quiver Dance|p2a: Volcarona\n|-boost|p2a: Volcarona|spa|1\n|-boost|p2a: Volcarona|spd|1\n|-boost|p2a: Volcarona|spe|1\n|\n|-weather|none\n|upkeep\n|turn|13\n|inactive|tonyzs has 120 seconds left.\n|\n|t:|1697890669\n|move|p2a: Volcarona|Fiery Dance|p1a: Rayquaza\n|-resisted|p1a: Rayquaza\n|-damage|p1a: Rayquaza|52\/100\n|-boost|p2a: Volcarona|spa|1\n|move|p1a: Rayquaza|Substitute|p1a: Rayquaza\n|-start|p1a: Rayquaza|Substitute\n|-damage|p1a: Rayquaza|27\/100\n|\n|-heal|p1a: Rayquaza|34\/100|[from] item: Leftovers\n|upkeep\n|turn|14\n|inactive|tonyzs has 120 seconds left.\n|\n|t:|1697890682\n|move|p2a: Volcarona|Fiery Dance|p1a: Rayquaza\n|-resisted|p1a: Rayquaza\n|-end|p1a: Rayquaza|Substitute\n|move|p1a: Rayquaza|Dragon Ascent|p2a: Volcarona\n|-supereffective|p2a: Volcarona\n|-damage|p2a: Volcarona|0 fnt\n|-unboost|p1a: Rayquaza|def|1\n|-unboost|p1a: Rayquaza|spd|1\n|faint|p2a: Volcarona\n|\n|-heal|p1a: Rayquaza|40\/100|[from] item: Leftovers\n|upkeep\n|\n|t:|1697890688\n|switch|p2a: Iron Bundle|Iron Bundle, shiny|100\/100\n|-activate|p2a: Iron Bundle|move: Sticky Web\n|-unboost|p2a: Iron Bundle|spe|1\n|-enditem|p2a: Iron Bundle|Booster Energy\n|-activate|p2a: Iron Bundle|ability: Quark Drive|[fromitem]\n|-start|p2a: Iron Bundle|quarkdrivespa\n|turn|15\n|inactive|tonyzs has 120 seconds left.\n|\n|t:|1697890707\n|move|p1a: Rayquaza|Substitute|p1a: Rayquaza\n|-start|p1a: Rayquaza|Substitute\n|-damage|p1a: Rayquaza|15\/100\n|move|p2a: Iron Bundle|Freeze-Dry|p1a: Rayquaza\n|-supereffective|p1a: Rayquaza\n|-end|p1a: Rayquaza|Substitute\n|\n|-heal|p1a: Rayquaza|21\/100|[from] item: Leftovers\n|upkeep\n|turn|16\n|inactive|tonyzs has 120 seconds left.\n|\n|t:|1697890720\n|move|p1a: Rayquaza|Dragon Ascent|p2a: Iron Bundle\n|-damage|p2a: Iron Bundle|26\/100\n|-unboost|p1a: Rayquaza|def|1\n|-unboost|p1a: Rayquaza|spd|1\n|move|p2a: Iron Bundle|Freeze-Dry|p1a: Rayquaza\n|-supereffective|p1a: Rayquaza\n|-damage|p1a: Rayquaza|0 fnt\n|faint|p1a: Rayquaza\n|\n|upkeep\n|inactive|tonyzs has 120 seconds left.\n|\n|t:|1697890732\n|switch|p1a: Kyogre|Kyogre, shiny|52\/100\n|-weather|RainDance|[from] ability: Drizzle|[of] p1a: Kyogre\n|turn|17\n|inactive|tonyzs has 120 seconds left.\n|\n|t:|1697890745\n|-terastallize|p1a: Kyogre|Water\n|move|p1a: Kyogre|Origin Pulse|p2a: Iron Bundle\n|-resisted|p2a: Iron Bundle\n|-damage|p2a: Iron Bundle|0 fnt\n|faint|p2a: Iron Bundle\n|-end|p2a: Iron Bundle|Quark Drive|[silent]\n|\n|-weather|RainDance|[upkeep]\n|upkeep\n|\n|t:|1697890749\n|switch|p2a: Chien-Pao|Chien-Pao|100\/100\n|-activate|p2a: Chien-Pao|move: Sticky Web\n|-unboost|p2a: Chien-Pao|spe|1\n|-ability|p2a: Chien-Pao|Sword of Ruin\n|turn|18\n|\n|t:|1697890758\n|move|p1a: Kyogre|Origin Pulse|p2a: Chien-Pao\n|-damage|p2a: Chien-Pao|0 fnt\n|faint|p2a: Chien-Pao\n|\n|win|tonyzs\n|raw|tonyzs's rating: 1115 &rarr; <strong>1140<\/strong><br \/>(+25 for winning)\n|raw|Corvusbb's rating: 1110 &rarr; <strong>1085<\/strong><br \/>(-25 for losing)\n","uploadtime":1697890766,"views":10,"p1id":"tonyzs","p2id":"corvusbb","formatid":"gen9ubers","rating":1085,"private":0,"password":""}