{"id":"gen9ubers-1976912591","p1":"ToxaNex","p2":"we up","format":"[Gen 9] Ubers","log":"|j|\u2606ToxaNex\n|j|\u2606we up\n|inactive|Battle timer is ON: inactive players will automatically lose when time's up.\n|t:|1698351821\n|gametype|singles\n|player|p1|ToxaNex|psychic|\n|player|p2|we up|caitlin-masters|\n|teamsize|p1|6\n|teamsize|p2|6\n|gen|9\n|tier|[Gen 9] Ubers\n|rated|Tournament battle\n|rule|Sleep Clause Mod: Limit one foe put to sleep\n|rule|Species Clause: Limit one of each Pok\u00e9mon\n|rule|OHKO Clause: OHKO moves are banned\n|rule|Evasion Items Clause: Evasion items are banned\n|rule|Evasion Moves Clause: Evasion moves are banned\n|rule|Endless Battle Clause: Forcing endless battles is banned\n|rule|HP Percentage Mod: HP is shown in percentages\n|clearpoke\n|poke|p1|Dialga-Origin|\n|poke|p1|Koraidon|\n|poke|p1|Miraidon|\n|poke|p1|Eternatus|\n|poke|p1|Dragapult, F|\n|poke|p1|Roaring Moon|\n|poke|p2|Eternatus|\n|poke|p2|Koraidon|\n|poke|p2|Regidrago|\n|poke|p2|Dialga|\n|poke|p2|Giratina|\n|poke|p2|Roaring Moon|\n|teampreview\n|j|*Lady Monita \u263d\n|inactive|we up also wants the timer to be on.\n|inactive|we up has 120 seconds left.\n|\n|t:|1698351864\n|start\n|switch|p1a: Dialga|Dialga-Origin|100\/100\n|switch|p2a: Koraidon|Koraidon|100\/100\n|-weather|SunnyDay|[from] ability: Orichalcum Pulse|[of] p2a: Koraidon\n|-activate|p2a: Koraidon|Orichalcum Pulse|[source]\n|-ability|p1a: Dialga|Pressure\n|turn|1\n|\n|t:|1698351878\n|switch|p1a: Dragapult|Dragapult, F|100\/100\n|move|p2a: Koraidon|U-turn|p1a: Dragapult\n|-resisted|p1a: Dragapult\n|-damage|p1a: Dragapult|79\/100\n|inactive|we up has 120 seconds left.\n|\n|t:|1698351921\n|switch|p2a: Dialga|Dialga|100\/100|[from] U-turn\n|-ability|p2a: Dialga|Pressure\n|\n|-weather|SunnyDay|[upkeep]\n|upkeep\n|turn|2\n|\n|t:|1698351940\n|switch|p1a: Dialga|Dialga-Origin|100\/100\n|-ability|p1a: Dialga|Pressure\n|move|p2a: Dialga|Thunder Wave|p1a: Dialga\n|-status|p1a: Dialga|par\n|\n|-weather|SunnyDay|[upkeep]\n|upkeep\n|turn|3\n|inactive|we up has 120 seconds left.\n|\n|t:|1698351953\n|move|p2a: Dialga|Stealth Rock|p1a: Dialga\n|-sidestart|p1: ToxaNex|move: Stealth Rock\n|move|p1a: Dialga|Stealth Rock|p2a: Dialga\n|-sidestart|p2: we up|move: Stealth Rock\n|\n|-weather|SunnyDay|[upkeep]\n|upkeep\n|turn|4\n|\n|t:|1698351960\n|move|p2a: Dialga|Dragon Pulse|p1a: Dialga\n|-crit|p1a: Dialga\n|-damage|p1a: Dialga|47\/100 par\n|move|p1a: Dialga|Dragon Pulse|p2a: Dialga\n|-damage|p2a: Dialga|62\/100\n|\n|-weather|SunnyDay|[upkeep]\n|upkeep\n|turn|5\n|inactive|we up has 120 seconds left.\n|\n|t:|1698352004\n|move|p2a: Dialga|Dragon Pulse|p1a: Dialga\n|-damage|p1a: Dialga|11\/100 par\n|move|p1a: Dialga|Draco Meteor|p2a: Dialga|[miss]\n|-miss|p1a: Dialga|p2a: Dialga\n|\n|-weather|none\n|upkeep\n|turn|6\n|\n|t:|1698352010\n|move|p2a: Dialga|Dragon Pulse|p1a: Dialga\n|-damage|p1a: Dialga|0 fnt\n|faint|p1a: Dialga\n|\n|upkeep\n|\n|t:|1698352027\n|switch|p1a: Koraidon|Koraidon|100\/100\n|-damage|p1a: Koraidon|94\/100|[from] Stealth Rock\n|-weather|SunnyDay|[from] ability: Orichalcum Pulse|[of] p1a: Koraidon\n|-activate|p1a: Koraidon|Orichalcum Pulse|[source]\n|turn|7\n|inactive|we up has 120 seconds left.\n|\n|t:|1698352036\n|move|p1a: Koraidon|Outrage|p2a: Dialga\n|-damage|p2a: Dialga|0 fnt\n|faint|p2a: Dialga\n|\n|-weather|SunnyDay|[upkeep]\n|upkeep\n|inactive|we up has 120 seconds left.\n|\n|t:|1698352042\n|switch|p2a: Roaring Moon|Roaring Moon|100\/100\n|-damage|p2a: Roaring Moon|88\/100|[from] Stealth Rock\n|-activate|p2a: Roaring Moon|ability: Protosynthesis\n|-start|p2a: Roaring Moon|protosynthesisspe\n|turn|8\n|\n|t:|1698352058\n|move|p2a: Roaring Moon|Scale Shot|p1a: Koraidon\n|-supereffective|p1a: Koraidon\n|-damage|p1a: Koraidon|71\/100\n|-supereffective|p1a: Koraidon\n|-damage|p1a: Koraidon|46\/100\n|-supereffective|p1a: Koraidon\n|-damage|p1a: Koraidon|20\/100\n|-supereffective|p1a: Koraidon\n|-damage|p1a: Koraidon|0 fnt\n|faint|p1a: Koraidon\n|-hitcount|p1: Koraidon|4\n|-unboost|p2a: Roaring Moon|def|1\n|-boost|p2a: Roaring Moon|spe|1\n|\n|-weather|SunnyDay|[upkeep]\n|upkeep\n|inactive|ToxaNex has 120 seconds left.\n|\n|t:|1698352099\n|switch|p1a: Miraidon|Miraidon|100\/100\n|-damage|p1a: Miraidon|88\/100|[from] Stealth Rock\n|-fieldstart|move: Electric Terrain|[from] ability: Hadron Engine|[of] p1a: Miraidon\n|turn|9\n|\n|t:|1698352106\n|-terastallize|p1a: Miraidon|Electric\n|move|p2a: Roaring Moon|Scale Shot|p1a: Miraidon|[miss]\n|-miss|p2a: Roaring Moon|p1a: Miraidon\n|move|p1a: Miraidon|Dragon Pulse|p2a: Roaring Moon\n|-supereffective|p2a: Roaring Moon\n|-damage|p2a: Roaring Moon|0 fnt\n|faint|p2a: Roaring Moon\n|-end|p2a: Roaring Moon|Protosynthesis|[silent]\n|\n|-weather|SunnyDay|[upkeep]\n|upkeep\n|\n|t:|1698352114\n|switch|p2a: Koraidon|Koraidon|100\/100\n|-damage|p2a: Koraidon|94\/100|[from] Stealth Rock\n|-activate|p2a: Koraidon|ability: Orichalcum Pulse\n|turn|10\n|\n|t:|1698352118\n|-terastallize|p2a: Koraidon|Dragon\n|move|p2a: Koraidon|Scale Shot|p1a: Miraidon\n|-damage|p1a: Miraidon|64\/100\n|-damage|p1a: Miraidon|40\/100\n|-hitcount|p1a: Miraidon|2\n|-unboost|p2a: Koraidon|def|1\n|-boost|p2a: Koraidon|spe|1\n|move|p1a: Miraidon|Dragon Pulse|p2a: Koraidon\n|-supereffective|p2a: Koraidon\n|-damage|p2a: Koraidon|0 fnt\n|faint|p2a: Koraidon\n|\n|-weather|SunnyDay|[upkeep]\n|upkeep\n|\n|t:|1698352135\n|switch|p2a: Eternatus|Eternatus|100\/100\n|-damage|p2a: Eternatus|88\/100|[from] Stealth Rock\n|-ability|p2a: Eternatus|Pressure\n|turn|11\n|\n|t:|1698352137\n|move|p1a: Miraidon|Dragon Pulse|p2a: Eternatus\n|-supereffective|p2a: Eternatus\n|-damage|p2a: Eternatus|0 fnt\n|faint|p2a: Eternatus\n|\n|-weather|none\n|upkeep\n|\n|t:|1698352145\n|switch|p2a: Regidrago|Regidrago|100\/100\n|-damage|p2a: Regidrago|88\/100|[from] Stealth Rock\n|turn|12\n|-message|we up forfeited.\n|\n|win|ToxaNex\n|n|\u2606ToxaNex|toxanex\n|n|\u2606we up|weup\n|n|*Lady Monita \u263d|ladymonita\n","uploadtime":1698352160,"views":10,"p1id":"toxanex","p2id":"weup","formatid":"gen9ubers","rating":0,"private":0,"password":""}