{"id":"gen9ubers-1982844750","p1":"uubers account","p2":"NewHoovybeast05","format":"[Gen 9] Ubers","log":"|j|\u2606uubers account\n|j|\u2606NewHoovybeast05\n|t:|1699050568\n|gametype|singles\n|player|p1|uubers account|170|\n|player|p2|NewHoovybeast05|palmer|\n|teamsize|p1|6\n|teamsize|p2|6\n|gen|9\n|tier|[Gen 9] Ubers\n|rule|Sleep Clause Mod: Limit one foe put to sleep\n|rule|Species Clause: Limit one of each Pok\u00e9mon\n|rule|OHKO Clause: OHKO moves are banned\n|rule|Evasion Items Clause: Evasion items are banned\n|rule|Evasion Moves Clause: Evasion moves are banned\n|rule|Endless Battle Clause: Forcing endless battles is banned\n|rule|HP Percentage Mod: HP is shown in percentages\n|clearpoke\n|poke|p1|Palafin, F|\n|poke|p1|Kommo-o, F|\n|poke|p1|Shaymin-Sky|\n|poke|p1|Garganacl, F|\n|poke|p1|Arceus-Dark|\n|poke|p1|Magearna|\n|poke|p2|Baxcalibur, F|\n|poke|p2|Ninetales-Alola, M|\n|poke|p2|Cyclizar, F|\n|poke|p2|Bisharp, M|\n|poke|p2|Ceruledge, M|\n|poke|p2|Arceus-Fighting|\n|teampreview\n|c|\u2606uubers account|glhf\n|c|\u2606NewHoovybeast05|u2\n|\n|t:|1699050590\n|start\n|switch|p1a: Palafin|Palafin, F|100\/100\n|switch|p2a: Ninetales|Ninetales-Alola, M|100\/100\n|-weather|Snow|[from] ability: Snow Warning|[of] p2a: Ninetales\n|turn|1\n|\n|t:|1699050600\n|detailschange|p1a: Palafin|Palafin-Hero, F\n|switch|p1a: Magearna|Magearna|100\/100\n|move|p2a: Ninetales|Aurora Veil|p2a: Ninetales\n|-sidestart|p2: NewHoovybeast05|move: Aurora Veil\n|\n|-weather|Snow|[upkeep]\n|upkeep\n|turn|2\n|\n|t:|1699050611\n|switch|p2a: Ceruledge|Ceruledge, M|100\/100\n|move|p1a: Magearna|Thunder Wave|p2a: Ceruledge\n|-status|p2a: Ceruledge|par\n|\n|-weather|Snow|[upkeep]\n|upkeep\n|turn|3\n|\n|t:|1699050620\n|move|p1a: Magearna|Spikes|p2a: Ceruledge\n|-sidestart|p2: NewHoovybeast05|Spikes\n|cant|p2a: Ceruledge|par\n|\n|-weather|Snow|[upkeep]\n|upkeep\n|turn|4\n|\n|t:|1699050628\n|switch|p2a: Cyclizar|Cyclizar, F|100\/100\n|-damage|p2a: Cyclizar|88\/100|[from] Spikes\n|move|p1a: Magearna|Spikes|p2a: Cyclizar\n|-sidestart|p2: NewHoovybeast05|Spikes\n|\n|-weather|Snow|[upkeep]\n|upkeep\n|turn|5\n|\n|t:|1699050636\n|move|p2a: Cyclizar|Shed Tail|p2a: Cyclizar\n|-start|p2a: Cyclizar|Substitute|[from] move: Shed Tail\n|-damage|p2a: Cyclizar|38\/100\n|\n|t:|1699050644\n|switch|p2a: Bisharp|Bisharp, M|100\/100|[from] Shed Tail\n|-damage|p2a: Bisharp|84\/100|[from] Spikes\n|move|p1a: Magearna|Fleur Cannon|p2a: Bisharp\n|-end|p2a: Bisharp|Substitute\n|-unboost|p1a: Magearna|spa|2\n|\n|-weather|none\n|upkeep\n|turn|6\n|\n|t:|1699050649\n|move|p2a: Bisharp|Swords Dance|p2a: Bisharp\n|-boost|p2a: Bisharp|atk|2\n|move|p1a: Magearna|Volt Switch|p2a: Bisharp\n|-damage|p2a: Bisharp|80\/100\n|\n|t:|1699050664\n|switch|p1a: Arceus|Arceus-Dark|100\/100|[from] Volt Switch\n|\n|upkeep\n|turn|7\n|\n|t:|1699050667\n|move|p1a: Arceus|Will-O-Wisp|p2a: Bisharp\n|-status|p2a: Bisharp|brn\n|move|p2a: Bisharp|Iron Head|p1a: Arceus\n|-damage|p1a: Arceus|78\/100\n|\n|-damage|p2a: Bisharp|74\/100 brn|[from] brn\n|upkeep\n|turn|8\n|\n|t:|1699050674\n|switch|p2a: Cyclizar|Cyclizar, F|71\/100\n|-damage|p2a: Cyclizar|55\/100|[from] Spikes\n|move|p1a: Arceus|Foul Play|p2a: Cyclizar\n|-damage|p2a: Cyclizar|8\/100\n|\n|-sideend|p2: NewHoovybeast05|move: Aurora Veil\n|upkeep\n|turn|9\n|\n|t:|1699050681\n|move|p2a: Cyclizar|Rapid Spin|p1a: Arceus\n|-damage|p1a: Arceus|68\/100\n|-boost|p2a: Cyclizar|spe|1\n|-sideend|p2: NewHoovybeast05|Spikes|[from] move: Rapid Spin|[of] p2a: Cyclizar\n|move|p1a: Arceus|Foul Play|p2a: Cyclizar\n|-damage|p2a: Cyclizar|0 fnt\n|faint|p2a: Cyclizar\n|\n|upkeep\n|\n|t:|1699050694\n|switch|p2a: Arceus|Arceus-Fighting|100\/100\n|turn|10\n|\n|t:|1699050699\n|move|p1a: Arceus|Taunt|p2a: Arceus\n|-start|p2a: Arceus|move: Taunt\n|move|p2a: Arceus|Judgment|p1a: Arceus\n|-supereffective|p1a: Arceus\n|-damage|p1a: Arceus|0 fnt\n|faint|p1a: Arceus\n|\n|upkeep\n|\n|t:|1699050706\n|switch|p1a: Shaymin|Shaymin-Sky|100\/100\n|turn|11\n|\n|t:|1699050713\n|switch|p2a: Ninetales|Ninetales-Alola, M|100\/100\n|-weather|Snow|[from] ability: Snow Warning|[of] p2a: Ninetales\n|move|p1a: Shaymin|Air Slash|p2a: Ninetales\n|-damage|p2a: Ninetales|67\/100\n|\n|-weather|Snow|[upkeep]\n|upkeep\n|turn|12\n|\n|t:|1699050727\n|move|p1a: Shaymin|Seed Flare|p2a: Ninetales|[miss]\n|-miss|p1a: Shaymin|p2a: Ninetales\n|move|p2a: Ninetales|Aurora Veil|p2a: Ninetales\n|-sidestart|p2: NewHoovybeast05|move: Aurora Veil\n|\n|-weather|Snow|[upkeep]\n|upkeep\n|turn|13\n|c|\u2606uubers account|thats a bad miss\n|c|\u2606NewHoovybeast05|yeah i can tell\n|\n|t:|1699050748\n|switch|p1a: Magearna|Magearna|100\/100\n|move|p2a: Ninetales|Freeze-Dry|p1a: Magearna\n|-resisted|p1a: Magearna\n|-damage|p1a: Magearna|92\/100\n|\n|-weather|Snow|[upkeep]\n|-heal|p1a: Magearna|98\/100|[from] item: Leftovers\n|upkeep\n|turn|14\n|\n|t:|1699050761\n|move|p2a: Ninetales|Moonblast|p1a: Magearna\n|-resisted|p1a: Magearna\n|-damage|p1a: Magearna|88\/100\n|move|p1a: Magearna|Thunder Wave|p2a: Ninetales\n|-status|p2a: Ninetales|par\n|\n|-weather|Snow|[upkeep]\n|-heal|p1a: Magearna|94\/100|[from] item: Leftovers\n|upkeep\n|turn|15\n|\n|t:|1699050772\n|switch|p2a: Baxcalibur|Baxcalibur, F|100\/100\n|move|p1a: Magearna|Spikes|p2a: Baxcalibur\n|-sidestart|p2: NewHoovybeast05|Spikes\n|\n|-weather|none\n|-heal|p1a: Magearna|99\/100|[from] item: Leftovers\n|upkeep\n|turn|16\n|\n|t:|1699050782\n|move|p2a: Baxcalibur|Swords Dance|p2a: Baxcalibur\n|-boost|p2a: Baxcalibur|atk|2\n|move|p1a: Magearna|Thunder Wave|p2a: Baxcalibur\n|-status|p2a: Baxcalibur|par\n|\n|-heal|p1a: Magearna|100\/100|[from] item: Leftovers\n|upkeep\n|turn|17\n|\n|t:|1699050791\n|move|p1a: Magearna|Volt Switch|p2a: Baxcalibur\n|-resisted|p2a: Baxcalibur\n|-damage|p2a: Baxcalibur|96\/100 par\n|\n|t:|1699050794\n|switch|p1a: Garganacl|Garganacl, F|100\/100|[from] Volt Switch\n|cant|p2a: Baxcalibur|par\n|\n|upkeep\n|turn|18\n|\n|t:|1699050799\n|move|p2a: Baxcalibur|Earthquake|p1a: Garganacl\n|-supereffective|p1a: Garganacl\n|-damage|p1a: Garganacl|0 fnt\n|faint|p1a: Garganacl\n|\n|upkeep\n|\n|t:|1699050808\n|switch|p1a: Kommo-o|Kommo-o, F|100\/100\n|turn|19\n|\n|t:|1699050814\n|-terastallize|p1a: Kommo-o|Steel\n|move|p1a: Kommo-o|Clangorous Soul|p1a: Kommo-o\n|-boost|p1a: Kommo-o|atk|1\n|-boost|p1a: Kommo-o|def|1\n|-boost|p1a: Kommo-o|spa|1\n|-boost|p1a: Kommo-o|spd|1\n|-boost|p1a: Kommo-o|spe|1\n|-damage|p1a: Kommo-o|68\/100\n|-enditem|p1a: Kommo-o|Throat Spray\n|-boost|p1a: Kommo-o|spa|1|[from] item: Throat Spray\n|move|p2a: Baxcalibur|Scale Shot|p1a: Kommo-o\n|-resisted|p1a: Kommo-o\n|-damage|p1a: Kommo-o|59\/100\n|-resisted|p1a: Kommo-o\n|-damage|p1a: Kommo-o|50\/100\n|-resisted|p1a: Kommo-o\n|-damage|p1a: Kommo-o|41\/100\n|-resisted|p1a: Kommo-o\n|-damage|p1a: Kommo-o|32\/100\n|-hitcount|p1a: Kommo-o|4\n|-unboost|p2a: Baxcalibur|def|1\n|-boost|p2a: Baxcalibur|spe|1\n|\n|-sideend|p2: NewHoovybeast05|move: Aurora Veil\n|upkeep\n|turn|20\n|\n|t:|1699050821\n|move|p1a: Kommo-o|Flash Cannon|p2a: Baxcalibur\n|-supereffective|p2a: Baxcalibur\n|-damage|p2a: Baxcalibur|0 fnt\n|faint|p2a: Baxcalibur\n|\n|upkeep\n|\n|t:|1699050833\n|switch|p2a: Arceus|Arceus-Fighting|100\/100\n|-damage|p2a: Arceus|88\/100|[from] Spikes\n|turn|21\n|\n|t:|1699050844\n|move|p1a: Kommo-o|Focus Blast|p2a: Arceus\n|-damage|p2a: Arceus|17\/100\n|move|p2a: Arceus|Judgment|p1a: Kommo-o\n|-supereffective|p1a: Kommo-o\n|-damage|p1a: Kommo-o|0 fnt\n|faint|p1a: Kommo-o\n|\n|upkeep\n|\n|t:|1699050852\n|switch|p1a: Palafin|Palafin-Hero, F|100\/100\n|-activate|p1a: Palafin|ability: Zero to Hero\n|turn|22\n|\n|t:|1699050858\n|move|p1a: Palafin|Jet Punch|p2a: Arceus\n|-damage|p2a: Arceus|0 fnt\n|faint|p2a: Arceus\n|\n|upkeep\n|\n|t:|1699050861\n|switch|p2a: Ninetales|Ninetales-Alola, M|67\/100 par\n|-damage|p2a: Ninetales|54\/100 par|[from] Spikes\n|-weather|Snow|[from] ability: Snow Warning|[of] p2a: Ninetales\n|turn|23\n|\n|t:|1699050865\n|move|p1a: Palafin|Jet Punch|p2a: Ninetales\n|-damage|p2a: Ninetales|2\/100 par\n|cant|p2a: Ninetales|par\n|\n|-weather|Snow|[upkeep]\n|upkeep\n|turn|24\n|c|\u2606NewHoovybeast05|yeah gg\n|\n|t:|1699050873\n|move|p1a: Palafin|Jet Punch|p2a: Ninetales\n|-damage|p2a: Ninetales|0 fnt\n|faint|p2a: Ninetales\n|\n|-weather|Snow|[upkeep]\n|upkeep\n|c|\u2606uubers account|gg\n|\n|t:|1699050880\n|switch|p2a: Bisharp|Bisharp, M|74\/100 brn\n|-damage|p2a: Bisharp|62\/100 brn|[from] Spikes\n|turn|25\n|\n|t:|1699050884\n|switch|p1a: Magearna|Magearna|100\/100\n|move|p2a: Bisharp|Sucker Punch||[still]\n|-fail|p2a: Bisharp\n|\n|-weather|Snow|[upkeep]\n|-damage|p2a: Bisharp|56\/100 brn|[from] brn\n|upkeep\n|turn|26\n|\n|t:|1699050889\n|move|p2a: Bisharp|Swords Dance|p2a: Bisharp\n|-boost|p2a: Bisharp|atk|2\n|move|p1a: Magearna|Fleur Cannon|p2a: Bisharp\n|-damage|p2a: Bisharp|4\/100 brn\n|-unboost|p1a: Magearna|spa|2\n|\n|-weather|Snow|[upkeep]\n|-damage|p2a: Bisharp|0 fnt|[from] brn\n|faint|p2a: Bisharp\n|-ability|p1a: Magearna|Soul-Heart|boost\n|-boost|p1a: Magearna|spa|1\n|upkeep\n|\n|t:|1699050891\n|switch|p2a: Ceruledge|Ceruledge, M|100\/100 par\n|turn|27\n|\n|t:|1699050895\n|move|p1a: Magearna|Volt Switch|p2a: Ceruledge\n|-damage|p2a: Ceruledge|85\/100 par\n|\n|t:|1699050897\n|switch|p1a: Palafin|Palafin-Hero, F|100\/100|[from] Volt Switch\n|cant|p2a: Ceruledge|par\n|\n|-weather|none\n|upkeep\n|turn|28\n|\n|t:|1699050902\n|-terastallize|p2a: Ceruledge|Fighting\n|move|p1a: Palafin|Jet Punch|p2a: Ceruledge\n|-damage|p2a: Ceruledge|4\/100 par\n|-ability|p2a: Ceruledge|Weak Armor|boost\n|-unboost|p2a: Ceruledge|def|1\n|-boost|p2a: Ceruledge|spe|2\n|move|p2a: Ceruledge|Poltergeist|p1a: Palafin\n|-activate|p1a: Palafin|move: Poltergeist|Choice Band\n|-damage|p1a: Palafin|50\/100\n|\n|upkeep\n|turn|29\n|\n|t:|1699050909\n|move|p1a: Palafin|Jet Punch|p2a: Ceruledge\n|-damage|p2a: Ceruledge|0 fnt\n|faint|p2a: Ceruledge\n|\n|win|uubers account\n|c|\u2606uubers account|gg\n|c|\u2606NewHoovybeast05|gg\n","uploadtime":1699050914,"views":9,"p1id":"uubersaccount","p2id":"newhoovybeast05","formatid":"gen9ubers","rating":0,"private":0,"password":""}