{"id":"gen9ubers-1975639227","p1":"thotopo","p2":"MeteorAsh15","format":"[Gen 9] Ubers","log":"|j|\u2606thotopo\n|j|\u2606MeteorAsh15\n|t:|1698217565\n|gametype|singles\n|player|p1|thotopo|169|1248\n|player|p2|MeteorAsh15|2|1218\n|teamsize|p1|6\n|teamsize|p2|6\n|gen|9\n|tier|[Gen 9] Ubers\n|rated|\n|rule|Sleep Clause Mod: Limit one foe put to sleep\n|rule|Species Clause: Limit one of each Pok\u00e9mon\n|rule|OHKO Clause: OHKO moves are banned\n|rule|Evasion Items Clause: Evasion items are banned\n|rule|Evasion Moves Clause: Evasion moves are banned\n|rule|Endless Battle Clause: Forcing endless battles is banned\n|rule|HP Percentage Mod: HP is shown in percentages\n|clearpoke\n|poke|p1|Annihilape, F|\n|poke|p1|Sneasler, M|\n|poke|p1|Ogerpon-Hearthflame, F|\n|poke|p1|Amoonguss, M|\n|poke|p1|Chien-Pao|\n|poke|p1|Skeledirge, F|\n|poke|p2|Baxcalibur, F|\n|poke|p2|Ninetales-Alola, F|\n|poke|p2|Chien-Pao|\n|poke|p2|Zacian-*|\n|poke|p2|Tornadus, M|\n|poke|p2|Darkrai|\n|teampreview\n|inactive|Battle timer is ON: inactive players will automatically lose when time's up. (requested by MeteorAsh15)\n|\n|t:|1698217579\n|start\n|switch|p1a: Ogerpon|Ogerpon-Hearthflame, F|100\/100\n|switch|p2a: Darkrai|Darkrai|100\/100\n|-ability|p1a: Ogerpon|Mold Breaker\n|turn|1\n|\n|t:|1698217590\n|move|p2a: Darkrai|Hypnosis|p1a: Ogerpon\n|-status|p1a: Ogerpon|slp|[from] move: Hypnosis\n|cant|p1a: Ogerpon|slp\n|\n|-damage|p1a: Ogerpon|88\/100 slp|[from] ability: Bad Dreams|[of] p2a: Darkrai\n|upkeep\n|turn|2\n|\n|t:|1698217598\n|switch|p1a: Amoonguss|Amoonguss, M|100\/100\n|move|p2a: Darkrai|Foul Play|p1a: Amoonguss\n|-damage|p1a: Amoonguss|84\/100\n|\n|-heal|p1a: Amoonguss|90\/100|[from] item: Leftovers\n|upkeep\n|turn|3\n|\n|t:|1698217607\n|move|p2a: Darkrai|Ice Beam|p1a: Amoonguss\n|-supereffective|p1a: Amoonguss\n|-damage|p1a: Amoonguss|26\/100\n|move|p1a: Amoonguss|Spore|p2a: Darkrai\n|-status|p2a: Darkrai|slp|[from] move: Spore\n|\n|-heal|p1a: Amoonguss|33\/100|[from] item: Leftovers\n|upkeep\n|turn|4\n|\n|t:|1698217616\n|switch|p1a: Ogerpon|Ogerpon-Hearthflame, F|88\/100 slp\n|-ability|p1a: Ogerpon|Mold Breaker\n|cant|p2a: Darkrai|slp\n|\n|-damage|p1a: Ogerpon|76\/100 slp|[from] ability: Bad Dreams|[of] p2a: Darkrai\n|upkeep\n|turn|5\n|\n|t:|1698217626\n|cant|p2a: Darkrai|slp\n|cant|p1a: Ogerpon|slp\n|\n|-damage|p1a: Ogerpon|64\/100 slp|[from] ability: Bad Dreams|[of] p2a: Darkrai\n|upkeep\n|turn|6\n|\n|t:|1698217633\n|-curestatus|p2a: Darkrai|slp|[msg]\n|move|p2a: Darkrai|Foul Play|p1a: Ogerpon\n|-damage|p1a: Ogerpon|3\/100 slp\n|cant|p1a: Ogerpon|slp\n|\n|-damage|p1a: Ogerpon|0 fnt|[from] ability: Bad Dreams|[of] p2a: Darkrai\n|faint|p1a: Ogerpon\n|upkeep\n|\n|t:|1698217650\n|switch|p1a: Annihilape|Annihilape, F|100\/100\n|turn|7\n|\n|t:|1698217658\n|move|p2a: Darkrai|Foul Play|p1a: Annihilape\n|-damage|p1a: Annihilape|49\/100\n|move|p1a: Annihilape|Drain Punch|p2a: Darkrai\n|-supereffective|p2a: Darkrai\n|-enditem|p2a: Darkrai|Focus Sash\n|-damage|p2a: Darkrai|1\/100\n|-heal|p1a: Annihilape|82\/100|[from] drain|[of] p2a: Darkrai\n|\n|-heal|p1a: Annihilape|88\/100|[from] item: Leftovers\n|upkeep\n|turn|8\n|\n|t:|1698217671\n|move|p2a: Darkrai|Hypnosis|p1a: Annihilape\n|-status|p1a: Annihilape|slp|[from] move: Hypnosis\n|cant|p1a: Annihilape|slp\n|\n|-heal|p1a: Annihilape|94\/100 slp|[from] item: Leftovers\n|-damage|p1a: Annihilape|82\/100 slp|[from] ability: Bad Dreams|[of] p2a: Darkrai\n|upkeep\n|turn|9\n|\n|t:|1698217687\n|switch|p1a: Skeledirge|Skeledirge, F|100\/100\n|move|p2a: Darkrai|Foul Play|p1a: Skeledirge\n|-supereffective|p1a: Skeledirge\n|-damage|p1a: Skeledirge|68\/100\n|\n|-heal|p1a: Skeledirge|74\/100|[from] item: Leftovers\n|upkeep\n|turn|10\n|\n|t:|1698217705\n|move|p2a: Darkrai|Foul Play|p1a: Skeledirge\n|-supereffective|p1a: Skeledirge\n|-damage|p1a: Skeledirge|39\/100\n|move|p1a: Skeledirge|Torch Song|p2a: Darkrai\n|-damage|p2a: Darkrai|0 fnt\n|-boost|p1a: Skeledirge|spa|1\n|faint|p2a: Darkrai\n|\n|-heal|p1a: Skeledirge|45\/100|[from] item: Leftovers\n|upkeep\n|\n|t:|1698217716\n|switch|p2a: Chien-Pao|Chien-Pao|100\/100\n|-ability|p2a: Chien-Pao|Sword of Ruin\n|turn|11\n|\n|t:|1698217727\n|-terastallize|p1a: Skeledirge|Fairy\n|move|p2a: Chien-Pao|Sucker Punch||[still]\n|-fail|p2a: Chien-Pao\n|move|p1a: Skeledirge|Will-O-Wisp|p2a: Chien-Pao|[miss]\n|-miss|p1a: Skeledirge|p2a: Chien-Pao\n|\n|-heal|p1a: Skeledirge|51\/100|[from] item: Leftovers\n|upkeep\n|turn|12\n|\n|t:|1698217741\n|switch|p2a: Ninetales|Ninetales-Alola, F|100\/100\n|-weather|Snow|[from] ability: Snow Warning|[of] p2a: Ninetales\n|move|p1a: Skeledirge|Torch Song|p2a: Ninetales\n|-supereffective|p2a: Ninetales\n|-damage|p2a: Ninetales|11\/100\n|-boost|p1a: Skeledirge|spa|1\n|\n|-weather|Snow|[upkeep]\n|-heal|p1a: Skeledirge|57\/100|[from] item: Leftovers\n|upkeep\n|turn|13\n|\n|t:|1698217756\n|move|p2a: Ninetales|Aurora Veil|p2a: Ninetales\n|-sidestart|p2: MeteorAsh15|move: Aurora Veil\n|move|p1a: Skeledirge|Torch Song|p2a: Ninetales\n|-supereffective|p2a: Ninetales\n|-damage|p2a: Ninetales|0 fnt\n|-boost|p1a: Skeledirge|spa|1\n|faint|p2a: Ninetales\n|\n|-weather|Snow|[upkeep]\n|-heal|p1a: Skeledirge|63\/100|[from] item: Leftovers\n|upkeep\n|\n|t:|1698217767\n|switch|p2a: Baxcalibur|Baxcalibur, F|100\/100\n|turn|14\n|\n|t:|1698217776\n|move|p2a: Baxcalibur|Icicle Spear|p1a: Skeledirge\n|-damage|p1a: Skeledirge|52\/100\n|-damage|p1a: Skeledirge|41\/100\n|-damage|p1a: Skeledirge|30\/100\n|-damage|p1a: Skeledirge|18\/100\n|-damage|p1a: Skeledirge|5\/100\n|-hitcount|p1a: Skeledirge|5\n|move|p1a: Skeledirge|Torch Song|p2a: Baxcalibur\n|-damage|p2a: Baxcalibur|60\/100\n|-boost|p1a: Skeledirge|spa|1\n|-ability|p2a: Baxcalibur|Thermal Exchange|boost\n|-boost|p2a: Baxcalibur|atk|1\n|\n|-weather|Snow|[upkeep]\n|-heal|p1a: Skeledirge|11\/100|[from] item: Leftovers\n|upkeep\n|turn|15\n|\n|t:|1698217794\n|move|p2a: Baxcalibur|Earthquake|p1a: Skeledirge\n|-damage|p1a: Skeledirge|0 fnt\n|faint|p1a: Skeledirge\n|\n|-weather|Snow|[upkeep]\n|upkeep\n|inactive|thotopo has 120 seconds left.\n|\n|t:|1698217815\n|switch|p1a: Chien-Pao|Chien-Pao|100\/100\n|-ability|p1a: Chien-Pao|Sword of Ruin\n|turn|16\n|\n|t:|1698217821\n|move|p1a: Chien-Pao|Sacred Sword|p2a: Baxcalibur\n|-supereffective|p2a: Baxcalibur\n|-damage|p2a: Baxcalibur|17\/100\n|move|p2a: Baxcalibur|Scale Shot|p1a: Chien-Pao\n|-damage|p1a: Chien-Pao|83\/100\n|-damage|p1a: Chien-Pao|62\/100\n|-damage|p1a: Chien-Pao|42\/100\n|-damage|p1a: Chien-Pao|23\/100\n|-damage|p1a: Chien-Pao|4\/100\n|-hitcount|p1a: Chien-Pao|5\n|-unboost|p2a: Baxcalibur|def|1\n|-boost|p2a: Baxcalibur|spe|1\n|\n|-weather|none\n|upkeep\n|turn|17\n|-message|thotopo forfeited.\n|\n|win|MeteorAsh15\n|raw|thotopo's rating: 1248 &rarr; <strong>1221<\/strong><br \/>(-27 for losing)\n|raw|MeteorAsh15's rating: 1218 &rarr; <strong>1245<\/strong><br \/>(+27 for winning)\n|l|\u2606thotopo\n","uploadtime":1698217840,"views":8,"p1id":"thotopo","p2id":"meteorash15","formatid":"gen9ubers","rating":1221,"private":0,"password":""}