{"id":"gen9ubers-1995592449","p1":"KeshBa45","p2":"divineblob","format":"[Gen 9] Ubers","log":"|j|\u203dKeshBa45\n|j|\u2606divineblob\n|t:|1700585699\n|gametype|singles\n|player|p1|KeshBa45|red|\n|player|p2|divineblob|alec-anime|\n|teamsize|p1|6\n|teamsize|p2|6\n|gen|9\n|tier|[Gen 9] Ubers\n|rated|Tournament battle\n|rule|Sleep Clause Mod: Limit one foe put to sleep\n|rule|Species Clause: Limit one of each Pok\u00e9mon\n|rule|OHKO Clause: OHKO moves are banned\n|rule|Evasion Items Clause: Evasion items are banned\n|rule|Evasion Moves Clause: Evasion moves are banned\n|rule|Endless Battle Clause: Forcing endless battles is banned\n|rule|HP Percentage Mod: HP is shown in percentages\n|clearpoke\n|poke|p1|Ribombee, F|\n|poke|p1|Mewtwo|\n|poke|p1|Miraidon|\n|poke|p1|Eternatus|\n|poke|p1|Zacian-*|\n|poke|p1|Arceus|\n|poke|p2|Ribombee, F|\n|poke|p2|Rayquaza|\n|poke|p2|Koraidon|\n|poke|p2|Arceus-Ground|\n|poke|p2|Miraidon|\n|poke|p2|Basculegion, M|\n|teampreview\n|inactive|Battle timer is ON: inactive players will automatically lose when time's up. (requested by divineblob)\n|j|+OreoSpeedruns\n|c|\u2606divineblob|hf\n|\n|t:|1700585721\n|start\n|switch|p1a: Ribombee|Ribombee, F, shiny|100\/100\n|switch|p2a: Miraidon|Miraidon|100\/100\n|-fieldstart|move: Electric Terrain|[from] ability: Hadron Engine|[of] p2a: Miraidon\n|turn|1\n|\n|t:|1700585728\n|move|p2a: Miraidon|Taunt|p1a: Ribombee\n|-start|p1a: Ribombee|move: Taunt\n|move|p1a: Ribombee|Moonblast|p2a: Miraidon\n|-supereffective|p2a: Miraidon\n|-damage|p2a: Miraidon|30\/100\n|\n|upkeep\n|turn|2\n|j| Primordiallite\n|inactive|KeshBa45 has 120 seconds left.\n|\n|t:|1700585761\n|switch|p1a: Eternatus|Eternatus|100\/100\n|-ability|p1a: Eternatus|Pressure\n|move|p2a: Miraidon|Parabolic Charge|p1a: Eternatus\n|-resisted|p1a: Eternatus\n|-damage|p1a: Eternatus|73\/100\n|-heal|p2a: Miraidon|49\/100|[from] drain|[of] p1a: Eternatus\n|-damage|p2a: Miraidon|40\/100|[from] item: Life Orb\n|\n|-heal|p1a: Eternatus|79\/100|[from] item: Leftovers\n|upkeep\n|turn|3\n|inactive|KeshBa45 has 120 seconds left.\n|\n|t:|1700585795\n|move|p2a: Miraidon|Dragon Pulse|p1a: Eternatus\n|-supereffective|p1a: Eternatus\n|-damage|p1a: Eternatus|0 fnt\n|faint|p1a: Eternatus\n|-damage|p2a: Miraidon|30\/100|[from] item: Life Orb\n|\n|upkeep\n|\n|t:|1700585804\n|switch|p1a: Arceus|Arceus|100\/100\n|turn|4\n|l|\u203dKeshBa45\n|inactive|KeshBa45 disconnected and has a minute to reconnect!\n|player|p1|\n|j|\u203dKeshBa45\n|inactive|KeshBa45 reconnected and has 80 seconds left.\n|player|p1|KeshBa45|red\n|n|\u203dKeshBa45|keshba45\n|n|\u203dKeshBa45|keshba45\n|n|\u203dKeshBa45|keshba45\n|n|\u203dKeshBa45|keshba45\n|n|\u203dKeshBa45|keshba45\n|c|\u2606divineblob|;-;\n|\n|t:|1700585845\n|switch|p2a: Arceus|Arceus-Ground, shiny|100\/100\n|move|p1a: Arceus|Extreme Speed|p2a: Arceus\n|-damage|p2a: Arceus|74\/100\n|\n|upkeep\n|turn|5\n|\n|t:|1700585858\n|switch|p1a: Mewtwo|Mewtwo, shiny|100\/100\n|-ability|p1a: Mewtwo|Pressure\n|move|p2a: Arceus|Taunt|p1a: Mewtwo\n|-start|p1a: Mewtwo|move: Taunt\n|\n|-fieldend|move: Electric Terrain\n|upkeep\n|turn|6\n|\n|t:|1700585867\n|move|p1a: Mewtwo|Grass Knot|p2a: Arceus\n|-supereffective|p2a: Arceus\n|-damage|p2a: Arceus|0 fnt\n|faint|p2a: Arceus\n|-damage|p1a: Mewtwo|91\/100|[from] item: Life Orb\n|\n|upkeep\n|\n|t:|1700585873\n|switch|p2a: Ribombee|Ribombee, F, shiny|100\/100\n|turn|7\n|inactive|KeshBa45 has 60 seconds left.\n|\n|t:|1700585906\n|switch|p1a: Ribombee|Ribombee, F, shiny|100\/100\n|move|p2a: Ribombee|Sticky Web|p1a: Ribombee\n|-sidestart|p1: KeshBa45|move: Sticky Web\n|\n|upkeep\n|turn|8\n|\n|t:|1700585912\n|move|p1a: Ribombee|Sticky Web|p2a: Ribombee\n|-sidestart|p2: divineblob|move: Sticky Web\n|move|p2a: Ribombee|Moonblast|p1a: Ribombee\n|-damage|p1a: Ribombee|25\/100\n|\n|upkeep\n|turn|9\n|\n|t:|1700585916\n|move|p2a: Ribombee|Tailwind|p2a: Ribombee\n|-sidestart|p2: divineblob|move: Tailwind\n|move|p1a: Ribombee|Moonblast|p2a: Ribombee\n|-damage|p2a: Ribombee|28\/100\n|\n|upkeep\n|turn|10\n|\n|t:|1700585920\n|move|p2a: Ribombee|Moonblast|p1a: Ribombee\n|-damage|p1a: Ribombee|0 fnt\n|faint|p1a: Ribombee\n|\n|upkeep\n|inactive|KeshBa45 has 90 seconds left.\n|\n|t:|1700585950\n|switch|p1a: Arceus|Arceus|100\/100\n|turn|11\n|\n|t:|1700585955\n|move|p1a: Arceus|Extreme Speed|p2a: Ribombee\n|-damage|p2a: Ribombee|0 fnt\n|faint|p2a: Ribombee\n|\n|upkeep\n|\n|t:|1700585962\n|switch|p2a: Koraidon|Koraidon|100\/100\n|-activate|p2a: Koraidon|move: Sticky Web\n|-unboost|p2a: Koraidon|spe|1\n|-weather|SunnyDay|[from] ability: Orichalcum Pulse|[of] p2a: Koraidon\n|-activate|p2a: Koraidon|Orichalcum Pulse|[source]\n|turn|12\n|\n|t:|1700585971\n|-terastallize|p1a: Arceus|Ghost\n|move|p2a: Koraidon|Scale Shot|p1a: Arceus\n|-damage|p1a: Arceus|86\/100\n|-damage|p1a: Arceus|73\/100\n|-damage|p1a: Arceus|59\/100\n|-damage|p1a: Arceus|45\/100\n|-hitcount|p1a: Arceus|4\n|-unboost|p2a: Koraidon|def|1\n|-boost|p2a: Koraidon|spe|1\n|move|p1a: Arceus|Swords Dance|p1a: Arceus\n|-boost|p1a: Arceus|atk|2\n|\n|-weather|SunnyDay|[upkeep]\n|-sideend|p2: divineblob|move: Tailwind\n|upkeep\n|turn|13\n|inactive|KeshBa45 has 90 seconds left.\n|inactive|KeshBa45 has 60 seconds left.\n|inactive|divineblob has 120 seconds left.\n|inactive|KeshBa45 has 30 seconds left.\n|\n|t:|1700586044\n|-terastallize|p2a: Koraidon|Ghost\n|move|p1a: Arceus|Shadow Claw|p2a: Koraidon\n|-supereffective|p2a: Koraidon\n|-damage|p2a: Koraidon|0 fnt\n|faint|p2a: Koraidon\n|\n|-weather|SunnyDay|[upkeep]\n|upkeep\n|inactive|KeshBa45 has 30 seconds left this turn.\n|c|\u2606divineblob|oof\n|\n|t:|1700586056\n|switch|p2a: Rayquaza|Rayquaza, shiny|100\/100\n|-ability|p2a: Rayquaza|Air Lock\n|turn|14\n|\n|t:|1700586065\n|move|p1a: Arceus|Extreme Speed|p2a: Rayquaza\n|-damage|p2a: Rayquaza|13\/100\n|move|p2a: Rayquaza|Dragon Ascent|p1a: Arceus\n|-damage|p1a: Arceus|0 fnt\n|-unboost|p2a: Rayquaza|def|1\n|-unboost|p2a: Rayquaza|spd|1\n|faint|p1a: Arceus\n|-damage|p2a: Rayquaza|3\/100|[from] item: Life Orb\n|\n|-weather|SunnyDay|[upkeep]\n|upkeep\n|c|\u2606divineblob|thank god\n|inactive|KeshBa45 has 30 seconds left.\n|\n|t:|1700586082\n|switch|p1a: Mewtwo|Mewtwo, shiny|91\/100\n|-activate|p1a: Mewtwo|move: Sticky Web\n|-unboost|p1a: Mewtwo|spe|1\n|-ability|p1a: Mewtwo|Pressure\n|turn|15\n|c|+OreoSpeedruns|you still lose tho\n|inactive|divineblob has 120 seconds left.\n|c|\u2606divineblob|no i dont >:3\n|c|\u2606divineblob|i have a tech\n|inactive|KeshBa45 has 30 seconds left.\n|c|\u2606divineblob|~~please work qwq~~\n|l| Primordiallite\n|\n|t:|1700586108\n|move|p2a: Rayquaza|Extreme Speed|p1a: Mewtwo\n|-damage|p1a: Mewtwo|46\/100\n|-damage|p2a: Rayquaza|0 fnt|[from] item: Life Orb\n|faint|p2a: Rayquaza\n|move|p1a: Mewtwo|Psystrike|p2: Rayquaza|[notarget]\n|-fail|p1a: Mewtwo\n|\n|-weather|SunnyDay|[upkeep]\n|upkeep\n|j| Primordiallite\n|\n|t:|1700586112\n|switch|p2a: Miraidon|Miraidon|30\/100\n|-activate|p2a: Miraidon|move: Sticky Web\n|-unboost|p2a: Miraidon|spe|1\n|-fieldstart|move: Electric Terrain|[from] ability: Hadron Engine|[of] p2a: Miraidon\n|turn|16\n|c|+OreoSpeedruns|damn\n|\n|t:|1700586118\n|move|p2a: Miraidon|Parabolic Charge|p1a: Mewtwo\n|-damage|p1a: Mewtwo|0 fnt\n|-heal|p2a: Miraidon|53\/100|[from] drain|[of] p1a: Mewtwo\n|faint|p1a: Mewtwo\n|-damage|p2a: Miraidon|43\/100|[from] item: Life Orb\n|\n|-weather|none\n|upkeep\n|c|+OreoSpeedruns|nice tech\n|\n|t:|1700586125\n|switch|p1a: Zacian|Zacian-Crowned, shiny|100\/100\n|-activate|p1a: Zacian|move: Sticky Web\n|-unboost|p1a: Zacian|spe|1\n|-ability|p1a: Zacian|Intrepid Sword|boost\n|-boost|p1a: Zacian|atk|1\n|turn|17\n|c|\u2606divineblob|wait for it\n|\n|t:|1700586131\n|move|p1a: Zacian|Play Rough|p2a: Miraidon\n|-supereffective|p2a: Miraidon\n|-damage|p2a: Miraidon|0 fnt\n|faint|p2a: Miraidon\n|\n|upkeep\n|\n|t:|1700586134\n|switch|p2a: Basculegion|Basculegion, M, shiny|100\/100\n|-activate|p2a: Basculegion|move: Sticky Web\n|-unboost|p2a: Basculegion|spe|1\n|turn|18\n|c|\u2606divineblob|please qwq\n|\n|t:|1700586145\n|move|p1a: Zacian|Wild Charge|p2a: Basculegion\n|-supereffective|p2a: Basculegion\n|-damage|p2a: Basculegion|0 fnt\n|faint|p2a: Basculegion\n|-damage|p1a: Zacian|71\/100|[from] Recoil\n|\n|win|KeshBa45\n|n|\u2606divineblob|divineblob\n|n| OreoSpeedruns|oreospeedruns\n|n|\u203dKeshBa45|keshba45\n|n| Primordiallite|primordiallite\n","uploadtime":1700586146,"views":1,"p1id":"keshba45","p2id":"divineblob","formatid":"gen9ubers","rating":0,"private":0,"password":""}