{"id":"gen9ubers-1996991555","p1":"Fhdkjseng.kdjx","p2":"ShadezGXD","format":"[Gen 9] Ubers","log":"|j|\u2606Fhdkjseng.kdjx\n|j|\u2606ShadezGXD\n|t:|1700753328\n|gametype|singles\n|player|p1|Fhdkjseng.kdjx|266|1000\n|player|p2|ShadezGXD|101|1046\n|teamsize|p1|6\n|teamsize|p2|6\n|gen|9\n|tier|[Gen 9] Ubers\n|rated|\n|rule|Sleep Clause Mod: Limit one foe put to sleep\n|rule|Species Clause: Limit one of each Pok\u00e9mon\n|rule|OHKO Clause: OHKO moves are banned\n|rule|Evasion Items Clause: Evasion items are banned\n|rule|Evasion Moves Clause: Evasion moves are banned\n|rule|Endless Battle Clause: Forcing endless battles is banned\n|rule|HP Percentage Mod: HP is shown in percentages\n|clearpoke\n|poke|p1|Chien-Pao|\n|poke|p1|Rillaboom, F|\n|poke|p1|Miraidon|\n|poke|p1|Iron Bundle|\n|poke|p1|Arcanine-Hisui, M|\n|poke|p1|Iron Jugulis|\n|poke|p2|Alomomola, M|\n|poke|p2|Gliscor, M|\n|poke|p2|Annihilape, M|\n|poke|p2|Slowking-Galar, M|\n|poke|p2|Volcarona, F|\n|poke|p2|Magearna|\n|teampreview\n|\n|t:|1700753337\n|start\n|switch|p1a: From3000|Miraidon|100\/100\n|switch|p2a: Gliscor|Gliscor, M|100\/100\n|-fieldstart|move: Electric Terrain|[from] ability: Hadron Engine|[of] p1a: From3000\n|turn|1\n|\n|t:|1700753343\n|move|p1a: From3000|Draco Meteor|p2a: Gliscor\n|-damage|p2a: Gliscor|0 fnt\n|-unboost|p1a: From3000|spa|2\n|faint|p2a: Gliscor\n|\n|upkeep\n|\n|t:|1700753355\n|switch|p2a: Volcarona|Volcarona, F|100\/100\n|turn|2\n|\n|t:|1700753369\n|switch|p1a: MONKEY|Rillaboom, F|100\/100\n|-fieldstart|move: Grassy Terrain|[from] ability: Grassy Surge|[of] p1a: MONKEY\n|move|p2a: Volcarona|Quiver Dance|p2a: Volcarona\n|-boost|p2a: Volcarona|spa|1\n|-boost|p2a: Volcarona|spd|1\n|-boost|p2a: Volcarona|spe|1\n|\n|upkeep\n|turn|3\n|\n|t:|1700753384\n|-terastallize|p2a: Volcarona|Dragon\n|move|p2a: Volcarona|Quiver Dance|p2a: Volcarona\n|-boost|p2a: Volcarona|spa|1\n|-boost|p2a: Volcarona|spd|1\n|-boost|p2a: Volcarona|spe|1\n|move|p1a: MONKEY|Earthquake|p2a: Volcarona\n|-damage|p2a: Volcarona|53\/100\n|\n|-heal|p2a: Volcarona|59\/100|[from] Grassy Terrain\n|-heal|p2a: Volcarona|65\/100|[from] item: Leftovers\n|upkeep\n|turn|4\n|\n|t:|1700753401\n|switch|p1a: H\u00f3la|Iron Bundle|100\/100\n|-enditem|p1a: H\u00f3la|Booster Energy\n|-activate|p1a: H\u00f3la|ability: Quark Drive|[fromitem]\n|-start|p1a: H\u00f3la|quarkdrivespa\n|move|p2a: Volcarona|Fiery Dance|p1a: H\u00f3la\n|-damage|p1a: H\u00f3la|0 fnt\n|-boost|p2a: Volcarona|spa|1\n|faint|p1a: H\u00f3la\n|-end|p1a: H\u00f3la|Quark Drive|[silent]\n|\n|-heal|p2a: Volcarona|72\/100|[from] Grassy Terrain\n|-heal|p2a: Volcarona|78\/100|[from] item: Leftovers\n|upkeep\n|\n|t:|1700753414\n|switch|p1a: From3000|Miraidon|100\/100\n|-fieldstart|move: Electric Terrain|[from] ability: Hadron Engine|[of] p1a: From3000\n|turn|5\n|\n|t:|1700753419\n|move|p2a: Volcarona|Bug Buzz|p1a: From3000\n|-damage|p1a: From3000|0 fnt\n|faint|p1a: From3000\n|\n|-heal|p2a: Volcarona|84\/100|[from] item: Leftovers\n|upkeep\n|\n|t:|1700753426\n|switch|p1a: MONKEY|Rillaboom, F|100\/100\n|-fieldstart|move: Grassy Terrain|[from] ability: Grassy Surge|[of] p1a: MONKEY\n|turn|6\n|\n|t:|1700753430\n|move|p1a: MONKEY|Grassy Glide|p2a: Volcarona\n|-resisted|p2a: Volcarona\n|-damage|p2a: Volcarona|37\/100\n|-status|p1a: MONKEY|brn|[from] ability: Flame Body|[of] p2a: Volcarona\n|move|p2a: Volcarona|Fiery Dance|p1a: MONKEY\n|-supereffective|p1a: MONKEY\n|-damage|p1a: MONKEY|0 fnt\n|-boost|p2a: Volcarona|spa|1\n|faint|p1a: MONKEY\n|\n|-heal|p2a: Volcarona|43\/100|[from] Grassy Terrain\n|-heal|p2a: Volcarona|49\/100|[from] item: Leftovers\n|upkeep\n|\n|t:|1700753443\n|switch|p1a: Futuristic|Iron Jugulis|100\/100\n|turn|7\n|\n|t:|1700753450\n|move|p2a: Volcarona|Fiery Dance|p1a: Futuristic\n|-damage|p1a: Futuristic|0 fnt\n|faint|p1a: Futuristic\n|-end|p1a: Futuristic|Quark Drive|[silent]\n|\n|-heal|p2a: Volcarona|55\/100|[from] Grassy Terrain\n|-heal|p2a: Volcarona|61\/100|[from] item: Leftovers\n|upkeep\n|-message|Fhdkjseng.kdjx forfeited.\n|\n|win|ShadezGXD\n|raw|Fhdkjseng.kdjx's rating: 1000 &rarr; <strong>1000<\/strong><br \/>(+0 for losing)\n|raw|ShadezGXD's rating: 1046 &rarr; <strong>1075<\/strong><br \/>(+29 for winning)\n|l|\u2606Fhdkjseng.kdjx\n","uploadtime":1700753461,"views":1,"p1id":"fhdkjsengkdjx","p2id":"shadezgxd","formatid":"gen9ubers","rating":1000,"private":0,"password":""}