{"id":"gen9ubers-1990917084","p1":"Nyamonya","p2":"RiddleDog","format":"[Gen 9] Ubers","log":"|j|\u2606Nyamonya\n|j|\u2606RiddleDog\n|t:|1700014884\n|gametype|singles\n|player|p1|Nyamonya|leon-masters|\n|player|p2|RiddleDog|dawn-gen4pt|\n|teamsize|p1|6\n|teamsize|p2|6\n|gen|9\n|tier|[Gen 9] Ubers\n|rule|Sleep Clause Mod: Limit one foe put to sleep\n|rule|Species Clause: Limit one of each Pok\u00e9mon\n|rule|OHKO Clause: OHKO moves are banned\n|rule|Evasion Items Clause: Evasion items are banned\n|rule|Evasion Moves Clause: Evasion moves are banned\n|rule|Endless Battle Clause: Forcing endless battles is banned\n|rule|HP Percentage Mod: HP is shown in percentages\n|clearpoke\n|poke|p1|Infernape, F|\n|poke|p1|Clefable, M|\n|poke|p1|Palossand, F|\n|poke|p1|Jolteon, M|\n|poke|p1|Muk-Alola, F|\n|poke|p1|Tornadus-Therian, M|\n|poke|p2|Chi-Yu|\n|poke|p2|Meowscarada, M|\n|poke|p2|Iron Treads|\n|poke|p2|Zoroark-Hisui, M|\n|poke|p2|Kleavor, M|\n|poke|p2|Vaporeon, F|\n|teampreview\n|inactive|Battle timer is ON: inactive players will automatically lose when time's up. (requested by Nyamonya)\n|\n|t:|1700014912\n|start\n|switch|p1a: Palossand|Palossand, F|100\/100\n|switch|p2a: DA CLEAVAH|Kleavor, M|100\/100\n|turn|1\n|\n|t:|1700014921\n|move|p2a: DA CLEAVAH|Stone Axe|p1a: Palossand\n|-resisted|p1a: Palossand\n|-damage|p1a: Palossand|84\/100\n|-sidestart|p1: Nyamonya|move: Stealth Rock\n|move|p1a: Palossand|Stealth Rock|p2a: DA CLEAVAH\n|-sidestart|p2: RiddleDog|move: Stealth Rock\n|\n|-heal|p1a: Palossand|90\/100|[from] item: Leftovers\n|upkeep\n|turn|2\n|j| RektCactus\n|\n|t:|1700014950\n|move|p2a: DA CLEAVAH|U-turn|p1a: Palossand\n|-resisted|p1a: Palossand\n|-damage|p1a: Palossand|79\/100\n|\n|t:|1700014960\n|switch|p2a: Morgana|Meowscarada, M, shiny|100\/100|[from] U-turn\n|-damage|p2a: Morgana|88\/100|[from] Stealth Rock\n|move|p1a: Palossand|Earth Power|p2a: Morgana\n|-resisted|p2a: Morgana\n|-damage|p2a: Morgana|65\/100\n|\n|-heal|p1a: Palossand|86\/100|[from] item: Leftovers\n|upkeep\n|turn|3\n|inactive|RiddleDog has 270 seconds left.\n|\n|t:|1700014981\n|move|p2a: Morgana|Flower Trick|p1a: Palossand\n|-start|p2a: Morgana|typechange|Grass|[from] ability: Protean\n|-supereffective|p1a: Palossand\n|-crit|p1a: Palossand\n|-damage|p1a: Palossand|0 fnt\n|faint|p1a: Palossand\n|\n|upkeep\n|j| Nuttyr\n|inactive|Nyamonya has 270 seconds left.\n|\n|t:|1700015005\n|switch|p1a: Tornadus|Tornadus-Therian, M|100\/100\n|turn|4\n|inactive|RiddleDog has 270 seconds left.\n|\n|t:|1700015015\n|switch|p2a: DA CLEAVAH|Kleavor, M|100\/100\n|move|p1a: Tornadus|Rain Dance|p1a: Tornadus\n|-weather|RainDance\n|\n|-weather|RainDance|[upkeep]\n|upkeep\n|turn|5\n|inactive|RiddleDog has 270 seconds left.\n|\n|t:|1700015028\n|move|p1a: Tornadus|U-turn|p2a: DA CLEAVAH\n|-damage|p2a: DA CLEAVAH|81\/100\n|inactive|Nyamonya has 270 seconds left.\n|inactive|Nyamonya has 240 seconds left.\n|\n|t:|1700015078\n|switch|p1a: Infernape|Infernape, F|100\/100|[from] U-turn\n|-damage|p1a: Infernape|88\/100|[from] Stealth Rock\n|move|p2a: DA CLEAVAH|Stone Axe|p1a: Infernape\n|-damage|p1a: Infernape|8\/100\n|\n|-weather|RainDance|[upkeep]\n|upkeep\n|turn|6\n|inactive|Nyamonya has 240 seconds left.\n|\n|t:|1700015093\n|move|p1a: Infernape|Knock Off|p2a: DA CLEAVAH\n|-damage|p2a: DA CLEAVAH|18\/100\n|-enditem|p2a: DA CLEAVAH|Heavy-Duty Boots|[from] move: Knock Off|[of] p1a: Infernape\n|move|p2a: DA CLEAVAH|Stone Axe|p1a: Infernape\n|-damage|p1a: Infernape|0 fnt\n|faint|p1a: Infernape\n|\n|-weather|RainDance|[upkeep]\n|upkeep\n|\n|t:|1700015099\n|switch|p1a: Tornadus|Tornadus-Therian, M|100\/100\n|turn|7\n|inactive|Nyamonya has 240 seconds left.\n|\n|t:|1700015107\n|move|p1a: Tornadus|U-turn|p2a: DA CLEAVAH\n|-damage|p2a: DA CLEAVAH|0 fnt\n|faint|p2a: DA CLEAVAH\n|inactive|Nyamonya has 240 seconds left.\n|\n|t:|1700015114\n|switch|p1a: Muk|Muk-Alola, F|100\/100|[from] U-turn\n|-damage|p1a: Muk|88\/100|[from] Stealth Rock\n|\n|-weather|RainDance|[upkeep]\n|upkeep\n|\n|t:|1700015125\n|switch|p2a: Ralph|Iron Treads|100\/100\n|-damage|p2a: Ralph|97\/100|[from] Stealth Rock\n|-enditem|p2a: Ralph|Booster Energy\n|-activate|p2a: Ralph|ability: Quark Drive|[fromitem]\n|-start|p2a: Ralph|quarkdrivespe\n|turn|8\n|inactive|Nyamonya has 240 seconds left.\n|\n|t:|1700015150\n|switch|p1a: Tornadus|Tornadus-Therian, M|100\/100\n|move|p2a: Ralph|Knock Off|p1a: Tornadus\n|-damage|p1a: Tornadus|65\/100\n|-enditem|p1a: Tornadus|Heavy-Duty Boots|[from] move: Knock Off|[of] p2a: Ralph\n|\n|-weather|none\n|upkeep\n|turn|9\n|inactive|Nyamonya has 240 seconds left.\n|\n|t:|1700015171\n|-end|p2a: Ralph|Quark Drive|[silent]\n|switch|p2a: cat|Vaporeon, F|100\/100\n|-damage|p2a: cat|88\/100|[from] Stealth Rock\n|move|p1a: Tornadus|Rain Dance|p1a: Tornadus\n|-weather|RainDance\n|\n|-weather|RainDance|[upkeep]\n|-heal|p2a: cat|94\/100|[from] item: Leftovers\n|upkeep\n|turn|10\n|inactive|Nyamonya has 240 seconds left.\n|inactive|RiddleDog has 270 seconds left.\n|\n|t:|1700015188\n|move|p1a: Tornadus|Hurricane|p2a: cat\n|-damage|p2a: cat|66\/100\n|move|p2a: cat|Scald|p1a: Tornadus\n|-damage|p1a: Tornadus|15\/100\n|\n|-weather|RainDance|[upkeep]\n|-heal|p2a: cat|72\/100|[from] item: Leftovers\n|upkeep\n|turn|11\n|inactive|Nyamonya has 240 seconds left.\n|\n|t:|1700015201\n|move|p1a: Tornadus|U-turn|p2a: cat\n|-damage|p2a: cat|59\/100\n|\n|t:|1700015203\n|switch|p1a: Clefable|Clefable, M|100\/100|[from] U-turn\n|move|p2a: cat|Scald|p1a: Clefable\n|-damage|p1a: Clefable|61\/100\n|\n|-weather|RainDance|[upkeep]\n|-heal|p2a: cat|65\/100|[from] item: Leftovers\n|upkeep\n|turn|12\n|\n|t:|1700015213\n|move|p2a: cat|Scald|p1a: Clefable\n|-damage|p1a: Clefable|16\/100\n|-status|p1a: Clefable|brn\n|move|p1a: Clefable|Calm Mind|p1a: Clefable\n|-boost|p1a: Clefable|spa|1\n|-boost|p1a: Clefable|spd|1\n|\n|-weather|RainDance|[upkeep]\n|-heal|p2a: cat|72\/100|[from] item: Leftovers\n|upkeep\n|turn|13\n|inactive|Nyamonya has 240 seconds left.\n|\n|t:|1700015234\n|move|p2a: cat|Scald|p1a: Clefable\n|-damage|p1a: Clefable|0 fnt\n|faint|p1a: Clefable\n|\n|-weather|none\n|-heal|p2a: cat|78\/100|[from] item: Leftovers\n|upkeep\n|\n|t:|1700015236\n|switch|p1a: Jolteon|Jolteon, M|100\/100\n|-damage|p1a: Jolteon|88\/100|[from] Stealth Rock\n|turn|14\n|\n|t:|1700015249\n|switch|p1a: Tornadus|Tornadus-Therian, M|48\/100\n|-damage|p1a: Tornadus|23\/100|[from] Stealth Rock\n|switch|p2a: Ralph|Iron Treads|97\/100\n|-damage|p2a: Ralph|94\/100|[from] Stealth Rock\n|\n|upkeep\n|turn|15\n|\n|t:|1700015257\n|move|p1a: Tornadus|Rain Dance|p1a: Tornadus\n|-weather|RainDance\n|move|p2a: Ralph|Knock Off|p1a: Tornadus\n|-damage|p1a: Tornadus|0 fnt\n|faint|p1a: Tornadus\n|\n|-weather|RainDance|[upkeep]\n|upkeep\n|\n|t:|1700015259\n|switch|p1a: Jolteon|Jolteon, M|88\/100\n|-damage|p1a: Jolteon|76\/100|[from] Stealth Rock\n|turn|16\n|l| Nuttyr\n|\n|t:|1700015263\n|move|p1a: Jolteon|Weather Ball|p2a: Ralph\n|-supereffective|p2a: Ralph\n|-damage|p2a: Ralph|0 fnt\n|faint|p2a: Ralph\n|-end|p2a: Ralph|Quark Drive|[silent]\n|\n|-weather|RainDance|[upkeep]\n|upkeep\n|\n|t:|1700015278\n|switch|p2a: Morgana|Meowscarada, M, shiny|65\/100\n|-damage|p2a: Morgana|53\/100|[from] Stealth Rock\n|turn|17\n|j| rustygoomba\n|\n|t:|1700015299\n|move|p1a: Jolteon|Weather Ball|p2a: Morgana\n|-resisted|p2a: Morgana\n|-damage|p2a: Morgana|1\/100\n|move|p2a: Morgana|Flower Trick|p1a: Jolteon\n|-start|p2a: Morgana|typechange|Grass|[from] ability: Protean\n|-crit|p1a: Jolteon\n|-damage|p1a: Jolteon|0 fnt\n|faint|p1a: Jolteon\n|\n|-weather|RainDance|[upkeep]\n|upkeep\n|\n|t:|1700015304\n|switch|p1a: Muk|Muk-Alola, F|88\/100\n|-damage|p1a: Muk|76\/100|[from] Stealth Rock\n|turn|18\n|\n|t:|1700015316\n|move|p1a: Muk|Shadow Sneak|p2a: Morgana\n|-crit|p2a: Morgana\n|-damage|p2a: Morgana|0 fnt\n|faint|p2a: Morgana\n|\n|-weather|RainDance|[upkeep]\n|upkeep\n|\n|t:|1700015331\n|switch|p2a: Matthew|Chi-Yu|100\/100\n|-damage|p2a: Matthew|76\/100|[from] Stealth Rock\n|-ability|p2a: Matthew|Beads of Ruin\n|turn|19\n|\n|t:|1700015349\n|-terastallize|p2a: Matthew|Fire\n|move|p2a: Matthew|Overheat|p1a: Muk\n|-damage|p1a: Muk|48\/100\n|-unboost|p2a: Matthew|spa|2\n|move|p1a: Muk|Drain Punch|p2a: Matthew\n|-damage|p2a: Matthew|42\/100\n|-heal|p1a: Muk|58\/100|[from] drain|[of] p2a: Matthew\n|-status|p2a: Matthew|psn|[from] ability: Poison Touch|[of] p1a: Muk\n|\n|-weather|none\n|-damage|p2a: Matthew|30\/100 psn|[from] psn\n|upkeep\n|turn|20\n|inactive|RiddleDog has 270 seconds left.\n|c| RektCactus|MATTHEW\n|\n|t:|1700015374\n|move|p2a: Matthew|Overheat|p1a: Muk\n|-damage|p1a: Muk|28\/100\n|-unboost|p2a: Matthew|spa|2\n|move|p1a: Muk|Drain Punch|p2a: Matthew\n|-damage|p2a: Matthew|0 fnt\n|-heal|p1a: Muk|36\/100|[from] drain|[of] p2a: Matthew\n|faint|p2a: Matthew\n|\n|upkeep\n|\n|t:|1700015382\n|switch|p2a: cat|Vaporeon, F|100\/100\n|-damage|p2a: cat|88\/100|[from] Stealth Rock\n|turn|21\n|\n|t:|1700015390\n|move|p2a: cat|Focus Blast|p1a: Muk\n|-damage|p1a: Muk|17\/100\n|-unboost|p1a: Muk|spd|1\n|move|p1a: Muk|Knock Off|p2a: cat\n|-supereffective|p2a: cat\n|-damage|p2a: cat|0 fnt\n|replace|p2a: Henri|Zoroark-Hisui, M\n|-end|p2a: Henri|Illusion\n|-enditem|p2a: Henri|Focus Sash|[from] move: Knock Off|[of] p1a: Muk\n|faint|p2a: Henri\n|\n|upkeep\n|\n|t:|1700015392\n|switch|p2a: cat|Vaporeon, F|78\/100\n|-damage|p2a: cat|65\/100|[from] Stealth Rock\n|turn|22\n|\n|t:|1700015398\n|move|p2a: cat|Scald|p1a: Muk\n|-damage|p1a: Muk|0 fnt\n|faint|p1a: Muk\n|\n|win|RiddleDog\n|c| rustygoomba|damn lost to a focus blast spdef drop\n","uploadtime":1700015418,"views":15,"p1id":"nyamonya","p2id":"riddledog","formatid":"gen9ubers","rating":0,"private":0,"password":""}