{"id":"gen9ubers-1981414680","p1":"TheTurtwigWrangler","p2":"Catphishu","format":"[Gen 9] Ubers","log":"|j|\u2606TheTurtwigWrangler\n|j|\u2606Catphishu\n|t:|1698893221\n|gametype|singles\n|player|p1|TheTurtwigWrangler|acetrainersnowf|1147\n|player|p2|Catphishu|169|1001\n|teamsize|p1|6\n|teamsize|p2|6\n|gen|9\n|tier|[Gen 9] Ubers\n|rated|\n|rule|Sleep Clause Mod: Limit one foe put to sleep\n|rule|Species Clause: Limit one of each Pok\u00e9mon\n|rule|OHKO Clause: OHKO moves are banned\n|rule|Evasion Items Clause: Evasion items are banned\n|rule|Evasion Moves Clause: Evasion moves are banned\n|rule|Endless Battle Clause: Forcing endless battles is banned\n|rule|HP Percentage Mod: HP is shown in percentages\n|clearpoke\n|poke|p1|Empoleon, F|\n|poke|p1|Baxcalibur, M|\n|poke|p1|Ninetales-Alola, F|\n|poke|p1|Cetitan, M|\n|poke|p1|Weavile, F|\n|poke|p1|Froslass, F|\n|poke|p2|Gyarados, F|\n|poke|p2|Arcanine, F|\n|poke|p2|Scream Tail|\n|poke|p2|Great Tusk|\n|poke|p2|Baxcalibur, F|\n|poke|p2|Rotom-Wash|\n|teampreview\n|c|\u2606TheTurtwigWrangler|yooo\n|\n|t:|1698893228\n|start\n|switch|p1a: Sadako Yamamura|Froslass, F|100\/100\n|switch|p2a: Rotom|Rotom-Wash|100\/100\n|turn|1\n|\n|t:|1698893243\n|move|p1a: Sadako Yamamura|Taunt|p2a: Rotom\n|-start|p2a: Rotom|move: Taunt\n|move|p2a: Rotom|Poltergeist|p1a: Sadako Yamamura|[miss]\n|-miss|p2a: Rotom|p1a: Sadako Yamamura\n|\n|upkeep\n|turn|2\n|\n|t:|1698893254\n|switch|p2a: Arcanine|Arcanine, F|100\/100\n|-ability|p2a: Arcanine|Intimidate|boost\n|-unboost|p1a: Sadako Yamamura|atk|1\n|move|p1a: Sadako Yamamura|Spikes|p2a: Arcanine\n|-sidestart|p2: Catphishu|Spikes\n|\n|upkeep\n|turn|3\n|\n|t:|1698893261\n|move|p1a: Sadako Yamamura|Thunder Wave|p2a: Arcanine\n|-status|p2a: Arcanine|par\n|move|p2a: Arcanine|Flamethrower|p1a: Sadako Yamamura\n|-supereffective|p1a: Sadako Yamamura\n|-enditem|p1a: Sadako Yamamura|Focus Sash\n|-damage|p1a: Sadako Yamamura|1\/100\n|-start|p2a: Arcanine|Disable|Flamethrower|[from] ability: Cursed Body|[of] p1a: Sadako Yamamura\n|\n|upkeep\n|turn|4\n|\n|t:|1698893279\n|move|p1a: Sadako Yamamura|Spikes|p2a: Arcanine\n|-sidestart|p2: Catphishu|Spikes\n|move|p2a: Arcanine|Roar|p1a: Sadako Yamamura\n|drag|p1a: Malewife|Baxcalibur, M|100\/100\n|\n|upkeep\n|turn|5\n|\n|t:|1698893292\n|move|p1a: Malewife|Swords Dance|p1a: Malewife\n|-boost|p1a: Malewife|atk|2\n|cant|p2a: Arcanine|par\n|\n|upkeep\n|turn|6\n|\n|t:|1698893299\n|move|p1a: Malewife|Scale Shot|p2a: Arcanine\n|-damage|p2a: Arcanine|66\/100 par\n|-damage|p2a: Arcanine|35\/100 par\n|-damage|p2a: Arcanine|0 fnt\n|faint|p2a: Arcanine\n|-hitcount|p2: Arcanine|3\n|-unboost|p1a: Malewife|def|1\n|-boost|p1a: Malewife|spe|1\n|\n|upkeep\n|\n|t:|1698893317\n|switch|p2a: Scream Tail|Scream Tail|100\/100\n|-damage|p2a: Scream Tail|84\/100|[from] Spikes\n|turn|7\n|\n|t:|1698893324\n|move|p1a: Malewife|Icicle Spear|p2a: Scream Tail\n|-damage|p2a: Scream Tail|62\/100\n|-damage|p2a: Scream Tail|38\/100\n|-damage|p2a: Scream Tail|14\/100\n|-damage|p2a: Scream Tail|0 fnt\n|faint|p2a: Scream Tail\n|-end|p2a: Scream Tail|Protosynthesis|[silent]\n|-hitcount|p2: Scream Tail|4\n|\n|upkeep\n|\n|t:|1698893331\n|switch|p2a: Gyarados|Gyarados, F|100\/100\n|-ability|p2a: Gyarados|Intimidate|boost\n|-unboost|p1a: Malewife|atk|1\n|turn|8\n|\n|t:|1698893339\n|move|p1a: Malewife|Icicle Spear|p2a: Gyarados\n|-damage|p2a: Gyarados|78\/100\n|-damage|p2a: Gyarados|55\/100\n|-damage|p2a: Gyarados|33\/100\n|-damage|p2a: Gyarados|11\/100\n|-hitcount|p2a: Gyarados|4\n|move|p2a: Gyarados|Thunderbolt|p1a: Malewife\n|-resisted|p1a: Malewife\n|-damage|p1a: Malewife|91\/100\n|\n|upkeep\n|turn|9\n|\n|t:|1698893352\n|move|p1a: Malewife|Icicle Spear|p2a: Gyarados\n|-damage|p2a: Gyarados|0 fnt\n|faint|p2a: Gyarados\n|-hitcount|p2: Gyarados|1\n|\n|upkeep\n|\n|t:|1698893357\n|switch|p2a: Great Tusk|Great Tusk|100\/100\n|-damage|p2a: Great Tusk|84\/100|[from] Spikes\n|-enditem|p2a: Great Tusk|Booster Energy\n|-activate|p2a: Great Tusk|ability: Protosynthesis|[fromitem]\n|-start|p2a: Great Tusk|protosynthesisdef\n|turn|10\n|\n|t:|1698893369\n|-terastallize|p1a: Malewife|Ground\n|move|p1a: Malewife|Swords Dance|p1a: Malewife\n|-boost|p1a: Malewife|atk|2\n|move|p2a: Great Tusk|Body Press|p1a: Malewife\n|-damage|p1a: Malewife|33\/100\n|\n|upkeep\n|turn|11\n|\n|t:|1698893395\n|move|p1a: Malewife|Icicle Spear|p2a: Great Tusk\n|-supereffective|p2a: Great Tusk\n|-damage|p2a: Great Tusk|52\/100\n|-supereffective|p2a: Great Tusk\n|-damage|p2a: Great Tusk|21\/100\n|-supereffective|p2a: Great Tusk\n|-damage|p2a: Great Tusk|0 fnt\n|faint|p2a: Great Tusk\n|-end|p2a: Great Tusk|Protosynthesis|[silent]\n|-hitcount|p2: Great Tusk|3\n|\n|upkeep\n|\n|t:|1698893403\n|switch|p2a: Baxcalibur|Baxcalibur, F|100\/100\n|-damage|p2a: Baxcalibur|84\/100|[from] Spikes\n|turn|12\n|\n|t:|1698893411\n|move|p1a: Malewife|Icicle Spear|p2a: Baxcalibur\n|-damage|p2a: Baxcalibur|58\/100\n|-damage|p2a: Baxcalibur|33\/100\n|-damage|p2a: Baxcalibur|4\/100\n|-damage|p2a: Baxcalibur|0 fnt\n|faint|p2a: Baxcalibur\n|-hitcount|p2: Baxcalibur|4\n|\n|upkeep\n|\n|t:|1698893419\n|switch|p2a: Rotom|Rotom-Wash|100\/100\n|turn|13\n|\n|t:|1698893427\n|move|p1a: Malewife|Scale Shot|p2a: Rotom\n|-damage|p2a: Rotom|58\/100\n|-crit|p2a: Rotom\n|-damage|p2a: Rotom|0 fnt\n|faint|p2a: Rotom\n|-hitcount|p2: Rotom|2\n|\n|win|TheTurtwigWrangler\n|raw|TheTurtwigWrangler's rating: 1147 &rarr; <strong>1162<\/strong><br \/>(+15 for winning)\n|raw|Catphishu's rating: 1001 &rarr; <strong>1000<\/strong><br \/>(-1 for losing)\n|l|\u2606Catphishu\n","uploadtime":1698893452,"views":6,"p1id":"theturtwigwrangler","p2id":"catphishu","formatid":"gen9ubers","rating":1000,"private":0,"password":""}