{"id":"gen9ubers-1996393910","p1":"AsNodt RPPLF","p2":"Roxas RPPLF","format":"[Gen 9] Ubers","log":"|j|\u2606AsNodt RPPLF\n|j|\u2606Roxas RPPLF\n|t:|1700677824\n|gametype|singles\n|player|p1|AsNodt RPPLF|teamrocket|\n|player|p2|Roxas RPPLF|supernerd|\n|teamsize|p1|6\n|teamsize|p2|6\n|gen|9\n|tier|[Gen 9] Ubers\n|rule|Sleep Clause Mod: Limit one foe put to sleep\n|rule|Species Clause: Limit one of each Pok\u00e9mon\n|rule|OHKO Clause: OHKO moves are banned\n|rule|Evasion Items Clause: Evasion items are banned\n|rule|Evasion Moves Clause: Evasion moves are banned\n|rule|Endless Battle Clause: Forcing endless battles is banned\n|rule|HP Percentage Mod: HP is shown in percentages\n|clearpoke\n|poke|p1|Torkoal, M|\n|poke|p1|Walking Wake|\n|poke|p1|Hatterene, F|\n|poke|p1|Cinderace, M|\n|poke|p1|Weezing-Galar, M|\n|poke|p1|Gliscor, M|\n|poke|p2|Miraidon|\n|poke|p2|Iron Leaves|\n|poke|p2|Iron Moth|\n|poke|p2|Iron Hands|\n|poke|p2|Iron Jugulis|\n|poke|p2|Forretress, F|\n|teampreview\n|\n|t:|1700677843\n|start\n|switch|p1a: Sanji|Cinderace, M|100\/100\n|switch|p2a: Miraidon|Miraidon|100\/100\n|-fieldstart|move: Electric Terrain|[from] ability: Hadron Engine|[of] p2a: Miraidon\n|turn|1\n|\n|t:|1700677878\n|switch|p1a: Akainu|Torkoal, M|100\/100\n|-weather|SunnyDay|[from] ability: Drought|[of] p1a: Akainu\n|move|p2a: Miraidon|Electro Drift|p1a: Akainu\n|-damage|p1a: Akainu|0 fnt\n|faint|p1a: Akainu\n|\n|-weather|SunnyDay|[upkeep]\n|upkeep\n|\n|t:|1700677886\n|switch|p1a: Yamato|Walking Wake|100\/100\n|-activate|p1a: Yamato|ability: Protosynthesis\n|-start|p1a: Yamato|protosynthesisspe\n|turn|2\n|\n|t:|1700677922\n|switch|p2a: Forretress|Forretress, F|100\/100\n|move|p1a: Yamato|Dragon Pulse|p2a: Forretress\n|-resisted|p2a: Forretress\n|-damage|p2a: Forretress|58\/100\n|\n|-weather|SunnyDay|[upkeep]\n|upkeep\n|turn|3\n|\n|t:|1700677931\n|-end|p1a: Yamato|Protosynthesis|[silent]\n|switch|p1a: Nami|Hatterene, F|100\/100\n|move|p2a: Forretress|Volt Switch|p1a: Nami\n|-damage|p1a: Nami|88\/100\n|\n|t:|1700677956\n|switch|p2a: Iron Moth|Iron Moth|100\/100|[from] Volt Switch\n|-activate|p2a: Iron Moth|ability: Quark Drive\n|-start|p2a: Iron Moth|quarkdrivespe\n|\n|-weather|SunnyDay|[upkeep]\n|-heal|p1a: Nami|94\/100|[from] item: Leftovers\n|upkeep\n|turn|4\n|\n|t:|1700677987\n|-terastallize|p2a: Iron Moth|Fairy\n|move|p2a: Iron Moth|Fiery Dance|p1a: Nami\n|-damage|p1a: Nami|39\/100\n|move|p1a: Nami|Psyshock|p2a: Iron Moth\n|-crit|p2a: Iron Moth\n|-damage|p2a: Iron Moth|0 fnt\n|faint|p2a: Iron Moth\n|-end|p2a: Iron Moth|Quark Drive|[silent]\n|\n|-weather|SunnyDay|[upkeep]\n|-heal|p1a: Nami|45\/100|[from] item: Leftovers\n|upkeep\n|\n|t:|1700678017\n|switch|p2a: Miraidon|Miraidon|100\/100\n|-activate|p2a: Miraidon|ability: Hadron Engine\n|turn|5\n|\n|t:|1700678023\n|switch|p1a: Magellan|Gliscor, M, shiny|100\/100\n|move|p2a: Miraidon|Electro Drift|p1a: Magellan\n|-immune|p1a: Magellan\n|\n|-weather|SunnyDay|[upkeep]\n|-status|p1a: Magellan|tox|[from] item: Toxic Orb\n|upkeep\n|turn|6\n|\n|t:|1700678054\n|move|p2a: Miraidon|Draco Meteor|p1a: Magellan\n|-damage|p1a: Magellan|0 fnt\n|-unboost|p2a: Miraidon|spa|2\n|faint|p1a: Magellan\n|\n|-weather|SunnyDay|[upkeep]\n|upkeep\n|\n|t:|1700678060\n|switch|p1a: Yamato|Walking Wake|100\/100\n|-activate|p1a: Yamato|ability: Protosynthesis\n|-start|p1a: Yamato|protosynthesisspe\n|turn|7\n|\n|t:|1700678070\n|switch|p2a: Forretress|Forretress, F|58\/100\n|move|p1a: Yamato|Dragon Pulse|p2a: Forretress\n|-resisted|p2a: Forretress\n|-damage|p2a: Forretress|10\/100\n|\n|-weather|SunnyDay|[upkeep]\n|upkeep\n|turn|8\n|\n|t:|1700678080\n|move|p1a: Yamato|Dragon Pulse|p2a: Forretress\n|-resisted|p2a: Forretress\n|-damage|p2a: Forretress|0 fnt\n|faint|p2a: Forretress\n|\n|-weather|none\n|-end|p1a: Yamato|Protosynthesis\n|-fieldend|move: Electric Terrain\n|upkeep\n|\n|t:|1700678095\n|switch|p2a: Miraidon|Miraidon|100\/100\n|-fieldstart|move: Electric Terrain|[from] ability: Hadron Engine|[of] p2a: Miraidon\n|turn|9\n|\n|t:|1700678107\n|move|p2a: Miraidon|Electro Drift|p1a: Yamato\n|-damage|p1a: Yamato|0 fnt\n|faint|p1a: Yamato\n|-end|p1a: Yamato|Protosynthesis|[silent]\n|\n|upkeep\n|\n|t:|1700678114\n|switch|p1a: Nami|Hatterene, F|45\/100\n|turn|10\n|\n|t:|1700678121\n|move|p2a: Miraidon|Electro Drift|p1a: Nami\n|-damage|p1a: Nami|0 fnt\n|faint|p1a: Nami\n|\n|upkeep\n|\n|t:|1700678127\n|switch|p1a: Sanji|Cinderace, M|100\/100\n|turn|11\n|c|\u2606AsNodt RPPLF|gg\n|\n|t:|1700678135\n|move|p1a: Sanji|Sucker Punch|p2a: Miraidon\n|-start|p1a: Sanji|typechange|Dark|[from] ability: Libero\n|-crit|p2a: Miraidon\n|-damage|p2a: Miraidon|49\/100\n|move|p2a: Miraidon|Electro Drift|p1a: Sanji\n|-damage|p1a: Sanji|0 fnt\n|faint|p1a: Sanji\n|\n|upkeep\n|-message|AsNodt RPPLF forfeited.\n|\n|win|Roxas RPPLF\n|l|\u2606AsNodt RPPLF\n|c|\u2606Roxas RPPLF|Gg\n","uploadtime":1700678152,"views":22,"p1id":"asnodtrpplf","p2id":"roxasrpplf","formatid":"gen9ubers","rating":0,"private":0,"password":""}