{"id":"gen9ubers-1978124293","p1":"technoblade 1","p2":"angl3r","format":"[Gen 9] Ubers","log":"|j|\u2606technoblade 1\n|j|\u2606angl3r\n|t:|1698502382\n|gametype|singles\n|player|p1|technoblade 1|265|\n|player|p2|angl3r|265|\n|teamsize|p1|6\n|teamsize|p2|6\n|gen|9\n|tier|[Gen 9] Ubers\n|rule|Sleep Clause Mod: Limit one foe put to sleep\n|rule|Species Clause: Limit one of each Pok\u00e9mon\n|rule|OHKO Clause: OHKO moves are banned\n|rule|Evasion Items Clause: Evasion items are banned\n|rule|Evasion Moves Clause: Evasion moves are banned\n|rule|Endless Battle Clause: Forcing endless battles is banned\n|rule|HP Percentage Mod: HP is shown in percentages\n|clearpoke\n|poke|p1|Rayquaza|\n|poke|p1|Ninetales-Alola, M|\n|poke|p1|Iron Valiant|\n|poke|p1|Arceus-Psychic|\n|poke|p1|Azelf|\n|poke|p1|Greninja-*, M|\n|poke|p2|Iron Valiant|\n|poke|p2|Groudon|\n|poke|p2|Landorus, M|\n|poke|p2|Rayquaza|\n|poke|p2|Giratina-Origin|\n|poke|p2|Basculegion-F, F|\n|teampreview\n|inactive|Battle timer is ON: inactive players will automatically lose when time's up. (requested by technoblade 1)\n|c|\u2606technoblade 1|Hf\n|\n|t:|1698502410\n|start\n|switch|p1a: Azelf|Azelf|100\/100\n|switch|p2a: Groudon|Groudon|100\/100\n|-weather|SunnyDay|[from] ability: Drought|[of] p2a: Groudon\n|turn|1\n|c|\u2606angl3r|hf\n|\n|t:|1698502420\n|move|p1a: Azelf|Stealth Rock|p2a: Groudon\n|-sidestart|p2: angl3r|move: Stealth Rock\n|move|p2a: Groudon|Thunder Wave|p1a: Azelf\n|-status|p1a: Azelf|par\n|\n|-weather|SunnyDay|[upkeep]\n|upkeep\n|turn|2\n|\n|t:|1698502427\n|move|p2a: Groudon|Stealth Rock|p1a: Azelf\n|-sidestart|p1: technoblade 1|move: Stealth Rock\n|cant|p1a: Azelf|par\n|\n|-weather|SunnyDay|[upkeep]\n|upkeep\n|turn|3\n|\n|t:|1698502435\n|switch|p2a: Giratina|Giratina-Origin|100\/100\n|-damage|p2a: Giratina|88\/100|[from] Stealth Rock\n|move|p1a: Azelf|U-turn|p2a: Giratina\n|-resisted|p2a: Giratina\n|-damage|p2a: Giratina|81\/100\n|\n|t:|1698502454\n|switch|p1a: Ninetales|Ninetales-Alola, M|100\/100|[from] U-turn\n|-damage|p1a: Ninetales|76\/100|[from] Stealth Rock\n|-weather|Snow|[from] ability: Snow Warning|[of] p1a: Ninetales\n|\n|-weather|Snow|[upkeep]\n|upkeep\n|turn|4\n|\n|t:|1698502461\n|switch|p2a: Groudon|Groudon|100\/100\n|-damage|p2a: Groudon|94\/100|[from] Stealth Rock\n|-weather|SunnyDay|[from] ability: Drought|[of] p2a: Groudon\n|move|p1a: Ninetales|Foul Play|p2a: Groudon\n|-damage|p2a: Groudon|82\/100\n|\n|-weather|SunnyDay|[upkeep]\n|-heal|p2a: Groudon|88\/100|[from] item: Leftovers\n|upkeep\n|turn|5\n|\n|t:|1698502477\n|switch|p1a: Azelf|Azelf|100\/100 par\n|-damage|p1a: Azelf|88\/100 par|[from] Stealth Rock\n|move|p2a: Groudon|Thunder Wave|p1a: Azelf\n|-fail|p1a: Azelf|par\n|\n|-weather|SunnyDay|[upkeep]\n|-heal|p2a: Groudon|95\/100|[from] item: Leftovers\n|upkeep\n|turn|6\n|\n|t:|1698502483\n|move|p2a: Groudon|Lava Plume|p1a: Azelf\n|-crit|p1a: Azelf\n|-damage|p1a: Azelf|22\/100 par\n|move|p1a: Azelf|Explosion|p2a: Groudon\n|-damage|p2a: Groudon|51\/100\n|faint|p1a: Azelf\n|\n|-weather|SunnyDay|[upkeep]\n|-heal|p2a: Groudon|57\/100|[from] item: Leftovers\n|upkeep\n|\n|t:|1698502506\n|switch|p1a: Ninetales|Ninetales-Alola, M|76\/100\n|-damage|p1a: Ninetales|51\/100|[from] Stealth Rock\n|-weather|Snow|[from] ability: Snow Warning|[of] p1a: Ninetales\n|turn|7\n|\n|t:|1698502511\n|move|p1a: Ninetales|Aurora Veil|p1a: Ninetales\n|-sidestart|p1: technoblade 1|move: Aurora Veil\n|move|p2a: Groudon|Thunder Wave|p1a: Ninetales\n|-status|p1a: Ninetales|par\n|\n|-weather|Snow|[upkeep]\n|-heal|p2a: Groudon|63\/100|[from] item: Leftovers\n|upkeep\n|turn|8\n|\n|t:|1698502520\n|switch|p2a: Iron Valiant|Iron Valiant|100\/100\n|-damage|p2a: Iron Valiant|94\/100|[from] Stealth Rock\n|-enditem|p2a: Iron Valiant|Booster Energy\n|-activate|p2a: Iron Valiant|ability: Quark Drive|[fromitem]\n|-start|p2a: Iron Valiant|quarkdrivespe\n|move|p1a: Ninetales|Ice Shard|p2a: Iron Valiant\n|-damage|p2a: Iron Valiant|82\/100\n|\n|-weather|Snow|[upkeep]\n|upkeep\n|turn|9\n|\n|t:|1698502530\n|move|p2a: Iron Valiant|Calm Mind|p2a: Iron Valiant\n|-boost|p2a: Iron Valiant|spa|1\n|-boost|p2a: Iron Valiant|spd|1\n|move|p1a: Ninetales|Encore|p2a: Iron Valiant\n|-start|p2a: Iron Valiant|Encore\n|\n|-weather|Snow|[upkeep]\n|upkeep\n|turn|10\n|\n|t:|1698502545\n|switch|p1a: Rayquaza|Rayquaza, shiny|100\/100\n|-damage|p1a: Rayquaza|76\/100|[from] Stealth Rock\n|-ability|p1a: Rayquaza|Air Lock\n|move|p2a: Iron Valiant|Calm Mind|p2a: Iron Valiant\n|-boost|p2a: Iron Valiant|spa|1\n|-boost|p2a: Iron Valiant|spd|1\n|\n|-weather|Snow|[upkeep]\n|upkeep\n|turn|11\n|\n|t:|1698502559\n|-end|p2a: Iron Valiant|Quark Drive|[silent]\n|switch|p2a: Giratina|Giratina-Origin|81\/100\n|-damage|p2a: Giratina|68\/100|[from] Stealth Rock\n|move|p1a: Rayquaza|Swords Dance|p1a: Rayquaza\n|-boost|p1a: Rayquaza|atk|2\n|\n|-weather|none\n|upkeep\n|turn|12\n|j| WowACow\n|\n|t:|1698502568\n|-terastallize|p2a: Giratina|Ghost\n|move|p1a: Rayquaza|Scale Shot|p2a: Giratina\n|-damage|p2a: Giratina|49\/100\n|-damage|p2a: Giratina|30\/100\n|-damage|p2a: Giratina|10\/100\n|-damage|p2a: Giratina|0 fnt\n|faint|p2a: Giratina\n|-hitcount|p2: Giratina|4\n|-unboost|p1a: Rayquaza|def|1\n|-boost|p1a: Rayquaza|spe|1\n|\n|upkeep\n|\n|t:|1698502581\n|switch|p2a: Rayquaza|Rayquaza|100\/100\n|-damage|p2a: Rayquaza|76\/100|[from] Stealth Rock\n|-ability|p2a: Rayquaza|Air Lock\n|turn|13\n|c| WowACow|Uhoh\n|\n|t:|1698502593\n|-terastallize|p1a: Rayquaza|Normal\n|move|p1a: Rayquaza|Extreme Speed|p2a: Rayquaza\n|-damage|p2a: Rayquaza|0 fnt\n|faint|p2a: Rayquaza\n|\n|upkeep\n|\n|t:|1698502597\n|switch|p2a: Groudon|Groudon|63\/100\n|-damage|p2a: Groudon|57\/100|[from] Stealth Rock\n|-weather|SunnyDay|[from] ability: Drought|[of] p2a: Groudon\n|turn|14\n|c| WowACow|He's gonna tera ghoooost\n|l| WowACow\n|j| WowACow\n|c|\u2606technoblade 1|Lol\n|c| WowACow|Or not\n|\n|t:|1698502621\n|move|p1a: Rayquaza|Dragon Ascent|p2a: Groudon\n|-damage|p2a: Groudon|0 fnt\n|-unboost|p1a: Rayquaza|def|1\n|-unboost|p1a: Rayquaza|spd|1\n|faint|p2a: Groudon\n|\n|-weather|SunnyDay|[upkeep]\n|-sideend|p1: technoblade 1|move: Aurora Veil\n|upkeep\n|c| WowACow|Oh no a chipped groudon\n|\n|t:|1698502625\n|switch|p2a: Basculegion|Basculegion-F, F|100\/100\n|-damage|p2a: Basculegion|88\/100|[from] Stealth Rock\n|turn|15\n|c| WowACow|Oh no a dead groudon\n|\n|t:|1698502634\n|move|p1a: Rayquaza|Dragon Ascent|p2a: Basculegion\n|-damage|p2a: Basculegion|0 fnt\n|-unboost|p1a: Rayquaza|def|1\n|-unboost|p1a: Rayquaza|spd|1\n|faint|p2a: Basculegion\n|\n|-weather|SunnyDay|[upkeep]\n|upkeep\n|\n|t:|1698502636\n|switch|p2a: Landorus|Landorus, M|100\/100\n|-damage|p2a: Landorus|88\/100|[from] Stealth Rock\n|turn|16\n|c|\u2606angl3r|gg\n|c| WowACow|Goob\n|\n|t:|1698502646\n|move|p1a: Rayquaza|Extreme Speed|p2a: Landorus\n|-damage|p2a: Landorus|0 fnt\n|faint|p2a: Landorus\n|\n|-weather|SunnyDay|[upkeep]\n|upkeep\n|\n|t:|1698502649\n|switch|p2a: Iron Valiant|Iron Valiant|82\/100\n|-damage|p2a: Iron Valiant|76\/100|[from] Stealth Rock\n|turn|17\n|\n|t:|1698502654\n|move|p1a: Rayquaza|Extreme Speed|p2a: Iron Valiant\n|-damage|p2a: Iron Valiant|0 fnt\n|faint|p2a: Iron Valiant\n|-end|p2a: Iron Valiant|Quark Drive|[silent]\n|\n|win|technoblade 1\n|c| WowACow|Someone tell silver to ban this mon fr\n","uploadtime":1698502666,"views":31,"p1id":"technoblade1","p2id":"angl3r","formatid":"gen9ubers","rating":0,"private":0,"password":""}