{"id":"gen9ubers-1969277132","p1":"CoolioM8","p2":"jvitorfufu09","format":"[Gen 9] Ubers","log":"|j|\u2606CoolioM8\n|j|\u2606jvitorfufu09\n|t:|1697508919\n|gametype|singles\n|player|p1|CoolioM8|caitlin-masters|\n|player|p2|jvitorfufu09|266|\n|teamsize|p1|6\n|teamsize|p2|6\n|gen|9\n|tier|[Gen 9] Ubers\n|rule|Sleep Clause Mod: Limit one foe put to sleep\n|rule|Species Clause: Limit one of each Pok\u00e9mon\n|rule|OHKO Clause: OHKO moves are banned\n|rule|Evasion Items Clause: Evasion items are banned\n|rule|Evasion Moves Clause: Evasion moves are banned\n|rule|Endless Battle Clause: Forcing endless battles is banned\n|rule|HP Percentage Mod: HP is shown in percentages\n|clearpoke\n|poke|p1|Palafin, F|\n|poke|p1|Ninetales-Alola, F|\n|poke|p1|Moltres|\n|poke|p1|Cyclizar, M|\n|poke|p1|Magearna|\n|poke|p1|Garchomp, M|\n|poke|p2|Volcarona, M|\n|poke|p2|Torkoal, M|\n|poke|p2|Magearna|\n|poke|p2|Arceus-Fire|\n|poke|p2|Shaymin-Sky|\n|poke|p2|Walking Wake|\n|teampreview\n|\n|t:|1697508962\n|start\n|switch|p1a: PLUS ULTRA|Palafin, F|100\/100\n|switch|p2a: Arceus|Arceus-Fire|100\/100\n|turn|1\n|\n|t:|1697508977\n|move|p2a: Arceus|Trailblaze|p1a: PLUS ULTRA\n|-supereffective|p1a: PLUS ULTRA\n|-damage|p1a: PLUS ULTRA|49\/100\n|-boost|p2a: Arceus|spe|1\n|move|p1a: PLUS ULTRA|Flip Turn|p2a: Arceus\n|-supereffective|p2a: Arceus\n|-damage|p2a: Arceus|45\/100\n|\n|t:|1697508984\n|detailschange|p1a: PLUS ULTRA|Palafin-Hero, F\n|switch|p1a: Get Lucky|Moltres|100\/100|[from] Flip Turn\n|\n|upkeep\n|turn|2\n|\n|t:|1697508990\n|move|p2a: Arceus|Recover|p2a: Arceus\n|-heal|p2a: Arceus|95\/100\n|move|p1a: Get Lucky|Hurricane|p2a: Arceus|[miss]\n|-miss|p1a: Get Lucky|p2a: Arceus\n|\n|upkeep\n|turn|3\n|\n|t:|1697509007\n|switch|p2a: Torkoal|Torkoal, M|100\/100\n|-weather|SunnyDay|[from] ability: Drought|[of] p2a: Torkoal\n|move|p1a: Get Lucky|Hurricane|p2a: Torkoal\n|-damage|p2a: Torkoal|43\/100\n|-start|p2a: Torkoal|confusion\n|\n|-weather|SunnyDay|[upkeep]\n|upkeep\n|turn|4\n|\n|t:|1697509017\n|switch|p2a: Walking Wake|Walking Wake|100\/100\n|-activate|p2a: Walking Wake|ability: Protosynthesis\n|-start|p2a: Walking Wake|protosynthesisspe\n|move|p1a: Get Lucky|Hurricane|p2a: Walking Wake|[miss]\n|-miss|p1a: Get Lucky|p2a: Walking Wake\n|\n|-weather|SunnyDay|[upkeep]\n|upkeep\n|turn|5\n|\n|t:|1697509031\n|switch|p1a: Stacy's Mom|Ninetales-Alola, F|100\/100\n|-weather|Snow|[from] ability: Snow Warning|[of] p1a: Stacy's Mom\n|-end|p2a: Walking Wake|Protosynthesis\n|move|p2a: Walking Wake|Hydro Steam|p1a: Stacy's Mom\n|-damage|p1a: Stacy's Mom|25\/100\n|\n|-weather|Snow|[upkeep]\n|upkeep\n|turn|6\n|\n|t:|1697509048\n|move|p1a: Stacy's Mom|Aurora Veil|p1a: Stacy's Mom\n|-sidestart|p1: CoolioM8|move: Aurora Veil\n|move|p2a: Walking Wake|Hydro Steam|p1a: Stacy's Mom\n|-damage|p1a: Stacy's Mom|0 fnt\n|faint|p1a: Stacy's Mom\n|\n|-weather|Snow|[upkeep]\n|upkeep\n|\n|t:|1697509053\n|switch|p1a: Garchover|Garchomp, M|100\/100\n|turn|7\n|\n|t:|1697509057\n|-end|p2a: Walking Wake|Protosynthesis|[silent]\n|switch|p2a: Torkoal|Torkoal, M|43\/100\n|-weather|SunnyDay|[from] ability: Drought|[of] p2a: Torkoal\n|move|p1a: Garchover|Swords Dance|p1a: Garchover\n|-boost|p1a: Garchover|atk|2\n|\n|-weather|SunnyDay|[upkeep]\n|upkeep\n|turn|8\n|\n|t:|1697509062\n|move|p1a: Garchover|Scale Shot|p2a: Torkoal\n|-damage|p2a: Torkoal|28\/100\n|-damage|p2a: Torkoal|14\/100\n|-damage|p2a: Torkoal|0 fnt\n|faint|p2a: Torkoal\n|-hitcount|p2: Torkoal|3\n|-unboost|p1a: Garchover|def|1\n|-boost|p1a: Garchover|spe|1\n|\n|-weather|SunnyDay|[upkeep]\n|upkeep\n|\n|t:|1697509073\n|switch|p2a: Walking Wake|Walking Wake|100\/100\n|-activate|p2a: Walking Wake|ability: Protosynthesis\n|-start|p2a: Walking Wake|protosynthesisspe\n|turn|9\n|\n|t:|1697509082\n|-terastallize|p1a: Garchover|Steel\n|move|p2a: Walking Wake|Dragon Pulse|p1a: Garchover\n|-resisted|p1a: Garchover\n|-damage|p1a: Garchover|83\/100\n|move|p1a: Garchover|Scale Shot|p2a: Walking Wake\n|-supereffective|p2a: Walking Wake\n|-damage|p2a: Walking Wake|42\/100\n|-supereffective|p2a: Walking Wake\n|-damage|p2a: Walking Wake|0 fnt\n|faint|p2a: Walking Wake\n|-end|p2a: Walking Wake|Protosynthesis|[silent]\n|-hitcount|p2: Walking Wake|2\n|-unboost|p1a: Garchover|def|1\n|-boost|p1a: Garchover|spe|1\n|\n|-weather|SunnyDay|[upkeep]\n|upkeep\n|\n|t:|1697509092\n|switch|p2a: Volcarona|Volcarona, M|100\/100\n|turn|10\n|\n|t:|1697509095\n|-terastallize|p2a: Volcarona|Ground\n|move|p1a: Garchover|Earthquake|p2a: Volcarona\n|-damage|p2a: Volcarona|0 fnt\n|faint|p2a: Volcarona\n|\n|-weather|SunnyDay|[upkeep]\n|upkeep\n|\n|t:|1697509103\n|switch|p2a: Shaymin|Shaymin-Sky|100\/100\n|turn|11\n|\n|t:|1697509111\n|move|p1a: Garchover|Iron Head|p2a: Shaymin\n|-damage|p2a: Shaymin|0 fnt\n|faint|p2a: Shaymin\n|\n|-weather|SunnyDay|[upkeep]\n|upkeep\n|\n|t:|1697509117\n|switch|p2a: Arceus|Arceus-Fire|95\/100\n|turn|12\n|\n|t:|1697509119\n|move|p1a: Garchover|Earthquake|p2a: Arceus\n|-supereffective|p2a: Arceus\n|-damage|p2a: Arceus|0 fnt\n|faint|p2a: Arceus\n|\n|-weather|SunnyDay|[upkeep]\n|upkeep\n|\n|t:|1697509124\n|switch|p2a: Magearna|Magearna|100\/100\n|turn|13\n|\n|t:|1697509127\n|move|p1a: Garchover|Earthquake|p2a: Magearna\n|-supereffective|p2a: Magearna\n|-damage|p2a: Magearna|0 fnt\n|faint|p2a: Magearna\n|\n|win|CoolioM8\n|l|\u2606jvitorfufu09\n|c|\u2606CoolioM8|gg\n","uploadtime":1697509138,"views":21,"p1id":"cooliom8","p2id":"jvitorfufu09","formatid":"gen9ubers","rating":0,"private":0,"password":""}