{"id":"radicalred-gen9ubers-541677","p1":"ivancuervo2007","p2":"DarkEdge_79","format":"[Gen 9] Ubers","log":"|j|\u2606ivancuervo2007\n|j|\u2606DarkEdge_79\n|t:|1698962886\n|gametype|singles\n|player|p1|ivancuervo2007|rr-delphox|\n|player|p2|DarkEdge_79|rr-scizormega|\n|teamsize|p1|6\n|teamsize|p2|6\n|gen|9\n|tier|[Gen 9] Ubers\n|rule|Sleep Clause Mod: Limit one foe put to sleep\n|rule|Species Clause: Limit one of each Pok\u00e9mon\n|rule|OHKO Clause: OHKO moves are banned\n|rule|Evasion Abilities Clause: Evasion abilities are banned\n|rule|Evasion Items Clause: Evasion items are banned\n|rule|Evasion Moves Clause: Evasion moves are banned\n|rule|Endless Battle Clause: Forcing endless battles is banned\n|rule|HP Percentage Mod: HP is shown in percentages\n|rule|Dynamax Clause: You cannot dynamax\n|rule|Mega Rayquaza Clause: You cannot mega evolve Rayquaza\n|clearpoke\n|poke|p1|Metagross|\n|poke|p1|Kingambit, M|\n|poke|p1|Moltres-Galar|\n|poke|p1|Slowbro-Galar, F|\n|poke|p1|Greninja-*, M|\n|poke|p1|Gallade, M|\n|poke|p2|Glaceon, F|\n|poke|p2|Weavile, M|\n|poke|p2|Walrein, M|\n|poke|p2|Ceruledge, M|\n|poke|p2|Typhlosion, F|\n|poke|p2|Blaziken, F|\n|teampreview\n|\n|t:|1698962902\n|start\n|switch|p1a: Alpha|Metagross, shiny|100\/100\n|switch|p2a: Eevee de invierno|Glaceon, F|100\/100\n|turn|1\n|\n|t:|1698962907\n|detailschange|p1a: Alpha|Metagross-Mega, shiny\n|-mega|p1a: Alpha|Metagross|Metagrossite\n|move|p1a: Alpha|Meteor Mash|p2a: Eevee de invierno\n|-supereffective|p2a: Eevee de invierno\n|-damage|p2a: Eevee de invierno|0 fnt\n|faint|p2a: Eevee de invierno\n|\n|upkeep\n|\n|t:|1698962926\n|switch|p2a: Paco|Typhlosion, F|100\/100\n|turn|2\n|\n|t:|1698962931\n|switch|p1a: Qiky|Slowbro-Galar, F|100\/100\n|move|p2a: Paco|Eruption|p1a: Qiky\n|-damage|p1a: Qiky|0 fnt\n|faint|p1a: Qiky\n|\n|upkeep\n|\n|t:|1698962939\n|switch|p1a: Infinit|Kingambit, M|100\/100\n|-activate|p1a: Infinit|ability: Supreme Overlord\n|-start|p1a: Infinit|fallen1|[silent]\n|turn|3\n|\n|t:|1698962950\n|move|p2a: Paco|Eruption|p1a: Infinit\n|-supereffective|p1a: Infinit\n|-damage|p1a: Infinit|0 fnt\n|faint|p1a: Infinit\n|-end|p1a: Infinit|fallen1|[silent]\n|\n|upkeep\n|\n|t:|1698962965\n|switch|p1a: Gekoga|Greninja, M|100\/100\n|turn|4\n|\n|t:|1698962974\n|move|p1a: Gekoga|Water Shuriken|p2a: Paco\n|-supereffective|p2a: Paco\n|-damage|p2a: Paco|79\/100\n|-supereffective|p2a: Paco\n|-damage|p2a: Paco|55\/100\n|-supereffective|p2a: Paco\n|-damage|p2a: Paco|33\/100\n|-supereffective|p2a: Paco\n|-damage|p2a: Paco|9\/100\n|-supereffective|p2a: Paco\n|-damage|p2a: Paco|0 fnt\n|faint|p2a: Paco\n|-activate|p1a: Gekoga|ability: Battle Bond\n|detailschange|p1a: Gekoga|Greninja-Ash, M\n|-hitcount|p2: Paco|5\n|-damage|p1a: Gekoga|91\/100|[from] item: Life Orb\n|\n|upkeep\n|\n|t:|1698962996\n|switch|p2a: Speedy Gonz\u00e1lez|Weavile, M|100\/100\n|turn|5\n|\n|t:|1698963001\n|move|p1a: Gekoga|Surf|p2a: Speedy Gonz\u00e1lez\n|-damage|p2a: Speedy Gonz\u00e1lez|19\/100\n|-damage|p1a: Gekoga|81\/100|[from] item: Life Orb\n|move|p2a: Speedy Gonz\u00e1lez|Swords Dance|p2a: Speedy Gonz\u00e1lez\n|-boost|p2a: Speedy Gonz\u00e1lez|atk|2\n|\n|upkeep\n|turn|6\n|\n|t:|1698963011\n|move|p1a: Gekoga|Water Shuriken|p2a: Speedy Gonz\u00e1lez\n|-damage|p2a: Speedy Gonz\u00e1lez|0 fnt\n|faint|p2a: Speedy Gonz\u00e1lez\n|-hitcount|p2: Speedy Gonz\u00e1lez|1\n|-damage|p1a: Gekoga|71\/100|[from] item: Life Orb\n|\n|upkeep\n|\n|t:|1698963018\n|switch|p2a: Primer Shiny|Walrein, M, shiny|100\/100\n|turn|7\n|\n|t:|1698963024\n|move|p1a: Gekoga|Dark Pulse|p2a: Primer Shiny\n|-damage|p2a: Primer Shiny|46\/100\n|-damage|p1a: Gekoga|61\/100|[from] item: Life Orb\n|move|p2a: Primer Shiny|Aqua Ring|p2a: Primer Shiny\n|-start|p2a: Primer Shiny|Aqua Ring\n|\n|-heal|p2a: Primer Shiny|52\/100|[from] item: Leftovers\n|-heal|p2a: Primer Shiny|58\/100|[from] Aqua Ring\n|upkeep\n|turn|8\n|\n|t:|1698963033\n|move|p1a: Gekoga|Dark Pulse|p2a: Primer Shiny\n|-damage|p2a: Primer Shiny|2\/100\n|-damage|p1a: Gekoga|52\/100|[from] item: Life Orb\n|move|p2a: Primer Shiny|Icicle Spear|p1a: Gekoga\n|-resisted|p1a: Gekoga\n|-damage|p1a: Gekoga|45\/100\n|-resisted|p1a: Gekoga\n|-damage|p1a: Gekoga|38\/100\n|-hitcount|p1a: Gekoga|2\n|\n|-heal|p2a: Primer Shiny|8\/100|[from] item: Leftovers\n|-heal|p2a: Primer Shiny|14\/100|[from] Aqua Ring\n|upkeep\n|turn|9\n|\n|t:|1698963044\n|move|p1a: Gekoga|Dark Pulse|p2a: Primer Shiny\n|-damage|p2a: Primer Shiny|0 fnt\n|faint|p2a: Primer Shiny\n|-damage|p1a: Gekoga|28\/100|[from] item: Life Orb\n|\n|upkeep\n|\n|t:|1698963048\n|switch|p2a: Alita de pollo|Blaziken, F|100\/100\n|turn|10\n|\n|t:|1698963056\n|detailschange|p2a: Alita de pollo|Blaziken-Mega, F\n|-mega|p2a: Alita de pollo|Blaziken|Blazikenite\n|move|p1a: Gekoga|Water Shuriken|p2a: Alita de pollo\n|-supereffective|p2a: Alita de pollo\n|-damage|p2a: Alita de pollo|59\/100\n|-supereffective|p2a: Alita de pollo\n|-damage|p2a: Alita de pollo|24\/100\n|-supereffective|p2a: Alita de pollo\n|-damage|p2a: Alita de pollo|0 fnt\n|faint|p2a: Alita de pollo\n|-hitcount|p2: Alita de pollo|3\n|-damage|p1a: Gekoga|18\/100|[from] item: Life Orb\n|\n|upkeep\n|\n|t:|1698963066\n|switch|p2a: Fachero|Ceruledge, M|100\/100\n|turn|11\n|\n|t:|1698963078\n|move|p1a: Gekoga|Surf|p2a: Fachero\n|-supereffective|p2a: Fachero\n|-damage|p2a: Fachero|0 fnt\n|faint|p2a: Fachero\n|-damage|p1a: Gekoga|9\/100|[from] item: Life Orb\n|\n|win|ivancuervo2007\n|l|\u2606DarkEdge_79\n|j| BraxGrifRow\n","uploadtime":1698964038,"views":8,"p1id":"ivancuervo2007","p2id":"darkedge79","formatid":"gen9ubers","rating":0,"private":0,"password":""}