{"id":"radicalred-gen9ubers-549679","p1":"oscar3ro","p2":"nosexd123","format":"[Gen 9] Ubers","log":"|j|\u2606oscar3ro\n|j|\u2606nosexd123\n|t:|1700620354\n|gametype|singles\n|player|p1|oscar3ro|rr-cinderace|\n|player|p2|nosexd123|rr-greninja|\n|teamsize|p1|6\n|teamsize|p2|6\n|gen|9\n|tier|[Gen 9] Ubers\n|rule|Sleep Clause Mod: Limit one foe put to sleep\n|rule|Species Clause: Limit one of each Pok\u00e9mon\n|rule|OHKO Clause: OHKO moves are banned\n|rule|Evasion Abilities Clause: Evasion abilities are banned\n|rule|Evasion Items Clause: Evasion items are banned\n|rule|Evasion Moves Clause: Evasion moves are banned\n|rule|Endless Battle Clause: Forcing endless battles is banned\n|rule|HP Percentage Mod: HP is shown in percentages\n|rule|Dynamax Clause: You cannot dynamax\n|rule|Mega Rayquaza Clause: You cannot mega evolve Rayquaza\n|clearpoke\n|poke|p1|Dodrio-Sevii, F|\n|poke|p1|Ribombee, F|\n|poke|p1|Kingambit, M|\n|poke|p1|Houndoom, F|\n|poke|p1|Starmie|\n|poke|p1|Shedinja|\n|poke|p2|Greninja-*, M|\n|poke|p2|Mandibuzz, F|\n|poke|p2|Grimmsnarl, M|\n|poke|p2|Weavile, M|\n|poke|p2|Toxapex, F|\n|poke|p2|Kingambit, F|\n|teampreview\n|c|\u2606oscar3ro|Como ta muchacho \n|\n|t:|1700620376\n|start\n|switch|p1a: Ribombee|Ribombee, F|100\/100\n|switch|p2a: Weavile|Weavile, M|100\/100\n|turn|1\n|\n|t:|1700620381\n|move|p2a: Weavile|Triple Axel|p1a: Ribombee\n|-damage|p1a: Ribombee|70\/100\n|-hitcount|p1a: Ribombee|1\n|move|p1a: Ribombee|Sticky Web|p2a: Weavile\n|-sidestart|p2: nosexd123|move: Sticky Web\n|\n|upkeep\n|turn|2\n|\n|t:|1700620387\n|move|p2a: Weavile|Triple Axel|p1a: Ribombee\n|-damage|p1a: Ribombee|43\/100\n|-damage|p1a: Ribombee|0 fnt\n|faint|p1a: Ribombee\n|-hitcount|p1: Ribombee|2\n|\n|upkeep\n|\n|t:|1700620399\n|switch|p1a: Houndoom|Houndoom, F|100\/100\n|turn|3\n|\n|t:|1700620427\n|switch|p2a: Mandibuzz|Mandibuzz, F|100\/100\n|detailschange|p1a: Houndoom|Houndoom-Mega, F\n|-mega|p1a: Houndoom|Houndoom|Houndoominite\n|move|p1a: Houndoom|Sludge Bomb|p2a: Mandibuzz\n|-damage|p2a: Mandibuzz|82\/100\n|\n|upkeep\n|turn|4\n|\n|t:|1700620441\n|move|p1a: Houndoom|Flamethrower|p2a: Mandibuzz\n|-damage|p2a: Mandibuzz|50\/100\n|move|p2a: Mandibuzz|Defog|p1a: Houndoom\n|-unboost|p1a: Houndoom|evasion|1\n|-sideend|p2: nosexd123|Sticky Web|[from] move: Defog|[of] p2a: Mandibuzz\n|\n|upkeep\n|turn|5\n|\n|t:|1700620447\n|move|p1a: Houndoom|Flamethrower|p2a: Mandibuzz\n|-damage|p2a: Mandibuzz|21\/100\n|-status|p2a: Mandibuzz|brn\n|move|p2a: Mandibuzz|Roost|p2a: Mandibuzz\n|-heal|p2a: Mandibuzz|71\/100 brn\n|-singleturn|p2a: Mandibuzz|move: Roost\n|\n|-damage|p2a: Mandibuzz|65\/100 brn|[from] brn\n|upkeep\n|turn|6\n|\n|t:|1700620459\n|switch|p1a: Kingambit|Kingambit, M|100\/100\n|-activate|p1a: Kingambit|ability: Supreme Overlord\n|-start|p1a: Kingambit|fallen1|[silent]\n|move|p2a: Mandibuzz|U-turn|p1a: Kingambit\n|-damage|p1a: Kingambit|97\/100\n|\n|t:|1700620469\n|switch|p2a: Toxapex|Toxapex, F|100\/100|[from] U-turn\n|\n|-heal|p1a: Kingambit|100\/100|[from] item: Leftovers\n|upkeep\n|turn|7\n|\n|t:|1700620481\n|-end|p1a: Kingambit|fallen1|[silent]\n|switch|p1a: Starmie|Starmie|100\/100\n|move|p2a: Toxapex|Knock Off|p1a: Starmie\n|-supereffective|p1a: Starmie\n|-damage|p1a: Starmie|54\/100\n|-enditem|p1a: Starmie|Leftovers|[from] move: Knock Off|[of] p2a: Toxapex\n|\n|upkeep\n|turn|8\n|\n|t:|1700620486\n|move|p2a: Toxapex|Baneful Bunker|p2a: Toxapex\n|-singleturn|p2a: Toxapex|move: Protect\n|move|p1a: Starmie|Thunderbolt|p2a: Toxapex\n|-activate|p2a: Toxapex|move: Protect\n|\n|upkeep\n|turn|9\n|\n|t:|1700620494\n|switch|p2a: Grimmsnarl|Grimmsnarl, M|100\/100\n|move|p1a: Starmie|Thunderbolt|p2a: Grimmsnarl\n|-damage|p2a: Grimmsnarl|78\/100\n|\n|upkeep\n|turn|10\n|\n|t:|1700620506\n|switch|p1a: Kingambit|Kingambit, M|100\/100\n|-activate|p1a: Kingambit|ability: Supreme Overlord\n|-start|p1a: Kingambit|fallen1|[silent]\n|move|p2a: Grimmsnarl|Light Screen|p2a: Grimmsnarl\n|-sidestart|p2: nosexd123|move: Light Screen\n|\n|upkeep\n|turn|11\n|\n|t:|1700620508\n|switch|p2a: Toxapex|Toxapex, F|100\/100\n|move|p1a: Kingambit|Brick Break|p2a: Toxapex\n|-sideend|p2: nosexd123|move: Light Screen\n|-resisted|p2a: Toxapex\n|-crit|p2a: Toxapex\n|-damage|p2a: Toxapex|87\/100\n|\n|-heal|p2a: Toxapex|93\/100|[from] item: Black Sludge\n|upkeep\n|turn|12\n|\n|t:|1700620514\n|-end|p1a: Kingambit|fallen1|[silent]\n|switch|p1a: Houndoom|Houndoom-Mega, F|100\/100\n|move|p2a: Toxapex|Knock Off|p1a: Houndoom\n|-resisted|p1a: Houndoom\n|-damage|p1a: Houndoom|94\/100\n|\n|-heal|p2a: Toxapex|99\/100|[from] item: Black Sludge\n|upkeep\n|turn|13\n|\n|t:|1700620518\n|move|p1a: Houndoom|Fiery Wrath|p2a: Toxapex\n|-damage|p2a: Toxapex|55\/100\n|move|p2a: Toxapex|Scald|p1a: Houndoom\n|-supereffective|p1a: Houndoom\n|-damage|p1a: Houndoom|54\/100\n|\n|-heal|p2a: Toxapex|62\/100|[from] item: Black Sludge\n|upkeep\n|turn|14\n|\n|t:|1700620529\n|move|p1a: Houndoom|Fiery Wrath|p2a: Toxapex\n|-damage|p2a: Toxapex|22\/100\n|move|p2a: Toxapex|Scald|p1a: Houndoom\n|-supereffective|p1a: Houndoom\n|-damage|p1a: Houndoom|13\/100\n|\n|-heal|p2a: Toxapex|28\/100|[from] item: Black Sludge\n|upkeep\n|turn|15\n|\n|t:|1700620537\n|switch|p2a: Greninja|Greninja, M|100\/100\n|move|p1a: Houndoom|Fiery Wrath|p2a: Greninja\n|-resisted|p2a: Greninja\n|-damage|p2a: Greninja|63\/100\n|\n|upkeep\n|turn|16\n|\n|t:|1700620547\n|move|p2a: Greninja|Water Shuriken|p1a: Houndoom\n|-supereffective|p1a: Houndoom\n|-damage|p1a: Houndoom|0 fnt\n|faint|p1a: Houndoom\n|-activate|p2a: Greninja|ability: Battle Bond\n|detailschange|p2a: Greninja|Greninja-Ash, M\n|-hitcount|p1: Houndoom|1\n|\n|upkeep\n|\n|t:|1700620561\n|switch|p1a: Kingambit|Kingambit, M|100\/100\n|-activate|p1a: Kingambit|ability: Supreme Overlord\n|-start|p1a: Kingambit|fallen2|[silent]\n|turn|17\n|\n|t:|1700620570\n|switch|p2a: Toxapex|Toxapex, F|61\/100\n|move|p1a: Kingambit|Brick Break|p2a: Toxapex\n|-resisted|p2a: Toxapex\n|-damage|p2a: Toxapex|50\/100\n|\n|-heal|p2a: Toxapex|57\/100|[from] item: Black Sludge\n|upkeep\n|turn|18\n|\n|t:|1700620584\n|move|p1a: Kingambit|Kowtow Cleave|p2a: Toxapex\n|-damage|p2a: Toxapex|18\/100\n|move|p2a: Toxapex|Scald|p1a: Kingambit\n|-damage|p1a: Kingambit|86\/100\n|-status|p1a: Kingambit|brn\n|\n|-heal|p1a: Kingambit|92\/100 brn|[from] item: Leftovers\n|-heal|p2a: Toxapex|24\/100|[from] item: Black Sludge\n|-damage|p1a: Kingambit|86\/100 brn|[from] brn\n|upkeep\n|turn|19\n|c|\u2606oscar3ro|Ptm abuela\n|c|\u2606nosexd123|Eso no me lo esperaba\n|\n|t:|1700620615\n|switch|p2a: Grimmsnarl|Grimmsnarl, M|78\/100\n|move|p1a: Kingambit|Swords Dance|p1a: Kingambit\n|-boost|p1a: Kingambit|atk|2\n|\n|-heal|p1a: Kingambit|92\/100 brn|[from] item: Leftovers\n|-damage|p1a: Kingambit|86\/100 brn|[from] brn\n|upkeep\n|turn|20\n|c|\u2606oscar3ro|Me cago no insta matar a weavile\n|\n|t:|1700620626\n|move|p2a: Grimmsnarl|Reflect|p2a: Grimmsnarl\n|-sidestart|p2: nosexd123|Reflect\n|move|p1a: Kingambit|Brick Break|p2a: Grimmsnarl\n|-sideend|p2: nosexd123|Reflect\n|-damage|p2a: Grimmsnarl|45\/100\n|\n|-heal|p1a: Kingambit|92\/100 brn|[from] item: Leftovers\n|-damage|p1a: Kingambit|86\/100 brn|[from] brn\n|upkeep\n|turn|21\n|\n|t:|1700620631\n|switch|p2a: Mandibuzz|Mandibuzz, F|65\/100 brn\n|move|p1a: Kingambit|Brick Break|p2a: Mandibuzz\n|-damage|p2a: Mandibuzz|39\/100 brn\n|\n|-heal|p1a: Kingambit|92\/100 brn|[from] item: Leftovers\n|-damage|p2a: Mandibuzz|33\/100 brn|[from] brn\n|-damage|p1a: Kingambit|86\/100 brn|[from] brn\n|upkeep\n|turn|22\n|\n|t:|1700620637\n|move|p2a: Mandibuzz|U-turn|p1a: Kingambit\n|-crit|p1a: Kingambit\n|-damage|p1a: Kingambit|80\/100 brn\n|\n|t:|1700620639\n|switch|p2a: Toxapex|Toxapex, F|57\/100|[from] U-turn\n|move|p1a: Kingambit|Brick Break|p2a: Toxapex\n|-resisted|p2a: Toxapex\n|-damage|p2a: Toxapex|46\/100\n|\n|-heal|p1a: Kingambit|87\/100 brn|[from] item: Leftovers\n|-heal|p2a: Toxapex|52\/100|[from] item: Black Sludge\n|-damage|p1a: Kingambit|80\/100 brn|[from] brn\n|upkeep\n|turn|23\n|\n|t:|1700620643\n|move|p1a: Kingambit|Swords Dance|p1a: Kingambit\n|-boost|p1a: Kingambit|atk|2\n|move|p2a: Toxapex|Recover|p2a: Toxapex\n|-heal|p2a: Toxapex|100\/100\n|\n|-heal|p1a: Kingambit|87\/100 brn|[from] item: Leftovers\n|-damage|p1a: Kingambit|80\/100 brn|[from] brn\n|upkeep\n|turn|24\n|\n|t:|1700620646\n|move|p1a: Kingambit|Kowtow Cleave|p2a: Toxapex\n|-damage|p2a: Toxapex|51\/100\n|move|p2a: Toxapex|Scald|p1a: Kingambit\n|-damage|p1a: Kingambit|67\/100 brn\n|\n|-heal|p1a: Kingambit|73\/100 brn|[from] item: Leftovers\n|-heal|p2a: Toxapex|57\/100|[from] item: Black Sludge\n|-damage|p1a: Kingambit|67\/100 brn|[from] brn\n|upkeep\n|turn|25\n|\n|t:|1700620655\n|move|p1a: Kingambit|Swords Dance|p1a: Kingambit\n|-boost|p1a: Kingambit|atk|2\n|move|p2a: Toxapex|Recover|p2a: Toxapex\n|-heal|p2a: Toxapex|100\/100\n|\n|-heal|p1a: Kingambit|73\/100 brn|[from] item: Leftovers\n|-damage|p1a: Kingambit|67\/100 brn|[from] brn\n|upkeep\n|turn|26\n|\n|t:|1700620658\n|switch|p2a: Mandibuzz|Mandibuzz, F|33\/100 brn\n|move|p1a: Kingambit|Kowtow Cleave|p2a: Mandibuzz\n|-resisted|p2a: Mandibuzz\n|-damage|p2a: Mandibuzz|0 fnt\n|faint|p2a: Mandibuzz\n|\n|-heal|p1a: Kingambit|73\/100 brn|[from] item: Leftovers\n|-damage|p1a: Kingambit|67\/100 brn|[from] brn\n|upkeep\n|\n|t:|1700620663\n|switch|p2a: Greninja|Greninja-Ash, M|63\/100\n|turn|27\n|\n|t:|1700620665\n|move|p2a: Greninja|Water Shuriken|p1a: Kingambit\n|-damage|p1a: Kingambit|56\/100 brn\n|-damage|p1a: Kingambit|43\/100 brn\n|-damage|p1a: Kingambit|30\/100 brn\n|-hitcount|p1a: Kingambit|3\n|move|p1a: Kingambit|Brick Break|p2a: Greninja\n|-supereffective|p2a: Greninja\n|-damage|p2a: Greninja|0 fnt\n|faint|p2a: Greninja\n|\n|-heal|p1a: Kingambit|37\/100 brn|[from] item: Leftovers\n|-damage|p1a: Kingambit|30\/100 brn|[from] brn\n|upkeep\n|\n|t:|1700620681\n|switch|p2a: Toxapex|Toxapex, F|100\/100\n|turn|28\n|\n|t:|1700620683\n|move|p1a: Kingambit|Kowtow Cleave|p2a: Toxapex\n|-damage|p2a: Toxapex|34\/100\n|move|p2a: Toxapex|Scald|p1a: Kingambit\n|-crit|p1a: Kingambit\n|-damage|p1a: Kingambit|8\/100 brn\n|\n|-heal|p1a: Kingambit|14\/100 brn|[from] item: Leftovers\n|-heal|p2a: Toxapex|40\/100|[from] item: Black Sludge\n|-damage|p1a: Kingambit|8\/100 brn|[from] brn\n|upkeep\n|turn|29\n|\n|t:|1700620697\n|move|p2a: Toxapex|Baneful Bunker|p2a: Toxapex\n|-singleturn|p2a: Toxapex|move: Protect\n|move|p1a: Kingambit|Brick Break|p2a: Toxapex\n|-activate|p2a: Toxapex|move: Protect\n|\n|-heal|p1a: Kingambit|14\/100 brn|[from] item: Leftovers\n|-heal|p2a: Toxapex|47\/100|[from] item: Black Sludge\n|-damage|p1a: Kingambit|8\/100 brn|[from] brn\n|upkeep\n|turn|30\n|\n|t:|1700620702\n|switch|p2a: Grimmsnarl|Grimmsnarl, M|45\/100\n|move|p1a: Kingambit|Kowtow Cleave|p2a: Grimmsnarl\n|-resisted|p2a: Grimmsnarl\n|-damage|p2a: Grimmsnarl|19\/100\n|\n|-heal|p1a: Kingambit|14\/100 brn|[from] item: Leftovers\n|-damage|p1a: Kingambit|8\/100 brn|[from] brn\n|upkeep\n|turn|31\n|\n|t:|1700620710\n|move|p2a: Grimmsnarl|Reflect|p2a: Grimmsnarl\n|-sidestart|p2: nosexd123|Reflect\n|move|p1a: Kingambit|Brick Break|p2a: Grimmsnarl\n|-sideend|p2: nosexd123|Reflect\n|-damage|p2a: Grimmsnarl|0 fnt\n|faint|p2a: Grimmsnarl\n|\n|-heal|p1a: Kingambit|14\/100 brn|[from] item: Leftovers\n|-damage|p1a: Kingambit|8\/100 brn|[from] brn\n|upkeep\n|\n|t:|1700620718\n|switch|p2a: Toxapex|Toxapex, F|80\/100\n|turn|32\n|\n|t:|1700620721\n|move|p1a: Kingambit|Kowtow Cleave|p2a: Toxapex\n|-damage|p2a: Toxapex|5\/100\n|move|p2a: Toxapex|Scald|p1a: Kingambit\n|-damage|p1a: Kingambit|0 fnt\n|faint|p1a: Kingambit\n|-end|p1a: Kingambit|fallen2|[silent]\n|\n|-heal|p2a: Toxapex|11\/100|[from] item: Black Sludge\n|upkeep\n|\n|t:|1700620734\n|switch|p1a: Starmie|Starmie|54\/100\n|turn|33\n|\n|t:|1700620740\n|move|p1a: Starmie|Thunderbolt|p2a: Toxapex\n|-supereffective|p2a: Toxapex\n|-damage|p2a: Toxapex|0 fnt\n|faint|p2a: Toxapex\n|\n|upkeep\n|\n|t:|1700620742\n|switch|p2a: Weavile|Weavile, M|100\/100\n|turn|34\n|\n|t:|1700620747\n|move|p2a: Weavile|Night Slash|p1a: Starmie\n|-supereffective|p1a: Starmie\n|-damage|p1a: Starmie|0 fnt\n|faint|p1a: Starmie\n|\n|upkeep\n|\n|t:|1700620755\n|switch|p1a: Dodrio|Dodrio-Sevii, F|100\/100\n|turn|35\n|\n|t:|1700620757\n|move|p2a: Weavile|Night Slash|p1a: Dodrio\n|-damage|p1a: Dodrio|2\/100\n|move|p1a: Dodrio|Flare Blitz|p2a: Weavile\n|-supereffective|p2a: Weavile\n|-damage|p2a: Weavile|0 fnt\n|faint|p2a: Weavile\n|-damage|p1a: Dodrio|0 fnt|[from] item: Life Orb\n|faint|p1a: Dodrio\n|\n|upkeep\n|\n|t:|1700620763\n|switch|p2a: Kingambit|Kingambit, F|100\/100\n|switch|p1a: Shedinja|Shedinja|100\/100\n|-activate|p2a: Kingambit|ability: Supreme Overlord\n|-start|p2a: Kingambit|fallen5|[silent]\n|turn|36\n|\n|t:|1700620768\n|move|p1a: Shedinja|X-Scissor|p2a: Kingambit\n|-damage|p2a: Kingambit|72\/100\n|move|p2a: Kingambit|Kowtow Cleave|p1a: Shedinja\n|-supereffective|p1a: Shedinja\n|-enditem|p1a: Shedinja|Focus Sash\n|-damage|p1a: Shedinja|100\/100\n|\n|-heal|p2a: Kingambit|78\/100|[from] item: Leftovers\n|upkeep\n|turn|37\n|c|\u2606nosexd123|Diosito gracias\n|\n|t:|1700620778\n|move|p1a: Shedinja|Shadow Sneak|p2a: Kingambit\n|-resisted|p2a: Kingambit\n|-damage|p2a: Kingambit|72\/100\n|move|p2a: Kingambit|Sucker Punch||[still]\n|-fail|p2a: Kingambit\n|\n|-heal|p2a: Kingambit|78\/100|[from] item: Leftovers\n|upkeep\n|turn|38\n|c|\u2606oscar3ro|Waos\n|\n|t:|1700620788\n|move|p1a: Shedinja|X-Scissor|p2a: Kingambit\n|-damage|p2a: Kingambit|50\/100\n|move|p2a: Kingambit|Kowtow Cleave|p1a: Shedinja\n|-supereffective|p1a: Shedinja\n|-damage|p1a: Shedinja|0 fnt\n|faint|p1a: Shedinja\n|\n|win|nosexd123\n|c|\u2606oscar3ro|Gg pos\n|c|\u2606nosexd123|Gg\n|c|\u2606oscar3ro|Toca cambiar el team y poner al ultea ente\n|c|\u2606oscar3ro|:)\n|c|\u2606nosexd123|Oh no\n|c|\u2606oscar3ro|Oh si\n|c|\u2606oscar3ro|Se viene\n","uploadtime":1700620832,"views":1,"p1id":"oscar3ro","p2id":"nosexd123","formatid":"gen9ubers","rating":0,"private":0,"password":""}