{"id":"radicalred-gen9ubers-545633","p1":"anderproyt","p2":"axelzzz09","format":"[Gen 9] Ubers","log":"|j|\u2606anderproyt\n|j|\u2606axelzzz09\n|t:|1699824213\n|gametype|singles\n|player|p1|anderproyt|rr-tyranitar|\n|player|p2|axelzzz09|rr-sneasler|\n|teamsize|p1|6\n|teamsize|p2|6\n|gen|9\n|tier|[Gen 9] Ubers\n|rule|Sleep Clause Mod: Limit one foe put to sleep\n|rule|Species Clause: Limit one of each Pok\u00e9mon\n|rule|OHKO Clause: OHKO moves are banned\n|rule|Evasion Abilities Clause: Evasion abilities are banned\n|rule|Evasion Items Clause: Evasion items are banned\n|rule|Evasion Moves Clause: Evasion moves are banned\n|rule|Endless Battle Clause: Forcing endless battles is banned\n|rule|HP Percentage Mod: HP is shown in percentages\n|rule|Dynamax Clause: You cannot dynamax\n|rule|Mega Rayquaza Clause: You cannot mega evolve Rayquaza\n|clearpoke\n|poke|p1|Lopunny, F|\n|poke|p1|Heliolisk, F|\n|poke|p1|Cyclizar, F|\n|poke|p1|Clodsire, F|\n|poke|p1|Gengar, F|\n|poke|p1|Grafaiai, F|\n|poke|p2|Ceruledge, F|\n|poke|p2|Kangaskhan, F|\n|poke|p2|Kommo-o, F|\n|poke|p2|Sneasler, F|\n|poke|p2|Raichu-Alola, M|\n|poke|p2|Volcarona, M|\n|teampreview\n|\n|t:|1699824231\n|start\n|switch|p1a: Graficos|Grafaiai, F|100\/100\n|switch|p2a: mi estrella fuego|Volcarona, M|100\/100\n|turn|1\n|\n|t:|1699824240\n|move|p1a: Graficos|Taunt|p2a: mi estrella fuego\n|-start|p2a: mi estrella fuego|move: Taunt\n|cant|p2a: mi estrella fuego|move: Taunt|Quiver Dance\n|\n|upkeep\n|turn|2\n|\n|t:|1699824245\n|switch|p1a: I don Know|Clodsire, F, shiny|100\/100\n|move|p2a: mi estrella fuego|Fiery Dance|p1a: I don Know\n|-damage|p1a: I don Know|75\/100\n|-boost|p2a: mi estrella fuego|spa|1\n|\n|-heal|p1a: I don Know|81\/100|[from] item: Black Sludge\n|upkeep\n|turn|3\n|\n|t:|1699824255\n|move|p2a: mi estrella fuego|Fiery Dance|p1a: I don Know\n|-damage|p1a: I don Know|55\/100\n|-boost|p2a: mi estrella fuego|spa|1\n|move|p1a: I don Know|Toxic|p2a: mi estrella fuego\n|-status|p2a: mi estrella fuego|tox\n|\n|-heal|p1a: I don Know|61\/100|[from] item: Black Sludge\n|-damage|p2a: mi estrella fuego|94\/100 tox|[from] psn\n|-end|p2a: mi estrella fuego|move: Taunt\n|upkeep\n|turn|4\n|\n|t:|1699824266\n|move|p2a: mi estrella fuego|Fiery Dance|p1a: I don Know\n|-damage|p1a: I don Know|32\/100\n|-boost|p2a: mi estrella fuego|spa|1\n|move|p1a: I don Know|Recover|p1a: I don Know\n|-heal|p1a: I don Know|82\/100\n|\n|-heal|p1a: I don Know|88\/100|[from] item: Black Sludge\n|-damage|p2a: mi estrella fuego|82\/100 tox|[from] psn\n|upkeep\n|turn|5\n|\n|t:|1699824275\n|move|p2a: mi estrella fuego|Fiery Dance|p1a: I don Know\n|-crit|p1a: I don Know\n|-damage|p1a: I don Know|46\/100\n|-boost|p2a: mi estrella fuego|spa|1\n|move|p1a: I don Know|Stealth Rock|p2a: mi estrella fuego\n|-sidestart|p2: axelzzz09|move: Stealth Rock\n|\n|-heal|p1a: I don Know|52\/100|[from] item: Black Sludge\n|-damage|p2a: mi estrella fuego|64\/100 tox|[from] psn\n|upkeep\n|turn|6\n|c|\u2606anderproyt|rompiendo sashes\n|c|\u2606anderproyt|a ver sacame al  kangaskhan\n|\n|t:|1699824306\n|move|p2a: mi estrella fuego|Fiery Dance|p1a: I don Know\n|-damage|p1a: I don Know|24\/100\n|move|p1a: I don Know|Recover|p1a: I don Know\n|-heal|p1a: I don Know|74\/100\n|\n|-heal|p1a: I don Know|81\/100|[from] item: Black Sludge\n|-damage|p2a: mi estrella fuego|40\/100 tox|[from] psn\n|upkeep\n|turn|7\n|\n|t:|1699824316\n|move|p2a: mi estrella fuego|Fiery Dance|p1a: I don Know\n|-damage|p1a: I don Know|51\/100\n|move|p1a: I don Know|Recover|p1a: I don Know\n|-heal|p1a: I don Know|100\/100\n|\n|-damage|p2a: mi estrella fuego|9\/100 tox|[from] psn\n|upkeep\n|turn|8\n|c|\u2606anderproyt|triste lo del volca xd\n|\n|t:|1699824346\n|move|p2a: mi estrella fuego|Fiery Dance|p1a: I don Know\n|-damage|p1a: I don Know|73\/100\n|-boost|p2a: mi estrella fuego|spa|1\n|move|p1a: I don Know|Recover|p1a: I don Know\n|-heal|p1a: I don Know|100\/100\n|\n|-damage|p2a: mi estrella fuego|0 fnt|[from] psn\n|faint|p2a: mi estrella fuego\n|upkeep\n|c|\u2606axelzzz09|xd\n|\n|t:|1699824360\n|switch|p2a: la armadura|Kommo-o, F|100\/100\n|-damage|p2a: la armadura|94\/100|[from] Stealth Rock\n|turn|9\n|\n|t:|1699824367\n|move|p2a: la armadura|Scale Shot|p1a: I don Know\n|-damage|p1a: I don Know|91\/100\n|-damage|p1a: I don Know|81\/100\n|-damage|p1a: I don Know|70\/100\n|-damage|p1a: I don Know|60\/100\n|-hitcount|p1a: I don Know|4\n|-unboost|p2a: la armadura|def|1\n|-boost|p2a: la armadura|spe|1\n|move|p1a: I don Know|Toxic|p2a: la armadura\n|-status|p2a: la armadura|tox\n|\n|-heal|p1a: I don Know|66\/100|[from] item: Black Sludge\n|-damage|p2a: la armadura|88\/100 tox|[from] psn\n|upkeep\n|turn|10\n|c|\u2606anderproyt|ya te la sabes\n|\n|t:|1699824381\n|move|p2a: la armadura|Scale Shot|p1a: I don Know\n|-damage|p1a: I don Know|57\/100\n|-damage|p1a: I don Know|47\/100\n|-damage|p1a: I don Know|36\/100\n|-damage|p1a: I don Know|26\/100\n|-damage|p1a: I don Know|16\/100\n|-hitcount|p1a: I don Know|5\n|-unboost|p2a: la armadura|def|1\n|-boost|p2a: la armadura|spe|1\n|move|p1a: I don Know|Recover|p1a: I don Know\n|-heal|p1a: I don Know|66\/100\n|\n|-heal|p1a: I don Know|72\/100|[from] item: Black Sludge\n|-damage|p2a: la armadura|76\/100 tox|[from] psn\n|upkeep\n|turn|11\n|\n|t:|1699824396\n|move|p2a: la armadura|Scale Shot|p1a: I don Know\n|-damage|p1a: I don Know|63\/100\n|-damage|p1a: I don Know|53\/100\n|-damage|p1a: I don Know|43\/100\n|-damage|p1a: I don Know|32\/100\n|-damage|p1a: I don Know|23\/100\n|-hitcount|p1a: I don Know|5\n|-unboost|p2a: la armadura|def|1\n|-boost|p2a: la armadura|spe|1\n|move|p1a: I don Know|Recover|p1a: I don Know\n|-heal|p1a: I don Know|73\/100\n|\n|-heal|p1a: I don Know|79\/100|[from] item: Black Sludge\n|-damage|p2a: la armadura|57\/100 tox|[from] psn\n|upkeep\n|turn|12\n|\n|t:|1699824414\n|move|p2a: la armadura|Scale Shot|p1a: I don Know\n|-damage|p1a: I don Know|70\/100\n|-damage|p1a: I don Know|60\/100\n|-damage|p1a: I don Know|50\/100\n|-damage|p1a: I don Know|40\/100\n|-damage|p1a: I don Know|31\/100\n|-hitcount|p1a: I don Know|5\n|-unboost|p2a: la armadura|def|1\n|-boost|p2a: la armadura|spe|1\n|move|p1a: I don Know|Recover|p1a: I don Know\n|-heal|p1a: I don Know|81\/100\n|\n|-heal|p1a: I don Know|88\/100|[from] item: Black Sludge\n|-damage|p2a: la armadura|32\/100 tox|[from] psn\n|upkeep\n|turn|13\n|\n|t:|1699824429\n|move|p2a: la armadura|Scale Shot|p1a: I don Know\n|-damage|p1a: I don Know|78\/100\n|-damage|p1a: I don Know|69\/100\n|-damage|p1a: I don Know|59\/100\n|-damage|p1a: I don Know|50\/100\n|-hitcount|p1a: I don Know|4\n|-unboost|p2a: la armadura|def|1\n|-boost|p2a: la armadura|spe|1\n|move|p1a: I don Know|Earthquake|p2a: la armadura\n|-damage|p2a: la armadura|12\/100 tox\n|\n|-heal|p1a: I don Know|56\/100|[from] item: Black Sludge\n|-damage|p2a: la armadura|0 fnt|[from] psn\n|faint|p2a: la armadura\n|upkeep\n|\n|t:|1699824447\n|switch|p2a: garra rapida|Sneasler, F|100\/100\n|-damage|p2a: garra rapida|95\/100|[from] Stealth Rock\n|turn|14\n|\n|t:|1699824451\n|move|p2a: garra rapida|Earthquake|p1a: I don Know\n|-supereffective|p1a: I don Know\n|-damage|p1a: I don Know|0 fnt\n|faint|p1a: I don Know\n|\n|upkeep\n|\n|t:|1699824461\n|switch|p1a: Graficos|Grafaiai, F|100\/100\n|turn|15\n|\n|t:|1699824468\n|move|p1a: Graficos|Will-O-Wisp|p2a: garra rapida\n|-status|p2a: garra rapida|brn\n|move|p2a: garra rapida|Close Combat|p1a: Graficos\n|-damage|p1a: Graficos|68\/100\n|-unboost|p2a: garra rapida|def|1\n|-unboost|p2a: garra rapida|spd|1\n|\n|-damage|p2a: garra rapida|89\/100 brn|[from] brn\n|upkeep\n|turn|16\n|j| mudkipfan333\n|\n|t:|1699824479\n|move|p2a: garra rapida|Swords Dance|p2a: garra rapida\n|-boost|p2a: garra rapida|atk|2\n|move|p1a: Graficos|U-turn|p2a: garra rapida\n|-resisted|p2a: garra rapida\n|-damage|p2a: garra rapida|80\/100 brn\n|\n|t:|1699824487\n|switch|p1a: Sakura|Lopunny, F, shiny|100\/100|[from] U-turn\n|\n|-damage|p2a: garra rapida|74\/100 brn|[from] brn\n|upkeep\n|turn|17\n|\n|t:|1699824493\n|detailschange|p1a: Sakura|Lopunny-Mega, F, shiny\n|-mega|p1a: Sakura|Lopunny|Lopunnite\n|move|p1a: Sakura|Fake Out|p2a: garra rapida\n|-damage|p2a: garra rapida|14\/100 brn\n|cant|p2a: garra rapida|flinch\n|\n|-damage|p2a: garra rapida|8\/100 brn|[from] brn\n|upkeep\n|turn|18\n|\n|t:|1699824503\n|move|p1a: Sakura|Facade|p2a: garra rapida\n|-damage|p2a: garra rapida|0 fnt\n|faint|p2a: garra rapida\n|\n|upkeep\n|\n|t:|1699824512\n|switch|p2a: caballero oscuro|Ceruledge, F|100\/100\n|-damage|p2a: caballero oscuro|76\/100|[from] Stealth Rock\n|turn|19\n|c|\u2606anderproyt|creo q mi team de lider mas fuerte xd\n|\n|t:|1699824519\n|move|p2a: caballero oscuro|Shadow Sneak|p1a: Sakura\n|-immune|p1a: Sakura\n|move|p1a: Sakura|Close Combat|p2a: caballero oscuro\n|-damage|p2a: caballero oscuro|0 fnt\n|-unboost|p1a: Sakura|def|1\n|-unboost|p1a: Sakura|spd|1\n|faint|p2a: caballero oscuro\n|\n|upkeep\n|c|\u2606anderproyt|es lucha normal Bruh\n|\n|t:|1699824528\n|switch|p2a: mi mama|Kangaskhan, F|100\/100\n|-damage|p2a: mi mama|88\/100|[from] Stealth Rock\n|turn|20\n|\n|t:|1699824537\n|switch|p1a: GlinGuiLink|Gengar, F|100\/100\n|detailschange|p2a: mi mama|Kangaskhan-Mega, F\n|-mega|p2a: mi mama|Kangaskhan|Kangaskhanite\n|move|p2a: mi mama|Fake Out|p1a: GlinGuiLink\n|-immune|p1a: GlinGuiLink\n|\n|upkeep\n|turn|21\n|c| mudkipfan333|tus tipos son normal veneno?\n|c|\u2606anderproyt|a gengar no lo puedes tocar xd\n|c|\u2606anderproyt|si \n|c|\u2606anderproyt|correcto mudkip\n|c|\u2606axelzzz09|seguro?\n|\n|t:|1699824554\n|move|p1a: GlinGuiLink|Nasty Plot|p1a: GlinGuiLink\n|-boost|p1a: GlinGuiLink|spa|2\n|move|p2a: mi mama|Earthquake|p1a: GlinGuiLink\n|-immune|p1a: GlinGuiLink|[from] ability: Levitate\n|\n|upkeep\n|turn|22\n|c| mudkipfan333|ejem sucker punch ejem\n|c|\u2606anderproyt|levitacion\n|c|\u2606axelzzz09|ptm levitacion\n|c|\u2606anderproyt|yo soy el q lo usa con sucker\n|\n|t:|1699824573\n|move|p1a: GlinGuiLink|Dark Pulse|p2a: mi mama\n|-damage|p2a: mi mama|52\/100\n|move|p2a: mi mama|Power-Up Punch|p1a: GlinGuiLink\n|-immune|p1a: GlinGuiLink\n|\n|upkeep\n|turn|23\n|\n|t:|1699824588\n|move|p1a: GlinGuiLink|Nasty Plot|p1a: GlinGuiLink\n|-boost|p1a: GlinGuiLink|spa|2\n|move|p2a: mi mama|Drain Punch|p1a: GlinGuiLink\n|-immune|p1a: GlinGuiLink\n|\n|upkeep\n|turn|24\n|c| mudkipfan333|osea porque dark pulse sabias que el stab existe?\n|c|\u2606anderproyt|1 mega kangaskhan es normal\n|c|\u2606anderproyt|y 2\n|c|\u2606anderproyt|era por si cambiaba al raichu\n|c| mudkipfan333|focus blast is better\n|\n|t:|1699824607\n|move|p1a: GlinGuiLink|Sludge Wave|p2a: mi mama\n|-damage|p2a: mi mama|0 fnt\n|faint|p2a: mi mama\n|\n|upkeep\n|\n|t:|1699824612\n|switch|p2a: el urfeador|Raichu-Alola, M|100\/100\n|-damage|p2a: el urfeador|88\/100|[from] Stealth Rock\n|turn|25\n|\n|t:|1699824618\n|move|p1a: GlinGuiLink|Dark Pulse|p2a: el urfeador\n|-supereffective|p2a: el urfeador\n|-damage|p2a: el urfeador|0 fnt\n|faint|p2a: el urfeador\n|\n|win|anderproyt\n|l| mudkipfan333\n|l|\u2606axelzzz09\n|c|\u2606anderproyt|ese clodisre se iso 2 bajas xd\n","uploadtime":1699824637,"views":20,"p1id":"anderproyt","p2id":"axelzzz09","formatid":"gen9ubers","rating":0,"private":0,"password":""}