{"id":"radicalred-gen9ubers-545908","p1":"CL LeafMist","p2":"BananenSoep","format":"[Gen 9] Ubers","log":"|j|\u2606CL LeafMist\n|j|\u2606BananenSoep\n|t:|1699892888\n|gametype|singles\n|player|p1|CL LeafMist|169|\n|player|p2|BananenSoep|larry|\n|teamsize|p1|6\n|teamsize|p2|6\n|gen|9\n|tier|[Gen 9] Ubers\n|rule|Sleep Clause Mod: Limit one foe put to sleep\n|rule|Species Clause: Limit one of each Pok\u00e9mon\n|rule|OHKO Clause: OHKO moves are banned\n|rule|Evasion Abilities Clause: Evasion abilities are banned\n|rule|Evasion Items Clause: Evasion items are banned\n|rule|Evasion Moves Clause: Evasion moves are banned\n|rule|Endless Battle Clause: Forcing endless battles is banned\n|rule|HP Percentage Mod: HP is shown in percentages\n|rule|Dynamax Clause: You cannot dynamax\n|rule|Mega Rayquaza Clause: You cannot mega evolve Rayquaza\n|clearpoke\n|poke|p1|Pinsir, F|\n|poke|p1|Zamazenta-*|\n|poke|p1|Sandy Shocks|\n|poke|p1|Carnivine-Sevii, F|\n|poke|p1|Greninja-*, F|\n|poke|p1|Latias, F|\n|poke|p2|Solgaleo|\n|poke|p2|Gliscor, M|\n|poke|p2|Greninja-*, M|\n|poke|p2|Zoroark, M|\n|poke|p2|Nihilego|\n|poke|p2|Hatterene, F|\n|teampreview\n|c|\u2606BananenSoep|that was\n|c|\u2606CL LeafMist|glhf\n|c|\u2606BananenSoep|weird\n|c|\u2606BananenSoep|glhf\n|l|\u2606BananenSoep\n|player|p2|\n|c|\u2606CL LeafMist|ez dub\n|j|\u2606BananenSoep\n|player|p2|BananenSoep|larry\n|c|\u2606CL LeafMist|awwh\n|\n|t:|1699893013\n|start\n|switch|p1a: Scarlet|Greninja, F, shiny|100\/100\n|switch|p2a: GORB|Nihilego|100\/100\n|turn|1\n|c|\u2606BananenSoep|when the internet is not internetting\n|\n|t:|1699893031\n|move|p1a: Scarlet|Surf|p2a: GORB\n|-start|p1a: Scarlet|typechange|Water|[from] ability: Protean\n|-damage|p2a: GORB|7\/100\n|replace|p2a: Traitor Lord|Zoroark, M\n|-end|p2a: Traitor Lord|Illusion\n|move|p2a: Traitor Lord|Dark Pulse|p1a: Scarlet\n|-damage|p1a: Scarlet|36\/100\n|\n|upkeep\n|turn|2\n|\n|t:|1699893071\n|move|p1a: Scarlet|Surf|p2a: Traitor Lord\n|-damage|p2a: Traitor Lord|0 fnt\n|faint|p2a: Traitor Lord\n|\n|upkeep\n|\n|t:|1699893121\n|switch|p2a: Quirrel|Greninja, M|100\/100\n|turn|3\n|\n|t:|1699893132\n|switch|p1a: Good lad|Zamazenta|100\/100\n|-ability|p1a: Good lad|Dauntless Shield|boost\n|-boost|p1a: Good lad|def|1\n|move|p2a: Quirrel|Extrasensory|p1a: Good lad\n|-supereffective|p1a: Good lad\n|-damage|p1a: Good lad|49\/100\n|-damage|p2a: Quirrel|91\/100|[from] item: Life Orb\n|\n|-heal|p1a: Good lad|55\/100|[from] item: Leftovers\n|upkeep\n|turn|4\n|j| Xopas\n|\n|t:|1699893206\n|switch|p2a: Salubra|Hatterene, F|100\/100\n|move|p1a: Good lad|Close Combat|p2a: Salubra\n|-resisted|p2a: Salubra\n|-damage|p2a: Salubra|85\/100\n|-unboost|p1a: Good lad|def|1\n|-unboost|p1a: Good lad|spd|1\n|\n|-heal|p1a: Good lad|61\/100|[from] item: Leftovers\n|upkeep\n|turn|5\n|\n|t:|1699893224\n|switch|p1a: Carnivine|Carnivine-Sevii, F|100\/100\n|move|p2a: Salubra|Trick Room|p2a: Salubra\n|-fieldstart|move: Trick Room|[of] p2a: Salubra\n|\n|upkeep\n|turn|6\n|\n|t:|1699893234\n|move|p2a: Salubra|Mystical Fire|p1a: Carnivine\n|-supereffective|p1a: Carnivine\n|-damage|p1a: Carnivine|27\/100\n|-unboost|p1a: Carnivine|spa|1\n|-damage|p2a: Salubra|75\/100|[from] item: Life Orb\n|move|p1a: Carnivine|Snap Trap|p2a: Salubra\n|-supereffective|p2a: Salubra\n|-damage|p2a: Salubra|0 fnt\n|faint|p2a: Salubra\n|\n|-heal|p1a: Carnivine|33\/100|[from] item: Black Sludge\n|upkeep\n|\n|t:|1699893260\n|switch|p2a: Vengefly King|Gliscor, M|100\/100\n|turn|7\n|\n|t:|1699893273\n|move|p1a: Carnivine|Leech Seed|p2a: Vengefly King\n|-start|p2a: Vengefly King|move: Leech Seed\n|move|p2a: Vengefly King|Stealth Rock|p1a: Carnivine\n|-sidestart|p1: CL LeafMist|move: Stealth Rock\n|\n|-heal|p1a: Carnivine|39\/100|[from] item: Black Sludge\n|-damage|p2a: Vengefly King|88\/100|[from] Leech Seed|[of] p1a: Carnivine\n|-heal|p1a: Carnivine|50\/100|[silent]\n|-status|p2a: Vengefly King|tox|[from] item: Toxic Orb\n|upkeep\n|turn|8\n|\n|t:|1699893295\n|move|p2a: Vengefly King|Protect|p2a: Vengefly King\n|-singleturn|p2a: Vengefly King|Protect\n|move|p1a: Carnivine|Defog|p2a: Vengefly King\n|-activate|p2a: Vengefly King|move: Protect\n|\n|-heal|p1a: Carnivine|56\/100|[from] item: Black Sludge\n|-damage|p2a: Vengefly King|76\/100 tox|[from] Leech Seed|[of] p1a: Carnivine\n|-heal|p1a: Carnivine|68\/100|[silent]\n|-heal|p2a: Vengefly King|88\/100 tox|[from] ability: Poison Heal\n|upkeep\n|turn|9\n|\n|t:|1699893318\n|move|p1a: Carnivine|Defog|p2a: Vengefly King\n|-unboost|p2a: Vengefly King|evasion|1\n|-sideend|p1: CL LeafMist|Stealth Rock|[from] move: Defog|[of] p1a: Carnivine\n|move|p2a: Vengefly King|U-turn|p1a: Carnivine\n|-resisted|p1a: Carnivine\n|-damage|p1a: Carnivine|65\/100\n|\n|t:|1699893403\n|switch|p2a: Radiance|Solgaleo|100\/100|[from] U-turn\n|\n|-heal|p1a: Carnivine|71\/100|[from] item: Black Sludge\n|-fieldend|move: Trick Room\n|upkeep\n|turn|10\n|\n|t:|1699893412\n|move|p2a: Radiance|Agility|p2a: Radiance\n|-boost|p2a: Radiance|spe|2\n|move|p1a: Carnivine|Leech Seed|p2a: Radiance\n|-start|p2a: Radiance|move: Leech Seed\n|\n|-heal|p1a: Carnivine|77\/100|[from] item: Black Sludge\n|-damage|p2a: Radiance|88\/100|[from] Leech Seed|[of] p1a: Carnivine\n|-heal|p1a: Carnivine|90\/100|[silent]\n|upkeep\n|turn|11\n|\n|t:|1699893422\n|move|p2a: Radiance|Knock Off|p1a: Carnivine\n|-damage|p1a: Carnivine|60\/100\n|-enditem|p1a: Carnivine|Black Sludge|[from] move: Knock Off|[of] p2a: Radiance\n|move|p1a: Carnivine|Snap Trap|p2a: Radiance\n|-resisted|p2a: Radiance\n|-damage|p2a: Radiance|74\/100\n|-activate|p2a: Radiance|move: Snap Trap|[of] p1a: Carnivine\n|\n|-damage|p2a: Radiance|62\/100|[from] Leech Seed|[of] p1a: Carnivine\n|-heal|p1a: Carnivine|73\/100|[silent]\n|-damage|p2a: Radiance|49\/100|[from] move: Snap Trap|[partiallytrapped]\n|upkeep\n|turn|12\n|\n|t:|1699893434\n|move|p2a: Radiance|Psychic Fangs|p1a: Carnivine\n|-damage|p1a: Carnivine|35\/100\n|move|p1a: Carnivine|Snap Trap|p2a: Radiance\n|-resisted|p2a: Radiance\n|-damage|p2a: Radiance|37\/100\n|\n|-damage|p2a: Radiance|25\/100|[from] Leech Seed|[of] p1a: Carnivine\n|-heal|p1a: Carnivine|48\/100|[silent]\n|-damage|p2a: Radiance|13\/100|[from] move: Snap Trap|[partiallytrapped]\n|upkeep\n|turn|13\n|\n|t:|1699893461\n|switch|p1a: My beloved|Latias, F|100\/100\n|move|p2a: Radiance|Psychic Fangs|p1a: My beloved\n|-resisted|p1a: My beloved\n|-damage|p1a: My beloved|67\/100\n|\n|-heal|p1a: My beloved|73\/100|[from] item: Leftovers\n|-damage|p2a: Radiance|0 fnt|[from] Leech Seed|[of] p1a: My beloved\n|-heal|p1a: My beloved|90\/100|[silent]\n|faint|p2a: Radiance\n|upkeep\n|\n|t:|1699893469\n|switch|p2a: Quirrel|Greninja, M|91\/100\n|turn|14\n|\n|t:|1699893540\n|move|p2a: Quirrel|U-turn|p1a: My beloved\n|-supereffective|p1a: My beloved\n|-damage|p1a: My beloved|42\/100\n|-damage|p2a: Quirrel|81\/100|[from] item: Life Orb\n|\n|t:|1699893543\n|switch|p2a: GORB|Nihilego|100\/100|[from] U-turn\n|move|p1a: My beloved|Dragon Dance|p1a: My beloved\n|-boost|p1a: My beloved|atk|1\n|-boost|p1a: My beloved|spe|1\n|\n|-heal|p1a: My beloved|48\/100|[from] item: Leftovers\n|upkeep\n|turn|15\n|\n|t:|1699893552\n|move|p2a: GORB|Sludge Wave|p1a: My beloved\n|-damage|p1a: My beloved|4\/100\n|move|p1a: My beloved|Earthquake|p2a: GORB\n|-supereffective|p2a: GORB\n|-damage|p2a: GORB|0 fnt\n|faint|p2a: GORB\n|\n|-heal|p1a: My beloved|10\/100|[from] item: Leftovers\n|upkeep\n|c|\u2606BananenSoep|e\n|\n|t:|1699893561\n|switch|p2a: Quirrel|Greninja, M|81\/100\n|turn|16\n|\n|t:|1699893570\n|move|p2a: Quirrel|Water Shuriken|p1a: My beloved\n|-resisted|p1a: My beloved\n|-damage|p1a: My beloved|6\/100\n|-resisted|p1a: My beloved\n|-damage|p1a: My beloved|2\/100\n|-resisted|p1a: My beloved\n|-damage|p1a: My beloved|0 fnt\n|faint|p1a: My beloved\n|-activate|p2a: Quirrel|ability: Battle Bond\n|detailschange|p2a: Quirrel|Greninja-Ash, M\n|-hitcount|p1: My beloved|3\n|-damage|p2a: Quirrel|71\/100|[from] item: Life Orb\n|\n|upkeep\n|\n|t:|1699893594\n|switch|p1a: Stark|Pinsir, F|100\/100\n|turn|17\n|\n|t:|1699893600\n|switch|p2a: Vengefly King|Gliscor, M|88\/100 tox\n|detailschange|p1a: Stark|Pinsir-Mega, F\n|-mega|p1a: Stark|Pinsir|Pinsirite\n|move|p1a: Stark|Extreme Speed|p2a: Vengefly King\n|-damage|p2a: Vengefly King|53\/100 tox\n|\n|-heal|p2a: Vengefly King|65\/100 tox|[from] ability: Poison Heal\n|upkeep\n|turn|18\n|\n|t:|1699893621\n|move|p1a: Stark|Swords Dance|p1a: Stark\n|-boost|p1a: Stark|atk|2\n|move|p2a: Vengefly King|Stone Edge|p1a: Stark\n|-supereffective|p1a: Stark\n|-damage|p1a: Stark|0 fnt\n|faint|p1a: Stark\n|\n|-heal|p2a: Vengefly King|78\/100 tox|[from] ability: Poison Heal\n|upkeep\n|c|\u2606CL LeafMist|sadge\n|\n|t:|1699893636\n|switch|p1a: Good lad|Zamazenta|61\/100\n|-ability|p1a: Good lad|Dauntless Shield|boost\n|-boost|p1a: Good lad|def|1\n|turn|19\n|c|\u2606BananenSoep|at least im not getting 6-0\u2019d\n|c|\u2606BananenSoep|or 5-0\u2019d\n|\n|t:|1699893648\n|move|p1a: Good lad|Ice Fang|p2a: Vengefly King\n|-supereffective|p2a: Vengefly King\n|-damage|p2a: Vengefly King|27\/100 tox\n|move|p2a: Vengefly King|U-turn|p1a: Good lad\n|-resisted|p1a: Good lad\n|-damage|p1a: Good lad|56\/100\n|\n|t:|1699893654\n|switch|p2a: Quirrel|Greninja-Ash, M|71\/100|[from] U-turn\n|\n|-heal|p1a: Good lad|63\/100|[from] item: Leftovers\n|upkeep\n|turn|20\n|\n|t:|1699893662\n|move|p1a: Good lad|Close Combat|p2a: Quirrel\n|-supereffective|p2a: Quirrel\n|-damage|p2a: Quirrel|0 fnt\n|-unboost|p1a: Good lad|def|1\n|-unboost|p1a: Good lad|spd|1\n|faint|p2a: Quirrel\n|\n|-heal|p1a: Good lad|69\/100|[from] item: Leftovers\n|upkeep\n|c|\u2606BananenSoep|me when i totally know speed tiers\n|c|\u2606BananenSoep|whoops\n|c|\u2606CL LeafMist|welp\n|\n|t:|1699893699\n|switch|p2a: Vengefly King|Gliscor, M|27\/100 tox\n|turn|21\n|\n|t:|1699893702\n|move|p2a: Vengefly King|Protect|p2a: Vengefly King\n|-singleturn|p2a: Vengefly King|Protect\n|move|p1a: Good lad|Ice Fang|p2a: Vengefly King\n|-activate|p2a: Vengefly King|move: Protect\n|\n|-heal|p1a: Good lad|75\/100|[from] item: Leftovers\n|-heal|p2a: Vengefly King|39\/100 tox|[from] ability: Poison Heal\n|upkeep\n|turn|22\n|c|\u2606BananenSoep|nah watch this quintuple protect\n|\n|t:|1699893721\n|move|p2a: Vengefly King|Protect||[still]\n|-fail|p2a: Vengefly King\n|move|p1a: Good lad|Ice Fang|p2a: Vengefly King\n|-supereffective|p2a: Vengefly King\n|-damage|p2a: Vengefly King|0 fnt\n|faint|p2a: Vengefly King\n|\n|win|CL LeafMist\n|c|\u2606CL LeafMist|and live a ice beam prot gren \n|c|\u2606BananenSoep|gg\n|c|\u2606CL LeafMist|gg\n","uploadtime":1699893731,"views":43,"p1id":"clleafmist","p2id":"bananensoep","formatid":"gen9ubers","rating":0,"private":0,"password":""}