{"id":"radicalred-gen9ubers-547056","p1":"nose xd123","p2":"anderproyt","format":"[Gen 9] Ubers","log":"|j|\u2606nose xd123\n|j|\u2606anderproyt\n|t:|1700079130\n|gametype|singles\n|player|p1|nose xd123|rr-charizardmegax|\n|player|p2|anderproyt|rr-tyranitar|\n|teamsize|p1|6\n|teamsize|p2|6\n|gen|9\n|tier|[Gen 9] Ubers\n|rule|Sleep Clause Mod: Limit one foe put to sleep\n|rule|Species Clause: Limit one of each Pok\u00e9mon\n|rule|OHKO Clause: OHKO moves are banned\n|rule|Evasion Abilities Clause: Evasion abilities are banned\n|rule|Evasion Items Clause: Evasion items are banned\n|rule|Evasion Moves Clause: Evasion moves are banned\n|rule|Endless Battle Clause: Forcing endless battles is banned\n|rule|HP Percentage Mod: HP is shown in percentages\n|rule|Dynamax Clause: You cannot dynamax\n|rule|Mega Rayquaza Clause: You cannot mega evolve Rayquaza\n|clearpoke\n|poke|p1|Donphan, M|\n|poke|p1|Rillaboom, M|\n|poke|p1|Gholdengo|\n|poke|p1|Grimmsnarl, M|\n|poke|p1|Alomomola, M|\n|poke|p1|Machamp, M|\n|poke|p2|Salazzle, F|\n|poke|p2|Nidoking, M|\n|poke|p2|Fearow, F|\n|poke|p2|Grafaiai, F|\n|poke|p2|Audino, F|\n|poke|p2|Slaking, M|\n|teampreview\n|c|\u2606anderproyt|riko\n|c|\u2606anderproyt|alfin alguien q le sabe xd\n|\n|t:|1700079160\n|start\n|switch|p1a: Grimmsnarl|Grimmsnarl, M|100\/100\n|switch|p2a: Slaking|Slaking, M|100\/100\n|turn|1\n|\n|t:|1700079168\n|move|p1a: Grimmsnarl|Reflect|p1a: Grimmsnarl\n|-sidestart|p1: nose xd123|Reflect\n|move|p2a: Slaking|Play Rough|p1a: Grimmsnarl\n|-supereffective|p1a: Grimmsnarl\n|-crit|p1a: Grimmsnarl\n|-damage|p1a: Grimmsnarl|0 fnt\n|faint|p1a: Grimmsnarl\n|\n|upkeep\n|c|\u2606nose xd123|qloco\n|c|\u2606anderproyt|es slaking mi pana\n|c|\u2606nose xd123|no eso\n|c|\u2606nose xd123|el critico\n|c|\u2606anderproyt|a si xd\n|\n|t:|1700079197\n|switch|p1a: Machamp|Machamp, M|100\/100\n|turn|2\n|c|\u2606anderproyt|a veces pasa\n|\n|t:|1700079207\n|switch|p2a: Graficos|Grafaiai, F|100\/100\n|detailschange|p1a: Machamp|Machamp-Mega, M\n|-mega|p1a: Machamp|Machamp|Machampite\n|move|p1a: Machamp|Power-Up Punch|p2a: Graficos\n|-damage|p2a: Graficos|70\/100\n|-boost|p1a: Machamp|atk|1\n|-damage|p2a: Graficos|50\/100\n|-boost|p1a: Machamp|atk|1\n|-enditem|p2a: Graficos|Sitrus Berry|[eat]\n|-heal|p2a: Graficos|75\/100|[from] item: Sitrus Berry\n|-hitcount|p2a: Graficos|2\n|\n|upkeep\n|turn|3\n|\n|t:|1700079220\n|move|p2a: Graficos|Will-O-Wisp|p1a: Machamp|[miss]\n|-miss|p2a: Graficos|p1a: Machamp\n|move|p1a: Machamp|Power-Up Punch|p2a: Graficos\n|-damage|p2a: Graficos|14\/100\n|-boost|p1a: Machamp|atk|1\n|-damage|p2a: Graficos|0 fnt\n|-boost|p1a: Machamp|atk|1\n|faint|p2a: Graficos\n|-hitcount|p2: Graficos|2\n|\n|upkeep\n|\n|t:|1700079232\n|switch|p2a: Nidoking|Nidoking, M|100\/100\n|turn|4\n|c|\u2606nose xd123|qloco x2\n|\n|t:|1700079236\n|move|p1a: Machamp|Mach Punch|p2a: Nidoking\n|-resisted|p2a: Nidoking\n|-damage|p2a: Nidoking|49\/100\n|-resisted|p2a: Nidoking\n|-damage|p2a: Nidoking|23\/100\n|-hitcount|p2a: Nidoking|2\n|move|p2a: Nidoking|Sludge Wave|p1a: Machamp\n|-damage|p1a: Machamp|60\/100\n|\n|upkeep\n|turn|5\n|c|\u2606anderproyt|uff \n|c|\u2606anderproyt|no me lo bajo creo\n|\n|t:|1700079251\n|move|p1a: Machamp|Mach Punch|p2a: Nidoking\n|-resisted|p2a: Nidoking\n|-damage|p2a: Nidoking|0 fnt\n|faint|p2a: Nidoking\n|-hitcount|p2: Nidoking|1\n|\n|upkeep\n|\n|t:|1700079261\n|switch|p2a: Salazzle|Salazzle, F|100\/100\n|-item|p2a: Salazzle|Air Balloon\n|turn|6\n|\n|t:|1700079270\n|move|p2a: Salazzle|Sludge Wave|p1a: Machamp\n|-damage|p1a: Machamp|24\/100\n|move|p1a: Machamp|Drain Punch|p2a: Salazzle\n|-resisted|p2a: Salazzle\n|-damage|p2a: Salazzle|0 fnt\n|-heal|p1a: Machamp|61\/100|[from] drain|[of] p2a: Salazzle\n|-enditem|p2a: Salazzle|Air Balloon\n|faint|p2a: Salazzle\n|-hitcount|p2: Salazzle|1\n|\n|upkeep\n|\n|t:|1700079282\n|switch|p2a: Audino|Audino, F|100\/100\n|turn|7\n|\n|t:|1700079288\n|detailschange|p2a: Audino|Audino-Mega, F\n|-mega|p2a: Audino|Audino|Audinite\n|move|p1a: Machamp|Drain Punch|p2a: Audino\n|-damage|p2a: Audino|26\/100\n|-heal|p1a: Machamp|100\/100|[from] drain|[of] p2a: Audino\n|-damage|p2a: Audino|0 fnt\n|faint|p2a: Audino\n|-hitcount|p2: Audino|2\n|\n|upkeep\n|\n|t:|1700079297\n|switch|p2a: Slaking|Slaking, M|100\/100\n|turn|8\n|c|\u2606anderproyt|xd\n|\n|t:|1700079301\n|move|p2a: Slaking|Play Rough|p1a: Machamp\n|-supereffective|p1a: Machamp\n|-damage|p1a: Machamp|70\/100\n|move|p1a: Machamp|Power-Up Punch|p2a: Slaking\n|-supereffective|p2a: Slaking\n|-damage|p2a: Slaking|0 fnt\n|-boost|p1a: Machamp|atk|1\n|faint|p2a: Slaking\n|-hitcount|p2: Slaking|1\n|\n|-sideend|p1: nose xd123|Reflect\n|upkeep\n|c|\u2606anderproyt|xd\n|\n|t:|1700079310\n|switch|p2a: Fearow|Fearow, F|100\/100\n|turn|9\n|\n|t:|1700079313\n|move|p1a: Machamp|Mach Punch|p2a: Fearow\n|-damage|p2a: Fearow|0 fnt\n|faint|p2a: Fearow\n|-hitcount|p2: Fearow|1\n|\n|win|nose xd123\n|c|\u2606nose xd123|gg\n|c|\u2606anderproyt|otra\n|c|\u2606anderproyt|igual te dare la medalla\n|c|\u2606anderproyt|pero lo deje mucho xd\n|l|\u2606anderproyt\n|c|\u2606nose xd123|ps si quieres va\n","uploadtime":1700079349,"views":6,"p1id":"nosexd123","p2id":"anderproyt","formatid":"gen9ubers","rating":0,"private":0,"password":""}