{"id":"radicalred-gen9ubers-548739","p1":"ivancuervo2007","p2":"axelzzz09","format":"[Gen 9] Ubers","log":"|j|\u2606ivancuervo2007\n|j|\u2606axelzzz09\n|t:|1700430996\n|gametype|singles\n|player|p1|ivancuervo2007|rr-dragonite|\n|player|p2|axelzzz09|rr-sneasler|\n|teamsize|p1|6\n|teamsize|p2|6\n|gen|9\n|tier|[Gen 9] Ubers\n|rule|Sleep Clause Mod: Limit one foe put to sleep\n|rule|Species Clause: Limit one of each Pok\u00e9mon\n|rule|OHKO Clause: OHKO moves are banned\n|rule|Evasion Abilities Clause: Evasion abilities are banned\n|rule|Evasion Items Clause: Evasion items are banned\n|rule|Evasion Moves Clause: Evasion moves are banned\n|rule|Endless Battle Clause: Forcing endless battles is banned\n|rule|HP Percentage Mod: HP is shown in percentages\n|rule|Dynamax Clause: You cannot dynamax\n|rule|Mega Rayquaza Clause: You cannot mega evolve Rayquaza\n|clearpoke\n|poke|p1|Metagross|\n|poke|p1|Latias, F|\n|poke|p1|Roaring Moon|\n|poke|p1|Magnezone|\n|poke|p1|Aegislash, M|\n|poke|p1|Dragonite, M|\n|poke|p2|Volcarona, M|\n|poke|p2|Zoroark-Hisui, F|\n|poke|p2|Machamp, F|\n|poke|p2|Sneasler, M|\n|poke|p2|Iron Leaves|\n|poke|p2|Swampert, F|\n|teampreview\n|\n|t:|1700431012\n|start\n|switch|p1a: Barnie|Dragonite, M|100\/100\n|switch|p2a: Sneasler|Sneasler, M|100\/100\n|turn|1\n|\n|t:|1700431021\n|move|p2a: Sneasler|Swords Dance|p2a: Sneasler\n|-boost|p2a: Sneasler|atk|2\n|move|p1a: Barnie|Dragon Dance|p1a: Barnie\n|-boost|p1a: Barnie|atk|1\n|-boost|p1a: Barnie|spe|1\n|\n|upkeep\n|turn|2\n|c|\u2606ivancuervo2007|Yehehehe\n|\n|t:|1700431031\n|move|p1a: Barnie|Dragon Dance|p1a: Barnie\n|-boost|p1a: Barnie|atk|1\n|-boost|p1a: Barnie|spe|1\n|move|p2a: Sneasler|Darkest Lariat|p1a: Barnie\n|-damage|p1a: Barnie|67\/100\n|\n|upkeep\n|turn|3\n|\n|t:|1700431038\n|move|p1a: Barnie|Dual Wingbeat|p2a: Sneasler\n|-supereffective|p2a: Sneasler\n|-enditem|p2a: Sneasler|Focus Sash\n|-damage|p2a: Sneasler|1\/100\n|-supereffective|p2a: Sneasler\n|-damage|p2a: Sneasler|0 fnt\n|faint|p2a: Sneasler\n|-hitcount|p2: Sneasler|2\n|\n|upkeep\n|c|\u2606axelzzz09|bien jugado\n|\n|t:|1700431055\n|switch|p2a: Machamp|Machamp, F|100\/100\n|turn|4\n|\n|t:|1700431062\n|move|p1a: Barnie|Dual Wingbeat|p2a: Machamp\n|-damage|p2a: Machamp|0 fnt\n|replace|p2a: Zoroark|Zoroark-Hisui, F\n|-end|p2a: Zoroark|Illusion\n|faint|p2a: Zoroark\n|-hitcount|p2: Zoroark|1\n|\n|upkeep\n|\n|t:|1700431071\n|switch|p2a: Swampert|Swampert, F|100\/100\n|turn|5\n|\n|t:|1700431075\n|move|p1a: Barnie|Dragon Hammer|p2a: Swampert\n|-damage|p2a: Swampert|0 fnt\n|faint|p2a: Swampert\n|\n|upkeep\n|\n|t:|1700431080\n|switch|p2a: Machamp|Machamp, F|100\/100\n|turn|6\n|\n|t:|1700431085\n|detailschange|p2a: Machamp|Machamp-Mega, F\n|-mega|p2a: Machamp|Machamp|Machampite\n|move|p2a: Machamp|Bullet Punch|p1a: Barnie\n|-damage|p1a: Barnie|54\/100\n|-damage|p1a: Barnie|46\/100\n|-hitcount|p1a: Barnie|2\n|move|p1a: Barnie|Dual Wingbeat|p2a: Machamp\n|-supereffective|p2a: Machamp\n|-damage|p2a: Machamp|28\/100\n|-supereffective|p2a: Machamp\n|-damage|p2a: Machamp|0 fnt\n|faint|p2a: Machamp\n|-hitcount|p2: Machamp|2\n|\n|upkeep\n|c|\u2606ivancuervo2007|El diablo\n|\n|t:|1700431097\n|switch|p2a: Iron Leaves|Iron Leaves|100\/100\n|-enditem|p2a: Iron Leaves|Booster Energy\n|-activate|p2a: Iron Leaves|ability: Quark Drive|[fromitem]\n|-start|p2a: Iron Leaves|quarkdrivespe\n|turn|7\n|\n|t:|1700431104\n|move|p1a: Barnie|Dual Wingbeat|p2a: Iron Leaves\n|-supereffective|p2a: Iron Leaves\n|-damage|p2a: Iron Leaves|3\/100\n|-supereffective|p2a: Iron Leaves\n|-damage|p2a: Iron Leaves|0 fnt\n|faint|p2a: Iron Leaves\n|-end|p2a: Iron Leaves|Quark Drive|[silent]\n|-hitcount|p2: Iron Leaves|2\n|\n|upkeep\n|\n|t:|1700431110\n|switch|p2a: Volcarona|Volcarona, M|100\/100\n|turn|8\n|\n|t:|1700431122\n|move|p1a: Barnie|Dual Wingbeat|p2a: Volcarona\n|-supereffective|p2a: Volcarona\n|-crit|p2a: Volcarona\n|-damage|p2a: Volcarona|0 fnt\n|-status|p1a: Barnie|brn|[from] ability: Flame Body|[of] p2a: Volcarona\n|faint|p2a: Volcarona\n|-hitcount|p2: Volcarona|1\n|\n|win|ivancuervo2007\n","uploadtime":1700431127,"views":7,"p1id":"ivancuervo2007","p2id":"axelzzz09","formatid":"gen9ubers","rating":0,"private":0,"password":""}