{"id":"radicalred-gen9ubers-549685","p1":"Finalcrew15","p2":"Blackfooted Eel","format":"[Gen 9] Ubers","log":"|j|\u2606Finalcrew15\n|j|\u2606Blackfooted Eel\n|t:|1700627250\n|gametype|singles\n|player|p1|Finalcrew15|266|\n|player|p2|Blackfooted Eel|266|\n|teamsize|p1|6\n|teamsize|p2|6\n|gen|9\n|tier|[Gen 9] Ubers\n|rule|Sleep Clause Mod: Limit one foe put to sleep\n|rule|Species Clause: Limit one of each Pok\u00e9mon\n|rule|OHKO Clause: OHKO moves are banned\n|rule|Evasion Abilities Clause: Evasion abilities are banned\n|rule|Evasion Items Clause: Evasion items are banned\n|rule|Evasion Moves Clause: Evasion moves are banned\n|rule|Endless Battle Clause: Forcing endless battles is banned\n|rule|HP Percentage Mod: HP is shown in percentages\n|rule|Dynamax Clause: You cannot dynamax\n|rule|Mega Rayquaza Clause: You cannot mega evolve Rayquaza\n|clearpoke\n|poke|p1|Flutter Mane|\n|poke|p1|Typhlosion-Hisui, M|\n|poke|p1|Torkoal, F|\n|poke|p1|Walking Wake|\n|poke|p1|Great Tusk|\n|poke|p1|Garganacl, M|\n|poke|p2|Spectrier|\n|poke|p2|Enamorus, F|\n|poke|p2|Golem, M|\n|poke|p2|Slowbro, M|\n|poke|p2|Umbreon, F|\n|poke|p2|Corviknight, M|\n|teampreview\n|c|\u2606Finalcrew15|Glhf\n|c|\u2606Blackfooted Eel|u2\n|c|\u2606Blackfooted Eel|facing 2 different sun teams in 2 different leagues\n|c|\u2606Finalcrew15|Lol\n|c|\u2606Blackfooted Eel|here's hoping this goes better than the lasst one\n|c|\u2606Finalcrew15|We shall see lol I\u2019m 0-3 atm lol\n|\n|t:|1700627323\n|start\n|switch|p1a: Torkoal|Torkoal, F|100\/100\n|switch|p2a: Bautista|Golem, M|100\/100\n|-weather|SunnyDay|[from] ability: Drought|[of] p1a: Torkoal\n|turn|1\n|c|\u2606Blackfooted Eel|never underestimate my ability to throw\n|\n|t:|1700627334\n|move|p2a: Bautista|Head Smash|p1a: Torkoal\n|-supereffective|p1a: Torkoal\n|-damage|p1a: Torkoal|0 fnt\n|faint|p1a: Torkoal\n|\n|-weather|SunnyDay|[upkeep]\n|upkeep\n|\n|t:|1700627337\n|switch|p1a: Typhlosion|Typhlosion-Hisui, M|100\/100\n|turn|2\n|\n|t:|1700627343\n|move|p1a: Typhlosion|Eruption|p2a: Bautista\n|-resisted|p2a: Bautista\n|-damage|p2a: Bautista|9\/100\n|move|p2a: Bautista|Rock Polish|p2a: Bautista\n|-boost|p2a: Bautista|spe|2\n|\n|-weather|SunnyDay|[upkeep]\n|upkeep\n|turn|3\n|\n|t:|1700627349\n|move|p1a: Typhlosion|Eruption|p2a: Bautista\n|-resisted|p2a: Bautista\n|-damage|p2a: Bautista|0 fnt\n|faint|p2a: Bautista\n|\n|-weather|SunnyDay|[upkeep]\n|upkeep\n|c|\u2606Blackfooted Eel|awww was hoping you weren't scarfed\n|\n|t:|1700627364\n|switch|p2a: Amy Lee|Spectrier|100\/100\n|turn|4\n|c|\u2606Finalcrew15|Lol\n|\n|t:|1700627370\n|switch|p2a: Earth Kitt|Umbreon, F|100\/100\n|move|p1a: Typhlosion|Eruption|p2a: Earth Kitt\n|-damage|p2a: Earth Kitt|33\/100\n|\n|-weather|SunnyDay|[upkeep]\n|-heal|p2a: Earth Kitt|39\/100|[from] item: Leftovers\n|upkeep\n|turn|5\n|\n|t:|1700627376\n|move|p2a: Earth Kitt|Protect|p2a: Earth Kitt\n|-singleturn|p2a: Earth Kitt|Protect\n|move|p1a: Typhlosion|Eruption|p2a: Earth Kitt\n|-activate|p2a: Earth Kitt|move: Protect\n|\n|-weather|SunnyDay|[upkeep]\n|-heal|p2a: Earth Kitt|45\/100|[from] item: Leftovers\n|upkeep\n|turn|6\n|c|\u2606Blackfooted Eel|well this is bad\n|c|\u2606Blackfooted Eel|the spectrier was a misclick\n|c|\u2606Finalcrew15|Ah\n|c|\u2606Finalcrew15|U on mobile as well\n|c|\u2606Blackfooted Eel|no just dumb\n|c|\u2606Blackfooted Eel|saw a dark shaped quadraped\n|c|\u2606Blackfooted Eel|and a cat was walking across my lap\n|c|\u2606Finalcrew15|Ah\n|\n|t:|1700627452\n|switch|p2a: Hunk|Slowbro, M|100\/100\n|move|p1a: Typhlosion|Eruption|p2a: Hunk\n|-resisted|p2a: Hunk\n|-damage|p2a: Hunk|46\/100\n|\n|-weather|SunnyDay|[upkeep]\n|upkeep\n|turn|7\n|\n|t:|1700627462\n|switch|p2a: Earth Kitt|Umbreon, F|45\/100\n|move|p1a: Typhlosion|Eruption|p2a: Earth Kitt\n|-damage|p2a: Earth Kitt|0 fnt\n|faint|p2a: Earth Kitt\n|\n|-weather|SunnyDay|[upkeep]\n|upkeep\n|\n|t:|1700627464\n|switch|p2a: Bowie|Enamorus, F|100\/100\n|turn|8\n|\n|t:|1700627469\n|move|p2a: Bowie|Earth Power|p1a: Typhlosion\n|-supereffective|p1a: Typhlosion\n|-damage|p1a: Typhlosion|15\/100\n|move|p1a: Typhlosion|Eruption|p2a: Bowie\n|-damage|p2a: Bowie|78\/100\n|\n|-weather|none\n|upkeep\n|turn|9\n|\n|t:|1700627481\n|move|p2a: Bowie|Earth Power|p1a: Typhlosion\n|-supereffective|p1a: Typhlosion\n|-damage|p1a: Typhlosion|0 fnt\n|faint|p1a: Typhlosion\n|\n|upkeep\n|c|\u2606Blackfooted Eel|imagine if I had just clicked head smash without being an idiot\n|\n|t:|1700627491\n|switch|p1a: Flutter Mane|Flutter Mane|100\/100\n|-enditem|p1a: Flutter Mane|Booster Energy\n|-activate|p1a: Flutter Mane|ability: Protosynthesis|[fromitem]\n|-start|p1a: Flutter Mane|protosynthesisspe\n|turn|10\n|\n|t:|1700627499\n|switch|p2a: Heath|Corviknight, M|100\/100\n|-ability|p2a: Heath|Pressure\n|move|p1a: Flutter Mane|Thunderbolt|p2a: Heath\n|-supereffective|p2a: Heath\n|-damage|p2a: Heath|58\/100\n|\n|-heal|p2a: Heath|64\/100|[from] item: Leftovers\n|upkeep\n|turn|11\n|\n|t:|1700627508\n|move|p1a: Flutter Mane|Thunderbolt|p2a: Heath\n|-supereffective|p2a: Heath\n|-damage|p2a: Heath|21\/100\n|move|p2a: Heath|Iron Head|p1a: Flutter Mane\n|-supereffective|p1a: Flutter Mane\n|-damage|p1a: Flutter Mane|0 fnt\n|faint|p1a: Flutter Mane\n|-end|p1a: Flutter Mane|Protosynthesis|[silent]\n|\n|-heal|p2a: Heath|27\/100|[from] item: Leftovers\n|upkeep\n|\n|t:|1700627514\n|switch|p1a: Garganacl|Garganacl, M|100\/100\n|turn|12\n|\n|t:|1700627525\n|move|p2a: Heath|Roost|p2a: Heath\n|-heal|p2a: Heath|77\/100\n|-singleturn|p2a: Heath|move: Roost\n|move|p1a: Garganacl|Salt Cure|p2a: Heath\n|-resisted|p2a: Heath\n|-damage|p2a: Heath|71\/100\n|-start|p2a: Heath|Salt Cure\n|\n|-heal|p2a: Heath|77\/100|[from] item: Leftovers\n|-damage|p2a: Heath|52\/100|[from] Salt Cure\n|upkeep\n|turn|13\n|\n|t:|1700627532\n|move|p2a: Heath|U-turn|p1a: Garganacl\n|-damage|p1a: Garganacl|91\/100\n|\n|t:|1700627539\n|switch|p2a: Hunk|Slowbro, M|79\/100|[from] U-turn\n|move|p1a: Garganacl|Iron Defense|p1a: Garganacl\n|-boost|p1a: Garganacl|def|2\n|\n|-heal|p1a: Garganacl|97\/100|[from] item: Leftovers\n|upkeep\n|turn|14\n|\n|t:|1700627546\n|move|p1a: Garganacl|Salt Cure|p2a: Hunk\n|-damage|p2a: Hunk|71\/100\n|-start|p2a: Hunk|Salt Cure\n|move|p2a: Hunk|Future Sight|p1a: Garganacl\n|-start|p2a: Hunk|move: Future Sight\n|\n|-heal|p1a: Garganacl|100\/100|[from] item: Leftovers\n|-damage|p2a: Hunk|47\/100|[from] Salt Cure\n|upkeep\n|turn|15\n|\n|t:|1700627554\n|move|p1a: Garganacl|Body Press|p2a: Hunk\n|-resisted|p2a: Hunk\n|-damage|p2a: Hunk|33\/100\n|-damage|p1a: Garganacl|84\/100|[from] item: Rocky Helmet|[of] p2a: Hunk\n|move|p2a: Hunk|Teleport|p2a: Hunk\n|\n|t:|1700627567\n|switch|p2a: Amy Lee|Spectrier|100\/100|[from] Teleport\n|\n|-heal|p1a: Garganacl|90\/100|[from] item: Leftovers\n|upkeep\n|turn|16\n|\n|t:|1700627576\n|move|p2a: Amy Lee|Shadow Ball|p1a: Garganacl\n|-damage|p1a: Garganacl|76\/100\n|move|p1a: Garganacl|Salt Cure|p2a: Amy Lee\n|-damage|p2a: Amy Lee|79\/100\n|-start|p2a: Amy Lee|Salt Cure\n|\n|-end|p1a: Garganacl|move: Future Sight\n|-damage|p1a: Garganacl|49\/100\n|-heal|p2a: Amy Lee|86\/100|[from] item: Leftovers\n|-heal|p1a: Garganacl|55\/100|[from] item: Leftovers\n|-damage|p2a: Amy Lee|73\/100|[from] Salt Cure\n|upkeep\n|turn|17\n|\n|t:|1700627584\n|switch|p2a: Heath|Corviknight, M|52\/100\n|-ability|p2a: Heath|Pressure\n|move|p1a: Garganacl|Recover|p1a: Garganacl\n|-heal|p1a: Garganacl|100\/100\n|\n|-heal|p2a: Heath|58\/100|[from] item: Leftovers\n|upkeep\n|turn|18\n|c|\u2606Blackfooted Eel|oh right this thing resists ghost\n|\n|t:|1700627631\n|move|p2a: Heath|U-turn|p1a: Garganacl\n|-damage|p1a: Garganacl|95\/100\n|\n|t:|1700627639\n|switch|p2a: Hunk|Slowbro, M|66\/100|[from] U-turn\n|move|p1a: Garganacl|Salt Cure|p2a: Hunk\n|-damage|p2a: Hunk|59\/100\n|-start|p2a: Hunk|Salt Cure\n|\n|-heal|p1a: Garganacl|100\/100|[from] item: Leftovers\n|-damage|p2a: Hunk|34\/100|[from] Salt Cure\n|upkeep\n|turn|19\n|\n|t:|1700627646\n|move|p1a: Garganacl|Iron Defense|p1a: Garganacl\n|-boost|p1a: Garganacl|def|2\n|move|p2a: Hunk|Teleport|p2a: Hunk\n|\n|t:|1700627648\n|switch|p2a: Bowie|Enamorus, F|78\/100|[from] Teleport\n|\n|upkeep\n|turn|20\n|\n|t:|1700627655\n|move|p2a: Bowie|Earth Power|p1a: Garganacl\n|-supereffective|p1a: Garganacl\n|-damage|p1a: Garganacl|58\/100\n|-unboost|p1a: Garganacl|spd|1\n|move|p1a: Garganacl|Salt Cure|p2a: Bowie\n|-supereffective|p2a: Bowie\n|-damage|p2a: Bowie|39\/100\n|-start|p2a: Bowie|Salt Cure\n|\n|-heal|p1a: Garganacl|64\/100|[from] item: Leftovers\n|-damage|p2a: Bowie|27\/100|[from] Salt Cure\n|upkeep\n|turn|21\n|\n|t:|1700627662\n|move|p2a: Bowie|Earth Power|p1a: Garganacl\n|-supereffective|p1a: Garganacl\n|-damage|p1a: Garganacl|0 fnt\n|faint|p1a: Garganacl\n|\n|-damage|p2a: Bowie|15\/100|[from] Salt Cure\n|upkeep\n|\n|t:|1700627667\n|switch|p1a: Great Tusk|Great Tusk|100\/100\n|turn|22\n|\n|t:|1700627670\n|switch|p2a: Hunk|Slowbro, M|67\/100\n|move|p1a: Great Tusk|Rapid Spin|p2a: Hunk\n|-damage|p2a: Hunk|56\/100\n|-boost|p1a: Great Tusk|spe|1\n|-damage|p1a: Great Tusk|84\/100|[from] item: Rocky Helmet|[of] p2a: Hunk\n|\n|upkeep\n|turn|23\n|\n|t:|1700627675\n|move|p1a: Great Tusk|Bulk Up|p1a: Great Tusk\n|-boost|p1a: Great Tusk|atk|1\n|-boost|p1a: Great Tusk|def|1\n|move|p2a: Hunk|Future Sight|p1a: Great Tusk\n|-start|p2a: Hunk|move: Future Sight\n|\n|upkeep\n|turn|24\n|\n|t:|1700627684\n|move|p1a: Great Tusk|Headlong Rush|p2a: Hunk\n|-damage|p2a: Hunk|0 fnt\n|-unboost|p1a: Great Tusk|def|1\n|-unboost|p1a: Great Tusk|spd|1\n|faint|p2a: Hunk\n|\n|upkeep\n|\n|t:|1700627691\n|switch|p2a: Bowie|Enamorus, F|15\/100\n|turn|25\n|\n|t:|1700627694\n|move|p2a: Bowie|Moonblast|p1a: Great Tusk\n|-supereffective|p1a: Great Tusk\n|-damage|p1a: Great Tusk|0 fnt\n|faint|p1a: Great Tusk\n|-end|p1a: Great Tusk|Protosynthesis|[silent]\n|\n|-hint|Future Sight did not hit because the target is fainted.\n|upkeep\n|\n|t:|1700627698\n|switch|p1a: Walking Wake|Walking Wake|100\/100\n|turn|26\n|\n|t:|1700627705\n|move|p2a: Bowie|Moonblast|p1a: Walking Wake\n|-supereffective|p1a: Walking Wake\n|-damage|p1a: Walking Wake|0 fnt\n|faint|p1a: Walking Wake\n|-end|p1a: Walking Wake|Protosynthesis|[silent]\n|\n|win|Blackfooted Eel\n|c|\u2606Finalcrew15|Gg\n|c|\u2606Blackfooted Eel|gg\n|c|\u2606Blackfooted Eel|you played better than me, I got bailed out by the spdef drop\n","uploadtime":1700627730,"views":19,"p1id":"finalcrew15","p2id":"blackfootedeel","formatid":"gen9ubers","rating":0,"private":0,"password":""}