{"id":"radicalred-gen9ubers-547074","p1":"nose xd123","p2":"oscar3ro","format":"[Gen 9] Ubers","log":"|j|\u2606nose xd123\n|j|\u2606oscar3ro\n|t:|1700081697\n|gametype|singles\n|player|p1|nose xd123|rr-charizardmegax|\n|player|p2|oscar3ro|rr-cinderace|\n|teamsize|p1|6\n|teamsize|p2|6\n|gen|9\n|tier|[Gen 9] Ubers\n|rule|Sleep Clause Mod: Limit one foe put to sleep\n|rule|Species Clause: Limit one of each Pok\u00e9mon\n|rule|OHKO Clause: OHKO moves are banned\n|rule|Evasion Abilities Clause: Evasion abilities are banned\n|rule|Evasion Items Clause: Evasion items are banned\n|rule|Evasion Moves Clause: Evasion moves are banned\n|rule|Endless Battle Clause: Forcing endless battles is banned\n|rule|HP Percentage Mod: HP is shown in percentages\n|rule|Dynamax Clause: You cannot dynamax\n|rule|Mega Rayquaza Clause: You cannot mega evolve Rayquaza\n|clearpoke\n|poke|p1|Donphan, M|\n|poke|p1|Rillaboom, F|\n|poke|p1|Gholdengo|\n|poke|p1|Grimmsnarl, M|\n|poke|p1|Alomomola, F|\n|poke|p1|Machamp, M|\n|poke|p2|Dodrio-Sevii, M|\n|poke|p2|Milotic-Sevii, M|\n|poke|p2|Skarmory, M|\n|poke|p2|Ninjask, F|\n|poke|p2|Salamence, M|\n|poke|p2|Corviknight, F|\n|teampreview\n|j| ivancuervo2007\n|inactive|Battle timer is ON: inactive players will automatically lose when time's up. (requested by oscar3ro)\n|c| ivancuervo2007|Dale defiende tu puesto\n|c|\u2606nose xd123|ostia\n|c| ivancuervo2007|Hola\n|c|\u2606nose xd123|not bad bro\n|\n|t:|1700081727\n|start\n|switch|p1a: Grimmsnarl|Grimmsnarl, M|100\/100\n|switch|p2a: Skarmory|Skarmory, M|100\/100\n|turn|1\n|\n|t:|1700081730\n|move|p1a: Grimmsnarl|Taunt|p2a: Skarmory\n|-start|p2a: Skarmory|move: Taunt\n|move|p2a: Skarmory|Iron Head|p1a: Grimmsnarl\n|-supereffective|p1a: Grimmsnarl\n|-damage|p1a: Grimmsnarl|56\/100\n|\n|upkeep\n|turn|2\n|\n|t:|1700081735\n|move|p1a: Grimmsnarl|Parting Shot|p2a: Skarmory\n|-unboost|p2a: Skarmory|atk|1\n|-unboost|p2a: Skarmory|spa|1\n|c| ivancuervo2007|Ostia? Eres espa\u00f1ol?\n|\n|t:|1700081740\n|switch|p1a: Machamp|Machamp, M|100\/100|[from] Parting Shot\n|move|p2a: Skarmory|Iron Head|p1a: Machamp\n|-damage|p1a: Machamp|85\/100\n|\n|upkeep\n|turn|3\n|c|\u2606nose xd123|nel XD\n|\n|t:|1700081754\n|switch|p2a: Milotic|Milotic-Sevii, M|100\/100\n|detailschange|p1a: Machamp|Machamp-Mega, M\n|-mega|p1a: Machamp|Machamp|Machampite\n|move|p1a: Machamp|Power-Up Punch|p2a: Milotic\n|-resisted|p2a: Milotic\n|-crit|p2a: Milotic\n|-damage|p2a: Milotic|80\/100\n|-boost|p1a: Machamp|atk|1\n|-resisted|p2a: Milotic\n|-damage|p2a: Milotic|70\/100\n|-boost|p1a: Machamp|atk|1\n|-hitcount|p2a: Milotic|2\n|\n|-heal|p2a: Milotic|76\/100|[from] item: Leftovers\n|upkeep\n|turn|4\n|c| ivancuervo2007|A\n|\n|t:|1700081765\n|switch|p1a: Rillaboom|Rillaboom, F|100\/100\n|-fieldstart|move: Grassy Terrain|[from] ability: Grassy Surge|[of] p1a: Rillaboom\n|move|p2a: Milotic|Moonblast|p1a: Rillaboom\n|-damage|p1a: Rillaboom|46\/100\n|\n|-heal|p1a: Rillaboom|52\/100|[from] Grassy Terrain\n|-heal|p2a: Milotic|82\/100|[from] Grassy Terrain\n|-heal|p2a: Milotic|88\/100|[from] item: Leftovers\n|upkeep\n|turn|5\n|\n|t:|1700081771\n|switch|p2a: Corviknight|Corviknight, F, shiny|100\/100\n|-ability|p2a: Corviknight|Pressure\n|move|p1a: Rillaboom|U-turn|p2a: Corviknight\n|-resisted|p2a: Corviknight\n|-damage|p2a: Corviknight|93\/100\n|c| ivancuervo2007|Dios que ganas de decir algo xenofobo\n|\n|t:|1700081776\n|switch|p1a: Machamp|Machamp-Mega, M|85\/100|[from] U-turn\n|\n|-heal|p1a: Machamp|91\/100|[from] Grassy Terrain\n|-heal|p2a: Corviknight|99\/100|[from] item: Leftovers\n|upkeep\n|turn|6\n|\n|t:|1700081781\n|move|p1a: Machamp|Thunder Punch|p2a: Corviknight\n|-supereffective|p2a: Corviknight\n|-damage|p2a: Corviknight|49\/100\n|-supereffective|p2a: Corviknight\n|-damage|p2a: Corviknight|23\/100\n|-status|p2a: Corviknight|par\n|-hitcount|p2a: Corviknight|2\n|cant|p2a: Corviknight|par\n|\n|-heal|p1a: Machamp|97\/100|[from] Grassy Terrain\n|-heal|p2a: Corviknight|29\/100 par|[from] item: Leftovers\n|upkeep\n|turn|7\n|c|\u2606nose xd123|chido\n|\n|t:|1700081793\n|move|p1a: Machamp|Mach Punch|p2a: Corviknight\n|-damage|p2a: Corviknight|8\/100 par\n|-damage|p2a: Corviknight|0 fnt\n|faint|p2a: Corviknight\n|-hitcount|p2: Corviknight|2\n|\n|-heal|p1a: Machamp|100\/100|[from] Grassy Terrain\n|upkeep\n|\n|t:|1700081796\n|switch|p2a: Milotic|Milotic-Sevii, M|88\/100\n|turn|8\n|\n|t:|1700081799\n|switch|p1a: Donphan|Donphan, M|100\/100\n|move|p2a: Milotic|Scald|p1a: Donphan\n|-supereffective|p1a: Donphan\n|-damage|p1a: Donphan|31\/100\n|-status|p1a: Donphan|brn\n|\n|-heal|p2a: Milotic|94\/100|[from] Grassy Terrain\n|-heal|p2a: Milotic|100\/100|[from] item: Leftovers\n|-heal|p1a: Donphan|37\/100 brn|[from] Grassy Terrain\n|-heal|p1a: Donphan|44\/100 brn|[from] item: Leftovers\n|-damage|p1a: Donphan|37\/100 brn|[from] brn\n|-fieldend|move: Grassy Terrain\n|upkeep\n|turn|9\n|\n|t:|1700081806\n|move|p2a: Milotic|Scald|p1a: Donphan\n|-supereffective|p1a: Donphan\n|-damage|p1a: Donphan|0 fnt\n|faint|p1a: Donphan\n|\n|upkeep\n|\n|t:|1700081810\n|switch|p1a: Rillaboom|Rillaboom, F|52\/100\n|-fieldstart|move: Grassy Terrain|[from] ability: Grassy Surge|[of] p1a: Rillaboom\n|turn|10\n|c| ivancuervo2007|Hahaha xddddd\n|\n|t:|1700081835\n|switch|p2a: Salamence|Salamence, M|100\/100\n|move|p1a: Rillaboom|Grassy Glide|p2a: Salamence\n|-resisted|p2a: Salamence\n|-damage|p2a: Salamence|83\/100\n|\n|-heal|p1a: Rillaboom|58\/100|[from] Grassy Terrain\n|upkeep\n|turn|11\n|\n|t:|1700081840\n|switch|p1a: Alomomola|Alomomola, F|100\/100\n|move|p2a: Salamence|Dragon Dance|p2a: Salamence\n|-boost|p2a: Salamence|atk|1\n|-boost|p2a: Salamence|spe|1\n|\n|upkeep\n|turn|12\n|\n|t:|1700081844\n|move|p2a: Salamence|Dragon Dance|p2a: Salamence\n|-boost|p2a: Salamence|atk|1\n|-boost|p2a: Salamence|spe|1\n|move|p1a: Alomomola|Toxic|p2a: Salamence\n|-status|p2a: Salamence|tox\n|\n|-damage|p2a: Salamence|77\/100 tox|[from] psn\n|upkeep\n|turn|13\n|\n|t:|1700081848\n|move|p1a: Alomomola|Protect|p1a: Alomomola\n|-singleturn|p1a: Alomomola|Protect\n|move|p2a: Salamence|Dragon Dance|p2a: Salamence\n|-boost|p2a: Salamence|atk|1\n|-boost|p2a: Salamence|spe|1\n|\n|-damage|p2a: Salamence|65\/100 tox|[from] psn\n|upkeep\n|turn|14\n|\n|t:|1700081852\n|detailschange|p2a: Salamence|Salamence-Mega, M\n|-mega|p2a: Salamence|Salamence|Salamencite\n|move|p2a: Salamence|Return|p1a: Alomomola\n|-damage|p1a: Alomomola|8\/100\n|-damage|p2a: Salamence|48\/100 tox|[from] item: Rocky Helmet|[of] p1a: Alomomola\n|move|p1a: Alomomola|Scald|p2a: Salamence\n|-resisted|p2a: Salamence\n|-damage|p2a: Salamence|41\/100 tox\n|\n|-heal|p1a: Alomomola|14\/100|[from] Grassy Terrain\n|-damage|p2a: Salamence|23\/100 tox|[from] psn\n|-fieldend|move: Grassy Terrain\n|upkeep\n|turn|15\n|\n|t:|1700081859\n|move|p1a: Alomomola|Protect|p1a: Alomomola\n|-singleturn|p1a: Alomomola|Protect\n|move|p2a: Salamence|Earthquake|p1a: Alomomola\n|-activate|p1a: Alomomola|move: Protect\n|\n|-damage|p2a: Salamence|0 fnt|[from] psn\n|faint|p2a: Salamence\n|upkeep\n|c| ivancuervo2007|Oo stinky\n|\n|t:|1700081869\n|switch|p2a: Skarmory|Skarmory, M|100\/100\n|turn|16\n|c|\u2606nose xd123|qloco\n|\n|t:|1700081873\n|move|p2a: Skarmory|Stealth Rock|p1a: Alomomola\n|-sidestart|p1: nose xd123|move: Stealth Rock\n|move|p1a: Alomomola|Flip Turn|p2a: Skarmory\n|-damage|p2a: Skarmory|90\/100\n|-enditem|p2a: Skarmory|Red Card|[of] p1a: Alomomola\n|drag|p1a: Grimmsnarl|Grimmsnarl, M|56\/100\n|-damage|p1a: Grimmsnarl|44\/100|[from] Stealth Rock\n|\n|upkeep\n|turn|17\n|\n|t:|1700081880\n|move|p1a: Grimmsnarl|Taunt|p2a: Skarmory\n|-start|p2a: Skarmory|move: Taunt\n|move|p2a: Skarmory|Iron Head|p1a: Grimmsnarl\n|-supereffective|p1a: Grimmsnarl\n|-damage|p1a: Grimmsnarl|1\/100\n|\n|upkeep\n|turn|18\n|\n|t:|1700081882\n|move|p1a: Grimmsnarl|Reflect|p1a: Grimmsnarl\n|-sidestart|p1: nose xd123|Reflect\n|move|p2a: Skarmory|Iron Head|p1a: Grimmsnarl\n|-supereffective|p1a: Grimmsnarl\n|-damage|p1a: Grimmsnarl|0 fnt\n|faint|p1a: Grimmsnarl\n|\n|upkeep\n|\n|t:|1700081889\n|switch|p1a: Machamp|Machamp-Mega, M|100\/100\n|-damage|p1a: Machamp|94\/100|[from] Stealth Rock\n|turn|19\n|\n|t:|1700081894\n|switch|p1a: Rillaboom|Rillaboom, F|58\/100\n|-damage|p1a: Rillaboom|46\/100|[from] Stealth Rock\n|-fieldstart|move: Grassy Terrain|[from] ability: Grassy Surge|[of] p1a: Rillaboom\n|move|p2a: Skarmory|Iron Head|p1a: Rillaboom\n|-damage|p1a: Rillaboom|35\/100\n|\n|-heal|p1a: Rillaboom|41\/100|[from] Grassy Terrain\n|-end|p2a: Skarmory|move: Taunt\n|upkeep\n|turn|20\n|\n|t:|1700081898\n|move|p1a: Rillaboom|Knock Off|p2a: Skarmory\n|-damage|p2a: Skarmory|71\/100\n|move|p2a: Skarmory|Whirlwind|p1a: Rillaboom\n|drag|p1a: Machamp|Machamp-Mega, M|94\/100\n|-damage|p1a: Machamp|88\/100|[from] Stealth Rock\n|\n|-heal|p1a: Machamp|94\/100|[from] Grassy Terrain\n|upkeep\n|turn|21\n|\n|t:|1700081905\n|move|p1a: Machamp|Power-Up Punch|p2a: Skarmory\n|-damage|p2a: Skarmory|56\/100\n|-boost|p1a: Machamp|atk|1\n|-damage|p2a: Skarmory|45\/100\n|-boost|p1a: Machamp|atk|1\n|-hitcount|p2a: Skarmory|2\n|move|p2a: Skarmory|Whirlwind|p1a: Machamp\n|drag|p1a: Rillaboom|Rillaboom, F|41\/100\n|-damage|p1a: Rillaboom|28\/100|[from] Stealth Rock\n|\n|-heal|p1a: Rillaboom|35\/100|[from] Grassy Terrain\n|upkeep\n|turn|22\n|\n|t:|1700081914\n|move|p1a: Rillaboom|Drum Beating|p2a: Skarmory\n|-resisted|p2a: Skarmory\n|-damage|p2a: Skarmory|34\/100\n|-unboost|p2a: Skarmory|spe|1\n|move|p2a: Skarmory|Iron Head|p1a: Rillaboom\n|-damage|p1a: Rillaboom|25\/100\n|\n|-heal|p1a: Rillaboom|31\/100|[from] Grassy Terrain\n|upkeep\n|turn|23\n|\n|t:|1700081920\n|move|p1a: Rillaboom|Drum Beating|p2a: Skarmory\n|-resisted|p2a: Skarmory\n|-damage|p2a: Skarmory|22\/100\n|-unboost|p2a: Skarmory|spe|1\n|move|p2a: Skarmory|Whirlwind|p1a: Rillaboom\n|drag|p1a: Alomomola|Alomomola, F|47\/100\n|-damage|p1a: Alomomola|35\/100|[from] Stealth Rock\n|\n|-heal|p1a: Alomomola|41\/100|[from] Grassy Terrain\n|-fieldend|move: Grassy Terrain\n|upkeep\n|turn|24\n|\n|t:|1700081929\n|move|p1a: Alomomola|Scald|p2a: Skarmory\n|-damage|p2a: Skarmory|7\/100\n|move|p2a: Skarmory|Whirlwind|p1a: Alomomola\n|drag|p1a: Rillaboom|Rillaboom, F|31\/100\n|-damage|p1a: Rillaboom|19\/100|[from] Stealth Rock\n|-fieldstart|move: Grassy Terrain|[from] ability: Grassy Surge|[of] p1a: Rillaboom\n|\n|-heal|p1a: Rillaboom|25\/100|[from] Grassy Terrain\n|upkeep\n|turn|25\n|\n|t:|1700081933\n|move|p1a: Rillaboom|Grassy Glide|p2a: Skarmory\n|-resisted|p2a: Skarmory\n|-damage|p2a: Skarmory|0 fnt\n|faint|p2a: Skarmory\n|\n|-heal|p1a: Rillaboom|31\/100|[from] Grassy Terrain\n|-sideend|p1: nose xd123|Reflect\n|upkeep\n|\n|t:|1700081942\n|switch|p2a: Dodrio|Dodrio-Sevii, M|100\/100\n|turn|26\n|\n|t:|1700081947\n|switch|p1a: Alomomola|Alomomola, F|74\/100\n|-damage|p1a: Alomomola|62\/100|[from] Stealth Rock\n|move|p2a: Dodrio|U-turn|p1a: Alomomola\n|-damage|p1a: Alomomola|48\/100\n|-damage|p2a: Dodrio|84\/100|[from] item: Rocky Helmet|[of] p1a: Alomomola\n|\n|t:|1700081951\n|switch|p2a: Milotic|Milotic-Sevii, M|100\/100|[from] U-turn\n|\n|-heal|p1a: Alomomola|55\/100|[from] Grassy Terrain\n|upkeep\n|turn|27\n|\n|t:|1700081955\n|move|p1a: Alomomola|Protect|p1a: Alomomola\n|-singleturn|p1a: Alomomola|Protect\n|move|p2a: Milotic|Moonblast|p1a: Alomomola\n|-activate|p1a: Alomomola|move: Protect\n|\n|-heal|p1a: Alomomola|61\/100|[from] Grassy Terrain\n|upkeep\n|turn|28\n|\n|t:|1700081962\n|switch|p1a: Rillaboom|Rillaboom, F|31\/100\n|-damage|p1a: Rillaboom|19\/100|[from] Stealth Rock\n|move|p2a: Milotic|Moonblast|p1a: Rillaboom\n|-damage|p1a: Rillaboom|0 fnt\n|faint|p1a: Rillaboom\n|\n|-fieldend|move: Grassy Terrain\n|upkeep\n|\n|t:|1700081964\n|switch|p1a: Gholdengo|Gholdengo|100\/100\n|-damage|p1a: Gholdengo|94\/100|[from] Stealth Rock\n|-item|p1a: Gholdengo|Air Balloon\n|turn|29\n|\n|t:|1700081974\n|switch|p2a: Dodrio|Dodrio-Sevii, M|84\/100\n|move|p1a: Gholdengo|Make It Rain|p2a: Dodrio\n|-resisted|p2a: Dodrio\n|-damage|p2a: Dodrio|23\/100\n|-unboost|p1a: Gholdengo|spa|1\n|\n|upkeep\n|turn|30\n|\n|t:|1700081979\n|switch|p1a: Alomomola|Alomomola, F|94\/100\n|-damage|p1a: Alomomola|82\/100|[from] Stealth Rock\n|move|p2a: Dodrio|Flare Blitz|p1a: Alomomola\n|-resisted|p1a: Alomomola\n|-damage|p1a: Alomomola|66\/100\n|-status|p1a: Alomomola|brn\n|-damage|p2a: Dodrio|6\/100|[from] item: Rocky Helmet|[of] p1a: Alomomola\n|\n|-damage|p1a: Alomomola|60\/100 brn|[from] brn\n|upkeep\n|turn|31\n|\n|t:|1700081983\n|switch|p2a: Milotic|Milotic-Sevii, M|100\/100\n|move|p1a: Alomomola|Flip Turn|p2a: Milotic\n|-supereffective|p2a: Milotic\n|-damage|p2a: Milotic|85\/100\n|\n|t:|1700081988\n|switch|p1a: Gholdengo|Gholdengo|94\/100|[from] Flip Turn\n|-damage|p1a: Gholdengo|88\/100|[from] Stealth Rock\n|-item|p1a: Gholdengo|Air Balloon\n|\n|-heal|p2a: Milotic|91\/100|[from] item: Leftovers\n|upkeep\n|turn|32\n|\n|t:|1700081994\n|move|p1a: Gholdengo|Make It Rain|p2a: Milotic\n|-supereffective|p2a: Milotic\n|-damage|p2a: Milotic|0 fnt\n|-unboost|p1a: Gholdengo|spa|1\n|faint|p2a: Milotic\n|\n|upkeep\n|\n|t:|1700081997\n|switch|p2a: Dodrio|Dodrio-Sevii, M|6\/100\n|turn|33\n|\n|t:|1700082002\n|switch|p1a: Alomomola|Alomomola, F|93\/100 brn\n|-damage|p1a: Alomomola|81\/100 brn|[from] Stealth Rock\n|move|p2a: Dodrio|Headlong Rush|p1a: Alomomola\n|-damage|p1a: Alomomola|47\/100 brn\n|-unboost|p2a: Dodrio|def|1\n|-unboost|p2a: Dodrio|spd|1\n|-damage|p2a: Dodrio|0 fnt|[from] item: Rocky Helmet|[of] p1a: Alomomola\n|faint|p2a: Dodrio\n|\n|-damage|p1a: Alomomola|41\/100 brn|[from] brn\n|upkeep\n|\n|t:|1700082005\n|switch|p2a: Ninjask|Ninjask, F|100\/100\n|turn|34\n|\n|t:|1700082010\n|switch|p1a: Gholdengo|Gholdengo|88\/100\n|-damage|p1a: Gholdengo|82\/100|[from] Stealth Rock\n|-item|p1a: Gholdengo|Air Balloon\n|move|p2a: Ninjask|Swords Dance|p2a: Ninjask\n|-boost|p2a: Ninjask|atk|2\n|\n|-ability|p2a: Ninjask|Speed Boost|boost\n|-boost|p2a: Ninjask|spe|1\n|upkeep\n|turn|35\n|\n|t:|1700082015\n|move|p2a: Ninjask|Swords Dance|p2a: Ninjask\n|-boost|p2a: Ninjask|atk|2\n|move|p1a: Gholdengo|Shadow Ball|p2a: Ninjask\n|-enditem|p2a: Ninjask|Focus Sash\n|-damage|p2a: Ninjask|1\/100\n|\n|-ability|p2a: Ninjask|Speed Boost|boost\n|-boost|p2a: Ninjask|spe|1\n|upkeep\n|turn|36\n|\n|t:|1700082018\n|move|p2a: Ninjask|Sonic Slash|p1a: Gholdengo\n|-resisted|p1a: Gholdengo\n|-damage|p1a: Gholdengo|0 fnt\n|-enditem|p1a: Gholdengo|Air Balloon\n|faint|p1a: Gholdengo\n|\n|-ability|p2a: Ninjask|Speed Boost|boost\n|-boost|p2a: Ninjask|spe|1\n|upkeep\n|\n|t:|1700082023\n|switch|p1a: Alomomola|Alomomola, F|74\/100 brn\n|-damage|p1a: Alomomola|62\/100 brn|[from] Stealth Rock\n|turn|37\n|\n|t:|1700082027\n|move|p2a: Ninjask|Leech Life|p1a: Alomomola\n|-damage|p1a: Alomomola|1\/100 brn\n|-heal|p2a: Ninjask|62\/100|[from] drain|[of] p1a: Alomomola\n|-damage|p2a: Ninjask|46\/100|[from] item: Rocky Helmet|[of] p1a: Alomomola\n|move|p1a: Alomomola|Scald|p2a: Ninjask\n|-damage|p2a: Ninjask|17\/100\n|-status|p2a: Ninjask|brn\n|\n|-damage|p2a: Ninjask|11\/100 brn|[from] brn\n|-damage|p1a: Alomomola|0 fnt|[from] brn\n|faint|p1a: Alomomola\n|-ability|p2a: Ninjask|Speed Boost|boost\n|-boost|p2a: Ninjask|spe|1\n|upkeep\n|\n|t:|1700082035\n|switch|p1a: Machamp|Machamp-Mega, M|94\/100\n|-damage|p1a: Machamp|88\/100|[from] Stealth Rock\n|turn|38\n|\n|t:|1700082038\n|move|p1a: Machamp|Mach Punch|p2a: Ninjask\n|-resisted|p2a: Ninjask\n|-damage|p2a: Ninjask|0 fnt\n|faint|p2a: Ninjask\n|-hitcount|p2: Ninjask|1\n|\n|win|nose xd123\n|c|\u2606nose xd123|gg\n|c|\u2606oscar3ro|Gg\n","uploadtime":1700082054,"views":7,"p1id":"nosexd123","p2id":"oscar3ro","formatid":"gen9ubers","rating":0,"private":0,"password":""}