{"id":"radicalred-gen9ubers-548627","p1":"drakenheart666","p2":"LUWITE","format":"[Gen 9] Ubers","log":"|j|\u2606drakenheart666\n|j|\u2606LUWITE\n|t:|1700408265\n|gametype|singles\n|player|p1|drakenheart666|rr-dragonite|\n|player|p2|LUWITE|rr-quaxly|\n|teamsize|p1|6\n|teamsize|p2|6\n|gen|9\n|tier|[Gen 9] Ubers\n|rule|Sleep Clause Mod: Limit one foe put to sleep\n|rule|Species Clause: Limit one of each Pok\u00e9mon\n|rule|OHKO Clause: OHKO moves are banned\n|rule|Evasion Abilities Clause: Evasion abilities are banned\n|rule|Evasion Items Clause: Evasion items are banned\n|rule|Evasion Moves Clause: Evasion moves are banned\n|rule|Endless Battle Clause: Forcing endless battles is banned\n|rule|HP Percentage Mod: HP is shown in percentages\n|rule|Dynamax Clause: You cannot dynamax\n|rule|Mega Rayquaza Clause: You cannot mega evolve Rayquaza\n|clearpoke\n|poke|p1|Chansey, F|\n|poke|p1|Crocalor, M|\n|poke|p1|Samurott-Hisui, M|\n|poke|p1|Flapple, M|\n|poke|p1|Zebstrika-Sevii, F|\n|poke|p1|Noivern-Sevii, M|\n|poke|p2|Slither Wing|\n|poke|p2|Roaring Moon|\n|poke|p2|Volcanion|\n|poke|p2|Torkoal, M|\n|poke|p2|Delphox, F|\n|poke|p2|Centiskorch, M|\n|teampreview\n|c|\u2606drakenheart666|gl hf\n|c|\u2606LUWITE|same to you\n|c|\u2606LUWITE|No clef\n|c|\u2606drakenheart666|n place\n|\n|t:|1700408319\n|start\n|switch|p1a: Zebby|Zebstrika-Sevii, F|100\/100\n|switch|p2a: Agent Moth|Slither Wing|100\/100\n|turn|1\n|\n|t:|1700408373\n|switch|p1a: spooky flapflap|Noivern-Sevii, M|100\/100\n|move|p2a: Agent Moth|U-turn|p1a: spooky flapflap\n|-resisted|p1a: spooky flapflap\n|-damage|p1a: spooky flapflap|75\/100\n|\n|t:|1700408382\n|-end|p2a: Agent Moth|Protosynthesis|[silent]\n|switch|p2a: Tortoise|Torkoal, M|100\/100|[from] U-turn\n|-weather|SunnyDay|[from] ability: Drought|[of] p2a: Tortoise\n|\n|-weather|SunnyDay|[upkeep]\n|upkeep\n|turn|2\n|\n|t:|1700408427\n|move|p1a: spooky flapflap|Stone Edge|p2a: Tortoise|[miss]\n|-miss|p1a: spooky flapflap|p2a: Tortoise\n|move|p2a: Tortoise|Will-O-Wisp|p1a: spooky flapflap\n|-status|p1a: spooky flapflap|brn\n|\n|-weather|SunnyDay|[upkeep]\n|-damage|p1a: spooky flapflap|69\/100 brn|[from] brn\n|upkeep\n|turn|3\n|c|\u2606LUWITE|oof\n|c|\u2606drakenheart666|wow\n|c|\u2606LUWITE|Oh dang willo cannot miss\n|\n|t:|1700408474\n|switch|p2a: Agent Moth|Slither Wing|100\/100\n|-activate|p2a: Agent Moth|ability: Protosynthesis\n|-start|p2a: Agent Moth|protosynthesisatk\n|move|p1a: spooky flapflap|Roost|p1a: spooky flapflap\n|-heal|p1a: spooky flapflap|100\/100 brn\n|-singleturn|p1a: spooky flapflap|move: Roost\n|\n|-weather|SunnyDay|[upkeep]\n|-damage|p1a: spooky flapflap|95\/100 brn|[from] brn\n|upkeep\n|turn|4\n|\n|t:|1700408503\n|move|p2a: Agent Moth|Flare Blitz|p1a: spooky flapflap\n|-resisted|p1a: spooky flapflap\n|-damage|p1a: spooky flapflap|37\/100 brn\n|-damage|p2a: Agent Moth|81\/100|[from] Recoil\n|move|p1a: spooky flapflap|Brave Bird|p2a: Agent Moth\n|-supereffective|p2a: Agent Moth\n|-damage|p2a: Agent Moth|0 fnt\n|faint|p2a: Agent Moth\n|-end|p2a: Agent Moth|Protosynthesis|[silent]\n|-damage|p1a: spooky flapflap|10\/100 brn|[from] Recoil\n|\n|-weather|SunnyDay|[upkeep]\n|-damage|p1a: spooky flapflap|4\/100 brn|[from] brn\n|upkeep\n|c|\u2606drakenheart666|ded\n|\n|t:|1700408550\n|switch|p2a: Spooky Bug|Centiskorch, M|100\/100\n|turn|5\n|c|\u2606drakenheart666|yah when its used by a fire type\n|c|\u2606LUWITE|ye\n|\n|t:|1700408560\n|detailschange|p2a: Spooky Bug|Centiskorch-Mega, M\n|-mega|p2a: Spooky Bug|Centiskorch|Centiskite\n|move|p1a: spooky flapflap|Brave Bird|p2a: Spooky Bug\n|-supereffective|p2a: Spooky Bug\n|-damage|p2a: Spooky Bug|62\/100\n|-damage|p1a: spooky flapflap|0 fnt|[from] Recoil\n|faint|p1a: spooky flapflap\n|move|p2a: Spooky Bug|Flame Charge|p1: spooky flapflap|[notarget]\n|-fail|p2a: Spooky Bug\n|\n|-weather|SunnyDay|[upkeep]\n|upkeep\n|c|\u2606LUWITE|oh Ic\n|c|\u2606drakenheart666|no flamecharge for u\n|c|\u2606LUWITE|that was not the play\n|\n|t:|1700408618\n|switch|p1a: Fairy?|Flapple, M|100\/100\n|turn|6\n|c|\u2606drakenheart666|wheres your fairy type lucas\n|c|\u2606LUWITE|whats that\n|\n|t:|1700408683\n|detailschange|p1a: Fairy?|Flapple-Mega, M\n|-mega|p1a: Fairy?|Flapple|Flapplite\n|move|p1a: Fairy?|Dragon Energy|p2a: Spooky Bug\n|-damage|p2a: Spooky Bug|0 fnt\n|faint|p2a: Spooky Bug\n|\n|-weather|SunnyDay|[upkeep]\n|upkeep\n|\n|t:|1700408702\n|switch|p2a: Foxy|Delphox, F|100\/100\n|turn|7\n|\n|t:|1700408709\n|switch|p1a: cancey|Chansey, F|100\/100\n|move|p2a: Foxy|Mind Blown|p1a: cancey\n|-damage|p1a: cancey|62\/100\n|\n|-weather|SunnyDay|[upkeep]\n|upkeep\n|turn|8\n|\n|t:|1700408773\n|switch|p2a: To the Moon|Roaring Moon|100\/100\n|-activate|p2a: To the Moon|ability: Protosynthesis\n|-start|p2a: To the Moon|protosynthesisatk\n|move|p1a: cancey|Soft-Boiled|p1a: cancey\n|-heal|p1a: cancey|100\/100\n|\n|-weather|none\n|-end|p2a: To the Moon|Protosynthesis\n|upkeep\n|turn|9\n|\n|t:|1700408787\n|switch|p1a: mini corc|Crocalor, M|100\/100\n|move|p2a: To the Moon|U-turn|p1a: mini corc\n|-resisted|p1a: mini corc\n|-damage|p1a: mini corc|91\/100\n|\n|t:|1700408802\n|-end|p2a: To the Moon|Protosynthesis|[silent]\n|switch|p2a: Actually Fire|Volcanion|100\/100|[from] U-turn\n|\n|upkeep\n|turn|10\n|\n|t:|1700408809\n|switch|p1a: cancey|Chansey, F|100\/100\n|move|p2a: Actually Fire|Steam Eruption|p1a: cancey\n|-damage|p1a: cancey|86\/100\n|\n|upkeep\n|turn|11\n|c|\u2606drakenheart666|blob\n|\n|t:|1700408860\n|switch|p2a: Tortoise|Torkoal, M|100\/100\n|-weather|SunnyDay|[from] ability: Drought|[of] p2a: Tortoise\n|move|p1a: cancey|Stealth Rock|p2a: Tortoise\n|-sidestart|p2: LUWITE|move: Stealth Rock\n|\n|-weather|SunnyDay|[upkeep]\n|upkeep\n|turn|12\n|\n|t:|1700408872\n|move|p2a: Tortoise|Stealth Rock|p1a: cancey\n|-sidestart|p1: drakenheart666|move: Stealth Rock\n|move|p1a: cancey|Teleport|p1a: cancey\n|\n|t:|1700408881\n|switch|p1a: Fairy?|Flapple-Mega, M|100\/100|[from] Teleport\n|-damage|p1a: Fairy?|88\/100|[from] Stealth Rock\n|\n|-weather|SunnyDay|[upkeep]\n|upkeep\n|turn|13\n|\n|t:|1700408897\n|move|p1a: Fairy?|Dragon Energy|p2a: Tortoise\n|-damage|p2a: Tortoise|0 fnt\n|faint|p2a: Tortoise\n|\n|-weather|SunnyDay|[upkeep]\n|upkeep\n|\n|t:|1700408946\n|switch|p2a: Foxy|Delphox, F|100\/100\n|turn|14\n|\n|t:|1700408959\n|move|p1a: Fairy?|Sucker Punch|p2a: Foxy\n|-supereffective|p2a: Foxy\n|-damage|p2a: Foxy|15\/100\n|move|p2a: Foxy|Mind Blown|p1a: Fairy?\n|-damage|p1a: Fairy?|0 fnt\n|faint|p1a: Fairy?\n|\n|-weather|SunnyDay|[upkeep]\n|upkeep\n|\n|t:|1700408971\n|switch|p1a: Zebby|Zebstrika-Sevii, F|100\/100\n|-damage|p1a: Zebby|76\/100|[from] Stealth Rock\n|turn|15\n|\n|t:|1700408995\n|move|p1a: Zebby|Volt Switch|p2a: Foxy\n|-damage|p2a: Foxy|0 fnt\n|faint|p2a: Foxy\n|\n|t:|1700409009\n|switch|p1a: mini corc|Crocalor, M|91\/100|[from] Volt Switch\n|-damage|p1a: mini corc|66\/100|[from] Stealth Rock\n|\n|-weather|SunnyDay|[upkeep]\n|upkeep\n|\n|t:|1700409033\n|switch|p2a: To the Moon|Roaring Moon|100\/100\n|-damage|p2a: To the Moon|88\/100|[from] Stealth Rock\n|-activate|p2a: To the Moon|ability: Protosynthesis\n|-start|p2a: To the Moon|protosynthesisatk\n|turn|16\n|\n|t:|1700409041\n|move|p2a: To the Moon|Earthquake|p1a: mini corc\n|-supereffective|p1a: mini corc\n|-damage|p1a: mini corc|0 fnt\n|faint|p1a: mini corc\n|\n|-weather|SunnyDay|[upkeep]\n|upkeep\n|c|\u2606LUWITE|fake mon fr\n|c|\u2606drakenheart666|ill be honest i didnt see the attack boost from sun LOL\n|c|\u2606LUWITE|zeb just winning tho fr\n|\n|t:|1700409133\n|switch|p1a: i cut you|Samurott-Hisui, M|100\/100\n|-damage|p1a: i cut you|88\/100|[from] Stealth Rock\n|turn|17\n|\n|t:|1700409231\n|-end|p2a: To the Moon|Protosynthesis|[silent]\n|switch|p2a: Actually Fire|Volcanion|100\/100\n|move|p1a: i cut you|Shell Smash|p1a: i cut you\n|-unboost|p1a: i cut you|def|1\n|-unboost|p1a: i cut you|spd|1\n|-boost|p1a: i cut you|atk|2\n|-boost|p1a: i cut you|spa|2\n|-boost|p1a: i cut you|spe|2\n|\n|-weather|SunnyDay|[upkeep]\n|upkeep\n|turn|18\n|\n|t:|1700409251\n|move|p1a: i cut you|Ceaseless Edge|p2a: Actually Fire\n|-damage|p2a: Actually Fire|43\/100\n|-sidestart|p2: LUWITE|Spikes\n|move|p2a: Actually Fire|Body Press|p1a: i cut you\n|-supereffective|p1a: i cut you\n|-damage|p1a: i cut you|0 fnt\n|faint|p1a: i cut you\n|\n|-weather|none\n|upkeep\n|\n|t:|1700409267\n|switch|p1a: cancey|Chansey, F|86\/100\n|-damage|p1a: cancey|73\/100|[from] Stealth Rock\n|turn|19\n|l|\u2606LUWITE\n|player|p2|\n|j|\u2606LUWITE\n|player|p2|LUWITE|rr-quaxly\n|c|\u2606LUWITE|RR not auto, logging in\n|c|\u2606drakenheart666|auto eh?\n|c|\u2606LUWITE|ignore the comma fr\n|\n|t:|1700409354\n|switch|p2a: To the Moon|Roaring Moon|88\/100\n|-damage|p2a: To the Moon|76\/100|[from] Spikes\n|-damage|p2a: To the Moon|64\/100|[from] Stealth Rock\n|move|p1a: cancey|Seismic Toss|p2a: To the Moon\n|-damage|p2a: To the Moon|35\/100\n|\n|upkeep\n|turn|20\n|\n|t:|1700409364\n|move|p2a: To the Moon|Iron Head|p1a: cancey\n|-damage|p1a: cancey|48\/100\n|move|p1a: cancey|Seismic Toss|p2a: To the Moon\n|-damage|p2a: To the Moon|7\/100\n|\n|upkeep\n|turn|21\n|\n|t:|1700409371\n|move|p2a: To the Moon|Iron Head|p1a: cancey\n|-damage|p1a: cancey|22\/100\n|move|p1a: cancey|Soft-Boiled|p1a: cancey\n|-heal|p1a: cancey|72\/100\n|\n|upkeep\n|turn|22\n|\n|t:|1700409377\n|move|p2a: To the Moon|Iron Head|p1a: cancey\n|-damage|p1a: cancey|43\/100\n|move|p1a: cancey|Seismic Toss|p2a: To the Moon\n|-damage|p2a: To the Moon|0 fnt\n|faint|p2a: To the Moon\n|-end|p2a: To the Moon|Protosynthesis|[silent]\n|\n|upkeep\n|\n|t:|1700409389\n|switch|p2a: Actually Fire|Volcanion|43\/100\n|turn|23\n|\n|t:|1700409392\n|move|p2a: Actually Fire|Body Press|p1a: cancey\n|-supereffective|p1a: cancey\n|-damage|p1a: cancey|3\/100\n|move|p1a: cancey|Soft-Boiled|p1a: cancey\n|-heal|p1a: cancey|53\/100\n|\n|upkeep\n|turn|24\n|\n|t:|1700409399\n|move|p2a: Actually Fire|Body Press|p1a: cancey\n|-supereffective|p1a: cancey\n|-damage|p1a: cancey|18\/100\n|move|p1a: cancey|Soft-Boiled|p1a: cancey\n|-heal|p1a: cancey|68\/100\n|\n|upkeep\n|turn|25\n|c|\u2606LUWITE|why does this live tho\n|c|\u2606drakenheart666|im fat\n|l|\u2606LUWITE\n|player|p2|\n|c|\u2606drakenheart666|dont leave ahhh\n|inactive|Battle timer is ON: inactive players will automatically lose when time's up. (requested by drakenheart666)\n|inactive|LUWITE has 270 seconds to reconnect!\n|inactive|LUWITE has 240 seconds to reconnect!\n|inactive|LUWITE has 210 seconds to reconnect!\n|inactive|LUWITE has 180 seconds to reconnect!\n|inactive|LUWITE has 150 seconds to reconnect!\n|j|\u2606LUWITE\n|inactive|LUWITE reconnected and has 300 seconds left.\n|player|p2|LUWITE|rr-quaxly\n|c|\u2606drakenheart666|smh licas click a move\n|c|\u2606drakenheart666|LOL\n|l|\u2606LUWITE\n|inactive|LUWITE disconnected and has 135 seconds to reconnect!\n|player|p2|\n|c|\u2606drakenheart666|wow\n|inactive|LUWITE has 120 seconds to reconnect!\n|inactive|LUWITE has 90 seconds to reconnect!\n|inactive|LUWITE has 60 seconds to reconnect!\n|inactive|LUWITE has 30 seconds to reconnect!\n|inactive|LUWITE has 20 seconds to reconnect!\n|inactive|LUWITE has 15 seconds to reconnect!\n|inactive|LUWITE has 10 seconds to reconnect!\n|inactive|LUWITE has 5 seconds to reconnect!\n|-message|LUWITE lost due to inactivity.\n|\n|win|drakenheart666\n","uploadtime":1700410084,"views":53,"p1id":"drakenheart666","p2id":"luwite","formatid":"gen9ubers","rating":0,"private":0,"password":""}