{"id":"radicalred-gen9ubers-545178","p1":"anderproyt","p2":"axelzzz09","format":"[Gen 9] Ubers","log":"|j|\u2606anderproyt\n|j|\u2606axelzzz09\n|t:|1699738854\n|gametype|singles\n|player|p1|anderproyt|rr-necrozma|\n|player|p2|axelzzz09|rr-garchompmega|\n|teamsize|p1|6\n|teamsize|p2|6\n|gen|9\n|tier|[Gen 9] Ubers\n|rule|Sleep Clause Mod: Limit one foe put to sleep\n|rule|Species Clause: Limit one of each Pok\u00e9mon\n|rule|OHKO Clause: OHKO moves are banned\n|rule|Evasion Abilities Clause: Evasion abilities are banned\n|rule|Evasion Items Clause: Evasion items are banned\n|rule|Evasion Moves Clause: Evasion moves are banned\n|rule|Endless Battle Clause: Forcing endless battles is banned\n|rule|HP Percentage Mod: HP is shown in percentages\n|rule|Dynamax Clause: You cannot dynamax\n|rule|Mega Rayquaza Clause: You cannot mega evolve Rayquaza\n|clearpoke\n|poke|p1|Volcarona, M|\n|poke|p1|Gyarados, F|\n|poke|p1|Lokix-Sevii, M|\n|poke|p1|Grimmsnarl, M|\n|poke|p1|Crobat, M|\n|poke|p1|Cloyster, F|\n|poke|p2|Dragapult, F|\n|poke|p2|Garchomp, M|\n|poke|p2|Kommo-o, F|\n|poke|p2|Tapu Lele|\n|poke|p2|Gallade, M|\n|poke|p2|Slowbro, F|\n|teampreview\n|\n|t:|1699738883\n|start\n|switch|p1a: Grimmsnarl|Grimmsnarl, M|100\/100\n|switch|p2a: Tapu Lele|Tapu Lele|100\/100\n|-fieldstart|move: Psychic Terrain|[from] ability: Psychic Surge|[of] p2a: Tapu Lele\n|turn|1\n|\n|t:|1699738891\n|move|p1a: Grimmsnarl|Light Screen|p1a: Grimmsnarl\n|-sidestart|p1: anderproyt|move: Light Screen\n|move|p2a: Tapu Lele|Thunderbolt|p1a: Grimmsnarl\n|-damage|p1a: Grimmsnarl|85\/100\n|-status|p1a: Grimmsnarl|par\n|\n|upkeep\n|turn|2\n|\n|t:|1699738900\n|switch|p2a: Garchomp|Garchomp, M|100\/100\n|move|p1a: Grimmsnarl|Taunt|p2a: Garchomp\n|-activate|p2a: Garchomp|move: Psychic Terrain\n|\n|upkeep\n|turn|3\n|\n|t:|1699738906\n|move|p1a: Grimmsnarl|Parting Shot|p2a: Garchomp\n|-activate|p2a: Garchomp|move: Psychic Terrain\n|move|p2a: Garchomp|Scale Shot|p1a: Grimmsnarl\n|-immune|p1a: Grimmsnarl\n|\n|upkeep\n|turn|4\n|\n|t:|1699738913\n|cant|p1a: Grimmsnarl|par\n|move|p2a: Garchomp|Earthquake|p1a: Grimmsnarl\n|-damage|p1a: Grimmsnarl|36\/100 par\n|\n|upkeep\n|turn|5\n|\n|t:|1699738919\n|move|p1a: Grimmsnarl|Reflect|p1a: Grimmsnarl\n|-sidestart|p1: anderproyt|Reflect\n|move|p2a: Garchomp|Earthquake|p1a: Grimmsnarl\n|-damage|p1a: Grimmsnarl|11\/100 par\n|\n|-fieldend|move: Psychic Terrain\n|upkeep\n|turn|6\n|\n|t:|1699738928\n|move|p1a: Grimmsnarl|Taunt|p2a: Garchomp\n|-start|p2a: Garchomp|move: Taunt\n|move|p2a: Garchomp|Earthquake|p1a: Grimmsnarl\n|-damage|p1a: Grimmsnarl|0 fnt\n|faint|p1a: Grimmsnarl\n|\n|upkeep\n|\n|t:|1699738940\n|switch|p1a: Cloyster|Cloyster, F, shiny|100\/100\n|turn|7\n|\n|t:|1699738945\n|move|p2a: Garchomp|Scale Shot|p1a: Cloyster\n|-damage|p1a: Cloyster|95\/100\n|-damage|p1a: Cloyster|90\/100\n|-damage|p1a: Cloyster|84\/100\n|-damage|p1a: Cloyster|79\/100\n|-damage|p1a: Cloyster|73\/100\n|-hitcount|p1a: Cloyster|5\n|-unboost|p2a: Garchomp|def|1\n|-boost|p2a: Garchomp|spe|1\n|move|p1a: Cloyster|Shell Smash|p1a: Cloyster\n|-unboost|p1a: Cloyster|def|1\n|-unboost|p1a: Cloyster|spd|1\n|-boost|p1a: Cloyster|atk|2\n|-boost|p1a: Cloyster|spa|2\n|-boost|p1a: Cloyster|spe|2\n|-enditem|p1a: Cloyster|White Herb\n|-clearnegativeboost|p1a: Cloyster|[silent]\n|\n|upkeep\n|turn|8\n|c|\u2606anderproyt|momento xd \n|\n|t:|1699738962\n|move|p2a: Garchomp|Earthquake|p1a: Cloyster\n|-damage|p1a: Cloyster|53\/100\n|move|p1a: Cloyster|Icicle Spear|p2a: Garchomp\n|-supereffective|p2a: Garchomp\n|-damage|p2a: Garchomp|0 fnt\n|faint|p2a: Garchomp\n|-hitcount|p2: Garchomp|1\n|\n|-sideend|p1: anderproyt|move: Light Screen\n|upkeep\n|\n|t:|1699738974\n|switch|p2a: Slowbro|Slowbro, F|100\/100\n|turn|9\n|\n|t:|1699738986\n|move|p1a: Cloyster|Pin Missile|p2a: Slowbro\n|-supereffective|p2a: Slowbro\n|-damage|p2a: Slowbro|76\/100\n|-supereffective|p2a: Slowbro\n|-damage|p2a: Slowbro|55\/100\n|-supereffective|p2a: Slowbro\n|-damage|p2a: Slowbro|33\/100\n|-supereffective|p2a: Slowbro\n|-damage|p2a: Slowbro|12\/100\n|-supereffective|p2a: Slowbro\n|-damage|p2a: Slowbro|0 fnt\n|faint|p2a: Slowbro\n|-hitcount|p2: Slowbro|5\n|\n|upkeep\n|\n|t:|1699739006\n|switch|p2a: Tapu Lele|Tapu Lele|100\/100\n|-fieldstart|move: Psychic Terrain|[from] ability: Psychic Surge|[of] p2a: Tapu Lele\n|turn|10\n|\n|t:|1699739016\n|move|p1a: Cloyster|Icicle Spear|p2a: Tapu Lele\n|-damage|p2a: Tapu Lele|66\/100\n|-damage|p2a: Tapu Lele|32\/100\n|-damage|p2a: Tapu Lele|0 fnt\n|faint|p2a: Tapu Lele\n|-hitcount|p2: Tapu Lele|3\n|\n|upkeep\n|c|\u2606anderproyt|xd\n|\n|t:|1699739025\n|switch|p2a: mal padre|Dragapult, F|100\/100\n|turn|11\n|c|\u2606anderproyt|te esta sweepeando un cloyster\n|\n|t:|1699739032\n|move|p1a: Cloyster|Icicle Spear|p2a: mal padre\n|-supereffective|p2a: mal padre\n|-damage|p2a: mal padre|37\/100\n|-supereffective|p2a: mal padre\n|-damage|p2a: mal padre|0 fnt\n|faint|p2a: mal padre\n|-hitcount|p2: mal padre|2\n|\n|upkeep\n|\n|t:|1699739041\n|switch|p2a: la armadura|Kommo-o, F|100\/100\n|turn|12\n|\n|t:|1699739045\n|move|p1a: Cloyster|Icicle Spear|p2a: la armadura\n|-supereffective|p2a: la armadura\n|-damage|p2a: la armadura|57\/100\n|-supereffective|p2a: la armadura\n|-damage|p2a: la armadura|11\/100\n|-supereffective|p2a: la armadura\n|-damage|p2a: la armadura|0 fnt\n|faint|p2a: la armadura\n|-hitcount|p2: la armadura|3\n|\n|-sideend|p1: anderproyt|Reflect\n|upkeep\n|\n|t:|1699739059\n|switch|p2a: Gallade|Gallade, M|100\/100\n|turn|13\n|\n|t:|1699739065\n|detailschange|p2a: Gallade|Gallade-Mega, M\n|-mega|p2a: Gallade|Gallade|Galladite\n|move|p1a: Cloyster|Icicle Spear|p2a: Gallade\n|-damage|p2a: Gallade|70\/100\n|-damage|p2a: Gallade|43\/100\n|-damage|p2a: Gallade|15\/100\n|-damage|p2a: Gallade|0 fnt\n|faint|p2a: Gallade\n|-hitcount|p2: Gallade|4\n|\n|win|anderproyt\n","uploadtime":1699739075,"views":16,"p1id":"anderproyt","p2id":"axelzzz09","formatid":"gen9ubers","rating":0,"private":0,"password":""}