{"id":"radicalred-gen9ubers-549862","p1":"Razorgliscor472","p2":"mightybarb","format":"[Gen 9] Ubers","log":"|j|\u2606Razorgliscor472\n|j|\u2606mightybarb\n|t:|1700684031\n|gametype|singles\n|player|p1|Razorgliscor472|furretcollage.png|\n|player|p2|mightybarb|265|\n|teamsize|p1|6\n|teamsize|p2|6\n|gen|9\n|tier|[Gen 9] Ubers\n|rule|Sleep Clause Mod: Limit one foe put to sleep\n|rule|Species Clause: Limit one of each Pok\u00e9mon\n|rule|OHKO Clause: OHKO moves are banned\n|rule|Evasion Abilities Clause: Evasion abilities are banned\n|rule|Evasion Items Clause: Evasion items are banned\n|rule|Evasion Moves Clause: Evasion moves are banned\n|rule|Endless Battle Clause: Forcing endless battles is banned\n|rule|HP Percentage Mod: HP is shown in percentages\n|rule|Dynamax Clause: You cannot dynamax\n|rule|Mega Rayquaza Clause: You cannot mega evolve Rayquaza\n|clearpoke\n|poke|p1|Silvally-*|\n|poke|p1|Lopunny, F|\n|poke|p1|Solgaleo|\n|poke|p1|Dhelmise|\n|poke|p1|Garchomp, F|\n|poke|p1|Overqwil, M|\n|poke|p2|Clawitzer-Sevii, M|\n|poke|p2|Xurkitree|\n|poke|p2|Annihilape, M|\n|poke|p2|Duraludon, F|\n|poke|p2|Necrozma|\n|poke|p2|Arcanine-Hisui, F|\n|teampreview\n|c|\u2606mightybarb|gl hf\n|c|\u2606Razorgliscor472|U2\n|c|\u2606mightybarb|I am not so familiar with the meta so dont go too hard on me pls\n|c|\u2606mightybarb|lol\n|c|\u2606Razorgliscor472|Im freaking out on rather i have good or bad tech\n|c|\u2606mightybarb|lol\n|\n|t:|1700684135\n|start\n|switch|p1a: Lopunny|Lopunny, F|100\/100\n|switch|p2a: Necrozma|Necrozma|100\/100\n|turn|1\n|c|\u2606mightybarb|no kiss is suprising\n|\n|t:|1700684140\n|detailschange|p1a: Lopunny|Lopunny-Mega, F\n|-mega|p1a: Lopunny|Lopunny|Lopunnite\n|move|p1a: Lopunny|Fake Out|p2a: Necrozma\n|-damage|p2a: Necrozma|82\/100\n|move|p2a: Necrozma|Photon Geyser|p1a: Lopunny\n|-supereffective|p1a: Lopunny\n|-damage|p1a: Lopunny|0 fnt\n|faint|p1a: Lopunny\n|\n|upkeep\n|c|\u2606mightybarb|my tech worked\n|\n|t:|1700684152\n|switch|p1a: Overqwil|Overqwil, M|100\/100\n|-ability|p1a: Overqwil|Intimidate|boost\n|-unboost|p2a: Necrozma|atk|1\n|turn|2\n|c|\u2606Razorgliscor472|I thought about it\n|c|\u2606Razorgliscor472|I have Covert cloak\n|c|\u2606Razorgliscor472|It makes way too many mons worse\n|c|\u2606Razorgliscor472|Hate*\n|\n|t:|1700684225\n|move|p1a: Overqwil|Spikes|p2a: Necrozma\n|-sidestart|p2: mightybarb|Spikes\n|move|p2a: Necrozma|Earth Power|p1a: Overqwil\n|-supereffective|p1a: Overqwil\n|-damage|p1a: Overqwil|25\/100\n|\n|-heal|p1a: Overqwil|31\/100|[from] item: Black Sludge\n|upkeep\n|turn|3\n|\n|t:|1700684238\n|switch|p1a: Dhelmise|Dhelmise|100\/100\n|move|p2a: Necrozma|Autotomize|p2a: Necrozma\n|-boost|p2a: Necrozma|spe|2\n|-start|p2a: Necrozma|Autotomize\n|\n|upkeep\n|turn|4\n|\n|t:|1700684244\n|move|p2a: Necrozma|Photon Geyser|p1a: Dhelmise\n|-damage|p1a: Dhelmise|56\/100\n|-zpower|p1a: Dhelmise\n|move|p1a: Dhelmise|Never-Ending Nightmare|p2a: Necrozma|[zeffect]\n|-supereffective|p2a: Necrozma\n|-damage|p2a: Necrozma|0 fnt\n|faint|p2a: Necrozma\n|\n|upkeep\n|c|\u2606mightybarb|thats fair\n|\n|t:|1700684292\n|switch|p2a: Arcanine|Arcanine-Hisui, F|100\/100\n|-damage|p2a: Arcanine|88\/100|[from] Spikes\n|turn|5\n|\n|t:|1700684301\n|switch|p1a: Garchomp|Garchomp, F|100\/100\n|move|p2a: Arcanine|Flare Blitz|p1a: Garchomp\n|-resisted|p1a: Garchomp\n|-damage|p1a: Garchomp|69\/100\n|-damage|p2a: Arcanine|76\/100|[from] ability: Rough Skin|[of] p1a: Garchomp\n|-damage|p2a: Arcanine|59\/100|[from] item: Rocky Helmet|[of] p1a: Garchomp\n|\n|upkeep\n|turn|6\n|\n|t:|1700684313\n|switch|p2a: Annihilape|Annihilape, M|100\/100\n|-damage|p2a: Annihilape|88\/100|[from] Spikes\n|move|p1a: Garchomp|Stealth Rock|p2a: Annihilape\n|-sidestart|p2: mightybarb|move: Stealth Rock\n|\n|upkeep\n|turn|7\n|\n|t:|1700684323\n|switch|p1a: Silvally|Silvally-Ground|100\/100\n|move|p2a: Annihilape|Bulk Up|p2a: Annihilape\n|-boost|p2a: Annihilape|atk|1\n|-boost|p2a: Annihilape|def|1\n|\n|upkeep\n|turn|8\n|\n|t:|1700684329\n|move|p1a: Silvally|Multi-Attack|p2a: Annihilape\n|-damage|p2a: Annihilape|48\/100\n|move|p2a: Annihilape|Bulk Up|p2a: Annihilape\n|-boost|p2a: Annihilape|atk|1\n|-boost|p2a: Annihilape|def|1\n|\n|upkeep\n|turn|9\n|\n|t:|1700684333\n|move|p1a: Silvally|Multi-Attack|p2a: Annihilape\n|-damage|p2a: Annihilape|20\/100\n|move|p2a: Annihilape|Drain Punch|p1a: Silvally\n|-damage|p1a: Silvally|24\/100\n|-heal|p2a: Annihilape|58\/100|[from] drain|[of] p1a: Silvally\n|\n|upkeep\n|turn|10\n|\n|t:|1700684341\n|move|p1a: Silvally|Multi-Attack|p2a: Annihilape\n|-damage|p2a: Annihilape|31\/100\n|move|p2a: Annihilape|Drain Punch|p1a: Silvally\n|-damage|p1a: Silvally|0 fnt\n|-heal|p2a: Annihilape|42\/100|[from] drain|[of] p1a: Silvally\n|faint|p1a: Silvally\n|\n|upkeep\n|\n|t:|1700684346\n|switch|p1a: Solgaleo|Solgaleo|100\/100\n|turn|11\n|\n|t:|1700684365\n|move|p1a: Solgaleo|Iron Defense|p1a: Solgaleo\n|-boost|p1a: Solgaleo|def|2\n|move|p2a: Annihilape|Rage Fist|p1a: Solgaleo\n|-supereffective|p1a: Solgaleo\n|-damage|p1a: Solgaleo|0 fnt\n|faint|p1a: Solgaleo\n|\n|upkeep\n|\n|t:|1700684373\n|switch|p1a: Overqwil|Overqwil, M|31\/100\n|-ability|p1a: Overqwil|Intimidate|boost\n|-unboost|p2a: Annihilape|atk|1\n|-ability|p2a: Annihilape|Defiant|boost\n|-boost|p2a: Annihilape|atk|2\n|turn|12\n|\n|t:|1700684377\n|move|p2a: Annihilape|Drain Punch|p1a: Overqwil\n|-damage|p1a: Overqwil|0 fnt\n|-heal|p2a: Annihilape|58\/100|[from] drain|[of] p1a: Overqwil\n|faint|p1a: Overqwil\n|\n|upkeep\n|c|\u2606Razorgliscor472|Thats why i hate this\n|c|\u2606Razorgliscor472|I planned too fast\n|\n|t:|1700684391\n|switch|p1a: Dhelmise|Dhelmise|56\/100\n|turn|13\n|c|\u2606mightybarb|wdym\n|\n|t:|1700684396\n|move|p2a: Annihilape|Rage Fist|p1a: Dhelmise\n|-supereffective|p1a: Dhelmise\n|-damage|p1a: Dhelmise|0 fnt\n|faint|p1a: Dhelmise\n|\n|upkeep\n|c|\u2606Razorgliscor472|I forgot we had a game\n|c|\u2606Razorgliscor472|And just built\n|\n|t:|1700684403\n|switch|p1a: Garchomp|Garchomp, F|69\/100\n|turn|14\n|j| FuwawaGorebyssgard\n|l| FuwawaGorebyssgard\n|c|\u2606mightybarb|ngl I started building 15 mins ago\n|\n|t:|1700684417\n|move|p2a: Annihilape|Rage Fist|p1a: Garchomp\n|-damage|p1a: Garchomp|0 fnt\n|-damage|p2a: Annihilape|46\/100|[from] ability: Rough Skin|[of] p1a: Garchomp\n|-damage|p2a: Annihilape|30\/100|[from] item: Rocky Helmet|[of] p1a: Garchomp\n|faint|p1a: Garchomp\n|\n|win|mightybarb\n|c|\u2606mightybarb|ggs tho\n","uploadtime":1700684425,"views":8,"p1id":"razorgliscor472","p2id":"mightybarb","formatid":"gen9ubers","rating":0,"private":0,"password":""}