{"id":"radicalred-gen9ubers-539295","p1":"AugSaas","p2":"GNlinde","format":"[Gen 9] Ubers","log":"|j|\u2606AugSaas\n|j|\u2606GNlinde\n|t:|1698593258\n|gametype|singles\n|player|p1|AugSaas|rr-victini|\n|player|p2|GNlinde|1|\n|teamsize|p1|6\n|teamsize|p2|6\n|gen|9\n|tier|[Gen 9] Ubers\n|rule|Sleep Clause Mod: Limit one foe put to sleep\n|rule|Species Clause: Limit one of each Pok\u00e9mon\n|rule|OHKO Clause: OHKO moves are banned\n|rule|Evasion Abilities Clause: Evasion abilities are banned\n|rule|Evasion Items Clause: Evasion items are banned\n|rule|Evasion Moves Clause: Evasion moves are banned\n|rule|Endless Battle Clause: Forcing endless battles is banned\n|rule|HP Percentage Mod: HP is shown in percentages\n|rule|Dynamax Clause: You cannot dynamax\n|rule|Mega Rayquaza Clause: You cannot mega evolve Rayquaza\n|clearpoke\n|poke|p1|Centiskorch-Sevii, M|\n|poke|p1|Milotic-Sevii, F|\n|poke|p1|Koraidon|\n|poke|p1|Ursaring-Sevii, F|\n|poke|p1|Carnivine-Sevii, F|\n|poke|p1|Noivern-Sevii, F|\n|poke|p2|Enamorus, F|\n|poke|p2|Ursaluna, F|\n|poke|p2|Sneasler, M|\n|poke|p2|Goodra-Hisui, M|\n|poke|p2|Samurott-Hisui, M|\n|poke|p2|Electrode-Hisui|\n|teampreview\n|inactive|Battle timer is ON: inactive players will automatically lose when time's up. (requested by AugSaas)\n|\n|t:|1698593275\n|start\n|switch|p1a: Milotic|Milotic-Sevii, F|100\/100\n|switch|p2a: Electrode|Electrode-Hisui|100\/100\n|turn|1\n|j| santosmaconha\n|\n|t:|1698593284\n|switch|p1a: Koraidon|Koraidon|100\/100\n|-weather|SunnyDay|[from] ability: Orichalcum Pulse|[of] p1a: Koraidon\n|-activate|p1a: Koraidon|Orichalcum Pulse|[source]\n|move|p2a: Electrode|Volt Switch|p1a: Koraidon\n|-resisted|p1a: Koraidon\n|-damage|p1a: Koraidon|81\/100\n|-damage|p2a: Electrode|91\/100|[from] item: Life Orb\n|\n|t:|1698593295\n|switch|p2a: Ursaluna|Ursaluna, F|100\/100|[from] Volt Switch\n|\n|-weather|SunnyDay|[upkeep]\n|-status|p2a: Ursaluna|brn|[from] item: Flame Orb\n|upkeep\n|turn|2\n|\n|t:|1698593303\n|move|p1a: Koraidon|Collision Course|p2a: Ursaluna\n|-supereffective|p2a: Ursaluna\n|-damage|p2a: Ursaluna|0 fnt\n|faint|p2a: Ursaluna\n|\n|-weather|SunnyDay|[upkeep]\n|upkeep\n|c|\u2606AugSaas|boa\n|\n|t:|1698593310\n|switch|p2a: Samurott|Samurott-Hisui, M|100\/100\n|turn|3\n|c| santosmaconha|majora manda a luta mas nao deixa spec on\n|\n|t:|1698593319\n|move|p2a: Samurott|Aqua Jet|p1a: Koraidon\n|-resisted|p1a: Koraidon\n|-crit|p1a: Koraidon\n|-damage|p1a: Koraidon|73\/100\n|-damage|p2a: Samurott|91\/100|[from] item: Life Orb\n|move|p1a: Koraidon|Collision Course|p2a: Samurott\n|-supereffective|p2a: Samurott\n|-damage|p2a: Samurott|0 fnt\n|faint|p2a: Samurott\n|\n|-weather|SunnyDay|[upkeep]\n|upkeep\n|\n|t:|1698593326\n|switch|p2a: Enamorus|Enamorus, F|100\/100\n|turn|4\n|\n|t:|1698593329\n|switch|p1a: Carnivine|Carnivine-Sevii, F|100\/100\n|move|p2a: Enamorus|Fleur Cannon|p1a: Carnivine\n|-resisted|p1a: Carnivine\n|-damage|p1a: Carnivine|81\/100\n|-boost|p2a: Enamorus|spa|2\n|\n|-weather|SunnyDay|[upkeep]\n|-heal|p1a: Carnivine|87\/100|[from] item: Black Sludge\n|upkeep\n|turn|5\n|c| santosmaconha|ele \u00e9 fight e dragon gn\n|c|\u2606GNlinde|eu pensei que ele era fire\n|c|\u2606GNlinde|tmnc\n|c|\u2606GNlinde|KKKKKKKKKK\n|c| santosmaconha|clica no poke loco\n|c|\u2606AugSaas|KKKKKKKKKKKKKK\n|c| santosmaconha|KKKKKKKKKKKKKKKKKKKKK\n|\n|t:|1698593348\n|switch|p2a: Sneasler|Sneasler, M|100\/100\n|move|p1a: Carnivine|Snap Trap|p2a: Sneasler\n|-damage|p2a: Sneasler|46\/100\n|-activate|p2a: Sneasler|move: Snap Trap|[of] p1a: Carnivine\n|\n|-weather|none\n|-heal|p1a: Carnivine|93\/100|[from] item: Black Sludge\n|-damage|p2a: Sneasler|34\/100|[from] move: Snap Trap|[partiallytrapped]\n|upkeep\n|turn|6\n|l|\u2606GNlinde\n|inactive|GNlinde disconnected and has 300 seconds to reconnect!\n|player|p2|\n|\n|t:|1698593360\n|move|p1a: Carnivine|Protect|p1a: Carnivine\n|-singleturn|p1a: Carnivine|Protect\n|move|p2a: Sneasler|Fake Out|p1a: Carnivine\n|-activate|p1a: Carnivine|move: Protect\n|\n|-heal|p1a: Carnivine|99\/100|[from] item: Black Sludge\n|-damage|p2a: Sneasler|21\/100|[from] move: Snap Trap|[partiallytrapped]\n|upkeep\n|turn|7\n|j|\u2606GNlinde\n|inactive|GNlinde reconnected and has 300 seconds left.\n|player|p2|GNlinde|1\n|c|\u2606AugSaas|quitou\n|c|\u2606AugSaas|voltou\n|c| santosmaconha|doeu pouco esse snap trap\n|\n|t:|1698593390\n|move|p2a: Sneasler|Close Combat|p1a: Carnivine\n|-damage|p1a: Carnivine|59\/100\n|-unboost|p2a: Sneasler|def|1\n|-unboost|p2a: Sneasler|spd|1\n|move|p1a: Carnivine|Synthesis|p1a: Carnivine\n|-heal|p1a: Carnivine|100\/100\n|\n|-damage|p2a: Sneasler|9\/100|[from] move: Snap Trap|[partiallytrapped]\n|upkeep\n|turn|8\n|\n|t:|1698593397\n|move|p2a: Sneasler|Close Combat|p1a: Carnivine\n|-damage|p1a: Carnivine|56\/100\n|-unboost|p2a: Sneasler|def|1\n|-unboost|p2a: Sneasler|spd|1\n|move|p1a: Carnivine|Synthesis|p1a: Carnivine\n|-heal|p1a: Carnivine|100\/100\n|\n|-damage|p2a: Sneasler|0 fnt|[from] move: Snap Trap|[partiallytrapped]\n|faint|p2a: Sneasler\n|upkeep\n|\n|t:|1698593405\n|switch|p2a: Goodra|Goodra-Hisui, M|100\/100\n|turn|9\n|\n|t:|1698593411\n|switch|p1a: Milotic|Milotic-Sevii, F|100\/100\n|move|p2a: Goodra|Flamethrower|p1a: Milotic\n|-damage|p1a: Milotic|85\/100\n|\n|-heal|p1a: Milotic|91\/100|[from] item: Leftovers\n|upkeep\n|turn|10\n|\n|t:|1698593417\n|move|p1a: Milotic|Moonblast|p2a: Goodra\n|-damage|p2a: Goodra|79\/100\n|-unboost|p2a: Goodra|spa|1\n|move|p2a: Goodra|Heavy Slam|p1a: Milotic\n|-supereffective|p1a: Milotic\n|-damage|p1a: Milotic|51\/100\n|\n|-heal|p1a: Milotic|57\/100|[from] item: Leftovers\n|upkeep\n|turn|11\n|\n|t:|1698593419\n|move|p1a: Milotic|Scorching Sands|p2a: Goodra\n|-supereffective|p2a: Goodra\n|-damage|p2a: Goodra|46\/100\n|move|p2a: Goodra|Heavy Slam|p1a: Milotic\n|-supereffective|p1a: Milotic\n|-damage|p1a: Milotic|19\/100\n|\n|-heal|p1a: Milotic|25\/100|[from] item: Leftovers\n|upkeep\n|turn|12\n|\n|t:|1698593422\n|move|p1a: Milotic|Shore Up|p1a: Milotic\n|-heal|p1a: Milotic|75\/100\n|move|p2a: Goodra|Heavy Slam|p1a: Milotic\n|-supereffective|p1a: Milotic\n|-damage|p1a: Milotic|34\/100\n|\n|-heal|p1a: Milotic|40\/100|[from] item: Leftovers\n|upkeep\n|turn|13\n|\n|t:|1698593424\n|move|p1a: Milotic|Shore Up|p1a: Milotic\n|-heal|p1a: Milotic|90\/100\n|move|p2a: Goodra|Heavy Slam|p1a: Milotic\n|-supereffective|p1a: Milotic\n|-damage|p1a: Milotic|49\/100\n|\n|-heal|p1a: Milotic|55\/100|[from] item: Leftovers\n|upkeep\n|turn|14\n|\n|t:|1698593430\n|switch|p2a: Electrode|Electrode-Hisui|91\/100\n|move|p1a: Milotic|Scorching Sands|p2a: Electrode\n|-damage|p2a: Electrode|40\/100\n|\n|-heal|p1a: Milotic|61\/100|[from] item: Leftovers\n|upkeep\n|turn|15\n|\n|t:|1698593437\n|move|p2a: Electrode|Chloroblast|p1a: Milotic\n|-supereffective|p1a: Milotic\n|-damage|p1a: Milotic|0 fnt\n|faint|p1a: Milotic\n|-damage|p2a: Electrode|0 fnt|[from] Recoil\n|faint|p2a: Electrode\n|\n|upkeep\n|\n|t:|1698593456\n|switch|p2a: Goodra|Goodra-Hisui, M|46\/100\n|switch|p1a: Centiskorch|Centiskorch-Sevii, M|100\/100\n|turn|16\n|\n|t:|1698593462\n|detailschange|p1a: Centiskorch|Centiskorch-Sevii-Mega, M\n|-mega|p1a: Centiskorch|Centiskorch|Centiskite Sevii\n|move|p1a: Centiskorch|Earthquake|p2a: Goodra\n|-supereffective|p2a: Goodra\n|-damage|p2a: Goodra|0 fnt\n|faint|p2a: Goodra\n|\n|upkeep\n|\n|t:|1698593466\n|switch|p2a: Enamorus|Enamorus, F|100\/100\n|turn|17\n|\n|t:|1698593470\n|move|p1a: Centiskorch|Stone Edge|p2a: Enamorus\n|-supereffective|p2a: Enamorus\n|-damage|p2a: Enamorus|0 fnt\n|faint|p2a: Enamorus\n|\n|win|AugSaas\n|l|\u2606GNlinde\n","uploadtime":1698593476,"views":11,"p1id":"augsaas","p2id":"gnlinde","formatid":"gen9ubers","rating":0,"private":0,"password":""}