{"id":"radicalred-gen9ubers-548757","p1":"Lord Jeff911","p2":"Th3Fri3dChick3n","format":"[Gen 9] Ubers","log":"|j|\u2606Lord Jeff911\n|j|\u2606Th3Fri3dChick3n\n|t:|1700433284\n|gametype|singles\n|player|p1|Lord Jeff911|102|\n|player|p2|Th3Fri3dChick3n|102|\n|teamsize|p1|6\n|teamsize|p2|6\n|gen|9\n|tier|[Gen 9] Ubers\n|rule|Sleep Clause Mod: Limit one foe put to sleep\n|rule|Species Clause: Limit one of each Pok\u00e9mon\n|rule|OHKO Clause: OHKO moves are banned\n|rule|Evasion Abilities Clause: Evasion abilities are banned\n|rule|Evasion Items Clause: Evasion items are banned\n|rule|Evasion Moves Clause: Evasion moves are banned\n|rule|Endless Battle Clause: Forcing endless battles is banned\n|rule|HP Percentage Mod: HP is shown in percentages\n|rule|Dynamax Clause: You cannot dynamax\n|rule|Mega Rayquaza Clause: You cannot mega evolve Rayquaza\n|clearpoke\n|poke|p1|Sneasler, F|\n|poke|p1|Palafin, M|\n|poke|p1|Darmanitan-Galar, M|\n|poke|p1|Corsola, F|\n|poke|p1|Shuckle, M|\n|poke|p1|Tapu Koko|\n|poke|p2|Terrakion|\n|poke|p2|Sandaconda, F|\n|poke|p2|Magearna|\n|poke|p2|Rotom-Heat|\n|poke|p2|Samurott-Hisui, F|\n|poke|p2|Shedinja|\n|teampreview\n|c|\u2606Th3Fri3dChick3n|glhf\n|c|\u2606Lord Jeff911|Gl hf\n|c|\u2606Lord Jeff911|I playing 2 matches at once\n|c|\u2606Lord Jeff911|Bare with me\n|c|\u2606Th3Fri3dChick3n|lmao\n|c|\u2606Th3Fri3dChick3n|where else\n|c|\u2606Lord Jeff911|A poketuber league\n|c|\u2606Th3Fri3dChick3n|cringe\n|\n|t:|1700433414\n|start\n|switch|p1a: Sneasler|Sneasler, F|100\/100\n|switch|p2a: Sandaconda|Sandaconda, F|100\/100\n|turn|1\n|c|\u2606Lord Jeff911|Nou\n|\n|t:|1700433441\n|detailschange|p2a: Sandaconda|Sandaconda-Mega, F\n|-mega|p2a: Sandaconda|Sandaconda|Sandacondite\n|move|p1a: Sneasler|U-turn|p2a: Sandaconda\n|-resisted|p2a: Sandaconda\n|-damage|p2a: Sandaconda|93\/100\n|\n|t:|1700433486\n|switch|p1a: Shuckle|Shuckle, M|100\/100|[from] U-turn\n|move|p2a: Sandaconda|Earthquake|p1a: Shuckle\n|-damage|p1a: Shuckle|63\/100\n|\n|-heal|p1a: Shuckle|69\/100|[from] item: Leftovers\n|upkeep\n|turn|2\n|\n|t:|1700433496\n|switch|p2a: Magearna|Magearna|100\/100\n|move|p1a: Shuckle|Sticky Web|p2a: Magearna\n|-sidestart|p2: Th3Fri3dChick3n|move: Sticky Web\n|\n|-heal|p1a: Shuckle|75\/100|[from] item: Leftovers\n|upkeep\n|turn|3\n|\n|t:|1700433536\n|move|p2a: Magearna|Volt Switch|p1a: Shuckle\n|-damage|p1a: Shuckle|64\/100\n|c|\u2606Lord Jeff911|Toxic read \n|c|\u2606Lord Jeff911|Thx\n|\n|t:|1700433551\n|switch|p2a: Rotom|Rotom-Heat|100\/100|[from] Volt Switch\n|move|p1a: Shuckle|Encore||[still]\n|-fail|p1a: Shuckle\n|\n|-heal|p1a: Shuckle|71\/100|[from] item: Leftovers\n|upkeep\n|turn|4\n|\n|t:|1700433564\n|move|p2a: Rotom|Defog|p1a: Shuckle\n|-boost|p1a: Shuckle|evasion|1\n|-sideend|p2: Th3Fri3dChick3n|Sticky Web|[from] move: Defog|[of] p2a: Rotom\n|move|p1a: Shuckle|Toxic|p2a: Rotom\n|-status|p2a: Rotom|tox\n|\n|-heal|p1a: Shuckle|77\/100|[from] item: Leftovers\n|-damage|p2a: Rotom|95\/100 tox|[from] psn\n|upkeep\n|turn|5\n|\n|t:|1700433578\n|move|p2a: Rotom|Volt Switch|p1a: Shuckle|[miss]\n|-miss|p2a: Rotom|p1a: Shuckle\n|move|p1a: Shuckle|Sticky Web|p2a: Rotom\n|-sidestart|p2: Th3Fri3dChick3n|move: Sticky Web\n|\n|-heal|p1a: Shuckle|83\/100|[from] item: Leftovers\n|-damage|p2a: Rotom|83\/100 tox|[from] psn\n|upkeep\n|turn|6\n|c|\u2606Lord Jeff911|LMAO\n|c|\u2606Th3Fri3dChick3n|man wtf\n|\n|t:|1700433602\n|switch|p2a: Magearna|Magearna|100\/100\n|-activate|p2a: Magearna|move: Sticky Web\n|-unboost|p2a: Magearna|spe|1\n|move|p1a: Shuckle|Gyro Ball|p2a: Magearna\n|-damage|p2a: Magearna|95\/100\n|\n|-heal|p2a: Magearna|100\/100|[from] item: Leftovers\n|-heal|p1a: Shuckle|89\/100|[from] item: Leftovers\n|upkeep\n|turn|7\n|\n|t:|1700433640\n|move|p2a: Magearna|Calm Mind|p2a: Magearna\n|-boost|p2a: Magearna|spa|1\n|-boost|p2a: Magearna|spd|1\n|move|p1a: Shuckle|Gyro Ball|p2a: Magearna\n|-damage|p2a: Magearna|95\/100\n|\n|-heal|p2a: Magearna|100\/100|[from] item: Leftovers\n|-heal|p1a: Shuckle|95\/100|[from] item: Leftovers\n|upkeep\n|turn|8\n|c|\u2606Lord Jeff911|Okay nerd\n|\n|t:|1700433660\n|move|p2a: Magearna|Calm Mind|p2a: Magearna\n|-boost|p2a: Magearna|spa|1\n|-boost|p2a: Magearna|spd|1\n|move|p1a: Shuckle|Encore|p2a: Magearna\n|-start|p2a: Magearna|Encore\n|\n|-heal|p1a: Shuckle|100\/100|[from] item: Leftovers\n|upkeep\n|turn|9\n|\n|t:|1700433670\n|switch|p1a: Darmanitan|Darmanitan-Galar, M|100\/100\n|-activate|p1a: Darmanitan|ability: Zen Mode\n|detailschange|p1a: Darmanitan|Darmanitan-Galar-Zen, M\n|move|p2a: Magearna|Calm Mind|p2a: Magearna\n|-boost|p2a: Magearna|spa|1\n|-boost|p2a: Magearna|spd|1\n|\n|upkeep\n|turn|10\n|\n|t:|1700433691\n|switch|p2a: Rotom|Rotom-Heat|83\/100 tox\n|move|p1a: Darmanitan|Substitute|p1a: Darmanitan\n|-start|p1a: Darmanitan|Substitute\n|-damage|p1a: Darmanitan|75\/100\n|\n|-damage|p2a: Rotom|77\/100 tox|[from] psn\n|upkeep\n|turn|11\n|\n|t:|1700433707\n|move|p1a: Darmanitan|Belly Drum|p1a: Darmanitan\n|-damage|p1a: Darmanitan|25\/100\n|-setboost|p1a: Darmanitan|atk|6|[from] move: Belly Drum\n|-enditem|p1a: Darmanitan|Salac Berry|[eat]\n|-boost|p1a: Darmanitan|spe|1|[from] item: Salac Berry\n|move|p2a: Rotom|Volt Switch|p1a: Darmanitan\n|-end|p1a: Darmanitan|Substitute\n|\n|t:|1700433716\n|switch|p2a: Sandaconda|Sandaconda-Mega, F|93\/100|[from] Volt Switch\n|\n|upkeep\n|turn|12\n|\n|t:|1700433727\n|move|p2a: Sandaconda|Quick Attack|p1a: Darmanitan\n|-damage|p1a: Darmanitan|0 fnt\n|faint|p1a: Darmanitan\n|\n|upkeep\n|\n|t:|1700433731\n|switch|p1a: Palafin|Palafin, M|100\/100\n|turn|13\n|\n|t:|1700433751\n|move|p1a: Palafin|Flip Turn|p2a: Sandaconda\n|-supereffective|p2a: Sandaconda\n|-damage|p2a: Sandaconda|51\/100\n|\n|t:|1700433787\n|detailschange|p1a: Palafin|Palafin-Hero, M\n|switch|p1a: Shuckle|Shuckle, M|100\/100|[from] Flip Turn\n|move|p2a: Sandaconda|Earthquake|p1a: Shuckle\n|-damage|p1a: Shuckle|57\/100\n|\n|-heal|p1a: Shuckle|63\/100|[from] item: Leftovers\n|upkeep\n|turn|14\n|\n|t:|1700433794\n|switch|p1a: Corsola|Corsola, F|100\/100\n|move|p2a: Sandaconda|Stone Edge|p1a: Corsola\n|-crit|p1a: Corsola\n|-damage|p1a: Corsola|43\/100\n|\n|upkeep\n|turn|15\n|\n|t:|1700433801\n|switch|p1a: Shuckle|Shuckle, M|63\/100\n|move|p2a: Sandaconda|Earthquake|p1a: Shuckle\n|-crit|p1a: Shuckle\n|-damage|p1a: Shuckle|1\/100\n|\n|-heal|p1a: Shuckle|7\/100|[from] item: Leftovers\n|upkeep\n|turn|16\n|c|\u2606Lord Jeff911|Stop hitting crits\n|\n|t:|1700433815\n|move|p2a: Sandaconda|Earthquake|p1a: Shuckle\n|-damage|p1a: Shuckle|0 fnt\n|faint|p1a: Shuckle\n|\n|upkeep\n|c|\u2606Th3Fri3dChick3n|no u\n|\n|t:|1700433845\n|switch|p1a: Palafin|Palafin-Hero, M|100\/100\n|-activate|p1a: Palafin|ability: Zero to Hero\n|turn|17\n|\n|t:|1700433851\n|switch|p2a: Magearna|Magearna|100\/100\n|-activate|p2a: Magearna|move: Sticky Web\n|-unboost|p2a: Magearna|spe|1\n|move|p1a: Palafin|Flip Turn|p2a: Magearna\n|-damage|p2a: Magearna|64\/100\n|\n|t:|1700433857\n|switch|p1a: Corsola|Corsola, F|76\/100|[from] Flip Turn\n|\n|-heal|p2a: Magearna|70\/100|[from] item: Leftovers\n|upkeep\n|turn|18\n|\n|t:|1700433862\n|move|p1a: Corsola|Light Screen|p1a: Corsola\n|-sidestart|p1: Lord Jeff911|move: Light Screen\n|move|p2a: Magearna|Volt Switch|p1a: Corsola\n|-supereffective|p1a: Corsola\n|-damage|p1a: Corsola|61\/100\n|\n|t:|1700433868\n|switch|p2a: Rotom|Rotom-Heat|77\/100 tox|[from] Volt Switch\n|\n|-damage|p2a: Rotom|71\/100 tox|[from] psn\n|upkeep\n|turn|19\n|\n|t:|1700433917\n|switch|p1a: Palafin|Palafin-Hero, M|100\/100\n|move|p2a: Rotom|Defog|p1a: Palafin\n|-unboost|p1a: Palafin|evasion|1\n|-sideend|p1: Lord Jeff911|move: Light Screen\n|-sideend|p2: Th3Fri3dChick3n|Sticky Web|[from] move: Defog|[of] p2a: Rotom\n|\n|-damage|p2a: Rotom|59\/100 tox|[from] psn\n|upkeep\n|turn|20\n|\n|t:|1700433938\n|switch|p2a: Shedinja|Shedinja|100\/100\n|move|p1a: Palafin|Flip Turn|p2a: Shedinja\n|-immune|p2a: Shedinja|[from] ability: Wonder Guard\n|\n|upkeep\n|turn|21\n|j| articwulve\n|l| articwulve\n|\n|t:|1700434036\n|switch|p1a: Corsola|Corsola, F|95\/100\n|move|p2a: Shedinja|Shadow Claw|p1a: Corsola\n|-damage|p1a: Corsola|59\/100\n|-damage|p2a: Shedinja|0 fnt|[from] item: Rocky Helmet|[of] p1a: Corsola\n|faint|p2a: Shedinja\n|\n|upkeep\n|c|\u2606Lord Jeff911|BAHAHAHA\n|c|\u2606Lord Jeff911|I low-key forgot I was here\n|c|\u2606Th3Fri3dChick3n|kms\n|\n|t:|1700434077\n|switch|p2a: Samurott|Samurott-Hisui, F|100\/100\n|turn|22\n|c|\u2606Th3Fri3dChick3n|brb \n|c|\u2606Th3Fri3dChick3n|back\n|\n|t:|1700434357\n|move|p2a: Samurott|Shell Smash|p2a: Samurott\n|-unboost|p2a: Samurott|def|1\n|-unboost|p2a: Samurott|spd|1\n|-boost|p2a: Samurott|atk|2\n|-boost|p2a: Samurott|spa|2\n|-boost|p2a: Samurott|spe|2\n|-enditem|p2a: Samurott|White Herb\n|-clearnegativeboost|p2a: Samurott|[silent]\n|move|p1a: Corsola|Toxic|p2a: Samurott\n|-status|p2a: Samurott|tox\n|\n|-damage|p2a: Samurott|94\/100 tox|[from] psn\n|upkeep\n|turn|23\n|c|\u2606Lord Jeff911|I won my other game\n|c|\u2606Lord Jeff911|\ud83e\udd2b\n|\n|t:|1700434374\n|move|p2a: Samurott|Ceaseless Edge|p1a: Corsola\n|-damage|p1a: Corsola|0 fnt\n|-damage|p2a: Samurott|78\/100 tox|[from] item: Rocky Helmet|[of] p1a: Corsola\n|-sidestart|p1: Lord Jeff911|Spikes\n|faint|p1a: Corsola\n|\n|-damage|p2a: Samurott|66\/100 tox|[from] psn\n|upkeep\n|\n|t:|1700434390\n|switch|p1a: Tapu Koko|Tapu Koko|100\/100\n|-damage|p1a: Tapu Koko|88\/100|[from] Spikes\n|-fieldstart|move: Electric Terrain|[from] ability: Electric Surge|[of] p1a: Tapu Koko\n|turn|24\n|\n|t:|1700434397\n|move|p2a: Samurott|Razor Shell|p1a: Tapu Koko\n|-damage|p1a: Tapu Koko|0 fnt\n|faint|p1a: Tapu Koko\n|\n|-damage|p2a: Samurott|48\/100 tox|[from] psn\n|upkeep\n|\n|t:|1700434399\n|switch|p1a: Palafin|Palafin-Hero, M|100\/100\n|-damage|p1a: Palafin|88\/100|[from] Spikes\n|turn|25\n|\n|t:|1700434404\n|move|p1a: Palafin|Jet Punch|p2a: Samurott\n|-resisted|p2a: Samurott\n|-crit|p2a: Samurott\n|-damage|p2a: Samurott|0 fnt\n|faint|p2a: Samurott\n|\n|upkeep\n|c|\u2606Lord Jeff911|Ez crit\n|\n|t:|1700434426\n|switch|p2a: Magearna|Magearna|70\/100\n|turn|26\n|\n|t:|1700434432\n|move|p1a: Palafin|Jet Punch|p2a: Magearna\n|-damage|p2a: Magearna|32\/100\n|move|p2a: Magearna|Volt Switch|p1a: Palafin\n|-supereffective|p1a: Palafin\n|-damage|p1a: Palafin|25\/100\n|c|\u2606Lord Jeff911|I think\n|c|\u2606Lord Jeff911|U threw with that\n|c|\u2606Lord Jeff911|I clean here?\n|c|\u2606Lord Jeff911|I'm banded fin\n|j| articwulve\n|l| articwulve\n|\n|t:|1700434528\n|switch|p2a: Sandaconda|Sandaconda-Mega, F|51\/100|[from] Volt Switch\n|\n|upkeep\n|turn|27\n|\n|t:|1700434532\n|move|p1a: Palafin|Jet Punch|p2a: Sandaconda\n|-supereffective|p2a: Sandaconda\n|-damage|p2a: Sandaconda|0 fnt\n|faint|p2a: Sandaconda\n|\n|upkeep\n|\n|t:|1700434540\n|switch|p2a: Magearna|Magearna|32\/100\n|turn|28\n|\n|t:|1700434546\n|move|p1a: Palafin|Jet Punch|p2a: Magearna\n|-damage|p2a: Magearna|0 fnt\n|faint|p2a: Magearna\n|\n|-fieldend|move: Electric Terrain\n|upkeep\n|c|\u2606Th3Fri3dChick3n|i was never killing palafin with mag\n|\n|t:|1700434564\n|switch|p2a: Rotom|Rotom-Heat|59\/100 tox\n|turn|29\n|\n|t:|1700434569\n|move|p1a: Palafin|Jet Punch|p2a: Rotom\n|-supereffective|p2a: Rotom\n|-damage|p2a: Rotom|0 fnt\n|faint|p2a: Rotom\n|\n|upkeep\n|\n|t:|1700434572\n|switch|p2a: Terrakion|Terrakion|100\/100\n|turn|30\n|c|\u2606Lord Jeff911|Fleur cannon prob kills\n|c|\u2606Th3Fri3dChick3n|nah\n|\n|t:|1700434590\n|move|p1a: Palafin|Jet Punch|p2a: Terrakion\n|-supereffective|p2a: Terrakion\n|-damage|p2a: Terrakion|0 fnt\n|faint|p2a: Terrakion\n|\n|win|Lord Jeff911\n|c|\u2606Lord Jeff911|Ggs unlucky crit\n|l|\u2606Th3Fri3dChick3n\n","uploadtime":1700434606,"views":34,"p1id":"lordjeff911","p2id":"th3fri3dchick3n","formatid":"gen9ubers","rating":0,"private":0,"password":""}