{"id":"radicalred-gen9ubers-547084","p1":"oscar3ro","p2":"DarkEdge_79","format":"[Gen 9] Ubers","log":"|j|\u2606oscar3ro\n|j|\u2606DarkEdge_79\n|t:|1700083429\n|gametype|singles\n|player|p1|oscar3ro|rr-cinderace|\n|player|p2|DarkEdge_79|rr-scizormega|\n|teamsize|p1|6\n|teamsize|p2|6\n|gen|9\n|tier|[Gen 9] Ubers\n|rule|Sleep Clause Mod: Limit one foe put to sleep\n|rule|Species Clause: Limit one of each Pok\u00e9mon\n|rule|OHKO Clause: OHKO moves are banned\n|rule|Evasion Abilities Clause: Evasion abilities are banned\n|rule|Evasion Items Clause: Evasion items are banned\n|rule|Evasion Moves Clause: Evasion moves are banned\n|rule|Endless Battle Clause: Forcing endless battles is banned\n|rule|HP Percentage Mod: HP is shown in percentages\n|rule|Dynamax Clause: You cannot dynamax\n|rule|Mega Rayquaza Clause: You cannot mega evolve Rayquaza\n|clearpoke\n|poke|p1|Dodrio-Sevii, M|\n|poke|p1|Ribombee, M|\n|poke|p1|Kingambit, M|\n|poke|p1|Shedinja|\n|poke|p1|Houndoom, M|\n|poke|p1|Starmie|\n|poke|p2|Glaceon, F|\n|poke|p2|Beartic, F|\n|poke|p2|Walrein, F|\n|poke|p2|Ceruledge, F|\n|poke|p2|Typhlosion, F|\n|poke|p2|Blaziken, M|\n|teampreview\n|\n|t:|1700083453\n|start\n|switch|p1a: Ribombee|Ribombee, M|100\/100\n|switch|p2a: Eevee de invierno|Glaceon, F|100\/100\n|turn|1\n|\n|t:|1700083457\n|move|p1a: Ribombee|Sticky Web|p2a: Eevee de invierno\n|-sidestart|p2: DarkEdge_79|move: Sticky Web\n|move|p2a: Eevee de invierno|Snowscape|p2a: Eevee de invierno\n|-weather|Snow\n|\n|-weather|Snow|[upkeep]\n|upkeep\n|turn|2\n|\n|t:|1700083462\n|move|p2a: Eevee de invierno|Calm Mind|p2a: Eevee de invierno\n|-boost|p2a: Eevee de invierno|spa|1\n|-boost|p2a: Eevee de invierno|spd|1\n|move|p1a: Ribombee|Moonblast|p2a: Eevee de invierno\n|-damage|p2a: Eevee de invierno|75\/100\n|\n|-weather|Snow|[upkeep]\n|upkeep\n|turn|3\n|\n|t:|1700083481\n|move|p2a: Eevee de invierno|Calm Mind|p2a: Eevee de invierno\n|-boost|p2a: Eevee de invierno|spa|1\n|-boost|p2a: Eevee de invierno|spd|1\n|move|p1a: Ribombee|Moonblast|p2a: Eevee de invierno\n|-damage|p2a: Eevee de invierno|57\/100\n|\n|-weather|Snow|[upkeep]\n|upkeep\n|turn|4\n|\n|t:|1700083489\n|move|p2a: Eevee de invierno|Blizzard|p1a: Ribombee\n|-enditem|p1a: Ribombee|Focus Sash\n|-damage|p1a: Ribombee|1\/100\n|move|p1a: Ribombee|Moonblast|p2a: Eevee de invierno\n|-damage|p2a: Eevee de invierno|37\/100\n|\n|-weather|Snow|[upkeep]\n|upkeep\n|turn|5\n|\n|t:|1700083501\n|move|p2a: Eevee de invierno|Earth Power|p1a: Ribombee\n|-resisted|p1a: Ribombee\n|-damage|p1a: Ribombee|0 fnt\n|faint|p1a: Ribombee\n|\n|-weather|Snow|[upkeep]\n|upkeep\n|\n|t:|1700083513\n|switch|p1a: Dodrio|Dodrio-Sevii, M|100\/100\n|turn|6\n|\n|t:|1700083522\n|move|p2a: Eevee de invierno|Earth Power|p1a: Dodrio\n|-supereffective|p1a: Dodrio\n|-damage|p1a: Dodrio|0 fnt\n|faint|p1a: Dodrio\n|\n|-weather|Snow|[upkeep]\n|upkeep\n|\n|t:|1700083527\n|switch|p1a: Shedinja|Shedinja|100\/100\n|turn|7\n|\n|t:|1700083535\n|move|p2a: Eevee de invierno|Blizzard|p1a: Shedinja\n|-immune|p1a: Shedinja|[from] ability: Wonder Guard\n|move|p1a: Shedinja|Poltergeist|p2a: Eevee de invierno\n|-activate|p2a: Eevee de invierno|move: Poltergeist|Icy Rock\n|-damage|p2a: Eevee de invierno|2\/100\n|\n|-weather|Snow|[upkeep]\n|upkeep\n|turn|8\n|\n|t:|1700083548\n|move|p2a: Eevee de invierno|Calm Mind|p2a: Eevee de invierno\n|-boost|p2a: Eevee de invierno|spa|1\n|-boost|p2a: Eevee de invierno|spd|1\n|move|p1a: Shedinja|Swords Dance|p1a: Shedinja\n|-boost|p1a: Shedinja|atk|2\n|\n|-weather|none\n|upkeep\n|turn|9\n|\n|t:|1700083554\n|move|p2a: Eevee de invierno|Snowscape|p2a: Eevee de invierno\n|-weather|Snow\n|move|p1a: Shedinja|Swords Dance|p1a: Shedinja\n|-boost|p1a: Shedinja|atk|2\n|\n|-weather|Snow|[upkeep]\n|upkeep\n|turn|10\n|\n|t:|1700083558\n|move|p2a: Eevee de invierno|Snowscape||[still]\n|-fail|p2a: Eevee de invierno\n|move|p1a: Shedinja|Swords Dance|p1a: Shedinja\n|-boost|p1a: Shedinja|atk|2\n|\n|-weather|Snow|[upkeep]\n|upkeep\n|turn|11\n|\n|t:|1700083564\n|move|p1a: Shedinja|Shadow Sneak|p2a: Eevee de invierno\n|-damage|p2a: Eevee de invierno|0 fnt\n|faint|p2a: Eevee de invierno\n|\n|-weather|Snow|[upkeep]\n|upkeep\n|\n|t:|1700083576\n|switch|p2a: Paco|Typhlosion, F|100\/100\n|-activate|p2a: Paco|move: Sticky Web\n|-unboost|p2a: Paco|spe|1\n|turn|12\n|\n|t:|1700083609\n|move|p2a: Paco|Eruption|p1a: Shedinja\n|-supereffective|p1a: Shedinja\n|-enditem|p1a: Shedinja|Focus Sash\n|-damage|p1a: Shedinja|100\/100\n|move|p1a: Shedinja|Shadow Sneak|p2a: Paco\n|-damage|p2a: Paco|0 fnt\n|faint|p2a: Paco\n|\n|-weather|Snow|[upkeep]\n|upkeep\n|\n|t:|1700083638\n|switch|p2a: Alita de pollo|Blaziken, M|100\/100\n|-activate|p2a: Alita de pollo|move: Sticky Web\n|-unboost|p2a: Alita de pollo|spe|1\n|turn|13\n|c|\u2606oscar3ro|Dafak\n|\n|t:|1700083645\n|detailschange|p2a: Alita de pollo|Blaziken-Mega, M\n|-mega|p2a: Alita de pollo|Blaziken|Blazikenite\n|move|p1a: Shedinja|Shadow Sneak|p2a: Alita de pollo\n|-damage|p2a: Alita de pollo|13\/100\n|move|p2a: Alita de pollo|Blaze Kick|p1a: Shedinja\n|-supereffective|p1a: Shedinja\n|-damage|p1a: Shedinja|0 fnt\n|faint|p1a: Shedinja\n|\n|-weather|Snow|[upkeep]\n|-ability|p2a: Alita de pollo|Speed Boost|boost\n|-boost|p2a: Alita de pollo|spe|1\n|upkeep\n|\n|t:|1700083655\n|switch|p1a: Starmie|Starmie|100\/100\n|turn|14\n|\n|t:|1700083661\n|move|p1a: Starmie|Surf|p2a: Alita de pollo\n|-supereffective|p2a: Alita de pollo\n|-damage|p2a: Alita de pollo|0 fnt\n|faint|p2a: Alita de pollo\n|\n|-weather|Snow|[upkeep]\n|upkeep\n|\n|t:|1700083665\n|switch|p2a: Polar|Beartic, F|100\/100\n|-activate|p2a: Polar|move: Sticky Web\n|-unboost|p2a: Polar|spe|1\n|turn|15\n|\n|t:|1700083692\n|move|p1a: Starmie|Power Gem|p2a: Polar\n|-damage|p2a: Polar|77\/100\n|move|p2a: Polar|Stone Edge|p1a: Starmie\n|-damage|p1a: Starmie|31\/100\n|\n|-weather|Snow|[upkeep]\n|-heal|p1a: Starmie|38\/100|[from] item: Leftovers\n|upkeep\n|turn|16\n|\n|t:|1700083699\n|move|p1a: Starmie|Surf|p2a: Polar\n|-damage|p2a: Polar|32\/100\n|move|p2a: Polar|Stone Edge|p1a: Starmie\n|-damage|p1a: Starmie|0 fnt\n|faint|p1a: Starmie\n|\n|-weather|none\n|upkeep\n|\n|t:|1700083706\n|switch|p1a: Houndoom|Houndoom, M|100\/100\n|turn|17\n|\n|t:|1700083709\n|detailschange|p1a: Houndoom|Houndoom-Mega, M\n|-mega|p1a: Houndoom|Houndoom|Houndoominite\n|move|p1a: Houndoom|Flamethrower|p2a: Polar\n|-supereffective|p2a: Polar\n|-crit|p2a: Polar\n|-damage|p2a: Polar|0 fnt\n|faint|p2a: Polar\n|\n|upkeep\n|\n|t:|1700083715\n|switch|p2a: Fachero|Ceruledge, F|100\/100\n|-activate|p2a: Fachero|move: Sticky Web\n|-unboost|p2a: Fachero|spe|1\n|turn|18\n|\n|t:|1700083721\n|move|p1a: Houndoom|Dark Pulse|p2a: Fachero\n|-supereffective|p2a: Fachero\n|-damage|p2a: Fachero|8\/100\n|move|p2a: Fachero|Flame Charge|p1a: Houndoom\n|-resisted|p1a: Houndoom\n|-damage|p1a: Houndoom|81\/100\n|-boost|p2a: Fachero|spe|1\n|-damage|p2a: Fachero|0 fnt|[from] item: Life Orb\n|faint|p2a: Fachero\n|\n|upkeep\n|\n|t:|1700083730\n|switch|p2a: Primer Shiny|Walrein, F, shiny|100\/100\n|-activate|p2a: Primer Shiny|move: Sticky Web\n|-unboost|p2a: Primer Shiny|spe|1\n|turn|19\n|\n|t:|1700083737\n|move|p1a: Houndoom|Dark Pulse|p2a: Primer Shiny\n|-damage|p2a: Primer Shiny|60\/100\n|move|p2a: Primer Shiny|Liquidation|p1a: Houndoom\n|-supereffective|p1a: Houndoom\n|-damage|p1a: Houndoom|17\/100\n|\n|-heal|p2a: Primer Shiny|66\/100|[from] item: Leftovers\n|upkeep\n|turn|20\n|\n|t:|1700083745\n|move|p1a: Houndoom|Dark Pulse|p2a: Primer Shiny\n|-damage|p2a: Primer Shiny|27\/100\n|move|p2a: Primer Shiny|Liquidation|p1a: Houndoom\n|-supereffective|p1a: Houndoom\n|-damage|p1a: Houndoom|0 fnt\n|faint|p1a: Houndoom\n|\n|-heal|p2a: Primer Shiny|33\/100|[from] item: Leftovers\n|upkeep\n|\n|t:|1700083749\n|switch|p1a: Kingambit|Kingambit, M|100\/100\n|-activate|p1a: Kingambit|ability: Supreme Overlord\n|-start|p1a: Kingambit|fallen5|[silent]\n|turn|21\n|\n|t:|1700083757\n|move|p1a: Kingambit|Sucker Punch||[still]\n|-fail|p1a: Kingambit\n|move|p2a: Primer Shiny|Aqua Ring|p2a: Primer Shiny\n|-start|p2a: Primer Shiny|Aqua Ring\n|\n|-heal|p2a: Primer Shiny|39\/100|[from] item: Leftovers\n|-heal|p2a: Primer Shiny|46\/100|[from] Aqua Ring\n|upkeep\n|turn|22\n|\n|t:|1700083765\n|move|p2a: Primer Shiny|Swords Dance|p2a: Primer Shiny\n|-boost|p2a: Primer Shiny|atk|2\n|move|p1a: Kingambit|Brick Break|p2a: Primer Shiny\n|-supereffective|p2a: Primer Shiny\n|-damage|p2a: Primer Shiny|1\/100\n|\n|-heal|p2a: Primer Shiny|7\/100|[from] item: Leftovers\n|-heal|p2a: Primer Shiny|13\/100|[from] Aqua Ring\n|upkeep\n|turn|23\n|\n|t:|1700083774\n|move|p1a: Kingambit|Sucker Punch||[still]\n|-fail|p1a: Kingambit\n|move|p2a: Primer Shiny|Swords Dance|p2a: Primer Shiny\n|-boost|p2a: Primer Shiny|atk|2\n|\n|-heal|p2a: Primer Shiny|19\/100|[from] item: Leftovers\n|-heal|p2a: Primer Shiny|25\/100|[from] Aqua Ring\n|upkeep\n|turn|24\n|\n|t:|1700083799\n|move|p1a: Kingambit|Brick Break|p2a: Primer Shiny\n|-supereffective|p2a: Primer Shiny\n|-damage|p2a: Primer Shiny|0 fnt\n|faint|p2a: Primer Shiny\n|\n|win|oscar3ro\n|c|\u2606oscar3ro|Gg\n|c|\u2606DarkEdge_79|nada q a\u00f1adir\n|l|\u2606DarkEdge_79\n","uploadtime":1700083816,"views":6,"p1id":"oscar3ro","p2id":"darkedge79","formatid":"gen9ubers","rating":0,"private":0,"password":""}