{"id":"radicalred-gen9ubers-533744","p1":"ClemenPK","p2":"ANinjaDude","format":"[Gen 9] Ubers","log":"|j|\u2606ClemenPK\n|j|\u2606ANinjaDude\n|t:|1697690837\n|gametype|singles\n|player|p1|ClemenPK|clemenpk.png|1000\n|player|p2|ANinjaDude|rr-stakataka|1000\n|teamsize|p1|6\n|teamsize|p2|6\n|gen|9\n|tier|[Gen 9] Ubers\n|rated|\n|rule|Sleep Clause Mod: Limit one foe put to sleep\n|rule|Species Clause: Limit one of each Pok\u00e9mon\n|rule|OHKO Clause: OHKO moves are banned\n|rule|Evasion Abilities Clause: Evasion abilities are banned\n|rule|Evasion Items Clause: Evasion items are banned\n|rule|Evasion Moves Clause: Evasion moves are banned\n|rule|Endless Battle Clause: Forcing endless battles is banned\n|rule|HP Percentage Mod: HP is shown in percentages\n|rule|Dynamax Clause: You cannot dynamax\n|rule|Mega Rayquaza Clause: You cannot mega evolve Rayquaza\n|clearpoke\n|poke|p1|Deoxys-Speed|\n|poke|p1|Marshadow|\n|poke|p1|Calyrex-Shadow|\n|poke|p1|Arceus|\n|poke|p1|Shaymin-Sky|\n|poke|p1|Groudon|\n|poke|p2|Deoxys-Speed|\n|poke|p2|Xerneas-*|\n|poke|p2|Salamence, F|\n|poke|p2|Enamorus, F|\n|poke|p2|Necrozma-Dusk-Mane|\n|poke|p2|Calyrex-Shadow|\n|teampreview\n|c|\u2606ANinjaDude|glhf\n|c|\u2606ClemenPK|hf\n|\n|t:|1697690849\n|start\n|switch|p1a: Deoxys|Deoxys-Speed, shiny|100\/100\n|switch|p2a: Deoxys|Deoxys-Speed|100\/100\n|-ability|p1a: Deoxys|Pressure\n|-ability|p2a: Deoxys|Pressure\n|turn|1\n|\n|t:|1697690862\n|move|p1a: Deoxys|Magic Coat|p1a: Deoxys\n|-singleturn|p1a: Deoxys|move: Magic Coat\n|move|p2a: Deoxys|Light Screen|p2a: Deoxys\n|-sidestart|p2: ANinjaDude|move: Light Screen\n|\n|upkeep\n|turn|2\n|\n|t:|1697690867\n|move|p2a: Deoxys|Reflect|p2a: Deoxys\n|-sidestart|p2: ANinjaDude|Reflect\n|move|p1a: Deoxys|Stealth Rock|p2a: Deoxys\n|-sidestart|p2: ANinjaDude|move: Stealth Rock\n|\n|upkeep\n|turn|3\n|\n|t:|1697690878\n|move|p2a: Deoxys|Taunt|p1a: Deoxys\n|-start|p1a: Deoxys|move: Taunt\n|cant|p1a: Deoxys|move: Taunt|Spikes\n|\n|upkeep\n|turn|4\n|\n|t:|1697690890\n|switch|p2a: Calyrex|Calyrex-Shadow|100\/100\n|-ability|p2a: Calyrex|As One\n|-ability|p2a: Calyrex|Unnerve\n|-damage|p2a: Calyrex|88\/100|[from] Stealth Rock\n|move|p1a: Deoxys|Knock Off|p2a: Calyrex\n|-supereffective|p2a: Calyrex\n|-damage|p2a: Calyrex|56\/100\n|\n|upkeep\n|turn|5\n|c|\u2606ClemenPK|itemless?\n|c|\u2606ClemenPK|ah right\n|\n|t:|1697690916\n|switch|p1a: Arceus|Arceus, shiny|100\/100\n|move|p2a: Calyrex|Nasty Plot|p2a: Calyrex\n|-boost|p2a: Calyrex|spa|2\n|\n|upkeep\n|turn|6\n|\n|t:|1697690923\n|move|p2a: Calyrex|Psyshock|p1a: Arceus\n|-damage|p1a: Arceus|35\/100\n|move|p1a: Arceus|Shadow Claw|p2a: Calyrex\n|-supereffective|p2a: Calyrex\n|-crit|p2a: Calyrex\n|-damage|p2a: Calyrex|0 fnt\n|faint|p2a: Calyrex\n|\n|upkeep\n|c|\u2606ANinjaDude|was fairinium\n|\n|t:|1697690936\n|switch|p2a: Enamorus|Enamorus, F|100\/100\n|turn|7\n|c|\u2606ClemenPK|ahhh\n|j|@michael213\n|c|\u2606ANinjaDude|to hit darks\n|\n|t:|1697690966\n|move|p1a: Arceus|Extreme Speed|p2a: Enamorus\n|-damage|p2a: Enamorus|62\/100\n|move|p2a: Enamorus|Fleur Cannon|p1a: Arceus\n|-damage|p1a: Arceus|0 fnt\n|-boost|p2a: Enamorus|spa|2\n|faint|p1a: Arceus\n|\n|upkeep\n|c|\u2606ANinjaDude|because while i might be new to rr ubers, ik that darks can wall caly-s fairy wel\n|\n|t:|1697690979\n|switch|p1a: Groudon|Groudon|100\/100\n|detailschange|p1a: Groudon|Groudon-Primal\n|-primal|p1a: Groudon|Red Orb\n|-weather|DesolateLand|[from] ability: Desolate Land|[of] p1a: Groudon\n|turn|8\n|\n|t:|1697690989\n|move|p2a: Enamorus|Earth Power|p1a: Groudon\n|-supereffective|p1a: Groudon\n|-damage|p1a: Groudon|0 fnt\n|faint|p1a: Groudon\n|-weather|none\n|\n|-sideend|p2: ANinjaDude|move: Light Screen\n|upkeep\n|c|\u2606ClemenPK|gg i think?\n|c|\u2606ANinjaDude|perhaps\n|\n|t:|1697691010\n|switch|p1a: Calyrex|Calyrex-Shadow|100\/100\n|-ability|p1a: Calyrex|As One\n|-ability|p1a: Calyrex|Unnerve\n|turn|9\n|c|\u2606ANinjaDude|still a shot for you to come back\n|\n|t:|1697691015\n|move|p1a: Calyrex|Astral Barrage|p2a: Enamorus\n|-damage|p2a: Enamorus|0 fnt\n|faint|p2a: Enamorus\n|-ability|p1a: Calyrex|Grim Neigh|boost\n|-boost|p1a: Calyrex|spa|1\n|\n|-sideend|p2: ANinjaDude|Reflect\n|upkeep\n|\n|t:|1697691024\n|switch|p2a: Xerneas|Xerneas|100\/100\n|-damage|p2a: Xerneas|88\/100|[from] Stealth Rock\n|-ability|p2a: Xerneas|Fairy Aura\n|turn|10\n|\n|t:|1697691041\n|move|p1a: Calyrex|Astral Barrage|p2a: Xerneas\n|-damage|p2a: Xerneas|0 fnt\n|faint|p2a: Xerneas\n|-ability|p1a: Calyrex|Grim Neigh|boost\n|-boost|p1a: Calyrex|spa|1\n|\n|upkeep\n|\n|t:|1697691047\n|switch|p2a: Deoxys|Deoxys-Speed|100\/100\n|-damage|p2a: Deoxys|88\/100|[from] Stealth Rock\n|-ability|p2a: Deoxys|Pressure\n|turn|11\n|\n|t:|1697691050\n|move|p2a: Deoxys|Light Screen|p2a: Deoxys\n|-sidestart|p2: ANinjaDude|move: Light Screen\n|move|p1a: Calyrex|Astral Barrage|p2a: Deoxys\n|-supereffective|p2a: Deoxys\n|-damage|p2a: Deoxys|0 fnt\n|faint|p2a: Deoxys\n|-ability|p1a: Calyrex|Grim Neigh|boost\n|-boost|p1a: Calyrex|spa|1\n|\n|upkeep\n|\n|t:|1697691053\n|switch|p2a: Necrozma|Necrozma-Dusk-Mane|100\/100\n|-damage|p2a: Necrozma|94\/100|[from] Stealth Rock\n|turn|12\n|\n|t:|1697691055\n|move|p1a: Calyrex|Astral Barrage|p2a: Necrozma\n|-supereffective|p2a: Necrozma\n|-damage|p2a: Necrozma|1\/100\n|-enditem|p2a: Necrozma|Weakness Policy\n|-boost|p2a: Necrozma|atk|2|[from] item: Weakness Policy\n|-boost|p2a: Necrozma|spa|2|[from] item: Weakness Policy\n|move|p2a: Necrozma|Trick Room|p2a: Necrozma\n|-fieldstart|move: Trick Room|[of] p2a: Necrozma\n|\n|upkeep\n|turn|13\n|\n|t:|1697691065\n|move|p2a: Necrozma|Sunsteel Strike|p1a: Calyrex\n|-enditem|p1a: Calyrex|Focus Sash\n|-damage|p1a: Calyrex|1\/100\n|move|p1a: Calyrex|Astral Barrage|p2a: Necrozma\n|-supereffective|p2a: Necrozma\n|-damage|p2a: Necrozma|0 fnt\n|faint|p2a: Necrozma\n|-ability|p1a: Calyrex|Grim Neigh|boost\n|-boost|p1a: Calyrex|spa|1\n|\n|upkeep\n|\n|t:|1697691070\n|switch|p2a: Salamence|Salamence, F|100\/100\n|-damage|p2a: Salamence|76\/100|[from] Stealth Rock\n|-ability|p2a: Salamence|Intimidate|boost\n|-unboost|p1a: Calyrex|atk|1\n|turn|14\n|\n|t:|1697691072\n|detailschange|p2a: Salamence|Salamence-Mega, F\n|-mega|p2a: Salamence|Salamence|Salamencite\n|move|p2a: Salamence|Return|p1a: Calyrex\n|-damage|p1a: Calyrex|0 fnt\n|faint|p1a: Calyrex\n|\n|upkeep\n|c|\u2606ANinjaDude|was about to say that if it lived on 1 naturally id be so pissed\n|\n|t:|1697691099\n|switch|p1a: Deoxys|Deoxys-Speed, shiny|100\/100\n|-ability|p1a: Deoxys|Pressure\n|turn|15\n|\n|t:|1697691104\n|move|p2a: Salamence|Return|p1a: Deoxys\n|-damage|p1a: Deoxys|14\/100\n|move|p1a: Deoxys|Knock Off|p2a: Salamence\n|-damage|p2a: Salamence|64\/100\n|\n|upkeep\n|turn|16\n|\n|t:|1697691110\n|move|p2a: Salamence|Dragon Dance|p2a: Salamence\n|-boost|p2a: Salamence|atk|1\n|-boost|p2a: Salamence|spe|1\n|move|p1a: Deoxys|Knock Off|p2a: Salamence\n|-damage|p2a: Salamence|51\/100\n|\n|-fieldend|move: Trick Room\n|upkeep\n|turn|17\n|\n|t:|1697691115\n|move|p2a: Salamence|Return|p1a: Deoxys\n|-damage|p1a: Deoxys|0 fnt\n|faint|p1a: Deoxys\n|\n|upkeep\n|\n|t:|1697691149\n|switch|p1a: Shaymin|Shaymin-Sky|100\/100\n|turn|18\n|c|\u2606ClemenPK|yeah gg\n|\n|t:|1697691162\n|move|p2a: Salamence|Return|p1a: Shaymin\n|-supereffective|p1a: Shaymin\n|-damage|p1a: Shaymin|0 fnt\n|faint|p1a: Shaymin\n|\n|-sideend|p2: ANinjaDude|move: Light Screen\n|upkeep\n|c|\u2606ANinjaDude|tr is a funny move\n|\n|t:|1697691166\n|switch|p1a: Marshadow|Marshadow|100\/100\n|turn|19\n|\n|t:|1697691174\n|move|p1a: Marshadow|Shadow Sneak|p2a: Salamence\n|-damage|p2a: Salamence|16\/100\n|-damage|p1a: Marshadow|91\/100|[from] item: Life Orb\n|move|p2a: Salamence|Return|p1a: Marshadow\n|-supereffective|p1a: Marshadow\n|-damage|p1a: Marshadow|0 fnt\n|faint|p1a: Marshadow\n|\n|win|ANinjaDude\n|raw|ClemenPK's rating: 1000 &rarr; <strong>1000<\/strong><br \/>(+0 for losing)\n|raw|ANinjaDude's rating: 1000 &rarr; <strong>1045<\/strong><br \/>(+45 for winning)\n|c|\u2606ANinjaDude|ggs\n|l|\u2606ClemenPK\n|c|\u2606ANinjaDude|my ndubers experience payed off\n","uploadtime":1697691196,"views":14,"p1id":"clemenpk","p2id":"aninjadude","formatid":"gen9ubers","rating":0,"private":0,"password":""}