{"id":"radicalred-gen9ubers-542320","p1":"Elohim yt 08\u00b3","p2":"Heidhall","format":"[Gen 9] Ubers","log":"|j|\u2606Elohim yt 08\u00b3\n|j|\u2606Heidhall\n|t:|1699104348\n|gametype|singles\n|player|p1|Elohim yt 08\u00b3|rr-scizormega|\n|player|p2|Heidhall|rr-jirachi|\n|teamsize|p1|6\n|teamsize|p2|6\n|gen|9\n|tier|[Gen 9] Ubers\n|rule|Sleep Clause Mod: Limit one foe put to sleep\n|rule|Species Clause: Limit one of each Pok\u00e9mon\n|rule|OHKO Clause: OHKO moves are banned\n|rule|Evasion Abilities Clause: Evasion abilities are banned\n|rule|Evasion Items Clause: Evasion items are banned\n|rule|Evasion Moves Clause: Evasion moves are banned\n|rule|Endless Battle Clause: Forcing endless battles is banned\n|rule|HP Percentage Mod: HP is shown in percentages\n|rule|Dynamax Clause: You cannot dynamax\n|rule|Mega Rayquaza Clause: You cannot mega evolve Rayquaza\n|clearpoke\n|poke|p1|Lapras, M|\n|poke|p1|Braviary, M|\n|poke|p1|Kommo-o, F|\n|poke|p1|Ampharos, M|\n|poke|p1|Hydreigon, M|\n|poke|p1|Crobat, F|\n|poke|p2|Raichu-Alola, M|\n|poke|p2|Scizor, M|\n|poke|p2|Shuckle, M|\n|poke|p2|Centiskorch-Sevii, M|\n|poke|p2|Manectric, M|\n|poke|p2|Tapu Koko|\n|teampreview\n|\n|t:|1699104358\n|start\n|switch|p1a: Kommo-o|Kommo-o, F|100\/100\n|switch|p2a: Tapu Koko|Tapu Koko, shiny|100\/100\n|-fieldstart|move: Electric Terrain|[from] ability: Electric Surge|[of] p2a: Tapu Koko\n|turn|1\n|\n|t:|1699104366\n|move|p2a: Tapu Koko|Play Rough|p1a: Kommo-o\n|-supereffective|p1a: Kommo-o\n|-damage|p1a: Kommo-o|0 fnt\n|faint|p1a: Kommo-o\n|\n|upkeep\n|\n|t:|1699104372\n|switch|p1a: Crobat|Crobat, F|100\/100\n|turn|2\n|\n|t:|1699104376\n|-zpower|p1a: Crobat\n|move|p1a: Crobat|Supersonic Skystrike|p2a: Tapu Koko|[zeffect]\n|-resisted|p2a: Tapu Koko\n|-crit|p2a: Tapu Koko\n|-damage|p2a: Tapu Koko|21\/100\n|move|p2a: Tapu Koko|Thunder Punch|p1a: Crobat\n|-supereffective|p1a: Crobat\n|-damage|p1a: Crobat|0 fnt\n|faint|p1a: Crobat\n|\n|upkeep\n|\n|t:|1699104383\n|switch|p1a: Hydreigon|Hydreigon, M|100\/100\n|turn|3\n|\n|t:|1699104393\n|switch|p2a: Cizalla|Scizor, M|100\/100\n|move|p1a: Hydreigon|Fire Blast|p2a: Cizalla\n|-supereffective|p2a: Cizalla\n|-damage|p2a: Cizalla|0 fnt\n|faint|p2a: Cizalla\n|\n|upkeep\n|\n|t:|1699104407\n|switch|p2a: Shuckle|Shuckle, M, shiny|100\/100\n|turn|4\n|\n|t:|1699104427\n|move|p1a: Hydreigon|Fire Blast|p2a: Shuckle|[miss]\n|-miss|p1a: Hydreigon|p2a: Shuckle\n|move|p2a: Shuckle|Stealth Rock|p1a: Hydreigon\n|-sidestart|p1: Elohim yt 08\u00b3|move: Stealth Rock\n|\n|upkeep\n|turn|5\n|c|\u2606Heidhall|Pobre Scizor.\n|\n|t:|1699104440\n|switch|p1a: Lapras|Lapras, M|100\/100\n|-damage|p1a: Lapras|88\/100|[from] Stealth Rock\n|move|p2a: Shuckle|Toxic|p1a: Lapras|[miss]\n|-miss|p2a: Shuckle|p1a: Lapras\n|\n|upkeep\n|turn|6\n|\n|t:|1699104454\n|move|p1a: Lapras|Freeze-Dry|p2a: Shuckle\n|-damage|p2a: Shuckle|83\/100\n|-enditem|p2a: Shuckle|Red Card|[of] p1a: Lapras\n|drag|p1a: Hydreigon|Hydreigon, M|100\/100\n|-damage|p1a: Hydreigon|88\/100|[from] Stealth Rock\n|move|p2a: Shuckle|Toxic|p1a: Hydreigon\n|-status|p1a: Hydreigon|tox\n|\n|-damage|p1a: Hydreigon|82\/100 tox|[from] psn\n|upkeep\n|turn|7\n|\n|t:|1699104466\n|move|p1a: Hydreigon|Draco Meteor|p2a: Shuckle\n|-crit|p2a: Shuckle\n|-damage|p2a: Shuckle|18\/100\n|-unboost|p1a: Hydreigon|spa|2\n|move|p2a: Shuckle|Sticky Web|p1a: Hydreigon\n|-sidestart|p1: Elohim yt 08\u00b3|move: Sticky Web\n|\n|-damage|p1a: Hydreigon|70\/100 tox|[from] psn\n|upkeep\n|turn|8\n|\n|t:|1699104480\n|switch|p2a: Tapu Koko|Tapu Koko, shiny|21\/100\n|move|p1a: Hydreigon|Draco Meteor|p2a: Tapu Koko\n|-immune|p2a: Tapu Koko\n|\n|-damage|p1a: Hydreigon|51\/100 tox|[from] psn\n|-fieldend|move: Electric Terrain\n|upkeep\n|turn|9\n|\n|t:|1699104493\n|switch|p1a: Ampharos|Ampharos, M|100\/100\n|-activate|p1a: Ampharos|move: Sticky Web\n|-unboost|p1a: Ampharos|spe|1\n|-damage|p1a: Ampharos|88\/100|[from] Stealth Rock\n|move|p2a: Tapu Koko|Play Rough|p1a: Ampharos\n|-damage|p1a: Ampharos|31\/100\n|\n|upkeep\n|turn|10\n|\n|t:|1699104504\n|detailschange|p1a: Ampharos|Ampharos-Mega, M\n|-mega|p1a: Ampharos|Ampharos|Ampharosite\n|move|p2a: Tapu Koko|Play Rough|p1a: Ampharos\n|-supereffective|p1a: Ampharos\n|-damage|p1a: Ampharos|0 fnt\n|faint|p1a: Ampharos\n|\n|upkeep\n|\n|t:|1699104510\n|switch|p1a: Lapras|Lapras, M|88\/100\n|-activate|p1a: Lapras|move: Sticky Web\n|-unboost|p1a: Lapras|spe|1\n|-damage|p1a: Lapras|76\/100|[from] Stealth Rock\n|turn|11\n|\n|t:|1699104521\n|move|p2a: Tapu Koko|U-turn|p1a: Lapras\n|-damage|p1a: Lapras|53\/100\n|\n|t:|1699104524\n|switch|p2a: Shuckle|Shuckle, M, shiny|18\/100|[from] U-turn\n|move|p1a: Lapras|Freeze-Dry|p2a: Shuckle\n|-damage|p2a: Shuckle|0 fnt\n|faint|p2a: Shuckle\n|\n|upkeep\n|\n|t:|1699104535\n|switch|p2a: Tapu Koko|Tapu Koko, shiny|21\/100\n|-fieldstart|move: Electric Terrain|[from] ability: Electric Surge|[of] p2a: Tapu Koko\n|turn|12\n|\n|t:|1699104541\n|move|p2a: Tapu Koko|U-turn|p1a: Lapras\n|-damage|p1a: Lapras|30\/100\n|\n|t:|1699104543\n|switch|p2a: Bolt|Manectric, M, shiny|100\/100|[from] U-turn\n|-ability|p2a: Bolt|Intimidate|boost\n|-unboost|p1a: Lapras|atk|1\n|move|p1a: Lapras|Freeze-Dry|p2a: Bolt\n|-damage|p2a: Bolt|47\/100\n|\n|upkeep\n|turn|13\n|\n|t:|1699104554\n|detailschange|p2a: Bolt|Manectric-Mega, M, shiny\n|-mega|p2a: Bolt|Manectric|Manectite\n|-ability|p2a: Bolt|Intimidate|boost\n|-unboost|p1a: Lapras|atk|1\n|move|p2a: Bolt|Rising Voltage|p1a: Lapras\n|-hint|Rising Voltage's BP doubled on grounded target.\n|-damage|p1a: Lapras|0 fnt\n|faint|p1a: Lapras\n|\n|upkeep\n|\n|t:|1699104561\n|switch|p1a: Hydreigon|Hydreigon, M|51\/100 tox\n|-damage|p1a: Hydreigon|39\/100 tox|[from] Stealth Rock\n|turn|14\n|\n|t:|1699104573\n|switch|p2a: Tapu Koko|Tapu Koko, shiny|21\/100\n|move|p1a: Hydreigon|Draco Meteor|p2a: Tapu Koko\n|-immune|p2a: Tapu Koko\n|\n|-damage|p1a: Hydreigon|33\/100 tox|[from] psn\n|upkeep\n|turn|15\n|\n|t:|1699104584\n|move|p1a: Hydreigon|Draco Meteor|p2a: Tapu Koko\n|-immune|p2a: Tapu Koko\n|move|p2a: Tapu Koko|Thunder Punch|p1a: Hydreigon\n|-resisted|p1a: Hydreigon\n|-damage|p1a: Hydreigon|8\/100 tox\n|\n|-damage|p1a: Hydreigon|0 fnt|[from] psn\n|faint|p1a: Hydreigon\n|upkeep\n|\n|t:|1699104587\n|switch|p1a: Braviary|Braviary, M|100\/100\n|-damage|p1a: Braviary|76\/100|[from] Stealth Rock\n|turn|16\n|\n|t:|1699104598\n|move|p2a: Tapu Koko|Thunder Punch|p1a: Braviary\n|-supereffective|p1a: Braviary\n|-damage|p1a: Braviary|0 fnt\n|faint|p1a: Braviary\n|\n|win|Heidhall\n|c|\u2606Heidhall|Bien jugador\n","uploadtime":1699104640,"views":6,"p1id":"elohimyt08","p2id":"heidhall","formatid":"gen9ubers","rating":0,"private":0,"password":""}