{"id":"radicalred-gen9ubers-543403","p1":"Monkemaniac323","p2":"CL LeafMist","format":"[Gen 9] Ubers","log":"|j|\u2606Monkemaniac323\n|j|\u2606CL LeafMist\n|t:|1699372821\n|gametype|singles\n|player|p1|Monkemaniac323|265|\n|player|p2|CL LeafMist|266|\n|teamsize|p1|6\n|teamsize|p2|6\n|gen|9\n|tier|[Gen 9] Ubers\n|rule|Sleep Clause Mod: Limit one foe put to sleep\n|rule|Species Clause: Limit one of each Pok\u00e9mon\n|rule|OHKO Clause: OHKO moves are banned\n|rule|Evasion Abilities Clause: Evasion abilities are banned\n|rule|Evasion Items Clause: Evasion items are banned\n|rule|Evasion Moves Clause: Evasion moves are banned\n|rule|Endless Battle Clause: Forcing endless battles is banned\n|rule|HP Percentage Mod: HP is shown in percentages\n|rule|Dynamax Clause: You cannot dynamax\n|rule|Mega Rayquaza Clause: You cannot mega evolve Rayquaza\n|clearpoke\n|poke|p1|Melmetal|\n|poke|p1|Milotic-Sevii, F|\n|poke|p1|Chandelure, F|\n|poke|p1|Dragonite, F|\n|poke|p1|Vaporeon, F|\n|poke|p1|Gallade, M|\n|poke|p2|Pinsir, M|\n|poke|p2|Zamazenta-*|\n|poke|p2|Greninja-*, F|\n|poke|p2|Carnivine-Sevii, M|\n|poke|p2|Sandy Shocks|\n|poke|p2|Lycanroc-Midnight, F|\n|teampreview\n|c|\u2606Monkemaniac323|Gl\n|c|\u2606Monkemaniac323|Hf\n|c|\u2606CL LeafMist|glhf\n|c|\u2606Monkemaniac323|Holy shit this music\n|c|\u2606Monkemaniac323|Tf\n|c|\u2606CL LeafMist|its so good\n|\n|t:|1699372886\n|start\n|switch|p1a: Gallade|Gallade, M|100\/100\n|switch|p2a: Pokey|Carnivine-Sevii, M|100\/100\n|turn|1\n|j| Luwite\n|c| Luwite|Oh\n|c|\u2606Monkemaniac323|Pookie\n|c| Luwite|The return of pokey\n|\n|t:|1699372919\n|detailschange|p1a: Gallade|Gallade-Mega, M\n|-mega|p1a: Gallade|Gallade|Galladite\n|move|p1a: Gallade|Psycho Cut|p2a: Pokey\n|-damage|p2a: Pokey|55\/100\n|move|p2a: Pokey|Toxic Spikes|p1a: Gallade\n|-sidestart|p1: Monkemaniac323|move: Toxic Spikes\n|\n|upkeep\n|turn|2\n|j| Dodrio-pult\n|l| Dodrio-pult\n|c|\u2606Monkemaniac323|Negative damage\n|c| Luwite|No grounded poison\n|\n|t:|1699372946\n|move|p1a: Gallade|Sacred Sword|p2a: Pokey\n|-damage|p2a: Pokey|0 fnt\n|faint|p2a: Pokey\n|\n|upkeep\n|\n|t:|1699372952\n|switch|p2a: Stark|Pinsir, M|100\/100\n|turn|3\n|c| Luwite|Dodrio-pult more like draje\n|\n|t:|1699372962\n|switch|p1a: Melmetal|Melmetal|100\/100\n|detailschange|p2a: Stark|Pinsir-Mega, M\n|-mega|p2a: Stark|Pinsir|Pinsirite\n|move|p2a: Stark|Substitute|p2a: Stark\n|-start|p2a: Stark|Substitute\n|-damage|p2a: Stark|75\/100\n|\n|upkeep\n|turn|4\n|\n|t:|1699372972\n|move|p2a: Stark|Earthquake|p1a: Melmetal\n|-supereffective|p1a: Melmetal\n|-damage|p1a: Melmetal|71\/100\n|move|p1a: Melmetal|Double Iron Bash|p2a: Stark\n|-end|p2a: Stark|Substitute\n|-damage|p2a: Stark|40\/100\n|-hitcount|p2a: Stark|2\n|\n|upkeep\n|turn|5\n|c|\u2606Monkemaniac323|Um\n|\n|t:|1699372983\n|switch|p2a: Good lad|Zamazenta|100\/100\n|-ability|p2a: Good lad|Dauntless Shield|boost\n|-boost|p2a: Good lad|def|1\n|move|p1a: Melmetal|Rock Slide|p2a: Good lad\n|-resisted|p2a: Good lad\n|-damage|p2a: Good lad|93\/100\n|\n|upkeep\n|turn|6\n|c| Luwite|35% is low\n|\n|t:|1699372995\n|move|p2a: Good lad|Iron Head|p1a: Melmetal\n|-resisted|p1a: Melmetal\n|-damage|p1a: Melmetal|65\/100\n|move|p1a: Melmetal|Thunder Wave|p2a: Good lad\n|-status|p2a: Good lad|par\n|\n|upkeep\n|turn|7\n|\n|t:|1699373006\n|cant|p2a: Good lad|par\n|move|p1a: Melmetal|Double Iron Bash|p2a: Good lad\n|-damage|p2a: Good lad|71\/100 par\n|-damage|p2a: Good lad|50\/100 par\n|-hitcount|p2a: Good lad|2\n|\n|upkeep\n|turn|8\n|c| Luwite|Oh boy\n|\n|t:|1699373016\n|switch|p1a: Chandelure|Chandelure, F|100\/100\n|-status|p1a: Chandelure|psn\n|move|p2a: Good lad|Close Combat|p1a: Chandelure\n|-immune|p1a: Chandelure\n|\n|-damage|p1a: Chandelure|88\/100 psn|[from] psn\n|upkeep\n|turn|9\n|c|\u2606CL LeafMist|thx game \n|\n|t:|1699373026\n|move|p1a: Chandelure|Overheat|p2a: Good lad\n|-damage|p2a: Good lad|8\/100 par\n|-unboost|p1a: Chandelure|spa|2\n|move|p2a: Good lad|Crunch|p1a: Chandelure\n|-supereffective|p1a: Chandelure\n|-damage|p1a: Chandelure|7\/100 psn\n|\n|-damage|p1a: Chandelure|0 fnt|[from] psn\n|faint|p1a: Chandelure\n|upkeep\n|c|\u2606Monkemaniac323|That did not kill\n|c|\u2606Monkemaniac323|Well shit\n|\n|t:|1699373039\n|switch|p1a: Dragonite|Dragonite, F|100\/100\n|turn|10\n|\n|t:|1699373042\n|move|p1a: Dragonite|Dual Wingbeat|p2a: Good lad\n|-supereffective|p2a: Good lad\n|-damage|p2a: Good lad|0 fnt\n|faint|p2a: Good lad\n|-hitcount|p2: Good lad|1\n|\n|upkeep\n|\n|t:|1699373058\n|switch|p2a: Terra|Lycanroc-Midnight, F|100\/100\n|turn|11\n|\n|t:|1699373074\n|move|p2a: Terra|Stone Axe|p1a: Dragonite\n|-supereffective|p1a: Dragonite\n|-damage|p1a: Dragonite|76\/100\n|-sidestart|p1: Monkemaniac323|move: Stealth Rock\n|move|p1a: Dragonite|Toxic|p2a: Terra\n|-status|p2a: Terra|tox\n|\n|-damage|p2a: Terra|94\/100 tox|[from] psn\n|upkeep\n|turn|12\n|\n|t:|1699373084\n|move|p2a: Terra|Stone Edge|p1a: Dragonite\n|-supereffective|p1a: Dragonite\n|-damage|p1a: Dragonite|10\/100\n|move|p1a: Dragonite|Defog|p2a: Terra\n|-unboost|p2a: Terra|evasion|1\n|-sideend|p1: Monkemaniac323|Toxic Spikes|[from] move: Defog|[of] p1a: Dragonite\n|-sideend|p1: Monkemaniac323|Stealth Rock|[from] move: Defog|[of] p1a: Dragonite\n|\n|-damage|p2a: Terra|82\/100 tox|[from] psn\n|upkeep\n|turn|13\n|c| Luwite|Tera sus\n|\n|t:|1699373092\n|switch|p1a: Milotic|Milotic-Sevii, F|100\/100\n|move|p2a: Terra|Stone Axe|p1a: Milotic\n|-resisted|p1a: Milotic\n|-damage|p1a: Milotic|89\/100\n|-sidestart|p1: Monkemaniac323|move: Stealth Rock\n|\n|-damage|p2a: Terra|64\/100 tox|[from] psn\n|-status|p1a: Milotic|brn|[from] item: Flame Orb\n|upkeep\n|turn|14\n|\n|t:|1699373113\n|move|p2a: Terra|Precipice Blades|p1a: Milotic\n|-crit|p1a: Milotic\n|-damage|p1a: Milotic|59\/100 brn\n|move|p1a: Milotic|Stealth Rock|p2a: Terra\n|-sidestart|p2: CL LeafMist|move: Stealth Rock\n|\n|-damage|p2a: Terra|40\/100 tox|[from] psn\n|-damage|p1a: Milotic|53\/100 brn|[from] brn\n|upkeep\n|turn|15\n|c|\u2606Monkemaniac323|Excuse me what\n|c|\u2606Monkemaniac323|Precipice\n|c|\u2606CL LeafMist|yes\n|\n|t:|1699373129\n|move|p2a: Terra|Precipice Blades|p1a: Milotic\n|-damage|p1a: Milotic|34\/100 brn\n|move|p1a: Milotic|Shore Up|p1a: Milotic\n|-heal|p1a: Milotic|84\/100 brn\n|\n|-damage|p2a: Terra|9\/100 tox|[from] psn\n|-damage|p1a: Milotic|78\/100 brn|[from] brn\n|upkeep\n|turn|16\n|c| Luwite|Ye crazy lol\n|\n|t:|1699373140\n|move|p2a: Terra|Precipice Blades|p1a: Milotic\n|-damage|p1a: Milotic|57\/100 brn\n|move|p1a: Milotic|Shore Up|p1a: Milotic\n|-heal|p1a: Milotic|100\/100 brn\n|\n|-damage|p2a: Terra|0 fnt|[from] psn\n|faint|p2a: Terra\n|-damage|p1a: Milotic|94\/100 brn|[from] brn\n|upkeep\n|c| Luwite|Also bro landed 2\n|c| Luwite|3 crazy\n|c|\u2606Monkemaniac323|No gaurd be like\n|c|\u2606CL LeafMist|no guard fr\n|\n|t:|1699373157\n|switch|p2a: Scarlet|Greninja, F, shiny|100\/100\n|-damage|p2a: Scarlet|88\/100|[from] Stealth Rock\n|turn|17\n|\n|t:|1699373168\n|switch|p1a: Dragonite|Dragonite, F|10\/100\n|move|p2a: Scarlet|Surf|p1a: Dragonite\n|-start|p2a: Scarlet|typechange|Water|[from] ability: Protean\n|-resisted|p1a: Dragonite\n|-damage|p1a: Dragonite|0 fnt\n|faint|p1a: Dragonite\n|\n|upkeep\n|\n|t:|1699373177\n|switch|p1a: Gallade|Gallade-Mega, M|100\/100\n|-damage|p1a: Gallade|94\/100|[from] Stealth Rock\n|turn|18\n|\n|t:|1699373205\n|-zpower|p2a: Scarlet\n|move|p2a: Scarlet|Black Hole Eclipse|p1a: Gallade|[zeffect]\n|-start|p2a: Scarlet|typechange|Dark|[from] ability: Protean\n|-damage|p1a: Gallade|14\/100\n|move|p1a: Gallade|Throat Chop|p2a: Scarlet\n|-resisted|p2a: Scarlet\n|-damage|p2a: Scarlet|61\/100\n|-start|p2a: Scarlet|Throat Chop|[silent]\n|\n|upkeep\n|turn|19\n|c| Luwite|It was vital spirit trust\n|\n|t:|1699373218\n|move|p1a: Gallade|Vacuum Wave|p2a: Scarlet\n|-supereffective|p2a: Scarlet\n|-damage|p2a: Scarlet|32\/100\n|move|p2a: Scarlet|Dark Pulse|p1a: Gallade\n|-damage|p1a: Gallade|0 fnt\n|faint|p1a: Gallade\n|\n|-end|p2a: Scarlet|Throat Chop|[silent]\n|upkeep\n|c|\u2606Monkemaniac323|Me forgetting z moves exist\n|\n|t:|1699373226\n|switch|p1a: Vaporeon|Vaporeon, F|100\/100\n|-damage|p1a: Vaporeon|88\/100|[from] Stealth Rock\n|turn|20\n|\n|t:|1699373232\n|switch|p2a: Stark|Pinsir-Mega, M|40\/100\n|-damage|p2a: Stark|0 fnt|[from] Stealth Rock\n|faint|p2a: Stark\n|move|p1a: Vaporeon|Scald|p2: Stark|[notarget]\n|-fail|p1a: Vaporeon\n|\n|-heal|p1a: Vaporeon|94\/100|[from] item: Leftovers\n|upkeep\n|\n|t:|1699373239\n|switch|p2a: Ol reliable|Sandy Shocks|100\/100\n|-damage|p2a: Ol reliable|95\/100|[from] Stealth Rock\n|turn|21\n|\n|t:|1699373255\n|switch|p1a: Milotic|Milotic-Sevii, F|94\/100 brn\n|-damage|p1a: Milotic|88\/100 brn|[from] Stealth Rock\n|move|p2a: Ol reliable|Earth Power|p1a: Milotic\n|-damage|p1a: Milotic|58\/100 brn\n|\n|-heal|p2a: Ol reliable|100\/100|[from] item: Leftovers\n|-damage|p1a: Milotic|52\/100 brn|[from] brn\n|upkeep\n|turn|22\n|\n|t:|1699373266\n|move|p2a: Ol reliable|Earth Power|p1a: Milotic\n|-damage|p1a: Milotic|21\/100 brn\n|move|p1a: Milotic|Shore Up|p1a: Milotic\n|-heal|p1a: Milotic|71\/100 brn\n|\n|-damage|p1a: Milotic|65\/100 brn|[from] brn\n|upkeep\n|turn|23\n|c|\u2606CL LeafMist|any drops?\n|\n|t:|1699373277\n|move|p2a: Ol reliable|Earth Power|p1a: Milotic\n|-damage|p1a: Milotic|33\/100 brn\n|move|p1a: Milotic|Shore Up|p1a: Milotic\n|-heal|p1a: Milotic|83\/100 brn\n|\n|-damage|p1a: Milotic|77\/100 brn|[from] brn\n|upkeep\n|turn|24\n|\n|t:|1699373288\n|move|p2a: Ol reliable|Earth Power|p1a: Milotic\n|-damage|p1a: Milotic|43\/100 brn\n|move|p1a: Milotic|Moonblast|p2a: Ol reliable\n|-damage|p2a: Ol reliable|59\/100\n|\n|-heal|p2a: Ol reliable|65\/100|[from] item: Leftovers\n|-damage|p1a: Milotic|37\/100 brn|[from] brn\n|upkeep\n|turn|25\n|c|\u2606Monkemaniac323|My turn\n|c|\u2606Monkemaniac323|Any drops\n|\n|t:|1699373303\n|move|p2a: Ol reliable|Earth Power|p1a: Milotic\n|-damage|p1a: Milotic|7\/100 brn\n|move|p1a: Milotic|Moonblast|p2a: Ol reliable\n|-damage|p2a: Ol reliable|20\/100\n|-unboost|p2a: Ol reliable|spa|1\n|\n|-heal|p2a: Ol reliable|26\/100|[from] item: Leftovers\n|-damage|p1a: Milotic|0 fnt|[from] brn\n|faint|p1a: Milotic\n|upkeep\n|c|\u2606Monkemaniac323|Aha.\n|c|\u2606CL LeafMist|bruh\n|\n|t:|1699373318\n|switch|p1a: Vaporeon|Vaporeon, F|94\/100\n|-damage|p1a: Vaporeon|82\/100|[from] Stealth Rock\n|turn|26\n|\n|t:|1699373323\n|switch|p2a: Scarlet|Greninja, F, shiny|32\/100\n|-damage|p2a: Scarlet|20\/100|[from] Stealth Rock\n|move|p1a: Vaporeon|Scald|p2a: Scarlet\n|-resisted|p2a: Scarlet\n|-damage|p2a: Scarlet|0 fnt\n|faint|p2a: Scarlet\n|\n|-heal|p1a: Vaporeon|88\/100|[from] item: Leftovers\n|upkeep\n|\n|t:|1699373332\n|switch|p2a: Ol reliable|Sandy Shocks|26\/100\n|-damage|p2a: Ol reliable|20\/100|[from] Stealth Rock\n|turn|27\n|\n|t:|1699373336\n|move|p2a: Ol reliable|Thunderbolt|p1a: Vaporeon\n|-supereffective|p1a: Vaporeon\n|-damage|p1a: Vaporeon|38\/100\n|-status|p1a: Vaporeon|par\n|move|p1a: Vaporeon|Scald|p2a: Ol reliable\n|-supereffective|p2a: Ol reliable\n|-damage|p2a: Ol reliable|0 fnt\n|faint|p2a: Ol reliable\n|\n|win|Monkemaniac323\n|c|\u2606Monkemaniac323|Gg\n|c|\u2606CL LeafMist|gg\n|c|\u2606Monkemaniac323|Vaporeon carrying my ass\n|c|\u2606Monkemaniac323|Yet again\n|c| Luwite|Spoopy\n|l| Luwite\n","uploadtime":1699373358,"views":32,"p1id":"monkemaniac323","p2id":"clleafmist","formatid":"gen9ubers","rating":0,"private":0,"password":""}