{"id":"radicalred-gen9ubers-533380","p1":"Ivancuervo2007","p2":"axelzzz09","format":"[Gen 9] Ubers","log":"|j|\u2606Ivancuervo2007\n|j|\u2606axelzzz09\n|t:|1697646639\n|gametype|singles\n|player|p1|Ivancuervo2007|rr-houndoommega|\n|player|p2|axelzzz09|rr-lucariomega|\n|teamsize|p1|6\n|teamsize|p2|6\n|gen|9\n|tier|[Gen 9] Ubers\n|rule|Sleep Clause Mod: Limit one foe put to sleep\n|rule|Species Clause: Limit one of each Pok\u00e9mon\n|rule|OHKO Clause: OHKO moves are banned\n|rule|Evasion Abilities Clause: Evasion abilities are banned\n|rule|Evasion Items Clause: Evasion items are banned\n|rule|Evasion Moves Clause: Evasion moves are banned\n|rule|Endless Battle Clause: Forcing endless battles is banned\n|rule|HP Percentage Mod: HP is shown in percentages\n|rule|Dynamax Clause: You cannot dynamax\n|rule|Mega Rayquaza Clause: You cannot mega evolve Rayquaza\n|clearpoke\n|poke|p1|Slowbro-Galar, M|\n|poke|p1|Metagross|\n|poke|p1|Greninja-*, M|\n|poke|p1|Moltres-Galar|\n|poke|p1|Gallade, M|\n|poke|p1|Houndoom, M|\n|poke|p2|Volcarona, M|\n|poke|p2|Shuckle, M|\n|poke|p2|Heracross, M|\n|poke|p2|Scizor, M|\n|poke|p2|Galvantula, M|\n|poke|p2|Araquanid, M|\n|teampreview\n|\n|t:|1697646653\n|start\n|switch|p1a: Molten|Moltres-Galar|100\/100\n|switch|p2a: Galvantula|Galvantula, M|100\/100\n|turn|1\n|\n|t:|1697646661\n|move|p2a: Galvantula|Sticky Web|p1a: Molten\n|-sidestart|p1: Ivancuervo2007|move: Sticky Web\n|move|p1a: Molten|Fiery Wrath|p2a: Galvantula\n|-damage|p2a: Galvantula|21\/100\n|\n|upkeep\n|turn|2\n|\n|t:|1697646670\n|move|p2a: Galvantula|Discharge|p1a: Molten\n|-supereffective|p1a: Molten\n|-damage|p1a: Molten|52\/100\n|move|p1a: Molten|Defog|p2a: Galvantula\n|-unboost|p2a: Galvantula|evasion|1\n|-sideend|p1: Ivancuervo2007|Sticky Web|[from] move: Defog|[of] p1a: Molten\n|\n|-heal|p1a: Molten|58\/100|[from] item: Leftovers\n|upkeep\n|turn|3\n|inactive|Battle timer is ON: inactive players will automatically lose when time's up. (requested by axelzzz09)\n|\n|t:|1697646680\n|move|p2a: Galvantula|Sticky Web|p1a: Molten\n|-sidestart|p1: Ivancuervo2007|move: Sticky Web\n|move|p1a: Molten|Fiery Wrath|p2a: Galvantula\n|-damage|p2a: Galvantula|0 fnt\n|faint|p2a: Galvantula\n|\n|-heal|p1a: Molten|64\/100|[from] item: Leftovers\n|upkeep\n|\n|t:|1697646689\n|switch|p2a: Volcarona|Volcarona, M|100\/100\n|turn|4\n|\n|t:|1697646692\n|move|p2a: Volcarona|Quiver Dance|p2a: Volcarona\n|-boost|p2a: Volcarona|spa|1\n|-boost|p2a: Volcarona|spd|1\n|-boost|p2a: Volcarona|spe|1\n|move|p1a: Molten|Defog|p2a: Volcarona\n|-unboost|p2a: Volcarona|evasion|1\n|-sideend|p1: Ivancuervo2007|Sticky Web|[from] move: Defog|[of] p1a: Molten\n|\n|-heal|p1a: Molten|70\/100|[from] item: Leftovers\n|upkeep\n|turn|5\n|\n|t:|1697646700\n|move|p2a: Volcarona|Quiver Dance|p2a: Volcarona\n|-boost|p2a: Volcarona|spa|1\n|-boost|p2a: Volcarona|spd|1\n|-boost|p2a: Volcarona|spe|1\n|move|p1a: Molten|Air Slash|p2a: Volcarona\n|-supereffective|p2a: Volcarona\n|-damage|p2a: Volcarona|61\/100\n|\n|-heal|p1a: Molten|77\/100|[from] item: Leftovers\n|upkeep\n|turn|6\n|\n|t:|1697646722\n|move|p2a: Volcarona|Flamethrower|p1a: Molten\n|-damage|p1a: Molten|0 fnt\n|faint|p1a: Molten\n|\n|upkeep\n|\n|t:|1697646748\n|switch|p1a: Meta|Metagross|100\/100\n|turn|7\n|\n|t:|1697646753\n|move|p2a: Volcarona|Flamethrower|p1a: Meta\n|-supereffective|p1a: Meta\n|-damage|p1a: Meta|0 fnt\n|faint|p1a: Meta\n|\n|upkeep\n|\n|t:|1697646760\n|switch|p1a: Soldier|Gallade, M|100\/100\n|turn|8\n|\n|t:|1697646767\n|move|p2a: Volcarona|Bug Buzz|p1a: Soldier\n|-damage|p1a: Soldier|0 fnt\n|faint|p1a: Soldier\n|\n|upkeep\n|\n|t:|1697646772\n|switch|p1a: Rapid|Slowbro-Galar, M|100\/100\n|turn|9\n|\n|t:|1697646778\n|move|p2a: Volcarona|Flamethrower|p1a: Rapid\n|-damage|p1a: Rapid|0 fnt\n|faint|p1a: Rapid\n|\n|upkeep\n|\n|t:|1697646782\n|switch|p1a: Hades|Houndoom, M|100\/100\n|turn|10\n|\n|t:|1697646794\n|detailschange|p1a: Hades|Houndoom-Mega, M\n|-mega|p1a: Hades|Houndoom|Houndoominite\n|-ability|p1a: Hades|Dark Aura\n|move|p2a: Volcarona|Bug Buzz|p1a: Hades\n|-damage|p1a: Hades|0 fnt\n|faint|p1a: Hades\n|\n|upkeep\n|\n|t:|1697646800\n|switch|p1a: Gekoga|Greninja, M|100\/100\n|turn|11\n|\n|t:|1697646804\n|move|p2a: Volcarona|Bug Buzz|p1a: Gekoga\n|-supereffective|p1a: Gekoga\n|-damage|p1a: Gekoga|0 fnt\n|faint|p1a: Gekoga\n|\n|win|axelzzz09\n|l|\u2606Ivancuervo2007\n","uploadtime":1697646830,"views":12,"p1id":"ivancuervo2007","p2id":"axelzzz09","formatid":"gen9ubers","rating":0,"private":0,"password":""}