{"id":"radicalred-gen9ubers-539291","p1":"AugSaas","p2":"GNlinde","format":"[Gen 9] Ubers","log":"|j|\u2606AugSaas\n|j|\u2606GNlinde\n|t:|1698592792\n|gametype|singles\n|player|p1|AugSaas|rr-victini|\n|player|p2|GNlinde|1|\n|teamsize|p1|6\n|teamsize|p2|6\n|gen|9\n|tier|[Gen 9] Ubers\n|rule|Sleep Clause Mod: Limit one foe put to sleep\n|rule|Species Clause: Limit one of each Pok\u00e9mon\n|rule|OHKO Clause: OHKO moves are banned\n|rule|Evasion Abilities Clause: Evasion abilities are banned\n|rule|Evasion Items Clause: Evasion items are banned\n|rule|Evasion Moves Clause: Evasion moves are banned\n|rule|Endless Battle Clause: Forcing endless battles is banned\n|rule|HP Percentage Mod: HP is shown in percentages\n|rule|Dynamax Clause: You cannot dynamax\n|rule|Mega Rayquaza Clause: You cannot mega evolve Rayquaza\n|clearpoke\n|poke|p1|Centiskorch-Sevii, M|\n|poke|p1|Milotic-Sevii, F|\n|poke|p1|Koraidon|\n|poke|p1|Ursaring-Sevii, M|\n|poke|p1|Carnivine-Sevii, F|\n|poke|p1|Noivern-Sevii, F|\n|poke|p2|Enamorus, F|\n|poke|p2|Ursaluna, F|\n|poke|p2|Sneasler, F|\n|poke|p2|Goodra-Hisui, M|\n|poke|p2|Samurott-Hisui, F|\n|poke|p2|Electrode-Hisui|\n|teampreview\n|c|\u2606GNlinde|koraidon n tava ban?\n|c|\u2606AugSaas|meu lendario ubers\n|c|\u2606GNlinde|a\n|inactive|Battle timer is ON: inactive players will automatically lose when time's up. (requested by AugSaas)\n|\n|t:|1698592911\n|start\n|switch|p1a: Centiskorch|Centiskorch-Sevii, M|100\/100\n|switch|p2a: Goodra|Goodra-Hisui, M|100\/100\n|turn|1\n|\n|t:|1698592925\n|switch|p2a: Enamorus|Enamorus, F|100\/100\n|detailschange|p1a: Centiskorch|Centiskorch-Sevii-Mega, M\n|-mega|p1a: Centiskorch|Centiskorch|Centiskite Sevii\n|move|p1a: Centiskorch|Earthquake|p2a: Enamorus\n|-immune|p2a: Enamorus\n|\n|upkeep\n|turn|2\n|c|\u2606AugSaas|eita\n|\n|t:|1698592947\n|switch|p1a: Carnivine|Carnivine-Sevii, F|100\/100\n|switch|p2a: Ursaluna|Ursaluna, F|100\/100\n|\n|-status|p2a: Ursaluna|brn|[from] item: Flame Orb\n|upkeep\n|turn|3\n|\n|t:|1698592957\n|move|p2a: Ursaluna|Close Combat|p1a: Carnivine\n|-damage|p1a: Carnivine|54\/100\n|-unboost|p2a: Ursaluna|def|1\n|-unboost|p2a: Ursaluna|spd|1\n|move|p1a: Carnivine|Leech Seed|p2a: Ursaluna\n|-start|p2a: Ursaluna|move: Leech Seed\n|\n|-heal|p1a: Carnivine|60\/100|[from] item: Black Sludge\n|-damage|p2a: Ursaluna|88\/100 brn|[from] Leech Seed|[of] p1a: Carnivine\n|-heal|p1a: Carnivine|75\/100|[silent]\n|-damage|p2a: Ursaluna|82\/100 brn|[from] brn\n|upkeep\n|turn|4\n|j| santosmaconha\n|\n|t:|1698592973\n|switch|p2a: Goodra|Goodra-Hisui, M|100\/100\n|move|p1a: Carnivine|Snap Trap|p2a: Goodra\n|-resisted|p2a: Goodra\n|-damage|p2a: Goodra|88\/100\n|-activate|p2a: Goodra|move: Snap Trap|[of] p1a: Carnivine\n|\n|-heal|p1a: Carnivine|81\/100|[from] item: Black Sludge\n|-damage|p2a: Goodra|76\/100|[from] move: Snap Trap|[partiallytrapped]\n|upkeep\n|turn|5\n|\n|t:|1698592981\n|move|p2a: Goodra|Flamethrower|p1a: Carnivine\n|-supereffective|p1a: Carnivine\n|-damage|p1a: Carnivine|31\/100\n|move|p1a: Carnivine|Synthesis|p1a: Carnivine\n|-heal|p1a: Carnivine|81\/100\n|\n|-heal|p1a: Carnivine|87\/100|[from] item: Black Sludge\n|-damage|p2a: Goodra|63\/100|[from] move: Snap Trap|[partiallytrapped]\n|upkeep\n|turn|6\n|\n|t:|1698592990\n|switch|p1a: Milotic|Milotic-Sevii, F|100\/100\n|move|p2a: Goodra|Flamethrower|p1a: Milotic\n|-damage|p1a: Milotic|83\/100\n|\n|-heal|p1a: Milotic|89\/100|[from] item: Leftovers\n|-end|p2a: Goodra|Snap Trap|[partiallytrapped]|[silent]\n|upkeep\n|turn|7\n|\n|t:|1698592996\n|move|p1a: Milotic|Scald|p2a: Goodra\n|-resisted|p2a: Goodra\n|-damage|p2a: Goodra|57\/100\n|move|p2a: Goodra|Heavy Slam|p1a: Milotic\n|-supereffective|p1a: Milotic\n|-damage|p1a: Milotic|46\/100\n|\n|-heal|p1a: Milotic|52\/100|[from] item: Leftovers\n|upkeep\n|turn|8\n|\n|t:|1698593004\n|switch|p2a: Samurott|Samurott-Hisui, F|100\/100\n|move|p1a: Milotic|Scorching Sands|p2a: Samurott\n|-damage|p2a: Samurott|50\/100\n|-status|p2a: Samurott|brn\n|\n|-heal|p1a: Milotic|58\/100|[from] item: Leftovers\n|-damage|p2a: Samurott|44\/100 brn|[from] brn\n|upkeep\n|turn|9\n|c|\u2606AugSaas|tome\n|\n|t:|1698593013\n|move|p2a: Samurott|Ceaseless Edge|p1a: Milotic|[miss]\n|-miss|p2a: Samurott|p1a: Milotic\n|move|p1a: Milotic|Shore Up|p1a: Milotic\n|-heal|p1a: Milotic|100\/100\n|\n|-damage|p2a: Samurott|38\/100 brn|[from] brn\n|upkeep\n|turn|10\n|\n|t:|1698593015\n|move|p2a: Samurott|Ceaseless Edge|p1a: Milotic\n|-resisted|p1a: Milotic\n|-damage|p1a: Milotic|86\/100\n|-sidestart|p1: AugSaas|Spikes\n|-damage|p2a: Samurott|28\/100 brn|[from] item: Life Orb\n|move|p1a: Milotic|Moonblast|p2a: Samurott\n|-supereffective|p2a: Samurott\n|-damage|p2a: Samurott|0 fnt\n|faint|p2a: Samurott\n|\n|-heal|p1a: Milotic|92\/100|[from] item: Leftovers\n|upkeep\n|c| santosmaconha|mas nem tem paldea rapaz\n|\n|t:|1698593024\n|switch|p2a: Enamorus|Enamorus, F|100\/100\n|turn|11\n|c|\u2606AugSaas|koraidon \u00e9 meu lendario ubers\n|c| santosmaconha|oloco\n|c|\u2606AugSaas|o resto \u00e9 sevii\n|\n|t:|1698593045\n|switch|p1a: Carnivine|Carnivine-Sevii, F|87\/100\n|move|p2a: Enamorus|Fleur Cannon|p1a: Carnivine\n|-resisted|p1a: Carnivine\n|-damage|p1a: Carnivine|67\/100\n|-boost|p2a: Enamorus|spa|2\n|\n|-heal|p1a: Carnivine|73\/100|[from] item: Black Sludge\n|upkeep\n|turn|12\n|\n|t:|1698593057\n|switch|p2a: Electrode|Electrode-Hisui|100\/100\n|move|p1a: Carnivine|Snap Trap|p2a: Electrode|[miss]\n|-miss|p1a: Carnivine|p2a: Electrode\n|\n|-heal|p1a: Carnivine|79\/100|[from] item: Black Sludge\n|upkeep\n|turn|13\n|c|\u2606AugSaas|contrary fluer cannon...\n|c|\u2606AugSaas|...\n|\n|t:|1698593078\n|move|p2a: Electrode|Volt Switch|p1a: Carnivine\n|-damage|p1a: Carnivine|38\/100\n|-damage|p2a: Electrode|91\/100|[from] item: Life Orb\n|\n|t:|1698593085\n|switch|p2a: Ursaluna|Ursaluna, F|82\/100 brn|[from] Volt Switch\n|move|p1a: Carnivine|Snap Trap|p2a: Ursaluna\n|-damage|p2a: Ursaluna|59\/100 brn\n|-activate|p2a: Ursaluna|move: Snap Trap|[of] p1a: Carnivine\n|\n|-heal|p1a: Carnivine|44\/100|[from] item: Black Sludge\n|-damage|p2a: Ursaluna|53\/100 brn|[from] brn\n|-damage|p2a: Ursaluna|40\/100 brn|[from] move: Snap Trap|[partiallytrapped]\n|upkeep\n|turn|14\n|\n|t:|1698593092\n|move|p1a: Carnivine|Protect|p1a: Carnivine\n|-singleturn|p1a: Carnivine|Protect\n|move|p2a: Ursaluna|Close Combat|p1a: Carnivine\n|-activate|p1a: Carnivine|move: Protect\n|\n|-heal|p1a: Carnivine|50\/100|[from] item: Black Sludge\n|-damage|p2a: Ursaluna|34\/100 brn|[from] brn\n|-damage|p2a: Ursaluna|21\/100 brn|[from] move: Snap Trap|[partiallytrapped]\n|upkeep\n|turn|15\n|c| santosmaconha|carnivine \u00e9 mto chato\n|\n|t:|1698593100\n|move|p2a: Ursaluna|Close Combat|p1a: Carnivine\n|-damage|p1a: Carnivine|0 fnt\n|-unboost|p2a: Ursaluna|def|1\n|-unboost|p2a: Ursaluna|spd|1\n|faint|p1a: Carnivine\n|\n|-damage|p2a: Ursaluna|15\/100 brn|[from] brn\n|-end|p2a: Ursaluna|Snap Trap|[partiallytrapped]|[silent]\n|upkeep\n|c|\u2606AugSaas|oxi\n|c|\u2606GNlinde|fire\n|c|\u2606AugSaas|levava?\n|c|\u2606GNlinde|sim\n|c|\u2606GNlinde|flame orb\n|c|\u2606GNlinde|guts\n|c|\u2606AugSaas|mas\n|j| Mr cyphon\n|c|\u2606AugSaas|oq ursaluna faz\n|c|\u2606AugSaas|contra isso\n|inactive|AugSaas has 270 seconds left.\n|\n|t:|1698593130\n|switch|p1a: Noivern-Sevii|Noivern-Sevii, F|100\/100\n|turn|16\n|l| Mr cyphon\n|c| santosmaconha|st sap fez falta\n|\n|t:|1698593147\n|move|p1a: Noivern-Sevii|Dragon Dance|p1a: Noivern-Sevii\n|-boost|p1a: Noivern-Sevii|atk|1\n|-boost|p1a: Noivern-Sevii|spe|1\n|move|p2a: Ursaluna|Earthquake|p1a: Noivern-Sevii\n|-immune|p1a: Noivern-Sevii|[from] ability: Levitate\n|\n|-damage|p2a: Ursaluna|9\/100 brn|[from] brn\n|upkeep\n|turn|17\n|\n|t:|1698593151\n|switch|p2a: Enamorus|Enamorus, F|100\/100\n|move|p1a: Noivern-Sevii|Dragon Dance|p1a: Noivern-Sevii\n|-boost|p1a: Noivern-Sevii|atk|1\n|-boost|p1a: Noivern-Sevii|spe|1\n|\n|upkeep\n|turn|18\n|\n|t:|1698593157\n|move|p1a: Noivern-Sevii|Stone Edge|p2a: Enamorus\n|-supereffective|p2a: Enamorus\n|-crit|p2a: Enamorus\n|-damage|p2a: Enamorus|0 fnt\n|faint|p2a: Enamorus\n|\n|upkeep\n|\n|t:|1698593162\n|switch|p2a: Electrode|Electrode-Hisui|91\/100\n|turn|19\n|\n|t:|1698593166\n|move|p1a: Noivern-Sevii|Poltergeist|p2a: Electrode\n|-activate|p2a: Electrode|move: Poltergeist|Life Orb\n|-damage|p2a: Electrode|0 fnt\n|faint|p2a: Electrode\n|\n|upkeep\n|c| santosmaconha|LOL\n|\n|t:|1698593179\n|switch|p2a: Goodra|Goodra-Hisui, M|57\/100\n|turn|20\n|\n|t:|1698593183\n|move|p1a: Noivern-Sevii|Poltergeist|p2a: Goodra\n|-activate|p2a: Goodra|move: Poltergeist|Assault Vest\n|-damage|p2a: Goodra|0 fnt\n|faint|p2a: Goodra\n|\n|upkeep\n|\n|t:|1698593194\n|switch|p2a: Sneasler|Sneasler, F|100\/100\n|turn|21\n|c|\u2606AugSaas|o medo de errar \u00e9 grande\n|\n|t:|1698593198\n|move|p1a: Noivern-Sevii|Poltergeist|p2a: Sneasler|[miss]\n|-miss|p1a: Noivern-Sevii|p2a: Sneasler\n|move|p2a: Sneasler|Dire Claw|p1a: Noivern-Sevii\n|-resisted|p1a: Noivern-Sevii\n|-damage|p1a: Noivern-Sevii|87\/100\n|\n|upkeep\n|turn|22\n|\n|t:|1698593202\n|move|p1a: Noivern-Sevii|Poltergeist|p2a: Sneasler\n|-activate|p2a: Sneasler|move: Poltergeist|Normal Gem\n|-damage|p2a: Sneasler|0 fnt\n|faint|p2a: Sneasler\n|\n|upkeep\n|c|\u2606AugSaas|...\n|\n|t:|1698593204\n|switch|p2a: Ursaluna|Ursaluna, F|9\/100 brn\n|turn|23\n|c|\u2606AugSaas|ainda bem q n deu stats\n|\n|t:|1698593211\n|move|p1a: Noivern-Sevii|Stone Edge|p2a: Ursaluna\n|-resisted|p2a: Ursaluna\n|-damage|p2a: Ursaluna|0 fnt\n|faint|p2a: Ursaluna\n|\n|win|AugSaas\n|c| santosmaconha|resiste 4x a poison\n|l|\u2606GNlinde\n|c| santosmaconha|\u00e9 fogo\n","uploadtime":1698593221,"views":10,"p1id":"augsaas","p2id":"gnlinde","formatid":"gen9ubers","rating":0,"private":0,"password":""}