{"id":"radicalred-gen9ubers-540031","p1":"divinereaper202","p2":"blurngr","format":"[Gen 9] Ubers","log":"|j|\u2606divinereaper202\n|j|\u2606blurngr\n|t:|1698697822\n|gametype|singles\n|player|p1|divinereaper202|rr-necrozma|\n|player|p2|blurngr|102|\n|teamsize|p1|6\n|teamsize|p2|6\n|gen|9\n|tier|[Gen 9] Ubers\n|rule|Sleep Clause Mod: Limit one foe put to sleep\n|rule|Species Clause: Limit one of each Pok\u00e9mon\n|rule|OHKO Clause: OHKO moves are banned\n|rule|Evasion Abilities Clause: Evasion abilities are banned\n|rule|Evasion Items Clause: Evasion items are banned\n|rule|Evasion Moves Clause: Evasion moves are banned\n|rule|Endless Battle Clause: Forcing endless battles is banned\n|rule|HP Percentage Mod: HP is shown in percentages\n|rule|Dynamax Clause: You cannot dynamax\n|rule|Mega Rayquaza Clause: You cannot mega evolve Rayquaza\n|clearpoke\n|poke|p1|Falinks|\n|poke|p1|Orthworm, F|\n|poke|p1|Dragapult, F|\n|poke|p1|Ting-Lu|\n|poke|p1|Milotic, M|\n|poke|p1|Diancie|\n|poke|p2|Delphox, F|\n|poke|p2|Krookodile, M|\n|poke|p2|Florges, F|\n|poke|p2|Kingler, F|\n|poke|p2|Tornadus-Therian, M|\n|poke|p2|Zebstrika-Sevii, M|\n|teampreview\n|c|\u2606blurngr|gl hf\n|c|\u2606divinereaper202|u2\n|\n|t:|1698697902\n|start\n|switch|p1a: Milotic|Milotic, M|100\/100\n|switch|p2a: Kingler|Kingler, F|100\/100\n|turn|1\n|\n|t:|1698697919\n|detailschange|p2a: Kingler|Kingler-Mega, F\n|-mega|p2a: Kingler|Kingler|Kinglerite\n|move|p2a: Kingler|Flip Turn|p1a: Milotic\n|-resisted|p1a: Milotic\n|-damage|p1a: Milotic|86\/100\n|\n|t:|1698697928\n|switch|p2a: Zebstrika|Zebstrika-Sevii, M|100\/100|[from] Flip Turn\n|move|p1a: Milotic|Recover|p1a: Milotic\n|-heal|p1a: Milotic|100\/100\n|\n|upkeep\n|turn|2\n|\n|t:|1698697952\n|move|p2a: Zebstrika|Volt Switch|p1a: Milotic\n|-supereffective|p1a: Milotic\n|-damage|p1a: Milotic|57\/100\n|\n|t:|1698697957\n|switch|p2a: Tornadus|Tornadus-Therian, M|100\/100|[from] Volt Switch\n|move|p1a: Milotic|Flip Turn|p2a: Tornadus\n|-damage|p2a: Tornadus|87\/100\n|-damage|p1a: Milotic|41\/100|[from] item: Rocky Helmet|[of] p2a: Tornadus\n|\n|t:|1698697970\n|switch|p1a: Dragapult|Dragapult, F, shiny|100\/100|[from] Flip Turn\n|\n|upkeep\n|turn|3\n|j| razorgliscor472\n|\n|t:|1698697987\n|move|p1a: Dragapult|U-turn|p2a: Tornadus\n|-resisted|p2a: Tornadus\n|-damage|p2a: Tornadus|79\/100\n|-damage|p1a: Dragapult|84\/100|[from] item: Rocky Helmet|[of] p2a: Tornadus\n|\n|t:|1698697990\n|switch|p1a: Diancie|Diancie|100\/100|[from] U-turn\n|move|p2a: Tornadus|Knock Off|p1a: Diancie\n|-resisted|p1a: Diancie\n|-damage|p1a: Diancie|94\/100\n|\n|upkeep\n|turn|4\n|\n|t:|1698698000\n|switch|p2a: Florges|Florges, F|100\/100\n|detailschange|p1a: Diancie|Diancie-Mega\n|-mega|p1a: Diancie|Diancie|Diancite\n|move|p1a: Diancie|Diamond Storm|p2a: Florges\n|-damage|p2a: Florges|72\/100\n|\n|-heal|p2a: Florges|78\/100|[from] item: Leftovers\n|upkeep\n|turn|5\n|\n|t:|1698698013\n|switch|p1a: Orthworm|Orthworm, F|100\/100\n|move|p2a: Florges|Moonblast|p1a: Orthworm\n|-resisted|p1a: Orthworm\n|-damage|p1a: Orthworm|71\/100\n|\n|-heal|p2a: Florges|84\/100|[from] item: Leftovers\n|upkeep\n|turn|6\n|\n|t:|1698698018\n|switch|p2a: Delphox|Delphox, F|100\/100\n|move|p1a: Orthworm|Shed Tail|p1a: Orthworm\n|-start|p1a: Orthworm|Substitute|[from] move: Shed Tail\n|-damage|p1a: Orthworm|21\/100\n|-enditem|p1a: Orthworm|Sitrus Berry|[eat]\n|-heal|p1a: Orthworm|45\/100|[from] item: Sitrus Berry\n|j| BraxGrifRow\n|\n|t:|1698698021\n|switch|p1a: Falinks|Falinks, shiny|100\/100|[from] Shed Tail\n|\n|upkeep\n|turn|7\n|c| razorgliscor472|I thought we were about to have a W reader moment\n|\n|t:|1698698051\n|move|p2a: Delphox|Substitute|p2a: Delphox\n|-start|p2a: Delphox|Substitute\n|-damage|p2a: Delphox|75\/100\n|move|p1a: Falinks|No Retreat|p1a: Falinks\n|-boost|p1a: Falinks|atk|1\n|-boost|p1a: Falinks|def|1\n|-boost|p1a: Falinks|spa|1\n|-boost|p1a: Falinks|spd|1\n|-boost|p1a: Falinks|spe|1\n|-start|p1a: Falinks|move: No Retreat\n|\n|upkeep\n|turn|8\n|c| razorgliscor472|(Diamond Storm being changed from Physical to Special)\n|c|\u2606divinereaper202|Yeah it really nice\n|\n|t:|1698698072\n|move|p1a: Falinks|Rock Slide|p2a: Delphox\n|-supereffective|p2a: Delphox\n|-end|p2a: Delphox|Substitute\n|move|p2a: Delphox|Psyshock|p1a: Falinks\n|-supereffective|p1a: Falinks\n|-end|p1a: Falinks|Substitute\n|\n|upkeep\n|turn|9\n|\n|t:|1698698081\n|switch|p2a: Tornadus|Tornadus-Therian, M|100\/100\n|-zpower|p1a: Falinks\n|move|p1a: Falinks|Continental Crush|p2a: Tornadus|[zeffect]\n|-supereffective|p2a: Tornadus\n|-damage|p2a: Tornadus|0 fnt\n|faint|p2a: Tornadus\n|\n|upkeep\n|\n|t:|1698698083\n|switch|p2a: Krookodile|Krookodile, M|100\/100\n|-ability|p2a: Krookodile|Intimidate|boost\n|-unboost|p1a: Falinks|atk|1\n|-ability|p1a: Falinks|Defiant|boost\n|-boost|p1a: Falinks|atk|2\n|turn|10\n|c| razorgliscor472|Whats the play????\n|c|\u2606divinereaper202|Hoping I was battle armor\n|l| BraxGrifRow\n|\n|t:|1698698129\n|move|p2a: Krookodile|Wicked Blow|p1a: Falinks\n|-resisted|p1a: Falinks\n|-crit|p1a: Falinks\n|-damage|p1a: Falinks|63\/100\n|move|p1a: Falinks|Close Combat|p2a: Krookodile\n|-supereffective|p2a: Krookodile\n|-damage|p2a: Krookodile|0 fnt\n|-unboost|p1a: Falinks|def|1\n|-unboost|p1a: Falinks|spd|1\n|faint|p2a: Krookodile\n|\n|upkeep\n|\n|t:|1698698140\n|switch|p2a: Florges|Florges, F|84\/100\n|turn|11\n|c| razorgliscor472|Btw krook shouldve had Aerial ace\n|\n|t:|1698698144\n|move|p1a: Falinks|Close Combat|p2a: Florges\n|-resisted|p2a: Florges\n|-damage|p2a: Florges|10\/100\n|-unboost|p1a: Falinks|def|1\n|-unboost|p1a: Falinks|spd|1\n|move|p2a: Florges|Moonblast|p1a: Falinks\n|-supereffective|p1a: Falinks\n|-damage|p1a: Falinks|0 fnt\n|faint|p1a: Falinks\n|\n|-heal|p2a: Florges|16\/100|[from] item: Leftovers\n|upkeep\n|c| razorgliscor472|Im p sure thats a thing\n|\n|t:|1698698155\n|switch|p1a: Diancie|Diancie-Mega|94\/100\n|turn|12\n|\n|t:|1698698169\n|move|p1a: Diancie|Earth Power|p2a: Florges\n|-damage|p2a: Florges|0 fnt\n|faint|p2a: Florges\n|\n|upkeep\n|c|\u2606blurngr|gg\n|c| razorgliscor472|Yeah krook gets aerial ace\n|c|\u2606blurngr|cool\n|c|\u2606blurngr|idc\n|\n|t:|1698698203\n|switch|p2a: Kingler|Kingler-Mega, F|100\/100\n|turn|13\n|c| razorgliscor472|Im mostly joking\n|c|\u2606blurngr|oh ok\n|c|\u2606blurngr|mb\n|c| razorgliscor472|That might not even kill\n|\n|t:|1698698227\n|move|p1a: Diancie|Earth Power|p2a: Kingler\n|-supereffective|p2a: Kingler\n|-damage|p2a: Kingler|0 fnt\n|faint|p2a: Kingler\n|\n|upkeep\n|\n|t:|1698698232\n|switch|p2a: Zebstrika|Zebstrika-Sevii, M|100\/100\n|turn|14\n|\n|t:|1698698239\n|move|p2a: Zebstrika|Thunderbolt|p1a: Diancie\n|-damage|p1a: Diancie|43\/100\n|move|p1a: Diancie|Diamond Storm|p2a: Zebstrika\n|-supereffective|p2a: Zebstrika\n|-damage|p2a: Zebstrika|0 fnt\n|-boost|p1a: Diancie|def|2\n|faint|p2a: Zebstrika\n|\n|upkeep\n|\n|t:|1698698244\n|switch|p2a: Delphox|Delphox, F|75\/100\n|turn|15\n|\n|t:|1698698250\n|move|p1a: Diancie|Diamond Storm|p2a: Delphox\n|-supereffective|p2a: Delphox\n|-damage|p2a: Delphox|0 fnt\n|-boost|p1a: Diancie|def|2\n|faint|p2a: Delphox\n|\n|win|divinereaper202\n|c|\u2606blurngr|gg\n","uploadtime":1698698258,"views":26,"p1id":"divinereaper202","p2id":"blurngr","formatid":"gen9ubers","rating":0,"private":0,"password":""}