{"id":"radicalred-gen9ubers-546794","p1":"nose xd123","p2":"Heidhall","format":"[Gen 9] Ubers","log":"|j|\u2606nose xd123\n|j|\u2606Heidhall\n|t:|1700061777\n|gametype|singles\n|player|p1|nose xd123|rr-charizardmegax|\n|player|p2|Heidhall|rr-jirachi|\n|teamsize|p1|6\n|teamsize|p2|6\n|gen|9\n|tier|[Gen 9] Ubers\n|rule|Sleep Clause Mod: Limit one foe put to sleep\n|rule|Species Clause: Limit one of each Pok\u00e9mon\n|rule|OHKO Clause: OHKO moves are banned\n|rule|Evasion Abilities Clause: Evasion abilities are banned\n|rule|Evasion Items Clause: Evasion items are banned\n|rule|Evasion Moves Clause: Evasion moves are banned\n|rule|Endless Battle Clause: Forcing endless battles is banned\n|rule|HP Percentage Mod: HP is shown in percentages\n|rule|Dynamax Clause: You cannot dynamax\n|rule|Mega Rayquaza Clause: You cannot mega evolve Rayquaza\n|clearpoke\n|poke|p1|Donphan, M|\n|poke|p1|Rillaboom, F|\n|poke|p1|Gholdengo|\n|poke|p1|Grimmsnarl, M|\n|poke|p1|Alomomola, F|\n|poke|p1|Machamp, M|\n|poke|p2|Raichu-Alola, M|\n|poke|p2|Scizor, M|\n|poke|p2|Shuckle, M|\n|poke|p2|Centiskorch-Sevii, M|\n|poke|p2|Manectric, M|\n|poke|p2|Tapu Koko|\n|teampreview\n|\n|t:|1700061804\n|start\n|switch|p1a: Grimmsnarl|Grimmsnarl, M|100\/100\n|switch|p2a: Cizalla|Scizor, M|100\/100\n|turn|1\n|c|\u2606Heidhall|Buena suerte.\n|\n|t:|1700061812\n|move|p2a: Cizalla|Bullet Punch|p1a: Grimmsnarl\n|-supereffective|p1a: Grimmsnarl\n|-damage|p1a: Grimmsnarl|28\/100\n|move|p1a: Grimmsnarl|Parting Shot|p2a: Cizalla\n|-unboost|p2a: Cizalla|atk|1\n|-unboost|p2a: Cizalla|spa|1\n|\n|t:|1700061830\n|switch|p1a: Alomomola|Alomomola, F|100\/100|[from] Parting Shot\n|\n|upkeep\n|turn|2\n|\n|t:|1700061835\n|move|p2a: Cizalla|U-turn|p1a: Alomomola\n|-damage|p1a: Alomomola|86\/100\n|-damage|p2a: Cizalla|84\/100|[from] item: Rocky Helmet|[of] p1a: Alomomola\n|\n|t:|1700061841\n|switch|p2a: Chili Peper|Tapu Koko, shiny|100\/100|[from] U-turn\n|-fieldstart|move: Electric Terrain|[from] ability: Electric Surge|[of] p2a: Chili Peper\n|move|p1a: Alomomola|Scald|p2a: Chili Peper\n|-damage|p2a: Chili Peper|82\/100\n|\n|upkeep\n|turn|3\n|\n|t:|1700061852\n|switch|p1a: Donphan|Donphan, M|100\/100\n|move|p2a: Chili Peper|U-turn|p1a: Donphan\n|-damage|p1a: Donphan|83\/100\n|\n|t:|1700061859\n|switch|p2a: Zipzapte|Raichu-Alola, M, shiny|100\/100|[from] U-turn\n|\n|-heal|p1a: Donphan|90\/100|[from] item: Leftovers\n|upkeep\n|turn|4\n|\n|t:|1700061866\n|switch|p1a: Rillaboom|Rillaboom, F|100\/100\n|-fieldstart|move: Grassy Terrain|[from] ability: Grassy Surge|[of] p1a: Rillaboom\n|move|p2a: Zipzapte|Grass Knot|p1a: Rillaboom\n|-resisted|p1a: Rillaboom\n|-damage|p1a: Rillaboom|78\/100\n|-damage|p2a: Zipzapte|91\/100|[from] item: Life Orb\n|\n|-heal|p2a: Zipzapte|97\/100|[from] Grassy Terrain\n|-heal|p1a: Rillaboom|84\/100|[from] Grassy Terrain\n|upkeep\n|turn|5\n|\n|t:|1700061881\n|switch|p2a: Coraza|Shuckle, M, shiny|100\/100\n|move|p1a: Rillaboom|U-turn|p2a: Coraza\n|-damage|p2a: Coraza|79\/100\n|-enditem|p2a: Coraza|Red Card|[of] p1a: Rillaboom\n|drag|p1a: Alomomola|Alomomola, F|100\/100\n|\n|-heal|p2a: Coraza|85\/100|[from] Grassy Terrain\n|upkeep\n|turn|6\n|\n|t:|1700061894\n|move|p1a: Alomomola|Flip Turn|p2a: Coraza\n|-supereffective|p2a: Coraza\n|-damage|p2a: Coraza|70\/100\n|\n|t:|1700061897\n|switch|p1a: Donphan|Donphan, M|90\/100|[from] Flip Turn\n|move|p2a: Coraza|Sticky Web|p1a: Donphan\n|-sidestart|p1: nose xd123|move: Sticky Web\n|\n|-heal|p1a: Donphan|96\/100|[from] Grassy Terrain\n|-heal|p1a: Donphan|100\/100|[from] item: Leftovers\n|-heal|p2a: Coraza|76\/100|[from] Grassy Terrain\n|upkeep\n|turn|7\n|\n|t:|1700061910\n|switch|p2a: Bolt|Manectric, M, shiny|100\/100\n|-ability|p2a: Bolt|Intimidate|boost\n|-unboost|p1a: Donphan|atk|1\n|move|p1a: Donphan|Rapid Spin|p2a: Bolt\n|-crit|p2a: Bolt\n|-damage|p2a: Bolt|52\/100\n|-boost|p1a: Donphan|spe|1\n|-sideend|p1: nose xd123|Sticky Web|[from] move: Rapid Spin|[of] p1a: Donphan\n|\n|-heal|p2a: Bolt|58\/100|[from] Grassy Terrain\n|upkeep\n|turn|8\n|\n|t:|1700061926\n|switch|p1a: Alomomola|Alomomola, F|100\/100\n|detailschange|p2a: Bolt|Manectric-Mega, M, shiny\n|-mega|p2a: Bolt|Manectric|Manectite\n|-ability|p2a: Bolt|Intimidate|boost\n|-unboost|p1a: Alomomola|atk|1\n|move|p2a: Bolt|Hidden Power|p1a: Alomomola\n|-resisted|p1a: Alomomola\n|-damage|p1a: Alomomola|89\/100\n|\n|-heal|p2a: Bolt|64\/100|[from] Grassy Terrain\n|-heal|p1a: Alomomola|95\/100|[from] Grassy Terrain\n|-fieldend|move: Grassy Terrain\n|upkeep\n|turn|9\n|\n|t:|1700061940\n|move|p1a: Alomomola|Protect|p1a: Alomomola\n|-singleturn|p1a: Alomomola|Protect\n|move|p2a: Bolt|Volt Switch|p1a: Alomomola\n|-activate|p1a: Alomomola|move: Protect\n|\n|upkeep\n|turn|10\n|\n|t:|1700061946\n|switch|p1a: Donphan|Donphan, M|100\/100\n|move|p2a: Bolt|Volt Switch|p1a: Donphan\n|-immune|p1a: Donphan\n|\n|upkeep\n|turn|11\n|\n|t:|1700061961\n|switch|p2a: Escolopenbra.|Centiskorch-Sevii, M, shiny|100\/100\n|-ability|p2a: Escolopenbra.|Mold Breaker\n|move|p1a: Donphan|Bonemerang|p2a: Escolopenbra.\n|-resisted|p2a: Escolopenbra.\n|-damage|p2a: Escolopenbra.|82\/100\n|-resisted|p2a: Escolopenbra.\n|-damage|p2a: Escolopenbra.|66\/100\n|-hitcount|p2a: Escolopenbra.|2\n|\n|-heal|p2a: Escolopenbra.|72\/100|[from] item: Leftovers\n|upkeep\n|turn|12\n|\n|t:|1700061973\n|move|p1a: Donphan|Ice Shard|p2a: Escolopenbra.\n|-supereffective|p2a: Escolopenbra.\n|-damage|p2a: Escolopenbra.|35\/100\n|move|p2a: Escolopenbra.|Coil|p2a: Escolopenbra.\n|-boost|p2a: Escolopenbra.|atk|1\n|-boost|p2a: Escolopenbra.|def|1\n|-boost|p2a: Escolopenbra.|accuracy|1\n|\n|-heal|p2a: Escolopenbra.|42\/100|[from] item: Leftovers\n|upkeep\n|turn|13\n|\n|t:|1700061984\n|move|p1a: Donphan|Ice Shard|p2a: Escolopenbra.\n|-supereffective|p2a: Escolopenbra.\n|-damage|p2a: Escolopenbra.|17\/100\n|move|p2a: Escolopenbra.|Leech Life|p1a: Donphan\n|-damage|p1a: Donphan|64\/100\n|-heal|p2a: Escolopenbra.|35\/100|[from] drain|[of] p1a: Donphan\n|\n|-heal|p2a: Escolopenbra.|41\/100|[from] item: Leftovers\n|-heal|p1a: Donphan|70\/100|[from] item: Leftovers\n|upkeep\n|turn|14\n|\n|t:|1700061995\n|switch|p1a: Alomomola|Alomomola, F|100\/100\n|move|p2a: Escolopenbra.|Leech Life|p1a: Alomomola\n|-damage|p1a: Alomomola|74\/100\n|-heal|p2a: Escolopenbra.|60\/100|[from] drain|[of] p1a: Alomomola\n|-damage|p2a: Escolopenbra.|43\/100|[from] item: Rocky Helmet|[of] p1a: Alomomola\n|\n|-heal|p2a: Escolopenbra.|49\/100|[from] item: Leftovers\n|upkeep\n|turn|15\n|\n|t:|1700062010\n|switch|p2a: Chili Peper|Tapu Koko, shiny|82\/100\n|-fieldstart|move: Electric Terrain|[from] ability: Electric Surge|[of] p2a: Chili Peper\n|move|p1a: Alomomola|Toxic|p2a: Chili Peper\n|-status|p2a: Chili Peper|tox\n|\n|-damage|p2a: Chili Peper|76\/100 tox|[from] psn\n|upkeep\n|turn|16\n|\n|t:|1700062019\n|move|p1a: Alomomola|Protect|p1a: Alomomola\n|-singleturn|p1a: Alomomola|Protect\n|move|p2a: Chili Peper|Thunder Punch|p1a: Alomomola\n|-activate|p1a: Alomomola|move: Protect\n|\n|-damage|p2a: Chili Peper|64\/100 tox|[from] psn\n|upkeep\n|turn|17\n|\n|t:|1700062032\n|switch|p1a: Rillaboom|Rillaboom, F|84\/100\n|-fieldstart|move: Grassy Terrain|[from] ability: Grassy Surge|[of] p1a: Rillaboom\n|move|p2a: Chili Peper|Roost|p2a: Chili Peper\n|-heal|p2a: Chili Peper|100\/100 tox\n|-singleturn|p2a: Chili Peper|move: Roost\n|\n|-heal|p1a: Rillaboom|90\/100|[from] Grassy Terrain\n|-damage|p2a: Chili Peper|82\/100 tox|[from] psn\n|upkeep\n|turn|18\n|\n|t:|1700062043\n|move|p1a: Rillaboom|Grassy Glide|p2a: Chili Peper\n|-damage|p2a: Chili Peper|0 fnt\n|faint|p2a: Chili Peper\n|\n|-heal|p1a: Rillaboom|96\/100|[from] Grassy Terrain\n|upkeep\n|\n|t:|1700062053\n|switch|p2a: Bolt|Manectric-Mega, M, shiny|64\/100\n|-ability|p2a: Bolt|Intimidate|boost\n|-unboost|p1a: Rillaboom|atk|1\n|turn|19\n|\n|t:|1700062058\n|switch|p1a: Donphan|Donphan, M|70\/100\n|move|p2a: Bolt|Overheat|p1a: Donphan\n|-damage|p1a: Donphan|12\/100\n|-unboost|p2a: Bolt|spa|2\n|\n|-heal|p2a: Bolt|70\/100|[from] Grassy Terrain\n|-heal|p1a: Donphan|18\/100|[from] Grassy Terrain\n|-heal|p1a: Donphan|24\/100|[from] item: Leftovers\n|upkeep\n|turn|20\n|\n|t:|1700062075\n|switch|p1a: Alomomola|Alomomola, F|100\/100\n|move|p2a: Bolt|Hidden Power|p1a: Alomomola\n|-resisted|p1a: Alomomola\n|-damage|p1a: Alomomola|95\/100\n|\n|-heal|p2a: Bolt|76\/100|[from] Grassy Terrain\n|-heal|p1a: Alomomola|100\/100|[from] Grassy Terrain\n|upkeep\n|turn|21\n|\n|t:|1700062085\n|move|p1a: Alomomola|Protect|p1a: Alomomola\n|-singleturn|p1a: Alomomola|Protect\n|move|p2a: Bolt|Volt Switch|p1a: Alomomola\n|-activate|p1a: Alomomola|move: Protect\n|\n|-heal|p2a: Bolt|82\/100|[from] Grassy Terrain\n|-fieldend|move: Grassy Terrain\n|upkeep\n|turn|22\n|\n|t:|1700062096\n|switch|p1a: Rillaboom|Rillaboom, F|96\/100\n|-fieldstart|move: Grassy Terrain|[from] ability: Grassy Surge|[of] p1a: Rillaboom\n|move|p2a: Bolt|Volt Switch|p1a: Rillaboom\n|-resisted|p1a: Rillaboom\n|-damage|p1a: Rillaboom|85\/100\n|\n|t:|1700062102\n|switch|p2a: Cizalla|Scizor, M|84\/100|[from] Volt Switch\n|\n|-heal|p1a: Rillaboom|92\/100|[from] Grassy Terrain\n|-heal|p2a: Cizalla|90\/100|[from] Grassy Terrain\n|upkeep\n|turn|23\n|\n|t:|1700062110\n|move|p1a: Rillaboom|Knock Off|p2a: Cizalla\n|-damage|p2a: Cizalla|40\/100\n|-enditem|p2a: Cizalla|Heavy-Duty Boots|[from] move: Knock Off|[of] p1a: Rillaboom\n|move|p2a: Cizalla|U-turn|p1a: Rillaboom\n|-supereffective|p1a: Rillaboom\n|-damage|p1a: Rillaboom|20\/100\n|\n|t:|1700062129\n|switch|p2a: Coraza|Shuckle, M, shiny|76\/100|[from] U-turn\n|\n|-heal|p1a: Rillaboom|26\/100|[from] Grassy Terrain\n|-heal|p2a: Coraza|82\/100|[from] Grassy Terrain\n|upkeep\n|turn|24\n|\n|t:|1700062137\n|switch|p1a: Donphan|Donphan, M|24\/100\n|move|p2a: Coraza|Toxic|p1a: Donphan\n|-status|p1a: Donphan|tox\n|\n|-heal|p1a: Donphan|30\/100 tox|[from] Grassy Terrain\n|-heal|p1a: Donphan|37\/100 tox|[from] item: Leftovers\n|-heal|p2a: Coraza|88\/100|[from] Grassy Terrain\n|-damage|p1a: Donphan|30\/100 tox|[from] psn\n|upkeep\n|turn|25\n|\n|t:|1700062149\n|move|p1a: Donphan|Bonemerang|p2a: Coraza\n|-damage|p2a: Coraza|72\/100\n|-damage|p2a: Coraza|57\/100\n|-hitcount|p2a: Coraza|2\n|move|p2a: Coraza|Encore|p1a: Donphan\n|-start|p1a: Donphan|Encore\n|\n|-heal|p1a: Donphan|37\/100 tox|[from] Grassy Terrain\n|-heal|p1a: Donphan|43\/100 tox|[from] item: Leftovers\n|-heal|p2a: Coraza|64\/100|[from] Grassy Terrain\n|-damage|p1a: Donphan|30\/100 tox|[from] psn\n|upkeep\n|turn|26\n|\n|t:|1700062163\n|switch|p1a: Alomomola|Alomomola, F|100\/100\n|move|p2a: Coraza|Stealth Rock|p1a: Alomomola\n|-sidestart|p1: nose xd123|move: Stealth Rock\n|\n|-heal|p2a: Coraza|70\/100|[from] Grassy Terrain\n|-fieldend|move: Grassy Terrain\n|upkeep\n|turn|27\n|\n|t:|1700062171\n|move|p1a: Alomomola|Toxic|p2a: Coraza\n|-status|p2a: Coraza|tox\n|move|p2a: Coraza|Sticky Web|p1a: Alomomola\n|-sidestart|p1: nose xd123|move: Sticky Web\n|\n|-damage|p2a: Coraza|64\/100 tox|[from] psn\n|upkeep\n|turn|28\n|\n|t:|1700062179\n|switch|p2a: Cizalla|Scizor, M|40\/100\n|move|p1a: Alomomola|Flip Turn|p2a: Cizalla\n|-damage|p2a: Cizalla|23\/100\n|\n|t:|1700062196\n|switch|p1a: Rillaboom|Rillaboom, F|26\/100|[from] Flip Turn\n|-activate|p1a: Rillaboom|move: Sticky Web\n|-unboost|p1a: Rillaboom|spe|1\n|-damage|p1a: Rillaboom|14\/100|[from] Stealth Rock\n|-fieldstart|move: Grassy Terrain|[from] ability: Grassy Surge|[of] p1a: Rillaboom\n|\n|-heal|p2a: Cizalla|29\/100|[from] Grassy Terrain\n|-heal|p1a: Rillaboom|20\/100|[from] Grassy Terrain\n|upkeep\n|turn|29\n|\n|t:|1700062209\n|switch|p1a: Alomomola|Alomomola, F|100\/100\n|-damage|p1a: Alomomola|88\/100|[from] Stealth Rock\n|-activate|p1a: Alomomola|move: Sticky Web\n|-unboost|p1a: Alomomola|spe|1\n|move|p2a: Cizalla|Bullet Punch|p1a: Alomomola\n|-resisted|p1a: Alomomola\n|-damage|p1a: Alomomola|79\/100\n|-damage|p2a: Cizalla|12\/100|[from] item: Rocky Helmet|[of] p1a: Alomomola\n|\n|-heal|p2a: Cizalla|19\/100|[from] Grassy Terrain\n|-heal|p1a: Alomomola|86\/100|[from] Grassy Terrain\n|upkeep\n|turn|30\n|\n|t:|1700062222\n|move|p2a: Cizalla|Roost|p2a: Cizalla\n|-heal|p2a: Cizalla|69\/100\n|-singleturn|p2a: Cizalla|move: Roost\n|move|p1a: Alomomola|Flip Turn|p2a: Cizalla\n|-damage|p2a: Cizalla|51\/100\n|\n|t:|1700062227\n|switch|p1a: Donphan|Donphan, M|30\/100 tox|[from] Flip Turn\n|-damage|p1a: Donphan|24\/100 tox|[from] Stealth Rock\n|-activate|p1a: Donphan|move: Sticky Web\n|-unboost|p1a: Donphan|spe|1\n|\n|-heal|p2a: Cizalla|57\/100|[from] Grassy Terrain\n|-heal|p1a: Donphan|30\/100 tox|[from] Grassy Terrain\n|-heal|p1a: Donphan|37\/100 tox|[from] item: Leftovers\n|-damage|p1a: Donphan|30\/100 tox|[from] psn\n|upkeep\n|turn|31\n|\n|t:|1700062245\n|move|p2a: Cizalla|Roost|p2a: Cizalla\n|-heal|p2a: Cizalla|100\/100\n|-singleturn|p2a: Cizalla|move: Roost\n|move|p1a: Donphan|Rapid Spin|p2a: Cizalla\n|-resisted|p2a: Cizalla\n|-damage|p2a: Cizalla|92\/100\n|-boost|p1a: Donphan|spe|1\n|-sideend|p1: nose xd123|Stealth Rock|[from] move: Rapid Spin|[of] p1a: Donphan\n|-sideend|p1: nose xd123|Sticky Web|[from] move: Rapid Spin|[of] p1a: Donphan\n|\n|-heal|p2a: Cizalla|98\/100|[from] Grassy Terrain\n|-heal|p1a: Donphan|37\/100 tox|[from] Grassy Terrain\n|-heal|p1a: Donphan|43\/100 tox|[from] item: Leftovers\n|-damage|p1a: Donphan|30\/100 tox|[from] psn\n|upkeep\n|turn|32\n|\n|t:|1700062259\n|switch|p1a: Alomomola|Alomomola, F|100\/100\n|move|p2a: Cizalla|Bullet Punch|p1a: Alomomola\n|-resisted|p1a: Alomomola\n|-damage|p1a: Alomomola|92\/100\n|-damage|p2a: Cizalla|82\/100|[from] item: Rocky Helmet|[of] p1a: Alomomola\n|\n|-heal|p2a: Cizalla|88\/100|[from] Grassy Terrain\n|-heal|p1a: Alomomola|98\/100|[from] Grassy Terrain\n|-fieldend|move: Grassy Terrain\n|upkeep\n|turn|33\n|\n|t:|1700062278\n|move|p2a: Cizalla|U-turn|p1a: Alomomola\n|-damage|p1a: Alomomola|76\/100\n|-damage|p2a: Cizalla|71\/100|[from] item: Rocky Helmet|[of] p1a: Alomomola\n|\n|t:|1700062282\n|switch|p2a: Bolt|Manectric-Mega, M, shiny|82\/100|[from] U-turn\n|-ability|p2a: Bolt|Intimidate|boost\n|-unboost|p1a: Alomomola|atk|1\n|move|p1a: Alomomola|Flip Turn|p2a: Bolt\n|-damage|p2a: Bolt|67\/100\n|\n|t:|1700062287\n|switch|p1a: Rillaboom|Rillaboom, F|20\/100|[from] Flip Turn\n|-fieldstart|move: Grassy Terrain|[from] ability: Grassy Surge|[of] p1a: Rillaboom\n|\n|-heal|p2a: Bolt|73\/100|[from] Grassy Terrain\n|-heal|p1a: Rillaboom|26\/100|[from] Grassy Terrain\n|upkeep\n|turn|34\n|\n|t:|1700062297\n|move|p1a: Rillaboom|Grassy Glide|p2a: Bolt\n|-damage|p2a: Bolt|0 fnt\n|faint|p2a: Bolt\n|\n|-heal|p1a: Rillaboom|32\/100|[from] Grassy Terrain\n|upkeep\n|\n|t:|1700062311\n|switch|p2a: Cizalla|Scizor, M|71\/100\n|turn|35\n|\n|t:|1700062314\n|switch|p1a: Alomomola|Alomomola, F|100\/100\n|move|p2a: Cizalla|Bullet Punch|p1a: Alomomola\n|-resisted|p1a: Alomomola\n|-damage|p1a: Alomomola|91\/100\n|-damage|p2a: Cizalla|55\/100|[from] item: Rocky Helmet|[of] p1a: Alomomola\n|\n|-heal|p2a: Cizalla|61\/100|[from] Grassy Terrain\n|-heal|p1a: Alomomola|98\/100|[from] Grassy Terrain\n|upkeep\n|turn|36\n|\n|t:|1700062325\n|move|p2a: Cizalla|Roost|p2a: Cizalla\n|-heal|p2a: Cizalla|100\/100\n|-singleturn|p2a: Cizalla|move: Roost\n|move|p1a: Alomomola|Flip Turn|p2a: Cizalla\n|-damage|p2a: Cizalla|83\/100\n|\n|t:|1700062330\n|switch|p1a: Machamp|Machamp, M|100\/100|[from] Flip Turn\n|\n|-heal|p2a: Cizalla|89\/100|[from] Grassy Terrain\n|upkeep\n|turn|37\n|\n|t:|1700062343\n|detailschange|p1a: Machamp|Machamp-Mega, M\n|-mega|p1a: Machamp|Machamp|Machampite\n|move|p1a: Machamp|Power-Up Punch|p2a: Cizalla\n|-crit|p2a: Cizalla\n|-damage|p2a: Cizalla|54\/100\n|-boost|p1a: Machamp|atk|1\n|-damage|p2a: Cizalla|37\/100\n|-boost|p1a: Machamp|atk|1\n|-hitcount|p2a: Cizalla|2\n|move|p2a: Cizalla|U-turn|p1a: Machamp\n|-resisted|p1a: Machamp\n|-damage|p1a: Machamp|84\/100\n|\n|t:|1700062354\n|switch|p2a: Zipzapte|Raichu-Alola, M, shiny|97\/100|[from] U-turn\n|\n|-heal|p2a: Zipzapte|100\/100|[from] Grassy Terrain\n|-heal|p1a: Machamp|90\/100|[from] Grassy Terrain\n|-fieldend|move: Grassy Terrain\n|upkeep\n|turn|38\n|\n|t:|1700062364\n|switch|p1a: Donphan|Donphan, M|30\/100 tox\n|move|p2a: Zipzapte|Psychic|p1a: Donphan\n|-damage|p1a: Donphan|0 fnt\n|faint|p1a: Donphan\n|-damage|p2a: Zipzapte|91\/100|[from] item: Life Orb\n|\n|upkeep\n|\n|t:|1700062369\n|switch|p1a: Grimmsnarl|Grimmsnarl, M|28\/100\n|turn|39\n|j| ivancuervo2007\n|\n|t:|1700062392\n|move|p1a: Grimmsnarl|Light Screen|p1a: Grimmsnarl\n|-sidestart|p1: nose xd123|move: Light Screen\n|move|p2a: Zipzapte|Nasty Plot|p2a: Zipzapte\n|-boost|p2a: Zipzapte|spa|2\n|\n|upkeep\n|turn|40\n|c| ivancuervo2007|Pinche Xdrbenx no te dejes ganar\n|\n|t:|1700062404\n|move|p1a: Grimmsnarl|Parting Shot|p2a: Zipzapte\n|-unboost|p2a: Zipzapte|atk|1\n|-unboost|p2a: Zipzapte|spa|1\n|\n|t:|1700062409\n|switch|p1a: Rillaboom|Rillaboom, F|32\/100|[from] Parting Shot\n|-fieldstart|move: Grassy Terrain|[from] ability: Grassy Surge|[of] p1a: Rillaboom\n|move|p2a: Zipzapte|Rising Voltage|p1a: Rillaboom\n|-resisted|p1a: Rillaboom\n|-crit|p1a: Rillaboom\n|-damage|p1a: Rillaboom|0 fnt\n|faint|p1a: Rillaboom\n|-damage|p2a: Zipzapte|81\/100|[from] item: Life Orb\n|\n|-heal|p2a: Zipzapte|87\/100|[from] Grassy Terrain\n|upkeep\n|\n|t:|1700062418\n|switch|p1a: Grimmsnarl|Grimmsnarl, M|28\/100\n|turn|41\n|\n|t:|1700062425\n|move|p1a: Grimmsnarl|Parting Shot|p2a: Zipzapte\n|-unboost|p2a: Zipzapte|atk|1\n|-unboost|p2a: Zipzapte|spa|1\n|\n|t:|1700062430\n|switch|p1a: Gholdengo|Gholdengo|100\/100|[from] Parting Shot\n|-item|p1a: Gholdengo|Air Balloon\n|move|p2a: Zipzapte|Nasty Plot|p2a: Zipzapte\n|-boost|p2a: Zipzapte|spa|2\n|\n|-heal|p2a: Zipzapte|93\/100|[from] Grassy Terrain\n|upkeep\n|turn|42\n|\n|t:|1700062458\n|move|p2a: Zipzapte|Rising Voltage|p1a: Gholdengo\n|-damage|p1a: Gholdengo|59\/100\n|-enditem|p1a: Gholdengo|Air Balloon\n|-damage|p2a: Zipzapte|83\/100|[from] item: Life Orb\n|move|p1a: Gholdengo|Shadow Ball|p2a: Zipzapte\n|-supereffective|p2a: Zipzapte\n|-damage|p2a: Zipzapte|0 fnt\n|faint|p2a: Zipzapte\n|\n|-heal|p1a: Gholdengo|66\/100|[from] Grassy Terrain\n|upkeep\n|\n|t:|1700062471\n|switch|p2a: Escolopenbra.|Centiskorch-Sevii, M, shiny|49\/100\n|-ability|p2a: Escolopenbra.|Mold Breaker\n|turn|43\n|\n|t:|1700062477\n|switch|p1a: Alomomola|Alomomola, F|100\/100\n|move|p2a: Escolopenbra.|Coil|p2a: Escolopenbra.\n|-boost|p2a: Escolopenbra.|atk|1\n|-boost|p2a: Escolopenbra.|def|1\n|-boost|p2a: Escolopenbra.|accuracy|1\n|\n|-heal|p2a: Escolopenbra.|55\/100|[from] Grassy Terrain\n|-heal|p2a: Escolopenbra.|62\/100|[from] item: Leftovers\n|upkeep\n|turn|44\n|\n|t:|1700062490\n|switch|p2a: Coraza|Shuckle, M, shiny|64\/100 tox\n|move|p1a: Alomomola|Toxic|p2a: Coraza\n|-fail|p2a: Coraza|tox\n|\n|-heal|p2a: Coraza|70\/100 tox|[from] Grassy Terrain\n|-damage|p2a: Coraza|64\/100 tox|[from] psn\n|-fieldend|move: Grassy Terrain\n|upkeep\n|turn|45\n|\n|t:|1700062500\n|move|p1a: Alomomola|Flip Turn|p2a: Coraza\n|-supereffective|p2a: Coraza\n|-damage|p2a: Coraza|49\/100 tox\n|\n|t:|1700062502\n|switch|p1a: Machamp|Machamp-Mega, M|90\/100|[from] Flip Turn\n|move|p2a: Coraza|Toxic|p1a: Machamp\n|-status|p1a: Machamp|tox\n|\n|-damage|p1a: Machamp|84\/100 tox|[from] psn\n|-damage|p2a: Coraza|37\/100 tox|[from] psn\n|upkeep\n|turn|46\n|\n|t:|1700062525\n|move|p1a: Machamp|Power-Up Punch|p2a: Coraza\n|-damage|p2a: Coraza|23\/100 tox\n|-boost|p1a: Machamp|atk|1\n|-crit|p2a: Coraza\n|-damage|p2a: Coraza|7\/100 tox\n|-boost|p1a: Machamp|atk|1\n|-hitcount|p2a: Coraza|2\n|move|p2a: Coraza|Sticky Web|p1a: Machamp\n|-sidestart|p1: nose xd123|move: Sticky Web\n|\n|-damage|p1a: Machamp|72\/100 tox|[from] psn\n|-damage|p2a: Coraza|0 fnt|[from] psn\n|faint|p2a: Coraza\n|-sideend|p1: nose xd123|move: Light Screen\n|upkeep\n|\n|t:|1700062552\n|switch|p2a: Escolopenbra.|Centiskorch-Sevii, M, shiny|62\/100\n|-ability|p2a: Escolopenbra.|Mold Breaker\n|turn|47\n|\n|t:|1700062573\n|move|p2a: Escolopenbra.|Coil|p2a: Escolopenbra.\n|-boost|p2a: Escolopenbra.|atk|1\n|-boost|p2a: Escolopenbra.|def|1\n|-boost|p2a: Escolopenbra.|accuracy|1\n|move|p1a: Machamp|Power-Up Punch|p2a: Escolopenbra.\n|-resisted|p2a: Escolopenbra.\n|-damage|p2a: Escolopenbra.|41\/100\n|-boost|p1a: Machamp|atk|1\n|-resisted|p2a: Escolopenbra.\n|-damage|p2a: Escolopenbra.|29\/100\n|-boost|p1a: Machamp|atk|1\n|-hitcount|p2a: Escolopenbra.|2\n|\n|-heal|p2a: Escolopenbra.|36\/100|[from] item: Leftovers\n|-damage|p1a: Machamp|54\/100 tox|[from] psn\n|upkeep\n|turn|48\n|\n|t:|1700062593\n|move|p1a: Machamp|Mach Punch|p2a: Escolopenbra.\n|-resisted|p2a: Escolopenbra.\n|-damage|p2a: Escolopenbra.|5\/100\n|-resisted|p2a: Escolopenbra.\n|-damage|p2a: Escolopenbra.|0 fnt\n|faint|p2a: Escolopenbra.\n|-hitcount|p2: Escolopenbra.|2\n|\n|-damage|p1a: Machamp|30\/100 tox|[from] psn\n|upkeep\n|\n|t:|1700062598\n|switch|p2a: Cizalla|Scizor, M|37\/100\n|turn|49\n|\n|t:|1700062601\n|move|p1a: Machamp|Mach Punch|p2a: Cizalla\n|-damage|p2a: Cizalla|0 fnt\n|faint|p2a: Cizalla\n|-hitcount|p2: Cizalla|1\n|\n|win|nose xd123\n|c|\u2606nose xd123|gg\n|c|\u2606Heidhall|Gg\n|l|\u2606Heidhall\n","uploadtime":1700062850,"views":10,"p1id":"nosexd123","p2id":"heidhall","formatid":"gen9ubers","rating":0,"private":0,"password":""}