{"id":"radicalred-gen9ubers-550278","p1":"bunman234","p2":"phantom_rook","format":"[Gen 9] Ubers","log":"|j|\u2606bunman234\n|j|\u2606phantom_rook\n|t:|1700840912\n|gametype|singles\n|player|p1|bunman234|rr-urshifurapid|\n|player|p2|phantom_rook|266|\n|teamsize|p1|6\n|teamsize|p2|6\n|gen|9\n|tier|[Gen 9] Ubers\n|rule|Sleep Clause Mod: Limit one foe put to sleep\n|rule|Species Clause: Limit one of each Pok\u00e9mon\n|rule|OHKO Clause: OHKO moves are banned\n|rule|Evasion Abilities Clause: Evasion abilities are banned\n|rule|Evasion Items Clause: Evasion items are banned\n|rule|Evasion Moves Clause: Evasion moves are banned\n|rule|Endless Battle Clause: Forcing endless battles is banned\n|rule|HP Percentage Mod: HP is shown in percentages\n|rule|Dynamax Clause: You cannot dynamax\n|rule|Mega Rayquaza Clause: You cannot mega evolve Rayquaza\n|clearpoke\n|poke|p1|Flutter Mane|\n|poke|p1|Blaziken, M|\n|poke|p1|Ninetales, F|\n|poke|p1|Metagross|\n|poke|p1|Guzzlord|\n|poke|p1|Noivern, F|\n|poke|p2|Dragapult, M|\n|poke|p2|Slowbro, F|\n|poke|p2|Whimsicott, F|\n|poke|p2|Heatran, M|\n|poke|p2|Sunflora, F|\n|poke|p2|Chien-Pao|\n|teampreview\n|c|\u2606phantom_rook|gl and have fun!\n|c|\u2606bunman234|you too!\n|j| GOSKDAED\n|\n|t:|1700840940\n|start\n|switch|p1a: Blaziken|Blaziken, M|100\/100\n|switch|p2a: Chien-Pao|Chien-Pao|100\/100\n|-ability|p2a: Chien-Pao|Sword of Ruin\n|turn|1\n|\n|t:|1700840953\n|switch|p2a: Slowbro|Slowbro, F|100\/100\n|detailschange|p1a: Blaziken|Blaziken-Mega, M\n|-mega|p1a: Blaziken|Blaziken|Blazikenite\n|move|p1a: Blaziken|Protect||[still]\n|-fail|p1a: Blaziken\n|\n|-ability|p1a: Blaziken|Speed Boost|boost\n|-boost|p1a: Blaziken|spe|1\n|upkeep\n|turn|2\n|\n|t:|1700840963\n|switch|p1a: Guzzlord|Guzzlord|100\/100\n|detailschange|p2a: Slowbro|Slowbro-Mega, F\n|-mega|p2a: Slowbro|Slowbro|Slowbronite\n|move|p2a: Slowbro|Iron Defense|p2a: Slowbro\n|-boost|p2a: Slowbro|def|2\n|\n|upkeep\n|turn|3\n|\n|t:|1700840975\n|switch|p2a: Chien-Pao|Chien-Pao|100\/100\n|-ability|p2a: Chien-Pao|Sword of Ruin\n|move|p1a: Guzzlord|Knock Off|p2a: Chien-Pao\n|-resisted|p2a: Chien-Pao\n|-damage|p2a: Chien-Pao|74\/100\n|-enditem|p2a: Chien-Pao|Choice Specs|[from] move: Knock Off|[of] p1a: Guzzlord\n|\n|upkeep\n|turn|4\n|c|\u2606bunman234|specs lol?\n|c|\u2606phantom_rook|aw\n|c|\u2606phantom_rook|ruined the suprise lmao\n|c|\u2606bunman234|my bad lol\n|\n|t:|1700841007\n|move|p2a: Chien-Pao|Blizzard|p1a: Guzzlord\n|-supereffective|p1a: Guzzlord\n|-damage|p1a: Guzzlord|68\/100\n|move|p1a: Guzzlord|Heavy Slam|p2a: Chien-Pao\n|-supereffective|p2a: Chien-Pao\n|-damage|p2a: Chien-Pao|0 fnt\n|faint|p2a: Chien-Pao\n|-ability|p1a: Guzzlord|Beast Boost|boost\n|-boost|p1a: Guzzlord|atk|1\n|\n|upkeep\n|\n|t:|1700841024\n|switch|p2a: Whimsicott|Whimsicott, F|100\/100\n|turn|5\n|\n|t:|1700841030\n|move|p2a: Whimsicott|Substitute|p2a: Whimsicott\n|-start|p2a: Whimsicott|Substitute\n|-damage|p2a: Whimsicott|76\/100\n|move|p1a: Guzzlord|Heavy Slam|p2a: Whimsicott\n|-supereffective|p2a: Whimsicott\n|-end|p2a: Whimsicott|Substitute\n|\n|-heal|p2a: Whimsicott|82\/100|[from] item: Leftovers\n|upkeep\n|turn|6\n|\n|t:|1700841057\n|switch|p2a: Slowbro|Slowbro-Mega, F|100\/100\n|move|p1a: Guzzlord|Heavy Slam|p2a: Slowbro\n|-resisted|p2a: Slowbro\n|-damage|p2a: Slowbro|88\/100\n|\n|upkeep\n|turn|7\n|\n|t:|1700841062\n|move|p2a: Slowbro|Iron Defense|p2a: Slowbro\n|-boost|p2a: Slowbro|def|2\n|move|p1a: Guzzlord|Knock Off|p2a: Slowbro\n|-supereffective|p2a: Slowbro\n|-damage|p2a: Slowbro|67\/100\n|\n|upkeep\n|turn|8\n|\n|t:|1700841070\n|switch|p1a: Flutter Mane|Flutter Mane|100\/100\n|move|p2a: Slowbro|Iron Defense|p2a: Slowbro\n|-boost|p2a: Slowbro|def|2\n|\n|upkeep\n|turn|9\n|\n|t:|1700841077\n|move|p1a: Flutter Mane|Shadow Ball|p2a: Slowbro\n|-supereffective|p2a: Slowbro\n|-damage|p2a: Slowbro|8\/100\n|move|p2a: Slowbro|Slack Off|p2a: Slowbro\n|-heal|p2a: Slowbro|58\/100\n|\n|upkeep\n|turn|10\n|\n|t:|1700841093\n|move|p1a: Flutter Mane|Shadow Ball|p2a: Slowbro\n|-supereffective|p2a: Slowbro\n|-damage|p2a: Slowbro|0 fnt\n|faint|p2a: Slowbro\n|\n|upkeep\n|\n|t:|1700841104\n|switch|p2a: Heatran|Heatran, M|100\/100\n|turn|11\n|\n|t:|1700841121\n|-end|p1a: Flutter Mane|Protosynthesis|[silent]\n|switch|p1a: Blaziken|Blaziken-Mega, M|100\/100\n|move|p2a: Heatran|Eruption|p1a: Blaziken\n|-resisted|p1a: Blaziken\n|-crit|p1a: Blaziken\n|-damage|p1a: Blaziken|19\/100\n|\n|upkeep\n|turn|12\n|\n|t:|1700841129\n|switch|p2a: Dragapult|Dragapult, M|100\/100\n|move|p1a: Blaziken|Protect||[still]\n|-fail|p1a: Blaziken\n|\n|-ability|p1a: Blaziken|Speed Boost|boost\n|-boost|p1a: Blaziken|spe|1\n|upkeep\n|turn|13\n|\n|t:|1700841137\n|switch|p1a: Guzzlord|Guzzlord|68\/100\n|move|p2a: Dragapult|Reflect|p2a: Dragapult\n|-sidestart|p2: phantom_rook|Reflect\n|\n|upkeep\n|turn|14\n|\n|t:|1700841142\n|move|p2a: Dragapult|U-turn|p1a: Guzzlord\n|-supereffective|p1a: Guzzlord\n|-damage|p1a: Guzzlord|45\/100\n|-activate|p2a: Dragapult|move: Pursuit\n|move|p1a: Guzzlord|Pursuit|p2a: Dragapult|[from]Pursuit\n|-supereffective|p2a: Dragapult\n|-damage|p2a: Dragapult|68\/100\n|\n|t:|1700841149\n|switch|p2a: Heatran|Heatran, M|100\/100|[from] U-turn\n|\n|upkeep\n|turn|15\n|\n|t:|1700841152\n|move|p1a: Guzzlord|Sucker Punch||[still]\n|-fail|p1a: Guzzlord\n|move|p2a: Heatran|Sunny Day|p2a: Heatran\n|-weather|SunnyDay\n|\n|-weather|SunnyDay|[upkeep]\n|upkeep\n|turn|16\n|\n|t:|1700841161\n|switch|p2a: Sunflora|Sunflora, F|100\/100\n|move|p1a: Guzzlord|Sucker Punch||[still]\n|-fail|p1a: Guzzlord\n|\n|-weather|SunnyDay|[upkeep]\n|upkeep\n|turn|17\n|\n|t:|1700841178\n|move|p2a: Sunflora|Solar Beam||[still]\n|-prepare|p2a: Sunflora|Solar Beam\n|-anim|p2a: Sunflora|Solar Beam|p1a: Guzzlord\n|-resisted|p1a: Guzzlord\n|-damage|p1a: Guzzlord|27\/100\n|move|p1a: Guzzlord|Knock Off|p2a: Sunflora\n|-damage|p2a: Sunflora|70\/100\n|-enditem|p2a: Sunflora|Choice Specs|[from] move: Knock Off|[of] p1a: Guzzlord\n|\n|-weather|SunnyDay|[upkeep]\n|upkeep\n|turn|18\n|\n|t:|1700841187\n|move|p2a: Sunflora|Solar Beam||[still]\n|-prepare|p2a: Sunflora|Solar Beam\n|-anim|p2a: Sunflora|Solar Beam|p1a: Guzzlord\n|-resisted|p1a: Guzzlord\n|-damage|p1a: Guzzlord|15\/100\n|move|p1a: Guzzlord|Knock Off|p2a: Sunflora\n|-crit|p2a: Sunflora\n|-damage|p2a: Sunflora|10\/100\n|\n|-weather|SunnyDay|[upkeep]\n|upkeep\n|turn|19\n|\n|t:|1700841195\n|move|p1a: Guzzlord|Sucker Punch|p2a: Sunflora\n|-damage|p2a: Sunflora|0 fnt\n|faint|p2a: Sunflora\n|-ability|p1a: Guzzlord|Beast Boost|boost\n|-boost|p1a: Guzzlord|atk|1\n|\n|-weather|SunnyDay|[upkeep]\n|upkeep\n|\n|t:|1700841206\n|switch|p2a: Heatran|Heatran, M|100\/100\n|turn|20\n|\n|t:|1700841211\n|move|p1a: Guzzlord|Sucker Punch|p2a: Heatran\n|-damage|p2a: Heatran|85\/100\n|move|p2a: Heatran|Dragon Pulse|p1a: Guzzlord\n|-supereffective|p1a: Guzzlord\n|-damage|p1a: Guzzlord|0 fnt\n|faint|p1a: Guzzlord\n|\n|-weather|SunnyDay|[upkeep]\n|-sideend|p2: phantom_rook|Reflect\n|upkeep\n|\n|t:|1700841238\n|switch|p1a: Noivern|Noivern, F|100\/100\n|-item|p2a: Heatran|Heat Rock|[from] ability: Frisk|[of] p1a: Noivern|[identify]\n|turn|21\n|\n|t:|1700841249\n|-zpower|p1a: Noivern\n|move|p1a: Noivern|Supersonic Skystrike|p2a: Heatran|[zeffect]\n|-resisted|p2a: Heatran\n|-damage|p2a: Heatran|53\/100\n|move|p2a: Heatran|Dragon Pulse|p1a: Noivern\n|-supereffective|p1a: Noivern\n|-crit|p1a: Noivern\n|-damage|p1a: Noivern|0 fnt\n|faint|p1a: Noivern\n|\n|-weather|SunnyDay|[upkeep]\n|upkeep\n|\n|t:|1700841261\n|switch|p1a: Ninetales|Ninetales, F|100\/100\n|turn|22\n|\n|t:|1700841265\n|move|p1a: Ninetales|Encore|p2a: Heatran\n|-start|p2a: Heatran|Encore\n|move|p2a: Heatran|Dragon Pulse|p1a: Ninetales\n|-damage|p1a: Ninetales|70\/100\n|\n|-weather|none\n|upkeep\n|turn|23\n|\n|t:|1700841270\n|switch|p1a: Flutter Mane|Flutter Mane|100\/100\n|move|p2a: Heatran|Dragon Pulse|p1a: Flutter Mane\n|-immune|p1a: Flutter Mane\n|\n|upkeep\n|turn|24\n|\n|t:|1700841281\n|switch|p2a: Dragapult|Dragapult, M|68\/100\n|move|p1a: Flutter Mane|Shadow Ball|p2a: Dragapult\n|-supereffective|p2a: Dragapult\n|-damage|p2a: Dragapult|0 fnt\n|faint|p2a: Dragapult\n|\n|upkeep\n|\n|t:|1700841286\n|switch|p2a: Whimsicott|Whimsicott, F|82\/100\n|turn|25\n|\n|t:|1700841301\n|move|p2a: Whimsicott|Leech Seed|p1a: Flutter Mane\n|-start|p1a: Flutter Mane|move: Leech Seed\n|move|p1a: Flutter Mane|Moonblast|p2a: Whimsicott\n|-damage|p2a: Whimsicott|33\/100\n|\n|-heal|p2a: Whimsicott|39\/100|[from] item: Leftovers\n|-damage|p1a: Flutter Mane|88\/100|[from] Leech Seed|[of] p2a: Whimsicott\n|-heal|p2a: Whimsicott|49\/100|[silent]\n|upkeep\n|turn|26\n|\n|t:|1700841327\n|move|p2a: Whimsicott|Substitute|p2a: Whimsicott\n|-start|p2a: Whimsicott|Substitute\n|-damage|p2a: Whimsicott|24\/100\n|move|p1a: Flutter Mane|Mystical Fire|p2a: Whimsicott\n|-supereffective|p2a: Whimsicott\n|-end|p2a: Whimsicott|Substitute\n|\n|-heal|p2a: Whimsicott|30\/100|[from] item: Leftovers\n|-damage|p1a: Flutter Mane|76\/100|[from] Leech Seed|[of] p2a: Whimsicott\n|-heal|p2a: Whimsicott|40\/100|[silent]\n|upkeep\n|turn|27\n|\n|t:|1700841336\n|move|p2a: Whimsicott|Substitute|p2a: Whimsicott\n|-start|p2a: Whimsicott|Substitute\n|-damage|p2a: Whimsicott|15\/100\n|move|p1a: Flutter Mane|Shadow Ball|p2a: Whimsicott\n|-end|p2a: Whimsicott|Substitute\n|\n|-heal|p2a: Whimsicott|22\/100|[from] item: Leftovers\n|-damage|p1a: Flutter Mane|64\/100|[from] Leech Seed|[of] p2a: Whimsicott\n|-heal|p2a: Whimsicott|31\/100|[silent]\n|upkeep\n|turn|28\n|\n|t:|1700841365\n|move|p2a: Whimsicott|Substitute|p2a: Whimsicott\n|-start|p2a: Whimsicott|Substitute\n|-damage|p2a: Whimsicott|7\/100\n|move|p1a: Flutter Mane|Shadow Ball|p2a: Whimsicott\n|-end|p2a: Whimsicott|Substitute\n|\n|-heal|p2a: Whimsicott|13\/100|[from] item: Leftovers\n|-damage|p1a: Flutter Mane|51\/100|[from] Leech Seed|[of] p2a: Whimsicott\n|-heal|p2a: Whimsicott|23\/100|[silent]\n|upkeep\n|turn|29\n|\n|t:|1700841372\n|move|p1a: Flutter Mane|Shadow Ball|p2a: Whimsicott\n|-damage|p2a: Whimsicott|0 fnt\n|faint|p2a: Whimsicott\n|\n|upkeep\n|\n|t:|1700841374\n|switch|p2a: Heatran|Heatran, M|53\/100\n|turn|30\n|\n|t:|1700841378\n|move|p1a: Flutter Mane|Shadow Ball|p2a: Heatran\n|-damage|p2a: Heatran|20\/100\n|move|p2a: Heatran|Dragon Pulse|p1a: Flutter Mane\n|-immune|p1a: Flutter Mane\n|\n|-damage|p1a: Flutter Mane|39\/100|[from] Leech Seed|[of] p2a: Heatran\n|-heal|p2a: Heatran|28\/100|[silent]\n|upkeep\n|turn|31\n|\n|t:|1700841381\n|move|p1a: Flutter Mane|Shadow Ball|p2a: Heatran\n|-damage|p2a: Heatran|0 fnt\n|faint|p2a: Heatran\n|\n|win|bunman234\n|l|\u2606phantom_rook\n|c|\u2606bunman234|gg\n","uploadtime":1700841390,"views":21,"p1id":"bunman234","p2id":"phantomrook","formatid":"gen9ubers","rating":0,"private":0,"password":""}