{"id":"radicalred-gen9ubers-547038","p1":"anderproyt","p2":"ivancuervo2007","format":"[Gen 9] Ubers","log":"|j|\u2606anderproyt\n|j|\u2606ivancuervo2007\n|t:|1700076255\n|gametype|singles\n|player|p1|anderproyt|rr-tyranitar|\n|player|p2|ivancuervo2007|rr-gastrodon|\n|teamsize|p1|6\n|teamsize|p2|6\n|gen|9\n|tier|[Gen 9] Ubers\n|rule|Sleep Clause Mod: Limit one foe put to sleep\n|rule|Species Clause: Limit one of each Pok\u00e9mon\n|rule|OHKO Clause: OHKO moves are banned\n|rule|Evasion Abilities Clause: Evasion abilities are banned\n|rule|Evasion Items Clause: Evasion items are banned\n|rule|Evasion Moves Clause: Evasion moves are banned\n|rule|Endless Battle Clause: Forcing endless battles is banned\n|rule|HP Percentage Mod: HP is shown in percentages\n|rule|Dynamax Clause: You cannot dynamax\n|rule|Mega Rayquaza Clause: You cannot mega evolve Rayquaza\n|clearpoke\n|poke|p1|Grafaiai, F|\n|poke|p1|Swellow, M|\n|poke|p1|Banette, F|\n|poke|p1|Lickilicky, F|\n|poke|p1|Glimmora, M|\n|poke|p1|Nidoking, M|\n|poke|p2|Metagross|\n|poke|p2|Politoed, M|\n|poke|p2|Tapu Fini|\n|poke|p2|Poliwrath, M|\n|poke|p2|Magnezone|\n|poke|p2|Kingambit, M|\n|teampreview\n|c|\u2606anderproyt|riko xd\n|\n|t:|1700076276\n|start\n|switch|p1a: Nidoking|Nidoking, M|100\/100\n|switch|p2a: Gustabo|Politoed, M|100\/100\n|-weather|RainDance|[from] ability: Drizzle|[of] p2a: Gustabo\n|turn|1\n|\n|t:|1700076295\n|switch|p1a: Lickilicky|Lickilicky, F|100\/100\n|switch|p2a: ThundaThubda|Magnezone|100\/100\n|-item|p2a: ThundaThubda|Air Balloon\n|\n|-weather|RainDance|[upkeep]\n|upkeep\n|turn|2\n|\n|t:|1700076307\n|move|p2a: ThundaThubda|Flash Cannon|p1a: Lickilicky\n|-damage|p1a: Lickilicky|68\/100\n|move|p1a: Lickilicky|Wish|p1a: Lickilicky\n|\n|-weather|RainDance|[upkeep]\n|-heal|p1a: Lickilicky|74\/100|[from] item: Leftovers\n|upkeep\n|turn|3\n|\n|t:|1700076312\n|move|p2a: ThundaThubda|Thunder|p1a: Lickilicky\n|-damage|p1a: Lickilicky|26\/100\n|-status|p1a: Lickilicky|par\n|move|p1a: Lickilicky|Knock Off|p2a: ThundaThubda\n|-damage|p2a: ThundaThubda|81\/100\n|-enditem|p2a: ThundaThubda|Air Balloon\n|\n|-weather|RainDance|[upkeep]\n|-heal|p1a: Lickilicky|76\/100 par|[from] move: Wish|[wisher] Lickilicky\n|-heal|p1a: Lickilicky|82\/100 par|[from] item: Leftovers\n|upkeep\n|turn|4\n|\n|t:|1700076327\n|switch|p1a: Nidoking|Nidoking, M|100\/100\n|move|p2a: ThundaThubda|Volt Switch|p1a: Nidoking\n|-immune|p1a: Nidoking\n|\n|-weather|RainDance|[upkeep]\n|upkeep\n|turn|5\n|\n|t:|1700076333\n|switch|p2a: Genaro|Poliwrath, M|100\/100\n|move|p1a: Nidoking|Earth Power|p2a: Genaro\n|-damage|p2a: Genaro|45\/100\n|\n|-weather|RainDance|[upkeep]\n|upkeep\n|turn|6\n|\n|t:|1700076340\n|move|p2a: Genaro|Surging Strikes|p1a: Nidoking\n|-supereffective|p1a: Nidoking\n|-crit|p1a: Nidoking\n|-damage|p1a: Nidoking|12\/100\n|-supereffective|p1a: Nidoking\n|-crit|p1a: Nidoking\n|-damage|p1a: Nidoking|0 fnt\n|faint|p1a: Nidoking\n|-hitcount|p1: Nidoking|2\n|-damage|p2a: Genaro|35\/100|[from] item: Life Orb\n|\n|-weather|RainDance|[upkeep]\n|upkeep\n|c|\u2606anderproyt|surgin strikes?\n|c|\u2606ivancuervo2007|Si jajajajaja\n|\n|t:|1700076357\n|switch|p1a: Graficos|Grafaiai, F|100\/100\n|turn|7\n|\n|t:|1700076361\n|move|p1a: Graficos|Will-O-Wisp|p2a: Genaro\n|-status|p2a: Genaro|brn\n|move|p2a: Genaro|Surging Strikes|p1a: Graficos\n|-crit|p1a: Graficos\n|-damage|p1a: Graficos|81\/100\n|-crit|p1a: Graficos\n|-damage|p1a: Graficos|61\/100\n|-crit|p1a: Graficos\n|-damage|p1a: Graficos|40\/100\n|-enditem|p1a: Graficos|Sitrus Berry|[eat]\n|-heal|p1a: Graficos|65\/100|[from] item: Sitrus Berry\n|-hitcount|p1a: Graficos|3\n|-damage|p2a: Genaro|25\/100 brn|[from] item: Life Orb\n|\n|-weather|RainDance|[upkeep]\n|-damage|p2a: Genaro|19\/100 brn|[from] brn\n|upkeep\n|turn|8\n|c|\u2606anderproyt|esa no me la sabia\n|c|\u2606anderproyt|los criticos no ignoran la bajada de pot \n|c|\u2606ivancuervo2007|Si\n|c|\u2606anderproyt|pero si las bajadas o subidas de caracteristicas\n|\n|t:|1700076387\n|move|p2a: Genaro|Surging Strikes|p1a: Graficos\n|-crit|p1a: Graficos\n|-damage|p1a: Graficos|45\/100\n|-crit|p1a: Graficos\n|-damage|p1a: Graficos|26\/100\n|-crit|p1a: Graficos\n|-damage|p1a: Graficos|8\/100\n|-hitcount|p1a: Graficos|3\n|-damage|p2a: Genaro|9\/100 brn|[from] item: Life Orb\n|move|p1a: Graficos|Foul Play|p2a: Genaro\n|-resisted|p2a: Genaro\n|-damage|p2a: Genaro|0 fnt\n|faint|p2a: Genaro\n|\n|-weather|none\n|upkeep\n|\n|t:|1700076396\n|switch|p2a: Gustabo|Politoed, M|100\/100\n|-weather|RainDance|[from] ability: Drizzle|[of] p2a: Gustabo\n|turn|9\n|\n|t:|1700076404\n|move|p1a: Graficos|U-turn|p2a: Gustabo\n|-damage|p2a: Gustabo|84\/100\n|\n|t:|1700076411\n|switch|p1a: Banette|Banette, F|100\/100|[from] U-turn\n|-item|p2a: Gustabo|Damp Rock|[from] ability: Frisk|[of] p1a: Banette|[identify]\n|move|p2a: Gustabo|Weather Ball|p1a: Banette\n|-damage|p1a: Banette|9\/100\n|\n|-weather|RainDance|[upkeep]\n|upkeep\n|turn|10\n|\n|t:|1700076423\n|switch|p2a: Eta|Metagross, shiny|100\/100\n|detailschange|p1a: Banette|Banette-Mega, F\n|-mega|p1a: Banette|Banette|Banettite\n|move|p1a: Banette|Poltergeist|p2a: Eta|[miss]\n|-miss|p1a: Banette|p2a: Eta\n|\n|-weather|RainDance|[upkeep]\n|upkeep\n|turn|11\n|c|\u2606anderproyt|No\n|\n|t:|1700076439\n|switch|p2a: Reverse|Kingambit, M|100\/100\n|-activate|p2a: Reverse|ability: Supreme Overlord\n|-start|p2a: Reverse|fallen1|[silent]\n|move|p1a: Banette|Shadow Sneak|p2a: Reverse\n|-resisted|p2a: Reverse\n|-damage|p2a: Reverse|91\/100\n|\n|-weather|RainDance|[upkeep]\n|upkeep\n|turn|12\n|c|\u2606anderproyt|xd\n|c|\u2606anderproyt|top 10 mejores predicts\n|\n|t:|1700076459\n|switch|p1a: Graficos|Grafaiai, F|8\/100\n|move|p2a: Reverse|Iron Head|p1a: Graficos\n|-damage|p1a: Graficos|0 fnt\n|faint|p1a: Graficos\n|\n|-weather|RainDance|[upkeep]\n|upkeep\n|\n|t:|1700076468\n|switch|p1a: Glimmora|Glimmora, M|100\/100\n|turn|13\n|c|\u2606ivancuervo2007|No destiny bond?\n|\n|t:|1700076474\n|move|p1a: Glimmora|Stealth Rock|p2a: Reverse\n|-sidestart|p2: ivancuervo2007|move: Stealth Rock\n|move|p2a: Reverse|Iron Head|p1a: Glimmora\n|-supereffective|p1a: Glimmora\n|-enditem|p1a: Glimmora|Focus Sash\n|-damage|p1a: Glimmora|1\/100\n|-activate|p1a: Glimmora|ability: Toxic Debris\n|-sidestart|p2: ivancuervo2007|move: Toxic Spikes\n|\n|-weather|RainDance|[upkeep]\n|upkeep\n|turn|14\n|c|\u2606anderproyt|nu\n|c|\u2606anderproyt|jaja\n|c|\u2606anderproyt|troleado\n|c|\u2606ivancuervo2007|Pos vale\n|\n|t:|1700076489\n|move|p1a: Glimmora|Spiky Shield|p1a: Glimmora\n|-singleturn|p1a: Glimmora|move: Protect\n|move|p2a: Reverse|Iron Head|p1a: Glimmora\n|-activate|p1a: Glimmora|move: Protect\n|-damage|p2a: Reverse|79\/100|[from] Spiky Shield|[of] p1a: Glimmora\n|\n|-weather|RainDance|[upkeep]\n|upkeep\n|turn|15\n|\n|t:|1700076498\n|move|p1a: Glimmora|Earth Power|p2a: Reverse\n|-supereffective|p2a: Reverse\n|-damage|p2a: Reverse|27\/100\n|move|p2a: Reverse|Iron Head|p1a: Glimmora\n|-supereffective|p1a: Glimmora\n|-damage|p1a: Glimmora|0 fnt\n|-activate|p1a: Glimmora|ability: Toxic Debris\n|-sidestart|p2: ivancuervo2007|move: Toxic Spikes\n|faint|p1a: Glimmora\n|\n|-weather|RainDance|[upkeep]\n|upkeep\n|\n|t:|1700076510\n|switch|p1a: Banette|Banette-Mega, F|9\/100\n|turn|16\n|\n|t:|1700076525\n|move|p1a: Banette|Will-O-Wisp|p2a: Reverse\n|-hint|Since gen 7, Dark is immune to Prankster moves.\n|-immune|p2a: Reverse\n|move|p2a: Reverse|Sucker Punch||[still]\n|-fail|p2a: Reverse\n|\n|-weather|none\n|upkeep\n|turn|17\n|\n|t:|1700076556\n|move|p1a: Banette|Body Slam|p2a: Reverse\n|-resisted|p2a: Reverse\n|-damage|p2a: Reverse|5\/100\n|move|p2a: Reverse|Iron Head|p1a: Banette\n|-damage|p1a: Banette|0 fnt\n|faint|p1a: Banette\n|\n|upkeep\n|\n|t:|1700076564\n|switch|p1a: Swellow|Swellow, M|100\/100\n|turn|18\n|\n|t:|1700076568\n|move|p1a: Swellow|Protect|p1a: Swellow\n|-singleturn|p1a: Swellow|Protect\n|move|p2a: Reverse|Sucker Punch||[still]\n|-fail|p2a: Reverse\n|\n|-status|p1a: Swellow|brn|[from] item: Flame Orb\n|upkeep\n|turn|19\n|\n|t:|1700076575\n|switch|p1a: Lickilicky|Lickilicky, F|82\/100 par\n|move|p2a: Reverse|Sucker Punch||[still]\n|-fail|p2a: Reverse\n|\n|-heal|p1a: Lickilicky|88\/100 par|[from] item: Leftovers\n|upkeep\n|turn|20\n|\n|t:|1700076582\n|move|p2a: Reverse|Brick Break|p1a: Lickilicky\n|-supereffective|p1a: Lickilicky\n|-damage|p1a: Lickilicky|43\/100 par\n|cant|p1a: Lickilicky|par\n|\n|-heal|p1a: Lickilicky|49\/100 par|[from] item: Leftovers\n|upkeep\n|turn|21\n|\n|t:|1700076588\n|move|p2a: Reverse|Brick Break|p1a: Lickilicky\n|-supereffective|p1a: Lickilicky\n|-damage|p1a: Lickilicky|7\/100 par\n|cant|p1a: Lickilicky|par\n|\n|-heal|p1a: Lickilicky|13\/100 par|[from] item: Leftovers\n|upkeep\n|turn|22\n|c|\u2606anderproyt|debe ser critico pa one shot\n|\n|t:|1700076597\n|move|p1a: Lickilicky|Protect|p1a: Lickilicky\n|-singleturn|p1a: Lickilicky|Protect\n|move|p2a: Reverse|Brick Break|p1a: Lickilicky\n|-activate|p1a: Lickilicky|move: Protect\n|\n|-heal|p1a: Lickilicky|20\/100 par|[from] item: Leftovers\n|upkeep\n|turn|23\n|\n|t:|1700076604\n|move|p2a: Reverse|Brick Break|p1a: Lickilicky\n|-supereffective|p1a: Lickilicky\n|-damage|p1a: Lickilicky|0 fnt\n|faint|p1a: Lickilicky\n|\n|upkeep\n|\n|t:|1700076608\n|switch|p1a: Swellow|Swellow, M|100\/100 brn\n|turn|24\n|\n|t:|1700076613\n|move|p1a: Swellow|U-turn|p2a: Reverse\n|-damage|p2a: Reverse|0 fnt\n|faint|p2a: Reverse\n|-end|p2a: Reverse|fallen1|[silent]\n|\n|-damage|p1a: Swellow|94\/100 brn|[from] brn\n|upkeep\n|\n|t:|1700076618\n|switch|p2a: Eta|Metagross, shiny|100\/100\n|-damage|p2a: Eta|95\/100|[from] Stealth Rock\n|turn|25\n|\n|t:|1700076625\n|detailschange|p2a: Eta|Metagross-Mega, shiny\n|-mega|p2a: Eta|Metagross|Metagrossite\n|move|p1a: Swellow|Facade|p2a: Eta\n|-resisted|p2a: Eta\n|-damage|p2a: Eta|63\/100\n|move|p2a: Eta|Ice Punch|p1a: Swellow\n|-supereffective|p1a: Swellow\n|-damage|p1a: Swellow|0 fnt\n|faint|p1a: Swellow\n|\n|win|ivancuervo2007\n|c|\u2606ivancuervo2007|Gg\n|l|\u2606anderproyt\n","uploadtime":1700076645,"views":6,"p1id":"anderproyt","p2id":"ivancuervo2007","formatid":"gen9ubers","rating":0,"private":0,"password":""}