{"id":"radicalred-gen9ubers-547169","p1":"Lord Jeff911","p2":"blurngr","format":"[Gen 9] Ubers","log":"|j|\u2606Lord Jeff911\n|j|\u2606blurngr\n|t:|1700107310\n|gametype|singles\n|player|p1|Lord Jeff911|170|\n|player|p2|blurngr|1|\n|teamsize|p1|6\n|teamsize|p2|6\n|gen|9\n|tier|[Gen 9] Ubers\n|rule|Sleep Clause Mod: Limit one foe put to sleep\n|rule|Species Clause: Limit one of each Pok\u00e9mon\n|rule|OHKO Clause: OHKO moves are banned\n|rule|Evasion Abilities Clause: Evasion abilities are banned\n|rule|Evasion Items Clause: Evasion items are banned\n|rule|Evasion Moves Clause: Evasion moves are banned\n|rule|Endless Battle Clause: Forcing endless battles is banned\n|rule|HP Percentage Mod: HP is shown in percentages\n|rule|Dynamax Clause: You cannot dynamax\n|rule|Mega Rayquaza Clause: You cannot mega evolve Rayquaza\n|clearpoke\n|poke|p1|Sneasler, F|\n|poke|p1|Palafin, M|\n|poke|p1|Darmanitan-Galar, M|\n|poke|p1|Corsola, M|\n|poke|p1|Shuckle, F|\n|poke|p1|Tapu Koko|\n|poke|p2|Delphox, F|\n|poke|p2|Krookodile, F|\n|poke|p2|Florges, F|\n|poke|p2|Kingler, F|\n|poke|p2|Tornadus-Therian, M|\n|poke|p2|Zebstrika-Sevii, M|\n|teampreview\n|c|\u2606blurngr|gl hf\n|c|\u2606blurngr|hope the christmas music is slaying\n|c|\u2606Lord Jeff911|It's beginning to look a lot like Christmas\n|c|\u2606Lord Jeff911|Michael bublee\n|\n|t:|1700107388\n|start\n|switch|p1a: Tapu Koko|Tapu Koko|100\/100\n|switch|p2a: Delphox|Delphox, F|100\/100\n|-fieldstart|move: Electric Terrain|[from] ability: Electric Surge|[of] p1a: Tapu Koko\n|turn|1\n|c|\u2606blurngr|such a slay\n|\n|t:|1700107399\n|move|p1a: Tapu Koko|U-turn|p2a: Delphox\n|-crit|p2a: Delphox\n|-damage|p2a: Delphox|60\/100\n|\n|t:|1700107403\n|switch|p1a: Corsola|Corsola, M|100\/100|[from] U-turn\n|move|p2a: Delphox|Substitute|p2a: Delphox\n|-start|p2a: Delphox|Substitute\n|-damage|p2a: Delphox|35\/100\n|\n|upkeep\n|turn|2\n|\n|t:|1700107421\n|move|p2a: Delphox|Psyshock|p1a: Corsola\n|-damage|p1a: Corsola|53\/100\n|move|p1a: Corsola|Stealth Rock|p2a: Delphox\n|-sidestart|p2: blurngr|move: Stealth Rock\n|\n|upkeep\n|turn|3\n|\n|t:|1700107425\n|move|p2a: Delphox|Nasty Plot|p2a: Delphox\n|-boost|p2a: Delphox|spa|2\n|move|p1a: Corsola|Light Screen|p1a: Corsola\n|-sidestart|p1: Lord Jeff911|move: Light Screen\n|\n|upkeep\n|turn|4\n|\n|t:|1700107436\n|switch|p1a: Shuckle|Shuckle, F|100\/100\n|move|p2a: Delphox|Nasty Plot|p2a: Delphox\n|-boost|p2a: Delphox|spa|2\n|\n|upkeep\n|turn|5\n|\n|t:|1700107442\n|move|p2a: Delphox|Nasty Plot|p2a: Delphox\n|-boost|p2a: Delphox|spa|2\n|move|p1a: Shuckle|Encore|p2a: Delphox\n|-start|p2a: Delphox|Encore\n|\n|-fieldend|move: Electric Terrain\n|upkeep\n|turn|6\n|\n|t:|1700107446\n|switch|p1a: Palafin|Palafin, M|100\/100\n|move|p2a: Delphox|Nasty Plot|p2a: Delphox\n|-boost|p2a: Delphox|spa|0\n|\n|upkeep\n|turn|7\n|\n|t:|1700107450\n|move|p1a: Palafin|Jet Punch|p2a: Delphox\n|-supereffective|p2a: Delphox\n|-end|p2a: Delphox|Substitute\n|move|p2a: Delphox|Nasty Plot|p2a: Delphox\n|-boost|p2a: Delphox|spa|0\n|\n|-sideend|p1: Lord Jeff911|move: Light Screen\n|upkeep\n|turn|8\n|\n|t:|1700107455\n|switch|p2a: Kingler|Kingler, F|100\/100\n|-damage|p2a: Kingler|88\/100|[from] Stealth Rock\n|move|p1a: Palafin|Jet Punch|p2a: Kingler\n|-resisted|p2a: Kingler\n|-damage|p2a: Kingler|69\/100\n|\n|upkeep\n|turn|9\n|\n|t:|1700107467\n|detailschange|p1a: Palafin|Palafin-Hero, M\n|switch|p1a: Corsola|Corsola, M|86\/100\n|detailschange|p2a: Kingler|Kingler-Mega, F\n|-mega|p2a: Kingler|Kingler|Kinglerite\n|move|p2a: Kingler|Knock Off|p1a: Corsola\n|-damage|p1a: Corsola|41\/100\n|-damage|p2a: Kingler|53\/100|[from] item: Rocky Helmet|[of] p1a: Corsola\n|-enditem|p1a: Corsola|Rocky Helmet|[from] move: Knock Off|[of] p2a: Kingler\n|\n|upkeep\n|turn|10\n|\n|t:|1700107476\n|move|p2a: Kingler|Crabhammer|p1a: Corsola\n|-damage|p1a: Corsola|0 fnt\n|faint|p1a: Corsola\n|\n|upkeep\n|\n|t:|1700107478\n|switch|p1a: Shuckle|Shuckle, F|100\/100\n|turn|11\n|\n|t:|1700107486\n|move|p2a: Kingler|Crabhammer|p1a: Shuckle\n|-supereffective|p1a: Shuckle\n|-damage|p1a: Shuckle|0 fnt\n|faint|p1a: Shuckle\n|\n|upkeep\n|\n|t:|1700107488\n|switch|p1a: Palafin|Palafin-Hero, M|100\/100\n|-activate|p1a: Palafin|ability: Zero to Hero\n|turn|12\n|\n|t:|1700107496\n|switch|p2a: Tornadus|Tornadus-Therian, M|100\/100\n|-damage|p2a: Tornadus|76\/100|[from] Stealth Rock\n|move|p1a: Palafin|Close Combat|p2a: Tornadus\n|-resisted|p2a: Tornadus\n|-damage|p2a: Tornadus|42\/100\n|-unboost|p1a: Palafin|def|1\n|-unboost|p1a: Palafin|spd|1\n|-damage|p1a: Palafin|84\/100|[from] item: Rocky Helmet|[of] p2a: Tornadus\n|\n|upkeep\n|turn|13\n|\n|t:|1700107506\n|switch|p1a: Tapu Koko|Tapu Koko|100\/100\n|-fieldstart|move: Electric Terrain|[from] ability: Electric Surge|[of] p1a: Tapu Koko\n|move|p2a: Tornadus|U-turn|p1a: Tapu Koko\n|-resisted|p1a: Tapu Koko\n|-damage|p1a: Tapu Koko|92\/100\n|c|\u2606Lord Jeff911|Didn't mean to go into  paladin earlier \n|c|\u2606Lord Jeff911|\ud83d\ude14\n|\n|t:|1700107576\n|switch|p2a: Krookodile|Krookodile, F|100\/100|[from] U-turn\n|-damage|p2a: Krookodile|94\/100|[from] Stealth Rock\n|-ability|p2a: Krookodile|Intimidate|boost\n|-unboost|p1a: Tapu Koko|atk|1\n|\n|upkeep\n|turn|14\n|\n|t:|1700107584\n|move|p2a: Krookodile|Earthquake|p1a: Tapu Koko\n|-supereffective|p1a: Tapu Koko\n|-damage|p1a: Tapu Koko|0 fnt\n|faint|p1a: Tapu Koko\n|\n|upkeep\n|\n|t:|1700107586\n|switch|p1a: Palafin|Palafin-Hero, M|84\/100\n|turn|15\n|\n|t:|1700107598\n|switch|p2a: Florges|Florges, F|100\/100\n|-damage|p2a: Florges|88\/100|[from] Stealth Rock\n|move|p1a: Palafin|Jet Punch|p2a: Florges\n|-damage|p2a: Florges|16\/100\n|\n|-heal|p2a: Florges|23\/100|[from] item: Leftovers\n|upkeep\n|turn|16\n|\n|t:|1700107604\n|move|p1a: Palafin|Jet Punch|p2a: Florges\n|-damage|p2a: Florges|0 fnt\n|faint|p2a: Florges\n|\n|upkeep\n|\n|t:|1700107621\n|switch|p2a: Kingler|Kingler-Mega, F|53\/100\n|-damage|p2a: Kingler|47\/100|[from] Stealth Rock\n|turn|17\n|\n|t:|1700107634\n|move|p1a: Palafin|Jet Punch|p2a: Kingler\n|-resisted|p2a: Kingler\n|-damage|p2a: Kingler|18\/100\n|move|p2a: Kingler|Crabhammer|p1a: Palafin\n|-resisted|p1a: Palafin\n|-damage|p1a: Palafin|43\/100\n|\n|-fieldend|move: Electric Terrain\n|upkeep\n|turn|18\n|\n|t:|1700107644\n|move|p1a: Palafin|Jet Punch|p2a: Kingler\n|-resisted|p2a: Kingler\n|-damage|p2a: Kingler|0 fnt\n|faint|p2a: Kingler\n|\n|upkeep\n|c|\u2606Lord Jeff911|Palafin hard hitter bro\n|\n|t:|1700107648\n|switch|p2a: Tornadus|Tornadus-Therian, M|75\/100\n|-damage|p2a: Tornadus|50\/100|[from] Stealth Rock\n|turn|19\n|c|\u2606blurngr|ik\n|\n|t:|1700107658\n|switch|p1a: Darmanitan|Darmanitan-Galar, M|100\/100\n|-activate|p1a: Darmanitan|ability: Zen Mode\n|detailschange|p1a: Darmanitan|Darmanitan-Galar-Zen, M\n|move|p2a: Tornadus|Bleakwind Storm|p1a: Darmanitan\n|-damage|p1a: Darmanitan|44\/100\n|\n|upkeep\n|turn|20\n|\n|t:|1700107707\n|switch|p2a: Delphox|Delphox, F|35\/100\n|move|p1a: Darmanitan|Substitute|p1a: Darmanitan\n|-start|p1a: Darmanitan|Substitute\n|-damage|p1a: Darmanitan|19\/100\n|-enditem|p1a: Darmanitan|Salac Berry|[eat]\n|-boost|p1a: Darmanitan|spe|1|[from] item: Salac Berry\n|\n|upkeep\n|turn|21\n|\n|t:|1700107710\n|move|p1a: Darmanitan|Earthquake|p2a: Delphox\n|-supereffective|p2a: Delphox\n|-damage|p2a: Delphox|0 fnt\n|faint|p2a: Delphox\n|\n|upkeep\n|c|\u2606blurngr|gg\n|\n|t:|1700107733\n|switch|p2a: Krookodile|Krookodile, F|94\/100\n|-damage|p2a: Krookodile|88\/100|[from] Stealth Rock\n|-ability|p2a: Krookodile|Intimidate|boost\n|-immune|p1a: Darmanitan\n|turn|22\n|c|\u2606Lord Jeff911|Ggs\n|\n|t:|1700107737\n|move|p1a: Darmanitan|Icicle Crash|p2a: Krookodile\n|-supereffective|p2a: Krookodile\n|-damage|p2a: Krookodile|0 fnt\n|faint|p2a: Krookodile\n|\n|upkeep\n|\n|t:|1700107740\n|switch|p2a: Tornadus|Tornadus-Therian, M|83\/100\n|-damage|p2a: Tornadus|59\/100|[from] Stealth Rock\n|turn|23\n|\n|t:|1700107742\n|move|p1a: Darmanitan|Icicle Crash|p2a: Tornadus\n|-supereffective|p2a: Tornadus\n|-damage|p2a: Tornadus|0 fnt\n|faint|p2a: Tornadus\n|\n|upkeep\n|\n|t:|1700107746\n|switch|p2a: Zebstrika|Zebstrika-Sevii, M|100\/100\n|turn|24\n|c|\u2606Lord Jeff911|I was scarf snealser\n|c|\u2606blurngr|okay\n|\n|t:|1700107754\n|move|p1a: Darmanitan|Earthquake|p2a: Zebstrika\n|-supereffective|p2a: Zebstrika\n|-damage|p2a: Zebstrika|0 fnt\n|faint|p2a: Zebstrika\n|\n|win|Lord Jeff911\n|c|\u2606Lord Jeff911|Ggs again\n","uploadtime":1700107764,"views":40,"p1id":"lordjeff911","p2id":"blurngr","formatid":"gen9ubers","rating":0,"private":0,"password":""}