{"id":"radicalred-gen9ubers-539311","p1":"santosmaconha","p2":"Minato uzo crack","format":"[Gen 9] Ubers","log":"|j|\u2606santosmaconha\n|j|\u2606Minato uzo crack\n|t:|1698595855\n|gametype|singles\n|player|p1|santosmaconha|rr-beedrillmega|\n|player|p2|Minato uzo crack|rr-tyranitar|\n|teamsize|p1|6\n|teamsize|p2|6\n|gen|9\n|tier|[Gen 9] Ubers\n|rule|Sleep Clause Mod: Limit one foe put to sleep\n|rule|Species Clause: Limit one of each Pok\u00e9mon\n|rule|OHKO Clause: OHKO moves are banned\n|rule|Evasion Abilities Clause: Evasion abilities are banned\n|rule|Evasion Items Clause: Evasion items are banned\n|rule|Evasion Moves Clause: Evasion moves are banned\n|rule|Endless Battle Clause: Forcing endless battles is banned\n|rule|HP Percentage Mod: HP is shown in percentages\n|rule|Dynamax Clause: You cannot dynamax\n|rule|Mega Rayquaza Clause: You cannot mega evolve Rayquaza\n|clearpoke\n|poke|p1|Zamazenta-*|\n|poke|p1|Rillaboom, F|\n|poke|p1|Corviknight, F|\n|poke|p1|Dragapult, F|\n|poke|p1|Hatterene, F|\n|poke|p1|Sandaconda, F|\n|poke|p2|Magearna|\n|poke|p2|Tapu Lele|\n|poke|p2|Kartana|\n|poke|p2|Kommo-o, F|\n|poke|p2|Primarina, F|\n|poke|p2|Alomomola, F|\n|teampreview\n|inactive|Battle timer is ON: inactive players will automatically lose when time's up. (requested by Minato uzo crack)\n|\n|t:|1698595886\n|start\n|switch|p1a: Corviknight|Corviknight, F|100\/100\n|switch|p2a: Alomomola|Alomomola, F|100\/100\n|-ability|p1a: Corviknight|Pressure\n|turn|1\n|\n|t:|1698595900\n|move|p1a: Corviknight|U-turn|p2a: Alomomola\n|-damage|p2a: Alomomola|93\/100\n|inactive|santosmaconha has 270 seconds left.\n|\n|t:|1698595951\n|switch|p1a: Hatterene|Hatterene, F|100\/100|[from] U-turn\n|move|p2a: Alomomola|Flip Turn|p1a: Hatterene\n|-damage|p1a: Hatterene|85\/100\n|-enditem|p1a: Hatterene|Red Card|[of] p2a: Alomomola\n|drag|p2a: Magearna|Magearna|100\/100\n|\n|upkeep\n|turn|2\n|\n|t:|1698595965\n|switch|p2a: Alomomola|Alomomola, F|100\/100\n|switch|p1a: Corviknight|Corviknight, F|100\/100\n|-ability|p1a: Corviknight|Pressure\n|\n|upkeep\n|turn|3\n|\n|t:|1698595973\n|move|p1a: Corviknight|U-turn|p2a: Alomomola\n|-damage|p2a: Alomomola|93\/100\n|\n|t:|1698595975\n|switch|p1a: Rillaboom|Rillaboom, F|100\/100|[from] U-turn\n|-fieldstart|move: Grassy Terrain|[from] ability: Grassy Surge|[of] p1a: Rillaboom\n|move|p2a: Alomomola|Flip Turn|p1a: Rillaboom\n|-resisted|p1a: Rillaboom\n|-damage|p1a: Rillaboom|92\/100\n|\n|t:|1698595987\n|switch|p2a: Tapu Lele|Tapu Lele|100\/100|[from] Flip Turn\n|-fieldstart|move: Psychic Terrain|[from] ability: Psychic Surge|[of] p2a: Tapu Lele\n|\n|upkeep\n|turn|4\n|\n|t:|1698596015\n|move|p2a: Tapu Lele|Psychic|p1a: Rillaboom\n|-damage|p1a: Rillaboom|11\/100\n|move|p1a: Rillaboom|Knock Off|p2a: Tapu Lele\n|-damage|p2a: Tapu Lele|27\/100\n|-enditem|p2a: Tapu Lele|Choice Scarf|[from] move: Knock Off|[of] p1a: Rillaboom\n|\n|upkeep\n|turn|5\n|inactive|santosmaconha has 240 seconds left.\n|inactive|santosmaconha has 210 seconds left.\n|\n|t:|1698596066\n|switch|p1a: Hatterene|Hatterene, F|85\/100\n|move|p2a: Tapu Lele|Thunderbolt|p1a: Hatterene\n|-damage|p1a: Hatterene|56\/100\n|-status|p1a: Hatterene|par\n|\n|upkeep\n|turn|6\n|inactive|santosmaconha has 210 seconds left.\n|\n|t:|1698596075\n|switch|p2a: Alomomola|Alomomola, F|100\/100\n|move|p1a: Hatterene|Draining Kiss|p2a: Alomomola\n|-damage|p2a: Alomomola|75\/100\n|-heal|p1a: Hatterene|89\/100 par|[from] drain|[of] p2a: Alomomola\n|\n|-heal|p2a: Alomomola|81\/100|[from] item: Leftovers\n|upkeep\n|turn|7\n|inactive|santosmaconha has 210 seconds left.\n|\n|t:|1698596089\n|move|p2a: Alomomola|Flip Turn|p1a: Hatterene\n|-damage|p1a: Hatterene|73\/100 par\n|\n|t:|1698596093\n|switch|p2a: Kartana|Kartana|100\/100|[from] Flip Turn\n|move|p1a: Hatterene|Thunder Wave|p2a: Kartana\n|-status|p2a: Kartana|par\n|\n|-fieldend|move: Psychic Terrain\n|upkeep\n|turn|8\n|inactive|santosmaconha has 210 seconds left.\n|\n|t:|1698596132\n|switch|p1a: Sandaconda|Sandaconda, F|100\/100\n|cant|p2a: Kartana|par\n|\n|upkeep\n|turn|9\n|inactive|santosmaconha has 180 seconds left.\n|\n|t:|1698596155\n|detailschange|p1a: Sandaconda|Sandaconda-Mega, F\n|-mega|p1a: Sandaconda|Sandaconda|Sandacondite\n|move|p1a: Sandaconda|Earthquake|p2a: Kartana\n|-damage|p2a: Kartana|56\/100 par\n|move|p2a: Kartana|Leaf Blade|p1a: Sandaconda\n|-damage|p1a: Sandaconda|52\/100\n|-damage|p2a: Kartana|46\/100 par|[from] item: Life Orb\n|\n|upkeep\n|turn|10\n|\n|t:|1698596170\n|move|p1a: Sandaconda|Earthquake|p2a: Kartana\n|-damage|p2a: Kartana|0 fnt\n|faint|p2a: Kartana\n|\n|upkeep\n|\n|t:|1698596175\n|switch|p2a: Primarina|Primarina, F|100\/100\n|turn|11\n|\n|t:|1698596183\n|switch|p1a: Corviknight|Corviknight, F|100\/100\n|-ability|p1a: Corviknight|Pressure\n|move|p2a: Primarina|Flip Turn|p1a: Corviknight\n|-damage|p1a: Corviknight|92\/100\n|-damage|p2a: Primarina|84\/100|[from] item: Rocky Helmet|[of] p1a: Corviknight\n|\n|t:|1698596194\n|switch|p2a: Tapu Lele|Tapu Lele|27\/100|[from] Flip Turn\n|-fieldstart|move: Psychic Terrain|[from] ability: Psychic Surge|[of] p2a: Tapu Lele\n|\n|upkeep\n|turn|12\n|\n|t:|1698596202\n|move|p2a: Tapu Lele|Moonblast|p1a: Corviknight\n|-resisted|p1a: Corviknight\n|-damage|p1a: Corviknight|67\/100\n|move|p1a: Corviknight|Iron Head|p2a: Tapu Lele\n|-supereffective|p2a: Tapu Lele\n|-damage|p2a: Tapu Lele|0 fnt\n|faint|p2a: Tapu Lele\n|\n|upkeep\n|\n|t:|1698596218\n|switch|p2a: Alomomola|Alomomola, F|100\/100\n|turn|13\n|inactive|Minato uzo crack has 270 seconds left.\n|\n|t:|1698596255\n|move|p1a: Corviknight|Roost|p1a: Corviknight\n|-heal|p1a: Corviknight|100\/100\n|-singleturn|p1a: Corviknight|move: Roost\n|move|p2a: Alomomola|Flip Turn|p1a: Corviknight\n|-damage|p1a: Corviknight|91\/100\n|-damage|p2a: Alomomola|84\/100|[from] item: Rocky Helmet|[of] p1a: Corviknight\n|\n|t:|1698596265\n|switch|p2a: Primarina|Primarina, F|84\/100|[from] Flip Turn\n|\n|upkeep\n|turn|14\n|inactive|santosmaconha has 210 seconds left.\n|\n|t:|1698596286\n|move|p1a: Corviknight|Iron Head|p2a: Primarina\n|-damage|p2a: Primarina|56\/100\n|move|p2a: Primarina|Ice Beam|p1a: Corviknight\n|-damage|p1a: Corviknight|57\/100\n|\n|upkeep\n|turn|15\n|inactive|santosmaconha has 210 seconds left.\n|\n|t:|1698596297\n|move|p1a: Corviknight|Roost|p1a: Corviknight\n|-heal|p1a: Corviknight|100\/100\n|-singleturn|p1a: Corviknight|move: Roost\n|move|p2a: Primarina|Draining Kiss|p1a: Corviknight\n|-resisted|p1a: Corviknight\n|-damage|p1a: Corviknight|86\/100\n|-heal|p2a: Primarina|68\/100|[from] drain|[of] p1a: Corviknight\n|-damage|p2a: Primarina|51\/100|[from] item: Rocky Helmet|[of] p1a: Corviknight\n|\n|-fieldend|move: Psychic Terrain\n|upkeep\n|turn|16\n|\n|t:|1698596305\n|switch|p2a: Alomomola|Alomomola, F|100\/100\n|move|p1a: Corviknight|Iron Head|p2a: Alomomola\n|-resisted|p2a: Alomomola\n|-damage|p2a: Alomomola|94\/100\n|\n|-heal|p2a: Alomomola|99\/100|[from] item: Leftovers\n|upkeep\n|turn|17\n|inactive|santosmaconha has 210 seconds left.\n|\n|t:|1698596321\n|switch|p1a: Hatterene|Hatterene, F|73\/100 par\n|move|p2a: Alomomola|Knock Off|p1a: Hatterene\n|-damage|p1a: Hatterene|62\/100 par\n|\n|-heal|p2a: Alomomola|100\/100|[from] item: Leftovers\n|upkeep\n|turn|18\n|\n|t:|1698596330\n|move|p2a: Alomomola|Wish|p2a: Alomomola\n|cant|p1a: Hatterene|par\n|\n|upkeep\n|turn|19\n|\n|t:|1698596334\n|move|p2a: Alomomola|Flip Turn|p1a: Hatterene\n|-damage|p1a: Hatterene|46\/100 par\n|\n|t:|1698596338\n|switch|p2a: Primarina|Primarina, F|51\/100|[from] Flip Turn\n|move|p1a: Hatterene|Thunder Wave|p2a: Primarina\n|-status|p2a: Primarina|par\n|\n|-heal|p2a: Primarina|100\/100 par|[from] move: Wish|[wisher] Alomomola\n|upkeep\n|turn|20\n|\n|t:|1698596361\n|move|p2a: Primarina|Hyper Voice|p1a: Hatterene\n|-damage|p1a: Hatterene|0 fnt\n|faint|p1a: Hatterene\n|\n|upkeep\n|\n|t:|1698596366\n|switch|p1a: Rillaboom|Rillaboom, F|11\/100\n|-fieldstart|move: Grassy Terrain|[from] ability: Grassy Surge|[of] p1a: Rillaboom\n|turn|21\n|\n|t:|1698596385\n|switch|p2a: Kommo-o|Kommo-o, F|100\/100\n|move|p1a: Rillaboom|Knock Off|p2a: Kommo-o\n|-resisted|p2a: Kommo-o\n|-damage|p2a: Kommo-o|84\/100\n|\n|-heal|p1a: Rillaboom|17\/100|[from] Grassy Terrain\n|-heal|p2a: Kommo-o|90\/100|[from] Grassy Terrain\n|upkeep\n|turn|22\n|\n|t:|1698596403\n|switch|p1a: Corviknight|Corviknight, F|86\/100\n|-ability|p1a: Corviknight|Pressure\n|move|p2a: Kommo-o|Ice Punch|p1a: Corviknight\n|-damage|p1a: Corviknight|71\/100\n|-damage|p2a: Kommo-o|74\/100|[from] item: Rocky Helmet|[of] p1a: Corviknight\n|\n|-heal|p2a: Kommo-o|80\/100|[from] Grassy Terrain\n|upkeep\n|turn|23\n|inactive|santosmaconha has 210 seconds left.\n|\n|t:|1698596427\n|switch|p2a: Primarina|Primarina, F|100\/100 par\n|move|p1a: Corviknight|U-turn|p2a: Primarina\n|-resisted|p2a: Primarina\n|-damage|p2a: Primarina|92\/100 par\n|\n|t:|1698596431\n|switch|p1a: Rillaboom|Rillaboom, F|17\/100|[from] U-turn\n|\n|-heal|p1a: Rillaboom|23\/100|[from] Grassy Terrain\n|-heal|p2a: Primarina|98\/100 par|[from] Grassy Terrain\n|upkeep\n|turn|24\n|j| Cyclizary\n|l| Cyclizary\n|inactive|Minato uzo crack has 270 seconds left.\n|\n|t:|1698596475\n|move|p1a: Rillaboom|Grassy Glide|p2a: Primarina\n|-supereffective|p2a: Primarina\n|-damage|p2a: Primarina|0 fnt\n|faint|p2a: Primarina\n|\n|-heal|p1a: Rillaboom|29\/100|[from] Grassy Terrain\n|upkeep\n|\n|t:|1698596478\n|switch|p2a: Kommo-o|Kommo-o, F|80\/100\n|turn|25\n|\n|t:|1698596485\n|switch|p1a: Corviknight|Corviknight, F|71\/100\n|-ability|p1a: Corviknight|Pressure\n|-zpower|p2a: Kommo-o\n|move|p2a: Kommo-o|Clangorous Soulblaze|p1a: Corviknight|[zeffect]\n|-resisted|p1a: Corviknight\n|-damage|p1a: Corviknight|38\/100\n|-boost|p2a: Kommo-o|atk|1\n|-boost|p2a: Kommo-o|def|1\n|-boost|p2a: Kommo-o|spa|1\n|-boost|p2a: Kommo-o|spd|1\n|-boost|p2a: Kommo-o|spe|1\n|\n|-heal|p2a: Kommo-o|86\/100|[from] Grassy Terrain\n|-fieldend|move: Grassy Terrain\n|upkeep\n|turn|26\n|\n|t:|1698596497\n|move|p2a: Kommo-o|Ice Punch|p1a: Corviknight\n|-damage|p1a: Corviknight|18\/100\n|-damage|p2a: Kommo-o|70\/100|[from] item: Rocky Helmet|[of] p1a: Corviknight\n|move|p1a: Corviknight|Roost|p1a: Corviknight\n|-heal|p1a: Corviknight|68\/100\n|-singleturn|p1a: Corviknight|move: Roost\n|\n|upkeep\n|turn|27\n|inactive|santosmaconha has 240 seconds left.\n|\n|t:|1698596505\n|move|p2a: Kommo-o|Drain Punch|p1a: Corviknight\n|-damage|p1a: Corviknight|34\/100\n|-heal|p2a: Kommo-o|93\/100|[from] drain|[of] p1a: Corviknight\n|-damage|p2a: Kommo-o|76\/100|[from] item: Rocky Helmet|[of] p1a: Corviknight\n|move|p1a: Corviknight|Roost|p1a: Corviknight\n|-heal|p1a: Corviknight|84\/100\n|-singleturn|p1a: Corviknight|move: Roost\n|\n|upkeep\n|turn|28\n|\n|t:|1698596514\n|move|p2a: Kommo-o|Ice Punch|p1a: Corviknight\n|-damage|p1a: Corviknight|62\/100\n|-damage|p2a: Kommo-o|60\/100|[from] item: Rocky Helmet|[of] p1a: Corviknight\n|move|p1a: Corviknight|Roost|p1a: Corviknight\n|-heal|p1a: Corviknight|100\/100\n|-singleturn|p1a: Corviknight|move: Roost\n|\n|upkeep\n|turn|29\n|\n|t:|1698596519\n|move|p2a: Kommo-o|Drain Punch|p1a: Corviknight\n|-damage|p1a: Corviknight|67\/100\n|-heal|p2a: Kommo-o|83\/100|[from] drain|[of] p1a: Corviknight\n|-damage|p2a: Kommo-o|66\/100|[from] item: Rocky Helmet|[of] p1a: Corviknight\n|move|p1a: Corviknight|Iron Head|p2a: Kommo-o\n|-damage|p2a: Kommo-o|50\/100\n|\n|upkeep\n|turn|30\n|\n|t:|1698596528\n|move|p2a: Kommo-o|Ice Punch|p1a: Corviknight\n|-damage|p1a: Corviknight|48\/100\n|-damage|p2a: Kommo-o|33\/100|[from] item: Rocky Helmet|[of] p1a: Corviknight\n|move|p1a: Corviknight|Body Press|p2a: Kommo-o\n|-damage|p2a: Kommo-o|18\/100\n|\n|upkeep\n|turn|31\n|\n|t:|1698596532\n|move|p2a: Kommo-o|Drain Punch|p1a: Corviknight\n|-damage|p1a: Corviknight|18\/100\n|-heal|p2a: Kommo-o|38\/100|[from] drain|[of] p1a: Corviknight\n|-damage|p2a: Kommo-o|22\/100|[from] item: Rocky Helmet|[of] p1a: Corviknight\n|move|p1a: Corviknight|Roost|p1a: Corviknight\n|-heal|p1a: Corviknight|68\/100\n|-singleturn|p1a: Corviknight|move: Roost\n|\n|upkeep\n|turn|32\n|\n|t:|1698596540\n|move|p2a: Kommo-o|Ice Punch|p1a: Corviknight\n|-damage|p1a: Corviknight|46\/100\n|-damage|p2a: Kommo-o|5\/100|[from] item: Rocky Helmet|[of] p1a: Corviknight\n|move|p1a: Corviknight|Body Press|p2a: Kommo-o\n|-damage|p2a: Kommo-o|0 fnt\n|faint|p2a: Kommo-o\n|\n|upkeep\n|\n|t:|1698596547\n|switch|p2a: Magearna|Magearna|100\/100\n|turn|33\n|\n|t:|1698596550\n|move|p1a: Corviknight|Roost|p1a: Corviknight\n|-heal|p1a: Corviknight|96\/100\n|-singleturn|p1a: Corviknight|move: Roost\n|move|p2a: Magearna|Shift Gear|p2a: Magearna\n|-boost|p2a: Magearna|spe|2\n|-boost|p2a: Magearna|atk|1\n|\n|upkeep\n|turn|34\n|\n|t:|1698596564\n|move|p2a: Magearna|Calm Mind|p2a: Magearna\n|-boost|p2a: Magearna|spa|1\n|-boost|p2a: Magearna|spd|1\n|move|p1a: Corviknight|Iron Head|p2a: Magearna\n|-damage|p2a: Magearna|80\/100\n|\n|-heal|p2a: Magearna|86\/100|[from] item: Leftovers\n|upkeep\n|turn|35\n|\n|t:|1698596572\n|move|p2a: Magearna|Flash Cannon|p1a: Corviknight\n|-resisted|p1a: Corviknight\n|-damage|p1a: Corviknight|62\/100\n|move|p1a: Corviknight|Iron Head|p2a: Magearna\n|-damage|p2a: Magearna|66\/100\n|\n|-heal|p2a: Magearna|72\/100|[from] item: Leftovers\n|upkeep\n|turn|36\n|\n|t:|1698596586\n|move|p2a: Magearna|Calm Mind|p2a: Magearna\n|-boost|p2a: Magearna|spa|1\n|-boost|p2a: Magearna|spd|1\n|move|p1a: Corviknight|Body Press|p2a: Magearna\n|-crit|p2a: Magearna\n|-damage|p2a: Magearna|40\/100\n|\n|-heal|p2a: Magearna|46\/100|[from] item: Leftovers\n|upkeep\n|turn|37\n|\n|t:|1698596590\n|move|p2a: Magearna|Flash Cannon|p1a: Corviknight\n|-resisted|p1a: Corviknight\n|-damage|p1a: Corviknight|15\/100\n|move|p1a: Corviknight|Roost|p1a: Corviknight\n|-heal|p1a: Corviknight|65\/100\n|-singleturn|p1a: Corviknight|move: Roost\n|\n|-heal|p2a: Magearna|52\/100|[from] item: Leftovers\n|upkeep\n|turn|38\n|\n|t:|1698596593\n|move|p2a: Magearna|Flash Cannon|p1a: Corviknight\n|-resisted|p1a: Corviknight\n|-damage|p1a: Corviknight|19\/100\n|move|p1a: Corviknight|Body Press|p2a: Magearna\n|-damage|p2a: Magearna|31\/100\n|\n|-heal|p2a: Magearna|37\/100|[from] item: Leftovers\n|upkeep\n|turn|39\n|\n|t:|1698596603\n|move|p2a: Magearna|Draining Kiss|p1a: Corviknight\n|-resisted|p1a: Corviknight\n|-damage|p1a: Corviknight|0 fnt\n|-heal|p2a: Magearna|52\/100|[from] drain|[of] p1a: Corviknight\n|-damage|p2a: Magearna|36\/100|[from] item: Rocky Helmet|[of] p1a: Corviknight\n|faint|p1a: Corviknight\n|-ability|p2a: Magearna|Soul-Heart|boost\n|-boost|p2a: Magearna|spa|1\n|\n|-heal|p2a: Magearna|42\/100|[from] item: Leftovers\n|upkeep\n|\n|t:|1698596631\n|switch|p1a: Sandaconda|Sandaconda-Mega, F|52\/100\n|turn|40\n|\n|t:|1698596642\n|move|p2a: Magearna|Draining Kiss|p1a: Sandaconda\n|-damage|p1a: Sandaconda|0 fnt\n|-heal|p2a: Magearna|72\/100|[from] drain|[of] p1a: Sandaconda\n|faint|p1a: Sandaconda\n|-ability|p2a: Magearna|Soul-Heart|boost\n|-boost|p2a: Magearna|spa|1\n|\n|-heal|p2a: Magearna|78\/100|[from] item: Leftovers\n|upkeep\n|\n|t:|1698596645\n|switch|p1a: Rillaboom|Rillaboom, F|29\/100\n|-fieldstart|move: Grassy Terrain|[from] ability: Grassy Surge|[of] p1a: Rillaboom\n|turn|41\n|\n|t:|1698596650\n|move|p1a: Rillaboom|Grassy Glide|p2a: Magearna\n|-resisted|p2a: Magearna\n|-damage|p2a: Magearna|55\/100\n|move|p2a: Magearna|Draining Kiss|p1a: Rillaboom\n|-damage|p1a: Rillaboom|0 fnt\n|-heal|p2a: Magearna|75\/100|[from] drain|[of] p1a: Rillaboom\n|faint|p1a: Rillaboom\n|-ability|p2a: Magearna|Soul-Heart|boost\n|-boost|p2a: Magearna|spa|1\n|\n|-heal|p2a: Magearna|82\/100|[from] Grassy Terrain\n|-heal|p2a: Magearna|88\/100|[from] item: Leftovers\n|upkeep\n|-message|santosmaconha forfeited.\n|\n|win|Minato uzo crack\n","uploadtime":1698596663,"views":14,"p1id":"santosmaconha","p2id":"minatouzocrack","formatid":"gen9ubers","rating":0,"private":0,"password":""}