{"id":"radicalred-gen9ubers-545218","p1":"anderproyt","p2":"DarkEdge_79","format":"[Gen 9] Ubers","log":"|j|\u2606anderproyt\n|j|\u2606DarkEdge_79\n|t:|1699743827\n|gametype|singles\n|player|p1|anderproyt|rr-necrozma|\n|player|p2|DarkEdge_79|rr-scizormega|\n|teamsize|p1|6\n|teamsize|p2|6\n|gen|9\n|tier|[Gen 9] Ubers\n|rule|Sleep Clause Mod: Limit one foe put to sleep\n|rule|Species Clause: Limit one of each Pok\u00e9mon\n|rule|OHKO Clause: OHKO moves are banned\n|rule|Evasion Abilities Clause: Evasion abilities are banned\n|rule|Evasion Items Clause: Evasion items are banned\n|rule|Evasion Moves Clause: Evasion moves are banned\n|rule|Endless Battle Clause: Forcing endless battles is banned\n|rule|HP Percentage Mod: HP is shown in percentages\n|rule|Dynamax Clause: You cannot dynamax\n|rule|Mega Rayquaza Clause: You cannot mega evolve Rayquaza\n|clearpoke\n|poke|p1|Volcarona, F|\n|poke|p1|Gyarados, M|\n|poke|p1|Lokix-Sevii, F|\n|poke|p1|Grimmsnarl, M|\n|poke|p1|Crobat, F|\n|poke|p1|Cloyster, M|\n|poke|p2|Glaceon, F|\n|poke|p2|Beartic, M|\n|poke|p2|Walrein, F|\n|poke|p2|Ceruledge, M|\n|poke|p2|Typhlosion, M|\n|poke|p2|Blaziken, F|\n|teampreview\n|c|\u2606anderproyt|riko\n|\n|t:|1699743838\n|start\n|switch|p1a: Grimmsnarl|Grimmsnarl, M|100\/100\n|switch|p2a: Eevee de invierno|Glaceon, F|100\/100\n|turn|1\n|\n|t:|1699743843\n|move|p1a: Grimmsnarl|Taunt|p2a: Eevee de invierno\n|-start|p2a: Eevee de invierno|move: Taunt\n|cant|p2a: Eevee de invierno|move: Taunt|Snowscape\n|\n|upkeep\n|turn|2\n|\n|t:|1699743848\n|move|p1a: Grimmsnarl|Light Screen|p1a: Grimmsnarl\n|-sidestart|p1: anderproyt|move: Light Screen\n|move|p2a: Eevee de invierno|Blizzard|p1a: Grimmsnarl|[miss]\n|-miss|p2a: Eevee de invierno|p1a: Grimmsnarl\n|\n|upkeep\n|turn|3\n|c|\u2606anderproyt|ya te la sabes\n|\n|t:|1699743854\n|move|p1a: Grimmsnarl|Reflect|p1a: Grimmsnarl\n|-sidestart|p1: anderproyt|Reflect\n|move|p2a: Eevee de invierno|Blizzard|p1a: Grimmsnarl\n|-damage|p1a: Grimmsnarl|77\/100\n|\n|-end|p2a: Eevee de invierno|move: Taunt\n|upkeep\n|turn|4\n|\n|t:|1699743863\n|move|p1a: Grimmsnarl|Taunt|p2a: Eevee de invierno\n|-start|p2a: Eevee de invierno|move: Taunt\n|move|p2a: Eevee de invierno|Blizzard|p1a: Grimmsnarl|[miss]\n|-miss|p2a: Eevee de invierno|p1a: Grimmsnarl\n|\n|upkeep\n|turn|5\n|\n|t:|1699743869\n|move|p1a: Grimmsnarl|Parting Shot|p2a: Eevee de invierno\n|-unboost|p2a: Eevee de invierno|atk|1\n|-unboost|p2a: Eevee de invierno|spa|1\n|\n|t:|1699743874\n|switch|p1a: Anguila|Gyarados, M|100\/100|[from] Parting Shot\n|-ability|p1a: Anguila|Intimidate|boost\n|-unboost|p2a: Eevee de invierno|atk|1\n|move|p2a: Eevee de invierno|Blizzard|p1a: Anguila\n|-damage|p1a: Anguila|86\/100\n|\n|upkeep\n|turn|6\n|\n|t:|1699743886\n|detailschange|p1a: Anguila|Gyarados-Mega, M\n|-mega|p1a: Anguila|Gyarados|Gyaradosite\n|-ability|p1a: Anguila|Mold Breaker\n|move|p2a: Eevee de invierno|Blizzard|p1a: Anguila\n|-resisted|p1a: Anguila\n|-damage|p1a: Anguila|80\/100\n|move|p1a: Anguila|Dragon Dance|p1a: Anguila\n|-boost|p1a: Anguila|atk|1\n|-boost|p1a: Anguila|spe|1\n|\n|-end|p2a: Eevee de invierno|move: Taunt\n|upkeep\n|turn|7\n|\n|t:|1699743897\n|move|p1a: Anguila|Aqua Tail|p2a: Eevee de invierno\n|-damage|p2a: Eevee de invierno|3\/100\n|move|p2a: Eevee de invierno|Snowscape|p2a: Eevee de invierno\n|-weather|Snow\n|\n|-weather|Snow|[upkeep]\n|upkeep\n|turn|8\n|\n|t:|1699743903\n|move|p2a: Eevee de invierno|Blizzard|p1a: Anguila\n|-resisted|p1a: Anguila\n|-damage|p1a: Anguila|74\/100\n|move|p1a: Anguila|Dragon Dance|p1a: Anguila\n|-boost|p1a: Anguila|atk|1\n|-boost|p1a: Anguila|spe|1\n|\n|-weather|Snow|[upkeep]\n|upkeep\n|turn|9\n|\n|t:|1699743918\n|move|p2a: Eevee de invierno|Earth Power|p1a: Anguila\n|-damage|p1a: Anguila|67\/100\n|move|p1a: Anguila|Aqua Tail|p2a: Eevee de invierno\n|-damage|p2a: Eevee de invierno|0 fnt\n|faint|p2a: Eevee de invierno\n|\n|-weather|Snow|[upkeep]\n|-sideend|p1: anderproyt|move: Light Screen\n|upkeep\n|\n|t:|1699743943\n|switch|p2a: Polar|Beartic, M|100\/100\n|turn|10\n|\n|t:|1699743974\n|move|p1a: Anguila|Aqua Tail|p2a: Polar\n|-damage|p2a: Polar|0 fnt\n|faint|p2a: Polar\n|\n|-weather|Snow|[upkeep]\n|-sideend|p1: anderproyt|Reflect\n|upkeep\n|\n|t:|1699743979\n|switch|p2a: Primer Shiny|Walrein, F, shiny|100\/100\n|turn|11\n|\n|t:|1699743984\n|move|p1a: Anguila|Crunch|p2a: Primer Shiny\n|-damage|p2a: Primer Shiny|25\/100\n|move|p2a: Primer Shiny|Aqua Ring|p2a: Primer Shiny\n|-start|p2a: Primer Shiny|Aqua Ring\n|\n|-weather|Snow|[upkeep]\n|-heal|p2a: Primer Shiny|32\/100|[from] item: Leftovers\n|-heal|p2a: Primer Shiny|38\/100|[from] Aqua Ring\n|upkeep\n|turn|12\n|\n|t:|1699743994\n|move|p1a: Anguila|Crunch|p2a: Primer Shiny\n|-damage|p2a: Primer Shiny|0 fnt\n|faint|p2a: Primer Shiny\n|\n|-weather|Snow|[upkeep]\n|upkeep\n|\n|t:|1699744002\n|switch|p2a: Paco|Typhlosion, M|100\/100\n|turn|13\n|c|\u2606anderproyt|xd\n|\n|t:|1699744006\n|move|p2a: Paco|Eruption|p1a: Anguila\n|-resisted|p1a: Anguila\n|-damage|p1a: Anguila|27\/100\n|move|p1a: Anguila|Aqua Tail|p2a: Paco\n|-supereffective|p2a: Paco\n|-damage|p2a: Paco|0 fnt\n|faint|p2a: Paco\n|\n|-weather|Snow|[upkeep]\n|upkeep\n|c|\u2606DarkEdge_79|pa q seguir\n|-message|DarkEdge_79 forfeited.\n|\n|win|anderproyt\n|l|\u2606DarkEdge_79\n|c|\u2606anderproyt|gg\n","uploadtime":1699744036,"views":23,"p1id":"anderproyt","p2id":"darkedge79","formatid":"gen9ubers","rating":0,"private":0,"password":""}