{"id":"radicalred-gen9ubers-536603","p1":"Mr cyphon","p2":"Flare_Flamewolf00","format":"[Gen 9] Ubers","log":"|j|\u2606Mr cyphon\n|j|\u2606Flare_Flamewolf00\n|t:|1698159521\n|gametype|singles\n|player|p1|Mr cyphon|rr-beedrillmega|\n|player|p2|Flare_Flamewolf00|rr-houndoommega|\n|teamsize|p1|6\n|teamsize|p2|6\n|gen|9\n|tier|[Gen 9] Ubers\n|rule|Sleep Clause Mod: Limit one foe put to sleep\n|rule|Species Clause: Limit one of each Pok\u00e9mon\n|rule|OHKO Clause: OHKO moves are banned\n|rule|Evasion Abilities Clause: Evasion abilities are banned\n|rule|Evasion Items Clause: Evasion items are banned\n|rule|Evasion Moves Clause: Evasion moves are banned\n|rule|Endless Battle Clause: Forcing endless battles is banned\n|rule|HP Percentage Mod: HP is shown in percentages\n|rule|Dynamax Clause: You cannot dynamax\n|rule|Mega Rayquaza Clause: You cannot mega evolve Rayquaza\n|clearpoke\n|poke|p1|Toxapex, F|\n|poke|p1|Sneasler, M|\n|poke|p1|Crobat, F|\n|poke|p1|Naganadel|\n|poke|p1|Gengar, F|\n|poke|p1|Eternatus|\n|poke|p2|Regirock|\n|poke|p2|Tyranitar, M|\n|poke|p2|Glimmora, M|\n|poke|p2|Golurk|\n|poke|p2|Arcanine-Hisui, M|\n|poke|p2|Aerodactyl, M|\n|teampreview\n|inactive|Battle timer is ON: inactive players will automatically lose when time's up. (requested by Flare_Flamewolf00)\n|c|\u2606Mr cyphon|hf\n|c|\u2606Flare_Flamewolf00|y2\n|\n|t:|1698159540\n|start\n|switch|p1a: Sneasler|Sneasler, M|100\/100\n|switch|p2a: Fossilized|Aerodactyl, M|100\/100\n|turn|1\n|\n|t:|1698159552\n|move|p1a: Sneasler|Fake Out|p2a: Fossilized\n|-resisted|p2a: Fossilized\n|-damage|p2a: Fossilized|89\/100\n|cant|p2a: Fossilized|flinch\n|\n|upkeep\n|turn|2\n|c|\u2606Flare_Flamewolf00|yeah come on\n|c|\u2606Flare_Flamewolf00|switch out\n|inactive|Mr cyphon has 270 seconds left.\n|c|\u2606Flare_Flamewolf00|or stay in and die\n|\n|t:|1698159585\n|-zpower|p2a: Fossilized\n|move|p2a: Fossilized|Supersonic Skystrike|p1a: Sneasler|[zeffect]\n|-supereffective|p1a: Sneasler\n|-crit|p1a: Sneasler\n|-enditem|p1a: Sneasler|Focus Sash\n|-damage|p1a: Sneasler|1\/100\n|move|p1a: Sneasler|Dire Claw|p2a: Fossilized\n|-resisted|p2a: Fossilized\n|-crit|p2a: Fossilized\n|-damage|p2a: Fossilized|35\/100\n|\n|upkeep\n|turn|3\n|inactive|Mr cyphon has 270 seconds left.\n|\n|t:|1698159599\n|move|p2a: Fossilized|Earthquake|p1a: Sneasler\n|-supereffective|p1a: Sneasler\n|-damage|p1a: Sneasler|0 fnt\n|faint|p1a: Sneasler\n|\n|upkeep\n|c|\u2606Flare_Flamewolf00|damn\n|inactive|Mr cyphon has 270 seconds left.\n|c|\u2606Mr cyphon|i think the z move \n|c|\u2606Mr cyphon|should be the type of the gym leader\n|\n|t:|1698159620\n|switch|p1a: Naganadel|Naganadel|100\/100\n|turn|4\n|c|\u2606Flare_Flamewolf00|there's no rule against it\n|\n|t:|1698159632\n|move|p2a: Fossilized|Earthquake|p1a: Naganadel\n|-supereffective|p1a: Naganadel\n|-damage|p1a: Naganadel|11\/100\n|-zpower|p1a: Naganadel\n|move|p1a: Naganadel|Acid Downpour|p2a: Fossilized|[zeffect]\n|-resisted|p2a: Fossilized\n|-damage|p2a: Fossilized|0 fnt\n|faint|p2a: Fossilized\n|-ability|p1a: Naganadel|Beast Boost|boost\n|-boost|p1a: Naganadel|spe|1\n|\n|upkeep\n|\n|t:|1698159642\n|switch|p2a: Golden Flames|Arcanine-Hisui, M, shiny|100\/100\n|turn|5\n|\n|t:|1698159646\n|move|p2a: Golden Flames|Accelerock|p1a: Naganadel\n|-damage|p1a: Naganadel|0 fnt\n|faint|p1a: Naganadel\n|\n|upkeep\n|\n|t:|1698159649\n|switch|p1a: Toxapex|Toxapex, F|100\/100\n|turn|6\n|\n|t:|1698159666\n|switch|p2a: Flower Power|Glimmora, M|100\/100\n|move|p1a: Toxapex|Scald|p2a: Flower Power\n|-supereffective|p2a: Flower Power\n|-damage|p2a: Flower Power|58\/100\n|\n|upkeep\n|turn|7\n|\n|t:|1698159672\n|move|p2a: Flower Power|Power Gem|p1a: Toxapex\n|-damage|p1a: Toxapex|66\/100\n|move|p1a: Toxapex|Toxic Spikes|p2a: Flower Power\n|-sidestart|p2: Flare_Flamewolf00|move: Toxic Spikes\n|\n|-heal|p1a: Toxapex|72\/100|[from] item: Black Sludge\n|upkeep\n|turn|8\n|\n|t:|1698159676\n|move|p2a: Flower Power|Power Gem|p1a: Toxapex\n|-damage|p1a: Toxapex|40\/100\n|move|p1a: Toxapex|Toxic Spikes|p2a: Flower Power\n|-sidestart|p2: Flare_Flamewolf00|move: Toxic Spikes\n|\n|-heal|p1a: Toxapex|46\/100|[from] item: Black Sludge\n|upkeep\n|turn|9\n|\n|t:|1698159683\n|move|p2a: Flower Power|Power Gem|p1a: Toxapex\n|-damage|p1a: Toxapex|10\/100\n|move|p1a: Toxapex|Recover|p1a: Toxapex\n|-heal|p1a: Toxapex|60\/100\n|\n|-heal|p1a: Toxapex|66\/100|[from] item: Black Sludge\n|upkeep\n|turn|10\n|\n|t:|1698159689\n|move|p2a: Flower Power|Power Gem|p1a: Toxapex\n|-damage|p1a: Toxapex|32\/100\n|move|p1a: Toxapex|Recover|p1a: Toxapex\n|-heal|p1a: Toxapex|82\/100\n|\n|-heal|p1a: Toxapex|89\/100|[from] item: Black Sludge\n|upkeep\n|turn|11\n|\n|t:|1698159692\n|move|p2a: Flower Power|Power Gem|p1a: Toxapex\n|-damage|p1a: Toxapex|53\/100\n|move|p1a: Toxapex|Scald|p2a: Flower Power\n|-supereffective|p2a: Flower Power\n|-damage|p2a: Flower Power|10\/100\n|\n|-heal|p1a: Toxapex|59\/100|[from] item: Black Sludge\n|upkeep\n|turn|12\n|\n|t:|1698159700\n|switch|p2a: Godzilla|Tyranitar, M|100\/100\n|-status|p2a: Godzilla|tox\n|-weather|Sandstorm|[from] ability: Sand Stream|[of] p2a: Godzilla\n|move|p1a: Toxapex|Recover|p1a: Toxapex\n|-heal|p1a: Toxapex|100\/100\n|\n|-weather|Sandstorm|[upkeep]\n|-damage|p1a: Toxapex|94\/100|[from] Sandstorm\n|-heal|p1a: Toxapex|100\/100|[from] item: Black Sludge\n|-damage|p2a: Godzilla|94\/100 tox|[from] psn\n|upkeep\n|turn|13\n|\n|t:|1698159705\n|detailschange|p2a: Godzilla|Tyranitar-Mega, M\n|-mega|p2a: Godzilla|Tyranitar|Tyranitarite\n|move|p2a: Godzilla|Dragon Dance|p2a: Godzilla\n|-boost|p2a: Godzilla|atk|1\n|-boost|p2a: Godzilla|spe|1\n|move|p1a: Toxapex|Scald|p2a: Godzilla\n|-supereffective|p2a: Godzilla\n|-damage|p2a: Godzilla|79\/100 tox\n|\n|-weather|Sandstorm|[upkeep]\n|-damage|p1a: Toxapex|94\/100|[from] Sandstorm\n|-heal|p1a: Toxapex|100\/100|[from] item: Black Sludge\n|-damage|p2a: Godzilla|66\/100 tox|[from] psn\n|upkeep\n|turn|14\n|\n|t:|1698159710\n|move|p2a: Godzilla|Earthquake|p1a: Toxapex\n|-supereffective|p1a: Toxapex\n|-damage|p1a: Toxapex|41\/100\n|move|p1a: Toxapex|Haze|p1a: Toxapex\n|-clearallboost\n|\n|-weather|Sandstorm|[upkeep]\n|-damage|p1a: Toxapex|34\/100|[from] Sandstorm\n|-heal|p1a: Toxapex|41\/100|[from] item: Black Sludge\n|-damage|p2a: Godzilla|48\/100 tox|[from] psn\n|upkeep\n|turn|15\n|\n|t:|1698159713\n|move|p2a: Godzilla|Earthquake|p1a: Toxapex\n|-supereffective|p1a: Toxapex\n|-damage|p1a: Toxapex|0 fnt\n|faint|p1a: Toxapex\n|\n|-weather|Sandstorm|[upkeep]\n|-damage|p2a: Godzilla|23\/100 tox|[from] psn\n|upkeep\n|\n|t:|1698159718\n|switch|p1a: Gengar|Gengar, F|100\/100\n|turn|16\n|\n|t:|1698159731\n|detailschange|p1a: Gengar|Gengar-Mega, F\n|-mega|p1a: Gengar|Gengar|Gengarite\n|move|p1a: Gengar|Venoshock|p2a: Godzilla\n|-resisted|p2a: Godzilla\n|-damage|p2a: Godzilla|3\/100 tox\n|move|p2a: Godzilla|Foul Play|p1a: Gengar\n|-supereffective|p1a: Gengar\n|-damage|p1a: Gengar|47\/100\n|\n|-weather|none\n|-damage|p2a: Godzilla|0 fnt|[from] psn\n|faint|p2a: Godzilla\n|upkeep\n|\n|t:|1698159739\n|switch|p2a: Flower Power|Glimmora, M|10\/100\n|-sideend|p2: Flare_Flamewolf00|move: Toxic Spikes|[of] p2a: Flower Power\n|turn|17\n|c|\u2606Mr cyphon|mmmm\n|\n|t:|1698159744\n|move|p1a: Gengar|Hex|p2a: Flower Power\n|-damage|p2a: Flower Power|0 fnt\n|faint|p2a: Flower Power\n|\n|upkeep\n|\n|t:|1698159754\n|switch|p2a: Golden Flames|Arcanine-Hisui, M, shiny|100\/100\n|turn|18\n|\n|t:|1698159757\n|move|p2a: Golden Flames|Flare Blitz|p1a: Gengar\n|-damage|p1a: Gengar|0 fnt\n|faint|p1a: Gengar\n|\n|upkeep\n|\n|t:|1698159760\n|switch|p1a: Eternatus|Eternatus|100\/100\n|-ability|p1a: Eternatus|Pressure\n|turn|19\n|\n|t:|1698159768\n|switch|p2a: Phantom|Golurk, shiny|100\/100\n|move|p1a: Eternatus|Cosmic Power|p1a: Eternatus\n|-boost|p1a: Eternatus|def|1\n|-boost|p1a: Eternatus|spd|1\n|\n|upkeep\n|turn|20\n|\n|t:|1698159771\n|move|p1a: Eternatus|Cosmic Power|p1a: Eternatus\n|-boost|p1a: Eternatus|def|1\n|-boost|p1a: Eternatus|spd|1\n|move|p2a: Phantom|Earthquake|p1a: Eternatus\n|-supereffective|p1a: Eternatus\n|-damage|p1a: Eternatus|73\/100\n|\n|-heal|p1a: Eternatus|79\/100|[from] item: Black Sludge\n|upkeep\n|turn|21\n|c|\u2606Mr cyphon|you remember this set\n|c|\u2606Mr cyphon|from randbats\n|c|\u2606Flare_Flamewolf00|oh god\n|inactive|Mr cyphon has 270 seconds left.\n|\n|t:|1698159803\n|switch|p2a: Rock And Roll|Regirock, shiny|100\/100\n|move|p1a: Eternatus|Cosmic Power|p1a: Eternatus\n|-boost|p1a: Eternatus|def|1\n|-boost|p1a: Eternatus|spd|1\n|\n|-heal|p1a: Eternatus|85\/100|[from] item: Black Sludge\n|upkeep\n|turn|22\n|\n|t:|1698159806\n|move|p1a: Eternatus|Cosmic Power|p1a: Eternatus\n|-boost|p1a: Eternatus|def|1\n|-boost|p1a: Eternatus|spd|1\n|move|p2a: Rock And Roll|Salt Cure|p1a: Eternatus\n|-damage|p1a: Eternatus|82\/100\n|-start|p1a: Eternatus|Salt Cure\n|\n|-heal|p1a: Eternatus|88\/100|[from] item: Black Sludge\n|-damage|p1a: Eternatus|76\/100|[from] Salt Cure\n|upkeep\n|turn|23\n|\n|t:|1698159811\n|move|p2a: Rock And Roll|Protect|p2a: Rock And Roll\n|-singleturn|p2a: Rock And Roll|Protect\n|move|p1a: Eternatus|Dynamax Cannon|p2a: Rock And Roll\n|-activate|p2a: Rock And Roll|move: Protect\n|\n|-heal|p1a: Eternatus|82\/100|[from] item: Black Sludge\n|-damage|p1a: Eternatus|70\/100|[from] Salt Cure\n|upkeep\n|turn|24\n|\n|t:|1698159820\n|move|p1a: Eternatus|Dynamax Cannon|p2a: Rock And Roll\n|-damage|p2a: Rock And Roll|60\/100\n|move|p2a: Rock And Roll|Iron Defense|p2a: Rock And Roll\n|-boost|p2a: Rock And Roll|def|2\n|\n|-heal|p1a: Eternatus|76\/100|[from] item: Black Sludge\n|-heal|p2a: Rock And Roll|66\/100|[from] item: Leftovers\n|-damage|p1a: Eternatus|63\/100|[from] Salt Cure\n|upkeep\n|turn|25\n|\n|t:|1698159827\n|move|p2a: Rock And Roll|Protect|p2a: Rock And Roll\n|-singleturn|p2a: Rock And Roll|Protect\n|move|p1a: Eternatus|Dynamax Cannon|p2a: Rock And Roll\n|-activate|p2a: Rock And Roll|move: Protect\n|\n|-heal|p1a: Eternatus|70\/100|[from] item: Black Sludge\n|-heal|p2a: Rock And Roll|72\/100|[from] item: Leftovers\n|-damage|p1a: Eternatus|57\/100|[from] Salt Cure\n|upkeep\n|turn|26\n|\n|t:|1698159847\n|move|p1a: Eternatus|Dynamax Cannon|p2a: Rock And Roll\n|-damage|p2a: Rock And Roll|32\/100\n|move|p2a: Rock And Roll|Body Press|p1a: Eternatus\n|-resisted|p1a: Eternatus\n|-damage|p1a: Eternatus|48\/100\n|\n|-heal|p1a: Eternatus|54\/100|[from] item: Black Sludge\n|-heal|p2a: Rock And Roll|38\/100|[from] item: Leftovers\n|-damage|p1a: Eternatus|42\/100|[from] Salt Cure\n|upkeep\n|turn|27\n|\n|t:|1698159857\n|move|p2a: Rock And Roll|Protect|p2a: Rock And Roll\n|-singleturn|p2a: Rock And Roll|Protect\n|move|p1a: Eternatus|Recover|p1a: Eternatus\n|-heal|p1a: Eternatus|92\/100\n|\n|-heal|p1a: Eternatus|98\/100|[from] item: Black Sludge\n|-heal|p2a: Rock And Roll|44\/100|[from] item: Leftovers\n|-damage|p1a: Eternatus|86\/100|[from] Salt Cure\n|upkeep\n|turn|28\n|c|\u2606Mr cyphon|you f up\n|\n|t:|1698159867\n|move|p1a: Eternatus|Dynamax Cannon|p2a: Rock And Roll\n|-damage|p2a: Rock And Roll|4\/100\n|move|p2a: Rock And Roll|Salt Cure|p1a: Eternatus\n|-damage|p1a: Eternatus|82\/100\n|\n|-heal|p1a: Eternatus|89\/100|[from] item: Black Sludge\n|-heal|p2a: Rock And Roll|10\/100|[from] item: Leftovers\n|-damage|p1a: Eternatus|76\/100|[from] Salt Cure\n|upkeep\n|turn|29\n|\n|t:|1698159878\n|move|p1a: Eternatus|Cosmic Power|p1a: Eternatus\n|-boost|p1a: Eternatus|def|1\n|-boost|p1a: Eternatus|spd|1\n|move|p2a: Rock And Roll|Salt Cure|p1a: Eternatus\n|-damage|p1a: Eternatus|73\/100\n|\n|-heal|p1a: Eternatus|79\/100|[from] item: Black Sludge\n|-heal|p2a: Rock And Roll|16\/100|[from] item: Leftovers\n|-damage|p1a: Eternatus|67\/100|[from] Salt Cure\n|upkeep\n|turn|30\n|\n|t:|1698159881\n|move|p1a: Eternatus|Dynamax Cannon|p2a: Rock And Roll\n|-damage|p2a: Rock And Roll|0 fnt\n|faint|p2a: Rock And Roll\n|\n|-heal|p1a: Eternatus|73\/100|[from] item: Black Sludge\n|-damage|p1a: Eternatus|61\/100|[from] Salt Cure\n|upkeep\n|j| Konoha Leaves\n|l| Konoha Leaves\n|\n|t:|1698159889\n|switch|p2a: Phantom|Golurk, shiny|100\/100\n|turn|31\n|\n|t:|1698159892\n|move|p1a: Eternatus|Recover|p1a: Eternatus\n|-heal|p1a: Eternatus|100\/100\n|move|p2a: Phantom|Rage Fist|p1a: Eternatus\n|-damage|p1a: Eternatus|95\/100\n|\n|-heal|p1a: Eternatus|100\/100|[from] item: Black Sludge\n|-damage|p1a: Eternatus|88\/100|[from] Salt Cure\n|upkeep\n|turn|32\n|\n|t:|1698159896\n|move|p1a: Eternatus|Dynamax Cannon|p2a: Phantom\n|-damage|p2a: Phantom|76\/100\n|move|p2a: Phantom|Rage Fist|p1a: Eternatus\n|-damage|p1a: Eternatus|77\/100\n|\n|-heal|p1a: Eternatus|83\/100|[from] item: Black Sludge\n|-damage|p1a: Eternatus|71\/100|[from] Salt Cure\n|upkeep\n|turn|33\n|\n|t:|1698159902\n|move|p1a: Eternatus|Dynamax Cannon|p2a: Phantom\n|-damage|p2a: Phantom|47\/100\n|move|p2a: Phantom|Rage Fist|p1a: Eternatus\n|-damage|p1a: Eternatus|53\/100\n|\n|-heal|p1a: Eternatus|59\/100|[from] item: Black Sludge\n|-damage|p1a: Eternatus|46\/100|[from] Salt Cure\n|upkeep\n|turn|34\n|\n|t:|1698159911\n|move|p1a: Eternatus|Recover|p1a: Eternatus\n|-heal|p1a: Eternatus|96\/100\n|move|p2a: Phantom|Ice Punch|p1a: Eternatus\n|-supereffective|p1a: Eternatus\n|-damage|p1a: Eternatus|85\/100\n|\n|-heal|p1a: Eternatus|91\/100|[from] item: Black Sludge\n|-damage|p1a: Eternatus|79\/100|[from] Salt Cure\n|upkeep\n|turn|35\n|\n|t:|1698159916\n|move|p1a: Eternatus|Flamethrower|p2a: Phantom\n|-damage|p2a: Phantom|31\/100\n|-status|p2a: Phantom|brn\n|move|p2a: Phantom|Rage Fist|p1a: Eternatus\n|-damage|p1a: Eternatus|67\/100\n|\n|-heal|p1a: Eternatus|73\/100|[from] item: Black Sludge\n|-damage|p2a: Phantom|25\/100 brn|[from] brn\n|-damage|p1a: Eternatus|61\/100|[from] Salt Cure\n|upkeep\n|turn|36\n|c|\u2606Flare_Flamewolf00|dammit\n|\n|t:|1698159928\n|move|p1a: Eternatus|Flamethrower|p2a: Phantom\n|-damage|p2a: Phantom|8\/100 brn\n|move|p2a: Phantom|Ice Punch|p1a: Eternatus\n|-supereffective|p1a: Eternatus\n|-damage|p1a: Eternatus|55\/100\n|\n|-heal|p1a: Eternatus|61\/100|[from] item: Black Sludge\n|-damage|p2a: Phantom|2\/100 brn|[from] brn\n|-damage|p1a: Eternatus|49\/100|[from] Salt Cure\n|upkeep\n|turn|37\n|\n|t:|1698159933\n|move|p1a: Eternatus|Recover|p1a: Eternatus\n|-heal|p1a: Eternatus|99\/100\n|move|p2a: Phantom|Ice Punch|p1a: Eternatus\n|-supereffective|p1a: Eternatus\n|-damage|p1a: Eternatus|93\/100\n|-status|p1a: Eternatus|frz\n|\n|-heal|p1a: Eternatus|99\/100 frz|[from] item: Black Sludge\n|-damage|p1a: Eternatus|93\/100 frz|[from] frz\n|-damage|p2a: Phantom|0 fnt|[from] brn\n|faint|p2a: Phantom\n|-damage|p1a: Eternatus|80\/100 frz|[from] Salt Cure\n|upkeep\n|\n|t:|1698159935\n|switch|p2a: Golden Flames|Arcanine-Hisui, M, shiny|100\/100\n|turn|38\n|\n|t:|1698159939\n|move|p2a: Golden Flames|Head Smash|p1a: Eternatus\n|-damage|p1a: Eternatus|63\/100 frz\n|move|p1a: Eternatus|Flamethrower|p2a: Golden Flames\n|-resisted|p2a: Golden Flames\n|-damage|p2a: Golden Flames|96\/100\n|\n|-heal|p1a: Eternatus|69\/100 frz|[from] item: Black Sludge\n|-damage|p1a: Eternatus|63\/100 frz|[from] frz\n|-damage|p1a: Eternatus|51\/100 frz|[from] Salt Cure\n|upkeep\n|turn|39\n|c|\u2606Mr cyphon|gg\n|\n|t:|1698159951\n|move|p2a: Golden Flames|Head Smash|p1a: Eternatus|[miss]\n|-miss|p2a: Golden Flames|p1a: Eternatus\n|move|p1a: Eternatus|Flamethrower|p2a: Golden Flames\n|-resisted|p2a: Golden Flames\n|-damage|p2a: Golden Flames|92\/100\n|\n|-heal|p1a: Eternatus|57\/100 frz|[from] item: Black Sludge\n|-damage|p1a: Eternatus|51\/100 frz|[from] frz\n|-damage|p1a: Eternatus|38\/100 frz|[from] Salt Cure\n|upkeep\n|turn|40\n|\n|t:|1698159956\n|move|p2a: Golden Flames|Head Smash|p1a: Eternatus\n|-damage|p1a: Eternatus|20\/100 frz\n|move|p1a: Eternatus|Flamethrower|p2a: Golden Flames\n|-resisted|p2a: Golden Flames\n|-damage|p2a: Golden Flames|88\/100\n|\n|-heal|p1a: Eternatus|26\/100 frz|[from] item: Black Sludge\n|-damage|p1a: Eternatus|20\/100 frz|[from] frz\n|-damage|p1a: Eternatus|8\/100 frz|[from] Salt Cure\n|upkeep\n|turn|41\n|\n|t:|1698159964\n|move|p2a: Golden Flames|Head Smash|p1a: Eternatus\n|-damage|p1a: Eternatus|0 fnt\n|faint|p1a: Eternatus\n|\n|upkeep\n|c|\u2606Flare_Flamewolf00|?\n|\n|t:|1698159990\n|switch|p1a: Crobat|Crobat, F|100\/100\n|turn|42\n|c|\u2606Flare_Flamewolf00|you didn't recover\n|c|\u2606Mr cyphon|you won\n|\n|t:|1698159998\n|-activate|p2a: Golden Flames|move: Struggle\n|move|p2a: Golden Flames|Struggle|p1a: Crobat\n|-damage|p1a: Crobat|77\/100\n|-damage|p2a: Golden Flames|63\/100|[from] recoil\n|move|p1a: Crobat|Hurricane|p2a: Golden Flames|[miss]\n|-miss|p1a: Crobat|p2a: Golden Flames\n|\n|upkeep\n|turn|43\n|c|\u2606Flare_Flamewolf00|no \n|c|\u2606Flare_Flamewolf00|pressure took my pp\n|\n|t:|1698160011\n|-activate|p2a: Golden Flames|move: Struggle\n|move|p2a: Golden Flames|Struggle|p1a: Crobat\n|-damage|p1a: Crobat|51\/100\n|-damage|p2a: Golden Flames|38\/100|[from] recoil\n|move|p1a: Crobat|Hurricane|p2a: Golden Flames|[miss]\n|-miss|p1a: Crobat|p2a: Golden Flames\n|\n|upkeep\n|turn|44\n|\n|t:|1698160019\n|-activate|p2a: Golden Flames|move: Struggle\n|move|p2a: Golden Flames|Struggle|p1a: Crobat\n|-damage|p1a: Crobat|27\/100\n|-damage|p2a: Golden Flames|13\/100|[from] recoil\n|move|p1a: Crobat|Hurricane|p2a: Golden Flames\n|-resisted|p2a: Golden Flames\n|-damage|p2a: Golden Flames|0 fnt\n|faint|p2a: Golden Flames\n|\n|win|Mr cyphon\n|c|\u2606Flare_Flamewolf00|gg\n|c|\u2606Mr cyphon|gg\n|l|\u2606Mr cyphon\n|j|\u2606Mr cyphon\n|player|p1|Mr cyphon|rr-beedrillmega\n","uploadtime":1698160062,"views":12,"p1id":"mrcyphon","p2id":"flareflamewolf00","formatid":"gen9ubers","rating":0,"private":0,"password":""}