{"id":"radicalred-gen9ubers-548080","p1":"ivancuervo2007","p2":"nose xd123","format":"[Gen 9] Ubers","log":"|j|\u2606ivancuervo2007\n|j|\u2606nose xd123\n|t:|1700255639\n|gametype|singles\n|player|p1|ivancuervo2007|rr-dragonite|\n|player|p2|nose xd123|rr-charizardmegax|\n|teamsize|p1|6\n|teamsize|p2|6\n|gen|9\n|tier|[Gen 9] Ubers\n|rule|Sleep Clause Mod: Limit one foe put to sleep\n|rule|Species Clause: Limit one of each Pok\u00e9mon\n|rule|OHKO Clause: OHKO moves are banned\n|rule|Evasion Abilities Clause: Evasion abilities are banned\n|rule|Evasion Items Clause: Evasion items are banned\n|rule|Evasion Moves Clause: Evasion moves are banned\n|rule|Endless Battle Clause: Forcing endless battles is banned\n|rule|HP Percentage Mod: HP is shown in percentages\n|rule|Dynamax Clause: You cannot dynamax\n|rule|Mega Rayquaza Clause: You cannot mega evolve Rayquaza\n|clearpoke\n|poke|p1|Salamence, M|\n|poke|p1|Greninja-*, M|\n|poke|p1|Dragapult, F|\n|poke|p1|Donphan, F|\n|poke|p1|Aegislash, M|\n|poke|p1|Sylveon, F|\n|poke|p2|Greninja-*, M|\n|poke|p2|Mandibuzz, F|\n|poke|p2|Gengar, M|\n|poke|p2|Grimmsnarl, M|\n|poke|p2|Toxapex, M|\n|poke|p2|Kingambit, M|\n|teampreview\n|c|\u2606nose xd123|watafak\n|c|\u2606ivancuervo2007|Quiero tu medalla\n|c|\u2606nose xd123|va\n|\n|t:|1700255689\n|start\n|switch|p1a: Donphan|Donphan, F|100\/100\n|switch|p2a: Grimmsnarl|Grimmsnarl, M|100\/100\n|turn|1\n|c|\u2606ivancuervo2007|\ud83d\ude18\u261d\ufe0f\ud83d\udc4d\n|\n|t:|1700255706\n|move|p2a: Grimmsnarl|Reflect|p2a: Grimmsnarl\n|-sidestart|p2: nose xd123|Reflect\n|move|p1a: Donphan|Bonemerang|p2a: Grimmsnarl\n|-damage|p2a: Grimmsnarl|88\/100\n|-damage|p2a: Grimmsnarl|75\/100\n|-hitcount|p2a: Grimmsnarl|2\n|\n|upkeep\n|turn|2\n|\n|t:|1700255712\n|move|p2a: Grimmsnarl|Parting Shot|p1a: Donphan\n|-unboost|p1a: Donphan|atk|1\n|-unboost|p1a: Donphan|spa|1\n|\n|t:|1700255714\n|switch|p2a: Mandibuzz|Mandibuzz, F|100\/100|[from] Parting Shot\n|move|p1a: Donphan|Stealth Rock|p2a: Mandibuzz\n|-sidestart|p2: nose xd123|move: Stealth Rock\n|\n|upkeep\n|turn|3\n|\n|t:|1700255723\n|switch|p1a: Neimi|Sylveon, F|100\/100\n|move|p2a: Mandibuzz|Defog|p1a: Neimi\n|-unboost|p1a: Neimi|evasion|1\n|-sideend|p2: nose xd123|Stealth Rock|[from] move: Defog|[of] p2a: Mandibuzz\n|\n|upkeep\n|turn|4\n|\n|t:|1700255729\n|-zpower|p1a: Neimi\n|move|p1a: Neimi|Extreme Evoboost|p1a: Neimi\n|-boost|p1a: Neimi|atk|2\n|-boost|p1a: Neimi|spa|2\n|-boost|p1a: Neimi|spe|2\n|move|p2a: Mandibuzz|U-turn|p1a: Neimi\n|-resisted|p1a: Neimi\n|-damage|p1a: Neimi|92\/100\n|\n|t:|1700255743\n|switch|p2a: Grimmsnarl|Grimmsnarl, M|75\/100|[from] U-turn\n|\n|upkeep\n|turn|5\n|j| johto2.4\n|\n|t:|1700255748\n|move|p2a: Grimmsnarl|Light Screen|p2a: Grimmsnarl\n|-sidestart|p2: nose xd123|move: Light Screen\n|move|p1a: Neimi|Hyper Voice|p2a: Grimmsnarl\n|-supereffective|p2a: Grimmsnarl\n|-damage|p2a: Grimmsnarl|0 fnt\n|faint|p2a: Grimmsnarl\n|\n|upkeep\n|\n|t:|1700255764\n|switch|p2a: Gengar|Gengar, M|100\/100\n|turn|6\n|\n|t:|1700255774\n|detailschange|p2a: Gengar|Gengar-Mega, M\n|-mega|p2a: Gengar|Gengar|Gengarite\n|move|p1a: Neimi|Stored Power|p2a: Gengar\n|-supereffective|p2a: Gengar\n|-damage|p2a: Gengar|0 fnt\n|faint|p2a: Gengar\n|\n|upkeep\n|c|\u2606nose xd123|vrga si me supera\n|\n|t:|1700255787\n|switch|p2a: Mandibuzz|Mandibuzz, F|100\/100\n|turn|7\n|l| johto2.4\n|\n|t:|1700255790\n|move|p1a: Neimi|Hyper Voice|p2a: Mandibuzz\n|-supereffective|p2a: Mandibuzz\n|-damage|p2a: Mandibuzz|29\/100\n|move|p2a: Mandibuzz|Foul Play|p1a: Neimi\n|-resisted|p1a: Neimi\n|-damage|p1a: Neimi|64\/100\n|\n|upkeep\n|turn|8\n|\n|t:|1700255796\n|switch|p2a: Toxapex|Toxapex, M|100\/100\n|move|p1a: Neimi|Mystical Fire|p2a: Toxapex\n|-resisted|p2a: Toxapex\n|-damage|p2a: Toxapex|89\/100\n|-unboost|p2a: Toxapex|spa|1\n|\n|-heal|p2a: Toxapex|96\/100|[from] item: Black Sludge\n|-sideend|p2: nose xd123|Reflect\n|upkeep\n|turn|9\n|\n|t:|1700255804\n|switch|p2a: Kingambit|Kingambit, M|100\/100\n|-activate|p2a: Kingambit|ability: Supreme Overlord\n|-start|p2a: Kingambit|fallen2|[silent]\n|move|p1a: Neimi|Stored Power|p2a: Kingambit\n|-immune|p2a: Kingambit\n|\n|upkeep\n|turn|10\n|\n|t:|1700255820\n|move|p1a: Neimi|Hyper Voice|p2a: Kingambit\n|-damage|p2a: Kingambit|51\/100\n|move|p2a: Kingambit|Kowtow Cleave|p1a: Neimi\n|-resisted|p1a: Neimi\n|-damage|p1a: Neimi|16\/100\n|\n|-heal|p2a: Kingambit|57\/100|[from] item: Leftovers\n|upkeep\n|turn|11\n|\n|t:|1700255828\n|move|p2a: Kingambit|Sucker Punch|p1a: Neimi\n|-resisted|p1a: Neimi\n|-damage|p1a: Neimi|0 fnt\n|faint|p1a: Neimi\n|\n|-heal|p2a: Kingambit|63\/100|[from] item: Leftovers\n|upkeep\n|\n|t:|1700255835\n|switch|p1a: Donphan|Donphan, F|100\/100\n|turn|12\n|\n|t:|1700255838\n|-end|p2a: Kingambit|fallen2|[silent]\n|switch|p2a: Mandibuzz|Mandibuzz, F|29\/100\n|move|p1a: Donphan|Stealth Rock|p2a: Mandibuzz\n|-sidestart|p2: nose xd123|move: Stealth Rock\n|\n|-sideend|p2: nose xd123|move: Light Screen\n|upkeep\n|turn|13\n|\n|t:|1700255847\n|move|p2a: Mandibuzz|Roost|p2a: Mandibuzz\n|-heal|p2a: Mandibuzz|79\/100\n|-singleturn|p2a: Mandibuzz|move: Roost\n|move|p1a: Donphan|Ice Spinner|p2a: Mandibuzz\n|-damage|p2a: Mandibuzz|58\/100\n|\n|upkeep\n|turn|14\n|\n|t:|1700255854\n|move|p2a: Mandibuzz|Defog|p1a: Donphan\n|-unboost|p1a: Donphan|evasion|1\n|-sideend|p2: nose xd123|Stealth Rock|[from] move: Defog|[of] p2a: Mandibuzz\n|move|p1a: Donphan|Bonemerang|p2a: Mandibuzz\n|-immune|p2a: Mandibuzz\n|\n|upkeep\n|turn|15\n|\n|t:|1700255859\n|move|p2a: Mandibuzz|Roost|p2a: Mandibuzz\n|-heal|p2a: Mandibuzz|100\/100\n|-singleturn|p2a: Mandibuzz|move: Roost\n|move|p1a: Donphan|Ice Spinner|p2a: Mandibuzz\n|-damage|p2a: Mandibuzz|79\/100\n|\n|upkeep\n|turn|16\n|\n|t:|1700255874\n|move|p2a: Mandibuzz|Foul Play|p1a: Donphan\n|-damage|p1a: Donphan|63\/100\n|-damage|p2a: Mandibuzz|62\/100|[from] item: Rocky Helmet|[of] p1a: Donphan\n|move|p1a: Donphan|Ice Spinner|p2a: Mandibuzz\n|-supereffective|p2a: Mandibuzz\n|-damage|p2a: Mandibuzz|16\/100\n|\n|upkeep\n|turn|17\n|\n|t:|1700255884\n|move|p2a: Mandibuzz|Roost|p2a: Mandibuzz\n|-heal|p2a: Mandibuzz|66\/100\n|-singleturn|p2a: Mandibuzz|move: Roost\n|move|p1a: Donphan|Bonemerang|p2a: Mandibuzz\n|-damage|p2a: Mandibuzz|46\/100\n|-damage|p2a: Mandibuzz|26\/100\n|-hitcount|p2a: Mandibuzz|2\n|\n|upkeep\n|turn|18\n|\n|t:|1700255890\n|move|p2a: Mandibuzz|Roost|p2a: Mandibuzz\n|-heal|p2a: Mandibuzz|76\/100\n|-singleturn|p2a: Mandibuzz|move: Roost\n|move|p1a: Donphan|Ice Spinner|p2a: Mandibuzz\n|-damage|p2a: Mandibuzz|56\/100\n|\n|upkeep\n|turn|19\n|\n|t:|1700255894\n|move|p2a: Mandibuzz|Roost|p2a: Mandibuzz\n|-heal|p2a: Mandibuzz|100\/100\n|-singleturn|p2a: Mandibuzz|move: Roost\n|move|p1a: Donphan|Rapid Spin|p2a: Mandibuzz\n|-damage|p2a: Mandibuzz|86\/100\n|-boost|p1a: Donphan|spe|1\n|\n|upkeep\n|turn|20\n|\n|t:|1700255900\n|move|p1a: Donphan|Ice Spinner|p2a: Mandibuzz\n|-supereffective|p2a: Mandibuzz\n|-damage|p2a: Mandibuzz|45\/100\n|move|p2a: Mandibuzz|Foul Play|p1a: Donphan\n|-damage|p1a: Donphan|25\/100\n|-damage|p2a: Mandibuzz|28\/100|[from] item: Rocky Helmet|[of] p1a: Donphan\n|\n|upkeep\n|turn|21\n|\n|t:|1700255910\n|switch|p2a: Greninja|Greninja, M|100\/100\n|move|p1a: Donphan|Ice Spinner|p2a: Greninja\n|-resisted|p2a: Greninja\n|-damage|p2a: Greninja|76\/100\n|\n|upkeep\n|turn|22\n|j| Sahvyt\n|\n|t:|1700255915\n|move|p2a: Greninja|Water Shuriken|p1a: Donphan\n|-supereffective|p1a: Donphan\n|-damage|p1a: Donphan|7\/100\n|-supereffective|p1a: Donphan\n|-damage|p1a: Donphan|0 fnt\n|faint|p1a: Donphan\n|-activate|p2a: Greninja|ability: Battle Bond\n|detailschange|p2a: Greninja|Greninja-Ash, M\n|-hitcount|p1: Donphan|2\n|\n|upkeep\n|\n|t:|1700255920\n|switch|p1a: Jet|Dragapult, F|100\/100\n|turn|23\n|\n|t:|1700255928\n|switch|p2a: Toxapex|Toxapex, M|100\/100\n|move|p1a: Jet|U-turn|p2a: Toxapex\n|-resisted|p2a: Toxapex\n|-damage|p2a: Toxapex|92\/100\n|-damage|p1a: Jet|91\/100|[from] item: Life Orb\n|\n|t:|1700255933\n|switch|p1a: Salamander|Salamence, M|100\/100|[from] U-turn\n|-ability|p1a: Salamander|Intimidate|boost\n|-unboost|p2a: Toxapex|atk|1\n|\n|-heal|p2a: Toxapex|98\/100|[from] item: Black Sludge\n|upkeep\n|turn|24\n|c|\u2606nose xd123|mega?\n|l| Sahvyt\n|\n|t:|1700255954\n|detailschange|p1a: Salamander|Salamence-Mega, M\n|-mega|p1a: Salamander|Salamence|Salamencite\n|move|p1a: Salamander|Earthquake|p2a: Toxapex\n|-supereffective|p2a: Toxapex\n|-damage|p2a: Toxapex|51\/100\n|move|p2a: Toxapex|Scald|p1a: Salamander\n|-resisted|p1a: Salamander\n|-damage|p1a: Salamander|92\/100\n|-status|p1a: Salamander|brn\n|\n|-heal|p2a: Toxapex|57\/100|[from] item: Black Sludge\n|-damage|p1a: Salamander|86\/100 brn|[from] brn\n|upkeep\n|turn|25\n|c|\u2606nose xd123|diablo loco\n|\n|t:|1700255967\n|move|p1a: Salamander|Earthquake|p2a: Toxapex\n|-supereffective|p2a: Toxapex\n|-damage|p2a: Toxapex|34\/100\n|move|p2a: Toxapex|Knock Off|p1a: Salamander\n|-damage|p1a: Salamander|80\/100 brn\n|\n|-heal|p2a: Toxapex|40\/100|[from] item: Black Sludge\n|-damage|p1a: Salamander|74\/100 brn|[from] brn\n|upkeep\n|turn|26\n|\n|t:|1700255972\n|move|p1a: Salamander|Earthquake|p2a: Toxapex\n|-supereffective|p2a: Toxapex\n|-damage|p2a: Toxapex|19\/100\n|move|p2a: Toxapex|Recover|p2a: Toxapex\n|-heal|p2a: Toxapex|69\/100\n|\n|-heal|p2a: Toxapex|75\/100|[from] item: Black Sludge\n|-damage|p1a: Salamander|68\/100 brn|[from] brn\n|upkeep\n|turn|27\n|\n|t:|1700255979\n|move|p1a: Salamander|Earthquake|p2a: Toxapex\n|-supereffective|p2a: Toxapex\n|-crit|p2a: Toxapex\n|-damage|p2a: Toxapex|44\/100\n|move|p2a: Toxapex|Knock Off|p1a: Salamander\n|-damage|p1a: Salamander|62\/100 brn\n|\n|-heal|p2a: Toxapex|50\/100|[from] item: Black Sludge\n|-damage|p1a: Salamander|56\/100 brn|[from] brn\n|upkeep\n|turn|28\n|\n|t:|1700255984\n|move|p1a: Salamander|Earthquake|p2a: Toxapex\n|-supereffective|p2a: Toxapex\n|-damage|p2a: Toxapex|27\/100\n|move|p2a: Toxapex|Recover|p2a: Toxapex\n|-heal|p2a: Toxapex|77\/100\n|\n|-heal|p2a: Toxapex|83\/100|[from] item: Black Sludge\n|-damage|p1a: Salamander|50\/100 brn|[from] brn\n|upkeep\n|turn|29\n|\n|t:|1700255990\n|switch|p2a: Mandibuzz|Mandibuzz, F|28\/100\n|move|p1a: Salamander|Earthquake|p2a: Mandibuzz\n|-immune|p2a: Mandibuzz\n|\n|-damage|p1a: Salamander|44\/100 brn|[from] brn\n|upkeep\n|turn|30\n|\n|t:|1700255999\n|switch|p2a: Toxapex|Toxapex, M|100\/100\n|move|p1a: Salamander|Draco Barrage|p2a: Toxapex\n|-damage|p2a: Toxapex|82\/100\n|-damage|p1a: Salamander|38\/100 brn|[from] Recoil\n|\n|-heal|p2a: Toxapex|88\/100|[from] item: Black Sludge\n|-damage|p1a: Salamander|32\/100 brn|[from] brn\n|upkeep\n|turn|31\n|\n|t:|1700256008\n|move|p2a: Toxapex|Baneful Bunker|p2a: Toxapex\n|-singleturn|p2a: Toxapex|move: Protect\n|move|p1a: Salamander|Earthquake|p2a: Toxapex\n|-activate|p2a: Toxapex|move: Protect\n|\n|-heal|p2a: Toxapex|95\/100|[from] item: Black Sludge\n|-damage|p1a: Salamander|26\/100 brn|[from] brn\n|upkeep\n|turn|32\n|\n|t:|1700256015\n|move|p1a: Salamander|Earthquake|p2a: Toxapex\n|-supereffective|p2a: Toxapex\n|-damage|p2a: Toxapex|70\/100\n|move|p2a: Toxapex|Scald|p1a: Salamander\n|-resisted|p1a: Salamander\n|-damage|p1a: Salamander|18\/100 brn\n|\n|-heal|p2a: Toxapex|76\/100|[from] item: Black Sludge\n|-damage|p1a: Salamander|12\/100 brn|[from] brn\n|upkeep\n|turn|33\n|\n|t:|1700256025\n|move|p1a: Salamander|Earthquake|p2a: Toxapex\n|-supereffective|p2a: Toxapex\n|-damage|p2a: Toxapex|53\/100\n|move|p2a: Toxapex|Recover|p2a: Toxapex\n|-heal|p2a: Toxapex|100\/100\n|\n|-damage|p1a: Salamander|6\/100 brn|[from] brn\n|upkeep\n|turn|34\n|\n|t:|1700256032\n|move|p2a: Toxapex|Baneful Bunker|p2a: Toxapex\n|-singleturn|p2a: Toxapex|move: Protect\n|move|p1a: Salamander|Earthquake|p2a: Toxapex\n|-activate|p2a: Toxapex|move: Protect\n|\n|-damage|p1a: Salamander|0 fnt|[from] brn\n|faint|p1a: Salamander\n|upkeep\n|\n|t:|1700256036\n|switch|p1a: Aegislash|Aegislash, M|100\/100\n|turn|35\n|\n|t:|1700256042\n|move|p1a: Aegislash|Swords Dance|p1a: Aegislash\n|-boost|p1a: Aegislash|atk|2\n|move|p2a: Toxapex|Knock Off|p1a: Aegislash\n|-supereffective|p1a: Aegislash\n|-damage|p1a: Aegislash|74\/100\n|-enditem|p1a: Aegislash|Leftovers|[from] move: Knock Off|[of] p2a: Toxapex\n|\n|upkeep\n|turn|36\n|\n|t:|1700256050\n|move|p1a: Aegislash|Swords Dance|p1a: Aegislash\n|-boost|p1a: Aegislash|atk|2\n|move|p2a: Toxapex|Scald|p1a: Aegislash\n|-damage|p1a: Aegislash|60\/100\n|\n|upkeep\n|turn|37\n|\n|t:|1700256056\n|move|p1a: Aegislash|Swords Dance|p1a: Aegislash\n|-boost|p1a: Aegislash|atk|2\n|move|p2a: Toxapex|Scald|p1a: Aegislash\n|-damage|p1a: Aegislash|46\/100\n|\n|upkeep\n|turn|38\n|\n|t:|1700256077\n|-formechange|p1a: Aegislash|Aegislash-Blade||[from] ability: Stance Change\n|move|p1a: Aegislash|Iron Head|p2a: Toxapex\n|-resisted|p2a: Toxapex\n|-damage|p2a: Toxapex|44\/100\n|move|p2a: Toxapex|Scald|p1a: Aegislash\n|-damage|p1a: Aegislash|17\/100\n|\n|-heal|p2a: Toxapex|50\/100|[from] item: Black Sludge\n|upkeep\n|turn|39\n|\n|t:|1700256089\n|move|p2a: Toxapex|Baneful Bunker|p2a: Toxapex\n|-singleturn|p2a: Toxapex|move: Protect\n|move|p1a: Aegislash|Iron Head|p2a: Toxapex\n|-activate|p2a: Toxapex|move: Protect\n|\n|-heal|p2a: Toxapex|57\/100|[from] item: Black Sludge\n|upkeep\n|turn|40\n|\n|t:|1700256096\n|switch|p2a: Mandibuzz|Mandibuzz, F|28\/100\n|move|p1a: Aegislash|Iron Head|p2a: Mandibuzz\n|-crit|p2a: Mandibuzz\n|-damage|p2a: Mandibuzz|0 fnt\n|faint|p2a: Mandibuzz\n|\n|upkeep\n|\n|t:|1700256099\n|switch|p2a: Greninja|Greninja-Ash, M|76\/100\n|turn|41\n|\n|t:|1700256106\n|-formechange|p1a: Aegislash|Aegislash||[from] ability: Stance Change\n|move|p1a: Aegislash|King's Shield|p1a: Aegislash\n|-singleturn|p1a: Aegislash|Protect\n|move|p2a: Greninja|Water Shuriken|p1a: Aegislash\n|-activate|p1a: Aegislash|move: Protect\n|\n|upkeep\n|turn|42\n|\n|t:|1700256111\n|-formechange|p1a: Aegislash|Aegislash-Blade||[from] ability: Stance Change\n|move|p1a: Aegislash|Shadow Sneak|p2a: Greninja\n|-resisted|p2a: Greninja\n|-damage|p2a: Greninja|0 fnt\n|faint|p2a: Greninja\n|\n|upkeep\n|\n|t:|1700256119\n|switch|p2a: Toxapex|Toxapex, M|90\/100\n|turn|43\n|\n|t:|1700256125\n|move|p1a: Aegislash|Iron Head|p2a: Toxapex\n|-resisted|p2a: Toxapex\n|-damage|p2a: Toxapex|27\/100\n|move|p2a: Toxapex|Scald|p1a: Aegislash\n|-damage|p1a: Aegislash|0 fnt\n|faint|p1a: Aegislash\n|\n|-heal|p2a: Toxapex|34\/100|[from] item: Black Sludge\n|upkeep\n|\n|t:|1700256132\n|switch|p1a: Greninja|Greninja, M|100\/100\n|turn|44\n|\n|t:|1700256134\n|move|p2a: Toxapex|Baneful Bunker|p2a: Toxapex\n|-singleturn|p2a: Toxapex|move: Protect\n|move|p1a: Greninja|Dark Pulse|p2a: Toxapex\n|-activate|p2a: Toxapex|move: Protect\n|\n|-heal|p2a: Toxapex|40\/100|[from] item: Black Sludge\n|upkeep\n|turn|45\n|\n|t:|1700256140\n|move|p1a: Greninja|Dark Pulse|p2a: Toxapex\n|-damage|p2a: Toxapex|12\/100\n|move|p2a: Toxapex|Recover|p2a: Toxapex\n|-heal|p2a: Toxapex|62\/100\n|\n|-heal|p2a: Toxapex|69\/100|[from] item: Black Sludge\n|upkeep\n|turn|46\n|\n|t:|1700256146\n|move|p1a: Greninja|Dark Pulse|p2a: Toxapex\n|-damage|p2a: Toxapex|40\/100\n|move|p2a: Toxapex|Scald|p1a: Greninja\n|-resisted|p1a: Greninja\n|-damage|p1a: Greninja|89\/100\n|-status|p1a: Greninja|brn\n|\n|-heal|p2a: Toxapex|46\/100|[from] item: Black Sludge\n|-damage|p1a: Greninja|83\/100 brn|[from] brn\n|upkeep\n|turn|47\n|\n|t:|1700256156\n|move|p2a: Toxapex|Baneful Bunker|p2a: Toxapex\n|-singleturn|p2a: Toxapex|move: Protect\n|move|p1a: Greninja|Dark Pulse|p2a: Toxapex\n|-activate|p2a: Toxapex|move: Protect\n|\n|-heal|p2a: Toxapex|52\/100|[from] item: Black Sludge\n|-damage|p1a: Greninja|77\/100 brn|[from] brn\n|upkeep\n|turn|48\n|\n|t:|1700256161\n|move|p1a: Greninja|Dark Pulse|p2a: Toxapex\n|-damage|p2a: Toxapex|25\/100\n|move|p2a: Toxapex|Recover|p2a: Toxapex\n|-heal|p2a: Toxapex|75\/100\n|\n|-heal|p2a: Toxapex|81\/100|[from] item: Black Sludge\n|-damage|p1a: Greninja|71\/100 brn|[from] brn\n|upkeep\n|turn|49\n|\n|t:|1700256168\n|switch|p2a: Kingambit|Kingambit, M|63\/100\n|-activate|p2a: Kingambit|ability: Supreme Overlord\n|-start|p2a: Kingambit|fallen4|[silent]\n|move|p1a: Greninja|Dark Pulse|p2a: Kingambit\n|-resisted|p2a: Kingambit\n|-damage|p2a: Kingambit|47\/100\n|\n|-heal|p2a: Kingambit|53\/100|[from] item: Leftovers\n|-damage|p1a: Greninja|65\/100 brn|[from] brn\n|upkeep\n|turn|50\n|\n|t:|1700256175\n|move|p1a: Greninja|Water Shuriken|p2a: Kingambit\n|-damage|p2a: Kingambit|46\/100\n|-damage|p2a: Kingambit|40\/100\n|-damage|p2a: Kingambit|33\/100\n|-hitcount|p2a: Kingambit|3\n|move|p2a: Kingambit|Brick Break|p1a: Greninja\n|-supereffective|p1a: Greninja\n|-damage|p1a: Greninja|0 fnt\n|faint|p1a: Greninja\n|\n|-heal|p2a: Kingambit|39\/100|[from] item: Leftovers\n|upkeep\n|\n|t:|1700256182\n|switch|p1a: Jet|Dragapult, F|91\/100\n|turn|51\n|\n|t:|1700256186\n|move|p2a: Kingambit|Sucker Punch|p1a: Jet\n|-supereffective|p1a: Jet\n|-damage|p1a: Jet|0 fnt\n|faint|p1a: Jet\n|\n|win|nose xd123\n|c|\u2606nose xd123|gg\n|c|\u2606ivancuervo2007|Tu puta quemadura....\n|c|\u2606nose xd123|hey hey \n|c|\u2606nose xd123|a donde tan agresivo\n|j| anderproyt\n|c|\u2606nose xd123|empeze mal para tu suerte\n|c| anderproyt|xd\n|l| anderproyt\n|l|\u2606ivancuervo2007\n","uploadtime":1700256193,"views":6,"p1id":"ivancuervo2007","p2id":"nosexd123","formatid":"gen9ubers","rating":0,"private":0,"password":""}