{"id":"radicalred-gen9ubers-541775","p1":"PRT_Monec","p2":"StephDC1","format":"[Gen 9] Ubers","log":"|j|\u2606PRT_Monec\n|j|\u2606StephDC1\n|t:|1698982148\n|gametype|singles\n|player|p1|PRT_Monec|102|\n|player|p2|StephDC1|rr-necrozma|\n|teamsize|p1|6\n|teamsize|p2|6\n|gen|9\n|tier|[Gen 9] Ubers\n|rule|Sleep Clause Mod: Limit one foe put to sleep\n|rule|Species Clause: Limit one of each Pok\u00e9mon\n|rule|OHKO Clause: OHKO moves are banned\n|rule|Evasion Abilities Clause: Evasion abilities are banned\n|rule|Evasion Items Clause: Evasion items are banned\n|rule|Evasion Moves Clause: Evasion moves are banned\n|rule|Endless Battle Clause: Forcing endless battles is banned\n|rule|HP Percentage Mod: HP is shown in percentages\n|rule|Dynamax Clause: You cannot dynamax\n|rule|Mega Rayquaza Clause: You cannot mega evolve Rayquaza\n|clearpoke\n|poke|p1|Tapu Koko|\n|poke|p1|Meganium, F|\n|poke|p1|Flutter Mane|\n|poke|p1|Metagross|\n|poke|p1|Magearna|\n|poke|p1|Kartana|\n|poke|p2|Sneasler, F|\n|poke|p2|Iron Valiant|\n|poke|p2|Blaziken, F|\n|poke|p2|Tapu Fini|\n|poke|p2|Toxapex, F|\n|poke|p2|Palafin, F|\n|teampreview\n|\n|t:|1698982188\n|start\n|switch|p1a: Tapu Koko|Tapu Koko|100\/100\n|switch|p2a: Palafin|Palafin, F|100\/100\n|-fieldstart|move: Electric Terrain|[from] ability: Electric Surge|[of] p1a: Tapu Koko\n|turn|1\n|inactive|Battle timer is ON: inactive players will automatically lose when time's up. (requested by StephDC1)\n|\n|t:|1698982206\n|detailschange|p2a: Palafin|Palafin-Hero, F\n|switch|p2a: Iron Valiant|Iron Valiant|100\/100\n|-activate|p2a: Iron Valiant|ability: Quark Drive\n|-start|p2a: Iron Valiant|quarkdrivespe\n|move|p1a: Tapu Koko|Thunder|p2a: Iron Valiant|[miss]\n|-miss|p1a: Tapu Koko|p2a: Iron Valiant\n|\n|upkeep\n|turn|2\n|\n|t:|1698982220\n|move|p2a: Iron Valiant|Hidden Power|p1a: Tapu Koko\n|-damage|p1a: Tapu Koko|68\/100\n|move|p1a: Tapu Koko|Thunder|p2a: Iron Valiant\n|-damage|p2a: Iron Valiant|0 fnt\n|faint|p2a: Iron Valiant\n|-end|p2a: Iron Valiant|Quark Drive|[silent]\n|\n|upkeep\n|\n|t:|1698982227\n|switch|p2a: Palafin|Palafin-Hero, F|100\/100\n|-activate|p2a: Palafin|ability: Zero to Hero\n|turn|3\n|\n|t:|1698982238\n|move|p2a: Palafin|Jet Punch|p1a: Tapu Koko\n|-damage|p1a: Tapu Koko|0 fnt\n|faint|p1a: Tapu Koko\n|\n|upkeep\n|inactive|PRT_Monec has 270 seconds left.\n|\n|t:|1698982271\n|switch|p1a: Meganium|Meganium, F|100\/100\n|turn|4\n|\n|t:|1698982276\n|switch|p2a: Toxapex|Toxapex, F|100\/100\n|move|p1a: Meganium|Reflect|p1a: Meganium\n|-sidestart|p1: PRT_Monec|Reflect\n|\n|upkeep\n|turn|5\n|\n|t:|1698982284\n|switch|p1a: Metagross|Metagross|100\/100\n|move|p2a: Toxapex|Poison Jab|p1a: Metagross\n|-immune|p1a: Metagross\n|\n|-fieldend|move: Electric Terrain\n|upkeep\n|turn|6\n|inactive|PRT_Monec has 270 seconds left.\n|\n|t:|1698982326\n|detailschange|p1a: Metagross|Metagross-Mega\n|-mega|p1a: Metagross|Metagross|Metagrossite\n|move|p1a: Metagross|Zen Headbutt|p2a: Toxapex\n|-supereffective|p2a: Toxapex\n|-damage|p2a: Toxapex|7\/100\n|move|p2a: Toxapex|Scald|p1a: Metagross\n|-damage|p1a: Metagross|85\/100\n|\n|-heal|p2a: Toxapex|13\/100|[from] item: Black Sludge\n|upkeep\n|turn|7\n|\n|t:|1698982339\n|move|p1a: Metagross|Zen Headbutt|p2a: Toxapex\n|-supereffective|p2a: Toxapex\n|-damage|p2a: Toxapex|0 fnt\n|faint|p2a: Toxapex\n|\n|upkeep\n|\n|t:|1698982341\n|switch|p2a: Tapu Fini|Tapu Fini|100\/100\n|-fieldstart|move: Misty Terrain|[from] ability: Misty Surge|[of] p2a: Tapu Fini\n|turn|8\n|\n|t:|1698982353\n|switch|p1a: Meganium|Meganium, F|100\/100\n|move|p2a: Tapu Fini|Iron Defense|p2a: Tapu Fini\n|-boost|p2a: Tapu Fini|def|2\n|\n|upkeep\n|turn|9\n|\n|t:|1698982361\n|move|p1a: Meganium|Light Screen|p1a: Meganium\n|-sidestart|p1: PRT_Monec|move: Light Screen\n|move|p2a: Tapu Fini|Calm Mind|p2a: Tapu Fini\n|-boost|p2a: Tapu Fini|spa|1\n|-boost|p2a: Tapu Fini|spd|1\n|\n|upkeep\n|turn|10\n|\n|t:|1698982383\n|switch|p1a: Kartana|Kartana|100\/100\n|move|p2a: Tapu Fini|Calm Mind|p2a: Tapu Fini\n|-boost|p2a: Tapu Fini|spa|1\n|-boost|p2a: Tapu Fini|spd|1\n|\n|upkeep\n|turn|11\n|\n|t:|1698982392\n|switch|p2a: Sneasler|Sneasler, F|100\/100\n|move|p1a: Kartana|Leaf Blade|p2a: Sneasler\n|-resisted|p2a: Sneasler\n|-damage|p2a: Sneasler|52\/100\n|\n|-sideend|p1: PRT_Monec|Reflect\n|upkeep\n|turn|12\n|\n|t:|1698982412\n|switch|p1a: Magearna|Magearna|100\/100\n|move|p2a: Sneasler|Switcheroo|p1a: Magearna\n|-activate|p2a: Sneasler|move: Trick|[of] p1a: Magearna\n|-item|p1a: Magearna|Choice Scarf|[from] move: Switcheroo\n|-item|p2a: Sneasler|Leftovers|[from] move: Switcheroo\n|\n|-heal|p2a: Sneasler|58\/100|[from] item: Leftovers\n|-fieldend|Misty Terrain\n|upkeep\n|turn|13\n|\n|t:|1698982423\n|switch|p2a: Tapu Fini|Tapu Fini|100\/100\n|-fieldstart|move: Misty Terrain|[from] ability: Misty Surge|[of] p2a: Tapu Fini\n|move|p1a: Magearna|Thunderbolt|p2a: Tapu Fini\n|-supereffective|p2a: Tapu Fini\n|-damage|p2a: Tapu Fini|61\/100\n|\n|-heal|p2a: Tapu Fini|67\/100|[from] item: Leftovers\n|upkeep\n|turn|14\n|\n|t:|1698982446\n|switch|p1a: Kartana|Kartana|100\/100\n|switch|p2a: Blaziken|Blaziken, F|100\/100\n|\n|upkeep\n|turn|15\n|\n|t:|1698982453\n|detailschange|p2a: Blaziken|Blaziken-Mega, F\n|-mega|p2a: Blaziken|Blaziken|Blazikenite\n|move|p1a: Kartana|Psycho Cut|p2a: Blaziken\n|-supereffective|p2a: Blaziken\n|-damage|p2a: Blaziken|11\/100\n|move|p2a: Blaziken|Swords Dance|p2a: Blaziken\n|-boost|p2a: Blaziken|atk|2\n|\n|-ability|p2a: Blaziken|Speed Boost|boost\n|-boost|p2a: Blaziken|spe|1\n|upkeep\n|turn|16\n|\n|t:|1698982467\n|move|p1a: Kartana|Psycho Cut|p2a: Blaziken\n|-supereffective|p2a: Blaziken\n|-damage|p2a: Blaziken|0 fnt\n|faint|p2a: Blaziken\n|-ability|p1a: Kartana|Beast Boost|boost\n|-boost|p1a: Kartana|atk|1\n|\n|-sideend|p1: PRT_Monec|move: Light Screen\n|upkeep\n|\n|t:|1698982472\n|switch|p2a: Tapu Fini|Tapu Fini|67\/100\n|turn|17\n|\n|t:|1698982481\n|move|p1a: Kartana|Psycho Cut|p2a: Tapu Fini\n|-damage|p2a: Tapu Fini|36\/100\n|move|p2a: Tapu Fini|Hidden Power|p1a: Kartana\n|-supereffective|p1a: Kartana\n|-damage|p1a: Kartana|0 fnt\n|faint|p1a: Kartana\n|\n|-heal|p2a: Tapu Fini|42\/100|[from] item: Leftovers\n|-fieldend|Misty Terrain\n|upkeep\n|\n|t:|1698982499\n|switch|p1a: Flutter Mane|Flutter Mane|100\/100\n|-enditem|p1a: Flutter Mane|Booster Energy\n|-activate|p1a: Flutter Mane|ability: Protosynthesis|[fromitem]\n|-start|p1a: Flutter Mane|protosynthesisspe\n|turn|18\n|\n|t:|1698982509\n|move|p1a: Flutter Mane|Calm Mind|p1a: Flutter Mane\n|-boost|p1a: Flutter Mane|spa|1\n|-boost|p1a: Flutter Mane|spd|1\n|move|p2a: Tapu Fini|Draining Kiss|p1a: Flutter Mane\n|-damage|p1a: Flutter Mane|90\/100\n|-heal|p2a: Tapu Fini|48\/100|[from] drain|[of] p1a: Flutter Mane\n|\n|-heal|p2a: Tapu Fini|54\/100|[from] item: Leftovers\n|upkeep\n|turn|19\n|\n|t:|1698982519\n|move|p1a: Flutter Mane|Thunderbolt|p2a: Tapu Fini\n|-supereffective|p2a: Tapu Fini\n|-crit|p2a: Tapu Fini\n|-damage|p2a: Tapu Fini|0 fnt\n|faint|p2a: Tapu Fini\n|\n|upkeep\n|\n|t:|1698982521\n|switch|p2a: Palafin|Palafin-Hero, F|100\/100\n|turn|20\n|inactive|PRT_Monec has 270 seconds left.\n|\n|t:|1698982529\n|move|p2a: Palafin|Jet Punch|p1a: Flutter Mane\n|-damage|p1a: Flutter Mane|0 fnt\n|faint|p1a: Flutter Mane\n|-end|p1a: Flutter Mane|Protosynthesis|[silent]\n|\n|upkeep\n|inactive|PRT_Monec has 270 seconds left.\n|\n|t:|1698982534\n|switch|p1a: Meganium|Meganium, F|100\/100\n|turn|21\n|\n|t:|1698982539\n|switch|p2a: Sneasler|Sneasler, F|58\/100\n|move|p1a: Meganium|Reflect|p1a: Meganium\n|-sidestart|p1: PRT_Monec|Reflect\n|\n|-heal|p2a: Sneasler|64\/100|[from] item: Leftovers\n|upkeep\n|turn|22\n|\n|t:|1698982551\n|switch|p1a: Metagross|Metagross-Mega|85\/100\n|move|p2a: Sneasler|Dire Claw|p1a: Metagross\n|-immune|p1a: Metagross\n|\n|-heal|p2a: Sneasler|70\/100|[from] item: Leftovers\n|upkeep\n|turn|23\n|\n|t:|1698982561\n|move|p2a: Sneasler|Close Combat|p1a: Metagross\n|-damage|p1a: Metagross|62\/100\n|-unboost|p2a: Sneasler|def|1\n|-unboost|p2a: Sneasler|spd|1\n|move|p1a: Metagross|Zen Headbutt|p2a: Sneasler\n|-supereffective|p2a: Sneasler\n|-damage|p2a: Sneasler|0 fnt\n|faint|p2a: Sneasler\n|\n|upkeep\n|\n|t:|1698982564\n|switch|p2a: Palafin|Palafin-Hero, F|100\/100\n|turn|24\n|\n|t:|1698982573\n|move|p1a: Metagross|Zen Headbutt|p2a: Palafin\n|-damage|p2a: Palafin|36\/100\n|move|p2a: Palafin|Wave Crash|p1a: Metagross\n|-damage|p1a: Metagross|18\/100\n|-damage|p2a: Palafin|23\/100|[from] Recoil\n|\n|upkeep\n|turn|25\n|\n|t:|1698982583\n|move|p1a: Metagross|Zen Headbutt|p2a: Palafin\n|-damage|p2a: Palafin|0 fnt\n|faint|p2a: Palafin\n|\n|win|PRT_Monec\n","uploadtime":1698982592,"views":7,"p1id":"prtmonec","p2id":"stephdc1","formatid":"gen9ubers","rating":0,"private":0,"password":""}