{"id":"radicalred-gen9ubers-551861","p1":"KRAFT Steering","p2":"mightybarb","format":"[Gen 9] Ubers","log":"|j|\u2606KRAFT Steering\n|j|\u2606mightybarb\n|t:|1701156527\n|gametype|singles\n|player|p1|KRAFT Steering|rr-urshifurapid|\n|player|p2|mightybarb|102|\n|teamsize|p1|6\n|teamsize|p2|6\n|gen|9\n|tier|[Gen 9] Ubers\n|rule|Sleep Clause Mod: Limit one foe put to sleep\n|rule|Species Clause: Limit one of each Pok\u00e9mon\n|rule|OHKO Clause: OHKO moves are banned\n|rule|Evasion Abilities Clause: Evasion abilities are banned\n|rule|Evasion Items Clause: Evasion items are banned\n|rule|Evasion Moves Clause: Evasion moves are banned\n|rule|Endless Battle Clause: Forcing endless battles is banned\n|rule|HP Percentage Mod: HP is shown in percentages\n|rule|Dynamax Clause: You cannot dynamax\n|rule|Mega Rayquaza Clause: You cannot mega evolve Rayquaza\n|clearpoke\n|poke|p1|Pinsir, F|\n|poke|p1|Zamazenta-*|\n|poke|p1|Chandelure, M|\n|poke|p1|Musharna, M|\n|poke|p1|Tapu Fini|\n|poke|p1|Zapdos|\n|poke|p2|Clawitzer-Sevii, M|\n|poke|p2|Enamorus, F|\n|poke|p2|Annihilape, F|\n|poke|p2|Duraludon, M|\n|poke|p2|Xurkitree|\n|poke|p2|Arcanine-Hisui, F|\n|teampreview\n|c|\u2606KRAFT Steering|glhf\n|c|\u2606mightybarb|U2\n|\n|t:|1701156549\n|start\n|switch|p1a: Tapu Fini|Tapu Fini|100\/100\n|switch|p2a: Xurkitree|Xurkitree|100\/100\n|-fieldstart|move: Misty Terrain|[from] ability: Misty Surge|[of] p1a: Tapu Fini\n|turn|1\n|\n|t:|1701156561\n|switch|p1a: Musharna|Musharna, M|100\/100\n|move|p2a: Xurkitree|Thunderbolt|p1a: Musharna\n|-damage|p1a: Musharna|63\/100\n|\n|-heal|p1a: Musharna|70\/100|[from] item: Leftovers\n|upkeep\n|turn|2\n|\n|t:|1701156567\n|switch|p2a: Clawitzer|Clawitzer-Sevii, M|100\/100\n|move|p1a: Musharna|Future Sight|p2a: Clawitzer\n|-start|p1a: Musharna|move: Future Sight\n|\n|-heal|p1a: Musharna|76\/100|[from] item: Leftovers\n|upkeep\n|turn|3\n|\n|t:|1701156578\n|switch|p1a: Zapdos|Zapdos|100\/100\n|move|p2a: Clawitzer|Dark Pulse|p1a: Zapdos\n|-damage|p1a: Zapdos|69\/100\n|\n|upkeep\n|turn|4\n|\n|t:|1701156591\n|switch|p2a: Arcanine|Arcanine-Hisui, F|100\/100\n|move|p1a: Zapdos|Roost|p1a: Zapdos\n|-heal|p1a: Zapdos|100\/100\n|-singleturn|p1a: Zapdos|move: Roost\n|\n|-end|p2a: Arcanine|move: Future Sight\n|-damage|p2a: Arcanine|52\/100\n|upkeep\n|turn|5\n|\n|t:|1701156606\n|switch|p1a: Zamazenta|Zamazenta|100\/100\n|-ability|p1a: Zamazenta|Dauntless Shield|boost\n|-boost|p1a: Zamazenta|def|1\n|move|p2a: Arcanine|Teleport|p2a: Arcanine\n|\n|t:|1701156610\n|switch|p2a: Enamorus|Enamorus, F|100\/100|[from] Teleport\n|\n|upkeep\n|turn|6\n|\n|t:|1701156620\n|switch|p1a: Musharna|Musharna, M|76\/100\n|move|p2a: Enamorus|Moonblast|p1a: Musharna\n|-damage|p1a: Musharna|28\/100\n|\n|-heal|p1a: Musharna|34\/100|[from] item: Leftovers\n|upkeep\n|turn|7\n|\n|t:|1701156629\n|switch|p1a: Chandelure|Chandelure, M|100\/100\n|move|p2a: Enamorus|Moonblast|p1a: Chandelure\n|-resisted|p1a: Chandelure\n|-damage|p1a: Chandelure|46\/100\n|\n|upkeep\n|turn|8\n|\n|t:|1701156637\n|move|p1a: Chandelure|Fire Blast|p2a: Enamorus\n|-damage|p2a: Enamorus|12\/100\n|move|p2a: Enamorus|Moonblast|p1a: Chandelure\n|-resisted|p1a: Chandelure\n|-damage|p1a: Chandelure|0 fnt\n|faint|p1a: Chandelure\n|\n|-fieldend|Misty Terrain\n|upkeep\n|\n|t:|1701156643\n|switch|p1a: Zamazenta|Zamazenta|100\/100\n|-ability|p1a: Zamazenta|Dauntless Shield|boost\n|-boost|p1a: Zamazenta|def|1\n|turn|9\n|\n|t:|1701156660\n|switch|p2a: Arcanine|Arcanine-Hisui, F|52\/100\n|move|p1a: Zamazenta|Play Rough|p2a: Arcanine\n|-resisted|p2a: Arcanine\n|-damage|p2a: Arcanine|33\/100\n|-unboost|p2a: Arcanine|atk|1\n|\n|upkeep\n|turn|10\n|\n|t:|1701156667\n|move|p1a: Zamazenta|Bulk Up|p1a: Zamazenta\n|-boost|p1a: Zamazenta|atk|1\n|-boost|p1a: Zamazenta|def|1\n|move|p2a: Arcanine|Teleport|p2a: Arcanine\n|\n|t:|1701156680\n|switch|p2a: Annihilape|Annihilape, F|100\/100|[from] Teleport\n|\n|upkeep\n|turn|11\n|\n|t:|1701156683\n|move|p1a: Zamazenta|Bulk Up|p1a: Zamazenta\n|-boost|p1a: Zamazenta|atk|1\n|-boost|p1a: Zamazenta|def|1\n|move|p2a: Annihilape|Bulk Up|p2a: Annihilape\n|-boost|p2a: Annihilape|atk|1\n|-boost|p2a: Annihilape|def|1\n|\n|upkeep\n|turn|12\n|\n|t:|1701156687\n|move|p1a: Zamazenta|Bulk Up|p1a: Zamazenta\n|-boost|p1a: Zamazenta|atk|1\n|-boost|p1a: Zamazenta|def|1\n|move|p2a: Annihilape|Bulk Up|p2a: Annihilape\n|-boost|p2a: Annihilape|atk|1\n|-boost|p2a: Annihilape|def|1\n|\n|upkeep\n|turn|13\n|\n|t:|1701156691\n|move|p1a: Zamazenta|Bulk Up|p1a: Zamazenta\n|-boost|p1a: Zamazenta|atk|1\n|-boost|p1a: Zamazenta|def|1\n|move|p2a: Annihilape|Bulk Up|p2a: Annihilape\n|-boost|p2a: Annihilape|atk|1\n|-boost|p2a: Annihilape|def|1\n|\n|upkeep\n|turn|14\n|\n|t:|1701156695\n|move|p1a: Zamazenta|Bulk Up|p1a: Zamazenta\n|-boost|p1a: Zamazenta|atk|1\n|-boost|p1a: Zamazenta|def|1\n|move|p2a: Annihilape|Bulk Up|p2a: Annihilape\n|-boost|p2a: Annihilape|atk|1\n|-boost|p2a: Annihilape|def|1\n|\n|upkeep\n|turn|15\n|\n|t:|1701156698\n|move|p1a: Zamazenta|Play Rough|p2a: Annihilape\n|-supereffective|p2a: Annihilape\n|-damage|p2a: Annihilape|22\/100\n|move|p2a: Annihilape|Bulk Up|p2a: Annihilape\n|-boost|p2a: Annihilape|atk|1\n|-boost|p2a: Annihilape|def|1\n|\n|upkeep\n|turn|16\n|\n|t:|1701156702\n|move|p1a: Zamazenta|Play Rough|p2a: Annihilape\n|-supereffective|p2a: Annihilape\n|-damage|p2a: Annihilape|0 fnt\n|faint|p2a: Annihilape\n|\n|upkeep\n|c|\u2606mightybarb|Yikes\n|\n|t:|1701156715\n|switch|p2a: Xurkitree|Xurkitree|100\/100\n|turn|17\n|\n|t:|1701156718\n|move|p1a: Zamazenta|Close Combat|p2a: Xurkitree\n|-damage|p2a: Xurkitree|0 fnt\n|-unboost|p1a: Zamazenta|def|1\n|-unboost|p1a: Zamazenta|spd|1\n|faint|p2a: Xurkitree\n|\n|upkeep\n|\n|t:|1701156724\n|switch|p2a: Clawitzer|Clawitzer-Sevii, M|100\/100\n|turn|18\n|c|\u2606mightybarb|gg\n|\n|t:|1701156731\n|move|p1a: Zamazenta|Play Rough|p2a: Clawitzer\n|-supereffective|p2a: Clawitzer\n|-damage|p2a: Clawitzer|0 fnt\n|faint|p2a: Clawitzer\n|\n|upkeep\n|\n|t:|1701156733\n|switch|p2a: Duraludon|Duraludon, M|100\/100\n|turn|19\n|c|\u2606KRAFT Steering|gg\n|\n|t:|1701156737\n|detailschange|p2a: Duraludon|Duraludon-Mega, M\n|-mega|p2a: Duraludon|Duraludon|Duraludonite\n|move|p1a: Zamazenta|Close Combat|p2a: Duraludon\n|-supereffective|p2a: Duraludon\n|-damage|p2a: Duraludon|0 fnt\n|-unboost|p1a: Zamazenta|def|1\n|-unboost|p1a: Zamazenta|spd|1\n|faint|p2a: Duraludon\n|\n|upkeep\n|\n|t:|1701156745\n|switch|p2a: Enamorus|Enamorus, F|12\/100\n|turn|20\n|\n|t:|1701156748\n|move|p1a: Zamazenta|Play Rough|p2a: Enamorus\n|-damage|p2a: Enamorus|0 fnt\n|faint|p2a: Enamorus\n|\n|upkeep\n|\n|t:|1701156749\n|switch|p2a: Arcanine|Arcanine-Hisui, F|33\/100\n|turn|21\n|\n|t:|1701156751\n|move|p1a: Zamazenta|Close Combat|p2a: Arcanine\n|-supereffective|p2a: Arcanine\n|-damage|p2a: Arcanine|0 fnt\n|-unboost|p1a: Zamazenta|def|1\n|-unboost|p1a: Zamazenta|spd|1\n|faint|p2a: Arcanine\n|\n|win|KRAFT Steering\n","uploadtime":1701156756,"views":47,"p1id":"kraftsteering","p2id":"mightybarb","formatid":"gen9ubers","rating":0,"private":0,"password":""}