{"id":"radicalred-gen9ubers-544585","p1":"bunman234","p2":"The Carkol Rider","format":"[Gen 9] Ubers","log":"|j|\u2606bunman234\n|j|\u2606The Carkol Rider\n|t:|1699628554\n|gametype|singles\n|player|p1|bunman234|rr-zygarde|\n|player|p2|The Carkol Rider|rr-spectrier|\n|teamsize|p1|6\n|teamsize|p2|6\n|gen|9\n|tier|[Gen 9] Ubers\n|rule|Sleep Clause Mod: Limit one foe put to sleep\n|rule|Species Clause: Limit one of each Pok\u00e9mon\n|rule|OHKO Clause: OHKO moves are banned\n|rule|Evasion Abilities Clause: Evasion abilities are banned\n|rule|Evasion Items Clause: Evasion items are banned\n|rule|Evasion Moves Clause: Evasion moves are banned\n|rule|Endless Battle Clause: Forcing endless battles is banned\n|rule|HP Percentage Mod: HP is shown in percentages\n|rule|Dynamax Clause: You cannot dynamax\n|rule|Mega Rayquaza Clause: You cannot mega evolve Rayquaza\n|clearpoke\n|poke|p1|Flutter Mane|\n|poke|p1|Blaziken, M|\n|poke|p1|Ninetales, M|\n|poke|p1|Metagross|\n|poke|p1|Guzzlord|\n|poke|p1|Noivern, F|\n|poke|p2|Rapidash, F|\n|poke|p2|Regidrago|\n|poke|p2|Greninja-*, F|\n|poke|p2|Gallade, M|\n|poke|p2|Spectrier|\n|poke|p2|Sandy Shocks|\n|teampreview\n|c|\u2606The Carkol Rider|glhf\n|c|\u2606bunman234|you too!\n|\n|t:|1699628619\n|start\n|switch|p1a: Guzzlord|Guzzlord|100\/100\n|switch|p2a: Gallade|Gallade, M|100\/100\n|turn|1\n|\n|t:|1699628630\n|switch|p1a: Ninetales|Ninetales, M|100\/100\n|-weather|SunnyDay|[from] ability: Drought|[of] p1a: Ninetales\n|detailschange|p2a: Gallade|Gallade-Mega, M\n|-mega|p2a: Gallade|Gallade|Galladite\n|move|p2a: Gallade|Thunder Wave|p1a: Ninetales\n|-status|p1a: Ninetales|par\n|\n|-weather|SunnyDay|[upkeep]\n|upkeep\n|turn|2\n|\n|t:|1699628644\n|move|p2a: Gallade|Sacred Sword|p1a: Ninetales\n|-damage|p1a: Ninetales|0 fnt\n|faint|p1a: Ninetales\n|\n|-weather|SunnyDay|[upkeep]\n|upkeep\n|\n|t:|1699628647\n|switch|p1a: Flutter Mane|Flutter Mane|100\/100\n|-activate|p1a: Flutter Mane|ability: Protosynthesis\n|-start|p1a: Flutter Mane|protosynthesisspe\n|turn|3\n|\n|t:|1699628666\n|move|p2a: Gallade|Shadow Sneak|p1a: Flutter Mane\n|-supereffective|p1a: Flutter Mane\n|-enditem|p1a: Flutter Mane|Kasib Berry|[eat]\n|-enditem|p1a: Flutter Mane|Kasib Berry|[weaken]\n|-damage|p1a: Flutter Mane|66\/100\n|move|p1a: Flutter Mane|Moonblast|p2a: Gallade\n|-supereffective|p2a: Gallade\n|-damage|p2a: Gallade|0 fnt\n|faint|p2a: Gallade\n|\n|-weather|SunnyDay|[upkeep]\n|upkeep\n|\n|t:|1699628675\n|switch|p2a: Rapidash|Rapidash, F|100\/100\n|turn|4\n|\n|t:|1699628679\n|-end|p1a: Flutter Mane|Protosynthesis|[silent]\n|switch|p1a: Guzzlord|Guzzlord|100\/100\n|move|p2a: Rapidash|Fire Lash|p1a: Guzzlord\n|-resisted|p1a: Guzzlord\n|-damage|p1a: Guzzlord|82\/100\n|-unboost|p1a: Guzzlord|def|1\n|\n|-weather|SunnyDay|[upkeep]\n|upkeep\n|turn|5\n|\n|t:|1699628713\n|switch|p2a: Regidrago|Regidrago|100\/100\n|move|p1a: Guzzlord|Knock Off|p2a: Regidrago\n|-damage|p2a: Regidrago|61\/100\n|-enditem|p2a: Regidrago|Choice Scarf|[from] move: Knock Off|[of] p1a: Guzzlord\n|\n|-weather|SunnyDay|[upkeep]\n|upkeep\n|turn|6\n|\n|t:|1699628722\n|switch|p1a: Metagross|Metagross|100\/100\n|move|p2a: Regidrago|Earthquake|p1a: Metagross\n|-supereffective|p1a: Metagross\n|-damage|p1a: Metagross|56\/100\n|\n|-weather|SunnyDay|[upkeep]\n|upkeep\n|turn|7\n|\n|t:|1699628739\n|move|p2a: Regidrago|Draco Barrage|p1a: Metagross\n|-resisted|p1a: Metagross\n|-damage|p1a: Metagross|30\/100\n|-damage|p2a: Regidrago|55\/100|[from] Recoil\n|move|p1a: Metagross|Meteor Mash|p2a: Regidrago\n|-damage|p2a: Regidrago|0 fnt\n|-boost|p1a: Metagross|atk|1\n|faint|p2a: Regidrago\n|\n|-weather|SunnyDay|[upkeep]\n|upkeep\n|\n|t:|1699628755\n|switch|p2a: Spectrier|Spectrier|100\/100\n|turn|8\n|\n|t:|1699628758\n|switch|p1a: Guzzlord|Guzzlord|82\/100\n|move|p2a: Spectrier|Shadow Ball|p1a: Guzzlord\n|-resisted|p1a: Guzzlord\n|-damage|p1a: Guzzlord|74\/100\n|\n|-weather|none\n|upkeep\n|turn|9\n|\n|t:|1699628762\n|-activate|p2a: Spectrier|move: Pursuit\n|move|p1a: Guzzlord|Pursuit|p2a: Spectrier|[from]Pursuit\n|-supereffective|p2a: Spectrier\n|-damage|p2a: Spectrier|6\/100\n|switch|p2a: Sandy Shocks|Sandy Shocks|100\/100\n|\n|upkeep\n|turn|10\n|\n|t:|1699628773\n|move|p2a: Sandy Shocks|Stealth Rock|p1a: Guzzlord\n|-sidestart|p1: bunman234|move: Stealth Rock\n|move|p1a: Guzzlord|Knock Off|p2a: Sandy Shocks\n|-damage|p2a: Sandy Shocks|59\/100\n|-enditem|p2a: Sandy Shocks|Heavy-Duty Boots|[from] move: Knock Off|[of] p1a: Guzzlord\n|\n|upkeep\n|turn|11\n|\n|t:|1699628777\n|move|p2a: Sandy Shocks|Earth Power|p1a: Guzzlord\n|-damage|p1a: Guzzlord|59\/100\n|move|p1a: Guzzlord|Knock Off|p2a: Sandy Shocks\n|-damage|p2a: Sandy Shocks|31\/100\n|\n|upkeep\n|turn|12\n|\n|t:|1699628781\n|move|p1a: Guzzlord|Sucker Punch|p2a: Sandy Shocks\n|-damage|p2a: Sandy Shocks|0 fnt\n|faint|p2a: Sandy Shocks\n|-end|p2a: Sandy Shocks|Protosynthesis|[silent]\n|-ability|p1a: Guzzlord|Beast Boost|boost\n|-boost|p1a: Guzzlord|atk|1\n|\n|upkeep\n|\n|t:|1699628788\n|switch|p2a: Greninja|Greninja, F|100\/100\n|turn|13\n|j| Luwite\n|\n|t:|1699628793\n|move|p2a: Greninja|Low Kick|p1a: Guzzlord\n|-start|p2a: Greninja|typechange|Fighting|[from] ability: Protean\n|-supereffective|p1a: Guzzlord\n|-damage|p1a: Guzzlord|0 fnt\n|faint|p1a: Guzzlord\n|\n|upkeep\n|\n|t:|1699628799\n|switch|p1a: Noivern|Noivern, F|100\/100\n|-damage|p1a: Noivern|76\/100|[from] Stealth Rock\n|-item|p2a: Greninja|Fightinium Z|[from] ability: Frisk|[of] p1a: Noivern|[identify]\n|turn|14\n|\n|t:|1699628803\n|switch|p2a: Rapidash|Rapidash, F|100\/100\n|move|p1a: Noivern|Aeroblast|p2a: Rapidash\n|-crit|p2a: Rapidash\n|-damage|p2a: Rapidash|0 fnt\n|faint|p2a: Rapidash\n|\n|upkeep\n|\n|t:|1699628805\n|switch|p2a: Spectrier|Spectrier|6\/100\n|turn|15\n|c| Luwite|No dark aura was neat\n|\n|t:|1699628812\n|switch|p1a: Metagross|Metagross|30\/100\n|-damage|p1a: Metagross|24\/100|[from] Stealth Rock\n|move|p2a: Spectrier|Hidden Power|p1a: Metagross\n|-resisted|p1a: Metagross\n|-damage|p1a: Metagross|12\/100\n|\n|-heal|p2a: Spectrier|12\/100|[from] item: Leftovers\n|upkeep\n|turn|16\n|\n|t:|1699628828\n|move|p1a: Metagross|Bullet Punch|p2a: Spectrier\n|-damage|p2a: Spectrier|0 fnt\n|faint|p2a: Spectrier\n|\n|upkeep\n|\n|t:|1699628829\n|switch|p2a: Greninja|Greninja, F|100\/100\n|turn|17\n|\n|t:|1699628836\n|move|p1a: Metagross|Bullet Punch|p2a: Greninja\n|-resisted|p2a: Greninja\n|-damage|p2a: Greninja|67\/100\n|move|p2a: Greninja|Swords Dance|p2a: Greninja\n|-start|p2a: Greninja|typechange|Normal|[from] ability: Protean\n|-boost|p2a: Greninja|atk|2\n|\n|upkeep\n|turn|18\n|\n|t:|1699628841\n|move|p2a: Greninja|Shadow Sneak|p1a: Metagross\n|-start|p2a: Greninja|typechange|Ghost|[from] ability: Protean\n|-supereffective|p1a: Metagross\n|-damage|p1a: Metagross|0 fnt\n|faint|p1a: Metagross\n|\n|upkeep\n|\n|t:|1699628852\n|switch|p1a: Noivern|Noivern, F|76\/100\n|-damage|p1a: Noivern|51\/100|[from] Stealth Rock\n|-item|p2a: Greninja|Fightinium Z|[from] ability: Frisk|[of] p1a: Noivern|[identify]\n|turn|19\n|\n|t:|1699628854\n|move|p2a: Greninja|Shadow Sneak|p1a: Noivern\n|-damage|p1a: Noivern|2\/100\n|-zpower|p1a: Noivern\n|move|p1a: Noivern|Supersonic Skystrike|p2a: Greninja|[zeffect]\n|-damage|p2a: Greninja|0 fnt\n|faint|p2a: Greninja\n|\n|win|bunman234\n|c|\u2606The Carkol Rider|dang\n|c|\u2606The Carkol Rider|gg\n|c|\u2606bunman234|gg\n|c|\u2606bunman234|im guessing i got lucky with the roll there\n|l| Luwite\n","uploadtime":1699628879,"views":69,"p1id":"bunman234","p2id":"thecarkolrider","formatid":"gen9ubers","rating":0,"private":0,"password":""}