{"id":"radicalred-gen9ubers-548386","p1":"Godigimon","p2":"OrcLoose","format":"[Gen 9] Ubers","log":"|j|\u2606Godigimon\n|j|\u2606OrcLoose\n|t:|1700336078\n|gametype|singles\n|player|p1|Godigimon|101|\n|player|p2|OrcLoose|rr-slowkinggalar|\n|teamsize|p1|6\n|teamsize|p2|6\n|gen|9\n|tier|[Gen 9] Ubers\n|rule|Sleep Clause Mod: Limit one foe put to sleep\n|rule|Species Clause: Limit one of each Pok\u00e9mon\n|rule|OHKO Clause: OHKO moves are banned\n|rule|Evasion Abilities Clause: Evasion abilities are banned\n|rule|Evasion Items Clause: Evasion items are banned\n|rule|Evasion Moves Clause: Evasion moves are banned\n|rule|Endless Battle Clause: Forcing endless battles is banned\n|rule|HP Percentage Mod: HP is shown in percentages\n|rule|Dynamax Clause: You cannot dynamax\n|rule|Mega Rayquaza Clause: You cannot mega evolve Rayquaza\n|clearpoke\n|poke|p1|Duraludon, F|\n|poke|p1|Iron Leaves|\n|poke|p1|Darmanitan-Galar, F|\n|poke|p1|Ursaring-Sevii, F|\n|poke|p1|Swellow, F|\n|poke|p1|Dodrio-Sevii, F|\n|poke|p2|Abomasnow, F|\n|poke|p2|Meowscarada, F|\n|poke|p2|Slowking-Galar, M|\n|poke|p2|Electivire, M|\n|poke|p2|Noivern-Sevii, M|\n|poke|p2|Magcargo, F|\n|teampreview\n|c|\u2606Godigimon|hf\n|c|\u2606OrcLoose|gl\n|j| Manaphoebe\n|\n|t:|1700336119\n|start\n|switch|p1a: Dodrio|Dodrio-Sevii, F|100\/100\n|switch|p2a: DiamondInTheRough|Magcargo, F, shiny|100\/100\n|turn|1\n|\n|t:|1700336129\n|move|p1a: Dodrio|Headlong Rush|p2a: DiamondInTheRough\n|-supereffective|p2a: DiamondInTheRough\n|-enditem|p2a: DiamondInTheRough|Focus Sash\n|-damage|p2a: DiamondInTheRough|1\/100\n|-unboost|p1a: Dodrio|def|1\n|-unboost|p1a: Dodrio|spd|1\n|move|p2a: DiamondInTheRough|Shell Smash|p2a: DiamondInTheRough\n|-unboost|p2a: DiamondInTheRough|def|2\n|-unboost|p2a: DiamondInTheRough|spd|2\n|-boost|p2a: DiamondInTheRough|atk|4\n|-boost|p2a: DiamondInTheRough|spa|4\n|-boost|p2a: DiamondInTheRough|spe|4\n|\n|upkeep\n|turn|2\n|\n|t:|1700336137\n|move|p1a: Dodrio|Headlong Rush|p2a: DiamondInTheRough\n|-supereffective|p2a: DiamondInTheRough\n|-damage|p2a: DiamondInTheRough|0 fnt\n|-unboost|p1a: Dodrio|def|1\n|-unboost|p1a: Dodrio|spd|1\n|faint|p2a: DiamondInTheRough\n|\n|upkeep\n|c|\u2606Godigimon|wat\n|\n|t:|1700336141\n|switch|p2a: Flap flap|Noivern-Sevii, M|100\/100\n|turn|3\n|\n|t:|1700336155\n|switch|p1a: Swellow|Swellow, F|100\/100\n|move|p2a: Flap flap|Rock Slide|p1a: Swellow\n|-supereffective|p1a: Swellow\n|-damage|p1a: Swellow|0 fnt\n|faint|p1a: Swellow\n|\n|upkeep\n|\n|t:|1700336161\n|switch|p1a: Duraludon|Duraludon, F|100\/100\n|turn|4\n|\n|t:|1700336166\n|switch|p2a: Fatass|Slowking-Galar, M, shiny|100\/100\n|detailschange|p1a: Duraludon|Duraludon-Mega, F\n|-mega|p1a: Duraludon|Duraludon|Duraludonite\n|move|p1a: Duraludon|Substitute|p1a: Duraludon\n|-start|p1a: Duraludon|Substitute\n|-damage|p1a: Duraludon|76\/100\n|\n|upkeep\n|turn|5\n|\n|t:|1700336171\n|move|p1a: Duraludon|Steel Beam|p2a: Fatass\n|-damage|p2a: Fatass|55\/100\n|move|p2a: Fatass|Chilly Reception|p2a: Fatass\n|-weather|Snow\n|\n|t:|1700336178\n|switch|p2a: W not plasmafist|Electivire, M, shiny|100\/100|[from] Chilly Reception\n|\n|-weather|Snow|[upkeep]\n|upkeep\n|turn|6\n|\n|t:|1700336181\n|move|p2a: W not plasmafist|Drain Punch|p1a: Duraludon\n|-supereffective|p1a: Duraludon\n|-end|p1a: Duraludon|Substitute\n|-damage|p2a: W not plasmafist|91\/100|[from] item: Life Orb\n|move|p1a: Duraludon|Draco Meteor|p2a: W not plasmafist\n|-damage|p2a: W not plasmafist|0 fnt\n|faint|p2a: W not plasmafist\n|\n|-weather|Snow|[upkeep]\n|upkeep\n|\n|t:|1700336184\n|switch|p2a: Semi-Truck|Abomasnow, F, shiny|100\/100\n|turn|7\n|\n|t:|1700336232\n|switch|p1a: Ursaring|Ursaring-Sevii, F|100\/100\n|move|p2a: Semi-Truck|Earthquake|p1a: Ursaring\n|-damage|p1a: Ursaring|74\/100\n|\n|-weather|Snow|[upkeep]\n|-status|p1a: Ursaring|brn|[from] item: Flame Orb\n|upkeep\n|turn|8\n|\n|t:|1700336238\n|detailschange|p2a: Semi-Truck|Abomasnow-Mega, F, shiny\n|-mega|p2a: Semi-Truck|Abomasnow|Abomasite\n|move|p2a: Semi-Truck|Mountain Gale|p1a: Ursaring\n|-damage|p1a: Ursaring|6\/100 brn\n|cant|p1a: Ursaring|flinch\n|\n|-weather|Snow|[upkeep]\n|-damage|p1a: Ursaring|0 fnt|[from] brn\n|faint|p1a: Ursaring\n|upkeep\n|\n|t:|1700336247\n|switch|p1a: Dodrio|Dodrio-Sevii, F|100\/100\n|turn|9\n|\n|t:|1700336253\n|switch|p2a: Flap flap|Noivern-Sevii, M|100\/100\n|move|p1a: Dodrio|U-turn|p2a: Flap flap\n|-resisted|p2a: Flap flap\n|-damage|p2a: Flap flap|84\/100\n|j| Pengwoo\n|\n|t:|1700336261\n|switch|p1a: Darmanitan|Darmanitan-Galar, F|100\/100|[from] U-turn\n|\n|-weather|Snow|[upkeep]\n|upkeep\n|turn|10\n|\n|t:|1700336268\n|move|p2a: Flap flap|Rock Slide|p1a: Darmanitan\n|-supereffective|p1a: Darmanitan\n|-damage|p1a: Darmanitan|32\/100\n|cant|p1a: Darmanitan|flinch\n|\n|-weather|Snow|[upkeep]\n|upkeep\n|turn|11\n|c| Pengwoo|please stop\n|\n|t:|1700336282\n|switch|p2a: Meow Meow|Meowscarada, F, shiny|100\/100\n|switch|p1a: Duraludon|Duraludon-Mega, F|76\/100\n|\n|-weather|Snow|[upkeep]\n|upkeep\n|turn|12\n|c| Pengwoo|poor godgi this isnt funny\n|\n|t:|1700336288\n|move|p2a: Meow Meow|Low Kick|p1a: Duraludon\n|-start|p2a: Meow Meow|typechange|Fighting|[from] ability: Protean\n|-supereffective|p1a: Duraludon\n|-damage|p1a: Duraludon|31\/100\n|move|p1a: Duraludon|Thunder Wave|p2a: Meow Meow\n|-status|p2a: Meow Meow|par\n|\n|-weather|none\n|upkeep\n|turn|13\n|\n|t:|1700336296\n|move|p1a: Duraludon|Steel Beam|p2a: Meow Meow\n|-damage|p2a: Meow Meow|0 fnt\n|faint|p2a: Meow Meow\n|\n|upkeep\n|\n|t:|1700336302\n|switch|p2a: Flap flap|Noivern-Sevii, M|84\/100\n|turn|14\n|\n|t:|1700336392\n|move|p2a: Flap flap|Spirit Shackle|p1a: Duraludon\n|-damage|p1a: Duraludon|2\/100\n|-activate|p1a: Duraludon|trapped\n|move|p1a: Duraludon|Steel Beam|p2a: Flap flap\n|-supereffective|p2a: Flap flap\n|-damage|p2a: Flap flap|0 fnt\n|faint|p2a: Flap flap\n|\n|upkeep\n|c|\u2606OrcLoose|gg\n|\n|t:|1700336403\n|switch|p2a: Fatass|Slowking-Galar, M, shiny|88\/100\n|turn|15\n|c| Pengwoo|GGG\n|\n|t:|1700336415\n|move|p1a: Duraludon|Steel Beam|p2a: Fatass\n|-damage|p2a: Fatass|36\/100\n|move|p2a: Fatass|Chilly Reception|p2a: Fatass\n|-weather|Snow\n|\n|t:|1700336417\n|switch|p2a: Semi-Truck|Abomasnow-Mega, F, shiny|100\/100|[from] Chilly Reception\n|\n|-weather|Snow|[upkeep]\n|upkeep\n|turn|16\n|c|\u2606Godigimon|idk if I outspeed abom\n|c|\u2606OrcLoose|Nah u got scarf\n|\n|t:|1700336430\n|move|p2a: Semi-Truck|Earthquake|p1a: Duraludon\n|-supereffective|p1a: Duraludon\n|-damage|p1a: Duraludon|0 fnt\n|faint|p1a: Duraludon\n|\n|-weather|Snow|[upkeep]\n|upkeep\n|c|\u2606Godigimon|You're not running max speed?\n|\n|t:|1700336438\n|switch|p1a: Dodrio|Dodrio-Sevii, F|100\/100\n|turn|17\n|c|\u2606OrcLoose|Nah\n|c|\u2606Godigimon|ah\n|\n|t:|1700336443\n|move|p1a: Dodrio|Flare Blitz|p2a: Semi-Truck\n|-supereffective|p2a: Semi-Truck\n|-damage|p2a: Semi-Truck|0 fnt\n|faint|p2a: Semi-Truck\n|\n|-weather|Snow|[upkeep]\n|upkeep\n|\n|t:|1700336446\n|switch|p2a: Fatass|Slowking-Galar, M, shiny|69\/100\n|turn|18\n|\n|t:|1700336450\n|move|p1a: Dodrio|Flare Blitz|p2a: Fatass\n|-damage|p2a: Fatass|5\/100\n|move|p2a: Fatass|Blizzard|p1a: Dodrio\n|-damage|p1a: Dodrio|53\/100\n|-status|p1a: Dodrio|frz\n|\n|-weather|Snow|[upkeep]\n|-damage|p1a: Dodrio|47\/100 frz|[from] frz\n|upkeep\n|turn|19\n|c|\u2606Godigimon|OI\n|\n|t:|1700336456\n|-curestatus|p1a: Dodrio|frz|[from] move: Flare Blitz\n|move|p1a: Dodrio|Flare Blitz|p2a: Fatass\n|-damage|p2a: Fatass|0 fnt\n|faint|p2a: Fatass\n|\n|win|Godigimon\n|c|\u2606Godigimon|wpgg\n|l| Manaphoebe\n|l|\u2606OrcLoose\n|l| Pengwoo\n","uploadtime":1700336706,"views":12,"p1id":"godigimon","p2id":"orcloose","formatid":"gen9ubers","rating":0,"private":0,"password":""}