{"id":"radicalred-gen9ubers-543501","p1":"Elohim yt 08\u00b3","p2":"ivancuervo2007","format":"[Gen 9] Ubers","log":"|j|\u2606Elohim yt 08\u00b3\n|j|\u2606ivancuervo2007\n|t:|1699380238\n|gametype|singles\n|player|p1|Elohim yt 08\u00b3|rr-scizormega|\n|player|p2|ivancuervo2007|rr-delphox|\n|teamsize|p1|6\n|teamsize|p2|6\n|gen|9\n|tier|[Gen 9] Ubers\n|rule|Sleep Clause Mod: Limit one foe put to sleep\n|rule|Species Clause: Limit one of each Pok\u00e9mon\n|rule|OHKO Clause: OHKO moves are banned\n|rule|Evasion Abilities Clause: Evasion abilities are banned\n|rule|Evasion Items Clause: Evasion items are banned\n|rule|Evasion Moves Clause: Evasion moves are banned\n|rule|Endless Battle Clause: Forcing endless battles is banned\n|rule|HP Percentage Mod: HP is shown in percentages\n|rule|Dynamax Clause: You cannot dynamax\n|rule|Mega Rayquaza Clause: You cannot mega evolve Rayquaza\n|clearpoke\n|poke|p1|Zapdos|\n|poke|p1|Metagross|\n|poke|p1|Salamence, M|\n|poke|p1|Aegislash, F|\n|poke|p1|Bisharp, M|\n|poke|p1|Volcarona, F|\n|poke|p2|Metagross|\n|poke|p2|Empoleon, F|\n|poke|p2|Melmetal|\n|poke|p2|Greninja-*, M|\n|poke|p2|Krookodile, M|\n|poke|p2|Persian-Alola, F|\n|teampreview\n|\n|t:|1699380255\n|start\n|switch|p1a: Aegislash|Aegislash, F|100\/100\n|switch|p2a: Persa|Persian-Alola, F|100\/100\n|turn|1\n|\n|t:|1699380265\n|move|p2a: Persa|Dark Pulse|p1a: Aegislash\n|-supereffective|p1a: Aegislash\n|-damage|p1a: Aegislash|20\/100\n|move|p1a: Aegislash|Swords Dance|p1a: Aegislash\n|-boost|p1a: Aegislash|atk|2\n|\n|upkeep\n|turn|2\n|\n|t:|1699380278\n|move|p1a: Aegislash|King's Shield|p1a: Aegislash\n|-singleturn|p1a: Aegislash|Protect\n|move|p2a: Persa|Dark Pulse|p1a: Aegislash\n|-activate|p1a: Aegislash|move: Protect\n|\n|upkeep\n|turn|3\n|\n|t:|1699380285\n|move|p1a: Aegislash|King's Shield||[still]\n|-fail|p1a: Aegislash\n|move|p2a: Persa|Dark Pulse|p1a: Aegislash\n|-supereffective|p1a: Aegislash\n|-damage|p1a: Aegislash|0 fnt\n|faint|p1a: Aegislash\n|\n|upkeep\n|\n|t:|1699380294\n|switch|p1a: Zapdos|Zapdos|100\/100\n|turn|4\n|\n|t:|1699380299\n|move|p2a: Persa|Dark Pulse|p1a: Zapdos\n|-damage|p1a: Zapdos|24\/100\n|cant|p1a: Zapdos|flinch\n|\n|-heal|p1a: Zapdos|30\/100|[from] item: Leftovers\n|upkeep\n|turn|5\n|j| jayshawnn\n|\n|t:|1699380311\n|move|p2a: Persa|Dark Pulse|p1a: Zapdos\n|-damage|p1a: Zapdos|0 fnt\n|faint|p1a: Zapdos\n|\n|upkeep\n|\n|t:|1699380314\n|switch|p1a: Bisharp|Bisharp, M|100\/100\n|turn|6\n|\n|t:|1699380323\n|switch|p2a: JoJo|Melmetal|100\/100\n|move|p1a: Bisharp|Swords Dance|p1a: Bisharp\n|-boost|p1a: Bisharp|atk|2\n|\n|upkeep\n|turn|7\n|\n|t:|1699380327\n|move|p1a: Bisharp|Sucker Punch|p2a: JoJo\n|-damage|p2a: JoJo|48\/100\n|-damage|p1a: Bisharp|91\/100|[from] item: Life Orb\n|move|p2a: JoJo|Earthquake|p1a: Bisharp\n|-supereffective|p1a: Bisharp\n|-damage|p1a: Bisharp|0 fnt\n|faint|p1a: Bisharp\n|\n|upkeep\n|\n|t:|1699380331\n|switch|p1a: Metagross|Metagross|100\/100\n|turn|8\n|\n|t:|1699380340\n|move|p1a: Metagross|Bullet Punch|p2a: JoJo\n|-resisted|p2a: JoJo\n|-damage|p2a: JoJo|42\/100\n|move|p2a: JoJo|Earthquake|p1a: Metagross\n|-supereffective|p1a: Metagross\n|-damage|p1a: Metagross|39\/100\n|\n|upkeep\n|turn|9\n|\n|t:|1699380346\n|detailschange|p1a: Metagross|Metagross-Mega\n|-mega|p1a: Metagross|Metagross|Metagrossite\n|move|p1a: Metagross|Meteor Mash|p2a: JoJo\n|-resisted|p2a: JoJo\n|-damage|p2a: JoJo|28\/100\n|move|p2a: JoJo|Earthquake|p1a: Metagross\n|-supereffective|p1a: Metagross\n|-damage|p1a: Metagross|0 fnt\n|faint|p1a: Metagross\n|\n|upkeep\n|\n|t:|1699380352\n|switch|p1a: Vodka|Volcarona, F|100\/100\n|turn|10\n|\n|t:|1699380361\n|switch|p2a: Gekoga|Greninja, M|100\/100\n|move|p1a: Vodka|Quiver Dance|p1a: Vodka\n|-boost|p1a: Vodka|spa|1\n|-boost|p1a: Vodka|spd|1\n|-boost|p1a: Vodka|spe|1\n|\n|upkeep\n|turn|11\n|c| jayshawnn|vodka lmfao\n|\n|t:|1699380373\n|move|p2a: Gekoga|Water Shuriken|p1a: Vodka\n|-supereffective|p1a: Vodka\n|-damage|p1a: Vodka|88\/100\n|-supereffective|p1a: Vodka\n|-damage|p1a: Vodka|74\/100\n|-supereffective|p1a: Vodka\n|-damage|p1a: Vodka|62\/100\n|-supereffective|p1a: Vodka\n|-damage|p1a: Vodka|48\/100\n|-hitcount|p1a: Vodka|4\n|-damage|p2a: Gekoga|91\/100|[from] item: Life Orb\n|-zpower|p1a: Vodka\n|move|p1a: Vodka|Savage Spin-Out|p2a: Gekoga|[zeffect]\n|-supereffective|p2a: Gekoga\n|-damage|p2a: Gekoga|0 fnt\n|faint|p2a: Gekoga\n|\n|upkeep\n|\n|t:|1699380406\n|switch|p2a: Atlanta|Empoleon, F|100\/100\n|turn|12\n|\n|t:|1699380413\n|move|p1a: Vodka|Bug Buzz|p2a: Atlanta\n|-resisted|p2a: Atlanta\n|-damage|p2a: Atlanta|69\/100\n|move|p2a: Atlanta|Surf|p1a: Vodka\n|-supereffective|p1a: Vodka\n|-damage|p1a: Vodka|0 fnt\n|faint|p1a: Vodka\n|\n|-heal|p2a: Atlanta|75\/100|[from] item: Leftovers\n|upkeep\n|\n|t:|1699380419\n|switch|p1a: Salamence|Salamence, M|100\/100\n|-ability|p1a: Salamence|Intimidate|boost\n|-unboost|p2a: Atlanta|atk|1\n|-ability|p2a: Atlanta|Competitive|boost\n|-boost|p2a: Atlanta|spa|2\n|turn|13\n|\n|t:|1699380425\n|move|p1a: Salamence|Dragon Dance|p1a: Salamence\n|-boost|p1a: Salamence|atk|1\n|-boost|p1a: Salamence|spe|1\n|move|p2a: Atlanta|Ice Beam|p1a: Salamence\n|-supereffective|p1a: Salamence\n|-damage|p1a: Salamence|0 fnt\n|faint|p1a: Salamence\n|\n|win|ivancuervo2007\n|l| jayshawnn\n","uploadtime":1699380429,"views":16,"p1id":"elohimyt08","p2id":"ivancuervo2007","formatid":"gen9ubers","rating":0,"private":0,"password":""}