{"id":"radicalred-gen9ubers-551046","p1":"dreepy airlines","p2":"TobyTheBoss64","format":"[Gen 9] Ubers","log":"|j|\u2606dreepy airlines\n|j|\u2606TobyTheBoss64\n|t:|1700992390\n|gametype|singles\n|player|p1|dreepy airlines|rr-mienshao|\n|player|p2|TobyTheBoss64|tobytheboss.png|\n|teamsize|p1|6\n|teamsize|p2|6\n|gen|9\n|tier|[Gen 9] Ubers\n|rule|Sleep Clause Mod: Limit one foe put to sleep\n|rule|Species Clause: Limit one of each Pok\u00e9mon\n|rule|OHKO Clause: OHKO moves are banned\n|rule|Evasion Abilities Clause: Evasion abilities are banned\n|rule|Evasion Items Clause: Evasion items are banned\n|rule|Evasion Moves Clause: Evasion moves are banned\n|rule|Endless Battle Clause: Forcing endless battles is banned\n|rule|HP Percentage Mod: HP is shown in percentages\n|rule|Dynamax Clause: You cannot dynamax\n|rule|Mega Rayquaza Clause: You cannot mega evolve Rayquaza\n|clearpoke\n|poke|p1|Blaziken, F|\n|poke|p1|Yveltal|\n|poke|p1|Zacian-*|\n|poke|p1|Groudon|\n|poke|p1|Arceus|\n|poke|p1|Lugia|\n|poke|p2|Grafaiai, M|\n|poke|p2|Gengar, M|\n|poke|p2|Calyrex-Shadow|\n|poke|p2|Zacian-*|\n|poke|p2|Groudon|\n|poke|p2|Landorus, M|\n|teampreview\n|\n|t:|1700992436\n|start\n|switch|p1a: Arceus|Arceus|100\/100\n|switch|p2a: Zacian|Zacian-Crowned|100\/100\n|-ability|p2a: Zacian|Intrepid Sword|boost\n|-boost|p2a: Zacian|atk|1\n|turn|1\n|\n|t:|1700992451\n|switch|p1a: Groudon|Groudon|100\/100\n|detailschange|p1a: Groudon|Groudon-Primal\n|-primal|p1a: Groudon|Red Orb\n|-weather|DesolateLand|[from] ability: Desolate Land|[of] p1a: Groudon\n|move|p2a: Zacian|Close Combat|p1a: Groudon\n|-damage|p1a: Groudon|69\/100\n|-unboost|p2a: Zacian|def|1\n|-unboost|p2a: Zacian|spd|1\n|\n|-weather|DesolateLand|[upkeep]\n|upkeep\n|turn|2\n|\n|t:|1700992464\n|switch|p2a: Landorus|Landorus, M|100\/100\n|move|p1a: Groudon|Stealth Rock|p2a: Landorus\n|-sidestart|p2: TobyTheBoss64|move: Stealth Rock\n|\n|-weather|DesolateLand|[upkeep]\n|upkeep\n|turn|3\n|\n|t:|1700992474\n|-weather|none\n|switch|p1a: Lugia|Lugia|100\/100\n|move|p2a: Landorus|Stealth Rock|p1a: Lugia\n|-sidestart|p1: dreepy airlines|move: Stealth Rock\n|\n|upkeep\n|turn|4\n|\n|t:|1700992496\n|switch|p2a: Grafaiai|Grafaiai, M|100\/100\n|-damage|p2a: Grafaiai|88\/100|[from] Stealth Rock\n|move|p1a: Lugia|Aeroblast|p2a: Grafaiai\n|-damage|p2a: Grafaiai|47\/100\n|\n|upkeep\n|turn|5\n|\n|t:|1700992511\n|move|p2a: Grafaiai|Sticky Web|p1a: Lugia\n|-sidestart|p1: dreepy airlines|move: Sticky Web\n|move|p1a: Lugia|Aeroblast|p2a: Grafaiai\n|-damage|p2a: Grafaiai|3\/100\n|\n|upkeep\n|turn|6\n|\n|t:|1700992527\n|move|p2a: Grafaiai|Encore|p1a: Lugia\n|-start|p1a: Lugia|Encore\n|move|p1a: Lugia|Aeroblast|p2a: Grafaiai\n|-damage|p2a: Grafaiai|0 fnt\n|faint|p2a: Grafaiai\n|\n|upkeep\n|\n|t:|1700992529\n|switch|p2a: Zacian|Zacian-Crowned|100\/100\n|-damage|p2a: Zacian|95\/100|[from] Stealth Rock\n|-ability|p2a: Zacian|Intrepid Sword|boost\n|-boost|p2a: Zacian|atk|1\n|turn|7\n|\n|t:|1700992550\n|switch|p1a: Groudon|Groudon-Primal|69\/100\n|-activate|p1a: Groudon|move: Sticky Web\n|-unboost|p1a: Groudon|spe|1\n|-damage|p1a: Groudon|56\/100|[from] Stealth Rock\n|-weather|DesolateLand|[from] ability: Desolate Land|[of] p1a: Groudon\n|move|p2a: Zacian|Swords Dance|p2a: Zacian\n|-boost|p2a: Zacian|atk|2\n|\n|-weather|DesolateLand|[upkeep]\n|upkeep\n|turn|8\n|\n|t:|1700992559\n|move|p2a: Zacian|Close Combat|p1a: Groudon\n|-damage|p1a: Groudon|7\/100\n|-unboost|p2a: Zacian|def|1\n|-unboost|p2a: Zacian|spd|1\n|move|p1a: Groudon|Earthquake|p2a: Zacian\n|-supereffective|p2a: Zacian\n|-damage|p2a: Zacian|0 fnt\n|faint|p2a: Zacian\n|\n|-weather|DesolateLand|[upkeep]\n|upkeep\n|\n|t:|1700992587\n|switch|p2a: Gengar|Gengar, M|100\/100\n|-damage|p2a: Gengar|88\/100|[from] Stealth Rock\n|turn|9\n|\n|t:|1700992600\n|detailschange|p2a: Gengar|Gengar-Mega, M\n|-mega|p2a: Gengar|Gengar|Gengarite\n|move|p2a: Gengar|Shadow Ball|p1a: Groudon\n|-damage|p1a: Groudon|0 fnt\n|faint|p1a: Groudon\n|-weather|none\n|\n|upkeep\n|\n|t:|1700992628\n|switch|p1a: Blaziken|Blaziken, F|100\/100\n|-activate|p1a: Blaziken|move: Sticky Web\n|-unboost|p1a: Blaziken|spe|1\n|-damage|p1a: Blaziken|88\/100|[from] Stealth Rock\n|turn|10\n|\n|t:|1700992644\n|detailschange|p1a: Blaziken|Blaziken-Mega, F\n|-mega|p1a: Blaziken|Blaziken|Blazikenite\n|move|p2a: Gengar|Sludge Wave|p1a: Blaziken\n|-damage|p1a: Blaziken|11\/100\n|move|p1a: Blaziken|Blaze Kick|p2a: Gengar\n|-damage|p2a: Gengar|0 fnt\n|faint|p2a: Gengar\n|\n|-ability|p1a: Blaziken|Speed Boost|boost\n|-boost|p1a: Blaziken|spe|1\n|upkeep\n|\n|t:|1700992684\n|switch|p2a: Groudon|Groudon, shiny|100\/100\n|-damage|p2a: Groudon|94\/100|[from] Stealth Rock\n|detailschange|p2a: Groudon|Groudon-Primal, shiny\n|-primal|p2a: Groudon|Red Orb\n|-weather|DesolateLand|[from] ability: Desolate Land|[of] p2a: Groudon\n|turn|11\n|\n|t:|1700992708\n|move|p1a: Blaziken|Close Combat|p2a: Groudon\n|-damage|p2a: Groudon|36\/100\n|-unboost|p1a: Blaziken|def|1\n|-unboost|p1a: Blaziken|spd|1\n|move|p2a: Groudon|Heat Crash|p1a: Blaziken\n|-resisted|p1a: Blaziken\n|-damage|p1a: Blaziken|0 fnt\n|faint|p1a: Blaziken\n|\n|-weather|DesolateLand|[upkeep]\n|upkeep\n|\n|t:|1700992754\n|switch|p1a: Lugia|Lugia|100\/100\n|turn|12\n|l|\u2606TobyTheBoss64\n|player|p2|\n|j| Just B3A$T\n|c| Just B3A$T|why isnt this replay posted\n|c| Just B3A$T|i meann\n|c| Just B3A$T|live match\n|c|\u2606dreepy airlines|i dont know\n|c| Just B3A$T|kay ill post ig \n|c|\u2606dreepy airlines|also toby just left\n|c|\u2606dreepy airlines|ill give it time but i only have like 10-20ish min left\n|c|\u2606dreepy airlines|he'll prob be baack soon\n|c| Just B3A$T|ye\n|j|\u2606TobyTheBoss64\n|player|p2|TobyTheBoss64|tobytheboss.png\n|c|\u2606TobyTheBoss64|sorry my wifi went out\n|c|\u2606TobyTheBoss64|back now\n|\n|t:|1700993098\n|-weather|none\n|switch|p2a: Calyrex|Calyrex-Shadow|100\/100\n|-ability|p2a: Calyrex|As One\n|-ability|p2a: Calyrex|Unnerve\n|-damage|p2a: Calyrex|88\/100|[from] Stealth Rock\n|move|p1a: Lugia|Aeroblast|p2a: Calyrex\n|-damage|p2a: Calyrex|59\/100\n|\n|upkeep\n|turn|13\n|c|\u2606dreepy airlines|nw\n|\n|t:|1700993110\n|move|p2a: Calyrex|Astral Barrage|p1a: Lugia\n|-supereffective|p1a: Lugia\n|-damage|p1a: Lugia|56\/100\n|move|p1a: Lugia|Roar|p2a: Calyrex\n|drag|p2a: Groudon|Groudon-Primal, shiny|36\/100\n|-damage|p2a: Groudon|24\/100|[from] Stealth Rock\n|-weather|DesolateLand|[from] ability: Desolate Land|[of] p2a: Groudon\n|\n|-weather|DesolateLand|[upkeep]\n|upkeep\n|turn|14\n|\n|t:|1700993118\n|move|p2a: Groudon|Heat Crash|p1a: Lugia\n|-damage|p1a: Lugia|2\/100\n|move|p1a: Lugia|Aeroblast|p2a: Groudon\n|-damage|p2a: Groudon|0 fnt\n|faint|p2a: Groudon\n|-weather|none\n|\n|upkeep\n|\n|t:|1700993132\n|switch|p2a: Landorus|Landorus, M|100\/100\n|-damage|p2a: Landorus|88\/100|[from] Stealth Rock\n|turn|15\n|\n|t:|1700993138\n|move|p2a: Landorus|Hidden Power|p1a: Lugia\n|-supereffective|p1a: Lugia\n|-damage|p1a: Lugia|0 fnt\n|faint|p1a: Lugia\n|-damage|p2a: Landorus|79\/100|[from] item: Life Orb\n|\n|upkeep\n|\n|t:|1700993153\n|switch|p1a: Arceus|Arceus|100\/100\n|-activate|p1a: Arceus|move: Sticky Web\n|-unboost|p1a: Arceus|spe|1\n|-damage|p1a: Arceus|88\/100|[from] Stealth Rock\n|turn|16\n|\n|t:|1700993201\n|switch|p2a: Calyrex|Calyrex-Shadow|59\/100\n|-ability|p2a: Calyrex|As One\n|-ability|p2a: Calyrex|Unnerve\n|-damage|p2a: Calyrex|47\/100|[from] Stealth Rock\n|move|p1a: Arceus|Extreme Speed|p2a: Calyrex\n|-immune|p2a: Calyrex\n|\n|upkeep\n|turn|17\n|\n|t:|1700993253\n|move|p2a: Calyrex|Nasty Plot|p2a: Calyrex\n|-boost|p2a: Calyrex|spa|2\n|move|p1a: Arceus|Earthquake|p2a: Calyrex\n|-damage|p2a: Calyrex|2\/100\n|\n|upkeep\n|turn|18\n|l| Just B3A$T\n|\n|t:|1700993279\n|switch|p1a: Zacian|Zacian-Crowned|100\/100\n|-activate|p1a: Zacian|move: Sticky Web\n|-unboost|p1a: Zacian|spe|1\n|-damage|p1a: Zacian|94\/100|[from] Stealth Rock\n|-ability|p1a: Zacian|Intrepid Sword|boost\n|-boost|p1a: Zacian|atk|1\n|move|p2a: Calyrex|Astral Barrage|p1a: Zacian\n|-damage|p1a: Zacian|0 fnt\n|faint|p1a: Zacian\n|-ability|p2a: Calyrex|Grim Neigh|boost\n|-boost|p2a: Calyrex|spa|1\n|\n|upkeep\n|\n|t:|1700993285\n|switch|p1a: Yveltal|Yveltal|100\/100\n|-damage|p1a: Yveltal|76\/100|[from] Stealth Rock\n|-ability|p1a: Yveltal|Dark Aura\n|turn|19\n|\n|t:|1700993290\n|move|p1a: Yveltal|Sucker Punch|p2a: Calyrex\n|-supereffective|p2a: Calyrex\n|-damage|p2a: Calyrex|0 fnt\n|faint|p2a: Calyrex\n|-damage|p1a: Yveltal|66\/100|[from] item: Life Orb\n|\n|upkeep\n|\n|t:|1700993294\n|switch|p2a: Landorus|Landorus, M|79\/100\n|-damage|p2a: Landorus|66\/100|[from] Stealth Rock\n|turn|20\n|\n|t:|1700993297\n|move|p1a: Yveltal|Sucker Punch|p2a: Landorus\n|-damage|p2a: Landorus|4\/100\n|-damage|p1a: Yveltal|56\/100|[from] item: Life Orb\n|move|p2a: Landorus|Hidden Power|p1a: Yveltal\n|-supereffective|p1a: Yveltal\n|-damage|p1a: Yveltal|11\/100\n|-damage|p2a: Landorus|0 fnt|[from] item: Life Orb\n|faint|p2a: Landorus\n|\n|win|dreepy airlines\n|c|\u2606TobyTheBoss64|gg\n|c|\u2606dreepy airlines|ggs\n","uploadtime":1700993303,"views":21,"p1id":"dreepyairlines","p2id":"tobytheboss64","formatid":"gen9ubers","rating":0,"private":0,"password":""}