{"id":"radicalred-gen9ubers-545259","p1":"axelzzz09","p2":"xleontdx","format":"[Gen 9] Ubers","log":"|j|\u2606axelzzz09\n|j|\u2606xleontdx\n|t:|1699752093\n|gametype|singles\n|player|p1|axelzzz09|rr-sneasler|\n|player|p2|xleontdx|rr-lucariomega|\n|teamsize|p1|6\n|teamsize|p2|6\n|gen|9\n|tier|[Gen 9] Ubers\n|rule|Sleep Clause Mod: Limit one foe put to sleep\n|rule|Species Clause: Limit one of each Pok\u00e9mon\n|rule|OHKO Clause: OHKO moves are banned\n|rule|Evasion Abilities Clause: Evasion abilities are banned\n|rule|Evasion Items Clause: Evasion items are banned\n|rule|Evasion Moves Clause: Evasion moves are banned\n|rule|Endless Battle Clause: Forcing endless battles is banned\n|rule|HP Percentage Mod: HP is shown in percentages\n|rule|Dynamax Clause: You cannot dynamax\n|rule|Mega Rayquaza Clause: You cannot mega evolve Rayquaza\n|clearpoke\n|poke|p1|Garchomp, M|\n|poke|p1|Ceruledge, M|\n|poke|p1|Sneasler, F|\n|poke|p1|Kommo-o, M|\n|poke|p1|Meowscarada, M|\n|poke|p1|Samurott, F|\n|poke|p2|Lopunny, F|\n|poke|p2|Lucario, M|\n|poke|p2|Infernape, M|\n|poke|p2|Staraptor, F|\n|poke|p2|Crobat, M|\n|poke|p2|Corviknight, F|\n|teampreview\n|j| anderproyt\n|c| anderproyt|llegue\n|\n|t:|1699752125\n|start\n|switch|p1a: Samurott|Samurott, F|100\/100\n|switch|p2a: Metal bat|Corviknight, F, shiny|100\/100\n|-ability|p2a: Metal bat|Pressure\n|turn|1\n|c|\u2606axelzzz09|que rico\n|\n|t:|1699752143\n|move|p1a: Samurott|Shell Smash|p1a: Samurott\n|-unboost|p1a: Samurott|def|1\n|-unboost|p1a: Samurott|spd|1\n|-boost|p1a: Samurott|atk|2\n|-boost|p1a: Samurott|spa|2\n|-boost|p1a: Samurott|spe|2\n|-enditem|p1a: Samurott|White Herb\n|-clearnegativeboost|p1a: Samurott|[silent]\n|move|p2a: Metal bat|Reflect|p2a: Metal bat\n|-sidestart|p2: xleontdx|Reflect\n|\n|upkeep\n|turn|2\n|c| anderproyt|samurott tiene shell smash aca?\n|c|\u2606axelzzz09|sabias que el shyni de tinkaton lo unico que cambia es el martillo\n|c| anderproyt|si\n|c|\u2606axelzzz09|y ese martillo esta hecho de convirknigt shyni\n|c|\u2606axelzzz09|xddd\n|\n|t:|1699752189\n|move|p1a: Samurott|Sacred Sword|p2a: Metal bat\n|-damage|p2a: Metal bat|70\/100\n|move|p2a: Metal bat|U-turn|p1a: Samurott\n|-resisted|p1a: Samurott\n|-damage|p1a: Samurott|93\/100\n|\n|t:|1699752199\n|switch|p2a: Falc\u00f3n|Staraptor, F, shiny|100\/100|[from] U-turn\n|-ability|p2a: Falc\u00f3n|Intimidate|boost\n|-unboost|p1a: Samurott|atk|1\n|\n|upkeep\n|turn|3\n|\n|t:|1699752206\n|move|p1a: Samurott|Razor Shell|p2a: Falc\u00f3n\n|-crit|p2a: Falc\u00f3n\n|-damage|p2a: Falc\u00f3n|0 fnt\n|faint|p2a: Falc\u00f3n\n|\n|upkeep\n|c|\u2606axelzzz09|que rico\n|c| anderproyt|pobre staraptor\n|c|\u2606axelzzz09|xd si\n|c| anderproyt|le callo un critico \n|\n|t:|1699752220\n|switch|p2a: Lionel|Lucario, M|100\/100\n|turn|4\n|\n|t:|1699752227\n|move|p2a: Lionel|Mach Punch|p1a: Samurott\n|-supereffective|p1a: Samurott\n|-damage|p1a: Samurott|43\/100\n|move|p1a: Samurott|Sacred Sword|p2a: Lionel\n|-supereffective|p2a: Lionel\n|-crit|p2a: Lionel\n|-damage|p2a: Lionel|0 fnt\n|faint|p2a: Lionel\n|\n|upkeep\n|c|\u2606axelzzz09|xddd\n|c| anderproyt|2 criticos xd\n|c|\u2606axelzzz09|toy potente\n|\n|t:|1699752241\n|switch|p2a: Infernape|Infernape, M|100\/100\n|turn|5\n|\n|t:|1699752249\n|move|p1a: Samurott|Razor Shell|p2a: Infernape\n|-supereffective|p2a: Infernape\n|-enditem|p2a: Infernape|Focus Sash\n|-damage|p2a: Infernape|1\/100\n|move|p2a: Infernape|Grass Knot|p1a: Samurott\n|-damage|p1a: Samurott|17\/100\n|\n|upkeep\n|turn|6\n|c|\u2606axelzzz09|uff\n|c|\u2606axelzzz09|xdddd\n|\n|t:|1699752261\n|move|p1a: Samurott|Razor Shell|p2a: Infernape\n|-supereffective|p2a: Infernape\n|-damage|p2a: Infernape|0 fnt\n|faint|p2a: Infernape\n|\n|upkeep\n|c| anderproyt|no esta mal ese porcentage de da\u00f1o\n|\n|t:|1699752267\n|switch|p2a: T\u00f3xica|Crobat, M, shiny|100\/100\n|turn|7\n|c|\u2606axelzzz09|que rico samurott todo god\n|\n|t:|1699752273\n|move|p1a: Samurott|Razor Shell|p2a: T\u00f3xica\n|-damage|p2a: T\u00f3xica|43\/100\n|move|p2a: T\u00f3xica|Air Slash|p1a: Samurott\n|-resisted|p1a: Samurott\n|-damage|p1a: Samurott|0 fnt\n|faint|p1a: Samurott\n|\n|-heal|p2a: T\u00f3xica|50\/100|[from] item: Black Sludge\n|upkeep\n|c| anderproyt|tendre q hablar con cerbero despues\n|c|\u2606axelzzz09|ok\n|c| anderproyt|y explicarle un par de cosas\n|\n|t:|1699752294\n|switch|p1a: Ceruledge|Ceruledge, M|100\/100\n|turn|8\n|\n|t:|1699752300\n|move|p2a: T\u00f3xica|Nasty Plot|p2a: T\u00f3xica\n|-boost|p2a: T\u00f3xica|spa|2\n|move|p1a: Ceruledge|Swords Dance|p1a: Ceruledge\n|-boost|p1a: Ceruledge|atk|2\n|\n|-heal|p2a: T\u00f3xica|56\/100|[from] item: Black Sludge\n|-sideend|p2: xleontdx|Reflect\n|upkeep\n|turn|9\n|c| anderproyt|me gusta esa desicion de cerbero\n|c|\u2606axelzzz09|igual aunque uses en mi contra el poke que quieren banear no le veo tan mal\n|\n|t:|1699752321\n|move|p2a: T\u00f3xica|Air Slash|p1a: Ceruledge\n|-damage|p1a: Ceruledge|32\/100\n|move|p1a: Ceruledge|Swords Dance|p1a: Ceruledge\n|-boost|p1a: Ceruledge|atk|2\n|\n|-heal|p2a: T\u00f3xica|62\/100|[from] item: Black Sludge\n|upkeep\n|turn|10\n|\n|t:|1699752331\n|move|p1a: Ceruledge|Shadow Sneak|p2a: T\u00f3xica\n|-damage|p2a: T\u00f3xica|0 fnt\n|faint|p2a: T\u00f3xica\n|\n|upkeep\n|c| anderproyt|q al grimm\n|\n|t:|1699752340\n|switch|p2a: Metal bat|Corviknight, F, shiny|70\/100\n|-ability|p2a: Metal bat|Pressure\n|turn|11\n|c| anderproyt|o al Kommo o\n|\n|t:|1699752346\n|move|p1a: Ceruledge|Bitter Blade|p2a: Metal bat\n|-supereffective|p2a: Metal bat\n|-damage|p2a: Metal bat|0 fnt\n|-heal|p1a: Ceruledge|80\/100|[from] drain|[of] p2a: Metal bat\n|faint|p2a: Metal bat\n|\n|upkeep\n|\n|t:|1699752353\n|switch|p2a: Playboy|Lopunny, F, shiny|100\/100\n|turn|12\n|c| anderproyt|tendre q explicarle mucho a cerbero\n|c|\u2606axelzzz09|al kommo o le encuentro un poco de logica pero al grimm\n|\n|t:|1699752368\n|detailschange|p2a: Playboy|Lopunny-Mega, F, shiny\n|-mega|p2a: Playboy|Lopunny|Lopunnite\n|move|p2a: Playboy|Play Rough|p1a: Ceruledge\n|-resisted|p1a: Ceruledge\n|-damage|p1a: Ceruledge|55\/100\n|-ability|p1a: Ceruledge|Weak Armor|boost\n|-unboost|p1a: Ceruledge|def|1\n|-boost|p1a: Ceruledge|spe|2\n|move|p1a: Ceruledge|Bitter Blade|p2a: Playboy\n|-damage|p2a: Playboy|0 fnt\n|-heal|p1a: Ceruledge|100\/100|[from] drain|[of] p2a: Playboy\n|faint|p2a: Playboy\n|\n|win|axelzzz09\n|c|\u2606axelzzz09|xd fire\n","uploadtime":1699752382,"views":5,"p1id":"axelzzz09","p2id":"xleontdx","formatid":"gen9ubers","rating":0,"private":0,"password":""}