{"id":"radicalred-gen9ubers-542041","p1":"Finalcrew15","p2":"Monkemaniac323","format":"[Gen 9] Ubers","log":"|j|\u2606Finalcrew15\n|j|\u2606Monkemaniac323\n|t:|1699033287\n|gametype|singles\n|player|p1|Finalcrew15|102|\n|player|p2|Monkemaniac323|2|\n|teamsize|p1|6\n|teamsize|p2|6\n|gen|9\n|tier|[Gen 9] Ubers\n|rule|Sleep Clause Mod: Limit one foe put to sleep\n|rule|Species Clause: Limit one of each Pok\u00e9mon\n|rule|OHKO Clause: OHKO moves are banned\n|rule|Evasion Abilities Clause: Evasion abilities are banned\n|rule|Evasion Items Clause: Evasion items are banned\n|rule|Evasion Moves Clause: Evasion moves are banned\n|rule|Endless Battle Clause: Forcing endless battles is banned\n|rule|HP Percentage Mod: HP is shown in percentages\n|rule|Dynamax Clause: You cannot dynamax\n|rule|Mega Rayquaza Clause: You cannot mega evolve Rayquaza\n|clearpoke\n|poke|p1|Machamp, F|\n|poke|p1|Torkoal, F|\n|poke|p1|Garganacl, F|\n|poke|p1|Walking Wake|\n|poke|p1|Typhlosion-Hisui, M|\n|poke|p1|Noivern-Sevii, F|\n|poke|p2|Gallade, M|\n|poke|p2|Melmetal|\n|poke|p2|Vaporeon, F|\n|poke|p2|Chandelure, F|\n|poke|p2|Milotic-Sevii, M|\n|poke|p2|Xurkitree|\n|teampreview\n|c|\u2606Monkemaniac323|Glhf\n|c|\u2606Finalcrew15|Can u send live link\n|c|\u2606Finalcrew15|glhf\n|c|\u2606Monkemaniac323|Sent\n|\n|t:|1699033336\n|start\n|switch|p1a: Torkoal|Torkoal, F|100\/100\n|switch|p2a: Xurkitree|Xurkitree|100\/100\n|-weather|SunnyDay|[from] ability: Drought|[of] p1a: Torkoal\n|turn|1\n|j| BananenSoep\n|\n|t:|1699033350\n|switch|p1a: Garganacl|Garganacl, F|100\/100\n|move|p2a: Xurkitree|Thunderbolt|p1a: Garganacl\n|-damage|p1a: Garganacl|65\/100\n|\n|-weather|SunnyDay|[upkeep]\n|-heal|p1a: Garganacl|71\/100|[from] item: Leftovers\n|upkeep\n|turn|2\n|\n|t:|1699033370\n|switch|p2a: Melmetal|Melmetal|100\/100\n|move|p1a: Garganacl|Salt Cure|p2a: Melmetal\n|-resisted|p2a: Melmetal\n|-damage|p2a: Melmetal|97\/100\n|-start|p2a: Melmetal|Salt Cure\n|\n|-weather|SunnyDay|[upkeep]\n|-heal|p1a: Garganacl|77\/100|[from] item: Leftovers\n|-damage|p2a: Melmetal|72\/100|[from] Salt Cure\n|upkeep\n|turn|3\n|\n|t:|1699033381\n|move|p1a: Garganacl|Iron Defense|p1a: Garganacl\n|-boost|p1a: Garganacl|def|2\n|move|p2a: Melmetal|Double Iron Bash|p1a: Garganacl\n|-supereffective|p1a: Garganacl\n|-damage|p1a: Garganacl|25\/100\n|-supereffective|p1a: Garganacl\n|-damage|p1a: Garganacl|0 fnt\n|faint|p1a: Garganacl\n|-hitcount|p1: Garganacl|2\n|\n|-weather|SunnyDay|[upkeep]\n|-damage|p2a: Melmetal|47\/100|[from] Salt Cure\n|upkeep\n|\n|t:|1699033390\n|switch|p1a: Machamp|Machamp, F|100\/100\n|turn|4\n|c|\u2606Monkemaniac323|Not livin the mel\n|\n|t:|1699033400\n|switch|p2a: Chandelure|Chandelure, F|100\/100\n|detailschange|p1a: Machamp|Machamp-Mega, F\n|-mega|p1a: Machamp|Machamp|Machampite\n|move|p1a: Machamp|Fire Punch|p2a: Chandelure\n|-resisted|p2a: Chandelure\n|-damage|p2a: Chandelure|67\/100\n|-resisted|p2a: Chandelure\n|-damage|p2a: Chandelure|50\/100\n|-hitcount|p2a: Chandelure|2\n|\n|-weather|SunnyDay|[upkeep]\n|upkeep\n|turn|5\n|\n|t:|1699033419\n|move|p1a: Machamp|Bullet Punch|p2a: Chandelure\n|-resisted|p2a: Chandelure\n|-damage|p2a: Chandelure|38\/100\n|-resisted|p2a: Chandelure\n|-damage|p2a: Chandelure|33\/100\n|-hitcount|p2a: Chandelure|2\n|move|p2a: Chandelure|Overheat|p1a: Machamp\n|-damage|p1a: Machamp|19\/100\n|-unboost|p2a: Chandelure|spa|2\n|\n|-weather|SunnyDay|[upkeep]\n|upkeep\n|turn|6\n|\n|t:|1699033426\n|move|p2a: Chandelure|Overheat|p1a: Machamp\n|-damage|p1a: Machamp|0 fnt\n|-unboost|p2a: Chandelure|spa|2\n|faint|p1a: Machamp\n|\n|-weather|SunnyDay|[upkeep]\n|upkeep\n|\n|t:|1699033433\n|switch|p1a: Walking Wake|Walking Wake|100\/100\n|-activate|p1a: Walking Wake|ability: Protosynthesis\n|-start|p1a: Walking Wake|protosynthesisspa\n|turn|7\n|j| Xopas\n|c| Xopas|Goodluck both\n|\n|t:|1699033441\n|switch|p2a: Vaporeon|Vaporeon, F|100\/100\n|move|p1a: Walking Wake|Hydro Steam|p2a: Vaporeon\n|-immune|p2a: Vaporeon|[from] ability: Water Absorb\n|\n|-weather|SunnyDay|[upkeep]\n|upkeep\n|turn|8\n|\n|t:|1699033449\n|move|p1a: Walking Wake|Snarl|p2a: Vaporeon\n|-damage|p2a: Vaporeon|83\/100\n|-unboost|p2a: Vaporeon|spa|1\n|-damage|p1a: Walking Wake|91\/100|[from] item: Life Orb\n|move|p2a: Vaporeon|Toxic|p1a: Walking Wake\n|-status|p1a: Walking Wake|tox\n|\n|-weather|none\n|-end|p1a: Walking Wake|Protosynthesis\n|-heal|p2a: Vaporeon|90\/100|[from] item: Leftovers\n|-damage|p1a: Walking Wake|85\/100 tox|[from] psn\n|upkeep\n|turn|9\n|\n|t:|1699033463\n|move|p1a: Walking Wake|Draco Meteor|p2a: Vaporeon\n|-damage|p2a: Vaporeon|41\/100\n|-unboost|p1a: Walking Wake|spa|2\n|-damage|p1a: Walking Wake|75\/100 tox|[from] item: Life Orb\n|move|p2a: Vaporeon|Wish|p2a: Vaporeon\n|\n|-heal|p2a: Vaporeon|47\/100|[from] item: Leftovers\n|-damage|p1a: Walking Wake|62\/100 tox|[from] psn\n|upkeep\n|turn|10\n|\n|t:|1699033467\n|-end|p1a: Walking Wake|Protosynthesis|[silent]\n|switch|p1a: Noivern-Sevii|Noivern-Sevii, F|100\/100\n|move|p2a: Vaporeon|Toxic|p1a: Noivern-Sevii\n|-status|p1a: Noivern-Sevii|tox\n|\n|-heal|p2a: Vaporeon|97\/100|[from] move: Wish|[wisher] Vaporeon\n|-heal|p2a: Vaporeon|100\/100|[from] item: Leftovers\n|-damage|p1a: Noivern-Sevii|94\/100 tox|[from] psn\n|upkeep\n|turn|11\n|\n|t:|1699033472\n|move|p1a: Noivern-Sevii|Rock Slide|p2a: Vaporeon\n|-damage|p2a: Vaporeon|66\/100\n|cant|p2a: Vaporeon|flinch\n|\n|-heal|p2a: Vaporeon|72\/100|[from] item: Leftovers\n|-damage|p1a: Noivern-Sevii|82\/100 tox|[from] psn\n|upkeep\n|turn|12\n|\n|t:|1699033477\n|move|p1a: Noivern-Sevii|Rock Slide|p2a: Vaporeon\n|-damage|p2a: Vaporeon|35\/100\n|move|p2a: Vaporeon|Wish|p2a: Vaporeon\n|\n|-heal|p2a: Vaporeon|41\/100|[from] item: Leftovers\n|-damage|p1a: Noivern-Sevii|64\/100 tox|[from] psn\n|upkeep\n|turn|13\n|\n|t:|1699033483\n|move|p2a: Vaporeon|Protect|p2a: Vaporeon\n|-singleturn|p2a: Vaporeon|Protect\n|move|p1a: Noivern-Sevii|Rock Slide|p2a: Vaporeon\n|-activate|p2a: Vaporeon|move: Protect\n|\n|-heal|p2a: Vaporeon|91\/100|[from] move: Wish|[wisher] Vaporeon\n|-heal|p2a: Vaporeon|97\/100|[from] item: Leftovers\n|-damage|p1a: Noivern-Sevii|39\/100 tox|[from] psn\n|upkeep\n|turn|14\n|l| BananenSoep\n|\n|t:|1699033486\n|move|p1a: Noivern-Sevii|Hurricane|p2a: Vaporeon|[miss]\n|-miss|p1a: Noivern-Sevii|p2a: Vaporeon\n|move|p2a: Vaporeon|Flip Turn|p1a: Noivern-Sevii\n|-supereffective|p1a: Noivern-Sevii\n|-crit|p1a: Noivern-Sevii\n|-damage|p1a: Noivern-Sevii|0 fnt\n|faint|p1a: Noivern-Sevii\n|c| Xopas|o7\n|\n|t:|1699033500\n|switch|p2a: Xurkitree|Xurkitree|100\/100|[from] Flip Turn\n|\n|upkeep\n|\n|t:|1699033504\n|switch|p1a: Typhlosion|Typhlosion-Hisui, M|100\/100\n|turn|15\n|\n|t:|1699033515\n|move|p1a: Typhlosion|Eruption|p2a: Xurkitree\n|-damage|p2a: Xurkitree|0 fnt\n|faint|p2a: Xurkitree\n|\n|upkeep\n|\n|t:|1699033518\n|switch|p2a: Vaporeon|Vaporeon, F|97\/100\n|turn|16\n|\n|t:|1699033524\n|switch|p1a: Walking Wake|Walking Wake|62\/100 tox\n|move|p2a: Vaporeon|Flip Turn|p1a: Walking Wake\n|-resisted|p1a: Walking Wake\n|-damage|p1a: Walking Wake|59\/100 tox\n|\n|t:|1699033528\n|switch|p2a: Gallade|Gallade, M|100\/100|[from] Flip Turn\n|\n|-damage|p1a: Walking Wake|52\/100 tox|[from] psn\n|upkeep\n|turn|17\n|\n|t:|1699033534\n|detailschange|p2a: Gallade|Gallade-Mega, M\n|-mega|p2a: Gallade|Gallade|Galladite\n|move|p1a: Walking Wake|Hydro Steam|p2a: Gallade\n|-damage|p2a: Gallade|46\/100\n|-damage|p1a: Walking Wake|43\/100 tox|[from] item: Life Orb\n|move|p2a: Gallade|Psycho Cut|p1a: Walking Wake\n|-damage|p1a: Walking Wake|0 fnt\n|faint|p1a: Walking Wake\n|-end|p1a: Walking Wake|Protosynthesis|[silent]\n|\n|upkeep\n|\n|t:|1699033540\n|switch|p1a: Torkoal|Torkoal, F|100\/100\n|-weather|SunnyDay|[from] ability: Drought|[of] p1a: Torkoal\n|turn|18\n|\n|t:|1699033557\n|move|p2a: Gallade|Sacred Sword|p1a: Torkoal\n|-damage|p1a: Torkoal|36\/100\n|move|p1a: Torkoal|Gyro Ball|p2a: Gallade\n|-damage|p2a: Gallade|8\/100\n|\n|-weather|SunnyDay|[upkeep]\n|upkeep\n|turn|19\n|\n|t:|1699033567\n|move|p2a: Gallade|Psycho Cut|p1a: Torkoal\n|-crit|p1a: Torkoal\n|-damage|p1a: Torkoal|0 fnt\n|faint|p1a: Torkoal\n|\n|-weather|SunnyDay|[upkeep]\n|upkeep\n|\n|t:|1699033569\n|switch|p1a: Typhlosion|Typhlosion-Hisui, M|100\/100\n|turn|20\n|\n|t:|1699033582\n|move|p2a: Gallade|Shadow Sneak|p1a: Typhlosion\n|-supereffective|p1a: Typhlosion\n|-damage|p1a: Typhlosion|46\/100\n|move|p1a: Typhlosion|Shadow Ball|p2a: Gallade\n|-supereffective|p2a: Gallade\n|-damage|p2a: Gallade|0 fnt\n|faint|p2a: Gallade\n|\n|-weather|SunnyDay|[upkeep]\n|upkeep\n|\n|t:|1699033588\n|switch|p2a: Milotic|Milotic-Sevii, M|100\/100\n|turn|21\n|\n|t:|1699033592\n|move|p1a: Typhlosion|Shadow Ball|p2a: Milotic\n|-damage|p2a: Milotic|73\/100\n|move|p2a: Milotic|Earth Power|p1a: Typhlosion\n|-supereffective|p1a: Typhlosion\n|-damage|p1a: Typhlosion|0 fnt\n|faint|p1a: Typhlosion\n|\n|win|Monkemaniac323\n|c|\u2606Monkemaniac323|Gg\n|c|\u2606Finalcrew15|Gg\n|l|\u2606Finalcrew15\n","uploadtime":1699033609,"views":24,"p1id":"finalcrew15","p2id":"monkemaniac323","formatid":"gen9ubers","rating":0,"private":0,"password":""}