{"id":"radicalred-gen9ubers-539348","p1":"AugSaas","p2":"HamletInRl","format":"[Gen 9] Ubers","log":"|j|\u2606AugSaas\n|j|\u2606HamletInRl\n|t:|1698601321\n|gametype|singles\n|player|p1|AugSaas|rr-victini|\n|player|p2|HamletInRl|rr-tapukoko|\n|teamsize|p1|6\n|teamsize|p2|6\n|gen|9\n|tier|[Gen 9] Ubers\n|rule|Sleep Clause Mod: Limit one foe put to sleep\n|rule|Species Clause: Limit one of each Pok\u00e9mon\n|rule|OHKO Clause: OHKO moves are banned\n|rule|Evasion Abilities Clause: Evasion abilities are banned\n|rule|Evasion Items Clause: Evasion items are banned\n|rule|Evasion Moves Clause: Evasion moves are banned\n|rule|Endless Battle Clause: Forcing endless battles is banned\n|rule|HP Percentage Mod: HP is shown in percentages\n|rule|Dynamax Clause: You cannot dynamax\n|rule|Mega Rayquaza Clause: You cannot mega evolve Rayquaza\n|clearpoke\n|poke|p1|Centiskorch-Sevii, M|\n|poke|p1|Milotic-Sevii, F|\n|poke|p1|Koraidon|\n|poke|p1|Carnivine-Sevii, F|\n|poke|p1|Noivern-Sevii, F|\n|poke|p1|Wishiwashi-Sevii, M|\n|poke|p2|Mewtwo|\n|poke|p2|Zapdos|\n|poke|p2|Clefable, M|\n|poke|p2|Gengar, M|\n|poke|p2|Pikachu-Rock-Star, F|\n|poke|p2|Chansey, F|\n|teampreview\n|inactive|Battle timer is ON: inactive players will automatically lose when time's up. (requested by AugSaas)\n|\n|t:|1698601342\n|start\n|switch|p1a: Koraidon|Koraidon|100\/100\n|switch|p2a: Pikachu|Pikachu-Rock-Star, F|100\/100\n|-weather|SunnyDay|[from] ability: Orichalcum Pulse|[of] p1a: Koraidon\n|-activate|p1a: Koraidon|Orichalcum Pulse|[source]\n|turn|1\n|\n|t:|1698601349\n|switch|p2a: Zapdos|Zapdos|100\/100\n|move|p1a: Koraidon|Flare Blitz|p2a: Zapdos\n|-damage|p2a: Zapdos|43\/100\n|-status|p1a: Koraidon|par|[from] ability: Static|[of] p2a: Zapdos\n|-damage|p1a: Koraidon|79\/100 par|[from] Recoil\n|\n|-weather|SunnyDay|[upkeep]\n|upkeep\n|turn|2\n|c|\u2606AugSaas|fodeu\n|\n|t:|1698601359\n|move|p1a: Koraidon|Flare Blitz|p2a: Zapdos\n|-damage|p2a: Zapdos|0 fnt\n|faint|p2a: Zapdos\n|-damage|p1a: Koraidon|64\/100 par|[from] Recoil\n|\n|-weather|SunnyDay|[upkeep]\n|upkeep\n|c|\u2606HamletInRl|oxi\n|c|\u2606HamletInRl|Scarf\n|c|\u2606HamletInRl|?\n|\n|t:|1698601370\n|switch|p2a: Mewtwo|Mewtwo|100\/100\n|-ability|p2a: Mewtwo|Pressure\n|turn|3\n|c|\u2606AugSaas|zapdos defensivo?\n|c|\u2606HamletInRl|U\u00e9\n|\n|t:|1698601378\n|switch|p1a: Noivern-Sevii|Noivern-Sevii, F|100\/100\n|detailschange|p2a: Mewtwo|Mewtwo-Mega-X\n|-mega|p2a: Mewtwo|Mewtwo|Mewtwonite X\n|move|p2a: Mewtwo|Zen Headbutt|p1a: Noivern-Sevii\n|-damage|p1a: Noivern-Sevii|21\/100\n|\n|-weather|SunnyDay|[upkeep]\n|upkeep\n|turn|4\n|c|\u2606HamletInRl|Todo zapdos \u00e9 defensivo\n|c|\u2606AugSaas|prr\n|\n|t:|1698601386\n|move|p2a: Mewtwo|Ice Punch|p1a: Noivern-Sevii\n|-damage|p1a: Noivern-Sevii|0 fnt\n|faint|p1a: Noivern-Sevii\n|\n|-weather|SunnyDay|[upkeep]\n|upkeep\n|c|\u2606AugSaas|tem zapdos rapido\n|c|\u2606AugSaas|mas s\u00f3 em chuva\n|\n|t:|1698601398\n|switch|p1a: Wishiwashi|Wishiwashi-Sevii, M|100\/100\n|-formechange|p1a: Wishiwashi|Wishiwashi-Sevii-School||[from] ability: Schooling\n|turn|5\n|\n|t:|1698601410\n|move|p2a: Mewtwo|Bulk Up|p2a: Mewtwo\n|-boost|p2a: Mewtwo|atk|1\n|-boost|p2a: Mewtwo|def|1\n|move|p1a: Wishiwashi|Dragon Hammer|p2a: Mewtwo\n|-damage|p2a: Mewtwo|60\/100\n|\n|-weather|none\n|upkeep\n|turn|6\n|\n|t:|1698601413\n|move|p2a: Mewtwo|Ice Punch|p1a: Wishiwashi\n|-supereffective|p1a: Wishiwashi\n|-damage|p1a: Wishiwashi|7\/100\n|-status|p1a: Wishiwashi|frz\n|-enditem|p1a: Wishiwashi|Sitrus Berry|[eat]\n|-heal|p1a: Wishiwashi|32\/100 frz|[from] item: Sitrus Berry\n|move|p1a: Wishiwashi|Poltergeist|p2a: Mewtwo\n|-activate|p2a: Mewtwo|move: Poltergeist|Mewtwonite X\n|-supereffective|p2a: Mewtwo\n|-damage|p2a: Mewtwo|0 fnt\n|faint|p2a: Mewtwo\n|\n|-damage|p1a: Wishiwashi|25\/100 frz|[from] frz\n|-formechange|p1a: Wishiwashi|Wishiwashi-Sevii||[from] ability: Schooling\n|upkeep\n|c|\u2606AugSaas|puts\n|c|\u2606HamletInRl|Oxi\n|c|\u2606HamletInRl|Freezou n freezou\n|c|\u2606HamletInRl|A\n|c|\u2606AugSaas|rr\n|c|\u2606HamletInRl|Esqueci q freeze no rr \u00e9 bad\n|\n|t:|1698601439\n|switch|p2a: Clefable|Clefable, M|100\/100\n|turn|7\n|\n|t:|1698601445\n|move|p2a: Clefable|Calm Mind|p2a: Clefable\n|-boost|p2a: Clefable|spa|1\n|-boost|p2a: Clefable|spd|1\n|move|p1a: Wishiwashi|Poltergeist|p2a: Clefable\n|-activate|p2a: Clefable|move: Poltergeist|Life Orb\n|-damage|p2a: Clefable|71\/100\n|\n|-damage|p1a: Wishiwashi|19\/100 frz|[from] frz\n|upkeep\n|turn|8\n|\n|t:|1698601464\n|switch|p1a: Centiskorch|Centiskorch-Sevii, M|100\/100\n|move|p2a: Clefable|Soft-Boiled|p2a: Clefable\n|-heal|p2a: Clefable|100\/100\n|\n|upkeep\n|turn|9\n|\n|t:|1698601470\n|detailschange|p1a: Centiskorch|Centiskorch-Sevii-Mega, M\n|-mega|p1a: Centiskorch|Centiskorch|Centiskite Sevii\n|move|p1a: Centiskorch|Earthquake|p2a: Clefable\n|-damage|p2a: Clefable|39\/100\n|move|p2a: Clefable|Flamethrower|p1a: Centiskorch\n|-supereffective|p1a: Centiskorch\n|-damage|p1a: Centiskorch|4\/100\n|\n|upkeep\n|turn|10\n|c|\u2606AugSaas|NICE\n|c|\u2606HamletInRl|SOU  BURRO\n|c|\u2606HamletInRl|ERA PRA SER LIGHT\n|c|\u2606HamletInRl|KKSKEKEKEKEKE\n|c|\u2606HamletInRl|Ganhou por hax\n|c|\u2606HamletInRl|Pq foi roll\n|c|\u2606HamletInRl|Lore\n|\n|t:|1698601493\n|move|p1a: Centiskorch|Earthquake|p2a: Clefable\n|-damage|p2a: Clefable|0 fnt\n|faint|p2a: Clefable\n|\n|upkeep\n|c|\u2606HamletInRl|E na do wishiwashi tb\n|c|\u2606HamletInRl|Lore\n|\n|t:|1698601500\n|switch|p2a: Pikachu|Pikachu-Rock-Star, F|100\/100\n|turn|11\n|\n|t:|1698601505\n|switch|p1a: Wishiwashi|Wishiwashi-Sevii, M|19\/100 frz\n|move|p2a: Pikachu|Extreme Speed|p1a: Wishiwashi\n|-immune|p1a: Wishiwashi\n|\n|-damage|p1a: Wishiwashi|13\/100 frz|[from] frz\n|upkeep\n|turn|12\n|\n|t:|1698601508\n|move|p1a: Wishiwashi|Shadow Sneak|p2a: Pikachu\n|-damage|p2a: Pikachu|69\/100\n|move|p2a: Pikachu|Iron Head|p1a: Wishiwashi\n|-damage|p1a: Wishiwashi|0 fnt\n|faint|p1a: Wishiwashi\n|\n|upkeep\n|\n|t:|1698601520\n|switch|p1a: Milotic|Milotic-Sevii, F|100\/100\n|turn|13\n|\n|t:|1698601523\n|move|p2a: Pikachu|Iron Head|p1a: Milotic\n|-supereffective|p1a: Milotic\n|-damage|p1a: Milotic|7\/100\n|cant|p1a: Milotic|flinch\n|\n|-heal|p1a: Milotic|13\/100|[from] item: Leftovers\n|upkeep\n|turn|14\n|c|\u2606AugSaas|prr\n|\n|t:|1698601532\n|move|p2a: Pikachu|Iron Head|p1a: Milotic\n|-supereffective|p1a: Milotic\n|-damage|p1a: Milotic|0 fnt\n|faint|p1a: Milotic\n|\n|upkeep\n|\n|t:|1698601539\n|switch|p1a: Koraidon|Koraidon|64\/100 par\n|-weather|SunnyDay|[from] ability: Orichalcum Pulse|[of] p1a: Koraidon\n|-activate|p1a: Koraidon|Orichalcum Pulse|[source]\n|turn|15\n|\n|t:|1698601542\n|switch|p2a: Chansey|Chansey, F|100\/100\n|move|p1a: Koraidon|Collision Course|p2a: Chansey\n|-supereffective|p2a: Chansey\n|-damage|p2a: Chansey|0 fnt\n|faint|p2a: Chansey\n|\n|-weather|SunnyDay|[upkeep]\n|upkeep\n|\n|t:|1698601545\n|switch|p2a: Gengar|Gengar, M|100\/100\n|turn|16\n|\n|t:|1698601549\n|switch|p1a: Carnivine|Carnivine-Sevii, F|100\/100\n|move|p2a: Gengar|Shadow Ball|p1a: Carnivine\n|-damage|p1a: Carnivine|31\/100\n|\n|-weather|SunnyDay|[upkeep]\n|-heal|p1a: Carnivine|37\/100|[from] item: Black Sludge\n|upkeep\n|turn|17\n|\n|t:|1698601553\n|move|p2a: Gengar|Shadow Ball|p1a: Carnivine\n|-damage|p1a: Carnivine|0 fnt\n|faint|p1a: Carnivine\n|\n|-weather|SunnyDay|[upkeep]\n|upkeep\n|\n|t:|1698601557\n|switch|p1a: Centiskorch|Centiskorch-Sevii-Mega, M|4\/100\n|turn|18\n|c|\u2606AugSaas|tomei\n|c|\u2606HamletInRl|Pikachu \u00e9 o goat\n|c|\u2606AugSaas|qm q deu levitate pra esse bixo\n|c|\u2606HamletInRl|Kkkkkkkkk\n|\n|t:|1698601583\n|move|p1a: Centiskorch|Stone Edge|p2a: Gengar\n|-damage|p2a: Gengar|18\/100\n|move|p2a: Gengar|Shadow Ball|p1a: Centiskorch\n|-damage|p1a: Centiskorch|0 fnt\n|faint|p1a: Centiskorch\n|\n|-weather|SunnyDay|[upkeep]\n|upkeep\n|\n|t:|1698601586\n|switch|p1a: Koraidon|Koraidon|64\/100 par\n|-activate|p1a: Koraidon|ability: Orichalcum Pulse\n|turn|19\n|\n|t:|1698601590\n|move|p2a: Gengar|Shadow Ball|p1a: Koraidon\n|-damage|p1a: Koraidon|4\/100 par\n|move|p1a: Koraidon|Flare Blitz|p2a: Gengar\n|-damage|p2a: Gengar|0 fnt\n|faint|p2a: Gengar\n|-damage|p1a: Koraidon|0 fnt|[from] Recoil\n|faint|p1a: Koraidon\n|\n|win|HamletInRl\n|l|\u2606HamletInRl\n","uploadtime":1698601597,"views":10,"p1id":"augsaas","p2id":"hamletinrl","formatid":"gen9ubers","rating":0,"private":0,"password":""}