{"id":"radicalred-gen9ubers-532080","p1":"Ivancuervo2007","p2":"axelzzz09","format":"[Gen 9] Ubers","log":"|j|\u2606Ivancuervo2007\n|j|\u2606axelzzz09\n|t:|1697482107\n|gametype|singles\n|player|p1|Ivancuervo2007|rr-houndoommega|\n|player|p2|axelzzz09|rr-lucariomega|\n|teamsize|p1|6\n|teamsize|p2|6\n|gen|9\n|tier|[Gen 9] Ubers\n|rule|Sleep Clause Mod: Limit one foe put to sleep\n|rule|Species Clause: Limit one of each Pok\u00e9mon\n|rule|OHKO Clause: OHKO moves are banned\n|rule|Evasion Abilities Clause: Evasion abilities are banned\n|rule|Evasion Items Clause: Evasion items are banned\n|rule|Evasion Moves Clause: Evasion moves are banned\n|rule|Endless Battle Clause: Forcing endless battles is banned\n|rule|HP Percentage Mod: HP is shown in percentages\n|rule|Dynamax Clause: You cannot dynamax\n|rule|Mega Rayquaza Clause: You cannot mega evolve Rayquaza\n|clearpoke\n|poke|p1|Pidgeot, M|\n|poke|p1|Kingambit, M|\n|poke|p1|Dragapult, F|\n|poke|p1|Gholdengo|\n|poke|p1|Typhlosion, F|\n|poke|p1|Sirfetch\u2019d, M|\n|poke|p2|Kangaskhan, F|\n|poke|p2|Iron Hands|\n|poke|p2|Blaziken, M|\n|poke|p2|Ursaluna, M|\n|poke|p2|Bewear, F|\n|poke|p2|Annihilape, F|\n|teampreview\n|\n|t:|1697482139\n|start\n|switch|p1a: gogettos|Pidgeot, M|100\/100\n|switch|p2a: Ursaluna|Ursaluna, M|100\/100\n|turn|1\n|\n|t:|1697482147\n|detailschange|p1a: gogettos|Pidgeot-Mega, M\n|-mega|p1a: gogettos|Pidgeot|Pidgeotite\n|move|p1a: gogettos|Focus Blast|p2a: Ursaluna\n|-immune|p2a: Ursaluna|[from] ability: Bulletproof\n|move|p2a: Ursaluna|Swords Dance|p2a: Ursaluna\n|-boost|p2a: Ursaluna|atk|2\n|\n|-status|p2a: Ursaluna|brn|[from] item: Flame Orb\n|upkeep\n|turn|2\n|\n|t:|1697482161\n|move|p1a: gogettos|Hurricane|p2a: Ursaluna\n|-damage|p2a: Ursaluna|59\/100 brn\n|-start|p2a: Ursaluna|confusion\n|-activate|p2a: Ursaluna|confusion\n|-damage|p2a: Ursaluna|43\/100 brn|[from] confusion\n|\n|-damage|p2a: Ursaluna|37\/100 brn|[from] brn\n|upkeep\n|turn|3\n|\n|t:|1697482170\n|move|p1a: gogettos|Hurricane|p2a: Ursaluna\n|-damage|p2a: Ursaluna|0 fnt\n|faint|p2a: Ursaluna\n|\n|upkeep\n|c|\u2606axelzzz09|xd se me olvido quitarle el orbe\n|\n|t:|1697482199\n|switch|p2a: Bewear|Bewear, F|100\/100\n|turn|4\n|\n|t:|1697482205\n|move|p1a: gogettos|Hurricane|p2a: Bewear\n|-supereffective|p2a: Bewear\n|-damage|p2a: Bewear|0 fnt\n|faint|p2a: Bewear\n|\n|upkeep\n|\n|t:|1697482220\n|switch|p2a: Kangaskhan|Kangaskhan, F|100\/100\n|turn|5\n|\n|t:|1697482227\n|detailschange|p2a: Kangaskhan|Kangaskhan-Mega, F\n|-mega|p2a: Kangaskhan|Kangaskhan|Kangaskhanite\n|move|p1a: gogettos|Focus Blast|p2a: Kangaskhan\n|-supereffective|p2a: Kangaskhan\n|-damage|p2a: Kangaskhan|40\/100\n|move|p2a: Kangaskhan|Fire Punch|p1a: gogettos\n|-damage|p1a: gogettos|69\/100\n|-status|p1a: gogettos|brn\n|-damage|p1a: gogettos|61\/100 brn\n|-hitcount|p1a: gogettos|2\n|\n|-damage|p1a: gogettos|55\/100 brn|[from] brn\n|upkeep\n|turn|6\n|\n|t:|1697482240\n|move|p1a: gogettos|Hurricane|p2a: Kangaskhan\n|-damage|p2a: Kangaskhan|0 fnt\n|faint|p2a: Kangaskhan\n|\n|-damage|p1a: gogettos|49\/100 brn|[from] brn\n|upkeep\n|\n|t:|1697482247\n|switch|p2a: Iron Hands|Iron Hands|100\/100\n|turn|7\n|\n|t:|1697482253\n|move|p1a: gogettos|Hurricane|p2a: Iron Hands\n|-damage|p2a: Iron Hands|52\/100\n|-start|p2a: Iron Hands|confusion\n|-activate|p2a: Iron Hands|confusion\n|move|p2a: Iron Hands|Swords Dance|p2a: Iron Hands\n|-boost|p2a: Iron Hands|atk|2\n|\n|-heal|p2a: Iron Hands|58\/100|[from] item: Leftovers\n|-damage|p1a: gogettos|43\/100 brn|[from] brn\n|upkeep\n|turn|8\n|\n|t:|1697482266\n|move|p1a: gogettos|Hyper Voice|p2a: Iron Hands\n|-damage|p2a: Iron Hands|19\/100\n|-end|p2a: Iron Hands|confusion\n|move|p2a: Iron Hands|Thunder Punch|p1a: gogettos\n|-supereffective|p1a: gogettos\n|-damage|p1a: gogettos|0 fnt\n|faint|p1a: gogettos\n|\n|-heal|p2a: Iron Hands|25\/100|[from] item: Leftovers\n|upkeep\n|\n|t:|1697482273\n|switch|p1a: Arthur|Sirfetch\u2019d, M|100\/100\n|turn|9\n|\n|t:|1697482283\n|move|p1a: Arthur|Drill Run|p2a: Iron Hands\n|-supereffective|p2a: Iron Hands\n|-crit|p2a: Iron Hands\n|-damage|p2a: Iron Hands|0 fnt\n|faint|p2a: Iron Hands\n|-end|p2a: Iron Hands|Quark Drive|[silent]\n|\n|upkeep\n|\n|t:|1697482289\n|switch|p2a: Annihilape|Annihilape, F|100\/100\n|turn|10\n|\n|t:|1697482298\n|move|p2a: Annihilape|Earthquake|p1a: Arthur\n|-damage|p1a: Arthur|74\/100\n|move|p1a: Arthur|Leaf Blade|p2a: Annihilape\n|-crit|p2a: Annihilape\n|-damage|p2a: Annihilape|38\/100\n|\n|upkeep\n|turn|11\n|\n|t:|1697482310\n|move|p2a: Annihilape|Drain Punch|p1a: Arthur\n|-damage|p1a: Arthur|47\/100\n|-heal|p2a: Annihilape|50\/100|[from] drain|[of] p1a: Arthur\n|move|p1a: Arthur|Leaf Blade|p2a: Annihilape\n|-crit|p2a: Annihilape\n|-damage|p2a: Annihilape|0 fnt\n|faint|p2a: Annihilape\n|\n|upkeep\n|c|\u2606axelzzz09|xd porque siempre tiene crit?\n|\n|t:|1697482329\n|switch|p2a: Blaziken|Blaziken, M|100\/100\n|turn|12\n|\n|t:|1697482338\n|move|p2a: Blaziken|Blaze Kick|p1a: Arthur\n|-damage|p1a: Arthur|12\/100\n|-status|p1a: Arthur|brn\n|move|p1a: Arthur|Meteor Assault|p2a: Blaziken\n|-crit|p2a: Blaziken\n|-damage|p2a: Blaziken|26\/100\n|-status|p2a: Blaziken|par\n|-mustrecharge|p1a: Arthur\n|\n|-heal|p2a: Blaziken|32\/100 par|[from] item: Leftovers\n|-damage|p1a: Arthur|6\/100 brn|[from] brn\n|-ability|p2a: Blaziken|Speed Boost|boost\n|-boost|p2a: Blaziken|spe|1\n|upkeep\n|turn|13\n|c|\u2606axelzzz09|xddddddddd\n|\n|t:|1697482351\n|cant|p1a: Arthur|recharge\n|move|p2a: Blaziken|Blaze Kick|p1a: Arthur\n|-damage|p1a: Arthur|0 fnt\n|faint|p1a: Arthur\n|\n|-heal|p2a: Blaziken|38\/100 par|[from] item: Leftovers\n|-ability|p2a: Blaziken|Speed Boost|boost\n|-boost|p2a: Blaziken|spe|1\n|upkeep\n|\n|t:|1697482357\n|switch|p1a: eruptiodona|Typhlosion, F, shiny|100\/100\n|turn|14\n|\n|t:|1697482366\n|move|p1a: eruptiodona|Eruption|p2a: Blaziken\n|-resisted|p2a: Blaziken\n|-damage|p2a: Blaziken|0 fnt\n|faint|p2a: Blaziken\n|\n|win|Ivancuervo2007\n|l|\u2606axelzzz09\n","uploadtime":1697482377,"views":8,"p1id":"ivancuervo2007","p2id":"axelzzz09","formatid":"gen9ubers","rating":0,"private":0,"password":""}