{"id":"radicalred-gen9ubers-539007","p1":"Th3Fri3dChick3n","p2":"Xopas","format":"[Gen 9] Ubers","log":"|j|\u2606Th3Fri3dChick3n\n|j|\u2606Xopas\n|t:|1698525669\n|gametype|singles\n|player|p1|Th3Fri3dChick3n|1|\n|player|p2|Xopas|rr-tapubulu|\n|teamsize|p1|6\n|teamsize|p2|6\n|gen|9\n|tier|[Gen 9] Ubers\n|rule|Sleep Clause Mod: Limit one foe put to sleep\n|rule|Species Clause: Limit one of each Pok\u00e9mon\n|rule|OHKO Clause: OHKO moves are banned\n|rule|Evasion Abilities Clause: Evasion abilities are banned\n|rule|Evasion Items Clause: Evasion items are banned\n|rule|Evasion Moves Clause: Evasion moves are banned\n|rule|Endless Battle Clause: Forcing endless battles is banned\n|rule|HP Percentage Mod: HP is shown in percentages\n|rule|Dynamax Clause: You cannot dynamax\n|rule|Mega Rayquaza Clause: You cannot mega evolve Rayquaza\n|clearpoke\n|poke|p1|Magearna|\n|poke|p1|Terrakion|\n|poke|p1|Decidueye, F|\n|poke|p1|Samurott-Hisui, F|\n|poke|p1|Sandaconda, F|\n|poke|p1|Naganadel|\n|poke|p2|Cofagrigus, M|\n|poke|p2|Rotom-Wash|\n|poke|p2|Chien-Pao|\n|poke|p2|Tapu Bulu|\n|poke|p2|Zamazenta-*|\n|poke|p2|Heatran, F|\n|teampreview\n|c|\u2606Th3Fri3dChick3n|glhf\n|c|\u2606Xopas|Glhf\n|\n|t:|1698525728\n|start\n|switch|p1a: Decidueye|Decidueye, F|100\/100\n|switch|p2a: Rotom|Rotom-Wash|100\/100\n|turn|1\n|\n|t:|1698525750\n|switch|p2a: Cofagrigus|Cofagrigus, M|100\/100\n|move|p1a: Decidueye|U-turn|p2a: Cofagrigus\n|-resisted|p2a: Cofagrigus\n|-damage|p2a: Cofagrigus|93\/100\n|\n|t:|1698525794\n|switch|p1a: Magearna|Magearna|100\/100|[from] U-turn\n|\n|-heal|p2a: Cofagrigus|99\/100|[from] item: Leftovers\n|upkeep\n|turn|2\n|\n|t:|1698525804\n|switch|p2a: Heatran|Heatran, F|100\/100\n|move|p1a: Magearna|Dazzling Gleam|p2a: Heatran\n|-resisted|p2a: Heatran\n|-damage|p2a: Heatran|94\/100\n|\n|-heal|p2a: Heatran|99\/100|[from] item: Leftovers\n|upkeep\n|turn|3\n|\n|t:|1698525876\n|switch|p1a: Samurott|Samurott-Hisui, F|100\/100\n|move|p2a: Heatran|Stealth Rock|p1a: Samurott\n|-sidestart|p1: Th3Fri3dChick3n|move: Stealth Rock\n|\n|-heal|p2a: Heatran|100\/100|[from] item: Leftovers\n|upkeep\n|turn|4\n|\n|t:|1698525900\n|switch|p2a: Tapu Bulu|Tapu Bulu|100\/100\n|-fieldstart|move: Grassy Terrain|[from] ability: Grassy Surge|[of] p2a: Tapu Bulu\n|move|p1a: Samurott|Ceaseless Edge|p2a: Tapu Bulu\n|-resisted|p2a: Tapu Bulu\n|-damage|p2a: Tapu Bulu|74\/100\n|-sidestart|p2: Xopas|Spikes\n|\n|-heal|p2a: Tapu Bulu|80\/100|[from] Grassy Terrain\n|upkeep\n|turn|5\n|\n|t:|1698525916\n|switch|p1a: Naganadel|Naganadel|100\/100\n|-damage|p1a: Naganadel|88\/100|[from] Stealth Rock\n|move|p2a: Tapu Bulu|High Horsepower|p1a: Naganadel\n|-supereffective|p1a: Naganadel\n|-damage|p1a: Naganadel|0 fnt\n|faint|p1a: Naganadel\n|\n|-heal|p2a: Tapu Bulu|86\/100|[from] Grassy Terrain\n|upkeep\n|\n|t:|1698525992\n|switch|p1a: Magearna|Magearna|100\/100\n|-damage|p1a: Magearna|94\/100|[from] Stealth Rock\n|turn|6\n|\n|t:|1698526003\n|switch|p2a: Heatran|Heatran, F|100\/100\n|-damage|p2a: Heatran|88\/100|[from] Spikes\n|move|p1a: Magearna|Focus Blast|p2a: Heatran\n|-supereffective|p2a: Heatran\n|-damage|p2a: Heatran|35\/100\n|\n|-heal|p2a: Heatran|41\/100|[from] Grassy Terrain\n|-heal|p2a: Heatran|47\/100|[from] item: Leftovers\n|-heal|p1a: Magearna|100\/100|[from] Grassy Terrain\n|upkeep\n|turn|7\n|\n|t:|1698526021\n|switch|p2a: Cofagrigus|Cofagrigus, M|99\/100\n|-damage|p2a: Cofagrigus|87\/100|[from] Spikes\n|move|p1a: Magearna|Focus Blast|p2a: Cofagrigus\n|-immune|p2a: Cofagrigus\n|\n|-heal|p2a: Cofagrigus|93\/100|[from] Grassy Terrain\n|-heal|p2a: Cofagrigus|99\/100|[from] item: Leftovers\n|upkeep\n|turn|8\n|\n|t:|1698526028\n|move|p1a: Magearna|Volt Switch|p2a: Cofagrigus\n|-damage|p2a: Cofagrigus|79\/100\n|\n|t:|1698526035\n|switch|p1a: Decidueye|Decidueye, F|100\/100|[from] Volt Switch\n|move|p2a: Cofagrigus|Will-O-Wisp|p1a: Decidueye\n|-status|p1a: Decidueye|brn\n|\n|-heal|p2a: Cofagrigus|85\/100|[from] Grassy Terrain\n|-heal|p2a: Cofagrigus|92\/100|[from] item: Leftovers\n|-damage|p1a: Decidueye|94\/100 brn|[from] brn\n|-fieldend|move: Grassy Terrain\n|upkeep\n|turn|9\n|\n|t:|1698526049\n|move|p1a: Decidueye|U-turn|p2a: Cofagrigus\n|-resisted|p2a: Cofagrigus\n|-damage|p2a: Cofagrigus|85\/100\n|\n|t:|1698526053\n|switch|p1a: Magearna|Magearna|100\/100|[from] U-turn\n|-damage|p1a: Magearna|94\/100|[from] Stealth Rock\n|move|p2a: Cofagrigus|Shadow Ball|p1a: Magearna\n|-damage|p1a: Magearna|69\/100\n|-unboost|p1a: Magearna|spd|1\n|\n|-heal|p1a: Magearna|75\/100|[from] item: Leftovers\n|-heal|p2a: Cofagrigus|92\/100|[from] item: Leftovers\n|upkeep\n|turn|10\n|\n|t:|1698526060\n|move|p1a: Magearna|Volt Switch|p2a: Cofagrigus\n|-damage|p2a: Cofagrigus|72\/100\n|\n|t:|1698526084\n|switch|p1a: Samurott|Samurott-Hisui, F|100\/100|[from] Volt Switch\n|-damage|p1a: Samurott|88\/100|[from] Stealth Rock\n|move|p2a: Cofagrigus|Will-O-Wisp|p1a: Samurott\n|-status|p1a: Samurott|brn\n|\n|-heal|p2a: Cofagrigus|78\/100|[from] item: Leftovers\n|-damage|p1a: Samurott|82\/100 brn|[from] brn\n|upkeep\n|turn|11\n|\n|t:|1698526108\n|switch|p1a: Decidueye|Decidueye, F|94\/100 brn\n|switch|p2a: Zamazenta|Zamazenta-Crowned|100\/100\n|-damage|p2a: Zamazenta|88\/100|[from] Spikes\n|-ability|p2a: Zamazenta|Dauntless Shield|boost\n|-boost|p2a: Zamazenta|def|1\n|\n|-damage|p1a: Decidueye|88\/100 brn|[from] brn\n|upkeep\n|turn|12\n|\n|t:|1698526118\n|move|p2a: Zamazenta|Bulk Up|p2a: Zamazenta\n|-boost|p2a: Zamazenta|atk|1\n|-boost|p2a: Zamazenta|def|1\n|move|p1a: Decidueye|U-turn|p2a: Zamazenta\n|-resisted|p2a: Zamazenta\n|-damage|p2a: Zamazenta|87\/100\n|\n|t:|1698526120\n|switch|p1a: Sandaconda|Sandaconda, F|100\/100|[from] U-turn\n|-damage|p1a: Sandaconda|94\/100|[from] Stealth Rock\n|\n|upkeep\n|turn|13\n|\n|t:|1698526148\n|move|p2a: Zamazenta|Ice Fang|p1a: Sandaconda\n|-supereffective|p1a: Sandaconda\n|-damage|p1a: Sandaconda|49\/100\n|-status|p1a: Sandaconda|frz\n|-weather|Sandstorm|[from] ability: Sand Spit|[of] p1a: Sandaconda\n|move|p1a: Sandaconda|Coil|p1a: Sandaconda\n|-boost|p1a: Sandaconda|atk|1\n|-boost|p1a: Sandaconda|def|1\n|-boost|p1a: Sandaconda|accuracy|1\n|\n|-weather|Sandstorm|[upkeep]\n|-damage|p1a: Sandaconda|43\/100 frz|[from] frz\n|upkeep\n|turn|14\n|c|\u2606Xopas|Huh\n|c|\u2606Th3Fri3dChick3n|frostbite\n|c|\u2606Th3Fri3dChick3n|not freeze\n|c|\u2606Xopas|Oh freezr is different\n|\n|t:|1698526177\n|move|p2a: Zamazenta|Ice Fang|p1a: Sandaconda\n|-supereffective|p1a: Sandaconda\n|-damage|p1a: Sandaconda|9\/100 frz\n|move|p1a: Sandaconda|Earthquake|p2a: Zamazenta\n|-supereffective|p2a: Zamazenta\n|-damage|p2a: Zamazenta|30\/100\n|\n|-weather|Sandstorm|[upkeep]\n|-damage|p1a: Sandaconda|3\/100 frz|[from] frz\n|upkeep\n|turn|15\n|\n|t:|1698526199\n|detailschange|p1a: Sandaconda|Sandaconda-Mega, F\n|-mega|p1a: Sandaconda|Sandaconda|Sandacondite\n|move|p1a: Sandaconda|Quick Attack|p2a: Zamazenta\n|-damage|p2a: Zamazenta|14\/100\n|move|p2a: Zamazenta|Ice Fang|p1a: Sandaconda\n|-supereffective|p1a: Sandaconda\n|-damage|p1a: Sandaconda|0 fnt\n|faint|p1a: Sandaconda\n|\n|-weather|Sandstorm|[upkeep]\n|upkeep\n|\n|t:|1698526206\n|switch|p1a: Terrakion|Terrakion|100\/100\n|-damage|p1a: Terrakion|94\/100|[from] Stealth Rock\n|turn|16\n|\n|t:|1698526261\n|move|p1a: Terrakion|Earthquake|p2a: Zamazenta\n|-supereffective|p2a: Zamazenta\n|-damage|p2a: Zamazenta|0 fnt\n|faint|p2a: Zamazenta\n|\n|-weather|Sandstorm|[upkeep]\n|upkeep\n|\n|t:|1698526267\n|switch|p2a: Tapu Bulu|Tapu Bulu|86\/100\n|-damage|p2a: Tapu Bulu|74\/100|[from] Spikes\n|-fieldstart|move: Grassy Terrain|[from] ability: Grassy Surge|[of] p2a: Tapu Bulu\n|turn|17\n|\n|t:|1698526299\n|switch|p1a: Decidueye|Decidueye, F|88\/100 brn\n|switch|p2a: Cofagrigus|Cofagrigus, M|78\/100\n|-damage|p2a: Cofagrigus|65\/100|[from] Spikes\n|\n|-weather|none\n|-heal|p1a: Decidueye|94\/100 brn|[from] Grassy Terrain\n|-heal|p2a: Cofagrigus|72\/100|[from] Grassy Terrain\n|-heal|p2a: Cofagrigus|78\/100|[from] item: Leftovers\n|-damage|p1a: Decidueye|88\/100 brn|[from] brn\n|upkeep\n|turn|18\n|\n|t:|1698526304\n|move|p1a: Decidueye|Shadow Ball|p2a: Cofagrigus\n|-supereffective|p2a: Cofagrigus\n|-damage|p2a: Cofagrigus|27\/100\n|move|p2a: Cofagrigus|Shadow Ball|p1a: Decidueye\n|-supereffective|p1a: Decidueye\n|-damage|p1a: Decidueye|41\/100 brn\n|\n|-heal|p1a: Decidueye|47\/100 brn|[from] Grassy Terrain\n|-heal|p2a: Cofagrigus|33\/100|[from] Grassy Terrain\n|-heal|p2a: Cofagrigus|39\/100|[from] item: Leftovers\n|-damage|p1a: Decidueye|41\/100 brn|[from] brn\n|upkeep\n|turn|19\n|\n|t:|1698526319\n|switch|p2a: Chien-Pao|Chien-Pao|100\/100\n|-damage|p2a: Chien-Pao|88\/100|[from] Spikes\n|-ability|p2a: Chien-Pao|Sword of Ruin\n|move|p1a: Decidueye|Shadow Ball|p2a: Chien-Pao\n|-resisted|p2a: Chien-Pao\n|-damage|p2a: Chien-Pao|63\/100\n|\n|-heal|p2a: Chien-Pao|69\/100|[from] Grassy Terrain\n|-heal|p1a: Decidueye|47\/100 brn|[from] Grassy Terrain\n|-damage|p1a: Decidueye|41\/100 brn|[from] brn\n|upkeep\n|turn|20\n|\n|t:|1698526325\n|move|p2a: Chien-Pao|Icicle Crash|p1a: Decidueye\n|-supereffective|p1a: Decidueye\n|-damage|p1a: Decidueye|0 fnt\n|faint|p1a: Decidueye\n|\n|-heal|p2a: Chien-Pao|75\/100|[from] Grassy Terrain\n|upkeep\n|\n|t:|1698526335\n|switch|p1a: Magearna|Magearna|75\/100\n|-damage|p1a: Magearna|69\/100|[from] Stealth Rock\n|turn|21\n|\n|t:|1698526342\n|move|p2a: Chien-Pao|Sacred Sword|p1a: Magearna\n|-damage|p1a: Magearna|44\/100\n|move|p1a: Magearna|Dazzling Gleam|p2a: Chien-Pao\n|-supereffective|p2a: Chien-Pao\n|-damage|p2a: Chien-Pao|11\/100\n|\n|-heal|p2a: Chien-Pao|17\/100|[from] Grassy Terrain\n|-heal|p1a: Magearna|50\/100|[from] Grassy Terrain\n|-heal|p1a: Magearna|56\/100|[from] item: Leftovers\n|-fieldend|move: Grassy Terrain\n|upkeep\n|turn|22\n|\n|t:|1698526356\n|move|p2a: Chien-Pao|Sacred Sword|p1a: Magearna\n|-damage|p1a: Magearna|30\/100\n|move|p1a: Magearna|Focus Blast|p2a: Chien-Pao|[miss]\n|-miss|p1a: Magearna|p2a: Chien-Pao\n|\n|-heal|p1a: Magearna|36\/100|[from] item: Leftovers\n|upkeep\n|turn|23\n|\n|t:|1698526360\n|move|p2a: Chien-Pao|Sacred Sword|p1a: Magearna\n|-damage|p1a: Magearna|11\/100\n|move|p1a: Magearna|Dazzling Gleam|p2a: Chien-Pao\n|-supereffective|p2a: Chien-Pao\n|-damage|p2a: Chien-Pao|0 fnt\n|faint|p2a: Chien-Pao\n|-ability|p1a: Magearna|Soul-Heart|boost\n|-boost|p1a: Magearna|spa|1\n|\n|-heal|p1a: Magearna|17\/100|[from] item: Leftovers\n|upkeep\n|\n|t:|1698526366\n|switch|p2a: Rotom|Rotom-Wash|100\/100\n|turn|24\n|j| Toxic Ariados\n|l| Toxic Ariados\n|\n|t:|1698526416\n|move|p2a: Rotom|Hydro Pump|p1a: Magearna\n|-damage|p1a: Magearna|0 fnt\n|faint|p1a: Magearna\n|\n|upkeep\n|\n|t:|1698526419\n|switch|p1a: Samurott|Samurott-Hisui, F|82\/100 brn\n|-damage|p1a: Samurott|70\/100 brn|[from] Stealth Rock\n|turn|25\n|\n|t:|1698526427\n|move|p2a: Rotom|Volt Switch|p1a: Samurott\n|-supereffective|p1a: Samurott\n|-damage|p1a: Samurott|0 fnt\n|faint|p1a: Samurott\n|\n|t:|1698526434\n|switch|p2a: Tapu Bulu|Tapu Bulu|74\/100|[from] Volt Switch\n|-damage|p2a: Tapu Bulu|61\/100|[from] Spikes\n|-fieldstart|move: Grassy Terrain|[from] ability: Grassy Surge|[of] p2a: Tapu Bulu\n|\n|-heal|p2a: Tapu Bulu|67\/100|[from] Grassy Terrain\n|upkeep\n|\n|t:|1698526442\n|switch|p1a: Terrakion|Terrakion|94\/100\n|-damage|p1a: Terrakion|88\/100|[from] Stealth Rock\n|turn|26\n|\n|t:|1698526446\n|move|p2a: Tapu Bulu|Grassy Glide|p1a: Terrakion\n|-supereffective|p1a: Terrakion\n|-damage|p1a: Terrakion|2\/100\n|move|p1a: Terrakion|Stone Edge|p2a: Tapu Bulu\n|-crit|p2a: Tapu Bulu\n|-damage|p2a: Tapu Bulu|0 fnt\n|faint|p2a: Tapu Bulu\n|\n|-heal|p1a: Terrakion|8\/100|[from] Grassy Terrain\n|upkeep\n|c|\u2606Th3Fri3dChick3n|ggs\n|\n|t:|1698526457\n|switch|p2a: Rotom|Rotom-Wash|100\/100\n|turn|27\n|c|\u2606Xopas|Ggs\n|\n|t:|1698526467\n|move|p1a: Terrakion|Stone Edge|p2a: Rotom\n|-damage|p2a: Rotom|19\/100\n|move|p2a: Rotom|Volt Switch|p1a: Terrakion\n|-damage|p1a: Terrakion|0 fnt\n|faint|p1a: Terrakion\n|\n|win|Xopas\n|c|\u2606Xopas|Yea gg\n","uploadtime":1698526486,"views":24,"p1id":"th3fri3dchick3n","p2id":"xopas","formatid":"gen9ubers","rating":0,"private":0,"password":""}