{"id":"radicalred-gen9ubers-549846","p1":"ThisOneZoroark","p2":"Aroma Nobody","format":"[Gen 9] Ubers","log":"|j|\u2606ThisOneZoroark\n|j|\u2606Aroma Nobody\n|t:|1700680935\n|gametype|singles\n|player|p1|ThisOneZoroark|rr-koraidon|\n|player|p2|Aroma Nobody|101|\n|teamsize|p1|6\n|teamsize|p2|6\n|gen|9\n|tier|[Gen 9] Ubers\n|rule|Sleep Clause Mod: Limit one foe put to sleep\n|rule|Species Clause: Limit one of each Pok\u00e9mon\n|rule|OHKO Clause: OHKO moves are banned\n|rule|Evasion Abilities Clause: Evasion abilities are banned\n|rule|Evasion Items Clause: Evasion items are banned\n|rule|Evasion Moves Clause: Evasion moves are banned\n|rule|Endless Battle Clause: Forcing endless battles is banned\n|rule|HP Percentage Mod: HP is shown in percentages\n|rule|Dynamax Clause: You cannot dynamax\n|rule|Mega Rayquaza Clause: You cannot mega evolve Rayquaza\n|clearpoke\n|poke|p1|Koraidon|\n|poke|p1|Groudon|\n|poke|p1|Zacian-*|\n|poke|p1|Arceus|\n|poke|p1|Salamence, M|\n|poke|p1|Calyrex-Shadow|\n|poke|p2|Mewtwo|\n|poke|p2|Slurpuff, L97, F|\n|poke|p2|Groudon|\n|poke|p2|Necrozma-Dusk-Mane|\n|poke|p2|Darmanitan-Galar, F|\n|poke|p2|Shaymin-Sky|\n|teampreview\n|c|\u2606Aroma Nobody|glhf\n|\n|t:|1700680949\n|start\n|switch|p1a: Arceus|Arceus|100\/100\n|switch|p2a: Slurpuff|Slurpuff, L97, F|100\/100\n|turn|1\n|c|\u2606ThisOneZoroark|you as well\n|\n|t:|1700680957\n|move|p1a: Arceus|Swords Dance|p1a: Arceus\n|-boost|p1a: Arceus|atk|2\n|move|p2a: Slurpuff|Sticky Web|p1a: Arceus\n|-sidestart|p1: ThisOneZoroark|move: Sticky Web\n|\n|upkeep\n|turn|2\n|\n|t:|1700680971\n|move|p1a: Arceus|Extreme Speed|p2a: Slurpuff\n|-enditem|p2a: Slurpuff|Focus Sash\n|-damage|p2a: Slurpuff|1\/100\n|move|p2a: Slurpuff|Misty Explosion|p1a: Arceus\n|-damage|p1a: Arceus|52\/100\n|faint|p2a: Slurpuff\n|\n|upkeep\n|\n|t:|1700680984\n|switch|p2a: Necrozma|Necrozma-Dusk-Mane|100\/100\n|turn|3\n|\n|t:|1700680997\n|detailschange|p2a: Necrozma|Necrozma-Ultra\n|-burst|p2a: Necrozma|Necrozma|Ultranecrozium Z\n|move|p2a: Necrozma|Photon Geyser|p1a: Arceus\n|-damage|p1a: Arceus|13\/100\n|move|p1a: Arceus|Shadow Claw|p2a: Necrozma\n|-supereffective|p2a: Necrozma\n|-damage|p2a: Necrozma|0 fnt\n|faint|p2a: Necrozma\n|\n|upkeep\n|\n|t:|1700681008\n|switch|p2a: Shaymin|Shaymin-Sky|100\/100\n|turn|4\n|\n|t:|1700681012\n|move|p1a: Arceus|Extreme Speed|p2a: Shaymin\n|-damage|p2a: Shaymin|0 fnt\n|faint|p2a: Shaymin\n|\n|upkeep\n|\n|t:|1700681015\n|switch|p2a: Mewtwo|Mewtwo|100\/100\n|-ability|p2a: Mewtwo|Pressure\n|turn|5\n|\n|t:|1700681022\n|detailschange|p2a: Mewtwo|Mewtwo-Mega-Y\n|-mega|p2a: Mewtwo|Mewtwo|Mewtwonite Y\n|move|p1a: Arceus|Extreme Speed|p2a: Mewtwo\n|-damage|p2a: Mewtwo|0 fnt\n|faint|p2a: Mewtwo\n|\n|upkeep\n|\n|t:|1700681028\n|switch|p2a: Groudon|Groudon|100\/100\n|detailschange|p2a: Groudon|Groudon-Primal\n|-primal|p2a: Groudon|Red Orb\n|-weather|DesolateLand|[from] ability: Desolate Land|[of] p2a: Groudon\n|turn|6\n|\n|t:|1700681034\n|move|p1a: Arceus|Extreme Speed|p2a: Groudon\n|-damage|p2a: Groudon|29\/100\n|move|p2a: Groudon|Heat Crash|p1a: Arceus\n|-crit|p1a: Arceus\n|-damage|p1a: Arceus|0 fnt\n|faint|p1a: Arceus\n|\n|-weather|DesolateLand|[upkeep]\n|upkeep\n|c|\u2606Aroma Nobody|welp time to sweep with these two\n|\n|t:|1700681045\n|switch|p1a: Salamence|Salamence, M|100\/100\n|-ability|p1a: Salamence|Intimidate|boost\n|-unboost|p2a: Groudon|atk|1\n|turn|7\n|\n|t:|1700681052\n|detailschange|p1a: Salamence|Salamence-Mega, M\n|-mega|p1a: Salamence|Salamence|Salamencite\n|move|p1a: Salamence|Body Slam|p2a: Groudon\n|-damage|p2a: Groudon|0 fnt\n|faint|p2a: Groudon\n|-weather|none\n|\n|upkeep\n|\n|t:|1700681056\n|switch|p2a: Darmanitan|Darmanitan-Galar, F|100\/100\n|-activate|p2a: Darmanitan|ability: Zen Mode\n|detailschange|p2a: Darmanitan|Darmanitan-Galar-Zen, F\n|turn|8\n|\n|t:|1700681064\n|move|p2a: Darmanitan|Ice Hammer|p1a: Salamence\n|-supereffective|p1a: Salamence\n|-damage|p1a: Salamence|0 fnt\n|faint|p1a: Salamence\n|\n|upkeep\n|\n|t:|1700681067\n|switch|p1a: Calyrex|Calyrex-Shadow|100\/100\n|-ability|p1a: Calyrex|As One\n|-ability|p1a: Calyrex|Unnerve\n|-activate|p1a: Calyrex|move: Sticky Web\n|-unboost|p1a: Calyrex|spe|1\n|turn|9\n|\n|t:|1700681092\n|move|p1a: Calyrex|Astral Barrage|p2a: Darmanitan\n|-damage|p2a: Darmanitan|0 fnt\n|faint|p2a: Darmanitan\n|\n|win|ThisOneZoroark\n|c|\u2606ThisOneZoroark|gg\n|c|\u2606Aroma Nobody|gg\n","uploadtime":1700681102,"views":1,"p1id":"thisonezoroark","p2id":"aromanobody","formatid":"gen9ubers","rating":0,"private":0,"password":""}