{"id":"radicalred-gen9ubers-539281","p1":"Cyclizary","p2":"Mr.itch","format":"[Gen 9] Ubers","log":"|j|\u2606Cyclizary\n|j|\u2606Mr.itch\n|t:|1698591132\n|gametype|singles\n|player|p1|Cyclizary|rr-vaporeon|\n|player|p2|Mr.itch|rr-torkoal|\n|teamsize|p1|6\n|teamsize|p2|6\n|gen|9\n|tier|[Gen 9] Ubers\n|rule|Sleep Clause Mod: Limit one foe put to sleep\n|rule|Species Clause: Limit one of each Pok\u00e9mon\n|rule|OHKO Clause: OHKO moves are banned\n|rule|Evasion Abilities Clause: Evasion abilities are banned\n|rule|Evasion Items Clause: Evasion items are banned\n|rule|Evasion Moves Clause: Evasion moves are banned\n|rule|Endless Battle Clause: Forcing endless battles is banned\n|rule|HP Percentage Mod: HP is shown in percentages\n|rule|Dynamax Clause: You cannot dynamax\n|rule|Mega Rayquaza Clause: You cannot mega evolve Rayquaza\n|clearpoke\n|poke|p1|Aerodactyl, M|\n|poke|p1|Arcanine, M|\n|poke|p1|Garchomp, M|\n|poke|p1|Mew|\n|poke|p1|Pelipper, M|\n|poke|p1|Golduck, M|\n|poke|p2|Torkoal, M|\n|poke|p2|Latias, F|\n|poke|p2|Typhlosion, M|\n|poke|p2|Shiftry, M|\n|poke|p2|Jolteon, M|\n|poke|p2|Blaziken, F|\n|teampreview\n|c|\u2606Mr.itch|Glhf\n|c|\u2606Cyclizary|why jolteon\n|c|\u2606Mr.itch|Rain\n|c|\u2606Cyclizary|did u changed it with ditto or something\n|c|\u2606Mr.itch|Slowking galar\n|c|\u2606Cyclizary|ok\n|c|\u2606Cyclizary|cuz nobody telled me that\n|c|\u2606Cyclizary|but ok\n|c|\u2606Mr.itch|I did it basicly right after i chose slowking\n|c|\u2606Mr.itch|Mixlox fault srry\n|c|\u2606Cyclizary|its ok\n|c|\u2606Cyclizary|it doesnt matter\n|c|\u2606Mr.itch|Wait till u see its set\n|c|\u2606Mr.itch|I ficking love jt\n|c|\u2606Cyclizary|wait if u see my set\n|c|\u2606Mr.itch|Lets see it then\n|\n|t:|1698591253\n|start\n|switch|p1a: Tomura|Mew|100\/100\n|switch|p2a: Jolteon|Jolteon, M|100\/100\n|turn|1\n|j| Just B3A$T\n|\n|t:|1698591280\n|move|p2a: Jolteon|Protect|p2a: Jolteon\n|-singleturn|p2a: Jolteon|Protect\n|move|p1a: Tomura|Stealth Rock|p2a: Jolteon\n|-sidestart|p2: Mr.itch|move: Stealth Rock\n|\n|-status|p2a: Jolteon|brn|[from] item: Flame Orb\n|upkeep\n|turn|2\n|\n|t:|1698591331\n|move|p2a: Jolteon|Volt Switch|p1a: Tomura\n|-damage|p1a: Tomura|77\/100\n|l| Just B3A$T\n|\n|t:|1698591333\n|switch|p2a: Master Oogway|Torkoal, M|100\/100|[from] Volt Switch\n|-damage|p2a: Master Oogway|75\/100|[from] Stealth Rock\n|-weather|SunnyDay|[from] ability: Drought|[of] p2a: Master Oogway\n|move|p1a: Tomura|Volt Switch|p2a: Master Oogway\n|-damage|p2a: Master Oogway|53\/100\n|inactive|Battle timer is ON: inactive players will automatically lose when time's up. (requested by Mr.itch)\n|\n|t:|1698591381\n|switch|p1a: Dactylos|Aerodactyl, M|100\/100|[from] Volt Switch\n|\n|-weather|SunnyDay|[upkeep]\n|upkeep\n|turn|3\n|\n|t:|1698591406\n|switch|p2a: Latias|Latias, F|100\/100\n|-damage|p2a: Latias|88\/100|[from] Stealth Rock\n|detailschange|p1a: Dactylos|Aerodactyl-Mega, M\n|-mega|p1a: Dactylos|Aerodactyl|Aerodactylite\n|move|p1a: Dactylos|Stone Edge|p2a: Latias\n|-crit|p2a: Latias\n|-damage|p2a: Latias|0 fnt\n|faint|p2a: Latias\n|\n|-weather|SunnyDay|[upkeep]\n|upkeep\n|inactive|Mr.itch has 270 seconds left.\n|\n|t:|1698591418\n|switch|p2a: Jolteon|Jolteon, M|100\/100 brn\n|-damage|p2a: Jolteon|88\/100 brn|[from] Stealth Rock\n|turn|4\n|\n|t:|1698591421\n|switch|p1a: Tomura|Mew|77\/100\n|move|p2a: Jolteon|Hidden Power|p1a: Tomura\n|-damage|p1a: Tomura|63\/100\n|\n|-weather|SunnyDay|[upkeep]\n|-heal|p1a: Tomura|69\/100|[from] item: Leftovers\n|-damage|p2a: Jolteon|82\/100 brn|[from] brn\n|upkeep\n|turn|5\n|c|\u2606Mr.itch|Dang i lose\n|c|\u2606Cyclizary|omg i missed\n|c|\u2606Cyclizary|my mon\n|c|\u2606Cyclizary|but its the right one\n|inactive|Cyclizary has 270 seconds left.\n|\n|t:|1698591453\n|move|p2a: Jolteon|Volt Switch|p1a: Tomura\n|-damage|p1a: Tomura|45\/100\n|\n|t:|1698591459\n|switch|p2a: Ace|Shiftry, M, shiny|100\/100|[from] Volt Switch\n|-damage|p2a: Ace|88\/100|[from] Stealth Rock\n|move|p1a: Tomura|Volt Switch|p2a: Ace\n|-resisted|p2a: Ace\n|-damage|p2a: Ace|75\/100\n|\n|t:|1698591466\n|switch|p1a: Lipper|Pelipper, M|100\/100|[from] Volt Switch\n|-weather|RainDance|[from] ability: Drizzle|[of] p1a: Lipper\n|\n|-weather|RainDance|[upkeep]\n|upkeep\n|turn|6\n|\n|t:|1698591481\n|move|p2a: Ace|Parting Shot|p1a: Lipper\n|-unboost|p1a: Lipper|atk|1\n|-unboost|p1a: Lipper|spa|1\n|\n|t:|1698591486\n|switch|p2a: Jolteon|Jolteon, M|82\/100 brn|[from] Parting Shot\n|-damage|p2a: Jolteon|70\/100 brn|[from] Stealth Rock\n|move|p1a: Lipper|U-turn|p2a: Jolteon\n|-damage|p2a: Jolteon|59\/100 brn\n|inactive|Cyclizary has 270 seconds left.\n|\n|t:|1698591522\n|switch|p1a: Tomura|Mew|45\/100|[from] U-turn\n|\n|-weather|RainDance|[upkeep]\n|-heal|p1a: Tomura|51\/100|[from] item: Leftovers\n|-damage|p2a: Jolteon|53\/100 brn|[from] brn\n|upkeep\n|turn|7\n|c|\u2606Mr.itch|Just. Relised i am using the wrong set lmao\n|c|\u2606Mr.itch|I had hidden power electric on coal\n|c|\u2606Cyclizary|ok\n|\n|t:|1698591542\n|move|p2a: Jolteon|Thunderbolt|p1a: Tomura\n|-damage|p1a: Tomura|20\/100\n|move|p1a: Tomura|Volt Switch|p2a: Jolteon\n|-resisted|p2a: Jolteon\n|-damage|p2a: Jolteon|46\/100 brn\n|c|\u2606Cyclizary|no thunder\n|inactive|Cyclizary has 240 seconds left.\n|\n|t:|1698591553\n|switch|p1a: Ryukyu|Garchomp, M|100\/100|[from] Volt Switch\n|\n|-weather|RainDance|[upkeep]\n|-damage|p2a: Jolteon|40\/100 brn|[from] brn\n|upkeep\n|turn|8\n|inactive|Cyclizary has 240 seconds left.\n|\n|t:|1698591565\n|switch|p1a: Lipper|Pelipper, M|100\/100\n|move|p2a: Jolteon|Protect||[still]\n|-fail|p2a: Jolteon\n|\n|-weather|RainDance|[upkeep]\n|-damage|p2a: Jolteon|34\/100 brn|[from] brn\n|upkeep\n|turn|9\n|\n|t:|1698591573\n|switch|p1a: Tomura|Mew|20\/100\n|move|p2a: Jolteon|Volt Switch|p1a: Tomura\n|-damage|p1a: Tomura|0 fnt\n|faint|p1a: Tomura\n|\n|t:|1698591580\n|switch|p2a: Ace|Shiftry, M, shiny|75\/100|[from] Volt Switch\n|-damage|p2a: Ace|62\/100|[from] Stealth Rock\n|\n|-weather|none\n|upkeep\n|\n|t:|1698591594\n|switch|p1a: Dactylos|Aerodactyl-Mega, M|100\/100\n|turn|10\n|\n|t:|1698591617\n|switch|p2a: KFC|Blaziken, F|100\/100\n|-damage|p2a: KFC|88\/100|[from] Stealth Rock\n|move|p1a: Dactylos|U-turn|p2a: KFC\n|-resisted|p2a: KFC\n|-damage|p2a: KFC|76\/100\n|inactive|Cyclizary has 240 seconds left.\n|\n|t:|1698591640\n|switch|p1a: Blueberry|Golduck, M|100\/100|[from] U-turn\n|\n|upkeep\n|turn|11\n|inactive|Cyclizary has 240 seconds left.\n|\n|t:|1698591656\n|detailschange|p2a: KFC|Blaziken-Mega, F\n|-mega|p2a: KFC|Blaziken|Blazikenite\n|move|p2a: KFC|Protect|p2a: KFC\n|-singleturn|p2a: KFC|Protect\n|move|p1a: Blueberry|Hydro Pump|p2a: KFC\n|-activate|p2a: KFC|move: Protect\n|\n|-ability|p2a: KFC|Speed Boost|boost\n|-boost|p2a: KFC|spe|1\n|upkeep\n|turn|12\n|inactive|Cyclizary has 240 seconds left.\n|\n|t:|1698591663\n|move|p1a: Blueberry|Hydro Pump|p2a: KFC\n|-supereffective|p2a: KFC\n|-damage|p2a: KFC|0 fnt\n|faint|p2a: KFC\n|\n|upkeep\n|\n|t:|1698591667\n|switch|p2a: Master Oogway|Torkoal, M|53\/100\n|-damage|p2a: Master Oogway|28\/100|[from] Stealth Rock\n|-weather|SunnyDay|[from] ability: Drought|[of] p2a: Master Oogway\n|turn|13\n|\n|t:|1698591672\n|switch|p2a: Ace|Shiftry, M, shiny|62\/100\n|-damage|p2a: Ace|50\/100|[from] Stealth Rock\n|move|p1a: Blueberry|Hydro Pump|p2a: Ace\n|-resisted|p2a: Ace\n|-damage|p2a: Ace|32\/100\n|\n|-weather|SunnyDay|[upkeep]\n|upkeep\n|turn|14\n|inactive|Mr.itch has 270 seconds left.\n|inactive|Mr.itch has 240 seconds left.\n|inactive|Cyclizary has 240 seconds left.\n|inactive|Mr.itch has 210 seconds left.\n|\n|t:|1698591784\n|switch|p1a: Lipper|Pelipper, M|100\/100\n|-weather|RainDance|[from] ability: Drizzle|[of] p1a: Lipper\n|move|p2a: Ace|Knock Off|p1a: Lipper\n|-damage|p1a: Lipper|59\/100\n|-damage|p2a: Ace|16\/100|[from] item: Rocky Helmet|[of] p1a: Lipper\n|-enditem|p1a: Lipper|Rocky Helmet|[from] move: Knock Off|[of] p2a: Ace\n|\n|-weather|RainDance|[upkeep]\n|upkeep\n|turn|15\n|inactive|Cyclizary has 240 seconds left.\n|inactive|Mr.itch has 210 seconds left.\n|\n|t:|1698591795\n|-zpower|p2a: Ace\n|move|p2a: Ace|Z-Parting Shot|p1a: Lipper|[anim]Parting Shot\n|-activate|p2a: Ace|healreplacement\n|-unboost|p1a: Lipper|atk|1\n|-unboost|p1a: Lipper|spa|1\n|inactive|Mr.itch has 210 seconds left.\n|c|\u2606Mr.itch|Srry calcing stuf\n|\n|t:|1698591803\n|switch|p2a: Master Oogway|Torkoal, M|28\/100|[from] Parting Shot\n|-heal|p2a: Master Oogway|100\/100|[from] move: Parting Shot|[zeffect]\n|-damage|p2a: Master Oogway|75\/100|[from] Stealth Rock\n|-weather|SunnyDay|[from] ability: Drought|[of] p2a: Master Oogway\n|move|p1a: Lipper|U-turn|p2a: Master Oogway\n|-resisted|p2a: Master Oogway\n|-damage|p2a: Master Oogway|74\/100\n|inactive|Cyclizary has 240 seconds left.\n|c|\u2606Cyclizary|ok\n|c|\u2606Mr.itch|Scarf duck got me tbh\n|\n|t:|1698591835\n|switch|p1a: Ryukyu|Garchomp, M|100\/100|[from] U-turn\n|\n|-weather|SunnyDay|[upkeep]\n|upkeep\n|turn|16\n|c|\u2606Cyclizary|i dont have rain \n|inactive|Cyclizary has 210 seconds left.\n|c|\u2606Cyclizary|its just to live longer\n|c|\u2606Mr.itch|Lol\n|\n|t:|1698591869\n|-zpower|p1a: Ryukyu\n|move|p1a: Ryukyu|Devastating Drake|p2a: Master Oogway|[zeffect]\n|-damage|p2a: Master Oogway|18\/100\n|move|p2a: Master Oogway|Stealth Rock|p1a: Ryukyu\n|-sidestart|p1: Cyclizary|move: Stealth Rock\n|\n|-weather|SunnyDay|[upkeep]\n|upkeep\n|turn|17\n|\n|t:|1698591883\n|move|p1a: Ryukyu|Scale Shot|p2a: Master Oogway\n|-damage|p2a: Master Oogway|9\/100\n|-damage|p2a: Master Oogway|1\/100\n|-damage|p2a: Master Oogway|0 fnt\n|faint|p2a: Master Oogway\n|-hitcount|p2: Master Oogway|3\n|-unboost|p1a: Ryukyu|def|1\n|-boost|p1a: Ryukyu|spe|1\n|\n|-weather|SunnyDay|[upkeep]\n|upkeep\n|\n|t:|1698591890\n|switch|p2a: Ace|Shiftry, M, shiny|16\/100\n|-damage|p2a: Ace|3\/100|[from] Stealth Rock\n|turn|18\n|c|\u2606Cyclizary|omg my heart\n|inactive|Cyclizary has 210 seconds left.\n|\n|t:|1698591897\n|move|p2a: Ace|Knock Off|p1a: Ryukyu\n|-damage|p1a: Ryukyu|48\/100\n|-damage|p2a: Ace|0 fnt|[from] ability: Rough Skin|[of] p1a: Ryukyu\n|faint|p2a: Ace\n|move|p1a: Ryukyu|Scale Shot|p2: Ace|[notarget]\n|-fail|p1a: Ryukyu\n|\n|-weather|SunnyDay|[upkeep]\n|upkeep\n|\n|t:|1698591900\n|switch|p2a: Jolteon|Jolteon, M|34\/100 brn\n|-damage|p2a: Jolteon|22\/100 brn|[from] Stealth Rock\n|turn|19\n|\n|t:|1698591910\n|move|p2a: Jolteon|Hidden Power|p1a: Ryukyu\n|-supereffective|p1a: Ryukyu\n|-damage|p1a: Ryukyu|0 fnt\n|faint|p1a: Ryukyu\n|\n|-weather|SunnyDay|[upkeep]\n|-damage|p2a: Jolteon|16\/100 brn|[from] brn\n|upkeep\n|c|\u2606Cyclizary|ok now im stupid\n|inactive|Cyclizary has 210 seconds left.\n|\n|t:|1698591926\n|switch|p1a: Arc|Arcanine, M|100\/100\n|turn|20\n|\n|t:|1698591931\n|move|p1a: Arc|Extreme Speed|p2a: Jolteon\n|-damage|p2a: Jolteon|0 fnt\n|faint|p2a: Jolteon\n|\n|-weather|SunnyDay|[upkeep]\n|upkeep\n|\n|t:|1698591933\n|switch|p2a: Actual Nuke|Typhlosion, M|100\/100\n|-damage|p2a: Actual Nuke|76\/100|[from] Stealth Rock\n|turn|21\n|c|\u2606Mr.itch|Ggwp\n|\n|t:|1698591940\n|switch|p1a: Lipper|Pelipper, M|59\/100\n|-damage|p1a: Lipper|34\/100|[from] Stealth Rock\n|-weather|RainDance|[from] ability: Drizzle|[of] p1a: Lipper\n|move|p2a: Actual Nuke|Focus Blast|p1a: Lipper\n|-resisted|p1a: Lipper\n|-damage|p1a: Lipper|0 fnt\n|faint|p1a: Lipper\n|\n|-weather|RainDance|[upkeep]\n|upkeep\n|-message|Mr.itch forfeited.\n|\n|win|Cyclizary\n|l|\u2606Mr.itch\n|c|\u2606Cyclizary|gg\n","uploadtime":1698591993,"views":17,"p1id":"cyclizary","p2id":"mritch","formatid":"gen9ubers","rating":0,"private":0,"password":""}