{"id":"radicalred-gen9ubers-548326","p1":"nose xd123","p2":"axelzzz09","format":"[Gen 9] Ubers","log":"|j|\u2606nose xd123\n|j|\u2606axelzzz09\n|t:|1700327819\n|gametype|singles\n|player|p1|nose xd123|rr-greninja|\n|player|p2|axelzzz09|rr-sneasler|\n|teamsize|p1|6\n|teamsize|p2|6\n|gen|9\n|tier|[Gen 9] Ubers\n|rule|Sleep Clause Mod: Limit one foe put to sleep\n|rule|Species Clause: Limit one of each Pok\u00e9mon\n|rule|OHKO Clause: OHKO moves are banned\n|rule|Evasion Abilities Clause: Evasion abilities are banned\n|rule|Evasion Items Clause: Evasion items are banned\n|rule|Evasion Moves Clause: Evasion moves are banned\n|rule|Endless Battle Clause: Forcing endless battles is banned\n|rule|HP Percentage Mod: HP is shown in percentages\n|rule|Dynamax Clause: You cannot dynamax\n|rule|Mega Rayquaza Clause: You cannot mega evolve Rayquaza\n|clearpoke\n|poke|p1|Donphan, M|\n|poke|p1|Rillaboom, M|\n|poke|p1|Gholdengo|\n|poke|p1|Grimmsnarl, M|\n|poke|p1|Alomomola, M|\n|poke|p1|Machamp, F|\n|poke|p2|Ceruledge, F|\n|poke|p2|Decidueye, M|\n|poke|p2|Dracovish|\n|poke|p2|Lapras, F|\n|poke|p2|Keldeo-Resolute|\n|poke|p2|Aegislash, M|\n|teampreview\n|c|\u2606axelzzz09|te presento mi team de lider\n|c|\u2606axelzzz09|el team medieval\n|\n|t:|1700327839\n|start\n|switch|p1a: Grimmsnarl|Grimmsnarl, M|100\/100\n|switch|p2a: Keldeo|Keldeo-Resolute|100\/100\n|turn|1\n|c|\u2606nose xd123|xd\n|\n|t:|1700327847\n|move|p1a: Grimmsnarl|Parting Shot|p2a: Keldeo\n|-unboost|p2a: Keldeo|atk|1\n|-unboost|p2a: Keldeo|spa|1\n|\n|t:|1700327851\n|switch|p1a: Alomomola|Alomomola, M|100\/100|[from] Parting Shot\n|move|p2a: Keldeo|Calm Mind|p2a: Keldeo\n|-boost|p2a: Keldeo|spa|1\n|-boost|p2a: Keldeo|spd|1\n|\n|upkeep\n|turn|2\n|c|\u2606axelzzz09|xdddd\n|\n|t:|1700327859\n|move|p2a: Keldeo|Secret Sword|p1a: Alomomola\n|-damage|p1a: Alomomola|73\/100\n|move|p1a: Alomomola|Toxic|p2a: Keldeo\n|-status|p2a: Keldeo|tox\n|\n|-damage|p2a: Keldeo|94\/100 tox|[from] psn\n|upkeep\n|turn|3\n|\n|t:|1700327867\n|move|p1a: Alomomola|Protect|p1a: Alomomola\n|-singleturn|p1a: Alomomola|Protect\n|move|p2a: Keldeo|Calm Mind|p2a: Keldeo\n|-boost|p2a: Keldeo|spa|1\n|-boost|p2a: Keldeo|spd|1\n|\n|-heal|p2a: Keldeo|100\/100 tox|[from] item: Leftovers\n|-damage|p2a: Keldeo|88\/100 tox|[from] psn\n|upkeep\n|turn|4\n|c|\u2606axelzzz09|xdddd\n|\n|t:|1700327874\n|switch|p1a: Grimmsnarl|Grimmsnarl, M|100\/100\n|move|p2a: Keldeo|Calm Mind|p2a: Keldeo\n|-boost|p2a: Keldeo|spa|1\n|-boost|p2a: Keldeo|spd|1\n|\n|-heal|p2a: Keldeo|94\/100 tox|[from] item: Leftovers\n|-damage|p2a: Keldeo|76\/100 tox|[from] psn\n|upkeep\n|turn|5\n|c|\u2606axelzzz09|me lo esperaba\n|\n|t:|1700327888\n|move|p1a: Grimmsnarl|Light Screen|p1a: Grimmsnarl\n|-sidestart|p1: nose xd123|move: Light Screen\n|move|p2a: Keldeo|Secret Sword|p1a: Grimmsnarl\n|-damage|p1a: Grimmsnarl|51\/100\n|\n|-heal|p2a: Keldeo|82\/100 tox|[from] item: Leftovers\n|-damage|p2a: Keldeo|58\/100 tox|[from] psn\n|upkeep\n|turn|6\n|\n|t:|1700327896\n|move|p1a: Grimmsnarl|Reflect|p1a: Grimmsnarl\n|-sidestart|p1: nose xd123|Reflect\n|move|p2a: Keldeo|Secret Sword|p1a: Grimmsnarl\n|-damage|p1a: Grimmsnarl|0 fnt\n|faint|p1a: Grimmsnarl\n|\n|-heal|p2a: Keldeo|64\/100 tox|[from] item: Leftovers\n|-damage|p2a: Keldeo|34\/100 tox|[from] psn\n|upkeep\n|c|\u2606nose xd123|nice\n|\n|t:|1700327924\n|switch|p1a: Machamp|Machamp, F|100\/100\n|turn|7\n|\n|t:|1700327929\n|detailschange|p1a: Machamp|Machamp-Mega, F\n|-mega|p1a: Machamp|Machamp|Machampite\n|move|p2a: Keldeo|Air Slash|p1a: Machamp\n|-supereffective|p1a: Machamp\n|-damage|p1a: Machamp|44\/100\n|cant|p1a: Machamp|flinch\n|\n|-heal|p2a: Keldeo|40\/100 tox|[from] item: Leftovers\n|-damage|p2a: Keldeo|4\/100 tox|[from] psn\n|upkeep\n|turn|8\n|c|\u2606axelzzz09|que rico\n|\n|t:|1700327938\n|move|p1a: Machamp|Mach Punch|p2a: Keldeo\n|-damage|p2a: Keldeo|0 fnt\n|faint|p2a: Keldeo\n|-hitcount|p2: Keldeo|1\n|\n|upkeep\n|\n|t:|1700327946\n|switch|p2a: Ceruledge|Ceruledge, F|100\/100\n|turn|9\n|\n|t:|1700327949\n|move|p2a: Ceruledge|Swords Dance|p2a: Ceruledge\n|-boost|p2a: Ceruledge|atk|2\n|move|p1a: Machamp|Thunder Punch|p2a: Ceruledge\n|-damage|p2a: Ceruledge|56\/100\n|-ability|p2a: Ceruledge|Weak Armor|boost\n|-unboost|p2a: Ceruledge|def|1\n|-boost|p2a: Ceruledge|spe|2\n|-damage|p2a: Ceruledge|24\/100\n|-ability|p2a: Ceruledge|Weak Armor|boost\n|-unboost|p2a: Ceruledge|def|1\n|-boost|p2a: Ceruledge|spe|2\n|-hitcount|p2a: Ceruledge|2\n|\n|upkeep\n|turn|10\n|\n|t:|1700327961\n|move|p2a: Ceruledge|Shadow Sneak|p1a: Machamp\n|-damage|p1a: Machamp|26\/100\n|move|p1a: Machamp|Thunder Punch|p2a: Ceruledge\n|-damage|p2a: Ceruledge|0 fnt\n|faint|p2a: Ceruledge\n|-hitcount|p2: Ceruledge|1\n|\n|upkeep\n|c|\u2606nose xd123|XDDD\n|\n|t:|1700327976\n|switch|p2a: Aegislash|Aegislash, M|100\/100\n|turn|11\n|\n|t:|1700327982\n|move|p1a: Machamp|Thunder Punch|p2a: Aegislash\n|-damage|p2a: Aegislash|73\/100\n|-damage|p2a: Aegislash|59\/100\n|-hitcount|p2a: Aegislash|2\n|move|p2a: Aegislash|Swords Dance|p2a: Aegislash\n|-boost|p2a: Aegislash|atk|2\n|\n|upkeep\n|turn|12\n|\n|t:|1700327990\n|move|p2a: Aegislash|King's Shield|p2a: Aegislash\n|-singleturn|p2a: Aegislash|Protect\n|move|p1a: Machamp|Thunder Punch|p2a: Aegislash\n|-activate|p2a: Aegislash|move: Protect\n|\n|-sideend|p1: nose xd123|move: Light Screen\n|upkeep\n|turn|13\n|\n|t:|1700328005\n|move|p1a: Machamp|Thunder Punch|p2a: Aegislash\n|-damage|p2a: Aegislash|33\/100\n|-damage|p2a: Aegislash|20\/100\n|-hitcount|p2a: Aegislash|2\n|-formechange|p2a: Aegislash|Aegislash-Blade||[from] ability: Stance Change\n|move|p2a: Aegislash|Sacred Sword|p1a: Machamp\n|-damage|p1a: Machamp|0 fnt\n|faint|p1a: Machamp\n|\n|-sideend|p1: nose xd123|Reflect\n|upkeep\n|j| xleontdx\n|\n|t:|1700328012\n|switch|p1a: Donphan|Donphan, M|100\/100\n|turn|14\n|\n|t:|1700328017\n|move|p2a: Aegislash|Shadow Sneak|p1a: Donphan\n|-damage|p1a: Donphan|70\/100\n|move|p1a: Donphan|Bonemerang|p2a: Aegislash\n|-supereffective|p2a: Aegislash\n|-damage|p2a: Aegislash|0 fnt\n|faint|p2a: Aegislash\n|-hitcount|p2: Aegislash|1\n|\n|-heal|p1a: Donphan|76\/100|[from] item: Leftovers\n|upkeep\n|\n|t:|1700328030\n|switch|p2a: Lapras|Lapras, F|100\/100\n|turn|15\n|\n|t:|1700328035\n|detailschange|p2a: Lapras|Lapras-Mega, F\n|-mega|p2a: Lapras|Lapras|Laprasite\n|move|p2a: Lapras|Freeze-Dry|p1a: Donphan\n|-supereffective|p1a: Donphan\n|-damage|p1a: Donphan|30\/100\n|move|p1a: Donphan|Bonemerang|p2a: Lapras\n|-damage|p2a: Lapras|82\/100\n|-damage|p2a: Lapras|64\/100\n|-hitcount|p2a: Lapras|2\n|\n|-heal|p1a: Donphan|36\/100|[from] item: Leftovers\n|upkeep\n|turn|16\n|c|\u2606axelzzz09|me la pelas\n|\n|t:|1700328051\n|move|p1a: Donphan|Ice Shard|p2a: Lapras\n|-damage|p2a: Lapras|53\/100\n|move|p2a: Lapras|Freeze-Dry|p1a: Donphan\n|-supereffective|p1a: Donphan\n|-damage|p1a: Donphan|0 fnt\n|faint|p1a: Donphan\n|\n|upkeep\n|c|\u2606nose xd123|apocosi\n|\n|t:|1700328061\n|switch|p1a: Gholdengo|Gholdengo|100\/100\n|-item|p1a: Gholdengo|Air Balloon\n|turn|17\n|\n|t:|1700328074\n|move|p2a: Lapras|Boomburst|p1a: Gholdengo\n|-damage|p1a: Gholdengo|36\/100\n|-enditem|p1a: Gholdengo|Air Balloon\n|move|p1a: Gholdengo|Make It Rain|p2a: Lapras\n|-resisted|p2a: Lapras\n|-damage|p2a: Lapras|27\/100\n|-unboost|p1a: Gholdengo|spa|1\n|\n|upkeep\n|turn|18\n|\n|t:|1700328086\n|move|p2a: Lapras|Boomburst|p1a: Gholdengo\n|-damage|p1a: Gholdengo|0 fnt\n|faint|p1a: Gholdengo\n|\n|upkeep\n|\n|t:|1700328087\n|switch|p1a: Rillaboom|Rillaboom, M|100\/100\n|-fieldstart|move: Grassy Terrain|[from] ability: Grassy Surge|[of] p1a: Rillaboom\n|turn|19\n|\n|t:|1700328098\n|move|p2a: Lapras|Freeze-Dry|p1a: Rillaboom\n|-supereffective|p1a: Rillaboom\n|-damage|p1a: Rillaboom|61\/100\n|move|p1a: Rillaboom|Drum Beating|p2a: Lapras\n|-damage|p2a: Lapras|0 fnt\n|faint|p2a: Lapras\n|\n|-heal|p1a: Rillaboom|68\/100|[from] Grassy Terrain\n|upkeep\n|c|\u2606nose xd123|wath\n|c|\u2606nose xd123|252 speed?\n|\n|t:|1700328117\n|switch|p2a: Dracovish|Dracovish|100\/100\n|turn|20\n|c|\u2606axelzzz09|pera\n|\n|t:|1700328153\n|switch|p1a: Alomomola|Alomomola, M|100\/100\n|move|p2a: Dracovish|Psychic Fangs|p1a: Alomomola\n|-damage|p1a: Alomomola|82\/100\n|-damage|p2a: Dracovish|84\/100|[from] item: Rocky Helmet|[of] p1a: Alomomola\n|\n|-heal|p2a: Dracovish|90\/100|[from] Grassy Terrain\n|-heal|p1a: Alomomola|88\/100|[from] Grassy Terrain\n|upkeep\n|turn|21\n|\n|t:|1700328162\n|switch|p2a: Decidueye|Decidueye, M|100\/100\n|move|p1a: Alomomola|Toxic|p2a: Decidueye\n|-status|p2a: Decidueye|tox\n|\n|-heal|p1a: Alomomola|95\/100|[from] Grassy Terrain\n|-damage|p2a: Decidueye|94\/100 tox|[from] psn\n|upkeep\n|turn|22\n|\n|t:|1700328267\n|move|p1a: Alomomola|Protect|p1a: Alomomola\n|-singleturn|p1a: Alomomola|Protect\n|move|p2a: Decidueye|Leaf Blade|p1a: Alomomola\n|-activate|p1a: Alomomola|move: Protect\n|\n|-heal|p2a: Decidueye|100\/100 tox|[from] Grassy Terrain\n|-heal|p1a: Alomomola|100\/100|[from] Grassy Terrain\n|-damage|p2a: Decidueye|88\/100 tox|[from] psn\n|upkeep\n|turn|23\n|\n|t:|1700328276\n|switch|p1a: Rillaboom|Rillaboom, M|68\/100\n|move|p2a: Decidueye|Leaf Blade|p1a: Rillaboom\n|-resisted|p1a: Rillaboom\n|-damage|p1a: Rillaboom|12\/100\n|\n|-heal|p2a: Decidueye|94\/100 tox|[from] Grassy Terrain\n|-heal|p1a: Rillaboom|18\/100|[from] Grassy Terrain\n|-damage|p2a: Decidueye|76\/100 tox|[from] psn\n|-fieldend|move: Grassy Terrain\n|upkeep\n|turn|24\n|\n|t:|1700328288\n|switch|p1a: Alomomola|Alomomola, M|100\/100\n|move|p2a: Decidueye|Leaf Blade|p1a: Alomomola\n|-supereffective|p1a: Alomomola\n|-crit|p1a: Alomomola\n|-damage|p1a: Alomomola|30\/100\n|-damage|p2a: Decidueye|60\/100 tox|[from] item: Rocky Helmet|[of] p1a: Alomomola\n|\n|-damage|p2a: Decidueye|36\/100 tox|[from] psn\n|upkeep\n|turn|25\n|\n|t:|1700328299\n|switch|p2a: Dracovish|Dracovish|90\/100\n|move|p1a: Alomomola|Protect||[still]\n|-fail|p1a: Alomomola\n|\n|upkeep\n|turn|26\n|\n|t:|1700328308\n|move|p2a: Dracovish|Fishious Rend|p1a: Alomomola\n|-resisted|p1a: Alomomola\n|-damage|p1a: Alomomola|4\/100\n|-damage|p2a: Dracovish|74\/100|[from] item: Rocky Helmet|[of] p1a: Alomomola\n|move|p1a: Alomomola|Toxic|p2a: Dracovish\n|-status|p2a: Dracovish|tox\n|\n|-damage|p2a: Dracovish|68\/100 tox|[from] psn\n|upkeep\n|turn|27\n|\n|t:|1700328316\n|switch|p1a: Rillaboom|Rillaboom, M|18\/100\n|-fieldstart|move: Grassy Terrain|[from] ability: Grassy Surge|[of] p1a: Rillaboom\n|move|p2a: Dracovish|Fishious Rend|p1a: Rillaboom\n|-resisted|p1a: Rillaboom\n|-damage|p1a: Rillaboom|0 fnt\n|faint|p1a: Rillaboom\n|\n|-heal|p2a: Dracovish|74\/100 tox|[from] Grassy Terrain\n|-damage|p2a: Dracovish|61\/100 tox|[from] psn\n|upkeep\n|\n|t:|1700328321\n|switch|p1a: Alomomola|Alomomola, M|37\/100\n|turn|28\n|\n|t:|1700328327\n|move|p2a: Dracovish|Fishious Rend|p1a: Alomomola\n|-resisted|p1a: Alomomola\n|-damage|p1a: Alomomola|11\/100\n|-damage|p2a: Dracovish|45\/100 tox|[from] item: Rocky Helmet|[of] p1a: Alomomola\n|move|p1a: Alomomola|Scald|p2a: Dracovish\n|-resisted|p2a: Dracovish\n|-damage|p2a: Dracovish|41\/100 tox\n|\n|-heal|p2a: Dracovish|47\/100 tox|[from] Grassy Terrain\n|-heal|p1a: Alomomola|17\/100|[from] Grassy Terrain\n|-damage|p2a: Dracovish|29\/100 tox|[from] psn\n|upkeep\n|turn|29\n|\n|t:|1700328339\n|switch|p2a: Decidueye|Decidueye, M|36\/100 tox\n|move|p1a: Alomomola|Protect||[still]\n|-fail|p1a: Alomomola\n|\n|-heal|p2a: Decidueye|42\/100 tox|[from] Grassy Terrain\n|-heal|p1a: Alomomola|23\/100|[from] Grassy Terrain\n|-damage|p2a: Decidueye|36\/100 tox|[from] psn\n|upkeep\n|turn|30\n|c|\u2606axelzzz09|robin hood me da la victoria\n|\n|t:|1700328356\n|move|p1a: Alomomola|Protect|p1a: Alomomola\n|-singleturn|p1a: Alomomola|Protect\n|move|p2a: Decidueye|Leaf Blade|p1a: Alomomola\n|-activate|p1a: Alomomola|move: Protect\n|\n|-heal|p2a: Decidueye|42\/100 tox|[from] Grassy Terrain\n|-heal|p1a: Alomomola|29\/100|[from] Grassy Terrain\n|-damage|p2a: Decidueye|29\/100 tox|[from] psn\n|upkeep\n|turn|31\n|\n|t:|1700328365\n|move|p1a: Alomomola|Protect||[still]\n|-fail|p1a: Alomomola\n|move|p2a: Decidueye|Leaf Blade|p1a: Alomomola\n|-supereffective|p1a: Alomomola\n|-damage|p1a: Alomomola|0 fnt\n|-damage|p2a: Decidueye|13\/100 tox|[from] item: Rocky Helmet|[of] p1a: Alomomola\n|faint|p1a: Alomomola\n|\n|win|axelzzz09\n|c|\u2606nose xd123|gg\n|l|\u2606axelzzz09\n|c|\u2606nose xd123|se moria por el veneno XDD\n|l| xleontdx\n","uploadtime":1700330801,"views":6,"p1id":"nosexd123","p2id":"axelzzz09","formatid":"gen9ubers","rating":0,"private":0,"password":""}