{"id":"radicalred-gen9ubers-551382","p1":"dreepy airlines","p2":"Ginesect","format":"[Gen 9] Ubers","log":"|j|\u2606dreepy airlines\n|j|\u2606Ginesect\n|t:|1701050383\n|gametype|singles\n|player|p1|dreepy airlines|rr-pikachu|\n|player|p2|Ginesect|rr-teddiursaseviian|\n|teamsize|p1|6\n|teamsize|p2|6\n|gen|9\n|tier|[Gen 9] Ubers\n|rule|Sleep Clause Mod: Limit one foe put to sleep\n|rule|Species Clause: Limit one of each Pok\u00e9mon\n|rule|OHKO Clause: OHKO moves are banned\n|rule|Evasion Abilities Clause: Evasion abilities are banned\n|rule|Evasion Items Clause: Evasion items are banned\n|rule|Evasion Moves Clause: Evasion moves are banned\n|rule|Endless Battle Clause: Forcing endless battles is banned\n|rule|HP Percentage Mod: HP is shown in percentages\n|rule|Dynamax Clause: You cannot dynamax\n|rule|Mega Rayquaza Clause: You cannot mega evolve Rayquaza\n|clearpoke\n|poke|p1|Samurott-Hisui, M|\n|poke|p1|Gengar, M|\n|poke|p1|Groudon|\n|poke|p1|Arceus|\n|poke|p1|Yveltal|\n|poke|p1|Zacian-*|\n|poke|p2|Xerneas-*|\n|poke|p2|Marshadow|\n|poke|p2|Drednaw, F|\n|poke|p2|Deoxys-Speed|\n|poke|p2|Ho-Oh|\n|poke|p2|Arceus-Fairy|\n|teampreview\n|c|\u2606Ginesect|Glhf\n|\n|t:|1701050424\n|start\n|switch|p1a: Samurott|Samurott-Hisui, M|100\/100\n|switch|p2a: Arceus|Arceus-Fairy|100\/100\n|turn|1\n|\n|t:|1701050431\n|move|p1a: Samurott|Shell Smash|p1a: Samurott\n|-unboost|p1a: Samurott|def|1\n|-unboost|p1a: Samurott|spd|1\n|-boost|p1a: Samurott|atk|2\n|-boost|p1a: Samurott|spa|2\n|-boost|p1a: Samurott|spe|2\n|move|p2a: Arceus|Judgment|p1a: Samurott\n|-supereffective|p1a: Samurott\n|-enditem|p1a: Samurott|Focus Sash\n|-damage|p1a: Samurott|1\/100\n|\n|upkeep\n|turn|2\n|\n|t:|1701050437\n|move|p1a: Samurott|Ceaseless Edge|p2a: Arceus\n|-resisted|p2a: Arceus\n|-damage|p2a: Arceus|75\/100\n|-sidestart|p2: Ginesect|Spikes\n|move|p2a: Arceus|Earth Power|p1a: Samurott\n|-damage|p1a: Samurott|0 fnt\n|faint|p1a: Samurott\n|\n|upkeep\n|\n|t:|1701050458\n|switch|p1a: Gengar|Gengar, M|100\/100\n|turn|3\n|\n|t:|1701050468\n|switch|p2a: Ho-Oh|Ho-Oh|100\/100\n|detailschange|p1a: Gengar|Gengar-Mega, M\n|-mega|p1a: Gengar|Gengar|Gengarite\n|move|p1a: Gengar|Sludge Bomb|p2a: Ho-Oh\n|-damage|p2a: Ho-Oh|76\/100\n|-status|p2a: Ho-Oh|psn\n|\n|-damage|p2a: Ho-Oh|63\/100 psn|[from] psn\n|upkeep\n|turn|4\n|\n|t:|1701050478\n|move|p1a: Gengar|Protect|p1a: Gengar\n|-singleturn|p1a: Gengar|Protect\n|move|p2a: Ho-Oh|Sacred Fire|p1a: Gengar\n|-activate|p1a: Gengar|move: Protect\n|\n|-damage|p2a: Ho-Oh|51\/100 psn|[from] psn\n|upkeep\n|turn|5\n|\n|t:|1701050484\n|move|p1a: Gengar|Disable|p2a: Ho-Oh\n|-start|p2a: Ho-Oh|Disable|Sacred Fire\n|move|p2a: Ho-Oh|Brave Bird|p1a: Gengar\n|-damage|p1a: Gengar|26\/100\n|-damage|p2a: Ho-Oh|35\/100 psn|[from] Recoil\n|\n|-damage|p2a: Ho-Oh|23\/100 psn|[from] psn\n|upkeep\n|turn|6\n|\n|t:|1701050488\n|move|p1a: Gengar|Sludge Bomb|p2a: Ho-Oh\n|-crit|p2a: Ho-Oh\n|-damage|p2a: Ho-Oh|0 fnt\n|faint|p2a: Ho-Oh\n|\n|upkeep\n|\n|t:|1701050501\n|switch|p2a: Marshadow|Marshadow|100\/100\n|-damage|p2a: Marshadow|88\/100|[from] Spikes\n|turn|7\n|\n|t:|1701050515\n|move|p1a: Gengar|Sludge Bomb|p2a: Marshadow\n|-resisted|p2a: Marshadow\n|-damage|p2a: Marshadow|58\/100\n|-status|p2a: Marshadow|psn\n|move|p2a: Marshadow|Pursuit|p1a: Gengar\n|-supereffective|p1a: Gengar\n|-damage|p1a: Gengar|0 fnt\n|faint|p1a: Gengar\n|\n|-damage|p2a: Marshadow|45\/100 psn|[from] psn\n|upkeep\n|c|\u2606Ginesect|Lmao\n|\n|t:|1701050535\n|switch|p1a: Zacian|Zacian-Crowned|100\/100\n|-ability|p1a: Zacian|Intrepid Sword|boost\n|-boost|p1a: Zacian|atk|1\n|turn|8\n|c|\u2606Ginesect|gg u win this\n|\n|t:|1701050546\n|move|p2a: Marshadow|Shadow Sneak|p1a: Zacian\n|-damage|p1a: Zacian|71\/100\n|move|p1a: Zacian|Play Rough|p2a: Marshadow\n|-supereffective|p2a: Marshadow\n|-damage|p2a: Marshadow|0 fnt\n|faint|p2a: Marshadow\n|\n|upkeep\n|\n|t:|1701050561\n|switch|p2a: Deoxys|Deoxys-Speed|100\/100\n|-damage|p2a: Deoxys|88\/100|[from] Spikes\n|-ability|p2a: Deoxys|Pressure\n|turn|9\n|\n|t:|1701050576\n|move|p2a: Deoxys|Psycho Boost|p1a: Zacian\n|-resisted|p1a: Zacian\n|-damage|p1a: Zacian|44\/100\n|-unboost|p2a: Deoxys|spa|2\n|move|p1a: Zacian|Behemoth Blade|p2a: Deoxys\n|-damage|p2a: Deoxys|0 fnt\n|faint|p2a: Deoxys\n|\n|upkeep\n|\n|t:|1701050596\n|switch|p2a: Arceus|Arceus-Fairy|75\/100\n|-damage|p2a: Arceus|63\/100|[from] Spikes\n|turn|10\n|\n|t:|1701050606\n|move|p1a: Zacian|Behemoth Blade|p2a: Arceus\n|-supereffective|p2a: Arceus\n|-damage|p2a: Arceus|0 fnt\n|faint|p2a: Arceus\n|\n|upkeep\n|\n|t:|1701050610\n|switch|p2a: Drednaw|Drednaw, F|100\/100\n|-damage|p2a: Drednaw|88\/100|[from] Spikes\n|turn|11\n|\n|t:|1701050620\n|detailschange|p2a: Drednaw|Drednaw-Mega, F\n|-mega|p2a: Drednaw|Drednaw|Drednawite\n|move|p1a: Zacian|Play Rough|p2a: Drednaw\n|-supereffective|p2a: Drednaw\n|-damage|p2a: Drednaw|0 fnt\n|faint|p2a: Drednaw\n|\n|upkeep\n|c|\u2606Ginesect|gg\n|\n|t:|1701050625\n|switch|p2a: Xerneas|Xerneas|100\/100\n|-damage|p2a: Xerneas|88\/100|[from] Spikes\n|-ability|p2a: Xerneas|Fairy Aura\n|turn|12\n|\n|t:|1701050628\n|move|p1a: Zacian|Behemoth Blade|p2a: Xerneas\n|-supereffective|p2a: Xerneas\n|-damage|p2a: Xerneas|0 fnt\n|faint|p2a: Xerneas\n|\n|win|dreepy airlines\n|c|\u2606Ginesect|R\n|c|\u2606Ginesect|Ru\n","uploadtime":1701050634,"views":8,"p1id":"dreepyairlines","p2id":"ginesect","formatid":"gen9ubers","rating":0,"private":0,"password":""}