{"id":"radicalred-gen9ubers-548391","p1":"Manaphoebe","p2":"bryenwww","format":"[Gen 9] Ubers","log":"|j|\u2606Manaphoebe\n|j|\u2606bryenwww\n|t:|1700336443\n|gametype|singles\n|player|p1|Manaphoebe|rr-umbreon|\n|player|p2|bryenwww|169|\n|teamsize|p1|6\n|teamsize|p2|6\n|gen|9\n|tier|[Gen 9] Ubers\n|rule|Sleep Clause Mod: Limit one foe put to sleep\n|rule|Species Clause: Limit one of each Pok\u00e9mon\n|rule|OHKO Clause: OHKO moves are banned\n|rule|Evasion Abilities Clause: Evasion abilities are banned\n|rule|Evasion Items Clause: Evasion items are banned\n|rule|Evasion Moves Clause: Evasion moves are banned\n|rule|Endless Battle Clause: Forcing endless battles is banned\n|rule|HP Percentage Mod: HP is shown in percentages\n|rule|Dynamax Clause: You cannot dynamax\n|rule|Mega Rayquaza Clause: You cannot mega evolve Rayquaza\n|clearpoke\n|poke|p1|Delphox, F|\n|poke|p1|Torkoal, F|\n|poke|p1|Audino, F|\n|poke|p1|Grafaiai, M|\n|poke|p1|Ting-Lu|\n|poke|p1|Samurott, M|\n|poke|p2|Heatran, M|\n|poke|p2|Weezing-Galar, M|\n|poke|p2|Tapu Koko|\n|poke|p2|Iron Thorns|\n|poke|p2|Grimmsnarl, M|\n|poke|p2|Centiskorch-Sevii, M|\n|teampreview\n|c|\u2606Manaphoebe|glhf\n|j| Godigimon\n|\n|t:|1700336489\n|start\n|switch|p1a: Grafaiai|Grafaiai, M|100\/100\n|switch|p2a: Grimmsnarl|Grimmsnarl, M|100\/100\n|turn|1\n|c| Godigimon|Beat her up bryenwww\n|c| Godigimon|I don't wanna see her on my side of the winner's bracket\n|\n|t:|1700336504\n|move|p1a: Grafaiai|Spore|p2a: Grimmsnarl\n|-hint|Since gen 7, Dark is immune to Prankster moves.\n|-immune|p2a: Grimmsnarl\n|move|p2a: Grimmsnarl|Taunt|p1a: Grafaiai\n|-start|p1a: Grafaiai|move: Taunt\n|\n|upkeep\n|turn|2\n|c|\u2606Manaphoebe|oh\n|c|\u2606Manaphoebe|huh\n|c|\u2606Manaphoebe|learn something new every day\n|\n|t:|1700336530\n|switch|p1a: Samurott|Samurott, M|100\/100\n|move|p2a: Grimmsnarl|Toxic|p1a: Samurott\n|-immune|p1a: Samurott\n|\n|upkeep\n|turn|3\n|\n|t:|1700336545\n|move|p1a: Samurott|Shell Smash|p1a: Samurott\n|-unboost|p1a: Samurott|def|1\n|-unboost|p1a: Samurott|spd|1\n|-boost|p1a: Samurott|atk|2\n|-boost|p1a: Samurott|spa|2\n|-boost|p1a: Samurott|spe|2\n|-enditem|p1a: Samurott|White Herb\n|-clearnegativeboost|p1a: Samurott|[silent]\n|move|p2a: Grimmsnarl|Drain Punch|p1a: Samurott\n|-supereffective|p1a: Samurott\n|-damage|p1a: Samurott|50\/100\n|\n|upkeep\n|turn|4\n|\n|t:|1700336556\n|move|p2a: Grimmsnarl|Parting Shot|p1a: Samurott\n|-unboost|p1a: Samurott|atk|1\n|-unboost|p1a: Samurott|spa|1\n|\n|t:|1700336566\n|switch|p2a: Weezing|Weezing-Galar, M|100\/100|[from] Parting Shot\n|-ability|p2a: Weezing|Neutralizing Gas\n|move|p1a: Samurott|Aqua Cutter|p2a: Weezing\n|-damage|p2a: Weezing|65\/100\n|\n|-heal|p2a: Weezing|71\/100|[from] item: Black Sludge\n|upkeep\n|turn|5\n|\n|t:|1700336575\n|move|p1a: Samurott|Aqua Cutter|p2a: Weezing\n|-damage|p2a: Weezing|32\/100\n|move|p2a: Weezing|Will-O-Wisp|p1a: Samurott|[miss]\n|-miss|p2a: Weezing|p1a: Samurott\n|\n|-heal|p2a: Weezing|38\/100|[from] item: Black Sludge\n|upkeep\n|turn|6\n|\n|t:|1700336590\n|move|p1a: Samurott|Aqua Cutter|p2a: Weezing\n|-damage|p2a: Weezing|2\/100\n|move|p2a: Weezing|Will-O-Wisp|p1a: Samurott\n|-status|p1a: Samurott|brn\n|\n|-heal|p2a: Weezing|8\/100|[from] item: Black Sludge\n|-damage|p1a: Samurott|44\/100 brn|[from] brn\n|upkeep\n|turn|7\n|\n|t:|1700336600\n|-end|p2a: Weezing|ability: Neutralizing Gas\n|switch|p2a: Grimmsnarl|Grimmsnarl, M|100\/100\n|move|p1a: Samurott|Aqua Cutter|p2a: Grimmsnarl\n|-damage|p2a: Grimmsnarl|56\/100\n|\n|-heal|p2a: Grimmsnarl|62\/100|[from] item: Leftovers\n|-damage|p1a: Samurott|38\/100 brn|[from] brn\n|upkeep\n|turn|8\n|\n|t:|1700336606\n|move|p1a: Samurott|Aqua Cutter|p2a: Grimmsnarl\n|-damage|p2a: Grimmsnarl|19\/100\n|move|p2a: Grimmsnarl|Drain Punch|p1a: Samurott\n|-supereffective|p1a: Samurott\n|-damage|p1a: Samurott|0 fnt\n|-heal|p2a: Grimmsnarl|35\/100|[from] drain|[of] p1a: Samurott\n|faint|p1a: Samurott\n|\n|-heal|p2a: Grimmsnarl|41\/100|[from] item: Leftovers\n|upkeep\n|\n|t:|1700336653\n|switch|p1a: Torkoal|Torkoal, F|100\/100\n|-weather|SunnyDay|[from] ability: Drought|[of] p1a: Torkoal\n|turn|9\n|\n|t:|1700336659\n|move|p2a: Grimmsnarl|Toxic|p1a: Torkoal|[miss]\n|-miss|p2a: Grimmsnarl|p1a: Torkoal\n|move|p1a: Torkoal|Lava Plume|p2a: Grimmsnarl\n|-damage|p2a: Grimmsnarl|9\/100\n|\n|-weather|SunnyDay|[upkeep]\n|-heal|p2a: Grimmsnarl|15\/100|[from] item: Leftovers\n|upkeep\n|turn|10\n|\n|t:|1700336666\n|switch|p1a: Grafaiai|Grafaiai, M|100\/100\n|move|p2a: Grimmsnarl|Parting Shot|p1a: Grafaiai\n|-unboost|p1a: Grafaiai|atk|1\n|-unboost|p1a: Grafaiai|spa|1\n|\n|t:|1700336685\n|switch|p2a: Tapu Koko|Tapu Koko|100\/100|[from] Parting Shot\n|-fieldstart|move: Electric Terrain|[from] ability: Electric Surge|[of] p2a: Tapu Koko\n|\n|-weather|SunnyDay|[upkeep]\n|upkeep\n|turn|11\n|\n|t:|1700336691\n|move|p1a: Grafaiai|Parting Shot|p2a: Tapu Koko\n|-unboost|p2a: Tapu Koko|atk|1\n|-unboost|p2a: Tapu Koko|spa|1\n|\n|t:|1700336702\n|switch|p1a: Ting-Lu|Ting-Lu|100\/100|[from] Parting Shot\n|-ability|p1a: Ting-Lu|Vessel of Ruin\n|move|p2a: Tapu Koko|U-turn|p1a: Ting-Lu\n|-supereffective|p1a: Ting-Lu\n|-damage|p1a: Ting-Lu|73\/100\n|\n|t:|1700336719\n|switch|p2a: Weezing|Weezing-Galar, M|8\/100|[from] U-turn\n|-ability|p2a: Weezing|Neutralizing Gas\n|\n|-weather|SunnyDay|[upkeep]\n|-heal|p2a: Weezing|14\/100|[from] item: Black Sludge\n|-heal|p1a: Ting-Lu|79\/100|[from] item: Leftovers\n|upkeep\n|turn|12\n|\n|t:|1700336732\n|move|p2a: Weezing|Pain Split|p1a: Ting-Lu\n|-sethp|p1a: Ting-Lu|44\/100|[from] move: Pain Split|[silent]\n|-sethp|p2a: Weezing|68\/100|[from] move: Pain Split\n|move|p1a: Ting-Lu|Earthquake|p2a: Weezing\n|-supereffective|p2a: Weezing\n|-damage|p2a: Weezing|18\/100\n|\n|-weather|SunnyDay|[upkeep]\n|-heal|p2a: Weezing|24\/100|[from] item: Black Sludge\n|-heal|p1a: Ting-Lu|50\/100|[from] item: Leftovers\n|upkeep\n|turn|13\n|\n|t:|1700336751\n|move|p2a: Weezing|Will-O-Wisp|p1a: Ting-Lu\n|-status|p1a: Ting-Lu|brn\n|move|p1a: Ting-Lu|Earthquake|p2a: Weezing\n|-supereffective|p2a: Weezing\n|-damage|p2a: Weezing|0 fnt\n|faint|p2a: Weezing\n|-end|p2a: Weezing|ability: Neutralizing Gas\n|-ability|p1a: Ting-Lu|Vessel of Ruin\n|\n|-weather|SunnyDay|[upkeep]\n|-heal|p1a: Ting-Lu|57\/100 brn|[from] item: Leftovers\n|-damage|p1a: Ting-Lu|50\/100 brn|[from] brn\n|upkeep\n|\n|t:|1700336757\n|switch|p2a: Centiskorch|Centiskorch-Sevii, M|100\/100\n|turn|14\n|\n|t:|1700336765\n|detailschange|p2a: Centiskorch|Centiskorch-Sevii-Mega, M\n|-mega|p2a: Centiskorch|Centiskorch|Centiskite Sevii\n|move|p2a: Centiskorch|Substitute|p2a: Centiskorch\n|-start|p2a: Centiskorch|Substitute\n|-damage|p2a: Centiskorch|76\/100\n|move|p1a: Ting-Lu|Whirlwind|p2a: Centiskorch\n|drag|p2a: Iron Thorns|Iron Thorns|100\/100\n|-activate|p2a: Iron Thorns|ability: Quark Drive\n|-start|p2a: Iron Thorns|quarkdriveatk\n|-item|p2a: Iron Thorns|Air Balloon\n|\n|-weather|SunnyDay|[upkeep]\n|-heal|p1a: Ting-Lu|57\/100 brn|[from] item: Leftovers\n|-damage|p1a: Ting-Lu|50\/100 brn|[from] brn\n|-fieldend|move: Electric Terrain\n|-end|p2a: Iron Thorns|Quark Drive\n|upkeep\n|turn|15\n|\n|t:|1700336782\n|-end|p2a: Iron Thorns|Quark Drive|[silent]\n|switch|p2a: Grimmsnarl|Grimmsnarl, M|15\/100\n|move|p1a: Ting-Lu|Spikes|p2a: Grimmsnarl\n|-sidestart|p2: bryenwww|Spikes\n|\n|-weather|SunnyDay|[upkeep]\n|-heal|p2a: Grimmsnarl|21\/100|[from] item: Leftovers\n|-heal|p1a: Ting-Lu|57\/100 brn|[from] item: Leftovers\n|-damage|p1a: Ting-Lu|50\/100 brn|[from] brn\n|upkeep\n|turn|16\n|\n|t:|1700336793\n|move|p2a: Grimmsnarl|Drain Punch|p1a: Ting-Lu\n|-supereffective|p1a: Ting-Lu\n|-damage|p1a: Ting-Lu|31\/100 brn\n|-heal|p2a: Grimmsnarl|34\/100|[from] drain|[of] p1a: Ting-Lu\n|move|p1a: Ting-Lu|Earthquake|p2a: Grimmsnarl\n|-damage|p2a: Grimmsnarl|11\/100\n|\n|-weather|none\n|-heal|p2a: Grimmsnarl|17\/100|[from] item: Leftovers\n|-heal|p1a: Ting-Lu|37\/100 brn|[from] item: Leftovers\n|-damage|p1a: Ting-Lu|31\/100 brn|[from] brn\n|upkeep\n|turn|17\n|\n|t:|1700336806\n|move|p2a: Grimmsnarl|Drain Punch|p1a: Ting-Lu\n|-supereffective|p1a: Ting-Lu\n|-damage|p1a: Ting-Lu|9\/100 brn\n|-heal|p2a: Grimmsnarl|31\/100|[from] drain|[of] p1a: Ting-Lu\n|move|p1a: Ting-Lu|Spikes|p2a: Grimmsnarl\n|-sidestart|p2: bryenwww|Spikes\n|\n|-heal|p2a: Grimmsnarl|37\/100|[from] item: Leftovers\n|-heal|p1a: Ting-Lu|15\/100 brn|[from] item: Leftovers\n|-damage|p1a: Ting-Lu|9\/100 brn|[from] brn\n|upkeep\n|turn|18\n|\n|t:|1700336812\n|move|p2a: Grimmsnarl|Drain Punch|p1a: Ting-Lu\n|-supereffective|p1a: Ting-Lu\n|-damage|p1a: Ting-Lu|0 fnt\n|-heal|p2a: Grimmsnarl|43\/100|[from] drain|[of] p1a: Ting-Lu\n|faint|p1a: Ting-Lu\n|\n|-heal|p2a: Grimmsnarl|49\/100|[from] item: Leftovers\n|upkeep\n|\n|t:|1700336822\n|switch|p1a: Grafaiai|Grafaiai, M|100\/100\n|turn|19\n|\n|t:|1700336855\n|move|p2a: Grimmsnarl|Parting Shot|p1a: Grafaiai\n|-unboost|p1a: Grafaiai|atk|1\n|-unboost|p1a: Grafaiai|spa|1\n|\n|t:|1700336858\n|switch|p2a: Tapu Koko|Tapu Koko|100\/100|[from] Parting Shot\n|-damage|p2a: Tapu Koko|84\/100|[from] Spikes\n|-fieldstart|move: Electric Terrain|[from] ability: Electric Surge|[of] p2a: Tapu Koko\n|move|p1a: Grafaiai|Return|p2a: Tapu Koko\n|-damage|p2a: Tapu Koko|48\/100\n|\n|upkeep\n|turn|20\n|\n|t:|1700336867\n|move|p1a: Grafaiai|Parting Shot|p2a: Tapu Koko\n|-unboost|p2a: Tapu Koko|atk|1\n|-unboost|p2a: Tapu Koko|spa|1\n|\n|t:|1700336885\n|switch|p1a: Torkoal|Torkoal, F|100\/100|[from] Parting Shot\n|-weather|SunnyDay|[from] ability: Drought|[of] p1a: Torkoal\n|move|p2a: Tapu Koko|Wild Charge|p1a: Torkoal\n|-damage|p1a: Torkoal|66\/100\n|-damage|p2a: Tapu Koko|37\/100|[from] Recoil\n|\n|-weather|SunnyDay|[upkeep]\n|upkeep\n|turn|21\n|\n|t:|1700336896\n|switch|p2a: Heatran|Heatran, M|100\/100\n|-damage|p2a: Heatran|84\/100|[from] Spikes\n|move|p1a: Torkoal|Lava Plume|p2a: Heatran\n|-start|p2a: Heatran|ability: Flash Fire\n|\n|-weather|SunnyDay|[upkeep]\n|-heal|p2a: Heatran|90\/100|[from] item: Leftovers\n|upkeep\n|turn|22\n|\n|t:|1700336925\n|move|p2a: Heatran|Magma Storm|p1a: Torkoal\n|-resisted|p1a: Torkoal\n|-damage|p1a: Torkoal|0 fnt\n|faint|p1a: Torkoal\n|\n|-weather|SunnyDay|[upkeep]\n|-heal|p2a: Heatran|96\/100|[from] item: Leftovers\n|upkeep\n|\n|t:|1700336935\n|switch|p1a: Delphox|Delphox, F|100\/100\n|turn|23\n|\n|t:|1700336941\n|move|p1a: Delphox|Scorching Sands|p2a: Heatran\n|-supereffective|p2a: Heatran\n|-damage|p2a: Heatran|41\/100\n|move|p2a: Heatran|Magma Storm|p1a: Delphox\n|-resisted|p1a: Delphox\n|-damage|p1a: Delphox|41\/100\n|-activate|p1a: Delphox|move: Magma Storm|[of] p2a: Heatran\n|\n|-weather|SunnyDay|[upkeep]\n|-heal|p2a: Heatran|48\/100|[from] item: Leftovers\n|-fieldend|move: Electric Terrain\n|upkeep\n|turn|24\n|\n|t:|1700336949\n|move|p2a: Heatran|Protect|p2a: Heatran\n|-singleturn|p2a: Heatran|Protect\n|move|p1a: Delphox|Scorching Sands|p2a: Heatran\n|-activate|p2a: Heatran|move: Protect\n|\n|-weather|SunnyDay|[upkeep]\n|-heal|p2a: Heatran|54\/100|[from] item: Leftovers\n|upkeep\n|turn|25\n|\n|t:|1700336962\n|-end|p2a: Heatran|ability: Flash Fire|[silent]\n|switch|p2a: Iron Thorns|Iron Thorns|100\/100\n|-item|p2a: Iron Thorns|Air Balloon\n|move|p1a: Delphox|Scorching Sands|p2a: Iron Thorns\n|-immune|p2a: Iron Thorns\n|\n|-weather|SunnyDay|[upkeep]\n|-end|p1a: Delphox|Magma Storm|[partiallytrapped]|[silent]\n|upkeep\n|turn|26\n|\n|t:|1700336968\n|switch|p1a: Audino|Audino, F|100\/100\n|move|p2a: Iron Thorns|Accelerock|p1a: Audino\n|-damage|p1a: Audino|79\/100\n|\n|-weather|SunnyDay|[upkeep]\n|upkeep\n|turn|27\n|\n|t:|1700336982\n|-end|p2a: Iron Thorns|Quark Drive|[silent]\n|switch|p2a: Centiskorch|Centiskorch-Sevii-Mega, M|76\/100\n|-damage|p2a: Centiskorch|59\/100|[from] Spikes\n|detailschange|p1a: Audino|Audino-Mega, F\n|-mega|p1a: Audino|Audino|Audinite\n|move|p1a: Audino|Wish|p1a: Audino\n|\n|-weather|none\n|upkeep\n|turn|28\n|\n|t:|1700336998\n|move|p2a: Centiskorch|Substitute|p2a: Centiskorch\n|-start|p2a: Centiskorch|Substitute\n|-damage|p2a: Centiskorch|34\/100\n|move|p1a: Audino|Teleport|p1a: Audino\n|\n|t:|1700337000\n|switch|p1a: Grafaiai|Grafaiai, M|100\/100|[from] Teleport\n|\n|upkeep\n|turn|29\n|\n|t:|1700337004\n|move|p1a: Grafaiai|Return|p2a: Centiskorch\n|-end|p2a: Centiskorch|Substitute\n|move|p2a: Centiskorch|Earthquake|p1a: Grafaiai\n|-supereffective|p1a: Grafaiai\n|-enditem|p1a: Grafaiai|Focus Sash\n|-damage|p1a: Grafaiai|1\/100\n|\n|upkeep\n|turn|30\n|\n|t:|1700337013\n|move|p1a: Grafaiai|Return|p2a: Centiskorch\n|-damage|p2a: Centiskorch|0 fnt\n|faint|p2a: Centiskorch\n|\n|upkeep\n|\n|t:|1700337019\n|switch|p2a: Grimmsnarl|Grimmsnarl, M|49\/100\n|-damage|p2a: Grimmsnarl|32\/100|[from] Spikes\n|turn|31\n|\n|t:|1700337027\n|move|p1a: Grafaiai|Return|p2a: Grimmsnarl\n|-damage|p2a: Grimmsnarl|0 fnt\n|faint|p2a: Grimmsnarl\n|\n|upkeep\n|\n|t:|1700337037\n|switch|p2a: Tapu Koko|Tapu Koko|37\/100\n|-damage|p2a: Tapu Koko|21\/100|[from] Spikes\n|-fieldstart|move: Electric Terrain|[from] ability: Electric Surge|[of] p2a: Tapu Koko\n|turn|32\n|\n|t:|1700337045\n|move|p1a: Grafaiai|Parting Shot|p2a: Tapu Koko\n|-unboost|p2a: Tapu Koko|atk|1\n|-unboost|p2a: Tapu Koko|spa|1\n|\n|t:|1700337047\n|switch|p1a: Audino|Audino-Mega, F|100\/100|[from] Parting Shot\n|move|p2a: Tapu Koko|Wild Charge|p1a: Audino\n|-damage|p1a: Audino|59\/100\n|-damage|p2a: Tapu Koko|5\/100|[from] Recoil\n|\n|upkeep\n|turn|33\n|\n|t:|1700337053\n|move|p2a: Tapu Koko|Wild Charge|p1a: Audino\n|-damage|p1a: Audino|18\/100\n|-damage|p2a: Tapu Koko|0 fnt|[from] Recoil\n|faint|p2a: Tapu Koko\n|move|p1a: Audino|Wish|p1a: Audino\n|\n|upkeep\n|\n|t:|1700337059\n|switch|p2a: Iron Thorns|Iron Thorns|100\/100\n|-activate|p2a: Iron Thorns|ability: Quark Drive\n|-start|p2a: Iron Thorns|quarkdriveatk\n|-item|p2a: Iron Thorns|Air Balloon\n|turn|34\n|\n|t:|1700337066\n|move|p2a: Iron Thorns|Dragon Dance|p2a: Iron Thorns\n|-boost|p2a: Iron Thorns|atk|1\n|-boost|p2a: Iron Thorns|spe|1\n|move|p1a: Audino|Teleport|p1a: Audino\n|\n|t:|1700337070\n|switch|p1a: Delphox|Delphox, F|41\/100|[from] Teleport\n|\n|-heal|p1a: Delphox|100\/100|[from] move: Wish|[wisher] Audino\n|upkeep\n|turn|35\n|\n|t:|1700337081\n|move|p1a: Delphox|Trick|p2a: Iron Thorns\n|-activate|p1a: Delphox|move: Trick|[of] p2a: Iron Thorns\n|-item|p2a: Iron Thorns|Choice Scarf|[from] move: Trick\n|-item|p1a: Delphox|Air Balloon\n|-item|p1a: Delphox|Air Balloon|[from] move: Trick\n|move|p2a: Iron Thorns|Fusion Bolt|p1a: Delphox\n|-damage|p1a: Delphox|0 fnt\n|-enditem|p1a: Delphox|Air Balloon\n|faint|p1a: Delphox\n|\n|upkeep\n|\n|t:|1700337097\n|switch|p1a: Audino|Audino-Mega, F|51\/100\n|turn|36\n|\n|t:|1700337102\n|move|p2a: Iron Thorns|Fusion Bolt|p1a: Audino\n|-damage|p1a: Audino|0 fnt\n|faint|p1a: Audino\n|\n|-fieldend|move: Electric Terrain\n|-end|p2a: Iron Thorns|Quark Drive\n|upkeep\n|\n|t:|1700337105\n|switch|p1a: Grafaiai|Grafaiai, M|1\/100\n|turn|37\n|\n|t:|1700337108\n|move|p1a: Grafaiai|Spore|p2a: Iron Thorns\n|-status|p2a: Iron Thorns|slp|[from] move: Spore\n|cant|p2a: Iron Thorns|slp\n|\n|upkeep\n|turn|38\n|\n|t:|1700337114\n|cant|p2a: Iron Thorns|slp\n|move|p1a: Grafaiai|Return|p2a: Iron Thorns\n|-resisted|p2a: Iron Thorns\n|-damage|p2a: Iron Thorns|83\/100 slp\n|\n|upkeep\n|turn|39\n|\n|t:|1700337121\n|cant|p2a: Iron Thorns|slp\n|move|p1a: Grafaiai|Return|p2a: Iron Thorns\n|-resisted|p2a: Iron Thorns\n|-damage|p2a: Iron Thorns|64\/100 slp\n|\n|upkeep\n|turn|40\n|\n|t:|1700337125\n|-curestatus|p2a: Iron Thorns|slp|[msg]\n|move|p2a: Iron Thorns|Fusion Bolt|p1a: Grafaiai\n|-damage|p1a: Grafaiai|0 fnt\n|faint|p1a: Grafaiai\n|\n|win|bryenwww\n","uploadtime":1700337200,"views":5,"p1id":"manaphoebe","p2id":"bryenwww","formatid":"gen9ubers","rating":0,"private":0,"password":""}