{"id":"radicalred-gen9ubers-547047","p1":"anderproyt","p2":"ivancuervo2007","format":"[Gen 9] Ubers","log":"|j|\u2606anderproyt\n|j|\u2606ivancuervo2007\n|t:|1700076657\n|gametype|singles\n|player|p1|anderproyt|rr-tyranitar|\n|player|p2|ivancuervo2007|rr-gastrodon|\n|teamsize|p1|6\n|teamsize|p2|6\n|gen|9\n|tier|[Gen 9] Ubers\n|rule|Sleep Clause Mod: Limit one foe put to sleep\n|rule|Species Clause: Limit one of each Pok\u00e9mon\n|rule|OHKO Clause: OHKO moves are banned\n|rule|Evasion Abilities Clause: Evasion abilities are banned\n|rule|Evasion Items Clause: Evasion items are banned\n|rule|Evasion Moves Clause: Evasion moves are banned\n|rule|Endless Battle Clause: Forcing endless battles is banned\n|rule|HP Percentage Mod: HP is shown in percentages\n|rule|Dynamax Clause: You cannot dynamax\n|rule|Mega Rayquaza Clause: You cannot mega evolve Rayquaza\n|clearpoke\n|poke|p1|Obstagoon, F|\n|poke|p1|Nidoking, M|\n|poke|p1|Cinccino, F|\n|poke|p1|Grafaiai, F|\n|poke|p1|Venusaur, M|\n|poke|p1|Cyclizar, M|\n|poke|p2|Metagross|\n|poke|p2|Politoed, M|\n|poke|p2|Tapu Fini|\n|poke|p2|Poliwrath, M|\n|poke|p2|Magnezone|\n|poke|p2|Kingambit, M|\n|teampreview\n|c|\u2606anderproyt|si supieras q el q uses rain team me mata una strat\n|\n|t:|1700076709\n|start\n|switch|p1a: Cinccino|Cinccino, F|100\/100\n|switch|p2a: Gustabo|Politoed, M|100\/100\n|-weather|RainDance|[from] ability: Drizzle|[of] p2a: Gustabo\n|turn|1\n|\n|t:|1700076718\n|move|p1a: Cinccino|Bullet Seed|p2a: Gustabo\n|-supereffective|p2a: Gustabo\n|-damage|p2a: Gustabo|85\/100\n|-supereffective|p2a: Gustabo\n|-damage|p2a: Gustabo|70\/100\n|-supereffective|p2a: Gustabo\n|-damage|p2a: Gustabo|54\/100\n|-supereffective|p2a: Gustabo\n|-damage|p2a: Gustabo|38\/100\n|-supereffective|p2a: Gustabo\n|-damage|p2a: Gustabo|22\/100\n|-hitcount|p2a: Gustabo|5\n|move|p2a: Gustabo|Focus Blast|p1a: Cinccino\n|-supereffective|p1a: Cinccino\n|-damage|p1a: Cinccino|0 fnt\n|faint|p1a: Cinccino\n|\n|-weather|RainDance|[upkeep]\n|upkeep\n|c|\u2606anderproyt|a\n|\n|t:|1700076743\n|switch|p1a: Nidoking|Nidoking, M|100\/100\n|turn|2\n|\n|t:|1700076748\n|switch|p2a: Genaro|Poliwrath, M|100\/100\n|move|p1a: Nidoking|Earth Power|p2a: Genaro\n|-damage|p2a: Genaro|48\/100\n|\n|-weather|RainDance|[upkeep]\n|upkeep\n|turn|3\n|\n|t:|1700076760\n|switch|p1a: Venusaur|Venusaur, M|100\/100\n|move|p2a: Genaro|Surging Strikes|p1a: Venusaur\n|-resisted|p1a: Venusaur\n|-crit|p1a: Venusaur\n|-damage|p1a: Venusaur|81\/100\n|-resisted|p1a: Venusaur\n|-crit|p1a: Venusaur\n|-damage|p1a: Venusaur|64\/100\n|-resisted|p1a: Venusaur\n|-crit|p1a: Venusaur\n|-damage|p1a: Venusaur|46\/100\n|-hitcount|p1a: Venusaur|3\n|-damage|p2a: Genaro|38\/100|[from] item: Life Orb\n|\n|-weather|RainDance|[upkeep]\n|upkeep\n|turn|4\n|\n|t:|1700076774\n|detailschange|p1a: Venusaur|Venusaur-Mega, M\n|-mega|p1a: Venusaur|Venusaur|Venusaurite\n|move|p2a: Genaro|Flip Turn|p1a: Venusaur\n|-resisted|p1a: Venusaur\n|-damage|p1a: Venusaur|25\/100\n|-damage|p2a: Genaro|28\/100|[from] item: Life Orb\n|\n|t:|1700076783\n|switch|p2a: Eta|Metagross, shiny|100\/100|[from] Flip Turn\n|move|p1a: Venusaur|Energy Ball|p2a: Eta\n|-resisted|p2a: Eta\n|-damage|p2a: Eta|72\/100\n|\n|-weather|RainDance|[upkeep]\n|upkeep\n|turn|5\n|\n|t:|1700076791\n|detailschange|p2a: Eta|Metagross-Mega, shiny\n|-mega|p2a: Eta|Metagross|Metagrossite\n|move|p2a: Eta|Meteor Mash|p1a: Venusaur\n|-damage|p1a: Venusaur|0 fnt\n|faint|p1a: Venusaur\n|\n|-weather|RainDance|[upkeep]\n|upkeep\n|\n|t:|1700076797\n|switch|p1a: Graficos|Grafaiai, F|100\/100\n|turn|6\n|\n|t:|1700076811\n|switch|p2a: Tabu|Tapu Fini|100\/100\n|-fieldstart|move: Misty Terrain|[from] ability: Misty Surge|[of] p2a: Tabu\n|move|p1a: Graficos|Will-O-Wisp|p2a: Tabu\n|-activate|p2a: Tabu|move: Misty Terrain\n|\n|-weather|RainDance|[upkeep]\n|upkeep\n|turn|7\n|\n|t:|1700076821\n|switch|p1a: Nidoking|Nidoking, M|100\/100\n|switch|p2a: Eta|Metagross-Mega, shiny|72\/100\n|\n|-weather|RainDance|[upkeep]\n|upkeep\n|turn|8\n|\n|t:|1700076832\n|move|p1a: Nidoking|Earth Power|p2a: Eta\n|-supereffective|p2a: Eta\n|-damage|p2a: Eta|0 fnt\n|faint|p2a: Eta\n|\n|-weather|none\n|upkeep\n|c|\u2606anderproyt|a casa\n|\n|t:|1700076843\n|switch|p2a: Tabu|Tapu Fini|100\/100\n|turn|9\n|\n|t:|1700076849\n|switch|p1a: Motorizer|Cyclizar, M|100\/100\n|move|p2a: Tabu|Moonblast|p1a: Motorizer\n|-supereffective|p1a: Motorizer\n|-damage|p1a: Motorizer|0 fnt\n|faint|p1a: Motorizer\n|\n|upkeep\n|\n|t:|1700076857\n|switch|p1a: Nidoking|Nidoking, M|100\/100\n|turn|10\n|c|\u2606anderproyt|sacrificios necesarios\n|\n|t:|1700076869\n|switch|p2a: ThundaThubda|Magnezone|100\/100\n|-item|p2a: ThundaThubda|Air Balloon\n|move|p1a: Nidoking|Sludge Wave|p2a: ThundaThubda\n|-immune|p2a: ThundaThubda\n|\n|-fieldend|Misty Terrain\n|upkeep\n|turn|11\n|\n|t:|1700076878\n|switch|p1a: Obstagoon|Obstagoon, F|100\/100\n|move|p2a: ThundaThubda|Volt Switch|p1a: Obstagoon\n|-damage|p1a: Obstagoon|39\/100\n|\n|t:|1700076884\n|switch|p2a: Tabu|Tapu Fini|100\/100|[from] Volt Switch\n|-fieldstart|move: Misty Terrain|[from] ability: Misty Surge|[of] p2a: Tabu\n|\n|upkeep\n|turn|12\n|c|\u2606anderproyt|ese fini sera scarf?\n|\n|t:|1700076895\n|move|p1a: Obstagoon|Obstruct|p1a: Obstagoon\n|-singleturn|p1a: Obstagoon|Protect\n|move|p2a: Tabu|Scald|p1a: Obstagoon\n|-activate|p1a: Obstagoon|move: Protect\n|\n|upkeep\n|turn|13\n|\n|t:|1700076906\n|move|p1a: Obstagoon|Cross Poison|p2a: Tabu\n|-supereffective|p2a: Tabu\n|-damage|p2a: Tabu|69\/100\n|move|p2a: Tabu|Scald|p1a: Obstagoon\n|-damage|p1a: Obstagoon|0 fnt\n|faint|p1a: Obstagoon\n|\n|-heal|p2a: Tabu|75\/100|[from] item: Leftovers\n|upkeep\n|\n|t:|1700076915\n|switch|p1a: Nidoking|Nidoking, M|100\/100\n|turn|14\n|\n|t:|1700076928\n|move|p1a: Nidoking|Earth Power|p2a: Tabu\n|-damage|p2a: Tabu|38\/100\n|move|p2a: Tabu|Scald|p1a: Nidoking\n|-supereffective|p1a: Nidoking\n|-damage|p1a: Nidoking|0 fnt\n|faint|p1a: Nidoking\n|\n|-heal|p2a: Tabu|44\/100|[from] item: Leftovers\n|upkeep\n|-message|anderproyt forfeited.\n|\n|win|ivancuervo2007\n|c|\u2606anderproyt|no puedo\n|c|\u2606anderproyt|aun con veneno\n|c|\u2606ivancuervo2007|Gg\n|c|\u2606anderproyt|las hadas\n|c|\u2606anderproyt|toco sacar al motorizer\n","uploadtime":1700076957,"views":38,"p1id":"anderproyt","p2id":"ivancuervo2007","formatid":"gen9ubers","rating":0,"private":0,"password":""}