{"id":"radicalred-gen9ubers-551571","p1":"Gladiator_Kraken","p2":"ThisOneZoroark","format":"[Gen 9] Ubers","log":"|j|\u2606Gladiator_Kraken\n|j|\u2606ThisOneZoroark\n|t:|1701104898\n|gametype|singles\n|player|p1|Gladiator_Kraken|gladiatorkraken.png|\n|player|p2|ThisOneZoroark|rr-koraidon|\n|teamsize|p1|6\n|teamsize|p2|6\n|gen|9\n|tier|[Gen 9] Ubers\n|rule|Sleep Clause Mod: Limit one foe put to sleep\n|rule|Species Clause: Limit one of each Pok\u00e9mon\n|rule|OHKO Clause: OHKO moves are banned\n|rule|Evasion Abilities Clause: Evasion abilities are banned\n|rule|Evasion Items Clause: Evasion items are banned\n|rule|Evasion Moves Clause: Evasion moves are banned\n|rule|Endless Battle Clause: Forcing endless battles is banned\n|rule|HP Percentage Mod: HP is shown in percentages\n|rule|Dynamax Clause: You cannot dynamax\n|rule|Mega Rayquaza Clause: You cannot mega evolve Rayquaza\n|clearpoke\n|poke|p1|Arceus|\n|poke|p1|Deoxys-Speed|\n|poke|p1|Groudon|\n|poke|p1|Zacian-*|\n|poke|p1|Darmanitan-Galar, F|\n|poke|p1|Calyrex-Shadow|\n|poke|p2|Arceus-Fairy|\n|poke|p2|Ho-Oh|\n|poke|p2|Zygarde|\n|poke|p2|Necrozma-Dusk-Mane|\n|poke|p2|Gengar, F|\n|poke|p2|Yveltal|\n|teampreview\n|c|\u2606ThisOneZoroark|glhf\n|\n|t:|1701104928\n|start\n|switch|p1a: Deoxys|Deoxys-Speed|100\/100\n|switch|p2a: Gengar|Gengar, F|100\/100\n|-ability|p1a: Deoxys|Pressure\n|turn|1\n|c|\u2606Gladiator_Kraken|glhf\n|\n|t:|1701104943\n|switch|p2a: Yveltal|Yveltal|100\/100\n|-ability|p2a: Yveltal|Dark Aura\n|move|p1a: Deoxys|Stealth Rock|p2a: Yveltal\n|-sidestart|p2: ThisOneZoroark|move: Stealth Rock\n|\n|upkeep\n|turn|2\n|\n|t:|1701104958\n|switch|p1a: Zacian|Zacian-Crowned|100\/100\n|-ability|p1a: Zacian|Intrepid Sword|boost\n|-boost|p1a: Zacian|atk|1\n|move|p2a: Yveltal|Knock Off|p1a: Zacian\n|-resisted|p1a: Zacian\n|-damage|p1a: Zacian|84\/100\n|\n|upkeep\n|turn|3\n|\n|t:|1701104965\n|move|p1a: Zacian|Swords Dance|p1a: Zacian\n|-boost|p1a: Zacian|atk|2\n|move|p2a: Yveltal|Defog|p1a: Zacian\n|-unboost|p1a: Zacian|evasion|1\n|-sideend|p2: ThisOneZoroark|Stealth Rock|[from] move: Defog|[of] p2a: Yveltal\n|\n|upkeep\n|turn|4\n|\n|t:|1701104971\n|move|p1a: Zacian|Play Rough|p2a: Yveltal\n|-supereffective|p2a: Yveltal\n|-damage|p2a: Yveltal|0 fnt\n|faint|p2a: Yveltal\n|\n|upkeep\n|\n|t:|1701104987\n|switch|p2a: Gengar|Gengar, F|100\/100\n|turn|5\n|\n|t:|1701104998\n|detailschange|p2a: Gengar|Gengar-Mega, F\n|-mega|p2a: Gengar|Gengar|Gengarite\n|move|p1a: Zacian|Wild Charge|p2a: Gengar\n|-damage|p2a: Gengar|0 fnt\n|faint|p2a: Gengar\n|-damage|p1a: Zacian|64\/100|[from] Recoil\n|\n|upkeep\n|\n|t:|1701105005\n|switch|p2a: Arceus|Arceus-Fairy|100\/100\n|turn|6\n|\n|t:|1701105008\n|move|p1a: Zacian|Play Rough|p2a: Arceus\n|-crit|p2a: Arceus\n|-damage|p2a: Arceus|0 fnt\n|faint|p2a: Arceus\n|\n|upkeep\n|c|\u2606ThisOneZoroark|now that's just rude\n|\n|t:|1701105022\n|switch|p2a: Necrozma|Necrozma-Dusk-Mane|100\/100\n|turn|7\n|c|\u2606Gladiator_Kraken|thats fucked up\n|\n|t:|1701105034\n|move|p1a: Zacian|Close Combat|p2a: Necrozma\n|-damage|p2a: Necrozma|34\/100\n|-unboost|p1a: Zacian|def|1\n|-unboost|p1a: Zacian|spd|1\n|move|p2a: Necrozma|Iron Head|p1a: Zacian\n|-damage|p1a: Zacian|8\/100\n|\n|-heal|p2a: Necrozma|40\/100|[from] item: Leftovers\n|upkeep\n|turn|8\n|\n|t:|1701105042\n|move|p1a: Zacian|Close Combat|p2a: Necrozma\n|-damage|p2a: Necrozma|0 fnt\n|-unboost|p1a: Zacian|def|1\n|-unboost|p1a: Zacian|spd|1\n|faint|p2a: Necrozma\n|\n|upkeep\n|\n|t:|1701105045\n|switch|p2a: Ho-Oh|Ho-Oh|100\/100\n|turn|9\n|\n|t:|1701105048\n|move|p1a: Zacian|Wild Charge|p2a: Ho-Oh\n|-supereffective|p2a: Ho-Oh\n|-damage|p2a: Ho-Oh|0 fnt\n|faint|p2a: Ho-Oh\n|-damage|p1a: Zacian|0 fnt|[from] Recoil\n|faint|p1a: Zacian\n|\n|upkeep\n|\n|t:|1701105052\n|switch|p1a: Darmanitan|Darmanitan-Galar, F|100\/100\n|switch|p2a: Zygarde|Zygarde|100\/100\n|turn|10\n|c|\u2606ThisOneZoroark|gg\n|\n|t:|1701105058\n|move|p1a: Darmanitan|Ice Hammer|p2a: Zygarde\n|-supereffective|p2a: Zygarde\n|-damage|p2a: Zygarde|0 fnt\n|faint|p2a: Zygarde\n|\n|win|Gladiator_Kraken\n|c|\u2606Gladiator_Kraken|ggwp\n|l|\u2606ThisOneZoroark\n","uploadtime":1701105063,"views":21,"p1id":"gladiatorkraken","p2id":"thisonezoroark","formatid":"gen9ubers","rating":0,"private":0,"password":""}