{"id":"radicalred-gen9ubers-539324","p1":"Minato uzo crack","p2":"santosmaconha","format":"[Gen 9] Ubers","log":"|j|\u2606Minato uzo crack\n|j|\u2606santosmaconha\n|t:|1698597737\n|gametype|singles\n|player|p1|Minato uzo crack|rr-tyranitar|\n|player|p2|santosmaconha|rr-beedrillmega|\n|teamsize|p1|6\n|teamsize|p2|6\n|gen|9\n|tier|[Gen 9] Ubers\n|rule|Sleep Clause Mod: Limit one foe put to sleep\n|rule|Species Clause: Limit one of each Pok\u00e9mon\n|rule|OHKO Clause: OHKO moves are banned\n|rule|Evasion Abilities Clause: Evasion abilities are banned\n|rule|Evasion Items Clause: Evasion items are banned\n|rule|Evasion Moves Clause: Evasion moves are banned\n|rule|Endless Battle Clause: Forcing endless battles is banned\n|rule|HP Percentage Mod: HP is shown in percentages\n|rule|Dynamax Clause: You cannot dynamax\n|rule|Mega Rayquaza Clause: You cannot mega evolve Rayquaza\n|clearpoke\n|poke|p1|Tapu Koko|\n|poke|p1|Primarina, M|\n|poke|p1|Xurkitree|\n|poke|p1|Magearna|\n|poke|p1|Melmetal|\n|poke|p1|Kommo-o, F|\n|poke|p2|Cinderace, M|\n|poke|p2|Rillaboom, F|\n|poke|p2|Corviknight, F|\n|poke|p2|Dragapult, F|\n|poke|p2|Hatterene, F|\n|poke|p2|Rapidash-Galar, F|\n|teampreview\n|inactive|Battle timer is ON: inactive players will automatically lose when time's up. (requested by Minato uzo crack)\n|inactive|santosmaconha has 270 seconds left.\n|inactive|santosmaconha has 240 seconds left.\n|\n|t:|1698597805\n|start\n|switch|p1a: Primarina|Primarina, M|100\/100\n|switch|p2a: Rillaboom|Rillaboom, F|100\/100\n|-fieldstart|move: Grassy Terrain|[from] ability: Grassy Surge|[of] p2a: Rillaboom\n|turn|1\n|\n|t:|1698597821\n|switch|p1a: Kommo-o|Kommo-o, F|100\/100\n|move|p2a: Rillaboom|U-turn|p1a: Kommo-o\n|-resisted|p1a: Kommo-o\n|-damage|p1a: Kommo-o|84\/100\n|\n|t:|1698597829\n|switch|p2a: Hatterene|Hatterene, F|100\/100|[from] U-turn\n|\n|-heal|p1a: Kommo-o|90\/100|[from] Grassy Terrain\n|upkeep\n|turn|2\n|\n|t:|1698597837\n|switch|p1a: Tapu Koko|Tapu Koko|100\/100\n|-fieldstart|move: Electric Terrain|[from] ability: Electric Surge|[of] p1a: Tapu Koko\n|move|p2a: Hatterene|Thunder Wave|p1a: Tapu Koko\n|-immune|p1a: Tapu Koko\n|\n|upkeep\n|turn|3\n|\n|t:|1698597850\n|switch|p2a: Rillaboom|Rillaboom, F|100\/100\n|-fieldstart|move: Grassy Terrain|[from] ability: Grassy Surge|[of] p2a: Rillaboom\n|move|p1a: Tapu Koko|Volt Switch|p2a: Rillaboom\n|-resisted|p2a: Rillaboom\n|-damage|p2a: Rillaboom|80\/100\n|\n|t:|1698597867\n|switch|p1a: Kommo-o|Kommo-o, F|90\/100|[from] Volt Switch\n|\n|-heal|p2a: Rillaboom|86\/100|[from] Grassy Terrain\n|-heal|p1a: Kommo-o|96\/100|[from] Grassy Terrain\n|upkeep\n|turn|4\n|\n|t:|1698597886\n|switch|p2a: Rapidash|Rapidash-Galar, F|100\/100\n|move|p1a: Kommo-o|Thunder Punch|p2a: Rapidash\n|-damage|p2a: Rapidash|63\/100\n|\n|-heal|p2a: Rapidash|69\/100|[from] Grassy Terrain\n|-heal|p1a: Kommo-o|100\/100|[from] Grassy Terrain\n|upkeep\n|turn|5\n|\n|t:|1698597897\n|switch|p2a: Hatterene|Hatterene, F|100\/100\n|switch|p1a: Primarina|Primarina, M|100\/100\n|\n|upkeep\n|turn|6\n|\n|t:|1698597905\n|move|p1a: Primarina|Hyper Voice|p2a: Hatterene\n|-damage|p2a: Hatterene|45\/100\n|-enditem|p2a: Hatterene|Red Card|[of] p1a: Primarina\n|drag|p1a: Melmetal|Melmetal|100\/100\n|move|p2a: Hatterene|Calm Mind|p2a: Hatterene\n|-boost|p2a: Hatterene|spa|1\n|-boost|p2a: Hatterene|spd|1\n|\n|-heal|p2a: Hatterene|50\/100|[from] Grassy Terrain\n|upkeep\n|turn|7\n|\n|t:|1698597917\n|switch|p2a: Corviknight|Corviknight, F|100\/100\n|-ability|p2a: Corviknight|Pressure\n|move|p1a: Melmetal|Thunder Punch|p2a: Corviknight\n|-supereffective|p2a: Corviknight\n|-damage|p2a: Corviknight|23\/100\n|-damage|p1a: Melmetal|84\/100|[from] item: Rocky Helmet|[of] p2a: Corviknight\n|\n|-heal|p1a: Melmetal|90\/100|[from] Grassy Terrain\n|-fieldend|move: Grassy Terrain\n|upkeep\n|turn|8\n|\n|t:|1698597932\n|switch|p2a: Cinderace|Cinderace, M|100\/100\n|switch|p1a: Primarina|Primarina, M|100\/100\n|\n|upkeep\n|turn|9\n|\n|t:|1698597939\n|move|p2a: Cinderace|Gunk Shot|p1a: Primarina\n|-start|p2a: Cinderace|typechange|Poison|[from] ability: Libero\n|-supereffective|p1a: Primarina\n|-damage|p1a: Primarina|0 fnt\n|faint|p1a: Primarina\n|\n|upkeep\n|\n|t:|1698597953\n|switch|p1a: Xurkitree|Xurkitree|100\/100\n|turn|10\n|\n|t:|1698597970\n|move|p1a: Xurkitree|Volt Switch|p2a: Cinderace\n|-damage|p2a: Cinderace|40\/100\n|\n|t:|1698597976\n|switch|p1a: Kommo-o|Kommo-o, F|100\/100|[from] Volt Switch\n|move|p2a: Cinderace|Pyro Ball|p1a: Kommo-o\n|-start|p2a: Cinderace|typechange|Fire|[from] ability: Libero\n|-immune|p1a: Kommo-o|[from] ability: Bulletproof\n|\n|upkeep\n|turn|11\n|\n|t:|1698597997\n|switch|p2a: Hatterene|Hatterene, F|50\/100\n|move|p1a: Kommo-o|Thunder Punch|p2a: Hatterene\n|-damage|p2a: Hatterene|28\/100\n|\n|upkeep\n|turn|12\n|\n|t:|1698598004\n|switch|p1a: Tapu Koko|Tapu Koko|100\/100\n|-fieldstart|move: Electric Terrain|[from] ability: Electric Surge|[of] p1a: Tapu Koko\n|move|p2a: Hatterene|Draining Kiss|p1a: Tapu Koko\n|-damage|p1a: Tapu Koko|68\/100\n|-heal|p2a: Hatterene|49\/100|[from] drain|[of] p1a: Tapu Koko\n|\n|upkeep\n|turn|13\n|\n|t:|1698598012\n|switch|p2a: Rillaboom|Rillaboom, F|86\/100\n|-fieldstart|move: Grassy Terrain|[from] ability: Grassy Surge|[of] p2a: Rillaboom\n|move|p1a: Tapu Koko|Volt Switch|p2a: Rillaboom\n|-resisted|p2a: Rillaboom\n|-damage|p2a: Rillaboom|66\/100\n|\n|t:|1698598032\n|switch|p1a: Melmetal|Melmetal|90\/100|[from] Volt Switch\n|\n|-heal|p2a: Rillaboom|72\/100|[from] Grassy Terrain\n|-heal|p1a: Melmetal|96\/100|[from] Grassy Terrain\n|upkeep\n|turn|14\n|\n|t:|1698598040\n|move|p2a: Rillaboom|High Horsepower|p1a: Melmetal\n|-supereffective|p1a: Melmetal\n|-damage|p1a: Melmetal|47\/100\n|move|p1a: Melmetal|Double Iron Bash|p2a: Rillaboom\n|-damage|p2a: Rillaboom|0 fnt\n|faint|p2a: Rillaboom\n|-hitcount|p2: Rillaboom|1\n|\n|-heal|p1a: Melmetal|53\/100|[from] Grassy Terrain\n|upkeep\n|\n|t:|1698598049\n|switch|p2a: Dragapult|Dragapult, F|100\/100\n|turn|15\n|\n|t:|1698598056\n|move|p2a: Dragapult|Fire Blast|p1a: Melmetal\n|-supereffective|p1a: Melmetal\n|-damage|p1a: Melmetal|0 fnt\n|faint|p1a: Melmetal\n|\n|upkeep\n|\n|t:|1698598063\n|switch|p1a: Tapu Koko|Tapu Koko|68\/100\n|-fieldstart|move: Electric Terrain|[from] ability: Electric Surge|[of] p1a: Tapu Koko\n|turn|16\n|\n|t:|1698598076\n|move|p2a: Dragapult|Fire Blast|p1a: Tapu Koko\n|-damage|p1a: Tapu Koko|0 fnt\n|faint|p1a: Tapu Koko\n|\n|upkeep\n|\n|t:|1698598081\n|switch|p1a: Kommo-o|Kommo-o, F|100\/100\n|turn|17\n|\n|t:|1698598090\n|switch|p2a: Hatterene|Hatterene, F|49\/100\n|move|p1a: Kommo-o|Ice Punch|p2a: Hatterene\n|-damage|p2a: Hatterene|29\/100\n|-status|p2a: Hatterene|frz\n|\n|-damage|p2a: Hatterene|23\/100 frz|[from] frz\n|upkeep\n|turn|18\n|\n|t:|1698598097\n|move|p1a: Kommo-o|Thunder Punch|p2a: Hatterene\n|-damage|p2a: Hatterene|0 fnt\n|faint|p2a: Hatterene\n|\n|upkeep\n|\n|t:|1698598103\n|switch|p2a: Rapidash|Rapidash-Galar, F|69\/100\n|turn|19\n|\n|t:|1698598108\n|switch|p1a: Xurkitree|Xurkitree|100\/100\n|move|p2a: Rapidash|Play Rough|p1a: Xurkitree\n|-damage|p1a: Xurkitree|48\/100\n|-unboost|p1a: Xurkitree|atk|1\n|\n|upkeep\n|turn|20\n|\n|t:|1698598114\n|move|p2a: Rapidash|Play Rough|p1a: Xurkitree\n|-damage|p1a: Xurkitree|0 fnt\n|faint|p1a: Xurkitree\n|\n|-fieldend|move: Electric Terrain\n|upkeep\n|\n|t:|1698598118\n|switch|p1a: Magearna|Magearna|100\/100\n|turn|21\n|\n|t:|1698598122\n|switch|p2a: Corviknight|Corviknight, F|23\/100\n|-ability|p2a: Corviknight|Pressure\n|move|p1a: Magearna|Shift Gear|p1a: Magearna\n|-boost|p1a: Magearna|spe|2\n|-boost|p1a: Magearna|atk|1\n|\n|upkeep\n|turn|22\n|\n|t:|1698598141\n|switch|p2a: Rapidash|Rapidash-Galar, F|69\/100\n|move|p1a: Magearna|Shift Gear|p1a: Magearna\n|-boost|p1a: Magearna|spe|2\n|-boost|p1a: Magearna|atk|1\n|\n|upkeep\n|turn|23\n|\n|t:|1698598147\n|move|p2a: Rapidash|Flare Blitz|p1a: Magearna\n|-supereffective|p1a: Magearna\n|-damage|p1a: Magearna|11\/100\n|-damage|p2a: Rapidash|29\/100|[from] Recoil\n|move|p1a: Magearna|Flash Cannon|p2a: Rapidash\n|-damage|p2a: Rapidash|0 fnt\n|faint|p2a: Rapidash\n|-ability|p1a: Magearna|Soul-Heart|boost\n|-boost|p1a: Magearna|spa|1\n|\n|-heal|p1a: Magearna|17\/100|[from] item: Leftovers\n|upkeep\n|c|\u2606santosmaconha|fodase\n|\n|t:|1698598160\n|switch|p2a: Corviknight|Corviknight, F|23\/100\n|-ability|p2a: Corviknight|Pressure\n|turn|24\n|\n|t:|1698598175\n|move|p1a: Magearna|Draining Kiss|p2a: Corviknight\n|-resisted|p2a: Corviknight\n|-damage|p2a: Corviknight|0 fnt\n|-heal|p1a: Magearna|35\/100|[from] drain|[of] p2a: Corviknight\n|-damage|p1a: Magearna|19\/100|[from] item: Rocky Helmet|[of] p2a: Corviknight\n|faint|p2a: Corviknight\n|-ability|p1a: Magearna|Soul-Heart|boost\n|-boost|p1a: Magearna|spa|1\n|\n|-heal|p1a: Magearna|25\/100|[from] item: Leftovers\n|upkeep\n|-message|santosmaconha forfeited.\n|\n|win|Minato uzo crack\n|l|\u2606santosmaconha\n","uploadtime":1698598189,"views":9,"p1id":"minatouzocrack","p2id":"santosmaconha","formatid":"gen9ubers","rating":0,"private":0,"password":""}