{"id":"radicalred-gen9ubers-531395","p1":"AphroditeIsReal","p2":"Shotokekipurin","format":"[Gen 9] Ubers","log":"|j|\u2606AphroditeIsReal\n|j|\u2606Shotokekipurin\n|t:|1697397788\n|gametype|singles\n|player|p1|AphroditeIsReal|rr-mawilemega|\n|player|p2|Shotokekipurin|rr-regice|\n|teamsize|p1|6\n|teamsize|p2|6\n|gen|9\n|tier|[Gen 9] Ubers\n|rule|Sleep Clause Mod: Limit one foe put to sleep\n|rule|Species Clause: Limit one of each Pok\u00e9mon\n|rule|OHKO Clause: OHKO moves are banned\n|rule|Evasion Abilities Clause: Evasion abilities are banned\n|rule|Evasion Items Clause: Evasion items are banned\n|rule|Evasion Moves Clause: Evasion moves are banned\n|rule|Endless Battle Clause: Forcing endless battles is banned\n|rule|HP Percentage Mod: HP is shown in percentages\n|rule|Dynamax Clause: You cannot dynamax\n|rule|Mega Rayquaza Clause: You cannot mega evolve Rayquaza\n|clearpoke\n|poke|p1|Metagross|\n|poke|p1|Iron Leaves|\n|poke|p1|Tapu Lele|\n|poke|p1|Starmie|\n|poke|p1|Weavile, M|\n|poke|p1|Gallade, M|\n|poke|p2|Greninja-*, M|\n|poke|p2|Basculegion, M|\n|poke|p2|Butterfree, M|\n|poke|p2|Kingambit, F|\n|poke|p2|Iron Valiant|\n|poke|p2|Goodra-Hisui, M|\n|teampreview\n|c|\u2606Shotokekipurin|Gl and hf!\n|c|\u2606AphroditeIsReal|oh boy...\n|\n|t:|1697397820\n|start\n|switch|p1a: Metagross|Metagross, shiny|100\/100\n|switch|p2a: Goodra|Goodra-Hisui, M|100\/100\n|turn|1\n|\n|t:|1697397826\n|move|p1a: Metagross|Stealth Rock|p2a: Goodra\n|-sidestart|p2: Shotokekipurin|move: Stealth Rock\n|move|p2a: Goodra|Fire Blast|p1a: Metagross\n|-supereffective|p1a: Metagross\n|-damage|p1a: Metagross|50\/100\n|\n|upkeep\n|turn|2\n|\n|t:|1697397832\n|move|p1a: Metagross|Body Press|p2a: Goodra\n|-supereffective|p2a: Goodra\n|-damage|p2a: Goodra|48\/100\n|-ability|p2a: Goodra|Gooey\n|-unboost|p1a: Metagross|spe|1\n|move|p2a: Goodra|Fire Blast|p1a: Metagross\n|-supereffective|p1a: Metagross\n|-damage|p1a: Metagross|0 fnt\n|faint|p1a: Metagross\n|\n|upkeep\n|\n|t:|1697397843\n|switch|p1a: Tapu Lele|Tapu Lele|100\/100\n|-fieldstart|move: Psychic Terrain|[from] ability: Psychic Surge|[of] p1a: Tapu Lele\n|turn|3\n|\n|t:|1697397845\n|move|p1a: Tapu Lele|Focus Blast|p2a: Goodra|[miss]\n|-miss|p1a: Tapu Lele|p2a: Goodra\n|move|p2a: Goodra|Flash Cannon|p1a: Tapu Lele\n|-supereffective|p1a: Tapu Lele\n|-damage|p1a: Tapu Lele|4\/100\n|\n|upkeep\n|turn|4\n|\n|t:|1697397848\n|move|p1a: Tapu Lele|Focus Blast|p2a: Goodra\n|-supereffective|p2a: Goodra\n|-damage|p2a: Goodra|0 fnt\n|faint|p2a: Goodra\n|-damage|p1a: Tapu Lele|0 fnt|[from] item: Life Orb\n|faint|p1a: Tapu Lele\n|\n|upkeep\n|c|\u2606AphroditeIsReal|Why cant Tapu Lele learn Aura Sphere????\n|c|\u2606Shotokekipurin|Absolutely no idea??\n|c|\u2606AphroditeIsReal|Why must Focus Blast have 70% accuracy \ud83d\udc80\ud83d\udc80\ud83d\udc80\ud83d\udc80\n|\n|t:|1697397877\n|switch|p1a: Weavile|Weavile, M|100\/100\n|switch|p2a: Butterfree|Butterfree, M, shiny|100\/100\n|-damage|p2a: Butterfree|51\/100|[from] Stealth Rock\n|turn|5\n|\n|t:|1697397894\n|detailschange|p2a: Butterfree|Butterfree-Mega, M, shiny\n|-mega|p2a: Butterfree|Butterfree|Butterfrite\n|move|p1a: Weavile|Icicle Spear|p2a: Butterfree\n|-supereffective|p2a: Butterfree\n|-damage|p2a: Butterfree|14\/100\n|-supereffective|p2a: Butterfree\n|-damage|p2a: Butterfree|0 fnt\n|faint|p2a: Butterfree\n|-hitcount|p2: Butterfree|2\n|\n|upkeep\n|\n|t:|1697397899\n|switch|p2a: Greninja|Greninja, M, shiny|100\/100\n|-damage|p2a: Greninja|88\/100|[from] Stealth Rock\n|turn|6\n|\n|t:|1697397902\n|move|p2a: Greninja|Power-Up Punch|p1a: Weavile\n|-start|p2a: Greninja|typechange|Fighting|[from] ability: Protean\n|-supereffective|p1a: Weavile\n|-damage|p1a: Weavile|0 fnt\n|-boost|p2a: Greninja|atk|1\n|faint|p1a: Weavile\n|\n|upkeep\n|\n|t:|1697397907\n|switch|p1a: Starmie|Starmie|100\/100\n|turn|7\n|\n|t:|1697397924\n|switch|p2a: Iron Valiant|Iron Valiant, shiny|100\/100\n|-enditem|p2a: Iron Valiant|Booster Energy\n|-activate|p2a: Iron Valiant|ability: Quark Drive|[fromitem]\n|-start|p2a: Iron Valiant|quarkdrivespe\n|-damage|p2a: Iron Valiant|94\/100|[from] Stealth Rock\n|move|p1a: Starmie|Hydro Pump|p2a: Iron Valiant\n|-damage|p2a: Iron Valiant|8\/100\n|\n|-fieldend|move: Psychic Terrain\n|upkeep\n|turn|8\n|\n|t:|1697397929\n|move|p2a: Iron Valiant|X-Scissor|p1a: Starmie\n|-supereffective|p1a: Starmie\n|-damage|p1a: Starmie|14\/100\n|move|p1a: Starmie|Hydro Pump|p2a: Iron Valiant\n|-damage|p2a: Iron Valiant|0 fnt\n|faint|p2a: Iron Valiant\n|-end|p2a: Iron Valiant|Quark Drive|[silent]\n|\n|upkeep\n|\n|t:|1697397935\n|switch|p2a: Basculegion|Basculegion, M, shiny|100\/100\n|-damage|p2a: Basculegion|88\/100|[from] Stealth Rock\n|turn|9\n|\n|t:|1697397938\n|move|p1a: Starmie|Hydro Pump|p2a: Basculegion\n|-resisted|p2a: Basculegion\n|-damage|p2a: Basculegion|59\/100\n|move|p2a: Basculegion|Poltergeist|p1a: Starmie\n|-activate|p1a: Starmie|move: Poltergeist|Choice Scarf\n|-supereffective|p1a: Starmie\n|-damage|p1a: Starmie|0 fnt\n|faint|p1a: Starmie\n|\n|upkeep\n|\n|t:|1697397941\n|switch|p1a: Iron Leaves|Iron Leaves, shiny|100\/100\n|turn|10\n|\n|t:|1697397944\n|move|p1a: Iron Leaves|Leaf Blade|p2a: Basculegion\n|-supereffective|p2a: Basculegion\n|-damage|p2a: Basculegion|0 fnt\n|faint|p2a: Basculegion\n|\n|upkeep\n|\n|t:|1697397947\n|switch|p2a: Kingambit|Kingambit, F, shiny|100\/100\n|-damage|p2a: Kingambit|94\/100|[from] Stealth Rock\n|-activate|p2a: Kingambit|ability: Supreme Overlord\n|-start|p2a: Kingambit|fallen4|[silent]\n|turn|11\n|\n|t:|1697397950\n|move|p2a: Kingambit|Sucker Punch|p1a: Iron Leaves\n|-supereffective|p1a: Iron Leaves\n|-crit|p1a: Iron Leaves\n|-damage|p1a: Iron Leaves|0 fnt\n|faint|p1a: Iron Leaves\n|\n|upkeep\n|\n|t:|1697397952\n|switch|p1a: Aristophanes|Gallade, M, shiny|100\/100\n|turn|12\n|\n|t:|1697397956\n|detailschange|p1a: Aristophanes|Gallade-Mega, M, shiny\n|-mega|p1a: Aristophanes|Gallade|Galladite\n|move|p1a: Aristophanes|Sacred Sword|p2a: Kingambit\n|-supereffective|p2a: Kingambit\n|-damage|p2a: Kingambit|0 fnt\n|faint|p2a: Kingambit\n|-end|p2a: Kingambit|fallen4|[silent]\n|\n|upkeep\n|\n|t:|1697397959\n|switch|p2a: Greninja|Greninja, M, shiny|88\/100\n|-damage|p2a: Greninja|76\/100|[from] Stealth Rock\n|turn|13\n|\n|t:|1697397961\n|move|p2a: Greninja|Acrobatics|p1a: Aristophanes\n|-start|p2a: Greninja|typechange|Flying|[from] ability: Protean\n|-supereffective|p1a: Aristophanes\n|-damage|p1a: Aristophanes|35\/100\n|move|p1a: Aristophanes|Sacred Sword|p2a: Greninja\n|-resisted|p2a: Greninja\n|-damage|p2a: Greninja|5\/100\n|\n|upkeep\n|turn|14\n|\n|t:|1697397965\n|move|p2a: Greninja|Acrobatics|p1a: Aristophanes\n|-supereffective|p1a: Aristophanes\n|-damage|p1a: Aristophanes|0 fnt\n|faint|p1a: Aristophanes\n|\n|win|Shotokekipurin\n|c|\u2606AphroditeIsReal|fucking\n|c|\u2606AphroditeIsReal|UGHHHH\n|c|\u2606Shotokekipurin|Gg! \n|c|\u2606AphroditeIsReal|There goes my motivation again.\n|c|\u2606Shotokekipurin|You've done so well, my entire strategy literally folded lmao\n|j| KarmaCodeZero\n|l| KarmaCodeZero\n|c|\u2606Shotokekipurin|DORJRIRBW I absolutely wanna apologize for doing so, I just really wanted to earn your badge because your team is so cool!\n|c|\u2606AphroditeIsReal|If you hadnt had Acrobatics\n|c|\u2606AphroditeIsReal|that Sacred wouldve murked you\n|c|\u2606Shotokekipurin|Yeah\n|c|\u2606Shotokekipurin|I sorta realized that Greninja doesn't actually get fairy coverage and I was banking on weavile knock offing my scarf because you apparently had a choice item\n|c|\u2606Shotokekipurin|Didn't expect for you to actually have band there\n|c|\u2606Shotokekipurin|If the range was slightly off, I definitely would've just died at the end\n|l|\u2606AphroditeIsReal\n","uploadtime":1697399180,"views":7,"p1id":"aphroditeisreal","p2id":"shotokekipurin","formatid":"gen9ubers","rating":0,"private":0,"password":""}