{"id":"radicalred-gen9ubers-546010","p1":"The Carkol Rider","p2":"Will Jones","format":"[Gen 9] Ubers","log":"|j|\u2606The Carkol Rider\n|j|\u2606Will Jones\n|t:|1699901741\n|gametype|singles\n|player|p1|The Carkol Rider|rr-koraidon|\n|player|p2|Will Jones|265|\n|teamsize|p1|6\n|teamsize|p2|6\n|gen|9\n|tier|[Gen 9] Ubers\n|rule|Sleep Clause Mod: Limit one foe put to sleep\n|rule|Species Clause: Limit one of each Pok\u00e9mon\n|rule|OHKO Clause: OHKO moves are banned\n|rule|Evasion Abilities Clause: Evasion abilities are banned\n|rule|Evasion Items Clause: Evasion items are banned\n|rule|Evasion Moves Clause: Evasion moves are banned\n|rule|Endless Battle Clause: Forcing endless battles is banned\n|rule|HP Percentage Mod: HP is shown in percentages\n|rule|Dynamax Clause: You cannot dynamax\n|rule|Mega Rayquaza Clause: You cannot mega evolve Rayquaza\n|clearpoke\n|poke|p1|Spectrier|\n|poke|p1|Greninja-*, F|\n|poke|p1|Regidrago|\n|poke|p1|Rapidash, M|\n|poke|p1|Gallade, M|\n|poke|p1|Enamorus-Therian, F|\n|poke|p2|Kingler, F|\n|poke|p2|Milotic-Sevii, F|\n|poke|p2|Decidueye, M|\n|poke|p2|Sneasler, M|\n|poke|p2|Rotom-Heat|\n|poke|p2|Haxorus, M|\n|teampreview\n|c|\u2606The Carkol Rider|glhf\n|c|\u2606Will Jones|glhf \n|\n|t:|1699901805\n|start\n|switch|p1a: Lots of Protean|Greninja, F|100\/100\n|switch|p2a: Big Faxorus|Haxorus, M|100\/100\n|-ability|p2a: Big Faxorus|Mold Breaker\n|turn|1\n|\n|t:|1699901845\n|move|p2a: Big Faxorus|Glaive Rush|p1a: Lots of Protean\n|-crit|p1a: Lots of Protean\n|-damage|p1a: Lots of Protean|0 fnt\n|-singlemove|p2a: Big Faxorus|Glaive Rush|[silent]\n|faint|p1a: Lots of Protean\n|\n|upkeep\n|\n|t:|1699901857\n|switch|p1a: Enamogus :sus:|Enamorus-Therian, F|100\/100\n|turn|2\n|\n|t:|1699901867\n|switch|p2a: Scrotom Oven|Rotom-Heat|100\/100\n|move|p1a: Enamogus :sus:|Toxic|p2a: Scrotom Oven|[miss]\n|-miss|p1a: Enamogus :sus:|p2a: Scrotom Oven\n|\n|upkeep\n|turn|3\n|\n|t:|1699901873\n|move|p2a: Scrotom Oven|Flamethrower|p1a: Enamogus :sus:\n|-damage|p1a: Enamogus :sus:|63\/100\n|move|p1a: Enamogus :sus:|Toxic|p2a: Scrotom Oven|[miss]\n|-miss|p1a: Enamogus :sus:|p2a: Scrotom Oven\n|\n|upkeep\n|turn|4\n|c|\u2606The Carkol Rider|yayyyyyyy\n|c|\u2606Will Jones|yikes mb \n|\n|t:|1699901882\n|move|p2a: Scrotom Oven|Volt Switch|p1a: Enamogus :sus:\n|-supereffective|p1a: Enamogus :sus:\n|-enditem|p1a: Enamogus :sus:|Wacan Berry|[eat]\n|-enditem|p1a: Enamogus :sus:|Wacan Berry|[weaken]\n|-damage|p1a: Enamogus :sus:|31\/100\n|c|\u2606The Carkol Rider|I love this game\n|\n|t:|1699901887\n|switch|p2a: Cool Sprite|Sneasler, M|100\/100|[from] Volt Switch\n|-item|p2a: Cool Sprite|Air Balloon\n|move|p1a: Enamogus :sus:|Toxic|p2a: Cool Sprite\n|-immune|p2a: Cool Sprite\n|\n|upkeep\n|turn|5\n|\n|t:|1699901895\n|move|p2a: Cool Sprite|Dire Claw|p1a: Enamogus :sus:\n|-supereffective|p1a: Enamogus :sus:\n|-damage|p1a: Enamogus :sus:|0 fnt\n|faint|p1a: Enamogus :sus:\n|\n|upkeep\n|\n|t:|1699901900\n|switch|p1a: RegidraGoat|Regidrago|100\/100\n|turn|6\n|\n|t:|1699901915\n|switch|p2a: MiloThicc|Milotic-Sevii, F|100\/100\n|move|p1a: RegidraGoat|Draco Barrage|p2a: MiloThicc\n|-crit|p2a: MiloThicc\n|-damage|p2a: MiloThicc|28\/100\n|-damage|p1a: RegidraGoat|83\/100|[from] Recoil\n|\n|-heal|p2a: MiloThicc|34\/100|[from] item: Leftovers\n|upkeep\n|turn|7\n|c|\u2606Will Jones|owie \n|c|\u2606The Carkol Rider|funny drug\n|\n|t:|1699901932\n|move|p1a: RegidraGoat|Draco Barrage|p2a: MiloThicc\n|-damage|p2a: MiloThicc|0 fnt\n|faint|p2a: MiloThicc\n|-damage|p1a: RegidraGoat|75\/100|[from] Recoil\n|\n|upkeep\n|\n|t:|1699901935\n|switch|p2a: Big Faxorus|Haxorus, M|100\/100\n|-ability|p2a: Big Faxorus|Mold Breaker\n|turn|8\n|\n|t:|1699901945\n|switch|p1a: Ballade Mega|Gallade, M|100\/100\n|move|p2a: Big Faxorus|Glaive Rush|p1a: Ballade Mega\n|-damage|p1a: Ballade Mega|0 fnt\n|-singlemove|p2a: Big Faxorus|Glaive Rush|[silent]\n|faint|p1a: Ballade Mega\n|\n|upkeep\n|\n|t:|1699901948\n|switch|p1a: Honse Too|Rapidash, M|100\/100\n|turn|9\n|c|\u2606Will Jones|funnier drug \n|\n|t:|1699901954\n|switch|p2a: Scrotom Oven|Rotom-Heat|100\/100\n|move|p1a: Honse Too|Will-O-Wisp|p2a: Scrotom Oven\n|-immune|p2a: Scrotom Oven\n|\n|upkeep\n|turn|10\n|\n|t:|1699901959\n|move|p1a: Honse Too|Protect|p1a: Honse Too\n|-singleturn|p1a: Honse Too|Protect\n|move|p2a: Scrotom Oven|Volt Switch|p1a: Honse Too\n|-activate|p1a: Honse Too|move: Protect\n|\n|upkeep\n|turn|11\n|\n|t:|1699901963\n|switch|p1a: RegidraGoat|Regidrago|75\/100\n|move|p2a: Scrotom Oven|Volt Switch|p1a: RegidraGoat\n|-resisted|p1a: RegidraGoat\n|-damage|p1a: RegidraGoat|60\/100\n|\n|t:|1699901966\n|switch|p2a: Big Faxorus|Haxorus, M|100\/100|[from] Volt Switch\n|-ability|p2a: Big Faxorus|Mold Breaker\n|\n|upkeep\n|turn|12\n|c|\u2606The Carkol Rider|yup thats the game\n|\n|t:|1699901973\n|move|p2a: Big Faxorus|Glaive Rush|p1a: RegidraGoat\n|-supereffective|p1a: RegidraGoat\n|-damage|p1a: RegidraGoat|0 fnt\n|-singlemove|p2a: Big Faxorus|Glaive Rush|[silent]\n|faint|p1a: RegidraGoat\n|\n|upkeep\n|\n|t:|1699901975\n|switch|p1a: Honse Juan|Spectrier|100\/100\n|turn|13\n|\n|t:|1699901978\n|move|p2a: Big Faxorus|Glaive Rush|p1a: Honse Juan\n|-damage|p1a: Honse Juan|0 fnt\n|-singlemove|p2a: Big Faxorus|Glaive Rush|[silent]\n|faint|p1a: Honse Juan\n|\n|upkeep\n|\n|t:|1699901980\n|switch|p1a: Honse Too|Rapidash, M|100\/100\n|turn|14\n|\n|t:|1699901983\n|switch|p2a: Scrotom Oven|Rotom-Heat|100\/100\n|move|p1a: Honse Too|Fire Lash|p2a: Scrotom Oven\n|-resisted|p2a: Scrotom Oven\n|-damage|p2a: Scrotom Oven|87\/100\n|-unboost|p2a: Scrotom Oven|def|1\n|\n|upkeep\n|turn|15\n|\n|t:|1699901986\n|move|p1a: Honse Too|Fire Lash|p2a: Scrotom Oven\n|-resisted|p2a: Scrotom Oven\n|-damage|p2a: Scrotom Oven|68\/100\n|-unboost|p2a: Scrotom Oven|def|1\n|move|p2a: Scrotom Oven|Volt Switch|p1a: Honse Too\n|-damage|p1a: Honse Too|60\/100\n|\n|t:|1699901989\n|switch|p2a: Big Faxorus|Haxorus, M|100\/100|[from] Volt Switch\n|-ability|p2a: Big Faxorus|Mold Breaker\n|\n|upkeep\n|turn|16\n|c|\u2606The Carkol Rider|getting screwed 3 weeks in a row is so much fun\n|\n|t:|1699901996\n|move|p2a: Big Faxorus|Glaive Rush|p1a: Honse Too\n|-damage|p1a: Honse Too|0 fnt\n|-singlemove|p2a: Big Faxorus|Glaive Rush|[silent]\n|faint|p1a: Honse Too\n|\n|win|Will Jones\n|l|\u2606The Carkol Rider\n|c|\u2606Will Jones|funny hax\n|c|\u2606Will Jones|sorry man ggs \n","uploadtime":1699902009,"views":78,"p1id":"thecarkolrider","p2id":"willjones","formatid":"gen9ubers","rating":0,"private":0,"password":""}