{"id":"radicalred-gen9ubers-535486","p1":"drakenheart666","p2":"Will Jones","format":"[Gen 9] Ubers","log":"|j|\u2606drakenheart666\n|j|\u2606Will Jones\n|t:|1697997371\n|gametype|singles\n|player|p1|drakenheart666|170|\n|player|p2|Will Jones|265|\n|teamsize|p1|6\n|teamsize|p2|6\n|gen|9\n|tier|[Gen 9] Ubers\n|rule|Sleep Clause Mod: Limit one foe put to sleep\n|rule|Species Clause: Limit one of each Pok\u00e9mon\n|rule|OHKO Clause: OHKO moves are banned\n|rule|Evasion Abilities Clause: Evasion abilities are banned\n|rule|Evasion Items Clause: Evasion items are banned\n|rule|Evasion Moves Clause: Evasion moves are banned\n|rule|Endless Battle Clause: Forcing endless battles is banned\n|rule|HP Percentage Mod: HP is shown in percentages\n|rule|Dynamax Clause: You cannot dynamax\n|rule|Mega Rayquaza Clause: You cannot mega evolve Rayquaza\n|clearpoke\n|poke|p1|Dhelmise-Sevii|\n|poke|p1|Samurott-Hisui, M|\n|poke|p1|Toxtricity, F|\n|poke|p1|Wigglytuff, F|\n|poke|p1|Noivern-Sevii, M|\n|poke|p1|Hydreigon, F|\n|poke|p2|Kingler, M|\n|poke|p2|Milotic-Sevii, M|\n|poke|p2|Sneasler, M|\n|poke|p2|Haxorus, M|\n|poke|p2|Vikavolt, F|\n|poke|p2|Mandibuzz, F|\n|teampreview\n|c|\u2606Will Jones|moo\n|c|\u2606Will Jones|glhf \n|c|\u2606drakenheart666|moo\n|c|\u2606drakenheart666|my turn to have samurott\n|\n|t:|1697997398\n|start\n|switch|p1a: stering set|Hydreigon, F|100\/100\n|switch|p2a: Sneasler|Sneasler, M|100\/100\n|turn|1\n|\n|t:|1697997410\n|switch|p1a: boo flapflap|Noivern-Sevii, M|100\/100\n|move|p2a: Sneasler|Close Combat|p1a: boo flapflap\n|-immune|p1a: boo flapflap\n|\n|upkeep\n|turn|2\n|\n|t:|1697997436\n|switch|p2a: Mandibuzz|Mandibuzz, F|100\/100\n|move|p1a: boo flapflap|Spirit Shackle|p2a: Mandibuzz\n|-resisted|p2a: Mandibuzz\n|-damage|p2a: Mandibuzz|92\/100\n|-activate|p2a: Mandibuzz|trapped\n|\n|upkeep\n|turn|3\n|c|\u2606drakenheart666|smh no nicknames\n|\n|t:|1697997462\n|move|p1a: boo flapflap|Toxic|p2a: Mandibuzz\n|-status|p2a: Mandibuzz|tox\n|move|p2a: Mandibuzz|Foul Play|p1a: boo flapflap\n|-supereffective|p1a: boo flapflap\n|-damage|p1a: boo flapflap|32\/100\n|\n|-heal|p1a: boo flapflap|38\/100|[from] item: Leftovers\n|-damage|p2a: Mandibuzz|86\/100 tox|[from] psn\n|upkeep\n|turn|4\n|\n|t:|1697997479\n|move|p1a: boo flapflap|Roost|p1a: boo flapflap\n|-heal|p1a: boo flapflap|88\/100\n|-singleturn|p1a: boo flapflap|move: Roost\n|move|p2a: Mandibuzz|U-turn|p1a: boo flapflap\n|-resisted|p1a: boo flapflap\n|-damage|p1a: boo flapflap|81\/100\n|c|\u2606drakenheart666|boooo\n|\n|t:|1697997531\n|switch|p2a: Kingler|Kingler, M|100\/100|[from] U-turn\n|\n|-heal|p1a: boo flapflap|87\/100|[from] item: Leftovers\n|upkeep\n|turn|5\n|\n|t:|1697997560\n|switch|p1a: anchor away!|Dhelmise-Sevii|100\/100\n|detailschange|p2a: Kingler|Kingler-Mega, M\n|-mega|p2a: Kingler|Kingler|Kinglerite\n|move|p2a: Kingler|Meteor Mash|p1a: anchor away!\n|-resisted|p1a: anchor away!\n|-damage|p1a: anchor away!|79\/100\n|\n|-heal|p1a: anchor away!|85\/100|[from] item: Leftovers\n|upkeep\n|turn|6\n|\n|t:|1697997571\n|switch|p2a: Haxorus|Haxorus, M|100\/100\n|-ability|p2a: Haxorus|Mold Breaker\n|move|p1a: anchor away!|Scald|p2a: Haxorus\n|-resisted|p2a: Haxorus\n|-damage|p2a: Haxorus|57\/100\n|\n|-heal|p1a: anchor away!|91\/100|[from] item: Leftovers\n|upkeep\n|turn|7\n|\n|t:|1697997582\n|move|p2a: Haxorus|Dragon Dance|p2a: Haxorus\n|-boost|p2a: Haxorus|atk|1\n|-boost|p2a: Haxorus|spe|1\n|move|p1a: anchor away!|Scald|p2a: Haxorus\n|-resisted|p2a: Haxorus\n|-damage|p2a: Haxorus|13\/100\n|\n|-heal|p1a: anchor away!|98\/100|[from] item: Leftovers\n|upkeep\n|turn|8\n|c|\u2606drakenheart666|imagnie no burn\n|\n|t:|1697997601\n|move|p2a: Haxorus|Glaive Rush|p1a: anchor away!\n|-damage|p1a: anchor away!|29\/100\n|-singlemove|p2a: Haxorus|Glaive Rush|[silent]\n|move|p1a: anchor away!|Scald|p2a: Haxorus\n|-resisted|p2a: Haxorus\n|-damage|p2a: Haxorus|0 fnt\n|faint|p2a: Haxorus\n|\n|-heal|p1a: anchor away!|35\/100|[from] item: Leftovers\n|upkeep\n|\n|t:|1697997608\n|switch|p2a: Sneasler|Sneasler, M|100\/100\n|turn|9\n|\n|t:|1697997612\n|switch|p1a: boo flapflap|Noivern-Sevii, M|87\/100\n|move|p2a: Sneasler|Darkest Lariat|p1a: boo flapflap\n|-supereffective|p1a: boo flapflap\n|-damage|p1a: boo flapflap|0 fnt\n|faint|p1a: boo flapflap\n|\n|upkeep\n|c|\u2606drakenheart666|huh\n|c|\u2606drakenheart666|TIL it gets taht move LOL\n|c|\u2606Will Jones|yeah it gets this now \n|c|\u2606drakenheart666|ooms\n|c|\u2606drakenheart666|oops\n|c|\u2606Will Jones|LOL \n|\n|t:|1697997647\n|switch|p1a: i cut u|Samurott-Hisui, M|100\/100\n|turn|10\n|\n|t:|1697997671\n|switch|p2a: Kingler|Kingler-Mega, M|100\/100\n|move|p1a: i cut u|Shell Smash|p1a: i cut u\n|-unboost|p1a: i cut u|def|1\n|-unboost|p1a: i cut u|spd|1\n|-boost|p1a: i cut u|atk|2\n|-boost|p1a: i cut u|spa|2\n|-boost|p1a: i cut u|spe|2\n|-enditem|p1a: i cut u|White Herb\n|-clearnegativeboost|p1a: i cut u|[silent]\n|\n|upkeep\n|turn|11\n|\n|t:|1697997681\n|move|p1a: i cut u|Sacred Sword|p2a: Kingler\n|-supereffective|p2a: Kingler\n|-damage|p2a: Kingler|0 fnt\n|faint|p2a: Kingler\n|\n|upkeep\n|c|\u2606Will Jones|time to lose the game lfg \n|c|\u2606Will Jones|i forgot this got this \n|c|\u2606drakenheart666|thats why its so hugh lol\n|\n|t:|1697997713\n|switch|p2a: Mandibuzz|Mandibuzz, F|86\/100 tox\n|turn|12\n|\n|t:|1697997728\n|move|p1a: i cut u|Razor Shell|p2a: Mandibuzz\n|-damage|p2a: Mandibuzz|27\/100 tox\n|move|p2a: Mandibuzz|Foul Play|p1a: i cut u\n|-resisted|p1a: i cut u\n|-damage|p1a: i cut u|54\/100\n|\n|-damage|p2a: Mandibuzz|21\/100 tox|[from] psn\n|upkeep\n|turn|13\n|c|\u2606Will Jones|shouldve been mirror herb smh \n|\n|t:|1697997745\n|move|p1a: i cut u|Razor Shell|p2a: Mandibuzz\n|-damage|p2a: Mandibuzz|0 fnt\n|faint|p2a: Mandibuzz\n|\n|upkeep\n|\n|t:|1697997747\n|switch|p2a: Vikavolt|Vikavolt, F|100\/100\n|turn|14\n|c|\u2606drakenheart666|obvisouly\n|\n|t:|1697997760\n|move|p1a: i cut u|Razor Shell|p2a: Vikavolt\n|-damage|p2a: Vikavolt|13\/100\n|move|p2a: Vikavolt|Bug Buzz|p1a: i cut u\n|-supereffective|p1a: i cut u\n|-damage|p1a: i cut u|0 fnt\n|faint|p1a: i cut u\n|\n|upkeep\n|c|\u2606Will Jones|not a 5-0 lfg \n|c|\u2606drakenheart666|loool\n|\n|t:|1697997775\n|switch|p1a: Boomlizard|Toxtricity, F|100\/100\n|turn|15\n|\n|t:|1697997783\n|switch|p2a: Milotic|Milotic-Sevii, M|100\/100\n|detailschange|p1a: Boomlizard|Toxtricity-Mega, F\n|-mega|p1a: Boomlizard|Toxtricity|Toxtricitite\n|move|p1a: Boomlizard|Shift Gear|p1a: Boomlizard\n|-boost|p1a: Boomlizard|spe|2\n|-boost|p1a: Boomlizard|atk|1\n|\n|upkeep\n|turn|16\n|\n|t:|1697997794\n|switch|p1a: the wall|Wigglytuff, F|100\/100\n|move|p2a: Milotic|Earth Power|p1a: the wall\n|-damage|p1a: the wall|73\/100\n|\n|-heal|p1a: the wall|79\/100|[from] item: Leftovers\n|upkeep\n|turn|17\n|\n|t:|1697997801\n|move|p2a: Milotic|Flip Turn|p1a: the wall\n|-damage|p1a: the wall|69\/100\n|\n|t:|1697997804\n|switch|p2a: Sneasler|Sneasler, M|100\/100|[from] Flip Turn\n|move|p1a: the wall|Wish|p1a: the wall\n|\n|-heal|p1a: the wall|75\/100|[from] item: Leftovers\n|upkeep\n|turn|18\n|\n|t:|1697997817\n|move|p1a: the wall|Protect|p1a: the wall\n|-singleturn|p1a: the wall|Protect\n|move|p2a: Sneasler|Close Combat|p1a: the wall\n|-activate|p1a: the wall|move: Protect\n|\n|-heal|p1a: the wall|100\/100|[from] move: Wish|[wisher] the wall\n|upkeep\n|turn|19\n|\n|t:|1697997856\n|move|p2a: Sneasler|Close Combat|p1a: the wall\n|-damage|p1a: the wall|0 fnt\n|-unboost|p2a: Sneasler|def|1\n|-unboost|p2a: Sneasler|spd|1\n|faint|p1a: the wall\n|\n|upkeep\n|\n|t:|1697997863\n|switch|p1a: Boomlizard|Toxtricity-Mega, F|100\/100\n|turn|20\n|\n|t:|1697997868\n|switch|p2a: Milotic|Milotic-Sevii, M|100\/100\n|move|p1a: Boomlizard|Boomburst|p2a: Milotic\n|-damage|p2a: Milotic|62\/100\n|\n|-heal|p2a: Milotic|68\/100|[from] item: Leftovers\n|upkeep\n|turn|21\n|\n|t:|1697997952\n|switch|p1a: anchor away!|Dhelmise-Sevii|35\/100\n|move|p2a: Milotic|Earth Power|p1a: anchor away!\n|-resisted|p1a: anchor away!\n|-damage|p1a: anchor away!|20\/100\n|-unboost|p1a: anchor away!|spd|1\n|\n|-heal|p2a: Milotic|74\/100|[from] item: Leftovers\n|-heal|p1a: anchor away!|26\/100|[from] item: Leftovers\n|upkeep\n|turn|22\n|\n|t:|1697997965\n|move|p2a: Milotic|Moonblast|p1a: anchor away!\n|-damage|p1a: anchor away!|0 fnt\n|faint|p1a: anchor away!\n|\n|-heal|p2a: Milotic|80\/100|[from] item: Leftovers\n|upkeep\n|c|\u2606drakenheart666|i think i just lose to this lol\n|\n|t:|1697997980\n|switch|p1a: Boomlizard|Toxtricity-Mega, F|100\/100\n|turn|23\n|c|\u2606Will Jones|probably LOL \n|\n|t:|1697997988\n|move|p1a: Boomlizard|Boomburst|p2a: Milotic\n|-damage|p2a: Milotic|44\/100\n|move|p2a: Milotic|Earth Power|p1a: Boomlizard\n|-supereffective|p1a: Boomlizard\n|-crit|p1a: Boomlizard\n|-damage|p1a: Boomlizard|0 fnt\n|faint|p1a: Boomlizard\n|\n|-heal|p2a: Milotic|50\/100|[from] item: Leftovers\n|upkeep\n|\n|t:|1697997996\n|switch|p1a: stering set|Hydreigon, F|100\/100\n|turn|24\n|\n|t:|1697998018\n|move|p1a: stering set|Hydro Pump|p2a: Milotic\n|-supereffective|p2a: Milotic\n|-damage|p2a: Milotic|13\/100\n|move|p2a: Milotic|Moonblast|p1a: stering set\n|-supereffective|p1a: stering set\n|-damage|p1a: stering set|0 fnt\n|faint|p1a: stering set\n|\n|win|Will Jones\n|c|\u2606Will Jones|Goatlotic\n|c|\u2606Will Jones|ggs \n|c|\u2606drakenheart666|wow THATs all it did\n|c|\u2606drakenheart666|gg lol\n|c|\u2606drakenheart666|should have sacked dhelmise on sneasler i depred i thought i lived lol\n|c|\u2606drakenheart666|forgot to put band in the cacl\n|c|\u2606Will Jones|ah Fair \n|c|\u2606Will Jones|im max spdef tbf \n|c|\u2606Will Jones|its my best tox check \n","uploadtime":1697998059,"views":42,"p1id":"drakenheart666","p2id":"willjones","formatid":"gen9ubers","rating":0,"private":0,"password":""}