{"id":"radicalred-gen9ubers-534964","p1":"razorgliscor472","p2":"bunman234","format":"[Gen 9] Ubers","log":"|j|\u2606razorgliscor472\n|j|\u2606bunman234\n|t:|1697901705\n|gametype|singles\n|player|p1|razorgliscor472|furretcollage.png|\n|player|p2|bunman234|rr-zygarde|\n|teamsize|p1|6\n|teamsize|p2|6\n|gen|9\n|tier|[Gen 9] Ubers\n|rule|Sleep Clause Mod: Limit one foe put to sleep\n|rule|Species Clause: Limit one of each Pok\u00e9mon\n|rule|OHKO Clause: OHKO moves are banned\n|rule|Evasion Abilities Clause: Evasion abilities are banned\n|rule|Evasion Items Clause: Evasion items are banned\n|rule|Evasion Moves Clause: Evasion moves are banned\n|rule|Endless Battle Clause: Forcing endless battles is banned\n|rule|HP Percentage Mod: HP is shown in percentages\n|rule|Dynamax Clause: You cannot dynamax\n|rule|Mega Rayquaza Clause: You cannot mega evolve Rayquaza\n|clearpoke\n|poke|p1|Garchomp, M|\n|poke|p1|Lopunny, M|\n|poke|p1|Solgaleo|\n|poke|p1|Vaporeon, F|\n|poke|p1|Silvally-*|\n|poke|p1|Overqwil, M|\n|poke|p2|Flutter Mane|\n|poke|p2|Tauros, M|\n|poke|p2|Blaziken, M|\n|poke|p2|Carnivine-Sevii, F|\n|poke|p2|Noivern, M|\n|poke|p2|Arbok, F|\n|teampreview\n|c|\u2606bunman234|GLHF!\n|c|\u2606razorgliscor472|U2\n|\n|t:|1697901766\n|start\n|switch|p1a: Silvally|Silvally-Fire|100\/100\n|switch|p2a: Arbok|Arbok, F|100\/100\n|-ability|p2a: Arbok|Intimidate|boost\n|-unboost|p1a: Silvally|atk|1\n|turn|1\n|\n|t:|1697901805\n|move|p1a: Silvally|Parting Shot|p2a: Arbok\n|-unboost|p2a: Arbok|atk|1\n|-unboost|p2a: Arbok|spa|1\n|\n|t:|1697901807\n|switch|p1a: Garchomp|Garchomp, M|100\/100|[from] Parting Shot\n|move|p2a: Arbok|Glare|p1a: Garchomp\n|-status|p1a: Garchomp|par\n|\n|upkeep\n|turn|2\n|\n|t:|1697901823\n|switch|p2a: Carnivine|Carnivine-Sevii, F|100\/100\n|move|p1a: Garchomp|Stealth Rock|p2a: Carnivine\n|-sidestart|p2: bunman234|move: Stealth Rock\n|\n|upkeep\n|turn|3\n|\n|t:|1697901830\n|switch|p1a: Silvally|Silvally-Fire|100\/100\n|move|p2a: Carnivine|Defog|p1a: Silvally\n|-unboost|p1a: Silvally|evasion|1\n|-sideend|p2: bunman234|Stealth Rock|[from] move: Defog|[of] p2a: Carnivine\n|\n|upkeep\n|turn|4\n|\n|t:|1697901839\n|switch|p2a: Arbok|Arbok, F|100\/100\n|-ability|p2a: Arbok|Intimidate|boost\n|-unboost|p1a: Silvally|atk|1\n|move|p1a: Silvally|Flamethrower|p2a: Arbok\n|-crit|p2a: Arbok\n|-damage|p2a: Arbok|37\/100\n|-enditem|p2a: Arbok|Sitrus Berry|[eat]\n|-heal|p2a: Arbok|62\/100|[from] item: Sitrus Berry\n|\n|upkeep\n|turn|5\n|\n|t:|1697901888\n|move|p1a: Silvally|Parting Shot|p2a: Arbok\n|-unboost|p2a: Arbok|atk|1\n|-unboost|p2a: Arbok|spa|1\n|\n|t:|1697901892\n|switch|p1a: Garchomp|Garchomp, M|100\/100 par|[from] Parting Shot\n|move|p2a: Arbok|Glare|p1a: Garchomp\n|-fail|p1a: Garchomp|par\n|\n|upkeep\n|turn|6\n|\n|t:|1697901895\n|move|p2a: Arbok|Shed Tail|p2a: Arbok\n|-start|p2a: Arbok|Substitute|[from] move: Shed Tail\n|-damage|p2a: Arbok|12\/100\n|\n|t:|1697901897\n|switch|p2a: Blaziken|Blaziken, M|100\/100|[from] Shed Tail\n|move|p1a: Garchomp|Stealth Rock|p2a: Blaziken\n|-sidestart|p2: bunman234|move: Stealth Rock\n|\n|upkeep\n|turn|7\n|\n|t:|1697901917\n|detailschange|p2a: Blaziken|Blaziken-Mega, M\n|-mega|p2a: Blaziken|Blaziken|Blazikenite\n|move|p2a: Blaziken|Swords Dance|p2a: Blaziken\n|-boost|p2a: Blaziken|atk|2\n|cant|p1a: Garchomp|par\n|\n|-ability|p2a: Blaziken|Speed Boost|boost\n|-boost|p2a: Blaziken|spe|1\n|upkeep\n|turn|8\n|\n|t:|1697901921\n|move|p2a: Blaziken|Triple Arrows|p1a: Garchomp\n|-damage|p1a: Garchomp|28\/100 par\n|-damage|p2a: Blaziken|88\/100|[from] ability: Rough Skin|[of] p1a: Garchomp\n|move|p1a: Garchomp|Earth Power|p2a: Blaziken\n|-supereffective|p2a: Blaziken\n|-end|p2a: Blaziken|Substitute\n|\n|-ability|p2a: Blaziken|Speed Boost|boost\n|-boost|p2a: Blaziken|spe|1\n|upkeep\n|turn|9\n|\n|t:|1697901933\n|move|p2a: Blaziken|Earthquake|p1a: Garchomp\n|-damage|p1a: Garchomp|0 fnt\n|faint|p1a: Garchomp\n|\n|-ability|p2a: Blaziken|Speed Boost|boost\n|-boost|p2a: Blaziken|spe|1\n|upkeep\n|\n|t:|1697901935\n|switch|p1a: Lopunny|Lopunny, M|100\/100\n|turn|10\n|\n|t:|1697901937\n|detailschange|p1a: Lopunny|Lopunny-Mega, M\n|-mega|p1a: Lopunny|Lopunny|Lopunnite\n|move|p1a: Lopunny|Fake Out|p2a: Blaziken\n|-damage|p2a: Blaziken|59\/100\n|cant|p2a: Blaziken|flinch\n|\n|-ability|p2a: Blaziken|Speed Boost|boost\n|-boost|p2a: Blaziken|spe|1\n|upkeep\n|turn|11\n|\n|t:|1697901969\n|switch|p1a: Vaporeon|Vaporeon, F|100\/100\n|move|p2a: Blaziken|Triple Arrows|p1a: Vaporeon\n|-damage|p1a: Vaporeon|0 fnt\n|faint|p1a: Vaporeon\n|\n|-ability|p2a: Blaziken|Speed Boost|boost\n|-boost|p2a: Blaziken|spe|1\n|upkeep\n|\n|t:|1697901971\n|switch|p1a: Lopunny|Lopunny-Mega, M|100\/100\n|turn|12\n|\n|t:|1697901975\n|move|p1a: Lopunny|Fake Out|p2a: Blaziken\n|-damage|p2a: Blaziken|29\/100\n|cant|p2a: Blaziken|flinch\n|\n|-ability|p2a: Blaziken|Speed Boost|boost\n|-boost|p2a: Blaziken|spe|1\n|upkeep\n|turn|13\n|\n|t:|1697901980\n|move|p1a: Lopunny|Quick Attack|p2a: Blaziken\n|-damage|p2a: Blaziken|0 fnt\n|faint|p2a: Blaziken\n|\n|upkeep\n|\n|t:|1697902007\n|switch|p2a: Carnivine|Carnivine-Sevii, F|100\/100\n|-damage|p2a: Carnivine|94\/100|[from] Stealth Rock\n|turn|14\n|\n|t:|1697902010\n|move|p1a: Lopunny|Close Combat|p2a: Carnivine\n|-damage|p2a: Carnivine|44\/100\n|-unboost|p1a: Lopunny|def|1\n|-unboost|p1a: Lopunny|spd|1\n|-damage|p1a: Lopunny|84\/100|[from] item: Rocky Helmet|[of] p2a: Carnivine\n|move|p2a: Carnivine|Defog|p1a: Lopunny\n|-unboost|p1a: Lopunny|evasion|1\n|-sideend|p2: bunman234|Stealth Rock|[from] move: Defog|[of] p2a: Carnivine\n|\n|upkeep\n|turn|15\n|\n|t:|1697902029\n|move|p1a: Lopunny|Close Combat|p2a: Carnivine\n|-damage|p2a: Carnivine|0 fnt\n|-unboost|p1a: Lopunny|def|1\n|-unboost|p1a: Lopunny|spd|1\n|-damage|p1a: Lopunny|67\/100|[from] item: Rocky Helmet|[of] p2a: Carnivine\n|faint|p2a: Carnivine\n|\n|upkeep\n|\n|t:|1697902036\n|switch|p2a: Flutter Mane|Flutter Mane|100\/100\n|turn|16\n|\n|t:|1697902055\n|switch|p1a: Overqwil|Overqwil, M|100\/100\n|-ability|p1a: Overqwil|Intimidate|boost\n|-unboost|p2a: Flutter Mane|atk|1\n|move|p2a: Flutter Mane|Moonblast|p1a: Overqwil\n|-damage|p1a: Overqwil|61\/100\n|\n|-heal|p1a: Overqwil|67\/100|[from] item: Black Sludge\n|upkeep\n|turn|17\n|\n|t:|1697902080\n|-end|p2a: Flutter Mane|Protosynthesis|[silent]\n|switch|p2a: Arbok|Arbok, F|12\/100\n|-ability|p2a: Arbok|Intimidate|boost\n|-unboost|p1a: Overqwil|atk|1\n|move|p1a: Overqwil|Spikes|p2a: Arbok\n|-sidestart|p2: bunman234|Spikes\n|\n|-heal|p1a: Overqwil|73\/100|[from] item: Black Sludge\n|upkeep\n|turn|18\n|\n|t:|1697902092\n|move|p2a: Arbok|Glare|p1a: Overqwil\n|-status|p1a: Overqwil|par\n|move|p1a: Overqwil|Flip Turn|p2a: Arbok\n|-damage|p2a: Arbok|0 fnt\n|faint|p2a: Arbok\n|\n|t:|1697902099\n|switch|p1a: Solgaleo|Solgaleo|100\/100|[from] Flip Turn\n|\n|upkeep\n|\n|t:|1697902115\n|switch|p2a: Noivern|Noivern, M|100\/100\n|turn|19\n|\n|t:|1697902124\n|switch|p1a: Silvally|Silvally-Fire|100\/100\n|-zpower|p2a: Noivern\n|move|p2a: Noivern|Inferno Overdrive|p1a: Silvally|[zeffect]\n|-resisted|p1a: Silvally\n|-damage|p1a: Silvally|74\/100\n|\n|upkeep\n|turn|20\n|\n|t:|1697902138\n|move|p2a: Noivern|Aeroblast|p1a: Silvally\n|-damage|p1a: Silvally|34\/100\n|move|p1a: Silvally|Draco Meteor|p2a: Noivern\n|-supereffective|p2a: Noivern\n|-damage|p2a: Noivern|9\/100\n|-unboost|p1a: Silvally|spa|2\n|\n|upkeep\n|turn|21\n|\n|t:|1697902146\n|switch|p1a: Solgaleo|Solgaleo|100\/100\n|move|p2a: Noivern|Aeroblast|p1a: Solgaleo\n|-resisted|p1a: Solgaleo\n|-crit|p1a: Solgaleo\n|-damage|p1a: Solgaleo|72\/100\n|\n|upkeep\n|turn|22\n|\n|t:|1697902151\n|move|p1a: Solgaleo|Sunsteel Strike|p2a: Noivern\n|-damage|p2a: Noivern|0 fnt\n|faint|p2a: Noivern\n|\n|upkeep\n|\n|t:|1697902153\n|switch|p2a: Tauros|Tauros, M|100\/100\n|-damage|p2a: Tauros|88\/100|[from] Spikes\n|turn|23\n|\n|t:|1697902161\n|switch|p1a: Silvally|Silvally-Fire|34\/100\n|move|p2a: Tauros|Flare Blitz|p1a: Silvally\n|-resisted|p1a: Silvally\n|-damage|p1a: Silvally|5\/100\n|-damage|p2a: Tauros|77\/100|[from] Recoil\n|\n|upkeep\n|turn|24\n|\n|t:|1697902171\n|move|p2a: Tauros|Play Rough|p1a: Silvally\n|-resisted|p1a: Silvally\n|-damage|p1a: Silvally|0 fnt\n|faint|p1a: Silvally\n|\n|upkeep\n|\n|t:|1697902174\n|switch|p1a: Lopunny|Lopunny-Mega, M|67\/100\n|turn|25\n|\n|t:|1697902181\n|move|p1a: Lopunny|Fake Out|p2a: Tauros\n|-damage|p2a: Tauros|50\/100\n|cant|p2a: Tauros|flinch\n|\n|upkeep\n|turn|26\n|\n|t:|1697902184\n|move|p1a: Lopunny|Close Combat|p2a: Tauros\n|-supereffective|p2a: Tauros\n|-damage|p2a: Tauros|0 fnt\n|-unboost|p1a: Lopunny|def|1\n|-unboost|p1a: Lopunny|spd|1\n|faint|p2a: Tauros\n|\n|upkeep\n|\n|t:|1697902186\n|switch|p2a: Flutter Mane|Flutter Mane|100\/100\n|-damage|p2a: Flutter Mane|88\/100|[from] Spikes\n|turn|27\n|\n|t:|1697902189\n|move|p1a: Lopunny|Quick Attack|p2a: Flutter Mane\n|-damage|p2a: Flutter Mane|32\/100\n|move|p2a: Flutter Mane|Moonblast|p1a: Lopunny\n|-supereffective|p1a: Lopunny\n|-damage|p1a: Lopunny|0 fnt\n|faint|p1a: Lopunny\n|\n|upkeep\n|\n|t:|1697902192\n|switch|p1a: Solgaleo|Solgaleo|72\/100\n|turn|28\n|\n|t:|1697902194\n|move|p1a: Solgaleo|Sunsteel Strike|p2a: Flutter Mane\n|-supereffective|p2a: Flutter Mane\n|-crit|p2a: Flutter Mane\n|-damage|p2a: Flutter Mane|0 fnt\n|faint|p2a: Flutter Mane\n|-end|p2a: Flutter Mane|Protosynthesis|[silent]\n|\n|win|razorgliscor472\n|c|\u2606bunman234|gg\n|c|\u2606razorgliscor472|Gg\n","uploadtime":1697902217,"views":30,"p1id":"razorgliscor472","p2id":"bunman234","formatid":"gen9ubers","rating":0,"private":0,"password":""}