{"id":"radicalred-gen9ubers-541700","p1":"CL LeafMist","p2":"Warpa1nt","format":"[Gen 9] Ubers","log":"|j|\u2606CL LeafMist\n|j|\u2606Warpa1nt\n|t:|1698965441\n|gametype|singles\n|player|p1|CL LeafMist|170|\n|player|p2|Warpa1nt|rr-deoxys|\n|teamsize|p1|6\n|teamsize|p2|6\n|gen|9\n|tier|[Gen 9] Ubers\n|rule|Sleep Clause Mod: Limit one foe put to sleep\n|rule|Species Clause: Limit one of each Pok\u00e9mon\n|rule|OHKO Clause: OHKO moves are banned\n|rule|Evasion Abilities Clause: Evasion abilities are banned\n|rule|Evasion Items Clause: Evasion items are banned\n|rule|Evasion Moves Clause: Evasion moves are banned\n|rule|Endless Battle Clause: Forcing endless battles is banned\n|rule|HP Percentage Mod: HP is shown in percentages\n|rule|Dynamax Clause: You cannot dynamax\n|rule|Mega Rayquaza Clause: You cannot mega evolve Rayquaza\n|clearpoke\n|poke|p1|Pinsir, F|\n|poke|p1|Zamazenta-*|\n|poke|p1|Greninja-*, F|\n|poke|p1|Carnivine-Sevii, F|\n|poke|p1|Dhelmise|\n|poke|p1|Wigglytuff, M|\n|poke|p2|Tyranitar, M|\n|poke|p2|Deoxys|\n|poke|p2|Iron Valiant|\n|poke|p2|Eelektross, F|\n|poke|p2|Amoonguss, F|\n|poke|p2|Talonflame, F|\n|teampreview\n|j| Major Something\n|j| LUWITE\n|c| LUWITE|oh boy\n|\n|t:|1698965525\n|start\n|switch|p1a: GuildMaster|Wigglytuff, M|100\/100\n|switch|p2a: Tyranitar|Tyranitar, M|100\/100\n|-weather|Sandstorm|[from] ability: Sand Stream|[of] p2a: Tyranitar\n|-item|p2a: Tyranitar|Choice Scarf|[from] ability: Frisk|[of] p1a: GuildMaster|[identify]\n|turn|1\n|c|\u2606Warpa1nt|May you play well Leaf\n|c|\u2606CL LeafMist|glhf\n|c|\u2606CL LeafMist|I see\n|c| LUWITE|Oh no not the guild master!!\n|\n|t:|1698965547\n|switch|p2a: Amoonguss|Amoonguss, F|100\/100\n|move|p1a: GuildMaster|Stealth Rock|p2a: Amoonguss\n|-sidestart|p2: Warpa1nt|move: Stealth Rock\n|\n|-weather|Sandstorm|[upkeep]\n|-damage|p1a: GuildMaster|94\/100|[from] Sandstorm\n|-damage|p2a: Amoonguss|94\/100|[from] Sandstorm\n|-heal|p1a: GuildMaster|100\/100|[from] item: Leftovers\n|-heal|p2a: Amoonguss|100\/100|[from] item: Leftovers\n|upkeep\n|turn|2\n|\n|t:|1698965581\n|move|p1a: GuildMaster|Flamethrower|p2a: Amoonguss\n|-supereffective|p2a: Amoonguss\n|-damage|p2a: Amoonguss|67\/100\n|move|p2a: Amoonguss|Spore|p1a: GuildMaster\n|-status|p1a: GuildMaster|slp|[from] move: Spore\n|\n|-weather|Sandstorm|[upkeep]\n|-damage|p1a: GuildMaster|94\/100 slp|[from] Sandstorm\n|-damage|p2a: Amoonguss|60\/100|[from] Sandstorm\n|-heal|p1a: GuildMaster|100\/100 slp|[from] item: Leftovers\n|-heal|p2a: Amoonguss|67\/100|[from] item: Leftovers\n|upkeep\n|turn|3\n|c| LUWITE|*night time*\n|\n|t:|1698965598\n|switch|p1a: Pokey|Carnivine-Sevii, F|100\/100\n|move|p2a: Amoonguss|Clear Smog|p1a: Pokey\n|-immune|p1a: Pokey\n|\n|-weather|Sandstorm|[upkeep]\n|-damage|p2a: Amoonguss|60\/100|[from] Sandstorm\n|-heal|p2a: Amoonguss|67\/100|[from] item: Leftovers\n|upkeep\n|turn|4\n|\n|t:|1698965620\n|switch|p2a: Eelektross|Eelektross, F|100\/100\n|-damage|p2a: Eelektross|88\/100|[from] Stealth Rock\n|move|p1a: Pokey|Knock Off|p2a: Eelektross\n|-damage|p2a: Eelektross|68\/100\n|-enditem|p2a: Eelektross|Leftovers|[from] move: Knock Off|[of] p1a: Pokey\n|\n|-weather|Sandstorm|[upkeep]\n|-damage|p2a: Eelektross|62\/100|[from] Sandstorm\n|upkeep\n|turn|5\n|\n|t:|1698965636\n|switch|p1a: GuildMaster|Wigglytuff, M|100\/100 slp\n|move|p2a: Eelektross|Thunder Wave||[still]\n|-fail|p2a: Eelektross\n|\n|-weather|none\n|upkeep\n|turn|6\n|\n|t:|1698965652\n|move|p2a: Eelektross|Volt Switch|p1a: GuildMaster\n|-damage|p1a: GuildMaster|71\/100 slp\n|\n|t:|1698965664\n|switch|p2a: Iron Valiant|Iron Valiant|100\/100|[from] Volt Switch\n|-damage|p2a: Iron Valiant|94\/100|[from] Stealth Rock\n|cant|p1a: GuildMaster|slp\n|\n|-heal|p1a: GuildMaster|77\/100 slp|[from] item: Leftovers\n|upkeep\n|turn|7\n|\n|t:|1698965671\n|move|p2a: Iron Valiant|Close Combat|p1a: GuildMaster\n|-damage|p1a: GuildMaster|5\/100 slp\n|-unboost|p2a: Iron Valiant|def|1\n|-unboost|p2a: Iron Valiant|spd|1\n|cant|p1a: GuildMaster|slp\n|\n|-heal|p1a: GuildMaster|11\/100 slp|[from] item: Leftovers\n|upkeep\n|turn|8\n|\n|t:|1698965680\n|-end|p2a: Iron Valiant|Quark Drive|[silent]\n|switch|p2a: Talonflame|Talonflame, F|100\/100\n|-curestatus|p1a: GuildMaster|slp|[msg]\n|move|p1a: GuildMaster|Dazzling Gleam|p2a: Talonflame\n|-resisted|p2a: Talonflame\n|-damage|p2a: Talonflame|84\/100\n|\n|-heal|p1a: GuildMaster|17\/100|[from] item: Leftovers\n|upkeep\n|turn|9\n|\n|t:|1698965690\n|move|p2a: Talonflame|Defog|p1a: GuildMaster\n|-unboost|p1a: GuildMaster|evasion|1\n|-sideend|p2: Warpa1nt|Stealth Rock|[from] move: Defog|[of] p2a: Talonflame\n|move|p1a: GuildMaster|Teleport|p1a: GuildMaster\n|\n|t:|1698965768\n|switch|p1a: Scarlet|Greninja, F, shiny|100\/100|[from] Teleport\n|\n|upkeep\n|turn|10\n|\n|t:|1698965781\n|switch|p2a: Amoonguss|Amoonguss, F|99\/100\n|move|p1a: Scarlet|Water Shuriken|p2a: Amoonguss\n|-start|p1a: Scarlet|typechange|Water|[from] ability: Protean\n|-resisted|p2a: Amoonguss\n|-damage|p2a: Amoonguss|96\/100\n|-resisted|p2a: Amoonguss\n|-damage|p2a: Amoonguss|93\/100\n|-resisted|p2a: Amoonguss\n|-damage|p2a: Amoonguss|88\/100\n|-hitcount|p2a: Amoonguss|3\n|-damage|p1a: Scarlet|91\/100|[from] item: Life Orb\n|\n|-heal|p2a: Amoonguss|95\/100|[from] item: Leftovers\n|upkeep\n|turn|11\n|\n|t:|1698965812\n|switch|p1a: GuildMaster|Wigglytuff, M|17\/100\n|-item|p2a: Amoonguss|Leftovers|[from] ability: Frisk|[of] p1a: GuildMaster|[identify]\n|move|p2a: Amoonguss|Spore|p1a: GuildMaster\n|-status|p1a: GuildMaster|slp|[from] move: Spore\n|\n|-heal|p1a: GuildMaster|23\/100 slp|[from] item: Leftovers\n|-heal|p2a: Amoonguss|100\/100|[from] item: Leftovers\n|upkeep\n|turn|12\n|\n|t:|1698965825\n|switch|p1a: Stark|Pinsir, F|100\/100\n|move|p2a: Amoonguss|Clear Smog|p1a: Stark\n|-damage|p1a: Stark|74\/100\n|-clearboost|p1a: Stark\n|\n|upkeep\n|turn|13\n|c| LUWITE|Tony\n|\n|t:|1698965864\n|detailschange|p1a: Stark|Pinsir-Mega, F\n|-mega|p1a: Stark|Pinsir|Pinsirite\n|move|p1a: Stark|Extreme Speed|p2a: Amoonguss\n|-supereffective|p2a: Amoonguss\n|-damage|p2a: Amoonguss|0 fnt\n|faint|p2a: Amoonguss\n|\n|upkeep\n|\n|t:|1698965869\n|switch|p2a: Tyranitar|Tyranitar, M|100\/100\n|-weather|Sandstorm|[from] ability: Sand Stream|[of] p2a: Tyranitar\n|turn|14\n|\n|t:|1698965874\n|switch|p1a: GuildMaster|Wigglytuff, M|23\/100 slp\n|-item|p2a: Tyranitar|Choice Scarf|[from] ability: Frisk|[of] p1a: GuildMaster|[identify]\n|move|p2a: Tyranitar|Stone Edge|p1a: GuildMaster\n|-damage|p1a: GuildMaster|0 fnt\n|faint|p1a: GuildMaster\n|\n|-weather|Sandstorm|[upkeep]\n|upkeep\n|c|\u2606Warpa1nt|Overpredicted\n|c|\u2606Warpa1nt|*I overpredicted\n|c|\u2606CL LeafMist|Inb4 no cc\n|\n|t:|1698965988\n|switch|p1a: Pokey|Carnivine-Sevii, F|100\/100\n|turn|15\n|\n|t:|1698966004\n|switch|p2a: Talonflame|Talonflame, F|84\/100\n|move|p1a: Pokey|Toxic Spikes|p2a: Talonflame\n|-sidestart|p2: Warpa1nt|move: Toxic Spikes\n|\n|-weather|Sandstorm|[upkeep]\n|-damage|p2a: Talonflame|78\/100|[from] Sandstorm\n|upkeep\n|turn|16\n|\n|t:|1698966028\n|move|p2a: Talonflame|U-turn|p1a: Pokey\n|-resisted|p1a: Pokey\n|-damage|p1a: Pokey|98\/100\n|\n|t:|1698966031\n|switch|p2a: Eelektross|Eelektross, F|62\/100|[from] U-turn\n|move|p1a: Pokey|Leech Seed|p2a: Eelektross\n|-start|p2a: Eelektross|move: Leech Seed\n|\n|-weather|Sandstorm|[upkeep]\n|-damage|p2a: Eelektross|56\/100|[from] Sandstorm\n|-heal|p1a: Pokey|100\/100|[from] item: Black Sludge\n|-damage|p2a: Eelektross|44\/100|[from] Leech Seed|[of] p1a: Pokey\n|upkeep\n|turn|17\n|\n|t:|1698966111\n|move|p2a: Eelektross|Flamethrower|p1a: Pokey\n|-supereffective|p1a: Pokey\n|-damage|p1a: Pokey|52\/100\n|move|p1a: Pokey|Snap Trap|p2a: Eelektross\n|-resisted|p2a: Eelektross\n|-damage|p2a: Eelektross|27\/100\n|-activate|p2a: Eelektross|move: Snap Trap|[of] p1a: Pokey\n|\n|-weather|Sandstorm|[upkeep]\n|-damage|p2a: Eelektross|21\/100|[from] Sandstorm\n|-heal|p1a: Pokey|58\/100|[from] item: Black Sludge\n|-damage|p2a: Eelektross|9\/100|[from] Leech Seed|[of] p1a: Pokey\n|-heal|p1a: Pokey|69\/100|[silent]\n|-damage|p2a: Eelektross|0 fnt|[from] move: Snap Trap|[partiallytrapped]\n|faint|p2a: Eelektross\n|upkeep\n|\n|t:|1698966129\n|switch|p2a: Iron Valiant|Iron Valiant|94\/100\n|-status|p2a: Iron Valiant|psn\n|turn|18\n|\n|t:|1698966148\n|switch|p1a: Ahoy Matey!|Dhelmise|100\/100\n|move|p2a: Iron Valiant|Fire Punch|p1a: Ahoy Matey!\n|-supereffective|p1a: Ahoy Matey!\n|-damage|p1a: Ahoy Matey!|53\/100\n|\n|-weather|none\n|-heal|p1a: Ahoy Matey!|59\/100|[from] item: Leftovers\n|-damage|p2a: Iron Valiant|82\/100 psn|[from] psn\n|upkeep\n|turn|19\n|\n|t:|1698966162\n|-end|p2a: Iron Valiant|Quark Drive|[silent]\n|switch|p2a: Talonflame|Talonflame, F|78\/100\n|move|p1a: Ahoy Matey!|Spirit Shackle|p2a: Talonflame\n|-damage|p2a: Talonflame|37\/100\n|-activate|p2a: Talonflame|trapped\n|\n|-heal|p1a: Ahoy Matey!|66\/100|[from] item: Leftovers\n|upkeep\n|turn|20\n|\n|t:|1698966174\n|switch|p1a: Scarlet|Greninja, F, shiny|91\/100\n|move|p2a: Talonflame|Roost|p2a: Talonflame\n|-heal|p2a: Talonflame|87\/100\n|-singleturn|p2a: Talonflame|move: Roost\n|\n|upkeep\n|turn|21\n|\n|t:|1698966182\n|move|p1a: Scarlet|Water Shuriken|p2a: Talonflame\n|-start|p1a: Scarlet|typechange|Water|[from] ability: Protean\n|-supereffective|p2a: Talonflame\n|-crit|p2a: Talonflame\n|-damage|p2a: Talonflame|52\/100\n|-supereffective|p2a: Talonflame\n|-damage|p2a: Talonflame|30\/100\n|-supereffective|p2a: Talonflame\n|-damage|p2a: Talonflame|8\/100\n|-supereffective|p2a: Talonflame\n|-damage|p2a: Talonflame|0 fnt\n|faint|p2a: Talonflame\n|-hitcount|p2: Talonflame|4\n|-damage|p1a: Scarlet|81\/100|[from] item: Life Orb\n|\n|upkeep\n|\n|t:|1698966201\n|switch|p2a: Deoxys|Deoxys|100\/100\n|-status|p2a: Deoxys|psn\n|-ability|p2a: Deoxys|Pressure\n|turn|22\n|\n|t:|1698966232\n|move|p1a: Scarlet|Water Shuriken|p2a: Deoxys\n|-damage|p2a: Deoxys|76\/100 psn\n|-crit|p2a: Deoxys\n|-damage|p2a: Deoxys|42\/100 psn\n|-hitcount|p2a: Deoxys|2\n|-damage|p1a: Scarlet|71\/100|[from] item: Life Orb\n|move|p2a: Deoxys|Psycho Boost|p1a: Scarlet\n|-damage|p1a: Scarlet|0 fnt\n|-unboost|p2a: Deoxys|spa|2\n|faint|p1a: Scarlet\n|\n|-damage|p2a: Deoxys|29\/100 psn|[from] psn\n|upkeep\n|\n|t:|1698966243\n|switch|p1a: Good dog?|Zamazenta|100\/100\n|-ability|p1a: Good dog?|Dauntless Shield|boost\n|-boost|p1a: Good dog?|def|1\n|turn|23\n|c| LUWITE|crit almost crazy\n|\n|t:|1698966248\n|switch|p2a: Iron Valiant|Iron Valiant|82\/100 psn\n|move|p1a: Good dog?|Trailblaze|p2a: Iron Valiant\n|-damage|p2a: Iron Valiant|57\/100 psn\n|-boost|p1a: Good dog?|spe|1\n|\n|-damage|p2a: Iron Valiant|44\/100 psn|[from] psn\n|upkeep\n|turn|24\n|\n|t:|1698966257\n|move|p1a: Good dog?|Psychic Fangs|p2a: Iron Valiant\n|-supereffective|p2a: Iron Valiant\n|-damage|p2a: Iron Valiant|0 fnt\n|faint|p2a: Iron Valiant\n|-end|p2a: Iron Valiant|Quark Drive|[silent]\n|\n|upkeep\n|\n|t:|1698966266\n|switch|p2a: Deoxys|Deoxys|29\/100 psn\n|-ability|p2a: Deoxys|Pressure\n|turn|25\n|c|\u2606Warpa1nt|gg\n|j| GEAV\n|\n|t:|1698966271\n|move|p1a: Good dog?|Trailblaze|p2a: Deoxys\n|-damage|p2a: Deoxys|0 fnt\n|-boost|p1a: Good dog?|spe|1\n|faint|p2a: Deoxys\n|\n|upkeep\n|c|\u2606CL LeafMist|gg\n|\n|t:|1698966276\n|switch|p2a: Tyranitar|Tyranitar, M|100\/100\n|-status|p2a: Tyranitar|psn\n|-weather|Sandstorm|[from] ability: Sand Stream|[of] p2a: Tyranitar\n|turn|26\n|\n|t:|1698966282\n|move|p1a: Good dog?|Close Combat|p2a: Tyranitar\n|-supereffective|p2a: Tyranitar\n|-crit|p2a: Tyranitar\n|-damage|p2a: Tyranitar|0 fnt\n|-unboost|p1a: Good dog?|def|1\n|-unboost|p1a: Good dog?|spd|1\n|faint|p2a: Tyranitar\n|\n|win|CL LeafMist\n|c|\u2606CL LeafMist|crit\n|c|\u2606Warpa1nt|Didn'tmatter to be fair\n","uploadtime":1698966297,"views":47,"p1id":"clleafmist","p2id":"warpa1nt","formatid":"gen9ubers","rating":0,"private":0,"password":""}