{"id":"radicalred-gen9ubers-548642","p1":"nosexd123","p2":"s0rianchez","format":"[Gen 9] Ubers","log":"|j|\u2606nosexd123\n|j|\u2606s0rianchez\n|t:|1700410722\n|gametype|singles\n|player|p1|nosexd123|rr-greninja|\n|player|p2|s0rianchez|rr-tyranitar|\n|teamsize|p1|6\n|teamsize|p2|6\n|gen|9\n|tier|[Gen 9] Ubers\n|rule|Sleep Clause Mod: Limit one foe put to sleep\n|rule|Species Clause: Limit one of each Pok\u00e9mon\n|rule|OHKO Clause: OHKO moves are banned\n|rule|Evasion Abilities Clause: Evasion abilities are banned\n|rule|Evasion Items Clause: Evasion items are banned\n|rule|Evasion Moves Clause: Evasion moves are banned\n|rule|Endless Battle Clause: Forcing endless battles is banned\n|rule|HP Percentage Mod: HP is shown in percentages\n|rule|Dynamax Clause: You cannot dynamax\n|rule|Mega Rayquaza Clause: You cannot mega evolve Rayquaza\n|clearpoke\n|poke|p1|Alomomola, F|\n|poke|p1|Meowscarada, F|\n|poke|p1|Duraludon, F|\n|poke|p1|Kingambit, M|\n|poke|p1|Shuckle, F|\n|poke|p1|Donphan, M|\n|poke|p2|Diancie|\n|poke|p2|Meowscarada, F|\n|poke|p2|Tyranitar, M|\n|poke|p2|Barbaracle, M|\n|poke|p2|Decidueye-Hisui, M|\n|poke|p2|Roserade, F|\n|teampreview\n|inactive|Battle timer is ON: inactive players will automatically lose when time's up. (requested by s0rianchez)\n|\n|t:|1700410744\n|start\n|switch|p1a: Shuckle|Shuckle, F|100\/100\n|switch|p2a: Decidueye|Decidueye-Hisui, M|100\/100\n|turn|1\n|\n|t:|1700410750\n|move|p2a: Decidueye|Triple Arrows|p1a: Shuckle\n|-damage|p1a: Shuckle|61\/100\n|move|p1a: Shuckle|Gyro Ball|p2a: Decidueye\n|-damage|p2a: Decidueye|91\/100\n|\n|-heal|p2a: Decidueye|98\/100|[from] item: Leftovers\n|upkeep\n|turn|2\n|\n|t:|1700410767\n|move|p2a: Decidueye|Triple Arrows|p1a: Shuckle\n|-damage|p1a: Shuckle|19\/100\n|-unboost|p1a: Shuckle|def|1\n|move|p1a: Shuckle|Sticky Web|p2a: Decidueye\n|-sidestart|p2: s0rianchez|move: Sticky Web\n|\n|-heal|p2a: Decidueye|100\/100|[from] item: Leftovers\n|upkeep\n|turn|3\n|\n|t:|1700410780\n|move|p2a: Decidueye|Triple Arrows|p1a: Shuckle\n|-damage|p1a: Shuckle|0 fnt\n|faint|p1a: Shuckle\n|\n|upkeep\n|\n|t:|1700410791\n|switch|p1a: Donphan|Donphan, M|100\/100\n|turn|4\n|\n|t:|1700410802\n|move|p1a: Donphan|Ice Shard|p2a: Decidueye\n|-supereffective|p2a: Decidueye\n|-damage|p2a: Decidueye|72\/100\n|move|p2a: Decidueye|Trop Kick|p1a: Donphan\n|-supereffective|p1a: Donphan\n|-damage|p1a: Donphan|34\/100\n|-unboost|p1a: Donphan|atk|1\n|\n|-heal|p2a: Decidueye|79\/100|[from] item: Leftovers\n|-heal|p1a: Donphan|41\/100|[from] item: Leftovers\n|upkeep\n|turn|5\n|\n|t:|1700410817\n|switch|p1a: Duraludon|Duraludon, F|100\/100\n|move|p2a: Decidueye|Trop Kick|p1a: Duraludon\n|-resisted|p1a: Duraludon\n|-damage|p1a: Duraludon|89\/100\n|-unboost|p1a: Duraludon|atk|1\n|\n|-heal|p2a: Decidueye|85\/100|[from] item: Leftovers\n|upkeep\n|turn|6\n|\n|t:|1700410828\n|detailschange|p1a: Duraludon|Duraludon-Mega, F\n|-mega|p1a: Duraludon|Duraludon|Duraludonite\n|move|p1a: Duraludon|Draco Meteor|p2a: Decidueye\n|-damage|p2a: Decidueye|19\/100\n|move|p2a: Decidueye|Triple Arrows|p1a: Duraludon\n|-supereffective|p1a: Duraludon\n|-damage|p1a: Duraludon|0 fnt\n|faint|p1a: Duraludon\n|\n|-heal|p2a: Decidueye|25\/100|[from] item: Leftovers\n|upkeep\n|\n|t:|1700410846\n|switch|p1a: Donphan|Donphan, M|41\/100\n|turn|7\n|\n|t:|1700410852\n|move|p1a: Donphan|Ice Shard|p2a: Decidueye\n|-supereffective|p2a: Decidueye\n|-damage|p2a: Decidueye|0 fnt\n|faint|p2a: Decidueye\n|\n|-heal|p1a: Donphan|47\/100|[from] item: Leftovers\n|upkeep\n|\n|t:|1700410864\n|switch|p2a: Barbaracle|Barbaracle, M|100\/100\n|-activate|p2a: Barbaracle|move: Sticky Web\n|-unboost|p2a: Barbaracle|spe|1\n|turn|8\n|\n|t:|1700410873\n|move|p1a: Donphan|Bonemerang|p2a: Barbaracle\n|-supereffective|p2a: Barbaracle\n|-damage|p2a: Barbaracle|50\/100\n|-enditem|p2a: Barbaracle|Sitrus Berry|[eat]\n|-heal|p2a: Barbaracle|75\/100|[from] item: Sitrus Berry\n|-supereffective|p2a: Barbaracle\n|-damage|p2a: Barbaracle|32\/100\n|-hitcount|p2a: Barbaracle|2\n|move|p2a: Barbaracle|Swords Dance|p2a: Barbaracle\n|-boost|p2a: Barbaracle|atk|2\n|\n|-heal|p1a: Donphan|53\/100|[from] item: Leftovers\n|upkeep\n|turn|9\n|\n|t:|1700410889\n|move|p2a: Barbaracle|Aqua Jet|p1a: Donphan\n|-supereffective|p1a: Donphan\n|-damage|p1a: Donphan|0 fnt\n|faint|p1a: Donphan\n|\n|upkeep\n|\n|t:|1700410894\n|switch|p1a: Alomomola|Alomomola, F|100\/100\n|turn|10\n|\n|t:|1700410910\n|move|p2a: Barbaracle|Accelerock|p1a: Alomomola\n|-damage|p1a: Alomomola|73\/100\n|-damage|p2a: Barbaracle|15\/100|[from] item: Rocky Helmet|[of] p1a: Alomomola\n|move|p1a: Alomomola|Flip Turn|p2a: Barbaracle\n|-damage|p2a: Barbaracle|3\/100\n|\n|t:|1700410919\n|switch|p1a: Meowscarada|Meowscarada, F|100\/100|[from] Flip Turn\n|\n|upkeep\n|turn|11\n|\n|t:|1700410927\n|switch|p1a: Alomomola|Alomomola, F|100\/100\n|move|p2a: Barbaracle|Accelerock|p1a: Alomomola\n|-damage|p1a: Alomomola|72\/100\n|-damage|p2a: Barbaracle|0 fnt|[from] item: Rocky Helmet|[of] p1a: Alomomola\n|faint|p2a: Barbaracle\n|\n|upkeep\n|\n|t:|1700410943\n|switch|p2a: Roserade|Roserade, F|100\/100\n|-activate|p2a: Roserade|move: Sticky Web\n|-unboost|p2a: Roserade|spe|1\n|turn|12\n|\n|t:|1700410965\n|move|p1a: Alomomola|Protect|p1a: Alomomola\n|-singleturn|p1a: Alomomola|Protect\n|move|p2a: Roserade|Mega Drain|p1a: Alomomola\n|-activate|p1a: Alomomola|move: Protect\n|\n|upkeep\n|turn|13\n|\n|t:|1700410984\n|switch|p1a: Meowscarada|Meowscarada, F|100\/100\n|move|p2a: Roserade|Mega Drain|p1a: Meowscarada\n|-resisted|p1a: Meowscarada\n|-damage|p1a: Meowscarada|62\/100\n|\n|upkeep\n|turn|14\n|\n|t:|1700410998\n|move|p1a: Meowscarada|Sucker Punch|p2a: Roserade\n|-start|p1a: Meowscarada|typechange|Dark|[from] ability: Protean\n|-damage|p2a: Roserade|23\/100\n|-damage|p1a: Meowscarada|52\/100|[from] item: Life Orb\n|move|p2a: Roserade|Mega Drain|p1a: Meowscarada\n|-damage|p1a: Meowscarada|0 fnt\n|-heal|p2a: Roserade|52\/100|[from] drain|[of] p1a: Meowscarada\n|faint|p1a: Meowscarada\n|\n|upkeep\n|\n|t:|1700411007\n|switch|p1a: Kingambit|Kingambit, M|100\/100\n|-activate|p1a: Kingambit|ability: Supreme Overlord\n|-start|p1a: Kingambit|fallen4|[silent]\n|turn|15\n|\n|t:|1700411011\n|move|p2a: Roserade|Mega Drain|p1a: Kingambit\n|-resisted|p1a: Kingambit\n|-damage|p1a: Kingambit|76\/100\n|-heal|p2a: Roserade|71\/100|[from] drain|[of] p1a: Kingambit\n|move|p1a: Kingambit|Swords Dance|p1a: Kingambit\n|-boost|p1a: Kingambit|atk|2\n|\n|-heal|p1a: Kingambit|82\/100|[from] item: Leftovers\n|upkeep\n|turn|16\n|\n|t:|1700411034\n|switch|p2a: Tyranitar|Tyranitar, M, shiny|100\/100\n|-activate|p2a: Tyranitar|move: Sticky Web\n|-unboost|p2a: Tyranitar|spe|1\n|-weather|Sandstorm|[from] ability: Sand Stream|[of] p2a: Tyranitar\n|move|p1a: Kingambit|Swords Dance|p1a: Kingambit\n|-boost|p1a: Kingambit|atk|2\n|\n|-weather|Sandstorm|[upkeep]\n|-heal|p1a: Kingambit|88\/100|[from] item: Leftovers\n|upkeep\n|turn|17\n|\n|t:|1700411053\n|move|p2a: Tyranitar|Rock Polish|p2a: Tyranitar\n|-boost|p2a: Tyranitar|spe|2\n|move|p1a: Kingambit|Brick Break|p2a: Tyranitar\n|-supereffective|p2a: Tyranitar\n|-damage|p2a: Tyranitar|0 fnt\n|faint|p2a: Tyranitar\n|\n|-weather|Sandstorm|[upkeep]\n|-heal|p1a: Kingambit|95\/100|[from] item: Leftovers\n|upkeep\n|\n|t:|1700411062\n|switch|p2a: Diancie|Diancie|100\/100\n|-activate|p2a: Diancie|move: Sticky Web\n|-fail|p2a: Diancie|unboost|[from] ability: Clear Body|[of] p2a: Diancie\n|turn|18\n|\n|t:|1700411077\n|detailschange|p2a: Diancie|Diancie-Mega\n|-mega|p2a: Diancie|Diancie|Diancite\n|move|p2a: Diancie|Earth Power|p1a: Kingambit\n|-supereffective|p1a: Kingambit\n|-damage|p1a: Kingambit|20\/100\n|move|p1a: Kingambit|Brick Break|p2a: Diancie\n|-damage|p2a: Diancie|0 fnt\n|faint|p2a: Diancie\n|\n|-weather|Sandstorm|[upkeep]\n|-heal|p1a: Kingambit|26\/100|[from] item: Leftovers\n|upkeep\n|\n|t:|1700411086\n|switch|p2a: Meowscarada|Meowscarada, F, shiny|100\/100\n|-activate|p2a: Meowscarada|move: Sticky Web\n|-unboost|p2a: Meowscarada|spe|1\n|turn|19\n|\n|t:|1700411097\n|move|p1a: Kingambit|Sucker Punch|p2a: Meowscarada\n|-resisted|p2a: Meowscarada\n|-damage|p2a: Meowscarada|0 fnt\n|faint|p2a: Meowscarada\n|\n|-weather|Sandstorm|[upkeep]\n|-heal|p1a: Kingambit|33\/100|[from] item: Leftovers\n|upkeep\n|\n|t:|1700411103\n|switch|p2a: Roserade|Roserade, F|71\/100\n|-activate|p2a: Roserade|move: Sticky Web\n|-unboost|p2a: Roserade|spe|1\n|turn|20\n|\n|t:|1700411106\n|move|p1a: Kingambit|Sucker Punch|p2a: Roserade\n|-damage|p2a: Roserade|0 fnt\n|faint|p2a: Roserade\n|\n|win|nosexd123\n|c|\u2606s0rianchez|gg\n|c|\u2606nosexd123|Gg\n|l|\u2606s0rianchez\n","uploadtime":1700411115,"views":11,"p1id":"nosexd123","p2id":"s0rianchez","formatid":"gen9ubers","rating":0,"private":0,"password":""}