{"id":"radicalred-gen9ubers-548455","p1":"Godigimon","p2":"OrcLoose","format":"[Gen 9] Ubers","log":"|j|\u2606Godigimon\n|j|\u2606OrcLoose\n|t:|1700340748\n|gametype|singles\n|player|p1|Godigimon|rr-blissey|\n|player|p2|OrcLoose|rr-slowkinggalar|\n|teamsize|p1|6\n|teamsize|p2|6\n|gen|9\n|tier|[Gen 9] Ubers\n|rule|Sleep Clause Mod: Limit one foe put to sleep\n|rule|Species Clause: Limit one of each Pok\u00e9mon\n|rule|OHKO Clause: OHKO moves are banned\n|rule|Evasion Abilities Clause: Evasion abilities are banned\n|rule|Evasion Items Clause: Evasion items are banned\n|rule|Evasion Moves Clause: Evasion moves are banned\n|rule|Endless Battle Clause: Forcing endless battles is banned\n|rule|HP Percentage Mod: HP is shown in percentages\n|rule|Dynamax Clause: You cannot dynamax\n|rule|Mega Rayquaza Clause: You cannot mega evolve Rayquaza\n|clearpoke\n|poke|p1|Duraludon, M|\n|poke|p1|Iron Leaves|\n|poke|p1|Darmanitan-Galar, M|\n|poke|p1|Drapion, M|\n|poke|p1|Swellow, F|\n|poke|p1|Dodrio-Sevii, M|\n|poke|p2|Abomasnow, F|\n|poke|p2|Meowscarada, F|\n|poke|p2|Slowking-Galar, F|\n|poke|p2|Magcargo, M|\n|poke|p2|Electivire, F|\n|poke|p2|Clawitzer, F|\n|teampreview\n|\n|t:|1700340779\n|start\n|switch|p1a: Darmanitan|Darmanitan-Galar, M|100\/100\n|switch|p2a: Clutch|Magcargo, M, shiny|100\/100\n|-item|p2a: Clutch|Air Balloon\n|turn|1\n|\n|t:|1700340790\n|move|p1a: Darmanitan|Ice Hammer|p2a: Clutch\n|-resisted|p2a: Clutch\n|-damage|p2a: Clutch|51\/100\n|-enditem|p2a: Clutch|Air Balloon\n|move|p2a: Clutch|Scald|p1a: Darmanitan\n|-damage|p1a: Darmanitan|75\/100\n|-status|p1a: Darmanitan|brn\n|\n|-damage|p1a: Darmanitan|69\/100 brn|[from] brn\n|upkeep\n|turn|2\n|\n|t:|1700340797\n|move|p1a: Darmanitan|Ice Hammer|p2a: Clutch\n|-resisted|p2a: Clutch\n|-damage|p2a: Clutch|30\/100\n|move|p2a: Clutch|Stealth Rock|p1a: Darmanitan\n|-sidestart|p1: Godigimon|move: Stealth Rock\n|\n|-damage|p1a: Darmanitan|63\/100 brn|[from] brn\n|upkeep\n|turn|3\n|\n|t:|1700340801\n|move|p1a: Darmanitan|Ice Hammer|p2a: Clutch\n|-resisted|p2a: Clutch\n|-damage|p2a: Clutch|9\/100\n|move|p2a: Clutch|Body Press|p1a: Darmanitan\n|-supereffective|p1a: Darmanitan\n|-damage|p1a: Darmanitan|0 fnt\n|faint|p1a: Darmanitan\n|\n|upkeep\n|\n|t:|1700340821\n|switch|p1a: Duraludon|Duraludon, M|100\/100\n|-damage|p1a: Duraludon|94\/100|[from] Stealth Rock\n|turn|4\n|\n|t:|1700340826\n|detailschange|p1a: Duraludon|Duraludon-Mega, M\n|-mega|p1a: Duraludon|Duraludon|Duraludonite\n|move|p1a: Duraludon|Steel Beam|p2a: Clutch\n|-damage|p2a: Clutch|0 fnt\n|faint|p2a: Clutch\n|\n|upkeep\n|\n|t:|1700340831\n|switch|p2a: Anti-TR|Clawitzer, F|100\/100\n|turn|5\n|\n|t:|1700340839\n|move|p1a: Duraludon|Substitute|p1a: Duraludon\n|-start|p1a: Duraludon|Substitute\n|-damage|p1a: Duraludon|70\/100\n|move|p2a: Anti-TR|Aura Sphere|p1a: Duraludon\n|-supereffective|p1a: Duraludon\n|-end|p1a: Duraludon|Substitute\n|\n|upkeep\n|turn|6\n|\n|t:|1700340844\n|move|p1a: Duraludon|Draco Meteor|p2a: Anti-TR\n|-damage|p2a: Anti-TR|22\/100\n|move|p2a: Anti-TR|Aura Sphere|p1a: Duraludon\n|-supereffective|p1a: Duraludon\n|-damage|p1a: Duraludon|0 fnt\n|faint|p1a: Duraludon\n|\n|upkeep\n|\n|t:|1700340852\n|switch|p1a: Iron Leaves|Iron Leaves|100\/100\n|-damage|p1a: Iron Leaves|88\/100|[from] Stealth Rock\n|turn|7\n|\n|t:|1700340860\n|move|p1a: Iron Leaves|Agility|p1a: Iron Leaves\n|-boost|p1a: Iron Leaves|spe|2\n|move|p2a: Anti-TR|Aura Sphere|p1a: Iron Leaves\n|-resisted|p1a: Iron Leaves\n|-damage|p1a: Iron Leaves|57\/100\n|\n|upkeep\n|turn|8\n|\n|t:|1700340874\n|move|p1a: Iron Leaves|Psyblade|p2a: Anti-TR\n|-damage|p2a: Anti-TR|0 fnt\n|faint|p2a: Anti-TR\n|-damage|p1a: Iron Leaves|47\/100|[from] item: Life Orb\n|\n|upkeep\n|\n|t:|1700340877\n|switch|p2a: Fatass|Slowking-Galar, F, shiny|100\/100\n|turn|9\n|\n|t:|1700340884\n|move|p1a: Iron Leaves|Psyblade|p2a: Fatass\n|-damage|p2a: Fatass|13\/100\n|-damage|p1a: Iron Leaves|37\/100|[from] item: Life Orb\n|move|p2a: Fatass|Foul Play|p1a: Iron Leaves\n|-supereffective|p1a: Iron Leaves\n|-damage|p1a: Iron Leaves|0 fnt\n|faint|p1a: Iron Leaves\n|\n|upkeep\n|j| ShoddyProdigy\n|\n|t:|1700340894\n|switch|p1a: Drapion|Drapion, M|100\/100\n|-damage|p1a: Drapion|88\/100|[from] Stealth Rock\n|-item|p1a: Drapion|Air Balloon\n|turn|10\n|\n|t:|1700340900\n|move|p1a: Drapion|Swords Dance|p1a: Drapion\n|-boost|p1a: Drapion|atk|2\n|move|p2a: Fatass|Chilly Reception|p2a: Fatass\n|-weather|Snow\n|\n|t:|1700340902\n|switch|p2a: Semi-Truck|Abomasnow, F, shiny|100\/100|[from] Chilly Reception\n|\n|-weather|Snow|[upkeep]\n|upkeep\n|turn|11\n|\n|t:|1700340905\n|detailschange|p2a: Semi-Truck|Abomasnow-Mega, F, shiny\n|-mega|p2a: Semi-Truck|Abomasnow|Abomasite\n|move|p2a: Semi-Truck|Mountain Gale|p1a: Drapion\n|-damage|p1a: Drapion|4\/100\n|-enditem|p1a: Drapion|Air Balloon\n|cant|p1a: Drapion|flinch\n|\n|-weather|Snow|[upkeep]\n|upkeep\n|turn|12\n|c|\u2606Godigimon|bruh\n|c|\u2606Godigimon|again\n|\n|t:|1700340912\n|move|p2a: Semi-Truck|Trailblaze|p1a: Drapion\n|-resisted|p1a: Drapion\n|-damage|p1a: Drapion|0 fnt\n|-boost|p2a: Semi-Truck|spe|1\n|faint|p1a: Drapion\n|\n|-weather|Snow|[upkeep]\n|upkeep\n|\n|t:|1700340915\n|switch|p1a: Dodrio|Dodrio-Sevii, M|100\/100\n|-damage|p1a: Dodrio|88\/100|[from] Stealth Rock\n|turn|13\n|\n|t:|1700340918\n|move|p2a: Semi-Truck|Earthquake|p1a: Dodrio\n|-supereffective|p1a: Dodrio\n|-damage|p1a: Dodrio|0 fnt\n|faint|p1a: Dodrio\n|\n|-weather|Snow|[upkeep]\n|upkeep\n|\n|t:|1700340921\n|switch|p1a: Swellow|Swellow, F|100\/100\n|-damage|p1a: Swellow|76\/100|[from] Stealth Rock\n|turn|14\n|\n|t:|1700340923\n|move|p2a: Semi-Truck|Mountain Gale|p1a: Swellow\n|-supereffective|p1a: Swellow\n|-damage|p1a: Swellow|0 fnt\n|faint|p1a: Swellow\n|\n|win|OrcLoose\n|c|\u2606Godigimon|wpgg\n|c|\u2606OrcLoose|gg\n|j| Pengwoo\n","uploadtime":1700340929,"views":31,"p1id":"godigimon","p2id":"orcloose","formatid":"gen9ubers","rating":0,"private":0,"password":""}