{"id":"radicalred-gen9ubers-550832","p1":"BananenSoep","p2":"divinereaper202","format":"[Gen 9] Ubers","log":"|j|\u2606BananenSoep\n|j|\u2606divinereaper202\n|t:|1700944147\n|gametype|singles\n|player|p1|BananenSoep|larry|\n|player|p2|divinereaper202|rr-necrozma|\n|teamsize|p1|6\n|teamsize|p2|6\n|gen|9\n|tier|[Gen 9] Ubers\n|rule|Sleep Clause Mod: Limit one foe put to sleep\n|rule|Species Clause: Limit one of each Pok\u00e9mon\n|rule|OHKO Clause: OHKO moves are banned\n|rule|Evasion Abilities Clause: Evasion abilities are banned\n|rule|Evasion Items Clause: Evasion items are banned\n|rule|Evasion Moves Clause: Evasion moves are banned\n|rule|Endless Battle Clause: Forcing endless battles is banned\n|rule|HP Percentage Mod: HP is shown in percentages\n|rule|Dynamax Clause: You cannot dynamax\n|rule|Mega Rayquaza Clause: You cannot mega evolve Rayquaza\n|clearpoke\n|poke|p1|Greninja-*, M|\n|poke|p1|Zoroark, F|\n|poke|p1|Sceptile, F|\n|poke|p1|Accelgor, F|\n|poke|p1|Solgaleo|\n|poke|p1|Gliscor, M|\n|poke|p2|Ting-Lu|\n|poke|p2|Falinks|\n|poke|p2|Milotic, F|\n|poke|p2|Dragapult, M|\n|poke|p2|Moltres|\n|poke|p2|Iron Leaves|\n|teampreview\n|c|\u2606divinereaper202|gl hf\n|c|\u2606BananenSoep|glhf\n|c|\u2606BananenSoep|bro i legitimately forgot that kantonian moltres exists\n|j| AkRAA22555\n|c|\u2606divinereaper202|Fair\n|\n|t:|1700944237\n|start\n|switch|p1a: Quirrel|Greninja, M|100\/100\n|switch|p2a: Moltres|Moltres|100\/100\n|turn|1\n|\n|t:|1700944247\n|switch|p2a: Milotic|Milotic, F|100\/100\n|move|p1a: Quirrel|U-turn|p2a: Milotic\n|-damage|p2a: Milotic|88\/100\n|j| Xopas\n|l| AkRAA22555\n|l| Xopas\n|\n|t:|1700944377\n|switch|p1a: Lost Kin|Accelgor, F|100\/100|[from] U-turn\n|\n|-status|p2a: Milotic|brn|[from] item: Flame Orb\n|upkeep\n|turn|2\n|\n|t:|1700944395\n|move|p1a: Lost Kin|Energy Ball|p2a: Milotic\n|-supereffective|p2a: Milotic\n|-damage|p2a: Milotic|21\/100 brn\n|move|p2a: Milotic|Flip Turn|p1a: Lost Kin\n|-crit|p1a: Lost Kin\n|-damage|p1a: Lost Kin|80\/100\n|\n|t:|1700944442\n|switch|p2a: Iron Leaves|Iron Leaves|100\/100|[from] Flip Turn\n|\n|upkeep\n|turn|3\n|\n|t:|1700944455\n|switch|p1a: Vengefly King|Gliscor, M|100\/100\n|move|p2a: Iron Leaves|Night Slash|p1a: Vengefly King\n|-damage|p1a: Vengefly King|78\/100\n|\n|-status|p1a: Vengefly King|tox|[from] item: Toxic Orb\n|upkeep\n|turn|4\n|\n|t:|1700944465\n|switch|p2a: Dragapult|Dragapult, M|100\/100\n|move|p1a: Vengefly King|U-turn|p2a: Dragapult\n|-resisted|p2a: Dragapult\n|-damage|p2a: Dragapult|90\/100\n|\n|t:|1700944475\n|switch|p1a: Quirrel|Greninja, M|100\/100|[from] U-turn\n|\n|upkeep\n|turn|5\n|\n|t:|1700944503\n|move|p1a: Quirrel|Dark Pulse|p2a: Dragapult\n|-supereffective|p2a: Dragapult\n|-damage|p2a: Dragapult|0 fnt\n|faint|p2a: Dragapult\n|\n|upkeep\n|\n|t:|1700944505\n|switch|p2a: Falinks|Falinks|100\/100\n|turn|6\n|\n|t:|1700944522\n|switch|p1a: Vengefly King|Gliscor, M|78\/100 tox\n|-zpower|p2a: Falinks\n|move|p2a: Falinks|Black Hole Eclipse|p1a: Vengefly King|[zeffect]\n|-damage|p1a: Vengefly King|45\/100 tox\n|\n|-heal|p1a: Vengefly King|58\/100 tox|[from] ability: Poison Heal\n|upkeep\n|turn|7\n|\n|t:|1700944541\n|switch|p2a: Milotic|Milotic, F|21\/100 brn\n|move|p1a: Vengefly King|Stealth Rock|p2a: Milotic\n|-sidestart|p2: divinereaper202|move: Stealth Rock\n|\n|-heal|p1a: Vengefly King|70\/100 tox|[from] ability: Poison Heal\n|-damage|p2a: Milotic|14\/100 brn|[from] brn\n|upkeep\n|turn|8\n|\n|t:|1700944549\n|move|p1a: Vengefly King|Earthquake|p2a: Milotic\n|-damage|p2a: Milotic|0 fnt\n|faint|p2a: Milotic\n|\n|-heal|p1a: Vengefly King|83\/100 tox|[from] ability: Poison Heal\n|upkeep\n|\n|t:|1700944554\n|switch|p2a: Moltres|Moltres|100\/100\n|turn|9\n|\n|t:|1700944561\n|move|p1a: Vengefly King|Protect|p1a: Vengefly King\n|-singleturn|p1a: Vengefly King|Protect\n|move|p2a: Moltres|Flamethrower|p1a: Vengefly King\n|-activate|p1a: Vengefly King|move: Protect\n|\n|-heal|p1a: Vengefly King|95\/100 tox|[from] ability: Poison Heal\n|upkeep\n|turn|10\n|\n|t:|1700944568\n|move|p1a: Vengefly King|U-turn|p2a: Moltres\n|-resisted|p2a: Moltres\n|-damage|p2a: Moltres|97\/100\n|\n|t:|1700944576\n|switch|p1a: Quirrel|Greninja, M|100\/100|[from] U-turn\n|move|p2a: Moltres|Defog|p1a: Quirrel\n|-unboost|p1a: Quirrel|evasion|1\n|-sideend|p2: divinereaper202|Stealth Rock|[from] move: Defog|[of] p2a: Moltres\n|\n|upkeep\n|turn|11\n|\n|t:|1700944595\n|switch|p2a: Iron Leaves|Iron Leaves|100\/100\n|move|p1a: Quirrel|Dark Pulse|p2a: Iron Leaves\n|-supereffective|p2a: Iron Leaves\n|-crit|p2a: Iron Leaves\n|-damage|p2a: Iron Leaves|0 fnt\n|faint|p2a: Iron Leaves\n|-activate|p1a: Quirrel|ability: Battle Bond\n|detailschange|p1a: Quirrel|Greninja-Ash, M\n|-damage|p1a: Quirrel|91\/100|[from] item: Life Orb\n|\n|upkeep\n|j| AkRAA22555\n|\n|t:|1700944622\n|switch|p2a: Falinks|Falinks|100\/100\n|turn|12\n|\n|t:|1700944629\n|switch|p2a: Moltres|Moltres|97\/100\n|move|p1a: Quirrel|Hydro Pump|p2a: Moltres\n|-supereffective|p2a: Moltres\n|-damage|p2a: Moltres|0 fnt\n|faint|p2a: Moltres\n|-damage|p1a: Quirrel|81\/100|[from] item: Life Orb\n|\n|upkeep\n|\n|t:|1700944636\n|switch|p2a: Falinks|Falinks|100\/100\n|turn|13\n|\n|t:|1700944640\n|move|p2a: Falinks|First Impression|p1a: Quirrel\n|-supereffective|p1a: Quirrel\n|-damage|p1a: Quirrel|0 fnt\n|faint|p1a: Quirrel\n|\n|upkeep\n|c|\u2606BananenSoep|oh\n|c|\u2606BananenSoep|did not know that lmao\n|c|\u2606divinereaper202|I was expecting the switch\n|c|\u2606divinereaper202|I knew I should of switch on dragpult but I doubt I can win\n|\n|t:|1700944696\n|switch|p1a: Mantis Lord|Sceptile, F|100\/100\n|turn|14\n|\n|t:|1700944706\n|detailschange|p1a: Mantis Lord|Sceptile-Mega, F\n|-mega|p1a: Mantis Lord|Sceptile|Sceptilite\n|move|p1a: Mantis Lord|Dual Chop|p2a: Falinks\n|-damage|p2a: Falinks|71\/100\n|-damage|p2a: Falinks|38\/100\n|-hitcount|p2a: Falinks|2\n|move|p2a: Falinks|Leech Life|p1a: Mantis Lord\n|-supereffective|p1a: Mantis Lord\n|-damage|p1a: Mantis Lord|0 fnt\n|-heal|p2a: Falinks|78\/100|[from] drain|[of] p1a: Mantis Lord\n|faint|p1a: Mantis Lord\n|\n|upkeep\n|\n|t:|1700944872\n|switch|p1a: Radiance|Solgaleo|100\/100\n|turn|15\n|\n|t:|1700944883\n|move|p1a: Radiance|Sunsteel Strike|p2a: Falinks\n|-damage|p2a: Falinks|34\/100\n|move|p2a: Falinks|Leech Life|p1a: Radiance\n|-damage|p1a: Radiance|75\/100\n|-heal|p2a: Falinks|52\/100|[from] drain|[of] p1a: Radiance\n|\n|upkeep\n|turn|16\n|\n|t:|1700944899\n|switch|p2a: Ting-Lu|Ting-Lu|100\/100\n|-ability|p2a: Ting-Lu|Vessel of Ruin\n|move|p1a: Radiance|Sunsteel Strike|p2a: Ting-Lu\n|-damage|p2a: Ting-Lu|78\/100\n|\n|upkeep\n|turn|17\n|\n|t:|1700944912\n|switch|p1a: Lost Kin|Accelgor, F|80\/100\n|move|p2a: Ting-Lu|Rock Tomb|p1a: Lost Kin\n|-supereffective|p1a: Lost Kin\n|-damage|p1a: Lost Kin|0 fnt\n|faint|p1a: Lost Kin\n|\n|upkeep\n|\n|t:|1700944920\n|switch|p1a: Vengefly King|Gliscor, M|100\/100\n|turn|18\n|\n|t:|1700944932\n|move|p1a: Vengefly King|U-turn|p2a: Ting-Lu\n|-supereffective|p2a: Ting-Lu\n|-damage|p2a: Ting-Lu|57\/100\n|\n|t:|1700944935\n|switch|p1a: Vengefly King|Gliscor, M|95\/100 tox|[from] U-turn\n|move|p2a: Ting-Lu|Heavy Slam|p1a: Vengefly King\n|-damage|p1a: Vengefly King|71\/100 tox\n|\n|-heal|p1a: Vengefly King|83\/100 tox|[from] ability: Poison Heal\n|upkeep\n|turn|19\n|\n|t:|1700944946\n|move|p1a: Vengefly King|Stealth Rock|p2a: Ting-Lu\n|-sidestart|p2: divinereaper202|move: Stealth Rock\n|move|p2a: Ting-Lu|Heavy Slam|p1a: Vengefly King\n|-damage|p1a: Vengefly King|59\/100 tox\n|\n|-heal|p1a: Vengefly King|71\/100 tox|[from] ability: Poison Heal\n|upkeep\n|turn|20\n|\n|t:|1700944954\n|move|p1a: Vengefly King|Earthquake|p2a: Ting-Lu\n|-damage|p2a: Ting-Lu|38\/100\n|move|p2a: Ting-Lu|Heavy Slam|p1a: Vengefly King\n|-damage|p1a: Vengefly King|48\/100 tox\n|\n|-heal|p1a: Vengefly King|60\/100 tox|[from] ability: Poison Heal\n|upkeep\n|turn|21\n|\n|t:|1700944966\n|move|p1a: Vengefly King|Earthquake|p2a: Ting-Lu\n|-damage|p2a: Ting-Lu|21\/100\n|move|p2a: Ting-Lu|Heavy Slam|p1a: Vengefly King\n|-damage|p1a: Vengefly King|35\/100 tox\n|\n|-heal|p1a: Vengefly King|47\/100 tox|[from] ability: Poison Heal\n|upkeep\n|turn|22\n|\n|t:|1700944973\n|move|p1a: Vengefly King|U-turn|p2a: Ting-Lu\n|-supereffective|p2a: Ting-Lu\n|-damage|p2a: Ting-Lu|5\/100\n|\n|t:|1700944975\n|switch|p1a: Radiance|Solgaleo|75\/100|[from] U-turn\n|move|p2a: Ting-Lu|Rock Tomb|p1a: Radiance\n|-resisted|p1a: Radiance\n|-damage|p1a: Radiance|68\/100\n|\n|upkeep\n|turn|23\n|\n|t:|1700944982\n|move|p1a: Radiance|Sunsteel Strike|p2a: Ting-Lu\n|-damage|p2a: Ting-Lu|0 fnt\n|faint|p2a: Ting-Lu\n|\n|upkeep\n|\n|t:|1700944985\n|switch|p2a: Falinks|Falinks|52\/100\n|-damage|p2a: Falinks|39\/100|[from] Stealth Rock\n|turn|24\n|\n|t:|1700944989\n|move|p1a: Radiance|Sunsteel Strike|p2a: Falinks\n|-damage|p2a: Falinks|0 fnt\n|faint|p2a: Falinks\n|\n|win|BananenSoep\n|c|\u2606BananenSoep|gg\n|c|\u2606divinereaper202|gg\n|c|\u2606BananenSoep|i did not prep for bug type falinks lol\n|l| AkRAA22555\n","uploadtime":1700944999,"views":54,"p1id":"bananensoep","p2id":"divinereaper202","formatid":"gen9ubers","rating":0,"private":0,"password":""}