{"id":"radicalred-gen9ubers-545549","p1":"axelzzz09","p2":"ivancuervo2007","format":"[Gen 9] Ubers","log":"|j|\u2606axelzzz09\n|j|\u2606ivancuervo2007\n|t:|1699816189\n|gametype|singles\n|player|p1|axelzzz09|rr-sneasler|\n|player|p2|ivancuervo2007|rr-tapufini|\n|teamsize|p1|6\n|teamsize|p2|6\n|gen|9\n|tier|[Gen 9] Ubers\n|rule|Sleep Clause Mod: Limit one foe put to sleep\n|rule|Species Clause: Limit one of each Pok\u00e9mon\n|rule|OHKO Clause: OHKO moves are banned\n|rule|Evasion Abilities Clause: Evasion abilities are banned\n|rule|Evasion Items Clause: Evasion items are banned\n|rule|Evasion Moves Clause: Evasion moves are banned\n|rule|Endless Battle Clause: Forcing endless battles is banned\n|rule|HP Percentage Mod: HP is shown in percentages\n|rule|Dynamax Clause: You cannot dynamax\n|rule|Mega Rayquaza Clause: You cannot mega evolve Rayquaza\n|clearpoke\n|poke|p1|Ceruledge, M|\n|poke|p1|Kangaskhan, F|\n|poke|p1|Kommo-o, M|\n|poke|p1|Sneasler, F|\n|poke|p1|Skeledirge, F|\n|poke|p1|Palafin, F|\n|poke|p2|Aggron, M|\n|poke|p2|Azumarill, M|\n|poke|p2|Sylveon, M|\n|poke|p2|Klinklang|\n|poke|p2|Lucario, M|\n|poke|p2|Heatran, F|\n|teampreview\n|\n|t:|1699816232\n|start\n|switch|p1a: superman|Palafin, F|100\/100\n|switch|p2a: Vulcan|Heatran, F|100\/100\n|turn|1\n|\n|t:|1699816242\n|move|p1a: superman|Flip Turn|p2a: Vulcan\n|-supereffective|p2a: Vulcan\n|-damage|p2a: Vulcan|48\/100\n|-status|p1a: superman|brn|[from] ability: Flame Body|[of] p2a: Vulcan\n|\n|t:|1699816251\n|detailschange|p1a: superman|Palafin-Hero, F\n|switch|p1a: cocodrilo enojado|Skeledirge, F, shiny|100\/100|[from] Flip Turn\n|move|p2a: Vulcan|Earth Power|p1a: cocodrilo enojado\n|-supereffective|p1a: cocodrilo enojado\n|-damage|p1a: cocodrilo enojado|36\/100\n|\n|-heal|p2a: Vulcan|54\/100|[from] item: Leftovers\n|upkeep\n|turn|2\n|\n|t:|1699816261\n|move|p1a: cocodrilo enojado|Earth Power|p2a: Vulcan\n|-supereffective|p2a: Vulcan\n|-damage|p2a: Vulcan|0 fnt\n|faint|p2a: Vulcan\n|\n|upkeep\n|\n|t:|1699816268\n|switch|p2a: Marino|Azumarill, M|100\/100\n|turn|3\n|\n|t:|1699816275\n|move|p1a: cocodrilo enojado|Shadow Ball|p2a: Marino\n|-damage|p2a: Marino|73\/100\n|move|p2a: Marino|Belly Drum|p2a: Marino\n|-damage|p2a: Marino|23\/100\n|-setboost|p2a: Marino|atk|6|[from] move: Belly Drum\n|-enditem|p2a: Marino|Sitrus Berry|[eat]\n|-heal|p2a: Marino|48\/100|[from] item: Sitrus Berry\n|\n|upkeep\n|turn|4\n|\n|t:|1699816286\n|move|p2a: Marino|Aqua Jet|p1a: cocodrilo enojado\n|-supereffective|p1a: cocodrilo enojado\n|-damage|p1a: cocodrilo enojado|0 fnt\n|faint|p1a: cocodrilo enojado\n|\n|upkeep\n|j| Mr cyphon\n|\n|t:|1699816301\n|switch|p1a: caballero oscuro|Ceruledge, M|100\/100\n|turn|5\n|\n|t:|1699816304\n|move|p2a: Marino|Aqua Jet|p1a: caballero oscuro\n|-supereffective|p1a: caballero oscuro\n|-enditem|p1a: caballero oscuro|Focus Sash\n|-damage|p1a: caballero oscuro|1\/100\n|-ability|p1a: caballero oscuro|Weak Armor|boost\n|-unboost|p1a: caballero oscuro|def|1\n|-boost|p1a: caballero oscuro|spe|2\n|move|p1a: caballero oscuro|Swords Dance|p1a: caballero oscuro\n|-boost|p1a: caballero oscuro|atk|2\n|\n|upkeep\n|turn|6\n|\n|t:|1699816315\n|move|p1a: caballero oscuro|Shadow Sneak|p2a: Marino\n|-damage|p2a: Marino|4\/100\n|move|p2a: Marino|Aqua Jet|p1a: caballero oscuro\n|-supereffective|p1a: caballero oscuro\n|-damage|p1a: caballero oscuro|0 fnt\n|faint|p1a: caballero oscuro\n|\n|upkeep\n|\n|t:|1699816326\n|switch|p1a: garra rapida|Sneasler, F|100\/100\n|turn|7\n|\n|t:|1699816332\n|move|p2a: Marino|Aqua Jet|p1a: garra rapida\n|-damage|p1a: garra rapida|0 fnt\n|faint|p1a: garra rapida\n|\n|upkeep\n|\n|t:|1699816339\n|switch|p1a: superman|Palafin-Hero, F|100\/100 brn\n|-activate|p1a: superman|ability: Zero to Hero\n|turn|8\n|\n|t:|1699816348\n|move|p1a: superman|Jet Punch|p2a: Marino\n|-resisted|p2a: Marino\n|-damage|p2a: Marino|0 fnt\n|faint|p2a: Marino\n|\n|-damage|p1a: superman|94\/100 brn|[from] brn\n|upkeep\n|\n|t:|1699816354\n|switch|p2a: Behemoth|Aggron, M|100\/100\n|turn|9\n|\n|t:|1699816359\n|switch|p1a: la armadura|Kommo-o, M|100\/100\n|detailschange|p2a: Behemoth|Aggron-Mega, M\n|-mega|p2a: Behemoth|Aggron|Aggronite\n|move|p2a: Behemoth|Body Press|p1a: la armadura\n|-damage|p1a: la armadura|73\/100\n|\n|-heal|p1a: la armadura|79\/100|[from] item: Leftovers\n|upkeep\n|turn|10\n|\n|t:|1699816369\n|move|p1a: la armadura|Drain Punch|p2a: Behemoth\n|-supereffective|p2a: Behemoth\n|-damage|p2a: Behemoth|80\/100\n|-heal|p1a: la armadura|89\/100|[from] drain|[of] p2a: Behemoth\n|move|p2a: Behemoth|Heavy Slam|p1a: la armadura\n|-damage|p1a: la armadura|40\/100\n|\n|-heal|p1a: la armadura|46\/100|[from] item: Leftovers\n|upkeep\n|turn|11\n|\n|t:|1699816379\n|move|p1a: la armadura|Swords Dance|p1a: la armadura\n|-boost|p1a: la armadura|atk|2\n|move|p2a: Behemoth|Heavy Slam|p1a: la armadura\n|-damage|p1a: la armadura|0 fnt\n|faint|p1a: la armadura\n|\n|upkeep\n|\n|t:|1699816386\n|switch|p1a: superman|Palafin-Hero, F|94\/100 brn\n|turn|12\n|\n|t:|1699816393\n|move|p1a: superman|Drain Punch|p2a: Behemoth\n|-supereffective|p2a: Behemoth\n|-damage|p2a: Behemoth|63\/100\n|-heal|p1a: superman|100\/100 brn|[from] drain|[of] p2a: Behemoth\n|move|p2a: Behemoth|Body Press|p1a: superman\n|-damage|p1a: superman|60\/100 brn\n|\n|-damage|p1a: superman|54\/100 brn|[from] brn\n|upkeep\n|turn|13\n|\n|t:|1699816402\n|move|p1a: superman|Drain Punch|p2a: Behemoth\n|-supereffective|p2a: Behemoth\n|-damage|p2a: Behemoth|46\/100\n|-heal|p1a: superman|63\/100 brn|[from] drain|[of] p2a: Behemoth\n|move|p2a: Behemoth|Body Press|p1a: superman\n|-damage|p1a: superman|22\/100 brn\n|\n|-damage|p1a: superman|15\/100 brn|[from] brn\n|upkeep\n|turn|14\n|\n|t:|1699816411\n|move|p1a: superman|Drain Punch|p2a: Behemoth\n|-supereffective|p2a: Behemoth\n|-damage|p2a: Behemoth|30\/100\n|-heal|p1a: superman|23\/100 brn|[from] drain|[of] p2a: Behemoth\n|move|p2a: Behemoth|Body Press|p1a: superman\n|-damage|p1a: superman|0 fnt\n|faint|p1a: superman\n|\n|upkeep\n|\n|t:|1699816419\n|switch|p1a: mi mama|Kangaskhan, F|100\/100\n|turn|15\n|j| fuwawaABYSSgard~\u272a\n|l| fuwawaABYSSgard~\u272a\n|\n|t:|1699816427\n|detailschange|p1a: mi mama|Kangaskhan-Mega, F\n|-mega|p1a: mi mama|Kangaskhan|Kangaskhanite\n|move|p1a: mi mama|Power-Up Punch|p2a: Behemoth\n|-supereffective|p2a: Behemoth\n|-damage|p2a: Behemoth|23\/100\n|-boost|p1a: mi mama|atk|1\n|-supereffective|p2a: Behemoth\n|-damage|p2a: Behemoth|20\/100\n|-boost|p1a: mi mama|atk|1\n|-hitcount|p2a: Behemoth|2\n|move|p2a: Behemoth|Body Press|p1a: mi mama\n|-supereffective|p1a: mi mama\n|-damage|p1a: mi mama|44\/100\n|\n|upkeep\n|turn|16\n|\n|t:|1699816440\n|move|p1a: mi mama|Drain Punch|p2a: Behemoth\n|-supereffective|p2a: Behemoth\n|-damage|p2a: Behemoth|0 fnt\n|-heal|p1a: mi mama|52\/100|[from] drain|[of] p2a: Behemoth\n|faint|p2a: Behemoth\n|-hitcount|p2: Behemoth|1\n|\n|upkeep\n|\n|t:|1699816443\n|switch|p2a: Ryu|Lucario, M|100\/100\n|turn|17\n|\n|t:|1699816448\n|move|p2a: Ryu|Aura Sphere|p1a: mi mama\n|-supereffective|p1a: mi mama\n|-damage|p1a: mi mama|0 fnt\n|faint|p1a: mi mama\n|\n|win|ivancuervo2007\n","uploadtime":1699816453,"views":16,"p1id":"axelzzz09","p2id":"ivancuervo2007","formatid":"gen9ubers","rating":0,"private":0,"password":""}