{"id":"radicalred-gen9ubers-546628","p1":"nose xd123","p2":"axelzzz09","format":"[Gen 9] Ubers","log":"|j|\u2606nose xd123\n|j|\u2606axelzzz09\n|t:|1700012245\n|gametype|singles\n|player|p1|nose xd123|rr-greninja|\n|player|p2|axelzzz09|rr-sneasler|\n|teamsize|p1|6\n|teamsize|p2|6\n|gen|9\n|tier|[Gen 9] Ubers\n|rule|Sleep Clause Mod: Limit one foe put to sleep\n|rule|Species Clause: Limit one of each Pok\u00e9mon\n|rule|OHKO Clause: OHKO moves are banned\n|rule|Evasion Abilities Clause: Evasion abilities are banned\n|rule|Evasion Items Clause: Evasion items are banned\n|rule|Evasion Moves Clause: Evasion moves are banned\n|rule|Endless Battle Clause: Forcing endless battles is banned\n|rule|HP Percentage Mod: HP is shown in percentages\n|rule|Dynamax Clause: You cannot dynamax\n|rule|Mega Rayquaza Clause: You cannot mega evolve Rayquaza\n|clearpoke\n|poke|p1|Donphan, F|\n|poke|p1|Greninja-*, M|\n|poke|p1|Annihilape, M|\n|poke|p1|Grimmsnarl, M|\n|poke|p1|Alomomola, F|\n|poke|p1|Machamp, M|\n|poke|p2|Dragapult, M|\n|poke|p2|Garchomp, F|\n|poke|p2|Tapu Lele|\n|poke|p2|Gallade, M|\n|poke|p2|Gardevoir, F|\n|poke|p2|Dracovish|\n|teampreview\n|\n|t:|1700012267\n|start\n|switch|p1a: Alomomola|Alomomola, F|100\/100\n|switch|p2a: Dracovish|Dracovish|100\/100\n|turn|1\n|c|\u2606axelzzz09|ese grin no da tanto miedo\n|\n|t:|1700012275\n|move|p2a: Dracovish|Fishious Rend|p1a: Alomomola\n|-resisted|p1a: Alomomola\n|-damage|p1a: Alomomola|78\/100\n|-damage|p2a: Dracovish|84\/100|[from] item: Rocky Helmet|[of] p1a: Alomomola\n|move|p1a: Alomomola|Toxic|p2a: Dracovish\n|-status|p2a: Dracovish|tox\n|\n|-damage|p2a: Dracovish|78\/100 tox|[from] psn\n|upkeep\n|turn|2\n|\n|t:|1700012284\n|switch|p2a: waifu|Gardevoir, F|100\/100\n|move|p1a: Alomomola|Flip Turn|p2a: waifu\n|-damage|p2a: waifu|72\/100\n|\n|t:|1700012290\n|switch|p1a: Greninja|Greninja, M|100\/100|[from] Flip Turn\n|\n|upkeep\n|turn|3\n|\n|t:|1700012295\n|switch|p1a: Grimmsnarl|Grimmsnarl, M|100\/100\n|move|p2a: waifu|Draining Kiss|p1a: Grimmsnarl\n|-supereffective|p1a: Grimmsnarl\n|-damage|p1a: Grimmsnarl|53\/100\n|-heal|p2a: waifu|100\/100|[from] drain|[of] p1a: Grimmsnarl\n|\n|upkeep\n|turn|4\n|\n|t:|1700012302\n|move|p1a: Grimmsnarl|Parting Shot|p2a: waifu\n|-unboost|p2a: waifu|atk|1\n|-unboost|p2a: waifu|spa|1\n|\n|t:|1700012310\n|switch|p1a: Donphan|Donphan, F|100\/100|[from] Parting Shot\n|move|p2a: waifu|Draining Kiss|p1a: Donphan\n|-damage|p1a: Donphan|76\/100\n|\n|-heal|p1a: Donphan|83\/100|[from] item: Leftovers\n|upkeep\n|turn|5\n|\n|t:|1700012321\n|switch|p2a: Tapu Lele|Tapu Lele|100\/100\n|-fieldstart|move: Psychic Terrain|[from] ability: Psychic Surge|[of] p2a: Tapu Lele\n|move|p1a: Donphan|Bonemerang|p2a: Tapu Lele\n|-damage|p2a: Tapu Lele|55\/100\n|-damage|p2a: Tapu Lele|13\/100\n|-hitcount|p2a: Tapu Lele|2\n|\n|-heal|p1a: Donphan|89\/100|[from] item: Leftovers\n|upkeep\n|turn|6\n|\n|t:|1700012332\n|move|p2a: Tapu Lele|Psychic|p1a: Donphan\n|-damage|p1a: Donphan|3\/100\n|move|p1a: Donphan|Bonemerang|p2a: Tapu Lele\n|-damage|p2a: Tapu Lele|0 fnt\n|faint|p2a: Tapu Lele\n|-hitcount|p2: Tapu Lele|1\n|\n|-heal|p1a: Donphan|9\/100|[from] item: Leftovers\n|upkeep\n|\n|t:|1700012344\n|switch|p2a: Gallade|Gallade, M|100\/100\n|turn|7\n|\n|t:|1700012353\n|switch|p1a: Alomomola|Alomomola, F|100\/100\n|detailschange|p2a: Gallade|Gallade-Mega, M\n|-mega|p2a: Gallade|Gallade|Galladite\n|move|p2a: Gallade|Psycho Cut|p1a: Alomomola\n|-damage|p1a: Alomomola|58\/100\n|\n|upkeep\n|turn|8\n|\n|t:|1700012367\n|move|p2a: Gallade|Psycho Cut|p1a: Alomomola\n|-crit|p1a: Alomomola\n|-damage|p1a: Alomomola|0 fnt\n|faint|p1a: Alomomola\n|\n|upkeep\n|\n|t:|1700012373\n|switch|p1a: Donphan|Donphan, F|9\/100\n|turn|9\n|\n|t:|1700012376\n|move|p2a: Gallade|Psycho Cut|p1a: Donphan\n|-damage|p1a: Donphan|0 fnt\n|faint|p1a: Donphan\n|\n|-fieldend|move: Psychic Terrain\n|upkeep\n|\n|t:|1700012378\n|switch|p1a: Grimmsnarl|Grimmsnarl, M|53\/100\n|turn|10\n|\n|t:|1700012386\n|move|p1a: Grimmsnarl|Reflect|p1a: Grimmsnarl\n|-sidestart|p1: nose xd123|Reflect\n|move|p2a: Gallade|Cut|p1a: Grimmsnarl\n|-supereffective|p1a: Grimmsnarl\n|-damage|p1a: Grimmsnarl|7\/100\n|\n|upkeep\n|turn|11\n|\n|t:|1700012391\n|move|p1a: Grimmsnarl|Parting Shot|p2a: Gallade\n|-unboost|p2a: Gallade|atk|1\n|-unboost|p2a: Gallade|spa|1\n|\n|t:|1700012394\n|switch|p1a: Annihilape|Annihilape, M|100\/100|[from] Parting Shot\n|move|p2a: Gallade|Cut|p1a: Annihilape\n|-damage|p1a: Annihilape|84\/100\n|\n|upkeep\n|turn|12\n|\n|t:|1700012404\n|switch|p2a: waifu|Gardevoir, F|100\/100\n|move|p1a: Annihilape|Bulk Up|p1a: Annihilape\n|-boost|p1a: Annihilape|atk|1\n|-boost|p1a: Annihilape|def|1\n|\n|upkeep\n|turn|13\n|\n|t:|1700012410\n|move|p2a: waifu|Draining Kiss|p1a: Annihilape\n|-supereffective|p1a: Annihilape\n|-damage|p1a: Annihilape|38\/100\n|move|p1a: Annihilape|Rage Fist|p2a: waifu\n|-supereffective|p2a: waifu\n|-crit|p2a: waifu\n|-damage|p2a: waifu|0 fnt\n|faint|p2a: waifu\n|\n|upkeep\n|\n|t:|1700012422\n|switch|p2a: Dracovish|Dracovish|78\/100 tox\n|turn|14\n|\n|t:|1700012426\n|move|p2a: Dracovish|Fishious Rend|p1a: Annihilape\n|-damage|p1a: Annihilape|12\/100\n|move|p1a: Annihilape|Drain Punch|p2a: Dracovish\n|-damage|p2a: Dracovish|15\/100 tox\n|-heal|p1a: Annihilape|35\/100|[from] drain|[of] p2a: Dracovish\n|\n|-damage|p2a: Dracovish|9\/100 tox|[from] psn\n|upkeep\n|turn|15\n|\n|t:|1700012434\n|move|p2a: Dracovish|Fishious Rend|p1a: Annihilape\n|-damage|p1a: Annihilape|6\/100\n|move|p1a: Annihilape|Rage Fist|p2a: Dracovish\n|-damage|p2a: Dracovish|0 fnt\n|faint|p2a: Dracovish\n|\n|upkeep\n|\n|t:|1700012446\n|switch|p2a: Garchomp|Garchomp, F|100\/100\n|turn|16\n|\n|t:|1700012454\n|move|p2a: Garchomp|Earthquake|p1a: Annihilape\n|-damage|p1a: Annihilape|0 fnt\n|faint|p1a: Annihilape\n|\n|upkeep\n|\n|t:|1700012462\n|switch|p1a: Greninja|Greninja, M|100\/100\n|turn|17\n|\n|t:|1700012467\n|move|p1a: Greninja|Ice Beam|p2a: Garchomp\n|-supereffective|p2a: Garchomp\n|-damage|p2a: Garchomp|0 fnt\n|faint|p2a: Garchomp\n|-activate|p1a: Greninja|ability: Battle Bond\n|detailschange|p1a: Greninja|Greninja-Ash, M\n|-damage|p1a: Greninja|91\/100|[from] item: Life Orb\n|\n|-sideend|p1: nose xd123|Reflect\n|upkeep\n|\n|t:|1700012475\n|switch|p2a: Gallade|Gallade-Mega, M|100\/100\n|turn|18\n|\n|t:|1700012486\n|move|p1a: Greninja|Extrasensory|p2a: Gallade\n|-damage|p2a: Gallade|52\/100\n|-damage|p1a: Greninja|81\/100|[from] item: Life Orb\n|move|p2a: Gallade|Sacred Sword|p1a: Greninja\n|-supereffective|p1a: Greninja\n|-damage|p1a: Greninja|0 fnt\n|faint|p1a: Greninja\n|\n|upkeep\n|\n|t:|1700012492\n|switch|p1a: Grimmsnarl|Grimmsnarl, M|7\/100\n|turn|19\n|\n|t:|1700012502\n|move|p1a: Grimmsnarl|Reflect|p1a: Grimmsnarl\n|-sidestart|p1: nose xd123|Reflect\n|move|p2a: Gallade|Psycho Cut|p1a: Grimmsnarl\n|-immune|p1a: Grimmsnarl\n|\n|upkeep\n|turn|20\n|\n|t:|1700012512\n|move|p1a: Grimmsnarl|Light Screen|p1a: Grimmsnarl\n|-sidestart|p1: nose xd123|move: Light Screen\n|move|p2a: Gallade|Psycho Cut|p1a: Grimmsnarl\n|-immune|p1a: Grimmsnarl\n|\n|upkeep\n|turn|21\n|\n|t:|1700012516\n|move|p1a: Grimmsnarl|Parting Shot|p2a: Gallade\n|-unboost|p2a: Gallade|atk|1\n|-unboost|p2a: Gallade|spa|1\n|\n|t:|1700012519\n|switch|p1a: Machamp|Machamp, M|100\/100|[from] Parting Shot\n|move|p2a: Gallade|Psycho Cut|p1a: Machamp\n|-supereffective|p1a: Machamp\n|-damage|p1a: Machamp|55\/100\n|\n|upkeep\n|turn|22\n|\n|t:|1700012526\n|detailschange|p1a: Machamp|Machamp-Mega, M\n|-mega|p1a: Machamp|Machamp|Machampite\n|move|p2a: Gallade|Psycho Cut|p1a: Machamp\n|-supereffective|p1a: Machamp\n|-damage|p1a: Machamp|20\/100\n|move|p1a: Machamp|Power-Up Punch|p2a: Gallade\n|-resisted|p2a: Gallade\n|-damage|p2a: Gallade|35\/100\n|-boost|p1a: Machamp|atk|1\n|-resisted|p2a: Gallade\n|-damage|p2a: Gallade|22\/100\n|-boost|p1a: Machamp|atk|1\n|-hitcount|p2a: Gallade|2\n|\n|upkeep\n|turn|23\n|\n|t:|1700012537\n|move|p2a: Gallade|Psycho Cut|p1a: Machamp\n|-supereffective|p1a: Machamp\n|-damage|p1a: Machamp|0 fnt\n|faint|p1a: Machamp\n|\n|upkeep\n|\n|t:|1700012539\n|switch|p1a: Grimmsnarl|Grimmsnarl, M|7\/100\n|turn|24\n|c|\u2606nose xd123|ggs bro\n|\n|t:|1700012544\n|move|p1a: Grimmsnarl|Parting Shot|p2a: Gallade\n|-unboost|p2a: Gallade|atk|1\n|-unboost|p2a: Gallade|spa|1\n|move|p2a: Gallade|Cut|p1a: Grimmsnarl\n|-supereffective|p1a: Grimmsnarl\n|-damage|p1a: Grimmsnarl|0 fnt\n|faint|p1a: Grimmsnarl\n|\n|win|axelzzz09\n|c|\u2606axelzzz09|buena pelea\n|c|\u2606nose xd123|good playing\n|l|\u2606axelzzz09\n","uploadtime":1700013772,"views":8,"p1id":"nosexd123","p2id":"axelzzz09","formatid":"gen9ubers","rating":0,"private":0,"password":""}