{"id":"radicalred-gen9ubers-544861","p1":"MagicMag","p2":"Razorgliscor472","format":"[Gen 9] Ubers","log":"|j|\u2606MagicMag\n|j|\u2606Razorgliscor472\n|t:|1699653599\n|gametype|singles\n|player|p1|MagicMag|266|\n|player|p2|Razorgliscor472|furretcollage.png|\n|teamsize|p1|6\n|teamsize|p2|6\n|gen|9\n|tier|[Gen 9] Ubers\n|rule|Sleep Clause Mod: Limit one foe put to sleep\n|rule|Species Clause: Limit one of each Pok\u00e9mon\n|rule|OHKO Clause: OHKO moves are banned\n|rule|Evasion Abilities Clause: Evasion abilities are banned\n|rule|Evasion Items Clause: Evasion items are banned\n|rule|Evasion Moves Clause: Evasion moves are banned\n|rule|Endless Battle Clause: Forcing endless battles is banned\n|rule|HP Percentage Mod: HP is shown in percentages\n|rule|Dynamax Clause: You cannot dynamax\n|rule|Mega Rayquaza Clause: You cannot mega evolve Rayquaza\n|clearpoke\n|poke|p1|Aerodactyl, F|\n|poke|p1|Runerigus, F|\n|poke|p1|Genesect|\n|poke|p1|Grafaiai, M|\n|poke|p1|Rotom-Mow|\n|poke|p1|Greninja-*, M|\n|poke|p2|Lopunny, M|\n|poke|p2|Solgaleo|\n|poke|p2|Silvally-*|\n|poke|p2|Vaporeon, F|\n|poke|p2|Dhelmise|\n|poke|p2|Garchomp, F|\n|teampreview\n|c|\u2606MagicMag|glhf\n|c|\u2606Razorgliscor472|We almost had a problem\n|c|\u2606Razorgliscor472|it said steely spirit was illegal on dhelm\n|c|\u2606Razorgliscor472|:skull:\n|c|\u2606MagicMag|ah yes\n|\n|t:|1699653685\n|start\n|switch|p1a: Hedge|Runerigus, F|100\/100\n|switch|p2a: Lopunny|Lopunny, M|100\/100\n|turn|1\n|\n|t:|1699653700\n|detailschange|p2a: Lopunny|Lopunny-Mega, M\n|-mega|p2a: Lopunny|Lopunny|Lopunnite\n|move|p2a: Lopunny|Fake Out|p1a: Hedge\n|-damage|p1a: Hedge|93\/100\n|-damage|p2a: Lopunny|84\/100|[from] item: Rocky Helmet|[of] p1a: Hedge\n|cant|p1a: Hedge|flinch\n|\n|upkeep\n|turn|2\n|\n|t:|1699653712\n|switch|p2a: Vaporeon|Vaporeon, F|100\/100\n|move|p1a: Hedge|Stealth Rock|p2a: Vaporeon\n|-sidestart|p2: Razorgliscor472|move: Stealth Rock\n|\n|upkeep\n|turn|3\n|\n|t:|1699653720\n|switch|p1a: SOletaken|Rotom-Mow|100\/100\n|move|p2a: Vaporeon|Flip Turn|p1a: SOletaken\n|-resisted|p1a: SOletaken\n|-damage|p1a: SOletaken|93\/100\n|\n|t:|1699653728\n|switch|p2a: Dhelmise|Dhelmise|100\/100|[from] Flip Turn\n|-damage|p2a: Dhelmise|88\/100|[from] Stealth Rock\n|\n|-heal|p2a: Dhelmise|94\/100|[from] item: Leftovers\n|upkeep\n|turn|4\n|\n|t:|1699653740\n|move|p1a: SOletaken|Volt Switch|p2a: Dhelmise\n|-resisted|p2a: Dhelmise\n|-damage|p2a: Dhelmise|74\/100\n|j| Xopas\n|\n|t:|1699653749\n|switch|p1a: Fiddler|Genesect|100\/100|[from] Volt Switch\n|-ability|p1a: Fiddler|Download|boost\n|-boost|p1a: Fiddler|spa|1\n|move|p2a: Dhelmise|Rapid Spin|p1a: Fiddler\n|-resisted|p1a: Fiddler\n|-damage|p1a: Fiddler|89\/100\n|-boost|p2a: Dhelmise|spe|1\n|-sideend|p2: Razorgliscor472|Stealth Rock|[from] move: Rapid Spin|[of] p2a: Dhelmise\n|\n|-heal|p2a: Dhelmise|80\/100|[from] item: Leftovers\n|upkeep\n|turn|5\n|\n|t:|1699653761\n|switch|p2a: Silvally|Silvally-Fire|100\/100\n|move|p1a: Fiddler|Leech Life|p2a: Silvally\n|-resisted|p2a: Silvally\n|-damage|p2a: Silvally|75\/100\n|-heal|p1a: Fiddler|100\/100|[from] drain|[of] p2a: Silvally\n|-damage|p1a: Fiddler|91\/100|[from] item: Life Orb\n|\n|upkeep\n|turn|6\n|j| BananenSoep\n|j| Mr cyphon\n|l| Mr cyphon\n|\n|t:|1699653829\n|switch|p1a: Silchas Ruin|Aerodactyl, F|100\/100\n|move|p2a: Silvally|Multi-Attack|p1a: Silchas Ruin\n|-resisted|p1a: Silchas Ruin\n|-damage|p1a: Silchas Ruin|61\/100\n|\n|upkeep\n|turn|7\n|\n|t:|1699653858\n|switch|p2a: Garchomp|Garchomp, F|100\/100\n|detailschange|p1a: Silchas Ruin|Aerodactyl-Mega, F\n|-mega|p1a: Silchas Ruin|Aerodactyl|Aerodactylite\n|move|p1a: Silchas Ruin|U-turn|p2a: Garchomp\n|-damage|p2a: Garchomp|67\/100\n|-damage|p1a: Silchas Ruin|49\/100|[from] ability: Rough Skin|[of] p2a: Garchomp\n|\n|t:|1699653880\n|switch|p1a: Kalam Mekhar|Greninja, M|100\/100|[from] U-turn\n|\n|upkeep\n|turn|8\n|\n|t:|1699653884\n|switch|p2a: Vaporeon|Vaporeon, F|100\/100\n|move|p1a: Kalam Mekhar|Substitute|p1a: Kalam Mekhar\n|-start|p1a: Kalam Mekhar|Substitute\n|-damage|p1a: Kalam Mekhar|76\/100\n|\n|upkeep\n|turn|9\n|\n|t:|1699653891\n|move|p1a: Kalam Mekhar|Dark Pulse|p2a: Vaporeon\n|-damage|p2a: Vaporeon|80\/100\n|cant|p2a: Vaporeon|flinch\n|\n|-heal|p2a: Vaporeon|86\/100|[from] item: Leftovers\n|upkeep\n|turn|10\n|\n|t:|1699653899\n|move|p1a: Kalam Mekhar|Dark Pulse|p2a: Vaporeon\n|-damage|p2a: Vaporeon|65\/100\n|move|p2a: Vaporeon|Scald|p1a: Kalam Mekhar\n|-resisted|p1a: Kalam Mekhar\n|-activate|p1a: Kalam Mekhar|move: Substitute|[damage]\n|\n|-heal|p2a: Vaporeon|71\/100|[from] item: Leftovers\n|upkeep\n|turn|11\n|\n|t:|1699653943\n|move|p1a: Kalam Mekhar|Dark Pulse|p2a: Vaporeon\n|-damage|p2a: Vaporeon|49\/100\n|move|p2a: Vaporeon|Wish|p2a: Vaporeon\n|\n|-heal|p2a: Vaporeon|55\/100|[from] item: Leftovers\n|upkeep\n|turn|12\n|\n|t:|1699653950\n|move|p2a: Vaporeon|Protect|p2a: Vaporeon\n|-singleturn|p2a: Vaporeon|Protect\n|move|p1a: Kalam Mekhar|Dark Pulse|p2a: Vaporeon\n|-activate|p2a: Vaporeon|move: Protect\n|\n|-heal|p2a: Vaporeon|100\/100|[from] move: Wish|[wisher] Vaporeon\n|upkeep\n|turn|13\n|\n|t:|1699653956\n|move|p1a: Kalam Mekhar|Dark Pulse|p2a: Vaporeon\n|-damage|p2a: Vaporeon|78\/100\n|cant|p2a: Vaporeon|flinch\n|\n|-heal|p2a: Vaporeon|84\/100|[from] item: Leftovers\n|upkeep\n|turn|14\n|\n|t:|1699653964\n|move|p1a: Kalam Mekhar|Dark Pulse|p2a: Vaporeon\n|-damage|p2a: Vaporeon|62\/100\n|move|p2a: Vaporeon|Wish|p2a: Vaporeon\n|\n|-heal|p2a: Vaporeon|68\/100|[from] item: Leftovers\n|upkeep\n|turn|15\n|\n|t:|1699653973\n|move|p1a: Kalam Mekhar|Ice Beam|p2a: Vaporeon\n|-resisted|p2a: Vaporeon\n|-damage|p2a: Vaporeon|60\/100\n|-status|p2a: Vaporeon|frz\n|-curestatus|p2a: Vaporeon|frz|[from] move: Scald\n|move|p2a: Vaporeon|Scald|p1a: Kalam Mekhar\n|-resisted|p1a: Kalam Mekhar\n|-end|p1a: Kalam Mekhar|Substitute\n|\n|-heal|p2a: Vaporeon|100\/100|[from] move: Wish|[wisher] Vaporeon\n|upkeep\n|turn|16\n|\n|t:|1699653987\n|move|p1a: Kalam Mekhar|Ice Beam|p2a: Vaporeon\n|-resisted|p2a: Vaporeon\n|-damage|p2a: Vaporeon|93\/100\n|move|p2a: Vaporeon|Scald|p1a: Kalam Mekhar\n|-resisted|p1a: Kalam Mekhar\n|-damage|p1a: Kalam Mekhar|51\/100\n|-enditem|p1a: Kalam Mekhar|Absorb Bulb\n|-boost|p1a: Kalam Mekhar|spa|1|[from] item: Absorb Bulb\n|\n|-heal|p2a: Vaporeon|99\/100|[from] item: Leftovers\n|upkeep\n|turn|17\n|\n|t:|1699653999\n|move|p1a: Kalam Mekhar|Substitute|p1a: Kalam Mekhar\n|-start|p1a: Kalam Mekhar|Substitute\n|-damage|p1a: Kalam Mekhar|27\/100\n|move|p2a: Vaporeon|Flip Turn|p1a: Kalam Mekhar\n|-resisted|p1a: Kalam Mekhar\n|-activate|p1a: Kalam Mekhar|move: Substitute|[damage]\n|\n|t:|1699654014\n|switch|p2a: Dhelmise|Dhelmise|80\/100|[from] Flip Turn\n|\n|-heal|p2a: Dhelmise|87\/100|[from] item: Leftovers\n|upkeep\n|turn|18\n|\n|t:|1699654054\n|switch|p2a: Vaporeon|Vaporeon, F|99\/100\n|move|p1a: Kalam Mekhar|Dark Pulse|p2a: Vaporeon\n|-damage|p2a: Vaporeon|69\/100\n|\n|-heal|p2a: Vaporeon|75\/100|[from] item: Leftovers\n|upkeep\n|turn|19\n|l|\u2606Razorgliscor472\n|player|p2|\n|j|\u2606Razorgliscor472\n|player|p2|Razorgliscor472|furretcollage.png\n|c|\u2606Razorgliscor472|L Laptop\n|\n|t:|1699654100\n|move|p2a: Vaporeon|Protect|p2a: Vaporeon\n|-singleturn|p2a: Vaporeon|Protect\n|move|p1a: Kalam Mekhar|Dark Pulse|p2a: Vaporeon\n|-activate|p2a: Vaporeon|move: Protect\n|\n|-heal|p2a: Vaporeon|81\/100|[from] item: Leftovers\n|upkeep\n|turn|20\n|\n|t:|1699654107\n|move|p1a: Kalam Mekhar|Dark Pulse|p2a: Vaporeon\n|-damage|p2a: Vaporeon|48\/100\n|move|p2a: Vaporeon|Wish|p2a: Vaporeon\n|\n|-heal|p2a: Vaporeon|54\/100|[from] item: Leftovers\n|upkeep\n|turn|21\n|\n|t:|1699654114\n|move|p2a: Vaporeon|Protect|p2a: Vaporeon\n|-singleturn|p2a: Vaporeon|Protect\n|move|p1a: Kalam Mekhar|Ice Beam|p2a: Vaporeon\n|-activate|p2a: Vaporeon|move: Protect\n|\n|-heal|p2a: Vaporeon|100\/100|[from] move: Wish|[wisher] Vaporeon\n|upkeep\n|turn|22\n|\n|t:|1699654122\n|move|p1a: Kalam Mekhar|Dark Pulse|p2a: Vaporeon\n|-damage|p2a: Vaporeon|70\/100\n|move|p2a: Vaporeon|Scald|p1a: Kalam Mekhar\n|-resisted|p1a: Kalam Mekhar\n|-end|p1a: Kalam Mekhar|Substitute\n|\n|-heal|p2a: Vaporeon|76\/100|[from] item: Leftovers\n|upkeep\n|turn|23\n|c|\u2606MagicMag|cmon greninja, 4 flinches in a row\n|\n|t:|1699654131\n|move|p2a: Vaporeon|Protect|p2a: Vaporeon\n|-singleturn|p2a: Vaporeon|Protect\n|move|p1a: Kalam Mekhar|Substitute|p1a: Kalam Mekhar\n|-start|p1a: Kalam Mekhar|Substitute\n|-damage|p1a: Kalam Mekhar|2\/100\n|\n|-heal|p2a: Vaporeon|82\/100|[from] item: Leftovers\n|upkeep\n|turn|24\n|\n|t:|1699654136\n|move|p1a: Kalam Mekhar|Dark Pulse|p2a: Vaporeon\n|-damage|p2a: Vaporeon|49\/100\n|move|p2a: Vaporeon|Scald|p1a: Kalam Mekhar\n|-resisted|p1a: Kalam Mekhar\n|-activate|p1a: Kalam Mekhar|move: Substitute|[damage]\n|\n|-heal|p2a: Vaporeon|55\/100|[from] item: Leftovers\n|upkeep\n|turn|25\n|\n|t:|1699654141\n|move|p2a: Vaporeon|Protect|p2a: Vaporeon\n|-singleturn|p2a: Vaporeon|Protect\n|move|p1a: Kalam Mekhar|Dark Pulse|p2a: Vaporeon\n|-activate|p2a: Vaporeon|move: Protect\n|\n|-heal|p2a: Vaporeon|61\/100|[from] item: Leftovers\n|upkeep\n|turn|26\n|\n|t:|1699654147\n|move|p1a: Kalam Mekhar|Dark Pulse|p2a: Vaporeon\n|-damage|p2a: Vaporeon|28\/100\n|move|p2a: Vaporeon|Wish|p2a: Vaporeon\n|\n|-heal|p2a: Vaporeon|34\/100|[from] item: Leftovers\n|upkeep\n|turn|27\n|\n|t:|1699654154\n|move|p2a: Vaporeon|Protect|p2a: Vaporeon\n|-singleturn|p2a: Vaporeon|Protect\n|move|p1a: Kalam Mekhar|Ice Beam|p2a: Vaporeon\n|-activate|p2a: Vaporeon|move: Protect\n|\n|-heal|p2a: Vaporeon|84\/100|[from] move: Wish|[wisher] Vaporeon\n|-heal|p2a: Vaporeon|90\/100|[from] item: Leftovers\n|upkeep\n|turn|28\n|\n|t:|1699654159\n|move|p1a: Kalam Mekhar|Dark Pulse|p2a: Vaporeon\n|-damage|p2a: Vaporeon|58\/100\n|cant|p2a: Vaporeon|flinch\n|\n|-heal|p2a: Vaporeon|64\/100|[from] item: Leftovers\n|upkeep\n|turn|29\n|c| BananenSoep|this is why mixed gren is better\n|c|\u2606MagicMag|mixed gren still did shit\n|\n|t:|1699654172\n|move|p2a: Vaporeon|Protect|p2a: Vaporeon\n|-singleturn|p2a: Vaporeon|Protect\n|move|p1a: Kalam Mekhar|Dark Pulse|p2a: Vaporeon\n|-activate|p2a: Vaporeon|move: Protect\n|\n|-heal|p2a: Vaporeon|70\/100|[from] item: Leftovers\n|upkeep\n|turn|30\n|c|\u2606Razorgliscor472|im getting flinched so much\n|\n|t:|1699654177\n|move|p1a: Kalam Mekhar|Dark Pulse|p2a: Vaporeon\n|-damage|p2a: Vaporeon|35\/100\n|move|p2a: Vaporeon|Wish|p2a: Vaporeon\n|\n|-heal|p2a: Vaporeon|42\/100|[from] item: Leftovers\n|upkeep\n|turn|31\n|c|\u2606MagicMag|I mean, 30%\n|\n|t:|1699654184\n|move|p2a: Vaporeon|Protect|p2a: Vaporeon\n|-singleturn|p2a: Vaporeon|Protect\n|move|p1a: Kalam Mekhar|Dark Pulse|p2a: Vaporeon\n|-activate|p2a: Vaporeon|move: Protect\n|\n|-heal|p2a: Vaporeon|91\/100|[from] move: Wish|[wisher] Vaporeon\n|-heal|p2a: Vaporeon|97\/100|[from] item: Leftovers\n|upkeep\n|turn|32\n|c|\u2606Razorgliscor472|its 20\n|\n|t:|1699654192\n|move|p1a: Kalam Mekhar|Dark Pulse|p2a: Vaporeon\n|-damage|p2a: Vaporeon|66\/100\n|move|p2a: Vaporeon|Scald|p1a: Kalam Mekhar\n|-resisted|p1a: Kalam Mekhar\n|-end|p1a: Kalam Mekhar|Substitute\n|\n|-heal|p2a: Vaporeon|72\/100|[from] item: Leftovers\n|upkeep\n|turn|33\n|c|\u2606MagicMag|oop\n|\n|t:|1699654200\n|move|p2a: Vaporeon|Protect|p2a: Vaporeon\n|-singleturn|p2a: Vaporeon|Protect\n|move|p1a: Kalam Mekhar|Dark Pulse|p2a: Vaporeon\n|-activate|p2a: Vaporeon|move: Protect\n|\n|-heal|p2a: Vaporeon|78\/100|[from] item: Leftovers\n|upkeep\n|turn|34\n|\n|t:|1699654205\n|move|p1a: Kalam Mekhar|Dark Pulse|p2a: Vaporeon\n|-damage|p2a: Vaporeon|46\/100\n|move|p2a: Vaporeon|Flip Turn|p1a: Kalam Mekhar\n|-resisted|p1a: Kalam Mekhar\n|-damage|p1a: Kalam Mekhar|0 fnt\n|faint|p1a: Kalam Mekhar\n|\n|t:|1699654218\n|switch|p2a: Solgaleo|Solgaleo|100\/100|[from] Flip Turn\n|\n|upkeep\n|c| BananenSoep|mixed gren can get that gunk shot poiosn\n|\n|t:|1699654237\n|switch|p1a: Hedge|Runerigus, F|93\/100\n|turn|35\n|c| BananenSoep|poison*\n|\n|t:|1699654254\n|move|p2a: Solgaleo|Knock Off|p1a: Hedge\n|-supereffective|p1a: Hedge\n|-damage|p1a: Hedge|47\/100\n|-damage|p2a: Solgaleo|84\/100|[from] item: Rocky Helmet|[of] p1a: Hedge\n|-enditem|p1a: Hedge|Rocky Helmet|[from] move: Knock Off|[of] p2a: Solgaleo\n|move|p1a: Hedge|Poltergeist|p2a: Solgaleo\n|-activate|p2a: Solgaleo|move: Poltergeist|Choice Scarf\n|-supereffective|p2a: Solgaleo\n|-damage|p2a: Solgaleo|27\/100\n|\n|upkeep\n|turn|36\n|\n|t:|1699654274\n|switch|p2a: Lopunny|Lopunny-Mega, M|84\/100\n|move|p1a: Hedge|Earthquake|p2a: Lopunny\n|-damage|p2a: Lopunny|45\/100\n|\n|upkeep\n|turn|37\n|\n|t:|1699654286\n|move|p2a: Lopunny|Fake Out|p1a: Hedge\n|-damage|p1a: Hedge|32\/100\n|cant|p1a: Hedge|flinch\n|\n|upkeep\n|turn|38\n|\n|t:|1699654293\n|move|p2a: Lopunny|Close Combat|p1a: Hedge\n|-damage|p1a: Hedge|0 fnt\n|-unboost|p2a: Lopunny|def|1\n|-unboost|p2a: Lopunny|spd|1\n|faint|p1a: Hedge\n|\n|upkeep\n|j| Fuwawa \u2605 Abyssgard\n|\n|t:|1699654383\n|switch|p1a: Silchas Ruin|Aerodactyl-Mega, F|49\/100\n|turn|39\n|\n|t:|1699654396\n|switch|p2a: Vaporeon|Vaporeon, F|46\/100\n|move|p1a: Silchas Ruin|Headlong Rush|p2a: Vaporeon\n|-damage|p2a: Vaporeon|0 fnt\n|-unboost|p1a: Silchas Ruin|def|1\n|-unboost|p1a: Silchas Ruin|spd|1\n|faint|p2a: Vaporeon\n|\n|upkeep\n|\n|t:|1699654401\n|switch|p2a: Solgaleo|Solgaleo|27\/100\n|turn|40\n|l| BananenSoep\n|\n|t:|1699654419\n|switch|p1a: SOletaken|Rotom-Mow|93\/100\n|move|p2a: Solgaleo|Close Combat|p1a: SOletaken\n|-damage|p1a: SOletaken|47\/100\n|-unboost|p2a: Solgaleo|def|1\n|-unboost|p2a: Solgaleo|spd|1\n|\n|upkeep\n|turn|41\n|\n|t:|1699654432\n|switch|p2a: Garchomp|Garchomp, F|67\/100\n|move|p1a: SOletaken|Volt Switch|p2a: Garchomp\n|-immune|p2a: Garchomp\n|\n|upkeep\n|turn|42\n|\n|t:|1699654446\n|move|p2a: Garchomp|Scale Shot|p1a: SOletaken\n|-damage|p1a: SOletaken|32\/100\n|-damage|p1a: SOletaken|18\/100\n|-damage|p1a: SOletaken|4\/100\n|-hitcount|p1a: SOletaken|3\n|-unboost|p2a: Garchomp|def|1\n|-boost|p2a: Garchomp|spe|1\n|-zpower|p1a: SOletaken\n|move|p1a: SOletaken|Bloom Doom|p2a: Garchomp|[zeffect]\n|-damage|p2a: Garchomp|0 fnt\n|faint|p2a: Garchomp\n|\n|upkeep\n|\n|t:|1699654454\n|switch|p2a: Solgaleo|Solgaleo|27\/100\n|turn|43\n|\n|t:|1699654461\n|move|p2a: Solgaleo|Sunsteel Strike|p1a: SOletaken\n|-resisted|p1a: SOletaken\n|-damage|p1a: SOletaken|0 fnt\n|faint|p1a: SOletaken\n|\n|upkeep\n|c|\u2606Razorgliscor472|can i talk?\n|c|\u2606Razorgliscor472|aight cool\n|c|\u2606Razorgliscor472|whenever you take time its a 50\/50 rather its you or the laptop on my end\n|l| Fuwawa \u2605 Abyssgard\n|c|\u2606MagicMag|lmao\n|\n|t:|1699654562\n|switch|p1a: Fiddler|Genesect|91\/100\n|-ability|p1a: Fiddler|Download|boost\n|-boost|p1a: Fiddler|spa|1\n|turn|44\n|\n|t:|1699654584\n|switch|p2a: Silvally|Silvally-Fire|75\/100\n|move|p1a: Fiddler|Extreme Speed|p2a: Silvally\n|-damage|p2a: Silvally|40\/100\n|-damage|p1a: Fiddler|81\/100|[from] item: Life Orb\n|\n|upkeep\n|turn|45\n|\n|t:|1699654601\n|move|p1a: Fiddler|Extreme Speed|p2a: Silvally\n|-damage|p2a: Silvally|4\/100\n|-damage|p1a: Fiddler|71\/100|[from] item: Life Orb\n|move|p2a: Silvally|Multi-Attack|p1a: Fiddler\n|-supereffective|p1a: Fiddler\n|-damage|p1a: Fiddler|0 fnt\n|faint|p1a: Fiddler\n|\n|upkeep\n|c|\u2606MagicMag|Depensind on your invest that was 2 extremely low rolls\n|c|\u2606MagicMag|which would make me very sad\n|\n|t:|1699654633\n|switch|p1a: Gumble|Grafaiai, M|100\/100\n|turn|46\n|c|\u2606Razorgliscor472|it was then\n|c|\u2606Razorgliscor472|im max max offensive except i have 8 hp\n|\n|t:|1699654651\n|move|p1a: Gumble|Skull Bash||[still]\n|-prepare|p1a: Gumble|Skull Bash\n|-boost|p1a: Gumble|atk|1\n|-boost|p1a: Gumble|def|1\n|-enditem|p1a: Gumble|Power Herb\n|-anim|p1a: Gumble|Skull Bash|p2a: Silvally\n|-damage|p2a: Silvally|0 fnt\n|faint|p2a: Silvally\n|\n|upkeep\n|\n|t:|1699654670\n|switch|p2a: Lopunny|Lopunny-Mega, M|45\/100\n|turn|47\n|\n|t:|1699654710\n|move|p2a: Lopunny|Fake Out|p1a: Gumble\n|-damage|p1a: Gumble|72\/100\n|cant|p1a: Gumble|flinch\n|\n|upkeep\n|turn|48\n|\n|t:|1699654718\n|switch|p2a: Dhelmise|Dhelmise|87\/100\n|move|p1a: Gumble|Poison Jab|p2a: Dhelmise\n|-damage|p2a: Dhelmise|38\/100\n|\n|-heal|p2a: Dhelmise|45\/100|[from] item: Leftovers\n|upkeep\n|turn|49\n|c|\u2606Razorgliscor472|ok i win\n|\n|t:|1699654727\n|move|p1a: Gumble|Knock Off|p2a: Dhelmise\n|-supereffective|p2a: Dhelmise\n|-damage|p2a: Dhelmise|0 fnt\n|-enditem|p2a: Dhelmise|Leftovers|[from] move: Knock Off|[of] p1a: Gumble\n|faint|p2a: Dhelmise\n|\n|upkeep\n|\n|t:|1699654729\n|switch|p2a: Lopunny|Lopunny-Mega, M|45\/100\n|turn|50\n|\n|t:|1699654736\n|move|p2a: Lopunny|Fake Out|p1a: Gumble\n|-damage|p1a: Gumble|44\/100\n|cant|p1a: Gumble|flinch\n|\n|upkeep\n|turn|51\n|c|\u2606Razorgliscor472|gg\n|\n|t:|1699654742\n|move|p2a: Lopunny|Mach Punch|p1a: Gumble\n|-damage|p1a: Gumble|17\/100\n|move|p1a: Gumble|Poison Jab|p2a: Lopunny\n|-damage|p2a: Lopunny|0 fnt\n|faint|p2a: Lopunny\n|\n|upkeep\n|\n|t:|1699654746\n|switch|p2a: Solgaleo|Solgaleo|27\/100\n|turn|52\n|c|\u2606MagicMag|gg\n|c|\u2606MagicMag|you know what unburden does?\n|\n|t:|1699654754\n|move|p1a: Gumble|Knock Off|p2a: Solgaleo\n|-supereffective|p2a: Solgaleo\n|-damage|p2a: Solgaleo|0 fnt\n|-enditem|p2a: Solgaleo|Choice Scarf|[from] move: Knock Off|[of] p1a: Gumble\n|faint|p2a: Solgaleo\n|\n|win|MagicMag\n|c|\u2606Razorgliscor472|oh wait\n|c|\u2606Razorgliscor472|i forgot\n|c|\u2606MagicMag|LMAO\n|c|\u2606Razorgliscor472|i forgot this GOT unburden\n|c|\u2606Razorgliscor472|L \n|c|\u2606MagicMag|Dw, even if you sacced it lopunny didnt ko maero with mach\n","uploadtime":1699654789,"views":61,"p1id":"magicmag","p2id":"razorgliscor472","formatid":"gen9ubers","rating":0,"private":0,"password":""}