{"id":"radicalred-gen9ubers-548328","p1":"xleontdx","p2":"mudkipfan333","format":"[Gen 9] Ubers","log":"|j|\u2606xleontdx\n|j|\u2606mudkipfan333\n|t:|1700328883\n|gametype|singles\n|player|p1|xleontdx|rr-mawilemega|\n|player|p2|mudkipfan333|rr-zeraora|\n|teamsize|p1|6\n|teamsize|p2|6\n|gen|9\n|tier|[Gen 9] Ubers\n|rule|Sleep Clause Mod: Limit one foe put to sleep\n|rule|Species Clause: Limit one of each Pok\u00e9mon\n|rule|OHKO Clause: OHKO moves are banned\n|rule|Evasion Abilities Clause: Evasion abilities are banned\n|rule|Evasion Items Clause: Evasion items are banned\n|rule|Evasion Moves Clause: Evasion moves are banned\n|rule|Endless Battle Clause: Forcing endless battles is banned\n|rule|HP Percentage Mod: HP is shown in percentages\n|rule|Dynamax Clause: You cannot dynamax\n|rule|Mega Rayquaza Clause: You cannot mega evolve Rayquaza\n|clearpoke\n|poke|p1|Hydreigon, M|\n|poke|p1|Iron Moth|\n|poke|p1|Dragapult, M|\n|poke|p1|Samurott, M|\n|poke|p1|Metagross|\n|poke|p1|Crobat, M|\n|poke|p2|Gengar, F|\n|poke|p2|Gholdengo|\n|poke|p2|Annihilape, M|\n|poke|p2|Greninja-*, M|\n|poke|p2|Pelipper, M|\n|poke|p2|Manaphy|\n|teampreview\n|\n|t:|1700328905\n|start\n|switch|p1a: Iron Moth|Iron Moth|100\/100\n|switch|p2a: Pelipper|Pelipper, M|100\/100\n|-weather|RainDance|[from] ability: Drizzle|[of] p2a: Pelipper\n|-enditem|p1a: Iron Moth|Booster Energy\n|-activate|p1a: Iron Moth|ability: Quark Drive|[fromitem]\n|-start|p1a: Iron Moth|quarkdrivespa\n|turn|1\n|\n|t:|1700328915\n|move|p1a: Iron Moth|Toxic Spikes|p2a: Pelipper\n|-sidestart|p2: mudkipfan333|move: Toxic Spikes\n|move|p2a: Pelipper|U-turn|p1a: Iron Moth\n|-resisted|p1a: Iron Moth\n|-damage|p1a: Iron Moth|98\/100\n|\n|t:|1700328928\n|switch|p2a: Manaphy|Manaphy|100\/100|[from] U-turn\n|-status|p2a: Manaphy|psn\n|\n|-weather|RainDance|[upkeep]\n|-activate|p2a: Manaphy|ability: Hydration\n|-curestatus|p2a: Manaphy|psn|[msg]\n|upkeep\n|turn|2\n|\n|t:|1700328939\n|-end|p1a: Iron Moth|Quark Drive|[silent]\n|switch|p1a: Samurott|Samurott, M|100\/100\n|move|p2a: Manaphy|Calm Mind|p2a: Manaphy\n|-boost|p2a: Manaphy|spa|1\n|-boost|p2a: Manaphy|spd|1\n|\n|-weather|RainDance|[upkeep]\n|upkeep\n|turn|3\n|\n|t:|1700328950\n|move|p2a: Manaphy|Acid Armor|p2a: Manaphy\n|-boost|p2a: Manaphy|def|2\n|move|p1a: Samurott|Cut|p2a: Manaphy\n|-resisted|p2a: Manaphy\n|-damage|p2a: Manaphy|86\/100\n|\n|-weather|RainDance|[upkeep]\n|-heal|p2a: Manaphy|93\/100|[from] item: Leftovers\n|upkeep\n|turn|4\n|\n|t:|1700328961\n|move|p2a: Manaphy|Acid Armor|p2a: Manaphy\n|-boost|p2a: Manaphy|def|2\n|move|p1a: Samurott|Aqua Cutter|p2a: Manaphy\n|-resisted|p2a: Manaphy\n|-damage|p2a: Manaphy|81\/100\n|\n|-weather|RainDance|[upkeep]\n|-heal|p2a: Manaphy|87\/100|[from] item: Leftovers\n|upkeep\n|turn|5\n|\n|t:|1700328970\n|move|p2a: Manaphy|Calm Mind|p2a: Manaphy\n|-boost|p2a: Manaphy|spa|1\n|-boost|p2a: Manaphy|spd|1\n|move|p1a: Samurott|Sacred Sword|p2a: Manaphy\n|-damage|p2a: Manaphy|45\/100\n|\n|-weather|RainDance|[upkeep]\n|-heal|p2a: Manaphy|51\/100|[from] item: Leftovers\n|upkeep\n|turn|6\n|\n|t:|1700328981\n|move|p2a: Manaphy|Surf|p1a: Samurott\n|-resisted|p1a: Samurott\n|-damage|p1a: Samurott|62\/100\n|move|p1a: Samurott|Sacred Sword|p2a: Manaphy\n|-damage|p2a: Manaphy|7\/100\n|\n|-weather|RainDance|[upkeep]\n|-heal|p2a: Manaphy|13\/100|[from] item: Leftovers\n|upkeep\n|turn|7\n|\n|t:|1700328990\n|move|p2a: Manaphy|Surf|p1a: Samurott\n|-resisted|p1a: Samurott\n|-damage|p1a: Samurott|21\/100\n|move|p1a: Samurott|Sacred Sword|p2a: Manaphy\n|-damage|p2a: Manaphy|0 fnt\n|faint|p2a: Manaphy\n|\n|-weather|RainDance|[upkeep]\n|upkeep\n|\n|t:|1700329001\n|switch|p2a: Gengar|Gengar, F|100\/100\n|turn|8\n|\n|t:|1700329006\n|detailschange|p2a: Gengar|Gengar-Mega, F\n|-mega|p2a: Gengar|Gengar|Gengarite\n|move|p2a: Gengar|Hex|p1a: Samurott\n|-damage|p1a: Samurott|0 fnt\n|faint|p1a: Samurott\n|\n|-weather|none\n|upkeep\n|\n|t:|1700329035\n|switch|p1a: Iron Moth|Iron Moth|98\/100\n|turn|9\n|\n|t:|1700329041\n|move|p2a: Gengar|Hex|p1a: Iron Moth\n|-damage|p1a: Iron Moth|55\/100\n|move|p1a: Iron Moth|Bug Buzz|p2a: Gengar\n|-resisted|p2a: Gengar\n|-damage|p2a: Gengar|90\/100\n|\n|upkeep\n|turn|10\n|\n|t:|1700329049\n|move|p2a: Gengar|Hex|p1a: Iron Moth\n|-damage|p1a: Iron Moth|15\/100\n|move|p1a: Iron Moth|Fiery Dance|p2a: Gengar\n|-damage|p2a: Gengar|30\/100\n|-boost|p1a: Iron Moth|spa|1\n|\n|upkeep\n|turn|11\n|\n|t:|1700329100\n|move|p2a: Gengar|Hex|p1a: Iron Moth\n|-damage|p1a: Iron Moth|0 fnt\n|faint|p1a: Iron Moth\n|-end|p1a: Iron Moth|Quark Drive|[silent]\n|\n|upkeep\n|\n|t:|1700329107\n|switch|p1a: Dragapult|Dragapult, M, shiny|100\/100\n|turn|12\n|\n|t:|1700329110\n|switch|p2a: Pelipper|Pelipper, M|100\/100\n|-weather|RainDance|[from] ability: Drizzle|[of] p2a: Pelipper\n|move|p1a: Dragapult|Hex|p2a: Pelipper\n|-damage|p2a: Pelipper|60\/100\n|\n|-weather|RainDance|[upkeep]\n|upkeep\n|turn|13\n|\n|t:|1700329120\n|switch|p1a: Toxica|Crobat, M, shiny|100\/100\n|move|p2a: Pelipper|Hurricane|p1a: Toxica\n|-damage|p1a: Toxica|55\/100\n|-start|p1a: Toxica|confusion\n|\n|-weather|RainDance|[upkeep]\n|upkeep\n|turn|14\n|\n|t:|1700329131\n|-activate|p1a: Toxica|confusion\n|move|p1a: Toxica|Giga Drain|p2a: Pelipper\n|-damage|p2a: Pelipper|21\/100\n|-heal|p1a: Toxica|75\/100|[from] drain|[of] p2a: Pelipper\n|-damage|p1a: Toxica|66\/100|[from] item: Life Orb\n|move|p2a: Pelipper|U-turn|p1a: Toxica\n|-resisted|p1a: Toxica\n|-damage|p1a: Toxica|63\/100\n|\n|t:|1700329140\n|switch|p2a: Gengar|Gengar-Mega, F|30\/100|[from] U-turn\n|-sideend|p2: mudkipfan333|move: Toxic Spikes|[of] p2a: Gengar\n|\n|-weather|RainDance|[upkeep]\n|upkeep\n|turn|15\n|\n|t:|1700329193\n|-activate|p1a: Toxica|confusion\n|move|p1a: Toxica|Heat Wave|p2a: Gengar\n|-damage|p2a: Gengar|5\/100\n|-damage|p1a: Toxica|53\/100|[from] item: Life Orb\n|move|p2a: Gengar|Hex|p1a: Toxica\n|-damage|p1a: Toxica|0 fnt\n|faint|p1a: Toxica\n|\n|-weather|RainDance|[upkeep]\n|upkeep\n|\n|t:|1700329203\n|switch|p1a: Dragapult|Dragapult, M, shiny|100\/100\n|turn|16\n|\n|t:|1700329209\n|move|p1a: Dragapult|Hex|p2a: Gengar\n|-supereffective|p2a: Gengar\n|-damage|p2a: Gengar|0 fnt\n|faint|p2a: Gengar\n|\n|-weather|RainDance|[upkeep]\n|upkeep\n|\n|t:|1700329210\n|switch|p2a: Greninja|Greninja, M|100\/100\n|turn|17\n|\n|t:|1700329284\n|move|p1a: Dragapult|Hex|p2a: Greninja\n|-resisted|p2a: Greninja\n|-damage|p2a: Greninja|76\/100\n|move|p2a: Greninja|Hydro Pump|p1a: Dragapult\n|-resisted|p1a: Dragapult\n|-damage|p1a: Dragapult|12\/100\n|\n|-weather|RainDance|[upkeep]\n|upkeep\n|turn|18\n|\n|t:|1700329300\n|move|p1a: Dragapult|Hex|p2a: Greninja\n|-resisted|p2a: Greninja\n|-damage|p2a: Greninja|53\/100\n|move|p2a: Greninja|Hydro Pump|p1a: Dragapult\n|-resisted|p1a: Dragapult\n|-damage|p1a: Dragapult|0 fnt\n|faint|p1a: Dragapult\n|-activate|p2a: Greninja|ability: Battle Bond\n|detailschange|p2a: Greninja|Greninja-Ash, M\n|\n|-weather|RainDance|[upkeep]\n|upkeep\n|\n|t:|1700329319\n|switch|p1a: Hydreigon|Hydreigon, M|100\/100\n|turn|19\n|\n|t:|1700329329\n|switch|p2a: Annihilape|Annihilape, M|100\/100\n|move|p1a: Hydreigon|Dark Pulse|p2a: Annihilape\n|-damage|p2a: Annihilape|76\/100\n|\n|-weather|none\n|-heal|p2a: Annihilape|83\/100|[from] item: Leftovers\n|upkeep\n|turn|20\n|\n|t:|1700329341\n|switch|p1a: Eta|Metagross, shiny|100\/100\n|move|p2a: Annihilape|Bulk Up|p2a: Annihilape\n|-boost|p2a: Annihilape|atk|1\n|-boost|p2a: Annihilape|def|1\n|\n|-heal|p2a: Annihilape|89\/100|[from] item: Leftovers\n|upkeep\n|turn|21\n|\n|t:|1700329362\n|detailschange|p1a: Eta|Metagross-Mega, shiny\n|-mega|p1a: Eta|Metagross|Metagrossite\n|move|p1a: Eta|Earthquake|p2a: Annihilape\n|-crit|p2a: Annihilape\n|-damage|p2a: Annihilape|37\/100\n|move|p2a: Annihilape|Rage Fist|p1a: Eta\n|-supereffective|p1a: Eta\n|-damage|p1a: Eta|0 fnt\n|faint|p1a: Eta\n|\n|-heal|p2a: Annihilape|44\/100|[from] item: Leftovers\n|upkeep\n|\n|t:|1700329419\n|switch|p1a: Hydreigon|Hydreigon, M|100\/100\n|turn|22\n|\n|t:|1700329428\n|move|p1a: Hydreigon|Dark Pulse|p2a: Annihilape\n|-damage|p2a: Annihilape|17\/100\n|move|p2a: Annihilape|Drain Punch|p1a: Hydreigon\n|-supereffective|p1a: Hydreigon\n|-enditem|p1a: Hydreigon|Focus Sash\n|-damage|p1a: Hydreigon|1\/100\n|-heal|p2a: Annihilape|56\/100|[from] drain|[of] p1a: Hydreigon\n|\n|-heal|p2a: Annihilape|62\/100|[from] item: Leftovers\n|upkeep\n|turn|23\n|\n|t:|1700329439\n|move|p1a: Hydreigon|Dark Pulse|p2a: Annihilape\n|-damage|p2a: Annihilape|36\/100\n|move|p2a: Annihilape|Drain Punch|p1a: Hydreigon\n|-supereffective|p1a: Hydreigon\n|-damage|p1a: Hydreigon|0 fnt\n|-heal|p2a: Annihilape|36\/100|[from] drain|[of] p1a: Hydreigon\n|faint|p1a: Hydreigon\n|\n|win|mudkipfan333\n|c|\u2606mudkipfan333|Gg\n","uploadtime":1700329450,"views":11,"p1id":"xleontdx","p2id":"mudkipfan333","formatid":"gen9ubers","rating":0,"private":0,"password":""}