{"id":"radicalred-gen9ubers-547492","p1":"anderproyt","p2":"xleontdx","format":"[Gen 9] Ubers","log":"|j|\u2606anderproyt\n|j|\u2606xleontdx\n|t:|1700169522\n|gametype|singles\n|player|p1|anderproyt|rr-tyranitar|\n|player|p2|xleontdx|rr-mawilemega|\n|teamsize|p1|6\n|teamsize|p2|6\n|gen|9\n|tier|[Gen 9] Ubers\n|rule|Sleep Clause Mod: Limit one foe put to sleep\n|rule|Species Clause: Limit one of each Pok\u00e9mon\n|rule|OHKO Clause: OHKO moves are banned\n|rule|Evasion Abilities Clause: Evasion abilities are banned\n|rule|Evasion Items Clause: Evasion items are banned\n|rule|Evasion Moves Clause: Evasion moves are banned\n|rule|Endless Battle Clause: Forcing endless battles is banned\n|rule|HP Percentage Mod: HP is shown in percentages\n|rule|Dynamax Clause: You cannot dynamax\n|rule|Mega Rayquaza Clause: You cannot mega evolve Rayquaza\n|clearpoke\n|poke|p1|Sylveon, M|\n|poke|p1|Tapu Lele|\n|poke|p1|Zoroark-Hisui, F|\n|poke|p1|Grafaiai, F|\n|poke|p1|Lopunny, M|\n|poke|p1|Tinkaton, F|\n|poke|p2|Iron Jugulis|\n|poke|p2|Meowscarada, F|\n|poke|p2|Blissey, F|\n|poke|p2|Gyarados, F|\n|poke|p2|Mawile, F|\n|poke|p2|Dragapult, M|\n|teampreview\n|\n|t:|1700169651\n|start\n|switch|p1a: Graficos|Grafaiai, F|100\/100\n|switch|p2a: Blissey|Blissey, F|100\/100\n|turn|1\n|c|\u2606anderproyt|buen blissey xd\n|\n|t:|1700169686\n|move|p1a: Graficos|Sticky Web|p2a: Blissey\n|-sidestart|p2: xleontdx|move: Sticky Web\n|move|p2a: Blissey|Reflect|p2a: Blissey\n|-sidestart|p2: xleontdx|Reflect\n|\n|upkeep\n|turn|2\n|\n|t:|1700169691\n|move|p1a: Graficos|Taunt|p2a: Blissey\n|-start|p2a: Blissey|move: Taunt\n|cant|p2a: Blissey|move: Taunt|Toxic\n|\n|upkeep\n|turn|3\n|\n|t:|1700169708\n|switch|p2a: Iron Jugulis|Iron Jugulis|100\/100\n|-enditem|p2a: Iron Jugulis|Booster Energy\n|-activate|p2a: Iron Jugulis|ability: Quark Drive|[fromitem]\n|-start|p2a: Iron Jugulis|quarkdrivespa\n|move|p1a: Graficos|U-turn|p2a: Iron Jugulis\n|-damage|p2a: Iron Jugulis|93\/100\n|\n|t:|1700169722\n|switch|p1a: Sakura|Lopunny, M, shiny|100\/100|[from] U-turn\n|\n|upkeep\n|turn|4\n|\n|t:|1700169730\n|move|p1a: Sakura|Nasty Plot|p1a: Sakura\n|-boost|p1a: Sakura|spa|2\n|move|p2a: Iron Jugulis|Tailwind|p2a: Iron Jugulis\n|-sidestart|p2: xleontdx|move: Tailwind\n|\n|upkeep\n|turn|5\n|\n|t:|1700169740\n|move|p2a: Iron Jugulis|Dark Pulse|p1a: Sakura\n|-supereffective|p1a: Sakura\n|-damage|p1a: Sakura|0 fnt\n|replace|p1a: Zoroark|Zoroark-Hisui, F\n|-end|p1a: Zoroark|Illusion\n|faint|p1a: Zoroark\n|\n|-sideend|p2: xleontdx|Reflect\n|upkeep\n|c|\u2606anderproyt|uff\n|\n|t:|1700169750\n|switch|p1a: Graficos|Grafaiai, F|100\/100\n|turn|6\n|\n|t:|1700169760\n|move|p1a: Graficos|Parting Shot|p2a: Iron Jugulis\n|-hint|Since gen 7, Dark is immune to Prankster moves.\n|-immune|p2a: Iron Jugulis\n|move|p2a: Iron Jugulis|Dark Pulse|p1a: Graficos\n|-damage|p1a: Graficos|40\/100\n|-enditem|p1a: Graficos|Sitrus Berry|[eat]\n|-heal|p1a: Graficos|64\/100|[from] item: Sitrus Berry\n|\n|upkeep\n|turn|7\n|\n|t:|1700169771\n|switch|p1a: Sylveon|Sylveon, M|100\/100\n|move|p2a: Iron Jugulis|Air Slash|p1a: Sylveon\n|-damage|p1a: Sylveon|61\/100\n|\n|-sideend|p2: xleontdx|move: Tailwind\n|upkeep\n|turn|8\n|\n|t:|1700169785\n|-end|p2a: Iron Jugulis|Quark Drive|[silent]\n|switch|p2a: Blissey|Blissey, F|100\/100\n|-activate|p2a: Blissey|move: Sticky Web\n|-unboost|p2a: Blissey|spe|1\n|-zpower|p1a: Sylveon\n|move|p1a: Sylveon|Extreme Evoboost|p1a: Sylveon\n|-boost|p1a: Sylveon|atk|2\n|-boost|p1a: Sylveon|spa|2\n|-boost|p1a: Sylveon|spe|2\n|\n|upkeep\n|turn|9\n|\n|t:|1700169801\n|move|p1a: Sylveon|Hyper Voice|p2a: Blissey\n|-damage|p2a: Blissey|67\/100\n|move|p2a: Blissey|Light Screen|p2a: Blissey\n|-sidestart|p2: xleontdx|move: Light Screen\n|\n|upkeep\n|turn|10\n|c|\u2606anderproyt|esperaba un mejor resusltado\n|j| Lug Out\n|\n|t:|1700169819\n|switch|p1a: Sakura|Lopunny, M, shiny|100\/100\n|move|p2a: Blissey|Toxic|p1a: Sakura\n|-status|p1a: Sakura|tox\n|\n|-damage|p1a: Sakura|95\/100 tox|[from] psn\n|upkeep\n|turn|11\n|\n|t:|1700169831\n|switch|p2a: Gyarados|Gyarados, F|100\/100\n|-ability|p2a: Gyarados|Intimidate|boost\n|-unboost|p1a: Sakura|atk|1\n|detailschange|p1a: Sakura|Lopunny-Mega, M, shiny\n|-mega|p1a: Sakura|Lopunny|Lopunnite\n|move|p1a: Sakura|Fake Out|p2a: Gyarados\n|-damage|p2a: Gyarados|82\/100\n|\n|-damage|p1a: Sakura|83\/100 tox|[from] psn\n|upkeep\n|turn|12\n|l| Lug Out\n|\n|t:|1700169847\n|switch|p1a: Tapu Lele|Tapu Lele|100\/100\n|-fieldstart|move: Psychic Terrain|[from] ability: Psychic Surge|[of] p1a: Tapu Lele\n|move|p2a: Gyarados|Earthquake|p1a: Tapu Lele\n|-damage|p1a: Tapu Lele|44\/100\n|\n|upkeep\n|turn|13\n|\n|t:|1700169859\n|move|p1a: Tapu Lele|Psyshock|p2a: Gyarados\n|-damage|p2a: Gyarados|46\/100\n|move|p2a: Gyarados|Earthquake|p1a: Tapu Lele\n|-damage|p1a: Tapu Lele|0 fnt\n|faint|p1a: Tapu Lele\n|\n|-sideend|p2: xleontdx|move: Light Screen\n|upkeep\n|\n|t:|1700169872\n|switch|p1a: Tinkaton|Tinkaton, F|100\/100\n|-ability|p1a: Tinkaton|Mold Breaker\n|-item|p1a: Tinkaton|Air Balloon\n|turn|14\n|\n|t:|1700169886\n|switch|p2a: Blissey|Blissey, F|67\/100\n|-activate|p2a: Blissey|move: Sticky Web\n|-unboost|p2a: Blissey|spe|1\n|move|p1a: Tinkaton|Stealth Rock|p2a: Blissey\n|-sidestart|p2: xleontdx|move: Stealth Rock\n|\n|upkeep\n|turn|15\n|\n|t:|1700169897\n|move|p1a: Tinkaton|Gigaton Hammer|p2a: Blissey\n|-crit|p2a: Blissey\n|-damage|p2a: Blissey|0 fnt\n|faint|p2a: Blissey\n|\n|upkeep\n|c|\u2606anderproyt|a casa\n|\n|t:|1700169905\n|switch|p2a: Gyarados|Gyarados, F|46\/100\n|-damage|p2a: Gyarados|21\/100|[from] Stealth Rock\n|-ability|p2a: Gyarados|Intimidate|boost\n|-unboost|p1a: Tinkaton|atk|1\n|turn|16\n|\n|t:|1700169914\n|switch|p1a: Sylveon|Sylveon, M|61\/100\n|move|p2a: Gyarados|Earthquake|p1a: Sylveon\n|-damage|p1a: Sylveon|12\/100\n|\n|-fieldend|move: Psychic Terrain\n|upkeep\n|turn|17\n|\n|t:|1700169923\n|move|p1a: Sylveon|Hyper Voice|p2a: Gyarados\n|-damage|p2a: Gyarados|0 fnt\n|faint|p2a: Gyarados\n|\n|upkeep\n|c|\u2606anderproyt|dragon dancer\n|\n|t:|1700169929\n|switch|p2a: Meowscarada|Meowscarada, F|100\/100\n|-damage|p2a: Meowscarada|88\/100|[from] Stealth Rock\n|-activate|p2a: Meowscarada|move: Sticky Web\n|-unboost|p2a: Meowscarada|spe|1\n|turn|18\n|c|\u2606anderproyt|entendible\n|\n|t:|1700169940\n|move|p1a: Sylveon|Last Resort||[still]\n|-fail|p1a: Sylveon\n|move|p2a: Meowscarada|Foul Play|p1a: Sylveon\n|-start|p2a: Meowscarada|typechange|Dark|[from] ability: Protean\n|-resisted|p1a: Sylveon\n|-damage|p1a: Sylveon|0 fnt\n|faint|p1a: Sylveon\n|-damage|p2a: Meowscarada|78\/100|[from] item: Life Orb\n|\n|upkeep\n|\n|t:|1700169951\n|switch|p1a: Tinkaton|Tinkaton, F|100\/100\n|-ability|p1a: Tinkaton|Mold Breaker\n|-item|p1a: Tinkaton|Air Balloon\n|turn|19\n|\n|t:|1700169959\n|move|p1a: Tinkaton|Play Rough|p2a: Meowscarada\n|-supereffective|p2a: Meowscarada\n|-damage|p2a: Meowscarada|0 fnt\n|faint|p2a: Meowscarada\n|\n|upkeep\n|c|\u2606anderproyt|a tinkaton debes temerle \n|\n|t:|1700169970\n|switch|p2a: Dragapult|Dragapult, M|100\/100\n|-activate|p2a: Dragapult|move: Sticky Web\n|-unboost|p2a: Dragapult|spe|1\n|-damage|p2a: Dragapult|88\/100|[from] Stealth Rock\n|turn|20\n|\n|t:|1700169980\n|move|p1a: Tinkaton|Play Rough|p2a: Dragapult\n|-supereffective|p2a: Dragapult\n|-damage|p2a: Dragapult|0 fnt\n|faint|p2a: Dragapult\n|\n|upkeep\n|\n|t:|1700169986\n|switch|p2a: Iron Jugulis|Iron Jugulis|93\/100\n|-damage|p2a: Iron Jugulis|68\/100|[from] Stealth Rock\n|turn|21\n|\n|t:|1700169996\n|move|p2a: Iron Jugulis|Tailwind|p2a: Iron Jugulis\n|-sidestart|p2: xleontdx|move: Tailwind\n|move|p1a: Tinkaton|Play Rough|p2a: Iron Jugulis\n|-supereffective|p2a: Iron Jugulis\n|-damage|p2a: Iron Jugulis|0 fnt\n|faint|p2a: Iron Jugulis\n|-end|p2a: Iron Jugulis|Quark Drive|[silent]\n|\n|upkeep\n|\n|t:|1700170005\n|switch|p2a: Mawile|Mawile, F|100\/100\n|-damage|p2a: Mawile|94\/100|[from] Stealth Rock\n|-activate|p2a: Mawile|move: Sticky Web\n|-unboost|p2a: Mawile|spe|1\n|-ability|p2a: Mawile|Intimidate|boost\n|-unboost|p1a: Tinkaton|atk|1\n|turn|22\n|\n|t:|1700170015\n|detailschange|p2a: Mawile|Mawile-Mega, F\n|-mega|p2a: Mawile|Mawile|Mawilite\n|move|p1a: Tinkaton|Gigaton Hammer|p2a: Mawile\n|-damage|p2a: Mawile|45\/100\n|move|p2a: Mawile|Fire Fang|p1a: Tinkaton\n|-supereffective|p1a: Tinkaton\n|-damage|p1a: Tinkaton|5\/100\n|-enditem|p1a: Tinkaton|Air Balloon\n|\n|upkeep\n|turn|23\n|\n|t:|1700170026\n|move|p1a: Tinkaton|Play Rough|p2a: Mawile\n|-resisted|p2a: Mawile\n|-damage|p2a: Mawile|32\/100\n|move|p2a: Mawile|Fire Fang|p1a: Tinkaton\n|-supereffective|p1a: Tinkaton\n|-damage|p1a: Tinkaton|0 fnt\n|faint|p1a: Tinkaton\n|\n|upkeep\n|c|\u2606anderproyt|te dige xd\n|\n|t:|1700170038\n|switch|p1a: Graficos|Grafaiai, F|64\/100\n|turn|24\n|\n|t:|1700170050\n|move|p2a: Mawile|Sucker Punch||[still]\n|-fail|p2a: Mawile\n|move|p1a: Graficos|Taunt|p2a: Mawile\n|-start|p2a: Mawile|move: Taunt\n|\n|-sideend|p2: xleontdx|move: Tailwind\n|upkeep\n|turn|25\n|c|\u2606anderproyt|sin SD en mi guardia\n|\n|t:|1700170063\n|move|p1a: Graficos|Parting Shot|p2a: Mawile\n|-unboost|p2a: Mawile|atk|1\n|-unboost|p2a: Mawile|spa|1\n|\n|t:|1700170066\n|switch|p1a: Sakura|Lopunny-Mega, M, shiny|83\/100 tox|[from] Parting Shot\n|move|p2a: Mawile|Sucker Punch||[still]\n|-fail|p2a: Mawile\n|\n|-damage|p1a: Sakura|77\/100 tox|[from] psn\n|upkeep\n|turn|26\n|\n|t:|1700170079\n|move|p1a: Sakura|Fake Out|p2a: Mawile\n|-resisted|p2a: Mawile\n|-damage|p2a: Mawile|20\/100\n|cant|p2a: Mawile|flinch\n|\n|-damage|p1a: Sakura|65\/100 tox|[from] psn\n|upkeep\n|turn|27\n|\n|t:|1700170093\n|switch|p1a: Graficos|Grafaiai, F|64\/100\n|move|p2a: Mawile|Play Rough|p1a: Graficos\n|-resisted|p1a: Graficos\n|-damage|p1a: Graficos|36\/100\n|\n|-end|p2a: Mawile|move: Taunt\n|upkeep\n|turn|28\n|\n|t:|1700170108\n|move|p1a: Graficos|Taunt|p2a: Mawile\n|-start|p2a: Mawile|move: Taunt\n|move|p2a: Mawile|Fire Fang|p1a: Graficos\n|-damage|p1a: Graficos|6\/100\n|\n|upkeep\n|turn|29\n|\n|t:|1700170116\n|move|p1a: Graficos|U-turn|p2a: Mawile\n|-resisted|p2a: Mawile\n|-damage|p2a: Mawile|17\/100\n|\n|t:|1700170119\n|switch|p1a: Sakura|Lopunny-Mega, M, shiny|65\/100 tox|[from] U-turn\n|move|p2a: Mawile|Fire Fang|p1a: Sakura\n|-damage|p1a: Sakura|33\/100 tox\n|\n|-damage|p1a: Sakura|27\/100 tox|[from] psn\n|upkeep\n|turn|30\n|\n|t:|1700170131\n|move|p1a: Sakura|Close Combat|p2a: Mawile\n|-damage|p2a: Mawile|0 fnt\n|-unboost|p1a: Sakura|def|1\n|-unboost|p1a: Sakura|spd|1\n|faint|p2a: Mawile\n|\n|win|anderproyt\n|c|\u2606anderproyt|gg\n|c|\u2606anderproyt|ese tinkaton \n|c|\u2606anderproyt|hiso la Ban hammer\n|l|\u2606xleontdx\n","uploadtime":1700170179,"views":15,"p1id":"anderproyt","p2id":"xleontdx","formatid":"gen9ubers","rating":0,"private":0,"password":""}