{"id":"radicalred-gen9ubers-542854","p1":"TobyTheBoss64","p2":"ANinjaDude","format":"[Gen 9] Ubers","log":"|j|\u2606TobyTheBoss64\n|j|\u2606ANinjaDude\n|t:|1699217314\n|gametype|singles\n|player|p1|TobyTheBoss64|tobytheboss.png|\n|player|p2|ANinjaDude|101|\n|teamsize|p1|6\n|teamsize|p2|6\n|gen|9\n|tier|[Gen 9] Ubers\n|rule|Sleep Clause Mod: Limit one foe put to sleep\n|rule|Species Clause: Limit one of each Pok\u00e9mon\n|rule|OHKO Clause: OHKO moves are banned\n|rule|Evasion Abilities Clause: Evasion abilities are banned\n|rule|Evasion Items Clause: Evasion items are banned\n|rule|Evasion Moves Clause: Evasion moves are banned\n|rule|Endless Battle Clause: Forcing endless battles is banned\n|rule|HP Percentage Mod: HP is shown in percentages\n|rule|Dynamax Clause: You cannot dynamax\n|rule|Mega Rayquaza Clause: You cannot mega evolve Rayquaza\n|clearpoke\n|poke|p1|Samurott-Hisui, M|\n|poke|p1|Xerneas-*|\n|poke|p1|Groudon|\n|poke|p1|Shaymin-Sky|\n|poke|p1|Zacian-*|\n|poke|p1|Arceus|\n|poke|p2|Eternatus|\n|poke|p2|Sableye, M|\n|poke|p2|Ho-Oh|\n|poke|p2|Arceus-Fairy|\n|poke|p2|Necrozma-Dusk-Mane|\n|poke|p2|Dondozo, F|\n|teampreview\n|c|\u2606ANinjaDude|glhf\n|c|\u2606TobyTheBoss64|u2\n|j| 00Coosm0\n|\n|t:|1699217360\n|start\n|switch|p1a: Zacian|Zacian-Crowned|100\/100\n|switch|p2a: Arceus|Arceus-Fairy|100\/100\n|-ability|p1a: Zacian|Intrepid Sword|boost\n|-boost|p1a: Zacian|atk|1\n|turn|1\n|\n|t:|1699217381\n|switch|p2a: Dondozo|Dondozo, F|100\/100\n|move|p1a: Zacian|Swords Dance|p1a: Zacian\n|-boost|p1a: Zacian|atk|2\n|\n|upkeep\n|turn|2\n|j| Storm_WaterTime\n|\n|t:|1699217395\n|switch|p1a: Shaymin|Shaymin-Sky|100\/100\n|move|p2a: Dondozo|Zen Headbutt|p1a: Shaymin\n|-damage|p1a: Shaymin|77\/100\n|\n|upkeep\n|turn|3\n|\n|t:|1699217407\n|switch|p2a: Eternatus|Eternatus|100\/100\n|-ability|p2a: Eternatus|Pressure\n|-zpower|p1a: Shaymin\n|move|p1a: Shaymin|Z-Celebrate|p1a: Shaymin|[anim]Celebrate\n|-boost|p1a: Shaymin|atk|1|[zeffect]\n|-boost|p1a: Shaymin|def|1|[zeffect]\n|-boost|p1a: Shaymin|spa|1|[zeffect]\n|-boost|p1a: Shaymin|spd|1|[zeffect]\n|-boost|p1a: Shaymin|spe|1|[zeffect]\n|-activate|p1a: Shaymin|move: Celebrate\n|\n|upkeep\n|turn|4\n|\n|t:|1699217413\n|move|p1a: Shaymin|Sleep Powder|p2a: Eternatus\n|-status|p2a: Eternatus|slp|[from] move: Sleep Powder\n|cant|p2a: Eternatus|slp\n|\n|upkeep\n|turn|5\n|c|\u2606ANinjaDude|i feel threatened\n|j| Razorgliscor472\n|\n|t:|1699217418\n|move|p1a: Shaymin|Air Slash|p2a: Eternatus\n|-damage|p2a: Eternatus|73\/100 slp\n|-curestatus|p2a: Eternatus|slp|[msg]\n|cant|p2a: Eternatus|flinch\n|\n|-heal|p2a: Eternatus|79\/100|[from] item: Black Sludge\n|upkeep\n|turn|6\n|j| BraxGrifRow\n|\n|t:|1699217431\n|move|p1a: Shaymin|Sleep Powder|p2a: Eternatus\n|-status|p2a: Eternatus|slp|[from] move: Sleep Powder\n|cant|p2a: Eternatus|slp\n|\n|-heal|p2a: Eternatus|86\/100 slp|[from] item: Black Sludge\n|upkeep\n|turn|7\n|\n|t:|1699217435\n|move|p1a: Shaymin|Seed Flare|p2a: Eternatus\n|-resisted|p2a: Eternatus\n|-damage|p2a: Eternatus|74\/100 slp\n|-unboost|p2a: Eternatus|spd|2\n|-curestatus|p2a: Eternatus|slp|[msg]\n|move|p2a: Eternatus|Sludge Bomb|p1a: Shaymin\n|-supereffective|p1a: Shaymin\n|-damage|p1a: Shaymin|10\/100\n|\n|-heal|p2a: Eternatus|80\/100|[from] item: Black Sludge\n|upkeep\n|turn|8\n|\n|t:|1699217443\n|move|p1a: Shaymin|Air Slash|p2a: Eternatus\n|-damage|p2a: Eternatus|22\/100\n|cant|p2a: Eternatus|flinch\n|\n|-heal|p2a: Eternatus|28\/100|[from] item: Black Sludge\n|upkeep\n|turn|9\n|\n|t:|1699217449\n|switch|p2a: Necrozma|Necrozma-Dusk-Mane|100\/100\n|move|p1a: Shaymin|Air Slash|p2a: Necrozma\n|-resisted|p2a: Necrozma\n|-damage|p2a: Necrozma|78\/100\n|\n|-heal|p2a: Necrozma|84\/100|[from] item: Leftovers\n|upkeep\n|turn|10\n|\n|t:|1699217454\n|move|p1a: Shaymin|Sleep Powder|p2a: Necrozma\n|-status|p2a: Necrozma|slp|[from] move: Sleep Powder\n|cant|p2a: Necrozma|slp\n|\n|-heal|p2a: Necrozma|90\/100 slp|[from] item: Leftovers\n|upkeep\n|turn|11\n|\n|t:|1699217456\n|move|p1a: Shaymin|Seed Flare|p2a: Necrozma\n|-resisted|p2a: Necrozma\n|-damage|p2a: Necrozma|55\/100 slp\n|cant|p2a: Necrozma|slp\n|\n|-heal|p2a: Necrozma|61\/100 slp|[from] item: Leftovers\n|upkeep\n|turn|12\n|\n|t:|1699217461\n|move|p1a: Shaymin|Seed Flare|p2a: Necrozma\n|-resisted|p2a: Necrozma\n|-damage|p2a: Necrozma|23\/100 slp\n|-unboost|p2a: Necrozma|spd|2\n|-curestatus|p2a: Necrozma|slp|[msg]\n|move|p2a: Necrozma|Iron Head|p1a: Shaymin\n|-damage|p1a: Shaymin|0 fnt\n|faint|p1a: Shaymin\n|\n|-heal|p2a: Necrozma|29\/100|[from] item: Leftovers\n|upkeep\n|\n|t:|1699217466\n|switch|p1a: Samurott|Samurott-Hisui, M|100\/100\n|turn|13\n|\n|t:|1699217473\n|switch|p2a: Sableye|Sableye, M|100\/100\n|-item|p1a: Samurott|Focus Sash|[from] ability: Frisk|[of] p2a: Sableye|[identify]\n|move|p1a: Samurott|Ceaseless Edge|p2a: Sableye\n|-damage|p2a: Sableye|42\/100\n|-sidestart|p2: ANinjaDude|Spikes\n|\n|upkeep\n|turn|14\n|\n|t:|1699217483\n|detailschange|p2a: Sableye|Sableye-Mega, M\n|-mega|p2a: Sableye|Sableye|Sablenite\n|move|p1a: Samurott|Ceaseless Edge|p2a: Sableye\n|-damage|p2a: Sableye|2\/100\n|-sidestart|p2: ANinjaDude|Spikes\n|move|p2a: Sableye|Will-O-Wisp|p1a: Samurott\n|-status|p1a: Samurott|brn\n|\n|-damage|p1a: Samurott|94\/100 brn|[from] brn\n|upkeep\n|turn|15\n|\n|t:|1699217487\n|move|p1a: Samurott|Ceaseless Edge|p2a: Sableye\n|-damage|p2a: Sableye|0 fnt\n|-sidestart|p2: ANinjaDude|Spikes\n|faint|p2a: Sableye\n|\n|-damage|p1a: Samurott|88\/100 brn|[from] brn\n|upkeep\n|\n|t:|1699217489\n|switch|p2a: Dondozo|Dondozo, F|100\/100\n|-damage|p2a: Dondozo|75\/100|[from] Spikes\n|turn|16\n|\n|t:|1699217494\n|move|p1a: Samurott|Taunt|p2a: Dondozo\n|-start|p2a: Dondozo|move: Taunt\n|cant|p2a: Dondozo|move: Taunt|Curse\n|\n|-heal|p2a: Dondozo|82\/100|[from] item: Leftovers\n|-damage|p1a: Samurott|82\/100 brn|[from] brn\n|upkeep\n|turn|17\n|\n|t:|1699217504\n|switch|p2a: Eternatus|Eternatus|28\/100\n|-damage|p2a: Eternatus|3\/100|[from] Spikes\n|-ability|p2a: Eternatus|Pressure\n|move|p1a: Samurott|Ceaseless Edge|p2a: Eternatus\n|-damage|p2a: Eternatus|0 fnt\n|faint|p2a: Eternatus\n|\n|-damage|p1a: Samurott|76\/100 brn|[from] brn\n|upkeep\n|\n|t:|1699217506\n|switch|p2a: Arceus|Arceus-Fairy|100\/100\n|-damage|p2a: Arceus|75\/100|[from] Spikes\n|turn|18\n|\n|t:|1699217515\n|move|p1a: Samurott|Taunt|p2a: Arceus\n|-start|p2a: Arceus|move: Taunt\n|move|p2a: Arceus|Judgment|p1a: Samurott\n|-supereffective|p1a: Samurott\n|-damage|p1a: Samurott|0 fnt\n|faint|p1a: Samurott\n|\n|upkeep\n|\n|t:|1699217540\n|switch|p1a: Zacian|Zacian-Crowned|100\/100\n|-ability|p1a: Zacian|Intrepid Sword|boost\n|-boost|p1a: Zacian|atk|1\n|turn|19\n|\n|t:|1699217566\n|move|p1a: Zacian|Swords Dance|p1a: Zacian\n|-boost|p1a: Zacian|atk|2\n|move|p2a: Arceus|Earth Power|p1a: Zacian\n|-supereffective|p1a: Zacian\n|-damage|p1a: Zacian|59\/100\n|-unboost|p1a: Zacian|spd|1\n|\n|upkeep\n|turn|20\n|\n|t:|1699217573\n|switch|p2a: Ho-Oh|Ho-Oh|100\/100\n|move|p1a: Zacian|Behemoth Blade|p2a: Ho-Oh\n|-resisted|p2a: Ho-Oh\n|-damage|p2a: Ho-Oh|34\/100\n|\n|upkeep\n|turn|21\n|c| Razorgliscor472|Ayo\n|\n|t:|1699217594\n|switch|p2a: Arceus|Arceus-Fairy|75\/100\n|-damage|p2a: Arceus|50\/100|[from] Spikes\n|move|p1a: Zacian|Play Rough|p2a: Arceus\n|-damage|p2a: Arceus|0 fnt\n|faint|p2a: Arceus\n|\n|upkeep\n|c|\u2606TobyTheBoss64|and this is why we dont run full sp def ho oh\n|\n|t:|1699217599\n|switch|p2a: Ho-Oh|Ho-Oh|68\/100\n|turn|22\n|j| Major Something\n|\n|t:|1699217605\n|move|p1a: Zacian|Behemoth Blade|p2a: Ho-Oh\n|-resisted|p2a: Ho-Oh\n|-damage|p2a: Ho-Oh|1\/100\n|move|p2a: Ho-Oh|Sacred Fire|p1a: Zacian\n|-supereffective|p1a: Zacian\n|-damage|p1a: Zacian|0 fnt\n|faint|p1a: Zacian\n|\n|upkeep\n|c|\u2606ANinjaDude|i lived?\n|c| Razorgliscor472|And this is why we dont run Dozo\n|c| Razorgliscor472|But thats neither here or there\n|\n|t:|1699217640\n|switch|p1a: Arceus|Arceus|100\/100\n|turn|23\n|\n|t:|1699217652\n|switch|p2a: Necrozma|Necrozma-Dusk-Mane|29\/100\n|-damage|p2a: Necrozma|4\/100|[from] Spikes\n|move|p1a: Arceus|Extreme Speed|p2a: Necrozma\n|-resisted|p2a: Necrozma\n|-damage|p2a: Necrozma|0 fnt\n|faint|p2a: Necrozma\n|\n|upkeep\n|\n|t:|1699217657\n|switch|p2a: Dondozo|Dondozo, F|82\/100\n|-damage|p2a: Dondozo|57\/100|[from] Spikes\n|turn|24\n|c| Razorgliscor472|As you can see\n|c| Razorgliscor472|Dozo fucking hates hazards\n|c| Razorgliscor472|Ubers is Hazard filled\n|\n|t:|1699217679\n|switch|p1a: Endeavor|Xerneas|100\/100\n|-ability|p1a: Endeavor|Fairy Aura\n|move|p2a: Dondozo|Curse|p2a: Dondozo\n|-unboost|p2a: Dondozo|spe|1\n|-boost|p2a: Dondozo|atk|1\n|-boost|p2a: Dondozo|def|1\n|\n|-heal|p2a: Dondozo|63\/100|[from] item: Leftovers\n|upkeep\n|turn|25\n|\n|t:|1699217685\n|move|p1a: Endeavor|Moonblast|p2a: Dondozo\n|-damage|p2a: Dondozo|0 fnt\n|faint|p2a: Dondozo\n|\n|upkeep\n|\n|t:|1699217688\n|switch|p2a: Ho-Oh|Ho-Oh|34\/100\n|turn|26\n|c|\u2606ANinjaDude|ggs\n|c| BraxGrifRow|digging into its longevity\n|c|\u2606TobyTheBoss64|gg\n|\n|t:|1699217696\n|move|p1a: Endeavor|Substitute|p1a: Endeavor\n|-start|p1a: Endeavor|Substitute\n|-damage|p1a: Endeavor|75\/100\n|move|p2a: Ho-Oh|Sacred Fire|p1a: Endeavor\n|-end|p1a: Endeavor|Substitute\n|\n|upkeep\n|turn|27\n|\n|t:|1699217699\n|move|p1a: Endeavor|Substitute|p1a: Endeavor\n|-start|p1a: Endeavor|Substitute\n|-damage|p1a: Endeavor|50\/100\n|move|p2a: Ho-Oh|Sacred Fire|p1a: Endeavor\n|-end|p1a: Endeavor|Substitute\n|\n|upkeep\n|turn|28\n|\n|t:|1699217702\n|move|p1a: Endeavor|Substitute|p1a: Endeavor\n|-start|p1a: Endeavor|Substitute\n|-damage|p1a: Endeavor|25\/100\n|move|p2a: Ho-Oh|Whirlwind|p1a: Endeavor\n|drag|p1a: Groudon|Groudon|100\/100\n|detailschange|p1a: Groudon|Groudon-Primal\n|-primal|p1a: Groudon|Red Orb\n|-weather|DesolateLand|[from] ability: Desolate Land|[of] p1a: Groudon\n|\n|-weather|DesolateLand|[upkeep]\n|upkeep\n|turn|29\n|\n|t:|1699217707\n|move|p1a: Groudon|Heat Crash|p2a: Ho-Oh\n|-resisted|p2a: Ho-Oh\n|-damage|p2a: Ho-Oh|0 fnt\n|faint|p2a: Ho-Oh\n|\n|win|TobyTheBoss64\n","uploadtime":1699217712,"views":16,"p1id":"tobytheboss64","p2id":"aninjadude","formatid":"gen9ubers","rating":0,"private":0,"password":""}