{"id":"radicalred-gen9ubers-551781","p1":"anderproyt","p2":"alexisarbolero","format":"[Gen 9] Ubers","log":"|j|\u2606anderproyt\n|j|\u2606alexisarbolero\n|t:|1701124816\n|gametype|singles\n|player|p1|anderproyt|rr-tyranitar|\n|player|p2|alexisarbolero|rr-espeon|\n|teamsize|p1|6\n|teamsize|p2|6\n|gen|9\n|tier|[Gen 9] Ubers\n|rule|Sleep Clause Mod: Limit one foe put to sleep\n|rule|Species Clause: Limit one of each Pok\u00e9mon\n|rule|OHKO Clause: OHKO moves are banned\n|rule|Evasion Abilities Clause: Evasion abilities are banned\n|rule|Evasion Items Clause: Evasion items are banned\n|rule|Evasion Moves Clause: Evasion moves are banned\n|rule|Endless Battle Clause: Forcing endless battles is banned\n|rule|HP Percentage Mod: HP is shown in percentages\n|rule|Dynamax Clause: You cannot dynamax\n|rule|Mega Rayquaza Clause: You cannot mega evolve Rayquaza\n|clearpoke\n|poke|p1|Infernape, F|\n|poke|p1|Pheromosa|\n|poke|p1|Poliwrath, F|\n|poke|p1|Medicham, F|\n|poke|p1|Kommo-o, F|\n|poke|p1|Blaziken, M|\n|poke|p2|Pelipper, M|\n|poke|p2|Gyarados, F|\n|poke|p2|Toxapex, M|\n|poke|p2|Milotic, M|\n|poke|p2|Rotom-Wash|\n|poke|p2|Azumarill, M|\n|teampreview\n|c|\u2606alexisarbolero|creo quee rotom se va\n|c|\u2606anderproyt|puede se\n|\n|t:|1701124847\n|start\n|switch|p1a: Pheromosa|Pheromosa|100\/100\n|switch|p2a: Pelipper|Pelipper, M|100\/100\n|-weather|RainDance|[from] ability: Drizzle|[of] p2a: Pelipper\n|turn|1\n|\n|t:|1701124856\n|move|p1a: Pheromosa|Quiver Dance|p1a: Pheromosa\n|-boost|p1a: Pheromosa|spa|1\n|-boost|p1a: Pheromosa|spd|1\n|-boost|p1a: Pheromosa|spe|1\n|move|p2a: Pelipper|Hurricane|p1a: Pheromosa\n|-supereffective|p1a: Pheromosa\n|-enditem|p1a: Pheromosa|Focus Sash\n|-damage|p1a: Pheromosa|1\/100\n|\n|-weather|RainDance|[upkeep]\n|upkeep\n|turn|2\n|\n|t:|1701124867\n|move|p1a: Pheromosa|Ice Beam|p2a: Pelipper\n|-damage|p2a: Pelipper|35\/100\n|move|p2a: Pelipper|U-turn|p1a: Pheromosa\n|-resisted|p1a: Pheromosa\n|-damage|p1a: Pheromosa|0 fnt\n|faint|p1a: Pheromosa\n|\n|t:|1701124876\n|switch|p2a: Azumarill|Azumarill, M|100\/100|[from] U-turn\n|\n|-weather|RainDance|[upkeep]\n|upkeep\n|c|\u2606anderproyt|ya cumplio \n|\n|t:|1701124885\n|switch|p1a: Poliwrath|Poliwrath, F|100\/100\n|turn|3\n|\n|t:|1701124897\n|-zpower|p1a: Poliwrath\n|move|p1a: Poliwrath|Z-Hypnosis|p2a: Azumarill|[anim]Hypnosis\n|-boost|p1a: Poliwrath|spe|1|[zeffect]\n|-status|p2a: Azumarill|slp|[from] move: Hypnosis\n|cant|p2a: Azumarill|slp\n|\n|-weather|RainDance|[upkeep]\n|upkeep\n|turn|4\n|\n|t:|1701124907\n|switch|p2a: Toxapex|Toxapex, M|100\/100\n|move|p1a: Poliwrath|Belly Drum|p1a: Poliwrath\n|-damage|p1a: Poliwrath|51\/100\n|-setboost|p1a: Poliwrath|atk|6|[from] move: Belly Drum\n|\n|-weather|RainDance|[upkeep]\n|upkeep\n|turn|5\n|c|\u2606anderproyt|ahora si\n|\n|t:|1701124915\n|move|p1a: Poliwrath|Surging Strikes|p2a: Toxapex\n|-resisted|p2a: Toxapex\n|-crit|p2a: Toxapex\n|-damage|p2a: Toxapex|66\/100\n|-resisted|p2a: Toxapex\n|-crit|p2a: Toxapex\n|-damage|p2a: Toxapex|32\/100\n|-resisted|p2a: Toxapex\n|-crit|p2a: Toxapex\n|-damage|p2a: Toxapex|0 fnt\n|faint|p2a: Toxapex\n|-hitcount|p2: Toxapex|3\n|\n|-weather|RainDance|[upkeep]\n|upkeep\n|c|\u2606anderproyt|la lluvia xd\n|\n|t:|1701124928\n|switch|p2a: Rotom|Rotom-Wash|100\/100\n|turn|6\n|\n|t:|1701124932\n|move|p1a: Poliwrath|Drain Punch|p2a: Rotom\n|-damage|p2a: Rotom|2\/100\n|-heal|p1a: Poliwrath|92\/100|[from] drain|[of] p2a: Rotom\n|move|p2a: Rotom|Volt Switch|p1a: Poliwrath\n|-supereffective|p1a: Poliwrath\n|-damage|p1a: Poliwrath|38\/100\n|\n|t:|1701124942\n|switch|p2a: Gyarados|Gyarados, F, shiny|100\/100|[from] Volt Switch\n|-ability|p2a: Gyarados|Intimidate|boost\n|-unboost|p1a: Poliwrath|atk|1\n|\n|-weather|RainDance|[upkeep]\n|upkeep\n|turn|7\n|c|\u2606anderproyt|waos auganto con 2%\n|\n|t:|1701124953\n|detailschange|p2a: Gyarados|Gyarados-Mega, F, shiny\n|-mega|p2a: Gyarados|Gyarados|Gyaradosite\n|-ability|p2a: Gyarados|Mold Breaker\n|move|p1a: Poliwrath|Surging Strikes|p2a: Gyarados\n|-resisted|p2a: Gyarados\n|-crit|p2a: Gyarados\n|-damage|p2a: Gyarados|70\/100\n|-resisted|p2a: Gyarados\n|-crit|p2a: Gyarados\n|-damage|p2a: Gyarados|36\/100\n|-resisted|p2a: Gyarados\n|-crit|p2a: Gyarados\n|-damage|p2a: Gyarados|3\/100\n|-hitcount|p2a: Gyarados|3\n|move|p2a: Gyarados|Dragon Tail|p1a: Poliwrath\n|-damage|p1a: Poliwrath|15\/100\n|drag|p1a: Medicham|Medicham, F|100\/100\n|\n|-weather|RainDance|[upkeep]\n|upkeep\n|turn|8\n|\n|t:|1701124972\n|switch|p1a: Poliwrath|Poliwrath, F|15\/100\n|move|p2a: Gyarados|Dragon Dance|p2a: Gyarados\n|-boost|p2a: Gyarados|atk|1\n|-boost|p2a: Gyarados|spe|1\n|\n|-weather|none\n|upkeep\n|turn|9\n|c|\u2606anderproyt|a\n|\n|t:|1701124983\n|move|p1a: Poliwrath|Drain Punch|p2a: Gyarados\n|-supereffective|p2a: Gyarados\n|-damage|p2a: Gyarados|0 fnt\n|-heal|p1a: Poliwrath|16\/100|[from] drain|[of] p2a: Gyarados\n|faint|p2a: Gyarados\n|\n|upkeep\n|c|\u2606anderproyt|xd\n|c|\u2606alexisarbolero|a\n|\n|t:|1701124992\n|switch|p2a: Pelipper|Pelipper, M|35\/100\n|-weather|RainDance|[from] ability: Drizzle|[of] p2a: Pelipper\n|turn|10\n|\n|t:|1701124998\n|move|p1a: Poliwrath|Surging Strikes|p2a: Pelipper\n|-resisted|p2a: Pelipper\n|-crit|p2a: Pelipper\n|-damage|p2a: Pelipper|26\/100\n|-resisted|p2a: Pelipper\n|-crit|p2a: Pelipper\n|-damage|p2a: Pelipper|17\/100\n|-resisted|p2a: Pelipper\n|-crit|p2a: Pelipper\n|-damage|p2a: Pelipper|8\/100\n|-hitcount|p2a: Pelipper|3\n|move|p2a: Pelipper|U-turn|p1a: Poliwrath\n|-resisted|p1a: Poliwrath\n|-damage|p1a: Poliwrath|12\/100\n|c|\u2606anderproyt|q riko pega el poliwhrat xd\n|c|\u2606alexisarbolero|luego pasa set build\n|\n|t:|1701125029\n|switch|p2a: Milotic|Milotic, M, shiny|100\/100|[from] U-turn\n|\n|-weather|RainDance|[upkeep]\n|upkeep\n|turn|11\n|c|\u2606anderproyt|oks\n|\n|t:|1701125038\n|move|p1a: Poliwrath|Drain Punch|p2a: Milotic\n|-damage|p2a: Milotic|82\/100\n|-heal|p1a: Poliwrath|22\/100|[from] drain|[of] p2a: Milotic\n|move|p2a: Milotic|Toxic|p1a: Poliwrath\n|-status|p1a: Poliwrath|tox\n|\n|-weather|RainDance|[upkeep]\n|-heal|p2a: Milotic|88\/100|[from] item: Leftovers\n|-damage|p1a: Poliwrath|16\/100 tox|[from] psn\n|upkeep\n|turn|12\n|\n|t:|1701125048\n|move|p1a: Poliwrath|Surging Strikes|p2a: Milotic\n|-resisted|p2a: Milotic\n|-crit|p2a: Milotic\n|-damage|p2a: Milotic|81\/100\n|-resisted|p2a: Milotic\n|-crit|p2a: Milotic\n|-damage|p2a: Milotic|74\/100\n|-resisted|p2a: Milotic\n|-crit|p2a: Milotic\n|-damage|p2a: Milotic|66\/100\n|-hitcount|p2a: Milotic|3\n|move|p2a: Milotic|Hydro Pump|p1a: Poliwrath\n|-resisted|p1a: Poliwrath\n|-damage|p1a: Poliwrath|0 fnt\n|faint|p1a: Poliwrath\n|\n|-weather|RainDance|[upkeep]\n|-heal|p2a: Milotic|72\/100|[from] item: Leftovers\n|upkeep\n|\n|t:|1701125062\n|switch|p1a: Medicham|Medicham, F|100\/100\n|turn|13\n|\n|t:|1701125069\n|detailschange|p1a: Medicham|Medicham-Mega, F\n|-mega|p1a: Medicham|Medicham|Medichamite\n|move|p1a: Medicham|Trailblaze|p2a: Milotic\n|-supereffective|p2a: Milotic\n|-damage|p2a: Milotic|32\/100\n|-boost|p1a: Medicham|spe|1\n|move|p2a: Milotic|Toxic|p1a: Medicham|[miss]\n|-miss|p2a: Milotic|p1a: Medicham\n|\n|-weather|RainDance|[upkeep]\n|-heal|p2a: Milotic|38\/100|[from] item: Leftovers\n|upkeep\n|turn|14\n|\n|t:|1701125081\n|move|p1a: Medicham|Trailblaze|p2a: Milotic\n|-supereffective|p2a: Milotic\n|-damage|p2a: Milotic|0 fnt\n|-boost|p1a: Medicham|spe|1\n|faint|p2a: Milotic\n|\n|-weather|RainDance|[upkeep]\n|upkeep\n|c|\u2606anderproyt|bueno medichamp mega a +2 de speed xd\n|c|\u2606alexisarbolero|me rindo xd\n|\n|t:|1701125112\n|switch|p2a: Azumarill|Azumarill, M|100\/100 slp\n|turn|15\n|\n|t:|1701125116\n|move|p1a: Medicham|Bulk Up|p1a: Medicham\n|-boost|p1a: Medicham|atk|1\n|-boost|p1a: Medicham|def|1\n|-curestatus|p2a: Azumarill|slp|[msg]\n|move|p2a: Azumarill|Belly Drum|p2a: Azumarill\n|-damage|p2a: Azumarill|50\/100\n|-setboost|p2a: Azumarill|atk|6|[from] move: Belly Drum\n|\n|-weather|RainDance|[upkeep]\n|-heal|p2a: Azumarill|57\/100|[from] item: Leftovers\n|upkeep\n|turn|16\n|\n|t:|1701125128\n|move|p2a: Azumarill|Aqua Jet|p1a: Medicham\n|-damage|p1a: Medicham|0 fnt\n|faint|p1a: Medicham\n|\n|-weather|RainDance|[upkeep]\n|-heal|p2a: Azumarill|63\/100|[from] item: Leftovers\n|upkeep\n|\n|t:|1701125141\n|switch|p1a: Kommo-o|Kommo-o, F|100\/100\n|turn|17\n|c|\u2606alexisarbolero|ojo\n|\n|t:|1701125147\n|move|p1a: Kommo-o|Poison Jab|p2a: Azumarill\n|-supereffective|p2a: Azumarill\n|-damage|p2a: Azumarill|12\/100\n|-status|p2a: Azumarill|psn\n|move|p2a: Azumarill|Play Rough|p1a: Kommo-o\n|-supereffective|p1a: Kommo-o\n|-damage|p1a: Kommo-o|0 fnt\n|faint|p1a: Kommo-o\n|\n|-weather|none\n|-heal|p2a: Azumarill|19\/100 psn|[from] item: Leftovers\n|-damage|p2a: Azumarill|6\/100 psn|[from] psn\n|upkeep\n|c|\u2606anderproyt|tiene posonium Z\n|c|\u2606anderproyt|peroo no deja usarlo \n|\n|t:|1701125163\n|switch|p1a: Infernape|Infernape, F|100\/100\n|turn|18\n|\n|t:|1701125180\n|move|p2a: Azumarill|Aqua Jet|p1a: Infernape\n|-supereffective|p1a: Infernape\n|-enditem|p1a: Infernape|Focus Sash\n|-damage|p1a: Infernape|1\/100\n|move|p1a: Infernape|Stealth Rock|p2a: Azumarill\n|-sidestart|p2: alexisarbolero|move: Stealth Rock\n|\n|-heal|p2a: Azumarill|12\/100 psn|[from] item: Leftovers\n|-damage|p2a: Azumarill|0 fnt|[from] psn\n|faint|p2a: Azumarill\n|upkeep\n|c|\u2606alexisarbolero|ya usaste un move z\n|c|\u2606anderproyt|no\n|\n|t:|1701125202\n|switch|p2a: Pelipper|Pelipper, M|8\/100\n|-damage|p2a: Pelipper|0 fnt|[from] Stealth Rock\n|faint|p2a: Pelipper\n|c|\u2606anderproyt|a verdad\n|c|\u2606anderproyt|debo ponerle tonces otra cosa\n|\n|t:|1701125227\n|switch|p2a: Rotom|Rotom-Wash|2\/100\n|-damage|p2a: Rotom|0 fnt|[from] Stealth Rock\n|faint|p2a: Rotom\n|\n|win|anderproyt\n|l|\u2606alexisarbolero\n|c|\u2606anderproyt|xd\n","uploadtime":1701125248,"views":13,"p1id":"anderproyt","p2id":"alexisarbolero","formatid":"gen9ubers","rating":0,"private":0,"password":""}