{"id":"radicalred-gen9ubers-548401","p1":"PercWatchM4iko","p2":"Pengwoo","format":"[Gen 9] Ubers","log":"|j|\u2606PercWatchM4iko\n|j|\u2606Pengwoo\n|t:|1700336851\n|gametype|singles\n|player|p1|PercWatchM4iko|1|\n|player|p2|Pengwoo|rr-houndoommega|\n|teamsize|p1|6\n|teamsize|p2|6\n|gen|9\n|tier|[Gen 9] Ubers\n|rule|Sleep Clause Mod: Limit one foe put to sleep\n|rule|Species Clause: Limit one of each Pok\u00e9mon\n|rule|OHKO Clause: OHKO moves are banned\n|rule|Evasion Abilities Clause: Evasion abilities are banned\n|rule|Evasion Items Clause: Evasion items are banned\n|rule|Evasion Moves Clause: Evasion moves are banned\n|rule|Endless Battle Clause: Forcing endless battles is banned\n|rule|HP Percentage Mod: HP is shown in percentages\n|rule|Dynamax Clause: You cannot dynamax\n|rule|Mega Rayquaza Clause: You cannot mega evolve Rayquaza\n|clearpoke\n|poke|p1|Blaziken, M|\n|poke|p1|Jellicent, M|\n|poke|p1|Dodrio, F|\n|poke|p1|Toxtricity, M|\n|poke|p1|Ferrothorn, F|\n|poke|p1|Silvally-*|\n|poke|p2|Iron Jugulis|\n|poke|p2|Milotic-Sevii, F|\n|poke|p2|Metagross|\n|poke|p2|Sceptile, F|\n|poke|p2|Magmortar, M|\n|poke|p2|Beartic, F|\n|teampreview\n|c|\u2606PercWatchM4iko|glhf\n|c|\u2606Pengwoo|u2\n|c|\u2606Pengwoo|i cant wait for this losers bracket\n|\n|t:|1700336905\n|start\n|switch|p1a: Toxtricity|Toxtricity, M|100\/100\n|switch|p2a: Pieck|Magmortar, M|100\/100\n|turn|1\n|\n|t:|1700336927\n|switch|p2a: Eren Jaeger|Milotic-Sevii, F|100\/100\n|detailschange|p1a: Toxtricity|Toxtricity-Mega, M\n|-mega|p1a: Toxtricity|Toxtricity|Toxtricitite\n|move|p1a: Toxtricity|Boomburst|p2a: Eren Jaeger\n|-damage|p2a: Eren Jaeger|52\/100\n|\n|-status|p2a: Eren Jaeger|brn|[from] item: Flame Orb\n|upkeep\n|turn|2\n|\n|t:|1700336937\n|switch|p1a: Ferrothorn|Ferrothorn, F|100\/100\n|move|p2a: Eren Jaeger|Shore Up|p2a: Eren Jaeger\n|-heal|p2a: Eren Jaeger|100\/100 brn\n|\n|-damage|p2a: Eren Jaeger|94\/100 brn|[from] brn\n|upkeep\n|turn|3\n|\n|t:|1700336943\n|switch|p2a: Pieck|Magmortar, M|100\/100\n|move|p1a: Ferrothorn|Stealth Rock|p2a: Pieck\n|-sidestart|p2: Pengwoo|move: Stealth Rock\n|\n|upkeep\n|turn|4\n|\n|t:|1700336960\n|switch|p1a: Silvally|Silvally-Water|100\/100\n|move|p2a: Pieck|Magma Storm|p1a: Silvally\n|-resisted|p1a: Silvally\n|-damage|p1a: Silvally|67\/100\n|-activate|p1a: Silvally|move: Magma Storm|[of] p2a: Pieck\n|\n|-heal|p1a: Silvally|73\/100|[from] item: Leftovers\n|-damage|p1a: Silvally|61\/100|[from] move: Magma Storm|[partiallytrapped]\n|upkeep\n|turn|5\n|\n|t:|1700336981\n|switch|p2a: Warhammer Titan|Sceptile, F|100\/100\n|-damage|p2a: Warhammer Titan|88\/100|[from] Stealth Rock\n|move|p1a: Silvally|U-turn|p2a: Warhammer Titan\n|-supereffective|p2a: Warhammer Titan\n|-damage|p2a: Warhammer Titan|31\/100\n|\n|t:|1700336988\n|switch|p1a: Dodrio|Dodrio, F|100\/100|[from] U-turn\n|\n|upkeep\n|turn|6\n|\n|t:|1700337007\n|detailschange|p2a: Warhammer Titan|Sceptile-Mega, F\n|-mega|p2a: Warhammer Titan|Sceptile|Sceptilite\n|move|p1a: Dodrio|U-turn|p2a: Warhammer Titan\n|-supereffective|p2a: Warhammer Titan\n|-damage|p2a: Warhammer Titan|0 fnt\n|faint|p2a: Warhammer Titan\n|j| Fuwawa Baubaugard!\n|\n|t:|1700337022\n|switch|p1a: Silvally|Silvally-Water|61\/100|[from] U-turn\n|\n|-heal|p1a: Silvally|67\/100|[from] item: Leftovers\n|upkeep\n|\n|t:|1700337075\n|switch|p2a: Pieck|Magmortar, M|100\/100\n|-damage|p2a: Pieck|76\/100|[from] Stealth Rock\n|turn|7\n|\n|t:|1700337080\n|switch|p1a: Blaziken|Blaziken, M|100\/100\n|move|p2a: Pieck|Thunderbolt|p1a: Blaziken\n|-damage|p1a: Blaziken|29\/100\n|\n|upkeep\n|turn|8\n|\n|t:|1700337086\n|move|p1a: Blaziken|Protect|p1a: Blaziken\n|-singleturn|p1a: Blaziken|Protect\n|move|p2a: Pieck|Thunderbolt|p1a: Blaziken\n|-activate|p1a: Blaziken|move: Protect\n|\n|-ability|p1a: Blaziken|Speed Boost|boost\n|-boost|p1a: Blaziken|spe|1\n|upkeep\n|turn|9\n|\n|t:|1700337095\n|switch|p2a: Eren Jaeger|Milotic-Sevii, F|94\/100 brn\n|-damage|p2a: Eren Jaeger|88\/100 brn|[from] Stealth Rock\n|move|p1a: Blaziken|Swords Dance|p1a: Blaziken\n|-boost|p1a: Blaziken|atk|2\n|\n|-damage|p2a: Eren Jaeger|82\/100 brn|[from] brn\n|-ability|p1a: Blaziken|Speed Boost|boost\n|-boost|p1a: Blaziken|spe|1\n|upkeep\n|turn|10\n|\n|t:|1700337100\n|move|p1a: Blaziken|Blaze Kick|p2a: Eren Jaeger\n|-damage|p2a: Eren Jaeger|34\/100 brn\n|move|p2a: Eren Jaeger|Flip Turn|p1a: Blaziken\n|-supereffective|p1a: Blaziken\n|-damage|p1a: Blaziken|15\/100\n|-enditem|p1a: Blaziken|Weakness Policy\n|-boost|p1a: Blaziken|atk|2|[from] item: Weakness Policy\n|-boost|p1a: Blaziken|spa|2|[from] item: Weakness Policy\n|\n|t:|1700337103\n|switch|p2a: Attack Titan|Metagross|100\/100|[from] Flip Turn\n|-damage|p2a: Attack Titan|95\/100|[from] Stealth Rock\n|\n|-ability|p1a: Blaziken|Speed Boost|boost\n|-boost|p1a: Blaziken|spe|1\n|-enditem|p2a: Attack Titan|Mirror Herb\n|-boost|p2a: Attack Titan|spe|1|[from] item: Mirror Herb\n|upkeep\n|turn|11\n|\n|t:|1700337116\n|move|p1a: Blaziken|Protect|p1a: Blaziken\n|-singleturn|p1a: Blaziken|Protect\n|move|p2a: Attack Titan|Earthquake|p1a: Blaziken\n|-activate|p1a: Blaziken|move: Protect\n|\n|-ability|p1a: Blaziken|Speed Boost|boost\n|-boost|p1a: Blaziken|spe|1\n|upkeep\n|turn|12\n|\n|t:|1700337118\n|move|p1a: Blaziken|Blaze Kick|p2a: Attack Titan\n|-supereffective|p2a: Attack Titan\n|-crit|p2a: Attack Titan\n|-damage|p2a: Attack Titan|0 fnt\n|faint|p2a: Attack Titan\n|\n|-ability|p1a: Blaziken|Speed Boost|boost\n|-boost|p1a: Blaziken|spe|1\n|upkeep\n|\n|t:|1700337120\n|switch|p2a: Falco|Iron Jugulis|100\/100\n|-damage|p2a: Falco|76\/100|[from] Stealth Rock\n|-enditem|p2a: Falco|Booster Energy\n|-activate|p2a: Falco|ability: Quark Drive|[fromitem]\n|-start|p2a: Falco|quarkdrivespe\n|turn|13\n|\n|t:|1700337121\n|move|p1a: Blaziken|Blaze Kick|p2a: Falco\n|-damage|p2a: Falco|0 fnt\n|faint|p2a: Falco\n|-end|p2a: Falco|Quark Drive|[silent]\n|\n|-ability|p1a: Blaziken|Speed Boost|boost\n|-boost|p1a: Blaziken|spe|1\n|upkeep\n|\n|t:|1700337126\n|switch|p2a: Pieck|Magmortar, M|76\/100\n|-damage|p2a: Pieck|51\/100|[from] Stealth Rock\n|turn|14\n|\n|t:|1700337129\n|move|p1a: Blaziken|Close Combat|p2a: Pieck\n|-damage|p2a: Pieck|0 fnt\n|-unboost|p1a: Blaziken|def|1\n|-unboost|p1a: Blaziken|spd|1\n|faint|p2a: Pieck\n|\n|upkeep\n|\n|t:|1700337131\n|switch|p2a: Eren Jaeger|Milotic-Sevii, F|34\/100 brn\n|-damage|p2a: Eren Jaeger|28\/100 brn|[from] Stealth Rock\n|turn|15\n|c| Fuwawa Baubaugard!|gg\n|c|\u2606Pengwoo|gg\n|c|\u2606PercWatchM4iko|gg\n|\n|t:|1700337138\n|move|p1a: Blaziken|Blaze Kick|p2a: Eren Jaeger\n|-damage|p2a: Eren Jaeger|0 fnt\n|faint|p2a: Eren Jaeger\n|\n|upkeep\n|\n|t:|1700337141\n|switch|p2a: Beast Titan|Beartic, F|100\/100\n|-damage|p2a: Beast Titan|88\/100|[from] Stealth Rock\n|turn|16\n|\n|t:|1700337145\n|move|p1a: Blaziken|Blaze Kick|p2a: Beast Titan\n|-supereffective|p2a: Beast Titan\n|-damage|p2a: Beast Titan|0 fnt\n|faint|p2a: Beast Titan\n|\n|win|PercWatchM4iko\n","uploadtime":1700337148,"views":17,"p1id":"percwatchm4iko","p2id":"pengwoo","formatid":"gen9ubers","rating":0,"private":0,"password":""}