{"id":"radicalred-gen9ubers-548086","p1":"ivancuervo2007","p2":"nose xd123","format":"[Gen 9] Ubers","log":"|j|\u2606ivancuervo2007\n|j|\u2606nose xd123\n|t:|1700256251\n|gametype|singles\n|player|p1|ivancuervo2007|rr-dragonite|\n|player|p2|nose xd123|rr-charizardmegax|\n|teamsize|p1|6\n|teamsize|p2|6\n|gen|9\n|tier|[Gen 9] Ubers\n|rule|Sleep Clause Mod: Limit one foe put to sleep\n|rule|Species Clause: Limit one of each Pok\u00e9mon\n|rule|OHKO Clause: OHKO moves are banned\n|rule|Evasion Abilities Clause: Evasion abilities are banned\n|rule|Evasion Items Clause: Evasion items are banned\n|rule|Evasion Moves Clause: Evasion moves are banned\n|rule|Endless Battle Clause: Forcing endless battles is banned\n|rule|HP Percentage Mod: HP is shown in percentages\n|rule|Dynamax Clause: You cannot dynamax\n|rule|Mega Rayquaza Clause: You cannot mega evolve Rayquaza\n|clearpoke\n|poke|p1|Salamence, M|\n|poke|p1|Greninja-*, M|\n|poke|p1|Dragapult, F|\n|poke|p1|Donphan, M|\n|poke|p1|Aegislash, M|\n|poke|p1|Sylveon, M|\n|poke|p2|Greninja-*, M|\n|poke|p2|Mandibuzz, F|\n|poke|p2|Gengar, M|\n|poke|p2|Grimmsnarl, M|\n|poke|p2|Toxapex, F|\n|poke|p2|Kingambit, M|\n|teampreview\n|\n|t:|1700256263\n|start\n|switch|p1a: Donphan|Donphan, M|100\/100\n|switch|p2a: Gengar|Gengar, M|100\/100\n|turn|1\n|\n|t:|1700256269\n|switch|p2a: Mandibuzz|Mandibuzz, F|100\/100\n|move|p1a: Donphan|Bonemerang|p2a: Mandibuzz\n|-immune|p2a: Mandibuzz\n|\n|upkeep\n|turn|2\n|\n|t:|1700256273\n|move|p2a: Mandibuzz|U-turn|p1a: Donphan\n|-damage|p1a: Donphan|91\/100\n|-damage|p2a: Mandibuzz|84\/100|[from] item: Rocky Helmet|[of] p1a: Donphan\n|\n|t:|1700256275\n|switch|p2a: Grimmsnarl|Grimmsnarl, M|100\/100|[from] U-turn\n|move|p1a: Donphan|Ice Spinner|p2a: Grimmsnarl\n|-damage|p2a: Grimmsnarl|72\/100\n|\n|upkeep\n|turn|3\n|\n|t:|1700256279\n|move|p2a: Grimmsnarl|Reflect|p2a: Grimmsnarl\n|-sidestart|p2: nose xd123|Reflect\n|move|p1a: Donphan|Stealth Rock|p2a: Grimmsnarl\n|-sidestart|p2: nose xd123|move: Stealth Rock\n|\n|upkeep\n|turn|4\n|\n|t:|1700256283\n|move|p2a: Grimmsnarl|Parting Shot|p1a: Donphan\n|-unboost|p1a: Donphan|atk|1\n|-unboost|p1a: Donphan|spa|1\n|\n|t:|1700256286\n|switch|p2a: Mandibuzz|Mandibuzz, F|84\/100|[from] Parting Shot\n|move|p1a: Donphan|Ice Spinner|p2a: Mandibuzz\n|-supereffective|p2a: Mandibuzz\n|-damage|p2a: Mandibuzz|69\/100\n|\n|upkeep\n|turn|5\n|\n|t:|1700256292\n|switch|p1a: Greninja|Greninja, M|100\/100\n|move|p2a: Mandibuzz|Defog|p1a: Greninja\n|-unboost|p1a: Greninja|evasion|1\n|-sideend|p2: nose xd123|Stealth Rock|[from] move: Defog|[of] p2a: Mandibuzz\n|\n|upkeep\n|turn|6\n|\n|t:|1700256295\n|move|p1a: Greninja|Ice Beam|p2a: Mandibuzz\n|-supereffective|p2a: Mandibuzz\n|-damage|p2a: Mandibuzz|33\/100\n|move|p2a: Mandibuzz|Roost|p2a: Mandibuzz\n|-heal|p2a: Mandibuzz|83\/100\n|-singleturn|p2a: Mandibuzz|move: Roost\n|\n|upkeep\n|turn|7\n|\n|t:|1700256306\n|move|p1a: Greninja|Ice Beam|p2a: Mandibuzz\n|-supereffective|p2a: Mandibuzz\n|-damage|p2a: Mandibuzz|47\/100\n|move|p2a: Mandibuzz|U-turn|p1a: Greninja\n|-supereffective|p1a: Greninja\n|-damage|p1a: Greninja|63\/100\n|\n|t:|1700256311\n|switch|p2a: Grimmsnarl|Grimmsnarl, M|72\/100|[from] U-turn\n|\n|upkeep\n|turn|8\n|\n|t:|1700256319\n|move|p2a: Grimmsnarl|Light Screen|p2a: Grimmsnarl\n|-sidestart|p2: nose xd123|move: Light Screen\n|move|p1a: Greninja|Surf|p2a: Grimmsnarl\n|-damage|p2a: Grimmsnarl|54\/100\n|\n|upkeep\n|turn|9\n|\n|t:|1700256331\n|switch|p1a: Jet|Dragapult, F|100\/100\n|switch|p2a: Mandibuzz|Mandibuzz, F|47\/100\n|\n|upkeep\n|turn|10\n|\n|t:|1700256334\n|move|p1a: Jet|Dragon Darts|p2a: Mandibuzz\n|-damage|p2a: Mandibuzz|23\/100\n|-anim|p1a: Jet|Dragon Darts|p2a: Mandibuzz\n|-damage|p2a: Mandibuzz|0 fnt\n|faint|p2a: Mandibuzz\n|-damage|p1a: Jet|91\/100|[from] item: Life Orb\n|\n|-sideend|p2: nose xd123|Reflect\n|upkeep\n|\n|t:|1700256348\n|switch|p2a: Gengar|Gengar, M|100\/100\n|turn|11\n|\n|t:|1700256369\n|detailschange|p2a: Gengar|Gengar-Mega, M\n|-mega|p2a: Gengar|Gengar|Gengarite\n|move|p1a: Jet|Spirit Shackle|p2a: Gengar\n|-supereffective|p2a: Gengar\n|-damage|p2a: Gengar|0 fnt\n|faint|p2a: Gengar\n|-damage|p1a: Jet|81\/100|[from] item: Life Orb\n|\n|upkeep\n|\n|t:|1700256385\n|switch|p2a: Grimmsnarl|Grimmsnarl, M|54\/100\n|turn|12\n|\n|t:|1700256389\n|move|p2a: Grimmsnarl|Reflect|p2a: Grimmsnarl\n|-sidestart|p2: nose xd123|Reflect\n|move|p1a: Jet|U-turn|p2a: Grimmsnarl\n|-damage|p2a: Grimmsnarl|25\/100\n|-damage|p1a: Jet|71\/100|[from] item: Life Orb\n|\n|t:|1700256395\n|switch|p1a: Greninja|Greninja, M|63\/100|[from] U-turn\n|\n|upkeep\n|turn|13\n|\n|t:|1700256399\n|switch|p2a: Toxapex|Toxapex, F|100\/100\n|move|p1a: Greninja|Surf|p2a: Toxapex\n|-resisted|p2a: Toxapex\n|-damage|p2a: Toxapex|92\/100\n|\n|-heal|p2a: Toxapex|98\/100|[from] item: Black Sludge\n|upkeep\n|turn|14\n|\n|t:|1700256411\n|switch|p1a: Neimi|Sylveon, M|100\/100\n|move|p2a: Toxapex|Knock Off|p1a: Neimi\n|-resisted|p1a: Neimi\n|-damage|p1a: Neimi|93\/100\n|\n|-heal|p2a: Toxapex|100\/100|[from] item: Black Sludge\n|upkeep\n|turn|15\n|\n|t:|1700256417\n|-zpower|p1a: Neimi\n|move|p1a: Neimi|Extreme Evoboost|p1a: Neimi\n|-boost|p1a: Neimi|atk|2\n|-boost|p1a: Neimi|spa|2\n|-boost|p1a: Neimi|spe|2\n|move|p2a: Toxapex|Scald|p1a: Neimi\n|-damage|p1a: Neimi|81\/100\n|-status|p1a: Neimi|brn\n|\n|-damage|p1a: Neimi|75\/100 brn|[from] brn\n|-sideend|p2: nose xd123|move: Light Screen\n|upkeep\n|turn|16\n|\n|t:|1700256420\n|move|p2a: Toxapex|Baneful Bunker|p2a: Toxapex\n|-singleturn|p2a: Toxapex|move: Protect\n|move|p1a: Neimi|Stored Power|p2a: Toxapex\n|-activate|p2a: Toxapex|move: Protect\n|\n|-damage|p1a: Neimi|69\/100 brn|[from] brn\n|upkeep\n|turn|17\n|\n|t:|1700256424\n|switch|p2a: Greninja|Greninja, M|100\/100\n|move|p1a: Neimi|Stored Power|p2a: Greninja\n|-immune|p2a: Greninja\n|\n|-damage|p1a: Neimi|63\/100 brn|[from] brn\n|upkeep\n|turn|18\n|\n|t:|1700256429\n|move|p2a: Greninja|Water Shuriken|p1a: Neimi\n|-damage|p1a: Neimi|57\/100 brn\n|-damage|p1a: Neimi|52\/100 brn\n|-damage|p1a: Neimi|46\/100 brn\n|-hitcount|p1a: Neimi|3\n|move|p1a: Neimi|Hyper Voice|p2a: Greninja\n|-supereffective|p2a: Greninja\n|-enditem|p2a: Greninja|Focus Sash\n|-damage|p2a: Greninja|1\/100\n|\n|-damage|p1a: Neimi|40\/100 brn|[from] brn\n|upkeep\n|turn|19\n|\n|t:|1700256441\n|switch|p2a: Toxapex|Toxapex, F|100\/100\n|move|p1a: Neimi|Hyper Voice|p2a: Toxapex\n|-resisted|p2a: Toxapex\n|-damage|p2a: Toxapex|55\/100\n|\n|-heal|p2a: Toxapex|62\/100|[from] item: Black Sludge\n|-damage|p1a: Neimi|34\/100 brn|[from] brn\n|-sideend|p2: nose xd123|Reflect\n|upkeep\n|turn|20\n|\n|t:|1700256448\n|move|p2a: Toxapex|Baneful Bunker|p2a: Toxapex\n|-singleturn|p2a: Toxapex|move: Protect\n|move|p1a: Neimi|Mystical Fire|p2a: Toxapex\n|-activate|p2a: Toxapex|move: Protect\n|\n|-heal|p2a: Toxapex|68\/100|[from] item: Black Sludge\n|-damage|p1a: Neimi|28\/100 brn|[from] brn\n|upkeep\n|turn|21\n|\n|t:|1700256457\n|switch|p2a: Greninja|Greninja, M|1\/100\n|move|p1a: Neimi|Stored Power|p2a: Greninja\n|-immune|p2a: Greninja\n|\n|-damage|p1a: Neimi|22\/100 brn|[from] brn\n|upkeep\n|turn|22\n|\n|t:|1700256461\n|move|p2a: Greninja|Water Shuriken|p1a: Neimi\n|-damage|p1a: Neimi|16\/100 brn\n|-damage|p1a: Neimi|10\/100 brn\n|-damage|p1a: Neimi|5\/100 brn\n|-damage|p1a: Neimi|0 fnt\n|faint|p1a: Neimi\n|-activate|p2a: Greninja|ability: Battle Bond\n|detailschange|p2a: Greninja|Greninja-Ash, M\n|-hitcount|p1: Neimi|4\n|\n|upkeep\n|\n|t:|1700256470\n|switch|p1a: Greninja|Greninja, M|63\/100\n|turn|23\n|\n|t:|1700256474\n|switch|p2a: Toxapex|Toxapex, F|100\/100\n|move|p1a: Greninja|Water Shuriken|p2a: Toxapex\n|-resisted|p2a: Toxapex\n|-damage|p2a: Toxapex|98\/100\n|-resisted|p2a: Toxapex\n|-damage|p2a: Toxapex|95\/100\n|-resisted|p2a: Toxapex\n|-damage|p2a: Toxapex|92\/100\n|-resisted|p2a: Toxapex\n|-damage|p2a: Toxapex|89\/100\n|-resisted|p2a: Toxapex\n|-damage|p2a: Toxapex|86\/100\n|-hitcount|p2a: Toxapex|5\n|\n|-heal|p2a: Toxapex|93\/100|[from] item: Black Sludge\n|upkeep\n|turn|24\n|\n|t:|1700256485\n|switch|p1a: Salamander|Salamence, M|100\/100\n|-ability|p1a: Salamander|Intimidate|boost\n|-unboost|p2a: Toxapex|atk|1\n|move|p2a: Toxapex|Scald|p1a: Salamander\n|-resisted|p1a: Salamander\n|-damage|p1a: Salamander|91\/100\n|-status|p1a: Salamander|brn\n|\n|-heal|p2a: Toxapex|99\/100|[from] item: Black Sludge\n|-damage|p1a: Salamander|85\/100 brn|[from] brn\n|upkeep\n|turn|25\n|\n|t:|1700256494\n|detailschange|p1a: Salamander|Salamence-Mega, M\n|-mega|p1a: Salamander|Salamence|Salamencite\n|move|p1a: Salamander|Earthquake|p2a: Toxapex\n|-supereffective|p2a: Toxapex\n|-damage|p2a: Toxapex|76\/100\n|move|p2a: Toxapex|Knock Off|p1a: Salamander\n|-damage|p1a: Salamander|79\/100 brn\n|\n|-heal|p2a: Toxapex|82\/100|[from] item: Black Sludge\n|-damage|p1a: Salamander|73\/100 brn|[from] brn\n|upkeep\n|turn|26\n|c|\u2606ivancuervo2007|Que puto asco la quemadura otra vezzzz\n|c|\u2606nose xd123|XD\n|c|\u2606nose xd123|toxagod\n|\n|t:|1700256537\n|move|p2a: Toxapex|Baneful Bunker|p2a: Toxapex\n|-singleturn|p2a: Toxapex|move: Protect\n|move|p1a: Salamander|Earthquake|p2a: Toxapex\n|-activate|p2a: Toxapex|move: Protect\n|\n|-heal|p2a: Toxapex|89\/100|[from] item: Black Sludge\n|-damage|p1a: Salamander|67\/100 brn|[from] brn\n|upkeep\n|turn|27\n|\n|t:|1700256546\n|switch|p2a: Greninja|Greninja-Ash, M|1\/100\n|move|p1a: Salamander|Earthquake|p2a: Greninja\n|-damage|p2a: Greninja|0 fnt\n|faint|p2a: Greninja\n|\n|-damage|p1a: Salamander|61\/100 brn|[from] brn\n|upkeep\n|\n|t:|1700256550\n|switch|p2a: Grimmsnarl|Grimmsnarl, M|25\/100\n|turn|28\n|\n|t:|1700256556\n|move|p2a: Grimmsnarl|Reflect|p2a: Grimmsnarl\n|-sidestart|p2: nose xd123|Reflect\n|move|p1a: Salamander|Steel Wing|p2a: Grimmsnarl\n|-supereffective|p2a: Grimmsnarl\n|-damage|p2a: Grimmsnarl|12\/100\n|\n|-damage|p1a: Salamander|55\/100 brn|[from] brn\n|upkeep\n|turn|29\n|\n|t:|1700256561\n|switch|p1a: Donphan|Donphan, M|91\/100\n|move|p2a: Grimmsnarl|Parting Shot|p1a: Donphan\n|-unboost|p1a: Donphan|atk|1\n|-unboost|p1a: Donphan|spa|1\n|\n|t:|1700256567\n|switch|p2a: Toxapex|Toxapex, F|100\/100|[from] Parting Shot\n|\n|upkeep\n|turn|30\n|\n|t:|1700256571\n|switch|p1a: Jet|Dragapult, F|71\/100\n|move|p2a: Toxapex|Scald|p1a: Jet\n|-resisted|p1a: Jet\n|-damage|p1a: Jet|61\/100\n|\n|upkeep\n|turn|31\n|\n|t:|1700256584\n|move|p1a: Jet|Dragon Darts|p2a: Toxapex\n|-damage|p2a: Toxapex|80\/100\n|-anim|p1a: Jet|Dragon Darts|p2a: Toxapex\n|-damage|p2a: Toxapex|61\/100\n|-damage|p1a: Jet|51\/100|[from] item: Life Orb\n|move|p2a: Toxapex|Knock Off|p1a: Jet\n|-supereffective|p1a: Jet\n|-damage|p1a: Jet|13\/100\n|-enditem|p1a: Jet|Life Orb|[from] move: Knock Off|[of] p2a: Toxapex\n|\n|-heal|p2a: Toxapex|67\/100|[from] item: Black Sludge\n|upkeep\n|turn|32\n|\n|t:|1700256594\n|move|p1a: Jet|Spirit Shackle|p2a: Toxapex\n|-damage|p2a: Toxapex|44\/100\n|-activate|p2a: Toxapex|trapped\n|move|p2a: Toxapex|Scald|p1a: Jet\n|-resisted|p1a: Jet\n|-damage|p1a: Jet|3\/100\n|\n|-heal|p2a: Toxapex|50\/100|[from] item: Black Sludge\n|upkeep\n|turn|33\n|\n|t:|1700256600\n|move|p1a: Jet|Dragon Darts|p2a: Toxapex\n|-damage|p2a: Toxapex|36\/100\n|-anim|p1a: Jet|Dragon Darts|p2a: Toxapex\n|-damage|p2a: Toxapex|21\/100\n|move|p2a: Toxapex|Recover|p2a: Toxapex\n|-heal|p2a: Toxapex|71\/100\n|\n|-heal|p2a: Toxapex|77\/100|[from] item: Black Sludge\n|upkeep\n|turn|34\n|\n|t:|1700256604\n|move|p2a: Toxapex|Baneful Bunker|p2a: Toxapex\n|-singleturn|p2a: Toxapex|move: Protect\n|move|p1a: Jet|Dragon Darts|p2a: Toxapex\n|-activate|p2a: Toxapex|move: Protect\n|\n|-heal|p2a: Toxapex|83\/100|[from] item: Black Sludge\n|upkeep\n|turn|35\n|\n|t:|1700256617\n|move|p1a: Jet|Dragon Darts|p2a: Toxapex\n|-crit|p2a: Toxapex\n|-damage|p2a: Toxapex|62\/100\n|-anim|p1a: Jet|Dragon Darts|p2a: Toxapex\n|-damage|p2a: Toxapex|48\/100\n|move|p2a: Toxapex|Knock Off|p1a: Jet\n|-supereffective|p1a: Jet\n|-damage|p1a: Jet|0 fnt\n|faint|p1a: Jet\n|\n|-heal|p2a: Toxapex|54\/100|[from] item: Black Sludge\n|-sideend|p2: nose xd123|Reflect\n|upkeep\n|\n|t:|1700256635\n|switch|p1a: Donphan|Donphan, M|91\/100\n|turn|36\n|\n|t:|1700256638\n|move|p2a: Toxapex|Baneful Bunker|p2a: Toxapex\n|-singleturn|p2a: Toxapex|move: Protect\n|move|p1a: Donphan|Bonemerang|p2a: Toxapex\n|-activate|p2a: Toxapex|move: Protect\n|\n|-heal|p2a: Toxapex|60\/100|[from] item: Black Sludge\n|upkeep\n|turn|37\n|\n|t:|1700256648\n|move|p1a: Donphan|Bonemerang|p2a: Toxapex\n|-supereffective|p2a: Toxapex\n|-damage|p2a: Toxapex|26\/100\n|-supereffective|p2a: Toxapex\n|-damage|p2a: Toxapex|0 fnt\n|faint|p2a: Toxapex\n|-hitcount|p2: Toxapex|2\n|\n|upkeep\n|\n|t:|1700256651\n|switch|p2a: Grimmsnarl|Grimmsnarl, M|12\/100\n|turn|38\n|\n|t:|1700256658\n|move|p2a: Grimmsnarl|Reflect|p2a: Grimmsnarl\n|-sidestart|p2: nose xd123|Reflect\n|move|p1a: Donphan|Rapid Spin|p2a: Grimmsnarl\n|-damage|p2a: Grimmsnarl|3\/100\n|-boost|p1a: Donphan|spe|1\n|\n|upkeep\n|turn|39\n|\n|t:|1700256661\n|move|p2a: Grimmsnarl|Parting Shot|p1a: Donphan\n|-unboost|p1a: Donphan|atk|1\n|-unboost|p1a: Donphan|spa|1\n|\n|t:|1700256664\n|switch|p2a: Kingambit|Kingambit, M|100\/100|[from] Parting Shot\n|-activate|p2a: Kingambit|ability: Supreme Overlord\n|-start|p2a: Kingambit|fallen4|[silent]\n|move|p1a: Donphan|Rapid Spin|p2a: Kingambit\n|-resisted|p2a: Kingambit\n|-damage|p2a: Kingambit|98\/100\n|-boost|p1a: Donphan|spe|1\n|\n|-heal|p2a: Kingambit|100\/100|[from] item: Leftovers\n|upkeep\n|turn|40\n|\n|t:|1700256671\n|switch|p1a: Aegislash|Aegislash, M|100\/100\n|move|p2a: Kingambit|Swords Dance|p2a: Kingambit\n|-boost|p2a: Kingambit|atk|2\n|\n|upkeep\n|turn|41\n|\n|t:|1700256676\n|-formechange|p1a: Aegislash|Aegislash-Blade||[from] ability: Stance Change\n|move|p1a: Aegislash|Shadow Sneak|p2a: Kingambit\n|-resisted|p2a: Kingambit\n|-damage|p2a: Kingambit|96\/100\n|move|p2a: Kingambit|Kowtow Cleave|p1a: Aegislash\n|-supereffective|p1a: Aegislash\n|-damage|p1a: Aegislash|0 fnt\n|faint|p1a: Aegislash\n|\n|-heal|p2a: Kingambit|100\/100|[from] item: Leftovers\n|upkeep\n|\n|t:|1700256685\n|switch|p1a: Donphan|Donphan, M|91\/100\n|turn|42\n|\n|t:|1700256692\n|move|p2a: Kingambit|Kowtow Cleave|p1a: Donphan\n|-damage|p1a: Donphan|0 fnt\n|-damage|p2a: Kingambit|84\/100|[from] item: Rocky Helmet|[of] p1a: Donphan\n|faint|p1a: Donphan\n|\n|-heal|p2a: Kingambit|90\/100|[from] item: Leftovers\n|upkeep\n|\n|t:|1700256696\n|switch|p1a: Salamander|Salamence-Mega, M|55\/100 brn\n|turn|43\n|\n|t:|1700256699\n|move|p2a: Kingambit|Sucker Punch|p1a: Salamander\n|-damage|p1a: Salamander|0 fnt\n|faint|p1a: Salamander\n|\n|-heal|p2a: Kingambit|96\/100|[from] item: Leftovers\n|upkeep\n|\n|t:|1700256701\n|switch|p1a: Greninja|Greninja, M|63\/100\n|turn|44\n|\n|t:|1700256702\n|move|p1a: Greninja|Dark Pulse|p2a: Kingambit\n|-resisted|p2a: Kingambit\n|-damage|p2a: Kingambit|79\/100\n|move|p2a: Kingambit|Brick Break|p1a: Greninja\n|-supereffective|p1a: Greninja\n|-damage|p1a: Greninja|0 fnt\n|faint|p1a: Greninja\n|\n|win|nose xd123\n|l|\u2606ivancuervo2007\n|c|\u2606nose xd123|gg\n","uploadtime":1700256712,"views":25,"p1id":"ivancuervo2007","p2id":"nosexd123","formatid":"gen9ubers","rating":0,"private":0,"password":""}