{"id":"radicalred-gen9ubers-549282","p1":"oscar3ro","p2":"nose xd123","format":"[Gen 9] Ubers","log":"|j|\u2606oscar3ro\n|j|\u2606nose xd123\n|t:|1700534580\n|gametype|singles\n|player|p1|oscar3ro|rr-cinderace|\n|player|p2|nose xd123|rr-greninja|\n|teamsize|p1|6\n|teamsize|p2|6\n|gen|9\n|tier|[Gen 9] Ubers\n|rule|Sleep Clause Mod: Limit one foe put to sleep\n|rule|Species Clause: Limit one of each Pok\u00e9mon\n|rule|OHKO Clause: OHKO moves are banned\n|rule|Evasion Abilities Clause: Evasion abilities are banned\n|rule|Evasion Items Clause: Evasion items are banned\n|rule|Evasion Moves Clause: Evasion moves are banned\n|rule|Endless Battle Clause: Forcing endless battles is banned\n|rule|HP Percentage Mod: HP is shown in percentages\n|rule|Dynamax Clause: You cannot dynamax\n|rule|Mega Rayquaza Clause: You cannot mega evolve Rayquaza\n|clearpoke\n|poke|p1|Dodrio-Sevii, F|\n|poke|p1|Ribombee, F|\n|poke|p1|Kingambit, M|\n|poke|p1|Houndoom, M|\n|poke|p1|Starmie|\n|poke|p1|Shedinja|\n|poke|p2|Greninja-*, M|\n|poke|p2|Mandibuzz, F|\n|poke|p2|Grimmsnarl, M|\n|poke|p2|Weavile, M|\n|poke|p2|Toxapex, M|\n|poke|p2|Kingambit, M|\n|teampreview\n|c|\u2606oscar3ro|El jatios cambiandose el team cada 2 segundos\n|\n|t:|1700534613\n|start\n|switch|p1a: Houndoom|Houndoom, M|100\/100\n|switch|p2a: Grimmsnarl|Grimmsnarl, M|100\/100\n|turn|1\n|\n|t:|1700534619\n|detailschange|p1a: Houndoom|Houndoom-Mega, M\n|-mega|p1a: Houndoom|Houndoom|Houndoominite\n|move|p2a: Grimmsnarl|Light Screen|p2a: Grimmsnarl\n|-sidestart|p2: nose xd123|move: Light Screen\n|move|p1a: Houndoom|Sludge Bomb|p2a: Grimmsnarl\n|-supereffective|p2a: Grimmsnarl\n|-damage|p2a: Grimmsnarl|69\/100\n|-status|p2a: Grimmsnarl|psn\n|\n|-damage|p2a: Grimmsnarl|57\/100 psn|[from] psn\n|upkeep\n|turn|2\n|\n|t:|1700534629\n|switch|p2a: Mandibuzz|Mandibuzz, F|100\/100\n|move|p1a: Houndoom|Sludge Bomb|p2a: Mandibuzz\n|-damage|p2a: Mandibuzz|90\/100\n|\n|upkeep\n|turn|3\n|c|\u2606nose xd123|pussy ando probando weas xd\n|\n|t:|1700534646\n|move|p1a: Houndoom|Flamethrower|p2a: Mandibuzz\n|-damage|p2a: Mandibuzz|74\/100\n|move|p2a: Mandibuzz|U-turn|p1a: Houndoom\n|-damage|p1a: Houndoom|86\/100\n|\n|t:|1700534653\n|switch|p2a: Greninja|Greninja, M|100\/100|[from] U-turn\n|\n|upkeep\n|turn|4\n|\n|t:|1700534664\n|switch|p1a: Shedinja|Shedinja|100\/100\n|move|p2a: Greninja|Water Shuriken|p1a: Shedinja\n|-immune|p1a: Shedinja|[from] ability: Wonder Guard\n|\n|upkeep\n|turn|5\n|\n|t:|1700534667\n|move|p2a: Greninja|Dark Pulse|p1a: Shedinja\n|-supereffective|p1a: Shedinja\n|-enditem|p1a: Shedinja|Focus Sash\n|-damage|p1a: Shedinja|100\/100\n|move|p1a: Shedinja|X-Scissor|p2a: Greninja\n|-supereffective|p2a: Greninja\n|-enditem|p2a: Greninja|Focus Sash\n|-damage|p2a: Greninja|1\/100\n|\n|upkeep\n|turn|6\n|c|\u2606nose xd123|como cuando olvidas la focus\n|\n|t:|1700534684\n|switch|p1a: Kingambit|Kingambit, M|100\/100\n|move|p2a: Greninja|Dark Pulse|p1a: Kingambit\n|-resisted|p1a: Kingambit\n|-damage|p1a: Kingambit|83\/100\n|\n|-heal|p1a: Kingambit|90\/100|[from] item: Leftovers\n|upkeep\n|turn|7\n|\n|t:|1700534689\n|switch|p2a: Mandibuzz|Mandibuzz, F|74\/100\n|move|p1a: Kingambit|Brick Break|p2a: Mandibuzz\n|-sideend|p2: nose xd123|move: Light Screen\n|-damage|p2a: Mandibuzz|50\/100\n|\n|-heal|p1a: Kingambit|96\/100|[from] item: Leftovers\n|upkeep\n|turn|8\n|\n|t:|1700534712\n|-end|p1a: Kingambit|fallenundefined|[silent]\n|switch|p1a: Dodrio|Dodrio-Sevii, F|100\/100\n|move|p2a: Mandibuzz|Roost|p2a: Mandibuzz\n|-heal|p2a: Mandibuzz|100\/100\n|-singleturn|p2a: Mandibuzz|move: Roost\n|\n|upkeep\n|turn|9\n|\n|t:|1700534719\n|move|p1a: Dodrio|Flare Blitz|p2a: Mandibuzz\n|-damage|p2a: Mandibuzz|38\/100\n|-damage|p1a: Dodrio|91\/100|[from] item: Life Orb\n|move|p2a: Mandibuzz|U-turn|p1a: Dodrio\n|-resisted|p1a: Dodrio\n|-damage|p1a: Dodrio|81\/100\n|\n|t:|1700534724\n|switch|p2a: Grimmsnarl|Grimmsnarl, M|57\/100 psn|[from] U-turn\n|\n|-damage|p2a: Grimmsnarl|44\/100 psn|[from] psn\n|upkeep\n|turn|10\n|\n|t:|1700534734\n|switch|p1a: Ribombee|Ribombee, F|100\/100\n|move|p2a: Grimmsnarl|Reflect|p2a: Grimmsnarl\n|-sidestart|p2: nose xd123|Reflect\n|\n|-damage|p2a: Grimmsnarl|32\/100 psn|[from] psn\n|upkeep\n|turn|11\n|\n|t:|1700534742\n|move|p2a: Grimmsnarl|Light Screen|p2a: Grimmsnarl\n|-sidestart|p2: nose xd123|move: Light Screen\n|move|p1a: Ribombee|Moonblast|p2a: Grimmsnarl\n|-supereffective|p2a: Grimmsnarl\n|-damage|p2a: Grimmsnarl|0 fnt\n|faint|p2a: Grimmsnarl\n|\n|upkeep\n|\n|t:|1700534746\n|switch|p2a: Mandibuzz|Mandibuzz, F|38\/100\n|turn|12\n|\n|t:|1700534749\n|move|p1a: Ribombee|Moonblast|p2a: Mandibuzz\n|-supereffective|p2a: Mandibuzz\n|-damage|p2a: Mandibuzz|12\/100\n|move|p2a: Mandibuzz|Roost|p2a: Mandibuzz\n|-heal|p2a: Mandibuzz|62\/100\n|-singleturn|p2a: Mandibuzz|move: Roost\n|\n|upkeep\n|turn|13\n|\n|t:|1700534753\n|move|p1a: Ribombee|Sticky Web|p2a: Mandibuzz\n|-sidestart|p2: nose xd123|move: Sticky Web\n|move|p2a: Mandibuzz|U-turn|p1a: Ribombee\n|-resisted|p1a: Ribombee\n|-damage|p1a: Ribombee|89\/100\n|\n|t:|1700534760\n|switch|p2a: Greninja|Greninja, M|1\/100|[from] U-turn\n|-activate|p2a: Greninja|move: Sticky Web\n|-unboost|p2a: Greninja|spe|1\n|\n|upkeep\n|turn|14\n|\n|t:|1700534765\n|switch|p2a: Mandibuzz|Mandibuzz, F|62\/100\n|move|p1a: Ribombee|Energy Ball|p2a: Mandibuzz\n|-resisted|p2a: Mandibuzz\n|-crit|p2a: Mandibuzz\n|-damage|p2a: Mandibuzz|52\/100\n|\n|upkeep\n|turn|15\n|\n|t:|1700534771\n|move|p1a: Ribombee|Moonblast|p2a: Mandibuzz\n|-supereffective|p2a: Mandibuzz\n|-damage|p2a: Mandibuzz|29\/100\n|move|p2a: Mandibuzz|Defog|p1a: Ribombee\n|-unboost|p1a: Ribombee|evasion|1\n|-sideend|p2: nose xd123|Sticky Web|[from] move: Defog|[of] p2a: Mandibuzz\n|\n|upkeep\n|turn|16\n|\n|t:|1700534775\n|move|p1a: Ribombee|Moonblast|p2a: Mandibuzz\n|-supereffective|p2a: Mandibuzz\n|-damage|p2a: Mandibuzz|5\/100\n|move|p2a: Mandibuzz|Roost|p2a: Mandibuzz\n|-heal|p2a: Mandibuzz|56\/100\n|-singleturn|p2a: Mandibuzz|move: Roost\n|\n|upkeep\n|turn|17\n|\n|t:|1700534779\n|move|p1a: Ribombee|Sticky Web|p2a: Mandibuzz\n|-sidestart|p2: nose xd123|move: Sticky Web\n|move|p2a: Mandibuzz|U-turn|p1a: Ribombee\n|-resisted|p1a: Ribombee\n|-damage|p1a: Ribombee|78\/100\n|c|\u2606nose xd123|XDD\n|\n|t:|1700534787\n|switch|p2a: Greninja|Greninja, M|1\/100|[from] U-turn\n|-activate|p2a: Greninja|move: Sticky Web\n|-unboost|p2a: Greninja|spe|1\n|\n|-sideend|p2: nose xd123|Reflect\n|upkeep\n|turn|18\n|c|\u2606oscar3ro|Wao\n|\n|t:|1700534791\n|move|p2a: Greninja|Water Shuriken|p1a: Ribombee\n|-damage|p1a: Ribombee|66\/100\n|-damage|p1a: Ribombee|54\/100\n|-hitcount|p1a: Ribombee|2\n|move|p1a: Ribombee|Moonblast|p2a: Greninja\n|-supereffective|p2a: Greninja\n|-damage|p2a: Greninja|0 fnt\n|faint|p2a: Greninja\n|\n|-sideend|p2: nose xd123|move: Light Screen\n|upkeep\n|c|\u2606oscar3ro|Yes\n|\n|t:|1700534799\n|switch|p2a: Weavile|Weavile, M|100\/100\n|-activate|p2a: Weavile|move: Sticky Web\n|-unboost|p2a: Weavile|spe|1\n|turn|19\n|\n|t:|1700534802\n|move|p2a: Weavile|Ice Shard|p1a: Ribombee\n|-damage|p1a: Ribombee|0 fnt\n|faint|p1a: Ribombee\n|\n|upkeep\n|c|\u2606oscar3ro|No\n|c|\u2606nose xd123|olvide esta cosa\n|\n|t:|1700534824\n|switch|p1a: Dodrio|Dodrio-Sevii, F|81\/100\n|turn|20\n|\n|t:|1700534830\n|switch|p2a: Toxapex|Toxapex, M|100\/100\n|-activate|p2a: Toxapex|move: Sticky Web\n|-unboost|p2a: Toxapex|spe|1\n|move|p1a: Dodrio|Flare Blitz|p2a: Toxapex\n|-resisted|p2a: Toxapex\n|-damage|p2a: Toxapex|79\/100\n|-damage|p1a: Dodrio|71\/100|[from] item: Life Orb\n|\n|-heal|p2a: Toxapex|85\/100|[from] item: Black Sludge\n|upkeep\n|turn|21\n|\n|t:|1700534833\n|move|p2a: Toxapex|Baneful Bunker|p2a: Toxapex\n|-singleturn|p2a: Toxapex|move: Protect\n|move|p1a: Dodrio|Headlong Rush|p2a: Toxapex\n|-activate|p2a: Toxapex|move: Protect\n|-status|p1a: Dodrio|psn\n|\n|-heal|p2a: Toxapex|91\/100|[from] item: Black Sludge\n|-damage|p1a: Dodrio|58\/100 psn|[from] psn\n|upkeep\n|turn|22\n|\n|t:|1700534844\n|switch|p2a: Mandibuzz|Mandibuzz, F|56\/100\n|move|p1a: Dodrio|Rock Tomb|p2a: Mandibuzz\n|-supereffective|p2a: Mandibuzz\n|-damage|p2a: Mandibuzz|16\/100\n|-unboost|p2a: Mandibuzz|spe|1\n|-damage|p1a: Dodrio|48\/100 psn|[from] item: Life Orb\n|\n|-damage|p1a: Dodrio|36\/100 psn|[from] psn\n|upkeep\n|turn|23\n|\n|t:|1700534850\n|move|p1a: Dodrio|Brave Bird|p2a: Mandibuzz\n|-damage|p2a: Mandibuzz|0 fnt\n|faint|p2a: Mandibuzz\n|-damage|p1a: Dodrio|26\/100 psn|[from] item: Life Orb\n|\n|-damage|p1a: Dodrio|13\/100 psn|[from] psn\n|upkeep\n|\n|t:|1700534855\n|switch|p2a: Weavile|Weavile, M|100\/100\n|-activate|p2a: Weavile|move: Sticky Web\n|-unboost|p2a: Weavile|spe|1\n|turn|24\n|\n|t:|1700534861\n|move|p1a: Dodrio|Flare Blitz|p2a: Weavile\n|-supereffective|p2a: Weavile\n|-damage|p2a: Weavile|0 fnt\n|faint|p2a: Weavile\n|-damage|p1a: Dodrio|3\/100 psn|[from] item: Life Orb\n|\n|-damage|p1a: Dodrio|0 fnt|[from] psn\n|faint|p1a: Dodrio\n|upkeep\n|c|\u2606oscar3ro|Uff ese ice shard\n|c|\u2606nose xd123|olvide la stivky\n|\n|t:|1700534876\n|switch|p2a: Toxapex|Toxapex, M|100\/100\n|switch|p1a: Houndoom|Houndoom-Mega, M|86\/100\n|-activate|p2a: Toxapex|move: Sticky Web\n|-unboost|p2a: Toxapex|spe|1\n|turn|25\n|\n|t:|1700534880\n|move|p1a: Houndoom|Scorching Sands|p2a: Toxapex\n|-supereffective|p2a: Toxapex\n|-damage|p2a: Toxapex|54\/100\n|-status|p2a: Toxapex|brn\n|move|p2a: Toxapex|Scald|p1a: Houndoom\n|-supereffective|p1a: Houndoom\n|-damage|p1a: Houndoom|45\/100\n|\n|-heal|p2a: Toxapex|60\/100 brn|[from] item: Black Sludge\n|-damage|p2a: Toxapex|54\/100 brn|[from] brn\n|upkeep\n|turn|26\n|\n|t:|1700534884\n|move|p1a: Houndoom|Dark Pulse|p2a: Toxapex\n|-damage|p2a: Toxapex|19\/100 brn\n|move|p2a: Toxapex|Recover|p2a: Toxapex\n|-heal|p2a: Toxapex|69\/100 brn\n|\n|-heal|p2a: Toxapex|75\/100 brn|[from] item: Black Sludge\n|-damage|p2a: Toxapex|69\/100 brn|[from] brn\n|upkeep\n|turn|27\n|\n|t:|1700534889\n|move|p1a: Houndoom|Dark Pulse|p2a: Toxapex\n|-damage|p2a: Toxapex|36\/100 brn\n|move|p2a: Toxapex|Scald|p1a: Houndoom\n|-supereffective|p1a: Houndoom\n|-damage|p1a: Houndoom|8\/100\n|\n|-heal|p2a: Toxapex|42\/100 brn|[from] item: Black Sludge\n|-damage|p2a: Toxapex|36\/100 brn|[from] brn\n|upkeep\n|turn|28\n|\n|t:|1700534894\n|move|p1a: Houndoom|Dark Pulse|p2a: Toxapex\n|-damage|p2a: Toxapex|1\/100 brn\n|move|p2a: Toxapex|Recover|p2a: Toxapex\n|-heal|p2a: Toxapex|51\/100 brn\n|\n|-heal|p2a: Toxapex|57\/100 brn|[from] item: Black Sludge\n|-damage|p2a: Toxapex|51\/100 brn|[from] brn\n|upkeep\n|turn|29\n|\n|t:|1700534899\n|move|p1a: Houndoom|Dark Pulse|p2a: Toxapex\n|-damage|p2a: Toxapex|13\/100 brn\n|move|p2a: Toxapex|Scald|p1a: Houndoom\n|-supereffective|p1a: Houndoom\n|-damage|p1a: Houndoom|0 fnt\n|faint|p1a: Houndoom\n|\n|-heal|p2a: Toxapex|19\/100 brn|[from] item: Black Sludge\n|-damage|p2a: Toxapex|13\/100 brn|[from] brn\n|upkeep\n|\n|t:|1700534913\n|switch|p1a: Starmie|Starmie|100\/100\n|turn|30\n|c|\u2606nose xd123|para este punto es casi que imposible remontar\n|c|\u2606oscar3ro|Pos gg\n|\n|t:|1700534924\n|move|p1a: Starmie|Thunderbolt|p2a: Toxapex\n|-supereffective|p2a: Toxapex\n|-damage|p2a: Toxapex|0 fnt\n|faint|p2a: Toxapex\n|\n|upkeep\n|\n|t:|1700534926\n|switch|p2a: Kingambit|Kingambit, M|100\/100\n|-activate|p2a: Kingambit|move: Sticky Web\n|-unboost|p2a: Kingambit|spe|1\n|-activate|p2a: Kingambit|ability: Supreme Overlord\n|-start|p2a: Kingambit|fallen5|[silent]\n|turn|31\n|\n|t:|1700534930\n|move|p2a: Kingambit|Sucker Punch|p1a: Starmie\n|-supereffective|p1a: Starmie\n|-damage|p1a: Starmie|0 fnt\n|faint|p1a: Starmie\n|\n|upkeep\n|\n|t:|1700534932\n|switch|p1a: Shedinja|Shedinja|100\/100\n|turn|32\n|\n|t:|1700534936\n|move|p1a: Shedinja|X-Scissor|p2a: Kingambit\n|-damage|p2a: Kingambit|74\/100\n|move|p2a: Kingambit|Swords Dance|p2a: Kingambit\n|-boost|p2a: Kingambit|atk|2\n|\n|-heal|p2a: Kingambit|80\/100|[from] item: Leftovers\n|upkeep\n|turn|33\n|\n|t:|1700534940\n|move|p1a: Shedinja|X-Scissor|p2a: Kingambit\n|-damage|p2a: Kingambit|54\/100\n|move|p2a: Kingambit|Kowtow Cleave|p1a: Shedinja\n|-supereffective|p1a: Shedinja\n|-damage|p1a: Shedinja|0 fnt\n|faint|p1a: Shedinja\n|\n|-heal|p2a: Kingambit|61\/100|[from] item: Leftovers\n|upkeep\n|\n|t:|1700534944\n|switch|p1a: Kingambit|Kingambit, M|96\/100\n|-activate|p1a: Kingambit|ability: Supreme Overlord\n|-start|p1a: Kingambit|fallen5|[silent]\n|turn|34\n|\n|t:|1700534947\n|move|p2a: Kingambit|Sucker Punch|p1a: Kingambit\n|-resisted|p1a: Kingambit\n|-damage|p1a: Kingambit|54\/100\n|move|p1a: Kingambit|Brick Break|p2a: Kingambit\n|-supereffective|p2a: Kingambit\n|-damage|p2a: Kingambit|0 fnt\n|faint|p2a: Kingambit\n|-end|p2a: Kingambit|fallen5|[silent]\n|\n|win|oscar3ro\n|c|\u2606nose xd123|gg\n","uploadtime":1700534953,"views":3,"p1id":"oscar3ro","p2id":"nosexd123","formatid":"gen9ubers","rating":0,"private":0,"password":""}