{"id":"radicalred-gen9ubers-547066","p1":"oscar3ro","p2":"ivancuervo2007","format":"[Gen 9] Ubers","log":"|j|\u2606oscar3ro\n|j|\u2606ivancuervo2007\n|t:|1700080580\n|gametype|singles\n|player|p1|oscar3ro|rr-cinderace|\n|player|p2|ivancuervo2007|rr-gastrodon|\n|teamsize|p1|6\n|teamsize|p2|6\n|gen|9\n|tier|[Gen 9] Ubers\n|rule|Sleep Clause Mod: Limit one foe put to sleep\n|rule|Species Clause: Limit one of each Pok\u00e9mon\n|rule|OHKO Clause: OHKO moves are banned\n|rule|Evasion Abilities Clause: Evasion abilities are banned\n|rule|Evasion Items Clause: Evasion items are banned\n|rule|Evasion Moves Clause: Evasion moves are banned\n|rule|Endless Battle Clause: Forcing endless battles is banned\n|rule|HP Percentage Mod: HP is shown in percentages\n|rule|Dynamax Clause: You cannot dynamax\n|rule|Mega Rayquaza Clause: You cannot mega evolve Rayquaza\n|clearpoke\n|poke|p1|Pinsir, F|\n|poke|p1|Dodrio-Sevii, M|\n|poke|p1|Garchomp, M|\n|poke|p1|Milotic-Sevii, M|\n|poke|p1|Skarmory, M|\n|poke|p1|Ninjask, M|\n|poke|p2|Metagross|\n|poke|p2|Greninja-*, M|\n|poke|p2|Dragapult, M|\n|poke|p2|Donphan, F|\n|poke|p2|Aegislash, M|\n|poke|p2|Primarina, F|\n|teampreview\n|\n|t:|1700080602\n|start\n|switch|p1a: Milotic|Milotic-Sevii, M|100\/100\n|switch|p2a: Aria|Primarina, F|100\/100\n|turn|1\n|j| nose xd123\n|c|\u2606ivancuervo2007|Ostia mega Pinsir\n|\n|t:|1700080671\n|move|p1a: Milotic|Moonblast|p2a: Aria\n|-damage|p2a: Aria|75\/100\n|-unboost|p2a: Aria|spa|1\n|move|p2a: Aria|Hyper Voice|p1a: Milotic\n|-supereffective|p1a: Milotic\n|-damage|p1a: Milotic|30\/100\n|-enditem|p2a: Aria|Throat Spray\n|-boost|p2a: Aria|spa|1|[from] item: Throat Spray\n|\n|-heal|p1a: Milotic|36\/100|[from] item: Leftovers\n|upkeep\n|turn|2\n|\n|t:|1700080684\n|move|p1a: Milotic|Moonblast|p2a: Aria\n|-damage|p2a: Aria|52\/100\n|-unboost|p2a: Aria|spa|1\n|move|p2a: Aria|Hyper Voice|p1a: Milotic\n|-supereffective|p1a: Milotic\n|-crit|p1a: Milotic\n|-damage|p1a: Milotic|0 fnt\n|faint|p1a: Milotic\n|\n|upkeep\n|\n|t:|1700080693\n|switch|p1a: Skarmory|Skarmory, M|100\/100\n|turn|3\n|\n|t:|1700080697\n|move|p1a: Skarmory|Stealth Rock|p2a: Aria\n|-sidestart|p2: ivancuervo2007|move: Stealth Rock\n|move|p2a: Aria|Hyper Voice|p1a: Skarmory\n|-damage|p1a: Skarmory|41\/100\n|-enditem|p1a: Skarmory|Red Card|[of] p2a: Aria\n|drag|p2a: Greninja|Greninja, M|100\/100\n|-damage|p2a: Greninja|88\/100|[from] Stealth Rock\n|\n|upkeep\n|turn|4\n|\n|t:|1700080702\n|move|p2a: Greninja|Surf|p1a: Skarmory\n|-damage|p1a: Skarmory|0 fnt\n|faint|p1a: Skarmory\n|-activate|p2a: Greninja|ability: Battle Bond\n|detailschange|p2a: Greninja|Greninja-Ash, M\n|\n|upkeep\n|\n|t:|1700080713\n|switch|p1a: Ninjask|Ninjask, M|100\/100\n|turn|5\n|c|\u2606ivancuervo2007|Gracias por el cambio gratis\n|\n|t:|1700080723\n|move|p1a: Ninjask|Protect|p1a: Ninjask\n|-singleturn|p1a: Ninjask|Protect\n|move|p2a: Greninja|Water Shuriken|p1a: Ninjask\n|-activate|p1a: Ninjask|move: Protect\n|\n|-ability|p1a: Ninjask|Speed Boost|boost\n|-boost|p1a: Ninjask|spe|1\n|upkeep\n|turn|6\n|\n|t:|1700080728\n|move|p2a: Greninja|Water Shuriken|p1a: Ninjask\n|-damage|p1a: Ninjask|72\/100\n|-damage|p1a: Ninjask|46\/100\n|-damage|p1a: Ninjask|19\/100\n|-hitcount|p1a: Ninjask|3\n|move|p1a: Ninjask|Leech Life|p2a: Greninja\n|-supereffective|p2a: Greninja\n|-damage|p2a: Greninja|0 fnt\n|-heal|p1a: Ninjask|66\/100|[from] drain|[of] p2a: Greninja\n|faint|p2a: Greninja\n|\n|-ability|p1a: Ninjask|Speed Boost|boost\n|-boost|p1a: Ninjask|spe|1\n|upkeep\n|\n|t:|1700080736\n|switch|p2a: Aegislash|Aegislash, M|100\/100\n|-damage|p2a: Aegislash|94\/100|[from] Stealth Rock\n|turn|7\n|\n|t:|1700080740\n|switch|p1a: Garchomp|Garchomp, M|100\/100\n|move|p2a: Aegislash|Swords Dance|p2a: Aegislash\n|-boost|p2a: Aegislash|atk|2\n|\n|-heal|p2a: Aegislash|100\/100|[from] item: Leftovers\n|upkeep\n|turn|8\n|\n|t:|1700080748\n|move|p1a: Garchomp|Earthquake|p2a: Aegislash\n|-supereffective|p2a: Aegislash\n|-damage|p2a: Aegislash|1\/100\n|move|p2a: Aegislash|Swords Dance|p2a: Aegislash\n|-boost|p2a: Aegislash|atk|2\n|\n|-heal|p2a: Aegislash|7\/100|[from] item: Leftovers\n|upkeep\n|turn|9\n|\n|t:|1700080759\n|move|p2a: Aegislash|King's Shield|p2a: Aegislash\n|-singleturn|p2a: Aegislash|Protect\n|move|p1a: Garchomp|Earthquake|p2a: Aegislash\n|-activate|p2a: Aegislash|move: Protect\n|\n|-heal|p2a: Aegislash|13\/100|[from] item: Leftovers\n|upkeep\n|turn|10\n|\n|t:|1700080792\n|-formechange|p2a: Aegislash|Aegislash-Blade||[from] ability: Stance Change\n|move|p2a: Aegislash|Shadow Sneak|p1a: Garchomp\n|-damage|p1a: Garchomp|22\/100\n|-damage|p2a: Aegislash|1\/100|[from] ability: Rough Skin|[of] p1a: Garchomp\n|move|p1a: Garchomp|Earthquake|p2a: Aegislash\n|-supereffective|p2a: Aegislash\n|-damage|p2a: Aegislash|0 fnt\n|faint|p2a: Aegislash\n|\n|-heal|p1a: Garchomp|28\/100|[from] item: Leftovers\n|upkeep\n|\n|t:|1700080799\n|switch|p2a: Donphan|Donphan, F|100\/100\n|-damage|p2a: Donphan|94\/100|[from] Stealth Rock\n|turn|11\n|\n|t:|1700080806\n|move|p1a: Garchomp|Earthquake|p2a: Donphan\n|-damage|p2a: Donphan|51\/100\n|move|p2a: Donphan|Rapid Spin|p1a: Garchomp\n|-damage|p1a: Garchomp|9\/100\n|-boost|p2a: Donphan|spe|1\n|-damage|p2a: Donphan|39\/100|[from] ability: Rough Skin|[of] p1a: Garchomp\n|-sideend|p2: ivancuervo2007|Stealth Rock|[from] move: Rapid Spin|[of] p2a: Donphan\n|\n|-heal|p1a: Garchomp|15\/100|[from] item: Leftovers\n|upkeep\n|turn|12\n|\n|t:|1700080811\n|move|p1a: Garchomp|Earthquake|p2a: Donphan\n|-damage|p2a: Donphan|0 fnt\n|faint|p2a: Donphan\n|\n|-heal|p1a: Garchomp|21\/100|[from] item: Leftovers\n|upkeep\n|\n|t:|1700080815\n|switch|p2a: Jet|Dragapult, M|100\/100\n|turn|13\n|\n|t:|1700080823\n|move|p2a: Jet|Dragon Darts|p1a: Garchomp\n|-supereffective|p1a: Garchomp\n|-damage|p1a: Garchomp|0 fnt\n|faint|p1a: Garchomp\n|-damage|p2a: Jet|91\/100|[from] item: Life Orb\n|\n|upkeep\n|\n|t:|1700080829\n|switch|p1a: Ninjask|Ninjask, M|66\/100\n|turn|14\n|\n|t:|1700080840\n|move|p1a: Ninjask|Protect|p1a: Ninjask\n|-singleturn|p1a: Ninjask|Protect\n|move|p2a: Jet|Dragon Darts|p1a: Ninjask\n|-activate|p1a: Ninjask|move: Protect\n|\n|-ability|p1a: Ninjask|Speed Boost|boost\n|-boost|p1a: Ninjask|spe|1\n|upkeep\n|turn|15\n|\n|t:|1700080844\n|move|p1a: Ninjask|Sonic Slash|p2a: Jet\n|-damage|p2a: Jet|41\/100\n|move|p2a: Jet|Dragon Darts|p1a: Ninjask\n|-damage|p1a: Ninjask|0 fnt\n|faint|p1a: Ninjask\n|-damage|p2a: Jet|32\/100|[from] item: Life Orb\n|\n|upkeep\n|\n|t:|1700080850\n|switch|p1a: Dodrio|Dodrio-Sevii, M|100\/100\n|turn|16\n|\n|t:|1700080855\n|move|p1a: Dodrio|Headlong Rush|p2a: Jet\n|-damage|p2a: Jet|0 fnt\n|-unboost|p1a: Dodrio|def|1\n|-unboost|p1a: Dodrio|spd|1\n|faint|p2a: Jet\n|\n|upkeep\n|\n|t:|1700080859\n|switch|p2a: Aria|Primarina, F|52\/100\n|turn|17\n|\n|t:|1700080862\n|move|p1a: Dodrio|Headlong Rush|p2a: Aria\n|-damage|p2a: Aria|0 fnt\n|-unboost|p1a: Dodrio|def|1\n|-unboost|p1a: Dodrio|spd|1\n|faint|p2a: Aria\n|\n|upkeep\n|\n|t:|1700080864\n|switch|p2a: Alpha|Metagross, shiny|100\/100\n|turn|18\n|\n|t:|1700080867\n|detailschange|p2a: Alpha|Metagross-Mega, shiny\n|-mega|p2a: Alpha|Metagross|Metagrossite\n|move|p1a: Dodrio|Headlong Rush|p2a: Alpha\n|-supereffective|p2a: Alpha\n|-damage|p2a: Alpha|0 fnt\n|-unboost|p1a: Dodrio|def|1\n|-unboost|p1a: Dodrio|spd|1\n|faint|p2a: Alpha\n|\n|win|oscar3ro\n|c|\u2606oscar3ro|Gg\n|c|\u2606ivancuervo2007|God \n","uploadtime":1700080877,"views":5,"p1id":"oscar3ro","p2id":"ivancuervo2007","formatid":"gen9ubers","rating":0,"private":0,"password":""}