{"id":"radicalred-gen9ubers-547762","p1":"Finalcrew15","p2":"Xopas","format":"[Gen 9] Ubers","log":"|j|\u2606Finalcrew15\n|j|\u2606Xopas\n|t:|1700228554\n|gametype|singles\n|player|p1|Finalcrew15|266|\n|player|p2|Xopas|rr-tapubulu|\n|teamsize|p1|6\n|teamsize|p2|6\n|gen|9\n|tier|[Gen 9] Ubers\n|rule|Sleep Clause Mod: Limit one foe put to sleep\n|rule|Species Clause: Limit one of each Pok\u00e9mon\n|rule|OHKO Clause: OHKO moves are banned\n|rule|Evasion Abilities Clause: Evasion abilities are banned\n|rule|Evasion Items Clause: Evasion items are banned\n|rule|Evasion Moves Clause: Evasion moves are banned\n|rule|Endless Battle Clause: Forcing endless battles is banned\n|rule|HP Percentage Mod: HP is shown in percentages\n|rule|Dynamax Clause: You cannot dynamax\n|rule|Mega Rayquaza Clause: You cannot mega evolve Rayquaza\n|clearpoke\n|poke|p1|Machamp, F|\n|poke|p1|Flutter Mane|\n|poke|p1|Great Tusk|\n|poke|p1|Typhlosion-Hisui, M|\n|poke|p1|Torkoal, F|\n|poke|p1|Walking Wake|\n|poke|p2|Dragalge, M|\n|poke|p2|Rotom-Wash|\n|poke|p2|Cofagrigus, F|\n|poke|p2|Chien-Pao|\n|poke|p2|Gligar, F|\n|poke|p2|Tapu Bulu|\n|teampreview\n|c|\u2606Xopas|glhf\n|c|\u2606Finalcrew15|Glhf also can u send love link\n|c|\u2606Finalcrew15|Live\n|c|\u2606Xopas|sure\n|\n|t:|1700228582\n|start\n|switch|p1a: Torkoal|Torkoal, F|100\/100\n|switch|p2a: Cofagrigus|Cofagrigus, F|100\/100\n|-weather|SunnyDay|[from] ability: Drought|[of] p1a: Torkoal\n|turn|1\n|\n|t:|1700228601\n|move|p2a: Cofagrigus|Rain Dance|p2a: Cofagrigus\n|-weather|RainDance\n|move|p1a: Torkoal|Curse|p1a: Torkoal\n|-unboost|p1a: Torkoal|spe|1\n|-boost|p1a: Torkoal|atk|1\n|-boost|p1a: Torkoal|def|1\n|\n|-weather|RainDance|[upkeep]\n|upkeep\n|turn|2\n|\n|t:|1700228611\n|move|p2a: Cofagrigus|Toxic|p1a: Torkoal\n|-status|p1a: Torkoal|tox\n|move|p1a: Torkoal|Curse|p1a: Torkoal\n|-unboost|p1a: Torkoal|spe|1\n|-boost|p1a: Torkoal|atk|1\n|-boost|p1a: Torkoal|def|1\n|\n|-weather|RainDance|[upkeep]\n|-damage|p1a: Torkoal|94\/100 tox|[from] psn\n|upkeep\n|turn|3\n|\n|t:|1700228615\n|switch|p2a: Rotom|Rotom-Wash|100\/100\n|move|p1a: Torkoal|Earthquake|p2a: Rotom\n|-immune|p2a: Rotom|[from] ability: Levitate\n|\n|-weather|RainDance|[upkeep]\n|-damage|p1a: Torkoal|82\/100 tox|[from] psn\n|upkeep\n|turn|4\n|\n|t:|1700228620\n|move|p2a: Rotom|Scald|p1a: Torkoal\n|-supereffective|p1a: Torkoal\n|-damage|p1a: Torkoal|0 fnt\n|faint|p1a: Torkoal\n|\n|-weather|RainDance|[upkeep]\n|upkeep\n|\n|t:|1700228624\n|switch|p1a: Machamp|Machamp, F|100\/100\n|turn|5\n|\n|t:|1700228633\n|detailschange|p1a: Machamp|Machamp-Mega, F\n|-mega|p1a: Machamp|Machamp|Machampite\n|move|p1a: Machamp|Bullet Punch|p2a: Rotom\n|-resisted|p2a: Rotom\n|-damage|p2a: Rotom|96\/100\n|-resisted|p2a: Rotom\n|-damage|p2a: Rotom|94\/100\n|-hitcount|p2a: Rotom|2\n|move|p2a: Rotom|Will-O-Wisp|p1a: Machamp|[miss]\n|-miss|p2a: Rotom|p1a: Machamp\n|\n|-weather|none\n|-heal|p2a: Rotom|99\/100|[from] item: Leftovers\n|upkeep\n|turn|6\n|\n|t:|1700228645\n|move|p2a: Rotom|Scald|p1a: Machamp\n|-damage|p1a: Machamp|74\/100\n|move|p1a: Machamp|Drain Punch|p2a: Rotom\n|-damage|p2a: Rotom|44\/100\n|-heal|p1a: Machamp|94\/100|[from] drain|[of] p2a: Rotom\n|-damage|p2a: Rotom|16\/100\n|-heal|p1a: Machamp|100\/100|[from] drain|[of] p2a: Rotom\n|-hitcount|p2a: Rotom|2\n|\n|-heal|p2a: Rotom|22\/100|[from] item: Leftovers\n|upkeep\n|turn|7\n|c|\u2606Xopas|smh\n|c|\u2606Xopas|bro\n|\n|t:|1700228658\n|move|p2a: Rotom|Will-O-Wisp|p1a: Machamp\n|-status|p1a: Machamp|brn\n|move|p1a: Machamp|Ice Punch|p2a: Rotom\n|-resisted|p2a: Rotom\n|-damage|p2a: Rotom|13\/100\n|-resisted|p2a: Rotom\n|-damage|p2a: Rotom|8\/100\n|-status|p2a: Rotom|frz\n|-hitcount|p2a: Rotom|2\n|\n|-heal|p2a: Rotom|14\/100 frz|[from] item: Leftovers\n|-damage|p2a: Rotom|8\/100 frz|[from] frz\n|-damage|p1a: Machamp|94\/100 brn|[from] brn\n|upkeep\n|turn|8\n|c|\u2606Xopas|..\n|\n|t:|1700228665\n|move|p1a: Machamp|Bullet Punch|p2a: Rotom\n|-resisted|p2a: Rotom\n|-damage|p2a: Rotom|5\/100 frz\n|-resisted|p2a: Rotom\n|-crit|p2a: Rotom\n|-damage|p2a: Rotom|4\/100 frz\n|-hitcount|p2a: Rotom|2\n|move|p2a: Rotom|Volt Switch|p1a: Machamp\n|-damage|p1a: Machamp|83\/100 brn\n|\n|t:|1700228679\n|switch|p2a: Cofagrigus|Cofagrigus, F|100\/100|[from] Volt Switch\n|\n|-damage|p1a: Machamp|77\/100 brn|[from] brn\n|upkeep\n|turn|9\n|\n|t:|1700228692\n|switch|p2a: Rotom|Rotom-Wash|4\/100 frz\n|move|p1a: Machamp|Ice Punch|p2a: Rotom\n|-resisted|p2a: Rotom\n|-damage|p2a: Rotom|0 fnt\n|faint|p2a: Rotom\n|-hitcount|p2: Rotom|1\n|\n|-damage|p1a: Machamp|71\/100 brn|[from] brn\n|upkeep\n|\n|t:|1700228720\n|switch|p2a: Tapu Bulu|Tapu Bulu|100\/100\n|-fieldstart|move: Grassy Terrain|[from] ability: Grassy Surge|[of] p2a: Tapu Bulu\n|turn|10\n|\n|t:|1700228730\n|move|p2a: Tapu Bulu|Play Rough|p1a: Machamp\n|-supereffective|p1a: Machamp\n|-damage|p1a: Machamp|0 fnt\n|faint|p1a: Machamp\n|\n|upkeep\n|\n|t:|1700228735\n|switch|p1a: Typhlosion|Typhlosion-Hisui, M|100\/100\n|turn|11\n|\n|t:|1700228747\n|switch|p2a: Dragalge|Dragalge, M|100\/100\n|move|p1a: Typhlosion|Eruption|p2a: Dragalge\n|-resisted|p2a: Dragalge\n|-damage|p2a: Dragalge|81\/100\n|\n|-heal|p2a: Dragalge|86\/100|[from] Grassy Terrain\n|upkeep\n|turn|12\n|c|\u2606Xopas|ooo\n|\n|t:|1700228765\n|switch|p1a: Great Tusk|Great Tusk|100\/100\n|move|p2a: Dragalge|Flip Turn|p1a: Great Tusk\n|-supereffective|p1a: Great Tusk\n|-damage|p1a: Great Tusk|85\/100\n|\n|t:|1700228774\n|switch|p2a: Cofagrigus|Cofagrigus, F|100\/100|[from] Flip Turn\n|\n|-heal|p1a: Great Tusk|92\/100|[from] Grassy Terrain\n|upkeep\n|turn|13\n|c|\u2606Xopas|wait\n|\n|t:|1700228783\n|-end|p1a: Great Tusk|Protosynthesis|[silent]\n|switch|p1a: Typhlosion|Typhlosion-Hisui, M|100\/100\n|move|p2a: Cofagrigus|Toxic|p1a: Typhlosion\n|-status|p1a: Typhlosion|tox\n|\n|-damage|p1a: Typhlosion|95\/100 tox|[from] psn\n|upkeep\n|turn|14\n|c|\u2606Xopas|oops\n|\n|t:|1700228796\n|move|p1a: Typhlosion|Shadow Ball|p2a: Cofagrigus\n|-supereffective|p2a: Cofagrigus\n|-damage|p2a: Cofagrigus|34\/100\n|-unboost|p2a: Cofagrigus|spd|1\n|move|p2a: Cofagrigus|Rain Dance|p2a: Cofagrigus\n|-weather|RainDance\n|\n|-weather|RainDance|[upkeep]\n|-heal|p1a: Typhlosion|100\/100 tox|[from] Grassy Terrain\n|-heal|p2a: Cofagrigus|40\/100|[from] Grassy Terrain\n|-heal|p2a: Cofagrigus|46\/100|[from] item: Leftovers\n|-damage|p1a: Typhlosion|89\/100 tox|[from] psn\n|-fieldend|move: Grassy Terrain\n|upkeep\n|turn|15\n|\n|t:|1700228801\n|switch|p2a: Chien-Pao|Chien-Pao|100\/100\n|-ability|p2a: Chien-Pao|Sword of Ruin\n|move|p1a: Typhlosion|Shadow Ball|p2a: Chien-Pao\n|-resisted|p2a: Chien-Pao\n|-damage|p2a: Chien-Pao|72\/100\n|\n|-weather|RainDance|[upkeep]\n|-damage|p1a: Typhlosion|71\/100 tox|[from] psn\n|upkeep\n|turn|16\n|j| Mr cyphon\n|\n|t:|1700228818\n|switch|p1a: Great Tusk|Great Tusk|92\/100\n|move|p2a: Chien-Pao|Icicle Crash|p1a: Great Tusk\n|-supereffective|p1a: Great Tusk\n|-damage|p1a: Great Tusk|17\/100\n|\n|-weather|RainDance|[upkeep]\n|upkeep\n|turn|17\n|\n|t:|1700228828\n|move|p2a: Chien-Pao|Icicle Crash|p1a: Great Tusk\n|-supereffective|p1a: Great Tusk\n|-damage|p1a: Great Tusk|0 fnt\n|faint|p1a: Great Tusk\n|-end|p1a: Great Tusk|Protosynthesis|[silent]\n|\n|-weather|RainDance|[upkeep]\n|upkeep\n|\n|t:|1700228833\n|switch|p1a: Walking Wake|Walking Wake|100\/100\n|turn|18\n|l| Mr cyphon\n|\n|t:|1700228856\n|switch|p2a: Cofagrigus|Cofagrigus, F|46\/100\n|move|p1a: Walking Wake|Hydro Steam|p2a: Cofagrigus\n|-damage|p2a: Cofagrigus|0 fnt\n|faint|p2a: Cofagrigus\n|-damage|p1a: Walking Wake|91\/100|[from] item: Life Orb\n|\n|-weather|none\n|upkeep\n|\n|t:|1700228864\n|switch|p2a: Tapu Bulu|Tapu Bulu|100\/100\n|-fieldstart|move: Grassy Terrain|[from] ability: Grassy Surge|[of] p2a: Tapu Bulu\n|turn|19\n|\n|t:|1700228871\n|move|p1a: Walking Wake|Flamethrower|p2a: Tapu Bulu\n|-supereffective|p2a: Tapu Bulu\n|-damage|p2a: Tapu Bulu|45\/100\n|-damage|p1a: Walking Wake|81\/100|[from] item: Life Orb\n|move|p2a: Tapu Bulu|High Horsepower|p1a: Walking Wake\n|-damage|p1a: Walking Wake|40\/100\n|\n|-heal|p1a: Walking Wake|47\/100|[from] Grassy Terrain\n|-heal|p2a: Tapu Bulu|51\/100|[from] Grassy Terrain\n|upkeep\n|turn|20\n|\n|t:|1700228875\n|switch|p2a: Dragalge|Dragalge, M|86\/100\n|move|p1a: Walking Wake|Flamethrower|p2a: Dragalge\n|-resisted|p2a: Dragalge\n|-damage|p2a: Dragalge|75\/100\n|-status|p2a: Dragalge|brn\n|-damage|p1a: Walking Wake|37\/100|[from] item: Life Orb\n|\n|-heal|p1a: Walking Wake|43\/100|[from] Grassy Terrain\n|-heal|p2a: Dragalge|81\/100 brn|[from] Grassy Terrain\n|-damage|p2a: Dragalge|75\/100 brn|[from] brn\n|upkeep\n|turn|21\n|\n|t:|1700228881\n|switch|p2a: Tapu Bulu|Tapu Bulu|51\/100\n|move|p1a: Walking Wake|Draco Meteor|p2a: Tapu Bulu\n|-immune|p2a: Tapu Bulu\n|\n|-heal|p1a: Walking Wake|49\/100|[from] Grassy Terrain\n|-heal|p2a: Tapu Bulu|58\/100|[from] Grassy Terrain\n|upkeep\n|turn|22\n|\n|t:|1700228886\n|move|p1a: Walking Wake|Flamethrower|p2a: Tapu Bulu\n|-supereffective|p2a: Tapu Bulu\n|-damage|p2a: Tapu Bulu|3\/100\n|-damage|p1a: Walking Wake|39\/100|[from] item: Life Orb\n|move|p2a: Tapu Bulu|Horn Leech|p1a: Walking Wake\n|-damage|p1a: Walking Wake|0 fnt\n|-heal|p2a: Tapu Bulu|24\/100|[from] drain|[of] p1a: Walking Wake\n|faint|p1a: Walking Wake\n|-end|p1a: Walking Wake|Protosynthesis|[silent]\n|\n|-heal|p2a: Tapu Bulu|30\/100|[from] Grassy Terrain\n|upkeep\n|\n|t:|1700228892\n|switch|p1a: Flutter Mane|Flutter Mane|100\/100\n|-enditem|p1a: Flutter Mane|Booster Energy\n|-activate|p1a: Flutter Mane|ability: Protosynthesis|[fromitem]\n|-start|p1a: Flutter Mane|protosynthesisspe\n|turn|23\n|\n|t:|1700228908\n|move|p2a: Tapu Bulu|Grassy Glide|p1a: Flutter Mane\n|-damage|p1a: Flutter Mane|0 fnt\n|faint|p1a: Flutter Mane\n|-end|p1a: Flutter Mane|Protosynthesis|[silent]\n|\n|-heal|p2a: Tapu Bulu|36\/100|[from] Grassy Terrain\n|-fieldend|move: Grassy Terrain\n|upkeep\n|\n|t:|1700228910\n|switch|p1a: Typhlosion|Typhlosion-Hisui, M|71\/100 tox\n|turn|24\n|c|\u2606Xopas|TAPU BULU\n|c|\u2606Xopas|OH MY GOODNESS\n|\n|t:|1700228929\n|switch|p2a: Dragalge|Dragalge, M|75\/100 brn\n|move|p1a: Typhlosion|Shadow Ball|p2a: Dragalge\n|-damage|p2a: Dragalge|54\/100 brn\n|\n|-damage|p1a: Typhlosion|65\/100 tox|[from] psn\n|-damage|p2a: Dragalge|48\/100 brn|[from] brn\n|upkeep\n|turn|25\n|\n|t:|1700228934\n|switch|p2a: Chien-Pao|Chien-Pao|72\/100\n|-ability|p2a: Chien-Pao|Sword of Ruin\n|move|p1a: Typhlosion|Shadow Ball|p2a: Chien-Pao\n|-resisted|p2a: Chien-Pao\n|-damage|p2a: Chien-Pao|40\/100\n|\n|-damage|p1a: Typhlosion|53\/100 tox|[from] psn\n|upkeep\n|turn|26\n|c|\u2606Xopas|Ggs\n|\n|t:|1700228940\n|move|p2a: Chien-Pao|Crunch|p1a: Typhlosion\n|-supereffective|p1a: Typhlosion\n|-damage|p1a: Typhlosion|0 fnt\n|faint|p1a: Typhlosion\n|\n|win|Xopas\n|c|\u2606Finalcrew15|Gg\n|l|\u2606Finalcrew15\n|j| xavier007\n|l| xavier007\n","uploadtime":1700228948,"views":49,"p1id":"finalcrew15","p2id":"xopas","formatid":"gen9ubers","rating":0,"private":0,"password":""}