{"id":"radicalred-gen9ubers-534523","p1":"Ivancuervo2007","p2":"axelzzz09","format":"[Gen 9] Ubers","log":"|j|\u2606Ivancuervo2007\n|j|\u2606axelzzz09\n|t:|1697814047\n|gametype|singles\n|player|p1|Ivancuervo2007|rr-houndoommega|\n|player|p2|axelzzz09|rr-lucariomega|\n|teamsize|p1|6\n|teamsize|p2|6\n|gen|9\n|tier|[Gen 9] Ubers\n|rule|Sleep Clause Mod: Limit one foe put to sleep\n|rule|Species Clause: Limit one of each Pok\u00e9mon\n|rule|OHKO Clause: OHKO moves are banned\n|rule|Evasion Abilities Clause: Evasion abilities are banned\n|rule|Evasion Items Clause: Evasion items are banned\n|rule|Evasion Moves Clause: Evasion moves are banned\n|rule|Endless Battle Clause: Forcing endless battles is banned\n|rule|HP Percentage Mod: HP is shown in percentages\n|rule|Dynamax Clause: You cannot dynamax\n|rule|Mega Rayquaza Clause: You cannot mega evolve Rayquaza\n|clearpoke\n|poke|p1|Gardevoir, M|\n|poke|p1|Indeedee-F, F|\n|poke|p1|Hatterene, F|\n|poke|p1|Reuniclus, F|\n|poke|p1|Malamar, M|\n|poke|p1|Kingambit, M|\n|poke|p2|Dragapult, M|\n|poke|p2|Garchomp, M|\n|poke|p2|Hydreigon, M|\n|poke|p2|Noivern, M|\n|poke|p2|Tyrantrum, M|\n|poke|p2|Altaria, F|\n|teampreview\n|\n|t:|1697814078\n|start\n|switch|p1a: Malo|Malamar, M|100\/100\n|switch|p2a: Tyrantrum|Tyrantrum, M|100\/100\n|turn|1\n|\n|t:|1697814085\n|move|p2a: Tyrantrum|Head Smash|p1a: Malo\n|-damage|p1a: Malo|0 fnt\n|faint|p1a: Malo\n|\n|upkeep\n|\n|t:|1697814090\n|switch|p1a: Maid|Indeedee-F, F|100\/100\n|-fieldstart|move: Psychic Terrain|[from] ability: Psychic Surge|[of] p1a: Maid\n|turn|2\n|\n|t:|1697814097\n|move|p2a: Tyrantrum|Head Smash|p1a: Maid\n|-damage|p1a: Maid|0 fnt\n|faint|p1a: Maid\n|\n|upkeep\n|c|\u2606axelzzz09|xdddd\n|\n|t:|1697814108\n|switch|p1a: Infinit|Kingambit, M|100\/100\n|-activate|p1a: Infinit|ability: Supreme Overlord\n|-start|p1a: Infinit|fallen2|[silent]\n|turn|3\n|c|\u2606axelzzz09|rayos que violada le estoy haciendo\n|\n|t:|1697814123\n|switch|p2a: Noivern|Noivern, M|100\/100\n|move|p1a: Infinit|Iron Head|p2a: Noivern\n|-crit|p2a: Noivern\n|-damage|p2a: Noivern|0 fnt\n|faint|p2a: Noivern\n|\n|upkeep\n|\n|t:|1697814133\n|switch|p2a: Tyrantrum|Tyrantrum, M|100\/100\n|turn|4\n|\n|t:|1697814137\n|move|p2a: Tyrantrum|Earthquake|p1a: Infinit\n|-supereffective|p1a: Infinit\n|-damage|p1a: Infinit|31\/100\n|move|p1a: Infinit|Iron Head|p2a: Tyrantrum\n|-supereffective|p2a: Tyrantrum\n|-damage|p2a: Tyrantrum|0 fnt\n|faint|p2a: Tyrantrum\n|\n|upkeep\n|c|\u2606axelzzz09|no jodas no me salio la tactica\n|\n|t:|1697814155\n|switch|p2a: Garchomp|Garchomp, M|100\/100\n|turn|5\n|\n|t:|1697814160\n|-end|p1a: Infinit|fallen2|[silent]\n|switch|p1a: Wich|Hatterene, F|100\/100\n|-enditem|p1a: Wich|Psychic Seed\n|-boost|p1a: Wich|spd|1|[from] item: Psychic Seed\n|move|p2a: Garchomp|Earthquake|p1a: Wich\n|-damage|p1a: Wich|43\/100\n|\n|upkeep\n|turn|6\n|c|\u2606axelzzz09|xdddddd\n|\n|t:|1697814167\n|move|p2a: Garchomp|Earthquake|p1a: Wich\n|-damage|p1a: Wich|0 fnt\n|faint|p1a: Wich\n|\n|-fieldend|move: Psychic Terrain\n|upkeep\n|\n|t:|1697814175\n|switch|p1a: Femboy|Gardevoir, M, shiny|100\/100\n|turn|7\n|\n|t:|1697814188\n|detailschange|p1a: Femboy|Gardevoir-Mega, M, shiny\n|-mega|p1a: Femboy|Gardevoir|Gardevoirite\n|move|p2a: Garchomp|Stealth Rock|p1a: Femboy\n|-sidestart|p1: Ivancuervo2007|move: Stealth Rock\n|move|p1a: Femboy|Hyper Voice|p2a: Garchomp\n|-supereffective|p2a: Garchomp\n|-damage|p2a: Garchomp|0 fnt\n|faint|p2a: Garchomp\n|\n|upkeep\n|c|\u2606axelzzz09|xd femboy\n|j| Player350\n|\n|t:|1697814201\n|switch|p2a: Altaria|Altaria, F|100\/100\n|turn|8\n|\n|t:|1697814207\n|detailschange|p2a: Altaria|Altaria-Mega, F\n|-mega|p2a: Altaria|Altaria|Altarianite\n|move|p2a: Altaria|Earthquake|p1a: Femboy\n|-damage|p1a: Femboy|59\/100\n|move|p1a: Femboy|Hyper Voice|p2a: Altaria\n|-supereffective|p2a: Altaria\n|-damage|p2a: Altaria|0 fnt\n|faint|p2a: Altaria\n|\n|upkeep\n|\n|t:|1697814218\n|switch|p2a: Dragapult|Dragapult, M|100\/100\n|turn|9\n|\n|t:|1697814225\n|move|p2a: Dragapult|Phantom Force||[still]\n|-prepare|p2a: Dragapult|Phantom Force\n|move|p1a: Femboy|Hyper Voice|p2a: Dragapult|[miss]\n|-miss|p1a: Femboy|p2a: Dragapult\n|\n|upkeep\n|turn|10\n|\n|t:|1697814234\n|switch|p1a: Infinit|Kingambit, M|31\/100\n|-damage|p1a: Infinit|25\/100|[from] Stealth Rock\n|-activate|p1a: Infinit|ability: Supreme Overlord\n|-start|p1a: Infinit|fallen3|[silent]\n|move|p2a: Dragapult|Phantom Force|p1a: Infinit|[from]lockedmove\n|-resisted|p1a: Infinit\n|-damage|p1a: Infinit|11\/100\n|\n|upkeep\n|turn|11\n|\n|t:|1697814245\n|move|p2a: Dragapult|Phantom Force||[still]\n|-prepare|p2a: Dragapult|Phantom Force\n|move|p1a: Infinit|Kowtow Cleave|p2a: Dragapult|[miss]\n|-miss|p1a: Infinit|p2a: Dragapult\n|\n|upkeep\n|turn|12\n|c|\u2606axelzzz09|xd se me olvido quitarle el pa\u00f1uelo elegido\n|\n|t:|1697814257\n|move|p2a: Dragapult|Phantom Force|p1a: Infinit|[from]lockedmove\n|-resisted|p1a: Infinit\n|-damage|p1a: Infinit|0 fnt\n|faint|p1a: Infinit\n|-end|p1a: Infinit|fallen3|[silent]\n|\n|upkeep\n|\n|t:|1697814277\n|switch|p1a: Cell|Reuniclus, F|100\/100\n|turn|13\n|c| Player350|No spirit shackle?\n|\n|t:|1697814284\n|move|p2a: Dragapult|Phantom Force||[still]\n|-prepare|p2a: Dragapult|Phantom Force\n|move|p1a: Cell|Expanding Force|p2a: Dragapult|[miss]\n|-miss|p1a: Cell|p2a: Dragapult\n|\n|upkeep\n|turn|14\n|c|\u2606axelzzz09|quien es ese?\n|c|\u2606axelzzz09|player 350?\n|\n|t:|1697814300\n|move|p2a: Dragapult|Phantom Force|p1a: Cell|[from]lockedmove\n|-supereffective|p1a: Cell\n|-damage|p1a: Cell|11\/100\n|move|p1a: Cell|Shadow Ball|p2a: Dragapult\n|-supereffective|p2a: Dragapult\n|-damage|p2a: Dragapult|0 fnt\n|faint|p2a: Dragapult\n|\n|upkeep\n|\n|t:|1697814312\n|switch|p2a: Hydreigon|Hydreigon, M|100\/100\n|turn|15\n|c|\u2606Ivancuervo2007|Un random\n|c|\u2606axelzzz09|xd se me habia olvidado quitarle el pa\u00f1uelo al dragapult\n|c|\u2606Ivancuervo2007|@Player350 No spirit shackle\n|\n|t:|1697814358\n|move|p2a: Hydreigon|Fire Blast|p1a: Cell|[miss]\n|-miss|p2a: Hydreigon|p1a: Cell\n|move|p1a: Cell|Flash Cannon|p2a: Hydreigon\n|-damage|p2a: Hydreigon|53\/100\n|-unboost|p2a: Hydreigon|spd|1\n|\n|upkeep\n|turn|16\n|c|\u2606axelzzz09|que quiso decir?\n|\n|t:|1697814367\n|move|p2a: Hydreigon|Fire Blast|p1a: Cell|[miss]\n|-miss|p2a: Hydreigon|p1a: Cell\n|move|p1a: Cell|Flash Cannon|p2a: Hydreigon\n|-damage|p2a: Hydreigon|0 fnt\n|faint|p2a: Hydreigon\n|\n|win|Ivancuervo2007\n|l|\u2606Ivancuervo2007\n","uploadtime":1697814378,"views":8,"p1id":"ivancuervo2007","p2id":"axelzzz09","formatid":"gen9ubers","rating":0,"private":0,"password":""}