{"id":"radicalred-gen9ubers-548805","p1":"Warpa1nt","p2":"blurngr","format":"[Gen 9] Ubers","log":"|j|\u2606Warpa1nt\n|j|\u2606blurngr\n|t:|1700439784\n|gametype|singles\n|player|p1|Warpa1nt|rr-deoxys|\n|player|p2|blurngr|2|\n|teamsize|p1|6\n|teamsize|p2|6\n|gen|9\n|tier|[Gen 9] Ubers\n|rule|Sleep Clause Mod: Limit one foe put to sleep\n|rule|Species Clause: Limit one of each Pok\u00e9mon\n|rule|OHKO Clause: OHKO moves are banned\n|rule|Evasion Abilities Clause: Evasion abilities are banned\n|rule|Evasion Items Clause: Evasion items are banned\n|rule|Evasion Moves Clause: Evasion moves are banned\n|rule|Endless Battle Clause: Forcing endless battles is banned\n|rule|HP Percentage Mod: HP is shown in percentages\n|rule|Dynamax Clause: You cannot dynamax\n|rule|Mega Rayquaza Clause: You cannot mega evolve Rayquaza\n|clearpoke\n|poke|p1|Deoxys|\n|poke|p1|Iron Valiant|\n|poke|p1|Tyranitar, F|\n|poke|p1|Excadrill, M|\n|poke|p1|Eelektross, M|\n|poke|p1|Talonflame, F|\n|poke|p2|Delphox, M|\n|poke|p2|Krookodile, F|\n|poke|p2|Florges, F|\n|poke|p2|Kingler, M|\n|poke|p2|Tornadus-Therian, M|\n|poke|p2|Zebstrika-Sevii, F|\n|teampreview\n|c|\u2606blurngr|gl hf\n|c|\u2606Warpa1nt|As well to you!\n|\n|t:|1700439818\n|start\n|switch|p1a: Deoxys|Deoxys|100\/100\n|switch|p2a: Krookodile|Krookodile, F|100\/100\n|-ability|p2a: Krookodile|Intimidate|boost\n|-unboost|p1a: Deoxys|atk|1\n|-ability|p1a: Deoxys|Pressure\n|turn|1\n|\n|t:|1700439833\n|-activate|p1a: Deoxys|move: Pursuit\n|move|p2a: Krookodile|Pursuit|p1a: Deoxys|[from]Pursuit\n|-supereffective|p1a: Deoxys\n|-damage|p1a: Deoxys|0 fnt\n|faint|p1a: Deoxys\n|-hint|A Pokemon can't switch between when it runs out of HP and when it faints\n|\n|upkeep\n|\n|t:|1700439837\n|switch|p1a: Iron Valiant|Iron Valiant, shiny|100\/100\n|turn|2\n|c|\u2606Warpa1nt|oops\n|\n|t:|1700439844\n|switch|p2a: Tornadus|Tornadus-Therian, M|100\/100\n|move|p1a: Iron Valiant|Close Combat|p2a: Tornadus\n|-resisted|p2a: Tornadus\n|-damage|p2a: Tornadus|54\/100\n|-unboost|p1a: Iron Valiant|def|1\n|-unboost|p1a: Iron Valiant|spd|1\n|-damage|p1a: Iron Valiant|84\/100|[from] item: Rocky Helmet|[of] p2a: Tornadus\n|\n|upkeep\n|turn|3\n|\n|t:|1700439858\n|-end|p1a: Iron Valiant|Quark Drive|[silent]\n|switch|p1a: Tyranitar|Tyranitar, F, shiny|100\/100\n|-weather|Sandstorm|[from] ability: Sand Stream|[of] p1a: Tyranitar\n|move|p2a: Tornadus|U-turn|p1a: Tyranitar\n|-supereffective|p1a: Tyranitar\n|-damage|p1a: Tyranitar|81\/100\n|\n|t:|1700439867\n|switch|p2a: Kingler|Kingler, M|100\/100|[from] U-turn\n|\n|-weather|Sandstorm|[upkeep]\n|-damage|p2a: Kingler|95\/100|[from] Sandstorm\n|upkeep\n|turn|4\n|\n|t:|1700439891\n|detailschange|p2a: Kingler|Kingler-Mega, M\n|-mega|p2a: Kingler|Kingler|Kinglerite\n|move|p2a: Kingler|Crabhammer|p1a: Tyranitar\n|-supereffective|p1a: Tyranitar\n|-damage|p1a: Tyranitar|0 fnt\n|faint|p1a: Tyranitar\n|\n|-weather|Sandstorm|[upkeep]\n|upkeep\n|\n|t:|1700439895\n|switch|p1a: Excadrill|Excadrill, M|100\/100\n|turn|5\n|\n|t:|1700439917\n|switch|p2a: Tornadus|Tornadus-Therian, M|87\/100\n|move|p1a: Excadrill|Earthquake|p2a: Tornadus\n|-immune|p2a: Tornadus\n|\n|-weather|Sandstorm|[upkeep]\n|-damage|p2a: Tornadus|81\/100|[from] Sandstorm\n|upkeep\n|turn|6\n|\n|t:|1700439928\n|move|p1a: Excadrill|Rock Slide|p2a: Tornadus\n|-supereffective|p2a: Tornadus\n|-damage|p2a: Tornadus|5\/100\n|-damage|p1a: Excadrill|91\/100|[from] item: Life Orb\n|move|p2a: Tornadus|Knock Off|p1a: Excadrill\n|-damage|p1a: Excadrill|65\/100\n|-enditem|p1a: Excadrill|Life Orb|[from] move: Knock Off|[of] p2a: Tornadus\n|\n|-weather|Sandstorm|[upkeep]\n|-damage|p2a: Tornadus|0 fnt|[from] Sandstorm\n|faint|p2a: Tornadus\n|upkeep\n|\n|t:|1700439947\n|switch|p2a: Krookodile|Krookodile, F|100\/100\n|-ability|p2a: Krookodile|Intimidate|boost\n|-unboost|p1a: Excadrill|atk|1\n|turn|7\n|\n|t:|1700439950\n|switch|p1a: Iron Valiant|Iron Valiant, shiny|84\/100\n|move|p2a: Krookodile|Wicked Blow|p1a: Iron Valiant\n|-resisted|p1a: Iron Valiant\n|-crit|p1a: Iron Valiant\n|-damage|p1a: Iron Valiant|65\/100\n|\n|-weather|none\n|upkeep\n|turn|8\n|\n|t:|1700439959\n|switch|p2a: Florges|Florges, F|100\/100\n|move|p1a: Iron Valiant|Close Combat|p2a: Florges\n|-resisted|p2a: Florges\n|-damage|p2a: Florges|37\/100\n|-unboost|p1a: Iron Valiant|def|1\n|-unboost|p1a: Iron Valiant|spd|1\n|\n|-heal|p2a: Florges|43\/100|[from] item: Leftovers\n|upkeep\n|turn|9\n|\n|t:|1700439970\n|move|p2a: Florges|Protect|p2a: Florges\n|-singleturn|p2a: Florges|Protect\n|move|p1a: Iron Valiant|Close Combat|p2a: Florges\n|-activate|p2a: Florges|move: Protect\n|\n|-heal|p2a: Florges|49\/100|[from] item: Leftovers\n|upkeep\n|turn|10\n|\n|t:|1700439990\n|move|p1a: Iron Valiant|Close Combat|p2a: Florges\n|-resisted|p2a: Florges\n|-damage|p2a: Florges|0 fnt\n|-unboost|p1a: Iron Valiant|def|1\n|-unboost|p1a: Iron Valiant|spd|1\n|faint|p2a: Florges\n|\n|upkeep\n|\n|t:|1700439997\n|switch|p2a: Delphox|Delphox, M|100\/100\n|turn|11\n|\n|t:|1700440005\n|-end|p1a: Iron Valiant|Quark Drive|[silent]\n|switch|p1a: Eelektross|Eelektross, M, shiny|100\/100\n|move|p2a: Delphox|Substitute|p2a: Delphox\n|-start|p2a: Delphox|Substitute\n|-damage|p2a: Delphox|75\/100\n|\n|upkeep\n|turn|12\n|\n|t:|1700440011\n|move|p2a: Delphox|Mind Blown|p1a: Eelektross\n|-damage|p1a: Eelektross|31\/100\n|move|p1a: Eelektross|Thunderbolt|p2a: Delphox\n|-end|p2a: Delphox|Substitute\n|\n|upkeep\n|turn|13\n|\n|t:|1700440019\n|move|p2a: Delphox|Mind Blown|p1a: Eelektross\n|-damage|p1a: Eelektross|0 fnt\n|faint|p1a: Eelektross\n|\n|upkeep\n|\n|t:|1700440022\n|switch|p1a: Talonflame|Talonflame, F|100\/100\n|turn|14\n|\n|t:|1700440033\n|switch|p2a: Kingler|Kingler-Mega, M|95\/100\n|move|p1a: Talonflame|Brave Bird|p2a: Kingler\n|-resisted|p2a: Kingler\n|-damage|p2a: Kingler|74\/100\n|-damage|p1a: Talonflame|96\/100|[from] Recoil\n|\n|upkeep\n|turn|15\n|\n|t:|1700440041\n|move|p1a: Talonflame|Will-O-Wisp|p2a: Kingler\n|-status|p2a: Kingler|brn\n|move|p2a: Kingler|Crabhammer|p1a: Talonflame\n|-supereffective|p1a: Talonflame\n|-damage|p1a: Talonflame|6\/100\n|\n|-damage|p2a: Kingler|68\/100 brn|[from] brn\n|upkeep\n|turn|16\n|\n|t:|1700440048\n|switch|p1a: Iron Valiant|Iron Valiant, shiny|65\/100\n|move|p2a: Kingler|Flip Turn|p1a: Iron Valiant\n|-damage|p1a: Iron Valiant|36\/100\n|\n|t:|1700440060\n|switch|p2a: Delphox|Delphox, M|75\/100|[from] Flip Turn\n|\n|upkeep\n|turn|17\n|\n|t:|1700440066\n|move|p1a: Iron Valiant|Shadow Sneak|p2a: Delphox\n|-supereffective|p2a: Delphox\n|-damage|p2a: Delphox|12\/100\n|move|p2a: Delphox|Mind Blown|p1a: Iron Valiant\n|-damage|p1a: Iron Valiant|0 fnt\n|faint|p1a: Iron Valiant\n|-end|p1a: Iron Valiant|Quark Drive|[silent]\n|\n|upkeep\n|\n|t:|1700440074\n|switch|p1a: Talonflame|Talonflame, F|6\/100\n|turn|18\n|\n|t:|1700440084\n|switch|p2a: Kingler|Kingler-Mega, M|68\/100 brn\n|move|p1a: Talonflame|Overheat|p2a: Kingler\n|-damage|p2a: Kingler|13\/100 brn\n|-unboost|p1a: Talonflame|spa|2\n|\n|-damage|p2a: Kingler|7\/100 brn|[from] brn\n|upkeep\n|turn|19\n|\n|t:|1700440094\n|move|p1a: Talonflame|Roost|p1a: Talonflame\n|-heal|p1a: Talonflame|56\/100\n|-singleturn|p1a: Talonflame|move: Roost\n|move|p2a: Kingler|Crabhammer|p1a: Talonflame\n|-supereffective|p1a: Talonflame\n|-damage|p1a: Talonflame|0 fnt\n|faint|p1a: Talonflame\n|\n|-damage|p2a: Kingler|1\/100 brn|[from] brn\n|upkeep\n|\n|t:|1700440100\n|switch|p1a: Excadrill|Excadrill, M|65\/100\n|turn|20\n|\n|t:|1700440106\n|move|p2a: Kingler|Crabhammer|p1a: Excadrill|[miss]\n|-miss|p2a: Kingler|p1a: Excadrill\n|move|p1a: Excadrill|Iron Head|p2a: Kingler\n|-resisted|p2a: Kingler\n|-damage|p2a: Kingler|0 fnt\n|faint|p2a: Kingler\n|\n|upkeep\n|c|\u2606blurngr|damn\n|c|\u2606Warpa1nt|rip\n|\n|t:|1700440134\n|switch|p2a: Krookodile|Krookodile, F|100\/100\n|-ability|p2a: Krookodile|Intimidate|boost\n|-unboost|p1a: Excadrill|atk|1\n|turn|21\n|c|\u2606blurngr|gg\n|\n|t:|1700440139\n|move|p2a: Krookodile|Earthquake|p1a: Excadrill\n|-supereffective|p1a: Excadrill\n|-damage|p1a: Excadrill|0 fnt\n|faint|p1a: Excadrill\n|\n|win|blurngr\n|c|\u2606Warpa1nt|gg mate\n","uploadtime":1700440146,"views":41,"p1id":"warpa1nt","p2id":"blurngr","formatid":"gen9ubers","rating":0,"private":0,"password":""}