{"id":"radicalred-gen9ubers-552170","p1":"alexisarbolero","p2":"nose xd123","format":"[Gen 9] Ubers","log":"|j|\u2606alexisarbolero\n|j|\u2606nose xd123\n|t:|1701210514\n|gametype|singles\n|player|p1|alexisarbolero|rr-glaceon|\n|player|p2|nose xd123|rr-greninja|\n|teamsize|p1|6\n|teamsize|p2|6\n|gen|9\n|tier|[Gen 9] Ubers\n|rule|Sleep Clause Mod: Limit one foe put to sleep\n|rule|Species Clause: Limit one of each Pok\u00e9mon\n|rule|OHKO Clause: OHKO moves are banned\n|rule|Evasion Abilities Clause: Evasion abilities are banned\n|rule|Evasion Items Clause: Evasion items are banned\n|rule|Evasion Moves Clause: Evasion moves are banned\n|rule|Endless Battle Clause: Forcing endless battles is banned\n|rule|HP Percentage Mod: HP is shown in percentages\n|rule|Dynamax Clause: You cannot dynamax\n|rule|Mega Rayquaza Clause: You cannot mega evolve Rayquaza\n|clearpoke\n|poke|p1|Pelipper, F|\n|poke|p1|Toxapex, M|\n|poke|p1|Milotic, F|\n|poke|p1|Poliwrath, M|\n|poke|p1|Lapras, M|\n|poke|p1|Gastrodon-East, M|\n|poke|p2|Donphan, M|\n|poke|p2|Meowscarada, F|\n|poke|p2|Duraludon, F|\n|poke|p2|Shuckle, F|\n|poke|p2|Alomomola, M|\n|poke|p2|Kingambit, M|\n|teampreview\n|\n|t:|1701210530\n|start\n|switch|p1a: Pelipper|Pelipper, F|100\/100\n|switch|p2a: Shuckle|Shuckle, F|100\/100\n|-weather|RainDance|[from] ability: Drizzle|[of] p1a: Pelipper\n|turn|1\n|\n|t:|1701210543\n|switch|p1a: Poliwrath|Poliwrath, M|100\/100\n|move|p2a: Shuckle|Sticky Web|p1a: Poliwrath\n|-sidestart|p1: alexisarbolero|move: Sticky Web\n|\n|-weather|RainDance|[upkeep]\n|upkeep\n|turn|2\n|\n|t:|1701210556\n|switch|p2a: Alomomola|Alomomola, M|100\/100\n|move|p1a: Poliwrath|Belly Drum|p1a: Poliwrath\n|-damage|p1a: Poliwrath|50\/100\n|-setboost|p1a: Poliwrath|atk|6|[from] move: Belly Drum\n|\n|-weather|RainDance|[upkeep]\n|upkeep\n|turn|3\n|\n|t:|1701210566\n|move|p2a: Alomomola|Protect|p2a: Alomomola\n|-singleturn|p2a: Alomomola|Protect\n|-zpower|p1a: Poliwrath\n|move|p1a: Poliwrath|Z-Hypnosis|p2a: Alomomola|[anim]Hypnosis\n|-boost|p1a: Poliwrath|spe|1|[zeffect]\n|-activate|p2a: Alomomola|move: Protect\n|\n|-weather|RainDance|[upkeep]\n|upkeep\n|turn|4\n|\n|t:|1701210580\n|move|p1a: Poliwrath|Drain Punch|p2a: Alomomola\n|-crit|p2a: Alomomola\n|-damage|p2a: Alomomola|14\/100\n|-heal|p1a: Poliwrath|100\/100|[from] drain|[of] p2a: Alomomola\n|-damage|p1a: Poliwrath|84\/100|[from] item: Rocky Helmet|[of] p2a: Alomomola\n|move|p2a: Alomomola|Toxic|p1a: Poliwrath\n|-status|p1a: Poliwrath|tox\n|\n|-weather|RainDance|[upkeep]\n|-damage|p1a: Poliwrath|78\/100 tox|[from] psn\n|upkeep\n|turn|5\n|\n|t:|1701210591\n|switch|p2a: Shuckle|Shuckle, F|100\/100\n|move|p1a: Poliwrath|Drain Punch|p2a: Shuckle\n|-damage|p2a: Shuckle|22\/100\n|-heal|p1a: Poliwrath|100\/100 tox|[from] drain|[of] p2a: Shuckle\n|\n|-weather|RainDance|[upkeep]\n|-damage|p1a: Poliwrath|88\/100 tox|[from] psn\n|upkeep\n|turn|6\n|\n|t:|1701210600\n|move|p1a: Poliwrath|Drain Punch|p2a: Shuckle\n|-damage|p2a: Shuckle|0 fnt\n|-heal|p1a: Poliwrath|96\/100 tox|[from] drain|[of] p2a: Shuckle\n|faint|p2a: Shuckle\n|\n|-weather|RainDance|[upkeep]\n|-damage|p1a: Poliwrath|78\/100 tox|[from] psn\n|upkeep\n|\n|t:|1701210606\n|switch|p2a: Donphan|Donphan, M|100\/100\n|turn|7\n|\n|t:|1701210609\n|move|p1a: Poliwrath|Surging Strikes|p2a: Donphan\n|-supereffective|p2a: Donphan\n|-crit|p2a: Donphan\n|-ability|p2a: Donphan|Sturdy\n|-damage|p2a: Donphan|1\/100\n|-supereffective|p2a: Donphan\n|-crit|p2a: Donphan\n|-damage|p2a: Donphan|0 fnt\n|faint|p2a: Donphan\n|-hitcount|p2: Donphan|2\n|\n|-weather|RainDance|[upkeep]\n|-damage|p1a: Poliwrath|54\/100 tox|[from] psn\n|upkeep\n|\n|t:|1701210620\n|switch|p2a: Alomomola|Alomomola, M|47\/100\n|turn|8\n|\n|t:|1701210623\n|move|p2a: Alomomola|Protect|p2a: Alomomola\n|-singleturn|p2a: Alomomola|Protect\n|move|p1a: Poliwrath|Drain Punch|p2a: Alomomola\n|-activate|p2a: Alomomola|move: Protect\n|\n|-weather|none\n|-damage|p1a: Poliwrath|24\/100 tox|[from] psn\n|upkeep\n|turn|9\n|\n|t:|1701210633\n|move|p1a: Poliwrath|Drain Punch|p2a: Alomomola\n|-damage|p2a: Alomomola|0 fnt\n|-heal|p1a: Poliwrath|60\/100 tox|[from] drain|[of] p2a: Alomomola\n|-damage|p1a: Poliwrath|43\/100 tox|[from] item: Rocky Helmet|[of] p2a: Alomomola\n|faint|p2a: Alomomola\n|\n|-damage|p1a: Poliwrath|7\/100 tox|[from] psn\n|upkeep\n|\n|t:|1701210638\n|switch|p2a: Meowscarada|Meowscarada, F|100\/100\n|turn|10\n|\n|t:|1701210645\n|move|p2a: Meowscarada|Sucker Punch|p1a: Poliwrath\n|-start|p2a: Meowscarada|typechange|Dark|[from] ability: Protean\n|-resisted|p1a: Poliwrath\n|-damage|p1a: Poliwrath|0 fnt\n|faint|p1a: Poliwrath\n|-damage|p2a: Meowscarada|91\/100|[from] item: Life Orb\n|\n|upkeep\n|\n|t:|1701210653\n|switch|p1a: Pelipper|Pelipper, F|100\/100\n|-weather|RainDance|[from] ability: Drizzle|[of] p1a: Pelipper\n|turn|11\n|\n|t:|1701210658\n|switch|p2a: Duraludon|Duraludon, F|100\/100\n|move|p1a: Pelipper|Hurricane|p2a: Duraludon\n|-resisted|p2a: Duraludon\n|-damage|p2a: Duraludon|69\/100\n|\n|-weather|RainDance|[upkeep]\n|upkeep\n|turn|12\n|\n|t:|1701210666\n|switch|p1a: ElpeLuca|Gastrodon-East, M|100\/100\n|-activate|p1a: ElpeLuca|move: Sticky Web\n|-unboost|p1a: ElpeLuca|spe|1\n|detailschange|p2a: Duraludon|Duraludon-Mega, F\n|-mega|p2a: Duraludon|Duraludon|Duraludonite\n|move|p2a: Duraludon|Draco Meteor|p1a: ElpeLuca\n|-damage|p1a: ElpeLuca|57\/100\n|\n|-weather|RainDance|[upkeep]\n|-heal|p1a: ElpeLuca|63\/100|[from] item: Leftovers\n|upkeep\n|turn|13\n|\n|t:|1701210681\n|switch|p2a: Meowscarada|Meowscarada, F|91\/100\n|move|p1a: ElpeLuca|Recover|p1a: ElpeLuca\n|-heal|p1a: ElpeLuca|100\/100\n|\n|-weather|RainDance|[upkeep]\n|upkeep\n|turn|14\n|\n|t:|1701210690\n|switch|p1a: Toxapex|Toxapex, M|100\/100\n|-activate|p1a: Toxapex|move: Sticky Web\n|-unboost|p1a: Toxapex|spe|1\n|move|p2a: Meowscarada|Flower Trick|p1a: Toxapex\n|-start|p2a: Meowscarada|typechange|Grass|[from] ability: Protean\n|-crit|p1a: Toxapex\n|-damage|p1a: Toxapex|54\/100\n|-damage|p2a: Meowscarada|81\/100|[from] item: Life Orb\n|\n|-weather|RainDance|[upkeep]\n|-heal|p1a: Toxapex|60\/100|[from] item: Black Sludge\n|upkeep\n|turn|15\n|\n|t:|1701210703\n|switch|p2a: Kingambit|Kingambit, M|100\/100\n|-activate|p2a: Kingambit|ability: Supreme Overlord\n|-start|p2a: Kingambit|fallen3|[silent]\n|move|p1a: Toxapex|Toxic|p2a: Kingambit\n|-immune|p2a: Kingambit\n|\n|-weather|RainDance|[upkeep]\n|-heal|p1a: Toxapex|66\/100|[from] item: Black Sludge\n|upkeep\n|turn|16\n|\n|t:|1701210710\n|move|p2a: Kingambit|Swords Dance|p2a: Kingambit\n|-boost|p2a: Kingambit|atk|2\n|move|p1a: Toxapex|Recover|p1a: Toxapex\n|-heal|p1a: Toxapex|100\/100\n|\n|-weather|RainDance|[upkeep]\n|upkeep\n|turn|17\n|\n|t:|1701210716\n|move|p2a: Kingambit|Kowtow Cleave|p1a: Toxapex\n|-damage|p1a: Toxapex|0 fnt\n|faint|p1a: Toxapex\n|\n|-weather|RainDance|[upkeep]\n|upkeep\n|\n|t:|1701210724\n|switch|p1a: Milotic|Milotic, F, shiny|100\/100\n|-activate|p1a: Milotic|move: Sticky Web\n|-unboost|p1a: Milotic|spe|1\n|turn|18\n|\n|t:|1701210730\n|move|p1a: Milotic|Hydro Pump|p2a: Kingambit\n|-damage|p2a: Kingambit|43\/100\n|move|p2a: Kingambit|Kowtow Cleave|p1a: Milotic\n|-damage|p1a: Milotic|7\/100\n|\n|-weather|none\n|-heal|p1a: Milotic|13\/100|[from] item: Leftovers\n|-heal|p2a: Kingambit|49\/100|[from] item: Leftovers\n|upkeep\n|turn|19\n|\n|t:|1701210740\n|move|p2a: Kingambit|Sucker Punch|p1a: Milotic\n|-damage|p1a: Milotic|0 fnt\n|faint|p1a: Milotic\n|\n|-heal|p2a: Kingambit|55\/100|[from] item: Leftovers\n|upkeep\n|\n|t:|1701210747\n|switch|p1a: Pelipper|Pelipper, F|100\/100\n|-weather|RainDance|[from] ability: Drizzle|[of] p1a: Pelipper\n|turn|20\n|\n|t:|1701210751\n|move|p2a: Kingambit|Sucker Punch|p1a: Pelipper\n|-damage|p1a: Pelipper|9\/100\n|move|p1a: Pelipper|Hydro Pump|p2a: Kingambit\n|-damage|p2a: Kingambit|1\/100\n|\n|-weather|RainDance|[upkeep]\n|-heal|p2a: Kingambit|8\/100|[from] item: Leftovers\n|upkeep\n|turn|21\n|\n|t:|1701210758\n|move|p2a: Kingambit|Sucker Punch|p1a: Pelipper\n|-damage|p1a: Pelipper|0 fnt\n|faint|p1a: Pelipper\n|\n|-weather|RainDance|[upkeep]\n|-heal|p2a: Kingambit|14\/100|[from] item: Leftovers\n|upkeep\n|\n|t:|1701210764\n|switch|p1a: Lapras|Lapras, M|100\/100\n|-activate|p1a: Lapras|move: Sticky Web\n|-unboost|p1a: Lapras|spe|1\n|turn|22\n|\n|t:|1701210775\n|detailschange|p1a: Lapras|Lapras-Mega, M\n|-mega|p1a: Lapras|Lapras|Laprasite\n|move|p2a: Kingambit|Kowtow Cleave|p1a: Lapras\n|-damage|p1a: Lapras|22\/100\n|move|p1a: Lapras|Boomburst|p2a: Kingambit\n|-damage|p2a: Kingambit|0 fnt\n|faint|p2a: Kingambit\n|-end|p2a: Kingambit|fallen3|[silent]\n|\n|-weather|RainDance|[upkeep]\n|upkeep\n|\n|t:|1701210783\n|switch|p2a: Meowscarada|Meowscarada, F|81\/100\n|turn|23\n|\n|t:|1701210787\n|move|p2a: Meowscarada|Play Rough|p1a: Lapras\n|-start|p2a: Meowscarada|typechange|Fairy|[from] ability: Protean\n|-supereffective|p1a: Lapras\n|-damage|p1a: Lapras|0 fnt\n|faint|p1a: Lapras\n|-damage|p2a: Meowscarada|71\/100|[from] item: Life Orb\n|\n|-weather|RainDance|[upkeep]\n|upkeep\n|c|\u2606nose xd123|GG\n|\n|t:|1701210796\n|switch|p1a: ElpeLuca|Gastrodon-East, M|100\/100\n|-activate|p1a: ElpeLuca|move: Sticky Web\n|-unboost|p1a: ElpeLuca|spe|1\n|turn|24\n|\n|t:|1701210802\n|move|p2a: Meowscarada|Flower Trick|p1a: ElpeLuca\n|-start|p2a: Meowscarada|typechange|Grass|[from] ability: Protean\n|-supereffective|p1a: ElpeLuca\n|-crit|p1a: ElpeLuca\n|-damage|p1a: ElpeLuca|0 fnt\n|faint|p1a: ElpeLuca\n|-damage|p2a: Meowscarada|61\/100|[from] item: Life Orb\n|\n|win|nose xd123\n|l|\u2606alexisarbolero\n","uploadtime":1701210872,"views":2,"p1id":"alexisarbolero","p2id":"nosexd123","formatid":"gen9ubers","rating":0,"private":0,"password":""}