{"id":"radicalred-gen9ubers-535575","p1":"mcguineeplasto","p2":"SunriseSanction","format":"[Gen 9] Ubers","log":"|j|\u2606mcguineeplasto\n|j|\u2606SunriseSanction\n|t:|1698011108\n|gametype|singles\n|player|p1|mcguineeplasto|rr-mismagius|\n|player|p2|SunriseSanction|rr-sylveon|\n|teamsize|p1|6\n|teamsize|p2|6\n|gen|9\n|tier|[Gen 9] Ubers\n|rule|Sleep Clause Mod: Limit one foe put to sleep\n|rule|Species Clause: Limit one of each Pok\u00e9mon\n|rule|OHKO Clause: OHKO moves are banned\n|rule|Evasion Abilities Clause: Evasion abilities are banned\n|rule|Evasion Items Clause: Evasion items are banned\n|rule|Evasion Moves Clause: Evasion moves are banned\n|rule|Endless Battle Clause: Forcing endless battles is banned\n|rule|HP Percentage Mod: HP is shown in percentages\n|rule|Dynamax Clause: You cannot dynamax\n|rule|Mega Rayquaza Clause: You cannot mega evolve Rayquaza\n|clearpoke\n|poke|p1|Tornadus-Therian, M|\n|poke|p1|Castform, F|\n|poke|p1|Venusaur, M|\n|poke|p1|Clefable, M|\n|poke|p1|Probopass, M|\n|poke|p1|Plusle, F|\n|poke|p2|Pelipper, F|\n|poke|p2|Electrode|\n|poke|p2|Latios, M|\n|poke|p2|Mamoswine, M|\n|poke|p2|Rillaboom, M|\n|poke|p2|Crustle, M|\n|teampreview\n|c|\u2606SunriseSanction|glhf\n|c|\u2606mcguineeplasto|u2\n|\n|t:|1698011200\n|start\n|switch|p1a: S|Clefable, M|100\/100\n|switch|p2a: Pelipper|Pelipper, F|100\/100\n|-weather|RainDance|[from] ability: Drizzle|[of] p2a: Pelipper\n|turn|1\n|j| MercuryPlus1\n|c| MercuryPlus1|what the plusle doin\n|\n|t:|1698011231\n|move|p1a: S|Light of Ruin|p2a: Pelipper\n|-damage|p2a: Pelipper|11\/100\n|move|p2a: Pelipper|U-turn|p1a: S\n|-resisted|p1a: S\n|-damage|p1a: S|97\/100\n|c|\u2606mcguineeplasto|plussin\n|\n|t:|1698011243\n|switch|p2a: Electrode|Electrode|100\/100|[from] U-turn\n|\n|-weather|RainDance|[upkeep]\n|upkeep\n|turn|2\n|\n|t:|1698011264\n|switch|p1a: D|Venusaur, M|100\/100\n|move|p2a: Electrode|Thunder|p1a: D\n|-resisted|p1a: D\n|-damage|p1a: D|76\/100\n|\n|-weather|RainDance|[upkeep]\n|upkeep\n|turn|3\n|\n|t:|1698011272\n|move|p2a: Electrode|Volt Switch|p1a: D\n|-resisted|p1a: D\n|-damage|p1a: D|58\/100\n|\n|t:|1698011280\n|switch|p2a: Latios|Latios, M|100\/100|[from] Volt Switch\n|move|p1a: D|Sludge Bomb|p2a: Latios\n|-damage|p2a: Latios|42\/100\n|\n|-weather|RainDance|[upkeep]\n|upkeep\n|turn|4\n|\n|t:|1698011290\n|switch|p1a: S|Clefable, M|97\/100\n|detailschange|p2a: Latios|Latios-Mega, M\n|-mega|p2a: Latios|Latios|Latiosite\n|move|p2a: Latios|Luster Purge|p1a: S\n|-damage|p1a: S|44\/100\n|-unboost|p1a: S|spd|1\n|\n|-weather|RainDance|[upkeep]\n|upkeep\n|turn|5\n|\n|t:|1698011384\n|switch|p1a: G|Tornadus-Therian, M|100\/100\n|move|p2a: Latios|Luster Purge|p1a: G\n|-damage|p1a: G|37\/100\n|\n|-weather|RainDance|[upkeep]\n|upkeep\n|turn|6\n|\n|t:|1698011409\n|switch|p2a: Crustle|Crustle, M|100\/100\n|move|p1a: G|Bleakwind Storm|p2a: Crustle\n|-damage|p2a: Crustle|33\/100\n|\n|-weather|RainDance|[upkeep]\n|upkeep\n|turn|7\n|\n|t:|1698011417\n|move|p1a: G|Bleakwind Storm|p2a: Crustle\n|-damage|p2a: Crustle|0 fnt\n|faint|p2a: Crustle\n|\n|-weather|RainDance|[upkeep]\n|upkeep\n|\n|t:|1698011420\n|switch|p2a: Electrode|Electrode|100\/100\n|turn|8\n|\n|t:|1698011536\n|switch|p1a: S|Clefable, M|44\/100\n|move|p2a: Electrode|Volt Switch|p1a: S\n|-damage|p1a: S|14\/100\n|\n|t:|1698011548\n|switch|p2a: Latios|Latios-Mega, M|42\/100|[from] Volt Switch\n|\n|-weather|none\n|upkeep\n|turn|9\n|\n|t:|1698011569\n|move|p2a: Latios|Luster Purge|p1a: S\n|-damage|p1a: S|0 fnt\n|faint|p1a: S\n|\n|upkeep\n|\n|t:|1698011656\n|switch|p1a: G|Tornadus-Therian, M|70\/100\n|turn|10\n|\n|t:|1698011670\n|switch|p2a: Pelipper|Pelipper, F|11\/100\n|-weather|RainDance|[from] ability: Drizzle|[of] p2a: Pelipper\n|move|p1a: G|U-turn|p2a: Pelipper\n|-resisted|p2a: Pelipper\n|-damage|p2a: Pelipper|4\/100\n|\n|t:|1698011676\n|switch|p1a: I|Castform, F|100\/100|[from] U-turn\n|-weather|SunnyDay|[from] ability: Forecast|[of] p1a: I\n|-formechange|p1a: I|Castform-Sunny|[msg]|[from] ability: Forecast\n|\n|-weather|SunnyDay|[upkeep]\n|upkeep\n|turn|11\n|\n|t:|1698011706\n|move|p1a: I|Weather Ball|p2a: Pelipper\n|-resisted|p2a: Pelipper\n|-damage|p2a: Pelipper|0 fnt\n|faint|p2a: Pelipper\n|\n|-weather|SunnyDay|[upkeep]\n|upkeep\n|\n|t:|1698011709\n|switch|p2a: Mamoswine|Mamoswine, M|100\/100\n|turn|12\n|\n|t:|1698011716\n|switch|p1a: N|Probopass, M|100\/100\n|move|p2a: Mamoswine|Headlong Rush|p1a: N\n|-immune|p1a: N|[from] ability: Levitate\n|\n|-weather|SunnyDay|[upkeep]\n|upkeep\n|turn|13\n|\n|t:|1698011748\n|switch|p2a: Rillaboom|Rillaboom, M|100\/100\n|-fieldstart|move: Grassy Terrain|[from] ability: Grassy Surge|[of] p2a: Rillaboom\n|-enditem|p2a: Rillaboom|Grassy Seed\n|-boost|p2a: Rillaboom|def|1|[from] item: Grassy Seed\n|move|p1a: N|Stealth Rock|p2a: Rillaboom\n|-sidestart|p2: SunriseSanction|move: Stealth Rock\n|\n|-weather|SunnyDay|[upkeep]\n|upkeep\n|turn|14\n|j| hzethr\n|\n|t:|1698011767\n|switch|p1a: D|Venusaur, M|58\/100\n|move|p2a: Rillaboom|Swords Dance|p2a: Rillaboom\n|-boost|p2a: Rillaboom|atk|2\n|\n|-weather|SunnyDay|[upkeep]\n|-heal|p1a: D|64\/100|[from] Grassy Terrain\n|upkeep\n|turn|15\n|\n|t:|1698011774\n|move|p1a: D|Sludge Bomb|p2a: Rillaboom\n|-supereffective|p2a: Rillaboom\n|-damage|p2a: Rillaboom|0 fnt\n|faint|p2a: Rillaboom\n|\n|-weather|SunnyDay|[upkeep]\n|-heal|p1a: D|70\/100|[from] Grassy Terrain\n|upkeep\n|c| MercuryPlus1|got damn\n|c|\u2606SunriseSanction|Clorophyll, right\n|c|\u2606mcguineeplasto|yeah\n|c|\u2606SunriseSanction|LMAO\n|\n|t:|1698011799\n|switch|p2a: Electrode|Electrode|100\/100\n|-damage|p2a: Electrode|88\/100|[from] Stealth Rock\n|turn|16\n|\n|t:|1698011805\n|move|p1a: D|Earth Power|p2a: Electrode\n|-supereffective|p2a: Electrode\n|-damage|p2a: Electrode|0 fnt\n|faint|p2a: Electrode\n|\n|-weather|SunnyDay|[upkeep]\n|-heal|p1a: D|76\/100|[from] Grassy Terrain\n|upkeep\n|\n|t:|1698011808\n|switch|p2a: Mamoswine|Mamoswine, M|100\/100\n|-damage|p2a: Mamoswine|88\/100|[from] Stealth Rock\n|turn|17\n|\n|t:|1698011816\n|move|p1a: D|Giga Drain|p2a: Mamoswine\n|-supereffective|p2a: Mamoswine\n|-damage|p2a: Mamoswine|0 fnt\n|-heal|p1a: D|100\/100|[from] drain|[of] p2a: Mamoswine\n|faint|p2a: Mamoswine\n|\n|-weather|none\n|-fieldend|move: Grassy Terrain\n|upkeep\n|\n|t:|1698011818\n|switch|p2a: Latios|Latios-Mega, M|42\/100\n|-damage|p2a: Latios|30\/100|[from] Stealth Rock\n|turn|18\n|\n|t:|1698011827\n|switch|p1a: I|Castform, F|100\/100\n|-weather|SunnyDay|[from] ability: Forecast|[of] p1a: I\n|-formechange|p1a: I|Castform-Sunny|[msg]|[from] ability: Forecast\n|move|p2a: Latios|Tailwind|p2a: Latios\n|-sidestart|p2: SunriseSanction|move: Tailwind\n|\n|-weather|SunnyDay|[upkeep]\n|upkeep\n|turn|19\n|\n|t:|1698011839\n|move|p2a: Latios|Luster Purge|p1a: I\n|-damage|p1a: I|33\/100\n|move|p1a: I|Thunder Wave|p2a: Latios|[miss]\n|-miss|p1a: I|p2a: Latios\n|\n|-weather|SunnyDay|[upkeep]\n|upkeep\n|turn|20\n|\n|t:|1698011846\n|move|p2a: Latios|Luster Purge|p1a: I\n|-damage|p1a: I|0 fnt\n|faint|p1a: I\n|\n|-weather|SunnyDay|[upkeep]\n|upkeep\n|\n|t:|1698011850\n|switch|p1a: K|Plusle, F|100\/100\n|turn|21\n|\n|t:|1698011854\n|move|p2a: Latios|Luster Purge|p1a: K\n|-damage|p1a: K|12\/100\n|move|p1a: K|Nuzzle|p2a: Latios\n|-resisted|p2a: Latios\n|-damage|p2a: Latios|27\/100\n|-status|p2a: Latios|par\n|\n|-weather|SunnyDay|[upkeep]\n|-sideend|p2: SunriseSanction|move: Tailwind\n|upkeep\n|turn|22\n|\n|t:|1698011861\n|move|p1a: K|Thunderbolt|p2a: Latios\n|-resisted|p2a: Latios\n|-damage|p2a: Latios|4\/100 par\n|cant|p2a: Latios|par\n|\n|-weather|SunnyDay|[upkeep]\n|upkeep\n|turn|23\n|\n|t:|1698011867\n|move|p1a: K|Thunderbolt|p2a: Latios\n|-resisted|p2a: Latios\n|-damage|p2a: Latios|0 fnt\n|faint|p2a: Latios\n|\n|win|mcguineeplasto\n|c|\u2606mcguineeplasto|plusle carry\n|c|\u2606SunriseSanction|Got damn the Plusle W\n|c| MercuryPlus1|plusle crutch\n","uploadtime":1698011918,"views":19,"p1id":"mcguineeplasto","p2id":"sunrisesanction","formatid":"gen9ubers","rating":0,"private":0,"password":""}