{"id":"radicalred-gen9ubers-550287","p1":"CL LeafMist","p2":"Xopas","format":"[Gen 9] Ubers","log":"|j|\u2606CL LeafMist\n|j|\u2606Xopas\n|t:|1700843148\n|gametype|singles\n|player|p1|CL LeafMist|169|\n|player|p2|Xopas|rr-tapubulu|\n|teamsize|p1|6\n|teamsize|p2|6\n|gen|9\n|tier|[Gen 9] Ubers\n|rule|Sleep Clause Mod: Limit one foe put to sleep\n|rule|Species Clause: Limit one of each Pok\u00e9mon\n|rule|OHKO Clause: OHKO moves are banned\n|rule|Evasion Abilities Clause: Evasion abilities are banned\n|rule|Evasion Items Clause: Evasion items are banned\n|rule|Evasion Moves Clause: Evasion moves are banned\n|rule|Endless Battle Clause: Forcing endless battles is banned\n|rule|HP Percentage Mod: HP is shown in percentages\n|rule|Dynamax Clause: You cannot dynamax\n|rule|Mega Rayquaza Clause: You cannot mega evolve Rayquaza\n|clearpoke\n|poke|p1|Pinsir, M|\n|poke|p1|Zamazenta-*|\n|poke|p1|Greninja-*, F|\n|poke|p1|Carnivine-Sevii, M|\n|poke|p1|Sandy Shocks|\n|poke|p1|Wigglytuff, M|\n|poke|p2|Gligar, F|\n|poke|p2|Chien-Pao|\n|poke|p2|Cofagrigus, F|\n|poke|p2|Heatran, M|\n|poke|p2|Zamazenta-*|\n|poke|p2|Rotom-Wash|\n|teampreview\n|c|\u2606Xopas|Glhf\n|c|\u2606CL LeafMist|glhf\n|c|\u2606Xopas|i really dont like my MU here so\n|c|\u2606Xopas|lets see\n|c|\u2606CL LeafMist|the bulu I was scared of aint here\n|c|\u2606Xopas|sadly i didnt bring it\n|c|\u2606Xopas|aerilate and carnivine scared it away\n|\n|t:|1700843222\n|start\n|switch|p1a: GuildMaster|Wigglytuff, M|100\/100\n|switch|p2a: Rotom|Rotom-Wash|100\/100\n|-item|p2a: Rotom|Choice Scarf|[from] ability: Frisk|[of] p1a: GuildMaster|[identify]\n|turn|1\n|\n|t:|1700843239\n|move|p2a: Rotom|Volt Switch|p1a: GuildMaster\n|-damage|p1a: GuildMaster|65\/100\n|\n|t:|1700843254\n|switch|p2a: Gliggy|Gligar, F|100\/100|[from] Volt Switch\n|move|p1a: GuildMaster|Stealth Rock|p2a: Gliggy\n|-sidestart|p2: Xopas|move: Stealth Rock\n|\n|-heal|p1a: GuildMaster|71\/100|[from] item: Leftovers\n|upkeep\n|turn|2\n|\n|t:|1700843262\n|move|p2a: Gliggy|Tailwind|p2a: Gliggy\n|-sidestart|p2: Xopas|move: Tailwind\n|move|p1a: GuildMaster|Teleport|p1a: GuildMaster\n|\n|t:|1700843276\n|switch|p1a: Scarlet|Greninja, F, shiny|100\/100|[from] Teleport\n|\n|upkeep\n|turn|3\n|\n|t:|1700843286\n|switch|p2a: Zamazenta|Zamazenta-Crowned|100\/100\n|-damage|p2a: Zamazenta|98\/100|[from] Stealth Rock\n|-ability|p2a: Zamazenta|Dauntless Shield|boost\n|-boost|p2a: Zamazenta|def|1\n|move|p1a: Scarlet|Substitute|p1a: Scarlet\n|-start|p1a: Scarlet|typechange|Normal|[from] ability: Protean\n|-start|p1a: Scarlet|Substitute\n|-damage|p1a: Scarlet|75\/100\n|\n|upkeep\n|turn|4\n|\n|t:|1700843296\n|move|p2a: Zamazenta|Play Rough|p1a: Scarlet\n|-end|p1a: Scarlet|Substitute\n|-zpower|p1a: Scarlet\n|move|p1a: Scarlet|Hydro Vortex|p2a: Zamazenta|[zeffect]\n|-start|p1a: Scarlet|typechange|Water|[from] ability: Protean\n|-damage|p2a: Zamazenta|42\/100\n|\n|upkeep\n|turn|5\n|c|\u2606CL LeafMist|damn zero\n|c|\u2606Xopas|eat\n|\n|t:|1700843345\n|move|p2a: Zamazenta|Wild Charge|p1a: Scarlet\n|-supereffective|p1a: Scarlet\n|-damage|p1a: Scarlet|1\/100\n|-damage|p2a: Zamazenta|26\/100|[from] Recoil\n|move|p1a: Scarlet|Hydro Pump|p2a: Zamazenta\n|-damage|p2a: Zamazenta|0 fnt\n|faint|p2a: Zamazenta\n|\n|-sideend|p2: Xopas|move: Tailwind\n|upkeep\n|c|\u2606CL LeafMist|EAT\n|\n|t:|1700843363\n|switch|p2a: Rotom|Rotom-Wash|100\/100\n|-damage|p2a: Rotom|88\/100|[from] Stealth Rock\n|turn|6\n|\n|t:|1700843367\n|switch|p1a: Useless?|Sandy Shocks|100\/100\n|move|p2a: Rotom|Hydro Pump|p1a: Useless?\n|-supereffective|p1a: Useless?\n|-damage|p1a: Useless?|42\/100\n|-ability|p1a: Useless?|Water Compaction|boost\n|-boost|p1a: Useless?|def|2\n|\n|upkeep\n|turn|7\n|\n|t:|1700843387\n|move|p2a: Rotom|Hydro Pump|p1a: Useless?\n|-supereffective|p1a: Useless?\n|-damage|p1a: Useless?|0 fnt\n|faint|p1a: Useless?\n|\n|upkeep\n|c|\u2606CL LeafMist|nice one\n|\n|t:|1700843426\n|switch|p1a: Pokey|Carnivine-Sevii, M|100\/100\n|turn|8\n|\n|t:|1700843443\n|switch|p2a: Gliggy|Gligar, F|100\/100\n|-damage|p2a: Gliggy|88\/100|[from] Stealth Rock\n|move|p1a: Pokey|Leech Seed|p2a: Gliggy|[miss]\n|-miss|p1a: Pokey|p2a: Gliggy\n|\n|upkeep\n|turn|9\n|\n|t:|1700843460\n|switch|p2a: Heatran|Heatran, M|100\/100\n|-damage|p2a: Heatran|88\/100|[from] Stealth Rock\n|-item|p2a: Heatran|Air Balloon\n|move|p1a: Pokey|Leech Seed|p2a: Heatran\n|-start|p2a: Heatran|move: Leech Seed\n|\n|-damage|p2a: Heatran|76\/100|[from] Leech Seed|[of] p1a: Pokey\n|upkeep\n|turn|10\n|\n|t:|1700843471\n|move|p1a: Pokey|Protect|p1a: Pokey\n|-singleturn|p1a: Pokey|Protect\n|move|p2a: Heatran|Magma Storm|p1a: Pokey\n|-activate|p1a: Pokey|move: Protect\n|\n|-damage|p2a: Heatran|64\/100|[from] Leech Seed|[of] p1a: Pokey\n|upkeep\n|turn|11\n|\n|t:|1700843501\n|switch|p1a: Scarlet|Greninja, F, shiny|1\/100\n|move|p2a: Heatran|Will-O-Wisp|p1a: Scarlet\n|-status|p1a: Scarlet|brn\n|\n|-damage|p2a: Heatran|51\/100|[from] Leech Seed|[of] p1a: Scarlet\n|-heal|p1a: Scarlet|15\/100 brn|[silent]\n|-damage|p1a: Scarlet|9\/100 brn|[from] brn\n|upkeep\n|turn|12\n|\n|t:|1700843516\n|switch|p2a: Rotom|Rotom-Wash|88\/100\n|-damage|p2a: Rotom|76\/100|[from] Stealth Rock\n|move|p1a: Scarlet|Hydro Pump|p2a: Rotom|[miss]\n|-start|p1a: Scarlet|typechange|Water|[from] ability: Protean\n|-miss|p1a: Scarlet|p2a: Rotom\n|\n|-damage|p1a: Scarlet|3\/100 brn|[from] brn\n|upkeep\n|turn|13\n|\n|t:|1700843525\n|move|p2a: Rotom|Volt Switch|p1a: Scarlet\n|-supereffective|p1a: Scarlet\n|-damage|p1a: Scarlet|0 fnt\n|faint|p1a: Scarlet\n|\n|t:|1700843530\n|switch|p2a: Gliggy|Gligar, F|88\/100|[from] Volt Switch\n|-damage|p2a: Gliggy|76\/100|[from] Stealth Rock\n|\n|upkeep\n|\n|t:|1700843549\n|switch|p1a: Pokey|Carnivine-Sevii, M|100\/100\n|turn|14\n|\n|t:|1700843558\n|move|p2a: Gliggy|Defog|p1a: Pokey\n|-unboost|p1a: Pokey|evasion|1\n|-sideend|p2: Xopas|Stealth Rock|[from] move: Defog|[of] p2a: Gliggy\n|move|p1a: Pokey|Snap Trap|p2a: Gliggy\n|-damage|p2a: Gliggy|57\/100\n|-activate|p2a: Gliggy|move: Snap Trap|[of] p1a: Pokey\n|\n|-damage|p2a: Gliggy|44\/100|[from] move: Snap Trap|[partiallytrapped]\n|upkeep\n|turn|15\n|\n|t:|1700843567\n|move|p2a: Gliggy|Earthquake|p1a: Pokey\n|-immune|p1a: Pokey|[from] ability: Levitate\n|move|p1a: Pokey|Leech Seed|p2a: Gliggy\n|-start|p2a: Gliggy|move: Leech Seed\n|\n|-damage|p2a: Gliggy|32\/100|[from] Leech Seed|[of] p1a: Pokey\n|-damage|p2a: Gliggy|20\/100|[from] move: Snap Trap|[partiallytrapped]\n|upkeep\n|turn|16\n|\n|t:|1700843586\n|move|p2a: Gliggy|Tailwind|p2a: Gliggy\n|-sidestart|p2: Xopas|move: Tailwind\n|move|p1a: Pokey|Snap Trap|p2a: Gliggy|[miss]\n|-miss|p1a: Pokey|p2a: Gliggy\n|\n|-damage|p2a: Gliggy|7\/100|[from] Leech Seed|[of] p1a: Pokey\n|-damage|p2a: Gliggy|0 fnt|[from] move: Snap Trap|[partiallytrapped]\n|faint|p2a: Gliggy\n|upkeep\n|\n|t:|1700843607\n|switch|p2a: Heatran|Heatran, M|51\/100\n|-item|p2a: Heatran|Air Balloon\n|turn|17\n|\n|t:|1700843612\n|move|p1a: Pokey|Protect|p1a: Pokey\n|-singleturn|p1a: Pokey|Protect\n|move|p2a: Heatran|Magma Storm|p1a: Pokey\n|-activate|p1a: Pokey|move: Protect\n|\n|upkeep\n|turn|18\n|\n|t:|1700843657\n|switch|p1a: GuildMaster|Wigglytuff, M|71\/100\n|-item|p2a: Heatran|Air Balloon|[from] ability: Frisk|[of] p1a: GuildMaster|[identify]\n|move|p2a: Heatran|Magma Storm|p1a: GuildMaster\n|-damage|p1a: GuildMaster|14\/100\n|-activate|p1a: GuildMaster|move: Magma Storm|[of] p2a: Heatran\n|\n|-heal|p1a: GuildMaster|20\/100|[from] item: Leftovers\n|-damage|p1a: GuildMaster|8\/100|[from] move: Magma Storm|[partiallytrapped]\n|upkeep\n|turn|19\n|\n|t:|1700843669\n|move|p2a: Heatran|Magma Storm|p1a: GuildMaster\n|-damage|p1a: GuildMaster|0 fnt\n|faint|p1a: GuildMaster\n|\n|-sideend|p2: Xopas|move: Tailwind\n|upkeep\n|\n|t:|1700843677\n|switch|p1a: Good lad|Zamazenta|100\/100\n|-ability|p1a: Good lad|Dauntless Shield|boost\n|-boost|p1a: Good lad|def|1\n|turn|20\n|\n|t:|1700843684\n|move|p1a: Good lad|Bulk Up|p1a: Good lad\n|-boost|p1a: Good lad|atk|1\n|-boost|p1a: Good lad|def|1\n|move|p2a: Heatran|Roar|p1a: Good lad\n|drag|p1a: Pokey|Carnivine-Sevii, M|100\/100\n|\n|upkeep\n|turn|21\n|\n|t:|1700843705\n|move|p2a: Heatran|Magma Storm|p1a: Pokey\n|-supereffective|p1a: Pokey\n|-damage|p1a: Pokey|21\/100\n|-activate|p1a: Pokey|move: Magma Storm|[of] p2a: Heatran\n|move|p1a: Pokey|Snap Trap|p2a: Heatran\n|-resisted|p2a: Heatran\n|-damage|p2a: Heatran|44\/100\n|-activate|p2a: Heatran|move: Snap Trap|[of] p1a: Pokey\n|-enditem|p2a: Heatran|Air Balloon\n|\n|-heal|p1a: Pokey|27\/100|[from] item: Black Sludge\n|-damage|p2a: Heatran|32\/100|[from] move: Snap Trap|[partiallytrapped]\n|-damage|p1a: Pokey|15\/100|[from] move: Magma Storm|[partiallytrapped]\n|upkeep\n|turn|22\n|\n|t:|1700843717\n|move|p1a: Pokey|Protect|p1a: Pokey\n|-singleturn|p1a: Pokey|Protect\n|move|p2a: Heatran|Magma Storm|p1a: Pokey\n|-activate|p1a: Pokey|move: Protect\n|\n|-heal|p1a: Pokey|21\/100|[from] item: Black Sludge\n|-damage|p2a: Heatran|19\/100|[from] move: Snap Trap|[partiallytrapped]\n|-damage|p1a: Pokey|8\/100|[from] move: Magma Storm|[partiallytrapped]\n|upkeep\n|turn|23\n|\n|t:|1700843728\n|move|p1a: Pokey|Leech Seed|p2a: Heatran\n|-start|p2a: Heatran|move: Leech Seed\n|move|p2a: Heatran|Roar|p1a: Pokey\n|drag|p1a: Stark|Pinsir, M|100\/100\n|\n|-damage|p2a: Heatran|7\/100|[from] Leech Seed|[of] p1a: Stark\n|-end|p2a: Heatran|Snap Trap|[partiallytrapped]|[silent]\n|upkeep\n|turn|24\n|c|\u2606Xopas|i misplayed\n|c|\u2606Xopas|i needed to wisp\n|\n|t:|1700843769\n|switch|p2a: Rotom|Rotom-Wash|76\/100\n|move|p1a: Stark|High Horsepower|p2a: Rotom\n|-immune|p2a: Rotom|[from] ability: Levitate\n|\n|upkeep\n|turn|25\n|\n|t:|1700843785\n|move|p2a: Rotom|Volt Switch|p1a: Stark\n|-damage|p1a: Stark|50\/100\n|\n|t:|1700843788\n|switch|p2a: Heatran|Heatran, M|7\/100|[from] Volt Switch\n|move|p1a: Stark|Swords Dance|p1a: Stark\n|-boost|p1a: Stark|atk|2\n|\n|upkeep\n|turn|26\n|\n|t:|1700843801\n|move|p1a: Stark|Extreme Speed|p2a: Heatran\n|-resisted|p2a: Heatran\n|-damage|p2a: Heatran|0 fnt\n|faint|p2a: Heatran\n|-ability|p1a: Stark|Moxie|boost\n|-boost|p1a: Stark|atk|1\n|\n|upkeep\n|\n|t:|1700843804\n|switch|p2a: Chien-Pao|Chien-Pao|100\/100\n|-ability|p2a: Chien-Pao|Sword of Ruin\n|turn|27\n|\n|t:|1700843810\n|detailschange|p1a: Stark|Pinsir-Mega, M\n|-mega|p1a: Stark|Pinsir|Pinsirite\n|move|p1a: Stark|Extreme Speed|p2a: Chien-Pao\n|-enditem|p2a: Chien-Pao|Focus Sash\n|-damage|p2a: Chien-Pao|1\/100\n|move|p2a: Chien-Pao|Icicle Crash|p1a: Stark\n|-supereffective|p1a: Stark\n|-damage|p1a: Stark|0 fnt\n|faint|p1a: Stark\n|\n|upkeep\n|\n|t:|1700843823\n|switch|p1a: Good lad|Zamazenta|100\/100\n|-ability|p1a: Good lad|Dauntless Shield|boost\n|-boost|p1a: Good lad|def|1\n|turn|28\n|\n|t:|1700843833\n|move|p1a: Good lad|Bulk Up|p1a: Good lad\n|-boost|p1a: Good lad|atk|1\n|-boost|p1a: Good lad|def|1\n|move|p2a: Chien-Pao|Sacred Sword|p1a: Good lad\n|-damage|p1a: Good lad|65\/100\n|\n|upkeep\n|turn|29\n|\n|t:|1700843841\n|move|p1a: Good lad|Crunch|p2a: Chien-Pao\n|-resisted|p2a: Chien-Pao\n|-damage|p2a: Chien-Pao|0 fnt\n|faint|p2a: Chien-Pao\n|\n|upkeep\n|\n|t:|1700843844\n|switch|p2a: Cofagrigus|Cofagrigus, F|100\/100\n|turn|30\n|\n|t:|1700843849\n|move|p1a: Good lad|Crunch|p2a: Cofagrigus\n|-supereffective|p2a: Cofagrigus\n|-damage|p2a: Cofagrigus|77\/100\n|move|p2a: Cofagrigus|Psychic|p1a: Good lad\n|-supereffective|p1a: Good lad\n|-damage|p1a: Good lad|23\/100\n|\n|-heal|p2a: Cofagrigus|83\/100|[from] item: Leftovers\n|upkeep\n|turn|31\n|\n|t:|1700843856\n|move|p1a: Good lad|Crunch|p2a: Cofagrigus\n|-supereffective|p2a: Cofagrigus\n|-damage|p2a: Cofagrigus|29\/100\n|-unboost|p2a: Cofagrigus|def|1\n|move|p2a: Cofagrigus|Psychic|p1a: Good lad\n|-supereffective|p1a: Good lad\n|-damage|p1a: Good lad|0 fnt\n|faint|p1a: Good lad\n|\n|-heal|p2a: Cofagrigus|35\/100|[from] item: Leftovers\n|upkeep\n|c|\u2606Xopas|nvm i eat those\n|c|\u2606CL LeafMist|gg\n|c|\u2606Xopas|i thought\n|c|\u2606Xopas|it was gonna come down\n|\n|t:|1700843867\n|switch|p1a: Pokey|Carnivine-Sevii, M|8\/100\n|turn|32\n|c|\u2606Xopas|to hydro pump miss\n|\n|t:|1700843877\n|move|p1a: Pokey|Leech Seed|p2a: Cofagrigus\n|-start|p2a: Cofagrigus|move: Leech Seed\n|move|p2a: Cofagrigus|Psychic|p1a: Pokey\n|-damage|p1a: Pokey|0 fnt\n|faint|p1a: Pokey\n|\n|win|Xopas\n|c|\u2606Xopas|Ggs man\n|l|\u2606CL LeafMist\n","uploadtime":1700843886,"views":27,"p1id":"clleafmist","p2id":"xopas","formatid":"gen9ubers","rating":0,"private":0,"password":""}