{"id":"radicalred-gen9ubers-547008","p1":"anderproyt","p2":"oscar3ro","format":"[Gen 9] Ubers","log":"|j|\u2606anderproyt\n|j|\u2606oscar3ro\n|t:|1700074627\n|gametype|singles\n|player|p1|anderproyt|rr-tyranitar|\n|player|p2|oscar3ro|rr-cinderace|\n|teamsize|p1|6\n|teamsize|p2|6\n|gen|9\n|tier|[Gen 9] Ubers\n|rule|Sleep Clause Mod: Limit one foe put to sleep\n|rule|Species Clause: Limit one of each Pok\u00e9mon\n|rule|OHKO Clause: OHKO moves are banned\n|rule|Evasion Abilities Clause: Evasion abilities are banned\n|rule|Evasion Items Clause: Evasion items are banned\n|rule|Evasion Moves Clause: Evasion moves are banned\n|rule|Endless Battle Clause: Forcing endless battles is banned\n|rule|HP Percentage Mod: HP is shown in percentages\n|rule|Dynamax Clause: You cannot dynamax\n|rule|Mega Rayquaza Clause: You cannot mega evolve Rayquaza\n|clearpoke\n|poke|p1|Grafaiai, F|\n|poke|p1|Swellow, F|\n|poke|p1|Banette, M|\n|poke|p1|Lickilicky, F|\n|poke|p1|Glimmora, M|\n|poke|p1|Nidoking, M|\n|poke|p2|Dodrio-Sevii, M|\n|poke|p2|Ribombee, F|\n|poke|p2|Kingambit, M|\n|poke|p2|Shedinja|\n|poke|p2|Houndoom, M|\n|poke|p2|Starmie|\n|teampreview\n|c|\u2606anderproyt|q buen team\n|c|\u2606oscar3ro|Igualmente\n|c|\u2606oscar3ro|Gljf\n|\n|t:|1700074653\n|start\n|switch|p1a: Banette|Banette, M|100\/100\n|switch|p2a: Ribombee|Ribombee, F|100\/100\n|-item|p2a: Ribombee|Focus Sash|[from] ability: Frisk|[of] p1a: Banette|[identify]\n|turn|1\n|j| Xorchard\n|\n|t:|1700074663\n|detailschange|p1a: Banette|Banette-Mega, M\n|-mega|p1a: Banette|Banette|Banettite\n|move|p1a: Banette|Will-O-Wisp|p2a: Ribombee\n|-status|p2a: Ribombee|brn\n|move|p2a: Ribombee|Moonblast|p1a: Banette\n|-damage|p1a: Banette|52\/100\n|\n|-damage|p2a: Ribombee|94\/100 brn|[from] brn\n|upkeep\n|turn|2\n|\n|t:|1700074673\n|move|p2a: Ribombee|Moonblast|p1a: Banette\n|-damage|p1a: Banette|7\/100\n|move|p1a: Banette|Poltergeist|p2a: Ribombee\n|-activate|p2a: Ribombee|move: Poltergeist|Focus Sash\n|-damage|p2a: Ribombee|0 fnt\n|faint|p2a: Ribombee\n|\n|upkeep\n|l| Xorchard\n|\n|t:|1700074694\n|switch|p2a: Dodrio|Dodrio-Sevii, M|100\/100\n|turn|3\n|\n|t:|1700074699\n|switch|p2a: Houndoom|Houndoom, M|100\/100\n|move|p1a: Banette|Shadow Sneak|p2a: Houndoom\n|-resisted|p2a: Houndoom\n|-damage|p2a: Houndoom|70\/100\n|\n|upkeep\n|turn|4\n|\n|t:|1700074706\n|switch|p1a: Lickilicky|Lickilicky, F|100\/100\n|detailschange|p2a: Houndoom|Houndoom-Mega, M\n|-mega|p2a: Houndoom|Houndoom|Houndoominite\n|move|p2a: Houndoom|Dark Pulse|p1a: Lickilicky\n|-damage|p1a: Lickilicky|71\/100\n|\n|-heal|p1a: Lickilicky|77\/100|[from] item: Leftovers\n|upkeep\n|turn|5\n|\n|t:|1700074716\n|move|p2a: Houndoom|Flamethrower|p1a: Lickilicky\n|-damage|p1a: Lickilicky|41\/100\n|move|p1a: Lickilicky|Wish|p1a: Lickilicky\n|\n|-heal|p1a: Lickilicky|47\/100|[from] item: Leftovers\n|upkeep\n|turn|6\n|\n|t:|1700074727\n|switch|p2a: Shedinja|Shedinja|100\/100\n|move|p1a: Lickilicky|Toxic|p2a: Shedinja\n|-status|p2a: Shedinja|tox\n|\n|-heal|p1a: Lickilicky|97\/100|[from] move: Wish|[wisher] Lickilicky\n|-heal|p1a: Lickilicky|100\/100|[from] item: Leftovers\n|-damage|p2a: Shedinja|0 fnt|[from] psn\n|faint|p2a: Shedinja\n|upkeep\n|\n|t:|1700074732\n|switch|p2a: Dodrio|Dodrio-Sevii, M|100\/100\n|turn|7\n|c|\u2606anderproyt|xd\n|j| ivancuervo2007\n|\n|t:|1700074740\n|move|p2a: Dodrio|Headlong Rush|p1a: Lickilicky\n|-damage|p1a: Lickilicky|48\/100\n|-unboost|p2a: Dodrio|def|1\n|-unboost|p2a: Dodrio|spd|1\n|-damage|p2a: Dodrio|91\/100|[from] item: Life Orb\n|move|p1a: Lickilicky|Knock Off|p2a: Dodrio\n|-damage|p2a: Dodrio|49\/100\n|-enditem|p2a: Dodrio|Life Orb|[from] move: Knock Off|[of] p1a: Lickilicky\n|\n|-heal|p1a: Lickilicky|54\/100|[from] item: Leftovers\n|upkeep\n|turn|8\n|\n|t:|1700074751\n|move|p2a: Dodrio|Headlong Rush|p1a: Lickilicky\n|-damage|p1a: Lickilicky|12\/100\n|-unboost|p2a: Dodrio|def|1\n|-unboost|p2a: Dodrio|spd|1\n|move|p1a: Lickilicky|Wish|p1a: Lickilicky\n|\n|-heal|p1a: Lickilicky|18\/100|[from] item: Leftovers\n|upkeep\n|turn|9\n|\n|t:|1700074761\n|move|p1a: Lickilicky|Protect|p1a: Lickilicky\n|-singleturn|p1a: Lickilicky|Protect\n|move|p2a: Dodrio|Headlong Rush|p1a: Lickilicky\n|-activate|p1a: Lickilicky|move: Protect\n|\n|-heal|p1a: Lickilicky|68\/100|[from] move: Wish|[wisher] Lickilicky\n|-heal|p1a: Lickilicky|74\/100|[from] item: Leftovers\n|upkeep\n|turn|10\n|c| ivancuervo2007|Ander eso es un fucking lickilicki?\n|\n|t:|1700074777\n|switch|p1a: Swellow|Swellow, F|100\/100\n|move|p2a: Dodrio|Flare Blitz|p1a: Swellow\n|-damage|p1a: Swellow|0 fnt\n|faint|p1a: Swellow\n|\n|upkeep\n|c|\u2606anderproyt|si\n|\n|t:|1700074788\n|switch|p1a: Nidoking|Nidoking, M|100\/100\n|turn|11\n|\n|t:|1700074794\n|move|p1a: Nidoking|Earth Power|p2a: Dodrio\n|-supereffective|p2a: Dodrio\n|-damage|p2a: Dodrio|0 fnt\n|faint|p2a: Dodrio\n|\n|upkeep\n|\n|t:|1700074797\n|switch|p2a: Starmie|Starmie|100\/100\n|turn|12\n|\n|t:|1700074805\n|switch|p1a: Banette|Banette-Mega, M|7\/100\n|move|p2a: Starmie|Surf|p1a: Banette\n|-damage|p1a: Banette|0 fnt\n|faint|p1a: Banette\n|\n|upkeep\n|\n|t:|1700074815\n|switch|p1a: Nidoking|Nidoking, M|100\/100\n|turn|13\n|\n|t:|1700074820\n|move|p1a: Nidoking|Shadow Ball|p2a: Starmie\n|-supereffective|p2a: Starmie\n|-damage|p2a: Starmie|7\/100\n|move|p2a: Starmie|Surf|p1a: Nidoking\n|-supereffective|p1a: Nidoking\n|-damage|p1a: Nidoking|0 fnt\n|faint|p1a: Nidoking\n|\n|-heal|p2a: Starmie|13\/100|[from] item: Leftovers\n|upkeep\n|\n|t:|1700074835\n|switch|p1a: Lickilicky|Lickilicky, F|74\/100\n|turn|14\n|c|\u2606anderproyt|interesante lo del starmie\n|\n|t:|1700074843\n|move|p2a: Starmie|Surf|p1a: Lickilicky\n|-damage|p1a: Lickilicky|45\/100\n|move|p1a: Lickilicky|Wish|p1a: Lickilicky\n|\n|-heal|p2a: Starmie|19\/100|[from] item: Leftovers\n|-heal|p1a: Lickilicky|51\/100|[from] item: Leftovers\n|upkeep\n|turn|15\n|\n|t:|1700074850\n|move|p2a: Starmie|Surf|p1a: Lickilicky\n|-damage|p1a: Lickilicky|24\/100\n|move|p1a: Lickilicky|Knock Off|p2a: Starmie\n|-supereffective|p2a: Starmie\n|-damage|p2a: Starmie|0 fnt\n|-enditem|p2a: Starmie|Leftovers|[from] move: Knock Off|[of] p1a: Lickilicky\n|faint|p2a: Starmie\n|\n|-heal|p1a: Lickilicky|74\/100|[from] move: Wish|[wisher] Lickilicky\n|-heal|p1a: Lickilicky|80\/100|[from] item: Leftovers\n|upkeep\n|\n|t:|1700074854\n|switch|p2a: Houndoom|Houndoom-Mega, M|70\/100\n|turn|16\n|\n|t:|1700074878\n|move|p2a: Houndoom|Dark Pulse|p1a: Lickilicky\n|-damage|p1a: Lickilicky|50\/100\n|move|p1a: Lickilicky|Toxic|p2a: Houndoom\n|-status|p2a: Houndoom|tox\n|\n|-heal|p1a: Lickilicky|56\/100|[from] item: Leftovers\n|-damage|p2a: Houndoom|64\/100 tox|[from] psn\n|upkeep\n|turn|17\n|\n|t:|1700074886\n|move|p2a: Houndoom|Dark Pulse|p1a: Lickilicky\n|-damage|p1a: Lickilicky|24\/100\n|move|p1a: Lickilicky|Wish|p1a: Lickilicky\n|\n|-heal|p1a: Lickilicky|30\/100|[from] item: Leftovers\n|-damage|p2a: Houndoom|52\/100 tox|[from] psn\n|upkeep\n|turn|18\n|\n|t:|1700074895\n|move|p1a: Lickilicky|Protect|p1a: Lickilicky\n|-singleturn|p1a: Lickilicky|Protect\n|move|p2a: Houndoom|Dark Pulse|p1a: Lickilicky\n|-activate|p1a: Lickilicky|move: Protect\n|\n|-heal|p1a: Lickilicky|80\/100|[from] move: Wish|[wisher] Lickilicky\n|-heal|p1a: Lickilicky|87\/100|[from] item: Leftovers\n|-damage|p2a: Houndoom|33\/100 tox|[from] psn\n|upkeep\n|turn|19\n|\n|t:|1700074904\n|move|p2a: Houndoom|Dark Pulse|p1a: Lickilicky\n|-damage|p1a: Lickilicky|57\/100\n|move|p1a: Lickilicky|Wish|p1a: Lickilicky\n|\n|-heal|p1a: Lickilicky|63\/100|[from] item: Leftovers\n|-damage|p2a: Houndoom|9\/100 tox|[from] psn\n|upkeep\n|turn|20\n|\n|t:|1700074920\n|switch|p1a: Graficos|Grafaiai, F|100\/100\n|move|p2a: Houndoom|Dark Pulse|p1a: Graficos\n|-damage|p1a: Graficos|46\/100\n|-enditem|p1a: Graficos|Sitrus Berry|[eat]\n|-heal|p1a: Graficos|71\/100|[from] item: Sitrus Berry\n|\n|-heal|p1a: Graficos|100\/100|[from] move: Wish|[wisher] Lickilicky\n|-damage|p2a: Houndoom|0 fnt|[from] psn\n|faint|p2a: Houndoom\n|upkeep\n|\n|t:|1700074927\n|switch|p2a: Kingambit|Kingambit, M|100\/100\n|-activate|p2a: Kingambit|ability: Supreme Overlord\n|-start|p2a: Kingambit|fallen5|[silent]\n|turn|21\n|\n|t:|1700074935\n|move|p1a: Graficos|Will-O-Wisp|p2a: Kingambit\n|-hint|Since gen 7, Dark is immune to Prankster moves.\n|-immune|p2a: Kingambit\n|move|p2a: Kingambit|Kowtow Cleave|p1a: Graficos\n|-damage|p1a: Graficos|21\/100\n|\n|upkeep\n|turn|22\n|c|\u2606anderproyt|a verdad\n|\n|t:|1700074943\n|move|p1a: Graficos|Taunt|p2a: Kingambit\n|-hint|Since gen 7, Dark is immune to Prankster moves.\n|-immune|p2a: Kingambit\n|move|p2a: Kingambit|Kowtow Cleave|p1a: Graficos\n|-damage|p1a: Graficos|0 fnt\n|faint|p1a: Graficos\n|\n|upkeep\n|\n|t:|1700074950\n|switch|p1a: Glimmora|Glimmora, M|100\/100\n|turn|23\n|\n|t:|1700074956\n|move|p2a: Kingambit|Sucker Punch|p1a: Glimmora\n|-damage|p1a: Glimmora|29\/100\n|-activate|p1a: Glimmora|ability: Toxic Debris\n|-sidestart|p2: oscar3ro|move: Toxic Spikes\n|move|p1a: Glimmora|Earth Power|p2a: Kingambit\n|-supereffective|p2a: Kingambit\n|-damage|p2a: Kingambit|36\/100\n|\n|-heal|p2a: Kingambit|42\/100|[from] item: Leftovers\n|upkeep\n|turn|24\n|\n|t:|1700074966\n|move|p2a: Kingambit|Sucker Punch||[still]\n|-fail|p2a: Kingambit\n|move|p1a: Glimmora|Stealth Rock|p2a: Kingambit\n|-sidestart|p2: oscar3ro|move: Stealth Rock\n|\n|-heal|p2a: Kingambit|49\/100|[from] item: Leftovers\n|upkeep\n|turn|25\n|\n|t:|1700074971\n|move|p1a: Glimmora|Spiky Shield|p1a: Glimmora\n|-singleturn|p1a: Glimmora|move: Protect\n|move|p2a: Kingambit|Sucker Punch||[still]\n|-fail|p2a: Kingambit\n|\n|-heal|p2a: Kingambit|55\/100|[from] item: Leftovers\n|upkeep\n|turn|26\n|\n|t:|1700074978\n|move|p2a: Kingambit|Sucker Punch|p1a: Glimmora\n|-damage|p1a: Glimmora|0 fnt\n|-activate|p1a: Glimmora|ability: Toxic Debris\n|-sidestart|p2: oscar3ro|move: Toxic Spikes\n|faint|p1a: Glimmora\n|\n|-heal|p2a: Kingambit|61\/100|[from] item: Leftovers\n|upkeep\n|\n|t:|1700074985\n|switch|p1a: Lickilicky|Lickilicky, F|63\/100\n|turn|27\n|c|\u2606anderproyt|gg\n|\n|t:|1700074989\n|move|p2a: Kingambit|Brick Break|p1a: Lickilicky\n|-supereffective|p1a: Lickilicky\n|-crit|p1a: Lickilicky\n|-damage|p1a: Lickilicky|0 fnt\n|faint|p1a: Lickilicky\n|\n|win|oscar3ro\n|c|\u2606oscar3ro|Gg\n|c| ivancuervo2007|Kingambit Chad\n|c|\u2606anderproyt|ivan flipando lo del licki licki xd\n","uploadtime":1700074999,"views":16,"p1id":"anderproyt","p2id":"oscar3ro","formatid":"gen9ubers","rating":0,"private":0,"password":""}