{"id":"radicalred-gen9ubers-540729","p1":"mixolx","p2":"Mr cyphon","format":"[Gen 9] Ubers","log":"|j|\u2606mixolx\n|j|\u2606Mr cyphon\n|t:|1698788681\n|gametype|singles\n|player|p1|mixolx|rr-clawitzerseviian|\n|player|p2|Mr cyphon|rr-beedrillmega|\n|teamsize|p1|6\n|teamsize|p2|6\n|gen|9\n|tier|[Gen 9] Ubers\n|rule|Sleep Clause Mod: Limit one foe put to sleep\n|rule|Species Clause: Limit one of each Pok\u00e9mon\n|rule|OHKO Clause: OHKO moves are banned\n|rule|Evasion Abilities Clause: Evasion abilities are banned\n|rule|Evasion Items Clause: Evasion items are banned\n|rule|Evasion Moves Clause: Evasion moves are banned\n|rule|Endless Battle Clause: Forcing endless battles is banned\n|rule|HP Percentage Mod: HP is shown in percentages\n|rule|Dynamax Clause: You cannot dynamax\n|rule|Mega Rayquaza Clause: You cannot mega evolve Rayquaza\n|clearpoke\n|poke|p1|Necrozma-Dusk-Mane|\n|poke|p1|Metagross|\n|poke|p1|Magearna|\n|poke|p1|Genesect|\n|poke|p1|Heatran, M|\n|poke|p1|Corviknight, M|\n|poke|p2|Regirock|\n|poke|p2|Tyranitar, M|\n|poke|p2|Silvally-*|\n|poke|p2|Golurk|\n|poke|p2|Cradily, F|\n|poke|p2|Aerodactyl, M|\n|teampreview\n|c|\u2606Mr cyphon|hf\n|c|\u2606mixolx|y2\n|\n|t:|1698788745\n|start\n|switch|p1a: Magearna|Magearna|100\/100\n|switch|p2a: Sunburned|Cradily, F, shiny|100\/100\n|turn|1\n|\n|t:|1698788755\n|move|p1a: Magearna|Calm Mind|p1a: Magearna\n|-boost|p1a: Magearna|spa|1\n|-boost|p1a: Magearna|spd|1\n|move|p2a: Sunburned|Sappy Seed|p1a: Magearna\n|-resisted|p1a: Magearna\n|-damage|p1a: Magearna|89\/100\n|-start|p1a: Magearna|move: Leech Seed\n|\n|-damage|p1a: Magearna|77\/100|[from] Leech Seed|[of] p2a: Sunburned\n|upkeep\n|turn|2\n|\n|t:|1698788758\n|move|p1a: Magearna|Flash Cannon|p2a: Sunburned\n|-supereffective|p2a: Sunburned\n|-damage|p2a: Sunburned|0 fnt\n|faint|p2a: Sunburned\n|-ability|p1a: Magearna|Soul-Heart|boost\n|-boost|p1a: Magearna|spa|1\n|\n|upkeep\n|\n|t:|1698788761\n|switch|p2a: Rock And Roll|Regirock, shiny|100\/100\n|turn|3\n|\n|t:|1698788764\n|-zpower|p1a: Magearna\n|move|p1a: Magearna|All-Out Pummeling|p2a: Rock And Roll|[zeffect]\n|-supereffective|p2a: Rock And Roll\n|-damage|p2a: Rock And Roll|0 fnt\n|faint|p2a: Rock And Roll\n|-ability|p1a: Magearna|Soul-Heart|boost\n|-boost|p1a: Magearna|spa|1\n|\n|upkeep\n|\n|t:|1698788768\n|switch|p2a: Godzilla|Tyranitar, M|100\/100\n|-weather|Sandstorm|[from] ability: Sand Stream|[of] p2a: Godzilla\n|turn|4\n|c|\u2606mixolx|let's see why it's broken\n|\n|t:|1698788780\n|move|p1a: Magearna|Fleur Cannon|p2a: Godzilla\n|-supereffective|p2a: Godzilla\n|-damage|p2a: Godzilla|0 fnt\n|-unboost|p1a: Magearna|spa|2\n|faint|p2a: Godzilla\n|-ability|p1a: Magearna|Soul-Heart|boost\n|-boost|p1a: Magearna|spa|1\n|\n|-weather|Sandstorm|[upkeep]\n|upkeep\n|\n|t:|1698788804\n|switch|p2a: Phantom|Golurk, shiny|100\/100\n|turn|5\n|\n|t:|1698788839\n|move|p1a: Magearna|Fleur Cannon|p2a: Phantom\n|-damage|p2a: Phantom|10\/100\n|-unboost|p1a: Magearna|spa|2\n|move|p2a: Phantom|Earthquake|p1a: Magearna\n|-supereffective|p1a: Magearna\n|-damage|p1a: Magearna|7\/100\n|\n|-weather|Sandstorm|[upkeep]\n|-damage|p1a: Magearna|0 fnt|[from] Leech Seed|[of] p2a: Phantom\n|-heal|p2a: Phantom|17\/100|[silent]\n|faint|p1a: Magearna\n|upkeep\n|\n|t:|1698788849\n|switch|p1a: Genesect|Genesect|100\/100\n|-ability|p1a: Genesect|Download|boost\n|-boost|p1a: Genesect|spa|1\n|turn|6\n|\n|t:|1698788852\n|move|p1a: Genesect|Flash Cannon|p2a: Phantom\n|-damage|p2a: Phantom|0 fnt\n|faint|p2a: Phantom\n|-damage|p1a: Genesect|91\/100|[from] item: Life Orb\n|\n|-weather|Sandstorm|[upkeep]\n|upkeep\n|\n|t:|1698788855\n|switch|p2a: Fossilized|Aerodactyl, M|100\/100\n|turn|7\n|\n|t:|1698788871\n|detailschange|p2a: Fossilized|Aerodactyl-Mega, M\n|-mega|p2a: Fossilized|Aerodactyl|Aerodactylite\n|move|p2a: Fossilized|Headlong Rush|p1a: Genesect\n|-damage|p1a: Genesect|15\/100\n|-unboost|p2a: Fossilized|def|1\n|-unboost|p2a: Fossilized|spd|1\n|move|p1a: Genesect|Flash Cannon|p2a: Fossilized\n|-supereffective|p2a: Fossilized\n|-damage|p2a: Fossilized|0 fnt\n|faint|p2a: Fossilized\n|-damage|p1a: Genesect|5\/100|[from] item: Life Orb\n|\n|-weather|Sandstorm|[upkeep]\n|upkeep\n|\n|t:|1698788876\n|switch|p2a: Hybrid|Silvally-Rock|100\/100\n|turn|8\n|\n|t:|1698788878\n|move|p2a: Hybrid|Flame Charge|p1a: Genesect\n|-supereffective|p1a: Genesect\n|-damage|p1a: Genesect|0 fnt\n|-boost|p2a: Hybrid|spe|1\n|faint|p1a: Genesect\n|\n|-weather|Sandstorm|[upkeep]\n|upkeep\n|c|\u2606Mr cyphon|gg\n|\n|t:|1698788885\n|switch|p1a: Metagross|Metagross|100\/100\n|turn|9\n|c|\u2606mixolx|gg\n|\n|t:|1698788894\n|detailschange|p1a: Metagross|Metagross-Mega\n|-mega|p1a: Metagross|Metagross|Metagrossite\n|move|p2a: Hybrid|Flame Charge|p1a: Metagross\n|-supereffective|p1a: Metagross\n|-damage|p1a: Metagross|83\/100\n|-boost|p2a: Hybrid|spe|1\n|move|p1a: Metagross|Meteor Mash|p2a: Hybrid|[miss]\n|-miss|p1a: Metagross|p2a: Hybrid\n|\n|-weather|Sandstorm|[upkeep]\n|upkeep\n|turn|10\n|\n|t:|1698788899\n|move|p2a: Hybrid|Flame Charge|p1a: Metagross\n|-supereffective|p1a: Metagross\n|-damage|p1a: Metagross|62\/100\n|-boost|p2a: Hybrid|spe|1\n|move|p1a: Metagross|Meteor Mash|p2a: Hybrid\n|-supereffective|p2a: Hybrid\n|-damage|p2a: Hybrid|0 fnt\n|-boost|p1a: Metagross|atk|1\n|faint|p2a: Hybrid\n|\n|win|mixolx\n|c|\u2606mixolx|gg\n|l|\u2606Mr cyphon\n","uploadtime":1698788920,"views":13,"p1id":"mixolx","p2id":"mrcyphon","formatid":"gen9ubers","rating":0,"private":0,"password":""}