{"id":"radicalred-gen9ubers-536754","p1":"axelzzz09","p2":"Elohim yt 08\u00b3","format":"[Gen 9] Ubers","log":"|j|\u2606axelzzz09\n|j|\u2606Elohim yt 08\u00b3\n|t:|1698170841\n|gametype|singles\n|player|p1|axelzzz09|rr-garchompmega|\n|player|p2|Elohim yt 08\u00b3|rr-sprigatito|\n|teamsize|p1|6\n|teamsize|p2|6\n|gen|9\n|tier|[Gen 9] Ubers\n|rule|Sleep Clause Mod: Limit one foe put to sleep\n|rule|Species Clause: Limit one of each Pok\u00e9mon\n|rule|OHKO Clause: OHKO moves are banned\n|rule|Evasion Abilities Clause: Evasion abilities are banned\n|rule|Evasion Items Clause: Evasion items are banned\n|rule|Evasion Moves Clause: Evasion moves are banned\n|rule|Endless Battle Clause: Forcing endless battles is banned\n|rule|HP Percentage Mod: HP is shown in percentages\n|rule|Dynamax Clause: You cannot dynamax\n|rule|Mega Rayquaza Clause: You cannot mega evolve Rayquaza\n|clearpoke\n|poke|p1|Garchomp, F|\n|poke|p1|Kingambit, F|\n|poke|p1|Volcarona, M|\n|poke|p1|Arctovish|\n|poke|p1|Ninetales-Alola, M|\n|poke|p1|Urshifu-*, M|\n|poke|p2|Hawlucha, F|\n|poke|p2|Alakazam, F|\n|poke|p2|Dragapult, M|\n|poke|p2|Aegislash, F|\n|poke|p2|Farfetch\u2019d, M|\n|poke|p2|Galvantula, F|\n|teampreview\n|\n|t:|1698170851\n|start\n|switch|p1a: Ninetales|Ninetales-Alola, M|100\/100\n|switch|p2a: Faril|Farfetch\u2019d, M|100\/100\n|-item|p1a: Ninetales|Icy Rock|[from] ability: Frisk|[of] p2a: Faril|[identify]\n|-weather|Snow|[from] ability: Snow Warning|[of] p1a: Ninetales\n|turn|1\n|j| Kaka Black dragon\n|\n|t:|1698170866\n|move|p2a: Faril|First Impression|p1a: Ninetales\n|-resisted|p1a: Ninetales\n|-damage|p1a: Ninetales|87\/100\n|move|p1a: Ninetales|Aurora Veil|p1a: Ninetales\n|-sidestart|p1: axelzzz09|move: Aurora Veil\n|\n|-weather|Snow|[upkeep]\n|upkeep\n|turn|2\n|\n|t:|1698170874\n|switch|p1a: Arctovish|Arctovish|100\/100\n|move|p2a: Faril|Knock Off|p1a: Arctovish\n|-crit|p1a: Arctovish\n|-damage|p1a: Arctovish|69\/100\n|-enditem|p1a: Arctovish|Choice Band|[from] move: Knock Off|[of] p2a: Faril\n|\n|-weather|Snow|[upkeep]\n|upkeep\n|turn|3\n|\n|t:|1698170882\n|move|p1a: Arctovish|Fishious Rend|p2a: Faril\n|-damage|p2a: Faril|0 fnt\n|faint|p2a: Faril\n|\n|-weather|Snow|[upkeep]\n|upkeep\n|\n|t:|1698170885\n|switch|p2a: Galvantula|Galvantula, F|100\/100\n|turn|4\n|\n|t:|1698170898\n|move|p1a: Arctovish|Fishious Rend|p2a: Galvantula\n|-crit|p2a: Galvantula\n|-damage|p2a: Galvantula|0 fnt\n|faint|p2a: Galvantula\n|\n|-weather|Snow|[upkeep]\n|upkeep\n|c|\u2606axelzzz09|aun tiene doble de potencia\n|\n|t:|1698170903\n|switch|p2a: Dragapult|Dragapult, M, shiny|100\/100\n|turn|5\n|c|\u2606axelzzz09|xdd\n|\n|t:|1698170909\n|move|p1a: Arctovish|Fishious Rend|p2a: Dragapult\n|-resisted|p2a: Dragapult\n|-damage|p2a: Dragapult|52\/100\n|move|p2a: Dragapult|Draco Meteor|p1a: Arctovish\n|-damage|p1a: Arctovish|0 fnt\n|-unboost|p2a: Dragapult|spa|2\n|faint|p1a: Arctovish\n|\n|-weather|Snow|[upkeep]\n|-sideend|p1: axelzzz09|move: Aurora Veil\n|upkeep\n|\n|t:|1698170921\n|switch|p1a: Ninetales|Ninetales-Alola, M|87\/100\n|turn|6\n|\n|t:|1698170932\n|switch|p2a: Ash|Aegislash, F|100\/100\n|move|p1a: Ninetales|Freeze-Dry|p2a: Ash\n|-resisted|p2a: Ash\n|-damage|p2a: Ash|93\/100\n|\n|-weather|Snow|[upkeep]\n|upkeep\n|turn|7\n|\n|t:|1698170940\n|move|p1a: Ninetales|Aurora Veil|p1a: Ninetales\n|-sidestart|p1: axelzzz09|move: Aurora Veil\n|move|p2a: Ash|Swords Dance|p2a: Ash\n|-boost|p2a: Ash|atk|2\n|\n|-weather|Snow|[upkeep]\n|upkeep\n|turn|8\n|\n|t:|1698170976\n|switch|p1a: Volcarona|Volcarona, M|100\/100\n|-formechange|p2a: Ash|Aegislash-Blade||[from] ability: Stance Change\n|move|p2a: Ash|Shadow Ball|p1a: Volcarona\n|-damage|p1a: Volcarona|82\/100\n|-unboost|p1a: Volcarona|spd|1\n|\n|-weather|none\n|upkeep\n|turn|9\n|\n|t:|1698170991\n|move|p1a: Volcarona|Quiver Dance|p1a: Volcarona\n|-boost|p1a: Volcarona|spa|1\n|-boost|p1a: Volcarona|spd|1\n|-boost|p1a: Volcarona|spe|1\n|move|p2a: Ash|Air Slash|p1a: Volcarona\n|-supereffective|p1a: Volcarona\n|-damage|p1a: Volcarona|59\/100\n|\n|upkeep\n|turn|10\n|\n|t:|1698170998\n|move|p1a: Volcarona|Quiver Dance|p1a: Volcarona\n|-boost|p1a: Volcarona|spa|1\n|-boost|p1a: Volcarona|spd|1\n|-boost|p1a: Volcarona|spe|1\n|move|p2a: Ash|Air Slash|p1a: Volcarona\n|-supereffective|p1a: Volcarona\n|-damage|p1a: Volcarona|43\/100\n|\n|upkeep\n|turn|11\n|\n|t:|1698171008\n|move|p1a: Volcarona|Quiver Dance|p1a: Volcarona\n|-boost|p1a: Volcarona|spa|1\n|-boost|p1a: Volcarona|spd|1\n|-boost|p1a: Volcarona|spe|1\n|move|p2a: Ash|Shadow Ball|p1a: Volcarona\n|-damage|p1a: Volcarona|33\/100\n|\n|-sideend|p1: axelzzz09|move: Aurora Veil\n|upkeep\n|turn|12\n|\n|t:|1698171019\n|switch|p2a: Haut|Hawlucha, F|100\/100\n|move|p1a: Volcarona|Fiery Dance|p2a: Haut\n|-damage|p2a: Haut|0 fnt\n|-boost|p1a: Volcarona|spa|1\n|faint|p2a: Haut\n|\n|upkeep\n|\n|t:|1698171021\n|switch|p2a: Ash|Aegislash, F|93\/100\n|turn|13\n|\n|t:|1698171029\n|move|p1a: Volcarona|Fiery Dance|p2a: Ash\n|-supereffective|p2a: Ash\n|-damage|p2a: Ash|0 fnt\n|-boost|p1a: Volcarona|spa|1\n|faint|p2a: Ash\n|\n|upkeep\n|\n|t:|1698171032\n|switch|p2a: Alakazam|Alakazam, F|100\/100\n|turn|14\n|\n|t:|1698171036\n|move|p1a: Volcarona|Fiery Dance|p2a: Alakazam\n|-enditem|p2a: Alakazam|Focus Sash\n|-damage|p2a: Alakazam|1\/100\n|move|p2a: Alakazam|Psychic|p1a: Volcarona\n|-damage|p1a: Volcarona|9\/100\n|\n|upkeep\n|turn|15\n|l|\u2606Elohim yt 08\u00b3\n|player|p2|\n|inactive|Battle timer is ON: inactive players will automatically lose when time's up. (requested by axelzzz09)\n|j|\u2606Elohim yt 08\u00b3\n|inactive|Elohim yt 08\u00b3 reconnected and has 300 seconds left.\n|player|p2|Elohim yt 08\u00b3|rr-sprigatito\n|\n|t:|1698171081\n|move|p1a: Volcarona|Fiery Dance|p2a: Alakazam\n|-damage|p2a: Alakazam|0 fnt\n|faint|p2a: Alakazam\n|\n|upkeep\n|\n|t:|1698171084\n|switch|p2a: Dragapult|Dragapult, M, shiny|52\/100\n|turn|16\n|\n|t:|1698171099\n|move|p1a: Volcarona|Fiery Dance|p2a: Dragapult\n|-resisted|p2a: Dragapult\n|-damage|p2a: Dragapult|0 fnt\n|faint|p2a: Dragapult\n|\n|win|axelzzz09\n|l|\u2606Elohim yt 08\u00b3\n","uploadtime":1698171105,"views":12,"p1id":"axelzzz09","p2id":"elohimyt08","formatid":"gen9ubers","rating":0,"private":0,"password":""}