{"id":"radicalred-gen9ubers-540745","p1":"mixolx","p2":"Mr cyphon","format":"[Gen 9] Ubers","log":"|j|\u2606mixolx\n|j|\u2606Mr cyphon\n|t:|1698791993\n|gametype|singles\n|player|p1|mixolx|rr-clawitzerseviian|\n|player|p2|Mr cyphon|rr-beedrillmega|\n|teamsize|p1|6\n|teamsize|p2|6\n|gen|9\n|tier|[Gen 9] Ubers\n|rule|Sleep Clause Mod: Limit one foe put to sleep\n|rule|Species Clause: Limit one of each Pok\u00e9mon\n|rule|OHKO Clause: OHKO moves are banned\n|rule|Evasion Abilities Clause: Evasion abilities are banned\n|rule|Evasion Items Clause: Evasion items are banned\n|rule|Evasion Moves Clause: Evasion moves are banned\n|rule|Endless Battle Clause: Forcing endless battles is banned\n|rule|HP Percentage Mod: HP is shown in percentages\n|rule|Dynamax Clause: You cannot dynamax\n|rule|Mega Rayquaza Clause: You cannot mega evolve Rayquaza\n|clearpoke\n|poke|p1|Necrozma-Dusk-Mane|\n|poke|p1|Metagross|\n|poke|p1|Magearna-Original|\n|poke|p1|Genesect|\n|poke|p1|Heatran, M|\n|poke|p1|Corviknight, M|\n|poke|p2|Toxapex, M|\n|poke|p2|Sneasler, F|\n|poke|p2|Crobat, M|\n|poke|p2|Gengar, F|\n|poke|p2|Eternatus|\n|poke|p2|Naganadel|\n|teampreview\n|c|\u2606Mr cyphon|hf\n|\n|t:|1698792002\n|start\n|switch|p1a: Necrozma|Necrozma-Dusk-Mane|100\/100\n|switch|p2a: Crobat|Crobat, M|100\/100\n|turn|1\n|\n|t:|1698792008\n|move|p2a: Crobat|Poison Fang|p1a: Necrozma\n|-enditem|p2a: Crobat|Poison Gem|[from] gem\n|-damage|p1a: Necrozma|62\/100\n|move|p1a: Necrozma|Dragon Dance|p1a: Necrozma\n|-boost|p1a: Necrozma|atk|1\n|-boost|p1a: Necrozma|spe|1\n|\n|upkeep\n|turn|2\n|\n|t:|1698792013\n|move|p2a: Crobat|Crunch|p1a: Necrozma\n|-supereffective|p1a: Necrozma\n|-damage|p1a: Necrozma|34\/100\n|-enditem|p1a: Necrozma|Weakness Policy\n|-boost|p1a: Necrozma|atk|2|[from] item: Weakness Policy\n|-boost|p1a: Necrozma|spa|2|[from] item: Weakness Policy\n|move|p1a: Necrozma|Photon Geyser|p2a: Crobat\n|-supereffective|p2a: Crobat\n|-damage|p2a: Crobat|0 fnt\n|faint|p2a: Crobat\n|\n|upkeep\n|\n|t:|1698792024\n|switch|p2a: Toxapex|Toxapex, M|100\/100\n|turn|3\n|\n|t:|1698792028\n|move|p1a: Necrozma|Photon Geyser|p2a: Toxapex\n|-supereffective|p2a: Toxapex\n|-damage|p2a: Toxapex|0 fnt\n|faint|p2a: Toxapex\n|\n|upkeep\n|c|\u2606Mr cyphon|gg\n|\n|t:|1698792034\n|switch|p2a: Sneasler|Sneasler, F|100\/100\n|turn|4\n|\n|t:|1698792037\n|move|p1a: Necrozma|Photon Geyser|p2a: Sneasler\n|-supereffective|p2a: Sneasler\n|-enditem|p2a: Sneasler|Focus Sash\n|-damage|p2a: Sneasler|1\/100\n|move|p2a: Sneasler|Close Combat|p1a: Necrozma\n|-damage|p1a: Necrozma|0 fnt\n|-unboost|p2a: Sneasler|def|1\n|-unboost|p2a: Sneasler|spd|1\n|faint|p1a: Necrozma\n|\n|upkeep\n|\n|t:|1698792040\n|switch|p1a: Genesect|Genesect|100\/100\n|-ability|p1a: Genesect|Download|boost\n|-boost|p1a: Genesect|atk|1\n|turn|5\n|\n|t:|1698792044\n|move|p1a: Genesect|Extreme Speed|p2a: Sneasler\n|-damage|p2a: Sneasler|0 fnt\n|faint|p2a: Sneasler\n|-damage|p1a: Genesect|91\/100|[from] item: Life Orb\n|\n|upkeep\n|\n|t:|1698792045\n|switch|p2a: Naganadel|Naganadel|100\/100\n|turn|6\n|\n|t:|1698792050\n|move|p1a: Genesect|Extreme Speed|p2a: Naganadel\n|-damage|p2a: Naganadel|25\/100\n|-damage|p1a: Genesect|81\/100|[from] item: Life Orb\n|-zpower|p2a: Naganadel\n|move|p2a: Naganadel|Devastating Drake|p1a: Genesect|[zeffect]\n|-resisted|p1a: Genesect\n|-damage|p1a: Genesect|16\/100\n|\n|upkeep\n|turn|7\n|\n|t:|1698792054\n|move|p1a: Genesect|Extreme Speed|p2a: Naganadel\n|-damage|p2a: Naganadel|0 fnt\n|faint|p2a: Naganadel\n|-damage|p1a: Genesect|6\/100|[from] item: Life Orb\n|\n|upkeep\n|\n|t:|1698792056\n|switch|p2a: Gengar|Gengar, F|100\/100\n|turn|8\n|\n|t:|1698792060\n|detailschange|p2a: Gengar|Gengar-Mega, F\n|-mega|p2a: Gengar|Gengar|Gengarite\n|move|p2a: Gengar|Shadow Ball|p1a: Genesect\n|-damage|p1a: Genesect|0 fnt\n|faint|p1a: Genesect\n|\n|upkeep\n|\n|t:|1698792069\n|switch|p1a: Heatran|Heatran, M|100\/100\n|turn|9\n|\n|t:|1698792074\n|move|p1a: Heatran|Eruption|p2a: Gengar\n|-damage|p2a: Gengar|0 fnt\n|faint|p2a: Gengar\n|\n|upkeep\n|\n|t:|1698792078\n|switch|p2a: Eternatus|Eternatus|100\/100\n|-ability|p2a: Eternatus|Pressure\n|turn|10\n|\n|t:|1698792081\n|move|p1a: Heatran|Eruption|p2a: Eternatus\n|-resisted|p2a: Eternatus\n|-damage|p2a: Eternatus|69\/100\n|move|p2a: Eternatus|Cosmic Power|p2a: Eternatus\n|-boost|p2a: Eternatus|def|1\n|-boost|p2a: Eternatus|spd|1\n|\n|-heal|p2a: Eternatus|75\/100|[from] item: Black Sludge\n|upkeep\n|turn|11\n|-message|Mr cyphon forfeited.\n|\n|win|mixolx\n|c|\u2606Mr cyphon|gg\n|c|\u2606mixolx|gg\n|l|\u2606Mr cyphon\n","uploadtime":1698792100,"views":10,"p1id":"mixolx","p2id":"mrcyphon","formatid":"gen9ubers","rating":0,"private":0,"password":""}