{"id":"radicalred-gen9ubers-542685","p1":"Razorgliscor472","p2":"Will Jones","format":"[Gen 9] Ubers","log":"|j|\u2606Razorgliscor472\n|j|\u2606Will Jones\n|t:|1699192991\n|gametype|singles\n|player|p1|Razorgliscor472|furretcollage.png|\n|player|p2|Will Jones|2|\n|teamsize|p1|6\n|teamsize|p2|6\n|gen|9\n|tier|[Gen 9] Ubers\n|rule|Sleep Clause Mod: Limit one foe put to sleep\n|rule|Species Clause: Limit one of each Pok\u00e9mon\n|rule|OHKO Clause: OHKO moves are banned\n|rule|Evasion Abilities Clause: Evasion abilities are banned\n|rule|Evasion Items Clause: Evasion items are banned\n|rule|Evasion Moves Clause: Evasion moves are banned\n|rule|Endless Battle Clause: Forcing endless battles is banned\n|rule|HP Percentage Mod: HP is shown in percentages\n|rule|Dynamax Clause: You cannot dynamax\n|rule|Mega Rayquaza Clause: You cannot mega evolve Rayquaza\n|clearpoke\n|poke|p1|Garchomp, M|\n|poke|p1|Dhelmise|\n|poke|p1|Silvally-*|\n|poke|p1|Lopunny, F|\n|poke|p1|Overqwil, M|\n|poke|p1|Solgaleo|\n|poke|p2|Vikavolt, M|\n|poke|p2|Persian, F|\n|poke|p2|Mandibuzz, F|\n|poke|p2|Milotic-Sevii, M|\n|poke|p2|Sneasler, M|\n|poke|p2|Kingler, F|\n|teampreview\n|c|\u2606Razorgliscor472|Glhf\n|c|\u2606Will Jones|glhf \n|j| BFO Ethanol\n|j| KRAFT Steering\n|c| KRAFT Steering|mooooo\n|\n|t:|1699193064\n|start\n|switch|p1a: Lopunny|Lopunny, F|100\/100\n|switch|p2a: Persian|Persian, F|100\/100\n|turn|1\n|\n|t:|1699193068\n|switch|p2a: Vikavolt|Vikavolt, M|100\/100\n|detailschange|p1a: Lopunny|Lopunny-Mega, F\n|-mega|p1a: Lopunny|Lopunny|Lopunnite\n|move|p1a: Lopunny|Fake Out|p2a: Vikavolt\n|-damage|p2a: Vikavolt|83\/100\n|-damage|p1a: Lopunny|84\/100|[from] item: Rocky Helmet|[of] p2a: Vikavolt\n|\n|upkeep\n|turn|2\n|\n|t:|1699193088\n|switch|p1a: Dhelmise|Dhelmise|100\/100\n|move|p2a: Vikavolt|Bug Buzz|p1a: Dhelmise\n|-damage|p1a: Dhelmise|56\/100\n|\n|upkeep\n|turn|3\n|\n|t:|1699193102\n|move|p2a: Vikavolt|Volt Switch|p1a: Dhelmise\n|-resisted|p1a: Dhelmise\n|-damage|p1a: Dhelmise|37\/100\n|\n|t:|1699193105\n|switch|p2a: Mandibuzz|Mandibuzz, F|100\/100|[from] Volt Switch\n|move|p1a: Dhelmise|Synthesis|p1a: Dhelmise\n|-heal|p1a: Dhelmise|87\/100\n|\n|upkeep\n|turn|4\n|\n|t:|1699193115\n|switch|p1a: Overqwil|Overqwil, M|100\/100\n|-ability|p1a: Overqwil|Intimidate|boost\n|-unboost|p2a: Mandibuzz|atk|1\n|move|p2a: Mandibuzz|Foul Play|p1a: Overqwil\n|-resisted|p1a: Overqwil\n|-damage|p1a: Overqwil|89\/100\n|\n|upkeep\n|turn|5\n|\n|t:|1699193133\n|move|p1a: Overqwil|Spikes|p2a: Mandibuzz\n|-sidestart|p2: Will Jones|Spikes\n|move|p2a: Mandibuzz|U-turn|p1a: Overqwil\n|-damage|p1a: Overqwil|85\/100\n|\n|t:|1699193150\n|switch|p2a: Kingler|Kingler, F|100\/100|[from] U-turn\n|-damage|p2a: Kingler|88\/100|[from] Spikes\n|\n|upkeep\n|turn|6\n|\n|t:|1699193162\n|detailschange|p2a: Kingler|Kingler-Mega, F\n|-mega|p2a: Kingler|Kingler|Kinglerite\n|move|p2a: Kingler|Swords Dance|p2a: Kingler\n|-boost|p2a: Kingler|atk|2\n|move|p1a: Overqwil|Thunder Wave|p2a: Kingler|[miss]\n|-miss|p1a: Overqwil|p2a: Kingler\n|\n|upkeep\n|turn|7\n|c|\u2606Razorgliscor472|Omg\n|c|\u2606Will Jones|my b \n|c| BFO Ethanol|F\n|\n|t:|1699193184\n|switch|p1a: Dhelmise|Dhelmise|87\/100\n|move|p2a: Kingler|Meteor Mash|p1a: Dhelmise\n|-damage|p1a: Dhelmise|0 fnt\n|faint|p1a: Dhelmise\n|\n|upkeep\n|\n|t:|1699193187\n|switch|p1a: Silvally|Silvally-Water|100\/100\n|turn|8\n|\n|t:|1699193202\n|move|p2a: Kingler|Knock Off|p1a: Silvally\n|-damage|p1a: Silvally|23\/100\n|-enditem|p1a: Silvally|Leftovers|[from] move: Knock Off|[of] p2a: Kingler\n|move|p1a: Silvally|Thunderbolt|p2a: Kingler\n|-supereffective|p2a: Kingler\n|-damage|p2a: Kingler|18\/100\n|\n|upkeep\n|turn|9\n|\n|t:|1699193211\n|move|p2a: Kingler|Aqua Jet|p1a: Silvally\n|-resisted|p1a: Silvally\n|-damage|p1a: Silvally|0 fnt\n|faint|p1a: Silvally\n|\n|upkeep\n|\n|t:|1699193212\n|switch|p1a: Lopunny|Lopunny-Mega, F|84\/100\n|turn|10\n|\n|t:|1699193215\n|move|p2a: Kingler|Aqua Jet|p1a: Lopunny\n|-damage|p1a: Lopunny|13\/100\n|move|p1a: Lopunny|Close Combat|p2a: Kingler\n|-supereffective|p2a: Kingler\n|-damage|p2a: Kingler|0 fnt\n|-unboost|p1a: Lopunny|def|1\n|-unboost|p1a: Lopunny|spd|1\n|faint|p2a: Kingler\n|\n|upkeep\n|c|\u2606Razorgliscor472|My favorite luck\n|c|\u2606Razorgliscor472|Missing a move thatd have saved me 3 pokemon\n|\n|t:|1699193230\n|switch|p2a: Vikavolt|Vikavolt, M|83\/100\n|turn|11\n|c| KRAFT Steering|chipping the furry\n|c| KRAFT Steering|nom\n|\n|t:|1699193244\n|switch|p1a: Overqwil|Overqwil, M|85\/100\n|-ability|p1a: Overqwil|Intimidate|boost\n|-unboost|p2a: Vikavolt|atk|1\n|move|p2a: Vikavolt|Roost|p2a: Vikavolt\n|-heal|p2a: Vikavolt|100\/100\n|-singleturn|p2a: Vikavolt|move: Roost\n|\n|upkeep\n|turn|12\n|\n|t:|1699193261\n|move|p1a: Overqwil|Barb Barrage|p2a: Vikavolt\n|-damage|p2a: Vikavolt|84\/100\n|move|p2a: Vikavolt|Volt Switch|p1a: Overqwil\n|-damage|p1a: Overqwil|49\/100\n|\n|t:|1699193275\n|switch|p2a: Sneasler|Sneasler, M|100\/100|[from] Volt Switch\n|-damage|p2a: Sneasler|88\/100|[from] Spikes\n|\n|upkeep\n|turn|13\n|\n|t:|1699193281\n|move|p2a: Sneasler|Close Combat|p1a: Overqwil\n|-damage|p1a: Overqwil|0 fnt\n|-unboost|p2a: Sneasler|def|1\n|-unboost|p2a: Sneasler|spd|1\n|faint|p1a: Overqwil\n|\n|upkeep\n|\n|t:|1699193291\n|switch|p1a: Solgaleo|Solgaleo|100\/100\n|turn|14\n|\n|t:|1699193301\n|move|p2a: Sneasler|Close Combat|p1a: Solgaleo\n|-damage|p1a: Solgaleo|25\/100\n|-unboost|p2a: Sneasler|def|1\n|-unboost|p2a: Sneasler|spd|1\n|move|p1a: Solgaleo|Flare Blitz|p2a: Sneasler\n|-damage|p2a: Sneasler|0 fnt\n|faint|p2a: Sneasler\n|-damage|p1a: Solgaleo|4\/100|[from] Recoil\n|\n|upkeep\n|\n|t:|1699193317\n|switch|p2a: Persian|Persian, F|100\/100\n|-damage|p2a: Persian|88\/100|[from] Spikes\n|turn|15\n|\n|t:|1699193334\n|move|p2a: Persian|Dazzling Gleam|p1a: Solgaleo\n|-resisted|p1a: Solgaleo\n|-damage|p1a: Solgaleo|0 fnt\n|faint|p1a: Solgaleo\n|\n|upkeep\n|\n|t:|1699193336\n|switch|p1a: Garchomp|Garchomp, M|100\/100\n|turn|16\n|\n|t:|1699193348\n|switch|p2a: Milotic|Milotic-Sevii, M|100\/100\n|-damage|p2a: Milotic|88\/100|[from] Spikes\n|move|p1a: Garchomp|Dragon Claw|p2a: Milotic\n|-immune|p2a: Milotic\n|\n|-heal|p2a: Milotic|94\/100|[from] item: Leftovers\n|upkeep\n|turn|17\n|c|\u2606Razorgliscor472|Gg\n|\n|t:|1699193357\n|switch|p1a: Lopunny|Lopunny-Mega, F|13\/100\n|move|p2a: Milotic|Moonblast|p1a: Lopunny\n|-supereffective|p1a: Lopunny\n|-damage|p1a: Lopunny|0 fnt\n|faint|p1a: Lopunny\n|\n|-heal|p2a: Milotic|99\/100|[from] item: Leftovers\n|upkeep\n|c|\u2606Will Jones|ggs \n|c|\u2606Razorgliscor472|That Twave miss was literally what determined that game\n|c|\u2606Razorgliscor472|Fuck\n|c|\u2606Will Jones|yeah sorry bout that \n|\n|t:|1699193381\n|switch|p1a: Garchomp|Garchomp, M|100\/100\n|turn|18\n|\n|t:|1699193386\n|move|p1a: Garchomp|Aqua Tail|p2a: Milotic\n|-supereffective|p2a: Milotic\n|-damage|p2a: Milotic|55\/100\n|move|p2a: Milotic|Moonblast|p1a: Garchomp\n|-supereffective|p1a: Garchomp\n|-damage|p1a: Garchomp|23\/100\n|-unboost|p1a: Garchomp|spa|1\n|\n|-heal|p2a: Milotic|61\/100|[from] item: Leftovers\n|upkeep\n|turn|19\n|\n|t:|1699193398\n|move|p1a: Garchomp|Aqua Tail|p2a: Milotic\n|-supereffective|p2a: Milotic\n|-damage|p2a: Milotic|19\/100\n|move|p2a: Milotic|Moonblast|p1a: Garchomp\n|-supereffective|p1a: Garchomp\n|-damage|p1a: Garchomp|0 fnt\n|faint|p1a: Garchomp\n|\n|win|Will Jones\n|c|\u2606Will Jones|ggs \n","uploadtime":1699193409,"views":18,"p1id":"razorgliscor472","p2id":"willjones","formatid":"gen9ubers","rating":0,"private":0,"password":""}