{"id":"radicalred-gen9ubers-543891","p1":"Blackfooted Eel","p2":"Th3Fri3dChick3n","format":"[Gen 9] Ubers","log":"|j|\u2606Blackfooted Eel\n|j|\u2606Th3Fri3dChick3n\n|t:|1699470975\n|gametype|singles\n|player|p1|Blackfooted Eel|266|\n|player|p2|Th3Fri3dChick3n|265|\n|teamsize|p1|6\n|teamsize|p2|6\n|gen|9\n|tier|[Gen 9] Ubers\n|rule|Sleep Clause Mod: Limit one foe put to sleep\n|rule|Species Clause: Limit one of each Pok\u00e9mon\n|rule|OHKO Clause: OHKO moves are banned\n|rule|Evasion Abilities Clause: Evasion abilities are banned\n|rule|Evasion Items Clause: Evasion items are banned\n|rule|Evasion Moves Clause: Evasion moves are banned\n|rule|Endless Battle Clause: Forcing endless battles is banned\n|rule|HP Percentage Mod: HP is shown in percentages\n|rule|Dynamax Clause: You cannot dynamax\n|rule|Mega Rayquaza Clause: You cannot mega evolve Rayquaza\n|clearpoke\n|poke|p1|Mamoswine, M|\n|poke|p1|Corviknight, M|\n|poke|p1|Typhlosion, M|\n|poke|p1|Umbreon, F|\n|poke|p1|Enamorus, F|\n|poke|p1|Slowbro, M|\n|poke|p2|Terrakion|\n|poke|p2|Rotom-Heat|\n|poke|p2|Magearna|\n|poke|p2|Sandaconda, F|\n|poke|p2|Samurott-Hisui, M|\n|poke|p2|Naganadel|\n|teampreview\n|c|\u2606Blackfooted Eel|gl hf\n|c|\u2606Th3Fri3dChick3n|u2\n|\n|t:|1699471100\n|start\n|switch|p1a: Earth Kitt|Umbreon, F|100\/100\n|switch|p2a: Rotom|Rotom-Heat|100\/100\n|turn|1\n|\n|t:|1699471114\n|move|p2a: Rotom|Volt Switch|p1a: Earth Kitt\n|-damage|p1a: Earth Kitt|88\/100\n|\n|t:|1699471123\n|switch|p2a: Naganadel|Naganadel|100\/100|[from] Volt Switch\n|move|p1a: Earth Kitt|Knock Off|p2a: Naganadel\n|-damage|p2a: Naganadel|77\/100\n|\n|-heal|p1a: Earth Kitt|94\/100|[from] item: Leftovers\n|upkeep\n|turn|2\n|j| Bapitibopiti\n|\n|t:|1699471153\n|move|p2a: Naganadel|Nasty Plot|p2a: Naganadel\n|-boost|p2a: Naganadel|spa|2\n|move|p1a: Earth Kitt|Yawn|p2a: Naganadel\n|-start|p2a: Naganadel|move: Yawn|[of] p1a: Earth Kitt\n|\n|-heal|p1a: Earth Kitt|99\/100|[from] item: Leftovers\n|upkeep\n|turn|3\n|l| Bapitibopiti\n|\n|t:|1699471231\n|move|p1a: Earth Kitt|Protect|p1a: Earth Kitt\n|-singleturn|p1a: Earth Kitt|Protect\n|move|p2a: Naganadel|U-turn|p1a: Earth Kitt\n|-activate|p1a: Earth Kitt|move: Protect\n|\n|-heal|p1a: Earth Kitt|100\/100|[from] item: Leftovers\n|-end|p2a: Naganadel|move: Yawn|[silent]\n|-status|p2a: Naganadel|slp\n|upkeep\n|turn|4\n|\n|t:|1699471236\n|switch|p2a: Sandaconda|Sandaconda, F|100\/100\n|switch|p1a: Bowie|Enamorus, F|100\/100\n|\n|upkeep\n|turn|5\n|\n|t:|1699471241\n|switch|p1a: Kronk|Slowbro, M|100\/100\n|detailschange|p2a: Sandaconda|Sandaconda-Mega, F\n|-mega|p2a: Sandaconda|Sandaconda|Sandacondite\n|move|p2a: Sandaconda|Glare|p1a: Kronk\n|-status|p1a: Kronk|par\n|\n|upkeep\n|turn|6\n|c|\u2606Blackfooted Eel|oh hey, it actually has the sprite\n|\n|t:|1699471278\n|switch|p2a: Rotom|Rotom-Heat|100\/100\n|move|p1a: Kronk|Future Sight|p2a: Rotom\n|-start|p1a: Kronk|move: Future Sight\n|\n|upkeep\n|turn|7\n|\n|t:|1699471291\n|switch|p1a: Earth Kitt|Umbreon, F|100\/100\n|move|p2a: Rotom|Volt Switch|p1a: Earth Kitt\n|-damage|p1a: Earth Kitt|88\/100\n|\n|t:|1699471298\n|switch|p2a: Samurott|Samurott-Hisui, M|100\/100|[from] Volt Switch\n|\n|-heal|p1a: Earth Kitt|94\/100|[from] item: Leftovers\n|upkeep\n|turn|8\n|\n|t:|1699471325\n|switch|p1a: Heath|Corviknight, M|100\/100\n|-ability|p1a: Heath|Pressure\n|move|p2a: Samurott|Shell Smash|p2a: Samurott\n|-unboost|p2a: Samurott|def|1\n|-unboost|p2a: Samurott|spd|1\n|-boost|p2a: Samurott|atk|2\n|-boost|p2a: Samurott|spa|2\n|-boost|p2a: Samurott|spe|2\n|-enditem|p2a: Samurott|White Herb\n|-clearnegativeboost|p2a: Samurott|[silent]\n|\n|-end|p2a: Samurott|move: Future Sight\n|-immune|p2a: Samurott\n|upkeep\n|turn|9\n|\n|t:|1699471359\n|move|p2a: Samurott|Razor Shell|p1a: Heath\n|-crit|p1a: Heath\n|-damage|p1a: Heath|4\/100\n|-damage|p2a: Samurott|84\/100|[from] item: Rocky Helmet|[of] p1a: Heath\n|move|p1a: Heath|Body Press|p2a: Samurott\n|-supereffective|p2a: Samurott\n|-crit|p2a: Samurott\n|-damage|p2a: Samurott|0 fnt\n|faint|p2a: Samurott\n|\n|upkeep\n|c|\u2606Th3Fri3dChick3n|damn\n|\n|t:|1699471380\n|switch|p2a: Terrakion|Terrakion|100\/100\n|turn|10\n|\n|t:|1699471398\n|move|p2a: Terrakion|Stone Edge|p1a: Heath\n|-damage|p1a: Heath|0 fnt\n|faint|p1a: Heath\n|\n|upkeep\n|\n|t:|1699471401\n|switch|p1a: Kronk|Slowbro, M|100\/100 par\n|turn|11\n|\n|t:|1699471408\n|switch|p2a: Magearna|Magearna|100\/100\n|cant|p1a: Kronk|par\n|\n|upkeep\n|turn|12\n|\n|t:|1699471446\n|move|p2a: Magearna|Dazzling Gleam|p1a: Kronk\n|-damage|p1a: Kronk|51\/100 par\n|move|p1a: Kronk|Teleport|p1a: Kronk\n|\n|t:|1699471463\n|switch|p1a: Fabio|Typhlosion, M|100\/100|[from] Teleport\n|\n|upkeep\n|turn|13\n|\n|t:|1699471477\n|switch|p2a: Rotom|Rotom-Heat|100\/100\n|move|p1a: Fabio|Eruption|p2a: Rotom\n|-resisted|p2a: Rotom\n|-damage|p2a: Rotom|64\/100\n|\n|upkeep\n|turn|14\n|\n|t:|1699471488\n|switch|p1a: Goodman|Mamoswine, M|100\/100\n|move|p2a: Rotom|Pain Split|p1a: Goodman\n|-sethp|p1a: Goodman|77\/100|[from] move: Pain Split|[silent]\n|-sethp|p2a: Rotom|92\/100|[from] move: Pain Split\n|\n|upkeep\n|turn|15\n|\n|t:|1699471519\n|switch|p1a: Earth Kitt|Umbreon, F|94\/100\n|switch|p2a: Sandaconda|Sandaconda-Mega, F|100\/100\n|\n|-heal|p1a: Earth Kitt|99\/100|[from] item: Leftovers\n|upkeep\n|turn|16\n|\n|t:|1699471533\n|move|p2a: Sandaconda|Stealth Rock|p1a: Earth Kitt\n|-sidestart|p1: Blackfooted Eel|move: Stealth Rock\n|move|p1a: Earth Kitt|Wish|p1a: Earth Kitt\n|\n|-heal|p1a: Earth Kitt|100\/100|[from] item: Leftovers\n|upkeep\n|turn|17\n|\n|t:|1699471546\n|switch|p1a: Kronk|Slowbro, M|84\/100 par\n|move|p2a: Sandaconda|Stone Edge|p1a: Kronk\n|-damage|p1a: Kronk|64\/100 par\n|\n|-heal|p1a: Kronk|100\/100 par|[from] move: Wish|[wisher] Earth Kitt\n|upkeep\n|turn|18\n|j| Heidhall\n|\n|t:|1699471568\n|switch|p2a: Magearna|Magearna|100\/100\n|cant|p1a: Kronk|par\n|\n|upkeep\n|turn|19\n|\n|t:|1699471607\n|move|p2a: Magearna|Calm Mind|p2a: Magearna\n|-boost|p2a: Magearna|spa|1\n|-boost|p2a: Magearna|spd|1\n|move|p1a: Kronk|Teleport|p1a: Kronk\n|\n|t:|1699471632\n|switch|p1a: Goodman|Mamoswine, M|77\/100|[from] Teleport\n|-damage|p1a: Goodman|64\/100|[from] Stealth Rock\n|\n|upkeep\n|turn|20\n|\n|t:|1699471721\n|move|p1a: Goodman|Headlong Rush|p2a: Magearna\n|-supereffective|p2a: Magearna\n|-damage|p2a: Magearna|0 fnt\n|-unboost|p1a: Goodman|def|1\n|-unboost|p1a: Goodman|spd|1\n|faint|p2a: Magearna\n|\n|upkeep\n|\n|t:|1699471728\n|switch|p2a: Terrakion|Terrakion|100\/100\n|turn|21\n|\n|t:|1699471732\n|move|p2a: Terrakion|Stone Edge|p1a: Goodman\n|-damage|p1a: Goodman|0 fnt\n|faint|p1a: Goodman\n|\n|upkeep\n|c|\u2606Blackfooted Eel|damn, i was hoping you weren't also sccarf\n|\n|t:|1699471746\n|switch|p1a: Kronk|Slowbro, M|100\/100 par\n|turn|22\n|\n|t:|1699471783\n|switch|p2a: Rotom|Rotom-Heat|92\/100\n|move|p1a: Kronk|Future Sight|p2a: Rotom\n|-start|p1a: Kronk|move: Future Sight\n|\n|upkeep\n|turn|23\n|\n|t:|1699471789\n|switch|p1a: Earth Kitt|Umbreon, F|100\/100\n|-damage|p1a: Earth Kitt|88\/100|[from] Stealth Rock\n|move|p2a: Rotom|Volt Switch|p1a: Earth Kitt\n|-damage|p1a: Earth Kitt|74\/100\n|l| Heidhall\n|\n|t:|1699471808\n|switch|p2a: Terrakion|Terrakion|100\/100|[from] Volt Switch\n|\n|-heal|p1a: Earth Kitt|80\/100|[from] item: Leftovers\n|upkeep\n|turn|24\n|\n|t:|1699471817\n|switch|p1a: Kronk|Slowbro, M|100\/100 par\n|move|p2a: Terrakion|Megahorn|p1a: Kronk\n|-supereffective|p1a: Kronk\n|-damage|p1a: Kronk|54\/100 par\n|\n|-end|p2a: Terrakion|move: Future Sight\n|-supereffective|p2a: Terrakion\n|-damage|p2a: Terrakion|14\/100\n|upkeep\n|turn|25\n|\n|t:|1699471827\n|move|p2a: Terrakion|Megahorn|p1a: Kronk\n|-supereffective|p1a: Kronk\n|-damage|p1a: Kronk|7\/100 par\n|move|p1a: Kronk|Body Press|p2a: Terrakion\n|-supereffective|p2a: Terrakion\n|-damage|p2a: Terrakion|0 fnt\n|faint|p2a: Terrakion\n|\n|upkeep\n|\n|t:|1699471831\n|switch|p2a: Rotom|Rotom-Heat|92\/100\n|turn|26\n|\n|t:|1699471833\n|switch|p1a: Earth Kitt|Umbreon, F|80\/100\n|-damage|p1a: Earth Kitt|67\/100|[from] Stealth Rock\n|move|p2a: Rotom|Volt Switch|p1a: Earth Kitt\n|-damage|p1a: Earth Kitt|54\/100\n|\n|t:|1699471837\n|switch|p2a: Naganadel|Naganadel|77\/100 slp|[from] Volt Switch\n|\n|-heal|p1a: Earth Kitt|60\/100|[from] item: Leftovers\n|upkeep\n|turn|27\n|\n|t:|1699471885\n|cant|p2a: Naganadel|slp\n|move|p1a: Earth Kitt|Wish|p1a: Earth Kitt\n|\n|-heal|p1a: Earth Kitt|66\/100|[from] item: Leftovers\n|upkeep\n|turn|28\n|\n|t:|1699471894\n|cant|p2a: Naganadel|slp\n|move|p1a: Earth Kitt|Knock Off|p2a: Naganadel\n|-damage|p2a: Naganadel|53\/100 slp\n|\n|-heal|p1a: Earth Kitt|100\/100|[from] move: Wish|[wisher] Earth Kitt\n|upkeep\n|turn|29\n|\n|t:|1699471908\n|-curestatus|p2a: Naganadel|slp|[msg]\n|move|p2a: Naganadel|Nasty Plot|p2a: Naganadel\n|-boost|p2a: Naganadel|spa|2\n|move|p1a: Earth Kitt|Yawn|p2a: Naganadel\n|-start|p2a: Naganadel|move: Yawn|[of] p1a: Earth Kitt\n|\n|upkeep\n|turn|30\n|\n|t:|1699471937\n|move|p1a: Earth Kitt|Protect|p1a: Earth Kitt\n|-singleturn|p1a: Earth Kitt|Protect\n|move|p2a: Naganadel|Draco Barrage|p1a: Earth Kitt\n|-activate|p1a: Earth Kitt|move: Protect\n|\n|-end|p2a: Naganadel|move: Yawn|[silent]\n|-status|p2a: Naganadel|slp\n|upkeep\n|turn|31\n|\n|t:|1699471942\n|cant|p2a: Naganadel|slp\n|move|p1a: Earth Kitt|Knock Off|p2a: Naganadel\n|-damage|p2a: Naganadel|33\/100 slp\n|\n|upkeep\n|turn|32\n|\n|t:|1699471976\n|cant|p2a: Naganadel|slp\n|move|p1a: Earth Kitt|Knock Off|p2a: Naganadel\n|-damage|p2a: Naganadel|11\/100 slp\n|\n|upkeep\n|turn|33\n|\n|t:|1699471984\n|-curestatus|p2a: Naganadel|slp|[msg]\n|-zpower|p2a: Naganadel\n|move|p2a: Naganadel|Devastating Drake|p1a: Earth Kitt|[zeffect]\n|-crit|p1a: Earth Kitt\n|-damage|p1a: Earth Kitt|0 fnt\n|faint|p1a: Earth Kitt\n|-ability|p2a: Naganadel|Beast Boost|boost\n|-boost|p2a: Naganadel|spa|1\n|\n|upkeep\n|c|\u2606Blackfooted Eel|that's rather upsetting\n|\n|t:|1699472001\n|switch|p1a: Fabio|Typhlosion, M|100\/100\n|turn|34\n|\n|t:|1699472004\n|move|p1a: Fabio|Eruption|p2a: Naganadel\n|-resisted|p2a: Naganadel\n|-damage|p2a: Naganadel|0 fnt\n|faint|p2a: Naganadel\n|\n|upkeep\n|\n|t:|1699472008\n|switch|p2a: Sandaconda|Sandaconda-Mega, F|100\/100\n|turn|35\n|c|\u2606Th3Fri3dChick3n|wait fuck\n|c|\u2606Th3Fri3dChick3n|i forgor\n|\n|t:|1699472020\n|switch|p2a: Rotom|Rotom-Heat|92\/100\n|move|p1a: Fabio|Eruption|p2a: Rotom\n|-resisted|p2a: Rotom\n|-damage|p2a: Rotom|57\/100\n|\n|upkeep\n|turn|36\n|\n|t:|1699472033\n|switch|p1a: Bowie|Enamorus, F|100\/100\n|-damage|p1a: Bowie|76\/100|[from] Stealth Rock\n|move|p2a: Rotom|Pain Split|p1a: Bowie\n|-sethp|p1a: Bowie|66\/100|[from] move: Pain Split|[silent]\n|-sethp|p2a: Rotom|66\/100|[from] move: Pain Split\n|\n|upkeep\n|turn|37\n|\n|t:|1699472065\n|move|p1a: Bowie|Dark Pulse|p2a: Rotom\n|-damage|p2a: Rotom|23\/100\n|-damage|p1a: Bowie|56\/100|[from] item: Life Orb\n|move|p2a: Rotom|Volt Switch|p1a: Bowie\n|-supereffective|p1a: Bowie\n|-damage|p1a: Bowie|0 fnt\n|faint|p1a: Bowie\n|\n|t:|1699472071\n|switch|p2a: Sandaconda|Sandaconda-Mega, F|100\/100|[from] Volt Switch\n|\n|upkeep\n|j| ivancuervo2007\n|\n|t:|1699472086\n|switch|p1a: Kronk|Slowbro, M|40\/100 par\n|turn|38\n|\n|t:|1699472096\n|move|p2a: Sandaconda|Earthquake|p1a: Kronk\n|-damage|p1a: Kronk|12\/100 par\n|move|p1a: Kronk|Slack Off|p1a: Kronk\n|-heal|p1a: Kronk|63\/100 par\n|\n|upkeep\n|turn|39\n|\n|t:|1699472104\n|move|p2a: Sandaconda|Earthquake|p1a: Kronk\n|-damage|p1a: Kronk|35\/100 par\n|move|p1a: Kronk|Future Sight|p2a: Sandaconda\n|-start|p1a: Kronk|move: Future Sight\n|\n|upkeep\n|turn|40\n|\n|t:|1699472121\n|move|p2a: Sandaconda|Earthquake|p1a: Kronk\n|-damage|p1a: Kronk|10\/100 par\n|move|p1a: Kronk|Slack Off|p1a: Kronk\n|-heal|p1a: Kronk|60\/100 par\n|\n|upkeep\n|turn|41\n|\n|t:|1699472127\n|move|p2a: Sandaconda|Earthquake|p1a: Kronk\n|-damage|p1a: Kronk|34\/100 par\n|move|p1a: Kronk|Slack Off|p1a: Kronk\n|-heal|p1a: Kronk|84\/100 par\n|\n|-end|p2a: Sandaconda|move: Future Sight\n|-damage|p2a: Sandaconda|54\/100\n|upkeep\n|turn|42\n|l| ivancuervo2007\n|\n|t:|1699472164\n|move|p2a: Sandaconda|Earthquake|p1a: Kronk\n|-damage|p1a: Kronk|59\/100 par\n|move|p1a: Kronk|Future Sight|p2a: Sandaconda\n|-start|p1a: Kronk|move: Future Sight\n|\n|upkeep\n|turn|43\n|j| FuwawA\u272fAbyssgarD\n|\n|t:|1699472191\n|move|p2a: Sandaconda|Earthquake|p1a: Kronk\n|-damage|p1a: Kronk|32\/100 par\n|move|p1a: Kronk|Teleport|p1a: Kronk\n|\n|t:|1699472195\n|switch|p1a: Fabio|Typhlosion, M|100\/100|[from] Teleport\n|\n|upkeep\n|turn|44\n|\n|t:|1699472198\n|move|p1a: Fabio|Eruption|p2a: Sandaconda\n|-damage|p2a: Sandaconda|0 fnt\n|faint|p2a: Sandaconda\n|\n|-hint|Future Sight did not hit because the target is fainted.\n|upkeep\n|c|\u2606Th3Fri3dChick3n|ggs\n|\n|t:|1699472202\n|switch|p2a: Rotom|Rotom-Heat|23\/100\n|turn|45\n|\n|t:|1699472205\n|move|p1a: Fabio|Eruption|p2a: Rotom\n|-resisted|p2a: Rotom\n|-damage|p2a: Rotom|0 fnt\n|faint|p2a: Rotom\n|\n|win|Blackfooted Eel\n|c|\u2606Blackfooted Eel|gg\n|l|\u2606Blackfooted Eel\n","uploadtime":1699472216,"views":41,"p1id":"blackfootedeel","p2id":"th3fri3dchick3n","formatid":"gen9ubers","rating":0,"private":0,"password":""}