{"id":"radicalred-gen9ubers-536666","p1":"Phantom_rook","p2":"The Carkol Rider","format":"[Gen 9] Ubers","log":"|j|\u2606Phantom_rook\n|j|\u2606The Carkol Rider\n|t:|1698163896\n|gametype|singles\n|player|p1|Phantom_rook|169|\n|player|p2|The Carkol Rider|rr-spectrier|\n|teamsize|p1|6\n|teamsize|p2|6\n|gen|9\n|tier|[Gen 9] Ubers\n|rule|Sleep Clause Mod: Limit one foe put to sleep\n|rule|Species Clause: Limit one of each Pok\u00e9mon\n|rule|OHKO Clause: OHKO moves are banned\n|rule|Evasion Abilities Clause: Evasion abilities are banned\n|rule|Evasion Items Clause: Evasion items are banned\n|rule|Evasion Moves Clause: Evasion moves are banned\n|rule|Endless Battle Clause: Forcing endless battles is banned\n|rule|HP Percentage Mod: HP is shown in percentages\n|rule|Dynamax Clause: You cannot dynamax\n|rule|Mega Rayquaza Clause: You cannot mega evolve Rayquaza\n|clearpoke\n|poke|p1|Dragapult, F|\n|poke|p1|Chien-Pao|\n|poke|p1|Heatran, M|\n|poke|p1|Slowbro, F|\n|poke|p1|Terrakion|\n|poke|p1|Tornadus-Therian, M|\n|poke|p2|Gallade, M|\n|poke|p2|Spectrier|\n|poke|p2|Regidrago|\n|poke|p2|Rapidash, M|\n|poke|p2|Greninja-*, F|\n|poke|p2|Enamorus-Therian, F|\n|teampreview\n|c|\u2606The Carkol Rider|glhf\n|c|\u2606Phantom_rook|Gl and have fun!\n|\n|t:|1698163983\n|start\n|switch|p1a: Terrakion|Terrakion|100\/100\n|switch|p2a: Regidrago|Regidrago|100\/100\n|turn|1\n|\n|t:|1698164056\n|switch|p1a: Tornadus|Tornadus-Therian, M|100\/100\n|move|p2a: Regidrago|Dragon Energy|p1a: Tornadus\n|-damage|p1a: Tornadus|49\/100\n|\n|upkeep\n|turn|2\n|\n|t:|1698164077\n|switch|p1a: Heatran|Heatran, M|100\/100\n|move|p2a: Regidrago|Dragon Energy|p1a: Heatran\n|-resisted|p1a: Heatran\n|-damage|p1a: Heatran|61\/100\n|\n|-heal|p1a: Heatran|67\/100|[from] item: Leftovers\n|upkeep\n|turn|3\n|\n|t:|1698164088\n|move|p2a: Regidrago|Dragon Energy|p1a: Heatran\n|-resisted|p1a: Heatran\n|-damage|p1a: Heatran|26\/100\n|move|p1a: Heatran|Will-O-Wisp|p2a: Regidrago\n|-status|p2a: Regidrago|brn\n|\n|-heal|p1a: Heatran|32\/100|[from] item: Leftovers\n|-damage|p2a: Regidrago|94\/100 brn|[from] brn\n|upkeep\n|turn|4\n|j| will jones\n|\n|t:|1698164112\n|move|p2a: Regidrago|Dragon Energy|p1a: Heatran\n|-resisted|p1a: Heatran\n|-damage|p1a: Heatran|0 fnt\n|faint|p1a: Heatran\n|\n|-damage|p2a: Regidrago|88\/100 brn|[from] brn\n|upkeep\n|\n|t:|1698164166\n|switch|p1a: Tornadus|Tornadus-Therian, M|82\/100\n|turn|5\n|\n|t:|1698164198\n|move|p2a: Regidrago|Dragon Energy|p1a: Tornadus\n|-damage|p1a: Tornadus|39\/100\n|move|p1a: Tornadus|Knock Off|p2a: Regidrago\n|-damage|p2a: Regidrago|63\/100 brn\n|-enditem|p2a: Regidrago|Choice Scarf|[from] move: Knock Off|[of] p1a: Tornadus\n|\n|-damage|p2a: Regidrago|57\/100 brn|[from] brn\n|upkeep\n|turn|6\n|\n|t:|1698164239\n|move|p2a: Regidrago|Draco Meteor|p1a: Tornadus\n|-damage|p1a: Tornadus|0 fnt\n|-unboost|p2a: Regidrago|spa|2\n|faint|p1a: Tornadus\n|\n|-damage|p2a: Regidrago|51\/100 brn|[from] brn\n|upkeep\n|\n|t:|1698164251\n|switch|p1a: Terrakion|Terrakion|100\/100\n|turn|7\n|\n|t:|1698164261\n|switch|p2a: Gallade|Gallade, M|100\/100\n|move|p1a: Terrakion|Rock Polish|p1a: Terrakion\n|-boost|p1a: Terrakion|spe|2\n|\n|upkeep\n|turn|8\n|c| will jones|Funny un un un dragon\n|\n|t:|1698164301\n|detailschange|p2a: Gallade|Gallade-Mega, M\n|-mega|p2a: Gallade|Gallade|Galladite\n|move|p1a: Terrakion|Megahorn|p2a: Gallade\n|-damage|p2a: Gallade|27\/100\n|-damage|p1a: Terrakion|91\/100|[from] item: Life Orb\n|move|p2a: Gallade|Sacred Sword|p1a: Terrakion\n|-supereffective|p1a: Terrakion\n|-damage|p1a: Terrakion|0 fnt\n|faint|p1a: Terrakion\n|\n|upkeep\n|\n|t:|1698164321\n|switch|p1a: Slowbro|Slowbro, F|100\/100\n|turn|9\n|\n|t:|1698164328\n|detailschange|p1a: Slowbro|Slowbro-Mega, F\n|-mega|p1a: Slowbro|Slowbro|Slowbronite\n|move|p2a: Gallade|Leaf Blade|p1a: Slowbro\n|-supereffective|p1a: Slowbro\n|-damage|p1a: Slowbro|58\/100\n|move|p1a: Slowbro|Shadow Ball|p2a: Gallade\n|-supereffective|p2a: Gallade\n|-damage|p2a: Gallade|0 fnt\n|faint|p2a: Gallade\n|\n|upkeep\n|\n|t:|1698164342\n|switch|p2a: Regidrago|Regidrago|51\/100 brn\n|turn|10\n|j| nbj25\n|\n|t:|1698164386\n|move|p2a: Regidrago|Draco Barrage|p1a: Slowbro\n|-damage|p1a: Slowbro|0 fnt\n|faint|p1a: Slowbro\n|-damage|p2a: Regidrago|37\/100 brn|[from] Recoil\n|\n|-damage|p2a: Regidrago|31\/100 brn|[from] brn\n|upkeep\n|\n|t:|1698164398\n|switch|p1a: Chien-Pao|Chien-Pao|100\/100\n|-ability|p1a: Chien-Pao|Sword of Ruin\n|turn|11\n|\n|t:|1698164451\n|move|p1a: Chien-Pao|Crunch|p2a: Regidrago\n|-damage|p2a: Regidrago|0 fnt\n|faint|p2a: Regidrago\n|\n|upkeep\n|\n|t:|1698164464\n|switch|p2a: Greninja|Greninja, F|100\/100\n|turn|12\n|\n|t:|1698164471\n|move|p2a: Greninja|U-turn|p1a: Chien-Pao\n|-start|p2a: Greninja|typechange|Bug|[from] ability: Protean\n|-supereffective|p1a: Chien-Pao\n|-damage|p1a: Chien-Pao|46\/100\n|\n|t:|1698164480\n|switch|p2a: Enamorus|Enamorus-Therian, F|100\/100|[from] U-turn\n|move|p1a: Chien-Pao|Sacred Sword|p2a: Enamorus\n|-resisted|p2a: Enamorus\n|-damage|p2a: Enamorus|93\/100\n|\n|upkeep\n|turn|13\n|\n|t:|1698164487\n|switch|p2a: Greninja|Greninja, F|100\/100\n|move|p1a: Chien-Pao|Icicle Crash|p2a: Greninja\n|-resisted|p2a: Greninja\n|-damage|p2a: Greninja|55\/100\n|\n|upkeep\n|turn|14\n|\n|t:|1698164495\n|switch|p1a: Dragapult|Dragapult, F|100\/100\n|move|p2a: Greninja|U-turn|p1a: Dragapult\n|-start|p2a: Greninja|typechange|Bug|[from] ability: Protean\n|-resisted|p1a: Dragapult\n|-damage|p1a: Dragapult|87\/100\n|\n|t:|1698164508\n|switch|p2a: Spectrier|Spectrier|100\/100|[from] U-turn\n|\n|upkeep\n|turn|15\n|\n|t:|1698164513\n|move|p1a: Dragapult|Shadow Ball|p2a: Spectrier\n|-supereffective|p2a: Spectrier\n|-enditem|p2a: Spectrier|Kasib Berry|[eat]\n|-enditem|p2a: Spectrier|Kasib Berry|[weaken]\n|-damage|p2a: Spectrier|51\/100\n|move|p2a: Spectrier|Shadow Ball|p1a: Dragapult\n|-supereffective|p1a: Dragapult\n|-damage|p1a: Dragapult|0 fnt\n|faint|p1a: Dragapult\n|-ability|p2a: Spectrier|Grim Neigh|boost\n|-boost|p2a: Spectrier|spa|1\n|\n|upkeep\n|\n|t:|1698164523\n|switch|p1a: Chien-Pao|Chien-Pao|46\/100\n|-ability|p1a: Chien-Pao|Sword of Ruin\n|turn|16\n|\n|t:|1698164537\n|switch|p2a: Greninja|Greninja, F|55\/100\n|-zpower|p1a: Chien-Pao\n|move|p1a: Chien-Pao|Black Hole Eclipse|p2a: Greninja|[zeffect]\n|-resisted|p2a: Greninja\n|-damage|p2a: Greninja|0 fnt\n|faint|p2a: Greninja\n|\n|upkeep\n|\n|t:|1698164540\n|switch|p2a: Rapidash|Rapidash, M|100\/100\n|turn|17\n|\n|t:|1698164552\n|move|p2a: Rapidash|Fire Lash|p1a: Chien-Pao\n|-supereffective|p1a: Chien-Pao\n|-damage|p1a: Chien-Pao|0 fnt\n|faint|p1a: Chien-Pao\n|\n|win|The Carkol Rider\n|c|\u2606The Carkol Rider|gg\n","uploadtime":1698164561,"views":32,"p1id":"phantomrook","p2id":"thecarkolrider","formatid":"gen9ubers","rating":0,"private":0,"password":""}