{"id":"radicalred-gen9ubers-547498","p1":"anderproyt","p2":"xleontdx","format":"[Gen 9] Ubers","log":"|j|\u2606anderproyt\n|j|\u2606xleontdx\n|t:|1700170698\n|gametype|singles\n|player|p1|anderproyt|rr-tyranitar|\n|player|p2|xleontdx|rr-mawilemega|\n|teamsize|p1|6\n|teamsize|p2|6\n|gen|9\n|tier|[Gen 9] Ubers\n|rule|Sleep Clause Mod: Limit one foe put to sleep\n|rule|Species Clause: Limit one of each Pok\u00e9mon\n|rule|OHKO Clause: OHKO moves are banned\n|rule|Evasion Abilities Clause: Evasion abilities are banned\n|rule|Evasion Items Clause: Evasion items are banned\n|rule|Evasion Moves Clause: Evasion moves are banned\n|rule|Endless Battle Clause: Forcing endless battles is banned\n|rule|HP Percentage Mod: HP is shown in percentages\n|rule|Dynamax Clause: You cannot dynamax\n|rule|Mega Rayquaza Clause: You cannot mega evolve Rayquaza\n|clearpoke\n|poke|p1|Sylveon, F|\n|poke|p1|Tapu Lele|\n|poke|p1|Zoroark-Hisui, F|\n|poke|p1|Grafaiai, F|\n|poke|p1|Lopunny, M|\n|poke|p1|Tinkaton, F|\n|poke|p2|Iron Jugulis|\n|poke|p2|Meowscarada, F|\n|poke|p2|Blissey, F|\n|poke|p2|Gyarados, F|\n|poke|p2|Crobat, M|\n|poke|p2|Dragapult, M|\n|teampreview\n|\n|t:|1700170719\n|start\n|switch|p1a: Lele Pancha|Tapu Lele|100\/100\n|switch|p2a: Blissey|Blissey, F|100\/100\n|-fieldstart|move: Psychic Terrain|[from] ability: Psychic Surge|[of] p1a: Lele Pancha\n|turn|1\n|\n|t:|1700170729\n|switch|p1a: Graficos|Grafaiai, F|100\/100\n|move|p2a: Blissey|Light Screen|p2a: Blissey\n|-sidestart|p2: xleontdx|move: Light Screen\n|\n|upkeep\n|turn|2\n|c|\u2606anderproyt|problematico\n|\n|t:|1700170740\n|switch|p2a: Gyarados|Gyarados, F|100\/100\n|-ability|p2a: Gyarados|Intimidate|boost\n|-unboost|p1a: Graficos|atk|1\n|move|p1a: Graficos|Taunt|p2a: Gyarados\n|-start|p2a: Gyarados|move: Taunt\n|\n|upkeep\n|turn|3\n|\n|t:|1700170752\n|detailschange|p2a: Gyarados|Gyarados-Mega, F\n|-mega|p2a: Gyarados|Gyarados|Gyaradosite\n|-ability|p2a: Gyarados|Mold Breaker\n|move|p1a: Graficos|Sticky Web|p2a: Gyarados\n|-sidestart|p2: xleontdx|move: Sticky Web\n|move|p2a: Gyarados|Earthquake|p1a: Graficos\n|-supereffective|p1a: Graficos\n|-damage|p1a: Graficos|16\/100\n|-enditem|p1a: Graficos|Sitrus Berry|[eat]\n|-heal|p1a: Graficos|41\/100|[from] item: Sitrus Berry\n|\n|upkeep\n|turn|4\n|c|\u2606anderproyt|nada de cumbias en mi guardia\n|\n|t:|1700170762\n|move|p1a: Graficos|U-turn|p2a: Gyarados\n|-supereffective|p2a: Gyarados\n|-damage|p2a: Gyarados|82\/100\n|\n|t:|1700170766\n|switch|p1a: Admin Corrupto|Tinkaton, F|100\/100|[from] U-turn\n|-ability|p1a: Admin Corrupto|Mold Breaker\n|-item|p1a: Admin Corrupto|Air Balloon\n|move|p2a: Gyarados|Earthquake|p1a: Admin Corrupto\n|-immune|p1a: Admin Corrupto\n|\n|-end|p2a: Gyarados|move: Taunt\n|upkeep\n|turn|5\n|c|\u2606anderproyt|se viene\n|\n|t:|1700170782\n|move|p1a: Admin Corrupto|Play Rough|p2a: Gyarados\n|-supereffective|p2a: Gyarados\n|-damage|p2a: Gyarados|13\/100\n|-unboost|p2a: Gyarados|atk|1\n|move|p2a: Gyarados|Power Whip|p1a: Admin Corrupto\n|-resisted|p1a: Admin Corrupto\n|-damage|p1a: Admin Corrupto|80\/100\n|-enditem|p1a: Admin Corrupto|Air Balloon\n|\n|-sideend|p2: xleontdx|move: Light Screen\n|-fieldend|move: Psychic Terrain\n|upkeep\n|turn|6\n|\n|t:|1700170793\n|move|p1a: Admin Corrupto|Play Rough|p2a: Gyarados\n|-supereffective|p2a: Gyarados\n|-damage|p2a: Gyarados|0 fnt\n|faint|p2a: Gyarados\n|\n|upkeep\n|c|\u2606anderproyt|mi globito\n|\n|t:|1700170799\n|switch|p2a: Crobat|Crobat, M|100\/100\n|turn|7\n|c|\u2606anderproyt|el admin te va a banear\n|\n|t:|1700170807\n|switch|p1a: Graficos|Grafaiai, F|41\/100\n|move|p2a: Crobat|Sludge Bomb|p1a: Graficos\n|-resisted|p1a: Graficos\n|-damage|p1a: Graficos|14\/100\n|-status|p1a: Graficos|psn\n|-damage|p2a: Crobat|91\/100|[from] item: Life Orb\n|\n|-damage|p1a: Graficos|2\/100 psn|[from] psn\n|upkeep\n|turn|8\n|\n|t:|1700170819\n|switch|p2a: Blissey|Blissey, F|100\/100\n|-activate|p2a: Blissey|move: Sticky Web\n|-unboost|p2a: Blissey|spe|1\n|move|p1a: Graficos|Parting Shot|p2a: Blissey\n|-unboost|p2a: Blissey|atk|1\n|-unboost|p2a: Blissey|spa|1\n|c|\u2606anderproyt|ya me se la jugada\n|\n|t:|1700170833\n|switch|p1a: Sakura|Lopunny, M, shiny|100\/100|[from] Parting Shot\n|\n|upkeep\n|turn|9\n|\n|t:|1700170839\n|detailschange|p1a: Sakura|Lopunny-Mega, M, shiny\n|-mega|p1a: Sakura|Lopunny|Lopunnite\n|move|p1a: Sakura|Fake Out|p2a: Blissey\n|-damage|p2a: Blissey|55\/100\n|cant|p2a: Blissey|flinch\n|\n|upkeep\n|turn|10\n|\n|t:|1700170846\n|move|p1a: Sakura|Facade|p2a: Blissey\n|-damage|p2a: Blissey|0 fnt\n|faint|p2a: Blissey\n|\n|upkeep\n|\n|t:|1700170853\n|switch|p2a: Iron Jugulis|Iron Jugulis|100\/100\n|-enditem|p2a: Iron Jugulis|Booster Energy\n|-activate|p2a: Iron Jugulis|ability: Quark Drive|[fromitem]\n|-start|p2a: Iron Jugulis|quarkdrivespa\n|turn|11\n|\n|t:|1700170860\n|move|p1a: Sakura|Close Combat|p2a: Iron Jugulis\n|-damage|p2a: Iron Jugulis|28\/100\n|-unboost|p1a: Sakura|def|1\n|-unboost|p1a: Sakura|spd|1\n|move|p2a: Iron Jugulis|Air Slash|p1a: Sakura\n|-supereffective|p1a: Sakura\n|-damage|p1a: Sakura|0 fnt\n|faint|p1a: Sakura\n|\n|upkeep\n|c|\u2606anderproyt|uff\n|\n|t:|1700170870\n|switch|p1a: Lele Pancha|Tapu Lele|100\/100\n|turn|12\n|\n|t:|1700170874\n|move|p1a: Lele Pancha|Hyper Voice|p2a: Iron Jugulis\n|-damage|p2a: Iron Jugulis|0 fnt\n|faint|p2a: Iron Jugulis\n|-end|p2a: Iron Jugulis|Quark Drive|[silent]\n|-damage|p1a: Lele Pancha|91\/100|[from] item: Life Orb\n|\n|upkeep\n|\n|t:|1700170880\n|switch|p2a: Crobat|Crobat, M|91\/100\n|turn|13\n|\n|t:|1700170885\n|move|p2a: Crobat|Sludge Bomb|p1a: Lele Pancha\n|-resisted|p1a: Lele Pancha\n|-damage|p1a: Lele Pancha|39\/100\n|replace|p1a: Admin Bueno|Zoroark-Hisui, F\n|-end|p1a: Admin Bueno|Illusion\n|-damage|p2a: Crobat|81\/100|[from] item: Life Orb\n|move|p1a: Admin Bueno|Hyper Voice|p2a: Crobat\n|-damage|p2a: Crobat|19\/100\n|-damage|p1a: Admin Bueno|29\/100|[from] item: Life Orb\n|\n|upkeep\n|turn|14\n|\n|t:|1700170896\n|switch|p2a: Meowscarada|Meowscarada, F|100\/100\n|-activate|p2a: Meowscarada|move: Sticky Web\n|-unboost|p2a: Meowscarada|spe|1\n|move|p1a: Admin Bueno|Hyper Voice|p2a: Meowscarada\n|-damage|p2a: Meowscarada|28\/100\n|-damage|p1a: Admin Bueno|19\/100|[from] item: Life Orb\n|\n|upkeep\n|turn|15\n|c|\u2606anderproyt|xd\n|\n|t:|1700170908\n|move|p1a: Admin Bueno|Flamethrower|p2a: Meowscarada\n|-supereffective|p2a: Meowscarada\n|-damage|p2a: Meowscarada|0 fnt\n|faint|p2a: Meowscarada\n|-damage|p1a: Admin Bueno|9\/100|[from] item: Life Orb\n|\n|upkeep\n|c|\u2606anderproyt|pobre meows\n|\n|t:|1700170914\n|switch|p2a: Dragapult|Dragapult, M|100\/100\n|-activate|p2a: Dragapult|move: Sticky Web\n|-unboost|p2a: Dragapult|spe|1\n|turn|16\n|\n|t:|1700170925\n|move|p1a: Admin Bueno|Shadow Ball|p2a: Dragapult\n|-supereffective|p2a: Dragapult\n|-damage|p2a: Dragapult|0 fnt\n|faint|p2a: Dragapult\n|-damage|p1a: Admin Bueno|0 fnt|[from] item: Life Orb\n|faint|p1a: Admin Bueno\n|\n|upkeep\n|c|\u2606anderproyt|bueno esto es divertido\n|c|\u2606anderproyt|el admin corrupto no iso el sweep\n|\n|t:|1700170944\n|switch|p2a: Crobat|Crobat, M|19\/100\n|switch|p1a: Lele Pancha|Tapu Lele|100\/100\n|-fieldstart|move: Psychic Terrain|[from] ability: Psychic Surge|[of] p1a: Lele Pancha\n|turn|17\n|c|\u2606anderproyt|fue el admin bueno\n|\n|t:|1700170954\n|move|p1a: Lele Pancha|Psyshock|p2a: Crobat\n|-supereffective|p2a: Crobat\n|-damage|p2a: Crobat|0 fnt\n|faint|p2a: Crobat\n|\n|win|anderproyt\n","uploadtime":1700170964,"views":12,"p1id":"anderproyt","p2id":"xleontdx","formatid":"gen9ubers","rating":0,"private":0,"password":""}