{"id":"radicalred-gen9ubers-548098","p1":"oscar3ro","p2":"nose xd123","format":"[Gen 9] Ubers","log":"|j|\u2606oscar3ro\n|j|\u2606nose xd123\n|t:|1700258378\n|gametype|singles\n|player|p1|oscar3ro|rr-cinderace|\n|player|p2|nose xd123|rr-greninja|\n|teamsize|p1|6\n|teamsize|p2|6\n|gen|9\n|tier|[Gen 9] Ubers\n|rule|Sleep Clause Mod: Limit one foe put to sleep\n|rule|Species Clause: Limit one of each Pok\u00e9mon\n|rule|OHKO Clause: OHKO moves are banned\n|rule|Evasion Abilities Clause: Evasion abilities are banned\n|rule|Evasion Items Clause: Evasion items are banned\n|rule|Evasion Moves Clause: Evasion moves are banned\n|rule|Endless Battle Clause: Forcing endless battles is banned\n|rule|HP Percentage Mod: HP is shown in percentages\n|rule|Dynamax Clause: You cannot dynamax\n|rule|Mega Rayquaza Clause: You cannot mega evolve Rayquaza\n|clearpoke\n|poke|p1|Ribombee, F|\n|poke|p1|Houndoom, M|\n|poke|p1|Kingambit, F|\n|poke|p1|Shedinja|\n|poke|p1|Starmie|\n|poke|p1|Dodrio-Sevii, M|\n|poke|p2|Greninja-*, M|\n|poke|p2|Mandibuzz, F|\n|poke|p2|Gengar, M|\n|poke|p2|Grimmsnarl, M|\n|poke|p2|Toxapex, M|\n|poke|p2|Kingambit, M|\n|teampreview\n|c|\u2606oscar3ro|como tan muchacho\n|c|\u2606nose xd123|oh no\n|c|\u2606oscar3ro|yo lo veo a utede muy bien\n|\n|t:|1700258418\n|start\n|switch|p1a: Ribombee|Ribombee, F|100\/100\n|switch|p2a: Greninja|Greninja, M|100\/100\n|turn|1\n|c|\u2606oscar3ro|quiere pal de chicle?\n|\n|t:|1700258423\n|move|p2a: Greninja|Water Shuriken|p1a: Ribombee\n|-damage|p1a: Ribombee|88\/100\n|-damage|p1a: Ribombee|76\/100\n|-damage|p1a: Ribombee|65\/100\n|-damage|p1a: Ribombee|53\/100\n|-damage|p1a: Ribombee|41\/100\n|-hitcount|p1a: Ribombee|5\n|move|p1a: Ribombee|Moonblast|p2a: Greninja\n|-supereffective|p2a: Greninja\n|-enditem|p2a: Greninja|Focus Sash\n|-damage|p2a: Greninja|1\/100\n|-unboost|p2a: Greninja|spa|1\n|\n|upkeep\n|turn|2\n|\n|t:|1700258435\n|move|p2a: Greninja|Water Shuriken|p1a: Ribombee\n|-damage|p1a: Ribombee|33\/100\n|-damage|p1a: Ribombee|25\/100\n|-hitcount|p1a: Ribombee|2\n|move|p1a: Ribombee|Sticky Web|p2a: Greninja\n|-sidestart|p2: nose xd123|move: Sticky Web\n|\n|upkeep\n|turn|3\n|j| alexisarbolero\n|\n|t:|1700258452\n|move|p2a: Greninja|Water Shuriken|p1a: Ribombee\n|-damage|p1a: Ribombee|17\/100\n|-damage|p1a: Ribombee|8\/100\n|-damage|p1a: Ribombee|1\/100\n|-hitcount|p1a: Ribombee|3\n|move|p1a: Ribombee|Moonblast|p2a: Greninja\n|-supereffective|p2a: Greninja\n|-damage|p2a: Greninja|0 fnt\n|faint|p2a: Greninja\n|\n|upkeep\n|c|\u2606oscar3ro|waos\n|c| alexisarbolero|ola\n|c|\u2606nose xd123|aaa XDDDD\n|\n|t:|1700258468\n|switch|p2a: Mandibuzz|Mandibuzz, F|100\/100\n|turn|4\n|\n|t:|1700258472\n|switch|p2a: Toxapex|Toxapex, M|100\/100\n|-activate|p2a: Toxapex|move: Sticky Web\n|-unboost|p2a: Toxapex|spe|1\n|move|p1a: Ribombee|Moonblast|p2a: Toxapex\n|-resisted|p2a: Toxapex\n|-damage|p2a: Toxapex|83\/100\n|\n|-heal|p2a: Toxapex|89\/100|[from] item: Black Sludge\n|upkeep\n|turn|5\n|\n|t:|1700258479\n|move|p1a: Ribombee|Psychic|p2a: Toxapex\n|-supereffective|p2a: Toxapex\n|-crit|p2a: Toxapex\n|-damage|p2a: Toxapex|28\/100\n|move|p2a: Toxapex|Scald|p1a: Ribombee\n|-damage|p1a: Ribombee|0 fnt\n|faint|p1a: Ribombee\n|\n|-heal|p2a: Toxapex|35\/100|[from] item: Black Sludge\n|upkeep\n|\n|t:|1700258496\n|switch|p1a: Dodrio|Dodrio-Sevii, M|100\/100\n|turn|6\n|\n|t:|1700258500\n|move|p2a: Toxapex|Baneful Bunker|p2a: Toxapex\n|-singleturn|p2a: Toxapex|move: Protect\n|move|p1a: Dodrio|Headlong Rush|p2a: Toxapex\n|-activate|p2a: Toxapex|move: Protect\n|-status|p1a: Dodrio|psn\n|\n|-heal|p2a: Toxapex|41\/100|[from] item: Black Sludge\n|-damage|p1a: Dodrio|88\/100 psn|[from] psn\n|upkeep\n|turn|7\n|\n|t:|1700258509\n|switch|p1a: Starmie|Starmie|100\/100\n|switch|p2a: Mandibuzz|Mandibuzz, F|100\/100\n|\n|upkeep\n|turn|8\n|\n|t:|1700258513\n|move|p1a: Starmie|Power Gem|p2a: Mandibuzz\n|-supereffective|p2a: Mandibuzz\n|-damage|p2a: Mandibuzz|74\/100\n|move|p2a: Mandibuzz|Defog|p1a: Starmie\n|-unboost|p1a: Starmie|evasion|1\n|-sideend|p2: nose xd123|Sticky Web|[from] move: Defog|[of] p2a: Mandibuzz\n|\n|upkeep\n|turn|9\n|\n|t:|1700258517\n|move|p1a: Starmie|Ice Beam|p2a: Mandibuzz\n|-supereffective|p2a: Mandibuzz\n|-damage|p2a: Mandibuzz|40\/100\n|move|p2a: Mandibuzz|U-turn|p1a: Starmie\n|-supereffective|p1a: Starmie\n|-damage|p1a: Starmie|68\/100\n|\n|t:|1700258523\n|switch|p2a: Grimmsnarl|Grimmsnarl, M|100\/100|[from] U-turn\n|\n|-heal|p1a: Starmie|75\/100|[from] item: Leftovers\n|upkeep\n|turn|10\n|\n|t:|1700258537\n|move|p2a: Grimmsnarl|Light Screen|p2a: Grimmsnarl\n|-sidestart|p2: nose xd123|move: Light Screen\n|move|p1a: Starmie|Surf|p2a: Grimmsnarl\n|-damage|p2a: Grimmsnarl|84\/100\n|\n|-heal|p1a: Starmie|81\/100|[from] item: Leftovers\n|upkeep\n|turn|11\n|\n|t:|1700258544\n|move|p2a: Grimmsnarl|Reflect|p2a: Grimmsnarl\n|-sidestart|p2: nose xd123|Reflect\n|move|p1a: Starmie|Surf|p2a: Grimmsnarl\n|-damage|p2a: Grimmsnarl|65\/100\n|\n|-heal|p1a: Starmie|87\/100|[from] item: Leftovers\n|upkeep\n|turn|12\n|\n|t:|1700258552\n|move|p2a: Grimmsnarl|Parting Shot|p1a: Starmie\n|-unboost|p1a: Starmie|atk|1\n|-unboost|p1a: Starmie|spa|1\n|\n|t:|1700258554\n|switch|p2a: Mandibuzz|Mandibuzz, F|40\/100|[from] Parting Shot\n|move|p1a: Starmie|Rapid Spin|p2a: Mandibuzz\n|-damage|p2a: Mandibuzz|38\/100\n|-boost|p1a: Starmie|spe|1\n|\n|-heal|p1a: Starmie|93\/100|[from] item: Leftovers\n|upkeep\n|turn|13\n|\n|t:|1700258558\n|move|p1a: Starmie|Ice Beam|p2a: Mandibuzz\n|-supereffective|p2a: Mandibuzz\n|-damage|p2a: Mandibuzz|27\/100\n|move|p2a: Mandibuzz|Roost|p2a: Mandibuzz\n|-heal|p2a: Mandibuzz|77\/100\n|-singleturn|p2a: Mandibuzz|move: Roost\n|\n|-heal|p1a: Starmie|99\/100|[from] item: Leftovers\n|upkeep\n|turn|14\n|c|\u2606nose xd123|como cuando \n|\n|t:|1700258571\n|switch|p1a: Kingambit|Kingambit, F|100\/100\n|-activate|p1a: Kingambit|ability: Supreme Overlord\n|-start|p1a: Kingambit|fallen1|[silent]\n|move|p2a: Mandibuzz|U-turn|p1a: Kingambit\n|-damage|p1a: Kingambit|92\/100\n|c|\u2606oscar3ro|ah cagon\n|\n|t:|1700258583\n|switch|p2a: Gengar|Gengar, M|100\/100|[from] U-turn\n|\n|-heal|p1a: Kingambit|98\/100|[from] item: Leftovers\n|upkeep\n|turn|15\n|c|\u2606nose xd123|watafak dude\n|c|\u2606oscar3ro|me crees pendejo?\n|\n|t:|1700258609\n|detailschange|p2a: Gengar|Gengar-Mega, M\n|-mega|p2a: Gengar|Gengar|Gengarite\n|move|p2a: Gengar|Destiny Bond|p2a: Gengar\n|-singlemove|p2a: Gengar|Destiny Bond\n|move|p1a: Kingambit|Kowtow Cleave|p2a: Gengar\n|-supereffective|p2a: Gengar\n|-crit|p2a: Gengar\n|-damage|p2a: Gengar|0 fnt\n|faint|p2a: Gengar\n|-activate|p2a: Gengar|move: Destiny Bond\n|faint|p1a: Kingambit\n|-end|p1a: Kingambit|fallen1|[silent]\n|\n|upkeep\n|c|\u2606oscar3ro|averda\n|c|\u2606nose xd123|XDDDDDD\n|\n|t:|1700258632\n|switch|p2a: Mandibuzz|Mandibuzz, F|77\/100\n|switch|p1a: Starmie|Starmie|99\/100\n|turn|16\n|\n|t:|1700258635\n|move|p1a: Starmie|Ice Beam|p2a: Mandibuzz\n|-supereffective|p2a: Mandibuzz\n|-damage|p2a: Mandibuzz|60\/100\n|move|p2a: Mandibuzz|U-turn|p1a: Starmie\n|-supereffective|p1a: Starmie\n|-damage|p1a: Starmie|68\/100\n|\n|t:|1700258639\n|switch|p2a: Kingambit|Kingambit, M|100\/100|[from] U-turn\n|-activate|p2a: Kingambit|ability: Supreme Overlord\n|-start|p2a: Kingambit|fallen2|[silent]\n|\n|-heal|p1a: Starmie|74\/100|[from] item: Leftovers\n|upkeep\n|turn|17\n|\n|t:|1700258644\n|move|p1a: Starmie|Surf|p2a: Kingambit\n|-damage|p2a: Kingambit|81\/100\n|move|p2a: Kingambit|Kowtow Cleave|p1a: Starmie\n|-supereffective|p1a: Starmie\n|-damage|p1a: Starmie|0 fnt\n|faint|p1a: Starmie\n|\n|-heal|p2a: Kingambit|88\/100|[from] item: Leftovers\n|-sideend|p2: nose xd123|move: Light Screen\n|upkeep\n|\n|t:|1700258648\n|switch|p1a: Houndoom|Houndoom, M|100\/100\n|turn|18\n|\n|t:|1700258656\n|-end|p2a: Kingambit|fallen2|[silent]\n|switch|p2a: Mandibuzz|Mandibuzz, F|60\/100\n|detailschange|p1a: Houndoom|Houndoom-Mega, M\n|-mega|p1a: Houndoom|Houndoom|Houndoominite\n|move|p1a: Houndoom|Flamethrower|p2a: Mandibuzz\n|-damage|p2a: Mandibuzz|30\/100\n|\n|-sideend|p2: nose xd123|Reflect\n|upkeep\n|turn|19\n|\n|t:|1700258664\n|switch|p2a: Toxapex|Toxapex, M|74\/100\n|move|p1a: Houndoom|Flamethrower|p2a: Toxapex\n|-resisted|p2a: Toxapex\n|-damage|p2a: Toxapex|54\/100\n|\n|-heal|p2a: Toxapex|61\/100|[from] item: Black Sludge\n|upkeep\n|turn|20\n|\n|t:|1700258670\n|move|p1a: Houndoom|Scorching Sands|p2a: Toxapex\n|-supereffective|p2a: Toxapex\n|-damage|p2a: Toxapex|16\/100\n|move|p2a: Toxapex|Scald|p1a: Houndoom\n|-supereffective|p1a: Houndoom\n|-damage|p1a: Houndoom|65\/100\n|\n|-heal|p2a: Toxapex|22\/100|[from] item: Black Sludge\n|upkeep\n|turn|21\n|\n|t:|1700258679\n|move|p2a: Toxapex|Baneful Bunker|p2a: Toxapex\n|-singleturn|p2a: Toxapex|move: Protect\n|move|p1a: Houndoom|Dark Pulse|p2a: Toxapex\n|-activate|p2a: Toxapex|move: Protect\n|\n|-heal|p2a: Toxapex|28\/100|[from] item: Black Sludge\n|upkeep\n|turn|22\n|\n|t:|1700258687\n|switch|p2a: Grimmsnarl|Grimmsnarl, M|65\/100\n|move|p1a: Houndoom|Scorching Sands|p2a: Grimmsnarl\n|-damage|p2a: Grimmsnarl|42\/100\n|-status|p2a: Grimmsnarl|brn\n|\n|-damage|p2a: Grimmsnarl|36\/100 brn|[from] brn\n|upkeep\n|turn|23\n|\n|t:|1700258693\n|move|p2a: Grimmsnarl|Light Screen|p2a: Grimmsnarl\n|-sidestart|p2: nose xd123|move: Light Screen\n|move|p1a: Houndoom|Sludge Bomb|p2a: Grimmsnarl\n|-supereffective|p2a: Grimmsnarl\n|-damage|p2a: Grimmsnarl|5\/100 brn\n|\n|-damage|p2a: Grimmsnarl|0 fnt|[from] brn\n|faint|p2a: Grimmsnarl\n|upkeep\n|\n|t:|1700258701\n|switch|p2a: Mandibuzz|Mandibuzz, F|30\/100\n|turn|24\n|c|\u2606nose xd123|nais\n|\n|t:|1700258707\n|move|p1a: Houndoom|Flamethrower|p2a: Mandibuzz\n|-damage|p2a: Mandibuzz|15\/100\n|move|p2a: Mandibuzz|Roost|p2a: Mandibuzz\n|-heal|p2a: Mandibuzz|65\/100\n|-singleturn|p2a: Mandibuzz|move: Roost\n|\n|upkeep\n|turn|25\n|\n|t:|1700258715\n|move|p1a: Houndoom|Flamethrower|p2a: Mandibuzz\n|-damage|p2a: Mandibuzz|51\/100\n|move|p2a: Mandibuzz|U-turn|p1a: Houndoom\n|-damage|p1a: Houndoom|49\/100\n|\n|t:|1700258721\n|switch|p2a: Toxapex|Toxapex, M|62\/100|[from] U-turn\n|\n|-heal|p2a: Toxapex|68\/100|[from] item: Black Sludge\n|upkeep\n|turn|26\n|\n|t:|1700258727\n|move|p1a: Houndoom|Scorching Sands|p2a: Toxapex\n|-supereffective|p2a: Toxapex\n|-damage|p2a: Toxapex|48\/100\n|move|p2a: Toxapex|Scald|p1a: Houndoom\n|-supereffective|p1a: Houndoom\n|-damage|p1a: Houndoom|14\/100\n|\n|-heal|p2a: Toxapex|54\/100|[from] item: Black Sludge\n|upkeep\n|turn|27\n|\n|t:|1700258735\n|move|p1a: Houndoom|Scorching Sands|p2a: Toxapex\n|-supereffective|p2a: Toxapex\n|-damage|p2a: Toxapex|32\/100\n|move|p2a: Toxapex|Scald|p1a: Houndoom\n|-supereffective|p1a: Houndoom\n|-damage|p1a: Houndoom|0 fnt\n|faint|p1a: Houndoom\n|\n|-heal|p2a: Toxapex|38\/100|[from] item: Black Sludge\n|upkeep\n|\n|t:|1700258740\n|switch|p1a: Dodrio|Dodrio-Sevii, M|88\/100 psn\n|turn|28\n|\n|t:|1700258744\n|switch|p2a: Mandibuzz|Mandibuzz, F|51\/100\n|move|p1a: Dodrio|Headlong Rush|p2a: Mandibuzz\n|-immune|p2a: Mandibuzz\n|\n|-damage|p1a: Dodrio|75\/100 psn|[from] psn\n|upkeep\n|turn|29\n|\n|t:|1700258751\n|switch|p1a: Shedinja|Shedinja|100\/100\n|switch|p2a: Toxapex|Toxapex, M|71\/100\n|\n|-heal|p2a: Toxapex|77\/100|[from] item: Black Sludge\n|upkeep\n|turn|30\n|\n|t:|1700258758\n|move|p1a: Shedinja|Poltergeist|p2a: Toxapex\n|-activate|p2a: Toxapex|move: Poltergeist|Black Sludge\n|-damage|p2a: Toxapex|50\/100\n|move|p2a: Toxapex|Toxic|p1a: Shedinja\n|-status|p1a: Shedinja|tox\n|\n|-heal|p2a: Toxapex|57\/100|[from] item: Black Sludge\n|-damage|p1a: Shedinja|0 fnt|[from] psn\n|faint|p1a: Shedinja\n|-sideend|p2: nose xd123|move: Light Screen\n|upkeep\n|\n|t:|1700258763\n|switch|p1a: Dodrio|Dodrio-Sevii, M|75\/100 psn\n|turn|31\n|\n|t:|1700258768\n|move|p2a: Toxapex|Baneful Bunker|p2a: Toxapex\n|-singleturn|p2a: Toxapex|move: Protect\n|move|p1a: Dodrio|Flare Blitz|p2a: Toxapex\n|-activate|p2a: Toxapex|move: Protect\n|\n|-heal|p2a: Toxapex|63\/100|[from] item: Black Sludge\n|-damage|p1a: Dodrio|63\/100 psn|[from] psn\n|upkeep\n|turn|32\n|j| Funtime_B0nnie\n|\n|t:|1700258777\n|move|p1a: Dodrio|Flare Blitz|p2a: Toxapex\n|-resisted|p2a: Toxapex\n|-damage|p2a: Toxapex|45\/100\n|move|p2a: Toxapex|Scald|p1a: Dodrio\n|-supereffective|p1a: Dodrio\n|-damage|p1a: Dodrio|0 fnt\n|faint|p1a: Dodrio\n|\n|win|nose xd123\n|c|\u2606nose xd123|gg\n|c|\u2606oscar3ro|gg\n|l|\u2606oscar3ro\n|l| Funtime_B0nnie\n|l| alexisarbolero\n","uploadtime":1700259069,"views":15,"p1id":"oscar3ro","p2id":"nosexd123","formatid":"gen9ubers","rating":0,"private":0,"password":""}