{"id":"radicalred-gen9ubers-544733","p1":"Will Jones","p2":"KRAFT Steering","format":"[Gen 9] Ubers","log":"|j|\u2606Will Jones\n|j|\u2606KRAFT Steering\n|t:|1699644033\n|gametype|singles\n|player|p1|Will Jones|265|\n|player|p2|KRAFT Steering|266|\n|teamsize|p1|6\n|teamsize|p2|6\n|gen|9\n|tier|[Gen 9] Ubers\n|rule|Sleep Clause Mod: Limit one foe put to sleep\n|rule|Species Clause: Limit one of each Pok\u00e9mon\n|rule|OHKO Clause: OHKO moves are banned\n|rule|Evasion Abilities Clause: Evasion abilities are banned\n|rule|Evasion Items Clause: Evasion items are banned\n|rule|Evasion Moves Clause: Evasion moves are banned\n|rule|Endless Battle Clause: Forcing endless battles is banned\n|rule|HP Percentage Mod: HP is shown in percentages\n|rule|Dynamax Clause: You cannot dynamax\n|rule|Mega Rayquaza Clause: You cannot mega evolve Rayquaza\n|clearpoke\n|poke|p1|Rotom-Heat|\n|poke|p1|Milotic-Sevii, F|\n|poke|p1|Mandibuzz, F|\n|poke|p1|Kingler, F|\n|poke|p1|Sneasler, M|\n|poke|p1|Persian, F|\n|poke|p2|Zamazenta-*|\n|poke|p2|Pinsir, M|\n|poke|p2|Chandelure, M|\n|poke|p2|Zapdos|\n|poke|p2|Tapu Fini|\n|poke|p2|Probopass, F|\n|teampreview\n|\n|t:|1699644072\n|start\n|switch|p1a: Stoner Crab|Kingler, F|100\/100\n|switch|p2a: Tapu Fini|Tapu Fini|100\/100\n|-fieldstart|move: Misty Terrain|[from] ability: Misty Surge|[of] p2a: Tapu Fini\n|turn|1\n|j| Xopas\n|\n|t:|1699644101\n|detailschange|p1a: Stoner Crab|Kingler-Mega, F\n|-mega|p1a: Stoner Crab|Kingler|Kinglerite\n|move|p1a: Stoner Crab|Swords Dance|p1a: Stoner Crab\n|-boost|p1a: Stoner Crab|atk|2\n|move|p2a: Tapu Fini|Flip Turn|p1a: Stoner Crab\n|-resisted|p1a: Stoner Crab\n|-damage|p1a: Stoner Crab|93\/100\n|\n|t:|1699644117\n|switch|p2a: Chandelure|Chandelure, M|100\/100|[from] Flip Turn\n|\n|upkeep\n|turn|2\n|\n|t:|1699644131\n|move|p2a: Chandelure|Flamethrower|p1a: Stoner Crab\n|-damage|p1a: Stoner Crab|0 fnt\n|faint|p1a: Stoner Crab\n|\n|upkeep\n|\n|t:|1699644183\n|switch|p1a: Not Freedom|Mandibuzz, F|100\/100\n|turn|3\n|\n|t:|1699644189\n|switch|p2a: Zapdos|Zapdos|100\/100\n|move|p1a: Not Freedom|Knock Off|p2a: Zapdos\n|-damage|p2a: Zapdos|86\/100\n|-enditem|p2a: Zapdos|Covert Cloak|[from] move: Knock Off|[of] p1a: Not Freedom\n|\n|upkeep\n|turn|4\n|\n|t:|1699644199\n|move|p2a: Zapdos|U-turn|p1a: Not Freedom\n|-damage|p1a: Not Freedom|92\/100\n|\n|t:|1699644202\n|switch|p2a: Tapu Fini|Tapu Fini|100\/100|[from] U-turn\n|move|p1a: Not Freedom|U-turn|p2a: Tapu Fini\n|-resisted|p2a: Tapu Fini\n|-damage|p2a: Tapu Fini|97\/100\n|\n|t:|1699644211\n|switch|p1a: I like Turtles|Persian, F|100\/100|[from] U-turn\n|\n|-heal|p2a: Tapu Fini|100\/100|[from] item: Leftovers\n|upkeep\n|turn|5\n|\n|t:|1699644234\n|switch|p2a: Probopass|Probopass, F|100\/100\n|move|p1a: I like Turtles|Thunderbolt|p2a: Probopass\n|-damage|p2a: Probopass|78\/100\n|\n|-heal|p2a: Probopass|84\/100|[from] item: Leftovers\n|-fieldend|Misty Terrain\n|upkeep\n|turn|6\n|\n|t:|1699644249\n|switch|p1a: Legal Drugs|Sneasler, M|100\/100\n|move|p2a: Probopass|Body Press|p1a: Legal Drugs\n|-resisted|p1a: Legal Drugs\n|-damage|p1a: Legal Drugs|79\/100\n|\n|-heal|p2a: Probopass|90\/100|[from] item: Leftovers\n|upkeep\n|turn|7\n|\n|t:|1699644254\n|switch|p2a: Zapdos|Zapdos|86\/100\n|move|p1a: Legal Drugs|Substitute|p1a: Legal Drugs\n|-start|p1a: Legal Drugs|Substitute\n|-damage|p1a: Legal Drugs|54\/100\n|\n|upkeep\n|turn|8\n|\n|t:|1699644259\n|move|p1a: Legal Drugs|Dire Claw|p2a: Zapdos\n|-damage|p2a: Zapdos|58\/100\n|move|p2a: Zapdos|Air Slash|p1a: Legal Drugs\n|-supereffective|p1a: Legal Drugs\n|-end|p1a: Legal Drugs|Substitute\n|\n|upkeep\n|turn|9\n|\n|t:|1699644269\n|switch|p1a: French Toast|Rotom-Heat|100\/100\n|move|p2a: Zapdos|Roost|p2a: Zapdos\n|-heal|p2a: Zapdos|100\/100\n|-singleturn|p2a: Zapdos|move: Roost\n|\n|upkeep\n|turn|10\n|\n|t:|1699644296\n|move|p2a: Zapdos|U-turn|p1a: French Toast\n|-resisted|p1a: French Toast\n|-damage|p1a: French Toast|95\/100\n|\n|t:|1699644300\n|switch|p2a: Probopass|Probopass, F|90\/100|[from] U-turn\n|move|p1a: French Toast|Hex|p2a: Probopass\n|-damage|p2a: Probopass|80\/100\n|\n|-heal|p2a: Probopass|86\/100|[from] item: Leftovers\n|upkeep\n|turn|11\n|\n|t:|1699644305\n|move|p1a: French Toast|Will-O-Wisp|p2a: Probopass\n|-status|p2a: Probopass|brn\n|move|p2a: Probopass|Volt Switch|p1a: French Toast\n|-resisted|p1a: French Toast\n|-damage|p1a: French Toast|89\/100\n|\n|t:|1699644311\n|switch|p2a: Chandelure|Chandelure, M|100\/100|[from] Volt Switch\n|\n|upkeep\n|turn|12\n|\n|t:|1699644318\n|move|p2a: Chandelure|Shadow Ball|p1a: French Toast\n|-damage|p1a: French Toast|36\/100\n|move|p1a: French Toast|Hex|p2a: Chandelure\n|-supereffective|p2a: Chandelure\n|-damage|p2a: Chandelure|60\/100\n|\n|upkeep\n|turn|13\n|\n|t:|1699644326\n|move|p2a: Chandelure|Shadow Ball|p1a: French Toast\n|-damage|p1a: French Toast|0 fnt\n|faint|p1a: French Toast\n|\n|upkeep\n|\n|t:|1699644328\n|switch|p1a: I like Turtles|Persian, F|100\/100\n|turn|14\n|\n|t:|1699644333\n|switch|p2a: Probopass|Probopass, F|86\/100 brn\n|move|p1a: I like Turtles|Nasty Plot|p1a: I like Turtles\n|-boost|p1a: I like Turtles|spa|2\n|\n|-heal|p2a: Probopass|92\/100 brn|[from] item: Leftovers\n|-damage|p2a: Probopass|86\/100 brn|[from] brn\n|upkeep\n|turn|15\n|\n|t:|1699644380\n|switch|p1a: Not Freedom|Mandibuzz, F|92\/100\n|move|p2a: Probopass|Volt Switch|p1a: Not Freedom\n|-supereffective|p1a: Not Freedom\n|-damage|p1a: Not Freedom|71\/100\n|l| Xopas\n|\n|t:|1699644395\n|switch|p2a: Pinsir|Pinsir, M|100\/100|[from] Volt Switch\n|\n|upkeep\n|turn|16\n|\n|t:|1699644403\n|move|p2a: Pinsir|Swords Dance|p2a: Pinsir\n|-boost|p2a: Pinsir|atk|2\n|move|p1a: Not Freedom|Whirlwind|p2a: Pinsir\n|drag|p2a: Chandelure|Chandelure, M|60\/100\n|\n|upkeep\n|turn|17\n|\n|t:|1699644410\n|move|p2a: Chandelure|Trick|p1a: Not Freedom\n|-activate|p2a: Chandelure|move: Trick|[of] p1a: Not Freedom\n|-item|p1a: Not Freedom|Choice Scarf|[from] move: Trick\n|-item|p2a: Chandelure|Heavy-Duty Boots|[from] move: Trick\n|move|p1a: Not Freedom|Roost|p1a: Not Freedom\n|-heal|p1a: Not Freedom|100\/100\n|-singleturn|p1a: Not Freedom|move: Roost\n|\n|upkeep\n|turn|18\n|\n|t:|1699644422\n|switch|p2a: Zapdos|Zapdos|100\/100\n|move|p1a: Not Freedom|Roost||[still]\n|-fail|p1a: Not Freedom|heal\n|\n|upkeep\n|turn|19\n|\n|t:|1699644435\n|switch|p1a: Maple Syrup|Milotic-Sevii, F|100\/100\n|move|p2a: Zapdos|U-turn|p1a: Maple Syrup\n|-resisted|p1a: Maple Syrup\n|-damage|p1a: Maple Syrup|96\/100\n|\n|t:|1699644441\n|switch|p2a: Tapu Fini|Tapu Fini|100\/100|[from] U-turn\n|-fieldstart|move: Misty Terrain|[from] ability: Misty Surge|[of] p2a: Tapu Fini\n|\n|-heal|p1a: Maple Syrup|100\/100|[from] item: Leftovers\n|upkeep\n|turn|20\n|\n|t:|1699644457\n|switch|p1a: Not Freedom|Mandibuzz, F|100\/100\n|move|p2a: Tapu Fini|Scald|p1a: Not Freedom\n|-damage|p1a: Not Freedom|78\/100\n|\n|upkeep\n|turn|21\n|\n|t:|1699644472\n|move|p2a: Tapu Fini|Protect|p2a: Tapu Fini\n|-singleturn|p2a: Tapu Fini|Protect\n|move|p1a: Not Freedom|U-turn|p2a: Tapu Fini\n|-activate|p2a: Tapu Fini|move: Protect\n|\n|upkeep\n|turn|22\n|\n|t:|1699644477\n|move|p1a: Not Freedom|U-turn|p2a: Tapu Fini\n|-resisted|p2a: Tapu Fini\n|-damage|p2a: Tapu Fini|97\/100\n|\n|t:|1699644483\n|switch|p1a: I like Turtles|Persian, F|100\/100|[from] U-turn\n|move|p2a: Tapu Fini|Flip Turn|p1a: I like Turtles\n|-damage|p1a: I like Turtles|74\/100\n|\n|t:|1699644486\n|switch|p2a: Zamazenta|Zamazenta|100\/100|[from] Flip Turn\n|-ability|p2a: Zamazenta|Dauntless Shield|boost\n|-boost|p2a: Zamazenta|def|1\n|\n|upkeep\n|turn|23\n|\n|t:|1699644493\n|move|p2a: Zamazenta|Ice Fang|p1a: I like Turtles\n|-damage|p1a: I like Turtles|26\/100\n|move|p1a: I like Turtles|Dazzling Gleam|p2a: Zamazenta\n|-supereffective|p2a: Zamazenta\n|-damage|p2a: Zamazenta|30\/100\n|\n|-fieldend|Misty Terrain\n|upkeep\n|turn|24\n|\n|t:|1699644501\n|switch|p1a: Maple Syrup|Milotic-Sevii, F|100\/100\n|move|p2a: Zamazenta|Crunch|p1a: Maple Syrup\n|-resisted|p1a: Maple Syrup\n|-damage|p1a: Maple Syrup|91\/100\n|\n|-heal|p1a: Maple Syrup|97\/100|[from] item: Leftovers\n|upkeep\n|turn|25\n|\n|t:|1699644512\n|switch|p2a: Tapu Fini|Tapu Fini|97\/100\n|-fieldstart|move: Misty Terrain|[from] ability: Misty Surge|[of] p2a: Tapu Fini\n|move|p1a: Maple Syrup|Moonblast|p2a: Tapu Fini\n|-damage|p2a: Tapu Fini|69\/100\n|\n|-heal|p2a: Tapu Fini|75\/100|[from] item: Leftovers\n|-heal|p1a: Maple Syrup|100\/100|[from] item: Leftovers\n|upkeep\n|turn|26\n|\n|t:|1699644522\n|move|p2a: Tapu Fini|Scald|p1a: Maple Syrup\n|-supereffective|p1a: Maple Syrup\n|-damage|p1a: Maple Syrup|59\/100\n|move|p1a: Maple Syrup|Flip Turn|p2a: Tapu Fini\n|-resisted|p2a: Tapu Fini\n|-damage|p2a: Tapu Fini|73\/100\n|\n|t:|1699644528\n|switch|p1a: Legal Drugs|Sneasler, M|54\/100|[from] Flip Turn\n|\n|-heal|p2a: Tapu Fini|79\/100|[from] item: Leftovers\n|upkeep\n|turn|27\n|\n|t:|1699644534\n|switch|p2a: Zapdos|Zapdos|100\/100\n|move|p1a: Legal Drugs|Dire Claw|p2a: Zapdos\n|-damage|p2a: Zapdos|69\/100\n|\n|upkeep\n|turn|28\n|\n|t:|1699644551\n|switch|p1a: Maple Syrup|Milotic-Sevii, F|59\/100\n|move|p2a: Zapdos|Air Slash|p1a: Maple Syrup\n|-damage|p1a: Maple Syrup|36\/100\n|\n|-heal|p1a: Maple Syrup|42\/100|[from] item: Leftovers\n|upkeep\n|turn|29\n|\n|t:|1699644554\n|move|p2a: Zapdos|Roost|p2a: Zapdos\n|-heal|p2a: Zapdos|100\/100\n|-singleturn|p2a: Zapdos|move: Roost\n|move|p1a: Maple Syrup|Shore Up|p1a: Maple Syrup\n|-heal|p1a: Maple Syrup|92\/100\n|\n|-heal|p1a: Maple Syrup|98\/100|[from] item: Leftovers\n|-fieldend|Misty Terrain\n|upkeep\n|turn|30\n|j| Heidhall\n|\n|t:|1699644568\n|move|p2a: Zapdos|Air Slash|p1a: Maple Syrup\n|-damage|p1a: Maple Syrup|76\/100\n|move|p1a: Maple Syrup|Flip Turn|p2a: Zapdos\n|-damage|p2a: Zapdos|95\/100\n|\n|t:|1699644573\n|switch|p1a: I like Turtles|Persian, F|26\/100|[from] Flip Turn\n|\n|upkeep\n|turn|31\n|\n|t:|1699644578\n|switch|p2a: Probopass|Probopass, F|86\/100 brn\n|move|p1a: I like Turtles|Thunderbolt|p2a: Probopass\n|-damage|p2a: Probopass|64\/100 brn\n|\n|-heal|p2a: Probopass|70\/100 brn|[from] item: Leftovers\n|-damage|p2a: Probopass|64\/100 brn|[from] brn\n|upkeep\n|turn|32\n|\n|t:|1699644606\n|move|p1a: I like Turtles|Thunderbolt|p2a: Probopass\n|-crit|p2a: Probopass\n|-damage|p2a: Probopass|33\/100 brn\n|move|p2a: Probopass|Volt Switch|p1a: I like Turtles\n|-damage|p1a: I like Turtles|6\/100\n|\n|t:|1699644611\n|switch|p2a: Pinsir|Pinsir, M|100\/100|[from] Volt Switch\n|\n|upkeep\n|turn|33\n|\n|t:|1699644615\n|detailschange|p2a: Pinsir|Pinsir-Mega, M\n|-mega|p2a: Pinsir|Pinsir|Pinsirite\n|move|p2a: Pinsir|Extreme Speed|p1a: I like Turtles\n|-damage|p1a: I like Turtles|0 fnt\n|faint|p1a: I like Turtles\n|\n|upkeep\n|\n|t:|1699644618\n|switch|p1a: Not Freedom|Mandibuzz, F|78\/100\n|turn|34\n|\n|t:|1699644627\n|switch|p2a: Zapdos|Zapdos|95\/100\n|move|p1a: Not Freedom|Whirlwind|p2a: Zapdos\n|drag|p2a: Zamazenta|Zamazenta|30\/100\n|-ability|p2a: Zamazenta|Dauntless Shield|boost\n|-boost|p2a: Zamazenta|def|1\n|\n|upkeep\n|turn|35\n|\n|t:|1699644635\n|switch|p1a: Maple Syrup|Milotic-Sevii, F|76\/100\n|move|p2a: Zamazenta|Bulk Up|p2a: Zamazenta\n|-boost|p2a: Zamazenta|atk|1\n|-boost|p2a: Zamazenta|def|1\n|\n|-heal|p1a: Maple Syrup|82\/100|[from] item: Leftovers\n|upkeep\n|turn|36\n|\n|t:|1699644642\n|move|p2a: Zamazenta|Ice Fang|p1a: Maple Syrup\n|-supereffective|p1a: Maple Syrup\n|-damage|p1a: Maple Syrup|32\/100\n|move|p1a: Maple Syrup|Moonblast|p2a: Zamazenta\n|-supereffective|p2a: Zamazenta\n|-damage|p2a: Zamazenta|0 fnt\n|faint|p2a: Zamazenta\n|\n|-heal|p1a: Maple Syrup|38\/100|[from] item: Leftovers\n|upkeep\n|\n|t:|1699644651\n|switch|p2a: Pinsir|Pinsir-Mega, M|100\/100\n|turn|37\n|\n|t:|1699644673\n|move|p2a: Pinsir|Extreme Speed|p1a: Maple Syrup\n|-damage|p1a: Maple Syrup|0 fnt\n|faint|p1a: Maple Syrup\n|\n|upkeep\n|\n|t:|1699644681\n|switch|p1a: Not Freedom|Mandibuzz, F|78\/100\n|turn|38\n|\n|t:|1699644686\n|move|p2a: Pinsir|Stone Edge|p1a: Not Freedom\n|-supereffective|p1a: Not Freedom\n|-damage|p1a: Not Freedom|31\/100\n|move|p1a: Not Freedom|Whirlwind|p2a: Pinsir\n|drag|p2a: Probopass|Probopass, F|33\/100 brn\n|\n|-heal|p2a: Probopass|39\/100 brn|[from] item: Leftovers\n|-damage|p2a: Probopass|33\/100 brn|[from] brn\n|upkeep\n|turn|39\n|\n|t:|1699644691\n|switch|p1a: Legal Drugs|Sneasler, M|54\/100\n|move|p2a: Probopass|Volt Switch|p1a: Legal Drugs\n|-damage|p1a: Legal Drugs|38\/100\n|\n|t:|1699644693\n|switch|p2a: Pinsir|Pinsir-Mega, M|100\/100|[from] Volt Switch\n|\n|upkeep\n|turn|40\n|\n|t:|1699644700\n|move|p2a: Pinsir|Extreme Speed|p1a: Legal Drugs\n|-supereffective|p1a: Legal Drugs\n|-damage|p1a: Legal Drugs|0 fnt\n|faint|p1a: Legal Drugs\n|\n|upkeep\n|\n|t:|1699644702\n|switch|p1a: Not Freedom|Mandibuzz, F|31\/100\n|turn|41\n|\n|t:|1699644704\n|move|p2a: Pinsir|Extreme Speed|p1a: Not Freedom\n|-damage|p1a: Not Freedom|0 fnt\n|faint|p1a: Not Freedom\n|\n|win|KRAFT Steering\n|l| Heidhall\n|l|\u2606KRAFT Steering\n","uploadtime":1699644709,"views":48,"p1id":"willjones","p2id":"kraftsteering","formatid":"gen9ubers","rating":0,"private":0,"password":""}