{"id":"radicalred-gen9ubers-548744","p1":"anderproyt","p2":"ivancuervo2007","format":"[Gen 9] Ubers","log":"|j|\u2606anderproyt\n|j|\u2606ivancuervo2007\n|t:|1700431974\n|gametype|singles\n|player|p1|anderproyt|rr-tyranitar|\n|player|p2|ivancuervo2007|rr-dragonite|\n|teamsize|p1|6\n|teamsize|p2|6\n|gen|9\n|tier|[Gen 9] Ubers\n|rule|Sleep Clause Mod: Limit one foe put to sleep\n|rule|Species Clause: Limit one of each Pok\u00e9mon\n|rule|OHKO Clause: OHKO moves are banned\n|rule|Evasion Abilities Clause: Evasion abilities are banned\n|rule|Evasion Items Clause: Evasion items are banned\n|rule|Evasion Moves Clause: Evasion moves are banned\n|rule|Endless Battle Clause: Forcing endless battles is banned\n|rule|HP Percentage Mod: HP is shown in percentages\n|rule|Dynamax Clause: You cannot dynamax\n|rule|Mega Rayquaza Clause: You cannot mega evolve Rayquaza\n|clearpoke\n|poke|p1|Darmanitan-Galar, M|\n|poke|p1|Rillaboom, M|\n|poke|p1|Medicham, F|\n|poke|p1|Rotom-Heat|\n|poke|p1|Cyclizar, F|\n|poke|p1|Gorebyss, F|\n|poke|p2|Metagross|\n|poke|p2|Latias, F|\n|poke|p2|Roaring Moon|\n|poke|p2|Magnezone|\n|poke|p2|Aegislash, M|\n|poke|p2|Dragonite, M|\n|teampreview\n|c|\u2606anderproyt|a webo\n|\n|t:|1700431997\n|start\n|switch|p1a: A come!!|Rotom-Heat, shiny|100\/100\n|switch|p2a: ThundaThubda|Magnezone|100\/100\n|-item|p2a: ThundaThubda|Air Balloon\n|turn|1\n|\n|t:|1700432005\n|move|p1a: A come!!|Light Screen|p1a: A come!!\n|-sidestart|p1: anderproyt|move: Light Screen\n|move|p2a: ThundaThubda|Volt Switch|p1a: A come!!\n|-resisted|p1a: A come!!\n|-damage|p1a: A come!!|88\/100\n|\n|t:|1700432013\n|switch|p2a: Barnie|Dragonite, M|100\/100|[from] Volt Switch\n|\n|-heal|p1a: A come!!|94\/100|[from] item: Leftovers\n|upkeep\n|turn|2\n|\n|t:|1700432017\n|move|p2a: Barnie|Dragon Dance|p2a: Barnie\n|-boost|p2a: Barnie|atk|1\n|-boost|p2a: Barnie|spe|1\n|move|p1a: A come!!|Will-O-Wisp|p2a: Barnie\n|-status|p2a: Barnie|brn\n|\n|-heal|p1a: A come!!|99\/100|[from] item: Leftovers\n|-damage|p2a: Barnie|94\/100 brn|[from] brn\n|upkeep\n|turn|3\n|\n|t:|1700432029\n|switch|p1a: HAKAI|Gorebyss, F|100\/100\n|move|p2a: Barnie|Dragon Dance|p2a: Barnie\n|-boost|p2a: Barnie|atk|1\n|-boost|p2a: Barnie|spe|1\n|\n|-damage|p2a: Barnie|88\/100 brn|[from] brn\n|upkeep\n|turn|4\n|\n|t:|1700432037\n|move|p2a: Barnie|Dragon Dance|p2a: Barnie\n|-boost|p2a: Barnie|atk|1\n|-boost|p2a: Barnie|spe|1\n|move|p1a: HAKAI|Shell Smash|p1a: HAKAI\n|-unboost|p1a: HAKAI|def|1\n|-unboost|p1a: HAKAI|spd|1\n|-boost|p1a: HAKAI|atk|2\n|-boost|p1a: HAKAI|spa|2\n|-boost|p1a: HAKAI|spe|2\n|-enditem|p1a: HAKAI|White Herb\n|-clearnegativeboost|p1a: HAKAI|[silent]\n|\n|-damage|p2a: Barnie|82\/100 brn|[from] brn\n|upkeep\n|turn|5\n|\n|t:|1700432051\n|move|p2a: Barnie|Dual Wingbeat|p1a: HAKAI\n|-damage|p1a: HAKAI|61\/100\n|-damage|p1a: HAKAI|24\/100\n|-hitcount|p1a: HAKAI|2\n|move|p1a: HAKAI|Shell Smash|p1a: HAKAI\n|-unboost|p1a: HAKAI|def|1\n|-unboost|p1a: HAKAI|spd|1\n|-boost|p1a: HAKAI|atk|2\n|-boost|p1a: HAKAI|spa|2\n|-boost|p1a: HAKAI|spe|2\n|\n|-damage|p2a: Barnie|76\/100 brn|[from] brn\n|-sideend|p1: anderproyt|move: Light Screen\n|upkeep\n|turn|6\n|c|\u2606anderproyt|hmm\n|\n|t:|1700432063\n|move|p2a: Barnie|Dual Wingbeat|p1a: HAKAI\n|-damage|p1a: HAKAI|0 fnt\n|faint|p1a: HAKAI\n|-hitcount|p1: HAKAI|1\n|\n|-damage|p2a: Barnie|70\/100 brn|[from] brn\n|upkeep\n|c|\u2606anderproyt|a\n|c|\u2606anderproyt|xd\n|\n|t:|1700432073\n|switch|p1a: A come!!|Rotom-Heat, shiny|99\/100\n|turn|7\n|\n|t:|1700432079\n|move|p2a: Barnie|Dragon Hammer|p1a: A come!!\n|-damage|p1a: A come!!|35\/100\n|move|p1a: A come!!|Reflect|p1a: A come!!\n|-sidestart|p1: anderproyt|Reflect\n|\n|-heal|p1a: A come!!|41\/100|[from] item: Leftovers\n|-damage|p2a: Barnie|63\/100 brn|[from] brn\n|upkeep\n|turn|8\n|\n|t:|1700432087\n|move|p2a: Barnie|Dragon Dance|p2a: Barnie\n|-boost|p2a: Barnie|atk|1\n|-boost|p2a: Barnie|spe|1\n|move|p1a: A come!!|Light Screen|p1a: A come!!\n|-sidestart|p1: anderproyt|move: Light Screen\n|\n|-heal|p1a: A come!!|48\/100|[from] item: Leftovers\n|-damage|p2a: Barnie|57\/100 brn|[from] brn\n|upkeep\n|turn|9\n|c|\u2606ivancuervo2007|XD a come\n|\n|t:|1700432097\n|move|p2a: Barnie|Dragon Hammer|p1a: A come!!\n|-damage|p1a: A come!!|9\/100\n|move|p1a: A come!!|Overheat|p2a: Barnie\n|-resisted|p2a: Barnie\n|-damage|p2a: Barnie|32\/100 brn\n|-unboost|p1a: A come!!|spa|2\n|\n|-heal|p1a: A come!!|15\/100|[from] item: Leftovers\n|-damage|p2a: Barnie|26\/100 brn|[from] brn\n|upkeep\n|turn|10\n|\n|t:|1700432112\n|move|p2a: Barnie|Dragon Hammer|p1a: A come!!\n|-damage|p1a: A come!!|0 fnt\n|faint|p1a: A come!!\n|\n|-damage|p2a: Barnie|20\/100 brn|[from] brn\n|upkeep\n|\n|t:|1700432118\n|switch|p1a: El Rolas|Rillaboom, M, shiny|100\/100\n|-fieldstart|move: Grassy Terrain|[from] ability: Grassy Surge|[of] p1a: El Rolas\n|turn|11\n|\n|t:|1700432122\n|move|p1a: El Rolas|Grassy Glide|p2a: Barnie\n|-resisted|p2a: Barnie\n|-damage|p2a: Barnie|8\/100 brn\n|move|p2a: Barnie|Dual Wingbeat|p1a: El Rolas\n|-supereffective|p1a: El Rolas\n|-damage|p1a: El Rolas|63\/100\n|-supereffective|p1a: El Rolas\n|-damage|p1a: El Rolas|31\/100\n|-hitcount|p1a: El Rolas|2\n|\n|-heal|p1a: El Rolas|37\/100|[from] Grassy Terrain\n|-damage|p2a: Barnie|1\/100 brn|[from] brn\n|-sideend|p1: anderproyt|Reflect\n|upkeep\n|turn|12\n|c|\u2606anderproyt|xd\n|\n|t:|1700432133\n|move|p1a: El Rolas|Grassy Glide|p2a: Barnie\n|-resisted|p2a: Barnie\n|-crit|p2a: Barnie\n|-damage|p2a: Barnie|0 fnt\n|faint|p2a: Barnie\n|\n|-heal|p1a: El Rolas|43\/100|[from] Grassy Terrain\n|-sideend|p1: anderproyt|move: Light Screen\n|upkeep\n|\n|t:|1700432139\n|switch|p2a: Blue moon|Roaring Moon|100\/100\n|-enditem|p2a: Blue moon|Booster Energy\n|-activate|p2a: Blue moon|ability: Protosynthesis|[fromitem]\n|-start|p2a: Blue moon|protosynthesisatk\n|turn|13\n|\n|t:|1700432144\n|move|p2a: Blue moon|Acrobatics|p1a: El Rolas\n|-supereffective|p1a: El Rolas\n|-damage|p1a: El Rolas|0 fnt\n|faint|p1a: El Rolas\n|\n|upkeep\n|\n|t:|1700432152\n|switch|p1a: Te Voa mata|Darmanitan-Galar, M|100\/100\n|turn|14\n|\n|t:|1700432162\n|move|p1a: Te Voa mata|Superpower|p2a: Blue moon\n|-supereffective|p2a: Blue moon\n|-damage|p2a: Blue moon|0 fnt\n|-unboost|p1a: Te Voa mata|atk|1\n|-unboost|p1a: Te Voa mata|def|1\n|faint|p2a: Blue moon\n|-end|p2a: Blue moon|Protosynthesis|[silent]\n|\n|upkeep\n|c|\u2606anderproyt|xd\n|\n|t:|1700432168\n|switch|p2a: Excalibur|Aegislash, M|100\/100\n|turn|15\n|\n|t:|1700432171\n|switch|p1a: Motorizer|Cyclizar, F|100\/100\n|move|p2a: Excalibur|Swords Dance|p2a: Excalibur\n|-boost|p2a: Excalibur|atk|2\n|\n|-fieldend|move: Grassy Terrain\n|upkeep\n|turn|16\n|\n|t:|1700432179\n|move|p1a: Motorizer|Knock Off|p2a: Excalibur\n|-supereffective|p2a: Excalibur\n|-damage|p2a: Excalibur|64\/100\n|-enditem|p2a: Excalibur|Leftovers|[from] move: Knock Off|[of] p1a: Motorizer\n|move|p2a: Excalibur|Swords Dance|p2a: Excalibur\n|-boost|p2a: Excalibur|atk|2\n|\n|upkeep\n|turn|17\n|\n|t:|1700432185\n|move|p1a: Motorizer|Taunt|p2a: Excalibur\n|-start|p2a: Excalibur|move: Taunt\n|-formechange|p2a: Excalibur|Aegislash-Blade||[from] ability: Stance Change\n|move|p2a: Excalibur|Iron Head|p1a: Motorizer\n|-damage|p1a: Motorizer|0 fnt\n|faint|p1a: Motorizer\n|\n|upkeep\n|\n|t:|1700432194\n|switch|p1a: Te Voa mata|Darmanitan-Galar, M|100\/100\n|turn|18\n|c|\u2606anderproyt|crei q ka cague xd\n|\n|t:|1700432201\n|move|p2a: Excalibur|Shadow Sneak|p1a: Te Voa mata\n|-damage|p1a: Te Voa mata|0 fnt\n|faint|p1a: Te Voa mata\n|\n|upkeep\n|\n|t:|1700432205\n|switch|p1a: Gonzales|Medicham, F, shiny|100\/100\n|turn|19\n|\n|t:|1700432211\n|move|p2a: Excalibur|Shadow Sneak|p1a: Gonzales\n|-supereffective|p1a: Gonzales\n|-damage|p1a: Gonzales|0 fnt\n|faint|p1a: Gonzales\n|\n|win|ivancuervo2007\n|c|\u2606anderproyt|xd\n|l|\u2606anderproyt\n","uploadtime":1700432218,"views":11,"p1id":"anderproyt","p2id":"ivancuervo2007","formatid":"gen9ubers","rating":0,"private":0,"password":""}