{"id":"radicalred-gen9ubers-549112","p1":"oscar3ro","p2":"s0rianchez","format":"[Gen 9] Ubers","log":"|j|\u2606oscar3ro\n|j|\u2606s0rianchez\n|t:|1700514666\n|gametype|singles\n|player|p1|oscar3ro|rr-cinderace|\n|player|p2|s0rianchez|rr-tyranitar|\n|teamsize|p1|6\n|teamsize|p2|6\n|gen|9\n|tier|[Gen 9] Ubers\n|rule|Sleep Clause Mod: Limit one foe put to sleep\n|rule|Species Clause: Limit one of each Pok\u00e9mon\n|rule|OHKO Clause: OHKO moves are banned\n|rule|Evasion Abilities Clause: Evasion abilities are banned\n|rule|Evasion Items Clause: Evasion items are banned\n|rule|Evasion Moves Clause: Evasion moves are banned\n|rule|Endless Battle Clause: Forcing endless battles is banned\n|rule|HP Percentage Mod: HP is shown in percentages\n|rule|Dynamax Clause: You cannot dynamax\n|rule|Mega Rayquaza Clause: You cannot mega evolve Rayquaza\n|clearpoke\n|poke|p1|Dodrio-Sevii, F|\n|poke|p1|Ribombee, F|\n|poke|p1|Kingambit, F|\n|poke|p1|Shedinja|\n|poke|p1|Houndoom, M|\n|poke|p1|Starmie|\n|poke|p2|Diancie|\n|poke|p2|Meowscarada, F|\n|poke|p2|Tyranitar, M|\n|poke|p2|Barbaracle, M|\n|poke|p2|Decidueye-Hisui, M|\n|poke|p2|Roserade, F|\n|teampreview\n|j| ivancuervo2007\n|c| ivancuervo2007|Sexo\n|c| ivancuervo2007|Bum bum bum bum \n|inactive|Battle timer is ON: inactive players will automatically lose when time's up. (requested by s0rianchez)\n|c| ivancuervo2007|I want you in my room\n|\n|t:|1700514703\n|start\n|switch|p1a: Ribombee|Ribombee, F|100\/100\n|switch|p2a: Barbaracle|Barbaracle, M|100\/100\n|turn|1\n|\n|t:|1700514714\n|move|p1a: Ribombee|Energy Ball|p2a: Barbaracle\n|-supereffective|p2a: Barbaracle\n|-damage|p2a: Barbaracle|0 fnt\n|faint|p2a: Barbaracle\n|\n|upkeep\n|c|\u2606oscar3ro|Waos\n|inactive|s0rianchez has 270 seconds left.\n|\n|t:|1700514740\n|switch|p2a: Roserade|Roserade, F|100\/100\n|turn|2\n|\n|t:|1700514745\n|move|p2a: Roserade|Clear Smog|p1a: Ribombee\n|-supereffective|p1a: Ribombee\n|-enditem|p1a: Ribombee|Focus Sash\n|-damage|p1a: Ribombee|1\/100\n|-clearboost|p1a: Ribombee\n|move|p1a: Ribombee|Psychic|p2a: Roserade\n|-supereffective|p2a: Roserade\n|-damage|p2a: Roserade|39\/100\n|\n|upkeep\n|turn|3\n|\n|t:|1700514755\n|switch|p1a: Shedinja|Shedinja|100\/100\n|move|p2a: Roserade|Clear Smog|p1a: Shedinja\n|-immune|p1a: Shedinja|[from] ability: Wonder Guard\n|\n|upkeep\n|turn|4\n|inactive|s0rianchez has 270 seconds left.\n|\n|t:|1700514785\n|switch|p2a: Tyranitar|Tyranitar, M, shiny|100\/100\n|-weather|Sandstorm|[from] ability: Sand Stream|[of] p2a: Tyranitar\n|move|p1a: Shedinja|X-Scissor|p2a: Tyranitar\n|-supereffective|p2a: Tyranitar\n|-crit|p2a: Tyranitar\n|-damage|p2a: Tyranitar|2\/100\n|-enditem|p2a: Tyranitar|Weakness Policy\n|-boost|p2a: Tyranitar|atk|2|[from] item: Weakness Policy\n|-boost|p2a: Tyranitar|spa|2|[from] item: Weakness Policy\n|\n|-weather|Sandstorm|[upkeep]\n|-damage|p1a: Shedinja|0 fnt|[from] Sandstorm\n|faint|p1a: Shedinja\n|upkeep\n|\n|t:|1700514798\n|switch|p1a: Starmie|Starmie|100\/100\n|turn|5\n|\n|t:|1700514807\n|move|p1a: Starmie|Rapid Spin|p2a: Tyranitar\n|-resisted|p2a: Tyranitar\n|-damage|p2a: Tyranitar|0 fnt\n|-boost|p1a: Starmie|spe|1\n|faint|p2a: Tyranitar\n|\n|-weather|Sandstorm|[upkeep]\n|-damage|p1a: Starmie|94\/100|[from] Sandstorm\n|-heal|p1a: Starmie|100\/100|[from] item: Leftovers\n|upkeep\n|\n|t:|1700514817\n|switch|p2a: Meowscarada|Meowscarada, F, shiny|100\/100\n|turn|6\n|\n|t:|1700514828\n|move|p1a: Starmie|Ice Beam|p2a: Meowscarada\n|-supereffective|p2a: Meowscarada\n|-crit|p2a: Meowscarada\n|-damage|p2a: Meowscarada|0 fnt\n|faint|p2a: Meowscarada\n|\n|-weather|Sandstorm|[upkeep]\n|-damage|p1a: Starmie|94\/100|[from] Sandstorm\n|-heal|p1a: Starmie|100\/100|[from] item: Leftovers\n|upkeep\n|inactive|s0rianchez has 270 seconds left.\n|\n|t:|1700514840\n|switch|p2a: Roserade|Roserade, F|39\/100\n|turn|7\n|l|\u2606oscar3ro\n|inactive|oscar3ro disconnected and has 300 seconds to reconnect!\n|player|p1|\n|j|\u2606oscar3ro\n|inactive|oscar3ro reconnected and has 280 seconds left.\n|player|p1|oscar3ro|rr-cinderace\n|\n|t:|1700514878\n|move|p1a: Starmie|Ice Beam|p2a: Roserade\n|-supereffective|p2a: Roserade\n|-damage|p2a: Roserade|0 fnt\n|faint|p2a: Roserade\n|\n|-weather|Sandstorm|[upkeep]\n|-damage|p1a: Starmie|94\/100|[from] Sandstorm\n|-heal|p1a: Starmie|100\/100|[from] item: Leftovers\n|upkeep\n|\n|t:|1700514887\n|switch|p2a: Diancie|Diancie|100\/100\n|turn|8\n|\n|t:|1700514897\n|detailschange|p2a: Diancie|Diancie-Mega\n|-mega|p2a: Diancie|Diancie|Diancite\n|move|p1a: Starmie|Surf|p2a: Diancie\n|-supereffective|p2a: Diancie\n|-damage|p2a: Diancie|26\/100\n|move|p2a: Diancie|Diamond Storm|p1a: Starmie\n|-damage|p1a: Starmie|12\/100\n|-boost|p2a: Diancie|def|2\n|\n|-weather|none\n|-heal|p1a: Starmie|18\/100|[from] item: Leftovers\n|upkeep\n|turn|9\n|\n|t:|1700514909\n|move|p1a: Starmie|Surf|p2a: Diancie\n|-supereffective|p2a: Diancie\n|-damage|p2a: Diancie|0 fnt\n|faint|p2a: Diancie\n|\n|-heal|p1a: Starmie|25\/100|[from] item: Leftovers\n|upkeep\n|\n|t:|1700514914\n|switch|p2a: Decidueye|Decidueye-Hisui, M|100\/100\n|turn|10\n|\n|t:|1700514917\n|move|p1a: Starmie|Ice Beam|p2a: Decidueye\n|-supereffective|p2a: Decidueye\n|-damage|p2a: Decidueye|52\/100\n|-status|p2a: Decidueye|frz\n|move|p2a: Decidueye|Trop Kick|p1a: Starmie\n|-supereffective|p1a: Starmie\n|-damage|p1a: Starmie|0 fnt\n|faint|p1a: Starmie\n|\n|-heal|p2a: Decidueye|58\/100 frz|[from] item: Leftovers\n|-damage|p2a: Decidueye|52\/100 frz|[from] frz\n|upkeep\n|\n|t:|1700514924\n|switch|p1a: Ribombee|Ribombee, F|1\/100\n|turn|11\n|\n|t:|1700514932\n|move|p1a: Ribombee|Moonblast|p2a: Decidueye\n|-supereffective|p2a: Decidueye\n|-damage|p2a: Decidueye|0 fnt\n|faint|p2a: Decidueye\n|\n|win|oscar3ro\n","uploadtime":1700514936,"views":3,"p1id":"oscar3ro","p2id":"s0rianchez","formatid":"gen9ubers","rating":0,"private":0,"password":""}