{"id":"radicalred-gen9ubers-533773","p1":"Hades RFX","p2":"Hussumon2","format":"[Gen 9] Ubers","log":"|j|\u2606Hades RFX\n|j|\u2606Hussumon2\n|t:|1697717547\n|gametype|singles\n|player|p1|Hades RFX|rr-scizormega|\n|player|p2|Hussumon2|rr-lechonk|\n|teamsize|p1|6\n|teamsize|p2|6\n|gen|9\n|tier|[Gen 9] Ubers\n|rule|Sleep Clause Mod: Limit one foe put to sleep\n|rule|Species Clause: Limit one of each Pok\u00e9mon\n|rule|OHKO Clause: OHKO moves are banned\n|rule|Evasion Abilities Clause: Evasion abilities are banned\n|rule|Evasion Items Clause: Evasion items are banned\n|rule|Evasion Moves Clause: Evasion moves are banned\n|rule|Endless Battle Clause: Forcing endless battles is banned\n|rule|HP Percentage Mod: HP is shown in percentages\n|rule|Dynamax Clause: You cannot dynamax\n|rule|Mega Rayquaza Clause: You cannot mega evolve Rayquaza\n|clearpoke\n|poke|p1|Groudon|\n|poke|p1|Necrozma-Dusk-Mane|\n|poke|p1|Yveltal|\n|poke|p1|Zacian-*|\n|poke|p1|Zygarde|\n|poke|p1|Koraidon|\n|poke|p2|Samurott-Hisui, M|\n|poke|p2|Gengar, M|\n|poke|p2|Groudon|\n|poke|p2|Skeledirge, M|\n|poke|p2|Necrozma-Dusk-Mane|\n|poke|p2|Yveltal|\n|teampreview\n|j| Astral Spectrier\n|c|\u2606Hades RFX|glhf\n|c|\u2606Hussumon2|Lets gooo\n|c| Astral Spectrier|I deleted my ubers team\n|c| Astral Spectrier|rip\n|\n|t:|1697717580\n|start\n|switch|p1a: Zygarde|Zygarde|100\/100\n|switch|p2a: Samurott|Samurott-Hisui, M|100\/100\n|turn|1\n|\n|t:|1697717593\n|move|p2a: Samurott|Ceaseless Edge|p1a: Zygarde|[miss]\n|-miss|p2a: Samurott|p1a: Zygarde\n|move|p1a: Zygarde|Coil|p1a: Zygarde\n|-boost|p1a: Zygarde|atk|1\n|-boost|p1a: Zygarde|def|1\n|-boost|p1a: Zygarde|accuracy|1\n|\n|upkeep\n|turn|2\n|\n|t:|1697717598\n|move|p2a: Samurott|Ceaseless Edge|p1a: Zygarde\n|-damage|p1a: Zygarde|83\/100\n|-sidestart|p1: Hades RFX|Spikes\n|move|p1a: Zygarde|Glare|p2a: Samurott\n|-status|p2a: Samurott|par\n|\n|-heal|p1a: Zygarde|89\/100|[from] item: Leftovers\n|upkeep\n|turn|3\n|j| XX_1nfinity_XX\n|\n|t:|1697717604\n|move|p1a: Zygarde|Coil|p1a: Zygarde\n|-boost|p1a: Zygarde|atk|1\n|-boost|p1a: Zygarde|def|1\n|-boost|p1a: Zygarde|accuracy|1\n|move|p2a: Samurott|Razor Shell|p1a: Zygarde\n|-damage|p1a: Zygarde|74\/100\n|\n|-heal|p1a: Zygarde|80\/100|[from] item: Leftovers\n|upkeep\n|turn|4\n|\n|t:|1697717615\n|switch|p2a: Yveltal|Yveltal|100\/100\n|-ability|p2a: Yveltal|Dark Aura\n|move|p1a: Zygarde|Coil|p1a: Zygarde\n|-boost|p1a: Zygarde|atk|1\n|-boost|p1a: Zygarde|def|1\n|-boost|p1a: Zygarde|accuracy|1\n|\n|-heal|p1a: Zygarde|86\/100|[from] item: Leftovers\n|upkeep\n|turn|5\n|\n|t:|1697717623\n|move|p2a: Yveltal|Knock Off|p1a: Zygarde\n|-damage|p1a: Zygarde|74\/100\n|-enditem|p1a: Zygarde|Leftovers|[from] move: Knock Off|[of] p2a: Yveltal\n|move|p1a: Zygarde|Glare|p2a: Yveltal\n|-status|p2a: Yveltal|par\n|\n|upkeep\n|turn|6\n|\n|t:|1697717633\n|move|p1a: Zygarde|Thousand Arrows|p2a: Yveltal\n|-damage|p2a: Yveltal|42\/100 par\n|-start|p2a: Yveltal|Smack Down\n|move|p2a: Yveltal|U-turn|p1a: Zygarde\n|-damage|p1a: Zygarde|70\/100\n|\n|t:|1697717640\n|switch|p2a: Skeledirge|Skeledirge, M|100\/100|[from] U-turn\n|\n|upkeep\n|turn|7\n|\n|t:|1697717643\n|move|p1a: Zygarde|Thousand Arrows|p2a: Skeledirge\n|-supereffective|p2a: Skeledirge\n|-damage|p2a: Skeledirge|60\/100\n|move|p2a: Skeledirge|Will-O-Wisp|p1a: Zygarde\n|-status|p1a: Zygarde|brn\n|\n|-damage|p1a: Zygarde|64\/100 brn|[from] brn\n|upkeep\n|turn|8\n|\n|t:|1697717650\n|move|p1a: Zygarde|Glare|p2a: Skeledirge\n|-status|p2a: Skeledirge|par\n|cant|p2a: Skeledirge|par\n|\n|-damage|p1a: Zygarde|57\/100 brn|[from] brn\n|upkeep\n|turn|9\n|\n|t:|1697717654\n|move|p1a: Zygarde|Thousand Arrows|p2a: Skeledirge\n|-supereffective|p2a: Skeledirge\n|-damage|p2a: Skeledirge|40\/100 par\n|cant|p2a: Skeledirge|par\n|\n|-damage|p1a: Zygarde|51\/100 brn|[from] brn\n|upkeep\n|turn|10\n|c| XX_1nfinity_XX|Ubers sapamer\n|\n|t:|1697717659\n|move|p1a: Zygarde|Thousand Arrows|p2a: Skeledirge\n|-supereffective|p2a: Skeledirge\n|-damage|p2a: Skeledirge|20\/100 par\n|cant|p2a: Skeledirge|par\n|\n|-damage|p1a: Zygarde|45\/100 brn|[from] brn\n|-activate|p1a: Zygarde|ability: Power Construct\n|detailschange|p1a: Zygarde|Zygarde-Complete\n|-heal|p1a: Zygarde|64\/100 brn|[silent]\n|upkeep\n|turn|11\n|c| XX_1nfinity_XX|spammer*\n|c| XX_1nfinity_XX|lol\n|c|\u2606Hussumon2|Love it\n|c|\u2606Hades RFX|lmao\n|\n|t:|1697717679\n|switch|p2a: Yveltal|Yveltal|42\/100 par\n|-ability|p2a: Yveltal|Dark Aura\n|move|p1a: Zygarde|Thousand Arrows|p2a: Yveltal\n|-damage|p2a: Yveltal|13\/100 par\n|-start|p2a: Yveltal|Smack Down\n|\n|-damage|p1a: Zygarde|58\/100 brn|[from] brn\n|upkeep\n|turn|12\n|\n|t:|1697717687\n|move|p2a: Yveltal|Sucker Punch||[still]\n|-fail|p2a: Yveltal\n|move|p1a: Zygarde|Rest|p1a: Zygarde\n|-status|p1a: Zygarde|slp|[from] move: Rest\n|-heal|p1a: Zygarde|100\/100 slp|[silent]\n|\n|upkeep\n|turn|13\n|\n|t:|1697717691\n|cant|p1a: Zygarde|slp\n|move|p2a: Yveltal|U-turn|p1a: Zygarde\n|-damage|p1a: Zygarde|98\/100 slp\n|\n|t:|1697717693\n|switch|p2a: Skeledirge|Skeledirge, M|20\/100 par|[from] U-turn\n|\n|upkeep\n|turn|14\n|\n|t:|1697717697\n|cant|p1a: Zygarde|slp\n|move|p2a: Skeledirge|Slack Off|p2a: Skeledirge\n|-heal|p2a: Skeledirge|70\/100 par\n|\n|upkeep\n|turn|15\n|\n|t:|1697717704\n|-curestatus|p1a: Zygarde|slp|[msg]\n|move|p1a: Zygarde|Thousand Arrows|p2a: Skeledirge\n|-supereffective|p2a: Skeledirge\n|-damage|p2a: Skeledirge|35\/100 par\n|move|p2a: Skeledirge|Torch Song|p1a: Zygarde\n|-resisted|p1a: Zygarde\n|-crit|p1a: Zygarde\n|-damage|p1a: Zygarde|85\/100\n|-boost|p2a: Skeledirge|spa|1\n|\n|upkeep\n|turn|16\n|\n|t:|1697717712\n|move|p1a: Zygarde|Thousand Arrows|p2a: Skeledirge\n|-supereffective|p2a: Skeledirge\n|-damage|p2a: Skeledirge|0 fnt\n|faint|p2a: Skeledirge\n|\n|upkeep\n|c| XX_1nfinity_XX|ohh no\n|\n|t:|1697717715\n|switch|p2a: Groudon|Groudon|100\/100\n|detailschange|p2a: Groudon|Groudon-Primal\n|-primal|p2a: Groudon|Red Orb\n|-weather|DesolateLand|[from] ability: Desolate Land|[of] p2a: Groudon\n|turn|17\n|c| Astral Spectrier|\"Ubers Spammer\"\n|\n|t:|1697717719\n|move|p2a: Groudon|Precipice Blades|p1a: Zygarde|[miss]\n|-miss|p2a: Groudon|p1a: Zygarde\n|move|p1a: Zygarde|Thousand Arrows|p2a: Groudon\n|-supereffective|p2a: Groudon\n|-damage|p2a: Groudon|15\/100\n|\n|-weather|DesolateLand|[upkeep]\n|upkeep\n|turn|18\n|c|\u2606Hades RFX|lmao\n|\n|t:|1697717730\n|move|p2a: Groudon|Precipice Blades|p1a: Zygarde\n|-damage|p1a: Zygarde|73\/100\n|move|p1a: Zygarde|Thousand Arrows|p2a: Groudon\n|-supereffective|p2a: Groudon\n|-damage|p2a: Groudon|0 fnt\n|faint|p2a: Groudon\n|-weather|none\n|\n|upkeep\n|\n|t:|1697717735\n|switch|p2a: Gengar|Gengar, M|100\/100\n|turn|19\n|\n|t:|1697717739\n|detailschange|p2a: Gengar|Gengar-Mega, M\n|-mega|p2a: Gengar|Gengar|Gengarite\n|move|p2a: Gengar|Shadow Ball|p1a: Zygarde\n|-damage|p1a: Zygarde|44\/100\n|-unboost|p1a: Zygarde|spd|1\n|move|p1a: Zygarde|Thousand Arrows|p2a: Gengar\n|-supereffective|p2a: Gengar\n|-damage|p2a: Gengar|0 fnt\n|faint|p2a: Gengar\n|\n|upkeep\n|c| Astral Spectrier|wow spam ubers in ubers\n|c|\u2606Hussumon2|I fucking love rng\n|\n|t:|1697717751\n|switch|p2a: Necrozma|Necrozma-Dusk-Mane|100\/100\n|turn|20\n|c|\u2606Hades RFX|lol\n|\n|t:|1697717761\n|move|p2a: Necrozma|Photon Geyser|p1a: Zygarde\n|-damage|p1a: Zygarde|34\/100\n|-damage|p2a: Necrozma|91\/100|[from] item: Life Orb\n|move|p1a: Zygarde|Coil|p1a: Zygarde\n|-boost|p1a: Zygarde|atk|1\n|-boost|p1a: Zygarde|def|1\n|-boost|p1a: Zygarde|accuracy|1\n|\n|upkeep\n|turn|21\n|\n|t:|1697717769\n|move|p2a: Necrozma|Photon Geyser|p1a: Zygarde\n|-crit|p1a: Zygarde\n|-damage|p1a: Zygarde|0 fnt\n|faint|p1a: Zygarde\n|-damage|p2a: Necrozma|81\/100|[from] item: Life Orb\n|\n|upkeep\n|c| Astral Spectrier|sub > rest\n|c| Astral Spectrier|ngl\n|c|\u2606Hussumon2|Too late to even matter\n|c|\u2606Hades RFX|nah\n|c|\u2606Hades RFX|i prefer rest\n|c|\u2606Hades RFX|its the status absorber\n|c|\u2606Hussumon2|The zacian sweeps\n|\n|t:|1697717798\n|switch|p1a: Groudon|Groudon|100\/100\n|-damage|p1a: Groudon|88\/100|[from] Spikes\n|detailschange|p1a: Groudon|Groudon-Primal\n|-primal|p1a: Groudon|Red Orb\n|-weather|DesolateLand|[from] ability: Desolate Land|[of] p1a: Groudon\n|turn|22\n|c| Astral Spectrier|my arceus ground set walls zygarde\n|\n|t:|1697717801\n|switch|p2a: Yveltal|Yveltal|13\/100 par\n|-ability|p2a: Yveltal|Dark Aura\n|move|p1a: Groudon|Precipice Blades|p2a: Yveltal\n|-immune|p2a: Yveltal\n|\n|-weather|DesolateLand|[upkeep]\n|upkeep\n|turn|23\n|\n|t:|1697717808\n|move|p1a: Groudon|Stone Edge|p2a: Yveltal\n|-supereffective|p2a: Yveltal\n|-damage|p2a: Yveltal|0 fnt\n|faint|p2a: Yveltal\n|\n|-weather|DesolateLand|[upkeep]\n|upkeep\n|\n|t:|1697717810\n|switch|p2a: Samurott|Samurott-Hisui, M|100\/100 par\n|turn|24\n|c|\u2606Hades RFX|you think im gonna stay in on arc-ground?\n|c|\u2606Hades RFX|with zygarde?\n|c|\u2606Hades RFX|im not an idiot\n|\n|t:|1697717828\n|move|p1a: Groudon|Precipice Blades|p2a: Samurott\n|-damage|p2a: Samurott|18\/100 par\n|move|p2a: Samurott|Shell Smash|p2a: Samurott\n|-unboost|p2a: Samurott|def|1\n|-unboost|p2a: Samurott|spd|1\n|-boost|p2a: Samurott|atk|2\n|-boost|p2a: Samurott|spa|2\n|-boost|p2a: Samurott|spe|2\n|\n|-weather|DesolateLand|[upkeep]\n|upkeep\n|turn|25\n|\n|t:|1697717834\n|move|p2a: Samurott|Ceaseless Edge|p1a: Groudon\n|-damage|p1a: Groudon|35\/100\n|-sidestart|p1: Hades RFX|Spikes\n|move|p1a: Groudon|Stone Edge|p2a: Samurott\n|-crit|p2a: Samurott\n|-damage|p2a: Samurott|0 fnt\n|faint|p2a: Samurott\n|\n|-weather|DesolateLand|[upkeep]\n|upkeep\n|c| Astral Spectrier|fair\n|\n|t:|1697717840\n|switch|p2a: Necrozma|Necrozma-Dusk-Mane|81\/100\n|turn|26\n|\n|t:|1697717844\n|move|p2a: Necrozma|Photon Geyser|p1a: Groudon\n|-damage|p1a: Groudon|0 fnt\n|faint|p1a: Groudon\n|-weather|none\n|-damage|p2a: Necrozma|71\/100|[from] item: Life Orb\n|\n|upkeep\n|\n|t:|1697717847\n|switch|p1a: Yveltal|Yveltal|100\/100\n|-ability|p1a: Yveltal|Dark Aura\n|turn|27\n|\n|t:|1697717850\n|move|p1a: Yveltal|Foul Play|p2a: Necrozma\n|-supereffective|p2a: Necrozma\n|-damage|p2a: Necrozma|0 fnt\n|faint|p2a: Necrozma\n|\n|win|Hades RFX\n|c|\u2606Hades RFX|gg\n|c|\u2606Hussumon2|I lobe rng\n|c|\u2606Hussumon2|Gg\n|c|\u2606Hades RFX|me too\n|l|\u2606Hussumon2\n|l|\u2606Hades RFX\n|j|\u2606Hades RFX\n|player|p1|Hades RFX|rr-scizormega\n","uploadtime":1697718488,"views":10,"p1id":"hadesrfx","p2id":"hussumon2","formatid":"gen9ubers","rating":0,"private":0,"password":""}