{"id":"radicalred-gen9ubers-544213","p1":"ivancuervo2007","p2":"axelzzz09","format":"[Gen 9] Ubers","log":"|j|\u2606ivancuervo2007\n|j|\u2606axelzzz09\n|t:|1699552310\n|gametype|singles\n|player|p1|ivancuervo2007|rr-tapufini|\n|player|p2|axelzzz09|rr-garchompmega|\n|teamsize|p1|6\n|teamsize|p2|6\n|gen|9\n|tier|[Gen 9] Ubers\n|rule|Sleep Clause Mod: Limit one foe put to sleep\n|rule|Species Clause: Limit one of each Pok\u00e9mon\n|rule|OHKO Clause: OHKO moves are banned\n|rule|Evasion Abilities Clause: Evasion abilities are banned\n|rule|Evasion Items Clause: Evasion items are banned\n|rule|Evasion Moves Clause: Evasion moves are banned\n|rule|Endless Battle Clause: Forcing endless battles is banned\n|rule|HP Percentage Mod: HP is shown in percentages\n|rule|Dynamax Clause: You cannot dynamax\n|rule|Mega Rayquaza Clause: You cannot mega evolve Rayquaza\n|clearpoke\n|poke|p1|Metagross|\n|poke|p1|Rapidash-Galar, M|\n|poke|p1|Melmetal|\n|poke|p1|Meganium, M|\n|poke|p1|Mismagius, F|\n|poke|p1|Empoleon, F|\n|poke|p2|Volcarona, M|\n|poke|p2|Garchomp, F|\n|poke|p2|Ceruledge, M|\n|poke|p2|Kingambit, M|\n|poke|p2|Sneasler, F|\n|poke|p2|Kommo-o, M|\n|teampreview\n|\n|t:|1699552318\n|start\n|switch|p1a: Omega|Meganium, M|100\/100\n|switch|p2a: Sneasler|Sneasler, F|100\/100\n|turn|1\n|\n|t:|1699552325\n|switch|p1a: Epsilon|Melmetal|100\/100\n|move|p2a: Sneasler|Fake Out|p1a: Epsilon\n|-resisted|p1a: Epsilon\n|-damage|p1a: Epsilon|97\/100\n|\n|upkeep\n|turn|2\n|\n|t:|1699552332\n|move|p2a: Sneasler|Close Combat|p1a: Epsilon\n|-supereffective|p1a: Epsilon\n|-damage|p1a: Epsilon|29\/100\n|-unboost|p2a: Sneasler|def|1\n|-unboost|p2a: Sneasler|spd|1\n|move|p1a: Epsilon|Earthquake|p2a: Sneasler\n|-supereffective|p2a: Sneasler\n|-damage|p2a: Sneasler|0 fnt\n|faint|p2a: Sneasler\n|\n|upkeep\n|\n|t:|1699552348\n|switch|p2a: Ceruledge|Ceruledge, M|100\/100\n|turn|3\n|\n|t:|1699552356\n|move|p2a: Ceruledge|Swords Dance|p2a: Ceruledge\n|-boost|p2a: Ceruledge|atk|2\n|move|p1a: Epsilon|Earthquake|p2a: Ceruledge\n|-supereffective|p2a: Ceruledge\n|-enditem|p2a: Ceruledge|Focus Sash\n|-damage|p2a: Ceruledge|1\/100\n|-ability|p2a: Ceruledge|Weak Armor|boost\n|-unboost|p2a: Ceruledge|def|1\n|-boost|p2a: Ceruledge|spe|2\n|\n|upkeep\n|turn|4\n|c|\u2606axelzzz09|xddd\n|\n|t:|1699552365\n|move|p2a: Ceruledge|Bitter Blade|p1a: Epsilon\n|-supereffective|p1a: Epsilon\n|-damage|p1a: Epsilon|0 fnt\n|-heal|p2a: Ceruledge|25\/100|[from] drain|[of] p1a: Epsilon\n|faint|p1a: Epsilon\n|\n|upkeep\n|\n|t:|1699552388\n|switch|p1a: Alpha|Empoleon, F|100\/100\n|turn|5\n|\n|t:|1699552394\n|move|p2a: Ceruledge|Brick Break|p1a: Alpha\n|-supereffective|p1a: Alpha\n|-damage|p1a: Alpha|0 fnt\n|faint|p1a: Alpha\n|\n|upkeep\n|c|\u2606axelzzz09|xdddd\n|\n|t:|1699552402\n|switch|p1a: Omega|Meganium, M|100\/100\n|turn|6\n|c|\u2606axelzzz09|esa no te la esperabas\n|\n|t:|1699552405\n|move|p1a: Omega|Giga Drain|p2a: Ceruledge\n|-resisted|p2a: Ceruledge\n|-damage|p2a: Ceruledge|6\/100\n|move|p2a: Ceruledge|Bitter Blade|p1a: Omega\n|-supereffective|p1a: Omega\n|-damage|p1a: Omega|0 fnt\n|-heal|p2a: Ceruledge|68\/100|[from] drain|[of] p1a: Omega\n|faint|p1a: Omega\n|\n|upkeep\n|\n|t:|1699552422\n|switch|p1a: Delta|Rapidash-Galar, M|100\/100\n|turn|7\n|\n|t:|1699552428\n|move|p2a: Ceruledge|Shadow Claw|p1a: Delta\n|-damage|p1a: Delta|0 fnt\n|faint|p1a: Delta\n|\n|upkeep\n|\n|t:|1699552434\n|switch|p1a: Beta|Mismagius, F|100\/100\n|turn|8\n|\n|t:|1699552438\n|move|p2a: Ceruledge|Shadow Claw|p1a: Beta\n|-supereffective|p1a: Beta\n|-damage|p1a: Beta|0 fnt\n|faint|p1a: Beta\n|\n|upkeep\n|\n|t:|1699552441\n|switch|p1a: Eta|Metagross, shiny|100\/100\n|turn|9\n|\n|t:|1699552445\n|detailschange|p1a: Eta|Metagross-Mega, shiny\n|-mega|p1a: Eta|Metagross|Metagrossite\n|move|p2a: Ceruledge|Bitter Blade|p1a: Eta\n|-supereffective|p1a: Eta\n|-damage|p1a: Eta|0 fnt\n|-heal|p2a: Ceruledge|100\/100|[from] drain|[of] p1a: Eta\n|faint|p1a: Eta\n|\n|win|axelzzz09\n","uploadtime":1699552454,"views":14,"p1id":"ivancuervo2007","p2id":"axelzzz09","formatid":"gen9ubers","rating":0,"private":0,"password":""}