{"id":"radicalred-gen9ubers-531338","p1":"KarmaCodeZero","p2":"Shotokekipurin","format":"[Gen 9] Ubers","log":"|j|\u2606KarmaCodeZero\n|j|\u2606Shotokekipurin\n|t:|1697392804\n|gametype|singles\n|player|p1|KarmaCodeZero|rr-charizardmegax|\n|player|p2|Shotokekipurin|rr-regice|\n|teamsize|p1|6\n|teamsize|p2|6\n|gen|9\n|tier|[Gen 9] Ubers\n|rule|Sleep Clause Mod: Limit one foe put to sleep\n|rule|Species Clause: Limit one of each Pok\u00e9mon\n|rule|OHKO Clause: OHKO moves are banned\n|rule|Evasion Abilities Clause: Evasion abilities are banned\n|rule|Evasion Items Clause: Evasion items are banned\n|rule|Evasion Moves Clause: Evasion moves are banned\n|rule|Endless Battle Clause: Forcing endless battles is banned\n|rule|HP Percentage Mod: HP is shown in percentages\n|rule|Dynamax Clause: You cannot dynamax\n|rule|Mega Rayquaza Clause: You cannot mega evolve Rayquaza\n|clearpoke\n|poke|p1|Sceptile, M|\n|poke|p1|Dragapult, F|\n|poke|p1|Kommo-o, F|\n|poke|p1|Samurott, F|\n|poke|p1|Cyclizar, F|\n|poke|p1|Rayquaza|\n|poke|p2|Kyurem-Black|\n|poke|p2|Chien-Pao|\n|poke|p2|Avalugg, F|\n|poke|p2|Ninetales-Alola, M|\n|poke|p2|Baxcalibur, F|\n|poke|p2|Walrein, F|\n|teampreview\n|inactive|Battle timer is ON: inactive players will automatically lose when time's up. (requested by KarmaCodeZero)\n|c|\u2606KarmaCodeZero|woah woah woah\n|c|\u2606KarmaCodeZero|aren't you supposed to be water\n|\n|t:|1697392828\n|start\n|switch|p1a: Samurott|Samurott, F, shiny|100\/100\n|switch|p2a: Ninetales|Ninetales-Alola, M, shiny|100\/100\n|-weather|Snow|[from] ability: Snow Warning|[of] p2a: Ninetales\n|turn|1\n|\n|t:|1697392836\n|move|p2a: Ninetales|Aurora Veil|p2a: Ninetales\n|-sidestart|p2: Shotokekipurin|move: Aurora Veil\n|move|p1a: Samurott|Shell Smash|p1a: Samurott\n|-unboost|p1a: Samurott|def|1\n|-unboost|p1a: Samurott|spd|1\n|-boost|p1a: Samurott|atk|2\n|-boost|p1a: Samurott|spa|2\n|-boost|p1a: Samurott|spe|2\n|\n|-weather|Snow|[upkeep]\n|upkeep\n|turn|2\n|\n|t:|1697392843\n|switch|p2a: Avalugg|Avalugg, F|100\/100\n|move|p1a: Samurott|Cut|p2a: Avalugg\n|-supereffective|p2a: Avalugg\n|-damage|p2a: Avalugg|82\/100\n|\n|-weather|Snow|[upkeep]\n|-heal|p2a: Avalugg|88\/100|[from] item: Leftovers\n|upkeep\n|turn|3\n|j| BraxGrifRow\n|\n|t:|1697392855\n|switch|p1a: Cyclizar|Cyclizar, F|100\/100\n|move|p2a: Avalugg|Mountain Gale|p1a: Cyclizar\n|-supereffective|p1a: Cyclizar\n|-damage|p1a: Cyclizar|0 fnt\n|faint|p1a: Cyclizar\n|\n|-weather|Snow|[upkeep]\n|-heal|p2a: Avalugg|94\/100|[from] item: Leftovers\n|upkeep\n|\n|t:|1697392860\n|switch|p1a: Kommo-o|Kommo-o, F|100\/100\n|turn|4\n|\n|t:|1697392868\n|move|p1a: Kommo-o|Flash Cannon|p2a: Avalugg\n|-supereffective|p2a: Avalugg\n|-damage|p2a: Avalugg|64\/100\n|move|p2a: Avalugg|Mountain Gale|p1a: Kommo-o\n|-supereffective|p1a: Kommo-o\n|-damage|p1a: Kommo-o|16\/100\n|\n|-weather|Snow|[upkeep]\n|-heal|p2a: Avalugg|70\/100|[from] item: Leftovers\n|upkeep\n|turn|5\n|\n|t:|1697392875\n|-zpower|p1a: Kommo-o\n|move|p1a: Kommo-o|Clangorous Soulblaze|p2a: Avalugg|[zeffect]\n|-damage|p2a: Avalugg|5\/100\n|-boost|p1a: Kommo-o|atk|1\n|-boost|p1a: Kommo-o|def|1\n|-boost|p1a: Kommo-o|spa|1\n|-boost|p1a: Kommo-o|spd|1\n|-boost|p1a: Kommo-o|spe|1\n|move|p2a: Avalugg|Mountain Gale|p1a: Kommo-o\n|-supereffective|p1a: Kommo-o\n|-damage|p1a: Kommo-o|0 fnt\n|faint|p1a: Kommo-o\n|\n|-weather|none\n|-heal|p2a: Avalugg|11\/100|[from] item: Leftovers\n|upkeep\n|\n|t:|1697392881\n|switch|p1a: Samurott|Samurott, F, shiny|100\/100\n|turn|6\n|\n|t:|1697392891\n|switch|p2a: Ninetales|Ninetales-Alola, M, shiny|100\/100\n|-weather|Snow|[from] ability: Snow Warning|[of] p2a: Ninetales\n|move|p1a: Samurott|Cut|p2a: Ninetales\n|-supereffective|p2a: Ninetales\n|-damage|p2a: Ninetales|2\/100\n|\n|-weather|Snow|[upkeep]\n|upkeep\n|turn|7\n|\n|t:|1697392898\n|switch|p2a: Walrein|Walrein, F, shiny|100\/100\n|move|p1a: Samurott|Shell Smash|p1a: Samurott\n|-unboost|p1a: Samurott|def|1\n|-unboost|p1a: Samurott|spd|1\n|-boost|p1a: Samurott|atk|2\n|-boost|p1a: Samurott|spa|2\n|-boost|p1a: Samurott|spe|2\n|\n|-weather|Snow|[upkeep]\n|upkeep\n|turn|8\n|\n|t:|1697392901\n|move|p1a: Samurott|Cut|p2a: Walrein\n|-damage|p2a: Walrein|85\/100\n|move|p2a: Walrein|Earthquake|p1a: Samurott\n|-supereffective|p1a: Samurott\n|-damage|p1a: Samurott|3\/100\n|\n|-weather|Snow|[upkeep]\n|-sideend|p2: Shotokekipurin|move: Aurora Veil\n|upkeep\n|turn|9\n|\n|t:|1697392908\n|move|p1a: Samurott|Cut|p2a: Walrein\n|-damage|p2a: Walrein|52\/100\n|move|p2a: Walrein|Earthquake|p1a: Samurott\n|-supereffective|p1a: Samurott\n|-damage|p1a: Samurott|0 fnt\n|faint|p1a: Samurott\n|\n|-weather|Snow|[upkeep]\n|upkeep\n|\n|t:|1697392917\n|switch|p1a: Sceptile|Sceptile, M|100\/100\n|turn|10\n|\n|t:|1697392924\n|detailschange|p1a: Sceptile|Sceptile-Mega, M\n|-mega|p1a: Sceptile|Sceptile|Sceptilite\n|move|p1a: Sceptile|Bullet Seed|p2a: Walrein\n|-supereffective|p2a: Walrein\n|-damage|p2a: Walrein|40\/100\n|-supereffective|p2a: Walrein\n|-damage|p2a: Walrein|27\/100\n|-supereffective|p2a: Walrein\n|-crit|p2a: Walrein\n|-damage|p2a: Walrein|8\/100\n|-supereffective|p2a: Walrein\n|-damage|p2a: Walrein|0 fnt\n|faint|p2a: Walrein\n|-hitcount|p2: Walrein|4\n|\n|-weather|none\n|upkeep\n|\n|t:|1697392931\n|switch|p2a: Chien-Pao|Chien-Pao, shiny|100\/100\n|-ability|p2a: Chien-Pao|Sword of Ruin\n|turn|11\n|\n|t:|1697392939\n|move|p2a: Chien-Pao|Icicle Crash|p1a: Sceptile\n|-supereffective|p1a: Sceptile\n|-damage|p1a: Sceptile|0 fnt\n|faint|p1a: Sceptile\n|\n|upkeep\n|c|\u2606Shotokekipurin|Gg\n|\n|t:|1697392944\n|switch|p1a: Rayquaza|Rayquaza|100\/100\n|-ability|p1a: Rayquaza|Air Lock\n|turn|12\n|\n|t:|1697392953\n|move|p2a: Chien-Pao|Icicle Crash|p1a: Rayquaza\n|-supereffective|p1a: Rayquaza\n|-enditem|p1a: Rayquaza|Focus Sash\n|-damage|p1a: Rayquaza|1\/100\n|move|p1a: Rayquaza|Dragon Dance|p1a: Rayquaza\n|-boost|p1a: Rayquaza|atk|1\n|-boost|p1a: Rayquaza|spe|1\n|\n|upkeep\n|turn|13\n|\n|t:|1697392959\n|move|p2a: Chien-Pao|Icicle Crash|p1a: Rayquaza\n|-supereffective|p1a: Rayquaza\n|-damage|p1a: Rayquaza|0 fnt\n|faint|p1a: Rayquaza\n|\n|upkeep\n|\n|t:|1697392962\n|switch|p1a: Dragapult|Dragapult, F|100\/100\n|turn|14\n|\n|t:|1697392967\n|move|p2a: Chien-Pao|Icicle Crash|p1a: Dragapult\n|-supereffective|p1a: Dragapult\n|-enditem|p1a: Dragapult|Focus Sash\n|-damage|p1a: Dragapult|1\/100\n|move|p1a: Dragapult|Flamethrower|p2a: Chien-Pao\n|-supereffective|p2a: Chien-Pao\n|-damage|p2a: Chien-Pao|30\/100\n|\n|upkeep\n|turn|15\n|c|\u2606Shotokekipurin|Scarfed btw\n|\n|t:|1697392976\n|move|p2a: Chien-Pao|Icicle Crash|p1a: Dragapult\n|-supereffective|p1a: Dragapult\n|-damage|p1a: Dragapult|0 fnt\n|faint|p1a: Dragapult\n|\n|win|Shotokekipurin\n","uploadtime":1697392979,"views":14,"p1id":"karmacodezero","p2id":"shotokekipurin","formatid":"gen9ubers","rating":0,"private":0,"password":""}