{"id":"radicalred-gen9ubers-549904","p1":"oscar3ro","p2":"anderproyt","format":"[Gen 9] Ubers","log":"|j|\u2606oscar3ro\n|j|\u2606anderproyt\n|t:|1700692685\n|gametype|singles\n|player|p1|oscar3ro|rr-cinderace|\n|player|p2|anderproyt|rr-tyranitar|\n|teamsize|p1|6\n|teamsize|p2|6\n|gen|9\n|tier|[Gen 9] Ubers\n|rule|Sleep Clause Mod: Limit one foe put to sleep\n|rule|Species Clause: Limit one of each Pok\u00e9mon\n|rule|OHKO Clause: OHKO moves are banned\n|rule|Evasion Abilities Clause: Evasion abilities are banned\n|rule|Evasion Items Clause: Evasion items are banned\n|rule|Evasion Moves Clause: Evasion moves are banned\n|rule|Endless Battle Clause: Forcing endless battles is banned\n|rule|HP Percentage Mod: HP is shown in percentages\n|rule|Dynamax Clause: You cannot dynamax\n|rule|Mega Rayquaza Clause: You cannot mega evolve Rayquaza\n|clearpoke\n|poke|p1|Pheromosa|\n|poke|p1|Kingambit, F|\n|poke|p1|Sneasler, M|\n|poke|p1|Greninja-*, M|\n|poke|p1|Alomomola, F|\n|poke|p1|Duraludon, M|\n|poke|p2|Diancie|\n|poke|p2|Grafaiai, M|\n|poke|p2|Klefki, F|\n|poke|p2|Swellow, M|\n|poke|p2|Gorebyss, M|\n|poke|p2|Silvally-*|\n|teampreview\n|\n|t:|1700692702\n|start\n|switch|p1a: Alomomola|Alomomola, F, shiny|100\/100\n|switch|p2a: Bichoz|Grafaiai, M|100\/100\n|turn|1\n|\n|t:|1700692708\n|move|p2a: Bichoz|Sticky Web|p1a: Alomomola\n|-sidestart|p1: oscar3ro|move: Sticky Web\n|move|p1a: Alomomola|Scald|p2a: Bichoz\n|-damage|p2a: Bichoz|85\/100\n|-status|p2a: Bichoz|brn\n|\n|-damage|p2a: Bichoz|79\/100 brn|[from] brn\n|upkeep\n|turn|2\n|\n|t:|1700692716\n|move|p2a: Bichoz|U-turn|p1a: Alomomola\n|-damage|p1a: Alomomola|97\/100\n|c|\u2606anderproyt|grave error\n|\n|t:|1700692721\n|switch|p2a: Chaviza|Klefki, F, shiny|100\/100|[from] U-turn\n|move|p1a: Alomomola|Flip Turn|p2a: Chaviza\n|-damage|p2a: Chaviza|87\/100\n|\n|t:|1700692726\n|switch|p1a: Pheromosa|Pheromosa|100\/100|[from] Flip Turn\n|-activate|p1a: Pheromosa|move: Sticky Web\n|-unboost|p1a: Pheromosa|spe|1\n|\n|upkeep\n|turn|3\n|\n|t:|1700692731\n|move|p2a: Chaviza|Thunder Wave|p1a: Pheromosa\n|-status|p1a: Pheromosa|par\n|cant|p1a: Pheromosa|par\n|\n|upkeep\n|turn|4\n|\n|t:|1700692737\n|move|p2a: Chaviza|Reflect|p2a: Chaviza\n|-sidestart|p2: anderproyt|Reflect\n|cant|p1a: Pheromosa|par\n|\n|upkeep\n|turn|5\n|\n|t:|1700692744\n|switch|p2a: Sawardo|Silvally|100\/100\n|cant|p1a: Pheromosa|par\n|\n|upkeep\n|turn|6\n|\n|t:|1700692755\n|move|p2a: Sawardo|Swords Dance|p2a: Sawardo\n|-boost|p2a: Sawardo|atk|2\n|move|p1a: Pheromosa|Rapid Spin|p2a: Sawardo\n|-damage|p2a: Sawardo|93\/100\n|-boost|p1a: Pheromosa|spe|1\n|-sideend|p1: oscar3ro|Sticky Web|[from] move: Rapid Spin|[of] p1a: Pheromosa\n|\n|upkeep\n|turn|7\n|\n|t:|1700692764\n|-zpower|p2a: Sawardo\n|move|p2a: Sawardo|Shattered Psyche|p1a: Pheromosa|[zeffect]\n|-supereffective|p1a: Pheromosa\n|-enditem|p1a: Pheromosa|Focus Sash\n|-damage|p1a: Pheromosa|1\/100 par\n|move|p1a: Pheromosa|Bug Buzz|p2a: Sawardo\n|-damage|p2a: Sawardo|44\/100\n|\n|upkeep\n|turn|8\n|c|\u2606anderproyt|xd\n|\n|t:|1700692774\n|move|p2a: Sawardo|Psychic Fangs|p1a: Pheromosa\n|-supereffective|p1a: Pheromosa\n|-damage|p1a: Pheromosa|0 fnt\n|faint|p1a: Pheromosa\n|\n|upkeep\n|c|\u2606anderproyt|?\n|c|\u2606anderproyt|y ese bug buzz?\n|\n|t:|1700692796\n|switch|p1a: Alomomola|Alomomola, F, shiny|100\/100\n|turn|9\n|\n|t:|1700692800\n|move|p2a: Sawardo|Multi-Attack|p1a: Alomomola\n|-damage|p1a: Alomomola|40\/100\n|move|p1a: Alomomola|Flip Turn|p2a: Sawardo\n|-damage|p2a: Sawardo|37\/100\n|\n|t:|1700692810\n|switch|p1a: Greninja|Greninja, M, shiny|100\/100|[from] Flip Turn\n|\n|upkeep\n|turn|10\n|\n|t:|1700692814\n|move|p1a: Greninja|Water Shuriken|p2a: Sawardo\n|-damage|p2a: Sawardo|27\/100\n|-damage|p2a: Sawardo|18\/100\n|-damage|p2a: Sawardo|10\/100\n|-hitcount|p2a: Sawardo|3\n|-damage|p1a: Greninja|91\/100|[from] item: Life Orb\n|move|p2a: Sawardo|Multi-Attack|p1a: Greninja\n|-damage|p1a: Greninja|0 fnt\n|faint|p1a: Greninja\n|\n|upkeep\n|\n|t:|1700692839\n|switch|p1a: Sneasler|Sneasler, M|100\/100\n|turn|11\n|\n|t:|1700692845\n|move|p1a: Sneasler|Fake Out|p2a: Sawardo\n|-enditem|p1a: Sneasler|Normal Gem|[from] gem\n|-damage|p2a: Sawardo|0 fnt\n|faint|p2a: Sawardo\n|\n|-sideend|p2: anderproyt|Reflect\n|upkeep\n|\n|t:|1700692857\n|switch|p2a: Bichoz|Grafaiai, M|79\/100 brn\n|turn|12\n|c|\u2606oscar3ro|Nunca viste un pheromosa especial o que\n|\n|t:|1700692862\n|move|p2a: Bichoz|Taunt|p1a: Sneasler\n|-start|p1a: Sneasler|move: Taunt\n|move|p1a: Sneasler|Close Combat|p2a: Bichoz\n|-damage|p2a: Bichoz|10\/100 brn\n|-unboost|p1a: Sneasler|def|1\n|-unboost|p1a: Sneasler|spd|1\n|-enditem|p2a: Bichoz|Sitrus Berry|[eat]\n|-heal|p2a: Bichoz|35\/100 brn|[from] item: Sitrus Berry\n|\n|-damage|p2a: Bichoz|29\/100 brn|[from] brn\n|upkeep\n|turn|13\n|c|\u2606anderproyt|no \n|\n|t:|1700692873\n|move|p2a: Bichoz|Sticky Web|p1a: Sneasler\n|-sidestart|p1: oscar3ro|move: Sticky Web\n|move|p1a: Sneasler|Close Combat|p2a: Bichoz\n|-damage|p2a: Bichoz|0 fnt\n|-unboost|p1a: Sneasler|def|1\n|-unboost|p1a: Sneasler|spd|1\n|faint|p2a: Bichoz\n|\n|upkeep\n|\n|t:|1700692899\n|switch|p2a: Diancie|Diancie|100\/100\n|turn|14\n|\n|t:|1700692905\n|detailschange|p2a: Diancie|Diancie-Mega\n|-mega|p2a: Diancie|Diancie|Diancite\n|move|p1a: Sneasler|Close Combat|p2a: Diancie\n|-damage|p2a: Diancie|23\/100\n|-unboost|p1a: Sneasler|def|1\n|-unboost|p1a: Sneasler|spd|1\n|move|p2a: Diancie|Moonblast|p1a: Sneasler\n|-damage|p1a: Sneasler|0 fnt\n|faint|p1a: Sneasler\n|\n|upkeep\n|\n|t:|1700692914\n|switch|p1a: Alomomola|Alomomola, F, shiny|74\/100\n|-activate|p1a: Alomomola|move: Sticky Web\n|-unboost|p1a: Alomomola|spe|1\n|turn|15\n|\n|t:|1700692925\n|switch|p2a: Chaviza|Klefki, F, shiny|87\/100\n|move|p1a: Alomomola|Scald|p2a: Chaviza\n|-damage|p2a: Chaviza|74\/100\n|-status|p2a: Chaviza|brn\n|\n|-heal|p1a: Alomomola|80\/100|[from] item: Leftovers\n|-damage|p2a: Chaviza|68\/100 brn|[from] brn\n|upkeep\n|turn|16\n|\n|t:|1700692935\n|move|p2a: Chaviza|Thunder Wave|p1a: Alomomola\n|-status|p1a: Alomomola|par\n|move|p1a: Alomomola|Flip Turn|p2a: Chaviza\n|-damage|p2a: Chaviza|54\/100 brn\n|\n|t:|1700692939\n|switch|p1a: Kingambit|Kingambit, F|100\/100|[from] Flip Turn\n|-activate|p1a: Kingambit|move: Sticky Web\n|-unboost|p1a: Kingambit|spe|1\n|-activate|p1a: Kingambit|ability: Supreme Overlord\n|-start|p1a: Kingambit|fallen3|[silent]\n|\n|-damage|p2a: Chaviza|48\/100 brn|[from] brn\n|upkeep\n|turn|17\n|\n|t:|1700692947\n|move|p2a: Chaviza|Reflect|p2a: Chaviza\n|-sidestart|p2: anderproyt|Reflect\n|move|p1a: Kingambit|Brick Break|p2a: Chaviza\n|-sideend|p2: anderproyt|Reflect\n|-damage|p2a: Chaviza|12\/100 brn\n|\n|-damage|p2a: Chaviza|6\/100 brn|[from] brn\n|upkeep\n|turn|18\n|c|\u2606anderproyt|xd\n|c|\u2606anderproyt|tremendo kingambit \n|\n|t:|1700692965\n|-end|p1a: Kingambit|fallen3|[silent]\n|switch|p1a: Alomomola|Alomomola, F, shiny|100\/100 par\n|-activate|p1a: Alomomola|move: Sticky Web\n|-unboost|p1a: Alomomola|spe|1\n|move|p2a: Chaviza|Thunder Wave|p1a: Alomomola\n|-fail|p1a: Alomomola|par\n|\n|-damage|p2a: Chaviza|0 fnt|[from] brn\n|faint|p2a: Chaviza\n|upkeep\n|\n|t:|1700692976\n|switch|p2a: Swellow|Swellow, M|100\/100\n|turn|19\n|\n|t:|1700692989\n|move|p2a: Swellow|Work Up|p2a: Swellow\n|-boost|p2a: Swellow|atk|1\n|-boost|p2a: Swellow|spa|1\n|move|p1a: Alomomola|Scald|p2a: Swellow\n|-damage|p2a: Swellow|67\/100\n|\n|-status|p2a: Swellow|brn|[from] item: Flame Orb\n|upkeep\n|turn|20\n|\n|t:|1700692999\n|cant|p1a: Alomomola|par\n|move|p2a: Swellow|Facade|p1a: Alomomola\n|-damage|p1a: Alomomola|39\/100 par\n|\n|-heal|p1a: Alomomola|45\/100 par|[from] item: Leftovers\n|-damage|p2a: Swellow|61\/100 brn|[from] brn\n|upkeep\n|turn|21\n|c|\u2606anderproyt|xd\n|\n|t:|1700693010\n|switch|p1a: Duraludon|Duraludon, M|100\/100\n|-activate|p1a: Duraludon|move: Sticky Web\n|-unboost|p1a: Duraludon|spe|1\n|move|p2a: Swellow|Roost|p2a: Swellow\n|-heal|p2a: Swellow|100\/100 brn\n|-singleturn|p2a: Swellow|move: Roost\n|\n|-damage|p2a: Swellow|94\/100 brn|[from] brn\n|upkeep\n|turn|22\n|\n|t:|1700693019\n|detailschange|p1a: Duraludon|Duraludon-Mega, M\n|-mega|p1a: Duraludon|Duraludon|Duraludonite\n|move|p2a: Swellow|Facade|p1a: Duraludon\n|-resisted|p1a: Duraludon\n|-damage|p1a: Duraludon|54\/100\n|move|p1a: Duraludon|Thunderbolt|p2a: Swellow\n|-supereffective|p2a: Swellow\n|-damage|p2a: Swellow|0 fnt\n|faint|p2a: Swellow\n|\n|upkeep\n|\n|t:|1700693032\n|switch|p2a: HAKAI|Gorebyss, M|100\/100\n|turn|23\n|\n|t:|1700693035\n|move|p2a: HAKAI|Shell Smash|p2a: HAKAI\n|-unboost|p2a: HAKAI|def|1\n|-unboost|p2a: HAKAI|spd|1\n|-boost|p2a: HAKAI|atk|2\n|-boost|p2a: HAKAI|spa|2\n|-boost|p2a: HAKAI|spe|2\n|-enditem|p2a: HAKAI|White Herb\n|-clearnegativeboost|p2a: HAKAI|[silent]\n|move|p1a: Duraludon|Thunderbolt|p2a: HAKAI\n|-supereffective|p2a: HAKAI\n|-damage|p2a: HAKAI|0 fnt\n|faint|p2a: HAKAI\n|\n|upkeep\n|c|\u2606anderproyt|f\n|c|\u2606anderproyt|esperaba aguantar mas\n|\n|t:|1700693051\n|switch|p2a: Diancie|Diancie-Mega|23\/100\n|turn|24\n|\n|t:|1700693055\n|move|p2a: Diancie|Moonblast|p1a: Duraludon\n|-damage|p1a: Duraludon|0 fnt\n|faint|p1a: Duraludon\n|\n|upkeep\n|\n|t:|1700693059\n|switch|p1a: Alomomola|Alomomola, F, shiny|79\/100 par\n|-activate|p1a: Alomomola|move: Sticky Web\n|-unboost|p1a: Alomomola|spe|1\n|turn|25\n|\n|t:|1700693065\n|move|p2a: Diancie|Moonblast|p1a: Alomomola\n|-damage|p1a: Alomomola|13\/100 par\n|move|p1a: Alomomola|Scald|p2a: Diancie\n|-supereffective|p2a: Diancie\n|-damage|p2a: Diancie|0 fnt\n|faint|p2a: Diancie\n|\n|win|oscar3ro\n|c|\u2606oscar3ro|Gg\n|c|\u2606anderproyt|gg\n","uploadtime":1700693074,"views":2,"p1id":"oscar3ro","p2id":"anderproyt","formatid":"gen9ubers","rating":0,"private":0,"password":""}