{"id":"radicalred-gen9ubers-542849","p1":"TobyTheBoss64","p2":"ANinjaDude","format":"[Gen 9] Ubers","log":"|j|\u2606TobyTheBoss64\n|j|\u2606ANinjaDude\n|t:|1699216495\n|gametype|singles\n|player|p1|TobyTheBoss64|tobytheboss.png|\n|player|p2|ANinjaDude|101|\n|teamsize|p1|6\n|teamsize|p2|6\n|gen|9\n|tier|[Gen 9] Ubers\n|rule|Sleep Clause Mod: Limit one foe put to sleep\n|rule|Species Clause: Limit one of each Pok\u00e9mon\n|rule|OHKO Clause: OHKO moves are banned\n|rule|Evasion Abilities Clause: Evasion abilities are banned\n|rule|Evasion Items Clause: Evasion items are banned\n|rule|Evasion Moves Clause: Evasion moves are banned\n|rule|Endless Battle Clause: Forcing endless battles is banned\n|rule|HP Percentage Mod: HP is shown in percentages\n|rule|Dynamax Clause: You cannot dynamax\n|rule|Mega Rayquaza Clause: You cannot mega evolve Rayquaza\n|clearpoke\n|poke|p1|Slurpuff, M|\n|poke|p1|Pinsir, M|\n|poke|p1|Groudon|\n|poke|p1|Arceus|\n|poke|p1|Marshadow|\n|poke|p1|Zacian-*|\n|poke|p2|Eternatus|\n|poke|p2|Sableye, F|\n|poke|p2|Ho-Oh|\n|poke|p2|Arceus-Fairy|\n|poke|p2|Necrozma-Dusk-Mane|\n|poke|p2|Toxapex, M|\n|teampreview\n|c|\u2606ANinjaDude|glhf\n|c|\u2606TobyTheBoss64|u2\n|\n|t:|1699216535\n|start\n|switch|p1a: Slurpuff|Slurpuff, M|100\/100\n|switch|p2a: Necrozma|Necrozma-Dusk-Mane|100\/100\n|turn|1\n|\n|t:|1699216545\n|move|p1a: Slurpuff|Magic Coat|p1a: Slurpuff\n|-singleturn|p1a: Slurpuff|move: Magic Coat\n|move|p2a: Necrozma|Stealth Rock|p1a: Slurpuff\n|move|p1a: Slurpuff|Stealth Rock|p2a: Necrozma|[from]Magic Coat\n|-sidestart|p2: ANinjaDude|move: Stealth Rock\n|\n|upkeep\n|turn|2\n|\n|t:|1699216547\n|move|p1a: Slurpuff|Sticky Web|p2a: Necrozma\n|-sidestart|p2: ANinjaDude|move: Sticky Web\n|move|p2a: Necrozma|Stealth Rock|p1a: Slurpuff\n|-sidestart|p1: TobyTheBoss64|move: Stealth Rock\n|\n|upkeep\n|turn|3\n|\n|t:|1699216552\n|move|p1a: Slurpuff|Yawn|p2a: Necrozma\n|-start|p2a: Necrozma|move: Yawn|[of] p1a: Slurpuff\n|move|p2a: Necrozma|Iron Head|p1a: Slurpuff\n|-supereffective|p1a: Slurpuff\n|-enditem|p1a: Slurpuff|Focus Sash\n|-damage|p1a: Slurpuff|1\/100\n|\n|upkeep\n|turn|4\n|\n|t:|1699216556\n|switch|p2a: Ho-Oh|Ho-Oh|100\/100\n|move|p1a: Slurpuff|Misty Explosion|p2a: Ho-Oh\n|-resisted|p2a: Ho-Oh\n|-damage|p2a: Ho-Oh|85\/100\n|faint|p1a: Slurpuff\n|\n|upkeep\n|j| Major Something\n|\n|t:|1699216577\n|switch|p1a: Groudon|Groudon, shiny|100\/100\n|-damage|p1a: Groudon|94\/100|[from] Stealth Rock\n|detailschange|p1a: Groudon|Groudon-Primal, shiny\n|-primal|p1a: Groudon|Red Orb\n|-weather|DesolateLand|[from] ability: Desolate Land|[of] p1a: Groudon\n|turn|5\n|j| Razorgliscor472\n|\n|t:|1699216618\n|switch|p2a: Toxapex|Toxapex, M|100\/100\n|-damage|p2a: Toxapex|88\/100|[from] Stealth Rock\n|-activate|p2a: Toxapex|move: Sticky Web\n|-unboost|p2a: Toxapex|spe|1\n|move|p1a: Groudon|Stone Edge|p2a: Toxapex\n|-damage|p2a: Toxapex|59\/100\n|\n|-weather|DesolateLand|[upkeep]\n|-heal|p2a: Toxapex|65\/100|[from] item: Black Sludge\n|upkeep\n|turn|6\n|\n|t:|1699216629\n|move|p2a: Toxapex|Baneful Bunker|p2a: Toxapex\n|-singleturn|p2a: Toxapex|move: Protect\n|move|p1a: Groudon|Precipice Blades|p2a: Toxapex\n|-activate|p2a: Toxapex|move: Protect\n|\n|-weather|DesolateLand|[upkeep]\n|-heal|p2a: Toxapex|72\/100|[from] item: Black Sludge\n|upkeep\n|turn|7\n|\n|t:|1699216637\n|move|p1a: Groudon|Precipice Blades|p2a: Toxapex\n|-supereffective|p2a: Toxapex\n|-damage|p2a: Toxapex|0 fnt\n|faint|p2a: Toxapex\n|\n|-weather|DesolateLand|[upkeep]\n|upkeep\n|\n|t:|1699216640\n|switch|p2a: Arceus|Arceus-Fairy|100\/100\n|-damage|p2a: Arceus|88\/100|[from] Stealth Rock\n|-activate|p2a: Arceus|move: Sticky Web\n|-unboost|p2a: Arceus|spe|1\n|turn|8\n|\n|t:|1699216646\n|move|p1a: Groudon|Swords Dance|p1a: Groudon\n|-boost|p1a: Groudon|atk|2\n|move|p2a: Arceus|Earth Power|p1a: Groudon\n|-supereffective|p1a: Groudon\n|-damage|p1a: Groudon|46\/100\n|\n|-weather|DesolateLand|[upkeep]\n|upkeep\n|turn|9\n|\n|t:|1699216651\n|move|p1a: Groudon|Heat Crash|p2a: Arceus\n|-damage|p2a: Arceus|15\/100\n|move|p2a: Arceus|Earth Power|p1a: Groudon\n|-supereffective|p1a: Groudon\n|-damage|p1a: Groudon|0 fnt\n|faint|p1a: Groudon\n|-weather|none\n|\n|upkeep\n|c|\u2606ANinjaDude|i just realised you're 5 physical attackers lol\n|\n|t:|1699216677\n|switch|p1a: Zacian|Zacian-Crowned|100\/100\n|-damage|p1a: Zacian|95\/100|[from] Stealth Rock\n|-ability|p1a: Zacian|Intrepid Sword|boost\n|-boost|p1a: Zacian|atk|1\n|turn|10\n|c| Razorgliscor472|Thats not terrible\n|c|\u2606ANinjaDude|really glad i didnt bring blissey\n|\n|t:|1699216694\n|move|p1a: Zacian|Swords Dance|p1a: Zacian\n|-boost|p1a: Zacian|atk|2\n|move|p2a: Arceus|Will-O-Wisp|p1a: Zacian\n|-status|p1a: Zacian|brn\n|\n|-damage|p1a: Zacian|89\/100 brn|[from] brn\n|upkeep\n|turn|11\n|c| Razorgliscor472|Blissey is dicks\n|c| Razorgliscor472|Especially off Stall\n|\n|t:|1699216705\n|move|p1a: Zacian|Swords Dance|p1a: Zacian\n|-boost|p1a: Zacian|atk|2\n|move|p2a: Arceus|Earth Power|p1a: Zacian\n|-supereffective|p1a: Zacian\n|-damage|p1a: Zacian|44\/100 brn\n|\n|-damage|p1a: Zacian|38\/100 brn|[from] brn\n|upkeep\n|turn|12\n|\n|t:|1699216708\n|move|p1a: Zacian|Behemoth Blade|p2a: Arceus\n|-supereffective|p2a: Arceus\n|-damage|p2a: Arceus|0 fnt\n|faint|p2a: Arceus\n|\n|-damage|p1a: Zacian|32\/100 brn|[from] brn\n|upkeep\n|\n|t:|1699216712\n|switch|p2a: Ho-Oh|Ho-Oh|100\/100\n|turn|13\n|\n|t:|1699216718\n|switch|p2a: Eternatus|Eternatus|100\/100\n|-damage|p2a: Eternatus|88\/100|[from] Stealth Rock\n|-activate|p2a: Eternatus|move: Sticky Web\n|-unboost|p2a: Eternatus|spe|1\n|-ability|p2a: Eternatus|Pressure\n|move|p1a: Zacian|Wild Charge|p2a: Eternatus\n|-resisted|p2a: Eternatus\n|-damage|p2a: Eternatus|65\/100\n|-damage|p1a: Zacian|24\/100 brn|[from] Recoil\n|\n|-heal|p2a: Eternatus|71\/100|[from] item: Black Sludge\n|-damage|p1a: Zacian|18\/100 brn|[from] brn\n|upkeep\n|turn|14\n|\n|t:|1699216739\n|move|p1a: Zacian|Behemoth Blade|p2a: Eternatus\n|-damage|p2a: Eternatus|0 fnt\n|faint|p2a: Eternatus\n|\n|-damage|p1a: Zacian|12\/100 brn|[from] brn\n|upkeep\n|\n|t:|1699216743\n|switch|p2a: Necrozma|Necrozma-Dusk-Mane|100\/100\n|-activate|p2a: Necrozma|move: Sticky Web\n|-unboost|p2a: Necrozma|spe|1\n|-damage|p2a: Necrozma|94\/100|[from] Stealth Rock\n|turn|15\n|\n|t:|1699216748\n|move|p1a: Zacian|Wild Charge|p2a: Necrozma\n|-damage|p2a: Necrozma|64\/100\n|-damage|p1a: Zacian|4\/100 brn|[from] Recoil\n|move|p2a: Necrozma|Morning Sun|p2a: Necrozma\n|-heal|p2a: Necrozma|100\/100\n|\n|-damage|p1a: Zacian|0 fnt|[from] brn\n|faint|p1a: Zacian\n|upkeep\n|\n|t:|1699216762\n|switch|p1a: Marshadow|Marshadow|100\/100\n|-damage|p1a: Marshadow|94\/100|[from] Stealth Rock\n|turn|16\n|\n|t:|1699216769\n|move|p1a: Marshadow|Bulk Up|p1a: Marshadow\n|-boost|p1a: Marshadow|atk|1\n|-boost|p1a: Marshadow|def|1\n|move|p2a: Necrozma|Iron Head|p1a: Marshadow\n|-crit|p1a: Marshadow\n|-damage|p1a: Marshadow|15\/100\n|\n|upkeep\n|turn|17\n|c|\u2606ANinjaDude|unfortunate\n|\n|t:|1699216778\n|move|p1a: Marshadow|Spectral Thief|p2a: Necrozma\n|-supereffective|p2a: Necrozma\n|-damage|p2a: Necrozma|44\/100\n|move|p2a: Necrozma|Toxic|p1a: Marshadow\n|-status|p1a: Marshadow|tox\n|\n|-heal|p2a: Necrozma|50\/100|[from] item: Leftovers\n|-damage|p1a: Marshadow|9\/100 tox|[from] psn\n|upkeep\n|turn|18\n|j| 00Coosm0\n|\n|t:|1699216788\n|switch|p2a: Ho-Oh|Ho-Oh|100\/100\n|-zpower|p1a: Marshadow\n|move|p1a: Marshadow|Soul-Stealing 7-Star Strike|p2a: Ho-Oh|[zeffect]\n|-damage|p2a: Ho-Oh|0 fnt\n|faint|p2a: Ho-Oh\n|\n|-damage|p1a: Marshadow|0 fnt|[from] psn\n|faint|p1a: Marshadow\n|upkeep\n|c|\u2606ANinjaDude|unfortunate\n|\n|t:|1699216804\n|switch|p1a: Pinsir|Pinsir, M|100\/100\n|switch|p2a: Sableye|Sableye, F|100\/100\n|-damage|p1a: Pinsir|76\/100|[from] Stealth Rock\n|-damage|p2a: Sableye|88\/100|[from] Stealth Rock\n|-activate|p2a: Sableye|move: Sticky Web\n|-unboost|p2a: Sableye|spe|1\n|-item|p1a: Pinsir|Pinsirite|[from] ability: Frisk|[of] p2a: Sableye|[identify]\n|turn|19\n|j| Storm_WaterTime\n|\n|t:|1699216819\n|detailschange|p1a: Pinsir|Pinsir-Mega, M\n|-mega|p1a: Pinsir|Pinsir|Pinsirite\n|detailschange|p2a: Sableye|Sableye-Mega, F\n|-mega|p2a: Sableye|Sableye|Sablenite\n|move|p1a: Pinsir|Extreme Speed|p2a: Sableye\n|-damage|p2a: Sableye|25\/100\n|move|p2a: Sableye|Will-O-Wisp|p1a: Pinsir\n|-status|p1a: Pinsir|brn\n|\n|-damage|p1a: Pinsir|70\/100 brn|[from] brn\n|upkeep\n|turn|20\n|\n|t:|1699216833\n|switch|p2a: Necrozma|Necrozma-Dusk-Mane|50\/100\n|-damage|p2a: Necrozma|44\/100|[from] Stealth Rock\n|-activate|p2a: Necrozma|move: Sticky Web\n|-unboost|p2a: Necrozma|spe|1\n|move|p1a: Pinsir|Double-Edge|p2a: Necrozma\n|-resisted|p2a: Necrozma\n|-damage|p2a: Necrozma|31\/100\n|-damage|p1a: Pinsir|64\/100 brn|[from] Recoil\n|\n|-heal|p2a: Necrozma|37\/100|[from] item: Leftovers\n|-damage|p1a: Pinsir|58\/100 brn|[from] brn\n|upkeep\n|turn|21\n|\n|t:|1699216842\n|move|p1a: Pinsir|Swords Dance|p1a: Pinsir\n|-boost|p1a: Pinsir|atk|2\n|move|p2a: Necrozma|Morning Sun|p2a: Necrozma\n|-heal|p2a: Necrozma|87\/100\n|\n|-heal|p2a: Necrozma|93\/100|[from] item: Leftovers\n|-damage|p1a: Pinsir|51\/100 brn|[from] brn\n|upkeep\n|turn|22\n|\n|t:|1699216851\n|move|p1a: Pinsir|Earthquake|p2a: Necrozma\n|-supereffective|p2a: Necrozma\n|-damage|p2a: Necrozma|59\/100\n|move|p2a: Necrozma|Iron Head|p1a: Pinsir\n|-damage|p1a: Pinsir|13\/100 brn\n|\n|-heal|p2a: Necrozma|65\/100|[from] item: Leftovers\n|-damage|p1a: Pinsir|7\/100 brn|[from] brn\n|upkeep\n|turn|23\n|\n|t:|1699216854\n|move|p1a: Pinsir|Earthquake|p2a: Necrozma\n|-supereffective|p2a: Necrozma\n|-damage|p2a: Necrozma|33\/100\n|move|p2a: Necrozma|Morning Sun|p2a: Necrozma\n|-heal|p2a: Necrozma|83\/100\n|\n|-heal|p2a: Necrozma|89\/100|[from] item: Leftovers\n|-damage|p1a: Pinsir|0 fnt|[from] brn\n|faint|p1a: Pinsir\n|upkeep\n|\n|t:|1699216857\n|switch|p1a: Arceus|Arceus|100\/100\n|-damage|p1a: Arceus|88\/100|[from] Stealth Rock\n|turn|24\n|\n|t:|1699216866\n|move|p1a: Arceus|Swords Dance|p1a: Arceus\n|-boost|p1a: Arceus|atk|2\n|move|p2a: Necrozma|Toxic|p1a: Arceus\n|-status|p1a: Arceus|tox\n|\n|-heal|p2a: Necrozma|95\/100|[from] item: Leftovers\n|-damage|p1a: Arceus|82\/100 tox|[from] psn\n|upkeep\n|turn|25\n|j| BraxGrifRow\n|c|\u2606ANinjaDude|i do like your pfp btw\n|c|\u2606TobyTheBoss64|thx\n|\n|t:|1699216971\n|move|p1a: Arceus|Swords Dance|p1a: Arceus\n|-boost|p1a: Arceus|atk|2\n|move|p2a: Necrozma|Iron Head|p1a: Arceus\n|-crit|p1a: Arceus\n|-damage|p1a: Arceus|43\/100 tox\n|\n|-heal|p2a: Necrozma|100\/100|[from] item: Leftovers\n|-damage|p1a: Arceus|31\/100 tox|[from] psn\n|upkeep\n|turn|26\n|c| Razorgliscor472|Thats game\n|\n|t:|1699216981\n|move|p1a: Arceus|Earthquake|p2a: Necrozma\n|-supereffective|p2a: Necrozma\n|-damage|p2a: Necrozma|17\/100\n|move|p2a: Necrozma|Morning Sun|p2a: Necrozma\n|-heal|p2a: Necrozma|67\/100\n|\n|-heal|p2a: Necrozma|73\/100|[from] item: Leftovers\n|-damage|p1a: Arceus|13\/100 tox|[from] psn\n|upkeep\n|turn|27\n|\n|t:|1699216984\n|move|p1a: Arceus|Earthquake|p2a: Necrozma\n|-supereffective|p2a: Necrozma\n|-damage|p2a: Necrozma|0 fnt\n|faint|p2a: Necrozma\n|\n|-damage|p1a: Arceus|0 fnt|[from] psn\n|faint|p1a: Arceus\n|\n|win|ANinjaDude\n|upkeep\n|c|\u2606ANinjaDude|ggs\n|c| Razorgliscor472|Sold\n|c|\u2606TobyTheBoss64|gg\n|l| 00Coosm0\n|l|\u2606ANinjaDude\n|c| Razorgliscor472|Actually didnt matter\n|l| Storm_WaterTime\n|l| Razorgliscor472\n|j| FuwawA\u272fAbyssgarD\n|l| FuwawA\u272fAbyssgarD\n|l| Major Something\n","uploadtime":1699216992,"views":17,"p1id":"tobytheboss64","p2id":"aninjadude","formatid":"gen9ubers","rating":0,"private":0,"password":""}