{"id":"radicalred-gen9ubers-546041","p1":"axelzzz09","p2":"s0rianchez","format":"[Gen 9] Ubers","log":"|j|\u2606axelzzz09\n|j|\u2606s0rianchez\n|t:|1699904443\n|gametype|singles\n|player|p1|axelzzz09|rr-sneasler|\n|player|p2|s0rianchez|rr-tyranitar|\n|teamsize|p1|6\n|teamsize|p2|6\n|gen|9\n|tier|[Gen 9] Ubers\n|rule|Sleep Clause Mod: Limit one foe put to sleep\n|rule|Species Clause: Limit one of each Pok\u00e9mon\n|rule|OHKO Clause: OHKO moves are banned\n|rule|Evasion Abilities Clause: Evasion abilities are banned\n|rule|Evasion Items Clause: Evasion items are banned\n|rule|Evasion Moves Clause: Evasion moves are banned\n|rule|Endless Battle Clause: Forcing endless battles is banned\n|rule|HP Percentage Mod: HP is shown in percentages\n|rule|Dynamax Clause: You cannot dynamax\n|rule|Mega Rayquaza Clause: You cannot mega evolve Rayquaza\n|clearpoke\n|poke|p1|Machamp, F|\n|poke|p1|Samurott-Hisui, F|\n|poke|p1|Garchomp, M|\n|poke|p1|Ceruledge, M|\n|poke|p1|Volcarona, M|\n|poke|p1|Sneasler, M|\n|poke|p2|Diancie|\n|poke|p2|Meowscarada, F|\n|poke|p2|Tyranitar, M|\n|poke|p2|Noivern-Sevii, F|\n|poke|p2|Decidueye-Hisui, M|\n|poke|p2|Roserade, M|\n|teampreview\n|c|\u2606axelzzz09|buen suerte\n|c|\u2606s0rianchez|igualmente\n|inactive|Battle timer is ON: inactive players will automatically lose when time's up. (requested by s0rianchez)\n|\n|t:|1699904484\n|start\n|switch|p1a: Volcarona|Volcarona, M|100\/100\n|switch|p2a: Tyranitar|Tyranitar, M, shiny|100\/100\n|-weather|Sandstorm|[from] ability: Sand Stream|[of] p2a: Tyranitar\n|turn|1\n|\n|t:|1699904495\n|move|p1a: Volcarona|Bug Buzz|p2a: Tyranitar\n|-supereffective|p2a: Tyranitar\n|-damage|p2a: Tyranitar|28\/100\n|-enditem|p2a: Tyranitar|Weakness Policy\n|-boost|p2a: Tyranitar|atk|2|[from] item: Weakness Policy\n|-boost|p2a: Tyranitar|spa|2|[from] item: Weakness Policy\n|move|p2a: Tyranitar|Rock Polish|p2a: Tyranitar\n|-boost|p2a: Tyranitar|spe|2\n|\n|-weather|Sandstorm|[upkeep]\n|-damage|p1a: Volcarona|94\/100|[from] Sandstorm\n|upkeep\n|turn|2\n|\n|t:|1699904507\n|move|p2a: Tyranitar|Stone Edge|p1a: Volcarona\n|-supereffective|p1a: Volcarona\n|-crit|p1a: Volcarona\n|-damage|p1a: Volcarona|0 fnt\n|faint|p1a: Volcarona\n|\n|-weather|Sandstorm|[upkeep]\n|upkeep\n|\n|t:|1699904515\n|switch|p1a: Machamp|Machamp, F|100\/100\n|turn|3\n|\n|t:|1699904533\n|detailschange|p1a: Machamp|Machamp-Mega, F\n|-mega|p1a: Machamp|Machamp|Machampite\n|move|p1a: Machamp|Mach Punch|p2a: Tyranitar\n|-supereffective|p2a: Tyranitar\n|-damage|p2a: Tyranitar|0 fnt\n|faint|p2a: Tyranitar\n|-hitcount|p2: Tyranitar|1\n|\n|-weather|Sandstorm|[upkeep]\n|-damage|p1a: Machamp|95\/100|[from] Sandstorm\n|upkeep\n|inactive|s0rianchez has 270 seconds left.\n|\n|t:|1699904566\n|switch|p2a: Roserade|Roserade, M|100\/100\n|turn|4\n|\n|t:|1699904575\n|switch|p1a: Sneasler|Sneasler, M|100\/100\n|move|p2a: Roserade|Mega Drain|p1a: Sneasler\n|-resisted|p1a: Sneasler\n|-damage|p1a: Sneasler|64\/100\n|\n|-weather|Sandstorm|[upkeep]\n|-damage|p2a: Roserade|94\/100|[from] Sandstorm\n|-damage|p1a: Sneasler|58\/100|[from] Sandstorm\n|upkeep\n|turn|5\n|\n|t:|1699904583\n|move|p2a: Roserade|Mega Drain|p1a: Sneasler\n|-resisted|p1a: Sneasler\n|-damage|p1a: Sneasler|21\/100\n|-heal|p2a: Roserade|100\/100|[from] drain|[of] p1a: Sneasler\n|-enditem|p1a: Sneasler|Sitrus Berry|[eat]\n|-heal|p1a: Sneasler|46\/100|[from] item: Sitrus Berry\n|move|p1a: Sneasler|Swords Dance|p1a: Sneasler\n|-boost|p1a: Sneasler|atk|2\n|\n|-weather|none\n|upkeep\n|turn|6\n|inactive|s0rianchez has 270 seconds left.\n|\n|t:|1699904599\n|switch|p2a: Decidueye|Decidueye-Hisui, M|100\/100\n|move|p1a: Sneasler|Earthquake|p2a: Decidueye\n|-resisted|p2a: Decidueye\n|-damage|p2a: Decidueye|66\/100\n|\n|-heal|p2a: Decidueye|72\/100|[from] item: Leftovers\n|upkeep\n|turn|7\n|inactive|s0rianchez has 270 seconds left.\n|\n|t:|1699904611\n|move|p1a: Sneasler|Dire Claw|p2a: Decidueye\n|-supereffective|p2a: Decidueye\n|-damage|p2a: Decidueye|0 fnt\n|faint|p2a: Decidueye\n|\n|upkeep\n|inactive|s0rianchez has 270 seconds left.\n|\n|t:|1699904617\n|switch|p2a: Roserade|Roserade, M|100\/100\n|turn|8\n|c|\u2606axelzzz09|inburden\n|\n|t:|1699904620\n|move|p1a: Sneasler|Earthquake|p2a: Roserade\n|-damage|p2a: Roserade|0 fnt\n|faint|p2a: Roserade\n|\n|upkeep\n|\n|t:|1699904625\n|switch|p2a: Noivern-Sevii|Noivern-Sevii, F|100\/100\n|turn|9\n|\n|t:|1699904630\n|move|p1a: Sneasler|Earthquake|p2a: Noivern-Sevii\n|-supereffective|p2a: Noivern-Sevii\n|-ability|p2a: Noivern-Sevii|Sturdy\n|-damage|p2a: Noivern-Sevii|1\/100\n|move|p2a: Noivern-Sevii|Dragon Dance|p2a: Noivern-Sevii\n|-boost|p2a: Noivern-Sevii|atk|1\n|-boost|p2a: Noivern-Sevii|spe|1\n|\n|upkeep\n|turn|10\n|\n|t:|1699904639\n|move|p1a: Sneasler|Darkest Lariat|p2a: Noivern-Sevii\n|-supereffective|p2a: Noivern-Sevii\n|-damage|p2a: Noivern-Sevii|0 fnt\n|faint|p2a: Noivern-Sevii\n|\n|upkeep\n|\n|t:|1699904649\n|switch|p2a: Diancie|Diancie|100\/100\n|turn|11\n|\n|t:|1699904654\n|detailschange|p2a: Diancie|Diancie-Mega\n|-mega|p2a: Diancie|Diancie|Diancite\n|move|p1a: Sneasler|Earthquake|p2a: Diancie\n|-supereffective|p2a: Diancie\n|-damage|p2a: Diancie|0 fnt\n|faint|p2a: Diancie\n|\n|upkeep\n|\n|t:|1699904659\n|switch|p2a: Meowscarada|Meowscarada, F, shiny|100\/100\n|turn|12\n|\n|t:|1699904667\n|move|p1a: Sneasler|Dire Claw|p2a: Meowscarada\n|-supereffective|p2a: Meowscarada\n|-damage|p2a: Meowscarada|0 fnt\n|faint|p2a: Meowscarada\n|\n|win|axelzzz09\n|c|\u2606s0rianchez|gg\n|c|\u2606axelzzz09|buena pelea\n","uploadtime":1699904675,"views":16,"p1id":"axelzzz09","p2id":"s0rianchez","formatid":"gen9ubers","rating":0,"private":0,"password":""}