{"id":"radicalred-gen9ubers-542851","p1":"TobyTheBoss64","p2":"ANinjaDude","format":"[Gen 9] Ubers","log":"|j|\u2606TobyTheBoss64\n|j|\u2606ANinjaDude\n|t:|1699217023\n|gametype|singles\n|player|p1|TobyTheBoss64|tobytheboss.png|\n|player|p2|ANinjaDude|101|\n|teamsize|p1|6\n|teamsize|p2|6\n|gen|9\n|tier|[Gen 9] Ubers\n|rule|Sleep Clause Mod: Limit one foe put to sleep\n|rule|Species Clause: Limit one of each Pok\u00e9mon\n|rule|OHKO Clause: OHKO moves are banned\n|rule|Evasion Abilities Clause: Evasion abilities are banned\n|rule|Evasion Items Clause: Evasion items are banned\n|rule|Evasion Moves Clause: Evasion moves are banned\n|rule|Endless Battle Clause: Forcing endless battles is banned\n|rule|HP Percentage Mod: HP is shown in percentages\n|rule|Dynamax Clause: You cannot dynamax\n|rule|Mega Rayquaza Clause: You cannot mega evolve Rayquaza\n|clearpoke\n|poke|p1|Samurott-Hisui, M|\n|poke|p1|Xerneas-*|\n|poke|p1|Groudon|\n|poke|p1|Shaymin-Sky|\n|poke|p1|Zacian-*|\n|poke|p1|Arceus|\n|poke|p2|Eternatus|\n|poke|p2|Sableye, F|\n|poke|p2|Ho-Oh|\n|poke|p2|Arceus-Fairy|\n|poke|p2|Necrozma-Dusk-Mane|\n|poke|p2|Toxapex, F|\n|teampreview\n|c|\u2606ANinjaDude|glhf\n|c|\u2606TobyTheBoss64|u2\n|\n|t:|1699217040\n|start\n|switch|p1a: Samurott|Samurott-Hisui, M|100\/100\n|switch|p2a: Necrozma|Necrozma-Dusk-Mane|100\/100\n|turn|1\n|\n|t:|1699217050\n|move|p1a: Samurott|Taunt|p2a: Necrozma\n|-start|p2a: Necrozma|move: Taunt\n|move|p2a: Necrozma|Iron Head|p1a: Samurott\n|-resisted|p1a: Samurott\n|-damage|p1a: Samurott|76\/100\n|\n|upkeep\n|turn|2\n|\n|t:|1699217065\n|switch|p2a: Arceus|Arceus-Fairy|100\/100\n|move|p1a: Samurott|Ceaseless Edge|p2a: Arceus\n|-resisted|p2a: Arceus\n|-damage|p2a: Arceus|90\/100\n|-sidestart|p2: ANinjaDude|Spikes\n|\n|upkeep\n|turn|3\n|\n|t:|1699217070\n|move|p1a: Samurott|Ceaseless Edge|p2a: Arceus\n|-resisted|p2a: Arceus\n|-damage|p2a: Arceus|80\/100\n|-sidestart|p2: ANinjaDude|Spikes\n|move|p2a: Arceus|Stealth Rock|p1a: Samurott\n|-sidestart|p1: TobyTheBoss64|move: Stealth Rock\n|\n|upkeep\n|turn|4\n|\n|t:|1699217076\n|move|p1a: Samurott|Encore|p2a: Arceus\n|-start|p2a: Arceus|Encore\n|move|p2a: Arceus|Stealth Rock||[still]\n|-fail|p2a: Arceus\n|\n|upkeep\n|turn|5\n|\n|t:|1699217081\n|switch|p2a: Ho-Oh|Ho-Oh|100\/100\n|move|p1a: Samurott|Ceaseless Edge|p2a: Ho-Oh\n|-damage|p2a: Ho-Oh|60\/100\n|-sidestart|p2: ANinjaDude|Spikes\n|\n|upkeep\n|turn|6\n|\n|t:|1699217088\n|switch|p2a: Toxapex|Toxapex, F|100\/100\n|-damage|p2a: Toxapex|75\/100|[from] Spikes\n|move|p1a: Samurott|Taunt|p2a: Toxapex\n|-start|p2a: Toxapex|move: Taunt\n|\n|-heal|p2a: Toxapex|82\/100|[from] item: Black Sludge\n|upkeep\n|turn|7\n|\n|t:|1699217093\n|move|p1a: Samurott|Shell Smash|p1a: Samurott\n|-unboost|p1a: Samurott|def|1\n|-unboost|p1a: Samurott|spd|1\n|-boost|p1a: Samurott|atk|2\n|-boost|p1a: Samurott|spa|2\n|-boost|p1a: Samurott|spe|2\n|move|p2a: Toxapex|Scald|p1a: Samurott\n|-resisted|p1a: Samurott\n|-damage|p1a: Samurott|60\/100\n|-status|p1a: Samurott|brn\n|\n|-heal|p2a: Toxapex|88\/100|[from] item: Black Sludge\n|-damage|p1a: Samurott|54\/100 brn|[from] brn\n|upkeep\n|turn|8\n|\n|t:|1699217097\n|move|p1a: Samurott|Ceaseless Edge|p2a: Toxapex\n|-damage|p2a: Toxapex|64\/100\n|move|p2a: Toxapex|Scald|p1a: Samurott\n|-resisted|p1a: Samurott\n|-damage|p1a: Samurott|37\/100 brn\n|\n|-heal|p2a: Toxapex|70\/100|[from] item: Black Sludge\n|-damage|p1a: Samurott|31\/100 brn|[from] brn\n|-end|p2a: Toxapex|move: Taunt\n|upkeep\n|turn|9\n|\n|t:|1699217109\n|move|p2a: Toxapex|Baneful Bunker|p2a: Toxapex\n|-singleturn|p2a: Toxapex|move: Protect\n|move|p1a: Samurott|Encore|p2a: Toxapex\n|-activate|p2a: Toxapex|move: Protect\n|\n|-heal|p2a: Toxapex|76\/100|[from] item: Black Sludge\n|-damage|p1a: Samurott|25\/100 brn|[from] brn\n|upkeep\n|turn|10\n|\n|t:|1699217119\n|move|p1a: Samurott|Ceaseless Edge|p2a: Toxapex\n|-damage|p2a: Toxapex|48\/100\n|move|p2a: Toxapex|Recover|p2a: Toxapex\n|-heal|p2a: Toxapex|98\/100\n|\n|-heal|p2a: Toxapex|100\/100|[from] item: Black Sludge\n|-damage|p1a: Samurott|19\/100 brn|[from] brn\n|upkeep\n|turn|11\n|\n|t:|1699217129\n|move|p2a: Toxapex|Baneful Bunker|p2a: Toxapex\n|-singleturn|p2a: Toxapex|move: Protect\n|move|p1a: Samurott|Encore|p2a: Toxapex\n|-activate|p2a: Toxapex|move: Protect\n|\n|-damage|p1a: Samurott|13\/100 brn|[from] brn\n|upkeep\n|turn|12\n|\n|t:|1699217147\n|move|p1a: Samurott|Ceaseless Edge|p2a: Toxapex|[miss]\n|-miss|p1a: Samurott|p2a: Toxapex\n|move|p2a: Toxapex|Recover||[still]\n|-fail|p2a: Toxapex|heal\n|\n|-damage|p1a: Samurott|7\/100 brn|[from] brn\n|upkeep\n|turn|13\n|\n|t:|1699217154\n|move|p1a: Samurott|Shell Smash|p1a: Samurott\n|-unboost|p1a: Samurott|def|1\n|-unboost|p1a: Samurott|spd|1\n|-boost|p1a: Samurott|atk|2\n|-boost|p1a: Samurott|spa|2\n|-boost|p1a: Samurott|spe|2\n|move|p2a: Toxapex|Haze|p2a: Toxapex\n|-clearallboost\n|\n|-damage|p1a: Samurott|1\/100 brn|[from] brn\n|upkeep\n|turn|14\n|\n|t:|1699217160\n|move|p2a: Toxapex|Baneful Bunker|p2a: Toxapex\n|-singleturn|p2a: Toxapex|move: Protect\n|move|p1a: Samurott|Encore|p2a: Toxapex\n|-activate|p2a: Toxapex|move: Protect\n|\n|-damage|p1a: Samurott|0 fnt|[from] brn\n|faint|p1a: Samurott\n|upkeep\n|\n|t:|1699217177\n|switch|p1a: Groudon|Groudon|100\/100\n|-damage|p1a: Groudon|94\/100|[from] Stealth Rock\n|detailschange|p1a: Groudon|Groudon-Primal\n|-primal|p1a: Groudon|Red Orb\n|-weather|DesolateLand|[from] ability: Desolate Land|[of] p1a: Groudon\n|turn|15\n|\n|t:|1699217188\n|move|p1a: Groudon|Swords Dance|p1a: Groudon\n|-boost|p1a: Groudon|atk|2\n|move|p2a: Toxapex|Haze|p2a: Toxapex\n|-clearallboost\n|\n|-weather|DesolateLand|[upkeep]\n|upkeep\n|turn|16\n|\n|t:|1699217200\n|switch|p2a: Sableye|Sableye, F|100\/100\n|-damage|p2a: Sableye|75\/100|[from] Spikes\n|-item|p1a: Groudon|Red Orb|[from] ability: Frisk|[of] p2a: Sableye|[identify]\n|move|p1a: Groudon|Swords Dance|p1a: Groudon\n|-boost|p1a: Groudon|atk|2\n|\n|-weather|DesolateLand|[upkeep]\n|upkeep\n|turn|17\n|j| PocketFan25\n|\n|t:|1699217210\n|detailschange|p2a: Sableye|Sableye-Mega, F\n|-mega|p2a: Sableye|Sableye|Sablenite\n|move|p1a: Groudon|Heat Crash|p2a: Sableye\n|-damage|p2a: Sableye|0 fnt\n|faint|p2a: Sableye\n|\n|-weather|DesolateLand|[upkeep]\n|upkeep\n|\n|t:|1699217245\n|switch|p2a: Arceus|Arceus-Fairy|80\/100\n|-damage|p2a: Arceus|55\/100|[from] Spikes\n|turn|18\n|c|\u2606ANinjaDude|p sure im dead\n|\n|t:|1699217257\n|move|p2a: Arceus|Earth Power|p1a: Groudon\n|-supereffective|p1a: Groudon\n|-damage|p1a: Groudon|47\/100\n|move|p1a: Groudon|Rock Polish|p1a: Groudon\n|-boost|p1a: Groudon|spe|2\n|\n|-weather|DesolateLand|[upkeep]\n|upkeep\n|turn|19\n|\n|t:|1699217262\n|move|p1a: Groudon|Heat Crash|p2a: Arceus\n|-damage|p2a: Arceus|0 fnt\n|faint|p2a: Arceus\n|\n|-weather|DesolateLand|[upkeep]\n|upkeep\n|\n|t:|1699217266\n|switch|p2a: Ho-Oh|Ho-Oh|94\/100\n|turn|20\n|\n|t:|1699217269\n|move|p1a: Groudon|Heat Crash|p2a: Ho-Oh\n|-resisted|p2a: Ho-Oh\n|-damage|p2a: Ho-Oh|0 fnt\n|faint|p2a: Ho-Oh\n|\n|-weather|DesolateLand|[upkeep]\n|upkeep\n|c|\u2606ANinjaDude|ggs\n|\n|t:|1699217274\n|switch|p2a: Eternatus|Eternatus|100\/100\n|-damage|p2a: Eternatus|76\/100|[from] Spikes\n|-ability|p2a: Eternatus|Pressure\n|turn|21\n|c|\u2606TobyTheBoss64|gg\n|\n|t:|1699217283\n|move|p1a: Groudon|Precipice Blades|p2a: Eternatus\n|-supereffective|p2a: Eternatus\n|-damage|p2a: Eternatus|0 fnt\n|faint|p2a: Eternatus\n|\n|-weather|DesolateLand|[upkeep]\n|upkeep\n|\n|t:|1699217286\n|switch|p2a: Necrozma|Necrozma-Dusk-Mane|100\/100\n|-damage|p2a: Necrozma|76\/100|[from] Spikes\n|turn|22\n|\n|t:|1699217289\n|move|p1a: Groudon|Heat Crash|p2a: Necrozma\n|-supereffective|p2a: Necrozma\n|-damage|p2a: Necrozma|0 fnt\n|faint|p2a: Necrozma\n|\n|-weather|DesolateLand|[upkeep]\n|upkeep\n|\n|t:|1699217292\n|switch|p2a: Toxapex|Toxapex, F|100\/100\n|-damage|p2a: Toxapex|75\/100|[from] Spikes\n|turn|23\n|j| BraxGrifRow\n|\n|t:|1699217294\n|move|p1a: Groudon|Precipice Blades|p2a: Toxapex\n|-supereffective|p2a: Toxapex\n|-damage|p2a: Toxapex|0 fnt\n|faint|p2a: Toxapex\n|\n|win|TobyTheBoss64\n","uploadtime":1699217299,"views":19,"p1id":"tobytheboss64","p2id":"aninjadude","formatid":"gen9ubers","rating":0,"private":0,"password":""}