{"id":"radicalred-gen9ubers-548322","p1":"oscar3ro","p2":"axelzzz09","format":"[Gen 9] Ubers","log":"|j|\u2606oscar3ro\n|j|\u2606axelzzz09\n|t:|1700326688\n|gametype|singles\n|player|p1|oscar3ro|rr-cinderace|\n|player|p2|axelzzz09|rr-sneasler|\n|teamsize|p1|6\n|teamsize|p2|6\n|gen|9\n|tier|[Gen 9] Ubers\n|rule|Sleep Clause Mod: Limit one foe put to sleep\n|rule|Species Clause: Limit one of each Pok\u00e9mon\n|rule|OHKO Clause: OHKO moves are banned\n|rule|Evasion Abilities Clause: Evasion abilities are banned\n|rule|Evasion Items Clause: Evasion items are banned\n|rule|Evasion Moves Clause: Evasion moves are banned\n|rule|Endless Battle Clause: Forcing endless battles is banned\n|rule|HP Percentage Mod: HP is shown in percentages\n|rule|Dynamax Clause: You cannot dynamax\n|rule|Mega Rayquaza Clause: You cannot mega evolve Rayquaza\n|clearpoke\n|poke|p1|Dodrio-Sevii, M|\n|poke|p1|Ribombee, M|\n|poke|p1|Kingambit, M|\n|poke|p1|Shedinja|\n|poke|p1|Houndoom, F|\n|poke|p1|Starmie|\n|poke|p2|Ceruledge, F|\n|poke|p2|Decidueye, F|\n|poke|p2|Dracovish|\n|poke|p2|Lapras, F|\n|poke|p2|Keldeo-Resolute|\n|poke|p2|Aegislash, F|\n|teampreview\n|c|\u2606axelzzz09|ahora si\n|\n|t:|1700326702\n|start\n|switch|p1a: Ribombee|Ribombee, M|100\/100\n|switch|p2a: Keldeo|Keldeo-Resolute|100\/100\n|turn|1\n|\n|t:|1700326710\n|move|p1a: Ribombee|Moonblast|p2a: Keldeo\n|-supereffective|p2a: Keldeo\n|-damage|p2a: Keldeo|22\/100\n|move|p2a: Keldeo|Air Slash|p1a: Ribombee\n|-supereffective|p1a: Ribombee\n|-enditem|p1a: Ribombee|Focus Sash\n|-damage|p1a: Ribombee|1\/100\n|\n|-heal|p2a: Keldeo|28\/100|[from] item: Leftovers\n|upkeep\n|turn|2\n|\n|t:|1700326721\n|move|p1a: Ribombee|Sticky Web|p2a: Keldeo\n|-sidestart|p2: axelzzz09|move: Sticky Web\n|move|p2a: Keldeo|Air Slash|p1a: Ribombee\n|-supereffective|p1a: Ribombee\n|-damage|p1a: Ribombee|0 fnt\n|faint|p1a: Ribombee\n|\n|-heal|p2a: Keldeo|34\/100|[from] item: Leftovers\n|upkeep\n|\n|t:|1700326735\n|switch|p1a: Dodrio|Dodrio-Sevii, M|100\/100\n|turn|3\n|\n|t:|1700326739\n|move|p1a: Dodrio|Brave Bird|p2a: Keldeo\n|-supereffective|p2a: Keldeo\n|-damage|p2a: Keldeo|0 fnt\n|faint|p2a: Keldeo\n|-damage|p1a: Dodrio|91\/100|[from] item: Life Orb\n|\n|upkeep\n|\n|t:|1700326750\n|switch|p2a: Ceruledge|Ceruledge, F|100\/100\n|-activate|p2a: Ceruledge|move: Sticky Web\n|-unboost|p2a: Ceruledge|spe|1\n|turn|4\n|\n|t:|1700326755\n|move|p1a: Dodrio|Rock Tomb|p2a: Ceruledge\n|-supereffective|p2a: Ceruledge\n|-damage|p2a: Ceruledge|28\/100\n|-unboost|p2a: Ceruledge|spe|1\n|-ability|p2a: Ceruledge|Weak Armor|boost\n|-unboost|p2a: Ceruledge|def|1\n|-boost|p2a: Ceruledge|spe|2\n|-damage|p1a: Dodrio|81\/100|[from] item: Life Orb\n|move|p2a: Ceruledge|Swords Dance|p2a: Ceruledge\n|-boost|p2a: Ceruledge|atk|2\n|\n|upkeep\n|turn|5\n|\n|t:|1700326767\n|move|p2a: Ceruledge|Shadow Sneak|p1a: Dodrio\n|-damage|p1a: Dodrio|0 fnt\n|faint|p1a: Dodrio\n|\n|upkeep\n|\n|t:|1700326770\n|switch|p1a: Shedinja|Shedinja|100\/100\n|turn|6\n|\n|t:|1700326773\n|move|p2a: Ceruledge|Shadow Sneak|p1a: Shedinja\n|-supereffective|p1a: Shedinja\n|-enditem|p1a: Shedinja|Focus Sash\n|-damage|p1a: Shedinja|100\/100\n|move|p1a: Shedinja|Shadow Sneak|p2a: Ceruledge\n|-supereffective|p2a: Ceruledge\n|-damage|p2a: Ceruledge|0 fnt\n|faint|p2a: Ceruledge\n|\n|upkeep\n|\n|t:|1700326793\n|switch|p2a: Aegislash|Aegislash, F|100\/100\n|-activate|p2a: Aegislash|move: Sticky Web\n|-unboost|p2a: Aegislash|spe|1\n|turn|7\n|\n|t:|1700326800\n|move|p1a: Shedinja|Shadow Sneak|p2a: Aegislash\n|-supereffective|p2a: Aegislash\n|-damage|p2a: Aegislash|70\/100\n|-formechange|p2a: Aegislash|Aegislash-Blade||[from] ability: Stance Change\n|move|p2a: Aegislash|Shadow Sneak|p1a: Shedinja\n|-supereffective|p1a: Shedinja\n|-damage|p1a: Shedinja|0 fnt\n|faint|p1a: Shedinja\n|\n|upkeep\n|\n|t:|1700326804\n|switch|p1a: Houndoom|Houndoom, F|100\/100\n|turn|8\n|\n|t:|1700326810\n|detailschange|p1a: Houndoom|Houndoom-Mega, F\n|-mega|p1a: Houndoom|Houndoom|Houndoominite\n|-formechange|p2a: Aegislash|Aegislash||[from] ability: Stance Change\n|move|p2a: Aegislash|King's Shield|p2a: Aegislash\n|-singleturn|p2a: Aegislash|Protect\n|move|p1a: Houndoom|Dark Pulse|p2a: Aegislash\n|-activate|p2a: Aegislash|move: Protect\n|\n|upkeep\n|turn|9\n|\n|t:|1700326820\n|move|p1a: Houndoom|Dark Pulse|p2a: Aegislash\n|-supereffective|p2a: Aegislash\n|-damage|p2a: Aegislash|0 fnt\n|faint|p2a: Aegislash\n|\n|upkeep\n|\n|t:|1700326834\n|switch|p2a: Lapras|Lapras, F|100\/100\n|-activate|p2a: Lapras|move: Sticky Web\n|-unboost|p2a: Lapras|spe|1\n|turn|10\n|\n|t:|1700326844\n|detailschange|p2a: Lapras|Lapras-Mega, F\n|-mega|p2a: Lapras|Lapras|Laprasite\n|move|p1a: Houndoom|Dark Pulse|p2a: Lapras\n|-damage|p2a: Lapras|70\/100\n|move|p2a: Lapras|Boomburst|p1a: Houndoom\n|-supereffective|p1a: Houndoom\n|-damage|p1a: Houndoom|0 fnt\n|faint|p1a: Houndoom\n|\n|upkeep\n|\n|t:|1700326851\n|switch|p1a: Starmie|Starmie|100\/100\n|turn|11\n|\n|t:|1700326854\n|move|p1a: Starmie|Power Gem|p2a: Lapras\n|-damage|p2a: Lapras|53\/100\n|move|p2a: Lapras|Thunderbolt|p1a: Starmie\n|-supereffective|p1a: Starmie\n|-damage|p1a: Starmie|26\/100\n|\n|-heal|p1a: Starmie|33\/100|[from] item: Leftovers\n|upkeep\n|turn|12\n|\n|t:|1700326861\n|move|p1a: Starmie|Power Gem|p2a: Lapras\n|-damage|p2a: Lapras|36\/100\n|move|p2a: Lapras|Thunderbolt|p1a: Starmie\n|-supereffective|p1a: Starmie\n|-damage|p1a: Starmie|0 fnt\n|faint|p1a: Starmie\n|\n|upkeep\n|\n|t:|1700326865\n|switch|p1a: Kingambit|Kingambit, M|100\/100\n|-activate|p1a: Kingambit|ability: Supreme Overlord\n|-start|p1a: Kingambit|fallen5|[silent]\n|turn|13\n|\n|t:|1700326878\n|move|p1a: Kingambit|Sucker Punch|p2a: Lapras\n|-damage|p2a: Lapras|0 fnt\n|faint|p2a: Lapras\n|\n|upkeep\n|\n|t:|1700326884\n|switch|p2a: Decidueye|Decidueye, F|100\/100\n|-activate|p2a: Decidueye|move: Sticky Web\n|-unboost|p2a: Decidueye|spe|1\n|turn|14\n|\n|t:|1700326890\n|move|p2a: Decidueye|Swords Dance|p2a: Decidueye\n|-boost|p2a: Decidueye|atk|2\n|move|p1a: Kingambit|Swords Dance|p1a: Kingambit\n|-boost|p1a: Kingambit|atk|2\n|\n|upkeep\n|turn|15\n|\n|t:|1700326897\n|move|p2a: Decidueye|Shadow Sneak|p1a: Kingambit\n|-resisted|p1a: Kingambit\n|-damage|p1a: Kingambit|65\/100\n|move|p1a: Kingambit|Kowtow Cleave|p2a: Decidueye\n|-supereffective|p2a: Decidueye\n|-damage|p2a: Decidueye|0 fnt\n|faint|p2a: Decidueye\n|\n|-heal|p1a: Kingambit|71\/100|[from] item: Leftovers\n|upkeep\n|\n|t:|1700326905\n|switch|p2a: Dracovish|Dracovish|100\/100\n|-activate|p2a: Dracovish|move: Sticky Web\n|-unboost|p2a: Dracovish|spe|1\n|turn|16\n|\n|t:|1700326915\n|move|p1a: Kingambit|Sucker Punch|p2a: Dracovish\n|-damage|p2a: Dracovish|0 fnt\n|faint|p2a: Dracovish\n|\n|win|oscar3ro\n|c|\u2606oscar3ro|Gg\n","uploadtime":1700326926,"views":11,"p1id":"oscar3ro","p2id":"axelzzz09","formatid":"gen9ubers","rating":0,"private":0,"password":""}