{"id":"radicalred-gen9ubers-549634","p1":"alexisarbolero","p2":"oscar3ro","format":"[Gen 9] Ubers","log":"|j|\u2606alexisarbolero\n|j|\u2606oscar3ro\n|t:|1700604811\n|gametype|singles\n|player|p1|alexisarbolero|rr-espeon|\n|player|p2|oscar3ro|rr-cinderace|\n|teamsize|p1|6\n|teamsize|p2|6\n|gen|9\n|tier|[Gen 9] Ubers\n|rule|Sleep Clause Mod: Limit one foe put to sleep\n|rule|Species Clause: Limit one of each Pok\u00e9mon\n|rule|OHKO Clause: OHKO moves are banned\n|rule|Evasion Abilities Clause: Evasion abilities are banned\n|rule|Evasion Items Clause: Evasion items are banned\n|rule|Evasion Moves Clause: Evasion moves are banned\n|rule|Endless Battle Clause: Forcing endless battles is banned\n|rule|HP Percentage Mod: HP is shown in percentages\n|rule|Dynamax Clause: You cannot dynamax\n|rule|Mega Rayquaza Clause: You cannot mega evolve Rayquaza\n|clearpoke\n|poke|p1|Toxapex, F|\n|poke|p1|Bronzong|\n|poke|p1|Gallade, M|\n|poke|p1|Gyarados, F|\n|poke|p1|Azumarill, M|\n|poke|p1|Slowbro, M|\n|poke|p2|Dodrio-Sevii, M|\n|poke|p2|Ribombee, F|\n|poke|p2|Kingambit, M|\n|poke|p2|Houndoom, F|\n|poke|p2|Starmie|\n|poke|p2|Shedinja|\n|teampreview\n|inactive|Battle timer is ON: inactive players will automatically lose when time's up. (requested by oscar3ro)\n|\n|t:|1700604830\n|start\n|switch|p1a: Toxapex|Toxapex, F|100\/100\n|switch|p2a: Ribombee|Ribombee, F|100\/100\n|turn|1\n|\n|t:|1700604849\n|move|p2a: Ribombee|Sticky Web|p1a: Toxapex\n|-sidestart|p1: alexisarbolero|move: Sticky Web\n|move|p1a: Toxapex|Toxic|p2a: Ribombee\n|-status|p2a: Ribombee|tox\n|\n|-damage|p2a: Ribombee|94\/100 tox|[from] psn\n|upkeep\n|turn|2\n|\n|t:|1700604859\n|switch|p1a: Bronzong|Bronzong|100\/100\n|move|p2a: Ribombee|Psychic|p1a: Bronzong\n|-resisted|p1a: Bronzong\n|-damage|p1a: Bronzong|95\/100\n|\n|-heal|p1a: Bronzong|100\/100|[from] item: Leftovers\n|-damage|p2a: Ribombee|82\/100 tox|[from] psn\n|upkeep\n|turn|3\n|\n|t:|1700604868\n|switch|p2a: Shedinja|Shedinja|100\/100\n|move|p1a: Bronzong|Light Screen|p1a: Bronzong\n|-sidestart|p1: alexisarbolero|move: Light Screen\n|\n|upkeep\n|turn|4\n|\n|t:|1700604875\n|switch|p1a: Toxapex|Toxapex, F|100\/100\n|-activate|p1a: Toxapex|move: Sticky Web\n|-unboost|p1a: Toxapex|spe|1\n|move|p2a: Shedinja|Poltergeist|p1a: Toxapex\n|-activate|p1a: Toxapex|move: Poltergeist|Black Sludge\n|-damage|p1a: Toxapex|63\/100\n|\n|-heal|p1a: Toxapex|69\/100|[from] item: Black Sludge\n|upkeep\n|turn|5\n|\n|t:|1700604893\n|switch|p2a: Kingambit|Kingambit, M|100\/100\n|move|p1a: Toxapex|Toxic|p2a: Kingambit\n|-immune|p2a: Kingambit\n|\n|-heal|p1a: Toxapex|75\/100|[from] item: Black Sludge\n|upkeep\n|turn|6\n|\n|t:|1700604908\n|move|p2a: Kingambit|Brick Break|p1a: Toxapex\n|-sideend|p1: alexisarbolero|move: Light Screen\n|-resisted|p1a: Toxapex\n|-damage|p1a: Toxapex|64\/100\n|move|p1a: Toxapex|Scald|p2a: Kingambit\n|-damage|p2a: Kingambit|84\/100\n|\n|-heal|p2a: Kingambit|90\/100|[from] item: Leftovers\n|-heal|p1a: Toxapex|70\/100|[from] item: Black Sludge\n|upkeep\n|turn|7\n|\n|t:|1700604929\n|-end|p2a: Kingambit|fallenundefined|[silent]\n|switch|p2a: Starmie|Starmie|100\/100\n|switch|p1a: Slowbro|Slowbro, M|100\/100\n|-activate|p1a: Slowbro|move: Sticky Web\n|-unboost|p1a: Slowbro|spe|1\n|\n|upkeep\n|turn|8\n|\n|t:|1700604936\n|move|p2a: Starmie|Thunderbolt|p1a: Slowbro\n|-supereffective|p1a: Slowbro\n|-damage|p1a: Slowbro|53\/100\n|move|p1a: Slowbro|Calm Mind|p1a: Slowbro\n|-boost|p1a: Slowbro|spa|1\n|-boost|p1a: Slowbro|spd|1\n|\n|-heal|p1a: Slowbro|59\/100|[from] item: Leftovers\n|upkeep\n|turn|9\n|\n|t:|1700604947\n|move|p2a: Starmie|Thunderbolt|p1a: Slowbro\n|-supereffective|p1a: Slowbro\n|-damage|p1a: Slowbro|25\/100\n|move|p1a: Slowbro|Rest|p1a: Slowbro\n|-status|p1a: Slowbro|slp|[from] move: Rest\n|-heal|p1a: Slowbro|100\/100 slp|[silent]\n|\n|upkeep\n|turn|10\n|\n|t:|1700604960\n|switch|p2a: Shedinja|Shedinja|100\/100\n|cant|p1a: Slowbro|slp\n|move|p1a: Slowbro|Sleep Talk|p1a: Slowbro\n|move|p1a: Slowbro|Calm Mind|p1a: Slowbro|[from]move: Sleep Talk\n|-boost|p1a: Slowbro|spa|1\n|-boost|p1a: Slowbro|spd|1\n|\n|upkeep\n|turn|11\n|\n|t:|1700604972\n|move|p2a: Shedinja|Swords Dance|p2a: Shedinja\n|-boost|p2a: Shedinja|atk|2\n|cant|p1a: Slowbro|slp\n|move|p1a: Slowbro|Sleep Talk|p1a: Slowbro\n|move|p1a: Slowbro|Calm Mind|p1a: Slowbro|[from]move: Sleep Talk\n|-boost|p1a: Slowbro|spa|1\n|-boost|p1a: Slowbro|spd|1\n|\n|upkeep\n|turn|12\n|\n|t:|1700604980\n|move|p2a: Shedinja|Poltergeist|p1a: Slowbro\n|-activate|p1a: Slowbro|move: Poltergeist|Leftovers\n|-supereffective|p1a: Slowbro\n|-damage|p1a: Slowbro|0 fnt\n|faint|p1a: Slowbro\n|\n|upkeep\n|\n|t:|1700604992\n|switch|p1a: Toxapex|Toxapex, F|100\/100\n|-activate|p1a: Toxapex|move: Sticky Web\n|-unboost|p1a: Toxapex|spe|1\n|turn|13\n|\n|t:|1700604998\n|move|p2a: Shedinja|Poltergeist|p1a: Toxapex\n|-activate|p1a: Toxapex|move: Poltergeist|Black Sludge\n|-damage|p1a: Toxapex|19\/100\n|move|p1a: Toxapex|Haze|p1a: Toxapex\n|-clearallboost\n|\n|-heal|p1a: Toxapex|25\/100|[from] item: Black Sludge\n|upkeep\n|turn|14\n|\n|t:|1700605017\n|switch|p1a: Gallade|Gallade, M|100\/100\n|-activate|p1a: Gallade|move: Sticky Web\n|-unboost|p1a: Gallade|spe|1\n|move|p2a: Shedinja|Poltergeist|p1a: Gallade|[miss]\n|-miss|p2a: Shedinja|p1a: Gallade\n|\n|upkeep\n|turn|15\n|\n|t:|1700605028\n|detailschange|p1a: Gallade|Gallade-Mega, M\n|-mega|p1a: Gallade|Gallade|Galladite\n|move|p1a: Gallade|Psycho Cut|p2a: Shedinja\n|-immune|p2a: Shedinja|[from] ability: Wonder Guard\n|move|p2a: Shedinja|Poltergeist|p1a: Gallade\n|-activate|p1a: Gallade|move: Poltergeist|Galladite\n|-supereffective|p1a: Gallade\n|-damage|p1a: Gallade|0 fnt\n|faint|p1a: Gallade\n|\n|upkeep\n|\n|t:|1700605041\n|switch|p1a: Toxapex|Toxapex, F|59\/100\n|-activate|p1a: Toxapex|move: Sticky Web\n|-unboost|p1a: Toxapex|spe|1\n|turn|16\n|\n|t:|1700605046\n|move|p2a: Shedinja|Poltergeist|p1a: Toxapex\n|-activate|p1a: Toxapex|move: Poltergeist|Black Sludge\n|-damage|p1a: Toxapex|23\/100\n|move|p1a: Toxapex|Recover|p1a: Toxapex\n|-heal|p1a: Toxapex|73\/100\n|\n|-heal|p1a: Toxapex|79\/100|[from] item: Black Sludge\n|upkeep\n|turn|17\n|\n|t:|1700605054\n|switch|p2a: Ribombee|Ribombee, F|82\/100 tox\n|move|p1a: Toxapex|Toxic|p2a: Ribombee\n|-fail|p2a: Ribombee|tox\n|\n|-heal|p1a: Toxapex|86\/100|[from] item: Black Sludge\n|-damage|p2a: Ribombee|76\/100 tox|[from] psn\n|upkeep\n|turn|18\n|\n|t:|1700605069\n|move|p2a: Ribombee|Psychic|p1a: Toxapex\n|-supereffective|p1a: Toxapex\n|-damage|p1a: Toxapex|54\/100\n|move|p1a: Toxapex|Scald|p2a: Ribombee\n|-damage|p2a: Ribombee|49\/100 tox\n|\n|-heal|p1a: Toxapex|60\/100|[from] item: Black Sludge\n|-damage|p2a: Ribombee|36\/100 tox|[from] psn\n|upkeep\n|turn|19\n|\n|t:|1700605080\n|switch|p1a: Bronzong|Bronzong|100\/100\n|move|p2a: Ribombee|Psychic|p1a: Bronzong\n|-resisted|p1a: Bronzong\n|-damage|p1a: Bronzong|95\/100\n|\n|-heal|p1a: Bronzong|100\/100|[from] item: Leftovers\n|-damage|p2a: Ribombee|18\/100 tox|[from] psn\n|upkeep\n|turn|20\n|\n|t:|1700605090\n|switch|p2a: Shedinja|Shedinja|100\/100\n|move|p1a: Bronzong|Reflect|p1a: Bronzong\n|-sidestart|p1: alexisarbolero|Reflect\n|\n|upkeep\n|turn|21\n|\n|t:|1700605102\n|switch|p1a: Toxapex|Toxapex, F|94\/100\n|-activate|p1a: Toxapex|move: Sticky Web\n|-unboost|p1a: Toxapex|spe|1\n|move|p2a: Shedinja|Swords Dance|p2a: Shedinja\n|-boost|p2a: Shedinja|atk|2\n|\n|-heal|p1a: Toxapex|99\/100|[from] item: Black Sludge\n|upkeep\n|turn|22\n|\n|t:|1700605124\n|move|p2a: Shedinja|Poltergeist|p1a: Toxapex\n|-activate|p1a: Toxapex|move: Poltergeist|Black Sludge\n|-damage|p1a: Toxapex|61\/100\n|move|p1a: Toxapex|Haze|p1a: Toxapex\n|-clearallboost\n|\n|-heal|p1a: Toxapex|68\/100|[from] item: Black Sludge\n|upkeep\n|turn|23\n|\n|t:|1700605138\n|move|p2a: Shedinja|Poltergeist|p1a: Toxapex\n|-activate|p1a: Toxapex|move: Poltergeist|Black Sludge\n|-damage|p1a: Toxapex|48\/100\n|move|p1a: Toxapex|Toxic|p2a: Shedinja\n|-status|p2a: Shedinja|tox\n|\n|-heal|p1a: Toxapex|54\/100|[from] item: Black Sludge\n|-damage|p2a: Shedinja|0 fnt|[from] psn\n|faint|p2a: Shedinja\n|upkeep\n|\n|t:|1700605145\n|switch|p2a: Starmie|Starmie|100\/100\n|turn|24\n|\n|t:|1700605162\n|move|p2a: Starmie|Thunderbolt|p1a: Toxapex\n|-supereffective|p1a: Toxapex\n|-damage|p1a: Toxapex|23\/100\n|move|p1a: Toxapex|Recover|p1a: Toxapex\n|-heal|p1a: Toxapex|73\/100\n|\n|-heal|p1a: Toxapex|79\/100|[from] item: Black Sludge\n|-sideend|p1: alexisarbolero|Reflect\n|upkeep\n|turn|25\n|\n|t:|1700605170\n|switch|p2a: Ribombee|Ribombee, F|18\/100 tox\n|move|p1a: Toxapex|Toxic|p2a: Ribombee\n|-fail|p2a: Ribombee|tox\n|\n|-heal|p1a: Toxapex|86\/100|[from] item: Black Sludge\n|-damage|p2a: Ribombee|12\/100 tox|[from] psn\n|upkeep\n|turn|26\n|\n|t:|1700605187\n|switch|p1a: Bronzong|Bronzong|100\/100\n|move|p2a: Ribombee|Psychic|p1a: Bronzong\n|-resisted|p1a: Bronzong\n|-damage|p1a: Bronzong|95\/100\n|\n|-heal|p1a: Bronzong|100\/100|[from] item: Leftovers\n|-damage|p2a: Ribombee|0 fnt|[from] psn\n|faint|p2a: Ribombee\n|upkeep\n|inactive|oscar3ro has 270 seconds left.\n|\n|t:|1700605218\n|switch|p2a: Dodrio|Dodrio-Sevii, M|100\/100\n|turn|27\n|\n|t:|1700605228\n|move|p2a: Dodrio|Flare Blitz|p1a: Bronzong\n|-supereffective|p1a: Bronzong\n|-damage|p1a: Bronzong|0 fnt\n|faint|p1a: Bronzong\n|-damage|p2a: Dodrio|91\/100|[from] item: Life Orb\n|\n|upkeep\n|\n|t:|1700605234\n|switch|p1a: Azumarill|Azumarill, M|100\/100\n|-activate|p1a: Azumarill|move: Sticky Web\n|-unboost|p1a: Azumarill|spe|1\n|turn|28\n|\n|t:|1700605240\n|move|p1a: Azumarill|Aqua Jet|p2a: Dodrio\n|-supereffective|p2a: Dodrio\n|-damage|p2a: Dodrio|0 fnt\n|faint|p2a: Dodrio\n|\n|upkeep\n|\n|t:|1700605243\n|switch|p2a: Starmie|Starmie|100\/100\n|turn|29\n|\n|t:|1700605255\n|switch|p1a: Gyarados|Gyarados, F|100\/100\n|-ability|p1a: Gyarados|Intimidate|boost\n|-unboost|p2a: Starmie|atk|1\n|move|p2a: Starmie|Thunderbolt|p1a: Gyarados\n|-supereffective|p1a: Gyarados\n|-damage|p1a: Gyarados|0 fnt\n|faint|p1a: Gyarados\n|\n|upkeep\n|\n|t:|1700605264\n|switch|p1a: Toxapex|Toxapex, F|100\/100\n|-activate|p1a: Toxapex|move: Sticky Web\n|-unboost|p1a: Toxapex|spe|1\n|turn|30\n|\n|t:|1700605274\n|switch|p2a: Houndoom|Houndoom, F|100\/100\n|move|p1a: Toxapex|Toxic|p2a: Houndoom\n|-status|p2a: Houndoom|tox\n|\n|-damage|p2a: Houndoom|94\/100 tox|[from] psn\n|upkeep\n|turn|31\n|\n|t:|1700605283\n|detailschange|p2a: Houndoom|Houndoom-Mega, F\n|-mega|p2a: Houndoom|Houndoom|Houndoominite\n|move|p2a: Houndoom|Scorching Sands|p1a: Toxapex\n|-supereffective|p1a: Toxapex\n|-damage|p1a: Toxapex|66\/100\n|-status|p1a: Toxapex|brn\n|move|p1a: Toxapex|Scald|p2a: Houndoom\n|-supereffective|p2a: Houndoom\n|-damage|p2a: Houndoom|55\/100 tox\n|\n|-heal|p1a: Toxapex|72\/100 brn|[from] item: Black Sludge\n|-damage|p2a: Houndoom|42\/100 tox|[from] psn\n|-damage|p1a: Toxapex|66\/100 brn|[from] brn\n|upkeep\n|turn|32\n|\n|t:|1700605296\n|move|p2a: Houndoom|Scorching Sands|p1a: Toxapex\n|-supereffective|p1a: Toxapex\n|-damage|p1a: Toxapex|35\/100 brn\n|move|p1a: Toxapex|Scald|p2a: Houndoom\n|-supereffective|p2a: Houndoom\n|-damage|p2a: Houndoom|1\/100 tox\n|\n|-heal|p1a: Toxapex|42\/100 brn|[from] item: Black Sludge\n|-damage|p2a: Houndoom|0 fnt|[from] psn\n|faint|p2a: Houndoom\n|-damage|p1a: Toxapex|35\/100 brn|[from] brn\n|upkeep\n|\n|t:|1700605300\n|switch|p2a: Starmie|Starmie|100\/100\n|turn|33\n|\n|t:|1700605312\n|switch|p1a: Azumarill|Azumarill, M|100\/100\n|-activate|p1a: Azumarill|move: Sticky Web\n|-unboost|p1a: Azumarill|spe|1\n|move|p2a: Starmie|Thunderbolt|p1a: Azumarill\n|-supereffective|p1a: Azumarill\n|-crit|p1a: Azumarill\n|-damage|p1a: Azumarill|27\/100\n|-enditem|p1a: Azumarill|Sitrus Berry|[eat]\n|-heal|p1a: Azumarill|52\/100|[from] item: Sitrus Berry\n|\n|upkeep\n|turn|34\n|\n|t:|1700605325\n|move|p1a: Azumarill|Aqua Jet|p2a: Starmie\n|-resisted|p2a: Starmie\n|-damage|p2a: Starmie|81\/100\n|move|p2a: Starmie|Thunderbolt|p1a: Azumarill\n|-supereffective|p1a: Azumarill\n|-damage|p1a: Azumarill|3\/100\n|-status|p1a: Azumarill|par\n|\n|-heal|p2a: Starmie|88\/100|[from] item: Leftovers\n|upkeep\n|turn|35\n|\n|t:|1700605334\n|move|p1a: Azumarill|Aqua Jet|p2a: Starmie\n|-resisted|p2a: Starmie\n|-damage|p2a: Starmie|68\/100\n|move|p2a: Starmie|Thunderbolt|p1a: Azumarill\n|-supereffective|p1a: Azumarill\n|-damage|p1a: Azumarill|0 fnt\n|faint|p1a: Azumarill\n|\n|-heal|p2a: Starmie|74\/100|[from] item: Leftovers\n|upkeep\n|\n|t:|1700605361\n|switch|p1a: Toxapex|Toxapex, F|69\/100 brn\n|-activate|p1a: Toxapex|move: Sticky Web\n|-unboost|p1a: Toxapex|spe|1\n|turn|36\n|\n|t:|1700605372\n|move|p2a: Starmie|Thunderbolt|p1a: Toxapex\n|-supereffective|p1a: Toxapex\n|-damage|p1a: Toxapex|36\/100 brn\n|move|p1a: Toxapex|Recover|p1a: Toxapex\n|-heal|p1a: Toxapex|86\/100 brn\n|\n|-heal|p2a: Starmie|80\/100|[from] item: Leftovers\n|-heal|p1a: Toxapex|92\/100 brn|[from] item: Black Sludge\n|-damage|p1a: Toxapex|86\/100 brn|[from] brn\n|upkeep\n|turn|37\n|\n|t:|1700605390\n|move|p2a: Starmie|Thunderbolt|p1a: Toxapex\n|-supereffective|p1a: Toxapex\n|-damage|p1a: Toxapex|51\/100 brn\n|move|p1a: Toxapex|Toxic|p2a: Starmie\n|-status|p2a: Starmie|tox\n|\n|-heal|p2a: Starmie|86\/100 tox|[from] item: Leftovers\n|-heal|p1a: Toxapex|57\/100 brn|[from] item: Black Sludge\n|-damage|p2a: Starmie|80\/100 tox|[from] psn\n|-damage|p1a: Toxapex|51\/100 brn|[from] brn\n|upkeep\n|turn|38\n|\n|t:|1700605400\n|move|p2a: Starmie|Thunderbolt|p1a: Toxapex\n|-supereffective|p1a: Toxapex\n|-damage|p1a: Toxapex|16\/100 brn\n|move|p1a: Toxapex|Recover|p1a: Toxapex\n|-heal|p1a: Toxapex|66\/100 brn\n|\n|-heal|p2a: Starmie|86\/100 tox|[from] item: Leftovers\n|-heal|p1a: Toxapex|72\/100 brn|[from] item: Black Sludge\n|-damage|p2a: Starmie|74\/100 tox|[from] psn\n|-damage|p1a: Toxapex|66\/100 brn|[from] brn\n|upkeep\n|turn|39\n|\n|t:|1700605411\n|move|p2a: Starmie|Thunderbolt|p1a: Toxapex\n|-supereffective|p1a: Toxapex\n|-damage|p1a: Toxapex|31\/100 brn\n|move|p1a: Toxapex|Recover|p1a: Toxapex\n|-heal|p1a: Toxapex|81\/100 brn\n|\n|-heal|p2a: Starmie|80\/100 tox|[from] item: Leftovers\n|-heal|p1a: Toxapex|87\/100 brn|[from] item: Black Sludge\n|-damage|p2a: Starmie|62\/100 tox|[from] psn\n|-damage|p1a: Toxapex|81\/100 brn|[from] brn\n|upkeep\n|turn|40\n|\n|t:|1700605430\n|move|p2a: Starmie|Thunderbolt|p1a: Toxapex\n|-supereffective|p1a: Toxapex\n|-damage|p1a: Toxapex|46\/100 brn\n|move|p1a: Toxapex|Haze|p1a: Toxapex\n|-clearallboost\n|\n|-heal|p2a: Starmie|68\/100 tox|[from] item: Leftovers\n|-heal|p1a: Toxapex|52\/100 brn|[from] item: Black Sludge\n|-damage|p2a: Starmie|43\/100 tox|[from] psn\n|-damage|p1a: Toxapex|46\/100 brn|[from] brn\n|upkeep\n|turn|41\n|\n|t:|1700605443\n|-curestatus|p2a: Starmie|tox|[from] ability: Natural Cure\n|switch|p2a: Kingambit|Kingambit, M|90\/100\n|-activate|p2a: Kingambit|ability: Supreme Overlord\n|-start|p2a: Kingambit|fallen4|[silent]\n|move|p1a: Toxapex|Recover|p1a: Toxapex\n|-heal|p1a: Toxapex|96\/100 brn\n|\n|-heal|p2a: Kingambit|96\/100|[from] item: Leftovers\n|-heal|p1a: Toxapex|100\/100 brn|[from] item: Black Sludge\n|-damage|p1a: Toxapex|94\/100 brn|[from] brn\n|upkeep\n|turn|42\n|\n|t:|1700605455\n|move|p2a: Kingambit|Kowtow Cleave|p1a: Toxapex\n|-damage|p1a: Toxapex|43\/100 brn\n|move|p1a: Toxapex|Haze|p1a: Toxapex\n|-clearallboost\n|\n|-heal|p2a: Kingambit|100\/100|[from] item: Leftovers\n|-heal|p1a: Toxapex|49\/100 brn|[from] item: Black Sludge\n|-damage|p1a: Toxapex|43\/100 brn|[from] brn\n|upkeep\n|turn|43\n|\n|t:|1700605464\n|move|p2a: Kingambit|Kowtow Cleave|p1a: Toxapex\n|-damage|p1a: Toxapex|0 fnt\n|faint|p1a: Toxapex\n|\n|win|oscar3ro\n|c|\u2606oscar3ro|Gg\n","uploadtime":1700605473,"views":7,"p1id":"alexisarbolero","p2id":"oscar3ro","formatid":"gen9ubers","rating":0,"private":0,"password":""}