{"id":"radicalred-gen9ubers-548428","p1":"PercWatchM4iko","p2":"Godigimon","format":"[Gen 9] Ubers","log":"|j|\u2606PercWatchM4iko\n|j|\u2606Godigimon\n|t:|1700338588\n|gametype|singles\n|player|p1|PercWatchM4iko|1|\n|player|p2|Godigimon|rr-blissey|\n|teamsize|p1|6\n|teamsize|p2|6\n|gen|9\n|tier|[Gen 9] Ubers\n|rule|Sleep Clause Mod: Limit one foe put to sleep\n|rule|Species Clause: Limit one of each Pok\u00e9mon\n|rule|OHKO Clause: OHKO moves are banned\n|rule|Evasion Abilities Clause: Evasion abilities are banned\n|rule|Evasion Items Clause: Evasion items are banned\n|rule|Evasion Moves Clause: Evasion moves are banned\n|rule|Endless Battle Clause: Forcing endless battles is banned\n|rule|HP Percentage Mod: HP is shown in percentages\n|rule|Dynamax Clause: You cannot dynamax\n|rule|Mega Rayquaza Clause: You cannot mega evolve Rayquaza\n|clearpoke\n|poke|p1|Blaziken, F|\n|poke|p1|Dodrio, M|\n|poke|p1|Jellicent, M|\n|poke|p1|Toxtricity, F|\n|poke|p1|Ferrothorn, F|\n|poke|p1|Silvally-*|\n|poke|p2|Duraludon, M|\n|poke|p2|Iron Leaves|\n|poke|p2|Darmanitan-Galar, M|\n|poke|p2|Ursaring-Sevii, F|\n|poke|p2|Swellow, F|\n|poke|p2|Dodrio-Sevii, F|\n|teampreview\n|c|\u2606PercWatchM4iko|glhf\n|c|\u2606Godigimon|hf\n|\n|t:|1700338634\n|start\n|switch|p1a: Toxtricity|Toxtricity, F|100\/100\n|switch|p2a: Dodrio|Dodrio-Sevii, F|100\/100\n|turn|1\n|\n|t:|1700338691\n|switch|p1a: Dodrio|Dodrio, M|100\/100\n|move|p2a: Dodrio|Headlong Rush|p1a: Dodrio\n|-immune|p1a: Dodrio\n|\n|upkeep\n|turn|2\n|\n|t:|1700338702\n|switch|p2a: Duraludon|Duraludon, M|100\/100\n|move|p1a: Dodrio|U-turn|p2a: Duraludon\n|-resisted|p2a: Duraludon\n|-damage|p2a: Duraludon|90\/100\n|\n|t:|1700338709\n|switch|p1a: Ferrothorn|Ferrothorn, F|100\/100|[from] U-turn\n|\n|upkeep\n|turn|3\n|\n|t:|1700338720\n|switch|p2a: Swellow|Swellow, F|100\/100\n|move|p1a: Ferrothorn|Spikes|p2a: Swellow\n|-sidestart|p2: Godigimon|Spikes\n|\n|upkeep\n|turn|4\n|\n|t:|1700338727\n|switch|p1a: Toxtricity|Toxtricity, F|100\/100\n|move|p2a: Swellow|Boomburst|p1a: Toxtricity\n|-resisted|p1a: Toxtricity\n|-damage|p1a: Toxtricity|67\/100\n|\n|upkeep\n|turn|5\n|\n|t:|1700338734\n|switch|p2a: Dodrio|Dodrio-Sevii, F|100\/100\n|-damage|p2a: Dodrio|88\/100|[from] Spikes\n|detailschange|p1a: Toxtricity|Toxtricity-Mega, F\n|-mega|p1a: Toxtricity|Toxtricity|Toxtricitite\n|move|p1a: Toxtricity|Boomburst|p2a: Dodrio\n|-damage|p2a: Dodrio|0 fnt\n|faint|p2a: Dodrio\n|\n|upkeep\n|\n|t:|1700338754\n|switch|p2a: Swellow|Swellow, F|100\/100\n|turn|6\n|\n|t:|1700338759\n|move|p2a: Swellow|Boomburst|p1a: Toxtricity\n|-resisted|p1a: Toxtricity\n|-damage|p1a: Toxtricity|37\/100\n|move|p1a: Toxtricity|Boomburst|p2a: Swellow\n|-damage|p2a: Swellow|0 fnt\n|faint|p2a: Swellow\n|\n|upkeep\n|\n|t:|1700338767\n|switch|p2a: Duraludon|Duraludon, M|90\/100\n|-damage|p2a: Duraludon|78\/100|[from] Spikes\n|turn|7\n|\n|t:|1700338772\n|detailschange|p2a: Duraludon|Duraludon-Mega, M\n|-mega|p2a: Duraludon|Duraludon|Duraludonite\n|move|p1a: Toxtricity|Boomburst|p2a: Duraludon\n|-resisted|p2a: Duraludon\n|-damage|p2a: Duraludon|35\/100\n|move|p2a: Duraludon|Steel Beam|p1a: Toxtricity\n|-resisted|p1a: Toxtricity\n|-damage|p1a: Toxtricity|0 fnt\n|faint|p1a: Toxtricity\n|\n|upkeep\n|\n|t:|1700338785\n|switch|p1a: Blaziken|Blaziken, F|100\/100\n|turn|8\n|\n|t:|1700338793\n|move|p1a: Blaziken|Protect|p1a: Blaziken\n|-singleturn|p1a: Blaziken|Protect\n|move|p2a: Duraludon|Substitute|p2a: Duraludon\n|-start|p2a: Duraludon|Substitute\n|-damage|p2a: Duraludon|10\/100\n|\n|-ability|p1a: Blaziken|Speed Boost|boost\n|-boost|p1a: Blaziken|spe|1\n|upkeep\n|turn|9\n|\n|t:|1700338798\n|move|p1a: Blaziken|Substitute|p1a: Blaziken\n|-start|p1a: Blaziken|Substitute\n|-damage|p1a: Blaziken|76\/100\n|move|p2a: Duraludon|Draco Meteor|p1a: Blaziken\n|-end|p1a: Blaziken|Substitute\n|\n|-ability|p1a: Blaziken|Speed Boost|boost\n|-boost|p1a: Blaziken|spe|1\n|upkeep\n|turn|10\n|\n|t:|1700338805\n|move|p1a: Blaziken|Substitute|p1a: Blaziken\n|-start|p1a: Blaziken|Substitute\n|-damage|p1a: Blaziken|51\/100\n|move|p2a: Duraludon|Draco Meteor|p1a: Blaziken\n|-end|p1a: Blaziken|Substitute\n|\n|-ability|p1a: Blaziken|Speed Boost|boost\n|-boost|p1a: Blaziken|spe|1\n|upkeep\n|turn|11\n|\n|t:|1700338814\n|switch|p1a: Silvally|Silvally-Steel|100\/100\n|move|p2a: Duraludon|Steel Beam|p1a: Silvally\n|-resisted|p1a: Silvally\n|-damage|p1a: Silvally|62\/100\n|\n|-heal|p1a: Silvally|69\/100|[from] item: Leftovers\n|upkeep\n|turn|12\n|\n|t:|1700338822\n|move|p2a: Duraludon|Steel Beam|p1a: Silvally\n|-resisted|p1a: Silvally\n|-damage|p1a: Silvally|33\/100\n|move|p1a: Silvally|Flamethrower|p2a: Duraludon\n|-crit|p2a: Duraludon\n|-end|p2a: Duraludon|Substitute\n|\n|-heal|p1a: Silvally|40\/100|[from] item: Leftovers\n|upkeep\n|turn|13\n|\n|t:|1700338829\n|move|p2a: Duraludon|Steel Beam|p1a: Silvally\n|-resisted|p1a: Silvally\n|-damage|p1a: Silvally|4\/100\n|move|p1a: Silvally|Flamethrower|p2a: Duraludon\n|-damage|p2a: Duraludon|0 fnt\n|faint|p2a: Duraludon\n|\n|-heal|p1a: Silvally|10\/100|[from] item: Leftovers\n|upkeep\n|\n|t:|1700338845\n|switch|p2a: Iron Leaves|Iron Leaves|100\/100\n|-damage|p2a: Iron Leaves|88\/100|[from] Spikes\n|turn|14\n|\n|t:|1700338850\n|move|p2a: Iron Leaves|Agility|p2a: Iron Leaves\n|-boost|p2a: Iron Leaves|spe|2\n|move|p1a: Silvally|U-turn|p2a: Iron Leaves\n|-supereffective|p2a: Iron Leaves\n|-damage|p2a: Iron Leaves|21\/100\n|\n|t:|1700338854\n|switch|p1a: Ferrothorn|Ferrothorn, F|100\/100|[from] U-turn\n|\n|upkeep\n|turn|15\n|\n|t:|1700338858\n|move|p2a: Iron Leaves|Sacred Sword|p1a: Ferrothorn\n|-supereffective|p1a: Ferrothorn\n|-damage|p1a: Ferrothorn|22\/100\n|-damage|p2a: Iron Leaves|8\/100|[from] ability: Iron Barbs|[of] p1a: Ferrothorn\n|-damage|p2a: Iron Leaves|0 fnt|[from] item: Life Orb\n|faint|p2a: Iron Leaves\n|move|p1a: Ferrothorn|Spikes|p2: Iron Leaves\n|-sidestart|p2: Godigimon|Spikes\n|\n|-heal|p1a: Ferrothorn|28\/100|[from] item: Leftovers\n|upkeep\n|\n|t:|1700338877\n|switch|p2a: Ursaring|Ursaring-Sevii, F|100\/100\n|-damage|p2a: Ursaring|84\/100|[from] Spikes\n|turn|16\n|\n|t:|1700338883\n|move|p2a: Ursaring|Drain Punch|p1a: Ferrothorn\n|-supereffective|p1a: Ferrothorn\n|-damage|p1a: Ferrothorn|0 fnt\n|-heal|p2a: Ursaring|98\/100|[from] drain|[of] p1a: Ferrothorn\n|-damage|p2a: Ursaring|86\/100|[from] ability: Iron Barbs|[of] p1a: Ferrothorn\n|faint|p1a: Ferrothorn\n|\n|-status|p2a: Ursaring|tox|[from] item: Toxic Orb\n|upkeep\n|c|\u2606Godigimon|shit\n|c|\u2606Godigimon|fuck\n|c|\u2606Godigimon|shit\n|c|\u2606Godigimon|I forgot to change\n|\n|t:|1700338897\n|switch|p1a: Dodrio|Dodrio, M|100\/100\n|turn|17\n|\n|t:|1700338900\n|move|p1a: Dodrio|Brave Bird|p2a: Ursaring\n|-supereffective|p2a: Ursaring\n|-damage|p2a: Ursaring|0 fnt\n|faint|p2a: Ursaring\n|\n|upkeep\n|\n|t:|1700338902\n|switch|p2a: Darmanitan|Darmanitan-Galar, M|100\/100\n|-damage|p2a: Darmanitan|84\/100|[from] Spikes\n|turn|18\n|\n|t:|1700338907\n|move|p1a: Dodrio|Brave Bird|p2a: Darmanitan\n|-damage|p2a: Darmanitan|0 fnt\n|faint|p2a: Darmanitan\n|\n|win|PercWatchM4iko\n|c|\u2606Godigimon|wpgg\n|c|\u2606PercWatchM4iko|Ggs\n","uploadtime":1700338919,"views":5,"p1id":"percwatchm4iko","p2id":"godigimon","formatid":"gen9ubers","rating":0,"private":0,"password":""}