{"id":"radicalred-gen9ubers-542715","p1":"Lord Jeff911","p2":"divinereaper202","format":"[Gen 9] Ubers","log":"|j|\u2606Lord Jeff911\n|j|\u2606divinereaper202\n|t:|1699201793\n|gametype|singles\n|player|p1|Lord Jeff911|1|\n|player|p2|divinereaper202|rr-necrozma|\n|teamsize|p1|6\n|teamsize|p2|6\n|gen|9\n|tier|[Gen 9] Ubers\n|rule|Sleep Clause Mod: Limit one foe put to sleep\n|rule|Species Clause: Limit one of each Pok\u00e9mon\n|rule|OHKO Clause: OHKO moves are banned\n|rule|Evasion Abilities Clause: Evasion abilities are banned\n|rule|Evasion Items Clause: Evasion items are banned\n|rule|Evasion Moves Clause: Evasion moves are banned\n|rule|Endless Battle Clause: Forcing endless battles is banned\n|rule|HP Percentage Mod: HP is shown in percentages\n|rule|Dynamax Clause: You cannot dynamax\n|rule|Mega Rayquaza Clause: You cannot mega evolve Rayquaza\n|clearpoke\n|poke|p1|Palafin, M|\n|poke|p1|Tapu Koko|\n|poke|p1|Raichu-Alola, M|\n|poke|p1|Darmanitan-Galar, F|\n|poke|p1|Sneasler, F|\n|poke|p1|Alakazam, F|\n|poke|p2|Electrode|\n|poke|p2|Dragapult, F|\n|poke|p2|Slowking-Galar, F|\n|poke|p2|Iron Leaves|\n|poke|p2|Ting-Lu|\n|poke|p2|Diancie|\n|teampreview\n|c|\u2606Lord Jeff911|Gl hf\n|c|\u2606divinereaper202|u2\n|\n|t:|1699201821\n|start\n|switch|p1a: Darmanitan|Darmanitan-Galar, F|100\/100\n|switch|p2a: Iron Leaves|Iron Leaves|100\/100\n|-activate|p1a: Darmanitan|ability: Zen Mode\n|detailschange|p1a: Darmanitan|Darmanitan-Galar-Zen, F\n|turn|1\n|\n|t:|1699201851\n|move|p1a: Darmanitan|U-turn|p2a: Iron Leaves\n|-supereffective|p2a: Iron Leaves\n|-damage|p2a: Iron Leaves|0 fnt\n|faint|p2a: Iron Leaves\n|\n|t:|1699201856\n|switch|p1a: Palafin|Palafin, M|100\/100|[from] U-turn\n|\n|upkeep\n|\n|t:|1699201860\n|switch|p2a: Electrode|Electrode|100\/100\n|turn|2\n|\n|t:|1699201866\n|detailschange|p1a: Palafin|Palafin-Hero, M\n|switch|p1a: Tapu Koko|Tapu Koko|100\/100\n|-fieldstart|move: Electric Terrain|[from] ability: Electric Surge|[of] p1a: Tapu Koko\n|move|p2a: Electrode|Tri Attack|p1a: Tapu Koko\n|-resisted|p1a: Tapu Koko\n|-damage|p1a: Tapu Koko|40\/100\n|-status|p1a: Tapu Koko|brn\n|\n|-damage|p1a: Tapu Koko|34\/100 brn|[from] brn\n|upkeep\n|turn|3\n|\n|t:|1699201878\n|switch|p1a: Sneasler|Sneasler, F|100\/100\n|-enditem|p1a: Sneasler|Electric Seed\n|-boost|p1a: Sneasler|def|1|[from] item: Electric Seed\n|move|p2a: Electrode|Tri Attack|p1a: Sneasler\n|-damage|p1a: Sneasler|0 fnt\n|faint|p1a: Sneasler\n|\n|upkeep\n|\n|t:|1699201885\n|switch|p1a: Darmanitan|Darmanitan-Galar-Zen, F|100\/100\n|turn|4\n|\n|t:|1699201912\n|switch|p2a: Ting-Lu|Ting-Lu|100\/100\n|-ability|p2a: Ting-Lu|Vessel of Ruin\n|move|p1a: Darmanitan|Earthquake|p2a: Ting-Lu\n|-damage|p2a: Ting-Lu|79\/100\n|\n|-heal|p2a: Ting-Lu|85\/100|[from] item: Leftovers\n|upkeep\n|turn|5\n|j| Luwite\n|\n|t:|1699201928\n|switch|p1a: Palafin|Palafin-Hero, M|100\/100\n|-activate|p1a: Palafin|ability: Zero to Hero\n|move|p2a: Ting-Lu|Earthquake|p1a: Palafin\n|-damage|p1a: Palafin|47\/100\n|\n|-heal|p2a: Ting-Lu|91\/100|[from] item: Leftovers\n|upkeep\n|turn|6\n|c| Luwite|:skull:\n|l| Luwite\n|\n|t:|1699201958\n|switch|p2a: Dragapult|Dragapult, F|100\/100\n|move|p1a: Palafin|Wave Crash|p2a: Dragapult\n|-resisted|p2a: Dragapult\n|-damage|p2a: Dragapult|44\/100\n|-start|p1a: Palafin|Disable|Wave Crash|[from] ability: Cursed Body|[of] p2a: Dragapult\n|-damage|p1a: Palafin|29\/100|[from] Recoil\n|\n|-heal|p2a: Dragapult|50\/100|[from] item: Leftovers\n|upkeep\n|turn|7\n|\n|t:|1699201967\n|move|p1a: Palafin|Jet Punch|p2a: Dragapult\n|-resisted|p2a: Dragapult\n|-damage|p2a: Dragapult|22\/100\n|move|p2a: Dragapult|Spirit Shackle|p1a: Palafin\n|-damage|p1a: Palafin|0 fnt\n|faint|p1a: Palafin\n|\n|-heal|p2a: Dragapult|28\/100|[from] item: Leftovers\n|upkeep\n|\n|t:|1699201969\n|switch|p1a: Raichu|Raichu-Alola, M|100\/100\n|turn|8\n|\n|t:|1699201980\n|-zpower|p1a: Raichu\n|move|p1a: Raichu|Hydro Vortex|p2a: Dragapult|[zeffect]\n|-resisted|p2a: Dragapult\n|-damage|p2a: Dragapult|0 fnt\n|faint|p2a: Dragapult\n|\n|upkeep\n|\n|t:|1699201982\n|switch|p2a: Ting-Lu|Ting-Lu|91\/100\n|-ability|p2a: Ting-Lu|Vessel of Ruin\n|turn|9\n|\n|t:|1699201997\n|move|p1a: Raichu|Surf|p2a: Ting-Lu\n|-supereffective|p2a: Ting-Lu\n|-damage|p2a: Ting-Lu|58\/100\n|move|p2a: Ting-Lu|Earthquake|p1a: Raichu\n|-supereffective|p1a: Raichu\n|-damage|p1a: Raichu|0 fnt\n|faint|p1a: Raichu\n|\n|-heal|p2a: Ting-Lu|64\/100|[from] item: Leftovers\n|-fieldend|move: Electric Terrain\n|upkeep\n|\n|t:|1699201999\n|switch|p1a: Alakazam|Alakazam, F|100\/100\n|turn|10\n|\n|t:|1699202004\n|switch|p2a: Slowking|Slowking-Galar, F|100\/100\n|detailschange|p1a: Alakazam|Alakazam-Mega, F\n|-mega|p1a: Alakazam|Alakazam|Alakazite\n|-ability|p1a: Alakazam|Regenerator|[from] ability: Trace|[of] p2a: Slowking\n|move|p1a: Alakazam|Dazzling Gleam|p2a: Slowking\n|-resisted|p2a: Slowking\n|-damage|p2a: Slowking|90\/100\n|\n|upkeep\n|turn|11\n|c|\u2606Lord Jeff911|Regen mega zam\n|c|\u2606Lord Jeff911|Yayy\n|\n|t:|1699202054\n|move|p1a: Alakazam|Shadow Ball|p2a: Slowking\n|-supereffective|p2a: Slowking\n|-damage|p2a: Slowking|47\/100\n|move|p2a: Slowking|Teleport|p2a: Slowking\n|\n|t:|1699202073\n|switch|p2a: Ting-Lu|Ting-Lu|64\/100|[from] Teleport\n|-ability|p2a: Ting-Lu|Vessel of Ruin\n|\n|-heal|p2a: Ting-Lu|71\/100|[from] item: Leftovers\n|upkeep\n|turn|12\n|\n|t:|1699202078\n|move|p1a: Alakazam|Dazzling Gleam|p2a: Ting-Lu\n|-supereffective|p2a: Ting-Lu\n|-damage|p2a: Ting-Lu|30\/100\n|move|p2a: Ting-Lu|Throat Chop|p1a: Alakazam\n|-supereffective|p1a: Alakazam\n|-damage|p1a: Alakazam|0 fnt\n|faint|p1a: Alakazam\n|\n|-heal|p2a: Ting-Lu|36\/100|[from] item: Leftovers\n|upkeep\n|\n|t:|1699202085\n|switch|p1a: Darmanitan|Darmanitan-Galar-Zen, F|100\/100\n|turn|13\n|\n|t:|1699202098\n|move|p1a: Darmanitan|U-turn|p2a: Ting-Lu\n|-supereffective|p2a: Ting-Lu\n|-damage|p2a: Ting-Lu|7\/100\n|\n|t:|1699202099\n|switch|p1a: Tapu Koko|Tapu Koko|34\/100 brn|[from] U-turn\n|-fieldstart|move: Electric Terrain|[from] ability: Electric Surge|[of] p1a: Tapu Koko\n|move|p2a: Ting-Lu|Earthquake|p1a: Tapu Koko\n|-supereffective|p1a: Tapu Koko\n|-damage|p1a: Tapu Koko|0 fnt\n|faint|p1a: Tapu Koko\n|\n|-heal|p2a: Ting-Lu|13\/100|[from] item: Leftovers\n|upkeep\n|\n|t:|1699202100\n|switch|p1a: Darmanitan|Darmanitan-Galar-Zen, F|100\/100\n|turn|14\n|\n|t:|1699202109\n|move|p1a: Darmanitan|Earthquake|p2a: Ting-Lu\n|-damage|p2a: Ting-Lu|0 fnt\n|faint|p2a: Ting-Lu\n|\n|upkeep\n|\n|t:|1699202132\n|switch|p2a: Diancie|Diancie|100\/100\n|turn|15\n|\n|t:|1699202136\n|move|p1a: Darmanitan|Earthquake|p2a: Diancie\n|-supereffective|p2a: Diancie\n|-damage|p2a: Diancie|24\/100\n|move|p2a: Diancie|Diamond Storm|p1a: Darmanitan\n|-supereffective|p1a: Darmanitan\n|-damage|p1a: Darmanitan|0 fnt\n|faint|p1a: Darmanitan\n|\n|win|divinereaper202\n|c|\u2606divinereaper202|gg\n|c|\u2606Lord Jeff911|Ggs\n","uploadtime":1699202148,"views":13,"p1id":"lordjeff911","p2id":"divinereaper202","formatid":"gen9ubers","rating":0,"private":0,"password":""}