{"id":"radicalred-gen9ubers-542859","p1":"LUWITE","p2":"Phantom_rook","format":"[Gen 9] Ubers","log":"|j|\u2606LUWITE\n|j|\u2606Phantom_rook\n|t:|1699218338\n|gametype|singles\n|player|p1|LUWITE|rr-quaxly|\n|player|p2|Phantom_rook|266|\n|teamsize|p1|6\n|teamsize|p2|6\n|gen|9\n|tier|[Gen 9] Ubers\n|rule|Sleep Clause Mod: Limit one foe put to sleep\n|rule|Species Clause: Limit one of each Pok\u00e9mon\n|rule|OHKO Clause: OHKO moves are banned\n|rule|Evasion Abilities Clause: Evasion abilities are banned\n|rule|Evasion Items Clause: Evasion items are banned\n|rule|Evasion Moves Clause: Evasion moves are banned\n|rule|Endless Battle Clause: Forcing endless battles is banned\n|rule|HP Percentage Mod: HP is shown in percentages\n|rule|Dynamax Clause: You cannot dynamax\n|rule|Mega Rayquaza Clause: You cannot mega evolve Rayquaza\n|clearpoke\n|poke|p1|Xurkitree|\n|poke|p1|Roaring Moon|\n|poke|p1|Delphox, F|\n|poke|p1|Grapploct, F|\n|poke|p1|Torkoal, M|\n|poke|p1|Centiskorch, M|\n|poke|p2|Dragapult, F|\n|poke|p2|Chien-Pao|\n|poke|p2|Heatran, F|\n|poke|p2|Slowbro, M|\n|poke|p2|Tornadus-Therian, M|\n|poke|p2|Sunflora, M|\n|teampreview\n|c|\u2606Phantom_rook|Gl and have fun!\n|c|\u2606LUWITE|same to you\n|j| BraxGrifRow\n|\n|t:|1699218387\n|start\n|switch|p1a: Train?|Torkoal, M|100\/100\n|switch|p2a: Dragapult|Dragapult, F|100\/100\n|-weather|SunnyDay|[from] ability: Drought|[of] p1a: Train?\n|turn|1\n|\n|t:|1699218400\n|move|p2a: Dragapult|Draco Meteor|p1a: Train?\n|-damage|p1a: Train?|23\/100\n|-unboost|p2a: Dragapult|spa|2\n|move|p1a: Train?|Stealth Rock|p2a: Dragapult\n|-sidestart|p2: Phantom_rook|move: Stealth Rock\n|\n|-weather|SunnyDay|[upkeep]\n|upkeep\n|turn|2\n|l|\u2606Phantom_rook\n|player|p2|\n|\n|t:|1699218468\n|switch|p1a: X-man|Centiskorch, M|100\/100\n|move|p2a: Dragapult|Draco Meteor|p1a: X-man\n|-damage|p1a: X-man|64\/100\n|-unboost|p2a: Dragapult|spa|2\n|\n|-weather|SunnyDay|[upkeep]\n|upkeep\n|turn|3\n|j|\u2606Phantom_rook\n|player|p2|Phantom_rook|266\n|\n|t:|1699218485\n|switch|p2a: Heatran|Heatran, F|100\/100\n|-damage|p2a: Heatran|88\/100|[from] Stealth Rock\n|detailschange|p1a: X-man|Centiskorch-Mega, M\n|-mega|p1a: X-man|Centiskorch|Centiskite\n|move|p1a: X-man|Coil|p1a: X-man\n|-boost|p1a: X-man|atk|1\n|-boost|p1a: X-man|def|1\n|-boost|p1a: X-man|accuracy|1\n|\n|-weather|SunnyDay|[upkeep]\n|upkeep\n|turn|4\n|\n|t:|1699218495\n|move|p2a: Heatran|Eruption|p1a: X-man\n|-crit|p1a: X-man\n|-damage|p1a: X-man|0 fnt\n|faint|p1a: X-man\n|\n|-weather|SunnyDay|[upkeep]\n|upkeep\n|c|\u2606LUWITE|knew I shouldnt have megad\n|\n|t:|1699218540\n|switch|p1a: *Squid sounds*|Grapploct, F|100\/100\n|turn|5\n|\n|t:|1699218551\n|switch|p2a: Dragapult|Dragapult, F|100\/100\n|-damage|p2a: Dragapult|88\/100|[from] Stealth Rock\n|move|p1a: *Squid sounds*|Drain Punch|p2a: Dragapult\n|-immune|p2a: Dragapult\n|\n|-weather|SunnyDay|[upkeep]\n|upkeep\n|turn|6\n|\n|t:|1699218560\n|move|p2a: Dragapult|Shadow Ball|p1a: *Squid sounds*\n|-damage|p1a: *Squid sounds*|66\/100\n|move|p1a: *Squid sounds*|Dual Chop|p2a: Dragapult\n|-supereffective|p2a: Dragapult\n|-damage|p2a: Dragapult|26\/100\n|-supereffective|p2a: Dragapult\n|-damage|p2a: Dragapult|0 fnt\n|faint|p2a: Dragapult\n|-hitcount|p2: Dragapult|2\n|\n|-weather|SunnyDay|[upkeep]\n|upkeep\n|\n|t:|1699218572\n|switch|p2a: Sunflora|Sunflora, M|100\/100\n|-damage|p2a: Sunflora|88\/100|[from] Stealth Rock\n|turn|7\n|\n|t:|1699218583\n|switch|p1a: Foxy|Delphox, F|100\/100\n|move|p2a: Sunflora|Leaf Storm|p1a: Foxy\n|-resisted|p1a: Foxy\n|-damage|p1a: Foxy|47\/100\n|-unboost|p2a: Sunflora|spa|2\n|-damage|p2a: Sunflora|78\/100|[from] item: Life Orb\n|\n|-weather|SunnyDay|[upkeep]\n|upkeep\n|turn|8\n|\n|t:|1699218599\n|switch|p1a: Take me to UU|Roaring Moon|100\/100\n|-activate|p1a: Take me to UU|ability: Protosynthesis\n|-start|p1a: Take me to UU|protosynthesisatk\n|move|p2a: Sunflora|Scorching Sands|p1a: Take me to UU\n|-damage|p1a: Take me to UU|83\/100\n|-status|p1a: Take me to UU|brn\n|-damage|p2a: Sunflora|68\/100|[from] item: Life Orb\n|\n|-weather|none\n|-end|p1a: Take me to UU|Protosynthesis\n|-heal|p1a: Take me to UU|89\/100 brn|[from] item: Leftovers\n|-damage|p1a: Take me to UU|83\/100 brn|[from] brn\n|upkeep\n|turn|9\n|c|\u2606LUWITE|bru\n|c|\u2606Phantom_rook|Oof\n|\n|t:|1699218622\n|move|p1a: Take me to UU|Substitute|p1a: Take me to UU\n|-start|p1a: Take me to UU|Substitute\n|-damage|p1a: Take me to UU|58\/100 brn\n|move|p2a: Sunflora|Scorching Sands|p1a: Take me to UU\n|-activate|p1a: Take me to UU|move: Substitute|[damage]\n|-damage|p2a: Sunflora|58\/100|[from] item: Life Orb\n|\n|-heal|p1a: Take me to UU|64\/100 brn|[from] item: Leftovers\n|-damage|p1a: Take me to UU|58\/100 brn|[from] brn\n|upkeep\n|turn|10\n|\n|t:|1699218631\n|switch|p2a: Slowbro|Slowbro, M|100\/100\n|-damage|p2a: Slowbro|88\/100|[from] Stealth Rock\n|move|p1a: Take me to UU|Dragon Dance|p1a: Take me to UU\n|-boost|p1a: Take me to UU|atk|1\n|-boost|p1a: Take me to UU|spe|1\n|\n|-heal|p1a: Take me to UU|64\/100 brn|[from] item: Leftovers\n|-damage|p1a: Take me to UU|58\/100 brn|[from] brn\n|upkeep\n|turn|11\n|\n|t:|1699218640\n|detailschange|p2a: Slowbro|Slowbro-Mega, M\n|-mega|p2a: Slowbro|Slowbro|Slowbronite\n|move|p1a: Take me to UU|Dragon Dance|p1a: Take me to UU\n|-boost|p1a: Take me to UU|atk|1\n|-boost|p1a: Take me to UU|spe|1\n|move|p2a: Slowbro|Body Press|p1a: Take me to UU\n|-supereffective|p1a: Take me to UU\n|-end|p1a: Take me to UU|Substitute\n|\n|-heal|p1a: Take me to UU|64\/100 brn|[from] item: Leftovers\n|-damage|p1a: Take me to UU|58\/100 brn|[from] brn\n|upkeep\n|turn|12\n|\n|t:|1699218667\n|move|p1a: Take me to UU|Draco Barrage|p2a: Slowbro\n|-damage|p2a: Slowbro|63\/100\n|-damage|p1a: Take me to UU|49\/100 brn|[from] Recoil\n|move|p2a: Slowbro|Body Press|p1a: Take me to UU\n|-supereffective|p1a: Take me to UU\n|-damage|p1a: Take me to UU|0 fnt\n|faint|p1a: Take me to UU\n|-end|p1a: Take me to UU|Protosynthesis|[silent]\n|\n|upkeep\n|l|\u2606Phantom_rook\n|player|p2|\n|\n|t:|1699218722\n|switch|p1a: Weier|Xurkitree|100\/100\n|turn|13\n|j|\u2606Phantom_rook\n|player|p2|Phantom_rook|266\n|\n|t:|1699218747\n|switch|p2a: Sunflora|Sunflora, M|58\/100\n|-damage|p2a: Sunflora|46\/100|[from] Stealth Rock\n|-zpower|p1a: Weier\n|move|p1a: Weier|Z-Hypnosis|p2a: Sunflora|[anim]Hypnosis|[miss]\n|-boost|p1a: Weier|spe|1|[zeffect]\n|-miss|p1a: Weier|p2a: Sunflora\n|\n|upkeep\n|turn|14\n|\n|t:|1699218783\n|move|p1a: Weier|Hidden Power|p2a: Sunflora\n|-supereffective|p2a: Sunflora\n|-damage|p2a: Sunflora|0 fnt\n|faint|p2a: Sunflora\n|-ability|p1a: Weier|Beast Boost|boost\n|-boost|p1a: Weier|spa|1\n|\n|upkeep\n|j| Xopas\n|c| Xopas|thats banned noh\n|c|\u2606LUWITE|its not banned\n|c| Xopas|Pretty sure it is\n|\n|t:|1699218859\n|switch|p2a: Heatran|Heatran, F|88\/100\n|-damage|p2a: Heatran|76\/100|[from] Stealth Rock\n|turn|15\n|c|\u2606LUWITE|Only banned moves are dark hole and dark void\n|\n|t:|1699218889\n|move|p1a: Weier|Thunderbolt|p2a: Heatran\n|-damage|p2a: Heatran|0 fnt\n|faint|p2a: Heatran\n|-ability|p1a: Weier|Beast Boost|boost\n|-boost|p1a: Weier|spa|1\n|\n|upkeep\n|c|\u2606Phantom_rook|Yeah gg lol\n|c|\u2606LUWITE|probably\n|\n|t:|1699218913\n|switch|p2a: Tornadus|Tornadus-Therian, M|100\/100\n|-damage|p2a: Tornadus|76\/100|[from] Stealth Rock\n|turn|16\n|\n|t:|1699218920\n|move|p1a: Weier|Thunderbolt|p2a: Tornadus\n|-supereffective|p2a: Tornadus\n|-damage|p2a: Tornadus|0 fnt\n|faint|p2a: Tornadus\n|-ability|p1a: Weier|Beast Boost|boost\n|-boost|p1a: Weier|spa|1\n|\n|upkeep\n|\n|t:|1699218923\n|switch|p2a: Chien-Pao|Chien-Pao|100\/100\n|-damage|p2a: Chien-Pao|76\/100|[from] Stealth Rock\n|-ability|p2a: Chien-Pao|Sword of Ruin\n|turn|17\n|\n|t:|1699218925\n|move|p2a: Chien-Pao|Ice Shard|p1a: Weier\n|-damage|p1a: Weier|44\/100\n|move|p1a: Weier|Thunderbolt|p2a: Chien-Pao\n|-damage|p2a: Chien-Pao|0 fnt\n|faint|p2a: Chien-Pao\n|-ability|p1a: Weier|Beast Boost|boost\n|-boost|p1a: Weier|spa|1\n|\n|upkeep\n|\n|t:|1699218929\n|switch|p2a: Slowbro|Slowbro-Mega, M|63\/100\n|-damage|p2a: Slowbro|50\/100|[from] Stealth Rock\n|turn|18\n|\n|t:|1699218933\n|move|p1a: Weier|Thunderbolt|p2a: Slowbro\n|-supereffective|p2a: Slowbro\n|-damage|p2a: Slowbro|0 fnt\n|faint|p2a: Slowbro\n|\n|win|LUWITE\n|c|\u2606LUWITE|oh\n|c|\u2606LUWITE|not reg slowbro?\n|c|\u2606Phantom_rook|Oh\n|c|\u2606Phantom_rook|well that was supposed to be tegen lmao\n|l| BraxGrifRow\n|l| Xopas\n|l|\u2606Phantom_rook\n|c|\u2606LUWITE|At least it didnt matter\n","uploadtime":1699218973,"views":17,"p1id":"luwite","p2id":"phantomrook","formatid":"gen9ubers","rating":0,"private":0,"password":""}