{"id":"radicalred-gen9ubers-545128","p1":"ivancuervo2007","p2":"axelzzz09","format":"[Gen 9] Ubers","log":"|j|\u2606ivancuervo2007\n|j|\u2606axelzzz09\n|t:|1699732811\n|gametype|singles\n|player|p1|ivancuervo2007|rr-tapufini|\n|player|p2|axelzzz09|rr-garchompmega|\n|teamsize|p1|6\n|teamsize|p2|6\n|gen|9\n|tier|[Gen 9] Ubers\n|rule|Sleep Clause Mod: Limit one foe put to sleep\n|rule|Species Clause: Limit one of each Pok\u00e9mon\n|rule|OHKO Clause: OHKO moves are banned\n|rule|Evasion Abilities Clause: Evasion abilities are banned\n|rule|Evasion Items Clause: Evasion items are banned\n|rule|Evasion Moves Clause: Evasion moves are banned\n|rule|Endless Battle Clause: Forcing endless battles is banned\n|rule|HP Percentage Mod: HP is shown in percentages\n|rule|Dynamax Clause: You cannot dynamax\n|rule|Mega Rayquaza Clause: You cannot mega evolve Rayquaza\n|clearpoke\n|poke|p1|Aggron, M|\n|poke|p1|Togekiss, F|\n|poke|p1|Sylveon, M|\n|poke|p1|Klinklang|\n|poke|p1|Duraludon, F|\n|poke|p1|Silvally-*|\n|poke|p2|Dragapult, F|\n|poke|p2|Garchomp, M|\n|poke|p2|Kommo-o, F|\n|poke|p2|Tapu Lele|\n|poke|p2|Gallade, M|\n|poke|p2|Alakazam, M|\n|teampreview\n|\n|t:|1699732820\n|start\n|switch|p1a: Kang|Klinklang|100\/100\n|switch|p2a: Tapu Lele|Tapu Lele|100\/100\n|-fieldstart|move: Psychic Terrain|[from] ability: Psychic Surge|[of] p2a: Tapu Lele\n|turn|1\n|\n|t:|1699732829\n|move|p2a: Tapu Lele|Psychic|p1a: Kang\n|-resisted|p1a: Kang\n|-damage|p1a: Kang|49\/100\n|-unboost|p1a: Kang|spd|1\n|-enditem|p1a: Kang|Sitrus Berry|[eat]\n|-heal|p1a: Kang|74\/100|[from] item: Sitrus Berry\n|move|p1a: Kang|Shift Gear|p1a: Kang\n|-boost|p1a: Kang|spe|2\n|-boost|p1a: Kang|atk|1\n|\n|upkeep\n|turn|2\n|\n|t:|1699732845\n|move|p1a: Kang|Gear Grind|p2a: Tapu Lele\n|-supereffective|p2a: Tapu Lele\n|-damage|p2a: Tapu Lele|0 fnt\n|faint|p2a: Tapu Lele\n|-hitcount|p2: Tapu Lele|1\n|\n|upkeep\n|\n|t:|1699732854\n|switch|p2a: Gallade|Gallade, M|100\/100\n|turn|3\n|c|\u2606ivancuervo2007|Que comienze la conquista\n|\n|t:|1699732860\n|detailschange|p2a: Gallade|Gallade-Mega, M\n|-mega|p2a: Gallade|Gallade|Galladite\n|move|p1a: Kang|Gear Grind|p2a: Gallade\n|-damage|p2a: Gallade|27\/100\n|-damage|p2a: Gallade|0 fnt\n|faint|p2a: Gallade\n|-hitcount|p2: Gallade|2\n|\n|upkeep\n|c|\u2606axelzzz09|nooo vas a saquear\n|\n|t:|1699732873\n|switch|p2a: mal padre|Dragapult, F|100\/100\n|turn|4\n|\n|t:|1699732880\n|move|p1a: Kang|Gear Grind|p2a: mal padre\n|-damage|p2a: mal padre|25\/100\n|-damage|p2a: mal padre|0 fnt\n|faint|p2a: mal padre\n|-hitcount|p2: mal padre|2\n|\n|upkeep\n|c|\u2606axelzzz09|que mrd\n|\n|t:|1699732888\n|switch|p2a: Garchomp|Garchomp, M|100\/100\n|turn|5\n|\n|t:|1699732891\n|move|p1a: Kang|Gear Grind|p2a: Garchomp\n|-damage|p2a: Garchomp|44\/100\n|-damage|p1a: Kang|62\/100|[from] ability: Rough Skin|[of] p2a: Garchomp\n|-damage|p2a: Garchomp|0 fnt\n|-damage|p1a: Kang|49\/100|[from] ability: Rough Skin|[of] p2a: Garchomp\n|faint|p2a: Garchomp\n|-hitcount|p2: Garchomp|2\n|\n|-fieldend|move: Psychic Terrain\n|upkeep\n|\n|t:|1699732902\n|switch|p2a: Alakazam|Alakazam, M|100\/100\n|turn|6\n|\n|t:|1699732906\n|move|p1a: Kang|Gear Grind|p2a: Alakazam\n|-damage|p2a: Alakazam|0 fnt\n|faint|p2a: Alakazam\n|-hitcount|p2: Alakazam|1\n|\n|upkeep\n|\n|t:|1699732912\n|switch|p2a: la armadura|Kommo-o, F|100\/100\n|turn|7\n|\n|t:|1699732916\n|move|p1a: Kang|Gear Grind|p2a: la armadura\n|-crit|p2a: la armadura\n|-damage|p2a: la armadura|24\/100\n|-damage|p2a: la armadura|0 fnt\n|faint|p2a: la armadura\n|-hitcount|p2: la armadura|2\n|\n|win|ivancuervo2007\n|c|\u2606ivancuervo2007|Xd\n","uploadtime":1699732929,"views":25,"p1id":"ivancuervo2007","p2id":"axelzzz09","formatid":"gen9ubers","rating":0,"private":0,"password":""}