{"id":"radicalred-gen9ubers-548318","p1":"mudkipfan333","p2":"xleontdx","format":"[Gen 9] Ubers","log":"|j|\u2606mudkipfan333\n|j|\u2606xleontdx\n|t:|1700326586\n|gametype|singles\n|player|p1|mudkipfan333|rr-zeraora|\n|player|p2|xleontdx|rr-mawilemega|\n|teamsize|p1|6\n|teamsize|p2|6\n|gen|9\n|tier|[Gen 9] Ubers\n|rule|Sleep Clause Mod: Limit one foe put to sleep\n|rule|Species Clause: Limit one of each Pok\u00e9mon\n|rule|OHKO Clause: OHKO moves are banned\n|rule|Evasion Abilities Clause: Evasion abilities are banned\n|rule|Evasion Items Clause: Evasion items are banned\n|rule|Evasion Moves Clause: Evasion moves are banned\n|rule|Endless Battle Clause: Forcing endless battles is banned\n|rule|HP Percentage Mod: HP is shown in percentages\n|rule|Dynamax Clause: You cannot dynamax\n|rule|Mega Rayquaza Clause: You cannot mega evolve Rayquaza\n|clearpoke\n|poke|p1|Aerodactyl, M|\n|poke|p1|Iron Valiant|\n|poke|p1|Dedenne, F|\n|poke|p1|Gliscor, F|\n|poke|p1|Chandelure, F|\n|poke|p1|Blaziken, M|\n|poke|p2|Iron Treads|\n|poke|p2|Infernape, M|\n|poke|p2|Dragapult, F|\n|poke|p2|Gyarados, F|\n|poke|p2|Metagross|\n|poke|p2|Crobat, M|\n|teampreview\n|\n|t:|1700326600\n|start\n|switch|p1a: Blaziken|Blaziken, M|100\/100\n|switch|p2a: Iron Treads|Iron Treads|100\/100\n|-enditem|p2a: Iron Treads|Booster Energy\n|-activate|p2a: Iron Treads|ability: Quark Drive|[fromitem]\n|-start|p2a: Iron Treads|quarkdriveatk\n|turn|1\n|\n|t:|1700326609\n|move|p1a: Blaziken|Protect|p1a: Blaziken\n|-singleturn|p1a: Blaziken|Protect\n|move|p2a: Iron Treads|Earthquake|p1a: Blaziken\n|-activate|p1a: Blaziken|move: Protect\n|\n|-ability|p1a: Blaziken|Speed Boost|boost\n|-boost|p1a: Blaziken|spe|1\n|upkeep\n|turn|2\n|\n|t:|1700326617\n|move|p1a: Blaziken|Flare Blitz|p2a: Iron Treads\n|-supereffective|p2a: Iron Treads\n|-damage|p2a: Iron Treads|0 fnt\n|faint|p2a: Iron Treads\n|-end|p2a: Iron Treads|Quark Drive|[silent]\n|-damage|p1a: Blaziken|65\/100|[from] Recoil\n|-damage|p1a: Blaziken|55\/100|[from] item: Life Orb\n|\n|-ability|p1a: Blaziken|Speed Boost|boost\n|-boost|p1a: Blaziken|spe|1\n|upkeep\n|\n|t:|1700326630\n|switch|p2a: Gyarados|Gyarados, F, shiny|100\/100\n|-ability|p2a: Gyarados|Intimidate|boost\n|-unboost|p1a: Blaziken|atk|1\n|turn|3\n|\n|t:|1700326635\n|move|p1a: Blaziken|Thunder Punch|p2a: Gyarados\n|-supereffective|p2a: Gyarados\n|-damage|p2a: Gyarados|0 fnt\n|faint|p2a: Gyarados\n|-damage|p1a: Blaziken|45\/100|[from] item: Life Orb\n|\n|-ability|p1a: Blaziken|Speed Boost|boost\n|-boost|p1a: Blaziken|spe|1\n|upkeep\n|\n|t:|1700326644\n|switch|p2a: Infernape|Infernape, M|100\/100\n|turn|4\n|\n|t:|1700326651\n|move|p1a: Blaziken|Close Combat|p2a: Infernape\n|-damage|p2a: Infernape|10\/100\n|-unboost|p1a: Blaziken|def|1\n|-unboost|p1a: Blaziken|spd|1\n|-damage|p1a: Blaziken|35\/100|[from] item: Life Orb\n|move|p2a: Infernape|Stone Edge|p1a: Blaziken\n|-damage|p1a: Blaziken|0 fnt\n|faint|p1a: Blaziken\n|\n|upkeep\n|\n|t:|1700326656\n|switch|p1a: Chandelure|Chandelure, F|100\/100\n|turn|5\n|\n|t:|1700326713\n|move|p1a: Chandelure|Hex|p2a: Infernape\n|-damage|p2a: Infernape|0 fnt\n|faint|p2a: Infernape\n|\n|upkeep\n|\n|t:|1700326718\n|switch|p2a: Dragapult|Dragapult, F, shiny|100\/100\n|turn|6\n|\n|t:|1700326762\n|move|p2a: Dragapult|Shadow Ball|p1a: Chandelure\n|-supereffective|p1a: Chandelure\n|-damage|p1a: Chandelure|19\/100\n|move|p1a: Chandelure|Hex|p2a: Dragapult\n|-supereffective|p2a: Dragapult\n|-damage|p2a: Dragapult|0 fnt\n|faint|p2a: Dragapult\n|\n|upkeep\n|\n|t:|1700326776\n|switch|p2a: Toxica|Crobat, M, shiny|100\/100\n|turn|7\n|c|\u2606mudkipfan333|scarf tambien?\n|\n|t:|1700326781\n|move|p1a: Chandelure|Hex|p2a: Toxica\n|-damage|p2a: Toxica|54\/100\n|move|p2a: Toxica|Hurricane|p1a: Chandelure|[miss]\n|-miss|p2a: Toxica|p1a: Chandelure\n|\n|upkeep\n|turn|8\n|\n|t:|1700326788\n|move|p1a: Chandelure|Hex|p2a: Toxica\n|-damage|p2a: Toxica|5\/100\n|move|p2a: Toxica|Sludge Bomb|p1a: Chandelure\n|-resisted|p1a: Chandelure\n|-damage|p1a: Chandelure|0 fnt\n|faint|p1a: Chandelure\n|-damage|p2a: Toxica|0 fnt|[from] item: Life Orb\n|faint|p2a: Toxica\n|\n|upkeep\n|\n|t:|1700326798\n|switch|p2a: Eta|Metagross|100\/100\n|switch|p1a: Mini Tapu|Dedenne, F|100\/100\n|-fieldstart|move: Electric Terrain|[from] ability: Electric Surge|[of] p1a: Mini Tapu\n|turn|9\n|\n|t:|1700326805\n|detailschange|p2a: Eta|Metagross-Mega\n|-mega|p2a: Eta|Metagross|Metagrossite\n|move|p2a: Eta|Meteor Mash|p1a: Mini Tapu|[miss]\n|-miss|p2a: Eta|p1a: Mini Tapu\n|move|p1a: Mini Tapu|Volt Switch|p2a: Eta\n|-damage|p2a: Eta|43\/100\n|\n|t:|1700326809\n|switch|p1a: Iron Valiant|Iron Valiant|100\/100|[from] Volt Switch\n|-activate|p1a: Iron Valiant|ability: Quark Drive\n|-start|p1a: Iron Valiant|quarkdrivespe\n|\n|upkeep\n|turn|10\n|\n|t:|1700326821\n|move|p1a: Iron Valiant|Shadow Ball|p2a: Eta\n|-supereffective|p2a: Eta\n|-damage|p2a: Eta|0 fnt\n|faint|p2a: Eta\n|-damage|p1a: Iron Valiant|91\/100|[from] item: Life Orb\n|\n|win|mudkipfan333\n|c|\u2606mudkipfan333|Gg\n","uploadtime":1700326836,"views":7,"p1id":"mudkipfan333","p2id":"xleontdx","formatid":"gen9ubers","rating":0,"private":0,"password":""}