{"id":"radicalred-gen9ubers-548766","p1":"axelzzz09","p2":"anderproyt","format":"[Gen 9] Ubers","log":"|j|\u2606axelzzz09\n|j|\u2606anderproyt\n|t:|1700434696\n|gametype|singles\n|player|p1|axelzzz09|rr-sneasler|\n|player|p2|anderproyt|rr-tyranitar|\n|teamsize|p1|6\n|teamsize|p2|6\n|gen|9\n|tier|[Gen 9] Ubers\n|rule|Sleep Clause Mod: Limit one foe put to sleep\n|rule|Species Clause: Limit one of each Pok\u00e9mon\n|rule|OHKO Clause: OHKO moves are banned\n|rule|Evasion Abilities Clause: Evasion abilities are banned\n|rule|Evasion Items Clause: Evasion items are banned\n|rule|Evasion Moves Clause: Evasion moves are banned\n|rule|Endless Battle Clause: Forcing endless battles is banned\n|rule|HP Percentage Mod: HP is shown in percentages\n|rule|Dynamax Clause: You cannot dynamax\n|rule|Mega Rayquaza Clause: You cannot mega evolve Rayquaza\n|clearpoke\n|poke|p1|Decidueye, M|\n|poke|p1|Zoroark-Hisui, F|\n|poke|p1|Machamp, F|\n|poke|p1|Sneasler, F|\n|poke|p1|Iron Valiant|\n|poke|p1|Ursaring-Sevii, F|\n|poke|p2|Darmanitan-Galar, M|\n|poke|p2|Rillaboom, M|\n|poke|p2|Medicham, F|\n|poke|p2|Rotom-Heat|\n|poke|p2|Cyclizar, F|\n|poke|p2|Gorebyss, F|\n|teampreview\n|c|\u2606axelzzz09|xd ahora\n|c|\u2606anderproyt|mismo inicio\n|c|\u2606axelzzz09|xd no le habia puesto el energy boster\n|\n|t:|1700434719\n|start\n|switch|p1a: Iron Valiant|Iron Valiant|100\/100\n|switch|p2a: A come!!|Rotom-Heat, shiny|100\/100\n|-enditem|p1a: Iron Valiant|Booster Energy\n|-activate|p1a: Iron Valiant|ability: Quark Drive|[fromitem]\n|-start|p1a: Iron Valiant|quarkdrivespe\n|turn|1\n|\n|t:|1700434732\n|move|p1a: Iron Valiant|Knock Off|p2a: A come!!\n|-damage|p2a: A come!!|67\/100\n|-enditem|p2a: A come!!|Light Clay|[from] move: Knock Off|[of] p1a: Iron Valiant\n|move|p2a: A come!!|Thunder Wave|p1a: Iron Valiant\n|-status|p1a: Iron Valiant|par\n|\n|upkeep\n|turn|2\n|c|\u2606anderproyt|mi arcilla\n|\n|t:|1700434748\n|cant|p1a: Iron Valiant|par\n|move|p2a: A come!!|Light Screen|p2a: A come!!\n|-sidestart|p2: anderproyt|move: Light Screen\n|\n|upkeep\n|turn|3\n|\n|t:|1700434752\n|move|p1a: Iron Valiant|Spirit Break|p2a: A come!!\n|-resisted|p2a: A come!!\n|-damage|p2a: A come!!|48\/100\n|-unboost|p2a: A come!!|spa|1\n|move|p2a: A come!!|Reflect|p2a: A come!!\n|-sidestart|p2: anderproyt|Reflect\n|\n|upkeep\n|turn|4\n|\n|t:|1700434761\n|switch|p2a: HAKAI|Gorebyss, F|100\/100\n|cant|p1a: Iron Valiant|par\n|\n|upkeep\n|turn|5\n|\n|t:|1700434767\n|cant|p1a: Iron Valiant|par\n|move|p2a: HAKAI|Shell Smash|p2a: HAKAI\n|-unboost|p2a: HAKAI|def|1\n|-unboost|p2a: HAKAI|spd|1\n|-boost|p2a: HAKAI|atk|2\n|-boost|p2a: HAKAI|spa|2\n|-boost|p2a: HAKAI|spe|2\n|-enditem|p2a: HAKAI|White Herb\n|-clearnegativeboost|p2a: HAKAI|[silent]\n|\n|upkeep\n|turn|6\n|c|\u2606anderproyt|bueno momento xd\n|\n|t:|1700434779\n|move|p2a: HAKAI|Surf|p1a: Iron Valiant\n|-damage|p1a: Iron Valiant|0 fnt\n|faint|p1a: Iron Valiant\n|-end|p1a: Iron Valiant|Quark Drive|[silent]\n|\n|-sideend|p2: anderproyt|move: Light Screen\n|upkeep\n|c|\u2606axelzzz09|oh no\n|\n|t:|1700434788\n|switch|p1a: Ursaring|Ursaring-Sevii, F|100\/100\n|turn|7\n|\n|t:|1700434795\n|move|p2a: HAKAI|Psychic|p1a: Ursaring\n|-damage|p1a: Ursaring|0 fnt\n|replace|p1a: Zoroark|Zoroark-Hisui, F\n|-end|p1a: Zoroark|Illusion\n|faint|p1a: Zoroark\n|\n|-sideend|p2: anderproyt|Reflect\n|upkeep\n|\n|t:|1700434802\n|switch|p1a: Ursaring|Ursaring-Sevii, F|100\/100\n|turn|8\n|c|\u2606anderproyt|tememe xd\n|\n|t:|1700434806\n|move|p1a: Ursaring|Shadow Sneak||[still]\n|cant|p2a: HAKAI|ability: Dazzling|Shadow Sneak|[of] p1a: Ursaring\n|move|p2a: HAKAI|Psychic|p1a: Ursaring\n|-supereffective|p1a: Ursaring\n|-damage|p1a: Ursaring|25\/100\n|\n|-status|p1a: Ursaring|brn|[from] item: Flame Orb\n|upkeep\n|turn|9\n|\n|t:|1700434815\n|move|p2a: HAKAI|Draining Kiss|p1a: Ursaring\n|-supereffective|p1a: Ursaring\n|-damage|p1a: Ursaring|0 fnt\n|faint|p1a: Ursaring\n|\n|upkeep\n|\n|t:|1700434823\n|switch|p1a: Sneasler|Sneasler, F|100\/100\n|turn|10\n|inactive|Battle timer is ON: inactive players will automatically lose when time's up. (requested by axelzzz09)\n|inactive|anderproyt has 270 seconds left.\n|j| fuwawaGorebyssgard\n|inactive|anderproyt has 240 seconds left.\n|c|\u2606axelzzz09|...\n|c|\u2606axelzzz09|hola\n|inactive|anderproyt has 210 seconds left.\n|inactive|anderproyt has 180 seconds left.\n|c| fuwawaGorebyssgard|hola\n|inactive|anderproyt has 150 seconds left.\n|inactive|anderproyt has 120 seconds left.\n|c|\u2606axelzzz09|hablas espa\u00f1ol?\n|inactive|anderproyt has 90 seconds left.\n|inactiveoff|Battle timer is now OFF.\n|c|\u2606axelzzz09|gorebis guard?\n|c|\u2606anderproyt|xd\n|c|\u2606anderproyt|volvi\n|\n|t:|1700435115\n|move|p2a: HAKAI|Psychic|p1a: Sneasler\n|-supereffective|p1a: Sneasler\n|-crit|p1a: Sneasler\n|-enditem|p1a: Sneasler|Focus Sash\n|-damage|p1a: Sneasler|1\/100\n|move|p1a: Sneasler|Dire Claw|p2a: HAKAI\n|-supereffective|p2a: HAKAI\n|-damage|p2a: HAKAI|0 fnt\n|faint|p2a: HAKAI\n|\n|upkeep\n|\n|t:|1700435124\n|switch|p2a: El Rolas|Rillaboom, M, shiny|100\/100\n|-fieldstart|move: Grassy Terrain|[from] ability: Grassy Surge|[of] p2a: El Rolas\n|turn|11\n|\n|t:|1700435133\n|switch|p1a: robin hood|Decidueye, M|100\/100\n|move|p2a: El Rolas|Grassy Glide|p1a: robin hood\n|-resisted|p1a: robin hood\n|-damage|p1a: robin hood|72\/100\n|\n|-heal|p1a: robin hood|78\/100|[from] Grassy Terrain\n|upkeep\n|turn|12\n|\n|t:|1700435142\n|switch|p2a: A come!!|Rotom-Heat, shiny|48\/100\n|move|p1a: robin hood|Poltergeist||[still]\n|-fail|p1a: robin hood\n|\n|-heal|p1a: robin hood|84\/100|[from] Grassy Terrain\n|upkeep\n|turn|13\n|\n|t:|1700435152\n|move|p1a: robin hood|Shadow Sneak|p2a: A come!!\n|-damage|p2a: A come!!|27\/100\n|move|p2a: A come!!|Reflect|p2a: A come!!\n|-sidestart|p2: anderproyt|Reflect\n|\n|-heal|p1a: robin hood|90\/100|[from] Grassy Terrain\n|upkeep\n|turn|14\n|\n|t:|1700435160\n|move|p1a: robin hood|Poltergeist||[still]\n|-fail|p1a: robin hood\n|move|p2a: A come!!|Thunder Wave|p1a: robin hood\n|-status|p1a: robin hood|par\n|\n|-heal|p1a: robin hood|96\/100 par|[from] Grassy Terrain\n|upkeep\n|turn|15\n|\n|t:|1700435167\n|switch|p2a: Motorizer|Cyclizar, F|100\/100\n|cant|p1a: robin hood|par\n|\n|-heal|p1a: robin hood|100\/100 par|[from] Grassy Terrain\n|-fieldend|move: Grassy Terrain\n|upkeep\n|turn|16\n|\n|t:|1700435175\n|move|p2a: Motorizer|Knock Off|p1a: robin hood\n|-supereffective|p1a: robin hood\n|-damage|p1a: robin hood|42\/100 par\n|-enditem|p1a: robin hood|Spell Tag|[from] move: Knock Off|[of] p2a: Motorizer\n|cant|p1a: robin hood|par\n|\n|upkeep\n|turn|17\n|\n|t:|1700435182\n|move|p2a: Motorizer|U-turn|p1a: robin hood\n|-damage|p1a: robin hood|20\/100 par\n|\n|t:|1700435192\n|switch|p2a: El Rolas|Rillaboom, M, shiny|100\/100|[from] U-turn\n|-fieldstart|move: Grassy Terrain|[from] ability: Grassy Surge|[of] p2a: El Rolas\n|move|p1a: robin hood|Leaf Blade|p2a: El Rolas\n|-resisted|p2a: El Rolas\n|-crit|p2a: El Rolas\n|-damage|p2a: El Rolas|6\/100\n|\n|-heal|p2a: El Rolas|12\/100|[from] Grassy Terrain\n|-heal|p1a: robin hood|26\/100 par|[from] Grassy Terrain\n|-sideend|p2: anderproyt|Reflect\n|upkeep\n|turn|18\n|c|\u2606axelzzz09|diablo decidueye resiste \n|c|\u2606anderproyt|xd\n|c|\u2606anderproyt|critico\n|\n|t:|1700435207\n|move|p2a: El Rolas|Grassy Glide|p1a: robin hood\n|-resisted|p1a: robin hood\n|-damage|p1a: robin hood|0 fnt\n|faint|p1a: robin hood\n|\n|-heal|p2a: El Rolas|18\/100|[from] Grassy Terrain\n|upkeep\n|c|\u2606anderproyt|resiste si\n|\n|t:|1700435215\n|switch|p1a: Machamp|Machamp, F|100\/100\n|turn|19\n|\n|t:|1700435219\n|detailschange|p1a: Machamp|Machamp-Mega, F\n|-mega|p1a: Machamp|Machamp|Machampite\n|move|p2a: El Rolas|Grassy Glide|p1a: Machamp\n|-damage|p1a: Machamp|66\/100\n|move|p1a: Machamp|Power-Up Punch|p2a: El Rolas\n|-damage|p2a: El Rolas|0 fnt\n|-boost|p1a: Machamp|atk|1\n|faint|p2a: El Rolas\n|-hitcount|p2: El Rolas|1\n|\n|-heal|p1a: Machamp|72\/100|[from] Grassy Terrain\n|upkeep\n|\n|t:|1700435234\n|switch|p2a: Gonzales|Medicham, F, shiny|100\/100\n|turn|20\n|\n|t:|1700435240\n|detailschange|p2a: Gonzales|Medicham-Mega, F, shiny\n|-mega|p2a: Gonzales|Medicham|Medichamite\n|move|p1a: Machamp|Mach Punch|p2a: Gonzales\n|-resisted|p2a: Gonzales\n|-damage|p2a: Gonzales|80\/100\n|-resisted|p2a: Gonzales\n|-damage|p2a: Gonzales|69\/100\n|-hitcount|p2a: Gonzales|2\n|move|p2a: Gonzales|Zen Headbutt|p1a: Machamp\n|-supereffective|p1a: Machamp\n|-damage|p1a: Machamp|0 fnt\n|faint|p1a: Machamp\n|\n|-heal|p2a: Gonzales|75\/100|[from] Grassy Terrain\n|upkeep\n|c|\u2606anderproyt|xd\n|\n|t:|1700435254\n|switch|p1a: Sneasler|Sneasler, F|1\/100\n|turn|21\n|\n|t:|1700435264\n|switch|p2a: Motorizer|Cyclizar, F|100\/100\n|move|p1a: Sneasler|Darkest Lariat|p2a: Motorizer\n|-damage|p2a: Motorizer|58\/100\n|\n|-heal|p2a: Motorizer|64\/100|[from] Grassy Terrain\n|-heal|p1a: Sneasler|7\/100|[from] Grassy Terrain\n|-fieldend|move: Grassy Terrain\n|upkeep\n|turn|22\n|\n|t:|1700435274\n|move|p2a: Motorizer|Rapid Spin|p1a: Sneasler\n|-damage|p1a: Sneasler|0 fnt\n|-boost|p2a: Motorizer|spe|1\n|faint|p1a: Sneasler\n|\n|win|anderproyt\n|c|\u2606anderproyt|xd\n|c|\u2606anderproyt|no era unburden?\n|c|\u2606anderproyt|o no era full speed?\n|l|\u2606axelzzz09\n","uploadtime":1700436511,"views":12,"p1id":"axelzzz09","p2id":"anderproyt","formatid":"gen9ubers","rating":0,"private":0,"password":""}