{"id":"radicalred-gen9ubers-536534","p1":"mixolx","p2":"Mr cyphon","format":"[Gen 9] Ubers","log":"|j|\u2606mixolx\n|j|\u2606Mr cyphon\n|t:|1698155632\n|gametype|singles\n|player|p1|mixolx|rr-clawitzerseviian|\n|player|p2|Mr cyphon|rr-beedrillmega|\n|teamsize|p1|6\n|teamsize|p2|6\n|gen|9\n|tier|[Gen 9] Ubers\n|rule|Sleep Clause Mod: Limit one foe put to sleep\n|rule|Species Clause: Limit one of each Pok\u00e9mon\n|rule|OHKO Clause: OHKO moves are banned\n|rule|Evasion Abilities Clause: Evasion abilities are banned\n|rule|Evasion Items Clause: Evasion items are banned\n|rule|Evasion Moves Clause: Evasion moves are banned\n|rule|Endless Battle Clause: Forcing endless battles is banned\n|rule|HP Percentage Mod: HP is shown in percentages\n|rule|Dynamax Clause: You cannot dynamax\n|rule|Mega Rayquaza Clause: You cannot mega evolve Rayquaza\n|clearpoke\n|poke|p1|Necrozma-Dusk-Mane|\n|poke|p1|Metagross|\n|poke|p1|Gholdengo|\n|poke|p1|Genesect|\n|poke|p1|Heatran, F|\n|poke|p1|Iron Jugulis|\n|poke|p2|Toxapex, F|\n|poke|p2|Sneasler, F|\n|poke|p2|Crobat, F|\n|poke|p2|Naganadel|\n|poke|p2|Gengar, F|\n|poke|p2|Eternatus|\n|teampreview\n|c|\u2606Mr cyphon|have fun\n|c|\u2606mixolx|y2\n|j| Heidhall\n|\n|t:|1698155668\n|start\n|switch|p1a: Necrozma|Necrozma-Dusk-Mane|100\/100\n|switch|p2a: Sneasler|Sneasler, F|100\/100\n|turn|1\n|\n|t:|1698155673\n|move|p2a: Sneasler|Fake Out|p1a: Necrozma\n|-resisted|p1a: Necrozma\n|-damage|p1a: Necrozma|95\/100\n|cant|p1a: Necrozma|flinch\n|\n|upkeep\n|turn|2\n|\n|t:|1698155675\n|move|p2a: Sneasler|U-turn|p1a: Necrozma\n|-damage|p1a: Necrozma|75\/100\n|\n|t:|1698155679\n|switch|p2a: Toxapex|Toxapex, F|100\/100|[from] U-turn\n|move|p1a: Necrozma|Dragon Dance|p1a: Necrozma\n|-boost|p1a: Necrozma|atk|1\n|-boost|p1a: Necrozma|spe|1\n|\n|upkeep\n|turn|3\n|\n|t:|1698155687\n|move|p1a: Necrozma|Dragon Dance|p1a: Necrozma\n|-boost|p1a: Necrozma|atk|1\n|-boost|p1a: Necrozma|spe|1\n|move|p2a: Toxapex|Haze|p2a: Toxapex\n|-clearallboost\n|\n|upkeep\n|turn|4\n|\n|t:|1698155691\n|move|p1a: Necrozma|Dragon Dance|p1a: Necrozma\n|-boost|p1a: Necrozma|atk|1\n|-boost|p1a: Necrozma|spe|1\n|move|p2a: Toxapex|Toxic Spikes|p1a: Necrozma\n|-sidestart|p1: mixolx|move: Toxic Spikes\n|\n|upkeep\n|turn|5\n|\n|t:|1698155695\n|move|p1a: Necrozma|Photon Geyser|p2a: Toxapex\n|-supereffective|p2a: Toxapex\n|-crit|p2a: Toxapex\n|-damage|p2a: Toxapex|0 fnt\n|faint|p2a: Toxapex\n|\n|upkeep\n|\n|t:|1698155701\n|switch|p2a: Sneasler|Sneasler, F|100\/100\n|turn|6\n|\n|t:|1698155705\n|move|p2a: Sneasler|Fake Out|p1a: Necrozma\n|-resisted|p1a: Necrozma\n|-damage|p1a: Necrozma|70\/100\n|cant|p1a: Necrozma|flinch\n|\n|upkeep\n|turn|7\n|\n|t:|1698155707\n|move|p1a: Necrozma|Dragon Dance|p1a: Necrozma\n|-boost|p1a: Necrozma|atk|1\n|-boost|p1a: Necrozma|spe|1\n|move|p2a: Sneasler|Close Combat|p1a: Necrozma\n|-damage|p1a: Necrozma|19\/100\n|-unboost|p2a: Sneasler|def|1\n|-unboost|p2a: Sneasler|spd|1\n|\n|upkeep\n|turn|8\n|\n|t:|1698155717\n|move|p1a: Necrozma|Earthquake|p2a: Sneasler\n|-supereffective|p2a: Sneasler\n|-crit|p2a: Sneasler\n|-enditem|p2a: Sneasler|Focus Sash\n|-damage|p2a: Sneasler|1\/100\n|move|p2a: Sneasler|U-turn|p1a: Necrozma\n|-damage|p1a: Necrozma|0 fnt\n|faint|p1a: Necrozma\n|\n|t:|1698155730\n|switch|p2a: Crobat|Crobat, F|100\/100|[from] U-turn\n|\n|upkeep\n|c|\u2606mixolx|wasted youre unburden boost\n|\n|t:|1698155741\n|switch|p1a: Gholdengo|Gholdengo|100\/100\n|turn|9\n|\n|t:|1698155747\n|move|p1a: Gholdengo|Thunderbolt|p2a: Crobat\n|-supereffective|p2a: Crobat\n|-damage|p2a: Crobat|16\/100\n|move|p2a: Crobat|Heat Wave|p1a: Gholdengo\n|-supereffective|p1a: Gholdengo\n|-damage|p1a: Gholdengo|61\/100\n|\n|upkeep\n|turn|10\n|\n|t:|1698155752\n|move|p1a: Gholdengo|Thunderbolt|p2a: Crobat\n|-supereffective|p2a: Crobat\n|-damage|p2a: Crobat|0 fnt\n|faint|p2a: Crobat\n|\n|upkeep\n|c|\u2606mixolx|toxic spikes are useless\n|\n|t:|1698155767\n|switch|p2a: Eternatus|Eternatus|100\/100\n|-ability|p2a: Eternatus|Pressure\n|turn|11\n|\n|t:|1698155776\n|move|p1a: Gholdengo|Thunderbolt|p2a: Eternatus\n|-resisted|p2a: Eternatus\n|-damage|p2a: Eternatus|88\/100\n|move|p2a: Eternatus|Cosmic Power|p2a: Eternatus\n|-boost|p2a: Eternatus|def|1\n|-boost|p2a: Eternatus|spd|1\n|\n|-heal|p2a: Eternatus|94\/100|[from] item: Leftovers\n|upkeep\n|turn|12\n|c| Heidhall|Cosmic power?\n|\n|t:|1698155781\n|switch|p1a: Metagross|Metagross|100\/100\n|move|p2a: Eternatus|Cosmic Power|p2a: Eternatus\n|-boost|p2a: Eternatus|def|1\n|-boost|p2a: Eternatus|spd|1\n|\n|-heal|p2a: Eternatus|100\/100|[from] item: Leftovers\n|upkeep\n|turn|13\n|\n|t:|1698155795\n|detailschange|p1a: Metagross|Metagross-Mega\n|-mega|p1a: Metagross|Metagross|Metagrossite\n|move|p2a: Eternatus|Flamethrower|p1a: Metagross\n|-supereffective|p1a: Metagross\n|-damage|p1a: Metagross|41\/100\n|move|p1a: Metagross|Zen Headbutt|p2a: Eternatus\n|-supereffective|p2a: Eternatus\n|-damage|p2a: Eternatus|55\/100\n|\n|-heal|p2a: Eternatus|61\/100|[from] item: Leftovers\n|upkeep\n|turn|14\n|\n|t:|1698155802\n|move|p1a: Metagross|Bullet Punch|p2a: Eternatus\n|-damage|p2a: Eternatus|50\/100\n|move|p2a: Eternatus|Flamethrower|p1a: Metagross\n|-supereffective|p1a: Metagross\n|-damage|p1a: Metagross|0 fnt\n|faint|p1a: Metagross\n|\n|-heal|p2a: Eternatus|56\/100|[from] item: Leftovers\n|upkeep\n|\n|t:|1698155808\n|switch|p1a: Iron Jugulis|Iron Jugulis|100\/100\n|-enditem|p1a: Iron Jugulis|Booster Energy\n|-activate|p1a: Iron Jugulis|ability: Quark Drive|[fromitem]\n|-start|p1a: Iron Jugulis|quarkdrivespe\n|turn|15\n|c|\u2606Mr cyphon|its based off of the randbats set\n|\n|t:|1698155817\n|move|p1a: Iron Jugulis|Aeroblast|p2a: Eternatus\n|-damage|p2a: Eternatus|36\/100\n|move|p2a: Eternatus|Recover|p2a: Eternatus\n|-heal|p2a: Eternatus|86\/100\n|\n|-heal|p2a: Eternatus|92\/100|[from] item: Leftovers\n|upkeep\n|turn|16\n|\n|t:|1698155821\n|move|p1a: Iron Jugulis|Aeroblast|p2a: Eternatus\n|-damage|p2a: Eternatus|75\/100\n|move|p2a: Eternatus|Cosmic Power|p2a: Eternatus\n|-boost|p2a: Eternatus|def|1\n|-boost|p2a: Eternatus|spd|1\n|\n|-heal|p2a: Eternatus|81\/100|[from] item: Leftovers\n|upkeep\n|turn|17\n|\n|t:|1698155824\n|move|p1a: Iron Jugulis|Aeroblast|p2a: Eternatus\n|-damage|p2a: Eternatus|67\/100\n|move|p2a: Eternatus|Cosmic Power|p2a: Eternatus\n|-boost|p2a: Eternatus|def|1\n|-boost|p2a: Eternatus|spd|1\n|\n|-heal|p2a: Eternatus|73\/100|[from] item: Leftovers\n|upkeep\n|turn|18\n|\n|t:|1698155828\n|move|p1a: Iron Jugulis|Dark Pulse|p2a: Eternatus\n|-damage|p2a: Eternatus|63\/100\n|move|p2a: Eternatus|Recover|p2a: Eternatus\n|-heal|p2a: Eternatus|100\/100\n|\n|upkeep\n|turn|19\n|\n|t:|1698155834\n|move|p1a: Iron Jugulis|Aeroblast|p2a: Eternatus\n|-damage|p2a: Eternatus|87\/100\n|move|p2a: Eternatus|Dynamax Cannon|p1a: Iron Jugulis\n|-damage|p1a: Iron Jugulis|41\/100\n|\n|-heal|p2a: Eternatus|93\/100|[from] item: Leftovers\n|upkeep\n|turn|20\n|\n|t:|1698155839\n|move|p1a: Iron Jugulis|Dark Pulse|p2a: Eternatus\n|-damage|p2a: Eternatus|84\/100\n|move|p2a: Eternatus|Dynamax Cannon|p1a: Iron Jugulis\n|-damage|p1a: Iron Jugulis|0 fnt\n|faint|p1a: Iron Jugulis\n|-end|p1a: Iron Jugulis|Quark Drive|[silent]\n|\n|-heal|p2a: Eternatus|90\/100|[from] item: Leftovers\n|upkeep\n|\n|t:|1698155851\n|switch|p1a: Gholdengo|Gholdengo|61\/100\n|turn|21\n|\n|t:|1698155855\n|move|p1a: Gholdengo|Make It Rain|p2a: Eternatus\n|-damage|p2a: Eternatus|75\/100\n|-unboost|p1a: Gholdengo|spa|1\n|move|p2a: Eternatus|Flamethrower|p1a: Gholdengo\n|-supereffective|p1a: Gholdengo\n|-damage|p1a: Gholdengo|0 fnt\n|faint|p1a: Gholdengo\n|\n|-heal|p2a: Eternatus|81\/100|[from] item: Leftovers\n|upkeep\n|\n|t:|1698155865\n|switch|p1a: Genesect|Genesect|100\/100\n|-ability|p1a: Genesect|Download|boost\n|-boost|p1a: Genesect|spa|1\n|turn|22\n|\n|t:|1698155869\n|move|p2a: Eternatus|Flamethrower|p1a: Genesect\n|-supereffective|p1a: Genesect\n|-damage|p1a: Genesect|0 fnt\n|faint|p1a: Genesect\n|\n|-heal|p2a: Eternatus|87\/100|[from] item: Leftovers\n|upkeep\n|\n|t:|1698155874\n|switch|p1a: Heatran|Heatran, F|100\/100\n|turn|23\n|c|\u2606Mr cyphon|ggs\n|\n|t:|1698155882\n|move|p1a: Heatran|Earth Power|p2a: Eternatus\n|-supereffective|p2a: Eternatus\n|-damage|p2a: Eternatus|72\/100\n|move|p2a: Eternatus|Dynamax Cannon|p1a: Heatran\n|-resisted|p1a: Heatran\n|-damage|p1a: Heatran|77\/100\n|\n|-heal|p2a: Eternatus|79\/100|[from] item: Leftovers\n|upkeep\n|turn|24\n|\n|t:|1698155888\n|move|p1a: Heatran|Earth Power|p2a: Eternatus\n|-supereffective|p2a: Eternatus\n|-damage|p2a: Eternatus|63\/100\n|move|p2a: Eternatus|Dynamax Cannon|p1a: Heatran\n|-resisted|p1a: Heatran\n|-damage|p1a: Heatran|51\/100\n|\n|-heal|p2a: Eternatus|70\/100|[from] item: Leftovers\n|upkeep\n|turn|25\n|\n|t:|1698155895\n|move|p1a: Heatran|Earth Power|p2a: Eternatus\n|-supereffective|p2a: Eternatus\n|-damage|p2a: Eternatus|54\/100\n|move|p2a: Eternatus|Dynamax Cannon|p1a: Heatran\n|-resisted|p1a: Heatran\n|-damage|p1a: Heatran|28\/100\n|\n|-heal|p2a: Eternatus|60\/100|[from] item: Leftovers\n|upkeep\n|turn|26\n|\n|t:|1698155897\n|move|p1a: Heatran|Earth Power|p2a: Eternatus\n|-supereffective|p2a: Eternatus\n|-damage|p2a: Eternatus|45\/100\n|move|p2a: Eternatus|Dynamax Cannon|p1a: Heatran\n|-resisted|p1a: Heatran\n|-damage|p1a: Heatran|2\/100\n|\n|-heal|p2a: Eternatus|51\/100|[from] item: Leftovers\n|upkeep\n|turn|27\n|\n|t:|1698155901\n|move|p1a: Heatran|Earth Power|p2a: Eternatus\n|-supereffective|p2a: Eternatus\n|-damage|p2a: Eternatus|34\/100\n|move|p2a: Eternatus|Recover|p2a: Eternatus\n|-heal|p2a: Eternatus|84\/100\n|\n|-heal|p2a: Eternatus|90\/100|[from] item: Leftovers\n|upkeep\n|turn|28\n|\n|t:|1698155903\n|move|p1a: Heatran|Earth Power|p2a: Eternatus\n|-supereffective|p2a: Eternatus\n|-damage|p2a: Eternatus|74\/100\n|move|p2a: Eternatus|Dynamax Cannon|p1a: Heatran\n|-resisted|p1a: Heatran\n|-damage|p1a: Heatran|0 fnt\n|faint|p1a: Heatran\n|\n|win|Mr cyphon\n|c|\u2606Mr cyphon|gg\n|c|\u2606mixolx|gg\n|l|\u2606mixolx\n","uploadtime":1698155917,"views":18,"p1id":"mixolx","p2id":"mrcyphon","formatid":"gen9ubers","rating":0,"private":0,"password":""}