{"id":"radicalred-gen9ubers-552135","p1":"drakenheart666","p2":"phantom_rook","format":"[Gen 9] Ubers","log":"|j|\u2606drakenheart666\n|j|\u2606phantom_rook\n|t:|1701204944\n|gametype|singles\n|player|p1|drakenheart666|rr-dragonite|\n|player|p2|phantom_rook|170|\n|teamsize|p1|6\n|teamsize|p2|6\n|gen|9\n|tier|[Gen 9] Ubers\n|rule|Sleep Clause Mod: Limit one foe put to sleep\n|rule|Species Clause: Limit one of each Pok\u00e9mon\n|rule|OHKO Clause: OHKO moves are banned\n|rule|Evasion Abilities Clause: Evasion abilities are banned\n|rule|Evasion Items Clause: Evasion items are banned\n|rule|Evasion Moves Clause: Evasion moves are banned\n|rule|Endless Battle Clause: Forcing endless battles is banned\n|rule|HP Percentage Mod: HP is shown in percentages\n|rule|Dynamax Clause: You cannot dynamax\n|rule|Mega Rayquaza Clause: You cannot mega evolve Rayquaza\n|clearpoke\n|poke|p1|Claydol|\n|poke|p1|Empoleon, F|\n|poke|p1|Clefable, F|\n|poke|p1|Zebstrika-Sevii, F|\n|poke|p1|Samurott-Hisui, F|\n|poke|p1|Flamigo, F|\n|poke|p2|Dragapult, F|\n|poke|p2|Slowbro, M|\n|poke|p2|Whimsicott, F|\n|poke|p2|Heatran, M|\n|poke|p2|Sunflora, M|\n|poke|p2|Simisear, M|\n|teampreview\n|c|\u2606drakenheart666|not the monke\n|c|\u2606drakenheart666|gl hf\n|c|\u2606phantom_rook|:)\n|\n|t:|1701204962\n|start\n|switch|p1a: Amigo flapflap|Flamigo, F|100\/100\n|switch|p2a: Not Draje.|Dragapult, F|100\/100\n|turn|1\n|\n|t:|1701204974\n|move|p2a: Not Draje.|Reflect|p2a: Not Draje.\n|-sidestart|p2: phantom_rook|Reflect\n|move|p1a: Amigo flapflap|Brave Bird|p2a: Not Draje.\n|-crit|p2a: Not Draje.\n|-damage|p2a: Not Draje.|0 fnt\n|faint|p2a: Not Draje.\n|-damage|p1a: Amigo flapflap|65\/100|[from] Recoil\n|\n|upkeep\n|c|\u2606drakenheart666|nice\n|c|\u2606phantom_rook|oof\n|c|\u2606drakenheart666|sorry about that lol\n|c|\u2606phantom_rook|this is the third match in a row where lead dragapult get's haxed lmao\n|c|\u2606drakenheart666|lmao\n|c|\u2606phantom_rook|2x a crit\n|c|\u2606phantom_rook|other time 2 misses\n|c|\u2606drakenheart666|flamigo first kill woohoo\n|\n|t:|1701205031\n|switch|p2a: Better than Draje.|Whimsicott, F|100\/100\n|turn|2\n|c|\u2606drakenheart666|oh wait you didnt even bring terrakion \n|\n|t:|1701205037\n|move|p2a: Better than Draje.|Cotton Guard|p2a: Better than Draje.\n|-boost|p2a: Better than Draje.|def|3\n|move|p1a: Amigo flapflap|Brave Bird|p2a: Better than Draje.\n|-supereffective|p2a: Better than Draje.\n|-damage|p2a: Better than Draje.|72\/100\n|-damage|p1a: Amigo flapflap|56\/100|[from] Recoil\n|\n|-heal|p2a: Better than Draje.|78\/100|[from] item: Leftovers\n|upkeep\n|turn|3\n|\n|t:|1701205045\n|move|p2a: Better than Draje.|Leech Seed|p1a: Amigo flapflap|[miss]\n|-miss|p2a: Better than Draje.|p1a: Amigo flapflap\n|move|p1a: Amigo flapflap|Brave Bird|p2a: Better than Draje.\n|-supereffective|p2a: Better than Draje.\n|-damage|p2a: Better than Draje.|52\/100\n|-damage|p1a: Amigo flapflap|48\/100|[from] Recoil\n|\n|-heal|p2a: Better than Draje.|58\/100|[from] item: Leftovers\n|upkeep\n|turn|4\n|c|\u2606drakenheart666|all skillz\n|c|\u2606phantom_rook|not again\n|\n|t:|1701205055\n|switch|p1a: Napoleon|Empoleon, F|100\/100\n|move|p2a: Better than Draje.|Substitute|p2a: Better than Draje.\n|-start|p2a: Better than Draje.|Substitute\n|-damage|p2a: Better than Draje.|33\/100\n|\n|-heal|p2a: Better than Draje.|40\/100|[from] item: Leftovers\n|upkeep\n|turn|5\n|c|\u2606phantom_rook|'this also happened last match lol\n|c|\u2606drakenheart666|ah ew\n|c|\u2606drakenheart666|not that set :copium:\n|\n|t:|1701205075\n|switch|p1a: See the light|Clefable, F|100\/100\n|move|p2a: Better than Draje.|Leech Seed|p1a: See the light|[miss]\n|-miss|p2a: Better than Draje.|p1a: See the light\n|\n|-heal|p2a: Better than Draje.|46\/100|[from] item: Leftovers\n|upkeep\n|turn|6\n|c|\u2606drakenheart666|...\n|c|\u2606drakenheart666|i am sorry\n|c|\u2606phantom_rook|this also happened\n|\n|t:|1701205089\n|move|p2a: Better than Draje.|Leech Seed|p1a: See the light\n|-start|p1a: See the light|move: Leech Seed\n|move|p1a: See the light|Light of Ruin|p2a: Better than Draje.\n|-end|p2a: Better than Draje.|Substitute\n|\n|-heal|p2a: Better than Draje.|52\/100|[from] item: Leftovers\n|upkeep\n|turn|7\n|c|\u2606phantom_rook|I am truly getting haxxerd this entire season lol\n|c|\u2606drakenheart666|to be fair that didnt really matter here\n|\n|t:|1701205105\n|move|p2a: Better than Draje.|Substitute|p2a: Better than Draje.\n|-start|p2a: Better than Draje.|Substitute\n|-damage|p2a: Better than Draje.|27\/100\n|move|p1a: See the light|Light of Ruin|p2a: Better than Draje.\n|-end|p2a: Better than Draje.|Substitute\n|\n|-heal|p2a: Better than Draje.|33\/100|[from] item: Leftovers\n|upkeep\n|turn|8\n|c|\u2606phantom_rook|it absolutely did\n|c|\u2606phantom_rook|I really needed that extra turn lol\n|c|\u2606phantom_rook|of healing\n|c|\u2606drakenheart666|i mean its you that wasted a turn trying to seed a magic guard clef \n|c|\u2606drakenheart666|i emant on cef not before that\n|\n|t:|1701205137\n|switch|p2a: Draje but hot.|Heatran, M|100\/100\n|move|p1a: See the light|Light of Ruin|p2a: Draje but hot.\n|-resisted|p2a: Draje but hot.\n|-damage|p2a: Draje but hot.|92\/100\n|\n|-sideend|p2: phantom_rook|Reflect\n|upkeep\n|turn|9\n|c|\u2606phantom_rook|it still gets recovery\n|c|\u2606phantom_rook|that 12% mattered for pp stalling lol\n|c|\u2606drakenheart666|fair\n|\n|t:|1701205159\n|move|p2a: Draje but hot.|Sunny Day|p2a: Draje but hot.\n|-weather|SunnyDay\n|move|p1a: See the light|Hidden Power|p2a: Draje but hot.\n|-supereffective|p2a: Draje but hot.\n|-damage|p2a: Draje but hot.|46\/100\n|\n|-weather|SunnyDay|[upkeep]\n|upkeep\n|turn|10\n|\n|t:|1701205166\n|switch|p2a: Draje's nightmare.|Sunflora, M|100\/100\n|move|p1a: See the light|Hidden Power|p2a: Draje's nightmare.\n|-resisted|p2a: Draje's nightmare.\n|-damage|p2a: Draje's nightmare.|93\/100\n|\n|-weather|SunnyDay|[upkeep]\n|upkeep\n|turn|11\n|\n|t:|1701205175\n|move|p2a: Draje's nightmare.|Solar Beam||[still]\n|-prepare|p2a: Draje's nightmare.|Solar Beam\n|-anim|p2a: Draje's nightmare.|Solar Beam|p1a: See the light\n|-damage|p1a: See the light|0 fnt\n|faint|p1a: See the light\n|\n|-weather|SunnyDay|[upkeep]\n|upkeep\n|j| CL LeafMist\n|c|\u2606phantom_rook|:)\n|c|\u2606phantom_rook|draje did not prep for the 1 pointers i see\n|c|\u2606drakenheart666|nope\n|c| CL LeafMist|I see drake is haxing already \n|\n|t:|1701205241\n|switch|p1a: Napoleon|Empoleon, F|100\/100\n|turn|12\n|\n|t:|1701205254\n|move|p2a: Draje's nightmare.|Solar Beam||[still]\n|-prepare|p2a: Draje's nightmare.|Solar Beam\n|-anim|p2a: Draje's nightmare.|Solar Beam|p1a: Napoleon\n|-damage|p1a: Napoleon|10\/100\n|move|p1a: Napoleon|Make It Rain|p2a: Draje's nightmare.\n|-damage|p2a: Draje's nightmare.|17\/100\n|-unboost|p1a: Napoleon|spa|1\n|\n|-weather|SunnyDay|[upkeep]\n|upkeep\n|turn|13\n|c|\u2606drakenheart666|ow\n|c|\u2606phantom_rook|>:)\n|\n|t:|1701205277\n|move|p2a: Draje's nightmare.|Solar Beam||[still]\n|-prepare|p2a: Draje's nightmare.|Solar Beam\n|-anim|p2a: Draje's nightmare.|Solar Beam|p1a: Napoleon\n|-damage|p1a: Napoleon|0 fnt\n|faint|p1a: Napoleon\n|\n|-weather|SunnyDay|[upkeep]\n|upkeep\n|\n|t:|1701205291\n|switch|p1a: no shell for me|Samurott-Hisui, F|100\/100\n|turn|14\n|\n|t:|1701205297\n|move|p2a: Draje's nightmare.|Solar Beam||[still]\n|-prepare|p2a: Draje's nightmare.|Solar Beam\n|-anim|p2a: Draje's nightmare.|Solar Beam|p1a: no shell for me\n|-supereffective|p1a: no shell for me\n|-enditem|p1a: no shell for me|Focus Sash\n|-damage|p1a: no shell for me|1\/100\n|move|p1a: no shell for me|Cross Poison|p2a: Draje's nightmare.\n|-supereffective|p2a: Draje's nightmare.\n|-damage|p2a: Draje's nightmare.|0 fnt\n|faint|p2a: Draje's nightmare.\n|\n|-weather|SunnyDay|[upkeep]\n|upkeep\n|c| CL LeafMist|in case a dark move didnt kill\n|\n|t:|1701205317\n|switch|p2a: Draje.|Simisear, M|100\/100\n|turn|15\n|c|\u2606drakenheart666|i didnt wanna miss :kek:\n|\n|t:|1701205328\n|move|p2a: Draje.|Fire Blast|p1a: no shell for me\n|-resisted|p1a: no shell for me\n|-damage|p1a: no shell for me|0 fnt\n|faint|p1a: no shell for me\n|\n|-weather|SunnyDay|[upkeep]\n|upkeep\n|c| CL LeafMist|That hisui samurott has been so sad\n|\n|t:|1701205340\n|switch|p1a: ufo|Claydol|100\/100\n|turn|16\n|\n|t:|1701205344\n|move|p2a: Draje.|Fire Blast|p1a: ufo\n|-damage|p1a: ufo|3\/100\n|-status|p1a: ufo|brn\n|move|p1a: ufo|Earth Power|p2a: Draje.\n|-supereffective|p2a: Draje.\n|-damage|p2a: Draje.|20\/100\n|\n|-weather|none\n|-damage|p1a: ufo|0 fnt|[from] brn\n|faint|p1a: ufo\n|upkeep\n|c|\u2606drakenheart666|wow smh\n|\n|t:|1701205359\n|switch|p1a: Zebby|Zebstrika-Sevii, F|100\/100\n|turn|17\n|\n|t:|1701205364\n|move|p2a: Draje.|Fire Blast|p1a: Zebby\n|-supereffective|p1a: Zebby\n|-damage|p1a: Zebby|0 fnt\n|faint|p1a: Zebby\n|\n|upkeep\n|c| CL LeafMist|Omg\n|c|\u2606drakenheart666|man im really getting killed by a monkey and a flower\n|\n|t:|1701205380\n|switch|p1a: Amigo flapflap|Flamigo, F|48\/100\n|turn|18\n|c|\u2606phantom_rook|LMAO\n|\n|t:|1701205385\n|move|p2a: Draje.|Fire Blast|p1a: Amigo flapflap\n|-damage|p1a: Amigo flapflap|0 fnt\n|faint|p1a: Amigo flapflap\n|\n|win|phantom_rook\n|c| CL LeafMist|LOL\n|c|\u2606drakenheart666|:copium:\n|c|\u2606drakenheart666|i am so bad\n|c|\u2606drakenheart666|gg lmfao\n","uploadtime":1701205394,"views":63,"p1id":"drakenheart666","p2id":"phantomrook","formatid":"gen9ubers","rating":0,"private":0,"password":""}