{"id":"radicalred-gen9ubers-539299","p1":"Minato uzo crack","p2":"santosmaconha","format":"[Gen 9] Ubers","log":"|j|\u2606Minato uzo crack\n|j|\u2606santosmaconha\n|t:|1698593569\n|gametype|singles\n|player|p1|Minato uzo crack|rr-tyranitar|\n|player|p2|santosmaconha|rr-beedrillmega|\n|teamsize|p1|6\n|teamsize|p2|6\n|gen|9\n|tier|[Gen 9] Ubers\n|rule|Sleep Clause Mod: Limit one foe put to sleep\n|rule|Species Clause: Limit one of each Pok\u00e9mon\n|rule|OHKO Clause: OHKO moves are banned\n|rule|Evasion Abilities Clause: Evasion abilities are banned\n|rule|Evasion Items Clause: Evasion items are banned\n|rule|Evasion Moves Clause: Evasion moves are banned\n|rule|Endless Battle Clause: Forcing endless battles is banned\n|rule|HP Percentage Mod: HP is shown in percentages\n|rule|Dynamax Clause: You cannot dynamax\n|rule|Mega Rayquaza Clause: You cannot mega evolve Rayquaza\n|clearpoke\n|poke|p1|Magearna|\n|poke|p1|Tapu Lele|\n|poke|p1|Kartana|\n|poke|p1|Kommo-o, F|\n|poke|p1|Primarina, M|\n|poke|p1|Alomomola, F|\n|poke|p2|Zamazenta-*|\n|poke|p2|Rillaboom, F|\n|poke|p2|Corviknight, M|\n|poke|p2|Urshifu-*, F|\n|poke|p2|Dragapult, F|\n|poke|p2|Hatterene, F|\n|teampreview\n|inactive|Battle timer is ON: inactive players will automatically lose when time's up. (requested by Minato uzo crack)\n|c|\u2606santosmaconha|se quiser mandar la\n|inactive|santosmaconha has 270 seconds left.\n|\n|t:|1698593626\n|start\n|switch|p1a: Primarina|Primarina, M|100\/100\n|switch|p2a: Dragapult|Dragapult, F|100\/100\n|turn|1\n|\n|t:|1698593642\n|move|p2a: Dragapult|U-turn|p1a: Primarina\n|-resisted|p1a: Primarina\n|-damage|p1a: Primarina|91\/100\n|\n|t:|1698593646\n|switch|p2a: Corviknight|Corviknight, M|100\/100|[from] U-turn\n|-ability|p2a: Corviknight|Pressure\n|move|p1a: Primarina|Flip Turn|p2a: Corviknight\n|-damage|p2a: Corviknight|92\/100\n|\n|t:|1698593657\n|switch|p1a: Alomomola|Alomomola, F|100\/100|[from] Flip Turn\n|\n|upkeep\n|turn|2\n|\n|t:|1698593675\n|switch|p2a: Hatterene|Hatterene, F|100\/100\n|move|p1a: Alomomola|Knock Off|p2a: Hatterene\n|-damage|p2a: Hatterene|83\/100\n|-enditem|p2a: Hatterene|Red Card|[from] move: Knock Off|[of] p1a: Alomomola\n|\n|upkeep\n|turn|3\n|\n|t:|1698593687\n|move|p1a: Alomomola|Scald|p2a: Hatterene\n|-damage|p2a: Hatterene|71\/100\n|move|p2a: Hatterene|Thunder Wave|p1a: Alomomola|[miss]\n|-miss|p2a: Hatterene|p1a: Alomomola\n|\n|upkeep\n|turn|4\n|\n|t:|1698593702\n|move|p1a: Alomomola|Scald|p2a: Hatterene\n|-damage|p2a: Hatterene|60\/100\n|move|p2a: Hatterene|Draining Kiss|p1a: Alomomola\n|-damage|p1a: Alomomola|72\/100\n|-heal|p2a: Hatterene|96\/100|[from] drain|[of] p1a: Alomomola\n|\n|-heal|p1a: Alomomola|78\/100|[from] item: Leftovers\n|upkeep\n|turn|5\n|\n|t:|1698593727\n|move|p1a: Alomomola|Wish|p1a: Alomomola\n|move|p2a: Hatterene|Thunder Wave|p1a: Alomomola\n|-status|p1a: Alomomola|par\n|\n|-heal|p1a: Alomomola|84\/100 par|[from] item: Leftovers\n|upkeep\n|turn|6\n|\n|t:|1698593733\n|move|p2a: Hatterene|Draining Kiss|p1a: Alomomola\n|-damage|p1a: Alomomola|56\/100 par\n|-heal|p2a: Hatterene|100\/100|[from] drain|[of] p1a: Alomomola\n|cant|p1a: Alomomola|par\n|\n|-heal|p1a: Alomomola|100\/100 par|[from] move: Wish|[wisher] Alomomola\n|upkeep\n|turn|7\n|\n|t:|1698593740\n|move|p2a: Hatterene|Calm Mind|p2a: Hatterene\n|-boost|p2a: Hatterene|spa|1\n|-boost|p2a: Hatterene|spd|1\n|move|p1a: Alomomola|Flip Turn|p2a: Hatterene\n|-damage|p2a: Hatterene|84\/100\n|\n|t:|1698593747\n|switch|p1a: Kartana|Kartana|100\/100|[from] Flip Turn\n|\n|upkeep\n|turn|8\n|\n|t:|1698593755\n|switch|p2a: Corviknight|Corviknight, M|92\/100\n|-ability|p2a: Corviknight|Pressure\n|move|p1a: Kartana|Knock Off|p2a: Corviknight\n|-damage|p2a: Corviknight|68\/100\n|-enditem|p2a: Corviknight|Heavy-Duty Boots|[from] move: Knock Off|[of] p1a: Kartana\n|-damage|p1a: Kartana|91\/100|[from] item: Life Orb\n|\n|upkeep\n|turn|9\n|\n|t:|1698593765\n|move|p1a: Kartana|Swords Dance|p1a: Kartana\n|-boost|p1a: Kartana|atk|2\n|move|p2a: Corviknight|Body Press|p1a: Kartana\n|-supereffective|p1a: Kartana\n|-crit|p1a: Kartana\n|-damage|p1a: Kartana|25\/100\n|\n|upkeep\n|turn|10\n|\n|t:|1698593778\n|switch|p1a: Alomomola|Alomomola, F|100\/100 par\n|move|p2a: Corviknight|Body Press|p1a: Alomomola\n|-damage|p1a: Alomomola|86\/100 par\n|\n|-heal|p1a: Alomomola|92\/100 par|[from] item: Leftovers\n|upkeep\n|turn|11\n|\n|t:|1698593783\n|move|p2a: Corviknight|Roost|p2a: Corviknight\n|-heal|p2a: Corviknight|100\/100\n|-singleturn|p2a: Corviknight|move: Roost\n|move|p1a: Alomomola|Flip Turn|p2a: Corviknight\n|-damage|p2a: Corviknight|91\/100\n|\n|t:|1698593796\n|switch|p1a: Primarina|Primarina, M|91\/100|[from] Flip Turn\n|\n|upkeep\n|turn|12\n|\n|t:|1698593810\n|move|p2a: Corviknight|U-turn|p1a: Primarina\n|-resisted|p1a: Primarina\n|-damage|p1a: Primarina|83\/100\n|\n|t:|1698593814\n|switch|p2a: Hatterene|Hatterene, F|84\/100|[from] U-turn\n|move|p1a: Primarina|Ice Beam|p2a: Hatterene\n|-damage|p2a: Hatterene|56\/100\n|-status|p2a: Hatterene|frz\n|\n|-damage|p2a: Hatterene|50\/100 frz|[from] frz\n|upkeep\n|turn|13\n|c|\u2606santosmaconha|pq eu sempre tomo freeze\n|c|\u2606santosmaconha|meu deus\n|\n|t:|1698593836\n|switch|p1a: Alomomola|Alomomola, F|100\/100 par\n|move|p2a: Hatterene|Thunder Wave|p1a: Alomomola\n|-fail|p1a: Alomomola|par\n|\n|-damage|p2a: Hatterene|44\/100 frz|[from] frz\n|upkeep\n|turn|14\n|c|\u2606Minato uzo crack|aq n igual o normal \n|c|\u2606Minato uzo crack|\u00e9 frostbite\n|c|\u2606santosmaconha|ata\n|c|\u2606santosmaconha|vdd\n|c|\u2606Minato uzo crack|reduz teu sp atk\n|\n|t:|1698593862\n|move|p2a: Hatterene|Draining Kiss|p1a: Alomomola\n|-damage|p1a: Alomomola|88\/100 par\n|-heal|p2a: Hatterene|60\/100 frz|[from] drain|[of] p1a: Alomomola\n|move|p1a: Alomomola|Flip Turn|p2a: Hatterene\n|-damage|p2a: Hatterene|46\/100 frz\n|inactive|Minato uzo crack has 270 seconds left.\n|\n|t:|1698593877\n|switch|p1a: Kartana|Kartana|25\/100|[from] Flip Turn\n|\n|-damage|p2a: Hatterene|40\/100 frz|[from] frz\n|upkeep\n|turn|15\n|c|\u2606santosmaconha|nao jogo rr tem 1 mes\n|inactive|Minato uzo crack has 270 seconds left.\n|\n|t:|1698593893\n|switch|p1a: Alomomola|Alomomola, F|100\/100 par\n|switch|p2a: Corviknight|Corviknight, M|91\/100\n|-ability|p2a: Corviknight|Pressure\n|\n|upkeep\n|turn|16\n|\n|t:|1698593903\n|switch|p2a: Hatterene|Hatterene, F|40\/100 frz\n|cant|p1a: Alomomola|par\n|\n|-damage|p2a: Hatterene|34\/100 frz|[from] frz\n|upkeep\n|turn|17\n|\n|t:|1698593912\n|move|p2a: Hatterene|Calm Mind|p2a: Hatterene\n|-boost|p2a: Hatterene|spa|1\n|-boost|p2a: Hatterene|spd|1\n|move|p1a: Alomomola|Flip Turn|p2a: Hatterene\n|-damage|p2a: Hatterene|18\/100 frz\n|inactive|Minato uzo crack has 270 seconds left.\n|\n|t:|1698593933\n|switch|p1a: Primarina|Primarina, M|83\/100|[from] Flip Turn\n|\n|-damage|p2a: Hatterene|12\/100 frz|[from] frz\n|upkeep\n|turn|18\n|\n|t:|1698593946\n|move|p1a: Primarina|Ice Beam|p2a: Hatterene\n|-damage|p2a: Hatterene|0 fnt\n|faint|p2a: Hatterene\n|\n|upkeep\n|\n|t:|1698593951\n|switch|p2a: Rillaboom|Rillaboom, F|100\/100\n|-fieldstart|move: Grassy Terrain|[from] ability: Grassy Surge|[of] p2a: Rillaboom\n|turn|19\n|\n|t:|1698593958\n|switch|p1a: Kommo-o|Kommo-o, F|100\/100\n|move|p2a: Rillaboom|Grassy Glide|p1a: Kommo-o\n|-resisted|p1a: Kommo-o\n|-damage|p1a: Kommo-o|70\/100\n|\n|-heal|p1a: Kommo-o|76\/100|[from] Grassy Terrain\n|upkeep\n|turn|20\n|\n|t:|1698593963\n|switch|p2a: Corviknight|Corviknight, M|91\/100\n|-ability|p2a: Corviknight|Pressure\n|-zpower|p1a: Kommo-o\n|move|p1a: Kommo-o|Clangorous Soulblaze|p2a: Corviknight|[zeffect]\n|-resisted|p2a: Corviknight\n|-damage|p2a: Corviknight|62\/100\n|-boost|p1a: Kommo-o|atk|1\n|-boost|p1a: Kommo-o|def|1\n|-boost|p1a: Kommo-o|spa|1\n|-boost|p1a: Kommo-o|spd|1\n|-boost|p1a: Kommo-o|spe|1\n|\n|-heal|p1a: Kommo-o|83\/100|[from] Grassy Terrain\n|upkeep\n|turn|21\n|\n|t:|1698593980\n|move|p1a: Kommo-o|Ice Punch|p2a: Corviknight\n|-damage|p2a: Corviknight|40\/100\n|move|p2a: Corviknight|Roost|p2a: Corviknight\n|-heal|p2a: Corviknight|90\/100\n|-singleturn|p2a: Corviknight|move: Roost\n|\n|-heal|p1a: Kommo-o|89\/100|[from] Grassy Terrain\n|-heal|p2a: Corviknight|96\/100|[from] Grassy Terrain\n|upkeep\n|turn|22\n|\n|t:|1698593987\n|move|p1a: Kommo-o|Drain Punch|p2a: Corviknight\n|-damage|p2a: Corviknight|62\/100\n|-heal|p1a: Kommo-o|100\/100|[from] drain|[of] p2a: Corviknight\n|move|p2a: Corviknight|Body Press|p1a: Kommo-o\n|-damage|p1a: Kommo-o|83\/100\n|\n|-heal|p1a: Kommo-o|90\/100|[from] Grassy Terrain\n|upkeep\n|turn|23\n|\n|t:|1698593997\n|move|p1a: Kommo-o|Drain Punch|p2a: Corviknight\n|-damage|p2a: Corviknight|31\/100\n|-heal|p1a: Kommo-o|100\/100|[from] drain|[of] p2a: Corviknight\n|move|p2a: Corviknight|Roost|p2a: Corviknight\n|-heal|p2a: Corviknight|81\/100\n|-singleturn|p2a: Corviknight|move: Roost\n|\n|-heal|p2a: Corviknight|87\/100|[from] Grassy Terrain\n|-fieldend|move: Grassy Terrain\n|upkeep\n|turn|24\n|\n|t:|1698594008\n|switch|p2a: Dragapult|Dragapult, F|100\/100\n|move|p1a: Kommo-o|Ice Punch|p2a: Dragapult\n|-supereffective|p2a: Dragapult\n|-damage|p2a: Dragapult|12\/100\n|\n|upkeep\n|turn|25\n|\n|t:|1698594026\n|move|p1a: Kommo-o|Ice Punch|p2a: Dragapult\n|-supereffective|p2a: Dragapult\n|-damage|p2a: Dragapult|0 fnt\n|faint|p2a: Dragapult\n|\n|upkeep\n|\n|t:|1698594037\n|switch|p2a: Zamazenta|Zamazenta|100\/100\n|-ability|p2a: Zamazenta|Dauntless Shield|boost\n|-boost|p2a: Zamazenta|def|1\n|turn|26\n|\n|t:|1698594044\n|move|p1a: Kommo-o|Poison Jab|p2a: Zamazenta\n|-damage|p2a: Zamazenta|80\/100\n|move|p2a: Zamazenta|Iron Defense|p2a: Zamazenta\n|-boost|p2a: Zamazenta|def|2\n|\n|-heal|p2a: Zamazenta|87\/100|[from] item: Leftovers\n|upkeep\n|turn|27\n|\n|t:|1698594051\n|move|p1a: Kommo-o|Drain Punch|p2a: Zamazenta\n|-damage|p2a: Zamazenta|70\/100\n|move|p2a: Zamazenta|Substitute|p2a: Zamazenta\n|-start|p2a: Zamazenta|Substitute\n|-damage|p2a: Zamazenta|45\/100\n|\n|-heal|p2a: Zamazenta|51\/100|[from] item: Leftovers\n|upkeep\n|turn|28\n|\n|t:|1698594057\n|move|p1a: Kommo-o|Drain Punch|p2a: Zamazenta\n|-activate|p2a: Zamazenta|move: Substitute|[damage]\n|move|p2a: Zamazenta|Play Rough|p1a: Kommo-o\n|-supereffective|p1a: Kommo-o\n|-damage|p1a: Kommo-o|36\/100\n|\n|-heal|p2a: Zamazenta|58\/100|[from] item: Leftovers\n|upkeep\n|turn|29\n|c|\u2606Minato uzo crack|vou ter q sair\n|\n|t:|1698594078\n|move|p1a: Kommo-o|Drain Punch|p2a: Zamazenta\n|-end|p2a: Zamazenta|Substitute\n|-heal|p1a: Kommo-o|42\/100|[from] drain|[of] p2a: Zamazenta\n|move|p2a: Zamazenta|Play Rough|p1a: Kommo-o\n|-supereffective|p1a: Kommo-o\n|-damage|p1a: Kommo-o|0 fnt\n|faint|p1a: Kommo-o\n|\n|-heal|p2a: Zamazenta|64\/100|[from] item: Leftovers\n|upkeep\n|\n|t:|1698594086\n|switch|p1a: Tapu Lele|Tapu Lele|100\/100\n|-fieldstart|move: Psychic Terrain|[from] ability: Psychic Surge|[of] p1a: Tapu Lele\n|turn|30\n|\n|t:|1698594104\n|switch|p2a: Corviknight|Corviknight, M|87\/100\n|-ability|p2a: Corviknight|Pressure\n|move|p1a: Tapu Lele|Thunderbolt|p2a: Corviknight\n|-supereffective|p2a: Corviknight\n|-damage|p2a: Corviknight|21\/100\n|\n|upkeep\n|turn|31\n|c|\u2606santosmaconha|vai sair?\n|\n|t:|1698594128\n|switch|p1a: Kartana|Kartana|25\/100\n|switch|p2a: Rillaboom|Rillaboom, F|100\/100\n|-fieldstart|move: Grassy Terrain|[from] ability: Grassy Surge|[of] p2a: Rillaboom\n|\n|-heal|p1a: Kartana|31\/100|[from] Grassy Terrain\n|upkeep\n|turn|32\n|c|\u2606santosmaconha|de boa entao\n|c|\u2606santosmaconha|bora terminar dps\n|c|\u2606santosmaconha|tenho que ir almoca msm\n|\n|t:|1698594145\n|move|p2a: Rillaboom|Grassy Glide|p1a: Kartana\n|-resisted|p1a: Kartana\n|-damage|p1a: Kartana|19\/100\n|move|p1a: Kartana|Knock Off|p2a: Rillaboom\n|-damage|p2a: Rillaboom|57\/100\n|-enditem|p2a: Rillaboom|Choice Band|[from] move: Knock Off|[of] p1a: Kartana\n|-damage|p1a: Kartana|9\/100|[from] item: Life Orb\n|\n|-heal|p1a: Kartana|15\/100|[from] Grassy Terrain\n|-heal|p2a: Rillaboom|64\/100|[from] Grassy Terrain\n|upkeep\n|turn|33\n|-message|santosmaconha forfeited.\n|\n|win|Minato uzo crack\n","uploadtime":1698594168,"views":12,"p1id":"minatouzocrack","p2id":"santosmaconha","formatid":"gen9ubers","rating":0,"private":0,"password":""}