{"id":"radicalred-gen9ubers-549591","p1":"Phantom_rook","p2":"Kiritsunegx","format":"[Gen 9] Ubers","log":"|j|\u2606Phantom_rook\n|j|\u2606Kiritsunegx\n|t:|1700597986\n|gametype|singles\n|player|p1|Phantom_rook|170|\n|player|p2|Kiritsunegx|266|\n|teamsize|p1|6\n|teamsize|p2|6\n|gen|9\n|tier|[Gen 9] Ubers\n|rule|Sleep Clause Mod: Limit one foe put to sleep\n|rule|Species Clause: Limit one of each Pok\u00e9mon\n|rule|OHKO Clause: OHKO moves are banned\n|rule|Evasion Abilities Clause: Evasion abilities are banned\n|rule|Evasion Items Clause: Evasion items are banned\n|rule|Evasion Moves Clause: Evasion moves are banned\n|rule|Endless Battle Clause: Forcing endless battles is banned\n|rule|HP Percentage Mod: HP is shown in percentages\n|rule|Dynamax Clause: You cannot dynamax\n|rule|Mega Rayquaza Clause: You cannot mega evolve Rayquaza\n|clearpoke\n|poke|p1|Dragapult, F|\n|poke|p1|Chien-Pao|\n|poke|p1|Whimsicott, F|\n|poke|p1|Slowbro, F|\n|poke|p1|Heatran, F|\n|poke|p1|Sunflora, F|\n|poke|p2|Electrode-Hisui|\n|poke|p2|Scream Tail|\n|poke|p2|Spidops, M|\n|poke|p2|Darmanitan-Galar, M|\n|poke|p2|Goodra-Hisui, M|\n|poke|p2|Zoroark-Hisui, M|\n|teampreview\n|c|\u2606Kiritsunegx|oops sry\n|c|\u2606Phantom_rook|Gl and have fun!\n|c|\u2606Kiritsunegx|u2\n|\n|t:|1700598019\n|start\n|switch|p1a: Dragapult|Dragapult, F|100\/100\n|switch|p2a: Spidops|Spidops, M|100\/100\n|turn|1\n|j| BananenSoep\n|\n|t:|1700598051\n|move|p1a: Dragapult|Fire Blast|p2a: Spidops|[miss]\n|-miss|p1a: Dragapult|p2a: Spidops\n|move|p2a: Spidops|Shadow Ball|p1a: Dragapult\n|-supereffective|p1a: Dragapult\n|-damage|p1a: Dragapult|0 fnt\n|faint|p1a: Dragapult\n|\n|upkeep\n|c|\u2606Phantom_rook|Oof\n|c|\u2606Kiritsunegx|sry\n|c|\u2606Phantom_rook|This is the second week in a row this has happened lmao\n|c|\u2606Kiritsunegx|F\n|c|\u2606Phantom_rook|its alright, don\u2019t take this league very seriously lol\n|\n|t:|1700598095\n|switch|p1a: Heatran|Heatran, F|100\/100\n|turn|2\n|c|\u2606Kiritsunegx|me neither\n|\n|t:|1700598115\n|switch|p2a: Goodra|Goodra-Hisui, M|100\/100\n|move|p1a: Heatran|Magma Storm|p2a: Goodra|[miss]\n|-miss|p1a: Heatran|p2a: Goodra\n|\n|upkeep\n|turn|3\n|c|\u2606Kiritsunegx|u \n|c|\u2606Kiritsunegx|moment\n|c|\u2606Phantom_rook|Yeah\u2026\n|c|\u2606Kiritsunegx|sry\n|\n|t:|1700598143\n|switch|p1a: Slowbro|Slowbro, F|100\/100\n|move|p2a: Goodra|Stealth Rock|p1a: Slowbro\n|-sidestart|p1: Phantom_rook|move: Stealth Rock\n|\n|upkeep\n|turn|4\n|c|\u2606Phantom_rook|It\u2019s alright lil\n|c|\u2606Phantom_rook|Lol\n|c| BananenSoep|not accurate fire move #2\n|\n|t:|1700598177\n|switch|p2a: Electrode|Electrode-Hisui|100\/100\n|detailschange|p1a: Slowbro|Slowbro-Mega, F\n|-mega|p1a: Slowbro|Slowbro|Slowbronite\n|move|p1a: Slowbro|Scald|p2a: Electrode\n|-resisted|p2a: Electrode\n|-damage|p2a: Electrode|73\/100\n|\n|upkeep\n|turn|5\n|\n|t:|1700598189\n|switch|p1a: Heatran|Heatran, F|100\/100\n|-damage|p1a: Heatran|88\/100|[from] Stealth Rock\n|move|p2a: Electrode|Volt Switch|p1a: Heatran\n|-damage|p1a: Heatran|68\/100\n|-damage|p2a: Electrode|63\/100|[from] item: Life Orb\n|\n|t:|1700598217\n|switch|p2a: Goodra|Goodra-Hisui, M|100\/100|[from] Volt Switch\n|\n|upkeep\n|turn|6\n|\n|t:|1700598229\n|move|p1a: Heatran|Earth Power|p2a: Goodra\n|-supereffective|p2a: Goodra\n|-enditem|p2a: Goodra|Shuca Berry|[eat]\n|-enditem|p2a: Goodra|Shuca Berry|[weaken]\n|-damage|p2a: Goodra|82\/100\n|move|p2a: Goodra|Wish|p2a: Goodra\n|\n|upkeep\n|turn|7\n|\n|t:|1700598241\n|switch|p1a: Chien-Pao|Chien-Pao|100\/100\n|-damage|p1a: Chien-Pao|76\/100|[from] Stealth Rock\n|-ability|p1a: Chien-Pao|Sword of Ruin\n|move|p2a: Goodra|Surf|p1a: Chien-Pao\n|-damage|p1a: Chien-Pao|42\/100\n|\n|-heal|p2a: Goodra|100\/100|[from] move: Wish|[wisher] Goodra\n|upkeep\n|turn|8\n|\n|t:|1700598250\n|switch|p2a: Scream Tail|Scream Tail|100\/100\n|-zpower|p1a: Chien-Pao\n|move|p1a: Chien-Pao|All-Out Pummeling|p2a: Scream Tail|[zeffect]\n|-resisted|p2a: Scream Tail\n|-damage|p2a: Scream Tail|89\/100\n|\n|-heal|p2a: Scream Tail|95\/100|[from] item: Leftovers\n|upkeep\n|turn|9\n|c|\u2606Phantom_rook|LMAO\n|c|\u2606Kiritsunegx|huge z move\n|c|\u2606Kiritsunegx|lmfao\n|c|\u2606Phantom_rook|But rude smh\n|\n|t:|1700598271\n|switch|p1a: Whimsicott|Whimsicott, F|100\/100\n|-damage|p1a: Whimsicott|88\/100|[from] Stealth Rock\n|move|p2a: Scream Tail|Bulk Up|p2a: Scream Tail\n|-boost|p2a: Scream Tail|atk|1\n|-boost|p2a: Scream Tail|def|1\n|\n|-heal|p2a: Scream Tail|100\/100|[from] item: Leftovers\n|upkeep\n|turn|10\n|\n|t:|1700598285\n|move|p1a: Whimsicott|Light Screen|p1a: Whimsicott\n|-sidestart|p1: Phantom_rook|move: Light Screen\n|move|p2a: Scream Tail|Play Rough|p1a: Whimsicott\n|-damage|p1a: Whimsicott|48\/100\n|-unboost|p1a: Whimsicott|atk|1\n|\n|upkeep\n|turn|11\n|\n|t:|1700598291\n|move|p1a: Whimsicott|Sunny Day|p1a: Whimsicott\n|-weather|SunnyDay\n|move|p2a: Scream Tail|Bulk Up|p2a: Scream Tail\n|-boost|p2a: Scream Tail|atk|1\n|-boost|p2a: Scream Tail|def|1\n|\n|-weather|SunnyDay|[upkeep]\n|upkeep\n|turn|12\n|\n|t:|1700598306\n|move|p1a: Whimsicott|Knock Off|p2a: Scream Tail\n|-damage|p2a: Scream Tail|98\/100\n|-ability|p2a: Scream Tail|Tangling Hair\n|-unboost|p1a: Whimsicott|spe|1\n|-enditem|p2a: Scream Tail|Leftovers|[from] move: Knock Off|[of] p1a: Whimsicott\n|move|p2a: Scream Tail|Play Rough|p1a: Whimsicott\n|-damage|p1a: Whimsicott|0 fnt\n|faint|p1a: Whimsicott\n|\n|-weather|SunnyDay|[upkeep]\n|upkeep\n|\n|t:|1700598317\n|switch|p1a: Sunflora|Sunflora, F|100\/100\n|-damage|p1a: Sunflora|88\/100|[from] Stealth Rock\n|turn|13\n|\n|t:|1700598329\n|switch|p2a: Goodra|Goodra-Hisui, M|100\/100\n|move|p1a: Sunflora|Fire Blast|p2a: Goodra|[miss]\n|-miss|p1a: Sunflora|p2a: Goodra\n|\n|-weather|SunnyDay|[upkeep]\n|upkeep\n|turn|14\n|c|\u2606Kiritsunegx|bros fire moves are wild today\n|c|\u2606Phantom_rook|Yeah lol\n|\n|t:|1700598350\n|move|p1a: Sunflora|Fire Blast|p2a: Goodra|[miss]\n|-miss|p1a: Sunflora|p2a: Goodra\n|move|p2a: Goodra|Wish|p2a: Goodra\n|\n|-weather|SunnyDay|[upkeep]\n|upkeep\n|turn|15\n|c|\u2606Kiritsunegx|b\n|c|\u2606Kiritsunegx|ro\n|c|\u2606Phantom_rook|\u2026\n|c|\u2606Phantom_rook|What the heck\n|\n|t:|1700598365\n|move|p1a: Sunflora|Fire Blast|p2a: Goodra\n|-crit|p2a: Goodra\n|-damage|p2a: Goodra|38\/100\n|move|p2a: Goodra|Draco Meteor|p1a: Sunflora\n|-damage|p1a: Sunflora|58\/100\n|-unboost|p2a: Goodra|spa|2\n|\n|-weather|none\n|-heal|p2a: Goodra|88\/100|[from] move: Wish|[wisher] Goodra\n|upkeep\n|turn|16\n|c| BananenSoep|phantom when fire types\n|\n|t:|1700598400\n|switch|p1a: Chien-Pao|Chien-Pao|42\/100\n|-damage|p1a: Chien-Pao|17\/100|[from] Stealth Rock\n|-ability|p1a: Chien-Pao|Sword of Ruin\n|switch|p2a: Spidops|Spidops, M|100\/100\n|\n|upkeep\n|turn|17\n|\n|t:|1700598424\n|move|p1a: Chien-Pao|Icicle Crash|p2a: Spidops\n|-damage|p2a: Spidops|60\/100\n|move|p2a: Spidops|Spikes|p1a: Chien-Pao\n|-sidestart|p1: Phantom_rook|Spikes\n|\n|-sideend|p1: Phantom_rook|move: Light Screen\n|upkeep\n|turn|18\n|\n|t:|1700598438\n|move|p1a: Chien-Pao|Icicle Crash|p2a: Spidops\n|-damage|p2a: Spidops|22\/100\n|move|p2a: Spidops|U-turn|p1a: Chien-Pao\n|-supereffective|p1a: Chien-Pao\n|-damage|p1a: Chien-Pao|0 fnt\n|faint|p1a: Chien-Pao\n|\n|t:|1700598456\n|switch|p2a: Goodra|Goodra-Hisui, M|100\/100|[from] U-turn\n|\n|upkeep\n|\n|t:|1700598464\n|switch|p1a: Sunflora|Sunflora, F|58\/100\n|-damage|p1a: Sunflora|46\/100|[from] Stealth Rock\n|-damage|p1a: Sunflora|33\/100|[from] Spikes\n|turn|19\n|\n|t:|1700598471\n|move|p2a: Goodra|Shadow Ball|p1a: Sunflora\n|-damage|p1a: Sunflora|0 fnt\n|faint|p1a: Sunflora\n|\n|upkeep\n|\n|t:|1700598474\n|switch|p1a: Heatran|Heatran, F|68\/100\n|-damage|p1a: Heatran|55\/100|[from] Stealth Rock\n|-damage|p1a: Heatran|43\/100|[from] Spikes\n|turn|20\n|\n|t:|1700598480\n|move|p2a: Goodra|Shadow Ball|p1a: Heatran\n|-damage|p1a: Heatran|0 fnt\n|faint|p1a: Heatran\n|\n|upkeep\n|\n|t:|1700598484\n|switch|p1a: Slowbro|Slowbro-Mega, F|100\/100\n|-damage|p1a: Slowbro|88\/100|[from] Spikes\n|-damage|p1a: Slowbro|76\/100|[from] Stealth Rock\n|turn|21\n|\n|t:|1700598487\n|move|p2a: Goodra|Shadow Ball|p1a: Slowbro\n|-supereffective|p1a: Slowbro\n|-damage|p1a: Slowbro|0 fnt\n|faint|p1a: Slowbro\n|\n|win|Kiritsunegx\n|c|\u2606Kiritsunegx|ggs\n|c|\u2606Kiritsunegx|sorry for\n|c|\u2606Kiritsunegx|alot\n|c|\u2606Phantom_rook|Gg lol\n|c|\u2606Kiritsunegx|lmfao\n|l|\u2606Phantom_rook\n|l| BananenSoep\n","uploadtime":1700598507,"views":33,"p1id":"phantomrook","p2id":"kiritsunegx","formatid":"gen9ubers","rating":0,"private":0,"password":""}