{"id":"radicalred-gen9ubers-539333","p1":"Minato uzo crack","p2":"AugSaas","format":"[Gen 9] Ubers","log":"|j|\u2606Minato uzo crack\n|j|\u2606AugSaas\n|t:|1698598880\n|gametype|singles\n|player|p1|Minato uzo crack|rr-tyranitar|\n|player|p2|AugSaas|rr-victini|\n|teamsize|p1|6\n|teamsize|p2|6\n|gen|9\n|tier|[Gen 9] Ubers\n|rule|Sleep Clause Mod: Limit one foe put to sleep\n|rule|Species Clause: Limit one of each Pok\u00e9mon\n|rule|OHKO Clause: OHKO moves are banned\n|rule|Evasion Abilities Clause: Evasion abilities are banned\n|rule|Evasion Items Clause: Evasion items are banned\n|rule|Evasion Moves Clause: Evasion moves are banned\n|rule|Endless Battle Clause: Forcing endless battles is banned\n|rule|HP Percentage Mod: HP is shown in percentages\n|rule|Dynamax Clause: You cannot dynamax\n|rule|Mega Rayquaza Clause: You cannot mega evolve Rayquaza\n|clearpoke\n|poke|p1|Magearna|\n|poke|p1|Tapu Lele|\n|poke|p1|Kartana|\n|poke|p1|Kommo-o, F|\n|poke|p1|Primarina, M|\n|poke|p1|Alomomola, M|\n|poke|p2|Centiskorch-Sevii, M|\n|poke|p2|Milotic-Sevii, F|\n|poke|p2|Koraidon|\n|poke|p2|Ursaring-Sevii, M|\n|poke|p2|Carnivine-Sevii, F|\n|poke|p2|Noivern-Sevii, M|\n|teampreview\n|inactive|Battle timer is ON: inactive players will automatically lose when time's up. (requested by Minato uzo crack)\n|c|\u2606AugSaas|alomomola \u00e9 paia\n|\n|t:|1698598903\n|start\n|switch|p1a: Primarina|Primarina, M|100\/100\n|switch|p2a: Koraidon|Koraidon|100\/100\n|-weather|SunnyDay|[from] ability: Orichalcum Pulse|[of] p2a: Koraidon\n|-activate|p2a: Koraidon|Orichalcum Pulse|[source]\n|turn|1\n|\n|t:|1698598912\n|move|p2a: Koraidon|U-turn|p1a: Primarina\n|-resisted|p1a: Primarina\n|-damage|p1a: Primarina|79\/100\n|\n|t:|1698598929\n|switch|p2a: Milotic|Milotic-Sevii, F|100\/100|[from] U-turn\n|move|p1a: Primarina|Flip Turn|p2a: Milotic\n|-supereffective|p2a: Milotic\n|-damage|p2a: Milotic|85\/100\n|\n|t:|1698598941\n|switch|p1a: Kartana|Kartana|100\/100|[from] Flip Turn\n|\n|-weather|SunnyDay|[upkeep]\n|-heal|p2a: Milotic|91\/100|[from] item: Leftovers\n|upkeep\n|turn|2\n|\n|t:|1698598947\n|switch|p2a: Koraidon|Koraidon|100\/100\n|-activate|p2a: Koraidon|ability: Orichalcum Pulse\n|move|p1a: Kartana|Knock Off|p2a: Koraidon\n|-resisted|p2a: Koraidon\n|-damage|p2a: Koraidon|83\/100\n|-enditem|p2a: Koraidon|Choice Scarf|[from] move: Knock Off|[of] p1a: Kartana\n|-damage|p1a: Kartana|91\/100|[from] item: Life Orb\n|\n|-weather|SunnyDay|[upkeep]\n|upkeep\n|turn|3\n|c|\u2606AugSaas|f\n|\n|t:|1698598959\n|switch|p1a: Alomomola|Alomomola, M|100\/100\n|move|p2a: Koraidon|Collision Course|p1a: Alomomola\n|-damage|p1a: Alomomola|63\/100\n|\n|-weather|SunnyDay|[upkeep]\n|-heal|p1a: Alomomola|70\/100|[from] item: Leftovers\n|upkeep\n|turn|4\n|\n|t:|1698598966\n|move|p2a: Koraidon|U-turn|p1a: Alomomola\n|-damage|p1a: Alomomola|53\/100\n|\n|t:|1698598969\n|switch|p2a: Carnivine|Carnivine-Sevii, F|100\/100|[from] U-turn\n|move|p1a: Alomomola|Flip Turn|p2a: Carnivine\n|-damage|p2a: Carnivine|95\/100\n|\n|t:|1698598984\n|switch|p1a: Tapu Lele|Tapu Lele|100\/100|[from] Flip Turn\n|-fieldstart|move: Psychic Terrain|[from] ability: Psychic Surge|[of] p1a: Tapu Lele\n|\n|-weather|SunnyDay|[upkeep]\n|-heal|p2a: Carnivine|100\/100|[from] item: Black Sludge\n|upkeep\n|turn|5\n|\n|t:|1698598989\n|move|p1a: Tapu Lele|Psychic|p2a: Carnivine\n|-damage|p2a: Carnivine|36\/100\n|move|p2a: Carnivine|Snap Trap|p1a: Tapu Lele\n|-supereffective|p1a: Tapu Lele\n|-damage|p1a: Tapu Lele|0 fnt\n|faint|p1a: Tapu Lele\n|\n|-weather|none\n|-heal|p2a: Carnivine|42\/100|[from] item: Black Sludge\n|upkeep\n|c|\u2606AugSaas|tome\n|inactive|Minato uzo crack has 270 seconds left.\n|\n|t:|1698599027\n|switch|p1a: Primarina|Primarina, M|79\/100\n|turn|6\n|\n|t:|1698599041\n|switch|p2a: Milotic|Milotic-Sevii, F|91\/100\n|move|p1a: Primarina|Hyper Voice|p2a: Milotic\n|-supereffective|p2a: Milotic\n|-damage|p2a: Milotic|0 fnt\n|faint|p2a: Milotic\n|\n|upkeep\n|\n|t:|1698599044\n|switch|p2a: Ursaring|Ursaring-Sevii, M|100\/100\n|turn|7\n|c|\u2606Minato uzo crack|nem sabia q isso era steel \n|\n|t:|1698599051\n|move|p1a: Primarina|Draining Kiss|p2a: Ursaring\n|-supereffective|p2a: Ursaring\n|-damage|p2a: Ursaring|46\/100\n|-heal|p1a: Primarina|100\/100|[from] drain|[of] p2a: Ursaring\n|move|p2a: Ursaring|Drain Punch|p1a: Primarina\n|-resisted|p1a: Primarina\n|-damage|p1a: Primarina|78\/100\n|-heal|p2a: Ursaring|56\/100|[from] drain|[of] p1a: Primarina\n|\n|-status|p2a: Ursaring|brn|[from] item: Flame Orb\n|upkeep\n|turn|8\n|\n|t:|1698599068\n|move|p1a: Primarina|Draining Kiss|p2a: Ursaring\n|-supereffective|p2a: Ursaring\n|-damage|p2a: Ursaring|1\/100 brn\n|-heal|p1a: Primarina|100\/100|[from] drain|[of] p2a: Ursaring\n|move|p2a: Ursaring|Facade|p1a: Primarina\n|-damage|p1a: Primarina|17\/100\n|\n|-damage|p2a: Ursaring|0 fnt|[from] brn\n|faint|p2a: Ursaring\n|-fieldend|move: Psychic Terrain\n|upkeep\n|\n|t:|1698599077\n|switch|p2a: Koraidon|Koraidon|83\/100\n|-weather|SunnyDay|[from] ability: Orichalcum Pulse|[of] p2a: Koraidon\n|-activate|p2a: Koraidon|Orichalcum Pulse|[source]\n|turn|9\n|\n|t:|1698599082\n|move|p2a: Koraidon|Collision Course|p1a: Primarina\n|-resisted|p1a: Primarina\n|-damage|p1a: Primarina|0 fnt\n|faint|p1a: Primarina\n|\n|-weather|SunnyDay|[upkeep]\n|upkeep\n|\n|t:|1698599095\n|switch|p1a: Kommo-o|Kommo-o, F|100\/100\n|turn|10\n|c|\u2606Minato uzo crack|fds tbm\n|\n|t:|1698599104\n|move|p2a: Koraidon|Draco Barrage|p1a: Kommo-o\n|-supereffective|p1a: Kommo-o\n|-damage|p1a: Kommo-o|0 fnt\n|faint|p1a: Kommo-o\n|-damage|p2a: Koraidon|54\/100|[from] Recoil\n|\n|-weather|SunnyDay|[upkeep]\n|upkeep\n|c|\u2606Minato uzo crack|ja perdi \n|\n|t:|1698599115\n|switch|p1a: Alomomola|Alomomola, M|86\/100\n|turn|11\n|\n|t:|1698599119\n|move|p2a: Koraidon|U-turn|p1a: Alomomola\n|-damage|p1a: Alomomola|70\/100\n|\n|t:|1698599124\n|switch|p2a: Carnivine|Carnivine-Sevii, F|42\/100|[from] U-turn\n|move|p1a: Alomomola|Wish|p1a: Alomomola\n|\n|-weather|SunnyDay|[upkeep]\n|-heal|p1a: Alomomola|76\/100|[from] item: Leftovers\n|-heal|p2a: Carnivine|48\/100|[from] item: Black Sludge\n|upkeep\n|turn|12\n|\n|t:|1698599130\n|move|p1a: Alomomola|Knock Off|p2a: Carnivine\n|-damage|p2a: Carnivine|37\/100\n|-enditem|p2a: Carnivine|Black Sludge|[from] move: Knock Off|[of] p1a: Alomomola\n|move|p2a: Carnivine|Synthesis|p2a: Carnivine\n|-heal|p2a: Carnivine|100\/100\n|\n|-weather|SunnyDay|[upkeep]\n|-heal|p1a: Alomomola|100\/100|[from] move: Wish|[wisher] Alomomola\n|upkeep\n|turn|13\n|\n|t:|1698599137\n|move|p1a: Alomomola|Wish|p1a: Alomomola\n|move|p2a: Carnivine|Snap Trap|p1a: Alomomola|[miss]\n|-miss|p2a: Carnivine|p1a: Alomomola\n|\n|-weather|none\n|upkeep\n|turn|14\n|\n|t:|1698599141\n|move|p1a: Alomomola|Flip Turn|p2a: Carnivine\n|-damage|p2a: Carnivine|90\/100\n|c|\u2606AugSaas|s\u00f3 erro\n|\n|t:|1698599147\n|switch|p1a: Kartana|Kartana|91\/100|[from] Flip Turn\n|move|p2a: Carnivine|Snap Trap|p1a: Kartana\n|-resisted|p1a: Kartana\n|-damage|p1a: Kartana|78\/100\n|-activate|p1a: Kartana|move: Snap Trap|[of] p2a: Carnivine\n|\n|-heal|p1a: Kartana|100\/100|[from] move: Wish|[wisher] Alomomola\n|-damage|p1a: Kartana|88\/100|[from] move: Snap Trap|[partiallytrapped]\n|upkeep\n|turn|15\n|\n|t:|1698599155\n|switch|p2a: Koraidon|Koraidon|54\/100\n|-weather|SunnyDay|[from] ability: Orichalcum Pulse|[of] p2a: Koraidon\n|-activate|p2a: Koraidon|Orichalcum Pulse|[source]\n|move|p1a: Kartana|Cut|p2a: Koraidon\n|-damage|p2a: Koraidon|14\/100\n|-damage|p1a: Kartana|78\/100|[from] item: Life Orb\n|\n|-weather|SunnyDay|[upkeep]\n|-end|p1a: Kartana|Snap Trap|[partiallytrapped]|[silent]\n|upkeep\n|turn|16\n|\n|t:|1698599163\n|switch|p1a: Alomomola|Alomomola, M|100\/100\n|move|p2a: Koraidon|Collision Course|p1a: Alomomola\n|-damage|p1a: Alomomola|63\/100\n|\n|-weather|SunnyDay|[upkeep]\n|-heal|p1a: Alomomola|69\/100|[from] item: Leftovers\n|upkeep\n|turn|17\n|\n|t:|1698599170\n|move|p2a: Koraidon|Collision Course|p1a: Alomomola\n|-crit|p1a: Alomomola\n|-damage|p1a: Alomomola|9\/100\n|move|p1a: Alomomola|Flip Turn|p2a: Koraidon\n|-resisted|p2a: Koraidon\n|-damage|p2a: Koraidon|10\/100\n|c|\u2606AugSaas|nice\n|\n|t:|1698599190\n|switch|p1a: Kartana|Kartana|78\/100|[from] Flip Turn\n|\n|-weather|SunnyDay|[upkeep]\n|upkeep\n|turn|18\n|c|\u2606Minato uzo crack|pega o replay \n|-message|Minato uzo crack forfeited.\n|\n|win|AugSaas\n|l|\u2606Minato uzo crack\n","uploadtime":1698599214,"views":10,"p1id":"minatouzocrack","p2id":"augsaas","formatid":"gen9ubers","rating":0,"private":0,"password":""}