{"id":"radicalred-gen9ubers-542724","p1":"Blackfooted Eel","p2":"Xopas","format":"[Gen 9] Ubers","log":"|j|\u2606Blackfooted Eel\n|j|\u2606Xopas\n|t:|1699203594\n|gametype|singles\n|player|p1|Blackfooted Eel|170|\n|player|p2|Xopas|rr-tapubulu|\n|teamsize|p1|6\n|teamsize|p2|6\n|gen|9\n|tier|[Gen 9] Ubers\n|rule|Sleep Clause Mod: Limit one foe put to sleep\n|rule|Species Clause: Limit one of each Pok\u00e9mon\n|rule|OHKO Clause: OHKO moves are banned\n|rule|Evasion Abilities Clause: Evasion abilities are banned\n|rule|Evasion Items Clause: Evasion items are banned\n|rule|Evasion Moves Clause: Evasion moves are banned\n|rule|Endless Battle Clause: Forcing endless battles is banned\n|rule|HP Percentage Mod: HP is shown in percentages\n|rule|Dynamax Clause: You cannot dynamax\n|rule|Mega Rayquaza Clause: You cannot mega evolve Rayquaza\n|clearpoke\n|poke|p1|Corviknight, M|\n|poke|p1|Enamorus, F|\n|poke|p1|Slowbro, M|\n|poke|p1|Typhlosion, M|\n|poke|p1|Golem, M|\n|poke|p1|Mamoswine, M|\n|poke|p2|Cofagrigus, F|\n|poke|p2|Dragalge, M|\n|poke|p2|Flygon, M|\n|poke|p2|Chien-Pao|\n|poke|p2|Tapu Bulu|\n|poke|p2|Rotom-Wash|\n|teampreview\n|c|\u2606Xopas|Glhf\n|c|\u2606Blackfooted Eel|gl hf\n|\n|t:|1699203656\n|start\n|switch|p1a: Fabio|Typhlosion, M|100\/100\n|switch|p2a: UUtom|Rotom-Wash|100\/100\n|turn|1\n|\n|t:|1699203692\n|switch|p1a: Kronk|Slowbro, M|100\/100\n|move|p2a: UUtom|Hydro Pump|p1a: Kronk\n|-resisted|p1a: Kronk\n|-damage|p1a: Kronk|89\/100\n|\n|upkeep\n|turn|2\n|\n|t:|1699203699\n|move|p2a: UUtom|Will-O-Wisp|p1a: Kronk|[miss]\n|-miss|p2a: UUtom|p1a: Kronk\n|move|p1a: Kronk|Psychic|p2a: UUtom\n|-damage|p2a: UUtom|67\/100\n|\n|-heal|p2a: UUtom|73\/100|[from] item: Leftovers\n|upkeep\n|turn|3\n|\n|t:|1699203704\n|move|p2a: UUtom|Volt Switch|p1a: Kronk\n|-supereffective|p1a: Kronk\n|-damage|p1a: Kronk|60\/100\n|\n|t:|1699203750\n|switch|p2a: Cofadada|Cofagrigus, F|100\/100|[from] Volt Switch\n|move|p1a: Kronk|Psychic|p2a: Cofadada\n|-damage|p2a: Cofadada|86\/100\n|\n|-heal|p2a: Cofadada|92\/100|[from] item: Leftovers\n|upkeep\n|turn|4\n|\n|t:|1699203765\n|switch|p1a: Bautista|Golem, M|100\/100\n|move|p2a: Cofadada|Toxic|p1a: Bautista|[miss]\n|-miss|p2a: Cofadada|p1a: Bautista\n|\n|-heal|p2a: Cofadada|99\/100|[from] item: Leftovers\n|upkeep\n|turn|5\n|\n|t:|1699203779\n|switch|p1a: Heath|Corviknight, M|100\/100\n|-ability|p1a: Heath|Pressure\n|move|p2a: Cofadada|Will-O-Wisp|p1a: Heath\n|-status|p1a: Heath|brn\n|\n|-heal|p2a: Cofadada|100\/100|[from] item: Leftovers\n|-damage|p1a: Heath|94\/100 brn|[from] brn\n|upkeep\n|turn|6\n|\n|t:|1699203799\n|switch|p1a: Bautista|Golem, M|100\/100\n|switch|p2a: UUtom|Rotom-Wash|73\/100\n|\n|-heal|p2a: UUtom|79\/100|[from] item: Leftovers\n|upkeep\n|turn|7\n|\n|t:|1699203808\n|switch|p1a: Kronk|Slowbro, M|93\/100\n|move|p2a: UUtom|Will-O-Wisp|p1a: Kronk\n|-status|p1a: Kronk|brn\n|\n|-heal|p2a: UUtom|86\/100|[from] item: Leftovers\n|-damage|p1a: Kronk|87\/100 brn|[from] brn\n|upkeep\n|turn|8\n|\n|t:|1699203813\n|move|p2a: UUtom|Hex|p1a: Kronk\n|-supereffective|p1a: Kronk\n|-damage|p1a: Kronk|52\/100 brn\n|move|p1a: Kronk|Psychic|p2a: UUtom\n|-damage|p2a: UUtom|54\/100\n|-unboost|p2a: UUtom|spd|1\n|\n|-heal|p2a: UUtom|61\/100|[from] item: Leftovers\n|-damage|p1a: Kronk|46\/100 brn|[from] brn\n|upkeep\n|turn|9\n|\n|t:|1699203822\n|move|p2a: UUtom|Volt Switch|p1a: Kronk\n|-supereffective|p1a: Kronk\n|-damage|p1a: Kronk|18\/100 brn\n|\n|t:|1699203827\n|switch|p2a: Cofadada|Cofagrigus, F|100\/100|[from] Volt Switch\n|move|p1a: Kronk|Psychic|p2a: Cofadada\n|-damage|p2a: Cofadada|85\/100\n|-unboost|p2a: Cofadada|spd|1\n|\n|-heal|p2a: Cofadada|91\/100|[from] item: Leftovers\n|-damage|p1a: Kronk|12\/100 brn|[from] brn\n|upkeep\n|turn|10\n|\n|t:|1699203833\n|switch|p1a: Bowie|Enamorus, F|100\/100\n|move|p2a: Cofadada|Will-O-Wisp|p1a: Bowie\n|-status|p1a: Bowie|brn\n|\n|-heal|p2a: Cofadada|97\/100|[from] item: Leftovers\n|-damage|p1a: Bowie|95\/100 brn|[from] brn\n|upkeep\n|turn|11\n|\n|t:|1699203845\n|switch|p2a: DraGurgle|Dragalge, M|100\/100\n|move|p1a: Bowie|Moonblast|p2a: DraGurgle\n|-damage|p2a: DraGurgle|68\/100\n|\n|-damage|p1a: Bowie|89\/100 brn|[from] brn\n|upkeep\n|turn|12\n|\n|t:|1699203877\n|switch|p1a: Bautista|Golem, M|100\/100\n|move|p2a: DraGurgle|Flip Turn|p1a: Bautista\n|-supereffective|p1a: Bautista\n|-damage|p1a: Bautista|70\/100\n|\n|t:|1699203893\n|switch|p2a: UUtom|Rotom-Wash|61\/100|[from] Flip Turn\n|\n|-heal|p2a: UUtom|67\/100|[from] item: Leftovers\n|upkeep\n|turn|13\n|\n|t:|1699203896\n|move|p2a: UUtom|Hydro Pump|p1a: Bautista|[miss]\n|-miss|p2a: UUtom|p1a: Bautista\n|move|p1a: Bautista|Stealth Rock|p2a: UUtom\n|-sidestart|p2: Xopas|move: Stealth Rock\n|\n|-heal|p2a: UUtom|73\/100|[from] item: Leftovers\n|upkeep\n|turn|14\n|c|\u2606Xopas|fuck sake\n|c|\u2606Blackfooted Eel|i'd apologize for the hax, but with how badly i built this team, it's probably the only way i have a chance of winning\n|\n|t:|1699203926\n|move|p2a: UUtom|Hydro Pump|p1a: Bautista\n|-supereffective|p1a: Bautista\n|-damage|p1a: Bautista|0 fnt\n|faint|p1a: Bautista\n|\n|-heal|p2a: UUtom|79\/100|[from] item: Leftovers\n|upkeep\n|c|\u2606Xopas|wisp, toxic, hydro miss\n|\n|t:|1699203939\n|switch|p1a: Bowie|Enamorus, F|89\/100 brn\n|turn|15\n|c|\u2606Xopas|its crazy\n|\n|t:|1699203948\n|move|p1a: Bowie|Moonblast|p2a: UUtom\n|-damage|p2a: UUtom|23\/100\n|move|p2a: UUtom|Volt Switch|p1a: Bowie\n|-supereffective|p1a: Bowie\n|-damage|p1a: Bowie|8\/100 brn\n|\n|t:|1699203984\n|switch|p2a: Cofadada|Cofagrigus, F|97\/100|[from] Volt Switch\n|-damage|p2a: Cofadada|85\/100|[from] Stealth Rock\n|\n|-heal|p2a: Cofadada|91\/100|[from] item: Leftovers\n|-damage|p1a: Bowie|2\/100 brn|[from] brn\n|upkeep\n|turn|16\n|j| rapahtherock2\n|\n|t:|1699203994\n|move|p1a: Bowie|Moonblast|p2a: Cofadada\n|-damage|p2a: Cofadada|42\/100\n|-unboost|p2a: Cofadada|spa|1\n|move|p2a: Cofadada|Shadow Ball|p1a: Bowie\n|-damage|p1a: Bowie|0 fnt\n|faint|p1a: Bowie\n|\n|-heal|p2a: Cofadada|48\/100|[from] item: Leftovers\n|upkeep\n|\n|t:|1699203999\n|switch|p1a: Fabio|Typhlosion, M|100\/100\n|turn|17\n|c|\u2606Xopas|omg\n|\n|t:|1699204011\n|move|p1a: Fabio|Eruption|p2a: Cofadada\n|-damage|p2a: Cofadada|0 fnt\n|faint|p2a: Cofadada\n|\n|upkeep\n|\n|t:|1699204020\n|switch|p2a: DraGurgle|Dragalge, M|68\/100\n|-damage|p2a: DraGurgle|56\/100|[from] Stealth Rock\n|turn|18\n|\n|t:|1699204046\n|switch|p1a: Heath|Corviknight, M|94\/100 brn\n|-ability|p1a: Heath|Pressure\n|move|p2a: DraGurgle|Scald|p1a: Heath\n|-damage|p1a: Heath|73\/100 brn\n|\n|-heal|p1a: Heath|79\/100 brn|[from] item: Leftovers\n|-damage|p1a: Heath|73\/100 brn|[from] brn\n|upkeep\n|turn|19\n|\n|t:|1699204059\n|move|p1a: Heath|Body Press|p2a: DraGurgle\n|-resisted|p2a: DraGurgle\n|-damage|p2a: DraGurgle|48\/100\n|move|p2a: DraGurgle|Flip Turn|p1a: Heath\n|-damage|p1a: Heath|67\/100 brn\n|\n|t:|1699204080\n|switch|p2a: UUtom|Rotom-Wash|23\/100|[from] Flip Turn\n|-damage|p2a: UUtom|10\/100|[from] Stealth Rock\n|\n|-heal|p2a: UUtom|17\/100|[from] item: Leftovers\n|-heal|p1a: Heath|73\/100 brn|[from] item: Leftovers\n|-damage|p1a: Heath|67\/100 brn|[from] brn\n|upkeep\n|turn|20\n|\n|t:|1699204093\n|move|p2a: UUtom|Hydro Pump|p1a: Heath\n|-damage|p1a: Heath|20\/100 brn\n|move|p1a: Heath|Body Press|p2a: UUtom\n|-damage|p2a: UUtom|1\/100\n|\n|-heal|p2a: UUtom|8\/100|[from] item: Leftovers\n|-heal|p1a: Heath|26\/100 brn|[from] item: Leftovers\n|-damage|p1a: Heath|20\/100 brn|[from] brn\n|upkeep\n|turn|21\n|c|\u2606Blackfooted Eel|that roll was deserved after all the misses XD\n|c|\u2606Xopas|high roll?\n|c|\u2606Blackfooted Eel|low roll\n|c|\u2606Xopas|ah ic\n|c|\u2606Blackfooted Eel|i think\n|c|\u2606Blackfooted Eel|unless i'm calcing wrong\n|c|\u2606Xopas|alr\n|\n|t:|1699204195\n|move|p2a: UUtom|Hex|p1a: Heath\n|-damage|p1a: Heath|0 fnt\n|faint|p1a: Heath\n|\n|-heal|p2a: UUtom|14\/100|[from] item: Leftovers\n|upkeep\n|\n|t:|1699204197\n|switch|p1a: Fabio|Typhlosion, M|100\/100\n|turn|22\n|\n|t:|1699204201\n|move|p1a: Fabio|Eruption|p2a: UUtom\n|-resisted|p2a: UUtom\n|-damage|p2a: UUtom|0 fnt\n|faint|p2a: UUtom\n|\n|upkeep\n|\n|t:|1699204212\n|switch|p2a: DraGurgle|Dragalge, M|48\/100\n|-damage|p2a: DraGurgle|36\/100|[from] Stealth Rock\n|turn|23\n|\n|t:|1699204220\n|switch|p1a: Kronk|Slowbro, M|45\/100 brn\n|move|p2a: DraGurgle|Draco Meteor|p1a: Kronk\n|-damage|p1a: Kronk|9\/100 brn\n|-unboost|p2a: DraGurgle|spa|2\n|\n|-damage|p1a: Kronk|3\/100 brn|[from] brn\n|upkeep\n|turn|24\n|\n|t:|1699204237\n|move|p2a: DraGurgle|Sludge Wave|p1a: Kronk\n|-damage|p1a: Kronk|0 fnt\n|faint|p1a: Kronk\n|\n|upkeep\n|\n|t:|1699204239\n|switch|p1a: Fabio|Typhlosion, M|100\/100\n|turn|25\n|\n|t:|1699204244\n|move|p1a: Fabio|Blast Burn|p2a: DraGurgle\n|-resisted|p2a: DraGurgle\n|-damage|p2a: DraGurgle|3\/100\n|-status|p2a: DraGurgle|brn\n|-mustrecharge|p1a: Fabio\n|move|p2a: DraGurgle|Draco Meteor|p1a: Fabio\n|-damage|p1a: Fabio|49\/100\n|-unboost|p2a: DraGurgle|spa|2\n|\n|-damage|p2a: DraGurgle|0 fnt|[from] brn\n|faint|p2a: DraGurgle\n|upkeep\n|\n|t:|1699204249\n|switch|p2a: Fly Gone|Flygon, M|100\/100\n|-damage|p2a: Fly Gone|94\/100|[from] Stealth Rock\n|turn|26\n|c|\u2606Blackfooted Eel|ahhhhh rip\n|c|\u2606Blackfooted Eel|gg\n|\n|t:|1699204257\n|cant|p1a: Fabio|recharge\n|move|p2a: Fly Gone|Earthquake|p1a: Fabio\n|-supereffective|p1a: Fabio\n|-damage|p1a: Fabio|0 fnt\n|faint|p1a: Fabio\n|\n|upkeep\n|\n|t:|1699204259\n|switch|p1a: Goodman|Mamoswine, M|100\/100\n|turn|27\n|\n|t:|1699204268\n|move|p1a: Goodman|Ice Shard|p2a: Fly Gone\n|-supereffective|p2a: Fly Gone\n|-damage|p2a: Fly Gone|0 fnt\n|faint|p2a: Fly Gone\n|\n|upkeep\n|\n|t:|1699204272\n|switch|p2a: Chef Pao|Chien-Pao|100\/100\n|-damage|p2a: Chef Pao|76\/100|[from] Stealth Rock\n|-ability|p2a: Chef Pao|Sword of Ruin\n|turn|28\n|\n|t:|1699204275\n|move|p2a: Chef Pao|Sacred Sword|p1a: Goodman\n|-supereffective|p1a: Goodman\n|-damage|p1a: Goodman|14\/100\n|move|p1a: Goodman|Headlong Rush|p2a: Chef Pao\n|-damage|p2a: Chef Pao|0 fnt\n|-unboost|p1a: Goodman|def|1\n|-unboost|p1a: Goodman|spd|1\n|faint|p2a: Chef Pao\n|\n|upkeep\n|l| rapahtherock2\n|\n|t:|1699204279\n|switch|p2a: Tapu GOAT|Tapu Bulu|100\/100\n|-damage|p2a: Tapu GOAT|88\/100|[from] Stealth Rock\n|-fieldstart|move: Grassy Terrain|[from] ability: Grassy Surge|[of] p2a: Tapu GOAT\n|turn|29\n|\n|t:|1699204284\n|move|p2a: Tapu GOAT|Grassy Glide|p1a: Goodman\n|-supereffective|p1a: Goodman\n|-damage|p1a: Goodman|0 fnt\n|faint|p1a: Goodman\n|\n|win|Xopas\n|c|\u2606Xopas|Ggs\n|c|\u2606Xopas|holy\n|c|\u2606Blackfooted Eel|needed that blast burn roll\n|c|\u2606Xopas|!showset dragalge\n|c| Xopas|\/raw <div class=\"infobox\">DraGurgle (Dragalge) @ Assault Vest  <br \/>Ability: Adaptability  <br \/>Tera Type: Poison  <br \/>EVs: 84 Def &#x2f; 240 SpA &#x2f; 184 SpD  <br \/>Bold Nature  <br \/>- Draco Meteor  <br \/>- Flip Turn  <br \/>- Sludge Wave  <br \/>- Scald  <br \/><br \/><\/div>\n|c|\u2606Xopas|184 av\n|c|\u2606Xopas|you got the roll anyway\n|c|\u2606Xopas|you killed with a burn\n|c|\u2606Xopas|!dt blast burn\n|raw|<ul class=\"utilichart\"><li class=\"result\"><span class=\"col movenamecol\"><a href=\"https:\/\/dex.radicalred.net\/moves\/blastburn\">Blast Burn<\/a><\/span> <span class=\"col typecol\"><img src=\"\/\/play.radicalred.net\/sprites\/types\/Fire.png\" alt=\"Fire\" width=\"32\" height=\"14\"><img src=\"\/\/play.radicalred.net\/sprites\/categories\/Special.png\" alt=\"Special\" width=\"32\" height=\"14\"><\/span> <span class=\"col labelcol\"><em>Power<\/em><br>160<\/span> <span class=\"col widelabelcol\"><em>Accuracy<\/em><br>100%<\/span> <span class=\"col pplabelcol\"><em>PP<\/em><br>4<\/span> <span class=\"col movedesccol\">60% brn. Can't move next turn if target is not KOed.<\/span> <\/li><li style=\"clear:both\"><\/li><\/ul>\n|raw|<font size=\"1\"><font color=\"#686868\">Priority:<\/font> 0&nbsp;|&ThickSpace;<font color=\"#686868\">Gen:<\/font> 3&nbsp;|&ThickSpace;&#10003; Boosted by Sheer Force&nbsp;|&ThickSpace;&#10003; Has recharge turn&nbsp;|&ThickSpace;<font color=\"#686868\">Z-Power:<\/font> 200&nbsp;|&ThickSpace;<font color=\"#686868\">Dynamax Power:<\/font> 150&nbsp;|&ThickSpace;<font color=\"#686868\">Target:<\/font> One Adjacent Pok\u00e9mon<\/font>\n\n|c|\u2606Xopas|yea\n|c|\u2606Blackfooted Eel|ah i miss calced earlier\n|c|\u2606Xopas|oh\n|c|\u2606Xopas|ggs\n|c|\u2606Xopas|lets talk in post chat\n","uploadtime":1699204373,"views":21,"p1id":"blackfootedeel","p2id":"xopas","formatid":"gen9ubers","rating":0,"private":0,"password":""}