{"id":"radicalred-gen9ubers-533702","p1":"alexshyness","p2":"Luario708","format":"[Gen 9] Ubers","log":"|j|\u2606alexshyness\n|j|\u2606Luario708\n|t:|1697680346\n|gametype|singles\n|player|p1|alexshyness|265|\n|player|p2|Luario708|265|\n|teamsize|p1|6\n|teamsize|p2|6\n|gen|9\n|tier|[Gen 9] Ubers\n|rule|Sleep Clause Mod: Limit one foe put to sleep\n|rule|Species Clause: Limit one of each Pok\u00e9mon\n|rule|OHKO Clause: OHKO moves are banned\n|rule|Evasion Abilities Clause: Evasion abilities are banned\n|rule|Evasion Items Clause: Evasion items are banned\n|rule|Evasion Moves Clause: Evasion moves are banned\n|rule|Endless Battle Clause: Forcing endless battles is banned\n|rule|HP Percentage Mod: HP is shown in percentages\n|rule|Dynamax Clause: You cannot dynamax\n|rule|Mega Rayquaza Clause: You cannot mega evolve Rayquaza\n|clearpoke\n|poke|p1|Landorus, M|\n|poke|p1|Carracosta, F|\n|poke|p1|Liepard, F|\n|poke|p1|Cryogonal|\n|poke|p1|Conkeldurr, F|\n|poke|p1|Volcarona, M|\n|poke|p2|Jellicent, F|\n|poke|p2|Galvantula, M|\n|poke|p2|Landorus-Therian, M|\n|poke|p2|Mienshao, M|\n|poke|p2|Samurott, F|\n|poke|p2|Ferrothorn, F|\n|teampreview\n|inactive|Battle timer is ON: inactive players will automatically lose when time's up. (requested by Luario708)\n|c|\u2606alexshyness|era as\u00ed que se mandaba? ya no me acuerdo nunca mand\u00e9\n|inactive|alexshyness has 270 seconds left.\n|inactive|Luario708 has 270 seconds left.\n|\n|t:|1697680405\n|start\n|switch|p1a: Cryogonal|Cryogonal|100\/100\n|switch|p2a: Astrum Aureus|Galvantula, M, shiny|100\/100\n|turn|1\n|inactive|Luario708 has 270 seconds left.\n|\n|t:|1697680462\n|switch|p2a: Calamitas|Mienshao, M, shiny|100\/100\n|move|p1a: Cryogonal|Light Screen|p1a: Cryogonal\n|-sidestart|p1: alexshyness|move: Light Screen\n|\n|upkeep\n|turn|2\n|\n|t:|1697680486\n|move|p1a: Cryogonal|Reflect|p1a: Cryogonal\n|-sidestart|p1: alexshyness|Reflect\n|move|p2a: Calamitas|Close Combat|p1a: Cryogonal\n|-supereffective|p1a: Cryogonal\n|-damage|p1a: Cryogonal|5\/100\n|-unboost|p2a: Calamitas|def|1\n|-unboost|p2a: Calamitas|spd|1\n|\n|upkeep\n|turn|3\n|\n|t:|1697680493\n|move|p2a: Calamitas|Fake Out||[still]\n|-hint|Fake Out only works on your first turn out.\n|-fail|p2a: Calamitas\n|move|p1a: Cryogonal|Ice Beam|p2a: Calamitas\n|-damage|p2a: Calamitas|41\/100\n|\n|upkeep\n|turn|4\n|\n|t:|1697680499\n|move|p1a: Cryogonal|Ice Beam|p2a: Calamitas\n|-damage|p2a: Calamitas|0 fnt\n|faint|p2a: Calamitas\n|\n|upkeep\n|\n|t:|1697680507\n|switch|p2a: Leviatan|Samurott, F|100\/100\n|turn|5\n|\n|t:|1697680510\n|move|p2a: Leviatan|Aqua Jet|p1a: Cryogonal\n|-damage|p1a: Cryogonal|0 fnt\n|faint|p1a: Cryogonal\n|\n|upkeep\n|\n|t:|1697680517\n|switch|p1a: Volcarona|Volcarona, M|100\/100\n|turn|6\n|\n|t:|1697680522\n|move|p2a: Leviatan|Aqua Jet|p1a: Volcarona\n|-supereffective|p1a: Volcarona\n|-damage|p1a: Volcarona|67\/100\n|move|p1a: Volcarona|Quiver Dance|p1a: Volcarona\n|-boost|p1a: Volcarona|spa|1\n|-boost|p1a: Volcarona|spd|1\n|-boost|p1a: Volcarona|spe|1\n|\n|upkeep\n|turn|7\n|\n|t:|1697680545\n|switch|p2a: Ravager|Ferrothorn, F, shiny|100\/100\n|move|p1a: Volcarona|Quiver Dance|p1a: Volcarona\n|-boost|p1a: Volcarona|spa|1\n|-boost|p1a: Volcarona|spd|1\n|-boost|p1a: Volcarona|spe|1\n|\n|upkeep\n|turn|8\n|\n|t:|1697680552\n|move|p1a: Volcarona|Fiery Dance|p2a: Ravager\n|-supereffective|p2a: Ravager\n|-damage|p2a: Ravager|0 fnt\n|faint|p2a: Ravager\n|\n|-sideend|p1: alexshyness|move: Light Screen\n|upkeep\n|inactive|Luario708 has 270 seconds left.\n|inactive|Luario708 has 240 seconds left.\n|inactive|Luario708 has 210 seconds left.\n|\n|t:|1697680633\n|switch|p2a: Astrum Aureus|Galvantula, M, shiny|100\/100\n|turn|9\n|inactive|Luario708 has 210 seconds left.\n|\n|t:|1697680649\n|move|p1a: Volcarona|Giga Drain|p2a: Astrum Aureus\n|-resisted|p2a: Astrum Aureus\n|-damage|p2a: Astrum Aureus|56\/100\n|-heal|p1a: Volcarona|88\/100|[from] drain|[of] p2a: Astrum Aureus\n|move|p2a: Astrum Aureus|Thunder|p1a: Volcarona|[miss]\n|-miss|p2a: Astrum Aureus|p1a: Volcarona\n|\n|-sideend|p1: alexshyness|Reflect\n|upkeep\n|turn|10\n|inactive|Luario708 has 210 seconds left.\n|inactive|Luario708 has 180 seconds left.\n|\n|t:|1697680698\n|move|p1a: Volcarona|Fiery Dance|p2a: Astrum Aureus\n|-supereffective|p2a: Astrum Aureus\n|-damage|p2a: Astrum Aureus|0 fnt\n|-boost|p1a: Volcarona|spa|1\n|faint|p2a: Astrum Aureus\n|\n|upkeep\n|\n|t:|1697680703\n|switch|p2a: Leviatan|Samurott, F|100\/100\n|turn|11\n|\n|t:|1697680707\n|move|p2a: Leviatan|Aqua Jet|p1a: Volcarona\n|-supereffective|p1a: Volcarona\n|-damage|p1a: Volcarona|21\/100\n|move|p1a: Volcarona|Giga Drain|p2a: Leviatan\n|-damage|p2a: Leviatan|1\/100\n|-heal|p1a: Volcarona|74\/100|[from] drain|[of] p2a: Leviatan\n|\n|upkeep\n|turn|12\n|inactive|Luario708 has 180 seconds left.\n|\n|t:|1697680724\n|move|p2a: Leviatan|Aqua Jet|p1a: Volcarona\n|-supereffective|p1a: Volcarona\n|-damage|p1a: Volcarona|16\/100\n|move|p1a: Volcarona|Giga Drain|p2a: Leviatan\n|-damage|p2a: Leviatan|0 fnt\n|-heal|p1a: Volcarona|16\/100|[from] drain|[of] p2a: Leviatan\n|faint|p2a: Leviatan\n|\n|upkeep\n|inactive|Luario708 has 180 seconds left.\n|\n|t:|1697680735\n|switch|p2a: Yharon|Landorus-Therian, M|100\/100\n|-ability|p2a: Yharon|Intimidate|boost\n|-unboost|p1a: Volcarona|atk|1\n|turn|13\n|inactive|Luario708 has 180 seconds left.\n|\n|t:|1697680742\n|move|p1a: Volcarona|Giga Drain|p2a: Yharon\n|-damage|p2a: Yharon|11\/100\n|-heal|p1a: Volcarona|63\/100|[from] drain|[of] p2a: Yharon\n|move|p2a: Yharon|Earthquake|p1a: Volcarona\n|-damage|p1a: Volcarona|0 fnt\n|faint|p1a: Volcarona\n|\n|upkeep\n|\n|t:|1697680751\n|switch|p1a: Carracosta|Carracosta, F|100\/100\n|turn|14\n|\n|t:|1697680757\n|switch|p2a: Polterghast|Jellicent, F|100\/100\n|move|p1a: Carracosta|Shell Smash|p1a: Carracosta\n|-unboost|p1a: Carracosta|def|1\n|-unboost|p1a: Carracosta|spd|1\n|-boost|p1a: Carracosta|atk|2\n|-boost|p1a: Carracosta|spa|2\n|-boost|p1a: Carracosta|spe|2\n|-enditem|p1a: Carracosta|White Herb\n|-clearnegativeboost|p1a: Carracosta|[silent]\n|\n|upkeep\n|turn|15\n|\n|t:|1697680772\n|move|p1a: Carracosta|Earthquake|p2a: Polterghast\n|-damage|p2a: Polterghast|49\/100\n|move|p2a: Polterghast|Strength Sap|p1a: Carracosta\n|-unboost|p1a: Carracosta|atk|1\n|-heal|p2a: Polterghast|100\/100\n|\n|upkeep\n|turn|16\n|\n|t:|1697680780\n|move|p1a: Carracosta|Rock Slide|p2a: Polterghast\n|-damage|p2a: Polterghast|61\/100\n|move|p2a: Polterghast|Strength Sap|p1a: Carracosta\n|-unboost|p1a: Carracosta|atk|1\n|-heal|p2a: Polterghast|100\/100\n|\n|upkeep\n|turn|17\n|\n|t:|1697680791\n|move|p1a: Carracosta|Shell Smash|p1a: Carracosta\n|-unboost|p1a: Carracosta|def|1\n|-unboost|p1a: Carracosta|spd|1\n|-boost|p1a: Carracosta|atk|2\n|-boost|p1a: Carracosta|spa|2\n|-boost|p1a: Carracosta|spe|2\n|move|p2a: Polterghast|Strength Sap|p1a: Carracosta\n|-unboost|p1a: Carracosta|atk|1\n|\n|upkeep\n|turn|18\n|inactive|alexshyness has 270 seconds left.\n|\n|t:|1697680842\n|switch|p1a: Liepard|Liepard, F|100\/100\n|move|p2a: Polterghast|Toxic|p1a: Liepard\n|-status|p1a: Liepard|tox\n|\n|-damage|p1a: Liepard|95\/100 tox|[from] psn\n|upkeep\n|turn|19\n|inactive|Luario708 has 210 seconds left.\n|\n|t:|1697680858\n|switch|p2a: Yharon|Landorus-Therian, M|11\/100\n|-ability|p2a: Yharon|Intimidate|boost\n|-unboost|p1a: Liepard|atk|1\n|move|p1a: Liepard|Thunder Wave|p2a: Yharon\n|-immune|p2a: Yharon\n|\n|-damage|p1a: Liepard|83\/100 tox|[from] psn\n|upkeep\n|turn|20\n|\n|t:|1697680872\n|move|p1a: Liepard|Sucker Punch|p2a: Yharon\n|-damage|p2a: Yharon|0 fnt\n|faint|p2a: Yharon\n|\n|-damage|p1a: Liepard|65\/100 tox|[from] psn\n|upkeep\n|\n|t:|1697680878\n|switch|p2a: Polterghast|Jellicent, F|100\/100\n|turn|21\n|\n|t:|1697680889\n|move|p1a: Liepard|Thunder Wave|p2a: Polterghast\n|-status|p2a: Polterghast|par\n|move|p2a: Polterghast|Strength Sap|p1a: Liepard\n|-unboost|p1a: Liepard|atk|1\n|\n|-damage|p1a: Liepard|41\/100 tox|[from] psn\n|upkeep\n|turn|22\n|inactive|alexshyness has 270 seconds left.\n|\n|t:|1697680920\n|move|p1a: Liepard|Play Rough|p2a: Polterghast\n|-damage|p2a: Polterghast|89\/100 par\n|move|p2a: Polterghast|Ominous Wind|p1a: Liepard\n|-resisted|p1a: Liepard\n|-damage|p1a: Liepard|21\/100 tox\n|\n|-damage|p1a: Liepard|0 fnt|[from] psn\n|faint|p1a: Liepard\n|upkeep\n|j| Connorwc22\n|inactive|alexshyness has 240 seconds left.\n|\n|t:|1697680941\n|switch|p1a: Landorus|Landorus, M|100\/100\n|turn|23\n|l| Connorwc22\n|\n|t:|1697680949\n|move|p1a: Landorus|Calm Mind|p1a: Landorus\n|-boost|p1a: Landorus|spa|1\n|-boost|p1a: Landorus|spd|1\n|move|p2a: Polterghast|Strength Sap|p1a: Landorus\n|-unboost|p1a: Landorus|atk|1\n|-heal|p2a: Polterghast|100\/100 par\n|\n|upkeep\n|turn|24\n|\n|t:|1697680961\n|move|p1a: Landorus|Calm Mind|p1a: Landorus\n|-boost|p1a: Landorus|spa|1\n|-boost|p1a: Landorus|spd|1\n|move|p2a: Polterghast|Scald|p1a: Landorus\n|-supereffective|p1a: Landorus\n|-damage|p1a: Landorus|34\/100\n|\n|upkeep\n|turn|25\n|\n|t:|1697680972\n|move|p1a: Landorus|Earth Power|p2a: Polterghast\n|-crit|p2a: Polterghast\n|-damage|p2a: Polterghast|0 fnt\n|faint|p2a: Polterghast\n|-damage|p1a: Landorus|24\/100|[from] item: Life Orb\n|\n|win|alexshyness\n|c|\u2606alexshyness|gg\n|l|\u2606Luario708\n|l|\u2606alexshyness\n","uploadtime":1697681104,"views":11,"p1id":"alexshyness","p2id":"luario708","formatid":"gen9ubers","rating":0,"private":0,"password":""}