{"id":"radicalred-gen9ubers-547566","p1":"anderproyt","p2":"axelzzz09","format":"[Gen 9] Ubers","log":"|j|\u2606anderproyt\n|j|\u2606axelzzz09\n|t:|1700180616\n|gametype|singles\n|player|p1|anderproyt|rr-tyranitar|\n|player|p2|axelzzz09|rr-marowakalola|\n|teamsize|p1|6\n|teamsize|p2|6\n|gen|9\n|tier|[Gen 9] Ubers\n|rule|Sleep Clause Mod: Limit one foe put to sleep\n|rule|Species Clause: Limit one of each Pok\u00e9mon\n|rule|OHKO Clause: OHKO moves are banned\n|rule|Evasion Abilities Clause: Evasion abilities are banned\n|rule|Evasion Items Clause: Evasion items are banned\n|rule|Evasion Moves Clause: Evasion moves are banned\n|rule|Endless Battle Clause: Forcing endless battles is banned\n|rule|HP Percentage Mod: HP is shown in percentages\n|rule|Dynamax Clause: You cannot dynamax\n|rule|Mega Rayquaza Clause: You cannot mega evolve Rayquaza\n|clearpoke\n|poke|p1|Gardevoir, M|\n|poke|p1|Grafaiai, F|\n|poke|p1|Grimmsnarl, M|\n|poke|p1|Zangoose, M|\n|poke|p1|Gorebyss, F|\n|poke|p1|Obstagoon, M|\n|poke|p2|Ceruledge, M|\n|poke|p2|Decidueye, M|\n|poke|p2|Dracovish|\n|poke|p2|Lapras, M|\n|poke|p2|Keldeo-Resolute|\n|poke|p2|Aegislash, F|\n|teampreview\n|\n|t:|1700180636\n|start\n|switch|p1a: Bichoz|Grafaiai, F|100\/100\n|switch|p2a: el guardian caido|Ceruledge, M|100\/100\n|turn|1\n|c|\u2606anderproyt|de digo debes tenerle miedo a todo\n|\n|t:|1700180647\n|move|p1a: Bichoz|Taunt|p2a: el guardian caido\n|-start|p2a: el guardian caido|move: Taunt\n|cant|p2a: el guardian caido|move: Taunt|Swords Dance\n|\n|upkeep\n|turn|2\n|\n|t:|1700180655\n|switch|p2a: colmillo|Dracovish|100\/100\n|move|p1a: Bichoz|Sticky Web|p2a: colmillo\n|-sidestart|p2: axelzzz09|move: Sticky Web\n|\n|upkeep\n|turn|3\n|c|\u2606anderproyt|creiste q te dejaria hace una cumbia?\n|c|\u2606axelzzz09|xd si\n|j| Lukeow\n|\n|t:|1700180673\n|move|p1a: Bichoz|Parting Shot|p2a: colmillo\n|-unboost|p2a: colmillo|atk|1\n|-unboost|p2a: colmillo|spa|1\n|c|\u2606axelzzz09|pero ya soy mas rapido\n|c|\u2606axelzzz09|atacare primero\n|\n|t:|1700180679\n|switch|p1a: Tigre To\u00f1o|Grimmsnarl, M|100\/100|[from] Parting Shot\n|move|p2a: colmillo|Fishious Rend|p1a: Tigre To\u00f1o\n|-damage|p1a: Tigre To\u00f1o|30\/100\n|\n|upkeep\n|turn|4\n|c|\u2606anderproyt|no importa xd\n|\n|t:|1700180688\n|move|p1a: Tigre To\u00f1o|Reflect|p1a: Tigre To\u00f1o\n|-sidestart|p1: anderproyt|Reflect\n|move|p2a: colmillo|Fishious Rend|p1a: Tigre To\u00f1o\n|-damage|p1a: Tigre To\u00f1o|15\/100\n|\n|upkeep\n|turn|5\n|c|\u2606axelzzz09|xd si\n|\n|t:|1700180698\n|move|p1a: Tigre To\u00f1o|Light Screen|p1a: Tigre To\u00f1o\n|-sidestart|p1: anderproyt|move: Light Screen\n|move|p2a: colmillo|Fishious Rend|p1a: Tigre To\u00f1o\n|-damage|p1a: Tigre To\u00f1o|0 fnt\n|faint|p1a: Tigre To\u00f1o\n|\n|upkeep\n|c|\u2606anderproyt|tigre to\u00f1o cumpliendo su funcion en la vida\n|c|\u2606axelzzz09|porque fishius rendsi ataco primero tiene doble de potencia\n|\n|t:|1700180716\n|switch|p1a: Gorebyss|Gorebyss, F|100\/100\n|turn|6\n|\n|t:|1700180719\n|move|p2a: colmillo|Fishious Rend|p1a: Gorebyss\n|-resisted|p1a: Gorebyss\n|-damage|p1a: Gorebyss|78\/100\n|move|p1a: Gorebyss|Shell Smash|p1a: Gorebyss\n|-unboost|p1a: Gorebyss|def|1\n|-unboost|p1a: Gorebyss|spd|1\n|-boost|p1a: Gorebyss|atk|2\n|-boost|p1a: Gorebyss|spa|2\n|-boost|p1a: Gorebyss|spe|2\n|\n|upkeep\n|turn|7\n|\n|t:|1700180730\n|move|p1a: Gorebyss|Draining Kiss|p2a: colmillo\n|-supereffective|p2a: colmillo\n|-damage|p2a: colmillo|0 fnt\n|-heal|p1a: Gorebyss|100\/100|[from] drain|[of] p2a: colmillo\n|faint|p2a: colmillo\n|\n|upkeep\n|c|\u2606anderproyt|tememe xd\n|c|\u2606anderproyt|te dire de una\n|\n|t:|1700180741\n|switch|p2a: el guardian caido|Ceruledge, M|100\/100\n|-activate|p2a: el guardian caido|move: Sticky Web\n|-unboost|p2a: el guardian caido|spe|1\n|turn|8\n|c|\u2606anderproyt|su hab hace lo mismo q la de farigiraf\n|c|\u2606anderproyt|lo protege de la prioridad\n|\n|t:|1700180754\n|move|p1a: Gorebyss|Surf|p2a: el guardian caido\n|-supereffective|p2a: el guardian caido\n|-enditem|p2a: el guardian caido|Focus Sash\n|-damage|p2a: el guardian caido|1\/100\n|move|p2a: el guardian caido|Shadow Claw|p1a: Gorebyss\n|-damage|p1a: Gorebyss|60\/100\n|\n|upkeep\n|turn|9\n|\n|t:|1700180765\n|move|p2a: el guardian caido|Shadow Sneak||[still]\n|cant|p1a: Gorebyss|ability: Dazzling|Shadow Sneak|[of] p2a: el guardian caido\n|move|p1a: Gorebyss|Draining Kiss|p2a: el guardian caido\n|-resisted|p2a: el guardian caido\n|-damage|p2a: el guardian caido|0 fnt\n|-heal|p1a: Gorebyss|60\/100|[from] drain|[of] p2a: el guardian caido\n|faint|p2a: el guardian caido\n|\n|upkeep\n|c|\u2606anderproyt|te lo dige xd\n|\n|t:|1700180785\n|switch|p2a: robin hood|Decidueye, M|100\/100\n|-activate|p2a: robin hood|move: Sticky Web\n|-unboost|p2a: robin hood|spe|1\n|turn|10\n|l| Lukeow\n|\n|t:|1700180792\n|move|p1a: Gorebyss|Ice Beam|p2a: robin hood\n|-supereffective|p2a: robin hood\n|-damage|p2a: robin hood|0 fnt\n|faint|p2a: robin hood\n|\n|upkeep\n|\n|t:|1700180797\n|switch|p2a: ness|Lapras, M|100\/100\n|-activate|p2a: ness|move: Sticky Web\n|-unboost|p2a: ness|spe|1\n|turn|11\n|\n|t:|1700180806\n|detailschange|p2a: ness|Lapras-Mega, M\n|-mega|p2a: ness|Lapras|Laprasite\n|move|p1a: Gorebyss|Draining Kiss|p2a: ness\n|-supereffective|p2a: ness\n|-damage|p2a: ness|41\/100\n|-heal|p1a: Gorebyss|100\/100|[from] drain|[of] p2a: ness\n|move|p2a: ness|Freeze-Dry|p1a: Gorebyss\n|-supereffective|p1a: Gorebyss\n|-damage|p1a: Gorebyss|50\/100\n|\n|-sideend|p1: anderproyt|Reflect\n|upkeep\n|turn|12\n|c|\u2606anderproyt|lo unico q puede aguantar xd\n|\n|t:|1700180816\n|move|p1a: Gorebyss|Draining Kiss|p2a: ness\n|-supereffective|p2a: ness\n|-damage|p2a: ness|0 fnt\n|-heal|p1a: Gorebyss|100\/100|[from] drain|[of] p2a: ness\n|faint|p2a: ness\n|\n|-sideend|p1: anderproyt|move: Light Screen\n|upkeep\n|c|\u2606anderproyt|por mucho mega\n|\n|t:|1700180822\n|switch|p2a: guardian real|Aegislash, F|100\/100\n|-activate|p2a: guardian real|move: Sticky Web\n|-unboost|p2a: guardian real|spe|1\n|turn|13\n|\n|t:|1700180827\n|move|p2a: guardian real|King's Shield|p2a: guardian real\n|-singleturn|p2a: guardian real|Protect\n|move|p1a: Gorebyss|Surf|p2a: guardian real\n|-activate|p2a: guardian real|move: Protect\n|\n|upkeep\n|turn|14\n|\n|t:|1700180834\n|move|p1a: Gorebyss|Surf|p2a: guardian real\n|-damage|p2a: guardian real|27\/100\n|-formechange|p2a: guardian real|Aegislash-Blade||[from] ability: Stance Change\n|move|p2a: guardian real|Sacred Sword|p1a: Gorebyss\n|-resisted|p1a: Gorebyss\n|-damage|p1a: Gorebyss|80\/100\n|\n|upkeep\n|turn|15\n|c|\u2606anderproyt|hada agua\n|\n|t:|1700180850\n|-formechange|p2a: guardian real|Aegislash||[from] ability: Stance Change\n|move|p2a: guardian real|King's Shield|p2a: guardian real\n|-singleturn|p2a: guardian real|Protect\n|move|p1a: Gorebyss|Surf|p2a: guardian real\n|-activate|p2a: guardian real|move: Protect\n|\n|upkeep\n|turn|16\n|\n|t:|1700180860\n|-formechange|p2a: guardian real|Aegislash-Blade||[from] ability: Stance Change\n|move|p2a: guardian real|Shadow Sneak||[still]\n|cant|p1a: Gorebyss|ability: Dazzling|Shadow Sneak|[of] p2a: guardian real\n|move|p1a: Gorebyss|Shell Smash|p1a: Gorebyss\n|-unboost|p1a: Gorebyss|def|1\n|-unboost|p1a: Gorebyss|spd|1\n|-boost|p1a: Gorebyss|atk|2\n|-boost|p1a: Gorebyss|spa|2\n|-boost|p1a: Gorebyss|spe|2\n|\n|upkeep\n|turn|17\n|\n|t:|1700180870\n|move|p1a: Gorebyss|Surf|p2a: guardian real\n|-damage|p2a: guardian real|0 fnt\n|faint|p2a: guardian real\n|\n|upkeep\n|\n|t:|1700180874\n|switch|p2a: espada del lago|Keldeo-Resolute|100\/100\n|-activate|p2a: espada del lago|move: Sticky Web\n|-unboost|p2a: espada del lago|spe|1\n|turn|18\n|\n|t:|1700180881\n|move|p1a: Gorebyss|Draining Kiss|p2a: espada del lago\n|-supereffective|p2a: espada del lago\n|-damage|p2a: espada del lago|0 fnt\n|-heal|p1a: Gorebyss|100\/100|[from] drain|[of] p2a: espada del lago\n|faint|p2a: espada del lago\n|\n|win|anderproyt\n","uploadtime":1700180890,"views":22,"p1id":"anderproyt","p2id":"axelzzz09","formatid":"gen9ubers","rating":0,"private":0,"password":""}