{"id":"radicalred-gen9ubers-539350","p1":"AugSaas","p2":"HamletInRl","format":"[Gen 9] Ubers","log":"|j|\u2606AugSaas\n|j|\u2606HamletInRl\n|t:|1698601678\n|gametype|singles\n|player|p1|AugSaas|rr-victini|\n|player|p2|HamletInRl|rr-tapukoko|\n|teamsize|p1|6\n|teamsize|p2|6\n|gen|9\n|tier|[Gen 9] Ubers\n|rule|Sleep Clause Mod: Limit one foe put to sleep\n|rule|Species Clause: Limit one of each Pok\u00e9mon\n|rule|OHKO Clause: OHKO moves are banned\n|rule|Evasion Abilities Clause: Evasion abilities are banned\n|rule|Evasion Items Clause: Evasion items are banned\n|rule|Evasion Moves Clause: Evasion moves are banned\n|rule|Endless Battle Clause: Forcing endless battles is banned\n|rule|HP Percentage Mod: HP is shown in percentages\n|rule|Dynamax Clause: You cannot dynamax\n|rule|Mega Rayquaza Clause: You cannot mega evolve Rayquaza\n|clearpoke\n|poke|p1|Centiskorch-Sevii, M|\n|poke|p1|Milotic-Sevii, M|\n|poke|p1|Koraidon|\n|poke|p1|Carnivine-Sevii, M|\n|poke|p1|Noivern-Sevii, F|\n|poke|p1|Wishiwashi-Sevii, F|\n|poke|p2|Mewtwo|\n|poke|p2|Zapdos|\n|poke|p2|Clefable, M|\n|poke|p2|Gengar, F|\n|poke|p2|Pikachu-Rock-Star, F|\n|poke|p2|Chansey, F|\n|teampreview\n|\n|t:|1698601696\n|start\n|switch|p1a: Wishiwashi|Wishiwashi-Sevii, F|100\/100\n|switch|p2a: Mewtwo|Mewtwo|100\/100\n|-ability|p2a: Mewtwo|Pressure\n|-formechange|p1a: Wishiwashi|Wishiwashi-Sevii-School||[from] ability: Schooling\n|turn|1\n|inactive|Battle timer is ON: inactive players will automatically lose when time's up. (requested by AugSaas)\n|\n|t:|1698601711\n|detailschange|p2a: Mewtwo|Mewtwo-Mega-X\n|-mega|p2a: Mewtwo|Mewtwo|Mewtwonite X\n|move|p2a: Mewtwo|Bulk Up|p2a: Mewtwo\n|-boost|p2a: Mewtwo|atk|1\n|-boost|p2a: Mewtwo|def|1\n|move|p1a: Wishiwashi|Poltergeist|p2a: Mewtwo\n|-activate|p2a: Mewtwo|move: Poltergeist|Mewtwonite X\n|-supereffective|p2a: Mewtwo\n|-damage|p2a: Mewtwo|9\/100\n|\n|upkeep\n|turn|2\n|\n|t:|1698601714\n|move|p1a: Wishiwashi|Shadow Sneak|p2a: Mewtwo\n|-supereffective|p2a: Mewtwo\n|-damage|p2a: Mewtwo|0 fnt\n|faint|p2a: Mewtwo\n|\n|upkeep\n|c|\u2606AugSaas|vapo\n|c|\u2606HamletInRl|que bosta\n|\n|t:|1698601720\n|switch|p2a: Clefable|Clefable, M|100\/100\n|turn|3\n|j| Minato uzo crack\n|\n|t:|1698601732\n|switch|p1a: Milotic|Milotic-Sevii, M|100\/100\n|move|p2a: Clefable|Light of Ruin|p1a: Milotic\n|-damage|p1a: Milotic|53\/100\n|\n|-heal|p1a: Milotic|59\/100|[from] item: Leftovers\n|upkeep\n|turn|4\n|\n|t:|1698601741\n|move|p2a: Clefable|Calm Mind|p2a: Clefable\n|-boost|p2a: Clefable|spa|1\n|-boost|p2a: Clefable|spd|1\n|move|p1a: Milotic|Moonblast|p2a: Clefable\n|-damage|p2a: Clefable|68\/100\n|\n|-heal|p1a: Milotic|65\/100|[from] item: Leftovers\n|upkeep\n|turn|5\n|\n|t:|1698601745\n|switch|p1a: Carnivine|Carnivine-Sevii, M|100\/100\n|move|p2a: Clefable|Light of Ruin|p1a: Carnivine\n|-resisted|p1a: Carnivine\n|-damage|p1a: Carnivine|74\/100\n|\n|-heal|p1a: Carnivine|80\/100|[from] item: Black Sludge\n|upkeep\n|turn|6\n|c| Minato uzo crack| ganha majora\n|\n|t:|1698601751\n|move|p2a: Clefable|Flamethrower|p1a: Carnivine\n|-supereffective|p1a: Carnivine\n|-damage|p1a: Carnivine|0 fnt\n|faint|p1a: Carnivine\n|\n|upkeep\n|c|\u2606AugSaas|q isso gusta\n|\n|t:|1698601758\n|switch|p1a: Noivern-Sevii|Noivern-Sevii, F|100\/100\n|turn|7\n|c|\u2606HamletInRl|ninguem lhe aguenta aug\n|\n|t:|1698601767\n|move|p1a: Noivern-Sevii|Poltergeist|p2a: Clefable\n|-activate|p2a: Clefable|move: Poltergeist|Life Orb\n|-damage|p2a: Clefable|11\/100\n|move|p2a: Clefable|Light of Ruin|p1a: Noivern-Sevii\n|-crit|p1a: Noivern-Sevii\n|-enditem|p1a: Noivern-Sevii|Focus Sash\n|-damage|p1a: Noivern-Sevii|1\/100\n|\n|upkeep\n|turn|8\n|c| Minato uzo crack|ja ganhou demias\n|c|\u2606HamletInRl|Ahhhhh\n|\n|t:|1698601778\n|move|p1a: Noivern-Sevii|Earthquake|p2a: Clefable\n|-damage|p2a: Clefable|0 fnt\n|faint|p2a: Clefable\n|\n|upkeep\n|c|\u2606HamletInRl|Foi isso q vc botou no time\n|\n|t:|1698601784\n|switch|p2a: Pikachu|Pikachu-Rock-Star, F|100\/100\n|turn|9\n|c|\u2606AugSaas|nada\n|c|\u2606AugSaas|ja tinha antes\n|c|\u2606AugSaas|mudei nada n\n|c|\u2606AugSaas|qria tirar milotic\n|c|\u2606AugSaas|mas n tinha nada melhor\n|c|\u2606HamletInRl|50\/50\n|\n|t:|1698601808\n|move|p1a: Noivern-Sevii|Earthquake|p2a: Pikachu\n|-supereffective|p2a: Pikachu\n|-damage|p2a: Pikachu|0 fnt\n|faint|p2a: Pikachu\n|\n|upkeep\n|c|\u2606HamletInRl|kct\n|c|\u2606AugSaas|NICE\n|c|\u2606HamletInRl|Perdi o 50\/50\n|c|\u2606HamletInRl|Droga\n|c| Minato uzo crack|q play majora \n|\n|t:|1698601820\n|switch|p2a: Chansey|Chansey, F|100\/100\n|turn|10\n|c| Minato uzo crack|q play\n|c| Minato uzo crack|animal\n|c|\u2606HamletInRl|U\u00e9\n|c|\u2606HamletInRl|Se ele entrasse centis eu me fodia\n|c|\u2606AugSaas|vc n me bate com nada n\u00e9\n|\n|t:|1698601838\n|move|p1a: Noivern-Sevii|Dragon Dance|p1a: Noivern-Sevii\n|-boost|p1a: Noivern-Sevii|atk|1\n|-boost|p1a: Noivern-Sevii|spe|1\n|move|p2a: Chansey|Shadow Ball|p1a: Noivern-Sevii\n|-supereffective|p1a: Noivern-Sevii\n|-crit|p1a: Noivern-Sevii\n|-damage|p1a: Noivern-Sevii|0 fnt\n|faint|p1a: Noivern-Sevii\n|\n|upkeep\n|c|\u2606HamletInRl|quem te disse\n|c|\u2606HamletInRl|?\n|c|\u2606AugSaas|merda\n|\n|t:|1698601855\n|switch|p1a: Koraidon|Koraidon|100\/100\n|-weather|SunnyDay|[from] ability: Orichalcum Pulse|[of] p1a: Koraidon\n|-activate|p1a: Koraidon|Orichalcum Pulse|[source]\n|turn|11\n|\n|t:|1698601857\n|switch|p2a: Zapdos|Zapdos|100\/100\n|move|p1a: Koraidon|Flare Blitz|p2a: Zapdos\n|-damage|p2a: Zapdos|35\/100\n|-damage|p1a: Koraidon|76\/100|[from] Recoil\n|\n|-weather|SunnyDay|[upkeep]\n|upkeep\n|turn|12\n|\n|t:|1698601861\n|move|p1a: Koraidon|Flare Blitz|p2a: Zapdos\n|-damage|p2a: Zapdos|0 fnt\n|-status|p1a: Koraidon|par|[from] ability: Static|[of] p2a: Zapdos\n|faint|p2a: Zapdos\n|-damage|p1a: Koraidon|64\/100 par|[from] Recoil\n|\n|-weather|SunnyDay|[upkeep]\n|upkeep\n|c|\u2606AugSaas|vapo\n|\n|t:|1698601867\n|switch|p2a: Gengar|Gengar, F|100\/100\n|turn|13\n|c|\u2606HamletInRl|ok\n|c|\u2606AugSaas|vou ficar\n|c| Minato uzo crack|ja era majora\n|c|\u2606HamletInRl|matou na ultima?\n|\n|t:|1698601880\n|move|p2a: Gengar|Shadow Ball|p1a: Koraidon\n|-damage|p1a: Koraidon|3\/100 par\n|move|p1a: Koraidon|Flare Blitz|p2a: Gengar\n|-damage|p2a: Gengar|0 fnt\n|faint|p2a: Gengar\n|-damage|p1a: Koraidon|0 fnt|[from] Recoil\n|faint|p1a: Koraidon\n|\n|-weather|SunnyDay|[upkeep]\n|upkeep\n|c|\u2606HamletInRl|eu tinha dazzling\n|c|\u2606AugSaas|vapo\n|c|\u2606HamletInRl|Mas foi roll baixa\n|c|\u2606HamletInRl|Specs trash\n|\n|t:|1698601896\n|switch|p1a: Centiskorch|Centiskorch-Sevii, M|100\/100\n|switch|p2a: Chansey|Chansey, F|100\/100\n|turn|14\n|c|\u2606HamletInRl|perdi por roll\n|c|\u2606HamletInRl|Que bosta\n|\n|t:|1698601900\n|detailschange|p1a: Centiskorch|Centiskorch-Sevii-Mega, M\n|-mega|p1a: Centiskorch|Centiskorch|Centiskite Sevii\n|move|p1a: Centiskorch|Earthquake|p2a: Chansey\n|-damage|p2a: Chansey|63\/100\n|move|p2a: Chansey|Seismic Toss|p1a: Centiskorch\n|-damage|p1a: Centiskorch|71\/100\n|\n|-weather|SunnyDay|[upkeep]\n|upkeep\n|turn|15\n|\n|t:|1698601907\n|move|p1a: Centiskorch|Earthquake|p2a: Chansey\n|-damage|p2a: Chansey|22\/100\n|move|p2a: Chansey|Soft-Boiled|p2a: Chansey\n|-heal|p2a: Chansey|72\/100\n|\n|-weather|none\n|upkeep\n|turn|16\n|c|\u2606AugSaas|ah nem majora\n|\n|t:|1698601917\n|switch|p1a: Milotic|Milotic-Sevii, M|65\/100\n|move|p2a: Chansey|Soft-Boiled|p2a: Chansey\n|-heal|p2a: Chansey|100\/100\n|\n|-heal|p1a: Milotic|71\/100|[from] item: Leftovers\n|upkeep\n|turn|17\n|c|\u2606HamletInRl|agr \u00e9 a hora q eu revelo ice beam\n|\n|t:|1698601923\n|move|p1a: Milotic|Scorching Sands|p2a: Chansey\n|-damage|p2a: Chansey|89\/100\n|move|p2a: Chansey|Seismic Toss|p1a: Milotic\n|-damage|p1a: Milotic|46\/100\n|\n|-heal|p1a: Milotic|52\/100|[from] item: Leftovers\n|upkeep\n|turn|18\n|\n|t:|1698601927\n|move|p1a: Milotic|Scorching Sands|p2a: Chansey\n|-damage|p2a: Chansey|77\/100\n|-status|p2a: Chansey|brn\n|move|p2a: Chansey|Seismic Toss|p1a: Milotic\n|-damage|p1a: Milotic|26\/100\n|\n|-heal|p1a: Milotic|32\/100|[from] item: Leftovers\n|-damage|p2a: Chansey|71\/100 brn|[from] brn\n|upkeep\n|turn|19\n|\n|t:|1698601929\n|move|p1a: Milotic|Moonblast|p2a: Chansey\n|-damage|p2a: Chansey|57\/100 brn\n|move|p2a: Chansey|Seismic Toss|p1a: Milotic\n|-damage|p1a: Milotic|7\/100\n|\n|-heal|p1a: Milotic|13\/100|[from] item: Leftovers\n|-damage|p2a: Chansey|51\/100 brn|[from] brn\n|upkeep\n|turn|20\n|\n|t:|1698601933\n|move|p1a: Milotic|Moonblast|p2a: Chansey\n|-damage|p2a: Chansey|37\/100 brn\n|-unboost|p2a: Chansey|spa|1\n|move|p2a: Chansey|Soft-Boiled|p2a: Chansey\n|-heal|p2a: Chansey|88\/100 brn\n|\n|-heal|p1a: Milotic|19\/100|[from] item: Leftovers\n|-damage|p2a: Chansey|81\/100 brn|[from] brn\n|upkeep\n|turn|21\n|\n|t:|1698601935\n|move|p1a: Milotic|Moonblast|p2a: Chansey\n|-damage|p2a: Chansey|66\/100 brn\n|-unboost|p2a: Chansey|spa|1\n|move|p2a: Chansey|Seismic Toss|p1a: Milotic\n|-damage|p1a: Milotic|0 fnt\n|faint|p1a: Milotic\n|\n|-damage|p2a: Chansey|60\/100 brn|[from] brn\n|upkeep\n|\n|t:|1698601943\n|switch|p1a: Wishiwashi|Wishiwashi-Sevii, F|100\/100\n|-formechange|p1a: Wishiwashi|Wishiwashi-Sevii-School||[from] ability: Schooling\n|turn|22\n|c|\u2606HamletInRl|Esses drop fudero tueo\n|\n|t:|1698601947\n|move|p2a: Chansey|Shadow Ball|p1a: Wishiwashi\n|-supereffective|p1a: Wishiwashi\n|-damage|p1a: Wishiwashi|94\/100\n|move|p1a: Wishiwashi|Dragon Hammer|p2a: Chansey\n|-damage|p2a: Chansey|18\/100 brn\n|\n|-damage|p2a: Chansey|12\/100 brn|[from] brn\n|upkeep\n|turn|23\n|\n|t:|1698601952\n|move|p2a: Chansey|Shadow Ball|p1a: Wishiwashi\n|-supereffective|p1a: Wishiwashi\n|-damage|p1a: Wishiwashi|86\/100\n|move|p1a: Wishiwashi|Dragon Hammer|p2a: Chansey\n|-damage|p2a: Chansey|0 fnt\n|faint|p2a: Chansey\n|\n|win|AugSaas\n","uploadtime":1698601956,"views":7,"p1id":"augsaas","p2id":"hamletinrl","formatid":"gen9ubers","rating":0,"private":0,"password":""}