{"id":"radicalred-gen9ubers-539346","p1":"HamletInRl","p2":"AugSaas","format":"[Gen 9] Ubers","log":"|j|\u2606HamletInRl\n|j|\u2606AugSaas\n|t:|1698600877\n|gametype|singles\n|player|p1|HamletInRl|rr-tapukoko|\n|player|p2|AugSaas|rr-victini|\n|teamsize|p1|6\n|teamsize|p2|6\n|gen|9\n|tier|[Gen 9] Ubers\n|rule|Sleep Clause Mod: Limit one foe put to sleep\n|rule|Species Clause: Limit one of each Pok\u00e9mon\n|rule|OHKO Clause: OHKO moves are banned\n|rule|Evasion Abilities Clause: Evasion abilities are banned\n|rule|Evasion Items Clause: Evasion items are banned\n|rule|Evasion Moves Clause: Evasion moves are banned\n|rule|Endless Battle Clause: Forcing endless battles is banned\n|rule|HP Percentage Mod: HP is shown in percentages\n|rule|Dynamax Clause: You cannot dynamax\n|rule|Mega Rayquaza Clause: You cannot mega evolve Rayquaza\n|clearpoke\n|poke|p1|Mewtwo|\n|poke|p1|Zapdos|\n|poke|p1|Clefable, M|\n|poke|p1|Gengar, M|\n|poke|p1|Pikachu-Rock-Star, F|\n|poke|p1|Chansey, F|\n|poke|p2|Centiskorch-Sevii, F|\n|poke|p2|Milotic-Sevii, F|\n|poke|p2|Koraidon|\n|poke|p2|Carnivine-Sevii, F|\n|poke|p2|Noivern-Sevii, M|\n|poke|p2|Wishiwashi-Sevii, F|\n|teampreview\n|inactive|Battle timer is ON: inactive players will automatically lose when time's up. (requested by AugSaas)\n|inactive|HamletInRl has 270 seconds left.\n|\n|t:|1698600944\n|start\n|switch|p1a: Mewtwo|Mewtwo|100\/100\n|switch|p2a: Koraidon|Koraidon|100\/100\n|-weather|SunnyDay|[from] ability: Orichalcum Pulse|[of] p2a: Koraidon\n|-activate|p2a: Koraidon|Orichalcum Pulse|[source]\n|-ability|p1a: Mewtwo|Pressure\n|turn|1\n|\n|t:|1698600958\n|switch|p1a: Zapdos|Zapdos|100\/100\n|move|p2a: Koraidon|U-turn|p1a: Zapdos\n|-resisted|p1a: Zapdos\n|-damage|p1a: Zapdos|89\/100\n|c|\u2606AugSaas|eita\n|c|\u2606AugSaas|tem esse bixo\n|c|\u2606AugSaas|n posso spamar uturn\n|inactive|AugSaas has 270 seconds left.\n|c|\u2606HamletInRl|static bad\n|\n|t:|1698600990\n|switch|p2a: Noivern-Sevii|Noivern-Sevii, M|100\/100|[from] U-turn\n|\n|-weather|SunnyDay|[upkeep]\n|upkeep\n|turn|2\n|\n|t:|1698601015\n|switch|p1a: Pikachu|Pikachu-Rock-Star, F|100\/100\n|move|p2a: Noivern-Sevii|Stone Edge|p1a: Pikachu\n|-resisted|p1a: Pikachu\n|-damage|p1a: Pikachu|8\/100\n|\n|-weather|SunnyDay|[upkeep]\n|upkeep\n|turn|3\n|c|\u2606AugSaas|boa\n|\n|t:|1698601023\n|move|p1a: Pikachu|Zippy Zap|p2a: Noivern-Sevii\n|-crit|p2a: Noivern-Sevii\n|-damage|p2a: Noivern-Sevii|42\/100\n|move|p2a: Noivern-Sevii|Earthquake|p1a: Pikachu\n|-supereffective|p1a: Pikachu\n|-damage|p1a: Pikachu|0 fnt\n|faint|p1a: Pikachu\n|\n|-weather|SunnyDay|[upkeep]\n|upkeep\n|c|\u2606HamletInRl|n sabia se era fisco ou sp\n|\n|t:|1698601032\n|switch|p1a: Mewtwo|Mewtwo|100\/100\n|-ability|p1a: Mewtwo|Pressure\n|turn|4\n|\n|t:|1698601036\n|detailschange|p1a: Mewtwo|Mewtwo-Mega-X\n|-mega|p1a: Mewtwo|Mewtwo|Mewtwonite X\n|move|p1a: Mewtwo|Bulk Up|p1a: Mewtwo\n|-boost|p1a: Mewtwo|atk|1\n|-boost|p1a: Mewtwo|def|1\n|move|p2a: Noivern-Sevii|Poltergeist|p1a: Mewtwo\n|-activate|p1a: Mewtwo|move: Poltergeist|Mewtwonite X\n|-supereffective|p1a: Mewtwo\n|-damage|p1a: Mewtwo|34\/100\n|\n|-weather|SunnyDay|[upkeep]\n|upkeep\n|turn|5\n|\n|t:|1698601044\n|move|p1a: Mewtwo|Ice Punch|p2a: Noivern-Sevii\n|-damage|p2a: Noivern-Sevii|0 fnt\n|faint|p2a: Noivern-Sevii\n|\n|-weather|none\n|upkeep\n|\n|t:|1698601048\n|switch|p2a: Koraidon|Koraidon|100\/100\n|-weather|SunnyDay|[from] ability: Orichalcum Pulse|[of] p2a: Koraidon\n|-activate|p2a: Koraidon|Orichalcum Pulse|[source]\n|turn|6\n|\n|t:|1698601050\n|switch|p1a: Zapdos|Zapdos|89\/100\n|move|p2a: Koraidon|Flare Blitz|p1a: Zapdos\n|-damage|p1a: Zapdos|25\/100\n|-damage|p2a: Koraidon|76\/100|[from] Recoil\n|\n|-weather|SunnyDay|[upkeep]\n|upkeep\n|turn|7\n|\n|t:|1698601054\n|move|p2a: Koraidon|Flare Blitz|p1a: Zapdos\n|-damage|p1a: Zapdos|0 fnt\n|faint|p1a: Zapdos\n|-damage|p2a: Koraidon|68\/100|[from] Recoil\n|\n|-weather|SunnyDay|[upkeep]\n|upkeep\n|c|\u2606HamletInRl|Static nunca\n|c|\u2606AugSaas|ufa\n|\n|t:|1698601062\n|switch|p1a: Clefable|Clefable, M|100\/100\n|turn|8\n|\n|t:|1698601067\n|switch|p2a: Carnivine|Carnivine-Sevii, F|100\/100\n|move|p1a: Clefable|Calm Mind|p1a: Clefable\n|-boost|p1a: Clefable|spa|1\n|-boost|p1a: Clefable|spd|1\n|\n|-weather|SunnyDay|[upkeep]\n|upkeep\n|turn|9\n|\n|t:|1698601070\n|move|p1a: Clefable|Flamethrower|p2a: Carnivine\n|-supereffective|p2a: Carnivine\n|-damage|p2a: Carnivine|0 fnt\n|faint|p2a: Carnivine\n|\n|-weather|SunnyDay|[upkeep]\n|upkeep\n|c|\u2606AugSaas|eita\n|j|@Imnicebro\n|c|\u2606HamletInRl|ohhh novinha safada\n|\n|t:|1698601096\n|switch|p2a: Centiskorch|Centiskorch-Sevii, F|100\/100\n|turn|10\n|l|@Imnicebro\n|\n|t:|1698601126\n|switch|p1a: Gengar|Gengar, M|100\/100\n|detailschange|p2a: Centiskorch|Centiskorch-Sevii-Mega, F\n|-mega|p2a: Centiskorch|Centiskorch|Centiskite Sevii\n|move|p2a: Centiskorch|Earthquake|p1a: Gengar\n|-immune|p1a: Gengar|[from] ability: Levitate\n|\n|-weather|none\n|upkeep\n|turn|11\n|\n|t:|1698601130\n|move|p2a: Centiskorch|Stone Edge|p1a: Gengar\n|-damage|p1a: Gengar|30\/100\n|move|p1a: Gengar|Shadow Ball|p2a: Centiskorch\n|-damage|p2a: Centiskorch|36\/100\n|\n|upkeep\n|turn|12\n|\n|t:|1698601138\n|switch|p1a: Mewtwo|Mewtwo-Mega-X|34\/100\n|move|p2a: Centiskorch|Stone Edge|p1a: Mewtwo\n|-resisted|p1a: Mewtwo\n|-damage|p1a: Mewtwo|17\/100\n|\n|upkeep\n|turn|13\n|\n|t:|1698601148\n|switch|p2a: Milotic|Milotic-Sevii, F|100\/100\n|move|p1a: Mewtwo|Ice Punch|p2a: Milotic\n|-supereffective|p2a: Milotic\n|-damage|p2a: Milotic|28\/100\n|-status|p2a: Milotic|frz\n|\n|-heal|p2a: Milotic|34\/100 frz|[from] item: Leftovers\n|-damage|p2a: Milotic|28\/100 frz|[from] frz\n|upkeep\n|turn|14\n|\n|t:|1698601155\n|move|p1a: Mewtwo|Ice Punch|p2a: Milotic\n|-supereffective|p2a: Milotic\n|-damage|p2a: Milotic|0 fnt\n|faint|p2a: Milotic\n|\n|upkeep\n|\n|t:|1698601162\n|switch|p2a: Wishiwashi|Wishiwashi-Sevii, F|100\/100\n|-formechange|p2a: Wishiwashi|Wishiwashi-Sevii-School||[from] ability: Schooling\n|turn|15\n|\n|t:|1698601166\n|move|p2a: Wishiwashi|Shadow Sneak|p1a: Mewtwo\n|-supereffective|p1a: Mewtwo\n|-damage|p1a: Mewtwo|0 fnt\n|faint|p1a: Mewtwo\n|\n|upkeep\n|\n|t:|1698601169\n|switch|p1a: Clefable|Clefable, M|100\/100\n|turn|16\n|\n|t:|1698601185\n|switch|p2a: Centiskorch|Centiskorch-Sevii-Mega, F|36\/100\n|move|p1a: Clefable|Light of Ruin|p2a: Centiskorch\n|-damage|p2a: Centiskorch|0 fnt\n|faint|p2a: Centiskorch\n|\n|upkeep\n|\n|t:|1698601188\n|switch|p2a: Koraidon|Koraidon|68\/100\n|-weather|SunnyDay|[from] ability: Orichalcum Pulse|[of] p2a: Koraidon\n|-activate|p2a: Koraidon|Orichalcum Pulse|[source]\n|turn|17\n|\n|t:|1698601194\n|move|p2a: Koraidon|Flare Blitz|p1a: Clefable\n|-damage|p1a: Clefable|0 fnt\n|faint|p1a: Clefable\n|-damage|p2a: Koraidon|35\/100|[from] Recoil\n|\n|-weather|SunnyDay|[upkeep]\n|upkeep\n|\n|t:|1698601199\n|switch|p1a: Chansey|Chansey, F|100\/100\n|turn|18\n|c|\u2606AugSaas|vapo\n|\n|t:|1698601203\n|move|p2a: Koraidon|Flare Blitz|p1a: Chansey\n|-damage|p1a: Chansey|48\/100\n|-damage|p2a: Koraidon|0 fnt|[from] Recoil\n|faint|p2a: Koraidon\n|move|p1a: Chansey|Thunder Wave|p2: Koraidon|[notarget]\n|-fail|p1a: Chansey\n|\n|-weather|SunnyDay|[upkeep]\n|upkeep\n|\n|t:|1698601206\n|switch|p2a: Wishiwashi|Wishiwashi-Sevii, F|100\/100\n|-formechange|p2a: Wishiwashi|Wishiwashi-Sevii-School||[from] ability: Schooling\n|turn|19\n|c|\u2606AugSaas|vish\n|\n|t:|1698601212\n|move|p1a: Chansey|Thunder Wave|p2a: Wishiwashi\n|-status|p2a: Wishiwashi|par\n|move|p2a: Wishiwashi|Dragon Hammer|p1a: Chansey\n|-damage|p1a: Chansey|8\/100\n|\n|-weather|SunnyDay|[upkeep]\n|upkeep\n|turn|20\n|\n|t:|1698601218\n|move|p1a: Chansey|Soft-Boiled|p1a: Chansey\n|-heal|p1a: Chansey|58\/100\n|move|p2a: Wishiwashi|Dragon Hammer|p1a: Chansey\n|-damage|p1a: Chansey|19\/100\n|\n|-weather|SunnyDay|[upkeep]\n|upkeep\n|turn|21\n|c|\u2606AugSaas|ah n\n|c|\u2606AugSaas|faz isso n majora\n|\n|t:|1698601228\n|move|p1a: Chansey|Soft-Boiled|p1a: Chansey\n|-heal|p1a: Chansey|69\/100\n|cant|p2a: Wishiwashi|par\n|\n|-weather|none\n|upkeep\n|turn|22\n|\n|t:|1698601237\n|cant|p2a: Wishiwashi|par\n|move|p1a: Chansey|Teleport|p1a: Chansey\n|\n|t:|1698601240\n|switch|p1a: Gengar|Gengar, M|30\/100|[from] Teleport\n|\n|upkeep\n|turn|23\n|\n|t:|1698601243\n|switch|p1a: Chansey|Chansey, F|69\/100\n|move|p2a: Wishiwashi|Shadow Sneak|p1a: Chansey\n|-immune|p1a: Chansey\n|\n|upkeep\n|turn|24\n|\n|t:|1698601247\n|move|p2a: Wishiwashi|Dragon Hammer|p1a: Chansey\n|-damage|p1a: Chansey|28\/100\n|move|p1a: Chansey|Teleport|p1a: Chansey\n|\n|t:|1698601249\n|switch|p1a: Gengar|Gengar, M|30\/100|[from] Teleport\n|\n|upkeep\n|turn|25\n|\n|t:|1698601252\n|move|p1a: Gengar|Shadow Ball|p2a: Wishiwashi\n|-supereffective|p2a: Wishiwashi\n|-damage|p2a: Wishiwashi|6\/100 par\n|-unboost|p2a: Wishiwashi|spd|1\n|-enditem|p2a: Wishiwashi|Sitrus Berry|[eat]\n|-heal|p2a: Wishiwashi|31\/100 par|[from] item: Sitrus Berry\n|move|p2a: Wishiwashi|Dragon Hammer|p1a: Gengar\n|-damage|p1a: Gengar|0 fnt\n|faint|p1a: Gengar\n|\n|upkeep\n|c|\u2606HamletInRl|KRL\n|\n|t:|1698601258\n|switch|p1a: Chansey|Chansey, F|28\/100\n|turn|26\n|c|\u2606HamletInRl|\u00e9 specs ta\n|-message|HamletInRl forfeited.\n|\n|win|AugSaas\n|l|\u2606HamletInRl\n","uploadtime":1698601283,"views":11,"p1id":"hamletinrl","p2id":"augsaas","formatid":"gen9ubers","rating":0,"private":0,"password":""}