{"id":"radicalred-gen9ubers-548345","p1":"nose xd123","p2":"mudkipfan333","format":"[Gen 9] Ubers","log":"|j|\u2606nose xd123\n|j|\u2606mudkipfan333\n|t:|1700331570\n|gametype|singles\n|player|p1|nose xd123|rr-greninja|\n|player|p2|mudkipfan333|rr-zeraora|\n|teamsize|p1|6\n|teamsize|p2|6\n|gen|9\n|tier|[Gen 9] Ubers\n|rule|Sleep Clause Mod: Limit one foe put to sleep\n|rule|Species Clause: Limit one of each Pok\u00e9mon\n|rule|OHKO Clause: OHKO moves are banned\n|rule|Evasion Abilities Clause: Evasion abilities are banned\n|rule|Evasion Items Clause: Evasion items are banned\n|rule|Evasion Moves Clause: Evasion moves are banned\n|rule|Endless Battle Clause: Forcing endless battles is banned\n|rule|HP Percentage Mod: HP is shown in percentages\n|rule|Dynamax Clause: You cannot dynamax\n|rule|Mega Rayquaza Clause: You cannot mega evolve Rayquaza\n|clearpoke\n|poke|p1|Iron Treads|\n|poke|p1|Ditto|\n|poke|p1|Gholdengo|\n|poke|p1|Grimmsnarl, M|\n|poke|p1|Alomomola, M|\n|poke|p1|Kingambit, F|\n|poke|p2|Gengar, M|\n|poke|p2|Gholdengo|\n|poke|p2|Annihilape, F|\n|poke|p2|Greninja-*, M|\n|poke|p2|Pelipper, M|\n|poke|p2|Samurott, F|\n|teampreview\n|\n|t:|1700331586\n|start\n|switch|p1a: Iron Treads|Iron Treads|100\/100\n|switch|p2a: Pelipper|Pelipper, M|100\/100\n|-weather|RainDance|[from] ability: Drizzle|[of] p2a: Pelipper\n|-enditem|p1a: Iron Treads|Booster Energy\n|-activate|p1a: Iron Treads|ability: Quark Drive|[fromitem]\n|-start|p1a: Iron Treads|quarkdrivespe\n|turn|1\n|\n|t:|1700331591\n|-end|p1a: Iron Treads|Quark Drive|[silent]\n|switch|p1a: Grimmsnarl|Grimmsnarl, M|100\/100\n|move|p2a: Pelipper|U-turn|p1a: Grimmsnarl\n|-damage|p1a: Grimmsnarl|93\/100\n|\n|t:|1700331594\n|switch|p2a: Gholdengo|Gholdengo|100\/100|[from] U-turn\n|\n|-weather|RainDance|[upkeep]\n|upkeep\n|turn|2\n|\n|t:|1700331597\n|switch|p1a: Iron Treads|Iron Treads|100\/100\n|move|p2a: Gholdengo|Make It Rain|p1a: Iron Treads\n|-resisted|p1a: Iron Treads\n|-damage|p1a: Iron Treads|61\/100\n|-unboost|p2a: Gholdengo|spa|1\n|\n|-weather|RainDance|[upkeep]\n|upkeep\n|turn|3\n|\n|t:|1700331613\n|switch|p2a: Pelipper|Pelipper, M|100\/100\n|move|p1a: Iron Treads|Knock Off|p2a: Pelipper\n|-damage|p2a: Pelipper|75\/100\n|-enditem|p2a: Pelipper|Damp Rock|[from] move: Knock Off|[of] p1a: Iron Treads\n|\n|-weather|RainDance|[upkeep]\n|upkeep\n|turn|4\n|\n|t:|1700331625\n|-end|p1a: Iron Treads|Quark Drive|[silent]\n|switch|p1a: Grimmsnarl|Grimmsnarl, M|93\/100\n|move|p2a: Pelipper|U-turn|p1a: Grimmsnarl\n|-damage|p1a: Grimmsnarl|85\/100\n|\n|t:|1700331631\n|switch|p2a: Gholdengo|Gholdengo|100\/100|[from] U-turn\n|\n|-weather|RainDance|[upkeep]\n|upkeep\n|turn|5\n|\n|t:|1700331635\n|move|p1a: Grimmsnarl|Light Screen|p1a: Grimmsnarl\n|-sidestart|p1: nose xd123|move: Light Screen\n|move|p2a: Gholdengo|Nasty Plot|p2a: Gholdengo\n|-boost|p2a: Gholdengo|spa|2\n|\n|-weather|RainDance|[upkeep]\n|upkeep\n|turn|6\n|\n|t:|1700331638\n|switch|p1a: Iron Treads|Iron Treads|61\/100\n|move|p2a: Gholdengo|Make It Rain|p1a: Iron Treads\n|-resisted|p1a: Iron Treads\n|-damage|p1a: Iron Treads|23\/100\n|-unboost|p2a: Gholdengo|spa|1\n|\n|-weather|RainDance|[upkeep]\n|upkeep\n|turn|7\n|\n|t:|1700331646\n|move|p1a: Iron Treads|Earthquake|p2a: Gholdengo\n|-supereffective|p2a: Gholdengo\n|-damage|p2a: Gholdengo|24\/100\n|move|p2a: Gholdengo|Shadow Ball|p1a: Iron Treads\n|-damage|p1a: Iron Treads|0 fnt\n|faint|p1a: Iron Treads\n|-end|p1a: Iron Treads|Quark Drive|[silent]\n|\n|-weather|RainDance|[upkeep]\n|upkeep\n|\n|t:|1700331654\n|switch|p1a: Kingambit|Kingambit, F|100\/100\n|-activate|p1a: Kingambit|ability: Supreme Overlord\n|-start|p1a: Kingambit|fallen1|[silent]\n|turn|8\n|\n|t:|1700331657\n|-zpower|p2a: Gholdengo\n|move|p2a: Gholdengo|Corkscrew Crash|p1a: Kingambit|[zeffect]\n|-resisted|p1a: Kingambit\n|-damage|p1a: Kingambit|70\/100\n|move|p1a: Kingambit|Swords Dance|p1a: Kingambit\n|-boost|p1a: Kingambit|atk|2\n|\n|-weather|none\n|-heal|p1a: Kingambit|76\/100|[from] item: Leftovers\n|upkeep\n|turn|9\n|\n|t:|1700331663\n|move|p1a: Kingambit|Sucker Punch|p2a: Gholdengo\n|-supereffective|p2a: Gholdengo\n|-damage|p2a: Gholdengo|0 fnt\n|faint|p2a: Gholdengo\n|\n|-heal|p1a: Kingambit|83\/100|[from] item: Leftovers\n|upkeep\n|\n|t:|1700331665\n|switch|p2a: Samurott|Samurott, F|100\/100\n|turn|10\n|\n|t:|1700331669\n|move|p2a: Samurott|Sacred Sword|p1a: Kingambit\n|-supereffective|p1a: Kingambit\n|-damage|p1a: Kingambit|0 fnt\n|faint|p1a: Kingambit\n|-end|p1a: Kingambit|fallen1|[silent]\n|\n|upkeep\n|\n|t:|1700331677\n|switch|p1a: Alomomola|Alomomola, M|100\/100\n|turn|11\n|\n|t:|1700331688\n|switch|p2a: Annihilape|Annihilape, F|100\/100\n|move|p1a: Alomomola|Scald|p2a: Annihilape\n|-damage|p2a: Annihilape|93\/100\n|\n|-heal|p2a: Annihilape|99\/100|[from] item: Leftovers\n|upkeep\n|turn|12\n|\n|t:|1700331691\n|move|p2a: Annihilape|Bulk Up|p2a: Annihilape\n|-boost|p2a: Annihilape|atk|1\n|-boost|p2a: Annihilape|def|1\n|move|p1a: Alomomola|Toxic|p2a: Annihilape|[miss]\n|-miss|p1a: Alomomola|p2a: Annihilape\n|\n|-heal|p2a: Annihilape|100\/100|[from] item: Leftovers\n|-sideend|p1: nose xd123|move: Light Screen\n|upkeep\n|turn|13\n|\n|t:|1700331693\n|move|p2a: Annihilape|Bulk Up|p2a: Annihilape\n|-boost|p2a: Annihilape|atk|1\n|-boost|p2a: Annihilape|def|1\n|move|p1a: Alomomola|Toxic|p2a: Annihilape\n|-status|p2a: Annihilape|tox\n|\n|-damage|p2a: Annihilape|94\/100 tox|[from] psn\n|upkeep\n|turn|14\n|\n|t:|1700331699\n|move|p1a: Alomomola|Protect|p1a: Alomomola\n|-singleturn|p1a: Alomomola|Protect\n|move|p2a: Annihilape|Bulk Up|p2a: Annihilape\n|-boost|p2a: Annihilape|atk|1\n|-boost|p2a: Annihilape|def|1\n|\n|-heal|p2a: Annihilape|100\/100 tox|[from] item: Leftovers\n|-damage|p2a: Annihilape|88\/100 tox|[from] psn\n|upkeep\n|turn|15\n|\n|t:|1700331711\n|switch|p1a: Gholdengo|Gholdengo|100\/100\n|-item|p1a: Gholdengo|Air Balloon\n|move|p2a: Annihilape|Rest|p2a: Annihilape\n|-status|p2a: Annihilape|slp|[from] move: Rest\n|-heal|p2a: Annihilape|100\/100 slp|[silent]\n|\n|upkeep\n|turn|16\n|\n|t:|1700331717\n|switch|p2a: Pelipper|Pelipper, M|75\/100\n|-weather|RainDance|[from] ability: Drizzle|[of] p2a: Pelipper\n|move|p1a: Gholdengo|Nasty Plot|p1a: Gholdengo\n|-boost|p1a: Gholdengo|spa|2\n|\n|-weather|RainDance|[upkeep]\n|upkeep\n|turn|17\n|\n|t:|1700331731\n|move|p1a: Gholdengo|Shadow Ball|p2a: Pelipper\n|-damage|p2a: Pelipper|0 fnt\n|faint|p2a: Pelipper\n|\n|-weather|RainDance|[upkeep]\n|upkeep\n|\n|t:|1700331735\n|switch|p2a: Gengar|Gengar, M|100\/100\n|turn|18\n|\n|t:|1700331739\n|switch|p1a: Grimmsnarl|Grimmsnarl, M|85\/100\n|detailschange|p2a: Gengar|Gengar-Mega, M\n|-mega|p2a: Gengar|Gengar|Gengarite\n|move|p2a: Gengar|Shadow Ball|p1a: Grimmsnarl\n|-resisted|p1a: Grimmsnarl\n|-damage|p1a: Grimmsnarl|61\/100\n|\n|-weather|RainDance|[upkeep]\n|upkeep\n|turn|19\n|\n|t:|1700331753\n|switch|p2a: Samurott|Samurott, F|100\/100\n|move|p1a: Grimmsnarl|Light Screen|p1a: Grimmsnarl\n|-sidestart|p1: nose xd123|move: Light Screen\n|\n|-weather|RainDance|[upkeep]\n|upkeep\n|turn|20\n|\n|t:|1700331757\n|move|p1a: Grimmsnarl|Parting Shot|p2a: Samurott\n|-unboost|p2a: Samurott|atk|1\n|-unboost|p2a: Samurott|spa|1\n|-enditem|p2a: Samurott|White Herb\n|-clearnegativeboost|p2a: Samurott|[silent]\n|\n|t:|1700331759\n|switch|p1a: Alomomola|Alomomola, M|100\/100|[from] Parting Shot\n|move|p2a: Samurott|Shell Smash|p2a: Samurott\n|-unboost|p2a: Samurott|def|1\n|-unboost|p2a: Samurott|spd|1\n|-boost|p2a: Samurott|atk|2\n|-boost|p2a: Samurott|spa|2\n|-boost|p2a: Samurott|spe|2\n|\n|-weather|none\n|upkeep\n|turn|21\n|\n|t:|1700331766\n|move|p2a: Samurott|Sacred Sword|p1a: Alomomola\n|-damage|p1a: Alomomola|50\/100\n|-damage|p2a: Samurott|84\/100|[from] item: Rocky Helmet|[of] p1a: Alomomola\n|move|p1a: Alomomola|Scald|p2a: Samurott\n|-resisted|p2a: Samurott\n|-damage|p2a: Samurott|70\/100\n|\n|upkeep\n|turn|22\n|\n|t:|1700331775\n|move|p1a: Alomomola|Protect|p1a: Alomomola\n|-singleturn|p1a: Alomomola|Protect\n|move|p2a: Samurott|Shell Smash|p2a: Samurott\n|-unboost|p2a: Samurott|def|1\n|-unboost|p2a: Samurott|spd|1\n|-boost|p2a: Samurott|atk|2\n|-boost|p2a: Samurott|spa|2\n|-boost|p2a: Samurott|spe|2\n|\n|upkeep\n|turn|23\n|\n|t:|1700331780\n|move|p2a: Samurott|Sacred Sword|p1a: Alomomola\n|-damage|p1a: Alomomola|0 fnt\n|-damage|p2a: Samurott|54\/100|[from] item: Rocky Helmet|[of] p1a: Alomomola\n|faint|p1a: Alomomola\n|\n|upkeep\n|\n|t:|1700331783\n|switch|p1a: Ditto|Ditto|100\/100\n|-transform|p1a: Ditto|p2a: Samurott|[from] ability: Imposter\n|turn|24\n|\n|t:|1700331790\n|move|p1a: Ditto|Sacred Sword|p2a: Samurott\n|-supereffective|p2a: Samurott\n|-damage|p2a: Samurott|0 fnt\n|faint|p2a: Samurott\n|\n|upkeep\n|\n|t:|1700331799\n|switch|p2a: Gengar|Gengar-Mega, M|100\/100\n|turn|25\n|c|\u2606nose xd123|xd\n|\n|t:|1700331802\n|move|p1a: Ditto|Night Slash|p2a: Gengar\n|-supereffective|p2a: Gengar\n|-damage|p2a: Gengar|0 fnt\n|faint|p2a: Gengar\n|\n|upkeep\n|c|\u2606mudkipfan333|GG\n|c|\u2606nose xd123|gg\n|-message|mudkipfan333 forfeited.\n|\n|win|nose xd123\n|l|\u2606mudkipfan333\n","uploadtime":1700331826,"views":5,"p1id":"nosexd123","p2id":"mudkipfan333","formatid":"gen9ubers","rating":0,"private":0,"password":""}