{"id":"radicalred-gen9ubers-551041","p1":"dreepy airlines","p2":"TobyTheBoss64","format":"[Gen 9] Ubers","log":"|j|\u2606dreepy airlines\n|j|\u2606TobyTheBoss64\n|t:|1700991597\n|gametype|singles\n|player|p1|dreepy airlines|rr-mienshao|\n|player|p2|TobyTheBoss64|tobytheboss.png|\n|teamsize|p1|6\n|teamsize|p2|6\n|gen|9\n|tier|[Gen 9] Ubers\n|rule|Sleep Clause Mod: Limit one foe put to sleep\n|rule|Species Clause: Limit one of each Pok\u00e9mon\n|rule|OHKO Clause: OHKO moves are banned\n|rule|Evasion Abilities Clause: Evasion abilities are banned\n|rule|Evasion Items Clause: Evasion items are banned\n|rule|Evasion Moves Clause: Evasion moves are banned\n|rule|Endless Battle Clause: Forcing endless battles is banned\n|rule|HP Percentage Mod: HP is shown in percentages\n|rule|Dynamax Clause: You cannot dynamax\n|rule|Mega Rayquaza Clause: You cannot mega evolve Rayquaza\n|clearpoke\n|poke|p1|Blaziken, M|\n|poke|p1|Yveltal|\n|poke|p1|Zacian-*|\n|poke|p1|Groudon|\n|poke|p1|Arceus|\n|poke|p1|Lugia|\n|poke|p2|Grafaiai, M|\n|poke|p2|Gengar, M|\n|poke|p2|Calyrex-Shadow|\n|poke|p2|Zacian-*|\n|poke|p2|Groudon|\n|poke|p2|Landorus, M|\n|teampreview\n|c|\u2606TobyTheBoss64|glhf\n|c|\u2606dreepy airlines|hf\n|\n|t:|1700991680\n|start\n|switch|p1a: Blaziken|Blaziken, M|100\/100\n|switch|p2a: Grafaiai|Grafaiai, M|100\/100\n|turn|1\n|\n|t:|1700991698\n|detailschange|p1a: Blaziken|Blaziken-Mega, M\n|-mega|p1a: Blaziken|Blaziken|Blazikenite\n|move|p2a: Grafaiai|Sticky Web|p1a: Blaziken\n|-sidestart|p1: dreepy airlines|move: Sticky Web\n|move|p1a: Blaziken|Close Combat|p2a: Grafaiai\n|-enditem|p2a: Grafaiai|Focus Sash\n|-damage|p2a: Grafaiai|1\/100\n|-unboost|p1a: Blaziken|def|1\n|-unboost|p1a: Blaziken|spd|1\n|\n|-ability|p1a: Blaziken|Speed Boost|boost\n|-boost|p1a: Blaziken|spe|1\n|upkeep\n|turn|2\n|\n|t:|1700991754\n|move|p2a: Grafaiai|Encore|p1a: Blaziken\n|-start|p1a: Blaziken|Encore\n|move|p1a: Blaziken|Close Combat|p2a: Grafaiai\n|-damage|p2a: Grafaiai|0 fnt\n|-unboost|p1a: Blaziken|def|1\n|-unboost|p1a: Blaziken|spd|1\n|faint|p2a: Grafaiai\n|\n|-ability|p1a: Blaziken|Speed Boost|boost\n|-boost|p1a: Blaziken|spe|1\n|upkeep\n|\n|t:|1700991763\n|switch|p2a: Gengar|Gengar, M|100\/100\n|turn|3\n|\n|t:|1700991773\n|switch|p1a: Yveltal|Yveltal|100\/100\n|-ability|p1a: Yveltal|Dark Aura\n|detailschange|p2a: Gengar|Gengar-Mega, M\n|-mega|p2a: Gengar|Gengar|Gengarite\n|move|p2a: Gengar|Shadow Ball|p1a: Yveltal\n|-resisted|p1a: Yveltal\n|-damage|p1a: Yveltal|78\/100\n|\n|upkeep\n|turn|4\n|\n|t:|1700991793\n|move|p2a: Gengar|Destiny Bond|p2a: Gengar\n|-singlemove|p2a: Gengar|Destiny Bond\n|move|p1a: Yveltal|Dark Pulse|p2a: Gengar\n|-supereffective|p2a: Gengar\n|-damage|p2a: Gengar|0 fnt\n|faint|p2a: Gengar\n|-activate|p2a: Gengar|move: Destiny Bond\n|faint|p1a: Yveltal\n|\n|upkeep\n|\n|t:|1700991835\n|switch|p2a: Landorus|Landorus, M|100\/100\n|switch|p1a: Lugia|Lugia|100\/100\n|turn|5\n|\n|t:|1700991843\n|move|p2a: Landorus|Explosion|p1a: Lugia\n|-damage|p1a: Lugia|74\/100\n|faint|p2a: Landorus\n|move|p1a: Lugia|Toxic|p2: Landorus|[notarget]\n|-fail|p1a: Lugia\n|\n|upkeep\n|\n|t:|1700991848\n|switch|p2a: Calyrex|Calyrex-Shadow|100\/100\n|-ability|p2a: Calyrex|As One\n|-ability|p2a: Calyrex|Unnerve\n|turn|6\n|\n|t:|1700991854\n|switch|p1a: Arceus|Arceus|100\/100\n|-activate|p1a: Arceus|move: Sticky Web\n|-unboost|p1a: Arceus|spe|1\n|move|p2a: Calyrex|Substitute|p2a: Calyrex\n|-start|p2a: Calyrex|Substitute\n|-damage|p2a: Calyrex|76\/100\n|\n|upkeep\n|turn|7\n|\n|t:|1700991864\n|move|p2a: Calyrex|Nasty Plot|p2a: Calyrex\n|-boost|p2a: Calyrex|spa|2\n|move|p1a: Arceus|Earthquake|p2a: Calyrex\n|-end|p2a: Calyrex|Substitute\n|\n|upkeep\n|turn|8\n|\n|t:|1700991902\n|-zpower|p2a: Calyrex\n|move|p2a: Calyrex|Shattered Psyche|p1a: Arceus|[zeffect]\n|-damage|p1a: Arceus|0 fnt\n|faint|p1a: Arceus\n|-ability|p2a: Calyrex|Grim Neigh|boost\n|-boost|p2a: Calyrex|spa|1\n|\n|upkeep\n|\n|t:|1700991918\n|switch|p1a: Zacian|Zacian-Crowned|100\/100\n|-activate|p1a: Zacian|move: Sticky Web\n|-unboost|p1a: Zacian|spe|1\n|-ability|p1a: Zacian|Intrepid Sword|boost\n|-boost|p1a: Zacian|atk|1\n|turn|9\n|\n|t:|1700991931\n|move|p2a: Calyrex|Astral Barrage|p1a: Zacian\n|-damage|p1a: Zacian|0 fnt\n|faint|p1a: Zacian\n|-ability|p2a: Calyrex|Grim Neigh|boost\n|-boost|p2a: Calyrex|spa|1\n|\n|upkeep\n|c|\u2606dreepy airlines|gg1\n|c|\u2606TobyTheBoss64|gg\n|\n|t:|1700991943\n|switch|p1a: Groudon|Groudon|100\/100\n|-activate|p1a: Groudon|move: Sticky Web\n|-unboost|p1a: Groudon|spe|1\n|detailschange|p1a: Groudon|Groudon-Primal\n|-primal|p1a: Groudon|Red Orb\n|-weather|DesolateLand|[from] ability: Desolate Land|[of] p1a: Groudon\n|turn|10\n|\n|t:|1700991946\n|move|p2a: Calyrex|Astral Barrage|p1a: Groudon\n|-damage|p1a: Groudon|0 fnt\n|faint|p1a: Groudon\n|-weather|none\n|-ability|p2a: Calyrex|Grim Neigh|boost\n|-boost|p2a: Calyrex|spa|1\n|\n|upkeep\n|\n|t:|1700991948\n|switch|p1a: Lugia|Lugia|74\/100\n|turn|11\n|\n|t:|1700991950\n|move|p2a: Calyrex|Astral Barrage|p1a: Lugia\n|-supereffective|p1a: Lugia\n|-damage|p1a: Lugia|0 fnt\n|faint|p1a: Lugia\n|-ability|p2a: Calyrex|Grim Neigh|boost\n|-boost|p2a: Calyrex|spa|1\n|\n|upkeep\n|\n|t:|1700991952\n|switch|p1a: Blaziken|Blaziken-Mega, M|100\/100\n|-activate|p1a: Blaziken|move: Sticky Web\n|-unboost|p1a: Blaziken|spe|1\n|turn|12\n|\n|t:|1700991954\n|move|p2a: Calyrex|Astral Barrage|p1a: Blaziken\n|-damage|p1a: Blaziken|0 fnt\n|faint|p1a: Blaziken\n|\n|win|TobyTheBoss64\n|l|\u2606TobyTheBoss64\n|j| Just B3A$T\n|l| Just B3A$T\n","uploadtime":1700991958,"views":8,"p1id":"dreepyairlines","p2id":"tobytheboss64","formatid":"gen9ubers","rating":0,"private":0,"password":""}