{"id":"radicalred-gen9ubers-547595","p1":"alexisarbolero","p2":"anderproyt","format":"[Gen 9] Ubers","log":"|j|\u2606alexisarbolero\n|j|\u2606anderproyt\n|t:|1700183031\n|gametype|singles\n|player|p1|alexisarbolero|169|\n|player|p2|anderproyt|rr-tyranitar|\n|teamsize|p1|6\n|teamsize|p2|6\n|gen|9\n|tier|[Gen 9] Ubers\n|rule|Sleep Clause Mod: Limit one foe put to sleep\n|rule|Species Clause: Limit one of each Pok\u00e9mon\n|rule|OHKO Clause: OHKO moves are banned\n|rule|Evasion Abilities Clause: Evasion abilities are banned\n|rule|Evasion Items Clause: Evasion items are banned\n|rule|Evasion Moves Clause: Evasion moves are banned\n|rule|Endless Battle Clause: Forcing endless battles is banned\n|rule|HP Percentage Mod: HP is shown in percentages\n|rule|Dynamax Clause: You cannot dynamax\n|rule|Mega Rayquaza Clause: You cannot mega evolve Rayquaza\n|clearpoke\n|poke|p1|Grumpig, M|\n|poke|p1|Espathra, F|\n|poke|p1|Jirachi|\n|poke|p1|Slowbro, M|\n|poke|p1|Veluza, F|\n|poke|p1|Malamar, F|\n|poke|p2|Gardevoir, M|\n|poke|p2|Grafaiai, M|\n|poke|p2|Grimmsnarl, M|\n|poke|p2|Zangoose, M|\n|poke|p2|Gorebyss, M|\n|poke|p2|Obstagoon, M|\n|teampreview\n|\n|t:|1700183045\n|start\n|switch|p1a: Grumpig|Grumpig, M|100\/100\n|switch|p2a: Bichoz|Grafaiai, M|100\/100\n|turn|1\n|\n|t:|1700183054\n|move|p2a: Bichoz|Sticky Web|p1a: Grumpig\n|-sidestart|p1: alexisarbolero|move: Sticky Web\n|move|p1a: Grumpig|Light Screen|p1a: Grumpig\n|-sidestart|p1: alexisarbolero|move: Light Screen\n|\n|upkeep\n|turn|2\n|\n|t:|1700183067\n|move|p2a: Bichoz|Taunt|p1a: Grumpig\n|-start|p1a: Grumpig|move: Taunt\n|cant|p1a: Grumpig|move: Taunt|Reflect\n|\n|upkeep\n|turn|3\n|\n|t:|1700183079\n|switch|p1a: Malamar|Malamar, F|100\/100\n|-activate|p1a: Malamar|move: Sticky Web\n|-boost|p1a: Malamar|spe|1\n|move|p2a: Bichoz|U-turn|p1a: Malamar\n|-supereffective|p1a: Malamar\n|-damage|p1a: Malamar|41\/100\n|c|\u2606anderproyt|q buen x4 se comio xd\n|inactive|Battle timer is ON: inactive players will automatically lose when time's up. (requested by alexisarbolero)\n|\n|t:|1700183113\n|switch|p2a: HAKAI|Gorebyss, M|100\/100|[from] U-turn\n|\n|-heal|p1a: Malamar|47\/100|[from] item: Leftovers\n|upkeep\n|turn|4\n|\n|t:|1700183126\n|switch|p1a: Espathra|Espathra, F|100\/100\n|-activate|p1a: Espathra|move: Sticky Web\n|-unboost|p1a: Espathra|spe|1\n|move|p2a: HAKAI|Shell Smash|p2a: HAKAI\n|-unboost|p2a: HAKAI|def|1\n|-unboost|p2a: HAKAI|spd|1\n|-boost|p2a: HAKAI|atk|2\n|-boost|p2a: HAKAI|spa|2\n|-boost|p2a: HAKAI|spe|2\n|\n|upkeep\n|turn|5\n|c|\u2606anderproyt|sabes muy bien lo q te va a pasar xd\n|\n|t:|1700183139\n|move|p2a: HAKAI|Surf|p1a: Espathra\n|-damage|p1a: Espathra|45\/100\n|move|p1a: Espathra|Calm Mind|p1a: Espathra\n|-boost|p1a: Espathra|spa|1\n|-boost|p1a: Espathra|spd|1\n|\n|-heal|p1a: Espathra|51\/100|[from] item: Leftovers\n|-sideend|p1: alexisarbolero|move: Light Screen\n|-ability|p1a: Espathra|Speed Boost|boost\n|-boost|p1a: Espathra|spe|1\n|upkeep\n|turn|6\n|\n|t:|1700183149\n|move|p2a: HAKAI|Surf|p1a: Espathra\n|-damage|p1a: Espathra|0 fnt\n|faint|p1a: Espathra\n|\n|upkeep\n|\n|t:|1700183162\n|switch|p1a: Slowbro|Slowbro, M|100\/100\n|-activate|p1a: Slowbro|move: Sticky Web\n|-unboost|p1a: Slowbro|spe|1\n|turn|7\n|\n|t:|1700183169\n|move|p2a: HAKAI|Shell Smash|p2a: HAKAI\n|-unboost|p2a: HAKAI|def|1\n|-unboost|p2a: HAKAI|spd|1\n|-boost|p2a: HAKAI|atk|2\n|-boost|p2a: HAKAI|spa|2\n|-boost|p2a: HAKAI|spe|2\n|move|p1a: Slowbro|Calm Mind|p1a: Slowbro\n|-boost|p1a: Slowbro|spa|1\n|-boost|p1a: Slowbro|spd|1\n|\n|upkeep\n|turn|8\n|\n|t:|1700183178\n|move|p2a: HAKAI|Draining Kiss|p1a: Slowbro\n|-damage|p1a: Slowbro|68\/100\n|move|p1a: Slowbro|Calm Mind|p1a: Slowbro\n|-boost|p1a: Slowbro|spa|1\n|-boost|p1a: Slowbro|spd|1\n|\n|-heal|p1a: Slowbro|74\/100|[from] item: Leftovers\n|upkeep\n|turn|9\n|\n|t:|1700183185\n|switch|p2a: Obstagoon|Obstagoon, M|100\/100\n|move|p1a: Slowbro|Calm Mind|p1a: Slowbro\n|-boost|p1a: Slowbro|spa|1\n|-boost|p1a: Slowbro|spd|1\n|\n|-heal|p1a: Slowbro|80\/100|[from] item: Leftovers\n|-status|p2a: Obstagoon|brn|[from] item: Flame Orb\n|upkeep\n|turn|10\n|\n|t:|1700183198\n|move|p2a: Obstagoon|Throat Chop|p1a: Slowbro\n|-supereffective|p1a: Slowbro\n|-damage|p1a: Slowbro|8\/100\n|-start|p1a: Slowbro|Throat Chop|[silent]\n|move|p1a: Slowbro|Shadow Ball|p2a: Obstagoon\n|-immune|p2a: Obstagoon\n|\n|-heal|p1a: Slowbro|14\/100|[from] item: Leftovers\n|-damage|p2a: Obstagoon|94\/100 brn|[from] brn\n|upkeep\n|turn|11\n|c|\u2606alexisarbolero|d\n|c|\u2606anderproyt|es siniestro normal\n|inactive|alexisarbolero has 270 seconds left.\n|c|\u2606alexisarbolero|estoy pendejo\n|\n|t:|1700183244\n|switch|p1a: Veluza|Veluza, F|100\/100\n|-activate|p1a: Veluza|move: Sticky Web\n|-unboost|p1a: Veluza|spe|1\n|move|p2a: Obstagoon|Throat Chop|p1a: Veluza\n|-supereffective|p1a: Veluza\n|-damage|p1a: Veluza|0 fnt\n|faint|p1a: Veluza\n|\n|-damage|p2a: Obstagoon|88\/100 brn|[from] brn\n|upkeep\n|\n|t:|1700183254\n|switch|p1a: Grumpig|Grumpig, M|100\/100\n|-activate|p1a: Grumpig|move: Sticky Web\n|-unboost|p1a: Grumpig|spe|1\n|turn|12\n|\n|t:|1700183260\n|move|p2a: Obstagoon|Facade|p1a: Grumpig\n|-damage|p1a: Grumpig|3\/100\n|move|p1a: Grumpig|Reflect|p1a: Grumpig\n|-sidestart|p1: alexisarbolero|Reflect\n|\n|-heal|p1a: Grumpig|9\/100|[from] item: Leftovers\n|-damage|p2a: Obstagoon|82\/100 brn|[from] brn\n|upkeep\n|turn|13\n|\n|t:|1700183274\n|move|p2a: Obstagoon|Hone Claws|p2a: Obstagoon\n|-boost|p2a: Obstagoon|atk|1\n|-boost|p2a: Obstagoon|accuracy|1\n|move|p1a: Grumpig|Light Screen|p1a: Grumpig\n|-sidestart|p1: alexisarbolero|move: Light Screen\n|\n|-heal|p1a: Grumpig|15\/100|[from] item: Leftovers\n|-damage|p2a: Obstagoon|76\/100 brn|[from] brn\n|upkeep\n|turn|14\n|\n|t:|1700183281\n|move|p2a: Obstagoon|Hone Claws|p2a: Obstagoon\n|-boost|p2a: Obstagoon|atk|1\n|-boost|p2a: Obstagoon|accuracy|1\n|move|p1a: Grumpig|Calm Mind|p1a: Grumpig\n|-boost|p1a: Grumpig|spa|1\n|-boost|p1a: Grumpig|spd|1\n|\n|-heal|p1a: Grumpig|22\/100|[from] item: Leftovers\n|-damage|p2a: Obstagoon|70\/100 brn|[from] brn\n|upkeep\n|turn|15\n|inactive|alexisarbolero has 270 seconds left.\n|\n|t:|1700183292\n|move|p2a: Obstagoon|Throat Chop|p1a: Grumpig\n|-supereffective|p1a: Grumpig\n|-damage|p1a: Grumpig|0 fnt\n|faint|p1a: Grumpig\n|\n|-damage|p2a: Obstagoon|64\/100 brn|[from] brn\n|upkeep\n|inactive|alexisarbolero has 270 seconds left.\n|\n|t:|1700183298\n|switch|p1a: Jirachi|Jirachi, shiny|100\/100\n|-activate|p1a: Jirachi|move: Sticky Web\n|-unboost|p1a: Jirachi|spe|1\n|turn|16\n|c|\u2606anderproyt|ya hice lo q necesitaba\n|\n|t:|1700183305\n|move|p2a: Obstagoon|Throat Chop|p1a: Jirachi\n|-supereffective|p1a: Jirachi\n|-damage|p1a: Jirachi|10\/100\n|-start|p1a: Jirachi|Throat Chop|[silent]\n|move|p1a: Jirachi|Aura Sphere|p2a: Obstagoon\n|-supereffective|p2a: Obstagoon\n|-damage|p2a: Obstagoon|0 fnt\n|faint|p2a: Obstagoon\n|\n|-sideend|p1: alexisarbolero|Reflect\n|upkeep\n|c|\u2606anderproyt|f\n|\n|t:|1700183315\n|switch|p2a: HAKAI|Gorebyss, M|100\/100\n|turn|17\n|\n|t:|1700183326\n|move|p1a: Jirachi|Stored Power|p2a: HAKAI\n|-crit|p2a: HAKAI\n|-damage|p2a: HAKAI|78\/100\n|move|p2a: HAKAI|Shell Smash|p2a: HAKAI\n|-unboost|p2a: HAKAI|def|1\n|-unboost|p2a: HAKAI|spd|1\n|-boost|p2a: HAKAI|atk|2\n|-boost|p2a: HAKAI|spa|2\n|-boost|p2a: HAKAI|spe|2\n|\n|-end|p1a: Jirachi|Throat Chop|[silent]\n|-sideend|p1: alexisarbolero|move: Light Screen\n|upkeep\n|turn|18\n|-message|alexisarbolero forfeited.\n|\n|win|anderproyt\n|l|\u2606alexisarbolero\n|c|\u2606anderproyt|xd\n","uploadtime":1700183350,"views":7,"p1id":"alexisarbolero","p2id":"anderproyt","formatid":"gen9ubers","rating":0,"private":0,"password":""}