{"id":"radicalred-gen9ubers-539331","p1":"AugSaas","p2":"Minato uzo crack","format":"[Gen 9] Ubers","log":"|j|\u2606AugSaas\n|j|\u2606Minato uzo crack\n|t:|1698598557\n|gametype|singles\n|player|p1|AugSaas|rr-victini|\n|player|p2|Minato uzo crack|rr-tyranitar|\n|teamsize|p1|6\n|teamsize|p2|6\n|gen|9\n|tier|[Gen 9] Ubers\n|rule|Sleep Clause Mod: Limit one foe put to sleep\n|rule|Species Clause: Limit one of each Pok\u00e9mon\n|rule|OHKO Clause: OHKO moves are banned\n|rule|Evasion Abilities Clause: Evasion abilities are banned\n|rule|Evasion Items Clause: Evasion items are banned\n|rule|Evasion Moves Clause: Evasion moves are banned\n|rule|Endless Battle Clause: Forcing endless battles is banned\n|rule|HP Percentage Mod: HP is shown in percentages\n|rule|Dynamax Clause: You cannot dynamax\n|rule|Mega Rayquaza Clause: You cannot mega evolve Rayquaza\n|clearpoke\n|poke|p1|Centiskorch-Sevii, M|\n|poke|p1|Milotic-Sevii, M|\n|poke|p1|Koraidon|\n|poke|p1|Ursaring-Sevii, M|\n|poke|p1|Carnivine-Sevii, M|\n|poke|p1|Noivern-Sevii, M|\n|poke|p2|Tapu Koko|\n|poke|p2|Primarina, F|\n|poke|p2|Xurkitree|\n|poke|p2|Magearna|\n|poke|p2|Melmetal|\n|poke|p2|Kommo-o, M|\n|teampreview\n|inactive|Battle timer is ON: inactive players will automatically lose when time's up. (requested by Minato uzo crack)\n|\n|t:|1698598566\n|start\n|switch|p1a: Koraidon|Koraidon|100\/100\n|switch|p2a: Melmetal|Melmetal|100\/100\n|-weather|SunnyDay|[from] ability: Orichalcum Pulse|[of] p1a: Koraidon\n|-activate|p1a: Koraidon|Orichalcum Pulse|[source]\n|turn|1\n|\n|t:|1698598580\n|move|p1a: Koraidon|U-turn|p2a: Melmetal\n|-resisted|p2a: Melmetal\n|-damage|p2a: Melmetal|92\/100\n|\n|t:|1698598587\n|switch|p1a: Milotic|Milotic-Sevii, M|100\/100|[from] U-turn\n|move|p2a: Melmetal|Ice Punch|p1a: Milotic\n|-supereffective|p1a: Milotic\n|-damage|p1a: Milotic|0 fnt\n|faint|p1a: Milotic\n|\n|-weather|SunnyDay|[upkeep]\n|upkeep\n|c|\u2606AugSaas|prr\n|\n|t:|1698598596\n|switch|p1a: Ursaring|Ursaring-Sevii, M|100\/100\n|turn|2\n|\n|t:|1698598602\n|switch|p2a: Primarina|Primarina, F|100\/100\n|move|p1a: Ursaring|Drain Punch|p2a: Primarina\n|-resisted|p2a: Primarina\n|-damage|p2a: Primarina|77\/100\n|\n|-weather|SunnyDay|[upkeep]\n|-status|p1a: Ursaring|brn|[from] item: Flame Orb\n|upkeep\n|turn|3\n|\n|t:|1698598609\n|move|p2a: Primarina|Flip Turn|p1a: Ursaring\n|-damage|p1a: Ursaring|94\/100 brn\n|\n|t:|1698598616\n|switch|p2a: Kommo-o|Kommo-o, M|100\/100|[from] Flip Turn\n|move|p1a: Ursaring|Facade|p2a: Kommo-o\n|-damage|p2a: Kommo-o|27\/100\n|\n|-weather|SunnyDay|[upkeep]\n|-damage|p1a: Ursaring|87\/100 brn|[from] brn\n|upkeep\n|turn|4\n|\n|t:|1698598620\n|move|p1a: Ursaring|Shadow Sneak|p2a: Kommo-o\n|-damage|p2a: Kommo-o|0 fnt\n|faint|p2a: Kommo-o\n|\n|-weather|SunnyDay|[upkeep]\n|-damage|p1a: Ursaring|81\/100 brn|[from] brn\n|upkeep\n|\n|t:|1698598627\n|switch|p2a: Primarina|Primarina, F|77\/100\n|turn|5\n|\n|t:|1698598631\n|move|p1a: Ursaring|Shadow Sneak|p2a: Primarina\n|-damage|p2a: Primarina|37\/100\n|move|p2a: Primarina|Draining Kiss|p1a: Ursaring\n|-supereffective|p1a: Ursaring\n|-damage|p1a: Ursaring|28\/100 brn\n|-heal|p2a: Primarina|82\/100|[from] drain|[of] p1a: Ursaring\n|\n|-weather|none\n|-damage|p1a: Ursaring|22\/100 brn|[from] brn\n|upkeep\n|turn|6\n|\n|t:|1698598643\n|move|p1a: Ursaring|Shadow Sneak|p2a: Primarina\n|-damage|p2a: Primarina|46\/100\n|move|p2a: Primarina|Hyper Voice|p1a: Ursaring\n|-crit|p1a: Ursaring\n|-damage|p1a: Ursaring|0 fnt\n|faint|p1a: Ursaring\n|\n|upkeep\n|\n|t:|1698598657\n|switch|p1a: Centiskorch|Centiskorch-Sevii, M|100\/100\n|turn|7\n|\n|t:|1698598661\n|detailschange|p1a: Centiskorch|Centiskorch-Sevii-Mega, M\n|-mega|p1a: Centiskorch|Centiskorch|Centiskite Sevii\n|move|p1a: Centiskorch|Earthquake|p2a: Primarina\n|-damage|p2a: Primarina|0 fnt\n|faint|p2a: Primarina\n|\n|upkeep\n|c|\u2606AugSaas|e ai?\n|\n|t:|1698598675\n|switch|p2a: Melmetal|Melmetal|92\/100\n|turn|8\n|\n|t:|1698598683\n|switch|p1a: Carnivine|Carnivine-Sevii, M|100\/100\n|move|p2a: Melmetal|Double Iron Bash|p1a: Carnivine\n|-resisted|p1a: Carnivine\n|-damage|p1a: Carnivine|75\/100\n|-resisted|p1a: Carnivine\n|-damage|p1a: Carnivine|53\/100\n|-hitcount|p1a: Carnivine|2\n|\n|-heal|p1a: Carnivine|59\/100|[from] item: Black Sludge\n|upkeep\n|turn|9\n|\n|t:|1698598692\n|move|p1a: Carnivine|Leech Seed|p2a: Melmetal\n|-start|p2a: Melmetal|move: Leech Seed\n|move|p2a: Melmetal|Double Iron Bash|p1a: Carnivine\n|-resisted|p1a: Carnivine\n|-damage|p1a: Carnivine|36\/100\n|-resisted|p1a: Carnivine\n|-damage|p1a: Carnivine|12\/100\n|-hitcount|p1a: Carnivine|2\n|\n|-heal|p1a: Carnivine|18\/100|[from] item: Black Sludge\n|-damage|p2a: Melmetal|80\/100|[from] Leech Seed|[of] p1a: Carnivine\n|-heal|p1a: Carnivine|33\/100|[silent]\n|upkeep\n|turn|10\n|\n|t:|1698598701\n|switch|p2a: Tapu Koko|Tapu Koko|100\/100\n|-fieldstart|move: Electric Terrain|[from] ability: Electric Surge|[of] p2a: Tapu Koko\n|move|p1a: Carnivine|Protect||[still]\n|-fail|p1a: Carnivine\n|\n|-heal|p1a: Carnivine|39\/100|[from] item: Black Sludge\n|upkeep\n|turn|11\n|\n|t:|1698598717\n|switch|p2a: Melmetal|Melmetal|80\/100\n|move|p1a: Carnivine|Snap Trap|p2a: Melmetal|[miss]\n|-miss|p1a: Carnivine|p2a: Melmetal\n|\n|-heal|p1a: Carnivine|45\/100|[from] item: Black Sludge\n|upkeep\n|turn|12\n|c|\u2606AugSaas|a toma no cu\n|\n|t:|1698598726\n|move|p1a: Carnivine|Protect|p1a: Carnivine\n|-singleturn|p1a: Carnivine|Protect\n|move|p2a: Melmetal|Thunder Punch|p1a: Carnivine\n|-activate|p1a: Carnivine|move: Protect\n|\n|-heal|p1a: Carnivine|51\/100|[from] item: Black Sludge\n|upkeep\n|turn|13\n|\n|t:|1698598732\n|switch|p2a: Tapu Koko|Tapu Koko|100\/100\n|move|p1a: Carnivine|Leech Seed|p2a: Tapu Koko\n|-start|p2a: Tapu Koko|move: Leech Seed\n|\n|-heal|p1a: Carnivine|57\/100|[from] item: Black Sludge\n|-damage|p2a: Tapu Koko|88\/100|[from] Leech Seed|[of] p1a: Carnivine\n|-heal|p1a: Carnivine|66\/100|[silent]\n|upkeep\n|turn|14\n|\n|t:|1698598738\n|switch|p2a: Melmetal|Melmetal|80\/100\n|move|p1a: Carnivine|Snap Trap|p2a: Melmetal\n|-resisted|p2a: Melmetal\n|-crit|p2a: Melmetal\n|-damage|p2a: Melmetal|67\/100\n|-activate|p2a: Melmetal|move: Snap Trap|[of] p1a: Carnivine\n|\n|-heal|p1a: Carnivine|72\/100|[from] item: Black Sludge\n|-damage|p2a: Melmetal|55\/100|[from] move: Snap Trap|[partiallytrapped]\n|-fieldend|move: Electric Terrain\n|upkeep\n|turn|15\n|\n|t:|1698598745\n|move|p1a: Carnivine|Leech Seed|p2a: Melmetal\n|-start|p2a: Melmetal|move: Leech Seed\n|move|p2a: Melmetal|Double Iron Bash|p1a: Carnivine\n|-resisted|p1a: Carnivine\n|-damage|p1a: Carnivine|48\/100\n|-resisted|p1a: Carnivine\n|-damage|p1a: Carnivine|22\/100\n|-hitcount|p1a: Carnivine|2\n|\n|-heal|p1a: Carnivine|28\/100|[from] item: Black Sludge\n|-damage|p2a: Melmetal|42\/100|[from] Leech Seed|[of] p1a: Carnivine\n|-heal|p1a: Carnivine|43\/100|[silent]\n|-damage|p2a: Melmetal|30\/100|[from] move: Snap Trap|[partiallytrapped]\n|upkeep\n|turn|16\n|c|\u2606AugSaas|agr morre\n|c|\u2606AugSaas|desgra\u00e7a\n|\n|t:|1698598756\n|move|p1a: Carnivine|Protect|p1a: Carnivine\n|-singleturn|p1a: Carnivine|Protect\n|move|p2a: Melmetal|Double Iron Bash|p1a: Carnivine\n|-activate|p1a: Carnivine|move: Protect\n|\n|-heal|p1a: Carnivine|49\/100|[from] item: Black Sludge\n|-damage|p2a: Melmetal|17\/100|[from] Leech Seed|[of] p1a: Carnivine\n|-heal|p1a: Carnivine|64\/100|[silent]\n|-damage|p2a: Melmetal|5\/100|[from] move: Snap Trap|[partiallytrapped]\n|upkeep\n|turn|17\n|\n|t:|1698598761\n|move|p1a: Carnivine|Synthesis|p1a: Carnivine\n|-heal|p1a: Carnivine|100\/100\n|move|p2a: Melmetal|Double Iron Bash|p1a: Carnivine\n|-resisted|p1a: Carnivine\n|-damage|p1a: Carnivine|75\/100\n|-resisted|p1a: Carnivine\n|-damage|p1a: Carnivine|53\/100\n|-hitcount|p1a: Carnivine|2\n|\n|-heal|p1a: Carnivine|59\/100|[from] item: Black Sludge\n|-damage|p2a: Melmetal|0 fnt|[from] Leech Seed|[of] p1a: Carnivine\n|-heal|p1a: Carnivine|64\/100|[silent]\n|faint|p2a: Melmetal\n|upkeep\n|\n|t:|1698598773\n|switch|p2a: Tapu Koko|Tapu Koko|88\/100\n|-fieldstart|move: Electric Terrain|[from] ability: Electric Surge|[of] p2a: Tapu Koko\n|turn|18\n|\n|t:|1698598777\n|move|p2a: Tapu Koko|Thunderbolt|p1a: Carnivine\n|-damage|p1a: Carnivine|6\/100\n|move|p1a: Carnivine|Leech Seed|p2a: Tapu Koko\n|-start|p2a: Tapu Koko|move: Leech Seed\n|\n|-heal|p1a: Carnivine|12\/100|[from] item: Black Sludge\n|-damage|p2a: Tapu Koko|76\/100|[from] Leech Seed|[of] p1a: Carnivine\n|-heal|p1a: Carnivine|21\/100|[silent]\n|upkeep\n|turn|19\n|\n|t:|1698598782\n|move|p1a: Carnivine|Protect|p1a: Carnivine\n|-singleturn|p1a: Carnivine|Protect\n|move|p2a: Tapu Koko|Calm Mind|p2a: Tapu Koko\n|-boost|p2a: Tapu Koko|spa|1\n|-boost|p2a: Tapu Koko|spd|1\n|\n|-heal|p1a: Carnivine|27\/100|[from] item: Black Sludge\n|-damage|p2a: Tapu Koko|63\/100|[from] Leech Seed|[of] p1a: Carnivine\n|-heal|p1a: Carnivine|36\/100|[silent]\n|upkeep\n|turn|20\n|\n|t:|1698598785\n|move|p2a: Tapu Koko|Thunderbolt|p1a: Carnivine\n|-damage|p1a: Carnivine|0 fnt\n|faint|p1a: Carnivine\n|\n|upkeep\n|\n|t:|1698598796\n|switch|p1a: Koraidon|Koraidon|100\/100\n|-weather|SunnyDay|[from] ability: Orichalcum Pulse|[of] p1a: Koraidon\n|-activate|p1a: Koraidon|Orichalcum Pulse|[source]\n|turn|21\n|\n|t:|1698598802\n|move|p1a: Koraidon|Flare Blitz|p2a: Tapu Koko\n|-damage|p2a: Tapu Koko|0 fnt\n|faint|p2a: Tapu Koko\n|-damage|p1a: Koraidon|83\/100|[from] Recoil\n|\n|-weather|SunnyDay|[upkeep]\n|upkeep\n|\n|t:|1698598807\n|switch|p2a: Xurkitree|Xurkitree|100\/100\n|turn|22\n|\n|t:|1698598813\n|switch|p1a: Centiskorch|Centiskorch-Sevii-Mega, M|100\/100\n|move|p2a: Xurkitree|Dazzling Gleam|p1a: Centiskorch\n|-damage|p1a: Centiskorch|68\/100\n|\n|-weather|SunnyDay|[upkeep]\n|-fieldend|move: Electric Terrain\n|upkeep\n|turn|23\n|\n|t:|1698598820\n|move|p2a: Xurkitree|Dazzling Gleam|p1a: Centiskorch\n|-damage|p1a: Centiskorch|35\/100\n|move|p1a: Centiskorch|Earthquake|p2a: Xurkitree\n|-supereffective|p2a: Xurkitree\n|-damage|p2a: Xurkitree|0 fnt\n|faint|p2a: Xurkitree\n|\n|-weather|SunnyDay|[upkeep]\n|upkeep\n|\n|t:|1698598826\n|switch|p2a: Magearna|Magearna|100\/100\n|turn|24\n|\n|t:|1698598828\n|move|p1a: Centiskorch|Earthquake|p2a: Magearna\n|-supereffective|p2a: Magearna\n|-damage|p2a: Magearna|9\/100\n|move|p2a: Magearna|Shift Gear|p2a: Magearna\n|-boost|p2a: Magearna|spe|2\n|-boost|p2a: Magearna|atk|1\n|\n|-weather|SunnyDay|[upkeep]\n|-heal|p2a: Magearna|15\/100|[from] item: Leftovers\n|upkeep\n|turn|25\n|\n|t:|1698598836\n|move|p1a: Centiskorch|Earthquake|p2a: Magearna\n|-supereffective|p2a: Magearna\n|-damage|p2a: Magearna|0 fnt\n|faint|p2a: Magearna\n|\n|win|AugSaas\n|c|\u2606AugSaas|boa\n|l|\u2606Minato uzo crack\n","uploadtime":1698598866,"views":8,"p1id":"augsaas","p2id":"minatouzocrack","formatid":"gen9ubers","rating":0,"private":0,"password":""}