{"id":"radicalred-gen9ubers-547028","p1":"Heidhall","p2":"oscar3ro","format":"[Gen 9] Ubers","log":"|j|\u2606Heidhall\n|j|\u2606oscar3ro\n|t:|1700075611\n|gametype|singles\n|player|p1|Heidhall|rr-jirachi|\n|player|p2|oscar3ro|rr-cinderace|\n|teamsize|p1|6\n|teamsize|p2|6\n|gen|9\n|tier|[Gen 9] Ubers\n|rule|Sleep Clause Mod: Limit one foe put to sleep\n|rule|Species Clause: Limit one of each Pok\u00e9mon\n|rule|OHKO Clause: OHKO moves are banned\n|rule|Evasion Abilities Clause: Evasion abilities are banned\n|rule|Evasion Items Clause: Evasion items are banned\n|rule|Evasion Moves Clause: Evasion moves are banned\n|rule|Endless Battle Clause: Forcing endless battles is banned\n|rule|HP Percentage Mod: HP is shown in percentages\n|rule|Dynamax Clause: You cannot dynamax\n|rule|Mega Rayquaza Clause: You cannot mega evolve Rayquaza\n|clearpoke\n|poke|p1|Raichu-Alola, M|\n|poke|p1|Scizor, M|\n|poke|p1|Shuckle, M|\n|poke|p1|Centiskorch-Sevii, M|\n|poke|p1|Manectric, M|\n|poke|p1|Tapu Koko|\n|poke|p2|Dodrio-Sevii, F|\n|poke|p2|Ribombee, F|\n|poke|p2|Kingambit, M|\n|poke|p2|Shedinja|\n|poke|p2|Houndoom, M|\n|poke|p2|Starmie|\n|teampreview\n|c|\u2606Heidhall|Buenas suerte \ud83c\udf40.\n|c|\u2606oscar3ro|Glhf\n|\n|t:|1700075657\n|start\n|switch|p1a: Cizalla|Scizor, M|100\/100\n|switch|p2a: Starmie|Starmie|100\/100\n|turn|1\n|\n|t:|1700075664\n|move|p2a: Starmie|Surf|p1a: Cizalla\n|-damage|p1a: Cizalla|57\/100\n|move|p1a: Cizalla|U-turn|p2a: Starmie\n|-supereffective|p2a: Starmie\n|-damage|p2a: Starmie|0 fnt\n|faint|p2a: Starmie\n|\n|t:|1700075672\n|switch|p1a: Chili Peper|Tapu Koko, shiny|100\/100|[from] U-turn\n|-fieldstart|move: Electric Terrain|[from] ability: Electric Surge|[of] p1a: Chili Peper\n|\n|upkeep\n|\n|t:|1700075676\n|switch|p2a: Ribombee|Ribombee, F|100\/100\n|turn|2\n|\n|t:|1700075681\n|move|p1a: Chili Peper|Thunder Punch|p2a: Ribombee\n|-damage|p2a: Ribombee|16\/100\n|move|p2a: Ribombee|Sticky Web|p1a: Chili Peper\n|-sidestart|p1: Heidhall|move: Sticky Web\n|\n|upkeep\n|turn|3\n|\n|t:|1700075687\n|move|p1a: Chili Peper|Thunder Punch|p2a: Ribombee\n|-damage|p2a: Ribombee|0 fnt\n|faint|p2a: Ribombee\n|\n|upkeep\n|\n|t:|1700075692\n|switch|p2a: Dodrio|Dodrio-Sevii, F|100\/100\n|turn|4\n|\n|t:|1700075704\n|switch|p1a: Coraza|Shuckle, M, shiny|100\/100\n|-activate|p1a: Coraza|move: Sticky Web\n|-unboost|p1a: Coraza|spe|1\n|move|p2a: Dodrio|Headlong Rush|p1a: Coraza\n|-damage|p1a: Coraza|51\/100\n|-unboost|p2a: Dodrio|def|1\n|-unboost|p2a: Dodrio|spd|1\n|-enditem|p1a: Coraza|Red Card|[of] p2a: Dodrio\n|drag|p2a: Shedinja|Shedinja|100\/100\n|\n|upkeep\n|turn|5\n|\n|t:|1700075716\n|move|p2a: Shedinja|Swords Dance|p2a: Shedinja\n|-boost|p2a: Shedinja|atk|2\n|move|p1a: Coraza|Toxic|p2a: Shedinja|[miss]\n|-miss|p1a: Coraza|p2a: Shedinja\n|\n|upkeep\n|turn|6\n|\n|t:|1700075723\n|move|p2a: Shedinja|X-Scissor|p1a: Coraza\n|-crit|p1a: Coraza\n|-damage|p1a: Coraza|0 fnt\n|faint|p1a: Coraza\n|\n|upkeep\n|\n|t:|1700075745\n|switch|p1a: Escolopenbra.|Centiskorch-Sevii, M, shiny|100\/100\n|-activate|p1a: Escolopenbra.|move: Sticky Web\n|-unboost|p1a: Escolopenbra.|spe|1\n|-ability|p1a: Escolopenbra.|Mold Breaker\n|turn|7\n|\n|t:|1700075752\n|move|p1a: Escolopenbra.|Stone Edge|p2a: Shedinja\n|-supereffective|p2a: Shedinja\n|-enditem|p2a: Shedinja|Focus Sash\n|-damage|p2a: Shedinja|100\/100\n|move|p2a: Shedinja|Poltergeist|p1a: Escolopenbra.\n|-activate|p1a: Escolopenbra.|move: Poltergeist|Leftovers\n|-damage|p1a: Escolopenbra.|0 fnt\n|faint|p1a: Escolopenbra.\n|\n|upkeep\n|\n|t:|1700075758\n|switch|p1a: Bolt|Manectric, M, shiny|100\/100\n|-activate|p1a: Bolt|move: Sticky Web\n|-unboost|p1a: Bolt|spe|1\n|-ability|p1a: Bolt|Intimidate|boost\n|-unboost|p2a: Shedinja|atk|1\n|turn|8\n|\n|t:|1700075765\n|detailschange|p1a: Bolt|Manectric-Mega, M, shiny\n|-mega|p1a: Bolt|Manectric|Manectite\n|-ability|p1a: Bolt|Intimidate|boost\n|-unboost|p2a: Shedinja|atk|1\n|move|p2a: Shedinja|Shadow Sneak|p1a: Bolt\n|-damage|p1a: Bolt|74\/100\n|move|p1a: Bolt|Overheat|p2a: Shedinja\n|-supereffective|p2a: Shedinja\n|-damage|p2a: Shedinja|0 fnt\n|-unboost|p1a: Bolt|spa|2\n|faint|p2a: Shedinja\n|\n|-fieldend|move: Electric Terrain\n|upkeep\n|\n|t:|1700075776\n|switch|p2a: Houndoom|Houndoom, M|100\/100\n|turn|9\n|\n|t:|1700075790\n|detailschange|p2a: Houndoom|Houndoom-Mega, M\n|-mega|p2a: Houndoom|Houndoom|Houndoominite\n|move|p2a: Houndoom|Flamethrower|p1a: Bolt\n|-crit|p1a: Bolt\n|-damage|p1a: Bolt|0 fnt\n|faint|p1a: Bolt\n|\n|upkeep\n|\n|t:|1700075795\n|switch|p1a: Chili Peper|Tapu Koko, shiny|100\/100\n|-activate|p1a: Chili Peper|move: Sticky Web\n|-unboost|p1a: Chili Peper|spe|1\n|-fieldstart|move: Electric Terrain|[from] ability: Electric Surge|[of] p1a: Chili Peper\n|turn|10\n|\n|t:|1700075803\n|move|p2a: Houndoom|Sludge Bomb|p1a: Chili Peper\n|-supereffective|p1a: Chili Peper\n|-damage|p1a: Chili Peper|2\/100\n|move|p1a: Chili Peper|Thunder Punch|p2a: Houndoom\n|-damage|p2a: Houndoom|39\/100\n|-status|p2a: Houndoom|par\n|\n|upkeep\n|turn|11\n|\n|t:|1700075812\n|move|p1a: Chili Peper|Thunder Punch|p2a: Houndoom\n|-damage|p2a: Houndoom|0 fnt\n|faint|p2a: Houndoom\n|\n|upkeep\n|\n|t:|1700075815\n|switch|p2a: Dodrio|Dodrio-Sevii, F|100\/100\n|turn|12\n|\n|t:|1700075824\n|move|p2a: Dodrio|Flare Blitz|p1a: Chili Peper\n|-damage|p1a: Chili Peper|0 fnt\n|faint|p1a: Chili Peper\n|-damage|p2a: Dodrio|91\/100|[from] item: Life Orb\n|\n|upkeep\n|\n|t:|1700075828\n|switch|p1a: Zipzapte|Raichu-Alola, M, shiny|100\/100\n|-activate|p1a: Zipzapte|move: Sticky Web\n|-unboost|p1a: Zipzapte|spe|1\n|turn|13\n|\n|t:|1700075834\n|move|p1a: Zipzapte|Psychic|p2a: Dodrio\n|-damage|p2a: Dodrio|0 fnt\n|faint|p2a: Dodrio\n|-damage|p1a: Zipzapte|91\/100|[from] item: Life Orb\n|\n|upkeep\n|\n|t:|1700075837\n|switch|p2a: Kingambit|Kingambit, M|100\/100\n|-activate|p2a: Kingambit|ability: Supreme Overlord\n|-start|p2a: Kingambit|fallen5|[silent]\n|turn|14\n|\n|t:|1700075841\n|move|p2a: Kingambit|Sucker Punch|p1a: Zipzapte\n|-supereffective|p1a: Zipzapte\n|-damage|p1a: Zipzapte|0 fnt\n|faint|p1a: Zipzapte\n|\n|upkeep\n|\n|t:|1700075844\n|switch|p1a: Cizalla|Scizor, M|57\/100\n|turn|15\n|\n|t:|1700075850\n|move|p1a: Cizalla|U-turn|p2a: Kingambit\n|-damage|p2a: Kingambit|70\/100\n|move|p2a: Kingambit|Kowtow Cleave|p1a: Cizalla\n|-damage|p1a: Cizalla|0 fnt\n|faint|p1a: Cizalla\n|\n|win|oscar3ro\n|c|\u2606oscar3ro|Gg\n|c|\u2606Heidhall|Gg\n|c|\u2606Heidhall|Maldito Toxico!\n","uploadtime":1700075861,"views":28,"p1id":"heidhall","p2id":"oscar3ro","formatid":"gen9ubers","rating":0,"private":0,"password":""}