{"id":"radicalred-gen9ubers-551043","p1":"TobyTheBoss64","p2":"dreepy airlines","format":"[Gen 9] Ubers","log":"|j|\u2606TobyTheBoss64\n|j|\u2606dreepy airlines\n|t:|1700991981\n|gametype|singles\n|player|p1|TobyTheBoss64|tobytheboss.png|\n|player|p2|dreepy airlines|rr-mienshao|\n|teamsize|p1|6\n|teamsize|p2|6\n|gen|9\n|tier|[Gen 9] Ubers\n|rule|Sleep Clause Mod: Limit one foe put to sleep\n|rule|Species Clause: Limit one of each Pok\u00e9mon\n|rule|OHKO Clause: OHKO moves are banned\n|rule|Evasion Abilities Clause: Evasion abilities are banned\n|rule|Evasion Items Clause: Evasion items are banned\n|rule|Evasion Moves Clause: Evasion moves are banned\n|rule|Endless Battle Clause: Forcing endless battles is banned\n|rule|HP Percentage Mod: HP is shown in percentages\n|rule|Dynamax Clause: You cannot dynamax\n|rule|Mega Rayquaza Clause: You cannot mega evolve Rayquaza\n|clearpoke\n|poke|p1|Samurott-Hisui, M|\n|poke|p1|Xerneas-*|\n|poke|p1|Groudon|\n|poke|p1|Shaymin-Sky|\n|poke|p1|Zacian-*|\n|poke|p1|Arceus|\n|poke|p2|Samurott-Hisui, M|\n|poke|p2|Gengar, F|\n|poke|p2|Groudon|\n|poke|p2|Arceus|\n|poke|p2|Yveltal|\n|poke|p2|Zacian-*|\n|teampreview\n|c|\u2606dreepy airlines|hf\n|c|\u2606TobyTheBoss64|u2\n|\n|t:|1700992039\n|start\n|switch|p1a: Shaymin|Shaymin-Sky|100\/100\n|switch|p2a: Zacian|Zacian-Crowned|100\/100\n|-ability|p2a: Zacian|Intrepid Sword|boost\n|-boost|p2a: Zacian|atk|1\n|turn|1\n|\n|t:|1700992060\n|switch|p1a: Groudon|Groudon|100\/100\n|detailschange|p1a: Groudon|Groudon-Primal\n|-primal|p1a: Groudon|Red Orb\n|-weather|DesolateLand|[from] ability: Desolate Land|[of] p1a: Groudon\n|move|p2a: Zacian|Behemoth Blade|p1a: Groudon\n|-resisted|p1a: Groudon\n|-damage|p1a: Groudon|71\/100\n|\n|-weather|DesolateLand|[upkeep]\n|upkeep\n|turn|2\n|j| Heidhall\n|\n|t:|1700992080\n|switch|p2a: Yveltal|Yveltal|100\/100\n|-ability|p2a: Yveltal|Dark Aura\n|move|p1a: Groudon|Heat Crash|p2a: Yveltal\n|-damage|p2a: Yveltal|0 fnt\n|faint|p2a: Yveltal\n|\n|-weather|DesolateLand|[upkeep]\n|upkeep\n|j| standproudyourgood\n|\n|t:|1700992125\n|switch|p2a: Samurott|Samurott-Hisui, M|100\/100\n|turn|3\n|\n|t:|1700992162\n|-weather|none\n|switch|p1a: Shaymin|Shaymin-Sky|100\/100\n|move|p2a: Samurott|Shell Smash|p2a: Samurott\n|-unboost|p2a: Samurott|def|1\n|-unboost|p2a: Samurott|spd|1\n|-boost|p2a: Samurott|atk|2\n|-boost|p2a: Samurott|spa|2\n|-boost|p2a: Samurott|spe|2\n|\n|upkeep\n|turn|4\n|\n|t:|1700992172\n|move|p2a: Samurott|Ceaseless Edge|p1a: Shaymin\n|-damage|p1a: Shaymin|0 fnt\n|-sidestart|p1: TobyTheBoss64|Spikes\n|faint|p1a: Shaymin\n|\n|upkeep\n|\n|t:|1700992182\n|switch|p1a: Arceus|Arceus|100\/100\n|-damage|p1a: Arceus|88\/100|[from] Spikes\n|turn|5\n|\n|t:|1700992191\n|move|p1a: Arceus|Extreme Speed|p2a: Samurott\n|-damage|p2a: Samurott|3\/100\n|move|p2a: Samurott|Ceaseless Edge|p1a: Arceus\n|-crit|p1a: Arceus\n|-damage|p1a: Arceus|0 fnt\n|-sidestart|p1: TobyTheBoss64|Spikes\n|faint|p1a: Arceus\n|\n|upkeep\n|\n|t:|1700992209\n|switch|p1a: Samurott|Samurott-Hisui, M|100\/100\n|-damage|p1a: Samurott|84\/100|[from] Spikes\n|turn|6\n|\n|t:|1700992214\n|move|p2a: Samurott|Ceaseless Edge|p1a: Samurott\n|-resisted|p1a: Samurott\n|-damage|p1a: Samurott|30\/100\n|-sidestart|p1: TobyTheBoss64|Spikes\n|move|p1a: Samurott|Ceaseless Edge|p2a: Samurott\n|-resisted|p2a: Samurott\n|-damage|p2a: Samurott|0 fnt\n|-sidestart|p2: dreepy airlines|Spikes\n|faint|p2a: Samurott\n|\n|upkeep\n|\n|t:|1700992238\n|switch|p2a: Gengar|Gengar, F|100\/100\n|turn|7\n|\n|t:|1700992246\n|detailschange|p2a: Gengar|Gengar-Mega, F\n|-mega|p2a: Gengar|Gengar|Gengarite\n|move|p2a: Gengar|Sludge Bomb|p1a: Samurott\n|-damage|p1a: Samurott|0 fnt\n|faint|p1a: Samurott\n|\n|upkeep\n|l| Heidhall\n|j| Heidhall\n|\n|t:|1700992283\n|switch|p1a: Zacian|Zacian-Crowned|100\/100\n|-damage|p1a: Zacian|76\/100|[from] Spikes\n|-ability|p1a: Zacian|Intrepid Sword|boost\n|-boost|p1a: Zacian|atk|1\n|turn|8\n|\n|t:|1700992293\n|move|p1a: Zacian|Behemoth Blade|p2a: Gengar\n|-damage|p2a: Gengar|0 fnt\n|faint|p2a: Gengar\n|\n|upkeep\n|\n|t:|1700992298\n|switch|p2a: Groudon|Groudon|100\/100\n|-damage|p2a: Groudon|88\/100|[from] Spikes\n|detailschange|p2a: Groudon|Groudon-Primal\n|-primal|p2a: Groudon|Red Orb\n|-weather|DesolateLand|[from] ability: Desolate Land|[of] p2a: Groudon\n|turn|9\n|\n|t:|1700992335\n|switch|p1a: Groudon|Groudon-Primal|71\/100\n|-damage|p1a: Groudon|46\/100|[from] Spikes\n|move|p2a: Groudon|Rock Polish|p2a: Groudon\n|-boost|p2a: Groudon|spe|2\n|\n|-weather|DesolateLand|[upkeep]\n|upkeep\n|turn|10\n|\n|t:|1700992340\n|move|p2a: Groudon|Earthquake|p1a: Groudon\n|-supereffective|p1a: Groudon\n|-damage|p1a: Groudon|0 fnt\n|faint|p1a: Groudon\n|\n|-weather|DesolateLand|[upkeep]\n|upkeep\n|\n|t:|1700992346\n|switch|p1a: Endeavor|Xerneas|100\/100\n|-damage|p1a: Endeavor|76\/100|[from] Spikes\n|-ability|p1a: Endeavor|Fairy Aura\n|turn|11\n|\n|t:|1700992351\n|move|p2a: Groudon|Earthquake|p1a: Endeavor\n|-damage|p1a: Endeavor|15\/100\n|move|p1a: Endeavor|Endeavor|p2a: Groudon\n|-damage|p2a: Groudon|18\/100\n|\n|-weather|DesolateLand|[upkeep]\n|upkeep\n|turn|12\n|\n|t:|1700992358\n|move|p2a: Groudon|Earthquake|p1a: Endeavor\n|-damage|p1a: Endeavor|0 fnt\n|faint|p1a: Endeavor\n|\n|-weather|DesolateLand|[upkeep]\n|upkeep\n|\n|t:|1700992363\n|switch|p1a: Zacian|Zacian-Crowned|76\/100\n|-damage|p1a: Zacian|51\/100|[from] Spikes\n|-ability|p1a: Zacian|Intrepid Sword|boost\n|-boost|p1a: Zacian|atk|1\n|turn|13\n|\n|t:|1700992366\n|move|p2a: Groudon|Earthquake|p1a: Zacian\n|-supereffective|p1a: Zacian\n|-damage|p1a: Zacian|0 fnt\n|faint|p1a: Zacian\n|\n|win|dreepy airlines\n|c|\u2606dreepy airlines|gg2\n|c|\u2606TobyTheBoss64|gg\n|j| Just B3A$T\n|l|\u2606TobyTheBoss64\n|l| Just B3A$T\n|l| standproudyourgood\n","uploadtime":1700992370,"views":9,"p1id":"tobytheboss64","p2id":"dreepyairlines","formatid":"gen9ubers","rating":0,"private":0,"password":""}