{"id":"radicalred-gen9ubers-539122","p1":"axelzzz09","p2":"Elohim yt 08\u00b3","format":"[Gen 9] Ubers","log":"|j|\u2606axelzzz09\n|j|\u2606Elohim yt 08\u00b3\n|t:|1698543578\n|gametype|singles\n|player|p1|axelzzz09|rr-garchompmega|\n|player|p2|Elohim yt 08\u00b3|1|\n|teamsize|p1|6\n|teamsize|p2|6\n|gen|9\n|tier|[Gen 9] Ubers\n|rule|Sleep Clause Mod: Limit one foe put to sleep\n|rule|Species Clause: Limit one of each Pok\u00e9mon\n|rule|OHKO Clause: OHKO moves are banned\n|rule|Evasion Abilities Clause: Evasion abilities are banned\n|rule|Evasion Items Clause: Evasion items are banned\n|rule|Evasion Moves Clause: Evasion moves are banned\n|rule|Endless Battle Clause: Forcing endless battles is banned\n|rule|HP Percentage Mod: HP is shown in percentages\n|rule|Dynamax Clause: You cannot dynamax\n|rule|Mega Rayquaza Clause: You cannot mega evolve Rayquaza\n|clearpoke\n|poke|p1|Kingambit, M|\n|poke|p1|Volcarona, M|\n|poke|p1|Blaziken, M|\n|poke|p1|Garchomp, M|\n|poke|p1|Ceruledge, M|\n|poke|p1|Azumarill, M|\n|poke|p2|Gyarados, F|\n|poke|p2|Haunter, F|\n|poke|p2|Scyther, F|\n|poke|p2|Crobat, F|\n|poke|p2|Nidoking, M|\n|poke|p2|Kingler, F|\n|teampreview\n|\n|t:|1698543587\n|start\n|switch|p1a: Blaziken|Blaziken, M|100\/100\n|switch|p2a: Kingler|Kingler, F|100\/100\n|turn|1\n|\n|t:|1698543595\n|move|p1a: Blaziken|Swords Dance|p1a: Blaziken\n|-boost|p1a: Blaziken|atk|2\n|move|p2a: Kingler|Swords Dance|p2a: Kingler\n|-boost|p2a: Kingler|atk|2\n|\n|-ability|p1a: Blaziken|Speed Boost|boost\n|-boost|p1a: Blaziken|spe|1\n|upkeep\n|turn|2\n|\n|t:|1698543607\n|-zpower|p1a: Blaziken\n|move|p1a: Blaziken|Inferno Overdrive|p2a: Kingler|[zeffect]\n|-resisted|p2a: Kingler\n|-damage|p2a: Kingler|0 fnt\n|faint|p2a: Kingler\n|\n|-ability|p1a: Blaziken|Speed Boost|boost\n|-boost|p1a: Blaziken|spe|1\n|upkeep\n|\n|t:|1698543612\n|switch|p2a: Nidok|Nidoking, M|100\/100\n|turn|3\n|c|\u2606axelzzz09|ya dead\n|\n|t:|1698543620\n|move|p1a: Blaziken|Earthquake|p2a: Nidok\n|-supereffective|p2a: Nidok\n|-damage|p2a: Nidok|0 fnt\n|faint|p2a: Nidok\n|\n|-ability|p1a: Blaziken|Speed Boost|boost\n|-boost|p1a: Blaziken|spe|1\n|upkeep\n|\n|t:|1698543625\n|switch|p2a: Gyarados|Gyarados, F|100\/100\n|turn|4\n|c|\u2606axelzzz09|que bendicion\n|\n|t:|1698543632\n|move|p1a: Blaziken|Blaze Kick|p2a: Gyarados\n|-resisted|p2a: Gyarados\n|-damage|p2a: Gyarados|42\/100\n|-zpower|p2a: Gyarados\n|move|p2a: Gyarados|Supersonic Skystrike|p1a: Blaziken|[zeffect]\n|-supereffective|p1a: Blaziken\n|-damage|p1a: Blaziken|0 fnt\n|faint|p1a: Blaziken\n|-ability|p2a: Gyarados|Moxie|boost\n|-boost|p2a: Gyarados|atk|1\n|\n|upkeep\n|c|\u2606axelzzz09|que malgasto\n|\n|t:|1698543648\n|switch|p1a: Azumarill|Azumarill, M|100\/100\n|turn|5\n|\n|t:|1698543666\n|move|p2a: Gyarados|Dragon Dance|p2a: Gyarados\n|-boost|p2a: Gyarados|atk|1\n|-boost|p2a: Gyarados|spe|1\n|move|p1a: Azumarill|Belly Drum|p1a: Azumarill\n|-damage|p1a: Azumarill|50\/100\n|-setboost|p1a: Azumarill|atk|6|[from] move: Belly Drum\n|-enditem|p1a: Azumarill|Sitrus Berry|[eat]\n|-heal|p1a: Azumarill|75\/100|[from] item: Sitrus Berry\n|\n|upkeep\n|turn|6\n|\n|t:|1698543676\n|move|p1a: Azumarill|Aqua Jet|p2a: Gyarados\n|-resisted|p2a: Gyarados\n|-damage|p2a: Gyarados|0 fnt\n|faint|p2a: Gyarados\n|\n|upkeep\n|\n|t:|1698543681\n|switch|p2a: Scyther|Scyther, F|100\/100\n|turn|7\n|\n|t:|1698543690\n|move|p1a: Azumarill|Aqua Jet|p2a: Scyther\n|-damage|p2a: Scyther|27\/100\n|move|p2a: Scyther|Aerial Ace|p1a: Azumarill\n|-damage|p1a: Azumarill|43\/100\n|\n|upkeep\n|turn|8\n|j| Toxic Ariados\n|l| Toxic Ariados\n|\n|t:|1698543696\n|move|p1a: Azumarill|Aqua Jet|p2a: Scyther\n|-damage|p2a: Scyther|0 fnt\n|faint|p2a: Scyther\n|\n|upkeep\n|j| Toxic Ariados\n|\n|t:|1698543699\n|switch|p2a: Crobat|Crobat, F|100\/100\n|turn|9\n|\n|t:|1698543702\n|move|p1a: Azumarill|Aqua Jet|p2a: Crobat\n|-damage|p2a: Crobat|0 fnt\n|faint|p2a: Crobat\n|\n|upkeep\n|\n|t:|1698543705\n|switch|p2a: Haunter|Haunter, F|100\/100\n|turn|10\n|l| Toxic Ariados\n|\n|t:|1698543712\n|move|p1a: Azumarill|Aqua Jet|p2a: Haunter\n|-damage|p2a: Haunter|0 fnt\n|faint|p2a: Haunter\n|\n|win|axelzzz09\n","uploadtime":1698543718,"views":10,"p1id":"axelzzz09","p2id":"elohimyt08","formatid":"gen9ubers","rating":0,"private":0,"password":""}