{"id":"radicalred-gen9ubers-539389","p1":"KiritsuneGX","p2":"MagicMag","format":"[Gen 9] Ubers","log":"|j|\u2606KiritsuneGX\n|j|\u2606MagicMag\n|t:|1698605477\n|gametype|singles\n|player|p1|KiritsuneGX|265|\n|player|p2|MagicMag|170|\n|teamsize|p1|6\n|teamsize|p2|6\n|gen|9\n|tier|[Gen 9] Ubers\n|rule|Sleep Clause Mod: Limit one foe put to sleep\n|rule|Species Clause: Limit one of each Pok\u00e9mon\n|rule|OHKO Clause: OHKO moves are banned\n|rule|Evasion Abilities Clause: Evasion abilities are banned\n|rule|Evasion Items Clause: Evasion items are banned\n|rule|Evasion Moves Clause: Evasion moves are banned\n|rule|Endless Battle Clause: Forcing endless battles is banned\n|rule|HP Percentage Mod: HP is shown in percentages\n|rule|Dynamax Clause: You cannot dynamax\n|rule|Mega Rayquaza Clause: You cannot mega evolve Rayquaza\n|clearpoke\n|poke|p1|Darmanitan-Galar, F|\n|poke|p1|Zoroark-Hisui, M|\n|poke|p1|Electrode-Hisui|\n|poke|p1|Goodra-Hisui, M|\n|poke|p1|Sandaconda, M|\n|poke|p1|Machamp, F|\n|poke|p2|Relicanth, F|\n|poke|p2|Aerodactyl, M|\n|poke|p2|Greninja-*, M|\n|poke|p2|Zamazenta-*|\n|poke|p2|Genesect|\n|poke|p2|Runerigus, M|\n|teampreview\n|c|\u2606MagicMag|glgl\n|c|\u2606KiritsuneGX|u2\n|c|\u2606MagicMag|huh, there are some mons I wasnt expecting\n|c|\u2606MagicMag|ng;l\n|c|\u2606KiritsuneGX|Relicanth???\n|c|\u2606KiritsuneGX|who diss???\n|c|\u2606MagicMag|goated mon\n|c|\u2606MagicMag|dont worry about it\n|\n|t:|1698605571\n|start\n|switch|p1a: Heljefftrode|Electrode-Hisui|100\/100\n|switch|p2a: Fiddler|Genesect|100\/100\n|-ability|p2a: Fiddler|Download|boost\n|-boost|p2a: Fiddler|atk|1\n|turn|1\n|j| BananenSoep\n|\n|t:|1698605582\n|move|p1a: Heljefftrode|Volt Switch|p2a: Fiddler\n|-damage|p2a: Fiddler|59\/100\n|-damage|p1a: Heljefftrode|91\/100|[from] item: Life Orb\n|\n|t:|1698605591\n|switch|p1a: Jeffdaconda|Sandaconda, M|100\/100|[from] Volt Switch\n|move|p2a: Fiddler|U-turn|p1a: Jeffdaconda\n|-damage|p1a: Jeffdaconda|56\/100\n|-damage|p2a: Fiddler|49\/100|[from] item: Life Orb\n|c|\u2606MagicMag|the infamous helljefftrode, IC\n|\n|t:|1698605604\n|switch|p2a: Kalam Mekhar|Greninja, M|100\/100|[from] U-turn\n|\n|-heal|p1a: Jeffdaconda|62\/100|[from] item: Leftovers\n|upkeep\n|turn|2\n|\n|t:|1698605666\n|switch|p1a: Jeffdra|Goodra-Hisui, M|100\/100\n|move|p2a: Kalam Mekhar|Low Kick|p1a: Jeffdra\n|-supereffective|p1a: Jeffdra\n|-damage|p1a: Jeffdra|25\/100\n|\n|-heal|p1a: Jeffdra|31\/100|[from] item: Leftovers\n|upkeep\n|turn|3\n|\n|t:|1698605721\n|switch|p2a: Hedge|Runerigus, M|100\/100\n|move|p1a: Jeffdra|Thunderbolt|p2a: Hedge\n|-immune|p2a: Hedge\n|\n|-heal|p1a: Jeffdra|37\/100|[from] item: Leftovers\n|upkeep\n|turn|4\n|j| Phantom_rook\n|\n|t:|1698605732\n|switch|p1a: Jeffdaconda|Sandaconda, M|62\/100\n|move|p2a: Hedge|Toxic Spikes|p1a: Jeffdaconda\n|-sidestart|p1: KiritsuneGX|move: Toxic Spikes\n|\n|-heal|p1a: Jeffdaconda|68\/100|[from] item: Leftovers\n|upkeep\n|turn|5\n|\n|t:|1698605760\n|switch|p1a: Heljefftrode|Electrode-Hisui|91\/100\n|-status|p1a: Heljefftrode|psn\n|move|p2a: Hedge|Toxic Spikes|p1a: Heljefftrode\n|-sidestart|p1: KiritsuneGX|move: Toxic Spikes\n|\n|-damage|p1a: Heljefftrode|78\/100 psn|[from] psn\n|upkeep\n|turn|6\n|\n|t:|1698605778\n|switch|p2a: Fiddler|Genesect|49\/100\n|-ability|p2a: Fiddler|Download|boost\n|-boost|p2a: Fiddler|atk|1\n|move|p1a: Heljefftrode|Volt Switch|p2a: Fiddler\n|-damage|p2a: Fiddler|0 fnt\n|faint|p2a: Fiddler\n|-damage|p1a: Heljefftrode|68\/100 psn|[from] item: Life Orb\n|\n|t:|1698605823\n|switch|p1a: Jeffdaconda|Sandaconda, M|68\/100|[from] Volt Switch\n|-status|p1a: Jeffdaconda|tox\n|\n|-heal|p1a: Jeffdaconda|74\/100 tox|[from] item: Leftovers\n|-damage|p1a: Jeffdaconda|68\/100 tox|[from] psn\n|upkeep\n|\n|t:|1698605896\n|switch|p2a: Koryk|Zamazenta-Crowned|100\/100\n|-ability|p2a: Koryk|Dauntless Shield|boost\n|-boost|p2a: Koryk|def|1\n|turn|7\n|\n|t:|1698605915\n|move|p2a: Koryk|Iron Defense|p2a: Koryk\n|-boost|p2a: Koryk|def|2\n|move|p1a: Jeffdaconda|Glare|p2a: Koryk\n|-status|p2a: Koryk|par\n|\n|-heal|p1a: Jeffdaconda|74\/100 tox|[from] item: Leftovers\n|-damage|p1a: Jeffdaconda|62\/100 tox|[from] psn\n|upkeep\n|turn|8\n|c|\u2606MagicMag|very rude\n|c| Phantom_rook|Smh kirir\n|c| Phantom_rook|why are you so rude\n|\n|t:|1698605938\n|switch|p1a: Jeffdra|Goodra-Hisui, M|37\/100\n|move|p2a: Koryk|Body Press|p1a: Jeffdra\n|-supereffective|p1a: Jeffdra\n|-damage|p1a: Jeffdra|0 fnt\n|faint|p1a: Jeffdra\n|\n|upkeep\n|c|\u2606MagicMag|boing\n|l| BananenSoep\n|j| BananenSoep\n|\n|t:|1698606107\n|switch|p1a: Heljefftrode|Electrode-Hisui|68\/100 psn\n|turn|9\n|\n|t:|1698606128\n|move|p1a: Heljefftrode|Volt Switch|p2a: Koryk\n|-crit|p2a: Koryk\n|-damage|p2a: Koryk|65\/100 par\n|-damage|p1a: Heljefftrode|58\/100 psn|[from] item: Life Orb\n|\n|t:|1698606132\n|switch|p1a: Jeffdaconda|Sandaconda, M|62\/100 tox|[from] Volt Switch\n|move|p2a: Koryk|Behemoth Bash|p1a: Jeffdaconda\n|-damage|p1a: Jeffdaconda|39\/100 tox\n|\n|-activate|p1a: Jeffdaconda|ability: Shed Skin\n|-curestatus|p1a: Jeffdaconda|tox|[msg]\n|-heal|p1a: Jeffdaconda|45\/100|[from] item: Leftovers\n|upkeep\n|turn|10\n|c|\u2606MagicMag|oh\n|c|\u2606MagicMag|that was not horoark\n|\n|t:|1698606149\n|move|p1a: Jeffdaconda|Body Press|p2a: Koryk\n|-supereffective|p2a: Koryk\n|-damage|p2a: Koryk|50\/100 par\n|move|p2a: Koryk|Body Press|p1a: Jeffdaconda\n|-damage|p1a: Jeffdaconda|0 fnt\n|faint|p1a: Jeffdaconda\n|\n|upkeep\n|\n|t:|1698606201\n|switch|p1a: Jeff Mode|Darmanitan-Galar, F|100\/100\n|-status|p1a: Jeff Mode|tox\n|-activate|p1a: Jeff Mode|ability: Zen Mode\n|detailschange|p1a: Jeff Mode|Darmanitan-Galar-Zen, F\n|turn|11\n|\n|t:|1698606208\n|-zpower|p1a: Jeff Mode\n|move|p1a: Jeff Mode|Inferno Overdrive|p2a: Koryk|[zeffect]\n|-supereffective|p2a: Koryk\n|-damage|p2a: Koryk|0 fnt\n|faint|p2a: Koryk\n|\n|-damage|p1a: Jeff Mode|95\/100 tox|[from] psn\n|upkeep\n|\n|t:|1698606240\n|switch|p2a: Silchas Ruin|Aerodactyl, M|100\/100\n|turn|12\n|l| BananenSoep\n|\n|t:|1698606321\n|detailschange|p2a: Silchas Ruin|Aerodactyl-Mega, M\n|-mega|p2a: Silchas Ruin|Aerodactyl|Aerodactylite\n|move|p2a: Silchas Ruin|Brave Bird|p1a: Jeff Mode\n|-damage|p1a: Jeff Mode|0 fnt\n|faint|p1a: Jeff Mode\n|-damage|p2a: Silchas Ruin|64\/100|[from] Recoil\n|\n|upkeep\n|\n|t:|1698606362\n|switch|p1a: Jeffchamp|Machamp, F|100\/100\n|-status|p1a: Jeffchamp|tox\n|turn|13\n|\n|t:|1698606371\n|detailschange|p1a: Jeffchamp|Machamp-Mega, F\n|-mega|p1a: Jeffchamp|Machamp|Machampite\n|move|p1a: Jeffchamp|Bullet Punch|p2a: Silchas Ruin\n|-supereffective|p2a: Silchas Ruin\n|-damage|p2a: Silchas Ruin|25\/100\n|-supereffective|p2a: Silchas Ruin\n|-damage|p2a: Silchas Ruin|1\/100\n|-hitcount|p2a: Silchas Ruin|2\n|move|p2a: Silchas Ruin|Brave Bird|p1a: Jeffchamp\n|-supereffective|p1a: Jeffchamp\n|-damage|p1a: Jeffchamp|0 fnt\n|faint|p1a: Jeffchamp\n|-damage|p2a: Silchas Ruin|0 fnt|[from] Recoil\n|faint|p2a: Silchas Ruin\n|\n|upkeep\n|j| LUWITE\n|c|\u2606KiritsuneGX|ooooooooofff\n|c| LUWITE|jeff failed to champ sadge\n|c|\u2606MagicMag|that never killed i believe\n|c|\u2606MagicMag|I think that already was a high roll\n|j| Toxic Ariados\n|l| Toxic Ariados\n|\n|t:|1698606497\n|switch|p2a: Hedge|Runerigus, M|100\/100\n|switch|p1a: Heljefftrode|Electrode-Hisui|100\/100\n|-status|p1a: Heljefftrode|tox\n|turn|14\n|c|\u2606MagicMag|wow, event helectrode\n|c|\u2606MagicMag|omg\n|\n|t:|1698606523\n|move|p1a: Heljefftrode|Shadow Ball|p2a: Hedge\n|-supereffective|p2a: Hedge\n|-damage|p2a: Hedge|0 fnt\n|faint|p2a: Hedge\n|\n|-damage|p1a: Heljefftrode|95\/100 tox|[from] psn\n|upkeep\n|c|\u2606MagicMag|if only I was shadow shield\n|c|\u2606MagicMag|crying\n|\n|t:|1698606596\n|switch|p2a: Onrack the Broken|Relicanth, F|100\/100\n|turn|15\n|\n|t:|1698606645\n|move|p1a: Heljefftrode|Shadow Ball|p2a: Onrack the Broken\n|-crit|p2a: Onrack the Broken\n|-damage|p2a: Onrack the Broken|4\/100\n|move|p2a: Onrack the Broken|Flip Turn|p1a: Heljefftrode\n|-damage|p1a: Heljefftrode|46\/100 tox\n|replace|p1a: Jeffprise|Zoroark-Hisui, M\n|-end|p1a: Jeffprise|Illusion\n|c|\u2606MagicMag|OMG Zoroark!\n|\n|t:|1698606657\n|switch|p2a: Kalam Mekhar|Greninja, M|100\/100|[from] Flip Turn\n|\n|-damage|p1a: Jeffprise|34\/100 tox|[from] psn\n|upkeep\n|turn|16\n|c| LUWITE|the power of 1.3x\n|c|\u2606KiritsuneGX|dude\n|c|\u2606KiritsuneGX|how does battlebond work here\n|c|\u2606KiritsuneGX|old or new?\n|c|\u2606MagicMag|old\n|c| LUWITE|old I thinks\n|c| Phantom_rook|Is it bad I literally thought it was an event thing\u2026\n|l|\u2606MagicMag\n|player|p2|\n|c|\u2606KiritsuneGX|this game is now decided by prep\n|c|\u2606KiritsuneGX|he went into a tunnel\n|c|\u2606KiritsuneGX|:boohoo\n|l| Phantom_rook\n|j| Phantom_rook\n|j|\u2606MagicMag\n|player|p2|MagicMag|170\n|l| LUWITE\n|c|\u2606KiritsuneGX|he back\n|c|\u2606MagicMag|man, this wifi\n|c|\u2606MagicMag|sorry for that\n|c|\u2606KiritsuneGX|all g\n|c|\u2606MagicMag|train wifi died on me\n|l| Phantom_rook\n|\n|t:|1698606932\n|move|p1a: Jeffprise|Shadow Ball|p2a: Kalam Mekhar\n|-resisted|p2a: Kalam Mekhar\n|-damage|p2a: Kalam Mekhar|70\/100\n|-unboost|p2a: Kalam Mekhar|spd|1\n|move|p2a: Kalam Mekhar|Ice Punch|p1a: Jeffprise\n|-damage|p1a: Jeffprise|0 fnt\n|faint|p1a: Jeffprise\n|-activate|p2a: Kalam Mekhar|ability: Battle Bond\n|detailschange|p2a: Kalam Mekhar|Greninja-Ash, M\n|\n|upkeep\n|c|\u2606MagicMag|huge spdef drop\n|\n|t:|1698606948\n|switch|p1a: Heljefftrode|Electrode-Hisui|58\/100 psn\n|turn|17\n|j| Phantom_rook\n|c|\u2606MagicMag|Otherwise i would definitely live a hit from helectrode\n|\n|t:|1698606955\n|move|p2a: Kalam Mekhar|Water Shuriken|p1a: Heljefftrode\n|-resisted|p1a: Heljefftrode\n|-damage|p1a: Heljefftrode|50\/100 psn\n|-resisted|p1a: Heljefftrode\n|-damage|p1a: Heljefftrode|42\/100 psn\n|-resisted|p1a: Heljefftrode\n|-damage|p1a: Heljefftrode|35\/100 psn\n|-hitcount|p1a: Heljefftrode|3\n|move|p1a: Heljefftrode|Volt Switch|p2a: Kalam Mekhar\n|-supereffective|p2a: Kalam Mekhar\n|-damage|p2a: Kalam Mekhar|0 fnt\n|faint|p2a: Kalam Mekhar\n|-damage|p1a: Heljefftrode|25\/100 psn|[from] item: Life Orb\n|\n|-damage|p1a: Heljefftrode|12\/100 psn|[from] psn\n|upkeep\n|c|\u2606MagicMag|GG\n|c|\u2606KiritsuneGX|gg\n|\n|t:|1698606966\n|switch|p2a: Onrack the Broken|Relicanth, F|4\/100\n|turn|18\n|c|\u2606MagicMag|if only my last move was tect\n|c|\u2606MagicMag|very sad\n|\n|t:|1698606978\n|move|p1a: Heljefftrode|Volt Switch|p2a: Onrack the Broken\n|-supereffective|p2a: Onrack the Broken\n|-damage|p2a: Onrack the Broken|0 fnt\n|faint|p2a: Onrack the Broken\n|-damage|p1a: Heljefftrode|2\/100 psn|[from] item: Life Orb\n|\n|win|KiritsuneGX\n|c|\u2606KiritsuneGX|close one\n|c|\u2606KiritsuneGX|ggs\n|c|\u2606KiritsuneGX|holy\n","uploadtime":1698606998,"views":34,"p1id":"kiritsunegx","p2id":"magicmag","formatid":"gen9ubers","rating":0,"private":0,"password":""}