{"id":"radicalred-gen9ubers-551137","p1":"drakenheart666","p2":"Kiritsunegx","format":"[Gen 9] Ubers","log":"|j|\u2606drakenheart666\n|j|\u2606Kiritsunegx\n|t:|1701014708\n|gametype|singles\n|player|p1|drakenheart666|rr-dragonite|\n|player|p2|Kiritsunegx|101|\n|teamsize|p1|6\n|teamsize|p2|6\n|gen|9\n|tier|[Gen 9] Ubers\n|rule|Sleep Clause Mod: Limit one foe put to sleep\n|rule|Species Clause: Limit one of each Pok\u00e9mon\n|rule|OHKO Clause: OHKO moves are banned\n|rule|Evasion Abilities Clause: Evasion abilities are banned\n|rule|Evasion Items Clause: Evasion items are banned\n|rule|Evasion Moves Clause: Evasion moves are banned\n|rule|Endless Battle Clause: Forcing endless battles is banned\n|rule|HP Percentage Mod: HP is shown in percentages\n|rule|Dynamax Clause: You cannot dynamax\n|rule|Mega Rayquaza Clause: You cannot mega evolve Rayquaza\n|clearpoke\n|poke|p1|Chansey, F|\n|poke|p1|Clefable, F|\n|poke|p1|Samurott-Hisui, F|\n|poke|p1|Claydol|\n|poke|p1|Empoleon, M|\n|poke|p1|Flapple, F|\n|poke|p2|Tentacruel, M|\n|poke|p2|Machamp, M|\n|poke|p2|Goodra-Hisui, M|\n|poke|p2|Zoroark-Hisui, F|\n|poke|p2|Darmanitan-Galar, M|\n|poke|p2|Electrode-Hisui|\n|teampreview\n|c|\u2606Kiritsunegx|bababoey\n|c|\u2606drakenheart666|gl hf\n|\n|t:|1701014738\n|start\n|switch|p1a: Hamuroitt|Samurott-Hisui, F|100\/100\n|switch|p2a: Electrode|Electrode-Hisui|100\/100\n|turn|1\n|\n|t:|1701014751\n|switch|p1a: cancey|Chansey, F|100\/100\n|move|p2a: Electrode|Volt Switch|p1a: cancey\n|-damage|p1a: cancey|88\/100\n|\n|t:|1701014760\n|switch|p2a: Machamp|Machamp, M|100\/100|[from] Volt Switch\n|\n|upkeep\n|turn|2\n|\n|t:|1701014771\n|switch|p1a: Cancer 2|Clefable, F|100\/100\n|detailschange|p2a: Machamp|Machamp-Mega, M\n|-mega|p2a: Machamp|Machamp|Machampite\n|move|p2a: Machamp|Power-Up Punch|p1a: Cancer 2\n|-resisted|p1a: Cancer 2\n|-damage|p1a: Cancer 2|85\/100\n|-boost|p2a: Machamp|atk|1\n|-resisted|p1a: Cancer 2\n|-damage|p1a: Cancer 2|72\/100\n|-boost|p2a: Machamp|atk|1\n|-hitcount|p1a: Cancer 2|2\n|\n|upkeep\n|turn|3\n|\n|t:|1701014794\n|move|p2a: Machamp|Bullet Punch|p1a: Cancer 2\n|-supereffective|p1a: Cancer 2\n|-damage|p1a: Cancer 2|0 fnt\n|faint|p1a: Cancer 2\n|-hitcount|p1: Cancer 2|1\n|\n|upkeep\n|j| Xopas\n|c|\u2606drakenheart666|right that a move kek\n|c|\u2606Kiritsunegx|bruh\n|c| Xopas|uh\n|c|\u2606Kiritsunegx|is this game?\n|\n|t:|1701014812\n|switch|p1a: caps mega fetish|Flapple, F|100\/100\n|turn|4\n|c| Xopas|why does this look over\n|c|\u2606drakenheart666|it might be\n|\n|t:|1701014861\n|detailschange|p1a: caps mega fetish|Flapple-Mega, F\n|-mega|p1a: caps mega fetish|Flapple|Flapplite\n|move|p1a: caps mega fetish|Draco Barrage|p2a: Machamp\n|-damage|p2a: Machamp|32\/100\n|-damage|p1a: caps mega fetish|70\/100|[from] Recoil\n|move|p2a: Machamp|Drain Punch|p1a: caps mega fetish\n|-damage|p1a: caps mega fetish|0 fnt\n|-heal|p2a: Machamp|58\/100|[from] drain|[of] p1a: caps mega fetish\n|faint|p1a: caps mega fetish\n|-hitcount|p1: caps mega fetish|1\n|\n|upkeep\n|\n|t:|1701014872\n|switch|p1a: eyes|Claydol|100\/100\n|turn|5\n|\n|t:|1701014880\n|move|p1a: eyes|Cosmic Power|p1a: eyes\n|-boost|p1a: eyes|def|1\n|-boost|p1a: eyes|spd|1\n|move|p2a: Machamp|Knock Off|p1a: eyes\n|-supereffective|p1a: eyes\n|-damage|p1a: eyes|0 fnt\n|-enditem|p1a: eyes|Leftovers|[from] move: Knock Off|[of] p2a: Machamp\n|faint|p1a: eyes\n|\n|upkeep\n|c|\u2606Kiritsunegx|kek\n|c|\u2606drakenheart666|yep gg lol\n|c| Xopas|shouldve attacked smh\n|c|\u2606Kiritsunegx|well hamu could kill here\n|c|\u2606drakenheart666|not with the set i have\n|c|\u2606Kiritsunegx|LMFAO\n|\n|t:|1701014910\n|switch|p1a: Hamuroitt|Samurott-Hisui, F|100\/100\n|turn|6\n|\n|t:|1701014915\n|move|p1a: Hamuroitt|Razor Shell|p2a: Machamp\n|-damage|p2a: Machamp|15\/100\n|move|p2a: Machamp|Drain Punch|p1a: Hamuroitt\n|-supereffective|p1a: Hamuroitt\n|-enditem|p1a: Hamuroitt|Focus Sash\n|-damage|p1a: Hamuroitt|1\/100\n|-heal|p2a: Machamp|58\/100|[from] drain|[of] p1a: Hamuroitt\n|-supereffective|p1a: Hamuroitt\n|-crit|p1a: Hamuroitt\n|-damage|p1a: Hamuroitt|0 fnt\n|-heal|p2a: Machamp|58\/100|[from] drain|[of] p1a: Hamuroitt\n|faint|p1a: Hamuroitt\n|-hitcount|p1: Hamuroitt|2\n|\n|upkeep\n|c|\u2606drakenheart666|i do not\n|\n|t:|1701014926\n|switch|p1a: napoleon|Empoleon, M|100\/100\n|turn|7\n|c|\u2606Kiritsunegx|casual machamp W\n|\n|t:|1701014935\n|move|p2a: Machamp|Drain Punch|p1a: napoleon\n|-supereffective|p1a: napoleon\n|-damage|p1a: napoleon|0 fnt\n|-heal|p2a: Machamp|100\/100|[from] drain|[of] p1a: napoleon\n|faint|p1a: napoleon\n|-hitcount|p1: napoleon|1\n|\n|upkeep\n|\n|t:|1701014941\n|switch|p1a: cancey|Chansey, F|88\/100\n|turn|8\n|\n|t:|1701014945\n|move|p2a: Machamp|Drain Punch|p1a: cancey\n|-supereffective|p1a: cancey\n|-damage|p1a: cancey|0 fnt\n|faint|p1a: cancey\n|-hitcount|p1: cancey|1\n|\n|win|Kiritsunegx\n|c|\u2606drakenheart666|wow\n|c|\u2606Kiritsunegx|ggs\n|c|\u2606drakenheart666|gg i guess lmao\n","uploadtime":1701014958,"views":43,"p1id":"drakenheart666","p2id":"kiritsunegx","formatid":"gen9ubers","rating":0,"private":0,"password":""}