{"id":"radicalred-gen9ubers-547799","p1":"oscar3ro","p2":"alexisarbolero","format":"[Gen 9] Ubers","log":"|j|\u2606oscar3ro\n|j|\u2606alexisarbolero\n|t:|1700236243\n|gametype|singles\n|player|p1|oscar3ro|rr-cinderace|\n|player|p2|alexisarbolero|rr-espeon|\n|teamsize|p1|6\n|teamsize|p2|6\n|gen|9\n|tier|[Gen 9] Ubers\n|rule|Sleep Clause Mod: Limit one foe put to sleep\n|rule|Species Clause: Limit one of each Pok\u00e9mon\n|rule|OHKO Clause: OHKO moves are banned\n|rule|Evasion Abilities Clause: Evasion abilities are banned\n|rule|Evasion Items Clause: Evasion items are banned\n|rule|Evasion Moves Clause: Evasion moves are banned\n|rule|Endless Battle Clause: Forcing endless battles is banned\n|rule|HP Percentage Mod: HP is shown in percentages\n|rule|Dynamax Clause: You cannot dynamax\n|rule|Mega Rayquaza Clause: You cannot mega evolve Rayquaza\n|clearpoke\n|poke|p1|Lucario, M|\n|poke|p1|Annihilape, M|\n|poke|p1|Decidueye-Hisui, F|\n|poke|p1|Dodrio-Sevii, M|\n|poke|p1|Gastrodon-East, F|\n|poke|p1|Ting-Lu|\n|poke|p2|Tapu Lele|\n|poke|p2|Gardevoir, M|\n|poke|p2|Lapras, M|\n|poke|p2|Dracovish|\n|poke|p2|Gallade, M|\n|poke|p2|Toxapex, F|\n|teampreview\n|\n|t:|1700236257\n|start\n|switch|p1a: Ting-Lu|Ting-Lu|100\/100\n|switch|p2a: Toxapex|Toxapex, F|100\/100\n|-ability|p1a: Ting-Lu|Vessel of Ruin\n|turn|1\n|\n|t:|1700236267\n|move|p1a: Ting-Lu|Stealth Rock|p2a: Toxapex\n|-sidestart|p2: alexisarbolero|move: Stealth Rock\n|move|p2a: Toxapex|Toxic|p1a: Ting-Lu\n|-status|p1a: Ting-Lu|tox\n|\n|-damage|p1a: Ting-Lu|94\/100 tox|[from] psn\n|upkeep\n|turn|2\n|\n|t:|1700236274\n|move|p1a: Ting-Lu|Spikes|p2a: Toxapex\n|-sidestart|p2: alexisarbolero|Spikes\n|move|p2a: Toxapex|Scald|p1a: Ting-Lu\n|-supereffective|p1a: Ting-Lu\n|-damage|p1a: Ting-Lu|74\/100 tox\n|\n|-heal|p1a: Ting-Lu|81\/100 tox|[from] item: Leftovers\n|-damage|p1a: Ting-Lu|68\/100 tox|[from] psn\n|upkeep\n|turn|3\n|\n|t:|1700236288\n|move|p1a: Ting-Lu|Spikes|p2a: Toxapex\n|-sidestart|p2: alexisarbolero|Spikes\n|move|p2a: Toxapex|Scald|p1a: Ting-Lu\n|-supereffective|p1a: Ting-Lu\n|-damage|p1a: Ting-Lu|48\/100 tox\n|\n|-heal|p1a: Ting-Lu|55\/100 tox|[from] item: Leftovers\n|-damage|p1a: Ting-Lu|36\/100 tox|[from] psn\n|upkeep\n|turn|4\n|\n|t:|1700236305\n|move|p2a: Toxapex|Haze|p2a: Toxapex\n|-clearallboost\n|move|p1a: Ting-Lu|Whirlwind|p2a: Toxapex\n|drag|p2a: Lapras|Lapras, M|100\/100\n|-damage|p2a: Lapras|84\/100|[from] Spikes\n|-damage|p2a: Lapras|72\/100|[from] Stealth Rock\n|\n|-heal|p1a: Ting-Lu|42\/100 tox|[from] item: Leftovers\n|-damage|p1a: Ting-Lu|17\/100 tox|[from] psn\n|upkeep\n|turn|5\n|\n|t:|1700236323\n|detailschange|p2a: Lapras|Lapras-Mega, M\n|-mega|p2a: Lapras|Lapras|Laprasite\n|move|p2a: Lapras|Freeze-Dry|p1a: Ting-Lu\n|-supereffective|p1a: Ting-Lu\n|-damage|p1a: Ting-Lu|0 fnt\n|faint|p1a: Ting-Lu\n|\n|upkeep\n|j| Sahvyt\n|l| Sahvyt\n|\n|t:|1700236344\n|switch|p1a: Decidueye|Decidueye-Hisui, F|100\/100\n|turn|6\n|\n|t:|1700236371\n|switch|p2a: Gardevoir|Gardevoir, M|100\/100\n|-damage|p2a: Gardevoir|88\/100|[from] Stealth Rock\n|-damage|p2a: Gardevoir|72\/100|[from] Spikes\n|move|p1a: Decidueye|Triple Arrows|p2a: Gardevoir\n|-resisted|p2a: Gardevoir\n|-damage|p2a: Gardevoir|44\/100\n|-damage|p1a: Decidueye|90\/100|[from] item: Life Orb\n|\n|-heal|p2a: Gardevoir|50\/100|[from] item: Leftovers\n|upkeep\n|turn|7\n|\n|t:|1700236386\n|move|p2a: Gardevoir|Draining Kiss|p1a: Decidueye\n|-supereffective|p1a: Decidueye\n|-damage|p1a: Decidueye|52\/100\n|-heal|p2a: Gardevoir|87\/100|[from] drain|[of] p1a: Decidueye\n|move|p1a: Decidueye|U-turn|p2a: Gardevoir\n|-damage|p2a: Gardevoir|42\/100\n|-damage|p1a: Decidueye|42\/100|[from] item: Life Orb\n|\n|t:|1700236400\n|switch|p1a: Dodrio|Dodrio-Sevii, M|100\/100|[from] U-turn\n|\n|-heal|p2a: Gardevoir|48\/100|[from] item: Leftovers\n|upkeep\n|turn|8\n|\n|t:|1700236413\n|switch|p2a: Dracovish|Dracovish|100\/100\n|-damage|p2a: Dracovish|88\/100|[from] Stealth Rock\n|-damage|p2a: Dracovish|72\/100|[from] Spikes\n|move|p1a: Dodrio|Headlong Rush|p2a: Dracovish\n|-damage|p2a: Dracovish|12\/100\n|-unboost|p1a: Dodrio|def|1\n|-unboost|p1a: Dodrio|spd|1\n|\n|upkeep\n|turn|9\n|\n|t:|1700236425\n|move|p1a: Dodrio|Headlong Rush|p2a: Dracovish\n|-damage|p2a: Dracovish|0 fnt\n|-unboost|p1a: Dodrio|def|1\n|-unboost|p1a: Dodrio|spd|1\n|faint|p2a: Dracovish\n|\n|upkeep\n|\n|t:|1700236434\n|switch|p2a: Toxapex|Toxapex, F|100\/100\n|-damage|p2a: Toxapex|88\/100|[from] Stealth Rock\n|-damage|p2a: Toxapex|72\/100|[from] Spikes\n|turn|10\n|\n|t:|1700236442\n|move|p1a: Dodrio|Headlong Rush|p2a: Toxapex\n|-supereffective|p2a: Toxapex\n|-damage|p2a: Toxapex|0 fnt\n|-unboost|p1a: Dodrio|def|1\n|-unboost|p1a: Dodrio|spd|1\n|faint|p2a: Toxapex\n|\n|upkeep\n|\n|t:|1700236453\n|switch|p2a: Gallade|Gallade, M|100\/100\n|-damage|p2a: Gallade|84\/100|[from] Spikes\n|-damage|p2a: Gallade|78\/100|[from] Stealth Rock\n|turn|11\n|\n|t:|1700236478\n|move|p1a: Dodrio|Headlong Rush|p2a: Gallade\n|-damage|p2a: Gallade|0 fnt\n|-unboost|p1a: Dodrio|def|1\n|-unboost|p1a: Dodrio|spd|1\n|faint|p2a: Gallade\n|\n|upkeep\n|\n|t:|1700236484\n|switch|p2a: Tapu Lele|Tapu Lele|100\/100\n|-damage|p2a: Tapu Lele|84\/100|[from] Spikes\n|-damage|p2a: Tapu Lele|71\/100|[from] Stealth Rock\n|-fieldstart|move: Psychic Terrain|[from] ability: Psychic Surge|[of] p2a: Tapu Lele\n|turn|12\n|\n|t:|1700236497\n|move|p1a: Dodrio|Headlong Rush|p2a: Tapu Lele\n|-damage|p2a: Tapu Lele|0 fnt\n|-unboost|p1a: Dodrio|def|1\n|-unboost|p1a: Dodrio|spd|1\n|faint|p2a: Tapu Lele\n|\n|upkeep\n|\n|t:|1700236505\n|switch|p2a: Lapras|Lapras-Mega, M|72\/100\n|-damage|p2a: Lapras|55\/100|[from] Spikes\n|-damage|p2a: Lapras|43\/100|[from] Stealth Rock\n|turn|13\n|\n|t:|1700236515\n|move|p1a: Dodrio|Headlong Rush|p2a: Lapras\n|-damage|p2a: Lapras|1\/100\n|-unboost|p1a: Dodrio|def|1\n|-unboost|p1a: Dodrio|spd|1\n|move|p2a: Lapras|Boomburst|p1a: Dodrio\n|-supereffective|p1a: Dodrio\n|-damage|p1a: Dodrio|0 fnt\n|faint|p1a: Dodrio\n|\n|upkeep\n|\n|t:|1700236522\n|switch|p1a: Decidueye|Decidueye-Hisui, F|42\/100\n|turn|14\n|\n|t:|1700236533\n|move|p1a: Decidueye|U-turn|p2a: Lapras\n|-damage|p2a: Lapras|0 fnt\n|faint|p2a: Lapras\n|-damage|p1a: Decidueye|32\/100|[from] item: Life Orb\n|\n|t:|1700236539\n|switch|p1a: Gastrodon|Gastrodon-East, F|100\/100|[from] U-turn\n|\n|upkeep\n|\n|t:|1700236543\n|switch|p2a: Gardevoir|Gardevoir, M|48\/100\n|-damage|p2a: Gardevoir|36\/100|[from] Stealth Rock\n|-damage|p2a: Gardevoir|19\/100|[from] Spikes\n|turn|15\n|\n|t:|1700236557\n|move|p2a: Gardevoir|Expanding Force|p1a: Gastrodon\n|-damage|p1a: Gastrodon|34\/100\n|move|p1a: Gastrodon|Earth Power|p2a: Gardevoir\n|-damage|p2a: Gardevoir|0 fnt\n|faint|p2a: Gardevoir\n|\n|win|oscar3ro\n","uploadtime":1700236562,"views":32,"p1id":"oscar3ro","p2id":"alexisarbolero","formatid":"gen9ubers","rating":0,"private":0,"password":""}