{"id":"radicalred-gen9ubers-550098","p1":"Elohim yt 08\u00b3","p2":"mudkipfan333","format":"[Gen 9] Ubers","log":"|j|\u2606Elohim yt 08\u00b3\n|j|\u2606mudkipfan333\n|t:|1700771553\n|gametype|singles\n|player|p1|Elohim yt 08\u00b3|rr-scizormega|\n|player|p2|mudkipfan333|rr-zeraora|\n|teamsize|p1|6\n|teamsize|p2|6\n|gen|9\n|tier|[Gen 9] Ubers\n|rule|Sleep Clause Mod: Limit one foe put to sleep\n|rule|Species Clause: Limit one of each Pok\u00e9mon\n|rule|OHKO Clause: OHKO moves are banned\n|rule|Evasion Abilities Clause: Evasion abilities are banned\n|rule|Evasion Items Clause: Evasion items are banned\n|rule|Evasion Moves Clause: Evasion moves are banned\n|rule|Endless Battle Clause: Forcing endless battles is banned\n|rule|HP Percentage Mod: HP is shown in percentages\n|rule|Dynamax Clause: You cannot dynamax\n|rule|Mega Rayquaza Clause: You cannot mega evolve Rayquaza\n|clearpoke\n|poke|p1|Delcatty, F|\n|poke|p1|Manectric, F|\n|poke|p1|Scizor, F|\n|poke|p1|Quagsire, F|\n|poke|p1|Crobat, F|\n|poke|p1|Farfetch\u2019d, F|\n|poke|p2|Lucario, F|\n|poke|p2|Keldeo-Resolute|\n|poke|p2|Great Tusk|\n|poke|p2|Dragapult, M|\n|poke|p2|Zoroark-Hisui, F|\n|poke|p2|Gholdengo|\n|teampreview\n|\n|t:|1700771571\n|start\n|switch|p1a: Crok|Crobat, F|100\/100\n|switch|p2a: Lucario|Lucario, F|100\/100\n|turn|1\n|\n|t:|1700771609\n|detailschange|p2a: Lucario|Lucario-Mega, F\n|-mega|p2a: Lucario|Lucario|Lucarionite\n|move|p1a: Crok|U-turn|p2a: Lucario\n|-resisted|p2a: Lucario\n|-damage|p2a: Lucario|94\/100\n|\n|t:|1700771618\n|switch|p1a: Quagsire|Quagsire, F, shiny|100\/100|[from] U-turn\n|move|p2a: Lucario|Swords Dance|p2a: Lucario\n|-boost|p2a: Lucario|atk|2\n|\n|upkeep\n|turn|2\n|\n|t:|1700771625\n|move|p2a: Lucario|Drain Punch|p1a: Quagsire\n|-damage|p1a: Quagsire|63\/100\n|-heal|p2a: Lucario|100\/100|[from] drain|[of] p1a: Quagsire\n|move|p1a: Quagsire|Earthquake|p2a: Lucario\n|-supereffective|p2a: Lucario\n|-damage|p2a: Lucario|14\/100\n|\n|-heal|p1a: Quagsire|70\/100|[from] item: Leftovers\n|upkeep\n|turn|3\n|\n|t:|1700771634\n|switch|p2a: Dragapult|Dragapult, M|100\/100\n|move|p1a: Quagsire|Earthquake|p2a: Dragapult\n|-damage|p2a: Dragapult|59\/100\n|\n|-heal|p1a: Quagsire|76\/100|[from] item: Leftovers\n|upkeep\n|turn|4\n|\n|t:|1700771644\n|-zpower|p2a: Dragapult\n|move|p2a: Dragapult|Never-Ending Nightmare|p1a: Quagsire|[zeffect]\n|-damage|p1a: Quagsire|24\/100\n|move|p1a: Quagsire|Recover|p1a: Quagsire\n|-heal|p1a: Quagsire|74\/100\n|\n|-heal|p1a: Quagsire|80\/100|[from] item: Leftovers\n|upkeep\n|turn|5\n|\n|t:|1700771648\n|move|p2a: Dragapult|Spirit Shackle|p1a: Quagsire\n|-damage|p1a: Quagsire|56\/100\n|-activate|p1a: Quagsire|trapped\n|move|p1a: Quagsire|Recover|p1a: Quagsire\n|-heal|p1a: Quagsire|100\/100\n|\n|upkeep\n|turn|6\n|\n|t:|1700771655\n|move|p2a: Dragapult|Dragon Darts|p1a: Quagsire\n|-damage|p1a: Quagsire|85\/100\n|-anim|p2a: Dragapult|Dragon Darts|p1a: Quagsire\n|-damage|p1a: Quagsire|70\/100\n|move|p1a: Quagsire|Earthquake|p2a: Dragapult\n|-damage|p2a: Dragapult|18\/100\n|\n|-heal|p1a: Quagsire|76\/100|[from] item: Leftovers\n|upkeep\n|turn|7\n|\n|t:|1700771662\n|switch|p2a: Great Tusk|Great Tusk|100\/100\n|move|p1a: Quagsire|Earthquake|p2a: Great Tusk\n|-damage|p2a: Great Tusk|79\/100\n|\n|-heal|p2a: Great Tusk|85\/100|[from] item: Leftovers\n|-heal|p1a: Quagsire|82\/100|[from] item: Leftovers\n|upkeep\n|turn|8\n|\n|t:|1700771666\n|move|p2a: Great Tusk|Stealth Rock|p1a: Quagsire\n|-sidestart|p1: Elohim yt 08\u00b3|move: Stealth Rock\n|move|p1a: Quagsire|Scald|p2a: Great Tusk\n|-supereffective|p2a: Great Tusk\n|-damage|p2a: Great Tusk|30\/100\n|\n|-heal|p2a: Great Tusk|37\/100|[from] item: Leftovers\n|-heal|p1a: Quagsire|89\/100|[from] item: Leftovers\n|upkeep\n|turn|9\n|\n|t:|1700771670\n|-end|p2a: Great Tusk|Protosynthesis|[silent]\n|switch|p2a: Keldeo|Keldeo-Resolute|100\/100\n|move|p1a: Quagsire|Scald|p2a: Keldeo\n|-resisted|p2a: Keldeo\n|-damage|p2a: Keldeo|89\/100\n|\n|-heal|p1a: Quagsire|95\/100|[from] item: Leftovers\n|upkeep\n|turn|10\n|\n|t:|1700771674\n|move|p2a: Keldeo|Secret Sword|p1a: Quagsire\n|-damage|p1a: Quagsire|48\/100\n|move|p1a: Quagsire|Earthquake|p2a: Keldeo\n|-crit|p2a: Keldeo\n|-damage|p2a: Keldeo|35\/100\n|\n|-heal|p1a: Quagsire|54\/100|[from] item: Leftovers\n|upkeep\n|turn|11\n|\n|t:|1700771694\n|move|p2a: Keldeo|Secret Sword|p1a: Quagsire\n|-damage|p1a: Quagsire|10\/100\n|move|p1a: Quagsire|Recover|p1a: Quagsire\n|-heal|p1a: Quagsire|60\/100\n|\n|-heal|p1a: Quagsire|66\/100|[from] item: Leftovers\n|upkeep\n|turn|12\n|\n|t:|1700771706\n|move|p2a: Keldeo|Secret Sword|p1a: Quagsire\n|-damage|p1a: Quagsire|20\/100\n|move|p1a: Quagsire|Recover|p1a: Quagsire\n|-heal|p1a: Quagsire|70\/100\n|\n|-heal|p1a: Quagsire|76\/100|[from] item: Leftovers\n|upkeep\n|turn|13\n|\n|t:|1700771715\n|switch|p2a: Gholdengo|Gholdengo|100\/100\n|move|p1a: Quagsire|Earthquake|p2a: Gholdengo\n|-damage|p2a: Gholdengo|38\/100\n|replace|p2a: Zoroark|Zoroark-Hisui, F\n|-end|p2a: Zoroark|Illusion\n|\n|-heal|p1a: Quagsire|82\/100|[from] item: Leftovers\n|upkeep\n|turn|14\n|\n|t:|1700771725\n|move|p2a: Zoroark|Hyper Voice|p1a: Quagsire\n|-damage|p1a: Quagsire|0 fnt\n|faint|p1a: Quagsire\n|\n|upkeep\n|\n|t:|1700771731\n|switch|p1a: Delcatty|Delcatty, F, shiny|100\/100\n|-damage|p1a: Delcatty|88\/100|[from] Stealth Rock\n|turn|15\n|\n|t:|1700771738\n|switch|p2a: Gholdengo|Gholdengo|100\/100\n|move|p1a: Delcatty|Fake Out|p2a: Gholdengo\n|-immune|p2a: Gholdengo\n|\n|upkeep\n|turn|16\n|\n|t:|1700771747\n|move|p1a: Delcatty|Thunder Wave|p2a: Gholdengo\n|-immune|p2a: Gholdengo|[from] ability: Good as Gold\n|move|p2a: Gholdengo|Make It Rain|p1a: Delcatty\n|-damage|p1a: Delcatty|0 fnt\n|-unboost|p2a: Gholdengo|spa|1\n|faint|p1a: Delcatty\n|\n|upkeep\n|\n|t:|1700771751\n|switch|p1a: Manectric|Manectric, F, shiny|100\/100\n|-damage|p1a: Manectric|88\/100|[from] Stealth Rock\n|-ability|p1a: Manectric|Intimidate|boost\n|-unboost|p2a: Gholdengo|atk|1\n|turn|17\n|\n|t:|1700771765\n|switch|p2a: Gholdengo|Gholdengo|38\/100\n|detailschange|p1a: Manectric|Manectric-Mega, F, shiny\n|-mega|p1a: Manectric|Manectric|Manectite\n|-ability|p1a: Manectric|Intimidate|boost\n|-unboost|p2a: Gholdengo|atk|1\n|move|p1a: Manectric|Overheat|p2a: Gholdengo\n|-damage|p2a: Gholdengo|0 fnt\n|-unboost|p1a: Manectric|spa|2\n|replace|p2a: Zoroark|Zoroark-Hisui, F\n|-end|p2a: Zoroark|Illusion\n|faint|p2a: Zoroark\n|\n|upkeep\n|\n|t:|1700771769\n|switch|p2a: Keldeo|Keldeo-Resolute|35\/100\n|turn|18\n|\n|t:|1700771775\n|move|p2a: Keldeo|Secret Sword|p1a: Manectric\n|-damage|p1a: Manectric|0 fnt\n|faint|p1a: Manectric\n|\n|upkeep\n|\n|t:|1700771781\n|switch|p1a: Crok|Crobat, F|100\/100\n|-damage|p1a: Crok|76\/100|[from] Stealth Rock\n|turn|19\n|\n|t:|1700771789\n|switch|p2a: Lucario|Lucario-Mega, F|14\/100\n|move|p1a: Crok|Brave Bird|p2a: Lucario\n|-damage|p2a: Lucario|0 fnt\n|faint|p2a: Lucario\n|-damage|p1a: Crok|72\/100|[from] Recoil\n|\n|upkeep\n|\n|t:|1700771792\n|switch|p2a: Keldeo|Keldeo-Resolute|35\/100\n|turn|20\n|\n|t:|1700771797\n|move|p2a: Keldeo|Surf|p1a: Crok\n|-crit|p1a: Crok\n|-damage|p1a: Crok|0 fnt\n|faint|p1a: Crok\n|\n|upkeep\n|\n|t:|1700771803\n|switch|p1a: Scizor|Scizor, F|100\/100\n|-damage|p1a: Scizor|88\/100|[from] Stealth Rock\n|turn|21\n|\n|t:|1700771808\n|move|p2a: Keldeo|Surf|p1a: Scizor\n|-damage|p1a: Scizor|43\/100\n|move|p1a: Scizor|Acrobatics|p2a: Keldeo\n|-supereffective|p2a: Keldeo\n|-damage|p2a: Keldeo|0 fnt\n|faint|p2a: Keldeo\n|\n|upkeep\n|\n|t:|1700771812\n|switch|p2a: Gholdengo|Gholdengo|100\/100\n|turn|22\n|\n|t:|1700771816\n|move|p2a: Gholdengo|Shadow Ball|p1a: Scizor\n|-damage|p1a: Scizor|12\/100\n|move|p1a: Scizor|Roost|p1a: Scizor\n|-heal|p1a: Scizor|62\/100\n|-singleturn|p1a: Scizor|move: Roost\n|\n|upkeep\n|turn|23\n|\n|t:|1700771824\n|move|p2a: Gholdengo|Nasty Plot|p2a: Gholdengo\n|-boost|p2a: Gholdengo|spa|2\n|move|p1a: Scizor|Roost|p1a: Scizor\n|-heal|p1a: Scizor|100\/100\n|-singleturn|p1a: Scizor|move: Roost\n|\n|upkeep\n|turn|24\n|\n|t:|1700771827\n|move|p2a: Gholdengo|Shadow Ball|p1a: Scizor\n|-damage|p1a: Scizor|34\/100\n|move|p1a: Scizor|Swords Dance|p1a: Scizor\n|-boost|p1a: Scizor|atk|2\n|\n|upkeep\n|turn|25\n|\n|t:|1700771835\n|move|p1a: Scizor|Bullet Punch|p2a: Gholdengo\n|-resisted|p2a: Gholdengo\n|-damage|p2a: Gholdengo|80\/100\n|move|p2a: Gholdengo|Shadow Ball|p1a: Scizor\n|-damage|p1a: Scizor|0 fnt\n|faint|p1a: Scizor\n|\n|-heal|p2a: Gholdengo|86\/100|[from] item: Leftovers\n|upkeep\n|\n|t:|1700771838\n|switch|p1a: Farfetch\u2019d|Farfetch\u2019d, F|100\/100\n|-damage|p1a: Farfetch\u2019d|88\/100|[from] Stealth Rock\n|-item|p2a: Gholdengo|Leftovers|[from] ability: Frisk|[of] p1a: Farfetch\u2019d|[identify]\n|turn|26\n|\n|t:|1700771844\n|move|p1a: Farfetch\u2019d|Leaf Blade|p2a: Gholdengo\n|-resisted|p2a: Gholdengo\n|-damage|p2a: Gholdengo|76\/100\n|move|p2a: Gholdengo|Make It Rain|p1a: Farfetch\u2019d\n|-crit|p1a: Farfetch\u2019d\n|-damage|p1a: Farfetch\u2019d|0 fnt\n|-unboost|p2a: Gholdengo|spa|1\n|faint|p1a: Farfetch\u2019d\n|\n|win|mudkipfan333\n","uploadtime":1700771852,"views":5,"p1id":"elohimyt08","p2id":"mudkipfan333","formatid":"gen9ubers","rating":0,"private":0,"password":""}