{"id":"radicalred-gen9ubers-543707","p1":"Clockset","p2":"ivancuervo2007","format":"[Gen 9] Ubers","log":"|j|\u2606Clockset\n|j|\u2606ivancuervo2007\n|t:|1699450201\n|gametype|singles\n|player|p1|Clockset|rr-mismagius|\n|player|p2|ivancuervo2007|rr-delphox|\n|teamsize|p1|6\n|teamsize|p2|6\n|gen|9\n|tier|[Gen 9] Ubers\n|rule|Sleep Clause Mod: Limit one foe put to sleep\n|rule|Species Clause: Limit one of each Pok\u00e9mon\n|rule|OHKO Clause: OHKO moves are banned\n|rule|Evasion Abilities Clause: Evasion abilities are banned\n|rule|Evasion Items Clause: Evasion items are banned\n|rule|Evasion Moves Clause: Evasion moves are banned\n|rule|Endless Battle Clause: Forcing endless battles is banned\n|rule|HP Percentage Mod: HP is shown in percentages\n|rule|Dynamax Clause: You cannot dynamax\n|rule|Mega Rayquaza Clause: You cannot mega evolve Rayquaza\n|clearpoke\n|poke|p1|Gengar, F|\n|poke|p1|Mismagius, M|\n|poke|p1|Spiritomb, F|\n|poke|p1|Aegislash, F|\n|poke|p1|Froslass, F|\n|poke|p1|Ribombee, M|\n|poke|p2|Metagross|\n|poke|p2|Empoleon, F|\n|poke|p2|Melmetal|\n|poke|p2|Greninja-*, M|\n|poke|p2|Krookodile, M|\n|poke|p2|Persian-Alola, F|\n|teampreview\n|\n|t:|1699450238\n|start\n|switch|p1a: Boff|Ribombee, M, shiny|100\/100\n|switch|p2a: JoJo|Melmetal|100\/100\n|turn|1\n|\n|t:|1699450280\n|move|p1a: Boff|Quiver Dance|p1a: Boff\n|-boost|p1a: Boff|spa|1\n|-boost|p1a: Boff|spd|1\n|-boost|p1a: Boff|spe|1\n|move|p2a: JoJo|Double Iron Bash|p1a: Boff\n|-supereffective|p1a: Boff\n|-damage|p1a: Boff|0 fnt\n|faint|p1a: Boff\n|-hitcount|p1: Boff|1\n|\n|upkeep\n|\n|t:|1699450293\n|switch|p1a: Parrple gay|Mismagius, M|100\/100\n|turn|2\n|\n|t:|1699450309\n|move|p1a: Parrple gay|Mystical Fire|p2a: JoJo\n|-supereffective|p2a: JoJo\n|-damage|p2a: JoJo|64\/100\n|-unboost|p2a: JoJo|spa|1\n|move|p2a: JoJo|Double Iron Bash|p1a: Parrple gay\n|-supereffective|p1a: Parrple gay\n|-damage|p1a: Parrple gay|0 fnt\n|faint|p1a: Parrple gay\n|-hitcount|p1: Parrple gay|1\n|\n|upkeep\n|\n|t:|1699450350\n|switch|p1a: Pavlo|Aegislash, F, shiny|100\/100\n|turn|3\n|\n|t:|1699450358\n|-formechange|p1a: Pavlo|Aegislash-Blade||[from] ability: Stance Change\n|move|p1a: Pavlo|Sacred Sword|p2a: JoJo\n|-supereffective|p2a: JoJo\n|-damage|p2a: JoJo|30\/100\n|move|p2a: JoJo|Earthquake|p1a: Pavlo\n|-supereffective|p1a: Pavlo\n|-damage|p1a: Pavlo|0 fnt\n|faint|p1a: Pavlo\n|\n|upkeep\n|\n|t:|1699450377\n|switch|p1a: Ballin|Froslass, F, shiny|100\/100\n|turn|4\n|inactive|Battle timer is ON: inactive players will automatically lose when time's up. (requested by Clockset)\n|\n|t:|1699450404\n|move|p1a: Ballin|Wake-Up Slap|p2a: JoJo\n|-supereffective|p2a: JoJo\n|-damage|p2a: JoJo|4\/100\n|-damage|p1a: Ballin|91\/100|[from] item: Life Orb\n|move|p2a: JoJo|Double Iron Bash|p1a: Ballin\n|-supereffective|p1a: Ballin\n|-damage|p1a: Ballin|0 fnt\n|faint|p1a: Ballin\n|-hitcount|p1: Ballin|1\n|\n|upkeep\n|inactiveoff|Battle timer is now OFF.\n|\n|t:|1699450418\n|switch|p1a: I always kum back|Gengar, F, shiny|100\/100\n|turn|5\n|\n|t:|1699450436\n|detailschange|p1a: I always kum back|Gengar-Mega, F, shiny\n|-mega|p1a: I always kum back|Gengar|Gengarite\n|move|p1a: I always kum back|Energy Ball|p2a: JoJo\n|-resisted|p2a: JoJo\n|-damage|p2a: JoJo|0 fnt\n|faint|p2a: JoJo\n|\n|upkeep\n|\n|t:|1699450446\n|switch|p2a: Alpha|Metagross, shiny|100\/100\n|turn|6\n|\n|t:|1699450517\n|detailschange|p2a: Alpha|Metagross-Mega, shiny\n|-mega|p2a: Alpha|Metagross|Metagrossite\n|move|p1a: I always kum back|Shadow Ball|p2a: Alpha\n|-supereffective|p2a: Alpha\n|-crit|p2a: Alpha\n|-damage|p2a: Alpha|0 fnt\n|faint|p2a: Alpha\n|\n|upkeep\n|\n|t:|1699450533\n|switch|p2a: Punk|Krookodile, M|100\/100\n|turn|7\n|\n|t:|1699450552\n|move|p2a: Punk|Wicked Blow|p1a: I always kum back\n|-supereffective|p1a: I always kum back\n|-crit|p1a: I always kum back\n|-damage|p1a: I always kum back|0 fnt\n|faint|p1a: I always kum back\n|-ability|p2a: Punk|Moxie|boost\n|-boost|p2a: Punk|atk|1\n|\n|upkeep\n|\n|t:|1699450560\n|switch|p1a: 2 Trucks sex|Spiritomb, F, shiny|100\/100\n|-ability|p1a: 2 Trucks sex|Intimidate|boost\n|-unboost|p2a: Punk|atk|1\n|turn|8\n|\n|t:|1699450570\n|move|p2a: Punk|Wicked Blow|p1a: 2 Trucks sex\n|-crit|p1a: 2 Trucks sex\n|-damage|p1a: 2 Trucks sex|38\/100\n|move|p1a: 2 Trucks sex|Silver Wind|p2a: Punk\n|-supereffective|p2a: Punk\n|-damage|p2a: Punk|52\/100\n|\n|upkeep\n|turn|9\n|\n|t:|1699450581\n|move|p2a: Punk|Wicked Blow|p1a: 2 Trucks sex\n|-crit|p1a: 2 Trucks sex\n|-damage|p1a: 2 Trucks sex|0 fnt\n|faint|p1a: 2 Trucks sex\n|\n|win|ivancuervo2007\n|l|\u2606Clockset\n","uploadtime":1699450587,"views":5,"p1id":"clockset","p2id":"ivancuervo2007","formatid":"gen9ubers","rating":0,"private":0,"password":""}