{"id":"radicalred-gen9ubers-541134","p1":"ivancuervo2007","p2":"axelzzz09","format":"[Gen 9] Ubers","log":"|j|\u2606ivancuervo2007\n|j|\u2606axelzzz09\n|t:|1698861710\n|gametype|singles\n|player|p1|ivancuervo2007|rr-delphox|\n|player|p2|axelzzz09|rr-garchompmega|\n|teamsize|p1|6\n|teamsize|p2|6\n|gen|9\n|tier|[Gen 9] Ubers\n|rule|Sleep Clause Mod: Limit one foe put to sleep\n|rule|Species Clause: Limit one of each Pok\u00e9mon\n|rule|OHKO Clause: OHKO moves are banned\n|rule|Evasion Abilities Clause: Evasion abilities are banned\n|rule|Evasion Items Clause: Evasion items are banned\n|rule|Evasion Moves Clause: Evasion moves are banned\n|rule|Endless Battle Clause: Forcing endless battles is banned\n|rule|HP Percentage Mod: HP is shown in percentages\n|rule|Dynamax Clause: You cannot dynamax\n|rule|Mega Rayquaza Clause: You cannot mega evolve Rayquaza\n|clearpoke\n|poke|p1|Gallade, M|\n|poke|p1|Krookodile, F|\n|poke|p1|Metagross|\n|poke|p1|Moltres-Galar|\n|poke|p1|Slowbro-Galar, M|\n|poke|p1|Greninja-*, M|\n|poke|p2|Volcarona, M|\n|poke|p2|Garchomp, F|\n|poke|p2|Ceruledge, M|\n|poke|p2|Azumarill, M|\n|poke|p2|Metagross|\n|poke|p2|Garganacl, M|\n|teampreview\n|c|\u2606axelzzz09|xd estoy seguro que antes era un sloking\n|\n|t:|1698861737\n|start\n|switch|p1a: Qiky|Slowbro-Galar, M|100\/100\n|switch|p2a: Garganacl|Garganacl, M|100\/100\n|turn|1\n|j| xleontdx\n|\n|t:|1698861751\n|switch|p1a: Punk|Krookodile, F|100\/100\n|move|p2a: Garganacl|Stealth Rock|p1a: Punk\n|-sidestart|p1: ivancuervo2007|move: Stealth Rock\n|\n|upkeep\n|turn|2\n|\n|t:|1698861758\n|move|p1a: Punk|Earthquake|p2a: Garganacl\n|-supereffective|p2a: Garganacl\n|-damage|p2a: Garganacl|28\/100\n|move|p2a: Garganacl|Salt Cure|p1a: Punk\n|-resisted|p1a: Punk\n|-damage|p1a: Punk|92\/100\n|-start|p1a: Punk|Salt Cure\n|\n|-heal|p2a: Garganacl|35\/100|[from] item: Leftovers\n|-damage|p1a: Punk|80\/100|[from] Salt Cure\n|upkeep\n|turn|3\n|\n|t:|1698861769\n|move|p1a: Punk|Earthquake|p2a: Garganacl\n|-supereffective|p2a: Garganacl\n|-damage|p2a: Garganacl|0 fnt\n|faint|p2a: Garganacl\n|-ability|p1a: Punk|Moxie|boost\n|-boost|p1a: Punk|atk|1\n|\n|-damage|p1a: Punk|68\/100|[from] Salt Cure\n|upkeep\n|\n|t:|1698861784\n|switch|p2a: Azumarill|Azumarill, M|100\/100\n|turn|4\n|\n|t:|1698861792\n|move|p1a: Punk|Earthquake|p2a: Azumarill\n|-crit|p2a: Azumarill\n|-damage|p2a: Azumarill|0 fnt\n|faint|p2a: Azumarill\n|-ability|p1a: Punk|Moxie|boost\n|-boost|p1a: Punk|atk|1\n|\n|-damage|p1a: Punk|55\/100|[from] Salt Cure\n|upkeep\n|c|\u2606axelzzz09|no jodas\n|j| Stuffity\n|\n|t:|1698861802\n|switch|p2a: Ceruledge|Ceruledge, M|100\/100\n|turn|5\n|\n|t:|1698861813\n|move|p1a: Punk|Earthquake|p2a: Ceruledge\n|-supereffective|p2a: Ceruledge\n|-enditem|p2a: Ceruledge|Focus Sash\n|-damage|p2a: Ceruledge|1\/100\n|-ability|p2a: Ceruledge|Weak Armor|boost\n|-unboost|p2a: Ceruledge|def|1\n|-boost|p2a: Ceruledge|spe|2\n|move|p2a: Ceruledge|Swords Dance|p2a: Ceruledge\n|-boost|p2a: Ceruledge|atk|2\n|\n|-damage|p1a: Punk|43\/100|[from] Salt Cure\n|upkeep\n|turn|6\n|c|\u2606axelzzz09|ya se debe morir\n|\n|t:|1698861825\n|move|p2a: Ceruledge|Bitter Blade|p1a: Punk\n|-damage|p1a: Punk|0 fnt\n|-heal|p2a: Ceruledge|25\/100|[from] drain|[of] p1a: Punk\n|faint|p1a: Punk\n|\n|upkeep\n|\n|t:|1698861835\n|switch|p1a: Gekoga|Greninja, M|100\/100\n|-damage|p1a: Gekoga|88\/100|[from] Stealth Rock\n|turn|7\n|\n|t:|1698861840\n|switch|p2a: Metagross|Metagross|100\/100\n|move|p1a: Gekoga|Water Shuriken|p2a: Metagross\n|-damage|p2a: Metagross|93\/100\n|-damage|p2a: Metagross|84\/100\n|-damage|p2a: Metagross|75\/100\n|-damage|p2a: Metagross|67\/100\n|-damage|p2a: Metagross|59\/100\n|-hitcount|p2a: Metagross|5\n|-damage|p1a: Gekoga|78\/100|[from] item: Life Orb\n|\n|-heal|p2a: Metagross|65\/100|[from] item: Leftovers\n|upkeep\n|turn|8\n|\n|t:|1698861856\n|move|p1a: Gekoga|Dark Pulse|p2a: Metagross\n|-supereffective|p2a: Metagross\n|-damage|p2a: Metagross|0 fnt\n|faint|p2a: Metagross\n|-activate|p1a: Gekoga|ability: Battle Bond\n|detailschange|p1a: Gekoga|Greninja-Ash, M\n|-damage|p1a: Gekoga|69\/100|[from] item: Life Orb\n|\n|upkeep\n|c|\u2606axelzzz09|ptm\n|\n|t:|1698861865\n|switch|p2a: Garchomp|Garchomp, F|100\/100\n|turn|9\n|\n|t:|1698861870\n|detailschange|p2a: Garchomp|Garchomp-Mega, F\n|-mega|p2a: Garchomp|Garchomp|Garchompite\n|move|p1a: Gekoga|Ice Beam|p2a: Garchomp\n|-supereffective|p2a: Garchomp\n|-damage|p2a: Garchomp|0 fnt\n|faint|p2a: Garchomp\n|-damage|p1a: Gekoga|59\/100|[from] item: Life Orb\n|\n|upkeep\n|c| Stuffity|est\u00e1s jodido\n|\n|t:|1698861878\n|switch|p2a: Volcarona|Volcarona, M|100\/100\n|turn|10\n|\n|t:|1698861884\n|move|p1a: Gekoga|Surf|p2a: Volcarona\n|-supereffective|p2a: Volcarona\n|-damage|p2a: Volcarona|0 fnt\n|faint|p2a: Volcarona\n|-damage|p1a: Gekoga|49\/100|[from] item: Life Orb\n|\n|upkeep\n|\n|t:|1698861890\n|switch|p2a: Ceruledge|Ceruledge, M|25\/100\n|turn|11\n|\n|t:|1698861895\n|move|p1a: Gekoga|Water Shuriken|p2a: Ceruledge\n|-supereffective|p2a: Ceruledge\n|-damage|p2a: Ceruledge|0 fnt\n|faint|p2a: Ceruledge\n|-hitcount|p2: Ceruledge|1\n|-damage|p1a: Gekoga|39\/100|[from] item: Life Orb\n|\n|win|ivancuervo2007\n|c|\u2606ivancuervo2007|Gg\n","uploadtime":1698861907,"views":17,"p1id":"ivancuervo2007","p2id":"axelzzz09","formatid":"gen9ubers","rating":0,"private":0,"password":""}