{"id":"radicalred-gen9ubers-538046","p1":"axelzzz09","p2":"Heidhall","format":"[Gen 9] Ubers","log":"|j|\u2606axelzzz09\n|j|\u2606Heidhall\n|t:|1698349317\n|gametype|singles\n|player|p1|axelzzz09|rr-garchompmega|\n|player|p2|Heidhall|rr-tyranitar|\n|teamsize|p1|6\n|teamsize|p2|6\n|gen|9\n|tier|[Gen 9] Ubers\n|rule|Sleep Clause Mod: Limit one foe put to sleep\n|rule|Species Clause: Limit one of each Pok\u00e9mon\n|rule|OHKO Clause: OHKO moves are banned\n|rule|Evasion Abilities Clause: Evasion abilities are banned\n|rule|Evasion Items Clause: Evasion items are banned\n|rule|Evasion Moves Clause: Evasion moves are banned\n|rule|Endless Battle Clause: Forcing endless battles is banned\n|rule|HP Percentage Mod: HP is shown in percentages\n|rule|Dynamax Clause: You cannot dynamax\n|rule|Mega Rayquaza Clause: You cannot mega evolve Rayquaza\n|clearpoke\n|poke|p1|Garchomp, M|\n|poke|p1|Kingambit, F|\n|poke|p1|Volcarona, M|\n|poke|p1|Arctovish|\n|poke|p1|Ninetales-Alola, F|\n|poke|p1|Machamp, M|\n|poke|p2|Zebstrika-Sevii, F|\n|poke|p2|Tapu Koko|\n|poke|p2|Manectric, F|\n|poke|p2|Galvantula, F|\n|poke|p2|Forretress, F|\n|poke|p2|Centiskorch-Sevii, M|\n|teampreview\n|\n|t:|1698349335\n|start\n|switch|p1a: Garchomp|Garchomp, M|100\/100\n|switch|p2a: Manectric|Manectric, F|100\/100\n|-ability|p2a: Manectric|Intimidate|boost\n|-unboost|p1a: Garchomp|atk|1\n|turn|1\n|c|\u2606axelzzz09|xd mas facil imposible\n|\n|t:|1698349343\n|detailschange|p2a: Manectric|Manectric-Mega, F\n|-mega|p2a: Manectric|Manectric|Manectite\n|-ability|p2a: Manectric|Intimidate|boost\n|-unboost|p1a: Garchomp|atk|1\n|move|p2a: Manectric|Hidden Power|p1a: Garchomp\n|-supereffective|p1a: Garchomp\n|-damage|p1a: Garchomp|26\/100\n|move|p1a: Garchomp|Stealth Rock|p2a: Manectric\n|-sidestart|p2: Heidhall|move: Stealth Rock\n|\n|upkeep\n|turn|2\n|\n|t:|1698349356\n|move|p2a: Manectric|Thunderbolt|p1a: Garchomp\n|-immune|p1a: Garchomp\n|move|p1a: Garchomp|Earthquake|p2a: Manectric\n|-supereffective|p2a: Manectric\n|-damage|p2a: Manectric|34\/100\n|\n|upkeep\n|turn|3\n|\n|t:|1698349362\n|move|p2a: Manectric|Hidden Power|p1a: Garchomp\n|-supereffective|p1a: Garchomp\n|-damage|p1a: Garchomp|0 fnt\n|faint|p1a: Garchomp\n|\n|upkeep\n|\n|t:|1698349370\n|switch|p1a: Ninetales|Ninetales-Alola, F|100\/100\n|-weather|Snow|[from] ability: Snow Warning|[of] p1a: Ninetales\n|turn|4\n|\n|t:|1698349374\n|move|p2a: Manectric|Overheat|p1a: Ninetales\n|-supereffective|p1a: Ninetales\n|-damage|p1a: Ninetales|0 fnt\n|-unboost|p2a: Manectric|spa|2\n|faint|p1a: Ninetales\n|\n|-weather|Snow|[upkeep]\n|upkeep\n|\n|t:|1698349382\n|switch|p1a: Arctovish|Arctovish|100\/100\n|turn|5\n|c|\u2606Heidhall|No te la esperaba ,no?\n|\n|t:|1698349396\n|switch|p2a: Forretress|Forretress, F|100\/100\n|-damage|p2a: Forretress|88\/100|[from] Stealth Rock\n|move|p1a: Arctovish|Fishious Rend|p2a: Forretress\n|-damage|p2a: Forretress|34\/100\n|-enditem|p2a: Forretress|Red Card|[of] p1a: Arctovish\n|drag|p1a: Volcarona|Volcarona, M|100\/100\n|\n|-weather|Snow|[upkeep]\n|upkeep\n|turn|6\n|c|\u2606axelzzz09|la verdad ninetales no sirve para nada\n|\n|t:|1698349409\n|move|p1a: Volcarona|Quiver Dance|p1a: Volcarona\n|-boost|p1a: Volcarona|spa|1\n|-boost|p1a: Volcarona|spd|1\n|-boost|p1a: Volcarona|spe|1\n|move|p2a: Forretress|Rapid Spin|p1a: Volcarona\n|-damage|p1a: Volcarona|87\/100\n|-boost|p2a: Forretress|spe|1\n|-sideend|p2: Heidhall|Stealth Rock|[from] move: Rapid Spin|[of] p2a: Forretress\n|\n|-weather|Snow|[upkeep]\n|upkeep\n|turn|7\n|c|\u2606axelzzz09|ademas tengo a mi volca\n|\n|t:|1698349419\n|move|p1a: Volcarona|Quiver Dance|p1a: Volcarona\n|-boost|p1a: Volcarona|spa|1\n|-boost|p1a: Volcarona|spd|1\n|-boost|p1a: Volcarona|spe|1\n|move|p2a: Forretress|Stealth Rock|p1a: Volcarona\n|-sidestart|p1: axelzzz09|move: Stealth Rock\n|\n|-weather|Snow|[upkeep]\n|upkeep\n|turn|8\n|\n|t:|1698349427\n|move|p1a: Volcarona|Quiver Dance|p1a: Volcarona\n|-boost|p1a: Volcarona|spa|1\n|-boost|p1a: Volcarona|spd|1\n|-boost|p1a: Volcarona|spe|1\n|move|p2a: Forretress|Volt Switch|p1a: Volcarona\n|-damage|p1a: Volcarona|82\/100\n|\n|t:|1698349434\n|switch|p2a: Galvantula|Galvantula, F|100\/100|[from] Volt Switch\n|\n|-weather|Snow|[upkeep]\n|upkeep\n|turn|9\n|c|\u2606axelzzz09|que se volvio un gran problema para tu\n|\n|t:|1698349440\n|move|p1a: Volcarona|Fiery Dance|p2a: Galvantula\n|-supereffective|p2a: Galvantula\n|-enditem|p2a: Galvantula|Focus Sash\n|-damage|p2a: Galvantula|1\/100\n|move|p2a: Galvantula|Thunder Wave|p1a: Volcarona\n|-status|p1a: Volcarona|par\n|\n|-weather|Snow|[upkeep]\n|upkeep\n|turn|10\n|c|\u2606axelzzz09|xdddd\n|\n|t:|1698349450\n|move|p1a: Volcarona|Fiery Dance|p2a: Galvantula\n|-supereffective|p2a: Galvantula\n|-damage|p2a: Galvantula|0 fnt\n|-boost|p1a: Volcarona|spa|1\n|faint|p2a: Galvantula\n|\n|-weather|Snow|[upkeep]\n|upkeep\n|\n|t:|1698349465\n|switch|p2a: Tapu Koko|Tapu Koko|100\/100\n|-fieldstart|move: Electric Terrain|[from] ability: Electric Surge|[of] p2a: Tapu Koko\n|turn|11\n|\n|t:|1698349470\n|move|p1a: Volcarona|Fiery Dance|p2a: Tapu Koko\n|-damage|p2a: Tapu Koko|0 fnt\n|faint|p2a: Tapu Koko\n|\n|-weather|none\n|upkeep\n|c|\u2606axelzzz09|xddddd\n|\n|t:|1698349478\n|switch|p2a: Manectric|Manectric-Mega, F|34\/100\n|-ability|p2a: Manectric|Intimidate|boost\n|-unboost|p1a: Volcarona|atk|1\n|turn|12\n|c|\u2606axelzzz09|subio mas ataque especial\n|\n|t:|1698349487\n|move|p1a: Volcarona|Fiery Dance|p2a: Manectric\n|-damage|p2a: Manectric|0 fnt\n|-boost|p1a: Volcarona|spa|1\n|faint|p2a: Manectric\n|\n|upkeep\n|\n|t:|1698349494\n|switch|p2a: Centiskorch|Centiskorch-Sevii, M|100\/100\n|-ability|p2a: Centiskorch|Mold Breaker\n|turn|13\n|\n|t:|1698349499\n|move|p1a: Volcarona|Fiery Dance|p2a: Centiskorch\n|-supereffective|p2a: Centiskorch\n|-damage|p2a: Centiskorch|0 fnt\n|-boost|p1a: Volcarona|spa|1\n|faint|p2a: Centiskorch\n|\n|upkeep\n|\n|t:|1698349506\n|switch|p2a: Forretress|Forretress, F|34\/100\n|turn|14\n|c|\u2606axelzzz09|deberia llamar a una ambulancia\n|\n|t:|1698349511\n|cant|p1a: Volcarona|par\n|move|p2a: Forretress|Volt Switch|p1a: Volcarona\n|-damage|p1a: Volcarona|76\/100 par\n|c|\u2606axelzzz09|xddddd\n|\n|t:|1698349517\n|switch|p2a: Zebstrika|Zebstrika-Sevii, F|100\/100|[from] Volt Switch\n|\n|upkeep\n|turn|15\n|\n|t:|1698349522\n|cant|p1a: Volcarona|par\n|move|p2a: Zebstrika|Thunderbolt|p1a: Volcarona\n|-damage|p1a: Volcarona|44\/100 par\n|\n|-fieldend|move: Electric Terrain\n|upkeep\n|turn|16\n|\n|t:|1698349529\n|move|p1a: Volcarona|Fiery Dance|p2a: Zebstrika\n|-supereffective|p2a: Zebstrika\n|-damage|p2a: Zebstrika|0 fnt\n|faint|p2a: Zebstrika\n|\n|upkeep\n|c|\u2606axelzzz09|ya gane bro\n|c|\u2606axelzzz09|buena pelea\n|c|\u2606Heidhall|Buen hecho\n|\n|t:|1698349543\n|switch|p2a: Forretress|Forretress, F|34\/100\n|turn|17\n|c|\u2606axelzzz09|bien*\n|\n|t:|1698349561\n|move|p1a: Volcarona|Fiery Dance|p2a: Forretress\n|-supereffective|p2a: Forretress\n|-damage|p2a: Forretress|0 fnt\n|faint|p2a: Forretress\n|\n|win|axelzzz09\n","uploadtime":1698349568,"views":11,"p1id":"axelzzz09","p2id":"heidhall","formatid":"gen9ubers","rating":0,"private":0,"password":""}