{"id":"radicalred-gen9ubers-546088","p1":"Kiritsune","p2":"LUWITE","format":"[Gen 9] Ubers","log":"|j|\u2606Kiritsune\n|j|\u2606LUWITE\n|t:|1699914618\n|gametype|singles\n|player|p1|Kiritsune|101|\n|player|p2|LUWITE|rr-quaxly|\n|teamsize|p1|6\n|teamsize|p2|6\n|gen|9\n|tier|[Gen 9] Ubers\n|rule|Sleep Clause Mod: Limit one foe put to sleep\n|rule|Species Clause: Limit one of each Pok\u00e9mon\n|rule|OHKO Clause: OHKO moves are banned\n|rule|Evasion Abilities Clause: Evasion abilities are banned\n|rule|Evasion Items Clause: Evasion items are banned\n|rule|Evasion Moves Clause: Evasion moves are banned\n|rule|Endless Battle Clause: Forcing endless battles is banned\n|rule|HP Percentage Mod: HP is shown in percentages\n|rule|Dynamax Clause: You cannot dynamax\n|rule|Mega Rayquaza Clause: You cannot mega evolve Rayquaza\n|clearpoke\n|poke|p1|Tentacruel, M|\n|poke|p1|Sandaconda, F|\n|poke|p1|Goodra-Hisui, F|\n|poke|p1|Zoroark-Hisui, F|\n|poke|p1|Darmanitan-Galar, M|\n|poke|p1|Electrode-Hisui|\n|poke|p2|Volcanion|\n|poke|p2|Slither Wing|\n|poke|p2|Roaring Moon|\n|poke|p2|Torkoal, M|\n|poke|p2|Delphox, F|\n|poke|p2|Grapploct, M|\n|teampreview\n|c|\u2606Kiritsune|glhf\n|c|\u2606LUWITE|same to zou\n|c|\u2606Kiritsune|if u used over5 minutes to build u got this\n|c|\u2606LUWITE|nou\n|\n|t:|1699914680\n|start\n|switch|p1a: Sandaconda|Sandaconda, F|100\/100\n|switch|p2a: Coal|Torkoal, M|100\/100\n|-weather|SunnyDay|[from] ability: Drought|[of] p2a: Coal\n|turn|1\n|c|\u2606LUWITE|Wait is this what I think it is\n|c|\u2606LUWITE|Big brain\n|c|\u2606Kiritsune|yes its horo\n|c|\u2606LUWITE|oh\n|c|\u2606LUWITE|thats not what I thought\n|c|\u2606LUWITE|sad\n|\n|t:|1699914749\n|move|p1a: Sandaconda|Hyper Voice|p2a: Coal\n|-damage|p2a: Coal|36\/100\n|move|p2a: Coal|Yawn|p1a: Sandaconda\n|-start|p1a: Sandaconda|move: Yawn|[of] p2a: Coal\n|\n|-weather|SunnyDay|[upkeep]\n|upkeep\n|turn|2\n|\n|t:|1699914776\n|switch|p1a: Sandaconda|Sandaconda, F|100\/100\n|switch|p2a: Octodad|Grapploct, M|100\/100\n|\n|-weather|SunnyDay|[upkeep]\n|upkeep\n|turn|3\n|\n|t:|1699914826\n|move|p1a: Sandaconda|Glare|p2a: Octodad\n|-status|p2a: Octodad|par\n|cant|p2a: Octodad|par\n|\n|-weather|SunnyDay|[upkeep]\n|upkeep\n|turn|4\n|c|\u2606LUWITE|Ofc\n|\n|t:|1699914845\n|move|p1a: Sandaconda|Stealth Rock|p2a: Octodad\n|-sidestart|p2: LUWITE|move: Stealth Rock\n|move|p2a: Octodad|Flip Turn|p1a: Sandaconda\n|-supereffective|p1a: Sandaconda\n|-damage|p1a: Sandaconda|72\/100\n|-damage|p2a: Octodad|84\/100 par|[from] item: Rocky Helmet|[of] p1a: Sandaconda\n|-weather|Sandstorm|[from] ability: Sand Spit|[of] p1a: Sandaconda\n|c|\u2606LUWITE|nice it was sand spit\n|\n|t:|1699914864\n|switch|p2a: Derp|Volcanion|100\/100|[from] Flip Turn\n|\n|-weather|Sandstorm|[upkeep]\n|-damage|p2a: Derp|94\/100|[from] Sandstorm\n|upkeep\n|turn|5\n|c|\u2606Kiritsune|sand spit is so funny here\n|\n|t:|1699914902\n|switch|p1a: Goodra|Goodra-Hisui, F|100\/100\n|move|p2a: Derp|Hydro Steam|p1a: Goodra\n|-resisted|p1a: Goodra\n|-damage|p1a: Goodra|90\/100\n|\n|-weather|Sandstorm|[upkeep]\n|-damage|p2a: Derp|88\/100|[from] Sandstorm\n|-heal|p1a: Goodra|96\/100|[from] item: Leftovers\n|upkeep\n|turn|6\n|\n|t:|1699914952\n|move|p1a: Goodra|Wish|p1a: Goodra\n|move|p2a: Derp|Body Press|p1a: Goodra\n|-supereffective|p1a: Goodra\n|-damage|p1a: Goodra|38\/100\n|\n|-weather|Sandstorm|[upkeep]\n|-damage|p2a: Derp|82\/100|[from] Sandstorm\n|-heal|p1a: Goodra|44\/100|[from] item: Leftovers\n|upkeep\n|turn|7\n|c|\u2606LUWITE|What is this set\n|\n|t:|1699915020\n|switch|p1a: Sandaconda|Sandaconda, F|72\/100\n|move|p2a: Derp|Earth Power|p1a: Sandaconda\n|-damage|p1a: Sandaconda|40\/100\n|-unboost|p1a: Sandaconda|spd|1\n|\n|-weather|Sandstorm|[upkeep]\n|-damage|p2a: Derp|76\/100|[from] Sandstorm\n|-heal|p1a: Sandaconda|92\/100|[from] move: Wish|[wisher] Goodra\n|upkeep\n|turn|8\n|c|\u2606LUWITE|op\n|\n|t:|1699915057\n|switch|p1a: Tentacruel|Tentacruel, M|100\/100\n|move|p2a: Derp|Hydro Steam|p1a: Tentacruel\n|-resisted|p1a: Tentacruel\n|-damage|p1a: Tentacruel|94\/100\n|\n|-weather|none\n|upkeep\n|turn|9\n|\n|t:|1699915066\n|switch|p2a: Octodad|Grapploct, M|84\/100 par\n|-damage|p2a: Octodad|78\/100 par|[from] Stealth Rock\n|move|p1a: Tentacruel|Sludge Bomb|p2a: Octodad\n|-damage|p2a: Octodad|53\/100 par\n|\n|upkeep\n|turn|10\n|\n|t:|1699915078\n|move|p1a: Tentacruel|Flip Turn|p2a: Octodad\n|-resisted|p2a: Octodad\n|-damage|p2a: Octodad|44\/100 par\n|\n|t:|1699915082\n|switch|p1a: Sandaconda|Sandaconda, F|92\/100|[from] Flip Turn\n|move|p2a: Octodad|Brutal Swing|p1a: Sandaconda\n|-damage|p1a: Sandaconda|71\/100\n|-damage|p2a: Octodad|27\/100 par|[from] item: Rocky Helmet|[of] p1a: Sandaconda\n|-weather|Sandstorm|[from] ability: Sand Spit|[of] p1a: Sandaconda\n|\n|-weather|Sandstorm|[upkeep]\n|-damage|p2a: Octodad|21\/100 par|[from] Sandstorm\n|upkeep\n|turn|11\n|\n|t:|1699915095\n|move|p1a: Sandaconda|Body Press|p2a: Octodad\n|-damage|p2a: Octodad|0 fnt\n|faint|p2a: Octodad\n|\n|-weather|Sandstorm|[upkeep]\n|upkeep\n|\n|t:|1699915145\n|switch|p2a: Foxie|Delphox, F|100\/100\n|turn|12\n|\n|t:|1699915214\n|switch|p1a: Goodra|Goodra-Hisui, F|44\/100\n|move|p2a: Foxie|Nasty Plot|p2a: Foxie\n|-boost|p2a: Foxie|spa|2\n|\n|-weather|Sandstorm|[upkeep]\n|-heal|p1a: Goodra|50\/100|[from] item: Leftovers\n|upkeep\n|turn|13\n|c|\u2606Kiritsune|yikers\n|c|\u2606LUWITE|fr\n|\n|t:|1699915287\n|move|p2a: Foxie|Flame Charge|p1a: Goodra\n|-damage|p1a: Goodra|38\/100\n|-boost|p2a: Foxie|spe|1\n|move|p1a: Goodra|Dragon Hammer|p2a: Foxie\n|-damage|p2a: Foxie|39\/100\n|\n|-weather|Sandstorm|[upkeep]\n|-heal|p1a: Goodra|44\/100|[from] item: Leftovers\n|upkeep\n|turn|14\n|c|\u2606LUWITE|w-\n|\n|t:|1699915316\n|move|p2a: Foxie|Mind Blown|p1a: Goodra\n|-damage|p1a: Goodra|0 fnt\n|faint|p1a: Goodra\n|\n|-weather|none\n|upkeep\n|c|\u2606LUWITE|bros got attack\n|\n|t:|1699915323\n|switch|p1a: Darmanitan|Darmanitan-Galar, M|100\/100\n|-activate|p1a: Darmanitan|ability: Zen Mode\n|detailschange|p1a: Darmanitan|Darmanitan-Galar-Zen, M\n|turn|15\n|\n|t:|1699915361\n|move|p1a: Darmanitan|Earthquake|p2a: Foxie\n|-supereffective|p2a: Foxie\n|-damage|p2a: Foxie|0 fnt\n|faint|p2a: Foxie\n|\n|upkeep\n|c|\u2606Kiritsune|the good set\n|\n|t:|1699915424\n|switch|p2a: Idk|Slither Wing|100\/100\n|-damage|p2a: Idk|88\/100|[from] Stealth Rock\n|turn|16\n|\n|t:|1699915483\n|switch|p1a: Darmanitan|Darmanitan-Galar-Zen, M|100\/100\n|move|p2a: Idk|Flame Charge|p1a: Darmanitan\n|-damage|p1a: Darmanitan|68\/100\n|-boost|p2a: Idk|spe|1\n|replace|p1a: Zoroark|Zoroark-Hisui, F\n|-end|p1a: Zoroark|Illusion\n|\n|upkeep\n|turn|17\n|c|\u2606LUWITE|ayo\n|c|\u2606LUWITE|~~2 garm~~\n|c|\u2606LUWITE|Oh\n|c|\u2606LUWITE|I realize why this hit so much\n|c|\u2606LUWITE|the stupid illusion buff\n|c|\u2606Kiritsune|ye\n|\n|t:|1699915586\n|switch|p1a: Sandaconda|Sandaconda, F|71\/100\n|move|p2a: Idk|Wild Charge|p1a: Sandaconda\n|-immune|p1a: Sandaconda\n|\n|upkeep\n|turn|18\n|\n|t:|1699915609\n|move|p2a: Idk|Close Combat|p1a: Sandaconda\n|-damage|p1a: Sandaconda|26\/100\n|-unboost|p2a: Idk|def|1\n|-unboost|p2a: Idk|spd|1\n|-damage|p2a: Idk|72\/100|[from] item: Rocky Helmet|[of] p1a: Sandaconda\n|-weather|Sandstorm|[from] ability: Sand Spit|[of] p1a: Sandaconda\n|move|p1a: Sandaconda|Glare|p2a: Idk\n|-status|p2a: Idk|par\n|\n|-weather|Sandstorm|[upkeep]\n|-damage|p2a: Idk|66\/100 par|[from] Sandstorm\n|upkeep\n|turn|19\n|\n|t:|1699915630\n|move|p1a: Sandaconda|Body Press|p2a: Idk\n|-resisted|p2a: Idk\n|-damage|p2a: Idk|43\/100 par\n|move|p2a: Idk|Leech Life|p1a: Sandaconda\n|-damage|p1a: Sandaconda|0 fnt\n|-heal|p2a: Idk|57\/100 par|[from] drain|[of] p1a: Sandaconda\n|-damage|p2a: Idk|41\/100 par|[from] item: Rocky Helmet|[of] p1a: Sandaconda\n|faint|p1a: Sandaconda\n|\n|-weather|Sandstorm|[upkeep]\n|-damage|p2a: Idk|35\/100 par|[from] Sandstorm\n|upkeep\n|c|\u2606LUWITE|I prob lose now fr\n|\n|t:|1699915687\n|switch|p1a: Electrode|Electrode-Hisui|100\/100\n|turn|20\n|\n|t:|1699915716\n|move|p1a: Electrode|Volt Switch|p2a: Idk\n|-damage|p2a: Idk|0 fnt\n|faint|p2a: Idk\n|\n|t:|1699915731\n|switch|p1a: Tentacruel|Tentacruel, M|94\/100|[from] Volt Switch\n|\n|-weather|Sandstorm|[upkeep]\n|-damage|p1a: Tentacruel|88\/100|[from] Sandstorm\n|upkeep\n|\n|t:|1699915745\n|switch|p2a: Derp|Volcanion|76\/100\n|turn|21\n|\n|t:|1699915752\n|move|p1a: Tentacruel|Sludge Bomb|p2a: Derp\n|-damage|p2a: Derp|49\/100\n|move|p2a: Derp|Defog|p1a: Tentacruel\n|-fail|p1a: Tentacruel|unboost|[from] ability: Clear Body|[of] p1a: Tentacruel\n|-sideend|p2: LUWITE|Stealth Rock|[from] move: Defog|[of] p2a: Derp\n|\n|-weather|Sandstorm|[upkeep]\n|-damage|p1a: Tentacruel|82\/100|[from] Sandstorm\n|-damage|p2a: Derp|43\/100|[from] Sandstorm\n|upkeep\n|turn|22\n|\n|t:|1699915764\n|switch|p2a: Coal|Torkoal, M|36\/100\n|-weather|SunnyDay|[from] ability: Drought|[of] p2a: Coal\n|move|p1a: Tentacruel|Sludge Bomb|p2a: Coal\n|-damage|p2a: Coal|10\/100\n|-status|p2a: Coal|psn\n|\n|-weather|SunnyDay|[upkeep]\n|-damage|p2a: Coal|0 fnt|[from] psn\n|faint|p2a: Coal\n|upkeep\n|\n|t:|1699915800\n|switch|p2a: To the Moon|Roaring Moon|100\/100\n|-activate|p2a: To the Moon|ability: Protosynthesis\n|-start|p2a: To the Moon|protosynthesisatk\n|turn|23\n|\n|t:|1699915814\n|move|p2a: To the Moon|Dragon Dance|p2a: To the Moon\n|-boost|p2a: To the Moon|atk|1\n|-boost|p2a: To the Moon|spe|1\n|move|p1a: Tentacruel|Flip Turn|p2a: To the Moon\n|-resisted|p2a: To the Moon\n|-damage|p2a: To the Moon|97\/100\n|c|\u2606Kiritsune|gg\n|c|\u2606LUWITE|that wasnt haze\n|\n|t:|1699915829\n|switch|p1a: Darmanitan|Darmanitan-Galar-Zen, M|68\/100|[from] Flip Turn\n|\n|-weather|SunnyDay|[upkeep]\n|-heal|p2a: To the Moon|100\/100|[from] item: Leftovers\n|upkeep\n|turn|24\n|c|\u2606LUWITE|I mean you got scarfers\n|c|\u2606LUWITE|smh\n|\n|t:|1699915839\n|move|p2a: To the Moon|Earthquake|p1a: Darmanitan\n|-damage|p1a: Darmanitan|0 fnt\n|replace|p1a: Zoroark|Zoroark-Hisui, F\n|-end|p1a: Zoroark|Illusion\n|faint|p1a: Zoroark\n|\n|-weather|SunnyDay|[upkeep]\n|upkeep\n|\n|t:|1699915844\n|switch|p1a: Darmanitan|Darmanitan-Galar-Zen, M|100\/100\n|turn|25\n|c|\u2606LUWITE|oh wut\n|\n|t:|1699915850\n|move|p1a: Darmanitan|Ice Hammer|p2a: To the Moon\n|-supereffective|p2a: To the Moon\n|-damage|p2a: To the Moon|0 fnt\n|faint|p2a: To the Moon\n|-end|p2a: To the Moon|Protosynthesis|[silent]\n|\n|-weather|SunnyDay|[upkeep]\n|upkeep\n|\n|t:|1699915852\n|switch|p2a: Derp|Volcanion|43\/100\n|turn|26\n|\n|t:|1699915860\n|move|p1a: Darmanitan|Ice Hammer|p2a: Derp\n|-resisted|p2a: Derp\n|-damage|p2a: Derp|33\/100\n|move|p2a: Derp|Earth Power|p1a: Darmanitan\n|-supereffective|p1a: Darmanitan\n|-damage|p1a: Darmanitan|22\/100\n|-unboost|p1a: Darmanitan|spd|1\n|\n|-weather|SunnyDay|[upkeep]\n|upkeep\n|turn|27\n|c|\u2606Kiritsune|i forgor my mon was scarf\n|c|\u2606Kiritsune|lmao\n|\n|t:|1699915870\n|move|p1a: Darmanitan|Ice Hammer|p2a: Derp\n|-resisted|p2a: Derp\n|-damage|p2a: Derp|24\/100\n|move|p2a: Derp|Earth Power|p1a: Darmanitan\n|-supereffective|p1a: Darmanitan\n|-damage|p1a: Darmanitan|0 fnt\n|faint|p1a: Darmanitan\n|\n|-weather|SunnyDay|[upkeep]\n|upkeep\n|c|\u2606LUWITE|I shouldve switchexcd fr\n|\n|t:|1699915881\n|switch|p1a: Electrode|Electrode-Hisui|100\/100\n|turn|28\n|\n|t:|1699915887\n|move|p1a: Electrode|Chloroblast|p2a: Derp\n|-damage|p2a: Derp|0 fnt\n|faint|p2a: Derp\n|-damage|p1a: Electrode|50\/100|[from] Recoil\n|\n|win|Kiritsune\n|c|\u2606Kiritsune|gg\n|c|\u2606LUWITE|ggs\n","uploadtime":1699915901,"views":61,"p1id":"kiritsune","p2id":"luwite","formatid":"gen9ubers","rating":0,"private":0,"password":""}