{"id":"radicalred-gen9ubers-550448","p1":"mudkipfan333","p2":"anderproyt","format":"[Gen 9] Ubers","log":"|j|\u2606mudkipfan333\n|j|\u2606anderproyt\n|t:|1700867446\n|gametype|singles\n|player|p1|mudkipfan333|rr-zeraora|\n|player|p2|anderproyt|rr-tyranitar|\n|teamsize|p1|6\n|teamsize|p2|6\n|gen|9\n|tier|[Gen 9] Ubers\n|rule|Sleep Clause Mod: Limit one foe put to sleep\n|rule|Species Clause: Limit one of each Pok\u00e9mon\n|rule|OHKO Clause: OHKO moves are banned\n|rule|Evasion Abilities Clause: Evasion abilities are banned\n|rule|Evasion Items Clause: Evasion items are banned\n|rule|Evasion Moves Clause: Evasion moves are banned\n|rule|Endless Battle Clause: Forcing endless battles is banned\n|rule|HP Percentage Mod: HP is shown in percentages\n|rule|Dynamax Clause: You cannot dynamax\n|rule|Mega Rayquaza Clause: You cannot mega evolve Rayquaza\n|clearpoke\n|poke|p1|Lucario, F|\n|poke|p1|Keldeo-Resolute|\n|poke|p1|Great Tusk|\n|poke|p1|Dragapult, M|\n|poke|p1|Zoroark-Hisui, M|\n|poke|p1|Gholdengo|\n|poke|p2|Gastrodon-East, M|\n|poke|p2|Corviknight, M|\n|poke|p2|Dugtrio, M|\n|poke|p2|Aerodactyl, M|\n|poke|p2|Milotic-Sevii, M|\n|poke|p2|Crobat, M|\n|teampreview\n|\n|t:|1700867488\n|start\n|switch|p1a: Lucario|Lucario, F|100\/100\n|switch|p2a: Corviknight|Corviknight, M|100\/100\n|-ability|p2a: Corviknight|Pressure\n|turn|1\n|\n|t:|1700867510\n|switch|p1a: Great Tusk|Great Tusk|100\/100\n|move|p2a: Corviknight|U-turn|p1a: Great Tusk\n|-resisted|p1a: Great Tusk\n|-damage|p1a: Great Tusk|95\/100\n|j| nose xd123\n|\n|t:|1700867534\n|switch|p2a: Milotic|Milotic-Sevii, M|100\/100|[from] U-turn\n|\n|-heal|p1a: Great Tusk|100\/100|[from] item: Leftovers\n|upkeep\n|turn|2\n|c|\u2606anderproyt|hada tierra\n|c|\u2606anderproyt|antes q preguntes\n|c|\u2606mudkipfan333|osea puedo poner mi mause encime del milotic \n|c|\u2606mudkipfan333|ademas esta desde la 3.0 ya se como se usa\n|\n|t:|1700867574\n|-end|p1a: Great Tusk|Protosynthesis|[silent]\n|switch|p1a: Gholdengo|Gholdengo|100\/100\n|move|p2a: Milotic|Moonblast|p1a: Gholdengo\n|-resisted|p1a: Gholdengo\n|-damage|p1a: Gholdengo|83\/100\n|-unboost|p1a: Gholdengo|spa|1\n|\n|-heal|p1a: Gholdengo|89\/100|[from] item: Leftovers\n|upkeep\n|turn|3\n|\n|t:|1700867583\n|move|p1a: Gholdengo|Nasty Plot|p1a: Gholdengo\n|-boost|p1a: Gholdengo|spa|2\n|move|p2a: Milotic|Earth Power|p1a: Gholdengo\n|-supereffective|p1a: Gholdengo\n|-damage|p1a: Gholdengo|24\/100\n|\n|-heal|p1a: Gholdengo|30\/100|[from] item: Leftovers\n|upkeep\n|turn|4\n|\n|t:|1700867592\n|move|p1a: Gholdengo|Make It Rain|p2a: Milotic\n|-supereffective|p2a: Milotic\n|-damage|p2a: Milotic|0 fnt\n|-unboost|p1a: Gholdengo|spa|1\n|faint|p2a: Milotic\n|\n|-heal|p1a: Gholdengo|36\/100|[from] item: Leftovers\n|upkeep\n|c|\u2606anderproyt|xd\n|c|\u2606anderproyt|bueno dejaste servido en bandeja la cosa\n|c| nose xd123|gholdengo cristo\n|\n|t:|1700867621\n|switch|p2a: Dugtrio|Dugtrio, M|100\/100\n|turn|5\n|\n|t:|1700867626\n|switch|p1a: Great Tusk|Great Tusk|100\/100\n|move|p2a: Dugtrio|Swords Dance|p2a: Dugtrio\n|-boost|p2a: Dugtrio|atk|2\n|\n|upkeep\n|turn|6\n|c|\u2606mudkipfan333|no sand trap?\n|c|\u2606anderproyt|arena trap\n|c|\u2606mudkipfan333|o parece que good has gold se lo pasa por los wesos tambien\n|c|\u2606anderproyt|si parece\n|\n|t:|1700867657\n|move|p2a: Dugtrio|Swords Dance|p2a: Dugtrio\n|-boost|p2a: Dugtrio|atk|2\n|move|p1a: Great Tusk|Close Combat|p2a: Dugtrio\n|-enditem|p2a: Dugtrio|Focus Sash\n|-damage|p2a: Dugtrio|1\/100\n|-unboost|p1a: Great Tusk|def|1\n|-unboost|p1a: Great Tusk|spd|1\n|\n|upkeep\n|turn|7\n|\n|t:|1700867665\n|move|p2a: Dugtrio|Earthquake|p1a: Great Tusk\n|-damage|p1a: Great Tusk|0 fnt\n|faint|p1a: Great Tusk\n|-end|p1a: Great Tusk|Protosynthesis|[silent]\n|\n|upkeep\n|\n|t:|1700867668\n|switch|p1a: Lucario|Lucario, F|100\/100\n|turn|8\n|\n|t:|1700867672\n|detailschange|p1a: Lucario|Lucario-Mega, F\n|-mega|p1a: Lucario|Lucario|Lucarionite\n|move|p1a: Lucario|Bullet Punch|p2a: Dugtrio\n|-damage|p2a: Dugtrio|0 fnt\n|faint|p2a: Dugtrio\n|\n|upkeep\n|c| nose xd123|por eso gholdengo cristo\n|\n|t:|1700867682\n|switch|p2a: Corviknight|Corviknight, M|100\/100\n|-ability|p2a: Corviknight|Pressure\n|turn|9\n|\n|t:|1700867687\n|switch|p1a: Gholdengo|Gholdengo|36\/100\n|move|p2a: Corviknight|Brave Bird|p1a: Gholdengo\n|-resisted|p1a: Gholdengo\n|-damage|p1a: Gholdengo|19\/100\n|-damage|p2a: Corviknight|95\/100|[from] Recoil\n|\n|-heal|p1a: Gholdengo|25\/100|[from] item: Leftovers\n|-heal|p2a: Corviknight|100\/100|[from] item: Leftovers\n|upkeep\n|turn|10\n|\n|t:|1700867698\n|switch|p2a: Gastrodon|Gastrodon-East, M|100\/100\n|move|p1a: Gholdengo|Recover|p1a: Gholdengo\n|-heal|p1a: Gholdengo|76\/100\n|\n|-heal|p1a: Gholdengo|82\/100|[from] item: Leftovers\n|upkeep\n|turn|11\n|c|\u2606anderproyt|bruh\n|\n|t:|1700867713\n|switch|p1a: Keldeo|Keldeo-Resolute|100\/100\n|move|p2a: Gastrodon|Earth Power|p1a: Keldeo\n|-damage|p1a: Keldeo|65\/100\n|-unboost|p1a: Keldeo|spd|1\n|\n|upkeep\n|turn|12\n|\n|t:|1700867733\n|switch|p2a: Corviknight|Corviknight, M|100\/100\n|-ability|p2a: Corviknight|Pressure\n|move|p1a: Keldeo|Secret Sword|p2a: Corviknight\n|-damage|p2a: Corviknight|63\/100\n|\n|-heal|p2a: Corviknight|69\/100|[from] item: Leftovers\n|upkeep\n|turn|13\n|inactive|Battle timer is ON: inactive players will automatically lose when time's up. (requested by mudkipfan333)\n|\n|t:|1700867754\n|switch|p2a: Gastrodon|Gastrodon-East, M|100\/100\n|move|p1a: Keldeo|Secret Sword|p2a: Gastrodon\n|-damage|p2a: Gastrodon|27\/100\n|\n|-heal|p2a: Gastrodon|33\/100|[from] item: Leftovers\n|upkeep\n|turn|14\n|c|\u2606anderproyt|WTF\n|c|\u2606anderproyt|esa cosa no es esp?\n|\n|t:|1700867767\n|switch|p1a: Gholdengo|Gholdengo|82\/100\n|switch|p2a: Corviknight|Corviknight, M|69\/100\n|-ability|p2a: Corviknight|Pressure\n|\n|-heal|p1a: Gholdengo|88\/100|[from] item: Leftovers\n|-heal|p2a: Corviknight|75\/100|[from] item: Leftovers\n|upkeep\n|turn|15\n|c|\u2606mudkipfan333|predict insaso \n|c|\u2606mudkipfan333|waza\n|c|\u2606anderproyt|bruh\n|c|\u2606anderproyt|ese gatrodon es full esp\n|\n|t:|1700867781\n|move|p1a: Gholdengo|Nasty Plot|p1a: Gholdengo\n|-boost|p1a: Gholdengo|spa|2\n|move|p2a: Corviknight|U-turn|p1a: Gholdengo\n|-resisted|p1a: Gholdengo\n|-damage|p1a: Gholdengo|85\/100\n|c|\u2606mudkipfan333|insano*\n|c| nose xd123|xdd d\n|c| nose xd123|es especial pero pega a defensa fisica\n|c|\u2606anderproyt|como q secret sword pego tanto\n|c|\u2606anderproyt|a ya\n|\n|t:|1700867803\n|switch|p2a: Gastrodon|Gastrodon-East, M|33\/100|[from] U-turn\n|\n|-heal|p1a: Gholdengo|91\/100|[from] item: Leftovers\n|-heal|p2a: Gastrodon|39\/100|[from] item: Leftovers\n|upkeep\n|turn|16\n|c|\u2606mudkipfan333|sharpness de keldeo ejem\n|c| nose xd123|es como psyshock\n|\n|t:|1700867811\n|move|p1a: Gholdengo|Shadow Ball|p2a: Gastrodon\n|-damage|p2a: Gastrodon|0 fnt\n|faint|p2a: Gastrodon\n|\n|-heal|p1a: Gholdengo|97\/100|[from] item: Leftovers\n|upkeep\n|c|\u2606anderproyt|na gg\n|\n|t:|1700867818\n|switch|p2a: Aerodactyl|Aerodactyl, M|100\/100\n|turn|17\n|\n|t:|1700867823\n|detailschange|p2a: Aerodactyl|Aerodactyl-Mega, M\n|-mega|p2a: Aerodactyl|Aerodactyl|Aerodactylite\n|move|p2a: Aerodactyl|Headlong Rush|p1a: Gholdengo\n|-supereffective|p1a: Gholdengo\n|-damage|p1a: Gholdengo|0 fnt\n|-unboost|p2a: Aerodactyl|def|1\n|-unboost|p2a: Aerodactyl|spd|1\n|faint|p1a: Gholdengo\n|\n|upkeep\n|\n|t:|1700867830\n|switch|p1a: Dragapult|Dragapult, M|100\/100\n|turn|18\n|\n|t:|1700867834\n|switch|p2a: Corviknight|Corviknight, M|75\/100\n|-ability|p2a: Corviknight|Pressure\n|move|p1a: Dragapult|Substitute|p1a: Dragapult\n|-start|p1a: Dragapult|Substitute\n|-damage|p1a: Dragapult|76\/100\n|\n|-heal|p2a: Corviknight|82\/100|[from] item: Leftovers\n|upkeep\n|turn|19\n|c| nose xd123|por eso chavales mejor jugar hyper ofense\n|\n|t:|1700867842\n|move|p1a: Dragapult|Dragon Dance|p1a: Dragapult\n|-boost|p1a: Dragapult|atk|1\n|-boost|p1a: Dragapult|spe|1\n|move|p2a: Corviknight|Brave Bird|p1a: Dragapult\n|-end|p1a: Dragapult|Substitute\n|-damage|p2a: Corviknight|75\/100|[from] Recoil|[of] p1a: Dragapult\n|\n|-heal|p2a: Corviknight|81\/100|[from] item: Leftovers\n|upkeep\n|turn|20\n|c|\u2606anderproyt|bruh\n|\n|t:|1700867852\n|-zpower|p1a: Dragapult\n|move|p1a: Dragapult|Never-Ending Nightmare|p2a: Corviknight|[zeffect]\n|-damage|p2a: Corviknight|6\/100\n|move|p2a: Corviknight|Brave Bird|p1a: Dragapult\n|-damage|p1a: Dragapult|26\/100\n|-damage|p2a: Corviknight|0 fnt|[from] Recoil\n|faint|p2a: Corviknight\n|\n|upkeep\n|c|\u2606mudkipfan333|asi les va a los walleros en mi precensia xddd\n|c|\u2606anderproyt|dragapult Z\n|c|\u2606anderproyt|deberia estar ban\n|c|\u2606anderproyt|o creo q lo esta\n|c|\u2606mudkipfan333|deberia \n|c|\u2606mudkipfan333|pero esta es radical red\n|\n|t:|1700867878\n|switch|p2a: Crobat|Crobat, M|100\/100\n|turn|21\n|c|\u2606anderproyt|bruh\n|inactive|anderproyt has 270 seconds left.\n|c| nose xd123|xd ya perdiste\n|\n|t:|1700867906\n|move|p1a: Dragapult|Dragon Darts|p2a: Crobat\n|-damage|p2a: Crobat|55\/100\n|-anim|p1a: Dragapult|Dragon Darts|p2a: Crobat\n|-damage|p2a: Crobat|3\/100\n|move|p2a: Crobat|Air Slash|p1a: Dragapult\n|-damage|p1a: Dragapult|0 fnt\n|faint|p1a: Dragapult\n|\n|upkeep\n|c|\u2606anderproyt|waos\n|\n|t:|1700867911\n|switch|p1a: Lucario|Lucario-Mega, F|100\/100\n|turn|22\n|\n|t:|1700867916\n|move|p1a: Lucario|Bullet Punch|p2a: Crobat\n|-damage|p2a: Crobat|0 fnt\n|faint|p2a: Crobat\n|\n|upkeep\n|\n|t:|1700867920\n|switch|p2a: Aerodactyl|Aerodactyl-Mega, M|100\/100\n|turn|23\n|\n|t:|1700867923\n|move|p1a: Lucario|Bullet Punch|p2a: Aerodactyl\n|-supereffective|p2a: Aerodactyl\n|-damage|p2a: Aerodactyl|32\/100\n|move|p2a: Aerodactyl|Headlong Rush|p1a: Lucario\n|-supereffective|p1a: Lucario\n|-damage|p1a: Lucario|0 fnt\n|-unboost|p2a: Aerodactyl|def|1\n|-unboost|p2a: Aerodactyl|spd|1\n|faint|p1a: Lucario\n|\n|upkeep\n|\n|t:|1700867929\n|switch|p1a: Keldeo|Keldeo-Resolute|65\/100\n|turn|24\n|c| nose xd123|ojo remontada\n|c|\u2606mudkipfan333|surf y pal rio\n|c|\u2606anderproyt|si por lo menos hubiera llegado a meter el DD\n|\n|t:|1700867940\n|move|p1a: Keldeo|Surf|p2a: Aerodactyl\n|-supereffective|p2a: Aerodactyl\n|-damage|p2a: Aerodactyl|0 fnt\n|faint|p2a: Aerodactyl\n|\n|win|mudkipfan333\n|l|\u2606anderproyt\n","uploadtime":1700867957,"views":2,"p1id":"mudkipfan333","p2id":"anderproyt","formatid":"gen9ubers","rating":0,"private":0,"password":""}