{"id":"radicalred-gen9ubers-533975","p1":"Eagrill","p2":"sombrah","format":"[Gen 9] Ubers","log":"|j|\u2606Eagrill\n|j|\u2606sombrah\n|t:|1697732962\n|gametype|singles\n|player|p1|Eagrill|170|\n|player|p2|sombrah|169|\n|teamsize|p1|6\n|teamsize|p2|6\n|gen|9\n|tier|[Gen 9] Ubers\n|rule|Sleep Clause Mod: Limit one foe put to sleep\n|rule|Species Clause: Limit one of each Pok\u00e9mon\n|rule|OHKO Clause: OHKO moves are banned\n|rule|Evasion Abilities Clause: Evasion abilities are banned\n|rule|Evasion Items Clause: Evasion items are banned\n|rule|Evasion Moves Clause: Evasion moves are banned\n|rule|Endless Battle Clause: Forcing endless battles is banned\n|rule|HP Percentage Mod: HP is shown in percentages\n|rule|Dynamax Clause: You cannot dynamax\n|rule|Mega Rayquaza Clause: You cannot mega evolve Rayquaza\n|clearpoke\n|poke|p1|Reshiram|\n|poke|p1|Yveltal|\n|poke|p1|Calyrex-Ice|\n|poke|p1|Meloetta-Pirouette|\n|poke|p1|Sandaconda, F|\n|poke|p1|Wishiwashi, F|\n|poke|p2|Scream Tail|\n|poke|p2|Blastoise, M|\n|poke|p2|Iron Treads|\n|poke|p2|Zangoose, M|\n|poke|p2|Chi-Yu|\n|poke|p2|Arceus-Grass|\n|teampreview\n|c|\u2606Eagrill|glhf\n|c|\u2606sombrah|glhf\n|j| bajram1892\n|\n|t:|1697733064\n|start\n|switch|p1a: M From YMCA|Meloetta-Pirouette|100\/100\n|switch|p2a: Honk Honk|Zangoose, M, shiny|100\/100\n|turn|1\n|\n|t:|1697733106\n|move|p2a: Honk Honk|Fake Out|p1a: M From YMCA\n|-damage|p1a: M From YMCA|79\/100\n|cant|p1a: M From YMCA|flinch\n|\n|-status|p2a: Honk Honk|tox|[from] item: Toxic Orb\n|upkeep\n|turn|2\n|\n|t:|1697733113\n|switch|p2a: Dragon Tales|Scream Tail|100\/100\n|move|p1a: M From YMCA|U-turn|p2a: Dragon Tales\n|-damage|p2a: Dragon Tales|87\/100\n|-ability|p2a: Dragon Tales|Tangling Hair\n|-unboost|p1a: M From YMCA|spe|1\n|j|@michael213\n|l|@michael213\n|\n|t:|1697733185\n|switch|p1a: Unity Engine|Wishiwashi, F|100\/100|[from] U-turn\n|-formechange|p1a: Unity Engine|Wishiwashi-School||[from] ability: Schooling\n|\n|-heal|p2a: Dragon Tales|93\/100|[from] item: Leftovers\n|upkeep\n|turn|3\n|\n|t:|1697733201\n|move|p2a: Dragon Tales|Reflect|p2a: Dragon Tales\n|-sidestart|p2: sombrah|Reflect\n|move|p1a: Unity Engine|Toxic|p2a: Dragon Tales\n|-status|p2a: Dragon Tales|tox\n|\n|-heal|p2a: Dragon Tales|99\/100 tox|[from] item: Leftovers\n|-damage|p2a: Dragon Tales|93\/100 tox|[from] psn\n|upkeep\n|turn|4\n|\n|t:|1697733231\n|switch|p2a: Ninja|Blastoise, M, shiny|100\/100\n|move|p1a: Unity Engine|Liquidation|p2a: Ninja\n|-resisted|p2a: Ninja\n|-damage|p2a: Ninja|91\/100\n|\n|upkeep\n|turn|5\n|j| CeresFaunaMyMommy\n|\n|t:|1697733239\n|switch|p1a: M From YMCA|Meloetta-Pirouette|79\/100\n|detailschange|p2a: Ninja|Blastoise-Mega, M, shiny\n|-mega|p2a: Ninja|Blastoise|Blastoisinite\n|move|p2a: Ninja|Shell Smash|p2a: Ninja\n|-unboost|p2a: Ninja|def|1\n|-unboost|p2a: Ninja|spd|1\n|-boost|p2a: Ninja|atk|2\n|-boost|p2a: Ninja|spa|2\n|-boost|p2a: Ninja|spe|2\n|-enditem|p1a: M From YMCA|Mirror Herb\n|-boost|p1a: M From YMCA|atk|2|[from] item: Mirror Herb\n|-boost|p1a: M From YMCA|spa|2|[from] item: Mirror Herb\n|-boost|p1a: M From YMCA|spe|2|[from] item: Mirror Herb\n|\n|upkeep\n|turn|6\n|c|\u2606Eagrill|good evening\n|\n|t:|1697733257\n|switch|p2a: Dragon Tales|Scream Tail|93\/100 tox\n|move|p1a: M From YMCA|Close Combat|p2a: Dragon Tales\n|-resisted|p2a: Dragon Tales\n|-damage|p2a: Dragon Tales|83\/100 tox\n|-unboost|p1a: M From YMCA|def|1\n|-unboost|p1a: M From YMCA|spd|1\n|-ability|p2a: Dragon Tales|Tangling Hair\n|-unboost|p1a: M From YMCA|spe|1\n|\n|-heal|p2a: Dragon Tales|90\/100 tox|[from] item: Leftovers\n|-damage|p2a: Dragon Tales|83\/100 tox|[from] psn\n|upkeep\n|turn|7\n|c|\u2606sombrah|That was unexpected\n|\n|t:|1697733322\n|move|p1a: M From YMCA|Knock Off|p2a: Dragon Tales\n|-crit|p2a: Dragon Tales\n|-damage|p2a: Dragon Tales|27\/100 tox\n|-ability|p2a: Dragon Tales|Tangling Hair\n|-unboost|p1a: M From YMCA|spe|1\n|-enditem|p2a: Dragon Tales|Leftovers|[from] move: Knock Off|[of] p1a: M From YMCA\n|move|p2a: Dragon Tales|Psychic|p1a: M From YMCA\n|-supereffective|p1a: M From YMCA\n|-damage|p1a: M From YMCA|0 fnt\n|faint|p1a: M From YMCA\n|\n|-damage|p2a: Dragon Tales|14\/100 tox|[from] psn\n|-sideend|p2: sombrah|Reflect\n|upkeep\n|c| bajram1892|nice fire to start the game off though \n|\n|t:|1697733340\n|switch|p1a: Spit in your Eye|Sandaconda, F|100\/100\n|turn|8\n|\n|t:|1697733347\n|detailschange|p1a: Spit in your Eye|Sandaconda-Mega, F\n|-mega|p1a: Spit in your Eye|Sandaconda|Sandacondite\n|move|p1a: Spit in your Eye|Earthquake|p2a: Dragon Tales\n|-damage|p2a: Dragon Tales|0 fnt\n|faint|p2a: Dragon Tales\n|\n|upkeep\n|\n|t:|1697733355\n|switch|p2a: Honk Honk|Zangoose, M, shiny|100\/100 tox\n|turn|9\n|\n|t:|1697733362\n|switch|p1a: Unity Engine|Wishiwashi, F|100\/100\n|-formechange|p1a: Unity Engine|Wishiwashi-School||[from] ability: Schooling\n|move|p2a: Honk Honk|Fake Out|p1a: Unity Engine\n|-damage|p1a: Unity Engine|74\/100\n|-damage|p2a: Honk Honk|84\/100 tox|[from] item: Rocky Helmet|[of] p1a: Unity Engine\n|\n|upkeep\n|turn|10\n|\n|t:|1697733376\n|move|p2a: Honk Honk|Facade|p1a: Unity Engine\n|-crit|p1a: Unity Engine\n|-damage|p1a: Unity Engine|0 fnt\n|-damage|p2a: Honk Honk|67\/100 tox|[from] item: Rocky Helmet|[of] p1a: Unity Engine\n|faint|p1a: Unity Engine\n|\n|upkeep\n|c| CeresFaunaMyMommy|Primantiss\n|c|\u2606Eagrill|thats really rude\n|\n|t:|1697733390\n|switch|p1a: Spit in your Eye|Sandaconda-Mega, F|100\/100\n|turn|11\n|\n|t:|1697733395\n|move|p2a: Honk Honk|Ice Punch|p1a: Spit in your Eye\n|-supereffective|p1a: Spit in your Eye\n|-damage|p1a: Spit in your Eye|0 fnt\n|faint|p1a: Spit in your Eye\n|\n|upkeep\n|\n|t:|1697733399\n|switch|p1a: C From YMCA|Calyrex-Ice|100\/100\n|-ability|p1a: C From YMCA|As One\n|-ability|p1a: C From YMCA|Unnerve\n|turn|12\n|c| bajram1892|I think the rude part is this mon does not take damage due to poison in rad red \n|\n|t:|1697733410\n|move|p2a: Honk Honk|Facade|p1a: C From YMCA\n|-damage|p1a: C From YMCA|46\/100\n|move|p1a: C From YMCA|Trick Room|p1a: C From YMCA\n|-fieldstart|move: Trick Room|[of] p1a: C From YMCA\n|\n|upkeep\n|turn|13\n|c|\u2606Eagrill|true\n|\n|t:|1697733434\n|switch|p2a: DOG|Arceus-Grass|100\/100\n|move|p1a: C From YMCA|Close Combat|p2a: DOG\n|-damage|p2a: DOG|65\/100\n|-unboost|p1a: C From YMCA|def|1\n|-unboost|p1a: C From YMCA|spd|1\n|\n|upkeep\n|turn|14\n|\n|t:|1697733440\n|move|p1a: C From YMCA|Glacial Lance|p2a: DOG\n|-supereffective|p2a: DOG\n|-damage|p2a: DOG|0 fnt\n|faint|p2a: DOG\n|-ability|p1a: C From YMCA|Chilling Neigh|boost\n|-boost|p1a: C From YMCA|atk|1\n|\n|upkeep\n|\n|t:|1697733447\n|switch|p2a: Honk Honk|Zangoose, M, shiny|67\/100 tox\n|turn|15\n|\n|t:|1697733450\n|move|p2a: Honk Honk|Fake Out|p1a: C From YMCA\n|-damage|p1a: C From YMCA|19\/100\n|cant|p1a: C From YMCA|flinch\n|\n|upkeep\n|turn|16\n|\n|t:|1697733464\n|switch|p2a: Phish|Chi-Yu|100\/100\n|-ability|p2a: Phish|Beads of Ruin\n|move|p1a: C From YMCA|Close Combat|p2a: Phish\n|-supereffective|p2a: Phish\n|-damage|p2a: Phish|0 fnt\n|-unboost|p1a: C From YMCA|def|1\n|-unboost|p1a: C From YMCA|spd|1\n|faint|p2a: Phish\n|-ability|p1a: C From YMCA|Chilling Neigh|boost\n|-boost|p1a: C From YMCA|atk|1\n|\n|-fieldend|move: Trick Room\n|upkeep\n|\n|t:|1697733466\n|switch|p2a: Honk Honk|Zangoose, M, shiny|67\/100 tox\n|turn|17\n|\n|t:|1697733475\n|move|p2a: Honk Honk|Fake Out|p1a: C From YMCA\n|-damage|p1a: C From YMCA|0 fnt\n|faint|p1a: C From YMCA\n|\n|upkeep\n|\n|t:|1697733490\n|switch|p1a: Y from YMCA|Yveltal|100\/100\n|-ability|p1a: Y from YMCA|Dark Aura\n|turn|18\n|\n|t:|1697733495\n|move|p2a: Honk Honk|Facade|p1a: Y from YMCA\n|-damage|p1a: Y from YMCA|48\/100\n|move|p1a: Y from YMCA|Oblivion Wing|p2a: Honk Honk\n|-damage|p2a: Honk Honk|9\/100 tox\n|-heal|p1a: Y from YMCA|76\/100|[from] drain|[of] p2a: Honk Honk\n|\n|-heal|p1a: Y from YMCA|82\/100|[from] item: Leftovers\n|upkeep\n|turn|19\n|\n|t:|1697733507\n|move|p2a: Honk Honk|Facade|p1a: Y from YMCA\n|-damage|p1a: Y from YMCA|24\/100\n|move|p1a: Y from YMCA|U-turn|p2a: Honk Honk\n|-damage|p2a: Honk Honk|0 fnt\n|faint|p2a: Honk Honk\n|\n|t:|1697733509\n|switch|p1a: Blue-Eyes|Reshiram|100\/100|[from] U-turn\n|-ability|p1a: Blue-Eyes|Turboblaze\n|\n|upkeep\n|\n|t:|1697733514\n|switch|p2a: Ninja|Blastoise-Mega, M, shiny|91\/100\n|turn|20\n|\n|t:|1697733523\n|move|p2a: Ninja|Shell Smash|p2a: Ninja\n|-unboost|p2a: Ninja|def|1\n|-unboost|p2a: Ninja|spd|1\n|-boost|p2a: Ninja|atk|2\n|-boost|p2a: Ninja|spa|2\n|-boost|p2a: Ninja|spe|2\n|move|p1a: Blue-Eyes|Earth Power|p2a: Ninja\n|-damage|p2a: Ninja|38\/100\n|\n|upkeep\n|turn|21\n|\n|t:|1697733530\n|move|p2a: Ninja|Water Pulse|p1a: Blue-Eyes\n|-damage|p1a: Blue-Eyes|29\/100\n|move|p1a: Blue-Eyes|Earth Power|p2a: Ninja\n|-damage|p2a: Ninja|0 fnt\n|faint|p2a: Ninja\n|\n|upkeep\n|\n|t:|1697733535\n|switch|p2a: RolyPoly|Iron Treads|100\/100\n|turn|22\n|\n|t:|1697733544\n|move|p2a: RolyPoly|Earthquake|p1a: Blue-Eyes\n|-supereffective|p1a: Blue-Eyes\n|-damage|p1a: Blue-Eyes|0 fnt\n|faint|p1a: Blue-Eyes\n|\n|upkeep\n|\n|t:|1697733546\n|switch|p1a: Y from YMCA|Yveltal|24\/100\n|-ability|p1a: Y from YMCA|Dark Aura\n|turn|23\n|\n|t:|1697733552\n|move|p2a: RolyPoly|Rapid Spin|p1a: Y from YMCA\n|-damage|p1a: Y from YMCA|15\/100\n|-boost|p2a: RolyPoly|spe|1\n|move|p1a: Y from YMCA|Dark Pulse|p2a: RolyPoly\n|-damage|p2a: RolyPoly|43\/100\n|\n|-heal|p1a: Y from YMCA|21\/100|[from] item: Leftovers\n|upkeep\n|turn|24\n|c|\u2606Eagrill|yeah gg\n|\n|t:|1697733558\n|move|p2a: RolyPoly|Ice Spinner|p1a: Y from YMCA\n|-supereffective|p1a: Y from YMCA\n|-damage|p1a: Y from YMCA|0 fnt\n|faint|p1a: Y from YMCA\n|\n|win|sombrah\n|c|\u2606sombrah|gg\n|c|\u2606Eagrill|if I knew it got ice punch I'd not have just killed the sandy man\n|c|\u2606sombrah|yeah Zangoose has very good coverage\n|c|\u2606Eagrill|~~tbf it went better than expected~~\n|c|\u2606sombrah|I actually was really scared of meloetta\n|c|\u2606Eagrill|I sacked it too fast\n|c|\u2606Eagrill|could've gone caly \n|c|\u2606Eagrill|and set up\n|l| bajram1892\n|c|\u2606sombrah|Yeah\n|c|\u2606sombrah|Melo outsped everything I had\n|c|\u2606Eagrill|if I killed scream it kinda went ham\n|j| wiseuser\n|c|\u2606sombrah|Yes\n|c|\u2606sombrah|it would have\n","uploadtime":1697733567,"views":25,"p1id":"eagrill","p2id":"sombrah","formatid":"gen9ubers","rating":0,"private":0,"password":""}