{"id":"radicalred-gen9ubers-551603","p1":"axelzzz09","p2":"mudkipfan333","format":"[Gen 9] Ubers","log":"|j|\u2606axelzzz09\n|j|\u2606mudkipfan333\n|t:|1701108511\n|gametype|singles\n|player|p1|axelzzz09|rr-sneasler|\n|player|p2|mudkipfan333|rr-zeraora|\n|teamsize|p1|6\n|teamsize|p2|6\n|gen|9\n|tier|[Gen 9] Ubers\n|rule|Sleep Clause Mod: Limit one foe put to sleep\n|rule|Species Clause: Limit one of each Pok\u00e9mon\n|rule|OHKO Clause: OHKO moves are banned\n|rule|Evasion Abilities Clause: Evasion abilities are banned\n|rule|Evasion Items Clause: Evasion items are banned\n|rule|Evasion Moves Clause: Evasion moves are banned\n|rule|Endless Battle Clause: Forcing endless battles is banned\n|rule|HP Percentage Mod: HP is shown in percentages\n|rule|Dynamax Clause: You cannot dynamax\n|rule|Mega Rayquaza Clause: You cannot mega evolve Rayquaza\n|clearpoke\n|poke|p1|Zoroark-Hisui, F|\n|poke|p1|Gengar, F|\n|poke|p1|Dragapult, M|\n|poke|p1|Clefable, F|\n|poke|p1|Tapu Lele|\n|poke|p1|Gardevoir, F|\n|poke|p2|Lucario, M|\n|poke|p2|Keldeo-Resolute|\n|poke|p2|Dragapult, M|\n|poke|p2|Zoroark-Hisui, F|\n|poke|p2|Gholdengo|\n|poke|p2|Infernape, F|\n|teampreview\n|inactive|Battle timer is ON: inactive players will automatically lose when time's up. (requested by axelzzz09)\n|\n|t:|1701108545\n|start\n|switch|p1a: Dragapult|Dragapult, M|100\/100\n|switch|p2a: Infernape|Infernape, F|100\/100\n|turn|1\n|\n|t:|1701108560\n|switch|p2a: Keldeo|Keldeo-Resolute|100\/100\n|move|p1a: Dragapult|Shadow Ball|p2a: Keldeo\n|-damage|p2a: Keldeo|16\/100\n|-damage|p1a: Dragapult|91\/100|[from] item: Life Orb\n|\n|upkeep\n|turn|2\n|\n|t:|1701108569\n|move|p2a: Keldeo|Air Slash|p1a: Dragapult\n|-damage|p1a: Dragapult|16\/100\n|replace|p1a: ninja spectral|Zoroark-Hisui, F\n|-end|p1a: ninja spectral|Illusion\n|move|p1a: ninja spectral|Shadow Ball|p2a: Keldeo\n|-damage|p2a: Keldeo|0 fnt\n|faint|p2a: Keldeo\n|-damage|p1a: ninja spectral|6\/100|[from] item: Life Orb\n|\n|upkeep\n|\n|t:|1701108574\n|switch|p2a: Infernape|Infernape, F|100\/100\n|turn|3\n|\n|t:|1701108583\n|move|p2a: Infernape|Overheat|p1a: ninja spectral\n|-damage|p1a: ninja spectral|0 fnt\n|-unboost|p2a: Infernape|spa|2\n|faint|p1a: ninja spectral\n|\n|upkeep\n|\n|t:|1701108600\n|switch|p1a: Dragapult|Dragapult, M|100\/100\n|turn|4\n|\n|t:|1701108610\n|switch|p2a: Lucario|Lucario, M|100\/100\n|move|p1a: Dragapult|Dragon Dance|p1a: Dragapult\n|-boost|p1a: Dragapult|atk|1\n|-boost|p1a: Dragapult|spe|1\n|\n|upkeep\n|turn|5\n|c|\u2606axelzzz09|jajaja\n|c|\u2606axelzzz09|tengo el poder\n|\n|t:|1701108622\n|detailschange|p2a: Lucario|Lucario-Mega, M\n|-mega|p2a: Lucario|Lucario|Lucarionite\n|move|p2a: Lucario|Bullet Punch|p1a: Dragapult\n|-damage|p1a: Dragapult|58\/100\n|move|p1a: Dragapult|Phantom Force||[still]\n|-prepare|p1a: Dragapult|Phantom Force\n|\n|upkeep\n|turn|6\n|\n|t:|1701108628\n|move|p1a: Dragapult|Phantom Force|p2a: Lucario|[from]lockedmove\n|-damage|p2a: Lucario|9\/100\n|move|p2a: Lucario|Swords Dance|p2a: Lucario\n|-boost|p2a: Lucario|atk|2\n|\n|upkeep\n|turn|7\n|\n|t:|1701108635\n|move|p2a: Lucario|Bullet Punch|p1a: Dragapult\n|-damage|p1a: Dragapult|0 fnt\n|faint|p1a: Dragapult\n|\n|upkeep\n|\n|t:|1701108640\n|switch|p1a: Tapu Lele|Tapu Lele|100\/100\n|-fieldstart|move: Psychic Terrain|[from] ability: Psychic Surge|[of] p1a: Tapu Lele\n|turn|8\n|\n|t:|1701108649\n|switch|p2a: Gholdengo|Gholdengo|100\/100\n|move|p1a: Tapu Lele|Draining Kiss|p2a: Gholdengo\n|-resisted|p2a: Gholdengo\n|-damage|p2a: Gholdengo|91\/100\n|\n|-heal|p2a: Gholdengo|97\/100|[from] item: Leftovers\n|upkeep\n|turn|9\n|\n|t:|1701108667\n|move|p1a: Tapu Lele|Thunderbolt|p2a: Gholdengo\n|-damage|p2a: Gholdengo|73\/100\n|move|p2a: Gholdengo|Shadow Ball|p1a: Tapu Lele\n|-supereffective|p1a: Tapu Lele\n|-damage|p1a: Tapu Lele|35\/100\n|\n|-heal|p1a: Tapu Lele|41\/100|[from] item: Leftovers\n|-heal|p2a: Gholdengo|80\/100|[from] item: Leftovers\n|upkeep\n|turn|10\n|c|\u2606axelzzz09|ok es lento\n|\n|t:|1701108682\n|move|p1a: Tapu Lele|Psychic|p2a: Gholdengo\n|-resisted|p2a: Gholdengo\n|-damage|p2a: Gholdengo|55\/100\n|move|p2a: Gholdengo|Shadow Ball|p1a: Tapu Lele\n|-supereffective|p1a: Tapu Lele\n|-damage|p1a: Tapu Lele|0 fnt\n|faint|p1a: Tapu Lele\n|\n|-heal|p2a: Gholdengo|61\/100|[from] item: Leftovers\n|upkeep\n|\n|t:|1701108691\n|switch|p1a: Gengar|Gengar, F|100\/100\n|turn|11\n|\n|t:|1701108704\n|switch|p2a: Infernape|Infernape, F|100\/100\n|detailschange|p1a: Gengar|Gengar-Mega, F\n|-mega|p1a: Gengar|Gengar|Gengarite\n|move|p1a: Gengar|Shadow Ball|p2a: Infernape\n|-immune|p2a: Infernape\n|\n|upkeep\n|turn|12\n|\n|t:|1701108716\n|move|p1a: Gengar|Nasty Plot|p1a: Gengar\n|-boost|p1a: Gengar|spa|2\n|move|p2a: Infernape|Shadow Ball|p1a: Gengar\n|-supereffective|p1a: Gengar\n|-damage|p1a: Gengar|0 fnt\n|faint|p1a: Gengar\n|\n|-fieldend|move: Psychic Terrain\n|upkeep\n|\n|t:|1701108724\n|switch|p1a: Clefable|Clefable, F|100\/100\n|turn|13\n|\n|t:|1701108737\n|move|p2a: Infernape|Shadow Ball|p1a: Clefable\n|-damage|p1a: Clefable|37\/100\n|move|p1a: Clefable|Calm Mind|p1a: Clefable\n|-boost|p1a: Clefable|spa|1\n|-boost|p1a: Clefable|spd|1\n|\n|-heal|p1a: Clefable|43\/100|[from] item: Leftovers\n|upkeep\n|turn|14\n|\n|t:|1701108745\n|switch|p2a: Gholdengo|Gholdengo|61\/100\n|move|p1a: Clefable|Wish|p1a: Clefable\n|\n|-heal|p2a: Gholdengo|67\/100|[from] item: Leftovers\n|-heal|p1a: Clefable|49\/100|[from] item: Leftovers\n|upkeep\n|turn|15\n|\n|t:|1701108753\n|move|p1a: Clefable|Protect|p1a: Clefable\n|-singleturn|p1a: Clefable|Protect\n|move|p2a: Gholdengo|Make It Rain|p1a: Clefable\n|-activate|p1a: Clefable|move: Protect\n|\n|-heal|p1a: Clefable|99\/100|[from] move: Wish|[wisher] Clefable\n|-heal|p2a: Gholdengo|73\/100|[from] item: Leftovers\n|-heal|p1a: Clefable|100\/100|[from] item: Leftovers\n|upkeep\n|turn|16\n|c|\u2606axelzzz09|me lo esperaba\n|\n|t:|1701108771\n|switch|p2a: Dragapult|Dragapult, M|100\/100\n|move|p1a: Clefable|Calm Mind|p1a: Clefable\n|-boost|p1a: Clefable|spa|1\n|-boost|p1a: Clefable|spd|1\n|\n|upkeep\n|turn|17\n|\n|t:|1701108778\n|-zpower|p2a: Dragapult\n|move|p2a: Dragapult|Never-Ending Nightmare|p1a: Clefable|[zeffect]\n|-damage|p1a: Clefable|37\/100\n|move|p1a: Clefable|Toxic|p2a: Dragapult\n|-status|p2a: Dragapult|tox\n|\n|-heal|p1a: Clefable|43\/100|[from] item: Leftovers\n|-damage|p2a: Dragapult|95\/100 tox|[from] psn\n|upkeep\n|turn|18\n|j| Mr cyphon\n|\n|t:|1701108798\n|move|p2a: Dragapult|Spirit Shackle|p1a: Clefable\n|-damage|p1a: Clefable|11\/100\n|-activate|p1a: Clefable|trapped\n|move|p1a: Clefable|Wish|p1a: Clefable\n|\n|-heal|p1a: Clefable|17\/100|[from] item: Leftovers\n|-damage|p2a: Dragapult|83\/100 tox|[from] psn\n|upkeep\n|turn|19\n|\n|t:|1701108807\n|switch|p2a: Infernape|Infernape, F|100\/100\n|move|p1a: Clefable|Protect||[still]\n|-fail|p1a: Clefable\n|\n|-heal|p1a: Clefable|67\/100|[from] move: Wish|[wisher] Clefable\n|-heal|p1a: Clefable|73\/100|[from] item: Leftovers\n|upkeep\n|turn|20\n|\n|t:|1701108817\n|move|p2a: Infernape|Stealth Rock|p1a: Clefable\n|-sidestart|p1: axelzzz09|move: Stealth Rock\n|move|p1a: Clefable|Wish|p1a: Clefable\n|\n|-heal|p1a: Clefable|79\/100|[from] item: Leftovers\n|upkeep\n|turn|21\n|\n|t:|1701108832\n|switch|p2a: Gholdengo|Gholdengo|73\/100\n|move|p1a: Clefable|Toxic|p2a: Gholdengo\n|-immune|p2a: Gholdengo|[from] ability: Good as Gold\n|\n|-heal|p1a: Clefable|100\/100|[from] move: Wish|[wisher] Clefable\n|-heal|p2a: Gholdengo|79\/100|[from] item: Leftovers\n|upkeep\n|turn|22\n|\n|t:|1701108844\n|move|p2a: Gholdengo|Nasty Plot|p2a: Gholdengo\n|-boost|p2a: Gholdengo|spa|2\n|move|p1a: Clefable|Calm Mind|p1a: Clefable\n|-boost|p1a: Clefable|spa|1\n|-boost|p1a: Clefable|spd|1\n|\n|-heal|p2a: Gholdengo|85\/100|[from] item: Leftovers\n|upkeep\n|turn|23\n|\n|t:|1701108854\n|move|p2a: Gholdengo|Make It Rain|p1a: Clefable\n|-supereffective|p1a: Clefable\n|-damage|p1a: Clefable|61\/100\n|-unboost|p2a: Gholdengo|spa|1\n|move|p1a: Clefable|Calm Mind|p1a: Clefable\n|-boost|p1a: Clefable|spa|1\n|-boost|p1a: Clefable|spd|1\n|\n|-heal|p2a: Gholdengo|91\/100|[from] item: Leftovers\n|-heal|p1a: Clefable|67\/100|[from] item: Leftovers\n|upkeep\n|turn|24\n|\n|t:|1701108866\n|move|p2a: Gholdengo|Make It Rain|p1a: Clefable\n|-supereffective|p1a: Clefable\n|-damage|p1a: Clefable|38\/100\n|-unboost|p2a: Gholdengo|spa|1\n|move|p1a: Clefable|Calm Mind|p1a: Clefable\n|-boost|p1a: Clefable|spa|1\n|-boost|p1a: Clefable|spd|1\n|\n|-heal|p2a: Gholdengo|97\/100|[from] item: Leftovers\n|-heal|p1a: Clefable|44\/100|[from] item: Leftovers\n|upkeep\n|turn|25\n|c|\u2606axelzzz09|xddd\n|c|\u2606axelzzz09|potente\n|\n|t:|1701108887\n|switch|p2a: Dragapult|Dragapult, M|83\/100 tox\n|move|p1a: Clefable|Wish|p1a: Clefable\n|\n|-heal|p1a: Clefable|50\/100|[from] item: Leftovers\n|-damage|p2a: Dragapult|77\/100 tox|[from] psn\n|upkeep\n|turn|26\n|\n|t:|1701108895\n|move|p1a: Clefable|Protect|p1a: Clefable\n|-singleturn|p1a: Clefable|Protect\n|move|p2a: Dragapult|Spirit Shackle|p1a: Clefable\n|-activate|p1a: Clefable|move: Protect\n|\n|-heal|p1a: Clefable|99\/100|[from] move: Wish|[wisher] Clefable\n|-heal|p1a: Clefable|100\/100|[from] item: Leftovers\n|-damage|p2a: Dragapult|65\/100 tox|[from] psn\n|upkeep\n|turn|27\n|\n|t:|1701108916\n|move|p2a: Dragapult|Spirit Shackle|p1a: Clefable\n|-damage|p1a: Clefable|68\/100\n|-activate|p1a: Clefable|trapped\n|move|p1a: Clefable|Calm Mind|p1a: Clefable\n|-boost|p1a: Clefable|spa|1\n|-boost|p1a: Clefable|spd|1\n|\n|-heal|p1a: Clefable|74\/100|[from] item: Leftovers\n|-damage|p2a: Dragapult|47\/100 tox|[from] psn\n|upkeep\n|turn|28\n|inactive|mudkipfan333 has 270 seconds left.\n|\n|t:|1701108949\n|move|p2a: Dragapult|Spirit Shackle|p1a: Clefable\n|-damage|p1a: Clefable|39\/100\n|move|p1a: Clefable|Wish|p1a: Clefable\n|\n|-heal|p1a: Clefable|45\/100|[from] item: Leftovers\n|-damage|p2a: Dragapult|23\/100 tox|[from] psn\n|upkeep\n|turn|29\n|inactive|mudkipfan333 has 270 seconds left.\n|inactive|axelzzz09 has 270 seconds left.\n|\n|t:|1701108980\n|switch|p2a: Gholdengo|Gholdengo|100\/100\n|move|p1a: Clefable|Toxic|p2a: Gholdengo\n|-status|p2a: Gholdengo|tox\n|\n|-heal|p1a: Clefable|95\/100|[from] move: Wish|[wisher] Clefable\n|-heal|p1a: Clefable|100\/100|[from] item: Leftovers\n|-damage|p2a: Gholdengo|95\/100 tox|[from] psn\n|upkeep\n|turn|30\n|inactive|axelzzz09 has 270 seconds left.\n|inactive|mudkipfan333 has 270 seconds left.\n|c|\u2606axelzzz09|xd\n|c|\u2606axelzzz09|es zorua\n|\n|t:|1701108996\n|move|p2a: Gholdengo|Frost Breath|p1a: Clefable\n|-crit|p1a: Clefable\n|-damage|p1a: Clefable|49\/100\n|move|p1a: Clefable|Calm Mind|p1a: Clefable\n|-boost|p1a: Clefable|spa|0\n|-boost|p1a: Clefable|spd|0\n|\n|-heal|p1a: Clefable|55\/100|[from] item: Leftovers\n|-damage|p2a: Gholdengo|83\/100 tox|[from] psn\n|upkeep\n|turn|31\n|\n|t:|1701109004\n|move|p2a: Gholdengo|Frost Breath|p1a: Clefable\n|-crit|p1a: Clefable\n|-damage|p1a: Clefable|0 fnt\n|faint|p1a: Clefable\n|\n|-damage|p2a: Gholdengo|65\/100 tox|[from] psn\n|upkeep\n|\n|t:|1701109011\n|switch|p1a: Gardevoir|Gardevoir, F|100\/100\n|-damage|p1a: Gardevoir|88\/100|[from] Stealth Rock\n|turn|32\n|c|\u2606mudkipfan333|oooo\n|inactive|axelzzz09 has 270 seconds left.\n|\n|t:|1701109018\n|move|p2a: Gholdengo|Frost Breath|p1a: Gardevoir\n|-crit|p1a: Gardevoir\n|-damage|p1a: Gardevoir|38\/100\n|move|p1a: Gardevoir|Draining Kiss|p2a: Gholdengo\n|-damage|p2a: Gholdengo|14\/100 tox\n|-heal|p1a: Gardevoir|66\/100|[from] drain|[of] p2a: Gholdengo\n|replace|p2a: Zoroark|Zoroark-Hisui, F\n|-end|p2a: Zoroark|Illusion\n|\n|-heal|p1a: Gardevoir|73\/100|[from] item: Leftovers\n|-damage|p2a: Zoroark|0 fnt|[from] psn\n|faint|p2a: Zoroark\n|upkeep\n|c|\u2606mudkipfan333|Gg\n|\n|t:|1701109023\n|switch|p2a: Lucario|Lucario-Mega, M|9\/100\n|turn|33\n|\n|t:|1701109033\n|move|p2a: Lucario|Bullet Punch|p1a: Gardevoir\n|-supereffective|p1a: Gardevoir\n|-damage|p1a: Gardevoir|0 fnt\n|faint|p1a: Gardevoir\n|\n|win|mudkipfan333\n|l|\u2606axelzzz09\n|l| Mr cyphon\n","uploadtime":1701109063,"views":2,"p1id":"axelzzz09","p2id":"mudkipfan333","formatid":"gen9ubers","rating":0,"private":0,"password":""}