{"id":"radicalred-gen9ubers-542167","p1":"bunman234","p2":"KRAFT Steering","format":"[Gen 9] Ubers","log":"|j|\u2606bunman234\n|j|\u2606KRAFT Steering\n|t:|1699053429\n|gametype|singles\n|player|p1|bunman234|rr-zygarde|\n|player|p2|KRAFT Steering|rr-urshifurapid|\n|teamsize|p1|6\n|teamsize|p2|6\n|gen|9\n|tier|[Gen 9] Ubers\n|rule|Sleep Clause Mod: Limit one foe put to sleep\n|rule|Species Clause: Limit one of each Pok\u00e9mon\n|rule|OHKO Clause: OHKO moves are banned\n|rule|Evasion Abilities Clause: Evasion abilities are banned\n|rule|Evasion Items Clause: Evasion items are banned\n|rule|Evasion Moves Clause: Evasion moves are banned\n|rule|Endless Battle Clause: Forcing endless battles is banned\n|rule|HP Percentage Mod: HP is shown in percentages\n|rule|Dynamax Clause: You cannot dynamax\n|rule|Mega Rayquaza Clause: You cannot mega evolve Rayquaza\n|clearpoke\n|poke|p1|Blaziken, M|\n|poke|p1|Carnivine-Sevii, M|\n|poke|p1|Tauros, M|\n|poke|p1|Guzzlord|\n|poke|p1|Tinkaton, F|\n|poke|p1|Noivern, F|\n|poke|p2|Pinsir, M|\n|poke|p2|Zamazenta-*|\n|poke|p2|Chandelure, M|\n|poke|p2|Zapdos|\n|poke|p2|Tapu Fini|\n|poke|p2|Stunfisk, F|\n|teampreview\n|c|\u2606KRAFT Steering|glhf\n|c|\u2606bunman234|you too!\n|\n|t:|1699053456\n|start\n|switch|p1a: LORD STRIKING CUM|Guzzlord|100\/100\n|switch|p2a: Smash With Frand|Tapu Fini|100\/100\n|-fieldstart|move: Misty Terrain|[from] ability: Misty Surge|[of] p2a: Smash With Frand\n|-ability|p1a: LORD STRIKING CUM|Dark Aura\n|turn|1\n|\n|t:|1699053463\n|switch|p1a: CHOMPING BALLS|Carnivine-Sevii, M|100\/100\n|move|p2a: Smash With Frand|Flip Turn|p1a: CHOMPING BALLS\n|-damage|p1a: CHOMPING BALLS|91\/100\n|-damage|p2a: Smash With Frand|84\/100|[from] item: Rocky Helmet|[of] p1a: CHOMPING BALLS\n|\n|t:|1699053465\n|switch|p2a: Smashing Kids?!?|Chandelure, M|100\/100|[from] Flip Turn\n|\n|upkeep\n|turn|2\n|\n|t:|1699053469\n|move|p2a: Smashing Kids?!?|Substitute|p2a: Smashing Kids?!?\n|-start|p2a: Smashing Kids?!?|Substitute\n|-damage|p2a: Smashing Kids?!?|76\/100\n|move|p1a: CHOMPING BALLS|Knock Off|p2a: Smashing Kids?!?\n|-supereffective|p2a: Smashing Kids?!?\n|-end|p2a: Smashing Kids?!?|Substitute\n|\n|-heal|p2a: Smashing Kids?!?|82\/100|[from] item: Leftovers\n|upkeep\n|turn|3\n|\n|t:|1699053472\n|move|p2a: Smashing Kids?!?|Flamethrower|p1a: CHOMPING BALLS\n|-supereffective|p1a: CHOMPING BALLS\n|-damage|p1a: CHOMPING BALLS|0 fnt\n|faint|p1a: CHOMPING BALLS\n|\n|-heal|p2a: Smashing Kids?!?|88\/100|[from] item: Leftovers\n|upkeep\n|\n|t:|1699053487\n|switch|p1a: LORD STRIKING CUM|Guzzlord|100\/100\n|-ability|p1a: LORD STRIKING CUM|Dark Aura\n|turn|4\n|\n|t:|1699053497\n|switch|p2a: Smash With Frand|Tapu Fini|84\/100\n|move|p1a: LORD STRIKING CUM|Parting Shot|p2a: Smash With Frand\n|-unboost|p2a: Smash With Frand|atk|1\n|-unboost|p2a: Smash With Frand|spa|1\n|\n|t:|1699053502\n|switch|p1a: Gen 1 cum|Tauros, M|100\/100|[from] Parting Shot\n|\n|upkeep\n|turn|5\n|\n|t:|1699053509\n|move|p1a: Gen 1 cum|Head Charge|p2a: Smash With Frand\n|-damage|p2a: Smash With Frand|30\/100\n|-damage|p1a: Gen 1 cum|84\/100|[from] item: Rocky Helmet|[of] p2a: Smash With Frand\n|-damage|p1a: Gen 1 cum|68\/100|[from] Recoil\n|move|p2a: Smash With Frand|Flip Turn|p1a: Gen 1 cum\n|-crit|p1a: Gen 1 cum\n|-damage|p1a: Gen 1 cum|42\/100\n|\n|t:|1699053515\n|switch|p2a: Woof Woof|Zamazenta|100\/100|[from] Flip Turn\n|-ability|p2a: Woof Woof|Dauntless Shield|boost\n|-boost|p2a: Woof Woof|def|1\n|\n|-fieldend|Misty Terrain\n|upkeep\n|turn|6\n|\n|t:|1699053521\n|switch|p1a: Cock torture|Tinkaton, F|100\/100\n|-ability|p1a: Cock torture|Mold Breaker\n|move|p2a: Woof Woof|Substitute|p2a: Woof Woof\n|-start|p2a: Woof Woof|Substitute\n|-damage|p2a: Woof Woof|76\/100\n|\n|-heal|p2a: Woof Woof|82\/100|[from] item: Leftovers\n|upkeep\n|turn|7\n|\n|t:|1699053523\n|move|p2a: Woof Woof|Iron Defense|p2a: Woof Woof\n|-boost|p2a: Woof Woof|def|2\n|move|p1a: Cock torture|Play Rough|p2a: Woof Woof\n|-supereffective|p2a: Woof Woof\n|-activate|p2a: Woof Woof|move: Substitute|[damage]\n|\n|-heal|p2a: Woof Woof|88\/100|[from] item: Leftovers\n|upkeep\n|turn|8\n|\n|t:|1699053526\n|move|p2a: Woof Woof|Iron Defense|p2a: Woof Woof\n|-boost|p2a: Woof Woof|def|2\n|move|p1a: Cock torture|Play Rough|p2a: Woof Woof\n|-supereffective|p2a: Woof Woof\n|-end|p2a: Woof Woof|Substitute\n|\n|-heal|p2a: Woof Woof|94\/100|[from] item: Leftovers\n|upkeep\n|turn|9\n|\n|t:|1699053532\n|switch|p1a: Swooping dicks|Noivern, F|100\/100\n|move|p2a: Woof Woof|Substitute|p2a: Woof Woof\n|-start|p2a: Woof Woof|Substitute\n|-damage|p2a: Woof Woof|69\/100\n|\n|-heal|p2a: Woof Woof|76\/100|[from] item: Leftovers\n|upkeep\n|turn|10\n|\n|t:|1699053534\n|move|p2a: Woof Woof|Ice Fang|p1a: Swooping dicks\n|-supereffective|p1a: Swooping dicks\n|-damage|p1a: Swooping dicks|11\/100\n|move|p1a: Swooping dicks|Aeroblast|p2a: Woof Woof\n|-supereffective|p2a: Woof Woof\n|-damage|p2a: Woof Woof|3\/100\n|\n|-heal|p2a: Woof Woof|9\/100|[from] item: Leftovers\n|upkeep\n|turn|11\n|j| Pluto the 12\n|\n|t:|1699053540\n|move|p2a: Woof Woof|Ice Fang|p1a: Swooping dicks\n|-supereffective|p1a: Swooping dicks\n|-damage|p1a: Swooping dicks|0 fnt\n|faint|p1a: Swooping dicks\n|\n|-heal|p2a: Woof Woof|15\/100|[from] item: Leftovers\n|upkeep\n|\n|t:|1699053560\n|switch|p1a: LORD STRIKING CUM|Guzzlord|100\/100\n|-ability|p1a: LORD STRIKING CUM|Dark Aura\n|turn|12\n|\n|t:|1699053563\n|move|p2a: Woof Woof|Body Press|p1a: LORD STRIKING CUM\n|-supereffective|p1a: LORD STRIKING CUM\n|-enditem|p1a: LORD STRIKING CUM|Chople Berry|[eat]\n|-enditem|p1a: LORD STRIKING CUM|Chople Berry|[weaken]\n|-damage|p1a: LORD STRIKING CUM|31\/100\n|move|p1a: LORD STRIKING CUM|Poison Jab|p2a: Woof Woof\n|-activate|p2a: Woof Woof|move: Substitute|[damage]\n|\n|-heal|p2a: Woof Woof|21\/100|[from] item: Leftovers\n|upkeep\n|turn|13\n|\n|t:|1699053569\n|move|p2a: Woof Woof|Body Press|p1a: LORD STRIKING CUM\n|-supereffective|p1a: LORD STRIKING CUM\n|-damage|p1a: LORD STRIKING CUM|0 fnt\n|faint|p1a: LORD STRIKING CUM\n|\n|-heal|p2a: Woof Woof|28\/100|[from] item: Leftovers\n|upkeep\n|\n|t:|1699053571\n|switch|p1a: Cock torture|Tinkaton, F|100\/100\n|-ability|p1a: Cock torture|Mold Breaker\n|turn|14\n|\n|t:|1699053572\n|move|p2a: Woof Woof|Body Press|p1a: Cock torture\n|-damage|p1a: Cock torture|0 fnt\n|faint|p1a: Cock torture\n|\n|-heal|p2a: Woof Woof|34\/100|[from] item: Leftovers\n|upkeep\n|\n|t:|1699053575\n|switch|p1a: KFCOCK|Blaziken, M|100\/100\n|turn|15\n|\n|t:|1699053578\n|detailschange|p1a: KFCOCK|Blaziken-Mega, M\n|-mega|p1a: KFCOCK|Blaziken|Blazikenite\n|move|p2a: Woof Woof|Body Press|p1a: KFCOCK\n|-damage|p1a: KFCOCK|0 fnt\n|faint|p1a: KFCOCK\n|\n|-heal|p2a: Woof Woof|40\/100|[from] item: Leftovers\n|upkeep\n|\n|t:|1699053580\n|switch|p1a: Gen 1 cum|Tauros, M|42\/100\n|turn|16\n|\n|t:|1699053581\n|move|p2a: Woof Woof|Body Press|p1a: Gen 1 cum\n|-supereffective|p1a: Gen 1 cum\n|-damage|p1a: Gen 1 cum|0 fnt\n|faint|p1a: Gen 1 cum\n|\n|win|KRAFT Steering\n","uploadtime":1699053586,"views":55,"p1id":"bunman234","p2id":"kraftsteering","formatid":"gen9ubers","rating":0,"private":0,"password":""}