{"id":"radicalred-gen9ubers-550610","p1":"The Carkol Rider","p2":"MagicMag","format":"[Gen 9] Ubers","log":"|j|\u2606The Carkol Rider\n|j|\u2606MagicMag\n|t:|1700900999\n|gametype|singles\n|player|p1|The Carkol Rider|rr-koraidon|\n|player|p2|MagicMag|102|\n|teamsize|p1|6\n|teamsize|p2|6\n|gen|9\n|tier|[Gen 9] Ubers\n|rule|Sleep Clause Mod: Limit one foe put to sleep\n|rule|Species Clause: Limit one of each Pok\u00e9mon\n|rule|OHKO Clause: OHKO moves are banned\n|rule|Evasion Abilities Clause: Evasion abilities are banned\n|rule|Evasion Items Clause: Evasion items are banned\n|rule|Evasion Moves Clause: Evasion moves are banned\n|rule|Endless Battle Clause: Forcing endless battles is banned\n|rule|HP Percentage Mod: HP is shown in percentages\n|rule|Dynamax Clause: You cannot dynamax\n|rule|Mega Rayquaza Clause: You cannot mega evolve Rayquaza\n|clearpoke\n|poke|p1|Gallade, M|\n|poke|p1|Sandy Shocks|\n|poke|p1|Regidrago|\n|poke|p1|Greninja-*, F|\n|poke|p1|Roselia, F|\n|poke|p1|Orthworm, F|\n|poke|p2|Aerodactyl, M|\n|poke|p2|Greninja-*, M|\n|poke|p2|Runerigus, M|\n|poke|p2|Genesect|\n|poke|p2|Zamazenta-*|\n|poke|p2|Grafaiai, F|\n|teampreview\n|c|\u2606The Carkol Rider|glhf\n|c|\u2606MagicMag|Roselia?!\n|c|\u2606MagicMag|Cooking\n|c|\u2606MagicMag|u2\n|\n|t:|1700901069\n|start\n|switch|p1a: Greninja|Greninja, F|100\/100\n|switch|p2a: Fiddler|Genesect|100\/100\n|-ability|p2a: Fiddler|Download|boost\n|-boost|p2a: Fiddler|atk|1\n|turn|1\n|\n|t:|1700901146\n|move|p1a: Greninja|Water Shuriken|p2a: Fiddler\n|-start|p1a: Greninja|typechange|Water|[from] ability: Protean\n|-damage|p2a: Fiddler|93\/100\n|-damage|p2a: Fiddler|85\/100\n|-damage|p2a: Fiddler|77\/100\n|-hitcount|p2a: Fiddler|3\n|move|p2a: Fiddler|U-turn|p1a: Greninja\n|-damage|p1a: Greninja|14\/100\n|c|\u2606MagicMag|chip\n|\n|t:|1700901169\n|switch|p2a: Koryk|Zamazenta-Crowned|100\/100|[from] U-turn\n|-ability|p2a: Koryk|Dauntless Shield|boost\n|-boost|p2a: Koryk|def|1\n|\n|upkeep\n|turn|2\n|\n|t:|1700901208\n|switch|p1a: Sandy Shocks|Sandy Shocks|100\/100\n|-enditem|p1a: Sandy Shocks|Booster Energy\n|-activate|p1a: Sandy Shocks|ability: Protosynthesis|[fromitem]\n|-start|p1a: Sandy Shocks|protosynthesisspe\n|move|p2a: Koryk|Bulk Up|p2a: Koryk\n|-boost|p2a: Koryk|atk|1\n|-boost|p2a: Koryk|def|1\n|\n|upkeep\n|turn|3\n|\n|t:|1700901260\n|move|p1a: Sandy Shocks|Stealth Rock|p2a: Koryk\n|-sidestart|p2: MagicMag|move: Stealth Rock\n|move|p2a: Koryk|Close Combat|p1a: Sandy Shocks\n|-damage|p1a: Sandy Shocks|3\/100\n|-unboost|p2a: Koryk|def|1\n|-unboost|p2a: Koryk|spd|1\n|\n|upkeep\n|turn|4\n|c|\u2606MagicMag|this is very sad\n|\n|t:|1700901274\n|switch|p2a: Fiddler|Genesect|77\/100\n|-damage|p2a: Fiddler|64\/100|[from] Stealth Rock\n|-ability|p2a: Fiddler|Download|boost\n|-boost|p2a: Fiddler|spa|1\n|move|p1a: Sandy Shocks|Earth Power|p2a: Fiddler\n|-damage|p2a: Fiddler|31\/100\n|\n|upkeep\n|turn|5\n|\n|t:|1700901281\n|move|p2a: Fiddler|Extreme Speed|p1a: Sandy Shocks\n|-damage|p1a: Sandy Shocks|0 fnt\n|faint|p1a: Sandy Shocks\n|-end|p1a: Sandy Shocks|Protosynthesis|[silent]\n|\n|upkeep\n|\n|t:|1700901291\n|switch|p1a: Gallade|Gallade, M|100\/100\n|turn|6\n|\n|t:|1700901330\n|detailschange|p1a: Gallade|Gallade-Mega, M\n|-mega|p1a: Gallade|Gallade|Galladite\n|move|p2a: Fiddler|Extreme Speed|p1a: Gallade\n|-damage|p1a: Gallade|73\/100\n|move|p1a: Gallade|Aqua Cutter|p2a: Fiddler\n|-damage|p2a: Fiddler|0 fnt\n|faint|p2a: Fiddler\n|\n|upkeep\n|\n|t:|1700901383\n|switch|p2a: Gumble|Grafaiai, F|100\/100\n|-damage|p2a: Gumble|88\/100|[from] Stealth Rock\n|turn|7\n|\n|t:|1700901389\n|switch|p1a: Orthworm|Orthworm, F|100\/100\n|move|p2a: Gumble|Sticky Web|p1a: Orthworm\n|-sidestart|p1: The Carkol Rider|move: Sticky Web\n|\n|upkeep\n|turn|8\n|c|\u2606The Carkol Rider|oh wut\n|\n|t:|1700901404\n|move|p2a: Gumble|Parting Shot|p1a: Orthworm\n|-unboost|p1a: Orthworm|atk|1\n|-unboost|p1a: Orthworm|spa|1\n|c|\u2606MagicMag|this mon gets to sketch a move\n|\n|t:|1700901415\n|switch|p2a: Koryk|Zamazenta-Crowned|100\/100|[from] Parting Shot\n|-damage|p2a: Koryk|97\/100|[from] Stealth Rock\n|-ability|p2a: Koryk|Dauntless Shield|boost\n|-boost|p2a: Koryk|def|1\n|move|p1a: Orthworm|Iron Defense|p1a: Orthworm\n|-boost|p1a: Orthworm|def|2\n|\n|upkeep\n|turn|9\n|c|\u2606The Carkol Rider|oh thats just great :)\n|\n|t:|1700901423\n|switch|p2a: Gumble|Grafaiai, F|88\/100\n|-damage|p2a: Gumble|76\/100|[from] Stealth Rock\n|move|p1a: Orthworm|Dragon Tail|p2a: Gumble\n|-damage|p2a: Gumble|65\/100\n|drag|p2a: Koryk|Zamazenta-Crowned|97\/100\n|-damage|p2a: Koryk|94\/100|[from] Stealth Rock\n|-ability|p2a: Koryk|Dauntless Shield|boost\n|-boost|p2a: Koryk|def|1\n|\n|upkeep\n|turn|10\n|\n|t:|1700901438\n|move|p2a: Koryk|Bulk Up|p2a: Koryk\n|-boost|p2a: Koryk|atk|1\n|-boost|p2a: Koryk|def|1\n|move|p1a: Orthworm|Body Press|p2a: Koryk\n|-supereffective|p2a: Koryk\n|-damage|p2a: Koryk|53\/100\n|\n|upkeep\n|turn|11\n|j| jchjve\n|\n|t:|1700901505\n|move|p2a: Koryk|Bulk Up|p2a: Koryk\n|-boost|p2a: Koryk|atk|1\n|-boost|p2a: Koryk|def|1\n|move|p1a: Orthworm|Body Press|p2a: Koryk\n|-supereffective|p2a: Koryk\n|-damage|p2a: Koryk|20\/100\n|\n|upkeep\n|turn|12\n|\n|t:|1700901520\n|switch|p1a: Regidrago|Regidrago|100\/100\n|-activate|p1a: Regidrago|move: Sticky Web\n|-unboost|p1a: Regidrago|spe|1\n|move|p2a: Koryk|Close Combat|p1a: Regidrago\n|-damage|p1a: Regidrago|0 fnt\n|-unboost|p2a: Koryk|def|1\n|-unboost|p2a: Koryk|spd|1\n|faint|p1a: Regidrago\n|\n|upkeep\n|\n|t:|1700901528\n|switch|p1a: Greninja|Greninja, F|14\/100\n|-activate|p1a: Greninja|move: Sticky Web\n|-unboost|p1a: Greninja|spe|1\n|turn|13\n|\n|t:|1700901553\n|switch|p2a: Gumble|Grafaiai, F|65\/100\n|-damage|p2a: Gumble|52\/100|[from] Stealth Rock\n|move|p1a: Greninja|Water Shuriken|p2a: Gumble\n|-start|p1a: Greninja|typechange|Water|[from] ability: Protean\n|-damage|p2a: Gumble|43\/100\n|-damage|p2a: Gumble|33\/100\n|-damage|p2a: Gumble|23\/100\n|-hitcount|p2a: Gumble|3\n|\n|upkeep\n|turn|14\n|\n|t:|1700901565\n|-zpower|p2a: Gumble\n|move|p2a: Gumble|Z-Parting Shot|p1a: Greninja|[anim]Parting Shot\n|-activate|p2a: Gumble|healreplacement\n|-unboost|p1a: Greninja|atk|1\n|-unboost|p1a: Greninja|spa|1\n|\n|t:|1700901570\n|switch|p2a: Koryk|Zamazenta-Crowned|20\/100|[from] Parting Shot\n|-heal|p2a: Koryk|100\/100|[from] move: Parting Shot|[zeffect]\n|-damage|p2a: Koryk|97\/100|[from] Stealth Rock\n|-ability|p2a: Koryk|Dauntless Shield|boost\n|-boost|p2a: Koryk|def|1\n|move|p1a: Greninja|Water Shuriken|p2a: Koryk\n|-damage|p2a: Koryk|92\/100\n|-damage|p2a: Koryk|87\/100\n|-hitcount|p2a: Koryk|2\n|\n|upkeep\n|turn|15\n|c|\u2606The Carkol Rider|oh fuck me\n|c|\u2606The Carkol Rider|LOL\n|c|\u2606MagicMag|dont mind me\n|c|\u2606MagicMag|LMAO\n|\n|t:|1700901593\n|switch|p1a: Gallade|Gallade-Mega, M|73\/100\n|-activate|p1a: Gallade|move: Sticky Web\n|-unboost|p1a: Gallade|spe|1\n|move|p2a: Koryk|Behemoth Bash|p1a: Gallade\n|-damage|p1a: Gallade|21\/100\n|\n|upkeep\n|turn|16\n|\n|t:|1700901608\n|move|p2a: Koryk|Behemoth Bash|p1a: Gallade\n|-damage|p1a: Gallade|0 fnt\n|faint|p1a: Gallade\n|\n|upkeep\n|\n|t:|1700901611\n|switch|p1a: Roselia|Roselia, F|100\/100\n|-activate|p1a: Roselia|move: Sticky Web\n|-unboost|p1a: Roselia|spe|1\n|turn|17\n|\n|t:|1700901629\n|move|p2a: Koryk|Bulk Up|p2a: Koryk\n|-boost|p2a: Koryk|atk|1\n|-boost|p2a: Koryk|def|1\n|move|p1a: Roselia|Sleep Powder|p2a: Koryk|[miss]\n|-miss|p1a: Roselia|p2a: Koryk\n|\n|upkeep\n|turn|18\n|c|\u2606The Carkol Rider|:)\n|c|\u2606MagicMag|I see\n|c|\u2606MagicMag|good im bright powder to dodge it\n|j| fereref\n|\n|t:|1700901655\n|move|p2a: Koryk|Behemoth Bash|p1a: Roselia\n|-damage|p1a: Roselia|2\/100\n|move|p1a: Roselia|Sleep Powder|p2a: Koryk\n|-status|p2a: Koryk|slp|[from] move: Sleep Powder\n|\n|upkeep\n|turn|19\n|\n|t:|1700901662\n|switch|p1a: Greninja|Greninja, F|14\/100\n|-activate|p1a: Greninja|move: Sticky Web\n|-unboost|p1a: Greninja|spe|1\n|cant|p2a: Koryk|slp\n|\n|upkeep\n|turn|20\n|\n|t:|1700901666\n|-curestatus|p2a: Koryk|slp|[msg]\n|move|p2a: Koryk|Behemoth Bash|p1a: Greninja\n|-resisted|p1a: Greninja\n|-damage|p1a: Greninja|0 fnt\n|faint|p1a: Greninja\n|\n|upkeep\n|\n|t:|1700901669\n|switch|p1a: Orthworm|Orthworm, F|100\/100\n|-activate|p1a: Orthworm|move: Sticky Web\n|-unboost|p1a: Orthworm|spe|1\n|turn|21\n|\n|t:|1700901674\n|move|p2a: Koryk|Close Combat|p1a: Orthworm\n|-supereffective|p1a: Orthworm\n|-damage|p1a: Orthworm|0 fnt\n|-unboost|p2a: Koryk|def|1\n|-unboost|p2a: Koryk|spd|1\n|faint|p1a: Orthworm\n|\n|upkeep\n|\n|t:|1700901678\n|switch|p1a: Roselia|Roselia, F|2\/100\n|-activate|p1a: Roselia|move: Sticky Web\n|-unboost|p1a: Roselia|spe|1\n|turn|22\n|\n|t:|1700901682\n|move|p2a: Koryk|Behemoth Bash|p1a: Roselia\n|-damage|p1a: Roselia|0 fnt\n|faint|p1a: Roselia\n|\n|win|MagicMag\n|c|\u2606MagicMag|GG!\n|c|\u2606The Carkol Rider|gg\n","uploadtime":1700901689,"views":7,"p1id":"thecarkolrider","p2id":"magicmag","formatid":"gen9ubers","rating":0,"private":0,"password":""}