{"id":"radicalred-gen9ubers-542514","p1":"Th3Fri3dChick3n","p2":"blurngr","format":"[Gen 9] Ubers","log":"|j|\u2606Th3Fri3dChick3n\n|j|\u2606blurngr\n|t:|1699134996\n|gametype|singles\n|player|p1|Th3Fri3dChick3n|1|\n|player|p2|blurngr|2|\n|teamsize|p1|6\n|teamsize|p2|6\n|gen|9\n|tier|[Gen 9] Ubers\n|rule|Sleep Clause Mod: Limit one foe put to sleep\n|rule|Species Clause: Limit one of each Pok\u00e9mon\n|rule|OHKO Clause: OHKO moves are banned\n|rule|Evasion Abilities Clause: Evasion abilities are banned\n|rule|Evasion Items Clause: Evasion items are banned\n|rule|Evasion Moves Clause: Evasion moves are banned\n|rule|Endless Battle Clause: Forcing endless battles is banned\n|rule|HP Percentage Mod: HP is shown in percentages\n|rule|Dynamax Clause: You cannot dynamax\n|rule|Mega Rayquaza Clause: You cannot mega evolve Rayquaza\n|clearpoke\n|poke|p1|Sandaconda, M|\n|poke|p1|Rotom-Heat|\n|poke|p1|Terrakion|\n|poke|p1|Naganadel|\n|poke|p1|Samurott-Hisui, F|\n|poke|p1|Magearna|\n|poke|p2|Delphox, M|\n|poke|p2|Krookodile, M|\n|poke|p2|Florges, F|\n|poke|p2|Kingler, M|\n|poke|p2|Tornadus-Therian, M|\n|poke|p2|Zebstrika-Sevii, M|\n|teampreview\n|c|\u2606Th3Fri3dChick3n|glhf\n|c|\u2606blurngr|u2\n|\n|t:|1699135060\n|start\n|switch|p1a: Rotom|Rotom-Heat|100\/100\n|switch|p2a: Kingler|Kingler, M|100\/100\n|turn|1\n|\n|t:|1699135079\n|switch|p1a: Magearna|Magearna|100\/100\n|detailschange|p2a: Kingler|Kingler-Mega, M\n|-mega|p2a: Kingler|Kingler|Kinglerite\n|move|p2a: Kingler|Crabhammer|p1a: Magearna|[miss]\n|-miss|p2a: Kingler|p1a: Magearna\n|\n|upkeep\n|turn|2\n|\n|t:|1699135087\n|switch|p2a: Delphox|Delphox, M|100\/100\n|move|p1a: Magearna|Aura Sphere|p2a: Delphox\n|-resisted|p2a: Delphox\n|-damage|p2a: Delphox|82\/100\n|\n|upkeep\n|turn|3\n|\n|t:|1699135096\n|switch|p1a: Rotom|Rotom-Heat|100\/100\n|move|p2a: Delphox|Substitute|p2a: Delphox\n|-start|p2a: Delphox|Substitute\n|-damage|p2a: Delphox|57\/100\n|\n|upkeep\n|turn|4\n|\n|t:|1699135106\n|move|p2a: Delphox|Nasty Plot|p2a: Delphox\n|-boost|p2a: Delphox|spa|2\n|move|p1a: Rotom|Volt Switch|p2a: Delphox\n|-crit|p2a: Delphox\n|-end|p2a: Delphox|Substitute\n|\n|t:|1699135113\n|switch|p1a: Terrakion|Terrakion|100\/100|[from] Volt Switch\n|\n|upkeep\n|turn|5\n|\n|t:|1699135134\n|switch|p2a: Florges|Florges, F|100\/100\n|move|p1a: Terrakion|Stone Edge|p2a: Florges\n|-crit|p2a: Florges\n|-damage|p2a: Florges|2\/100\n|\n|-heal|p2a: Florges|8\/100|[from] item: Leftovers\n|upkeep\n|turn|6\n|\n|t:|1699135142\n|move|p1a: Terrakion|Stone Edge|p2a: Florges\n|-crit|p2a: Florges\n|-damage|p2a: Florges|0 fnt\n|faint|p2a: Florges\n|\n|upkeep\n|\n|t:|1699135146\n|switch|p2a: Krookodile|Krookodile, M|100\/100\n|-ability|p2a: Krookodile|Intimidate|boost\n|-unboost|p1a: Terrakion|atk|1\n|turn|7\n|\n|t:|1699135162\n|switch|p1a: Sandaconda|Sandaconda, M|100\/100\n|move|p2a: Krookodile|Earthquake|p1a: Sandaconda\n|-damage|p1a: Sandaconda|54\/100\n|-weather|Sandstorm|[from] ability: Sand Spit|[of] p1a: Sandaconda\n|\n|-weather|Sandstorm|[upkeep]\n|upkeep\n|turn|8\n|\n|t:|1699135189\n|switch|p2a: Tornadus|Tornadus-Therian, M|100\/100\n|detailschange|p1a: Sandaconda|Sandaconda-Mega, M\n|-mega|p1a: Sandaconda|Sandaconda|Sandacondite\n|move|p1a: Sandaconda|Stealth Rock|p2a: Tornadus\n|-sidestart|p2: blurngr|move: Stealth Rock\n|\n|-weather|Sandstorm|[upkeep]\n|-damage|p2a: Tornadus|94\/100|[from] Sandstorm\n|upkeep\n|turn|9\n|\n|t:|1699135199\n|move|p2a: Tornadus|Defog|p1a: Sandaconda\n|-unboost|p1a: Sandaconda|evasion|1\n|-sideend|p2: blurngr|Stealth Rock|[from] move: Defog|[of] p2a: Tornadus\n|move|p1a: Sandaconda|Glare|p2a: Tornadus\n|-status|p2a: Tornadus|par\n|\n|-weather|Sandstorm|[upkeep]\n|-damage|p2a: Tornadus|88\/100 par|[from] Sandstorm\n|upkeep\n|turn|10\n|\n|t:|1699135210\n|move|p1a: Sandaconda|Body Slam|p2a: Tornadus\n|-damage|p2a: Tornadus|25\/100 par\n|-damage|p1a: Sandaconda|37\/100|[from] item: Rocky Helmet|[of] p2a: Tornadus\n|move|p2a: Tornadus|U-turn|p1a: Sandaconda\n|-resisted|p1a: Sandaconda\n|-damage|p1a: Sandaconda|32\/100\n|\n|t:|1699135215\n|switch|p2a: Zebstrika|Zebstrika-Sevii, M|100\/100|[from] U-turn\n|\n|-weather|Sandstorm|[upkeep]\n|-damage|p2a: Zebstrika|95\/100|[from] Sandstorm\n|upkeep\n|turn|11\n|\n|t:|1699135223\n|switch|p1a: Rotom|Rotom-Heat|100\/100\n|move|p2a: Zebstrika|Ice Beam|p1a: Rotom\n|-resisted|p1a: Rotom\n|-crit|p1a: Rotom\n|-damage|p1a: Rotom|60\/100\n|\n|-weather|none\n|upkeep\n|turn|12\n|\n|t:|1699135244\n|switch|p2a: Delphox|Delphox, M|57\/100\n|move|p1a: Rotom|Overheat|p2a: Delphox\n|-resisted|p2a: Delphox\n|-damage|p2a: Delphox|19\/100\n|-unboost|p1a: Rotom|spa|2\n|\n|upkeep\n|turn|13\n|j| The Big X_X\n|l| The Big X_X\n|\n|t:|1699135312\n|move|p2a: Delphox|Mind Blown|p1a: Rotom\n|-resisted|p1a: Rotom\n|-damage|p1a: Rotom|0 fnt\n|faint|p1a: Rotom\n|\n|upkeep\n|\n|t:|1699135385\n|switch|p1a: Terrakion|Terrakion|100\/100\n|turn|14\n|\n|t:|1699135401\n|switch|p2a: Tornadus|Tornadus-Therian, M|58\/100 par\n|move|p1a: Terrakion|Sacred Sword|p2a: Tornadus\n|-resisted|p2a: Tornadus\n|-damage|p2a: Tornadus|20\/100 par\n|-damage|p1a: Terrakion|84\/100|[from] item: Rocky Helmet|[of] p2a: Tornadus\n|\n|upkeep\n|turn|15\n|\n|t:|1699135413\n|move|p1a: Terrakion|Sacred Sword|p2a: Tornadus\n|-resisted|p2a: Tornadus\n|-damage|p2a: Tornadus|0 fnt\n|-damage|p1a: Terrakion|68\/100|[from] item: Rocky Helmet|[of] p2a: Tornadus\n|faint|p2a: Tornadus\n|\n|upkeep\n|\n|t:|1699135453\n|switch|p2a: Krookodile|Krookodile, M|100\/100\n|-ability|p2a: Krookodile|Intimidate|boost\n|-unboost|p1a: Terrakion|atk|1\n|turn|16\n|\n|t:|1699135495\n|switch|p1a: Sandaconda|Sandaconda-Mega, M|32\/100\n|move|p2a: Krookodile|Close Combat|p1a: Sandaconda\n|-resisted|p1a: Sandaconda\n|-damage|p1a: Sandaconda|18\/100\n|-unboost|p2a: Krookodile|def|1\n|-unboost|p2a: Krookodile|spd|1\n|\n|upkeep\n|turn|17\n|\n|t:|1699135531\n|move|p2a: Krookodile|Close Combat|p1a: Sandaconda\n|-resisted|p1a: Sandaconda\n|-damage|p1a: Sandaconda|5\/100\n|-unboost|p2a: Krookodile|def|1\n|-unboost|p2a: Krookodile|spd|1\n|move|p1a: Sandaconda|Stealth Rock|p2a: Krookodile\n|-sidestart|p2: blurngr|move: Stealth Rock\n|\n|upkeep\n|turn|18\n|\n|t:|1699135553\n|move|p2a: Krookodile|Close Combat|p1a: Sandaconda\n|-resisted|p1a: Sandaconda\n|-damage|p1a: Sandaconda|0 fnt\n|-unboost|p2a: Krookodile|def|1\n|-unboost|p2a: Krookodile|spd|1\n|faint|p1a: Sandaconda\n|\n|upkeep\n|\n|t:|1699135555\n|switch|p1a: Terrakion|Terrakion|68\/100\n|turn|19\n|\n|t:|1699135570\n|move|p1a: Terrakion|Sacred Sword|p2a: Krookodile\n|-supereffective|p2a: Krookodile\n|-damage|p2a: Krookodile|0 fnt\n|faint|p2a: Krookodile\n|\n|upkeep\n|\n|t:|1699135588\n|switch|p2a: Kingler|Kingler-Mega, M|100\/100\n|-damage|p2a: Kingler|95\/100|[from] Stealth Rock\n|turn|20\n|\n|t:|1699135608\n|move|p1a: Terrakion|Sacred Sword|p2a: Kingler\n|-supereffective|p2a: Kingler\n|-crit|p2a: Kingler\n|-damage|p2a: Kingler|0 fnt\n|faint|p2a: Kingler\n|\n|upkeep\n|c|\u2606blurngr|gg\n|\n|t:|1699135621\n|switch|p2a: Delphox|Delphox, M|19\/100\n|turn|21\n|c|\u2606Th3Fri3dChick3n|ggs\n|\n|t:|1699135623\n|move|p1a: Terrakion|Sacred Sword|p2a: Delphox\n|-resisted|p2a: Delphox\n|-damage|p2a: Delphox|0 fnt\n|faint|p2a: Delphox\n|\n|upkeep\n|\n|t:|1699135625\n|switch|p2a: Zebstrika|Zebstrika-Sevii, M|95\/100\n|turn|22\n|\n|t:|1699135631\n|move|p1a: Terrakion|Sacred Sword|p2a: Zebstrika\n|-supereffective|p2a: Zebstrika\n|-damage|p2a: Zebstrika|0 fnt\n|faint|p2a: Zebstrika\n|\n|win|Th3Fri3dChick3n\n","uploadtime":1699135639,"views":26,"p1id":"th3fri3dchick3n","p2id":"blurngr","formatid":"gen9ubers","rating":0,"private":0,"password":""}