{"id":"radicalred-gen9ubers-548673","p1":"nosexd123","p2":"Heidhall","format":"[Gen 9] Ubers","log":"|j|\u2606nosexd123\n|j|\u2606Heidhall\n|t:|1700417484\n|gametype|singles\n|player|p1|nosexd123|rr-greninja|\n|player|p2|Heidhall|rr-jirachi|\n|teamsize|p1|6\n|teamsize|p2|6\n|gen|9\n|tier|[Gen 9] Ubers\n|rule|Sleep Clause Mod: Limit one foe put to sleep\n|rule|Species Clause: Limit one of each Pok\u00e9mon\n|rule|OHKO Clause: OHKO moves are banned\n|rule|Evasion Abilities Clause: Evasion abilities are banned\n|rule|Evasion Items Clause: Evasion items are banned\n|rule|Evasion Moves Clause: Evasion moves are banned\n|rule|Endless Battle Clause: Forcing endless battles is banned\n|rule|HP Percentage Mod: HP is shown in percentages\n|rule|Dynamax Clause: You cannot dynamax\n|rule|Mega Rayquaza Clause: You cannot mega evolve Rayquaza\n|clearpoke\n|poke|p1|Donphan, M|\n|poke|p1|Meowscarada, F|\n|poke|p1|Duraludon, F|\n|poke|p1|Shuckle, F|\n|poke|p1|Alomomola, M|\n|poke|p1|Kingambit, F|\n|poke|p2|Raichu-Alola, M|\n|poke|p2|Scizor, M|\n|poke|p2|Shuckle, M|\n|poke|p2|Centiskorch-Sevii, M|\n|poke|p2|Manectric, M|\n|poke|p2|Tapu Koko|\n|teampreview\n|c|\u2606Heidhall|Ese Shucle me suena...\n|c|\u2606nosexd123|xd\n|c|\u2606nosexd123|buena suerte\n|\n|t:|1700417516\n|start\n|switch|p1a: Shuckle|Shuckle, F|100\/100\n|switch|p2a: Chili Peper|Tapu Koko, shiny|100\/100\n|-fieldstart|move: Electric Terrain|[from] ability: Electric Surge|[of] p2a: Chili Peper\n|turn|1\n|\n|t:|1700417522\n|move|p2a: Chili Peper|U-turn|p1a: Shuckle\n|-damage|p1a: Shuckle|86\/100\n|\n|t:|1700417526\n|switch|p2a: Cizalla|Scizor, M|100\/100|[from] U-turn\n|move|p1a: Shuckle|Sticky Web|p2a: Cizalla\n|-sidestart|p2: Heidhall|move: Sticky Web\n|\n|upkeep\n|turn|2\n|\n|t:|1700417529\n|move|p2a: Cizalla|Defog|p1a: Shuckle\n|-unboost|p1a: Shuckle|evasion|1\n|-sideend|p2: Heidhall|Sticky Web|[from] move: Defog|[of] p2a: Cizalla\n|-fieldend|move: Electric Terrain\n|move|p1a: Shuckle|Stealth Rock|p2a: Cizalla\n|-sidestart|p2: Heidhall|move: Stealth Rock\n|\n|upkeep\n|turn|3\n|\n|t:|1700417542\n|switch|p1a: Alomomola|Alomomola, M|100\/100\n|move|p2a: Cizalla|Bullet Punch|p1a: Alomomola\n|-resisted|p1a: Alomomola\n|-damage|p1a: Alomomola|91\/100\n|-damage|p2a: Cizalla|84\/100|[from] item: Rocky Helmet|[of] p1a: Alomomola\n|\n|upkeep\n|turn|4\n|\n|t:|1700417547\n|move|p2a: Cizalla|Defog|p1a: Alomomola\n|-unboost|p1a: Alomomola|evasion|1\n|-sideend|p2: Heidhall|Stealth Rock|[from] move: Defog|[of] p2a: Cizalla\n|move|p1a: Alomomola|Flip Turn|p2a: Cizalla\n|-damage|p2a: Cizalla|67\/100\n|\n|t:|1700417553\n|switch|p1a: Donphan|Donphan, M|100\/100|[from] Flip Turn\n|\n|upkeep\n|turn|5\n|\n|t:|1700417558\n|move|p2a: Cizalla|Roost|p2a: Cizalla\n|-heal|p2a: Cizalla|100\/100\n|-singleturn|p2a: Cizalla|move: Roost\n|move|p1a: Donphan|Bonemerang|p2a: Cizalla\n|-damage|p2a: Cizalla|71\/100\n|-damage|p2a: Cizalla|42\/100\n|-hitcount|p2a: Cizalla|2\n|\n|upkeep\n|turn|6\n|\n|t:|1700417576\n|move|p2a: Cizalla|U-turn|p1a: Donphan\n|-damage|p1a: Donphan|72\/100\n|\n|t:|1700417580\n|switch|p2a: Escolopenbra.|Centiskorch-Sevii, M, shiny|100\/100|[from] U-turn\n|-ability|p2a: Escolopenbra.|Mold Breaker\n|move|p1a: Donphan|Bonemerang|p2a: Escolopenbra.\n|-resisted|p2a: Escolopenbra.\n|-damage|p2a: Escolopenbra.|84\/100\n|-resisted|p2a: Escolopenbra.\n|-damage|p2a: Escolopenbra.|68\/100\n|-hitcount|p2a: Escolopenbra.|2\n|\n|-heal|p2a: Escolopenbra.|74\/100|[from] item: Leftovers\n|-heal|p1a: Donphan|78\/100|[from] item: Leftovers\n|upkeep\n|turn|7\n|\n|t:|1700417588\n|switch|p1a: Alomomola|Alomomola, M|100\/100\n|move|p2a: Escolopenbra.|Coil|p2a: Escolopenbra.\n|-boost|p2a: Escolopenbra.|atk|1\n|-boost|p2a: Escolopenbra.|def|1\n|-boost|p2a: Escolopenbra.|accuracy|1\n|\n|-heal|p2a: Escolopenbra.|80\/100|[from] item: Leftovers\n|upkeep\n|turn|8\n|\n|t:|1700417594\n|move|p2a: Escolopenbra.|Earthquake|p1a: Alomomola\n|-damage|p1a: Alomomola|69\/100\n|move|p1a: Alomomola|Toxic|p2a: Escolopenbra.\n|-status|p2a: Escolopenbra.|tox\n|\n|-heal|p2a: Escolopenbra.|86\/100 tox|[from] item: Leftovers\n|-damage|p2a: Escolopenbra.|80\/100 tox|[from] psn\n|upkeep\n|turn|9\n|\n|t:|1700417602\n|move|p2a: Escolopenbra.|Coil|p2a: Escolopenbra.\n|-boost|p2a: Escolopenbra.|atk|1\n|-boost|p2a: Escolopenbra.|def|1\n|-boost|p2a: Escolopenbra.|accuracy|1\n|move|p1a: Alomomola|Flip Turn|p2a: Escolopenbra.\n|-supereffective|p2a: Escolopenbra.\n|-damage|p2a: Escolopenbra.|59\/100 tox\n|\n|t:|1700417610\n|switch|p1a: Shuckle|Shuckle, F|86\/100|[from] Flip Turn\n|\n|-heal|p2a: Escolopenbra.|66\/100 tox|[from] item: Leftovers\n|-damage|p2a: Escolopenbra.|53\/100 tox|[from] psn\n|upkeep\n|turn|10\n|\n|t:|1700417616\n|switch|p1a: Alomomola|Alomomola, M|100\/100\n|move|p2a: Escolopenbra.|Stone Edge|p1a: Alomomola\n|-damage|p1a: Alomomola|71\/100\n|\n|-heal|p2a: Escolopenbra.|59\/100 tox|[from] item: Leftovers\n|-damage|p2a: Escolopenbra.|41\/100 tox|[from] psn\n|upkeep\n|turn|11\n|\n|t:|1700417625\n|move|p2a: Escolopenbra.|Leech Life|p1a: Alomomola\n|-damage|p1a: Alomomola|40\/100\n|-heal|p2a: Escolopenbra.|62\/100 tox|[from] drain|[of] p1a: Alomomola\n|-damage|p2a: Escolopenbra.|46\/100 tox|[from] item: Rocky Helmet|[of] p1a: Alomomola\n|move|p1a: Alomomola|Flip Turn|p2a: Escolopenbra.\n|-supereffective|p2a: Escolopenbra.\n|-damage|p2a: Escolopenbra.|24\/100 tox\n|\n|t:|1700417643\n|switch|p1a: Donphan|Donphan, M|78\/100|[from] Flip Turn\n|\n|-heal|p2a: Escolopenbra.|30\/100 tox|[from] item: Leftovers\n|-heal|p1a: Donphan|84\/100|[from] item: Leftovers\n|-damage|p2a: Escolopenbra.|5\/100 tox|[from] psn\n|upkeep\n|turn|12\n|\n|t:|1700417652\n|switch|p2a: Cizalla|Scizor, M|42\/100\n|move|p1a: Donphan|Ice Shard|p2a: Cizalla\n|-resisted|p2a: Cizalla\n|-damage|p2a: Cizalla|35\/100\n|\n|-heal|p1a: Donphan|90\/100|[from] item: Leftovers\n|upkeep\n|turn|13\n|\n|t:|1700417656\n|move|p2a: Cizalla|Roost|p2a: Cizalla\n|-heal|p2a: Cizalla|85\/100\n|-singleturn|p2a: Cizalla|move: Roost\n|move|p1a: Donphan|Bonemerang|p2a: Cizalla\n|-damage|p2a: Cizalla|60\/100\n|-damage|p2a: Cizalla|34\/100\n|-hitcount|p2a: Cizalla|2\n|\n|-heal|p1a: Donphan|97\/100|[from] item: Leftovers\n|upkeep\n|turn|14\n|\n|t:|1700417665\n|move|p2a: Cizalla|Roost|p2a: Cizalla\n|-heal|p2a: Cizalla|84\/100\n|-singleturn|p2a: Cizalla|move: Roost\n|move|p1a: Donphan|Bonemerang|p2a: Cizalla\n|-damage|p2a: Cizalla|60\/100\n|-damage|p2a: Cizalla|30\/100\n|-hitcount|p2a: Cizalla|2\n|\n|-heal|p1a: Donphan|100\/100|[from] item: Leftovers\n|upkeep\n|turn|15\n|c|\u2606Heidhall|Perdona,tengo que irme.\n|-message|Heidhall forfeited.\n|\n|win|nosexd123\n|l|\u2606Heidhall\n","uploadtime":1700417696,"views":10,"p1id":"nosexd123","p2id":"heidhall","formatid":"gen9ubers","rating":0,"private":0,"password":""}