{"id":"radicalred-gen9ubers-545509","p1":"axelzzz09","p2":"Heidhall","format":"[Gen 9] Ubers","log":"|j|\u2606axelzzz09\n|j|\u2606Heidhall\n|t:|1699811885\n|gametype|singles\n|player|p1|axelzzz09|rr-sneasler|\n|player|p2|Heidhall|rr-jirachi|\n|teamsize|p1|6\n|teamsize|p2|6\n|gen|9\n|tier|[Gen 9] Ubers\n|rule|Sleep Clause Mod: Limit one foe put to sleep\n|rule|Species Clause: Limit one of each Pok\u00e9mon\n|rule|OHKO Clause: OHKO moves are banned\n|rule|Evasion Abilities Clause: Evasion abilities are banned\n|rule|Evasion Items Clause: Evasion items are banned\n|rule|Evasion Moves Clause: Evasion moves are banned\n|rule|Endless Battle Clause: Forcing endless battles is banned\n|rule|HP Percentage Mod: HP is shown in percentages\n|rule|Dynamax Clause: You cannot dynamax\n|rule|Mega Rayquaza Clause: You cannot mega evolve Rayquaza\n|clearpoke\n|poke|p1|Ceruledge, F|\n|poke|p1|Kangaskhan, F|\n|poke|p1|Samurott, M|\n|poke|p1|Kommo-o, F|\n|poke|p1|Sneasler, F|\n|poke|p1|Mimikyu, M|\n|poke|p2|Raichu-Alola, M|\n|poke|p2|Scizor, M|\n|poke|p2|Shuckle, M|\n|poke|p2|Centiskorch-Sevii, M|\n|poke|p2|Manectric, M|\n|poke|p2|Tapu Koko|\n|teampreview\n|c|\u2606Heidhall|Buena suerte \ud83c\udf40\n|\n|t:|1699811907\n|start\n|switch|p1a: Kangaskhan|Kangaskhan, F|100\/100\n|switch|p2a: Cizalla|Scizor, M|100\/100\n|turn|1\n|\n|t:|1699811917\n|detailschange|p1a: Kangaskhan|Kangaskhan-Mega, F\n|-mega|p1a: Kangaskhan|Kangaskhan|Kangaskhanite\n|move|p2a: Cizalla|Bullet Punch|p1a: Kangaskhan\n|-damage|p1a: Kangaskhan|77\/100\n|move|p1a: Kangaskhan|Power-Up Punch|p2a: Cizalla\n|-damage|p2a: Cizalla|89\/100\n|-boost|p1a: Kangaskhan|atk|1\n|-damage|p2a: Cizalla|84\/100\n|-boost|p1a: Kangaskhan|atk|1\n|-hitcount|p2a: Cizalla|2\n|\n|upkeep\n|turn|2\n|\n|t:|1699811936\n|move|p1a: Kangaskhan|Drain Punch|p2a: Cizalla\n|-damage|p2a: Cizalla|36\/100\n|-heal|p1a: Kangaskhan|97\/100|[from] drain|[of] p2a: Cizalla\n|-damage|p2a: Cizalla|25\/100\n|-heal|p1a: Kangaskhan|100\/100|[from] drain|[of] p2a: Cizalla\n|-hitcount|p2a: Cizalla|2\n|move|p2a: Cizalla|U-turn|p1a: Kangaskhan\n|-damage|p1a: Kangaskhan|74\/100\n|\n|t:|1699811949\n|switch|p2a: Coraza|Shuckle, M, shiny|100\/100|[from] U-turn\n|\n|upkeep\n|turn|3\n|\n|t:|1699811955\n|move|p1a: Kangaskhan|Power-Up Punch|p2a: Coraza\n|-damage|p2a: Coraza|85\/100\n|-boost|p1a: Kangaskhan|atk|1\n|-damage|p2a: Coraza|80\/100\n|-boost|p1a: Kangaskhan|atk|1\n|-hitcount|p2a: Coraza|2\n|-enditem|p2a: Coraza|Red Card|[of] p1a: Kangaskhan\n|drag|p1a: Ceruledge|Ceruledge, F|100\/100\n|move|p2a: Coraza|Sticky Web|p1a: Ceruledge\n|-sidestart|p1: axelzzz09|move: Sticky Web\n|\n|upkeep\n|turn|4\n|\n|t:|1699811967\n|move|p1a: Ceruledge|Swords Dance|p1a: Ceruledge\n|-boost|p1a: Ceruledge|atk|2\n|move|p2a: Coraza|Encore|p1a: Ceruledge\n|-start|p1a: Ceruledge|Encore\n|\n|upkeep\n|turn|5\n|\n|t:|1699811976\n|move|p1a: Ceruledge|Swords Dance|p1a: Ceruledge\n|-boost|p1a: Ceruledge|atk|2\n|move|p2a: Coraza|Toxic|p1a: Ceruledge\n|-status|p1a: Ceruledge|tox\n|\n|-damage|p1a: Ceruledge|94\/100 tox|[from] psn\n|upkeep\n|turn|6\n|\n|t:|1699811985\n|move|p1a: Ceruledge|Swords Dance|p1a: Ceruledge\n|-boost|p1a: Ceruledge|atk|2\n|move|p2a: Coraza|Stealth Rock|p1a: Ceruledge\n|-sidestart|p1: axelzzz09|move: Stealth Rock\n|\n|-damage|p1a: Ceruledge|82\/100 tox|[from] psn\n|upkeep\n|turn|7\n|\n|t:|1699811993\n|switch|p2a: Escolopenbra.|Centiskorch-Sevii, M, shiny|100\/100\n|-ability|p2a: Escolopenbra.|Mold Breaker\n|move|p1a: Ceruledge|Swords Dance|p1a: Ceruledge\n|-boost|p1a: Ceruledge|atk|0\n|\n|-damage|p1a: Ceruledge|63\/100 tox|[from] psn\n|-end|p1a: Ceruledge|Encore\n|upkeep\n|turn|8\n|\n|t:|1699812004\n|move|p1a: Ceruledge|Shadow Sneak|p2a: Escolopenbra.\n|-damage|p2a: Escolopenbra.|0 fnt\n|faint|p2a: Escolopenbra.\n|\n|-damage|p1a: Ceruledge|39\/100 tox|[from] psn\n|upkeep\n|c|\u2606axelzzz09|acabas de crear un monstruo\n|\n|t:|1699812022\n|switch|p2a: Bolt|Manectric, M, shiny|100\/100\n|-ability|p2a: Bolt|Intimidate|boost\n|-unboost|p1a: Ceruledge|atk|1\n|turn|9\n|\n|t:|1699812027\n|detailschange|p2a: Bolt|Manectric-Mega, M, shiny\n|-mega|p2a: Bolt|Manectric|Manectite\n|-ability|p2a: Bolt|Intimidate|boost\n|-unboost|p1a: Ceruledge|atk|1\n|move|p1a: Ceruledge|Shadow Sneak|p2a: Bolt\n|-damage|p2a: Bolt|19\/100\n|move|p2a: Bolt|Volt Switch|p1a: Ceruledge\n|-damage|p1a: Ceruledge|0 fnt\n|faint|p1a: Ceruledge\n|\n|t:|1699812043\n|switch|p2a: Coraza|Shuckle, M, shiny|80\/100|[from] Volt Switch\n|\n|upkeep\n|\n|t:|1699812052\n|switch|p1a: Kommo-o|Kommo-o, F|100\/100\n|-damage|p1a: Kommo-o|94\/100|[from] Stealth Rock\n|-activate|p1a: Kommo-o|move: Sticky Web\n|-unboost|p1a: Kommo-o|spe|1\n|turn|10\n|\n|t:|1699812058\n|move|p1a: Kommo-o|Clangorous Soul|p1a: Kommo-o\n|-boost|p1a: Kommo-o|atk|1\n|-boost|p1a: Kommo-o|def|1\n|-boost|p1a: Kommo-o|spa|1\n|-boost|p1a: Kommo-o|spd|1\n|-boost|p1a: Kommo-o|spe|1\n|-damage|p1a: Kommo-o|62\/100\n|move|p2a: Coraza|Encore|p1a: Kommo-o\n|-start|p1a: Kommo-o|Encore\n|\n|-heal|p1a: Kommo-o|68\/100|[from] item: Leftovers\n|upkeep\n|turn|11\n|\n|t:|1699812069\n|move|p1a: Kommo-o|Clangorous Soul|p1a: Kommo-o\n|-boost|p1a: Kommo-o|atk|1\n|-boost|p1a: Kommo-o|def|1\n|-boost|p1a: Kommo-o|spa|1\n|-boost|p1a: Kommo-o|spd|1\n|-boost|p1a: Kommo-o|spe|1\n|-damage|p1a: Kommo-o|35\/100\n|move|p2a: Coraza|Toxic|p1a: Kommo-o|[miss]\n|-miss|p2a: Coraza|p1a: Kommo-o\n|\n|-heal|p1a: Kommo-o|41\/100|[from] item: Leftovers\n|upkeep\n|turn|12\n|c|\u2606axelzzz09|su ptm \n|\n|t:|1699812081\n|move|p1a: Kommo-o|Clangorous Soul|p1a: Kommo-o\n|-boost|p1a: Kommo-o|atk|1\n|-boost|p1a: Kommo-o|def|1\n|-boost|p1a: Kommo-o|spa|1\n|-boost|p1a: Kommo-o|spd|1\n|-boost|p1a: Kommo-o|spe|1\n|-damage|p1a: Kommo-o|8\/100\n|move|p2a: Coraza|Toxic|p1a: Kommo-o|[miss]\n|-miss|p2a: Coraza|p1a: Kommo-o\n|\n|-heal|p1a: Kommo-o|15\/100|[from] item: Leftovers\n|upkeep\n|turn|13\n|c|\u2606axelzzz09|xdddd\n|\n|t:|1699812093\n|move|p1a: Kommo-o|Clangorous Soul||[still]\n|-fail|p1a: Kommo-o\n|move|p2a: Coraza|Toxic|p1a: Kommo-o\n|-status|p1a: Kommo-o|tox\n|\n|-heal|p1a: Kommo-o|21\/100 tox|[from] item: Leftovers\n|-damage|p1a: Kommo-o|15\/100 tox|[from] psn\n|-end|p1a: Kommo-o|Encore\n|upkeep\n|turn|14\n|inactive|Battle timer is ON: inactive players will automatically lose when time's up. (requested by axelzzz09)\n|\n|t:|1699812105\n|move|p1a: Kommo-o|Drain Punch|p2a: Coraza\n|-damage|p2a: Coraza|41\/100\n|-heal|p1a: Kommo-o|28\/100 tox|[from] drain|[of] p2a: Coraza\n|move|p2a: Coraza|Encore|p1a: Kommo-o\n|-start|p1a: Kommo-o|Encore\n|\n|-heal|p1a: Kommo-o|34\/100 tox|[from] item: Leftovers\n|-damage|p1a: Kommo-o|22\/100 tox|[from] psn\n|upkeep\n|turn|15\n|\n|t:|1699812126\n|move|p1a: Kommo-o|Drain Punch|p2a: Coraza\n|-damage|p2a: Coraza|0 fnt\n|-heal|p1a: Kommo-o|36\/100 tox|[from] drain|[of] p2a: Coraza\n|faint|p2a: Coraza\n|\n|-heal|p1a: Kommo-o|42\/100 tox|[from] item: Leftovers\n|-damage|p1a: Kommo-o|24\/100 tox|[from] psn\n|upkeep\n|inactive|Heidhall has 270 seconds left.\n|\n|t:|1699812145\n|switch|p2a: Chili Peper|Tapu Koko, shiny|100\/100\n|-fieldstart|move: Electric Terrain|[from] ability: Electric Surge|[of] p2a: Chili Peper\n|turn|16\n|\n|t:|1699812150\n|move|p1a: Kommo-o|Drain Punch|p2a: Chili Peper\n|-resisted|p2a: Chili Peper\n|-damage|p2a: Chili Peper|48\/100\n|-heal|p1a: Kommo-o|45\/100 tox|[from] drain|[of] p2a: Chili Peper\n|move|p2a: Chili Peper|Play Rough|p1a: Kommo-o\n|-supereffective|p1a: Kommo-o\n|-damage|p1a: Kommo-o|0 fnt\n|faint|p1a: Kommo-o\n|\n|upkeep\n|\n|t:|1699812176\n|switch|p1a: Samurott|Samurott, M|100\/100\n|-activate|p1a: Samurott|move: Sticky Web\n|-unboost|p1a: Samurott|spe|1\n|-damage|p1a: Samurott|94\/100|[from] Stealth Rock\n|-enditem|p1a: Samurott|White Herb\n|-clearnegativeboost|p1a: Samurott|[silent]\n|turn|17\n|\n|t:|1699812195\n|move|p1a: Samurott|Aqua Jet|p2a: Chili Peper\n|-damage|p2a: Chili Peper|22\/100\n|move|p2a: Chili Peper|Thunder Punch|p1a: Samurott\n|-supereffective|p1a: Samurott\n|-damage|p1a: Samurott|4\/100\n|\n|upkeep\n|turn|18\n|\n|t:|1699812203\n|switch|p2a: Bolt|Manectric-Mega, M, shiny|19\/100\n|-ability|p2a: Bolt|Intimidate|boost\n|-unboost|p1a: Samurott|atk|1\n|move|p1a: Samurott|Aqua Jet|p2a: Bolt\n|-damage|p2a: Bolt|3\/100\n|\n|upkeep\n|turn|19\n|\n|t:|1699812212\n|move|p1a: Samurott|Aqua Jet|p2a: Bolt\n|-damage|p2a: Bolt|0 fnt\n|faint|p2a: Bolt\n|\n|upkeep\n|\n|t:|1699812219\n|switch|p2a: Zipzapte|Raichu-Alola, M, shiny|100\/100\n|turn|20\n|\n|t:|1699812228\n|move|p1a: Samurott|Aqua Jet|p2a: Zipzapte\n|-damage|p2a: Zipzapte|75\/100\n|move|p2a: Zipzapte|Nasty Plot|p2a: Zipzapte\n|-boost|p2a: Zipzapte|spa|2\n|\n|upkeep\n|turn|21\n|\n|t:|1699812238\n|move|p1a: Samurott|Aqua Jet|p2a: Zipzapte\n|-damage|p2a: Zipzapte|47\/100\n|move|p2a: Zipzapte|Rising Voltage|p1a: Samurott\n|-hint|Rising Voltage's BP doubled on grounded target.\n|-supereffective|p1a: Samurott\n|-damage|p1a: Samurott|0 fnt\n|faint|p1a: Samurott\n|-damage|p2a: Zipzapte|37\/100|[from] item: Life Orb\n|\n|upkeep\n|\n|t:|1699812246\n|switch|p1a: Sneasler|Sneasler, F|100\/100\n|-damage|p1a: Sneasler|95\/100|[from] Stealth Rock\n|-activate|p1a: Sneasler|move: Sticky Web\n|-unboost|p1a: Sneasler|spe|1\n|-enditem|p1a: Sneasler|Electric Seed\n|-boost|p1a: Sneasler|def|1|[from] item: Electric Seed\n|turn|22\n|\n|t:|1699812266\n|move|p2a: Zipzapte|Psychic|p1a: Sneasler\n|-supereffective|p1a: Sneasler\n|-damage|p1a: Sneasler|0 fnt\n|faint|p1a: Sneasler\n|-damage|p2a: Zipzapte|27\/100|[from] item: Life Orb\n|\n|upkeep\n|\n|t:|1699812275\n|switch|p1a: Mimikyu|Mimikyu, M|100\/100\n|-activate|p1a: Mimikyu|move: Sticky Web\n|-unboost|p1a: Mimikyu|spe|1\n|-damage|p1a: Mimikyu|88\/100|[from] Stealth Rock\n|turn|23\n|\n|t:|1699812287\n|switch|p2a: Cizalla|Scizor, M|25\/100\n|move|p1a: Mimikyu|Shadow Claw|p2a: Cizalla\n|-crit|p2a: Cizalla\n|-damage|p2a: Cizalla|0 fnt\n|faint|p2a: Cizalla\n|\n|-fieldend|move: Electric Terrain\n|upkeep\n|c|\u2606axelzzz09|xdd\n|\n|t:|1699812297\n|switch|p2a: Chili Peper|Tapu Koko, shiny|22\/100\n|-fieldstart|move: Electric Terrain|[from] ability: Electric Surge|[of] p2a: Chili Peper\n|turn|24\n|\n|t:|1699812309\n|move|p2a: Chili Peper|Roost|p2a: Chili Peper\n|-heal|p2a: Chili Peper|72\/100\n|-singleturn|p2a: Chili Peper|move: Roost\n|move|p1a: Mimikyu|Shadow Claw|p2a: Chili Peper\n|-damage|p2a: Chili Peper|23\/100\n|\n|upkeep\n|turn|25\n|\n|t:|1699812318\n|move|p2a: Chili Peper|Roost|p2a: Chili Peper\n|-heal|p2a: Chili Peper|73\/100\n|-singleturn|p2a: Chili Peper|move: Roost\n|move|p1a: Mimikyu|Shadow Claw|p2a: Chili Peper\n|-damage|p2a: Chili Peper|26\/100\n|\n|upkeep\n|turn|26\n|\n|t:|1699812326\n|move|p2a: Chili Peper|Roost|p2a: Chili Peper\n|-heal|p2a: Chili Peper|77\/100\n|-singleturn|p2a: Chili Peper|move: Roost\n|move|p1a: Mimikyu|Shadow Claw|p2a: Chili Peper\n|-damage|p2a: Chili Peper|35\/100\n|\n|upkeep\n|turn|27\n|\n|t:|1699812333\n|move|p2a: Chili Peper|Roost|p2a: Chili Peper\n|-heal|p2a: Chili Peper|85\/100\n|-singleturn|p2a: Chili Peper|move: Roost\n|move|p1a: Mimikyu|Swords Dance|p1a: Mimikyu\n|-boost|p1a: Mimikyu|atk|2\n|\n|upkeep\n|turn|28\n|c|\u2606axelzzz09|xd\n|\n|t:|1699812340\n|move|p2a: Chili Peper|Thunder Punch|p1a: Mimikyu\n|-activate|p1a: Mimikyu|ability: Disguise\n|-damage|p1a: Mimikyu|88\/100\n|-status|p1a: Mimikyu|par\n|detailschange|p1a: Mimikyu|Mimikyu-Busted, M\n|-damage|p1a: Mimikyu|76\/100 par|[from] pokemon: Mimikyu-Busted\n|move|p1a: Mimikyu|Shadow Claw|p2a: Chili Peper\n|-damage|p2a: Chili Peper|0 fnt\n|faint|p2a: Chili Peper\n|\n|upkeep\n|\n|t:|1699812353\n|switch|p2a: Zipzapte|Raichu-Alola, M, shiny|27\/100\n|turn|29\n|\n|t:|1699812357\n|move|p2a: Zipzapte|Rising Voltage|p1a: Mimikyu\n|-hint|Rising Voltage's BP doubled on grounded target.\n|-damage|p1a: Mimikyu|0 fnt\n|faint|p1a: Mimikyu\n|-damage|p2a: Zipzapte|17\/100|[from] item: Life Orb\n|\n|upkeep\n|\n|t:|1699812364\n|switch|p1a: Kangaskhan|Kangaskhan-Mega, F|74\/100\n|-activate|p1a: Kangaskhan|move: Sticky Web\n|-unboost|p1a: Kangaskhan|spe|1\n|-damage|p1a: Kangaskhan|61\/100|[from] Stealth Rock\n|turn|30\n|\n|t:|1699812371\n|move|p2a: Zipzapte|Rising Voltage|p1a: Kangaskhan\n|-hint|Rising Voltage's BP doubled on grounded target.\n|-damage|p1a: Kangaskhan|0 fnt\n|faint|p1a: Kangaskhan\n|-damage|p2a: Zipzapte|7\/100|[from] item: Life Orb\n|\n|win|Heidhall\n|c|\u2606axelzzz09|noooo\n|c|\u2606Heidhall|Uff...\n|c|\u2606Heidhall|No ten\u00edas Sorpresa con Kangaskan?\n|c|\u2606axelzzz09|no\n","uploadtime":1699812413,"views":8,"p1id":"axelzzz09","p2id":"heidhall","formatid":"gen9ubers","rating":0,"private":0,"password":""}