{"id":"radicalred-gen9ubers-547602","p1":"anderproyt","p2":"nosexd123","format":"[Gen 9] Ubers","log":"|j|\u2606anderproyt\n|j|\u2606nosexd123\n|t:|1700184047\n|gametype|singles\n|player|p1|anderproyt|rr-tyranitar|\n|player|p2|nosexd123|2|\n|teamsize|p1|6\n|teamsize|p2|6\n|gen|9\n|tier|[Gen 9] Ubers\n|rule|Sleep Clause Mod: Limit one foe put to sleep\n|rule|Species Clause: Limit one of each Pok\u00e9mon\n|rule|OHKO Clause: OHKO moves are banned\n|rule|Evasion Abilities Clause: Evasion abilities are banned\n|rule|Evasion Items Clause: Evasion items are banned\n|rule|Evasion Moves Clause: Evasion moves are banned\n|rule|Endless Battle Clause: Forcing endless battles is banned\n|rule|HP Percentage Mod: HP is shown in percentages\n|rule|Dynamax Clause: You cannot dynamax\n|rule|Mega Rayquaza Clause: You cannot mega evolve Rayquaza\n|clearpoke\n|poke|p1|Gardevoir, M|\n|poke|p1|Grafaiai, M|\n|poke|p1|Grimmsnarl, M|\n|poke|p1|Zangoose, M|\n|poke|p1|Gorebyss, M|\n|poke|p1|Obstagoon, M|\n|poke|p2|Greninja-*, M|\n|poke|p2|Mandibuzz, F|\n|poke|p2|Grimmsnarl, M|\n|poke|p2|Gengar, M|\n|poke|p2|Toxapex, F|\n|poke|p2|Kingambit, M|\n|teampreview\n|l|\u2606nosexd123\n|player|p2|\n|c|\u2606anderproyt|bueno sin miedo al exito\n|j|\u2606nosexd123\n|player|p2|nosexd123|2\n|\n|t:|1700184228\n|start\n|switch|p1a: HAKAI|Gorebyss, M|100\/100\n|switch|p2a: Grimmsnarl|Grimmsnarl, M|100\/100\n|turn|1\n|c|\u2606nosexd123|Xd\n|\n|t:|1700184241\n|move|p2a: Grimmsnarl|Light Screen|p2a: Grimmsnarl\n|-sidestart|p2: nosexd123|move: Light Screen\n|move|p1a: HAKAI|Shell Smash|p1a: HAKAI\n|-unboost|p1a: HAKAI|def|1\n|-unboost|p1a: HAKAI|spd|1\n|-boost|p1a: HAKAI|atk|2\n|-boost|p1a: HAKAI|spa|2\n|-boost|p1a: HAKAI|spe|2\n|\n|upkeep\n|turn|2\n|\n|t:|1700184247\n|move|p2a: Grimmsnarl|Parting Shot||[still]\n|cant|p1a: HAKAI|ability: Dazzling|Parting Shot|[of] p2a: Grimmsnarl\n|move|p1a: HAKAI|Shell Smash|p1a: HAKAI\n|-unboost|p1a: HAKAI|def|1\n|-unboost|p1a: HAKAI|spd|1\n|-boost|p1a: HAKAI|atk|2\n|-boost|p1a: HAKAI|spa|2\n|-boost|p1a: HAKAI|spe|2\n|\n|upkeep\n|turn|3\n|c|\u2606anderproyt|jaja\n|c|\u2606anderproyt|caiste\n|\n|t:|1700184258\n|move|p2a: Grimmsnarl|Parting Shot||[still]\n|cant|p1a: HAKAI|ability: Dazzling|Parting Shot|[of] p2a: Grimmsnarl\n|move|p1a: HAKAI|Shell Smash|p1a: HAKAI\n|-unboost|p1a: HAKAI|def|1\n|-unboost|p1a: HAKAI|spd|1\n|-boost|p1a: HAKAI|atk|2\n|-boost|p1a: HAKAI|spa|2\n|-boost|p1a: HAKAI|spe|2\n|\n|upkeep\n|turn|4\n|c|\u2606anderproyt|estoy protegido contra prioridad\n|c|\u2606anderproyt|su hab es basicamente la del farigiraf\n|\n|t:|1700184272\n|move|p2a: Grimmsnarl|Taunt||[still]\n|cant|p1a: HAKAI|ability: Dazzling|Taunt|[of] p2a: Grimmsnarl\n|move|p1a: HAKAI|Draining Kiss|p2a: Grimmsnarl\n|-supereffective|p2a: Grimmsnarl\n|-damage|p2a: Grimmsnarl|13\/100\n|\n|upkeep\n|turn|5\n|c|\u2606nosexd123|Xd\n|c|\u2606nosexd123|Reci\u00e9n leo\n|c|\u2606anderproyt|todo tipo de prioridad bruh\n|\n|t:|1700184290\n|switch|p2a: Toxapex|Toxapex, F|100\/100\n|move|p1a: HAKAI|Draining Kiss|p2a: Toxapex\n|-resisted|p2a: Toxapex\n|-damage|p2a: Toxapex|82\/100\n|\n|-heal|p2a: Toxapex|89\/100|[from] item: Black Sludge\n|upkeep\n|turn|6\n|\n|t:|1700184301\n|move|p1a: HAKAI|Surf|p2a: Toxapex\n|-resisted|p2a: Toxapex\n|-damage|p2a: Toxapex|53\/100\n|move|p2a: Toxapex|Knock Off|p1a: HAKAI\n|-resisted|p1a: HAKAI\n|-damage|p1a: HAKAI|77\/100\n|-enditem|p1a: HAKAI|Focus Sash|[from] move: Knock Off|[of] p2a: Toxapex\n|\n|-heal|p2a: Toxapex|60\/100|[from] item: Black Sludge\n|upkeep\n|turn|7\n|\n|t:|1700184309\n|move|p1a: HAKAI|Surf|p2a: Toxapex\n|-resisted|p2a: Toxapex\n|-damage|p2a: Toxapex|27\/100\n|move|p2a: Toxapex|Knock Off|p1a: HAKAI\n|-resisted|p1a: HAKAI\n|-crit|p1a: HAKAI\n|-damage|p1a: HAKAI|53\/100\n|\n|-heal|p2a: Toxapex|34\/100|[from] item: Black Sludge\n|upkeep\n|turn|8\n|c|\u2606anderproyt|tra la pantalla y aun asi\n|\n|t:|1700184320\n|switch|p2a: Grimmsnarl|Grimmsnarl, M|13\/100\n|move|p1a: HAKAI|Surf|p2a: Grimmsnarl\n|-damage|p2a: Grimmsnarl|0 fnt\n|faint|p2a: Grimmsnarl\n|\n|-sideend|p2: nosexd123|move: Light Screen\n|upkeep\n|\n|t:|1700184327\n|switch|p2a: Greninja|Greninja, M|100\/100\n|turn|9\n|\n|t:|1700184331\n|move|p1a: HAKAI|Draining Kiss|p2a: Greninja\n|-supereffective|p2a: Greninja\n|-enditem|p2a: Greninja|Focus Sash\n|-damage|p2a: Greninja|1\/100\n|-heal|p1a: HAKAI|100\/100|[from] drain|[of] p2a: Greninja\n|move|p2a: Greninja|Extrasensory|p1a: HAKAI\n|-damage|p1a: HAKAI|0 fnt\n|faint|p1a: HAKAI\n|-activate|p2a: Greninja|ability: Battle Bond\n|detailschange|p2a: Greninja|Greninja-Ash, M\n|\n|upkeep\n|\n|t:|1700184351\n|switch|p1a: Bichoz|Grafaiai, M|100\/100\n|turn|10\n|\n|t:|1700184357\n|move|p1a: Bichoz|Sticky Web|p2a: Greninja\n|-sidestart|p2: nosexd123|move: Sticky Web\n|move|p2a: Greninja|Extrasensory|p1a: Bichoz\n|-supereffective|p1a: Bichoz\n|-damage|p1a: Bichoz|26\/100\n|-enditem|p1a: Bichoz|Sitrus Berry|[eat]\n|-heal|p1a: Bichoz|51\/100|[from] item: Sitrus Berry\n|\n|upkeep\n|turn|11\n|\n|t:|1700184367\n|move|p2a: Greninja|Water Shuriken|p1a: Bichoz\n|-damage|p1a: Bichoz|36\/100\n|-damage|p1a: Bichoz|23\/100\n|-damage|p1a: Bichoz|10\/100\n|-hitcount|p1a: Bichoz|3\n|move|p1a: Bichoz|Parting Shot|p2a: Greninja\n|-hint|Since gen 7, Dark is immune to Prankster moves.\n|-immune|p2a: Greninja\n|\n|upkeep\n|turn|12\n|\n|t:|1700184375\n|move|p2a: Greninja|Water Shuriken|p1a: Bichoz\n|-damage|p1a: Bichoz|0 fnt\n|faint|p1a: Bichoz\n|-hitcount|p1: Bichoz|1\n|\n|upkeep\n|\n|t:|1700184382\n|switch|p1a: Tigre To\u00f1o|Grimmsnarl, M|100\/100\n|turn|13\n|\n|t:|1700184387\n|move|p2a: Greninja|Water Shuriken|p1a: Tigre To\u00f1o\n|-damage|p1a: Tigre To\u00f1o|90\/100\n|-damage|p1a: Tigre To\u00f1o|79\/100\n|-damage|p1a: Tigre To\u00f1o|67\/100\n|-hitcount|p1a: Tigre To\u00f1o|3\n|move|p1a: Tigre To\u00f1o|Light Screen|p1a: Tigre To\u00f1o\n|-sidestart|p1: anderproyt|move: Light Screen\n|\n|upkeep\n|turn|14\n|\n|t:|1700184395\n|move|p2a: Greninja|Water Shuriken|p1a: Tigre To\u00f1o\n|-damage|p1a: Tigre To\u00f1o|61\/100\n|-damage|p1a: Tigre To\u00f1o|55\/100\n|-damage|p1a: Tigre To\u00f1o|49\/100\n|-hitcount|p1a: Tigre To\u00f1o|3\n|move|p1a: Tigre To\u00f1o|Reflect|p1a: Tigre To\u00f1o\n|-sidestart|p1: anderproyt|Reflect\n|\n|upkeep\n|turn|15\n|\n|t:|1700184406\n|switch|p2a: Mandibuzz|Mandibuzz, F|100\/100\n|switch|p1a: Gardevoir|Gardevoir, M|100\/100\n|\n|upkeep\n|turn|16\n|\n|t:|1700184413\n|detailschange|p1a: Gardevoir|Gardevoir-Mega, M\n|-mega|p1a: Gardevoir|Gardevoir|Gardevoirite\n|move|p1a: Gardevoir|Hyper Voice|p2a: Mandibuzz\n|-supereffective|p2a: Mandibuzz\n|-damage|p2a: Mandibuzz|19\/100\n|move|p2a: Mandibuzz|Defog|p1a: Gardevoir\n|-unboost|p1a: Gardevoir|evasion|1\n|-sideend|p1: anderproyt|Reflect\n|-sideend|p1: anderproyt|move: Light Screen\n|-sideend|p2: nosexd123|Sticky Web|[from] move: Defog|[of] p2a: Mandibuzz\n|\n|upkeep\n|turn|17\n|c|\u2606anderproyt|xd\n|c|\u2606anderproyt|bueno el defog molesta\n|\n|t:|1700184425\n|move|p1a: Gardevoir|Hyper Voice|p2a: Mandibuzz\n|-supereffective|p2a: Mandibuzz\n|-damage|p2a: Mandibuzz|0 fnt\n|faint|p2a: Mandibuzz\n|\n|upkeep\n|\n|t:|1700184438\n|switch|p2a: Greninja|Greninja-Ash, M|1\/100\n|turn|18\n|\n|t:|1700184447\n|switch|p1a: Tigre To\u00f1o|Grimmsnarl, M|49\/100\n|move|p2a: Greninja|Dark Pulse|p1a: Tigre To\u00f1o\n|-resisted|p1a: Tigre To\u00f1o\n|-crit|p1a: Tigre To\u00f1o\n|-damage|p1a: Tigre To\u00f1o|32\/100\n|\n|upkeep\n|turn|19\n|\n|t:|1700184454\n|move|p2a: Greninja|Water Shuriken|p1a: Tigre To\u00f1o\n|-damage|p1a: Tigre To\u00f1o|20\/100\n|-damage|p1a: Tigre To\u00f1o|7\/100\n|-damage|p1a: Tigre To\u00f1o|0 fnt\n|faint|p1a: Tigre To\u00f1o\n|-hitcount|p1: Tigre To\u00f1o|3\n|\n|upkeep\n|\n|t:|1700184461\n|switch|p1a: Obstagoon|Obstagoon, M|100\/100\n|turn|20\n|\n|t:|1700184466\n|move|p2a: Greninja|Water Shuriken|p1a: Obstagoon\n|-damage|p1a: Obstagoon|88\/100\n|-damage|p1a: Obstagoon|74\/100\n|-damage|p1a: Obstagoon|61\/100\n|-hitcount|p1a: Obstagoon|3\n|move|p1a: Obstagoon|Facade|p2a: Greninja\n|-damage|p2a: Greninja|0 fnt\n|faint|p2a: Greninja\n|\n|-status|p1a: Obstagoon|brn|[from] item: Flame Orb\n|upkeep\n|c|\u2606anderproyt|a ver el gengar\n|\n|t:|1700184477\n|switch|p2a: Toxapex|Toxapex, F|67\/100\n|turn|21\n|\n|t:|1700184481\n|move|p1a: Obstagoon|Facade|p2a: Toxapex\n|-damage|p2a: Toxapex|19\/100\n|move|p2a: Toxapex|Scald|p1a: Obstagoon\n|-damage|p1a: Obstagoon|45\/100 brn\n|\n|-heal|p2a: Toxapex|25\/100|[from] item: Black Sludge\n|-damage|p1a: Obstagoon|39\/100 brn|[from] brn\n|upkeep\n|turn|22\n|\n|t:|1700184488\n|move|p2a: Toxapex|Baneful Bunker|p2a: Toxapex\n|-singleturn|p2a: Toxapex|move: Protect\n|move|p1a: Obstagoon|Facade|p2a: Toxapex\n|-activate|p2a: Toxapex|move: Protect\n|\n|-heal|p2a: Toxapex|32\/100|[from] item: Black Sludge\n|-damage|p1a: Obstagoon|33\/100 brn|[from] brn\n|upkeep\n|turn|23\n|\n|t:|1700184495\n|switch|p2a: Kingambit|Kingambit, M|100\/100\n|-activate|p2a: Kingambit|ability: Supreme Overlord\n|-start|p2a: Kingambit|fallen3|[silent]\n|move|p1a: Obstagoon|Facade|p2a: Kingambit\n|-resisted|p2a: Kingambit\n|-damage|p2a: Kingambit|71\/100\n|\n|-heal|p2a: Kingambit|77\/100|[from] item: Leftovers\n|-damage|p1a: Obstagoon|27\/100 brn|[from] brn\n|upkeep\n|turn|24\n|\n|t:|1700184501\n|move|p2a: Kingambit|Sucker Punch|p1a: Obstagoon\n|-resisted|p1a: Obstagoon\n|-damage|p1a: Obstagoon|1\/100 brn\n|move|p1a: Obstagoon|Throat Chop|p2a: Kingambit\n|-resisted|p2a: Kingambit\n|-damage|p2a: Kingambit|62\/100\n|-start|p2a: Kingambit|Throat Chop|[silent]\n|\n|-heal|p2a: Kingambit|68\/100|[from] item: Leftovers\n|-damage|p1a: Obstagoon|0 fnt|[from] brn\n|faint|p1a: Obstagoon\n|upkeep\n|\n|t:|1700184510\n|switch|p1a: Gardevoir|Gardevoir-Mega, M|100\/100\n|turn|25\n|\n|t:|1700184518\n|-end|p2a: Kingambit|fallen3|[silent]\n|switch|p2a: Toxapex|Toxapex, F|65\/100\n|move|p1a: Gardevoir|Mystical Fire|p2a: Toxapex\n|-resisted|p2a: Toxapex\n|-damage|p2a: Toxapex|51\/100\n|-unboost|p2a: Toxapex|spa|1\n|\n|-heal|p2a: Toxapex|57\/100|[from] item: Black Sludge\n|upkeep\n|turn|26\n|\n|t:|1700184527\n|move|p1a: Gardevoir|Psyshock|p2a: Toxapex\n|-supereffective|p2a: Toxapex\n|-damage|p2a: Toxapex|1\/100\n|move|p2a: Toxapex|Scald|p1a: Gardevoir\n|-damage|p1a: Gardevoir|91\/100\n|\n|-heal|p2a: Toxapex|8\/100|[from] item: Black Sludge\n|upkeep\n|turn|27\n|\n|t:|1700184532\n|move|p1a: Gardevoir|Psyshock|p2a: Toxapex\n|-supereffective|p2a: Toxapex\n|-damage|p2a: Toxapex|0 fnt\n|faint|p2a: Toxapex\n|\n|upkeep\n|\n|t:|1700184535\n|switch|p2a: Gengar|Gengar, M|100\/100\n|turn|28\n|\n|t:|1700184542\n|detailschange|p2a: Gengar|Gengar-Mega, M\n|-mega|p2a: Gengar|Gengar|Gengarite\n|move|p2a: Gengar|Sludge Wave|p1a: Gardevoir\n|-supereffective|p1a: Gardevoir\n|-damage|p1a: Gardevoir|0 fnt\n|faint|p1a: Gardevoir\n|\n|upkeep\n|c|\u2606anderproyt|uff\n|c|\u2606anderproyt|eso no lo esperaba\n|\n|t:|1700184551\n|switch|p1a: Suicida Toxico|Zangoose, M|100\/100\n|turn|29\n|\n|t:|1700184558\n|move|p1a: Suicida Toxico|Protect|p1a: Suicida Toxico\n|-singleturn|p1a: Suicida Toxico|Protect\n|move|p2a: Gengar|Sludge Wave|p1a: Suicida Toxico\n|-activate|p1a: Suicida Toxico|move: Protect\n|\n|-status|p1a: Suicida Toxico|tox|[from] item: Toxic Orb\n|upkeep\n|turn|30\n|\n|t:|1700184562\n|move|p2a: Gengar|Sludge Wave|p1a: Suicida Toxico\n|-damage|p1a: Suicida Toxico|0 fnt\n|faint|p1a: Suicida Toxico\n|\n|win|nosexd123\n|l|\u2606anderproyt\n|c|\u2606nosexd123|Gg\n","uploadtime":1700184584,"views":17,"p1id":"anderproyt","p2id":"nosexd123","formatid":"gen9ubers","rating":0,"private":0,"password":""}