{"id":"radicalred-gen9ubers-544339","p1":"TheFetCet","p2":"PrinceofUnderworld","format":"[Gen 9] Ubers","log":"|j|\u2606TheFetCet\n|j|\u2606PrinceofUnderworld\n|t:|1699567656\n|gametype|singles\n|player|p1|TheFetCet|rr-houndoommega|\n|player|p2|PrinceofUnderworld|266|\n|teamsize|p1|6\n|teamsize|p2|6\n|gen|9\n|tier|[Gen 9] Ubers\n|rule|Sleep Clause Mod: Limit one foe put to sleep\n|rule|Species Clause: Limit one of each Pok\u00e9mon\n|rule|OHKO Clause: OHKO moves are banned\n|rule|Evasion Abilities Clause: Evasion abilities are banned\n|rule|Evasion Items Clause: Evasion items are banned\n|rule|Evasion Moves Clause: Evasion moves are banned\n|rule|Endless Battle Clause: Forcing endless battles is banned\n|rule|HP Percentage Mod: HP is shown in percentages\n|rule|Dynamax Clause: You cannot dynamax\n|rule|Mega Rayquaza Clause: You cannot mega evolve Rayquaza\n|clearpoke\n|poke|p1|Overqwil, M|\n|poke|p1|Drednaw, M|\n|poke|p1|Skeledirge, M|\n|poke|p1|Latias, F|\n|poke|p1|Electrode-Hisui|\n|poke|p1|Chatot, F|\n|poke|p2|Lunala|\n|poke|p2|Sceptile, M|\n|poke|p2|Greninja-*, M|\n|poke|p2|Blaziken, F|\n|poke|p2|Meowscarada, F|\n|poke|p2|Swampert, M|\n|teampreview\n|c|\u2606TheFetCet|good luck and have fun!\n|c|\u2606PrinceofUnderworld|u2\n|c|\u2606PrinceofUnderworld|I\u2019ll post link\n|c|\u2606TheFetCet|oh sorry\n|l|\u2606PrinceofUnderworld\n|player|p2|\n|j|\u2606PrinceofUnderworld\n|player|p2|PrinceofUnderworld|266\n|c|\u2606PrinceofUnderworld|U already did lol\n|c|\u2606TheFetCet|yeh sorry lmao\n|\n|t:|1699567765\n|start\n|switch|p1a: Fugo|Overqwil, M|100\/100\n|switch|p2a: Swampert|Swampert, M|100\/100\n|-ability|p1a: Fugo|Intimidate|boost\n|-unboost|p2a: Swampert|atk|1\n|turn|1\n|\n|t:|1699567822\n|switch|p1a: First Class|Latias, F|100\/100\n|move|p2a: Swampert|Flip Turn|p1a: First Class\n|-resisted|p1a: First Class\n|-damage|p1a: First Class|90\/100\n|\n|t:|1699567861\n|switch|p2a: Meowscarada|Meowscarada, F|100\/100|[from] Flip Turn\n|\n|upkeep\n|turn|2\n|\n|t:|1699567871\n|switch|p1a: Fugo|Overqwil, M|100\/100\n|-ability|p1a: Fugo|Intimidate|boost\n|-unboost|p2a: Meowscarada|atk|1\n|move|p2a: Meowscarada|Play Rough|p1a: Fugo\n|-start|p2a: Meowscarada|typechange|Fairy|[from] ability: Protean\n|-damage|p1a: Fugo|80\/100\n|\n|-heal|p1a: Fugo|86\/100|[from] item: Leftovers\n|upkeep\n|turn|3\n|\n|t:|1699567884\n|move|p2a: Meowscarada|Protect|p2a: Meowscarada\n|-start|p2a: Meowscarada|typechange|Normal|[from] ability: Protean\n|-singleturn|p2a: Meowscarada|Protect\n|move|p1a: Fugo|Spikes|p2a: Meowscarada\n|-sidestart|p2: PrinceofUnderworld|Spikes\n|\n|-heal|p1a: Fugo|92\/100|[from] item: Leftovers\n|upkeep\n|turn|4\n|\n|t:|1699567907\n|switch|p2a: Swampert|Swampert, M|100\/100\n|-damage|p2a: Swampert|88\/100|[from] Spikes\n|move|p1a: Fugo|Spikes|p2a: Swampert\n|-sidestart|p2: PrinceofUnderworld|Spikes\n|\n|-heal|p1a: Fugo|98\/100|[from] item: Leftovers\n|upkeep\n|turn|5\n|\n|t:|1699567924\n|switch|p1a: First Class|Latias, F|90\/100\n|move|p2a: Swampert|Earthquake|p1a: First Class\n|-immune|p1a: First Class|[from] ability: Levitate\n|\n|upkeep\n|turn|6\n|\n|t:|1699567933\n|switch|p2a: Lunala|Lunala|100\/100\n|-damage|p2a: Lunala|84\/100|[from] Spikes\n|move|p1a: First Class|Reflect|p1a: First Class\n|-sidestart|p1: TheFetCet|Reflect\n|\n|upkeep\n|turn|7\n|\n|t:|1699567942\n|switch|p1a: Fugo|Overqwil, M|98\/100\n|-ability|p1a: Fugo|Intimidate|boost\n|-unboost|p2a: Lunala|atk|1\n|move|p2a: Lunala|Heat Wave|p1a: Fugo\n|-damage|p1a: Fugo|64\/100\n|\n|-heal|p1a: Fugo|70\/100|[from] item: Leftovers\n|upkeep\n|turn|8\n|\n|t:|1699567982\n|switch|p2a: Greninja|Greninja, M|100\/100\n|-damage|p2a: Greninja|84\/100|[from] Spikes\n|move|p1a: Fugo|Throat Chop|p2a: Greninja\n|-resisted|p2a: Greninja\n|-damage|p2a: Greninja|50\/100\n|-start|p2a: Greninja|Throat Chop|[silent]\n|\n|-heal|p1a: Fugo|76\/100|[from] item: Leftovers\n|upkeep\n|turn|9\n|\n|t:|1699568034\n|move|p2a: Greninja|Ice Beam|p1a: Fugo\n|-damage|p1a: Fugo|52\/100\n|move|p1a: Fugo|Gunk Shot|p2a: Greninja\n|-damage|p2a: Greninja|0 fnt\n|faint|p2a: Greninja\n|\n|-heal|p1a: Fugo|58\/100|[from] item: Leftovers\n|upkeep\n|c|\u2606PrinceofUnderworld|Damn\n|c|\u2606PrinceofUnderworld|no switch\n|\n|t:|1699568061\n|switch|p2a: Swampert|Swampert, M|88\/100\n|-damage|p2a: Swampert|72\/100|[from] Spikes\n|turn|10\n|j| Einstein_pickleton\n|l| Einstein_pickleton\n|\n|t:|1699568107\n|move|p1a: Fugo|Toxic Spikes|p2a: Swampert\n|-sidestart|p2: PrinceofUnderworld|move: Toxic Spikes\n|move|p2a: Swampert|Flip Turn|p1a: Fugo\n|-damage|p1a: Fugo|40\/100\n|\n|t:|1699568116\n|switch|p2a: Blaziken|Blaziken, F|100\/100|[from] Flip Turn\n|-damage|p2a: Blaziken|84\/100|[from] Spikes\n|-status|p2a: Blaziken|psn\n|\n|-heal|p1a: Fugo|46\/100|[from] item: Leftovers\n|-damage|p2a: Blaziken|72\/100 psn|[from] psn\n|upkeep\n|turn|11\n|\n|t:|1699568137\n|switch|p1a: First Class|Latias, F|90\/100\n|move|p2a: Blaziken|Substitute|p2a: Blaziken\n|-start|p2a: Blaziken|Substitute\n|-damage|p2a: Blaziken|47\/100 psn\n|\n|-damage|p2a: Blaziken|35\/100 psn|[from] psn\n|-ability|p2a: Blaziken|Speed Boost|boost\n|-boost|p2a: Blaziken|spe|1\n|upkeep\n|turn|12\n|\n|t:|1699568149\n|move|p2a: Blaziken|Swords Dance|p2a: Blaziken\n|-boost|p2a: Blaziken|atk|2\n|move|p1a: First Class|Draco Meteor|p2a: Blaziken\n|-end|p2a: Blaziken|Substitute\n|-unboost|p1a: First Class|spa|2\n|\n|-damage|p2a: Blaziken|22\/100 psn|[from] psn\n|-ability|p2a: Blaziken|Speed Boost|boost\n|-boost|p2a: Blaziken|spe|1\n|upkeep\n|turn|13\n|j| Einstein_pickleton\n|\n|t:|1699568159\n|move|p2a: Blaziken|Close Combat|p1a: First Class\n|-resisted|p1a: First Class\n|-damage|p1a: First Class|68\/100\n|-unboost|p2a: Blaziken|def|1\n|-unboost|p2a: Blaziken|spd|1\n|move|p1a: First Class|Draco Meteor|p2a: Blaziken\n|-damage|p2a: Blaziken|0 fnt\n|-unboost|p1a: First Class|spa|2\n|faint|p2a: Blaziken\n|\n|-sideend|p1: TheFetCet|Reflect\n|upkeep\n|\n|t:|1699568169\n|switch|p2a: Lunala|Lunala|84\/100\n|-damage|p2a: Lunala|67\/100|[from] Spikes\n|-status|p2a: Lunala|psn\n|turn|14\n|c|\u2606PrinceofUnderworld|This ain\u2019t looking good lol\n|c|\u2606PrinceofUnderworld|Should\u2019ve brought blastoise for spin\n|\n|t:|1699568295\n|move|p1a: First Class|Light Screen|p1a: First Class\n|-sidestart|p1: TheFetCet|move: Light Screen\n|move|p2a: Lunala|Meteor Beam||[still]\n|-prepare|p2a: Lunala|Meteor Beam\n|-boost|p2a: Lunala|spa|1\n|-enditem|p2a: Lunala|Power Herb\n|-anim|p2a: Lunala|Meteor Beam|p1a: First Class\n|-damage|p1a: First Class|41\/100\n|\n|-damage|p2a: Lunala|55\/100 psn|[from] psn\n|upkeep\n|turn|15\n|\n|t:|1699568306\n|move|p1a: First Class|Roost|p1a: First Class\n|-heal|p1a: First Class|91\/100\n|-singleturn|p1a: First Class|move: Roost\n|move|p2a: Lunala|Moongeist Beam|p1a: First Class\n|-supereffective|p1a: First Class\n|-damage|p1a: First Class|22\/100\n|\n|-damage|p2a: Lunala|43\/100 psn|[from] psn\n|upkeep\n|turn|16\n|\n|t:|1699568364\n|move|p1a: First Class|Roost|p1a: First Class\n|-heal|p1a: First Class|72\/100\n|-singleturn|p1a: First Class|move: Roost\n|move|p2a: Lunala|Moongeist Beam|p1a: First Class\n|-supereffective|p1a: First Class\n|-damage|p1a: First Class|5\/100\n|\n|-damage|p2a: Lunala|30\/100 psn|[from] psn\n|upkeep\n|turn|17\n|\n|t:|1699568378\n|move|p2a: Lunala|Moongeist Beam|p1a: First Class\n|-supereffective|p1a: First Class\n|-damage|p1a: First Class|0 fnt\n|faint|p1a: First Class\n|\n|-damage|p2a: Lunala|18\/100 psn|[from] psn\n|upkeep\n|c|\u2606PrinceofUnderworld|It was a speed tie \n|c|\u2606PrinceofUnderworld|bruh\n|c|\u2606TheFetCet|that whole time it was a speed tie\n|c|\u2606TheFetCet|insane\n|\n|t:|1699568427\n|switch|p1a: Juju On That Beat|Chatot, F|100\/100\n|turn|18\n|\n|t:|1699568432\n|move|p1a: Juju On That Beat|Chatter|p2a: Lunala\n|-damage|p2a: Lunala|0 fnt\n|faint|p2a: Lunala\n|\n|upkeep\n|\n|t:|1699568446\n|switch|p2a: Swampert|Swampert, M|72\/100\n|-status|p2a: Swampert|psn\n|-damage|p2a: Swampert|55\/100 psn|[from] Spikes\n|turn|19\n|c|\u2606PrinceofUnderworld|Alright \n|\n|t:|1699568482\n|switch|p1a: Jan|Drednaw, M|100\/100\n|move|p2a: Swampert|Liquidation|p1a: Jan\n|-damage|p1a: Jan|25\/100\n|\n|-damage|p2a: Swampert|43\/100 psn|[from] psn\n|upkeep\n|turn|20\n|c|\u2606PrinceofUnderworld|I need some help from god\n|\n|t:|1699568526\n|move|p1a: Jan|Jaw Lock|p2a: Swampert\n|-damage|p2a: Swampert|0 fnt\n|faint|p2a: Swampert\n|\n|upkeep\n|l|\u2606PrinceofUnderworld\n|player|p2|\n|j|\u2606PrinceofUnderworld\n|player|p2|PrinceofUnderworld|266\n|\n|t:|1699568591\n|switch|p2a: Meowscarada|Meowscarada, F|100\/100\n|-status|p2a: Meowscarada|psn\n|-damage|p2a: Meowscarada|84\/100 psn|[from] Spikes\n|turn|21\n|\n|t:|1699568599\n|detailschange|p1a: Jan|Drednaw-Mega, M\n|-mega|p1a: Jan|Drednaw|Drednawite\n|move|p1a: Jan|Aqua Jet|p2a: Meowscarada\n|-resisted|p2a: Meowscarada\n|-damage|p2a: Meowscarada|63\/100 psn\n|move|p2a: Meowscarada|Flower Trick|p1a: Jan\n|-start|p2a: Meowscarada|typechange|Grass|[from] ability: Protean\n|-supereffective|p1a: Jan\n|-crit|p1a: Jan\n|-damage|p1a: Jan|0 fnt\n|faint|p1a: Jan\n|\n|-damage|p2a: Meowscarada|51\/100 psn|[from] psn\n|-sideend|p1: TheFetCet|move: Light Screen\n|upkeep\n|\n|t:|1699568612\n|switch|p1a: Juju On That Beat|Chatot, F|100\/100\n|-item|p2a: Meowscarada|Black Glasses|[from] ability: Frisk|[of] p1a: Juju On That Beat|[identify]\n|turn|22\n|c|\u2606PrinceofUnderworld|That was a mega?\n|\n|t:|1699568620\n|move|p2a: Meowscarada|Protect|p2a: Meowscarada\n|-start|p2a: Meowscarada|typechange|Normal|[from] ability: Protean\n|-singleturn|p2a: Meowscarada|Protect\n|move|p1a: Juju On That Beat|Chatter|p2a: Meowscarada\n|-activate|p2a: Meowscarada|move: Protect\n|\n|-damage|p2a: Meowscarada|39\/100 psn|[from] psn\n|upkeep\n|turn|23\n|c|\u2606TheFetCet|yeh\n|c|\u2606TheFetCet|I forgot to Mega evolve\n|\n|t:|1699568695\n|switch|p1a: Fugo|Overqwil, M|46\/100\n|-ability|p1a: Fugo|Intimidate|boost\n|-unboost|p2a: Meowscarada|atk|1\n|move|p2a: Meowscarada|Play Rough|p1a: Fugo\n|-start|p2a: Meowscarada|typechange|Fairy|[from] ability: Protean\n|-damage|p1a: Fugo|23\/100\n|\n|-heal|p1a: Fugo|29\/100|[from] item: Leftovers\n|-damage|p2a: Meowscarada|26\/100 psn|[from] psn\n|upkeep\n|turn|24\n|l| Einstein_pickleton\n|\n|t:|1699568776\n|move|p2a: Meowscarada|Flower Trick|p1a: Fugo\n|-start|p2a: Meowscarada|typechange|Grass|[from] ability: Protean\n|-resisted|p1a: Fugo\n|-crit|p1a: Fugo\n|-damage|p1a: Fugo|9\/100\n|move|p1a: Fugo|Spikes|p2a: Meowscarada\n|-sidestart|p2: PrinceofUnderworld|Spikes\n|\n|-heal|p1a: Fugo|15\/100|[from] item: Leftovers\n|-damage|p2a: Meowscarada|14\/100 psn|[from] psn\n|upkeep\n|turn|25\n|\n|t:|1699568787\n|move|p2a: Meowscarada|Flower Trick|p1a: Fugo\n|-resisted|p1a: Fugo\n|-crit|p1a: Fugo\n|-damage|p1a: Fugo|0 fnt\n|faint|p1a: Fugo\n|\n|-damage|p2a: Meowscarada|2\/100 psn|[from] psn\n|upkeep\n|\n|t:|1699568864\n|switch|p1a: Juju On That Beat|Chatot, F|100\/100\n|-item|p2a: Meowscarada|Black Glasses|[from] ability: Frisk|[of] p1a: Juju On That Beat|[identify]\n|turn|26\n|\n|t:|1699568868\n|move|p2a: Meowscarada|Sucker Punch|p1a: Juju On That Beat\n|-start|p2a: Meowscarada|typechange|Dark|[from] ability: Protean\n|-damage|p1a: Juju On That Beat|45\/100\n|move|p1a: Juju On That Beat|Chatter|p2a: Meowscarada\n|-damage|p2a: Meowscarada|0 fnt\n|faint|p2a: Meowscarada\n|\n|upkeep\n|\n|t:|1699568876\n|switch|p2a: Sceptile|Sceptile, M|100\/100\n|-status|p2a: Sceptile|psn\n|-damage|p2a: Sceptile|76\/100 psn|[from] Spikes\n|turn|27\n|\n|t:|1699568880\n|detailschange|p2a: Sceptile|Sceptile-Mega, M\n|-mega|p2a: Sceptile|Sceptile|Sceptilite\n|move|p1a: Juju On That Beat|Chatter|p2a: Sceptile\n|-supereffective|p2a: Sceptile\n|-damage|p2a: Sceptile|0 fnt\n|faint|p2a: Sceptile\n|\n|win|TheFetCet\n|c|\u2606TheFetCet|gg\n","uploadtime":1699568887,"views":57,"p1id":"thefetcet","p2id":"princeofunderworld","formatid":"gen9ubers","rating":0,"private":0,"password":""}