{"id":"radicalred-gen9ubers-536156","p1":"Elohim yt 08\u00b3","p2":"axelzzz09","format":"[Gen 9] Ubers","log":"|j|\u2606Elohim yt 08\u00b3\n|j|\u2606axelzzz09\n|t:|1698090068\n|gametype|singles\n|player|p1|Elohim yt 08\u00b3|rr-sprigatito|\n|player|p2|axelzzz09|rr-garchompmega|\n|teamsize|p1|6\n|teamsize|p2|6\n|gen|9\n|tier|[Gen 9] Ubers\n|rule|Sleep Clause Mod: Limit one foe put to sleep\n|rule|Species Clause: Limit one of each Pok\u00e9mon\n|rule|OHKO Clause: OHKO moves are banned\n|rule|Evasion Abilities Clause: Evasion abilities are banned\n|rule|Evasion Items Clause: Evasion items are banned\n|rule|Evasion Moves Clause: Evasion moves are banned\n|rule|Endless Battle Clause: Forcing endless battles is banned\n|rule|HP Percentage Mod: HP is shown in percentages\n|rule|Dynamax Clause: You cannot dynamax\n|rule|Mega Rayquaza Clause: You cannot mega evolve Rayquaza\n|clearpoke\n|poke|p1|Hawlucha, M|\n|poke|p1|Alakazam, F|\n|poke|p1|Dragapult, M|\n|poke|p1|Aegislash, M|\n|poke|p1|Farfetch\u2019d, M|\n|poke|p1|Galvantula, F|\n|poke|p2|Garchomp, F|\n|poke|p2|Hippowdon, F|\n|poke|p2|Kingambit, F|\n|poke|p2|Volcarona, F|\n|poke|p2|Arctovish|\n|poke|p2|Weavile, M|\n|teampreview\n|c|\u2606axelzzz09|voy con mi team de retador\n|\n|t:|1698090088\n|start\n|switch|p1a: Haut|Hawlucha, M|100\/100\n|switch|p2a: Weavile|Weavile, M|100\/100\n|turn|1\n|\n|t:|1698090105\n|move|p1a: Haut|High Jump Kick|p2a: Weavile\n|-supereffective|p2a: Weavile\n|-damage|p2a: Weavile|0 fnt\n|faint|p2a: Weavile\n|\n|upkeep\n|c|\u2606axelzzz09|scaft?\n|\n|t:|1698090123\n|switch|p2a: Hippowdon|Hippowdon, F|100\/100\n|-weather|Sandstorm|[from] ability: Sand Stream|[of] p2a: Hippowdon\n|turn|2\n|\n|t:|1698090130\n|switch|p1a: Alakazam|Alakazam, F|100\/100\n|move|p2a: Hippowdon|Ice Fang|p1a: Alakazam\n|-damage|p1a: Alakazam|48\/100\n|\n|-weather|Sandstorm|[upkeep]\n|upkeep\n|turn|3\n|\n|t:|1698090142\n|move|p1a: Alakazam|Shadow Ball|p2a: Hippowdon\n|-damage|p2a: Hippowdon|71\/100\n|-unboost|p2a: Hippowdon|spd|1\n|move|p2a: Hippowdon|Ice Fang|p1a: Alakazam\n|-damage|p1a: Alakazam|0 fnt\n|faint|p1a: Alakazam\n|\n|-weather|Sandstorm|[upkeep]\n|upkeep\n|\n|t:|1698090146\n|switch|p1a: Ash|Aegislash, M|100\/100\n|turn|4\n|\n|t:|1698090153\n|move|p2a: Hippowdon|Earthquake|p1a: Ash\n|-supereffective|p1a: Ash\n|-damage|p1a: Ash|25\/100\n|-formechange|p1a: Ash|Aegislash-Blade||[from] ability: Stance Change\n|move|p1a: Ash|Gyro Ball|p2a: Hippowdon\n|-damage|p2a: Hippowdon|53\/100\n|\n|-weather|Sandstorm|[upkeep]\n|upkeep\n|turn|5\n|\n|t:|1698090161\n|-formechange|p1a: Ash|Aegislash||[from] ability: Stance Change\n|move|p1a: Ash|King's Shield|p1a: Ash\n|-singleturn|p1a: Ash|Protect\n|move|p2a: Hippowdon|Earthquake|p1a: Ash\n|-activate|p1a: Ash|move: Protect\n|\n|-weather|Sandstorm|[upkeep]\n|upkeep\n|turn|6\n|\n|t:|1698090170\n|move|p2a: Hippowdon|Earthquake|p1a: Ash\n|-supereffective|p1a: Ash\n|-damage|p1a: Ash|0 fnt\n|faint|p1a: Ash\n|\n|-weather|Sandstorm|[upkeep]\n|upkeep\n|l|\u2606Elohim yt 08\u00b3\n|player|p1|\n|j|\u2606Elohim yt 08\u00b3\n|player|p1|Elohim yt 08\u00b3|rr-sprigatito\n|\n|t:|1698090199\n|switch|p1a: Faril|Farfetch\u2019d, M|100\/100\n|-item|p2a: Hippowdon|Smooth Rock|[from] ability: Frisk|[of] p1a: Faril|[identify]\n|turn|7\n|\n|t:|1698090204\n|move|p1a: Faril|Leaf Blade|p2a: Hippowdon\n|-supereffective|p2a: Hippowdon\n|-damage|p2a: Hippowdon|4\/100\n|move|p2a: Hippowdon|Ice Fang|p1a: Faril\n|-supereffective|p1a: Faril\n|-damage|p1a: Faril|36\/100\n|\n|-weather|Sandstorm|[upkeep]\n|-damage|p1a: Faril|30\/100|[from] Sandstorm\n|upkeep\n|turn|8\n|\n|t:|1698090214\n|move|p1a: Faril|Leaf Blade|p2a: Hippowdon\n|-supereffective|p2a: Hippowdon\n|-damage|p2a: Hippowdon|0 fnt\n|faint|p2a: Hippowdon\n|\n|-weather|Sandstorm|[upkeep]\n|-damage|p1a: Faril|24\/100|[from] Sandstorm\n|upkeep\n|\n|t:|1698090226\n|switch|p2a: Arctovish|Arctovish|100\/100\n|turn|9\n|\n|t:|1698090231\n|move|p2a: Arctovish|Fishious Rend|p1a: Faril\n|-damage|p1a: Faril|0 fnt\n|faint|p1a: Faril\n|\n|-weather|none\n|upkeep\n|\n|t:|1698090234\n|switch|p1a: Galvantula|Galvantula, F|100\/100\n|turn|10\n|\n|t:|1698090243\n|move|p1a: Galvantula|Thunder|p2a: Arctovish\n|-supereffective|p2a: Arctovish\n|-damage|p2a: Arctovish|0 fnt\n|faint|p2a: Arctovish\n|\n|upkeep\n|\n|t:|1698090249\n|switch|p2a: Garchomp|Garchomp, F|100\/100\n|turn|11\n|\n|t:|1698090257\n|detailschange|p2a: Garchomp|Garchomp-Mega, F\n|-mega|p2a: Garchomp|Garchomp|Garchompite\n|move|p1a: Galvantula|Bug Buzz|p2a: Garchomp\n|-damage|p2a: Garchomp|64\/100\n|move|p2a: Garchomp|Earthquake|p1a: Galvantula\n|-damage|p1a: Galvantula|0 fnt\n|faint|p1a: Galvantula\n|\n|upkeep\n|\n|t:|1698090263\n|switch|p1a: Dragapult|Dragapult, M|100\/100\n|turn|12\n|\n|t:|1698090271\n|move|p1a: Dragapult|Draco Meteor|p2a: Garchomp\n|-supereffective|p2a: Garchomp\n|-crit|p2a: Garchomp\n|-damage|p2a: Garchomp|0 fnt\n|-unboost|p1a: Dragapult|spa|2\n|faint|p2a: Garchomp\n|\n|upkeep\n|\n|t:|1698090279\n|switch|p2a: Volcarona|Volcarona, F|100\/100\n|turn|13\n|\n|t:|1698090287\n|switch|p1a: Haut|Hawlucha, M|100\/100\n|move|p2a: Volcarona|Bug Buzz|p1a: Haut\n|-resisted|p1a: Haut\n|-damage|p1a: Haut|83\/100\n|\n|upkeep\n|turn|14\n|\n|t:|1698090294\n|switch|p2a: Kingambit|Kingambit, F|100\/100\n|-activate|p2a: Kingambit|ability: Supreme Overlord\n|-start|p2a: Kingambit|fallen4|[silent]\n|move|p1a: Haut|High Jump Kick|p2a: Kingambit\n|-supereffective|p2a: Kingambit\n|-damage|p2a: Kingambit|0 fnt\n|faint|p2a: Kingambit\n|-end|p2a: Kingambit|fallen4|[silent]\n|\n|upkeep\n|\n|t:|1698090302\n|switch|p2a: Volcarona|Volcarona, F|100\/100\n|turn|15\n|\n|t:|1698090306\n|move|p1a: Haut|High Jump Kick|p2a: Volcarona\n|-resisted|p2a: Volcarona\n|-damage|p2a: Volcarona|54\/100\n|move|p2a: Volcarona|Quiver Dance|p2a: Volcarona\n|-boost|p2a: Volcarona|spa|1\n|-boost|p2a: Volcarona|spd|1\n|-boost|p2a: Volcarona|spe|1\n|\n|upkeep\n|turn|16\n|c|\u2606axelzzz09|xddddd\n|\n|t:|1698090313\n|move|p2a: Volcarona|Quiver Dance|p2a: Volcarona\n|-boost|p2a: Volcarona|spa|1\n|-boost|p2a: Volcarona|spd|1\n|-boost|p2a: Volcarona|spe|1\n|move|p1a: Haut|High Jump Kick|p2a: Volcarona\n|-resisted|p2a: Volcarona\n|-damage|p2a: Volcarona|7\/100\n|-status|p1a: Haut|brn|[from] ability: Flame Body|[of] p2a: Volcarona\n|\n|-damage|p1a: Haut|77\/100 brn|[from] brn\n|upkeep\n|turn|17\n|j| Gerecht\n|\n|t:|1698090324\n|move|p2a: Volcarona|Fiery Dance|p1a: Haut\n|-damage|p1a: Haut|0 fnt\n|-boost|p2a: Volcarona|spa|1\n|faint|p1a: Haut\n|\n|upkeep\n|l| Gerecht\n|\n|t:|1698090327\n|switch|p1a: Dragapult|Dragapult, M|100\/100\n|turn|18\n|\n|t:|1698090334\n|move|p2a: Volcarona|Bug Buzz|p1a: Dragapult\n|-resisted|p1a: Dragapult\n|-damage|p1a: Dragapult|15\/100\n|move|p1a: Dragapult|Draco Meteor|p2a: Volcarona\n|-damage|p2a: Volcarona|0 fnt\n|-unboost|p1a: Dragapult|spa|2\n|faint|p2a: Volcarona\n|\n|win|Elohim yt 08\u00b3\n|l|\u2606Elohim yt 08\u00b3\n","uploadtime":1698090370,"views":14,"p1id":"elohimyt08","p2id":"axelzzz09","formatid":"gen9ubers","rating":0,"private":0,"password":""}