{"id":"radicalred-gen9ubers-551810","p1":"mudkipfan333","p2":"nose xd123","format":"[Gen 9] Ubers","log":"|j|\u2606mudkipfan333\n|j|\u2606nose xd123\n|t:|1701127559\n|gametype|singles\n|player|p1|mudkipfan333|rr-zeraora|\n|player|p2|nose xd123|rr-greninja|\n|teamsize|p1|6\n|teamsize|p2|6\n|gen|9\n|tier|[Gen 9] Ubers\n|rule|Sleep Clause Mod: Limit one foe put to sleep\n|rule|Species Clause: Limit one of each Pok\u00e9mon\n|rule|OHKO Clause: OHKO moves are banned\n|rule|Evasion Abilities Clause: Evasion abilities are banned\n|rule|Evasion Items Clause: Evasion items are banned\n|rule|Evasion Moves Clause: Evasion moves are banned\n|rule|Endless Battle Clause: Forcing endless battles is banned\n|rule|HP Percentage Mod: HP is shown in percentages\n|rule|Dynamax Clause: You cannot dynamax\n|rule|Mega Rayquaza Clause: You cannot mega evolve Rayquaza\n|clearpoke\n|poke|p1|Lucario, F|\n|poke|p1|Keldeo-Resolute|\n|poke|p1|Dragapult, F|\n|poke|p1|Zoroark-Hisui, M|\n|poke|p1|Gholdengo|\n|poke|p1|Infernape, M|\n|poke|p2|Donphan, M|\n|poke|p2|Meowscarada, M|\n|poke|p2|Duraludon, F|\n|poke|p2|Shuckle, M|\n|poke|p2|Alomomola, F|\n|poke|p2|Kingambit, M|\n|teampreview\n|\n|t:|1701127581\n|start\n|switch|p1a: Infernape|Infernape, M|100\/100\n|switch|p2a: Shuckle|Shuckle, M|100\/100\n|turn|1\n|\n|t:|1701127586\n|move|p1a: Infernape|Hyper Voice|p2a: Shuckle\n|-resisted|p2a: Shuckle\n|-damage|p2a: Shuckle|75\/100\n|move|p2a: Shuckle|Sticky Web|p1a: Infernape\n|-sidestart|p1: mudkipfan333|move: Sticky Web\n|\n|upkeep\n|turn|2\n|\n|t:|1701127592\n|switch|p1a: Gholdengo|Gholdengo|100\/100\n|-activate|p1a: Gholdengo|move: Sticky Web\n|-unboost|p1a: Gholdengo|spe|1\n|move|p2a: Shuckle|Bulldoze|p1a: Gholdengo\n|-supereffective|p1a: Gholdengo\n|-damage|p1a: Gholdengo|95\/100\n|-unboost|p1a: Gholdengo|spe|1\n|\n|-heal|p1a: Gholdengo|100\/100|[from] item: Leftovers\n|upkeep\n|turn|3\n|\n|t:|1701127599\n|move|p1a: Gholdengo|Nasty Plot|p1a: Gholdengo\n|-boost|p1a: Gholdengo|spa|2\n|move|p2a: Shuckle|Stealth Rock|p1a: Gholdengo\n|-sidestart|p1: mudkipfan333|move: Stealth Rock\n|\n|upkeep\n|turn|4\n|\n|t:|1701127602\n|move|p1a: Gholdengo|Make It Rain|p2a: Shuckle\n|-supereffective|p2a: Shuckle\n|-damage|p2a: Shuckle|0 fnt\n|-unboost|p1a: Gholdengo|spa|1\n|faint|p2a: Shuckle\n|\n|upkeep\n|\n|t:|1701127609\n|switch|p2a: Donphan|Donphan, M|100\/100\n|turn|5\n|\n|t:|1701127615\n|move|p2a: Donphan|Bonemerang|p1a: Gholdengo\n|-supereffective|p1a: Gholdengo\n|-damage|p1a: Gholdengo|50\/100\n|-supereffective|p1a: Gholdengo\n|-damage|p1a: Gholdengo|0 fnt\n|faint|p1a: Gholdengo\n|-hitcount|p1: Gholdengo|2\n|\n|upkeep\n|\n|t:|1701127622\n|switch|p1a: Keldeo|Keldeo-Resolute|100\/100\n|-damage|p1a: Keldeo|94\/100|[from] Stealth Rock\n|-activate|p1a: Keldeo|move: Sticky Web\n|-unboost|p1a: Keldeo|spe|1\n|turn|6\n|\n|t:|1701127626\n|move|p1a: Keldeo|Surf|p2a: Donphan\n|-supereffective|p2a: Donphan\n|-ability|p2a: Donphan|Sturdy\n|-damage|p2a: Donphan|1\/100\n|move|p2a: Donphan|Bonemerang|p1a: Keldeo\n|-damage|p1a: Keldeo|60\/100\n|-damage|p1a: Keldeo|27\/100\n|-hitcount|p1a: Keldeo|2\n|\n|-heal|p2a: Donphan|7\/100|[from] item: Leftovers\n|upkeep\n|turn|7\n|\n|t:|1701127631\n|switch|p2a: Duraludon|Duraludon, F|100\/100\n|move|p1a: Keldeo|Surf|p2a: Duraludon\n|-resisted|p2a: Duraludon\n|-damage|p2a: Duraludon|58\/100\n|\n|upkeep\n|turn|8\n|\n|t:|1701127637\n|switch|p1a: Lucario|Lucario, F|100\/100\n|-damage|p1a: Lucario|98\/100|[from] Stealth Rock\n|-activate|p1a: Lucario|move: Sticky Web\n|-unboost|p1a: Lucario|spe|1\n|detailschange|p2a: Duraludon|Duraludon-Mega, F\n|-mega|p2a: Duraludon|Duraludon|Duraludonite\n|move|p2a: Duraludon|Draco Meteor|p1a: Lucario\n|-resisted|p1a: Lucario\n|-damage|p1a: Lucario|43\/100\n|\n|upkeep\n|turn|9\n|\n|t:|1701127642\n|detailschange|p1a: Lucario|Lucario-Mega, F\n|-mega|p1a: Lucario|Lucario|Lucarionite\n|move|p2a: Duraludon|Hidden Power|p1a: Lucario\n|-supereffective|p1a: Lucario\n|-damage|p1a: Lucario|0 fnt\n|faint|p1a: Lucario\n|\n|upkeep\n|-message|mudkipfan333 forfeited.\n|\n|win|nose xd123\n|l|\u2606mudkipfan333\n","uploadtime":1701127658,"views":4,"p1id":"mudkipfan333","p2id":"nosexd123","formatid":"gen9ubers","rating":0,"private":0,"password":""}