{"id":"radicalred-gen9ubers-536748","p1":"Elohim yt 08\u00b3","p2":"axelzzz09","format":"[Gen 9] Ubers","log":"|j|\u2606Elohim yt 08\u00b3\n|j|\u2606axelzzz09\n|t:|1698170337\n|gametype|singles\n|player|p1|Elohim yt 08\u00b3|rr-sprigatito|\n|player|p2|axelzzz09|rr-garchompmega|\n|teamsize|p1|6\n|teamsize|p2|6\n|gen|9\n|tier|[Gen 9] Ubers\n|rule|Sleep Clause Mod: Limit one foe put to sleep\n|rule|Species Clause: Limit one of each Pok\u00e9mon\n|rule|OHKO Clause: OHKO moves are banned\n|rule|Evasion Abilities Clause: Evasion abilities are banned\n|rule|Evasion Items Clause: Evasion items are banned\n|rule|Evasion Moves Clause: Evasion moves are banned\n|rule|Endless Battle Clause: Forcing endless battles is banned\n|rule|HP Percentage Mod: HP is shown in percentages\n|rule|Dynamax Clause: You cannot dynamax\n|rule|Mega Rayquaza Clause: You cannot mega evolve Rayquaza\n|clearpoke\n|poke|p1|Hawlucha, F|\n|poke|p1|Alakazam, F|\n|poke|p1|Dragapult, F|\n|poke|p1|Aegislash, M|\n|poke|p1|Farfetch\u2019d, F|\n|poke|p1|Galvantula, M|\n|poke|p2|Garchomp, F|\n|poke|p2|Kingambit, F|\n|poke|p2|Volcarona, F|\n|poke|p2|Arctovish|\n|poke|p2|Ninetales-Alola, F|\n|poke|p2|Urshifu-*, F|\n|teampreview\n|c|\u2606axelzzz09|e cambiado algun que otro poke\n|c|\u2606axelzzz09|uff ese team me la va a pelar\n|inactive|Battle timer is ON: inactive players will automatically lose when time's up. (requested by axelzzz09)\n|\n|t:|1698170373\n|start\n|switch|p1a: Haut|Hawlucha, F|100\/100\n|switch|p2a: Ninetales|Ninetales-Alola, F|100\/100\n|-weather|Snow|[from] ability: Snow Warning|[of] p2a: Ninetales\n|turn|1\n|\n|t:|1698170392\n|move|p1a: Haut|Swords Dance|p1a: Haut\n|-boost|p1a: Haut|atk|2\n|move|p2a: Ninetales|Aurora Veil|p2a: Ninetales\n|-sidestart|p2: axelzzz09|move: Aurora Veil\n|\n|-weather|Snow|[upkeep]\n|upkeep\n|turn|2\n|\n|t:|1698170417\n|switch|p1a: Alakazam|Alakazam, F|100\/100\n|move|p2a: Ninetales|Freeze-Dry|p1a: Alakazam\n|-damage|p1a: Alakazam|63\/100\n|\n|-weather|Snow|[upkeep]\n|upkeep\n|turn|3\n|\n|t:|1698170424\n|switch|p2a: Arctovish|Arctovish|100\/100\n|move|p1a: Alakazam|Psychic|p2a: Arctovish\n|-damage|p2a: Arctovish|73\/100\n|\n|-weather|Snow|[upkeep]\n|upkeep\n|turn|4\n|c|\u2606axelzzz09|me la pelas\n|\n|t:|1698170431\n|move|p2a: Arctovish|Fishious Rend|p1a: Alakazam\n|-damage|p1a: Alakazam|0 fnt\n|faint|p1a: Alakazam\n|\n|-weather|Snow|[upkeep]\n|upkeep\n|\n|t:|1698170435\n|switch|p1a: Haut|Hawlucha, F|100\/100\n|turn|5\n|\n|t:|1698170439\n|move|p2a: Arctovish|Fishious Rend|p1a: Haut\n|-damage|p1a: Haut|0 fnt\n|faint|p1a: Haut\n|\n|-weather|Snow|[upkeep]\n|-sideend|p2: axelzzz09|move: Aurora Veil\n|upkeep\n|\n|t:|1698170443\n|switch|p1a: Faril|Farfetch\u2019d, F|100\/100\n|-item|p2a: Arctovish|Choice Band|[from] ability: Frisk|[of] p1a: Faril|[identify]\n|turn|6\n|\n|t:|1698170448\n|move|p2a: Arctovish|Fishious Rend|p1a: Faril\n|-damage|p1a: Faril|0 fnt\n|faint|p1a: Faril\n|\n|-weather|Snow|[upkeep]\n|upkeep\n|\n|t:|1698170451\n|switch|p1a: Ash|Aegislash, M|100\/100\n|turn|7\n|\n|t:|1698170454\n|move|p2a: Arctovish|Fishious Rend|p1a: Ash\n|-damage|p1a: Ash|19\/100\n|-formechange|p1a: Ash|Aegislash-Blade||[from] ability: Stance Change\n|move|p1a: Ash|Shadow Ball|p2a: Arctovish\n|-damage|p2a: Arctovish|31\/100\n|\n|-weather|Snow|[upkeep]\n|upkeep\n|turn|8\n|\n|t:|1698170463\n|move|p2a: Arctovish|Fishious Rend|p1a: Ash\n|-damage|p1a: Ash|0 fnt\n|faint|p1a: Ash\n|\n|-weather|none\n|upkeep\n|\n|t:|1698170466\n|switch|p1a: Galvantula|Galvantula, M|100\/100\n|turn|9\n|c|\u2606axelzzz09|xd papeada termo nuclear\n|\n|t:|1698170473\n|switch|p2a: Ninetales|Ninetales-Alola, F|100\/100\n|-weather|Snow|[from] ability: Snow Warning|[of] p2a: Ninetales\n|move|p1a: Galvantula|Thunder|p2a: Ninetales\n|-damage|p2a: Ninetales|47\/100\n|\n|-weather|Snow|[upkeep]\n|upkeep\n|turn|10\n|\n|t:|1698170482\n|move|p1a: Galvantula|Thunder|p2a: Ninetales\n|-damage|p2a: Ninetales|0 fnt\n|faint|p2a: Ninetales\n|\n|-weather|Snow|[upkeep]\n|upkeep\n|\n|t:|1698170488\n|switch|p2a: Arctovish|Arctovish|31\/100\n|turn|11\n|\n|t:|1698170492\n|move|p2a: Arctovish|Fishious Rend|p1a: Galvantula\n|-damage|p1a: Galvantula|0 fnt\n|faint|p1a: Galvantula\n|\n|-weather|Snow|[upkeep]\n|upkeep\n|\n|t:|1698170495\n|switch|p1a: Dragapult|Dragapult, F|100\/100\n|turn|12\n|\n|t:|1698170502\n|move|p2a: Arctovish|Fishious Rend|p1a: Dragapult\n|-resisted|p1a: Dragapult\n|-damage|p1a: Dragapult|27\/100\n|move|p1a: Dragapult|Draco Meteor|p2a: Arctovish\n|-damage|p2a: Arctovish|0 fnt\n|-unboost|p1a: Dragapult|spa|2\n|faint|p2a: Arctovish\n|\n|-weather|Snow|[upkeep]\n|upkeep\n|\n|t:|1698170520\n|switch|p2a: Urshifu|Urshifu-Rapid-Strike, F|100\/100\n|turn|13\n|\n|t:|1698170534\n|move|p2a: Urshifu|Aqua Jet|p1a: Dragapult\n|-resisted|p1a: Dragapult\n|-damage|p1a: Dragapult|5\/100\n|move|p1a: Dragapult|Draco Meteor|p2a: Urshifu\n|-damage|p2a: Urshifu|42\/100\n|-unboost|p1a: Dragapult|spa|2\n|\n|-weather|Snow|[upkeep]\n|upkeep\n|turn|14\n|c|\u2606axelzzz09|xd?\n|\n|t:|1698170546\n|move|p2a: Urshifu|Aqua Jet|p1a: Dragapult\n|-resisted|p1a: Dragapult\n|-damage|p1a: Dragapult|0 fnt\n|faint|p1a: Dragapult\n|\n|win|axelzzz09\n","uploadtime":1698170553,"views":13,"p1id":"elohimyt08","p2id":"axelzzz09","formatid":"gen9ubers","rating":0,"private":0,"password":""}