{"id":"radicalred-gen9ubers-545624","p1":"ivancuervo2007","p2":"axelzzz09","format":"[Gen 9] Ubers","log":"|j|\u2606ivancuervo2007\n|j|\u2606axelzzz09\n|t:|1699823076\n|gametype|singles\n|player|p1|ivancuervo2007|rr-tapufini|\n|player|p2|axelzzz09|rr-sneasler|\n|teamsize|p1|6\n|teamsize|p2|6\n|gen|9\n|tier|[Gen 9] Ubers\n|rule|Sleep Clause Mod: Limit one foe put to sleep\n|rule|Species Clause: Limit one of each Pok\u00e9mon\n|rule|OHKO Clause: OHKO moves are banned\n|rule|Evasion Abilities Clause: Evasion abilities are banned\n|rule|Evasion Items Clause: Evasion items are banned\n|rule|Evasion Moves Clause: Evasion moves are banned\n|rule|Endless Battle Clause: Forcing endless battles is banned\n|rule|HP Percentage Mod: HP is shown in percentages\n|rule|Dynamax Clause: You cannot dynamax\n|rule|Mega Rayquaza Clause: You cannot mega evolve Rayquaza\n|clearpoke\n|poke|p1|Aggron, M|\n|poke|p1|Azumarill, M|\n|poke|p1|Sylveon, M|\n|poke|p1|Klinklang|\n|poke|p1|Lucario, F|\n|poke|p1|Heatran, M|\n|poke|p2|Ceruledge, F|\n|poke|p2|Kangaskhan, F|\n|poke|p2|Kommo-o, F|\n|poke|p2|Sneasler, F|\n|poke|p2|Raichu-Alola, F|\n|poke|p2|Volcarona, F|\n|teampreview\n|\n|t:|1699823094\n|start\n|switch|p1a: Marino|Azumarill, M|100\/100\n|switch|p2a: mi estrella fuego|Volcarona, F|100\/100\n|turn|1\n|\n|t:|1699823102\n|move|p2a: mi estrella fuego|Quiver Dance|p2a: mi estrella fuego\n|-boost|p2a: mi estrella fuego|spa|1\n|-boost|p2a: mi estrella fuego|spd|1\n|-boost|p2a: mi estrella fuego|spe|1\n|move|p1a: Marino|Belly Drum|p1a: Marino\n|-damage|p1a: Marino|50\/100\n|-setboost|p1a: Marino|atk|6|[from] move: Belly Drum\n|-enditem|p1a: Marino|Sitrus Berry|[eat]\n|-heal|p1a: Marino|75\/100|[from] item: Sitrus Berry\n|\n|upkeep\n|turn|2\n|\n|t:|1699823110\n|move|p1a: Marino|Aqua Jet|p2a: mi estrella fuego\n|-supereffective|p2a: mi estrella fuego\n|-damage|p2a: mi estrella fuego|0 fnt\n|-status|p1a: Marino|brn|[from] ability: Flame Body|[of] p2a: mi estrella fuego\n|faint|p2a: mi estrella fuego\n|\n|-damage|p1a: Marino|69\/100 brn|[from] brn\n|upkeep\n|c|\u2606axelzzz09|xd\n|c|\u2606ivancuervo2007|No hermano\n|c|\u2606axelzzz09|listo volca iso su trabajo\n|\n|t:|1699823133\n|switch|p2a: caballero oscuro|Ceruledge, F|100\/100\n|turn|3\n|inactive|Battle timer is ON: inactive players will automatically lose when time's up. (requested by axelzzz09)\n|c|\u2606axelzzz09|dale\n|c|\u2606axelzzz09|bosteame\n|c|\u2606axelzzz09|subeme la vel\n|\n|t:|1699823177\n|move|p1a: Marino|Aqua Jet|p2a: caballero oscuro\n|-supereffective|p2a: caballero oscuro\n|-enditem|p2a: caballero oscuro|Focus Sash\n|-damage|p2a: caballero oscuro|1\/100\n|-ability|p2a: caballero oscuro|Weak Armor|boost\n|-unboost|p2a: caballero oscuro|def|1\n|-boost|p2a: caballero oscuro|spe|2\n|move|p2a: caballero oscuro|Swords Dance|p2a: caballero oscuro\n|-boost|p2a: caballero oscuro|atk|2\n|\n|-damage|p1a: Marino|63\/100 brn|[from] brn\n|upkeep\n|turn|4\n|\n|t:|1699823188\n|move|p2a: caballero oscuro|Shadow Sneak|p1a: Marino\n|-damage|p1a: Marino|24\/100 brn\n|move|p1a: Marino|Aqua Jet|p2a: caballero oscuro\n|-supereffective|p2a: caballero oscuro\n|-crit|p2a: caballero oscuro\n|-damage|p2a: caballero oscuro|0 fnt\n|faint|p2a: caballero oscuro\n|\n|-damage|p1a: Marino|18\/100 brn|[from] brn\n|upkeep\n|\n|t:|1699823198\n|switch|p2a: el urfeador|Raichu-Alola, F|100\/100\n|turn|5\n|\n|t:|1699823210\n|move|p1a: Marino|Aqua Jet|p2a: el urfeador\n|-damage|p2a: el urfeador|0 fnt\n|faint|p2a: el urfeador\n|\n|-damage|p1a: Marino|11\/100 brn|[from] brn\n|upkeep\n|\n|t:|1699823216\n|switch|p2a: la armadura|Kommo-o, F|100\/100\n|turn|6\n|\n|t:|1699823219\n|move|p2a: la armadura|Clangorous Soul|p2a: la armadura\n|-boost|p2a: la armadura|atk|1\n|-boost|p2a: la armadura|def|1\n|-boost|p2a: la armadura|spa|1\n|-boost|p2a: la armadura|spd|1\n|-boost|p2a: la armadura|spe|1\n|-damage|p2a: la armadura|68\/100\n|move|p1a: Marino|Play Rough|p2a: la armadura\n|-supereffective|p2a: la armadura\n|-damage|p2a: la armadura|0 fnt\n|faint|p2a: la armadura\n|\n|-damage|p1a: Marino|5\/100 brn|[from] brn\n|upkeep\n|c|\u2606ivancuervo2007|I'm godd\n|\n|t:|1699823231\n|switch|p2a: garra rapida|Sneasler, F|100\/100\n|turn|7\n|\n|t:|1699823238\n|move|p1a: Marino|Aqua Jet|p2a: garra rapida\n|-damage|p2a: garra rapida|7\/100\n|move|p2a: garra rapida|Swords Dance|p2a: garra rapida\n|-boost|p2a: garra rapida|atk|2\n|\n|-damage|p1a: Marino|0 fnt|[from] brn\n|faint|p1a: Marino\n|upkeep\n|\n|t:|1699823249\n|switch|p1a: Ryu|Lucario, F|100\/100\n|turn|8\n|c|\u2606axelzzz09|oh no\n|\n|t:|1699823253\n|move|p1a: Ryu|Aura Sphere|p2a: garra rapida\n|-resisted|p2a: garra rapida\n|-crit|p2a: garra rapida\n|-damage|p2a: garra rapida|0 fnt\n|faint|p2a: garra rapida\n|\n|upkeep\n|\n|t:|1699823258\n|switch|p2a: mi mama|Kangaskhan, F|100\/100\n|turn|9\n|\n|t:|1699823262\n|detailschange|p2a: mi mama|Kangaskhan-Mega, F\n|-mega|p2a: mi mama|Kangaskhan|Kangaskhanite\n|move|p1a: Ryu|Aura Sphere|p2a: mi mama\n|-supereffective|p2a: mi mama\n|-damage|p2a: mi mama|37\/100\n|move|p2a: mi mama|Earthquake|p1a: Ryu\n|-supereffective|p1a: Ryu\n|-damage|p1a: Ryu|7\/100\n|-supereffective|p1a: Ryu\n|-damage|p1a: Ryu|0 fnt\n|faint|p1a: Ryu\n|-hitcount|p1: Ryu|2\n|\n|upkeep\n|c|\u2606axelzzz09|no me lo creo\n|\n|t:|1699823276\n|switch|p1a: Behemoth|Aggron, M|100\/100\n|turn|10\n|\n|t:|1699823279\n|detailschange|p1a: Behemoth|Aggron-Mega, M\n|-mega|p1a: Behemoth|Aggron|Aggronite\n|move|p2a: mi mama|Drain Punch|p1a: Behemoth\n|-supereffective|p1a: Behemoth\n|-damage|p1a: Behemoth|85\/100\n|-heal|p2a: mi mama|43\/100|[from] drain|[of] p1a: Behemoth\n|-supereffective|p1a: Behemoth\n|-damage|p1a: Behemoth|82\/100\n|-heal|p2a: mi mama|44\/100|[from] drain|[of] p1a: Behemoth\n|-hitcount|p1a: Behemoth|2\n|move|p1a: Behemoth|Body Press|p2a: mi mama\n|-supereffective|p2a: mi mama\n|-damage|p2a: mi mama|0 fnt\n|faint|p2a: mi mama\n|\n|win|ivancuervo2007\n","uploadtime":1699823283,"views":25,"p1id":"ivancuervo2007","p2id":"axelzzz09","formatid":"gen9ubers","rating":0,"private":0,"password":""}