{"id":"radicalred-gen9ubers-545548","p1":"Finalcrew15","p2":"BananenSoep","format":"[Gen 9] Ubers","log":"|j|\u2606Finalcrew15\n|j|\u2606BananenSoep\n|t:|1699816115\n|gametype|singles\n|player|p1|Finalcrew15|102|\n|player|p2|BananenSoep|266|\n|teamsize|p1|6\n|teamsize|p2|6\n|gen|9\n|tier|[Gen 9] Ubers\n|rule|Sleep Clause Mod: Limit one foe put to sleep\n|rule|Species Clause: Limit one of each Pok\u00e9mon\n|rule|OHKO Clause: OHKO moves are banned\n|rule|Evasion Abilities Clause: Evasion abilities are banned\n|rule|Evasion Items Clause: Evasion items are banned\n|rule|Evasion Moves Clause: Evasion moves are banned\n|rule|Endless Battle Clause: Forcing endless battles is banned\n|rule|HP Percentage Mod: HP is shown in percentages\n|rule|Dynamax Clause: You cannot dynamax\n|rule|Mega Rayquaza Clause: You cannot mega evolve Rayquaza\n|clearpoke\n|poke|p1|Machamp, F|\n|poke|p1|Flutter Mane|\n|poke|p1|Great Tusk|\n|poke|p1|Typhlosion-Hisui, F|\n|poke|p1|Torkoal, F|\n|poke|p1|Walking Wake|\n|poke|p2|Solgaleo|\n|poke|p2|Greninja-*, M|\n|poke|p2|Sceptile, M|\n|poke|p2|Gliscor, F|\n|poke|p2|Zoroark, F|\n|poke|p2|Hatterene, F|\n|teampreview\n|c|\u2606BananenSoep|glhf\n|c|\u2606Finalcrew15|Care to send live link\n|c|\u2606Finalcrew15|glhf\n|\n|t:|1699816177\n|start\n|switch|p1a: Torkoal|Torkoal, F|100\/100\n|switch|p2a: Hatterene|Hatterene, F|100\/100\n|-weather|SunnyDay|[from] ability: Drought|[of] p1a: Torkoal\n|turn|1\n|\n|t:|1699816195\n|move|p2a: Hatterene|Dark Pulse|p1a: Torkoal\n|-damage|p1a: Torkoal|0 fnt\n|faint|p1a: Torkoal\n|\n|-weather|SunnyDay|[upkeep]\n|upkeep\n|\n|t:|1699816205\n|switch|p1a: Typhlosion|Typhlosion-Hisui, F|100\/100\n|turn|2\n|\n|t:|1699816217\n|move|p1a: Typhlosion|Eruption|p2a: Hatterene\n|-damage|p2a: Hatterene|0 fnt\n|replace|p2a: Zoroark|Zoroark, F\n|-end|p2a: Zoroark|Illusion\n|faint|p2a: Zoroark\n|\n|-weather|SunnyDay|[upkeep]\n|upkeep\n|\n|t:|1699816231\n|switch|p2a: Hatterene|Hatterene, F|100\/100\n|turn|3\n|\n|t:|1699816240\n|move|p1a: Typhlosion|Eruption|p2a: Hatterene\n|-damage|p2a: Hatterene|0 fnt\n|faint|p2a: Hatterene\n|\n|-weather|SunnyDay|[upkeep]\n|upkeep\n|c|\u2606BananenSoep|well\n|c|\u2606BananenSoep|dam\n|\n|t:|1699816250\n|switch|p2a: Gliscor|Gliscor, F|100\/100\n|turn|4\n|\n|t:|1699816256\n|move|p2a: Gliscor|Protect|p2a: Gliscor\n|-singleturn|p2a: Gliscor|Protect\n|move|p1a: Typhlosion|Eruption|p2a: Gliscor\n|-activate|p2a: Gliscor|move: Protect\n|\n|-weather|SunnyDay|[upkeep]\n|-status|p2a: Gliscor|tox|[from] item: Toxic Orb\n|upkeep\n|turn|5\n|\n|t:|1699816263\n|switch|p2a: Greninja|Greninja, M|100\/100\n|move|p1a: Typhlosion|Eruption|p2a: Greninja\n|-resisted|p2a: Greninja\n|-damage|p2a: Greninja|19\/100\n|\n|-weather|SunnyDay|[upkeep]\n|upkeep\n|turn|6\n|c|\u2606BananenSoep|this is what i get for speedbuilding ig\n|j| Xopas\n|c| Xopas|What did I miss\n|c|\u2606BananenSoep|i built in 10 minutes and now i lose to scarf eruption\n|c| Xopas|Damn\n|\n|t:|1699816325\n|move|p1a: Typhlosion|Eruption|p2a: Greninja\n|-resisted|p2a: Greninja\n|-damage|p2a: Greninja|0 fnt\n|faint|p2a: Greninja\n|\n|-weather|SunnyDay|[upkeep]\n|upkeep\n|\n|t:|1699816334\n|switch|p2a: Gliscor|Gliscor, F|100\/100 tox\n|turn|7\n|\n|t:|1699816337\n|move|p2a: Gliscor|Protect|p2a: Gliscor\n|-singleturn|p2a: Gliscor|Protect\n|move|p1a: Typhlosion|Eruption|p2a: Gliscor\n|-activate|p2a: Gliscor|move: Protect\n|\n|-weather|SunnyDay|[upkeep]\n|upkeep\n|turn|8\n|\n|t:|1699816346\n|move|p2a: Gliscor|Protect||[still]\n|-fail|p2a: Gliscor\n|move|p1a: Typhlosion|Eruption|p2a: Gliscor\n|-damage|p2a: Gliscor|0 fnt\n|faint|p2a: Gliscor\n|\n|-weather|none\n|upkeep\n|c| Xopas|o7\n|\n|t:|1699816353\n|switch|p2a: Sceptile|Sceptile, M|100\/100\n|turn|9\n|\n|t:|1699816358\n|detailschange|p2a: Sceptile|Sceptile-Mega, M\n|-mega|p2a: Sceptile|Sceptile|Sceptilite\n|move|p1a: Typhlosion|Eruption|p2a: Sceptile\n|-damage|p2a: Sceptile|4\/100\n|move|p2a: Sceptile|Earthquake|p1a: Typhlosion\n|-supereffective|p1a: Typhlosion\n|-damage|p1a: Typhlosion|1\/100\n|\n|upkeep\n|turn|10\n|\n|t:|1699816372\n|-activate|p1a: Typhlosion|move: Struggle\n|move|p1a: Typhlosion|Struggle|p2a: Sceptile\n|-damage|p2a: Sceptile|0 fnt\n|faint|p2a: Sceptile\n|-damage|p1a: Typhlosion|0 fnt|[from] recoil\n|faint|p1a: Typhlosion\n|\n|upkeep\n|c| Xopas|LOL W\n|j| Monkemaniac323\n|\n|t:|1699816389\n|switch|p2a: Solgaleo|Solgaleo|100\/100\n|switch|p1a: Machamp|Machamp, F|100\/100\n|turn|11\n|\n|t:|1699816394\n|detailschange|p1a: Machamp|Machamp-Mega, F\n|-mega|p1a: Machamp|Machamp|Machampite\n|move|p2a: Solgaleo|Psychic Fangs|p1a: Machamp\n|-supereffective|p1a: Machamp\n|-damage|p1a: Machamp|30\/100\n|move|p1a: Machamp|Fire Punch|p2a: Solgaleo\n|-supereffective|p2a: Solgaleo\n|-damage|p2a: Solgaleo|52\/100\n|-status|p2a: Solgaleo|brn\n|-supereffective|p2a: Solgaleo\n|-damage|p2a: Solgaleo|26\/100 brn\n|-hitcount|p2a: Solgaleo|2\n|\n|-damage|p2a: Solgaleo|20\/100 brn|[from] brn\n|upkeep\n|turn|12\n|\n|t:|1699816406\n|move|p1a: Machamp|Bullet Punch|p2a: Solgaleo\n|-resisted|p2a: Solgaleo\n|-damage|p2a: Solgaleo|13\/100 brn\n|-resisted|p2a: Solgaleo\n|-damage|p2a: Solgaleo|10\/100 brn\n|-hitcount|p2a: Solgaleo|2\n|move|p2a: Solgaleo|Psychic Fangs|p1a: Machamp\n|-supereffective|p1a: Machamp\n|-damage|p1a: Machamp|0 fnt\n|faint|p1a: Machamp\n|\n|-damage|p2a: Solgaleo|4\/100 brn|[from] brn\n|upkeep\n|c|\u2606BananenSoep|well thats just mean smh\n|\n|t:|1699816413\n|switch|p1a: Flutter Mane|Flutter Mane|100\/100\n|-enditem|p1a: Flutter Mane|Booster Energy\n|-activate|p1a: Flutter Mane|ability: Protosynthesis|[fromitem]\n|-start|p1a: Flutter Mane|protosynthesisspe\n|turn|13\n|\n|t:|1699816421\n|move|p1a: Flutter Mane|Mystical Fire|p2a: Solgaleo\n|-supereffective|p2a: Solgaleo\n|-damage|p2a: Solgaleo|0 fnt\n|faint|p2a: Solgaleo\n|\n|win|Finalcrew15\n|c|\u2606BananenSoep|ggs i guess\n|c|\u2606Finalcrew15|Gg\n|l| Xopas\n","uploadtime":1699816440,"views":45,"p1id":"finalcrew15","p2id":"bananensoep","formatid":"gen9ubers","rating":0,"private":0,"password":""}