{"id":"radicalred-gen9ubers-545260","p1":"axelzzz09","p2":"xleontdx","format":"[Gen 9] Ubers","log":"|j|\u2606axelzzz09\n|j|\u2606xleontdx\n|t:|1699752741\n|gametype|singles\n|player|p1|axelzzz09|rr-sneasler|\n|player|p2|xleontdx|rr-lucariomega|\n|teamsize|p1|6\n|teamsize|p2|6\n|gen|9\n|tier|[Gen 9] Ubers\n|rule|Sleep Clause Mod: Limit one foe put to sleep\n|rule|Species Clause: Limit one of each Pok\u00e9mon\n|rule|OHKO Clause: OHKO moves are banned\n|rule|Evasion Abilities Clause: Evasion abilities are banned\n|rule|Evasion Items Clause: Evasion items are banned\n|rule|Evasion Moves Clause: Evasion moves are banned\n|rule|Endless Battle Clause: Forcing endless battles is banned\n|rule|HP Percentage Mod: HP is shown in percentages\n|rule|Dynamax Clause: You cannot dynamax\n|rule|Mega Rayquaza Clause: You cannot mega evolve Rayquaza\n|clearpoke\n|poke|p1|Garchomp, F|\n|poke|p1|Ceruledge, M|\n|poke|p1|Sneasler, M|\n|poke|p1|Kommo-o, M|\n|poke|p1|Meowscarada, M|\n|poke|p1|Samurott, F|\n|poke|p2|Lopunny, F|\n|poke|p2|Lucario, M|\n|poke|p2|Infernape, M|\n|poke|p2|Staraptor, M|\n|poke|p2|Crobat, F|\n|poke|p2|Corviknight, M|\n|teampreview\n|\n|t:|1699752758\n|start\n|switch|p1a: Garchomp|Garchomp, F|100\/100\n|switch|p2a: Lionel|Lucario, M|100\/100\n|turn|1\n|c|\u2606axelzzz09|gte mostrare el poder\n|j| anderproyt\n|c| anderproyt|garchomp uff\n|c|\u2606axelzzz09|prepara ese culo del lucario y de tu equipo\n|c|\u2606axelzzz09|porque se volvera inalcanzable\n|inactive|Battle timer is ON: inactive players will automatically lose when time's up. (requested by axelzzz09)\n|\n|t:|1699752819\n|move|p2a: Lionel|Extreme Speed|p1a: Garchomp\n|-damage|p1a: Garchomp|75\/100\n|-damage|p2a: Lionel|88\/100|[from] ability: Rough Skin|[of] p1a: Garchomp\n|move|p1a: Garchomp|Swords Dance|p1a: Garchomp\n|-boost|p1a: Garchomp|atk|2\n|\n|upkeep\n|turn|2\n|c|\u2606axelzzz09|jajajajaj\n|\n|t:|1699752829\n|move|p1a: Garchomp|Fire Fang|p2a: Lionel\n|-supereffective|p2a: Lionel\n|-damage|p2a: Lionel|0 fnt\n|faint|p2a: Lionel\n|\n|upkeep\n|c|\u2606axelzzz09|xdd c la comio\n|c|\u2606axelzzz09|todo rico\n|\n|t:|1699752841\n|switch|p2a: Playboy|Lopunny, F, shiny|100\/100\n|turn|3\n|\n|t:|1699752849\n|detailschange|p2a: Playboy|Lopunny-Mega, F, shiny\n|-mega|p2a: Playboy|Lopunny|Lopunnite\n|move|p2a: Playboy|Fake Out|p1a: Garchomp\n|-damage|p1a: Garchomp|55\/100\n|-damage|p2a: Playboy|88\/100|[from] ability: Rough Skin|[of] p1a: Garchomp\n|cant|p1a: Garchomp|flinch\n|\n|upkeep\n|turn|4\n|c|\u2606axelzzz09|nooo el pokemon favorito de los furros\n|\n|t:|1699752860\n|move|p2a: Playboy|Triple Axel|p1a: Garchomp\n|-supereffective|p1a: Garchomp\n|-damage|p1a: Garchomp|27\/100\n|-damage|p2a: Playboy|76\/100|[from] ability: Rough Skin|[of] p1a: Garchomp\n|-supereffective|p1a: Garchomp\n|-damage|p1a: Garchomp|0 fnt\n|-damage|p2a: Playboy|64\/100|[from] ability: Rough Skin|[of] p1a: Garchomp\n|faint|p1a: Garchomp\n|-hitcount|p1: Garchomp|2\n|\n|upkeep\n|c|\u2606axelzzz09|a ptm no me dejo prepararlo\n|\n|t:|1699752879\n|switch|p1a: Sneasler|Sneasler, M|100\/100\n|turn|5\n|c| anderproyt|jaja \n|c|\u2606axelzzz09|mira\n|\n|t:|1699752888\n|move|p2a: Playboy|Fake Out||[still]\n|-hint|Fake Out only works on your first turn out.\n|-fail|p2a: Playboy\n|move|p1a: Sneasler|Fake Out|p2a: Playboy\n|-damage|p2a: Playboy|44\/100\n|-status|p2a: Playboy|psn|[from] ability: Poison Touch|[of] p1a: Sneasler\n|\n|-damage|p2a: Playboy|32\/100 psn|[from] psn\n|upkeep\n|turn|6\n|c| anderproyt|hm ese sneasler no es ballon\n|c|\u2606axelzzz09|con todo y veneno\n|\n|t:|1699752906\n|move|p2a: Playboy|Play Rough|p1a: Sneasler\n|-damage|p1a: Sneasler|42\/100\n|move|p1a: Sneasler|U-turn|p2a: Playboy\n|-resisted|p2a: Playboy\n|-damage|p2a: Playboy|15\/100 psn\n|c|\u2606axelzzz09|nah pa que el globo\n|\n|t:|1699752915\n|switch|p1a: Kommo-o|Kommo-o, M|100\/100|[from] U-turn\n|\n|-damage|p2a: Playboy|3\/100 psn|[from] psn\n|upkeep\n|turn|7\n|c| anderproyt|hada\n|\n|t:|1699752925\n|move|p2a: Playboy|Play Rough|p1a: Kommo-o\n|-supereffective|p1a: Kommo-o\n|-damage|p1a: Kommo-o|0 fnt\n|faint|p1a: Kommo-o\n|\n|-damage|p2a: Playboy|0 fnt|[from] psn\n|faint|p2a: Playboy\n|upkeep\n|c| anderproyt|eso \n|c|\u2606axelzzz09|si lose\n|c|\u2606axelzzz09|le estoy regalando\n|\n|t:|1699752938\n|switch|p2a: Metal bat|Corviknight, M, shiny|100\/100\n|switch|p1a: Ceruledge|Ceruledge, M|100\/100\n|-ability|p2a: Metal bat|Pressure\n|turn|8\n|c|\u2606axelzzz09|porque viene la estrella\n|\n|t:|1699752950\n|switch|p2a: Infernape|Infernape, M|100\/100\n|move|p1a: Ceruledge|Swords Dance|p1a: Ceruledge\n|-boost|p1a: Ceruledge|atk|2\n|\n|upkeep\n|turn|9\n|c|\u2606axelzzz09|necesitaba sacar a los pokes con ataque consecutivois\n|\n|t:|1699752966\n|move|p2a: Infernape|Scorching Sands|p1a: Ceruledge\n|-supereffective|p1a: Ceruledge\n|-damage|p1a: Ceruledge|61\/100\n|move|p1a: Ceruledge|Poltergeist|p2a: Infernape\n|-activate|p2a: Infernape|move: Poltergeist|Focus Sash\n|-enditem|p2a: Infernape|Focus Sash\n|-damage|p2a: Infernape|1\/100\n|\n|upkeep\n|turn|10\n|c| anderproyt|uff \n|\n|t:|1699752976\n|move|p2a: Infernape|Scorching Sands|p1a: Ceruledge\n|-supereffective|p1a: Ceruledge\n|-damage|p1a: Ceruledge|17\/100\n|move|p1a: Ceruledge|Bitter Blade|p2a: Infernape\n|-resisted|p2a: Infernape\n|-damage|p2a: Infernape|0 fnt\n|-heal|p1a: Ceruledge|17\/100|[from] drain|[of] p2a: Infernape\n|faint|p2a: Infernape\n|\n|upkeep\n|c| anderproyt|ese scoarching saco menos de lo esperado\n|c|\u2606axelzzz09|xd si\n|c|\u2606axelzzz09|nose porque\n|\n|t:|1699752993\n|switch|p2a: Falc\u00f3n|Staraptor, M, shiny|100\/100\n|-ability|p2a: Falc\u00f3n|Intimidate|boost\n|-unboost|p1a: Ceruledge|atk|1\n|turn|11\n|\n|t:|1699753000\n|move|p1a: Ceruledge|Shadow Sneak|p2a: Falc\u00f3n\n|-immune|p2a: Falc\u00f3n\n|move|p2a: Falc\u00f3n|Brave Bird|p1a: Ceruledge\n|-damage|p1a: Ceruledge|0 fnt\n|faint|p1a: Ceruledge\n|-damage|p2a: Falc\u00f3n|96\/100|[from] Recoil\n|\n|upkeep\n|c| anderproyt|Naise\n|c|\u2606axelzzz09|xddd\n|\n|t:|1699753010\n|switch|p1a: Sneasler|Sneasler, M|42\/100\n|turn|12\n|\n|t:|1699753017\n|move|p1a: Sneasler|Fake Out|p2a: Falc\u00f3n\n|-damage|p2a: Falc\u00f3n|75\/100\n|cant|p2a: Falc\u00f3n|flinch\n|\n|upkeep\n|turn|13\n|c|\u2606axelzzz09|c envenena\n|c|\u2606axelzzz09|a no\n|\n|t:|1699753023\n|move|p2a: Falc\u00f3n|Brave Bird|p1a: Sneasler\n|-supereffective|p1a: Sneasler\n|-damage|p1a: Sneasler|0 fnt\n|faint|p1a: Sneasler\n|-damage|p2a: Falc\u00f3n|62\/100|[from] Recoil\n|\n|upkeep\n|c|\u2606axelzzz09|xddd scaft\n|\n|t:|1699753030\n|switch|p1a: Samurott|Samurott, F|100\/100\n|turn|14\n|c| anderproyt|a casa xd\n|\n|t:|1699753037\n|switch|p2a: T\u00f3xica|Crobat, F, shiny|100\/100\n|move|p1a: Samurott|Shell Smash|p1a: Samurott\n|-unboost|p1a: Samurott|def|1\n|-unboost|p1a: Samurott|spd|1\n|-boost|p1a: Samurott|atk|2\n|-boost|p1a: Samurott|spa|2\n|-boost|p1a: Samurott|spe|2\n|-enditem|p1a: Samurott|White Herb\n|-clearnegativeboost|p1a: Samurott|[silent]\n|\n|upkeep\n|turn|15\n|c|\u2606axelzzz09|no me esperaba un sacft\n|c|\u2606axelzzz09|dead\n|\n|t:|1699753058\n|move|p1a: Samurott|Razor Shell|p2a: T\u00f3xica\n|-damage|p2a: T\u00f3xica|0 fnt\n|faint|p2a: T\u00f3xica\n|\n|upkeep\n|c|\u2606axelzzz09|bro olvidate\n|c| anderproyt|ese Shell Smash\n|c|\u2606axelzzz09|eso no iba a sobrevivir ni de broma\n|\n|t:|1699753072\n|switch|p2a: Metal bat|Corviknight, M, shiny|100\/100\n|-ability|p2a: Metal bat|Pressure\n|turn|16\n|\n|t:|1699753084\n|move|p1a: Samurott|Sacred Sword|p2a: Metal bat\n|-damage|p2a: Metal bat|46\/100\n|move|p2a: Metal bat|Reflect|p2a: Metal bat\n|-sidestart|p2: xleontdx|Reflect\n|\n|upkeep\n|turn|17\n|\n|t:|1699753095\n|move|p1a: Samurott|Sacred Sword|p2a: Metal bat\n|-crit|p2a: Metal bat\n|-damage|p2a: Metal bat|0 fnt\n|faint|p2a: Metal bat\n|\n|upkeep\n|c|\u2606axelzzz09|sale crit de nuevo\n|c| anderproyt|xd\n|\n|t:|1699753102\n|switch|p2a: Falc\u00f3n|Staraptor, M, shiny|62\/100\n|-ability|p2a: Falc\u00f3n|Intimidate|boost\n|-unboost|p1a: Samurott|atk|1\n|turn|18\n|\n|t:|1699753108\n|move|p1a: Samurott|Razor Shell|p2a: Falc\u00f3n\n|-damage|p2a: Falc\u00f3n|3\/100\n|move|p2a: Falc\u00f3n|Close Combat|p1a: Samurott\n|-supereffective|p1a: Samurott\n|-damage|p1a: Samurott|0 fnt\n|-unboost|p2a: Falc\u00f3n|def|1\n|-unboost|p2a: Falc\u00f3n|spd|1\n|faint|p1a: Samurott\n|\n|upkeep\n|\n|t:|1699753118\n|switch|p1a: Meowscarada|Meowscarada, M|100\/100\n|turn|19\n|c| anderproyt|sera GG?\n|\n|t:|1699753124\n|move|p2a: Falc\u00f3n|Close Combat|p1a: Meowscarada\n|-supereffective|p1a: Meowscarada\n|-damage|p1a: Meowscarada|0 fnt\n|-unboost|p2a: Falc\u00f3n|def|1\n|-unboost|p2a: Falc\u00f3n|spd|1\n|faint|p1a: Meowscarada\n|\n|win|xleontdx\n|c|\u2606axelzzz09|diablo\n|c| anderproyt|:D\n|c|\u2606axelzzz09|de verguitga\n","uploadtime":1699753138,"views":5,"p1id":"axelzzz09","p2id":"xleontdx","formatid":"gen9ubers","rating":0,"private":0,"password":""}