{"id":"radicalred-gen9ubers-547020","p1":"oscar3ro","p2":"ivancuervo2007","format":"[Gen 9] Ubers","log":"|j|\u2606oscar3ro\n|j|\u2606ivancuervo2007\n|t:|1700075086\n|gametype|singles\n|player|p1|oscar3ro|rr-cinderace|\n|player|p2|ivancuervo2007|rr-gastrodon|\n|teamsize|p1|6\n|teamsize|p2|6\n|gen|9\n|tier|[Gen 9] Ubers\n|rule|Sleep Clause Mod: Limit one foe put to sleep\n|rule|Species Clause: Limit one of each Pok\u00e9mon\n|rule|OHKO Clause: OHKO moves are banned\n|rule|Evasion Abilities Clause: Evasion abilities are banned\n|rule|Evasion Items Clause: Evasion items are banned\n|rule|Evasion Moves Clause: Evasion moves are banned\n|rule|Endless Battle Clause: Forcing endless battles is banned\n|rule|HP Percentage Mod: HP is shown in percentages\n|rule|Dynamax Clause: You cannot dynamax\n|rule|Mega Rayquaza Clause: You cannot mega evolve Rayquaza\n|clearpoke\n|poke|p1|Dodrio-Sevii, F|\n|poke|p1|Ribombee, F|\n|poke|p1|Kingambit, M|\n|poke|p1|Shedinja|\n|poke|p1|Houndoom, M|\n|poke|p1|Starmie|\n|poke|p2|Kingler, M|\n|poke|p2|Pelipper, F|\n|poke|p2|Gastrodon, F|\n|poke|p2|Kingdra, M|\n|poke|p2|Bisharp, F|\n|poke|p2|Magneton|\n|teampreview\n|\n|t:|1700075104\n|start\n|switch|p1a: Ribombee|Ribombee, F|100\/100\n|switch|p2a: Magneto|Magneton|100\/100\n|turn|1\n|\n|t:|1700075110\n|move|p1a: Ribombee|Sticky Web|p2a: Magneto\n|-sidestart|p2: ivancuervo2007|move: Sticky Web\n|move|p2a: Magneto|Flash Cannon|p1a: Ribombee\n|-supereffective|p1a: Ribombee\n|-enditem|p1a: Ribombee|Focus Sash\n|-damage|p1a: Ribombee|1\/100\n|\n|upkeep\n|turn|2\n|\n|t:|1700075119\n|switch|p1a: Dodrio|Dodrio-Sevii, F|100\/100\n|move|p2a: Magneto|Volt Switch|p1a: Dodrio\n|-immune|p1a: Dodrio\n|\n|upkeep\n|turn|3\n|\n|t:|1700075126\n|switch|p2a: Pel\u00edcano farlopero|Pelipper, F|100\/100\n|-weather|RainDance|[from] ability: Drizzle|[of] p2a: Pel\u00edcano farlopero\n|move|p1a: Dodrio|Flare Blitz|p2a: Pel\u00edcano farlopero\n|-resisted|p2a: Pel\u00edcano farlopero\n|-damage|p2a: Pel\u00edcano farlopero|79\/100\n|-damage|p1a: Dodrio|91\/100|[from] item: Life Orb\n|\n|-weather|RainDance|[upkeep]\n|upkeep\n|turn|4\n|\n|t:|1700075133\n|move|p1a: Dodrio|Rock Tomb|p2a: Pel\u00edcano farlopero\n|-supereffective|p2a: Pel\u00edcano farlopero\n|-damage|p2a: Pel\u00edcano farlopero|26\/100\n|-unboost|p2a: Pel\u00edcano farlopero|spe|1\n|-damage|p1a: Dodrio|81\/100|[from] item: Life Orb\n|move|p2a: Pel\u00edcano farlopero|Defog|p1a: Dodrio\n|-unboost|p1a: Dodrio|evasion|1\n|-sideend|p2: ivancuervo2007|Sticky Web|[from] move: Defog|[of] p2a: Pel\u00edcano farlopero\n|\n|-weather|RainDance|[upkeep]\n|upkeep\n|turn|5\n|\n|t:|1700075137\n|move|p1a: Dodrio|Rock Tomb|p2a: Pel\u00edcano farlopero\n|-supereffective|p2a: Pel\u00edcano farlopero\n|-damage|p2a: Pel\u00edcano farlopero|0 fnt\n|faint|p2a: Pel\u00edcano farlopero\n|-damage|p1a: Dodrio|71\/100|[from] item: Life Orb\n|\n|-weather|RainDance|[upkeep]\n|upkeep\n|\n|t:|1700075140\n|switch|p2a: Eolo|Kingdra, M|100\/100\n|turn|6\n|\n|t:|1700075146\n|switch|p1a: Shedinja|Shedinja|100\/100\n|move|p2a: Eolo|Surf|p1a: Shedinja\n|-immune|p1a: Shedinja|[from] ability: Wonder Guard\n|\n|-weather|RainDance|[upkeep]\n|upkeep\n|turn|7\n|\n|t:|1700075150\n|move|p2a: Eolo|Hurricane|p1a: Shedinja\n|-supereffective|p1a: Shedinja\n|-enditem|p1a: Shedinja|Focus Sash\n|-damage|p1a: Shedinja|100\/100\n|-damage|p2a: Eolo|91\/100|[from] item: Life Orb\n|move|p1a: Shedinja|Swords Dance|p1a: Shedinja\n|-boost|p1a: Shedinja|atk|2\n|\n|-weather|RainDance|[upkeep]\n|upkeep\n|turn|8\n|\n|t:|1700075154\n|move|p1a: Shedinja|Shadow Sneak|p2a: Eolo\n|-damage|p2a: Eolo|49\/100\n|move|p2a: Eolo|Hurricane|p1a: Shedinja\n|-supereffective|p1a: Shedinja\n|-damage|p1a: Shedinja|0 fnt\n|faint|p1a: Shedinja\n|-damage|p2a: Eolo|40\/100|[from] item: Life Orb\n|\n|-weather|RainDance|[upkeep]\n|upkeep\n|\n|t:|1700075159\n|switch|p1a: Kingambit|Kingambit, M|100\/100\n|-activate|p1a: Kingambit|ability: Supreme Overlord\n|-start|p1a: Kingambit|fallen1|[silent]\n|turn|9\n|\n|t:|1700075162\n|move|p1a: Kingambit|Sucker Punch|p2a: Eolo\n|-damage|p2a: Eolo|0 fnt\n|faint|p2a: Eolo\n|\n|-weather|RainDance|[upkeep]\n|upkeep\n|\n|t:|1700075168\n|switch|p2a: Scup|Gastrodon, F|100\/100\n|turn|10\n|\n|t:|1700075177\n|-end|p1a: Kingambit|fallen1|[silent]\n|switch|p1a: Dodrio|Dodrio-Sevii, F|71\/100\n|move|p2a: Scup|Earth Power|p1a: Dodrio\n|-supereffective|p1a: Dodrio\n|-damage|p1a: Dodrio|0 fnt\n|faint|p1a: Dodrio\n|\n|-weather|none\n|upkeep\n|\n|t:|1700075179\n|switch|p1a: Ribombee|Ribombee, F|1\/100\n|turn|11\n|\n|t:|1700075189\n|move|p1a: Ribombee|Energy Ball|p2a: Scup\n|-supereffective|p2a: Scup\n|-damage|p2a: Scup|11\/100\n|move|p2a: Scup|Ice Beam|p1a: Ribombee\n|-damage|p1a: Ribombee|0 fnt\n|faint|p1a: Ribombee\n|\n|-heal|p2a: Scup|17\/100|[from] item: Leftovers\n|upkeep\n|\n|t:|1700075199\n|switch|p1a: Houndoom|Houndoom, M|100\/100\n|turn|12\n|\n|t:|1700075204\n|detailschange|p1a: Houndoom|Houndoom-Mega, M\n|-mega|p1a: Houndoom|Houndoom|Houndoominite\n|move|p1a: Houndoom|Scorching Sands|p2a: Scup\n|-damage|p2a: Scup|0 fnt\n|faint|p2a: Scup\n|\n|upkeep\n|\n|t:|1700075215\n|switch|p2a: Alfil|Bisharp, F|100\/100\n|turn|13\n|\n|t:|1700075221\n|move|p1a: Houndoom|Flamethrower|p2a: Alfil\n|-supereffective|p2a: Alfil\n|-damage|p2a: Alfil|14\/100\n|move|p2a: Alfil|Iron Head|p1a: Houndoom\n|-resisted|p1a: Houndoom\n|-damage|p1a: Houndoom|72\/100\n|\n|upkeep\n|turn|14\n|\n|t:|1700075227\n|move|p1a: Houndoom|Scorching Sands|p2a: Alfil\n|-supereffective|p2a: Alfil\n|-damage|p2a: Alfil|0 fnt\n|faint|p2a: Alfil\n|\n|upkeep\n|c|\u2606ivancuervo2007|Me olvid\u00e9 de que no le puse Brock brake a este .... F\n|\n|t:|1700075244\n|switch|p2a: Bogavante|Kingler, M|100\/100\n|turn|15\n|\n|t:|1700075250\n|detailschange|p2a: Bogavante|Kingler-Mega, M\n|-mega|p2a: Bogavante|Kingler|Kinglerite\n|move|p1a: Houndoom|Dark Pulse|p2a: Bogavante\n|-damage|p2a: Bogavante|27\/100\n|move|p2a: Bogavante|Crabhammer|p1a: Houndoom\n|-supereffective|p1a: Houndoom\n|-damage|p1a: Houndoom|0 fnt\n|faint|p1a: Houndoom\n|\n|upkeep\n|\n|t:|1700075270\n|switch|p1a: Starmie|Starmie|100\/100\n|turn|16\n|\n|t:|1700075282\n|move|p1a: Starmie|Surf|p2a: Bogavante\n|-resisted|p2a: Bogavante\n|-damage|p2a: Bogavante|0 fnt\n|faint|p2a: Bogavante\n|\n|upkeep\n|\n|t:|1700075284\n|switch|p2a: Magneto|Magneton|100\/100\n|turn|17\n|\n|t:|1700075287\n|move|p1a: Starmie|Surf|p2a: Magneto\n|-damage|p2a: Magneto|62\/100\n|move|p2a: Magneto|Thunder|p1a: Starmie\n|-supereffective|p1a: Starmie\n|-damage|p1a: Starmie|0 fnt\n|faint|p1a: Starmie\n|\n|upkeep\n|\n|t:|1700075289\n|switch|p1a: Kingambit|Kingambit, M|100\/100\n|-activate|p1a: Kingambit|ability: Supreme Overlord\n|-start|p1a: Kingambit|fallen5|[silent]\n|turn|18\n|\n|t:|1700075294\n|move|p2a: Magneto|Thunder|p1a: Kingambit\n|-damage|p1a: Kingambit|41\/100\n|move|p1a: Kingambit|Brick Break|p2a: Magneto\n|-supereffective|p2a: Magneto\n|-damage|p2a: Magneto|0 fnt\n|faint|p2a: Magneto\n|\n|win|oscar3ro\n|c|\u2606ivancuervo2007|Gg\n|c|\u2606oscar3ro|Gg\n","uploadtime":1700075305,"views":9,"p1id":"oscar3ro","p2id":"ivancuervo2007","formatid":"gen9ubers","rating":0,"private":0,"password":""}