{"id":"radicalred-gen9ubers-539325","p1":"Blackfooted Eel","p2":"BananenSoep","format":"[Gen 9] Ubers","log":"|j|\u2606Blackfooted Eel\n|j|\u2606BananenSoep\n|t:|1698597766\n|gametype|singles\n|player|p1|Blackfooted Eel|2|\n|player|p2|BananenSoep|170|\n|teamsize|p1|6\n|teamsize|p2|6\n|gen|9\n|tier|[Gen 9] Ubers\n|rule|Sleep Clause Mod: Limit one foe put to sleep\n|rule|Species Clause: Limit one of each Pok\u00e9mon\n|rule|OHKO Clause: OHKO moves are banned\n|rule|Evasion Abilities Clause: Evasion abilities are banned\n|rule|Evasion Items Clause: Evasion items are banned\n|rule|Evasion Moves Clause: Evasion moves are banned\n|rule|Endless Battle Clause: Forcing endless battles is banned\n|rule|HP Percentage Mod: HP is shown in percentages\n|rule|Dynamax Clause: You cannot dynamax\n|rule|Mega Rayquaza Clause: You cannot mega evolve Rayquaza\n|clearpoke\n|poke|p1|Enamorus, F|\n|poke|p1|Mamoswine, M|\n|poke|p1|Umbreon, F|\n|poke|p1|Corviknight, M|\n|poke|p1|Slowbro, M|\n|poke|p1|Ampharos, M|\n|poke|p2|Solgaleo|\n|poke|p2|Greninja-*, M|\n|poke|p2|Gliscor, F|\n|poke|p2|Sceptile, M|\n|poke|p2|Zoroark, M|\n|poke|p2|Nihilego|\n|teampreview\n|c|\u2606BananenSoep|glhf\n|j| Shibbu12\n|c|\u2606Blackfooted Eel|u2\n|\n|t:|1698597832\n|start\n|switch|p1a: Bowie|Enamorus, F|100\/100\n|switch|p2a: Greninja|Greninja, M|100\/100\n|turn|1\n|\n|t:|1698597858\n|switch|p2a: Nihilego|Nihilego|100\/100\n|move|p1a: Bowie|Moonblast|p2a: Nihilego\n|-resisted|p2a: Nihilego\n|-damage|p2a: Nihilego|90\/100\n|\n|upkeep\n|turn|2\n|\n|t:|1698597868\n|switch|p1a: Eartha Kitt|Umbreon, F|100\/100\n|move|p2a: Nihilego|Power Gem|p1a: Eartha Kitt\n|-damage|p1a: Eartha Kitt|77\/100\n|\n|-heal|p1a: Eartha Kitt|83\/100|[from] item: Leftovers\n|upkeep\n|turn|3\n|\n|t:|1698597873\n|switch|p2a: Gliscor|Gliscor, F|100\/100\n|move|p1a: Eartha Kitt|Knock Off|p2a: Gliscor\n|-damage|p2a: Gliscor|88\/100\n|-enditem|p2a: Gliscor|Toxic Orb|[from] move: Knock Off|[of] p1a: Eartha Kitt\n|\n|-heal|p1a: Eartha Kitt|89\/100|[from] item: Leftovers\n|upkeep\n|turn|4\n|\n|t:|1698597895\n|move|p2a: Gliscor|Stealth Rock|p1a: Eartha Kitt\n|-sidestart|p1: Blackfooted Eel|move: Stealth Rock\n|move|p1a: Eartha Kitt|Baton Pass|p1a: Eartha Kitt\n|-damage|p1a: Eartha Kitt|85\/100\n|\n|-heal|p1a: Eartha Kitt|92\/100|[from] item: Leftovers\n|upkeep\n|turn|5\n|l|\u2606BananenSoep\n|player|p2|\n|c|\u2606Blackfooted Eel|i....did not realize they changed baton pass\n|c|\u2606Blackfooted Eel|wtf\n|j|\u2606BananenSoep\n|player|p2|BananenSoep|170\n|c|\u2606BananenSoep|lol\n|c|\u2606Blackfooted Eel|i don't remember seeing anything about that on the doc\n|c|\u2606BananenSoep|it was talked about in the server\n|c|\u2606Blackfooted Eel|i must have scrolled past that conversation\n|c|\u2606BananenSoep|specifically how it makes umbreon worse lol\n|\n|t:|1698598011\n|switch|p1a: Kronk|Slowbro, M|100\/100\n|move|p2a: Gliscor|U-turn|p1a: Kronk\n|-supereffective|p1a: Kronk\n|-damage|p1a: Kronk|82\/100\n|c|\u2606Blackfooted Eel|ya think??\n|\n|t:|1698598023\n|switch|p2a: Greninja|Greninja, M|100\/100|[from] U-turn\n|\n|upkeep\n|turn|6\n|\n|t:|1698598029\n|switch|p1a: Eartha Kitt|Umbreon, F|92\/100\n|-damage|p1a: Eartha Kitt|79\/100|[from] Stealth Rock\n|move|p2a: Greninja|U-turn|p1a: Eartha Kitt\n|-supereffective|p1a: Eartha Kitt\n|-damage|p1a: Eartha Kitt|47\/100\n|\n|t:|1698598037\n|switch|p2a: Sceptile|Sceptile, M|100\/100|[from] U-turn\n|\n|-heal|p1a: Eartha Kitt|53\/100|[from] item: Leftovers\n|upkeep\n|turn|7\n|\n|t:|1698598046\n|detailschange|p2a: Sceptile|Sceptile-Mega, M\n|-mega|p2a: Sceptile|Sceptile|Sceptilite\n|move|p2a: Sceptile|Dual Chop|p1a: Eartha Kitt\n|-damage|p1a: Eartha Kitt|25\/100\n|-damage|p1a: Eartha Kitt|0 fnt\n|faint|p1a: Eartha Kitt\n|-hitcount|p1: Eartha Kitt|2\n|\n|upkeep\n|\n|t:|1698598052\n|switch|p1a: Heath|Corviknight, M|100\/100\n|-damage|p1a: Heath|88\/100|[from] Stealth Rock\n|-ability|p1a: Heath|Pressure\n|turn|8\n|\n|t:|1698598081\n|switch|p2a: Gliscor|Gliscor, F|88\/100\n|move|p1a: Heath|U-turn|p2a: Gliscor\n|-resisted|p2a: Gliscor\n|-crit|p2a: Gliscor\n|-damage|p2a: Gliscor|80\/100\n|\n|t:|1698598108\n|switch|p1a: Kronk|Slowbro, M|100\/100|[from] U-turn\n|\n|upkeep\n|turn|9\n|\n|t:|1698598114\n|move|p2a: Gliscor|U-turn|p1a: Kronk\n|-supereffective|p1a: Kronk\n|-damage|p1a: Kronk|83\/100\n|\n|t:|1698598118\n|switch|p2a: Solgaleo|Solgaleo|100\/100|[from] U-turn\n|move|p1a: Kronk|Trick Room|p1a: Kronk\n|-fieldstart|move: Trick Room|[of] p1a: Kronk\n|\n|upkeep\n|turn|10\n|\n|t:|1698598124\n|move|p2a: Solgaleo|Future Sight|p1a: Kronk\n|-start|p2a: Solgaleo|move: Future Sight\n|move|p1a: Kronk|Teleport|p1a: Kronk\n|\n|t:|1698598132\n|switch|p1a: Goodman|Mamoswine, M|100\/100|[from] Teleport\n|-damage|p1a: Goodman|88\/100|[from] Stealth Rock\n|\n|upkeep\n|turn|11\n|\n|t:|1698598145\n|move|p1a: Goodman|Headlong Rush|p2a: Solgaleo\n|-supereffective|p2a: Solgaleo\n|-damage|p2a: Solgaleo|0 fnt\n|-unboost|p1a: Goodman|def|1\n|-unboost|p1a: Goodman|spd|1\n|faint|p2a: Solgaleo\n|-damage|p1a: Goodman|78\/100|[from] item: Life Orb\n|\n|upkeep\n|c|\u2606BananenSoep|i\u2019m so fucked lol\n|\n|t:|1698598168\n|switch|p2a: Nihilego|Nihilego|90\/100\n|turn|12\n|\n|t:|1698598180\n|switch|p1a: Kronk|Slowbro, M|100\/100\n|switch|p2a: Gliscor|Gliscor, F|80\/100\n|\n|-end|p1a: Kronk|move: Future Sight\n|-resisted|p1a: Kronk\n|-damage|p1a: Kronk|77\/100\n|upkeep\n|turn|13\n|\n|t:|1698598193\n|move|p1a: Kronk|Slack Off|p1a: Kronk\n|-heal|p1a: Kronk|100\/100\n|move|p2a: Gliscor|U-turn|p1a: Kronk\n|-supereffective|p1a: Kronk\n|-damage|p1a: Kronk|81\/100\n|\n|t:|1698598198\n|switch|p2a: Greninja|Greninja, M|100\/100|[from] U-turn\n|\n|-fieldend|move: Trick Room\n|upkeep\n|turn|14\n|\n|t:|1698598204\n|switch|p1a: Heath|Corviknight, M|88\/100\n|-damage|p1a: Heath|76\/100|[from] Stealth Rock\n|-ability|p1a: Heath|Pressure\n|replace|p2a: Zoroark|Zoroark, M\n|-end|p2a: Zoroark|Illusion\n|-zpower|p2a: Zoroark\n|move|p2a: Zoroark|Black Hole Eclipse|p1a: Heath|[zeffect]\n|-damage|p1a: Heath|19\/100\n|\n|-heal|p1a: Heath|25\/100|[from] item: Leftovers\n|upkeep\n|turn|15\n|\n|t:|1698598217\n|move|p2a: Zoroark|Flamethrower|p1a: Heath\n|-supereffective|p1a: Heath\n|-damage|p1a: Heath|0 fnt\n|faint|p1a: Heath\n|\n|upkeep\n|\n|t:|1698598219\n|switch|p1a: Bowie|Enamorus, F|100\/100\n|-damage|p1a: Bowie|76\/100|[from] Stealth Rock\n|turn|16\n|\n|t:|1698598225\n|switch|p2a: Nihilego|Nihilego|90\/100\n|move|p1a: Bowie|Earth Power|p2a: Nihilego\n|-supereffective|p2a: Nihilego\n|-damage|p2a: Nihilego|31\/100\n|\n|upkeep\n|turn|17\n|\n|t:|1698598238\n|switch|p1a: Kronk|Slowbro, M|100\/100\n|move|p2a: Nihilego|Sludge Wave|p1a: Kronk\n|-damage|p1a: Kronk|47\/100\n|\n|upkeep\n|turn|18\n|c|\u2606Blackfooted Eel|lol \"i'm fucked\" \n|c|\u2606Blackfooted Eel|sure you are\n|c|\u2606BananenSoep|well\n|c|\u2606BananenSoep|you switched mamo out\n|c|\u2606Blackfooted Eel|cus future sight at -2 after a second headlong would have chunked it\n|\n|t:|1698598335\n|switch|p1a: Geralt|Ampharos, M|100\/100\n|-damage|p1a: Geralt|88\/100|[from] Stealth Rock\n|move|p2a: Nihilego|Sludge Wave|p1a: Geralt\n|-damage|p1a: Geralt|33\/100\n|-status|p1a: Geralt|psn\n|\n|-damage|p1a: Geralt|21\/100 psn|[from] psn\n|upkeep\n|turn|19\n|\n|t:|1698598353\n|detailschange|p1a: Geralt|Ampharos-Mega, M\n|-mega|p1a: Geralt|Ampharos|Ampharosite\n|move|p2a: Nihilego|Sludge Wave|p1a: Geralt\n|-damage|p1a: Geralt|0 fnt\n|faint|p1a: Geralt\n|-ability|p2a: Nihilego|Beast Boost|boost\n|-boost|p2a: Nihilego|spa|1\n|\n|upkeep\n|\n|t:|1698598358\n|switch|p1a: Bowie|Enamorus, F|76\/100\n|-damage|p1a: Bowie|51\/100|[from] Stealth Rock\n|turn|20\n|\n|t:|1698598371\n|move|p1a: Bowie|Earth Power|p2a: Nihilego\n|-supereffective|p2a: Nihilego\n|-damage|p2a: Nihilego|0 fnt\n|faint|p2a: Nihilego\n|\n|upkeep\n|\n|t:|1698598372\n|switch|p2a: Sceptile|Sceptile-Mega, M|100\/100\n|turn|21\n|\n|t:|1698598378\n|move|p1a: Bowie|Earth Power|p2a: Sceptile\n|-resisted|p2a: Sceptile\n|-damage|p2a: Sceptile|77\/100\n|move|p2a: Sceptile|Draco Barrage|p1a: Bowie\n|-damage|p1a: Bowie|0 fnt\n|faint|p1a: Bowie\n|-damage|p2a: Sceptile|60\/100|[from] Recoil\n|\n|upkeep\n|\n|t:|1698598380\n|switch|p1a: Goodman|Mamoswine, M|78\/100\n|-damage|p1a: Goodman|66\/100|[from] Stealth Rock\n|turn|22\n|\n|t:|1698598389\n|move|p1a: Goodman|Ice Shard|p2a: Sceptile\n|-supereffective|p2a: Sceptile\n|-damage|p2a: Sceptile|0 fnt\n|faint|p2a: Sceptile\n|-damage|p1a: Goodman|56\/100|[from] item: Life Orb\n|\n|upkeep\n|\n|t:|1698598393\n|switch|p2a: Greninja|Greninja, M|100\/100\n|turn|23\n|c|\u2606Blackfooted Eel|gg\n|c|\u2606Blackfooted Eel|fucking baton pass screwed me\n|\n|t:|1698598410\n|move|p1a: Goodman|Ice Shard|p2a: Greninja\n|-resisted|p2a: Greninja\n|-damage|p2a: Greninja|75\/100\n|-damage|p1a: Goodman|46\/100|[from] item: Life Orb\n|move|p2a: Greninja|Scald|p1a: Goodman\n|-supereffective|p1a: Goodman\n|-damage|p1a: Goodman|0 fnt\n|faint|p1a: Goodman\n|-activate|p2a: Greninja|ability: Battle Bond\n|detailschange|p2a: Greninja|Greninja-Ash, M\n|\n|upkeep\n|\n|t:|1698598413\n|switch|p1a: Kronk|Slowbro, M|80\/100\n|turn|24\n|\n|t:|1698598416\n|move|p2a: Greninja|Dark Pulse|p1a: Kronk\n|-supereffective|p1a: Kronk\n|-damage|p1a: Kronk|0 fnt\n|faint|p1a: Kronk\n|\n|win|BananenSoep\n|l|\u2606Blackfooted Eel\n|c|\u2606BananenSoep|gg\n","uploadtime":1698598433,"views":32,"p1id":"blackfootedeel","p2id":"bananensoep","formatid":"gen9ubers","rating":0,"private":0,"password":""}