{"id":"radicalred-gen9ubers-546639","p1":"oscar3ro","p2":"xleontdxx","format":"[Gen 9] Ubers","log":"|j|\u2606oscar3ro\n|j|\u2606xleontdxx\n|t:|1700015587\n|gametype|singles\n|player|p1|oscar3ro|rr-cinderace|\n|player|p2|xleontdxx|rr-lucariomega|\n|teamsize|p1|6\n|teamsize|p2|6\n|gen|9\n|tier|[Gen 9] Ubers\n|rule|Sleep Clause Mod: Limit one foe put to sleep\n|rule|Species Clause: Limit one of each Pok\u00e9mon\n|rule|OHKO Clause: OHKO moves are banned\n|rule|Evasion Abilities Clause: Evasion abilities are banned\n|rule|Evasion Items Clause: Evasion items are banned\n|rule|Evasion Moves Clause: Evasion moves are banned\n|rule|Endless Battle Clause: Forcing endless battles is banned\n|rule|HP Percentage Mod: HP is shown in percentages\n|rule|Dynamax Clause: You cannot dynamax\n|rule|Mega Rayquaza Clause: You cannot mega evolve Rayquaza\n|clearpoke\n|poke|p1|Dodrio-Sevii, F|\n|poke|p1|Ribombee, F|\n|poke|p1|Kingambit, M|\n|poke|p1|Shedinja|\n|poke|p1|Houndoom, M|\n|poke|p1|Starmie|\n|poke|p2|Lopunny, F|\n|poke|p2|Urshifu-*, M|\n|poke|p2|Rotom-Fan|\n|poke|p2|Crobat, M|\n|poke|p2|Delibird, M|\n|poke|p2|Infernape, F|\n|teampreview\n|\n|t:|1700015610\n|start\n|switch|p1a: Ribombee|Ribombee, F|100\/100\n|switch|p2a: T\u00f3xica|Crobat, M, shiny|100\/100\n|turn|1\n|\n|t:|1700015620\n|move|p2a: T\u00f3xica|Hurricane|p1a: Ribombee\n|-supereffective|p1a: Ribombee\n|-enditem|p1a: Ribombee|Focus Sash\n|-damage|p1a: Ribombee|1\/100\n|-damage|p2a: T\u00f3xica|91\/100|[from] item: Life Orb\n|move|p1a: Ribombee|Psychic|p2a: T\u00f3xica\n|-supereffective|p2a: T\u00f3xica\n|-damage|p2a: T\u00f3xica|25\/100\n|\n|upkeep\n|turn|2\n|\n|t:|1700015631\n|move|p2a: T\u00f3xica|Hurricane|p1a: Ribombee\n|-supereffective|p1a: Ribombee\n|-damage|p1a: Ribombee|0 fnt\n|faint|p1a: Ribombee\n|-damage|p2a: T\u00f3xica|15\/100|[from] item: Life Orb\n|\n|upkeep\n|\n|t:|1700015645\n|switch|p1a: Starmie|Starmie|100\/100\n|turn|3\n|\n|t:|1700015656\n|move|p2a: T\u00f3xica|Shadow Ball|p1a: Starmie\n|-supereffective|p1a: Starmie\n|-damage|p1a: Starmie|14\/100\n|-unboost|p1a: Starmie|spd|1\n|-damage|p2a: T\u00f3xica|5\/100|[from] item: Life Orb\n|move|p1a: Starmie|Rapid Spin|p2a: T\u00f3xica\n|-damage|p2a: T\u00f3xica|0 fnt\n|-boost|p1a: Starmie|spe|1\n|faint|p2a: T\u00f3xica\n|\n|-heal|p1a: Starmie|20\/100|[from] item: Leftovers\n|upkeep\n|\n|t:|1700015670\n|switch|p2a: Golden fasber|Urshifu-Rapid-Strike, M, shiny|100\/100\n|turn|4\n|\n|t:|1700015681\n|switch|p1a: Shedinja|Shedinja|100\/100\n|move|p2a: Golden fasber|Poison Jab|p1a: Shedinja\n|-immune|p1a: Shedinja|[from] ability: Wonder Guard\n|\n|upkeep\n|turn|5\n|\n|t:|1700015693\n|switch|p2a: Son wokun|Infernape, F, shiny|100\/100\n|move|p1a: Shedinja|Swords Dance|p1a: Shedinja\n|-boost|p1a: Shedinja|atk|2\n|\n|upkeep\n|turn|6\n|\n|t:|1700015702\n|move|p1a: Shedinja|Shadow Sneak|p2a: Son wokun\n|-damage|p2a: Son wokun|44\/100\n|move|p2a: Son wokun|Flamethrower|p1a: Shedinja\n|-supereffective|p1a: Shedinja\n|-enditem|p1a: Shedinja|Focus Sash\n|-damage|p1a: Shedinja|100\/100\n|\n|upkeep\n|turn|7\n|\n|t:|1700015713\n|move|p1a: Shedinja|Shadow Sneak|p2a: Son wokun\n|-damage|p2a: Son wokun|0 fnt\n|faint|p2a: Son wokun\n|\n|upkeep\n|\n|t:|1700015718\n|switch|p2a: Acapulco|Rotom-Fan|100\/100\n|turn|8\n|\n|t:|1700015736\n|switch|p1a: Dodrio|Dodrio-Sevii, F|100\/100\n|move|p2a: Acapulco|Thunder Wave|p1a: Dodrio\n|-immune|p1a: Dodrio\n|\n|upkeep\n|turn|9\n|\n|t:|1700015764\n|move|p1a: Dodrio|Rock Tomb|p2a: Acapulco\n|-supereffective|p2a: Acapulco\n|-crit|p2a: Acapulco\n|-damage|p2a: Acapulco|21\/100\n|-unboost|p2a: Acapulco|spe|1\n|-damage|p1a: Dodrio|91\/100|[from] item: Life Orb\n|move|p2a: Acapulco|Volt Switch|p1a: Dodrio\n|-immune|p1a: Dodrio\n|\n|-heal|p2a: Acapulco|27\/100|[from] item: Leftovers\n|upkeep\n|turn|10\n|\n|t:|1700015782\n|move|p1a: Dodrio|Rock Tomb|p2a: Acapulco\n|-supereffective|p2a: Acapulco\n|-crit|p2a: Acapulco\n|-damage|p2a: Acapulco|0 fnt\n|faint|p2a: Acapulco\n|-damage|p1a: Dodrio|81\/100|[from] item: Life Orb\n|\n|upkeep\n|\n|t:|1700015806\n|switch|p2a: Golden fasber|Urshifu-Rapid-Strike, M, shiny|100\/100\n|turn|11\n|\n|t:|1700015811\n|move|p2a: Golden fasber|Surging Strikes|p1a: Dodrio\n|-supereffective|p1a: Dodrio\n|-crit|p1a: Dodrio\n|-damage|p1a: Dodrio|0 fnt\n|faint|p1a: Dodrio\n|-hitcount|p1: Dodrio|1\n|\n|upkeep\n|\n|t:|1700015818\n|switch|p1a: Shedinja|Shedinja|100\/100\n|turn|12\n|\n|t:|1700015823\n|move|p2a: Golden fasber|Surging Strikes|p1a: Shedinja\n|-immune|p1a: Shedinja|[from] ability: Wonder Guard\n|move|p1a: Shedinja|Swords Dance|p1a: Shedinja\n|-boost|p1a: Shedinja|atk|2\n|\n|upkeep\n|turn|13\n|\n|t:|1700015833\n|switch|p2a: Lopunny|Lopunny, F, shiny|100\/100\n|move|p1a: Shedinja|Poltergeist|p2a: Lopunny\n|-immune|p2a: Lopunny\n|\n|upkeep\n|turn|14\n|\n|t:|1700015843\n|detailschange|p2a: Lopunny|Lopunny-Mega, F, shiny\n|-mega|p2a: Lopunny|Lopunny|Lopunnite\n|move|p2a: Lopunny|Fake Out|p1a: Shedinja\n|-immune|p1a: Shedinja|[from] ability: Wonder Guard\n|move|p1a: Shedinja|X-Scissor|p2a: Lopunny\n|-resisted|p2a: Lopunny\n|-damage|p2a: Lopunny|57\/100\n|\n|upkeep\n|turn|15\n|\n|t:|1700015856\n|move|p2a: Lopunny|Return|p1a: Shedinja\n|-immune|p1a: Shedinja|[from] ability: Wonder Guard\n|move|p1a: Shedinja|Swords Dance|p1a: Shedinja\n|-boost|p1a: Shedinja|atk|2\n|\n|upkeep\n|turn|16\n|\n|t:|1700015895\n|move|p2a: Lopunny|Triple Axel|p1a: Shedinja\n|-immune|p1a: Shedinja|[from] ability: Wonder Guard\n|move|p1a: Shedinja|X-Scissor|p2a: Lopunny\n|-resisted|p2a: Lopunny\n|-damage|p2a: Lopunny|0 fnt\n|faint|p2a: Lopunny\n|\n|upkeep\n|\n|t:|1700015910\n|switch|p2a: Cabo|Delibird, M, shiny|100\/100\n|turn|17\n|\n|t:|1700015921\n|switch|p1a: Houndoom|Houndoom, M|100\/100\n|move|p2a: Cabo|Return|p1a: Houndoom\n|-resisted|p1a: Houndoom\n|-damage|p1a: Houndoom|38\/100\n|\n|upkeep\n|turn|18\n|\n|t:|1700015933\n|detailschange|p1a: Houndoom|Houndoom-Mega, M\n|-mega|p1a: Houndoom|Houndoom|Houndoominite\n|move|p1a: Houndoom|Flamethrower|p2a: Cabo\n|-supereffective|p2a: Cabo\n|-enditem|p2a: Cabo|Focus Sash\n|-damage|p2a: Cabo|1\/100\n|move|p2a: Cabo|Drill Peck|p1a: Houndoom\n|-damage|p1a: Houndoom|0 fnt\n|faint|p1a: Houndoom\n|\n|upkeep\n|\n|t:|1700015939\n|switch|p1a: Shedinja|Shedinja|100\/100\n|turn|19\n|\n|t:|1700015948\n|move|p1a: Shedinja|Shadow Sneak|p2a: Cabo\n|-damage|p2a: Cabo|0 fnt\n|faint|p2a: Cabo\n|\n|upkeep\n|\n|t:|1700015953\n|switch|p2a: Golden fasber|Urshifu-Rapid-Strike, M, shiny|100\/100\n|turn|20\n|\n|t:|1700015958\n|move|p1a: Shedinja|Shadow Sneak|p2a: Golden fasber\n|-damage|p2a: Golden fasber|84\/100\n|move|p2a: Golden fasber|Throat Chop|p1a: Shedinja\n|-supereffective|p1a: Shedinja\n|-damage|p1a: Shedinja|0 fnt\n|faint|p1a: Shedinja\n|\n|upkeep\n|\n|t:|1700015967\n|switch|p1a: Starmie|Starmie|20\/100\n|turn|21\n|\n|t:|1700015971\n|move|p2a: Golden fasber|Throat Chop|p1a: Starmie\n|-supereffective|p1a: Starmie\n|-damage|p1a: Starmie|0 fnt\n|faint|p1a: Starmie\n|\n|upkeep\n|\n|t:|1700015973\n|switch|p1a: Kingambit|Kingambit, M|100\/100\n|-activate|p1a: Kingambit|ability: Supreme Overlord\n|-start|p1a: Kingambit|fallen5|[silent]\n|turn|22\n|\n|t:|1700015980\n|move|p2a: Golden fasber|Throat Chop|p1a: Kingambit\n|-resisted|p1a: Kingambit\n|-damage|p1a: Kingambit|90\/100\n|-start|p1a: Kingambit|Throat Chop|[silent]\n|move|p1a: Kingambit|Brick Break|p2a: Golden fasber\n|-damage|p2a: Golden fasber|40\/100\n|\n|-heal|p1a: Kingambit|96\/100|[from] item: Leftovers\n|upkeep\n|turn|23\n|\n|t:|1700015989\n|move|p2a: Golden fasber|Throat Chop|p1a: Kingambit\n|-resisted|p1a: Kingambit\n|-damage|p1a: Kingambit|85\/100\n|move|p1a: Kingambit|Brick Break|p2a: Golden fasber\n|-damage|p2a: Golden fasber|0 fnt\n|faint|p2a: Golden fasber\n|\n|win|oscar3ro\n|c|\u2606oscar3ro|Gg\n|l|\u2606xleontdxx\n|l|\u2606oscar3ro\n","uploadtime":1700016266,"views":13,"p1id":"oscar3ro","p2id":"xleontdxx","formatid":"gen9ubers","rating":0,"private":0,"password":""}