{"id":"radicalred-gen9ubers-546985","p1":"Heidhall","p2":"axelzzz09","format":"[Gen 9] Ubers","log":"|j|\u2606Heidhall\n|j|\u2606axelzzz09\n|t:|1700072783\n|gametype|singles\n|player|p1|Heidhall|rr-jirachi|\n|player|p2|axelzzz09|rr-sneasler|\n|teamsize|p1|6\n|teamsize|p2|6\n|gen|9\n|tier|[Gen 9] Ubers\n|rule|Sleep Clause Mod: Limit one foe put to sleep\n|rule|Species Clause: Limit one of each Pok\u00e9mon\n|rule|OHKO Clause: OHKO moves are banned\n|rule|Evasion Abilities Clause: Evasion abilities are banned\n|rule|Evasion Items Clause: Evasion items are banned\n|rule|Evasion Moves Clause: Evasion moves are banned\n|rule|Endless Battle Clause: Forcing endless battles is banned\n|rule|HP Percentage Mod: HP is shown in percentages\n|rule|Dynamax Clause: You cannot dynamax\n|rule|Mega Rayquaza Clause: You cannot mega evolve Rayquaza\n|clearpoke\n|poke|p1|Raichu-Alola, M|\n|poke|p1|Scizor, M|\n|poke|p1|Shuckle, M|\n|poke|p1|Centiskorch-Sevii, M|\n|poke|p1|Manectric, M|\n|poke|p1|Tapu Koko|\n|poke|p2|Machamp, M|\n|poke|p2|Garchomp, M|\n|poke|p2|Volcarona, F|\n|poke|p2|Sneasler, F|\n|poke|p2|Kommo-o, F|\n|poke|p2|Rillaboom, F|\n|teampreview\n|c|\u2606Heidhall|Buenas suerte \ud83c\udf40.\n|\n|t:|1700072810\n|start\n|switch|p1a: Bolt|Manectric, M, shiny|100\/100\n|switch|p2a: Kommo-o|Kommo-o, F|100\/100\n|-ability|p1a: Bolt|Intimidate|boost\n|-unboost|p2a: Kommo-o|atk|1\n|turn|1\n|c|\u2606axelzzz09|igual\n|\n|t:|1700072820\n|detailschange|p1a: Bolt|Manectric-Mega, M, shiny\n|-mega|p1a: Bolt|Manectric|Manectite\n|-ability|p1a: Bolt|Intimidate|boost\n|-unboost|p2a: Kommo-o|atk|1\n|move|p1a: Bolt|Volt Switch|p2a: Kommo-o\n|-resisted|p2a: Kommo-o\n|-damage|p2a: Kommo-o|86\/100\n|\n|t:|1700072831\n|switch|p1a: Chili Peper|Tapu Koko, shiny|100\/100|[from] Volt Switch\n|-fieldstart|move: Electric Terrain|[from] ability: Electric Surge|[of] p1a: Chili Peper\n|move|p2a: Kommo-o|Earthquake|p1a: Chili Peper\n|-supereffective|p1a: Chili Peper\n|-damage|p1a: Chili Peper|65\/100\n|\n|-heal|p2a: Kommo-o|92\/100|[from] item: Leftovers\n|upkeep\n|turn|2\n|\n|t:|1700072841\n|switch|p2a: Rillaboom|Rillaboom, F|100\/100\n|-fieldstart|move: Grassy Terrain|[from] ability: Grassy Surge|[of] p2a: Rillaboom\n|-enditem|p2a: Rillaboom|Grassy Seed\n|-boost|p2a: Rillaboom|def|1|[from] item: Grassy Seed\n|move|p1a: Chili Peper|Play Rough|p2a: Rillaboom\n|-damage|p2a: Rillaboom|69\/100\n|\n|-heal|p1a: Chili Peper|71\/100|[from] Grassy Terrain\n|-heal|p2a: Rillaboom|75\/100|[from] Grassy Terrain\n|upkeep\n|turn|3\n|\n|t:|1700072858\n|switch|p1a: Cizalla|Scizor, M|100\/100\n|move|p2a: Rillaboom|Drum Beating|p1a: Cizalla\n|-resisted|p1a: Cizalla\n|-damage|p1a: Cizalla|85\/100\n|-unboost|p1a: Cizalla|spe|1\n|\n|-heal|p2a: Rillaboom|81\/100|[from] Grassy Terrain\n|-heal|p1a: Cizalla|91\/100|[from] Grassy Terrain\n|upkeep\n|turn|4\n|\n|t:|1700072869\n|move|p2a: Rillaboom|Drain Punch|p1a: Cizalla\n|-damage|p1a: Cizalla|64\/100\n|-heal|p2a: Rillaboom|95\/100|[from] drain|[of] p1a: Cizalla\n|move|p1a: Cizalla|U-turn|p2a: Rillaboom\n|-supereffective|p2a: Rillaboom\n|-damage|p2a: Rillaboom|34\/100\n|\n|t:|1700072886\n|switch|p1a: Chili Peper|Tapu Koko, shiny|71\/100|[from] U-turn\n|-fieldstart|move: Electric Terrain|[from] ability: Electric Surge|[of] p1a: Chili Peper\n|\n|upkeep\n|turn|5\n|\n|t:|1700072897\n|switch|p2a: Volcarona|Volcarona, F|100\/100\n|move|p1a: Chili Peper|U-turn|p2a: Volcarona\n|-resisted|p2a: Volcarona\n|-damage|p2a: Volcarona|82\/100\n|\n|t:|1700072906\n|switch|p1a: Zipzapte|Raichu-Alola, M, shiny|100\/100|[from] U-turn\n|\n|upkeep\n|turn|6\n|inactive|Battle timer is ON: inactive players will automatically lose when time's up. (requested by axelzzz09)\n|inactive|Heidhall has 270 seconds left.\n|inactiveoff|Battle timer is now OFF.\n|c|\u2606axelzzz09|a esperar\n|c|\u2606axelzzz09|mientras voy al ba\u00f1o\n|\n|t:|1700072990\n|move|p1a: Zipzapte|Rising Voltage|p2a: Volcarona\n|-hint|Rising Voltage's BP doubled on grounded target.\n|-damage|p2a: Volcarona|0 fnt\n|faint|p2a: Volcarona\n|-damage|p1a: Zipzapte|91\/100|[from] item: Life Orb\n|\n|upkeep\n|c|\u2606Heidhall|Ok,yo te espero.\n|j| mudkipfan333\n|\n|t:|1700073027\n|switch|p2a: Rillaboom|Rillaboom, F|34\/100\n|-fieldstart|move: Grassy Terrain|[from] ability: Grassy Surge|[of] p2a: Rillaboom\n|turn|7\n|c| mudkipfan333|uf llegue\n|c|\u2606axelzzz09|hola\n|\n|t:|1700073039\n|switch|p2a: Sneasler|Sneasler, F|100\/100\n|move|p1a: Zipzapte|Psychic|p2a: Sneasler\n|-supereffective|p2a: Sneasler\n|-damage|p2a: Sneasler|0 fnt\n|faint|p2a: Sneasler\n|-damage|p1a: Zipzapte|81\/100|[from] item: Life Orb\n|\n|-heal|p1a: Zipzapte|87\/100|[from] Grassy Terrain\n|upkeep\n|\n|t:|1700073052\n|switch|p2a: Garchomp|Garchomp, M|100\/100\n|turn|8\n|c| mudkipfan333|gen5: guerra de climas gen9:guerra de campos\n|c|\u2606axelzzz09|xd literal andamos asi\n|\n|t:|1700073070\n|switch|p1a: Coraza|Shuckle, M, shiny|100\/100\n|move|p2a: Garchomp|Scale Shot|p1a: Coraza\n|-damage|p1a: Coraza|93\/100\n|-damage|p1a: Coraza|87\/100\n|-damage|p1a: Coraza|80\/100\n|-damage|p1a: Coraza|74\/100\n|-damage|p1a: Coraza|68\/100\n|-hitcount|p1a: Coraza|5\n|-enditem|p1a: Coraza|Red Card|[of] p2a: Garchomp\n|-unboost|p2a: Garchomp|def|1\n|-boost|p2a: Garchomp|spe|1\n|drag|p2a: Kommo-o|Kommo-o, F|92\/100\n|\n|-heal|p2a: Kommo-o|99\/100|[from] Grassy Terrain\n|-heal|p2a: Kommo-o|100\/100|[from] item: Leftovers\n|-heal|p1a: Coraza|74\/100|[from] Grassy Terrain\n|upkeep\n|turn|9\n|\n|t:|1700073090\n|move|p2a: Kommo-o|Clanging Scales|p1a: Coraza\n|-damage|p1a: Coraza|50\/100\n|-unboost|p2a: Kommo-o|def|1\n|move|p1a: Coraza|Encore|p2a: Kommo-o\n|-start|p2a: Kommo-o|Encore\n|\n|-heal|p1a: Coraza|57\/100|[from] Grassy Terrain\n|upkeep\n|turn|10\n|c|\u2606axelzzz09|ptm le puse el movi que no era\n|\n|t:|1700073101\n|move|p2a: Kommo-o|Clanging Scales|p1a: Coraza\n|-damage|p1a: Coraza|35\/100\n|-unboost|p2a: Kommo-o|def|1\n|move|p1a: Coraza|Sticky Web|p2a: Kommo-o\n|-sidestart|p2: axelzzz09|move: Sticky Web\n|\n|-heal|p1a: Coraza|41\/100|[from] Grassy Terrain\n|upkeep\n|turn|11\n|\n|t:|1700073109\n|switch|p2a: Garchomp|Garchomp, M|100\/100\n|-activate|p2a: Garchomp|move: Sticky Web\n|-unboost|p2a: Garchomp|spe|1\n|move|p1a: Coraza|Toxic|p2a: Garchomp\n|-status|p2a: Garchomp|tox\n|\n|-heal|p1a: Coraza|48\/100|[from] Grassy Terrain\n|-damage|p2a: Garchomp|94\/100 tox|[from] psn\n|-fieldend|move: Grassy Terrain\n|upkeep\n|turn|12\n|\n|t:|1700073120\n|move|p2a: Garchomp|Scale Shot|p1a: Coraza\n|-damage|p1a: Coraza|41\/100\n|-damage|p1a: Coraza|35\/100\n|-damage|p1a: Coraza|28\/100\n|-damage|p1a: Coraza|22\/100\n|-damage|p1a: Coraza|16\/100\n|-hitcount|p1a: Coraza|5\n|-unboost|p2a: Garchomp|def|1\n|-boost|p2a: Garchomp|spe|1\n|move|p1a: Coraza|Encore|p2a: Garchomp\n|-start|p2a: Garchomp|Encore\n|\n|-damage|p2a: Garchomp|82\/100 tox|[from] psn\n|upkeep\n|turn|13\n|\n|t:|1700073133\n|switch|p1a: Bolt|Manectric-Mega, M, shiny|100\/100\n|-ability|p1a: Bolt|Intimidate|boost\n|-unboost|p2a: Garchomp|atk|1\n|move|p2a: Garchomp|Scale Shot|p1a: Bolt\n|-damage|p1a: Bolt|90\/100\n|-damage|p1a: Bolt|78\/100\n|-damage|p1a: Bolt|67\/100\n|-damage|p1a: Bolt|57\/100\n|-hitcount|p1a: Bolt|4\n|-unboost|p2a: Garchomp|def|1\n|-boost|p2a: Garchomp|spe|1\n|\n|-damage|p2a: Garchomp|63\/100 tox|[from] psn\n|upkeep\n|turn|14\n|c| mudkipfan333|tu plan era reventarte a boosteasos con encore?\n|\n|t:|1700073147\n|move|p2a: Garchomp|Scale Shot|p1a: Bolt\n|-damage|p1a: Bolt|47\/100\n|-damage|p1a: Bolt|36\/100\n|-damage|p1a: Bolt|24\/100\n|-damage|p1a: Bolt|12\/100\n|-damage|p1a: Bolt|0 fnt\n|faint|p1a: Bolt\n|-hitcount|p1: Bolt|5\n|-unboost|p2a: Garchomp|def|1\n|-boost|p2a: Garchomp|spe|1\n|\n|-damage|p2a: Garchomp|38\/100 tox|[from] psn\n|upkeep\n|\n|t:|1700073151\n|switch|p1a: Chili Peper|Tapu Koko, shiny|71\/100\n|-fieldstart|move: Electric Terrain|[from] ability: Electric Surge|[of] p1a: Chili Peper\n|turn|15\n|\n|t:|1700073165\n|switch|p2a: Rillaboom|Rillaboom, F|34\/100\n|-activate|p2a: Rillaboom|move: Sticky Web\n|-unboost|p2a: Rillaboom|spe|1\n|-fieldstart|move: Grassy Terrain|[from] ability: Grassy Surge|[of] p2a: Rillaboom\n|move|p1a: Chili Peper|Play Rough|p2a: Rillaboom\n|-damage|p2a: Rillaboom|0 fnt\n|faint|p2a: Rillaboom\n|\n|-heal|p1a: Chili Peper|77\/100|[from] Grassy Terrain\n|upkeep\n|c|\u2606axelzzz09|nei\n|\n|t:|1700073182\n|switch|p2a: Kommo-o|Kommo-o, F|100\/100\n|-activate|p2a: Kommo-o|move: Sticky Web\n|-unboost|p2a: Kommo-o|spe|1\n|turn|16\n|c| mudkipfan333|no entendi el cambiazo del garchomp\n|\n|t:|1700073187\n|move|p1a: Chili Peper|Play Rough|p2a: Kommo-o\n|-supereffective|p2a: Kommo-o\n|-damage|p2a: Kommo-o|0 fnt\n|faint|p2a: Kommo-o\n|\n|-heal|p1a: Chili Peper|83\/100|[from] Grassy Terrain\n|upkeep\n|\n|t:|1700073195\n|switch|p2a: Garchomp|Garchomp, M|38\/100 tox\n|-activate|p2a: Garchomp|move: Sticky Web\n|-unboost|p2a: Garchomp|spe|1\n|turn|17\n|c|\u2606axelzzz09|tenia el encore \n|c|\u2606axelzzz09|no le iva a hacer nada\n|c| mudkipfan333|a\n|c|\u2606Heidhall|Estaba encerrado a R\u00e1faga escama.\n|\n|t:|1700073220\n|move|p1a: Chili Peper|Play Rough|p2a: Garchomp\n|-supereffective|p2a: Garchomp\n|-damage|p2a: Garchomp|0 fnt\n|-damage|p1a: Chili Peper|71\/100|[from] ability: Rough Skin|[of] p2a: Garchomp\n|faint|p2a: Garchomp\n|\n|-heal|p1a: Chili Peper|77\/100|[from] Grassy Terrain\n|upkeep\n|c| mudkipfan333|sera que machamp carrea?\n|c|\u2606axelzzz09|nop\n|\n|t:|1700073229\n|switch|p2a: Machamp|Machamp, M|100\/100\n|-activate|p2a: Machamp|move: Sticky Web\n|-unboost|p2a: Machamp|spe|1\n|turn|18\n|\n|t:|1700073234\n|detailschange|p2a: Machamp|Machamp-Mega, M\n|-mega|p2a: Machamp|Machamp|Machampite\n|move|p2a: Machamp|Bullet Punch|p1a: Chili Peper\n|-damage|p1a: Chili Peper|57\/100\n|-damage|p1a: Chili Peper|46\/100\n|-hitcount|p1a: Chili Peper|2\n|move|p1a: Chili Peper|Play Rough|p2a: Machamp\n|-supereffective|p2a: Machamp\n|-damage|p2a: Machamp|42\/100\n|-unboost|p2a: Machamp|atk|1\n|\n|-heal|p1a: Chili Peper|52\/100|[from] Grassy Terrain\n|-heal|p2a: Machamp|48\/100|[from] Grassy Terrain\n|upkeep\n|turn|19\n|\n|t:|1700073250\n|move|p2a: Machamp|Bullet Punch|p1a: Chili Peper\n|-damage|p1a: Chili Peper|38\/100\n|-damage|p1a: Chili Peper|30\/100\n|-hitcount|p1a: Chili Peper|2\n|move|p1a: Chili Peper|Play Rough|p2a: Machamp\n|-supereffective|p2a: Machamp\n|-damage|p2a: Machamp|0 fnt\n|faint|p2a: Machamp\n|\n|win|Heidhall\n","uploadtime":1700073260,"views":6,"p1id":"heidhall","p2id":"axelzzz09","formatid":"gen9ubers","rating":0,"private":0,"password":""}