{"id":"radicalred-gen9ubers-542480","p1":"Foxi laFox Polska","p2":"WOLWES","format":"[Gen 9] Ubers","log":"|j|\u2606Foxi laFox Polska\n|j|\u2606WOLWES\n|t:|1699130369\n|gametype|singles\n|player|p1|Foxi laFox Polska|rr-mawilemega|\n|player|p2|WOLWES|rr-marshadow|\n|teamsize|p1|6\n|teamsize|p2|6\n|gen|9\n|tier|[Gen 9] Ubers\n|rule|Sleep Clause Mod: Limit one foe put to sleep\n|rule|Species Clause: Limit one of each Pok\u00e9mon\n|rule|OHKO Clause: OHKO moves are banned\n|rule|Evasion Abilities Clause: Evasion abilities are banned\n|rule|Evasion Items Clause: Evasion items are banned\n|rule|Evasion Moves Clause: Evasion moves are banned\n|rule|Endless Battle Clause: Forcing endless battles is banned\n|rule|HP Percentage Mod: HP is shown in percentages\n|rule|Dynamax Clause: You cannot dynamax\n|rule|Mega Rayquaza Clause: You cannot mega evolve Rayquaza\n|clearpoke\n|poke|p1|Ambipom, F|\n|poke|p1|Walking Wake|\n|poke|p1|Unfezant, M|\n|poke|p1|Dewgong, F|\n|poke|p1|Turtonator, F|\n|poke|p1|Cresselia, F|\n|poke|p2|Corviknight, M|\n|poke|p2|Beautifly, F|\n|poke|p2|Centiskorch-Sevii, M|\n|poke|p2|Crawdaunt, F|\n|poke|p2|Scolipede, F|\n|poke|p2|Shiinotic, F|\n|teampreview\n|\n|t:|1699130377\n|start\n|switch|p1a: Turtonator|Turtonator, F, shiny|100\/100\n|switch|p2a: Corviknight|Corviknight, M, shiny|100\/100\n|-ability|p2a: Corviknight|Pressure\n|-ability|p1a: Turtonator|Dauntless Shield|boost\n|-boost|p1a: Turtonator|def|1\n|turn|1\n|\n|t:|1699130394\n|move|p2a: Corviknight|Brave Bird|p1a: Turtonator\n|-damage|p1a: Turtonator|77\/100\n|-damage|p2a: Corviknight|94\/100|[from] Recoil\n|move|p1a: Turtonator|Fire Blast|p2a: Corviknight|[miss]\n|-miss|p1a: Turtonator|p2a: Corviknight\n|-enditem|p1a: Turtonator|Blunder Policy\n|-boost|p1a: Turtonator|spe|2\n|\n|-heal|p2a: Corviknight|99\/100|[from] item: Leftovers\n|upkeep\n|turn|2\n|\n|t:|1699130408\n|move|p2a: Corviknight|Brave Bird|p1a: Turtonator\n|-damage|p1a: Turtonator|55\/100\n|-damage|p2a: Corviknight|94\/100|[from] Recoil\n|move|p1a: Turtonator|Fire Blast|p2a: Corviknight\n|-supereffective|p2a: Corviknight\n|-damage|p2a: Corviknight|0 fnt\n|faint|p2a: Corviknight\n|\n|upkeep\n|\n|t:|1699130416\n|switch|p2a: Shiinotic|Shiinotic, F, shiny|100\/100\n|turn|3\n|\n|t:|1699130438\n|move|p1a: Turtonator|Fire Blast|p2a: Shiinotic\n|-supereffective|p2a: Shiinotic\n|-damage|p2a: Shiinotic|11\/100\n|move|p2a: Shiinotic|Sleep Powder|p1a: Turtonator\n|-status|p1a: Turtonator|slp|[from] move: Sleep Powder\n|\n|upkeep\n|turn|4\n|\n|t:|1699130446\n|cant|p1a: Turtonator|slp\n|move|p2a: Shiinotic|Solar Beam||[still]\n|-prepare|p2a: Shiinotic|Solar Beam\n|-enditem|p2a: Shiinotic|Power Herb\n|-anim|p2a: Shiinotic|Solar Beam|p1a: Turtonator\n|-resisted|p1a: Turtonator\n|-damage|p1a: Turtonator|36\/100 slp\n|\n|upkeep\n|turn|5\n|\n|t:|1699130459\n|cant|p1a: Turtonator|slp\n|move|p2a: Shiinotic|Leech Seed|p1a: Turtonator\n|-start|p1a: Turtonator|move: Leech Seed\n|\n|-damage|p1a: Turtonator|24\/100 slp|[from] Leech Seed|[of] p2a: Shiinotic\n|-heal|p2a: Shiinotic|23\/100|[silent]\n|upkeep\n|turn|6\n|\n|t:|1699130466\n|-curestatus|p1a: Turtonator|slp|[msg]\n|move|p1a: Turtonator|Fire Blast|p2a: Shiinotic\n|-supereffective|p2a: Shiinotic\n|-damage|p2a: Shiinotic|0 fnt\n|faint|p2a: Shiinotic\n|\n|upkeep\n|\n|t:|1699130471\n|switch|p2a: Crawdaunt|Crawdaunt, F, shiny|100\/100\n|turn|7\n|\n|t:|1699130474\n|move|p1a: Turtonator|Body Press|p2a: Crawdaunt\n|-supereffective|p2a: Crawdaunt\n|-enditem|p2a: Crawdaunt|Focus Sash\n|-damage|p2a: Crawdaunt|1\/100\n|move|p2a: Crawdaunt|Crabhammer|p1a: Turtonator\n|-damage|p1a: Turtonator|0 fnt\n|faint|p1a: Turtonator\n|\n|upkeep\n|\n|t:|1699130481\n|switch|p1a: Ambipom|Ambipom, F, shiny|100\/100\n|turn|8\n|\n|t:|1699130483\n|move|p1a: Ambipom|Fake Out|p2a: Crawdaunt\n|-damage|p2a: Crawdaunt|0 fnt\n|faint|p2a: Crawdaunt\n|\n|upkeep\n|\n|t:|1699130488\n|switch|p2a: Centiskorch|Centiskorch-Sevii, M, shiny|100\/100\n|turn|9\n|\n|t:|1699130502\n|detailschange|p2a: Centiskorch|Centiskorch-Sevii-Mega, M, shiny\n|-mega|p2a: Centiskorch|Centiskorch|Centiskite Sevii\n|move|p1a: Ambipom|Triple Axel|p2a: Centiskorch\n|-supereffective|p2a: Centiskorch\n|-damage|p2a: Centiskorch|78\/100\n|-supereffective|p2a: Centiskorch\n|-damage|p2a: Centiskorch|35\/100\n|-supereffective|p2a: Centiskorch\n|-damage|p2a: Centiskorch|0 fnt\n|faint|p2a: Centiskorch\n|-hitcount|p2: Centiskorch|3\n|\n|upkeep\n|\n|t:|1699130512\n|switch|p2a: Scolipede|Scolipede, F, shiny|100\/100\n|turn|10\n|\n|t:|1699130519\n|move|p1a: Ambipom|Triple Axel|p2a: Scolipede\n|-damage|p2a: Scolipede|88\/100\n|-damage|p2a: Scolipede|62\/100\n|-damage|p2a: Scolipede|26\/100\n|-hitcount|p2a: Scolipede|3\n|move|p2a: Scolipede|Steel Roller||[still]\n|-fail|p2a: Scolipede\n|\n|upkeep\n|turn|11\n|\n|t:|1699130530\n|move|p1a: Ambipom|Triple Axel|p2a: Scolipede\n|-damage|p2a: Scolipede|13\/100\n|-damage|p2a: Scolipede|0 fnt\n|faint|p2a: Scolipede\n|-hitcount|p2: Scolipede|2\n|\n|upkeep\n|\n|t:|1699130535\n|switch|p2a: Beautifly|Beautifly, F, shiny|100\/100\n|turn|12\n|\n|t:|1699130541\n|move|p1a: Ambipom|Triple Axel|p2a: Beautifly\n|-supereffective|p2a: Beautifly\n|-damage|p2a: Beautifly|64\/100\n|-supereffective|p2a: Beautifly\n|-damage|p2a: Beautifly|0 fnt\n|faint|p2a: Beautifly\n|-hitcount|p2: Beautifly|2\n|\n|win|Foxi laFox Polska\n|l|\u2606WOLWES\n","uploadtime":1699130550,"views":6,"p1id":"foxilafoxpolska","p2id":"wolwes","formatid":"gen9ubers","rating":0,"private":0,"password":""}