{"id":"radicalred-gen9ubers-547530","p1":"nose xd123","p2":"xleontdx","format":"[Gen 9] Ubers","log":"|j|\u2606nose xd123\n|j|\u2606xleontdx\n|t:|1700173532\n|gametype|singles\n|player|p1|nose xd123|rr-charizardmegax|\n|player|p2|xleontdx|rr-mawilemega|\n|teamsize|p1|6\n|teamsize|p2|6\n|gen|9\n|tier|[Gen 9] Ubers\n|rule|Sleep Clause Mod: Limit one foe put to sleep\n|rule|Species Clause: Limit one of each Pok\u00e9mon\n|rule|OHKO Clause: OHKO moves are banned\n|rule|Evasion Abilities Clause: Evasion abilities are banned\n|rule|Evasion Items Clause: Evasion items are banned\n|rule|Evasion Moves Clause: Evasion moves are banned\n|rule|Endless Battle Clause: Forcing endless battles is banned\n|rule|HP Percentage Mod: HP is shown in percentages\n|rule|Dynamax Clause: You cannot dynamax\n|rule|Mega Rayquaza Clause: You cannot mega evolve Rayquaza\n|clearpoke\n|poke|p1|Muk-Alola, F|\n|poke|p1|Skarmory, F|\n|poke|p1|Toxtricity, M|\n|poke|p1|Slowking-Galar, F|\n|poke|p1|Dragonite, F|\n|poke|p1|Mandibuzz, F|\n|poke|p2|Noivern, F|\n|poke|p2|Heracross, F|\n|poke|p2|Blissey, F|\n|poke|p2|Gyarados, M|\n|poke|p2|Corviknight, F|\n|poke|p2|Crobat, M|\n|teampreview\n|\n|t:|1700173545\n|start\n|switch|p1a: Toxtricity|Toxtricity, M|100\/100\n|switch|p2a: Blissey|Blissey, F|100\/100\n|turn|1\n|\n|t:|1700173552\n|detailschange|p1a: Toxtricity|Toxtricity-Mega, M\n|-mega|p1a: Toxtricity|Toxtricity|Toxtricitite\n|move|p1a: Toxtricity|Volt Switch|p2a: Blissey\n|-damage|p2a: Blissey|87\/100\n|\n|t:|1700173559\n|switch|p1a: Muk|Muk-Alola, F|100\/100|[from] Volt Switch\n|-item|p1a: Muk|Air Balloon\n|move|p2a: Blissey|Light Screen|p2a: Blissey\n|-sidestart|p2: xleontdx|move: Light Screen\n|\n|upkeep\n|turn|2\n|\n|t:|1700173570\n|move|p2a: Blissey|Thunder Wave|p1a: Muk\n|-status|p1a: Muk|par\n|cant|p1a: Muk|par\n|\n|upkeep\n|turn|3\n|\n|t:|1700173577\n|switch|p2a: Gyarados|Gyarados, M|100\/100\n|-ability|p2a: Gyarados|Intimidate|boost\n|-unboost|p1a: Muk|atk|1\n|move|p1a: Muk|Curse|p1a: Muk\n|-unboost|p1a: Muk|spe|1\n|-boost|p1a: Muk|atk|1\n|-boost|p1a: Muk|def|1\n|\n|upkeep\n|turn|4\n|\n|t:|1700173587\n|move|p2a: Gyarados|Dragon Dance|p2a: Gyarados\n|-boost|p2a: Gyarados|atk|1\n|-boost|p2a: Gyarados|spe|1\n|cant|p1a: Muk|par\n|\n|upkeep\n|turn|5\n|\n|t:|1700173593\n|move|p2a: Gyarados|Dragon Dance|p2a: Gyarados\n|-boost|p2a: Gyarados|atk|1\n|-boost|p2a: Gyarados|spe|1\n|move|p1a: Muk|Knock Off|p2a: Gyarados\n|-damage|p2a: Gyarados|41\/100\n|-enditem|p2a: Gyarados|Expert Belt|[from] move: Knock Off|[of] p1a: Muk\n|\n|-sideend|p2: xleontdx|move: Light Screen\n|upkeep\n|turn|6\n|\n|t:|1700173601\n|move|p1a: Muk|Sucker Punch|p2a: Gyarados\n|-damage|p2a: Gyarados|0 fnt\n|faint|p2a: Gyarados\n|\n|upkeep\n|\n|t:|1700173609\n|switch|p2a: Blissey|Blissey, F|87\/100\n|turn|7\n|\n|t:|1700173612\n|move|p2a: Blissey|Reflect|p2a: Blissey\n|-sidestart|p2: xleontdx|Reflect\n|cant|p1a: Muk|par\n|\n|upkeep\n|turn|8\n|\n|t:|1700173618\n|switch|p2a: Toxica|Crobat, M, shiny|100\/100\n|move|p1a: Muk|Curse|p1a: Muk\n|-unboost|p1a: Muk|spe|1\n|-boost|p1a: Muk|atk|1\n|-boost|p1a: Muk|def|1\n|\n|upkeep\n|turn|9\n|\n|t:|1700173628\n|switch|p2a: Heracross|Heracross, F|100\/100\n|move|p1a: Muk|Knock Off|p2a: Heracross\n|-resisted|p2a: Heracross\n|-damage|p2a: Heracross|84\/100\n|\n|upkeep\n|turn|10\n|\n|t:|1700173640\n|switch|p1a: Skarmory|Skarmory, F|100\/100\n|detailschange|p2a: Heracross|Heracross-Mega, F\n|-mega|p2a: Heracross|Heracross|Heracronite\n|move|p2a: Heracross|Close Combat|p1a: Skarmory\n|-damage|p1a: Skarmory|50\/100\n|-unboost|p2a: Heracross|def|1\n|-unboost|p2a: Heracross|spd|1\n|\n|-heal|p1a: Skarmory|56\/100|[from] item: Leftovers\n|upkeep\n|turn|11\n|\n|t:|1700173652\n|move|p2a: Heracross|Rock Blast|p1a: Skarmory\n|-damage|p1a: Skarmory|49\/100\n|-damage|p1a: Skarmory|42\/100\n|-damage|p1a: Skarmory|35\/100\n|-damage|p1a: Skarmory|28\/100\n|-damage|p1a: Skarmory|21\/100\n|-hitcount|p1a: Skarmory|5\n|move|p1a: Skarmory|Roost|p1a: Skarmory\n|-heal|p1a: Skarmory|71\/100\n|-singleturn|p1a: Skarmory|move: Roost\n|\n|-heal|p1a: Skarmory|77\/100|[from] item: Leftovers\n|-sideend|p2: xleontdx|Reflect\n|upkeep\n|turn|12\n|\n|t:|1700173670\n|switch|p2a: Corviknight|Corviknight, F|100\/100\n|-ability|p2a: Corviknight|Pressure\n|move|p1a: Skarmory|Whirlwind|p2a: Corviknight\n|drag|p2a: Toxica|Crobat, M, shiny|100\/100\n|\n|-heal|p1a: Skarmory|83\/100|[from] item: Leftovers\n|upkeep\n|turn|13\n|\n|t:|1700173681\n|switch|p1a: Toxtricity|Toxtricity-Mega, M|100\/100\n|move|p2a: Toxica|Heat Wave|p1a: Toxtricity\n|-damage|p1a: Toxtricity|55\/100\n|-damage|p2a: Toxica|91\/100|[from] item: Life Orb\n|\n|upkeep\n|turn|14\n|\n|t:|1700173689\n|move|p2a: Toxica|Sludge Bomb|p1a: Toxtricity\n|-resisted|p1a: Toxtricity\n|-damage|p1a: Toxtricity|23\/100\n|-status|p1a: Toxtricity|psn\n|-damage|p2a: Toxica|81\/100|[from] item: Life Orb\n|move|p1a: Toxtricity|Overdrive|p2a: Toxica\n|-supereffective|p2a: Toxica\n|-damage|p2a: Toxica|0 fnt\n|faint|p2a: Toxica\n|\n|-damage|p1a: Toxtricity|11\/100 psn|[from] psn\n|upkeep\n|\n|t:|1700173703\n|switch|p2a: Corviknight|Corviknight, F|100\/100\n|-ability|p2a: Corviknight|Pressure\n|turn|15\n|\n|t:|1700173708\n|move|p1a: Toxtricity|Volt Switch|p2a: Corviknight\n|-supereffective|p2a: Corviknight\n|-damage|p2a: Corviknight|25\/100\n|\n|t:|1700173712\n|switch|p1a: Muk|Muk-Alola, F|100\/100 par|[from] Volt Switch\n|-item|p1a: Muk|Air Balloon\n|move|p2a: Corviknight|Roost|p2a: Corviknight\n|-heal|p2a: Corviknight|75\/100\n|-singleturn|p2a: Corviknight|move: Roost\n|\n|-heal|p2a: Corviknight|81\/100|[from] item: Leftovers\n|upkeep\n|turn|16\n|j| axelzzz09\n|j| ivancuervo2007\n|\n|t:|1700173761\n|switch|p1a: Slowking|Slowking-Galar, F|100\/100\n|move|p2a: Corviknight|U-turn|p1a: Slowking\n|-damage|p1a: Slowking|85\/100\n|c| ivancuervo2007|Ahora nos pegamos tu y yo jatios\n|\n|t:|1700173767\n|switch|p2a: Blissey|Blissey, F|87\/100|[from] U-turn\n|\n|-heal|p1a: Slowking|91\/100|[from] item: Black Sludge\n|upkeep\n|turn|17\n|\n|t:|1700173775\n|move|p2a: Blissey|Thunder Wave|p1a: Slowking\n|-status|p1a: Slowking|par\n|move|p1a: Slowking|Chilly Reception|p1a: Slowking\n|-weather|Snow\n|\n|t:|1700173781\n|switch|p1a: Muk|Muk-Alola, F|100\/100 par|[from] Chilly Reception\n|-item|p1a: Muk|Air Balloon\n|\n|-weather|Snow|[upkeep]\n|upkeep\n|turn|18\n|\n|t:|1700173792\n|move|p2a: Blissey|Reflect|p2a: Blissey\n|-sidestart|p2: xleontdx|Reflect\n|move|p1a: Muk|Knock Off|p2a: Blissey\n|-damage|p2a: Blissey|38\/100\n|-enditem|p2a: Blissey|Focus Sash|[from] move: Knock Off|[of] p1a: Muk\n|\n|-weather|Snow|[upkeep]\n|upkeep\n|turn|19\n|\n|t:|1700173799\n|move|p2a: Blissey|Wish|p2a: Blissey\n|move|p1a: Muk|Curse|p1a: Muk\n|-unboost|p1a: Muk|spe|1\n|-boost|p1a: Muk|atk|1\n|-boost|p1a: Muk|def|1\n|\n|-weather|Snow|[upkeep]\n|upkeep\n|turn|20\n|\n|t:|1700173807\n|switch|p2a: Heracross|Heracross-Mega, F|84\/100\n|move|p1a: Muk|Curse|p1a: Muk\n|-unboost|p1a: Muk|spe|1\n|-boost|p1a: Muk|atk|1\n|-boost|p1a: Muk|def|1\n|\n|-weather|Snow|[upkeep]\n|-heal|p2a: Heracross|100\/100|[from] move: Wish|[wisher] Blissey\n|upkeep\n|turn|21\n|\n|t:|1700173829\n|cant|p1a: Muk|par\n|move|p2a: Heracross|Rock Blast|p1a: Muk\n|-damage|p1a: Muk|95\/100 par\n|-enditem|p1a: Muk|Air Balloon\n|-damage|p1a: Muk|88\/100 par\n|-damage|p1a: Muk|82\/100 par\n|-damage|p1a: Muk|76\/100 par\n|-damage|p1a: Muk|71\/100 par\n|-hitcount|p1a: Muk|5\n|\n|-weather|none\n|upkeep\n|turn|22\n|\n|t:|1700173842\n|move|p2a: Heracross|Close Combat|p1a: Muk\n|-damage|p1a: Muk|29\/100 par\n|-unboost|p2a: Heracross|def|1\n|-unboost|p2a: Heracross|spd|1\n|move|p1a: Muk|Drain Punch|p2a: Heracross\n|-resisted|p2a: Heracross\n|-damage|p2a: Heracross|81\/100\n|-heal|p1a: Muk|36\/100 par|[from] drain|[of] p2a: Heracross\n|\n|-sideend|p2: xleontdx|Reflect\n|upkeep\n|turn|23\n|\n|t:|1700173855\n|switch|p1a: Slowking|Slowking-Galar, F|100\/100 par\n|move|p2a: Heracross|Pin Missile|p1a: Slowking\n|-damage|p1a: Slowking|83\/100 par\n|-damage|p1a: Slowking|65\/100 par\n|-damage|p1a: Slowking|47\/100 par\n|-damage|p1a: Slowking|28\/100 par\n|-damage|p1a: Slowking|11\/100 par\n|-hitcount|p1a: Slowking|5\n|\n|-heal|p1a: Slowking|17\/100 par|[from] item: Black Sludge\n|upkeep\n|turn|24\n|\n|t:|1700173867\n|move|p2a: Heracross|Pin Missile|p1a: Slowking\n|-crit|p1a: Slowking\n|-damage|p1a: Slowking|0 fnt\n|faint|p1a: Slowking\n|-hitcount|p1: Slowking|1\n|\n|upkeep\n|\n|t:|1700173874\n|switch|p1a: Dragonite|Dragonite, F|100\/100\n|turn|25\n|\n|t:|1700173887\n|switch|p1a: Skarmory|Skarmory, F|83\/100\n|switch|p2a: Corviknight|Corviknight, F|81\/100\n|-ability|p2a: Corviknight|Pressure\n|\n|-heal|p1a: Skarmory|89\/100|[from] item: Leftovers\n|-heal|p2a: Corviknight|87\/100|[from] item: Leftovers\n|upkeep\n|turn|26\n|l| ivancuervo2007\n|\n|t:|1700173899\n|move|p2a: Corviknight|Roost|p2a: Corviknight\n|-heal|p2a: Corviknight|100\/100\n|-singleturn|p2a: Corviknight|move: Roost\n|move|p1a: Skarmory|Whirlwind|p2a: Corviknight\n|drag|p2a: Heracross|Heracross-Mega, F|81\/100\n|\n|-heal|p1a: Skarmory|95\/100|[from] item: Leftovers\n|upkeep\n|turn|27\n|j| ivancuervo2007\n|\n|t:|1700173910\n|move|p2a: Heracross|Rock Blast|p1a: Skarmory\n|-damage|p1a: Skarmory|88\/100\n|-damage|p1a: Skarmory|80\/100\n|-damage|p1a: Skarmory|74\/100\n|-damage|p1a: Skarmory|66\/100\n|-crit|p1a: Skarmory\n|-damage|p1a: Skarmory|56\/100\n|-hitcount|p1a: Skarmory|5\n|move|p1a: Skarmory|Whirlwind|p2a: Heracross\n|drag|p2a: Blissey|Blissey, F|38\/100\n|\n|-heal|p1a: Skarmory|62\/100|[from] item: Leftovers\n|upkeep\n|turn|28\n|\n|t:|1700173924\n|move|p1a: Skarmory|Iron Head|p2a: Blissey\n|-damage|p2a: Blissey|0 fnt\n|faint|p2a: Blissey\n|\n|-heal|p1a: Skarmory|68\/100|[from] item: Leftovers\n|upkeep\n|\n|t:|1700173931\n|switch|p2a: Noivern|Noivern, F|100\/100\n|turn|29\n|\n|t:|1700173936\n|move|p2a: Noivern|Tailwind|p2a: Noivern\n|-sidestart|p2: xleontdx|move: Tailwind\n|move|p1a: Skarmory|Whirlwind|p2a: Noivern\n|drag|p2a: Heracross|Heracross-Mega, F|81\/100\n|\n|-heal|p1a: Skarmory|74\/100|[from] item: Leftovers\n|upkeep\n|turn|30\n|\n|t:|1700173949\n|move|p2a: Heracross|Close Combat|p1a: Skarmory\n|-damage|p1a: Skarmory|27\/100\n|-unboost|p2a: Heracross|def|1\n|-unboost|p2a: Heracross|spd|1\n|move|p1a: Skarmory|Roost|p1a: Skarmory\n|-heal|p1a: Skarmory|77\/100\n|-singleturn|p1a: Skarmory|move: Roost\n|\n|-heal|p1a: Skarmory|83\/100|[from] item: Leftovers\n|upkeep\n|turn|31\n|\n|t:|1700173960\n|move|p2a: Heracross|Close Combat|p1a: Skarmory\n|-damage|p1a: Skarmory|32\/100\n|-unboost|p2a: Heracross|def|1\n|-unboost|p2a: Heracross|spd|1\n|move|p1a: Skarmory|Roost|p1a: Skarmory\n|-heal|p1a: Skarmory|82\/100\n|-singleturn|p1a: Skarmory|move: Roost\n|\n|-heal|p1a: Skarmory|88\/100|[from] item: Leftovers\n|upkeep\n|turn|32\n|\n|t:|1700173971\n|switch|p2a: Corviknight|Corviknight, F|100\/100\n|-ability|p2a: Corviknight|Pressure\n|move|p1a: Skarmory|Roost|p1a: Skarmory\n|-heal|p1a: Skarmory|100\/100\n|-singleturn|p1a: Skarmory|move: Roost\n|\n|-sideend|p2: xleontdx|move: Tailwind\n|upkeep\n|turn|33\n|\n|t:|1700173986\n|move|p2a: Corviknight|U-turn|p1a: Skarmory\n|-resisted|p1a: Skarmory\n|-damage|p1a: Skarmory|98\/100\n|\n|t:|1700173989\n|switch|p2a: Noivern|Noivern, F|100\/100|[from] U-turn\n|move|p1a: Skarmory|Whirlwind|p2a: Noivern\n|drag|p2a: Heracross|Heracross-Mega, F|81\/100\n|\n|-heal|p1a: Skarmory|100\/100|[from] item: Leftovers\n|upkeep\n|turn|34\n|\n|t:|1700174001\n|switch|p1a: Muk|Muk-Alola, F|36\/100 par\n|move|p2a: Heracross|Bullet Seed|p1a: Muk\n|-resisted|p1a: Muk\n|-damage|p1a: Muk|31\/100 par\n|-resisted|p1a: Muk\n|-damage|p1a: Muk|24\/100 par\n|-resisted|p1a: Muk\n|-damage|p1a: Muk|19\/100 par\n|-resisted|p1a: Muk\n|-damage|p1a: Muk|13\/100 par\n|-resisted|p1a: Muk\n|-crit|p1a: Muk\n|-damage|p1a: Muk|4\/100 par\n|-hitcount|p1a: Muk|5\n|\n|upkeep\n|turn|35\n|\n|t:|1700174015\n|move|p1a: Muk|Sucker Punch|p2a: Heracross\n|-resisted|p2a: Heracross\n|-damage|p2a: Heracross|63\/100\n|move|p2a: Heracross|Rock Blast|p1a: Muk\n|-damage|p1a: Muk|0 fnt\n|faint|p1a: Muk\n|-hitcount|p1: Muk|1\n|\n|upkeep\n|\n|t:|1700174020\n|switch|p1a: Toxtricity|Toxtricity-Mega, M|11\/100 psn\n|turn|36\n|\n|t:|1700174026\n|switch|p2a: Corviknight|Corviknight, F|100\/100\n|-ability|p2a: Corviknight|Pressure\n|move|p1a: Toxtricity|Overdrive|p2a: Corviknight\n|-supereffective|p2a: Corviknight\n|-damage|p2a: Corviknight|0 fnt\n|faint|p2a: Corviknight\n|\n|-damage|p1a: Toxtricity|0 fnt|[from] psn\n|faint|p1a: Toxtricity\n|upkeep\n|\n|t:|1700174038\n|switch|p1a: Dragonite|Dragonite, F|100\/100\n|switch|p2a: Noivern|Noivern, F|100\/100\n|turn|37\n|\n|t:|1700174047\n|move|p2a: Noivern|Draco Meteor|p1a: Dragonite\n|-supereffective|p1a: Dragonite\n|-damage|p1a: Dragonite|44\/100\n|-unboost|p2a: Noivern|spa|2\n|move|p1a: Dragonite|Dragon Dance|p1a: Dragonite\n|-boost|p1a: Dragonite|atk|1\n|-boost|p1a: Dragonite|spe|1\n|\n|-heal|p1a: Dragonite|50\/100|[from] item: Leftovers\n|upkeep\n|turn|38\n|\n|t:|1700174069\n|move|p1a: Dragonite|Extreme Speed|p2a: Noivern\n|-damage|p2a: Noivern|42\/100\n|move|p2a: Noivern|Draco Meteor|p1a: Dragonite\n|-supereffective|p1a: Dragonite\n|-damage|p1a: Dragonite|0 fnt\n|-unboost|p2a: Noivern|spa|2\n|faint|p1a: Dragonite\n|\n|upkeep\n|\n|t:|1700174078\n|switch|p1a: Skarmory|Skarmory, F|100\/100\n|turn|39\n|\n|t:|1700174084\n|move|p2a: Noivern|Dragon Dance|p2a: Noivern\n|-boost|p2a: Noivern|atk|1\n|-boost|p2a: Noivern|spe|1\n|move|p1a: Skarmory|Iron Head|p2a: Noivern\n|-damage|p2a: Noivern|17\/100\n|\n|upkeep\n|turn|40\n|\n|t:|1700174096\n|move|p2a: Noivern|Dark Pulse|p1a: Skarmory\n|-damage|p1a: Skarmory|90\/100\n|move|p1a: Skarmory|Iron Head|p2a: Noivern\n|-damage|p2a: Noivern|0 fnt\n|faint|p2a: Noivern\n|\n|-heal|p1a: Skarmory|96\/100|[from] item: Leftovers\n|upkeep\n|\n|t:|1700174105\n|switch|p2a: Heracross|Heracross-Mega, F|63\/100\n|turn|41\n|\n|t:|1700174111\n|move|p2a: Heracross|Close Combat|p1a: Skarmory\n|-damage|p1a: Skarmory|47\/100\n|-unboost|p2a: Heracross|def|1\n|-unboost|p2a: Heracross|spd|1\n|move|p1a: Skarmory|Iron Head|p2a: Heracross\n|-damage|p2a: Heracross|30\/100\n|\n|-heal|p1a: Skarmory|53\/100|[from] item: Leftovers\n|upkeep\n|turn|42\n|\n|t:|1700174121\n|move|p2a: Heracross|Close Combat|p1a: Skarmory\n|-damage|p1a: Skarmory|1\/100\n|-unboost|p2a: Heracross|def|1\n|-unboost|p2a: Heracross|spd|1\n|move|p1a: Skarmory|Roost|p1a: Skarmory\n|-heal|p1a: Skarmory|51\/100\n|-singleturn|p1a: Skarmory|move: Roost\n|\n|-heal|p1a: Skarmory|57\/100|[from] item: Leftovers\n|upkeep\n|turn|43\n|\n|t:|1700174132\n|move|p2a: Heracross|Close Combat|p1a: Skarmory\n|-damage|p1a: Skarmory|5\/100\n|-unboost|p2a: Heracross|def|1\n|-unboost|p2a: Heracross|spd|1\n|move|p1a: Skarmory|Roost|p1a: Skarmory\n|-heal|p1a: Skarmory|55\/100\n|-singleturn|p1a: Skarmory|move: Roost\n|\n|-heal|p1a: Skarmory|61\/100|[from] item: Leftovers\n|upkeep\n|turn|44\n|\n|t:|1700174139\n|move|p2a: Heracross|Close Combat|p1a: Skarmory\n|-damage|p1a: Skarmory|13\/100\n|-unboost|p2a: Heracross|def|1\n|-unboost|p2a: Heracross|spd|1\n|move|p1a: Skarmory|Iron Head|p2a: Heracross\n|-damage|p2a: Heracross|0 fnt\n|faint|p2a: Heracross\n|\n|win|nose xd123\n|j| Westpark14\n|c|\u2606nose xd123|gg\n|l| Westpark14\n","uploadtime":1700174165,"views":6,"p1id":"nosexd123","p2id":"xleontdx","formatid":"gen9ubers","rating":0,"private":0,"password":""}