{"id":"radicalred-gen9ubers-538686","p1":"Finalcrew15","p2":"Warpa1nt","format":"[Gen 9] Ubers","log":"|j|\u2606Finalcrew15\n|j|\u2606Warpa1nt\n|t:|1698454930\n|gametype|singles\n|player|p1|Finalcrew15|170|\n|player|p2|Warpa1nt|1|\n|teamsize|p1|6\n|teamsize|p2|6\n|gen|9\n|tier|[Gen 9] Ubers\n|rule|Sleep Clause Mod: Limit one foe put to sleep\n|rule|Species Clause: Limit one of each Pok\u00e9mon\n|rule|OHKO Clause: OHKO moves are banned\n|rule|Evasion Abilities Clause: Evasion abilities are banned\n|rule|Evasion Items Clause: Evasion items are banned\n|rule|Evasion Moves Clause: Evasion moves are banned\n|rule|Endless Battle Clause: Forcing endless battles is banned\n|rule|HP Percentage Mod: HP is shown in percentages\n|rule|Dynamax Clause: You cannot dynamax\n|rule|Mega Rayquaza Clause: You cannot mega evolve Rayquaza\n|clearpoke\n|poke|p1|Machamp, F|\n|poke|p1|Torkoal, M|\n|poke|p1|Garganacl, M|\n|poke|p1|Walking Wake|\n|poke|p1|Tropius, M|\n|poke|p1|Typhlosion-Hisui, F|\n|poke|p2|Tyranitar, F|\n|poke|p2|Excadrill, M|\n|poke|p2|Centiskorch-Sevii, M|\n|poke|p2|Deoxys|\n|poke|p2|Iron Valiant|\n|poke|p2|Eelektross, F|\n|teampreview\n|c|\u2606Finalcrew15|Care to send live link\n|c|\u2606Finalcrew15|Glhf\n|j| CL LeafMist\n|\n|t:|1698455002\n|start\n|switch|p1a: Machamp|Machamp, F|100\/100\n|switch|p2a: Tyranitar|Tyranitar, F, shiny|100\/100\n|-weather|Sandstorm|[from] ability: Sand Stream|[of] p2a: Tyranitar\n|turn|1\n|\n|t:|1698455009\n|switch|p2a: Iron Valiant|Iron Valiant|100\/100\n|detailschange|p1a: Machamp|Machamp-Mega, F\n|-mega|p1a: Machamp|Machamp|Machampite\n|move|p1a: Machamp|Drain Punch|p2a: Iron Valiant\n|-resisted|p2a: Iron Valiant\n|-damage|p2a: Iron Valiant|70\/100\n|-resisted|p2a: Iron Valiant\n|-damage|p2a: Iron Valiant|54\/100\n|-hitcount|p2a: Iron Valiant|2\n|\n|-weather|Sandstorm|[upkeep]\n|-damage|p2a: Iron Valiant|48\/100|[from] Sandstorm\n|-damage|p1a: Machamp|94\/100|[from] Sandstorm\n|upkeep\n|turn|2\n|\n|t:|1698455022\n|move|p1a: Machamp|Bullet Punch|p2a: Iron Valiant\n|-supereffective|p2a: Iron Valiant\n|-damage|p2a: Iron Valiant|5\/100\n|-supereffective|p2a: Iron Valiant\n|-damage|p2a: Iron Valiant|0 fnt\n|faint|p2a: Iron Valiant\n|-end|p2a: Iron Valiant|Quark Drive|[silent]\n|-hitcount|p2: Iron Valiant|2\n|\n|-weather|Sandstorm|[upkeep]\n|-damage|p1a: Machamp|88\/100|[from] Sandstorm\n|upkeep\n|\n|t:|1698455034\n|switch|p2a: Centiskorch|Centiskorch-Sevii, M, shiny|100\/100\n|turn|3\n|\n|t:|1698455041\n|detailschange|p2a: Centiskorch|Centiskorch-Sevii-Mega, M, shiny\n|-mega|p2a: Centiskorch|Centiskorch|Centiskite Sevii\n|move|p2a: Centiskorch|Earthquake|p1a: Machamp\n|-crit|p1a: Machamp\n|-damage|p1a: Machamp|0 fnt\n|faint|p1a: Machamp\n|\n|-weather|Sandstorm|[upkeep]\n|upkeep\n|\n|t:|1698455046\n|switch|p1a: Torkoal|Torkoal, M|100\/100\n|-weather|SunnyDay|[from] ability: Drought|[of] p1a: Torkoal\n|turn|4\n|\n|t:|1698455059\n|switch|p2a: Tyranitar|Tyranitar, F, shiny|100\/100\n|-weather|Sandstorm|[from] ability: Sand Stream|[of] p2a: Tyranitar\n|move|p1a: Torkoal|Solar Beam||[still]\n|-prepare|p1a: Torkoal|Solar Beam\n|\n|-weather|Sandstorm|[upkeep]\n|-damage|p1a: Torkoal|94\/100|[from] Sandstorm\n|upkeep\n|turn|5\n|\n|t:|1698455090\n|move|p2a: Tyranitar|Stealth Rock|p1a: Torkoal\n|-sidestart|p1: Finalcrew15|move: Stealth Rock\n|move|p1a: Torkoal|Solar Beam|p2a: Tyranitar|[from]lockedmove\n|-supereffective|p2a: Tyranitar\n|-damage|p2a: Tyranitar|85\/100\n|\n|-weather|Sandstorm|[upkeep]\n|-damage|p1a: Torkoal|88\/100|[from] Sandstorm\n|-heal|p2a: Tyranitar|91\/100|[from] item: Leftovers\n|upkeep\n|turn|6\n|\n|t:|1698455101\n|switch|p1a: Garganacl|Garganacl, M|100\/100\n|-damage|p1a: Garganacl|88\/100|[from] Stealth Rock\n|move|p2a: Tyranitar|Stone Edge|p1a: Garganacl\n|-damage|p1a: Garganacl|58\/100\n|\n|-weather|Sandstorm|[upkeep]\n|-heal|p2a: Tyranitar|97\/100|[from] item: Leftovers\n|-heal|p1a: Garganacl|65\/100|[from] item: Leftovers\n|upkeep\n|turn|7\n|\n|t:|1698455110\n|move|p2a: Tyranitar|Superpower|p1a: Garganacl\n|-supereffective|p1a: Garganacl\n|-damage|p1a: Garganacl|14\/100\n|-unboost|p2a: Tyranitar|atk|1\n|-unboost|p2a: Tyranitar|def|1\n|move|p1a: Garganacl|Salt Cure|p2a: Tyranitar\n|-crit|p2a: Tyranitar\n|-damage|p2a: Tyranitar|72\/100\n|-start|p2a: Tyranitar|Salt Cure\n|\n|-weather|Sandstorm|[upkeep]\n|-heal|p2a: Tyranitar|78\/100|[from] item: Leftovers\n|-heal|p1a: Garganacl|20\/100|[from] item: Leftovers\n|-damage|p2a: Tyranitar|65\/100|[from] Salt Cure\n|upkeep\n|turn|8\n|\n|t:|1698455119\n|switch|p2a: Eelektross|Eelektross, F|100\/100\n|switch|p1a: Torkoal|Torkoal, M|88\/100\n|-damage|p1a: Torkoal|63\/100|[from] Stealth Rock\n|-weather|SunnyDay|[from] ability: Drought|[of] p1a: Torkoal\n|\n|-weather|SunnyDay|[upkeep]\n|upkeep\n|turn|9\n|\n|t:|1698455145\n|switch|p1a: Typhlosion|Typhlosion-Hisui, F|100\/100\n|-damage|p1a: Typhlosion|76\/100|[from] Stealth Rock\n|move|p2a: Eelektross|Knock Off|p1a: Typhlosion\n|-supereffective|p1a: Typhlosion\n|-damage|p1a: Typhlosion|12\/100\n|-enditem|p1a: Typhlosion|Choice Scarf|[from] move: Knock Off|[of] p2a: Eelektross\n|\n|-weather|SunnyDay|[upkeep]\n|upkeep\n|turn|10\n|\n|t:|1698455156\n|switch|p1a: Torkoal|Torkoal, M|63\/100\n|-damage|p1a: Torkoal|39\/100|[from] Stealth Rock\n|switch|p2a: Tyranitar|Tyranitar, F, shiny|65\/100\n|-weather|Sandstorm|[from] ability: Sand Stream|[of] p2a: Tyranitar\n|\n|-weather|Sandstorm|[upkeep]\n|-damage|p1a: Torkoal|33\/100|[from] Sandstorm\n|-heal|p2a: Tyranitar|72\/100|[from] item: Leftovers\n|upkeep\n|turn|11\n|\n|t:|1698455169\n|switch|p1a: Tropius|Tropius, M|100\/100\n|-damage|p1a: Tropius|88\/100|[from] Stealth Rock\n|move|p2a: Tyranitar|Stone Edge|p1a: Tropius\n|-damage|p1a: Tropius|28\/100\n|\n|-weather|Sandstorm|[upkeep]\n|-damage|p1a: Tropius|21\/100|[from] Sandstorm\n|-heal|p2a: Tyranitar|78\/100|[from] item: Leftovers\n|upkeep\n|turn|12\n|\n|t:|1698455186\n|switch|p2a: Centiskorch|Centiskorch-Sevii-Mega, M, shiny|100\/100\n|move|p1a: Tropius|Giga Drain|p2a: Centiskorch\n|-damage|p2a: Centiskorch|71\/100\n|-heal|p1a: Tropius|39\/100|[from] drain|[of] p2a: Centiskorch\n|\n|-weather|Sandstorm|[upkeep]\n|-damage|p1a: Tropius|33\/100|[from] Sandstorm\n|upkeep\n|turn|13\n|\n|t:|1698455199\n|move|p2a: Centiskorch|Leech Life|p1a: Tropius\n|-supereffective|p1a: Tropius\n|-damage|p1a: Tropius|0 fnt\n|-heal|p2a: Centiskorch|84\/100|[from] drain|[of] p1a: Tropius\n|faint|p1a: Tropius\n|\n|-weather|Sandstorm|[upkeep]\n|upkeep\n|\n|t:|1698455203\n|switch|p1a: Walking Wake|Walking Wake|100\/100\n|-damage|p1a: Walking Wake|88\/100|[from] Stealth Rock\n|turn|14\n|\n|t:|1698455213\n|move|p1a: Walking Wake|Hydro Steam|p2a: Centiskorch\n|-supereffective|p2a: Centiskorch\n|-damage|p2a: Centiskorch|0 fnt\n|faint|p2a: Centiskorch\n|-damage|p1a: Walking Wake|78\/100|[from] item: Life Orb\n|\n|-weather|none\n|upkeep\n|\n|t:|1698455234\n|switch|p2a: Eelektross|Eelektross, F|100\/100\n|turn|15\n|\n|t:|1698455245\n|move|p1a: Walking Wake|Draco Meteor|p2a: Eelektross\n|-damage|p2a: Eelektross|46\/100\n|-unboost|p1a: Walking Wake|spa|2\n|-damage|p1a: Walking Wake|69\/100|[from] item: Life Orb\n|move|p2a: Eelektross|Dragon Pulse|p1a: Walking Wake\n|-supereffective|p1a: Walking Wake\n|-damage|p1a: Walking Wake|19\/100\n|\n|upkeep\n|turn|16\n|\n|t:|1698455257\n|move|p1a: Walking Wake|Draco Meteor|p2a: Eelektross\n|-damage|p2a: Eelektross|16\/100\n|-unboost|p1a: Walking Wake|spa|2\n|-damage|p1a: Walking Wake|9\/100|[from] item: Life Orb\n|move|p2a: Eelektross|Drain Punch|p1a: Walking Wake\n|-damage|p1a: Walking Wake|0 fnt\n|-heal|p2a: Eelektross|20\/100|[from] drain|[of] p1a: Walking Wake\n|faint|p1a: Walking Wake\n|-end|p1a: Walking Wake|Protosynthesis|[silent]\n|\n|upkeep\n|\n|t:|1698455262\n|switch|p1a: Torkoal|Torkoal, M|33\/100\n|-damage|p1a: Torkoal|8\/100|[from] Stealth Rock\n|-weather|SunnyDay|[from] ability: Drought|[of] p1a: Torkoal\n|turn|17\n|\n|t:|1698455269\n|switch|p2a: Tyranitar|Tyranitar, F, shiny|78\/100\n|-weather|Sandstorm|[from] ability: Sand Stream|[of] p2a: Tyranitar\n|move|p1a: Torkoal|Rapid Spin|p2a: Tyranitar\n|-resisted|p2a: Tyranitar\n|-damage|p2a: Tyranitar|74\/100\n|-boost|p1a: Torkoal|spe|1\n|-sideend|p1: Finalcrew15|Stealth Rock|[from] move: Rapid Spin|[of] p1a: Torkoal\n|\n|-weather|Sandstorm|[upkeep]\n|-damage|p1a: Torkoal|2\/100|[from] Sandstorm\n|-heal|p2a: Tyranitar|80\/100|[from] item: Leftovers\n|upkeep\n|turn|18\n|\n|t:|1698455279\n|move|p2a: Tyranitar|Stone Edge|p1a: Torkoal\n|-supereffective|p1a: Torkoal\n|-damage|p1a: Torkoal|0 fnt\n|faint|p1a: Torkoal\n|\n|-weather|Sandstorm|[upkeep]\n|-heal|p2a: Tyranitar|87\/100|[from] item: Leftovers\n|upkeep\n|\n|t:|1698455288\n|switch|p1a: Typhlosion|Typhlosion-Hisui, F|12\/100\n|turn|19\n|\n|t:|1698455293\n|move|p1a: Typhlosion|Trick|p2a: Tyranitar\n|-activate|p1a: Typhlosion|move: Trick|[of] p2a: Tyranitar\n|-enditem|p2a: Tyranitar|Leftovers|[silent]|[from] move: Trick\n|-item|p1a: Typhlosion|Leftovers|[from] move: Trick\n|move|p2a: Tyranitar|Stone Edge|p1a: Typhlosion\n|-supereffective|p1a: Typhlosion\n|-damage|p1a: Typhlosion|0 fnt\n|faint|p1a: Typhlosion\n|\n|-weather|Sandstorm|[upkeep]\n|upkeep\n|\n|t:|1698455299\n|switch|p1a: Garganacl|Garganacl, M|20\/100\n|turn|20\n|\n|t:|1698455303\n|move|p2a: Tyranitar|Superpower|p1a: Garganacl\n|-supereffective|p1a: Garganacl\n|-damage|p1a: Garganacl|0 fnt\n|-unboost|p2a: Tyranitar|atk|1\n|-unboost|p2a: Tyranitar|def|1\n|faint|p1a: Garganacl\n|\n|win|Warpa1nt\n|c|\u2606Warpa1nt|Gg!\n|c|\u2606Finalcrew15|Gg\n|c|\u2606Finalcrew15|u were probably my worst matchup\n|c|\u2606Warpa1nt|Sand is hard to beat with Sun\n|l|\u2606Finalcrew15\n|c|\u2606Warpa1nt|I worried a lot about Megachamp\n","uploadtime":1698455337,"views":26,"p1id":"finalcrew15","p2id":"warpa1nt","formatid":"gen9ubers","rating":0,"private":0,"password":""}