{"id":"radicalred-gen9ubers-545111","p1":"Warpa1nt","p2":"divinereaper202","format":"[Gen 9] Ubers","log":"|j|\u2606Warpa1nt\n|j|\u2606divinereaper202\n|t:|1699729557\n|gametype|singles\n|player|p1|Warpa1nt|rr-deoxys|\n|player|p2|divinereaper202|rr-necrozma|\n|teamsize|p1|6\n|teamsize|p2|6\n|gen|9\n|tier|[Gen 9] Ubers\n|rule|Sleep Clause Mod: Limit one foe put to sleep\n|rule|Species Clause: Limit one of each Pok\u00e9mon\n|rule|OHKO Clause: OHKO moves are banned\n|rule|Evasion Abilities Clause: Evasion abilities are banned\n|rule|Evasion Items Clause: Evasion items are banned\n|rule|Evasion Moves Clause: Evasion moves are banned\n|rule|Endless Battle Clause: Forcing endless battles is banned\n|rule|HP Percentage Mod: HP is shown in percentages\n|rule|Dynamax Clause: You cannot dynamax\n|rule|Mega Rayquaza Clause: You cannot mega evolve Rayquaza\n|clearpoke\n|poke|p1|Tyranitar, M|\n|poke|p1|Excadrill, F|\n|poke|p1|Centiskorch-Sevii, M|\n|poke|p1|Deoxys|\n|poke|p1|Iron Valiant|\n|poke|p1|Eelektross, M|\n|poke|p2|Dragapult, F|\n|poke|p2|Falinks|\n|poke|p2|Moltres|\n|poke|p2|Milotic, F|\n|poke|p2|Ting-Lu|\n|poke|p2|Orthworm, F|\n|teampreview\n|c|\u2606Warpa1nt|May you play well this match friend\n|c|\u2606divinereaper202|u2\n|\n|t:|1699729637\n|start\n|switch|p1a: Tyranitar|Tyranitar, M|100\/100\n|switch|p2a: Ting-Lu|Ting-Lu|100\/100\n|-weather|Sandstorm|[from] ability: Sand Stream|[of] p1a: Tyranitar\n|-ability|p2a: Ting-Lu|Vessel of Ruin\n|turn|1\n|\n|t:|1699729650\n|switch|p1a: Centiskorch|Centiskorch-Sevii, M|100\/100\n|move|p2a: Ting-Lu|Earthquake|p1a: Centiskorch\n|-resisted|p1a: Centiskorch\n|-damage|p1a: Centiskorch|62\/100\n|\n|-weather|Sandstorm|[upkeep]\n|upkeep\n|turn|2\n|\n|t:|1699729662\n|switch|p2a: Moltres|Moltres|100\/100\n|detailschange|p1a: Centiskorch|Centiskorch-Sevii-Mega, M\n|-mega|p1a: Centiskorch|Centiskorch|Centiskite Sevii\n|move|p1a: Centiskorch|Leech Life|p2a: Moltres\n|-resisted|p2a: Moltres\n|-damage|p2a: Moltres|89\/100\n|-heal|p1a: Centiskorch|68\/100|[from] drain|[of] p2a: Moltres\n|-status|p1a: Centiskorch|brn|[from] ability: Flame Body|[of] p2a: Moltres\n|\n|-weather|Sandstorm|[upkeep]\n|-damage|p2a: Moltres|83\/100|[from] Sandstorm\n|-damage|p1a: Centiskorch|62\/100 brn|[from] brn\n|upkeep\n|turn|3\n|\n|t:|1699729680\n|switch|p1a: Tyranitar|Tyranitar, M|100\/100\n|move|p2a: Moltres|Roost|p2a: Moltres\n|-heal|p2a: Moltres|100\/100\n|-singleturn|p2a: Moltres|move: Roost\n|\n|-weather|Sandstorm|[upkeep]\n|-damage|p2a: Moltres|94\/100|[from] Sandstorm\n|upkeep\n|turn|4\n|c|\u2606Warpa1nt|Should've expected that\n|\n|t:|1699729687\n|switch|p2a: Ting-Lu|Ting-Lu|100\/100\n|-ability|p2a: Ting-Lu|Vessel of Ruin\n|move|p1a: Tyranitar|Stealth Rock|p2a: Ting-Lu\n|-sidestart|p2: divinereaper202|move: Stealth Rock\n|\n|-weather|Sandstorm|[upkeep]\n|upkeep\n|turn|5\n|\n|t:|1699729695\n|switch|p1a: Centiskorch|Centiskorch-Sevii-Mega, M|62\/100 brn\n|move|p2a: Ting-Lu|Stealth Rock|p1a: Centiskorch\n|-sidestart|p1: Warpa1nt|move: Stealth Rock\n|\n|-weather|Sandstorm|[upkeep]\n|-damage|p1a: Centiskorch|56\/100 brn|[from] brn\n|upkeep\n|turn|6\n|\n|t:|1699729700\n|move|p1a: Centiskorch|Leech Life|p2a: Ting-Lu\n|-supereffective|p2a: Ting-Lu\n|-damage|p2a: Ting-Lu|73\/100\n|-heal|p1a: Centiskorch|77\/100 brn|[from] drain|[of] p2a: Ting-Lu\n|move|p2a: Ting-Lu|Whirlwind|p1a: Centiskorch\n|drag|p1a: Deoxys|Deoxys|100\/100\n|-damage|p1a: Deoxys|88\/100|[from] Stealth Rock\n|-ability|p1a: Deoxys|Pressure\n|\n|-weather|Sandstorm|[upkeep]\n|-damage|p1a: Deoxys|82\/100|[from] Sandstorm\n|-heal|p2a: Ting-Lu|79\/100|[from] item: Leftovers\n|upkeep\n|turn|7\n|\n|t:|1699729738\n|switch|p1a: Iron Valiant|Iron Valiant|100\/100\n|-damage|p1a: Iron Valiant|94\/100|[from] Stealth Rock\n|move|p2a: Ting-Lu|Earthquake|p1a: Iron Valiant\n|-damage|p1a: Iron Valiant|30\/100\n|\n|-weather|Sandstorm|[upkeep]\n|-damage|p1a: Iron Valiant|23\/100|[from] Sandstorm\n|-heal|p2a: Ting-Lu|85\/100|[from] item: Leftovers\n|upkeep\n|turn|8\n|\n|t:|1699729777\n|switch|p2a: Milotic|Milotic, F|100\/100\n|-damage|p2a: Milotic|88\/100|[from] Stealth Rock\n|move|p1a: Iron Valiant|Drain Punch|p2a: Milotic\n|-damage|p2a: Milotic|47\/100\n|-heal|p1a: Iron Valiant|51\/100|[from] drain|[of] p2a: Milotic\n|\n|-weather|none\n|-status|p2a: Milotic|brn|[from] item: Flame Orb\n|upkeep\n|turn|9\n|\n|t:|1699729788\n|move|p1a: Iron Valiant|Drain Punch|p2a: Milotic\n|-damage|p2a: Milotic|18\/100 brn\n|-heal|p1a: Iron Valiant|71\/100|[from] drain|[of] p2a: Milotic\n|move|p2a: Milotic|Recover|p2a: Milotic\n|-heal|p2a: Milotic|68\/100 brn\n|\n|-damage|p2a: Milotic|62\/100 brn|[from] brn\n|upkeep\n|turn|10\n|\n|t:|1699729799\n|-end|p1a: Iron Valiant|Quark Drive|[silent]\n|switch|p1a: Eelektross|Eelektross, M|100\/100\n|-damage|p1a: Eelektross|88\/100|[from] Stealth Rock\n|move|p2a: Milotic|Scald|p1a: Eelektross\n|-damage|p1a: Eelektross|59\/100\n|\n|-damage|p2a: Milotic|56\/100 brn|[from] brn\n|upkeep\n|turn|11\n|\n|t:|1699729808\n|switch|p2a: Ting-Lu|Ting-Lu|85\/100\n|-damage|p2a: Ting-Lu|79\/100|[from] Stealth Rock\n|-ability|p2a: Ting-Lu|Vessel of Ruin\n|move|p1a: Eelektross|Thunderbolt|p2a: Ting-Lu\n|-immune|p2a: Ting-Lu\n|\n|-heal|p2a: Ting-Lu|85\/100|[from] item: Leftovers\n|upkeep\n|turn|12\n|\n|t:|1699729814\n|move|p2a: Ting-Lu|Throat Chop|p1a: Eelektross\n|-damage|p1a: Eelektross|14\/100\n|-start|p1a: Eelektross|Throat Chop|[silent]\n|move|p1a: Eelektross|U-turn|p2a: Ting-Lu\n|-supereffective|p2a: Ting-Lu\n|-damage|p2a: Ting-Lu|63\/100\n|\n|t:|1699729821\n|switch|p1a: Iron Valiant|Iron Valiant|71\/100|[from] U-turn\n|-damage|p1a: Iron Valiant|65\/100|[from] Stealth Rock\n|\n|-heal|p2a: Ting-Lu|69\/100|[from] item: Leftovers\n|upkeep\n|turn|13\n|\n|t:|1699729864\n|switch|p2a: Moltres|Moltres|94\/100\n|move|p1a: Iron Valiant|Drain Punch|p2a: Moltres\n|-resisted|p2a: Moltres\n|-damage|p2a: Moltres|64\/100\n|-heal|p1a: Iron Valiant|85\/100|[from] drain|[of] p2a: Moltres\n|\n|upkeep\n|turn|14\n|\n|t:|1699729871\n|-end|p1a: Iron Valiant|Quark Drive|[silent]\n|switch|p1a: Tyranitar|Tyranitar, M|100\/100\n|-damage|p1a: Tyranitar|88\/100|[from] Stealth Rock\n|-weather|Sandstorm|[from] ability: Sand Stream|[of] p1a: Tyranitar\n|move|p2a: Moltres|Roost|p2a: Moltres\n|-heal|p2a: Moltres|100\/100\n|-singleturn|p2a: Moltres|move: Roost\n|\n|-weather|Sandstorm|[upkeep]\n|-damage|p2a: Moltres|94\/100|[from] Sandstorm\n|upkeep\n|turn|15\n|\n|t:|1699729880\n|switch|p2a: Orthworm|Orthworm, F|100\/100\n|-damage|p2a: Orthworm|94\/100|[from] Stealth Rock\n|move|p1a: Tyranitar|Stone Edge|p2a: Orthworm\n|-resisted|p2a: Orthworm\n|-damage|p2a: Orthworm|80\/100\n|\n|-weather|Sandstorm|[upkeep]\n|upkeep\n|turn|16\n|\n|t:|1699729891\n|switch|p1a: Centiskorch|Centiskorch-Sevii-Mega, M|77\/100 brn\n|-damage|p1a: Centiskorch|64\/100 brn|[from] Stealth Rock\n|move|p2a: Orthworm|Shed Tail|p2a: Orthworm\n|-start|p2a: Orthworm|Substitute|[from] move: Shed Tail\n|-damage|p2a: Orthworm|30\/100\n|-enditem|p2a: Orthworm|Sitrus Berry|[eat]\n|-heal|p2a: Orthworm|55\/100|[from] item: Sitrus Berry\n|\n|t:|1699729970\n|switch|p2a: Falinks|Falinks|100\/100|[from] Shed Tail\n|-damage|p2a: Falinks|88\/100|[from] Stealth Rock\n|\n|-weather|Sandstorm|[upkeep]\n|-damage|p2a: Falinks|82\/100|[from] Sandstorm\n|-damage|p1a: Centiskorch|58\/100 brn|[from] brn\n|upkeep\n|turn|17\n|\n|t:|1699729996\n|move|p1a: Centiskorch|Hidden Power|p2a: Falinks\n|-supereffective|p2a: Falinks\n|-end|p2a: Falinks|Substitute\n|move|p2a: Falinks|No Retreat|p2a: Falinks\n|-boost|p2a: Falinks|atk|1\n|-boost|p2a: Falinks|def|1\n|-boost|p2a: Falinks|spa|1\n|-boost|p2a: Falinks|spd|1\n|-boost|p2a: Falinks|spe|1\n|-start|p2a: Falinks|move: No Retreat\n|\n|-weather|Sandstorm|[upkeep]\n|-damage|p2a: Falinks|76\/100|[from] Sandstorm\n|-damage|p1a: Centiskorch|52\/100 brn|[from] brn\n|upkeep\n|turn|18\n|\n|t:|1699730003\n|-zpower|p2a: Falinks\n|move|p2a: Falinks|Shattered Psyche|p1a: Centiskorch|[zeffect]\n|-damage|p1a: Centiskorch|0 fnt\n|faint|p1a: Centiskorch\n|\n|-weather|Sandstorm|[upkeep]\n|-damage|p2a: Falinks|70\/100|[from] Sandstorm\n|upkeep\n|\n|t:|1699730073\n|switch|p1a: Excadrill|Excadrill, F|100\/100\n|-damage|p1a: Excadrill|97\/100|[from] Stealth Rock\n|turn|19\n|\n|t:|1699730077\n|move|p1a: Excadrill|Iron Head|p2a: Falinks\n|-damage|p2a: Falinks|35\/100\n|cant|p2a: Falinks|flinch\n|\n|-weather|Sandstorm|[upkeep]\n|-damage|p2a: Falinks|28\/100|[from] Sandstorm\n|-heal|p1a: Excadrill|100\/100|[from] item: Leftovers\n|upkeep\n|turn|20\n|\n|t:|1699730082\n|move|p1a: Excadrill|Iron Head|p2a: Falinks\n|-damage|p2a: Falinks|0 fnt\n|faint|p2a: Falinks\n|\n|-weather|Sandstorm|[upkeep]\n|upkeep\n|\n|t:|1699730092\n|switch|p2a: Ting-Lu|Ting-Lu|69\/100\n|-damage|p2a: Ting-Lu|63\/100|[from] Stealth Rock\n|-ability|p2a: Ting-Lu|Vessel of Ruin\n|turn|21\n|\n|t:|1699730148\n|move|p1a: Excadrill|Earthquake|p2a: Ting-Lu\n|-damage|p2a: Ting-Lu|30\/100\n|move|p2a: Ting-Lu|Earthquake|p1a: Excadrill\n|-supereffective|p1a: Excadrill\n|-damage|p1a: Excadrill|0 fnt\n|faint|p1a: Excadrill\n|\n|-weather|none\n|-heal|p2a: Ting-Lu|36\/100|[from] item: Leftovers\n|upkeep\n|\n|t:|1699730171\n|switch|p1a: Iron Valiant|Iron Valiant|85\/100\n|-damage|p1a: Iron Valiant|79\/100|[from] Stealth Rock\n|turn|22\n|j| BraxGrifRow\n|\n|t:|1699730182\n|switch|p2a: Moltres|Moltres|94\/100\n|move|p1a: Iron Valiant|Spirit Break|p2a: Moltres\n|-resisted|p2a: Moltres\n|-damage|p2a: Moltres|65\/100\n|-unboost|p2a: Moltres|spa|1\n|-status|p1a: Iron Valiant|brn|[from] ability: Flame Body|[of] p2a: Moltres\n|\n|-damage|p1a: Iron Valiant|73\/100 brn|[from] brn\n|upkeep\n|turn|23\n|\n|t:|1699730191\n|-end|p1a: Iron Valiant|Quark Drive|[silent]\n|switch|p1a: Tyranitar|Tyranitar, M|88\/100\n|-damage|p1a: Tyranitar|76\/100|[from] Stealth Rock\n|-weather|Sandstorm|[from] ability: Sand Stream|[of] p1a: Tyranitar\n|move|p2a: Moltres|Defog|p1a: Tyranitar\n|-unboost|p1a: Tyranitar|evasion|1\n|-sideend|p1: Warpa1nt|Stealth Rock|[from] move: Defog|[of] p2a: Moltres\n|-sideend|p2: divinereaper202|Stealth Rock|[from] move: Defog|[of] p2a: Moltres\n|\n|-weather|Sandstorm|[upkeep]\n|-damage|p2a: Moltres|59\/100|[from] Sandstorm\n|upkeep\n|turn|24\n|\n|t:|1699730202\n|-activate|p2a: Moltres|move: Pursuit\n|move|p1a: Tyranitar|Pursuit|p2a: Moltres|[from]Pursuit\n|-damage|p2a: Moltres|15\/100\n|switch|p2a: Ting-Lu|Ting-Lu|36\/100\n|-ability|p2a: Ting-Lu|Vessel of Ruin\n|\n|-weather|Sandstorm|[upkeep]\n|-heal|p2a: Ting-Lu|42\/100|[from] item: Leftovers\n|upkeep\n|turn|25\n|\n|t:|1699730213\n|switch|p1a: Iron Valiant|Iron Valiant|73\/100 brn\n|move|p2a: Ting-Lu|Earthquake|p1a: Iron Valiant\n|-damage|p1a: Iron Valiant|2\/100 brn\n|\n|-weather|Sandstorm|[upkeep]\n|-damage|p1a: Iron Valiant|0 fnt|[from] Sandstorm\n|faint|p1a: Iron Valiant\n|-end|p1a: Iron Valiant|Quark Drive|[silent]\n|-heal|p2a: Ting-Lu|49\/100|[from] item: Leftovers\n|upkeep\n|\n|t:|1699730220\n|switch|p1a: Deoxys|Deoxys|82\/100\n|-ability|p1a: Deoxys|Pressure\n|turn|26\n|\n|t:|1699730225\n|switch|p2a: Moltres|Moltres|15\/100\n|move|p1a: Deoxys|Grass Knot|p2a: Moltres\n|-resisted|p2a: Moltres\n|-damage|p2a: Moltres|4\/100\n|-damage|p1a: Deoxys|72\/100|[from] item: Life Orb\n|\n|-weather|Sandstorm|[upkeep]\n|-damage|p1a: Deoxys|66\/100|[from] Sandstorm\n|-damage|p2a: Moltres|0 fnt|[from] Sandstorm\n|faint|p2a: Moltres\n|upkeep\n|\n|t:|1699730229\n|switch|p2a: Dragapult|Dragapult, F|100\/100\n|turn|27\n|\n|t:|1699730232\n|switch|p1a: Tyranitar|Tyranitar, M|76\/100\n|move|p2a: Dragapult|U-turn|p1a: Tyranitar\n|-supereffective|p1a: Tyranitar\n|-crit|p1a: Tyranitar\n|-damage|p1a: Tyranitar|17\/100\n|\n|t:|1699730236\n|switch|p2a: Ting-Lu|Ting-Lu|49\/100|[from] U-turn\n|-ability|p2a: Ting-Lu|Vessel of Ruin\n|\n|-weather|Sandstorm|[upkeep]\n|-heal|p2a: Ting-Lu|55\/100|[from] item: Leftovers\n|upkeep\n|turn|28\n|\n|t:|1699730242\n|move|p1a: Tyranitar|Earthquake|p2a: Ting-Lu\n|-damage|p2a: Ting-Lu|35\/100\n|move|p2a: Ting-Lu|Earthquake|p1a: Tyranitar\n|-supereffective|p1a: Tyranitar\n|-damage|p1a: Tyranitar|0 fnt\n|faint|p1a: Tyranitar\n|\n|-weather|Sandstorm|[upkeep]\n|-heal|p2a: Ting-Lu|42\/100|[from] item: Leftovers\n|upkeep\n|\n|t:|1699730244\n|switch|p1a: Deoxys|Deoxys|66\/100\n|-ability|p1a: Deoxys|Pressure\n|turn|29\n|\n|t:|1699730263\n|move|p1a: Deoxys|Grass Knot|p2a: Ting-Lu\n|-supereffective|p2a: Ting-Lu\n|-damage|p2a: Ting-Lu|0 fnt\n|faint|p2a: Ting-Lu\n|-damage|p1a: Deoxys|56\/100|[from] item: Life Orb\n|\n|-weather|Sandstorm|[upkeep]\n|-damage|p1a: Deoxys|49\/100|[from] Sandstorm\n|upkeep\n|\n|t:|1699730266\n|switch|p2a: Dragapult|Dragapult, F|100\/100\n|turn|30\n|\n|t:|1699730273\n|switch|p1a: Eelektross|Eelektross, M|14\/100\n|move|p2a: Dragapult|Spirit Shackle|p1a: Eelektross\n|-damage|p1a: Eelektross|0 fnt\n|faint|p1a: Eelektross\n|\n|-weather|none\n|upkeep\n|c|\u2606divinereaper202|gg\n|\n|t:|1699730278\n|switch|p1a: Deoxys|Deoxys|49\/100\n|-ability|p1a: Deoxys|Pressure\n|turn|31\n|\n|t:|1699730280\n|move|p2a: Dragapult|Spirit Shackle|p1a: Deoxys\n|-supereffective|p1a: Deoxys\n|-damage|p1a: Deoxys|0 fnt\n|faint|p1a: Deoxys\n|\n|win|divinereaper202\n|c|\u2606Warpa1nt|gg\n|l| BraxGrifRow\n|l|\u2606Warpa1nt\n","uploadtime":1699730286,"views":30,"p1id":"warpa1nt","p2id":"divinereaper202","formatid":"gen9ubers","rating":0,"private":0,"password":""}