{"id":"radicalred-gen9ubers-541773","p1":"Neo Kamikaze","p2":"PRT_Monec","format":"[Gen 9] Ubers","log":"|j|\u2606Neo Kamikaze\n|j|\u2606PRT_Monec\n|t:|1698980583\n|gametype|singles\n|player|p1|Neo Kamikaze|rr-beedrillmega|\n|player|p2|PRT_Monec|102|\n|teamsize|p1|6\n|teamsize|p2|6\n|gen|9\n|tier|[Gen 9] Ubers\n|rule|Sleep Clause Mod: Limit one foe put to sleep\n|rule|Species Clause: Limit one of each Pok\u00e9mon\n|rule|OHKO Clause: OHKO moves are banned\n|rule|Evasion Abilities Clause: Evasion abilities are banned\n|rule|Evasion Items Clause: Evasion items are banned\n|rule|Evasion Moves Clause: Evasion moves are banned\n|rule|Endless Battle Clause: Forcing endless battles is banned\n|rule|HP Percentage Mod: HP is shown in percentages\n|rule|Dynamax Clause: You cannot dynamax\n|rule|Mega Rayquaza Clause: You cannot mega evolve Rayquaza\n|clearpoke\n|poke|p1|Turtonator, F|\n|poke|p1|Landorus, M|\n|poke|p1|Dodrio-Sevii, M|\n|poke|p1|Iron Treads|\n|poke|p1|Naganadel|\n|poke|p1|Lokix-Sevii, F|\n|poke|p2|Ferrothorn, F|\n|poke|p2|Flutter Mane|\n|poke|p2|Kingler, M|\n|poke|p2|Kingambit, M|\n|poke|p2|Meganium, M|\n|poke|p2|Tapu Fini|\n|teampreview\n|\n|t:|1698980615\n|start\n|switch|p1a: Dodrio|Dodrio-Sevii, M|100\/100\n|switch|p2a: Ferrothorn|Ferrothorn, F|100\/100\n|turn|1\n|\n|t:|1698980645\n|switch|p2a: Tapu Fini|Tapu Fini|100\/100\n|-fieldstart|move: Misty Terrain|[from] ability: Misty Surge|[of] p2a: Tapu Fini\n|move|p1a: Dodrio|Flare Blitz|p2a: Tapu Fini\n|-resisted|p2a: Tapu Fini\n|-damage|p2a: Tapu Fini|59\/100\n|-damage|p1a: Dodrio|91\/100|[from] item: Life Orb\n|\n|upkeep\n|turn|2\n|\n|t:|1698980660\n|move|p1a: Dodrio|U-turn|p2a: Tapu Fini\n|-resisted|p2a: Tapu Fini\n|-damage|p2a: Tapu Fini|44\/100\n|-damage|p1a: Dodrio|81\/100|[from] item: Life Orb\n|\n|t:|1698980664\n|switch|p1a: Naganadel|Naganadel|100\/100|[from] U-turn\n|move|p2a: Tapu Fini|Scald|p1a: Naganadel\n|-resisted|p1a: Naganadel\n|-damage|p1a: Naganadel|63\/100\n|\n|upkeep\n|turn|3\n|\n|t:|1698980676\n|switch|p2a: Ferrothorn|Ferrothorn, F|100\/100\n|move|p1a: Naganadel|Sludge Wave|p2a: Ferrothorn\n|-immune|p2a: Ferrothorn\n|\n|upkeep\n|turn|4\n|l|\u2606Neo Kamikaze\n|player|p1|\n|j| Bananablunt\n|l| Bananablunt\n|j|\u2606Neo Kamikaze\n|player|p1|Neo Kamikaze|rr-beedrillmega\n|\n|t:|1698980822\n|move|p1a: Naganadel|Nasty Plot|p1a: Naganadel\n|-boost|p1a: Naganadel|spa|2\n|move|p2a: Ferrothorn|Stealth Rock|p1a: Naganadel\n|-sidestart|p1: Neo Kamikaze|move: Stealth Rock\n|\n|upkeep\n|turn|5\n|\n|t:|1698980829\n|move|p1a: Naganadel|Flamethrower|p2a: Ferrothorn\n|-supereffective|p2a: Ferrothorn\n|-damage|p2a: Ferrothorn|0 fnt\n|faint|p2a: Ferrothorn\n|-ability|p1a: Naganadel|Beast Boost|boost\n|-boost|p1a: Naganadel|spe|1\n|\n|-fieldend|Misty Terrain\n|upkeep\n|\n|t:|1698980846\n|switch|p2a: Kingler|Kingler, M|100\/100\n|turn|6\n|\n|t:|1698980853\n|detailschange|p2a: Kingler|Kingler-Mega, M\n|-mega|p2a: Kingler|Kingler|Kinglerite\n|move|p1a: Naganadel|Thunderbolt|p2a: Kingler\n|-supereffective|p2a: Kingler\n|-damage|p2a: Kingler|0 fnt\n|faint|p2a: Kingler\n|-ability|p1a: Naganadel|Beast Boost|boost\n|-boost|p1a: Naganadel|spe|1\n|\n|upkeep\n|\n|t:|1698980861\n|switch|p2a: Flutter Mane|Flutter Mane|100\/100\n|-enditem|p2a: Flutter Mane|Booster Energy\n|-activate|p2a: Flutter Mane|ability: Protosynthesis|[fromitem]\n|-start|p2a: Flutter Mane|protosynthesisspe\n|turn|7\n|\n|t:|1698980870\n|move|p1a: Naganadel|Sludge Wave|p2a: Flutter Mane\n|-damage|p2a: Flutter Mane|6\/100\n|move|p2a: Flutter Mane|Moonblast|p1a: Naganadel\n|-damage|p1a: Naganadel|0 fnt\n|faint|p1a: Naganadel\n|\n|upkeep\n|\n|t:|1698980895\n|switch|p1a: Lokix-Sevii|Lokix-Sevii, F|100\/100\n|-damage|p1a: Lokix-Sevii|75\/100|[from] Stealth Rock\n|turn|8\n|\n|t:|1698980901\n|move|p1a: Lokix-Sevii|First Impression|p2a: Flutter Mane\n|-resisted|p2a: Flutter Mane\n|-damage|p2a: Flutter Mane|0 fnt\n|faint|p2a: Flutter Mane\n|-end|p2a: Flutter Mane|Protosynthesis|[silent]\n|\n|upkeep\n|\n|t:|1698980909\n|switch|p2a: Meganium|Meganium, M|100\/100\n|turn|9\n|\n|t:|1698980913\n|switch|p1a: Turtonator|Turtonator, F|100\/100\n|-damage|p1a: Turtonator|75\/100|[from] Stealth Rock\n|-ability|p1a: Turtonator|Dauntless Shield|boost\n|-boost|p1a: Turtonator|def|1\n|move|p2a: Meganium|Reflect|p2a: Meganium\n|-sidestart|p2: PRT_Monec|Reflect\n|\n|upkeep\n|turn|10\n|\n|t:|1698980921\n|move|p2a: Meganium|Light Screen|p2a: Meganium\n|-sidestart|p2: PRT_Monec|move: Light Screen\n|move|p1a: Turtonator|Rapid Spin|p2a: Meganium\n|-damage|p2a: Meganium|97\/100\n|-boost|p1a: Turtonator|spe|1\n|-sideend|p1: Neo Kamikaze|Stealth Rock|[from] move: Rapid Spin|[of] p1a: Turtonator\n|\n|upkeep\n|turn|11\n|\n|t:|1698980933\n|switch|p2a: Tapu Fini|Tapu Fini|44\/100\n|-fieldstart|move: Misty Terrain|[from] ability: Misty Surge|[of] p2a: Tapu Fini\n|move|p1a: Turtonator|Flash Cannon|p2a: Tapu Fini\n|-damage|p2a: Tapu Fini|35\/100\n|-unboost|p2a: Tapu Fini|spd|1\n|\n|upkeep\n|turn|12\n|\n|t:|1698980945\n|switch|p1a: Landorus|Landorus, M|100\/100\n|move|p2a: Tapu Fini|Moonblast|p1a: Landorus\n|-damage|p1a: Landorus|19\/100\n|\n|upkeep\n|turn|13\n|\n|t:|1698980955\n|move|p1a: Landorus|Sludge Wave|p2a: Tapu Fini\n|-supereffective|p2a: Tapu Fini\n|-damage|p2a: Tapu Fini|0 fnt\n|faint|p2a: Tapu Fini\n|\n|upkeep\n|\n|t:|1698980960\n|switch|p2a: Meganium|Meganium, M|97\/100\n|turn|14\n|\n|t:|1698980964\n|move|p2a: Meganium|Giga Drain|p1a: Landorus\n|-damage|p1a: Landorus|0 fnt\n|-heal|p2a: Meganium|100\/100|[from] drain|[of] p1a: Landorus\n|faint|p1a: Landorus\n|\n|upkeep\n|\n|t:|1698980971\n|switch|p1a: Dodrio|Dodrio-Sevii, M|81\/100\n|turn|15\n|\n|t:|1698980975\n|move|p2a: Meganium|Draining Kiss|p1a: Dodrio\n|-resisted|p1a: Dodrio\n|-crit|p1a: Dodrio\n|-damage|p1a: Dodrio|56\/100\n|move|p1a: Dodrio|Flare Blitz|p2a: Meganium\n|-supereffective|p2a: Meganium\n|-damage|p2a: Meganium|8\/100\n|-damage|p1a: Dodrio|46\/100|[from] item: Life Orb\n|\n|-fieldend|Misty Terrain\n|upkeep\n|turn|16\n|\n|t:|1698980988\n|move|p2a: Meganium|Draining Kiss|p1a: Dodrio\n|-resisted|p1a: Dodrio\n|-damage|p1a: Dodrio|29\/100\n|-heal|p2a: Meganium|20\/100|[from] drain|[of] p1a: Dodrio\n|move|p1a: Dodrio|Flare Blitz|p2a: Meganium\n|-supereffective|p2a: Meganium\n|-damage|p2a: Meganium|0 fnt\n|faint|p2a: Meganium\n|-damage|p1a: Dodrio|19\/100|[from] item: Life Orb\n|\n|-sideend|p2: PRT_Monec|Reflect\n|upkeep\n|\n|t:|1698980999\n|switch|p2a: Kingambit|Kingambit, M|100\/100\n|-activate|p2a: Kingambit|ability: Supreme Overlord\n|-start|p2a: Kingambit|fallen5|[silent]\n|turn|17\n|\n|t:|1698981008\n|switch|p1a: Turtonator|Turtonator, F|75\/100\n|-ability|p1a: Turtonator|Dauntless Shield|boost\n|-boost|p1a: Turtonator|def|1\n|move|p2a: Kingambit|Sucker Punch||[still]\n|-fail|p2a: Kingambit\n|\n|-sideend|p2: PRT_Monec|move: Light Screen\n|upkeep\n|turn|18\n|\n|t:|1698981019\n|move|p2a: Kingambit|Kowtow Cleave|p1a: Turtonator\n|-damage|p1a: Turtonator|39\/100\n|-damage|p2a: Kingambit|84\/100|[from] item: Rocky Helmet|[of] p1a: Turtonator\n|move|p1a: Turtonator|Will-O-Wisp|p2a: Kingambit\n|-status|p2a: Kingambit|brn\n|\n|-damage|p2a: Kingambit|78\/100 brn|[from] brn\n|upkeep\n|turn|19\n|\n|t:|1698981030\n|move|p2a: Kingambit|Kowtow Cleave|p1a: Turtonator\n|-damage|p1a: Turtonator|21\/100\n|-damage|p2a: Kingambit|61\/100 brn|[from] item: Rocky Helmet|[of] p1a: Turtonator\n|move|p1a: Turtonator|Body Press|p2a: Kingambit\n|-supereffective|p2a: Kingambit\n|-damage|p2a: Kingambit|0 fnt\n|faint|p2a: Kingambit\n|-end|p2a: Kingambit|fallen5|[silent]\n|\n|win|Neo Kamikaze\n","uploadtime":1698981041,"views":10,"p1id":"neokamikaze","p2id":"prtmonec","formatid":"gen9ubers","rating":0,"private":0,"password":""}