{"id":"radicalred-gen9ubers-548247","p1":"Monkemaniac323","p2":"Divinereaper202","format":"[Gen 9] Ubers","log":"|j|\u2606Monkemaniac323\n|j|\u2606Divinereaper202\n|t:|1700297700\n|gametype|singles\n|player|p1|Monkemaniac323|rr-zygarde|\n|player|p2|Divinereaper202|rr-necrozma|\n|teamsize|p1|6\n|teamsize|p2|6\n|gen|9\n|tier|[Gen 9] Ubers\n|rule|Sleep Clause Mod: Limit one foe put to sleep\n|rule|Species Clause: Limit one of each Pok\u00e9mon\n|rule|OHKO Clause: OHKO moves are banned\n|rule|Evasion Abilities Clause: Evasion abilities are banned\n|rule|Evasion Items Clause: Evasion items are banned\n|rule|Evasion Moves Clause: Evasion moves are banned\n|rule|Endless Battle Clause: Forcing endless battles is banned\n|rule|HP Percentage Mod: HP is shown in percentages\n|rule|Dynamax Clause: You cannot dynamax\n|rule|Mega Rayquaza Clause: You cannot mega evolve Rayquaza\n|clearpoke\n|poke|p1|Chandelure, M|\n|poke|p1|Gallade, M|\n|poke|p1|Milotic-Sevii, F|\n|poke|p1|Melmetal|\n|poke|p1|Vaporeon, F|\n|poke|p1|Ninjask, F|\n|poke|p2|Diancie|\n|poke|p2|Iron Leaves|\n|poke|p2|Moltres|\n|poke|p2|Dragapult, M|\n|poke|p2|Milotic, F|\n|poke|p2|Ting-Lu|\n|teampreview\n|c|\u2606Monkemaniac323|Glhf\n|c|\u2606Monkemaniac323|Could you pu\n|c|\u2606Divinereaper202|U2\n|c|\u2606Monkemaniac323|Post the link\n|l|\u2606Divinereaper202\n|player|p2|\n|\n|t:|1700297757\n|start\n|switch|p1a: Gallade|Gallade, M|100\/100\n|switch|p2a: Diancie|Diancie|100\/100\n|turn|1\n|j|\u2606Divinereaper202\n|player|p2|Divinereaper202|rr-necrozma\n|\n|t:|1700297790\n|switch|p1a: Milotic|Milotic-Sevii, F|100\/100\n|switch|p2a: Moltres|Moltres|100\/100\n|\n|upkeep\n|turn|2\n|\n|t:|1700297800\n|move|p2a: Moltres|Will-O-Wisp|p1a: Milotic\n|-status|p1a: Milotic|brn\n|move|p1a: Milotic|Dragon Breath|p2a: Moltres\n|-damage|p2a: Moltres|89\/100\n|\n|-damage|p1a: Milotic|94\/100 brn|[from] brn\n|upkeep\n|turn|3\n|\n|t:|1700297809\n|move|p2a: Moltres|U-turn|p1a: Milotic\n|-resisted|p1a: Milotic\n|-damage|p1a: Milotic|87\/100 brn\n|\n|t:|1700297818\n|switch|p2a: Milotic|Milotic, F|100\/100|[from] U-turn\n|move|p1a: Milotic|Dragon Breath|p2a: Milotic\n|-damage|p2a: Milotic|89\/100\n|-status|p2a: Milotic|par\n|\n|-damage|p1a: Milotic|80\/100 brn|[from] brn\n|upkeep\n|turn|4\n|\n|t:|1700297821\n|move|p1a: Milotic|Flip Turn|p2a: Milotic\n|-resisted|p2a: Milotic\n|-damage|p2a: Milotic|88\/100 par\n|\n|t:|1700297823\n|switch|p1a: Vaporeon|Vaporeon, F|100\/100|[from] Flip Turn\n|cant|p2a: Milotic|par\n|\n|upkeep\n|turn|5\n|\n|t:|1700297835\n|switch|p2a: Iron Leaves|Iron Leaves|100\/100\n|move|p1a: Vaporeon|Scald|p2a: Iron Leaves\n|-resisted|p2a: Iron Leaves\n|-damage|p2a: Iron Leaves|86\/100\n|\n|upkeep\n|turn|6\n|\n|t:|1700297841\n|switch|p1a: Chandelure|Chandelure, M|100\/100\n|move|p2a: Iron Leaves|Psyblade|p1a: Chandelure\n|-damage|p1a: Chandelure|0 fnt\n|faint|p1a: Chandelure\n|\n|upkeep\n|c|\u2606Monkemaniac323|Damn\n|\n|t:|1700297857\n|switch|p1a: Ninjask|Ninjask, F|100\/100\n|turn|7\n|\n|t:|1700297860\n|move|p2a: Iron Leaves|Psyblade|p1a: Ninjask\n|-damage|p1a: Ninjask|0 fnt\n|faint|p1a: Ninjask\n|\n|upkeep\n|j| mightybarb\n|c| mightybarb|Balanced\n|\n|t:|1700297868\n|switch|p1a: Melmetal|Melmetal|100\/100\n|turn|8\n|\n|t:|1700297872\n|switch|p2a: Moltres|Moltres|89\/100\n|move|p1a: Melmetal|Rock Slide|p2a: Moltres\n|-supereffective|p2a: Moltres\n|-damage|p2a: Moltres|0 fnt\n|faint|p2a: Moltres\n|\n|upkeep\n|\n|t:|1700297876\n|switch|p2a: Ting-Lu|Ting-Lu|100\/100\n|-ability|p2a: Ting-Lu|Vessel of Ruin\n|turn|9\n|\n|t:|1700297883\n|move|p2a: Ting-Lu|Earthquake|p1a: Melmetal\n|-supereffective|p1a: Melmetal\n|-damage|p1a: Melmetal|42\/100\n|move|p1a: Melmetal|Double Iron Bash|p2a: Ting-Lu\n|-damage|p2a: Ting-Lu|74\/100\n|-damage|p2a: Ting-Lu|43\/100\n|-hitcount|p2a: Ting-Lu|2\n|\n|upkeep\n|turn|10\n|\n|t:|1700297887\n|switch|p1a: Vaporeon|Vaporeon, F|100\/100\n|move|p2a: Ting-Lu|Earthquake|p1a: Vaporeon\n|-damage|p1a: Vaporeon|66\/100\n|\n|-heal|p1a: Vaporeon|72\/100|[from] item: Leftovers\n|upkeep\n|turn|11\n|\n|t:|1700297903\n|switch|p2a: Dragapult|Dragapult, M|100\/100\n|move|p1a: Vaporeon|Scald|p2a: Dragapult\n|-resisted|p2a: Dragapult\n|-damage|p2a: Dragapult|80\/100\n|\n|-heal|p1a: Vaporeon|79\/100|[from] item: Leftovers\n|upkeep\n|turn|12\n|\n|t:|1700297907\n|switch|p1a: Milotic|Milotic-Sevii, F|80\/100 brn\n|move|p2a: Dragapult|Spirit Shackle|p1a: Milotic\n|-damage|p1a: Milotic|34\/100 brn\n|-activate|p1a: Milotic|trapped\n|\n|-damage|p1a: Milotic|28\/100 brn|[from] brn\n|upkeep\n|turn|13\n|\n|t:|1700297914\n|move|p2a: Dragapult|Spirit Shackle|p1a: Milotic\n|-damage|p1a: Milotic|0 fnt\n|faint|p1a: Milotic\n|\n|upkeep\n|\n|t:|1700297926\n|switch|p1a: Melmetal|Melmetal|42\/100\n|turn|14\n|\n|t:|1700297928\n|move|p2a: Dragapult|Spirit Shackle|p1a: Melmetal\n|-damage|p1a: Melmetal|19\/100\n|-activate|p1a: Melmetal|trapped\n|move|p1a: Melmetal|Double Iron Bash|p2a: Dragapult\n|-damage|p2a: Dragapult|6\/100\n|-damage|p2a: Dragapult|0 fnt\n|faint|p2a: Dragapult\n|-hitcount|p2: Dragapult|2\n|\n|upkeep\n|\n|t:|1700297936\n|switch|p2a: Iron Leaves|Iron Leaves|86\/100\n|turn|15\n|\n|t:|1700297940\n|move|p2a: Iron Leaves|Psyblade|p1a: Melmetal\n|-resisted|p1a: Melmetal\n|-damage|p1a: Melmetal|2\/100\n|move|p1a: Melmetal|Double Iron Bash|p2a: Iron Leaves\n|-damage|p2a: Iron Leaves|23\/100\n|-damage|p2a: Iron Leaves|0 fnt\n|faint|p2a: Iron Leaves\n|-hitcount|p2: Iron Leaves|2\n|\n|upkeep\n|\n|t:|1700297948\n|switch|p2a: Diancie|Diancie|100\/100\n|turn|16\n|\n|t:|1700297953\n|detailschange|p2a: Diancie|Diancie-Mega\n|-mega|p2a: Diancie|Diancie|Diancite\n|move|p2a: Diancie|Moonblast|p1a: Melmetal\n|-resisted|p1a: Melmetal\n|-damage|p1a: Melmetal|0 fnt\n|faint|p1a: Melmetal\n|\n|upkeep\n|\n|t:|1700297957\n|switch|p1a: Vaporeon|Vaporeon, F|79\/100\n|turn|17\n|\n|t:|1700297962\n|move|p2a: Diancie|Moonblast|p1a: Vaporeon\n|-damage|p1a: Vaporeon|32\/100\n|move|p1a: Vaporeon|Wish|p1a: Vaporeon\n|\n|-heal|p1a: Vaporeon|38\/100|[from] item: Leftovers\n|upkeep\n|turn|18\n|\n|t:|1700297967\n|move|p2a: Diancie|Toxic|p1a: Vaporeon\n|-status|p1a: Vaporeon|tox\n|move|p1a: Vaporeon|Scald|p2a: Diancie\n|-supereffective|p2a: Diancie\n|-damage|p2a: Diancie|25\/100\n|-status|p2a: Diancie|brn\n|\n|-heal|p1a: Vaporeon|88\/100 tox|[from] move: Wish|[wisher] Vaporeon\n|-heal|p1a: Vaporeon|94\/100 tox|[from] item: Leftovers\n|-damage|p1a: Vaporeon|88\/100 tox|[from] psn\n|-damage|p2a: Diancie|19\/100 brn|[from] brn\n|upkeep\n|turn|19\n|\n|t:|1700297969\n|move|p2a: Diancie|Moonblast|p1a: Vaporeon\n|-damage|p1a: Vaporeon|42\/100 tox\n|move|p1a: Vaporeon|Scald|p2a: Diancie\n|-supereffective|p2a: Diancie\n|-damage|p2a: Diancie|0 fnt\n|faint|p2a: Diancie\n|\n|-heal|p1a: Vaporeon|48\/100 tox|[from] item: Leftovers\n|-damage|p1a: Vaporeon|35\/100 tox|[from] psn\n|upkeep\n|\n|t:|1700297975\n|switch|p2a: Milotic|Milotic, F|88\/100 par\n|turn|20\n|\n|t:|1700297982\n|move|p1a: Vaporeon|Wish|p1a: Vaporeon\n|move|p2a: Milotic|Recover|p2a: Milotic\n|-heal|p2a: Milotic|100\/100 par\n|\n|-heal|p1a: Vaporeon|42\/100 tox|[from] item: Leftovers\n|-damage|p1a: Vaporeon|23\/100 tox|[from] psn\n|upkeep\n|turn|21\n|\n|t:|1700297987\n|switch|p1a: Gallade|Gallade, M|100\/100\n|move|p2a: Milotic|Flip Turn|p1a: Gallade\n|-damage|p1a: Gallade|80\/100\n|\n|t:|1700297990\n|switch|p2a: Ting-Lu|Ting-Lu|43\/100|[from] Flip Turn\n|-ability|p2a: Ting-Lu|Vessel of Ruin\n|\n|-heal|p1a: Gallade|100\/100|[from] move: Wish|[wisher] Vaporeon\n|upkeep\n|turn|22\n|\n|t:|1700297993\n|detailschange|p1a: Gallade|Gallade-Mega, M\n|-mega|p1a: Gallade|Gallade|Galladite\n|move|p1a: Gallade|Sacred Sword|p2a: Ting-Lu\n|-supereffective|p2a: Ting-Lu\n|-damage|p2a: Ting-Lu|0 fnt\n|faint|p2a: Ting-Lu\n|\n|upkeep\n|\n|t:|1700297994\n|switch|p2a: Milotic|Milotic, F|100\/100 par\n|turn|23\n|\n|t:|1700297997\n|move|p1a: Gallade|Sacred Sword|p2a: Milotic\n|-damage|p2a: Milotic|60\/100 par\n|move|p2a: Milotic|Scald|p1a: Gallade\n|-damage|p1a: Gallade|70\/100\n|\n|upkeep\n|turn|24\n|\n|t:|1700298000\n|move|p1a: Gallade|Sacred Sword|p2a: Milotic\n|-damage|p2a: Milotic|23\/100 par\n|move|p2a: Milotic|Recover|p2a: Milotic\n|-heal|p2a: Milotic|73\/100 par\n|\n|upkeep\n|turn|25\n|\n|t:|1700298001\n|move|p1a: Gallade|Sacred Sword|p2a: Milotic\n|-damage|p2a: Milotic|37\/100 par\n|move|p2a: Milotic|Scald|p1a: Gallade\n|-damage|p1a: Gallade|41\/100\n|-status|p1a: Gallade|brn\n|\n|-damage|p1a: Gallade|35\/100 brn|[from] brn\n|upkeep\n|turn|26\n|\n|t:|1700298019\n|move|p1a: Gallade|Sacred Sword|p2a: Milotic\n|-damage|p2a: Milotic|18\/100 par\n|move|p2a: Milotic|Recover|p2a: Milotic\n|-heal|p2a: Milotic|68\/100 par\n|\n|-damage|p1a: Gallade|29\/100 brn|[from] brn\n|upkeep\n|turn|27\n|\n|t:|1700298022\n|move|p1a: Gallade|Sacred Sword|p2a: Milotic\n|-damage|p2a: Milotic|48\/100 par\n|move|p2a: Milotic|Recover|p2a: Milotic\n|-heal|p2a: Milotic|98\/100 par\n|\n|-damage|p1a: Gallade|23\/100 brn|[from] brn\n|upkeep\n|turn|28\n|\n|t:|1700298025\n|move|p1a: Gallade|Sacred Sword|p2a: Milotic\n|-damage|p2a: Milotic|80\/100 par\n|move|p2a: Milotic|Scald|p1a: Gallade\n|-damage|p1a: Gallade|0 fnt\n|faint|p1a: Gallade\n|\n|upkeep\n|\n|t:|1700298027\n|switch|p1a: Vaporeon|Vaporeon, F|23\/100 tox\n|turn|29\n|\n|t:|1700298031\n|move|p1a: Vaporeon|Wish|p1a: Vaporeon\n|move|p2a: Milotic|Haze|p2a: Milotic\n|-clearallboost\n|\n|-heal|p1a: Vaporeon|29\/100 tox|[from] item: Leftovers\n|-damage|p1a: Vaporeon|23\/100 tox|[from] psn\n|upkeep\n|turn|30\n|\n|t:|1700298037\n|move|p1a: Vaporeon|Scald|p2a: Milotic\n|-resisted|p2a: Milotic\n|-damage|p2a: Milotic|71\/100 par\n|cant|p2a: Milotic|par\n|\n|-heal|p1a: Vaporeon|73\/100 tox|[from] move: Wish|[wisher] Vaporeon\n|-heal|p1a: Vaporeon|79\/100 tox|[from] item: Leftovers\n|-damage|p1a: Vaporeon|67\/100 tox|[from] psn\n|upkeep\n|turn|31\n|\n|t:|1700298042\n|move|p1a: Vaporeon|Wish|p1a: Vaporeon\n|move|p2a: Milotic|Haze|p2a: Milotic\n|-clearallboost\n|\n|-heal|p1a: Vaporeon|73\/100 tox|[from] item: Leftovers\n|-damage|p1a: Vaporeon|54\/100 tox|[from] psn\n|upkeep\n|turn|32\n|\n|t:|1700298048\n|move|p1a: Vaporeon|Scald|p2a: Milotic\n|-resisted|p2a: Milotic\n|-damage|p2a: Milotic|60\/100 par\n|move|p2a: Milotic|Haze|p2a: Milotic\n|-clearallboost\n|\n|-heal|p1a: Vaporeon|100\/100 tox|[from] move: Wish|[wisher] Vaporeon\n|-damage|p1a: Vaporeon|75\/100 tox|[from] psn\n|upkeep\n|turn|33\n|\n|t:|1700298054\n|move|p1a: Vaporeon|Scald|p2a: Milotic\n|-resisted|p2a: Milotic\n|-damage|p2a: Milotic|49\/100 par\n|move|p2a: Milotic|Recover|p2a: Milotic\n|-heal|p2a: Milotic|99\/100 par\n|\n|-heal|p1a: Vaporeon|82\/100 tox|[from] item: Leftovers\n|-damage|p1a: Vaporeon|50\/100 tox|[from] psn\n|upkeep\n|turn|34\n|\n|t:|1700298057\n|move|p1a: Vaporeon|Wish|p1a: Vaporeon\n|move|p2a: Milotic|Haze|p2a: Milotic\n|-clearallboost\n|\n|-heal|p1a: Vaporeon|57\/100 tox|[from] item: Leftovers\n|-damage|p1a: Vaporeon|19\/100 tox|[from] psn\n|upkeep\n|turn|35\n|\n|t:|1700298060\n|move|p1a: Vaporeon|Scald|p2a: Milotic\n|-resisted|p2a: Milotic\n|-damage|p2a: Milotic|89\/100 par\n|move|p2a: Milotic|Flip Turn|p1a: Vaporeon\n|-heal|p1a: Vaporeon|44\/100 tox|[from] ability: Water Absorb|[of] p2a: Milotic\n|\n|-heal|p1a: Vaporeon|94\/100 tox|[from] move: Wish|[wisher] Vaporeon\n|-heal|p1a: Vaporeon|100\/100 tox|[from] item: Leftovers\n|-damage|p1a: Vaporeon|57\/100 tox|[from] psn\n|upkeep\n|turn|36\n|\n|t:|1700298065\n|move|p1a: Vaporeon|Scald|p2a: Milotic\n|-resisted|p2a: Milotic\n|-damage|p2a: Milotic|79\/100 par\n|move|p2a: Milotic|Haze|p2a: Milotic\n|-clearallboost\n|\n|-heal|p1a: Vaporeon|63\/100 tox|[from] item: Leftovers\n|-damage|p1a: Vaporeon|13\/100 tox|[from] psn\n|upkeep\n|turn|37\n|\n|t:|1700298068\n|move|p1a: Vaporeon|Scald|p2a: Milotic\n|-resisted|p2a: Milotic\n|-damage|p2a: Milotic|69\/100 par\n|move|p2a: Milotic|Haze|p2a: Milotic\n|-clearallboost\n|\n|-heal|p1a: Vaporeon|19\/100 tox|[from] item: Leftovers\n|-damage|p1a: Vaporeon|0 fnt|[from] psn\n|faint|p1a: Vaporeon\n|\n|win|Divinereaper202\n|upkeep\n|l|\u2606Monkemaniac323\n","uploadtime":1700298083,"views":52,"p1id":"monkemaniac323","p2id":"divinereaper202","formatid":"gen9ubers","rating":0,"private":0,"password":""}