{"id":"radicalred-gen9ubers-547061","p1":"nose xd123","p2":"ivancuervo2007","format":"[Gen 9] Ubers","log":"|j|\u2606nose xd123\n|j|\u2606ivancuervo2007\n|t:|1700079888\n|gametype|singles\n|player|p1|nose xd123|rr-charizardmegax|\n|player|p2|ivancuervo2007|rr-gastrodon|\n|teamsize|p1|6\n|teamsize|p2|6\n|gen|9\n|tier|[Gen 9] Ubers\n|rule|Sleep Clause Mod: Limit one foe put to sleep\n|rule|Species Clause: Limit one of each Pok\u00e9mon\n|rule|OHKO Clause: OHKO moves are banned\n|rule|Evasion Abilities Clause: Evasion abilities are banned\n|rule|Evasion Items Clause: Evasion items are banned\n|rule|Evasion Moves Clause: Evasion moves are banned\n|rule|Endless Battle Clause: Forcing endless battles is banned\n|rule|HP Percentage Mod: HP is shown in percentages\n|rule|Dynamax Clause: You cannot dynamax\n|rule|Mega Rayquaza Clause: You cannot mega evolve Rayquaza\n|clearpoke\n|poke|p1|Donphan, F|\n|poke|p1|Rillaboom, M|\n|poke|p1|Gholdengo|\n|poke|p1|Grimmsnarl, M|\n|poke|p1|Alomomola, M|\n|poke|p1|Machamp, F|\n|poke|p2|Kingler, M|\n|poke|p2|Pelipper, F|\n|poke|p2|Gastrodon, F|\n|poke|p2|Kingdra, M|\n|poke|p2|Bisharp, F|\n|poke|p2|Magneton|\n|teampreview\n|\n|t:|1700079907\n|start\n|switch|p1a: Grimmsnarl|Grimmsnarl, M|100\/100\n|switch|p2a: Pel\u00edcano farlopero|Pelipper, F|100\/100\n|-weather|RainDance|[from] ability: Drizzle|[of] p2a: Pel\u00edcano farlopero\n|turn|1\n|\n|t:|1700079920\n|move|p1a: Grimmsnarl|Light Screen|p1a: Grimmsnarl\n|-sidestart|p1: nose xd123|move: Light Screen\n|move|p2a: Pel\u00edcano farlopero|Weather Ball|p1a: Grimmsnarl\n|-damage|p1a: Grimmsnarl|66\/100\n|\n|-weather|RainDance|[upkeep]\n|upkeep\n|turn|2\n|\n|t:|1700079928\n|move|p1a: Grimmsnarl|Parting Shot|p2a: Pel\u00edcano farlopero\n|-unboost|p2a: Pel\u00edcano farlopero|atk|1\n|-unboost|p2a: Pel\u00edcano farlopero|spa|1\n|\n|t:|1700079930\n|switch|p1a: Rillaboom|Rillaboom, M|100\/100|[from] Parting Shot\n|-fieldstart|move: Grassy Terrain|[from] ability: Grassy Surge|[of] p1a: Rillaboom\n|move|p2a: Pel\u00edcano farlopero|Defog|p1a: Rillaboom\n|-unboost|p1a: Rillaboom|evasion|1\n|-sideend|p1: nose xd123|move: Light Screen\n|-fieldend|move: Grassy Terrain\n|\n|-weather|RainDance|[upkeep]\n|upkeep\n|turn|3\n|\n|t:|1700079946\n|switch|p1a: Alomomola|Alomomola, M|100\/100\n|switch|p2a: Eolo|Kingdra, M|100\/100\n|\n|-weather|RainDance|[upkeep]\n|upkeep\n|turn|4\n|\n|t:|1700079956\n|move|p2a: Eolo|Draco Barrage|p1a: Alomomola\n|-damage|p1a: Alomomola|34\/100\n|-damage|p2a: Eolo|60\/100|[from] Recoil\n|-damage|p2a: Eolo|50\/100|[from] item: Life Orb\n|move|p1a: Alomomola|Flip Turn|p2a: Eolo\n|-resisted|p2a: Eolo\n|-damage|p2a: Eolo|42\/100\n|\n|t:|1700079962\n|switch|p1a: Grimmsnarl|Grimmsnarl, M|66\/100|[from] Flip Turn\n|\n|-weather|RainDance|[upkeep]\n|upkeep\n|turn|5\n|\n|t:|1700079971\n|move|p1a: Grimmsnarl|Light Screen|p1a: Grimmsnarl\n|-sidestart|p1: nose xd123|move: Light Screen\n|move|p2a: Eolo|Draco Barrage|p1a: Grimmsnarl\n|-damage|p1a: Grimmsnarl|40\/100\n|-damage|p2a: Eolo|30\/100|[from] Recoil\n|-damage|p2a: Eolo|20\/100|[from] item: Life Orb\n|\n|-weather|RainDance|[upkeep]\n|upkeep\n|turn|6\n|\n|t:|1700079978\n|move|p1a: Grimmsnarl|Parting Shot|p2a: Eolo\n|-unboost|p2a: Eolo|atk|1\n|-unboost|p2a: Eolo|spa|1\n|\n|t:|1700079981\n|switch|p1a: Rillaboom|Rillaboom, M|100\/100|[from] Parting Shot\n|-fieldstart|move: Grassy Terrain|[from] ability: Grassy Surge|[of] p1a: Rillaboom\n|move|p2a: Eolo|Surf|p1a: Rillaboom\n|-resisted|p1a: Rillaboom\n|-crit|p1a: Rillaboom\n|-damage|p1a: Rillaboom|30\/100\n|-damage|p2a: Eolo|10\/100|[from] item: Life Orb\n|\n|-weather|RainDance|[upkeep]\n|-heal|p2a: Eolo|16\/100|[from] Grassy Terrain\n|-heal|p1a: Rillaboom|36\/100|[from] Grassy Terrain\n|upkeep\n|turn|7\n|\n|t:|1700079985\n|move|p1a: Rillaboom|Grassy Glide|p2a: Eolo\n|-damage|p2a: Eolo|0 fnt\n|faint|p2a: Eolo\n|\n|-weather|RainDance|[upkeep]\n|-heal|p1a: Rillaboom|42\/100|[from] Grassy Terrain\n|upkeep\n|\n|t:|1700079989\n|switch|p2a: Pel\u00edcano farlopero|Pelipper, F|100\/100\n|turn|8\n|\n|t:|1700079992\n|move|p1a: Rillaboom|Grassy Glide|p2a: Pel\u00edcano farlopero\n|-damage|p2a: Pel\u00edcano farlopero|34\/100\n|move|p2a: Pel\u00edcano farlopero|Defog|p1a: Rillaboom\n|-unboost|p1a: Rillaboom|evasion|1\n|-sideend|p1: nose xd123|move: Light Screen\n|-fieldend|move: Grassy Terrain\n|\n|-weather|none\n|upkeep\n|turn|9\n|\n|t:|1700080000\n|switch|p1a: Alomomola|Alomomola, M|67\/100\n|move|p2a: Pel\u00edcano farlopero|Hurricane|p1a: Alomomola\n|-damage|p1a: Alomomola|11\/100\n|\n|upkeep\n|turn|10\n|\n|t:|1700080007\n|switch|p2a: Magneto|Magneton|100\/100\n|move|p1a: Alomomola|Protect||[still]\n|-fail|p1a: Alomomola\n|\n|upkeep\n|turn|11\n|\n|t:|1700080010\n|switch|p1a: Donphan|Donphan, F|100\/100\n|move|p2a: Magneto|Volt Switch|p1a: Donphan\n|-immune|p1a: Donphan\n|\n|upkeep\n|turn|12\n|\n|t:|1700080020\n|switch|p2a: Pel\u00edcano farlopero|Pelipper, F|34\/100\n|-weather|RainDance|[from] ability: Drizzle|[of] p2a: Pel\u00edcano farlopero\n|move|p1a: Donphan|Rapid Spin|p2a: Pel\u00edcano farlopero\n|-damage|p2a: Pel\u00edcano farlopero|16\/100\n|-boost|p1a: Donphan|spe|1\n|\n|-weather|RainDance|[upkeep]\n|upkeep\n|turn|13\n|\n|t:|1700080028\n|move|p1a: Donphan|Body Press|p2a: Pel\u00edcano farlopero\n|-resisted|p2a: Pel\u00edcano farlopero\n|-damage|p2a: Pel\u00edcano farlopero|5\/100\n|move|p2a: Pel\u00edcano farlopero|Weather Ball|p1a: Donphan\n|-supereffective|p1a: Donphan\n|-ability|p1a: Donphan|Sturdy\n|-damage|p1a: Donphan|1\/100\n|\n|-weather|RainDance|[upkeep]\n|-heal|p1a: Donphan|7\/100|[from] item: Leftovers\n|upkeep\n|turn|14\n|\n|t:|1700080033\n|move|p1a: Donphan|Ice Shard|p2a: Pel\u00edcano farlopero\n|-damage|p2a: Pel\u00edcano farlopero|0 fnt\n|faint|p2a: Pel\u00edcano farlopero\n|\n|-weather|RainDance|[upkeep]\n|-heal|p1a: Donphan|13\/100|[from] item: Leftovers\n|upkeep\n|\n|t:|1700080044\n|switch|p2a: Alfil|Bisharp, F|100\/100\n|turn|15\n|\n|t:|1700080053\n|move|p2a: Alfil|Sucker Punch|p1a: Donphan\n|-damage|p1a: Donphan|0 fnt\n|faint|p1a: Donphan\n|\n|-weather|RainDance|[upkeep]\n|upkeep\n|\n|t:|1700080059\n|switch|p1a: Grimmsnarl|Grimmsnarl, M|40\/100\n|turn|16\n|\n|t:|1700080072\n|switch|p2a: Bogavante|Kingler, M|100\/100\n|move|p1a: Grimmsnarl|Reflect|p1a: Grimmsnarl\n|-sidestart|p1: nose xd123|Reflect\n|\n|-weather|RainDance|[upkeep]\n|upkeep\n|turn|17\n|\n|t:|1700080083\n|detailschange|p2a: Bogavante|Kingler-Mega, M\n|-mega|p2a: Bogavante|Kingler|Kinglerite\n|move|p1a: Grimmsnarl|Parting Shot|p2a: Bogavante\n|-unboost|p2a: Bogavante|atk|1\n|-unboost|p2a: Bogavante|spa|1\n|\n|t:|1700080087\n|switch|p1a: Alomomola|Alomomola, M|44\/100|[from] Parting Shot\n|move|p2a: Bogavante|Ice Hammer|p1a: Alomomola\n|-resisted|p1a: Alomomola\n|-damage|p1a: Alomomola|40\/100\n|-damage|p2a: Bogavante|84\/100|[from] item: Rocky Helmet|[of] p1a: Alomomola\n|\n|-weather|RainDance|[upkeep]\n|upkeep\n|turn|18\n|\n|t:|1700080094\n|switch|p2a: Scup|Gastrodon, F|100\/100\n|move|p1a: Alomomola|Flip Turn|p2a: Scup\n|-ability|p2a: Scup|Storm Drain|boost\n|-boost|p2a: Scup|spa|1\n|\n|-weather|RainDance|[upkeep]\n|upkeep\n|turn|19\n|\n|t:|1700080106\n|move|p1a: Alomomola|Toxic|p2a: Scup\n|-status|p2a: Scup|tox\n|move|p2a: Scup|Earth Power|p1a: Alomomola\n|-damage|p1a: Alomomola|0 fnt\n|faint|p1a: Alomomola\n|\n|-weather|none\n|-damage|p2a: Scup|94\/100 tox|[from] psn\n|upkeep\n|\n|t:|1700080112\n|switch|p1a: Rillaboom|Rillaboom, M|42\/100\n|-fieldstart|move: Grassy Terrain|[from] ability: Grassy Surge|[of] p1a: Rillaboom\n|turn|20\n|\n|t:|1700080122\n|switch|p2a: Alfil|Bisharp, F|100\/100\n|move|p1a: Rillaboom|Grassy Glide|p2a: Alfil\n|-resisted|p2a: Alfil\n|-damage|p2a: Alfil|80\/100\n|\n|-heal|p1a: Rillaboom|48\/100|[from] Grassy Terrain\n|-heal|p2a: Alfil|86\/100|[from] Grassy Terrain\n|upkeep\n|turn|21\n|\n|t:|1700080128\n|switch|p1a: Grimmsnarl|Grimmsnarl, M|40\/100\n|move|p2a: Alfil|Iron Head|p1a: Grimmsnarl\n|-supereffective|p1a: Grimmsnarl\n|-damage|p1a: Grimmsnarl|0 fnt\n|faint|p1a: Grimmsnarl\n|\n|-heal|p2a: Alfil|92\/100|[from] Grassy Terrain\n|upkeep\n|\n|t:|1700080133\n|switch|p1a: Machamp|Machamp, F|100\/100\n|turn|22\n|\n|t:|1700080142\n|switch|p2a: Scup|Gastrodon, F|94\/100 tox\n|detailschange|p1a: Machamp|Machamp-Mega, F\n|-mega|p1a: Machamp|Machamp|Machampite\n|move|p1a: Machamp|Power-Up Punch|p2a: Scup\n|-damage|p2a: Scup|68\/100 tox\n|-boost|p1a: Machamp|atk|1\n|-damage|p2a: Scup|49\/100 tox\n|-boost|p1a: Machamp|atk|1\n|-hitcount|p2a: Scup|2\n|\n|-heal|p2a: Scup|55\/100 tox|[from] Grassy Terrain\n|-heal|p2a: Scup|61\/100 tox|[from] item: Leftovers\n|-damage|p2a: Scup|55\/100 tox|[from] psn\n|upkeep\n|turn|23\n|\n|t:|1700080160\n|move|p1a: Machamp|Power-Up Punch|p2a: Scup\n|-damage|p2a: Scup|0 fnt\n|-boost|p1a: Machamp|atk|1\n|faint|p2a: Scup\n|-hitcount|p2: Scup|1\n|\n|-sideend|p1: nose xd123|Reflect\n|upkeep\n|\n|t:|1700080171\n|switch|p2a: Magneto|Magneton|100\/100\n|turn|24\n|\n|t:|1700080176\n|move|p1a: Machamp|Mach Punch|p2a: Magneto\n|-supereffective|p2a: Magneto\n|-damage|p2a: Magneto|12\/100\n|-supereffective|p2a: Magneto\n|-damage|p2a: Magneto|0 fnt\n|faint|p2a: Magneto\n|-hitcount|p2: Magneto|2\n|\n|-fieldend|move: Grassy Terrain\n|upkeep\n|\n|t:|1700080179\n|switch|p2a: Bogavante|Kingler-Mega, M|84\/100\n|turn|25\n|\n|t:|1700080187\n|move|p1a: Machamp|Mach Punch|p2a: Bogavante\n|-supereffective|p2a: Bogavante\n|-damage|p2a: Bogavante|0 fnt\n|faint|p2a: Bogavante\n|-hitcount|p2: Bogavante|1\n|\n|upkeep\n|c|\u2606nose xd123|gg\n|\n|t:|1700080193\n|switch|p2a: Alfil|Bisharp, F|92\/100\n|turn|26\n|\n|t:|1700080195\n|move|p1a: Machamp|Mach Punch|p2a: Alfil\n|-supereffective|p2a: Alfil\n|-damage|p2a: Alfil|0 fnt\n|faint|p2a: Alfil\n|-hitcount|p2: Alfil|1\n|\n|win|nose xd123\n","uploadtime":1700080204,"views":6,"p1id":"nosexd123","p2id":"ivancuervo2007","formatid":"gen9ubers","rating":0,"private":0,"password":""}