{"id":"radicalred-gen9ubers-533367","p1":"Ivancuervo2007","p2":"axelzzz09","format":"[Gen 9] Ubers","log":"|j|\u2606Ivancuervo2007\n|j|\u2606axelzzz09\n|t:|1697646002\n|gametype|singles\n|player|p1|Ivancuervo2007|rr-houndoommega|\n|player|p2|axelzzz09|rr-lucariomega|\n|teamsize|p1|6\n|teamsize|p2|6\n|gen|9\n|tier|[Gen 9] Ubers\n|rule|Sleep Clause Mod: Limit one foe put to sleep\n|rule|Species Clause: Limit one of each Pok\u00e9mon\n|rule|OHKO Clause: OHKO moves are banned\n|rule|Evasion Abilities Clause: Evasion abilities are banned\n|rule|Evasion Items Clause: Evasion items are banned\n|rule|Evasion Moves Clause: Evasion moves are banned\n|rule|Endless Battle Clause: Forcing endless battles is banned\n|rule|HP Percentage Mod: HP is shown in percentages\n|rule|Dynamax Clause: You cannot dynamax\n|rule|Mega Rayquaza Clause: You cannot mega evolve Rayquaza\n|clearpoke\n|poke|p1|Kingambit, M|\n|poke|p1|Dragapult, F|\n|poke|p1|Moltres-Galar|\n|poke|p1|Gallade, M|\n|poke|p1|Houndoom, M|\n|poke|p1|Magnezone|\n|poke|p2|Dragapult, M|\n|poke|p2|Garchomp, F|\n|poke|p2|Hydreigon, M|\n|poke|p2|Noivern, F|\n|poke|p2|Tyrantrum, F|\n|poke|p2|Altaria, F|\n|teampreview\n|\n|t:|1697646019\n|start\n|switch|p1a: Zip Zap zop|Magnezone|100\/100\n|switch|p2a: Garchomp|Garchomp, F|100\/100\n|-item|p1a: Zip Zap zop|Air Balloon\n|turn|1\n|\n|t:|1697646029\n|move|p2a: Garchomp|Stealth Rock|p1a: Zip Zap zop\n|-sidestart|p1: Ivancuervo2007|move: Stealth Rock\n|move|p1a: Zip Zap zop|Flash Cannon|p2a: Garchomp\n|-damage|p2a: Garchomp|37\/100\n|\n|upkeep\n|turn|2\n|\n|t:|1697646038\n|move|p2a: Garchomp|Outrage|p1a: Zip Zap zop\n|-resisted|p1a: Zip Zap zop\n|-damage|p1a: Zip Zap zop|74\/100\n|-enditem|p1a: Zip Zap zop|Air Balloon\n|move|p1a: Zip Zap zop|Flash Cannon|p2a: Garchomp\n|-damage|p2a: Garchomp|0 fnt\n|faint|p2a: Garchomp\n|\n|upkeep\n|\n|t:|1697646048\n|switch|p2a: Tyrantrum|Tyrantrum, F|100\/100\n|turn|3\n|\n|t:|1697646059\n|move|p2a: Tyrantrum|Earthquake|p1a: Zip Zap zop\n|-supereffective|p1a: Zip Zap zop\n|-damage|p1a: Zip Zap zop|0 fnt\n|faint|p1a: Zip Zap zop\n|\n|upkeep\n|\n|t:|1697646072\n|switch|p1a: Molten|Moltres-Galar|100\/100\n|-damage|p1a: Molten|75\/100|[from] Stealth Rock\n|turn|4\n|\n|t:|1697646083\n|switch|p2a: Noivern|Noivern, F|100\/100\n|move|p1a: Molten|Defog|p2a: Noivern\n|-unboost|p2a: Noivern|evasion|1\n|-sideend|p1: Ivancuervo2007|Stealth Rock|[from] move: Defog|[of] p1a: Molten\n|\n|-heal|p1a: Molten|82\/100|[from] item: Leftovers\n|upkeep\n|turn|5\n|\n|t:|1697646097\n|move|p2a: Noivern|Flamethrower|p1a: Molten\n|-damage|p1a: Molten|61\/100\n|move|p1a: Molten|Fiery Wrath|p2a: Noivern\n|-damage|p2a: Noivern|47\/100\n|\n|-heal|p1a: Molten|67\/100|[from] item: Leftovers\n|upkeep\n|turn|6\n|\n|t:|1697646105\n|move|p2a: Noivern|Draco Meteor|p1a: Molten\n|-damage|p1a: Molten|23\/100\n|-unboost|p2a: Noivern|spa|2\n|-ability|p1a: Molten|Berserk|boost\n|-boost|p1a: Molten|spa|1\n|move|p1a: Molten|Fiery Wrath|p2a: Noivern\n|-damage|p2a: Noivern|0 fnt\n|faint|p2a: Noivern\n|\n|-heal|p1a: Molten|29\/100|[from] item: Leftovers\n|upkeep\n|\n|t:|1697646121\n|switch|p2a: Hydreigon|Hydreigon, M|100\/100\n|turn|7\n|\n|t:|1697646131\n|move|p2a: Hydreigon|Draco Meteor|p1a: Molten\n|-damage|p1a: Molten|0 fnt\n|-unboost|p2a: Hydreigon|spa|2\n|faint|p1a: Molten\n|\n|upkeep\n|\n|t:|1697646141\n|switch|p1a: jet|Dragapult, F|100\/100\n|turn|8\n|\n|t:|1697646146\n|move|p2a: Hydreigon|Draco Meteor|p1a: jet\n|-supereffective|p1a: jet\n|-damage|p1a: jet|15\/100\n|-unboost|p2a: Hydreigon|spa|2\n|move|p1a: jet|Dragon Darts|p2a: Hydreigon\n|-supereffective|p2a: Hydreigon\n|-damage|p2a: Hydreigon|24\/100\n|-anim|p1a: jet|Dragon Darts|p2a: Hydreigon\n|-supereffective|p2a: Hydreigon\n|-damage|p2a: Hydreigon|0 fnt\n|faint|p2a: Hydreigon\n|-damage|p1a: jet|5\/100|[from] item: Life Orb\n|\n|upkeep\n|\n|t:|1697646158\n|switch|p2a: Altaria|Altaria, F|100\/100\n|turn|9\n|\n|t:|1697646168\n|detailschange|p2a: Altaria|Altaria-Mega, F\n|-mega|p2a: Altaria|Altaria|Altarianite\n|move|p1a: jet|Steel Wing|p2a: Altaria\n|-supereffective|p2a: Altaria\n|-damage|p2a: Altaria|41\/100\n|-damage|p1a: jet|0 fnt|[from] item: Life Orb\n|faint|p1a: jet\n|move|p2a: Altaria|Earthquake|p1: jet|[notarget]\n|-fail|p2a: Altaria\n|\n|upkeep\n|\n|t:|1697646182\n|switch|p1a: Hades|Houndoom, M|100\/100\n|turn|10\n|\n|t:|1697646187\n|detailschange|p1a: Hades|Houndoom-Mega, M\n|-mega|p1a: Hades|Houndoom|Houndoominite\n|-ability|p1a: Hades|Dark Aura\n|move|p1a: Hades|Sludge Bomb|p2a: Altaria\n|-supereffective|p2a: Altaria\n|-damage|p2a: Altaria|0 fnt\n|faint|p2a: Altaria\n|\n|upkeep\n|\n|t:|1697646194\n|switch|p2a: Tyrantrum|Tyrantrum, F|100\/100\n|turn|11\n|\n|t:|1697646199\n|move|p1a: Hades|Fiery Wrath|p2a: Tyrantrum\n|-damage|p2a: Tyrantrum|0 fnt\n|faint|p2a: Tyrantrum\n|\n|upkeep\n|\n|t:|1697646204\n|switch|p2a: Dragapult|Dragapult, M|100\/100\n|turn|12\n|\n|t:|1697646210\n|move|p2a: Dragapult|Dragon Darts|p1a: Hades\n|-damage|p1a: Hades|63\/100\n|-anim|p2a: Dragapult|Dragon Darts|p1a: Hades\n|-damage|p1a: Hades|25\/100\n|move|p1a: Hades|Fiery Wrath|p2a: Dragapult\n|-supereffective|p2a: Dragapult\n|-damage|p2a: Dragapult|0 fnt\n|faint|p2a: Dragapult\n|\n|win|Ivancuervo2007\n","uploadtime":1697646220,"views":12,"p1id":"ivancuervo2007","p2id":"axelzzz09","formatid":"gen9ubers","rating":0,"private":0,"password":""}