{"id":"radicalred-gen9ubers-545561","p1":"rulithoo","p2":"DameMiNesquik","format":"[Gen 9] Ubers","log":"|j|\u2606rulithoo\n|j|\u2606DameMiNesquik\n|t:|1699817427\n|gametype|singles\n|player|p1|rulithoo|rr-gastrodon|\n|player|p2|DameMiNesquik|rr-qwilfish|\n|teamsize|p1|3\n|teamsize|p2|3\n|gen|9\n|tier|[Gen 9] Ubers\n|rule|Sleep Clause Mod: Limit one foe put to sleep\n|rule|Species Clause: Limit one of each Pok\u00e9mon\n|rule|OHKO Clause: OHKO moves are banned\n|rule|Evasion Abilities Clause: Evasion abilities are banned\n|rule|Evasion Items Clause: Evasion items are banned\n|rule|Evasion Moves Clause: Evasion moves are banned\n|rule|Endless Battle Clause: Forcing endless battles is banned\n|rule|HP Percentage Mod: HP is shown in percentages\n|rule|Dynamax Clause: You cannot dynamax\n|rule|Mega Rayquaza Clause: You cannot mega evolve Rayquaza\n|clearpoke\n|poke|p1|Furret, L28, M|\n|poke|p1|Sudowoodo, L28, M|\n|poke|p1|Granbull, L28, F|\n|poke|p2|Clefable, L28, F|\n|poke|p2|Diggersby, L28, F|\n|poke|p2|Dartrix, L28, M|\n|teampreview\n|j| Erizoh\n|\n|t:|1699817463\n|start\n|switch|p1a: Sereno|Furret, L28, M|100\/100\n|switch|p2a: Potaxie|Clefable, L28, F|100\/100\n|turn|1\n|\n|t:|1699817469\n|move|p1a: Sereno|Coil|p1a: Sereno\n|-boost|p1a: Sereno|atk|1\n|-boost|p1a: Sereno|def|1\n|-boost|p1a: Sereno|accuracy|1\n|move|p2a: Potaxie|Thunder Wave|p1a: Sereno\n|-status|p1a: Sereno|par\n|\n|upkeep\n|turn|2\n|\n|t:|1699817488\n|move|p2a: Potaxie|Encore|p1a: Sereno\n|-start|p1a: Sereno|Encore\n|move|p1a: Sereno|Coil|p1a: Sereno\n|-boost|p1a: Sereno|atk|1\n|-boost|p1a: Sereno|def|1\n|-boost|p1a: Sereno|accuracy|1\n|\n|upkeep\n|turn|3\n|\n|t:|1699817495\n|switch|p2a: Floppy|Diggersby, L28, F|100\/100\n|switch|p1a: Figueroa|Sudowoodo, L28, M|100\/100\n|\n|upkeep\n|turn|4\n|\n|t:|1699817510\n|move|p2a: Floppy|Agility|p2a: Floppy\n|-boost|p2a: Floppy|spe|2\n|move|p1a: Figueroa|Wood Hammer|p2a: Floppy\n|-supereffective|p2a: Floppy\n|-damage|p2a: Floppy|20\/100\n|\n|upkeep\n|turn|5\n|\n|t:|1699817529\n|move|p2a: Floppy|Hammer Arm|p1a: Figueroa\n|-supereffective|p1a: Figueroa\n|-damage|p1a: Figueroa|30\/100\n|-unboost|p2a: Floppy|spe|1\n|-enditem|p1a: Figueroa|Sitrus Berry|[eat]\n|-heal|p1a: Figueroa|55\/100|[from] item: Sitrus Berry\n|move|p1a: Figueroa|Wood Hammer|p2a: Floppy\n|-supereffective|p2a: Floppy\n|-damage|p2a: Floppy|0 fnt\n|faint|p2a: Floppy\n|\n|upkeep\n|\n|t:|1699817545\n|switch|p2a: Potaxie|Clefable, L28, F|100\/100\n|turn|6\n|\n|t:|1699817554\n|move|p2a: Potaxie|Metronome|p2a: Potaxie\n|move|p2a: Potaxie|Sonic Slash|p1a: Figueroa|[from]move: Metronome\n|-resisted|p1a: Figueroa\n|-damage|p1a: Figueroa|48\/100\n|move|p1a: Figueroa|Wood Hammer|p2a: Potaxie\n|-damage|p2a: Potaxie|62\/100\n|\n|upkeep\n|turn|7\n|j| Alexgpapmer\n|\n|t:|1699817565\n|move|p2a: Potaxie|Sing|p1a: Figueroa\n|-status|p1a: Figueroa|slp|[from] move: Sing\n|cant|p1a: Figueroa|slp\n|\n|upkeep\n|turn|8\n|\n|t:|1699817572\n|move|p2a: Potaxie|Metronome|p2a: Potaxie\n|move|p2a: Potaxie|Fury Swipes|p1a: Figueroa|[from]move: Metronome\n|-resisted|p1a: Figueroa\n|-damage|p1a: Figueroa|46\/100 slp\n|-resisted|p1a: Figueroa\n|-damage|p1a: Figueroa|44\/100 slp\n|-hitcount|p1a: Figueroa|2\n|cant|p1a: Figueroa|slp\n|\n|upkeep\n|turn|9\n|\n|t:|1699817581\n|move|p2a: Potaxie|Metronome|p2a: Potaxie\n|move|p2a: Potaxie|Perish Song|p2a: Potaxie|[from]move: Metronome\n|-start|p1a: Figueroa|perish3|[silent]\n|-start|p2a: Potaxie|perish3|[silent]\n|-fieldactivate|move: Perish Song\n|cant|p1a: Figueroa|slp\n|\n|-start|p2a: Potaxie|perish3\n|-start|p1a: Figueroa|perish3\n|upkeep\n|turn|10\n|\n|t:|1699817590\n|move|p2a: Potaxie|Metronome|p2a: Potaxie\n|move|p2a: Potaxie|Shore Up|p2a: Potaxie|[from]move: Metronome\n|-heal|p2a: Potaxie|100\/100\n|-curestatus|p1a: Figueroa|slp|[msg]\n|move|p1a: Figueroa|Rock Tomb|p2a: Potaxie\n|-damage|p2a: Potaxie|70\/100\n|-unboost|p2a: Potaxie|spe|1\n|\n|-start|p2a: Potaxie|perish2\n|-start|p1a: Figueroa|perish2\n|upkeep\n|turn|11\n|l| Alexgpapmer\n|\n|t:|1699817604\n|switch|p1a: Zeze|Granbull, L28, F|100\/100\n|-ability|p1a: Zeze|Intimidate|boost\n|-unboost|p2a: Potaxie|atk|1\n|move|p2a: Potaxie|Metronome|p2a: Potaxie\n|move|p2a: Potaxie|Bounce||[from]move: Metronome|[still]\n|-prepare|p2a: Potaxie|Bounce\n|\n|-start|p2a: Potaxie|perish1\n|upkeep\n|turn|12\n|\n|t:|1699817639\n|switch|p1a: Figueroa|Sudowoodo, L28, M|44\/100\n|move|p2a: Potaxie|Bounce|p1a: Figueroa|[from]lockedmove\n|-resisted|p1a: Figueroa\n|-damage|p1a: Figueroa|40\/100\n|\n|-start|p2a: Potaxie|perish0\n|upkeep\n|faint|p2a: Potaxie\n|\n|t:|1699817648\n|switch|p2a: Ensalado|Dartrix, L28, M|100\/100\n|turn|13\n|\n|t:|1699817655\n|move|p2a: Ensalado|Ominous Wind|p1a: Figueroa\n|-damage|p1a: Figueroa|22\/100\n|move|p1a: Figueroa|Rock Tomb|p2a: Ensalado\n|-supereffective|p2a: Ensalado\n|-damage|p2a: Ensalado|32\/100\n|-unboost|p2a: Ensalado|spe|1\n|-enditem|p2a: Ensalado|Oran Berry|[eat]\n|-heal|p2a: Ensalado|43\/100|[from] item: Oran Berry\n|\n|upkeep\n|turn|14\n|\n|t:|1699817667\n|move|p1a: Figueroa|Rock Tomb|p2a: Ensalado\n|-supereffective|p2a: Ensalado\n|-damage|p2a: Ensalado|0 fnt\n|faint|p2a: Ensalado\n|\n|win|rulithoo\n|l|\u2606rulithoo\n|l| Erizoh\n|l|\u2606DameMiNesquik\n","uploadtime":1699818548,"views":15,"p1id":"rulithoo","p2id":"dameminesquik","formatid":"gen9ubers","rating":0,"private":0,"password":""}