{"id":"radicalred-gen9ubers-536746","p1":"Mr.itch","p2":"Astral Spectrier","format":"[Gen 9] Ubers","log":"|j|\u2606Mr.itch\n|j|\u2606Astral Spectrier\n|t:|1698170073\n|gametype|singles\n|player|p1|Mr.itch|rr-torkoal|\n|player|p2|Astral Spectrier|rr-houndoommega|\n|teamsize|p1|6\n|teamsize|p2|6\n|gen|9\n|tier|[Gen 9] Ubers\n|rule|Sleep Clause Mod: Limit one foe put to sleep\n|rule|Species Clause: Limit one of each Pok\u00e9mon\n|rule|OHKO Clause: OHKO moves are banned\n|rule|Evasion Abilities Clause: Evasion abilities are banned\n|rule|Evasion Items Clause: Evasion items are banned\n|rule|Evasion Moves Clause: Evasion moves are banned\n|rule|Endless Battle Clause: Forcing endless battles is banned\n|rule|HP Percentage Mod: HP is shown in percentages\n|rule|Dynamax Clause: You cannot dynamax\n|rule|Mega Rayquaza Clause: You cannot mega evolve Rayquaza\n|clearpoke\n|poke|p1|Zacian-*|\n|poke|p1|Rayquaza|\n|poke|p1|Marshadow|\n|poke|p1|Dondozo, F|\n|poke|p1|Kommo-o, M|\n|poke|p1|Mewtwo|\n|poke|p2|Moltres|\n|poke|p2|Great Tusk|\n|poke|p2|Gholdengo|\n|poke|p2|Weavile, M|\n|poke|p2|Ting-Lu|\n|poke|p2|Azumarill, M|\n|teampreview\n|c|\u2606Mr.itch|Glhf\n|j| mixolx\n|c|\u2606Mr.itch|After this ill use my old gym team so its fair\n|\n|t:|1698170099\n|start\n|switch|p1a: Kommo-o|Kommo-o, M|100\/100\n|switch|p2a: worth a steal|Gholdengo|100\/100\n|turn|1\n|\n|t:|1698170106\n|switch|p2a: hop|Azumarill, M|100\/100\n|-zpower|p1a: Kommo-o\n|move|p1a: Kommo-o|Clangorous Soulblaze|p2a: hop|[zeffect]\n|-immune|p2a: hop\n|\n|upkeep\n|turn|2\n|c| mixolx|This is a team for an E4 run \n|c|\u2606Mr.itch|No\n|\n|t:|1698170116\n|move|p1a: Kommo-o|Flash Cannon|p2a: hop\n|-damage|p2a: hop|84\/100\n|move|p2a: hop|Play Rough|p1a: Kommo-o\n|-supereffective|p1a: Kommo-o\n|-damage|p1a: Kommo-o|0 fnt\n|faint|p1a: Kommo-o\n|\n|upkeep\n|c|\u2606Mr.itch|We nust messing around\n|\n|t:|1698170128\n|switch|p1a: Mewtwo|Mewtwo|100\/100\n|-ability|p1a: Mewtwo|Pressure\n|turn|3\n|\n|t:|1698170132\n|switch|p2a: hatred|Ting-Lu|100\/100\n|-ability|p2a: hatred|Vessel of Ruin\n|detailschange|p1a: Mewtwo|Mewtwo-Mega-Y\n|-mega|p1a: Mewtwo|Mewtwo|Mewtwonite Y\n|move|p1a: Mewtwo|Thunderbolt|p2a: hatred\n|-immune|p2a: hatred\n|\n|upkeep\n|turn|4\n|\n|t:|1698170138\n|switch|p1a: Dondozo|Dondozo, F|100\/100\n|move|p2a: hatred|Throat Chop|p1a: Dondozo\n|-damage|p1a: Dondozo|87\/100\n|-start|p1a: Dondozo|Throat Chop|[silent]\n|\n|-heal|p1a: Dondozo|93\/100|[from] item: Leftovers\n|upkeep\n|turn|5\n|j| Mr cyphon\n|c|\u2606Mr.itch|Dang it mix\n|c|\u2606Mr.itch|Im scard to predict cuz of u\n|c|\u2606Mr.itch|All those battles where u keep doing the obv thing\n|\n|t:|1698170173\n|switch|p2a: worth a steal|Gholdengo|100\/100\n|switch|p1a: Marshadow|Marshadow|100\/100\n|\n|upkeep\n|turn|6\n|\n|t:|1698170181\n|move|p1a: Marshadow|Knock Off|p2a: worth a steal\n|-supereffective|p2a: worth a steal\n|-crit|p2a: worth a steal\n|-damage|p2a: worth a steal|38\/100\n|-enditem|p2a: worth a steal|Covert Cloak|[from] move: Knock Off|[of] p1a: Marshadow\n|move|p2a: worth a steal|Thunder Wave|p1a: Marshadow|[miss]\n|-miss|p2a: worth a steal|p1a: Marshadow\n|\n|upkeep\n|turn|7\n|\n|t:|1698170188\n|switch|p2a: fire bird|Moltres|100\/100\n|move|p1a: Marshadow|Spectral Thief|p2a: fire bird\n|-damage|p2a: fire bird|70\/100\n|\n|upkeep\n|turn|8\n|\n|t:|1698170195\n|switch|p1a: Dondozo|Dondozo, F|93\/100\n|move|p2a: fire bird|Will-O-Wisp|p1a: Dondozo\n|-status|p1a: Dondozo|brn\n|\n|-heal|p1a: Dondozo|99\/100 brn|[from] item: Leftovers\n|-damage|p1a: Dondozo|93\/100 brn|[from] brn\n|upkeep\n|turn|9\n|\n|t:|1698170201\n|switch|p2a: worth a steal|Gholdengo|38\/100\n|move|p1a: Dondozo|Liquidation|p2a: worth a steal\n|-damage|p2a: worth a steal|28\/100\n|-unboost|p2a: worth a steal|def|1\n|\n|-heal|p1a: Dondozo|99\/100 brn|[from] item: Leftovers\n|-damage|p1a: Dondozo|93\/100 brn|[from] brn\n|upkeep\n|turn|10\n|\n|t:|1698170204\n|move|p2a: worth a steal|Recover|p2a: worth a steal\n|-heal|p2a: worth a steal|78\/100\n|move|p1a: Dondozo|Liquidation|p2a: worth a steal\n|-damage|p2a: worth a steal|68\/100\n|\n|-heal|p1a: Dondozo|99\/100 brn|[from] item: Leftovers\n|-damage|p1a: Dondozo|93\/100 brn|[from] brn\n|upkeep\n|turn|11\n|c| mixolx|I know how to mess people\n|\n|t:|1698170207\n|move|p2a: worth a steal|Hex|p1a: Dondozo\n|-damage|p1a: Dondozo|37\/100 brn\n|move|p1a: Dondozo|Liquidation|p2a: worth a steal\n|-damage|p2a: worth a steal|59\/100\n|\n|-heal|p1a: Dondozo|43\/100 brn|[from] item: Leftovers\n|-damage|p1a: Dondozo|37\/100 brn|[from] brn\n|upkeep\n|turn|12\n|\n|t:|1698170215\n|switch|p1a: Zacian|Zacian-Crowned|100\/100\n|-ability|p1a: Zacian|Intrepid Sword|boost\n|-boost|p1a: Zacian|atk|1\n|move|p2a: worth a steal|Thunder Wave|p1a: Zacian\n|-status|p1a: Zacian|par\n|\n|upkeep\n|turn|13\n|c|\u2606Mr.itch|This guy is good\n|\n|t:|1698170227\n|switch|p2a: fire bird|Moltres|70\/100\n|cant|p1a: Zacian|par\n|\n|upkeep\n|turn|14\n|\n|t:|1698170231\n|switch|p1a: Dondozo|Dondozo, F|37\/100 brn\n|move|p2a: fire bird|Flamethrower|p1a: Dondozo\n|-resisted|p1a: Dondozo\n|-damage|p1a: Dondozo|17\/100 brn\n|\n|-heal|p1a: Dondozo|23\/100 brn|[from] item: Leftovers\n|-damage|p1a: Dondozo|17\/100 brn|[from] brn\n|upkeep\n|turn|15\n|\n|t:|1698170234\n|move|p2a: fire bird|Flamethrower|p1a: Dondozo\n|-resisted|p1a: Dondozo\n|-damage|p1a: Dondozo|0 fnt\n|faint|p1a: Dondozo\n|\n|upkeep\n|\n|t:|1698170237\n|switch|p1a: Mewtwo|Mewtwo-Mega-Y|100\/100\n|turn|16\n|\n|t:|1698170241\n|switch|p2a: hatred|Ting-Lu|100\/100\n|-ability|p2a: hatred|Vessel of Ruin\n|move|p1a: Mewtwo|Thunderbolt|p2a: hatred\n|-immune|p2a: hatred\n|\n|upkeep\n|turn|17\n|\n|t:|1698170248\n|move|p1a: Mewtwo|Aura Sphere|p2a: hatred\n|-supereffective|p2a: hatred\n|-damage|p2a: hatred|69\/100\n|move|p2a: hatred|Toxic|p1a: Mewtwo\n|-status|p1a: Mewtwo|tox\n|\n|-heal|p2a: hatred|76\/100|[from] item: Leftovers\n|-damage|p1a: Mewtwo|94\/100 tox|[from] psn\n|upkeep\n|turn|18\n|c| mixolx|I know that's why he is voiced\n|\n|t:|1698170253\n|switch|p1a: Zacian|Zacian-Crowned|100\/100 par\n|-ability|p1a: Zacian|Intrepid Sword|boost\n|-boost|p1a: Zacian|atk|1\n|move|p2a: hatred|Throat Chop|p1a: Zacian\n|-resisted|p1a: Zacian\n|-damage|p1a: Zacian|87\/100 par\n|-start|p1a: Zacian|Throat Chop|[silent]\n|\n|-heal|p2a: hatred|82\/100|[from] item: Leftovers\n|upkeep\n|turn|19\n|\n|t:|1698170259\n|switch|p2a: fire bird|Moltres|70\/100\n|move|p1a: Zacian|Play Rough|p2a: fire bird\n|-resisted|p2a: fire bird\n|-damage|p2a: fire bird|43\/100\n|\n|-end|p1a: Zacian|Throat Chop|[silent]\n|upkeep\n|turn|20\n|c|\u2606Mr.itch|What dose voice mean\n|\n|t:|1698170267\n|switch|p1a: Rayquaza|Rayquaza|100\/100\n|-ability|p1a: Rayquaza|Air Lock\n|move|p2a: fire bird|Roost|p2a: fire bird\n|-heal|p2a: fire bird|93\/100\n|-singleturn|p2a: fire bird|move: Roost\n|\n|upkeep\n|turn|21\n|c| Mr cyphon|becuase he got that mongolian deep throat voice\n|c|\u2606Astral Spectrier|trusted user\n|\n|t:|1698170271\n|move|p1a: Rayquaza|Dragon Ascent|p2a: fire bird\n|-damage|p2a: fire bird|36\/100\n|-unboost|p1a: Rayquaza|def|1\n|-unboost|p1a: Rayquaza|spd|1\n|-damage|p1a: Rayquaza|91\/100|[from] item: Life Orb\n|move|p2a: fire bird|Will-O-Wisp|p1a: Rayquaza\n|-status|p1a: Rayquaza|brn\n|\n|-damage|p1a: Rayquaza|85\/100 brn|[from] brn\n|upkeep\n|turn|22\n|\n|t:|1698170274\n|move|p1a: Rayquaza|Dragon Dance|p1a: Rayquaza\n|-boost|p1a: Rayquaza|atk|1\n|-boost|p1a: Rayquaza|spe|1\n|move|p2a: fire bird|Roost|p2a: fire bird\n|-heal|p2a: fire bird|86\/100\n|-singleturn|p2a: fire bird|move: Roost\n|\n|-damage|p1a: Rayquaza|79\/100 brn|[from] brn\n|upkeep\n|turn|23\n|c| mixolx|I know it has nothing to do with it i think\n|c|\u2606Mr.itch|Oh ok\n|\n|t:|1698170286\n|switch|p2a: worth a steal|Gholdengo|59\/100\n|move|p1a: Rayquaza|Dragon Dance|p1a: Rayquaza\n|-boost|p1a: Rayquaza|atk|1\n|-boost|p1a: Rayquaza|spe|1\n|\n|-damage|p1a: Rayquaza|73\/100 brn|[from] brn\n|upkeep\n|turn|24\n|\n|t:|1698170290\n|move|p1a: Rayquaza|Earthquake|p2a: worth a steal\n|-supereffective|p2a: worth a steal\n|-crit|p2a: worth a steal\n|-damage|p2a: worth a steal|0 fnt\n|faint|p2a: worth a steal\n|-damage|p1a: Rayquaza|63\/100 brn|[from] item: Life Orb\n|\n|-damage|p1a: Rayquaza|57\/100 brn|[from] brn\n|upkeep\n|\n|t:|1698170292\n|switch|p2a: bonk|Weavile, M|100\/100\n|turn|25\n|\n|t:|1698170298\n|move|p1a: Rayquaza|Extreme Speed|p2a: bonk\n|-damage|p2a: bonk|27\/100\n|-damage|p1a: Rayquaza|47\/100 brn|[from] item: Life Orb\n|move|p2a: bonk|Ice Shard|p1a: Rayquaza\n|-supereffective|p1a: Rayquaza\n|-damage|p1a: Rayquaza|0 fnt\n|faint|p1a: Rayquaza\n|\n|upkeep\n|\n|t:|1698170306\n|switch|p1a: Zacian|Zacian-Crowned|87\/100 par\n|-ability|p1a: Zacian|Intrepid Sword|boost\n|-boost|p1a: Zacian|atk|1\n|turn|26\n|\n|t:|1698170318\n|switch|p1a: Mewtwo|Mewtwo-Mega-Y|94\/100 tox\n|move|p2a: bonk|Ice Shard|p1a: Mewtwo\n|-damage|p1a: Mewtwo|50\/100 tox\n|\n|-damage|p1a: Mewtwo|44\/100 tox|[from] psn\n|upkeep\n|turn|27\n|c|\u2606Mr.itch|Dang im getting my ass kicked\n|l| Mr cyphon\n|c| mixolx|Yeah\n|c|\u2606Astral Spectrier|mb\n|\n|t:|1698170399\n|move|p2a: bonk|Ice Shard|p1a: Mewtwo\n|-damage|p1a: Mewtwo|3\/100 tox\n|move|p1a: Mewtwo|Aura Sphere|p2a: bonk\n|-supereffective|p2a: bonk\n|-damage|p2a: bonk|0 fnt\n|faint|p2a: bonk\n|\n|-damage|p1a: Mewtwo|0 fnt|[from] psn\n|faint|p1a: Mewtwo\n|upkeep\n|\n|t:|1698170417\n|switch|p1a: Marshadow|Marshadow|100\/100\n|switch|p2a: fire bird|Moltres|86\/100\n|turn|28\n|\n|t:|1698170422\n|switch|p1a: Zacian|Zacian-Crowned|87\/100 par\n|-ability|p1a: Zacian|Intrepid Sword|boost\n|-boost|p1a: Zacian|atk|1\n|move|p2a: fire bird|Will-O-Wisp||[still]\n|-fail|p2a: fire bird\n|\n|upkeep\n|turn|29\n|\n|t:|1698170428\n|move|p1a: Zacian|Swords Dance|p1a: Zacian\n|-boost|p1a: Zacian|atk|2\n|move|p2a: fire bird|Flamethrower|p1a: Zacian\n|-supereffective|p1a: Zacian\n|-damage|p1a: Zacian|13\/100 par\n|\n|upkeep\n|turn|30\n|c| mixolx|Who did better me or itch Astra when we battled you\n|c|\u2606Mr.itch|Dang i really need to work on my team\n|\n|t:|1698170447\n|switch|p2a: hatred|Ting-Lu|82\/100\n|-ability|p2a: hatred|Vessel of Ruin\n|move|p1a: Zacian|Behemoth Blade|p2a: hatred\n|-damage|p2a: hatred|8\/100\n|\n|-heal|p2a: hatred|15\/100|[from] item: Leftovers\n|upkeep\n|turn|31\n|\n|t:|1698170454\n|move|p1a: Zacian|Play Rough|p2a: hatred\n|-supereffective|p2a: hatred\n|-damage|p2a: hatred|0 fnt\n|faint|p2a: hatred\n|\n|upkeep\n|\n|t:|1698170458\n|switch|p2a: hop|Azumarill, M|84\/100\n|turn|32\n|\n|t:|1698170464\n|move|p2a: hop|Aqua Jet|p1a: Zacian\n|-damage|p1a: Zacian|0 fnt\n|faint|p1a: Zacian\n|\n|upkeep\n|\n|t:|1698170466\n|switch|p1a: Marshadow|Marshadow|100\/100\n|turn|33\n|\n|t:|1698170468\n|move|p1a: Marshadow|Spectral Thief|p2a: hop\n|-damage|p2a: hop|33\/100\n|move|p2a: hop|Play Rough|p1a: Marshadow\n|-supereffective|p1a: Marshadow\n|-enditem|p1a: Marshadow|Focus Sash\n|-damage|p1a: Marshadow|1\/100\n|\n|upkeep\n|turn|34\n|c|\u2606Astral Spectrier|ggwp\n|\n|t:|1698170473\n|move|p1a: Marshadow|Shadow Sneak|p2a: hop\n|-damage|p2a: hop|1\/100\n|move|p2a: hop|Aqua Jet|p1a: Marshadow\n|-damage|p1a: Marshadow|0 fnt\n|faint|p1a: Marshadow\n|\n|win|Astral Spectrier\n|c|\u2606Mr.itch|Gg\n|c|\u2606Mr.itch|Crap\n|c| mixolx|Answer me please don't\n|l|\u2606Mr.itch\n|c| mixolx|Astral\n|l|\u2606Astral Spectrier\n|l| mixolx\n","uploadtime":1698170571,"views":21,"p1id":"mritch","p2id":"astralspectrier","formatid":"gen9ubers","rating":0,"private":0,"password":""}