{"id":"radicalred-gen9ubers-551127","p1":"Monkemaniac323","p2":"blurngr","format":"[Gen 9] Ubers","log":"|j|\u2606Monkemaniac323\n|j|\u2606blurngr\n|t:|1701013628\n|gametype|singles\n|player|p1|Monkemaniac323|rr-zygarde|\n|player|p2|blurngr|2|\n|teamsize|p1|6\n|teamsize|p2|6\n|gen|9\n|tier|[Gen 9] Ubers\n|rule|Sleep Clause Mod: Limit one foe put to sleep\n|rule|Species Clause: Limit one of each Pok\u00e9mon\n|rule|OHKO Clause: OHKO moves are banned\n|rule|Evasion Abilities Clause: Evasion abilities are banned\n|rule|Evasion Items Clause: Evasion items are banned\n|rule|Evasion Moves Clause: Evasion moves are banned\n|rule|Endless Battle Clause: Forcing endless battles is banned\n|rule|HP Percentage Mod: HP is shown in percentages\n|rule|Dynamax Clause: You cannot dynamax\n|rule|Mega Rayquaza Clause: You cannot mega evolve Rayquaza\n|clearpoke\n|poke|p1|Chandelure, M|\n|poke|p1|Melmetal|\n|poke|p1|Gallade, M|\n|poke|p1|Vaporeon, F|\n|poke|p1|Milotic-Sevii, M|\n|poke|p1|Dragonite, F|\n|poke|p2|Delphox, M|\n|poke|p2|Krookodile, F|\n|poke|p2|Florges, F|\n|poke|p2|Kingler, M|\n|poke|p2|Tornadus-Therian, M|\n|poke|p2|Zebstrika-Sevii, F|\n|teampreview\n|c|\u2606Monkemaniac323|Glhf\n|c|\u2606blurngr|u2\n|\n|t:|1701013664\n|start\n|switch|p1a: Gallade|Gallade, M|100\/100\n|switch|p2a: Tornadus|Tornadus-Therian, M|100\/100\n|turn|1\n|\n|t:|1701013676\n|switch|p1a: Milotic|Milotic-Sevii, M|100\/100\n|move|p2a: Tornadus|U-turn|p1a: Milotic\n|-resisted|p1a: Milotic\n|-damage|p1a: Milotic|94\/100\n|c|\u2606Monkemaniac323|Could you post link\n|\n|t:|1701013691\n|switch|p2a: Florges|Florges, F|100\/100|[from] U-turn\n|\n|upkeep\n|turn|2\n|\n|t:|1701013716\n|switch|p2a: Delphox|Delphox, M|100\/100\n|move|p1a: Milotic|Flip Turn|p2a: Delphox\n|-supereffective|p2a: Delphox\n|-crit|p2a: Delphox\n|-damage|p2a: Delphox|58\/100\n|\n|t:|1701013733\n|switch|p1a: Chandelure|Chandelure, M|100\/100|[from] Flip Turn\n|\n|upkeep\n|turn|3\n|\n|t:|1701013745\n|move|p1a: Chandelure|Shadow Ball|p2a: Delphox\n|-supereffective|p2a: Delphox\n|-damage|p2a: Delphox|0 fnt\n|faint|p2a: Delphox\n|\n|upkeep\n|\n|t:|1701013750\n|switch|p2a: Krookodile|Krookodile, F|100\/100\n|-ability|p2a: Krookodile|Intimidate|boost\n|-unboost|p1a: Chandelure|atk|1\n|turn|4\n|\n|t:|1701013790\n|-activate|p1a: Chandelure|move: Pursuit\n|move|p2a: Krookodile|Pursuit|p1a: Chandelure|[from]Pursuit\n|-supereffective|p1a: Chandelure\n|-damage|p1a: Chandelure|0 fnt\n|faint|p1a: Chandelure\n|-hint|A Pokemon can't switch between when it runs out of HP and when it faints\n|\n|upkeep\n|l|\u2606Monkemaniac323\n|player|p1|\n|c|\u2606blurngr|being trapped isnt fun is it\n|j|\u2606Monkemaniac323\n|player|p1|Monkemaniac323|rr-zygarde\n|c|\u2606Monkemaniac323|Real\n|\n|t:|1701013836\n|switch|p1a: Gallade|Gallade, M|100\/100\n|turn|5\n|\n|t:|1701013841\n|switch|p2a: Tornadus|Tornadus-Therian, M|100\/100\n|detailschange|p1a: Gallade|Gallade-Mega, M\n|-mega|p1a: Gallade|Gallade|Galladite\n|move|p1a: Gallade|Triple Axel|p2a: Tornadus\n|-supereffective|p2a: Tornadus\n|-damage|p2a: Tornadus|82\/100\n|-damage|p1a: Gallade|84\/100|[from] item: Rocky Helmet|[of] p2a: Tornadus\n|-hitcount|p2a: Tornadus|1\n|\n|upkeep\n|turn|6\n|c|\u2606Monkemaniac323|I will take thst trade\n|c|\u2606Monkemaniac323|Seriously\n|c|\u2606Monkemaniac323|1 hit\n|\n|t:|1701013870\n|switch|p1a: Milotic|Milotic-Sevii, M|94\/100\n|move|p2a: Tornadus|Bleakwind Storm|p1a: Milotic\n|-damage|p1a: Milotic|80\/100\n|\n|upkeep\n|turn|7\n|\n|t:|1701013886\n|move|p2a: Tornadus|U-turn|p1a: Milotic\n|-resisted|p1a: Milotic\n|-damage|p1a: Milotic|72\/100\n|\n|t:|1701013891\n|switch|p2a: Florges|Florges, F|100\/100|[from] U-turn\n|move|p1a: Milotic|Scald|p2a: Florges\n|-damage|p2a: Florges|90\/100\n|\n|-heal|p2a: Florges|96\/100|[from] item: Leftovers\n|upkeep\n|turn|8\n|\n|t:|1701013902\n|move|p2a: Florges|Wish|p2a: Florges\n|move|p1a: Milotic|Flip Turn|p2a: Florges\n|-damage|p2a: Florges|84\/100\n|\n|t:|1701013905\n|switch|p1a: Melmetal|Melmetal|100\/100|[from] Flip Turn\n|\n|-heal|p2a: Florges|90\/100|[from] item: Leftovers\n|upkeep\n|turn|9\n|\n|t:|1701013914\n|switch|p2a: Kingler|Kingler, M|100\/100\n|move|p1a: Melmetal|Double Iron Bash|p2a: Kingler\n|-resisted|p2a: Kingler\n|-damage|p2a: Kingler|55\/100\n|-resisted|p2a: Kingler\n|-damage|p2a: Kingler|14\/100\n|-hitcount|p2a: Kingler|2\n|\n|-heal|p2a: Kingler|86\/100|[from] move: Wish|[wisher] Florges\n|upkeep\n|turn|10\n|\n|t:|1701013921\n|detailschange|p2a: Kingler|Kingler-Mega, M\n|-mega|p2a: Kingler|Kingler|Kinglerite\n|move|p2a: Kingler|Knock Off|p1a: Melmetal\n|-damage|p1a: Melmetal|75\/100\n|-enditem|p1a: Melmetal|Choice Band|[from] move: Knock Off|[of] p2a: Kingler\n|move|p1a: Melmetal|Double Iron Bash|p2a: Kingler\n|-resisted|p2a: Kingler\n|-damage|p2a: Kingler|72\/100\n|-resisted|p2a: Kingler\n|-damage|p2a: Kingler|60\/100\n|-hitcount|p2a: Kingler|2\n|\n|upkeep\n|turn|11\n|j| Xopas\n|\n|t:|1701013936\n|move|p2a: Kingler|Crabhammer|p1a: Melmetal\n|-damage|p1a: Melmetal|33\/100\n|move|p1a: Melmetal|Thunder Punch|p2a: Kingler\n|-supereffective|p2a: Kingler\n|-damage|p2a: Kingler|0 fnt\n|faint|p2a: Kingler\n|\n|upkeep\n|\n|t:|1701013941\n|switch|p2a: Krookodile|Krookodile, F|100\/100\n|-ability|p2a: Krookodile|Intimidate|boost\n|-unboost|p1a: Melmetal|atk|1\n|turn|12\n|\n|t:|1701013958\n|switch|p1a: Dragonite|Dragonite, F|100\/100\n|move|p2a: Krookodile|Wicked Blow|p1a: Dragonite\n|-crit|p1a: Dragonite\n|-damage|p1a: Dragonite|80\/100\n|\n|upkeep\n|turn|13\n|\n|t:|1701013967\n|switch|p2a: Florges|Florges, F|90\/100\n|move|p1a: Dragonite|Roost|p1a: Dragonite\n|-heal|p1a: Dragonite|100\/100\n|-singleturn|p1a: Dragonite|move: Roost\n|\n|-heal|p2a: Florges|97\/100|[from] item: Leftovers\n|upkeep\n|turn|14\n|\n|t:|1701013978\n|switch|p1a: Melmetal|Melmetal|33\/100\n|move|p2a: Florges|Moonblast|p1a: Melmetal\n|-resisted|p1a: Melmetal\n|-damage|p1a: Melmetal|15\/100\n|-unboost|p1a: Melmetal|spa|1\n|\n|-heal|p2a: Florges|100\/100|[from] item: Leftovers\n|upkeep\n|turn|15\n|\n|t:|1701013989\n|move|p2a: Florges|Moonblast|p1a: Melmetal\n|-resisted|p1a: Melmetal\n|-damage|p1a: Melmetal|0 fnt\n|faint|p1a: Melmetal\n|\n|upkeep\n|\n|t:|1701013994\n|switch|p1a: Gallade|Gallade-Mega, M|84\/100\n|turn|16\n|\n|t:|1701014001\n|move|p1a: Gallade|Psycho Cut|p2a: Florges\n|-crit|p2a: Florges\n|-damage|p2a: Florges|0 fnt\n|faint|p2a: Florges\n|\n|upkeep\n|c|\u2606Monkemaniac323|Uh\n|\n|t:|1701014007\n|switch|p2a: Tornadus|Tornadus-Therian, M|100\/100\n|turn|17\n|c|\u2606Monkemaniac323|Well\n|\n|t:|1701014030\n|switch|p1a: Dragonite|Dragonite, F|100\/100\n|move|p2a: Tornadus|Bleakwind Storm|p1a: Dragonite\n|-damage|p1a: Dragonite|85\/100\n|\n|upkeep\n|turn|18\n|\n|t:|1701014052\n|move|p2a: Tornadus|U-turn|p1a: Dragonite\n|-resisted|p1a: Dragonite\n|-damage|p1a: Dragonite|80\/100\n|\n|t:|1701014054\n|switch|p2a: Zebstrika|Zebstrika-Sevii, F|100\/100|[from] U-turn\n|move|p1a: Dragonite|Draco Barrage|p2a: Zebstrika\n|-damage|p2a: Zebstrika|29\/100\n|-damage|p1a: Dragonite|61\/100|[from] Recoil\n|\n|upkeep\n|turn|19\n|\n|t:|1701014066\n|switch|p1a: Milotic|Milotic-Sevii, M|72\/100\n|move|p2a: Zebstrika|Volt Switch|p1a: Milotic\n|-immune|p1a: Milotic\n|\n|upkeep\n|turn|20\n|\n|t:|1701014076\n|move|p2a: Zebstrika|Ice Beam|p1a: Milotic\n|-supereffective|p1a: Milotic\n|-damage|p1a: Milotic|41\/100\n|move|p1a: Milotic|Moonblast|p2a: Zebstrika\n|-damage|p2a: Zebstrika|0 fnt\n|faint|p2a: Zebstrika\n|\n|upkeep\n|\n|t:|1701014083\n|switch|p2a: Krookodile|Krookodile, F|100\/100\n|-ability|p2a: Krookodile|Intimidate|boost\n|-unboost|p1a: Milotic|atk|1\n|turn|21\n|\n|t:|1701014093\n|move|p2a: Krookodile|Earthquake|p1a: Milotic\n|-damage|p1a: Milotic|0 fnt\n|faint|p1a: Milotic\n|\n|upkeep\n|\n|t:|1701014096\n|switch|p1a: Gallade|Gallade-Mega, M|84\/100\n|turn|22\n|\n|t:|1701014106\n|move|p2a: Krookodile|Earthquake|p1a: Gallade\n|-damage|p1a: Gallade|9\/100\n|move|p1a: Gallade|Triple Axel|p2a: Krookodile\n|-supereffective|p2a: Krookodile\n|-damage|p2a: Krookodile|79\/100\n|-supereffective|p2a: Krookodile\n|-damage|p2a: Krookodile|35\/100\n|-supereffective|p2a: Krookodile\n|-damage|p2a: Krookodile|0 fnt\n|faint|p2a: Krookodile\n|-hitcount|p2: Krookodile|3\n|\n|upkeep\n|\n|t:|1701014110\n|switch|p2a: Tornadus|Tornadus-Therian, M|100\/100\n|turn|23\n|\n|t:|1701014116\n|move|p1a: Gallade|Psycho Cut|p2a: Tornadus\n|-damage|p2a: Tornadus|35\/100\n|move|p2a: Tornadus|Knock Off|p1a: Gallade\n|-damage|p1a: Gallade|0 fnt\n|faint|p1a: Gallade\n|\n|upkeep\n|\n|t:|1701014123\n|switch|p1a: Dragonite|Dragonite, F|61\/100\n|turn|24\n|\n|t:|1701014132\n|move|p2a: Tornadus|Bleakwind Storm|p1a: Dragonite\n|-damage|p1a: Dragonite|28\/100\n|move|p1a: Dragonite|Roost|p1a: Dragonite\n|-heal|p1a: Dragonite|78\/100\n|-singleturn|p1a: Dragonite|move: Roost\n|\n|upkeep\n|turn|25\n|\n|t:|1701014138\n|move|p2a: Tornadus|Knock Off|p1a: Dragonite\n|-damage|p1a: Dragonite|64\/100\n|-enditem|p1a: Dragonite|Heavy-Duty Boots|[from] move: Knock Off|[of] p2a: Tornadus\n|move|p1a: Dragonite|Draco Barrage|p2a: Tornadus\n|-damage|p2a: Tornadus|0 fnt\n|faint|p2a: Tornadus\n|-damage|p1a: Dragonite|53\/100|[from] Recoil\n|\n|win|Monkemaniac323\n|c|\u2606blurngr|gg\n|c|\u2606Monkemaniac323|Gg\n","uploadtime":1701014144,"views":31,"p1id":"monkemaniac323","p2id":"blurngr","formatid":"gen9ubers","rating":0,"private":0,"password":""}