{"id":"radicalred-gen9ubers-548156","p1":"alexisarbolero","p2":"anderproyt","format":"[Gen 9] Ubers","log":"|j|\u2606alexisarbolero\n|j|\u2606anderproyt\n|t:|1700268936\n|gametype|singles\n|player|p1|alexisarbolero|rr-espeon|\n|player|p2|anderproyt|rr-tyranitar|\n|teamsize|p1|6\n|teamsize|p2|6\n|gen|9\n|tier|[Gen 9] Ubers\n|rule|Sleep Clause Mod: Limit one foe put to sleep\n|rule|Species Clause: Limit one of each Pok\u00e9mon\n|rule|OHKO Clause: OHKO moves are banned\n|rule|Evasion Abilities Clause: Evasion abilities are banned\n|rule|Evasion Items Clause: Evasion items are banned\n|rule|Evasion Moves Clause: Evasion moves are banned\n|rule|Endless Battle Clause: Forcing endless battles is banned\n|rule|HP Percentage Mod: HP is shown in percentages\n|rule|Dynamax Clause: You cannot dynamax\n|rule|Mega Rayquaza Clause: You cannot mega evolve Rayquaza\n|clearpoke\n|poke|p1|Slowbro, F|\n|poke|p1|Espathra, F|\n|poke|p1|Bronzong|\n|poke|p1|Greninja-*, M|\n|poke|p1|Toxapex, M|\n|poke|p1|Gardevoir, F|\n|poke|p2|Ninetales-Alola, M|\n|poke|p2|Zoroark-Hisui, M|\n|poke|p2|Lopunny, F|\n|poke|p2|Indeedee-F, F|\n|poke|p2|Azumarill, M|\n|poke|p2|Ribombee, M|\n|teampreview\n|c|\u2606anderproyt|q buena musica se saco el showdown\n|inactive|Battle timer is ON: inactive players will automatically lose when time's up. (requested by alexisarbolero)\n|c|\u2606anderproyt|musica de final boss\n|c|\u2606alexisarbolero|xd\n|inactive|anderproyt has 270 seconds left.\n|\n|t:|1700268983\n|start\n|switch|p1a: Espathra|Espathra, F|100\/100\n|switch|p2a: Angelica|Ninetales-Alola, M, shiny|100\/100\n|-weather|Snow|[from] ability: Snow Warning|[of] p2a: Angelica\n|turn|1\n|c|\u2606anderproyt|los ordene mal xd\n|c|\u2606anderproyt|ya fue\n|\n|t:|1700268999\n|move|p1a: Espathra|Substitute|p1a: Espathra\n|-start|p1a: Espathra|Substitute\n|-damage|p1a: Espathra|76\/100\n|move|p2a: Angelica|Aurora Veil|p2a: Angelica\n|-sidestart|p2: anderproyt|move: Aurora Veil\n|\n|-weather|Snow|[upkeep]\n|-heal|p1a: Espathra|82\/100|[from] item: Leftovers\n|-ability|p1a: Espathra|Speed Boost|boost\n|-boost|p1a: Espathra|spe|1\n|upkeep\n|turn|2\n|\n|t:|1700269008\n|move|p1a: Espathra|Calm Mind|p1a: Espathra\n|-boost|p1a: Espathra|spa|1\n|-boost|p1a: Espathra|spd|1\n|move|p2a: Angelica|Blizzard|p1a: Espathra\n|-end|p1a: Espathra|Substitute\n|\n|-weather|Snow|[upkeep]\n|-heal|p1a: Espathra|88\/100|[from] item: Leftovers\n|-ability|p1a: Espathra|Speed Boost|boost\n|-boost|p1a: Espathra|spe|1\n|upkeep\n|turn|3\n|\n|t:|1700269018\n|move|p1a: Espathra|Calm Mind|p1a: Espathra\n|-boost|p1a: Espathra|spa|1\n|-boost|p1a: Espathra|spd|1\n|move|p2a: Angelica|Nasty Plot|p2a: Angelica\n|-boost|p2a: Angelica|spa|2\n|\n|-weather|Snow|[upkeep]\n|-heal|p1a: Espathra|94\/100|[from] item: Leftovers\n|-ability|p1a: Espathra|Speed Boost|boost\n|-boost|p1a: Espathra|spe|1\n|upkeep\n|turn|4\n|\n|t:|1700269027\n|move|p1a: Espathra|Dazzling Gleam|p2a: Angelica\n|-damage|p2a: Angelica|86\/100\n|move|p2a: Angelica|Blizzard|p1a: Espathra\n|-damage|p1a: Espathra|46\/100\n|\n|-weather|Snow|[upkeep]\n|-heal|p1a: Espathra|52\/100|[from] item: Leftovers\n|-ability|p1a: Espathra|Speed Boost|boost\n|-boost|p1a: Espathra|spe|1\n|upkeep\n|turn|5\n|j| Dodrio-pult\n|c|\u2606anderproyt|yo tambien tengo mis armas xd\n|l| Dodrio-pult\n|\n|t:|1700269039\n|switch|p1a: Toxapex|Toxapex, M|100\/100\n|move|p2a: Angelica|Blizzard|p1a: Toxapex\n|-resisted|p1a: Toxapex\n|-damage|p1a: Toxapex|77\/100\n|\n|-weather|none\n|-heal|p1a: Toxapex|83\/100|[from] item: Black Sludge\n|upkeep\n|turn|6\n|\n|t:|1700269049\n|switch|p2a: Cusko|Ribombee, M, shiny|100\/100\n|move|p1a: Toxapex|Toxic|p2a: Cusko\n|-status|p2a: Cusko|tox\n|\n|-heal|p1a: Toxapex|90\/100|[from] item: Black Sludge\n|-damage|p2a: Cusko|94\/100 tox|[from] psn\n|upkeep\n|turn|7\n|c|\u2606anderproyt|a\n|c|\u2606anderproyt|como q shield dust no lo protege del toxico\n|\n|t:|1700269069\n|move|p2a: Cusko|Energy Ball|p1a: Toxapex\n|-damage|p1a: Toxapex|74\/100\n|move|p1a: Toxapex|Haze|p1a: Toxapex\n|-clearallboost\n|\n|-heal|p1a: Toxapex|80\/100|[from] item: Black Sludge\n|-damage|p2a: Cusko|82\/100 tox|[from] psn\n|upkeep\n|turn|8\n|c|\u2606alexisarbolero|nose\n|\n|t:|1700269094\n|switch|p1a: Espathra|Espathra, F|52\/100\n|move|p2a: Cusko|Quiver Dance|p2a: Cusko\n|-boost|p2a: Cusko|spa|1\n|-boost|p2a: Cusko|spd|1\n|-boost|p2a: Cusko|spe|1\n|\n|-heal|p1a: Espathra|58\/100|[from] item: Leftovers\n|-damage|p2a: Cusko|64\/100 tox|[from] psn\n|-sideend|p2: anderproyt|move: Aurora Veil\n|upkeep\n|turn|9\n|\n|t:|1700269106\n|move|p2a: Cusko|Bug Buzz|p1a: Espathra\n|-supereffective|p1a: Espathra\n|-damage|p1a: Espathra|0 fnt\n|faint|p1a: Espathra\n|\n|-damage|p2a: Cusko|39\/100 tox|[from] psn\n|upkeep\n|\n|t:|1700269114\n|switch|p1a: Bronzong|Bronzong|100\/100\n|turn|10\n|c|\u2606anderproyt|bueno al final inutel no quedo\n|\n|t:|1700269119\n|move|p2a: Cusko|Bug Buzz|p1a: Bronzong\n|-damage|p1a: Bronzong|42\/100\n|-unboost|p1a: Bronzong|spd|1\n|move|p1a: Bronzong|Light Screen|p1a: Bronzong\n|-sidestart|p1: alexisarbolero|move: Light Screen\n|\n|-heal|p1a: Bronzong|48\/100|[from] item: Leftovers\n|-damage|p2a: Cusko|9\/100 tox|[from] psn\n|upkeep\n|turn|11\n|\n|t:|1700269127\n|move|p2a: Cusko|Bug Buzz|p1a: Bronzong\n|-damage|p1a: Bronzong|7\/100\n|move|p1a: Bronzong|Reflect|p1a: Bronzong\n|-sidestart|p1: alexisarbolero|Reflect\n|\n|-heal|p1a: Bronzong|13\/100|[from] item: Leftovers\n|-damage|p2a: Cusko|0 fnt|[from] psn\n|faint|p2a: Cusko\n|upkeep\n|\n|t:|1700269133\n|switch|p2a: Angelica|Ninetales-Alola, M, shiny|86\/100\n|-weather|Snow|[from] ability: Snow Warning|[of] p2a: Angelica\n|turn|12\n|\n|t:|1700269139\n|move|p2a: Angelica|Aurora Veil|p2a: Angelica\n|-sidestart|p2: anderproyt|move: Aurora Veil\n|move|p1a: Bronzong|Toxic|p2a: Angelica\n|-status|p2a: Angelica|tox\n|\n|-weather|Snow|[upkeep]\n|-heal|p1a: Bronzong|19\/100|[from] item: Leftovers\n|-damage|p2a: Angelica|80\/100 tox|[from] psn\n|upkeep\n|turn|13\n|c|\u2606anderproyt|q asco tu con tu toxico\n|\n|t:|1700269149\n|move|p2a: Angelica|Nasty Plot|p2a: Angelica\n|-boost|p2a: Angelica|spa|2\n|move|p1a: Bronzong|Earthquake|p2a: Angelica\n|-damage|p2a: Angelica|72\/100 tox\n|\n|-weather|Snow|[upkeep]\n|-heal|p1a: Bronzong|26\/100|[from] item: Leftovers\n|-damage|p2a: Angelica|60\/100 tox|[from] psn\n|upkeep\n|turn|14\n|c|\u2606anderproyt|alguno de tu team no lleva toxico?\n|c|\u2606alexisarbolero|amo toxico\n|\n|t:|1700269177\n|switch|p1a: Toxapex|Toxapex, M|100\/100\n|move|p2a: Angelica|Blizzard|p1a: Toxapex\n|-resisted|p1a: Toxapex\n|-damage|p1a: Toxapex|89\/100\n|\n|-weather|Snow|[upkeep]\n|-heal|p1a: Toxapex|96\/100|[from] item: Black Sludge\n|-damage|p2a: Angelica|42\/100 tox|[from] psn\n|-sideend|p1: alexisarbolero|move: Light Screen\n|upkeep\n|turn|15\n|c|\u2606anderproyt|y yo odio a los spmers de toxico\n|\n|t:|1700269190\n|switch|p2a: terrenito|Indeedee-F, F, shiny|100\/100\n|-fieldstart|move: Psychic Terrain|[from] ability: Psychic Surge|[of] p2a: terrenito\n|move|p1a: Toxapex|Toxic|p2a: terrenito\n|-status|p2a: terrenito|tox\n|\n|-weather|Snow|[upkeep]\n|-heal|p1a: Toxapex|100\/100|[from] item: Black Sludge\n|-damage|p2a: terrenito|94\/100 tox|[from] psn\n|-sideend|p1: alexisarbolero|Reflect\n|upkeep\n|turn|16\n|\n|t:|1700269202\n|switch|p1a: Bronzong|Bronzong|26\/100\n|move|p2a: terrenito|Expanding Force|p1a: Bronzong\n|-resisted|p1a: Bronzong\n|-damage|p1a: Bronzong|14\/100\n|\n|-weather|none\n|-heal|p1a: Bronzong|20\/100|[from] item: Leftovers\n|-damage|p2a: terrenito|82\/100 tox|[from] psn\n|upkeep\n|turn|17\n|\n|t:|1700269213\n|move|p1a: Bronzong|Light Screen|p1a: Bronzong\n|-sidestart|p1: alexisarbolero|move: Light Screen\n|move|p2a: terrenito|Teleport|p2a: terrenito\n|\n|t:|1700269223\n|switch|p2a: terrenito|Indeedee-F, F, shiny|100\/100|[from] Teleport\n|\n|-heal|p1a: Bronzong|26\/100|[from] item: Leftovers\n|upkeep\n|turn|18\n|\n|t:|1700269246\n|switch|p1a: Greninja|Greninja, M|100\/100\n|move|p2a: terrenito|Shadow Ball|p1a: Greninja\n|-resisted|p1a: Greninja\n|-damage|p1a: Greninja|79\/100\n|-damage|p2a: terrenito|91\/100|[from] item: Life Orb\n|\n|upkeep\n|turn|19\n|\n|t:|1700269258\n|move|p1a: Greninja|Dark Pulse|p2a: terrenito\n|-supereffective|p2a: terrenito\n|-damage|p2a: terrenito|0 fnt\n|replace|p2a: Admin Bueno|Zoroark-Hisui, M\n|-end|p2a: Admin Bueno|Illusion\n|faint|p2a: Admin Bueno\n|-activate|p1a: Greninja|ability: Battle Bond\n|detailschange|p1a: Greninja|Greninja-Ash, M\n|-damage|p1a: Greninja|70\/100|[from] item: Life Orb\n|\n|-sideend|p2: anderproyt|move: Aurora Veil\n|upkeep\n|c|\u2606anderproyt|pos la fe no fue suficiente\n|\n|t:|1700269268\n|switch|p2a: Sakura|Lopunny, F, shiny|100\/100\n|turn|20\n|inactive|alexisarbolero has 270 seconds left.\n|c|\u2606alexisarbolero|es mega\n|\n|t:|1700269295\n|detailschange|p2a: Sakura|Lopunny-Mega, F, shiny\n|-mega|p2a: Sakura|Lopunny|Lopunnite\n|move|p2a: Sakura|Close Combat|p1a: Greninja\n|-supereffective|p1a: Greninja\n|-damage|p1a: Greninja|0 fnt\n|-unboost|p2a: Sakura|def|1\n|-unboost|p2a: Sakura|spd|1\n|faint|p1a: Greninja\n|\n|upkeep\n|c|\u2606anderproyt|obviamente\n|\n|t:|1700269305\n|switch|p1a: Toxapex|Toxapex, M|100\/100\n|turn|21\n|\n|t:|1700269311\n|switch|p2a: terrenito|Indeedee-F, F, shiny|82\/100 tox\n|move|p1a: Toxapex|Toxic|p2a: terrenito\n|-fail|p2a: terrenito|tox\n|\n|-damage|p2a: terrenito|76\/100 tox|[from] psn\n|-sideend|p1: alexisarbolero|move: Light Screen\n|upkeep\n|turn|22\n|inactive|alexisarbolero has 270 seconds left.\n|c|\u2606alexisarbolero|toxa mi consentido\n|\n|t:|1700269342\n|switch|p1a: Gardevoir|Gardevoir, F|100\/100\n|move|p2a: terrenito|Teleport|p2a: terrenito\n|c|\u2606anderproyt|ahi esta\n|\n|t:|1700269350\n|switch|p2a: Kronck|Azumarill, M, shiny|100\/100|[from] Teleport\n|\n|-fieldend|move: Psychic Terrain\n|upkeep\n|turn|23\n|\n|t:|1700269356\n|switch|p1a: Toxapex|Toxapex, M|100\/100\n|move|p2a: Kronck|Belly Drum|p2a: Kronck\n|-damage|p2a: Kronck|50\/100\n|-setboost|p2a: Kronck|atk|6|[from] move: Belly Drum\n|-enditem|p2a: Kronck|Sitrus Berry|[eat]\n|-heal|p2a: Kronck|75\/100|[from] item: Sitrus Berry\n|\n|upkeep\n|turn|24\n|inactive|alexisarbolero has 270 seconds left.\n|\n|t:|1700269365\n|move|p2a: Kronck|Trailblaze|p1a: Toxapex\n|-damage|p1a: Toxapex|37\/100\n|-boost|p2a: Kronck|spe|1\n|move|p1a: Toxapex|Haze|p1a: Toxapex\n|-clearallboost\n|\n|-heal|p1a: Toxapex|43\/100|[from] item: Black Sludge\n|upkeep\n|turn|25\n|inactive|alexisarbolero has 270 seconds left.\n|c|\u2606alexisarbolero|esooooooooooooooooooooooo\n|c|\u2606anderproyt|xd\n|\n|t:|1700269383\n|move|p2a: Kronck|Belly Drum|p2a: Kronck\n|-damage|p2a: Kronck|25\/100\n|-setboost|p2a: Kronck|atk|6|[from] move: Belly Drum\n|move|p1a: Toxapex|Recover|p1a: Toxapex\n|-heal|p1a: Toxapex|93\/100\n|\n|-heal|p1a: Toxapex|99\/100|[from] item: Black Sludge\n|upkeep\n|turn|26\n|inactive|alexisarbolero has 270 seconds left.\n|\n|t:|1700269391\n|move|p2a: Kronck|Trailblaze|p1a: Toxapex\n|-damage|p1a: Toxapex|38\/100\n|-boost|p2a: Kronck|spe|1\n|move|p1a: Toxapex|Haze|p1a: Toxapex\n|-clearallboost\n|\n|-heal|p1a: Toxapex|45\/100|[from] item: Black Sludge\n|upkeep\n|turn|27\n|inactive|alexisarbolero has 270 seconds left.\n|\n|t:|1700269401\n|switch|p1a: Bronzong|Bronzong|26\/100\n|move|p2a: Kronck|Trailblaze|p1a: Bronzong\n|-resisted|p1a: Bronzong\n|-damage|p1a: Bronzong|19\/100\n|-boost|p2a: Kronck|spe|1\n|\n|-heal|p1a: Bronzong|25\/100|[from] item: Leftovers\n|upkeep\n|turn|28\n|c|\u2606anderproyt|como odio esa cosa\n|inactive|alexisarbolero has 270 seconds left.\n|\n|t:|1700269412\n|move|p2a: Kronck|Aqua Jet|p1a: Bronzong\n|-damage|p1a: Bronzong|9\/100\n|move|p1a: Bronzong|Reflect|p1a: Bronzong\n|-sidestart|p1: alexisarbolero|Reflect\n|\n|-heal|p1a: Bronzong|15\/100|[from] item: Leftovers\n|upkeep\n|turn|29\n|\n|t:|1700269420\n|move|p2a: Kronck|Aqua Jet|p1a: Bronzong\n|-damage|p1a: Bronzong|6\/100\n|move|p1a: Bronzong|Light Screen|p1a: Bronzong\n|-sidestart|p1: alexisarbolero|move: Light Screen\n|\n|-heal|p1a: Bronzong|13\/100|[from] item: Leftovers\n|upkeep\n|turn|30\n|\n|t:|1700269427\n|move|p2a: Kronck|Aqua Jet|p1a: Bronzong\n|-damage|p1a: Bronzong|5\/100\n|move|p1a: Bronzong|Toxic|p2a: Kronck\n|-status|p2a: Kronck|tox\n|\n|-heal|p1a: Bronzong|11\/100|[from] item: Leftovers\n|-damage|p2a: Kronck|19\/100 tox|[from] psn\n|upkeep\n|turn|31\n|c|\u2606alexisarbolero|xd\n|c|\u2606anderproyt|ahi se quedara\n|\n|t:|1700269441\n|switch|p1a: Gardevoir|Gardevoir, F|100\/100\n|move|p2a: Kronck|Aqua Jet|p1a: Gardevoir\n|-damage|p1a: Gardevoir|80\/100\n|\n|-damage|p2a: Kronck|7\/100 tox|[from] psn\n|upkeep\n|turn|32\n|c|\u2606anderproyt|no lo pienso retirar esta perdido\n|\n|t:|1700269451\n|move|p2a: Kronck|Aqua Jet|p1a: Gardevoir\n|-damage|p1a: Gardevoir|60\/100\n|move|p1a: Gardevoir|Calm Mind|p1a: Gardevoir\n|-boost|p1a: Gardevoir|spa|1\n|-boost|p1a: Gardevoir|spd|1\n|\n|-damage|p2a: Kronck|0 fnt|[from] psn\n|faint|p2a: Kronck\n|-sideend|p1: alexisarbolero|Reflect\n|upkeep\n|\n|t:|1700269461\n|switch|p2a: Sakura|Lopunny-Mega, F, shiny|100\/100\n|turn|33\n|\n|t:|1700269470\n|switch|p1a: Toxapex|Toxapex, M|78\/100\n|move|p2a: Sakura|Facade|p1a: Toxapex\n|-damage|p1a: Toxapex|50\/100\n|\n|-heal|p1a: Toxapex|56\/100|[from] item: Black Sludge\n|-sideend|p1: alexisarbolero|move: Light Screen\n|upkeep\n|turn|34\n|c|\u2606anderproyt|a ver al susodicho\n|\n|t:|1700269481\n|move|p2a: Sakura|Triple Axel|p1a: Toxapex\n|-resisted|p1a: Toxapex\n|-damage|p1a: Toxapex|53\/100\n|-resisted|p1a: Toxapex\n|-damage|p1a: Toxapex|48\/100\n|-resisted|p1a: Toxapex\n|-damage|p1a: Toxapex|40\/100\n|-hitcount|p1a: Toxapex|3\n|move|p1a: Toxapex|Recover|p1a: Toxapex\n|-heal|p1a: Toxapex|90\/100\n|\n|-heal|p1a: Toxapex|96\/100|[from] item: Black Sludge\n|upkeep\n|turn|35\n|\n|t:|1700269493\n|switch|p2a: terrenito|Indeedee-F, F, shiny|76\/100 tox\n|-fieldstart|move: Psychic Terrain|[from] ability: Psychic Surge|[of] p2a: terrenito\n|move|p1a: Toxapex|Toxic|p2a: terrenito\n|-fail|p2a: terrenito|tox\n|\n|-heal|p1a: Toxapex|100\/100|[from] item: Black Sludge\n|-damage|p2a: terrenito|70\/100 tox|[from] psn\n|upkeep\n|turn|36\n|c|\u2606anderproyt|a ver el gardevoir\n|c|\u2606anderproyt|o slowbro\n|c|\u2606alexisarbolero|joder como amo a essee toxa\n|inactive|alexisarbolero has 270 seconds left.\n|\n|t:|1700269526\n|switch|p1a: Bronzong|Bronzong|11\/100\n|move|p2a: terrenito|Expanding Force|p1a: Bronzong\n|-resisted|p1a: Bronzong\n|-damage|p1a: Bronzong|0 fnt\n|faint|p1a: Bronzong\n|\n|-damage|p2a: terrenito|58\/100 tox|[from] psn\n|upkeep\n|inactive|alexisarbolero has 270 seconds left.\n|c|\u2606anderproyt|hasta ahi \n|\n|t:|1700269537\n|switch|p1a: Slowbro|Slowbro, F|100\/100\n|turn|37\n|inactive|alexisarbolero has 270 seconds left.\n|\n|t:|1700269544\n|move|p2a: terrenito|Toxic|p1a: Slowbro\n|-status|p1a: Slowbro|tox\n|move|p1a: Slowbro|Shadow Ball|p2a: terrenito\n|-immune|p2a: terrenito\n|\n|-damage|p2a: terrenito|39\/100 tox|[from] psn\n|-damage|p1a: Slowbro|94\/100 tox|[from] psn\n|upkeep\n|turn|38\n|c|\u2606anderproyt|no eres el unico con toxico xd\n|\n|t:|1700269553\n|move|p1a: Slowbro|Calm Mind|p1a: Slowbro\n|-boost|p1a: Slowbro|spa|1\n|-boost|p1a: Slowbro|spd|1\n|move|p2a: terrenito|Teleport|p2a: terrenito\n|\n|t:|1700269557\n|switch|p2a: Angelica|Ninetales-Alola, M, shiny|42\/100 tox|[from] Teleport\n|-weather|Snow|[from] ability: Snow Warning|[of] p2a: Angelica\n|\n|-weather|Snow|[upkeep]\n|-heal|p1a: Slowbro|100\/100 tox|[from] item: Leftovers\n|-damage|p2a: Angelica|36\/100 tox|[from] psn\n|-damage|p1a: Slowbro|88\/100 tox|[from] psn\n|upkeep\n|turn|39\n|\n|t:|1700269565\n|move|p2a: Angelica|Aurora Veil|p2a: Angelica\n|-sidestart|p2: anderproyt|move: Aurora Veil\n|move|p1a: Slowbro|Calm Mind|p1a: Slowbro\n|-boost|p1a: Slowbro|spa|1\n|-boost|p1a: Slowbro|spd|1\n|\n|-weather|Snow|[upkeep]\n|-heal|p1a: Slowbro|94\/100 tox|[from] item: Leftovers\n|-damage|p2a: Angelica|24\/100 tox|[from] psn\n|-damage|p1a: Slowbro|76\/100 tox|[from] psn\n|upkeep\n|turn|40\n|inactive|alexisarbolero has 270 seconds left.\n|c|\u2606alexisarbolero|tengo algo para el toxico\n|\n|t:|1700269600\n|move|p2a: Angelica|Dazzling Gleam|p1a: Slowbro\n|-damage|p1a: Slowbro|65\/100 tox\n|move|p1a: Slowbro|Rest|p1a: Slowbro\n|-status|p1a: Slowbro|slp|[from] move: Rest\n|-heal|p1a: Slowbro|100\/100 slp|[silent]\n|\n|-weather|Snow|[upkeep]\n|-damage|p2a: Angelica|6\/100 tox|[from] psn\n|upkeep\n|turn|41\n|c|\u2606anderproyt|slack off si se\n|inactive|alexisarbolero has 270 seconds left.\n|c|\u2606anderproyt|rest\n|c|\u2606anderproyt|bueno\n|\n|t:|1700269613\n|switch|p2a: terrenito|Indeedee-F, F, shiny|39\/100 tox\n|cant|p1a: Slowbro|slp\n|move|p1a: Slowbro|Sleep Talk|p1a: Slowbro\n|move|p1a: Slowbro|Shadow Ball|p2a: terrenito|[from]move: Sleep Talk\n|-immune|p2a: terrenito\n|\n|-weather|Snow|[upkeep]\n|-damage|p2a: terrenito|33\/100 tox|[from] psn\n|upkeep\n|turn|42\n|\n|t:|1700269624\n|switch|p2a: Sakura|Lopunny-Mega, F, shiny|100\/100\n|cant|p1a: Slowbro|slp\n|move|p1a: Slowbro|Sleep Talk|p1a: Slowbro\n|move|p1a: Slowbro|Rest||[from]move: Sleep Talk|[still]\n|-fail|p1a: Slowbro\n|\n|-weather|none\n|-fieldend|move: Psychic Terrain\n|upkeep\n|turn|43\n|\n|t:|1700269635\n|switch|p1a: Toxapex|Toxapex, M|100\/100\n|move|p2a: Sakura|Fake Out|p1a: Toxapex\n|-damage|p1a: Toxapex|84\/100\n|\n|-heal|p1a: Toxapex|91\/100|[from] item: Black Sludge\n|upkeep\n|turn|44\n|\n|t:|1700269644\n|move|p2a: Sakura|Triple Axel|p1a: Toxapex\n|-resisted|p1a: Toxapex\n|-damage|p1a: Toxapex|87\/100\n|-resisted|p1a: Toxapex\n|-damage|p1a: Toxapex|82\/100\n|-resisted|p1a: Toxapex\n|-damage|p1a: Toxapex|73\/100\n|-hitcount|p1a: Toxapex|3\n|move|p1a: Toxapex|Toxic|p2a: Sakura\n|-status|p2a: Sakura|tox\n|\n|-heal|p1a: Toxapex|79\/100|[from] item: Black Sludge\n|-damage|p2a: Sakura|95\/100 tox|[from] psn\n|upkeep\n|turn|45\n|c|\u2606anderproyt|a ver al maravilloso toxico\n|\n|t:|1700269656\n|move|p2a: Sakura|Facade|p1a: Toxapex\n|-damage|p1a: Toxapex|17\/100\n|move|p1a: Toxapex|Scald|p2a: Sakura\n|-damage|p2a: Sakura|85\/100 tox\n|\n|-heal|p1a: Toxapex|23\/100|[from] item: Black Sludge\n|-damage|p2a: Sakura|73\/100 tox|[from] psn\n|upkeep\n|turn|46\n|c|\u2606alexisarbolero|uffffffffffffffffff\n|c|\u2606anderproyt|todo lo q entre es OHKO\n|inactive|alexisarbolero has 270 seconds left.\n|\n|t:|1700269679\n|switch|p1a: Slowbro|Slowbro, F|100\/100 slp\n|move|p2a: Sakura|Facade|p1a: Slowbro\n|-damage|p1a: Slowbro|55\/100 slp\n|\n|-heal|p1a: Slowbro|61\/100 slp|[from] item: Leftovers\n|-damage|p2a: Sakura|55\/100 tox|[from] psn\n|-sideend|p2: anderproyt|move: Aurora Veil\n|upkeep\n|turn|47\n|c|\u2606anderproyt|waos\n|\n|t:|1700269690\n|move|p2a: Sakura|Facade|p1a: Slowbro\n|-damage|p1a: Slowbro|11\/100 slp\n|-curestatus|p1a: Slowbro|slp|[msg]\n|move|p1a: Slowbro|Rest|p1a: Slowbro\n|-status|p1a: Slowbro|slp|[from] move: Rest\n|-heal|p1a: Slowbro|100\/100 slp|[silent]\n|\n|-damage|p2a: Sakura|31\/100 tox|[from] psn\n|upkeep\n|turn|48\n|c|\u2606anderproyt|xd\n|\n|t:|1700269701\n|move|p2a: Sakura|Facade|p1a: Slowbro\n|-damage|p1a: Slowbro|56\/100 slp\n|cant|p1a: Slowbro|slp\n|move|p1a: Slowbro|Sleep Talk|p1a: Slowbro\n|move|p1a: Slowbro|Shadow Ball|p2a: Sakura|[from]move: Sleep Talk\n|-immune|p2a: Sakura\n|\n|-heal|p1a: Slowbro|62\/100 slp|[from] item: Leftovers\n|-damage|p2a: Sakura|2\/100 tox|[from] psn\n|upkeep\n|turn|49\n|c|\u2606alexisarbolero|si me asusto\n|inactive|anderproyt has 270 seconds left.\n|\n|t:|1700269737\n|move|p2a: Sakura|Facade|p1a: Slowbro\n|-damage|p1a: Slowbro|18\/100 slp\n|cant|p1a: Slowbro|slp\n|move|p1a: Slowbro|Sleep Talk|p1a: Slowbro\n|move|p1a: Slowbro|Rest||[from]move: Sleep Talk|[still]\n|-fail|p1a: Slowbro\n|\n|-heal|p1a: Slowbro|24\/100 slp|[from] item: Leftovers\n|-damage|p2a: Sakura|0 fnt|[from] psn\n|faint|p2a: Sakura\n|upkeep\n|\n|t:|1700269748\n|switch|p2a: Angelica|Ninetales-Alola, M, shiny|6\/100 tox\n|-weather|Snow|[from] ability: Snow Warning|[of] p2a: Angelica\n|turn|50\n|\n|t:|1700269754\n|move|p2a: Angelica|Blizzard|p1a: Slowbro\n|-resisted|p1a: Slowbro\n|-damage|p1a: Slowbro|8\/100 slp\n|-curestatus|p1a: Slowbro|slp|[msg]\n|move|p1a: Slowbro|Rest|p1a: Slowbro\n|-status|p1a: Slowbro|slp|[from] move: Rest\n|-heal|p1a: Slowbro|100\/100 slp|[silent]\n|\n|-weather|Snow|[upkeep]\n|-damage|p2a: Angelica|0 fnt|[from] psn\n|faint|p2a: Angelica\n|upkeep\n|-message|anderproyt forfeited.\n|\n|win|alexisarbolero\n|c|\u2606anderproyt|no te dare naa\n|c|\u2606anderproyt|bueno debo pero igual\n|c|\u2606alexisarbolero|oeeeeee\n|c|\u2606anderproyt|no te dare felicitaciones\n|c|\u2606anderproyt|ganar a stall es no tener honor\n","uploadtime":1700269875,"views":23,"p1id":"alexisarbolero","p2id":"anderproyt","formatid":"gen9ubers","rating":0,"private":0,"password":""}