{"id":"radicalred-gen9ubers-548462","p1":"PercWatchM4iko","p2":"OrcLoose","format":"[Gen 9] Ubers","log":"|j|\u2606PercWatchM4iko\n|j|\u2606OrcLoose\n|t:|1700342011\n|gametype|singles\n|player|p1|PercWatchM4iko|rr-vaporeon|\n|player|p2|OrcLoose|rr-slowkinggalar|\n|teamsize|p1|6\n|teamsize|p2|6\n|gen|9\n|tier|[Gen 9] Ubers\n|rule|Sleep Clause Mod: Limit one foe put to sleep\n|rule|Species Clause: Limit one of each Pok\u00e9mon\n|rule|OHKO Clause: OHKO moves are banned\n|rule|Evasion Abilities Clause: Evasion abilities are banned\n|rule|Evasion Items Clause: Evasion items are banned\n|rule|Evasion Moves Clause: Evasion moves are banned\n|rule|Endless Battle Clause: Forcing endless battles is banned\n|rule|HP Percentage Mod: HP is shown in percentages\n|rule|Dynamax Clause: You cannot dynamax\n|rule|Mega Rayquaza Clause: You cannot mega evolve Rayquaza\n|clearpoke\n|poke|p1|Dodrio, F|\n|poke|p1|Blaziken, M|\n|poke|p1|Liepard, F|\n|poke|p1|Persian, F|\n|poke|p1|Silvally-*|\n|poke|p1|Ferrothorn, M|\n|poke|p2|Abomasnow, F|\n|poke|p2|Meowscarada, F|\n|poke|p2|Slowking-Galar, M|\n|poke|p2|Noivern-Sevii, F|\n|poke|p2|Electivire, M|\n|poke|p2|Clawitzer, F|\n|teampreview\n|c|\u2606PercWatchM4iko|Glhf\n|c|\u2606OrcLoose|Glhf\n|c|\u2606OrcLoose|U got a draft diff\n|c|\u2606OrcLoose|this unfort\n|\n|t:|1700342042\n|start\n|switch|p1a: Liepard|Liepard, F|100\/100\n|switch|p2a: Flap flap|Noivern-Sevii, F|100\/100\n|turn|1\n|\n|t:|1700342050\n|switch|p2a: Meow Meow|Meowscarada, F, shiny|100\/100\n|move|p1a: Liepard|Knock Off|p2a: Meow Meow\n|-resisted|p2a: Meow Meow\n|-crit|p2a: Meow Meow\n|-damage|p2a: Meow Meow|56\/100\n|-enditem|p2a: Meow Meow|Choice Scarf|[from] move: Knock Off|[of] p1a: Liepard\n|\n|upkeep\n|turn|2\n|\n|t:|1700342058\n|move|p2a: Meow Meow|U-turn|p1a: Liepard\n|-start|p2a: Meow Meow|typechange|Bug|[from] ability: Protean\n|-supereffective|p1a: Liepard\n|-damage|p1a: Liepard|0 fnt\n|faint|p1a: Liepard\n|\n|t:|1700342063\n|switch|p2a: Flap flap|Noivern-Sevii, F|100\/100|[from] U-turn\n|\n|upkeep\n|\n|t:|1700342069\n|switch|p1a: Ferrothorn|Ferrothorn, M|100\/100\n|turn|3\n|j| kanako738\n|\n|t:|1700342078\n|move|p2a: Flap flap|Fire Fang|p1a: Ferrothorn\n|-supereffective|p1a: Ferrothorn\n|-damage|p1a: Ferrothorn|53\/100\n|-damage|p2a: Flap flap|88\/100|[from] ability: Iron Barbs|[of] p1a: Ferrothorn\n|move|p1a: Ferrothorn|Stealth Rock|p2a: Flap flap\n|-sidestart|p2: OrcLoose|move: Stealth Rock\n|\n|-heal|p1a: Ferrothorn|59\/100|[from] item: Leftovers\n|upkeep\n|turn|4\n|l| kanako738\n|j| Pengwoo\n|\n|t:|1700342092\n|move|p1a: Ferrothorn|Protect|p1a: Ferrothorn\n|-singleturn|p1a: Ferrothorn|Protect\n|move|p2a: Flap flap|Fire Fang|p1a: Ferrothorn\n|-activate|p1a: Ferrothorn|move: Protect\n|\n|-heal|p1a: Ferrothorn|65\/100|[from] item: Leftovers\n|upkeep\n|turn|5\n|\n|t:|1700342100\n|switch|p2a: Cheater!!!|Electivire, M, shiny|100\/100\n|-damage|p2a: Cheater!!!|88\/100|[from] Stealth Rock\n|switch|p1a: Silvally|Silvally-Water|100\/100\n|\n|upkeep\n|turn|6\n|\n|t:|1700342109\n|switch|p1a: Ferrothorn|Ferrothorn, M|65\/100\n|move|p2a: Cheater!!!|Volt Switch|p1a: Ferrothorn\n|-resisted|p1a: Ferrothorn\n|-damage|p1a: Ferrothorn|56\/100\n|\n|t:|1700342112\n|switch|p2a: Anti-TR|Clawitzer, F|100\/100|[from] Volt Switch\n|-damage|p2a: Anti-TR|88\/100|[from] Stealth Rock\n|\n|-heal|p1a: Ferrothorn|62\/100|[from] item: Leftovers\n|upkeep\n|turn|7\n|\n|t:|1700342148\n|move|p2a: Anti-TR|Aura Sphere|p1a: Ferrothorn\n|-supereffective|p1a: Ferrothorn\n|-damage|p1a: Ferrothorn|0 fnt\n|faint|p1a: Ferrothorn\n|\n|upkeep\n|\n|t:|1700342152\n|switch|p1a: Persian|Persian, F|100\/100\n|turn|8\n|\n|t:|1700342156\n|move|p1a: Persian|Hyper Voice|p2a: Anti-TR\n|-damage|p2a: Anti-TR|8\/100\n|move|p2a: Anti-TR|Aura Sphere|p1a: Persian\n|-supereffective|p1a: Persian\n|-damage|p1a: Persian|0 fnt\n|faint|p1a: Persian\n|\n|upkeep\n|\n|t:|1700342159\n|switch|p1a: Blaziken|Blaziken, M|100\/100\n|turn|9\n|\n|t:|1700342163\n|move|p1a: Blaziken|Blaze Kick|p2a: Anti-TR\n|-resisted|p2a: Anti-TR\n|-damage|p2a: Anti-TR|0 fnt\n|faint|p2a: Anti-TR\n|\n|-ability|p1a: Blaziken|Speed Boost|boost\n|-boost|p1a: Blaziken|spe|1\n|upkeep\n|j| Orc's Ex Husband\n|\n|t:|1700342170\n|switch|p2a: Flap flap|Noivern-Sevii, F|88\/100\n|turn|10\n|\n|t:|1700342175\n|move|p1a: Blaziken|Swords Dance|p1a: Blaziken\n|-boost|p1a: Blaziken|atk|2\n|move|p2a: Flap flap|Dragon Dance|p2a: Flap flap\n|-boost|p2a: Flap flap|atk|1\n|-boost|p2a: Flap flap|spe|1\n|\n|-ability|p1a: Blaziken|Speed Boost|boost\n|-boost|p1a: Blaziken|spe|1\n|upkeep\n|turn|11\n|\n|t:|1700342183\n|move|p2a: Flap flap|Spirit Shackle|p1a: Blaziken\n|-damage|p1a: Blaziken|17\/100\n|-activate|p1a: Blaziken|trapped\n|move|p1a: Blaziken|Earthquake|p2a: Flap flap\n|-immune|p2a: Flap flap|[from] ability: Levitate\n|\n|-ability|p1a: Blaziken|Speed Boost|boost\n|-boost|p1a: Blaziken|spe|1\n|upkeep\n|turn|12\n|\n|t:|1700342189\n|move|p1a: Blaziken|Blaze Kick|p2a: Flap flap\n|-resisted|p2a: Flap flap\n|-damage|p2a: Flap flap|32\/100\n|move|p2a: Flap flap|Spirit Shackle|p1a: Blaziken\n|-damage|p1a: Blaziken|0 fnt\n|faint|p1a: Blaziken\n|\n|upkeep\n|\n|t:|1700342196\n|switch|p1a: Silvally|Silvally-Water|100\/100\n|turn|13\n|\n|t:|1700342199\n|move|p2a: Flap flap|Rock Slide|p1a: Silvally\n|-damage|p1a: Silvally|54\/100\n|move|p1a: Silvally|Multi-Attack|p2a: Flap flap\n|-supereffective|p2a: Flap flap\n|-damage|p2a: Flap flap|0 fnt\n|faint|p2a: Flap flap\n|\n|upkeep\n|\n|t:|1700342208\n|switch|p2a: Cheater!!!|Electivire, M, shiny|88\/100\n|-damage|p2a: Cheater!!!|76\/100|[from] Stealth Rock\n|turn|14\n|\n|t:|1700342213\n|move|p2a: Cheater!!!|Plasma Fists|p1a: Silvally\n|-supereffective|p1a: Silvally\n|-damage|p1a: Silvally|0 fnt\n|-fieldactivate|move: Ion Deluge\n|-hint|Normal-type moves become Electric-type after using Plasma Fists.\n|faint|p1a: Silvally\n|\n|upkeep\n|\n|t:|1700342217\n|switch|p1a: Dodrio|Dodrio, F|100\/100\n|turn|15\n|\n|t:|1700342220\n|move|p1a: Dodrio|Brave Bird|p2a: Cheater!!!\n|-resisted|p2a: Cheater!!!\n|-damage|p2a: Cheater!!!|32\/100\n|move|p2a: Cheater!!!|Plasma Fists|p1a: Dodrio\n|-supereffective|p1a: Dodrio\n|-damage|p1a: Dodrio|0 fnt\n|-fieldactivate|move: Ion Deluge\n|-hint|Normal-type moves become Electric-type after using Plasma Fists.\n|faint|p1a: Dodrio\n|\n|win|OrcLoose\n|n| Orc's Ex Husband|orcsexhusband\n|c|\u2606OrcLoose|ggs\n|c|\u2606PercWatchM4iko|Gg\n|c| Orc's Ex Husband|Whats up guys\n","uploadtime":1700342230,"views":46,"p1id":"percwatchm4iko","p2id":"orcloose","formatid":"gen9ubers","rating":0,"private":0,"password":""}