{"id":"radicalred-gen9ubers-548377","p1":"PercWatchM4iko","p2":"Manaphoebe","format":"[Gen 9] Ubers","log":"|j|\u2606PercWatchM4iko\n|j|\u2606Manaphoebe\n|t:|1700334735\n|gametype|singles\n|player|p1|PercWatchM4iko|1|\n|player|p2|Manaphoebe|rr-umbreon|\n|teamsize|p1|6\n|teamsize|p2|6\n|gen|9\n|tier|[Gen 9] Ubers\n|rule|Sleep Clause Mod: Limit one foe put to sleep\n|rule|Species Clause: Limit one of each Pok\u00e9mon\n|rule|OHKO Clause: OHKO moves are banned\n|rule|Evasion Abilities Clause: Evasion abilities are banned\n|rule|Evasion Items Clause: Evasion items are banned\n|rule|Evasion Moves Clause: Evasion moves are banned\n|rule|Endless Battle Clause: Forcing endless battles is banned\n|rule|HP Percentage Mod: HP is shown in percentages\n|rule|Dynamax Clause: You cannot dynamax\n|rule|Mega Rayquaza Clause: You cannot mega evolve Rayquaza\n|clearpoke\n|poke|p1|Toxtricity, F|\n|poke|p1|Persian, F|\n|poke|p1|Jellicent, M|\n|poke|p1|Silvally-*|\n|poke|p1|Dodrio, M|\n|poke|p1|Blaziken, M|\n|poke|p2|Delphox, F|\n|poke|p2|Audino, F|\n|poke|p2|Torkoal, M|\n|poke|p2|Grafaiai, M|\n|poke|p2|Ting-Lu|\n|poke|p2|Brute Bonnet|\n|teampreview\n|c|\u2606PercWatchM4iko|glhf\n|c|\u2606Manaphoebe|glhf :)\n|j| Godigimon\n|c| Godigimon|Miko\n|c| Godigimon|Beat her ass\n|c| Godigimon|I don't want to see her on my side of the bracket\n|c|\u2606Manaphoebe|yo wtf\n|\n|t:|1700334773\n|start\n|switch|p1a: Silvally|Silvally-Dragon|100\/100\n|switch|p2a: Grafaiai|Grafaiai, M|100\/100\n|turn|1\n|c| Godigimon|Okay \n|c| Godigimon|I've seen her team\n|c| Godigimon|I'll tell you what to expect\n|c|\u2606Manaphoebe|bruh\n|c|\u2606Manaphoebe|LOL\n|\n|t:|1700334807\n|switch|p1a: Toxtricity|Toxtricity, F|100\/100\n|move|p2a: Grafaiai|Belly Drum|p2a: Grafaiai\n|-damage|p2a: Grafaiai|50\/100\n|-setboost|p2a: Grafaiai|atk|6|[from] move: Belly Drum\n|-enditem|p2a: Grafaiai|Sitrus Berry|[eat]\n|-heal|p2a: Grafaiai|75\/100|[from] item: Sitrus Berry\n|\n|upkeep\n|turn|2\n|c| Godigimon|wait I'm kidding don't report me\n|j| Pengwoo\n|\n|t:|1700334835\n|detailschange|p1a: Toxtricity|Toxtricity-Mega, F\n|-mega|p1a: Toxtricity|Toxtricity|Toxtricitite\n|move|p2a: Grafaiai|Double-Edge|p1a: Toxtricity\n|-damage|p1a: Toxtricity|0 fnt\n|faint|p1a: Toxtricity\n|-damage|p2a: Grafaiai|40\/100|[from] Recoil\n|\n|upkeep\n|\n|t:|1700334839\n|switch|p1a: Dodrio|Dodrio, M|100\/100\n|turn|3\n|\n|t:|1700334844\n|move|p1a: Dodrio|Quick Attack|p2a: Grafaiai\n|-damage|p2a: Grafaiai|0 fnt\n|faint|p2a: Grafaiai\n|\n|upkeep\n|c|\u2606Manaphoebe|o shit\n|c| Godigimon|rip\n|c| Godigimon|maybe double edge wasn't the play ay\n|\n|t:|1700334861\n|switch|p2a: Torkoal|Torkoal, M|100\/100\n|-weather|SunnyDay|[from] ability: Drought|[of] p2a: Torkoal\n|turn|4\n|c|\u2606Manaphoebe|worked in my head\n|c|\u2606Manaphoebe|i didnt expect quick attack  lool\n|c| Godigimon|too bad your head didn't work\n|\n|t:|1700334883\n|switch|p1a: Silvally|Silvally-Dragon|100\/100\n|move|p2a: Torkoal|Stealth Rock|p1a: Silvally\n|-sidestart|p1: PercWatchM4iko|move: Stealth Rock\n|\n|-weather|SunnyDay|[upkeep]\n|upkeep\n|turn|5\n|\n|t:|1700334899\n|switch|p2a: Audino|Audino, F|100\/100\n|move|p1a: Silvally|Toxic|p2a: Audino\n|-status|p2a: Audino|tox\n|\n|-weather|SunnyDay|[upkeep]\n|-damage|p2a: Audino|94\/100 tox|[from] psn\n|upkeep\n|turn|6\n|\n|t:|1700334907\n|detailschange|p2a: Audino|Audino-Mega, F\n|-mega|p2a: Audino|Audino|Audinite\n|move|p1a: Silvally|Defog|p2a: Audino\n|-unboost|p2a: Audino|evasion|1\n|-sideend|p1: PercWatchM4iko|Stealth Rock|[from] move: Defog|[of] p1a: Silvally\n|move|p2a: Audino|Teleport|p2a: Audino\n|\n|t:|1700334911\n|switch|p2a: Delphox|Delphox, F|100\/100|[from] Teleport\n|\n|-weather|SunnyDay|[upkeep]\n|upkeep\n|turn|7\n|\n|t:|1700334919\n|move|p2a: Delphox|Mind Blown|p1a: Silvally\n|-resisted|p1a: Silvally\n|-damage|p1a: Silvally|63\/100\n|move|p1a: Silvally|Multi-Attack|p2a: Delphox\n|-damage|p2a: Delphox|39\/100\n|\n|-weather|SunnyDay|[upkeep]\n|upkeep\n|turn|8\n|c| Godigimon|...\n|c|\u2606Manaphoebe|that did negative damage\n|c|\u2606Manaphoebe|wheres chi yu\n|\n|t:|1700334937\n|switch|p2a: Audino|Audino-Mega, F|100\/100 tox\n|move|p1a: Silvally|U-turn|p2a: Audino\n|-resisted|p2a: Audino\n|-damage|p2a: Audino|95\/100 tox\n|\n|t:|1700334940\n|switch|p1a: Dodrio|Dodrio, M|100\/100|[from] U-turn\n|\n|-weather|SunnyDay|[upkeep]\n|-damage|p2a: Audino|89\/100 tox|[from] psn\n|upkeep\n|turn|9\n|c| Godigimon|lmao\n|\n|t:|1700334948\n|move|p1a: Dodrio|Brave Bird|p2a: Audino\n|-damage|p2a: Audino|38\/100 tox\n|move|p2a: Audino|Knock Off|p1a: Dodrio\n|-damage|p1a: Dodrio|76\/100\n|-enditem|p1a: Dodrio|Choice Band|[from] move: Knock Off|[of] p2a: Audino\n|\n|-weather|SunnyDay|[upkeep]\n|-damage|p2a: Audino|26\/100 tox|[from] psn\n|upkeep\n|turn|10\n|\n|t:|1700334954\n|switch|p2a: Torkoal|Torkoal, M|100\/100\n|move|p1a: Dodrio|U-turn|p2a: Torkoal\n|-resisted|p2a: Torkoal\n|-damage|p2a: Torkoal|92\/100\n|\n|t:|1700334968\n|switch|p1a: Jellicent|Jellicent, M|100\/100|[from] U-turn\n|\n|-weather|SunnyDay|[upkeep]\n|upkeep\n|turn|11\n|\n|t:|1700334972\n|move|p1a: Jellicent|Scald|p2a: Torkoal\n|-supereffective|p2a: Torkoal\n|-damage|p2a: Torkoal|52\/100\n|move|p2a: Torkoal|Stealth Rock|p1a: Jellicent\n|-sidestart|p1: PercWatchM4iko|move: Stealth Rock\n|\n|-weather|none\n|upkeep\n|turn|12\n|\n|t:|1700334990\n|switch|p2a: Audino|Audino-Mega, F|59\/100 tox\n|move|p1a: Jellicent|Scald|p2a: Audino\n|-damage|p2a: Audino|35\/100 tox\n|\n|-damage|p2a: Audino|29\/100 tox|[from] psn\n|upkeep\n|turn|13\n|\n|t:|1700334994\n|switch|p2a: Torkoal|Torkoal, M|52\/100\n|-weather|SunnyDay|[from] ability: Drought|[of] p2a: Torkoal\n|move|p1a: Jellicent|Sludge Bomb|p2a: Torkoal\n|-damage|p2a: Torkoal|36\/100\n|\n|-weather|SunnyDay|[upkeep]\n|upkeep\n|turn|14\n|\n|t:|1700335004\n|switch|p1a: Silvally|Silvally-Dragon|63\/100\n|-damage|p1a: Silvally|50\/100|[from] Stealth Rock\n|switch|p2a: Brute Bonnet|Brute Bonnet|100\/100\n|-activate|p2a: Brute Bonnet|ability: Protosynthesis\n|-start|p2a: Brute Bonnet|protosynthesisatk\n|\n|-weather|SunnyDay|[upkeep]\n|upkeep\n|turn|15\n|\n|t:|1700335010\n|move|p2a: Brute Bonnet|Sucker Punch||[still]\n|-fail|p2a: Brute Bonnet\n|move|p1a: Silvally|Defog|p2a: Brute Bonnet\n|-unboost|p2a: Brute Bonnet|evasion|1\n|-sideend|p1: PercWatchM4iko|Stealth Rock|[from] move: Defog|[of] p1a: Silvally\n|\n|-weather|SunnyDay|[upkeep]\n|upkeep\n|turn|16\n|\n|t:|1700335022\n|-end|p2a: Brute Bonnet|Protosynthesis|[silent]\n|switch|p2a: Audino|Audino-Mega, F|62\/100 tox\n|move|p1a: Silvally|U-turn|p2a: Audino\n|-resisted|p2a: Audino\n|-damage|p2a: Audino|57\/100 tox\n|\n|t:|1700335026\n|switch|p1a: Blaziken|Blaziken, M|100\/100|[from] U-turn\n|\n|-weather|SunnyDay|[upkeep]\n|-damage|p2a: Audino|51\/100 tox|[from] psn\n|upkeep\n|turn|17\n|\n|t:|1700335032\n|move|p1a: Blaziken|Close Combat|p2a: Audino\n|-damage|p2a: Audino|0 fnt\n|-unboost|p1a: Blaziken|def|1\n|-unboost|p1a: Blaziken|spd|1\n|faint|p2a: Audino\n|-damage|p1a: Blaziken|91\/100|[from] item: Life Orb\n|\n|-weather|SunnyDay|[upkeep]\n|-ability|p1a: Blaziken|Speed Boost|boost\n|-boost|p1a: Blaziken|spe|1\n|upkeep\n|\n|t:|1700335038\n|switch|p2a: Delphox|Delphox, F|39\/100\n|turn|18\n|\n|t:|1700335044\n|move|p1a: Blaziken|Protect|p1a: Blaziken\n|-singleturn|p1a: Blaziken|Protect\n|move|p2a: Delphox|Psyshock|p1a: Blaziken\n|-activate|p1a: Blaziken|move: Protect\n|\n|-weather|SunnyDay|[upkeep]\n|-ability|p1a: Blaziken|Speed Boost|boost\n|-boost|p1a: Blaziken|spe|1\n|upkeep\n|turn|19\n|\n|t:|1700335055\n|switch|p2a: Torkoal|Torkoal, M|36\/100\n|move|p1a: Blaziken|Earthquake|p2a: Torkoal\n|-supereffective|p2a: Torkoal\n|-damage|p2a: Torkoal|0 fnt\n|faint|p2a: Torkoal\n|-damage|p1a: Blaziken|81\/100|[from] item: Life Orb\n|\n|-weather|SunnyDay|[upkeep]\n|-ability|p1a: Blaziken|Speed Boost|boost\n|-boost|p1a: Blaziken|spe|1\n|upkeep\n|\n|t:|1700335059\n|switch|p2a: Brute Bonnet|Brute Bonnet|100\/100\n|-activate|p2a: Brute Bonnet|ability: Protosynthesis\n|-start|p2a: Brute Bonnet|protosynthesisatk\n|turn|20\n|\n|t:|1700335065\n|move|p1a: Blaziken|Vacuum Wave|p2a: Brute Bonnet\n|-supereffective|p2a: Brute Bonnet\n|-damage|p2a: Brute Bonnet|64\/100\n|-damage|p1a: Blaziken|71\/100|[from] item: Life Orb\n|move|p2a: Brute Bonnet|Sucker Punch||[still]\n|-fail|p2a: Brute Bonnet\n|\n|-weather|none\n|-end|p2a: Brute Bonnet|Protosynthesis\n|-ability|p1a: Blaziken|Speed Boost|boost\n|-boost|p1a: Blaziken|spe|1\n|upkeep\n|turn|21\n|\n|t:|1700335073\n|move|p1a: Blaziken|Close Combat|p2a: Brute Bonnet\n|-supereffective|p2a: Brute Bonnet\n|-damage|p2a: Brute Bonnet|0 fnt\n|-unboost|p1a: Blaziken|def|1\n|-unboost|p1a: Blaziken|spd|1\n|faint|p2a: Brute Bonnet\n|-end|p2a: Brute Bonnet|Protosynthesis|[silent]\n|-damage|p1a: Blaziken|61\/100|[from] item: Life Orb\n|\n|-ability|p1a: Blaziken|Speed Boost|boost\n|-boost|p1a: Blaziken|spe|1\n|upkeep\n|j| OrcLoose\n|\n|t:|1700335086\n|switch|p2a: Ting-Lu|Ting-Lu|100\/100\n|-ability|p2a: Ting-Lu|Vessel of Ruin\n|turn|22\n|\n|t:|1700335091\n|move|p1a: Blaziken|Close Combat|p2a: Ting-Lu\n|-supereffective|p2a: Ting-Lu\n|-damage|p2a: Ting-Lu|15\/100\n|-unboost|p1a: Blaziken|def|1\n|-unboost|p1a: Blaziken|spd|1\n|-damage|p1a: Blaziken|51\/100|[from] item: Life Orb\n|move|p2a: Ting-Lu|Earthquake|p1a: Blaziken\n|-supereffective|p1a: Blaziken\n|-damage|p1a: Blaziken|0 fnt\n|faint|p1a: Blaziken\n|\n|-heal|p2a: Ting-Lu|22\/100|[from] item: Leftovers\n|upkeep\n|\n|t:|1700335095\n|switch|p1a: Dodrio|Dodrio, M|76\/100\n|turn|23\n|\n|t:|1700335106\n|move|p1a: Dodrio|Brave Bird|p2a: Ting-Lu\n|-damage|p2a: Ting-Lu|0 fnt\n|faint|p2a: Ting-Lu\n|\n|upkeep\n|\n|t:|1700335108\n|switch|p2a: Delphox|Delphox, F|39\/100\n|turn|24\n|\n|t:|1700335113\n|move|p1a: Dodrio|Quick Attack|p2a: Delphox\n|-damage|p2a: Delphox|7\/100\n|move|p2a: Delphox|Mind Blown|p1a: Dodrio\n|-damage|p1a: Dodrio|0 fnt\n|faint|p1a: Dodrio\n|\n|upkeep\n|\n|t:|1700335118\n|switch|p1a: Persian|Persian, F|100\/100\n|turn|25\n|\n|t:|1700335120\n|move|p1a: Persian|Hyper Voice|p2a: Delphox\n|-damage|p2a: Delphox|0 fnt\n|faint|p2a: Delphox\n|\n|win|PercWatchM4iko\n|c|\u2606Manaphoebe|gg :)\n|j| VascoRB\n|c|\u2606PercWatchM4iko|gg\n","uploadtime":1700335133,"views":27,"p1id":"percwatchm4iko","p2id":"manaphoebe","formatid":"gen9ubers","rating":0,"private":0,"password":""}