{"id":"radicalred-gen9ubers-548090","p1":"ivancuervo2007","p2":"nose xd123","format":"[Gen 9] Ubers","log":"|j|\u2606ivancuervo2007\n|j|\u2606nose xd123\n|t:|1700256786\n|gametype|singles\n|player|p1|ivancuervo2007|rr-dragonite|\n|player|p2|nose xd123|rr-charizardmegax|\n|teamsize|p1|6\n|teamsize|p2|6\n|gen|9\n|tier|[Gen 9] Ubers\n|rule|Sleep Clause Mod: Limit one foe put to sleep\n|rule|Species Clause: Limit one of each Pok\u00e9mon\n|rule|OHKO Clause: OHKO moves are banned\n|rule|Evasion Abilities Clause: Evasion abilities are banned\n|rule|Evasion Items Clause: Evasion items are banned\n|rule|Evasion Moves Clause: Evasion moves are banned\n|rule|Endless Battle Clause: Forcing endless battles is banned\n|rule|HP Percentage Mod: HP is shown in percentages\n|rule|Dynamax Clause: You cannot dynamax\n|rule|Mega Rayquaza Clause: You cannot mega evolve Rayquaza\n|clearpoke\n|poke|p1|Salamence, M|\n|poke|p1|Greninja-*, M|\n|poke|p1|Dragapult, F|\n|poke|p1|Donphan, M|\n|poke|p1|Aegislash, M|\n|poke|p1|Sylveon, M|\n|poke|p2|Greninja-*, M|\n|poke|p2|Mandibuzz, F|\n|poke|p2|Gengar, M|\n|poke|p2|Grimmsnarl, M|\n|poke|p2|Toxapex, M|\n|poke|p2|Kingambit, F|\n|teampreview\n|\n|t:|1700256808\n|start\n|switch|p1a: Jet|Dragapult, F|100\/100\n|switch|p2a: Greninja|Greninja, M|100\/100\n|turn|1\n|\n|t:|1700256816\n|switch|p2a: Grimmsnarl|Grimmsnarl, M|100\/100\n|move|p1a: Jet|U-turn|p2a: Grimmsnarl\n|-damage|p2a: Grimmsnarl|72\/100\n|-damage|p1a: Jet|91\/100|[from] item: Life Orb\n|\n|t:|1700256839\n|switch|p1a: Aegislash|Aegislash, M|100\/100|[from] U-turn\n|\n|upkeep\n|turn|2\n|\n|t:|1700256843\n|move|p2a: Grimmsnarl|Reflect|p2a: Grimmsnarl\n|-sidestart|p2: nose xd123|Reflect\n|move|p1a: Aegislash|Swords Dance|p1a: Aegislash\n|-boost|p1a: Aegislash|atk|2\n|\n|upkeep\n|turn|3\n|\n|t:|1700256850\n|move|p2a: Grimmsnarl|Parting Shot|p1a: Aegislash\n|-unboost|p1a: Aegislash|atk|1\n|-unboost|p1a: Aegislash|spa|1\n|\n|t:|1700256853\n|switch|p2a: Greninja|Greninja, M|100\/100|[from] Parting Shot\n|move|p1a: Aegislash|Swords Dance|p1a: Aegislash\n|-boost|p1a: Aegislash|atk|2\n|\n|upkeep\n|turn|4\n|\n|t:|1700256859\n|-formechange|p1a: Aegislash|Aegislash-Blade||[from] ability: Stance Change\n|move|p1a: Aegislash|Shadow Sneak|p2a: Greninja\n|-resisted|p2a: Greninja\n|-damage|p2a: Greninja|76\/100\n|move|p2a: Greninja|Dark Pulse|p1a: Aegislash\n|-supereffective|p1a: Aegislash\n|-damage|p1a: Aegislash|0 fnt\n|faint|p1a: Aegislash\n|-activate|p2a: Greninja|ability: Battle Bond\n|detailschange|p2a: Greninja|Greninja-Ash, M\n|\n|upkeep\n|\n|t:|1700256870\n|switch|p1a: Neimi|Sylveon, M|100\/100\n|turn|5\n|\n|t:|1700256877\n|move|p2a: Greninja|Water Shuriken|p1a: Neimi\n|-damage|p1a: Neimi|91\/100\n|-damage|p1a: Neimi|82\/100\n|-damage|p1a: Neimi|72\/100\n|-hitcount|p1a: Neimi|3\n|move|p1a: Neimi|Hyper Voice|p2a: Greninja\n|-supereffective|p2a: Greninja\n|-damage|p2a: Greninja|0 fnt\n|faint|p2a: Greninja\n|\n|upkeep\n|\n|t:|1700256885\n|switch|p2a: Gengar|Gengar, M|100\/100\n|turn|6\n|\n|t:|1700256895\n|switch|p1a: Greninja|Greninja, M|100\/100\n|detailschange|p2a: Gengar|Gengar-Mega, M\n|-mega|p2a: Gengar|Gengar|Gengarite\n|move|p2a: Gengar|Sludge Wave|p1a: Greninja\n|-damage|p1a: Greninja|0 fnt\n|faint|p1a: Greninja\n|\n|upkeep\n|\n|t:|1700256900\n|switch|p1a: Jet|Dragapult, F|91\/100\n|turn|7\n|\n|t:|1700256905\n|switch|p2a: Toxapex|Toxapex, M|100\/100\n|move|p1a: Jet|Spirit Shackle|p2a: Toxapex\n|-damage|p2a: Toxapex|69\/100\n|-activate|p2a: Toxapex|trapped\n|-damage|p1a: Jet|81\/100|[from] item: Life Orb\n|\n|-heal|p2a: Toxapex|75\/100|[from] item: Black Sludge\n|upkeep\n|turn|8\n|\n|t:|1700256911\n|move|p2a: Toxapex|Baneful Bunker|p2a: Toxapex\n|-singleturn|p2a: Toxapex|move: Protect\n|move|p1a: Jet|Dragon Darts|p2a: Toxapex\n|-activate|p2a: Toxapex|move: Protect\n|\n|-heal|p2a: Toxapex|81\/100|[from] item: Black Sludge\n|upkeep\n|turn|9\n|\n|t:|1700256916\n|move|p1a: Jet|Dragon Darts|p2a: Toxapex\n|-damage|p2a: Toxapex|60\/100\n|-anim|p1a: Jet|Dragon Darts|p2a: Toxapex\n|-damage|p2a: Toxapex|42\/100\n|-damage|p1a: Jet|71\/100|[from] item: Life Orb\n|move|p2a: Toxapex|Scald|p1a: Jet\n|-resisted|p1a: Jet\n|-damage|p1a: Jet|62\/100\n|-status|p1a: Jet|brn\n|\n|-heal|p2a: Toxapex|48\/100|[from] item: Black Sludge\n|-damage|p1a: Jet|56\/100 brn|[from] brn\n|-sideend|p2: nose xd123|Reflect\n|upkeep\n|turn|10\n|\n|t:|1700256925\n|move|p1a: Jet|Dragon Darts|p2a: Toxapex\n|-damage|p2a: Toxapex|38\/100\n|-anim|p1a: Jet|Dragon Darts|p2a: Toxapex\n|-damage|p2a: Toxapex|28\/100\n|-damage|p1a: Jet|46\/100 brn|[from] item: Life Orb\n|move|p2a: Toxapex|Recover|p2a: Toxapex\n|-heal|p2a: Toxapex|78\/100\n|\n|-heal|p2a: Toxapex|84\/100|[from] item: Black Sludge\n|-damage|p1a: Jet|40\/100 brn|[from] brn\n|upkeep\n|turn|11\n|\n|t:|1700256931\n|move|p1a: Jet|Dragon Darts|p2a: Toxapex\n|-damage|p2a: Toxapex|74\/100\n|-anim|p1a: Jet|Dragon Darts|p2a: Toxapex\n|-damage|p2a: Toxapex|65\/100\n|-damage|p1a: Jet|30\/100 brn|[from] item: Life Orb\n|move|p2a: Toxapex|Knock Off|p1a: Jet\n|-supereffective|p1a: Jet\n|-damage|p1a: Jet|0 fnt\n|-enditem|p1a: Jet|Life Orb|[from] move: Knock Off|[of] p2a: Toxapex\n|faint|p1a: Jet\n|\n|-heal|p2a: Toxapex|71\/100|[from] item: Black Sludge\n|upkeep\n|c|\u2606ivancuervo2007|Otra vez!!!!\n|\n|t:|1700256943\n|switch|p1a: Donphan|Donphan, M|100\/100\n|turn|12\n|\n|t:|1700256946\n|switch|p2a: Mandibuzz|Mandibuzz, F|100\/100\n|move|p1a: Donphan|Bonemerang|p2a: Mandibuzz\n|-immune|p2a: Mandibuzz\n|\n|upkeep\n|turn|13\n|-message|ivancuervo2007 forfeited.\n|\n|win|nose xd123\n|l|\u2606ivancuervo2007\n","uploadtime":1700256993,"views":18,"p1id":"ivancuervo2007","p2id":"nosexd123","formatid":"gen9ubers","rating":0,"private":0,"password":""}