{"id":"smogtours-gen9ubers-730993","p1":"Skyrio&Joya","p2":"2HBlooby","format":"[Gen 9] Ubers","log":"|inactive|Battle timer is ON: inactive players will automatically lose when time's up.\n|t:|1700257098\n|gametype|singles\n|player|p1|Skyrio&Joya|#fcl10samurott|\n|player|p2|2HBlooby|#npl2022ballermannbierbaren|\n|teamsize|p1|6\n|teamsize|p2|6\n|gen|9\n|tier|[Gen 9] Ubers\n|rule|Sleep Clause Mod: Limit one foe put to sleep\n|rule|Species Clause: Limit one of each Pok\u00e9mon\n|rule|OHKO Clause: OHKO moves are banned\n|rule|Evasion Items Clause: Evasion items are banned\n|rule|Evasion Moves Clause: Evasion moves are banned\n|rule|Endless Battle Clause: Forcing endless battles is banned\n|rule|HP Percentage Mod: HP is shown in percentages\n|clearpoke\n|poke|p1|Ting-Lu|\n|poke|p1|Gholdengo|\n|poke|p1|Sneasler, F|\n|poke|p1|Gliscor, F|\n|poke|p1|Zamazenta-*|\n|poke|p1|Samurott-Hisui, M|\n|poke|p2|Gliscor, F|\n|poke|p2|Volcanion|\n|poke|p2|Gholdengo|\n|poke|p2|Zamazenta-*|\n|poke|p2|Kingambit, F|\n|poke|p2|Enamorus, F|\n|teampreview\n|inactive|Skyrio&Joya also wants the timer to be on.\n|c|\u2606Skyrio&Joya|Hf\n|c|\u26062HBlooby|hf\n|inactive|Skyrio&Joya has 270 seconds left.\n|inactive|2HBlooby has 270 seconds left.\n|inactive|Skyrio&Joya has 240 seconds left.\n|inactive|2HBlooby has 240 seconds left.\n|inactive|Skyrio&Joya has 210 seconds left.\n|\n|t:|1700257200\n|start\n|switch|p1a: Samurott|Samurott-Hisui, M|100\/100\n|switch|p2a: Volcanion|Volcanion|100\/100\n|turn|1\n|inactive|2HBlooby has 270 seconds left.\n|\n|t:|1700257232\n|move|p1a: Samurott|Ceaseless Edge|p2a: Volcanion\n|-damage|p2a: Volcanion|61\/100\n|-sidestart|p2: 2HBlooby|Spikes\n|move|p2a: Volcanion|Sludge Bomb|p1a: Samurott\n|-crit|p1a: Samurott\n|-damage|p1a: Samurott|31\/100\n|\n|upkeep\n|turn|2\n|inactive|2HBlooby has 270 seconds left.\n|inactive|2HBlooby has 240 seconds left.\n|\n|t:|1700257273\n|move|p1a: Samurott|Knock Off|p2a: Volcanion\n|-damage|p2a: Volcanion|26\/100\n|-enditem|p2a: Volcanion|Heavy-Duty Boots|[from] move: Knock Off|[of] p1a: Samurott\n|move|p2a: Volcanion|Steam Eruption|p1a: Samurott\n|-resisted|p1a: Samurott\n|-damage|p1a: Samurott|0 fnt\n|faint|p1a: Samurott\n|\n|upkeep\n|inactive|Skyrio&Joya has 240 seconds left.\n|inactive|Skyrio&Joya has 210 seconds left.\n|\n|t:|1700257341\n|switch|p1a: Zamazenta|Zamazenta|100\/100\n|-ability|p1a: Zamazenta|Dauntless Shield|boost\n|-boost|p1a: Zamazenta|def|1\n|turn|3\n|inactive|2HBlooby has 240 seconds left.\n|inactive|2HBlooby has 210 seconds left.\n|\n|t:|1700257394\n|switch|p2a: Gliscor|Gliscor, F|100\/100\n|move|p1a: Zamazenta|Close Combat|p2a: Gliscor\n|-resisted|p2a: Gliscor\n|-damage|p2a: Gliscor|81\/100\n|-unboost|p1a: Zamazenta|def|1\n|-unboost|p1a: Zamazenta|spd|1\n|\n|-status|p2a: Gliscor|tox|[from] item: Toxic Orb\n|upkeep\n|turn|4\n|inactive|2HBlooby has 210 seconds left.\n|inactive|Skyrio&Joya has 210 seconds left.\n|c|+Akalli|c trop joya fait tt\n|inactive|2HBlooby has 180 seconds left.\n|\n|t:|1700257439\n|move|p1a: Zamazenta|Ice Fang|p2a: Gliscor\n|-supereffective|p2a: Gliscor\n|-damage|p2a: Gliscor|18\/100 tox\n|move|p2a: Gliscor|Spikes|p1a: Zamazenta\n|-sidestart|p1: Skyrio&Joya|Spikes\n|\n|-heal|p2a: Gliscor|30\/100 tox|[from] ability: Poison Heal\n|upkeep\n|turn|5\n|\n|t:|1700257445\n|move|p2a: Gliscor|Protect|p2a: Gliscor\n|-singleturn|p2a: Gliscor|Protect\n|move|p1a: Zamazenta|Ice Fang|p2a: Gliscor\n|-activate|p2a: Gliscor|move: Protect\n|\n|-heal|p2a: Gliscor|43\/100 tox|[from] ability: Poison Heal\n|upkeep\n|turn|6\n|inactive|2HBlooby has 180 seconds left.\n|\n|t:|1700257482\n|switch|p2a: Volcanion|Volcanion|26\/100\n|-damage|p2a: Volcanion|14\/100|[from] Spikes\n|move|p1a: Zamazenta|Crunch|p2a: Volcanion\n|-damage|p2a: Volcanion|0 fnt\n|faint|p2a: Volcanion\n|\n|upkeep\n|\n|t:|1700257489\n|switch|p2a: Enamorus|Enamorus, F|100\/100\n|turn|7\n|inactive|Skyrio&Joya has 180 seconds left.\n|inactive|2HBlooby has 150 seconds left.\n|inactive|Skyrio&Joya has 150 seconds left.\n|\n|t:|1700257551\n|-terastallize|p1a: Zamazenta|Steel\n|move|p2a: Enamorus|Moonblast|p1a: Zamazenta\n|-resisted|p1a: Zamazenta\n|-damage|p1a: Zamazenta|62\/100\n|-unboost|p1a: Zamazenta|spa|1\n|move|p1a: Zamazenta|Heavy Slam|p2a: Enamorus\n|-supereffective|p2a: Enamorus\n|-damage|p2a: Enamorus|0 fnt\n|faint|p2a: Enamorus\n|\n|upkeep\n|inactive|2HBlooby has 120 seconds left.\n|\n|t:|1700257572\n|switch|p2a: Zamazenta|Zamazenta|100\/100\n|-ability|p2a: Zamazenta|Dauntless Shield|boost\n|-boost|p2a: Zamazenta|def|1\n|turn|8\n|inactive|2HBlooby has 120 seconds left.\n|inactive|Skyrio&Joya has 150 seconds left.\n|\n|t:|1700257616\n|switch|p2a: Gholdengo|Gholdengo|100\/100\n|-item|p2a: Gholdengo|Air Balloon\n|move|p1a: Zamazenta|Close Combat|p2a: Gholdengo\n|-immune|p2a: Gholdengo\n|\n|upkeep\n|turn|9\n|\n|t:|1700257628\n|switch|p1a: Ting-Lu|Ting-Lu|100\/100\n|-damage|p1a: Ting-Lu|88\/100|[from] Spikes\n|-ability|p1a: Ting-Lu|Vessel of Ruin\n|switch|p2a: Zamazenta|Zamazenta|100\/100\n|\n|-heal|p1a: Ting-Lu|94\/100|[from] item: Leftovers\n|upkeep\n|turn|10\n|\n|t:|1700257641\n|move|p2a: Zamazenta|Close Combat|p1a: Ting-Lu\n|-supereffective|p1a: Ting-Lu\n|-damage|p1a: Ting-Lu|22\/100\n|-unboost|p2a: Zamazenta|def|1\n|-unboost|p2a: Zamazenta|spd|1\n|move|p1a: Ting-Lu|Ruination|p2a: Zamazenta\n|-damage|p2a: Zamazenta|51\/100\n|\n|-heal|p1a: Ting-Lu|28\/100|[from] item: Leftovers\n|upkeep\n|turn|11\n|inactive|Skyrio&Joya has 120 seconds left.\n|inactive|2HBlooby has 90 seconds left.\n|\n|t:|1700257682\n|move|p2a: Zamazenta|Close Combat|p1a: Ting-Lu\n|-supereffective|p1a: Ting-Lu\n|-damage|p1a: Ting-Lu|0 fnt\n|-unboost|p2a: Zamazenta|def|1\n|-unboost|p2a: Zamazenta|spd|1\n|faint|p1a: Ting-Lu\n|\n|upkeep\n|inactive|Skyrio&Joya has 90 seconds left.\n|inactive|Skyrio&Joya has 60 seconds left.\n|\n|t:|1700257727\n|switch|p1a: Sneasler|Sneasler, F|100\/100\n|turn|12\n|inactive|2HBlooby has 90 seconds left.\n|\n|t:|1700257738\n|switch|p2a: Gliscor|Gliscor, F|43\/100 tox\n|move|p1a: Sneasler|U-turn|p2a: Gliscor\n|-resisted|p2a: Gliscor\n|-damage|p2a: Gliscor|35\/100 tox\n|inactive|Skyrio&Joya has 60 seconds left.\n|\n|t:|1700257756\n|switch|p1a: Gliscor|Gliscor, F|100\/100|[from] U-turn\n|\n|-heal|p2a: Gliscor|48\/100 tox|[from] ability: Poison Heal\n|-status|p1a: Gliscor|tox|[from] item: Toxic Orb\n|upkeep\n|turn|13\n|inactive|2HBlooby has 90 seconds left.\n|inactive|2HBlooby has 60 seconds left.\n|\n|t:|1700257802\n|move|p1a: Gliscor|Swords Dance|p1a: Gliscor\n|-boost|p1a: Gliscor|atk|2\n|move|p2a: Gliscor|Spikes|p1a: Gliscor\n|-sidestart|p1: Skyrio&Joya|Spikes\n|\n|-heal|p2a: Gliscor|60\/100 tox|[from] ability: Poison Heal\n|upkeep\n|turn|14\n|inactive|2HBlooby has 60 seconds left.\n|\n|t:|1700257824\n|switch|p2a: Gholdengo|Gholdengo|100\/100\n|-item|p2a: Gholdengo|Air Balloon\n|move|p1a: Gliscor|Ice Fang|p2a: Gholdengo\n|-resisted|p2a: Gholdengo\n|-damage|p2a: Gholdengo|87\/100\n|-enditem|p2a: Gholdengo|Air Balloon\n|\n|upkeep\n|turn|15\n|\n|t:|1700257851\n|switch|p2a: Gliscor|Gliscor, F|60\/100 tox\n|move|p1a: Gliscor|Ice Fang|p2a: Gliscor\n|-supereffective|p2a: Gliscor\n|-damage|p2a: Gliscor|0 fnt\n|faint|p2a: Gliscor\n|\n|upkeep\n|\n|t:|1700257861\n|switch|p2a: Gholdengo|Gholdengo|87\/100\n|-damage|p2a: Gholdengo|75\/100|[from] Spikes\n|turn|16\n|\n|t:|1700257873\n|switch|p2a: Zamazenta|Zamazenta|51\/100\n|move|p1a: Gliscor|Earthquake|p2a: Zamazenta\n|-damage|p2a: Zamazenta|0 fnt\n|faint|p2a: Zamazenta\n|\n|upkeep\n|\n|t:|1700257875\n|switch|p2a: Kingambit|Kingambit, F|100\/100\n|-activate|p2a: Kingambit|ability: Supreme Overlord\n|-start|p2a: Kingambit|fallen4|[silent]\n|turn|17\n|\n|t:|1700257899\n|-terastallize|p2a: Kingambit|Flying\n|move|p1a: Gliscor|Ice Fang|p2a: Kingambit\n|-supereffective|p2a: Kingambit\n|-damage|p2a: Kingambit|52\/100\n|move|p2a: Kingambit|Swords Dance|p2a: Kingambit\n|-boost|p2a: Kingambit|atk|2\n|\n|upkeep\n|turn|18\n|inactive|Skyrio&Joya has 60 seconds left.\n|inactive|2HBlooby has 30 seconds left.\n|inactive|2HBlooby has 20 seconds left.\n|\n|t:|1700257935\n|move|p1a: Gliscor|Ice Fang|p2a: Kingambit\n|-supereffective|p2a: Kingambit\n|-damage|p2a: Kingambit|0 fnt\n|faint|p2a: Kingambit\n|-end|p2a: Kingambit|fallen4|[silent]\n|\n|upkeep\n|inactive|2HBlooby has 25 seconds left this turn.\n|\n|t:|1700257938\n|switch|p2a: Gholdengo|Gholdengo|75\/100\n|-damage|p2a: Gholdengo|62\/100|[from] Spikes\n|turn|19\n|\n|t:|1700257940\n|move|p1a: Gliscor|Earthquake|p2a: Gholdengo\n|-supereffective|p2a: Gholdengo\n|-damage|p2a: Gholdengo|0 fnt\n|faint|p2a: Gholdengo\n|\n|win|Skyrio&Joya\n|c|\u26062HBlooby|gg\n|c|\u2606Skyrio&Joya|gg\n","uploadtime":1700257941,"views":49,"p1id":"skyriojoya","p2id":"2hblooby","formatid":"gen9ubers","rating":0,"private":0,"password":""}