{"id":"smogtours-gen9ubers-731304","p1":"3d & Spencer","p2":"AKALLIOU","format":"[Gen 9] Ubers","log":"|inactive|Battle timer is ON: inactive players will automatically lose when time's up.\n|t:|1700344688\n|gametype|singles\n|player|p1|3d & Spencer|twins-gen4dp|\n|player|p2|AKALLIOU|burglar-lgpe|\n|teamsize|p1|6\n|teamsize|p2|6\n|gen|9\n|tier|[Gen 9] Ubers\n|rule|Sleep Clause Mod: Limit one foe put to sleep\n|rule|Species Clause: Limit one of each Pok\u00e9mon\n|rule|OHKO Clause: OHKO moves are banned\n|rule|Evasion Items Clause: Evasion items are banned\n|rule|Evasion Moves Clause: Evasion moves are banned\n|rule|Endless Battle Clause: Forcing endless battles is banned\n|rule|HP Percentage Mod: HP is shown in percentages\n|clearpoke\n|poke|p1|Rillaboom, M|\n|poke|p1|Manaphy|\n|poke|p1|Heatran, F|\n|poke|p1|Dragapult, M|\n|poke|p1|Great Tusk|\n|poke|p1|Sneasler, M|\n|poke|p2|Rillaboom, M|\n|poke|p2|Heatran, M|\n|poke|p2|Sneasler, M|\n|poke|p2|Great Tusk|\n|poke|p2|Kingambit, M|\n|poke|p2|Dragapult, M|\n|teampreview\n|c|\u2606AKALLIOU|hf\n|c|\u26063d & Spencer|u2\n|c|\u26063d & Spencer|u2\n|c|\u26063d & Spencer|stfu\n|c|\u2606AKALLIOU|hf\n|inactive|3d & Spencer has 270 seconds left.\n|inactive|AKALLIOU has 270 seconds left.\n|inactive|3d & Spencer has 240 seconds left.\n|inactive|AKALLIOU has 240 seconds left.\n|c|+RiyadLand|OMG \n|c|+RiyadLand|what a match \ud83d\ude35\u200d\ud83d\udcab\ud83d\ude35\u200d\ud83d\udcab\n|inactive|AKALLIOU has 210 seconds left.\n|\n|t:|1700344794\n|start\n|switch|p1a: Rillaboom|Rillaboom, M|100\/100\n|switch|p2a: Kingambit|Kingambit, M|100\/100\n|-fieldstart|move: Grassy Terrain|[from] ability: Grassy Surge|[of] p1a: Rillaboom\n|turn|1\n|inactive|3d & Spencer has 270 seconds left.\n|inactive|AKALLIOU has 240 seconds left.\n|\n|t:|1700344840\n|move|p1a: Rillaboom|Wood Hammer|p2a: Kingambit\n|-resisted|p2a: Kingambit\n|-damage|p2a: Kingambit|47\/100\n|-damage|p1a: Rillaboom|85\/100|[from] Recoil\n|move|p2a: Kingambit|Iron Head|p1a: Rillaboom\n|-damage|p1a: Rillaboom|40\/100\n|\n|-heal|p1a: Rillaboom|46\/100|[from] Grassy Terrain\n|-heal|p2a: Kingambit|53\/100|[from] Grassy Terrain\n|upkeep\n|turn|2\n|c|+EG Jhonx|lmao spencer\n|c|+EG Jhonx|i thought he was banned\n|inactive|3d & Spencer has 240 seconds left.\n|inactive|AKALLIOU has 210 seconds left.\n|c|+EG Jhonx|glad to see friends around\n|c|\u26063d & Spencer|not a smogon tour :D\n|inactive|AKALLIOU has 180 seconds left.\n|c|+EG Jhonx|i know\n|\n|t:|1700344899\n|-end|p2a: Kingambit|fallenundefined|[silent]\n|switch|p2a: Rillaboom|Rillaboom, M|100\/100\n|move|p1a: Rillaboom|Wood Hammer|p2a: Rillaboom\n|-resisted|p2a: Rillaboom\n|-damage|p2a: Rillaboom|29\/100\n|-damage|p1a: Rillaboom|25\/100|[from] Recoil\n|\n|-heal|p2a: Rillaboom|35\/100|[from] Grassy Terrain\n|-heal|p1a: Rillaboom|31\/100|[from] Grassy Terrain\n|upkeep\n|turn|3\n|c|+EG Jhonx|this is a real tour \n|inactive|AKALLIOU has 180 seconds left.\n|c|+RiyadLand|????\n|c|+EG Jhonx|focused on skill \n|c|+EG Jhonx|and not reputation\n|c|+EG Jhonx|L\n|inactive|3d & Spencer has 210 seconds left.\n|inactive|AKALLIOU has 150 seconds left.\n|inactive|3d & Spencer has 180 seconds left.\n|\n|t:|1700344961\n|switch|p1a: Manaphy|Manaphy|100\/100\n|move|p2a: Rillaboom|Grassy Glide|p1a: Manaphy\n|-supereffective|p1a: Manaphy\n|-damage|p1a: Manaphy|0 fnt\n|faint|p1a: Manaphy\n|\n|-heal|p2a: Rillaboom|41\/100|[from] Grassy Terrain\n|upkeep\n|inactive|3d & Spencer has 150 seconds left.\n|\n|t:|1700344987\n|switch|p1a: Dragapult|Dragapult, M|100\/100\n|turn|4\n|\n|t:|1700344995\n|switch|p2a: Kingambit|Kingambit, M|53\/100\n|move|p1a: Dragapult|Draco Meteor|p2a: Kingambit\n|-resisted|p2a: Kingambit\n|-damage|p2a: Kingambit|20\/100\n|-unboost|p1a: Dragapult|spa|2\n|\n|-heal|p2a: Kingambit|26\/100|[from] Grassy Terrain\n|upkeep\n|turn|5\n|inactive|AKALLIOU has 150 seconds left.\n|inactive|3d & Spencer has 150 seconds left.\n|inactive|AKALLIOU has 120 seconds left.\n|\n|t:|1700345033\n|switch|p1a: Heatran|Heatran, F|100\/100\n|-item|p1a: Heatran|Air Balloon\n|move|p2a: Kingambit|Kowtow Cleave|p1a: Heatran\n|-damage|p1a: Heatran|58\/100\n|-enditem|p1a: Heatran|Air Balloon\n|\n|-heal|p1a: Heatran|64\/100|[from] Grassy Terrain\n|-heal|p2a: Kingambit|32\/100|[from] Grassy Terrain\n|-fieldend|move: Grassy Terrain\n|upkeep\n|turn|6\n|inactive|AKALLIOU has 120 seconds left.\n|\n|t:|1700345046\n|-end|p2a: Kingambit|fallenundefined|[silent]\n|switch|p2a: Heatran|Heatran, M|100\/100\n|-item|p2a: Heatran|Air Balloon\n|move|p1a: Heatran|Stealth Rock|p2a: Heatran\n|-sidestart|p2: AKALLIOU|move: Stealth Rock\n|\n|upkeep\n|turn|7\n|inactive|AKALLIOU has 120 seconds left.\n|\n|t:|1700345058\n|switch|p1a: Dragapult|Dragapult, M|100\/100\n|move|p2a: Heatran|Stealth Rock|p1a: Dragapult\n|-sidestart|p1: 3d & Spencer|move: Stealth Rock\n|\n|upkeep\n|turn|8\n|inactive|AKALLIOU has 120 seconds left.\n|inactive|3d & Spencer has 150 seconds left.\n|inactive|AKALLIOU has 90 seconds left.\n|\n|t:|1700345101\n|move|p1a: Dragapult|Draco Meteor|p2a: Heatran\n|-resisted|p2a: Heatran\n|-damage|p2a: Heatran|70\/100\n|-unboost|p1a: Dragapult|spa|2\n|-enditem|p2a: Heatran|Air Balloon\n|move|p2a: Heatran|Earth Power|p1a: Dragapult\n|-damage|p1a: Dragapult|58\/100\n|\n|upkeep\n|turn|9\n|inactive|3d & Spencer has 150 seconds left.\n|inactive|AKALLIOU has 90 seconds left.\n|inactive|3d & Spencer has 120 seconds left.\n|\n|t:|1700345144\n|switch|p1a: Rillaboom|Rillaboom, M|31\/100\n|-damage|p1a: Rillaboom|19\/100|[from] Stealth Rock\n|-fieldstart|move: Grassy Terrain|[from] ability: Grassy Surge|[of] p1a: Rillaboom\n|move|p2a: Heatran|Earth Power|p1a: Rillaboom\n|-resisted|p1a: Rillaboom\n|-damage|p1a: Rillaboom|0 fnt\n|faint|p1a: Rillaboom\n|\n|-heal|p2a: Heatran|76\/100|[from] Grassy Terrain\n|upkeep\n|\n|t:|1700345146\n|switch|p1a: Sneasler|Sneasler, M|100\/100\n|-damage|p1a: Sneasler|94\/100|[from] Stealth Rock\n|-enditem|p1a: Sneasler|Grassy Seed\n|-boost|p1a: Sneasler|def|1|[from] item: Grassy Seed\n|turn|10\n|inactive|AKALLIOU has 90 seconds left.\n|inactive|AKALLIOU has 60 seconds left.\n|\n|t:|1700345197\n|-terastallize|p2a: Heatran|Ghost\n|move|p1a: Sneasler|Close Combat|p2a: Heatran\n|-immune|p2a: Heatran\n|move|p2a: Heatran|Earth Power|p1a: Sneasler\n|-supereffective|p1a: Sneasler\n|-damage|p1a: Sneasler|17\/100\n|-unboost|p1a: Sneasler|spd|1\n|\n|-heal|p1a: Sneasler|24\/100|[from] Grassy Terrain\n|-heal|p2a: Heatran|83\/100|[from] Grassy Terrain\n|upkeep\n|turn|11\n|inactive|AKALLIOU has 60 seconds left.\n|inactive|3d & Spencer has 120 seconds left.\n|\n|t:|1700345230\n|move|p1a: Sneasler|Shadow Claw|p2a: Heatran\n|-supereffective|p2a: Heatran\n|-damage|p2a: Heatran|32\/100\n|move|p2a: Heatran|Earth Power|p1a: Sneasler\n|-supereffective|p1a: Sneasler\n|-damage|p1a: Sneasler|0 fnt\n|faint|p1a: Sneasler\n|\n|-heal|p2a: Heatran|38\/100|[from] Grassy Terrain\n|upkeep\n|\n|t:|1700345237\n|switch|p1a: Dragapult|Dragapult, M|58\/100\n|turn|12\n|inactive|AKALLIOU has 60 seconds left.\n|\n|t:|1700345259\n|move|p1a: Dragapult|Hex|p2a: Heatran\n|-supereffective|p2a: Heatran\n|-damage|p2a: Heatran|0 fnt\n|faint|p2a: Heatran\n|\n|-heal|p1a: Dragapult|64\/100|[from] Grassy Terrain\n|upkeep\n|\n|t:|1700345264\n|switch|p2a: Great Tusk|Great Tusk|100\/100\n|-damage|p2a: Great Tusk|97\/100|[from] Stealth Rock\n|-enditem|p2a: Great Tusk|Booster Energy\n|-activate|p2a: Great Tusk|ability: Protosynthesis|[fromitem]\n|-start|p2a: Great Tusk|protosynthesisspe\n|turn|13\n|inactive|3d & Spencer has 120 seconds left.\n|inactive|3d & Spencer has 90 seconds left.\n|inactive|3d & Spencer has 60 seconds left.\n|\n|t:|1700345335\n|-terastallize|p1a: Dragapult|Ghost\n|move|p2a: Great Tusk|Headlong Rush|p1a: Dragapult\n|-damage|p1a: Dragapult|0 fnt\n|-unboost|p2a: Great Tusk|def|1\n|-unboost|p2a: Great Tusk|spd|1\n|faint|p1a: Dragapult\n|\n|-heal|p2a: Great Tusk|100\/100|[from] Grassy Terrain\n|-fieldend|move: Grassy Terrain\n|upkeep\n|\n|t:|1700345340\n|switch|p1a: Great Tusk|Great Tusk|100\/100\n|-damage|p1a: Great Tusk|97\/100|[from] Stealth Rock\n|-enditem|p1a: Great Tusk|Booster Energy\n|-activate|p1a: Great Tusk|ability: Protosynthesis|[fromitem]\n|-start|p1a: Great Tusk|protosynthesisspe\n|turn|14\n|\n|t:|1700345349\n|move|p2a: Great Tusk|Rapid Spin|p1a: Great Tusk\n|-damage|p1a: Great Tusk|88\/100\n|-boost|p2a: Great Tusk|spe|1\n|-sideend|p2: AKALLIOU|Stealth Rock|[from] move: Rapid Spin|[of] p2a: Great Tusk\n|move|p1a: Great Tusk|Bulk Up|p1a: Great Tusk\n|-boost|p1a: Great Tusk|atk|1\n|-boost|p1a: Great Tusk|def|1\n|\n|upkeep\n|turn|15\n|\n|t:|1700345367\n|move|p2a: Great Tusk|Headlong Rush|p1a: Great Tusk\n|-damage|p1a: Great Tusk|67\/100\n|-unboost|p2a: Great Tusk|def|1\n|-unboost|p2a: Great Tusk|spd|1\n|move|p1a: Great Tusk|Bulk Up|p1a: Great Tusk\n|-boost|p1a: Great Tusk|atk|1\n|-boost|p1a: Great Tusk|def|1\n|\n|upkeep\n|turn|16\n|\n|t:|1700345379\n|move|p2a: Great Tusk|Headlong Rush|p1a: Great Tusk\n|-damage|p1a: Great Tusk|49\/100\n|-unboost|p2a: Great Tusk|def|1\n|-unboost|p2a: Great Tusk|spd|1\n|move|p1a: Great Tusk|Rapid Spin|p2a: Great Tusk\n|-damage|p2a: Great Tusk|58\/100\n|-boost|p1a: Great Tusk|spe|1\n|-sideend|p1: 3d & Spencer|Stealth Rock|[from] move: Rapid Spin|[of] p1a: Great Tusk\n|\n|upkeep\n|turn|17\n|\n|t:|1700345389\n|move|p1a: Great Tusk|Ice Spinner|p2a: Great Tusk\n|-supereffective|p2a: Great Tusk\n|-damage|p2a: Great Tusk|0 fnt\n|faint|p2a: Great Tusk\n|-end|p2a: Great Tusk|Protosynthesis|[silent]\n|\n|upkeep\n|\n|t:|1700345406\n|switch|p2a: Rillaboom|Rillaboom, M|41\/100\n|-fieldstart|move: Grassy Terrain|[from] ability: Grassy Surge|[of] p2a: Rillaboom\n|turn|18\n|\n|t:|1700345410\n|move|p2a: Rillaboom|Grassy Glide|p1a: Great Tusk\n|-supereffective|p1a: Great Tusk\n|-damage|p1a: Great Tusk|14\/100\n|move|p1a: Great Tusk|Ice Spinner|p2a: Rillaboom\n|-supereffective|p2a: Rillaboom\n|-damage|p2a: Rillaboom|0 fnt\n|-fieldend|move: Grassy Terrain\n|faint|p2a: Rillaboom\n|\n|upkeep\n|\n|t:|1700345417\n|switch|p2a: Dragapult|Dragapult, M|100\/100\n|turn|19\n|\n|t:|1700345421\n|move|p1a: Great Tusk|Ice Spinner|p2a: Dragapult\n|-supereffective|p2a: Dragapult\n|-enditem|p2a: Dragapult|Focus Sash\n|-damage|p2a: Dragapult|1\/100\n|move|p2a: Dragapult|Hex|p1a: Great Tusk\n|-damage|p1a: Great Tusk|0 fnt\n|faint|p1a: Great Tusk\n|-end|p1a: Great Tusk|Protosynthesis|[silent]\n|\n|upkeep\n|\n|t:|1700345423\n|switch|p1a: Heatran|Heatran, F|64\/100\n|turn|20\n|c|+RiyadLand|OMG \n|c|\u26063d & Spencer|gg\n|\n|t:|1700345436\n|move|p2a: Dragapult|Hex|p1a: Heatran\n|-damage|p1a: Heatran|47\/100\n|move|p1a: Heatran|Earth Power|p2a: Dragapult\n|-damage|p2a: Dragapult|0 fnt\n|faint|p2a: Dragapult\n|\n|upkeep\n|-message|3d & Spencer forfeited.\n|\n|win|AKALLIOU\n|c|+Umberto_test|plot twist\n|c|\u2606AKALLIOU|gg\n|c|\u2606AKALLIOU|gg\n|c|+RiyadLand|Incroyable \n|player|p1|3d & Spencer|twins-gen4dp\n|player|p1|\n|player|p1|3d & Spencer|twins-gen4dp\n|player|p1|\n|player|p1|3d & Spencer|twins-gen4dp\n|player|p1|\n|player|p2|AKALLIOU|burglar-lgpe\n","uploadtime":1700345438,"views":74,"p1id":"3dspencer","p2id":"akalliou","formatid":"gen9ubers","rating":0,"private":0,"password":""}