{"id":"smogtours-gen9ubers-730607","p1":"Hikozaru33321","p2":"pj &messi30","format":"[Gen 9] Ubers","log":"|inactive|Battle timer is ON: inactive players will automatically lose when time's up.\n|t:|1699981618\n|gametype|singles\n|player|p1|Hikozaru33321|youngcouple-gen4dp|\n|player|p2|pj &messi30|#outbpj|\n|teamsize|p1|6\n|teamsize|p2|6\n|gen|9\n|tier|[Gen 9] Ubers\n|rule|Sleep Clause Mod: Limit one foe put to sleep\n|rule|Species Clause: Limit one of each Pok\u00e9mon\n|rule|OHKO Clause: OHKO moves are banned\n|rule|Evasion Items Clause: Evasion items are banned\n|rule|Evasion Moves Clause: Evasion moves are banned\n|rule|Endless Battle Clause: Forcing endless battles is banned\n|rule|HP Percentage Mod: HP is shown in percentages\n|clearpoke\n|poke|p1|Dragonite, F|\n|poke|p1|Gliscor, F|\n|poke|p1|Skeledirge, F|\n|poke|p1|Clefable, F|\n|poke|p1|Samurott-Hisui, F|\n|poke|p1|Weavile, F|\n|poke|p2|Sneasler, M|\n|poke|p2|Ting-Lu|\n|poke|p2|Zapdos|\n|poke|p2|Gholdengo|\n|poke|p2|Great Tusk|\n|poke|p2|Rillaboom, M|\n|teampreview\n|inactive|Hikozaru33321 also wants the timer to be on.\n|c|\u2606pj &messi30|hf\n|inactive|Hikozaru33321 has 270 seconds left.\n|inactive|pj &messi30 has 270 seconds left.\n|\n|t:|1699981653\n|start\n|switch|p1a: Gliscor|Gliscor, F, shiny|100\/100\n|switch|p2a: Sneasler|Sneasler, M|100\/100\n|turn|1\n|\n|t:|1699981663\n|move|p1a: Gliscor|Protect|p1a: Gliscor\n|-singleturn|p1a: Gliscor|Protect\n|move|p2a: Sneasler|Fake Out|p1a: Gliscor\n|-activate|p1a: Gliscor|move: Protect\n|\n|-status|p1a: Gliscor|tox|[from] item: Toxic Orb\n|upkeep\n|turn|2\n|\n|t:|1699981692\n|move|p2a: Sneasler|U-turn|p1a: Gliscor\n|-resisted|p1a: Gliscor\n|-damage|p1a: Gliscor|91\/100 tox\n|\n|t:|1699981696\n|switch|p2a: Gholdengo|Gholdengo|100\/100|[from] U-turn\n|-item|p2a: Gholdengo|Air Balloon\n|move|p1a: Gliscor|Swords Dance|p1a: Gliscor\n|-boost|p1a: Gliscor|atk|2\n|\n|-heal|p1a: Gliscor|100\/100 tox|[from] ability: Poison Heal\n|upkeep\n|turn|3\n|\n|t:|1699981713\n|move|p1a: Gliscor|Ice Fang|p2a: Gholdengo|[miss]\n|-miss|p1a: Gliscor|p2a: Gholdengo\n|move|p2a: Gholdengo|Nasty Plot|p2a: Gholdengo\n|-boost|p2a: Gholdengo|spa|2\n|\n|upkeep\n|turn|4\n|\n|t:|1699981726\n|switch|p1a: Samurott|Samurott-Hisui, F, shiny|100\/100\n|move|p2a: Gholdengo|Shadow Ball|p1a: Samurott\n|-resisted|p1a: Samurott\n|-damage|p1a: Samurott|49\/100\n|\n|upkeep\n|turn|5\n|\n|t:|1699981742\n|switch|p2a: Zapdos|Zapdos|100\/100\n|move|p1a: Samurott|Ceaseless Edge|p2a: Zapdos\n|-damage|p2a: Zapdos|59\/100\n|-sidestart|p2: pj &messi30|Spikes\n|\n|upkeep\n|turn|6\n|\n|t:|1699981748\n|switch|p1a: Gliscor|Gliscor, F, shiny|100\/100 tox\n|move|p2a: Zapdos|Volt Switch|p1a: Gliscor\n|-immune|p1a: Gliscor\n|\n|upkeep\n|turn|7\n|\n|t:|1699981758\n|switch|p2a: Great Tusk|Great Tusk|100\/100\n|move|p1a: Gliscor|Swords Dance|p1a: Gliscor\n|-boost|p1a: Gliscor|atk|2\n|\n|upkeep\n|turn|8\n|\n|t:|1699981764\n|move|p1a: Gliscor|Protect|p1a: Gliscor\n|-singleturn|p1a: Gliscor|Protect\n|move|p2a: Great Tusk|Ice Spinner|p1a: Gliscor\n|-activate|p1a: Gliscor|move: Protect\n|\n|upkeep\n|turn|9\n|\n|t:|1699981769\n|switch|p1a: Clefable|Clefable, F, shiny|100\/100\n|move|p2a: Great Tusk|Ice Spinner|p1a: Clefable\n|-damage|p1a: Clefable|81\/100\n|-damage|p2a: Great Tusk|84\/100|[from] item: Rocky Helmet|[of] p1a: Clefable\n|\n|upkeep\n|turn|10\n|\n|t:|1699981782\n|-end|p2a: Great Tusk|Protosynthesis|[silent]\n|switch|p2a: Rillaboom|Rillaboom, M|100\/100\n|-damage|p2a: Rillaboom|88\/100|[from] Spikes\n|-fieldstart|move: Grassy Terrain|[from] ability: Grassy Surge|[of] p2a: Rillaboom\n|move|p1a: Clefable|Moonblast|p2a: Rillaboom\n|-crit|p2a: Rillaboom\n|-damage|p2a: Rillaboom|31\/100\n|\n|-heal|p2a: Rillaboom|37\/100|[from] Grassy Terrain\n|-heal|p1a: Clefable|88\/100|[from] Grassy Terrain\n|upkeep\n|turn|11\n|inactive|Hikozaru33321 has 270 seconds left.\n|\n|t:|1699981815\n|switch|p1a: Skeledirge|Skeledirge, F, shiny|100\/100\n|move|p2a: Rillaboom|Knock Off|p1a: Skeledirge\n|-supereffective|p1a: Skeledirge\n|-damage|p1a: Skeledirge|26\/100\n|-enditem|p1a: Skeledirge|Heavy-Duty Boots|[from] move: Knock Off|[of] p2a: Rillaboom\n|\n|-heal|p2a: Rillaboom|43\/100|[from] Grassy Terrain\n|-heal|p1a: Skeledirge|32\/100|[from] Grassy Terrain\n|upkeep\n|turn|12\n|inactive|Hikozaru33321 has 270 seconds left.\n|\n|t:|1699981840\n|switch|p1a: Gliscor|Gliscor, F, shiny|100\/100 tox\n|move|p2a: Rillaboom|Knock Off|p1a: Gliscor\n|-damage|p1a: Gliscor|60\/100 tox\n|-enditem|p1a: Gliscor|Toxic Orb|[from] move: Knock Off|[of] p2a: Rillaboom\n|\n|-heal|p2a: Rillaboom|49\/100|[from] Grassy Terrain\n|-heal|p1a: Gliscor|73\/100 tox|[from] ability: Poison Heal\n|upkeep\n|turn|13\n|\n|t:|1699981850\n|switch|p2a: Gholdengo|Gholdengo|100\/100\n|-item|p2a: Gholdengo|Air Balloon\n|move|p1a: Gliscor|Ice Fang|p2a: Gholdengo\n|-resisted|p2a: Gholdengo\n|-damage|p2a: Gholdengo|96\/100\n|-status|p2a: Gholdengo|frz\n|-enditem|p2a: Gholdengo|Air Balloon\n|\n|-heal|p2a: Gholdengo|100\/100 frz|[from] Grassy Terrain\n|-heal|p1a: Gliscor|85\/100 tox|[from] ability: Poison Heal\n|upkeep\n|turn|14\n|inactive|Hikozaru33321 has 270 seconds left.\n|\n|t:|1699981860\n|switch|p2a: Ting-Lu|Ting-Lu|100\/100\n|-damage|p2a: Ting-Lu|88\/100|[from] Spikes\n|-ability|p2a: Ting-Lu|Vessel of Ruin\n|move|p1a: Gliscor|Swords Dance|p1a: Gliscor\n|-boost|p1a: Gliscor|atk|2\n|\n|-heal|p2a: Ting-Lu|94\/100|[from] Grassy Terrain\n|-heal|p2a: Ting-Lu|100\/100|[from] item: Leftovers\n|-heal|p1a: Gliscor|98\/100 tox|[from] ability: Poison Heal\n|-fieldend|move: Grassy Terrain\n|upkeep\n|turn|15\n|\n|t:|1699981865\n|move|p1a: Gliscor|Ice Fang|p2a: Ting-Lu\n|-supereffective|p2a: Ting-Lu\n|-damage|p2a: Ting-Lu|69\/100\n|move|p2a: Ting-Lu|Whirlwind|p1a: Gliscor\n|drag|p1a: Samurott|Samurott-Hisui, F, shiny|49\/100\n|\n|-heal|p2a: Ting-Lu|76\/100|[from] item: Leftovers\n|upkeep\n|turn|16\n|inactive|Hikozaru33321 has 270 seconds left.\n|\n|t:|1699981902\n|switch|p1a: Weavile|Weavile, F|100\/100\n|-ability|p1a: Weavile|Pressure\n|switch|p2a: Zapdos|Zapdos|59\/100\n|\n|upkeep\n|turn|17\n|inactive|pj &messi30 has 270 seconds left.\n|\n|t:|1699981926\n|switch|p2a: Sneasler|Sneasler, M|100\/100\n|move|p1a: Weavile|Ice Spinner|p2a: Sneasler\n|-damage|p2a: Sneasler|38\/100\n|\n|upkeep\n|turn|18\n|inactive|Hikozaru33321 has 270 seconds left.\n|\n|t:|1699981934\n|switch|p1a: Gliscor|Gliscor, F, shiny|98\/100 tox\n|move|p2a: Sneasler|Fake Out|p1a: Gliscor\n|-damage|p1a: Gliscor|87\/100 tox\n|\n|-heal|p1a: Gliscor|99\/100 tox|[from] ability: Poison Heal\n|upkeep\n|turn|19\n|\n|t:|1699981938\n|move|p2a: Sneasler|U-turn|p1a: Gliscor\n|-resisted|p1a: Gliscor\n|-damage|p1a: Gliscor|90\/100 tox\n|\n|t:|1699981941\n|switch|p2a: Great Tusk|Great Tusk|84\/100|[from] U-turn\n|move|p1a: Gliscor|Swords Dance|p1a: Gliscor\n|-boost|p1a: Gliscor|atk|2\n|\n|-heal|p1a: Gliscor|100\/100 tox|[from] ability: Poison Heal\n|upkeep\n|turn|20\n|\n|t:|1699981953\n|switch|p1a: Clefable|Clefable, F, shiny|88\/100\n|move|p2a: Great Tusk|Rapid Spin|p1a: Clefable\n|-crit|p1a: Clefable\n|-damage|p1a: Clefable|72\/100\n|-boost|p2a: Great Tusk|spe|1\n|-damage|p2a: Great Tusk|67\/100|[from] item: Rocky Helmet|[of] p1a: Clefable\n|-sideend|p2: pj &messi30|Spikes|[from] move: Rapid Spin|[of] p2a: Great Tusk\n|\n|upkeep\n|turn|21\n|inactive|Hikozaru33321 has 270 seconds left.\n|\n|t:|1699981983\n|-end|p2a: Great Tusk|Protosynthesis|[silent]\n|switch|p2a: Rillaboom|Rillaboom, M|49\/100\n|-fieldstart|move: Grassy Terrain|[from] ability: Grassy Surge|[of] p2a: Rillaboom\n|move|p1a: Clefable|Stealth Rock|p2a: Rillaboom\n|-sidestart|p2: pj &messi30|move: Stealth Rock\n|\n|-heal|p2a: Rillaboom|56\/100|[from] Grassy Terrain\n|-heal|p1a: Clefable|78\/100|[from] Grassy Terrain\n|upkeep\n|turn|22\n|inactive|Hikozaru33321 has 270 seconds left.\n|inactive|pj &messi30 has 270 seconds left.\n|\n|t:|1699982020\n|switch|p1a: Skeledirge|Skeledirge, F, shiny|32\/100\n|move|p2a: Rillaboom|U-turn|p1a: Skeledirge\n|-resisted|p1a: Skeledirge\n|-damage|p1a: Skeledirge|26\/100\n|\n|t:|1699982029\n|switch|p2a: Great Tusk|Great Tusk|67\/100|[from] U-turn\n|\n|-heal|p2a: Great Tusk|73\/100|[from] Grassy Terrain\n|-heal|p1a: Skeledirge|32\/100|[from] Grassy Terrain\n|upkeep\n|turn|23\n|inactive|pj &messi30 has 270 seconds left.\n|\n|t:|1699982035\n|switch|p1a: Clefable|Clefable, F, shiny|78\/100\n|move|p2a: Great Tusk|Knock Off|p1a: Clefable\n|-resisted|p1a: Clefable\n|-damage|p1a: Clefable|67\/100\n|-damage|p2a: Great Tusk|57\/100|[from] item: Rocky Helmet|[of] p1a: Clefable\n|-enditem|p1a: Clefable|Rocky Helmet|[from] move: Knock Off|[of] p2a: Great Tusk\n|\n|-heal|p2a: Great Tusk|63\/100|[from] Grassy Terrain\n|-heal|p1a: Clefable|73\/100|[from] Grassy Terrain\n|upkeep\n|turn|24\n|inactive|pj &messi30 has 270 seconds left.\n|\n|t:|1699982053\n|-end|p2a: Great Tusk|Protosynthesis|[silent]\n|switch|p2a: Gholdengo|Gholdengo|100\/100 frz\n|-damage|p2a: Gholdengo|94\/100 frz|[from] Stealth Rock\n|switch|p1a: Weavile|Weavile, F|100\/100\n|-ability|p1a: Weavile|Pressure\n|\n|-heal|p2a: Gholdengo|100\/100 frz|[from] Grassy Terrain\n|upkeep\n|turn|25\n|\n|t:|1699982057\n|-terastallize|p2a: Gholdengo|Fairy\n|move|p1a: Weavile|Knock Off|p2a: Gholdengo\n|-resisted|p2a: Gholdengo\n|-damage|p2a: Gholdengo|90\/100 frz\n|cant|p2a: Gholdengo|frz\n|\n|-heal|p2a: Gholdengo|96\/100 frz|[from] Grassy Terrain\n|-fieldend|move: Grassy Terrain\n|upkeep\n|turn|26\n|inactive|Hikozaru33321 has 270 seconds left.\n|\n|t:|1699982076\n|move|p1a: Weavile|Ice Spinner|p2a: Gholdengo\n|-damage|p2a: Gholdengo|68\/100 frz\n|-curestatus|p2a: Gholdengo|frz|[msg]\n|move|p2a: Gholdengo|Nasty Plot|p2a: Gholdengo\n|-boost|p2a: Gholdengo|spa|2\n|\n|upkeep\n|turn|27\n|\n|t:|1699982099\n|move|p1a: Weavile|Ice Spinner|p2a: Gholdengo\n|-damage|p2a: Gholdengo|41\/100\n|move|p2a: Gholdengo|Recover|p2a: Gholdengo\n|-heal|p2a: Gholdengo|91\/100\n|\n|upkeep\n|turn|28\n|inactive|Hikozaru33321 has 240 seconds left.\n|inactive|pj &messi30 has 270 seconds left.\n|inactive|Hikozaru33321 has 210 seconds left.\n|inactive|Hikozaru33321 has 180 seconds left.\n|inactive|pj &messi30 has 240 seconds left.\n|c|\u2606Hikozaru33321|test\n|inactive|pj &messi30 has 210 seconds left.\n|inactive|pj &messi30 has 180 seconds left.\n|\n|t:|1699982275\n|switch|p1a: Samurott|Samurott-Hisui, F, shiny|49\/100\n|move|p2a: Gholdengo|Dazzling Gleam|p1a: Samurott\n|-supereffective|p1a: Samurott\n|-damage|p1a: Samurott|0 fnt\n|faint|p1a: Samurott\n|\n|upkeep\n|\n|t:|1699982282\n|switch|p1a: Skeledirge|Skeledirge, F, shiny|32\/100\n|turn|29\n|inactive|pj &messi30 has 180 seconds left.\n|\n|t:|1699982294\n|-terastallize|p1a: Skeledirge|Water\n|move|p2a: Gholdengo|Shadow Ball|p1a: Skeledirge\n|-damage|p1a: Skeledirge|3\/100\n|move|p1a: Skeledirge|Slack Off|p1a: Skeledirge\n|-heal|p1a: Skeledirge|53\/100\n|\n|upkeep\n|turn|30\n|\n|t:|1699982301\n|switch|p2a: Zapdos|Zapdos|59\/100\n|move|p1a: Skeledirge|Slack Off|p1a: Skeledirge\n|-heal|p1a: Skeledirge|100\/100\n|\n|upkeep\n|turn|31\n|inactive|pj &messi30 has 180 seconds left.\n|\n|t:|1699982316\n|switch|p2a: Great Tusk|Great Tusk|63\/100\n|switch|p1a: Gliscor|Gliscor, F, shiny|100\/100 tox\n|\n|upkeep\n|turn|32\n|inactive|pj &messi30 has 180 seconds left.\n|\n|t:|1699982348\n|switch|p1a: Weavile|Weavile, F|100\/100\n|-ability|p1a: Weavile|Pressure\n|move|p2a: Great Tusk|Rapid Spin|p1a: Weavile\n|-damage|p1a: Weavile|73\/100\n|-boost|p2a: Great Tusk|spe|1\n|-sideend|p2: pj &messi30|Stealth Rock|[from] move: Rapid Spin|[of] p2a: Great Tusk\n|\n|upkeep\n|turn|33\n|inactive|pj &messi30 has 180 seconds left.\n|\n|t:|1699982356\n|switch|p1a: Clefable|Clefable, F, shiny|73\/100\n|move|p2a: Great Tusk|Headlong Rush|p1a: Clefable\n|-damage|p1a: Clefable|34\/100\n|-unboost|p2a: Great Tusk|def|1\n|-unboost|p2a: Great Tusk|spd|1\n|\n|upkeep\n|turn|34\n|inactive|pj &messi30 has 180 seconds left.\n|\n|t:|1699982371\n|switch|p1a: Dragonite|Dragonite, F, shiny|100\/100\n|move|p2a: Great Tusk|Headlong Rush|p1a: Dragonite\n|-immune|p1a: Dragonite\n|\n|upkeep\n|turn|35\n|inactive|pj &messi30 has 180 seconds left.\n|\n|t:|1699982397\n|-end|p2a: Great Tusk|Protosynthesis|[silent]\n|switch|p2a: Zapdos|Zapdos|59\/100\n|switch|p1a: Skeledirge|Skeledirge, F, shiny, tera:Water|100\/100\n|\n|upkeep\n|turn|36\n|inactive|Hikozaru33321 has 180 seconds left.\n|\n|t:|1699982404\n|switch|p1a: Gliscor|Gliscor, F, shiny|100\/100 tox\n|move|p2a: Zapdos|Hurricane|p1a: Gliscor|[miss]\n|-miss|p2a: Zapdos|p1a: Gliscor\n|\n|upkeep\n|turn|37\n|inactive|Hikozaru33321 has 180 seconds left.\n|\n|t:|1699982414\n|switch|p2a: Rillaboom|Rillaboom, M|56\/100\n|-fieldstart|move: Grassy Terrain|[from] ability: Grassy Surge|[of] p2a: Rillaboom\n|move|p1a: Gliscor|Ice Fang|p2a: Rillaboom\n|-supereffective|p2a: Rillaboom\n|-damage|p2a: Rillaboom|26\/100\n|\n|-heal|p2a: Rillaboom|33\/100|[from] Grassy Terrain\n|upkeep\n|turn|38\n|inactive|pj &messi30 has 180 seconds left.\n|\n|t:|1699982423\n|move|p1a: Gliscor|Protect|p1a: Gliscor\n|-singleturn|p1a: Gliscor|Protect\n|move|p2a: Rillaboom|Wood Hammer|p1a: Gliscor\n|-activate|p1a: Gliscor|move: Protect\n|\n|-heal|p2a: Rillaboom|39\/100|[from] Grassy Terrain\n|upkeep\n|turn|39\n|\n|t:|1699982429\n|switch|p2a: Gholdengo|Gholdengo, tera:Fairy|91\/100\n|switch|p1a: Dragonite|Dragonite, F, shiny|100\/100\n|\n|-heal|p2a: Gholdengo|97\/100|[from] Grassy Terrain\n|upkeep\n|turn|40\n|\n|t:|1699982434\n|switch|p1a: Skeledirge|Skeledirge, F, shiny, tera:Water|100\/100\n|move|p2a: Gholdengo|Nasty Plot|p2a: Gholdengo\n|-boost|p2a: Gholdengo|spa|2\n|\n|-heal|p2a: Gholdengo|100\/100|[from] Grassy Terrain\n|upkeep\n|turn|41\n|\n|t:|1699982443\n|switch|p2a: Ting-Lu|Ting-Lu|76\/100\n|-ability|p2a: Ting-Lu|Vessel of Ruin\n|move|p1a: Skeledirge|Will-O-Wisp|p2a: Ting-Lu\n|-status|p2a: Ting-Lu|brn\n|\n|-heal|p2a: Ting-Lu|82\/100 brn|[from] Grassy Terrain\n|-heal|p2a: Ting-Lu|88\/100 brn|[from] item: Leftovers\n|-damage|p2a: Ting-Lu|82\/100 brn|[from] brn\n|-fieldend|move: Grassy Terrain\n|upkeep\n|turn|42\n|inactive|Hikozaru33321 has 210 seconds left.\n|\n|t:|1699982448\n|switch|p1a: Clefable|Clefable, F, shiny|34\/100\n|move|p2a: Ting-Lu|Spikes|p1a: Clefable\n|-sidestart|p1: Hikozaru33321|Spikes\n|\n|-heal|p2a: Ting-Lu|88\/100 brn|[from] item: Leftovers\n|-damage|p2a: Ting-Lu|82\/100 brn|[from] brn\n|upkeep\n|turn|43\n|\n|t:|1699982454\n|move|p1a: Clefable|Moonlight|p1a: Clefable\n|-heal|p1a: Clefable|84\/100\n|move|p2a: Ting-Lu|Spikes|p1a: Clefable\n|-sidestart|p1: Hikozaru33321|Spikes\n|\n|-heal|p2a: Ting-Lu|88\/100 brn|[from] item: Leftovers\n|-damage|p2a: Ting-Lu|82\/100 brn|[from] brn\n|upkeep\n|turn|44\n|\n|t:|1699982457\n|move|p1a: Clefable|Stealth Rock|p2a: Ting-Lu\n|-sidestart|p2: pj &messi30|move: Stealth Rock\n|move|p2a: Ting-Lu|Spikes|p1a: Clefable\n|-sidestart|p1: Hikozaru33321|Spikes\n|\n|-heal|p2a: Ting-Lu|88\/100 brn|[from] item: Leftovers\n|-damage|p2a: Ting-Lu|82\/100 brn|[from] brn\n|upkeep\n|turn|45\n|inactive|pj &messi30 has 240 seconds left.\n|\n|t:|1699982464\n|switch|p2a: Gholdengo|Gholdengo, tera:Fairy|100\/100\n|-damage|p2a: Gholdengo|88\/100|[from] Stealth Rock\n|move|p1a: Clefable|Moonblast|p2a: Gholdengo\n|-damage|p2a: Gholdengo|55\/100\n|\n|upkeep\n|turn|46\n|inactive|Hikozaru33321 has 240 seconds left.\n|\n|t:|1699982470\n|move|p2a: Gholdengo|Recover|p2a: Gholdengo\n|-heal|p2a: Gholdengo|100\/100\n|move|p1a: Clefable|Moonblast|p2a: Gholdengo\n|-damage|p2a: Gholdengo|72\/100\n|\n|upkeep\n|turn|47\n|\n|t:|1699982474\n|switch|p1a: Gliscor|Gliscor, F, shiny|100\/100 tox\n|move|p2a: Gholdengo|Shadow Ball|p1a: Gliscor\n|-damage|p1a: Gliscor|66\/100 tox\n|\n|-heal|p1a: Gliscor|78\/100 tox|[from] ability: Poison Heal\n|upkeep\n|turn|48\n|\n|t:|1699982488\n|switch|p2a: Great Tusk|Great Tusk|63\/100\n|move|p1a: Gliscor|Swords Dance|p1a: Gliscor\n|-boost|p1a: Gliscor|atk|2\n|\n|-heal|p1a: Gliscor|91\/100 tox|[from] ability: Poison Heal\n|upkeep\n|turn|49\n|\n|t:|1699982492\n|move|p1a: Gliscor|Protect|p1a: Gliscor\n|-singleturn|p1a: Gliscor|Protect\n|move|p2a: Great Tusk|Ice Spinner|p1a: Gliscor\n|-activate|p1a: Gliscor|move: Protect\n|\n|-heal|p1a: Gliscor|100\/100 tox|[from] ability: Poison Heal\n|upkeep\n|turn|50\n|\n|t:|1699982499\n|switch|p1a: Clefable|Clefable, F, shiny|84\/100\n|move|p2a: Great Tusk|Ice Spinner|p1a: Clefable\n|-damage|p1a: Clefable|65\/100\n|\n|upkeep\n|turn|51\n|inactive|pj &messi30 has 270 seconds left.\n|\n|t:|1699982514\n|-end|p2a: Great Tusk|Protosynthesis|[silent]\n|switch|p2a: Gholdengo|Gholdengo, tera:Fairy|72\/100\n|-damage|p2a: Gholdengo|60\/100|[from] Stealth Rock\n|move|p1a: Clefable|Moonlight|p1a: Clefable\n|-heal|p1a: Clefable|100\/100\n|\n|upkeep\n|turn|52\n|\n|t:|1699982527\n|switch|p1a: Gliscor|Gliscor, F, shiny|100\/100 tox\n|move|p2a: Gholdengo|Nasty Plot|p2a: Gholdengo\n|-boost|p2a: Gholdengo|spa|2\n|\n|upkeep\n|turn|53\n|\n|t:|1699982537\n|switch|p1a: Skeledirge|Skeledirge, F, shiny, tera:Water|100\/100\n|-damage|p1a: Skeledirge|76\/100|[from] Spikes\n|move|p2a: Gholdengo|Dazzling Gleam|p1a: Skeledirge\n|-damage|p1a: Skeledirge|47\/100\n|\n|upkeep\n|turn|54\n|\n|t:|1699982544\n|move|p2a: Gholdengo|Shadow Ball|p1a: Skeledirge\n|-damage|p1a: Skeledirge|18\/100\n|move|p1a: Skeledirge|Slack Off|p1a: Skeledirge\n|-heal|p1a: Skeledirge|68\/100\n|\n|upkeep\n|turn|55\n|\n|t:|1699982550\n|switch|p2a: Ting-Lu|Ting-Lu|82\/100 brn\n|-damage|p2a: Ting-Lu|76\/100 brn|[from] Stealth Rock\n|-ability|p2a: Ting-Lu|Vessel of Ruin\n|move|p1a: Skeledirge|Slack Off|p1a: Skeledirge\n|-heal|p1a: Skeledirge|100\/100\n|\n|-heal|p2a: Ting-Lu|82\/100 brn|[from] item: Leftovers\n|-damage|p2a: Ting-Lu|76\/100 brn|[from] brn\n|upkeep\n|turn|56\n|\n|t:|1699982579\n|move|p1a: Skeledirge|Torch Song|p2a: Ting-Lu\n|-damage|p2a: Ting-Lu|63\/100 brn\n|-boost|p1a: Skeledirge|spa|1\n|move|p2a: Ting-Lu|Ruination|p1a: Skeledirge\n|-damage|p1a: Skeledirge|51\/100\n|\n|-heal|p2a: Ting-Lu|69\/100 brn|[from] item: Leftovers\n|-damage|p2a: Ting-Lu|63\/100 brn|[from] brn\n|upkeep\n|turn|57\n|\n|t:|1699982600\n|move|p1a: Skeledirge|Slack Off|p1a: Skeledirge\n|-heal|p1a: Skeledirge|100\/100\n|move|p2a: Ting-Lu|Whirlwind|p1a: Skeledirge\n|drag|p1a: Weavile|Weavile, F|73\/100\n|-ability|p1a: Weavile|Pressure\n|\n|-heal|p2a: Ting-Lu|69\/100 brn|[from] item: Leftovers\n|-damage|p2a: Ting-Lu|63\/100 brn|[from] brn\n|upkeep\n|turn|58\n|inactive|pj &messi30 has 270 seconds left.\n|\n|t:|1699982622\n|move|p1a: Weavile|Ice Spinner|p2a: Ting-Lu\n|-supereffective|p2a: Ting-Lu\n|-damage|p2a: Ting-Lu|22\/100 brn\n|move|p2a: Ting-Lu|Whirlwind|p1a: Weavile\n|drag|p1a: Skeledirge|Skeledirge, F, shiny, tera:Water|100\/100\n|-damage|p1a: Skeledirge|76\/100|[from] Spikes\n|\n|-heal|p2a: Ting-Lu|29\/100 brn|[from] item: Leftovers\n|-damage|p2a: Ting-Lu|22\/100 brn|[from] brn\n|upkeep\n|turn|59\n|\n|t:|1699982636\n|switch|p1a: Weavile|Weavile, F|73\/100\n|-ability|p1a: Weavile|Pressure\n|move|p2a: Ting-Lu|Ruination|p1a: Weavile\n|-damage|p1a: Weavile|37\/100\n|\n|-heal|p2a: Ting-Lu|29\/100 brn|[from] item: Leftovers\n|-damage|p2a: Ting-Lu|22\/100 brn|[from] brn\n|upkeep\n|turn|60\n|\n|t:|1699982644\n|move|p1a: Weavile|Ice Spinner|p2a: Ting-Lu\n|-supereffective|p2a: Ting-Lu\n|-damage|p2a: Ting-Lu|0 fnt\n|faint|p2a: Ting-Lu\n|\n|upkeep\n|\n|t:|1699982648\n|switch|p2a: Gholdengo|Gholdengo, tera:Fairy|60\/100\n|-damage|p2a: Gholdengo|48\/100|[from] Stealth Rock\n|turn|61\n|\n|t:|1699982652\n|switch|p1a: Gliscor|Gliscor, F, shiny|100\/100 tox\n|move|p2a: Gholdengo|Recover|p2a: Gholdengo\n|-heal|p2a: Gholdengo|98\/100\n|\n|upkeep\n|turn|62\n|\n|t:|1699982660\n|switch|p2a: Great Tusk|Great Tusk|63\/100\n|move|p1a: Gliscor|Earthquake|p2a: Great Tusk\n|-damage|p2a: Great Tusk|46\/100\n|\n|upkeep\n|turn|63\n|\n|t:|1699982669\n|switch|p1a: Clefable|Clefable, F, shiny|100\/100\n|move|p2a: Great Tusk|Rapid Spin|p1a: Clefable\n|-damage|p1a: Clefable|89\/100\n|-boost|p2a: Great Tusk|spe|1\n|-sideend|p2: pj &messi30|Stealth Rock|[from] move: Rapid Spin|[of] p2a: Great Tusk\n|\n|upkeep\n|turn|64\n|\n|t:|1699982678\n|-end|p2a: Great Tusk|Protosynthesis|[silent]\n|switch|p2a: Gholdengo|Gholdengo, tera:Fairy|98\/100\n|move|p1a: Clefable|Moonblast|p2a: Gholdengo\n|-damage|p2a: Gholdengo|67\/100\n|\n|upkeep\n|turn|65\n|\n|t:|1699982686\n|move|p2a: Gholdengo|Shadow Ball|p1a: Clefable\n|-damage|p1a: Clefable|58\/100\n|-unboost|p1a: Clefable|spd|1\n|move|p1a: Clefable|Moonblast|p2a: Gholdengo\n|-damage|p2a: Gholdengo|36\/100\n|\n|upkeep\n|turn|66\n|\n|t:|1699982710\n|switch|p1a: Gliscor|Gliscor, F, shiny|100\/100 tox\n|move|p2a: Gholdengo|Recover|p2a: Gholdengo\n|-heal|p2a: Gholdengo|86\/100\n|\n|upkeep\n|turn|67\n|inactive|Hikozaru33321 has 270 seconds left.\n|\n|t:|1699982743\n|switch|p2a: Great Tusk|Great Tusk|46\/100\n|move|p1a: Gliscor|Swords Dance|p1a: Gliscor\n|-boost|p1a: Gliscor|atk|2\n|\n|upkeep\n|turn|68\n|inactive|Hikozaru33321 has 270 seconds left.\n|inactive|pj &messi30 has 270 seconds left.\n|\n|t:|1699982770\n|move|p1a: Gliscor|Protect|p1a: Gliscor\n|-singleturn|p1a: Gliscor|Protect\n|move|p2a: Great Tusk|Ice Spinner|p1a: Gliscor\n|-activate|p1a: Gliscor|move: Protect\n|\n|upkeep\n|turn|69\n|\n|t:|1699982773\n|move|p2a: Great Tusk|Ice Spinner|p1a: Gliscor\n|-supereffective|p1a: Gliscor\n|-damage|p1a: Gliscor|28\/100 tox\n|move|p1a: Gliscor|Earthquake|p2a: Great Tusk\n|-damage|p2a: Great Tusk|7\/100\n|\n|-heal|p1a: Gliscor|40\/100 tox|[from] ability: Poison Heal\n|upkeep\n|turn|70\n|\n|t:|1699982784\n|move|p1a: Gliscor|Protect|p1a: Gliscor\n|-singleturn|p1a: Gliscor|Protect\n|move|p2a: Great Tusk|Ice Spinner|p1a: Gliscor\n|-activate|p1a: Gliscor|move: Protect\n|\n|-heal|p1a: Gliscor|53\/100 tox|[from] ability: Poison Heal\n|upkeep\n|turn|71\n|inactive|Hikozaru33321 has 270 seconds left.\n|\n|t:|1699982805\n|switch|p1a: Dragonite|Dragonite, F, shiny|100\/100\n|move|p2a: Great Tusk|Headlong Rush|p1a: Dragonite\n|-immune|p1a: Dragonite\n|\n|upkeep\n|turn|72\n|inactive|Hikozaru33321 has 270 seconds left.\n|\n|t:|1699982817\n|-end|p2a: Great Tusk|Protosynthesis|[silent]\n|switch|p2a: Zapdos|Zapdos|59\/100\n|move|p1a: Dragonite|Dragon Dance|p1a: Dragonite\n|-boost|p1a: Dragonite|atk|1\n|-boost|p1a: Dragonite|spe|1\n|\n|upkeep\n|turn|73\n|\n|t:|1699982824\n|move|p1a: Dragonite|Dragon Dance|p1a: Dragonite\n|-boost|p1a: Dragonite|atk|1\n|-boost|p1a: Dragonite|spe|1\n|move|p2a: Zapdos|Thunder Wave|p1a: Dragonite\n|-status|p1a: Dragonite|par\n|\n|upkeep\n|turn|74\n|\n|t:|1699982831\n|move|p2a: Zapdos|Volt Switch|p1a: Dragonite\n|-damage|p1a: Dragonite|85\/100 par\n|\n|t:|1699982835\n|switch|p2a: Gholdengo|Gholdengo, tera:Fairy|86\/100|[from] Volt Switch\n|cant|p1a: Dragonite|par\n|\n|upkeep\n|turn|75\n|inactive|pj &messi30 has 270 seconds left.\n|\n|t:|1699982893\n|move|p1a: Dragonite|Earthquake|p2a: Gholdengo\n|-crit|p2a: Gholdengo\n|-damage|p2a: Gholdengo|0 fnt\n|faint|p2a: Gholdengo\n|\n|upkeep\n|inactive|pj &messi30 has 240 seconds left.\n|\n|t:|1699982904\n|switch|p2a: Great Tusk|Great Tusk|7\/100\n|turn|76\n|\n|t:|1699982910\n|switch|p1a: Weavile|Weavile, F|37\/100\n|-ability|p1a: Weavile|Pressure\n|move|p2a: Great Tusk|Ice Spinner|p1a: Weavile\n|-resisted|p1a: Weavile\n|-damage|p1a: Weavile|18\/100\n|\n|upkeep\n|turn|77\n|\n|t:|1699982927\n|-end|p2a: Great Tusk|Protosynthesis|[silent]\n|switch|p2a: Rillaboom|Rillaboom, M|39\/100\n|-fieldstart|move: Grassy Terrain|[from] ability: Grassy Surge|[of] p2a: Rillaboom\n|move|p1a: Weavile|Ice Spinner|p2a: Rillaboom\n|-supereffective|p2a: Rillaboom\n|-damage|p2a: Rillaboom|0 fnt\n|-fieldend|move: Grassy Terrain\n|faint|p2a: Rillaboom\n|\n|upkeep\n|\n|t:|1699982930\n|switch|p2a: Sneasler|Sneasler, M|38\/100\n|turn|78\n|\n|t:|1699982939\n|switch|p1a: Skeledirge|Skeledirge, F, shiny, tera:Water|76\/100\n|-damage|p1a: Skeledirge|51\/100|[from] Spikes\n|move|p2a: Sneasler|Dire Claw|p1a: Skeledirge\n|-damage|p1a: Skeledirge|22\/100\n|\n|upkeep\n|turn|79\n|\n|t:|1699982942\n|move|p2a: Sneasler|Dire Claw|p1a: Skeledirge\n|-damage|p1a: Skeledirge|0 fnt\n|faint|p1a: Skeledirge\n|\n|upkeep\n|\n|t:|1699982946\n|switch|p1a: Weavile|Weavile, F|18\/100\n|-ability|p1a: Weavile|Pressure\n|turn|80\n|inactive|pj &messi30 has 270 seconds left.\n|\n|t:|1699982957\n|switch|p2a: Great Tusk|Great Tusk|7\/100\n|move|p1a: Weavile|Ice Spinner|p2a: Great Tusk\n|-supereffective|p2a: Great Tusk\n|-damage|p2a: Great Tusk|0 fnt\n|faint|p2a: Great Tusk\n|-end|p2a: Great Tusk|Protosynthesis|[silent]\n|\n|upkeep\n|\n|t:|1699982960\n|switch|p2a: Sneasler|Sneasler, M|38\/100\n|turn|81\n|\n|t:|1699982970\n|switch|p1a: Gliscor|Gliscor, F, shiny|53\/100 tox\n|move|p2a: Sneasler|Close Combat|p1a: Gliscor\n|-resisted|p1a: Gliscor\n|-damage|p1a: Gliscor|31\/100 tox\n|-unboost|p2a: Sneasler|def|1\n|-unboost|p2a: Sneasler|spd|1\n|\n|-heal|p1a: Gliscor|44\/100 tox|[from] ability: Poison Heal\n|upkeep\n|turn|82\n|\n|t:|1699982978\n|move|p2a: Sneasler|Dire Claw|p1a: Gliscor\n|-resisted|p1a: Gliscor\n|-damage|p1a: Gliscor|29\/100 tox\n|move|p1a: Gliscor|Ice Fang|p2a: Sneasler\n|-damage|p2a: Sneasler|3\/100\n|\n|-heal|p1a: Gliscor|41\/100 tox|[from] ability: Poison Heal\n|upkeep\n|turn|83\n|\n|t:|1699982984\n|move|p2a: Sneasler|Close Combat|p1a: Gliscor\n|-resisted|p1a: Gliscor\n|-damage|p1a: Gliscor|19\/100 tox\n|-unboost|p2a: Sneasler|def|1\n|-unboost|p2a: Sneasler|spd|1\n|move|p1a: Gliscor|Ice Fang|p2a: Sneasler\n|-damage|p2a: Sneasler|0 fnt\n|faint|p2a: Sneasler\n|\n|-heal|p1a: Gliscor|31\/100 tox|[from] ability: Poison Heal\n|upkeep\n|\n|t:|1699982986\n|switch|p2a: Zapdos|Zapdos|59\/100\n|turn|84\n|\n|t:|1699982993\n|move|p2a: Zapdos|Hurricane|p1a: Gliscor|[miss]\n|-miss|p2a: Zapdos|p1a: Gliscor\n|move|p1a: Gliscor|Earthquake|p2a: Zapdos\n|-immune|p2a: Zapdos\n|\n|-heal|p1a: Gliscor|44\/100 tox|[from] ability: Poison Heal\n|upkeep\n|turn|85\n|\n|t:|1699983000\n|move|p2a: Zapdos|Hurricane|p1a: Gliscor\n|-crit|p1a: Gliscor\n|-damage|p1a: Gliscor|0 fnt\n|faint|p1a: Gliscor\n|\n|upkeep\n|\n|t:|1699983002\n|switch|p1a: Weavile|Weavile, F|18\/100\n|-ability|p1a: Weavile|Pressure\n|turn|86\n|\n|t:|1699983004\n|move|p1a: Weavile|Ice Spinner|p2a: Zapdos\n|-supereffective|p2a: Zapdos\n|-damage|p2a: Zapdos|0 fnt\n|faint|p2a: Zapdos\n|\n|win|Hikozaru33321\n|c|\u2606pj &messi30|gg\\\n|c|\u2606Hikozaru33321|gg\n|c|\u2606Hikozaru33321|what tier next\n","uploadtime":1699983005,"views":45,"p1id":"hikozaru33321","p2id":"pjmessi30","formatid":"gen9ubers","rating":0,"private":0,"password":""}