{"id":"smogtours-gen9ubers-731392","p1":"JJ09LIE and Tuthur","p2":"Navys_1 Zenord","format":"[Gen 9] Ubers","log":"|inactive|Battle timer is ON: inactive players will automatically lose when time's up.\n|t:|1700384937\n|gametype|singles\n|player|p1|JJ09LIE and Tuthur|#tuthurxmas|\n|player|p2|Navys_1 Zenord|265|\n|teamsize|p1|6\n|teamsize|p2|6\n|gen|9\n|tier|[Gen 9] Ubers\n|rule|Sleep Clause Mod: Limit one foe put to sleep\n|rule|Species Clause: Limit one of each Pok\u00e9mon\n|rule|OHKO Clause: OHKO moves are banned\n|rule|Evasion Items Clause: Evasion items are banned\n|rule|Evasion Moves Clause: Evasion moves are banned\n|rule|Endless Battle Clause: Forcing endless battles is banned\n|rule|HP Percentage Mod: HP is shown in percentages\n|clearpoke\n|poke|p1|Gliscor, F|\n|poke|p1|Clefable, F|\n|poke|p1|Meowscarada, M|\n|poke|p1|Dragonite, M|\n|poke|p1|Gholdengo|\n|poke|p1|Volcanion|\n|poke|p2|Dragapult, M|\n|poke|p2|Gliscor, M|\n|poke|p2|Great Tusk|\n|poke|p2|Cinderace, M|\n|poke|p2|Enamorus, F|\n|poke|p2|Slowking-Galar, F|\n|teampreview\n|inactive|JJ09LIE and Tuthur also wants the timer to be on.\n|c|\u2606Navys_1 Zenord|hf\n|c|\u2606JJ09LIE and Tuthur|=\n|inactive|JJ09LIE and Tuthur has 270 seconds left.\n|inactive|Navys_1 Zenord has 270 seconds left.\n|inactive|JJ09LIE and Tuthur has 240 seconds left.\n|inactive|JJ09LIE and Tuthur has 210 seconds left.\n|\n|t:|1700385032\n|start\n|switch|p1a: Clefable|Clefable, F|100\/100\n|switch|p2a: You Blinked!|Cinderace, M|100\/100\n|turn|1\n|inactive|JJ09LIE and Tuthur has 270 seconds left.\n|inactive|JJ09LIE and Tuthur has 240 seconds left.\n|inactive|JJ09LIE and Tuthur has 210 seconds left.\n|\n|t:|1700385100\n|move|p2a: You Blinked!|U-turn|p1a: Clefable\n|-resisted|p1a: Clefable\n|-damage|p1a: Clefable|93\/100\n|\n|t:|1700385105\n|switch|p2a: I Warned You!|Slowking-Galar, F|100\/100|[from] U-turn\n|move|p1a: Clefable|Knock Off|p2a: I Warned You!\n|-supereffective|p2a: I Warned You!\n|-damage|p2a: I Warned You!|70\/100\n|-enditem|p2a: I Warned You!|Heavy-Duty Boots|[from] move: Knock Off|[of] p1a: Clefable\n|\n|-heal|p1a: Clefable|99\/100|[from] item: Leftovers\n|upkeep\n|turn|2\n|inactive|JJ09LIE and Tuthur has 210 seconds left.\n|\n|t:|1700385128\n|switch|p1a: Gholdengo|Gholdengo|100\/100\n|-item|p1a: Gholdengo|Air Balloon\n|move|p2a: I Warned You!|Future Sight|p1a: Gholdengo\n|-start|p2a: I Warned You!|move: Future Sight\n|\n|upkeep\n|turn|3\n|inactive|JJ09LIE and Tuthur has 210 seconds left.\n|\n|t:|1700385152\n|switch|p1a: Gliscor|Gliscor, F|100\/100\n|move|p2a: I Warned You!|Chilly Reception|p2a: I Warned You!\n|-weather|Snow\n|\n|t:|1700385164\n|switch|p2a: Finally|Enamorus, F|100\/100|[from] Chilly Reception\n|\n|-weather|Snow|[upkeep]\n|-status|p1a: Gliscor|tox|[from] item: Toxic Orb\n|upkeep\n|turn|4\n|\n|t:|1700385180\n|move|p1a: Gliscor|Protect|p1a: Gliscor\n|-singleturn|p1a: Gliscor|Protect\n|move|p2a: Finally|Substitute|p2a: Finally\n|-start|p2a: Finally|Substitute\n|-damage|p2a: Finally|76\/100\n|\n|-weather|Snow|[upkeep]\n|-end|p1a: Gliscor|move: Future Sight\n|-damage|p1a: Gliscor|59\/100 tox\n|-heal|p2a: Finally|82\/100|[from] item: Leftovers\n|-heal|p1a: Gliscor|71\/100 tox|[from] ability: Poison Heal\n|upkeep\n|turn|5\n|inactive|JJ09LIE and Tuthur has 180 seconds left.\n|\n|t:|1700385212\n|switch|p1a: Gholdengo|Gholdengo|100\/100\n|-item|p1a: Gholdengo|Air Balloon\n|move|p2a: Finally|Calm Mind|p2a: Finally\n|-boost|p2a: Finally|spa|1\n|-boost|p2a: Finally|spd|1\n|\n|-weather|Snow|[upkeep]\n|-heal|p2a: Finally|88\/100|[from] item: Leftovers\n|upkeep\n|turn|6\n|inactive|JJ09LIE and Tuthur has 180 seconds left.\n|\n|t:|1700385244\n|move|p2a: Finally|Moonblast|p1a: Gholdengo\n|-resisted|p1a: Gholdengo\n|-damage|p1a: Gholdengo|62\/100\n|-enditem|p1a: Gholdengo|Air Balloon\n|move|p1a: Gholdengo|Shadow Ball|p2a: Finally\n|-end|p2a: Finally|Substitute\n|\n|-weather|Snow|[upkeep]\n|-heal|p2a: Finally|94\/100|[from] item: Leftovers\n|upkeep\n|turn|7\n|inactive|JJ09LIE and Tuthur has 150 seconds left.\n|\n|t:|1700385273\n|move|p2a: Finally|Substitute|p2a: Finally\n|-start|p2a: Finally|Substitute\n|-damage|p2a: Finally|69\/100\n|move|p1a: Gholdengo|Shadow Ball|p2a: Finally\n|-end|p2a: Finally|Substitute\n|\n|-weather|none\n|-heal|p2a: Finally|76\/100|[from] item: Leftovers\n|upkeep\n|turn|8\n|\n|t:|1700385308\n|switch|p1a: Dragonite|Dragonite, M|100\/100\n|move|p2a: Finally|Earth Power|p1a: Dragonite\n|-immune|p1a: Dragonite\n|\n|-heal|p2a: Finally|82\/100|[from] item: Leftovers\n|upkeep\n|turn|9\n|inactive|JJ09LIE and Tuthur has 120 seconds left.\n|inactive|Navys_1 Zenord has 270 seconds left.\n|\n|t:|1700385361\n|switch|p2a: Hi !|Great Tusk|100\/100\n|move|p1a: Dragonite|Extreme Speed|p2a: Hi !\n|-damage|p2a: Hi !|77\/100\n|\n|upkeep\n|turn|10\n|inactive|JJ09LIE and Tuthur has 90 seconds left.\n|\n|t:|1700385387\n|switch|p1a: Clefable|Clefable, F|99\/100\n|move|p2a: Hi !|Stealth Rock|p1a: Clefable\n|-sidestart|p1: JJ09LIE and Tuthur|move: Stealth Rock\n|\n|-heal|p1a: Clefable|100\/100|[from] item: Leftovers\n|upkeep\n|turn|11\n|inactive|JJ09LIE and Tuthur has 90 seconds left.\n|\n|t:|1700385395\n|-end|p2a: Hi !|Protosynthesis|[silent]\n|switch|p2a: I Warned You!|Slowking-Galar, F|100\/100\n|move|p1a: Clefable|Stealth Rock|p2a: I Warned You!\n|-sidestart|p2: Navys_1 Zenord|move: Stealth Rock\n|\n|upkeep\n|turn|12\n|inactive|JJ09LIE and Tuthur has 90 seconds left.\n|inactive|JJ09LIE and Tuthur has 60 seconds left.\n|\n|t:|1700385454\n|switch|p1a: Gholdengo|Gholdengo|62\/100\n|-damage|p1a: Gholdengo|56\/100|[from] Stealth Rock\n|move|p2a: I Warned You!|Future Sight|p1a: Gholdengo\n|-start|p2a: I Warned You!|move: Future Sight\n|\n|upkeep\n|turn|13\n|\n|t:|1700385469\n|move|p1a: Gholdengo|Recover|p1a: Gholdengo\n|-heal|p1a: Gholdengo|100\/100\n|move|p2a: I Warned You!|Chilly Reception|p2a: I Warned You!\n|-weather|Snow\n|inactive|Navys_1 Zenord has 270 seconds left.\n|\n|t:|1700385480\n|switch|p2a: You Blinked!|Cinderace, M|100\/100|[from] Chilly Reception\n|\n|-weather|Snow|[upkeep]\n|upkeep\n|turn|14\n|inactive|Navys_1 Zenord has 270 seconds left.\n|inactive|JJ09LIE and Tuthur has 30 seconds left.\n|inactive|JJ09LIE and Tuthur has 20 seconds left.\n|\n|t:|1700385525\n|switch|p1a: Volcanion|Volcanion|100\/100\n|move|p2a: You Blinked!|Pyro Ball|p1a: Volcanion|[miss]\n|-miss|p2a: You Blinked!|p1a: Volcanion\n|\n|-weather|Snow|[upkeep]\n|-end|p1a: Volcanion|move: Future Sight\n|-damage|p1a: Volcanion|57\/100\n|upkeep\n|turn|15\n|inactive|JJ09LIE and Tuthur has 30 seconds left this turn.\n|inactive|JJ09LIE and Tuthur has 20 seconds left.\n|\n|t:|1700385540\n|move|p2a: You Blinked!|U-turn|p1a: Volcanion\n|-resisted|p1a: Volcanion\n|-crit|p1a: Volcanion\n|-damage|p1a: Volcanion|46\/100\n|inactive|JJ09LIE and Tuthur has 25 seconds left this turn.\n|\n|t:|1700385544\n|switch|p2a: I Warned You!|Slowking-Galar, F|100\/100|[from] U-turn\n|-damage|p2a: I Warned You!|88\/100|[from] Stealth Rock\n|move|p1a: Volcanion|Fire Spin|p2a: I Warned You!\n|-damage|p2a: I Warned You!|77\/100\n|-activate|p2a: I Warned You!|move: Fire Spin|[of] p1a: Volcanion\n|\n|-weather|Snow|[upkeep]\n|-damage|p2a: I Warned You!|65\/100|[from] move: Fire Spin|[partiallytrapped]\n|upkeep\n|turn|16\n|inactive|JJ09LIE and Tuthur has 30 seconds left.\n|\n|t:|1700385554\n|move|p1a: Volcanion|Taunt|p2a: I Warned You!\n|-start|p2a: I Warned You!|move: Taunt\n|cant|p2a: I Warned You!|move: Taunt|Chilly Reception\n|\n|-weather|Snow|[upkeep]\n|-damage|p2a: I Warned You!|52\/100|[from] move: Fire Spin|[partiallytrapped]\n|upkeep\n|turn|17\n|\n|t:|1700385563\n|move|p1a: Volcanion|Steam Eruption|p2a: I Warned You!|[miss]\n|-miss|p1a: Volcanion|p2a: I Warned You!\n|move|p2a: I Warned You!|Sludge Bomb|p1a: Volcanion\n|-damage|p1a: Volcanion|10\/100\n|\n|-weather|none\n|-damage|p2a: I Warned You!|40\/100|[from] move: Fire Spin|[partiallytrapped]\n|upkeep\n|turn|18\n|\n|t:|1700385570\n|move|p1a: Volcanion|Steam Eruption|p2a: I Warned You!\n|-damage|p2a: I Warned You!|3\/100\n|move|p2a: I Warned You!|Sludge Bomb|p1a: Volcanion\n|-damage|p1a: Volcanion|0 fnt\n|faint|p1a: Volcanion\n|\n|-end|p2a: I Warned You!|Fire Spin|[partiallytrapped]|[silent]\n|-end|p2a: I Warned You!|move: Taunt\n|upkeep\n|\n|t:|1700385584\n|switch|p1a: Meowscarada|Meowscarada, M|100\/100\n|turn|19\n|\n|t:|1700385611\n|move|p1a: Meowscarada|Knock Off|p2a: I Warned You!\n|-start|p1a: Meowscarada|typechange|Dark|[from] ability: Protean\n|-supereffective|p2a: I Warned You!\n|-damage|p2a: I Warned You!|0 fnt\n|faint|p2a: I Warned You!\n|\n|upkeep\n|inactive|Navys_1 Zenord has 270 seconds left.\n|\n|t:|1700385633\n|switch|p2a: You Blinked!|Cinderace, M|100\/100\n|turn|20\n|\n|t:|1700385655\n|move|p1a: Meowscarada|Knock Off|p2a: You Blinked!\n|-damage|p2a: You Blinked!|46\/100\n|-enditem|p2a: You Blinked!|Heavy-Duty Boots|[from] move: Knock Off|[of] p1a: Meowscarada\n|move|p2a: You Blinked!|U-turn|p1a: Meowscarada\n|-supereffective|p1a: Meowscarada\n|-damage|p1a: Meowscarada|42\/100\n|\n|t:|1700385672\n|switch|p2a: I Always Come Back|Gliscor, M|100\/100|[from] U-turn\n|-damage|p2a: I Always Come Back|88\/100|[from] Stealth Rock\n|\n|-status|p2a: I Always Come Back|tox|[from] item: Toxic Orb\n|upkeep\n|turn|21\n|\n|t:|1700385689\n|move|p1a: Meowscarada|U-turn|p2a: I Always Come Back\n|-resisted|p2a: I Always Come Back\n|-damage|p2a: I Always Come Back|81\/100 tox\n|\n|t:|1700385696\n|switch|p1a: Gliscor|Gliscor, F|71\/100 tox|[from] U-turn\n|-damage|p1a: Gliscor|59\/100 tox|[from] Stealth Rock\n|move|p2a: I Always Come Back|Knock Off|p1a: Gliscor\n|-damage|p1a: Gliscor|43\/100 tox\n|-enditem|p1a: Gliscor|Toxic Orb|[from] move: Knock Off|[of] p2a: I Always Come Back\n|\n|-heal|p2a: I Always Come Back|93\/100 tox|[from] ability: Poison Heal\n|-heal|p1a: Gliscor|55\/100 tox|[from] ability: Poison Heal\n|upkeep\n|turn|22\n|inactive|Navys_1 Zenord has 270 seconds left.\n|inactive|JJ09LIE and Tuthur has 30 seconds left.\n|\n|t:|1700385721\n|move|p2a: I Always Come Back|Toxic Spikes|p1a: Gliscor\n|-sidestart|p1: JJ09LIE and Tuthur|move: Toxic Spikes\n|move|p1a: Gliscor|Toxic|p2a: I Always Come Back\n|-fail|p2a: I Always Come Back|tox\n|\n|-heal|p2a: I Always Come Back|100\/100 tox|[from] ability: Poison Heal\n|-heal|p1a: Gliscor|68\/100 tox|[from] ability: Poison Heal\n|upkeep\n|turn|23\n|inactive|JJ09LIE and Tuthur has 30 seconds left.\n|\n|t:|1700385729\n|switch|p2a: Hi !|Great Tusk|77\/100\n|move|p1a: Gliscor|Spikes|p2a: Hi !\n|-sidestart|p2: Navys_1 Zenord|Spikes\n|\n|-heal|p1a: Gliscor|80\/100 tox|[from] ability: Poison Heal\n|upkeep\n|turn|24\n|inactive|JJ09LIE and Tuthur has 30 seconds left.\n|\n|t:|1700385744\n|move|p1a: Gliscor|Protect|p1a: Gliscor\n|-singleturn|p1a: Gliscor|Protect\n|move|p2a: Hi !|Ice Spinner|p1a: Gliscor\n|-activate|p1a: Gliscor|move: Protect\n|\n|-heal|p1a: Gliscor|93\/100 tox|[from] ability: Poison Heal\n|upkeep\n|turn|25\n|inactive|JJ09LIE and Tuthur has 30 seconds left.\n|inactive|JJ09LIE and Tuthur has 20 seconds left.\n|\n|t:|1700385766\n|switch|p1a: Gholdengo|Gholdengo|100\/100\n|-damage|p1a: Gholdengo|94\/100|[from] Stealth Rock\n|move|p2a: Hi !|Ice Spinner|p1a: Gholdengo\n|-resisted|p1a: Gholdengo\n|-damage|p1a: Gholdengo|85\/100\n|\n|upkeep\n|turn|26\n|inactive|JJ09LIE and Tuthur has 30 seconds left this turn.\n|inactive|JJ09LIE and Tuthur has 20 seconds left.\n|\n|t:|1700385776\n|-terastallize|p1a: Gholdengo|Fairy\n|move|p2a: Hi !|Earthquake|p1a: Gholdengo\n|-damage|p1a: Gholdengo|47\/100\n|move|p1a: Gholdengo|Make It Rain|p2a: Hi !\n|-damage|p2a: Hi !|1\/100\n|-unboost|p1a: Gholdengo|spa|1\n|\n|upkeep\n|turn|27\n|inactive|JJ09LIE and Tuthur has 30 seconds left this turn.\n|inactive|JJ09LIE and Tuthur has 20 seconds left.\n|\n|t:|1700385787\n|move|p2a: Hi !|Rapid Spin|p1a: Gholdengo\n|-damage|p1a: Gholdengo|35\/100\n|-boost|p2a: Hi !|spe|1\n|-sideend|p2: Navys_1 Zenord|Spikes|[from] move: Rapid Spin|[of] p2a: Hi !\n|-sideend|p2: Navys_1 Zenord|Stealth Rock|[from] move: Rapid Spin|[of] p2a: Hi !\n|move|p1a: Gholdengo|Recover|p1a: Gholdengo\n|-heal|p1a: Gholdengo|85\/100\n|\n|upkeep\n|turn|28\n|inactive|JJ09LIE and Tuthur has 30 seconds left this turn.\n|inactive|JJ09LIE and Tuthur has 20 seconds left.\n|\n|t:|1700385797\n|move|p2a: Hi !|Earthquake|p1a: Gholdengo\n|-damage|p1a: Gholdengo|46\/100\n|move|p1a: Gholdengo|Nasty Plot|p1a: Gholdengo\n|-boost|p1a: Gholdengo|spa|2\n|\n|upkeep\n|turn|29\n|inactive|JJ09LIE and Tuthur has 30 seconds left this turn.\n|\n|t:|1700385803\n|move|p2a: Hi !|Earthquake|p1a: Gholdengo\n|-damage|p1a: Gholdengo|11\/100\n|move|p1a: Gholdengo|Recover|p1a: Gholdengo\n|-heal|p1a: Gholdengo|61\/100\n|\n|upkeep\n|turn|30\n|\n|t:|1700385823\n|move|p2a: Hi !|Earthquake|p1a: Gholdengo\n|-damage|p1a: Gholdengo|27\/100\n|move|p1a: Gholdengo|Recover|p1a: Gholdengo\n|-heal|p1a: Gholdengo|77\/100\n|\n|upkeep\n|turn|31\n|\n|t:|1700385828\n|move|p2a: Hi !|Earthquake|p1a: Gholdengo\n|-damage|p1a: Gholdengo|41\/100\n|move|p1a: Gholdengo|Recover|p1a: Gholdengo\n|-heal|p1a: Gholdengo|91\/100\n|\n|upkeep\n|turn|32\n|\n|t:|1700385836\n|move|p2a: Hi !|Earthquake|p1a: Gholdengo\n|-damage|p1a: Gholdengo|56\/100\n|move|p1a: Gholdengo|Recover|p1a: Gholdengo\n|-heal|p1a: Gholdengo|100\/100\n|\n|upkeep\n|turn|33\n|\n|t:|1700385840\n|move|p2a: Hi !|Earthquake|p1a: Gholdengo\n|-damage|p1a: Gholdengo|63\/100\n|move|p1a: Gholdengo|Shadow Ball|p2a: Hi !\n|-damage|p2a: Hi !|0 fnt\n|faint|p2a: Hi !\n|-end|p2a: Hi !|Protosynthesis|[silent]\n|\n|upkeep\n|inactive|Navys_1 Zenord has 270 seconds left.\n|\n|t:|1700385888\n|switch|p2a: You Blinked!|Cinderace, M|46\/100\n|turn|34\n|\n|t:|1700385898\n|move|p2a: You Blinked!|Pyro Ball|p1a: Gholdengo\n|-damage|p1a: Gholdengo|30\/100\n|move|p1a: Gholdengo|Recover|p1a: Gholdengo\n|-heal|p1a: Gholdengo|80\/100\n|\n|upkeep\n|turn|35\n|inactive|Navys_1 Zenord has 270 seconds left.\n|\n|t:|1700385918\n|move|p2a: You Blinked!|Pyro Ball|p1a: Gholdengo\n|-damage|p1a: Gholdengo|46\/100\n|move|p1a: Gholdengo|Recover|p1a: Gholdengo\n|-heal|p1a: Gholdengo|96\/100\n|\n|upkeep\n|turn|36\n|inactive|Navys_1 Zenord has 270 seconds left.\n|\n|t:|1700385929\n|move|p2a: You Blinked!|Pyro Ball|p1a: Gholdengo\n|-damage|p1a: Gholdengo|61\/100\n|move|p1a: Gholdengo|Shadow Ball|p2a: You Blinked!\n|-crit|p2a: You Blinked!\n|-damage|p2a: You Blinked!|0 fnt\n|faint|p2a: You Blinked!\n|\n|upkeep\n|inactive|Navys_1 Zenord has 270 seconds left.\n|\n|t:|1700385948\n|switch|p2a: Finally|Enamorus, F|82\/100\n|turn|37\n|inactive|Navys_1 Zenord has 240 seconds left.\n|\n|t:|1700386003\n|move|p2a: Finally|Moonblast|p1a: Gholdengo\n|-damage|p1a: Gholdengo|10\/100\n|move|p1a: Gholdengo|Make It Rain|p2a: Finally\n|-supereffective|p2a: Finally\n|-damage|p2a: Finally|0 fnt\n|-unboost|p1a: Gholdengo|spa|1\n|faint|p2a: Finally\n|\n|upkeep\n|\n|t:|1700386007\n|switch|p2a: Hello?HelloHello?|Dragapult, M|100\/100\n|turn|38\n|\n|t:|1700386010\n|move|p2a: Hello?HelloHello?|Hex|p1a: Gholdengo\n|-damage|p1a: Gholdengo|0 fnt\n|faint|p1a: Gholdengo\n|\n|upkeep\n|inactive|JJ09LIE and Tuthur has 60 seconds left.\n|\n|t:|1700386061\n|switch|p1a: Gliscor|Gliscor, F|93\/100 tox\n|-damage|p1a: Gliscor|80\/100 tox|[from] Stealth Rock\n|turn|39\n|inactive|Navys_1 Zenord has 240 seconds left.\n|\n|t:|1700386081\n|-terastallize|p2a: Hello?HelloHello?|Ghost\n|move|p1a: Gliscor|Protect|p1a: Gliscor\n|-singleturn|p1a: Gliscor|Protect\n|move|p2a: Hello?HelloHello?|Hex|p1a: Gliscor\n|-activate|p1a: Gliscor|move: Protect\n|\n|-heal|p1a: Gliscor|93\/100 tox|[from] ability: Poison Heal\n|upkeep\n|turn|40\n|\n|t:|1700386092\n|switch|p1a: Dragonite|Dragonite, M|100\/100\n|move|p2a: Hello?HelloHello?|Hex|p1a: Dragonite\n|-damage|p1a: Dragonite|75\/100\n|\n|upkeep\n|turn|41\n|\n|t:|1700386098\n|move|p2a: Hello?HelloHello?|Dragon Darts|p1a: Dragonite\n|-supereffective|p1a: Dragonite\n|-damage|p1a: Dragonite|30\/100\n|-anim|p2a: Hello?HelloHello?|Dragon Darts|p1a: Dragonite\n|-supereffective|p1a: Dragonite\n|-damage|p1a: Dragonite|0 fnt\n|faint|p1a: Dragonite\n|\n|upkeep\n|\n|t:|1700386109\n|switch|p1a: Gliscor|Gliscor, F|93\/100 tox\n|-damage|p1a: Gliscor|80\/100 tox|[from] Stealth Rock\n|turn|42\n|inactive|JJ09LIE and Tuthur has 30 seconds left.\n|\n|t:|1700386135\n|move|p2a: Hello?HelloHello?|Hex|p1a: Gliscor\n|-damage|p1a: Gliscor|6\/100 tox\n|move|p1a: Gliscor|Toxic|p2a: Hello?HelloHello?\n|-status|p2a: Hello?HelloHello?|tox\n|\n|-damage|p2a: Hello?HelloHello?|95\/100 tox|[from] psn\n|-heal|p1a: Gliscor|18\/100 tox|[from] ability: Poison Heal\n|upkeep\n|turn|43\n|\n|t:|1700386140\n|move|p1a: Gliscor|Protect|p1a: Gliscor\n|-singleturn|p1a: Gliscor|Protect\n|move|p2a: Hello?HelloHello?|Hex|p1a: Gliscor\n|-activate|p1a: Gliscor|move: Protect\n|\n|-damage|p2a: Hello?HelloHello?|83\/100 tox|[from] psn\n|-heal|p1a: Gliscor|31\/100 tox|[from] ability: Poison Heal\n|upkeep\n|turn|44\n|inactive|JJ09LIE and Tuthur has 30 seconds left.\n|inactive|JJ09LIE and Tuthur has 20 seconds left.\n|inactive|JJ09LIE and Tuthur has 15 seconds left.\n|inactive|JJ09LIE and Tuthur has 10 seconds left.\n|\n|t:|1700386183\n|switch|p1a: Clefable|Clefable, F|100\/100\n|-status|p1a: Clefable|psn\n|move|p2a: Hello?HelloHello?|Hex|p1a: Clefable\n|-damage|p1a: Clefable|8\/100 psn\n|\n|-heal|p1a: Clefable|14\/100 psn|[from] item: Leftovers\n|-damage|p2a: Hello?HelloHello?|65\/100 tox|[from] psn\n|upkeep\n|turn|45\n|inactive|JJ09LIE and Tuthur has 20 seconds left this turn.\n|inactive|JJ09LIE and Tuthur has 15 seconds left.\n|\n|t:|1700386190\n|switch|p1a: Meowscarada|Meowscarada, M|42\/100\n|move|p2a: Hello?HelloHello?|Hex|p1a: Meowscarada\n|-resisted|p1a: Meowscarada\n|-crit|p1a: Meowscarada\n|-damage|p1a: Meowscarada|0 fnt\n|faint|p1a: Meowscarada\n|\n|-damage|p2a: Hello?HelloHello?|41\/100 tox|[from] psn\n|upkeep\n|inactive|JJ09LIE and Tuthur has 20 seconds left this turn.\n|inactive|JJ09LIE and Tuthur has 15 seconds left.\n|inactive|JJ09LIE and Tuthur has 10 seconds left.\n|\n|t:|1700386202\n|switch|p1a: Gliscor|Gliscor, F|31\/100 tox\n|-damage|p1a: Gliscor|18\/100 tox|[from] Stealth Rock\n|turn|46\n|inactive|JJ09LIE and Tuthur has 20 seconds left this turn.\n|inactive|JJ09LIE and Tuthur has 15 seconds left.\n|inactive|JJ09LIE and Tuthur has 10 seconds left.\n|\n|t:|1700386223\n|switch|p2a: I Always Come Back|Gliscor, M|100\/100 tox\n|move|p1a: Gliscor|Protect||[still]\n|-fail|p1a: Gliscor\n|\n|-heal|p1a: Gliscor|31\/100 tox|[from] ability: Poison Heal\n|upkeep\n|turn|47\n|inactive|JJ09LIE and Tuthur has 20 seconds left this turn.\n|inactive|JJ09LIE and Tuthur has 15 seconds left.\n|inactive|JJ09LIE and Tuthur has 10 seconds left.\n|\n|t:|1700386236\n|move|p2a: I Always Come Back|Knock Off|p1a: Gliscor\n|-damage|p1a: Gliscor|20\/100 tox\n|move|p1a: Gliscor|Earthquake|p2a: I Always Come Back\n|-immune|p2a: I Always Come Back\n|\n|-heal|p1a: Gliscor|33\/100 tox|[from] ability: Poison Heal\n|upkeep\n|turn|48\n|inactive|JJ09LIE and Tuthur has 20 seconds left this turn.\n|\n|t:|1700386241\n|move|p2a: I Always Come Back|Knock Off|p1a: Gliscor\n|-damage|p1a: Gliscor|22\/100 tox\n|move|p1a: Gliscor|Earthquake|p2a: I Always Come Back\n|-immune|p2a: I Always Come Back\n|\n|-heal|p1a: Gliscor|35\/100 tox|[from] ability: Poison Heal\n|upkeep\n|turn|49\n|inactive|JJ09LIE and Tuthur has 30 seconds left this turn.\n|\n|t:|1700386249\n|move|p2a: I Always Come Back|Knock Off|p1a: Gliscor\n|-damage|p1a: Gliscor|23\/100 tox\n|move|p1a: Gliscor|Earthquake|p2a: I Always Come Back\n|-immune|p2a: I Always Come Back\n|\n|-heal|p1a: Gliscor|36\/100 tox|[from] ability: Poison Heal\n|upkeep\n|turn|50\n|\n|t:|1700386252\n|move|p2a: I Always Come Back|Knock Off|p1a: Gliscor\n|-damage|p1a: Gliscor|25\/100 tox\n|move|p1a: Gliscor|Spikes|p2a: I Always Come Back\n|-sidestart|p2: Navys_1 Zenord|Spikes\n|\n|-heal|p1a: Gliscor|38\/100 tox|[from] ability: Poison Heal\n|upkeep\n|turn|51\n|inactive|Navys_1 Zenord has 270 seconds left.\n|\n|t:|1700386306\n|move|p2a: I Always Come Back|Toxic Spikes|p1a: Gliscor\n|-sidestart|p1: JJ09LIE and Tuthur|move: Toxic Spikes\n|move|p1a: Gliscor|Spikes|p2a: I Always Come Back\n|-sidestart|p2: Navys_1 Zenord|Spikes\n|\n|-heal|p1a: Gliscor|50\/100 tox|[from] ability: Poison Heal\n|upkeep\n|turn|52\n|\n|t:|1700386328\n|move|p2a: I Always Come Back|Knock Off|p1a: Gliscor\n|-damage|p1a: Gliscor|39\/100 tox\n|move|p1a: Gliscor|Spikes|p2a: I Always Come Back\n|-sidestart|p2: Navys_1 Zenord|Spikes\n|\n|-heal|p1a: Gliscor|52\/100 tox|[from] ability: Poison Heal\n|upkeep\n|turn|53\n|\n|t:|1700386340\n|move|p2a: I Always Come Back|Knock Off|p1a: Gliscor\n|-damage|p1a: Gliscor|40\/100 tox\n|move|p1a: Gliscor|Spikes||[still]\n|-fail|p1a: Gliscor\n|\n|-heal|p1a: Gliscor|53\/100 tox|[from] ability: Poison Heal\n|upkeep\n|turn|54\n|inactive|JJ09LIE and Tuthur has 30 seconds left.\n|\n|t:|1700386356\n|move|p2a: I Always Come Back|Knock Off|p1a: Gliscor\n|-damage|p1a: Gliscor|43\/100 tox\n|move|p1a: Gliscor|Spikes||[still]\n|-fail|p1a: Gliscor\n|\n|-heal|p1a: Gliscor|55\/100 tox|[from] ability: Poison Heal\n|upkeep\n|turn|55\n|\n|t:|1700386361\n|move|p1a: Gliscor|Protect|p1a: Gliscor\n|-singleturn|p1a: Gliscor|Protect\n|move|p2a: I Always Come Back|Knock Off|p1a: Gliscor\n|-activate|p1a: Gliscor|move: Protect\n|\n|-heal|p1a: Gliscor|68\/100 tox|[from] ability: Poison Heal\n|upkeep\n|turn|56\n|\n|t:|1700386364\n|move|p2a: I Always Come Back|Toxic Spikes||[still]\n|-fail|p2a: I Always Come Back\n|move|p1a: Gliscor|Spikes||[still]\n|-fail|p1a: Gliscor\n|\n|-heal|p1a: Gliscor|80\/100 tox|[from] ability: Poison Heal\n|upkeep\n|turn|57\n|\n|t:|1700386368\n|move|p2a: I Always Come Back|Toxic Spikes||[still]\n|-fail|p2a: I Always Come Back\n|move|p1a: Gliscor|Spikes||[still]\n|-fail|p1a: Gliscor\n|\n|-heal|p1a: Gliscor|93\/100 tox|[from] ability: Poison Heal\n|upkeep\n|turn|58\n|\n|t:|1700386375\n|move|p2a: I Always Come Back|Toxic Spikes||[still]\n|-fail|p2a: I Always Come Back\n|move|p1a: Gliscor|Spikes||[still]\n|-fail|p1a: Gliscor\n|\n|-heal|p1a: Gliscor|100\/100 tox|[from] ability: Poison Heal\n|upkeep\n|turn|59\n|\n|t:|1700386390\n|move|p2a: I Always Come Back|Knock Off|p1a: Gliscor\n|-damage|p1a: Gliscor|90\/100 tox\n|move|p1a: Gliscor|Spikes||[still]\n|-fail|p1a: Gliscor\n|\n|-heal|p1a: Gliscor|100\/100 tox|[from] ability: Poison Heal\n|upkeep\n|turn|60\n|\n|t:|1700386394\n|move|p2a: I Always Come Back|Toxic Spikes||[still]\n|-fail|p2a: I Always Come Back\n|move|p1a: Gliscor|Spikes||[still]\n|-fail|p1a: Gliscor\n|\n|upkeep\n|turn|61\n|\n|t:|1700386403\n|switch|p1a: Clefable|Clefable, F|14\/100 psn\n|move|p2a: I Always Come Back|Toxic Spikes||[still]\n|-fail|p2a: I Always Come Back\n|\n|-heal|p1a: Clefable|21\/100 psn|[from] item: Leftovers\n|upkeep\n|turn|62\n|\n|t:|1700386420\n|switch|p1a: Gliscor|Gliscor, F|100\/100 tox\n|-damage|p1a: Gliscor|88\/100 tox|[from] Stealth Rock\n|move|p2a: I Always Come Back|Earthquake|p1a: Gliscor\n|-immune|p1a: Gliscor\n|\n|-heal|p1a: Gliscor|100\/100 tox|[from] ability: Poison Heal\n|upkeep\n|turn|63\n|inactive|JJ09LIE and Tuthur has 60 seconds left.\n|\n|t:|1700386450\n|move|p2a: I Always Come Back|Knock Off|p1a: Gliscor\n|-damage|p1a: Gliscor|89\/100 tox\n|move|p1a: Gliscor|Spikes||[still]\n|-fail|p1a: Gliscor\n|\n|-heal|p1a: Gliscor|100\/100 tox|[from] ability: Poison Heal\n|upkeep\n|turn|64\n|inactive|JJ09LIE and Tuthur has 60 seconds left.\n|\n|t:|1700386456\n|move|p2a: I Always Come Back|Toxic Spikes||[still]\n|-fail|p2a: I Always Come Back\n|move|p1a: Gliscor|Spikes||[still]\n|-fail|p1a: Gliscor\n|\n|upkeep\n|turn|65\n|\n|t:|1700386458\n|move|p2a: I Always Come Back|Knock Off|p1a: Gliscor\n|-crit|p1a: Gliscor\n|-damage|p1a: Gliscor|83\/100 tox\n|move|p1a: Gliscor|Spikes||[still]\n|-fail|p1a: Gliscor\n|\n|-heal|p1a: Gliscor|95\/100 tox|[from] ability: Poison Heal\n|upkeep\n|turn|66\n|\n|t:|1700386461\n|move|p2a: I Always Come Back|Toxic Spikes||[still]\n|-fail|p2a: I Always Come Back\n|move|p1a: Gliscor|Spikes||[still]\n|-fail|p1a: Gliscor\n|\n|-heal|p1a: Gliscor|100\/100 tox|[from] ability: Poison Heal\n|upkeep\n|turn|67\n|\n|t:|1700386465\n|move|p2a: I Always Come Back|Earthquake|p1a: Gliscor\n|-immune|p1a: Gliscor\n|move|p1a: Gliscor|Spikes||[still]\n|-fail|p1a: Gliscor\n|\n|upkeep\n|turn|68\n|\n|t:|1700386468\n|move|p2a: I Always Come Back|Knock Off|p1a: Gliscor\n|-damage|p1a: Gliscor|90\/100 tox\n|move|p1a: Gliscor|Spikes||[still]\n|-fail|p1a: Gliscor\n|\n|-heal|p1a: Gliscor|100\/100 tox|[from] ability: Poison Heal\n|upkeep\n|turn|69\n|\n|t:|1700386476\n|move|p2a: I Always Come Back|Toxic Spikes||[still]\n|-fail|p2a: I Always Come Back\n|move|p1a: Gliscor|Spikes||[still]\n|-fail|p1a: Gliscor\n|\n|upkeep\n|turn|70\n|\n|t:|1700386490\n|move|p2a: I Always Come Back|Earthquake|p1a: Gliscor\n|-immune|p1a: Gliscor\n|move|p1a: Gliscor|Toxic|p2a: I Always Come Back\n|-fail|p2a: I Always Come Back|tox\n|\n|upkeep\n|turn|71\n|\n|t:|1700386497\n|switch|p1a: Clefable|Clefable, F|21\/100 psn\n|move|p2a: I Always Come Back|Earthquake|p1a: Clefable\n|-damage|p1a: Clefable|0 fnt\n|faint|p1a: Clefable\n|\n|upkeep\n|\n|t:|1700386501\n|switch|p1a: Gliscor|Gliscor, F|100\/100 tox\n|-damage|p1a: Gliscor|88\/100 tox|[from] Stealth Rock\n|turn|72\n|c|+Akalli|gg\n|inactive|JJ09LIE and Tuthur has 120 seconds left.\n|\n|t:|1700386515\n|move|p2a: I Always Come Back|Toxic Spikes||[still]\n|-fail|p2a: I Always Come Back\n|move|p1a: Gliscor|Spikes||[still]\n|-fail|p1a: Gliscor\n|\n|-heal|p1a: Gliscor|100\/100 tox|[from] ability: Poison Heal\n|upkeep\n|turn|73\n|inactive|JJ09LIE and Tuthur has 120 seconds left.\n|c|\u2606JJ09LIE and Tuthur|gg\n|c|\u2606Navys_1 Zenord|gg\n|-message|JJ09LIE and Tuthur forfeited.\n|\n|win|Navys_1 Zenord\n","uploadtime":1700386533,"views":23,"p1id":"jj09lieandtuthur","p2id":"navys1zenord","formatid":"gen9ubers","rating":0,"private":0,"password":""}