{"id":"smogtours-gen9ubers-730917","p1":"Silent Waltz Amir","p2":"TPMicciu","format":"[Gen 9] Ubers","log":"|inactive|Battle timer is ON: inactive players will automatically lose when time's up.\n|t:|1700244413\n|gametype|singles\n|player|p1|Silent Waltz Amir|n-masters3|\n|player|p2|TPMicciu|#pmpliidachsbuns|\n|teamsize|p1|6\n|teamsize|p2|6\n|gen|9\n|tier|[Gen 9] Ubers\n|rule|Sleep Clause Mod: Limit one foe put to sleep\n|rule|Species Clause: Limit one of each Pok\u00e9mon\n|rule|OHKO Clause: OHKO moves are banned\n|rule|Evasion Items Clause: Evasion items are banned\n|rule|Evasion Moves Clause: Evasion moves are banned\n|rule|Endless Battle Clause: Forcing endless battles is banned\n|rule|HP Percentage Mod: HP is shown in percentages\n|clearpoke\n|poke|p1|Rillaboom, F|\n|poke|p1|Sneasler, F|\n|poke|p1|Zamazenta-*|\n|poke|p1|Heatran, M|\n|poke|p1|Hatterene, F|\n|poke|p1|Ursaluna, F|\n|poke|p2|Dragapult, F|\n|poke|p2|Garganacl, M|\n|poke|p2|Gliscor, F|\n|poke|p2|Dragonite, M|\n|poke|p2|Corviknight, M|\n|poke|p2|Kingambit, F|\n|teampreview\n|inactive|Silent Waltz Amir also wants the timer to be on.\n|c|\u2606TPMicciu|hf\n|c|\u2606Silent Waltz Amir|u2\n|inactive|Silent Waltz Amir has 270 seconds left.\n|inactive|TPMicciu has 270 seconds left.\n|inactive|Silent Waltz Amir has 240 seconds left.\n|inactive|TPMicciu has 240 seconds left.\n|inactive|Silent Waltz Amir has 210 seconds left.\n|inactive|TPMicciu has 210 seconds left.\n|c|\u2606Silent Waltz Amir|test\n|inactive|TPMicciu has 180 seconds left.\n|inactive|TPMicciu has 150 seconds left.\n|\n|t:|1700244570\n|start\n|switch|p1a: Rillaboom|Rillaboom, F|100\/100\n|switch|p2a: Dragapult|Dragapult, F|100\/100\n|-fieldstart|move: Grassy Terrain|[from] ability: Grassy Surge|[of] p1a: Rillaboom\n|turn|1\n|inactive|TPMicciu has 210 seconds left.\n|inactive|Silent Waltz Amir has 240 seconds left.\n|inactive|TPMicciu has 180 seconds left.\n|inactive|TPMicciu has 150 seconds left.\n|\n|t:|1700244645\n|move|p2a: Dragapult|U-turn|p1a: Rillaboom\n|-supereffective|p1a: Rillaboom\n|-damage|p1a: Rillaboom|66\/100\n|inactive|TPMicciu has 120 seconds left.\n|\n|t:|1700244678\n|switch|p2a: Corviknight|Corviknight, M|100\/100|[from] U-turn\n|-ability|p2a: Corviknight|Pressure\n|move|p1a: Rillaboom|Knock Off|p2a: Corviknight\n|-damage|p2a: Corviknight|68\/100\n|-damage|p1a: Rillaboom|50\/100|[from] item: Rocky Helmet|[of] p2a: Corviknight\n|-enditem|p2a: Corviknight|Rocky Helmet|[from] move: Knock Off|[of] p1a: Rillaboom\n|\n|-heal|p1a: Rillaboom|56\/100|[from] Grassy Terrain\n|upkeep\n|turn|2\n|inactive|TPMicciu has 120 seconds left.\n|inactive|Silent Waltz Amir has 210 seconds left.\n|inactive|TPMicciu has 90 seconds left.\n|inactive|Silent Waltz Amir has 180 seconds left.\n|\n|t:|1700244741\n|switch|p1a: Heatran|Heatran, M|100\/100\n|-item|p1a: Heatran|Air Balloon\n|switch|p2a: Garganacl|Garganacl, M|100\/100\n|\n|upkeep\n|turn|3\n|inactive|Silent Waltz Amir has 150 seconds left.\n|inactive|TPMicciu has 60 seconds left.\n|inactive|TPMicciu has 30 seconds left.\n|\n|t:|1700244804\n|switch|p1a: Ursaluna|Ursaluna, F|100\/100\n|move|p2a: Garganacl|Salt Cure|p1a: Ursaluna\n|-resisted|p1a: Ursaluna\n|-damage|p1a: Ursaluna|95\/100\n|-start|p1a: Ursaluna|Salt Cure\n|\n|-heal|p1a: Ursaluna|100\/100|[from] Grassy Terrain\n|-damage|p1a: Ursaluna|88\/100|[from] Salt Cure\n|-status|p1a: Ursaluna|brn|[from] item: Flame Orb\n|upkeep\n|turn|4\n|inactive|TPMicciu has 30 seconds left.\n|inactive|Silent Waltz Amir has 120 seconds left.\n|\n|t:|1700244833\n|switch|p2a: Corviknight|Corviknight, M|68\/100\n|-ability|p2a: Corviknight|Pressure\n|move|p1a: Ursaluna|Facade|p2a: Corviknight\n|-resisted|p2a: Corviknight\n|-damage|p2a: Corviknight|24\/100\n|\n|-heal|p1a: Ursaluna|94\/100 brn|[from] Grassy Terrain\n|-damage|p1a: Ursaluna|88\/100 brn|[from] brn\n|-damage|p1a: Ursaluna|76\/100 brn|[from] Salt Cure\n|upkeep\n|turn|5\n|inactive|Silent Waltz Amir has 120 seconds left.\n|inactive|TPMicciu has 30 seconds left.\n|inactive|TPMicciu has 20 seconds left.\n|inactive|TPMicciu has 15 seconds left.\n|\n|t:|1700244855\n|move|p2a: Corviknight|Roost|p2a: Corviknight\n|-heal|p2a: Corviknight|74\/100\n|-singleturn|p2a: Corviknight|move: Roost\n|move|p1a: Ursaluna|Facade|p2a: Corviknight\n|-resisted|p2a: Corviknight\n|-damage|p2a: Corviknight|35\/100\n|\n|-heal|p2a: Corviknight|41\/100|[from] Grassy Terrain\n|-heal|p1a: Ursaluna|82\/100 brn|[from] Grassy Terrain\n|-damage|p1a: Ursaluna|76\/100 brn|[from] brn\n|-damage|p1a: Ursaluna|64\/100 brn|[from] Salt Cure\n|-fieldend|move: Grassy Terrain\n|upkeep\n|turn|6\n|inactive|TPMicciu has 25 seconds left this turn.\n|inactive|Silent Waltz Amir has 120 seconds left.\n|inactive|TPMicciu has 20 seconds left.\n|\n|t:|1700244865\n|switch|p1a: Heatran|Heatran, M|100\/100\n|-item|p1a: Heatran|Air Balloon\n|move|p2a: Corviknight|Iron Defense|p2a: Corviknight\n|-boost|p2a: Corviknight|def|2\n|\n|upkeep\n|turn|7\n|inactive|TPMicciu has 30 seconds left this turn.\n|inactive|Silent Waltz Amir has 120 seconds left.\n|inactive|TPMicciu has 20 seconds left.\n|inactive|TPMicciu has 15 seconds left.\n|\n|t:|1700244884\n|switch|p2a: Garganacl|Garganacl, M|100\/100\n|switch|p1a: Rillaboom|Rillaboom, F|56\/100\n|-fieldstart|move: Grassy Terrain|[from] ability: Grassy Surge|[of] p1a: Rillaboom\n|\n|-heal|p1a: Rillaboom|62\/100|[from] Grassy Terrain\n|upkeep\n|turn|8\n|inactive|TPMicciu has 25 seconds left this turn.\n|inactive|Silent Waltz Amir has 120 seconds left.\n|inactive|TPMicciu has 20 seconds left.\n|inactive|TPMicciu has 15 seconds left.\n|inactive|TPMicciu has 10 seconds left.\n|\n|t:|1700244903\n|switch|p2a: Corviknight|Corviknight, M|41\/100\n|-ability|p2a: Corviknight|Pressure\n|move|p1a: Rillaboom|Wood Hammer|p2a: Corviknight\n|-resisted|p2a: Corviknight\n|-damage|p2a: Corviknight|18\/100\n|-damage|p1a: Rillaboom|54\/100|[from] Recoil\n|\n|-heal|p1a: Rillaboom|60\/100|[from] Grassy Terrain\n|upkeep\n|turn|9\n|inactive|TPMicciu has 20 seconds left this turn.\n|inactive|TPMicciu has 15 seconds left.\n|\n|t:|1700244910\n|switch|p2a: Dragonite|Dragonite, M|100\/100\n|move|p1a: Rillaboom|Wood Hammer|p2a: Dragonite\n|-resisted|p2a: Dragonite\n|-damage|p2a: Dragonite|82\/100\n|-damage|p1a: Rillaboom|55\/100|[from] Recoil\n|\n|-heal|p1a: Rillaboom|61\/100|[from] Grassy Terrain\n|upkeep\n|turn|10\n|inactive|TPMicciu has 25 seconds left this turn.\n|inactive|TPMicciu has 20 seconds left.\n|inactive|Silent Waltz Amir has 120 seconds left.\n|inactive|TPMicciu has 15 seconds left.\n|\n|t:|1700244939\n|switch|p1a: Heatran|Heatran, M|100\/100\n|-item|p1a: Heatran|Air Balloon\n|move|p2a: Dragonite|Ice Spinner|p1a: Heatran\n|-resisted|p1a: Heatran\n|-damage|p1a: Heatran|95\/100\n|-enditem|p1a: Heatran|Air Balloon\n|-fieldend|move: Grassy Terrain\n|\n|upkeep\n|turn|11\n|inactive|TPMicciu has 25 seconds left this turn.\n|inactive|TPMicciu has 20 seconds left.\n|inactive|TPMicciu has 15 seconds left.\n|inactive|TPMicciu has 10 seconds left.\n|inactive|Silent Waltz Amir has 90 seconds left.\n|\n|t:|1700244986\n|switch|p1a: Rillaboom|Rillaboom, F|61\/100\n|-fieldstart|move: Grassy Terrain|[from] ability: Grassy Surge|[of] p1a: Rillaboom\n|move|p2a: Dragonite|Dragon Dance|p2a: Dragonite\n|-boost|p2a: Dragonite|atk|1\n|-boost|p2a: Dragonite|spe|1\n|\n|-heal|p1a: Rillaboom|67\/100|[from] Grassy Terrain\n|upkeep\n|turn|12\n|inactive|TPMicciu has 20 seconds left this turn.\n|inactive|TPMicciu has 15 seconds left.\n|inactive|Silent Waltz Amir has 60 seconds left.\n|\n|t:|1700245023\n|switch|p1a: Heatran|Heatran, M|95\/100\n|move|p2a: Dragonite|Ice Spinner|p1a: Heatran\n|-resisted|p1a: Heatran\n|-damage|p1a: Heatran|86\/100\n|-fieldend|move: Grassy Terrain\n|\n|upkeep\n|turn|13\n|inactive|TPMicciu has 25 seconds left this turn.\n|inactive|TPMicciu has 20 seconds left.\n|inactive|TPMicciu has 15 seconds left.\n|\n|t:|1700245039\n|-terastallize|p1a: Heatran|Ghost\n|move|p2a: Dragonite|Dragon Dance|p2a: Dragonite\n|-boost|p2a: Dragonite|atk|1\n|-boost|p2a: Dragonite|spe|1\n|move|p1a: Heatran|Will-O-Wisp|p2a: Dragonite|[miss]\n|-miss|p1a: Heatran|p2a: Dragonite\n|\n|upkeep\n|turn|14\n|inactive|TPMicciu has 25 seconds left this turn.\n|inactive|TPMicciu has 20 seconds left.\n|\n|t:|1700245048\n|-terastallize|p2a: Dragonite|Fire\n|move|p2a: Dragonite|Earthquake|p1a: Heatran\n|-crit|p1a: Heatran\n|-damage|p1a: Heatran|0 fnt\n|faint|p1a: Heatran\n|\n|upkeep\n|inactive|TPMicciu has 25 seconds left this turn.\n|inactive|Silent Waltz Amir has 30 seconds left.\n|inactive|Silent Waltz Amir has 20 seconds left.\n|\n|t:|1700245079\n|switch|p1a: Zamazenta|Zamazenta|100\/100\n|-ability|p1a: Zamazenta|Dauntless Shield|boost\n|-boost|p1a: Zamazenta|def|1\n|turn|15\n|inactive|Silent Waltz Amir has 30 seconds left this turn.\n|inactive|TPMicciu has 30 seconds left.\n|inactive|Silent Waltz Amir has 20 seconds left.\n|inactive|Silent Waltz Amir has 15 seconds left.\n|inactive|TPMicciu has 20 seconds left.\n|\n|t:|1700245099\n|move|p2a: Dragonite|Dragon Dance|p2a: Dragonite\n|-boost|p2a: Dragonite|atk|1\n|-boost|p2a: Dragonite|spe|1\n|move|p1a: Zamazenta|Iron Defense|p1a: Zamazenta\n|-boost|p1a: Zamazenta|def|2\n|\n|upkeep\n|turn|16\n|inactive|Silent Waltz Amir has 25 seconds left this turn.\n|inactive|TPMicciu has 30 seconds left this turn.\n|inactive|Silent Waltz Amir has 20 seconds left.\n|\n|t:|1700245107\n|move|p2a: Dragonite|Encore|p1a: Zamazenta\n|-start|p1a: Zamazenta|Encore\n|move|p1a: Zamazenta|Iron Defense|p1a: Zamazenta\n|-boost|p1a: Zamazenta|def|2\n|\n|upkeep\n|turn|17\n|inactive|Silent Waltz Amir has 30 seconds left this turn.\n|inactive|Silent Waltz Amir has 20 seconds left.\n|\n|t:|1700245117\n|switch|p1a: Rillaboom|Rillaboom, F|67\/100\n|-fieldstart|move: Grassy Terrain|[from] ability: Grassy Surge|[of] p1a: Rillaboom\n|move|p2a: Dragonite|Earthquake|p1a: Rillaboom\n|-resisted|p1a: Rillaboom\n|-damage|p1a: Rillaboom|46\/100\n|\n|-heal|p2a: Dragonite|88\/100|[from] Grassy Terrain\n|-heal|p1a: Rillaboom|52\/100|[from] Grassy Terrain\n|upkeep\n|turn|18\n|inactive|Silent Waltz Amir has 30 seconds left this turn.\n|inactive|Silent Waltz Amir has 20 seconds left.\n|\n|t:|1700245132\n|move|p1a: Rillaboom|Grassy Glide|p2a: Dragonite\n|-resisted|p2a: Dragonite\n|-damage|p2a: Dragonite|56\/100\n|move|p2a: Dragonite|Ice Spinner|p1a: Rillaboom\n|-supereffective|p1a: Rillaboom\n|-damage|p1a: Rillaboom|0 fnt\n|-fieldend|move: Grassy Terrain\n|faint|p1a: Rillaboom\n|\n|upkeep\n|inactive|Silent Waltz Amir has 25 seconds left this turn.\n|inactive|Silent Waltz Amir has 20 seconds left.\n|inactive|Silent Waltz Amir has 15 seconds left.\n|\n|t:|1700245145\n|switch|p1a: Hatterene|Hatterene, F|100\/100\n|turn|19\n|inactive|Silent Waltz Amir has 25 seconds left this turn.\n|\n|t:|1700245163\n|move|p2a: Dragonite|Earthquake|p1a: Hatterene\n|-damage|p1a: Hatterene|30\/100\n|move|p1a: Hatterene|Nuzzle|p2a: Dragonite\n|-damage|p2a: Dragonite|52\/100\n|-status|p2a: Dragonite|par\n|\n|upkeep\n|turn|20\n|inactive|Silent Waltz Amir has 30 seconds left.\n|\n|t:|1700245175\n|move|p2a: Dragonite|Earthquake|p1a: Hatterene\n|-damage|p1a: Hatterene|0 fnt\n|faint|p1a: Hatterene\n|\n|upkeep\n|inactive|Silent Waltz Amir has 30 seconds left this turn.\n|inactive|Silent Waltz Amir has 20 seconds left.\n|inactive|Silent Waltz Amir has 15 seconds left.\n|inactive|Silent Waltz Amir has 10 seconds left.\n|\n|t:|1700245196\n|switch|p1a: Sneasler|Sneasler, F|100\/100\n|turn|21\n|inactive|Silent Waltz Amir has 20 seconds left this turn.\n|\n|t:|1700245213\n|move|p2a: Dragonite|Earthquake|p1a: Sneasler\n|-supereffective|p1a: Sneasler\n|-damage|p1a: Sneasler|0 fnt\n|faint|p1a: Sneasler\n|\n|upkeep\n|inactive|Silent Waltz Amir has 25 seconds left this turn.\n|\n|t:|1700245215\n|switch|p1a: Zamazenta|Zamazenta|100\/100\n|turn|22\n|\n|t:|1700245225\n|move|p1a: Zamazenta|Iron Defense|p1a: Zamazenta\n|-boost|p1a: Zamazenta|def|2\n|move|p2a: Dragonite|Dragon Dance|p2a: Dragonite\n|-boost|p2a: Dragonite|atk|1\n|-boost|p2a: Dragonite|spe|1\n|\n|upkeep\n|turn|23\n|inactive|TPMicciu has 60 seconds left.\n|\n|t:|1700245231\n|move|p2a: Dragonite|Encore|p1a: Zamazenta\n|-start|p1a: Zamazenta|Encore\n|move|p1a: Zamazenta|Iron Defense|p1a: Zamazenta\n|-boost|p1a: Zamazenta|def|2\n|\n|upkeep\n|turn|24\n|\n|t:|1700245235\n|switch|p2a: Gliscor|Gliscor, F|100\/100\n|move|p1a: Zamazenta|Iron Defense|p1a: Zamazenta\n|-boost|p1a: Zamazenta|def|2\n|\n|-status|p2a: Gliscor|tox|[from] item: Toxic Orb\n|upkeep\n|turn|25\n|\n|t:|1700245241\n|switch|p1a: Ursaluna|Ursaluna, F|64\/100 brn\n|move|p2a: Gliscor|Toxic||[still]\n|-fail|p2a: Gliscor\n|\n|-damage|p1a: Ursaluna|57\/100 brn|[from] brn\n|upkeep\n|turn|26\n|inactive|Silent Waltz Amir has 60 seconds left.\n|inactive|TPMicciu has 60 seconds left.\n|\n|t:|1700245280\n|move|p2a: Gliscor|Protect|p2a: Gliscor\n|-singleturn|p2a: Gliscor|Protect\n|move|p1a: Ursaluna|Swords Dance|p1a: Ursaluna\n|-boost|p1a: Ursaluna|atk|2\n|\n|-damage|p1a: Ursaluna|51\/100 brn|[from] brn\n|upkeep\n|turn|27\n|inactive|TPMicciu has 60 seconds left.\n|\n|t:|1700245293\n|switch|p2a: Corviknight|Corviknight, M|18\/100\n|-ability|p2a: Corviknight|Pressure\n|move|p1a: Ursaluna|Facade|p2a: Corviknight\n|-resisted|p2a: Corviknight\n|-damage|p2a: Corviknight|0 fnt\n|faint|p2a: Corviknight\n|\n|-damage|p1a: Ursaluna|45\/100 brn|[from] brn\n|upkeep\n|\n|t:|1700245313\n|switch|p2a: Dragonite|Dragonite, M, tera:Fire|52\/100 par\n|turn|28\n|c|\u2606Silent Waltz Amir|gg the miss cost us\n|inactive|Silent Waltz Amir has 60 seconds left.\n|\n|t:|1700245321\n|move|p1a: Ursaluna|Facade|p2a: Dragonite\n|-damage|p2a: Dragonite|0 fnt\n|faint|p2a: Dragonite\n|\n|-damage|p1a: Ursaluna|39\/100 brn|[from] brn\n|upkeep\n|inactive|TPMicciu has 30 seconds left.\n|\n|t:|1700245345\n|switch|p2a: Kingambit|Kingambit, F, shiny|100\/100\n|-activate|p2a: Kingambit|ability: Supreme Overlord\n|-start|p2a: Kingambit|fallen2|[silent]\n|turn|29\n|\n|t:|1700245353\n|switch|p1a: Zamazenta|Zamazenta|100\/100\n|move|p2a: Kingambit|Sucker Punch||[still]\n|-fail|p2a: Kingambit\n|\n|upkeep\n|turn|30\n|\n|t:|1700245362\n|switch|p1a: Ursaluna|Ursaluna, F|39\/100 brn\n|-end|p2a: Kingambit|fallen2|[silent]\n|switch|p2a: Dragapult|Dragapult, F|100\/100\n|\n|-damage|p1a: Ursaluna|33\/100 brn|[from] brn\n|upkeep\n|turn|31\n|\n|t:|1700245368\n|move|p2a: Dragapult|U-turn|p1a: Ursaluna\n|-damage|p1a: Ursaluna|20\/100 brn\n|\n|t:|1700245376\n|switch|p2a: Gliscor|Gliscor, F|100\/100 tox|[from] U-turn\n|move|p1a: Ursaluna|Headlong Rush|p2a: Gliscor\n|-immune|p2a: Gliscor\n|\n|-damage|p1a: Ursaluna|14\/100 brn|[from] brn\n|upkeep\n|turn|32\n|\n|t:|1700245380\n|move|p2a: Gliscor|Earthquake|p1a: Ursaluna\n|-damage|p1a: Ursaluna|0 fnt\n|faint|p1a: Ursaluna\n|\n|upkeep\n|\n|t:|1700245383\n|switch|p1a: Zamazenta|Zamazenta|100\/100\n|turn|33\n|inactive|TPMicciu has 60 seconds left.\n|\n|t:|1700245410\n|move|p1a: Zamazenta|Iron Defense|p1a: Zamazenta\n|-boost|p1a: Zamazenta|def|2\n|move|p2a: Gliscor|Toxic|p1a: Zamazenta|[miss]\n|-miss|p2a: Gliscor|p1a: Zamazenta\n|\n|upkeep\n|turn|34\n|\n|t:|1700245419\n|move|p1a: Zamazenta|Iron Defense|p1a: Zamazenta\n|-boost|p1a: Zamazenta|def|2\n|move|p2a: Gliscor|Toxic|p1a: Zamazenta\n|-status|p1a: Zamazenta|tox\n|\n|-damage|p1a: Zamazenta|94\/100 tox|[from] psn\n|upkeep\n|turn|35\n|\n|t:|1700245423\n|move|p2a: Gliscor|Protect|p2a: Gliscor\n|-singleturn|p2a: Gliscor|Protect\n|move|p1a: Zamazenta|Body Press|p2a: Gliscor\n|-activate|p2a: Gliscor|move: Protect\n|\n|-heal|p1a: Zamazenta|100\/100 tox|[from] item: Leftovers\n|-damage|p1a: Zamazenta|88\/100 tox|[from] psn\n|upkeep\n|turn|36\n|c|\u2606Silent Waltz Amir|gg\n|c|\u2606Silent Waltz Amir|gg\n|\n|t:|1700245431\n|switch|p2a: Garganacl|Garganacl, M|100\/100\n|move|p1a: Zamazenta|Body Press|p2a: Garganacl\n|-supereffective|p2a: Garganacl\n|-damage|p2a: Garganacl|0 fnt\n|faint|p2a: Garganacl\n|\n|-heal|p1a: Zamazenta|94\/100 tox|[from] item: Leftovers\n|-damage|p1a: Zamazenta|75\/100 tox|[from] psn\n|upkeep\n|\n|t:|1700245434\n|switch|p2a: Gliscor|Gliscor, F|100\/100 tox\n|turn|37\n|\n|t:|1700245436\n|move|p2a: Gliscor|Protect|p2a: Gliscor\n|-singleturn|p2a: Gliscor|Protect\n|move|p1a: Zamazenta|Iron Defense|p1a: Zamazenta\n|-boost|p1a: Zamazenta|def|2\n|\n|-heal|p1a: Zamazenta|82\/100 tox|[from] item: Leftovers\n|-damage|p1a: Zamazenta|57\/100 tox|[from] psn\n|upkeep\n|turn|38\n|inactive|TPMicciu has 90 seconds left.\n|\n|t:|1700245446\n|switch|p2a: Kingambit|Kingambit, F, shiny|100\/100\n|-activate|p2a: Kingambit|ability: Supreme Overlord\n|-start|p2a: Kingambit|fallen3|[silent]\n|move|p1a: Zamazenta|Crunch|p2a: Kingambit\n|-resisted|p2a: Kingambit\n|-damage|p2a: Kingambit|92\/100\n|-unboost|p2a: Kingambit|def|1\n|\n|-heal|p1a: Zamazenta|63\/100 tox|[from] item: Leftovers\n|-heal|p2a: Kingambit|98\/100|[from] item: Leftovers\n|-damage|p1a: Zamazenta|32\/100 tox|[from] psn\n|upkeep\n|turn|39\n|\n|t:|1700245451\n|-end|p2a: Kingambit|fallen3|[silent]\n|switch|p2a: Gliscor|Gliscor, F|100\/100 tox\n|move|p1a: Zamazenta|Body Press|p2a: Gliscor\n|-resisted|p2a: Gliscor\n|-damage|p2a: Gliscor|39\/100 tox\n|\n|-heal|p1a: Zamazenta|38\/100 tox|[from] item: Leftovers\n|-damage|p1a: Zamazenta|0 fnt|[from] psn\n|faint|p1a: Zamazenta\n|\n|win|TPMicciu\n|upkeep\n|c|\u2606TPMicciu|gg\n|c|\u2606Silent Waltz Amir|gg\n|player|p1|Silent Waltz Amir|n-masters3\n","uploadtime":1700245452,"views":52,"p1id":"silentwaltzamir","p2id":"tpmicciu","formatid":"gen9ubers","rating":0,"private":0,"password":""}