{"id":"smogtours-gen9ubers-731468","p1":"wyvernl0rd","p2":"Vholtninja","format":"[Gen 9] Ubers","log":"|inactive|Battle timer is ON: inactive players will automatically lose when time's up.\n|t:|1700407340\n|gametype|singles\n|player|p1|wyvernl0rd|winona|\n|player|p2|Vholtninja|serena-masters2|\n|teamsize|p1|6\n|teamsize|p2|6\n|gen|9\n|tier|[Gen 9] Ubers\n|rule|Sleep Clause Mod: Limit one foe put to sleep\n|rule|Species Clause: Limit one of each Pok\u00e9mon\n|rule|OHKO Clause: OHKO moves are banned\n|rule|Evasion Items Clause: Evasion items are banned\n|rule|Evasion Moves Clause: Evasion moves are banned\n|rule|Endless Battle Clause: Forcing endless battles is banned\n|rule|HP Percentage Mod: HP is shown in percentages\n|clearpoke\n|poke|p1|Pelipper, M|\n|poke|p1|Overqwil, M|\n|poke|p1|Zapdos|\n|poke|p1|Palkia-Origin|\n|poke|p1|Landorus, M|\n|poke|p1|Arceus-Grass|\n|poke|p2|Palafin, F|\n|poke|p2|Magearna|\n|poke|p2|Dialga|\n|poke|p2|Zacian-*|\n|poke|p2|Arceus-Dark|\n|poke|p2|Cyclizar, M|\n|teampreview\n|c|\u2606wyvernl0rd|glhf\n|c|\u2606Vholtninja|glhf\n|\n|t:|1700407365\n|start\n|switch|p1a: Pelipper|Pelipper, M|100\/100\n|switch|p2a: Cyclizar|Cyclizar, M, shiny|100\/100\n|-weather|RainDance|[from] ability: Drizzle|[of] p1a: Pelipper\n|turn|1\n|\n|t:|1700407373\n|move|p2a: Cyclizar|Knock Off|p1a: Pelipper\n|-damage|p1a: Pelipper|84\/100\n|-enditem|p1a: Pelipper|Damp Rock|[from] move: Knock Off|[of] p2a: Cyclizar\n|move|p1a: Pelipper|Hurricane|p2a: Cyclizar\n|-damage|p2a: Cyclizar|48\/100\n|\n|-weather|RainDance|[upkeep]\n|upkeep\n|turn|2\n|\n|t:|1700407383\n|switch|p2a: Dialga|Dialga, shiny|100\/100\n|-ability|p2a: Dialga|Pressure\n|move|p1a: Pelipper|Knock Off|p2a: Dialga\n|-damage|p2a: Dialga|91\/100\n|-enditem|p2a: Dialga|Leftovers|[from] move: Knock Off|[of] p1a: Pelipper\n|\n|-weather|RainDance|[upkeep]\n|upkeep\n|turn|3\n|\n|t:|1700407395\n|switch|p1a: Arceus|Arceus-Grass|100\/100\n|move|p2a: Dialga|Stealth Rock|p1a: Arceus\n|-sidestart|p1: wyvernl0rd|move: Stealth Rock\n|\n|-weather|RainDance|[upkeep]\n|upkeep\n|turn|4\n|\n|t:|1700407408\n|move|p1a: Arceus|Earth Power|p2a: Dialga\n|-supereffective|p2a: Dialga\n|-damage|p2a: Dialga|60\/100\n|move|p2a: Dialga|Roar|p1a: Arceus\n|drag|p1a: Palkia|Palkia-Origin|100\/100\n|-damage|p1a: Palkia|88\/100|[from] Stealth Rock\n|-ability|p1a: Palkia|Pressure\n|\n|-weather|RainDance|[upkeep]\n|upkeep\n|turn|5\n|\n|t:|1700407420\n|move|p1a: Palkia|Earth Power|p2a: Dialga\n|-supereffective|p2a: Dialga\n|-damage|p2a: Dialga|16\/100\n|move|p2a: Dialga|Draco Meteor|p1a: Palkia\n|-supereffective|p1a: Palkia\n|-damage|p1a: Palkia|0 fnt\n|-unboost|p2a: Dialga|spa|2\n|faint|p1a: Palkia\n|\n|-weather|RainDance|[upkeep]\n|upkeep\n|\n|t:|1700407426\n|switch|p1a: Overqwil|Overqwil, M|100\/100\n|-damage|p1a: Overqwil|88\/100|[from] Stealth Rock\n|turn|6\n|\n|t:|1700407438\n|switch|p2a: Magearna|Magearna|100\/100\n|move|p1a: Overqwil|Crunch|p2a: Magearna\n|-resisted|p2a: Magearna\n|-damage|p2a: Magearna|81\/100\n|\n|-weather|RainDance|[upkeep]\n|-heal|p2a: Magearna|87\/100|[from] item: Leftovers\n|upkeep\n|turn|7\n|\n|t:|1700407450\n|switch|p1a: Landorus|Landorus, M|100\/100\n|-damage|p1a: Landorus|88\/100|[from] Stealth Rock\n|move|p2a: Magearna|Fleur Cannon|p1a: Landorus\n|-damage|p1a: Landorus|18\/100\n|-unboost|p2a: Magearna|spa|2\n|\n|-weather|RainDance|[upkeep]\n|-heal|p2a: Magearna|93\/100|[from] item: Leftovers\n|upkeep\n|turn|8\n|\n|t:|1700407458\n|switch|p2a: Cyclizar|Cyclizar, M, shiny|81\/100\n|move|p1a: Landorus|Sandsear Storm|p2a: Cyclizar\n|-damage|p2a: Cyclizar|0 fnt\n|faint|p2a: Cyclizar\n|\n|-weather|none\n|upkeep\n|\n|t:|1700407465\n|switch|p2a: Palafin|Palafin, F, shiny|100\/100\n|turn|9\n|\n|t:|1700407473\n|switch|p1a: Pelipper|Pelipper, M|84\/100\n|-damage|p1a: Pelipper|60\/100|[from] Stealth Rock\n|-weather|RainDance|[from] ability: Drizzle|[of] p1a: Pelipper\n|move|p2a: Palafin|Jet Punch|p1a: Pelipper\n|-resisted|p1a: Pelipper\n|-damage|p1a: Pelipper|43\/100\n|\n|-weather|RainDance|[upkeep]\n|upkeep\n|turn|10\n|\n|t:|1700407480\n|detailschange|p2a: Palafin|Palafin-Hero, F, shiny\n|switch|p2a: Dialga|Dialga, shiny|16\/100\n|-ability|p2a: Dialga|Pressure\n|move|p1a: Pelipper|Roost|p1a: Pelipper\n|-heal|p1a: Pelipper|93\/100\n|-singleturn|p1a: Pelipper|move: Roost\n|\n|-weather|RainDance|[upkeep]\n|upkeep\n|turn|11\n|\n|t:|1700407509\n|switch|p1a: Landorus|Landorus, M|18\/100\n|-damage|p1a: Landorus|6\/100|[from] Stealth Rock\n|move|p2a: Dialga|Draco Meteor|p1a: Landorus\n|-damage|p1a: Landorus|0 fnt\n|-unboost|p2a: Dialga|spa|2\n|faint|p1a: Landorus\n|\n|-weather|RainDance|[upkeep]\n|upkeep\n|\n|t:|1700407514\n|switch|p1a: Overqwil|Overqwil, M|88\/100\n|-damage|p1a: Overqwil|76\/100|[from] Stealth Rock\n|turn|12\n|\n|t:|1700407538\n|-terastallize|p1a: Overqwil|Water\n|move|p1a: Overqwil|Liquidation|p2a: Dialga\n|-resisted|p2a: Dialga\n|-damage|p2a: Dialga|0 fnt\n|faint|p2a: Dialga\n|\n|-weather|RainDance|[upkeep]\n|upkeep\n|\n|t:|1700407548\n|switch|p2a: Magearna|Magearna|93\/100\n|turn|13\n|\n|t:|1700407550\n|move|p1a: Overqwil|Liquidation|p2a: Magearna\n|-damage|p2a: Magearna|30\/100\n|move|p2a: Magearna|Volt Switch|p1a: Overqwil\n|-supereffective|p1a: Overqwil\n|-damage|p1a: Overqwil|9\/100\n|\n|t:|1700407557\n|switch|p2a: Palafin|Palafin-Hero, F, shiny|100\/100|[from] Volt Switch\n|-activate|p2a: Palafin|ability: Zero to Hero\n|\n|-weather|none\n|upkeep\n|turn|14\n|\n|t:|1700407561\n|move|p2a: Palafin|Jet Punch|p1a: Overqwil\n|-resisted|p1a: Overqwil\n|-damage|p1a: Overqwil|0 fnt\n|faint|p1a: Overqwil\n|\n|upkeep\n|\n|t:|1700407566\n|switch|p1a: Zapdos|Zapdos|100\/100\n|turn|15\n|\n|t:|1700407572\n|switch|p2a: Magearna|Magearna|30\/100\n|move|p1a: Zapdos|Thunder|p2a: Magearna\n|-damage|p2a: Magearna|0 fnt\n|faint|p2a: Magearna\n|\n|upkeep\n|\n|t:|1700407587\n|switch|p2a: Arceus|Arceus-Dark, shiny|100\/100\n|turn|16\n|\n|t:|1700407594\n|move|p2a: Arceus|Cosmic Power|p2a: Arceus\n|-boost|p2a: Arceus|def|1\n|-boost|p2a: Arceus|spd|1\n|move|p1a: Zapdos|Thunder|p2a: Arceus\n|-damage|p2a: Arceus|71\/100\n|\n|upkeep\n|turn|17\n|\n|t:|1700407601\n|switch|p1a: Arceus|Arceus-Grass|100\/100\n|-damage|p1a: Arceus|88\/100|[from] Stealth Rock\n|move|p2a: Arceus|Cosmic Power|p2a: Arceus\n|-boost|p2a: Arceus|def|1\n|-boost|p2a: Arceus|spd|1\n|\n|upkeep\n|turn|18\n|\n|t:|1700407605\n|move|p1a: Arceus|Calm Mind|p1a: Arceus\n|-boost|p1a: Arceus|spa|1\n|-boost|p1a: Arceus|spd|1\n|move|p2a: Arceus|Body Press|p1a: Arceus\n|-damage|p1a: Arceus|52\/100\n|\n|upkeep\n|turn|19\n|\n|t:|1700407611\n|move|p1a: Arceus|Recover|p1a: Arceus\n|-heal|p1a: Arceus|100\/100\n|move|p2a: Arceus|Cosmic Power|p2a: Arceus\n|-boost|p2a: Arceus|def|1\n|-boost|p2a: Arceus|spd|1\n|\n|upkeep\n|turn|20\n|\n|t:|1700407613\n|move|p1a: Arceus|Calm Mind|p1a: Arceus\n|-boost|p1a: Arceus|spa|1\n|-boost|p1a: Arceus|spd|1\n|move|p2a: Arceus|Cosmic Power|p2a: Arceus\n|-boost|p2a: Arceus|def|1\n|-boost|p2a: Arceus|spd|1\n|\n|upkeep\n|turn|21\n|\n|t:|1700407619\n|move|p1a: Arceus|Judgment|p2a: Arceus\n|-damage|p2a: Arceus|50\/100\n|move|p2a: Arceus|Cosmic Power|p2a: Arceus\n|-boost|p2a: Arceus|def|1\n|-boost|p2a: Arceus|spd|1\n|\n|upkeep\n|turn|22\n|\n|t:|1700407622\n|move|p1a: Arceus|Judgment|p2a: Arceus\n|-damage|p2a: Arceus|30\/100\n|move|p2a: Arceus|Recover|p2a: Arceus\n|-heal|p2a: Arceus|80\/100\n|\n|upkeep\n|turn|23\n|\n|t:|1700407625\n|move|p1a: Arceus|Judgment|p2a: Arceus\n|-damage|p2a: Arceus|60\/100\n|move|p2a: Arceus|Cosmic Power|p2a: Arceus\n|-boost|p2a: Arceus|def|1\n|-boost|p2a: Arceus|spd|1\n|\n|upkeep\n|turn|24\n|\n|t:|1700407628\n|move|p1a: Arceus|Judgment|p2a: Arceus\n|-damage|p2a: Arceus|44\/100\n|move|p2a: Arceus|Recover|p2a: Arceus\n|-heal|p2a: Arceus|94\/100\n|\n|upkeep\n|turn|25\n|\n|t:|1700407630\n|move|p1a: Arceus|Judgment|p2a: Arceus\n|-damage|p2a: Arceus|78\/100\n|move|p2a: Arceus|Body Press|p1a: Arceus\n|-damage|p1a: Arceus|20\/100\n|\n|upkeep\n|turn|26\n|\n|t:|1700407636\n|move|p1a: Arceus|Recover|p1a: Arceus\n|-heal|p1a: Arceus|70\/100\n|move|p2a: Arceus|Body Press|p1a: Arceus\n|-damage|p1a: Arceus|0 fnt\n|faint|p1a: Arceus\n|\n|upkeep\n|\n|t:|1700407637\n|switch|p1a: Zapdos|Zapdos|100\/100\n|turn|27\n|c|\u2606wyvernl0rd|gg\n|-message|wyvernl0rd forfeited.\n|\n|win|Vholtninja\n|c|\u2606Vholtninja|gg\n","uploadtime":1700407646,"views":29,"p1id":"wyvernl0rd","p2id":"vholtninja","formatid":"gen9ubers","rating":0,"private":0,"password":""}