{"id":"smogtours-gen9ubers-731547","p1":"Don & Xen","p2":"Lily & MDB2","format":"[Gen 9] Ubers","log":"|inactive|Battle timer is ON: inactive players will automatically lose when time's up.\n|t:|1700414736\n|gametype|singles\n|player|p1|Don & Xen|#wcop2023france|\n|player|p2|Lily & MDB2|170|\n|teamsize|p1|6\n|teamsize|p2|6\n|gen|9\n|tier|[Gen 9] Ubers\n|rule|Sleep Clause Mod: Limit one foe put to sleep\n|rule|Species Clause: Limit one of each Pok\u00e9mon\n|rule|OHKO Clause: OHKO moves are banned\n|rule|Evasion Items Clause: Evasion items are banned\n|rule|Evasion Moves Clause: Evasion moves are banned\n|rule|Endless Battle Clause: Forcing endless battles is banned\n|rule|HP Percentage Mod: HP is shown in percentages\n|clearpoke\n|poke|p1|Dragonite, F|\n|poke|p1|Gliscor, F|\n|poke|p1|Skeledirge, F|\n|poke|p1|Clefable, F|\n|poke|p1|Samurott-Hisui, F|\n|poke|p1|Weavile, F|\n|poke|p2|Zamazenta-*|\n|poke|p2|Iron Moth|\n|poke|p2|Dragonite, M|\n|poke|p2|Great Tusk|\n|poke|p2|Kingambit, F|\n|poke|p2|Walking Wake|\n|teampreview\n|inactive|Don & Xen also wants the timer to be on.\n|c|\u2606Don & Xen|hf\n|c|\u2606Lily & MDB2|hf\n|inactive|Don & Xen has 270 seconds left.\n|inactive|Lily & MDB2 has 270 seconds left.\n|inactive|Don & Xen has 240 seconds left.\n|inactive|Lily & MDB2 has 240 seconds left.\n|inactive|Don & Xen has 210 seconds left.\n|inactive|Lily & MDB2 has 210 seconds left.\n|\n|t:|1700414847\n|start\n|switch|p1a: Clefable|Clefable, F, shiny|100\/100\n|switch|p2a: Walking Wake|Walking Wake|100\/100\n|-enditem|p2a: Walking Wake|Booster Energy\n|-activate|p2a: Walking Wake|ability: Protosynthesis|[fromitem]\n|-start|p2a: Walking Wake|protosynthesisspa\n|turn|1\n|inactive|Don & Xen has 240 seconds left.\n|\n|t:|1700414896\n|move|p2a: Walking Wake|Hydro Pump|p1a: Clefable\n|-crit|p1a: Clefable\n|-damage|p1a: Clefable|0 fnt\n|faint|p1a: Clefable\n|\n|upkeep\n|inactive|Don & Xen has 210 seconds left.\n|inactive|Don & Xen has 180 seconds left.\n|inactive|Don & Xen has 150 seconds left.\n|\n|t:|1700414979\n|switch|p1a: Samurott|Samurott-Hisui, F, shiny|100\/100\n|turn|2\n|inactive|Lily & MDB2 has 270 seconds left.\n|\n|t:|1700414990\n|move|p2a: Walking Wake|Dragon Pulse|p1a: Samurott\n|-damage|p1a: Samurott|2\/100\n|move|p1a: Samurott|Ceaseless Edge|p2a: Walking Wake\n|-damage|p2a: Walking Wake|56\/100\n|-sidestart|p2: Lily & MDB2|Spikes\n|\n|upkeep\n|turn|3\n|inactive|Lily & MDB2 has 270 seconds left.\n|\n|t:|1700415010\n|move|p2a: Walking Wake|Dragon Pulse|p1a: Samurott\n|-damage|p1a: Samurott|0 fnt\n|faint|p1a: Samurott\n|\n|upkeep\n|inactive|Don & Xen has 150 seconds left.\n|\n|t:|1700415040\n|switch|p1a: Weavile|Weavile, F|100\/100\n|-ability|p1a: Weavile|Pressure\n|turn|4\n|\n|t:|1700415049\n|move|p1a: Weavile|Ice Spinner|p2a: Walking Wake\n|-damage|p2a: Walking Wake|14\/100\n|move|p2a: Walking Wake|Flamethrower|p1a: Weavile\n|-supereffective|p1a: Weavile\n|-damage|p1a: Weavile|0 fnt\n|faint|p1a: Weavile\n|\n|upkeep\n|\n|t:|1700415055\n|switch|p1a: Dragonite|Dragonite, F, shiny|100\/100\n|turn|5\n|inactive|Lily & MDB2 has 270 seconds left.\n|\n|t:|1700415080\n|-end|p2a: Walking Wake|Protosynthesis|[silent]\n|switch|p2a: Great Tusk|Great Tusk|100\/100\n|-damage|p2a: Great Tusk|88\/100|[from] Spikes\n|-enditem|p2a: Great Tusk|Booster Energy\n|-activate|p2a: Great Tusk|ability: Protosynthesis|[fromitem]\n|-start|p2a: Great Tusk|protosynthesisatk\n|move|p1a: Dragonite|Extreme Speed|p2a: Great Tusk\n|-damage|p2a: Great Tusk|66\/100\n|\n|upkeep\n|turn|6\n|inactive|Lily & MDB2 has 270 seconds left.\n|\n|t:|1700415102\n|move|p2a: Great Tusk|Ice Spinner|p1a: Dragonite\n|-supereffective|p1a: Dragonite\n|-damage|p1a: Dragonite|31\/100\n|move|p1a: Dragonite|Earthquake|p2a: Great Tusk\n|-damage|p2a: Great Tusk|38\/100\n|\n|upkeep\n|turn|7\n|\n|t:|1700415117\n|move|p1a: Dragonite|Extreme Speed|p2a: Great Tusk\n|-damage|p2a: Great Tusk|17\/100\n|move|p2a: Great Tusk|Ice Spinner|p1a: Dragonite\n|-supereffective|p1a: Dragonite\n|-damage|p1a: Dragonite|0 fnt\n|faint|p1a: Dragonite\n|\n|upkeep\n|\n|t:|1700415122\n|switch|p1a: Skeledirge|Skeledirge, F, shiny|100\/100\n|turn|8\n|\n|t:|1700415130\n|-terastallize|p1a: Skeledirge|Water\n|move|p2a: Great Tusk|Headlong Rush|p1a: Skeledirge\n|-damage|p1a: Skeledirge|47\/100\n|-unboost|p2a: Great Tusk|def|1\n|-unboost|p2a: Great Tusk|spd|1\n|move|p1a: Skeledirge|Torch Song|p2a: Great Tusk\n|-damage|p2a: Great Tusk|0 fnt\n|-boost|p1a: Skeledirge|spa|1\n|faint|p2a: Great Tusk\n|-end|p2a: Great Tusk|Protosynthesis|[silent]\n|\n|upkeep\n|inactive|Lily & MDB2 has 240 seconds left.\n|inactive|Lily & MDB2 has 210 seconds left.\n|inactive|Lily & MDB2 has 180 seconds left.\n|inactive|Lily & MDB2 has 150 seconds left.\n|inactive|Lily & MDB2 has 120 seconds left.\n|\n|t:|1700415291\n|switch|p2a: Iron Moth|Iron Moth|100\/100\n|-damage|p2a: Iron Moth|88\/100|[from] Spikes\n|-enditem|p2a: Iron Moth|Booster Energy\n|-activate|p2a: Iron Moth|ability: Quark Drive|[fromitem]\n|-start|p2a: Iron Moth|quarkdrivespe\n|turn|9\n|inactive|Don & Xen has 150 seconds left.\n|\n|t:|1700415327\n|switch|p1a: Gliscor|Gliscor, F, shiny|100\/100\n|move|p2a: Iron Moth|Sludge Wave|p1a: Gliscor\n|-resisted|p1a: Gliscor\n|-damage|p1a: Gliscor|78\/100\n|\n|-status|p1a: Gliscor|tox|[from] item: Toxic Orb\n|upkeep\n|turn|10\n|inactive|Lily & MDB2 has 120 seconds left.\n|inactive|Lily & MDB2 has 90 seconds left.\n|\n|t:|1700415368\n|move|p2a: Iron Moth|Fiery Dance|p1a: Gliscor\n|-damage|p1a: Gliscor|35\/100 tox\n|-boost|p2a: Iron Moth|spa|1\n|move|p1a: Gliscor|Earthquake|p2a: Iron Moth\n|-supereffective|p2a: Iron Moth\n|-damage|p2a: Iron Moth|0 fnt\n|faint|p2a: Iron Moth\n|-end|p2a: Iron Moth|Quark Drive|[silent]\n|\n|-heal|p1a: Gliscor|48\/100 tox|[from] ability: Poison Heal\n|upkeep\n|\n|t:|1700415395\n|switch|p2a: Kingambit|Kingambit, F|100\/100\n|-damage|p2a: Kingambit|88\/100|[from] Spikes\n|-activate|p2a: Kingambit|ability: Supreme Overlord\n|-start|p2a: Kingambit|fallen2|[silent]\n|turn|11\n|\n|t:|1700415403\n|-terastallize|p2a: Kingambit|Dark\n|move|p1a: Gliscor|Earthquake|p2a: Kingambit\n|-damage|p2a: Kingambit|60\/100\n|move|p2a: Kingambit|Kowtow Cleave|p1a: Gliscor\n|-damage|p1a: Gliscor|0 fnt\n|faint|p1a: Gliscor\n|\n|upkeep\n|\n|t:|1700415407\n|switch|p1a: Skeledirge|Skeledirge, F, shiny, tera:Water|47\/100\n|turn|12\n|inactive|Don & Xen has 150 seconds left.\n|\n|t:|1700415421\n|move|p1a: Skeledirge|Will-O-Wisp|p2a: Kingambit\n|-status|p2a: Kingambit|brn\n|move|p2a: Kingambit|Kowtow Cleave|p1a: Skeledirge\n|-damage|p1a: Skeledirge|16\/100\n|\n|-damage|p2a: Kingambit|54\/100 brn|[from] brn\n|upkeep\n|turn|13\n|inactive|Don & Xen has 150 seconds left.\n|\n|t:|1700415426\n|-end|p2a: Kingambit|fallen2|[silent]\n|switch|p2a: Walking Wake|Walking Wake|14\/100\n|-damage|p2a: Walking Wake|1\/100|[from] Spikes\n|move|p1a: Skeledirge|Slack Off|p1a: Skeledirge\n|-heal|p1a: Skeledirge|66\/100\n|\n|upkeep\n|turn|14\n|inactive|Don & Xen has 150 seconds left.\n|\n|t:|1700415450\n|move|p2a: Walking Wake|Dragon Pulse|p1a: Skeledirge\n|-damage|p1a: Skeledirge|26\/100\n|move|p1a: Skeledirge|Slack Off|p1a: Skeledirge\n|-heal|p1a: Skeledirge|76\/100\n|\n|upkeep\n|turn|15\n|\n|t:|1700415464\n|move|p2a: Walking Wake|Dragon Pulse|p1a: Skeledirge\n|-damage|p1a: Skeledirge|35\/100\n|move|p1a: Skeledirge|Slack Off|p1a: Skeledirge\n|-heal|p1a: Skeledirge|85\/100\n|\n|upkeep\n|turn|16\n|\n|t:|1700415475\n|move|p2a: Walking Wake|Dragon Pulse|p1a: Skeledirge\n|-damage|p1a: Skeledirge|44\/100\n|move|p1a: Skeledirge|Torch Song|p2a: Walking Wake\n|-resisted|p2a: Walking Wake\n|-damage|p2a: Walking Wake|0 fnt\n|-boost|p1a: Skeledirge|spa|1\n|faint|p2a: Walking Wake\n|-end|p2a: Walking Wake|Protosynthesis|[silent]\n|\n|upkeep\n|inactive|Lily & MDB2 has 90 seconds left.\n|\n|t:|1700415513\n|switch|p2a: Zamazenta|Zamazenta|100\/100\n|-damage|p2a: Zamazenta|88\/100|[from] Spikes\n|-ability|p2a: Zamazenta|Dauntless Shield|boost\n|-boost|p2a: Zamazenta|def|1\n|turn|17\n|inactive|Don & Xen has 150 seconds left.\n|inactive|Lily & MDB2 has 90 seconds left.\n|\n|t:|1700415530\n|move|p2a: Zamazenta|Crunch|p1a: Skeledirge\n|-damage|p1a: Skeledirge|26\/100\n|move|p1a: Skeledirge|Slack Off|p1a: Skeledirge\n|-heal|p1a: Skeledirge|76\/100\n|\n|-heal|p2a: Zamazenta|94\/100|[from] item: Leftovers\n|upkeep\n|turn|18\n|\n|t:|1700415540\n|move|p2a: Zamazenta|Crunch|p1a: Skeledirge\n|-damage|p1a: Skeledirge|60\/100\n|-unboost|p1a: Skeledirge|def|1\n|move|p1a: Skeledirge|Will-O-Wisp|p2a: Zamazenta\n|-status|p2a: Zamazenta|brn\n|\n|-heal|p2a: Zamazenta|99\/100 brn|[from] item: Leftovers\n|-damage|p2a: Zamazenta|94\/100 brn|[from] brn\n|upkeep\n|turn|19\n|\n|t:|1700415548\n|move|p2a: Zamazenta|Crunch|p1a: Skeledirge\n|-damage|p1a: Skeledirge|47\/100\n|move|p1a: Skeledirge|Slack Off|p1a: Skeledirge\n|-heal|p1a: Skeledirge|98\/100\n|\n|-heal|p2a: Zamazenta|99\/100 brn|[from] item: Leftovers\n|-damage|p2a: Zamazenta|94\/100 brn|[from] brn\n|upkeep\n|turn|20\n|\n|t:|1700415552\n|move|p2a: Zamazenta|Crunch|p1a: Skeledirge\n|-damage|p1a: Skeledirge|85\/100\n|move|p1a: Skeledirge|Torch Song|p2a: Zamazenta\n|-damage|p2a: Zamazenta|60\/100 brn\n|-boost|p1a: Skeledirge|spa|1\n|\n|-heal|p2a: Zamazenta|66\/100 brn|[from] item: Leftovers\n|-damage|p2a: Zamazenta|60\/100 brn|[from] brn\n|upkeep\n|turn|21\n|inactive|Don & Xen has 180 seconds left.\n|\n|t:|1700415559\n|move|p2a: Zamazenta|Crunch|p1a: Skeledirge\n|-damage|p1a: Skeledirge|72\/100\n|move|p1a: Skeledirge|Hex|p2a: Zamazenta\n|-damage|p2a: Zamazenta|0 fnt\n|faint|p2a: Zamazenta\n|\n|upkeep\n|\n|t:|1700415583\n|switch|p2a: Kingambit|Kingambit, F, tera:Dark|54\/100 brn\n|-damage|p2a: Kingambit|41\/100 brn|[from] Spikes\n|-activate|p2a: Kingambit|ability: Supreme Overlord\n|-start|p2a: Kingambit|fallen4|[silent]\n|turn|22\n|inactive|Don & Xen has 180 seconds left.\n|inactive|Lily & MDB2 has 90 seconds left.\n|\n|t:|1700415631\n|move|p2a: Kingambit|Sucker Punch|p1a: Skeledirge\n|-damage|p1a: Skeledirge|22\/100\n|move|p1a: Skeledirge|Torch Song|p2a: Kingambit\n|-damage|p2a: Kingambit|0 fnt\n|-boost|p1a: Skeledirge|spa|1\n|faint|p2a: Kingambit\n|-end|p2a: Kingambit|fallen4|[silent]\n|\n|upkeep\n|\n|t:|1700415634\n|switch|p2a: Dragonite|Dragonite, M|100\/100\n|turn|23\n|\n|t:|1700415640\n|move|p2a: Dragonite|Earthquake|p1a: Skeledirge\n|-damage|p1a: Skeledirge|0 fnt\n|faint|p1a: Skeledirge\n|\n|win|Lily & MDB2\n|c|\u2606Lily & MDB2|gg\n|c|\u2606Don & Xen|bad crit\n","uploadtime":1700415641,"views":34,"p1id":"donxen","p2id":"lilymdb2","formatid":"gen9ubers","rating":0,"private":0,"password":""}