{"id":"smogtours-gen9ubers-731601","p1":"Dark\u2605Shion\u30c4","p2":"entrocefalo","format":"[Gen 9] Ubers","log":"|inactive|Battle timer is ON: inactive players will automatically lose when time's up.\n|t:|1700420326\n|gametype|singles\n|player|p1|Dark\u2605Shion\u30c4|unknown|\n|player|p2|entrocefalo|#scl3machines2|\n|teamsize|p1|6\n|teamsize|p2|6\n|gen|9\n|tier|[Gen 9] Ubers\n|rule|Sleep Clause Mod: Limit one foe put to sleep\n|rule|Species Clause: Limit one of each Pok\u00e9mon\n|rule|OHKO Clause: OHKO moves are banned\n|rule|Evasion Items Clause: Evasion items are banned\n|rule|Evasion Moves Clause: Evasion moves are banned\n|rule|Endless Battle Clause: Forcing endless battles is banned\n|rule|HP Percentage Mod: HP is shown in percentages\n|clearpoke\n|poke|p1|Flutter Mane|\n|poke|p1|Koraidon|\n|poke|p1|Landorus-Therian, M|\n|poke|p1|Arceus-Water|\n|poke|p1|Zacian-*|\n|poke|p1|Ting-Lu|\n|poke|p2|Koraidon|\n|poke|p2|Arceus|\n|poke|p2|Kyogre|\n|poke|p2|Landorus-Therian, M|\n|poke|p2|Clodsire, M|\n|poke|p2|Basculegion, M|\n|teampreview\n|c|\u2606entrocefalo|hf\n|inactive|Dark\u2605Shion\u30c4 has 270 seconds left.\n|c|\u2606Dark\u2605Shion\u30c4|Hf \n|inactive|entrocefalo has 270 seconds left.\n|inactive|Dark\u2605Shion\u30c4 has 240 seconds left.\n|\n|t:|1700420402\n|start\n|switch|p1a: Arceus|Arceus-Water|100\/100\n|switch|p2a: Kyogre|Kyogre|100\/100\n|-weather|RainDance|[from] ability: Drizzle|[of] p2a: Kyogre\n|turn|1\n|inactive|Dark\u2605Shion\u30c4 has 270 seconds left.\n|inactive|Dark\u2605Shion\u30c4 has 240 seconds left.\n|\n|t:|1700420457\n|move|p1a: Arceus|Grass Knot|p2a: Kyogre\n|-supereffective|p2a: Kyogre\n|-damage|p2a: Kyogre|63\/100\n|move|p2a: Kyogre|Thunder Wave|p1a: Arceus\n|-status|p1a: Arceus|par\n|\n|-weather|RainDance|[upkeep]\n|upkeep\n|turn|2\n|inactive|Dark\u2605Shion\u30c4 has 240 seconds left.\n|\n|t:|1700420476\n|switch|p2a: Koraidon|Koraidon|100\/100\n|-weather|SunnyDay|[from] ability: Orichalcum Pulse|[of] p2a: Koraidon\n|-activate|p2a: Koraidon|Orichalcum Pulse|[source]\n|move|p1a: Arceus|Will-O-Wisp|p2a: Koraidon\n|-status|p2a: Koraidon|brn\n|\n|-weather|SunnyDay|[upkeep]\n|-damage|p2a: Koraidon|94\/100 brn|[from] brn\n|upkeep\n|turn|3\n|inactive|Dark\u2605Shion\u30c4 has 240 seconds left.\n|\n|t:|1700420495\n|switch|p1a: Landorus|Landorus-Therian, M|100\/100\n|-ability|p1a: Landorus|Intimidate|boost\n|-unboost|p2a: Koraidon|atk|1\n|move|p2a: Koraidon|U-turn|p1a: Landorus\n|-resisted|p1a: Landorus\n|-damage|p1a: Landorus|97\/100\n|-damage|p2a: Koraidon|78\/100 brn|[from] item: Rocky Helmet|[of] p1a: Landorus\n|\n|t:|1700420500\n|switch|p2a: Kyogre|Kyogre|63\/100|[from] U-turn\n|-weather|RainDance|[from] ability: Drizzle|[of] p2a: Kyogre\n|\n|-weather|RainDance|[upkeep]\n|upkeep\n|turn|4\n|inactive|Dark\u2605Shion\u30c4 has 240 seconds left.\n|\n|t:|1700420513\n|switch|p1a: Arceus|Arceus-Water|100\/100 par\n|move|p2a: Kyogre|Calm Mind|p2a: Kyogre\n|-boost|p2a: Kyogre|spa|1\n|-boost|p2a: Kyogre|spd|1\n|\n|-weather|RainDance|[upkeep]\n|upkeep\n|turn|5\n|inactive|Dark\u2605Shion\u30c4 has 240 seconds left.\n|\n|t:|1700420526\n|move|p2a: Kyogre|Origin Pulse|p1a: Arceus\n|-resisted|p1a: Arceus\n|-damage|p1a: Arceus|48\/100 par\n|cant|p1a: Arceus|par\n|\n|-weather|RainDance|[upkeep]\n|upkeep\n|turn|6\n|inactive|Dark\u2605Shion\u30c4 has 240 seconds left.\n|inactive|Dark\u2605Shion\u30c4 has 210 seconds left.\n|\n|t:|1700420566\n|move|p2a: Kyogre|Origin Pulse|p1a: Arceus\n|-resisted|p1a: Arceus\n|-damage|p1a: Arceus|0 fnt\n|faint|p1a: Arceus\n|\n|-weather|RainDance|[upkeep]\n|upkeep\n|\n|t:|1700420569\n|switch|p1a: Koraidon|Koraidon|100\/100\n|-weather|SunnyDay|[from] ability: Orichalcum Pulse|[of] p1a: Koraidon\n|-activate|p1a: Koraidon|Orichalcum Pulse|[source]\n|turn|7\n|inactive|Dark\u2605Shion\u30c4 has 210 seconds left.\n|\n|t:|1700420584\n|switch|p2a: Clodsire|Clodsire, M|100\/100\n|move|p1a: Koraidon|U-turn|p2a: Clodsire\n|-resisted|p2a: Clodsire\n|-damage|p2a: Clodsire|88\/100\n|-damage|p1a: Koraidon|84\/100|[from] item: Rocky Helmet|[of] p2a: Clodsire\n|\n|t:|1700420589\n|switch|p1a: Landorus|Landorus-Therian, M|97\/100|[from] U-turn\n|-ability|p1a: Landorus|Intimidate|boost\n|-unboost|p2a: Clodsire|atk|1\n|\n|-weather|SunnyDay|[upkeep]\n|upkeep\n|turn|8\n|\n|t:|1700420600\n|switch|p2a: Arceus|Arceus|100\/100\n|move|p1a: Landorus|Stealth Rock|p2a: Arceus\n|-sidestart|p2: entrocefalo|move: Stealth Rock\n|\n|-weather|SunnyDay|[upkeep]\n|upkeep\n|turn|9\n|\n|t:|1700420605\n|move|p2a: Arceus|Swords Dance|p2a: Arceus\n|-boost|p2a: Arceus|atk|2\n|move|p1a: Landorus|U-turn|p2a: Arceus\n|-damage|p2a: Arceus|86\/100\n|\n|t:|1700420624\n|switch|p1a: Flutter Mane|Flutter Mane|100\/100|[from] U-turn\n|-activate|p1a: Flutter Mane|ability: Protosynthesis\n|-start|p1a: Flutter Mane|protosynthesisspe\n|\n|-weather|SunnyDay|[upkeep]\n|upkeep\n|turn|10\n|inactive|Dark\u2605Shion\u30c4 has 210 seconds left.\n|\n|t:|1700420645\n|-end|p1a: Flutter Mane|Protosynthesis|[silent]\n|switch|p1a: Landorus|Landorus-Therian, M|97\/100\n|-ability|p1a: Landorus|Intimidate|boost\n|-unboost|p2a: Arceus|atk|1\n|move|p2a: Arceus|Recover|p2a: Arceus\n|-heal|p2a: Arceus|100\/100\n|\n|-weather|SunnyDay|[upkeep]\n|upkeep\n|turn|11\n|inactive|Dark\u2605Shion\u30c4 has 210 seconds left.\n|\n|t:|1700420665\n|move|p2a: Arceus|Swords Dance|p2a: Arceus\n|-boost|p2a: Arceus|atk|2\n|move|p1a: Landorus|Taunt|p2a: Arceus\n|-start|p2a: Arceus|move: Taunt\n|\n|-weather|none\n|upkeep\n|turn|12\n|\n|t:|1700420678\n|move|p2a: Arceus|Extreme Speed|p1a: Landorus\n|-damage|p1a: Landorus|17\/100\n|-damage|p2a: Arceus|84\/100|[from] item: Rocky Helmet|[of] p1a: Landorus\n|move|p1a: Landorus|Earthquake|p2a: Arceus\n|-damage|p2a: Arceus|51\/100\n|\n|upkeep\n|turn|13\n|\n|t:|1700420689\n|move|p2a: Arceus|Shadow Claw|p1a: Landorus\n|-damage|p1a: Landorus|0 fnt\n|-damage|p2a: Arceus|35\/100|[from] item: Rocky Helmet|[of] p1a: Landorus\n|faint|p1a: Landorus\n|\n|upkeep\n|\n|t:|1700420699\n|switch|p1a: Flutter Mane|Flutter Mane|100\/100\n|turn|14\n|inactive|entrocefalo has 270 seconds left.\n|inactive|entrocefalo has 240 seconds left.\n|\n|t:|1700420765\n|switch|p2a: Koraidon|Koraidon|78\/100 brn\n|-weather|SunnyDay|[from] ability: Orichalcum Pulse|[of] p2a: Koraidon\n|-activate|p1a: Flutter Mane|ability: Protosynthesis\n|-start|p1a: Flutter Mane|protosynthesisspe\n|-activate|p2a: Koraidon|Orichalcum Pulse|[source]\n|move|p1a: Flutter Mane|Moonblast|p2a: Koraidon\n|-supereffective|p2a: Koraidon\n|-damage|p2a: Koraidon|0 fnt\n|faint|p2a: Koraidon\n|-damage|p1a: Flutter Mane|91\/100|[from] item: Life Orb\n|\n|-weather|SunnyDay|[upkeep]\n|upkeep\n|\n|t:|1700420776\n|switch|p2a: Kyogre|Kyogre|63\/100\n|-weather|RainDance|[from] ability: Drizzle|[of] p2a: Kyogre\n|-end|p1a: Flutter Mane|Protosynthesis\n|turn|15\n|inactive|Dark\u2605Shion\u30c4 has 180 seconds left.\n|inactive|Dark\u2605Shion\u30c4 has 150 seconds left.\n|inactive|Dark\u2605Shion\u30c4 has 120 seconds left.\n|\n|t:|1700420878\n|-end|p1a: Flutter Mane|Protosynthesis|[silent]\n|switch|p1a: Ting-Lu|Ting-Lu|100\/100\n|-ability|p1a: Ting-Lu|Vessel of Ruin\n|move|p2a: Kyogre|Thunder Wave|p1a: Ting-Lu\n|-immune|p1a: Ting-Lu\n|\n|-weather|RainDance|[upkeep]\n|upkeep\n|turn|16\n|inactive|Dark\u2605Shion\u30c4 has 90 seconds left.\n|inactive|entrocefalo has 210 seconds left.\n|\n|t:|1700420912\n|move|p2a: Kyogre|Origin Pulse|p1a: Ting-Lu\n|-supereffective|p1a: Ting-Lu\n|-damage|p1a: Ting-Lu|10\/100\n|move|p1a: Ting-Lu|Earthquake|p2a: Kyogre\n|-damage|p2a: Kyogre|28\/100\n|\n|-weather|RainDance|[upkeep]\n|-heal|p1a: Ting-Lu|16\/100|[from] item: Leftovers\n|upkeep\n|turn|17\n|inactive|Dark\u2605Shion\u30c4 has 60 seconds left.\n|\n|t:|1700420945\n|switch|p2a: Arceus|Arceus|35\/100\n|move|p1a: Ting-Lu|Earthquake|p2a: Arceus\n|-damage|p2a: Arceus|10\/100\n|\n|-weather|RainDance|[upkeep]\n|-heal|p1a: Ting-Lu|23\/100|[from] item: Leftovers\n|upkeep\n|turn|18\n|c|+Sylveon is so cute|I once again forgot to turn of sounds when logging in\n|inactive|Dark\u2605Shion\u30c4 has 60 seconds left.\n|\n|t:|1700420958\n|move|p2a: Arceus|Recover|p2a: Arceus\n|-heal|p2a: Arceus|60\/100\n|move|p1a: Ting-Lu|Spikes|p2a: Arceus\n|-sidestart|p2: entrocefalo|Spikes\n|\n|-weather|RainDance|[upkeep]\n|-heal|p1a: Ting-Lu|29\/100|[from] item: Leftovers\n|upkeep\n|turn|19\n|inactive|Dark\u2605Shion\u30c4 has 60 seconds left.\n|\n|t:|1700420970\n|move|p2a: Arceus|Recover|p2a: Arceus\n|-heal|p2a: Arceus|100\/100\n|move|p1a: Ting-Lu|Ruination|p2a: Arceus\n|-damage|p2a: Arceus|50\/100\n|\n|-weather|none\n|-heal|p1a: Ting-Lu|35\/100|[from] item: Leftovers\n|upkeep\n|turn|20\n|inactive|Dark\u2605Shion\u30c4 has 60 seconds left.\n|\n|t:|1700420987\n|move|p2a: Arceus|Recover|p2a: Arceus\n|-heal|p2a: Arceus|100\/100\n|move|p1a: Ting-Lu|Ruination|p2a: Arceus\n|-damage|p2a: Arceus|50\/100\n|\n|-heal|p1a: Ting-Lu|41\/100|[from] item: Leftovers\n|upkeep\n|turn|21\n|inactive|Dark\u2605Shion\u30c4 has 60 seconds left.\n|\n|t:|1700420995\n|move|p2a: Arceus|Swords Dance|p2a: Arceus\n|-boost|p2a: Arceus|atk|2\n|move|p1a: Ting-Lu|Ruination|p2a: Arceus\n|-damage|p2a: Arceus|25\/100\n|\n|-heal|p1a: Ting-Lu|48\/100|[from] item: Leftovers\n|upkeep\n|turn|22\n|\n|t:|1700421001\n|move|p2a: Arceus|Recover|p2a: Arceus\n|-heal|p2a: Arceus|75\/100\n|move|p1a: Ting-Lu|Whirlwind|p2a: Arceus\n|drag|p2a: Landorus|Landorus-Therian, M|100\/100\n|-damage|p2a: Landorus|88\/100|[from] Stealth Rock\n|-ability|p2a: Landorus|Intimidate|boost\n|-unboost|p1a: Ting-Lu|atk|1\n|\n|-heal|p1a: Ting-Lu|54\/100|[from] item: Leftovers\n|upkeep\n|turn|23\n|\n|t:|1700421013\n|move|p2a: Landorus|Earthquake|p1a: Ting-Lu\n|-damage|p1a: Ting-Lu|22\/100\n|move|p1a: Ting-Lu|Ruination|p2a: Landorus\n|-damage|p2a: Landorus|44\/100\n|\n|-heal|p1a: Ting-Lu|28\/100|[from] item: Leftovers\n|upkeep\n|turn|24\n|\n|t:|1700421027\n|move|p2a: Landorus|Earthquake|p1a: Ting-Lu\n|-damage|p1a: Ting-Lu|0 fnt\n|faint|p1a: Ting-Lu\n|\n|upkeep\n|inactive|Dark\u2605Shion\u30c4 has 60 seconds left.\n|\n|t:|1700421041\n|switch|p1a: Koraidon|Koraidon|84\/100\n|-weather|SunnyDay|[from] ability: Orichalcum Pulse|[of] p1a: Koraidon\n|-activate|p1a: Koraidon|Orichalcum Pulse|[source]\n|turn|25\n|inactive|entrocefalo has 270 seconds left.\n|inactive|Dark\u2605Shion\u30c4 has 60 seconds left.\n|\n|t:|1700421066\n|switch|p2a: Clodsire|Clodsire, M|88\/100\n|-damage|p2a: Clodsire|81\/100|[from] Stealth Rock\n|-damage|p2a: Clodsire|69\/100|[from] Spikes\n|move|p1a: Koraidon|Flare Blitz|p2a: Clodsire\n|-crit|p2a: Clodsire\n|-damage|p2a: Clodsire|0 fnt\n|-damage|p1a: Koraidon|68\/100|[from] item: Rocky Helmet|[of] p2a: Clodsire\n|faint|p2a: Clodsire\n|-damage|p1a: Koraidon|37\/100|[from] Recoil\n|\n|-weather|SunnyDay|[upkeep]\n|upkeep\n|c|+Alpha1013|this for?\n|inactive|entrocefalo has 240 seconds left.\n|\n|t:|1700421090\n|switch|p2a: Kyogre|Kyogre|28\/100\n|-weather|RainDance|[from] ability: Drizzle|[of] p2a: Kyogre\n|turn|26\n|c|+Sylveon is so cute|presidential election 2024 \n|inactive|entrocefalo has 240 seconds left.\n|inactive|Dark\u2605Shion\u30c4 has 60 seconds left.\n|inactive|Dark\u2605Shion\u30c4 has 30 seconds left.\n|inactive|Dark\u2605Shion\u30c4 has 20 seconds left.\n|inactive|Dark\u2605Shion\u30c4 has 15 seconds left.\n|inactive|Dark\u2605Shion\u30c4 has 10 seconds left.\n|\n|t:|1700421150\n|switch|p1a: Flutter Mane|Flutter Mane|91\/100\n|move|p2a: Kyogre|Origin Pulse|p1a: Flutter Mane\n|-damage|p1a: Flutter Mane|0 fnt\n|faint|p1a: Flutter Mane\n|-end|p1a: Flutter Mane|Protosynthesis|[silent]\n|\n|-weather|RainDance|[upkeep]\n|upkeep\n|inactive|Dark\u2605Shion\u30c4 has 15 seconds left this turn.\n|inactive|Dark\u2605Shion\u30c4 has 10 seconds left.\n|\n|t:|1700421155\n|switch|p1a: Zacian|Zacian-Crowned|100\/100\n|-ability|p1a: Zacian|Intrepid Sword|boost\n|-boost|p1a: Zacian|atk|1\n|turn|27\n|inactive|Dark\u2605Shion\u30c4 has 20 seconds left this turn.\n|inactive|Dark\u2605Shion\u30c4 has 15 seconds left.\n|inactive|entrocefalo has 240 seconds left.\n|\n|t:|1700421178\n|switch|p2a: Landorus|Landorus-Therian, M|44\/100\n|-damage|p2a: Landorus|32\/100|[from] Stealth Rock\n|-ability|p2a: Landorus|Intimidate|boost\n|-unboost|p1a: Zacian|atk|1\n|move|p1a: Zacian|Substitute|p1a: Zacian\n|-start|p1a: Zacian|Substitute\n|-damage|p1a: Zacian|76\/100\n|\n|-weather|RainDance|[upkeep]\n|upkeep\n|turn|28\n|inactive|Dark\u2605Shion\u30c4 has 25 seconds left this turn.\n|inactive|Dark\u2605Shion\u30c4 has 20 seconds left.\n|inactive|Dark\u2605Shion\u30c4 has 15 seconds left.\n|\n|t:|1700421194\n|-terastallize|p1a: Zacian|Flying\n|move|p2a: Landorus|U-turn|p1a: Zacian\n|-resisted|p1a: Zacian\n|-activate|p1a: Zacian|move: Substitute|[damage]\n|inactive|Dark\u2605Shion\u30c4 has 20 seconds left this turn.\n|\n|t:|1700421204\n|switch|p2a: Arceus|Arceus|75\/100|[from] U-turn\n|move|p1a: Zacian|Swords Dance|p1a: Zacian\n|-boost|p1a: Zacian|atk|2\n|\n|-weather|RainDance|[upkeep]\n|upkeep\n|turn|29\n|inactive|Dark\u2605Shion\u30c4 has 30 seconds left this turn.\n|\n|t:|1700421214\n|-terastallize|p2a: Arceus|Fire\n|move|p2a: Arceus|Extreme Speed|p1a: Zacian\n|-end|p1a: Zacian|Substitute\n|move|p1a: Zacian|Behemoth Blade|p2a: Arceus\n|-resisted|p2a: Arceus\n|-crit|p2a: Arceus\n|-damage|p2a: Arceus|15\/100\n|\n|-weather|RainDance|[upkeep]\n|upkeep\n|turn|30\n|inactive|Dark\u2605Shion\u30c4 has 30 seconds left.\n|inactive|Dark\u2605Shion\u30c4 has 20 seconds left.\n|\n|t:|1700421230\n|move|p2a: Arceus|Extreme Speed|p1a: Zacian\n|-damage|p1a: Zacian|38\/100\n|move|p1a: Zacian|Behemoth Blade|p2a: Arceus\n|-resisted|p2a: Arceus\n|-damage|p2a: Arceus|0 fnt\n|faint|p2a: Arceus\n|\n|-weather|none\n|upkeep\n|inactive|Dark\u2605Shion\u30c4 has 25 seconds left this turn.\n|inactive|entrocefalo has 210 seconds left.\n|\n|t:|1700421263\n|switch|p2a: Landorus|Landorus-Therian, M|32\/100\n|-damage|p2a: Landorus|20\/100|[from] Stealth Rock\n|-ability|p2a: Landorus|Intimidate|boost\n|-unboost|p1a: Zacian|atk|1\n|turn|31\n|inactive|Dark\u2605Shion\u30c4 has 30 seconds left.\n|\n|t:|1700421272\n|move|p2a: Landorus|Outrage|p1a: Zacian\n|-damage|p1a: Zacian|0 fnt\n|faint|p1a: Zacian\n|\n|upkeep\n|inactive|Dark\u2605Shion\u30c4 has 30 seconds left.\n|\n|t:|1700421282\n|switch|p1a: Koraidon|Koraidon|37\/100\n|-weather|SunnyDay|[from] ability: Orichalcum Pulse|[of] p1a: Koraidon\n|-activate|p1a: Koraidon|Orichalcum Pulse|[source]\n|turn|32\n|\n|t:|1700421287\n|move|p1a: Koraidon|Outrage|p2a: Landorus\n|-damage|p2a: Landorus|0 fnt\n|faint|p2a: Landorus\n|\n|-weather|SunnyDay|[upkeep]\n|upkeep\n|\n|t:|1700421289\n|switch|p2a: Kyogre|Kyogre|28\/100\n|-weather|RainDance|[from] ability: Drizzle|[of] p2a: Kyogre\n|turn|33\n|inactive|entrocefalo has 240 seconds left.\n|\n|t:|1700421297\n|move|p1a: Koraidon|Outrage|p2a: Kyogre|[from]lockedmove\n|-damage|p2a: Kyogre|0 fnt\n|faint|p2a: Kyogre\n|\n|-weather|RainDance|[upkeep]\n|upkeep\n|\n|t:|1700421299\n|switch|p2a: Basculegion|Basculegion, M|100\/100\n|turn|34\n|inactive|Dark\u2605Shion\u30c4 has 60 seconds left.\n|\n|t:|1700421313\n|move|p1a: Koraidon|Outrage|p2a: Basculegion|[from]lockedmove\n|-damage|p2a: Basculegion|19\/100\n|-start|p1a: Koraidon|confusion|[fatigue]\n|move|p2a: Basculegion|Last Respects|p1a: Koraidon\n|-damage|p1a: Koraidon|0 fnt\n|faint|p1a: Koraidon\n|\n|win|entrocefalo\n|c|\u2606entrocefalo|gg\n","uploadtime":1700421314,"views":55,"p1id":"darkshion","p2id":"entrocefalo","formatid":"gen9ubers","rating":0,"private":0,"password":""}