{"id":"smogtours-gen9ubers-730350","p1":"Lasen","p2":"clean","format":"[Gen 9] Ubers","log":"|inactive|Battle timer is ON: inactive players will automatically lose when time's up.\n|t:|1699820598\n|gametype|singles\n|player|p1|Lasen|#lasen|\n|player|p2|clean|hilbert|\n|teamsize|p1|6\n|teamsize|p2|6\n|gen|9\n|tier|[Gen 9] Ubers\n|rule|Sleep Clause Mod: Limit one foe put to sleep\n|rule|Species Clause: Limit one of each Pok\u00e9mon\n|rule|OHKO Clause: OHKO moves are banned\n|rule|Evasion Items Clause: Evasion items are banned\n|rule|Evasion Moves Clause: Evasion moves are banned\n|rule|Endless Battle Clause: Forcing endless battles is banned\n|rule|HP Percentage Mod: HP is shown in percentages\n|clearpoke\n|poke|p1|Arceus|\n|poke|p1|Kingambit, F|\n|poke|p1|Skeledirge, M|\n|poke|p1|Groudon|\n|poke|p1|Zacian-*|\n|poke|p1|Giratina-Origin|\n|poke|p2|Koraidon|\n|poke|p2|Miraidon|\n|poke|p2|Zacian-*|\n|poke|p2|Gliscor, M|\n|poke|p2|Arceus|\n|poke|p2|Toxapex, F|\n|teampreview\n|inactive|clean also wants the timer to be on.\n|inactive|Lasen also wants the timer to be on.\n|c|\u2606Lasen|hf\n|c|\u2606clean|hf\n|c|+Dark\u2605Shion\u30c4|Let's goo Lasen \n|inactive|Lasen has 270 seconds left.\n|inactive|clean has 270 seconds left.\n|inactive|Lasen has 240 seconds left.\n|inactive|clean has 240 seconds left.\n|\n|t:|1699820673\n|start\n|switch|p1a: Groudon|Groudon|100\/100\n|switch|p2a: Gliscor|Gliscor, M|100\/100\n|-weather|SunnyDay|[from] ability: Drought|[of] p1a: Groudon\n|turn|1\n|c|+mind gaming|for boi105\n|\n|t:|1699820685\n|move|p2a: Gliscor|Protect|p2a: Gliscor\n|-singleturn|p2a: Gliscor|Protect\n|move|p1a: Groudon|Lava Plume|p2a: Gliscor\n|-activate|p2a: Gliscor|move: Protect\n|\n|-weather|SunnyDay|[upkeep]\n|-status|p2a: Gliscor|tox|[from] item: Toxic Orb\n|upkeep\n|turn|2\n|\n|t:|1699820689\n|move|p1a: Groudon|Stealth Rock|p2a: Gliscor\n|-sidestart|p2: clean|move: Stealth Rock\n|move|p2a: Gliscor|Toxic|p1a: Groudon\n|-status|p1a: Groudon|tox\n|\n|-weather|SunnyDay|[upkeep]\n|-damage|p1a: Groudon|94\/100 tox|[from] psn\n|upkeep\n|turn|3\n|c|+Sylveon is so cute|lego\n|\n|t:|1699820703\n|move|p1a: Groudon|Spikes|p2a: Gliscor\n|-sidestart|p2: clean|Spikes\n|move|p2a: Gliscor|Spikes|p1a: Groudon\n|-sidestart|p1: Lasen|Spikes\n|\n|-weather|SunnyDay|[upkeep]\n|-heal|p1a: Groudon|100\/100 tox|[from] item: Leftovers\n|-damage|p1a: Groudon|88\/100 tox|[from] psn\n|upkeep\n|turn|4\n|\n|t:|1699820706\n|move|p1a: Groudon|Spikes|p2a: Gliscor\n|-sidestart|p2: clean|Spikes\n|move|p2a: Gliscor|Spikes|p1a: Groudon\n|-sidestart|p1: Lasen|Spikes\n|\n|-weather|SunnyDay|[upkeep]\n|-heal|p1a: Groudon|94\/100 tox|[from] item: Leftovers\n|-damage|p1a: Groudon|76\/100 tox|[from] psn\n|upkeep\n|turn|5\n|\n|t:|1699820713\n|move|p1a: Groudon|Spikes|p2a: Gliscor\n|-sidestart|p2: clean|Spikes\n|move|p2a: Gliscor|Spikes|p1a: Groudon\n|-sidestart|p1: Lasen|Spikes\n|\n|-weather|none\n|-heal|p1a: Groudon|82\/100 tox|[from] item: Leftovers\n|-damage|p1a: Groudon|57\/100 tox|[from] psn\n|upkeep\n|turn|6\n|\n|t:|1699820718\n|move|p1a: Groudon|Lava Plume|p2a: Gliscor\n|-damage|p2a: Gliscor|87\/100 tox\n|move|p2a: Gliscor|Earthquake|p1a: Groudon\n|-damage|p1a: Groudon|36\/100 tox\n|\n|-heal|p1a: Groudon|42\/100 tox|[from] item: Leftovers\n|-damage|p1a: Groudon|11\/100 tox|[from] psn\n|-heal|p2a: Gliscor|99\/100 tox|[from] ability: Poison Heal\n|upkeep\n|turn|7\n|\n|t:|1699820724\n|move|p2a: Gliscor|Protect|p2a: Gliscor\n|-singleturn|p2a: Gliscor|Protect\n|move|p1a: Groudon|Lava Plume|p2a: Gliscor\n|-activate|p2a: Gliscor|move: Protect\n|\n|-heal|p1a: Groudon|18\/100 tox|[from] item: Leftovers\n|-damage|p1a: Groudon|0 fnt|[from] psn\n|faint|p1a: Groudon\n|-heal|p2a: Gliscor|100\/100 tox|[from] ability: Poison Heal\n|upkeep\n|\n|t:|1699820733\n|switch|p1a: Arceus|Arceus|100\/100\n|turn|8\n|inactive|clean has 270 seconds left.\n|\n|t:|1699820774\n|move|p1a: Arceus|Taunt|p2a: Gliscor\n|-start|p2a: Gliscor|move: Taunt\n|cant|p2a: Gliscor|move: Taunt|Toxic\n|\n|upkeep\n|turn|9\n|\n|t:|1699820784\n|switch|p2a: Zacian|Zacian-Crowned|100\/100\n|-damage|p2a: Zacian|94\/100|[from] Stealth Rock\n|-damage|p2a: Zacian|69\/100|[from] Spikes\n|-ability|p2a: Zacian|Intrepid Sword|boost\n|-boost|p2a: Zacian|atk|1\n|move|p1a: Arceus|Swords Dance|p1a: Arceus\n|-boost|p1a: Arceus|atk|2\n|\n|upkeep\n|turn|10\n|inactive|Lasen has 270 seconds left.\n|\n|t:|1699820834\n|move|p1a: Arceus|Extreme Speed|p2a: Zacian\n|-resisted|p2a: Zacian\n|-damage|p2a: Zacian|27\/100\n|move|p2a: Zacian|Behemoth Blade|p1a: Arceus\n|-damage|p1a: Arceus|42\/100\n|\n|upkeep\n|turn|11\n|inactive|clean has 240 seconds left.\n|inactive|clean has 210 seconds left.\n|\n|t:|1699820901\n|switch|p2a: Toxapex|Toxapex, F|100\/100\n|-damage|p2a: Toxapex|88\/100|[from] Stealth Rock\n|-damage|p2a: Toxapex|64\/100|[from] Spikes\n|move|p1a: Arceus|Extreme Speed|p2a: Toxapex\n|-damage|p2a: Toxapex|16\/100\n|-damage|p1a: Arceus|25\/100|[from] item: Rocky Helmet|[of] p2a: Toxapex\n|\n|upkeep\n|turn|12\n|inactive|clean has 210 seconds left.\n|\n|t:|1699820924\n|move|p1a: Arceus|Taunt|p2a: Toxapex\n|-start|p2a: Toxapex|move: Taunt\n|cant|p2a: Toxapex|move: Taunt|Recover\n|\n|upkeep\n|turn|13\n|inactive|clean has 180 seconds left.\n|inactive|clean has 150 seconds left.\n|\n|t:|1699820987\n|switch|p2a: Zacian|Zacian-Crowned|27\/100\n|-damage|p2a: Zacian|21\/100|[from] Stealth Rock\n|-damage|p2a: Zacian|0 fnt|[from] Spikes\n|faint|p2a: Zacian\n|move|p1a: Arceus|Extreme Speed|p2: Zacian|[notarget]\n|-fail|p1a: Arceus\n|\n|upkeep\n|\n|t:|1699820996\n|switch|p2a: Miraidon|Miraidon|100\/100\n|-fieldstart|move: Electric Terrain|[from] ability: Hadron Engine|[of] p2a: Miraidon\n|turn|14\n|inactive|Lasen has 270 seconds left.\n|inactive|clean has 150 seconds left.\n|\n|t:|1699821008\n|-terastallize|p2a: Miraidon|Ghost\n|move|p1a: Arceus|Extreme Speed|p2a: Miraidon\n|-immune|p2a: Miraidon\n|move|p2a: Miraidon|Electro Drift|p1a: Arceus\n|-damage|p1a: Arceus|0 fnt\n|faint|p1a: Arceus\n|\n|upkeep\n|inactive|Lasen has 240 seconds left.\n|\n|t:|1699821052\n|switch|p1a: Zacian|Zacian-Crowned|100\/100\n|-damage|p1a: Zacian|76\/100|[from] Spikes\n|-ability|p1a: Zacian|Intrepid Sword|boost\n|-boost|p1a: Zacian|atk|1\n|turn|15\n|inactive|clean has 150 seconds left.\n|\n|t:|1699821086\n|switch|p2a: Toxapex|Toxapex, F|49\/100\n|-damage|p2a: Toxapex|37\/100|[from] Stealth Rock\n|-damage|p2a: Toxapex|12\/100|[from] Spikes\n|-terastallize|p1a: Zacian|Ground\n|move|p1a: Zacian|Swords Dance|p1a: Zacian\n|-boost|p1a: Zacian|atk|2\n|\n|upkeep\n|turn|16\n|\n|t:|1699821104\n|move|p1a: Zacian|Tera Blast|p2a: Toxapex|[anim] Tera Blast Ground\n|-supereffective|p2a: Toxapex\n|-damage|p2a: Toxapex|0 fnt\n|faint|p2a: Toxapex\n|\n|upkeep\n|inactive|clean has 120 seconds left.\n|\n|t:|1699821121\n|switch|p2a: Koraidon|Koraidon|100\/100\n|-damage|p2a: Koraidon|94\/100|[from] Stealth Rock\n|-damage|p2a: Koraidon|69\/100|[from] Spikes\n|-weather|SunnyDay|[from] ability: Orichalcum Pulse|[of] p2a: Koraidon\n|-activate|p2a: Koraidon|Orichalcum Pulse|[source]\n|turn|17\n|\n|t:|1699821127\n|switch|p1a: Giratina|Giratina-Origin|100\/100\n|move|p2a: Koraidon|Flare Blitz|p1a: Giratina\n|-resisted|p1a: Giratina\n|-damage|p1a: Giratina|70\/100\n|-damage|p2a: Koraidon|55\/100|[from] Recoil\n|\n|-weather|SunnyDay|[upkeep]\n|upkeep\n|turn|18\n|inactive|Lasen has 240 seconds left.\n|\n|t:|1699821142\n|switch|p2a: Gliscor|Gliscor, M|100\/100 tox\n|-damage|p2a: Gliscor|88\/100 tox|[from] Stealth Rock\n|move|p1a: Giratina|Dragon Tail|p2a: Gliscor\n|-crit|p2a: Gliscor\n|-damage|p2a: Gliscor|46\/100 tox\n|drag|p2a: Miraidon|Miraidon, tera:Ghost|100\/100\n|-activate|p2a: Miraidon|ability: Hadron Engine\n|\n|-weather|SunnyDay|[upkeep]\n|-fieldend|move: Electric Terrain\n|upkeep\n|turn|19\n|inactive|Lasen has 240 seconds left.\n|\n|t:|1699821156\n|move|p1a: Giratina|Shadow Sneak|p2a: Miraidon\n|-supereffective|p2a: Miraidon\n|-damage|p2a: Miraidon|48\/100\n|move|p2a: Miraidon|Draco Meteor|p1a: Giratina|[miss]\n|-miss|p2a: Miraidon|p1a: Giratina\n|\n|-weather|SunnyDay|[upkeep]\n|upkeep\n|turn|20\n|\n|t:|1699821176\n|switch|p2a: Gliscor|Gliscor, M|46\/100 tox\n|-damage|p2a: Gliscor|33\/100 tox|[from] Stealth Rock\n|move|p1a: Giratina|Shadow Sneak|p2a: Gliscor\n|-damage|p2a: Gliscor|13\/100 tox\n|\n|-weather|SunnyDay|[upkeep]\n|-heal|p2a: Gliscor|25\/100 tox|[from] ability: Poison Heal\n|upkeep\n|turn|21\n|\n|t:|1699821182\n|move|p2a: Gliscor|Protect|p2a: Gliscor\n|-singleturn|p2a: Gliscor|Protect\n|move|p1a: Giratina|Poltergeist|p2a: Gliscor\n|-activate|p2a: Gliscor|move: Protect\n|\n|-weather|none\n|-heal|p2a: Gliscor|38\/100 tox|[from] ability: Poison Heal\n|upkeep\n|turn|22\n|\n|t:|1699821187\n|move|p1a: Giratina|Poltergeist|p2a: Gliscor|[miss]\n|-miss|p1a: Giratina|p2a: Gliscor\n|move|p2a: Gliscor|Toxic|p1a: Giratina\n|-status|p1a: Giratina|tox\n|\n|-damage|p1a: Giratina|64\/100 tox|[from] psn\n|-heal|p2a: Gliscor|50\/100 tox|[from] ability: Poison Heal\n|upkeep\n|turn|23\n|\n|t:|1699821191\n|move|p2a: Gliscor|Protect|p2a: Gliscor\n|-singleturn|p2a: Gliscor|Protect\n|move|p1a: Giratina|Poltergeist|p2a: Gliscor\n|-activate|p2a: Gliscor|move: Protect\n|\n|-damage|p1a: Giratina|52\/100 tox|[from] psn\n|-heal|p2a: Gliscor|63\/100 tox|[from] ability: Poison Heal\n|upkeep\n|turn|24\n|inactive|clean has 150 seconds left.\n|inactive|Lasen has 270 seconds left.\n|inactive|clean has 120 seconds left.\n|\n|t:|1699821241\n|switch|p2a: Arceus|Arceus|100\/100\n|-damage|p2a: Arceus|88\/100|[from] Stealth Rock\n|-damage|p2a: Arceus|63\/100|[from] Spikes\n|move|p1a: Giratina|Dragon Tail|p2a: Arceus\n|-damage|p2a: Arceus|36\/100\n|drag|p2a: Miraidon|Miraidon, tera:Ghost|48\/100\n|-fieldstart|move: Electric Terrain|[from] ability: Hadron Engine|[of] p2a: Miraidon\n|\n|-damage|p1a: Giratina|33\/100 tox|[from] psn\n|upkeep\n|turn|25\n|\n|t:|1699821265\n|move|p1a: Giratina|Shadow Sneak|p2a: Miraidon\n|-supereffective|p2a: Miraidon\n|-damage|p2a: Miraidon|0 fnt\n|faint|p2a: Miraidon\n|\n|-damage|p1a: Giratina|9\/100 tox|[from] psn\n|upkeep\n|\n|t:|1699821267\n|switch|p2a: Gliscor|Gliscor, M|63\/100 tox\n|-damage|p2a: Gliscor|50\/100 tox|[from] Stealth Rock\n|turn|26\n|\n|t:|1699821274\n|switch|p1a: Zacian|Zacian-Crowned, tera:Ground|76\/100\n|-damage|p1a: Zacian|51\/100|[from] Spikes\n|move|p2a: Gliscor|Protect||[still]\n|-fail|p2a: Gliscor\n|\n|-heal|p2a: Gliscor|63\/100 tox|[from] ability: Poison Heal\n|upkeep\n|turn|27\n|inactive|Lasen has 270 seconds left.\n|inactive|clean has 120 seconds left.\n|\n|t:|1699821295\n|move|p1a: Zacian|Behemoth Blade|p2a: Gliscor\n|-damage|p2a: Gliscor|15\/100 tox\n|move|p2a: Gliscor|Earthquake|p1a: Zacian\n|-damage|p1a: Zacian|19\/100\n|\n|-heal|p2a: Gliscor|27\/100 tox|[from] ability: Poison Heal\n|upkeep\n|turn|28\n|inactive|clean has 120 seconds left.\n|\n|t:|1699821300\n|move|p2a: Gliscor|Protect|p2a: Gliscor\n|-singleturn|p2a: Gliscor|Protect\n|move|p1a: Zacian|Behemoth Blade|p2a: Gliscor\n|-activate|p2a: Gliscor|move: Protect\n|\n|-heal|p2a: Gliscor|40\/100 tox|[from] ability: Poison Heal\n|-fieldend|move: Electric Terrain\n|upkeep\n|turn|29\n|inactive|clean has 120 seconds left.\n|\n|t:|1699821315\n|switch|p2a: Arceus|Arceus|36\/100\n|-damage|p2a: Arceus|24\/100|[from] Stealth Rock\n|-damage|p2a: Arceus|0 fnt|[from] Spikes\n|faint|p2a: Arceus\n|move|p1a: Zacian|Behemoth Blade|p2: Arceus|[notarget]\n|-fail|p1a: Zacian\n|\n|upkeep\n|\n|t:|1699821317\n|switch|p2a: Koraidon|Koraidon|55\/100\n|-damage|p2a: Koraidon|49\/100|[from] Stealth Rock\n|-damage|p2a: Koraidon|24\/100|[from] Spikes\n|-weather|SunnyDay|[from] ability: Orichalcum Pulse|[of] p2a: Koraidon\n|-activate|p2a: Koraidon|Orichalcum Pulse|[source]\n|turn|30\n|inactive|clean has 120 seconds left.\n|\n|t:|1699821336\n|move|p2a: Koraidon|U-turn|p1a: Zacian\n|-damage|p1a: Zacian|0 fnt\n|faint|p1a: Zacian\n|\n|t:|1699821338\n|switch|p2a: Gliscor|Gliscor, M|40\/100 tox|[from] U-turn\n|-damage|p2a: Gliscor|27\/100 tox|[from] Stealth Rock\n|\n|-weather|SunnyDay|[upkeep]\n|-heal|p2a: Gliscor|40\/100 tox|[from] ability: Poison Heal\n|upkeep\n|\n|t:|1699821353\n|switch|p1a: Skeledirge|Skeledirge, M|100\/100\n|turn|31\n|\n|t:|1699821361\n|move|p2a: Gliscor|Protect|p2a: Gliscor\n|-singleturn|p2a: Gliscor|Protect\n|move|p1a: Skeledirge|Torch Song|p2a: Gliscor\n|-activate|p2a: Gliscor|move: Protect\n|\n|-weather|SunnyDay|[upkeep]\n|-heal|p2a: Gliscor|52\/100 tox|[from] ability: Poison Heal\n|upkeep\n|turn|32\n|\n|t:|1699821374\n|move|p2a: Gliscor|Earthquake|p1a: Skeledirge\n|-supereffective|p1a: Skeledirge\n|-damage|p1a: Skeledirge|64\/100\n|move|p1a: Skeledirge|Torch Song|p2a: Gliscor\n|-damage|p2a: Gliscor|11\/100 tox\n|-boost|p1a: Skeledirge|spa|1\n|\n|-weather|SunnyDay|[upkeep]\n|-heal|p2a: Gliscor|24\/100 tox|[from] ability: Poison Heal\n|upkeep\n|turn|33\n|\n|t:|1699821384\n|move|p2a: Gliscor|Protect|p2a: Gliscor\n|-singleturn|p2a: Gliscor|Protect\n|move|p1a: Skeledirge|Slack Off|p1a: Skeledirge\n|-heal|p1a: Skeledirge|100\/100\n|\n|-weather|SunnyDay|[upkeep]\n|-heal|p2a: Gliscor|36\/100 tox|[from] ability: Poison Heal\n|upkeep\n|turn|34\n|\n|t:|1699821392\n|move|p2a: Gliscor|Earthquake|p1a: Skeledirge\n|-supereffective|p1a: Skeledirge\n|-damage|p1a: Skeledirge|61\/100\n|move|p1a: Skeledirge|Torch Song|p2a: Gliscor\n|-damage|p2a: Gliscor|0 fnt\n|-boost|p1a: Skeledirge|spa|1\n|faint|p2a: Gliscor\n|\n|-weather|none\n|upkeep\n|\n|t:|1699821394\n|switch|p2a: Koraidon|Koraidon|24\/100\n|-damage|p2a: Koraidon|18\/100|[from] Stealth Rock\n|-damage|p2a: Koraidon|0 fnt|[from] Spikes\n|faint|p2a: Koraidon\n|\n|win|Lasen\n|c|\u2606clean|gg\n|c|\u2606Lasen|gg\n","uploadtime":1699821395,"views":67,"p1id":"lasen","p2id":"clean","formatid":"gen9ubers","rating":0,"private":0,"password":""}