{"id":"smogtours-gen9ubers-727287","p1":"Nael222","p2":"Lasen","format":"[Gen 9] Ubers","log":"|inactive|Battle timer is ON: inactive players will automatically lose when time's up.\n|t:|1698577346\n|gametype|singles\n|player|p1|Nael222|#gscpl3ironmanmachamps|\n|player|p2|Lasen|#teamballo2023|\n|teamsize|p1|6\n|teamsize|p2|6\n|gen|9\n|tier|[Gen 9] Ubers\n|rule|Sleep Clause Mod: Limit one foe put to sleep\n|rule|Species Clause: Limit one of each Pok\u00e9mon\n|rule|OHKO Clause: OHKO moves are banned\n|rule|Evasion Items Clause: Evasion items are banned\n|rule|Evasion Moves Clause: Evasion moves are banned\n|rule|Endless Battle Clause: Forcing endless battles is banned\n|rule|HP Percentage Mod: HP is shown in percentages\n|clearpoke\n|poke|p1|Zacian-*|\n|poke|p1|Koraidon|\n|poke|p1|Ting-Lu|\n|poke|p1|Eternatus|\n|poke|p1|Landorus-Therian, M|\n|poke|p1|Arceus-Water|\n|poke|p2|Gholdengo|\n|poke|p2|Kyogre|\n|poke|p2|Gliscor, F|\n|poke|p2|Koraidon|\n|poke|p2|Clodsire, M|\n|poke|p2|Zacian-*|\n|teampreview\n|inactive|Lasen also wants the timer to be on.\n|c|\u2606Nael222|Hf\n|c|\u2606Lasen|preview is broken\n|c|\u2606Lasen|showing me wrong side of MU\n|c|\u2606Lasen|lolololol\n|inactive|Nael222 has 270 seconds left.\n|inactive|Lasen has 270 seconds left.\n|c|\u2606Lasen|hf\n|c|\u2606Nael222|XD\n|inactive|Lasen has 240 seconds left.\n|inactive|Nael222 has 240 seconds left.\n|\n|t:|1698577414\n|start\n|switch|p1a: Koraidon|Koraidon|100\/100\n|switch|p2a: Gliscor|Gliscor, F|100\/100\n|-weather|SunnyDay|[from] ability: Orichalcum Pulse|[of] p1a: Koraidon\n|-activate|p1a: Koraidon|Orichalcum Pulse|[source]\n|turn|1\n|inactive|Nael222 has 270 seconds left.\n|\n|t:|1698577447\n|move|p1a: Koraidon|U-turn|p2a: Gliscor\n|-resisted|p2a: Gliscor\n|-crit|p2a: Gliscor\n|-damage|p2a: Gliscor|87\/100\n|inactive|Nael222 has 270 seconds left.\n|\n|t:|1698577477\n|switch|p1a: Eternatus|Eternatus|100\/100|[from] U-turn\n|-ability|p1a: Eternatus|Pressure\n|move|p2a: Gliscor|Toxic|p1a: Eternatus|[miss]\n|-miss|p2a: Gliscor|p1a: Eternatus\n|\n|-weather|SunnyDay|[upkeep]\n|-status|p2a: Gliscor|tox|[from] item: Toxic Orb\n|upkeep\n|turn|2\n|inactive|Nael222 has 240 seconds left.\n|\n|t:|1698577515\n|switch|p2a: Clodsire|Clodsire, M|100\/100\n|move|p1a: Eternatus|Dynamax Cannon|p2a: Clodsire\n|-damage|p2a: Clodsire|74\/100\n|\n|-weather|SunnyDay|[upkeep]\n|upkeep\n|turn|3\n|\n|t:|1698577518\n|move|p1a: Eternatus|Toxic Spikes|p2a: Clodsire\n|-sidestart|p2: Lasen|move: Toxic Spikes\n|move|p2a: Clodsire|Spikes|p1a: Eternatus\n|-sidestart|p1: Nael222|Spikes\n|\n|-weather|SunnyDay|[upkeep]\n|upkeep\n|turn|4\n|\n|t:|1698577533\n|move|p1a: Eternatus|Flamethrower|p2a: Clodsire\n|-damage|p2a: Clodsire|50\/100\n|move|p2a: Clodsire|Spikes|p1a: Eternatus\n|-sidestart|p1: Nael222|Spikes\n|\n|-weather|SunnyDay|[upkeep]\n|upkeep\n|turn|5\n|\n|t:|1698577539\n|switch|p1a: Landorus|Landorus-Therian, M|100\/100\n|-ability|p1a: Landorus|Intimidate|boost\n|-unboost|p2a: Clodsire|atk|1\n|move|p2a: Clodsire|Recover|p2a: Clodsire\n|-heal|p2a: Clodsire|99\/100\n|\n|-weather|none\n|upkeep\n|turn|6\n|\n|t:|1698577549\n|move|p1a: Landorus|Stealth Rock|p2a: Clodsire\n|-sidestart|p2: Lasen|move: Stealth Rock\n|move|p2a: Clodsire|Spikes|p1a: Landorus\n|-sidestart|p1: Nael222|Spikes\n|\n|upkeep\n|turn|7\n|inactive|Nael222 has 240 seconds left.\n|\n|t:|1698577560\n|switch|p2a: Gliscor|Gliscor, F|87\/100 tox\n|-damage|p2a: Gliscor|75\/100 tox|[from] Stealth Rock\n|move|p1a: Landorus|U-turn|p2a: Gliscor\n|-resisted|p2a: Gliscor\n|-damage|p2a: Gliscor|67\/100 tox\n|inactive|Nael222 has 240 seconds left.\n|\n|t:|1698577565\n|switch|p1a: Arceus|Arceus-Water|100\/100|[from] U-turn\n|-damage|p1a: Arceus|75\/100|[from] Spikes\n|\n|-heal|p2a: Gliscor|80\/100 tox|[from] ability: Poison Heal\n|upkeep\n|turn|8\n|\n|t:|1698577572\n|switch|p2a: Clodsire|Clodsire, M|99\/100\n|-sideend|p2: Lasen|move: Toxic Spikes|[of] p2a: Clodsire\n|move|p1a: Arceus|Judgment|p2a: Clodsire\n|-heal|p2a: Clodsire|100\/100|[from] ability: Water Absorb|[of] p1a: Arceus\n|\n|upkeep\n|turn|9\n|\n|t:|1698577576\n|switch|p1a: Eternatus|Eternatus|100\/100\n|-ability|p1a: Eternatus|Pressure\n|move|p2a: Clodsire|Poison Jab|p1a: Eternatus\n|-resisted|p1a: Eternatus\n|-damage|p1a: Eternatus|92\/100\n|\n|upkeep\n|turn|10\n|\n|t:|1698577589\n|move|p1a: Eternatus|Flamethrower|p2a: Clodsire\n|-damage|p2a: Clodsire|84\/100\n|move|p2a: Clodsire|Earthquake|p1a: Eternatus\n|-supereffective|p1a: Eternatus\n|-damage|p1a: Eternatus|46\/100\n|\n|upkeep\n|turn|11\n|\n|t:|1698577596\n|switch|p2a: Gholdengo|Gholdengo|100\/100\n|move|p1a: Eternatus|Recover|p1a: Eternatus\n|-heal|p1a: Eternatus|96\/100\n|\n|upkeep\n|turn|12\n|inactive|Nael222 has 270 seconds left.\n|c|+Exiline|gholdengo \n|c|+Exiline|what does it DOOOOOO\n|c|\u2606Lasen|I get my ghold\n|c|\u2606Lasen|n go\n|\n|t:|1698577620\n|move|p1a: Eternatus|Flamethrower|p2a: Gholdengo\n|-supereffective|p2a: Gholdengo\n|-damage|p2a: Gholdengo|48\/100\n|move|p2a: Gholdengo|Thunder Wave|p1a: Eternatus\n|-status|p1a: Eternatus|par\n|\n|upkeep\n|turn|13\n|inactive|Nael222 has 270 seconds left.\n|\n|t:|1698577634\n|move|p2a: Gholdengo|Recover|p2a: Gholdengo\n|-heal|p2a: Gholdengo|98\/100\n|move|p1a: Eternatus|Flamethrower|p2a: Gholdengo\n|-supereffective|p2a: Gholdengo\n|-damage|p2a: Gholdengo|45\/100\n|\n|upkeep\n|turn|14\n|\n|t:|1698577639\n|move|p2a: Gholdengo|Recover|p2a: Gholdengo\n|-heal|p2a: Gholdengo|95\/100\n|move|p1a: Eternatus|Flamethrower|p2a: Gholdengo\n|-supereffective|p2a: Gholdengo\n|-damage|p2a: Gholdengo|38\/100\n|\n|upkeep\n|turn|15\n|\n|t:|1698577642\n|move|p2a: Gholdengo|Recover|p2a: Gholdengo\n|-heal|p2a: Gholdengo|88\/100\n|move|p1a: Eternatus|Flamethrower|p2a: Gholdengo\n|-supereffective|p2a: Gholdengo\n|-damage|p2a: Gholdengo|34\/100\n|\n|upkeep\n|turn|16\n|c|+Exiline|the legendary eternatus counter\n|\n|t:|1698577646\n|move|p2a: Gholdengo|Recover|p2a: Gholdengo\n|-heal|p2a: Gholdengo|84\/100\n|move|p1a: Eternatus|Flamethrower|p2a: Gholdengo\n|-supereffective|p2a: Gholdengo\n|-damage|p2a: Gholdengo|23\/100\n|\n|upkeep\n|turn|17\n|\n|t:|1698577649\n|move|p2a: Gholdengo|Recover|p2a: Gholdengo\n|-heal|p2a: Gholdengo|73\/100\n|move|p1a: Eternatus|Flamethrower|p2a: Gholdengo\n|-supereffective|p2a: Gholdengo\n|-damage|p2a: Gholdengo|13\/100\n|-status|p2a: Gholdengo|brn\n|\n|-damage|p2a: Gholdengo|7\/100 brn|[from] brn\n|upkeep\n|turn|18\n|\n|t:|1698577652\n|move|p2a: Gholdengo|Recover|p2a: Gholdengo\n|-heal|p2a: Gholdengo|57\/100 brn\n|move|p1a: Eternatus|Flamethrower|p2a: Gholdengo\n|-supereffective|p2a: Gholdengo\n|-damage|p2a: Gholdengo|1\/100 brn\n|\n|-damage|p2a: Gholdengo|0 fnt|[from] brn\n|faint|p2a: Gholdengo\n|upkeep\n|c|\u2606Lasen|not so legendary after all\n|\n|t:|1698577663\n|switch|p2a: Koraidon|Koraidon|100\/100\n|-damage|p2a: Koraidon|94\/100|[from] Stealth Rock\n|-weather|SunnyDay|[from] ability: Orichalcum Pulse|[of] p2a: Koraidon\n|-activate|p2a: Koraidon|Orichalcum Pulse|[source]\n|turn|19\n|\n|t:|1698577669\n|switch|p1a: Landorus|Landorus-Therian, M|100\/100\n|-ability|p1a: Landorus|Intimidate|boost\n|-unboost|p2a: Koraidon|atk|1\n|move|p2a: Koraidon|U-turn|p1a: Landorus\n|-resisted|p1a: Landorus\n|-damage|p1a: Landorus|93\/100\n|-damage|p2a: Koraidon|78\/100|[from] item: Rocky Helmet|[of] p1a: Landorus\n|c|+Exiline|impressive display by the gholdengone\n|\n|t:|1698577672\n|switch|p2a: Kyogre|Kyogre|100\/100|[from] U-turn\n|-damage|p2a: Kyogre|88\/100|[from] Stealth Rock\n|-weather|RainDance|[from] ability: Drizzle|[of] p2a: Kyogre\n|\n|-weather|RainDance|[upkeep]\n|-heal|p2a: Kyogre|94\/100|[from] item: Leftovers\n|upkeep\n|turn|20\n|\n|t:|1698577689\n|switch|p1a: Arceus|Arceus-Water|75\/100\n|-damage|p1a: Arceus|50\/100|[from] Spikes\n|move|p2a: Kyogre|Ice Beam|p1a: Arceus\n|-resisted|p1a: Arceus\n|-damage|p1a: Arceus|41\/100\n|\n|-weather|RainDance|[upkeep]\n|-heal|p2a: Kyogre|99\/100|[from] item: Leftovers\n|upkeep\n|turn|21\n|\n|t:|1698577691\n|move|p1a: Arceus|Recover|p1a: Arceus\n|-heal|p1a: Arceus|91\/100\n|move|p2a: Kyogre|Thunder|p1a: Arceus\n|-supereffective|p1a: Arceus\n|-damage|p1a: Arceus|45\/100\n|\n|-weather|RainDance|[upkeep]\n|-heal|p2a: Kyogre|100\/100|[from] item: Leftovers\n|upkeep\n|turn|22\n|\n|t:|1698577704\n|move|p1a: Arceus|Recover|p1a: Arceus\n|-heal|p1a: Arceus|95\/100\n|move|p2a: Kyogre|Ice Beam|p1a: Arceus\n|-resisted|p1a: Arceus\n|-damage|p1a: Arceus|85\/100\n|\n|-weather|RainDance|[upkeep]\n|upkeep\n|turn|23\n|\n|t:|1698577713\n|move|p1a: Arceus|Calm Mind|p1a: Arceus\n|-boost|p1a: Arceus|spa|1\n|-boost|p1a: Arceus|spd|1\n|move|p2a: Kyogre|Thunder|p1a: Arceus\n|-supereffective|p1a: Arceus\n|-damage|p1a: Arceus|56\/100\n|-status|p1a: Arceus|par\n|\n|-weather|none\n|upkeep\n|turn|24\n|\n|t:|1698577729\n|move|p2a: Kyogre|Thunder|p1a: Arceus\n|-supereffective|p1a: Arceus\n|-damage|p1a: Arceus|26\/100 par\n|move|p1a: Arceus|Recover|p1a: Arceus\n|-heal|p1a: Arceus|76\/100 par\n|\n|upkeep\n|turn|25\n|\n|t:|1698577734\n|switch|p2a: Zacian|Zacian-Crowned|100\/100\n|-damage|p2a: Zacian|94\/100|[from] Stealth Rock\n|-ability|p2a: Zacian|Intrepid Sword|boost\n|-boost|p2a: Zacian|atk|1\n|move|p1a: Arceus|Calm Mind|p1a: Arceus\n|-boost|p1a: Arceus|spa|1\n|-boost|p1a: Arceus|spd|1\n|\n|upkeep\n|turn|26\n|\n|t:|1698577738\n|move|p2a: Zacian|Swords Dance|p2a: Zacian\n|-boost|p2a: Zacian|atk|2\n|cant|p1a: Arceus|par\n|\n|upkeep\n|turn|27\n|\n|t:|1698577747\n|move|p2a: Zacian|Play Rough|p1a: Arceus|[miss]\n|-miss|p2a: Zacian|p1a: Arceus\n|move|p1a: Arceus|Judgment|p2a: Zacian\n|-damage|p2a: Zacian|0 fnt\n|faint|p2a: Zacian\n|\n|upkeep\n|\n|t:|1698577751\n|switch|p2a: Koraidon|Koraidon|78\/100\n|-damage|p2a: Koraidon|72\/100|[from] Stealth Rock\n|-weather|SunnyDay|[from] ability: Orichalcum Pulse|[of] p2a: Koraidon\n|-activate|p2a: Koraidon|Orichalcum Pulse|[source]\n|turn|28\n|\n|t:|1698577766\n|move|p2a: Koraidon|Close Combat|p1a: Arceus\n|-damage|p1a: Arceus|24\/100 par\n|-unboost|p2a: Koraidon|def|1\n|-unboost|p2a: Koraidon|spd|1\n|move|p1a: Arceus|Recover|p1a: Arceus\n|-heal|p1a: Arceus|74\/100 par\n|\n|-weather|SunnyDay|[upkeep]\n|upkeep\n|turn|29\n|\n|t:|1698577770\n|switch|p1a: Landorus|Landorus-Therian, M|93\/100\n|-ability|p1a: Landorus|Intimidate|boost\n|-unboost|p2a: Koraidon|atk|1\n|move|p2a: Koraidon|Close Combat|p1a: Landorus\n|-resisted|p1a: Landorus\n|-damage|p1a: Landorus|75\/100\n|-unboost|p2a: Koraidon|def|1\n|-unboost|p2a: Koraidon|spd|1\n|-damage|p2a: Koraidon|55\/100|[from] item: Rocky Helmet|[of] p1a: Landorus\n|\n|-weather|SunnyDay|[upkeep]\n|upkeep\n|turn|30\n|\n|t:|1698577774\n|switch|p2a: Kyogre|Kyogre|100\/100\n|-damage|p2a: Kyogre|88\/100|[from] Stealth Rock\n|-weather|RainDance|[from] ability: Drizzle|[of] p2a: Kyogre\n|move|p1a: Landorus|U-turn|p2a: Kyogre\n|-damage|p2a: Kyogre|73\/100\n|\n|t:|1698577781\n|switch|p1a: Koraidon|Koraidon|100\/100|[from] U-turn\n|-damage|p1a: Koraidon|76\/100|[from] Spikes\n|-weather|SunnyDay|[from] ability: Orichalcum Pulse|[of] p1a: Koraidon\n|-activate|p1a: Koraidon|Orichalcum Pulse|[source]\n|\n|-weather|SunnyDay|[upkeep]\n|-heal|p2a: Kyogre|79\/100|[from] item: Leftovers\n|upkeep\n|turn|31\n|\n|t:|1698577789\n|switch|p2a: Gliscor|Gliscor, F|80\/100 tox\n|-damage|p2a: Gliscor|67\/100 tox|[from] Stealth Rock\n|move|p1a: Koraidon|U-turn|p2a: Gliscor\n|-resisted|p2a: Gliscor\n|-damage|p2a: Gliscor|57\/100 tox\n|\n|t:|1698577804\n|switch|p1a: Zacian|Zacian-Crowned|100\/100|[from] U-turn\n|-damage|p1a: Zacian|76\/100|[from] Spikes\n|-ability|p1a: Zacian|Intrepid Sword|boost\n|-boost|p1a: Zacian|atk|1\n|\n|-weather|SunnyDay|[upkeep]\n|-heal|p2a: Gliscor|69\/100 tox|[from] ability: Poison Heal\n|upkeep\n|turn|32\n|\n|t:|1698577812\n|-terastallize|p1a: Zacian|Flying\n|move|p2a: Gliscor|Protect|p2a: Gliscor\n|-singleturn|p2a: Gliscor|Protect\n|move|p1a: Zacian|Substitute|p1a: Zacian\n|-start|p1a: Zacian|Substitute\n|-damage|p1a: Zacian|51\/100\n|\n|-weather|SunnyDay|[upkeep]\n|-heal|p2a: Gliscor|81\/100 tox|[from] ability: Poison Heal\n|upkeep\n|turn|33\n|c|+Exiline|oh no !\n|c|\u2606Lasen|exiline you're not being very supportive\n|inactive|Lasen has 270 seconds left.\n|c|+Exiline|can't support a kekker who brought 5 mons and no arceus \n|\n|t:|1698577860\n|switch|p2a: Clodsire|Clodsire, M|84\/100\n|move|p1a: Zacian|Swords Dance|p1a: Zacian\n|-boost|p1a: Zacian|atk|2\n|\n|-weather|SunnyDay|[upkeep]\n|upkeep\n|turn|34\n|\n|t:|1698577864\n|move|p1a: Zacian|Behemoth Blade|p2a: Clodsire\n|-damage|p2a: Clodsire|0 fnt\n|faint|p2a: Clodsire\n|\n|-weather|none\n|upkeep\n|\n|t:|1698577868\n|switch|p2a: Koraidon|Koraidon|55\/100\n|-damage|p2a: Koraidon|49\/100|[from] Stealth Rock\n|-weather|SunnyDay|[from] ability: Orichalcum Pulse|[of] p2a: Koraidon\n|-activate|p2a: Koraidon|Orichalcum Pulse|[source]\n|turn|35\n|\n|t:|1698577871\n|move|p2a: Koraidon|U-turn|p1a: Zacian\n|-resisted|p1a: Zacian\n|-activate|p1a: Zacian|move: Substitute|[damage]\n|c|+Exiline|if you don't want to win yourself, why would you want other to want you to win\n|\n|t:|1698577875\n|switch|p2a: Gliscor|Gliscor, F|81\/100 tox|[from] U-turn\n|-damage|p2a: Gliscor|69\/100 tox|[from] Stealth Rock\n|move|p1a: Zacian|Behemoth Blade|p2a: Gliscor\n|-damage|p2a: Gliscor|0 fnt\n|faint|p2a: Gliscor\n|\n|-weather|SunnyDay|[upkeep]\n|upkeep\n|\n|t:|1698577877\n|switch|p2a: Koraidon|Koraidon|49\/100\n|-damage|p2a: Koraidon|43\/100|[from] Stealth Rock\n|-activate|p2a: Koraidon|ability: Orichalcum Pulse\n|turn|36\n|\n|t:|1698577881\n|move|p2a: Koraidon|Dragon Claw|p1a: Zacian\n|-end|p1a: Zacian|Substitute\n|move|p1a: Zacian|Substitute|p1a: Zacian\n|-start|p1a: Zacian|Substitute\n|-damage|p1a: Zacian|26\/100\n|\n|-weather|SunnyDay|[upkeep]\n|upkeep\n|turn|37\n|\n|t:|1698577884\n|move|p2a: Koraidon|Dragon Claw|p1a: Zacian\n|-end|p1a: Zacian|Substitute\n|move|p1a: Zacian|Behemoth Blade|p2a: Koraidon\n|-damage|p2a: Koraidon|0 fnt\n|faint|p2a: Koraidon\n|\n|-weather|SunnyDay|[upkeep]\n|upkeep\n|\n|t:|1698577886\n|switch|p2a: Kyogre|Kyogre|79\/100\n|-damage|p2a: Kyogre|67\/100|[from] Stealth Rock\n|-weather|RainDance|[from] ability: Drizzle|[of] p2a: Kyogre\n|turn|38\n|\n|t:|1698577889\n|move|p1a: Zacian|Behemoth Blade|p2a: Kyogre\n|-resisted|p2a: Kyogre\n|-damage|p2a: Kyogre|20\/100\n|move|p2a: Kyogre|Thunder|p1a: Zacian\n|-supereffective|p1a: Zacian\n|-damage|p1a: Zacian|0 fnt\n|faint|p1a: Zacian\n|\n|-weather|RainDance|[upkeep]\n|-heal|p2a: Kyogre|26\/100|[from] item: Leftovers\n|upkeep\n|\n|t:|1698577891\n|switch|p1a: Koraidon|Koraidon|76\/100\n|-damage|p1a: Koraidon|51\/100|[from] Spikes\n|-weather|SunnyDay|[from] ability: Orichalcum Pulse|[of] p1a: Koraidon\n|-activate|p1a: Koraidon|Orichalcum Pulse|[source]\n|turn|39\n|\n|t:|1698577895\n|-terastallize|p2a: Kyogre|Fairy\n|move|p1a: Koraidon|Low Kick|p2a: Kyogre\n|-resisted|p2a: Kyogre\n|-damage|p2a: Kyogre|0 fnt\n|faint|p2a: Kyogre\n|\n|win|Nael222\n|c|\u2606Lasen|gg\n|c|\u2606Nael222|Gg\n","uploadtime":1698577896,"views":73,"p1id":"nael222","p2id":"lasen","formatid":"gen9ubers","rating":0,"private":0,"password":""}