{"id":"smogtours-gen9ubers-729450","p1":"kopro2","p2":"hecticashiin","format":"[Gen 9] Ubers","log":"|inactive|Battle timer is ON: inactive players will automatically lose when time's up.\n|t:|1699382091\n|gametype|singles\n|player|p1|kopro2|jupiter|\n|player|p2|hecticashiin|nobunaga-conquest|\n|teamsize|p1|6\n|teamsize|p2|6\n|gen|9\n|tier|[Gen 9] Ubers\n|rule|Sleep Clause Mod: Limit one foe put to sleep\n|rule|Species Clause: Limit one of each Pok\u00e9mon\n|rule|OHKO Clause: OHKO moves are banned\n|rule|Evasion Items Clause: Evasion items are banned\n|rule|Evasion Moves Clause: Evasion moves are banned\n|rule|Endless Battle Clause: Forcing endless battles is banned\n|rule|HP Percentage Mod: HP is shown in percentages\n|clearpoke\n|poke|p1|Great Tusk|\n|poke|p1|Electrode|\n|poke|p1|Ogerpon-Hearthflame, F|\n|poke|p1|Manaphy|\n|poke|p1|Bronzong|\n|poke|p1|Sylveon, M|\n|poke|p2|Urshifu-*, F|\n|poke|p2|Scizor, M|\n|poke|p2|Rotom-Heat|\n|poke|p2|Iron Bundle|\n|poke|p2|Okidogi, M|\n|poke|p2|Hatterene, F|\n|teampreview\n|c|\u2606hecticashiin|UBERS?\n|c|\u2606hecticashiin|lol\n|c|\u2606hecticashiin|what\n|c|\u2606kopro2|because ogermon\n|c|\u2606kopro2|doesn't marrter right?\n|c|\u2606hecticashiin|u just put it in the draft\n|c|\u2606hecticashiin|section\n|c|\u2606hecticashiin|just what tera r ui\n|inactive|kopro2 has 270 seconds left.\n|inactive|hecticashiin has 270 seconds left.\n|c|\u2606hecticashiin|im tera ground hatt\n|c|\u2606kopro2|tera ice lelectrode\n|\n|t:|1699382138\n|start\n|switch|p1a: Electrode|Electrode|100\/100\n|switch|p2a: Rotom|Rotom-Heat|100\/100\n|turn|1\n|\n|t:|1699382155\n|move|p1a: Electrode|Volt Switch|p2a: Rotom\n|-resisted|p2a: Rotom\n|-damage|p2a: Rotom|84\/100\n|\n|t:|1699382160\n|switch|p1a: Sylveon|Sylveon, M|100\/100|[from] Volt Switch\n|move|p2a: Rotom|Thunder Wave|p1a: Sylveon|[miss]\n|-miss|p2a: Rotom|p1a: Sylveon\n|\n|upkeep\n|turn|2\n|\n|t:|1699382169\n|move|p2a: Rotom|Volt Switch|p1a: Sylveon\n|-damage|p1a: Sylveon|77\/100\n|\n|t:|1699382176\n|switch|p2a: Okidogi|Okidogi, M|100\/100|[from] Volt Switch\n|move|p1a: Sylveon|Calm Mind|p1a: Sylveon\n|-boost|p1a: Sylveon|spa|1\n|-boost|p1a: Sylveon|spd|1\n|\n|-heal|p1a: Sylveon|83\/100|[from] item: Leftovers\n|upkeep\n|turn|3\n|c|\u2606hecticashiin|also\n|c|\u2606hecticashiin|youre tera sylv koby\n|c|\u2606hecticashiin|or did u forget\n|c|\u2606kopro2|ah tera sylv \n|\n|t:|1699382205\n|switch|p1a: Bronzong|Bronzong|100\/100\n|move|p2a: Okidogi|Poison Jab|p1a: Bronzong\n|-immune|p1a: Bronzong\n|\n|upkeep\n|turn|4\n|c|\u2606kopro2|forgot\n|c|\u2606hecticashiin|nws\n|\n|t:|1699382218\n|move|p2a: Okidogi|Knock Off|p1a: Bronzong\n|-supereffective|p1a: Bronzong\n|-damage|p1a: Bronzong|61\/100\n|-enditem|p1a: Bronzong|Leftovers|[from] move: Knock Off|[of] p2a: Okidogi\n|move|p1a: Bronzong|Stealth Rock|p2a: Okidogi\n|-sidestart|p2: hecticashiin|move: Stealth Rock\n|\n|upkeep\n|turn|5\n|\n|t:|1699382240\n|switch|p2a: Scizor|Scizor, M|100\/100\n|move|p1a: Bronzong|Night Shade|p2a: Scizor\n|-damage|p2a: Scizor|71\/100\n|\n|upkeep\n|turn|6\n|c|\u2606hecticashiin|thats something i guess\n|\n|t:|1699382254\n|move|p2a: Scizor|Defog|p1a: Bronzong\n|-unboost|p1a: Bronzong|evasion|1\n|-sideend|p2: hecticashiin|Stealth Rock|[from] move: Defog|[of] p2a: Scizor\n|move|p1a: Bronzong|Night Shade|p2a: Scizor\n|-damage|p2a: Scizor|42\/100\n|\n|upkeep\n|turn|7\n|\n|t:|1699382262\n|move|p2a: Scizor|U-turn|p1a: Bronzong\n|-damage|p1a: Bronzong|38\/100\n|\n|t:|1699382279\n|switch|p2a: Urshifu|Urshifu, F|100\/100|[from] U-turn\n|move|p1a: Bronzong|Stealth Rock|p2a: Urshifu\n|-sidestart|p2: hecticashiin|move: Stealth Rock\n|\n|upkeep\n|turn|8\n|\n|t:|1699382285\n|switch|p1a: Great Tusk|Great Tusk|100\/100\n|move|p2a: Urshifu|Wicked Blow|p1a: Great Tusk\n|-resisted|p1a: Great Tusk\n|-crit|p1a: Great Tusk\n|-damage|p1a: Great Tusk|84\/100\n|\n|-heal|p1a: Great Tusk|91\/100|[from] item: Leftovers\n|upkeep\n|turn|9\n|\n|t:|1699382298\n|switch|p2a: Rotom|Rotom-Heat|84\/100\n|move|p1a: Great Tusk|Knock Off|p2a: Rotom\n|-damage|p2a: Rotom|45\/100\n|-enditem|p2a: Rotom|Heavy-Duty Boots|[from] move: Knock Off|[of] p1a: Great Tusk\n|\n|-heal|p1a: Great Tusk|97\/100|[from] item: Leftovers\n|upkeep\n|turn|10\n|\n|t:|1699382306\n|switch|p2a: Hatterene|Hatterene, F|100\/100\n|-damage|p2a: Hatterene|88\/100|[from] Stealth Rock\n|move|p1a: Great Tusk|Close Combat|p2a: Hatterene\n|-resisted|p2a: Hatterene\n|-damage|p2a: Hatterene|74\/100\n|-unboost|p1a: Great Tusk|def|1\n|-unboost|p1a: Great Tusk|spd|1\n|\n|-heal|p1a: Great Tusk|100\/100|[from] item: Leftovers\n|-heal|p2a: Hatterene|80\/100|[from] item: Leftovers\n|upkeep\n|turn|11\n|c|\u2606hecticashiin|koby \n|c|\u2606hecticashiin|just to double check\n|inactive|kopro2 has 270 seconds left.\n|c|\u2606kopro2|yee?\n|c|\u2606hecticashiin|levitate is an announcing ability right:?\n|c|\u2606kopro2|mhm\n|c|\u2606hecticashiin|see ben\n|c|\u2606hecticashiin|u bastard\n|c|\u2606hecticashiin|told ya\n|inactive|kopro2 has 240 seconds left.\n|\n|t:|1699382373\n|-end|p1a: Great Tusk|Protosynthesis|[silent]\n|switch|p1a: Bronzong|Bronzong|38\/100\n|move|p2a: Hatterene|Trick Room|p2a: Hatterene\n|-fieldstart|move: Trick Room|[of] p2a: Hatterene\n|\n|-heal|p2a: Hatterene|86\/100|[from] item: Leftovers\n|upkeep\n|turn|12\n|\n|t:|1699382380\n|-terastallize|p2a: Hatterene|Ground\n|move|p2a: Hatterene|Calm Mind|p2a: Hatterene\n|-boost|p2a: Hatterene|spa|1\n|-boost|p2a: Hatterene|spd|1\n|move|p1a: Bronzong|Night Shade|p2a: Hatterene\n|-damage|p2a: Hatterene|53\/100\n|\n|-heal|p2a: Hatterene|59\/100|[from] item: Leftovers\n|upkeep\n|turn|13\n|\n|t:|1699382383\n|move|p2a: Hatterene|Tera Blast|p1a: Bronzong|[anim] Tera Blast Ground\n|-immune|p1a: Bronzong|[from] ability: Levitate\n|move|p1a: Bronzong|Night Shade|p2a: Hatterene\n|-damage|p2a: Hatterene|26\/100\n|\n|-heal|p2a: Hatterene|32\/100|[from] item: Leftovers\n|upkeep\n|turn|14\n|c|\u2606kopro2|lol\n|c|\u2606hecticashiin|wait\n|c|\u2606hecticashiin|did it announce\n|c|\u2606hecticashiin|or no\n|c|\u2606hecticashiin|wasnt paying attention if it did\n|c|\u2606kopro2|levitate\n|\n|t:|1699382405\n|move|p2a: Hatterene|Psyshock|p1a: Bronzong\n|-resisted|p1a: Bronzong\n|-damage|p1a: Bronzong|25\/100\n|move|p1a: Bronzong|Night Shade|p2a: Hatterene\n|-damage|p2a: Hatterene|0 fnt\n|faint|p2a: Hatterene\n|\n|upkeep\n|c|\u2606hecticashiin|rip it said that\n|c|\u2606hecticashiin|didnt even see it\n|\n|t:|1699382415\n|switch|p2a: Scizor|Scizor, M|42\/100\n|turn|15\n|\n|t:|1699382422\n|move|p1a: Bronzong|Body Press|p2a: Scizor\n|-damage|p2a: Scizor|16\/100\n|move|p2a: Scizor|U-turn|p1a: Bronzong\n|-damage|p1a: Bronzong|2\/100\n|\n|t:|1699382432\n|switch|p2a: Rotom|Rotom-Heat|45\/100|[from] U-turn\n|-damage|p2a: Rotom|20\/100|[from] Stealth Rock\n|\n|-fieldend|move: Trick Room\n|upkeep\n|turn|16\n|\n|t:|1699382441\n|move|p2a: Rotom|Will-O-Wisp|p1a: Bronzong\n|-status|p1a: Bronzong|brn\n|move|p1a: Bronzong|Psychic|p2a: Rotom\n|-damage|p2a: Rotom|0 fnt\n|faint|p2a: Rotom\n|\n|-damage|p1a: Bronzong|0 fnt|[from] brn\n|faint|p1a: Bronzong\n|upkeep\n|inactive|kopro2 has 270 seconds left.\n|\n|t:|1699382459\n|switch|p2a: Okidogi|Okidogi, M|100\/100\n|switch|p1a: Electrode|Electrode|100\/100\n|-damage|p2a: Okidogi|94\/100|[from] Stealth Rock\n|turn|17\n|\n|t:|1699382465\n|move|p1a: Electrode|Volt Switch|p2a: Okidogi\n|-damage|p2a: Okidogi|80\/100\n|\n|t:|1699382468\n|switch|p1a: Great Tusk|Great Tusk|100\/100|[from] Volt Switch\n|move|p2a: Okidogi|Poison Jab|p1a: Great Tusk\n|-resisted|p1a: Great Tusk\n|-damage|p1a: Great Tusk|91\/100\n|-status|p1a: Great Tusk|tox|[from] ability: Toxic Chain|[of] p2a: Okidogi\n|\n|-heal|p1a: Great Tusk|98\/100 tox|[from] item: Leftovers\n|-damage|p1a: Great Tusk|91\/100 tox|[from] psn\n|upkeep\n|turn|18\n|\n|t:|1699382476\n|switch|p2a: Scizor|Scizor, M|16\/100\n|move|p1a: Great Tusk|Knock Off|p2a: Scizor\n|-crit|p2a: Scizor\n|-damage|p2a: Scizor|0 fnt\n|-enditem|p2a: Scizor|Heavy-Duty Boots|[from] move: Knock Off|[of] p1a: Great Tusk\n|faint|p2a: Scizor\n|\n|-heal|p1a: Great Tusk|98\/100 tox|[from] item: Leftovers\n|-damage|p1a: Great Tusk|85\/100 tox|[from] psn\n|upkeep\n|\n|t:|1699382478\n|switch|p2a: Iron Bundle|Iron Bundle|100\/100\n|turn|19\n|inactive|kopro2 has 270 seconds left.\n|\n|t:|1699382499\n|-end|p1a: Great Tusk|Protosynthesis|[silent]\n|switch|p1a: Manaphy|Manaphy|100\/100\n|move|p2a: Iron Bundle|Hydro Pump|p1a: Manaphy\n|-resisted|p1a: Manaphy\n|-damage|p1a: Manaphy|68\/100\n|\n|-heal|p1a: Manaphy|74\/100|[from] item: Leftovers\n|upkeep\n|turn|20\n|\n|t:|1699382503\n|move|p2a: Iron Bundle|Freeze-Dry|p1a: Manaphy\n|-supereffective|p1a: Manaphy\n|-damage|p1a: Manaphy|1\/100\n|move|p1a: Manaphy|Take Heart|p1a: Manaphy\n|-boost|p1a: Manaphy|spa|1\n|-boost|p1a: Manaphy|spd|1\n|\n|-heal|p1a: Manaphy|7\/100|[from] item: Leftovers\n|upkeep\n|turn|21\n|\n|t:|1699382508\n|move|p2a: Iron Bundle|Freeze-Dry|p1a: Manaphy\n|-supereffective|p1a: Manaphy\n|-damage|p1a: Manaphy|0 fnt\n|faint|p1a: Manaphy\n|\n|upkeep\n|\n|t:|1699382510\n|switch|p1a: Sylveon|Sylveon, M|83\/100\n|turn|22\n|\n|t:|1699382514\n|move|p2a: Iron Bundle|Hydro Pump|p1a: Sylveon|[miss]\n|-miss|p2a: Iron Bundle|p1a: Sylveon\n|move|p1a: Sylveon|Calm Mind|p1a: Sylveon\n|-boost|p1a: Sylveon|spa|1\n|-boost|p1a: Sylveon|spd|1\n|\n|-heal|p1a: Sylveon|90\/100|[from] item: Leftovers\n|upkeep\n|turn|23\n|\n|t:|1699382529\n|move|p2a: Iron Bundle|Encore|p1a: Sylveon\n|-start|p1a: Sylveon|Encore\n|move|p1a: Sylveon|Calm Mind|p1a: Sylveon\n|-boost|p1a: Sylveon|spa|1\n|-boost|p1a: Sylveon|spd|1\n|\n|-heal|p1a: Sylveon|96\/100|[from] item: Leftovers\n|upkeep\n|turn|24\n|c|\u2606kopro2|nice\n|\n|t:|1699382539\n|move|p2a: Iron Bundle|Flip Turn|p1a: Sylveon\n|-damage|p1a: Sylveon|83\/100\n|\n|t:|1699382541\n|-end|p2a: Iron Bundle|Quark Drive|[silent]\n|switch|p2a: Okidogi|Okidogi, M|80\/100|[from] Flip Turn\n|-damage|p2a: Okidogi|74\/100|[from] Stealth Rock\n|move|p1a: Sylveon|Calm Mind|p1a: Sylveon\n|-boost|p1a: Sylveon|spa|1\n|-boost|p1a: Sylveon|spd|1\n|\n|-heal|p1a: Sylveon|90\/100|[from] item: Leftovers\n|upkeep\n|turn|25\n|\n|t:|1699382551\n|switch|p1a: Great Tusk|Great Tusk|85\/100 tox\n|move|p2a: Okidogi|Poison Jab|p1a: Great Tusk\n|-resisted|p1a: Great Tusk\n|-damage|p1a: Great Tusk|76\/100 tox\n|\n|-heal|p1a: Great Tusk|83\/100 tox|[from] item: Leftovers\n|-damage|p1a: Great Tusk|76\/100 tox|[from] psn\n|upkeep\n|turn|26\n|\n|t:|1699382564\n|switch|p2a: Iron Bundle|Iron Bundle|100\/100\n|move|p1a: Great Tusk|Knock Off|p2a: Iron Bundle\n|-damage|p2a: Iron Bundle|63\/100\n|-enditem|p2a: Iron Bundle|Heavy-Duty Boots|[from] move: Knock Off|[of] p1a: Great Tusk\n|\n|-heal|p1a: Great Tusk|83\/100 tox|[from] item: Leftovers\n|-damage|p1a: Great Tusk|70\/100 tox|[from] psn\n|upkeep\n|turn|27\n|\n|t:|1699382576\n|move|p2a: Iron Bundle|Hydro Pump|p1a: Great Tusk\n|-supereffective|p1a: Great Tusk\n|-damage|p1a: Great Tusk|0 fnt\n|faint|p1a: Great Tusk\n|-end|p1a: Great Tusk|Protosynthesis|[silent]\n|\n|upkeep\n|\n|t:|1699382578\n|switch|p1a: Electrode|Electrode|100\/100\n|turn|28\n|\n|t:|1699382588\n|-end|p2a: Iron Bundle|Quark Drive|[silent]\n|switch|p2a: Urshifu|Urshifu, F|100\/100\n|-damage|p2a: Urshifu|94\/100|[from] Stealth Rock\n|move|p1a: Electrode|Volt Switch|p2a: Urshifu\n|-damage|p2a: Urshifu|51\/100\n|\n|t:|1699382591\n|switch|p1a: Ogerpon|Ogerpon-Hearthflame, F|100\/100|[from] Volt Switch\n|-ability|p1a: Ogerpon|Mold Breaker\n|\n|-heal|p2a: Urshifu|57\/100|[from] item: Leftovers\n|upkeep\n|turn|29\n|\n|t:|1699382600\n|move|p2a: Urshifu|Sucker Punch|p1a: Ogerpon\n|-damage|p1a: Ogerpon|55\/100\n|move|p1a: Ogerpon|Ivy Cudgel|p2a: Urshifu\n|-crit|p2a: Urshifu\n|-damage|p2a: Urshifu|0 fnt\n|faint|p2a: Urshifu\n|\n|upkeep\n|\n|t:|1699382603\n|switch|p2a: Iron Bundle|Iron Bundle|63\/100\n|-damage|p2a: Iron Bundle|38\/100|[from] Stealth Rock\n|turn|30\n|\n|t:|1699382620\n|switch|p1a: Sylveon|Sylveon, M|90\/100\n|move|p2a: Iron Bundle|Hydro Pump|p1a: Sylveon\n|-damage|p1a: Sylveon|45\/100\n|\n|-heal|p1a: Sylveon|51\/100|[from] item: Leftovers\n|upkeep\n|turn|31\n|\n|t:|1699382630\n|move|p2a: Iron Bundle|Flip Turn|p1a: Sylveon\n|-damage|p1a: Sylveon|38\/100\n|\n|t:|1699382637\n|-end|p2a: Iron Bundle|Quark Drive|[silent]\n|switch|p2a: Okidogi|Okidogi, M|74\/100|[from] Flip Turn\n|-damage|p2a: Okidogi|68\/100|[from] Stealth Rock\n|move|p1a: Sylveon|Hyper Voice|p2a: Okidogi\n|-damage|p2a: Okidogi|45\/100\n|\n|-heal|p1a: Sylveon|44\/100|[from] item: Leftovers\n|upkeep\n|turn|32\n|\n|t:|1699382641\n|move|p2a: Okidogi|Poison Jab|p1a: Sylveon\n|-supereffective|p1a: Sylveon\n|-damage|p1a: Sylveon|0 fnt\n|faint|p1a: Sylveon\n|\n|upkeep\n|\n|t:|1699382645\n|switch|p1a: Ogerpon|Ogerpon-Hearthflame, F|55\/100\n|-ability|p1a: Ogerpon|Mold Breaker\n|turn|33\n|\n|t:|1699382660\n|move|p1a: Ogerpon|Ivy Cudgel|p2a: Okidogi\n|-damage|p2a: Okidogi|0 fnt\n|faint|p2a: Okidogi\n|\n|upkeep\n|\n|t:|1699382661\n|switch|p2a: Iron Bundle|Iron Bundle|38\/100\n|-damage|p2a: Iron Bundle|14\/100|[from] Stealth Rock\n|turn|34\n|\n|t:|1699382664\n|move|p2a: Iron Bundle|Hydro Pump|p1a: Ogerpon|[miss]\n|-miss|p2a: Iron Bundle|p1a: Ogerpon\n|move|p1a: Ogerpon|Ivy Cudgel|p2a: Iron Bundle\n|-crit|p2a: Iron Bundle\n|-damage|p2a: Iron Bundle|0 fnt\n|faint|p2a: Iron Bundle\n|-end|p2a: Iron Bundle|Quark Drive|[silent]\n|\n|win|kopro2\n","uploadtime":1699382665,"views":5,"p1id":"kopro2","p2id":"hecticashiin","formatid":"gen9ubers","rating":0,"private":0,"password":""}