{"id":"smogtours-gen9ubers-728957","p1":"Entrocefalo","p2":"Kate","format":"[Gen 9] Ubers","log":"|inactive|Battle timer is ON: inactive players will automatically lose when time's up.\n|t:|1699203779\n|gametype|singles\n|player|p1|Entrocefalo|#scl3machines2|\n|player|p2|Kate|#kate|\n|teamsize|p1|6\n|teamsize|p2|6\n|gen|9\n|tier|[Gen 9] Ubers\n|rule|Sleep Clause Mod: Limit one foe put to sleep\n|rule|Species Clause: Limit one of each Pok\u00e9mon\n|rule|OHKO Clause: OHKO moves are banned\n|rule|Evasion Items Clause: Evasion items are banned\n|rule|Evasion Moves Clause: Evasion moves are banned\n|rule|Endless Battle Clause: Forcing endless battles is banned\n|rule|HP Percentage Mod: HP is shown in percentages\n|clearpoke\n|poke|p1|Miraidon|\n|poke|p1|Kyogre|\n|poke|p1|Iron Bundle|\n|poke|p1|Clodsire, M|\n|poke|p1|Zacian-*|\n|poke|p1|Arceus|\n|poke|p2|Arceus|\n|poke|p2|Kingambit, M|\n|poke|p2|Skeledirge, F|\n|poke|p2|Groudon|\n|poke|p2|Zacian-*|\n|poke|p2|Giratina-Origin|\n|teampreview\n|c|\u2606Entrocefalo|hf\n|c|+DKM|ssnl?\n|c|\u2606Kate|Hf\n|c|\u2606Entrocefalo|yes\n|c|+Inder|ENTRO\n|c|+DKM|gl entro\n|inactive|Entrocefalo has 270 seconds left.\n|inactive|Kate has 270 seconds left.\n|c|+Inder|kate \n|c|+Inder|if u win\n|c|+Inder|i upgrade u on the tl\n|c|+Inder|i promise\n|c|\u2606Entrocefalo|:c\n|c|+Sylveon is so cute|that Appleton is so big\n|inactive|Entrocefalo has 240 seconds left.\n|c|+Sylveon is so cute|I like it\n|c|+Inder|it's like a gigamax\n|inactive|Entrocefalo has 210 seconds left.\n|inactive|Entrocefalo has 180 seconds left.\n|\n|t:|1699203901\n|start\n|switch|p1a: Miraidon|Miraidon|100\/100\n|switch|p2a: Groudon|Groudon|100\/100\n|-fieldstart|move: Electric Terrain|[from] ability: Hadron Engine|[of] p1a: Miraidon\n|-weather|SunnyDay|[from] ability: Drought|[of] p2a: Groudon\n|turn|1\n|inactive|Entrocefalo has 240 seconds left.\n|inactive|Kate has 270 seconds left.\n|inactive|Entrocefalo has 210 seconds left.\n|\n|t:|1699203944\n|move|p1a: Miraidon|U-turn|p2a: Groudon\n|-damage|p2a: Groudon|92\/100\n|inactive|Entrocefalo has 210 seconds left.\n|\n|t:|1699203950\n|switch|p1a: Kyogre|Kyogre|100\/100|[from] U-turn\n|-weather|RainDance|[from] ability: Drizzle|[of] p1a: Kyogre\n|move|p2a: Groudon|Precipice Blades|p1a: Kyogre\n|-damage|p1a: Kyogre|57\/100\n|\n|-weather|RainDance|[upkeep]\n|-heal|p2a: Groudon|98\/100|[from] item: Leftovers\n|upkeep\n|turn|2\n|inactive|Kate has 270 seconds left.\n|inactive|Entrocefalo has 210 seconds left.\n|\n|t:|1699203971\n|switch|p2a: Giratina|Giratina-Origin|100\/100\n|move|p1a: Kyogre|Origin Pulse|p2a: Giratina\n|-resisted|p2a: Giratina\n|-damage|p2a: Giratina|67\/100\n|\n|-weather|RainDance|[upkeep]\n|upkeep\n|turn|3\n|\n|t:|1699203979\n|move|p2a: Giratina|Poltergeist|p1a: Kyogre\n|-activate|p1a: Kyogre|move: Poltergeist|Heavy-Duty Boots\n|-damage|p1a: Kyogre|0 fnt\n|faint|p1a: Kyogre\n|\n|-weather|RainDance|[upkeep]\n|upkeep\n|\n|t:|1699203985\n|switch|p1a: Iron Bundle|Iron Bundle|100\/100\n|-activate|p1a: Iron Bundle|ability: Quark Drive\n|-start|p1a: Iron Bundle|quarkdrivespe\n|turn|4\n|inactive|Entrocefalo has 210 seconds left.\n|inactive|Kate has 270 seconds left.\n|inactive|Entrocefalo has 180 seconds left.\n|inactive|Kate has 240 seconds left.\n|c|+Inder|lol\n|c|+Inder|dropped\n|inactive|Kate has 210 seconds left.\n|inactive|Entrocefalo has 150 seconds left.\n|\n|t:|1699204086\n|-terastallize|p2a: Giratina|Steel\n|move|p1a: Iron Bundle|Hydro Pump|p2a: Giratina\n|-damage|p2a: Giratina|6\/100\n|move|p2a: Giratina|Poltergeist|p1a: Iron Bundle\n|-activate|p1a: Iron Bundle|move: Poltergeist|Heavy-Duty Boots\n|-damage|p1a: Iron Bundle|16\/100\n|\n|-weather|RainDance|[upkeep]\n|upkeep\n|turn|5\n|\n|t:|1699204096\n|-end|p1a: Iron Bundle|Quark Drive|[silent]\n|switch|p1a: Arceus|Arceus|100\/100\n|move|p2a: Giratina|Will-O-Wisp|p1a: Arceus\n|-status|p1a: Arceus|brn\n|\n|-weather|none\n|-damage|p1a: Arceus|94\/100 brn|[from] brn\n|-fieldend|move: Electric Terrain\n|upkeep\n|turn|6\n|\n|t:|1699204112\n|switch|p2a: Groudon|Groudon|98\/100\n|-weather|SunnyDay|[from] ability: Drought|[of] p2a: Groudon\n|move|p1a: Arceus|Shadow Claw|p2a: Groudon\n|-damage|p2a: Groudon|88\/100\n|-damage|p1a: Arceus|84\/100 brn|[from] item: Life Orb\n|\n|-weather|SunnyDay|[upkeep]\n|-heal|p2a: Groudon|95\/100|[from] item: Leftovers\n|-damage|p1a: Arceus|78\/100 brn|[from] brn\n|upkeep\n|turn|7\n|inactive|Entrocefalo has 120 seconds left.\n|\n|t:|1699204139\n|move|p1a: Arceus|Swords Dance|p1a: Arceus\n|-boost|p1a: Arceus|atk|2\n|move|p2a: Groudon|Spikes|p1a: Arceus\n|-sidestart|p1: Entrocefalo|Spikes\n|\n|-weather|SunnyDay|[upkeep]\n|-heal|p2a: Groudon|100\/100|[from] item: Leftovers\n|-damage|p1a: Arceus|72\/100 brn|[from] brn\n|upkeep\n|turn|8\n|\n|t:|1699204151\n|move|p1a: Arceus|Extreme Speed|p2a: Groudon\n|-damage|p2a: Groudon|67\/100\n|-damage|p1a: Arceus|62\/100 brn|[from] item: Life Orb\n|move|p2a: Groudon|Stealth Rock|p1a: Arceus\n|-sidestart|p1: Entrocefalo|move: Stealth Rock\n|\n|-weather|SunnyDay|[upkeep]\n|-heal|p2a: Groudon|74\/100|[from] item: Leftovers\n|-damage|p1a: Arceus|56\/100 brn|[from] brn\n|upkeep\n|turn|9\n|inactive|Entrocefalo has 120 seconds left.\n|\n|t:|1699204156\n|switch|p2a: Skeledirge|Skeledirge, F|100\/100\n|move|p1a: Arceus|Extreme Speed|p2a: Skeledirge\n|-immune|p2a: Skeledirge\n|\n|-weather|SunnyDay|[upkeep]\n|-damage|p1a: Arceus|50\/100 brn|[from] brn\n|upkeep\n|turn|10\n|\n|t:|1699204160\n|move|p1a: Arceus|Earthquake|p2a: Skeledirge\n|-supereffective|p2a: Skeledirge\n|-damage|p2a: Skeledirge|73\/100\n|-damage|p1a: Arceus|40\/100 brn|[from] item: Life Orb\n|move|p2a: Skeledirge|Torch Song|p1a: Arceus\n|-damage|p1a: Arceus|6\/100 brn\n|-boost|p2a: Skeledirge|spa|1\n|\n|-weather|none\n|-damage|p1a: Arceus|0 fnt|[from] brn\n|faint|p1a: Arceus\n|upkeep\n|\n|t:|1699204163\n|switch|p1a: Miraidon|Miraidon|100\/100\n|-fieldstart|move: Electric Terrain|[from] ability: Hadron Engine|[of] p1a: Miraidon\n|turn|11\n|\n|t:|1699204173\n|switch|p2a: Giratina|Giratina-Origin, tera:Steel|6\/100\n|move|p1a: Miraidon|Dragon Pulse|p2a: Giratina\n|-resisted|p2a: Giratina\n|-damage|p2a: Giratina|0 fnt\n|faint|p2a: Giratina\n|\n|upkeep\n|\n|t:|1699204176\n|switch|p2a: Groudon|Groudon|74\/100\n|-weather|SunnyDay|[from] ability: Drought|[of] p2a: Groudon\n|turn|12\n|inactive|Entrocefalo has 150 seconds left.\n|inactive|Entrocefalo has 120 seconds left.\n|\n|t:|1699204234\n|-terastallize|p1a: Miraidon|Water\n|move|p1a: Miraidon|Dragon Pulse|p2a: Groudon\n|-damage|p2a: Groudon|33\/100\n|move|p2a: Groudon|Precipice Blades|p1a: Miraidon\n|-damage|p1a: Miraidon|39\/100\n|\n|-weather|SunnyDay|[upkeep]\n|-heal|p2a: Groudon|39\/100|[from] item: Leftovers\n|upkeep\n|turn|13\n|\n|t:|1699204251\n|move|p1a: Miraidon|Dragon Pulse|p2a: Groudon\n|-damage|p2a: Groudon|0 fnt\n|faint|p2a: Groudon\n|\n|-weather|SunnyDay|[upkeep]\n|upkeep\n|\n|t:|1699204256\n|switch|p2a: Arceus|Arceus|100\/100\n|turn|14\n|\n|t:|1699204262\n|switch|p1a: Clodsire|Clodsire, M|100\/100\n|-damage|p1a: Clodsire|88\/100|[from] Spikes\n|-damage|p1a: Clodsire|82\/100|[from] Stealth Rock\n|move|p2a: Arceus|Extreme Speed|p1a: Clodsire\n|-damage|p1a: Clodsire|42\/100\n|-damage|p2a: Arceus|84\/100|[from] item: Rocky Helmet|[of] p1a: Clodsire\n|\n|-weather|SunnyDay|[upkeep]\n|upkeep\n|turn|15\n|\n|t:|1699204266\n|move|p2a: Arceus|Taunt|p1a: Clodsire\n|-start|p1a: Clodsire|move: Taunt\n|cant|p1a: Clodsire|move: Taunt|Recover\n|\n|-weather|SunnyDay|[upkeep]\n|-fieldend|move: Electric Terrain\n|upkeep\n|turn|16\n|\n|t:|1699204269\n|move|p2a: Arceus|Swords Dance|p2a: Arceus\n|-boost|p2a: Arceus|atk|2\n|move|p1a: Clodsire|Counter||[still]\n|-fail|p1a: Clodsire\n|\n|-weather|none\n|upkeep\n|turn|17\n|\n|t:|1699204275\n|move|p2a: Arceus|Swords Dance|p2a: Arceus\n|-boost|p2a: Arceus|atk|2\n|move|p1a: Clodsire|Counter||[still]\n|-fail|p1a: Clodsire\n|\n|-end|p1a: Clodsire|move: Taunt\n|upkeep\n|turn|18\n|\n|t:|1699204279\n|switch|p1a: Zacian|Zacian-Crowned|100\/100\n|-damage|p1a: Zacian|88\/100|[from] Spikes\n|-damage|p1a: Zacian|82\/100|[from] Stealth Rock\n|-ability|p1a: Zacian|Intrepid Sword|boost\n|-boost|p1a: Zacian|atk|1\n|move|p2a: Arceus|Taunt|p1a: Zacian\n|-start|p1a: Zacian|move: Taunt\n|\n|upkeep\n|turn|19\n|\n|t:|1699204288\n|move|p2a: Arceus|Extreme Speed|p1a: Zacian\n|-resisted|p1a: Zacian\n|-damage|p1a: Zacian|7\/100\n|move|p1a: Zacian|Close Combat|p2a: Arceus\n|-supereffective|p2a: Arceus\n|-damage|p2a: Arceus|0 fnt\n|-unboost|p1a: Zacian|def|1\n|-unboost|p1a: Zacian|spd|1\n|faint|p2a: Arceus\n|\n|upkeep\n|\n|t:|1699204302\n|switch|p2a: Zacian|Zacian-Crowned|100\/100\n|-ability|p2a: Zacian|Intrepid Sword|boost\n|-boost|p2a: Zacian|atk|1\n|turn|20\n|\n|t:|1699204314\n|move|p2a: Zacian|Behemoth Blade|p1a: Zacian\n|-damage|p1a: Zacian|0 fnt\n|faint|p1a: Zacian\n|\n|upkeep\n|inactive|Entrocefalo has 150 seconds left.\n|\n|t:|1699204348\n|switch|p1a: Miraidon|Miraidon, tera:Water|39\/100\n|-fieldstart|move: Electric Terrain|[from] ability: Hadron Engine|[of] p1a: Miraidon\n|turn|21\n|\n|t:|1699204352\n|switch|p1a: Clodsire|Clodsire, M|42\/100\n|-damage|p1a: Clodsire|29\/100|[from] Spikes\n|-damage|p1a: Clodsire|23\/100|[from] Stealth Rock\n|move|p2a: Zacian|Play Rough|p1a: Clodsire\n|-resisted|p1a: Clodsire\n|-damage|p1a: Clodsire|3\/100\n|-damage|p2a: Zacian|84\/100|[from] item: Rocky Helmet|[of] p1a: Clodsire\n|\n|upkeep\n|turn|22\n|inactive|Entrocefalo has 150 seconds left.\n|\n|t:|1699204361\n|move|p2a: Zacian|Behemoth Blade|p1a: Clodsire\n|-damage|p1a: Clodsire|0 fnt\n|-damage|p2a: Zacian|67\/100|[from] item: Rocky Helmet|[of] p1a: Clodsire\n|faint|p1a: Clodsire\n|\n|upkeep\n|\n|t:|1699204363\n|switch|p1a: Iron Bundle|Iron Bundle|16\/100\n|-activate|p1a: Iron Bundle|ability: Quark Drive\n|-start|p1a: Iron Bundle|quarkdrivespe\n|turn|23\n|inactive|Entrocefalo has 150 seconds left.\n|\n|t:|1699204386\n|switch|p2a: Skeledirge|Skeledirge, F|73\/100\n|move|p1a: Iron Bundle|Ice Beam|p2a: Skeledirge\n|-resisted|p2a: Skeledirge\n|-damage|p2a: Skeledirge|49\/100\n|\n|upkeep\n|turn|24\n|inactive|Entrocefalo has 150 seconds left.\n|\n|t:|1699204392\n|move|p1a: Iron Bundle|Hydro Pump|p2a: Skeledirge\n|-supereffective|p2a: Skeledirge\n|-damage|p2a: Skeledirge|0 fnt\n|faint|p2a: Skeledirge\n|\n|upkeep\n|\n|t:|1699204393\n|switch|p2a: Kingambit|Kingambit, M|100\/100\n|-activate|p2a: Kingambit|ability: Supreme Overlord\n|-start|p2a: Kingambit|fallen4|[silent]\n|turn|25\n|\n|t:|1699204406\n|move|p1a: Iron Bundle|Encore||[still]\n|-fail|p1a: Iron Bundle\n|move|p2a: Kingambit|Kowtow Cleave|p1a: Iron Bundle\n|-damage|p1a: Iron Bundle|0 fnt\n|faint|p1a: Iron Bundle\n|-end|p1a: Iron Bundle|Quark Drive|[silent]\n|\n|-fieldend|move: Electric Terrain\n|upkeep\n|c|\u2606Entrocefalo|gg\n|-message|Entrocefalo forfeited.\n|\n|win|Kate\n|c|\u2606Kate|Gg\n","uploadtime":1699204413,"views":180,"p1id":"entrocefalo","p2id":"kate","formatid":"gen9ubers","rating":0,"private":0,"password":""}