{"id":"smogtours-gen9ubers-731613","p1":"VolcaCono","p2":"2HBlooby","format":"[Gen 9] Ubers","log":"|inactive|Battle timer is ON: inactive players will automatically lose when time's up.\n|t:|1700421539\n|gametype|singles\n|player|p1|VolcaCono|170|\n|player|p2|2HBlooby|#npl2022ballermannbierbaren|\n|teamsize|p1|6\n|teamsize|p2|6\n|gen|9\n|tier|[Gen 9] Ubers\n|rule|Sleep Clause Mod: Limit one foe put to sleep\n|rule|Species Clause: Limit one of each Pok\u00e9mon\n|rule|OHKO Clause: OHKO moves are banned\n|rule|Evasion Items Clause: Evasion items are banned\n|rule|Evasion Moves Clause: Evasion moves are banned\n|rule|Endless Battle Clause: Forcing endless battles is banned\n|rule|HP Percentage Mod: HP is shown in percentages\n|clearpoke\n|poke|p1|Pelipper, F|\n|poke|p1|Amoonguss, M|\n|poke|p1|Kingambit, F|\n|poke|p1|Basculegion, M|\n|poke|p1|Iron Treads|\n|poke|p1|Manaphy|\n|poke|p2|Weavile, F|\n|poke|p2|Ogerpon-Wellspring, F|\n|poke|p2|Gliscor, F|\n|poke|p2|Skeledirge, F|\n|poke|p2|Rillaboom, F|\n|poke|p2|Ting-Lu|\n|teampreview\n|c|\u26062HBlooby|hf hf\n|c|\u2606VolcaCono|u2\n|inactive|VolcaCono has 270 seconds left.\n|inactive|2HBlooby has 270 seconds left.\n|inactive|2HBlooby has 240 seconds left.\n|inactive|2HBlooby has 210 seconds left.\n|inactive|2HBlooby has 180 seconds left.\n|c|\u2606VolcaCono|win timer ez\n|\n|t:|1700421677\n|start\n|switch|p1a: Jeremie|Pelipper, F|100\/100\n|switch|p2a: Gliscor|Gliscor, F|100\/100\n|-weather|RainDance|[from] ability: Drizzle|[of] p1a: Jeremie\n|turn|1\n|\n|t:|1700421688\n|move|p2a: Gliscor|Protect|p2a: Gliscor\n|-singleturn|p2a: Gliscor|Protect\n|move|p1a: Jeremie|Surf|p2a: Gliscor\n|-activate|p2a: Gliscor|move: Protect\n|\n|-weather|RainDance|[upkeep]\n|-status|p2a: Gliscor|tox|[from] item: Toxic Orb\n|upkeep\n|turn|2\n|inactive|2HBlooby has 240 seconds left.\n|\n|t:|1700421699\n|switch|p2a: Rillaboom|Rillaboom, F|100\/100\n|-fieldstart|move: Grassy Terrain|[from] ability: Grassy Surge|[of] p2a: Rillaboom\n|move|p1a: Jeremie|Hurricane|p2a: Rillaboom\n|-supereffective|p2a: Rillaboom\n|-damage|p2a: Rillaboom|5\/100\n|-start|p2a: Rillaboom|confusion\n|\n|-weather|RainDance|[upkeep]\n|-heal|p2a: Rillaboom|11\/100|[from] Grassy Terrain\n|upkeep\n|turn|3\n|inactive|2HBlooby has 240 seconds left.\n|\n|t:|1700421712\n|switch|p1a: Impostor|Amoonguss, M|100\/100\n|-activate|p2a: Rillaboom|confusion\n|move|p2a: Rillaboom|U-turn|p1a: Impostor\n|-damage|p1a: Impostor|70\/100\n|-enditem|p1a: Impostor|Eject Button\n|\n|t:|1700421726\n|switch|p1a: Iron Treads|Iron Treads|100\/100\n|\n|-weather|RainDance|[upkeep]\n|-heal|p2a: Rillaboom|17\/100|[from] Grassy Terrain\n|upkeep\n|turn|4\n|inactive|2HBlooby has 240 seconds left.\n|\n|t:|1700421761\n|switch|p2a: Ting-Lu|Ting-Lu|100\/100\n|-ability|p2a: Ting-Lu|Vessel of Ruin\n|move|p1a: Iron Treads|Knock Off|p2a: Ting-Lu\n|-resisted|p2a: Ting-Lu\n|-damage|p2a: Ting-Lu|93\/100\n|-enditem|p2a: Ting-Lu|Heavy-Duty Boots|[from] move: Knock Off|[of] p1a: Iron Treads\n|\n|-weather|RainDance|[upkeep]\n|-heal|p2a: Ting-Lu|99\/100|[from] Grassy Terrain\n|upkeep\n|turn|5\n|\n|t:|1700421775\n|move|p1a: Iron Treads|Stealth Rock|p2a: Ting-Lu\n|-sidestart|p2: 2HBlooby|move: Stealth Rock\n|move|p2a: Ting-Lu|Stealth Rock|p1a: Iron Treads\n|-sidestart|p1: VolcaCono|move: Stealth Rock\n|\n|-weather|RainDance|[upkeep]\n|-heal|p2a: Ting-Lu|100\/100|[from] Grassy Terrain\n|upkeep\n|turn|6\n|\n|t:|1700421780\n|move|p1a: Iron Treads|Rapid Spin|p2a: Ting-Lu\n|-damage|p2a: Ting-Lu|93\/100\n|-boost|p1a: Iron Treads|spe|1\n|-sideend|p1: VolcaCono|Stealth Rock|[from] move: Rapid Spin|[of] p1a: Iron Treads\n|move|p2a: Ting-Lu|Ruination|p1a: Iron Treads\n|-damage|p1a: Iron Treads|51\/100\n|\n|-weather|RainDance|[upkeep]\n|-heal|p1a: Iron Treads|57\/100|[from] Grassy Terrain\n|-heal|p1a: Iron Treads|63\/100|[from] item: Leftovers\n|-heal|p2a: Ting-Lu|99\/100|[from] Grassy Terrain\n|-fieldend|move: Grassy Terrain\n|upkeep\n|turn|7\n|\n|t:|1700421792\n|-end|p1a: Iron Treads|Quark Drive|[silent]\n|switch|p1a: Manaphy|Manaphy|100\/100\n|move|p2a: Ting-Lu|Stealth Rock|p1a: Manaphy\n|-sidestart|p1: VolcaCono|move: Stealth Rock\n|\n|-weather|RainDance|[upkeep]\n|upkeep\n|turn|8\n|\n|t:|1700421800\n|move|p1a: Manaphy|Energy Ball|p2a: Ting-Lu\n|-supereffective|p2a: Ting-Lu\n|-damage|p2a: Ting-Lu|73\/100\n|move|p2a: Ting-Lu|Ruination|p1a: Manaphy\n|-damage|p1a: Manaphy|51\/100\n|\n|-weather|none\n|-heal|p1a: Manaphy|57\/100|[from] item: Leftovers\n|upkeep\n|turn|9\n|inactive|2HBlooby has 240 seconds left.\n|\n|t:|1700421833\n|switch|p2a: Ogerpon|Ogerpon-Wellspring, F|100\/100\n|-damage|p2a: Ogerpon|88\/100|[from] Stealth Rock\n|move|p1a: Manaphy|Rest|p1a: Manaphy\n|-status|p1a: Manaphy|slp|[from] move: Rest\n|-heal|p1a: Manaphy|100\/100 slp|[silent]\n|\n|upkeep\n|turn|10\n|inactive|2HBlooby has 240 seconds left.\n|\n|t:|1700421842\n|switch|p1a: Impostor|Amoonguss, M|100\/100\n|-damage|p1a: Impostor|88\/100|[from] Stealth Rock\n|move|p2a: Ogerpon|Knock Off|p1a: Impostor\n|-damage|p1a: Impostor|67\/100\n|\n|upkeep\n|turn|11\n|\n|t:|1700421857\n|switch|p2a: Gliscor|Gliscor, F|100\/100 tox\n|-damage|p2a: Gliscor|88\/100 tox|[from] Stealth Rock\n|move|p1a: Impostor|Foul Play|p2a: Gliscor\n|-damage|p2a: Gliscor|73\/100 tox\n|\n|-heal|p2a: Gliscor|85\/100 tox|[from] ability: Poison Heal\n|upkeep\n|turn|12\n|\n|t:|1700421870\n|move|p2a: Gliscor|Spikes|p1a: Impostor\n|-sidestart|p1: VolcaCono|Spikes\n|move|p1a: Impostor|Giga Drain|p2a: Gliscor\n|-damage|p2a: Gliscor|64\/100 tox\n|-heal|p1a: Impostor|76\/100|[from] drain|[of] p2a: Gliscor\n|\n|-heal|p2a: Gliscor|76\/100 tox|[from] ability: Poison Heal\n|upkeep\n|turn|13\n|\n|t:|1700421879\n|move|p2a: Gliscor|U-turn|p1a: Impostor\n|-damage|p1a: Impostor|64\/100\n|\n|t:|1700421890\n|switch|p2a: Ting-Lu|Ting-Lu|73\/100|[from] U-turn\n|-damage|p2a: Ting-Lu|67\/100|[from] Stealth Rock\n|-ability|p2a: Ting-Lu|Vessel of Ruin\n|move|p1a: Impostor|Giga Drain|p2a: Ting-Lu\n|-supereffective|p2a: Ting-Lu\n|-damage|p2a: Ting-Lu|44\/100\n|-heal|p1a: Impostor|77\/100|[from] drain|[of] p2a: Ting-Lu\n|\n|upkeep\n|turn|14\n|inactive|2HBlooby has 240 seconds left.\n|\n|t:|1700421927\n|move|p2a: Ting-Lu|Ruination|p1a: Impostor\n|-damage|p1a: Impostor|39\/100\n|move|p1a: Impostor|Giga Drain|p2a: Ting-Lu\n|-supereffective|p2a: Ting-Lu\n|-damage|p2a: Ting-Lu|20\/100\n|-heal|p1a: Impostor|53\/100|[from] drain|[of] p2a: Ting-Lu\n|\n|upkeep\n|turn|15\n|\n|t:|1700421936\n|switch|p1a: Jeremie|Pelipper, F|100\/100\n|-damage|p1a: Jeremie|76\/100|[from] Stealth Rock\n|-weather|RainDance|[from] ability: Drizzle|[of] p1a: Jeremie\n|move|p2a: Ting-Lu|Stomping Tantrum|p1a: Jeremie\n|-immune|p1a: Jeremie\n|\n|-weather|RainDance|[upkeep]\n|upkeep\n|turn|16\n|inactive|2HBlooby has 240 seconds left.\n|\n|t:|1700421964\n|move|p2a: Ting-Lu|Ruination|p1a: Jeremie\n|-damage|p1a: Jeremie|38\/100\n|move|p1a: Jeremie|Surf|p2a: Ting-Lu\n|-supereffective|p2a: Ting-Lu\n|-damage|p2a: Ting-Lu|0 fnt\n|faint|p2a: Ting-Lu\n|\n|-weather|RainDance|[upkeep]\n|upkeep\n|inactive|2HBlooby has 240 seconds left.\n|inactive|2HBlooby has 210 seconds left.\n|\n|t:|1700422015\n|switch|p2a: Rillaboom|Rillaboom, F|17\/100\n|-damage|p2a: Rillaboom|5\/100|[from] Stealth Rock\n|-fieldstart|move: Grassy Terrain|[from] ability: Grassy Surge|[of] p2a: Rillaboom\n|turn|17\n|\n|t:|1700422032\n|switch|p1a: Impostor|Amoonguss, M|86\/100\n|-damage|p1a: Impostor|73\/100|[from] Stealth Rock\n|-damage|p1a: Impostor|61\/100|[from] Spikes\n|move|p2a: Rillaboom|Knock Off|p1a: Impostor\n|-damage|p1a: Impostor|33\/100\n|\n|-weather|RainDance|[upkeep]\n|-heal|p2a: Rillaboom|11\/100|[from] Grassy Terrain\n|-heal|p1a: Impostor|40\/100|[from] Grassy Terrain\n|upkeep\n|turn|18\n|\n|t:|1700422057\n|switch|p2a: Gliscor|Gliscor, F|76\/100 tox\n|-damage|p2a: Gliscor|64\/100 tox|[from] Stealth Rock\n|move|p1a: Impostor|Giga Drain|p2a: Gliscor\n|-damage|p2a: Gliscor|34\/100 tox\n|-heal|p1a: Impostor|52\/100|[from] drain|[of] p2a: Gliscor\n|\n|-weather|RainDance|[upkeep]\n|-heal|p1a: Impostor|58\/100|[from] Grassy Terrain\n|-heal|p2a: Gliscor|47\/100 tox|[from] ability: Poison Heal\n|upkeep\n|turn|19\n|\n|t:|1700422067\n|switch|p1a: Manaphy|Manaphy|100\/100 slp\n|-damage|p1a: Manaphy|88\/100 slp|[from] Stealth Rock\n|-damage|p1a: Manaphy|76\/100 slp|[from] Spikes\n|move|p2a: Gliscor|Spikes|p1a: Manaphy\n|-sidestart|p1: VolcaCono|Spikes\n|\n|-weather|RainDance|[upkeep]\n|-heal|p1a: Manaphy|82\/100 slp|[from] Grassy Terrain\n|-activate|p1a: Manaphy|ability: Hydration\n|-curestatus|p1a: Manaphy|slp|[msg]\n|-heal|p1a: Manaphy|88\/100|[from] item: Leftovers\n|-heal|p2a: Gliscor|59\/100 tox|[from] ability: Poison Heal\n|upkeep\n|turn|20\n|inactive|VolcaCono has 270 seconds left.\n|inactive|2HBlooby has 180 seconds left.\n|\n|t:|1700422115\n|switch|p2a: Ogerpon|Ogerpon-Wellspring, F|88\/100\n|-damage|p2a: Ogerpon|76\/100|[from] Stealth Rock\n|move|p1a: Manaphy|Energy Ball|p2a: Ogerpon\n|-damage|p2a: Ogerpon|33\/100\n|\n|-weather|RainDance|[upkeep]\n|-heal|p2a: Ogerpon|39\/100|[from] Grassy Terrain\n|-heal|p1a: Manaphy|94\/100|[from] Grassy Terrain\n|-heal|p1a: Manaphy|100\/100|[from] item: Leftovers\n|upkeep\n|turn|21\n|inactive|VolcaCono has 240 seconds left.\n|\n|t:|1700422145\n|switch|p1a: Impostor|Amoonguss, M|91\/100\n|-damage|p1a: Impostor|79\/100|[from] Stealth Rock\n|-damage|p1a: Impostor|62\/100|[from] Spikes\n|move|p2a: Ogerpon|Ivy Cudgel|p1a: Impostor\n|-resisted|p1a: Impostor\n|-damage|p1a: Impostor|29\/100\n|\n|-weather|RainDance|[upkeep]\n|-heal|p2a: Ogerpon|45\/100|[from] Grassy Terrain\n|-heal|p1a: Impostor|36\/100|[from] Grassy Terrain\n|-fieldend|move: Grassy Terrain\n|upkeep\n|turn|22\n|inactive|2HBlooby has 150 seconds left.\n|\n|t:|1700422165\n|switch|p2a: Rillaboom|Rillaboom, F|11\/100\n|-damage|p2a: Rillaboom|0 fnt|[from] Stealth Rock\n|faint|p2a: Rillaboom\n|move|p1a: Impostor|Giga Drain|p2: Rillaboom|[notarget]\n|-fail|p1a: Impostor\n|\n|-weather|none\n|upkeep\n|\n|t:|1700422167\n|switch|p2a: Weavile|Weavile, F|100\/100\n|-ability|p2a: Weavile|Pressure\n|turn|23\n|inactive|VolcaCono has 210 seconds left.\n|\n|t:|1700422225\n|-terastallize|p1a: Impostor|Water\n|move|p2a: Weavile|Icicle Crash|p1a: Impostor\n|-resisted|p1a: Impostor\n|-damage|p1a: Impostor|19\/100\n|move|p1a: Impostor|Spore|p2a: Weavile\n|-status|p2a: Weavile|slp|[from] move: Spore\n|\n|upkeep\n|turn|24\n|inactive|VolcaCono has 180 seconds left.\n|inactive|2HBlooby has 150 seconds left.\n|\n|t:|1700422266\n|cant|p2a: Weavile|slp\n|move|p1a: Impostor|Sludge Bomb|p2a: Weavile\n|-damage|p2a: Weavile|60\/100 slp\n|\n|upkeep\n|turn|25\n|\n|t:|1700422287\n|switch|p2a: Skeledirge|Skeledirge, F|100\/100\n|move|p1a: Impostor|Sludge Bomb|p2a: Skeledirge\n|-resisted|p2a: Skeledirge\n|-damage|p2a: Skeledirge|86\/100\n|-status|p2a: Skeledirge|psn\n|\n|-damage|p2a: Skeledirge|73\/100 psn|[from] psn\n|upkeep\n|turn|26\n|inactive|VolcaCono has 150 seconds left.\n|c|\u2606VolcaCono|oh le couillon\n|c|\u26062HBlooby|love this mechanic\n|c|\u26062HBlooby|awesome gen\n|\n|t:|1700422320\n|switch|p1a: Manaphy|Manaphy|100\/100\n|-damage|p1a: Manaphy|88\/100|[from] Stealth Rock\n|-damage|p1a: Manaphy|72\/100|[from] Spikes\n|move|p2a: Skeledirge|Will-O-Wisp|p1a: Manaphy\n|-status|p1a: Manaphy|brn\n|\n|-heal|p1a: Manaphy|78\/100 brn|[from] item: Leftovers\n|-damage|p2a: Skeledirge|61\/100 psn|[from] psn\n|-damage|p1a: Manaphy|72\/100 brn|[from] brn\n|upkeep\n|turn|27\n|\n|t:|1700422348\n|-terastallize|p2a: Skeledirge|Fairy\n|move|p1a: Manaphy|Energy Ball|p2a: Skeledirge\n|-damage|p2a: Skeledirge|32\/100 psn\n|move|p2a: Skeledirge|Hex|p1a: Manaphy\n|-damage|p1a: Manaphy|21\/100 brn\n|\n|-heal|p1a: Manaphy|27\/100 brn|[from] item: Leftovers\n|-damage|p2a: Skeledirge|20\/100 psn|[from] psn\n|-damage|p1a: Manaphy|21\/100 brn|[from] brn\n|upkeep\n|turn|28\n|c|\u2606VolcaCono|should have just played covert cloak\n|inactive|2HBlooby has 120 seconds left.\n|\n|t:|1700422386\n|move|p1a: Manaphy|Energy Ball|p2a: Skeledirge\n|-crit|p2a: Skeledirge\n|-damage|p2a: Skeledirge|0 fnt\n|faint|p2a: Skeledirge\n|\n|-heal|p1a: Manaphy|27\/100 brn|[from] item: Leftovers\n|-damage|p1a: Manaphy|21\/100 brn|[from] brn\n|upkeep\n|\n|t:|1700422389\n|switch|p2a: Ogerpon|Ogerpon-Wellspring, F|45\/100\n|-damage|p2a: Ogerpon|32\/100|[from] Stealth Rock\n|turn|29\n|\n|t:|1700422405\n|move|p2a: Ogerpon|Ivy Cudgel|p1a: Manaphy\n|-resisted|p1a: Manaphy\n|-damage|p1a: Manaphy|0 fnt\n|faint|p1a: Manaphy\n|\n|upkeep\n|inactive|VolcaCono has 120 seconds left.\n|\n|t:|1700422433\n|switch|p1a: Fred|Kingambit, F|100\/100\n|-damage|p1a: Fred|94\/100|[from] Stealth Rock\n|-damage|p1a: Fred|78\/100|[from] Spikes\n|-activate|p1a: Fred|ability: Supreme Overlord\n|-start|p1a: Fred|fallen1|[silent]\n|turn|30\n|inactive|VolcaCono has 120 seconds left.\n|inactive|2HBlooby has 120 seconds left.\n|\n|t:|1700422448\n|switch|p2a: Gliscor|Gliscor, F|59\/100 tox\n|-damage|p2a: Gliscor|47\/100 tox|[from] Stealth Rock\n|move|p1a: Fred|Kowtow Cleave|p2a: Gliscor\n|-damage|p2a: Gliscor|9\/100 tox\n|\n|-heal|p1a: Fred|84\/100|[from] item: Leftovers\n|-heal|p2a: Gliscor|22\/100 tox|[from] ability: Poison Heal\n|upkeep\n|turn|31\n|inactive|2HBlooby has 120 seconds left.\n|\n|t:|1700422458\n|move|p2a: Gliscor|Protect|p2a: Gliscor\n|-singleturn|p2a: Gliscor|Protect\n|move|p1a: Fred|Kowtow Cleave|p2a: Gliscor\n|-activate|p2a: Gliscor|move: Protect\n|\n|-heal|p1a: Fred|90\/100|[from] item: Leftovers\n|-heal|p2a: Gliscor|34\/100 tox|[from] ability: Poison Heal\n|upkeep\n|turn|32\n|\n|t:|1700422466\n|move|p2a: Gliscor|Spikes|p1a: Fred\n|-sidestart|p1: VolcaCono|Spikes\n|move|p1a: Fred|Kowtow Cleave|p2a: Gliscor\n|-damage|p2a: Gliscor|0 fnt\n|faint|p2a: Gliscor\n|\n|-heal|p1a: Fred|96\/100|[from] item: Leftovers\n|upkeep\n|\n|t:|1700422470\n|switch|p2a: Weavile|Weavile, F|60\/100 slp\n|-ability|p2a: Weavile|Pressure\n|turn|33\n|\n|t:|1700422478\n|-curestatus|p2a: Weavile|slp|[msg]\n|move|p2a: Weavile|Low Kick|p1a: Fred\n|-supereffective|p1a: Fred\n|-damage|p1a: Fred|0 fnt\n|faint|p1a: Fred\n|-end|p1a: Fred|fallen1|[silent]\n|\n|upkeep\n|\n|t:|1700422487\n|switch|p1a: Jeremie|Pelipper, F|38\/100\n|-damage|p1a: Jeremie|14\/100|[from] Stealth Rock\n|-weather|RainDance|[from] ability: Drizzle|[of] p1a: Jeremie\n|turn|34\n|inactive|2HBlooby has 150 seconds left.\n|\n|t:|1700422495\n|move|p2a: Weavile|Knock Off|p1a: Jeremie\n|-damage|p1a: Jeremie|0 fnt\n|-enditem|p1a: Jeremie|Damp Rock|[from] move: Knock Off|[of] p2a: Weavile\n|faint|p1a: Jeremie\n|\n|-weather|RainDance|[upkeep]\n|upkeep\n|inactive|VolcaCono has 150 seconds left.\n|\n|t:|1700422505\n|switch|p1a: Basculegion|Basculegion, M|100\/100\n|-damage|p1a: Basculegion|88\/100|[from] Stealth Rock\n|-damage|p1a: Basculegion|63\/100|[from] Spikes\n|turn|35\n|inactive|VolcaCono has 150 seconds left.\n|inactive|2HBlooby has 150 seconds left.\n|inactive|VolcaCono has 120 seconds left.\n|inactive|2HBlooby has 120 seconds left.\n|\n|t:|1700422568\n|switch|p2a: Ogerpon|Ogerpon-Wellspring, F|32\/100\n|-damage|p2a: Ogerpon|20\/100|[from] Stealth Rock\n|move|p1a: Basculegion|Ice Fang|p2a: Ogerpon\n|-damage|p2a: Ogerpon|0 fnt\n|faint|p2a: Ogerpon\n|\n|-weather|RainDance|[upkeep]\n|upkeep\n|\n|t:|1700422570\n|switch|p2a: Weavile|Weavile, F|60\/100\n|-ability|p2a: Weavile|Pressure\n|turn|36\n|inactive|VolcaCono has 120 seconds left.\n|\n|t:|1700422601\n|switch|p1a: Iron Treads|Iron Treads|63\/100\n|-damage|p1a: Iron Treads|60\/100|[from] Stealth Rock\n|-damage|p1a: Iron Treads|35\/100|[from] Spikes\n|move|p2a: Weavile|Knock Off|p1a: Iron Treads\n|-damage|p1a: Iron Treads|0 fnt\n|-enditem|p1a: Iron Treads|Leftovers|[from] move: Knock Off|[of] p2a: Weavile\n|faint|p1a: Iron Treads\n|-end|p1a: Iron Treads|Quark Drive|[silent]\n|\n|-weather|RainDance|[upkeep]\n|upkeep\n|\n|t:|1700422605\n|switch|p1a: Basculegion|Basculegion, M|63\/100\n|-damage|p1a: Basculegion|51\/100|[from] Stealth Rock\n|-damage|p1a: Basculegion|26\/100|[from] Spikes\n|turn|37\n|inactive|2HBlooby has 120 seconds left.\n|\n|t:|1700422619\n|move|p2a: Weavile|Ice Shard|p1a: Basculegion\n|-resisted|p1a: Basculegion\n|-damage|p1a: Basculegion|14\/100\n|move|p1a: Basculegion|Liquidation|p2a: Weavile\n|-damage|p2a: Weavile|0 fnt\n|faint|p2a: Weavile\n|\n|win|VolcaCono\n|c|\u26062HBlooby|gg.\n|c|\u2606VolcaCono|gg\n|c|\u2606VolcaCono|gg\n","uploadtime":1700422620,"views":12,"p1id":"volcacono","p2id":"2hblooby","formatid":"gen9ubers","rating":0,"private":0,"password":""}