{"id":"smogtours-gen9ubers-731079","p1":"Ryuji & Dunoks","p2":"Xizaaantuz","format":"[Gen 9] Ubers","log":"|inactive|Battle timer is ON: inactive players will automatically lose when time's up.\n|t:|1700316592\n|gametype|singles\n|player|p1|Ryuji & Dunoks|lucas|\n|player|p2|Xizaaantuz|#splxiiscooters|\n|teamsize|p1|6\n|teamsize|p2|6\n|gen|9\n|tier|[Gen 9] Ubers\n|rule|Sleep Clause Mod: Limit one foe put to sleep\n|rule|Species Clause: Limit one of each Pok\u00e9mon\n|rule|OHKO Clause: OHKO moves are banned\n|rule|Evasion Items Clause: Evasion items are banned\n|rule|Evasion Moves Clause: Evasion moves are banned\n|rule|Endless Battle Clause: Forcing endless battles is banned\n|rule|HP Percentage Mod: HP is shown in percentages\n|clearpoke\n|poke|p1|Gliscor, F|\n|poke|p1|Clefable, F|\n|poke|p1|Meowscarada, F|\n|poke|p1|Dragonite, F|\n|poke|p1|Gholdengo|\n|poke|p1|Volcanion|\n|poke|p2|Walking Wake|\n|poke|p2|Zamazenta-*|\n|poke|p2|Iron Moth|\n|poke|p2|Kingambit, F|\n|poke|p2|Dragonite, M|\n|poke|p2|Great Tusk|\n|teampreview\n|inactive|Xizaaantuz also wants the timer to be on.\n|c|\u2606Xizaaantuz|hf\n|c|\u2606Ryuji & Dunoks|hf\n|inactive|Xizaaantuz has 270 seconds left.\n|inactive|Xizaaantuz has 240 seconds left.\n|inactive|Xizaaantuz has 210 seconds left.\n|\n|t:|1700316690\n|start\n|switch|p1a: Gliscor|Gliscor, F|100\/100\n|switch|p2a: sono|Iron Moth|100\/100\n|-enditem|p2a: sono|Booster Energy\n|-activate|p2a: sono|ability: Quark Drive|[fromitem]\n|-start|p2a: sono|quarkdrivespe\n|turn|1\n|\n|t:|1700316697\n|-end|p2a: sono|Quark Drive|[silent]\n|switch|p2a: come te|Great Tusk|100\/100\n|-enditem|p2a: come te|Booster Energy\n|-activate|p2a: come te|ability: Protosynthesis|[fromitem]\n|-start|p2a: come te|protosynthesisatk\n|move|p1a: Gliscor|Earthquake|p2a: come te\n|-damage|p2a: come te|77\/100\n|\n|-status|p1a: Gliscor|tox|[from] item: Toxic Orb\n|upkeep\n|turn|2\n|\n|t:|1700316709\n|switch|p1a: Clefable|Clefable, F|100\/100\n|move|p2a: come te|Headlong Rush|p1a: Clefable\n|-damage|p1a: Clefable|33\/100\n|-unboost|p2a: come te|def|1\n|-unboost|p2a: come te|spd|1\n|\n|-damage|p2a: come te|64\/100|[from] item: Sticky Barb\n|upkeep\n|turn|3\n|\n|t:|1700316720\n|move|p2a: come te|Close Combat|p1a: Clefable\n|-resisted|p1a: Clefable\n|-crit|p1a: Clefable\n|-damage|p1a: Clefable|0 fnt\n|-unboost|p2a: come te|def|1\n|-unboost|p2a: come te|spd|1\n|faint|p1a: Clefable\n|\n|-damage|p2a: come te|52\/100|[from] item: Sticky Barb\n|upkeep\n|\n|t:|1700316725\n|switch|p1a: Meowscarada|Meowscarada, F|100\/100\n|turn|4\n|\n|t:|1700316731\n|-end|p2a: come te|Protosynthesis|[silent]\n|switch|p2a: sono|Iron Moth|100\/100\n|move|p1a: Meowscarada|Flower Trick|p2a: sono\n|-resisted|p2a: sono\n|-crit|p2a: sono\n|-damage|p2a: sono|82\/100\n|\n|upkeep\n|turn|5\n|\n|t:|1700316735\n|move|p1a: Meowscarada|U-turn|p2a: sono\n|-resisted|p2a: sono\n|-damage|p2a: sono|74\/100\n|\n|t:|1700316738\n|switch|p1a: Gliscor|Gliscor, F|100\/100 tox|[from] U-turn\n|move|p2a: sono|Fiery Dance|p1a: Gliscor\n|-damage|p1a: Gliscor|64\/100 tox\n|\n|-heal|p1a: Gliscor|77\/100 tox|[from] ability: Poison Heal\n|upkeep\n|turn|6\n|c|+Inder|#teamxizou\n|\n|t:|1700316744\n|-end|p2a: sono|Quark Drive|[silent]\n|switch|p2a: come te|Great Tusk|52\/100\n|move|p1a: Gliscor|Earthquake|p2a: come te\n|-damage|p2a: come te|27\/100\n|\n|-heal|p1a: Gliscor|89\/100 tox|[from] ability: Poison Heal\n|-damage|p2a: come te|15\/100|[from] item: Sticky Barb\n|upkeep\n|turn|7\n|\n|t:|1700316749\n|switch|p1a: Gholdengo|Gholdengo|100\/100\n|-item|p1a: Gholdengo|Air Balloon\n|move|p2a: come te|Stealth Rock|p1a: Gholdengo\n|-sidestart|p1: Ryuji & Dunoks|move: Stealth Rock\n|\n|-damage|p2a: come te|2\/100|[from] item: Sticky Barb\n|upkeep\n|turn|8\n|\n|t:|1700316757\n|-end|p2a: come te|Protosynthesis|[silent]\n|switch|p2a: sono|Iron Moth|74\/100\n|move|p1a: Gholdengo|Recover||[still]\n|-fail|p1a: Gholdengo|heal\n|\n|upkeep\n|turn|9\n|\n|t:|1700316768\n|switch|p1a: Volcanion|Volcanion|100\/100\n|move|p2a: sono|Fiery Dance|p1a: Volcanion\n|-resisted|p1a: Volcanion\n|-damage|p1a: Volcanion|89\/100\n|-boost|p2a: sono|spa|1\n|\n|upkeep\n|turn|10\n|\n|t:|1700316773\n|move|p2a: sono|Sludge Wave|p1a: Volcanion\n|-damage|p1a: Volcanion|9\/100\n|move|p1a: Volcanion|Steam Eruption|p2a: sono\n|-supereffective|p2a: sono\n|-crit|p2a: sono\n|-damage|p2a: sono|0 fnt\n|faint|p2a: sono\n|-end|p2a: sono|Quark Drive|[silent]\n|\n|upkeep\n|\n|t:|1700316783\n|switch|p2a: cretino|Dragonite, M|100\/100\n|turn|11\n|inactive|Xizaaantuz has 270 seconds left.\n|\n|t:|1700316833\n|move|p2a: cretino|Extreme Speed|p1a: Volcanion\n|-damage|p1a: Volcanion|0 fnt\n|faint|p1a: Volcanion\n|\n|upkeep\n|inactive|Ryuji & Dunoks has 270 seconds left.\n|\n|t:|1700316850\n|switch|p1a: Gliscor|Gliscor, F|89\/100 tox\n|-damage|p1a: Gliscor|77\/100 tox|[from] Stealth Rock\n|turn|12\n|c|+RiyadLand|Tricking est trop fort \n|inactive|Ryuji & Dunoks has 270 seconds left.\n|c|+RiyadLand|C\u2019est du jamais vu \n|\n|t:|1700316867\n|move|p2a: cretino|Ice Spinner|p1a: Gliscor\n|-supereffective|p1a: Gliscor\n|-damage|p1a: Gliscor|0 fnt\n|faint|p1a: Gliscor\n|\n|upkeep\n|\n|t:|1700316872\n|switch|p1a: Gholdengo|Gholdengo|100\/100\n|-damage|p1a: Gholdengo|94\/100|[from] Stealth Rock\n|-item|p1a: Gholdengo|Air Balloon\n|turn|13\n|c|+Inder|c xizou qui carry\n|\n|t:|1700316881\n|switch|p2a: cojone|Kingambit, F|100\/100\n|-activate|p2a: cojone|ability: Supreme Overlord\n|-start|p2a: cojone|fallen1|[silent]\n|move|p1a: Gholdengo|Nasty Plot|p1a: Gholdengo\n|-boost|p1a: Gholdengo|spa|2\n|\n|upkeep\n|turn|14\n|c|+RiyadLand|Naaan il click m\u00eame pas \ud83d\ude02\n|\n|t:|1700316891\n|switch|p1a: Dragonite|Dragonite, F|100\/100\n|move|p2a: cojone|Sucker Punch||[still]\n|-fail|p2a: cojone\n|\n|upkeep\n|turn|15\n|\n|t:|1700316906\n|move|p1a: Dragonite|Dragon Dance|p1a: Dragonite\n|-boost|p1a: Dragonite|atk|1\n|-boost|p1a: Dragonite|spe|1\n|move|p2a: cojone|Kowtow Cleave|p1a: Dragonite\n|-damage|p1a: Dragonite|66\/100\n|\n|upkeep\n|turn|16\n|\n|t:|1700316925\n|-terastallize|p2a: cojone|Dark\n|move|p1a: Dragonite|Roost|p1a: Dragonite\n|-heal|p1a: Dragonite|100\/100\n|-singleturn|p1a: Dragonite|move: Roost\n|move|p2a: cojone|Kowtow Cleave|p1a: Dragonite\n|-damage|p1a: Dragonite|54\/100\n|\n|upkeep\n|turn|17\n|inactive|Xizaaantuz has 270 seconds left.\n|c|+umberto_test|viens voc riyad\n|inactive|Xizaaantuz has 240 seconds left.\n|\n|t:|1700317013\n|move|p1a: Dragonite|Extreme Speed|p2a: cojone\n|-damage|p2a: cojone|64\/100\n|move|p2a: cojone|Kowtow Cleave|p1a: Dragonite\n|-damage|p1a: Dragonite|0 fnt\n|faint|p1a: Dragonite\n|\n|upkeep\n|inactive|Ryuji & Dunoks has 270 seconds left.\n|\n|t:|1700317058\n|switch|p1a: Meowscarada|Meowscarada, F|100\/100\n|turn|18\n|\n|t:|1700317066\n|-end|p2a: cojone|fallen1|[silent]\n|switch|p2a: come te|Great Tusk|2\/100\n|move|p1a: Meowscarada|Flower Trick|p2a: come te\n|-supereffective|p2a: come te\n|-crit|p2a: come te\n|-damage|p2a: come te|0 fnt\n|faint|p2a: come te\n|-end|p2a: come te|Protosynthesis|[silent]\n|\n|upkeep\n|\n|t:|1700317070\n|switch|p2a: cretino|Dragonite, M|100\/100\n|turn|19\n|\n|t:|1700317077\n|move|p1a: Meowscarada|Knock Off|p2a: cretino\n|-damage|p2a: cretino|76\/100\n|-enditem|p2a: cretino|Heavy-Duty Boots|[from] move: Knock Off|[of] p1a: Meowscarada\n|move|p2a: cretino|Ice Spinner|p1a: Meowscarada\n|-supereffective|p1a: Meowscarada\n|-damage|p1a: Meowscarada|4\/100\n|\n|upkeep\n|turn|20\n|\n|t:|1700317081\n|switch|p1a: Gholdengo|Gholdengo|94\/100\n|-damage|p1a: Gholdengo|88\/100|[from] Stealth Rock\n|-item|p1a: Gholdengo|Air Balloon\n|move|p2a: cretino|Dragon Dance|p2a: cretino\n|-boost|p2a: cretino|atk|1\n|-boost|p2a: cretino|spe|1\n|\n|upkeep\n|turn|21\n|\n|t:|1700317086\n|move|p2a: cretino|Ice Spinner|p1a: Gholdengo\n|-resisted|p1a: Gholdengo\n|-damage|p1a: Gholdengo|73\/100\n|-enditem|p1a: Gholdengo|Air Balloon\n|move|p1a: Gholdengo|Make It Rain|p2a: cretino\n|-damage|p2a: cretino|24\/100\n|-unboost|p1a: Gholdengo|spa|1\n|\n|upkeep\n|turn|22\n|\n|t:|1700317090\n|-terastallize|p1a: Gholdengo|Dark\n|move|p2a: cretino|Earthquake|p1a: Gholdengo\n|-damage|p1a: Gholdengo|29\/100\n|move|p1a: Gholdengo|Recover|p1a: Gholdengo\n|-heal|p1a: Gholdengo|79\/100\n|\n|upkeep\n|turn|23\n|c|\u2606Ryuji & Dunoks|ggs\n|-message|Ryuji & Dunoks forfeited.\n|\n|win|Xizaaantuz\n|c|\u2606Xizaaantuz|ggs\n|c|\u2606Xizaaantuz|ggs\n","uploadtime":1700317095,"views":70,"p1id":"ryujidunoks","p2id":"xizaaantuz","formatid":"gen9ubers","rating":0,"private":0,"password":""}