{"id":"smogtours-gen9ubers-728226","p1":"clean","p2":"JustFranco\u203d","format":"[Gen 9] Ubers","log":"|inactive|Battle timer is ON: inactive players will automatically lose when time's up.\n|t:|1698962312\n|gametype|singles\n|player|p1|clean|#splxivcryonicles2|\n|player|p2|JustFranco\u203d|#scl3machines2|\n|teamsize|p1|6\n|teamsize|p2|6\n|gen|9\n|tier|[Gen 9] Ubers\n|rule|Sleep Clause Mod: Limit one foe put to sleep\n|rule|Species Clause: Limit one of each Pok\u00e9mon\n|rule|OHKO Clause: OHKO moves are banned\n|rule|Evasion Items Clause: Evasion items are banned\n|rule|Evasion Moves Clause: Evasion moves are banned\n|rule|Endless Battle Clause: Forcing endless battles is banned\n|rule|HP Percentage Mod: HP is shown in percentages\n|clearpoke\n|poke|p1|Manaphy|\n|poke|p1|Dragonite, F|\n|poke|p1|Iron Valiant|\n|poke|p1|Great Tusk|\n|poke|p1|Roaring Moon|\n|poke|p1|Glimmora, M|\n|poke|p2|Cinderace, F|\n|poke|p2|Great Tusk|\n|poke|p2|Enamorus, F|\n|poke|p2|Kingambit, M|\n|poke|p2|Amoonguss, F|\n|poke|p2|Garganacl, F|\n|teampreview\n|inactive|clean also wants the timer to be on.\n|inactive|JustFranco\u203d also wants the timer to be on.\n|c|\u2606JustFranco\u203d|hf\n|c|\u2606clean|hf\n|inactive|clean has 270 seconds left.\n|inactive|JustFranco\u203d has 270 seconds left.\n|\n|t:|1698962367\n|start\n|switch|p1a: GREAT DAYS|Glimmora, M|100\/100\n|switch|p2a: Amoonguss|Amoonguss, F|100\/100\n|turn|1\n|c|+Tarre25|VAMOS FRANCO\n|inactive|clean has 270 seconds left.\n|\n|t:|1698962404\n|move|p1a: GREAT DAYS|Stealth Rock|p2a: Amoonguss\n|-sidestart|p2: JustFranco\u203d|move: Stealth Rock\n|move|p2a: Amoonguss|Spore|p1a: GREAT DAYS\n|-status|p1a: GREAT DAYS|slp|[from] move: Spore\n|\n|upkeep\n|turn|2\n|inactive|clean has 270 seconds left.\n|c|+Enzonana|VAMOS FRANQUISSSS\n|inactive|JustFranco\u203d has 270 seconds left.\n|inactive|JustFranco\u203d has 240 seconds left.\n|\n|t:|1698962473\n|switch|p2a: Kingambit|Kingambit, M|100\/100\n|-damage|p2a: Kingambit|94\/100|[from] Stealth Rock\n|cant|p1a: GREAT DAYS|slp\n|\n|-heal|p2a: Kingambit|100\/100|[from] item: Leftovers\n|upkeep\n|turn|3\n|inactive|clean has 270 seconds left.\n|\n|t:|1698962485\n|-curestatus|p1a: GREAT DAYS|slp|[msg]\n|move|p1a: GREAT DAYS|Earth Power|p2a: Kingambit\n|-supereffective|p2a: Kingambit\n|-damage|p2a: Kingambit|38\/100\n|move|p2a: Kingambit|Iron Head|p1a: GREAT DAYS\n|-supereffective|p1a: GREAT DAYS\n|-enditem|p1a: GREAT DAYS|Focus Sash\n|-damage|p1a: GREAT DAYS|1\/100\n|-activate|p1a: GREAT DAYS|ability: Toxic Debris\n|-sidestart|p2: JustFranco\u203d|move: Toxic Spikes\n|\n|-heal|p2a: Kingambit|44\/100|[from] item: Leftovers\n|upkeep\n|turn|4\n|inactive|clean has 270 seconds left.\n|inactive|JustFranco\u203d has 240 seconds left.\n|\n|t:|1698962501\n|move|p2a: Kingambit|Sucker Punch||[still]\n|-fail|p2a: Kingambit\n|move|p1a: GREAT DAYS|Memento|p2a: Kingambit\n|-unboost|p2a: Kingambit|atk|2\n|-unboost|p2a: Kingambit|spa|2\n|faint|p1a: GREAT DAYS\n|\n|-heal|p2a: Kingambit|50\/100|[from] item: Leftovers\n|upkeep\n|inactive|clean has 270 seconds left.\n|inactive|clean has 240 seconds left.\n|\n|t:|1698962539\n|switch|p1a: DAYLIGHT|Manaphy|100\/100\n|turn|5\n|inactive|JustFranco\u203d has 240 seconds left.\n|\n|t:|1698962555\n|-end|p2a: Kingambit|fallenundefined|[silent]\n|switch|p2a: Cinderace|Cinderace, F|100\/100\n|move|p1a: DAYLIGHT|Tail Glow|p1a: DAYLIGHT\n|-boost|p1a: DAYLIGHT|spa|3\n|\n|upkeep\n|turn|6\n|\n|t:|1698962560\n|move|p2a: Cinderace|Court Change|p2a: Cinderace\n|-start|p2a: Cinderace|typechange|Normal|[from] ability: Libero\n|-swapsideconditions\n|-activate|p2a: Cinderace|move: Court Change\n|move|p1a: DAYLIGHT|Scald|p2a: Cinderace\n|-damage|p2a: Cinderace|0 fnt\n|faint|p2a: Cinderace\n|\n|upkeep\n|inactive|JustFranco\u203d has 240 seconds left.\n|inactive|JustFranco\u203d has 210 seconds left.\n|c|+Sahki|perdemos\n|inactive|JustFranco\u203d has 180 seconds left.\n|\n|t:|1698962659\n|switch|p2a: Garganacl|Garganacl, F|100\/100\n|turn|7\n|\n|t:|1698962664\n|-terastallize|p2a: Garganacl|Electric\n|move|p1a: DAYLIGHT|Energy Ball|p2a: Garganacl\n|-damage|p2a: Garganacl|58\/100\n|move|p2a: Garganacl|Salt Cure|p1a: DAYLIGHT\n|-damage|p1a: DAYLIGHT|87\/100\n|-start|p1a: DAYLIGHT|Salt Cure\n|\n|-heal|p2a: Garganacl|65\/100|[from] item: Leftovers\n|-damage|p1a: DAYLIGHT|62\/100|[from] Salt Cure\n|upkeep\n|turn|8\n|\n|t:|1698962674\n|switch|p2a: Amoonguss|Amoonguss, F|100\/100\n|move|p1a: DAYLIGHT|Scald|p2a: Amoonguss\n|-resisted|p2a: Amoonguss\n|-damage|p2a: Amoonguss|62\/100\n|-status|p2a: Amoonguss|brn\n|\n|-damage|p2a: Amoonguss|55\/100 brn|[from] brn\n|-damage|p1a: DAYLIGHT|38\/100|[from] Salt Cure\n|upkeep\n|turn|9\n|\n|t:|1698962691\n|switch|p2a: Garganacl|Garganacl, F, tera:Electric|65\/100\n|move|p1a: DAYLIGHT|Ice Beam|p2a: Garganacl\n|-damage|p2a: Garganacl|18\/100\n|\n|-heal|p2a: Garganacl|24\/100|[from] item: Leftovers\n|-damage|p1a: DAYLIGHT|13\/100|[from] Salt Cure\n|upkeep\n|turn|10\n|-enditem|p1a: DAYLIGHT|Custap Berry|[eat]\n|-activate|p1a: DAYLIGHT|item: Custap Berry|[consumed]\n|\n|t:|1698962697\n|move|p1a: DAYLIGHT|Ice Beam|p2a: Garganacl\n|-damage|p2a: Garganacl|0 fnt\n|faint|p2a: Garganacl\n|\n|-damage|p1a: DAYLIGHT|0 fnt|[from] Salt Cure\n|faint|p1a: DAYLIGHT\n|upkeep\n|inactive|JustFranco\u203d has 150 seconds left.\n|inactive|clean has 270 seconds left.\n|\n|t:|1698962750\n|switch|p1a: DYING WISH|Great Tusk|100\/100\n|switch|p2a: Enamorus|Enamorus, F|100\/100\n|-damage|p1a: DYING WISH|97\/100|[from] Stealth Rock\n|-status|p1a: DYING WISH|psn\n|-enditem|p1a: DYING WISH|Booster Energy\n|-activate|p1a: DYING WISH|ability: Protosynthesis|[fromitem]\n|-start|p1a: DYING WISH|protosynthesisspe\n|turn|11\n|inactive|JustFranco\u203d has 120 seconds left.\n|\n|t:|1698962793\n|-terastallize|p1a: DYING WISH|Poison\n|move|p1a: DYING WISH|Rapid Spin|p2a: Enamorus\n|-damage|p2a: Enamorus|77\/100\n|-boost|p1a: DYING WISH|spe|1\n|-sideend|p1: clean|Toxic Spikes|[from] move: Rapid Spin|[of] p1a: DYING WISH\n|-sideend|p1: clean|Stealth Rock|[from] move: Rapid Spin|[of] p1a: DYING WISH\n|move|p2a: Enamorus|Moonblast|p1a: DYING WISH\n|-resisted|p1a: DYING WISH\n|-damage|p1a: DYING WISH|39\/100 psn\n|\n|-damage|p1a: DYING WISH|27\/100 psn|[from] psn\n|upkeep\n|turn|12\n|inactive|JustFranco\u203d has 90 seconds left.\n|inactive|JustFranco\u203d has 60 seconds left.\n|\n|t:|1698962850\n|switch|p2a: Kingambit|Kingambit, M|50\/100\n|-activate|p2a: Kingambit|ability: Supreme Overlord\n|-start|p2a: Kingambit|fallen2|[silent]\n|move|p1a: DYING WISH|Ice Spinner|p2a: Kingambit\n|-resisted|p2a: Kingambit\n|-damage|p2a: Kingambit|41\/100\n|\n|-heal|p2a: Kingambit|47\/100|[from] item: Leftovers\n|-damage|p1a: DYING WISH|14\/100 psn|[from] psn\n|upkeep\n|turn|13\n|inactive|JustFranco\u203d has 60 seconds left.\n|\n|t:|1698962861\n|-end|p1a: DYING WISH|Protosynthesis|[silent]\n|switch|p1a: MAYDAY|Dragonite, F|100\/100\n|move|p2a: Kingambit|Sucker Punch||[still]\n|-fail|p2a: Kingambit\n|\n|-heal|p2a: Kingambit|53\/100|[from] item: Leftovers\n|upkeep\n|turn|14\n|inactive|JustFranco\u203d has 60 seconds left.\n|\n|t:|1698962898\n|-end|p2a: Kingambit|fallen2|[silent]\n|switch|p2a: Enamorus|Enamorus, F|77\/100\n|move|p1a: MAYDAY|Dragon Dance|p1a: MAYDAY\n|-boost|p1a: MAYDAY|atk|1\n|-boost|p1a: MAYDAY|spe|1\n|\n|upkeep\n|turn|15\n|\n|t:|1698962923\n|move|p1a: MAYDAY|Extreme Speed|p2a: Enamorus\n|-damage|p2a: Enamorus|0 fnt\n|faint|p2a: Enamorus\n|\n|upkeep\n|inactive|JustFranco\u203d has 30 seconds left.\n|inactive|JustFranco\u203d has 20 seconds left.\n|\n|t:|1698962954\n|switch|p2a: Great Tusk|Great Tusk|100\/100\n|turn|16\n|inactive|JustFranco\u203d has 30 seconds left this turn.\n|\n|t:|1698962973\n|move|p1a: MAYDAY|Dragon Claw|p2a: Great Tusk\n|-damage|p2a: Great Tusk|64\/100\n|move|p2a: Great Tusk|Ice Spinner|p1a: MAYDAY\n|-supereffective|p1a: MAYDAY\n|-damage|p1a: MAYDAY|52\/100\n|\n|-heal|p2a: Great Tusk|70\/100|[from] item: Leftovers\n|upkeep\n|turn|17\n|inactive|JustFranco\u203d has 30 seconds left.\n|\n|t:|1698962980\n|move|p1a: MAYDAY|Dragon Claw|p2a: Great Tusk\n|-damage|p2a: Great Tusk|34\/100\n|move|p2a: Great Tusk|Ice Spinner|p1a: MAYDAY\n|-supereffective|p1a: MAYDAY\n|-damage|p1a: MAYDAY|0 fnt\n|faint|p1a: MAYDAY\n|\n|-heal|p2a: Great Tusk|40\/100|[from] item: Leftovers\n|upkeep\n|\n|t:|1698962990\n|switch|p1a: BROKEN YOUTH|Roaring Moon|100\/100\n|-enditem|p1a: BROKEN YOUTH|Booster Energy\n|-activate|p1a: BROKEN YOUTH|ability: Protosynthesis|[fromitem]\n|-start|p1a: BROKEN YOUTH|protosynthesisatk\n|turn|18\n|\n|t:|1698963005\n|move|p1a: BROKEN YOUTH|Acrobatics|p2a: Great Tusk\n|-supereffective|p2a: Great Tusk\n|-damage|p2a: Great Tusk|0 fnt\n|faint|p2a: Great Tusk\n|-end|p2a: Great Tusk|Protosynthesis|[silent]\n|\n|upkeep\n|\n|t:|1698963007\n|switch|p2a: Kingambit|Kingambit, M|53\/100\n|-activate|p2a: Kingambit|ability: Supreme Overlord\n|-start|p2a: Kingambit|fallen4|[silent]\n|turn|19\n|\n|t:|1698963028\n|-end|p1a: BROKEN YOUTH|Protosynthesis|[silent]\n|switch|p1a: DYING WISH|Great Tusk, tera:Poison|14\/100 psn\n|move|p2a: Kingambit|Iron Head|p1a: DYING WISH\n|-damage|p1a: DYING WISH|0 fnt\n|faint|p1a: DYING WISH\n|-end|p1a: DYING WISH|Protosynthesis|[silent]\n|\n|-heal|p2a: Kingambit|59\/100|[from] item: Leftovers\n|upkeep\n|\n|t:|1698963031\n|switch|p1a: SHADOW AND TRUTH|Iron Valiant|100\/100\n|-enditem|p1a: SHADOW AND TRUTH|Booster Energy\n|-activate|p1a: SHADOW AND TRUTH|ability: Quark Drive|[fromitem]\n|-start|p1a: SHADOW AND TRUTH|quarkdrivespe\n|turn|20\n|\n|t:|1698963044\n|-end|p2a: Kingambit|fallen4|[silent]\n|switch|p2a: Amoonguss|Amoonguss, F|89\/100 brn\n|move|p1a: SHADOW AND TRUTH|Moonblast|p2a: Amoonguss\n|-resisted|p2a: Amoonguss\n|-damage|p2a: Amoonguss|67\/100 brn\n|-unboost|p2a: Amoonguss|spa|1\n|\n|-damage|p2a: Amoonguss|61\/100 brn|[from] brn\n|upkeep\n|turn|21\n|inactive|JustFranco\u203d has 60 seconds left.\n|inactive|clean has 240 seconds left.\n|inactive|clean has 210 seconds left.\n|inactive|clean has 180 seconds left.\n|\n|t:|1698963147\n|move|p1a: SHADOW AND TRUTH|Calm Mind|p1a: SHADOW AND TRUTH\n|-boost|p1a: SHADOW AND TRUTH|spa|1\n|-boost|p1a: SHADOW AND TRUTH|spd|1\n|move|p2a: Amoonguss|Spore|p1a: SHADOW AND TRUTH\n|-status|p1a: SHADOW AND TRUTH|slp|[from] move: Spore\n|\n|-damage|p2a: Amoonguss|55\/100 brn|[from] brn\n|upkeep\n|turn|22\n|inactive|JustFranco\u203d has 60 seconds left.\n|inactive|JustFranco\u203d has 30 seconds left.\n|inactive|JustFranco\u203d has 20 seconds left.\n|\n|t:|1698963194\n|cant|p1a: SHADOW AND TRUTH|slp\n|move|p2a: Amoonguss|Sludge Bomb|p1a: SHADOW AND TRUTH\n|-supereffective|p1a: SHADOW AND TRUTH\n|-damage|p1a: SHADOW AND TRUTH|58\/100 slp\n|\n|-damage|p2a: Amoonguss|49\/100 brn|[from] brn\n|upkeep\n|turn|23\n|inactive|JustFranco\u203d has 30 seconds left this turn.\n|inactive|clean has 150 seconds left.\n|c|+Fakee|!dice 100\n|c|+Fakee|\/raw <div class=\"infobox\">Rolling (1 to 100): 56<\/div>\n|c|\u2606JustFranco\u203d|nooo\n|c|\u2606JustFranco\u203d|perdi\n|c|\u2606JustFranco\u203d|maldicion fake\n|c|+Fakee|felicidades HV, no por Dybala, sino por sus jugadores que han carreado este team\n|inactive|clean has 120 seconds left.\n|\n|t:|1698963255\n|-curestatus|p1a: SHADOW AND TRUTH|slp|[msg]\n|move|p1a: SHADOW AND TRUTH|Focus Blast|p2a: Amoonguss\n|-resisted|p2a: Amoonguss\n|-damage|p2a: Amoonguss|9\/100 brn\n|move|p2a: Amoonguss|Sludge Bomb|p1a: SHADOW AND TRUTH\n|-supereffective|p1a: SHADOW AND TRUTH\n|-damage|p1a: SHADOW AND TRUTH|18\/100\n|-status|p1a: SHADOW AND TRUTH|psn\n|\n|-damage|p1a: SHADOW AND TRUTH|6\/100 psn|[from] psn\n|-damage|p2a: Amoonguss|3\/100 brn|[from] brn\n|upkeep\n|turn|24\n|inactive|clean has 120 seconds left.\n|inactive|JustFranco\u203d has 30 seconds left.\n|c|+Scizor Boladao|tenemos game?\n|inactive|JustFranco\u203d has 20 seconds left.\n|\n|t:|1698963286\n|move|p1a: SHADOW AND TRUTH|Moonblast|p2a: Amoonguss\n|-resisted|p2a: Amoonguss\n|-damage|p2a: Amoonguss|0 fnt\n|faint|p2a: Amoonguss\n|\n|-damage|p1a: SHADOW AND TRUTH|0 fnt|[from] psn\n|faint|p1a: SHADOW AND TRUTH\n|-end|p1a: SHADOW AND TRUTH|Quark Drive|[silent]\n|upkeep\n|inactive|JustFranco\u203d has 30 seconds left this turn.\n|\n|t:|1698963288\n|switch|p1a: BROKEN YOUTH|Roaring Moon|100\/100\n|switch|p2a: Kingambit|Kingambit, M|59\/100\n|-activate|p2a: Kingambit|ability: Supreme Overlord\n|-start|p2a: Kingambit|fallen5|[silent]\n|turn|25\n|\n|t:|1698963291\n|move|p1a: BROKEN YOUTH|Knock Off|p2a: Kingambit\n|-resisted|p2a: Kingambit\n|-damage|p2a: Kingambit|39\/100\n|-enditem|p2a: Kingambit|Leftovers|[from] move: Knock Off|[of] p1a: BROKEN YOUTH\n|move|p2a: Kingambit|Iron Head|p1a: BROKEN YOUTH\n|-damage|p1a: BROKEN YOUTH|10\/100\n|\n|upkeep\n|turn|26\n|\n|t:|1698963297\n|move|p1a: BROKEN YOUTH|Acrobatics|p2a: Kingambit\n|-resisted|p2a: Kingambit\n|-damage|p2a: Kingambit|25\/100\n|move|p2a: Kingambit|Iron Head|p1a: BROKEN YOUTH\n|-damage|p1a: BROKEN YOUTH|0 fnt\n|faint|p1a: BROKEN YOUTH\n|-end|p1a: BROKEN YOUTH|Protosynthesis|[silent]\n|\n|win|JustFranco\u203d\n|c|+Fakee|felicidades enzonana\n|c|+Fakee|GOAT\n|c|+haxlolo|FGRANOCO\n|c|\u2606clean|gg\n|c|+haxlolo|CRA\n|c|\u2606JustFranco\u203d|gg\n|c|+haxlolo|FDOASNOKFNALJKWEFN\n|c|+haxlolo|FRANCOOOOOOOOO\n|c|+Enzonana|VASASKJBDASLKJDAS\n|c|+Enzonana|DFKJBASDFBJGASDJHF\n|c|+Enzonana|VAMOSSSS\n|c|+Luirromen|GRANDE FRANCO\n|c|+Vaictador|El goat\n","uploadtime":1698963298,"views":82,"p1id":"clean","p2id":"justfranco","formatid":"gen9ubers","rating":0,"private":0,"password":""}