{"id":"smogtours-gen9ubers-729085","p1":"SiTuM.","p2":"Highlord","format":"[Gen 9] Ubers","log":"|inactive|Battle timer is ON: inactive players will automatically lose when time's up.\n|t:|1699213955\n|gametype|singles\n|player|p1|SiTuM.|lucas|\n|player|p2|Highlord|#scl3foxes|\n|teamsize|p1|6\n|teamsize|p2|6\n|gen|9\n|tier|[Gen 9] Ubers\n|rule|Sleep Clause Mod: Limit one foe put to sleep\n|rule|Species Clause: Limit one of each Pok\u00e9mon\n|rule|OHKO Clause: OHKO moves are banned\n|rule|Evasion Items Clause: Evasion items are banned\n|rule|Evasion Moves Clause: Evasion moves are banned\n|rule|Endless Battle Clause: Forcing endless battles is banned\n|rule|HP Percentage Mod: HP is shown in percentages\n|clearpoke\n|poke|p1|Kyogre|\n|poke|p1|Arceus-Ground|\n|poke|p1|Eternatus|\n|poke|p1|Skeledirge, F|\n|poke|p1|Gliscor, M|\n|poke|p1|Zacian-*|\n|poke|p2|Zacian-*|\n|poke|p2|Koraidon|\n|poke|p2|Eternatus|\n|poke|p2|Arceus-Steel|\n|poke|p2|Gliscor, M|\n|poke|p2|Groudon|\n|teampreview\n|inactive|SiTuM. also wants the timer to be on.\n|inactive|SiTuM. has 270 seconds left.\n|inactive|Highlord has 270 seconds left.\n|raw|<div class=\"broadcast-red\"><strong>Moderated chat was set to \u2606!<\/strong><br \/>Only users of rank \u2606 and higher can talk.<\/div>\n|inactive|Highlord has 240 seconds left.\n|c|\u2606SiTuM.|have fun\n|inactive|Highlord has 210 seconds left.\n|\n|t:|1699214049\n|start\n|switch|p1a: Gliscor|Gliscor, M|100\/100\n|switch|p2a: Eternatus|Eternatus|100\/100\n|-ability|p2a: Eternatus|Pressure\n|turn|1\n|\n|t:|1699214057\n|switch|p2a: Gliscor|Gliscor, M|100\/100\n|move|p1a: Gliscor|Spikes|p2a: Gliscor\n|-sidestart|p2: Highlord|Spikes\n|\n|-status|p2a: Gliscor|tox|[from] item: Toxic Orb\n|-status|p1a: Gliscor|tox|[from] item: Toxic Orb\n|upkeep\n|turn|2\n|\n|t:|1699214061\n|switch|p1a: Kyogre|Kyogre|100\/100\n|-weather|RainDance|[from] ability: Drizzle|[of] p1a: Kyogre\n|move|p2a: Gliscor|Spikes|p1a: Kyogre\n|-sidestart|p1: SiTuM.|Spikes\n|\n|-weather|RainDance|[upkeep]\n|upkeep\n|turn|3\n|\n|t:|1699214069\n|switch|p2a: Eternatus|Eternatus|100\/100\n|-ability|p2a: Eternatus|Pressure\n|move|p1a: Kyogre|Ice Beam|p2a: Eternatus\n|-supereffective|p2a: Eternatus\n|-damage|p2a: Eternatus|56\/100\n|\n|-weather|RainDance|[upkeep]\n|upkeep\n|turn|4\n|\n|t:|1699214075\n|move|p2a: Eternatus|Recover|p2a: Eternatus\n|-heal|p2a: Eternatus|100\/100\n|move|p1a: Kyogre|Thunder|p2a: Eternatus\n|-resisted|p2a: Eternatus\n|-damage|p2a: Eternatus|87\/100\n|\n|-weather|RainDance|[upkeep]\n|upkeep\n|turn|5\n|\n|t:|1699214080\n|switch|p1a: Gliscor|Gliscor, M|100\/100 tox\n|move|p2a: Eternatus|Dynamax Cannon|p1a: Gliscor\n|-damage|p1a: Gliscor|62\/100 tox\n|\n|-weather|RainDance|[upkeep]\n|-heal|p1a: Gliscor|75\/100 tox|[from] ability: Poison Heal\n|upkeep\n|turn|6\n|\n|t:|1699214088\n|switch|p2a: Gliscor|Gliscor, M|100\/100 tox\n|move|p1a: Gliscor|Spikes|p2a: Gliscor\n|-sidestart|p2: Highlord|Spikes\n|\n|-weather|none\n|-heal|p1a: Gliscor|87\/100 tox|[from] ability: Poison Heal\n|upkeep\n|turn|7\n|\n|t:|1699214091\n|switch|p1a: Kyogre|Kyogre|100\/100\n|-weather|RainDance|[from] ability: Drizzle|[of] p1a: Kyogre\n|move|p2a: Gliscor|Spikes|p1a: Kyogre\n|-sidestart|p1: SiTuM.|Spikes\n|\n|-weather|RainDance|[upkeep]\n|upkeep\n|turn|8\n|\n|t:|1699214098\n|switch|p2a: Eternatus|Eternatus|87\/100\n|-ability|p2a: Eternatus|Pressure\n|move|p1a: Kyogre|Thunder|p2a: Eternatus\n|-resisted|p2a: Eternatus\n|-damage|p2a: Eternatus|73\/100\n|-status|p2a: Eternatus|par\n|\n|-weather|RainDance|[upkeep]\n|upkeep\n|turn|9\n|\n|t:|1699214116\n|move|p1a: Kyogre|Ice Beam|p2a: Eternatus\n|-supereffective|p2a: Eternatus\n|-damage|p2a: Eternatus|32\/100 par\n|move|p2a: Eternatus|Recover|p2a: Eternatus\n|-heal|p2a: Eternatus|82\/100 par\n|\n|-weather|RainDance|[upkeep]\n|upkeep\n|turn|10\n|\n|t:|1699214119\n|move|p1a: Kyogre|Ice Beam|p2a: Eternatus\n|-supereffective|p2a: Eternatus\n|-damage|p2a: Eternatus|37\/100 par\n|move|p2a: Eternatus|Toxic|p1a: Kyogre\n|-status|p1a: Kyogre|tox\n|\n|-weather|RainDance|[upkeep]\n|-damage|p1a: Kyogre|94\/100 tox|[from] psn\n|upkeep\n|turn|11\n|\n|t:|1699214131\n|switch|p2a: Arceus|Arceus-Steel|100\/100\n|-damage|p2a: Arceus|84\/100|[from] Spikes\n|move|p1a: Kyogre|Ice Beam|p2a: Arceus\n|-resisted|p2a: Arceus\n|-damage|p2a: Arceus|73\/100\n|\n|-weather|none\n|-damage|p1a: Kyogre|82\/100 tox|[from] psn\n|upkeep\n|turn|12\n|\n|t:|1699214139\n|switch|p1a: Skeledirge|Skeledirge, F|100\/100\n|move|p2a: Arceus|Calm Mind|p2a: Arceus\n|-boost|p2a: Arceus|spa|1\n|-boost|p2a: Arceus|spd|1\n|\n|upkeep\n|turn|13\n|\n|t:|1699214146\n|move|p2a: Arceus|Earth Power|p1a: Skeledirge\n|-supereffective|p1a: Skeledirge\n|-damage|p1a: Skeledirge|52\/100\n|move|p1a: Skeledirge|Torch Song|p2a: Arceus\n|-supereffective|p2a: Arceus\n|-damage|p2a: Arceus|32\/100\n|-boost|p1a: Skeledirge|spa|1\n|\n|upkeep\n|turn|14\n|inactive|SiTuM. has 270 seconds left.\n|inactive|Highlord has 270 seconds left.\n|inactive|Highlord has 240 seconds left.\n|\n|t:|1699214236\n|switch|p1a: Gliscor|Gliscor, M|87\/100 tox\n|move|p2a: Arceus|Recover|p2a: Arceus\n|-heal|p2a: Arceus|82\/100\n|\n|-heal|p1a: Gliscor|99\/100 tox|[from] ability: Poison Heal\n|upkeep\n|turn|15\n|inactive|Highlord has 210 seconds left.\n|\n|t:|1699214254\n|move|p2a: Arceus|Calm Mind|p2a: Arceus\n|-boost|p2a: Arceus|spa|1\n|-boost|p2a: Arceus|spd|1\n|move|p1a: Gliscor|Earthquake|p2a: Arceus\n|-supereffective|p2a: Arceus\n|-damage|p2a: Arceus|43\/100\n|\n|-heal|p1a: Gliscor|100\/100 tox|[from] ability: Poison Heal\n|upkeep\n|turn|16\n|\n|t:|1699214260\n|switch|p1a: Kyogre|Kyogre|82\/100 tox\n|-weather|RainDance|[from] ability: Drizzle|[of] p1a: Kyogre\n|move|p2a: Arceus|Recover|p2a: Arceus\n|-heal|p2a: Arceus|93\/100\n|\n|-weather|RainDance|[upkeep]\n|-damage|p1a: Kyogre|76\/100 tox|[from] psn\n|upkeep\n|turn|17\n|\n|t:|1699214265\n|move|p2a: Arceus|Calm Mind|p2a: Arceus\n|-boost|p2a: Arceus|spa|1\n|-boost|p2a: Arceus|spd|1\n|move|p1a: Kyogre|Thunder|p2a: Arceus\n|-damage|p2a: Arceus|82\/100\n|\n|-weather|RainDance|[upkeep]\n|-damage|p1a: Kyogre|63\/100 tox|[from] psn\n|upkeep\n|turn|18\n|\n|t:|1699214267\n|move|p2a: Arceus|Judgment|p1a: Kyogre\n|-resisted|p1a: Kyogre\n|-damage|p1a: Kyogre|28\/100 tox\n|move|p1a: Kyogre|Thunder|p2a: Arceus\n|-damage|p2a: Arceus|70\/100\n|-status|p2a: Arceus|par\n|\n|-weather|RainDance|[upkeep]\n|-damage|p1a: Kyogre|9\/100 tox|[from] psn\n|upkeep\n|turn|19\n|\n|t:|1699214272\n|move|p1a: Kyogre|Surf|p2a: Arceus\n|-damage|p2a: Arceus|50\/100 par\n|move|p2a: Arceus|Recover|p2a: Arceus\n|-heal|p2a: Arceus|100\/100 par\n|\n|-weather|RainDance|[upkeep]\n|-damage|p1a: Kyogre|0 fnt|[from] psn\n|faint|p1a: Kyogre\n|upkeep\n|\n|t:|1699214276\n|switch|p1a: Arceus|Arceus-Ground|100\/100\n|-damage|p1a: Arceus|84\/100|[from] Spikes\n|turn|20\n|\n|t:|1699214279\n|move|p1a: Arceus|Calm Mind|p1a: Arceus\n|-boost|p1a: Arceus|spa|1\n|-boost|p1a: Arceus|spd|1\n|move|p2a: Arceus|Judgment|p1a: Arceus\n|-damage|p1a: Arceus|41\/100\n|\n|-weather|none\n|upkeep\n|turn|21\n|\n|t:|1699214308\n|move|p1a: Arceus|Recover|p1a: Arceus\n|-heal|p1a: Arceus|91\/100\n|move|p2a: Arceus|Judgment|p1a: Arceus\n|-damage|p1a: Arceus|48\/100\n|\n|upkeep\n|turn|22\n|\n|t:|1699214318\n|switch|p2a: Gliscor|Gliscor, M|100\/100 tox\n|move|p1a: Arceus|Recover|p1a: Arceus\n|-heal|p1a: Arceus|98\/100\n|\n|upkeep\n|turn|23\n|\n|t:|1699214323\n|move|p2a: Gliscor|Protect|p2a: Gliscor\n|-singleturn|p2a: Gliscor|Protect\n|move|p1a: Arceus|Ice Beam|p2a: Gliscor\n|-activate|p2a: Gliscor|move: Protect\n|\n|upkeep\n|turn|24\n|\n|t:|1699214327\n|-terastallize|p2a: Gliscor|Water\n|move|p1a: Arceus|Ice Beam|p2a: Gliscor\n|-resisted|p2a: Gliscor\n|-damage|p2a: Gliscor|85\/100 tox\n|move|p2a: Gliscor|Toxic|p1a: Arceus\n|-status|p1a: Arceus|tox\n|\n|-damage|p1a: Arceus|92\/100 tox|[from] psn\n|-heal|p2a: Gliscor|98\/100 tox|[from] ability: Poison Heal\n|upkeep\n|turn|25\n|inactive|Highlord has 270 seconds left.\n|inactive|Highlord has 240 seconds left.\n|\n|t:|1699214377\n|move|p1a: Arceus|Judgment|p2a: Gliscor\n|-damage|p2a: Gliscor|38\/100 tox\n|move|p2a: Gliscor|Earthquake|p1a: Arceus\n|-damage|p1a: Arceus|69\/100 tox\n|\n|-damage|p1a: Arceus|57\/100 tox|[from] psn\n|-heal|p2a: Gliscor|50\/100 tox|[from] ability: Poison Heal\n|upkeep\n|turn|26\n|\n|t:|1699214385\n|move|p2a: Gliscor|Protect|p2a: Gliscor\n|-singleturn|p2a: Gliscor|Protect\n|move|p1a: Arceus|Judgment|p2a: Gliscor\n|-activate|p2a: Gliscor|move: Protect\n|\n|-damage|p1a: Arceus|39\/100 tox|[from] psn\n|-heal|p2a: Gliscor|63\/100 tox|[from] ability: Poison Heal\n|upkeep\n|turn|27\n|inactive|Highlord has 240 seconds left.\n|\n|t:|1699214404\n|switch|p2a: Eternatus|Eternatus|37\/100 par\n|-ability|p2a: Eternatus|Pressure\n|move|p1a: Arceus|Judgment|p2a: Eternatus\n|-supereffective|p2a: Eternatus\n|-damage|p2a: Eternatus|0 fnt\n|faint|p2a: Eternatus\n|\n|-damage|p1a: Arceus|14\/100 tox|[from] psn\n|upkeep\n|\n|t:|1699214416\n|switch|p2a: Koraidon|Koraidon|100\/100\n|-damage|p2a: Koraidon|84\/100|[from] Spikes\n|-weather|SunnyDay|[from] ability: Orichalcum Pulse|[of] p2a: Koraidon\n|-activate|p2a: Koraidon|Orichalcum Pulse|[source]\n|turn|28\n|\n|t:|1699214421\n|switch|p1a: Gliscor|Gliscor, M|100\/100 tox\n|move|p2a: Koraidon|U-turn|p1a: Gliscor\n|-resisted|p1a: Gliscor\n|-damage|p1a: Gliscor|88\/100 tox\n|inactive|Highlord has 210 seconds left.\n|inactive|Highlord has 180 seconds left.\n|\n|t:|1699214505\n|switch|p2a: Gliscor|Gliscor, M, tera:Water|63\/100 tox|[from] U-turn\n|-damage|p2a: Gliscor|46\/100 tox|[from] Spikes\n|\n|-weather|SunnyDay|[upkeep]\n|-heal|p2a: Gliscor|59\/100 tox|[from] ability: Poison Heal\n|-heal|p1a: Gliscor|100\/100 tox|[from] ability: Poison Heal\n|upkeep\n|turn|29\n|\n|t:|1699214510\n|move|p2a: Gliscor|Spikes|p1a: Gliscor\n|-sidestart|p1: SiTuM.|Spikes\n|move|p1a: Gliscor|Earthquake|p2a: Gliscor\n|-damage|p2a: Gliscor|30\/100 tox\n|\n|-weather|SunnyDay|[upkeep]\n|-heal|p2a: Gliscor|43\/100 tox|[from] ability: Poison Heal\n|upkeep\n|turn|30\n|\n|t:|1699214512\n|move|p2a: Gliscor|Protect|p2a: Gliscor\n|-singleturn|p2a: Gliscor|Protect\n|move|p1a: Gliscor|Spikes|p2a: Gliscor\n|-sidestart|p2: Highlord|Spikes\n|\n|-weather|SunnyDay|[upkeep]\n|-heal|p2a: Gliscor|55\/100 tox|[from] ability: Poison Heal\n|upkeep\n|turn|31\n|\n|t:|1699214517\n|move|p2a: Gliscor|Earthquake|p1a: Gliscor\n|-immune|p1a: Gliscor\n|move|p1a: Gliscor|Earthquake|p2a: Gliscor\n|-damage|p2a: Gliscor|30\/100 tox\n|\n|-weather|SunnyDay|[upkeep]\n|-heal|p2a: Gliscor|42\/100 tox|[from] ability: Poison Heal\n|upkeep\n|turn|32\n|\n|t:|1699214519\n|move|p2a: Gliscor|Protect|p2a: Gliscor\n|-singleturn|p2a: Gliscor|Protect\n|move|p1a: Gliscor|Earthquake|p2a: Gliscor\n|-activate|p2a: Gliscor|move: Protect\n|\n|-weather|none\n|-heal|p2a: Gliscor|55\/100 tox|[from] ability: Poison Heal\n|upkeep\n|turn|33\n|\n|t:|1699214530\n|move|p2a: Gliscor|Earthquake|p1a: Gliscor\n|-immune|p1a: Gliscor\n|move|p1a: Gliscor|Earthquake|p2a: Gliscor\n|-damage|p2a: Gliscor|27\/100 tox\n|\n|-heal|p2a: Gliscor|39\/100 tox|[from] ability: Poison Heal\n|upkeep\n|turn|34\n|\n|t:|1699214532\n|move|p2a: Gliscor|Protect|p2a: Gliscor\n|-singleturn|p2a: Gliscor|Protect\n|move|p1a: Gliscor|Earthquake|p2a: Gliscor\n|-activate|p2a: Gliscor|move: Protect\n|\n|-heal|p2a: Gliscor|52\/100 tox|[from] ability: Poison Heal\n|upkeep\n|turn|35\n|inactive|Highlord has 210 seconds left.\n|\n|t:|1699214541\n|move|p2a: Gliscor|Spikes||[still]\n|-fail|p2a: Gliscor\n|move|p1a: Gliscor|Earthquake|p2a: Gliscor\n|-crit|p2a: Gliscor\n|-damage|p2a: Gliscor|9\/100 tox\n|\n|-heal|p2a: Gliscor|22\/100 tox|[from] ability: Poison Heal\n|upkeep\n|turn|36\n|\n|t:|1699214548\n|move|p2a: Gliscor|Protect|p2a: Gliscor\n|-singleturn|p2a: Gliscor|Protect\n|move|p1a: Gliscor|Earthquake|p2a: Gliscor\n|-activate|p2a: Gliscor|move: Protect\n|\n|-heal|p2a: Gliscor|34\/100 tox|[from] ability: Poison Heal\n|upkeep\n|turn|37\n|\n|t:|1699214556\n|move|p2a: Gliscor|Earthquake|p1a: Gliscor\n|-immune|p1a: Gliscor\n|move|p1a: Gliscor|Earthquake|p2a: Gliscor\n|-damage|p2a: Gliscor|10\/100 tox\n|\n|-heal|p2a: Gliscor|22\/100 tox|[from] ability: Poison Heal\n|upkeep\n|turn|38\n|\n|t:|1699214559\n|move|p2a: Gliscor|Protect|p2a: Gliscor\n|-singleturn|p2a: Gliscor|Protect\n|move|p1a: Gliscor|Earthquake|p2a: Gliscor\n|-activate|p2a: Gliscor|move: Protect\n|\n|-heal|p2a: Gliscor|35\/100 tox|[from] ability: Poison Heal\n|upkeep\n|turn|39\n|\n|t:|1699214564\n|move|p2a: Gliscor|Earthquake|p1a: Gliscor\n|-immune|p1a: Gliscor\n|move|p1a: Gliscor|Earthquake|p2a: Gliscor\n|-damage|p2a: Gliscor|10\/100 tox\n|\n|-heal|p2a: Gliscor|23\/100 tox|[from] ability: Poison Heal\n|upkeep\n|turn|40\n|inactive|Highlord has 240 seconds left.\n|\n|t:|1699214570\n|switch|p1a: Eternatus|Eternatus|100\/100\n|-ability|p1a: Eternatus|Pressure\n|move|p2a: Gliscor|Protect||[still]\n|-fail|p2a: Gliscor\n|\n|-heal|p2a: Gliscor|35\/100 tox|[from] ability: Poison Heal\n|upkeep\n|turn|41\n|\n|t:|1699214572\n|move|p2a: Gliscor|Protect|p2a: Gliscor\n|-singleturn|p2a: Gliscor|Protect\n|move|p1a: Eternatus|Dynamax Cannon|p2a: Gliscor\n|-activate|p2a: Gliscor|move: Protect\n|\n|-heal|p2a: Gliscor|48\/100 tox|[from] ability: Poison Heal\n|upkeep\n|turn|42\n|inactive|Highlord has 240 seconds left.\n|inactive|Highlord has 210 seconds left.\n|inactive|Highlord has 180 seconds left.\n|inactive|Highlord has 150 seconds left.\n|inactive|Highlord has 120 seconds left.\n|\n|t:|1699214735\n|switch|p2a: Waifu|Zacian-Crowned|100\/100\n|-damage|p2a: Waifu|76\/100|[from] Spikes\n|-ability|p2a: Waifu|Intrepid Sword|boost\n|-boost|p2a: Waifu|atk|1\n|move|p1a: Eternatus|Dynamax Cannon|p2a: Waifu\n|-immune|p2a: Waifu\n|\n|upkeep\n|turn|43\n|\n|t:|1699214754\n|move|p2a: Waifu|Behemoth Blade|p1a: Eternatus\n|-damage|p1a: Eternatus|34\/100\n|move|p1a: Eternatus|Flamethrower|p2a: Waifu\n|-supereffective|p2a: Waifu\n|-damage|p2a: Waifu|25\/100\n|-status|p2a: Waifu|brn\n|\n|-damage|p2a: Waifu|19\/100 brn|[from] brn\n|upkeep\n|turn|44\n|inactive|Highlord has 90 seconds left.\n|inactive|SiTuM. has 270 seconds left.\n|\n|t:|1699214799\n|switch|p1a: Skeledirge|Skeledirge, F|52\/100\n|move|p2a: Waifu|Behemoth Blade|p1a: Skeledirge\n|-resisted|p1a: Skeledirge\n|-damage|p1a: Skeledirge|43\/100\n|\n|-damage|p2a: Waifu|13\/100 brn|[from] brn\n|upkeep\n|turn|45\n|\n|t:|1699214802\n|switch|p2a: Chisato|Groudon|100\/100\n|-damage|p2a: Chisato|76\/100|[from] Spikes\n|-weather|SunnyDay|[from] ability: Drought|[of] p2a: Chisato\n|move|p1a: Skeledirge|Slack Off|p1a: Skeledirge\n|-heal|p1a: Skeledirge|93\/100\n|\n|-weather|SunnyDay|[upkeep]\n|-heal|p2a: Chisato|82\/100|[from] item: Leftovers\n|upkeep\n|turn|46\n|\n|t:|1699214808\n|switch|p1a: Gliscor|Gliscor, M|100\/100 tox\n|move|p2a: Chisato|Roar|p1a: Gliscor\n|drag|p1a: Zacian|Zacian-Crowned|100\/100\n|-damage|p1a: Zacian|76\/100|[from] Spikes\n|-ability|p1a: Zacian|Intrepid Sword|boost\n|-boost|p1a: Zacian|atk|1\n|\n|-weather|SunnyDay|[upkeep]\n|-heal|p2a: Chisato|88\/100|[from] item: Leftovers\n|upkeep\n|turn|47\n|\n|t:|1699214815\n|switch|p1a: Gliscor|Gliscor, M|100\/100 tox\n|move|p2a: Chisato|Roar|p1a: Gliscor\n|drag|p1a: Skeledirge|Skeledirge, F|93\/100\n|\n|-weather|SunnyDay|[upkeep]\n|-heal|p2a: Chisato|94\/100|[from] item: Leftovers\n|upkeep\n|turn|48\n|inactive|Highlord has 90 seconds left.\n|inactive|Highlord has 60 seconds left.\n|\n|t:|1699214852\n|switch|p1a: Gliscor|Gliscor, M|100\/100 tox\n|move|p2a: Chisato|Roar|p1a: Gliscor\n|drag|p1a: Eternatus|Eternatus|34\/100\n|-ability|p1a: Eternatus|Pressure\n|\n|-weather|SunnyDay|[upkeep]\n|-heal|p2a: Chisato|100\/100|[from] item: Leftovers\n|upkeep\n|turn|49\n|inactive|Highlord has 60 seconds left.\n|\n|t:|1699214865\n|switch|p1a: Gliscor|Gliscor, M|100\/100 tox\n|move|p2a: Chisato|Roar|p1a: Gliscor\n|drag|p1a: Skeledirge|Skeledirge, F|93\/100\n|\n|-weather|none\n|upkeep\n|turn|50\n|inactive|Highlord has 60 seconds left.\n|\n|t:|1699214886\n|switch|p1a: Gliscor|Gliscor, M|100\/100 tox\n|move|p2a: Chisato|Roar|p1a: Gliscor\n|drag|p1a: Arceus|Arceus-Ground|14\/100 tox\n|-damage|p1a: Arceus|0 fnt|[from] Spikes\n|faint|p1a: Arceus\n|\n|upkeep\n|\n|t:|1699214894\n|switch|p1a: Gliscor|Gliscor, M|100\/100 tox\n|turn|51\n|inactive|Highlord has 60 seconds left.\n|\n|t:|1699214904\n|switch|p2a: Gliscor|Gliscor, M, tera:Water|48\/100 tox\n|-damage|p2a: Gliscor|23\/100 tox|[from] Spikes\n|move|p1a: Gliscor|Earthquake|p2a: Gliscor\n|-damage|p2a: Gliscor|0 fnt\n|faint|p2a: Gliscor\n|\n|upkeep\n|inactive|Highlord has 60 seconds left.\n|\n|t:|1699214914\n|switch|p2a: Arceus|Arceus-Steel|100\/100 par\n|-damage|p2a: Arceus|76\/100 par|[from] Spikes\n|turn|52\n|inactive|SiTuM. has 270 seconds left.\n|\n|t:|1699214953\n|move|p1a: Gliscor|Earthquake|p2a: Arceus\n|-supereffective|p2a: Arceus\n|-damage|p2a: Arceus|41\/100 par\n|cant|p2a: Arceus|par\n|\n|upkeep\n|turn|53\n|inactive|SiTuM. has 270 seconds left.\n|\n|t:|1699214960\n|switch|p1a: Skeledirge|Skeledirge, F|93\/100\n|cant|p2a: Arceus|par\n|\n|upkeep\n|turn|54\n|\n|t:|1699214981\n|move|p1a: Skeledirge|Torch Song|p2a: Arceus\n|-supereffective|p2a: Arceus\n|-damage|p2a: Arceus|0 fnt\n|-boost|p1a: Skeledirge|spa|1\n|faint|p2a: Arceus\n|\n|upkeep\n|\n|t:|1699214990\n|switch|p2a: Chisato|Groudon|100\/100\n|-damage|p2a: Chisato|76\/100|[from] Spikes\n|-weather|SunnyDay|[from] ability: Drought|[of] p2a: Chisato\n|turn|55\n|\n|t:|1699215003\n|switch|p1a: Gliscor|Gliscor, M|100\/100 tox\n|move|p2a: Chisato|Stealth Rock|p1a: Gliscor\n|-sidestart|p1: SiTuM.|move: Stealth Rock\n|\n|-weather|SunnyDay|[upkeep]\n|-heal|p2a: Chisato|82\/100|[from] item: Leftovers\n|upkeep\n|turn|56\n|\n|t:|1699215012\n|switch|p2a: Waifu|Zacian-Crowned|13\/100 brn\n|-damage|p2a: Waifu|0 fnt|[from] Spikes\n|faint|p2a: Waifu\n|move|p1a: Gliscor|Toxic|p2: Waifu|[notarget]\n|-fail|p1a: Gliscor\n|\n|-weather|SunnyDay|[upkeep]\n|upkeep\n|\n|t:|1699215014\n|switch|p2a: Koraidon|Koraidon|84\/100\n|-damage|p2a: Koraidon|59\/100|[from] Spikes\n|-activate|p2a: Koraidon|ability: Orichalcum Pulse\n|turn|57\n|\n|t:|1699215018\n|move|p1a: Gliscor|Protect|p1a: Gliscor\n|-singleturn|p1a: Gliscor|Protect\n|move|p2a: Koraidon|Outrage|p1a: Gliscor\n|-activate|p1a: Gliscor|move: Protect\n|\n|-weather|SunnyDay|[upkeep]\n|upkeep\n|turn|58\n|\n|t:|1699215022\n|switch|p1a: Zacian|Zacian-Crowned|76\/100\n|-damage|p1a: Zacian|51\/100|[from] Spikes\n|-damage|p1a: Zacian|44\/100|[from] Stealth Rock\n|move|p2a: Koraidon|Outrage|p1a: Zacian\n|-immune|p1a: Zacian\n|\n|-weather|SunnyDay|[upkeep]\n|upkeep\n|turn|59\n|\n|t:|1699215027\n|switch|p2a: Chisato|Groudon|82\/100\n|-damage|p2a: Chisato|57\/100|[from] Spikes\n|move|p1a: Zacian|Behemoth Blade|p2a: Chisato\n|-damage|p2a: Chisato|28\/100\n|\n|-weather|none\n|-heal|p2a: Chisato|35\/100|[from] item: Leftovers\n|upkeep\n|turn|60\n|\n|t:|1699215034\n|switch|p1a: Eternatus|Eternatus|34\/100\n|-ability|p1a: Eternatus|Pressure\n|move|p2a: Chisato|Precipice Blades|p1a: Eternatus\n|-supereffective|p1a: Eternatus\n|-damage|p1a: Eternatus|0 fnt\n|faint|p1a: Eternatus\n|\n|-heal|p2a: Chisato|41\/100|[from] item: Leftovers\n|upkeep\n|\n|t:|1699215036\n|switch|p1a: Gliscor|Gliscor, M|100\/100 tox\n|-damage|p1a: Gliscor|88\/100 tox|[from] Stealth Rock\n|turn|61\n|\n|t:|1699215040\n|move|p1a: Gliscor|Toxic|p2a: Chisato\n|-status|p2a: Chisato|tox\n|move|p2a: Chisato|Roar|p1a: Gliscor\n|drag|p1a: Skeledirge|Skeledirge, F|93\/100\n|\n|-heal|p2a: Chisato|47\/100 tox|[from] item: Leftovers\n|-damage|p2a: Chisato|41\/100 tox|[from] psn\n|upkeep\n|turn|62\n|\n|t:|1699215044\n|switch|p1a: Gliscor|Gliscor, M|88\/100 tox\n|-damage|p1a: Gliscor|76\/100 tox|[from] Stealth Rock\n|move|p2a: Chisato|Roar|p1a: Gliscor\n|drag|p1a: Zacian|Zacian-Crowned|44\/100\n|-damage|p1a: Zacian|20\/100|[from] Spikes\n|-damage|p1a: Zacian|13\/100|[from] Stealth Rock\n|\n|-heal|p2a: Chisato|47\/100 tox|[from] item: Leftovers\n|-damage|p2a: Chisato|35\/100 tox|[from] psn\n|upkeep\n|turn|63\n|inactive|Highlord has 150 seconds left.\n|\n|t:|1699215050\n|move|p1a: Zacian|Behemoth Blade|p2a: Chisato\n|-damage|p2a: Chisato|8\/100 tox\n|move|p2a: Chisato|Precipice Blades|p1a: Zacian\n|-supereffective|p1a: Zacian\n|-damage|p1a: Zacian|0 fnt\n|faint|p1a: Zacian\n|\n|-heal|p2a: Chisato|14\/100 tox|[from] item: Leftovers\n|-damage|p2a: Chisato|0 fnt|[from] psn\n|faint|p2a: Chisato\n|upkeep\n|\n|t:|1699215056\n|switch|p1a: Gliscor|Gliscor, M|76\/100 tox\n|switch|p2a: Koraidon|Koraidon|59\/100\n|-damage|p2a: Koraidon|34\/100|[from] Spikes\n|-weather|SunnyDay|[from] ability: Orichalcum Pulse|[of] p2a: Koraidon\n|-activate|p2a: Koraidon|Orichalcum Pulse|[source]\n|-damage|p1a: Gliscor|63\/100 tox|[from] Stealth Rock\n|turn|64\n|\n|t:|1699215058\n|move|p1a: Gliscor|Protect|p1a: Gliscor\n|-singleturn|p1a: Gliscor|Protect\n|move|p2a: Koraidon|Outrage|p1a: Gliscor\n|-activate|p1a: Gliscor|move: Protect\n|\n|-weather|SunnyDay|[upkeep]\n|-heal|p1a: Gliscor|76\/100 tox|[from] ability: Poison Heal\n|upkeep\n|turn|65\n|c|\u2606SiTuM.|i probably lost this without all the luck sry\n|c|\u2606SiTuM.|good game\n|\n|t:|1699215081\n|move|p2a: Koraidon|Outrage|p1a: Gliscor\n|-damage|p1a: Gliscor|8\/100 tox\n|move|p1a: Gliscor|Toxic|p2a: Koraidon\n|-status|p2a: Koraidon|tox\n|\n|-weather|SunnyDay|[upkeep]\n|-damage|p2a: Koraidon|28\/100 tox|[from] psn\n|-heal|p1a: Gliscor|20\/100 tox|[from] ability: Poison Heal\n|upkeep\n|turn|66\n|\n|t:|1699215084\n|move|p1a: Gliscor|Protect|p1a: Gliscor\n|-singleturn|p1a: Gliscor|Protect\n|move|p2a: Koraidon|Outrage|p1a: Gliscor|[from]lockedmove\n|-activate|p1a: Gliscor|move: Protect\n|-start|p2a: Koraidon|confusion|[fatigue]\n|\n|-weather|SunnyDay|[upkeep]\n|-damage|p2a: Koraidon|16\/100 tox|[from] psn\n|-heal|p1a: Gliscor|32\/100 tox|[from] ability: Poison Heal\n|upkeep\n|turn|67\n|\n|t:|1699215087\n|-activate|p2a: Koraidon|confusion\n|move|p2a: Koraidon|Outrage|p1a: Gliscor\n|-damage|p1a: Gliscor|0 fnt\n|faint|p1a: Gliscor\n|\n|-weather|SunnyDay|[upkeep]\n|-damage|p2a: Koraidon|0 fnt|[from] psn\n|faint|p2a: Koraidon\n|\n|win|SiTuM.\n|upkeep\n|c|\u2606Highlord|gg\n","uploadtime":1699215088,"views":242,"p1id":"situm","p2id":"highlord","formatid":"gen9ubers","rating":0,"private":0,"password":""}