{"id":"smogtours-gen9ubers-731447","p1":"Umberto & Riyad","p2":"Cicada & Leftiez","format":"[Gen 9] Ubers","log":"|inactive|Battle timer is ON: inactive players will automatically lose when time's up.\n|t:|1700406002\n|gametype|singles\n|player|p1|Umberto & Riyad|unknownf|\n|player|p2|Cicada & Leftiez|#leftiez|\n|teamsize|p1|6\n|teamsize|p2|6\n|gen|9\n|tier|[Gen 9] Ubers\n|rule|Sleep Clause Mod: Limit one foe put to sleep\n|rule|Species Clause: Limit one of each Pok\u00e9mon\n|rule|OHKO Clause: OHKO moves are banned\n|rule|Evasion Items Clause: Evasion items are banned\n|rule|Evasion Moves Clause: Evasion moves are banned\n|rule|Endless Battle Clause: Forcing endless battles is banned\n|rule|HP Percentage Mod: HP is shown in percentages\n|clearpoke\n|poke|p1|Empoleon, M|\n|poke|p1|Gliscor, M|\n|poke|p1|Dragonite, M|\n|poke|p1|Dragapult, M|\n|poke|p1|Weezing-Galar, F|\n|poke|p1|Zamazenta-*|\n|poke|p2|Iron Valiant|\n|poke|p2|Rillaboom, F|\n|poke|p2|Hatterene, F|\n|poke|p2|Ursaluna, M|\n|poke|p2|Sneasler, M|\n|poke|p2|Heatran, F|\n|teampreview\n|c|\u2606Umberto & Riyad|hf\n|c|\u2606Cicada & Leftiez|hf\n|inactive|Umberto & Riyad has 270 seconds left.\n|inactive|Cicada & Leftiez has 270 seconds left.\n|inactive|Umberto & Riyad has 240 seconds left.\n|inactive|Cicada & Leftiez has 240 seconds left.\n|inactive|Umberto & Riyad has 210 seconds left.\n|inactive|Umberto & Riyad has 180 seconds left.\n|c|\u2606Cicada & Leftiez|youtube*com\/watch?v=uZNRSPDX1Yw\n|c|\u2606Cicada & Leftiez|j'ecoute ca perso\n|inactive|Umberto & Riyad has 150 seconds left.\n|c|\u2606Cicada & Leftiez|mdr \n|c|\u2606Cicada & Leftiez|moi \u00e7a \n|c|\u2606Cicada & Leftiez|ah on peut pas link :\/\n|\n|t:|1700406179\n|start\n|switch|p1a: Dragapult|Dragapult, M|100\/100\n|switch|p2a: Rillaboom|Rillaboom, F|100\/100\n|-fieldstart|move: Grassy Terrain|[from] ability: Grassy Surge|[of] p2a: Rillaboom\n|turn|1\n|c|\u2606Cicada & Leftiez|J'suis qu'\u00e0 17%, pourtant t'as l'impression qu'\u00e7a rafale \u00e0 bout portant\n|inactive|Umberto & Riyad has 180 seconds left.\n|c|\u2606Cicada & Leftiez|mort\n|\n|t:|1700406217\n|move|p1a: Dragapult|Flamethrower|p2a: Rillaboom\n|-supereffective|p2a: Rillaboom\n|-damage|p2a: Rillaboom|38\/100\n|move|p2a: Rillaboom|U-turn|p1a: Dragapult\n|-resisted|p1a: Dragapult\n|-crit|p1a: Dragapult\n|-damage|p1a: Dragapult|74\/100\n|c|+MS3D|Mdr il a serr\u00e9 votre gars\n|\n|t:|1700406242\n|switch|p2a: Ursaluna|Ursaluna, M|100\/100|[from] U-turn\n|\n|-heal|p1a: Dragapult|80\/100|[from] Grassy Terrain\n|-status|p2a: Ursaluna|brn|[from] item: Flame Orb\n|upkeep\n|turn|2\n|c|\u2606Cicada & Leftiez|parle mieux co\u00f1o\n|inactive|Cicada & Leftiez has 270 seconds left.\n|inactive|Umberto & Riyad has 150 seconds left.\n|\n|t:|1700406278\n|switch|p1a: Empoleon|Empoleon, M|100\/100\n|move|p2a: Ursaluna|Headlong Rush|p1a: Empoleon\n|-supereffective|p1a: Empoleon\n|-damage|p1a: Empoleon|0 fnt\n|-unboost|p2a: Ursaluna|def|1\n|-unboost|p2a: Ursaluna|spd|1\n|faint|p1a: Empoleon\n|\n|-damage|p2a: Ursaluna|94\/100 brn|[from] brn\n|upkeep\n|\n|t:|1700406288\n|switch|p1a: Zamazenta|Zamazenta|100\/100\n|-ability|p1a: Zamazenta|Dauntless Shield|boost\n|-boost|p1a: Zamazenta|def|1\n|turn|3\n|inactive|Umberto & Riyad has 150 seconds left.\n|c|\u2606Cicada & Leftiez|Hein, quand j'arrive, faites de la place, tu reconnais l'moteur quand mon gamos il passe\n|inactive|Cicada & Leftiez has 270 seconds left.\n|inactive|Cicada & Leftiez has 240 seconds left.\n|\n|t:|1700406338\n|switch|p2a: Sneasler|Sneasler, M|100\/100\n|-enditem|p2a: Sneasler|Grassy Seed\n|-boost|p2a: Sneasler|def|1|[from] item: Grassy Seed\n|move|p1a: Zamazenta|Iron Head|p2a: Sneasler\n|-damage|p2a: Sneasler|66\/100\n|\n|-heal|p2a: Sneasler|72\/100|[from] Grassy Terrain\n|upkeep\n|turn|4\n|inactive|Cicada & Leftiez has 240 seconds left.\n|\n|t:|1700406344\n|switch|p1a: Weezing|Weezing-Galar, F|100\/100\n|-ability|p1a: Weezing|Neutralizing Gas\n|move|p2a: Sneasler|Swords Dance|p2a: Sneasler\n|-boost|p2a: Sneasler|atk|2\n|\n|-heal|p2a: Sneasler|78\/100|[from] Grassy Terrain\n|upkeep\n|turn|5\n|\n|t:|1700406352\n|move|p2a: Sneasler|Dire Claw|p1a: Weezing\n|-damage|p1a: Weezing|35\/100\n|move|p1a: Weezing|Will-O-Wisp|p2a: Sneasler|[miss]\n|-miss|p1a: Weezing|p2a: Sneasler\n|\n|-heal|p2a: Sneasler|84\/100|[from] Grassy Terrain\n|-heal|p1a: Weezing|41\/100|[from] Grassy Terrain\n|-heal|p1a: Weezing|47\/100|[from] item: Leftovers\n|-fieldend|move: Grassy Terrain\n|upkeep\n|turn|6\n|\n|t:|1700406362\n|move|p2a: Sneasler|Dire Claw|p1a: Weezing\n|-damage|p1a: Weezing|0 fnt\n|faint|p1a: Weezing\n|-end|p1a: Weezing|ability: Neutralizing Gas\n|\n|upkeep\n|c|\u2606Cicada & Leftiez|Cristalline remplie de vodka pour me sentir moins seul quand j'ai mal au c\u0153ur wow\n|c|+MS3D|et bin\n|c|\u2606Cicada & Leftiez|cicada luck\n|\n|t:|1700406371\n|switch|p1a: Gliscor|Gliscor, M|100\/100\n|turn|7\n|c|\u2606Cicada & Leftiez|je vous l'ai dit\n|\n|t:|1700406378\n|move|p2a: Sneasler|Dire Claw|p1a: Gliscor\n|-resisted|p1a: Gliscor\n|-damage|p1a: Gliscor|70\/100\n|-status|p1a: Gliscor|psn\n|move|p1a: Gliscor|Earthquake|p2a: Sneasler\n|-supereffective|p2a: Sneasler\n|-damage|p2a: Sneasler|15\/100\n|\n|-heal|p1a: Gliscor|82\/100 psn|[from] ability: Poison Heal\n|upkeep\n|turn|8\n|inactive|Cicada & Leftiez has 270 seconds left.\n|\n|t:|1700406391\n|move|p2a: Sneasler|Lash Out|p1a: Gliscor\n|-damage|p1a: Gliscor|39\/100 psn\n|move|p1a: Gliscor|Earthquake|p2a: Sneasler\n|-supereffective|p2a: Sneasler\n|-damage|p2a: Sneasler|0 fnt\n|faint|p2a: Sneasler\n|\n|-heal|p1a: Gliscor|52\/100 psn|[from] ability: Poison Heal\n|upkeep\n|\n|t:|1700406403\n|switch|p2a: Rillaboom|Rillaboom, F|38\/100\n|-fieldstart|move: Grassy Terrain|[from] ability: Grassy Surge|[of] p2a: Rillaboom\n|turn|9\n|inactive|Umberto & Riyad has 180 seconds left.\n|inactive|Umberto & Riyad has 150 seconds left.\n|c|\u2606Cicada & Leftiez|j'aurai jamais cru que cliquer pouvait autant reward\n|\n|t:|1700406443\n|move|p1a: Gliscor|Protect|p1a: Gliscor\n|-singleturn|p1a: Gliscor|Protect\n|move|p2a: Rillaboom|U-turn|p1a: Gliscor\n|-activate|p1a: Gliscor|move: Protect\n|\n|-heal|p2a: Rillaboom|44\/100|[from] Grassy Terrain\n|-heal|p1a: Gliscor|64\/100 psn|[from] ability: Poison Heal\n|upkeep\n|turn|10\n|\n|t:|1700406450\n|move|p1a: Gliscor|Toxic|p2a: Rillaboom\n|-status|p2a: Rillaboom|tox\n|move|p2a: Rillaboom|U-turn|p1a: Gliscor\n|-resisted|p1a: Gliscor\n|-damage|p1a: Gliscor|55\/100 psn\n|\n|t:|1700406456\n|switch|p2a: Ursaluna|Ursaluna, M|94\/100 brn|[from] U-turn\n|\n|-heal|p2a: Ursaluna|100\/100 brn|[from] Grassy Terrain\n|-heal|p1a: Gliscor|67\/100 psn|[from] ability: Poison Heal\n|-damage|p2a: Ursaluna|94\/100 brn|[from] brn\n|upkeep\n|turn|11\n|\n|t:|1700406463\n|move|p1a: Gliscor|Protect|p1a: Gliscor\n|-singleturn|p1a: Gliscor|Protect\n|move|p2a: Ursaluna|Facade|p1a: Gliscor\n|-activate|p1a: Gliscor|move: Protect\n|\n|-heal|p2a: Ursaluna|100\/100 brn|[from] Grassy Terrain\n|-heal|p1a: Gliscor|80\/100 psn|[from] ability: Poison Heal\n|-damage|p2a: Ursaluna|94\/100 brn|[from] brn\n|upkeep\n|turn|12\n|\n|t:|1700406467\n|move|p1a: Gliscor|Earthquake|p2a: Ursaluna\n|-damage|p2a: Ursaluna|83\/100 brn\n|move|p2a: Ursaluna|Ice Punch|p1a: Gliscor\n|-supereffective|p1a: Gliscor\n|-damage|p1a: Gliscor|0 fnt\n|faint|p1a: Gliscor\n|\n|-heal|p2a: Ursaluna|89\/100 brn|[from] Grassy Terrain\n|-damage|p2a: Ursaluna|83\/100 brn|[from] brn\n|upkeep\n|c|\u2606Cicada & Leftiez|J'te sors un autre album p\u00e9p\u00e8re, comme la violence dans nos ghettos, j'suis partout \n|\n|t:|1700406476\n|switch|p1a: Zamazenta|Zamazenta|100\/100\n|turn|13\n|inactive|Umberto & Riyad has 180 seconds left.\n|\n|t:|1700406493\n|switch|p2a: Rillaboom|Rillaboom, F|44\/100 tox\n|move|p1a: Zamazenta|Close Combat|p2a: Rillaboom\n|-damage|p2a: Rillaboom|0 fnt\n|-unboost|p1a: Zamazenta|def|1\n|-unboost|p1a: Zamazenta|spd|1\n|faint|p2a: Rillaboom\n|\n|-fieldend|move: Grassy Terrain\n|upkeep\n|\n|t:|1700406499\n|switch|p2a: Iron Valiant|Iron Valiant|100\/100\n|-enditem|p2a: Iron Valiant|Booster Energy\n|-activate|p2a: Iron Valiant|ability: Quark Drive|[fromitem]\n|-start|p2a: Iron Valiant|quarkdrivespe\n|turn|14\n|inactive|Umberto & Riyad has 180 seconds left.\n|inactive|Cicada & Leftiez has 270 seconds left.\n|\n|t:|1700406525\n|switch|p1a: Dragapult|Dragapult, M|80\/100\n|-terastallize|p2a: Iron Valiant|Psychic\n|move|p2a: Iron Valiant|Calm Mind|p2a: Iron Valiant\n|-boost|p2a: Iron Valiant|spa|1\n|-boost|p2a: Iron Valiant|spd|1\n|\n|upkeep\n|turn|15\n|inactive|Umberto & Riyad has 180 seconds left.\n|\n|t:|1700406559\n|move|p2a: Iron Valiant|Moonblast|p1a: Dragapult\n|-supereffective|p1a: Dragapult\n|-damage|p1a: Dragapult|0 fnt\n|faint|p1a: Dragapult\n|\n|upkeep\n|c|\u2606Cicada & Leftiez|Qui m'interpelle? Mais j'ai pas l'mis-per, heureusement que l'cond\u00e9 est fan de moi \n|inactive|Umberto & Riyad has 150 seconds left.\n|c|\u2606Cicada & Leftiez|mdr\n|c|\u2606Cicada & Leftiez|t'as pas honte de chanter alors qu'on a dodge 2 magma storm\n|c|\u2606Cicada & Leftiez|enfoir\u00e9\n|inactive|Umberto & Riyad has 120 seconds left.\n|c|\u2606Cicada & Leftiez|t'as cru que j'allais etre triste fdp\n|c|\u2606Cicada & Leftiez|reste focus\n|\n|t:|1700406630\n|switch|p1a: Zamazenta|Zamazenta|100\/100\n|turn|16\n|c|\u2606Cicada & Leftiez|true true\n|\n|t:|1700406635\n|move|p2a: Iron Valiant|Moonblast|p1a: Zamazenta\n|-supereffective|p1a: Zamazenta\n|-damage|p1a: Zamazenta|0 fnt\n|faint|p1a: Zamazenta\n|\n|upkeep\n|\n|t:|1700406638\n|switch|p1a: Dragonite|Dragonite, M|100\/100\n|turn|17\n|\n|t:|1700406640\n|-terastallize|p1a: Dragonite|Normal\n|move|p1a: Dragonite|Extreme Speed|p2a: Iron Valiant\n|-damage|p2a: Iron Valiant|35\/100\n|move|p2a: Iron Valiant|Moonblast|p1a: Dragonite\n|-damage|p1a: Dragonite|64\/100\n|-unboost|p1a: Dragonite|spa|1\n|\n|upkeep\n|turn|18\n|\n|t:|1700406648\n|move|p1a: Dragonite|Extreme Speed|p2a: Iron Valiant\n|-damage|p2a: Iron Valiant|0 fnt\n|faint|p2a: Iron Valiant\n|-end|p2a: Iron Valiant|Quark Drive|[silent]\n|\n|upkeep\n|\n|t:|1700406665\n|switch|p2a: Ursaluna|Ursaluna, M|83\/100 brn\n|turn|19\n|\n|t:|1700406669\n|move|p1a: Dragonite|Ice Spinner|p2a: Ursaluna\n|-supereffective|p2a: Ursaluna\n|-damage|p2a: Ursaluna|40\/100 brn\n|move|p2a: Ursaluna|Facade|p1a: Dragonite\n|-damage|p1a: Dragonite|0 fnt\n|faint|p1a: Dragonite\n|\n|win|Cicada & Leftiez\n|c|\u2606Cicada & Leftiez|gg\n|c|\u2606Umberto & Riyad|gs\n|c|\u2606Cicada & Leftiez|ggs\n|player|p2|Cicada & Leftiez|#leftiez\n","uploadtime":1700406670,"views":34,"p1id":"umbertoriyad","p2id":"cicadaleftiez","formatid":"gen9ubers","rating":0,"private":0,"password":""}