{"id":"smogtours-gen9ubers-731408","p1":"Frozoid","p2":"Nael222","format":"[Gen 9] Ubers","log":"|inactive|Battle timer is ON: inactive players will automatically lose when time's up.\n|t:|1700395699\n|gametype|singles\n|player|p1|Frozoid|#rbtt6teamkoraidonf|\n|player|p2|Nael222|#agplvivoryimpalers|\n|teamsize|p1|6\n|teamsize|p2|6\n|gen|9\n|tier|[Gen 9] Ubers\n|rule|Sleep Clause Mod: Limit one foe put to sleep\n|rule|Species Clause: Limit one of each Pok\u00e9mon\n|rule|OHKO Clause: OHKO moves are banned\n|rule|Evasion Items Clause: Evasion items are banned\n|rule|Evasion Moves Clause: Evasion moves are banned\n|rule|Endless Battle Clause: Forcing endless battles is banned\n|rule|HP Percentage Mod: HP is shown in percentages\n|clearpoke\n|poke|p1|Basculegion, M|\n|poke|p1|Kyogre|\n|poke|p1|Ursaluna-Bloodmoon, M|\n|poke|p1|Hatterene, F|\n|poke|p1|Arceus-Ground|\n|poke|p1|Calyrex-Ice|\n|poke|p2|Koraidon|\n|poke|p2|Zacian-*|\n|poke|p2|Arceus-Fairy|\n|poke|p2|Skeledirge, M|\n|poke|p2|Giratina-Origin|\n|poke|p2|Ting-Lu|\n|teampreview\n|inactive|Frozoid disconnected and has 300 seconds to reconnect!\n|player|p1|\n|c|\u2606Nael222|hf\n|inactive|Nael222 has 270 seconds left.\n|inactive|Frozoid has 270 seconds to reconnect!\n|inactive|Frozoid has 240 seconds to reconnect!\n|c|+Inder|FROZOID NOOO\n|inactive|Frozoid has 210 seconds to reconnect!\n|inactive|Frozoid reconnected and has 290 seconds left.\n|player|p1|Frozoid|#rbtt6teamkoraidonf\n|c|\u2606Frozoid|hf\n|inactive|Frozoid has 270 seconds left.\n|inactive|Frozoid has 240 seconds left.\n|inactive|Frozoid has 210 seconds left.\n|inactive|Frozoid has 180 seconds left.\n|\n|t:|1700395914\n|start\n|switch|p1a: Arceus|Arceus-Ground|100\/100\n|switch|p2a: Zacian|Zacian-Crowned|100\/100\n|-ability|p2a: Zacian|Intrepid Sword|boost\n|-boost|p2a: Zacian|atk|1\n|turn|1\n|inactive|Frozoid has 240 seconds left.\n|inactive|Nael222 has 270 seconds left.\n|inactive|Frozoid has 210 seconds left.\n|\n|t:|1700395979\n|move|p2a: Zacian|Behemoth Blade|p1a: Arceus\n|-damage|p1a: Arceus|43\/100\n|move|p1a: Arceus|Trick Room|p1a: Arceus\n|-fieldstart|move: Trick Room|[of] p1a: Arceus\n|\n|upkeep\n|turn|2\n|inactive|Nael222 has 240 seconds left.\n|\n|t:|1700396016\n|-terastallize|p2a: Zacian|Flying\n|move|p1a: Arceus|Stealth Rock|p2a: Zacian\n|-sidestart|p2: Nael222|move: Stealth Rock\n|move|p2a: Zacian|Substitute|p2a: Zacian\n|-start|p2a: Zacian|Substitute\n|-damage|p2a: Zacian|76\/100\n|\n|upkeep\n|turn|3\n|inactive|Frozoid has 180 seconds left.\n|inactive|Nael222 has 210 seconds left.\n|inactive|Frozoid has 150 seconds left.\n|inactive|Nael222 has 180 seconds left.\n|inactive|Frozoid has 120 seconds left.\n|\n|t:|1700396106\n|move|p1a: Arceus|Healing Wish|p1a: Arceus\n|faint|p1a: Arceus\n|move|p2a: Zacian|Swords Dance|p2a: Zacian\n|-boost|p2a: Zacian|atk|2\n|\n|upkeep\n|\n|t:|1700396110\n|switch|p1a: Ursaluna|Ursaluna-Bloodmoon, M|100\/100\n|turn|4\n|inactive|Nael222 has 180 seconds left.\n|\n|t:|1700396133\n|-terastallize|p1a: Ursaluna|Normal\n|move|p1a: Ursaluna|Hyper Voice|p2a: Zacian\n|-damage|p2a: Zacian|0 fnt\n|faint|p2a: Zacian\n|-damage|p1a: Ursaluna|91\/100|[from] item: Life Orb\n|\n|upkeep\n|\n|t:|1700396155\n|switch|p2a: Ting-Lu|Ting-Lu|100\/100\n|-damage|p2a: Ting-Lu|94\/100|[from] Stealth Rock\n|-ability|p2a: Ting-Lu|Vessel of Ruin\n|turn|5\n|\n|t:|1700396180\n|switch|p1a: Hatterene|Hatterene, F|100\/100\n|move|p2a: Ting-Lu|Earthquake|p1a: Hatterene\n|-damage|p1a: Hatterene|55\/100\n|\n|-heal|p2a: Ting-Lu|100\/100|[from] item: Leftovers\n|-fieldend|move: Trick Room\n|upkeep\n|turn|6\n|\n|t:|1700396188\n|move|p2a: Ting-Lu|Earthquake|p1a: Hatterene\n|-damage|p1a: Hatterene|13\/100\n|move|p1a: Hatterene|Trick Room|p1a: Hatterene\n|-fieldstart|move: Trick Room|[of] p1a: Hatterene\n|\n|upkeep\n|turn|7\n|\n|t:|1700396198\n|move|p1a: Hatterene|Misty Explosion|p2a: Ting-Lu\n|-supereffective|p2a: Ting-Lu\n|-damage|p2a: Ting-Lu|47\/100\n|faint|p1a: Hatterene\n|move|p2a: Ting-Lu|Whirlwind|p1: Hatterene|[notarget]\n|-fail|p2a: Ting-Lu\n|\n|-heal|p2a: Ting-Lu|53\/100|[from] item: Leftovers\n|upkeep\n|inactive|Frozoid has 120 seconds left.\n|inactive|Frozoid has 90 seconds left.\n|\n|t:|1700396272\n|switch|p1a: Ursaluna|Ursaluna-Bloodmoon, M, tera:Normal|91\/100\n|-heal|p1a: Ursaluna|100\/100|[from] move: Healing Wish\n|turn|8\n|inactive|Nael222 has 180 seconds left.\n|\n|t:|1700396286\n|move|p1a: Ursaluna|Blood Moon|p2a: Ting-Lu\n|-damage|p2a: Ting-Lu|0 fnt\n|faint|p2a: Ting-Lu\n|-damage|p1a: Ursaluna|91\/100|[from] item: Life Orb\n|\n|upkeep\n|inactive|Nael222 has 180 seconds left.\n|\n|t:|1700396297\n|switch|p2a: Giratina|Giratina-Origin|100\/100\n|-damage|p2a: Giratina|88\/100|[from] Stealth Rock\n|turn|9\n|inactive|Nael222 has 180 seconds left.\n|\n|t:|1700396319\n|move|p1a: Ursaluna|Hyper Voice|p2a: Giratina\n|-damage|p2a: Giratina|24\/100\n|-damage|p1a: Ursaluna|81\/100|[from] item: Life Orb\n|move|p2a: Giratina|Will-O-Wisp|p1a: Ursaluna\n|-status|p1a: Ursaluna|brn\n|\n|-damage|p1a: Ursaluna|75\/100 brn|[from] brn\n|upkeep\n|turn|10\n|\n|t:|1700396327\n|move|p1a: Ursaluna|Blood Moon|p2a: Giratina\n|-damage|p2a: Giratina|0 fnt\n|faint|p2a: Giratina\n|-damage|p1a: Ursaluna|65\/100 brn|[from] item: Life Orb\n|\n|-damage|p1a: Ursaluna|59\/100 brn|[from] brn\n|-fieldend|move: Trick Room\n|upkeep\n|inactive|Nael222 has 150 seconds left.\n|inactive|Nael222 has 120 seconds left.\n|\n|t:|1700396415\n|switch|p2a: Arceus|Arceus-Fairy|100\/100\n|-damage|p2a: Arceus|88\/100|[from] Stealth Rock\n|turn|11\n|\n|t:|1700396418\n|move|p2a: Arceus|Calm Mind|p2a: Arceus\n|-boost|p2a: Arceus|spa|1\n|-boost|p2a: Arceus|spd|1\n|move|p1a: Ursaluna|Hyper Voice|p2a: Arceus\n|-damage|p2a: Arceus|45\/100\n|-damage|p1a: Ursaluna|49\/100 brn|[from] item: Life Orb\n|\n|-damage|p1a: Ursaluna|43\/100 brn|[from] brn\n|upkeep\n|turn|12\n|inactive|Frozoid has 120 seconds left.\n|inactive|Frozoid has 90 seconds left.\n|inactive|Nael222 has 90 seconds left.\n|inactive|Nael222 has 60 seconds left.\n|\n|t:|1700396494\n|move|p2a: Arceus|Recover|p2a: Arceus\n|-heal|p2a: Arceus|95\/100\n|move|p1a: Ursaluna|Blood Moon|p2a: Arceus\n|-damage|p2a: Arceus|36\/100\n|-damage|p1a: Ursaluna|33\/100 brn|[from] item: Life Orb\n|\n|-damage|p1a: Ursaluna|27\/100 brn|[from] brn\n|upkeep\n|turn|13\n|inactive|Nael222 has 60 seconds left.\n|\n|t:|1700396507\n|move|p2a: Arceus|Calm Mind|p2a: Arceus\n|-boost|p2a: Arceus|spa|1\n|-boost|p2a: Arceus|spd|1\n|move|p1a: Ursaluna|Hyper Voice|p2a: Arceus\n|-damage|p2a: Arceus|8\/100\n|-damage|p1a: Ursaluna|18\/100 brn|[from] item: Life Orb\n|\n|-damage|p1a: Ursaluna|11\/100 brn|[from] brn\n|upkeep\n|turn|14\n|inactive|Frozoid has 60 seconds left.\n|\n|t:|1700396530\n|move|p1a: Ursaluna|Vacuum Wave|p2a: Arceus\n|-resisted|p2a: Arceus\n|-crit|p2a: Arceus\n|-damage|p2a: Arceus|0 fnt\n|faint|p2a: Arceus\n|-damage|p1a: Ursaluna|2\/100 brn|[from] item: Life Orb\n|\n|-damage|p1a: Ursaluna|0 fnt|[from] brn\n|faint|p1a: Ursaluna\n|upkeep\n|inactive|Nael222 has 60 seconds left.\n|inactive|Frozoid has 60 seconds left.\n|inactive|Nael222 has 30 seconds left.\n|c|+Inder|:0\n|inactive|Nael222 has 20 seconds left.\n|inactive|Frozoid has 30 seconds left.\n|inactive|Nael222 has 15 seconds left.\n|inactive|Nael222 has 10 seconds left.\n|inactive|Nael222 has 5 seconds left.\n|-message|Nael222 lost due to inactivity.\n|\n|win|Frozoid\n|c|\u2606Frozoid|gg\n|c|+Inder|damn.\n|c|\u2606Nael222|252+ SpA Life Orb Ursaluna-Bloodmoon Vacuum Wave vs. +2 248 HP \/ 0 SpD Arceus-Fairy: 14-17 (3.1 - 3.8%) -- possibly the worst move ever\n","uploadtime":1700396608,"views":69,"p1id":"frozoid","p2id":"nael222","formatid":"gen9ubers","rating":0,"private":0,"password":""}