{"id":"smogtours-gen9ubers-731764","p1":"Shiif & Zena","p2":"3d & Spencer","format":"[Gen 9] Ubers","log":"|inactive|Battle timer is ON: inactive players will automatically lose when time's up.\n|t:|1700431335\n|gametype|singles\n|player|p1|Shiif & Zena|scientist-gen3|\n|player|p2|3d & Spencer|twins-gen4dp|\n|teamsize|p1|6\n|teamsize|p2|6\n|gen|9\n|tier|[Gen 9] Ubers\n|rule|Sleep Clause Mod: Limit one foe put to sleep\n|rule|Species Clause: Limit one of each Pok\u00e9mon\n|rule|OHKO Clause: OHKO moves are banned\n|rule|Evasion Items Clause: Evasion items are banned\n|rule|Evasion Moves Clause: Evasion moves are banned\n|rule|Endless Battle Clause: Forcing endless battles is banned\n|rule|HP Percentage Mod: HP is shown in percentages\n|clearpoke\n|poke|p1|Zapdos|\n|poke|p1|Rillaboom, M|\n|poke|p1|Ting-Lu|\n|poke|p1|Dragapult, M|\n|poke|p1|Heatran, F|\n|poke|p1|Sneasler, F|\n|poke|p2|Gliscor, F|\n|poke|p2|Clefable, M|\n|poke|p2|Skeledirge, F|\n|poke|p2|Samurott-Hisui, F|\n|poke|p2|Zamazenta-*|\n|poke|p2|Zapdos|\n|teampreview\n|inactive|Shiif & Zena has 270 seconds left.\n|inactive|3d & Spencer has 270 seconds left.\n|inactive|3d & Spencer has 240 seconds left.\n|inactive|3d & Spencer has 210 seconds left.\n|\n|t:|1700431432\n|start\n|switch|p1a: Dragapult|Dragapult, M|100\/100\n|switch|p2a: Gliscor|Gliscor, F|100\/100\n|turn|1\n|\n|t:|1700431458\n|move|p2a: Gliscor|Protect|p2a: Gliscor\n|-singleturn|p2a: Gliscor|Protect\n|move|p1a: Dragapult|Will-O-Wisp|p2a: Gliscor\n|-activate|p2a: Gliscor|move: Protect\n|\n|-status|p2a: Gliscor|tox|[from] item: Toxic Orb\n|upkeep\n|turn|2\n|inactive|Shiif & Zena has 270 seconds left.\n|\n|t:|1700431481\n|move|p1a: Dragapult|Hex|p2a: Gliscor\n|-damage|p2a: Gliscor|57\/100 tox\n|move|p2a: Gliscor|Knock Off|p1a: Dragapult\n|-supereffective|p1a: Dragapult\n|-damage|p1a: Dragapult|43\/100\n|-enditem|p1a: Dragapult|Heavy-Duty Boots|[from] move: Knock Off|[of] p2a: Gliscor\n|\n|-heal|p2a: Gliscor|69\/100 tox|[from] ability: Poison Heal\n|upkeep\n|turn|3\n|inactive|Shiif & Zena has 270 seconds left.\n|\n|t:|1700431495\n|switch|p1a: Zapdos|Zapdos|100\/100\n|move|p2a: Gliscor|Knock Off|p1a: Zapdos\n|-damage|p1a: Zapdos|83\/100\n|-enditem|p1a: Zapdos|Heavy-Duty Boots|[from] move: Knock Off|[of] p2a: Gliscor\n|\n|-heal|p2a: Gliscor|82\/100 tox|[from] ability: Poison Heal\n|upkeep\n|turn|4\n|inactive|Shiif & Zena has 270 seconds left.\n|\n|t:|1700431508\n|move|p2a: Gliscor|Protect|p2a: Gliscor\n|-singleturn|p2a: Gliscor|Protect\n|move|p1a: Zapdos|Discharge|p2a: Gliscor\n|-activate|p2a: Gliscor|move: Protect\n|\n|-heal|p2a: Gliscor|94\/100 tox|[from] ability: Poison Heal\n|upkeep\n|turn|5\n|inactive|Shiif & Zena has 270 seconds left.\n|\n|t:|1700431527\n|switch|p2a: Clefable|Clefable, M|100\/100\n|move|p1a: Zapdos|Discharge|p2a: Clefable\n|-damage|p2a: Clefable|68\/100\n|\n|-heal|p2a: Clefable|74\/100|[from] item: Leftovers\n|upkeep\n|turn|6\n|\n|t:|1700431541\n|switch|p1a: Heatran|Heatran, F|100\/100\n|-item|p1a: Heatran|Air Balloon\n|move|p2a: Clefable|Stealth Rock|p1a: Heatran\n|-sidestart|p1: Shiif & Zena|move: Stealth Rock\n|\n|-heal|p2a: Clefable|80\/100|[from] item: Leftovers\n|upkeep\n|turn|7\n|\n|t:|1700431557\n|switch|p2a: Samurott|Samurott-Hisui, F|100\/100\n|move|p1a: Heatran|Magma Storm|p2a: Samurott\n|-resisted|p2a: Samurott\n|-crit|p2a: Samurott\n|-damage|p2a: Samurott|52\/100\n|-activate|p2a: Samurott|move: Magma Storm|[of] p1a: Heatran\n|\n|-damage|p2a: Samurott|39\/100|[from] move: Magma Storm|[partiallytrapped]\n|upkeep\n|turn|8\n|\n|t:|1700431581\n|switch|p1a: Zapdos|Zapdos|83\/100\n|-damage|p1a: Zapdos|58\/100|[from] Stealth Rock\n|move|p2a: Samurott|Ceaseless Edge|p1a: Zapdos\n|-damage|p1a: Zapdos|12\/100\n|-sidestart|p1: Shiif & Zena|Spikes\n|\n|-end|p2a: Samurott|Magma Storm|[partiallytrapped]|[silent]\n|upkeep\n|turn|9\n|inactive|3d & Spencer has 270 seconds left.\n|inactive|3d & Spencer has 240 seconds left.\n|inactive|3d & Spencer has 210 seconds left.\n|\n|t:|1700431674\n|switch|p2a: Clefable|Clefable, M|80\/100\n|move|p1a: Zapdos|Roost|p1a: Zapdos\n|-heal|p1a: Zapdos|62\/100\n|-singleturn|p1a: Zapdos|move: Roost\n|\n|-heal|p2a: Clefable|86\/100|[from] item: Leftovers\n|upkeep\n|turn|10\n|\n|t:|1700431692\n|move|p1a: Zapdos|Roost|p1a: Zapdos\n|-heal|p1a: Zapdos|100\/100\n|-singleturn|p1a: Zapdos|move: Roost\n|move|p2a: Clefable|Ice Beam|p1a: Zapdos\n|-damage|p1a: Zapdos|83\/100\n|\n|-heal|p2a: Clefable|92\/100|[from] item: Leftovers\n|upkeep\n|turn|11\n|\n|t:|1700431710\n|move|p1a: Zapdos|Discharge|p2a: Clefable\n|-damage|p2a: Clefable|61\/100\n|move|p2a: Clefable|Ice Beam|p1a: Zapdos\n|-supereffective|p1a: Zapdos\n|-crit|p1a: Zapdos\n|-damage|p1a: Zapdos|20\/100\n|\n|-heal|p2a: Clefable|67\/100|[from] item: Leftovers\n|upkeep\n|turn|12\n|\n|t:|1700431739\n|move|p1a: Zapdos|Roost|p1a: Zapdos\n|-heal|p1a: Zapdos|70\/100\n|-singleturn|p1a: Zapdos|move: Roost\n|move|p2a: Clefable|Ice Beam|p1a: Zapdos\n|-damage|p1a: Zapdos|51\/100\n|\n|-heal|p2a: Clefable|73\/100|[from] item: Leftovers\n|upkeep\n|turn|13\n|\n|t:|1700431748\n|move|p1a: Zapdos|Roost|p1a: Zapdos\n|-heal|p1a: Zapdos|100\/100\n|-singleturn|p1a: Zapdos|move: Roost\n|move|p2a: Clefable|Ice Beam|p1a: Zapdos\n|-damage|p1a: Zapdos|79\/100\n|\n|-heal|p2a: Clefable|79\/100|[from] item: Leftovers\n|upkeep\n|turn|14\n|\n|t:|1700431758\n|switch|p1a: Heatran|Heatran, F|100\/100\n|-damage|p1a: Heatran|88\/100|[from] Stealth Rock\n|-item|p1a: Heatran|Air Balloon\n|move|p2a: Clefable|Ice Beam|p1a: Heatran\n|-resisted|p1a: Heatran\n|-damage|p1a: Heatran|84\/100\n|-enditem|p1a: Heatran|Air Balloon\n|\n|-heal|p2a: Clefable|85\/100|[from] item: Leftovers\n|upkeep\n|turn|15\n|inactive|Shiif & Zena has 270 seconds left.\n|inactive|3d & Spencer has 180 seconds left.\n|inactive|3d & Spencer has 150 seconds left.\n|inactive|3d & Spencer has 120 seconds left.\n|\n|t:|1700431843\n|switch|p2a: Samurott|Samurott-Hisui, F|39\/100\n|move|p1a: Heatran|Magma Storm|p2a: Samurott\n|-resisted|p2a: Samurott\n|-damage|p2a: Samurott|9\/100\n|-activate|p2a: Samurott|move: Magma Storm|[of] p1a: Heatran\n|\n|-damage|p2a: Samurott|0 fnt|[from] move: Magma Storm|[partiallytrapped]\n|faint|p2a: Samurott\n|upkeep\n|\n|t:|1700431848\n|switch|p2a: Zamazenta|Zamazenta|100\/100\n|-ability|p2a: Zamazenta|Dauntless Shield|boost\n|-boost|p2a: Zamazenta|def|1\n|turn|16\n|inactive|3d & Spencer has 120 seconds left.\n|\n|t:|1700431862\n|switch|p1a: Zapdos|Zapdos|79\/100\n|-damage|p1a: Zapdos|54\/100|[from] Stealth Rock\n|move|p2a: Zamazenta|Stone Edge|p1a: Zapdos|[miss]\n|-miss|p2a: Zamazenta|p1a: Zapdos\n|\n|upkeep\n|turn|17\n|inactive|Shiif & Zena has 270 seconds left.\n|inactive|Shiif & Zena has 240 seconds left.\n|inactive|Shiif & Zena has 210 seconds left.\n|\n|t:|1700431949\n|switch|p1a: Sneasler|Sneasler, F|100\/100\n|-damage|p1a: Sneasler|95\/100|[from] Stealth Rock\n|-damage|p1a: Sneasler|82\/100|[from] Spikes\n|move|p2a: Zamazenta|Stone Edge|p1a: Sneasler|[miss]\n|-miss|p2a: Zamazenta|p1a: Sneasler\n|\n|upkeep\n|turn|18\n|inactive|3d & Spencer has 120 seconds left.\n|\n|t:|1700431991\n|move|p1a: Sneasler|Switcheroo|p2a: Zamazenta\n|-activate|p1a: Sneasler|move: Trick|[of] p2a: Zamazenta\n|-item|p2a: Zamazenta|Choice Scarf|[from] move: Switcheroo\n|-item|p1a: Sneasler|Heavy-Duty Boots|[from] move: Switcheroo\n|move|p2a: Zamazenta|Heavy Slam|p1a: Sneasler\n|-damage|p1a: Sneasler|21\/100\n|\n|upkeep\n|turn|19\n|inactive|Shiif & Zena has 180 seconds left.\n|inactive|3d & Spencer has 90 seconds left.\n|\n|t:|1700432037\n|switch|p2a: Zapdos|Zapdos|100\/100\n|switch|p1a: Heatran|Heatran, F|84\/100\n|-damage|p1a: Heatran|72\/100|[from] Stealth Rock\n|-damage|p1a: Heatran|59\/100|[from] Spikes\n|\n|upkeep\n|turn|20\n|inactive|Shiif & Zena has 180 seconds left.\n|\n|t:|1700432056\n|move|p2a: Zapdos|Volt Switch|p1a: Heatran\n|-damage|p1a: Heatran|36\/100\n|\n|t:|1700432063\n|switch|p2a: Gliscor|Gliscor, F|94\/100 tox|[from] Volt Switch\n|move|p1a: Heatran|Magma Storm|p2a: Gliscor|[miss]\n|-miss|p1a: Heatran|p2a: Gliscor\n|\n|-heal|p2a: Gliscor|100\/100 tox|[from] ability: Poison Heal\n|upkeep\n|turn|21\n|inactive|Shiif & Zena has 180 seconds left.\n|inactive|3d & Spencer has 90 seconds left.\n|\n|t:|1700432069\n|switch|p1a: Rillaboom|Rillaboom, M|100\/100\n|-fieldstart|move: Grassy Terrain|[from] ability: Grassy Surge|[of] p1a: Rillaboom\n|move|p2a: Gliscor|Swords Dance|p2a: Gliscor\n|-boost|p2a: Gliscor|atk|2\n|\n|upkeep\n|turn|22\n|inactive|Shiif & Zena has 180 seconds left.\n|inactive|3d & Spencer has 90 seconds left.\n|\n|t:|1700432081\n|move|p2a: Gliscor|Protect|p2a: Gliscor\n|-singleturn|p2a: Gliscor|Protect\n|move|p1a: Rillaboom|Swords Dance|p1a: Rillaboom\n|-boost|p1a: Rillaboom|atk|2\n|\n|upkeep\n|turn|23\n|\n|t:|1700432091\n|switch|p2a: Skeledirge|Skeledirge, F|100\/100\n|move|p1a: Rillaboom|Knock Off|p2a: Skeledirge\n|-supereffective|p2a: Skeledirge\n|-damage|p2a: Skeledirge|48\/100\n|-enditem|p2a: Skeledirge|Heavy-Duty Boots|[from] move: Knock Off|[of] p1a: Rillaboom\n|\n|-heal|p2a: Skeledirge|54\/100|[from] Grassy Terrain\n|upkeep\n|turn|24\n|\n|t:|1700432102\n|switch|p1a: Ting-Lu|Ting-Lu|100\/100\n|-ability|p1a: Ting-Lu|Vessel of Ruin\n|move|p2a: Skeledirge|Slack Off|p2a: Skeledirge\n|-heal|p2a: Skeledirge|100\/100\n|\n|upkeep\n|turn|25\n|\n|t:|1700432111\n|move|p2a: Skeledirge|Will-O-Wisp|p1a: Ting-Lu\n|-status|p1a: Ting-Lu|brn\n|move|p1a: Ting-Lu|Spikes|p2a: Skeledirge\n|-sidestart|p2: 3d & Spencer|Spikes\n|\n|-damage|p1a: Ting-Lu|94\/100 brn|[from] brn\n|-fieldend|move: Grassy Terrain\n|upkeep\n|turn|26\n|inactive|3d & Spencer has 90 seconds left.\n|\n|t:|1700432146\n|switch|p2a: Zamazenta|Zamazenta|100\/100\n|-damage|p2a: Zamazenta|88\/100|[from] Spikes\n|move|p1a: Ting-Lu|Spikes|p2a: Zamazenta\n|-sidestart|p2: 3d & Spencer|Spikes\n|\n|-damage|p1a: Ting-Lu|88\/100 brn|[from] brn\n|upkeep\n|turn|27\n|inactive|Shiif & Zena has 180 seconds left.\n|c|+blarghlfarghl|go team\n|inactive|Shiif & Zena has 150 seconds left.\n|\n|t:|1700432207\n|-terastallize|p1a: Ting-Lu|Poison\n|move|p2a: Zamazenta|Close Combat|p1a: Ting-Lu\n|-resisted|p1a: Ting-Lu\n|-damage|p1a: Ting-Lu|70\/100 brn\n|-unboost|p2a: Zamazenta|def|1\n|-unboost|p2a: Zamazenta|spd|1\n|move|p1a: Ting-Lu|Ruination|p2a: Zamazenta\n|-damage|p2a: Zamazenta|44\/100\n|\n|-damage|p1a: Ting-Lu|64\/100 brn|[from] brn\n|upkeep\n|turn|28\n|inactive|3d & Spencer has 90 seconds left.\n|\n|t:|1700432236\n|switch|p2a: Clefable|Clefable, M|85\/100\n|move|p1a: Ting-Lu|Spikes|p2a: Clefable\n|-sidestart|p2: 3d & Spencer|Spikes\n|\n|-heal|p2a: Clefable|91\/100|[from] item: Leftovers\n|-damage|p1a: Ting-Lu|57\/100 brn|[from] brn\n|upkeep\n|turn|29\n|inactive|Shiif & Zena has 150 seconds left.\n|\n|t:|1700432254\n|move|p2a: Clefable|Knock Off|p1a: Ting-Lu\n|-damage|p1a: Ting-Lu|49\/100 brn\n|-enditem|p1a: Ting-Lu|Heavy-Duty Boots|[from] move: Knock Off|[of] p2a: Clefable\n|move|p1a: Ting-Lu|Ruination|p2a: Clefable\n|-damage|p2a: Clefable|46\/100\n|\n|-heal|p2a: Clefable|52\/100|[from] item: Leftovers\n|-damage|p1a: Ting-Lu|43\/100 brn|[from] brn\n|upkeep\n|turn|30\n|\n|t:|1700432262\n|move|p2a: Clefable|Moonlight|p2a: Clefable\n|-heal|p2a: Clefable|100\/100\n|move|p1a: Ting-Lu|Rest|p1a: Ting-Lu\n|-status|p1a: Ting-Lu|slp|[from] move: Rest\n|-heal|p1a: Ting-Lu|100\/100 slp|[silent]\n|\n|upkeep\n|turn|31\n|\n|t:|1700432268\n|switch|p2a: Gliscor|Gliscor, F|100\/100 tox\n|cant|p1a: Ting-Lu|slp\n|\n|upkeep\n|turn|32\n|\n|t:|1700432278\n|switch|p1a: Zapdos|Zapdos|54\/100\n|-damage|p1a: Zapdos|29\/100|[from] Stealth Rock\n|move|p2a: Gliscor|Swords Dance|p2a: Gliscor\n|-boost|p2a: Gliscor|atk|2\n|\n|upkeep\n|turn|33\n|\n|t:|1700432293\n|move|p1a: Zapdos|Heat Wave|p2a: Gliscor\n|-damage|p2a: Gliscor|80\/100 tox\n|move|p2a: Gliscor|Facade|p1a: Zapdos\n|-damage|p1a: Zapdos|0 fnt\n|faint|p1a: Zapdos\n|\n|-heal|p2a: Gliscor|92\/100 tox|[from] ability: Poison Heal\n|upkeep\n|inactive|Shiif & Zena has 150 seconds left.\n|inactive|Shiif & Zena has 120 seconds left.\n|inactive|Shiif & Zena has 90 seconds left.\n|inactive|Shiif & Zena has 60 seconds left.\n|\n|t:|1700432400\n|switch|p1a: Rillaboom|Rillaboom, M|100\/100\n|-fieldstart|move: Grassy Terrain|[from] ability: Grassy Surge|[of] p1a: Rillaboom\n|turn|34\n|\n|t:|1700432403\n|move|p1a: Rillaboom|Swords Dance|p1a: Rillaboom\n|-boost|p1a: Rillaboom|atk|2\n|move|p2a: Gliscor|Facade|p1a: Rillaboom\n|-damage|p1a: Rillaboom|35\/100\n|\n|-heal|p1a: Rillaboom|41\/100|[from] Grassy Terrain\n|-heal|p2a: Gliscor|100\/100 tox|[from] ability: Poison Heal\n|upkeep\n|turn|35\n|\n|t:|1700432414\n|-terastallize|p2a: Gliscor|Dragon\n|move|p1a: Rillaboom|Grassy Glide|p2a: Gliscor\n|-resisted|p2a: Gliscor\n|-damage|p2a: Gliscor|70\/100 tox\n|move|p2a: Gliscor|Facade|p1a: Rillaboom\n|-damage|p1a: Rillaboom|0 fnt\n|faint|p1a: Rillaboom\n|\n|-heal|p2a: Gliscor|76\/100 tox|[from] Grassy Terrain\n|-heal|p2a: Gliscor|89\/100 tox|[from] ability: Poison Heal\n|upkeep\n|\n|t:|1700432425\n|switch|p1a: Dragapult|Dragapult, M|43\/100\n|-damage|p1a: Dragapult|31\/100|[from] Stealth Rock\n|-damage|p1a: Dragapult|18\/100|[from] Spikes\n|turn|36\n|\n|t:|1700432435\n|switch|p2a: Clefable|Clefable, M|100\/100\n|move|p1a: Dragapult|Draco Meteor|p2a: Clefable\n|-immune|p2a: Clefable\n|\n|-heal|p1a: Dragapult|24\/100|[from] Grassy Terrain\n|upkeep\n|turn|37\n|inactive|Shiif & Zena has 60 seconds left.\n|\n|t:|1700432480\n|move|p1a: Dragapult|Hex|p2a: Clefable\n|-damage|p2a: Clefable|74\/100\n|move|p2a: Clefable|Ice Beam|p1a: Dragapult\n|-supereffective|p1a: Dragapult\n|-damage|p1a: Dragapult|0 fnt\n|faint|p1a: Dragapult\n|\n|-heal|p2a: Clefable|80\/100|[from] Grassy Terrain\n|-heal|p2a: Clefable|86\/100|[from] item: Leftovers\n|upkeep\n|\n|t:|1700432486\n|switch|p1a: Heatran|Heatran, F|36\/100\n|-damage|p1a: Heatran|24\/100|[from] Stealth Rock\n|-damage|p1a: Heatran|11\/100|[from] Spikes\n|turn|38\n|\n|t:|1700432501\n|switch|p2a: Zamazenta|Zamazenta|44\/100\n|-damage|p2a: Zamazenta|20\/100|[from] Spikes\n|move|p1a: Heatran|Magma Storm|p2a: Zamazenta\n|-damage|p2a: Zamazenta|0 fnt\n|faint|p2a: Zamazenta\n|\n|-heal|p1a: Heatran|17\/100|[from] Grassy Terrain\n|-fieldend|move: Grassy Terrain\n|upkeep\n|\n|t:|1700432503\n|switch|p2a: Zapdos|Zapdos|100\/100\n|turn|39\n|\n|t:|1700432512\n|move|p2a: Zapdos|Volt Switch|p1a: Heatran\n|-damage|p1a: Heatran|0 fnt\n|faint|p1a: Heatran\n|\n|t:|1700432517\n|switch|p2a: Gliscor|Gliscor, F, tera:Dragon|89\/100 tox|[from] Volt Switch\n|-damage|p2a: Gliscor|64\/100 tox|[from] Spikes\n|\n|-heal|p2a: Gliscor|76\/100 tox|[from] ability: Poison Heal\n|upkeep\n|\n|t:|1700432522\n|switch|p1a: Ting-Lu|Ting-Lu, tera:Poison|100\/100 slp\n|-damage|p1a: Ting-Lu|88\/100 slp|[from] Stealth Rock\n|-damage|p1a: Ting-Lu|76\/100 slp|[from] Spikes\n|-ability|p1a: Ting-Lu|Vessel of Ruin\n|turn|40\n|\n|t:|1700432527\n|move|p2a: Gliscor|Swords Dance|p2a: Gliscor\n|-boost|p2a: Gliscor|atk|2\n|cant|p1a: Ting-Lu|slp\n|\n|-heal|p2a: Gliscor|89\/100 tox|[from] ability: Poison Heal\n|upkeep\n|turn|41\n|\n|t:|1700432531\n|move|p2a: Gliscor|Facade|p1a: Ting-Lu\n|-damage|p1a: Ting-Lu|44\/100 slp\n|-curestatus|p1a: Ting-Lu|slp|[msg]\n|move|p1a: Ting-Lu|Whirlwind|p2a: Gliscor\n|drag|p2a: Skeledirge|Skeledirge, F|100\/100\n|-damage|p2a: Skeledirge|75\/100|[from] Spikes\n|\n|upkeep\n|turn|42\n|\n|t:|1700432538\n|move|p2a: Skeledirge|Torch Song|p1a: Ting-Lu\n|-damage|p1a: Ting-Lu|32\/100\n|-boost|p2a: Skeledirge|spa|1\n|move|p1a: Ting-Lu|Ruination|p2a: Skeledirge\n|-damage|p2a: Skeledirge|38\/100\n|\n|upkeep\n|turn|43\n|\n|t:|1700432542\n|move|p2a: Skeledirge|Torch Song|p1a: Ting-Lu\n|-damage|p1a: Ting-Lu|12\/100\n|-boost|p2a: Skeledirge|spa|1\n|move|p1a: Ting-Lu|Whirlwind|p2a: Skeledirge\n|drag|p2a: Zapdos|Zapdos|100\/100\n|\n|upkeep\n|turn|44\n|inactive|3d & Spencer has 210 seconds left.\n|\n|t:|1700432552\n|move|p2a: Zapdos|Hurricane|p1a: Ting-Lu\n|-damage|p1a: Ting-Lu|0 fnt\n|faint|p1a: Ting-Lu\n|\n|upkeep\n|\n|t:|1700432555\n|switch|p1a: Sneasler|Sneasler, F|21\/100\n|turn|45\n|\n|t:|1700432558\n|move|p1a: Sneasler|Dire Claw|p2a: Zapdos\n|-damage|p2a: Zapdos|60\/100\n|move|p2a: Zapdos|Volt Switch|p1a: Sneasler\n|-damage|p1a: Sneasler|0 fnt\n|faint|p1a: Sneasler\n|\n|win|3d & Spencer\n|c|\u26063d & Spencer|gg\n|c|\u26063d & Spencer|what gen next?\n|c|\u2606Shiif & Zena|gg\n|c|\u2606Shiif & Zena|7\n|c|\u26063d & Spencer|got it\n","uploadtime":1700432559,"views":40,"p1id":"shiifzena","p2id":"3dspencer","formatid":"gen9ubers","rating":0,"private":0,"password":""}