{"id":"smogtours-gen9ubers-731865","p1":"skimmythegod","p2":"Luna's Bann3d Now","format":"[Gen 9] Ubers","log":"|inactive|Battle timer is ON: inactive players will automatically lose when time's up.\n|t:|1700478103\n|gametype|singles\n|player|p1|skimmythegod|#uplximelmetal|\n|player|p2|Luna's Bann3d Now|#agplvivoryimpalers|\n|teamsize|p1|6\n|teamsize|p2|6\n|gen|9\n|tier|[Gen 9] Ubers\n|rule|Sleep Clause Mod: Limit one foe put to sleep\n|rule|Species Clause: Limit one of each Pok\u00e9mon\n|rule|OHKO Clause: OHKO moves are banned\n|rule|Evasion Items Clause: Evasion items are banned\n|rule|Evasion Moves Clause: Evasion moves are banned\n|rule|Endless Battle Clause: Forcing endless battles is banned\n|rule|HP Percentage Mod: HP is shown in percentages\n|clearpoke\n|poke|p1|Giratina-Origin|\n|poke|p1|Kyogre|\n|poke|p1|Landorus-Therian, M|\n|poke|p1|Arceus-Steel|\n|poke|p1|Ting-Lu|\n|poke|p1|Eternatus|\n|poke|p2|Arceus|\n|poke|p2|Groudon|\n|poke|p2|Eternatus|\n|poke|p2|Koraidon|\n|poke|p2|Zacian-*|\n|poke|p2|Flutter Mane|\n|teampreview\n|inactive|skimmythegod also wants the timer to be on.\n|c|\u2606Luna's Bann3d Now|hf\n|c|\u2606skimmythegod|hf\n|\n|t:|1700478125\n|start\n|switch|p1a: Landorus|Landorus-Therian, M|100\/100\n|switch|p2a: Groudon|Groudon|100\/100\n|-weather|SunnyDay|[from] ability: Drought|[of] p2a: Groudon\n|-ability|p1a: Landorus|Intimidate|boost\n|-unboost|p2a: Groudon|atk|1\n|-enditem|p2a: Groudon|Eject Pack\n|\n|t:|1700478132\n|switch|p2a: Flutter Mane|Flutter Mane|100\/100\n|-activate|p2a: Flutter Mane|ability: Protosynthesis\n|-start|p2a: Flutter Mane|protosynthesisspe\n|turn|1\n|\n|t:|1700478139\n|switch|p1a: Eternatus|Eternatus|100\/100\n|-ability|p1a: Eternatus|Pressure\n|move|p2a: Flutter Mane|Moonblast|p1a: Eternatus\n|-damage|p1a: Eternatus|65\/100\n|-unboost|p1a: Eternatus|spa|1\n|-damage|p2a: Flutter Mane|91\/100|[from] item: Life Orb\n|\n|-weather|SunnyDay|[upkeep]\n|upkeep\n|turn|2\n|inactive|skimmythegod has 270 seconds left.\n|\n|t:|1700478172\n|move|p2a: Flutter Mane|Psyshock|p1a: Eternatus\n|-supereffective|p1a: Eternatus\n|-damage|p1a: Eternatus|12\/100\n|-damage|p2a: Flutter Mane|81\/100|[from] item: Life Orb\n|move|p1a: Eternatus|Recover|p1a: Eternatus\n|-heal|p1a: Eternatus|62\/100\n|\n|-weather|SunnyDay|[upkeep]\n|upkeep\n|turn|3\n|\n|t:|1700478185\n|-end|p2a: Flutter Mane|Protosynthesis|[silent]\n|switch|p2a: Zacian|Zacian-Crowned|100\/100\n|-ability|p2a: Zacian|Intrepid Sword|boost\n|-boost|p2a: Zacian|atk|1\n|switch|p1a: Arceus|Arceus-Steel|100\/100\n|\n|-weather|SunnyDay|[upkeep]\n|upkeep\n|turn|4\n|inactive|skimmythegod has 270 seconds left.\n|inactive|skimmythegod has 240 seconds left.\n|\n|t:|1700478235\n|switch|p2a: Eternatus|Eternatus|100\/100\n|-ability|p2a: Eternatus|Pressure\n|switch|p1a: Landorus|Landorus-Therian, M|100\/100\n|-ability|p1a: Landorus|Intimidate|boost\n|-unboost|p2a: Eternatus|atk|1\n|\n|-weather|SunnyDay|[upkeep]\n|upkeep\n|turn|5\n|\n|t:|1700478243\n|switch|p2a: Groudon|Groudon|100\/100\n|switch|p1a: Ting-Lu|Ting-Lu|100\/100\n|-ability|p1a: Ting-Lu|Vessel of Ruin\n|\n|-weather|none\n|upkeep\n|turn|6\n|\n|t:|1700478251\n|move|p2a: Groudon|Spikes|p1a: Ting-Lu\n|-sidestart|p1: skimmythegod|Spikes\n|move|p1a: Ting-Lu|Spikes|p2a: Groudon\n|-sidestart|p2: Luna's Bann3d Now|Spikes\n|\n|upkeep\n|turn|7\n|\n|t:|1700478258\n|move|p2a: Groudon|Spikes|p1a: Ting-Lu\n|-sidestart|p1: skimmythegod|Spikes\n|move|p1a: Ting-Lu|Spikes|p2a: Groudon\n|-sidestart|p2: Luna's Bann3d Now|Spikes\n|\n|upkeep\n|turn|8\n|\n|t:|1700478262\n|move|p2a: Groudon|Will-O-Wisp|p1a: Ting-Lu\n|-status|p1a: Ting-Lu|brn\n|move|p1a: Ting-Lu|Spikes|p2a: Groudon\n|-sidestart|p2: Luna's Bann3d Now|Spikes\n|\n|-damage|p1a: Ting-Lu|94\/100 brn|[from] brn\n|upkeep\n|turn|9\n|\n|t:|1700478265\n|move|p2a: Groudon|Spikes|p1a: Ting-Lu\n|-sidestart|p1: skimmythegod|Spikes\n|move|p1a: Ting-Lu|Ruination|p2a: Groudon|[miss]\n|-miss|p1a: Ting-Lu|p2a: Groudon\n|\n|-heal|p1a: Ting-Lu|100\/100 brn|[from] item: Leftovers\n|-damage|p1a: Ting-Lu|94\/100 brn|[from] brn\n|upkeep\n|turn|10\n|\n|t:|1700478268\n|switch|p1a: Landorus|Landorus-Therian, M|100\/100\n|-ability|p1a: Landorus|Intimidate|boost\n|-unboost|p2a: Groudon|atk|1\n|move|p2a: Groudon|Precipice Blades|p1a: Landorus\n|-immune|p1a: Landorus\n|\n|upkeep\n|turn|11\n|\n|t:|1700478273\n|move|p2a: Groudon|Will-O-Wisp|p1a: Landorus|[miss]\n|-miss|p2a: Groudon|p1a: Landorus\n|move|p1a: Landorus|Stealth Rock|p2a: Groudon\n|-sidestart|p2: Luna's Bann3d Now|move: Stealth Rock\n|\n|upkeep\n|turn|12\n|\n|t:|1700478279\n|move|p1a: Landorus|U-turn|p2a: Groudon\n|-damage|p2a: Groudon|89\/100\n|\n|t:|1700478286\n|switch|p1a: Eternatus|Eternatus|62\/100|[from] U-turn\n|-ability|p1a: Eternatus|Pressure\n|move|p2a: Groudon|Precipice Blades|p1a: Eternatus\n|-supereffective|p1a: Eternatus\n|-damage|p1a: Eternatus|0 fnt\n|faint|p1a: Eternatus\n|\n|upkeep\n|\n|t:|1700478295\n|switch|p1a: Kyogre|Kyogre|100\/100\n|-damage|p1a: Kyogre|76\/100|[from] Spikes\n|-weather|RainDance|[from] ability: Drizzle|[of] p1a: Kyogre\n|turn|13\n|\n|t:|1700478303\n|switch|p2a: Zacian|Zacian-Crowned|100\/100\n|-damage|p2a: Zacian|76\/100|[from] Spikes\n|-damage|p2a: Zacian|69\/100|[from] Stealth Rock\n|move|p1a: Kyogre|Ice Beam|p2a: Zacian\n|-resisted|p2a: Zacian\n|-damage|p2a: Zacian|53\/100\n|\n|-weather|RainDance|[upkeep]\n|upkeep\n|turn|14\n|\n|t:|1700478309\n|switch|p1a: Landorus|Landorus-Therian, M|100\/100\n|-ability|p1a: Landorus|Intimidate|boost\n|-unboost|p2a: Zacian|atk|1\n|move|p2a: Zacian|Play Rough|p1a: Landorus\n|-damage|p1a: Landorus|73\/100\n|-damage|p2a: Zacian|36\/100|[from] item: Rocky Helmet|[of] p1a: Landorus\n|\n|-weather|RainDance|[upkeep]\n|upkeep\n|turn|15\n|\n|t:|1700478313\n|move|p2a: Zacian|Behemoth Blade|p1a: Landorus\n|-damage|p1a: Landorus|43\/100\n|-damage|p2a: Zacian|20\/100|[from] item: Rocky Helmet|[of] p1a: Landorus\n|move|p1a: Landorus|Earthquake|p2a: Zacian\n|-supereffective|p2a: Zacian\n|-damage|p2a: Zacian|0 fnt\n|faint|p2a: Zacian\n|\n|-weather|RainDance|[upkeep]\n|upkeep\n|\n|t:|1700478330\n|switch|p2a: Flutter Mane|Flutter Mane|81\/100\n|-damage|p2a: Flutter Mane|56\/100|[from] Spikes\n|-damage|p2a: Flutter Mane|44\/100|[from] Stealth Rock\n|turn|16\n|\n|t:|1700478332\n|switch|p1a: Arceus|Arceus-Steel|100\/100\n|-damage|p1a: Arceus|75\/100|[from] Spikes\n|move|p2a: Flutter Mane|Moonblast|p1a: Arceus\n|-resisted|p1a: Arceus\n|-damage|p1a: Arceus|53\/100\n|-damage|p2a: Flutter Mane|34\/100|[from] item: Life Orb\n|\n|-weather|RainDance|[upkeep]\n|upkeep\n|turn|17\n|\n|t:|1700478344\n|-end|p2a: Flutter Mane|Protosynthesis|[silent]\n|switch|p2a: Eternatus|Eternatus|100\/100\n|-damage|p2a: Eternatus|76\/100|[from] Spikes\n|-damage|p2a: Eternatus|63\/100|[from] Stealth Rock\n|-ability|p2a: Eternatus|Pressure\n|move|p1a: Arceus|Recover|p1a: Arceus\n|-heal|p1a: Arceus|100\/100\n|\n|-weather|none\n|upkeep\n|turn|18\n|\n|t:|1700478351\n|switch|p1a: Ting-Lu|Ting-Lu|94\/100 brn\n|-damage|p1a: Ting-Lu|69\/100 brn|[from] Spikes\n|-ability|p1a: Ting-Lu|Vessel of Ruin\n|move|p2a: Eternatus|Fire Blast|p1a: Ting-Lu\n|-damage|p1a: Ting-Lu|44\/100 brn\n|\n|-heal|p1a: Ting-Lu|51\/100 brn|[from] item: Leftovers\n|-damage|p1a: Ting-Lu|44\/100 brn|[from] brn\n|upkeep\n|turn|19\n|\n|t:|1700478354\n|move|p2a: Eternatus|Dynamax Cannon|p1a: Ting-Lu\n|-damage|p1a: Ting-Lu|19\/100 brn\n|move|p1a: Ting-Lu|Whirlwind|p2a: Eternatus\n|drag|p2a: Arceus|Arceus|100\/100\n|-damage|p2a: Arceus|76\/100|[from] Spikes\n|-damage|p2a: Arceus|63\/100|[from] Stealth Rock\n|\n|-heal|p1a: Ting-Lu|25\/100 brn|[from] item: Leftovers\n|-damage|p1a: Ting-Lu|19\/100 brn|[from] brn\n|upkeep\n|turn|20\n|\n|t:|1700478361\n|move|p2a: Arceus|Taunt|p1a: Ting-Lu\n|-start|p1a: Ting-Lu|move: Taunt\n|cant|p1a: Ting-Lu|move: Taunt|Whirlwind\n|\n|-heal|p1a: Ting-Lu|25\/100 brn|[from] item: Leftovers\n|-damage|p1a: Ting-Lu|19\/100 brn|[from] brn\n|upkeep\n|turn|21\n|\n|t:|1700478367\n|switch|p1a: Giratina|Giratina-Origin|100\/100\n|move|p2a: Arceus|Swords Dance|p2a: Arceus\n|-boost|p2a: Arceus|atk|2\n|\n|upkeep\n|turn|22\n|\n|t:|1700478372\n|move|p2a: Arceus|Shadow Claw|p1a: Giratina\n|-supereffective|p1a: Giratina\n|-damage|p1a: Giratina|40\/100\n|move|p1a: Giratina|Dragon Tail|p2a: Arceus\n|-damage|p2a: Arceus|35\/100\n|drag|p2a: Groudon|Groudon|89\/100\n|-damage|p2a: Groudon|64\/100|[from] Spikes\n|-damage|p2a: Groudon|58\/100|[from] Stealth Rock\n|-weather|SunnyDay|[from] ability: Drought|[of] p2a: Groudon\n|\n|-weather|SunnyDay|[upkeep]\n|upkeep\n|turn|23\n|\n|t:|1700478378\n|move|p2a: Groudon|Will-O-Wisp|p1a: Giratina\n|-status|p1a: Giratina|brn\n|move|p1a: Giratina|Dragon Tail|p2a: Groudon\n|-damage|p2a: Groudon|48\/100\n|drag|p2a: Arceus|Arceus|35\/100\n|-damage|p2a: Arceus|10\/100|[from] Spikes\n|-damage|p2a: Arceus|0 fnt|[from] Stealth Rock\n|faint|p2a: Arceus\n|\n|-weather|SunnyDay|[upkeep]\n|-damage|p1a: Giratina|34\/100 brn|[from] brn\n|upkeep\n|\n|t:|1700478396\n|switch|p2a: Eternatus|Eternatus|63\/100\n|-damage|p2a: Eternatus|38\/100|[from] Spikes\n|-damage|p2a: Eternatus|26\/100|[from] Stealth Rock\n|-ability|p2a: Eternatus|Pressure\n|turn|24\n|\n|t:|1700478403\n|switch|p1a: Ting-Lu|Ting-Lu|19\/100 brn\n|-damage|p1a: Ting-Lu|0 fnt|[from] Spikes\n|faint|p1a: Ting-Lu\n|move|p2a: Eternatus|Dynamax Cannon|p1: Ting-Lu|[notarget]\n|-fail|p2a: Eternatus\n|\n|-weather|SunnyDay|[upkeep]\n|upkeep\n|\n|t:|1700478405\n|switch|p1a: Kyogre|Kyogre|76\/100\n|-damage|p1a: Kyogre|51\/100|[from] Spikes\n|-weather|RainDance|[from] ability: Drizzle|[of] p1a: Kyogre\n|turn|25\n|\n|t:|1700478407\n|move|p1a: Kyogre|Ice Beam|p2a: Eternatus\n|-supereffective|p2a: Eternatus\n|-damage|p2a: Eternatus|0 fnt\n|faint|p2a: Eternatus\n|\n|-weather|RainDance|[upkeep]\n|upkeep\n|\n|t:|1700478409\n|switch|p2a: Koraidon|Koraidon|100\/100\n|-damage|p2a: Koraidon|76\/100|[from] Spikes\n|-damage|p2a: Koraidon|69\/100|[from] Stealth Rock\n|-weather|SunnyDay|[from] ability: Orichalcum Pulse|[of] p2a: Koraidon\n|-activate|p2a: Koraidon|Orichalcum Pulse|[source]\n|turn|26\n|\n|t:|1700478413\n|move|p2a: Koraidon|Dragon Claw|p1a: Kyogre\n|-crit|p1a: Kyogre\n|-damage|p1a: Kyogre|0 fnt\n|faint|p1a: Kyogre\n|\n|-weather|SunnyDay|[upkeep]\n|upkeep\n|\n|t:|1700478417\n|switch|p1a: Landorus|Landorus-Therian, M|43\/100\n|-ability|p1a: Landorus|Intimidate|boost\n|-unboost|p2a: Koraidon|atk|1\n|turn|27\n|\n|t:|1700478422\n|switch|p2a: Flutter Mane|Flutter Mane|34\/100\n|-damage|p2a: Flutter Mane|9\/100|[from] Spikes\n|-damage|p2a: Flutter Mane|0 fnt|[from] Stealth Rock\n|faint|p2a: Flutter Mane\n|-end|p2a: Flutter Mane|Protosynthesis|[silent]\n|move|p1a: Landorus|Earthquake|p2: Flutter Mane|[notarget]\n|-fail|p1a: Landorus\n|\n|-weather|SunnyDay|[upkeep]\n|upkeep\n|\n|t:|1700478424\n|switch|p2a: Koraidon|Koraidon|69\/100\n|-damage|p2a: Koraidon|44\/100|[from] Spikes\n|-damage|p2a: Koraidon|38\/100|[from] Stealth Rock\n|-activate|p2a: Koraidon|ability: Orichalcum Pulse\n|turn|28\n|\n|t:|1700478438\n|move|p2a: Koraidon|Flare Blitz|p1a: Landorus\n|-damage|p1a: Landorus|0 fnt\n|-damage|p2a: Koraidon|22\/100|[from] item: Rocky Helmet|[of] p1a: Landorus\n|faint|p1a: Landorus\n|-damage|p2a: Koraidon|6\/100|[from] Recoil\n|\n|-weather|SunnyDay|[upkeep]\n|upkeep\n|\n|t:|1700478440\n|switch|p1a: Giratina|Giratina-Origin|34\/100 brn\n|turn|29\n|\n|t:|1700478443\n|move|p1a: Giratina|Shadow Sneak|p2a: Koraidon\n|-damage|p2a: Koraidon|0 fnt\n|faint|p2a: Koraidon\n|\n|-weather|SunnyDay|[upkeep]\n|-damage|p1a: Giratina|28\/100 brn|[from] brn\n|upkeep\n|\n|t:|1700478444\n|switch|p2a: Groudon|Groudon|48\/100\n|-damage|p2a: Groudon|24\/100|[from] Spikes\n|-damage|p2a: Groudon|17\/100|[from] Stealth Rock\n|turn|30\n|\n|t:|1700478449\n|move|p2a: Groudon|Overheat|p1a: Giratina\n|-resisted|p1a: Giratina\n|-crit|p1a: Giratina\n|-damage|p1a: Giratina|3\/100 brn\n|-unboost|p2a: Groudon|spa|2\n|move|p1a: Giratina|Dragon Tail|p2a: Groudon\n|-damage|p2a: Groudon|8\/100\n|\n|-weather|none\n|-damage|p1a: Giratina|0 fnt|[from] brn\n|faint|p1a: Giratina\n|upkeep\n|\n|t:|1700478452\n|switch|p1a: Arceus|Arceus-Steel|100\/100\n|-damage|p1a: Arceus|75\/100|[from] Spikes\n|turn|31\n|\n|t:|1700478454\n|-terastallize|p1a: Arceus|Water\n|-terastallize|p2a: Groudon|Water\n|move|p1a: Arceus|Earth Power|p2a: Groudon\n|-damage|p2a: Groudon|0 fnt\n|faint|p2a: Groudon\n|\n|win|skimmythegod\n|c|\u2606skimmythegod|gg\n|c|\u2606Luna's Bann3d Now|gg\n","uploadtime":1700478455,"views":29,"p1id":"skimmythegod","p2id":"lunasbann3dnow","formatid":"gen9ubers","rating":0,"private":0,"password":""}