{"id":"smogtours-gen9ubers-725623","p1":"Highlord","p2":"Icemaster","format":"[Gen 9] Ubers","log":"|inactive|Battle timer is ON: inactive players will automatically lose when time's up.\n|t:|1697997293\n|gametype|singles\n|player|p1|Highlord|#scl3foxes|\n|player|p2|Icemaster|#scl3spartans2|\n|teamsize|p1|6\n|teamsize|p2|6\n|gen|9\n|tier|[Gen 9] Ubers\n|rule|Sleep Clause Mod: Limit one foe put to sleep\n|rule|Species Clause: Limit one of each Pok\u00e9mon\n|rule|OHKO Clause: OHKO moves are banned\n|rule|Evasion Items Clause: Evasion items are banned\n|rule|Evasion Moves Clause: Evasion moves are banned\n|rule|Endless Battle Clause: Forcing endless battles is banned\n|rule|HP Percentage Mod: HP is shown in percentages\n|clearpoke\n|poke|p1|Hatterene, F|\n|poke|p1|Koraidon|\n|poke|p1|Arceus-Ground|\n|poke|p1|Zacian-*|\n|poke|p1|Basculegion, M|\n|poke|p1|Kyogre|\n|poke|p2|Gliscor, M|\n|poke|p2|Iron Treads|\n|poke|p2|Miraidon|\n|poke|p2|Zacian-*|\n|poke|p2|Koraidon|\n|poke|p2|Arceus-Grass|\n|teampreview\n|c|\u2606Icemaster|hf\n|inactive|Highlord has 270 seconds left.\n|\n|t:|1697997336\n|start\n|switch|p1a: Koraidon|Koraidon|100\/100\n|switch|p2a: Miraidon|Miraidon|100\/100\n|-weather|SunnyDay|[from] ability: Orichalcum Pulse|[of] p1a: Koraidon\n|-activate|p1a: Koraidon|Orichalcum Pulse|[source]\n|-fieldstart|move: Electric Terrain|[from] ability: Hadron Engine|[of] p2a: Miraidon\n|turn|1\n|\n|t:|1697997350\n|switch|p2a: Gliscor|Gliscor, M|100\/100\n|move|p1a: Koraidon|U-turn|p2a: Gliscor\n|-resisted|p2a: Gliscor\n|-damage|p2a: Gliscor|91\/100\n|\n|t:|1697997352\n|switch|p1a: Arceus|Arceus-Ground|100\/100|[from] U-turn\n|\n|-weather|SunnyDay|[upkeep]\n|-status|p2a: Gliscor|tox|[from] item: Toxic Orb\n|upkeep\n|turn|2\n|\n|t:|1697997364\n|switch|p2a: Arceus|Arceus-Grass|100\/100\n|move|p1a: Arceus|Stealth Rock|p2a: Arceus\n|-sidestart|p2: Icemaster|move: Stealth Rock\n|\n|-weather|SunnyDay|[upkeep]\n|upkeep\n|turn|3\n|inactive|Icemaster has 270 seconds left.\n|\n|t:|1697997399\n|switch|p1a: Koraidon|Koraidon|100\/100\n|-activate|p1a: Koraidon|ability: Orichalcum Pulse\n|move|p2a: Arceus|Will-O-Wisp|p1a: Koraidon\n|-status|p1a: Koraidon|brn\n|\n|-weather|SunnyDay|[upkeep]\n|-damage|p1a: Koraidon|94\/100 brn|[from] brn\n|upkeep\n|turn|4\n|inactive|Icemaster has 270 seconds left.\n|\n|t:|1697997415\n|move|p1a: Koraidon|U-turn|p2a: Arceus\n|-supereffective|p2a: Arceus\n|-damage|p2a: Arceus|81\/100\n|\n|t:|1697997421\n|switch|p1a: Zacian|Zacian-Crowned|100\/100|[from] U-turn\n|-ability|p1a: Zacian|Intrepid Sword|boost\n|-boost|p1a: Zacian|atk|1\n|move|p2a: Arceus|Recover|p2a: Arceus\n|-heal|p2a: Arceus|100\/100\n|\n|-weather|SunnyDay|[upkeep]\n|upkeep\n|turn|5\n|\n|t:|1697997431\n|switch|p2a: Iron Treads|Iron Treads|100\/100\n|-damage|p2a: Iron Treads|97\/100|[from] Stealth Rock\n|-activate|p2a: Iron Treads|ability: Quark Drive\n|-start|p2a: Iron Treads|quarkdrivedef\n|move|p1a: Zacian|Substitute|p1a: Zacian\n|-start|p1a: Zacian|Substitute\n|-damage|p1a: Zacian|76\/100\n|\n|-weather|none\n|-heal|p2a: Iron Treads|100\/100|[from] item: Leftovers\n|-fieldend|move: Electric Terrain\n|-end|p2a: Iron Treads|Quark Drive\n|upkeep\n|turn|6\n|\n|t:|1697997438\n|move|p1a: Zacian|Behemoth Blade|p2a: Iron Treads\n|-resisted|p2a: Iron Treads\n|-damage|p2a: Iron Treads|76\/100\n|move|p2a: Iron Treads|Earthquake|p1a: Zacian\n|-supereffective|p1a: Zacian\n|-end|p1a: Zacian|Substitute\n|\n|-heal|p2a: Iron Treads|82\/100|[from] item: Leftovers\n|upkeep\n|turn|7\n|\n|t:|1697997448\n|switch|p1a: Kyogre|Kyogre|100\/100\n|-weather|RainDance|[from] ability: Drizzle|[of] p1a: Kyogre\n|move|p2a: Iron Treads|Stealth Rock|p1a: Kyogre\n|-sidestart|p1: Highlord|move: Stealth Rock\n|\n|-weather|RainDance|[upkeep]\n|-heal|p2a: Iron Treads|89\/100|[from] item: Leftovers\n|upkeep\n|turn|8\n|c|+TierAcid|its a me\n|\n|t:|1697997460\n|-end|p2a: Iron Treads|Quark Drive|[silent]\n|switch|p2a: Miraidon|Miraidon|100\/100\n|-fieldstart|move: Electric Terrain|[from] ability: Hadron Engine|[of] p2a: Miraidon\n|move|p1a: Kyogre|Calm Mind|p1a: Kyogre\n|-boost|p1a: Kyogre|spa|1\n|-boost|p1a: Kyogre|spd|1\n|\n|-weather|RainDance|[upkeep]\n|upkeep\n|turn|9\n|c|+TierAcid|icemaster\n|raw|<div class=\"broadcast-red\"><strong>Moderated chat was set to \u2606!<\/strong><br \/>Only users of rank \u2606 and higher can talk.<\/div>\n|inactive|Highlord has 270 seconds left.\n|inactive|Highlord has 240 seconds left.\n|\n|t:|1697997549\n|-terastallize|p1a: Kyogre|Poison\n|move|p2a: Miraidon|Electro Drift|p1a: Kyogre\n|-damage|p1a: Kyogre|62\/100\n|move|p1a: Kyogre|Ice Beam|p2a: Miraidon\n|-supereffective|p2a: Miraidon\n|-damage|p2a: Miraidon|29\/100\n|\n|-weather|RainDance|[upkeep]\n|-heal|p1a: Kyogre|68\/100|[from] item: Leftovers\n|upkeep\n|turn|10\n|inactive|Icemaster has 270 seconds left.\n|\n|t:|1697997567\n|move|p2a: Miraidon|Electro Drift|p1a: Kyogre\n|-damage|p1a: Kyogre|25\/100\n|move|p1a: Kyogre|Ice Beam|p2a: Miraidon\n|-supereffective|p2a: Miraidon\n|-damage|p2a: Miraidon|0 fnt\n|faint|p2a: Miraidon\n|\n|-weather|RainDance|[upkeep]\n|-heal|p1a: Kyogre|31\/100|[from] item: Leftovers\n|upkeep\n|inactive|Icemaster has 270 seconds left.\n|\n|t:|1697997576\n|switch|p2a: Zacian|Zacian-Crowned|100\/100\n|-damage|p2a: Zacian|94\/100|[from] Stealth Rock\n|-ability|p2a: Zacian|Intrepid Sword|boost\n|-boost|p2a: Zacian|atk|1\n|turn|11\n|\n|t:|1697997588\n|switch|p1a: Koraidon|Koraidon|94\/100 brn\n|-damage|p1a: Koraidon|88\/100 brn|[from] Stealth Rock\n|-weather|SunnyDay|[from] ability: Orichalcum Pulse|[of] p1a: Koraidon\n|-activate|p1a: Koraidon|Orichalcum Pulse|[source]\n|move|p2a: Zacian|Behemoth Blade|p1a: Koraidon\n|-damage|p1a: Koraidon|9\/100 brn\n|\n|-weather|SunnyDay|[upkeep]\n|-damage|p1a: Koraidon|3\/100 brn|[from] brn\n|upkeep\n|turn|12\n|inactive|Highlord has 210 seconds left.\n|inactive|Icemaster has 270 seconds left.\n|inactive|Icemaster has 240 seconds left.\n|inactive|Highlord has 180 seconds left.\n|inactive|Icemaster has 210 seconds left.\n|\n|t:|1697997672\n|switch|p2a: Gliscor|Gliscor, M|91\/100 tox\n|-damage|p2a: Gliscor|78\/100 tox|[from] Stealth Rock\n|move|p1a: Koraidon|U-turn|p2a: Gliscor\n|-resisted|p2a: Gliscor\n|-damage|p2a: Gliscor|73\/100 tox\n|inactive|Highlord has 150 seconds left.\n|\n|t:|1697997686\n|switch|p1a: Kyogre|Kyogre, tera:Poison|31\/100|[from] U-turn\n|-damage|p1a: Kyogre|19\/100|[from] Stealth Rock\n|-weather|RainDance|[from] ability: Drizzle|[of] p1a: Kyogre\n|\n|-weather|RainDance|[upkeep]\n|-heal|p1a: Kyogre|25\/100|[from] item: Leftovers\n|-heal|p2a: Gliscor|86\/100 tox|[from] ability: Poison Heal\n|-fieldend|move: Electric Terrain\n|upkeep\n|turn|13\n|inactive|Highlord has 150 seconds left.\n|inactive|Icemaster has 210 seconds left.\n|\n|t:|1697997703\n|move|p2a: Gliscor|Earthquake|p1a: Kyogre\n|-supereffective|p1a: Kyogre\n|-damage|p1a: Kyogre|0 fnt\n|faint|p1a: Kyogre\n|\n|-weather|RainDance|[upkeep]\n|-heal|p2a: Gliscor|98\/100 tox|[from] ability: Poison Heal\n|upkeep\n|inactive|Highlord has 150 seconds left.\n|inactive|Highlord has 120 seconds left.\n|\n|t:|1697997749\n|switch|p1a: Koraidon|Koraidon|3\/100 brn\n|-damage|p1a: Koraidon|0 fnt|[from] Stealth Rock\n|faint|p1a: Koraidon\n|\n|t:|1697997755\n|switch|p1a: Hatterene|Hatterene, F|100\/100\n|-damage|p1a: Hatterene|88\/100|[from] Stealth Rock\n|turn|14\n|\n|t:|1697997763\n|move|p2a: Gliscor|Earthquake|p1a: Hatterene\n|-damage|p1a: Hatterene|59\/100\n|move|p1a: Hatterene|Trick Room|p1a: Hatterene\n|-fieldstart|move: Trick Room|[of] p1a: Hatterene\n|\n|-weather|RainDance|[upkeep]\n|-heal|p2a: Gliscor|100\/100 tox|[from] ability: Poison Heal\n|upkeep\n|turn|15\n|inactive|Highlord has 120 seconds left.\n|\n|t:|1697997777\n|move|p1a: Hatterene|Healing Wish|p1a: Hatterene\n|faint|p1a: Hatterene\n|move|p2a: Gliscor|Earthquake|p1: Hatterene|[notarget]\n|-fail|p2a: Gliscor\n|\n|-weather|RainDance|[upkeep]\n|upkeep\n|\n|t:|1697997782\n|switch|p1a: Basculegion|Basculegion, M|100\/100\n|-damage|p1a: Basculegion|88\/100|[from] Stealth Rock\n|turn|16\n|\n|t:|1697997788\n|-terastallize|p2a: Gliscor|Water\n|move|p1a: Basculegion|Substitute|p1a: Basculegion\n|-start|p1a: Basculegion|Substitute\n|-damage|p1a: Basculegion|63\/100\n|move|p2a: Gliscor|Toxic||[still]\n|-fail|p2a: Gliscor\n|\n|-weather|none\n|upkeep\n|turn|17\n|\n|t:|1697997792\n|move|p1a: Basculegion|Last Respects|p2a: Gliscor\n|-damage|p2a: Gliscor|0 fnt\n|faint|p2a: Gliscor\n|-damage|p1a: Basculegion|53\/100|[from] item: Life Orb\n|\n|upkeep\n|inactive|Icemaster has 240 seconds left.\n|inactive|Icemaster has 210 seconds left.\n|inactive|Icemaster has 180 seconds left.\n|\n|t:|1697997871\n|switch|p2a: Koraidon|Koraidon|100\/100\n|-damage|p2a: Koraidon|94\/100|[from] Stealth Rock\n|-weather|SunnyDay|[from] ability: Orichalcum Pulse|[of] p2a: Koraidon\n|-activate|p2a: Koraidon|Orichalcum Pulse|[source]\n|turn|18\n|inactive|Icemaster has 180 seconds left.\n|inactive|Icemaster has 150 seconds left.\n|\n|t:|1697997908\n|move|p1a: Basculegion|Last Respects|p2a: Koraidon\n|-damage|p2a: Koraidon|0 fnt\n|faint|p2a: Koraidon\n|-damage|p1a: Basculegion|43\/100|[from] item: Life Orb\n|\n|-weather|SunnyDay|[upkeep]\n|-fieldend|move: Trick Room\n|upkeep\n|\n|t:|1697997911\n|switch|p2a: Zacian|Zacian-Crowned|94\/100\n|-damage|p2a: Zacian|88\/100|[from] Stealth Rock\n|turn|19\n|\n|t:|1697997916\n|move|p2a: Zacian|Behemoth Blade|p1a: Basculegion\n|-resisted|p1a: Basculegion\n|-end|p1a: Basculegion|Substitute\n|move|p1a: Basculegion|Last Respects|p2a: Zacian\n|-damage|p2a: Zacian|0 fnt\n|faint|p2a: Zacian\n|-damage|p1a: Basculegion|33\/100|[from] item: Life Orb\n|\n|-weather|SunnyDay|[upkeep]\n|upkeep\n|\n|t:|1697997920\n|switch|p2a: Arceus|Arceus-Grass|100\/100\n|-damage|p2a: Arceus|88\/100|[from] Stealth Rock\n|turn|20\n|\n|t:|1697997921\n|switch|p1a: Zacian|Zacian-Crowned|76\/100\n|-heal|p1a: Zacian|100\/100|[from] move: Healing Wish\n|-damage|p1a: Zacian|94\/100|[from] Stealth Rock\n|move|p2a: Arceus|Grass Knot|p1a: Zacian\n|-resisted|p1a: Zacian\n|-damage|p1a: Zacian|70\/100\n|\n|-weather|SunnyDay|[upkeep]\n|upkeep\n|turn|21\n|inactive|Icemaster has 180 seconds left.\n|\n|t:|1697997935\n|switch|p2a: Iron Treads|Iron Treads|89\/100\n|-damage|p2a: Iron Treads|85\/100|[from] Stealth Rock\n|move|p1a: Zacian|Substitute|p1a: Zacian\n|-start|p1a: Zacian|Substitute\n|-damage|p1a: Zacian|45\/100\n|\n|-weather|SunnyDay|[upkeep]\n|-heal|p2a: Iron Treads|92\/100|[from] item: Leftovers\n|upkeep\n|turn|22\n|\n|t:|1697997938\n|move|p1a: Zacian|Swords Dance|p1a: Zacian\n|-boost|p1a: Zacian|atk|2\n|move|p2a: Iron Treads|Earthquake|p1a: Zacian\n|-supereffective|p1a: Zacian\n|-end|p1a: Zacian|Substitute\n|\n|-weather|none\n|-heal|p2a: Iron Treads|98\/100|[from] item: Leftovers\n|upkeep\n|turn|23\n|\n|t:|1697997941\n|move|p1a: Zacian|Behemoth Blade|p2a: Iron Treads\n|-resisted|p2a: Iron Treads\n|-damage|p2a: Iron Treads|65\/100\n|move|p2a: Iron Treads|Earthquake|p1a: Zacian\n|-supereffective|p1a: Zacian\n|-damage|p1a: Zacian|0 fnt\n|faint|p1a: Zacian\n|\n|-heal|p2a: Iron Treads|71\/100|[from] item: Leftovers\n|upkeep\n|\n|t:|1697997942\n|switch|p1a: Arceus|Arceus-Ground|100\/100\n|-damage|p1a: Arceus|94\/100|[from] Stealth Rock\n|turn|24\n|inactive|Icemaster has 210 seconds left.\n|\n|t:|1697997949\n|move|p2a: Iron Treads|Rapid Spin|p1a: Arceus\n|-damage|p1a: Arceus|88\/100\n|-boost|p2a: Iron Treads|spe|1\n|-sideend|p2: Icemaster|Stealth Rock|[from] move: Rapid Spin|[of] p2a: Iron Treads\n|move|p1a: Arceus|Trick Room|p1a: Arceus\n|-fieldstart|move: Trick Room|[of] p1a: Arceus\n|\n|-heal|p2a: Iron Treads|77\/100|[from] item: Leftovers\n|upkeep\n|turn|25\n|inactive|Icemaster has 210 seconds left.\n|\n|t:|1697997963\n|-end|p2a: Iron Treads|Quark Drive|[silent]\n|switch|p2a: Arceus|Arceus-Grass|88\/100\n|move|p1a: Arceus|Healing Wish|p1a: Arceus\n|faint|p1a: Arceus\n|\n|upkeep\n|\n|t:|1697997965\n|switch|p1a: Basculegion|Basculegion, M|33\/100\n|-heal|p1a: Basculegion|100\/100|[from] move: Healing Wish\n|-damage|p1a: Basculegion|88\/100|[from] Stealth Rock\n|turn|26\n|\n|t:|1697997968\n|move|p1a: Basculegion|Last Respects|p2a: Arceus\n|-damage|p2a: Arceus|0 fnt\n|faint|p2a: Arceus\n|-damage|p1a: Basculegion|78\/100|[from] item: Life Orb\n|\n|upkeep\n|\n|t:|1697997970\n|switch|p2a: Iron Treads|Iron Treads|77\/100\n|turn|27\n|c|\u2606Icemaster|gg\n|\n|t:|1697997973\n|move|p1a: Basculegion|Last Respects|p2a: Iron Treads\n|-crit|p2a: Iron Treads\n|-damage|p2a: Iron Treads|0 fnt\n|faint|p2a: Iron Treads\n|-end|p2a: Iron Treads|Quark Drive|[silent]\n|-damage|p1a: Basculegion|68\/100|[from] item: Life Orb\n|\n|win|Highlord\n|c|\u2606Highlord|gg\n|player|p2|Icemaster|#scl3spartans2\n|player|p2|\n","uploadtime":1697997974,"views":411,"p1id":"highlord","p2id":"icemaster","formatid":"gen9ubers","rating":0,"private":0,"password":""}