{"id":"smogtours-gen9ubers-729880","p1":"gilbert arenas","p2":"edgar","format":"[Gen 9] Ubers","log":"|inactive|Battle timer is ON: inactive players will automatically lose when time's up.\n|t:|1699718290\n|gametype|singles\n|player|p1|gilbert arenas|#scl3shoguns2|\n|player|p2|edgar|winona|\n|teamsize|p1|6\n|teamsize|p2|6\n|gen|9\n|tier|[Gen 9] Ubers\n|rule|Sleep Clause Mod: Limit one foe put to sleep\n|rule|Species Clause: Limit one of each Pok\u00e9mon\n|rule|OHKO Clause: OHKO moves are banned\n|rule|Evasion Items Clause: Evasion items are banned\n|rule|Evasion Moves Clause: Evasion moves are banned\n|rule|Endless Battle Clause: Forcing endless battles is banned\n|rule|HP Percentage Mod: HP is shown in percentages\n|clearpoke\n|poke|p1|Arceus|\n|poke|p1|Gliscor, M|\n|poke|p1|Kyogre|\n|poke|p1|Iron Treads|\n|poke|p1|Zacian-*|\n|poke|p1|Skeledirge, M|\n|poke|p2|Basculegion, M|\n|poke|p2|Iron Treads|\n|poke|p2|Kyogre|\n|poke|p2|Arceus-Grass|\n|poke|p2|Toxapex, F|\n|poke|p2|Zacian-*|\n|teampreview\n|c|\u2606edgar|gm\n|inactive|gilbert arenas has 270 seconds left.\n|c|+Inder|wat is this\n|inactive|gilbert arenas has 240 seconds left.\n|\n|t:|1699718371\n|start\n|switch|p1a: Kyogre|Kyogre|100\/100\n|switch|p2a: Kyogre|Kyogre|100\/100\n|-weather|RainDance|[from] ability: Drizzle|[of] p1a: Kyogre\n|turn|1\n|\n|t:|1699718383\n|move|p1a: Kyogre|Thunder|p2a: Kyogre\n|-supereffective|p2a: Kyogre\n|-damage|p2a: Kyogre|49\/100\n|move|p2a: Kyogre|Thunder|p1a: Kyogre\n|-supereffective|p1a: Kyogre\n|-damage|p1a: Kyogre|49\/100\n|-status|p1a: Kyogre|par\n|\n|-weather|RainDance|[upkeep]\n|upkeep\n|turn|2\n|\n|t:|1699718392\n|move|p2a: Kyogre|Thunder|p1a: Kyogre\n|-supereffective|p1a: Kyogre\n|-damage|p1a: Kyogre|0 fnt\n|faint|p1a: Kyogre\n|\n|-weather|RainDance|[upkeep]\n|upkeep\n|\n|t:|1699718409\n|switch|p1a: Arceus|Arceus|100\/100\n|turn|3\n|\n|t:|1699718416\n|move|p1a: Arceus|Swords Dance|p1a: Arceus\n|-boost|p1a: Arceus|atk|2\n|move|p2a: Kyogre|Origin Pulse|p1a: Arceus\n|-damage|p1a: Arceus|47\/100\n|\n|-weather|RainDance|[upkeep]\n|upkeep\n|turn|4\n|\n|t:|1699718423\n|switch|p2a: Toxapex|Toxapex, F|100\/100\n|move|p1a: Arceus|Recover|p1a: Arceus\n|-heal|p1a: Arceus|97\/100\n|\n|-weather|RainDance|[upkeep]\n|upkeep\n|turn|5\n|\n|t:|1699718431\n|switch|p1a: Iron Treads|Iron Treads|100\/100\n|move|p2a: Toxapex|Toxic|p1a: Iron Treads\n|-immune|p1a: Iron Treads\n|\n|-weather|none\n|upkeep\n|turn|6\n|\n|t:|1699718449\n|switch|p2a: Arceus|Arceus-Grass|100\/100\n|move|p1a: Iron Treads|Stealth Rock|p2a: Arceus\n|-sidestart|p2: edgar|move: Stealth Rock\n|\n|upkeep\n|turn|7\n|\n|t:|1699718454\n|-end|p1a: Iron Treads|Quark Drive|[silent]\n|switch|p1a: Skeledirge|Skeledirge, M|100\/100\n|move|p2a: Arceus|Earth Power|p1a: Skeledirge\n|-supereffective|p1a: Skeledirge\n|-damage|p1a: Skeledirge|46\/100\n|\n|upkeep\n|turn|8\n|\n|t:|1699718461\n|switch|p1a: Gliscor|Gliscor, M|100\/100\n|move|p2a: Arceus|Earth Power|p1a: Gliscor\n|-immune|p1a: Gliscor\n|\n|-status|p1a: Gliscor|tox|[from] item: Toxic Orb\n|upkeep\n|turn|9\n|\n|t:|1699718465\n|switch|p2a: Toxapex|Toxapex, F|100\/100\n|-damage|p2a: Toxapex|88\/100|[from] Stealth Rock\n|move|p1a: Gliscor|Toxic|p2a: Toxapex\n|-immune|p2a: Toxapex\n|\n|upkeep\n|turn|10\n|\n|t:|1699718472\n|move|p1a: Gliscor|Spikes|p2a: Toxapex\n|-sidestart|p2: edgar|Spikes\n|move|p2a: Toxapex|Chilling Water|p1a: Gliscor\n|-supereffective|p1a: Gliscor\n|-crit|p1a: Gliscor\n|-damage|p1a: Gliscor|72\/100 tox\n|-unboost|p1a: Gliscor|atk|1\n|\n|-heal|p1a: Gliscor|84\/100 tox|[from] ability: Poison Heal\n|upkeep\n|turn|11\n|\n|t:|1699718478\n|switch|p1a: Iron Treads|Iron Treads|100\/100\n|move|p2a: Toxapex|Chilling Water|p1a: Iron Treads\n|-supereffective|p1a: Iron Treads\n|-damage|p1a: Iron Treads|74\/100\n|-unboost|p1a: Iron Treads|atk|1\n|\n|-heal|p1a: Iron Treads|80\/100|[from] item: Leftovers\n|upkeep\n|turn|12\n|\n|t:|1699718484\n|move|p1a: Iron Treads|Earthquake|p2a: Toxapex\n|-supereffective|p2a: Toxapex\n|-damage|p2a: Toxapex|54\/100\n|-enditem|p2a: Toxapex|Eject Button\n|\n|t:|1699718491\n|switch|p2a: Iron Treads|Iron Treads|100\/100\n|-damage|p2a: Iron Treads|98\/100|[from] Stealth Rock\n|-damage|p2a: Iron Treads|85\/100|[from] Spikes\n|\n|-heal|p1a: Iron Treads|86\/100|[from] item: Leftovers\n|-heal|p2a: Iron Treads|91\/100|[from] item: Leftovers\n|upkeep\n|turn|13\n|\n|t:|1699718494\n|move|p1a: Iron Treads|Earthquake|p2a: Iron Treads\n|-supereffective|p2a: Iron Treads\n|-damage|p2a: Iron Treads|39\/100\n|move|p2a: Iron Treads|Rapid Spin|p1a: Iron Treads\n|-resisted|p1a: Iron Treads\n|-damage|p1a: Iron Treads|80\/100\n|-boost|p2a: Iron Treads|spe|1\n|-sideend|p2: edgar|Spikes|[from] move: Rapid Spin|[of] p2a: Iron Treads\n|-sideend|p2: edgar|Stealth Rock|[from] move: Rapid Spin|[of] p2a: Iron Treads\n|\n|-heal|p2a: Iron Treads|45\/100|[from] item: Leftovers\n|-heal|p1a: Iron Treads|86\/100|[from] item: Leftovers\n|upkeep\n|turn|14\n|\n|t:|1699718503\n|-end|p1a: Iron Treads|Quark Drive|[silent]\n|switch|p1a: Gliscor|Gliscor, M|84\/100 tox\n|move|p2a: Iron Treads|Stealth Rock|p1a: Gliscor\n|-sidestart|p1: gilbert arenas|move: Stealth Rock\n|\n|-heal|p2a: Iron Treads|51\/100|[from] item: Leftovers\n|-heal|p1a: Gliscor|97\/100 tox|[from] ability: Poison Heal\n|upkeep\n|turn|15\n|\n|t:|1699718511\n|-end|p2a: Iron Treads|Quark Drive|[silent]\n|switch|p2a: Kyogre|Kyogre|49\/100\n|-weather|RainDance|[from] ability: Drizzle|[of] p2a: Kyogre\n|move|p1a: Gliscor|Spikes|p2a: Kyogre\n|-sidestart|p2: edgar|Spikes\n|\n|-weather|RainDance|[upkeep]\n|-heal|p1a: Gliscor|100\/100 tox|[from] ability: Poison Heal\n|upkeep\n|turn|16\n|\n|t:|1699718521\n|-terastallize|p1a: Gliscor|Water\n|move|p2a: Kyogre|Origin Pulse|p1a: Gliscor\n|-resisted|p1a: Gliscor\n|-damage|p1a: Gliscor|64\/100 tox\n|move|p1a: Gliscor|Toxic|p2a: Kyogre\n|-status|p2a: Kyogre|tox\n|\n|-weather|RainDance|[upkeep]\n|-damage|p2a: Kyogre|42\/100 tox|[from] psn\n|-heal|p1a: Gliscor|76\/100 tox|[from] ability: Poison Heal\n|upkeep\n|turn|17\n|\n|t:|1699718537\n|move|p1a: Gliscor|Protect|p1a: Gliscor\n|-singleturn|p1a: Gliscor|Protect\n|move|p2a: Kyogre|Thunder|p1a: Gliscor\n|-activate|p1a: Gliscor|move: Protect\n|\n|-weather|RainDance|[upkeep]\n|-damage|p2a: Kyogre|30\/100 tox|[from] psn\n|-heal|p1a: Gliscor|89\/100 tox|[from] ability: Poison Heal\n|upkeep\n|turn|18\n|\n|t:|1699718552\n|move|p2a: Kyogre|Thunder|p1a: Gliscor\n|-supereffective|p1a: Gliscor\n|-crit|p1a: Gliscor\n|-damage|p1a: Gliscor|0 fnt\n|faint|p1a: Gliscor\n|\n|-weather|RainDance|[upkeep]\n|-damage|p2a: Kyogre|11\/100 tox|[from] psn\n|upkeep\n|\n|t:|1699718555\n|switch|p1a: Iron Treads|Iron Treads|86\/100\n|-damage|p1a: Iron Treads|83\/100|[from] Stealth Rock\n|turn|19\n|\n|t:|1699718562\n|switch|p2a: Arceus|Arceus-Grass|100\/100\n|-damage|p2a: Arceus|88\/100|[from] Spikes\n|move|p1a: Iron Treads|Rapid Spin|p2a: Arceus\n|-damage|p2a: Arceus|78\/100\n|-boost|p1a: Iron Treads|spe|1\n|-sideend|p1: gilbert arenas|Stealth Rock|[from] move: Rapid Spin|[of] p1a: Iron Treads\n|\n|-weather|none\n|-heal|p1a: Iron Treads|89\/100|[from] item: Leftovers\n|upkeep\n|turn|20\n|\n|t:|1699718569\n|move|p1a: Iron Treads|Stealth Rock|p2a: Arceus\n|-sidestart|p2: edgar|move: Stealth Rock\n|move|p2a: Arceus|Grass Knot|p1a: Iron Treads\n|-damage|p1a: Iron Treads|1\/100\n|\n|-heal|p1a: Iron Treads|8\/100|[from] item: Leftovers\n|upkeep\n|turn|21\n|\n|t:|1699718577\n|move|p1a: Iron Treads|Iron Head|p2a: Arceus\n|-damage|p2a: Arceus|55\/100\n|move|p2a: Arceus|Grass Knot|p1a: Iron Treads\n|-damage|p1a: Iron Treads|0 fnt\n|faint|p1a: Iron Treads\n|-end|p1a: Iron Treads|Quark Drive|[silent]\n|\n|upkeep\n|\n|t:|1699718594\n|switch|p1a: Arceus|Arceus|97\/100\n|turn|22\n|\n|t:|1699718602\n|move|p2a: Arceus|Grass Knot|p1a: Arceus\n|-damage|p1a: Arceus|54\/100\n|move|p1a: Arceus|Swords Dance|p1a: Arceus\n|-boost|p1a: Arceus|atk|2\n|\n|upkeep\n|turn|23\n|inactive|edgar has 270 seconds left.\n|\n|t:|1699718646\n|switch|p2a: Zacian|Zacian-Crowned|100\/100\n|-damage|p2a: Zacian|88\/100|[from] Spikes\n|-damage|p2a: Zacian|82\/100|[from] Stealth Rock\n|-ability|p2a: Zacian|Intrepid Sword|boost\n|-boost|p2a: Zacian|atk|1\n|move|p1a: Arceus|Recover|p1a: Arceus\n|-heal|p1a: Arceus|100\/100\n|\n|upkeep\n|turn|24\n|\n|t:|1699718652\n|move|p2a: Zacian|Behemoth Blade|p1a: Arceus\n|-damage|p1a: Arceus|46\/100\n|move|p1a: Arceus|Shadow Claw|p2a: Zacian\n|-damage|p2a: Zacian|35\/100\n|\n|upkeep\n|turn|25\n|inactive|edgar has 270 seconds left.\n|\n|t:|1699718664\n|move|p1a: Arceus|Extreme Speed|p2a: Zacian\n|-resisted|p2a: Zacian\n|-damage|p2a: Zacian|0 fnt\n|faint|p2a: Zacian\n|\n|upkeep\n|inactive|edgar has 270 seconds left.\n|\n|t:|1699718672\n|switch|p2a: Kyogre|Kyogre|11\/100 tox\n|-weather|RainDance|[from] ability: Drizzle|[of] p2a: Kyogre\n|turn|26\n|\n|t:|1699718680\n|move|p1a: Arceus|Recover|p1a: Arceus\n|-heal|p1a: Arceus|96\/100\n|move|p2a: Kyogre|Origin Pulse|p1a: Arceus\n|-damage|p1a: Arceus|45\/100\n|\n|-weather|RainDance|[upkeep]\n|-damage|p2a: Kyogre|5\/100 tox|[from] psn\n|upkeep\n|turn|27\n|\n|t:|1699718687\n|move|p1a: Arceus|Recover|p1a: Arceus\n|-heal|p1a: Arceus|95\/100\n|move|p2a: Kyogre|Origin Pulse|p1a: Arceus\n|-damage|p1a: Arceus|42\/100\n|\n|-weather|RainDance|[upkeep]\n|-damage|p2a: Kyogre|0 fnt|[from] psn\n|faint|p2a: Kyogre\n|upkeep\n|\n|t:|1699718692\n|switch|p2a: Basculegion|Basculegion, M|100\/100\n|turn|28\n|\n|t:|1699718699\n|move|p2a: Basculegion|Wave Crash|p1a: Arceus\n|-damage|p1a: Arceus|0 fnt\n|faint|p1a: Arceus\n|-damage|p2a: Basculegion|85\/100|[from] Recoil\n|\n|-weather|RainDance|[upkeep]\n|upkeep\n|\n|t:|1699718704\n|switch|p1a: Skeledirge|Skeledirge, M|46\/100\n|turn|29\n|\n|t:|1699718714\n|move|p2a: Basculegion|Last Respects|p1a: Skeledirge\n|-supereffective|p1a: Skeledirge\n|-damage|p1a: Skeledirge|0 fnt\n|faint|p1a: Skeledirge\n|\n|-weather|RainDance|[upkeep]\n|upkeep\n|\n|t:|1699718716\n|switch|p1a: Zacian|Zacian-Crowned|100\/100\n|-ability|p1a: Zacian|Intrepid Sword|boost\n|-boost|p1a: Zacian|atk|1\n|turn|30\n|\n|t:|1699718739\n|move|p2a: Basculegion|Last Respects|p1a: Zacian\n|-damage|p1a: Zacian|33\/100\n|move|p1a: Zacian|Swords Dance|p1a: Zacian\n|-boost|p1a: Zacian|atk|2\n|\n|-weather|none\n|upkeep\n|turn|31\n|\n|t:|1699718757\n|move|p1a: Zacian|Play Rough|p2a: Basculegion\n|-damage|p2a: Basculegion|0 fnt\n|faint|p2a: Basculegion\n|\n|upkeep\n|\n|t:|1699718765\n|switch|p2a: Toxapex|Toxapex, F|54\/100\n|-damage|p2a: Toxapex|42\/100|[from] Spikes\n|-damage|p2a: Toxapex|30\/100|[from] Stealth Rock\n|turn|32\n|\n|t:|1699718772\n|switch|p2a: Iron Treads|Iron Treads|51\/100\n|-damage|p2a: Iron Treads|39\/100|[from] Spikes\n|-damage|p2a: Iron Treads|36\/100|[from] Stealth Rock\n|move|p1a: Zacian|Behemoth Blade|p2a: Iron Treads\n|-resisted|p2a: Iron Treads\n|-damage|p2a: Iron Treads|0 fnt\n|faint|p2a: Iron Treads\n|-end|p2a: Iron Treads|Quark Drive|[silent]\n|\n|upkeep\n|c|\u2606edgar|oh wait\n|c|\u2606edgar|my pex doesnt have regen\n|c|\u2606edgar|LMFAO\n|\n|t:|1699718787\n|switch|p2a: Toxapex|Toxapex, F|30\/100\n|-damage|p2a: Toxapex|17\/100|[from] Spikes\n|-damage|p2a: Toxapex|5\/100|[from] Stealth Rock\n|turn|33\n|c|\u2606edgar|gg\n|\n|t:|1699718796\n|move|p1a: Zacian|Wild Charge|p2a: Toxapex\n|-supereffective|p2a: Toxapex\n|-crit|p2a: Toxapex\n|-damage|p2a: Toxapex|0 fnt\n|faint|p2a: Toxapex\n|-damage|p1a: Zacian|32\/100|[from] Recoil\n|\n|upkeep\n|c|\u2606gilbert arenas|gg\n|-message|edgar forfeited.\n|\n|win|gilbert arenas\n","uploadtime":1699718806,"views":8,"p1id":"gilbertarenas","p2id":"edgar","formatid":"gen9ubers","rating":0,"private":0,"password":""}