{"id":"smogtours-gen9ubers-727733","p1":"Perry","p2":"DeltaWarrior4","format":"[Gen 9] Ubers","log":"|inactive|Battle timer is ON: inactive players will automatically lose when time's up.\n|t:|1698622007\n|gametype|singles\n|player|p1|Perry|#perry|\n|player|p2|DeltaWarrior4|zinnia|\n|teamsize|p1|6\n|teamsize|p2|6\n|gen|9\n|tier|[Gen 9] Ubers\n|rule|Sleep Clause Mod: Limit one foe put to sleep\n|rule|Species Clause: Limit one of each Pok\u00e9mon\n|rule|OHKO Clause: OHKO moves are banned\n|rule|Evasion Items Clause: Evasion items are banned\n|rule|Evasion Moves Clause: Evasion moves are banned\n|rule|Endless Battle Clause: Forcing endless battles is banned\n|rule|HP Percentage Mod: HP is shown in percentages\n|clearpoke\n|poke|p1|Torkoal, F|\n|poke|p1|Hatterene, F|\n|poke|p1|Chi-Yu|\n|poke|p1|Walking Wake|\n|poke|p1|Zacian-*|\n|poke|p1|Arceus-Fire|\n|poke|p2|Basculegion-F, F|\n|poke|p2|Magearna|\n|poke|p2|Arceus-Dragon|\n|poke|p2|Volcarona, M|\n|poke|p2|Gliscor, F|\n|poke|p2|Shaymin-Sky|\n|teampreview\n|c|\u2606DeltaWarrior4|glhf\n|inactive|Perry has 270 seconds left.\n|c|\u2606Perry|same\n|\n|t:|1698622046\n|start\n|switch|p1a: Hatterene|Hatterene, F|100\/100\n|switch|p2a: Gliscor|Gliscor, F|100\/100\n|turn|1\n|\n|t:|1698622067\n|switch|p2a: Volcarona|Volcarona, M|100\/100\n|move|p1a: Hatterene|Psychic|p2a: Volcarona\n|-damage|p2a: Volcarona|59\/100\n|\n|upkeep\n|turn|2\n|\n|t:|1698622073\n|move|p2a: Volcarona|Quiver Dance|p2a: Volcarona\n|-boost|p2a: Volcarona|spa|1\n|-boost|p2a: Volcarona|spd|1\n|-boost|p2a: Volcarona|spe|1\n|move|p1a: Hatterene|Nuzzle|p2a: Volcarona\n|-damage|p2a: Volcarona|53\/100\n|-status|p2a: Volcarona|par\n|-status|p1a: Hatterene|brn|[from] ability: Flame Body|[of] p2a: Volcarona\n|\n|-damage|p1a: Hatterene|95\/100 brn|[from] brn\n|upkeep\n|turn|3\n|\n|t:|1698622078\n|switch|p1a: Walking Wake|Walking Wake|100\/100\n|move|p2a: Volcarona|Quiver Dance|p2a: Volcarona\n|-boost|p2a: Volcarona|spa|1\n|-boost|p2a: Volcarona|spd|1\n|-boost|p2a: Volcarona|spe|1\n|\n|upkeep\n|turn|4\n|inactive|DeltaWarrior4 has 270 seconds left.\n|\n|t:|1698622109\n|-terastallize|p2a: Volcarona|Grass\n|move|p1a: Walking Wake|Draco Meteor|p2a: Volcarona\n|-damage|p2a: Volcarona|0 fnt\n|-unboost|p1a: Walking Wake|spa|2\n|faint|p2a: Volcarona\n|\n|upkeep\n|inactive|DeltaWarrior4 has 270 seconds left.\n|\n|t:|1698622126\n|switch|p2a: Arceus|Arceus-Dragon|100\/100\n|turn|5\n|\n|t:|1698622132\n|-end|p1a: Walking Wake|Protosynthesis|[silent]\n|switch|p1a: Hatterene|Hatterene, F|95\/100 brn\n|move|p2a: Arceus|Dragon Dance|p2a: Arceus\n|-boost|p2a: Arceus|atk|1\n|-boost|p2a: Arceus|spe|1\n|\n|-damage|p1a: Hatterene|89\/100 brn|[from] brn\n|upkeep\n|turn|6\n|\n|t:|1698622140\n|move|p2a: Arceus|Iron Head|p1a: Hatterene\n|-supereffective|p1a: Hatterene\n|-damage|p1a: Hatterene|10\/100 brn\n|-enditem|p1a: Hatterene|Eject Button\n|\n|t:|1698622162\n|switch|p1a: Walking Wake|Walking Wake|100\/100\n|\n|upkeep\n|turn|7\n|\n|t:|1698622168\n|-terastallize|p1a: Walking Wake|Water\n|move|p2a: Arceus|Outrage|p1a: Walking Wake\n|-damage|p1a: Walking Wake|0 fnt\n|faint|p1a: Walking Wake\n|-end|p1a: Walking Wake|Protosynthesis|[silent]\n|\n|upkeep\n|\n|t:|1698622174\n|switch|p1a: Hatterene|Hatterene, F|10\/100 brn\n|turn|8\n|\n|t:|1698622178\n|move|p2a: Arceus|Outrage|p1a: Hatterene|[from]lockedmove\n|-immune|p1a: Hatterene\n|-start|p2a: Arceus|confusion|[fatigue]\n|move|p1a: Hatterene|Nuzzle|p2a: Arceus\n|-resisted|p2a: Arceus\n|-damage|p2a: Arceus|99\/100\n|-status|p2a: Arceus|par\n|\n|-damage|p1a: Hatterene|4\/100 brn|[from] brn\n|upkeep\n|turn|9\n|\n|t:|1698622185\n|-activate|p2a: Arceus|confusion\n|-damage|p2a: Arceus|83\/100 par|[from] confusion\n|move|p1a: Hatterene|Dazzling Gleam|p2a: Arceus\n|-supereffective|p2a: Arceus\n|-crit|p2a: Arceus\n|-damage|p2a: Arceus|0 fnt\n|faint|p2a: Arceus\n|\n|-damage|p1a: Hatterene|0 fnt|[from] brn\n|faint|p1a: Hatterene\n|upkeep\n|inactive|DeltaWarrior4 disconnected and has 300 seconds to reconnect!\n|player|p2|\n|inactive|DeltaWarrior4 has 270 seconds to reconnect!\n|inactive|DeltaWarrior4 reconnected and has 285 seconds left.\n|player|p2|DeltaWarrior4|zinnia\n|inactive|DeltaWarrior4 has 270 seconds left.\n|c|\u2606DeltaWarrior4|the confusion was tragic\n|\n|t:|1698622249\n|switch|p2a: Basculegion|Basculegion-F, F|100\/100\n|switch|p1a: Chi-Yu|Chi-Yu|100\/100\n|-ability|p1a: Chi-Yu|Beads of Ruin\n|turn|10\n|inactive|DeltaWarrior4 has 270 seconds left.\n|\n|t:|1698622261\n|switch|p2a: Magearna|Magearna|100\/100\n|move|p1a: Chi-Yu|Dark Pulse|p2a: Magearna\n|-resisted|p2a: Magearna\n|-damage|p2a: Magearna|60\/100\n|\n|-heal|p2a: Magearna|66\/100|[from] item: Leftovers\n|upkeep\n|turn|11\n|inactive|DeltaWarrior4 has 270 seconds left.\n|\n|t:|1698622300\n|move|p1a: Chi-Yu|Dark Pulse|p2a: Magearna\n|-resisted|p2a: Magearna\n|-damage|p2a: Magearna|25\/100\n|move|p2a: Magearna|Volt Switch|p1a: Chi-Yu\n|-damage|p1a: Chi-Yu|77\/100\n|inactive|DeltaWarrior4 has 240 seconds left.\n|\n|t:|1698622314\n|switch|p2a: Shaymin|Shaymin-Sky|100\/100|[from] Volt Switch\n|\n|upkeep\n|turn|12\n|\n|t:|1698622323\n|switch|p1a: Torkoal|Torkoal, F|100\/100\n|-weather|SunnyDay|[from] ability: Drought|[of] p1a: Torkoal\n|move|p2a: Shaymin|Air Slash|p1a: Torkoal\n|-damage|p1a: Torkoal|63\/100\n|\n|-weather|SunnyDay|[upkeep]\n|upkeep\n|turn|13\n|\n|t:|1698622331\n|move|p2a: Shaymin|Air Slash|p1a: Torkoal\n|-damage|p1a: Torkoal|26\/100\n|move|p1a: Torkoal|Stealth Rock|p2a: Shaymin\n|-sidestart|p2: DeltaWarrior4|move: Stealth Rock\n|\n|-weather|SunnyDay|[upkeep]\n|upkeep\n|turn|14\n|\n|t:|1698622337\n|move|p2a: Shaymin|Substitute|p2a: Shaymin\n|-start|p2a: Shaymin|Substitute\n|-damage|p2a: Shaymin|75\/100\n|move|p1a: Torkoal|Lava Plume|p2a: Shaymin\n|-supereffective|p2a: Shaymin\n|-end|p2a: Shaymin|Substitute\n|\n|-weather|SunnyDay|[upkeep]\n|-heal|p2a: Shaymin|82\/100|[from] item: Leftovers\n|upkeep\n|turn|15\n|\n|t:|1698622343\n|move|p2a: Shaymin|Air Slash|p1a: Torkoal\n|-damage|p1a: Torkoal|0 fnt\n|faint|p1a: Torkoal\n|\n|-weather|SunnyDay|[upkeep]\n|-heal|p2a: Shaymin|88\/100|[from] item: Leftovers\n|upkeep\n|\n|t:|1698622347\n|switch|p1a: Zacian|Zacian|100\/100\n|-ability|p1a: Zacian|Intrepid Sword|boost\n|-boost|p1a: Zacian|atk|1\n|turn|16\n|\n|t:|1698622361\n|move|p1a: Zacian|Play Rough|p2a: Shaymin\n|-crit|p2a: Shaymin\n|-damage|p2a: Shaymin|0 fnt\n|faint|p2a: Shaymin\n|\n|-weather|SunnyDay|[upkeep]\n|upkeep\n|\n|t:|1698622366\n|switch|p2a: Gliscor|Gliscor, F|100\/100\n|-damage|p2a: Gliscor|88\/100|[from] Stealth Rock\n|turn|17\n|\n|t:|1698622371\n|move|p1a: Zacian|Swords Dance|p1a: Zacian\n|-boost|p1a: Zacian|atk|2\n|move|p2a: Gliscor|Toxic|p1a: Zacian\n|-status|p1a: Zacian|tox\n|\n|-weather|SunnyDay|[upkeep]\n|-damage|p1a: Zacian|94\/100 tox|[from] psn\n|-status|p2a: Gliscor|tox|[from] item: Toxic Orb\n|upkeep\n|turn|18\n|\n|t:|1698622387\n|move|p2a: Gliscor|Protect|p2a: Gliscor\n|-singleturn|p2a: Gliscor|Protect\n|move|p1a: Zacian|Play Rough|p2a: Gliscor\n|-activate|p2a: Gliscor|move: Protect\n|\n|-weather|SunnyDay|[upkeep]\n|-damage|p1a: Zacian|82\/100 tox|[from] psn\n|-heal|p2a: Gliscor|100\/100 tox|[from] ability: Poison Heal\n|upkeep\n|turn|19\n|\n|t:|1698622393\n|move|p1a: Zacian|Play Rough|p2a: Gliscor\n|-damage|p2a: Gliscor|8\/100 tox\n|-unboost|p2a: Gliscor|atk|1\n|move|p2a: Gliscor|Earthquake|p1a: Zacian\n|-damage|p1a: Zacian|62\/100 tox\n|\n|-weather|none\n|-damage|p1a: Zacian|43\/100 tox|[from] psn\n|-heal|p2a: Gliscor|20\/100 tox|[from] ability: Poison Heal\n|upkeep\n|turn|20\n|\n|t:|1698622402\n|move|p2a: Gliscor|Protect|p2a: Gliscor\n|-singleturn|p2a: Gliscor|Protect\n|move|p1a: Zacian|Psychic Fangs|p2a: Gliscor\n|-activate|p2a: Gliscor|move: Protect\n|\n|-damage|p1a: Zacian|19\/100 tox|[from] psn\n|-heal|p2a: Gliscor|33\/100 tox|[from] ability: Poison Heal\n|upkeep\n|turn|21\n|\n|t:|1698622409\n|move|p2a: Gliscor|Protect|p2a: Gliscor\n|-singleturn|p2a: Gliscor|Protect\n|move|p1a: Zacian|Psychic Fangs|p2a: Gliscor\n|-activate|p2a: Gliscor|move: Protect\n|\n|-damage|p1a: Zacian|0 fnt|[from] psn\n|faint|p1a: Zacian\n|-heal|p2a: Gliscor|45\/100 tox|[from] ability: Poison Heal\n|upkeep\n|\n|t:|1698622415\n|switch|p1a: Chi-Yu|Chi-Yu|77\/100\n|-ability|p1a: Chi-Yu|Beads of Ruin\n|turn|22\n|\n|t:|1698622428\n|move|p1a: Chi-Yu|Dark Pulse|p2a: Gliscor\n|-damage|p2a: Gliscor|0 fnt\n|faint|p2a: Gliscor\n|\n|upkeep\n|\n|t:|1698622430\n|switch|p2a: Magearna|Magearna|25\/100\n|-damage|p2a: Magearna|19\/100|[from] Stealth Rock\n|turn|23\n|\n|t:|1698622441\n|move|p1a: Chi-Yu|Dark Pulse|p2a: Magearna\n|-resisted|p2a: Magearna\n|-damage|p2a: Magearna|0 fnt\n|faint|p2a: Magearna\n|\n|upkeep\n|\n|t:|1698622444\n|switch|p2a: Basculegion|Basculegion-F, F|100\/100\n|-damage|p2a: Basculegion|88\/100|[from] Stealth Rock\n|turn|24\n|c|\u2606Perry|so band or scarf\n|inactive|DeltaWarrior4 has 270 seconds left.\n|c|\u2606DeltaWarrior4|I wish it was scarf lmao\n|c|\u2606Perry|if it was scarf u probs won with crash anw\n|c|\u2606DeltaWarrior4|yeah I've got calcs pulled up scarf wins game\n|inactive|DeltaWarrior4 has 240 seconds left.\n|c|\u2606DeltaWarrior4|wait its a roll actually for the arceus\n|\n|t:|1698622507\n|move|p2a: Basculegion|Aqua Jet|p1a: Chi-Yu\n|-supereffective|p1a: Chi-Yu\n|-damage|p1a: Chi-Yu|0 fnt\n|faint|p1a: Chi-Yu\n|-damage|p2a: Basculegion|78\/100|[from] item: Life Orb\n|\n|upkeep\n|\n|t:|1698622511\n|switch|p1a: Arceus|Arceus-Fire|100\/100\n|turn|25\n|c|\u2606Perry|u do win the game\n|c|\u2606Perry|damn\n|c|\u2606Perry|it was a roll\n|\n|t:|1698622524\n|move|p1a: Arceus|Dragon Claw|p2a: Basculegion\n|-damage|p2a: Basculegion|40\/100\n|move|p2a: Basculegion|Last Respects|p1a: Arceus\n|-damage|p1a: Arceus|0 fnt\n|faint|p1a: Arceus\n|-damage|p2a: Basculegion|30\/100|[from] item: Life Orb\n|\n|win|DeltaWarrior4\n|c|\u2606Perry|for jet\n|c|\u2606Perry|gg\n|c|\u2606DeltaWarrior4|yeah that was a roll\n|c|\u2606Perry|i should calced\n|c|\u2606DeltaWarrior4|oh its cause I calced with scarf on basc not lo\n|c|\u2606Perry|the\n|c|\u2606DeltaWarrior4|lo was guarentted kill on chi yu\n|c|\u2606Perry|outrage\n|c|\u2606Perry|on wake\n|c|\u2606DeltaWarrior4|yeah that was a close game ggs wp\n|c|\u2606Perry|ggs\n|c|\u2606Perry|i also forgot to calc the zaci vs arc\n|c|\u2606Perry|ugh\n|c|\u2606Perry|well maybe this aint for me\n|c|\u2606Perry|im good at normal ubers\n|c|\u2606Perry|beep\n|c|\u2606DeltaWarrior4|yeah I shouldn't have blown my tera on Arceus\n|c|\u2606Perry|upl winner here <<\n|c|\u2606Perry|cya\n|c|\u2606DeltaWarrior4|lmao hey its all good you've got way more rounds to go\n|c|\u2606DeltaWarrior4|cya later\n","uploadtime":1698622525,"views":41,"p1id":"perry","p2id":"deltawarrior4","formatid":"gen9ubers","rating":0,"private":0,"password":""}