{"id":"smogtours-gen9ubers-730122","p1":"xoxo_pancake","p2":"aberforth","format":"[Gen 9] Ubers","log":"|inactive|Battle timer is ON: inactive players will automatically lose when time's up.\n|t:|1699790530\n|gametype|singles\n|player|p1|xoxo_pancake|2|\n|player|p2|aberforth|#scl3machines|\n|teamsize|p1|6\n|teamsize|p2|6\n|gen|9\n|tier|[Gen 9] Ubers\n|rule|Sleep Clause Mod: Limit one foe put to sleep\n|rule|Species Clause: Limit one of each Pok\u00e9mon\n|rule|OHKO Clause: OHKO moves are banned\n|rule|Evasion Items Clause: Evasion items are banned\n|rule|Evasion Moves Clause: Evasion moves are banned\n|rule|Endless Battle Clause: Forcing endless battles is banned\n|rule|HP Percentage Mod: HP is shown in percentages\n|clearpoke\n|poke|p1|Ribombee, F|\n|poke|p1|Mewtwo|\n|poke|p1|Miraidon|\n|poke|p1|Calyrex-Ice|\n|poke|p1|Zacian-*|\n|poke|p1|Arceus|\n|poke|p2|Arceus|\n|poke|p2|Kingambit, F|\n|poke|p2|Skeledirge, M|\n|poke|p2|Groudon|\n|poke|p2|Zacian-*|\n|poke|p2|Giratina-Origin|\n|teampreview\n|c|\u2606aberforth|hf\n|c|\u2606xoxo_pancake|u2\n|inactive|xoxo_pancake has 270 seconds left.\n|inactive|aberforth has 270 seconds left.\n|\n|t:|1699790570\n|start\n|switch|p1a: Ribombee|Ribombee, F|100\/100\n|switch|p2a: Zacian|Zacian-Crowned|100\/100\n|-ability|p2a: Zacian|Intrepid Sword|boost\n|-boost|p2a: Zacian|atk|1\n|turn|1\n|\n|t:|1699790575\n|move|p2a: Zacian|Behemoth Blade|p1a: Ribombee\n|-supereffective|p1a: Ribombee\n|-enditem|p1a: Ribombee|Focus Sash\n|-damage|p1a: Ribombee|1\/100\n|move|p1a: Ribombee|Sticky Web|p2a: Zacian\n|-sidestart|p2: aberforth|move: Sticky Web\n|\n|upkeep\n|turn|2\n|\n|t:|1699790591\n|move|p2a: Zacian|Behemoth Blade|p1a: Ribombee\n|-supereffective|p1a: Ribombee\n|-damage|p1a: Ribombee|0 fnt\n|faint|p1a: Ribombee\n|\n|upkeep\n|\n|t:|1699790603\n|switch|p1a: Mewtwo|Mewtwo|100\/100\n|-ability|p1a: Mewtwo|Pressure\n|turn|3\n|\n|t:|1699790617\n|move|p2a: Zacian|Behemoth Blade|p1a: Mewtwo\n|-damage|p1a: Mewtwo|2\/100\n|move|p1a: Mewtwo|Fire Blast|p2a: Zacian\n|-supereffective|p2a: Zacian\n|-damage|p2a: Zacian|3\/100\n|-damage|p1a: Mewtwo|0 fnt|[from] item: Life Orb\n|faint|p1a: Mewtwo\n|\n|upkeep\n|\n|t:|1699790625\n|switch|p1a: Arceus|Arceus|100\/100\n|turn|4\n|\n|t:|1699790636\n|switch|p2a: Skeledirge|Skeledirge, M|100\/100\n|move|p1a: Arceus|Shadow Claw|p2a: Skeledirge\n|-supereffective|p2a: Skeledirge\n|-damage|p2a: Skeledirge|72\/100\n|\n|upkeep\n|turn|5\n|\n|t:|1699790642\n|move|p1a: Arceus|Taunt|p2a: Skeledirge\n|-start|p2a: Skeledirge|move: Taunt\n|cant|p2a: Skeledirge|move: Taunt|Will-O-Wisp\n|\n|upkeep\n|turn|6\n|\n|t:|1699790647\n|switch|p2a: Giratina|Giratina-Origin|100\/100\n|move|p1a: Arceus|Shadow Claw|p2a: Giratina\n|-supereffective|p2a: Giratina\n|-crit|p2a: Giratina\n|-damage|p2a: Giratina|49\/100\n|\n|upkeep\n|turn|7\n|\n|t:|1699790654\n|move|p1a: Arceus|Shadow Claw|p2a: Giratina\n|-supereffective|p2a: Giratina\n|-damage|p2a: Giratina|15\/100\n|move|p2a: Giratina|Will-O-Wisp|p1a: Arceus\n|-status|p1a: Arceus|brn\n|\n|-damage|p1a: Arceus|94\/100 brn|[from] brn\n|upkeep\n|turn|8\n|\n|t:|1699790662\n|switch|p2a: Groudon|Groudon|100\/100\n|-activate|p2a: Groudon|move: Sticky Web\n|-unboost|p2a: Groudon|spe|1\n|-weather|SunnyDay|[from] ability: Drought|[of] p2a: Groudon\n|move|p1a: Arceus|Shadow Claw|p2a: Groudon\n|-damage|p2a: Groudon|92\/100\n|\n|-weather|SunnyDay|[upkeep]\n|-heal|p2a: Groudon|99\/100|[from] item: Leftovers\n|-damage|p1a: Arceus|88\/100 brn|[from] brn\n|upkeep\n|turn|9\n|\n|t:|1699790678\n|switch|p1a: Calyrex|Calyrex-Ice|100\/100\n|-ability|p1a: Calyrex|As One\n|-ability|p1a: Calyrex|Unnerve\n|move|p2a: Groudon|Precipice Blades|p1a: Calyrex\n|-damage|p1a: Calyrex|67\/100\n|\n|-weather|SunnyDay|[upkeep]\n|-heal|p2a: Groudon|100\/100|[from] item: Leftovers\n|upkeep\n|turn|10\n|\n|t:|1699790689\n|switch|p2a: Skeledirge|Skeledirge, M|72\/100\n|move|p1a: Calyrex|Trick Room|p1a: Calyrex\n|-fieldstart|move: Trick Room|[of] p1a: Calyrex\n|\n|-weather|SunnyDay|[upkeep]\n|upkeep\n|turn|11\n|inactive|aberforth has 270 seconds left.\n|\n|t:|1699790720\n|switch|p2a: Giratina|Giratina-Origin|15\/100\n|move|p1a: Calyrex|High Horsepower|p2a: Giratina\n|-immune|p2a: Giratina|[from] ability: Levitate\n|\n|-weather|SunnyDay|[upkeep]\n|upkeep\n|turn|12\n|inactive|aberforth has 270 seconds left.\n|\n|t:|1699790728\n|move|p2a: Giratina|Shadow Sneak|p1a: Calyrex\n|-supereffective|p1a: Calyrex\n|-damage|p1a: Calyrex|35\/100\n|move|p1a: Calyrex|Swords Dance|p1a: Calyrex\n|-boost|p1a: Calyrex|atk|2\n|\n|-weather|none\n|upkeep\n|turn|13\n|\n|t:|1699790731\n|move|p2a: Giratina|Shadow Sneak|p1a: Calyrex\n|-supereffective|p1a: Calyrex\n|-damage|p1a: Calyrex|4\/100\n|move|p1a: Calyrex|Glacial Lance|p2a: Giratina\n|-supereffective|p2a: Giratina\n|-damage|p2a: Giratina|0 fnt\n|faint|p2a: Giratina\n|-ability|p1a: Calyrex|Chilling Neigh|boost\n|-boost|p1a: Calyrex|atk|1\n|\n|upkeep\n|\n|t:|1699790734\n|switch|p2a: Arceus|Arceus|100\/100\n|-activate|p2a: Arceus|move: Sticky Web\n|-unboost|p2a: Arceus|spe|1\n|turn|14\n|\n|t:|1699790738\n|switch|p1a: Zacian|Zacian-Crowned|100\/100\n|-ability|p1a: Zacian|Intrepid Sword|boost\n|-boost|p1a: Zacian|atk|1\n|move|p2a: Arceus|Extreme Speed|p1a: Zacian\n|-resisted|p1a: Zacian\n|-damage|p1a: Zacian|75\/100\n|\n|-fieldend|move: Trick Room\n|upkeep\n|turn|15\n|\n|t:|1699790748\n|switch|p2a: Groudon|Groudon|100\/100\n|-activate|p2a: Groudon|move: Sticky Web\n|-unboost|p2a: Groudon|spe|1\n|-weather|SunnyDay|[from] ability: Drought|[of] p2a: Groudon\n|move|p1a: Zacian|Wild Charge|p2a: Groudon\n|-immune|p2a: Groudon\n|\n|-weather|SunnyDay|[upkeep]\n|upkeep\n|turn|16\n|\n|t:|1699790763\n|move|p1a: Zacian|Behemoth Blade|p2a: Groudon\n|-damage|p2a: Groudon|42\/100\n|move|p2a: Groudon|Precipice Blades|p1a: Zacian|[miss]\n|-miss|p2a: Groudon|p1a: Zacian\n|\n|-weather|SunnyDay|[upkeep]\n|-heal|p2a: Groudon|49\/100|[from] item: Leftovers\n|upkeep\n|turn|17\n|\n|t:|1699790783\n|-terastallize|p2a: Groudon|Water\n|move|p1a: Zacian|Behemoth Blade|p2a: Groudon\n|-resisted|p2a: Groudon\n|-damage|p2a: Groudon|19\/100\n|move|p2a: Groudon|Precipice Blades|p1a: Zacian\n|-supereffective|p1a: Zacian\n|-damage|p1a: Zacian|0 fnt\n|faint|p1a: Zacian\n|\n|-weather|SunnyDay|[upkeep]\n|-heal|p2a: Groudon|25\/100|[from] item: Leftovers\n|upkeep\n|\n|t:|1699790788\n|switch|p1a: Miraidon|Miraidon|100\/100\n|-fieldstart|move: Electric Terrain|[from] ability: Hadron Engine|[of] p1a: Miraidon\n|-enditem|p1a: Miraidon|Electric Seed\n|-boost|p1a: Miraidon|def|1|[from] item: Electric Seed\n|turn|18\n|\n|t:|1699790793\n|-terastallize|p1a: Miraidon|Fairy\n|move|p1a: Miraidon|Dazzling Gleam|p2a: Groudon\n|-damage|p2a: Groudon|0 fnt\n|faint|p2a: Groudon\n|\n|-weather|SunnyDay|[upkeep]\n|upkeep\n|\n|t:|1699790803\n|switch|p2a: Zacian|Zacian-Crowned|3\/100\n|-activate|p2a: Zacian|move: Sticky Web\n|-unboost|p2a: Zacian|spe|1\n|turn|19\n|\n|t:|1699790807\n|switch|p1a: Calyrex|Calyrex-Ice|4\/100\n|-ability|p1a: Calyrex|As One\n|-ability|p1a: Calyrex|Unnerve\n|move|p2a: Zacian|Behemoth Blade|p1a: Calyrex\n|-supereffective|p1a: Calyrex\n|-damage|p1a: Calyrex|0 fnt\n|faint|p1a: Calyrex\n|\n|-weather|none\n|upkeep\n|\n|t:|1699790810\n|switch|p1a: Arceus|Arceus|88\/100 brn\n|turn|20\n|\n|t:|1699790813\n|switch|p2a: Skeledirge|Skeledirge, M|72\/100\n|move|p1a: Arceus|Extreme Speed|p2a: Skeledirge\n|-immune|p2a: Skeledirge\n|\n|-damage|p1a: Arceus|82\/100 brn|[from] brn\n|upkeep\n|turn|21\n|\n|t:|1699790818\n|switch|p2a: Zacian|Zacian-Crowned|3\/100\n|-activate|p2a: Zacian|move: Sticky Web\n|-unboost|p2a: Zacian|spe|1\n|move|p1a: Arceus|Taunt|p2a: Zacian\n|-start|p2a: Zacian|move: Taunt\n|\n|-damage|p1a: Arceus|76\/100 brn|[from] brn\n|upkeep\n|turn|22\n|\n|t:|1699790824\n|switch|p2a: Skeledirge|Skeledirge, M|72\/100\n|move|p1a: Arceus|Shadow Claw|p2a: Skeledirge\n|-supereffective|p2a: Skeledirge\n|-damage|p2a: Skeledirge|55\/100\n|\n|-damage|p1a: Arceus|70\/100 brn|[from] brn\n|-fieldend|move: Electric Terrain\n|upkeep\n|turn|23\n|\n|t:|1699790831\n|move|p1a: Arceus|Taunt|p2a: Skeledirge\n|-start|p2a: Skeledirge|move: Taunt\n|move|p2a: Skeledirge|Torch Song|p1a: Arceus\n|-damage|p1a: Arceus|49\/100 brn\n|-boost|p2a: Skeledirge|spa|1\n|\n|-damage|p1a: Arceus|43\/100 brn|[from] brn\n|upkeep\n|turn|24\n|\n|t:|1699790839\n|move|p1a: Arceus|Shadow Claw|p2a: Skeledirge\n|-supereffective|p2a: Skeledirge\n|-damage|p2a: Skeledirge|39\/100\n|move|p2a: Skeledirge|Torch Song|p1a: Arceus\n|-damage|p1a: Arceus|14\/100 brn\n|-boost|p2a: Skeledirge|spa|1\n|\n|-damage|p1a: Arceus|8\/100 brn|[from] brn\n|upkeep\n|turn|25\n|\n|t:|1699790844\n|move|p1a: Arceus|Shadow Claw|p2a: Skeledirge\n|-supereffective|p2a: Skeledirge\n|-damage|p2a: Skeledirge|23\/100\n|move|p2a: Skeledirge|Torch Song|p1a: Arceus\n|-damage|p1a: Arceus|0 fnt\n|-boost|p2a: Skeledirge|spa|1\n|faint|p1a: Arceus\n|\n|-end|p2a: Skeledirge|move: Taunt\n|upkeep\n|\n|t:|1699790847\n|switch|p1a: Miraidon|Miraidon, tera:Fairy|100\/100\n|-fieldstart|move: Electric Terrain|[from] ability: Hadron Engine|[of] p1a: Miraidon\n|turn|26\n|\n|t:|1699790850\n|move|p1a: Miraidon|Parabolic Charge|p2a: Skeledirge\n|-damage|p2a: Skeledirge|0 fnt\n|faint|p2a: Skeledirge\n|\n|upkeep\n|\n|t:|1699790853\n|switch|p2a: Zacian|Zacian-Crowned|3\/100\n|-activate|p2a: Zacian|move: Sticky Web\n|-unboost|p2a: Zacian|spe|1\n|turn|27\n|\n|t:|1699790856\n|move|p1a: Miraidon|Parabolic Charge|p2a: Zacian\n|-damage|p2a: Zacian|0 fnt\n|faint|p2a: Zacian\n|\n|upkeep\n|\n|t:|1699790858\n|switch|p2a: Arceus|Arceus|100\/100\n|-activate|p2a: Arceus|move: Sticky Web\n|-unboost|p2a: Arceus|spe|1\n|turn|28\n|\n|t:|1699790862\n|move|p1a: Miraidon|Parabolic Charge|p2a: Arceus\n|-damage|p2a: Arceus|54\/100\n|move|p2a: Arceus|Swords Dance|p2a: Arceus\n|-boost|p2a: Arceus|atk|2\n|\n|upkeep\n|turn|29\n|\n|t:|1699790877\n|move|p1a: Miraidon|Dazzling Gleam|p2a: Arceus\n|-damage|p2a: Arceus|13\/100\n|move|p2a: Arceus|Shadow Claw|p1a: Miraidon\n|-damage|p1a: Miraidon|57\/100\n|\n|upkeep\n|turn|30\n|\n|t:|1699790883\n|move|p2a: Arceus|Extreme Speed|p1a: Miraidon\n|-damage|p1a: Miraidon|0 fnt\n|faint|p1a: Miraidon\n|\n|win|aberforth\n|c|\u2606aberforth|gg\n|c|\u2606xoxo_pancake|gg\n|player|p2|aberforth|#scl3machines\n","uploadtime":1699790884,"views":28,"p1id":"xoxopancake","p2id":"aberforth","formatid":"gen9ubers","rating":0,"private":0,"password":""}