{"id":"smogtours-gen9ubers-730142","p1":"RichardMillePlain","p2":"Highlord","format":"[Gen 9] Ubers","log":"|inactive|Battle timer is ON: inactive players will automatically lose when time's up.\n|t:|1699797280\n|gametype|singles\n|player|p1|RichardMillePlain|#scl3terrors2|\n|player|p2|Highlord|#scl3foxes|\n|teamsize|p1|6\n|teamsize|p2|6\n|gen|9\n|tier|[Gen 9] Ubers\n|rule|Sleep Clause Mod: Limit one foe put to sleep\n|rule|Species Clause: Limit one of each Pok\u00e9mon\n|rule|OHKO Clause: OHKO moves are banned\n|rule|Evasion Items Clause: Evasion items are banned\n|rule|Evasion Moves Clause: Evasion moves are banned\n|rule|Endless Battle Clause: Forcing endless battles is banned\n|rule|HP Percentage Mod: HP is shown in percentages\n|clearpoke\n|poke|p1|Arceus-Fairy|\n|poke|p1|Miraidon|\n|poke|p1|Clodsire, F|\n|poke|p1|Skeledirge, F|\n|poke|p1|Corviknight, M|\n|poke|p1|Koraidon|\n|poke|p2|Miraidon|\n|poke|p2|Landorus-Therian, M|\n|poke|p2|Arceus-Ground|\n|poke|p2|Koraidon|\n|poke|p2|Zacian-*|\n|poke|p2|Ditto|\n|teampreview\n|c|\u2606RichardMillePlain|hf\n|c|+Mindnight|SCL?\n|inactive|RichardMillePlain has 270 seconds left.\n|inactive|Highlord has 270 seconds left.\n|c|\u2606RichardMillePlain|yes\n|c|+Mindnight|gl mon gars\n|inactive|RichardMillePlain has 240 seconds left.\n|inactive|Highlord has 240 seconds left.\n|\n|t:|1699797356\n|start\n|switch|p1a: Arceus|Arceus-Fairy, shiny|100\/100\n|switch|p2a: Koraidon|Koraidon|100\/100\n|-weather|SunnyDay|[from] ability: Orichalcum Pulse|[of] p2a: Koraidon\n|-activate|p2a: Koraidon|Orichalcum Pulse|[source]\n|turn|1\n|\n|t:|1699797363\n|switch|p2a: Zacian|Zacian-Crowned|100\/100\n|-ability|p2a: Zacian|Intrepid Sword|boost\n|-boost|p2a: Zacian|atk|1\n|move|p1a: Arceus|Judgment|p2a: Zacian\n|-resisted|p2a: Zacian\n|-damage|p2a: Zacian|79\/100\n|\n|-weather|SunnyDay|[upkeep]\n|upkeep\n|turn|2\n|\n|t:|1699797371\n|switch|p2a: Miraidon|Miraidon|100\/100\n|-fieldstart|move: Electric Terrain|[from] ability: Hadron Engine|[of] p2a: Miraidon\n|switch|p1a: Corviknight|Corviknight, M, shiny|100\/100\n|-ability|p1a: Corviknight|Pressure\n|\n|-weather|SunnyDay|[upkeep]\n|upkeep\n|turn|3\n|\n|t:|1699797386\n|switch|p1a: Clodsire|Clodsire, F|100\/100\n|move|p2a: Miraidon|Substitute|p2a: Miraidon\n|-start|p2a: Miraidon|Substitute\n|-damage|p2a: Miraidon|76\/100\n|\n|-weather|SunnyDay|[upkeep]\n|upkeep\n|turn|4\n|\n|t:|1699797388\n|move|p2a: Miraidon|Solar Beam||[still]\n|-prepare|p2a: Miraidon|Solar Beam\n|-anim|p2a: Miraidon|Solar Beam|p1a: Clodsire\n|-damage|p1a: Clodsire|63\/100\n|-damage|p2a: Miraidon|66\/100|[from] item: Life Orb\n|move|p1a: Clodsire|Earthquake|p2a: Miraidon\n|-supereffective|p2a: Miraidon\n|-end|p2a: Miraidon|Substitute\n|\n|-weather|SunnyDay|[upkeep]\n|-heal|p1a: Clodsire|69\/100|[from] item: Leftovers\n|upkeep\n|turn|5\n|inactive|Highlord has 270 seconds left.\n|inactive|RichardMillePlain has 270 seconds left.\n|\n|t:|1699797425\n|switch|p2a: Landorus|Landorus-Therian, M|100\/100\n|-ability|p2a: Landorus|Intimidate|boost\n|-unboost|p1a: Clodsire|atk|1\n|switch|p1a: Arceus|Arceus-Fairy, shiny|100\/100\n|\n|-weather|none\n|upkeep\n|turn|6\n|inactive|Highlord has 270 seconds left.\n|\n|t:|1699797433\n|switch|p2a: Zacian|Zacian-Crowned|79\/100\n|move|p1a: Arceus|Judgment|p2a: Zacian\n|-resisted|p2a: Zacian\n|-damage|p2a: Zacian|55\/100\n|\n|-fieldend|move: Electric Terrain\n|upkeep\n|turn|7\n|\n|t:|1699797444\n|switch|p1a: Koraidon|Koraidon|100\/100\n|-weather|SunnyDay|[from] ability: Orichalcum Pulse|[of] p1a: Koraidon\n|-activate|p1a: Koraidon|Orichalcum Pulse|[source]\n|move|p2a: Zacian|Swords Dance|p2a: Zacian\n|-boost|p2a: Zacian|atk|2\n|\n|-weather|SunnyDay|[upkeep]\n|upkeep\n|turn|8\n|\n|t:|1699797453\n|switch|p2a: Landorus|Landorus-Therian, M|100\/100\n|-ability|p2a: Landorus|Intimidate|boost\n|-unboost|p1a: Koraidon|atk|1\n|move|p1a: Koraidon|U-turn|p2a: Landorus\n|-resisted|p2a: Landorus\n|-damage|p2a: Landorus|92\/100\n|-damage|p1a: Koraidon|84\/100|[from] item: Rocky Helmet|[of] p2a: Landorus\n|\n|t:|1699797454\n|switch|p1a: Miraidon|Miraidon|100\/100|[from] U-turn\n|-fieldstart|move: Electric Terrain|[from] ability: Hadron Engine|[of] p1a: Miraidon\n|\n|-weather|SunnyDay|[upkeep]\n|upkeep\n|turn|9\n|\n|t:|1699797459\n|switch|p2a: Zacian|Zacian-Crowned|55\/100\n|move|p1a: Miraidon|Draco Meteor|p2a: Zacian\n|-immune|p2a: Zacian\n|\n|-weather|SunnyDay|[upkeep]\n|upkeep\n|turn|10\n|\n|t:|1699797470\n|switch|p2a: Landorus|Landorus-Therian, M|92\/100\n|-ability|p2a: Landorus|Intimidate|boost\n|-unboost|p1a: Miraidon|atk|1\n|move|p1a: Miraidon|Draco Meteor|p2a: Landorus\n|-damage|p2a: Landorus|0 fnt\n|-unboost|p1a: Miraidon|spa|2\n|faint|p2a: Landorus\n|-damage|p1a: Miraidon|91\/100|[from] item: Life Orb\n|\n|-weather|SunnyDay|[upkeep]\n|upkeep\n|\n|t:|1699797476\n|switch|p2a: Koraidon|Koraidon|100\/100\n|-activate|p2a: Koraidon|ability: Orichalcum Pulse\n|turn|11\n|\n|t:|1699797485\n|move|p2a: Koraidon|Swords Dance|p2a: Koraidon\n|-boost|p2a: Koraidon|atk|2\n|move|p1a: Miraidon|Draco Meteor|p2a: Koraidon\n|-supereffective|p2a: Koraidon\n|-damage|p2a: Koraidon|0 fnt\n|-unboost|p1a: Miraidon|spa|2\n|faint|p2a: Koraidon\n|-damage|p1a: Miraidon|81\/100|[from] item: Life Orb\n|\n|-weather|none\n|upkeep\n|\n|t:|1699797502\n|switch|p2a: Arceus|Arceus-Ground|100\/100\n|turn|12\n|\n|t:|1699797506\n|switch|p1a: Arceus|Arceus-Fairy, shiny|100\/100\n|move|p2a: Arceus|Calm Mind|p2a: Arceus\n|-boost|p2a: Arceus|spa|1\n|-boost|p2a: Arceus|spd|1\n|\n|-fieldend|move: Electric Terrain\n|upkeep\n|turn|13\n|\n|t:|1699797512\n|move|p2a: Arceus|Calm Mind|p2a: Arceus\n|-boost|p2a: Arceus|spa|1\n|-boost|p2a: Arceus|spd|1\n|move|p1a: Arceus|Calm Mind|p1a: Arceus\n|-boost|p1a: Arceus|spa|1\n|-boost|p1a: Arceus|spd|1\n|\n|upkeep\n|turn|14\n|\n|t:|1699797514\n|move|p2a: Arceus|Calm Mind|p2a: Arceus\n|-boost|p2a: Arceus|spa|1\n|-boost|p2a: Arceus|spd|1\n|move|p1a: Arceus|Judgment|p2a: Arceus\n|-damage|p2a: Arceus|81\/100\n|\n|upkeep\n|turn|15\n|\n|t:|1699797516\n|move|p2a: Arceus|Calm Mind|p2a: Arceus\n|-boost|p2a: Arceus|spa|1\n|-boost|p2a: Arceus|spd|1\n|move|p1a: Arceus|Calm Mind|p1a: Arceus\n|-boost|p1a: Arceus|spa|1\n|-boost|p1a: Arceus|spd|1\n|\n|upkeep\n|turn|16\n|\n|t:|1699797518\n|move|p2a: Arceus|Calm Mind|p2a: Arceus\n|-boost|p2a: Arceus|spa|1\n|-boost|p2a: Arceus|spd|1\n|move|p1a: Arceus|Calm Mind|p1a: Arceus\n|-boost|p1a: Arceus|spa|1\n|-boost|p1a: Arceus|spd|1\n|\n|upkeep\n|turn|17\n|\n|t:|1699797519\n|move|p2a: Arceus|Calm Mind|p2a: Arceus\n|-boost|p2a: Arceus|spa|1\n|-boost|p2a: Arceus|spd|1\n|move|p1a: Arceus|Calm Mind|p1a: Arceus\n|-boost|p1a: Arceus|spa|1\n|-boost|p1a: Arceus|spd|1\n|\n|upkeep\n|turn|18\n|\n|t:|1699797521\n|move|p2a: Arceus|Judgment|p1a: Arceus\n|-damage|p1a: Arceus|56\/100\n|move|p1a: Arceus|Calm Mind|p1a: Arceus\n|-boost|p1a: Arceus|spa|1\n|-boost|p1a: Arceus|spd|1\n|\n|upkeep\n|turn|19\n|\n|t:|1699797524\n|move|p2a: Arceus|Judgment|p1a: Arceus\n|-damage|p1a: Arceus|19\/100\n|move|p1a: Arceus|Recover|p1a: Arceus\n|-heal|p1a: Arceus|70\/100\n|\n|upkeep\n|turn|20\n|\n|t:|1699797527\n|move|p2a: Arceus|Judgment|p1a: Arceus\n|-damage|p1a: Arceus|33\/100\n|move|p1a: Arceus|Recover|p1a: Arceus\n|-heal|p1a: Arceus|84\/100\n|\n|upkeep\n|turn|21\n|\n|t:|1699797530\n|move|p2a: Arceus|Judgment|p1a: Arceus\n|-damage|p1a: Arceus|45\/100\n|move|p1a: Arceus|Calm Mind|p1a: Arceus\n|-boost|p1a: Arceus|spa|1\n|-boost|p1a: Arceus|spd|1\n|\n|upkeep\n|turn|22\n|\n|t:|1699797531\n|move|p2a: Arceus|Judgment|p1a: Arceus\n|-damage|p1a: Arceus|13\/100\n|move|p1a: Arceus|Recover|p1a: Arceus\n|-heal|p1a: Arceus|63\/100\n|\n|upkeep\n|turn|23\n|\n|t:|1699797533\n|move|p2a: Arceus|Judgment|p1a: Arceus\n|-damage|p1a: Arceus|30\/100\n|move|p1a: Arceus|Judgment|p2a: Arceus\n|-damage|p2a: Arceus|52\/100\n|\n|upkeep\n|turn|24\n|\n|t:|1699797536\n|move|p2a: Arceus|Recover|p2a: Arceus\n|-heal|p2a: Arceus|100\/100\n|move|p1a: Arceus|Judgment|p2a: Arceus\n|-damage|p2a: Arceus|71\/100\n|\n|upkeep\n|turn|25\n|\n|t:|1699797539\n|move|p2a: Arceus|Judgment|p1a: Arceus\n|-damage|p1a: Arceus|0 fnt\n|faint|p1a: Arceus\n|\n|upkeep\n|\n|t:|1699797541\n|switch|p1a: Koraidon|Koraidon|84\/100\n|-weather|SunnyDay|[from] ability: Orichalcum Pulse|[of] p1a: Koraidon\n|-activate|p1a: Koraidon|Orichalcum Pulse|[source]\n|turn|26\n|\n|t:|1699797550\n|-terastallize|p1a: Koraidon|Fire\n|-terastallize|p2a: Arceus|Water\n|move|p1a: Koraidon|Flare Blitz|p2a: Arceus\n|-resisted|p2a: Arceus\n|-damage|p2a: Arceus|38\/100\n|-damage|p1a: Koraidon|70\/100|[from] Recoil\n|move|p2a: Arceus|Judgment|p1a: Koraidon\n|-supereffective|p1a: Koraidon\n|-damage|p1a: Koraidon|0 fnt\n|faint|p1a: Koraidon\n|\n|-weather|SunnyDay|[upkeep]\n|upkeep\n|\n|t:|1699797553\n|switch|p1a: Miraidon|Miraidon|81\/100\n|-fieldstart|move: Electric Terrain|[from] ability: Hadron Engine|[of] p1a: Miraidon\n|turn|27\n|\n|t:|1699797560\n|move|p1a: Miraidon|Parabolic Charge|p2a: Arceus\n|-supereffective|p2a: Arceus\n|-damage|p2a: Arceus|12\/100\n|-heal|p1a: Miraidon|98\/100|[from] drain|[of] p2a: Arceus\n|-damage|p1a: Miraidon|88\/100|[from] item: Life Orb\n|move|p2a: Arceus|Judgment|p1a: Miraidon\n|-supereffective|p1a: Miraidon\n|-crit|p1a: Miraidon\n|-damage|p1a: Miraidon|0 fnt\n|faint|p1a: Miraidon\n|\n|-weather|SunnyDay|[upkeep]\n|upkeep\n|\n|t:|1699797564\n|switch|p1a: Clodsire|Clodsire, F|69\/100\n|turn|28\n|\n|t:|1699797569\n|move|p2a: Arceus|Judgment|p1a: Clodsire\n|-supereffective|p1a: Clodsire\n|-damage|p1a: Clodsire|0 fnt\n|faint|p1a: Clodsire\n|\n|-weather|SunnyDay|[upkeep]\n|upkeep\n|c|\u2606RichardMillePlain|gg\n|\n|t:|1699797573\n|switch|p1a: Skeledirge|Skeledirge, F|100\/100\n|turn|29\n|\n|t:|1699797577\n|move|p2a: Arceus|Recover|p2a: Arceus\n|-heal|p2a: Arceus|62\/100\n|move|p1a: Skeledirge|Hex|p2a: Arceus\n|-damage|p2a: Arceus|45\/100\n|\n|-weather|SunnyDay|[upkeep]\n|upkeep\n|turn|30\n|\n|t:|1699797579\n|move|p2a: Arceus|Judgment|p1a: Skeledirge\n|-supereffective|p1a: Skeledirge\n|-damage|p1a: Skeledirge|0 fnt\n|faint|p1a: Skeledirge\n|\n|-weather|none\n|upkeep\n|\n|t:|1699797580\n|switch|p1a: Corviknight|Corviknight, M, shiny|100\/100\n|-ability|p1a: Corviknight|Pressure\n|turn|31\n|\n|t:|1699797582\n|move|p2a: Arceus|Ice Beam|p1a: Corviknight\n|-damage|p1a: Corviknight|19\/100\n|move|p1a: Corviknight|U-turn|p2a: Arceus\n|-damage|p2a: Arceus|38\/100\n|\n|-fieldend|move: Electric Terrain\n|upkeep\n|turn|32\n|\n|t:|1699797585\n|move|p2a: Arceus|Ice Beam|p1a: Corviknight\n|-damage|p1a: Corviknight|0 fnt\n|faint|p1a: Corviknight\n|\n|win|Highlord\n|c|\u2606Highlord|gg\n","uploadtime":1699797586,"views":351,"p1id":"richardmilleplain","p2id":"highlord","formatid":"gen9ubers","rating":0,"private":0,"password":""}