{"id":"smogtours-gen9ubers-732161","p1":"byulharang","p2":"ox04","format":"[Gen 9] Ubers","log":"|inactive|Battle timer is ON: inactive players will automatically lose when time's up.\n|t:|1700845084\n|gametype|singles\n|player|p1|byulharang|phoebe-gen3|\n|player|p2|ox04|hugh|\n|teamsize|p1|6\n|teamsize|p2|6\n|gen|9\n|tier|[Gen 9] Ubers\n|rule|Sleep Clause Mod: Limit one foe put to sleep\n|rule|Species Clause: Limit one of each Pok\u00e9mon\n|rule|OHKO Clause: OHKO moves are banned\n|rule|Evasion Items Clause: Evasion items are banned\n|rule|Evasion Moves Clause: Evasion moves are banned\n|rule|Endless Battle Clause: Forcing endless battles is banned\n|rule|HP Percentage Mod: HP is shown in percentages\n|clearpoke\n|poke|p1|Calyrex-Ice|\n|poke|p1|Great Tusk|\n|poke|p1|Landorus-Therian, M|\n|poke|p1|Zacian-*|\n|poke|p1|Arceus-Fairy|\n|poke|p1|Koraidon|\n|poke|p2|Miraidon|\n|poke|p2|Chien-Pao|\n|poke|p2|Arceus-Fairy|\n|poke|p2|Landorus-Therian, M|\n|poke|p2|Corviknight, F|\n|poke|p2|Clodsire, M|\n|teampreview\n|c|\u2606ox04|glhf\n|c|\u2606byulharang|hf\n|inactive|byulharang has 270 seconds left.\n|inactive|byulharang has 240 seconds left.\n|\n|t:|1700845159\n|start\n|switch|p1a: Love Flew Away|Arceus-Fairy|100\/100\n|switch|p2a: Landorus|Landorus-Therian, M|100\/100\n|-ability|p2a: Landorus|Intimidate|boost\n|-unboost|p1a: Love Flew Away|atk|1\n|turn|1\n|\n|t:|1700845184\n|switch|p2a: Clodsire|Clodsire, M|100\/100\n|move|p1a: Love Flew Away|Judgment|p2a: Clodsire\n|-resisted|p2a: Clodsire\n|-damage|p2a: Clodsire|88\/100\n|\n|upkeep\n|turn|2\n|\n|t:|1700845193\n|move|p1a: Love Flew Away|Taunt|p2a: Clodsire\n|-start|p2a: Clodsire|move: Taunt\n|-enditem|p2a: Clodsire|Mental Herb\n|-end|p2a: Clodsire|move: Taunt\n|move|p2a: Clodsire|Toxic|p1a: Love Flew Away\n|-status|p1a: Love Flew Away|tox\n|\n|-damage|p1a: Love Flew Away|94\/100 tox|[from] psn\n|upkeep\n|turn|3\n|\n|t:|1700845202\n|switch|p1a: Landorus|Landorus-Therian, M|100\/100\n|-ability|p1a: Landorus|Intimidate|boost\n|-unboost|p2a: Clodsire|atk|1\n|move|p2a: Clodsire|Toxic|p1a: Landorus\n|-status|p1a: Landorus|tox\n|\n|-damage|p1a: Landorus|94\/100 tox|[from] psn\n|upkeep\n|turn|4\n|\n|t:|1700845206\n|switch|p2a: Chien-Pao|Chien-Pao|100\/100\n|-ability|p2a: Chien-Pao|Sword of Ruin\n|move|p1a: Landorus|Stealth Rock|p2a: Chien-Pao\n|-sidestart|p2: ox04|move: Stealth Rock\n|\n|-damage|p1a: Landorus|82\/100 tox|[from] psn\n|upkeep\n|turn|5\n|\n|t:|1700845216\n|move|p2a: Chien-Pao|Ice Spinner|p1a: Landorus\n|-supereffective|p1a: Landorus\n|-damage|p1a: Landorus|0 fnt\n|-damage|p2a: Chien-Pao|84\/100|[from] item: Rocky Helmet|[of] p1a: Landorus\n|faint|p1a: Landorus\n|\n|upkeep\n|\n|t:|1700845228\n|switch|p1a: Falling Behind|Zacian-Crowned|100\/100\n|-ability|p1a: Falling Behind|Intrepid Sword|boost\n|-boost|p1a: Falling Behind|atk|1\n|turn|6\n|\n|t:|1700845233\n|switch|p2a: Corviknight|Corviknight, F, shiny|100\/100\n|-damage|p2a: Corviknight|88\/100|[from] Stealth Rock\n|-ability|p2a: Corviknight|Pressure\n|move|p1a: Falling Behind|Swords Dance|p1a: Falling Behind\n|-boost|p1a: Falling Behind|atk|2\n|\n|upkeep\n|turn|7\n|\n|t:|1700845238\n|move|p1a: Falling Behind|Wild Charge|p2a: Corviknight\n|-supereffective|p2a: Corviknight\n|-damage|p2a: Corviknight|0 fnt\n|-damage|p1a: Falling Behind|84\/100|[from] item: Rocky Helmet|[of] p2a: Corviknight\n|faint|p2a: Corviknight\n|-damage|p1a: Falling Behind|57\/100|[from] Recoil\n|\n|upkeep\n|\n|t:|1700845241\n|switch|p2a: Landorus|Landorus-Therian, M|100\/100\n|-damage|p2a: Landorus|88\/100|[from] Stealth Rock\n|-ability|p2a: Landorus|Intimidate|boost\n|-unboost|p1a: Falling Behind|atk|1\n|turn|8\n|\n|t:|1700845252\n|-terastallize|p1a: Falling Behind|Flying\n|move|p2a: Landorus|Earthquake|p1a: Falling Behind\n|-immune|p1a: Falling Behind\n|move|p1a: Falling Behind|Substitute|p1a: Falling Behind\n|-start|p1a: Falling Behind|Substitute\n|-damage|p1a: Falling Behind|32\/100\n|\n|upkeep\n|turn|9\n|\n|t:|1700845263\n|switch|p2a: Clodsire|Clodsire, M|88\/100\n|-damage|p2a: Clodsire|82\/100|[from] Stealth Rock\n|move|p1a: Falling Behind|Behemoth Blade|p2a: Clodsire\n|-damage|p2a: Clodsire|0 fnt\n|faint|p2a: Clodsire\n|\n|upkeep\n|\n|t:|1700845269\n|switch|p2a: Chien-Pao|Chien-Pao|84\/100\n|-damage|p2a: Chien-Pao|59\/100|[from] Stealth Rock\n|-ability|p2a: Chien-Pao|Sword of Ruin\n|turn|10\n|\n|t:|1700845272\n|move|p2a: Chien-Pao|Sucker Punch|p1a: Falling Behind\n|-end|p1a: Falling Behind|Substitute\n|move|p1a: Falling Behind|Behemoth Blade|p2a: Chien-Pao\n|-supereffective|p2a: Chien-Pao\n|-damage|p2a: Chien-Pao|0 fnt\n|faint|p2a: Chien-Pao\n|\n|upkeep\n|\n|t:|1700845273\n|switch|p2a: Landorus|Landorus-Therian, M|88\/100\n|-damage|p2a: Landorus|76\/100|[from] Stealth Rock\n|-ability|p2a: Landorus|Intimidate|boost\n|-unboost|p1a: Falling Behind|atk|1\n|turn|11\n|\n|t:|1700845291\n|switch|p1a: Love Flew Away|Arceus-Fairy|94\/100 tox\n|move|p2a: Landorus|Stone Edge|p1a: Love Flew Away\n|-damage|p1a: Love Flew Away|71\/100 tox\n|\n|-damage|p1a: Love Flew Away|65\/100 tox|[from] psn\n|upkeep\n|turn|12\n|\n|t:|1700845295\n|switch|p2a: Arceus|Arceus-Fairy|100\/100\n|-damage|p2a: Arceus|88\/100|[from] Stealth Rock\n|move|p1a: Love Flew Away|Judgment|p2a: Arceus\n|-damage|p2a: Arceus|53\/100\n|\n|-damage|p1a: Love Flew Away|52\/100 tox|[from] psn\n|upkeep\n|turn|13\n|\n|t:|1700845297\n|move|p1a: Love Flew Away|Taunt|p2a: Arceus\n|-start|p2a: Arceus|move: Taunt\n|cant|p2a: Arceus|move: Taunt|Recover\n|\n|-damage|p1a: Love Flew Away|34\/100 tox|[from] psn\n|upkeep\n|turn|14\n|\n|t:|1700845310\n|move|p1a: Love Flew Away|Judgment|p2a: Arceus\n|-damage|p2a: Arceus|21\/100\n|move|p2a: Arceus|Judgment|p1a: Love Flew Away\n|-damage|p1a: Love Flew Away|1\/100 tox\n|\n|-damage|p1a: Love Flew Away|0 fnt|[from] psn\n|faint|p1a: Love Flew Away\n|upkeep\n|\n|t:|1700845329\n|switch|p1a: Falling Behind|Zacian-Crowned, tera:Flying|32\/100\n|turn|15\n|\n|t:|1700845333\n|move|p1a: Falling Behind|Behemoth Blade|p2a: Arceus\n|-supereffective|p2a: Arceus\n|-damage|p2a: Arceus|0 fnt\n|faint|p2a: Arceus\n|\n|upkeep\n|\n|t:|1700845337\n|switch|p2a: Miraidon|Miraidon|100\/100\n|-damage|p2a: Miraidon|88\/100|[from] Stealth Rock\n|-fieldstart|move: Electric Terrain|[from] ability: Hadron Engine|[of] p2a: Miraidon\n|turn|16\n|\n|t:|1700845342\n|move|p1a: Falling Behind|Behemoth Blade|p2a: Miraidon\n|-resisted|p2a: Miraidon\n|-damage|p2a: Miraidon|60\/100\n|move|p2a: Miraidon|Agility|p2a: Miraidon\n|-boost|p2a: Miraidon|spe|2\n|\n|upkeep\n|turn|17\n|\n|t:|1700845349\n|switch|p1a: Great Tusk|Great Tusk|100\/100\n|move|p2a: Miraidon|Calm Mind|p2a: Miraidon\n|-boost|p2a: Miraidon|spa|1\n|-boost|p2a: Miraidon|spd|1\n|\n|upkeep\n|turn|18\n|\n|t:|1700845351\n|move|p2a: Miraidon|Dragon Pulse|p1a: Great Tusk\n|-damage|p1a: Great Tusk|0 fnt\n|faint|p1a: Great Tusk\n|-end|p1a: Great Tusk|Protosynthesis|[silent]\n|-damage|p2a: Miraidon|50\/100|[from] item: Life Orb\n|\n|upkeep\n|c|\u2606byulharang|o\n|c|\u2606ox04|o yea\n|inactive|byulharang has 270 seconds left.\n|c|\u2606byulharang|no way i binned this LOL\n|c|\u2606ox04|wdym binned\n|c|\u2606byulharang|my brain told me tusk lived one\n|c|\u2606byulharang|:weary:\n|c|\u2606ox04|lol\n|inactive|byulharang has 240 seconds left.\n|inactive|byulharang has 210 seconds left.\n|inactive|byulharang has 180 seconds left.\n|\n|t:|1700845495\n|switch|p1a: Dreamer|Calyrex-Ice|100\/100\n|-ability|p1a: Dreamer|As One\n|-ability|p1a: Dreamer|Unnerve\n|turn|19\n|\n|t:|1700845508\n|switch|p1a: Koraidon|Koraidon|100\/100\n|-weather|SunnyDay|[from] ability: Orichalcum Pulse|[of] p1a: Koraidon\n|-activate|p1a: Koraidon|Orichalcum Pulse|[source]\n|move|p2a: Miraidon|Electro Drift|p1a: Koraidon\n|-resisted|p1a: Koraidon\n|-damage|p1a: Koraidon|15\/100\n|-damage|p2a: Miraidon|40\/100|[from] item: Life Orb\n|\n|-weather|SunnyDay|[upkeep]\n|upkeep\n|turn|20\n|\n|t:|1700845522\n|move|p2a: Miraidon|Electro Drift|p1a: Koraidon\n|-resisted|p1a: Koraidon\n|-damage|p1a: Koraidon|0 fnt\n|faint|p1a: Koraidon\n|-damage|p2a: Miraidon|30\/100|[from] item: Life Orb\n|\n|-weather|SunnyDay|[upkeep]\n|-fieldend|move: Electric Terrain\n|upkeep\n|\n|t:|1700845526\n|switch|p1a: Falling Behind|Zacian-Crowned, tera:Flying|32\/100\n|turn|21\n|\n|t:|1700845533\n|move|p2a: Miraidon|Electro Drift|p1a: Falling Behind\n|-supereffective|p1a: Falling Behind\n|-damage|p1a: Falling Behind|0 fnt\n|faint|p1a: Falling Behind\n|-damage|p2a: Miraidon|20\/100|[from] item: Life Orb\n|\n|-weather|SunnyDay|[upkeep]\n|upkeep\n|\n|t:|1700845536\n|switch|p1a: Dreamer|Calyrex-Ice|100\/100\n|-ability|p1a: Dreamer|As One\n|-ability|p1a: Dreamer|Unnerve\n|turn|22\n|\n|t:|1700845537\n|move|p2a: Miraidon|Electro Drift|p1a: Dreamer\n|-damage|p1a: Dreamer|34\/100\n|-damage|p2a: Miraidon|10\/100|[from] item: Life Orb\n|move|p1a: Dreamer|Trick Room|p1a: Dreamer\n|-fieldstart|move: Trick Room|[of] p1a: Dreamer\n|\n|-weather|SunnyDay|[upkeep]\n|upkeep\n|turn|23\n|\n|t:|1700845542\n|move|p1a: Dreamer|Glacial Lance|p2a: Miraidon\n|-supereffective|p2a: Miraidon\n|-damage|p2a: Miraidon|0 fnt\n|faint|p2a: Miraidon\n|-ability|p1a: Dreamer|Chilling Neigh|boost\n|-boost|p1a: Dreamer|atk|1\n|\n|-weather|none\n|upkeep\n|\n|t:|1700845544\n|switch|p2a: Landorus|Landorus-Therian, M|76\/100\n|-damage|p2a: Landorus|63\/100|[from] Stealth Rock\n|-ability|p2a: Landorus|Intimidate|boost\n|-unboost|p1a: Dreamer|atk|1\n|turn|24\n|\n|t:|1700845547\n|-terastallize|p2a: Landorus|Water\n|move|p1a: Dreamer|Glacial Lance|p2a: Landorus\n|-resisted|p2a: Landorus\n|-damage|p2a: Landorus|12\/100\n|move|p2a: Landorus|Earthquake|p1a: Dreamer\n|-damage|p1a: Dreamer|0 fnt\n|faint|p1a: Dreamer\n|\n|win|ox04\n|c|\u2606ox04|gg\n|c|\u2606byulharang|calc lied\n|c|\u2606byulharang|wtf\n|c|\u2606byulharang|gg\n|c|\u2606ox04|close af\n","uploadtime":1700845548,"views":20,"p1id":"byulharang","p2id":"ox04","formatid":"gen9ubers","rating":0,"private":0,"password":""}