{"id":"smogtours-gen9ubers-731137","p1":"Ryuji & Dunoks","p2":"Cicada & Leftiez","format":"[Gen 9] Ubers","log":"|inactive|Battle timer is ON: inactive players will automatically lose when time's up.\n|t:|1700322761\n|gametype|singles\n|player|p1|Ryuji & Dunoks|lucas|\n|player|p2|Cicada & Leftiez|#leftiez|\n|teamsize|p1|6\n|teamsize|p2|6\n|gen|9\n|tier|[Gen 9] Ubers\n|rule|Sleep Clause Mod: Limit one foe put to sleep\n|rule|Species Clause: Limit one of each Pok\u00e9mon\n|rule|OHKO Clause: OHKO moves are banned\n|rule|Evasion Items Clause: Evasion items are banned\n|rule|Evasion Moves Clause: Evasion moves are banned\n|rule|Endless Battle Clause: Forcing endless battles is banned\n|rule|HP Percentage Mod: HP is shown in percentages\n|clearpoke\n|poke|p1|Weezing-Galar, F|\n|poke|p1|Hawlucha, M|\n|poke|p1|Slither Wing|\n|poke|p1|Kingambit, M|\n|poke|p1|Corviknight, F|\n|poke|p1|Dragonite, F|\n|poke|p2|Amoonguss, M|\n|poke|p2|Blissey, F|\n|poke|p2|Corviknight, F|\n|poke|p2|Dondozo, F|\n|poke|p2|Cresselia, F|\n|poke|p2|Ting-Lu|\n|teampreview\n|c|\u2606Ryuji & Dunoks|ah ueee\n|c|\u2606Cicada & Leftiez|hf\n|c|\u2606Ryuji & Dunoks|hf\n|inactive|Cicada & Leftiez has 270 seconds left.\n|inactive|Cicada & Leftiez has 240 seconds left.\n|inactive|Cicada & Leftiez has 210 seconds left.\n|inactive|Cicada & Leftiez has 180 seconds left.\n|\n|t:|1700322883\n|start\n|switch|p1a: Weezing|Weezing-Galar, F|100\/100\n|switch|p2a: Corviknight|Corviknight, F|100\/100\n|-ability|p2a: Corviknight|Pressure\n|-fieldstart|move: Misty Terrain|[from] ability: Misty Surge|[of] p1a: Weezing\n|turn|1\n|inactive|Cicada & Leftiez has 240 seconds left.\n|\n|t:|1700322913\n|switch|p2a: Ting-Lu|Ting-Lu|100\/100\n|-ability|p2a: Ting-Lu|Vessel of Ruin\n|move|p1a: Weezing|Fire Blast|p2a: Ting-Lu\n|-damage|p2a: Ting-Lu|89\/100\n|\n|upkeep\n|turn|2\n|inactive|Cicada & Leftiez has 210 seconds left.\n|\n|t:|1700322946\n|switch|p1a: Corviknight|Corviknight, F|100\/100\n|-enditem|p1a: Corviknight|Misty Seed\n|-boost|p1a: Corviknight|spd|1|[from] item: Misty Seed\n|move|p2a: Ting-Lu|Spikes|p1a: Corviknight\n|-sidestart|p1: Ryuji & Dunoks|Spikes\n|\n|upkeep\n|turn|3\n|inactive|Cicada & Leftiez has 210 seconds left.\n|\n|t:|1700322967\n|switch|p2a: Amoonguss|Amoonguss, M|100\/100\n|move|p1a: Corviknight|Taunt|p2a: Amoonguss\n|-start|p2a: Amoonguss|move: Taunt\n|\n|upkeep\n|turn|4\n|inactive|Cicada & Leftiez has 180 seconds left.\n|\n|t:|1700322992\n|switch|p2a: Corviknight|Corviknight, F|100\/100\n|-ability|p2a: Corviknight|Pressure\n|move|p1a: Corviknight|Bulk Up|p1a: Corviknight\n|-boost|p1a: Corviknight|atk|1\n|-boost|p1a: Corviknight|def|1\n|\n|upkeep\n|turn|5\n|\n|t:|1700322996\n|move|p2a: Corviknight|Iron Defense|p2a: Corviknight\n|-boost|p2a: Corviknight|def|2\n|move|p1a: Corviknight|Taunt|p2a: Corviknight\n|-start|p2a: Corviknight|move: Taunt\n|\n|upkeep\n|turn|6\n|inactive|Cicada & Leftiez has 180 seconds left.\n|\n|t:|1700323029\n|move|p2a: Corviknight|Body Press|p1a: Corviknight\n|-damage|p1a: Corviknight|72\/100\n|move|p1a: Corviknight|Bulk Up|p1a: Corviknight\n|-boost|p1a: Corviknight|atk|1\n|-boost|p1a: Corviknight|def|1\n|\n|upkeep\n|turn|7\n|\n|t:|1700323056\n|move|p2a: Corviknight|Body Press|p1a: Corviknight\n|-damage|p1a: Corviknight|52\/100\n|move|p1a: Corviknight|Bulk Up|p1a: Corviknight\n|-boost|p1a: Corviknight|atk|1\n|-boost|p1a: Corviknight|def|1\n|\n|upkeep\n|turn|8\n|\n|t:|1700323063\n|move|p2a: Corviknight|Body Press|p1a: Corviknight\n|-damage|p1a: Corviknight|34\/100\n|move|p1a: Corviknight|Roost|p1a: Corviknight\n|-heal|p1a: Corviknight|84\/100\n|-singleturn|p1a: Corviknight|move: Roost\n|\n|-end|p2a: Corviknight|move: Taunt\n|-fieldend|Misty Terrain\n|upkeep\n|turn|9\n|\n|t:|1700323071\n|move|p2a: Corviknight|Iron Defense|p2a: Corviknight\n|-boost|p2a: Corviknight|def|2\n|move|p1a: Corviknight|Bulk Up|p1a: Corviknight\n|-boost|p1a: Corviknight|atk|1\n|-boost|p1a: Corviknight|def|1\n|\n|upkeep\n|turn|10\n|\n|t:|1700323076\n|move|p2a: Corviknight|Iron Defense|p2a: Corviknight\n|-boost|p2a: Corviknight|def|2\n|move|p1a: Corviknight|Bulk Up|p1a: Corviknight\n|-boost|p1a: Corviknight|atk|1\n|-boost|p1a: Corviknight|def|1\n|\n|upkeep\n|turn|11\n|\n|t:|1700323078\n|move|p2a: Corviknight|Body Press|p1a: Corviknight\n|-damage|p1a: Corviknight|58\/100\n|move|p1a: Corviknight|Bulk Up|p1a: Corviknight\n|-boost|p1a: Corviknight|atk|1\n|-boost|p1a: Corviknight|def|1\n|\n|upkeep\n|turn|12\n|inactive|Cicada & Leftiez has 180 seconds left.\n|inactive|Cicada & Leftiez has 150 seconds left.\n|\n|t:|1700323134\n|move|p2a: Corviknight|Body Press|p1a: Corviknight\n|-damage|p1a: Corviknight|35\/100\n|move|p1a: Corviknight|Roost|p1a: Corviknight\n|-heal|p1a: Corviknight|85\/100\n|-singleturn|p1a: Corviknight|move: Roost\n|\n|upkeep\n|turn|13\n|\n|t:|1700323140\n|move|p2a: Corviknight|Body Press|p1a: Corviknight\n|-damage|p1a: Corviknight|62\/100\n|move|p1a: Corviknight|Power Trip|p2a: Corviknight\n|-damage|p2a: Corviknight|61\/100\n|-damage|p1a: Corviknight|45\/100|[from] item: Rocky Helmet|[of] p2a: Corviknight\n|\n|upkeep\n|turn|14\n|\n|t:|1700323149\n|move|p2a: Corviknight|Body Press|p1a: Corviknight\n|-damage|p1a: Corviknight|25\/100\n|move|p1a: Corviknight|Roost|p1a: Corviknight\n|-heal|p1a: Corviknight|75\/100\n|-singleturn|p1a: Corviknight|move: Roost\n|\n|upkeep\n|turn|15\n|\n|t:|1700323156\n|move|p2a: Corviknight|Body Press|p1a: Corviknight\n|-damage|p1a: Corviknight|53\/100\n|move|p1a: Corviknight|Taunt|p2a: Corviknight\n|-start|p2a: Corviknight|move: Taunt\n|\n|upkeep\n|turn|16\n|inactive|Cicada & Leftiez has 150 seconds left.\n|\n|t:|1700323199\n|move|p2a: Corviknight|Body Press|p1a: Corviknight\n|-damage|p1a: Corviknight|31\/100\n|move|p1a: Corviknight|Roost|p1a: Corviknight\n|-heal|p1a: Corviknight|81\/100\n|-singleturn|p1a: Corviknight|move: Roost\n|\n|upkeep\n|turn|17\n|\n|t:|1700323204\n|move|p2a: Corviknight|Body Press|p1a: Corviknight\n|-damage|p1a: Corviknight|60\/100\n|move|p1a: Corviknight|Bulk Up|p1a: Corviknight\n|-boost|p1a: Corviknight|atk|0\n|-boost|p1a: Corviknight|def|0\n|\n|upkeep\n|turn|18\n|\n|t:|1700323209\n|move|p2a: Corviknight|Iron Head|p1a: Corviknight\n|-resisted|p1a: Corviknight\n|-damage|p1a: Corviknight|57\/100\n|move|p1a: Corviknight|Roost|p1a: Corviknight\n|-heal|p1a: Corviknight|100\/100\n|-singleturn|p1a: Corviknight|move: Roost\n|\n|-end|p2a: Corviknight|move: Taunt\n|upkeep\n|turn|19\n|\n|t:|1700323215\n|move|p2a: Corviknight|Roost|p2a: Corviknight\n|-heal|p2a: Corviknight|100\/100\n|-singleturn|p2a: Corviknight|move: Roost\n|move|p1a: Corviknight|Taunt|p2a: Corviknight\n|-start|p2a: Corviknight|move: Taunt\n|\n|upkeep\n|turn|20\n|\n|t:|1700323222\n|move|p2a: Corviknight|Body Press|p1a: Corviknight\n|-damage|p1a: Corviknight|79\/100\n|move|p1a: Corviknight|Power Trip|p2a: Corviknight\n|-damage|p2a: Corviknight|61\/100\n|-damage|p1a: Corviknight|62\/100|[from] item: Rocky Helmet|[of] p2a: Corviknight\n|\n|upkeep\n|turn|21\n|\n|t:|1700323236\n|move|p2a: Corviknight|Iron Head|p1a: Corviknight\n|-resisted|p1a: Corviknight\n|-damage|p1a: Corviknight|60\/100\n|cant|p1a: Corviknight|flinch\n|\n|upkeep\n|turn|22\n|\n|t:|1700323245\n|move|p2a: Corviknight|Iron Head|p1a: Corviknight\n|-resisted|p1a: Corviknight\n|-damage|p1a: Corviknight|57\/100\n|move|p1a: Corviknight|Roost|p1a: Corviknight\n|-heal|p1a: Corviknight|100\/100\n|-singleturn|p1a: Corviknight|move: Roost\n|\n|-end|p2a: Corviknight|move: Taunt\n|upkeep\n|turn|23\n|\n|t:|1700323249\n|move|p2a: Corviknight|Roost|p2a: Corviknight\n|-heal|p2a: Corviknight|100\/100\n|-singleturn|p2a: Corviknight|move: Roost\n|move|p1a: Corviknight|Taunt|p2a: Corviknight\n|-start|p2a: Corviknight|move: Taunt\n|\n|upkeep\n|turn|24\n|inactive|Cicada & Leftiez has 180 seconds left.\n|\n|t:|1700323256\n|move|p2a: Corviknight|Body Press|p1a: Corviknight\n|-damage|p1a: Corviknight|81\/100\n|move|p1a: Corviknight|Power Trip|p2a: Corviknight\n|-damage|p2a: Corviknight|61\/100\n|-damage|p1a: Corviknight|64\/100|[from] item: Rocky Helmet|[of] p2a: Corviknight\n|\n|upkeep\n|turn|25\n|\n|t:|1700323262\n|move|p2a: Corviknight|Iron Head|p1a: Corviknight\n|-resisted|p1a: Corviknight\n|-damage|p1a: Corviknight|62\/100\n|move|p1a: Corviknight|Power Trip|p2a: Corviknight\n|-damage|p2a: Corviknight|27\/100\n|-damage|p1a: Corviknight|45\/100|[from] item: Rocky Helmet|[of] p2a: Corviknight\n|\n|upkeep\n|turn|26\n|inactive|Cicada & Leftiez has 180 seconds left.\n|\n|t:|1700323278\n|-terastallize|p2a: Corviknight|Fighting\n|move|p2a: Corviknight|Body Press|p1a: Corviknight\n|-damage|p1a: Corviknight|13\/100\n|move|p1a: Corviknight|Power Trip|p2a: Corviknight\n|-resisted|p2a: Corviknight\n|-damage|p2a: Corviknight|8\/100\n|-damage|p1a: Corviknight|0 fnt|[from] item: Rocky Helmet|[of] p2a: Corviknight\n|faint|p1a: Corviknight\n|\n|-end|p2a: Corviknight|move: Taunt\n|upkeep\n|\n|t:|1700323293\n|switch|p1a: Weezing|Weezing-Galar, F|100\/100\n|-damage|p1a: Weezing|88\/100|[from] Spikes\n|-fieldstart|move: Misty Terrain|[from] ability: Misty Surge|[of] p1a: Weezing\n|turn|27\n|inactive|Cicada & Leftiez has 180 seconds left.\n|\n|t:|1700323321\n|switch|p2a: Blissey|Blissey, F|100\/100\n|move|p1a: Weezing|Strange Steam|p2a: Blissey\n|-damage|p2a: Blissey|93\/100\n|\n|upkeep\n|turn|28\n|\n|t:|1700323342\n|switch|p1a: Hawlucha|Hawlucha, M|100\/100\n|-enditem|p1a: Hawlucha|Misty Seed\n|-boost|p1a: Hawlucha|spd|1|[from] item: Misty Seed\n|move|p2a: Blissey|Seismic Toss|p1a: Hawlucha\n|-damage|p1a: Hawlucha|73\/100\n|\n|upkeep\n|turn|29\n|inactive|Cicada & Leftiez has 180 seconds left.\n|\n|t:|1700323360\n|switch|p2a: Cresselia|Cresselia, F|100\/100\n|move|p1a: Hawlucha|Bulk Up|p1a: Hawlucha\n|-boost|p1a: Hawlucha|atk|1\n|-boost|p1a: Hawlucha|def|1\n|\n|upkeep\n|turn|30\n|inactive|Cicada & Leftiez has 180 seconds left.\n|\n|t:|1700323367\n|move|p1a: Hawlucha|Acrobatics|p2a: Cresselia\n|-damage|p2a: Cresselia|70\/100\n|move|p2a: Cresselia|Moonblast|p1a: Hawlucha\n|-supereffective|p1a: Hawlucha\n|-damage|p1a: Hawlucha|49\/100\n|\n|-heal|p2a: Cresselia|77\/100|[from] item: Leftovers\n|upkeep\n|turn|31\n|\n|t:|1700323375\n|move|p1a: Hawlucha|Roost|p1a: Hawlucha\n|-heal|p1a: Hawlucha|99\/100\n|-singleturn|p1a: Hawlucha|move: Roost\n|move|p2a: Cresselia|Calm Mind|p2a: Cresselia\n|-boost|p2a: Cresselia|spa|1\n|-boost|p2a: Cresselia|spd|1\n|\n|-heal|p2a: Cresselia|83\/100|[from] item: Leftovers\n|upkeep\n|turn|32\n|\n|t:|1700323380\n|move|p1a: Hawlucha|Encore|p2a: Cresselia\n|-start|p2a: Cresselia|Encore\n|move|p2a: Cresselia|Calm Mind|p2a: Cresselia\n|-boost|p2a: Cresselia|spa|1\n|-boost|p2a: Cresselia|spd|1\n|\n|-heal|p2a: Cresselia|89\/100|[from] item: Leftovers\n|upkeep\n|turn|33\n|inactive|Cicada & Leftiez has 180 seconds left.\n|\n|t:|1700323422\n|switch|p2a: Dondozo|Dondozo, F|100\/100\n|move|p1a: Hawlucha|Bulk Up|p1a: Hawlucha\n|-boost|p1a: Hawlucha|atk|1\n|-boost|p1a: Hawlucha|def|1\n|\n|upkeep\n|turn|34\n|inactive|Cicada & Leftiez has 150 seconds left.\n|\n|t:|1700323449\n|move|p1a: Hawlucha|Acrobatics|p2a: Dondozo\n|-damage|p2a: Dondozo|84\/100\n|move|p2a: Dondozo|Curse|p2a: Dondozo\n|-unboost|p2a: Dondozo|spe|1\n|-boost|p2a: Dondozo|atk|1\n|-boost|p2a: Dondozo|def|1\n|\n|-fieldend|Misty Terrain\n|upkeep\n|turn|35\n|\n|t:|1700323456\n|move|p1a: Hawlucha|Acrobatics|p2a: Dondozo\n|-damage|p2a: Dondozo|74\/100\n|move|p2a: Dondozo|Curse|p2a: Dondozo\n|-unboost|p2a: Dondozo|spe|1\n|-boost|p2a: Dondozo|atk|1\n|-boost|p2a: Dondozo|def|1\n|\n|upkeep\n|turn|36\n|\n|t:|1700323461\n|move|p1a: Hawlucha|Encore|p2a: Dondozo\n|-start|p2a: Dondozo|Encore\n|move|p2a: Dondozo|Curse|p2a: Dondozo\n|-unboost|p2a: Dondozo|spe|1\n|-boost|p2a: Dondozo|atk|1\n|-boost|p2a: Dondozo|def|1\n|\n|upkeep\n|turn|37\n|\n|t:|1700323465\n|move|p1a: Hawlucha|Acrobatics|p2a: Dondozo\n|-damage|p2a: Dondozo|67\/100\n|move|p2a: Dondozo|Curse|p2a: Dondozo\n|-unboost|p2a: Dondozo|spe|1\n|-boost|p2a: Dondozo|atk|1\n|-boost|p2a: Dondozo|def|1\n|\n|upkeep\n|turn|38\n|inactive|Cicada & Leftiez has 180 seconds left.\n|\n|t:|1700323472\n|move|p1a: Hawlucha|Acrobatics|p2a: Dondozo\n|-damage|p2a: Dondozo|62\/100\n|move|p2a: Dondozo|Curse|p2a: Dondozo\n|-unboost|p2a: Dondozo|spe|1\n|-boost|p2a: Dondozo|atk|1\n|-boost|p2a: Dondozo|def|1\n|\n|-end|p2a: Dondozo|Encore\n|upkeep\n|turn|39\n|inactive|Cicada & Leftiez has 180 seconds left.\n|\n|t:|1700323491\n|switch|p2a: Corviknight|Corviknight, F, tera:Fighting|8\/100\n|-ability|p2a: Corviknight|Pressure\n|move|p1a: Hawlucha|Encore||[still]\n|-fail|p1a: Hawlucha\n|\n|upkeep\n|turn|40\n|\n|t:|1700323495\n|switch|p2a: Dondozo|Dondozo, F|62\/100\n|move|p1a: Hawlucha|Acrobatics|p2a: Dondozo\n|-damage|p2a: Dondozo|46\/100\n|\n|upkeep\n|turn|41\n|\n|t:|1700323498\n|switch|p1a: Weezing|Weezing-Galar, F|88\/100\n|-damage|p1a: Weezing|76\/100|[from] Spikes\n|-fieldstart|move: Misty Terrain|[from] ability: Misty Surge|[of] p1a: Weezing\n|move|p2a: Dondozo|Rest||[still]\n|-fail|p2a: Dondozo\n|\n|upkeep\n|turn|42\n|\n|t:|1700323519\n|switch|p1a: Hawlucha|Hawlucha, M|99\/100\n|switch|p2a: Blissey|Blissey, F|93\/100\n|\n|upkeep\n|turn|43\n|c|+riyadland|le flow\n|inactive|Cicada & Leftiez has 180 seconds left.\n|\n|t:|1700323536\n|switch|p2a: Cresselia|Cresselia, F|89\/100\n|move|p1a: Hawlucha|Bulk Up|p1a: Hawlucha\n|-boost|p1a: Hawlucha|atk|1\n|-boost|p1a: Hawlucha|def|1\n|\n|-heal|p2a: Cresselia|95\/100|[from] item: Leftovers\n|upkeep\n|turn|44\n|\n|t:|1700323554\n|-terastallize|p1a: Hawlucha|Electric\n|move|p1a: Hawlucha|Bulk Up|p1a: Hawlucha\n|-boost|p1a: Hawlucha|atk|1\n|-boost|p1a: Hawlucha|def|1\n|move|p2a: Cresselia|Moonblast|p1a: Hawlucha\n|-damage|p1a: Hawlucha|81\/100\n|\n|-heal|p2a: Cresselia|100\/100|[from] item: Leftovers\n|upkeep\n|turn|45\n|inactive|Cicada & Leftiez has 180 seconds left.\n|inactive|Cicada & Leftiez has 150 seconds left.\n|\n|t:|1700323614\n|switch|p2a: Amoonguss|Amoonguss, M|100\/100\n|move|p1a: Hawlucha|Acrobatics|p2a: Amoonguss\n|-supereffective|p2a: Amoonguss\n|-crit|p2a: Amoonguss\n|-damage|p2a: Amoonguss|0 fnt\n|faint|p2a: Amoonguss\n|\n|upkeep\n|\n|t:|1700323617\n|switch|p2a: Dondozo|Dondozo, F|46\/100\n|turn|46\n|\n|t:|1700323619\n|move|p1a: Hawlucha|Acrobatics|p2a: Dondozo\n|-damage|p2a: Dondozo|31\/100\n|move|p2a: Dondozo|Earthquake|p1a: Hawlucha\n|-supereffective|p1a: Hawlucha\n|-damage|p1a: Hawlucha|25\/100\n|\n|upkeep\n|turn|47\n|\n|t:|1700323625\n|switch|p1a: Dragonite|Dragonite, F|100\/100\n|move|p2a: Dondozo|Earthquake|p1a: Dragonite\n|-immune|p1a: Dragonite\n|\n|upkeep\n|turn|48\n|\n|t:|1700323634\n|switch|p2a: Cresselia|Cresselia, F|100\/100\n|move|p1a: Dragonite|Earthquake|p2a: Cresselia\n|-immune|p2a: Cresselia|[from] ability: Levitate\n|\n|-fieldend|Misty Terrain\n|upkeep\n|turn|49\n|inactive|Cicada & Leftiez has 180 seconds left.\n|\n|t:|1700323642\n|switch|p1a: Kingambit|Kingambit, M|100\/100\n|-damage|p1a: Kingambit|88\/100|[from] Spikes\n|-activate|p1a: Kingambit|ability: Supreme Overlord\n|-start|p1a: Kingambit|fallen1|[silent]\n|move|p2a: Cresselia|Moonblast|p1a: Kingambit\n|-damage|p1a: Kingambit|67\/100\n|-unboost|p1a: Kingambit|spa|1\n|\n|upkeep\n|turn|50\n|\n|t:|1700323646\n|switch|p2a: Ting-Lu|Ting-Lu|89\/100\n|-ability|p2a: Ting-Lu|Vessel of Ruin\n|move|p1a: Kingambit|Kowtow Cleave|p2a: Ting-Lu\n|-resisted|p2a: Ting-Lu\n|-damage|p2a: Ting-Lu|76\/100\n|\n|upkeep\n|turn|51\n|\n|t:|1700323652\n|move|p1a: Kingambit|Iron Head|p2a: Ting-Lu\n|-damage|p2a: Ting-Lu|49\/100\n|move|p2a: Ting-Lu|Earthquake|p1a: Kingambit\n|-supereffective|p1a: Kingambit\n|-damage|p1a: Kingambit|7\/100\n|\n|upkeep\n|turn|52\n|\n|t:|1700323654\n|move|p1a: Kingambit|Iron Head|p2a: Ting-Lu\n|-damage|p2a: Ting-Lu|24\/100\n|move|p2a: Ting-Lu|Earthquake|p1a: Kingambit\n|-supereffective|p1a: Kingambit\n|-damage|p1a: Kingambit|0 fnt\n|faint|p1a: Kingambit\n|-end|p1a: Kingambit|fallen1|[silent]\n|\n|upkeep\n|\n|t:|1700323660\n|switch|p1a: Slither Wing|Slither Wing|100\/100\n|-damage|p1a: Slither Wing|88\/100|[from] Spikes\n|turn|53\n|\n|t:|1700323670\n|move|p1a: Slither Wing|Leech Life|p2a: Ting-Lu\n|-supereffective|p2a: Ting-Lu\n|-damage|p2a: Ting-Lu|0 fnt\n|-heal|p1a: Slither Wing|100\/100|[from] drain|[of] p2a: Ting-Lu\n|faint|p2a: Ting-Lu\n|\n|upkeep\n|inactive|Cicada & Leftiez has 210 seconds left.\n|inactive|Cicada & Leftiez has 180 seconds left.\n|inactive|Cicada & Leftiez has 150 seconds left.\n|inactive|Cicada & Leftiez has 120 seconds left.\n|\n|t:|1700323791\n|switch|p2a: Dondozo|Dondozo, F|31\/100\n|turn|54\n|\n|t:|1700323798\n|-end|p1a: Slither Wing|Protosynthesis|[silent]\n|switch|p1a: Weezing|Weezing-Galar, F|76\/100\n|-damage|p1a: Weezing|64\/100|[from] Spikes\n|-fieldstart|move: Misty Terrain|[from] ability: Misty Surge|[of] p1a: Weezing\n|move|p2a: Dondozo|Rest||[still]\n|-fail|p2a: Dondozo\n|\n|upkeep\n|turn|55\n|\n|t:|1700323804\n|switch|p2a: Cresselia|Cresselia, F|100\/100\n|move|p1a: Weezing|Defog|p2a: Cresselia\n|-unboost|p2a: Cresselia|evasion|1\n|-sideend|p1: Ryuji & Dunoks|Spikes|[from] move: Defog|[of] p1a: Weezing\n|-fieldend|Misty Terrain\n|\n|upkeep\n|turn|56\n|\n|t:|1700323809\n|switch|p1a: Dragonite|Dragonite, F|100\/100\n|move|p2a: Cresselia|Calm Mind|p2a: Cresselia\n|-boost|p2a: Cresselia|spa|1\n|-boost|p2a: Cresselia|spd|1\n|\n|upkeep\n|turn|57\n|\n|t:|1700323818\n|switch|p1a: Weezing|Weezing-Galar, F|64\/100\n|-fieldstart|move: Misty Terrain|[from] ability: Misty Surge|[of] p1a: Weezing\n|move|p2a: Cresselia|Moonblast|p1a: Weezing\n|-resisted|p1a: Weezing\n|-damage|p1a: Weezing|46\/100\n|\n|upkeep\n|turn|58\n|\n|t:|1700323821\n|switch|p1a: Hawlucha|Hawlucha, M, tera:Electric|25\/100\n|move|p2a: Cresselia|Calm Mind|p2a: Cresselia\n|-boost|p2a: Cresselia|spa|1\n|-boost|p2a: Cresselia|spd|1\n|\n|upkeep\n|turn|59\n|c|+riyadland|OMG\n|\n|t:|1700323837\n|switch|p2a: Dondozo|Dondozo, F|31\/100\n|move|p1a: Hawlucha|Encore||[still]\n|-fail|p1a: Hawlucha\n|\n|upkeep\n|turn|60\n|\n|t:|1700323845\n|switch|p1a: Slither Wing|Slither Wing|100\/100\n|-enditem|p1a: Slither Wing|Misty Seed\n|-boost|p1a: Slither Wing|spd|1|[from] item: Misty Seed\n|move|p2a: Dondozo|Earthquake|p1a: Slither Wing\n|-resisted|p1a: Slither Wing\n|-crit|p1a: Slither Wing\n|-damage|p1a: Slither Wing|82\/100\n|\n|upkeep\n|turn|61\n|inactive|Cicada & Leftiez has 120 seconds left.\n|inactive|Cicada & Leftiez has 90 seconds left.\n|\n|t:|1700323916\n|switch|p2a: Corviknight|Corviknight, F, tera:Fighting|8\/100\n|-ability|p2a: Corviknight|Pressure\n|move|p1a: Slither Wing|Leech Life|p2a: Corviknight\n|-resisted|p2a: Corviknight\n|-crit|p2a: Corviknight\n|-damage|p2a: Corviknight|0 fnt\n|-heal|p1a: Slither Wing|86\/100|[from] drain|[of] p2a: Corviknight\n|-damage|p1a: Slither Wing|69\/100|[from] item: Rocky Helmet|[of] p2a: Corviknight\n|faint|p2a: Corviknight\n|\n|upkeep\n|inactive|Cicada & Leftiez has 60 seconds left.\n|inactive|Cicada & Leftiez has 30 seconds left.\n|inactive|Cicada & Leftiez has 20 seconds left.\n|inactive|Cicada & Leftiez has 15 seconds left.\n|inactive|Cicada & Leftiez has 10 seconds left.\n|\n|t:|1700323987\n|switch|p2a: Dondozo|Dondozo, F|31\/100\n|turn|62\n|inactive|Cicada & Leftiez has 20 seconds left this turn.\n|inactive|Cicada & Leftiez has 15 seconds left.\n|inactive|Cicada & Leftiez has 10 seconds left.\n|\n|t:|1700323998\n|move|p1a: Slither Wing|Leech Life|p2a: Dondozo\n|-damage|p2a: Dondozo|14\/100\n|-heal|p1a: Slither Wing|80\/100|[from] drain|[of] p2a: Dondozo\n|move|p2a: Dondozo|Curse|p2a: Dondozo\n|-unboost|p2a: Dondozo|spe|1\n|-boost|p2a: Dondozo|atk|1\n|-boost|p2a: Dondozo|def|1\n|\n|upkeep\n|turn|63\n|inactive|Cicada & Leftiez has 20 seconds left this turn.\n|inactive|Cicada & Leftiez has 15 seconds left.\n|\n|t:|1700324005\n|move|p1a: Slither Wing|Leech Life|p2a: Dondozo\n|-damage|p2a: Dondozo|4\/100\n|-heal|p1a: Slither Wing|87\/100|[from] drain|[of] p2a: Dondozo\n|move|p2a: Dondozo|Avalanche|p1a: Slither Wing\n|-damage|p1a: Slither Wing|38\/100\n|\n|upkeep\n|turn|64\n|inactive|Cicada & Leftiez has 25 seconds left this turn.\n|inactive|Cicada & Leftiez has 20 seconds left.\n|\n|t:|1700324015\n|move|p1a: Slither Wing|Morning Sun|p1a: Slither Wing\n|-heal|p1a: Slither Wing|88\/100\n|move|p2a: Dondozo|Avalanche|p1a: Slither Wing\n|-damage|p1a: Slither Wing|67\/100\n|\n|-fieldend|Misty Terrain\n|upkeep\n|turn|65\n|inactive|Cicada & Leftiez has 30 seconds left this turn.\n|\n|t:|1700324021\n|move|p1a: Slither Wing|Leech Life|p2a: Dondozo\n|-damage|p2a: Dondozo|0 fnt\n|-heal|p1a: Slither Wing|69\/100|[from] drain|[of] p2a: Dondozo\n|faint|p2a: Dondozo\n|\n|upkeep\n|inactive|Cicada & Leftiez has 30 seconds left this turn.\n|\n|t:|1700324023\n|switch|p2a: Cresselia|Cresselia, F|100\/100\n|turn|66\n|\n|t:|1700324028\n|move|p1a: Slither Wing|Leech Life|p2a: Cresselia\n|-supereffective|p2a: Cresselia\n|-damage|p2a: Cresselia|62\/100\n|-heal|p1a: Slither Wing|91\/100|[from] drain|[of] p2a: Cresselia\n|move|p2a: Cresselia|Calm Mind|p2a: Cresselia\n|-boost|p2a: Cresselia|spa|1\n|-boost|p2a: Cresselia|spd|1\n|\n|-heal|p2a: Cresselia|68\/100|[from] item: Leftovers\n|upkeep\n|turn|67\n|\n|t:|1700324032\n|move|p1a: Slither Wing|Bulk Up|p1a: Slither Wing\n|-boost|p1a: Slither Wing|atk|1\n|-boost|p1a: Slither Wing|def|1\n|move|p2a: Cresselia|Moonblast|p1a: Slither Wing\n|-supereffective|p1a: Slither Wing\n|-damage|p1a: Slither Wing|67\/100\n|\n|-heal|p2a: Cresselia|74\/100|[from] item: Leftovers\n|upkeep\n|turn|68\n|\n|t:|1700324036\n|move|p1a: Slither Wing|Leech Life|p2a: Cresselia\n|-supereffective|p2a: Cresselia\n|-damage|p2a: Cresselia|13\/100\n|-heal|p1a: Slither Wing|100\/100|[from] drain|[of] p2a: Cresselia\n|move|p2a: Cresselia|Moonblast|p1a: Slither Wing\n|-supereffective|p1a: Slither Wing\n|-damage|p1a: Slither Wing|75\/100\n|\n|-heal|p2a: Cresselia|19\/100|[from] item: Leftovers\n|upkeep\n|turn|69\n|\n|t:|1700324040\n|move|p1a: Slither Wing|Leech Life|p2a: Cresselia\n|-supereffective|p2a: Cresselia\n|-damage|p2a: Cresselia|0 fnt\n|-heal|p1a: Slither Wing|87\/100|[from] drain|[of] p2a: Cresselia\n|faint|p2a: Cresselia\n|\n|upkeep\n|c|\u2606Ryuji & Dunoks|gg\n|c|\u2606Cicada & Leftiez|gg\n|\n|t:|1700324045\n|switch|p2a: Blissey|Blissey, F|93\/100\n|turn|70\n|c|+riyadland|belle game\n|c|+riyadland|gg \n|inactive|Cicada & Leftiez has 60 seconds left.\n|\n|t:|1700324062\n|move|p1a: Slither Wing|Leech Life|p2a: Blissey\n|-damage|p2a: Blissey|40\/100\n|-heal|p1a: Slither Wing|100\/100|[from] drain|[of] p2a: Blissey\n|move|p2a: Blissey|Seismic Toss|p1a: Slither Wing\n|-damage|p1a: Slither Wing|74\/100\n|\n|upkeep\n|turn|71\n|c|+riyadland|propre de fou\n|\n|t:|1700324076\n|move|p1a: Slither Wing|Leech Life|p2a: Blissey\n|-damage|p2a: Blissey|0 fnt\n|-heal|p1a: Slither Wing|100\/100|[from] drain|[of] p2a: Blissey\n|faint|p2a: Blissey\n|\n|win|Ryuji & Dunoks\n","uploadtime":1700324077,"views":35,"p1id":"ryujidunoks","p2id":"cicadaleftiez","formatid":"gen9ubers","rating":0,"private":0,"password":""}