{"id":"smogtours-gen9ubers-730007","p1":"Taka","p2":"SOULWIND","format":"[Gen 9] Ubers","log":"|inactive|Battle timer is ON: inactive players will automatically lose when time's up.\n|t:|1699735089\n|gametype|singles\n|player|p1|Taka|#scl3spartans|\n|player|p2|SOULWIND|#wcop2023spain2|\n|teamsize|p1|6\n|teamsize|p2|6\n|gen|9\n|tier|[Gen 9] Ubers\n|rule|Sleep Clause Mod: Limit one foe put to sleep\n|rule|Species Clause: Limit one of each Pok\u00e9mon\n|rule|OHKO Clause: OHKO moves are banned\n|rule|Evasion Items Clause: Evasion items are banned\n|rule|Evasion Moves Clause: Evasion moves are banned\n|rule|Endless Battle Clause: Forcing endless battles is banned\n|rule|HP Percentage Mod: HP is shown in percentages\n|clearpoke\n|poke|p1|Koraidon|\n|poke|p1|Flutter Mane|\n|poke|p1|Arceus|\n|poke|p1|Clodsire, M|\n|poke|p1|Kyogre|\n|poke|p1|Groudon|\n|poke|p2|Miraidon|\n|poke|p2|Groudon|\n|poke|p2|Giratina-Origin|\n|poke|p2|Iron Bundle|\n|poke|p2|Arceus-Fairy|\n|poke|p2|Clodsire, F|\n|teampreview\n|inactive|Taka also wants the timer to be on.\n|c|\u2606Taka|hf\n|c|\u2606SOULWIND|hf\n|inactive|Taka has 270 seconds left.\n|inactive|SOULWIND has 270 seconds left.\n|inactive|Taka has 240 seconds left.\n|inactive|SOULWIND has 240 seconds left.\n|inactive|Taka has 210 seconds left.\n|\n|t:|1699735189\n|start\n|switch|p1a: Koraidon|Koraidon|100\/100\n|switch|p2a: Groudon|Groudon|100\/100\n|-weather|SunnyDay|[from] ability: Orichalcum Pulse|[of] p1a: Koraidon\n|-activate|p1a: Koraidon|Orichalcum Pulse|[source]\n|turn|1\n|inactive|Taka has 270 seconds left.\n|\n|t:|1699735215\n|move|p1a: Koraidon|U-turn|p2a: Groudon\n|-damage|p2a: Groudon|83\/100\n|\n|t:|1699735222\n|switch|p1a: Kyogre|Kyogre|100\/100|[from] U-turn\n|-weather|RainDance|[from] ability: Drizzle|[of] p1a: Kyogre\n|-item|p1a: Kyogre|Air Balloon\n|move|p2a: Groudon|Spikes|p1a: Kyogre\n|-sidestart|p1: Taka|Spikes\n|\n|-weather|RainDance|[upkeep]\n|-heal|p2a: Groudon|89\/100|[from] item: Leftovers\n|upkeep\n|turn|2\n|inactive|Taka has 240 seconds left.\n|\n|t:|1699735249\n|switch|p2a: Miraidon|Miraidon|100\/100\n|-fieldstart|move: Electric Terrain|[from] ability: Hadron Engine|[of] p2a: Miraidon\n|move|p1a: Kyogre|Origin Pulse|p2a: Miraidon\n|-resisted|p2a: Miraidon\n|-damage|p2a: Miraidon|54\/100\n|\n|-weather|RainDance|[upkeep]\n|upkeep\n|turn|3\n|inactive|Taka has 240 seconds left.\n|\n|t:|1699735269\n|switch|p1a: Clodsire|Clodsire, M|100\/100\n|-damage|p1a: Clodsire|88\/100|[from] Spikes\n|move|p2a: Miraidon|U-turn|p1a: Clodsire\n|-resisted|p1a: Clodsire\n|-damage|p1a: Clodsire|81\/100\n|-damage|p2a: Miraidon|37\/100|[from] item: Rocky Helmet|[of] p1a: Clodsire\n|\n|t:|1699735283\n|switch|p2a: Iron Bundle|Iron Bundle|100\/100|[from] U-turn\n|-activate|p2a: Iron Bundle|ability: Quark Drive\n|-start|p2a: Iron Bundle|quarkdrivespe\n|\n|-weather|RainDance|[upkeep]\n|upkeep\n|turn|4\n|inactive|Taka has 240 seconds left.\n|inactive|Taka has 210 seconds left.\n|\n|t:|1699735338\n|-terastallize|p1a: Clodsire|Steel\n|move|p2a: Iron Bundle|Ice Beam|p1a: Clodsire\n|-resisted|p1a: Clodsire\n|-damage|p1a: Clodsire|62\/100\n|move|p1a: Clodsire|Toxic|p2a: Iron Bundle|[miss]\n|-miss|p1a: Clodsire|p2a: Iron Bundle\n|\n|-weather|RainDance|[upkeep]\n|upkeep\n|turn|5\n|inactive|Taka has 180 seconds left.\n|\n|t:|1699735364\n|-end|p2a: Iron Bundle|Quark Drive|[silent]\n|switch|p2a: Clodsire|Clodsire, F|100\/100\n|move|p1a: Clodsire|Spikes|p2a: Clodsire\n|-sidestart|p2: SOULWIND|Spikes\n|\n|-weather|none\n|upkeep\n|turn|6\n|inactive|Taka has 180 seconds left.\n|inactive|Taka has 150 seconds left.\n|\n|t:|1699735419\n|move|p2a: Clodsire|Stealth Rock|p1a: Clodsire\n|-sidestart|p1: Taka|move: Stealth Rock\n|move|p1a: Clodsire|Recover|p1a: Clodsire\n|-heal|p1a: Clodsire|100\/100\n|\n|-fieldend|move: Electric Terrain\n|upkeep\n|turn|7\n|\n|t:|1699735438\n|switch|p1a: Groudon|Groudon|100\/100\n|-damage|p1a: Groudon|88\/100|[from] Spikes\n|-damage|p1a: Groudon|82\/100|[from] Stealth Rock\n|-weather|SunnyDay|[from] ability: Drought|[of] p1a: Groudon\n|move|p2a: Clodsire|Toxic Spikes|p1a: Groudon\n|-sidestart|p1: Taka|move: Toxic Spikes\n|\n|-weather|SunnyDay|[upkeep]\n|-heal|p1a: Groudon|88\/100|[from] item: Leftovers\n|upkeep\n|turn|8\n|\n|t:|1699735449\n|switch|p2a: Giratina|Giratina-Origin|100\/100\n|move|p1a: Groudon|Substitute|p1a: Groudon\n|-start|p1a: Groudon|Substitute\n|-damage|p1a: Groudon|63\/100\n|\n|-weather|SunnyDay|[upkeep]\n|-heal|p1a: Groudon|69\/100|[from] item: Leftovers\n|upkeep\n|turn|9\n|\n|t:|1699735460\n|move|p1a: Groudon|Smack Down|p2a: Giratina\n|-damage|p2a: Giratina|90\/100\n|-start|p2a: Giratina|Smack Down\n|move|p2a: Giratina|Hex|p1a: Groudon\n|-end|p1a: Groudon|Substitute\n|\n|-weather|SunnyDay|[upkeep]\n|-heal|p1a: Groudon|76\/100|[from] item: Leftovers\n|upkeep\n|turn|10\n|inactive|Taka has 120 seconds left.\n|inactive|SOULWIND has 270 seconds left.\n|inactive|SOULWIND has 240 seconds left.\n|\n|t:|1699735534\n|move|p1a: Groudon|Precipice Blades|p2a: Giratina\n|-damage|p2a: Giratina|50\/100\n|move|p2a: Giratina|Hex|p1a: Groudon\n|-damage|p1a: Groudon|46\/100\n|\n|-weather|SunnyDay|[upkeep]\n|-heal|p1a: Groudon|52\/100|[from] item: Leftovers\n|upkeep\n|turn|11\n|\n|t:|1699735545\n|move|p1a: Groudon|Precipice Blades|p2a: Giratina\n|-damage|p2a: Giratina|11\/100\n|move|p2a: Giratina|Draco Meteor|p1a: Groudon\n|-damage|p1a: Groudon|0 fnt\n|-unboost|p2a: Giratina|spa|2\n|faint|p1a: Groudon\n|\n|-weather|none\n|upkeep\n|inactive|Taka has 90 seconds left.\n|inactive|Taka has 60 seconds left.\n|\n|t:|1699735610\n|switch|p1a: Kyogre|Kyogre|100\/100\n|-damage|p1a: Kyogre|88\/100|[from] Stealth Rock\n|-weather|RainDance|[from] ability: Drizzle|[of] p1a: Kyogre\n|-item|p1a: Kyogre|Air Balloon\n|turn|12\n|inactive|SOULWIND has 240 seconds left.\n|inactive|Taka has 30 seconds left.\n|\n|t:|1699735638\n|move|p1a: Kyogre|Substitute|p1a: Kyogre\n|-start|p1a: Kyogre|Substitute\n|-damage|p1a: Kyogre|63\/100\n|move|p2a: Giratina|Hex|p1a: Kyogre\n|-activate|p1a: Kyogre|move: Substitute|[damage]\n|-enditem|p1a: Kyogre|Air Balloon\n|\n|-weather|RainDance|[upkeep]\n|upkeep\n|turn|13\n|inactive|SOULWIND has 210 seconds left.\n|\n|t:|1699735679\n|switch|p2a: Groudon|Groudon|89\/100\n|-damage|p2a: Groudon|77\/100|[from] Spikes\n|-weather|SunnyDay|[from] ability: Drought|[of] p2a: Groudon\n|move|p1a: Kyogre|Ice Beam|p2a: Groudon\n|-supereffective|p2a: Groudon\n|-damage|p2a: Groudon|9\/100\n|\n|-weather|SunnyDay|[upkeep]\n|-heal|p2a: Groudon|15\/100|[from] item: Leftovers\n|upkeep\n|turn|14\n|\n|t:|1699735684\n|switch|p2a: Giratina|Giratina-Origin|11\/100\n|move|p1a: Kyogre|Ice Beam|p2a: Giratina\n|-supereffective|p2a: Giratina\n|-damage|p2a: Giratina|0 fnt\n|faint|p2a: Giratina\n|\n|-weather|SunnyDay|[upkeep]\n|upkeep\n|\n|t:|1699735686\n|switch|p2a: Arceus|Arceus-Fairy|100\/100\n|-damage|p2a: Arceus|88\/100|[from] Spikes\n|turn|15\n|\n|t:|1699735695\n|switch|p1a: Flutter Mane|Flutter Mane|100\/100\n|-damage|p1a: Flutter Mane|88\/100|[from] Spikes\n|-damage|p1a: Flutter Mane|76\/100|[from] Stealth Rock\n|-status|p1a: Flutter Mane|psn\n|-activate|p1a: Flutter Mane|ability: Protosynthesis\n|-start|p1a: Flutter Mane|protosynthesisspe\n|move|p2a: Arceus|Calm Mind|p2a: Arceus\n|-boost|p2a: Arceus|spa|1\n|-boost|p2a: Arceus|spd|1\n|\n|-weather|SunnyDay|[upkeep]\n|-damage|p1a: Flutter Mane|63\/100 psn|[from] psn\n|upkeep\n|turn|16\n|\n|t:|1699735700\n|move|p1a: Flutter Mane|Substitute|p1a: Flutter Mane\n|-start|p1a: Flutter Mane|Substitute\n|-damage|p1a: Flutter Mane|39\/100 psn\n|move|p2a: Arceus|Recover|p2a: Arceus\n|-heal|p2a: Arceus|100\/100\n|\n|-weather|SunnyDay|[upkeep]\n|-damage|p1a: Flutter Mane|26\/100 psn|[from] psn\n|upkeep\n|turn|17\n|\n|t:|1699735704\n|move|p1a: Flutter Mane|Pain Split|p2a: Arceus\n|-sethp|p2a: Arceus|58\/100|[from] move: Pain Split|[silent]\n|-sethp|p1a: Flutter Mane|100\/100 psn|[from] move: Pain Split\n|move|p2a: Arceus|Calm Mind|p2a: Arceus\n|-boost|p2a: Arceus|spa|1\n|-boost|p2a: Arceus|spd|1\n|\n|-weather|none\n|-end|p1a: Flutter Mane|Protosynthesis\n|-damage|p1a: Flutter Mane|88\/100 psn|[from] psn\n|upkeep\n|turn|18\n|\n|t:|1699735711\n|move|p1a: Flutter Mane|Moonblast|p2a: Arceus\n|-damage|p2a: Arceus|35\/100\n|-damage|p1a: Flutter Mane|78\/100 psn|[from] item: Life Orb\n|move|p2a: Arceus|Recover|p2a: Arceus\n|-heal|p2a: Arceus|85\/100\n|\n|-damage|p1a: Flutter Mane|66\/100 psn|[from] psn\n|upkeep\n|turn|19\n|\n|t:|1699735723\n|move|p1a: Flutter Mane|Moonblast|p2a: Arceus\n|-damage|p2a: Arceus|61\/100\n|-unboost|p2a: Arceus|spa|1\n|-damage|p1a: Flutter Mane|56\/100 psn|[from] item: Life Orb\n|move|p2a: Arceus|Judgment|p1a: Flutter Mane\n|-end|p1a: Flutter Mane|Substitute\n|\n|-damage|p1a: Flutter Mane|44\/100 psn|[from] psn\n|upkeep\n|turn|20\n|\n|t:|1699735729\n|move|p1a: Flutter Mane|Substitute|p1a: Flutter Mane\n|-start|p1a: Flutter Mane|Substitute\n|-damage|p1a: Flutter Mane|19\/100 psn\n|move|p2a: Arceus|Taunt|p1a: Flutter Mane\n|-start|p1a: Flutter Mane|move: Taunt\n|\n|-damage|p1a: Flutter Mane|6\/100 psn|[from] psn\n|upkeep\n|turn|21\n|\n|t:|1699735737\n|move|p1a: Flutter Mane|Moonblast|p2a: Arceus\n|-damage|p2a: Arceus|40\/100\n|-unboost|p2a: Arceus|spa|1\n|-damage|p1a: Flutter Mane|0 fnt|[from] item: Life Orb\n|faint|p1a: Flutter Mane\n|-end|p1a: Flutter Mane|Protosynthesis|[silent]\n|move|p2a: Arceus|Recover|p2a: Arceus\n|-heal|p2a: Arceus|90\/100\n|\n|upkeep\n|\n|t:|1699735743\n|switch|p1a: Kyogre|Kyogre|63\/100\n|-damage|p1a: Kyogre|51\/100|[from] Spikes\n|-damage|p1a: Kyogre|39\/100|[from] Stealth Rock\n|-status|p1a: Kyogre|psn\n|-weather|RainDance|[from] ability: Drizzle|[of] p1a: Kyogre\n|turn|22\n|inactive|Taka has 90 seconds left.\n|\n|t:|1699735754\n|move|p2a: Arceus|Calm Mind|p2a: Arceus\n|-boost|p2a: Arceus|spa|1\n|-boost|p2a: Arceus|spd|1\n|move|p1a: Kyogre|Origin Pulse|p2a: Arceus\n|-damage|p2a: Arceus|64\/100\n|\n|-weather|RainDance|[upkeep]\n|-damage|p1a: Kyogre|26\/100 psn|[from] psn\n|upkeep\n|turn|23\n|inactive|Taka has 90 seconds left.\n|\n|t:|1699735771\n|move|p2a: Arceus|Recover|p2a: Arceus\n|-heal|p2a: Arceus|100\/100\n|move|p1a: Kyogre|Origin Pulse|p2a: Arceus|[miss]\n|-miss|p1a: Kyogre|p2a: Arceus\n|\n|-weather|RainDance|[upkeep]\n|-damage|p1a: Kyogre|14\/100 psn|[from] psn\n|upkeep\n|turn|24\n|\n|t:|1699735773\n|move|p2a: Arceus|Judgment|p1a: Kyogre\n|-damage|p1a: Kyogre|0 fnt\n|faint|p1a: Kyogre\n|\n|-weather|RainDance|[upkeep]\n|upkeep\n|\n|t:|1699735778\n|switch|p1a: Koraidon|Koraidon|100\/100\n|-damage|p1a: Koraidon|88\/100|[from] Spikes\n|-damage|p1a: Koraidon|82\/100|[from] Stealth Rock\n|-status|p1a: Koraidon|psn\n|-weather|SunnyDay|[from] ability: Orichalcum Pulse|[of] p1a: Koraidon\n|-activate|p1a: Koraidon|Orichalcum Pulse|[source]\n|turn|25\n|\n|t:|1699735788\n|move|p1a: Koraidon|Flare Blitz|p2a: Arceus\n|-damage|p2a: Arceus|52\/100\n|-damage|p1a: Koraidon|61\/100 psn|[from] Recoil\n|move|p2a: Arceus|Recover|p2a: Arceus\n|-heal|p2a: Arceus|100\/100\n|\n|-weather|SunnyDay|[upkeep]\n|-damage|p1a: Koraidon|49\/100 psn|[from] psn\n|upkeep\n|turn|26\n|inactive|Taka has 90 seconds left.\n|\n|t:|1699735816\n|move|p1a: Koraidon|Flare Blitz|p2a: Arceus\n|-damage|p2a: Arceus|49\/100\n|-damage|p1a: Koraidon|27\/100 psn|[from] Recoil\n|move|p2a: Arceus|Recover|p2a: Arceus\n|-heal|p2a: Arceus|99\/100\n|\n|-weather|SunnyDay|[upkeep]\n|-damage|p1a: Koraidon|15\/100 psn|[from] psn\n|upkeep\n|turn|27\n|\n|t:|1699735822\n|move|p1a: Koraidon|Flare Blitz|p2a: Arceus\n|-damage|p2a: Arceus|49\/100\n|-damage|p1a: Koraidon|0 fnt|[from] Recoil\n|faint|p1a: Koraidon\n|move|p2a: Arceus|Recover|p2a: Arceus\n|-heal|p2a: Arceus|99\/100\n|\n|-weather|SunnyDay|[upkeep]\n|upkeep\n|inactive|Taka has 90 seconds left.\n|\n|t:|1699735849\n|switch|p1a: Arceus|Arceus|100\/100\n|-damage|p1a: Arceus|88\/100|[from] Spikes\n|-damage|p1a: Arceus|76\/100|[from] Stealth Rock\n|-status|p1a: Arceus|psn\n|turn|28\n|c|\u2606Taka|gg\n|\n|t:|1699735862\n|move|p1a: Arceus|Extreme Speed|p2a: Arceus\n|-damage|p2a: Arceus|68\/100\n|move|p2a: Arceus|Judgment|p1a: Arceus\n|-damage|p1a: Arceus|26\/100 psn\n|\n|-weather|SunnyDay|[upkeep]\n|-damage|p1a: Arceus|14\/100 psn|[from] psn\n|upkeep\n|turn|29\n|\n|t:|1699735865\n|move|p1a: Arceus|Extreme Speed|p2a: Arceus\n|-damage|p2a: Arceus|34\/100\n|move|p2a: Arceus|Judgment|p1a: Arceus\n|-damage|p1a: Arceus|0 fnt\n|faint|p1a: Arceus\n|\n|-weather|none\n|upkeep\n|c|\u2606SOULWIND|gg\n|\n|t:|1699735867\n|switch|p1a: Clodsire|Clodsire, M, tera:Steel|100\/100\n|-damage|p1a: Clodsire|88\/100|[from] Spikes\n|-damage|p1a: Clodsire|82\/100|[from] Stealth Rock\n|turn|30\n|\n|t:|1699735869\n|move|p2a: Arceus|Taunt|p1a: Clodsire\n|-start|p1a: Clodsire|move: Taunt\n|cant|p1a: Clodsire|move: Taunt|Toxic\n|\n|upkeep\n|turn|31\n|\n|t:|1699735871\n|move|p2a: Arceus|Judgment|p1a: Clodsire\n|-resisted|p1a: Clodsire\n|-damage|p1a: Clodsire|64\/100\n|move|p1a: Clodsire|Earthquake|p2a: Arceus\n|-crit|p2a: Arceus\n|-damage|p2a: Arceus|8\/100\n|\n|upkeep\n|turn|32\n|\n|t:|1699735875\n|move|p2a: Arceus|Judgment|p1a: Clodsire\n|-resisted|p1a: Clodsire\n|-damage|p1a: Clodsire|45\/100\n|move|p1a: Clodsire|Earthquake|p2a: Arceus\n|-damage|p2a: Arceus|0 fnt\n|faint|p2a: Arceus\n|\n|-end|p1a: Clodsire|move: Taunt\n|upkeep\n|\n|t:|1699735878\n|switch|p2a: Groudon|Groudon|15\/100\n|-damage|p2a: Groudon|3\/100|[from] Spikes\n|-weather|SunnyDay|[from] ability: Drought|[of] p2a: Groudon\n|turn|33\n|\n|t:|1699735883\n|move|p2a: Groudon|Earthquake|p1a: Clodsire\n|-supereffective|p1a: Clodsire\n|-damage|p1a: Clodsire|0 fnt\n|faint|p1a: Clodsire\n|\n|win|SOULWIND\n","uploadtime":1699735884,"views":573,"p1id":"taka","p2id":"soulwind","formatid":"gen9ubers","rating":0,"private":0,"password":""}