{"id":"smogtours-gen9ubers-730125","p1":"aberforth","p2":"xoxo_pancake","format":"[Gen 9] Ubers","log":"|inactive|Battle timer is ON: inactive players will automatically lose when time's up.\n|t:|1699790903\n|gametype|singles\n|player|p1|aberforth|#scl3machines|\n|player|p2|xoxo_pancake|2|\n|teamsize|p1|6\n|teamsize|p2|6\n|gen|9\n|tier|[Gen 9] Ubers\n|rule|Sleep Clause Mod: Limit one foe put to sleep\n|rule|Species Clause: Limit one of each Pok\u00e9mon\n|rule|OHKO Clause: OHKO moves are banned\n|rule|Evasion Items Clause: Evasion items are banned\n|rule|Evasion Moves Clause: Evasion moves are banned\n|rule|Endless Battle Clause: Forcing endless battles is banned\n|rule|HP Percentage Mod: HP is shown in percentages\n|clearpoke\n|poke|p1|Ribombee, F|\n|poke|p1|Arceus-Ground|\n|poke|p1|Grimmsnarl, M|\n|poke|p1|Miraidon|\n|poke|p1|Koraidon|\n|poke|p1|Basculegion, M|\n|poke|p2|Ribombee, M|\n|poke|p2|Mewtwo|\n|poke|p2|Miraidon|\n|poke|p2|Calyrex-Ice|\n|poke|p2|Zacian-*|\n|poke|p2|Arceus|\n|teampreview\n|c|\u2606aberforth|hf\n|c|\u2606xoxo_pancake|u2\n|\n|t:|1699790919\n|start\n|switch|p1a: Grimmsnarl|Grimmsnarl, M|100\/100\n|switch|p2a: Zacian|Zacian-Crowned|100\/100\n|-ability|p2a: Zacian|Intrepid Sword|boost\n|-boost|p2a: Zacian|atk|1\n|turn|1\n|\n|t:|1699790923\n|move|p1a: Grimmsnarl|Reflect|p1a: Grimmsnarl\n|-sidestart|p1: aberforth|Reflect\n|move|p2a: Zacian|Behemoth Blade|p1a: Grimmsnarl\n|-supereffective|p1a: Grimmsnarl\n|-crit|p1a: Grimmsnarl\n|-damage|p1a: Grimmsnarl|0 fnt\n|faint|p1a: Grimmsnarl\n|\n|upkeep\n|\n|t:|1699790934\n|switch|p1a: Ribombee|Ribombee, F|100\/100\n|turn|2\n|\n|t:|1699790938\n|move|p2a: Zacian|Behemoth Blade|p1a: Ribombee\n|-supereffective|p1a: Ribombee\n|-enditem|p1a: Ribombee|Focus Sash\n|-damage|p1a: Ribombee|1\/100\n|move|p1a: Ribombee|Stun Spore|p2a: Zacian\n|-status|p2a: Zacian|par\n|\n|upkeep\n|turn|3\n|\n|t:|1699790947\n|move|p1a: Ribombee|Sticky Web|p2a: Zacian\n|-sidestart|p2: xoxo_pancake|move: Sticky Web\n|move|p2a: Zacian|Behemoth Blade|p1a: Ribombee\n|-supereffective|p1a: Ribombee\n|-damage|p1a: Ribombee|0 fnt\n|faint|p1a: Ribombee\n|\n|upkeep\n|\n|t:|1699790957\n|switch|p1a: Arceus|Arceus-Ground|100\/100\n|turn|4\n|\n|t:|1699790967\n|switch|p2a: Mewtwo|Mewtwo|100\/100\n|-activate|p2a: Mewtwo|move: Sticky Web\n|-unboost|p2a: Mewtwo|spe|1\n|-ability|p2a: Mewtwo|Pressure\n|move|p1a: Arceus|Stealth Rock|p2a: Mewtwo\n|-sidestart|p2: xoxo_pancake|move: Stealth Rock\n|\n|upkeep\n|turn|5\n|\n|t:|1699790975\n|move|p1a: Arceus|Taunt|p2a: Mewtwo\n|-start|p2a: Mewtwo|move: Taunt\n|move|p2a: Mewtwo|Grass Knot|p1a: Arceus\n|-supereffective|p1a: Arceus\n|-damage|p1a: Arceus|0 fnt\n|faint|p1a: Arceus\n|-damage|p2a: Mewtwo|91\/100|[from] item: Life Orb\n|\n|upkeep\n|\n|t:|1699790992\n|switch|p1a: Miraidon|Miraidon|100\/100\n|-fieldstart|move: Electric Terrain|[from] ability: Hadron Engine|[of] p1a: Miraidon\n|turn|6\n|\n|t:|1699790995\n|move|p1a: Miraidon|Electro Drift|p2a: Mewtwo\n|-damage|p2a: Mewtwo|0 fnt\n|faint|p2a: Mewtwo\n|\n|upkeep\n|\n|t:|1699791002\n|switch|p2a: Zacian|Zacian-Crowned|100\/100 par\n|-activate|p2a: Zacian|move: Sticky Web\n|-unboost|p2a: Zacian|spe|1\n|-damage|p2a: Zacian|94\/100 par|[from] Stealth Rock\n|turn|7\n|\n|t:|1699791007\n|move|p1a: Miraidon|Electro Drift|p2a: Zacian\n|-damage|p2a: Zacian|4\/100 par\n|move|p2a: Zacian|Play Rough|p1a: Miraidon\n|-supereffective|p1a: Miraidon\n|-damage|p1a: Miraidon|53\/100\n|\n|upkeep\n|turn|8\n|\n|t:|1699791017\n|move|p1a: Miraidon|Electro Drift|p2a: Zacian\n|-damage|p2a: Zacian|0 fnt\n|faint|p2a: Zacian\n|\n|-sideend|p1: aberforth|Reflect\n|upkeep\n|\n|t:|1699791022\n|switch|p2a: Ribombee|Ribombee, M|100\/100\n|-activate|p2a: Ribombee|move: Sticky Web\n|-unboost|p2a: Ribombee|spe|1\n|-damage|p2a: Ribombee|76\/100|[from] Stealth Rock\n|turn|9\n|\n|t:|1699791026\n|move|p1a: Miraidon|Electro Drift|p2a: Ribombee\n|-damage|p2a: Ribombee|0 fnt\n|faint|p2a: Ribombee\n|\n|upkeep\n|\n|t:|1699791030\n|switch|p2a: Arceus|Arceus|100\/100\n|turn|10\n|\n|t:|1699791036\n|move|p2a: Arceus|Extreme Speed|p1a: Miraidon\n|-damage|p1a: Miraidon|15\/100\n|move|p1a: Miraidon|Electro Drift|p2a: Arceus\n|-crit|p2a: Arceus\n|-damage|p2a: Arceus|1\/100\n|\n|-fieldend|move: Electric Terrain\n|upkeep\n|turn|11\n|\n|t:|1699791043\n|move|p2a: Arceus|Extreme Speed|p1a: Miraidon\n|-damage|p1a: Miraidon|0 fnt\n|faint|p1a: Miraidon\n|\n|upkeep\n|\n|t:|1699791045\n|switch|p1a: Koraidon|Koraidon|100\/100\n|-weather|SunnyDay|[from] ability: Orichalcum Pulse|[of] p1a: Koraidon\n|-activate|p1a: Koraidon|Orichalcum Pulse|[source]\n|turn|12\n|\n|t:|1699791056\n|-terastallize|p1a: Koraidon|Ghost\n|move|p2a: Arceus|Extreme Speed|p1a: Koraidon\n|-immune|p1a: Koraidon\n|move|p1a: Koraidon|Swords Dance|p1a: Koraidon\n|-boost|p1a: Koraidon|atk|2\n|\n|-weather|SunnyDay|[upkeep]\n|upkeep\n|turn|13\n|\n|t:|1699791062\n|-terastallize|p2a: Arceus|Ghost\n|move|p1a: Koraidon|Scale Shot|p2a: Arceus\n|-damage|p2a: Arceus|0 fnt\n|faint|p2a: Arceus\n|-hitcount|p2: Arceus|1\n|-unboost|p1a: Koraidon|def|1\n|-boost|p1a: Koraidon|spe|1\n|\n|-weather|SunnyDay|[upkeep]\n|upkeep\n|\n|t:|1699791069\n|switch|p2a: Calyrex|Calyrex-Ice|100\/100\n|-ability|p2a: Calyrex|As One\n|-ability|p2a: Calyrex|Unnerve\n|turn|14\n|\n|t:|1699791072\n|move|p1a: Koraidon|Flare Blitz|p2a: Calyrex\n|-supereffective|p2a: Calyrex\n|-damage|p2a: Calyrex|0 fnt\n|faint|p2a: Calyrex\n|-damage|p1a: Koraidon|61\/100|[from] Recoil\n|\n|-weather|SunnyDay|[upkeep]\n|upkeep\n|\n|t:|1699791075\n|switch|p2a: Miraidon|Miraidon|100\/100\n|-activate|p2a: Miraidon|move: Sticky Web\n|-unboost|p2a: Miraidon|spe|1\n|-damage|p2a: Miraidon|88\/100|[from] Stealth Rock\n|-fieldstart|move: Electric Terrain|[from] ability: Hadron Engine|[of] p2a: Miraidon\n|-enditem|p2a: Miraidon|Electric Seed\n|-boost|p2a: Miraidon|def|1|[from] item: Electric Seed\n|turn|15\n|c|\u2606xoxo_pancake|gg\n|\n|t:|1699791103\n|move|p1a: Koraidon|Flare Blitz|p2a: Miraidon\n|-resisted|p2a: Miraidon\n|-damage|p2a: Miraidon|39\/100\n|-damage|p1a: Koraidon|42\/100|[from] Recoil\n|move|p2a: Miraidon|Parabolic Charge|p1a: Koraidon\n|-damage|p1a: Koraidon|0 fnt\n|-heal|p2a: Miraidon|57\/100|[from] drain|[of] p1a: Koraidon\n|faint|p1a: Koraidon\n|\n|-weather|SunnyDay|[upkeep]\n|upkeep\n|\n|t:|1699791107\n|switch|p1a: Basculegion|Basculegion, M|100\/100\n|turn|16\n|\n|t:|1699791115\n|move|p1a: Basculegion|Last Respects|p2a: Miraidon\n|-damage|p2a: Miraidon|0 fnt\n|faint|p2a: Miraidon\n|-damage|p1a: Basculegion|91\/100|[from] item: Life Orb\n|\n|win|aberforth\n|c|\u2606aberforth|gg\n|c|\u2606xoxo_pancake|gg\n","uploadtime":1699791116,"views":23,"p1id":"aberforth","p2id":"xoxopancake","formatid":"gen9ubers","rating":0,"private":0,"password":""}