{"id":"smogtours-gen9ubers-729113","p1":"M Dragon","p2":"SEXILINE","format":"[Gen 9] Ubers","log":"|inactive|Battle timer is ON: inactive players will automatically lose when time's up.\n|t:|1699215548\n|gametype|singles\n|player|p1|M Dragon|101|\n|player|p2|SEXILINE|juggler|\n|teamsize|p1|6\n|teamsize|p2|6\n|gen|9\n|tier|[Gen 9] Ubers\n|rule|Sleep Clause Mod: Limit one foe put to sleep\n|rule|Species Clause: Limit one of each Pok\u00e9mon\n|rule|OHKO Clause: OHKO moves are banned\n|rule|Evasion Items Clause: Evasion items are banned\n|rule|Evasion Moves Clause: Evasion moves are banned\n|rule|Endless Battle Clause: Forcing endless battles is banned\n|rule|HP Percentage Mod: HP is shown in percentages\n|clearpoke\n|poke|p1|Arceus-Ground|\n|poke|p1|Chien-Pao|\n|poke|p1|Landorus-Therian, M|\n|poke|p1|Hatterene, F|\n|poke|p1|Zacian-*|\n|poke|p1|Koraidon|\n|poke|p2|Skeledirge, M|\n|poke|p2|Clodsire, F|\n|poke|p2|Gliscor, F|\n|poke|p2|Arceus|\n|poke|p2|Koraidon|\n|poke|p2|Flutter Mane|\n|teampreview\n|c|\u2606SEXILINE|h_f\n|raw|<div class=\"broadcast-red\"><strong>Moderated chat was set to \u2606!<\/strong><br \/>Only users of rank \u2606 and higher can talk.<\/div>\n|c|\u2606M Dragon|=\n|inactive|M Dragon has 270 seconds left.\n|inactive|SEXILINE has 270 seconds left.\n|\n|t:|1699215604\n|start\n|switch|p1a: Chien-Pao|Chien-Pao|100\/100\n|switch|p2a: Gliscor|Gliscor, F|100\/100\n|-ability|p1a: Chien-Pao|Sword of Ruin\n|turn|1\n|\n|t:|1699215615\n|move|p1a: Chien-Pao|Ice Spinner|p2a: Gliscor\n|-supereffective|p2a: Gliscor\n|-damage|p2a: Gliscor|0 fnt\n|faint|p2a: Gliscor\n|\n|upkeep\n|\n|t:|1699215624\n|switch|p2a: Koraidon|Koraidon|100\/100\n|-weather|SunnyDay|[from] ability: Orichalcum Pulse|[of] p2a: Koraidon\n|-activate|p2a: Koraidon|Orichalcum Pulse|[source]\n|turn|2\n|\n|t:|1699215633\n|switch|p2a: Flutter Mane|Flutter Mane|100\/100\n|-activate|p2a: Flutter Mane|ability: Protosynthesis\n|-start|p2a: Flutter Mane|protosynthesisspe\n|switch|p1a: Landorus|Landorus-Therian, M|100\/100\n|-ability|p1a: Landorus|Intimidate|boost\n|-unboost|p2a: Flutter Mane|atk|1\n|\n|-weather|SunnyDay|[upkeep]\n|upkeep\n|turn|3\n|\n|t:|1699215643\n|switch|p1a: Zacian|Zacian-Crowned|100\/100\n|-ability|p1a: Zacian|Intrepid Sword|boost\n|-boost|p1a: Zacian|atk|1\n|move|p2a: Flutter Mane|Moonblast|p1a: Zacian\n|-resisted|p1a: Zacian\n|-damage|p1a: Zacian|65\/100\n|\n|-weather|SunnyDay|[upkeep]\n|upkeep\n|turn|4\n|\n|t:|1699215648\n|-end|p2a: Flutter Mane|Protosynthesis|[silent]\n|switch|p2a: Skeledirge|Skeledirge, M|100\/100\n|switch|p1a: Landorus|Landorus-Therian, M|100\/100\n|-ability|p1a: Landorus|Intimidate|boost\n|-unboost|p2a: Skeledirge|atk|1\n|\n|-weather|SunnyDay|[upkeep]\n|upkeep\n|turn|5\n|\n|t:|1699215652\n|move|p1a: Landorus|Stealth Rock|p2a: Skeledirge\n|-sidestart|p2: SEXILINE|move: Stealth Rock\n|move|p2a: Skeledirge|Will-O-Wisp|p1a: Landorus\n|-status|p1a: Landorus|brn\n|\n|-weather|SunnyDay|[upkeep]\n|-damage|p1a: Landorus|94\/100 brn|[from] brn\n|upkeep\n|turn|6\n|\n|t:|1699215657\n|move|p1a: Landorus|Earthquake|p2a: Skeledirge\n|-supereffective|p2a: Skeledirge\n|-damage|p2a: Skeledirge|71\/100\n|move|p2a: Skeledirge|Torch Song|p1a: Landorus\n|-damage|p1a: Landorus|44\/100 brn\n|-boost|p2a: Skeledirge|spa|1\n|\n|-weather|none\n|-damage|p1a: Landorus|38\/100 brn|[from] brn\n|upkeep\n|turn|7\n|\n|t:|1699215661\n|switch|p1a: Arceus|Arceus-Ground|100\/100\n|move|p2a: Skeledirge|Slack Off|p2a: Skeledirge\n|-heal|p2a: Skeledirge|100\/100\n|\n|upkeep\n|turn|8\n|\n|t:|1699215682\n|switch|p2a: Flutter Mane|Flutter Mane|100\/100\n|-damage|p2a: Flutter Mane|88\/100|[from] Stealth Rock\n|move|p1a: Arceus|Judgment|p2a: Flutter Mane\n|-damage|p2a: Flutter Mane|32\/100\n|\n|upkeep\n|turn|9\n|\n|t:|1699215686\n|move|p2a: Flutter Mane|Shadow Ball|p1a: Arceus\n|-damage|p1a: Arceus|55\/100\n|move|p1a: Arceus|Judgment|p2a: Flutter Mane\n|-damage|p2a: Flutter Mane|0 fnt\n|faint|p2a: Flutter Mane\n|-end|p2a: Flutter Mane|Protosynthesis|[silent]\n|\n|upkeep\n|\n|t:|1699215690\n|switch|p2a: Koraidon|Koraidon|100\/100\n|-weather|SunnyDay|[from] ability: Orichalcum Pulse|[of] p2a: Koraidon\n|-activate|p2a: Koraidon|Orichalcum Pulse|[source]\n|turn|10\n|\n|t:|1699215698\n|move|p2a: Koraidon|Swords Dance|p2a: Koraidon\n|-boost|p2a: Koraidon|atk|2\n|move|p1a: Arceus|Ice Beam|p2a: Koraidon\n|-supereffective|p2a: Koraidon\n|-damage|p2a: Koraidon|50\/100\n|\n|-weather|SunnyDay|[upkeep]\n|upkeep\n|turn|11\n|inactive|SEXILINE has 270 seconds left.\n|\n|t:|1699215741\n|switch|p1a: Hatterene|Hatterene, F|100\/100\n|move|p2a: Koraidon|Low Kick|p1a: Hatterene\n|-resisted|p1a: Hatterene\n|-damage|p1a: Hatterene|95\/100\n|-enditem|p1a: Hatterene|Eject Button\n|\n|t:|1699215747\n|switch|p1a: Landorus|Landorus-Therian, M|38\/100 brn\n|-ability|p1a: Landorus|Intimidate|boost\n|-unboost|p2a: Koraidon|atk|1\n|\n|-weather|SunnyDay|[upkeep]\n|-damage|p1a: Landorus|32\/100 brn|[from] brn\n|upkeep\n|turn|12\n|inactive|SEXILINE has 270 seconds left.\n|\n|t:|1699215767\n|switch|p1a: Hatterene|Hatterene, F|95\/100\n|move|p2a: Koraidon|Flame Charge|p1a: Hatterene\n|-damage|p1a: Hatterene|51\/100\n|-boost|p2a: Koraidon|spe|1\n|\n|-weather|SunnyDay|[upkeep]\n|upkeep\n|turn|13\n|\n|t:|1699215777\n|move|p2a: Koraidon|Flame Charge|p1a: Hatterene\n|-damage|p1a: Hatterene|6\/100\n|-boost|p2a: Koraidon|spe|1\n|move|p1a: Hatterene|Draining Kiss|p2a: Koraidon\n|-supereffective|p2a: Koraidon\n|-damage|p2a: Koraidon|0 fnt\n|-heal|p1a: Hatterene|46\/100|[from] drain|[of] p2a: Koraidon\n|faint|p2a: Koraidon\n|\n|-weather|SunnyDay|[upkeep]\n|upkeep\n|\n|t:|1699215782\n|switch|p2a: Arceus|Arceus|100\/100\n|turn|14\n|inactive|M Dragon has 270 seconds left.\n|\n|t:|1699215820\n|switch|p1a: Zacian|Zacian-Crowned|65\/100\n|move|p2a: Arceus|Swords Dance|p2a: Arceus\n|-boost|p2a: Arceus|atk|2\n|\n|-weather|none\n|upkeep\n|turn|15\n|inactive|M Dragon has 270 seconds left.\n|inactive|SEXILINE has 270 seconds left.\n|\n|t:|1699215854\n|-terastallize|p2a: Arceus|Fire\n|move|p1a: Zacian|Behemoth Blade|p2a: Arceus\n|-resisted|p2a: Arceus\n|-damage|p2a: Arceus|83\/100\n|move|p2a: Arceus|Swords Dance|p2a: Arceus\n|-boost|p2a: Arceus|atk|2\n|\n|upkeep\n|turn|16\n|inactive|M Dragon has 270 seconds left.\n|\n|t:|1699215865\n|move|p1a: Zacian|Wild Charge|p2a: Arceus\n|-damage|p2a: Arceus|60\/100\n|-damage|p1a: Zacian|57\/100|[from] Recoil\n|move|p2a: Arceus|Swords Dance|p2a: Arceus\n|-boost|p2a: Arceus|atk|2\n|\n|upkeep\n|turn|17\n|inactive|M Dragon has 270 seconds left.\n|\n|t:|1699215872\n|switch|p1a: Landorus|Landorus-Therian, M|32\/100 brn\n|-ability|p1a: Landorus|Intimidate|boost\n|-unboost|p2a: Arceus|atk|1\n|move|p2a: Arceus|Recover|p2a: Arceus\n|-heal|p2a: Arceus|100\/100\n|\n|-damage|p1a: Landorus|26\/100 brn|[from] brn\n|upkeep\n|turn|18\n|inactive|M Dragon has 270 seconds left.\n|\n|t:|1699215884\n|switch|p1a: Hatterene|Hatterene, F|46\/100\n|move|p2a: Arceus|Extreme Speed|p1a: Hatterene\n|-damage|p1a: Hatterene|0 fnt\n|faint|p1a: Hatterene\n|\n|upkeep\n|inactive|M Dragon has 270 seconds left.\n|inactive|M Dragon has 240 seconds left.\n|inactive|M Dragon has 210 seconds left.\n|inactive|M Dragon has 180 seconds left.\n|inactive|M Dragon has 150 seconds left.\n|\n|t:|1699216011\n|switch|p1a: Landorus|Landorus-Therian, M|26\/100 brn\n|-ability|p1a: Landorus|Intimidate|boost\n|-unboost|p2a: Arceus|atk|1\n|turn|19\n|inactive|M Dragon has 150 seconds left.\n|\n|t:|1699216030\n|move|p2a: Arceus|Extreme Speed|p1a: Landorus\n|-damage|p1a: Landorus|0 fnt\n|-damage|p2a: Arceus|84\/100|[from] item: Rocky Helmet|[of] p1a: Landorus\n|faint|p1a: Landorus\n|\n|upkeep\n|\n|t:|1699216040\n|switch|p1a: Arceus|Arceus-Ground|55\/100\n|turn|20\n|\n|t:|1699216044\n|-terastallize|p1a: Arceus|Steel\n|move|p2a: Arceus|Extreme Speed|p1a: Arceus\n|-resisted|p1a: Arceus\n|-damage|p1a: Arceus|23\/100\n|move|p1a: Arceus|Judgment|p2a: Arceus\n|-supereffective|p2a: Arceus\n|-damage|p2a: Arceus|12\/100\n|\n|upkeep\n|turn|21\n|inactive|M Dragon has 150 seconds left.\n|\n|t:|1699216069\n|move|p2a: Arceus|Extreme Speed|p1a: Arceus\n|-resisted|p1a: Arceus\n|-damage|p1a: Arceus|0 fnt\n|faint|p1a: Arceus\n|\n|upkeep\n|\n|t:|1699216071\n|switch|p1a: Zacian|Zacian-Crowned|57\/100\n|turn|22\n|c|\u2606M Dragon|roll\n|c|\u2606M Dragon|gg\n|\n|t:|1699216089\n|move|p2a: Arceus|Extreme Speed|p1a: Zacian\n|-resisted|p1a: Zacian\n|-damage|p1a: Zacian|0 fnt\n|faint|p1a: Zacian\n|\n|upkeep\n|inactive|M Dragon has 150 seconds left.\n|\n|t:|1699216097\n|switch|p1a: Koraidon|Koraidon|100\/100\n|-weather|SunnyDay|[from] ability: Orichalcum Pulse|[of] p1a: Koraidon\n|-activate|p1a: Koraidon|Orichalcum Pulse|[source]\n|turn|23\n|\n|t:|1699216102\n|move|p2a: Arceus|Extreme Speed|p1a: Koraidon\n|-damage|p1a: Koraidon|0 fnt\n|faint|p1a: Koraidon\n|\n|-weather|SunnyDay|[upkeep]\n|upkeep\n|c|\u2606SEXILINE|g_g\n|-message|M Dragon forfeited.\n|\n|win|SEXILINE\n","uploadtime":1699216109,"views":293,"p1id":"mdragon","p2id":"sexiline","formatid":"gen9ubers","rating":0,"private":0,"password":""}