{"id":"smogtours-gen9ubers-731643","p1":"3d & Spencer","p2":"shraider&arty","format":"[Gen 9] Ubers","log":"|inactive|Battle timer is ON: inactive players will automatically lose when time's up.\n|t:|1700423502\n|gametype|singles\n|player|p1|3d & Spencer|twins-gen4dp|\n|player|p2|shraider&arty|102|\n|teamsize|p1|6\n|teamsize|p2|6\n|gen|9\n|tier|[Gen 9] Ubers\n|rule|Sleep Clause Mod: Limit one foe put to sleep\n|rule|Species Clause: Limit one of each Pok\u00e9mon\n|rule|OHKO Clause: OHKO moves are banned\n|rule|Evasion Items Clause: Evasion items are banned\n|rule|Evasion Moves Clause: Evasion moves are banned\n|rule|Endless Battle Clause: Forcing endless battles is banned\n|rule|HP Percentage Mod: HP is shown in percentages\n|clearpoke\n|poke|p1|Gliscor, M|\n|poke|p1|Clefable, F|\n|poke|p1|Kingambit, F|\n|poke|p1|Rillaboom, F|\n|poke|p1|Volcanion|\n|poke|p1|Dragapult, F|\n|poke|p2|Torkoal, F|\n|poke|p2|Walking Wake|\n|poke|p2|Great Tusk|\n|poke|p2|Cinderace, M|\n|poke|p2|Kingambit, M|\n|poke|p2|Brute Bonnet|\n|teampreview\n|c|\u2606shraider&arty|hf\n|inactive|shraider&arty has 270 seconds left.\n|c|\u26063d & Spencer|u2\n|c|\u26063d & Spencer|u2\n|inactive|3d & Spencer has 270 seconds left.\n|inactive|shraider&arty has 240 seconds left.\n|inactive|3d & Spencer has 240 seconds left.\n|inactive|shraider&arty has 210 seconds left.\n|inactive|3d & Spencer has 210 seconds left.\n|inactive|shraider&arty has 180 seconds left.\n|inactive|shraider&arty has 150 seconds left.\n|\n|t:|1700423671\n|start\n|switch|p1a: Volcanion|Volcanion|100\/100\n|switch|p2a: Resurrections|Great Tusk|100\/100\n|turn|1\n|inactive|shraider&arty has 180 seconds left.\n|\n|t:|1700423715\n|switch|p1a: Clefable|Clefable, F|100\/100\n|move|p2a: Resurrections|Headlong Rush|p1a: Clefable\n|-damage|p1a: Clefable|53\/100\n|-unboost|p2a: Resurrections|def|1\n|-unboost|p2a: Resurrections|spd|1\n|-enditem|p2a: Resurrections|Eject Pack\n|inactive|shraider&arty has 150 seconds left.\n|\n|t:|1700423751\n|-end|p2a: Resurrections|Protosynthesis|[silent]\n|switch|p2a: Exhale|Torkoal, F|100\/100\n|-weather|SunnyDay|[from] ability: Drought|[of] p2a: Exhale\n|\n|-weather|SunnyDay|[upkeep]\n|-heal|p1a: Clefable|59\/100|[from] item: Leftovers\n|upkeep\n|turn|2\n|inactive|3d & Spencer has 240 seconds left.\n|inactive|shraider&arty has 120 seconds left.\n|\n|t:|1700423787\n|move|p1a: Clefable|Moonlight|p1a: Clefable\n|-heal|p1a: Clefable|100\/100\n|move|p2a: Exhale|Stealth Rock|p1a: Clefable\n|-sidestart|p1: 3d & Spencer|move: Stealth Rock\n|\n|-weather|SunnyDay|[upkeep]\n|upkeep\n|turn|3\n|\n|t:|1700423792\n|move|p1a: Clefable|Stealth Rock|p2a: Exhale\n|-sidestart|p2: shraider&arty|move: Stealth Rock\n|move|p2a: Exhale|Lava Plume|p1a: Clefable\n|-damage|p1a: Clefable|69\/100\n|\n|-weather|SunnyDay|[upkeep]\n|-heal|p1a: Clefable|75\/100|[from] item: Leftovers\n|upkeep\n|turn|4\n|inactive|3d & Spencer has 240 seconds left.\n|inactive|3d & Spencer has 210 seconds left.\n|\n|t:|1700423836\n|move|p1a: Clefable|Encore|p2a: Exhale\n|-start|p2a: Exhale|Encore\n|move|p2a: Exhale|Lava Plume|p1a: Clefable\n|-damage|p1a: Clefable|43\/100\n|-status|p1a: Clefable|brn\n|\n|-weather|SunnyDay|[upkeep]\n|-heal|p1a: Clefable|49\/100 brn|[from] item: Leftovers\n|upkeep\n|turn|5\n|inactive|shraider&arty has 120 seconds left.\n|inactive|shraider&arty has 90 seconds left.\n|\n|t:|1700423898\n|switch|p2a: In the Mirror|Kingambit, M|100\/100\n|-damage|p2a: In the Mirror|94\/100|[from] Stealth Rock\n|-item|p2a: In the Mirror|Air Balloon\n|move|p1a: Clefable|Moonlight|p1a: Clefable\n|-heal|p1a: Clefable|100\/100 brn\n|\n|-weather|SunnyDay|[upkeep]\n|upkeep\n|turn|6\n|inactive|shraider&arty has 60 seconds left.\n|\n|t:|1700423928\n|-end|p2a: In the Mirror|fallenundefined|[silent]\n|switch|p2a: Resurrections|Great Tusk|100\/100\n|-damage|p2a: Resurrections|98\/100|[from] Stealth Rock\n|-activate|p2a: Resurrections|ability: Protosynthesis\n|-start|p2a: Resurrections|protosynthesisdef\n|switch|p1a: Kingambit|Kingambit, F|100\/100\n|\n|-weather|SunnyDay|[upkeep]\n|upkeep\n|turn|7\n|inactive|shraider&arty has 60 seconds left.\n|\n|t:|1700423950\n|-end|p1a: Kingambit|fallenundefined|[silent]\n|switch|p1a: Clefable|Clefable, F|100\/100 brn\n|move|p2a: Resurrections|Ice Spinner|p1a: Clefable\n|-damage|p1a: Clefable|79\/100 brn\n|\n|-weather|SunnyDay|[upkeep]\n|-heal|p1a: Clefable|85\/100 brn|[from] item: Leftovers\n|upkeep\n|turn|8\n|\n|t:|1700423970\n|move|p2a: Resurrections|Rapid Spin|p1a: Clefable\n|-crit|p1a: Clefable\n|-damage|p1a: Clefable|64\/100 brn\n|-boost|p2a: Resurrections|spe|1\n|-sideend|p2: shraider&arty|Stealth Rock|[from] move: Rapid Spin|[of] p2a: Resurrections\n|move|p1a: Clefable|Moonblast|p2a: Resurrections\n|-supereffective|p2a: Resurrections\n|-damage|p2a: Resurrections|0 fnt\n|faint|p2a: Resurrections\n|-end|p2a: Resurrections|Protosynthesis|[silent]\n|\n|-weather|none\n|-heal|p1a: Clefable|70\/100 brn|[from] item: Leftovers\n|upkeep\n|inactive|shraider&arty has 30 seconds left.\n|\n|t:|1700423992\n|switch|p2a: In the Mirror|Kingambit, M|94\/100\n|-activate|p2a: In the Mirror|ability: Supreme Overlord\n|-start|p2a: In the Mirror|fallen1|[silent]\n|-item|p2a: In the Mirror|Air Balloon\n|turn|9\n|inactive|shraider&arty has 30 seconds left.\n|\n|t:|1700423999\n|switch|p1a: Kingambit|Kingambit, F|100\/100\n|move|p2a: In the Mirror|Swords Dance|p2a: In the Mirror\n|-boost|p2a: In the Mirror|atk|2\n|\n|upkeep\n|turn|10\n|\n|t:|1700424005\n|move|p2a: In the Mirror|Low Kick|p1a: Kingambit\n|-supereffective|p1a: Kingambit\n|-damage|p1a: Kingambit|0 fnt\n|faint|p1a: Kingambit\n|-end|p1a: Kingambit|fallenundefined|[silent]\n|\n|upkeep\n|inactive|3d & Spencer has 210 seconds left.\n|inactive|3d & Spencer has 180 seconds left.\n|\n|t:|1700424073\n|switch|p1a: Volcanion|Volcanion|100\/100\n|turn|11\n|\n|t:|1700424087\n|-terastallize|p2a: In the Mirror|Fairy\n|move|p1a: Volcanion|Flamethrower|p2a: In the Mirror\n|-damage|p2a: In the Mirror|33\/100\n|-status|p2a: In the Mirror|brn\n|-enditem|p2a: In the Mirror|Air Balloon\n|move|p2a: In the Mirror|Kowtow Cleave|p1a: Volcanion\n|-damage|p1a: Volcanion|52\/100\n|\n|-damage|p2a: In the Mirror|27\/100 brn|[from] brn\n|upkeep\n|turn|12\n|inactive|3d & Spencer has 180 seconds left.\n|inactive|shraider&arty has 30 seconds left.\n|inactive|shraider&arty has 20 seconds left.\n|inactive|shraider&arty has 15 seconds left.\n|\n|t:|1700424126\n|switch|p1a: Rillaboom|Rillaboom, F|100\/100\n|-fieldstart|move: Grassy Terrain|[from] ability: Grassy Surge|[of] p1a: Rillaboom\n|move|p2a: In the Mirror|Swords Dance|p2a: In the Mirror\n|-boost|p2a: In the Mirror|atk|2\n|\n|-heal|p2a: In the Mirror|33\/100 brn|[from] Grassy Terrain\n|-damage|p2a: In the Mirror|27\/100 brn|[from] brn\n|upkeep\n|turn|13\n|inactive|shraider&arty has 25 seconds left this turn.\n|inactive|3d & Spencer has 180 seconds left.\n|\n|t:|1700424133\n|move|p1a: Rillaboom|Grassy Glide|p2a: In the Mirror\n|-damage|p2a: In the Mirror|0 fnt\n|faint|p2a: In the Mirror\n|-end|p2a: In the Mirror|fallen1|[silent]\n|\n|upkeep\n|inactive|shraider&arty has 30 seconds left this turn.\n|\n|t:|1700424141\n|switch|p2a: Exhale|Torkoal, F|100\/100\n|-weather|SunnyDay|[from] ability: Drought|[of] p2a: Exhale\n|turn|14\n|inactive|shraider&arty has 30 seconds left.\n|inactive|shraider&arty has 20 seconds left.\n|\n|t:|1700424159\n|switch|p2a: Awake|Walking Wake|100\/100\n|-activate|p2a: Awake|ability: Protosynthesis\n|-start|p2a: Awake|protosynthesisspe\n|move|p1a: Rillaboom|U-turn|p2a: Awake\n|-damage|p2a: Awake|72\/100\n|inactive|shraider&arty has 25 seconds left this turn.\n|inactive|3d & Spencer has 180 seconds left.\n|\n|t:|1700424173\n|switch|p1a: Gliscor|Gliscor, M|100\/100|[from] U-turn\n|-damage|p1a: Gliscor|88\/100|[from] Stealth Rock\n|\n|-weather|SunnyDay|[upkeep]\n|-heal|p2a: Awake|79\/100|[from] Grassy Terrain\n|-status|p1a: Gliscor|tox|[from] item: Toxic Orb\n|upkeep\n|turn|15\n|inactive|shraider&arty has 30 seconds left.\n|inactive|shraider&arty has 20 seconds left.\n|inactive|shraider&arty has 15 seconds left.\n|\n|t:|1700424195\n|-end|p2a: Awake|Protosynthesis|[silent]\n|switch|p2a: Little Goth|Brute Bonnet|100\/100\n|-activate|p2a: Little Goth|ability: Protosynthesis\n|-start|p2a: Little Goth|protosynthesisatk\n|move|p1a: Gliscor|Protect||[still]\n|-fail|p1a: Gliscor\n|\n|-weather|SunnyDay|[upkeep]\n|-heal|p1a: Gliscor|100\/100 tox|[from] ability: Poison Heal\n|upkeep\n|turn|16\n|inactive|shraider&arty has 25 seconds left this turn.\n|inactive|shraider&arty has 20 seconds left.\n|inactive|3d & Spencer has 180 seconds left.\n|\n|t:|1700424220\n|switch|p1a: Rillaboom|Rillaboom, F|100\/100\n|move|p2a: Little Goth|Bullet Seed|p1a: Rillaboom\n|-resisted|p1a: Rillaboom\n|-damage|p1a: Rillaboom|90\/100\n|-resisted|p1a: Rillaboom\n|-damage|p1a: Rillaboom|78\/100\n|-resisted|p1a: Rillaboom\n|-damage|p1a: Rillaboom|66\/100\n|-resisted|p1a: Rillaboom\n|-damage|p1a: Rillaboom|54\/100\n|-hitcount|p1a: Rillaboom|4\n|\n|-weather|SunnyDay|[upkeep]\n|-heal|p1a: Rillaboom|60\/100|[from] Grassy Terrain\n|-fieldend|move: Grassy Terrain\n|upkeep\n|turn|17\n|inactive|shraider&arty has 30 seconds left this turn.\n|inactive|3d & Spencer has 180 seconds left.\n|inactive|shraider&arty has 20 seconds left.\n|inactive|shraider&arty has 15 seconds left.\n|inactive|shraider&arty has 10 seconds left.\n|\n|t:|1700424252\n|move|p2a: Little Goth|Sucker Punch|p1a: Rillaboom\n|-damage|p1a: Rillaboom|11\/100\n|move|p1a: Rillaboom|U-turn|p2a: Little Goth\n|-supereffective|p2a: Little Goth\n|-damage|p2a: Little Goth|0 fnt\n|faint|p2a: Little Goth\n|-end|p2a: Little Goth|Protosynthesis|[silent]\n|inactive|shraider&arty has 15 seconds left this turn.\n|\n|t:|1700424260\n|switch|p1a: Gliscor|Gliscor, M|100\/100 tox|[from] U-turn\n|-damage|p1a: Gliscor|88\/100 tox|[from] Stealth Rock\n|\n|-weather|SunnyDay|[upkeep]\n|-heal|p1a: Gliscor|100\/100 tox|[from] ability: Poison Heal\n|upkeep\n|inactive|shraider&arty has 20 seconds left this turn.\n|\n|t:|1700424264\n|switch|p2a: Awake|Walking Wake|79\/100\n|-activate|p2a: Awake|ability: Protosynthesis\n|-start|p2a: Awake|protosynthesisspe\n|turn|18\n|inactive|shraider&arty has 30 seconds left this turn.\n|\n|t:|1700424269\n|move|p1a: Gliscor|Protect|p1a: Gliscor\n|-singleturn|p1a: Gliscor|Protect\n|move|p2a: Awake|Hydro Steam|p1a: Gliscor\n|-activate|p1a: Gliscor|move: Protect\n|\n|-weather|SunnyDay|[upkeep]\n|upkeep\n|turn|19\n|\n|t:|1700424273\n|-end|p2a: Awake|Protosynthesis|[silent]\n|switch|p2a: Starjump|Cinderace, M|100\/100\n|switch|p1a: Volcanion|Volcanion|52\/100\n|\n|-weather|SunnyDay|[upkeep]\n|upkeep\n|turn|20\n|inactive|3d & Spencer has 180 seconds left.\n|\n|t:|1700424286\n|switch|p1a: Rillaboom|Rillaboom, F|11\/100\n|-fieldstart|move: Grassy Terrain|[from] ability: Grassy Surge|[of] p1a: Rillaboom\n|move|p2a: Starjump|Pyro Ball|p1a: Rillaboom\n|-supereffective|p1a: Rillaboom\n|-damage|p1a: Rillaboom|0 fnt\n|faint|p1a: Rillaboom\n|\n|-weather|SunnyDay|[upkeep]\n|upkeep\n|inactive|3d & Spencer has 180 seconds left.\n|\n|t:|1700424298\n|switch|p1a: Dragapult|Dragapult, F|100\/100\n|turn|21\n|\n|t:|1700424302\n|move|p2a: Starjump|Pyro Ball|p1a: Dragapult|[miss]\n|-miss|p2a: Starjump|p1a: Dragapult\n|move|p1a: Dragapult|Draco Meteor|p2a: Starjump\n|-damage|p2a: Starjump|22\/100\n|-unboost|p1a: Dragapult|spa|2\n|\n|-weather|none\n|-heal|p2a: Starjump|28\/100|[from] Grassy Terrain\n|upkeep\n|turn|22\n|\n|t:|1700424313\n|switch|p2a: Exhale|Torkoal, F|100\/100\n|-weather|SunnyDay|[from] ability: Drought|[of] p2a: Exhale\n|move|p1a: Dragapult|Draco Meteor|p2a: Exhale\n|-damage|p2a: Exhale|70\/100\n|-unboost|p1a: Dragapult|spa|2\n|\n|-weather|SunnyDay|[upkeep]\n|-heal|p2a: Exhale|76\/100|[from] Grassy Terrain\n|upkeep\n|turn|23\n|inactive|shraider&arty has 60 seconds left.\n|\n|t:|1700424335\n|switch|p2a: Awake|Walking Wake|79\/100\n|-activate|p2a: Awake|ability: Protosynthesis\n|-start|p2a: Awake|protosynthesisspe\n|move|p1a: Dragapult|U-turn|p2a: Awake\n|-damage|p2a: Awake|61\/100\n|\n|t:|1700424338\n|switch|p1a: Gliscor|Gliscor, M|100\/100 tox|[from] U-turn\n|-damage|p1a: Gliscor|88\/100 tox|[from] Stealth Rock\n|\n|-weather|SunnyDay|[upkeep]\n|-heal|p2a: Awake|67\/100|[from] Grassy Terrain\n|-heal|p1a: Gliscor|100\/100 tox|[from] ability: Poison Heal\n|upkeep\n|turn|24\n|\n|t:|1700424343\n|move|p1a: Gliscor|Protect|p1a: Gliscor\n|-singleturn|p1a: Gliscor|Protect\n|move|p2a: Awake|Hydro Steam|p1a: Gliscor\n|-activate|p1a: Gliscor|move: Protect\n|\n|-weather|SunnyDay|[upkeep]\n|-heal|p2a: Awake|73\/100|[from] Grassy Terrain\n|-fieldend|move: Grassy Terrain\n|upkeep\n|turn|25\n|inactive|3d & Spencer has 210 seconds left.\n|\n|t:|1700424380\n|-end|p2a: Awake|Protosynthesis|[silent]\n|switch|p2a: Starjump|Cinderace, M|28\/100\n|switch|p1a: Volcanion|Volcanion|52\/100\n|\n|-weather|SunnyDay|[upkeep]\n|upkeep\n|turn|26\n|inactive|3d & Spencer has 180 seconds left.\n|\n|t:|1700424395\n|switch|p1a: Gliscor|Gliscor, M|100\/100 tox\n|-damage|p1a: Gliscor|88\/100 tox|[from] Stealth Rock\n|move|p2a: Starjump|Pyro Ball|p1a: Gliscor\n|-crit|p1a: Gliscor\n|-damage|p1a: Gliscor|0 fnt\n|faint|p1a: Gliscor\n|\n|-weather|SunnyDay|[upkeep]\n|upkeep\n|inactive|3d & Spencer has 180 seconds left.\n|\n|t:|1700424408\n|switch|p1a: Dragapult|Dragapult, F|100\/100\n|turn|27\n|inactive|3d & Spencer has 180 seconds left.\n|inactive|shraider&arty has 60 seconds left.\n|inactive|shraider&arty has 30 seconds left.\n|inactive|shraider&arty has 20 seconds left.\n|\n|t:|1700424482\n|move|p2a: Starjump|Pyro Ball|p1a: Dragapult\n|-resisted|p1a: Dragapult\n|-damage|p1a: Dragapult|14\/100\n|move|p1a: Dragapult|Draco Meteor|p2a: Starjump\n|-damage|p2a: Starjump|0 fnt\n|-unboost|p1a: Dragapult|spa|2\n|faint|p2a: Starjump\n|\n|-weather|SunnyDay|[upkeep]\n|upkeep\n|inactive|shraider&arty has 25 seconds left this turn.\n|inactive|shraider&arty has 20 seconds left.\n|\n|t:|1700424488\n|switch|p2a: Awake|Walking Wake|73\/100\n|-activate|p2a: Awake|ability: Protosynthesis\n|-start|p2a: Awake|protosynthesisspe\n|turn|28\n|inactive|shraider&arty has 30 seconds left this turn.\n|inactive|shraider&arty has 20 seconds left.\n|inactive|shraider&arty has 15 seconds left.\n|\n|t:|1700424510\n|move|p2a: Awake|Flamethrower|p1a: Dragapult\n|-resisted|p1a: Dragapult\n|-damage|p1a: Dragapult|0 fnt\n|faint|p1a: Dragapult\n|\n|-weather|SunnyDay|[upkeep]\n|upkeep\n|inactive|shraider&arty has 20 seconds left this turn.\n|\n|t:|1700424516\n|switch|p1a: Volcanion|Volcanion|52\/100\n|turn|29\n|inactive|shraider&arty has 30 seconds left this turn.\n|\n|t:|1700424522\n|move|p2a: Awake|Flamethrower|p1a: Volcanion\n|-resisted|p1a: Volcanion\n|-crit|p1a: Volcanion\n|-damage|p1a: Volcanion|22\/100\n|move|p1a: Volcanion|Fire Spin|p2a: Awake\n|-resisted|p2a: Awake\n|-damage|p2a: Awake|64\/100\n|-activate|p2a: Awake|move: Fire Spin|[of] p1a: Volcanion\n|\n|-weather|none\n|-end|p2a: Awake|Protosynthesis\n|-damage|p2a: Awake|51\/100|[from] move: Fire Spin|[partiallytrapped]\n|upkeep\n|turn|30\n|\n|t:|1700424537\n|move|p2a: Awake|Flamethrower|p1a: Volcanion\n|-resisted|p1a: Volcanion\n|-damage|p1a: Volcanion|8\/100\n|move|p1a: Volcanion|Steam Eruption|p2a: Awake|[miss]\n|-miss|p1a: Volcanion|p2a: Awake\n|\n|-damage|p2a: Awake|39\/100|[from] move: Fire Spin|[partiallytrapped]\n|upkeep\n|turn|31\n|inactive|3d & Spencer has 150 seconds left.\n|inactive|3d & Spencer has 120 seconds left.\n|\n|t:|1700424599\n|move|p2a: Awake|Flamethrower|p1a: Volcanion\n|-resisted|p1a: Volcanion\n|-damage|p1a: Volcanion|0 fnt\n|faint|p1a: Volcanion\n|\n|-end|p2a: Awake|Fire Spin|[partiallytrapped]|[silent]\n|upkeep\n|\n|t:|1700424601\n|switch|p1a: Clefable|Clefable, F|70\/100 brn\n|turn|32\n|inactive|3d & Spencer has 120 seconds left.\n|\n|t:|1700424609\n|-end|p2a: Awake|Protosynthesis|[silent]\n|switch|p2a: Exhale|Torkoal, F|76\/100\n|-weather|SunnyDay|[from] ability: Drought|[of] p2a: Exhale\n|move|p1a: Clefable|Moonlight|p1a: Clefable\n|-heal|p1a: Clefable|100\/100 brn\n|\n|-weather|SunnyDay|[upkeep]\n|upkeep\n|turn|33\n|\n|t:|1700424617\n|move|p1a: Clefable|Moonblast|p2a: Exhale\n|-resisted|p2a: Exhale\n|-damage|p2a: Exhale|60\/100\n|move|p2a: Exhale|Lava Plume|p1a: Clefable\n|-crit|p1a: Clefable\n|-damage|p1a: Clefable|55\/100 brn\n|\n|-weather|SunnyDay|[upkeep]\n|-heal|p1a: Clefable|61\/100 brn|[from] item: Leftovers\n|upkeep\n|turn|34\n|inactive|3d & Spencer has 120 seconds left.\n|inactive|shraider&arty has 60 seconds left.\n|\n|t:|1700424647\n|move|p1a: Clefable|Moonblast|p2a: Exhale\n|-resisted|p2a: Exhale\n|-damage|p2a: Exhale|44\/100\n|-unboost|p2a: Exhale|spa|1\n|move|p2a: Exhale|Rapid Spin|p1a: Clefable\n|-damage|p1a: Clefable|52\/100 brn\n|-boost|p2a: Exhale|spe|1\n|\n|-weather|SunnyDay|[upkeep]\n|-heal|p1a: Clefable|58\/100 brn|[from] item: Leftovers\n|upkeep\n|turn|35\n|inactive|shraider&arty has 60 seconds left.\n|inactive|shraider&arty has 30 seconds left.\n|inactive|shraider&arty has 20 seconds left.\n|\n|t:|1700424699\n|move|p1a: Clefable|Moonlight|p1a: Clefable\n|-heal|p1a: Clefable|100\/100 brn\n|move|p2a: Exhale|Lava Plume|p1a: Clefable\n|-damage|p1a: Clefable|80\/100 brn\n|\n|-weather|SunnyDay|[upkeep]\n|-heal|p1a: Clefable|86\/100 brn|[from] item: Leftovers\n|upkeep\n|turn|36\n|inactive|shraider&arty has 30 seconds left this turn.\n|\n|t:|1700424707\n|move|p1a: Clefable|Moonblast|p2a: Exhale\n|-resisted|p2a: Exhale\n|-damage|p2a: Exhale|28\/100\n|move|p2a: Exhale|Lava Plume|p1a: Clefable\n|-damage|p1a: Clefable|63\/100 brn\n|\n|-weather|SunnyDay|[upkeep]\n|-heal|p1a: Clefable|70\/100 brn|[from] item: Leftovers\n|upkeep\n|turn|37\n|inactive|3d & Spencer has 120 seconds left.\n|inactive|shraider&arty has 30 seconds left.\n|inactive|shraider&arty has 20 seconds left.\n|\n|t:|1700424728\n|move|p1a: Clefable|Moonblast|p2a: Exhale\n|-resisted|p2a: Exhale\n|-damage|p2a: Exhale|10\/100\n|move|p2a: Exhale|Lava Plume|p1a: Clefable\n|-damage|p1a: Clefable|47\/100 brn\n|\n|-weather|SunnyDay|[upkeep]\n|-heal|p1a: Clefable|53\/100 brn|[from] item: Leftovers\n|upkeep\n|turn|38\n|inactive|shraider&arty has 30 seconds left this turn.\n|inactive|3d & Spencer has 120 seconds left.\n|\n|t:|1700424734\n|move|p1a: Clefable|Moonlight|p1a: Clefable\n|-heal|p1a: Clefable|100\/100 brn\n|move|p2a: Exhale|Lava Plume|p1a: Clefable\n|-damage|p1a: Clefable|80\/100 brn\n|\n|-weather|SunnyDay|[upkeep]\n|-heal|p1a: Clefable|87\/100 brn|[from] item: Leftovers\n|upkeep\n|turn|39\n|\n|t:|1700424741\n|move|p1a: Clefable|Moonblast|p2a: Exhale\n|-resisted|p2a: Exhale\n|-damage|p2a: Exhale|0 fnt\n|faint|p2a: Exhale\n|\n|-weather|none\n|-heal|p1a: Clefable|93\/100 brn|[from] item: Leftovers\n|upkeep\n|\n|t:|1700424743\n|switch|p2a: Awake|Walking Wake|39\/100\n|turn|40\n|\n|t:|1700424750\n|move|p2a: Awake|Hydro Steam|p1a: Clefable\n|-damage|p1a: Clefable|39\/100 brn\n|move|p1a: Clefable|Moonblast|p2a: Awake\n|-supereffective|p2a: Awake\n|-damage|p2a: Awake|0 fnt\n|faint|p2a: Awake\n|-end|p2a: Awake|Protosynthesis|[silent]\n|\n|win|3d & Spencer\n|c|\u26063d & Spencer|gg\n|c|\u2606shraider&arty|gg\n|c|\u26063d & Spencer|what tier next?\n|c|\u2606shraider&arty|ss\n|c|\u26063d & Spencer|alright\n|player|p2|shraider&arty|102\n","uploadtime":1700424751,"views":38,"p1id":"3dspencer","p2id":"shraiderarty","formatid":"gen9ubers","rating":0,"private":0,"password":""}