{"id":"smogtours-gen9ubers-731297","p1":"Skyrio&Joya","p2":"blundstar","format":"[Gen 9] Ubers","log":"|inactive|Battle timer is ON: inactive players will automatically lose when time's up.\n|t:|1700343377\n|gametype|singles\n|player|p1|Skyrio&Joya|#fcl10samurott|\n|player|p2|blundstar|1|\n|teamsize|p1|6\n|teamsize|p2|6\n|gen|9\n|tier|[Gen 9] Ubers\n|rule|Sleep Clause Mod: Limit one foe put to sleep\n|rule|Species Clause: Limit one of each Pok\u00e9mon\n|rule|OHKO Clause: OHKO moves are banned\n|rule|Evasion Items Clause: Evasion items are banned\n|rule|Evasion Moves Clause: Evasion moves are banned\n|rule|Endless Battle Clause: Forcing endless battles is banned\n|rule|HP Percentage Mod: HP is shown in percentages\n|clearpoke\n|poke|p1|Rillaboom, F|\n|poke|p1|Sneasler, F|\n|poke|p1|Heatran, F|\n|poke|p1|Great Tusk|\n|poke|p1|Manaphy|\n|poke|p1|Dragapult, M|\n|poke|p2|Ribombee, F|\n|poke|p2|Manaphy|\n|poke|p2|Gholdengo|\n|poke|p2|Enamorus, F|\n|poke|p2|Dragonite, M|\n|poke|p2|Sneasler, M|\n|teampreview\n|inactive|Skyrio&Joya also wants the timer to be on.\n|c|\u2606Skyrio&Joya|Hf\n|c|\u2606blundstar|u2\n|inactive|Skyrio&Joya has 270 seconds left.\n|inactive|blundstar has 270 seconds left.\n|\n|t:|1700343418\n|start\n|switch|p1a: Heatran|Heatran, F|100\/100\n|switch|p2a: Ribombee|Ribombee, F|100\/100\n|-item|p1a: Heatran|Air Balloon\n|turn|1\n|\n|t:|1700343426\n|move|p2a: Ribombee|Sticky Web|p1a: Heatran\n|-sidestart|p1: Skyrio&Joya|move: Sticky Web\n|move|p1a: Heatran|Stealth Rock|p2a: Ribombee\n|-sidestart|p2: blundstar|move: Stealth Rock\n|\n|upkeep\n|turn|2\n|\n|t:|1700343439\n|move|p2a: Ribombee|Moonblast|p1a: Heatran\n|-resisted|p1a: Heatran\n|-damage|p1a: Heatran|90\/100\n|-enditem|p1a: Heatran|Air Balloon\n|move|p1a: Heatran|Magma Storm|p2a: Ribombee\n|-supereffective|p2a: Ribombee\n|-enditem|p2a: Ribombee|Focus Sash\n|-damage|p2a: Ribombee|1\/100\n|-activate|p2a: Ribombee|move: Magma Storm|[of] p1a: Heatran\n|\n|-damage|p2a: Ribombee|0 fnt|[from] move: Magma Storm|[partiallytrapped]\n|faint|p2a: Ribombee\n|upkeep\n|\n|t:|1700343463\n|switch|p2a: Manaphy|Manaphy|100\/100\n|-damage|p2a: Manaphy|88\/100|[from] Stealth Rock\n|turn|3\n|\n|t:|1700343490\n|move|p2a: Manaphy|Tail Glow|p2a: Manaphy\n|-boost|p2a: Manaphy|spa|3\n|move|p1a: Heatran|Will-O-Wisp|p2a: Manaphy|[miss]\n|-miss|p1a: Heatran|p2a: Manaphy\n|\n|-heal|p2a: Manaphy|94\/100|[from] item: Leftovers\n|upkeep\n|turn|4\n|inactive|Skyrio&Joya has 270 seconds left.\n|inactive|blundstar has 270 seconds left.\n|\n|t:|1700343529\n|-terastallize|p1a: Heatran|Grass\n|move|p2a: Manaphy|Scald|p1a: Heatran\n|-resisted|p1a: Heatran\n|-damage|p1a: Heatran|55\/100\n|move|p1a: Heatran|Will-O-Wisp|p2a: Manaphy\n|-status|p2a: Manaphy|brn\n|\n|-heal|p2a: Manaphy|100\/100 brn|[from] item: Leftovers\n|-damage|p2a: Manaphy|94\/100 brn|[from] brn\n|upkeep\n|turn|5\n|inactive|blundstar has 270 seconds left.\n|\n|t:|1700343547\n|move|p2a: Manaphy|Acid Armor|p2a: Manaphy\n|-boost|p2a: Manaphy|def|2\n|move|p1a: Heatran|Earth Power|p2a: Manaphy\n|-damage|p2a: Manaphy|66\/100 brn\n|\n|-heal|p2a: Manaphy|72\/100 brn|[from] item: Leftovers\n|-damage|p2a: Manaphy|66\/100 brn|[from] brn\n|upkeep\n|turn|6\n|\n|t:|1700343552\n|move|p2a: Manaphy|Stored Power|p1a: Heatran\n|-damage|p1a: Heatran|0 fnt\n|faint|p1a: Heatran\n|\n|-heal|p2a: Manaphy|72\/100 brn|[from] item: Leftovers\n|-damage|p2a: Manaphy|66\/100 brn|[from] brn\n|upkeep\n|\n|t:|1700343557\n|switch|p1a: Dragapult|Dragapult, M|100\/100\n|-activate|p1a: Dragapult|move: Sticky Web\n|-fail|p1a: Dragapult|unboost|[from] ability: Clear Body|[of] p1a: Dragapult\n|turn|7\n|inactive|blundstar has 270 seconds left.\n|\n|t:|1700343581\n|move|p1a: Dragapult|Hex|p2a: Manaphy\n|-damage|p2a: Manaphy|20\/100 brn\n|move|p2a: Manaphy|Stored Power|p1a: Dragapult\n|-damage|p1a: Dragapult|11\/100\n|\n|-heal|p2a: Manaphy|26\/100 brn|[from] item: Leftovers\n|-damage|p2a: Manaphy|20\/100 brn|[from] brn\n|upkeep\n|turn|8\n|inactive|blundstar has 270 seconds left.\n|\n|t:|1700343595\n|move|p1a: Dragapult|Hex|p2a: Manaphy\n|-damage|p2a: Manaphy|0 fnt\n|faint|p2a: Manaphy\n|\n|upkeep\n|inactive|blundstar has 270 seconds left.\n|\n|t:|1700343609\n|switch|p2a: Enamorus|Enamorus, F|100\/100\n|-damage|p2a: Enamorus|76\/100|[from] Stealth Rock\n|turn|9\n|inactive|blundstar has 270 seconds left.\n|inactive|Skyrio&Joya has 270 seconds left.\n|inactive|Skyrio&Joya has 240 seconds left.\n|inactive|Skyrio&Joya has 210 seconds left.\n|\n|t:|1700343700\n|move|p1a: Dragapult|Curse|p2a: Enamorus\n|-start|p2a: Enamorus|Curse|[of] p1a: Dragapult\n|-damage|p1a: Dragapult|0 fnt\n|faint|p1a: Dragapult\n|move|p2a: Enamorus|Draining Kiss|p1: Dragapult|[notarget]\n|-fail|p2a: Enamorus\n|\n|-damage|p2a: Enamorus|51\/100|[from] Curse\n|upkeep\n|inactive|Skyrio&Joya has 180 seconds left.\n|\n|t:|1700343725\n|switch|p1a: Manaphy|Manaphy|100\/100\n|-activate|p1a: Manaphy|move: Sticky Web\n|-unboost|p1a: Manaphy|spe|1\n|turn|10\n|inactive|Skyrio&Joya has 180 seconds left.\n|\n|t:|1700343762\n|move|p2a: Enamorus|Moonblast|p1a: Manaphy\n|-damage|p1a: Manaphy|29\/100\n|-damage|p2a: Enamorus|41\/100|[from] item: Life Orb\n|move|p1a: Manaphy|Surf|p2a: Enamorus\n|-damage|p2a: Enamorus|0 fnt\n|faint|p2a: Enamorus\n|\n|upkeep\n|inactive|blundstar has 270 seconds left.\n|\n|t:|1700343790\n|switch|p2a: Gholdengo|Gholdengo|100\/100\n|-damage|p2a: Gholdengo|94\/100|[from] Stealth Rock\n|-item|p2a: Gholdengo|Air Balloon\n|turn|11\n|inactive|Skyrio&Joya has 150 seconds left.\n|inactive|blundstar has 240 seconds left.\n|inactive|Skyrio&Joya has 120 seconds left.\n|\n|t:|1700343854\n|move|p2a: Gholdengo|Nasty Plot|p2a: Gholdengo\n|-boost|p2a: Gholdengo|spa|2\n|move|p1a: Manaphy|Surf|p2a: Gholdengo\n|-damage|p2a: Gholdengo|41\/100\n|-enditem|p2a: Gholdengo|Air Balloon\n|\n|upkeep\n|turn|12\n|\n|t:|1700343861\n|move|p2a: Gholdengo|Shadow Ball|p1a: Manaphy\n|-damage|p1a: Manaphy|0 fnt\n|faint|p1a: Manaphy\n|\n|upkeep\n|\n|t:|1700343865\n|switch|p1a: Rillaboom|Rillaboom, F|100\/100\n|-activate|p1a: Rillaboom|move: Sticky Web\n|-unboost|p1a: Rillaboom|spe|1\n|-fieldstart|move: Grassy Terrain|[from] ability: Grassy Surge|[of] p1a: Rillaboom\n|turn|13\n|\n|t:|1700343869\n|move|p1a: Rillaboom|Grassy Glide|p2a: Gholdengo\n|-resisted|p2a: Gholdengo\n|-damage|p2a: Gholdengo|10\/100\n|move|p2a: Gholdengo|Make It Rain|p1a: Rillaboom\n|-crit|p1a: Rillaboom\n|-damage|p1a: Rillaboom|0 fnt\n|-unboost|p2a: Gholdengo|spa|1\n|faint|p1a: Rillaboom\n|\n|-heal|p2a: Gholdengo|16\/100|[from] Grassy Terrain\n|upkeep\n|\n|t:|1700343880\n|switch|p1a: Sneasler|Sneasler, F|100\/100\n|-activate|p1a: Sneasler|move: Sticky Web\n|-unboost|p1a: Sneasler|spe|1\n|-enditem|p1a: Sneasler|Grassy Seed\n|-boost|p1a: Sneasler|def|1|[from] item: Grassy Seed\n|turn|14\n|\n|t:|1700343886\n|move|p1a: Sneasler|Shadow Claw|p2a: Gholdengo\n|-supereffective|p2a: Gholdengo\n|-crit|p2a: Gholdengo\n|-damage|p2a: Gholdengo|0 fnt\n|faint|p2a: Gholdengo\n|\n|upkeep\n|\n|t:|1700343900\n|switch|p2a: Dragonite|Dragonite, M|100\/100\n|-damage|p2a: Dragonite|76\/100|[from] Stealth Rock\n|turn|15\n|inactive|Skyrio&Joya has 150 seconds left.\n|inactive|blundstar has 240 seconds left.\n|\n|t:|1700343943\n|move|p1a: Sneasler|Dire Claw|p2a: Dragonite\n|-crit|p2a: Dragonite\n|-damage|p2a: Dragonite|6\/100\n|-status|p2a: Dragonite|psn\n|move|p2a: Dragonite|Dragon Dance|p2a: Dragonite\n|-boost|p2a: Dragonite|atk|1\n|-boost|p2a: Dragonite|spe|1\n|\n|-damage|p2a: Dragonite|0 fnt|[from] psn\n|faint|p2a: Dragonite\n|upkeep\n|\n|t:|1700343950\n|switch|p2a: Sneasler|Sneasler, M|100\/100\n|-damage|p2a: Sneasler|95\/100|[from] Stealth Rock\n|turn|16\n|inactive|Skyrio&Joya has 150 seconds left.\n|inactive|Skyrio&Joya has 120 seconds left.\n|\n|t:|1700343997\n|move|p1a: Sneasler|Dire Claw|p2a: Sneasler\n|-resisted|p2a: Sneasler\n|-damage|p2a: Sneasler|55\/100\n|-status|p2a: Sneasler|slp\n|cant|p2a: Sneasler|slp\n|\n|-heal|p2a: Sneasler|61\/100 slp|[from] Grassy Terrain\n|upkeep\n|turn|17\n|inactive|Skyrio&Joya has 120 seconds left.\n|\n|t:|1700344007\n|move|p1a: Sneasler|Dire Claw|p2a: Sneasler\n|-resisted|p2a: Sneasler\n|-damage|p2a: Sneasler|24\/100 slp\n|-curestatus|p2a: Sneasler|slp|[msg]\n|move|p2a: Sneasler|Dire Claw|p1a: Sneasler\n|-resisted|p1a: Sneasler\n|-damage|p1a: Sneasler|67\/100\n|-status|p1a: Sneasler|slp\n|-damage|p2a: Sneasler|14\/100|[from] item: Life Orb\n|\n|-heal|p1a: Sneasler|73\/100 slp|[from] Grassy Terrain\n|-heal|p2a: Sneasler|20\/100|[from] Grassy Terrain\n|-fieldend|move: Grassy Terrain\n|upkeep\n|turn|18\n|inactive|blundstar has 240 seconds left.\n|inactive|Skyrio&Joya has 120 seconds left.\n|\n|t:|1700344046\n|switch|p1a: Great Tusk|Great Tusk|100\/100\n|-activate|p1a: Great Tusk|move: Sticky Web\n|-unboost|p1a: Great Tusk|spe|1\n|-enditem|p1a: Great Tusk|Booster Energy\n|-activate|p1a: Great Tusk|ability: Protosynthesis|[fromitem]\n|-start|p1a: Great Tusk|protosynthesisatk\n|move|p2a: Sneasler|Shadow Claw|p1a: Great Tusk\n|-damage|p1a: Great Tusk|82\/100\n|-damage|p2a: Sneasler|10\/100|[from] item: Life Orb\n|\n|upkeep\n|turn|19\n|inactive|Skyrio&Joya has 120 seconds left.\n|\n|t:|1700344058\n|-terastallize|p2a: Sneasler|Ice\n|move|p2a: Sneasler|Tera Blast|p1a: Great Tusk|[anim] Tera Blast Ice\n|-supereffective|p1a: Great Tusk\n|-damage|p1a: Great Tusk|16\/100\n|-damage|p2a: Sneasler|0 fnt|[from] item: Life Orb\n|faint|p2a: Sneasler\n|\n|win|Skyrio&Joya\n|c|\u2606Skyrio&Joya|gg\n|c|\u2606blundstar|gg\n","uploadtime":1700344059,"views":49,"p1id":"skyriojoya","p2id":"blundstar","formatid":"gen9ubers","rating":0,"private":0,"password":""}