{"id":"smogtours-gen9ubers-731737","p1":"TrosKith","p2":"tier + fc","format":"[Gen 9] Ubers","log":"|inactive|Battle timer is ON: inactive players will automatically lose when time's up.\n|t:|1700428399\n|gametype|singles\n|player|p1|TrosKith|ballguy|\n|player|p2|tier + fc|101|\n|teamsize|p1|6\n|teamsize|p2|6\n|gen|9\n|tier|[Gen 9] Ubers\n|rule|Sleep Clause Mod: Limit one foe put to sleep\n|rule|Species Clause: Limit one of each Pok\u00e9mon\n|rule|OHKO Clause: OHKO moves are banned\n|rule|Evasion Items Clause: Evasion items are banned\n|rule|Evasion Moves Clause: Evasion moves are banned\n|rule|Endless Battle Clause: Forcing endless battles is banned\n|rule|HP Percentage Mod: HP is shown in percentages\n|clearpoke\n|poke|p1|Clefable, M|\n|poke|p1|Ting-Lu|\n|poke|p1|Dragapult, F|\n|poke|p1|Gliscor, F|\n|poke|p1|Iron Valiant|\n|poke|p1|Corviknight, F|\n|poke|p2|Greninja-*, M|\n|poke|p2|Dragonite, M|\n|poke|p2|Dragapult, M|\n|poke|p2|Great Tusk|\n|poke|p2|Rillaboom, M|\n|poke|p2|Sneasler, M|\n|teampreview\n|c|\u2606tier + fc|hf\n|c|\u2606TrosKith|u2\n|inactive|TrosKith has 270 seconds left.\n|inactive|tier + fc has 270 seconds left.\n|c|+Phxo'|LETS GO KITH\n|inactive|TrosKith has 240 seconds left.\n|inactive|tier + fc has 240 seconds left.\n|c|%Beka|LGI KITH\n|inactive|TrosKith has 210 seconds left.\n|c|+guille14|MaleKoN\n|inactive|TrosKith has 180 seconds left.\n|\n|t:|1700428538\n|start\n|switch|p1a: Dragapult|Dragapult, F|100\/100\n|switch|p2a: Rillaboom|Rillaboom, M|100\/100\n|-fieldstart|move: Grassy Terrain|[from] ability: Grassy Surge|[of] p2a: Rillaboom\n|turn|1\n|inactive|tier + fc has 270 seconds left.\n|inactive|TrosKith has 210 seconds left.\n|inactive|tier + fc has 240 seconds left.\n|\n|t:|1700428586\n|move|p1a: Dragapult|Will-O-Wisp|p2a: Rillaboom\n|-status|p2a: Rillaboom|brn\n|move|p2a: Rillaboom|U-turn|p1a: Dragapult\n|-resisted|p1a: Dragapult\n|-damage|p1a: Dragapult|87\/100\n|inactive|tier + fc has 240 seconds left.\n|\n|t:|1700428601\n|switch|p2a: Dragapult|Dragapult, M|100\/100|[from] U-turn\n|\n|-heal|p1a: Dragapult|93\/100|[from] Grassy Terrain\n|upkeep\n|turn|2\n|inactive|tier + fc has 240 seconds left.\n|inactive|TrosKith has 210 seconds left.\n|inactive|TrosKith has 180 seconds left.\n|inactive|TrosKith has 150 seconds left.\n|\n|t:|1700428682\n|move|p2a: Dragapult|Will-O-Wisp|p1a: Dragapult\n|-status|p1a: Dragapult|brn\n|move|p1a: Dragapult|Draco Meteor|p2a: Dragapult\n|-supereffective|p2a: Dragapult\n|-enditem|p2a: Dragapult|Focus Sash\n|-damage|p2a: Dragapult|1\/100\n|-unboost|p1a: Dragapult|spa|2\n|\n|-heal|p2a: Dragapult|7\/100|[from] Grassy Terrain\n|-heal|p1a: Dragapult|99\/100 brn|[from] Grassy Terrain\n|-damage|p1a: Dragapult|93\/100 brn|[from] brn\n|upkeep\n|turn|3\n|inactive|TrosKith has 150 seconds left.\n|\n|t:|1700428697\n|switch|p1a: Ting-Lu|Ting-Lu|100\/100\n|-ability|p1a: Ting-Lu|Vessel of Ruin\n|move|p2a: Dragapult|Will-O-Wisp|p1a: Ting-Lu\n|-status|p1a: Ting-Lu|brn\n|\n|-heal|p2a: Dragapult|13\/100|[from] Grassy Terrain\n|-damage|p1a: Ting-Lu|94\/100 brn|[from] brn\n|upkeep\n|turn|4\n|inactive|TrosKith has 150 seconds left.\n|\n|t:|1700428705\n|switch|p2a: Great Tusk|Great Tusk|100\/100\n|move|p1a: Ting-Lu|Spikes|p2a: Great Tusk\n|-sidestart|p2: tier + fc|Spikes\n|\n|-heal|p1a: Ting-Lu|100\/100 brn|[from] Grassy Terrain\n|-damage|p1a: Ting-Lu|94\/100 brn|[from] brn\n|upkeep\n|turn|5\n|inactive|TrosKith has 150 seconds left.\n|inactive|TrosKith has 120 seconds left.\n|\n|t:|1700428765\n|switch|p1a: Corviknight|Corviknight, F|100\/100\n|-ability|p1a: Corviknight|Pressure\n|move|p2a: Great Tusk|Stealth Rock|p1a: Corviknight\n|-sidestart|p1: TrosKith|move: Stealth Rock\n|\n|-fieldend|move: Grassy Terrain\n|upkeep\n|turn|6\n|\n|t:|1700428772\n|move|p2a: Great Tusk|Rapid Spin|p1a: Corviknight\n|-resisted|p1a: Corviknight\n|-damage|p1a: Corviknight|95\/100\n|-boost|p2a: Great Tusk|spe|1\n|-sideend|p2: tier + fc|Spikes|[from] move: Rapid Spin|[of] p2a: Great Tusk\n|move|p1a: Corviknight|Iron Defense|p1a: Corviknight\n|-boost|p1a: Corviknight|def|2\n|\n|-heal|p1a: Corviknight|100\/100|[from] item: Leftovers\n|upkeep\n|turn|7\n|inactive|tier + fc has 210 seconds left.\n|inactive|TrosKith has 90 seconds left.\n|\n|t:|1700428815\n|-end|p2a: Great Tusk|Protosynthesis|[silent]\n|switch|p2a: Dragapult|Dragapult, M|13\/100\n|move|p1a: Corviknight|U-turn|p2a: Dragapult\n|-resisted|p2a: Dragapult\n|-damage|p2a: Dragapult|3\/100\n|\n|t:|1700428836\n|switch|p1a: Gliscor|Gliscor, F|100\/100|[from] U-turn\n|-damage|p1a: Gliscor|88\/100|[from] Stealth Rock\n|\n|-status|p1a: Gliscor|tox|[from] item: Toxic Orb\n|upkeep\n|turn|8\n|inactive|tier + fc has 210 seconds left.\n|\n|t:|1700428850\n|move|p2a: Dragapult|Hex|p1a: Gliscor\n|-damage|p1a: Gliscor|37\/100 tox\n|move|p1a: Gliscor|Knock Off|p2a: Dragapult\n|-supereffective|p2a: Dragapult\n|-damage|p2a: Dragapult|0 fnt\n|faint|p2a: Dragapult\n|\n|-heal|p1a: Gliscor|50\/100 tox|[from] ability: Poison Heal\n|upkeep\n|\n|t:|1700428856\n|switch|p2a: Greninja|Greninja, M|100\/100\n|turn|9\n|inactive|tier + fc has 210 seconds left.\n|inactive|TrosKith has 60 seconds left.\n|\n|t:|1700428900\n|move|p1a: Gliscor|Protect|p1a: Gliscor\n|-singleturn|p1a: Gliscor|Protect\n|move|p2a: Greninja|Surf|p1a: Gliscor\n|-activate|p1a: Gliscor|move: Protect\n|\n|-heal|p1a: Gliscor|62\/100 tox|[from] ability: Poison Heal\n|upkeep\n|turn|10\n|inactive|TrosKith has 30 seconds left.\n|inactive|tier + fc has 180 seconds left.\n|inactive|TrosKith has 20 seconds left.\n|inactive|TrosKith has 15 seconds left.\n|\n|t:|1700428947\n|-terastallize|p1a: Gliscor|Normal\n|move|p2a: Greninja|Ice Beam|p1a: Gliscor\n|-damage|p1a: Gliscor|32\/100 tox\n|-damage|p2a: Greninja|91\/100|[from] item: Life Orb\n|move|p1a: Gliscor|Facade|p2a: Greninja\n|-damage|p2a: Greninja|15\/100\n|\n|-heal|p1a: Gliscor|44\/100 tox|[from] ability: Poison Heal\n|upkeep\n|turn|11\n|inactive|TrosKith has 25 seconds left this turn.\n|inactive|TrosKith has 20 seconds left.\n|inactive|tier + fc has 180 seconds left.\n|inactive|TrosKith has 15 seconds left.\n|\n|t:|1700428958\n|move|p1a: Gliscor|Protect|p1a: Gliscor\n|-singleturn|p1a: Gliscor|Protect\n|move|p2a: Greninja|Surf|p1a: Gliscor\n|-activate|p1a: Gliscor|move: Protect\n|\n|-heal|p1a: Gliscor|57\/100 tox|[from] ability: Poison Heal\n|upkeep\n|turn|12\n|inactive|TrosKith has 25 seconds left this turn.\n|inactive|TrosKith has 20 seconds left.\n|inactive|tier + fc has 180 seconds left.\n|c|\u2606TrosKith|test\n|\n|t:|1700428987\n|move|p2a: Greninja|Dark Pulse|p1a: Gliscor\n|-damage|p1a: Gliscor|14\/100 tox\n|-damage|p2a: Greninja|5\/100|[from] item: Life Orb\n|move|p1a: Gliscor|Facade|p2a: Greninja\n|-damage|p2a: Greninja|0 fnt\n|faint|p2a: Greninja\n|\n|-heal|p1a: Gliscor|26\/100 tox|[from] ability: Poison Heal\n|upkeep\n|inactive|TrosKith has 25 seconds left this turn.\n|inactive|tier + fc has 150 seconds left.\n|\n|t:|1700429018\n|switch|p2a: Dragonite|Dragonite, M|100\/100\n|turn|13\n|inactive|TrosKith has 30 seconds left.\n|\n|t:|1700429030\n|switch|p1a: Ting-Lu|Ting-Lu|94\/100 brn\n|-ability|p1a: Ting-Lu|Vessel of Ruin\n|move|p2a: Dragonite|Dragon Dance|p2a: Dragonite\n|-boost|p2a: Dragonite|atk|1\n|-boost|p2a: Dragonite|spe|1\n|\n|-damage|p1a: Ting-Lu|88\/100 brn|[from] brn\n|upkeep\n|turn|14\n|inactive|tier + fc has 150 seconds left.\n|\n|t:|1700429040\n|move|p2a: Dragonite|Earthquake|p1a: Ting-Lu\n|-damage|p1a: Ting-Lu|55\/100 brn\n|move|p1a: Ting-Lu|Whirlwind|p2a: Dragonite\n|drag|p2a: Sneasler|Sneasler, M|100\/100\n|\n|-damage|p1a: Ting-Lu|49\/100 brn|[from] brn\n|upkeep\n|turn|15\n|inactive|tier + fc has 150 seconds left.\n|inactive|TrosKith has 30 seconds left.\n|inactive|TrosKith has 20 seconds left.\n|inactive|tier + fc has 120 seconds left.\n|\n|t:|1700429087\n|move|p2a: Sneasler|Swords Dance|p2a: Sneasler\n|-boost|p2a: Sneasler|atk|2\n|move|p1a: Ting-Lu|Ruination|p2a: Sneasler\n|-damage|p2a: Sneasler|51\/100\n|\n|-damage|p1a: Ting-Lu|43\/100 brn|[from] brn\n|upkeep\n|turn|16\n|inactive|TrosKith has 30 seconds left this turn.\n|inactive|TrosKith has 20 seconds left.\n|inactive|TrosKith has 15 seconds left.\n|\n|t:|1700429103\n|move|p2a: Sneasler|Close Combat|p1a: Ting-Lu\n|-supereffective|p1a: Ting-Lu\n|-damage|p1a: Ting-Lu|0 fnt\n|-unboost|p2a: Sneasler|def|1\n|-unboost|p2a: Sneasler|spd|1\n|faint|p1a: Ting-Lu\n|\n|upkeep\n|inactive|TrosKith has 20 seconds left this turn.\n|inactive|TrosKith has 15 seconds left.\n|inactive|TrosKith has 10 seconds left.\n|\n|t:|1700429113\n|switch|p1a: Dragapult|Dragapult, F|93\/100 brn\n|turn|17\n|inactive|TrosKith has 20 seconds left this turn.\n|inactive|TrosKith has 15 seconds left.\n|\n|t:|1700429120\n|switch|p2a: Rillaboom|Rillaboom, M|100\/100 brn\n|-fieldstart|move: Grassy Terrain|[from] ability: Grassy Surge|[of] p2a: Rillaboom\n|move|p1a: Dragapult|U-turn|p2a: Rillaboom\n|-supereffective|p2a: Rillaboom\n|-damage|p2a: Rillaboom|81\/100 brn\n|inactive|TrosKith has 20 seconds left this turn.\n|inactive|TrosKith has 15 seconds left.\n|\n|t:|1700429129\n|switch|p1a: Corviknight|Corviknight, F|100\/100|[from] U-turn\n|-damage|p1a: Corviknight|88\/100|[from] Stealth Rock\n|-ability|p1a: Corviknight|Pressure\n|\n|-heal|p2a: Rillaboom|87\/100 brn|[from] Grassy Terrain\n|-heal|p1a: Corviknight|94\/100|[from] item: Leftovers\n|-damage|p2a: Rillaboom|81\/100 brn|[from] brn\n|upkeep\n|turn|18\n|inactive|TrosKith has 25 seconds left this turn.\n|inactive|tier + fc has 150 seconds left.\n|\n|t:|1700429139\n|move|p2a: Rillaboom|U-turn|p1a: Corviknight\n|-resisted|p1a: Corviknight\n|-crit|p1a: Corviknight\n|-damage|p1a: Corviknight|90\/100\n|inactive|TrosKith has 30 seconds left this turn.\n|\n|t:|1700429140\n|switch|p2a: Dragonite|Dragonite, M|100\/100|[from] U-turn\n|move|p1a: Corviknight|Iron Defense|p1a: Corviknight\n|-boost|p1a: Corviknight|def|2\n|\n|-heal|p1a: Corviknight|96\/100|[from] item: Leftovers\n|upkeep\n|turn|19\n|\n|t:|1700429149\n|switch|p1a: Clefable|Clefable, M|100\/100\n|move|p2a: Dragonite|Encore||[still]\n|-fail|p2a: Dragonite\n|\n|upkeep\n|turn|20\n|inactive|tier + fc has 150 seconds left.\n|inactive|TrosKith has 30 seconds left.\n|\n|t:|1700429198\n|switch|p2a: Great Tusk|Great Tusk|100\/100\n|move|p1a: Clefable|Moonblast|p2a: Great Tusk\n|-supereffective|p2a: Great Tusk\n|-damage|p2a: Great Tusk|10\/100\n|-unboost|p2a: Great Tusk|spa|1\n|\n|-heal|p2a: Great Tusk|16\/100|[from] Grassy Terrain\n|upkeep\n|turn|21\n|inactive|TrosKith has 30 seconds left.\n|\n|t:|1700429212\n|switch|p1a: Corviknight|Corviknight, F|96\/100\n|-damage|p1a: Corviknight|84\/100|[from] Stealth Rock\n|-ability|p1a: Corviknight|Pressure\n|move|p2a: Great Tusk|Ice Spinner|p1a: Corviknight\n|-damage|p1a: Corviknight|66\/100\n|-fieldend|move: Grassy Terrain\n|\n|-heal|p1a: Corviknight|72\/100|[from] item: Leftovers\n|upkeep\n|turn|22\n|\n|t:|1700429221\n|move|p2a: Great Tusk|Close Combat|p1a: Corviknight\n|-damage|p1a: Corviknight|35\/100\n|-unboost|p2a: Great Tusk|def|1\n|-unboost|p2a: Great Tusk|spd|1\n|move|p1a: Corviknight|Iron Defense|p1a: Corviknight\n|-boost|p1a: Corviknight|def|2\n|\n|-heal|p1a: Corviknight|41\/100|[from] item: Leftovers\n|upkeep\n|turn|23\n|\n|t:|1700429227\n|-end|p2a: Great Tusk|Protosynthesis|[silent]\n|switch|p2a: Dragonite|Dragonite, M|100\/100\n|move|p1a: Corviknight|Roost|p1a: Corviknight\n|-heal|p1a: Corviknight|91\/100\n|-singleturn|p1a: Corviknight|move: Roost\n|\n|-heal|p1a: Corviknight|97\/100|[from] item: Leftovers\n|upkeep\n|turn|24\n|inactive|tier + fc has 150 seconds left.\n|\n|t:|1700429251\n|switch|p1a: Clefable|Clefable, M|100\/100\n|move|p2a: Dragonite|Dragon Dance|p2a: Dragonite\n|-boost|p2a: Dragonite|atk|1\n|-boost|p2a: Dragonite|spe|1\n|\n|upkeep\n|turn|25\n|inactive|tier + fc has 150 seconds left.\n|\n|t:|1700429265\n|-terastallize|p2a: Dragonite|Flying\n|move|p2a: Dragonite|Dragon Dance|p2a: Dragonite\n|-boost|p2a: Dragonite|atk|1\n|-boost|p2a: Dragonite|spe|1\n|move|p1a: Clefable|Thunder Wave|p2a: Dragonite\n|-status|p2a: Dragonite|par\n|\n|upkeep\n|turn|26\n|inactive|tier + fc has 150 seconds left.\n|\n|t:|1700429284\n|move|p2a: Dragonite|Encore|p1a: Clefable\n|-start|p1a: Clefable|Encore\n|move|p1a: Clefable|Thunder Wave|p2a: Dragonite\n|-fail|p2a: Dragonite|par\n|\n|upkeep\n|turn|27\n|\n|t:|1700429301\n|switch|p1a: Corviknight|Corviknight, F|97\/100\n|-damage|p1a: Corviknight|85\/100|[from] Stealth Rock\n|-ability|p1a: Corviknight|Pressure\n|move|p2a: Dragonite|Dragon Dance|p2a: Dragonite\n|-boost|p2a: Dragonite|atk|1\n|-boost|p2a: Dragonite|spe|1\n|\n|-heal|p1a: Corviknight|91\/100|[from] item: Leftovers\n|upkeep\n|turn|28\n|inactive|tier + fc has 150 seconds left.\n|\n|t:|1700429307\n|cant|p2a: Dragonite|par\n|move|p1a: Corviknight|Iron Defense|p1a: Corviknight\n|-boost|p1a: Corviknight|def|2\n|\n|-heal|p1a: Corviknight|97\/100|[from] item: Leftovers\n|upkeep\n|turn|29\n|inactive|tier + fc has 150 seconds left.\n|\n|t:|1700429320\n|cant|p2a: Dragonite|par\n|move|p1a: Corviknight|Body Press|p2a: Dragonite\n|-resisted|p2a: Dragonite\n|-damage|p2a: Dragonite|87\/100 par\n|\n|-heal|p2a: Dragonite|93\/100 par|[from] item: Leftovers\n|-heal|p1a: Corviknight|100\/100|[from] item: Leftovers\n|upkeep\n|turn|30\n|inactive|TrosKith has 60 seconds left.\n|\n|t:|1700429331\n|move|p2a: Dragonite|Encore|p1a: Corviknight\n|-start|p1a: Corviknight|Encore\n|move|p1a: Corviknight|Body Press|p2a: Dragonite\n|-resisted|p2a: Dragonite\n|-damage|p2a: Dragonite|63\/100 par\n|\n|-heal|p2a: Dragonite|69\/100 par|[from] item: Leftovers\n|upkeep\n|turn|31\n|\n|t:|1700429333\n|cant|p2a: Dragonite|par\n|move|p1a: Corviknight|Body Press|p2a: Dragonite\n|-resisted|p2a: Dragonite\n|-damage|p2a: Dragonite|41\/100 par\n|\n|-heal|p2a: Dragonite|47\/100 par|[from] item: Leftovers\n|upkeep\n|turn|32\n|\n|t:|1700429337\n|move|p2a: Dragonite|Tera Blast|p1a: Corviknight|[anim] Tera Blast Flying\n|-resisted|p1a: Corviknight\n|-damage|p1a: Corviknight|76\/100\n|move|p1a: Corviknight|Body Press|p2a: Dragonite\n|-resisted|p2a: Dragonite\n|-damage|p2a: Dragonite|20\/100 par\n|\n|-heal|p2a: Dragonite|26\/100 par|[from] item: Leftovers\n|-heal|p1a: Corviknight|82\/100|[from] item: Leftovers\n|-end|p1a: Corviknight|Encore\n|upkeep\n|turn|33\n|inactive|tier + fc has 180 seconds left.\n|\n|t:|1700429355\n|move|p2a: Dragonite|Tera Blast|p1a: Corviknight|[anim] Tera Blast Flying\n|-resisted|p1a: Corviknight\n|-damage|p1a: Corviknight|58\/100\n|move|p1a: Corviknight|Body Press|p2a: Dragonite\n|-resisted|p2a: Dragonite\n|-damage|p2a: Dragonite|0 fnt\n|faint|p2a: Dragonite\n|\n|-heal|p1a: Corviknight|64\/100|[from] item: Leftovers\n|upkeep\n|inactive|tier + fc has 180 seconds left.\n|\n|t:|1700429378\n|switch|p2a: Rillaboom|Rillaboom, M|81\/100 brn\n|-fieldstart|move: Grassy Terrain|[from] ability: Grassy Surge|[of] p2a: Rillaboom\n|turn|34\n|\n|t:|1700429381\n|move|p2a: Rillaboom|U-turn|p1a: Corviknight\n|-resisted|p1a: Corviknight\n|-damage|p1a: Corviknight|63\/100\n|\n|t:|1700429383\n|switch|p2a: Great Tusk|Great Tusk|16\/100|[from] U-turn\n|move|p1a: Corviknight|Iron Defense|p1a: Corviknight\n|-boost|p1a: Corviknight|def|2\n|\n|-heal|p2a: Great Tusk|22\/100|[from] Grassy Terrain\n|-heal|p1a: Corviknight|69\/100|[from] item: Leftovers\n|upkeep\n|turn|35\n|inactive|TrosKith has 90 seconds left.\n|\n|t:|1700429398\n|move|p2a: Great Tusk|Close Combat|p1a: Corviknight\n|-damage|p1a: Corviknight|57\/100\n|-unboost|p2a: Great Tusk|def|1\n|-unboost|p2a: Great Tusk|spd|1\n|move|p1a: Corviknight|Roost|p1a: Corviknight\n|-heal|p1a: Corviknight|100\/100\n|-singleturn|p1a: Corviknight|move: Roost\n|\n|-heal|p2a: Great Tusk|28\/100|[from] Grassy Terrain\n|upkeep\n|turn|36\n|inactive|TrosKith has 90 seconds left.\n|\n|t:|1700429425\n|-end|p2a: Great Tusk|Protosynthesis|[silent]\n|switch|p2a: Sneasler|Sneasler, M|51\/100\n|-enditem|p2a: Sneasler|Grassy Seed\n|-boost|p2a: Sneasler|def|1|[from] item: Grassy Seed\n|move|p1a: Corviknight|Iron Defense|p1a: Corviknight\n|-boost|p1a: Corviknight|def|2\n|\n|-heal|p2a: Sneasler|57\/100|[from] Grassy Terrain\n|upkeep\n|turn|37\n|\n|t:|1700429433\n|move|p2a: Sneasler|Swords Dance|p2a: Sneasler\n|-boost|p2a: Sneasler|atk|2\n|move|p1a: Corviknight|Body Press|p2a: Sneasler\n|-resisted|p2a: Sneasler\n|-damage|p2a: Sneasler|0 fnt\n|faint|p2a: Sneasler\n|\n|upkeep\n|c|\u2606tier + fc|gg\n|-message|tier + fc forfeited.\n|\n|win|TrosKith\n|c|\u2606TrosKith|gg\n|c|\u2606tier + fc|that para was fucked\n|c|\u2606TrosKith|thats why we clicked it\n","uploadtime":1700429439,"views":29,"p1id":"troskith","p2id":"tierfc","formatid":"gen9ubers","rating":0,"private":0,"password":""}