{"id":"smogtours-gen9ubers-731697","p1":"M Dragon","p2":"SOULWIND","format":"[Gen 9] Ubers","log":"|inactive|Battle timer is ON: inactive players will automatically lose when time's up.\n|t:|1700426083\n|gametype|singles\n|player|p1|M Dragon|266|\n|player|p2|SOULWIND|#wcop2023spain2|\n|teamsize|p1|6\n|teamsize|p2|6\n|gen|9\n|tier|[Gen 9] Ubers\n|rule|Sleep Clause Mod: Limit one foe put to sleep\n|rule|Species Clause: Limit one of each Pok\u00e9mon\n|rule|OHKO Clause: OHKO moves are banned\n|rule|Evasion Items Clause: Evasion items are banned\n|rule|Evasion Moves Clause: Evasion moves are banned\n|rule|Endless Battle Clause: Forcing endless battles is banned\n|rule|HP Percentage Mod: HP is shown in percentages\n|clearpoke\n|poke|p1|Glimmora, F|\n|poke|p1|Rayquaza|\n|poke|p1|Miraidon|\n|poke|p1|Koraidon|\n|poke|p1|Zacian-*|\n|poke|p1|Arceus-Ground|\n|poke|p2|Koraidon|\n|poke|p2|Flutter Mane|\n|poke|p2|Arceus-Ground|\n|poke|p2|Zacian-*|\n|poke|p2|Giratina-Origin|\n|poke|p2|Groudon|\n|teampreview\n|inactive|M Dragon has 270 seconds left.\n|inactive|SOULWIND has 270 seconds left.\n|inactive|SOULWIND has 240 seconds left.\n|c|+EG Jhonx|tour?\n|\n|t:|1700426148\n|start\n|switch|p1a: Glimmora|Glimmora, F|100\/100\n|switch|p2a: Arceus|Arceus-Ground|100\/100\n|turn|1\n|\n|t:|1700426159\n|move|p2a: Arceus|Judgment|p1a: Glimmora\n|-supereffective|p1a: Glimmora\n|-enditem|p1a: Glimmora|Focus Sash\n|-damage|p1a: Glimmora|1\/100\n|move|p1a: Glimmora|Mortal Spin|p2a: Arceus\n|-resisted|p2a: Arceus\n|-damage|p2a: Arceus|98\/100\n|-status|p2a: Arceus|psn\n|\n|-damage|p2a: Arceus|86\/100 psn|[from] psn\n|upkeep\n|turn|2\n|inactive|M Dragon has 270 seconds left.\n|\n|t:|1700426192\n|switch|p1a: Koraidon|Koraidon|100\/100\n|-weather|SunnyDay|[from] ability: Orichalcum Pulse|[of] p1a: Koraidon\n|-activate|p1a: Koraidon|Orichalcum Pulse|[source]\n|move|p2a: Arceus|Ice Beam|p1a: Koraidon\n|-supereffective|p1a: Koraidon\n|-damage|p1a: Koraidon|48\/100\n|\n|-weather|SunnyDay|[upkeep]\n|-heal|p1a: Koraidon|54\/100|[from] item: Leftovers\n|-damage|p2a: Arceus|74\/100 psn|[from] psn\n|upkeep\n|turn|3\n|inactive|SOULWIND has 270 seconds left.\n|\n|t:|1700426229\n|move|p1a: Koraidon|Flame Charge|p2a: Arceus\n|-damage|p2a: Arceus|54\/100 psn\n|-boost|p1a: Koraidon|spe|1\n|move|p2a: Arceus|Judgment|p1a: Koraidon\n|-damage|p1a: Koraidon|8\/100\n|\n|-weather|SunnyDay|[upkeep]\n|-heal|p1a: Koraidon|15\/100|[from] item: Leftovers\n|-damage|p2a: Arceus|41\/100 psn|[from] psn\n|upkeep\n|turn|4\n|inactive|SOULWIND has 270 seconds left.\n|inactive|SOULWIND has 240 seconds left.\n|\n|t:|1700426265\n|switch|p2a: Giratina|Giratina-Origin|100\/100\n|move|p1a: Koraidon|Dragon Claw|p2a: Giratina\n|-supereffective|p2a: Giratina\n|-damage|p2a: Giratina|6\/100\n|\n|-weather|SunnyDay|[upkeep]\n|-heal|p1a: Koraidon|21\/100|[from] item: Leftovers\n|upkeep\n|turn|5\n|inactive|M Dragon has 270 seconds left.\n|inactive|M Dragon has 240 seconds left.\n|\n|t:|1700426325\n|switch|p1a: Glimmora|Glimmora, F|1\/100\n|move|p2a: Giratina|Shadow Sneak|p1a: Glimmora\n|-damage|p1a: Glimmora|0 fnt\n|-activate|p1a: Glimmora|ability: Toxic Debris\n|-sidestart|p2: SOULWIND|move: Toxic Spikes\n|faint|p1a: Glimmora\n|\n|-weather|SunnyDay|[upkeep]\n|upkeep\n|\n|t:|1700426334\n|switch|p1a: Miraidon|Miraidon|100\/100\n|-fieldstart|move: Electric Terrain|[from] ability: Hadron Engine|[of] p1a: Miraidon\n|turn|6\n|\n|t:|1700426340\n|move|p2a: Giratina|Shadow Sneak|p1a: Miraidon\n|-damage|p1a: Miraidon|75\/100\n|move|p1a: Miraidon|Electro Drift|p2a: Giratina\n|-resisted|p2a: Giratina\n|-damage|p2a: Giratina|0 fnt\n|faint|p2a: Giratina\n|\n|-weather|none\n|-heal|p1a: Miraidon|81\/100|[from] item: Leftovers\n|upkeep\n|inactive|SOULWIND has 240 seconds left.\n|\n|t:|1700426375\n|switch|p2a: Zacian|Zacian-Crowned|100\/100\n|-ability|p2a: Zacian|Intrepid Sword|boost\n|-boost|p2a: Zacian|atk|1\n|turn|7\n|\n|t:|1700426383\n|move|p2a: Zacian|Swords Dance|p2a: Zacian\n|-boost|p2a: Zacian|atk|2\n|move|p1a: Miraidon|Electro Drift|p2a: Zacian\n|-damage|p2a: Zacian|20\/100\n|\n|-heal|p1a: Miraidon|87\/100|[from] item: Leftovers\n|upkeep\n|turn|8\n|\n|t:|1700426392\n|switch|p1a: Koraidon|Koraidon|21\/100\n|-weather|SunnyDay|[from] ability: Orichalcum Pulse|[of] p1a: Koraidon\n|-activate|p1a: Koraidon|Orichalcum Pulse|[source]\n|move|p2a: Zacian|Play Rough|p1a: Koraidon\n|-supereffective|p1a: Koraidon\n|-damage|p1a: Koraidon|0 fnt\n|faint|p1a: Koraidon\n|\n|-weather|SunnyDay|[upkeep]\n|upkeep\n|\n|t:|1700426398\n|switch|p1a: Zacian|Zacian-Crowned|100\/100\n|-ability|p1a: Zacian|Intrepid Sword|boost\n|-boost|p1a: Zacian|atk|1\n|turn|9\n|\n|t:|1700426404\n|-terastallize|p1a: Zacian|Steel\n|move|p1a: Zacian|Behemoth Blade|p2a: Zacian\n|-damage|p2a: Zacian|0 fnt\n|faint|p2a: Zacian\n|\n|-weather|SunnyDay|[upkeep]\n|upkeep\n|inactive|SOULWIND has 240 seconds left.\n|inactive|SOULWIND has 210 seconds left.\n|\n|t:|1700426472\n|switch|p2a: Groudon|Groudon|100\/100\n|-status|p2a: Groudon|psn\n|turn|10\n|inactive|M Dragon has 270 seconds left.\n|\n|t:|1700426479\n|switch|p1a: Rayquaza|Rayquaza|100\/100\n|-ability|p1a: Rayquaza|Air Lock\n|move|p2a: Groudon|Stealth Rock|p1a: Rayquaza\n|-sidestart|p1: M Dragon|move: Stealth Rock\n|\n|-weather|SunnyDay|[upkeep]\n|-damage|p2a: Groudon|88\/100 psn|[from] psn\n|-fieldend|move: Electric Terrain\n|upkeep\n|turn|11\n|inactive|SOULWIND has 210 seconds left.\n|\n|t:|1700426495\n|switch|p2a: Arceus|Arceus-Ground|41\/100 psn\n|move|p1a: Rayquaza|Dragon Ascent|p2a: Arceus\n|-damage|p2a: Arceus|0 fnt\n|-unboost|p1a: Rayquaza|def|1\n|-unboost|p1a: Rayquaza|spd|1\n|faint|p2a: Arceus\n|\n|-weather|SunnyDay|[upkeep]\n|upkeep\n|\n|t:|1700426499\n|switch|p2a: Koraidon|Koraidon|100\/100\n|-status|p2a: Koraidon|psn\n|turn|12\n|\n|t:|1700426507\n|switch|p1a: Miraidon|Miraidon|87\/100\n|-damage|p1a: Miraidon|75\/100|[from] Stealth Rock\n|-fieldstart|move: Electric Terrain|[from] ability: Hadron Engine|[of] p1a: Miraidon\n|move|p2a: Koraidon|U-turn|p1a: Miraidon\n|-damage|p1a: Miraidon|44\/100\n|inactive|SOULWIND has 210 seconds left.\n|\n|t:|1700426518\n|switch|p2a: Flutter Mane|Flutter Mane|100\/100|[from] U-turn\n|-status|p2a: Flutter Mane|psn\n|-activate|p2a: Flutter Mane|ability: Protosynthesis\n|-start|p2a: Flutter Mane|protosynthesisspe\n|\n|-weather|none\n|-end|p2a: Flutter Mane|Protosynthesis\n|-heal|p1a: Miraidon|50\/100|[from] item: Leftovers\n|-damage|p2a: Flutter Mane|88\/100 psn|[from] psn\n|upkeep\n|turn|13\n|inactive|SOULWIND has 210 seconds left.\n|\n|t:|1700426541\n|move|p2a: Flutter Mane|Shadow Ball|p1a: Miraidon\n|-damage|p1a: Miraidon|0 fnt\n|faint|p1a: Miraidon\n|\n|-damage|p2a: Flutter Mane|76\/100 psn|[from] psn\n|upkeep\n|\n|t:|1700426555\n|switch|p1a: Zacian|Zacian-Crowned, tera:Steel|100\/100\n|-damage|p1a: Zacian|94\/100|[from] Stealth Rock\n|turn|14\n|inactive|SOULWIND has 210 seconds left.\n|\n|t:|1700426560\n|-end|p2a: Flutter Mane|Protosynthesis|[silent]\n|switch|p2a: Groudon|Groudon|88\/100 psn\n|-weather|SunnyDay|[from] ability: Drought|[of] p2a: Groudon\n|move|p1a: Zacian|Behemoth Blade|p2a: Groudon\n|-damage|p2a: Groudon|48\/100 psn\n|\n|-weather|SunnyDay|[upkeep]\n|-heal|p2a: Groudon|54\/100 psn|[from] item: Leftovers\n|-damage|p2a: Groudon|41\/100 psn|[from] psn\n|upkeep\n|turn|15\n|inactive|SOULWIND has 210 seconds left.\n|inactive|SOULWIND has 180 seconds left.\n|\n|t:|1700426601\n|switch|p1a: Rayquaza|Rayquaza|100\/100\n|-damage|p1a: Rayquaza|76\/100|[from] Stealth Rock\n|-ability|p1a: Rayquaza|Air Lock\n|-terastallize|p2a: Groudon|Fire\n|move|p2a: Groudon|Lava Plume|p1a: Rayquaza\n|-resisted|p1a: Rayquaza\n|-damage|p1a: Rayquaza|61\/100\n|\n|-weather|SunnyDay|[upkeep]\n|-heal|p2a: Groudon|48\/100 psn|[from] item: Leftovers\n|-damage|p2a: Groudon|35\/100 psn|[from] psn\n|upkeep\n|turn|16\n|inactive|SOULWIND has 180 seconds left.\n|\n|t:|1700426630\n|move|p1a: Rayquaza|Dragon Ascent|p2a: Groudon\n|-damage|p2a: Groudon|0 fnt\n|-unboost|p1a: Rayquaza|def|1\n|-unboost|p1a: Rayquaza|spd|1\n|faint|p2a: Groudon\n|\n|-weather|SunnyDay|[upkeep]\n|-fieldend|move: Electric Terrain\n|upkeep\n|inactive|SOULWIND has 150 seconds left.\n|\n|t:|1700426667\n|switch|p2a: Flutter Mane|Flutter Mane|76\/100 psn\n|turn|17\n|\n|t:|1700426690\n|switch|p1a: Zacian|Zacian-Crowned, tera:Steel|94\/100\n|-damage|p1a: Zacian|88\/100|[from] Stealth Rock\n|move|p2a: Flutter Mane|Shadow Ball|p1a: Zacian\n|-damage|p1a: Zacian|29\/100\n|\n|-weather|SunnyDay|[upkeep]\n|-damage|p2a: Flutter Mane|63\/100 psn|[from] psn\n|upkeep\n|turn|18\n|inactive|M Dragon has 270 seconds left.\n|\n|t:|1700426737\n|move|p1a: Zacian|Behemoth Blade|p2a: Flutter Mane\n|-supereffective|p2a: Flutter Mane\n|-damage|p2a: Flutter Mane|0 fnt\n|faint|p2a: Flutter Mane\n|-end|p2a: Flutter Mane|Protosynthesis|[silent]\n|\n|-weather|none\n|upkeep\n|inactive|SOULWIND has 120 seconds left.\n|\n|t:|1700426770\n|switch|p2a: Koraidon|Koraidon|100\/100 psn\n|-weather|SunnyDay|[from] ability: Orichalcum Pulse|[of] p2a: Koraidon\n|-activate|p2a: Koraidon|Orichalcum Pulse|[source]\n|turn|19\n|inactive|SOULWIND has 120 seconds left.\n|\n|t:|1700426802\n|move|p2a: Koraidon|Low Kick|p1a: Zacian\n|-supereffective|p1a: Zacian\n|-damage|p1a: Zacian|0 fnt\n|faint|p1a: Zacian\n|\n|-weather|SunnyDay|[upkeep]\n|-damage|p2a: Koraidon|88\/100 psn|[from] psn\n|upkeep\n|\n|t:|1700426818\n|switch|p1a: Rayquaza|Rayquaza|61\/100\n|-damage|p1a: Rayquaza|36\/100|[from] Stealth Rock\n|-ability|p1a: Rayquaza|Air Lock\n|turn|20\n|\n|t:|1700426824\n|move|p2a: Koraidon|Low Kick|p1a: Rayquaza\n|-resisted|p1a: Rayquaza\n|-damage|p1a: Rayquaza|4\/100\n|move|p1a: Rayquaza|Dragon Ascent|p2a: Koraidon\n|-supereffective|p2a: Koraidon\n|-damage|p2a: Koraidon|0 fnt\n|-unboost|p1a: Rayquaza|def|1\n|-unboost|p1a: Rayquaza|spd|1\n|faint|p2a: Koraidon\n|\n|win|M Dragon\n|c|\u2606M Dragon|gg\n|c|\u2606SOULWIND|gg\n","uploadtime":1700426825,"views":270,"p1id":"mdragon","p2id":"soulwind","formatid":"gen9ubers","rating":0,"private":0,"password":""}