{"id":"smogtours-gen9ubers-731566","p1":"arm & sorciere","p2":"2HBlooby","format":"[Gen 9] Ubers","log":"|inactive|Battle timer is ON: inactive players will automatically lose when time's up.\n|t:|1700417055\n|gametype|singles\n|player|p1|arm & sorciere|169|\n|player|p2|2HBlooby|#npl2022ballermannbierbaren|\n|teamsize|p1|6\n|teamsize|p2|6\n|gen|9\n|tier|[Gen 9] Ubers\n|rule|Sleep Clause Mod: Limit one foe put to sleep\n|rule|Species Clause: Limit one of each Pok\u00e9mon\n|rule|OHKO Clause: OHKO moves are banned\n|rule|Evasion Items Clause: Evasion items are banned\n|rule|Evasion Moves Clause: Evasion moves are banned\n|rule|Endless Battle Clause: Forcing endless battles is banned\n|rule|HP Percentage Mod: HP is shown in percentages\n|clearpoke\n|poke|p1|Gliscor, F|\n|poke|p1|Clefable, M|\n|poke|p1|Skeledirge, F|\n|poke|p1|Samurott-Hisui, F|\n|poke|p1|Zamazenta-*|\n|poke|p1|Zapdos|\n|poke|p2|Ting-Lu|\n|poke|p2|Gliscor, F|\n|poke|p2|Ogerpon-Wellspring, F|\n|poke|p2|Dragonite, F|\n|poke|p2|Zamazenta-*|\n|poke|p2|Gholdengo|\n|teampreview\n|c|\u26062HBlooby|hf\n|inactive|arm & sorciere has 270 seconds left.\n|inactive|2HBlooby has 270 seconds left.\n|c|\u2606arm & sorciere|hf\n|inactive|2HBlooby has 240 seconds left.\n|\n|t:|1700417128\n|start\n|switch|p1a: Clefable|Clefable, M|100\/100\n|switch|p2a: Gliscor|Gliscor, F|100\/100\n|turn|1\n|inactive|arm & sorciere has 270 seconds left.\n|inactive|2HBlooby has 270 seconds left.\n|\n|t:|1700417174\n|move|p2a: Gliscor|Spikes|p1a: Clefable\n|-sidestart|p1: arm & sorciere|Spikes\n|move|p1a: Clefable|Stealth Rock|p2a: Gliscor\n|-sidestart|p2: 2HBlooby|move: Stealth Rock\n|\n|-status|p2a: Gliscor|tox|[from] item: Toxic Orb\n|upkeep\n|turn|2\n|inactive|arm & sorciere has 270 seconds left.\n|\n|t:|1700417202\n|move|p2a: Gliscor|Spikes|p1a: Clefable\n|-sidestart|p1: arm & sorciere|Spikes\n|move|p1a: Clefable|Moonblast|p2a: Gliscor\n|-damage|p2a: Gliscor|63\/100 tox\n|-unboost|p2a: Gliscor|spa|1\n|\n|-heal|p2a: Gliscor|75\/100 tox|[from] ability: Poison Heal\n|upkeep\n|turn|3\n|inactive|2HBlooby has 270 seconds left.\n|\n|t:|1700417219\n|switch|p1a: Zapdos|Zapdos|100\/100\n|move|p2a: Gliscor|U-turn|p1a: Zapdos\n|-resisted|p1a: Zapdos\n|-damage|p1a: Zapdos|94\/100\n|inactive|2HBlooby has 270 seconds left.\n|\n|t:|1700417226\n|switch|p2a: Ting-Lu|Ting-Lu|100\/100|[from] U-turn\n|-damage|p2a: Ting-Lu|94\/100|[from] Stealth Rock\n|-ability|p2a: Ting-Lu|Vessel of Ruin\n|\n|-heal|p2a: Ting-Lu|100\/100|[from] item: Leftovers\n|upkeep\n|turn|4\n|\n|t:|1700417246\n|switch|p1a: Samurott|Samurott-Hisui, F|100\/100\n|move|p2a: Ting-Lu|Stealth Rock|p1a: Samurott\n|-sidestart|p1: arm & sorciere|move: Stealth Rock\n|\n|upkeep\n|turn|5\n|inactive|2HBlooby has 270 seconds left.\n|\n|t:|1700417261\n|move|p1a: Samurott|Ceaseless Edge|p2a: Ting-Lu\n|-resisted|p2a: Ting-Lu\n|-damage|p2a: Ting-Lu|87\/100\n|-sidestart|p2: 2HBlooby|Spikes\n|move|p2a: Ting-Lu|Earthquake|p1a: Samurott\n|-damage|p1a: Samurott|50\/100\n|\n|-heal|p2a: Ting-Lu|93\/100|[from] item: Leftovers\n|upkeep\n|turn|6\n|inactive|2HBlooby has 270 seconds left.\n|\n|t:|1700417280\n|move|p1a: Samurott|Aqua Cutter|p2a: Ting-Lu\n|-supereffective|p2a: Ting-Lu\n|-damage|p2a: Ting-Lu|38\/100\n|move|p2a: Ting-Lu|Earthquake|p1a: Samurott\n|-damage|p1a: Samurott|1\/100\n|\n|-heal|p2a: Ting-Lu|44\/100|[from] item: Leftovers\n|upkeep\n|turn|7\n|inactive|2HBlooby has 270 seconds left.\n|\n|t:|1700417299\n|switch|p2a: Dragonite|Dragonite, F|100\/100\n|move|p1a: Samurott|Ceaseless Edge|p2a: Dragonite\n|-damage|p2a: Dragonite|77\/100\n|-sidestart|p2: 2HBlooby|Spikes\n|\n|upkeep\n|turn|8\n|inactive|arm & sorciere has 240 seconds left.\n|\n|t:|1700417314\n|switch|p1a: Clefable|Clefable, M|100\/100\n|move|p2a: Dragonite|Extreme Speed|p1a: Clefable\n|-damage|p1a: Clefable|76\/100\n|\n|upkeep\n|turn|9\n|inactive|2HBlooby has 270 seconds left.\n|inactive|arm & sorciere has 240 seconds left.\n|\n|t:|1700417339\n|switch|p2a: Gliscor|Gliscor, F|75\/100 tox\n|-damage|p2a: Gliscor|63\/100 tox|[from] Stealth Rock\n|move|p1a: Clefable|Knock Off|p2a: Gliscor\n|-damage|p2a: Gliscor|53\/100 tox\n|-enditem|p2a: Gliscor|Toxic Orb|[from] move: Knock Off|[of] p1a: Clefable\n|\n|-heal|p2a: Gliscor|65\/100 tox|[from] ability: Poison Heal\n|upkeep\n|turn|10\n|inactive|arm & sorciere has 240 seconds left.\n|\n|t:|1700417352\n|move|p2a: Gliscor|Spikes|p1a: Clefable\n|-sidestart|p1: arm & sorciere|Spikes\n|move|p1a: Clefable|Moonblast|p2a: Gliscor\n|-damage|p2a: Gliscor|28\/100 tox\n|-unboost|p2a: Gliscor|spa|1\n|\n|-heal|p2a: Gliscor|41\/100 tox|[from] ability: Poison Heal\n|upkeep\n|turn|11\n|inactive|arm & sorciere has 240 seconds left.\n|\n|t:|1700417360\n|move|p2a: Gliscor|Toxic|p1a: Clefable\n|-status|p1a: Clefable|tox\n|move|p1a: Clefable|Moonlight|p1a: Clefable\n|-heal|p1a: Clefable|100\/100 tox\n|\n|-heal|p2a: Gliscor|53\/100 tox|[from] ability: Poison Heal\n|upkeep\n|turn|12\n|inactive|2HBlooby has 270 seconds left.\n|\n|t:|1700417370\n|move|p2a: Gliscor|Protect|p2a: Gliscor\n|-singleturn|p2a: Gliscor|Protect\n|move|p1a: Clefable|Moonblast|p2a: Gliscor\n|-activate|p2a: Gliscor|move: Protect\n|\n|-heal|p2a: Gliscor|66\/100 tox|[from] ability: Poison Heal\n|upkeep\n|turn|13\n|inactive|2HBlooby has 270 seconds left.\n|\n|t:|1700417395\n|move|p2a: Gliscor|Toxic|p1a: Clefable\n|-fail|p1a: Clefable|tox\n|move|p1a: Clefable|Moonblast|p2a: Gliscor\n|-crit|p2a: Gliscor\n|-damage|p2a: Gliscor|15\/100 tox\n|\n|-heal|p2a: Gliscor|27\/100 tox|[from] ability: Poison Heal\n|upkeep\n|turn|14\n|\n|t:|1700417405\n|switch|p1a: Samurott|Samurott-Hisui, F|1\/100\n|move|p2a: Gliscor|Protect||[still]\n|-fail|p2a: Gliscor\n|\n|-heal|p2a: Gliscor|40\/100 tox|[from] ability: Poison Heal\n|upkeep\n|turn|15\n|\n|t:|1700417419\n|move|p2a: Gliscor|Protect|p2a: Gliscor\n|-singleturn|p2a: Gliscor|Protect\n|move|p1a: Samurott|Aqua Cutter|p2a: Gliscor\n|-activate|p2a: Gliscor|move: Protect\n|\n|-heal|p2a: Gliscor|52\/100 tox|[from] ability: Poison Heal\n|upkeep\n|turn|16\n|\n|t:|1700417434\n|switch|p2a: Dragonite|Dragonite, F|77\/100\n|move|p1a: Samurott|Ceaseless Edge|p2a: Dragonite\n|-damage|p2a: Dragonite|28\/100\n|-sidestart|p2: 2HBlooby|Spikes\n|\n|upkeep\n|turn|17\n|\n|t:|1700417442\n|switch|p1a: Clefable|Clefable, M|100\/100 tox\n|move|p2a: Dragonite|Roost|p2a: Dragonite\n|-heal|p2a: Dragonite|78\/100\n|-singleturn|p2a: Dragonite|move: Roost\n|\n|upkeep\n|turn|18\n|inactive|2HBlooby has 270 seconds left.\n|inactive|2HBlooby has 240 seconds left.\n|\n|t:|1700417527\n|switch|p2a: Gliscor|Gliscor, F|52\/100 tox\n|-damage|p2a: Gliscor|40\/100 tox|[from] Stealth Rock\n|move|p1a: Clefable|Moonblast|p2a: Gliscor\n|-damage|p2a: Gliscor|4\/100 tox\n|\n|-heal|p2a: Gliscor|16\/100 tox|[from] ability: Poison Heal\n|upkeep\n|turn|19\n|\n|t:|1700417536\n|move|p2a: Gliscor|Protect|p2a: Gliscor\n|-singleturn|p2a: Gliscor|Protect\n|move|p1a: Clefable|Moonblast|p2a: Gliscor\n|-activate|p2a: Gliscor|move: Protect\n|\n|-heal|p2a: Gliscor|29\/100 tox|[from] ability: Poison Heal\n|upkeep\n|turn|20\n|\n|t:|1700417550\n|move|p2a: Gliscor|U-turn|p1a: Clefable\n|-resisted|p1a: Clefable\n|-damage|p1a: Clefable|95\/100 tox\n|\n|t:|1700417551\n|switch|p2a: Gholdengo|Gholdengo|100\/100|[from] U-turn\n|-damage|p2a: Gholdengo|94\/100|[from] Stealth Rock\n|-item|p2a: Gholdengo|Air Balloon\n|move|p1a: Clefable|Moonblast|p2a: Gholdengo\n|-resisted|p2a: Gholdengo\n|-damage|p2a: Gholdengo|79\/100\n|-unboost|p2a: Gholdengo|spa|1\n|-enditem|p2a: Gholdengo|Air Balloon\n|\n|upkeep\n|turn|21\n|inactive|2HBlooby has 240 seconds left.\n|\n|t:|1700417580\n|switch|p1a: Gliscor|Gliscor, F|100\/100\n|-damage|p1a: Gliscor|88\/100|[from] Stealth Rock\n|move|p2a: Gholdengo|Shadow Ball|p1a: Gliscor\n|-damage|p1a: Gliscor|63\/100\n|\n|-status|p1a: Gliscor|tox|[from] item: Toxic Orb\n|upkeep\n|turn|22\n|\n|t:|1700417590\n|switch|p2a: Dragonite|Dragonite, F|78\/100\n|move|p1a: Gliscor|Swords Dance|p1a: Gliscor\n|-boost|p1a: Gliscor|atk|2\n|\n|-heal|p1a: Gliscor|76\/100 tox|[from] ability: Poison Heal\n|upkeep\n|turn|23\n|\n|t:|1700417601\n|move|p1a: Gliscor|Protect|p1a: Gliscor\n|-singleturn|p1a: Gliscor|Protect\n|move|p2a: Dragonite|Encore|p1a: Gliscor\n|-activate|p1a: Gliscor|move: Protect\n|\n|-heal|p1a: Gliscor|88\/100 tox|[from] ability: Poison Heal\n|upkeep\n|turn|24\n|\n|t:|1700417616\n|move|p1a: Gliscor|Facade|p2a: Dragonite\n|-damage|p2a: Dragonite|15\/100\n|move|p2a: Dragonite|Encore|p1a: Gliscor\n|-start|p1a: Gliscor|Encore\n|\n|-heal|p1a: Gliscor|100\/100 tox|[from] ability: Poison Heal\n|upkeep\n|turn|25\n|\n|t:|1700417629\n|switch|p2a: Gliscor|Gliscor, F|29\/100 tox\n|-damage|p2a: Gliscor|16\/100 tox|[from] Stealth Rock\n|switch|p1a: Samurott|Samurott-Hisui, F|1\/100\n|\n|-heal|p2a: Gliscor|29\/100 tox|[from] ability: Poison Heal\n|-damage|p2a: Gliscor|16\/100 tox|[from] item: Sticky Barb\n|upkeep\n|turn|26\n|inactive|arm & sorciere has 240 seconds left.\n|\n|t:|1700417651\n|move|p1a: Samurott|Ceaseless Edge|p2a: Gliscor\n|-damage|p2a: Gliscor|0 fnt\n|faint|p2a: Gliscor\n|\n|upkeep\n|inactive|2HBlooby has 240 seconds left.\n|inactive|2HBlooby has 210 seconds left.\n|\n|t:|1700417696\n|switch|p2a: Zamazenta|Zamazenta, shiny|100\/100\n|-ability|p2a: Zamazenta|Dauntless Shield|boost\n|-boost|p2a: Zamazenta|def|1\n|turn|27\n|inactive|arm & sorciere has 240 seconds left.\n|\n|t:|1700417722\n|switch|p1a: Skeledirge|Skeledirge, F|100\/100\n|move|p2a: Zamazenta|Crunch|p1a: Skeledirge\n|-supereffective|p1a: Skeledirge\n|-damage|p1a: Skeledirge|52\/100\n|-unboost|p1a: Skeledirge|def|1\n|\n|upkeep\n|turn|28\n|inactive|2HBlooby has 210 seconds left.\n|inactive|arm & sorciere has 210 seconds left.\n|\n|t:|1700417768\n|switch|p2a: Dragonite|Dragonite, F|15\/100\n|switch|p1a: Samurott|Samurott-Hisui, F|1\/100\n|\n|upkeep\n|turn|29\n|inactive|arm & sorciere has 210 seconds left.\n|inactive|2HBlooby has 180 seconds left.\n|\n|t:|1700417800\n|switch|p2a: Zamazenta|Zamazenta, shiny|100\/100\n|move|p1a: Samurott|Ceaseless Edge|p2a: Zamazenta\n|-resisted|p2a: Zamazenta\n|-damage|p2a: Zamazenta|79\/100\n|\n|upkeep\n|turn|30\n|inactive|arm & sorciere has 210 seconds left.\n|\n|t:|1700417825\n|switch|p1a: Clefable|Clefable, M|95\/100 tox\n|move|p2a: Zamazenta|Heavy Slam|p1a: Clefable\n|-supereffective|p1a: Clefable\n|-damage|p1a: Clefable|31\/100 tox\n|\n|upkeep\n|turn|31\n|inactive|2HBlooby has 150 seconds left.\n|\n|t:|1700417853\n|switch|p1a: Samurott|Samurott-Hisui, F|1\/100\n|move|p2a: Zamazenta|Heavy Slam|p1a: Samurott\n|-resisted|p1a: Samurott\n|-damage|p1a: Samurott|0 fnt\n|faint|p1a: Samurott\n|\n|upkeep\n|inactive|arm & sorciere has 180 seconds left.\n|\n|t:|1700417889\n|switch|p1a: Zapdos|Zapdos|94\/100\n|turn|32\n|inactive|2HBlooby has 150 seconds left.\n|inactive|2HBlooby has 120 seconds left.\n|inactive|2HBlooby has 90 seconds left.\n|inactive|2HBlooby has 60 seconds left.\n|\n|t:|1700417992\n|switch|p2a: Ting-Lu|Ting-Lu|44\/100\n|-damage|p2a: Ting-Lu|38\/100|[from] Stealth Rock\n|-damage|p2a: Ting-Lu|13\/100|[from] Spikes\n|-ability|p2a: Ting-Lu|Vessel of Ruin\n|move|p1a: Zapdos|Hurricane|p2a: Ting-Lu|[miss]\n|-miss|p1a: Zapdos|p2a: Ting-Lu\n|\n|-heal|p2a: Ting-Lu|19\/100|[from] item: Leftovers\n|upkeep\n|turn|33\n|inactive|2HBlooby has 60 seconds left.\n|\n|t:|1700418006\n|move|p1a: Zapdos|Hurricane|p2a: Ting-Lu\n|-damage|p2a: Ting-Lu|0 fnt\n|faint|p2a: Ting-Lu\n|\n|upkeep\n|inactive|2HBlooby has 60 seconds left.\n|inactive|2HBlooby has 30 seconds left.\n|\n|t:|1700418047\n|switch|p2a: Dragonite|Dragonite, F|15\/100\n|turn|34\n|inactive|arm & sorciere has 180 seconds left.\n|\n|t:|1700418072\n|move|p2a: Dragonite|Extreme Speed|p1a: Zapdos\n|-damage|p1a: Zapdos|64\/100\n|-status|p2a: Dragonite|par|[from] ability: Static|[of] p1a: Zapdos\n|move|p1a: Zapdos|Volt Switch|p2a: Dragonite\n|-damage|p2a: Dragonite|0 fnt\n|faint|p2a: Dragonite\n|\n|t:|1700418082\n|switch|p1a: Zamazenta|Zamazenta|100\/100|[from] Volt Switch\n|-ability|p1a: Zamazenta|Dauntless Shield|boost\n|-boost|p1a: Zamazenta|def|1\n|\n|upkeep\n|inactive|2HBlooby has 30 seconds left.\n|inactive|2HBlooby has 20 seconds left.\n|\n|t:|1700418110\n|switch|p2a: Gholdengo|Gholdengo|79\/100\n|-damage|p2a: Gholdengo|73\/100|[from] Stealth Rock\n|-damage|p2a: Gholdengo|48\/100|[from] Spikes\n|turn|35\n|inactive|2HBlooby has 30 seconds left this turn.\n|inactive|2HBlooby has 20 seconds left.\n|\n|t:|1700418123\n|move|p1a: Zamazenta|Crunch|p2a: Gholdengo\n|-supereffective|p2a: Gholdengo\n|-damage|p2a: Gholdengo|0 fnt\n|faint|p2a: Gholdengo\n|\n|upkeep\n|inactive|2HBlooby has 25 seconds left this turn.\n|inactive|2HBlooby has 20 seconds left.\n|\n|t:|1700418130\n|switch|p2a: Zamazenta|Zamazenta, shiny|79\/100\n|turn|36\n|inactive|2HBlooby has 30 seconds left this turn.\n|inactive|arm & sorciere has 180 seconds left.\n|\n|t:|1700418143\n|move|p1a: Zamazenta|Close Combat|p2a: Zamazenta\n|-damage|p2a: Zamazenta|21\/100\n|-unboost|p1a: Zamazenta|def|1\n|-unboost|p1a: Zamazenta|spd|1\n|move|p2a: Zamazenta|Ice Fang|p1a: Zamazenta\n|-damage|p1a: Zamazenta|78\/100\n|\n|upkeep\n|turn|37\n|inactive|arm & sorciere has 180 seconds left.\n|\n|t:|1700418152\n|move|p2a: Zamazenta|Close Combat|p1a: Zamazenta\n|-damage|p1a: Zamazenta|15\/100\n|-unboost|p2a: Zamazenta|def|1\n|-unboost|p2a: Zamazenta|spd|1\n|move|p1a: Zamazenta|Close Combat|p2a: Zamazenta\n|-damage|p2a: Zamazenta|0 fnt\n|-unboost|p1a: Zamazenta|def|1\n|-unboost|p1a: Zamazenta|spd|1\n|faint|p2a: Zamazenta\n|\n|upkeep\n|\n|t:|1700418154\n|switch|p2a: Ogerpon|Ogerpon-Wellspring, F|100\/100\n|-damage|p2a: Ogerpon|88\/100|[from] Stealth Rock\n|-damage|p2a: Ogerpon|63\/100|[from] Spikes\n|turn|38\n|\n|t:|1700418167\n|move|p1a: Zamazenta|Close Combat|p2a: Ogerpon\n|-damage|p2a: Ogerpon|0 fnt\n|-unboost|p1a: Zamazenta|def|1\n|-unboost|p1a: Zamazenta|spd|1\n|faint|p2a: Ogerpon\n|\n|win|arm & sorciere\n|c|\u26062HBlooby|gg\n|c|\u2606arm & sorciere|gg\n","uploadtime":1700418168,"views":23,"p1id":"armsorciere","p2id":"2hblooby","formatid":"gen9ubers","rating":0,"private":0,"password":""}