{"id":"smogtours-gen9ubers-732832","p1":"skoma","p2":"Highlord","format":"[Gen 9] Ubers","log":"|inactive|Battle timer is ON: inactive players will automatically lose when time's up.\n|t:|1701037064\n|gametype|singles\n|player|p1|skoma|lucas|\n|player|p2|Highlord|swimmerf-gen4dp|\n|teamsize|p1|6\n|teamsize|p2|6\n|gen|9\n|tier|[Gen 9] Ubers\n|rule|Sleep Clause Mod: Limit one foe put to sleep\n|rule|Species Clause: Limit one of each Pok\u00e9mon\n|rule|OHKO Clause: OHKO moves are banned\n|rule|Evasion Items Clause: Evasion items are banned\n|rule|Evasion Moves Clause: Evasion moves are banned\n|rule|Endless Battle Clause: Forcing endless battles is banned\n|rule|HP Percentage Mod: HP is shown in percentages\n|clearpoke\n|poke|p1|Zacian-*|\n|poke|p1|Koraidon|\n|poke|p1|Eternatus|\n|poke|p1|Arceus-Steel|\n|poke|p1|Gliscor, M|\n|poke|p1|Groudon|\n|poke|p2|Kyogre|\n|poke|p2|Arceus|\n|poke|p2|Landorus-Therian, M|\n|poke|p2|Zacian-*|\n|poke|p2|Miraidon|\n|poke|p2|Ting-Lu|\n|teampreview\n|inactive|skoma also wants the timer to be on.\n|c|\u2606skoma|hf\n|c|+Exiline|big skoom skoom\n|inactive|Highlord has 270 seconds left.\n|c|\u2606skoma|Exiline did u win this week\n|\n|t:|1701037107\n|start\n|switch|p1a: Chisato|Groudon|100\/100\n|switch|p2a: Kyogre|Kyogre|100\/100\n|-weather|RainDance|[from] ability: Drizzle|[of] p2a: Kyogre\n|-weather|SunnyDay|[from] ability: Drought|[of] p1a: Chisato\n|turn|1\n|c|+Exiline|I did\n|c|\u2606skoma|we;; done yungin\n|\n|t:|1701037119\n|move|p2a: Kyogre|Water Spout|p1a: Chisato\n|-supereffective|p1a: Chisato\n|-damage|p1a: Chisato|26\/100\n|move|p1a: Chisato|Stealth Rock|p2a: Kyogre\n|-sidestart|p2: Highlord|move: Stealth Rock\n|\n|-weather|SunnyDay|[upkeep]\n|-heal|p1a: Chisato|32\/100|[from] item: Leftovers\n|upkeep\n|turn|2\n|c|+Exiline|establishing my dominance over the kingdom of FRance\n|\n|t:|1701037127\n|move|p2a: Kyogre|Water Spout|p1a: Chisato\n|-supereffective|p1a: Chisato\n|-damage|p1a: Chisato|0 fnt\n|faint|p1a: Chisato\n|\n|-weather|SunnyDay|[upkeep]\n|upkeep\n|\n|t:|1701037132\n|switch|p1a: Waifu|Zacian-Crowned|100\/100\n|-ability|p1a: Waifu|Intrepid Sword|boost\n|-boost|p1a: Waifu|atk|1\n|turn|3\n|\n|t:|1701037136\n|switch|p2a: Landorus|Landorus-Therian, M|100\/100\n|-damage|p2a: Landorus|88\/100|[from] Stealth Rock\n|-ability|p2a: Landorus|Intimidate|boost\n|-unboost|p1a: Waifu|atk|1\n|move|p1a: Waifu|Swords Dance|p1a: Waifu\n|-boost|p1a: Waifu|atk|2\n|\n|-weather|SunnyDay|[upkeep]\n|upkeep\n|turn|4\n|\n|t:|1701037143\n|-terastallize|p1a: Waifu|Flying\n|move|p1a: Waifu|Swords Dance|p1a: Waifu\n|-boost|p1a: Waifu|atk|2\n|move|p2a: Landorus|U-turn|p1a: Waifu\n|-resisted|p1a: Waifu\n|-damage|p1a: Waifu|90\/100\n|\n|t:|1701037147\n|switch|p2a: Kyogre|Kyogre|100\/100|[from] U-turn\n|-damage|p2a: Kyogre|88\/100|[from] Stealth Rock\n|-weather|RainDance|[from] ability: Drizzle|[of] p2a: Kyogre\n|\n|-weather|RainDance|[upkeep]\n|upkeep\n|turn|5\n|\n|t:|1701037151\n|switch|p1a: Koraidon|Koraidon|100\/100\n|-weather|SunnyDay|[from] ability: Orichalcum Pulse|[of] p1a: Koraidon\n|-activate|p1a: Koraidon|Orichalcum Pulse|[source]\n|move|p2a: Kyogre|Water Spout|p1a: Koraidon\n|-resisted|p1a: Koraidon\n|-damage|p1a: Koraidon|82\/100\n|\n|-weather|SunnyDay|[upkeep]\n|upkeep\n|turn|6\n|\n|t:|1701037157\n|switch|p2a: Landorus|Landorus-Therian, M|88\/100\n|-damage|p2a: Landorus|76\/100|[from] Stealth Rock\n|-ability|p2a: Landorus|Intimidate|boost\n|-unboost|p1a: Koraidon|atk|1\n|move|p1a: Koraidon|U-turn|p2a: Landorus\n|-resisted|p2a: Landorus\n|-damage|p2a: Landorus|68\/100\n|-damage|p1a: Koraidon|66\/100|[from] item: Rocky Helmet|[of] p2a: Landorus\n|\n|t:|1701037162\n|switch|p1a: Eternatus|Eternatus|100\/100|[from] U-turn\n|-ability|p1a: Eternatus|Pressure\n|\n|-weather|SunnyDay|[upkeep]\n|upkeep\n|turn|7\n|\n|t:|1701037166\n|switch|p2a: Ting-Lu|Ting-Lu|100\/100\n|-damage|p2a: Ting-Lu|94\/100|[from] Stealth Rock\n|-ability|p2a: Ting-Lu|Vessel of Ruin\n|move|p1a: Eternatus|Dynamax Cannon|p2a: Ting-Lu\n|-damage|p2a: Ting-Lu|75\/100\n|\n|-weather|SunnyDay|[upkeep]\n|-heal|p2a: Ting-Lu|81\/100|[from] item: Leftovers\n|upkeep\n|turn|8\n|\n|t:|1701037171\n|move|p1a: Eternatus|Toxic|p2a: Ting-Lu\n|-status|p2a: Ting-Lu|tox\n|move|p2a: Ting-Lu|Spikes|p1a: Eternatus\n|-sidestart|p1: skoma|Spikes\n|\n|-weather|SunnyDay|[upkeep]\n|-heal|p2a: Ting-Lu|87\/100 tox|[from] item: Leftovers\n|-damage|p2a: Ting-Lu|81\/100 tox|[from] psn\n|upkeep\n|turn|9\n|\n|t:|1701037175\n|switch|p1a: Gliscor|Gliscor, M|100\/100\n|move|p2a: Ting-Lu|Ruination|p1a: Gliscor\n|-damage|p1a: Gliscor|50\/100\n|\n|-weather|none\n|-heal|p2a: Ting-Lu|87\/100 tox|[from] item: Leftovers\n|-damage|p2a: Ting-Lu|75\/100 tox|[from] psn\n|-status|p1a: Gliscor|tox|[from] item: Toxic Orb\n|upkeep\n|turn|10\n|\n|t:|1701037186\n|switch|p2a: Landorus|Landorus-Therian, M|68\/100\n|-damage|p2a: Landorus|55\/100|[from] Stealth Rock\n|-ability|p2a: Landorus|Intimidate|boost\n|-unboost|p1a: Gliscor|atk|1\n|move|p1a: Gliscor|Toxic|p2a: Landorus\n|-status|p2a: Landorus|tox\n|\n|-damage|p2a: Landorus|49\/100 tox|[from] psn\n|-heal|p1a: Gliscor|63\/100 tox|[from] ability: Poison Heal\n|upkeep\n|turn|11\n|\n|t:|1701037191\n|move|p2a: Landorus|U-turn|p1a: Gliscor\n|-resisted|p1a: Gliscor\n|-damage|p1a: Gliscor|53\/100 tox\n|\n|t:|1701037193\n|switch|p2a: Kyogre|Kyogre|88\/100|[from] U-turn\n|-damage|p2a: Kyogre|76\/100|[from] Stealth Rock\n|-weather|RainDance|[from] ability: Drizzle|[of] p2a: Kyogre\n|move|p1a: Gliscor|Spikes|p2a: Kyogre\n|-sidestart|p2: Highlord|Spikes\n|\n|-weather|RainDance|[upkeep]\n|-heal|p1a: Gliscor|66\/100 tox|[from] ability: Poison Heal\n|upkeep\n|turn|12\n|\n|t:|1701037196\n|move|p1a: Gliscor|Protect|p1a: Gliscor\n|-singleturn|p1a: Gliscor|Protect\n|move|p2a: Kyogre|Water Spout|p1a: Gliscor\n|-activate|p1a: Gliscor|move: Protect\n|\n|-weather|RainDance|[upkeep]\n|-heal|p1a: Gliscor|78\/100 tox|[from] ability: Poison Heal\n|upkeep\n|turn|13\n|\n|t:|1701037200\n|switch|p1a: Eternatus|Eternatus|100\/100\n|-ability|p1a: Eternatus|Pressure\n|move|p2a: Kyogre|Water Spout|p1a: Eternatus\n|-resisted|p1a: Eternatus\n|-damage|p1a: Eternatus|67\/100\n|\n|-weather|RainDance|[upkeep]\n|upkeep\n|turn|14\n|\n|t:|1701037204\n|switch|p2a: Zacian|Zacian-Crowned|100\/100\n|-damage|p2a: Zacian|94\/100|[from] Stealth Rock\n|-damage|p2a: Zacian|82\/100|[from] Spikes\n|-ability|p2a: Zacian|Intrepid Sword|boost\n|-boost|p2a: Zacian|atk|1\n|move|p1a: Eternatus|Dynamax Cannon|p2a: Zacian\n|-immune|p2a: Zacian\n|\n|-weather|RainDance|[upkeep]\n|upkeep\n|turn|15\n|\n|t:|1701037210\n|switch|p1a: Arceus|Arceus-Steel|100\/100\n|-damage|p1a: Arceus|88\/100|[from] Spikes\n|move|p2a: Zacian|Swords Dance|p2a: Zacian\n|-boost|p2a: Zacian|atk|2\n|\n|-weather|none\n|upkeep\n|turn|16\n|\n|t:|1701037213\n|switch|p1a: Waifu|Zacian-Crowned, tera:Flying|90\/100\n|move|p2a: Zacian|Behemoth Blade|p1a: Waifu\n|-damage|p1a: Waifu|0 fnt\n|faint|p1a: Waifu\n|\n|upkeep\n|\n|t:|1701037216\n|switch|p1a: Koraidon|Koraidon|66\/100\n|-damage|p1a: Koraidon|54\/100|[from] Spikes\n|-weather|SunnyDay|[from] ability: Orichalcum Pulse|[of] p1a: Koraidon\n|-activate|p1a: Koraidon|Orichalcum Pulse|[source]\n|turn|17\n|\n|t:|1701037239\n|switch|p2a: Landorus|Landorus-Therian, M|49\/100 tox\n|-damage|p2a: Landorus|37\/100 tox|[from] Stealth Rock\n|-ability|p2a: Landorus|Intimidate|boost\n|-unboost|p1a: Koraidon|atk|1\n|move|p1a: Koraidon|Flare Blitz|p2a: Landorus\n|-damage|p2a: Landorus|0 fnt\n|-damage|p1a: Koraidon|37\/100|[from] item: Rocky Helmet|[of] p2a: Landorus\n|faint|p2a: Landorus\n|-damage|p1a: Koraidon|24\/100|[from] Recoil\n|\n|-weather|SunnyDay|[upkeep]\n|upkeep\n|\n|t:|1701037244\n|switch|p2a: Kyogre|Kyogre|76\/100\n|-damage|p2a: Kyogre|64\/100|[from] Stealth Rock\n|-damage|p2a: Kyogre|51\/100|[from] Spikes\n|-weather|RainDance|[from] ability: Drizzle|[of] p2a: Kyogre\n|turn|18\n|\n|t:|1701037250\n|switch|p1a: Eternatus|Eternatus|67\/100\n|-ability|p1a: Eternatus|Pressure\n|move|p2a: Kyogre|Origin Pulse|p1a: Eternatus\n|-resisted|p1a: Eternatus\n|-damage|p1a: Eternatus|35\/100\n|\n|-weather|RainDance|[upkeep]\n|upkeep\n|turn|19\n|\n|t:|1701037275\n|switch|p1a: Gliscor|Gliscor, M|78\/100 tox\n|-terastallize|p2a: Kyogre|Water\n|move|p2a: Kyogre|Origin Pulse|p1a: Gliscor\n|-supereffective|p1a: Gliscor\n|-damage|p1a: Gliscor|0 fnt\n|faint|p1a: Gliscor\n|\n|-weather|RainDance|[upkeep]\n|upkeep\n|\n|t:|1701037279\n|switch|p1a: Koraidon|Koraidon|24\/100\n|-damage|p1a: Koraidon|11\/100|[from] Spikes\n|-weather|SunnyDay|[from] ability: Orichalcum Pulse|[of] p1a: Koraidon\n|-activate|p1a: Koraidon|Orichalcum Pulse|[source]\n|turn|20\n|\n|t:|1701037285\n|switch|p2a: Ting-Lu|Ting-Lu|75\/100 tox\n|-damage|p2a: Ting-Lu|69\/100 tox|[from] Stealth Rock\n|-damage|p2a: Ting-Lu|56\/100 tox|[from] Spikes\n|-ability|p2a: Ting-Lu|Vessel of Ruin\n|move|p1a: Koraidon|Low Kick|p2a: Ting-Lu\n|-supereffective|p2a: Ting-Lu\n|-damage|p2a: Ting-Lu|0 fnt\n|faint|p2a: Ting-Lu\n|\n|-weather|SunnyDay|[upkeep]\n|upkeep\n|\n|t:|1701037289\n|switch|p2a: Arceus|Arceus|100\/100\n|-damage|p2a: Arceus|88\/100|[from] Stealth Rock\n|-damage|p2a: Arceus|76\/100|[from] Spikes\n|turn|21\n|\n|t:|1701037293\n|move|p2a: Arceus|Extreme Speed|p1a: Koraidon\n|-damage|p1a: Koraidon|0 fnt\n|faint|p1a: Koraidon\n|\n|-weather|SunnyDay|[upkeep]\n|upkeep\n|\n|t:|1701037295\n|switch|p1a: Arceus|Arceus-Steel|88\/100\n|-damage|p1a: Arceus|76\/100|[from] Spikes\n|turn|22\n|\n|t:|1701037301\n|switch|p2a: Kyogre|Kyogre, tera:Water|51\/100\n|-damage|p2a: Kyogre|39\/100|[from] Stealth Rock\n|-damage|p2a: Kyogre|27\/100|[from] Spikes\n|-weather|RainDance|[from] ability: Drizzle|[of] p2a: Kyogre\n|move|p1a: Arceus|Calm Mind|p1a: Arceus\n|-boost|p1a: Arceus|spa|1\n|-boost|p1a: Arceus|spd|1\n|\n|-weather|RainDance|[upkeep]\n|upkeep\n|turn|23\n|c|\u2606skoma|risk the game on missing pulse\n|c|\u2606skoma|STUPID\n|\n|t:|1701037312\n|move|p2a: Kyogre|Origin Pulse|p1a: Arceus\n|-damage|p1a: Arceus|20\/100\n|move|p1a: Arceus|Calm Mind|p1a: Arceus\n|-boost|p1a: Arceus|spa|1\n|-boost|p1a: Arceus|spd|1\n|\n|-weather|RainDance|[upkeep]\n|upkeep\n|turn|24\n|\n|t:|1701037320\n|switch|p2a: Miraidon|Miraidon|100\/100\n|-fieldstart|move: Electric Terrain|[from] ability: Hadron Engine|[of] p2a: Miraidon\n|move|p1a: Arceus|Recover|p1a: Arceus\n|-heal|p1a: Arceus|70\/100\n|\n|-weather|RainDance|[upkeep]\n|upkeep\n|turn|25\n|\n|t:|1701037325\n|move|p2a: Miraidon|Electro Drift|p1a: Arceus\n|-damage|p1a: Arceus|38\/100\n|move|p1a: Arceus|Recover|p1a: Arceus\n|-heal|p1a: Arceus|88\/100\n|\n|-weather|RainDance|[upkeep]\n|upkeep\n|turn|26\n|\n|t:|1701037330\n|move|p2a: Miraidon|Electro Drift|p1a: Arceus\n|-crit|p1a: Arceus\n|-damage|p1a: Arceus|0 fnt\n|faint|p1a: Arceus\n|\n|-weather|none\n|upkeep\n|c|\u2606skoma|gg.\n|-message|skoma forfeited.\n|\n|win|Highlord\n","uploadtime":1701037336,"views":6,"p1id":"skoma","p2id":"highlord","formatid":"gen9ubers","rating":0,"private":0,"password":""}