{"id":"smogtours-gen9ubers-731031","p1":"aberforth","p2":"Inder","format":"[Gen 9] Ubers","log":"|inactive|Battle timer is ON: inactive players will automatically lose when time's up.\n|t:|1700265063\n|gametype|singles\n|player|p1|aberforth|#scl3machines|\n|player|p2|Inder|#uplximelmetal|\n|teamsize|p1|6\n|teamsize|p2|6\n|gen|9\n|tier|[Gen 9] Ubers\n|rule|Sleep Clause Mod: Limit one foe put to sleep\n|rule|Species Clause: Limit one of each Pok\u00e9mon\n|rule|OHKO Clause: OHKO moves are banned\n|rule|Evasion Items Clause: Evasion items are banned\n|rule|Evasion Moves Clause: Evasion moves are banned\n|rule|Endless Battle Clause: Forcing endless battles is banned\n|rule|HP Percentage Mod: HP is shown in percentages\n|clearpoke\n|poke|p1|Ribombee, F|\n|poke|p1|Basculegion, M|\n|poke|p1|Arceus-Ground|\n|poke|p1|Miraidon|\n|poke|p1|Koraidon|\n|poke|p1|Zacian-*|\n|poke|p2|Ribombee, F|\n|poke|p2|Roaring Moon|\n|poke|p2|Arceus|\n|poke|p2|Chien-Pao|\n|poke|p2|Koraidon|\n|poke|p2|Zacian-*|\n|teampreview\n|c|\u2606Inder|hf\n|c|\u2606aberforth|hf\n|inactive|aberforth has 270 seconds left.\n|inactive|Inder has 270 seconds left.\n|\n|t:|1700265106\n|start\n|switch|p1a: Ribombee|Ribombee, F|100\/100\n|switch|p2a: Ribombee|Ribombee, F, shiny|100\/100\n|turn|1\n|\n|t:|1700265117\n|move|p2a: Ribombee|Moonblast|p1a: Ribombee\n|-damage|p1a: Ribombee|36\/100\n|move|p1a: Ribombee|Stun Spore|p2a: Ribombee\n|-status|p2a: Ribombee|par\n|\n|upkeep\n|turn|2\n|\n|t:|1700265123\n|move|p1a: Ribombee|Sticky Web|p2a: Ribombee\n|-sidestart|p2: Inder|move: Sticky Web\n|move|p2a: Ribombee|Sticky Web|p1a: Ribombee\n|-sidestart|p1: aberforth|move: Sticky Web\n|\n|upkeep\n|turn|3\n|\n|t:|1700265129\n|move|p1a: Ribombee|Moonblast|p2a: Ribombee\n|-damage|p2a: Ribombee|32\/100 par\n|move|p2a: Ribombee|Moonblast|p1a: Ribombee\n|-damage|p1a: Ribombee|0 fnt\n|faint|p1a: Ribombee\n|\n|upkeep\n|c|+Lasen|loser of this series has to get top 10 in linecount in AG room next month\n|\n|t:|1700265143\n|switch|p1a: Arceus|Arceus-Ground|100\/100\n|-activate|p1a: Arceus|move: Sticky Web\n|-unboost|p1a: Arceus|spe|1\n|turn|4\n|c|\u2606Inder|no\n|c|\u2606Inder|next question\n|c|+Lasen|I wasn't asking\n|c|+Lasen|I was proclaiming\n|c|\u2606aberforth|inder\n|\n|t:|1700265164\n|move|p1a: Arceus|Taunt|p2a: Ribombee\n|-start|p2a: Ribombee|move: Taunt\n|move|p2a: Ribombee|Moonblast|p1a: Arceus\n|-damage|p1a: Arceus|70\/100\n|\n|upkeep\n|turn|5\n|c|\u2606aberforth|i think no matter what\n|c|\u2606aberforth|the real loser of our series is lasen\n|\n|t:|1700265174\n|move|p1a: Arceus|Stealth Rock|p2a: Ribombee\n|-sidestart|p2: Inder|move: Stealth Rock\n|cant|p2a: Ribombee|par\n|\n|upkeep\n|turn|6\n|c|\u2606Inder|indeed\n|c|+Lasen|taunts to stop webs 2 to come up\n|\n|t:|1700265180\n|move|p1a: Arceus|Judgment|p2a: Ribombee\n|-resisted|p2a: Ribombee\n|-crit|p2a: Ribombee\n|-damage|p2a: Ribombee|0 fnt\n|faint|p2a: Ribombee\n|\n|upkeep\n|c|+Lasen|mhm\n|\n|t:|1700265195\n|switch|p2a: Koraidon|Koraidon|100\/100\n|-activate|p2a: Koraidon|move: Sticky Web\n|-unboost|p2a: Koraidon|spe|1\n|-damage|p2a: Koraidon|94\/100|[from] Stealth Rock\n|-weather|SunnyDay|[from] ability: Orichalcum Pulse|[of] p2a: Koraidon\n|-activate|p2a: Koraidon|Orichalcum Pulse|[source]\n|turn|7\n|\n|t:|1700265204\n|move|p2a: Koraidon|Scale Shot|p1a: Arceus\n|-damage|p1a: Arceus|55\/100\n|-damage|p1a: Arceus|41\/100\n|-damage|p1a: Arceus|28\/100\n|-damage|p1a: Arceus|12\/100\n|-damage|p1a: Arceus|0 fnt\n|faint|p1a: Arceus\n|-hitcount|p1: Arceus|5\n|-unboost|p2a: Koraidon|def|1\n|-boost|p2a: Koraidon|spe|1\n|\n|-weather|SunnyDay|[upkeep]\n|upkeep\n|\n|t:|1700265222\n|switch|p1a: Miraidon|Miraidon|100\/100\n|-activate|p1a: Miraidon|move: Sticky Web\n|-unboost|p1a: Miraidon|spe|1\n|-fieldstart|move: Electric Terrain|[from] ability: Hadron Engine|[of] p1a: Miraidon\n|turn|8\n|\n|t:|1700265229\n|move|p2a: Koraidon|Taunt|p1a: Miraidon\n|-start|p1a: Miraidon|move: Taunt\n|move|p1a: Miraidon|Dragon Pulse|p2a: Koraidon\n|-supereffective|p2a: Koraidon\n|-damage|p2a: Koraidon|0 fnt\n|faint|p2a: Koraidon\n|-damage|p1a: Miraidon|91\/100|[from] item: Life Orb\n|\n|-weather|SunnyDay|[upkeep]\n|upkeep\n|\n|t:|1700265237\n|switch|p2a: Chien-Pao|Chien-Pao|100\/100\n|-activate|p2a: Chien-Pao|move: Sticky Web\n|-unboost|p2a: Chien-Pao|spe|1\n|-damage|p2a: Chien-Pao|76\/100|[from] Stealth Rock\n|-ability|p2a: Chien-Pao|Sword of Ruin\n|turn|9\n|\n|t:|1700265246\n|move|p2a: Chien-Pao|Icicle Crash|p1a: Miraidon\n|-supereffective|p1a: Miraidon\n|-damage|p1a: Miraidon|0 fnt\n|faint|p1a: Miraidon\n|\n|-weather|SunnyDay|[upkeep]\n|upkeep\n|\n|t:|1700265248\n|switch|p1a: Zacian|Zacian-Crowned|100\/100\n|-activate|p1a: Zacian|move: Sticky Web\n|-unboost|p1a: Zacian|spe|1\n|-ability|p1a: Zacian|Intrepid Sword|boost\n|-boost|p1a: Zacian|atk|1\n|turn|10\n|\n|t:|1700265252\n|move|p1a: Zacian|Behemoth Blade|p2a: Chien-Pao\n|-supereffective|p2a: Chien-Pao\n|-damage|p2a: Chien-Pao|0 fnt\n|faint|p2a: Chien-Pao\n|\n|-weather|SunnyDay|[upkeep]\n|upkeep\n|\n|t:|1700265254\n|switch|p2a: Zacian|Zacian-Crowned|100\/100\n|-activate|p2a: Zacian|move: Sticky Web\n|-unboost|p2a: Zacian|spe|1\n|-damage|p2a: Zacian|94\/100|[from] Stealth Rock\n|-ability|p2a: Zacian|Intrepid Sword|boost\n|-boost|p2a: Zacian|atk|1\n|turn|11\n|inactive|Inder has 270 seconds left.\n|inactive|aberforth has 270 seconds left.\n|\n|t:|1700265335\n|-terastallize|p1a: Zacian|Ground\n|move|p1a: Zacian|Tera Blast|p2a: Zacian|[anim] Tera Blast Ground\n|-supereffective|p2a: Zacian\n|-damage|p2a: Zacian|0 fnt\n|faint|p2a: Zacian\n|\n|-weather|none\n|upkeep\n|inactive|Inder has 240 seconds left.\n|c|\u2606Inder|zzzzz\n|c|\u2606Inder|that was hella losing\n|c|\u2606Inder|what did u do that...\n|\n|t:|1700265377\n|switch|p2a: Arceus|Arceus|100\/100\n|-activate|p2a: Arceus|move: Sticky Web\n|-unboost|p2a: Arceus|spe|1\n|-damage|p2a: Arceus|88\/100|[from] Stealth Rock\n|turn|12\n|\n|t:|1700265387\n|move|p1a: Zacian|Behemoth Blade|p2a: Arceus\n|-damage|p2a: Arceus|30\/100\n|move|p2a: Arceus|Swords Dance|p2a: Arceus\n|-boost|p2a: Arceus|atk|2\n|\n|-fieldend|move: Electric Terrain\n|upkeep\n|turn|13\n|inactive|Inder has 210 seconds left.\n|inactive|Inder has 180 seconds left.\n|inactive|Inder has 150 seconds left.\n|\n|t:|1700265502\n|move|p2a: Arceus|Extreme Speed|p1a: Zacian\n|-damage|p1a: Zacian|0 fnt\n|faint|p1a: Zacian\n|\n|upkeep\n|\n|t:|1700265526\n|switch|p1a: Basculegion|Basculegion, M|100\/100\n|turn|14\n|\n|t:|1700265531\n|move|p1a: Basculegion|Wave Crash|p2a: Arceus\n|-damage|p2a: Arceus|0 fnt\n|faint|p2a: Arceus\n|-damage|p1a: Basculegion|90\/100|[from] Recoil\n|\n|upkeep\n|\n|t:|1700265535\n|switch|p2a: Roaring Moon|Roaring Moon|100\/100\n|-activate|p2a: Roaring Moon|move: Sticky Web\n|-unboost|p2a: Roaring Moon|spe|1\n|-damage|p2a: Roaring Moon|88\/100|[from] Stealth Rock\n|-enditem|p2a: Roaring Moon|Booster Energy\n|-activate|p2a: Roaring Moon|ability: Protosynthesis|[fromitem]\n|-start|p2a: Roaring Moon|protosynthesisatk\n|turn|15\n|\n|t:|1700265539\n|move|p1a: Basculegion|Last Respects|p2a: Roaring Moon\n|-resisted|p2a: Roaring Moon\n|-damage|p2a: Roaring Moon|0 fnt\n|faint|p2a: Roaring Moon\n|-end|p2a: Roaring Moon|Protosynthesis|[silent]\n|\n|win|aberforth\n|c|\u2606aberforth|gg\n","uploadtime":1700265540,"views":39,"p1id":"aberforth","p2id":"inder","formatid":"gen9ubers","rating":0,"private":0,"password":""}