{"id":"smogtours-gen9ubers-732927","p1":"skimmythegod","p2":"PrinceOfAllTacos","format":"[Gen 9] Ubers","log":"|inactive|Battle timer is ON: inactive players will automatically lose when time's up.\n|t:|1701185516\n|gametype|singles\n|player|p1|skimmythegod|#uplximelmetal|\n|player|p2|PrinceOfAllTacos|#rbtt6teammewtwo|\n|teamsize|p1|6\n|teamsize|p2|6\n|gen|9\n|tier|[Gen 9] Ubers\n|rule|Sleep Clause Mod: Limit one foe put to sleep\n|rule|Species Clause: Limit one of each Pok\u00e9mon\n|rule|OHKO Clause: OHKO moves are banned\n|rule|Evasion Items Clause: Evasion items are banned\n|rule|Evasion Moves Clause: Evasion moves are banned\n|rule|Endless Battle Clause: Forcing endless battles is banned\n|rule|HP Percentage Mod: HP is shown in percentages\n|clearpoke\n|poke|p1|Giratina-Origin|\n|poke|p1|Kyogre|\n|poke|p1|Landorus-Therian, M|\n|poke|p1|Arceus-Steel|\n|poke|p1|Ting-Lu|\n|poke|p1|Eternatus|\n|poke|p2|Gliscor, F|\n|poke|p2|Koraidon|\n|poke|p2|Arceus-Fairy|\n|poke|p2|Clodsire, M|\n|poke|p2|Kyogre|\n|poke|p2|Giratina-Origin|\n|teampreview\n|inactive|skimmythegod also wants the timer to be on.\n|c|\u2606PrinceOfAllTacos|gl hf\n|c|\u2606skimmythegod|hf\n|\n|t:|1701185542\n|start\n|switch|p1a: Landorus|Landorus-Therian, M|100\/100\n|switch|p2a: Kyogre|Kyogre|100\/100\n|-weather|RainDance|[from] ability: Drizzle|[of] p2a: Kyogre\n|-ability|p1a: Landorus|Intimidate|boost\n|-unboost|p2a: Kyogre|atk|1\n|turn|1\n|\n|t:|1701185550\n|switch|p1a: Kyogre|Kyogre|100\/100\n|move|p2a: Kyogre|Calm Mind|p2a: Kyogre\n|-boost|p2a: Kyogre|spa|1\n|-boost|p2a: Kyogre|spd|1\n|\n|-weather|RainDance|[upkeep]\n|upkeep\n|turn|2\n|\n|t:|1701185552\n|move|p1a: Kyogre|Thunder|p2a: Kyogre\n|-supereffective|p2a: Kyogre\n|-damage|p2a: Kyogre|65\/100\n|move|p2a: Kyogre|Thunder|p1a: Kyogre\n|-supereffective|p1a: Kyogre\n|-damage|p1a: Kyogre|21\/100\n|-status|p1a: Kyogre|par\n|\n|-weather|RainDance|[upkeep]\n|upkeep\n|turn|3\n|c|+Yokoisop|poat!\n|\n|t:|1701185558\n|move|p2a: Kyogre|Surf|p1a: Kyogre\n|-resisted|p1a: Kyogre\n|-damage|p1a: Kyogre|0 fnt\n|faint|p1a: Kyogre\n|\n|-weather|RainDance|[upkeep]\n|upkeep\n|\n|t:|1701185560\n|switch|p1a: Giratina|Giratina-Origin|100\/100\n|turn|4\n|\n|t:|1701185566\n|-terastallize|p1a: Giratina|Ghost\n|move|p1a: Giratina|Poltergeist|p2a: Kyogre\n|-activate|p2a: Kyogre|move: Poltergeist|Heavy-Duty Boots\n|-damage|p2a: Kyogre|2\/100\n|move|p2a: Kyogre|Ice Beam|p1a: Giratina\n|-damage|p1a: Giratina|67\/100\n|\n|-weather|RainDance|[upkeep]\n|upkeep\n|turn|5\n|\n|t:|1701185578\n|switch|p2a: Gliscor|Gliscor, F|100\/100\n|move|p1a: Giratina|Shadow Sneak|p2a: Gliscor\n|-damage|p2a: Gliscor|78\/100\n|\n|-weather|none\n|-status|p2a: Gliscor|tox|[from] item: Toxic Orb\n|upkeep\n|turn|6\n|\n|t:|1701185589\n|switch|p2a: Arceus|Arceus-Fairy|100\/100\n|move|p1a: Giratina|Poltergeist|p2a: Arceus\n|-activate|p2a: Arceus|move: Poltergeist|Pixie Plate\n|-damage|p2a: Arceus|45\/100\n|\n|upkeep\n|turn|7\n|\n|t:|1701185597\n|move|p2a: Arceus|Recover|p2a: Arceus\n|-heal|p2a: Arceus|95\/100\n|move|p1a: Giratina|Poltergeist|p2a: Arceus\n|-activate|p2a: Arceus|move: Poltergeist|Pixie Plate\n|-damage|p2a: Arceus|40\/100\n|\n|upkeep\n|turn|8\n|\n|t:|1701185602\n|switch|p1a: Arceus|Arceus-Steel|100\/100\n|move|p2a: Arceus|Will-O-Wisp|p1a: Arceus\n|-status|p1a: Arceus|brn\n|\n|-damage|p1a: Arceus|94\/100 brn|[from] brn\n|upkeep\n|turn|9\n|\n|t:|1701185610\n|switch|p2a: Gliscor|Gliscor, F|78\/100 tox\n|move|p1a: Arceus|Judgment|p2a: Gliscor\n|-damage|p2a: Gliscor|21\/100 tox\n|\n|-heal|p2a: Gliscor|33\/100 tox|[from] ability: Poison Heal\n|-damage|p1a: Arceus|88\/100 brn|[from] brn\n|upkeep\n|turn|10\n|\n|t:|1701185615\n|switch|p2a: Clodsire|Clodsire, M|100\/100\n|move|p1a: Arceus|Calm Mind|p1a: Arceus\n|-boost|p1a: Arceus|spa|1\n|-boost|p1a: Arceus|spd|1\n|\n|-damage|p1a: Arceus|82\/100 brn|[from] brn\n|upkeep\n|turn|11\n|\n|t:|1701185620\n|move|p1a: Arceus|Earth Power|p2a: Clodsire\n|-supereffective|p2a: Clodsire\n|-damage|p2a: Clodsire|60\/100\n|move|p2a: Clodsire|Earthquake|p1a: Arceus\n|-supereffective|p1a: Arceus\n|-damage|p1a: Arceus|53\/100 brn\n|\n|-heal|p2a: Clodsire|66\/100|[from] item: Leftovers\n|-damage|p1a: Arceus|47\/100 brn|[from] brn\n|upkeep\n|turn|12\n|\n|t:|1701185623\n|move|p1a: Arceus|Recover|p1a: Arceus\n|-heal|p1a: Arceus|97\/100 brn\n|move|p2a: Clodsire|Recover|p2a: Clodsire\n|-heal|p2a: Clodsire|100\/100\n|\n|-damage|p1a: Arceus|91\/100 brn|[from] brn\n|upkeep\n|turn|13\n|\n|t:|1701185627\n|move|p1a: Arceus|Calm Mind|p1a: Arceus\n|-boost|p1a: Arceus|spa|1\n|-boost|p1a: Arceus|spd|1\n|move|p2a: Clodsire|Spikes|p1a: Arceus\n|-sidestart|p1: skimmythegod|Spikes\n|\n|-damage|p1a: Arceus|85\/100 brn|[from] brn\n|upkeep\n|turn|14\n|\n|t:|1701185631\n|move|p1a: Arceus|Judgment|p2a: Clodsire\n|-damage|p2a: Clodsire|45\/100\n|move|p2a: Clodsire|Earthquake|p1a: Arceus\n|-supereffective|p1a: Arceus\n|-damage|p1a: Arceus|53\/100 brn\n|\n|-heal|p2a: Clodsire|52\/100|[from] item: Leftovers\n|-damage|p1a: Arceus|47\/100 brn|[from] brn\n|upkeep\n|turn|15\n|\n|t:|1701185634\n|switch|p2a: Kyogre|Kyogre|2\/100\n|-weather|RainDance|[from] ability: Drizzle|[of] p2a: Kyogre\n|move|p1a: Arceus|Judgment|p2a: Kyogre\n|-resisted|p2a: Kyogre\n|-damage|p2a: Kyogre|0 fnt\n|faint|p2a: Kyogre\n|\n|-weather|RainDance|[upkeep]\n|-damage|p1a: Arceus|41\/100 brn|[from] brn\n|upkeep\n|\n|t:|1701185638\n|switch|p2a: Koraidon|Koraidon|100\/100\n|-weather|SunnyDay|[from] ability: Orichalcum Pulse|[of] p2a: Koraidon\n|-activate|p2a: Koraidon|Orichalcum Pulse|[source]\n|turn|16\n|\n|t:|1701185648\n|switch|p1a: Landorus|Landorus-Therian, M|100\/100\n|-ability|p1a: Landorus|Intimidate|boost\n|-unboost|p2a: Koraidon|atk|1\n|move|p2a: Koraidon|Low Kick|p1a: Landorus\n|-resisted|p1a: Landorus\n|-damage|p1a: Landorus|88\/100\n|-damage|p2a: Koraidon|84\/100|[from] item: Rocky Helmet|[of] p1a: Landorus\n|\n|-weather|SunnyDay|[upkeep]\n|upkeep\n|turn|17\n|\n|t:|1701185650\n|switch|p2a: Gliscor|Gliscor, F|33\/100 tox\n|move|p1a: Landorus|Stealth Rock|p2a: Gliscor\n|-sidestart|p2: PrinceOfAllTacos|move: Stealth Rock\n|\n|-weather|SunnyDay|[upkeep]\n|-heal|p2a: Gliscor|45\/100 tox|[from] ability: Poison Heal\n|upkeep\n|turn|18\n|\n|t:|1701185655\n|move|p2a: Gliscor|Earthquake|p1a: Landorus\n|-immune|p1a: Landorus\n|move|p1a: Landorus|U-turn|p2a: Gliscor\n|-resisted|p2a: Gliscor\n|-damage|p2a: Gliscor|39\/100 tox\n|\n|t:|1701185658\n|switch|p1a: Eternatus|Eternatus|100\/100|[from] U-turn\n|-ability|p1a: Eternatus|Pressure\n|\n|-weather|SunnyDay|[upkeep]\n|-heal|p2a: Gliscor|51\/100 tox|[from] ability: Poison Heal\n|upkeep\n|turn|19\n|\n|t:|1701185661\n|move|p2a: Gliscor|Protect|p2a: Gliscor\n|-singleturn|p2a: Gliscor|Protect\n|move|p1a: Eternatus|Dynamax Cannon|p2a: Gliscor\n|-activate|p2a: Gliscor|move: Protect\n|\n|-weather|SunnyDay|[upkeep]\n|-heal|p2a: Gliscor|64\/100 tox|[from] ability: Poison Heal\n|upkeep\n|turn|20\n|\n|t:|1701185666\n|switch|p2a: Clodsire|Clodsire, M|52\/100\n|-damage|p2a: Clodsire|45\/100|[from] Stealth Rock\n|move|p1a: Eternatus|Flamethrower|p2a: Clodsire\n|-damage|p2a: Clodsire|21\/100\n|\n|-weather|none\n|-heal|p2a: Clodsire|27\/100|[from] item: Leftovers\n|upkeep\n|turn|21\n|\n|t:|1701185668\n|move|p1a: Eternatus|Dynamax Cannon|p2a: Clodsire\n|-damage|p2a: Clodsire|3\/100\n|move|p2a: Clodsire|Recover|p2a: Clodsire\n|-heal|p2a: Clodsire|53\/100\n|\n|-heal|p2a: Clodsire|59\/100|[from] item: Leftovers\n|upkeep\n|turn|22\n|\n|t:|1701185674\n|switch|p1a: Giratina|Giratina-Origin, tera:Ghost|67\/100\n|move|p2a: Clodsire|Recover|p2a: Clodsire\n|-heal|p2a: Clodsire|100\/100\n|\n|upkeep\n|turn|23\n|\n|t:|1701185688\n|switch|p2a: Gliscor|Gliscor, F|64\/100 tox\n|-damage|p2a: Gliscor|51\/100 tox|[from] Stealth Rock\n|move|p1a: Giratina|Poltergeist|p2a: Gliscor\n|-activate|p2a: Gliscor|move: Poltergeist|Toxic Orb\n|-damage|p2a: Gliscor|0 fnt\n|faint|p2a: Gliscor\n|\n|upkeep\n|\n|t:|1701185690\n|switch|p2a: Arceus|Arceus-Fairy|40\/100\n|-damage|p2a: Arceus|28\/100|[from] Stealth Rock\n|turn|24\n|\n|t:|1701185695\n|move|p2a: Arceus|Recover|p2a: Arceus\n|-heal|p2a: Arceus|78\/100\n|move|p1a: Giratina|Poltergeist|p2a: Arceus\n|-activate|p2a: Arceus|move: Poltergeist|Pixie Plate\n|-damage|p2a: Arceus|21\/100\n|\n|upkeep\n|turn|25\n|\n|t:|1701185698\n|move|p1a: Giratina|Shadow Sneak|p2a: Arceus\n|-damage|p2a: Arceus|0 fnt\n|faint|p2a: Arceus\n|\n|upkeep\n|\n|t:|1701185704\n|switch|p2a: Giratina|Giratina-Origin|100\/100\n|-damage|p2a: Giratina|88\/100|[from] Stealth Rock\n|turn|26\n|\n|t:|1701185707\n|switch|p1a: Ting-Lu|Ting-Lu|100\/100\n|-damage|p1a: Ting-Lu|88\/100|[from] Spikes\n|-ability|p1a: Ting-Lu|Vessel of Ruin\n|-terastallize|p2a: Giratina|Steel\n|move|p2a: Giratina|Will-O-Wisp|p1a: Ting-Lu|[miss]\n|-miss|p2a: Giratina|p1a: Ting-Lu\n|\n|-heal|p1a: Ting-Lu|94\/100|[from] item: Leftovers\n|upkeep\n|turn|27\n|\n|t:|1701185713\n|move|p2a: Giratina|Will-O-Wisp|p1a: Ting-Lu\n|-status|p1a: Ting-Lu|brn\n|move|p1a: Ting-Lu|Ruination|p2a: Giratina\n|-damage|p2a: Giratina|44\/100\n|\n|-heal|p1a: Ting-Lu|100\/100 brn|[from] item: Leftovers\n|-damage|p1a: Ting-Lu|94\/100 brn|[from] brn\n|upkeep\n|turn|28\n|\n|t:|1701185723\n|switch|p2a: Clodsire|Clodsire, M|100\/100\n|-damage|p2a: Clodsire|94\/100|[from] Stealth Rock\n|move|p1a: Ting-Lu|Ruination|p2a: Clodsire\n|-damage|p2a: Clodsire|47\/100\n|\n|-heal|p1a: Ting-Lu|100\/100 brn|[from] item: Leftovers\n|-heal|p2a: Clodsire|54\/100|[from] item: Leftovers\n|-damage|p1a: Ting-Lu|94\/100 brn|[from] brn\n|upkeep\n|turn|29\n|\n|t:|1701185727\n|move|p1a: Ting-Lu|Earthquake|p2a: Clodsire\n|-supereffective|p2a: Clodsire\n|-damage|p2a: Clodsire|11\/100\n|move|p2a: Clodsire|Recover|p2a: Clodsire\n|-heal|p2a: Clodsire|61\/100\n|\n|-heal|p1a: Ting-Lu|100\/100 brn|[from] item: Leftovers\n|-heal|p2a: Clodsire|68\/100|[from] item: Leftovers\n|-damage|p1a: Ting-Lu|94\/100 brn|[from] brn\n|upkeep\n|turn|30\n|\n|t:|1701185733\n|move|p1a: Ting-Lu|Earthquake|p2a: Clodsire\n|-supereffective|p2a: Clodsire\n|-damage|p2a: Clodsire|27\/100\n|move|p2a: Clodsire|Spikes|p1a: Ting-Lu\n|-sidestart|p1: skimmythegod|Spikes\n|\n|-heal|p1a: Ting-Lu|100\/100 brn|[from] item: Leftovers\n|-heal|p2a: Clodsire|34\/100|[from] item: Leftovers\n|-damage|p1a: Ting-Lu|94\/100 brn|[from] brn\n|upkeep\n|turn|31\n|\n|t:|1701185736\n|move|p1a: Ting-Lu|Earthquake|p2a: Clodsire\n|-supereffective|p2a: Clodsire\n|-crit|p2a: Clodsire\n|-damage|p2a: Clodsire|0 fnt\n|faint|p2a: Clodsire\n|\n|-heal|p1a: Ting-Lu|100\/100 brn|[from] item: Leftovers\n|-damage|p1a: Ting-Lu|94\/100 brn|[from] brn\n|upkeep\n|\n|t:|1701185742\n|switch|p2a: Koraidon|Koraidon|84\/100\n|-damage|p2a: Koraidon|78\/100|[from] Stealth Rock\n|-weather|SunnyDay|[from] ability: Orichalcum Pulse|[of] p2a: Koraidon\n|-activate|p2a: Koraidon|Orichalcum Pulse|[source]\n|turn|32\n|\n|t:|1701185749\n|move|p2a: Koraidon|Dragon Claw|p1a: Ting-Lu\n|-damage|p1a: Ting-Lu|64\/100 brn\n|move|p1a: Ting-Lu|Ruination|p2a: Koraidon\n|-damage|p2a: Koraidon|39\/100\n|\n|-weather|SunnyDay|[upkeep]\n|-heal|p1a: Ting-Lu|70\/100 brn|[from] item: Leftovers\n|-damage|p1a: Ting-Lu|64\/100 brn|[from] brn\n|upkeep\n|turn|33\n|\n|t:|1701185753\n|switch|p2a: Giratina|Giratina-Origin, tera:Steel|44\/100\n|-damage|p2a: Giratina|38\/100|[from] Stealth Rock\n|move|p1a: Ting-Lu|Whirlwind|p2a: Giratina\n|drag|p2a: Koraidon|Koraidon|39\/100\n|-damage|p2a: Koraidon|33\/100|[from] Stealth Rock\n|-activate|p2a: Koraidon|ability: Orichalcum Pulse\n|\n|-weather|SunnyDay|[upkeep]\n|-heal|p1a: Ting-Lu|70\/100 brn|[from] item: Leftovers\n|-damage|p1a: Ting-Lu|64\/100 brn|[from] brn\n|upkeep\n|turn|34\n|\n|t:|1701185756\n|move|p2a: Koraidon|Low Kick|p1a: Ting-Lu\n|-supereffective|p1a: Ting-Lu\n|-damage|p1a: Ting-Lu|0 fnt\n|faint|p1a: Ting-Lu\n|\n|-weather|SunnyDay|[upkeep]\n|upkeep\n|\n|t:|1701185758\n|switch|p1a: Giratina|Giratina-Origin, tera:Ghost|67\/100\n|turn|35\n|\n|t:|1701185762\n|switch|p2a: Giratina|Giratina-Origin, tera:Steel|38\/100\n|-damage|p2a: Giratina|32\/100|[from] Stealth Rock\n|move|p1a: Giratina|Poltergeist|p2a: Giratina\n|-activate|p2a: Giratina|move: Poltergeist|Griseous Core\n|-damage|p2a: Giratina|0 fnt\n|faint|p2a: Giratina\n|\n|-weather|SunnyDay|[upkeep]\n|upkeep\n|\n|t:|1701185763\n|switch|p2a: Koraidon|Koraidon|33\/100\n|-damage|p2a: Koraidon|27\/100|[from] Stealth Rock\n|-activate|p2a: Koraidon|ability: Orichalcum Pulse\n|turn|36\n|c|\u2606skimmythegod|gg\n|c|\u2606PrinceOfAllTacos|gg\n|\n|t:|1701185773\n|move|p1a: Giratina|Shadow Sneak|p2a: Koraidon\n|-damage|p2a: Koraidon|0 fnt\n|faint|p2a: Koraidon\n|\n|win|skimmythegod\n","uploadtime":1701185774,"views":52,"p1id":"skimmythegod","p2id":"princeofalltacos","formatid":"gen9ubers","rating":0,"private":0,"password":""}