{"id":"smogtours-gen9ubers-732728","p1":"SiTuM.","p2":"SOULWIND","format":"[Gen 9] Ubers","log":"|inactive|Battle timer is ON: inactive players will automatically lose when time's up.\n|t:|1701026268\n|gametype|singles\n|player|p1|SiTuM.|#scl3platoon|\n|player|p2|SOULWIND|#wcop2023spain2|\n|teamsize|p1|6\n|teamsize|p2|6\n|gen|9\n|tier|[Gen 9] Ubers\n|rule|Sleep Clause Mod: Limit one foe put to sleep\n|rule|Species Clause: Limit one of each Pok\u00e9mon\n|rule|OHKO Clause: OHKO moves are banned\n|rule|Evasion Items Clause: Evasion items are banned\n|rule|Evasion Moves Clause: Evasion moves are banned\n|rule|Endless Battle Clause: Forcing endless battles is banned\n|rule|HP Percentage Mod: HP is shown in percentages\n|clearpoke\n|poke|p1|Miraidon|\n|poke|p1|Arceus-Ground|\n|poke|p1|Gliscor, M|\n|poke|p1|Koraidon|\n|poke|p1|Giratina-Origin|\n|poke|p1|Zacian-*|\n|poke|p2|Miraidon|\n|poke|p2|Koraidon|\n|poke|p2|Arceus|\n|poke|p2|Zacian-*|\n|poke|p2|Ting-Lu|\n|poke|p2|Ditto|\n|teampreview\n|inactive|SiTuM. also wants the timer to be on.\n|inactive|SiTuM. has 270 seconds left.\n|inactive|SOULWIND has 270 seconds left.\n|c|\u2606SiTuM.|have fun\n|c|\u2606SOULWIND|hf\n|inactive|SiTuM. has 240 seconds left.\n|inactive|SOULWIND has 240 seconds left.\n|raw|<div class=\"broadcast-red\"><strong>Moderated chat was set to \u2606!<\/strong><br \/>Only users of rank \u2606 and higher can talk.<\/div>\n|inactive|SOULWIND has 210 seconds left.\n|inactive|SOULWIND has 180 seconds left.\n|inactive|SOULWIND has 150 seconds left.\n|\n|t:|1701026428\n|start\n|switch|p1a: Gliscor|Gliscor, M|100\/100\n|switch|p2a: Ditto|Ditto|100\/100\n|-transform|p2a: Ditto|p1a: Gliscor|[from] ability: Imposter\n|turn|1\n|c|\u2606SOULWIND|eq protect uturn spikes\n|inactive|SiTuM. has 270 seconds left.\n|\n|t:|1701026468\n|switch|p2a: Ting-Lu|Ting-Lu|100\/100\n|-ability|p2a: Ting-Lu|Vessel of Ruin\n|move|p1a: Gliscor|Spikes|p2a: Ting-Lu\n|-sidestart|p2: SOULWIND|Spikes\n|\n|-status|p1a: Gliscor|tox|[from] item: Toxic Orb\n|upkeep\n|turn|2\n|\n|t:|1701026472\n|move|p1a: Gliscor|U-turn|p2a: Ting-Lu\n|-supereffective|p2a: Ting-Lu\n|-damage|p2a: Ting-Lu|82\/100\n|\n|t:|1701026476\n|switch|p1a: Koraidon|Koraidon|100\/100|[from] U-turn\n|-weather|SunnyDay|[from] ability: Orichalcum Pulse|[of] p1a: Koraidon\n|-activate|p1a: Koraidon|Orichalcum Pulse|[source]\n|move|p2a: Ting-Lu|Stealth Rock|p1a: Koraidon\n|-sidestart|p1: SiTuM.|move: Stealth Rock\n|\n|-weather|SunnyDay|[upkeep]\n|upkeep\n|turn|3\n|\n|t:|1701026479\n|move|p1a: Koraidon|Low Kick|p2a: Ting-Lu\n|-supereffective|p2a: Ting-Lu\n|-damage|p2a: Ting-Lu|0 fnt\n|faint|p2a: Ting-Lu\n|\n|-weather|SunnyDay|[upkeep]\n|upkeep\n|inactive|SOULWIND has 210 seconds left.\n|\n|t:|1701026499\n|switch|p2a: Ditto|Ditto|100\/100\n|-damage|p2a: Ditto|88\/100|[from] Spikes\n|-transform|p2a: Ditto|p1a: Koraidon|[from] ability: Imposter\n|-activate|p2a: Ditto|ability: Orichalcum Pulse\n|turn|4\n|c|\u2606SOULWIND|scale shot sd blitz low kick\n|c|\u2606SiTuM.|whats the set\n|c|\u2606SiTuM.|ty\n|c|\u2606SOULWIND|np\n|inactive|SOULWIND has 180 seconds left.\n|\n|t:|1701026529\n|switch|p1a: Gliscor|Gliscor, M|100\/100 tox\n|-damage|p1a: Gliscor|88\/100 tox|[from] Stealth Rock\n|move|p2a: Ditto|Scale Shot|p1a: Gliscor\n|-crit|p1a: Gliscor\n|-damage|p1a: Gliscor|72\/100 tox\n|-damage|p1a: Gliscor|61\/100 tox\n|-damage|p1a: Gliscor|51\/100 tox\n|-hitcount|p1a: Gliscor|3\n|-unboost|p2a: Ditto|def|1\n|-boost|p2a: Ditto|spe|1\n|\n|-weather|SunnyDay|[upkeep]\n|-heal|p1a: Gliscor|63\/100 tox|[from] ability: Poison Heal\n|upkeep\n|turn|5\n|inactive|SOULWIND has 180 seconds left.\n|inactive|SiTuM. has 270 seconds left.\n|\n|t:|1701026545\n|switch|p2a: Koraidon|Koraidon|100\/100\n|-damage|p2a: Koraidon|88\/100|[from] Spikes\n|-activate|p2a: Koraidon|ability: Orichalcum Pulse\n|move|p1a: Gliscor|Earthquake|p2a: Koraidon\n|-damage|p2a: Koraidon|57\/100\n|\n|-weather|SunnyDay|[upkeep]\n|-heal|p2a: Koraidon|64\/100|[from] item: Leftovers\n|-heal|p1a: Gliscor|76\/100 tox|[from] ability: Poison Heal\n|upkeep\n|turn|6\n|inactive|SiTuM. has 270 seconds left.\n|inactive|SOULWIND has 180 seconds left.\n|\n|t:|1701026565\n|move|p2a: Koraidon|Flame Charge|p1a: Gliscor\n|-damage|p1a: Gliscor|54\/100 tox\n|-boost|p2a: Koraidon|spe|1\n|move|p1a: Gliscor|U-turn|p2a: Koraidon\n|-resisted|p2a: Koraidon\n|-damage|p2a: Koraidon|57\/100\n|inactive|SiTuM. has 270 seconds left.\n|inactive|SiTuM. has 240 seconds left.\n|inactive|SiTuM. has 210 seconds left.\n|\n|t:|1701026639\n|switch|p1a: Arceus|Arceus-Ground|100\/100|[from] U-turn\n|-damage|p1a: Arceus|94\/100|[from] Stealth Rock\n|\n|-weather|none\n|-heal|p2a: Koraidon|63\/100|[from] item: Leftovers\n|upkeep\n|turn|7\n|inactive|SOULWIND has 180 seconds left.\n|\n|t:|1701026673\n|move|p2a: Koraidon|Swords Dance|p2a: Koraidon\n|-boost|p2a: Koraidon|atk|2\n|move|p1a: Arceus|Earthquake|p2a: Koraidon\n|-damage|p2a: Koraidon|8\/100\n|\n|-heal|p2a: Koraidon|14\/100|[from] item: Leftovers\n|upkeep\n|turn|8\n|inactive|SiTuM. has 210 seconds left.\n|inactive|SiTuM. has 180 seconds left.\n|inactive|SiTuM. has 150 seconds left.\n|inactive|SiTuM. has 120 seconds left.\n|inactive|SiTuM. has 90 seconds left.\n|inactive|SiTuM. has 60 seconds left.\n|\n|t:|1701026844\n|-terastallize|p1a: Arceus|Fairy\n|move|p2a: Koraidon|Dragon Claw|p1a: Arceus\n|-immune|p1a: Arceus\n|move|p1a: Arceus|Earthquake|p2a: Koraidon\n|-damage|p2a: Koraidon|0 fnt\n|faint|p2a: Koraidon\n|\n|upkeep\n|inactive|SOULWIND has 150 seconds left.\n|inactive|SOULWIND has 120 seconds left.\n|\n|t:|1701026905\n|switch|p2a: Zacian|Zacian-Crowned|100\/100\n|-damage|p2a: Zacian|88\/100|[from] Spikes\n|-ability|p2a: Zacian|Intrepid Sword|boost\n|-boost|p2a: Zacian|atk|1\n|turn|9\n|inactive|SOULWIND has 120 seconds left.\n|inactive|SiTuM. has 60 seconds left.\n|\n|t:|1701026915\n|switch|p1a: Miraidon|Miraidon|100\/100\n|-damage|p1a: Miraidon|88\/100|[from] Stealth Rock\n|-fieldstart|move: Electric Terrain|[from] ability: Hadron Engine|[of] p1a: Miraidon\n|move|p2a: Zacian|Behemoth Blade|p1a: Miraidon\n|-resisted|p1a: Miraidon\n|-damage|p1a: Miraidon|46\/100\n|\n|upkeep\n|turn|10\n|inactive|SiTuM. has 60 seconds left.\n|inactive|SOULWIND has 120 seconds left.\n|\n|t:|1701026939\n|switch|p2a: Miraidon|Miraidon|100\/100\n|-damage|p2a: Miraidon|88\/100|[from] Spikes\n|-activate|p2a: Miraidon|ability: Hadron Engine\n|move|p1a: Miraidon|Electro Drift|p2a: Miraidon\n|-resisted|p2a: Miraidon\n|-damage|p2a: Miraidon|67\/100\n|\n|-heal|p2a: Miraidon|74\/100|[from] item: Leftovers\n|upkeep\n|turn|11\n|\n|t:|1701026953\n|switch|p1a: Arceus|Arceus-Ground, tera:Fairy|94\/100\n|-damage|p1a: Arceus|82\/100|[from] Stealth Rock\n|move|p2a: Miraidon|Calm Mind|p2a: Miraidon\n|-boost|p2a: Miraidon|spa|1\n|-boost|p2a: Miraidon|spd|1\n|\n|-heal|p2a: Miraidon|80\/100|[from] item: Leftovers\n|upkeep\n|turn|12\n|inactive|SOULWIND has 120 seconds left.\n|\n|t:|1701026985\n|-terastallize|p2a: Miraidon|Flying\n|move|p2a: Miraidon|Substitute|p2a: Miraidon\n|-start|p2a: Miraidon|Substitute\n|-damage|p2a: Miraidon|55\/100\n|move|p1a: Arceus|Earthquake|p2a: Miraidon\n|-immune|p2a: Miraidon\n|\n|-heal|p2a: Miraidon|61\/100|[from] item: Leftovers\n|upkeep\n|turn|13\n|\n|t:|1701026989\n|move|p2a: Miraidon|Electro Drift|p1a: Arceus\n|-damage|p1a: Arceus|2\/100\n|move|p1a: Arceus|Taunt|p2a: Miraidon\n|-start|p2a: Miraidon|move: Taunt\n|\n|-heal|p2a: Miraidon|67\/100|[from] item: Leftovers\n|-fieldend|move: Electric Terrain\n|upkeep\n|turn|14\n|\n|t:|1701026993\n|move|p2a: Miraidon|Electro Drift|p1a: Arceus\n|-damage|p1a: Arceus|0 fnt\n|faint|p1a: Arceus\n|\n|-heal|p2a: Miraidon|73\/100|[from] item: Leftovers\n|upkeep\n|\n|t:|1701027002\n|switch|p1a: Zacian|Zacian-Crowned|100\/100\n|-damage|p1a: Zacian|94\/100|[from] Stealth Rock\n|-ability|p1a: Zacian|Intrepid Sword|boost\n|-boost|p1a: Zacian|atk|1\n|turn|15\n|inactive|SOULWIND has 120 seconds left.\n|\n|t:|1701027022\n|move|p1a: Zacian|Behemoth Blade|p2a: Miraidon\n|-end|p2a: Miraidon|Substitute\n|move|p2a: Miraidon|Electro Drift|p1a: Zacian\n|-damage|p1a: Zacian|23\/100\n|\n|-heal|p2a: Miraidon|79\/100|[from] item: Leftovers\n|upkeep\n|turn|16\n|inactive|SOULWIND has 120 seconds left.\n|inactive|SiTuM. has 90 seconds left.\n|inactive|SOULWIND has 90 seconds left.\n|inactive|SiTuM. has 60 seconds left.\n|\n|t:|1701027070\n|move|p1a: Zacian|Behemoth Blade|p2a: Miraidon\n|-damage|p2a: Miraidon|0 fnt\n|faint|p2a: Miraidon\n|\n|upkeep\n|\n|t:|1701027073\n|switch|p2a: Ditto|Ditto|88\/100\n|-damage|p2a: Ditto|76\/100|[from] Spikes\n|-transform|p2a: Ditto|p1a: Zacian|[from] ability: Imposter\n|-ability|p2a: Ditto|Intrepid Sword|boost\n|-boost|p2a: Ditto|atk|1\n|turn|17\n|\n|t:|1701027082\n|move|p2a: Ditto|Behemoth Blade|p1a: Zacian\n|-damage|p1a: Zacian|0 fnt\n|faint|p1a: Zacian\n|\n|upkeep\n|\n|t:|1701027090\n|switch|p1a: Gliscor|Gliscor, M|54\/100 tox\n|-damage|p1a: Gliscor|42\/100 tox|[from] Stealth Rock\n|turn|18\n|\n|t:|1701027093\n|move|p1a: Gliscor|Protect|p1a: Gliscor\n|-singleturn|p1a: Gliscor|Protect\n|move|p2a: Ditto|Behemoth Blade|p1a: Gliscor\n|-activate|p1a: Gliscor|move: Protect\n|\n|-heal|p1a: Gliscor|54\/100 tox|[from] ability: Poison Heal\n|upkeep\n|turn|19\n|inactive|SiTuM. has 60 seconds left.\n|\n|t:|1701027139\n|switch|p1a: Giratina|Giratina-Origin|100\/100\n|-damage|p1a: Giratina|88\/100|[from] Stealth Rock\n|move|p2a: Ditto|Behemoth Blade|p1a: Giratina\n|-damage|p1a: Giratina|22\/100\n|\n|upkeep\n|turn|20\n|inactive|SOULWIND has 120 seconds left.\n|\n|t:|1701027155\n|move|p2a: Ditto|Behemoth Blade|p1a: Giratina\n|-crit|p1a: Giratina\n|-damage|p1a: Giratina|0 fnt\n|faint|p1a: Giratina\n|\n|upkeep\n|\n|t:|1701027161\n|switch|p1a: Gliscor|Gliscor, M|54\/100 tox\n|-damage|p1a: Gliscor|42\/100 tox|[from] Stealth Rock\n|turn|21\n|inactive|SOULWIND has 120 seconds left.\n|inactive|SiTuM. has 30 seconds left.\n|inactive|SiTuM. has 20 seconds left.\n|inactive|SOULWIND has 90 seconds left.\n|inactive|SiTuM. has 15 seconds left.\n|inactive|SiTuM. has 10 seconds left.\n|\n|t:|1701027223\n|switch|p2a: Zacian|Zacian-Crowned|88\/100\n|-damage|p2a: Zacian|76\/100|[from] Spikes\n|move|p1a: Gliscor|Protect||[still]\n|-fail|p1a: Gliscor\n|\n|-heal|p1a: Gliscor|54\/100 tox|[from] ability: Poison Heal\n|upkeep\n|turn|22\n|inactive|SiTuM. has 20 seconds left this turn.\n|inactive|SiTuM. has 15 seconds left.\n|inactive|SiTuM. has 10 seconds left.\n|inactive|SOULWIND has 60 seconds left.\n|inactive|SiTuM. has 5 seconds left.\n|\n|t:|1701027265\n|move|p1a: Gliscor|Protect|p1a: Gliscor\n|-singleturn|p1a: Gliscor|Protect\n|move|p2a: Zacian|Behemoth Blade|p1a: Gliscor\n|-activate|p1a: Gliscor|move: Protect\n|\n|-heal|p1a: Gliscor|67\/100 tox|[from] ability: Poison Heal\n|upkeep\n|turn|23\n|inactive|SiTuM. has 15 seconds left this turn.\n|inactive|SOULWIND has 30 seconds left.\n|\n|t:|1701027294\n|switch|p2a: Ditto|Ditto|76\/100\n|-damage|p2a: Ditto|63\/100|[from] Spikes\n|-transform|p2a: Ditto|p1a: Gliscor|[from] ability: Imposter\n|move|p1a: Gliscor|Earthquake|p2a: Ditto\n|-immune|p2a: Ditto\n|\n|-heal|p1a: Gliscor|79\/100 tox|[from] ability: Poison Heal\n|upkeep\n|turn|24\n|inactive|SiTuM. has 25 seconds left this turn.\n|\n|t:|1701027296\n|move|p2a: Ditto|Spikes|p1a: Gliscor\n|-sidestart|p1: SiTuM.|Spikes\n|move|p1a: Gliscor|U-turn|p2a: Ditto\n|-resisted|p2a: Ditto\n|-damage|p2a: Ditto|58\/100\n|inactive|SiTuM. has 30 seconds left this turn.\n|\n|t:|1701027301\n|switch|p1a: Koraidon|Koraidon|100\/100|[from] U-turn\n|-damage|p1a: Koraidon|94\/100|[from] Stealth Rock\n|-damage|p1a: Koraidon|82\/100|[from] Spikes\n|-weather|SunnyDay|[from] ability: Orichalcum Pulse|[of] p1a: Koraidon\n|-activate|p1a: Koraidon|Orichalcum Pulse|[source]\n|\n|-weather|SunnyDay|[upkeep]\n|upkeep\n|turn|25\n|\n|t:|1701027316\n|switch|p2a: Zacian|Zacian-Crowned|76\/100\n|-damage|p2a: Zacian|64\/100|[from] Spikes\n|move|p1a: Koraidon|Low Kick|p2a: Zacian\n|-damage|p2a: Zacian|0 fnt\n|faint|p2a: Zacian\n|\n|-weather|SunnyDay|[upkeep]\n|upkeep\n|\n|t:|1701027322\n|switch|p2a: Ditto|Ditto|58\/100\n|-damage|p2a: Ditto|46\/100|[from] Spikes\n|-transform|p2a: Ditto|p1a: Koraidon|[from] ability: Imposter\n|-activate|p2a: Ditto|ability: Orichalcum Pulse\n|turn|26\n|\n|t:|1701027330\n|switch|p1a: Miraidon|Miraidon|46\/100\n|-damage|p1a: Miraidon|33\/100|[from] Stealth Rock\n|-damage|p1a: Miraidon|21\/100|[from] Spikes\n|-fieldstart|move: Electric Terrain|[from] ability: Hadron Engine|[of] p1a: Miraidon\n|move|p2a: Ditto|Scale Shot|p1a: Miraidon\n|-supereffective|p1a: Miraidon\n|-damage|p1a: Miraidon|0 fnt\n|faint|p1a: Miraidon\n|-hitcount|p1: Miraidon|1\n|-unboost|p2a: Ditto|def|1\n|-boost|p2a: Ditto|spe|1\n|\n|-weather|SunnyDay|[upkeep]\n|upkeep\n|\n|t:|1701027333\n|switch|p1a: Gliscor|Gliscor, M|79\/100 tox\n|-damage|p1a: Gliscor|67\/100 tox|[from] Stealth Rock\n|turn|27\n|inactive|SiTuM. has 60 seconds left.\n|inactive|SOULWIND has 60 seconds left.\n|\n|t:|1701027356\n|move|p2a: Ditto|Scale Shot|p1a: Gliscor\n|-damage|p1a: Gliscor|55\/100 tox\n|-damage|p1a: Gliscor|45\/100 tox\n|-hitcount|p1a: Gliscor|2\n|-unboost|p2a: Ditto|def|1\n|-boost|p2a: Ditto|spe|1\n|move|p1a: Gliscor|U-turn|p2a: Ditto\n|-resisted|p2a: Ditto\n|-damage|p2a: Ditto|30\/100\n|\n|t:|1701027358\n|switch|p1a: Koraidon|Koraidon|82\/100|[from] U-turn\n|-damage|p1a: Koraidon|76\/100|[from] Stealth Rock\n|-damage|p1a: Koraidon|64\/100|[from] Spikes\n|-activate|p1a: Koraidon|ability: Orichalcum Pulse\n|\n|-weather|SunnyDay|[upkeep]\n|upkeep\n|turn|28\n|\n|t:|1701027366\n|switch|p2a: Arceus|Arceus|100\/100\n|switch|p1a: Gliscor|Gliscor, M|45\/100 tox\n|-damage|p1a: Gliscor|33\/100 tox|[from] Stealth Rock\n|\n|-weather|none\n|-heal|p1a: Gliscor|45\/100 tox|[from] ability: Poison Heal\n|upkeep\n|turn|29\n|\n|t:|1701027371\n|move|p2a: Arceus|Swords Dance|p2a: Arceus\n|-boost|p2a: Arceus|atk|2\n|move|p1a: Gliscor|Earthquake|p2a: Arceus\n|-damage|p2a: Arceus|80\/100\n|\n|-heal|p1a: Gliscor|58\/100 tox|[from] ability: Poison Heal\n|upkeep\n|turn|30\n|\n|t:|1701027374\n|move|p1a: Gliscor|Protect|p1a: Gliscor\n|-singleturn|p1a: Gliscor|Protect\n|move|p2a: Arceus|Swords Dance|p2a: Arceus\n|-boost|p2a: Arceus|atk|2\n|\n|-heal|p1a: Gliscor|70\/100 tox|[from] ability: Poison Heal\n|-fieldend|move: Electric Terrain\n|upkeep\n|turn|31\n|c|\u2606SOULWIND|gg\n|c|\u2606SiTuM.|good game\n|\n|t:|1701027378\n|move|p2a: Arceus|Swords Dance|p2a: Arceus\n|-boost|p2a: Arceus|atk|2\n|move|p1a: Gliscor|Earthquake|p2a: Arceus\n|-damage|p2a: Arceus|58\/100\n|\n|-heal|p1a: Gliscor|82\/100 tox|[from] ability: Poison Heal\n|upkeep\n|turn|32\n|-message|SiTuM. forfeited.\n|\n|win|SOULWIND\n","uploadtime":1701027380,"views":241,"p1id":"situm","p2id":"soulwind","formatid":"gen9ubers","rating":0,"private":0,"password":""}