{"id":"smogtours-gen9ubers-731071","p1":"Navys_1 Zenord","p2":"Anto&Remi","format":"[Gen 9] Ubers","log":"|inactive|Battle timer is ON: inactive players will automatically lose when time's up.\n|t:|1700313325\n|gametype|singles\n|player|p1|Navys_1 Zenord|266|\n|player|p2|Anto&Remi|#stt5noadkokoroyal|\n|teamsize|p1|6\n|teamsize|p2|6\n|gen|9\n|tier|[Gen 9] Ubers\n|rule|Sleep Clause Mod: Limit one foe put to sleep\n|rule|Species Clause: Limit one of each Pok\u00e9mon\n|rule|OHKO Clause: OHKO moves are banned\n|rule|Evasion Items Clause: Evasion items are banned\n|rule|Evasion Moves Clause: Evasion moves are banned\n|rule|Endless Battle Clause: Forcing endless battles is banned\n|rule|HP Percentage Mod: HP is shown in percentages\n|clearpoke\n|poke|p1|Cinderace, M|\n|poke|p1|Ogerpon-Wellspring, F|\n|poke|p1|Enamorus, F|\n|poke|p1|Great Tusk|\n|poke|p1|Samurott-Hisui, M|\n|poke|p1|Slowking-Galar, F|\n|poke|p2|Sneasler, M|\n|poke|p2|Ting-Lu|\n|poke|p2|Gholdengo|\n|poke|p2|Clefable, F|\n|poke|p2|Corviknight, M|\n|poke|p2|Dragapult, M|\n|teampreview\n|c|\u2606Navys_1 Zenord|hf\n|c|\u2606Anto&Remi|hf\n|c|\u2606Anto&Remi|u2\n|inactive|Anto&Remi has 270 seconds left.\n|inactive|Anto&Remi has 240 seconds left.\n|\n|t:|1700313400\n|start\n|switch|p1a: Samurott|Samurott-Hisui, M|100\/100\n|switch|p2a: Sneasler|Sneasler, M|100\/100\n|turn|1\n|\n|t:|1700313425\n|switch|p1a: Great Tusk|Great Tusk|100\/100\n|move|p2a: Sneasler|U-turn|p1a: Great Tusk\n|-resisted|p1a: Great Tusk\n|-damage|p1a: Great Tusk|92\/100\n|-status|p1a: Great Tusk|psn|[from] ability: Poison Touch|[of] p2a: Sneasler\n|inactive|Anto&Remi has 270 seconds left.\n|inactive|Anto&Remi has 240 seconds left.\n|inactive|Anto&Remi has 210 seconds left.\n|\n|t:|1700313510\n|switch|p2a: Dragapult|Dragapult, M|100\/100|[from] U-turn\n|\n|-damage|p1a: Great Tusk|80\/100 psn|[from] psn\n|upkeep\n|turn|2\n|inactive|Navys_1 Zenord has 270 seconds left.\n|\n|t:|1700313546\n|-end|p1a: Great Tusk|Protosynthesis|[silent]\n|switch|p1a: Slowking|Slowking-Galar, F|100\/100\n|move|p2a: Dragapult|Hex|p1a: Slowking\n|-supereffective|p1a: Slowking\n|-damage|p1a: Slowking|68\/100\n|\n|upkeep\n|turn|3\n|inactive|Navys_1 Zenord has 270 seconds left.\n|inactive|Anto&Remi has 210 seconds left.\n|\n|t:|1700313576\n|move|p2a: Dragapult|Thunder Wave|p1a: Slowking\n|-status|p1a: Slowking|par\n|move|p1a: Slowking|Chilly Reception|p1a: Slowking\n|-weather|Snow\n|\n|t:|1700313591\n|switch|p1a: Samurott|Samurott-Hisui, M|100\/100|[from] Chilly Reception\n|\n|-weather|Snow|[upkeep]\n|upkeep\n|turn|4\n|inactive|Anto&Remi has 180 seconds left.\n|\n|t:|1700313620\n|switch|p2a: Clefable|Clefable, F|100\/100\n|move|p1a: Samurott|Ceaseless Edge|p2a: Clefable\n|-resisted|p2a: Clefable\n|-damage|p2a: Clefable|82\/100\n|-sidestart|p2: Anto&Remi|Spikes\n|\n|-weather|Snow|[upkeep]\n|upkeep\n|turn|5\n|inactive|Anto&Remi has 180 seconds left.\n|inactive|Anto&Remi has 150 seconds left.\n|\n|t:|1700313662\n|switch|p1a: Slowking|Slowking-Galar, F|100\/100 par\n|move|p2a: Clefable|Stealth Rock|p1a: Slowking\n|-sidestart|p1: Navys_1 Zenord|move: Stealth Rock\n|\n|-weather|Snow|[upkeep]\n|upkeep\n|turn|6\n|inactive|Anto&Remi has 150 seconds left.\n|\n|t:|1700313685\n|switch|p2a: Ting-Lu|Ting-Lu|100\/100\n|-damage|p2a: Ting-Lu|88\/100|[from] Spikes\n|-ability|p2a: Ting-Lu|Vessel of Ruin\n|move|p1a: Slowking|Future Sight|p2a: Ting-Lu\n|-start|p1a: Slowking|move: Future Sight\n|\n|-weather|Snow|[upkeep]\n|upkeep\n|turn|7\n|inactive|Navys_1 Zenord has 270 seconds left.\n|inactive|Navys_1 Zenord has 240 seconds left.\n|inactive|Anto&Remi has 120 seconds left.\n|\n|t:|1700313741\n|switch|p1a: Enamorus|Enamorus, F|100\/100\n|-damage|p1a: Enamorus|76\/100|[from] Stealth Rock\n|move|p2a: Ting-Lu|Earthquake|p1a: Enamorus\n|-immune|p1a: Enamorus\n|\n|-weather|none\n|upkeep\n|turn|8\n|inactive|Anto&Remi has 120 seconds left.\n|\n|t:|1700313764\n|switch|p2a: Corviknight|Corviknight, M|100\/100\n|-ability|p2a: Corviknight|Pressure\n|move|p1a: Enamorus|Moonblast|p2a: Corviknight\n|-resisted|p2a: Corviknight\n|-damage|p2a: Corviknight|63\/100\n|\n|-end|p2a: Corviknight|move: Future Sight\n|-resisted|p2a: Corviknight\n|-damage|p2a: Corviknight|42\/100\n|-heal|p2a: Corviknight|48\/100|[from] item: Leftovers\n|upkeep\n|turn|9\n|\n|t:|1700313787\n|switch|p1a: Cinderace|Cinderace, M|100\/100\n|move|p2a: Corviknight|Roost|p2a: Corviknight\n|-heal|p2a: Corviknight|98\/100\n|-singleturn|p2a: Corviknight|move: Roost\n|\n|-heal|p2a: Corviknight|100\/100|[from] item: Leftovers\n|upkeep\n|turn|10\n|inactive|Anto&Remi has 90 seconds left.\n|\n|t:|1700313817\n|switch|p2a: Dragapult|Dragapult, M|100\/100\n|move|p1a: Cinderace|Pyro Ball|p2a: Dragapult\n|-resisted|p2a: Dragapult\n|-damage|p2a: Dragapult|65\/100\n|\n|upkeep\n|turn|11\n|inactive|Anto&Remi has 90 seconds left.\n|\n|t:|1700313853\n|switch|p1a: Slowking|Slowking-Galar, F|100\/100 par\n|move|p2a: Dragapult|Thunder Wave|p1a: Slowking\n|-fail|p1a: Slowking|par\n|\n|upkeep\n|turn|12\n|inactive|Navys_1 Zenord has 210 seconds left.\n|\n|t:|1700313870\n|move|p2a: Dragapult|Hex|p1a: Slowking\n|-supereffective|p1a: Slowking\n|-damage|p1a: Slowking|38\/100 par\n|move|p1a: Slowking|Ice Beam|p2a: Dragapult\n|-supereffective|p2a: Dragapult\n|-damage|p2a: Dragapult|3\/100\n|\n|upkeep\n|turn|13\n|inactive|Navys_1 Zenord has 210 seconds left.\n|inactive|Navys_1 Zenord has 180 seconds left.\n|\n|t:|1700313930\n|move|p2a: Dragapult|Thunder Wave|p1a: Slowking\n|-fail|p1a: Slowking|par\n|move|p1a: Slowking|Chilly Reception|p1a: Slowking\n|-weather|Snow\n|\n|t:|1700313937\n|switch|p1a: Samurott|Samurott-Hisui, M|100\/100|[from] Chilly Reception\n|-damage|p1a: Samurott|88\/100|[from] Stealth Rock\n|\n|-weather|Snow|[upkeep]\n|upkeep\n|turn|14\n|inactive|Anto&Remi has 60 seconds left.\n|\n|t:|1700313960\n|switch|p2a: Clefable|Clefable, F|82\/100\n|move|p1a: Samurott|Flip Turn|p2a: Clefable\n|-damage|p2a: Clefable|61\/100\n|inactive|Navys_1 Zenord has 150 seconds left.\n|inactive|Navys_1 Zenord has 120 seconds left.\n|inactive|Navys_1 Zenord has 90 seconds left.\n|\n|t:|1700314064\n|switch|p1a: Ogerpon|Ogerpon-Wellspring, F|100\/100|[from] Flip Turn\n|-damage|p1a: Ogerpon|88\/100|[from] Stealth Rock\n|\n|-weather|Snow|[upkeep]\n|upkeep\n|turn|15\n|inactive|Anto&Remi has 60 seconds left.\n|inactive|Navys_1 Zenord has 60 seconds left.\n|inactive|Anto&Remi has 30 seconds left.\n|inactive|Anto&Remi has 20 seconds left.\n|inactive|Anto&Remi has 15 seconds left.\n|inactive|Anto&Remi has 10 seconds left.\n|\n|t:|1700314130\n|switch|p2a: Dragapult|Dragapult, M|3\/100\n|-terastallize|p1a: Ogerpon|Water\n|detailschange|p1a: Ogerpon|Ogerpon-Wellspring-Tera, F, tera:Water\n|-ability|p1a: Ogerpon|Embody Aspect (Wellspring)|boost\n|-boost|p1a: Ogerpon|spd|1\n|move|p1a: Ogerpon|Ivy Cudgel|p2a: Dragapult\n|-resisted|p2a: Dragapult\n|-damage|p2a: Dragapult|0 fnt\n|faint|p2a: Dragapult\n|\n|-weather|Snow|[upkeep]\n|upkeep\n|inactive|Anto&Remi has 15 seconds left this turn.\n|inactive|Anto&Remi has 10 seconds left.\n|\n|t:|1700314140\n|switch|p2a: Sneasler|Sneasler, M|100\/100\n|turn|16\n|inactive|Anto&Remi has 20 seconds left this turn.\n|\n|t:|1700314154\n|switch|p1a: Great Tusk|Great Tusk|80\/100 psn\n|move|p2a: Sneasler|U-turn|p1a: Great Tusk\n|-resisted|p1a: Great Tusk\n|-damage|p1a: Great Tusk|72\/100 psn\n|inactive|Anto&Remi has 25 seconds left this turn.\n|inactive|Anto&Remi has 20 seconds left.\n|\n|t:|1700314161\n|switch|p2a: Clefable|Clefable, F|61\/100|[from] U-turn\n|\n|-weather|Snow|[upkeep]\n|-damage|p1a: Great Tusk|60\/100 psn|[from] psn\n|upkeep\n|turn|17\n|inactive|Anto&Remi has 30 seconds left this turn.\n|\n|t:|1700314177\n|-end|p1a: Great Tusk|Protosynthesis|[silent]\n|switch|p1a: Slowking|Slowking-Galar, F|71\/100 par\n|move|p2a: Clefable|Moonlight|p2a: Clefable\n|-heal|p2a: Clefable|86\/100\n|\n|-weather|none\n|upkeep\n|turn|18\n|inactive|Anto&Remi has 30 seconds left.\n|\n|t:|1700314188\n|move|p2a: Clefable|Trick|p1a: Slowking\n|-activate|p2a: Clefable|move: Trick|[of] p1a: Slowking\n|-item|p1a: Slowking|Sticky Barb|[from] move: Trick\n|-item|p2a: Clefable|Heavy-Duty Boots|[from] move: Trick\n|cant|p1a: Slowking|par\n|\n|-damage|p1a: Slowking|59\/100 par|[from] item: Sticky Barb\n|upkeep\n|turn|19\n|inactive|Anto&Remi has 30 seconds left.\n|inactive|Anto&Remi has 20 seconds left.\n|\n|t:|1700314204\n|move|p2a: Clefable|Moonblast|p1a: Slowking\n|-resisted|p1a: Slowking\n|-damage|p1a: Slowking|50\/100 par\n|move|p1a: Slowking|Chilly Reception|p1a: Slowking\n|-weather|Snow\n|inactive|Anto&Remi has 25 seconds left this turn.\n|\n|t:|1700314233\n|switch|p1a: Ogerpon|Ogerpon-Wellspring-Tera, F, tera:Water|88\/100|[from] Chilly Reception\n|-damage|p1a: Ogerpon|76\/100|[from] Stealth Rock\n|-ability|p1a: Ogerpon|Embody Aspect (Wellspring)|boost\n|-boost|p1a: Ogerpon|spd|1\n|\n|-weather|Snow|[upkeep]\n|upkeep\n|turn|20\n|inactive|Anto&Remi has 30 seconds left.\n|inactive|Anto&Remi has 20 seconds left.\n|inactive|Anto&Remi has 15 seconds left.\n|\n|t:|1700314257\n|switch|p2a: Corviknight|Corviknight, M|100\/100\n|-ability|p2a: Corviknight|Pressure\n|move|p1a: Ogerpon|Swords Dance|p1a: Ogerpon\n|-boost|p1a: Ogerpon|atk|2\n|\n|-weather|Snow|[upkeep]\n|upkeep\n|turn|21\n|inactive|Anto&Remi has 25 seconds left this turn.\n|inactive|Anto&Remi has 20 seconds left.\n|inactive|Anto&Remi has 15 seconds left.\n|\n|t:|1700314269\n|move|p1a: Ogerpon|Ivy Cudgel|p2a: Corviknight\n|-damage|p2a: Corviknight|0 fnt\n|faint|p2a: Corviknight\n|\n|-weather|Snow|[upkeep]\n|upkeep\n|inactive|Anto&Remi has 20 seconds left this turn.\n|inactive|Anto&Remi has 15 seconds left.\n|\n|t:|1700314274\n|switch|p2a: Sneasler|Sneasler, M|100\/100\n|turn|22\n|inactive|Anto&Remi has 25 seconds left this turn.\n|\n|t:|1700314284\n|switch|p1a: Great Tusk|Great Tusk|60\/100 psn\n|move|p2a: Sneasler|Close Combat|p1a: Great Tusk\n|-damage|p1a: Great Tusk|18\/100 psn\n|-unboost|p2a: Sneasler|def|1\n|-unboost|p2a: Sneasler|spd|1\n|\n|-weather|Snow|[upkeep]\n|-damage|p1a: Great Tusk|6\/100 psn|[from] psn\n|upkeep\n|turn|23\n|inactive|Anto&Remi has 30 seconds left.\n|\n|t:|1700314293\n|move|p2a: Sneasler|Close Combat|p1a: Great Tusk\n|-damage|p1a: Great Tusk|0 fnt\n|-unboost|p2a: Sneasler|def|1\n|-unboost|p2a: Sneasler|spd|1\n|faint|p1a: Great Tusk\n|-end|p1a: Great Tusk|Protosynthesis|[silent]\n|\n|-weather|none\n|upkeep\n|\n|t:|1700314296\n|switch|p1a: Samurott|Samurott-Hisui, M|88\/100\n|-damage|p1a: Samurott|76\/100|[from] Stealth Rock\n|turn|24\n|\n|t:|1700314299\n|switch|p2a: Clefable|Clefable, F|86\/100\n|move|p1a: Samurott|Aqua Cutter|p2a: Clefable\n|-damage|p2a: Clefable|49\/100\n|\n|upkeep\n|turn|25\n|\n|t:|1700314307\n|switch|p1a: Slowking|Slowking-Galar, F|83\/100 par\n|-damage|p1a: Slowking|71\/100 par|[from] Stealth Rock\n|move|p2a: Clefable|Moonlight|p2a: Clefable\n|-heal|p2a: Clefable|99\/100\n|\n|-damage|p1a: Slowking|59\/100 par|[from] item: Sticky Barb\n|upkeep\n|turn|26\n|\n|t:|1700314333\n|switch|p2a: Gholdengo|Gholdengo|100\/100\n|-damage|p2a: Gholdengo|88\/100|[from] Spikes\n|cant|p1a: Slowking|par\n|\n|-heal|p2a: Gholdengo|94\/100|[from] item: Leftovers\n|-damage|p1a: Slowking|46\/100 par|[from] item: Sticky Barb\n|upkeep\n|turn|27\n|inactive|Navys_1 Zenord has 90 seconds left.\n|\n|t:|1700314359\n|switch|p1a: Samurott|Samurott-Hisui, M|76\/100\n|-damage|p1a: Samurott|63\/100|[from] Stealth Rock\n|move|p2a: Gholdengo|Shadow Ball|p1a: Samurott\n|-resisted|p1a: Samurott\n|-damage|p1a: Samurott|35\/100\n|\n|-heal|p2a: Gholdengo|99\/100|[from] item: Leftovers\n|upkeep\n|turn|28\n|inactive|Anto&Remi has 60 seconds left.\n|\n|t:|1700314368\n|switch|p2a: Clefable|Clefable, F|99\/100\n|move|p1a: Samurott|Flip Turn|p2a: Clefable\n|-damage|p2a: Clefable|77\/100\n|\n|t:|1700314370\n|switch|p1a: Enamorus|Enamorus, F|76\/100|[from] Flip Turn\n|-damage|p1a: Enamorus|51\/100|[from] Stealth Rock\n|\n|upkeep\n|turn|29\n|inactive|Anto&Remi has 60 seconds left.\n|\n|t:|1700314399\n|switch|p2a: Gholdengo|Gholdengo|99\/100\n|-damage|p2a: Gholdengo|88\/100|[from] Spikes\n|move|p1a: Enamorus|Moonblast|p2a: Gholdengo\n|-resisted|p2a: Gholdengo\n|-damage|p2a: Gholdengo|53\/100\n|\n|-heal|p2a: Gholdengo|59\/100|[from] item: Leftovers\n|upkeep\n|turn|30\n|\n|t:|1700314421\n|switch|p1a: Slowking|Slowking-Galar, F|79\/100 par\n|-damage|p1a: Slowking|67\/100 par|[from] Stealth Rock\n|move|p2a: Gholdengo|Shadow Ball|p1a: Slowking\n|-supereffective|p1a: Slowking\n|-damage|p1a: Slowking|27\/100 par\n|-unboost|p1a: Slowking|spd|1\n|\n|-heal|p2a: Gholdengo|65\/100|[from] item: Leftovers\n|-damage|p1a: Slowking|15\/100 par|[from] item: Sticky Barb\n|upkeep\n|turn|31\n|\n|t:|1700314431\n|move|p2a: Gholdengo|Shadow Ball|p1a: Slowking\n|-supereffective|p1a: Slowking\n|-damage|p1a: Slowking|0 fnt\n|faint|p1a: Slowking\n|\n|-heal|p2a: Gholdengo|71\/100|[from] item: Leftovers\n|upkeep\n|\n|t:|1700314438\n|switch|p1a: Ogerpon|Ogerpon-Wellspring-Tera, F, tera:Water|76\/100\n|-damage|p1a: Ogerpon|64\/100|[from] Stealth Rock\n|-ability|p1a: Ogerpon|Embody Aspect (Wellspring)|boost\n|-boost|p1a: Ogerpon|spd|1\n|turn|32\n|inactive|Navys_1 Zenord has 90 seconds left.\n|\n|t:|1700314463\n|switch|p2a: Ting-Lu|Ting-Lu|88\/100\n|-damage|p2a: Ting-Lu|76\/100|[from] Spikes\n|-ability|p2a: Ting-Lu|Vessel of Ruin\n|move|p1a: Ogerpon|Trailblaze|p2a: Ting-Lu\n|-supereffective|p2a: Ting-Lu\n|-crit|p2a: Ting-Lu\n|-damage|p2a: Ting-Lu|25\/100\n|-boost|p1a: Ogerpon|spe|1\n|\n|upkeep\n|turn|33\n|inactive|Navys_1 Zenord has 90 seconds left.\n|inactive|Anto&Remi has 30 seconds left.\n|\n|t:|1700314481\n|move|p1a: Ogerpon|Trailblaze|p2a: Ting-Lu\n|-supereffective|p2a: Ting-Lu\n|-crit|p2a: Ting-Lu\n|-damage|p2a: Ting-Lu|0 fnt\n|-boost|p1a: Ogerpon|spe|1\n|faint|p2a: Ting-Lu\n|\n|upkeep\n|inactive|Anto&Remi has 30 seconds left.\n|inactive|Anto&Remi has 20 seconds left.\n|inactive|Anto&Remi has 15 seconds left.\n|\n|t:|1700314502\n|switch|p2a: Clefable|Clefable, F|77\/100\n|turn|34\n|inactive|Anto&Remi has 25 seconds left this turn.\n|inactive|Anto&Remi has 20 seconds left.\n|\n|t:|1700314512\n|move|p1a: Ogerpon|Ivy Cudgel|p2a: Clefable\n|-damage|p2a: Clefable|13\/100\n|move|p2a: Clefable|Moonblast|p1a: Ogerpon\n|-damage|p1a: Ogerpon|38\/100\n|\n|upkeep\n|turn|35\n|inactive|Anto&Remi has 30 seconds left this turn.\n|\n|t:|1700314518\n|move|p1a: Ogerpon|Ivy Cudgel|p2a: Clefable\n|-damage|p2a: Clefable|0 fnt\n|faint|p2a: Clefable\n|\n|upkeep\n|inactive|Anto&Remi has 30 seconds left this turn.\n|\n|t:|1700314521\n|switch|p2a: Gholdengo|Gholdengo|71\/100\n|-damage|p2a: Gholdengo|59\/100|[from] Spikes\n|turn|36\n|inactive|Navys_1 Zenord has 120 seconds left.\n|\n|t:|1700314532\n|move|p1a: Ogerpon|Ivy Cudgel|p2a: Gholdengo\n|-damage|p2a: Gholdengo|5\/100\n|move|p2a: Gholdengo|Shadow Ball|p1a: Ogerpon\n|-damage|p1a: Ogerpon|10\/100\n|\n|-heal|p2a: Gholdengo|11\/100|[from] item: Leftovers\n|upkeep\n|turn|37\n|inactive|Navys_1 Zenord has 120 seconds left.\n|\n|t:|1700314544\n|move|p1a: Ogerpon|Ivy Cudgel|p2a: Gholdengo\n|-crit|p2a: Gholdengo\n|-damage|p2a: Gholdengo|0 fnt\n|faint|p2a: Gholdengo\n|\n|upkeep\n|\n|t:|1700314546\n|switch|p2a: Sneasler|Sneasler, M|100\/100\n|turn|38\n|\n|t:|1700314552\n|move|p1a: Ogerpon|Ivy Cudgel|p2a: Sneasler\n|-damage|p2a: Sneasler|0 fnt\n|faint|p2a: Sneasler\n|\n|win|Navys_1 Zenord\n|c|\u2606Navys_1 Zenord|gg\n|player|p1|Navys_1 Zenord|266\n|c|\u2606Anto&Remi|gg\n|player|p1|\n|player|p1|Navys_1 Zenord|266\n|player|p1|\n","uploadtime":1700314553,"views":21,"p1id":"navys1zenord","p2id":"antoremi","formatid":"gen9ubers","rating":0,"private":0,"password":""}