{"id":"smogtours-gen9ubers-725313","p1":"Taka","p2":"Lasen","format":"[Gen 9] Ubers","log":"|inactive|Battle timer is ON: inactive players will automatically lose when time's up.\n|t:|1697934253\n|gametype|singles\n|player|p1|Taka|#scl3spartans|\n|player|p2|Lasen|#teamballo2023|\n|teamsize|p1|6\n|teamsize|p2|6\n|gen|9\n|tier|[Gen 9] Ubers\n|rule|Sleep Clause Mod: Limit one foe put to sleep\n|rule|Species Clause: Limit one of each Pok\u00e9mon\n|rule|OHKO Clause: OHKO moves are banned\n|rule|Evasion Items Clause: Evasion items are banned\n|rule|Evasion Moves Clause: Evasion moves are banned\n|rule|Endless Battle Clause: Forcing endless battles is banned\n|rule|HP Percentage Mod: HP is shown in percentages\n|clearpoke\n|poke|p1|Kyogre|\n|poke|p1|Arceus-Ground|\n|poke|p1|Landorus-Therian, M|\n|poke|p1|Koraidon|\n|poke|p1|Zacian-*|\n|poke|p1|Miraidon|\n|poke|p2|Glimmora, M|\n|poke|p2|Zacian-*|\n|poke|p2|Koraidon|\n|poke|p2|Arceus-Ground|\n|poke|p2|Kingambit, M|\n|poke|p2|Calyrex-Ice|\n|teampreview\n|inactive|Taka also wants the timer to be on.\n|inactive|Lasen also wants the timer to be on.\n|c|\u2606Lasen|hf king\n|c|\u2606Taka|u2 \n|c|\u2606Lasen|why you loading an SCL-ass team\n|inactive|Taka has 270 seconds left.\n|inactive|Lasen has 270 seconds left.\n|c|\u2606Lasen|and I'm out here\n|c|\u2606Lasen|with a glim\n|c|\u2606Taka|https:\/\/www.google.com\/url?sa=i&url=https%3A%2F%2Fwww.deviantart.com%2Fkaft10%2Fart%2FGreen-Groudon-375458931&psig=AOvVaw02HvPIhEY33RcXiCDgIVfF&ust=1698020698542000&source=images&cd=vfe&opi=89978449&ved=0CBAQjRxqFwoTCMDVpJayiIIDFQAAAAAdAAAAABAD\n|inactive|Taka has 240 seconds left.\n|c|\u2606Lasen|wtf is this\n|c|+corvere|green groudon.\n|c|\u2606Lasen|\/\/ignore spectators\n|\n|t:|1697934342\n|start\n|switch|p1a: Miraidon|Miraidon|100\/100\n|switch|p2a: Glimmora|Glimmora, M|100\/100\n|-fieldstart|move: Electric Terrain|[from] ability: Hadron Engine|[of] p1a: Miraidon\n|-enditem|p1a: Miraidon|Electric Seed\n|-boost|p1a: Miraidon|def|1|[from] item: Electric Seed\n|turn|1\n|c|\u2606Lasen|\/\/ignore opponent\n|c|\u2606Lasen|\/\/demote taka, roomvoice\n|inactive|Taka has 270 seconds left.\n|c|\u2606Lasen|\/\/demote corvere, peruvian\n|c|+corvere|cope\n|\n|t:|1697934377\n|move|p1a: Miraidon|Agility|p1a: Miraidon\n|-boost|p1a: Miraidon|spe|2\n|move|p2a: Glimmora|Mud Shot|p1a: Miraidon\n|-supereffective|p1a: Miraidon\n|-damage|p1a: Miraidon|71\/100\n|-unboost|p1a: Miraidon|spe|1\n|\n|upkeep\n|turn|2\n|c|\u2606Lasen|im trying to cope\n|c|\u2606Lasen|but you are not letting me\n|inactive|Taka has 240 seconds left.\n|\n|t:|1697934403\n|move|p1a: Miraidon|Parabolic Charge|p2a: Glimmora\n|-damage|p2a: Glimmora|7\/100\n|-heal|p1a: Miraidon|100\/100|[from] drain|[of] p2a: Glimmora\n|move|p2a: Glimmora|Mud Shot|p1a: Miraidon\n|-supereffective|p1a: Miraidon\n|-damage|p1a: Miraidon|74\/100\n|-unboost|p1a: Miraidon|spe|1\n|\n|upkeep\n|turn|3\n|inactive|Taka has 240 seconds left.\n|\n|t:|1697934414\n|move|p1a: Miraidon|Agility|p1a: Miraidon\n|-boost|p1a: Miraidon|spe|2\n|move|p2a: Glimmora|Stealth Rock|p1a: Miraidon\n|-sidestart|p1: Taka|move: Stealth Rock\n|\n|upkeep\n|turn|4\n|inactive|Taka has 240 seconds left.\n|\n|t:|1697934424\n|move|p1a: Miraidon|Dragon Pulse|p2a: Glimmora\n|-damage|p2a: Glimmora|0 fnt\n|faint|p2a: Glimmora\n|\n|upkeep\n|\n|t:|1697934427\n|switch|p2a: Arceus|Arceus-Ground|100\/100\n|turn|5\n|\n|t:|1697934440\n|move|p1a: Miraidon|Dragon Pulse|p2a: Arceus\n|-damage|p2a: Arceus|58\/100\n|move|p2a: Arceus|Judgment|p1a: Miraidon\n|-supereffective|p1a: Miraidon\n|-damage|p1a: Miraidon|0 fnt\n|faint|p1a: Miraidon\n|\n|-fieldend|move: Electric Terrain\n|upkeep\n|c|\u2606Lasen|if I see you tera fly here\n|c|\u2606Lasen|ok good\n|inactive|Taka has 240 seconds left.\n|\n|t:|1697934450\n|switch|p1a: Koraidon|Koraidon|100\/100\n|-damage|p1a: Koraidon|94\/100|[from] Stealth Rock\n|-weather|SunnyDay|[from] ability: Orichalcum Pulse|[of] p1a: Koraidon\n|-activate|p1a: Koraidon|Orichalcum Pulse|[source]\n|turn|6\n|inactive|Taka has 240 seconds left.\n|\n|t:|1697934479\n|switch|p2a: Zacian|Zacian-Crowned|100\/100\n|-ability|p2a: Zacian|Intrepid Sword|boost\n|-boost|p2a: Zacian|atk|1\n|move|p1a: Koraidon|Flare Blitz|p2a: Zacian\n|-supereffective|p2a: Zacian\n|-damage|p2a: Zacian|0 fnt\n|faint|p2a: Zacian\n|-damage|p1a: Koraidon|63\/100|[from] Recoil\n|\n|-weather|SunnyDay|[upkeep]\n|upkeep\n|c|\u2606Lasen|hard?\n|\n|t:|1697934488\n|switch|p2a: Koraidon|Koraidon|100\/100\n|-activate|p2a: Koraidon|ability: Orichalcum Pulse\n|turn|7\n|\n|t:|1697934505\n|switch|p1a: Zacian|Zacian-Crowned, shiny|100\/100\n|-damage|p1a: Zacian|94\/100|[from] Stealth Rock\n|-ability|p1a: Zacian|Intrepid Sword|boost\n|-boost|p1a: Zacian|atk|1\n|move|p2a: Koraidon|Low Kick|p1a: Zacian\n|-damage|p1a: Zacian|11\/100\n|\n|-weather|SunnyDay|[upkeep]\n|upkeep\n|turn|8\n|inactive|Taka disconnected and has 300 seconds to reconnect!\n|player|p1|\n|inactive|Taka reconnected and has 225 seconds left.\n|player|p1|Taka|#scl3spartans\n|c|\u2606Lasen|wincon secured\n|c|\u2606Lasen|nvm\n|inactive|Lasen has 270 seconds left.\n|inactive|Taka has 210 seconds left.\n|\n|t:|1697934543\n|move|p1a: Zacian|Close Combat|p2a: Koraidon\n|-damage|p2a: Koraidon|37\/100\n|-unboost|p1a: Zacian|def|1\n|-unboost|p1a: Zacian|spd|1\n|move|p2a: Koraidon|Low Kick|p1a: Zacian\n|-damage|p1a: Zacian|0 fnt\n|faint|p1a: Zacian\n|\n|-weather|SunnyDay|[upkeep]\n|upkeep\n|inactive|Taka has 210 seconds left.\n|\n|t:|1697934557\n|switch|p1a: Koraidon|Koraidon|63\/100\n|-damage|p1a: Koraidon|57\/100|[from] Stealth Rock\n|-activate|p1a: Koraidon|ability: Orichalcum Pulse\n|turn|9\n|inactive|Lasen has 270 seconds left.\n|\n|t:|1697934565\n|switch|p2a: Arceus|Arceus-Ground|58\/100\n|move|p1a: Koraidon|Dragon Claw|p2a: Arceus\n|-damage|p2a: Arceus|21\/100\n|\n|-weather|SunnyDay|[upkeep]\n|upkeep\n|turn|10\n|\n|t:|1697934574\n|move|p1a: Koraidon|Dragon Claw|p2a: Arceus\n|-damage|p2a: Arceus|0 fnt\n|faint|p2a: Arceus\n|\n|-weather|none\n|upkeep\n|\n|t:|1697934579\n|switch|p2a: Calyrex|Calyrex-Ice|100\/100\n|-ability|p2a: Calyrex|As One\n|-ability|p2a: Calyrex|Unnerve\n|turn|11\n|\n|t:|1697934596\n|switch|p1a: Kyogre|Kyogre|100\/100\n|-damage|p1a: Kyogre|88\/100|[from] Stealth Rock\n|-weather|RainDance|[from] ability: Drizzle|[of] p1a: Kyogre\n|switch|p2a: Koraidon|Koraidon|37\/100\n|-weather|SunnyDay|[from] ability: Orichalcum Pulse|[of] p2a: Koraidon\n|-activate|p2a: Koraidon|Orichalcum Pulse|[source]\n|\n|-weather|SunnyDay|[upkeep]\n|-heal|p1a: Kyogre|94\/100|[from] item: Leftovers\n|upkeep\n|turn|12\n|\n|t:|1697934600\n|switch|p1a: Landorus|Landorus-Therian, M|100\/100\n|-damage|p1a: Landorus|88\/100|[from] Stealth Rock\n|-ability|p1a: Landorus|Intimidate|boost\n|-unboost|p2a: Koraidon|atk|1\n|move|p2a: Koraidon|Low Kick|p1a: Landorus\n|-resisted|p1a: Landorus\n|-damage|p1a: Landorus|75\/100\n|-damage|p2a: Koraidon|21\/100|[from] item: Rocky Helmet|[of] p1a: Landorus\n|\n|-weather|SunnyDay|[upkeep]\n|upkeep\n|turn|13\n|inactive|Taka has 240 seconds left.\n|\n|t:|1697934615\n|move|p2a: Koraidon|Swords Dance|p2a: Koraidon\n|-boost|p2a: Koraidon|atk|2\n|move|p1a: Landorus|Earthquake|p2a: Koraidon\n|-damage|p2a: Koraidon|0 fnt\n|faint|p2a: Koraidon\n|\n|-weather|SunnyDay|[upkeep]\n|upkeep\n|\n|t:|1697934619\n|switch|p2a: Calyrex|Calyrex-Ice|100\/100\n|-ability|p2a: Calyrex|As One\n|-ability|p2a: Calyrex|Unnerve\n|turn|14\n|\n|t:|1697934624\n|move|p1a: Landorus|U-turn|p2a: Calyrex\n|-supereffective|p2a: Calyrex\n|-damage|p2a: Calyrex|75\/100\n|-enditem|p2a: Calyrex|Weakness Policy\n|-boost|p2a: Calyrex|atk|2|[from] item: Weakness Policy\n|-boost|p2a: Calyrex|spa|2|[from] item: Weakness Policy\n|\n|t:|1697934625\n|switch|p1a: Kyogre|Kyogre|94\/100|[from] U-turn\n|-damage|p1a: Kyogre|82\/100|[from] Stealth Rock\n|-weather|RainDance|[from] ability: Drizzle|[of] p1a: Kyogre\n|move|p2a: Calyrex|Trick Room|p2a: Calyrex\n|-fieldstart|move: Trick Room|[of] p2a: Calyrex\n|\n|-weather|RainDance|[upkeep]\n|-heal|p1a: Kyogre|88\/100|[from] item: Leftovers\n|upkeep\n|turn|15\n|c|\u2606Lasen|OH YOU THOUGHT HUH\n|c|\u2606Taka|hmm\n|inactive|Taka has 240 seconds left.\n|\n|t:|1697934670\n|move|p2a: Calyrex|Glacial Lance|p1a: Kyogre\n|-resisted|p1a: Kyogre\n|-damage|p1a: Kyogre|20\/100\n|move|p1a: Kyogre|Origin Pulse|p2a: Calyrex\n|-damage|p2a: Calyrex|4\/100\n|\n|-weather|RainDance|[upkeep]\n|-heal|p1a: Kyogre|27\/100|[from] item: Leftovers\n|upkeep\n|turn|16\n|\n|t:|1697934692\n|move|p2a: Calyrex|Glacial Lance|p1a: Kyogre\n|-resisted|p1a: Kyogre\n|-damage|p1a: Kyogre|0 fnt\n|faint|p1a: Kyogre\n|-ability|p2a: Calyrex|Chilling Neigh|boost\n|-boost|p2a: Calyrex|atk|1\n|\n|-weather|RainDance|[upkeep]\n|upkeep\n|inactive|Taka has 210 seconds left.\n|c|\u2606Lasen|!dt glacial lance\n|raw|<ul class=\"utilichart\"><li class=\"result\"><span class=\"col movenamecol\"><a href=\"https:\/\/dex.pokemonshowdown.com\/moves\/glaciallance\">Glacial Lance<\/a><\/span> <span class=\"col typecol\"><img src=\"\/\/play.pokemonshowdown.com\/sprites\/types\/Ice.png\" alt=\"Ice\" width=\"32\" height=\"14\"><img src=\"\/\/play.pokemonshowdown.com\/sprites\/categories\/Physical.png\" alt=\"Physical\" width=\"32\" height=\"14\"><\/span> <span class=\"col labelcol\"><em>Power<\/em><br>120<\/span> <span class=\"col widelabelcol\"><em>Accuracy<\/em><br>100%<\/span> <span class=\"col pplabelcol\"><em>PP<\/em><br>8<\/span> <span class=\"col movedesccol\">No additional effect. Hits adjacent foes.<\/span> <\/li><li style=\"clear:both\"><\/li><\/ul>\n|raw|<font size=\"1\"><font color=\"#686868\">Priority:<\/font> 0&nbsp;|&ThickSpace;<font color=\"#686868\">Gen:<\/font> 8&nbsp;|&ThickSpace;<font color=\"#686868\">Z-Power:<\/font> 190&nbsp;|&ThickSpace;<font color=\"#686868\">Dynamax Power:<\/font> 140&nbsp;|&ThickSpace;<font color=\"#686868\">Target:<\/font> All Adjacent Opponents<\/font>\n\n|c|\u2606Lasen|!dt u-turn\n|raw|<ul class=\"utilichart\"><li class=\"result\"><span class=\"col movenamecol\"><a href=\"https:\/\/dex.pokemonshowdown.com\/moves\/uturn\">U-turn<\/a><\/span> <span class=\"col typecol\"><img src=\"\/\/play.pokemonshowdown.com\/sprites\/types\/Bug.png\" alt=\"Bug\" width=\"32\" height=\"14\"><img src=\"\/\/play.pokemonshowdown.com\/sprites\/categories\/Physical.png\" alt=\"Physical\" width=\"32\" height=\"14\"><\/span> <span class=\"col labelcol\"><em>Power<\/em><br>70<\/span> <span class=\"col widelabelcol\"><em>Accuracy<\/em><br>100%<\/span> <span class=\"col pplabelcol\"><em>PP<\/em><br>32<\/span> <span class=\"col movedesccol\">User switches out after damaging the target.<\/span> <\/li><li style=\"clear:both\"><\/li><\/ul>\n|raw|<font size=\"1\"><font color=\"#686868\">Priority:<\/font> 0&nbsp;|&ThickSpace;<font color=\"#686868\">Gen:<\/font> 4&nbsp;|&ThickSpace;&#10003; Contact&nbsp;|&ThickSpace;<font color=\"#686868\">Z-Power:<\/font> 140&nbsp;|&ThickSpace;<font color=\"#686868\">Dynamax Power:<\/font> 120&nbsp;|&ThickSpace;<font color=\"#686868\">Target:<\/font> One Adjacent Pok\u00e9mon<\/font>\n\n|c|\u2606Lasen|ok it's not contact\n|inactive|Taka has 180 seconds left.\n|c|\u2606Lasen|I remembered right\n|inactive|Taka has 150 seconds left.\n|inactive|Taka has 120 seconds left.\n|inactive|Taka has 90 seconds left.\n|inactive|Taka has 60 seconds left.\n|\n|t:|1697934856\n|switch|p1a: Landorus|Landorus-Therian, M|75\/100\n|-damage|p1a: Landorus|62\/100|[from] Stealth Rock\n|-ability|p1a: Landorus|Intimidate|boost\n|-unboost|p2a: Calyrex|atk|1\n|turn|17\n|inactive|Taka has 60 seconds left.\n|\n|t:|1697934876\n|move|p2a: Calyrex|Glacial Lance|p1a: Landorus\n|-supereffective|p1a: Landorus\n|-damage|p1a: Landorus|0 fnt\n|faint|p1a: Landorus\n|-ability|p2a: Calyrex|Chilling Neigh|boost\n|-boost|p2a: Calyrex|atk|1\n|\n|-weather|RainDance|[upkeep]\n|upkeep\n|\n|t:|1697934895\n|switch|p1a: Koraidon|Koraidon|57\/100\n|-damage|p1a: Koraidon|51\/100|[from] Stealth Rock\n|-weather|SunnyDay|[from] ability: Orichalcum Pulse|[of] p1a: Koraidon\n|-activate|p1a: Koraidon|Orichalcum Pulse|[source]\n|turn|18\n|\n|t:|1697934904\n|move|p2a: Calyrex|Glacial Lance|p1a: Koraidon\n|-supereffective|p1a: Koraidon\n|-damage|p1a: Koraidon|0 fnt\n|faint|p1a: Koraidon\n|-ability|p2a: Calyrex|Chilling Neigh|boost\n|-boost|p2a: Calyrex|atk|1\n|\n|-weather|SunnyDay|[upkeep]\n|-fieldend|move: Trick Room\n|upkeep\n|\n|t:|1697934905\n|switch|p1a: Arceus|Arceus-Ground|100\/100\n|-damage|p1a: Arceus|94\/100|[from] Stealth Rock\n|turn|19\n|\n|t:|1697934908\n|move|p1a: Arceus|Earthquake|p2a: Calyrex\n|-damage|p2a: Calyrex|0 fnt\n|faint|p2a: Calyrex\n|\n|-weather|SunnyDay|[upkeep]\n|upkeep\n|\n|t:|1697934910\n|switch|p2a: Kingambit|Kingambit, M|100\/100\n|-activate|p2a: Kingambit|ability: Supreme Overlord\n|-start|p2a: Kingambit|fallen5|[silent]\n|turn|20\n|inactive|Taka has 60 seconds left.\n|inactive|Lasen has 270 seconds left.\n|inactive|Taka has 30 seconds left.\n|inactive|Taka has 20 seconds left.\n|\n|t:|1697934975\n|-terastallize|p2a: Kingambit|Dark\n|move|p1a: Arceus|Earthquake|p2a: Kingambit\n|-damage|p2a: Kingambit|62\/100\n|move|p2a: Kingambit|Kowtow Cleave|p1a: Arceus\n|-damage|p1a: Arceus|9\/100\n|\n|-weather|SunnyDay|[upkeep]\n|upkeep\n|turn|21\n|inactive|Taka has 30 seconds left this turn.\n|inactive|Taka has 20 seconds left.\n|inactive|Taka has 15 seconds left.\n|inactive|Lasen has 240 seconds left.\n|inactive|Taka has 10 seconds left.\n|inactive|Taka has 5 seconds left.\n|\n|t:|1697935002\n|-terastallize|p1a: Arceus|Fairy\n|move|p2a: Kingambit|Sucker Punch||[still]\n|-fail|p2a: Kingambit\n|move|p1a: Arceus|Recover|p1a: Arceus\n|-heal|p1a: Arceus|59\/100\n|\n|-weather|SunnyDay|[upkeep]\n|upkeep\n|turn|22\n|inactive|Taka has 15 seconds left this turn.\n|inactive|Taka has 10 seconds left.\n|\n|t:|1697935011\n|move|p1a: Arceus|Earthquake|p2a: Kingambit\n|-damage|p2a: Kingambit|29\/100\n|move|p2a: Kingambit|Iron Head|p1a: Arceus\n|-supereffective|p1a: Arceus\n|-damage|p1a: Arceus|0 fnt\n|faint|p1a: Arceus\n|\n|win|Lasen\n|inactive|Taka has 15 seconds left this turn.\n|c|\u2606Lasen|gg\n|c|\u2606Taka|gg\n","uploadtime":1697935012,"views":129,"p1id":"taka","p2id":"lasen","formatid":"gen9ubers","rating":0,"private":0,"password":""}