{"id":"smogtours-gen9ubers-731431","p1":"Alan folder","p2":"CTLM&Shykimi","format":"[Gen 9] Ubers","log":"|inactive|Battle timer is ON: inactive players will automatically lose when time's up.\n|t:|1700403238\n|gametype|singles\n|player|p1|Alan folder|penny|\n|player|p2|CTLM&Shykimi|n-masters|\n|teamsize|p1|6\n|teamsize|p2|6\n|gen|9\n|tier|[Gen 9] Ubers\n|rule|Sleep Clause Mod: Limit one foe put to sleep\n|rule|Species Clause: Limit one of each Pok\u00e9mon\n|rule|OHKO Clause: OHKO moves are banned\n|rule|Evasion Items Clause: Evasion items are banned\n|rule|Evasion Moves Clause: Evasion moves are banned\n|rule|Endless Battle Clause: Forcing endless battles is banned\n|rule|HP Percentage Mod: HP is shown in percentages\n|clearpoke\n|poke|p1|Great Tusk|\n|poke|p1|Rillaboom, M|\n|poke|p1|Dragapult, M|\n|poke|p1|Heatran, F|\n|poke|p1|Sneasler, M|\n|poke|p1|Kingambit, M|\n|poke|p2|Zamazenta-*|\n|poke|p2|Ting-Lu|\n|poke|p2|Samurott-Hisui, M|\n|poke|p2|Sneasler, F|\n|poke|p2|Gliscor, F|\n|poke|p2|Gholdengo|\n|teampreview\n|c|\u2606Alan folder|hf\n|c|%Beka|hf\n|inactive|Alan folder has 270 seconds left.\n|inactive|CTLM&Shykimi has 270 seconds left.\n|inactive|Alan folder has 240 seconds left.\n|inactive|CTLM&Shykimi has 240 seconds left.\n|\n|t:|1700403308\n|start\n|switch|p1a: SCARED OF LOVE|Rillaboom, M|100\/100\n|switch|p2a: Gliscor|Gliscor, F|100\/100\n|-fieldstart|move: Grassy Terrain|[from] ability: Grassy Surge|[of] p1a: SCARED OF LOVE\n|turn|1\n|\n|t:|1700403316\n|move|p2a: Gliscor|Protect|p2a: Gliscor\n|-singleturn|p2a: Gliscor|Protect\n|move|p1a: SCARED OF LOVE|Wood Hammer|p2a: Gliscor\n|-activate|p2a: Gliscor|move: Protect\n|\n|-status|p2a: Gliscor|tox|[from] item: Toxic Orb\n|upkeep\n|turn|2\n|inactive|CTLM&Shykimi has 270 seconds left.\n|inactive|CTLM&Shykimi has 240 seconds left.\n|\n|t:|1700403383\n|switch|p2a: Gholdengo|Gholdengo|100\/100\n|-item|p2a: Gholdengo|Air Balloon\n|move|p1a: SCARED OF LOVE|Wood Hammer|p2a: Gholdengo\n|-resisted|p2a: Gholdengo\n|-damage|p2a: Gholdengo|58\/100\n|-enditem|p2a: Gholdengo|Air Balloon\n|-damage|p1a: SCARED OF LOVE|85\/100|[from] Recoil\n|\n|-heal|p1a: SCARED OF LOVE|91\/100|[from] Grassy Terrain\n|-heal|p2a: Gholdengo|64\/100|[from] Grassy Terrain\n|upkeep\n|turn|3\n|inactive|CTLM&Shykimi has 240 seconds left.\n|\n|t:|1700403400\n|switch|p1a: RIOT|Heatran, F|100\/100\n|-item|p1a: RIOT|Air Balloon\n|move|p2a: Gholdengo|Recover|p2a: Gholdengo\n|-heal|p2a: Gholdengo|100\/100\n|\n|upkeep\n|turn|4\n|c|+Inder|c qui \u00e7a riot\n|c|+AzZoCcX|?\n|c|\u2606Alan folder|xxxtentacion\n|inactive|CTLM&Shykimi has 210 seconds left.\n|c|+Inder|rah ouais\n|inactive|CTLM&Shykimi has 180 seconds left.\n|\n|t:|1700403470\n|switch|p2a: Gliscor|Gliscor, F|100\/100 tox\n|move|p1a: RIOT|Stealth Rock|p2a: Gliscor\n|-sidestart|p2: CTLM&Shykimi|move: Stealth Rock\n|\n|upkeep\n|turn|5\n|\n|t:|1700403493\n|move|p1a: RIOT|Magma Storm|p2a: Gliscor\n|-damage|p2a: Gliscor|67\/100 tox\n|-activate|p2a: Gliscor|move: Magma Storm|[of] p1a: RIOT\n|move|p2a: Gliscor|Ice Fang|p1a: RIOT\n|-resisted|p1a: RIOT\n|-damage|p1a: RIOT|97\/100\n|-enditem|p1a: RIOT|Air Balloon\n|\n|-heal|p1a: RIOT|100\/100|[from] Grassy Terrain\n|-heal|p2a: Gliscor|80\/100 tox|[from] ability: Poison Heal\n|-damage|p2a: Gliscor|67\/100 tox|[from] move: Magma Storm|[partiallytrapped]\n|-fieldend|move: Grassy Terrain\n|upkeep\n|turn|6\n|inactive|CTLM&Shykimi has 180 seconds left.\n|inactive|Alan folder has 270 seconds left.\n|\n|t:|1700403526\n|switch|p1a: SCARED OF LOVE|Rillaboom, M|91\/100\n|-fieldstart|move: Grassy Terrain|[from] ability: Grassy Surge|[of] p1a: SCARED OF LOVE\n|move|p2a: Gliscor|Toxic|p1a: SCARED OF LOVE\n|-status|p1a: SCARED OF LOVE|tox\n|\n|-heal|p1a: SCARED OF LOVE|97\/100 tox|[from] Grassy Terrain\n|-damage|p1a: SCARED OF LOVE|91\/100 tox|[from] psn\n|-heal|p2a: Gliscor|80\/100 tox|[from] ability: Poison Heal\n|-end|p2a: Gliscor|Magma Storm|[partiallytrapped]|[silent]\n|upkeep\n|turn|7\n|inactive|CTLM&Shykimi has 180 seconds left.\n|\n|t:|1700403536\n|move|p2a: Gliscor|Protect|p2a: Gliscor\n|-singleturn|p2a: Gliscor|Protect\n|move|p1a: SCARED OF LOVE|Wood Hammer|p2a: Gliscor\n|-activate|p2a: Gliscor|move: Protect\n|\n|-heal|p1a: SCARED OF LOVE|97\/100 tox|[from] Grassy Terrain\n|-damage|p1a: SCARED OF LOVE|85\/100 tox|[from] psn\n|-heal|p2a: Gliscor|92\/100 tox|[from] ability: Poison Heal\n|upkeep\n|turn|8\n|\n|t:|1700403542\n|switch|p2a: Gholdengo|Gholdengo|100\/100\n|-damage|p2a: Gholdengo|94\/100|[from] Stealth Rock\n|move|p1a: SCARED OF LOVE|Wood Hammer|p2a: Gholdengo\n|-resisted|p2a: Gholdengo\n|-damage|p2a: Gholdengo|48\/100\n|-damage|p1a: SCARED OF LOVE|68\/100 tox|[from] Recoil\n|\n|-heal|p1a: SCARED OF LOVE|74\/100 tox|[from] Grassy Terrain\n|-heal|p2a: Gholdengo|54\/100|[from] Grassy Terrain\n|-damage|p1a: SCARED OF LOVE|56\/100 tox|[from] psn\n|upkeep\n|turn|9\n|\n|t:|1700403551\n|switch|p1a: CREME|Kingambit, M|100\/100\n|move|p2a: Gholdengo|Recover|p2a: Gholdengo\n|-heal|p2a: Gholdengo|100\/100\n|\n|upkeep\n|turn|10\n|inactive|CTLM&Shykimi has 180 seconds left.\n|\n|t:|1700403598\n|switch|p2a: Samurott|Samurott-Hisui, M|100\/100\n|move|p1a: CREME|Iron Head|p2a: Samurott\n|-resisted|p2a: Samurott\n|-damage|p2a: Samurott|74\/100\n|\n|-heal|p2a: Samurott|80\/100|[from] Grassy Terrain\n|-fieldend|move: Grassy Terrain\n|upkeep\n|turn|11\n|\n|t:|1700403612\n|move|p2a: Samurott|Ceaseless Edge|p1a: CREME\n|-resisted|p1a: CREME\n|-damage|p1a: CREME|79\/100\n|-sidestart|p1: Alan folder|Spikes\n|move|p1a: CREME|Kowtow Cleave|p2a: Samurott\n|-resisted|p2a: Samurott\n|-damage|p2a: Samurott|53\/100\n|\n|upkeep\n|turn|12\n|\n|t:|1700403621\n|move|p2a: Samurott|Aqua Cutter|p1a: CREME\n|-damage|p1a: CREME|38\/100\n|move|p1a: CREME|Kowtow Cleave|p2a: Samurott\n|-resisted|p2a: Samurott\n|-crit|p2a: Samurott\n|-damage|p2a: Samurott|8\/100\n|\n|upkeep\n|turn|13\n|\n|t:|1700403636\n|-end|p1a: CREME|fallenundefined|[silent]\n|switch|p1a: SCARED OF LOVE|Rillaboom, M|56\/100 tox\n|-damage|p1a: SCARED OF LOVE|43\/100 tox|[from] Spikes\n|-fieldstart|move: Grassy Terrain|[from] ability: Grassy Surge|[of] p1a: SCARED OF LOVE\n|move|p2a: Samurott|Encore||[still]\n|-fail|p2a: Samurott\n|\n|-heal|p1a: SCARED OF LOVE|49\/100 tox|[from] Grassy Terrain\n|-heal|p2a: Samurott|14\/100|[from] Grassy Terrain\n|-damage|p1a: SCARED OF LOVE|43\/100 tox|[from] psn\n|upkeep\n|turn|14\n|inactive|CTLM&Shykimi has 150 seconds left.\n|\n|t:|1700403668\n|switch|p2a: Zamazenta|Zamazenta|100\/100\n|-ability|p2a: Zamazenta|Dauntless Shield|boost\n|-boost|p2a: Zamazenta|def|1\n|move|p1a: SCARED OF LOVE|Grassy Glide|p2a: Zamazenta\n|-damage|p2a: Zamazenta|63\/100\n|\n|-heal|p2a: Zamazenta|69\/100|[from] Grassy Terrain\n|-heal|p1a: SCARED OF LOVE|49\/100 tox|[from] Grassy Terrain\n|-damage|p1a: SCARED OF LOVE|37\/100 tox|[from] psn\n|upkeep\n|turn|15\n|inactive|Alan folder has 270 seconds left.\n|inactive|CTLM&Shykimi has 120 seconds left.\n|inactive|CTLM&Shykimi has 90 seconds left.\n|\n|t:|1700403741\n|switch|p1a: LUCID DREAMS|Dragapult, M|100\/100\n|-damage|p1a: LUCID DREAMS|88\/100|[from] Spikes\n|move|p2a: Zamazenta|Close Combat|p1a: LUCID DREAMS\n|-immune|p1a: LUCID DREAMS\n|\n|-heal|p1a: LUCID DREAMS|94\/100|[from] Grassy Terrain\n|-heal|p2a: Zamazenta|75\/100|[from] Grassy Terrain\n|upkeep\n|turn|16\n|\n|t:|1700403758\n|switch|p2a: Ting-Lu|Ting-Lu|100\/100\n|-damage|p2a: Ting-Lu|94\/100|[from] Stealth Rock\n|-ability|p2a: Ting-Lu|Vessel of Ruin\n|move|p1a: LUCID DREAMS|U-turn|p2a: Ting-Lu\n|-supereffective|p2a: Ting-Lu\n|-damage|p2a: Ting-Lu|75\/100\n|inactive|Alan folder has 240 seconds left.\n|\n|t:|1700403782\n|switch|p1a: SCARED OF LOVE|Rillaboom, M|37\/100 tox|[from] U-turn\n|-damage|p1a: SCARED OF LOVE|25\/100 tox|[from] Spikes\n|\n|-heal|p1a: SCARED OF LOVE|31\/100 tox|[from] Grassy Terrain\n|-heal|p2a: Ting-Lu|81\/100|[from] Grassy Terrain\n|-heal|p2a: Ting-Lu|87\/100|[from] item: Leftovers\n|-damage|p1a: SCARED OF LOVE|25\/100 tox|[from] psn\n|upkeep\n|turn|17\n|inactive|CTLM&Shykimi has 90 seconds left.\n|inactive|CTLM&Shykimi has 60 seconds left.\n|\n|t:|1700403824\n|switch|p2a: Gholdengo|Gholdengo|100\/100\n|-damage|p2a: Gholdengo|94\/100|[from] Stealth Rock\n|move|p1a: SCARED OF LOVE|U-turn|p2a: Gholdengo\n|-resisted|p2a: Gholdengo\n|-crit|p2a: Gholdengo\n|-damage|p2a: Gholdengo|84\/100\n|\n|t:|1700403830\n|switch|p1a: CREME|Kingambit, M|38\/100|[from] U-turn\n|-damage|p1a: CREME|25\/100|[from] Spikes\n|\n|-heal|p2a: Gholdengo|90\/100|[from] Grassy Terrain\n|-heal|p1a: CREME|32\/100|[from] Grassy Terrain\n|-fieldend|move: Grassy Terrain\n|upkeep\n|turn|18\n|inactive|CTLM&Shykimi has 60 seconds left.\n|\n|t:|1700403869\n|switch|p2a: Gliscor|Gliscor, F|92\/100 tox\n|-damage|p2a: Gliscor|80\/100 tox|[from] Stealth Rock\n|move|p1a: CREME|Kowtow Cleave|p2a: Gliscor\n|-damage|p2a: Gliscor|39\/100 tox\n|\n|-heal|p2a: Gliscor|51\/100 tox|[from] ability: Poison Heal\n|upkeep\n|turn|19\n|inactive|Alan folder has 240 seconds left.\n|\n|t:|1700403919\n|-end|p1a: CREME|fallenundefined|[silent]\n|switch|p1a: SCARED OF LOVE|Rillaboom, M|25\/100 tox\n|-damage|p1a: SCARED OF LOVE|13\/100 tox|[from] Spikes\n|-fieldstart|move: Grassy Terrain|[from] ability: Grassy Surge|[of] p1a: SCARED OF LOVE\n|move|p2a: Gliscor|Earthquake|p1a: SCARED OF LOVE\n|-resisted|p1a: SCARED OF LOVE\n|-damage|p1a: SCARED OF LOVE|3\/100 tox\n|\n|-heal|p1a: SCARED OF LOVE|9\/100 tox|[from] Grassy Terrain\n|-damage|p1a: SCARED OF LOVE|3\/100 tox|[from] psn\n|-heal|p2a: Gliscor|64\/100 tox|[from] ability: Poison Heal\n|upkeep\n|turn|20\n|inactive|CTLM&Shykimi has 30 seconds left.\n|inactive|CTLM&Shykimi has 20 seconds left.\n|inactive|CTLM&Shykimi has 15 seconds left.\n|\n|t:|1700403952\n|move|p2a: Gliscor|Protect|p2a: Gliscor\n|-singleturn|p2a: Gliscor|Protect\n|move|p1a: SCARED OF LOVE|U-turn|p2a: Gliscor\n|-activate|p2a: Gliscor|move: Protect\n|\n|-heal|p1a: SCARED OF LOVE|9\/100 tox|[from] Grassy Terrain\n|-damage|p1a: SCARED OF LOVE|0 fnt|[from] psn\n|faint|p1a: SCARED OF LOVE\n|-heal|p2a: Gliscor|76\/100 tox|[from] ability: Poison Heal\n|upkeep\n|inactive|CTLM&Shykimi has 20 seconds left this turn.\n|\n|t:|1700403955\n|switch|p1a: TYLER HERRO|Sneasler, M|100\/100\n|-damage|p1a: TYLER HERRO|88\/100|[from] Spikes\n|-enditem|p1a: TYLER HERRO|Grassy Seed\n|-boost|p1a: TYLER HERRO|def|1|[from] item: Grassy Seed\n|turn|21\n|inactive|CTLM&Shykimi has 30 seconds left this turn.\n|\n|t:|1700403963\n|move|p1a: TYLER HERRO|Swords Dance|p1a: TYLER HERRO\n|-boost|p1a: TYLER HERRO|atk|2\n|move|p2a: Gliscor|Earthquake|p1a: TYLER HERRO\n|-supereffective|p1a: TYLER HERRO\n|-damage|p1a: TYLER HERRO|48\/100\n|\n|-heal|p1a: TYLER HERRO|54\/100|[from] Grassy Terrain\n|-heal|p2a: Gliscor|89\/100 tox|[from] ability: Poison Heal\n|upkeep\n|turn|22\n|inactive|Alan folder has 240 seconds left.\n|inactive|CTLM&Shykimi has 30 seconds left.\n|inactive|Alan folder has 210 seconds left.\n|\n|t:|1700403998\n|switch|p2a: Samurott|Samurott-Hisui, M|14\/100\n|move|p1a: TYLER HERRO|Swords Dance|p1a: TYLER HERRO\n|-boost|p1a: TYLER HERRO|atk|2\n|\n|-heal|p1a: TYLER HERRO|60\/100|[from] Grassy Terrain\n|-heal|p2a: Samurott|20\/100|[from] Grassy Terrain\n|upkeep\n|turn|23\n|inactive|CTLM&Shykimi has 30 seconds left.\n|\n|t:|1700404012\n|move|p1a: TYLER HERRO|Dire Claw|p2a: Samurott\n|-damage|p2a: Samurott|0 fnt\n|faint|p2a: Samurott\n|\n|-heal|p1a: TYLER HERRO|66\/100|[from] Grassy Terrain\n|-fieldend|move: Grassy Terrain\n|upkeep\n|inactive|CTLM&Shykimi has 30 seconds left.\n|inactive|CTLM&Shykimi has 20 seconds left.\n|inactive|CTLM&Shykimi has 15 seconds left.\n|inactive|CTLM&Shykimi has 10 seconds left.\n|\n|t:|1700404039\n|switch|p2a: Gholdengo|Gholdengo|90\/100\n|-damage|p2a: Gholdengo|84\/100|[from] Stealth Rock\n|turn|24\n|inactive|CTLM&Shykimi has 20 seconds left this turn.\n|inactive|CTLM&Shykimi has 15 seconds left.\n|\n|t:|1700404047\n|move|p1a: TYLER HERRO|Shadow Claw|p2a: Gholdengo\n|-supereffective|p2a: Gholdengo\n|-damage|p2a: Gholdengo|0 fnt\n|faint|p2a: Gholdengo\n|\n|upkeep\n|inactive|CTLM&Shykimi has 20 seconds left this turn.\n|inactive|CTLM&Shykimi has 15 seconds left.\n|inactive|CTLM&Shykimi has 10 seconds left.\n|\n|t:|1700404057\n|switch|p2a: Gliscor|Gliscor, F|89\/100 tox\n|-damage|p2a: Gliscor|76\/100 tox|[from] Stealth Rock\n|turn|25\n|inactive|CTLM&Shykimi has 20 seconds left this turn.\n|inactive|Alan folder has 240 seconds left.\n|\n|t:|1700404072\n|move|p1a: TYLER HERRO|Close Combat|p2a: Gliscor\n|-resisted|p2a: Gliscor\n|-damage|p2a: Gliscor|0 fnt\n|-unboost|p1a: TYLER HERRO|def|1\n|-unboost|p1a: TYLER HERRO|spd|1\n|faint|p2a: Gliscor\n|\n|upkeep\n|inactive|CTLM&Shykimi has 25 seconds left this turn.\n|inactive|CTLM&Shykimi has 20 seconds left.\n|inactive|CTLM&Shykimi has 15 seconds left.\n|\n|t:|1700404083\n|switch|p2a: Sneasler|Sneasler, F|100\/100\n|turn|26\n|inactive|CTLM&Shykimi has 25 seconds left this turn.\n|\n|t:|1700404092\n|move|p2a: Sneasler|Fake Out|p1a: TYLER HERRO\n|-damage|p1a: TYLER HERRO|43\/100\n|cant|p1a: TYLER HERRO|flinch\n|\n|upkeep\n|turn|27\n|inactive|CTLM&Shykimi has 30 seconds left.\n|inactive|CTLM&Shykimi has 20 seconds left.\n|\n|t:|1700404109\n|move|p1a: TYLER HERRO|Close Combat|p2a: Sneasler\n|-resisted|p2a: Sneasler\n|-damage|p2a: Sneasler|0 fnt\n|-unboost|p1a: TYLER HERRO|def|1\n|-unboost|p1a: TYLER HERRO|spd|1\n|faint|p2a: Sneasler\n|\n|upkeep\n|inactive|CTLM&Shykimi has 25 seconds left this turn.\n|inactive|CTLM&Shykimi has 20 seconds left.\n|\n|t:|1700404115\n|switch|p2a: Zamazenta|Zamazenta|75\/100\n|turn|28\n|inactive|CTLM&Shykimi has 30 seconds left this turn.\n|\n|t:|1700404121\n|move|p1a: TYLER HERRO|Close Combat|p2a: Zamazenta\n|-damage|p2a: Zamazenta|0 fnt\n|-unboost|p1a: TYLER HERRO|def|1\n|-unboost|p1a: TYLER HERRO|spd|1\n|faint|p2a: Zamazenta\n|\n|upkeep\n|inactive|CTLM&Shykimi has 30 seconds left this turn.\n|\n|t:|1700404123\n|switch|p2a: Ting-Lu|Ting-Lu|87\/100\n|-damage|p2a: Ting-Lu|81\/100|[from] Stealth Rock\n|-ability|p2a: Ting-Lu|Vessel of Ruin\n|turn|29\n|\n|t:|1700404132\n|move|p1a: TYLER HERRO|Close Combat|p2a: Ting-Lu\n|-supereffective|p2a: Ting-Lu\n|-damage|p2a: Ting-Lu|0 fnt\n|-unboost|p1a: TYLER HERRO|def|1\n|-unboost|p1a: TYLER HERRO|spd|1\n|faint|p2a: Ting-Lu\n|\n|win|Alan folder\n|c|%Beka|gg\n|c|\u2606Alan folder|gg\n|c|\u2606CTLM&Shykimi|gg\n","uploadtime":1700404134,"views":17,"p1id":"alanfolder","p2id":"ctlmshykimi","formatid":"gen9ubers","rating":0,"private":0,"password":""}