{"id":"smogtours-gen9ubers-725553","p1":"SOULWIND","p2":"RichardMillePlain","format":"[Gen 9] Ubers","log":"|inactive|Battle timer is ON: inactive players will automatically lose when time's up.\n|t:|1697991285\n|gametype|singles\n|player|p1|SOULWIND|#wcop2023spain2|\n|player|p2|RichardMillePlain|lucas|\n|teamsize|p1|6\n|teamsize|p2|6\n|gen|9\n|tier|[Gen 9] Ubers\n|rule|Sleep Clause Mod: Limit one foe put to sleep\n|rule|Species Clause: Limit one of each Pok\u00e9mon\n|rule|OHKO Clause: OHKO moves are banned\n|rule|Evasion Items Clause: Evasion items are banned\n|rule|Evasion Moves Clause: Evasion moves are banned\n|rule|Endless Battle Clause: Forcing endless battles is banned\n|rule|HP Percentage Mod: HP is shown in percentages\n|clearpoke\n|poke|p1|Koraidon|\n|poke|p1|Arceus-Water|\n|poke|p1|Clodsire, F|\n|poke|p1|Miraidon|\n|poke|p1|Gliscor, M|\n|poke|p1|Zacian-*|\n|poke|p2|Ribombee, F|\n|poke|p2|Basculegion, M|\n|poke|p2|Koraidon|\n|poke|p2|Zacian-*|\n|poke|p2|Miraidon|\n|poke|p2|Arceus-Ground|\n|teampreview\n|c|\u2606RichardMillePlain|hf\n|c|\u2606SOULWIND|hf\n|inactive|SOULWIND has 270 seconds left.\n|inactive|RichardMillePlain has 270 seconds left.\n|inactive|SOULWIND has 240 seconds left.\n|inactive|RichardMillePlain has 240 seconds left.\n|inactive|SOULWIND has 210 seconds left.\n|inactive|RichardMillePlain has 210 seconds left.\n|inactive|SOULWIND has 180 seconds left.\n|\n|t:|1697991430\n|start\n|switch|p1a: Miraidon|Miraidon|100\/100\n|switch|p2a: Ribombee|Ribombee, F|100\/100\n|-fieldstart|move: Electric Terrain|[from] ability: Hadron Engine|[of] p1a: Miraidon\n|turn|1\n|inactive|RichardMillePlain has 270 seconds left.\n|\n|t:|1697991444\n|move|p1a: Miraidon|Electro Drift|p2a: Ribombee\n|-enditem|p2a: Ribombee|Focus Sash\n|-damage|p2a: Ribombee|1\/100\n|move|p2a: Ribombee|Sticky Web|p1a: Miraidon\n|-sidestart|p1: SOULWIND|move: Sticky Web\n|\n|upkeep\n|turn|2\n|\n|t:|1697991448\n|move|p1a: Miraidon|Electro Drift|p2a: Ribombee\n|-damage|p2a: Ribombee|0 fnt\n|faint|p2a: Ribombee\n|\n|upkeep\n|\n|t:|1697991449\n|switch|p2a: Arceus|Arceus-Ground|100\/100\n|turn|3\n|inactive|SOULWIND has 240 seconds left.\n|\n|t:|1697991487\n|move|p1a: Miraidon|U-turn|p2a: Arceus\n|-damage|p2a: Arceus|91\/100\n|\n|t:|1697991489\n|switch|p1a: Arceus|Arceus-Water|100\/100|[from] U-turn\n|-activate|p1a: Arceus|move: Sticky Web\n|-unboost|p1a: Arceus|spe|1\n|move|p2a: Arceus|Dragon Dance|p2a: Arceus\n|-boost|p2a: Arceus|atk|1\n|-boost|p2a: Arceus|spe|1\n|\n|upkeep\n|turn|4\n|\n|t:|1697991496\n|move|p2a: Arceus|Earthquake|p1a: Arceus\n|-damage|p1a: Arceus|50\/100\n|move|p1a: Arceus|Will-O-Wisp|p2a: Arceus\n|-status|p2a: Arceus|brn\n|\n|-damage|p2a: Arceus|85\/100 brn|[from] brn\n|upkeep\n|turn|5\n|\n|t:|1697991499\n|move|p2a: Arceus|Taunt|p1a: Arceus\n|-start|p1a: Arceus|move: Taunt\n|cant|p1a: Arceus|move: Taunt|Recover\n|\n|-damage|p2a: Arceus|79\/100 brn|[from] brn\n|-fieldend|move: Electric Terrain\n|upkeep\n|turn|6\n|inactive|SOULWIND has 240 seconds left.\n|\n|t:|1697991521\n|switch|p1a: Gliscor|Gliscor, M|100\/100\n|move|p2a: Arceus|Earthquake|p1a: Gliscor\n|-immune|p1a: Gliscor\n|\n|-damage|p2a: Arceus|73\/100 brn|[from] brn\n|-status|p1a: Gliscor|tox|[from] item: Toxic Orb\n|upkeep\n|turn|7\n|\n|t:|1697991526\n|move|p2a: Arceus|Ice Beam|p1a: Gliscor\n|-supereffective|p1a: Gliscor\n|-damage|p1a: Gliscor|7\/100 tox\n|move|p1a: Gliscor|Spikes|p2a: Arceus\n|-sidestart|p2: RichardMillePlain|Spikes\n|\n|-heal|p1a: Gliscor|20\/100 tox|[from] ability: Poison Heal\n|-damage|p2a: Arceus|67\/100 brn|[from] brn\n|upkeep\n|turn|8\n|inactive|SOULWIND has 240 seconds left.\n|inactive|SOULWIND has 210 seconds left.\n|\n|t:|1697991578\n|switch|p1a: Arceus|Arceus-Water|50\/100\n|-activate|p1a: Arceus|move: Sticky Web\n|-unboost|p1a: Arceus|spe|1\n|move|p2a: Arceus|Ice Beam|p1a: Arceus\n|-resisted|p1a: Arceus\n|-damage|p1a: Arceus|43\/100\n|\n|-damage|p2a: Arceus|61\/100 brn|[from] brn\n|upkeep\n|turn|9\n|c|+HYDREIGON SPECS|eu gostei mais do time do soulwinda\n|inactive|SOULWIND has 210 seconds left.\n|c|+HYDREIGON SPECS|aqui\n|c|+HYDREIGON SPECS|e vcs\n|raw|<div class=\"broadcast-red\"><strong>Moderated chat was set to \u2606!<\/strong><br \/>Only users of rank \u2606 and higher can talk.<\/div>\n|inactive|SOULWIND has 180 seconds left.\n|inactive|SOULWIND has 150 seconds left.\n|inactive|RichardMillePlain has 270 seconds left.\n|\n|t:|1697991665\n|move|p2a: Arceus|Taunt|p1a: Arceus\n|-start|p1a: Arceus|move: Taunt\n|cant|p1a: Arceus|move: Taunt|Recover\n|\n|-damage|p2a: Arceus|55\/100 brn|[from] brn\n|upkeep\n|turn|10\n|inactive|SOULWIND has 120 seconds left.\n|\n|t:|1697991691\n|switch|p1a: Gliscor|Gliscor, M|20\/100 tox\n|move|p2a: Arceus|Ice Beam|p1a: Gliscor\n|-supereffective|p1a: Gliscor\n|-damage|p1a: Gliscor|0 fnt\n|faint|p1a: Gliscor\n|\n|-damage|p2a: Arceus|49\/100 brn|[from] brn\n|upkeep\n|inactive|SOULWIND has 90 seconds left.\n|\n|t:|1697991743\n|switch|p1a: Koraidon|Koraidon|100\/100\n|-activate|p1a: Koraidon|move: Sticky Web\n|-unboost|p1a: Koraidon|spe|1\n|-weather|SunnyDay|[from] ability: Orichalcum Pulse|[of] p1a: Koraidon\n|-activate|p1a: Koraidon|Orichalcum Pulse|[source]\n|turn|11\n|inactive|RichardMillePlain has 270 seconds left.\n|\n|t:|1697991776\n|move|p2a: Arceus|Ice Beam|p1a: Koraidon\n|-supereffective|p1a: Koraidon\n|-damage|p1a: Koraidon|55\/100\n|move|p1a: Koraidon|Low Kick|p2a: Arceus\n|-damage|p2a: Arceus|0 fnt\n|faint|p2a: Arceus\n|\n|-weather|SunnyDay|[upkeep]\n|upkeep\n|\n|t:|1697991797\n|switch|p2a: Zacian|Zacian-Crowned|100\/100\n|-damage|p2a: Zacian|88\/100|[from] Spikes\n|-ability|p2a: Zacian|Intrepid Sword|boost\n|-boost|p2a: Zacian|atk|1\n|turn|12\n|\n|t:|1697991800\n|-terastallize|p2a: Zacian|Flying\n|move|p2a: Zacian|Swords Dance|p2a: Zacian\n|-boost|p2a: Zacian|atk|2\n|move|p1a: Koraidon|Low Kick|p2a: Zacian\n|-resisted|p2a: Zacian\n|-damage|p2a: Zacian|50\/100\n|\n|-weather|SunnyDay|[upkeep]\n|upkeep\n|turn|13\n|inactive|SOULWIND has 90 seconds left.\n|\n|t:|1697991829\n|move|p2a: Zacian|Behemoth Blade|p1a: Koraidon\n|-damage|p1a: Koraidon|0 fnt\n|faint|p1a: Koraidon\n|\n|-weather|SunnyDay|[upkeep]\n|upkeep\n|\n|t:|1697991836\n|switch|p1a: Zacian|Zacian-Crowned|100\/100\n|-activate|p1a: Zacian|move: Sticky Web\n|-unboost|p1a: Zacian|spe|1\n|-ability|p1a: Zacian|Intrepid Sword|boost\n|-boost|p1a: Zacian|atk|1\n|turn|14\n|\n|t:|1697991840\n|-terastallize|p1a: Zacian|Water\n|move|p2a: Zacian|Behemoth Blade|p1a: Zacian\n|-resisted|p1a: Zacian\n|-damage|p1a: Zacian|30\/100\n|move|p1a: Zacian|Behemoth Blade|p2a: Zacian\n|-damage|p2a: Zacian|0 fnt\n|faint|p2a: Zacian\n|\n|-weather|SunnyDay|[upkeep]\n|upkeep\n|\n|t:|1697991847\n|switch|p2a: Koraidon|Koraidon|100\/100\n|-damage|p2a: Koraidon|88\/100|[from] Spikes\n|-activate|p2a: Koraidon|ability: Orichalcum Pulse\n|turn|15\n|\n|t:|1697991852\n|move|p2a: Koraidon|Scale Shot|p1a: Zacian|[miss]\n|-miss|p2a: Koraidon|p1a: Zacian\n|move|p1a: Zacian|Play Rough|p2a: Koraidon\n|-supereffective|p2a: Koraidon\n|-damage|p2a: Koraidon|0 fnt\n|faint|p2a: Koraidon\n|\n|-weather|none\n|upkeep\n|\n|t:|1697991857\n|switch|p2a: Miraidon|Miraidon|100\/100\n|-fieldstart|move: Electric Terrain|[from] ability: Hadron Engine|[of] p2a: Miraidon\n|turn|16\n|inactive|SOULWIND has 90 seconds left.\n|\n|t:|1697991887\n|switch|p1a: Clodsire|Clodsire, F|100\/100\n|move|p2a: Miraidon|Dragon Pulse|p1a: Clodsire\n|-damage|p1a: Clodsire|70\/100\n|\n|upkeep\n|turn|17\n|\n|t:|1697991897\n|move|p2a: Miraidon|Dragon Pulse|p1a: Clodsire\n|-damage|p1a: Clodsire|39\/100\n|move|p1a: Clodsire|Toxic|p2a: Miraidon\n|-status|p2a: Miraidon|tox\n|\n|-damage|p2a: Miraidon|94\/100 tox|[from] psn\n|upkeep\n|turn|18\n|inactive|SOULWIND has 90 seconds left.\n|inactive|SOULWIND has 60 seconds left.\n|\n|t:|1697991933\n|move|p2a: Miraidon|Taunt|p1a: Clodsire\n|-start|p1a: Clodsire|move: Taunt\n|cant|p1a: Clodsire|move: Taunt|Recover\n|\n|-damage|p2a: Miraidon|82\/100 tox|[from] psn\n|upkeep\n|turn|19\n|inactive|SOULWIND has 60 seconds left.\n|\n|t:|1697991956\n|switch|p2a: Basculegion|Basculegion, M|100\/100\n|move|p1a: Clodsire|Earthquake|p2a: Basculegion\n|-damage|p2a: Basculegion|66\/100\n|\n|upkeep\n|turn|20\n|\n|t:|1697991979\n|move|p2a: Basculegion|Agility|p2a: Basculegion\n|-boost|p2a: Basculegion|spe|2\n|move|p1a: Clodsire|Earthquake|p2a: Basculegion\n|-damage|p2a: Basculegion|34\/100\n|\n|-end|p1a: Clodsire|move: Taunt\n|-fieldend|move: Electric Terrain\n|upkeep\n|turn|21\n|\n|t:|1697991998\n|switch|p1a: Zacian|Zacian-Crowned, tera:Water|30\/100\n|-activate|p1a: Zacian|move: Sticky Web\n|-unboost|p1a: Zacian|spe|1\n|move|p2a: Basculegion|Last Respects|p1a: Zacian\n|-damage|p1a: Zacian|0 fnt\n|faint|p1a: Zacian\n|\n|upkeep\n|inactive|SOULWIND has 30 seconds left.\n|inactive|SOULWIND has 20 seconds left.\n|inactive|SOULWIND has 15 seconds left.\n|\n|t:|1697992024\n|switch|p1a: Arceus|Arceus-Water|43\/100\n|-activate|p1a: Arceus|move: Sticky Web\n|-unboost|p1a: Arceus|spe|1\n|turn|22\n|inactive|SOULWIND has 25 seconds left this turn.\n|\n|t:|1697992028\n|move|p2a: Basculegion|Last Respects|p1a: Arceus\n|-damage|p1a: Arceus|0 fnt\n|faint|p1a: Arceus\n|\n|upkeep\n|inactive|SOULWIND has 30 seconds left this turn.\n|\n|t:|1697992031\n|switch|p1a: Miraidon|Miraidon|100\/100\n|-fieldstart|move: Electric Terrain|[from] ability: Hadron Engine|[of] p1a: Miraidon\n|turn|23\n|\n|t:|1697992033\n|move|p2a: Basculegion|Last Respects|p1a: Miraidon\n|-damage|p1a: Miraidon|0 fnt\n|faint|p1a: Miraidon\n|\n|upkeep\n|\n|t:|1697992035\n|switch|p1a: Clodsire|Clodsire, F|39\/100\n|turn|24\n|\n|t:|1697992038\n|move|p2a: Basculegion|Last Respects|p1a: Clodsire\n|-damage|p1a: Clodsire|0 fnt\n|faint|p1a: Clodsire\n|\n|win|RichardMillePlain\n|c|\u2606RichardMillePlain|gg\n|c|\u2606SOULWIND|gg\n","uploadtime":1697992040,"views":589,"p1id":"soulwind","p2id":"richardmilleplain","formatid":"gen9ubers","rating":0,"private":0,"password":""}