{"id":"smogtours-gen9ubers-730624","p1":"gei&shaf","p2":"Pata & Foufa","format":"[Gen 9] Ubers","log":"|inactive|Battle timer is ON: inactive players will automatically lose when time's up.\n|t:|1699990468\n|gametype|singles\n|player|p1|gei&shaf|bede|\n|player|p2|Pata & Foufa|scientist-gen1rb|\n|teamsize|p1|6\n|teamsize|p2|6\n|gen|9\n|tier|[Gen 9] Ubers\n|rule|Sleep Clause Mod: Limit one foe put to sleep\n|rule|Species Clause: Limit one of each Pok\u00e9mon\n|rule|OHKO Clause: OHKO moves are banned\n|rule|Evasion Items Clause: Evasion items are banned\n|rule|Evasion Moves Clause: Evasion moves are banned\n|rule|Endless Battle Clause: Forcing endless battles is banned\n|rule|HP Percentage Mod: HP is shown in percentages\n|clearpoke\n|poke|p1|Gliscor, F|\n|poke|p1|Clefable, M|\n|poke|p1|Skeledirge, F|\n|poke|p1|Samurott-Hisui, F|\n|poke|p1|Zamazenta-*|\n|poke|p1|Zapdos|\n|poke|p2|Great Tusk|\n|poke|p2|Kingambit, F|\n|poke|p2|Enamorus, F|\n|poke|p2|Samurott-Hisui, M|\n|poke|p2|Iron Moth|\n|poke|p2|Gholdengo|\n|teampreview\n|inactive|Pata & Foufa also wants the timer to be on.\n|c|\u2606Pata & Foufa|hf\n|c|\u2606Pata & Foufa|Hf\n|c|\u2606gei&shaf|hf\n|inactive|gei&shaf has 270 seconds left.\n|inactive|Pata & Foufa has 270 seconds left.\n|c|\u2606gei&shaf|hf\n|inactive|gei&shaf has 240 seconds left.\n|inactive|Pata & Foufa has 240 seconds left.\n|inactive|gei&shaf has 210 seconds left.\n|\n|t:|1699990578\n|start\n|switch|p1a: rolling thunder|Zapdos|100\/100\n|switch|p2a: Gholdengo|Gholdengo|100\/100\n|turn|1\n|inactive|Pata & Foufa has 270 seconds left.\n|c|+Umberto_test|le 2\u00e8me meilleur duo en action\n|c|\u2606gei&shaf|.\n|\n|t:|1699990618\n|move|p1a: rolling thunder|Volt Switch|p2a: Gholdengo\n|-crit|p2a: Gholdengo\n|-damage|p2a: Gholdengo|57\/100\n|inactive|gei&shaf has 240 seconds left.\n|c|+Umberto_test|crit t1, je reconnais bien l\u00e0 shaf\n|\n|t:|1699990645\n|switch|p1a: blackbigo|Samurott-Hisui, F|100\/100|[from] Volt Switch\n|move|p2a: Gholdengo|Dazzling Gleam|p1a: blackbigo\n|-supereffective|p1a: blackbigo\n|-damage|p1a: blackbigo|34\/100\n|\n|-heal|p2a: Gholdengo|63\/100|[from] item: Leftovers\n|upkeep\n|turn|2\n|inactive|Pata & Foufa has 240 seconds left.\n|\n|t:|1699990678\n|switch|p2a: Great Tusk|Great Tusk|100\/100\n|move|p1a: blackbigo|Ceaseless Edge|p2a: Great Tusk\n|-resisted|p2a: Great Tusk\n|-damage|p2a: Great Tusk|82\/100\n|-sidestart|p2: Pata & Foufa|Spikes\n|\n|upkeep\n|turn|3\n|inactive|gei&shaf has 210 seconds left.\n|\n|t:|1699990704\n|switch|p1a: rolling thunder|Zapdos|100\/100\n|move|p2a: Great Tusk|Ice Spinner|p1a: rolling thunder\n|-supereffective|p1a: rolling thunder\n|-damage|p1a: rolling thunder|52\/100\n|-status|p2a: Great Tusk|par|[from] ability: Static|[of] p1a: rolling thunder\n|\n|upkeep\n|turn|4\n|inactive|Pata & Foufa has 210 seconds left.\n|c|\u2606Pata & Foufa|putain static j'ai jamais vu ne pas proc ce soir\n|\n|t:|1699990729\n|move|p1a: rolling thunder|Hurricane|p2a: Great Tusk\n|-supereffective|p2a: Great Tusk\n|-damage|p2a: Great Tusk|0 fnt\n|faint|p2a: Great Tusk\n|-end|p2a: Great Tusk|Protosynthesis|[silent]\n|\n|upkeep\n|inactive|Pata & Foufa has 180 seconds left.\n|inactive|Pata & Foufa has 150 seconds left.\n|\n|t:|1699990798\n|switch|p2a: Iron Moth|Iron Moth|100\/100\n|-damage|p2a: Iron Moth|88\/100|[from] Spikes\n|-enditem|p2a: Iron Moth|Booster Energy\n|-activate|p2a: Iron Moth|ability: Quark Drive|[fromitem]\n|-start|p2a: Iron Moth|quarkdrivespe\n|turn|5\n|inactive|gei&shaf has 210 seconds left.\n|\n|t:|1699990831\n|move|p2a: Iron Moth|Fiery Dance|p1a: rolling thunder\n|-damage|p1a: rolling thunder|16\/100\n|move|p1a: rolling thunder|Thunder Wave|p2a: Iron Moth\n|-status|p2a: Iron Moth|par\n|\n|upkeep\n|turn|6\n|inactive|gei&shaf has 180 seconds left.\n|\n|t:|1699990857\n|move|p1a: rolling thunder|Roost|p1a: rolling thunder\n|-heal|p1a: rolling thunder|66\/100\n|-singleturn|p1a: rolling thunder|move: Roost\n|move|p2a: Iron Moth|Fiery Dance|p1a: rolling thunder\n|-damage|p1a: rolling thunder|26\/100\n|-boost|p2a: Iron Moth|spa|1\n|\n|upkeep\n|turn|7\n|\n|t:|1699990866\n|move|p1a: rolling thunder|Volt Switch|p2a: Iron Moth\n|-damage|p2a: Iron Moth|60\/100 par\n|\n|t:|1699990869\n|switch|p1a: isashiburi dana|Skeledirge, F|100\/100|[from] Volt Switch\n|move|p2a: Iron Moth|Fiery Dance|p1a: isashiburi dana\n|-resisted|p1a: isashiburi dana\n|-damage|p1a: isashiburi dana|83\/100\n|\n|upkeep\n|turn|8\n|inactive|gei&shaf has 180 seconds left.\n|inactive|Pata & Foufa has 150 seconds left.\n|c|\u2606gei&shaf|.\n|\n|t:|1699990921\n|-terastallize|p2a: Iron Moth|Ground\n|cant|p2a: Iron Moth|par\n|move|p1a: isashiburi dana|Will-O-Wisp||[still]\n|-fail|p1a: isashiburi dana\n|\n|upkeep\n|turn|9\n|c|\u2606Pata & Foufa|omg\n|c|\u2606Pata & Foufa|Je suis mort\n|inactive|gei&shaf has 150 seconds left.\n|\n|t:|1699990962\n|switch|p1a: \u25cb\u25b3\u25a1|Gliscor, F|100\/100\n|cant|p2a: Iron Moth|par\n|\n|-status|p1a: \u25cb\u25b3\u25a1|tox|[from] item: Toxic Orb\n|upkeep\n|turn|10\n|c|\u2606gei&shaf|oopsies\n|c|\u2606Pata & Foufa|bon\n|\n|t:|1699990991\n|move|p2a: Iron Moth|Fiery Dance|p1a: \u25cb\u25b3\u25a1\n|-damage|p1a: \u25cb\u25b3\u25a1|53\/100 tox\n|-boost|p2a: Iron Moth|spa|1\n|move|p1a: \u25cb\u25b3\u25a1|Facade|p2a: Iron Moth\n|-damage|p2a: Iron Moth|17\/100 par\n|\n|-heal|p1a: \u25cb\u25b3\u25a1|65\/100 tox|[from] ability: Poison Heal\n|upkeep\n|turn|11\n|\n|t:|1699990999\n|move|p1a: \u25cb\u25b3\u25a1|Protect|p1a: \u25cb\u25b3\u25a1\n|-singleturn|p1a: \u25cb\u25b3\u25a1|Protect\n|cant|p2a: Iron Moth|par\n|\n|-heal|p1a: \u25cb\u25b3\u25a1|78\/100 tox|[from] ability: Poison Heal\n|upkeep\n|turn|12\n|\n|t:|1699991009\n|move|p2a: Iron Moth|Fiery Dance|p1a: \u25cb\u25b3\u25a1\n|-damage|p1a: \u25cb\u25b3\u25a1|9\/100 tox\n|move|p1a: \u25cb\u25b3\u25a1|Facade|p2a: Iron Moth\n|-damage|p2a: Iron Moth|0 fnt\n|faint|p2a: Iron Moth\n|-end|p2a: Iron Moth|Quark Drive|[silent]\n|\n|-heal|p1a: \u25cb\u25b3\u25a1|22\/100 tox|[from] ability: Poison Heal\n|upkeep\n|\n|t:|1699991013\n|switch|p2a: Enamorus|Enamorus, F|100\/100\n|turn|13\n|\n|t:|1699991027\n|move|p2a: Enamorus|Substitute|p2a: Enamorus\n|-start|p2a: Enamorus|Substitute\n|-damage|p2a: Enamorus|76\/100\n|move|p1a: \u25cb\u25b3\u25a1|Facade|p2a: Enamorus\n|-end|p2a: Enamorus|Substitute\n|\n|-heal|p1a: \u25cb\u25b3\u25a1|34\/100 tox|[from] ability: Poison Heal\n|upkeep\n|turn|14\n|\n|t:|1699991038\n|move|p2a: Enamorus|Moonblast|p1a: \u25cb\u25b3\u25a1\n|-damage|p1a: \u25cb\u25b3\u25a1|0 fnt\n|faint|p1a: \u25cb\u25b3\u25a1\n|\n|upkeep\n|\n|t:|1699991051\n|switch|p1a: wsh le moms bien?|Zamazenta|100\/100\n|-ability|p1a: wsh le moms bien?|Dauntless Shield|boost\n|-boost|p1a: wsh le moms bien?|def|1\n|turn|15\n|\n|t:|1699991067\n|switch|p2a: Gholdengo|Gholdengo|63\/100\n|-damage|p2a: Gholdengo|51\/100|[from] Spikes\n|move|p1a: wsh le moms bien?|Heavy Slam|p2a: Gholdengo\n|-resisted|p2a: Gholdengo\n|-damage|p2a: Gholdengo|36\/100\n|\n|-heal|p2a: Gholdengo|42\/100|[from] item: Leftovers\n|upkeep\n|turn|16\n|\n|t:|1699991095\n|switch|p1a: blackbigo|Samurott-Hisui, F|34\/100\n|move|p2a: Gholdengo|Recover|p2a: Gholdengo\n|-heal|p2a: Gholdengo|92\/100\n|\n|-heal|p2a: Gholdengo|98\/100|[from] item: Leftovers\n|upkeep\n|turn|17\n|inactive|gei&shaf has 120 seconds left.\n|\n|t:|1699991119\n|switch|p2a: Samurott|Samurott-Hisui, M|100\/100\n|move|p1a: blackbigo|Ceaseless Edge|p2a: Samurott\n|-resisted|p2a: Samurott\n|-damage|p2a: Samurott|72\/100\n|-sidestart|p2: Pata & Foufa|Spikes\n|\n|upkeep\n|turn|18\n|inactive|gei&shaf has 120 seconds left.\n|c|+ekoi|mdddr le nick\n|\n|t:|1699991150\n|switch|p1a: Bonsoir Weshbien|Clefable, M|100\/100\n|move|p2a: Samurott|Aqua Cutter|p1a: Bonsoir Weshbien\n|-damage|p1a: Bonsoir Weshbien|61\/100\n|\n|upkeep\n|turn|19\n|inactive|gei&shaf has 90 seconds left.\n|\n|t:|1699991176\n|move|p2a: Samurott|Aqua Cutter|p1a: Bonsoir Weshbien\n|-damage|p1a: Bonsoir Weshbien|24\/100\n|move|p1a: Bonsoir Weshbien|Knock Off|p2a: Samurott\n|-resisted|p2a: Samurott\n|-damage|p2a: Samurott|63\/100\n|-enditem|p2a: Samurott|Heavy-Duty Boots|[from] move: Knock Off|[of] p1a: Bonsoir Weshbien\n|\n|upkeep\n|turn|20\n|\n|t:|1699991191\n|move|p2a: Samurott|Aqua Cutter|p1a: Bonsoir Weshbien\n|-damage|p1a: Bonsoir Weshbien|0 fnt\n|faint|p1a: Bonsoir Weshbien\n|\n|upkeep\n|inactive|gei&shaf has 60 seconds left.\n|\n|t:|1699991218\n|switch|p1a: rolling thunder|Zapdos|26\/100\n|turn|21\n|inactive|gei&shaf has 60 seconds left.\n|c|+Nowelle|gl both\n|c|\u2606Pata & Foufa|ty \n|inactive|Pata & Foufa has 150 seconds left.\n|\n|t:|1699991240\n|move|p1a: rolling thunder|Roost|p1a: rolling thunder\n|-heal|p1a: rolling thunder|76\/100\n|-singleturn|p1a: rolling thunder|move: Roost\n|move|p2a: Samurott|Encore|p1a: rolling thunder\n|-start|p1a: rolling thunder|Encore\n|\n|upkeep\n|turn|22\n|inactive|gei&shaf has 60 seconds left.\n|inactive|Pata & Foufa has 150 seconds left.\n|inactive|gei&shaf has 30 seconds left.\n|inactive|Pata & Foufa has 120 seconds left.\n|\n|t:|1699991298\n|switch|p1a: wsh le moms bien?|Zamazenta|100\/100\n|move|p2a: Samurott|Aqua Cutter|p1a: wsh le moms bien?\n|-damage|p1a: wsh le moms bien?|53\/100\n|\n|upkeep\n|turn|23\n|inactive|gei&shaf has 30 seconds left.\n|inactive|gei&shaf has 20 seconds left.\n|inactive|gei&shaf has 15 seconds left.\n|inactive|Pata & Foufa has 90 seconds left.\n|\n|t:|1699991328\n|switch|p2a: Gholdengo|Gholdengo|98\/100\n|-damage|p2a: Gholdengo|82\/100|[from] Spikes\n|move|p1a: wsh le moms bien?|Close Combat|p2a: Gholdengo\n|-immune|p2a: Gholdengo\n|\n|-heal|p2a: Gholdengo|88\/100|[from] item: Leftovers\n|upkeep\n|turn|24\n|inactive|gei&shaf has 25 seconds left this turn.\n|inactive|gei&shaf has 20 seconds left.\n|inactive|gei&shaf has 15 seconds left.\n|\n|t:|1699991340\n|switch|p1a: rolling thunder|Zapdos|76\/100\n|move|p2a: Gholdengo|Dazzling Gleam|p1a: rolling thunder\n|-damage|p1a: rolling thunder|52\/100\n|\n|-heal|p2a: Gholdengo|94\/100|[from] item: Leftovers\n|upkeep\n|turn|25\n|inactive|gei&shaf has 25 seconds left this turn.\n|inactive|gei&shaf has 20 seconds left.\n|\n|t:|1699991348\n|move|p1a: rolling thunder|Roost|p1a: rolling thunder\n|-heal|p1a: rolling thunder|100\/100\n|-singleturn|p1a: rolling thunder|move: Roost\n|move|p2a: Gholdengo|Nasty Plot|p2a: Gholdengo\n|-boost|p2a: Gholdengo|spa|2\n|\n|-heal|p2a: Gholdengo|99\/100|[from] item: Leftovers\n|upkeep\n|turn|26\n|inactive|gei&shaf has 30 seconds left this turn.\n|inactive|gei&shaf has 20 seconds left.\n|\n|t:|1699991362\n|move|p1a: rolling thunder|Volt Switch|p2a: Gholdengo\n|-damage|p2a: Gholdengo|70\/100\n|inactive|gei&shaf has 25 seconds left this turn.\n|\n|t:|1699991367\n|switch|p1a: blackbigo|Samurott-Hisui, F|34\/100|[from] Volt Switch\n|move|p2a: Gholdengo|Shadow Ball|p1a: blackbigo\n|-resisted|p1a: blackbigo\n|-damage|p1a: blackbigo|0 fnt\n|faint|p1a: blackbigo\n|\n|-heal|p2a: Gholdengo|76\/100|[from] item: Leftovers\n|upkeep\n|inactive|gei&shaf has 30 seconds left this turn.\n|\n|t:|1699991372\n|switch|p1a: isashiburi dana|Skeledirge, F|83\/100\n|turn|27\n|inactive|gei&shaf has 30 seconds left.\n|inactive|Pata & Foufa has 120 seconds left.\n|\n|t:|1699991382\n|switch|p2a: Samurott|Samurott-Hisui, M|63\/100\n|-damage|p2a: Samurott|47\/100|[from] Spikes\n|-terastallize|p1a: isashiburi dana|Water\n|move|p1a: isashiburi dana|Torch Song|p2a: Samurott\n|-resisted|p2a: Samurott\n|-damage|p2a: Samurott|28\/100\n|-boost|p1a: isashiburi dana|spa|1\n|\n|upkeep\n|turn|28\n|inactive|gei&shaf has 30 seconds left.\n|\n|t:|1699991396\n|switch|p1a: rolling thunder|Zapdos|100\/100\n|move|p2a: Samurott|Knock Off|p1a: rolling thunder\n|-damage|p1a: rolling thunder|60\/100\n|-enditem|p1a: rolling thunder|Heavy-Duty Boots|[from] move: Knock Off|[of] p2a: Samurott\n|\n|upkeep\n|turn|29\n|\n|t:|1699991406\n|move|p1a: rolling thunder|Volt Switch|p2a: Samurott\n|-supereffective|p2a: Samurott\n|-damage|p2a: Samurott|0 fnt\n|faint|p2a: Samurott\n|\n|t:|1699991415\n|switch|p1a: isashiburi dana|Skeledirge, F, tera:Water|83\/100|[from] Volt Switch\n|\n|upkeep\n|inactive|Pata & Foufa has 120 seconds left.\n|\n|t:|1699991430\n|switch|p2a: Enamorus|Enamorus, F|76\/100\n|turn|30\n|\n|t:|1699991438\n|move|p2a: Enamorus|Moonblast|p1a: isashiburi dana\n|-damage|p1a: isashiburi dana|39\/100\n|move|p1a: isashiburi dana|Slack Off|p1a: isashiburi dana\n|-heal|p1a: isashiburi dana|89\/100\n|\n|upkeep\n|turn|31\n|\n|t:|1699991449\n|move|p2a: Enamorus|Moonblast|p1a: isashiburi dana\n|-damage|p1a: isashiburi dana|46\/100\n|move|p1a: isashiburi dana|Slack Off|p1a: isashiburi dana\n|-heal|p1a: isashiburi dana|96\/100\n|\n|upkeep\n|turn|32\n|\n|t:|1699991457\n|move|p2a: Enamorus|Moonblast|p1a: isashiburi dana\n|-damage|p1a: isashiburi dana|52\/100\n|move|p1a: isashiburi dana|Torch Song|p2a: Enamorus\n|-damage|p2a: Enamorus|31\/100\n|-boost|p1a: isashiburi dana|spa|1\n|\n|upkeep\n|turn|33\n|\n|t:|1699991465\n|move|p2a: Enamorus|Moonblast|p1a: isashiburi dana\n|-damage|p1a: isashiburi dana|9\/100\n|move|p1a: isashiburi dana|Slack Off|p1a: isashiburi dana\n|-heal|p1a: isashiburi dana|59\/100\n|\n|upkeep\n|turn|34\n|\n|t:|1699991469\n|move|p2a: Enamorus|Moonblast|p1a: isashiburi dana\n|-damage|p1a: isashiburi dana|14\/100\n|-unboost|p1a: isashiburi dana|spa|1\n|move|p1a: isashiburi dana|Slack Off|p1a: isashiburi dana\n|-heal|p1a: isashiburi dana|64\/100\n|\n|upkeep\n|turn|35\n|\n|t:|1699991471\n|move|p2a: Enamorus|Moonblast|p1a: isashiburi dana\n|-damage|p1a: isashiburi dana|24\/100\n|move|p1a: isashiburi dana|Slack Off|p1a: isashiburi dana\n|-heal|p1a: isashiburi dana|74\/100\n|\n|upkeep\n|turn|36\n|inactive|gei&shaf has 90 seconds left.\n|\n|t:|1699991477\n|move|p2a: Enamorus|Moonblast|p1a: isashiburi dana\n|-damage|p1a: isashiburi dana|30\/100\n|move|p1a: isashiburi dana|Slack Off|p1a: isashiburi dana\n|-heal|p1a: isashiburi dana|80\/100\n|\n|upkeep\n|turn|37\n|\n|t:|1699991487\n|move|p2a: Enamorus|Moonblast|p1a: isashiburi dana\n|-damage|p1a: isashiburi dana|41\/100\n|move|p1a: isashiburi dana|Torch Song|p2a: Enamorus\n|-damage|p2a: Enamorus|0 fnt\n|-boost|p1a: isashiburi dana|spa|1\n|faint|p2a: Enamorus\n|\n|upkeep\n|\n|t:|1699991496\n|switch|p2a: Kingambit|Kingambit, F|100\/100\n|-damage|p2a: Kingambit|84\/100|[from] Spikes\n|-activate|p2a: Kingambit|ability: Supreme Overlord\n|-start|p2a: Kingambit|fallen4|[silent]\n|turn|38\n|inactive|gei&shaf has 90 seconds left.\n|inactive|Pata & Foufa has 180 seconds left.\n|\n|t:|1699991541\n|switch|p1a: rolling thunder|Zapdos|60\/100\n|move|p2a: Kingambit|Kowtow Cleave|p1a: rolling thunder\n|-damage|p1a: rolling thunder|0 fnt\n|-status|p2a: Kingambit|par|[from] ability: Static|[of] p1a: rolling thunder\n|faint|p1a: rolling thunder\n|\n|upkeep\n|c|\u2606Pata & Foufa|Frr\n|inactive|gei&shaf has 60 seconds left.\n|c|\u2606Pata & Foufa|static qui proc vraiment chaque tour\n|c|\u2606Pata & Foufa|c'est aberrant cet ability\n|c|+ekoi|\u00e7a vous arrange la para mddr\n|\n|t:|1699991570\n|switch|p1a: wsh le moms bien?|Zamazenta|53\/100\n|turn|39\n|inactive|gei&shaf has 60 seconds left.\n|c|+Nowelle|pk\n|c|+Nowelle|fin dis apr\u00e8s\n|c|+ekoi|je dis apr\u00e8s\n|c|\u2606Pata & Foufa|oui juste pour la burn quoi\n|inactive|Pata & Foufa has 150 seconds left.\n|c|\u2606Pata & Foufa|m'enfin\n|c|\u2606Pata & Foufa|Semi\n|c|+Nowelle|ah oe \n|\n|t:|1699991613\n|move|p1a: wsh le moms bien?|Close Combat|p2a: Kingambit\n|-supereffective|p2a: Kingambit\n|-damage|p2a: Kingambit|0 fnt\n|-unboost|p1a: wsh le moms bien?|def|1\n|-unboost|p1a: wsh le moms bien?|spd|1\n|faint|p2a: Kingambit\n|-end|p2a: Kingambit|fallen4|[silent]\n|\n|upkeep\n|\n|t:|1699991616\n|switch|p2a: Gholdengo|Gholdengo|76\/100\n|-damage|p2a: Gholdengo|60\/100|[from] Spikes\n|turn|40\n|\n|t:|1699991625\n|move|p1a: wsh le moms bien?|Crunch|p2a: Gholdengo\n|-supereffective|p2a: Gholdengo\n|-damage|p2a: Gholdengo|18\/100\n|move|p2a: Gholdengo|Shadow Ball|p1a: wsh le moms bien?\n|-damage|p1a: wsh le moms bien?|8\/100\n|\n|-heal|p2a: Gholdengo|24\/100|[from] item: Leftovers\n|upkeep\n|turn|41\n|inactive|Pata & Foufa has 150 seconds left.\n|c|\u2606gei&shaf|gg\n|c|\u2606Pata & Foufa|merde\n|c|\u2606Pata & Foufa|gg\n|\n|t:|1699991635\n|move|p1a: wsh le moms bien?|Crunch|p2a: Gholdengo\n|-supereffective|p2a: Gholdengo\n|-damage|p2a: Gholdengo|0 fnt\n|faint|p2a: Gholdengo\n|\n|win|gei&shaf\n|player|p2|Pata & Foufa|scientist-gen1rb\n|player|p2|\n","uploadtime":1699991636,"views":49,"p1id":"geishaf","p2id":"patafoufa","formatid":"gen9ubers","rating":0,"private":0,"password":""}