{"id":"smogtours-gen9ubers-725290","p1":"Kate","p2":"Nael222","format":"[Gen 9] Ubers","log":"|inactive|Battle timer is ON: inactive players will automatically lose when time's up.\n|t:|1697925967\n|gametype|singles\n|player|p1|Kate|#kate|\n|player|p2|Nael222|#gscpl3ironmanmachamps|\n|teamsize|p1|6\n|teamsize|p2|6\n|gen|9\n|tier|[Gen 9] Ubers\n|rule|Sleep Clause Mod: Limit one foe put to sleep\n|rule|Species Clause: Limit one of each Pok\u00e9mon\n|rule|OHKO Clause: OHKO moves are banned\n|rule|Evasion Items Clause: Evasion items are banned\n|rule|Evasion Moves Clause: Evasion moves are banned\n|rule|Endless Battle Clause: Forcing endless battles is banned\n|rule|HP Percentage Mod: HP is shown in percentages\n|clearpoke\n|poke|p1|Kyogre|\n|poke|p1|Arceus-Fairy|\n|poke|p1|Groudon|\n|poke|p1|Miraidon|\n|poke|p1|Flutter Mane|\n|poke|p1|Gliscor, F|\n|poke|p2|Koraidon|\n|poke|p2|Zacian-*|\n|poke|p2|Arceus-Fairy|\n|poke|p2|Skeledirge, F|\n|poke|p2|Giratina-Origin|\n|poke|p2|Ting-Lu|\n|teampreview\n|c|\u2606Kate|Hf\n|c|\u2606Nael222|hf\n|inactive|Kate has 270 seconds left.\n|inactive|Nael222 has 270 seconds left.\n|\n|t:|1697926011\n|start\n|switch|p1a: Kyogre|Kyogre|100\/100\n|switch|p2a: Arceus|Arceus-Fairy|100\/100\n|-weather|RainDance|[from] ability: Drizzle|[of] p1a: Kyogre\n|turn|1\n|inactive|Nael222 has 270 seconds left.\n|inactive|Nael222 has 240 seconds left.\n|\n|t:|1697926075\n|move|p2a: Arceus|Judgment|p1a: Kyogre\n|-damage|p1a: Kyogre|68\/100\n|move|p1a: Kyogre|Surf|p2a: Arceus\n|-damage|p2a: Arceus|56\/100\n|\n|-weather|RainDance|[upkeep]\n|-heal|p1a: Kyogre|74\/100|[from] item: Leftovers\n|upkeep\n|turn|2\n|\n|t:|1697926084\n|move|p2a: Arceus|Recover|p2a: Arceus\n|-heal|p2a: Arceus|100\/100\n|move|p1a: Kyogre|Calm Mind|p1a: Kyogre\n|-boost|p1a: Kyogre|spa|1\n|-boost|p1a: Kyogre|spd|1\n|\n|-weather|RainDance|[upkeep]\n|-heal|p1a: Kyogre|80\/100|[from] item: Leftovers\n|upkeep\n|turn|3\n|\n|t:|1697926094\n|move|p2a: Arceus|Calm Mind|p2a: Arceus\n|-boost|p2a: Arceus|spa|1\n|-boost|p2a: Arceus|spd|1\n|move|p1a: Kyogre|Surf|p2a: Arceus\n|-damage|p2a: Arceus|54\/100\n|\n|-weather|RainDance|[upkeep]\n|-heal|p1a: Kyogre|86\/100|[from] item: Leftovers\n|upkeep\n|turn|4\n|\n|t:|1697926102\n|move|p2a: Arceus|Recover|p2a: Arceus\n|-heal|p2a: Arceus|100\/100\n|move|p1a: Kyogre|Calm Mind|p1a: Kyogre\n|-boost|p1a: Kyogre|spa|1\n|-boost|p1a: Kyogre|spd|1\n|\n|-weather|RainDance|[upkeep]\n|-heal|p1a: Kyogre|92\/100|[from] item: Leftovers\n|upkeep\n|turn|5\n|\n|t:|1697926107\n|move|p2a: Arceus|Calm Mind|p2a: Arceus\n|-boost|p2a: Arceus|spa|1\n|-boost|p2a: Arceus|spd|1\n|move|p1a: Kyogre|Surf|p2a: Arceus\n|-damage|p2a: Arceus|56\/100\n|\n|-weather|none\n|-heal|p1a: Kyogre|99\/100|[from] item: Leftovers\n|upkeep\n|turn|6\n|\n|t:|1697926114\n|move|p2a: Arceus|Calm Mind|p2a: Arceus\n|-boost|p2a: Arceus|spa|1\n|-boost|p2a: Arceus|spd|1\n|move|p1a: Kyogre|Calm Mind|p1a: Kyogre\n|-boost|p1a: Kyogre|spa|1\n|-boost|p1a: Kyogre|spd|1\n|\n|-heal|p1a: Kyogre|100\/100|[from] item: Leftovers\n|upkeep\n|turn|7\n|\n|t:|1697926121\n|move|p2a: Arceus|Calm Mind|p2a: Arceus\n|-boost|p2a: Arceus|spa|1\n|-boost|p2a: Arceus|spd|1\n|move|p1a: Kyogre|Calm Mind|p1a: Kyogre\n|-boost|p1a: Kyogre|spa|1\n|-boost|p1a: Kyogre|spd|1\n|\n|upkeep\n|turn|8\n|\n|t:|1697926124\n|move|p2a: Arceus|Calm Mind|p2a: Arceus\n|-boost|p2a: Arceus|spa|1\n|-boost|p2a: Arceus|spd|1\n|move|p1a: Kyogre|Calm Mind|p1a: Kyogre\n|-boost|p1a: Kyogre|spa|1\n|-boost|p1a: Kyogre|spd|1\n|\n|upkeep\n|turn|9\n|\n|t:|1697926125\n|move|p2a: Arceus|Calm Mind|p2a: Arceus\n|-boost|p2a: Arceus|spa|1\n|-boost|p2a: Arceus|spd|1\n|move|p1a: Kyogre|Calm Mind|p1a: Kyogre\n|-boost|p1a: Kyogre|spa|1\n|-boost|p1a: Kyogre|spd|1\n|\n|upkeep\n|turn|10\n|\n|t:|1697926129\n|move|p2a: Arceus|Recover|p2a: Arceus\n|-heal|p2a: Arceus|100\/100\n|move|p1a: Kyogre|Ice Beam|p2a: Arceus\n|-damage|p2a: Arceus|82\/100\n|\n|upkeep\n|turn|11\n|\n|t:|1697926132\n|move|p2a: Arceus|Judgment|p1a: Kyogre\n|-crit|p1a: Kyogre\n|-damage|p1a: Kyogre|0 fnt\n|faint|p1a: Kyogre\n|\n|upkeep\n|c|\u2606Kate|.\n|\n|t:|1697926144\n|switch|p1a: Arceus|Arceus-Fairy|100\/100\n|turn|12\n|\n|t:|1697926151\n|-terastallize|p1a: Arceus|Poison\n|move|p1a: Arceus|Calm Mind|p1a: Arceus\n|-boost|p1a: Arceus|spa|1\n|-boost|p1a: Arceus|spd|1\n|move|p2a: Arceus|Judgment|p1a: Arceus\n|-resisted|p1a: Arceus\n|-damage|p1a: Arceus|51\/100\n|\n|upkeep\n|turn|13\n|\n|t:|1697926155\n|move|p1a: Arceus|Calm Mind|p1a: Arceus\n|-boost|p1a: Arceus|spa|1\n|-boost|p1a: Arceus|spd|1\n|move|p2a: Arceus|Earth Power|p1a: Arceus\n|-supereffective|p1a: Arceus\n|-damage|p1a: Arceus|0 fnt\n|faint|p1a: Arceus\n|\n|upkeep\n|-message|Kate forfeited.\n|\n|win|Nael222\n|c|\u2606Nael222|gg\n","uploadtime":1697926159,"views":150,"p1id":"kate","p2id":"nael222","formatid":"gen9ubers","rating":0,"private":0,"password":""}