{"id":"smogtours-gen9ubers-730886","p1":"Luna's Bann3d Now","p2":"Taka","format":"[Gen 9] Ubers","log":"|inactive|Battle timer is ON: inactive players will automatically lose when time's up.\n|t:|1700186733\n|gametype|singles\n|player|p1|Luna's Bann3d Now|#agplvivoryimpalers|\n|player|p2|Taka|#puplixmaadcitymagmortars|\n|teamsize|p1|6\n|teamsize|p2|6\n|gen|9\n|tier|[Gen 9] Ubers\n|rule|Sleep Clause Mod: Limit one foe put to sleep\n|rule|Species Clause: Limit one of each Pok\u00e9mon\n|rule|OHKO Clause: OHKO moves are banned\n|rule|Evasion Items Clause: Evasion items are banned\n|rule|Evasion Moves Clause: Evasion moves are banned\n|rule|Endless Battle Clause: Forcing endless battles is banned\n|rule|HP Percentage Mod: HP is shown in percentages\n|clearpoke\n|poke|p1|Arceus-Fairy|\n|poke|p1|Miraidon|\n|poke|p1|Giratina-Origin|\n|poke|p1|Ting-Lu|\n|poke|p1|Kyogre|\n|poke|p1|Alomomola, M|\n|poke|p2|Ribombee, F|\n|poke|p2|Koraidon|\n|poke|p2|Zacian-*|\n|poke|p2|Rayquaza|\n|poke|p2|Miraidon|\n|poke|p2|Arceus|\n|teampreview\n|inactive|Taka also wants the timer to be on.\n|c|\u2606Taka|hf homie\n|c|\u2606Luna's Bann3d Now|u2\n|inactive|Luna's Bann3d Now has 270 seconds left.\n|inactive|Taka has 270 seconds left.\n|\n|t:|1700186771\n|start\n|switch|p1a: Kyogre|Kyogre|100\/100\n|switch|p2a: Ribombee|Ribombee, F|100\/100\n|-weather|RainDance|[from] ability: Drizzle|[of] p1a: Kyogre\n|turn|1\n|\n|t:|1700186795\n|move|p2a: Ribombee|Quiver Dance|p2a: Ribombee\n|-boost|p2a: Ribombee|spa|1\n|-boost|p2a: Ribombee|spd|1\n|-boost|p2a: Ribombee|spe|1\n|move|p1a: Kyogre|Thunder Wave|p2a: Ribombee\n|-status|p2a: Ribombee|par\n|\n|-weather|RainDance|[upkeep]\n|upkeep\n|turn|2\n|\n|t:|1700186800\n|move|p2a: Ribombee|Sticky Web|p1a: Kyogre\n|-sidestart|p1: Luna's Bann3d Now|move: Sticky Web\n|move|p1a: Kyogre|Origin Pulse|p2a: Ribombee\n|-enditem|p2a: Ribombee|Focus Sash\n|-damage|p2a: Ribombee|1\/100 par\n|\n|-weather|RainDance|[upkeep]\n|upkeep\n|turn|3\n|\n|t:|1700186803\n|move|p2a: Ribombee|Moonblast|p1a: Kyogre\n|-damage|p1a: Kyogre|61\/100\n|-unboost|p1a: Kyogre|spa|1\n|move|p1a: Kyogre|Ice Beam|p2a: Ribombee\n|-damage|p2a: Ribombee|0 fnt\n|faint|p2a: Ribombee\n|\n|-weather|RainDance|[upkeep]\n|-heal|p1a: Kyogre|67\/100|[from] item: Leftovers\n|upkeep\n|inactive|Taka has 270 seconds left.\n|inactive|Taka has 240 seconds left.\n|inactive|Taka has 210 seconds left.\n|inactive|Taka has 180 seconds left.\n|\n|t:|1700186923\n|switch|p2a: Koraidon|Koraidon|100\/100\n|-weather|SunnyDay|[from] ability: Orichalcum Pulse|[of] p2a: Koraidon\n|-activate|p2a: Koraidon|Orichalcum Pulse|[source]\n|turn|4\n|inactive|Taka has 180 seconds left.\n|\n|t:|1700186938\n|switch|p1a: Alomomola|Alomomola, M|100\/100\n|-activate|p1a: Alomomola|move: Sticky Web\n|-unboost|p1a: Alomomola|spe|1\n|move|p2a: Koraidon|Close Combat|p1a: Alomomola\n|-damage|p1a: Alomomola|46\/100\n|-unboost|p2a: Koraidon|def|1\n|-unboost|p2a: Koraidon|spd|1\n|-damage|p2a: Koraidon|84\/100|[from] item: Rocky Helmet|[of] p1a: Alomomola\n|-damage|p2a: Koraidon|74\/100|[from] item: Life Orb\n|\n|-weather|SunnyDay|[upkeep]\n|upkeep\n|turn|5\n|inactive|Taka has 180 seconds left.\n|\n|t:|1700186953\n|switch|p1a: Kyogre|Kyogre|67\/100\n|-activate|p1a: Kyogre|move: Sticky Web\n|-unboost|p1a: Kyogre|spe|1\n|-weather|RainDance|[from] ability: Drizzle|[of] p1a: Kyogre\n|move|p2a: Koraidon|Close Combat|p1a: Kyogre\n|-damage|p1a: Kyogre|0 fnt\n|-unboost|p2a: Koraidon|def|1\n|-unboost|p2a: Koraidon|spd|1\n|faint|p1a: Kyogre\n|-damage|p2a: Koraidon|64\/100|[from] item: Life Orb\n|\n|-weather|RainDance|[upkeep]\n|upkeep\n|\n|t:|1700186962\n|switch|p1a: Arceus|Arceus-Fairy|100\/100\n|-activate|p1a: Arceus|move: Sticky Web\n|-unboost|p1a: Arceus|spe|1\n|turn|6\n|\n|t:|1700186967\n|switch|p2a: Zacian|Zacian-Crowned|100\/100\n|-ability|p2a: Zacian|Intrepid Sword|boost\n|-boost|p2a: Zacian|atk|1\n|move|p1a: Arceus|Judgment|p2a: Zacian\n|-resisted|p2a: Zacian\n|-damage|p2a: Zacian|78\/100\n|\n|-weather|RainDance|[upkeep]\n|upkeep\n|turn|7\n|\n|t:|1700186981\n|switch|p1a: Alomomola|Alomomola, M|80\/100\n|-activate|p1a: Alomomola|move: Sticky Web\n|-unboost|p1a: Alomomola|spe|1\n|move|p2a: Zacian|Swords Dance|p2a: Zacian\n|-boost|p2a: Zacian|atk|2\n|\n|-weather|RainDance|[upkeep]\n|upkeep\n|turn|8\n|\n|t:|1700186991\n|move|p2a: Zacian|Play Rough|p1a: Alomomola\n|-damage|p1a: Alomomola|7\/100\n|-unboost|p1a: Alomomola|atk|1\n|-damage|p2a: Zacian|62\/100|[from] item: Rocky Helmet|[of] p1a: Alomomola\n|move|p1a: Alomomola|Flip Turn|p2a: Zacian\n|-damage|p2a: Zacian|45\/100\n|\n|t:|1700187004\n|switch|p1a: Giratina|Giratina-Origin|100\/100|[from] Flip Turn\n|\n|-weather|RainDance|[upkeep]\n|upkeep\n|turn|9\n|inactive|Luna's Bann3d Now has 270 seconds left.\n|inactive|Taka has 180 seconds left.\n|inactive|Luna's Bann3d Now has 240 seconds left.\n|\n|t:|1700187068\n|-terastallize|p1a: Giratina|Steel\n|move|p2a: Zacian|Play Rough|p1a: Giratina\n|-resisted|p1a: Giratina\n|-damage|p1a: Giratina|53\/100\n|move|p1a: Giratina|Defog|p2a: Zacian\n|-unboost|p2a: Zacian|evasion|1\n|-sideend|p1: Luna's Bann3d Now|Sticky Web|[from] move: Defog|[of] p1a: Giratina\n|\n|-weather|none\n|upkeep\n|turn|10\n|inactive|Taka has 180 seconds left.\n|\n|t:|1700187074\n|switch|p1a: Alomomola|Alomomola, M|40\/100\n|move|p2a: Zacian|Close Combat|p1a: Alomomola\n|-damage|p1a: Alomomola|0 fnt\n|-unboost|p2a: Zacian|def|1\n|-unboost|p2a: Zacian|spd|1\n|-damage|p2a: Zacian|28\/100|[from] item: Rocky Helmet|[of] p1a: Alomomola\n|faint|p1a: Alomomola\n|\n|upkeep\n|\n|t:|1700187075\n|switch|p1a: Miraidon|Miraidon|100\/100\n|-fieldstart|move: Electric Terrain|[from] ability: Hadron Engine|[of] p1a: Miraidon\n|turn|11\n|inactive|Taka has 180 seconds left.\n|inactive|Luna's Bann3d Now has 240 seconds left.\n|inactive|Taka has 150 seconds left.\n|inactive|Taka has 120 seconds left.\n|\n|t:|1700187157\n|move|p1a: Miraidon|U-turn|p2a: Zacian\n|-resisted|p2a: Zacian\n|-damage|p2a: Zacian|24\/100\n|\n|t:|1700187161\n|switch|p1a: Giratina|Giratina-Origin, tera:Steel|53\/100|[from] U-turn\n|move|p2a: Zacian|Play Rough|p1a: Giratina\n|-resisted|p1a: Giratina\n|-damage|p1a: Giratina|10\/100\n|\n|upkeep\n|turn|12\n|inactive|Taka has 120 seconds left.\n|\n|t:|1700187175\n|move|p2a: Zacian|Behemoth Blade|p1a: Giratina\n|-resisted|p1a: Giratina\n|-damage|p1a: Giratina|0 fnt\n|faint|p1a: Giratina\n|\n|upkeep\n|\n|t:|1700187177\n|switch|p1a: Miraidon|Miraidon|100\/100\n|-activate|p1a: Miraidon|ability: Hadron Engine\n|turn|13\n|\n|t:|1700187180\n|switch|p2a: Rayquaza|Rayquaza|100\/100\n|-ability|p2a: Rayquaza|Air Lock\n|move|p1a: Miraidon|Dazzling Gleam|p2a: Rayquaza\n|-supereffective|p2a: Rayquaza\n|-damage|p2a: Rayquaza|22\/100\n|\n|upkeep\n|turn|14\n|\n|t:|1700187185\n|move|p1a: Miraidon|Dazzling Gleam|p2a: Rayquaza\n|-supereffective|p2a: Rayquaza\n|-damage|p2a: Rayquaza|0 fnt\n|faint|p2a: Rayquaza\n|\n|upkeep\n|\n|t:|1700187196\n|switch|p2a: Koraidon|Koraidon|64\/100\n|-weather|SunnyDay|[from] ability: Orichalcum Pulse|[of] p2a: Koraidon\n|-activate|p2a: Koraidon|Orichalcum Pulse|[source]\n|turn|15\n|inactive|Luna's Bann3d Now has 240 seconds left.\n|inactive|Taka has 120 seconds left.\n|\n|t:|1700187231\n|-terastallize|p2a: Koraidon|Fire\n|move|p1a: Miraidon|Dazzling Gleam|p2a: Koraidon\n|-resisted|p2a: Koraidon\n|-damage|p2a: Koraidon|44\/100\n|move|p2a: Koraidon|Close Combat|p1a: Miraidon\n|-damage|p1a: Miraidon|0 fnt\n|-unboost|p2a: Koraidon|def|1\n|-unboost|p2a: Koraidon|spd|1\n|faint|p1a: Miraidon\n|-damage|p2a: Koraidon|34\/100|[from] item: Life Orb\n|\n|-weather|SunnyDay|[upkeep]\n|-fieldend|move: Electric Terrain\n|upkeep\n|inactive|Luna's Bann3d Now has 210 seconds left.\n|\n|t:|1700187271\n|switch|p1a: Arceus|Arceus-Fairy|100\/100\n|turn|16\n|\n|t:|1700187277\n|switch|p1a: Ting-Lu|Ting-Lu|100\/100\n|-ability|p1a: Ting-Lu|Vessel of Ruin\n|move|p2a: Koraidon|Flare Blitz|p1a: Ting-Lu\n|-damage|p1a: Ting-Lu|6\/100\n|-status|p1a: Ting-Lu|brn\n|-damage|p2a: Koraidon|0 fnt|[from] Recoil\n|faint|p2a: Koraidon\n|\n|-weather|SunnyDay|[upkeep]\n|-heal|p1a: Ting-Lu|13\/100 brn|[from] item: Leftovers\n|-damage|p1a: Ting-Lu|6\/100 brn|[from] brn\n|upkeep\n|\n|t:|1700187282\n|switch|p2a: Zacian|Zacian-Crowned|24\/100\n|turn|17\n|\n|t:|1700187290\n|move|p2a: Zacian|Swords Dance|p2a: Zacian\n|-boost|p2a: Zacian|atk|2\n|move|p1a: Ting-Lu|Earthquake|p2a: Zacian\n|-supereffective|p2a: Zacian\n|-damage|p2a: Zacian|0 fnt\n|faint|p2a: Zacian\n|\n|-weather|SunnyDay|[upkeep]\n|-heal|p1a: Ting-Lu|13\/100 brn|[from] item: Leftovers\n|-damage|p1a: Ting-Lu|6\/100 brn|[from] brn\n|upkeep\n|c|\u2606Taka|oh im tripping LOL\n|c|\u2606Taka|misclicked\n|c|\u2606Luna's Bann3d Now|LMAO\n|\n|t:|1700187303\n|switch|p2a: Arceus|Arceus|100\/100\n|turn|18\n|c|\u2606Luna's Bann3d Now|you win anyways.\n|c|\u2606Luna's Bann3d Now|this mu was never being won\n|inactive|Taka has 120 seconds left.\n|\n|t:|1700187334\n|move|p2a: Arceus|Swords Dance|p2a: Arceus\n|-boost|p2a: Arceus|atk|2\n|move|p1a: Ting-Lu|Taunt|p2a: Arceus\n|-start|p2a: Arceus|move: Taunt\n|\n|-weather|SunnyDay|[upkeep]\n|-heal|p1a: Ting-Lu|13\/100 brn|[from] item: Leftovers\n|-damage|p1a: Ting-Lu|6\/100 brn|[from] brn\n|upkeep\n|turn|19\n|\n|t:|1700187338\n|move|p2a: Arceus|Earthquake|p1a: Ting-Lu\n|-damage|p1a: Ting-Lu|0 fnt\n|faint|p1a: Ting-Lu\n|-damage|p2a: Arceus|91\/100|[from] item: Life Orb\n|\n|-weather|none\n|upkeep\n|\n|t:|1700187340\n|switch|p1a: Arceus|Arceus-Fairy|100\/100\n|turn|20\n|\n|t:|1700187341\n|move|p2a: Arceus|Extreme Speed|p1a: Arceus\n|-damage|p1a: Arceus|28\/100\n|-damage|p2a: Arceus|81\/100|[from] item: Life Orb\n|move|p1a: Arceus|Judgment|p2a: Arceus\n|-damage|p2a: Arceus|46\/100\n|\n|upkeep\n|turn|21\n|c|\u2606Taka|gg\n|\n|t:|1700187344\n|move|p2a: Arceus|Extreme Speed|p1a: Arceus\n|-damage|p1a: Arceus|0 fnt\n|faint|p1a: Arceus\n|-damage|p2a: Arceus|36\/100|[from] item: Life Orb\n|\n|win|Taka\n","uploadtime":1700187345,"views":123,"p1id":"lunasbann3dnow","p2id":"taka","formatid":"gen9ubers","rating":0,"private":0,"password":""}