{"id":"smogtours-gen9ubers-726865","p1":"Kate","p2":"Frozoid","format":"[Gen 9] Ubers","log":"|inactive|Battle timer is ON: inactive players will automatically lose when time's up.\n|t:|1698469230\n|gametype|singles\n|player|p1|Kate|#kate|\n|player|p2|Frozoid|hilbert|\n|teamsize|p1|6\n|teamsize|p2|6\n|gen|9\n|tier|[Gen 9] Ubers\n|rule|Sleep Clause Mod: Limit one foe put to sleep\n|rule|Species Clause: Limit one of each Pok\u00e9mon\n|rule|OHKO Clause: OHKO moves are banned\n|rule|Evasion Items Clause: Evasion items are banned\n|rule|Evasion Moves Clause: Evasion moves are banned\n|rule|Endless Battle Clause: Forcing endless battles is banned\n|rule|HP Percentage Mod: HP is shown in percentages\n|clearpoke\n|poke|p1|Kyogre|\n|poke|p1|Clodsire, F|\n|poke|p1|Zacian-*|\n|poke|p1|Arceus-Ground|\n|poke|p1|Giratina-Origin|\n|poke|p1|Miraidon|\n|poke|p2|Miraidon|\n|poke|p2|Gliscor, M|\n|poke|p2|Eternatus|\n|poke|p2|Koraidon|\n|poke|p2|Zacian-*|\n|poke|p2|Arceus-Ground|\n|teampreview\n|c|\u2606Frozoid|hf\n|c|\u2606Kate|Hf\n|inactive|Kate has 270 seconds left.\n|inactive|Frozoid has 270 seconds left.\n|inactive|Kate disconnected and has 300 seconds to reconnect!\n|player|p1|\n|inactive|Kate reconnected and has 270 seconds left.\n|player|p1|Kate|#kate\n|inactive|Frozoid has 240 seconds left.\n|\n|t:|1698469293\n|start\n|switch|p1a: Clodsire|Clodsire, F|100\/100\n|switch|p2a: Koraidon|Koraidon|100\/100\n|-weather|SunnyDay|[from] ability: Orichalcum Pulse|[of] p2a: Koraidon\n|-activate|p2a: Koraidon|Orichalcum Pulse|[source]\n|turn|1\n|\n|t:|1698469299\n|move|p2a: Koraidon|U-turn|p1a: Clodsire\n|-resisted|p1a: Clodsire\n|-damage|p1a: Clodsire|87\/100\n|-damage|p2a: Koraidon|84\/100|[from] item: Rocky Helmet|[of] p1a: Clodsire\n|\n|t:|1698469302\n|switch|p2a: Gliscor|Gliscor, M|100\/100|[from] U-turn\n|move|p1a: Clodsire|Stealth Rock|p2a: Gliscor\n|-sidestart|p2: Frozoid|move: Stealth Rock\n|\n|-weather|SunnyDay|[upkeep]\n|-status|p2a: Gliscor|tox|[from] item: Toxic Orb\n|upkeep\n|turn|2\n|\n|t:|1698469306\n|move|p2a: Gliscor|Spikes|p1a: Clodsire\n|-sidestart|p1: Kate|Spikes\n|move|p1a: Clodsire|Recover|p1a: Clodsire\n|-heal|p1a: Clodsire|100\/100\n|\n|-weather|SunnyDay|[upkeep]\n|upkeep\n|turn|3\n|\n|t:|1698469314\n|switch|p1a: Kyogre|Kyogre|100\/100\n|-weather|RainDance|[from] ability: Drizzle|[of] p1a: Kyogre\n|move|p2a: Gliscor|Toxic|p1a: Kyogre\n|-status|p1a: Kyogre|tox\n|\n|-weather|RainDance|[upkeep]\n|-damage|p1a: Kyogre|94\/100 tox|[from] psn\n|upkeep\n|turn|4\n|\n|t:|1698469322\n|move|p2a: Gliscor|Protect|p2a: Gliscor\n|-singleturn|p2a: Gliscor|Protect\n|move|p1a: Kyogre|Calm Mind|p1a: Kyogre\n|-boost|p1a: Kyogre|spa|1\n|-boost|p1a: Kyogre|spd|1\n|\n|-weather|RainDance|[upkeep]\n|-damage|p1a: Kyogre|82\/100 tox|[from] psn\n|upkeep\n|turn|5\n|\n|t:|1698469328\n|switch|p2a: Eternatus|Eternatus|100\/100\n|-ability|p2a: Eternatus|Pressure\n|move|p1a: Kyogre|Ice Beam|p2a: Eternatus\n|-supereffective|p2a: Eternatus\n|-damage|p2a: Eternatus|37\/100\n|\n|-weather|RainDance|[upkeep]\n|-damage|p1a: Kyogre|63\/100 tox|[from] psn\n|upkeep\n|turn|6\n|\n|t:|1698469333\n|move|p2a: Eternatus|Recover|p2a: Eternatus\n|-heal|p2a: Eternatus|87\/100\n|move|p1a: Kyogre|Thunder Wave|p2a: Eternatus\n|-status|p2a: Eternatus|par\n|\n|-weather|RainDance|[upkeep]\n|-damage|p1a: Kyogre|39\/100 tox|[from] psn\n|upkeep\n|turn|7\n|\n|t:|1698469351\n|switch|p1a: Giratina|Giratina-Origin|100\/100\n|move|p2a: Eternatus|Recover|p2a: Eternatus\n|-heal|p2a: Eternatus|100\/100 par\n|\n|-weather|none\n|upkeep\n|turn|8\n|\n|t:|1698469359\n|switch|p2a: Gliscor|Gliscor, M|100\/100 tox\n|-damage|p2a: Gliscor|88\/100 tox|[from] Stealth Rock\n|move|p1a: Giratina|Draco Meteor|p2a: Gliscor\n|-damage|p2a: Gliscor|18\/100 tox\n|-unboost|p1a: Giratina|spa|2\n|\n|-heal|p2a: Gliscor|31\/100 tox|[from] ability: Poison Heal\n|upkeep\n|turn|9\n|\n|t:|1698469376\n|switch|p1a: Zacian|Zacian-Crowned|100\/100\n|-damage|p1a: Zacian|88\/100|[from] Spikes\n|-ability|p1a: Zacian|Intrepid Sword|boost\n|-boost|p1a: Zacian|atk|1\n|move|p2a: Gliscor|Protect||[still]\n|-fail|p2a: Gliscor\n|\n|-heal|p2a: Gliscor|43\/100 tox|[from] ability: Poison Heal\n|upkeep\n|turn|10\n|\n|t:|1698469385\n|switch|p2a: Arceus|Arceus-Ground|100\/100\n|-damage|p2a: Arceus|94\/100|[from] Stealth Rock\n|move|p1a: Zacian|Swords Dance|p1a: Zacian\n|-boost|p1a: Zacian|atk|2\n|\n|upkeep\n|turn|11\n|\n|t:|1698469406\n|-terastallize|p1a: Zacian|Flying\n|move|p1a: Zacian|Behemoth Blade|p2a: Arceus\n|-damage|p2a: Arceus|21\/100\n|move|p2a: Arceus|Judgment|p1a: Zacian\n|-immune|p1a: Zacian\n|\n|upkeep\n|turn|12\n|\n|t:|1698469418\n|move|p1a: Zacian|Behemoth Blade|p2a: Arceus\n|-damage|p2a: Arceus|0 fnt\n|faint|p2a: Arceus\n|\n|upkeep\n|inactive|Frozoid has 270 seconds left.\n|inactive|Frozoid has 240 seconds left.\n|inactive|Frozoid has 210 seconds left.\n|\n|t:|1698469518\n|switch|p2a: Koraidon|Koraidon|84\/100\n|-damage|p2a: Koraidon|78\/100|[from] Stealth Rock\n|-weather|SunnyDay|[from] ability: Orichalcum Pulse|[of] p2a: Koraidon\n|-activate|p2a: Koraidon|Orichalcum Pulse|[source]\n|turn|13\n|\n|t:|1698469540\n|switch|p1a: Giratina|Giratina-Origin|100\/100\n|move|p2a: Koraidon|U-turn|p1a: Giratina\n|-resisted|p1a: Giratina\n|-damage|p1a: Giratina|90\/100\n|inactive|Frozoid has 180 seconds left.\n|\n|t:|1698469584\n|switch|p2a: Miraidon|Miraidon|100\/100|[from] U-turn\n|-fieldstart|move: Electric Terrain|[from] ability: Hadron Engine|[of] p2a: Miraidon\n|\n|-weather|SunnyDay|[upkeep]\n|upkeep\n|turn|14\n|inactive|Kate has 270 seconds left.\n|inactive|Kate has 240 seconds left.\n|\n|t:|1698469662\n|switch|p1a: Kyogre|Kyogre|39\/100 tox\n|-weather|RainDance|[from] ability: Drizzle|[of] p1a: Kyogre\n|move|p2a: Miraidon|Draco Meteor|p1a: Kyogre|[miss]\n|-miss|p2a: Miraidon|p1a: Kyogre\n|\n|-weather|RainDance|[upkeep]\n|-damage|p1a: Kyogre|32\/100 tox|[from] psn\n|upkeep\n|turn|15\n|\n|t:|1698469672\n|switch|p1a: Arceus|Arceus-Ground|100\/100\n|-damage|p1a: Arceus|88\/100|[from] Spikes\n|move|p2a: Miraidon|Electro Drift|p1a: Arceus\n|-immune|p1a: Arceus\n|\n|-weather|RainDance|[upkeep]\n|upkeep\n|turn|16\n|inactive|Frozoid has 180 seconds left.\n|inactive|Frozoid has 150 seconds left.\n|\n|t:|1698469719\n|move|p2a: Miraidon|Draco Meteor|p1a: Arceus\n|-damage|p1a: Arceus|31\/100\n|-unboost|p2a: Miraidon|spa|2\n|move|p1a: Arceus|Judgment|p2a: Miraidon\n|-supereffective|p2a: Miraidon\n|-damage|p2a: Miraidon|12\/100\n|\n|-weather|RainDance|[upkeep]\n|upkeep\n|turn|17\n|inactive|Kate has 210 seconds left.\n|inactive|Frozoid has 120 seconds left.\n|\n|t:|1698469765\n|switch|p1a: Kyogre|Kyogre|32\/100 tox\n|move|p2a: Miraidon|Taunt|p1a: Kyogre\n|-start|p1a: Kyogre|move: Taunt\n|\n|-weather|RainDance|[upkeep]\n|-damage|p1a: Kyogre|26\/100 tox|[from] psn\n|-fieldend|move: Electric Terrain\n|upkeep\n|turn|18\n|\n|t:|1698469772\n|move|p2a: Miraidon|U-turn|p1a: Kyogre\n|-crit|p1a: Kyogre\n|-damage|p1a: Kyogre|13\/100 tox\n|\n|t:|1698469775\n|switch|p2a: Eternatus|Eternatus|100\/100 par|[from] U-turn\n|-ability|p2a: Eternatus|Pressure\n|move|p1a: Kyogre|Ice Beam|p2a: Eternatus\n|-supereffective|p2a: Eternatus\n|-damage|p2a: Eternatus|52\/100 par\n|\n|-weather|none\n|-damage|p1a: Kyogre|0 fnt|[from] psn\n|faint|p1a: Kyogre\n|upkeep\n|inactive|Kate has 210 seconds left.\n|\n|t:|1698469784\n|switch|p1a: Arceus|Arceus-Ground|31\/100\n|-damage|p1a: Arceus|18\/100|[from] Spikes\n|turn|19\n|\n|t:|1698469791\n|move|p1a: Arceus|Judgment|p2a: Eternatus\n|-supereffective|p2a: Eternatus\n|-damage|p2a: Eternatus|0 fnt\n|faint|p2a: Eternatus\n|\n|upkeep\n|\n|t:|1698469798\n|switch|p2a: Zacian|Zacian-Crowned|100\/100\n|-damage|p2a: Zacian|94\/100|[from] Stealth Rock\n|-ability|p2a: Zacian|Intrepid Sword|boost\n|-boost|p2a: Zacian|atk|1\n|turn|20\n|\n|t:|1698469803\n|switch|p1a: Clodsire|Clodsire, F|100\/100\n|-damage|p1a: Clodsire|88\/100|[from] Spikes\n|move|p2a: Zacian|Behemoth Blade|p1a: Clodsire\n|-damage|p1a: Clodsire|43\/100\n|-damage|p2a: Zacian|78\/100|[from] item: Rocky Helmet|[of] p1a: Clodsire\n|\n|upkeep\n|turn|21\n|\n|t:|1698469806\n|move|p2a: Zacian|Behemoth Blade|p1a: Clodsire\n|-damage|p1a: Clodsire|0 fnt\n|-damage|p2a: Zacian|61\/100|[from] item: Rocky Helmet|[of] p1a: Clodsire\n|faint|p1a: Clodsire\n|\n|upkeep\n|\n|t:|1698469811\n|switch|p1a: Zacian|Zacian-Crowned, tera:Flying|88\/100\n|turn|22\n|inactive|Frozoid has 150 seconds left.\n|inactive|Frozoid has 120 seconds left.\n|\n|t:|1698469884\n|move|p2a: Zacian|Wild Charge|p1a: Zacian\n|-supereffective|p1a: Zacian\n|-damage|p1a: Zacian|0 fnt\n|faint|p1a: Zacian\n|-damage|p2a: Zacian|39\/100|[from] Recoil\n|\n|upkeep\n|inactive|Kate has 240 seconds left.\n|\n|t:|1698469919\n|switch|p1a: Miraidon|Miraidon|100\/100\n|-damage|p1a: Miraidon|88\/100|[from] Spikes\n|-fieldstart|move: Electric Terrain|[from] ability: Hadron Engine|[of] p1a: Miraidon\n|-enditem|p1a: Miraidon|Electric Seed\n|-boost|p1a: Miraidon|def|1|[from] item: Electric Seed\n|turn|23\n|inactive|Frozoid has 120 seconds left.\n|\n|t:|1698469940\n|move|p2a: Zacian|Play Rough|p1a: Miraidon\n|-supereffective|p1a: Miraidon\n|-damage|p1a: Miraidon|0 fnt\n|faint|p1a: Miraidon\n|\n|upkeep\n|inactive|Kate has 210 seconds left.\n|\n|t:|1698469968\n|switch|p1a: Giratina|Giratina-Origin|90\/100\n|turn|24\n|\n|t:|1698469971\n|move|p2a: Zacian|Play Rough|p1a: Giratina\n|-supereffective|p1a: Giratina\n|-damage|p1a: Giratina|0 fnt\n|faint|p1a: Giratina\n|\n|upkeep\n|-message|Kate forfeited.\n|\n|win|Frozoid\n|c|\u2606Frozoid|gg\n","uploadtime":1698469975,"views":137,"p1id":"kate","p2id":"frozoid","formatid":"gen9ubers","rating":0,"private":0,"password":""}