{"id":"smogtours-gen9ubers-724297","p1":"Kate","p2":"TPP","format":"[Gen 9] Ubers","log":"|inactive|Battle timer is ON: inactive players will automatically lose when time's up.\n|t:|1697418145\n|gametype|singles\n|player|p1|Kate|#kate|\n|player|p2|TPP|#wcop2022ussouth|\n|teamsize|p1|6\n|teamsize|p2|6\n|gen|9\n|tier|[Gen 9] Ubers\n|rule|Sleep Clause Mod: Limit one foe put to sleep\n|rule|Species Clause: Limit one of each Pok\u00e9mon\n|rule|OHKO Clause: OHKO moves are banned\n|rule|Evasion Items Clause: Evasion items are banned\n|rule|Evasion Moves Clause: Evasion moves are banned\n|rule|Endless Battle Clause: Forcing endless battles is banned\n|rule|HP Percentage Mod: HP is shown in percentages\n|clearpoke\n|poke|p1|Arceus|\n|poke|p1|Giratina-Origin|\n|poke|p1|Diancie|\n|poke|p1|Gliscor, F|\n|poke|p1|Koraidon|\n|poke|p1|Gholdengo|\n|poke|p2|Clodsire, M|\n|poke|p2|Miraidon|\n|poke|p2|Gliscor, M|\n|poke|p2|Arceus|\n|poke|p2|Iron Bundle|\n|poke|p2|Dondozo, F|\n|teampreview\n|c|\u2606TPP|glhf\n|c|\u2606Kate|Hf\n|inactive|Kate has 270 seconds left.\n|inactive|TPP has 270 seconds left.\n|inactive|Kate disconnected and has 300 seconds to reconnect!\n|player|p1|\n|inactive|Kate reconnected and has 265 seconds left.\n|player|p1|Kate|#kate\n|inactive|TPP has 240 seconds left.\n|inactive|Kate has 240 seconds left.\n|\n|t:|1697418227\n|start\n|switch|p1a: Gholdengo|Gholdengo|100\/100\n|switch|p2a: Gliscor|Gliscor, M, shiny|100\/100\n|-item|p1a: Gholdengo|Air Balloon\n|turn|1\n|\n|t:|1697418235\n|move|p1a: Gholdengo|Nasty Plot|p1a: Gholdengo\n|-boost|p1a: Gholdengo|spa|2\n|move|p2a: Gliscor|Knock Off|p1a: Gholdengo\n|-supereffective|p1a: Gholdengo\n|-damage|p1a: Gholdengo|63\/100\n|-enditem|p1a: Gholdengo|Air Balloon\n|\n|-status|p2a: Gliscor|tox|[from] item: Toxic Orb\n|upkeep\n|turn|2\n|inactive|TPP has 270 seconds left.\n|\n|t:|1697418283\n|switch|p2a: Miraidon|Miraidon|100\/100\n|-fieldstart|move: Electric Terrain|[from] ability: Hadron Engine|[of] p2a: Miraidon\n|move|p1a: Gholdengo|Make It Rain|p2a: Miraidon\n|-resisted|p2a: Miraidon\n|-damage|p2a: Miraidon|53\/100\n|-unboost|p1a: Gholdengo|spa|1\n|\n|upkeep\n|turn|3\n|inactive|TPP has 240 seconds left.\n|\n|t:|1697418337\n|switch|p1a: Diancie|Diancie|100\/100\n|move|p2a: Miraidon|Calm Mind|p2a: Miraidon\n|-boost|p2a: Miraidon|spa|1\n|-boost|p2a: Miraidon|spd|1\n|\n|upkeep\n|turn|4\n|inactive|TPP has 210 seconds left.\n|\n|t:|1697418362\n|move|p2a: Miraidon|Electro Drift|p1a: Diancie\n|-damage|p1a: Diancie|0 fnt\n|-damage|p2a: Miraidon|36\/100|[from] item: Rocky Helmet|[of] p1a: Diancie\n|faint|p1a: Diancie\n|\n|upkeep\n|\n|t:|1697418366\n|switch|p1a: Koraidon|Koraidon|100\/100\n|-weather|SunnyDay|[from] ability: Orichalcum Pulse|[of] p1a: Koraidon\n|-activate|p1a: Koraidon|Orichalcum Pulse|[source]\n|turn|5\n|inactive|TPP has 210 seconds left.\n|\n|t:|1697418376\n|switch|p2a: Gliscor|Gliscor, M, shiny|100\/100 tox\n|move|p1a: Koraidon|U-turn|p2a: Gliscor\n|-resisted|p2a: Gliscor\n|-damage|p2a: Gliscor|91\/100 tox\n|\n|t:|1697418403\n|switch|p1a: Arceus|Arceus|100\/100|[from] U-turn\n|\n|-weather|SunnyDay|[upkeep]\n|-heal|p2a: Gliscor|100\/100 tox|[from] ability: Poison Heal\n|upkeep\n|turn|6\n|inactive|TPP has 210 seconds left.\n|inactive|TPP has 180 seconds left.\n|\n|t:|1697418461\n|switch|p2a: Clodsire|Clodsire, M, shiny|100\/100\n|move|p1a: Arceus|Substitute|p1a: Arceus\n|-start|p1a: Arceus|Substitute\n|-damage|p1a: Arceus|76\/100\n|\n|-weather|SunnyDay|[upkeep]\n|-heal|p1a: Arceus|82\/100|[from] item: Leftovers\n|-fieldend|move: Electric Terrain\n|upkeep\n|turn|7\n|\n|t:|1697418483\n|switch|p2a: Dondozo|Dondozo, F|100\/100\n|move|p1a: Arceus|Calm Mind|p1a: Arceus\n|-boost|p1a: Arceus|spa|1\n|-boost|p1a: Arceus|spd|1\n|\n|-weather|SunnyDay|[upkeep]\n|-heal|p1a: Arceus|88\/100|[from] item: Leftovers\n|upkeep\n|turn|8\n|inactive|TPP has 150 seconds left.\n|\n|t:|1697418505\n|switch|p2a: Clodsire|Clodsire, M, shiny|100\/100\n|move|p1a: Arceus|Tera Blast|p2a: Clodsire\n|-damage|p2a: Clodsire|73\/100\n|\n|-weather|SunnyDay|[upkeep]\n|-heal|p1a: Arceus|94\/100|[from] item: Leftovers\n|upkeep\n|turn|9\n|inactive|TPP has 150 seconds left.\n|\n|t:|1697418512\n|move|p1a: Arceus|Calm Mind|p1a: Arceus\n|-boost|p1a: Arceus|spa|1\n|-boost|p1a: Arceus|spd|1\n|move|p2a: Clodsire|Earthquake|p1a: Arceus\n|-activate|p1a: Arceus|move: Substitute|[damage]\n|\n|-weather|none\n|-heal|p1a: Arceus|99\/100|[from] item: Leftovers\n|upkeep\n|turn|10\n|\n|t:|1697418515\n|move|p1a: Arceus|Calm Mind|p1a: Arceus\n|-boost|p1a: Arceus|spa|1\n|-boost|p1a: Arceus|spd|1\n|move|p2a: Clodsire|Earthquake|p1a: Arceus\n|-end|p1a: Arceus|Substitute\n|\n|-heal|p1a: Arceus|100\/100|[from] item: Leftovers\n|upkeep\n|turn|11\n|inactive|TPP has 150 seconds left.\n|\n|t:|1697418542\n|switch|p2a: Iron Bundle|Iron Bundle|100\/100\n|move|p1a: Arceus|Tera Blast|p2a: Iron Bundle\n|-damage|p2a: Iron Bundle|0 fnt\n|faint|p2a: Iron Bundle\n|-end|p2a: Iron Bundle|Quark Drive|[silent]\n|\n|upkeep\n|inactive|TPP has 120 seconds left.\n|inactive|TPP has 90 seconds left.\n|\n|t:|1697418606\n|switch|p2a: Dondozo|Dondozo, F|100\/100\n|turn|12\n|inactive|TPP has 90 seconds left.\n|\n|t:|1697418620\n|move|p1a: Arceus|Tera Blast|p2a: Dondozo\n|-damage|p2a: Dondozo|66\/100\n|move|p2a: Dondozo|Curse|p2a: Dondozo\n|-unboost|p2a: Dondozo|spe|1\n|-boost|p2a: Dondozo|atk|1\n|-boost|p2a: Dondozo|def|1\n|\n|upkeep\n|turn|13\n|\n|t:|1697418628\n|move|p1a: Arceus|Tera Blast|p2a: Dondozo\n|-damage|p2a: Dondozo|33\/100\n|move|p2a: Dondozo|Rest|p2a: Dondozo\n|-status|p2a: Dondozo|slp|[from] move: Rest\n|-heal|p2a: Dondozo|100\/100 slp|[silent]\n|\n|upkeep\n|turn|14\n|\n|t:|1697418633\n|move|p1a: Arceus|Tera Blast|p2a: Dondozo\n|-damage|p2a: Dondozo|67\/100 slp\n|cant|p2a: Dondozo|slp\n|move|p2a: Dondozo|Sleep Talk|p2a: Dondozo\n|move|p2a: Dondozo|Curse|p2a: Dondozo|[from]move: Sleep Talk\n|-unboost|p2a: Dondozo|spe|1\n|-boost|p2a: Dondozo|atk|1\n|-boost|p2a: Dondozo|def|1\n|\n|upkeep\n|turn|15\n|\n|t:|1697418640\n|move|p1a: Arceus|Tera Blast|p2a: Dondozo\n|-damage|p2a: Dondozo|34\/100 slp\n|cant|p2a: Dondozo|slp\n|move|p2a: Dondozo|Sleep Talk|p2a: Dondozo\n|move|p2a: Dondozo|Liquidation|p1a: Arceus|[from]move: Sleep Talk\n|-damage|p1a: Arceus|56\/100\n|\n|-heal|p1a: Arceus|62\/100|[from] item: Leftovers\n|upkeep\n|turn|16\n|\n|t:|1697418649\n|move|p1a: Arceus|Tera Blast|p2a: Dondozo\n|-crit|p2a: Dondozo\n|-damage|p2a: Dondozo|0 fnt\n|faint|p2a: Dondozo\n|\n|-heal|p1a: Arceus|69\/100|[from] item: Leftovers\n|upkeep\n|\n|t:|1697418657\n|switch|p2a: Arceus|Arceus|100\/100\n|turn|17\n|inactive|TPP has 120 seconds left.\n|\n|t:|1697418664\n|-terastallize|p2a: Arceus|Normal\n|move|p2a: Arceus|Extreme Speed|p1a: Arceus\n|-damage|p1a: Arceus|29\/100\n|move|p1a: Arceus|Substitute|p1a: Arceus\n|-start|p1a: Arceus|Substitute\n|-damage|p1a: Arceus|4\/100\n|\n|-heal|p1a: Arceus|10\/100|[from] item: Leftovers\n|upkeep\n|turn|18\n|inactive|TPP has 120 seconds left.\n|\n|t:|1697418675\n|move|p2a: Arceus|Extreme Speed|p1a: Arceus\n|-end|p1a: Arceus|Substitute\n|move|p1a: Arceus|Tera Blast|p2a: Arceus\n|-damage|p2a: Arceus|41\/100\n|\n|-heal|p1a: Arceus|16\/100|[from] item: Leftovers\n|-heal|p2a: Arceus|47\/100|[from] item: Leftovers\n|upkeep\n|turn|19\n|inactive|Kate has 270 seconds left.\n|\n|t:|1697418720\n|switch|p1a: Giratina|Giratina-Origin|100\/100\n|move|p2a: Arceus|Extreme Speed|p1a: Giratina\n|-immune|p1a: Giratina\n|\n|-heal|p2a: Arceus|53\/100|[from] item: Leftovers\n|upkeep\n|turn|20\n|\n|t:|1697418725\n|switch|p2a: Gliscor|Gliscor, M, shiny|100\/100 tox\n|move|p1a: Giratina|Dragon Tail|p2a: Gliscor\n|-damage|p2a: Gliscor|84\/100 tox\n|drag|p2a: Miraidon|Miraidon|36\/100\n|-fieldstart|move: Electric Terrain|[from] ability: Hadron Engine|[of] p2a: Miraidon\n|\n|upkeep\n|turn|21\n|inactive|Kate has 270 seconds left.\n|\n|t:|1697418735\n|switch|p1a: Gholdengo|Gholdengo|63\/100\n|move|p2a: Miraidon|U-turn|p1a: Gholdengo\n|-resisted|p1a: Gholdengo\n|-damage|p1a: Gholdengo|61\/100\n|\n|t:|1697418739\n|switch|p2a: Clodsire|Clodsire, M, shiny|73\/100|[from] U-turn\n|\n|upkeep\n|turn|22\n|inactive|Kate has 270 seconds left.\n|\n|t:|1697418756\n|move|p1a: Gholdengo|Nasty Plot|p1a: Gholdengo\n|-boost|p1a: Gholdengo|spa|2\n|move|p2a: Clodsire|Spikes|p1a: Gholdengo\n|-sidestart|p1: Kate|Spikes\n|\n|upkeep\n|turn|23\n|\n|t:|1697418760\n|move|p1a: Gholdengo|Make It Rain|p2a: Clodsire\n|-damage|p2a: Clodsire|13\/100\n|-unboost|p1a: Gholdengo|spa|1\n|move|p2a: Clodsire|Earthquake|p1a: Gholdengo\n|-supereffective|p1a: Gholdengo\n|-damage|p1a: Gholdengo|8\/100\n|\n|upkeep\n|turn|24\n|\n|t:|1697418768\n|move|p1a: Gholdengo|Make It Rain|p2a: Clodsire\n|-damage|p2a: Clodsire|0 fnt\n|-unboost|p1a: Gholdengo|spa|1\n|faint|p2a: Clodsire\n|\n|-fieldend|move: Electric Terrain\n|upkeep\n|inactive|TPP has 150 seconds left.\n|\n|t:|1697418821\n|switch|p2a: Arceus|Arceus, tera:Normal|53\/100\n|turn|25\n|\n|t:|1697418825\n|move|p2a: Arceus|Shadow Claw|p1a: Gholdengo\n|-supereffective|p1a: Gholdengo\n|-damage|p1a: Gholdengo|0 fnt\n|faint|p1a: Gholdengo\n|\n|-heal|p2a: Arceus|59\/100|[from] item: Leftovers\n|upkeep\n|\n|t:|1697418836\n|switch|p1a: Giratina|Giratina-Origin|100\/100\n|turn|26\n|\n|t:|1697418860\n|move|p2a: Arceus|Taunt|p1a: Giratina\n|-start|p1a: Giratina|move: Taunt\n|cant|p1a: Giratina|move: Taunt|Will-O-Wisp\n|\n|-heal|p2a: Arceus|65\/100|[from] item: Leftovers\n|upkeep\n|turn|27\n|\n|t:|1697418870\n|move|p2a: Arceus|Shadow Claw|p1a: Giratina\n|-supereffective|p1a: Giratina\n|-crit|p1a: Giratina\n|-damage|p1a: Giratina|62\/100\n|move|p1a: Giratina|Dragon Tail|p2a: Arceus\n|-damage|p2a: Arceus|46\/100\n|drag|p2a: Miraidon|Miraidon|36\/100\n|-fieldstart|move: Electric Terrain|[from] ability: Hadron Engine|[of] p2a: Miraidon\n|\n|upkeep\n|turn|28\n|\n|t:|1697418883\n|switch|p1a: Arceus|Arceus|16\/100\n|-damage|p1a: Arceus|4\/100|[from] Spikes\n|move|p2a: Miraidon|Draco Meteor|p1a: Arceus\n|-damage|p1a: Arceus|0 fnt\n|-unboost|p2a: Miraidon|spa|2\n|faint|p1a: Arceus\n|\n|upkeep\n|\n|t:|1697418886\n|switch|p1a: Koraidon|Koraidon|100\/100\n|-damage|p1a: Koraidon|88\/100|[from] Spikes\n|-weather|SunnyDay|[from] ability: Orichalcum Pulse|[of] p1a: Koraidon\n|-activate|p1a: Koraidon|Orichalcum Pulse|[source]\n|turn|29\n|\n|t:|1697418893\n|move|p1a: Koraidon|Flare Blitz|p2a: Miraidon\n|-resisted|p2a: Miraidon\n|-damage|p2a: Miraidon|0 fnt\n|faint|p2a: Miraidon\n|-damage|p1a: Koraidon|76\/100|[from] Recoil\n|\n|-weather|SunnyDay|[upkeep]\n|upkeep\n|\n|t:|1697418896\n|switch|p2a: Gliscor|Gliscor, M, shiny|84\/100 tox\n|turn|30\n|inactive|TPP has 150 seconds left.\n|inactive|Kate has 270 seconds left.\n|inactive|TPP has 120 seconds left.\n|\n|t:|1697418945\n|switch|p1a: Gliscor|Gliscor, F|100\/100\n|move|p2a: Gliscor|Earthquake|p1a: Gliscor\n|-immune|p1a: Gliscor\n|\n|-weather|SunnyDay|[upkeep]\n|-heal|p2a: Gliscor|97\/100 tox|[from] ability: Poison Heal\n|-status|p1a: Gliscor|tox|[from] item: Toxic Orb\n|upkeep\n|turn|31\n|\n|t:|1697418948\n|move|p1a: Gliscor|Toxic Spikes|p2a: Gliscor\n|-sidestart|p2: TPP|move: Toxic Spikes\n|move|p2a: Gliscor|Toxic Spikes|p1a: Gliscor\n|-sidestart|p1: Kate|move: Toxic Spikes\n|\n|-weather|SunnyDay|[upkeep]\n|-heal|p2a: Gliscor|100\/100 tox|[from] ability: Poison Heal\n|-fieldend|move: Electric Terrain\n|upkeep\n|turn|32\n|\n|t:|1697418953\n|move|p1a: Gliscor|Toxic Spikes|p2a: Gliscor\n|-sidestart|p2: TPP|move: Toxic Spikes\n|move|p2a: Gliscor|Toxic Spikes|p1a: Gliscor\n|-sidestart|p1: Kate|move: Toxic Spikes\n|\n|-weather|SunnyDay|[upkeep]\n|upkeep\n|turn|33\n|\n|t:|1697418957\n|move|p1a: Gliscor|Toxic|p2a: Gliscor\n|-fail|p2a: Gliscor|tox\n|move|p2a: Gliscor|Knock Off|p1a: Gliscor\n|-damage|p1a: Gliscor|88\/100 tox\n|-enditem|p1a: Gliscor|Toxic Orb|[from] move: Knock Off|[of] p2a: Gliscor\n|\n|-weather|none\n|-heal|p1a: Gliscor|99\/100 tox|[from] ability: Poison Heal\n|upkeep\n|turn|34\n|\n|t:|1697418960\n|move|p1a: Gliscor|Earthquake|p2a: Gliscor\n|-immune|p2a: Gliscor\n|move|p2a: Gliscor|Knock Off|p1a: Gliscor\n|-damage|p1a: Gliscor|90\/100 tox\n|\n|-heal|p1a: Gliscor|100\/100 tox|[from] ability: Poison Heal\n|upkeep\n|turn|35\n|\n|t:|1697418963\n|move|p1a: Gliscor|Earthquake|p2a: Gliscor\n|-immune|p2a: Gliscor\n|move|p2a: Gliscor|Knock Off|p1a: Gliscor\n|-damage|p1a: Gliscor|90\/100 tox\n|\n|-heal|p1a: Gliscor|100\/100 tox|[from] ability: Poison Heal\n|upkeep\n|turn|36\n|\n|t:|1697418967\n|move|p1a: Gliscor|Earthquake|p2a: Gliscor\n|-immune|p2a: Gliscor\n|move|p2a: Gliscor|Knock Off|p1a: Gliscor\n|-damage|p1a: Gliscor|92\/100 tox\n|\n|-heal|p1a: Gliscor|100\/100 tox|[from] ability: Poison Heal\n|upkeep\n|turn|37\n|\n|t:|1697418972\n|move|p1a: Gliscor|Earthquake|p2a: Gliscor\n|-immune|p2a: Gliscor\n|move|p2a: Gliscor|Knock Off|p1a: Gliscor\n|-damage|p1a: Gliscor|91\/100 tox\n|\n|-heal|p1a: Gliscor|100\/100 tox|[from] ability: Poison Heal\n|upkeep\n|turn|38\n|\n|t:|1697418977\n|move|p1a: Gliscor|Toxic Spikes||[still]\n|-fail|p1a: Gliscor\n|move|p2a: Gliscor|Toxic Spikes||[still]\n|-fail|p2a: Gliscor\n|\n|upkeep\n|turn|39\n|\n|t:|1697418980\n|move|p1a: Gliscor|Toxic Spikes||[still]\n|-fail|p1a: Gliscor\n|move|p2a: Gliscor|Toxic Spikes||[still]\n|-fail|p2a: Gliscor\n|\n|upkeep\n|turn|40\n|\n|t:|1697418984\n|move|p1a: Gliscor|Toxic Spikes||[still]\n|-fail|p1a: Gliscor\n|move|p2a: Gliscor|Knock Off|p1a: Gliscor\n|-damage|p1a: Gliscor|91\/100 tox\n|\n|-heal|p1a: Gliscor|100\/100 tox|[from] ability: Poison Heal\n|upkeep\n|turn|41\n|\n|t:|1697418988\n|move|p1a: Gliscor|Toxic Spikes||[still]\n|-fail|p1a: Gliscor\n|move|p2a: Gliscor|Knock Off|p1a: Gliscor\n|-damage|p1a: Gliscor|91\/100 tox\n|\n|-heal|p1a: Gliscor|100\/100 tox|[from] ability: Poison Heal\n|upkeep\n|turn|42\n|\n|t:|1697418993\n|move|p1a: Gliscor|Toxic Spikes||[still]\n|-fail|p1a: Gliscor\n|move|p2a: Gliscor|Toxic Spikes||[still]\n|-fail|p2a: Gliscor\n|\n|upkeep\n|turn|43\n|\n|t:|1697418996\n|move|p1a: Gliscor|Toxic Spikes||[still]\n|-fail|p1a: Gliscor\n|move|p2a: Gliscor|Toxic Spikes||[still]\n|-fail|p2a: Gliscor\n|\n|upkeep\n|turn|44\n|\n|t:|1697419000\n|switch|p1a: Giratina|Giratina-Origin|62\/100\n|move|p2a: Gliscor|Toxic Spikes||[still]\n|-fail|p2a: Gliscor\n|\n|upkeep\n|turn|45\n|\n|t:|1697419003\n|-terastallize|p1a: Giratina|Steel\n|move|p2a: Gliscor|Protect|p2a: Gliscor\n|-singleturn|p2a: Gliscor|Protect\n|move|p1a: Giratina|Hex|p2a: Gliscor\n|-activate|p2a: Gliscor|move: Protect\n|\n|upkeep\n|turn|46\n|\n|t:|1697419015\n|move|p1a: Giratina|Hex|p2a: Gliscor\n|-damage|p2a: Gliscor|29\/100 tox\n|move|p2a: Gliscor|Knock Off|p1a: Giratina\n|-damage|p1a: Giratina|55\/100\n|\n|-heal|p2a: Gliscor|42\/100 tox|[from] ability: Poison Heal\n|upkeep\n|turn|47\n|\n|t:|1697419020\n|move|p2a: Gliscor|Protect|p2a: Gliscor\n|-singleturn|p2a: Gliscor|Protect\n|move|p1a: Giratina|Hex|p2a: Gliscor\n|-activate|p2a: Gliscor|move: Protect\n|\n|-heal|p2a: Gliscor|54\/100 tox|[from] ability: Poison Heal\n|upkeep\n|turn|48\n|\n|t:|1697419026\n|switch|p2a: Arceus|Arceus, tera:Normal|46\/100\n|-status|p2a: Arceus|tox\n|move|p1a: Giratina|Hex|p2a: Arceus\n|-immune|p2a: Arceus\n|\n|-heal|p2a: Arceus|52\/100 tox|[from] item: Leftovers\n|-damage|p2a: Arceus|46\/100 tox|[from] psn\n|upkeep\n|turn|49\n|\n|t:|1697419030\n|move|p2a: Arceus|Shadow Claw|p1a: Giratina\n|-crit|p1a: Giratina\n|-damage|p1a: Giratina|35\/100\n|move|p1a: Giratina|Dragon Tail|p2a: Arceus\n|-damage|p2a: Arceus|28\/100 tox\n|drag|p2a: Gliscor|Gliscor, M, shiny|54\/100 tox\n|\n|-heal|p2a: Gliscor|67\/100 tox|[from] ability: Poison Heal\n|upkeep\n|turn|50\n|\n|t:|1697419035\n|move|p2a: Gliscor|Protect|p2a: Gliscor\n|-singleturn|p2a: Gliscor|Protect\n|move|p1a: Giratina|Hex|p2a: Gliscor\n|-activate|p2a: Gliscor|move: Protect\n|\n|-heal|p2a: Gliscor|79\/100 tox|[from] ability: Poison Heal\n|upkeep\n|turn|51\n|\n|t:|1697419039\n|move|p1a: Giratina|Hex|p2a: Gliscor\n|-damage|p2a: Gliscor|0 fnt\n|faint|p2a: Gliscor\n|\n|upkeep\n|\n|t:|1697419042\n|switch|p2a: Arceus|Arceus, tera:Normal|28\/100 tox\n|turn|52\n|\n|t:|1697419045\n|move|p2a: Arceus|Extreme Speed|p1a: Giratina\n|-resisted|p1a: Giratina\n|-damage|p1a: Giratina|21\/100\n|move|p1a: Giratina|Dragon Tail|p2a: Arceus\n|-crit|p2a: Arceus\n|-damage|p2a: Arceus|1\/100 tox\n|\n|-heal|p2a: Arceus|7\/100 tox|[from] item: Leftovers\n|-damage|p2a: Arceus|1\/100 tox|[from] psn\n|upkeep\n|turn|53\n|c|\u2606Kate|Vg\n|c|\u2606Kate|Gg\n|c|\u2606TPP|gg\n|\n|t:|1697419051\n|move|p2a: Arceus|Extreme Speed|p1a: Giratina\n|-resisted|p1a: Giratina\n|-damage|p1a: Giratina|5\/100\n|move|p1a: Giratina|Hex|p2a: Arceus\n|-immune|p2a: Arceus\n|\n|-heal|p2a: Arceus|7\/100 tox|[from] item: Leftovers\n|-damage|p2a: Arceus|0 fnt|[from] psn\n|faint|p2a: Arceus\n|\n|win|Kate\n|upkeep\n","uploadtime":1697419052,"views":83,"p1id":"kate","p2id":"tpp","formatid":"gen9ubers","rating":0,"private":0,"password":""}