{"id":"smogtours-gen9ubers-730062","p1":"Lightniong","p2":"Jojen Read","format":"[Gen 9] Ubers","log":"|inactive|Battle timer is ON: inactive players will automatically lose when time's up.\n|t:|1699744653\n|gametype|singles\n|player|p1|Lightniong|266|\n|player|p2|Jojen Read|hop|\n|teamsize|p1|6\n|teamsize|p2|6\n|gen|9\n|tier|[Gen 9] Ubers\n|rule|Sleep Clause Mod: Limit one foe put to sleep\n|rule|Species Clause: Limit one of each Pok\u00e9mon\n|rule|OHKO Clause: OHKO moves are banned\n|rule|Evasion Items Clause: Evasion items are banned\n|rule|Evasion Moves Clause: Evasion moves are banned\n|rule|Endless Battle Clause: Forcing endless battles is banned\n|rule|HP Percentage Mod: HP is shown in percentages\n|clearpoke\n|poke|p1|Grimmsnarl, M|\n|poke|p1|Annihilape, M|\n|poke|p1|Koraidon|\n|poke|p1|Miraidon|\n|poke|p1|Flutter Mane|\n|poke|p1|Rayquaza|\n|poke|p2|Koraidon|\n|poke|p2|Clodsire, M|\n|poke|p2|Zacian-*|\n|poke|p2|Alomomola, F|\n|poke|p2|Landorus-Therian, M|\n|poke|p2|Arceus-Fairy|\n|teampreview\n|\n|t:|1699744665\n|start\n|switch|p1a: Grimmsnarl|Grimmsnarl, M|100\/100\n|switch|p2a: Koraidon|Koraidon|100\/100\n|-weather|SunnyDay|[from] ability: Orichalcum Pulse|[of] p2a: Koraidon\n|-activate|p2a: Koraidon|Orichalcum Pulse|[source]\n|turn|1\n|\n|t:|1699744671\n|move|p1a: Grimmsnarl|Reflect|p1a: Grimmsnarl\n|-sidestart|p1: Lightniong|Reflect\n|move|p2a: Koraidon|U-turn|p1a: Grimmsnarl\n|-damage|p1a: Grimmsnarl|79\/100\n|\n|t:|1699744682\n|switch|p2a: Arceus|Arceus-Fairy|100\/100|[from] U-turn\n|\n|-weather|SunnyDay|[upkeep]\n|upkeep\n|turn|2\n|\n|t:|1699744684\n|move|p1a: Grimmsnarl|Light Screen|p1a: Grimmsnarl\n|-sidestart|p1: Lightniong|move: Light Screen\n|move|p2a: Arceus|Judgment|p1a: Grimmsnarl\n|-supereffective|p1a: Grimmsnarl\n|-damage|p1a: Grimmsnarl|43\/100\n|\n|-weather|SunnyDay|[upkeep]\n|upkeep\n|turn|3\n|\n|t:|1699744698\n|move|p2a: Arceus|Calm Mind|p2a: Arceus\n|-boost|p2a: Arceus|spa|1\n|-boost|p2a: Arceus|spd|1\n|move|p1a: Grimmsnarl|Play Rough|p2a: Arceus\n|-damage|p2a: Arceus|81\/100\n|\n|-weather|SunnyDay|[upkeep]\n|upkeep\n|turn|4\n|\n|t:|1699744703\n|move|p1a: Grimmsnarl|Taunt|p2a: Arceus\n|-start|p2a: Arceus|move: Taunt\n|move|p2a: Arceus|Judgment|p1a: Grimmsnarl\n|-supereffective|p1a: Grimmsnarl\n|-damage|p1a: Grimmsnarl|0 fnt\n|faint|p1a: Grimmsnarl\n|\n|-weather|SunnyDay|[upkeep]\n|upkeep\n|\n|t:|1699744719\n|switch|p1a: Koraidon|Koraidon|100\/100\n|-activate|p1a: Koraidon|ability: Orichalcum Pulse\n|turn|5\n|\n|t:|1699744722\n|move|p1a: Koraidon|Flare Blitz|p2a: Arceus\n|-damage|p2a: Arceus|40\/100\n|-damage|p1a: Koraidon|83\/100|[from] Recoil\n|move|p2a: Arceus|Judgment|p1a: Koraidon\n|-supereffective|p1a: Koraidon\n|-damage|p1a: Koraidon|0 fnt\n|faint|p1a: Koraidon\n|\n|-weather|none\n|upkeep\n|\n|t:|1699744728\n|switch|p1a: Flutter Mane|Flutter Mane|100\/100\n|turn|6\n|\n|t:|1699744735\n|move|p1a: Flutter Mane|Shadow Ball|p2a: Arceus\n|-damage|p2a: Arceus|18\/100\n|-damage|p1a: Flutter Mane|91\/100|[from] item: Life Orb\n|move|p2a: Arceus|Judgment|p1a: Flutter Mane\n|-damage|p1a: Flutter Mane|53\/100\n|\n|-end|p2a: Arceus|move: Taunt\n|upkeep\n|turn|7\n|\n|t:|1699744747\n|switch|p2a: Clodsire|Clodsire, M|100\/100\n|move|p1a: Flutter Mane|Calm Mind|p1a: Flutter Mane\n|-boost|p1a: Flutter Mane|spa|1\n|-boost|p1a: Flutter Mane|spd|1\n|\n|upkeep\n|turn|8\n|\n|t:|1699744753\n|move|p1a: Flutter Mane|Shadow Ball|p2a: Clodsire\n|-damage|p2a: Clodsire|57\/100\n|-damage|p1a: Flutter Mane|43\/100|[from] item: Life Orb\n|move|p2a: Clodsire|Toxic|p1a: Flutter Mane\n|-status|p1a: Flutter Mane|tox\n|\n|-damage|p1a: Flutter Mane|37\/100 tox|[from] psn\n|-sideend|p1: Lightniong|Reflect\n|upkeep\n|turn|9\n|\n|t:|1699744759\n|switch|p2a: Arceus|Arceus-Fairy|18\/100\n|move|p1a: Flutter Mane|Shadow Ball|p2a: Arceus\n|-damage|p2a: Arceus|0 fnt\n|faint|p2a: Arceus\n|-damage|p1a: Flutter Mane|27\/100 tox|[from] item: Life Orb\n|\n|-damage|p1a: Flutter Mane|15\/100 tox|[from] psn\n|-sideend|p1: Lightniong|move: Light Screen\n|upkeep\n|\n|t:|1699744775\n|switch|p2a: Koraidon|Koraidon|100\/100\n|-weather|SunnyDay|[from] ability: Orichalcum Pulse|[of] p2a: Koraidon\n|-activate|p1a: Flutter Mane|ability: Protosynthesis\n|-start|p1a: Flutter Mane|protosynthesisspa\n|-activate|p2a: Koraidon|Orichalcum Pulse|[source]\n|turn|10\n|\n|t:|1699744782\n|move|p2a: Koraidon|U-turn|p1a: Flutter Mane\n|-resisted|p1a: Flutter Mane\n|-damage|p1a: Flutter Mane|0 fnt\n|faint|p1a: Flutter Mane\n|-end|p1a: Flutter Mane|Protosynthesis|[silent]\n|\n|t:|1699744795\n|switch|p2a: Zacian|Zacian-Crowned|100\/100|[from] U-turn\n|-ability|p2a: Zacian|Intrepid Sword|boost\n|-boost|p2a: Zacian|atk|1\n|\n|-weather|SunnyDay|[upkeep]\n|upkeep\n|\n|t:|1699744805\n|switch|p1a: Annihilape|Annihilape, M|100\/100\n|turn|11\n|\n|t:|1699744811\n|-terastallize|p1a: Annihilape|Water\n|move|p2a: Zacian|Substitute|p2a: Zacian\n|-start|p2a: Zacian|Substitute\n|-damage|p2a: Zacian|76\/100\n|move|p1a: Annihilape|Bulk Up|p1a: Annihilape\n|-boost|p1a: Annihilape|atk|1\n|-boost|p1a: Annihilape|def|1\n|\n|-weather|SunnyDay|[upkeep]\n|upkeep\n|turn|12\n|\n|t:|1699744823\n|switch|p2a: Clodsire|Clodsire, M|57\/100\n|move|p1a: Annihilape|Bulk Up|p1a: Annihilape\n|-boost|p1a: Annihilape|atk|1\n|-boost|p1a: Annihilape|def|1\n|\n|-weather|SunnyDay|[upkeep]\n|upkeep\n|turn|13\n|\n|t:|1699744831\n|move|p1a: Annihilape|Drain Punch|p2a: Clodsire\n|-resisted|p2a: Clodsire\n|-damage|p2a: Clodsire|26\/100\n|move|p2a: Clodsire|Toxic|p1a: Annihilape\n|-status|p1a: Annihilape|tox\n|\n|-weather|SunnyDay|[upkeep]\n|-damage|p1a: Annihilape|94\/100 tox|[from] psn\n|upkeep\n|turn|14\n|\n|t:|1699744842\n|switch|p2a: Alomomola|Alomomola, F|100\/100\n|move|p1a: Annihilape|Drain Punch|p2a: Alomomola\n|-damage|p2a: Alomomola|70\/100\n|-heal|p1a: Annihilape|100\/100 tox|[from] drain|[of] p2a: Alomomola\n|-damage|p1a: Annihilape|84\/100 tox|[from] item: Rocky Helmet|[of] p2a: Alomomola\n|\n|-weather|none\n|-heal|p1a: Annihilape|90\/100 tox|[from] item: Leftovers\n|-damage|p1a: Annihilape|78\/100 tox|[from] psn\n|upkeep\n|turn|15\n|\n|t:|1699744849\n|move|p1a: Annihilape|Drain Punch|p2a: Alomomola\n|-damage|p2a: Alomomola|40\/100\n|-heal|p1a: Annihilape|96\/100 tox|[from] drain|[of] p2a: Alomomola\n|-damage|p1a: Annihilape|80\/100 tox|[from] item: Rocky Helmet|[of] p2a: Alomomola\n|move|p2a: Alomomola|Wish|p2a: Alomomola\n|\n|-heal|p1a: Annihilape|86\/100 tox|[from] item: Leftovers\n|-damage|p1a: Annihilape|67\/100 tox|[from] psn\n|upkeep\n|turn|16\n|\n|t:|1699744856\n|move|p2a: Alomomola|Protect|p2a: Alomomola\n|-singleturn|p2a: Alomomola|Protect\n|move|p1a: Annihilape|Taunt|p2a: Alomomola\n|-activate|p2a: Alomomola|move: Protect\n|\n|-heal|p2a: Alomomola|90\/100|[from] move: Wish|[wisher] Alomomola\n|-heal|p1a: Annihilape|74\/100 tox|[from] item: Leftovers\n|-damage|p1a: Annihilape|49\/100 tox|[from] psn\n|upkeep\n|turn|17\n|\n|t:|1699744858\n|move|p1a: Annihilape|Taunt|p2a: Alomomola\n|-start|p2a: Alomomola|move: Taunt\n|cant|p2a: Alomomola|move: Taunt|Wish\n|\n|-heal|p1a: Annihilape|55\/100 tox|[from] item: Leftovers\n|-damage|p1a: Annihilape|24\/100 tox|[from] psn\n|upkeep\n|turn|18\n|\n|t:|1699744862\n|move|p1a: Annihilape|Drain Punch|p2a: Alomomola\n|-damage|p2a: Alomomola|56\/100\n|-heal|p1a: Annihilape|46\/100 tox|[from] drain|[of] p2a: Alomomola\n|-damage|p1a: Annihilape|29\/100 tox|[from] item: Rocky Helmet|[of] p2a: Alomomola\n|move|p2a: Alomomola|Flip Turn|p1a: Annihilape\n|-resisted|p1a: Annihilape\n|-damage|p1a: Annihilape|25\/100 tox\n|\n|t:|1699744867\n|switch|p2a: Koraidon|Koraidon|100\/100|[from] Flip Turn\n|-weather|SunnyDay|[from] ability: Orichalcum Pulse|[of] p2a: Koraidon\n|-activate|p2a: Koraidon|Orichalcum Pulse|[source]\n|\n|-weather|SunnyDay|[upkeep]\n|-heal|p1a: Annihilape|32\/100 tox|[from] item: Leftovers\n|-damage|p1a: Annihilape|0 fnt|[from] psn\n|faint|p1a: Annihilape\n|upkeep\n|\n|t:|1699744873\n|switch|p1a: Rayquaza|Rayquaza|100\/100\n|-ability|p1a: Rayquaza|Air Lock\n|turn|19\n|\n|t:|1699744882\n|move|p2a: Koraidon|U-turn|p1a: Rayquaza\n|-resisted|p1a: Rayquaza\n|-damage|p1a: Rayquaza|88\/100\n|\n|t:|1699744888\n|switch|p2a: Alomomola|Alomomola, F|90\/100|[from] U-turn\n|move|p1a: Rayquaza|Swords Dance|p1a: Rayquaza\n|-boost|p1a: Rayquaza|atk|2\n|\n|-weather|SunnyDay|[upkeep]\n|upkeep\n|turn|20\n|\n|t:|1699744901\n|switch|p2a: Landorus|Landorus-Therian, M|100\/100\n|-ability|p2a: Landorus|Intimidate|boost\n|-unboost|p1a: Rayquaza|atk|1\n|move|p1a: Rayquaza|Swords Dance|p1a: Rayquaza\n|-boost|p1a: Rayquaza|atk|2\n|\n|-weather|SunnyDay|[upkeep]\n|upkeep\n|turn|21\n|\n|t:|1699744907\n|move|p1a: Rayquaza|Extreme Speed|p2a: Landorus\n|-damage|p2a: Landorus|22\/100\n|-damage|p1a: Rayquaza|71\/100|[from] item: Rocky Helmet|[of] p2a: Landorus\n|-damage|p1a: Rayquaza|61\/100|[from] item: Life Orb\n|move|p2a: Landorus|Taunt|p1a: Rayquaza\n|-start|p1a: Rayquaza|move: Taunt\n|\n|-weather|SunnyDay|[upkeep]\n|upkeep\n|turn|22\n|\n|t:|1699744910\n|move|p1a: Rayquaza|Extreme Speed|p2a: Landorus\n|-damage|p2a: Landorus|0 fnt\n|-damage|p1a: Rayquaza|45\/100|[from] item: Rocky Helmet|[of] p2a: Landorus\n|faint|p2a: Landorus\n|-damage|p1a: Rayquaza|35\/100|[from] item: Life Orb\n|\n|-weather|none\n|upkeep\n|\n|t:|1699744913\n|switch|p2a: Alomomola|Alomomola, F|100\/100\n|turn|23\n|\n|t:|1699744925\n|move|p1a: Rayquaza|Dragon Ascent|p2a: Alomomola\n|-damage|p2a: Alomomola|0 fnt\n|-unboost|p1a: Rayquaza|def|1\n|-unboost|p1a: Rayquaza|spd|1\n|-damage|p1a: Rayquaza|18\/100|[from] item: Rocky Helmet|[of] p2a: Alomomola\n|faint|p2a: Alomomola\n|-damage|p1a: Rayquaza|8\/100|[from] item: Life Orb\n|\n|upkeep\n|\n|t:|1699744934\n|switch|p2a: Koraidon|Koraidon|100\/100\n|-weather|SunnyDay|[from] ability: Orichalcum Pulse|[of] p2a: Koraidon\n|-activate|p2a: Koraidon|Orichalcum Pulse|[source]\n|turn|24\n|\n|t:|1699744938\n|move|p1a: Rayquaza|Extreme Speed|p2a: Koraidon\n|-damage|p2a: Koraidon|0 fnt\n|faint|p2a: Koraidon\n|-damage|p1a: Rayquaza|0 fnt|[from] item: Life Orb\n|faint|p1a: Rayquaza\n|\n|-weather|SunnyDay|[upkeep]\n|upkeep\n|\n|t:|1699744944\n|switch|p2a: Zacian|Zacian-Crowned|76\/100\n|switch|p1a: Miraidon|Miraidon|100\/100\n|-fieldstart|move: Electric Terrain|[from] ability: Hadron Engine|[of] p1a: Miraidon\n|turn|25\n|\n|t:|1699744948\n|-terastallize|p2a: Zacian|Ground\n|move|p2a: Zacian|Tera Blast|p1a: Miraidon|[anim] Tera Blast Ground\n|-supereffective|p1a: Miraidon\n|-damage|p1a: Miraidon|24\/100\n|move|p1a: Miraidon|Dragon Pulse|p2a: Zacian\n|-damage|p2a: Zacian|9\/100\n|\n|-weather|SunnyDay|[upkeep]\n|-heal|p1a: Miraidon|30\/100|[from] item: Leftovers\n|upkeep\n|turn|26\n|\n|t:|1699744954\n|move|p2a: Zacian|Tera Blast|p1a: Miraidon|[anim] Tera Blast Ground\n|-supereffective|p1a: Miraidon\n|-crit|p1a: Miraidon\n|-damage|p1a: Miraidon|0 fnt\n|faint|p1a: Miraidon\n|\n|win|Jojen Read\n|c|\u2606Jojen Read|gg\n|c|\u2606Lightniong|Gg\n","uploadtime":1699744955,"views":80,"p1id":"lightniong","p2id":"jojenread","formatid":"gen9ubers","rating":0,"private":0,"password":""}