{"id":"smogtours-gen9ubers-729029","p1":"RichardMillePlain","p2":"Fc","format":"[Gen 9] Ubers","log":"|inactive|Battle timer is ON: inactive players will automatically lose when time's up.\n|t:|1699208751\n|gametype|singles\n|player|p1|RichardMillePlain|#scl3terrors2|\n|player|p2|Fc|#omplxisolgaleos|\n|teamsize|p1|6\n|teamsize|p2|6\n|gen|9\n|tier|[Gen 9] Ubers\n|rule|Sleep Clause Mod: Limit one foe put to sleep\n|rule|Species Clause: Limit one of each Pok\u00e9mon\n|rule|OHKO Clause: OHKO moves are banned\n|rule|Evasion Items Clause: Evasion items are banned\n|rule|Evasion Moves Clause: Evasion moves are banned\n|rule|Endless Battle Clause: Forcing endless battles is banned\n|rule|HP Percentage Mod: HP is shown in percentages\n|clearpoke\n|poke|p1|Arceus|\n|poke|p1|Koraidon|\n|poke|p1|Zacian-*|\n|poke|p1|Miraidon|\n|poke|p1|Flutter Mane|\n|poke|p1|Ogerpon-Hearthflame, F|\n|poke|p2|Gliscor, M|\n|poke|p2|Zacian-*|\n|poke|p2|Arceus-Ground|\n|poke|p2|Miraidon|\n|poke|p2|Koraidon|\n|poke|p2|Giratina-Origin|\n|teampreview\n|c|\u2606RichardMillePlain|hf\n|raw|<div class=\"broadcast-red\"><strong>Moderated chat was set to \u2606!<\/strong><br \/>Only users of rank \u2606 and higher can talk.<\/div>\n|c|\u2606Fc|hf\n|inactive|RichardMillePlain has 270 seconds left.\n|inactive|Fc has 270 seconds left.\n|inactive|Fc disconnected and has 300 seconds to reconnect!\n|player|p2|\n|inactive|RichardMillePlain has 240 seconds left.\n|inactive|Fc has 270 seconds to reconnect!\n|inactive|Fc reconnected and has 265 seconds left.\n|player|p2|Fc|#omplxisolgaleos\n|inactive|RichardMillePlain has 210 seconds left.\n|\n|t:|1699208855\n|start\n|switch|p1a: Miraidon|Miraidon|100\/100\n|switch|p2a: Arceus|Arceus-Ground|100\/100\n|-fieldstart|move: Electric Terrain|[from] ability: Hadron Engine|[of] p1a: Miraidon\n|turn|1\n|inactive|RichardMillePlain has 270 seconds left.\n|\n|t:|1699208868\n|move|p1a: Miraidon|Taunt|p2a: Arceus\n|-start|p2a: Arceus|move: Taunt\n|move|p2a: Arceus|Judgment|p1a: Miraidon\n|-supereffective|p1a: Miraidon\n|-damage|p1a: Miraidon|13\/100\n|\n|upkeep\n|turn|2\n|\n|t:|1699208881\n|move|p1a: Miraidon|Overheat|p2a: Arceus\n|-damage|p2a: Arceus|56\/100\n|-unboost|p1a: Miraidon|spa|2\n|move|p2a: Arceus|Judgment|p1a: Miraidon\n|-supereffective|p1a: Miraidon\n|-damage|p1a: Miraidon|0 fnt\n|faint|p1a: Miraidon\n|\n|upkeep\n|inactive|RichardMillePlain has 270 seconds left.\n|\n|t:|1699208907\n|switch|p1a: Flutter Mane|Flutter Mane|100\/100\n|-enditem|p1a: Flutter Mane|Booster Energy\n|-activate|p1a: Flutter Mane|ability: Protosynthesis|[fromitem]\n|-start|p1a: Flutter Mane|protosynthesisspe\n|turn|3\n|inactive|Fc has 270 seconds left.\n|\n|t:|1699208950\n|switch|p2a: Zacian|Zacian-Crowned|100\/100\n|-ability|p2a: Zacian|Intrepid Sword|boost\n|-boost|p2a: Zacian|atk|1\n|move|p1a: Flutter Mane|Calm Mind|p1a: Flutter Mane\n|-boost|p1a: Flutter Mane|spa|1\n|-boost|p1a: Flutter Mane|spd|1\n|\n|upkeep\n|turn|4\n|inactive|RichardMillePlain has 270 seconds left.\n|inactive|RichardMillePlain has 240 seconds left.\n|\n|t:|1699208990\n|move|p1a: Flutter Mane|Shadow Ball|p2a: Zacian\n|-damage|p2a: Zacian|43\/100\n|move|p2a: Zacian|Behemoth Blade|p1a: Flutter Mane\n|-supereffective|p1a: Flutter Mane\n|-damage|p1a: Flutter Mane|0 fnt\n|faint|p1a: Flutter Mane\n|-end|p1a: Flutter Mane|Protosynthesis|[silent]\n|\n|upkeep\n|\n|t:|1699208992\n|switch|p1a: Ogerpon|Ogerpon-Hearthflame, F|100\/100\n|-ability|p1a: Ogerpon|Mold Breaker\n|turn|5\n|inactive|Fc has 270 seconds left.\n|inactive|Fc has 240 seconds left.\n|\n|t:|1699209063\n|move|p2a: Zacian|Behemoth Blade|p1a: Ogerpon\n|-resisted|p1a: Ogerpon\n|-damage|p1a: Ogerpon|39\/100\n|move|p1a: Ogerpon|Trailblaze|p2a: Zacian\n|-resisted|p2a: Zacian\n|-damage|p2a: Zacian|28\/100\n|-boost|p1a: Ogerpon|spe|1\n|\n|-fieldend|move: Electric Terrain\n|upkeep\n|turn|6\n|inactive|Fc has 210 seconds left.\n|inactive|Fc has 180 seconds left.\n|\n|t:|1699209114\n|switch|p2a: Gliscor|Gliscor, M|100\/100\n|move|p1a: Ogerpon|Ivy Cudgel|p2a: Gliscor\n|-damage|p2a: Gliscor|60\/100\n|\n|-status|p2a: Gliscor|tox|[from] item: Toxic Orb\n|upkeep\n|turn|7\n|inactive|Fc has 180 seconds left.\n|\n|t:|1699209125\n|move|p1a: Ogerpon|Ivy Cudgel|p2a: Gliscor\n|-damage|p2a: Gliscor|19\/100 tox\n|move|p2a: Gliscor|Spikes|p1a: Ogerpon\n|-sidestart|p1: RichardMillePlain|Spikes\n|\n|-heal|p2a: Gliscor|31\/100 tox|[from] ability: Poison Heal\n|upkeep\n|turn|8\n|\n|t:|1699209132\n|move|p1a: Ogerpon|Ivy Cudgel|p2a: Gliscor\n|-damage|p2a: Gliscor|0 fnt\n|faint|p2a: Gliscor\n|\n|upkeep\n|\n|t:|1699209141\n|switch|p2a: Koraidon|Koraidon|100\/100\n|-weather|SunnyDay|[from] ability: Orichalcum Pulse|[of] p2a: Koraidon\n|-activate|p2a: Koraidon|Orichalcum Pulse|[source]\n|turn|9\n|\n|t:|1699209144\n|move|p2a: Koraidon|Flare Blitz|p1a: Ogerpon\n|-damage|p1a: Ogerpon|0 fnt\n|faint|p1a: Ogerpon\n|-damage|p2a: Koraidon|89\/100|[from] Recoil\n|\n|-weather|SunnyDay|[upkeep]\n|upkeep\n|\n|t:|1699209152\n|switch|p1a: Koraidon|Koraidon|100\/100\n|-damage|p1a: Koraidon|88\/100|[from] Spikes\n|-activate|p1a: Koraidon|ability: Orichalcum Pulse\n|turn|10\n|\n|t:|1699209169\n|switch|p2a: Zacian|Zacian-Crowned|28\/100\n|move|p1a: Koraidon|Flame Charge|p2a: Zacian\n|-supereffective|p2a: Zacian\n|-damage|p2a: Zacian|0 fnt\n|-boost|p1a: Koraidon|spe|1\n|faint|p2a: Zacian\n|\n|-weather|SunnyDay|[upkeep]\n|upkeep\n|inactive|Fc has 180 seconds left.\n|inactive|Fc has 150 seconds left.\n|inactive|Fc has 120 seconds left.\n|inactive|Fc has 90 seconds left.\n|\n|t:|1699209305\n|switch|p2a: Giratina|Giratina-Origin, shiny|100\/100\n|turn|11\n|\n|t:|1699209309\n|move|p1a: Koraidon|Scale Shot|p2a: Giratina\n|-supereffective|p2a: Giratina\n|-damage|p2a: Giratina|80\/100\n|-supereffective|p2a: Giratina\n|-damage|p2a: Giratina|60\/100\n|-supereffective|p2a: Giratina\n|-damage|p2a: Giratina|38\/100\n|-supereffective|p2a: Giratina\n|-damage|p2a: Giratina|17\/100\n|-hitcount|p2a: Giratina|4\n|-unboost|p1a: Koraidon|def|1\n|-boost|p1a: Koraidon|spe|1\n|move|p2a: Giratina|Dragon Tail|p1a: Koraidon\n|-supereffective|p1a: Koraidon\n|-damage|p1a: Koraidon|0 fnt\n|faint|p1a: Koraidon\n|\n|-weather|SunnyDay|[upkeep]\n|upkeep\n|\n|t:|1699209328\n|switch|p1a: Arceus|Arceus, shiny|100\/100\n|-damage|p1a: Arceus|88\/100|[from] Spikes\n|turn|12\n|\n|t:|1699209333\n|move|p1a: Arceus|Shadow Claw|p2a: Giratina\n|-supereffective|p2a: Giratina\n|-damage|p2a: Giratina|0 fnt\n|faint|p2a: Giratina\n|\n|-weather|SunnyDay|[upkeep]\n|upkeep\n|inactive|Fc has 90 seconds left.\n|\n|t:|1699209340\n|switch|p2a: Miraidon|Miraidon|100\/100\n|-fieldstart|move: Electric Terrain|[from] ability: Hadron Engine|[of] p2a: Miraidon\n|turn|13\n|inactive|Fc has 90 seconds left.\n|\n|t:|1699209354\n|move|p2a: Miraidon|Electro Drift|p1a: Arceus\n|-damage|p1a: Arceus|30\/100\n|move|p1a: Arceus|Swords Dance|p1a: Arceus\n|-boost|p1a: Arceus|atk|2\n|\n|-weather|none\n|upkeep\n|turn|14\n|\n|t:|1699209362\n|move|p1a: Arceus|Extreme Speed|p2a: Miraidon\n|-damage|p2a: Miraidon|3\/100\n|move|p2a: Miraidon|Electro Drift|p1a: Arceus\n|-damage|p1a: Arceus|0 fnt\n|faint|p1a: Arceus\n|\n|upkeep\n|\n|t:|1699209363\n|switch|p1a: Zacian|Zacian-Crowned, shiny|100\/100\n|-damage|p1a: Zacian|88\/100|[from] Spikes\n|-ability|p1a: Zacian|Intrepid Sword|boost\n|-boost|p1a: Zacian|atk|1\n|turn|15\n|\n|t:|1699209367\n|move|p1a: Zacian|Trailblaze|p2a: Miraidon\n|-resisted|p2a: Miraidon\n|-damage|p2a: Miraidon|0 fnt\n|-boost|p1a: Zacian|spe|1\n|faint|p2a: Miraidon\n|\n|upkeep\n|inactive|Fc has 90 seconds left.\n|inactive|Fc has 60 seconds left.\n|inactive|Fc has 30 seconds left.\n|inactive|Fc has 20 seconds left.\n|inactive|Fc has 15 seconds left.\n|\n|t:|1699209469\n|switch|p2a: Arceus|Arceus-Ground|56\/100\n|turn|16\n|inactive|Fc has 25 seconds left this turn.\n|\n|t:|1699209485\n|move|p1a: Zacian|Swords Dance|p1a: Zacian\n|-boost|p1a: Zacian|atk|2\n|move|p2a: Arceus|Recover|p2a: Arceus\n|-heal|p2a: Arceus|100\/100\n|\n|upkeep\n|turn|17\n|\n|t:|1699209492\n|-terastallize|p1a: Zacian|Steel\n|move|p1a: Zacian|Behemoth Blade|p2a: Arceus\n|-damage|p2a: Arceus|0 fnt\n|faint|p2a: Arceus\n|\n|-fieldend|move: Electric Terrain\n|upkeep\n|\n|t:|1699209495\n|switch|p2a: Koraidon|Koraidon|89\/100\n|-weather|SunnyDay|[from] ability: Orichalcum Pulse|[of] p2a: Koraidon\n|-activate|p2a: Koraidon|Orichalcum Pulse|[source]\n|turn|18\n|\n|t:|1699209498\n|-terastallize|p2a: Koraidon|Fire\n|move|p1a: Zacian|Behemoth Blade|p2a: Koraidon\n|-resisted|p2a: Koraidon\n|-damage|p2a: Koraidon|0 fnt\n|faint|p2a: Koraidon\n|\n|win|RichardMillePlain\n|c|\u2606Fc|gg\n|c|\u2606RichardMillePlain|gg\n","uploadtime":1699208807,"views":377,"p1id":"richardmilleplain","p2id":"fc","formatid":"gen9ubers","rating":0,"private":0,"password":""}