{"id":"smogtours-gen9ubers-732780","p1":"I\u2665CATGIRLS","p2":"Highlord","format":"[Gen 9] Ubers","log":"|inactive|Battle timer is ON: inactive players will automatically lose when time's up.\n|t:|1701030493\n|gametype|singles\n|player|p1|I\u2665CATGIRLS|winona-gen3|\n|player|p2|Highlord|#scl3foxes|\n|teamsize|p1|6\n|teamsize|p2|6\n|gen|9\n|tier|[Gen 9] Ubers\n|rule|Sleep Clause Mod: Limit one foe put to sleep\n|rule|Species Clause: Limit one of each Pok\u00e9mon\n|rule|OHKO Clause: OHKO moves are banned\n|rule|Evasion Items Clause: Evasion items are banned\n|rule|Evasion Moves Clause: Evasion moves are banned\n|rule|Endless Battle Clause: Forcing endless battles is banned\n|rule|HP Percentage Mod: HP is shown in percentages\n|clearpoke\n|poke|p1|Arceus-Ground|\n|poke|p1|Zacian-*|\n|poke|p1|Glimmora, F|\n|poke|p1|Kingambit, M|\n|poke|p1|Koraidon|\n|poke|p1|Miraidon|\n|poke|p2|Koraidon|\n|poke|p2|Arceus|\n|poke|p2|Alomomola, F|\n|poke|p2|Iron Treads|\n|poke|p2|Miraidon|\n|poke|p2|Ditto|\n|teampreview\n|c|+togkey|jon :(\n|inactive|I\u2665CATGIRLS has 270 seconds left.\n|inactive|Highlord has 270 seconds left.\n|c|+avarice|jon :D\n|c|+spellcaster|bade\n|inactive|I\u2665CATGIRLS has 240 seconds left.\n|inactive|Highlord has 240 seconds left.\n|inactive|I\u2665CATGIRLS has 210 seconds left.\n|inactive|I\u2665CATGIRLS has 180 seconds left.\n|\n|t:|1701030630\n|start\n|switch|p1a: Arceus|Arceus-Ground|100\/100\n|switch|p2a: Koraidon|Koraidon|100\/100\n|-weather|SunnyDay|[from] ability: Orichalcum Pulse|[of] p2a: Koraidon\n|-activate|p2a: Koraidon|Orichalcum Pulse|[source]\n|turn|1\n|\n|t:|1701030648\n|move|p2a: Koraidon|Swords Dance|p2a: Koraidon\n|-boost|p2a: Koraidon|atk|2\n|move|p1a: Arceus|Judgment|p2a: Koraidon\n|-damage|p2a: Koraidon|56\/100\n|\n|-weather|SunnyDay|[upkeep]\n|upkeep\n|turn|2\n|inactive|Highlord has 270 seconds left.\n|inactive|I\u2665CATGIRLS has 210 seconds left.\n|inactive|I\u2665CATGIRLS has 180 seconds left.\n|inactive|I\u2665CATGIRLS has 150 seconds left.\n|\n|t:|1701030748\n|switch|p1a: dont run dont trip|Zacian-Crowned, shiny|100\/100\n|-ability|p1a: dont run dont trip|Intrepid Sword|boost\n|-boost|p1a: dont run dont trip|atk|1\n|move|p2a: Koraidon|Scale Shot|p1a: dont run dont trip\n|-immune|p1a: dont run dont trip\n|\n|-weather|SunnyDay|[upkeep]\n|upkeep\n|turn|3\n|inactive|Highlord has 270 seconds left.\n|c|+Leo|jonn\n|\n|t:|1701030775\n|switch|p2a: Alomomola|Alomomola, F|100\/100\n|move|p1a: dont run dont trip|Behemoth Blade|p2a: Alomomola\n|-resisted|p2a: Alomomola\n|-damage|p2a: Alomomola|79\/100\n|\n|-weather|SunnyDay|[upkeep]\n|upkeep\n|turn|4\n|inactive|I\u2665CATGIRLS has 120 seconds left.\n|\n|t:|1701030802\n|move|p1a: dont run dont trip|Substitute|p1a: dont run dont trip\n|-start|p1a: dont run dont trip|Substitute\n|-damage|p1a: dont run dont trip|76\/100\n|move|p2a: Alomomola|Flip Turn|p1a: dont run dont trip\n|-activate|p1a: dont run dont trip|move: Substitute|[damage]\n|\n|t:|1701030806\n|switch|p2a: Iron Treads|Iron Treads|100\/100|[from] Flip Turn\n|\n|-weather|SunnyDay|[upkeep]\n|upkeep\n|turn|5\n|inactive|Highlord has 270 seconds left.\n|inactive|I\u2665CATGIRLS has 120 seconds left.\n|inactive|I\u2665CATGIRLS has 90 seconds left.\n|\n|t:|1701030864\n|move|p1a: dont run dont trip|Swords Dance|p1a: dont run dont trip\n|-boost|p1a: dont run dont trip|atk|2\n|move|p2a: Iron Treads|Earthquake|p1a: dont run dont trip\n|-supereffective|p1a: dont run dont trip\n|-end|p1a: dont run dont trip|Substitute\n|\n|-weather|none\n|upkeep\n|turn|6\n|\n|t:|1701030867\n|-terastallize|p1a: dont run dont trip|Flying\n|move|p1a: dont run dont trip|Substitute|p1a: dont run dont trip\n|-start|p1a: dont run dont trip|Substitute\n|-damage|p1a: dont run dont trip|51\/100\n|move|p2a: Iron Treads|Volt Switch|p1a: dont run dont trip\n|-supereffective|p1a: dont run dont trip\n|-activate|p1a: dont run dont trip|move: Substitute|[damage]\n|\n|t:|1701030871\n|-end|p2a: Iron Treads|Quark Drive|[silent]\n|switch|p2a: Alomomola|Alomomola, F|100\/100|[from] Volt Switch\n|\n|upkeep\n|turn|7\n|\n|t:|1701030878\n|move|p1a: dont run dont trip|Play Rough|p2a: Alomomola\n|-damage|p2a: Alomomola|30\/100\n|move|p2a: Alomomola|Flip Turn|p1a: dont run dont trip\n|-end|p1a: dont run dont trip|Substitute\n|\n|t:|1701030881\n|switch|p2a: Ditto|Ditto|100\/100|[from] Flip Turn\n|-transform|p2a: Ditto|p1a: dont run dont trip|[from] ability: Imposter\n|-ability|p2a: Ditto|Intrepid Sword|boost\n|-boost|p2a: Ditto|atk|1\n|\n|upkeep\n|-start|p2a: Ditto|typechange|Fairy\/Steel|[silent]\n|turn|8\n|inactive|I\u2665CATGIRLS has 90 seconds left.\n|\n|t:|1701030910\n|move|p2a: Ditto|Behemoth Blade|p1a: dont run dont trip\n|-damage|p1a: dont run dont trip|0 fnt\n|faint|p1a: dont run dont trip\n|\n|upkeep\n|\n|t:|1701030912\n|switch|p1a: Glimmora|Glimmora, F|100\/100\n|turn|9\n|\n|t:|1701030915\n|move|p2a: Ditto|Behemoth Blade|p1a: Glimmora\n|-supereffective|p1a: Glimmora\n|-enditem|p1a: Glimmora|Focus Sash\n|-damage|p1a: Glimmora|1\/100\n|-activate|p1a: Glimmora|ability: Toxic Debris\n|-sidestart|p2: Highlord|move: Toxic Spikes\n|move|p1a: Glimmora|Mud Shot|p2a: Ditto\n|-supereffective|p2a: Ditto\n|-damage|p2a: Ditto|63\/100\n|-unboost|p2a: Ditto|spe|1\n|\n|upkeep\n|turn|10\n|inactive|I\u2665CATGIRLS has 90 seconds left.\n|\n|t:|1701030948\n|switch|p2a: Iron Treads|Iron Treads|100\/100\n|move|p1a: Glimmora|Mud Shot|p2a: Iron Treads\n|-supereffective|p2a: Iron Treads\n|-damage|p2a: Iron Treads|73\/100\n|-unboost|p2a: Iron Treads|spe|1\n|\n|-heal|p2a: Iron Treads|79\/100|[from] item: Leftovers\n|upkeep\n|turn|11\n|inactive|I\u2665CATGIRLS has 90 seconds left.\n|\n|t:|1701030959\n|switch|p1a: Arceus|Arceus-Ground|100\/100\n|move|p2a: Iron Treads|Rapid Spin|p1a: Arceus\n|-damage|p1a: Arceus|94\/100\n|-boost|p2a: Iron Treads|spe|1\n|-sideend|p2: Highlord|Toxic Spikes|[from] move: Rapid Spin|[of] p2a: Iron Treads\n|\n|-heal|p2a: Iron Treads|85\/100|[from] item: Leftovers\n|upkeep\n|turn|12\n|inactive|I\u2665CATGIRLS has 90 seconds left.\n|\n|t:|1701030965\n|-end|p2a: Iron Treads|Quark Drive|[silent]\n|switch|p2a: Alomomola|Alomomola, F|63\/100\n|move|p1a: Arceus|Calm Mind|p1a: Arceus\n|-boost|p1a: Arceus|spa|1\n|-boost|p1a: Arceus|spd|1\n|\n|upkeep\n|turn|13\n|inactive|I\u2665CATGIRLS has 90 seconds left.\n|inactive|Highlord has 270 seconds left.\n|inactive|I\u2665CATGIRLS has 60 seconds left.\n|\n|t:|1701031006\n|move|p1a: Arceus|Judgment|p2a: Alomomola\n|-damage|p2a: Alomomola|7\/100\n|move|p2a: Alomomola|Mirror Coat|p1a: Arceus\n|-damage|p1a: Arceus|0 fnt\n|faint|p1a: Arceus\n|\n|upkeep\n|inactive|I\u2665CATGIRLS has 60 seconds left.\n|\n|t:|1701031019\n|switch|p1a: Koraidon|Koraidon|100\/100\n|-weather|SunnyDay|[from] ability: Orichalcum Pulse|[of] p1a: Koraidon\n|-activate|p1a: Koraidon|Orichalcum Pulse|[source]\n|turn|14\n|inactive|I\u2665CATGIRLS has 60 seconds left.\n|inactive|Highlord has 270 seconds left.\n|\n|t:|1701031036\n|move|p1a: Koraidon|Flame Charge|p2a: Alomomola\n|-resisted|p2a: Alomomola\n|-damage|p2a: Alomomola|0 fnt\n|-boost|p1a: Koraidon|spe|1\n|faint|p2a: Alomomola\n|\n|-weather|SunnyDay|[upkeep]\n|upkeep\n|\n|t:|1701031041\n|switch|p2a: Ditto|Ditto|63\/100\n|-transform|p2a: Ditto|p1a: Koraidon|[from] ability: Imposter\n|-activate|p2a: Ditto|ability: Orichalcum Pulse\n|turn|15\n|\n|t:|1701031060\n|move|p2a: Ditto|Low Kick|p1a: Koraidon\n|-damage|p1a: Koraidon|22\/100\n|move|p1a: Koraidon|Low Kick|p2a: Ditto\n|-damage|p2a: Ditto|0 fnt\n|faint|p2a: Ditto\n|\n|-weather|SunnyDay|[upkeep]\n|upkeep\n|\n|t:|1701031063\n|switch|p2a: Arceus|Arceus|100\/100\n|turn|16\n|inactive|Highlord has 240 seconds left.\n|\n|t:|1701031104\n|switch|p1a: Glimmora|Glimmora, F|1\/100\n|move|p2a: Arceus|Extreme Speed|p1a: Glimmora\n|-resisted|p1a: Glimmora\n|-damage|p1a: Glimmora|0 fnt\n|-activate|p1a: Glimmora|ability: Toxic Debris\n|-sidestart|p2: Highlord|move: Toxic Spikes\n|faint|p1a: Glimmora\n|\n|-weather|SunnyDay|[upkeep]\n|upkeep\n|inactive|I\u2665CATGIRLS has 60 seconds left.\n|\n|t:|1701031129\n|switch|p1a: Victory Royale|Kingambit, M|100\/100\n|-activate|p1a: Victory Royale|ability: Supreme Overlord\n|-start|p1a: Victory Royale|fallen3|[silent]\n|turn|17\n|inactive|I\u2665CATGIRLS has 60 seconds left.\n|inactive|Highlord has 240 seconds left.\n|inactive|I\u2665CATGIRLS has 30 seconds left.\n|inactive|Highlord has 210 seconds left.\n|\n|t:|1701031185\n|switch|p2a: Koraidon|Koraidon|56\/100\n|-status|p2a: Koraidon|psn\n|-activate|p2a: Koraidon|ability: Orichalcum Pulse\n|move|p1a: Victory Royale|Swords Dance|p1a: Victory Royale\n|-boost|p1a: Victory Royale|atk|2\n|\n|-weather|SunnyDay|[upkeep]\n|-damage|p2a: Koraidon|43\/100 psn|[from] psn\n|upkeep\n|turn|18\n|inactive|I\u2665CATGIRLS has 30 seconds left.\n|\n|t:|1701031195\n|move|p1a: Victory Royale|Sucker Punch|p2a: Koraidon\n|-resisted|p2a: Koraidon\n|-damage|p2a: Koraidon|0 fnt\n|faint|p2a: Koraidon\n|\n|-weather|none\n|upkeep\n|\n|t:|1701031213\n|switch|p2a: Iron Treads|Iron Treads|85\/100\n|turn|19\n|\n|t:|1701031224\n|move|p1a: Victory Royale|Sucker Punch|p2a: Iron Treads\n|-damage|p2a: Iron Treads|0 fnt\n|faint|p2a: Iron Treads\n|-end|p2a: Iron Treads|Quark Drive|[silent]\n|\n|upkeep\n|\n|t:|1701031233\n|switch|p2a: Arceus|Arceus|100\/100\n|-status|p2a: Arceus|psn\n|turn|20\n|\n|t:|1701031241\n|move|p2a: Arceus|Swords Dance|p2a: Arceus\n|-boost|p2a: Arceus|atk|2\n|move|p1a: Victory Royale|Kowtow Cleave|p2a: Arceus\n|-damage|p2a: Arceus|0 fnt\n|faint|p2a: Arceus\n|\n|upkeep\n|\n|t:|1701031248\n|switch|p2a: Miraidon|Miraidon|100\/100\n|-status|p2a: Miraidon|psn\n|-fieldstart|move: Electric Terrain|[from] ability: Hadron Engine|[of] p2a: Miraidon\n|turn|21\n|\n|t:|1701031265\n|move|p1a: Victory Royale|Sucker Punch|p2a: Miraidon\n|-damage|p2a: Miraidon|0 fnt\n|faint|p2a: Miraidon\n|\n|win|I\u2665CATGIRLS\n|c|\u2606I\u2665CATGIRLS|gg\n|c|\u2606Highlord|gg\n","uploadtime":1701031266,"views":178,"p1id":"icatgirls","p2id":"highlord","formatid":"gen9ubers","rating":0,"private":0,"password":""}