{"id":"smogtours-gen9ubers-724480","p1":"Perry","p2":"Piyush21","format":"[Gen 9] Ubers","log":"|inactive|Battle timer is ON: inactive players will automatically lose when time's up.\n|t:|1697552963\n|gametype|singles\n|player|p1|Perry|#perry|\n|player|p2|Piyush21|#scl3gible2|\n|teamsize|p1|6\n|teamsize|p2|6\n|gen|9\n|tier|[Gen 9] Ubers\n|rule|Sleep Clause Mod: Limit one foe put to sleep\n|rule|Species Clause: Limit one of each Pok\u00e9mon\n|rule|OHKO Clause: OHKO moves are banned\n|rule|Evasion Items Clause: Evasion items are banned\n|rule|Evasion Moves Clause: Evasion moves are banned\n|rule|Endless Battle Clause: Forcing endless battles is banned\n|rule|HP Percentage Mod: HP is shown in percentages\n|clearpoke\n|poke|p1|Skeledirge, F|\n|poke|p1|Clodsire, M|\n|poke|p1|Giratina-Origin|\n|poke|p1|Koraidon|\n|poke|p1|Arceus|\n|poke|p1|Flutter Mane|\n|poke|p2|Kyogre|\n|poke|p2|Arceus|\n|poke|p2|Koraidon|\n|poke|p2|Ting-Lu|\n|poke|p2|Landorus-Therian, M|\n|poke|p2|Zacian-*|\n|teampreview\n|inactive|Piyush21 also wants the timer to be on.\n|inactive|Piyush21 has 270 seconds left.\n|\n|t:|1697553022\n|start\n|switch|p1a: Flutter Mane|Flutter Mane|100\/100\n|switch|p2a: Landorus|Landorus-Therian, M|100\/100\n|-ability|p2a: Landorus|Intimidate|boost\n|-unboost|p1a: Flutter Mane|atk|1\n|turn|1\n|\n|t:|1697553048\n|-terastallize|p1a: Flutter Mane|Fairy\n|move|p1a: Flutter Mane|Moonblast|p2a: Landorus\n|-damage|p2a: Landorus|0 fnt\n|faint|p2a: Landorus\n|\n|upkeep\n|inactive|Piyush21 has 270 seconds left.\n|inactive|Piyush21 has 240 seconds left.\n|\n|t:|1697553111\n|switch|p2a: Ting-Lu|Ting-Lu|100\/100\n|-ability|p2a: Ting-Lu|Vessel of Ruin\n|turn|2\n|inactive|Perry has 270 seconds left.\n|\n|t:|1697553143\n|move|p1a: Flutter Mane|Moonblast|p2a: Ting-Lu\n|-supereffective|p2a: Ting-Lu\n|-damage|p2a: Ting-Lu|21\/100\n|-enditem|p2a: Ting-Lu|Sitrus Berry|[eat]\n|-heal|p2a: Ting-Lu|46\/100|[from] item: Sitrus Berry\n|move|p2a: Ting-Lu|Spikes|p1a: Flutter Mane\n|-sidestart|p1: Perry|Spikes\n|\n|upkeep\n|turn|3\n|inactive|Piyush21 has 240 seconds left.\n|\n|t:|1697553160\n|switch|p2a: Zacian|Zacian-Crowned|100\/100\n|-ability|p2a: Zacian|Intrepid Sword|boost\n|-boost|p2a: Zacian|atk|1\n|move|p1a: Flutter Mane|Moonblast|p2a: Zacian\n|-resisted|p2a: Zacian\n|-damage|p2a: Zacian|52\/100\n|\n|upkeep\n|turn|4\n|inactive|Perry has 270 seconds left.\n|\n|t:|1697553170\n|switch|p2a: Ting-Lu|Ting-Lu|46\/100\n|-ability|p2a: Ting-Lu|Vessel of Ruin\n|-end|p1a: Flutter Mane|Protosynthesis|[silent]\n|switch|p1a: Skeledirge|Skeledirge, F|100\/100\n|\n|upkeep\n|turn|5\n|\n|t:|1697553175\n|move|p1a: Skeledirge|Will-O-Wisp|p2a: Ting-Lu\n|-status|p2a: Ting-Lu|brn\n|move|p2a: Ting-Lu|Ruination|p1a: Skeledirge|[miss]\n|-miss|p2a: Ting-Lu|p1a: Skeledirge\n|\n|-damage|p2a: Ting-Lu|40\/100 brn|[from] brn\n|upkeep\n|turn|6\n|\n|t:|1697553182\n|switch|p1a: Giratina|Giratina-Origin|100\/100\n|move|p2a: Ting-Lu|Ruination|p1a: Giratina\n|-damage|p1a: Giratina|51\/100\n|\n|-damage|p2a: Ting-Lu|34\/100 brn|[from] brn\n|upkeep\n|turn|7\n|inactive|Piyush21 has 270 seconds left.\n|\n|t:|1697553189\n|move|p1a: Giratina|Defog|p2a: Ting-Lu\n|-unboost|p2a: Ting-Lu|evasion|1\n|-sideend|p1: Perry|Spikes|[from] move: Defog|[of] p1a: Giratina\n|move|p2a: Ting-Lu|Ruination|p1a: Giratina\n|-damage|p1a: Giratina|26\/100\n|\n|-damage|p2a: Ting-Lu|27\/100 brn|[from] brn\n|upkeep\n|turn|8\n|\n|t:|1697553195\n|move|p1a: Giratina|Poltergeist||[still]\n|-fail|p1a: Giratina\n|move|p2a: Ting-Lu|Spikes|p1a: Giratina\n|-sidestart|p1: Perry|Spikes\n|\n|-damage|p2a: Ting-Lu|21\/100 brn|[from] brn\n|upkeep\n|turn|9\n|\n|t:|1697553202\n|move|p1a: Giratina|Defog|p2a: Ting-Lu\n|-unboost|p2a: Ting-Lu|evasion|1\n|-sideend|p1: Perry|Spikes|[from] move: Defog|[of] p1a: Giratina\n|move|p2a: Ting-Lu|Taunt|p1a: Giratina\n|-start|p1a: Giratina|move: Taunt\n|\n|-damage|p2a: Ting-Lu|15\/100 brn|[from] brn\n|upkeep\n|turn|10\n|c|\u2606Perry|missclick beep\n|\n|t:|1697553211\n|move|p1a: Giratina|Poltergeist||[still]\n|-fail|p1a: Giratina\n|move|p2a: Ting-Lu|Spikes|p1a: Giratina\n|-sidestart|p1: Perry|Spikes\n|\n|-damage|p2a: Ting-Lu|9\/100 brn|[from] brn\n|upkeep\n|turn|11\n|\n|t:|1697553218\n|move|p2a: Ting-Lu|Spikes|p1a: Giratina\n|-sidestart|p1: Perry|Spikes\n|move|p1a: Giratina|Dragon Tail|p2a: Ting-Lu\n|-damage|p2a: Ting-Lu|0 fnt\n|faint|p2a: Ting-Lu\n|\n|upkeep\n|\n|t:|1697553227\n|switch|p2a: Arceus|Arceus|100\/100\n|turn|12\n|\n|t:|1697553231\n|switch|p1a: Skeledirge|Skeledirge, F|100\/100\n|move|p2a: Arceus|Shadow Claw|p1a: Skeledirge\n|-supereffective|p1a: Skeledirge\n|-damage|p1a: Skeledirge|68\/100\n|\n|upkeep\n|turn|13\n|\n|t:|1697553248\n|move|p2a: Arceus|Taunt|p1a: Skeledirge\n|-start|p1a: Skeledirge|move: Taunt\n|cant|p1a: Skeledirge|move: Taunt|Slack Off\n|\n|upkeep\n|turn|14\n|inactive|Piyush21 has 270 seconds left.\n|\n|t:|1697553293\n|move|p2a: Arceus|Shadow Claw|p1a: Skeledirge\n|-supereffective|p1a: Skeledirge\n|-damage|p1a: Skeledirge|36\/100\n|move|p1a: Skeledirge|Torch Song|p2a: Arceus\n|-damage|p2a: Arceus|81\/100\n|-boost|p1a: Skeledirge|spa|1\n|\n|upkeep\n|turn|15\n|\n|t:|1697553299\n|switch|p1a: Arceus|Arceus|100\/100\n|-terastallize|p2a: Arceus|Ghost\n|move|p2a: Arceus|Shadow Claw|p1a: Arceus\n|-immune|p1a: Arceus\n|\n|upkeep\n|turn|16\n|inactive|Piyush21 has 270 seconds left.\n|\n|t:|1697553323\n|move|p2a: Arceus|Swords Dance|p2a: Arceus\n|-boost|p2a: Arceus|atk|2\n|move|p1a: Arceus|Shadow Claw|p2a: Arceus\n|-supereffective|p2a: Arceus\n|-damage|p2a: Arceus|44\/100\n|\n|upkeep\n|turn|17\n|\n|t:|1697553348\n|move|p2a: Arceus|Extreme Speed|p1a: Arceus\n|-damage|p1a: Arceus|39\/100\n|move|p1a: Arceus|Shadow Claw|p2a: Arceus\n|-supereffective|p2a: Arceus\n|-damage|p2a: Arceus|12\/100\n|\n|upkeep\n|turn|18\n|\n|t:|1697553355\n|switch|p1a: Giratina|Giratina-Origin|26\/100\n|move|p2a: Arceus|Extreme Speed|p1a: Giratina\n|-immune|p1a: Giratina\n|\n|upkeep\n|turn|19\n|\n|t:|1697553361\n|switch|p2a: Koraidon|Koraidon|100\/100\n|-weather|SunnyDay|[from] ability: Orichalcum Pulse|[of] p2a: Koraidon\n|-activate|p2a: Koraidon|Orichalcum Pulse|[source]\n|move|p1a: Giratina|Shadow Sneak|p2a: Koraidon\n|-damage|p2a: Koraidon|77\/100\n|\n|-weather|SunnyDay|[upkeep]\n|upkeep\n|turn|20\n|inactive|Piyush21 has 270 seconds left.\n|inactive|Perry has 270 seconds left.\n|inactive|Piyush21 has 240 seconds left.\n|\n|t:|1697553414\n|switch|p1a: Skeledirge|Skeledirge, F|36\/100\n|move|p2a: Koraidon|Dragon Claw|p1a: Skeledirge\n|-damage|p1a: Skeledirge|0 fnt\n|faint|p1a: Skeledirge\n|\n|-weather|SunnyDay|[upkeep]\n|upkeep\n|\n|t:|1697553418\n|switch|p1a: Flutter Mane|Flutter Mane, tera:Fairy|100\/100\n|-damage|p1a: Flutter Mane|84\/100|[from] Spikes\n|-activate|p1a: Flutter Mane|ability: Protosynthesis\n|-start|p1a: Flutter Mane|protosynthesisspe\n|turn|21\n|inactive|Piyush21 has 240 seconds left.\n|\n|t:|1697553433\n|switch|p2a: Zacian|Zacian-Crowned|52\/100\n|move|p1a: Flutter Mane|Shadow Ball|p2a: Zacian\n|-damage|p2a: Zacian|0 fnt\n|faint|p2a: Zacian\n|\n|-weather|SunnyDay|[upkeep]\n|upkeep\n|\n|t:|1697553445\n|switch|p2a: Arceus|Arceus, tera:Ghost|12\/100\n|turn|22\n|\n|t:|1697553455\n|-end|p1a: Flutter Mane|Protosynthesis|[silent]\n|switch|p1a: Giratina|Giratina-Origin|26\/100\n|move|p2a: Arceus|Shadow Claw|p1a: Giratina\n|-supereffective|p1a: Giratina\n|-damage|p1a: Giratina|0 fnt\n|faint|p1a: Giratina\n|\n|-weather|SunnyDay|[upkeep]\n|upkeep\n|inactive|Perry has 270 seconds left.\n|\n|t:|1697553461\n|switch|p1a: Koraidon|Koraidon|100\/100\n|-damage|p1a: Koraidon|84\/100|[from] Spikes\n|-activate|p1a: Koraidon|ability: Orichalcum Pulse\n|turn|23\n|inactive|Piyush21 has 240 seconds left.\n|\n|t:|1697553469\n|switch|p2a: Kyogre|Kyogre|100\/100\n|-weather|RainDance|[from] ability: Drizzle|[of] p2a: Kyogre\n|move|p1a: Koraidon|Dragon Claw|p2a: Kyogre\n|-damage|p2a: Kyogre|72\/100\n|\n|-weather|RainDance|[upkeep]\n|upkeep\n|turn|24\n|inactive|Piyush21 has 240 seconds left.\n|inactive|Perry disconnected and has 300 seconds to reconnect!\n|player|p1|\n|inactive|Perry reconnected.\n|player|p1|Perry|#perry\n|inactive|Piyush21 has 210 seconds left.\n|\n|t:|1697553523\n|switch|p1a: Clodsire|Clodsire, M|100\/100\n|switch|p2a: Koraidon|Koraidon|77\/100\n|-weather|SunnyDay|[from] ability: Orichalcum Pulse|[of] p2a: Koraidon\n|-activate|p2a: Koraidon|Orichalcum Pulse|[source]\n|\n|-weather|SunnyDay|[upkeep]\n|upkeep\n|turn|25\n|\n|t:|1697553532\n|move|p2a: Koraidon|Flare Blitz|p1a: Clodsire\n|-damage|p1a: Clodsire|4\/100\n|-damage|p2a: Koraidon|34\/100|[from] Recoil\n|move|p1a: Clodsire|Spikes|p2a: Koraidon\n|-sidestart|p2: Piyush21|Spikes\n|\n|-weather|SunnyDay|[upkeep]\n|upkeep\n|turn|26\n|inactive|Piyush21 has 210 seconds left.\n|inactive|Piyush21 disconnected and has 300 seconds to reconnect!\n|player|p2|\n|inactive|Piyush21 has 270 seconds to reconnect!\n|inactive|Piyush21 reconnected and has 190 seconds left.\n|player|p2|Piyush21|#scl3gible2\n|\n|t:|1697553596\n|move|p2a: Koraidon|Flare Blitz|p1a: Clodsire\n|-damage|p1a: Clodsire|0 fnt\n|faint|p1a: Clodsire\n|-damage|p2a: Koraidon|32\/100|[from] Recoil\n|\n|-weather|SunnyDay|[upkeep]\n|upkeep\n|\n|t:|1697553607\n|switch|p1a: Arceus|Arceus|39\/100\n|turn|27\n|\n|t:|1697553615\n|switch|p2a: Kyogre|Kyogre|72\/100\n|-weather|RainDance|[from] ability: Drizzle|[of] p2a: Kyogre\n|move|p1a: Arceus|Extreme Speed|p2a: Kyogre\n|-damage|p2a: Kyogre|39\/100\n|\n|-weather|RainDance|[upkeep]\n|upkeep\n|turn|28\n|\n|t:|1697553620\n|switch|p1a: Koraidon|Koraidon|84\/100\n|-damage|p1a: Koraidon|68\/100|[from] Spikes\n|-weather|SunnyDay|[from] ability: Orichalcum Pulse|[of] p1a: Koraidon\n|-activate|p1a: Koraidon|Orichalcum Pulse|[source]\n|move|p2a: Kyogre|Origin Pulse|p1a: Koraidon|[miss]\n|-miss|p2a: Kyogre|p1a: Koraidon\n|\n|-weather|SunnyDay|[upkeep]\n|upkeep\n|turn|29\n|inactive|Piyush21 has 210 seconds left.\n|\n|t:|1697553641\n|move|p1a: Koraidon|Dragon Claw|p2a: Kyogre\n|-damage|p2a: Kyogre|0 fnt\n|faint|p2a: Kyogre\n|\n|-weather|SunnyDay|[upkeep]\n|upkeep\n|\n|t:|1697553644\n|switch|p2a: Koraidon|Koraidon|32\/100\n|-damage|p2a: Koraidon|20\/100|[from] Spikes\n|-activate|p2a: Koraidon|ability: Orichalcum Pulse\n|turn|30\n|inactive|Piyush21 has 210 seconds left.\n|\n|t:|1697553661\n|switch|p1a: Flutter Mane|Flutter Mane, tera:Fairy|84\/100\n|-damage|p1a: Flutter Mane|68\/100|[from] Spikes\n|-activate|p1a: Flutter Mane|ability: Protosynthesis\n|-start|p1a: Flutter Mane|protosynthesisspe\n|move|p2a: Koraidon|Flare Blitz|p1a: Flutter Mane\n|-damage|p1a: Flutter Mane|0 fnt\n|faint|p1a: Flutter Mane\n|-end|p1a: Flutter Mane|Protosynthesis|[silent]\n|-damage|p2a: Koraidon|3\/100|[from] Recoil\n|\n|-weather|SunnyDay|[upkeep]\n|upkeep\n|\n|t:|1697553667\n|switch|p1a: Arceus|Arceus|39\/100\n|turn|31\n|inactive|Piyush21 has 210 seconds left.\n|\n|t:|1697553706\n|move|p1a: Arceus|Extreme Speed|p2a: Koraidon\n|-damage|p2a: Koraidon|0 fnt\n|faint|p2a: Koraidon\n|\n|-weather|SunnyDay|[upkeep]\n|upkeep\n|\n|t:|1697553708\n|switch|p2a: Arceus|Arceus, tera:Ghost|12\/100\n|turn|32\n|\n|t:|1697553726\n|move|p2a: Arceus|Extreme Speed|p1a: Arceus\n|-damage|p1a: Arceus|10\/100\n|move|p1a: Arceus|Shadow Claw|p2a: Arceus\n|-supereffective|p2a: Arceus\n|-damage|p2a: Arceus|0 fnt\n|faint|p2a: Arceus\n|\n|win|Perry\n|c|\u2606Perry|gg\n","uploadtime":1697553728,"views":94,"p1id":"perry","p2id":"piyush21","formatid":"gen9ubers","rating":0,"private":0,"password":""}