{"id":"smogtours-gen9ubers-732469","p1":"Inder","p2":"fardin","format":"[Gen 9] Ubers","log":"|inactive|Battle timer is ON: inactive players will automatically lose when time's up.\n|t:|1700947042\n|gametype|singles\n|player|p1|Inder|#pmpliidachsbuns|\n|player|p2|fardin|lucas|\n|teamsize|p1|6\n|teamsize|p2|6\n|gen|9\n|tier|[Gen 9] Ubers\n|rule|Sleep Clause Mod: Limit one foe put to sleep\n|rule|Species Clause: Limit one of each Pok\u00e9mon\n|rule|OHKO Clause: OHKO moves are banned\n|rule|Evasion Items Clause: Evasion items are banned\n|rule|Evasion Moves Clause: Evasion moves are banned\n|rule|Endless Battle Clause: Forcing endless battles is banned\n|rule|HP Percentage Mod: HP is shown in percentages\n|clearpoke\n|poke|p1|Ribombee, F|\n|poke|p1|Basculegion, M|\n|poke|p1|Zacian-*|\n|poke|p1|Koraidon|\n|poke|p1|Rayquaza|\n|poke|p1|Miraidon|\n|poke|p2|Ribombee, F|\n|poke|p2|Arceus|\n|poke|p2|Zacian-*|\n|poke|p2|Eternatus|\n|poke|p2|Miraidon|\n|poke|p2|Koraidon|\n|teampreview\n|inactive|fardin also wants the timer to be on.\n|c|\u2606fardin|hf\n|c|\u2606Inder|hf\n|c|\u2606Inder|Entrocefalo\n|\n|t:|1700947068\n|start\n|switch|p1a: Ribombee|Ribombee, F|100\/100\n|switch|p2a: Koraidon|Koraidon|100\/100\n|-weather|SunnyDay|[from] ability: Orichalcum Pulse|[of] p2a: Koraidon\n|-activate|p2a: Koraidon|Orichalcum Pulse|[source]\n|turn|1\n|c|+Entrocefalo|inder\n|c|\u2606Inder|congrats for umpl :)\n|\n|t:|1700947079\n|-terastallize|p2a: Koraidon|Fire\n|move|p2a: Koraidon|Taunt|p1a: Ribombee\n|-start|p1a: Ribombee|move: Taunt\n|cant|p1a: Ribombee|move: Taunt|Stun Spore\n|\n|-weather|SunnyDay|[upkeep]\n|upkeep\n|turn|2\n|c|+Entrocefalo|uh ty u.u\n|\n|t:|1700947097\n|switch|p1a: Miraidon|Miraidon|100\/100\n|-fieldstart|move: Electric Terrain|[from] ability: Hadron Engine|[of] p1a: Miraidon\n|move|p2a: Koraidon|Scale Shot|p1a: Miraidon\n|-supereffective|p1a: Miraidon\n|-damage|p1a: Miraidon|65\/100\n|-supereffective|p1a: Miraidon\n|-damage|p1a: Miraidon|30\/100\n|-supereffective|p1a: Miraidon\n|-damage|p1a: Miraidon|0 fnt\n|faint|p1a: Miraidon\n|-hitcount|p1: Miraidon|3\n|-unboost|p2a: Koraidon|def|1\n|-boost|p2a: Koraidon|spe|1\n|\n|-weather|SunnyDay|[upkeep]\n|upkeep\n|inactive|Inder has 270 seconds left.\n|\n|t:|1700947120\n|switch|p1a: Basculegion|Basculegion, M|100\/100\n|turn|3\n|\n|t:|1700947131\n|move|p2a: Koraidon|Scale Shot|p1a: Basculegion|[miss]\n|-miss|p2a: Koraidon|p1a: Basculegion\n|move|p1a: Basculegion|Last Respects|p2a: Koraidon\n|-damage|p2a: Koraidon|3\/100\n|\n|-weather|SunnyDay|[upkeep]\n|upkeep\n|turn|4\n|\n|t:|1700947136\n|switch|p1a: Ribombee|Ribombee, F|100\/100\n|move|p2a: Koraidon|Scale Shot|p1a: Ribombee\n|-immune|p1a: Ribombee\n|\n|-weather|SunnyDay|[upkeep]\n|upkeep\n|turn|5\n|\n|t:|1700947142\n|move|p2a: Koraidon|Flare Blitz|p1a: Ribombee\n|-supereffective|p1a: Ribombee\n|-enditem|p1a: Ribombee|Focus Sash\n|-damage|p1a: Ribombee|1\/100\n|-damage|p2a: Koraidon|0 fnt|[from] Recoil\n|faint|p2a: Koraidon\n|move|p1a: Ribombee|Moonblast|p2: Koraidon|[notarget]\n|-fail|p1a: Ribombee\n|\n|-weather|none\n|upkeep\n|\n|t:|1700947150\n|switch|p2a: Miraidon|Miraidon|100\/100\n|-activate|p2a: Miraidon|ability: Hadron Engine\n|turn|6\n|\n|t:|1700947153\n|move|p2a: Miraidon|Electro Drift|p1a: Ribombee\n|-damage|p1a: Ribombee|0 fnt\n|faint|p1a: Ribombee\n|-damage|p2a: Miraidon|91\/100|[from] item: Life Orb\n|\n|-fieldend|move: Electric Terrain\n|upkeep\n|\n|t:|1700947156\n|switch|p1a: Zacian|Zacian-Crowned|100\/100\n|-ability|p1a: Zacian|Intrepid Sword|boost\n|-boost|p1a: Zacian|atk|1\n|turn|7\n|c|\u2606fardin|ok this is how u stop webs with outdated sv teams.\n|c|\u2606fardin|that dont carry hdb\n|c|\u2606fardin|on everything\n|c|\u2606Inder|wdym\n|c|\u2606Inder|u had a faster taunt\n|\n|t:|1700947183\n|switch|p2a: Zacian|Zacian-Crowned|100\/100\n|-ability|p2a: Zacian|Intrepid Sword|boost\n|-boost|p2a: Zacian|atk|1\n|move|p1a: Zacian|Play Rough|p2a: Zacian\n|-resisted|p2a: Zacian\n|-damage|p2a: Zacian|63\/100\n|\n|upkeep\n|turn|8\n|c|\u2606Inder|ofc u stop sticky\n|\n|t:|1700947191\n|move|p2a: Zacian|Behemoth Blade|p1a: Zacian\n|-damage|p1a: Zacian|15\/100\n|move|p1a: Zacian|Behemoth Blade|p2a: Zacian\n|-damage|p2a: Zacian|0 fnt\n|faint|p2a: Zacian\n|\n|upkeep\n|c|\u2606Inder|sure\n|c|\u2606fardin|no yungin\n|c|\u2606fardin|if i got a play wrong\n|inactive|fardin has 270 seconds left.\n|c|\u2606fardin|i lose on the spot\n|c|\u2606Inder|what\n|\n|t:|1700947216\n|switch|p2a: Ribombee|Ribombee, F|100\/100\n|turn|9\n|inactive|fardin has 270 seconds left.\n|c|\u2606fardin|wdym wat\n|c|\u2606Inder|u act like my ribombee can hit ur korai\n|c|\u2606Inder|u traded ur tera for no sticky\n|inactive|Inder has 270 seconds left.\n|c|\u2606Inder|that's not the play of the yea\n|c|\u2606Inder|r\n|c|\u2606fardin|it is\n|\n|t:|1700947261\n|move|p1a: Zacian|Behemoth Blade|p2a: Ribombee\n|-supereffective|p2a: Ribombee\n|-enditem|p2a: Ribombee|Focus Sash\n|-damage|p2a: Ribombee|1\/100\n|move|p2a: Ribombee|Tailwind|p2a: Ribombee\n|-sidestart|p2: fardin|move: Tailwind\n|\n|upkeep\n|turn|10\n|inactive|Inder has 270 seconds left.\n|\n|t:|1700947281\n|move|p2a: Ribombee|Sticky Web|p1a: Zacian\n|-sidestart|p1: Inder|move: Sticky Web\n|move|p1a: Zacian|Trailblaze|p2a: Ribombee\n|-resisted|p2a: Ribombee\n|-damage|p2a: Ribombee|0 fnt\n|-boost|p1a: Zacian|spe|1\n|faint|p2a: Ribombee\n|\n|upkeep\n|\n|t:|1700947292\n|switch|p2a: Miraidon|Miraidon|91\/100\n|-fieldstart|move: Electric Terrain|[from] ability: Hadron Engine|[of] p2a: Miraidon\n|turn|11\n|\n|t:|1700947301\n|move|p2a: Miraidon|Electro Drift|p1a: Zacian\n|-damage|p1a: Zacian|0 fnt\n|faint|p1a: Zacian\n|-damage|p2a: Miraidon|81\/100|[from] item: Life Orb\n|\n|upkeep\n|\n|t:|1700947308\n|switch|p1a: Rayquaza|Rayquaza|100\/100\n|-ability|p1a: Rayquaza|Air Lock\n|turn|12\n|\n|t:|1700947312\n|move|p2a: Miraidon|Electro Drift|p1a: Rayquaza\n|-enditem|p1a: Rayquaza|Focus Sash\n|-damage|p1a: Rayquaza|1\/100\n|-damage|p2a: Miraidon|71\/100|[from] item: Life Orb\n|move|p1a: Rayquaza|Earthquake|p2a: Miraidon\n|-supereffective|p2a: Miraidon\n|-damage|p2a: Miraidon|0 fnt\n|faint|p2a: Miraidon\n|\n|-sideend|p2: fardin|move: Tailwind\n|upkeep\n|\n|t:|1700947316\n|switch|p2a: Arceus|Arceus|100\/100\n|turn|13\n|\n|t:|1700947326\n|move|p2a: Arceus|Swords Dance|p2a: Arceus\n|-boost|p2a: Arceus|atk|2\n|move|p1a: Rayquaza|Dragon Ascent|p2a: Arceus\n|-damage|p2a: Arceus|47\/100\n|-unboost|p1a: Rayquaza|def|1\n|-unboost|p1a: Rayquaza|spd|1\n|\n|upkeep\n|turn|14\n|\n|t:|1700947337\n|move|p2a: Arceus|Extreme Speed|p1a: Rayquaza\n|-crit|p1a: Rayquaza\n|-damage|p1a: Rayquaza|0 fnt\n|faint|p1a: Rayquaza\n|\n|upkeep\n|\n|t:|1700947341\n|switch|p1a: Koraidon|Koraidon|100\/100\n|-activate|p1a: Koraidon|move: Sticky Web\n|-unboost|p1a: Koraidon|spe|1\n|-weather|SunnyDay|[from] ability: Orichalcum Pulse|[of] p1a: Koraidon\n|-activate|p1a: Koraidon|Orichalcum Pulse|[source]\n|turn|15\n|\n|t:|1700947347\n|move|p2a: Arceus|Extreme Speed|p1a: Koraidon\n|-damage|p1a: Koraidon|1\/100\n|move|p1a: Koraidon|Scale Shot|p2a: Arceus\n|-damage|p2a: Arceus|33\/100\n|-damage|p2a: Arceus|19\/100\n|-damage|p2a: Arceus|5\/100\n|-damage|p2a: Arceus|0 fnt\n|faint|p2a: Arceus\n|-hitcount|p2: Arceus|4\n|-unboost|p1a: Koraidon|def|1\n|-boost|p1a: Koraidon|spe|1\n|\n|-weather|SunnyDay|[upkeep]\n|-fieldend|move: Electric Terrain\n|upkeep\n|\n|t:|1700947355\n|switch|p2a: Eternatus|Eternatus, shiny|100\/100\n|-ability|p2a: Eternatus|Pressure\n|turn|16\n|\n|t:|1700947369\n|move|p1a: Koraidon|Scale Shot|p2a: Eternatus|[miss]\n|-miss|p1a: Koraidon|p2a: Eternatus\n|move|p2a: Eternatus|Dynamax Cannon|p1a: Koraidon\n|-supereffective|p1a: Koraidon\n|-damage|p1a: Koraidon|0 fnt\n|faint|p1a: Koraidon\n|-damage|p2a: Eternatus|91\/100|[from] item: Life Orb\n|\n|-weather|SunnyDay|[upkeep]\n|upkeep\n|c|\u2606fardin|DESERVED\n|c|+Entrocefalo|lmao\n|c|\u2606Inder|he got\n|c|\u2606Inder|everything\n|c|+Fc \u2764|that's how he wins\n|c|\u2606Inder|he will crit the fish\n|c|\u2606Inder|see\n|\n|t:|1700947393\n|switch|p1a: Basculegion|Basculegion, M|100\/100\n|turn|17\n|\n|t:|1700947398\n|move|p2a: Eternatus|Dynamax Cannon|p1a: Basculegion\n|-damage|p1a: Basculegion|8\/100\n|-damage|p2a: Eternatus|81\/100|[from] item: Life Orb\n|move|p1a: Basculegion|Last Respects|p2a: Eternatus\n|-crit|p2a: Eternatus\n|-damage|p2a: Eternatus|0 fnt\n|faint|p2a: Eternatus\n|\n|win|Inder\n","uploadtime":1700947399,"views":8,"p1id":"inder","p2id":"fardin","formatid":"gen9ubers","rating":0,"private":0,"password":""}