{"id":"smogtours-gen9ubers-726928","p1":"SiTuM.","p2":"RichardMillePlain","format":"[Gen 9] Ubers","log":"|inactive|Battle timer is ON: inactive players will automatically lose when time's up.\n|t:|1698505642\n|gametype|singles\n|player|p1|SiTuM.|#scl3platoon2|\n|player|p2|RichardMillePlain|lucas|\n|teamsize|p1|6\n|teamsize|p2|6\n|gen|9\n|tier|[Gen 9] Ubers\n|rule|Sleep Clause Mod: Limit one foe put to sleep\n|rule|Species Clause: Limit one of each Pok\u00e9mon\n|rule|OHKO Clause: OHKO moves are banned\n|rule|Evasion Items Clause: Evasion items are banned\n|rule|Evasion Moves Clause: Evasion moves are banned\n|rule|Endless Battle Clause: Forcing endless battles is banned\n|rule|HP Percentage Mod: HP is shown in percentages\n|clearpoke\n|poke|p1|Gliscor, M|\n|poke|p1|Skeledirge, M|\n|poke|p1|Clodsire, F|\n|poke|p1|Arceus-Water|\n|poke|p1|Koraidon|\n|poke|p1|Flutter Mane|\n|poke|p2|Eternatus|\n|poke|p2|Koraidon|\n|poke|p2|Zacian-*|\n|poke|p2|Great Tusk|\n|poke|p2|Arceus-Fairy|\n|poke|p2|Landorus-Therian, M|\n|teampreview\n|inactive|SiTuM. also wants the timer to be on.\n|c|\u2606RichardMillePlain|hf\n|inactive|SiTuM. has 270 seconds left.\n|inactive|RichardMillePlain has 270 seconds left.\n|c|\u2606SiTuM.|have fun\n|inactive|SiTuM. has 240 seconds left.\n|inactive|RichardMillePlain has 240 seconds left.\n|inactive|RichardMillePlain has 210 seconds left.\n|\n|t:|1698505740\n|start\n|switch|p1a: Gliscor|Gliscor, M|100\/100\n|switch|p2a: Arceus|Arceus-Fairy|100\/100\n|turn|1\n|\n|t:|1698505744\n|move|p1a: Gliscor|Protect|p1a: Gliscor\n|-singleturn|p1a: Gliscor|Protect\n|move|p2a: Arceus|Taunt|p1a: Gliscor\n|-activate|p1a: Gliscor|move: Protect\n|\n|-status|p1a: Gliscor|tox|[from] item: Toxic Orb\n|upkeep\n|turn|2\n|\n|t:|1698505758\n|move|p2a: Arceus|Taunt|p1a: Gliscor\n|-start|p1a: Gliscor|move: Taunt\n|move|p1a: Gliscor|Earthquake|p2a: Arceus\n|-damage|p2a: Arceus|79\/100\n|\n|upkeep\n|turn|3\n|\n|t:|1698505764\n|switch|p2a: Landorus|Landorus-Therian, M|100\/100\n|-ability|p2a: Landorus|Intimidate|boost\n|-unboost|p1a: Gliscor|atk|1\n|switch|p1a: Skeledirge|Skeledirge, M|100\/100\n|\n|upkeep\n|turn|4\n|\n|t:|1698505767\n|switch|p1a: Gliscor|Gliscor, M|100\/100 tox\n|move|p2a: Landorus|Stealth Rock|p1a: Gliscor\n|-sidestart|p1: SiTuM.|move: Stealth Rock\n|\n|upkeep\n|turn|5\n|\n|t:|1698505771\n|move|p1a: Gliscor|Spikes|p2a: Landorus\n|-sidestart|p2: RichardMillePlain|Spikes\n|move|p2a: Landorus|Taunt|p1a: Gliscor\n|-start|p1a: Gliscor|move: Taunt\n|\n|upkeep\n|turn|6\n|\n|t:|1698505778\n|switch|p1a: Koraidon|Koraidon|100\/100\n|-damage|p1a: Koraidon|94\/100|[from] Stealth Rock\n|-weather|SunnyDay|[from] ability: Orichalcum Pulse|[of] p1a: Koraidon\n|-activate|p1a: Koraidon|Orichalcum Pulse|[source]\n|move|p2a: Landorus|U-turn|p1a: Koraidon\n|-resisted|p1a: Koraidon\n|-damage|p1a: Koraidon|84\/100\n|\n|t:|1698505782\n|switch|p2a: Great Tusk|Great Tusk|100\/100|[from] U-turn\n|-activate|p2a: Great Tusk|ability: Protosynthesis\n|-start|p2a: Great Tusk|protosynthesisatk\n|\n|-weather|SunnyDay|[upkeep]\n|upkeep\n|turn|7\n|\n|t:|1698505788\n|move|p1a: Koraidon|U-turn|p2a: Great Tusk\n|-resisted|p2a: Great Tusk\n|-damage|p2a: Great Tusk|88\/100\n|\n|t:|1698505792\n|switch|p1a: Arceus|Arceus-Water|100\/100|[from] U-turn\n|-damage|p1a: Arceus|88\/100|[from] Stealth Rock\n|move|p2a: Great Tusk|Ice Spinner|p1a: Arceus\n|-resisted|p1a: Arceus\n|-damage|p1a: Arceus|78\/100\n|\n|-weather|SunnyDay|[upkeep]\n|upkeep\n|turn|8\n|\n|t:|1698505813\n|-end|p2a: Great Tusk|Protosynthesis|[silent]\n|switch|p2a: Eternatus|Eternatus|100\/100\n|-damage|p2a: Eternatus|88\/100|[from] Spikes\n|-ability|p2a: Eternatus|Pressure\n|move|p1a: Arceus|Recover|p1a: Arceus\n|-heal|p1a: Arceus|100\/100\n|\n|-weather|SunnyDay|[upkeep]\n|upkeep\n|turn|9\n|\n|t:|1698505816\n|switch|p1a: Clodsire|Clodsire, F|100\/100\n|move|p2a: Eternatus|Toxic Spikes|p1a: Clodsire\n|-sidestart|p1: SiTuM.|move: Toxic Spikes\n|\n|-weather|SunnyDay|[upkeep]\n|upkeep\n|turn|10\n|\n|t:|1698505836\n|move|p1a: Clodsire|Toxic Spikes|p2a: Eternatus\n|-sidestart|p2: RichardMillePlain|move: Toxic Spikes\n|move|p2a: Eternatus|Dragon Tail|p1a: Clodsire|[miss]\n|-miss|p2a: Eternatus|p1a: Clodsire\n|\n|-weather|none\n|upkeep\n|turn|11\n|\n|t:|1698505841\n|move|p1a: Clodsire|Stealth Rock|p2a: Eternatus\n|-sidestart|p2: RichardMillePlain|move: Stealth Rock\n|move|p2a: Eternatus|Dragon Tail|p1a: Clodsire\n|-damage|p1a: Clodsire|82\/100\n|drag|p1a: Skeledirge|Skeledirge, M|100\/100\n|\n|upkeep\n|turn|12\n|\n|t:|1698505847\n|switch|p1a: Clodsire|Clodsire, F|82\/100\n|-sideend|p1: SiTuM.|move: Toxic Spikes|[of] p1a: Clodsire\n|move|p2a: Eternatus|Toxic Spikes|p1a: Clodsire\n|-sidestart|p1: SiTuM.|move: Toxic Spikes\n|\n|upkeep\n|turn|13\n|\n|t:|1698505851\n|switch|p2a: Great Tusk|Great Tusk|88\/100\n|move|p1a: Clodsire|Earthquake|p2a: Great Tusk\n|-damage|p2a: Great Tusk|69\/100\n|\n|upkeep\n|turn|14\n|inactive|SiTuM. has 270 seconds left.\n|\n|t:|1698505897\n|switch|p1a: Arceus|Arceus-Water|100\/100\n|-damage|p1a: Arceus|88\/100|[from] Stealth Rock\n|-status|p1a: Arceus|psn\n|move|p2a: Great Tusk|Headlong Rush|p1a: Arceus\n|-damage|p1a: Arceus|58\/100 psn\n|-unboost|p2a: Great Tusk|def|1\n|-unboost|p2a: Great Tusk|spd|1\n|\n|-damage|p1a: Arceus|45\/100 psn|[from] psn\n|upkeep\n|turn|15\n|\n|t:|1698505905\n|-end|p2a: Great Tusk|Protosynthesis|[silent]\n|switch|p2a: Eternatus|Eternatus|88\/100\n|-damage|p2a: Eternatus|76\/100|[from] Spikes\n|-sideend|p2: RichardMillePlain|move: Toxic Spikes|[of] p2a: Eternatus\n|-damage|p2a: Eternatus|63\/100|[from] Stealth Rock\n|-ability|p2a: Eternatus|Pressure\n|move|p1a: Arceus|Recover|p1a: Arceus\n|-heal|p1a: Arceus|95\/100 psn\n|\n|-damage|p1a: Arceus|83\/100 psn|[from] psn\n|upkeep\n|turn|16\n|\n|t:|1698505913\n|switch|p1a: Gliscor|Gliscor, M|100\/100 tox\n|-damage|p1a: Gliscor|88\/100 tox|[from] Stealth Rock\n|move|p2a: Eternatus|Recover|p2a: Eternatus\n|-heal|p2a: Eternatus|100\/100\n|\n|-heal|p1a: Gliscor|100\/100 tox|[from] ability: Poison Heal\n|upkeep\n|turn|17\n|\n|t:|1698505917\n|move|p1a: Gliscor|Earthquake|p2a: Eternatus\n|-supereffective|p2a: Eternatus\n|-damage|p2a: Eternatus|46\/100\n|move|p2a: Eternatus|Dragon Tail|p1a: Gliscor\n|-damage|p1a: Gliscor|88\/100 tox\n|drag|p1a: Clodsire|Clodsire, F|82\/100\n|-sideend|p1: SiTuM.|move: Toxic Spikes|[of] p1a: Clodsire\n|\n|upkeep\n|turn|18\n|\n|t:|1698505930\n|move|p2a: Eternatus|Recover|p2a: Eternatus\n|-heal|p2a: Eternatus|96\/100\n|move|p1a: Clodsire|Earthquake|p2a: Eternatus\n|-supereffective|p2a: Eternatus\n|-damage|p2a: Eternatus|51\/100\n|\n|upkeep\n|turn|19\n|\n|t:|1698505935\n|switch|p2a: Landorus|Landorus-Therian, M|100\/100\n|-damage|p2a: Landorus|88\/100|[from] Stealth Rock\n|-ability|p2a: Landorus|Intimidate|boost\n|-unboost|p1a: Clodsire|atk|1\n|move|p1a: Clodsire|Earthquake|p2a: Landorus\n|-immune|p2a: Landorus\n|\n|upkeep\n|turn|20\n|\n|t:|1698505940\n|switch|p1a: Koraidon|Koraidon|84\/100\n|-damage|p1a: Koraidon|78\/100|[from] Stealth Rock\n|-weather|SunnyDay|[from] ability: Orichalcum Pulse|[of] p1a: Koraidon\n|-activate|p1a: Koraidon|Orichalcum Pulse|[source]\n|move|p2a: Landorus|U-turn|p1a: Koraidon\n|-resisted|p1a: Koraidon\n|-damage|p1a: Koraidon|68\/100\n|\n|t:|1698505951\n|switch|p2a: Koraidon|Koraidon|100\/100|[from] U-turn\n|-damage|p2a: Koraidon|88\/100|[from] Spikes\n|-damage|p2a: Koraidon|82\/100|[from] Stealth Rock\n|-activate|p2a: Koraidon|ability: Orichalcum Pulse\n|\n|-weather|SunnyDay|[upkeep]\n|upkeep\n|turn|21\n|\n|t:|1698505958\n|switch|p1a: Skeledirge|Skeledirge, M|100\/100\n|move|p2a: Koraidon|Flare Blitz|p1a: Skeledirge\n|-resisted|p1a: Skeledirge\n|-damage|p1a: Skeledirge|76\/100\n|-damage|p2a: Koraidon|72\/100|[from] Recoil\n|\n|-weather|SunnyDay|[upkeep]\n|upkeep\n|turn|22\n|\n|t:|1698505972\n|switch|p2a: Eternatus|Eternatus|51\/100\n|-damage|p2a: Eternatus|39\/100|[from] Spikes\n|-damage|p2a: Eternatus|26\/100|[from] Stealth Rock\n|-ability|p2a: Eternatus|Pressure\n|move|p1a: Skeledirge|Will-O-Wisp|p2a: Eternatus\n|-status|p2a: Eternatus|brn\n|\n|-weather|SunnyDay|[upkeep]\n|-damage|p2a: Eternatus|20\/100 brn|[from] brn\n|upkeep\n|turn|23\n|\n|t:|1698505976\n|switch|p1a: Flutter Mane|Flutter Mane|100\/100\n|-damage|p1a: Flutter Mane|88\/100|[from] Stealth Rock\n|-activate|p1a: Flutter Mane|ability: Protosynthesis\n|-start|p1a: Flutter Mane|protosynthesisspe\n|move|p2a: Eternatus|Recover|p2a: Eternatus\n|-heal|p2a: Eternatus|70\/100 brn\n|\n|-weather|SunnyDay|[upkeep]\n|-damage|p2a: Eternatus|64\/100 brn|[from] brn\n|upkeep\n|turn|24\n|\n|t:|1698505981\n|move|p1a: Flutter Mane|Moonblast|p2a: Eternatus\n|-damage|p2a: Eternatus|17\/100 brn\n|move|p2a: Eternatus|Recover|p2a: Eternatus\n|-heal|p2a: Eternatus|67\/100 brn\n|\n|-weather|none\n|-end|p1a: Flutter Mane|Protosynthesis\n|-damage|p2a: Eternatus|61\/100 brn|[from] brn\n|upkeep\n|turn|25\n|inactive|RichardMillePlain has 270 seconds left.\n|\n|t:|1698506012\n|move|p1a: Flutter Mane|Moonblast|p2a: Eternatus\n|-crit|p2a: Eternatus\n|-damage|p2a: Eternatus|0 fnt\n|faint|p2a: Eternatus\n|\n|upkeep\n|\n|t:|1698506015\n|switch|p2a: Zacian|Zacian-Crowned|100\/100\n|-damage|p2a: Zacian|88\/100|[from] Spikes\n|-damage|p2a: Zacian|82\/100|[from] Stealth Rock\n|-ability|p2a: Zacian|Intrepid Sword|boost\n|-boost|p2a: Zacian|atk|1\n|turn|26\n|inactive|RichardMillePlain has 270 seconds left.\n|\n|t:|1698506058\n|-end|p1a: Flutter Mane|Protosynthesis|[silent]\n|switch|p1a: Gliscor|Gliscor, M|88\/100 tox\n|-damage|p1a: Gliscor|76\/100 tox|[from] Stealth Rock\n|-terastallize|p2a: Zacian|Dark\n|move|p2a: Zacian|Crunch|p1a: Gliscor\n|-damage|p1a: Gliscor|22\/100 tox\n|\n|-heal|p1a: Gliscor|35\/100 tox|[from] ability: Poison Heal\n|upkeep\n|turn|27\n|inactive|RichardMillePlain has 240 seconds left.\n|inactive|RichardMillePlain disconnected and has 300 seconds to reconnect!\n|player|p2|\n|inactive|RichardMillePlain has 270 seconds to reconnect!\n|inactive|RichardMillePlain reconnected and has 240 seconds left.\n|player|p2|RichardMillePlain|lucas\n|\n|t:|1698506125\n|move|p2a: Zacian|Crunch|p1a: Gliscor\n|-damage|p1a: Gliscor|0 fnt\n|faint|p1a: Gliscor\n|\n|upkeep\n|\n|t:|1698506130\n|switch|p1a: Koraidon|Koraidon|68\/100\n|-damage|p1a: Koraidon|62\/100|[from] Stealth Rock\n|-weather|SunnyDay|[from] ability: Orichalcum Pulse|[of] p1a: Koraidon\n|-activate|p1a: Koraidon|Orichalcum Pulse|[source]\n|turn|28\n|inactive|RichardMillePlain has 240 seconds left.\n|inactive|SiTuM. has 270 seconds left.\n|\n|t:|1698506150\n|move|p1a: Koraidon|U-turn|p2a: Zacian\n|-supereffective|p2a: Zacian\n|-damage|p2a: Zacian|17\/100\n|inactive|SiTuM. has 270 seconds left.\n|\n|t:|1698506158\n|switch|p1a: Clodsire|Clodsire, F|82\/100|[from] U-turn\n|move|p2a: Zacian|Crunch|p1a: Clodsire\n|-damage|p1a: Clodsire|4\/100\n|\n|-weather|SunnyDay|[upkeep]\n|upkeep\n|turn|29\n|\n|t:|1698506166\n|move|p2a: Zacian|Crunch|p1a: Clodsire\n|-damage|p1a: Clodsire|0 fnt\n|faint|p1a: Clodsire\n|\n|-weather|SunnyDay|[upkeep]\n|upkeep\n|\n|t:|1698506173\n|switch|p1a: Koraidon|Koraidon|62\/100\n|-damage|p1a: Koraidon|56\/100|[from] Stealth Rock\n|-activate|p1a: Koraidon|ability: Orichalcum Pulse\n|turn|30\n|\n|t:|1698506176\n|switch|p2a: Landorus|Landorus-Therian, M|88\/100\n|-damage|p2a: Landorus|76\/100|[from] Stealth Rock\n|-ability|p2a: Landorus|Intimidate|boost\n|-unboost|p1a: Koraidon|atk|1\n|move|p1a: Koraidon|U-turn|p2a: Landorus\n|-resisted|p2a: Landorus\n|-damage|p2a: Landorus|68\/100\n|-damage|p1a: Koraidon|39\/100|[from] item: Rocky Helmet|[of] p2a: Landorus\n|inactive|SiTuM. has 270 seconds left.\n|inactive|SiTuM. has 240 seconds left.\n|\n|t:|1698506232\n|switch|p1a: Flutter Mane|Flutter Mane|88\/100|[from] U-turn\n|-damage|p1a: Flutter Mane|76\/100|[from] Stealth Rock\n|-activate|p1a: Flutter Mane|ability: Protosynthesis\n|-start|p1a: Flutter Mane|protosynthesisspe\n|\n|-weather|SunnyDay|[upkeep]\n|upkeep\n|turn|31\n|inactive|RichardMillePlain has 270 seconds left.\n|inactive|SiTuM. has 240 seconds left.\n|\n|t:|1698506266\n|move|p1a: Flutter Mane|Moonblast|p2a: Landorus\n|-damage|p2a: Landorus|0 fnt\n|faint|p2a: Landorus\n|\n|-weather|SunnyDay|[upkeep]\n|upkeep\n|\n|t:|1698506270\n|switch|p2a: Koraidon|Koraidon|72\/100\n|-damage|p2a: Koraidon|60\/100|[from] Spikes\n|-damage|p2a: Koraidon|54\/100|[from] Stealth Rock\n|-activate|p2a: Koraidon|ability: Orichalcum Pulse\n|turn|32\n|inactive|RichardMillePlain has 270 seconds left.\n|\n|t:|1698506296\n|switch|p2a: Great Tusk|Great Tusk|69\/100\n|-activate|p2a: Great Tusk|ability: Protosynthesis\n|-start|p2a: Great Tusk|protosynthesisatk\n|-end|p1a: Flutter Mane|Protosynthesis|[silent]\n|switch|p1a: Skeledirge|Skeledirge, M|76\/100\n|\n|-weather|none\n|-end|p2a: Great Tusk|Protosynthesis\n|upkeep\n|turn|33\n|inactive|RichardMillePlain has 270 seconds left.\n|inactive|SiTuM. has 210 seconds left.\n|inactive|RichardMillePlain has 240 seconds left.\n|inactive|SiTuM. has 180 seconds left.\n|\n|t:|1698506349\n|switch|p1a: Arceus|Arceus-Water|83\/100 psn\n|-damage|p1a: Arceus|71\/100 psn|[from] Stealth Rock\n|move|p2a: Great Tusk|Rapid Spin|p1a: Arceus\n|-damage|p1a: Arceus|61\/100 psn\n|-boost|p2a: Great Tusk|spe|1\n|-sideend|p2: RichardMillePlain|Spikes|[from] move: Rapid Spin|[of] p2a: Great Tusk\n|-sideend|p2: RichardMillePlain|Stealth Rock|[from] move: Rapid Spin|[of] p2a: Great Tusk\n|\n|-damage|p1a: Arceus|49\/100 psn|[from] psn\n|upkeep\n|turn|34\n|\n|t:|1698506355\n|-end|p2a: Great Tusk|Protosynthesis|[silent]\n|switch|p2a: Arceus|Arceus-Fairy|79\/100\n|move|p1a: Arceus|Recover|p1a: Arceus\n|-heal|p1a: Arceus|99\/100 psn\n|\n|-damage|p1a: Arceus|87\/100 psn|[from] psn\n|upkeep\n|turn|35\n|\n|t:|1698506361\n|move|p2a: Arceus|Calm Mind|p2a: Arceus\n|-boost|p2a: Arceus|spa|1\n|-boost|p2a: Arceus|spd|1\n|move|p1a: Arceus|Judgment|p2a: Arceus\n|-damage|p2a: Arceus|57\/100\n|\n|-damage|p1a: Arceus|75\/100 psn|[from] psn\n|upkeep\n|turn|36\n|\n|t:|1698506364\n|switch|p1a: Skeledirge|Skeledirge, M|76\/100\n|move|p2a: Arceus|Recover|p2a: Arceus\n|-heal|p2a: Arceus|100\/100\n|\n|upkeep\n|turn|37\n|\n|t:|1698506367\n|move|p2a: Arceus|Judgment|p1a: Skeledirge\n|-resisted|p1a: Skeledirge\n|-damage|p1a: Skeledirge|49\/100\n|move|p1a: Skeledirge|Torch Song|p2a: Arceus\n|-damage|p2a: Arceus|82\/100\n|-boost|p1a: Skeledirge|spa|1\n|\n|upkeep\n|turn|38\n|\n|t:|1698506377\n|switch|p2a: Great Tusk|Great Tusk|69\/100\n|move|p1a: Skeledirge|Torch Song|p2a: Great Tusk\n|-damage|p2a: Great Tusk|0 fnt\n|-boost|p1a: Skeledirge|spa|1\n|faint|p2a: Great Tusk\n|-end|p2a: Great Tusk|Protosynthesis|[silent]\n|\n|upkeep\n|\n|t:|1698506384\n|switch|p2a: Zacian|Zacian-Crowned, tera:Dark|17\/100\n|turn|39\n|\n|t:|1698506395\n|switch|p1a: Arceus|Arceus-Water|75\/100 psn\n|-damage|p1a: Arceus|62\/100 psn|[from] Stealth Rock\n|move|p2a: Zacian|Crunch|p1a: Arceus\n|-damage|p1a: Arceus|38\/100 psn\n|\n|-damage|p1a: Arceus|25\/100 psn|[from] psn\n|upkeep\n|turn|40\n|\n|t:|1698506401\n|move|p2a: Zacian|Play Rough|p1a: Arceus\n|-damage|p1a: Arceus|1\/100 psn\n|move|p1a: Arceus|Ice Beam|p2a: Zacian\n|-damage|p2a: Zacian|0 fnt\n|faint|p2a: Zacian\n|\n|-damage|p1a: Arceus|0 fnt|[from] psn\n|faint|p1a: Arceus\n|upkeep\n|inactive|SiTuM. has 240 seconds left.\n|\n|t:|1698506409\n|switch|p2a: Arceus|Arceus-Fairy|82\/100\n|switch|p1a: Skeledirge|Skeledirge, M|49\/100\n|turn|41\n|\n|t:|1698506416\n|move|p2a: Arceus|Judgment|p1a: Skeledirge\n|-resisted|p1a: Skeledirge\n|-damage|p1a: Skeledirge|25\/100\n|move|p1a: Skeledirge|Torch Song|p2a: Arceus\n|-damage|p2a: Arceus|63\/100\n|-boost|p1a: Skeledirge|spa|1\n|\n|upkeep\n|turn|42\n|\n|t:|1698506420\n|move|p2a: Arceus|Judgment|p1a: Skeledirge\n|-resisted|p1a: Skeledirge\n|-damage|p1a: Skeledirge|0 fnt\n|faint|p1a: Skeledirge\n|\n|upkeep\n|\n|t:|1698506437\n|switch|p1a: Flutter Mane|Flutter Mane|76\/100\n|-damage|p1a: Flutter Mane|63\/100|[from] Stealth Rock\n|turn|43\n|\n|t:|1698506447\n|-terastallize|p1a: Flutter Mane|Ghost\n|move|p1a: Flutter Mane|Shadow Ball|p2a: Arceus\n|-damage|p2a: Arceus|5\/100\n|-unboost|p2a: Arceus|spd|1\n|move|p2a: Arceus|Judgment|p1a: Flutter Mane\n|-damage|p1a: Flutter Mane|12\/100\n|\n|upkeep\n|turn|44\n|\n|t:|1698506454\n|move|p1a: Flutter Mane|Shadow Ball|p2a: Arceus\n|-damage|p2a: Arceus|0 fnt\n|faint|p2a: Arceus\n|\n|upkeep\n|\n|t:|1698506456\n|switch|p2a: Koraidon|Koraidon|54\/100\n|-weather|SunnyDay|[from] ability: Orichalcum Pulse|[of] p2a: Koraidon\n|-activate|p1a: Flutter Mane|ability: Protosynthesis\n|-start|p1a: Flutter Mane|protosynthesisspe\n|-activate|p2a: Koraidon|Orichalcum Pulse|[source]\n|turn|45\n|c|\u2606SiTuM.|2 chances\n|inactive|SiTuM. has 270 seconds left.\n|c|\u2606SiTuM.|lets get it\n|\n|t:|1698506463\n|move|p1a: Flutter Mane|Shadow Ball|p2a: Koraidon\n|-damage|p2a: Koraidon|0 fnt\n|faint|p2a: Koraidon\n|\n|win|SiTuM.\n|c|\u2606RichardMillePlain|gg\n|c|\u2606SiTuM.|nice\n|c|\u2606SiTuM.|good game\n","uploadtime":1698506465,"views":420,"p1id":"situm","p2id":"richardmilleplain","formatid":"gen9ubers","rating":0,"private":0,"password":""}