{"id":"smogtours-gen9ubers-730330","p1":"I\u2665CATGIRLS","p2":"M Dragon","format":"[Gen 9] Ubers","log":"|inactive|Battle timer is ON: inactive players will automatically lose when time's up.\n|t:|1699819539\n|gametype|singles\n|player|p1|I\u2665CATGIRLS|winona-gen3|\n|player|p2|M Dragon|169|\n|teamsize|p1|6\n|teamsize|p2|6\n|gen|9\n|tier|[Gen 9] Ubers\n|rule|Sleep Clause Mod: Limit one foe put to sleep\n|rule|Species Clause: Limit one of each Pok\u00e9mon\n|rule|OHKO Clause: OHKO moves are banned\n|rule|Evasion Items Clause: Evasion items are banned\n|rule|Evasion Moves Clause: Evasion moves are banned\n|rule|Endless Battle Clause: Forcing endless battles is banned\n|rule|HP Percentage Mod: HP is shown in percentages\n|clearpoke\n|poke|p1|Rayquaza|\n|poke|p1|Arceus|\n|poke|p1|Ribombee, M|\n|poke|p1|Zacian-*|\n|poke|p1|Basculegion, M|\n|poke|p1|Koraidon|\n|poke|p2|Koraidon|\n|poke|p2|Gliscor, F|\n|poke|p2|Miraidon|\n|poke|p2|Ting-Lu|\n|poke|p2|Eternatus|\n|poke|p2|Arceus-Fairy|\n|teampreview\n|inactive|I\u2665CATGIRLS also wants the timer to be on.\n|raw|<div class=\"broadcast-red\"><strong>Moderated chat was set to \u2606!<\/strong><br \/>Only users of rank \u2606 and higher can talk.<\/div>\n|inactive|I\u2665CATGIRLS has 270 seconds left.\n|\n|t:|1699819592\n|start\n|switch|p1a: Ribombee|Ribombee, M|100\/100\n|switch|p2a: Miraidon|Miraidon|100\/100\n|-fieldstart|move: Electric Terrain|[from] ability: Hadron Engine|[of] p2a: Miraidon\n|turn|1\n|inactive|I\u2665CATGIRLS has 270 seconds left.\n|\n|t:|1699819624\n|move|p2a: Miraidon|Electro Drift|p1a: Ribombee\n|-enditem|p1a: Ribombee|Focus Sash\n|-damage|p1a: Ribombee|1\/100\n|-damage|p2a: Miraidon|91\/100|[from] item: Life Orb\n|move|p1a: Ribombee|Sticky Web|p2a: Miraidon\n|-sidestart|p2: M Dragon|move: Sticky Web\n|\n|upkeep\n|turn|2\n|inactive|I\u2665CATGIRLS has 270 seconds left.\n|\n|t:|1699819637\n|move|p2a: Miraidon|Electro Drift|p1a: Ribombee\n|-damage|p1a: Ribombee|0 fnt\n|faint|p1a: Ribombee\n|-damage|p2a: Miraidon|81\/100|[from] item: Life Orb\n|\n|upkeep\n|inactive|I\u2665CATGIRLS has 270 seconds left.\n|inactive|I\u2665CATGIRLS has 240 seconds left.\n|\n|t:|1699819685\n|switch|p1a: Zacian|Zacian-Crowned, shiny|100\/100\n|-ability|p1a: Zacian|Intrepid Sword|boost\n|-boost|p1a: Zacian|atk|1\n|turn|3\n|\n|t:|1699819690\n|-terastallize|p2a: Miraidon|Steel\n|move|p1a: Zacian|Play Rough|p2a: Miraidon\n|-resisted|p2a: Miraidon\n|-damage|p2a: Miraidon|41\/100\n|move|p2a: Miraidon|Electro Drift|p1a: Zacian\n|-damage|p1a: Zacian|0 fnt\n|faint|p1a: Zacian\n|-damage|p2a: Miraidon|31\/100|[from] item: Life Orb\n|\n|upkeep\n|inactive|I\u2665CATGIRLS has 240 seconds left.\n|inactive|I\u2665CATGIRLS has 210 seconds left.\n|inactive|I\u2665CATGIRLS has 180 seconds left.\n|inactive|I\u2665CATGIRLS has 150 seconds left.\n|\n|t:|1699819795\n|switch|p1a: Rayquaza|Rayquaza|100\/100\n|-ability|p1a: Rayquaza|Air Lock\n|turn|4\n|\n|t:|1699819799\n|move|p2a: Miraidon|Electro Drift|p1a: Rayquaza\n|-enditem|p1a: Rayquaza|Focus Sash\n|-damage|p1a: Rayquaza|1\/100\n|-damage|p2a: Miraidon|21\/100|[from] item: Life Orb\n|move|p1a: Rayquaza|Swords Dance|p1a: Rayquaza\n|-boost|p1a: Rayquaza|atk|2\n|\n|upkeep\n|turn|5\n|\n|t:|1699819817\n|move|p1a: Rayquaza|Extreme Speed|p2a: Miraidon\n|-resisted|p2a: Miraidon\n|-damage|p2a: Miraidon|0 fnt\n|faint|p2a: Miraidon\n|\n|-fieldend|move: Electric Terrain\n|upkeep\n|\n|t:|1699819826\n|switch|p2a: Eternatus|Eternatus|100\/100\n|-ability|p2a: Eternatus|Pressure\n|turn|6\n|\n|t:|1699819835\n|move|p1a: Rayquaza|Extreme Speed|p2a: Eternatus\n|-crit|p2a: Eternatus\n|-damage|p2a: Eternatus|21\/100\n|move|p2a: Eternatus|Dynamax Cannon|p1a: Rayquaza\n|-supereffective|p1a: Rayquaza\n|-damage|p1a: Rayquaza|0 fnt\n|faint|p1a: Rayquaza\n|\n|upkeep\n|inactive|I\u2665CATGIRLS has 150 seconds left.\n|\n|t:|1699819876\n|switch|p1a: Arceus|Arceus|100\/100\n|turn|7\n|inactive|M Dragon has 270 seconds left.\n|\n|t:|1699819910\n|move|p1a: Arceus|Extreme Speed|p2a: Eternatus\n|-damage|p2a: Eternatus|0 fnt\n|faint|p2a: Eternatus\n|\n|upkeep\n|inactive|M Dragon has 270 seconds left.\n|inactive|M Dragon has 240 seconds left.\n|\n|t:|1699819972\n|switch|p2a: Koraidon|Koraidon|100\/100\n|-activate|p2a: Koraidon|move: Sticky Web\n|-unboost|p2a: Koraidon|spe|1\n|-weather|SunnyDay|[from] ability: Orichalcum Pulse|[of] p2a: Koraidon\n|-activate|p2a: Koraidon|Orichalcum Pulse|[source]\n|turn|8\n|inactive|I\u2665CATGIRLS has 150 seconds left.\n|inactive|M Dragon has 210 seconds left.\n|inactive|I\u2665CATGIRLS has 120 seconds left.\n|inactive|I\u2665CATGIRLS has 90 seconds left.\n|\n|t:|1699820054\n|move|p1a: Arceus|Extreme Speed|p2a: Koraidon\n|-damage|p2a: Koraidon|66\/100\n|move|p2a: Koraidon|Low Kick|p1a: Arceus\n|-supereffective|p1a: Arceus\n|-damage|p1a: Arceus|0 fnt\n|faint|p1a: Arceus\n|\n|-weather|SunnyDay|[upkeep]\n|upkeep\n|\n|t:|1699820061\n|switch|p1a: Koraidon|Koraidon|100\/100\n|-activate|p1a: Koraidon|ability: Orichalcum Pulse\n|turn|9\n|inactive|I\u2665CATGIRLS has 90 seconds left.\n|\n|t:|1699820070\n|switch|p2a: Arceus|Arceus-Fairy|100\/100\n|-activate|p2a: Arceus|move: Sticky Web\n|-unboost|p2a: Arceus|spe|1\n|-terastallize|p1a: Koraidon|Fairy\n|move|p1a: Koraidon|Swords Dance|p1a: Koraidon\n|-boost|p1a: Koraidon|atk|2\n|\n|-weather|SunnyDay|[upkeep]\n|upkeep\n|turn|10\n|inactive|I\u2665CATGIRLS has 90 seconds left.\n|inactive|I\u2665CATGIRLS has 60 seconds left.\n|inactive|I\u2665CATGIRLS has 30 seconds left.\n|\n|t:|1699820148\n|move|p1a: Koraidon|Swords Dance|p1a: Koraidon\n|-boost|p1a: Koraidon|atk|2\n|move|p2a: Arceus|Judgment|p1a: Koraidon\n|-damage|p1a: Koraidon|50\/100\n|\n|-weather|SunnyDay|[upkeep]\n|upkeep\n|turn|11\n|\n|t:|1699820155\n|move|p1a: Koraidon|Low Kick|p2a: Arceus\n|-resisted|p2a: Arceus\n|-damage|p2a: Arceus|26\/100\n|move|p2a: Arceus|Judgment|p1a: Koraidon\n|-damage|p1a: Koraidon|0 fnt\n|faint|p1a: Koraidon\n|\n|-weather|SunnyDay|[upkeep]\n|upkeep\n|inactive|I\u2665CATGIRLS has 30 seconds left.\n|\n|t:|1699820167\n|switch|p1a: dont run dont trip|Basculegion, M|100\/100\n|turn|12\n|inactive|I\u2665CATGIRLS has 30 seconds left.\n|\n|t:|1699820182\n|move|p1a: dont run dont trip|Last Respects|p2a: Arceus\n|-damage|p2a: Arceus|0 fnt\n|faint|p2a: Arceus\n|\n|-weather|none\n|upkeep\n|inactive|I\u2665CATGIRLS has 30 seconds left this turn.\n|inactive|M Dragon has 240 seconds left.\n|\n|t:|1699820194\n|switch|p2a: Koraidon|Koraidon|66\/100\n|-activate|p2a: Koraidon|move: Sticky Web\n|-unboost|p2a: Koraidon|spe|1\n|-weather|SunnyDay|[from] ability: Orichalcum Pulse|[of] p2a: Koraidon\n|-activate|p2a: Koraidon|Orichalcum Pulse|[source]\n|turn|13\n|\n|t:|1699820202\n|move|p2a: Koraidon|Dragon Claw|p1a: dont run dont trip\n|-damage|p1a: dont run dont trip|26\/100\n|move|p1a: dont run dont trip|Last Respects|p2a: Koraidon\n|-damage|p2a: Koraidon|0 fnt\n|faint|p2a: Koraidon\n|\n|-weather|SunnyDay|[upkeep]\n|upkeep\n|\n|t:|1699820209\n|switch|p2a: Ting-Lu|Ting-Lu|100\/100\n|-activate|p2a: Ting-Lu|move: Sticky Web\n|-unboost|p2a: Ting-Lu|spe|1\n|-ability|p2a: Ting-Lu|Vessel of Ruin\n|turn|14\n|\n|t:|1699820220\n|move|p1a: dont run dont trip|Last Respects|p2a: Ting-Lu\n|-resisted|p2a: Ting-Lu\n|-damage|p2a: Ting-Lu|46\/100\n|move|p2a: Ting-Lu|Earthquake|p1a: dont run dont trip\n|-damage|p1a: dont run dont trip|0 fnt\n|faint|p1a: dont run dont trip\n|\n|win|M Dragon\n|c|\u2606I\u2665CATGIRLS|gg\n|c|\u2606M Dragon|gg\n","uploadtime":1699820222,"views":307,"p1id":"icatgirls","p2id":"mdragon","formatid":"gen9ubers","rating":0,"private":0,"password":""}