{"id":"smogtours-gen9ubers-727728","p1":"Perry","p2":"DeltaWarrior4","format":"[Gen 9] Ubers","log":"|inactive|Battle timer is ON: inactive players will automatically lose when time's up.\n|t:|1698621292\n|gametype|singles\n|player|p1|Perry|#perry|\n|player|p2|DeltaWarrior4|zinnia|\n|teamsize|p1|6\n|teamsize|p2|6\n|gen|9\n|tier|[Gen 9] Ubers\n|rule|Sleep Clause Mod: Limit one foe put to sleep\n|rule|Species Clause: Limit one of each Pok\u00e9mon\n|rule|OHKO Clause: OHKO moves are banned\n|rule|Evasion Items Clause: Evasion items are banned\n|rule|Evasion Moves Clause: Evasion moves are banned\n|rule|Endless Battle Clause: Forcing endless battles is banned\n|rule|HP Percentage Mod: HP is shown in percentages\n|clearpoke\n|poke|p1|Torkoal, F|\n|poke|p1|Hatterene, F|\n|poke|p1|Chi-Yu|\n|poke|p1|Walking Wake|\n|poke|p1|Zacian-*|\n|poke|p1|Arceus-Fire|\n|poke|p2|Pelipper, M|\n|poke|p2|Basculegion-F, F|\n|poke|p2|Magearna|\n|poke|p2|Landorus, M|\n|poke|p2|Gliscor, F|\n|poke|p2|Zacian-*|\n|teampreview\n|c|\u2606DeltaWarrior4|glhf\n|c|\u2606Perry|sameee\n|inactive|Perry has 270 seconds left.\n|\n|t:|1698621339\n|start\n|switch|p1a: Torkoal|Torkoal, F|100\/100\n|switch|p2a: Gliscor|Gliscor, F|100\/100\n|-weather|SunnyDay|[from] ability: Drought|[of] p1a: Torkoal\n|turn|1\n|\n|t:|1698621347\n|move|p2a: Gliscor|Spikes|p1a: Torkoal\n|-sidestart|p1: Perry|Spikes\n|move|p1a: Torkoal|Stealth Rock|p2a: Gliscor\n|-sidestart|p2: DeltaWarrior4|move: Stealth Rock\n|\n|-weather|SunnyDay|[upkeep]\n|-status|p2a: Gliscor|tox|[from] item: Toxic Orb\n|upkeep\n|turn|2\n|\n|t:|1698621376\n|switch|p2a: Pelipper|Pelipper, M|100\/100\n|-damage|p2a: Pelipper|76\/100|[from] Stealth Rock\n|-weather|RainDance|[from] ability: Drizzle|[of] p2a: Pelipper\n|move|p1a: Torkoal|Rapid Spin|p2a: Pelipper\n|-damage|p2a: Pelipper|69\/100\n|-boost|p1a: Torkoal|spe|1\n|-sideend|p1: Perry|Spikes|[from] move: Rapid Spin|[of] p1a: Torkoal\n|\n|-weather|RainDance|[upkeep]\n|upkeep\n|turn|3\n|\n|t:|1698621390\n|switch|p1a: Walking Wake|Walking Wake|100\/100\n|move|p2a: Pelipper|Hydro Pump|p1a: Walking Wake\n|-resisted|p1a: Walking Wake\n|-damage|p1a: Walking Wake|84\/100\n|\n|-weather|RainDance|[upkeep]\n|upkeep\n|turn|4\n|inactive|DeltaWarrior4 has 270 seconds left.\n|\n|t:|1698621417\n|switch|p2a: Zacian|Zacian|100\/100\n|-damage|p2a: Zacian|88\/100|[from] Stealth Rock\n|-ability|p2a: Zacian|Intrepid Sword|boost\n|-boost|p2a: Zacian|atk|1\n|move|p1a: Walking Wake|Hydro Steam|p2a: Zacian\n|-damage|p2a: Zacian|2\/100\n|\n|-weather|RainDance|[upkeep]\n|upkeep\n|turn|5\n|\n|t:|1698621437\n|-end|p1a: Walking Wake|Protosynthesis|[silent]\n|switch|p1a: Arceus|Arceus-Fire|100\/100\n|move|p2a: Zacian|Play Rough|p1a: Arceus\n|-resisted|p1a: Arceus\n|-damage|p1a: Arceus|72\/100\n|-damage|p2a: Zacian|0 fnt|[from] item: Life Orb\n|faint|p2a: Zacian\n|\n|-weather|RainDance|[upkeep]\n|upkeep\n|\n|t:|1698621450\n|switch|p2a: Landorus|Landorus, M|100\/100\n|-damage|p2a: Landorus|88\/100|[from] Stealth Rock\n|turn|6\n|inactive|Perry has 270 seconds left.\n|\n|t:|1698621491\n|switch|p1a: Hatterene|Hatterene, F|100\/100\n|move|p2a: Landorus|Sandsear Storm|p1a: Hatterene\n|-damage|p1a: Hatterene|38\/100\n|\n|-weather|RainDance|[upkeep]\n|upkeep\n|turn|7\n|inactive|DeltaWarrior4 has 270 seconds left.\n|\n|t:|1698621513\n|move|p2a: Landorus|Sandsear Storm|p1a: Hatterene\n|-damage|p1a: Hatterene|0 fnt\n|faint|p1a: Hatterene\n|\n|-weather|RainDance|[upkeep]\n|upkeep\n|\n|t:|1698621518\n|switch|p1a: Walking Wake|Walking Wake|84\/100\n|turn|8\n|inactive|DeltaWarrior4 has 270 seconds left.\n|\n|t:|1698621546\n|switch|p2a: Gliscor|Gliscor, F|100\/100 tox\n|-damage|p2a: Gliscor|88\/100 tox|[from] Stealth Rock\n|move|p1a: Walking Wake|Hydro Steam|p2a: Gliscor\n|-supereffective|p2a: Gliscor\n|-damage|p2a: Gliscor|0 fnt\n|faint|p2a: Gliscor\n|\n|-weather|RainDance|[upkeep]\n|upkeep\n|inactive|DeltaWarrior4 has 240 seconds left.\n|\n|t:|1698621578\n|switch|p2a: Basculegion|Basculegion-F, F|100\/100\n|-damage|p2a: Basculegion|88\/100|[from] Stealth Rock\n|turn|9\n|\n|t:|1698621585\n|move|p2a: Basculegion|Last Respects|p1a: Walking Wake\n|-damage|p1a: Walking Wake|0 fnt\n|faint|p1a: Walking Wake\n|-end|p1a: Walking Wake|Protosynthesis|[silent]\n|\n|-weather|none\n|upkeep\n|\n|t:|1698621590\n|switch|p1a: Chi-Yu|Chi-Yu|100\/100\n|-ability|p1a: Chi-Yu|Beads of Ruin\n|turn|10\n|inactive|DeltaWarrior4 has 240 seconds left.\n|\n|t:|1698621624\n|switch|p1a: Arceus|Arceus-Fire|72\/100\n|switch|p2a: Magearna|Magearna|100\/100\n|-damage|p2a: Magearna|94\/100|[from] Stealth Rock\n|\n|-heal|p2a: Magearna|100\/100|[from] item: Leftovers\n|upkeep\n|turn|11\n|\n|t:|1698621635\n|move|p1a: Arceus|Dragon Dance|p1a: Arceus\n|-boost|p1a: Arceus|atk|1\n|-boost|p1a: Arceus|spe|1\n|move|p2a: Magearna|Shift Gear|p2a: Magearna\n|-boost|p2a: Magearna|spe|2\n|-boost|p2a: Magearna|atk|1\n|\n|upkeep\n|turn|12\n|inactive|DeltaWarrior4 has 210 seconds left.\n|\n|t:|1698621667\n|-terastallize|p2a: Magearna|Fairy\n|move|p1a: Arceus|Dragon Dance|p1a: Arceus\n|-boost|p1a: Arceus|atk|1\n|-boost|p1a: Arceus|spe|1\n|move|p2a: Magearna|Shift Gear|p2a: Magearna\n|-boost|p2a: Magearna|spe|2\n|-boost|p2a: Magearna|atk|1\n|\n|upkeep\n|turn|13\n|inactive|DeltaWarrior4 has 210 seconds left.\n|\n|t:|1698621683\n|move|p1a: Arceus|Flare Blitz|p2a: Magearna\n|-damage|p2a: Magearna|10\/100\n|-damage|p1a: Arceus|47\/100|[from] Recoil\n|move|p2a: Magearna|Shift Gear|p2a: Magearna\n|-boost|p2a: Magearna|spe|2\n|-boost|p2a: Magearna|atk|1\n|\n|-heal|p2a: Magearna|16\/100|[from] item: Leftovers\n|upkeep\n|turn|14\n|\n|t:|1698621690\n|move|p2a: Magearna|Stored Power|p1a: Arceus\n|-damage|p1a: Arceus|8\/100\n|move|p1a: Arceus|Recover|p1a: Arceus\n|-heal|p1a: Arceus|59\/100\n|\n|-heal|p2a: Magearna|23\/100|[from] item: Leftovers\n|upkeep\n|turn|15\n|inactive|DeltaWarrior4 has 210 seconds left.\n|\n|t:|1698621696\n|move|p2a: Magearna|Stored Power|p1a: Arceus\n|-damage|p1a: Arceus|19\/100\n|move|p1a: Arceus|Flare Blitz|p2a: Magearna\n|-damage|p2a: Magearna|0 fnt\n|faint|p2a: Magearna\n|-damage|p1a: Arceus|13\/100|[from] Recoil\n|\n|upkeep\n|inactive|DeltaWarrior4 has 210 seconds left.\n|\n|t:|1698621718\n|switch|p2a: Pelipper|Pelipper, M|69\/100\n|-damage|p2a: Pelipper|44\/100|[from] Stealth Rock\n|-weather|RainDance|[from] ability: Drizzle|[of] p2a: Pelipper\n|turn|16\n|\n|t:|1698621723\n|-terastallize|p1a: Arceus|Dragon\n|move|p1a: Arceus|Recover|p1a: Arceus\n|-heal|p1a: Arceus|63\/100\n|move|p2a: Pelipper|Hydro Pump|p1a: Arceus\n|-resisted|p1a: Arceus\n|-damage|p1a: Arceus|43\/100\n|\n|-weather|RainDance|[upkeep]\n|upkeep\n|turn|17\n|inactive|DeltaWarrior4 has 210 seconds left.\n|\n|t:|1698621729\n|move|p1a: Arceus|Dragon Claw|p2a: Pelipper\n|-damage|p2a: Pelipper|0 fnt\n|faint|p2a: Pelipper\n|\n|-weather|RainDance|[upkeep]\n|upkeep\n|\n|t:|1698621733\n|switch|p2a: Basculegion|Basculegion-F, F|88\/100\n|-damage|p2a: Basculegion|76\/100|[from] Stealth Rock\n|turn|18\n|\n|t:|1698621743\n|move|p1a: Arceus|Dragon Claw|p2a: Basculegion\n|-damage|p2a: Basculegion|0 fnt\n|faint|p2a: Basculegion\n|\n|-weather|RainDance|[upkeep]\n|upkeep\n|\n|t:|1698621747\n|switch|p2a: Landorus|Landorus, M|88\/100\n|-damage|p2a: Landorus|76\/100|[from] Stealth Rock\n|turn|19\n|c|\u2606Perry|gg\n|\n|t:|1698621751\n|move|p1a: Arceus|Dragon Claw|p2a: Landorus\n|-damage|p2a: Landorus|0 fnt\n|faint|p2a: Landorus\n|\n|win|Perry\n","uploadtime":1698621752,"views":8,"p1id":"perry","p2id":"deltawarrior4","formatid":"gen9ubers","rating":0,"private":0,"password":""}