{"id":"smogtours-gen9ubers-730866","p1":"BIHXOU","p2":"2I9 + I23","format":"[Gen 9] Ubers","log":"|inactive|Battle timer is ON: inactive players will automatically lose when time's up.\n|t:|1700177619\n|gametype|singles\n|player|p1|BIHXOU|2|\n|player|p2|2I9 + I23|hilda-masters3|\n|teamsize|p1|6\n|teamsize|p2|6\n|gen|9\n|tier|[Gen 9] Ubers\n|rule|Sleep Clause Mod: Limit one foe put to sleep\n|rule|Species Clause: Limit one of each Pok\u00e9mon\n|rule|OHKO Clause: OHKO moves are banned\n|rule|Evasion Items Clause: Evasion items are banned\n|rule|Evasion Moves Clause: Evasion moves are banned\n|rule|Endless Battle Clause: Forcing endless battles is banned\n|rule|HP Percentage Mod: HP is shown in percentages\n|clearpoke\n|poke|p1|Gliscor, F|\n|poke|p1|Clefable, M|\n|poke|p1|Skeledirge, F|\n|poke|p1|Samurott-Hisui, F|\n|poke|p1|Zamazenta-*|\n|poke|p1|Zapdos|\n|poke|p2|Landorus-Therian, M|\n|poke|p2|Rillaboom, F|\n|poke|p2|Greninja-*, M|\n|poke|p2|Skeledirge, F|\n|poke|p2|Ogerpon-Wellspring, F|\n|poke|p2|Enamorus-Therian, F|\n|teampreview\n|inactive|BIHXOU has 270 seconds left.\n|inactive|2I9 + I23 has 270 seconds left.\n|inactive|BIHXOU has 240 seconds left.\n|inactive|BIHXOU has 210 seconds left.\n|inactive|BIHXOU has 180 seconds left.\n|\n|t:|1700177744\n|start\n|switch|p1a: Clefable|Clefable, M|100\/100\n|switch|p2a: Landorus|Landorus-Therian, M|100\/100\n|-ability|p2a: Landorus|Intimidate|boost\n|-unboost|p1a: Clefable|atk|1\n|turn|1\n|\n|t:|1700177749\n|move|p2a: Landorus|Taunt|p1a: Clefable\n|-start|p1a: Clefable|move: Taunt\n|move|p1a: Clefable|Ice Beam|p2a: Landorus\n|-supereffective|p2a: Landorus\n|-damage|p2a: Landorus|0 fnt\n|faint|p2a: Landorus\n|\n|upkeep\n|\n|t:|1700177779\n|switch|p2a: Rillaboom|Rillaboom, F|100\/100\n|-fieldstart|move: Grassy Terrain|[from] ability: Grassy Surge|[of] p2a: Rillaboom\n|turn|2\n|\n|t:|1700177784\n|switch|p1a: Zapdos|Zapdos|100\/100\n|move|p2a: Rillaboom|Wood Hammer|p1a: Zapdos\n|-resisted|p1a: Zapdos\n|-damage|p1a: Zapdos|46\/100\n|-damage|p2a: Rillaboom|80\/100|[from] Recoil\n|\n|-heal|p2a: Rillaboom|86\/100|[from] Grassy Terrain\n|upkeep\n|turn|3\n|inactive|BIHXOU has 240 seconds left.\n|\n|t:|1700177809\n|move|p1a: Zapdos|Hurricane|p2a: Rillaboom\n|-supereffective|p2a: Rillaboom\n|-damage|p2a: Rillaboom|0 fnt\n|faint|p2a: Rillaboom\n|\n|upkeep\n|\n|t:|1700177812\n|switch|p2a: Ogerpon|Ogerpon-Wellspring, F|100\/100\n|turn|4\n|inactive|BIHXOU has 240 seconds left.\n|\n|t:|1700177840\n|move|p2a: Ogerpon|Ivy Cudgel|p1a: Zapdos\n|-damage|p1a: Zapdos|0 fnt\n|faint|p1a: Zapdos\n|\n|upkeep\n|inactive|BIHXOU has 210 seconds left.\n|inactive|BIHXOU has 180 seconds left.\n|\n|t:|1700177918\n|switch|p1a: Gliscor|Gliscor, F|100\/100\n|turn|5\n|\n|t:|1700177932\n|-terastallize|p1a: Gliscor|Dragon\n|move|p2a: Ogerpon|Swords Dance|p2a: Ogerpon\n|-boost|p2a: Ogerpon|atk|2\n|move|p1a: Gliscor|Swords Dance|p1a: Gliscor\n|-boost|p1a: Gliscor|atk|2\n|\n|-status|p1a: Gliscor|tox|[from] item: Toxic Orb\n|upkeep\n|turn|6\n|\n|t:|1700177940\n|move|p1a: Gliscor|Protect|p1a: Gliscor\n|-singleturn|p1a: Gliscor|Protect\n|move|p2a: Ogerpon|Encore|p1a: Gliscor\n|-activate|p1a: Gliscor|move: Protect\n|\n|-fieldend|move: Grassy Terrain\n|upkeep\n|turn|7\n|inactive|2I9 + I23 has 270 seconds left.\n|inactive|BIHXOU has 150 seconds left.\n|\n|t:|1700177996\n|switch|p1a: Skeledirge|Skeledirge, F|100\/100\n|move|p2a: Ogerpon|Encore||[still]\n|-fail|p2a: Ogerpon\n|\n|upkeep\n|turn|8\n|inactive|2I9 + I23 has 240 seconds left.\n|inactive|BIHXOU has 120 seconds left.\n|\n|t:|1700178040\n|switch|p1a: Gliscor|Gliscor, F, tera:Dragon|100\/100 tox\n|move|p2a: Ogerpon|Ivy Cudgel|p1a: Gliscor\n|-resisted|p1a: Gliscor\n|-crit|p1a: Gliscor\n|-damage|p1a: Gliscor|29\/100 tox\n|\n|-heal|p1a: Gliscor|42\/100 tox|[from] ability: Poison Heal\n|upkeep\n|turn|9\n|inactive|BIHXOU has 120 seconds left.\n|\n|t:|1700178063\n|move|p1a: Gliscor|Protect|p1a: Gliscor\n|-singleturn|p1a: Gliscor|Protect\n|move|p2a: Ogerpon|Trailblaze|p1a: Gliscor\n|-activate|p1a: Gliscor|move: Protect\n|\n|-heal|p1a: Gliscor|54\/100 tox|[from] ability: Poison Heal\n|upkeep\n|turn|10\n|inactive|2I9 + I23 has 240 seconds left.\n|inactive|BIHXOU has 90 seconds left.\n|inactive|2I9 + I23 has 210 seconds left.\n|inactive|BIHXOU has 60 seconds left.\n|\n|t:|1700178125\n|move|p2a: Ogerpon|Trailblaze|p1a: Gliscor\n|-resisted|p1a: Gliscor\n|-damage|p1a: Gliscor|31\/100 tox\n|-boost|p2a: Ogerpon|spe|1\n|move|p1a: Gliscor|Facade|p2a: Ogerpon\n|-damage|p2a: Ogerpon|62\/100\n|\n|-heal|p1a: Gliscor|43\/100 tox|[from] ability: Poison Heal\n|upkeep\n|turn|11\n|inactive|BIHXOU has 60 seconds left.\n|inactive|2I9 + I23 has 210 seconds left.\n|inactive|BIHXOU has 30 seconds left.\n|inactive|BIHXOU has 20 seconds left.\n|\n|t:|1700178172\n|move|p2a: Ogerpon|Ivy Cudgel|p1a: Gliscor\n|-resisted|p1a: Gliscor\n|-damage|p1a: Gliscor|0 fnt\n|faint|p1a: Gliscor\n|\n|upkeep\n|inactive|BIHXOU has 25 seconds left this turn.\n|\n|t:|1700178175\n|switch|p1a: Zamazenta|Zamazenta|100\/100\n|-ability|p1a: Zamazenta|Dauntless Shield|boost\n|-boost|p1a: Zamazenta|def|1\n|turn|12\n|\n|t:|1700178185\n|move|p2a: Ogerpon|Ivy Cudgel|p1a: Zamazenta\n|-damage|p1a: Zamazenta|24\/100\n|move|p1a: Zamazenta|Close Combat|p2a: Ogerpon\n|-damage|p2a: Ogerpon|0 fnt\n|-unboost|p1a: Zamazenta|def|1\n|-unboost|p1a: Zamazenta|spd|1\n|faint|p2a: Ogerpon\n|\n|upkeep\n|\n|t:|1700178191\n|switch|p2a: Enamorus|Enamorus-Therian, F|100\/100\n|turn|13\n|\n|t:|1700178207\n|switch|p1a: Clefable|Clefable, M|100\/100\n|move|p2a: Enamorus|Calm Mind|p2a: Enamorus\n|-boost|p2a: Enamorus|spa|1\n|-boost|p2a: Enamorus|spd|1\n|\n|upkeep\n|turn|14\n|inactive|BIHXOU has 30 seconds left.\n|inactive|2I9 + I23 has 210 seconds left.\n|\n|t:|1700178232\n|switch|p1a: Samurott|Samurott-Hisui, F|100\/100\n|-terastallize|p2a: Enamorus|Poison\n|move|p2a: Enamorus|Moonblast|p1a: Samurott\n|-supereffective|p1a: Samurott\n|-damage|p1a: Samurott|0 fnt\n|faint|p1a: Samurott\n|\n|upkeep\n|inactive|BIHXOU has 30 seconds left.\n|\n|t:|1700178245\n|switch|p1a: Skeledirge|Skeledirge, F|100\/100\n|turn|15\n|inactive|BIHXOU has 30 seconds left.\n|\n|t:|1700178253\n|move|p1a: Skeledirge|Torch Song|p2a: Enamorus\n|-damage|p2a: Enamorus|69\/100\n|-boost|p1a: Skeledirge|spa|1\n|move|p2a: Enamorus|Earth Power|p1a: Skeledirge\n|-supereffective|p1a: Skeledirge\n|-damage|p1a: Skeledirge|45\/100\n|\n|upkeep\n|turn|16\n|\n|t:|1700178262\n|move|p1a: Skeledirge|Torch Song|p2a: Enamorus\n|-damage|p2a: Enamorus|23\/100\n|-boost|p1a: Skeledirge|spa|1\n|move|p2a: Enamorus|Earth Power|p1a: Skeledirge\n|-supereffective|p1a: Skeledirge\n|-damage|p1a: Skeledirge|0 fnt\n|faint|p1a: Skeledirge\n|\n|upkeep\n|\n|t:|1700178266\n|switch|p1a: Zamazenta|Zamazenta|24\/100\n|turn|17\n|\n|t:|1700178270\n|move|p1a: Zamazenta|Heavy Slam|p2a: Enamorus\n|-damage|p2a: Enamorus|0 fnt\n|faint|p2a: Enamorus\n|\n|upkeep\n|\n|t:|1700178272\n|switch|p2a: Greninja|Greninja, M|100\/100\n|turn|18\n|inactive|BIHXOU has 60 seconds left.\n|\n|t:|1700178283\n|move|p2a: Greninja|Hydro Pump|p1a: Zamazenta|[miss]\n|-miss|p2a: Greninja|p1a: Zamazenta\n|move|p1a: Zamazenta|Close Combat|p2a: Greninja\n|-supereffective|p2a: Greninja\n|-damage|p2a: Greninja|0 fnt\n|-unboost|p1a: Zamazenta|def|1\n|-unboost|p1a: Zamazenta|spd|1\n|faint|p2a: Greninja\n|\n|upkeep\n|\n|t:|1700178290\n|switch|p2a: Skeledirge|Skeledirge, F|100\/100\n|turn|19\n|inactive|BIHXOU has 60 seconds left.\n|\n|t:|1700178302\n|switch|p1a: Clefable|Clefable, M|100\/100\n|move|p2a: Skeledirge|Torch Song|p1a: Clefable\n|-damage|p1a: Clefable|75\/100\n|-boost|p2a: Skeledirge|spa|1\n|\n|-heal|p1a: Clefable|81\/100|[from] item: Leftovers\n|upkeep\n|turn|20\n|inactive|BIHXOU has 60 seconds left.\n|\n|t:|1700178320\n|move|p2a: Skeledirge|Torch Song|p1a: Clefable\n|-damage|p1a: Clefable|36\/100\n|-boost|p2a: Skeledirge|spa|1\n|move|p1a: Clefable|Ice Beam|p2a: Skeledirge\n|-resisted|p2a: Skeledirge\n|-damage|p2a: Skeledirge|90\/100\n|\n|-heal|p1a: Clefable|42\/100|[from] item: Leftovers\n|upkeep\n|turn|21\n|\n|t:|1700178324\n|move|p2a: Skeledirge|Torch Song|p1a: Clefable\n|-damage|p1a: Clefable|0 fnt\n|-boost|p2a: Skeledirge|spa|1\n|faint|p1a: Clefable\n|\n|upkeep\n|\n|t:|1700178328\n|switch|p1a: Zamazenta|Zamazenta|24\/100\n|turn|22\n|\n|t:|1700178331\n|move|p1a: Zamazenta|Stone Edge|p2a: Skeledirge\n|-supereffective|p2a: Skeledirge\n|-damage|p2a: Skeledirge|41\/100\n|move|p2a: Skeledirge|Hex|p1a: Zamazenta\n|-damage|p1a: Zamazenta|0 fnt\n|faint|p1a: Zamazenta\n|\n|win|2I9 + I23\n|c|\u2606BIHXOU|gg\n","uploadtime":1700178332,"views":98,"p1id":"bihxou","p2id":"2i9i23","formatid":"gen9ubers","rating":0,"private":0,"password":""}