{"id":"smogtours-gen9ubers-731117","p1":"TPMicciu","p2":"Slikkles&NWL","format":"[Gen 9] Ubers","log":"|inactive|Battle timer is ON: inactive players will automatically lose when time's up.\n|t:|1700320188\n|gametype|singles\n|player|p1|TPMicciu|#pmpliidachsbuns|\n|player|p2|Slikkles&NWL|kindler-gen6|\n|teamsize|p1|6\n|teamsize|p2|6\n|gen|9\n|tier|[Gen 9] Ubers\n|rule|Sleep Clause Mod: Limit one foe put to sleep\n|rule|Species Clause: Limit one of each Pok\u00e9mon\n|rule|OHKO Clause: OHKO moves are banned\n|rule|Evasion Items Clause: Evasion items are banned\n|rule|Evasion Moves Clause: Evasion moves are banned\n|rule|Endless Battle Clause: Forcing endless battles is banned\n|rule|HP Percentage Mod: HP is shown in percentages\n|clearpoke\n|poke|p1|Dragapult, F|\n|poke|p1|Gholdengo|\n|poke|p1|Iron Valiant|\n|poke|p1|Gliscor, F|\n|poke|p1|Volcanion|\n|poke|p1|Ting-Lu|\n|poke|p2|Clefable, F|\n|poke|p2|Gliscor, F|\n|poke|p2|Milotic, F|\n|poke|p2|Mandibuzz, F|\n|poke|p2|Skeledirge, M|\n|poke|p2|Dragapult, F|\n|teampreview\n|c|\u2606TPMicciu|hf\n|c|\u2606Slikkles&NWL|hf\n|c|\u2606Slikkles&NWL|hf\n|inactive|TPMicciu has 270 seconds left.\n|inactive|Slikkles&NWL has 270 seconds left.\n|inactive|TPMicciu has 240 seconds left.\n|inactive|Slikkles&NWL has 240 seconds left.\n|inactive|TPMicciu has 210 seconds left.\n|inactive|Slikkles&NWL has 210 seconds left.\n|inactive|TPMicciu has 180 seconds left.\n|inactive|TPMicciu has 150 seconds left.\n|inactive|TPMicciu has 120 seconds left.\n|\n|t:|1700320372\n|start\n|switch|p1a: Volcanion|Volcanion|100\/100\n|switch|p2a: Gliscor|Gliscor, F|100\/100\n|turn|1\n|inactive|TPMicciu has 180 seconds left.\n|inactive|TPMicciu has 150 seconds left.\n|\n|t:|1700320422\n|switch|p1a: Iron Valiant|Iron Valiant|100\/100\n|move|p2a: Gliscor|Protect||[still]\n|-fail|p2a: Gliscor\n|\n|-status|p2a: Gliscor|tox|[from] item: Toxic Orb\n|upkeep\n|turn|2\n|inactive|Slikkles&NWL has 240 seconds left.\n|\n|t:|1700320465\n|switch|p2a: Clefable|Clefable, F|100\/100\n|move|p1a: Iron Valiant|Moonblast|p2a: Clefable\n|-damage|p2a: Clefable|59\/100\n|-unboost|p2a: Clefable|spa|1\n|\n|-heal|p2a: Clefable|65\/100|[from] item: Leftovers\n|upkeep\n|turn|3\n|inactive|TPMicciu has 120 seconds left.\n|inactive|Slikkles&NWL has 210 seconds left.\n|\n|t:|1700320508\n|-end|p1a: Iron Valiant|Quark Drive|[silent]\n|switch|p1a: Gholdengo|Gholdengo|100\/100\n|move|p2a: Clefable|Moonlight|p2a: Clefable\n|-heal|p2a: Clefable|100\/100\n|\n|upkeep\n|turn|4\n|inactive|Slikkles&NWL has 180 seconds left.\n|\n|t:|1700320531\n|switch|p2a: Mandibuzz|Mandibuzz, F|100\/100\n|move|p1a: Gholdengo|Trick|p2a: Mandibuzz\n|-activate|p1a: Gholdengo|move: Trick|[of] p2a: Mandibuzz\n|-item|p2a: Mandibuzz|Choice Scarf|[from] move: Trick\n|-item|p1a: Gholdengo|Heavy-Duty Boots|[from] move: Trick\n|\n|upkeep\n|turn|5\n|inactive|TPMicciu has 90 seconds left.\n|\n|t:|1700320565\n|switch|p1a: Ting-Lu|Ting-Lu|100\/100\n|-ability|p1a: Ting-Lu|Vessel of Ruin\n|move|p2a: Mandibuzz|Knock Off|p1a: Ting-Lu\n|-resisted|p1a: Ting-Lu\n|-damage|p1a: Ting-Lu|94\/100\n|-enditem|p1a: Ting-Lu|Leftovers|[from] move: Knock Off|[of] p2a: Mandibuzz\n|\n|upkeep\n|turn|6\n|inactive|Slikkles&NWL has 180 seconds left.\n|\n|t:|1700320586\n|switch|p2a: Gliscor|Gliscor, F|100\/100 tox\n|move|p1a: Ting-Lu|Stealth Rock|p2a: Gliscor\n|-sidestart|p2: Slikkles&NWL|move: Stealth Rock\n|\n|upkeep\n|turn|7\n|inactive|TPMicciu has 90 seconds left.\n|inactive|TPMicciu has 60 seconds left.\n|inactive|TPMicciu has 30 seconds left.\n|\n|t:|1700320656\n|switch|p1a: Gholdengo|Gholdengo|100\/100\n|move|p2a: Gliscor|Spikes|p1a: Gholdengo\n|-sidestart|p1: TPMicciu|Spikes\n|\n|upkeep\n|turn|8\n|\n|t:|1700320664\n|switch|p2a: Milotic|Milotic, F|100\/100\n|move|p1a: Gholdengo|Nasty Plot|p1a: Gholdengo\n|-boost|p1a: Gholdengo|spa|2\n|\n|upkeep\n|turn|9\n|inactive|TPMicciu has 30 seconds left.\n|inactive|Slikkles&NWL has 180 seconds left.\n|\n|t:|1700320694\n|switch|p1a: Dragapult|Dragapult, F|100\/100\n|move|p2a: Milotic|Haze|p2a: Milotic\n|-clearallboost\n|\n|upkeep\n|turn|10\n|inactive|TPMicciu has 30 seconds left.\n|inactive|Slikkles&NWL has 180 seconds left.\n|\n|t:|1700320702\n|switch|p2a: Clefable|Clefable, F|100\/100\n|move|p1a: Dragapult|Thunder Wave|p2a: Clefable\n|-status|p2a: Clefable|par\n|\n|upkeep\n|turn|11\n|inactive|Slikkles&NWL has 180 seconds left.\n|\n|t:|1700320734\n|switch|p1a: Gholdengo|Gholdengo|100\/100\n|cant|p2a: Clefable|par\n|\n|upkeep\n|turn|12\n|inactive|TPMicciu has 30 seconds left.\n|\n|t:|1700320752\n|switch|p1a: Gliscor|Gliscor, F|100\/100\n|switch|p2a: Milotic|Milotic, F|100\/100\n|\n|-status|p1a: Gliscor|tox|[from] item: Toxic Orb\n|upkeep\n|turn|13\n|inactive|TPMicciu has 30 seconds left.\n|\n|t:|1700320763\n|switch|p2a: Gliscor|Gliscor, F|100\/100 tox\n|-damage|p2a: Gliscor|88\/100 tox|[from] Stealth Rock\n|move|p1a: Gliscor|Toxic|p2a: Gliscor\n|-fail|p2a: Gliscor|tox\n|\n|-heal|p2a: Gliscor|100\/100 tox|[from] ability: Poison Heal\n|upkeep\n|turn|14\n|inactive|TPMicciu has 30 seconds left.\n|inactive|TPMicciu has 20 seconds left.\n|inactive|TPMicciu has 15 seconds left.\n|\n|t:|1700320791\n|move|p2a: Gliscor|Spikes|p1a: Gliscor\n|-sidestart|p1: TPMicciu|Spikes\n|move|p1a: Gliscor|Spikes|p2a: Gliscor\n|-sidestart|p2: Slikkles&NWL|Spikes\n|\n|upkeep\n|turn|15\n|inactive|TPMicciu has 25 seconds left this turn.\n|\n|t:|1700320793\n|move|p2a: Gliscor|Spikes|p1a: Gliscor\n|-sidestart|p1: TPMicciu|Spikes\n|move|p1a: Gliscor|Spikes|p2a: Gliscor\n|-sidestart|p2: Slikkles&NWL|Spikes\n|\n|upkeep\n|turn|16\n|inactive|Slikkles&NWL has 180 seconds left.\n|\n|t:|1700320805\n|switch|p2a: Clefable|Clefable, F|100\/100 par\n|move|p1a: Gliscor|Spikes|p2a: Clefable\n|-sidestart|p2: Slikkles&NWL|Spikes\n|\n|upkeep\n|turn|17\n|\n|t:|1700320811\n|switch|p1a: Gholdengo|Gholdengo|100\/100\n|move|p2a: Clefable|Stealth Rock|p1a: Gholdengo\n|-sidestart|p1: TPMicciu|move: Stealth Rock\n|\n|upkeep\n|turn|18\n|\n|t:|1700320825\n|switch|p2a: Milotic|Milotic, F|100\/100\n|move|p1a: Gholdengo|Shadow Ball|p2a: Milotic\n|-damage|p2a: Milotic|78\/100\n|-unboost|p2a: Milotic|spd|1\n|\n|upkeep\n|turn|19\n|c|\u2606Slikkles&NWL|test\n|inactive|Slikkles&NWL has 180 seconds left.\n|inactive|Slikkles&NWL has 150 seconds left.\n|\n|t:|1700320907\n|switch|p1a: Volcanion|Volcanion|100\/100\n|move|p2a: Milotic|Haze|p2a: Milotic\n|-clearallboost\n|\n|upkeep\n|turn|20\n|\n|t:|1700320925\n|move|p1a: Volcanion|Fire Spin|p2a: Milotic|[miss]\n|-miss|p1a: Volcanion|p2a: Milotic\n|move|p2a: Milotic|Mirror Coat||[still]\n|-fail|p2a: Milotic\n|\n|upkeep\n|turn|21\n|inactive|Slikkles&NWL has 120 seconds left.\n|inactive|TPMicciu has 30 seconds left.\n|\n|t:|1700320957\n|switch|p2a: Dragapult|Dragapult, F|100\/100\n|move|p1a: Volcanion|Fire Spin|p2a: Dragapult\n|-resisted|p2a: Dragapult\n|-damage|p2a: Dragapult|89\/100\n|-activate|p2a: Dragapult|move: Fire Spin|[of] p1a: Volcanion\n|\n|-damage|p2a: Dragapult|77\/100|[from] move: Fire Spin|[partiallytrapped]\n|upkeep\n|turn|22\n|inactive|TPMicciu has 30 seconds left.\n|inactive|TPMicciu has 20 seconds left.\n|\n|t:|1700320974\n|switch|p1a: Gliscor|Gliscor, F|100\/100 tox\n|-damage|p1a: Gliscor|88\/100 tox|[from] Stealth Rock\n|move|p2a: Dragapult|Draco Meteor|p1a: Gliscor|[miss]\n|-miss|p2a: Dragapult|p1a: Gliscor\n|\n|-heal|p1a: Gliscor|100\/100 tox|[from] ability: Poison Heal\n|-end|p2a: Dragapult|Fire Spin|[partiallytrapped]|[silent]\n|upkeep\n|turn|23\n|inactive|TPMicciu has 30 seconds left this turn.\n|inactive|TPMicciu has 20 seconds left.\n|\n|t:|1700320996\n|move|p2a: Dragapult|U-turn|p1a: Gliscor\n|-resisted|p1a: Gliscor\n|-damage|p1a: Gliscor|94\/100 tox\n|inactive|TPMicciu has 25 seconds left this turn.\n|\n|t:|1700321000\n|switch|p2a: Gliscor|Gliscor, F|100\/100 tox|[from] U-turn\n|-damage|p2a: Gliscor|88\/100 tox|[from] Stealth Rock\n|move|p1a: Gliscor|Earthquake|p2a: Gliscor\n|-immune|p2a: Gliscor\n|\n|-heal|p2a: Gliscor|100\/100 tox|[from] ability: Poison Heal\n|-heal|p1a: Gliscor|100\/100 tox|[from] ability: Poison Heal\n|upkeep\n|turn|24\n|inactive|TPMicciu has 30 seconds left.\n|\n|t:|1700321006\n|move|p2a: Gliscor|Earthquake|p1a: Gliscor\n|-immune|p1a: Gliscor\n|move|p1a: Gliscor|Spikes||[still]\n|-fail|p1a: Gliscor\n|\n|upkeep\n|turn|25\n|\n|t:|1700321011\n|move|p2a: Gliscor|Spikes||[still]\n|-fail|p2a: Gliscor\n|move|p1a: Gliscor|Spikes||[still]\n|-fail|p1a: Gliscor\n|\n|upkeep\n|turn|26\n|inactive|Slikkles&NWL has 120 seconds left.\n|\n|t:|1700321026\n|switch|p2a: Clefable|Clefable, F|100\/100 par\n|move|p1a: Gliscor|Spikes||[still]\n|-fail|p1a: Gliscor\n|\n|upkeep\n|turn|27\n|inactive|Slikkles&NWL has 120 seconds left.\n|\n|t:|1700321042\n|switch|p1a: Gholdengo|Gholdengo|100\/100\n|switch|p2a: Gliscor|Gliscor, F|100\/100 tox\n|-damage|p2a: Gliscor|88\/100 tox|[from] Stealth Rock\n|\n|-heal|p2a: Gliscor|100\/100 tox|[from] ability: Poison Heal\n|upkeep\n|turn|28\n|inactive|Slikkles&NWL has 120 seconds left.\n|\n|t:|1700321058\n|switch|p1a: Gliscor|Gliscor, F|100\/100 tox\n|-damage|p1a: Gliscor|88\/100 tox|[from] Stealth Rock\n|switch|p2a: Milotic|Milotic, F|78\/100\n|\n|-heal|p1a: Gliscor|100\/100 tox|[from] ability: Poison Heal\n|upkeep\n|turn|29\n|\n|t:|1700321065\n|switch|p2a: Gliscor|Gliscor, F|100\/100 tox\n|-damage|p2a: Gliscor|88\/100 tox|[from] Stealth Rock\n|switch|p1a: Volcanion|Volcanion|100\/100\n|\n|-heal|p2a: Gliscor|100\/100 tox|[from] ability: Poison Heal\n|upkeep\n|turn|30\n|inactive|Slikkles&NWL has 120 seconds left.\n|\n|t:|1700321092\n|switch|p1a: Gliscor|Gliscor, F|100\/100 tox\n|-damage|p1a: Gliscor|88\/100 tox|[from] Stealth Rock\n|move|p2a: Gliscor|Protect||[still]\n|-fail|p2a: Gliscor\n|\n|-heal|p1a: Gliscor|100\/100 tox|[from] ability: Poison Heal\n|upkeep\n|turn|31\n|\n|t:|1700321100\n|switch|p2a: Clefable|Clefable, F|100\/100 par\n|move|p1a: Gliscor|Spikes||[still]\n|-fail|p1a: Gliscor\n|\n|upkeep\n|turn|32\n|\n|t:|1700321123\n|move|p1a: Gliscor|Earthquake|p2a: Clefable\n|-damage|p2a: Clefable|74\/100 par\n|move|p2a: Clefable|Moonblast|p1a: Gliscor\n|-damage|p1a: Gliscor|72\/100 tox\n|\n|-heal|p2a: Clefable|80\/100 par|[from] item: Leftovers\n|-heal|p1a: Gliscor|84\/100 tox|[from] ability: Poison Heal\n|upkeep\n|turn|33\n|inactive|TPMicciu has 60 seconds left.\n|\n|t:|1700321144\n|switch|p2a: Gliscor|Gliscor, F|100\/100 tox\n|-damage|p2a: Gliscor|88\/100 tox|[from] Stealth Rock\n|move|p1a: Gliscor|Earthquake|p2a: Gliscor\n|-immune|p2a: Gliscor\n|\n|-heal|p2a: Gliscor|100\/100 tox|[from] ability: Poison Heal\n|-heal|p1a: Gliscor|97\/100 tox|[from] ability: Poison Heal\n|upkeep\n|turn|34\n|inactive|TPMicciu has 60 seconds left.\n|\n|t:|1700321157\n|move|p2a: Gliscor|Toxic|p1a: Gliscor\n|-fail|p1a: Gliscor|tox\n|move|p1a: Gliscor|Spikes||[still]\n|-fail|p1a: Gliscor\n|\n|-heal|p1a: Gliscor|100\/100 tox|[from] ability: Poison Heal\n|upkeep\n|turn|35\n|\n|t:|1700321164\n|switch|p2a: Clefable|Clefable, F|80\/100 par\n|move|p1a: Gliscor|Spikes||[still]\n|-fail|p1a: Gliscor\n|\n|-heal|p2a: Clefable|86\/100 par|[from] item: Leftovers\n|upkeep\n|turn|36\n|\n|t:|1700321166\n|switch|p1a: Gholdengo|Gholdengo|100\/100\n|switch|p2a: Gliscor|Gliscor, F|100\/100 tox\n|-damage|p2a: Gliscor|88\/100 tox|[from] Stealth Rock\n|\n|-heal|p2a: Gliscor|100\/100 tox|[from] ability: Poison Heal\n|upkeep\n|turn|37\n|inactive|Slikkles&NWL has 120 seconds left.\n|inactive|TPMicciu has 60 seconds left.\n|\n|t:|1700321196\n|move|p1a: Gholdengo|Nasty Plot|p1a: Gholdengo\n|-boost|p1a: Gholdengo|spa|2\n|move|p2a: Gliscor|Earthquake|p1a: Gholdengo\n|-supereffective|p1a: Gholdengo\n|-damage|p1a: Gholdengo|26\/100\n|\n|upkeep\n|turn|38\n|inactive|TPMicciu has 60 seconds left.\n|inactive|Slikkles&NWL has 120 seconds left.\n|inactive|TPMicciu has 30 seconds left.\n|inactive|TPMicciu has 20 seconds left.\n|inactive|TPMicciu has 15 seconds left.\n|inactive|TPMicciu has 10 seconds left.\n|\n|t:|1700321261\n|switch|p2a: Mandibuzz|Mandibuzz, F|100\/100\n|-damage|p2a: Mandibuzz|76\/100|[from] Stealth Rock\n|-terastallize|p1a: Gholdengo|Ghost\n|move|p1a: Gholdengo|Shadow Ball|p2a: Mandibuzz\n|-resisted|p2a: Mandibuzz\n|-damage|p2a: Mandibuzz|25\/100\n|\n|upkeep\n|turn|39\n|inactive|TPMicciu has 20 seconds left this turn.\n|inactive|TPMicciu has 15 seconds left.\n|inactive|TPMicciu has 10 seconds left.\n|\n|t:|1700321271\n|switch|p1a: Ting-Lu|Ting-Lu|94\/100\n|-damage|p1a: Ting-Lu|70\/100|[from] Spikes\n|-damage|p1a: Ting-Lu|63\/100|[from] Stealth Rock\n|-ability|p1a: Ting-Lu|Vessel of Ruin\n|move|p2a: Mandibuzz|Knock Off|p1a: Ting-Lu\n|-resisted|p1a: Ting-Lu\n|-damage|p1a: Ting-Lu|59\/100\n|\n|upkeep\n|turn|40\n|inactive|TPMicciu has 20 seconds left this turn.\n|inactive|TPMicciu has 15 seconds left.\n|\n|t:|1700321277\n|move|p2a: Mandibuzz|Knock Off|p1a: Ting-Lu\n|-resisted|p1a: Ting-Lu\n|-damage|p1a: Ting-Lu|55\/100\n|move|p1a: Ting-Lu|Whirlwind|p2a: Mandibuzz\n|drag|p2a: Gliscor|Gliscor, F|100\/100 tox\n|-damage|p2a: Gliscor|88\/100 tox|[from] Stealth Rock\n|\n|-heal|p2a: Gliscor|100\/100 tox|[from] ability: Poison Heal\n|upkeep\n|turn|41\n|inactive|TPMicciu has 25 seconds left this turn.\n|\n|t:|1700321282\n|switch|p1a: Gliscor|Gliscor, F|100\/100 tox\n|-damage|p1a: Gliscor|88\/100 tox|[from] Stealth Rock\n|move|p2a: Gliscor|Earthquake|p1a: Gliscor\n|-immune|p1a: Gliscor\n|\n|-heal|p1a: Gliscor|100\/100 tox|[from] ability: Poison Heal\n|upkeep\n|turn|42\n|inactive|TPMicciu has 30 seconds left.\n|inactive|Slikkles&NWL has 120 seconds left.\n|\n|t:|1700321307\n|switch|p2a: Clefable|Clefable, F|86\/100 par\n|move|p1a: Gliscor|Spikes||[still]\n|-fail|p1a: Gliscor\n|\n|-heal|p2a: Clefable|92\/100 par|[from] item: Leftovers\n|upkeep\n|turn|43\n|\n|t:|1700321316\n|switch|p2a: Gliscor|Gliscor, F|100\/100 tox\n|-damage|p2a: Gliscor|88\/100 tox|[from] Stealth Rock\n|move|p1a: Gliscor|Earthquake|p2a: Gliscor\n|-immune|p2a: Gliscor\n|\n|-heal|p2a: Gliscor|100\/100 tox|[from] ability: Poison Heal\n|upkeep\n|turn|44\n|\n|t:|1700321319\n|move|p2a: Gliscor|Spikes||[still]\n|-fail|p2a: Gliscor\n|move|p1a: Gliscor|Spikes||[still]\n|-fail|p1a: Gliscor\n|\n|upkeep\n|turn|45\n|inactive|Slikkles&NWL has 120 seconds left.\n|\n|t:|1700321351\n|move|p2a: Gliscor|Spikes||[still]\n|-fail|p2a: Gliscor\n|move|p1a: Gliscor|Spikes||[still]\n|-fail|p1a: Gliscor\n|\n|upkeep\n|turn|46\n|inactive|TPMicciu has 60 seconds left.\n|\n|t:|1700321366\n|switch|p2a: Clefable|Clefable, F|92\/100 par\n|switch|p1a: Volcanion|Volcanion|100\/100\n|\n|-heal|p2a: Clefable|98\/100 par|[from] item: Leftovers\n|upkeep\n|turn|47\n|inactive|Slikkles&NWL has 90 seconds left.\n|\n|t:|1700321398\n|move|p1a: Volcanion|Steam Eruption|p2a: Clefable\n|-damage|p2a: Clefable|48\/100 par\n|move|p2a: Clefable|Encore|p1a: Volcanion\n|-start|p1a: Volcanion|Encore\n|\n|-heal|p2a: Clefable|54\/100 par|[from] item: Leftovers\n|upkeep\n|turn|48\n|inactive|TPMicciu has 60 seconds left.\n|\n|t:|1700321413\n|switch|p2a: Milotic|Milotic, F|78\/100\n|move|p1a: Volcanion|Steam Eruption|p2a: Milotic\n|-resisted|p2a: Milotic\n|-damage|p2a: Milotic|61\/100\n|-status|p2a: Milotic|brn\n|\n|-damage|p2a: Milotic|55\/100 brn|[from] brn\n|upkeep\n|turn|49\n|inactive|TPMicciu has 60 seconds left.\n|\n|t:|1700321440\n|switch|p1a: Iron Valiant|Iron Valiant|100\/100\n|move|p2a: Milotic|Recover|p2a: Milotic\n|-heal|p2a: Milotic|100\/100 brn\n|\n|-damage|p2a: Milotic|94\/100 brn|[from] brn\n|upkeep\n|turn|50\n|inactive|Slikkles&NWL has 90 seconds left.\n|\n|t:|1700321493\n|switch|p2a: Gliscor|Gliscor, F|100\/100 tox\n|-damage|p2a: Gliscor|88\/100 tox|[from] Stealth Rock\n|move|p1a: Iron Valiant|Knock Off|p2a: Gliscor\n|-damage|p2a: Gliscor|68\/100 tox\n|-enditem|p2a: Gliscor|Toxic Orb|[from] move: Knock Off|[of] p1a: Iron Valiant\n|\n|-heal|p2a: Gliscor|80\/100 tox|[from] ability: Poison Heal\n|upkeep\n|turn|51\n|inactive|TPMicciu has 60 seconds left.\n|\n|t:|1700321514\n|move|p1a: Iron Valiant|Moonblast|p2a: Gliscor\n|-damage|p2a: Gliscor|33\/100 tox\n|move|p2a: Gliscor|Toxic|p1a: Iron Valiant|[miss]\n|-miss|p2a: Gliscor|p1a: Iron Valiant\n|\n|-heal|p2a: Gliscor|45\/100 tox|[from] ability: Poison Heal\n|upkeep\n|turn|52\n|c|\u2606Slikkles&NWL|rohlala\n|c|\u2606TPMicciu|le miss fire spin\n|c|\u2606Slikkles&NWL|true\n|c|\u2606TPMicciu|empeche ke trap milo\n|inactive|TPMicciu has 30 seconds left.\n|c|\u2606Slikkles&NWL|on est a \u00e9galit\u00e9\n|\n|t:|1700321549\n|move|p2a: Gliscor|Protect|p2a: Gliscor\n|-singleturn|p2a: Gliscor|Protect\n|move|p1a: Iron Valiant|Moonblast|p2a: Gliscor\n|-activate|p2a: Gliscor|move: Protect\n|\n|-heal|p2a: Gliscor|58\/100 tox|[from] ability: Poison Heal\n|upkeep\n|turn|53\n|\n|t:|1700321555\n|switch|p2a: Mandibuzz|Mandibuzz, F|25\/100\n|-damage|p2a: Mandibuzz|0 fnt|[from] Stealth Rock\n|faint|p2a: Mandibuzz\n|move|p1a: Iron Valiant|Moonblast|p2: Mandibuzz|[notarget]\n|-fail|p1a: Iron Valiant\n|\n|upkeep\n|inactive|Slikkles&NWL has 60 seconds left.\n|\n|t:|1700321598\n|switch|p2a: Gliscor|Gliscor, F|58\/100 tox\n|-damage|p2a: Gliscor|45\/100 tox|[from] Stealth Rock\n|turn|54\n|\n|t:|1700321615\n|-end|p1a: Iron Valiant|Quark Drive|[silent]\n|switch|p1a: Volcanion|Volcanion|100\/100\n|move|p2a: Gliscor|Protect||[still]\n|-fail|p2a: Gliscor\n|\n|-heal|p2a: Gliscor|58\/100 tox|[from] ability: Poison Heal\n|upkeep\n|turn|55\n|inactive|TPMicciu has 30 seconds left.\n|\n|t:|1700321634\n|switch|p1a: Dragapult|Dragapult, F|100\/100\n|move|p2a: Gliscor|Protect||[still]\n|-fail|p2a: Gliscor\n|\n|-heal|p2a: Gliscor|70\/100 tox|[from] ability: Poison Heal\n|upkeep\n|turn|56\n|inactive|Slikkles&NWL has 60 seconds left.\n|\n|t:|1700321655\n|move|p1a: Dragapult|Hex|p2a: Gliscor\n|-damage|p2a: Gliscor|16\/100 tox\n|move|p2a: Gliscor|Toxic|p1a: Dragapult\n|-status|p1a: Dragapult|tox\n|\n|-damage|p1a: Dragapult|95\/100 tox|[from] psn\n|-heal|p2a: Gliscor|28\/100 tox|[from] ability: Poison Heal\n|upkeep\n|turn|57\n|\n|t:|1700321664\n|move|p2a: Gliscor|Protect|p2a: Gliscor\n|-singleturn|p2a: Gliscor|Protect\n|move|p1a: Dragapult|Hex|p2a: Gliscor\n|-activate|p2a: Gliscor|move: Protect\n|\n|-damage|p1a: Dragapult|83\/100 tox|[from] psn\n|-heal|p2a: Gliscor|41\/100 tox|[from] ability: Poison Heal\n|upkeep\n|turn|58\n|inactive|Slikkles&NWL has 60 seconds left.\n|\n|t:|1700321683\n|switch|p1a: Iron Valiant|Iron Valiant|100\/100\n|switch|p2a: Milotic|Milotic, F|94\/100 brn\n|\n|-damage|p2a: Milotic|88\/100 brn|[from] brn\n|upkeep\n|turn|59\n|\n|t:|1700321702\n|move|p1a: Iron Valiant|Knock Off|p2a: Milotic\n|-damage|p2a: Milotic|68\/100 brn\n|-enditem|p2a: Milotic|Heavy-Duty Boots|[from] move: Knock Off|[of] p1a: Iron Valiant\n|move|p2a: Milotic|Scald|p1a: Iron Valiant\n|-damage|p1a: Iron Valiant|48\/100\n|-status|p1a: Iron Valiant|brn\n|\n|-damage|p1a: Iron Valiant|42\/100 brn|[from] brn\n|-damage|p2a: Milotic|62\/100 brn|[from] brn\n|upkeep\n|turn|60\n|inactive|TPMicciu has 30 seconds left.\n|inactive|TPMicciu has 20 seconds left.\n|\n|t:|1700321731\n|-end|p1a: Iron Valiant|Quark Drive|[silent]\n|switch|p1a: Volcanion|Volcanion|100\/100\n|move|p2a: Milotic|Recover|p2a: Milotic\n|-heal|p2a: Milotic|100\/100 brn\n|\n|-damage|p2a: Milotic|94\/100 brn|[from] brn\n|upkeep\n|turn|61\n|inactive|TPMicciu has 30 seconds left this turn.\n|inactive|TPMicciu has 20 seconds left.\n|inactive|TPMicciu has 15 seconds left.\n|\n|t:|1700321757\n|move|p1a: Volcanion|Fire Spin|p2a: Milotic|[miss]\n|-miss|p1a: Volcanion|p2a: Milotic\n|move|p2a: Milotic|Mirror Coat||[still]\n|-fail|p2a: Milotic\n|\n|-damage|p2a: Milotic|88\/100 brn|[from] brn\n|upkeep\n|turn|62\n|inactive|TPMicciu has 25 seconds left this turn.\n|inactive|TPMicciu has 20 seconds left.\n|\n|t:|1700321763\n|move|p1a: Volcanion|Fire Spin|p2a: Milotic\n|-resisted|p2a: Milotic\n|-damage|p2a: Milotic|83\/100 brn\n|-activate|p2a: Milotic|move: Fire Spin|[of] p1a: Volcanion\n|move|p2a: Milotic|Mirror Coat|p1a: Volcanion\n|-damage|p1a: Volcanion|88\/100\n|\n|-damage|p2a: Milotic|77\/100 brn|[from] brn\n|-damage|p2a: Milotic|64\/100 brn|[from] move: Fire Spin|[partiallytrapped]\n|upkeep\n|turn|63\n|inactive|TPMicciu has 30 seconds left this turn.\n|\n|t:|1700321768\n|move|p1a: Volcanion|Taunt|p2a: Milotic\n|-start|p2a: Milotic|move: Taunt\n|move|p2a: Milotic|Mirror Coat||[still]\n|-fail|p2a: Milotic\n|\n|-damage|p2a: Milotic|58\/100 brn|[from] brn\n|-damage|p2a: Milotic|46\/100 brn|[from] move: Fire Spin|[partiallytrapped]\n|upkeep\n|turn|64\n|\n|t:|1700321774\n|move|p1a: Volcanion|Taunt||[still]\n|-fail|p1a: Volcanion\n|move|p2a: Milotic|Mirror Coat||[still]\n|-fail|p2a: Milotic\n|\n|-damage|p2a: Milotic|40\/100 brn|[from] brn\n|-damage|p2a: Milotic|27\/100 brn|[from] move: Fire Spin|[partiallytrapped]\n|upkeep\n|turn|65\n|\n|t:|1700321777\n|move|p1a: Volcanion|Taunt||[still]\n|-fail|p1a: Volcanion\n|move|p2a: Milotic|Mirror Coat||[still]\n|-fail|p2a: Milotic\n|\n|-damage|p2a: Milotic|21\/100 brn|[from] brn\n|-damage|p2a: Milotic|9\/100 brn|[from] move: Fire Spin|[partiallytrapped]\n|-end|p2a: Milotic|move: Taunt\n|upkeep\n|turn|66\n|\n|t:|1700321780\n|move|p1a: Volcanion|Taunt|p2a: Milotic\n|-start|p2a: Milotic|move: Taunt\n|move|p2a: Milotic|Mirror Coat||[still]\n|-fail|p2a: Milotic\n|\n|-damage|p2a: Milotic|3\/100 brn|[from] brn\n|-end|p2a: Milotic|Fire Spin|[partiallytrapped]\n|upkeep\n|turn|67\n|inactive|TPMicciu has 60 seconds left.\n|\n|t:|1700321786\n|move|p1a: Volcanion|Flamethrower|p2a: Milotic\n|-resisted|p2a: Milotic\n|-damage|p2a: Milotic|0 fnt\n|faint|p2a: Milotic\n|\n|upkeep\n|\n|t:|1700321788\n|switch|p2a: Dragapult|Dragapult, F|77\/100\n|turn|68\n|inactive|TPMicciu has 60 seconds left.\n|\n|t:|1700321807\n|switch|p1a: Ting-Lu|Ting-Lu|55\/100\n|-damage|p1a: Ting-Lu|30\/100|[from] Spikes\n|-damage|p1a: Ting-Lu|24\/100|[from] Stealth Rock\n|-ability|p1a: Ting-Lu|Vessel of Ruin\n|-terastallize|p2a: Dragapult|Dragon\n|move|p2a: Dragapult|Draco Meteor|p1a: Ting-Lu|[miss]\n|-miss|p2a: Dragapult|p1a: Ting-Lu\n|\n|upkeep\n|turn|69\n|\n|t:|1700321813\n|move|p2a: Dragapult|Draco Meteor|p1a: Ting-Lu\n|-damage|p1a: Ting-Lu|0 fnt\n|-unboost|p2a: Dragapult|spa|2\n|faint|p1a: Ting-Lu\n|\n|upkeep\n|\n|t:|1700321828\n|switch|p1a: Iron Valiant|Iron Valiant|42\/100 brn\n|turn|70\n|inactive|TPMicciu has 60 seconds left.\n|inactive|Slikkles&NWL has 90 seconds left.\n|inactive|Slikkles&NWL has 60 seconds left.\n|\n|t:|1700321886\n|move|p2a: Dragapult|Hex|p1a: Iron Valiant\n|-damage|p1a: Iron Valiant|0 fnt\n|faint|p1a: Iron Valiant\n|-end|p1a: Iron Valiant|Quark Drive|[silent]\n|\n|upkeep\n|inactive|TPMicciu has 30 seconds left.\n|\n|t:|1700321915\n|switch|p1a: Volcanion|Volcanion|88\/100\n|turn|71\n|inactive|TPMicciu has 30 seconds left.\n|inactive|Slikkles&NWL has 60 seconds left.\n|\n|t:|1700321934\n|move|p2a: Dragapult|U-turn|p1a: Volcanion\n|-resisted|p1a: Volcanion\n|-damage|p1a: Volcanion|81\/100\n|\n|t:|1700321936\n|switch|p2a: Clefable|Clefable, F|54\/100 par|[from] U-turn\n|move|p1a: Volcanion|Steam Eruption|p2a: Clefable\n|-damage|p2a: Clefable|2\/100 par\n|\n|-heal|p2a: Clefable|8\/100 par|[from] item: Leftovers\n|upkeep\n|turn|72\n|\n|t:|1700321946\n|move|p1a: Volcanion|Flamethrower|p2a: Clefable\n|-damage|p2a: Clefable|0 fnt\n|faint|p2a: Clefable\n|\n|upkeep\n|\n|t:|1700321949\n|switch|p2a: Dragapult|Dragapult, F, tera:Dragon|77\/100\n|turn|73\n|\n|t:|1700321988\n|switch|p1a: Gholdengo|Gholdengo, tera:Ghost|26\/100\n|move|p2a: Dragapult|Hex|p1a: Gholdengo\n|-supereffective|p1a: Gholdengo\n|-damage|p1a: Gholdengo|0 fnt\n|faint|p1a: Gholdengo\n|\n|upkeep\n|inactive|TPMicciu has 30 seconds left.\n|inactive|TPMicciu has 20 seconds left.\n|\n|t:|1700322012\n|switch|p1a: Dragapult|Dragapult, F|83\/100 tox\n|turn|74\n|inactive|TPMicciu has 30 seconds left this turn.\n|inactive|Slikkles&NWL has 60 seconds left.\n|\n|t:|1700322047\n|switch|p2a: Skeledirge|Skeledirge, M|100\/100\n|move|p1a: Dragapult|Draco Meteor|p2a: Skeledirge\n|-damage|p2a: Skeledirge|52\/100\n|-unboost|p1a: Dragapult|spa|2\n|\n|-damage|p1a: Dragapult|77\/100 tox|[from] psn\n|upkeep\n|turn|75\n|\n|t:|1700322055\n|switch|p1a: Volcanion|Volcanion|81\/100\n|move|p2a: Skeledirge|Slack Off|p2a: Skeledirge\n|-heal|p2a: Skeledirge|100\/100\n|\n|upkeep\n|turn|76\n|inactive|Slikkles&NWL has 60 seconds left.\n|inactive|TPMicciu has 30 seconds left.\n|\n|t:|1700322077\n|switch|p2a: Dragapult|Dragapult, F, tera:Dragon|77\/100\n|move|p1a: Volcanion|Steam Eruption|p2a: Dragapult\n|-resisted|p2a: Dragapult\n|-damage|p2a: Dragapult|35\/100\n|\n|upkeep\n|turn|77\n|inactive|TPMicciu has 30 seconds left.\n|inactive|Slikkles&NWL has 60 seconds left.\n|inactive|TPMicciu has 20 seconds left.\n|inactive|TPMicciu has 15 seconds left.\n|inactive|TPMicciu has 10 seconds left.\n|\n|t:|1700322103\n|switch|p1a: Gliscor|Gliscor, F|100\/100 tox\n|-damage|p1a: Gliscor|88\/100 tox|[from] Stealth Rock\n|move|p2a: Dragapult|Draco Meteor|p1a: Gliscor\n|-damage|p1a: Gliscor|23\/100 tox\n|-unboost|p2a: Dragapult|spa|2\n|\n|-heal|p1a: Gliscor|35\/100 tox|[from] ability: Poison Heal\n|upkeep\n|turn|78\n|inactive|TPMicciu has 20 seconds left this turn.\n|inactive|TPMicciu has 15 seconds left.\n|inactive|TPMicciu has 10 seconds left.\n|inactive|Slikkles&NWL has 60 seconds left.\n|inactive|TPMicciu has 5 seconds left.\n|\n|t:|1700322118\n|switch|p1a: Volcanion|Volcanion|81\/100\n|move|p2a: Dragapult|U-turn|p1a: Volcanion\n|-resisted|p1a: Volcanion\n|-damage|p1a: Volcanion|74\/100\n|inactive|TPMicciu has 10 seconds left this turn.\n|\n|t:|1700322132\n|switch|p2a: Gliscor|Gliscor, F|41\/100 tox|[from] U-turn\n|-damage|p2a: Gliscor|28\/100 tox|[from] Stealth Rock\n|\n|-heal|p2a: Gliscor|41\/100 tox|[from] ability: Poison Heal\n|upkeep\n|turn|79\n|inactive|TPMicciu has 20 seconds left this turn.\n|inactive|Slikkles&NWL has 30 seconds left.\n|\n|t:|1700322164\n|move|p2a: Gliscor|Earthquake|p1a: Volcanion\n|-supereffective|p1a: Volcanion\n|-damage|p1a: Volcanion|20\/100\n|move|p1a: Volcanion|Steam Eruption|p2a: Gliscor\n|-supereffective|p2a: Gliscor\n|-damage|p2a: Gliscor|0 fnt\n|faint|p2a: Gliscor\n|\n|upkeep\n|inactive|TPMicciu has 25 seconds left this turn.\n|\n|t:|1700322168\n|switch|p2a: Dragapult|Dragapult, F, tera:Dragon|35\/100\n|turn|80\n|inactive|TPMicciu has 30 seconds left.\n|inactive|TPMicciu has 20 seconds left.\n|\n|t:|1700322183\n|switch|p1a: Gliscor|Gliscor, F|35\/100 tox\n|-damage|p1a: Gliscor|23\/100 tox|[from] Stealth Rock\n|move|p2a: Dragapult|Hex|p1a: Gliscor\n|-damage|p1a: Gliscor|0 fnt\n|faint|p1a: Gliscor\n|\n|upkeep\n|inactive|TPMicciu has 25 seconds left this turn.\n|\n|t:|1700322186\n|switch|p1a: Dragapult|Dragapult, F|77\/100 tox\n|turn|81\n|inactive|TPMicciu has 30 seconds left.\n|\n|t:|1700322198\n|switch|p2a: Skeledirge|Skeledirge, M|100\/100\n|move|p1a: Dragapult|Draco Meteor|p2a: Skeledirge\n|-damage|p2a: Skeledirge|49\/100\n|-unboost|p1a: Dragapult|spa|2\n|\n|-damage|p1a: Dragapult|71\/100 tox|[from] psn\n|upkeep\n|turn|82\n|\n|t:|1700322203\n|move|p1a: Dragapult|Draco Meteor|p2a: Skeledirge\n|-damage|p2a: Skeledirge|5\/100\n|-unboost|p1a: Dragapult|spa|2\n|move|p2a: Skeledirge|Slack Off|p2a: Skeledirge\n|-heal|p2a: Skeledirge|55\/100\n|\n|-damage|p1a: Dragapult|59\/100 tox|[from] psn\n|upkeep\n|turn|83\n|inactive|Slikkles&NWL has 60 seconds left.\n|\n|t:|1700322209\n|switch|p1a: Volcanion|Volcanion|20\/100\n|move|p2a: Skeledirge|Hex|p1a: Volcanion\n|-damage|p1a: Volcanion|0 fnt\n|faint|p1a: Volcanion\n|\n|upkeep\n|\n|t:|1700322214\n|switch|p1a: Dragapult|Dragapult, F|59\/100 tox\n|turn|84\n|\n|t:|1700322216\n|move|p1a: Dragapult|Draco Meteor|p2a: Skeledirge\n|-damage|p2a: Skeledirge|7\/100\n|-unboost|p1a: Dragapult|spa|2\n|move|p2a: Skeledirge|Hex|p1a: Dragapult\n|-supereffective|p1a: Dragapult\n|-damage|p1a: Dragapult|0 fnt\n|faint|p1a: Dragapult\n|\n|win|Slikkles&NWL\n|c|\u2606Slikkles&NWL|gg\n|c|\u2606TPMicciu|gg\n","uploadtime":1700322217,"views":47,"p1id":"tpmicciu","p2id":"slikklesnwl","formatid":"gen9ubers","rating":0,"private":0,"password":""}