{"id":"smogtours-gen9ubers-732764","p1":"I\u2661GENSHINGIRLS","p2":"Fc \u2764","format":"[Gen 9] Ubers","log":"|inactive|Battle timer is ON: inactive players will automatically lose when time's up.\n|t:|1701029007\n|gametype|singles\n|player|p1|I\u2661GENSHINGIRLS|#gondra|\n|player|p2|Fc \u2764|#omplxisolgaleos|\n|teamsize|p1|6\n|teamsize|p2|6\n|gen|9\n|tier|[Gen 9] Ubers\n|rule|Sleep Clause Mod: Limit one foe put to sleep\n|rule|Species Clause: Limit one of each Pok\u00e9mon\n|rule|OHKO Clause: OHKO moves are banned\n|rule|Evasion Items Clause: Evasion items are banned\n|rule|Evasion Moves Clause: Evasion moves are banned\n|rule|Endless Battle Clause: Forcing endless battles is banned\n|rule|HP Percentage Mod: HP is shown in percentages\n|clearpoke\n|poke|p1|Zamazenta-*|\n|poke|p1|Koraidon|\n|poke|p1|Arceus-Ground|\n|poke|p1|Landorus-Therian, M|\n|poke|p1|Kyogre|\n|poke|p1|Zacian-*|\n|poke|p2|Gliscor, F|\n|poke|p2|Zacian-*|\n|poke|p2|Arceus-Ground|\n|poke|p2|Miraidon|\n|poke|p2|Koraidon|\n|poke|p2|Giratina-Origin|\n|teampreview\n|raw|<div class=\"broadcast-red\"><strong>Moderated chat was set to \u2606!<\/strong><br \/>Only users of rank \u2606 and higher can talk.<\/div>\n|c|\u2606Fc \u2764|hf\n|c|\u2606I\u2661GENSHINGIRLS|u2\n|inactive|I\u2661GENSHINGIRLS has 270 seconds left.\n|inactive|Fc \u2764 has 270 seconds left.\n|inactive|I\u2661GENSHINGIRLS has 240 seconds left.\n|inactive|Fc \u2764 has 240 seconds left.\n|inactive|I\u2661GENSHINGIRLS has 210 seconds left.\n|inactive|I\u2661GENSHINGIRLS has 180 seconds left.\n|inactive|I\u2661GENSHINGIRLS has 150 seconds left.\n|\n|t:|1701029184\n|start\n|switch|p1a: Landorus|Landorus-Therian, M|100\/100\n|switch|p2a: Miraidon|Miraidon|100\/100\n|-fieldstart|move: Electric Terrain|[from] ability: Hadron Engine|[of] p2a: Miraidon\n|-ability|p1a: Landorus|Intimidate|boost\n|-unboost|p2a: Miraidon|atk|1\n|turn|1\n|inactive|I\u2661GENSHINGIRLS has 180 seconds left.\n|inactive|I\u2661GENSHINGIRLS has 150 seconds left.\n|inactive|Fc \u2764 has 270 seconds left.\n|\n|t:|1701029238\n|move|p2a: Miraidon|Draco Meteor|p1a: Landorus\n|-damage|p1a: Landorus|6\/100\n|-unboost|p2a: Miraidon|spa|2\n|move|p1a: Landorus|U-turn|p2a: Miraidon\n|-damage|p2a: Miraidon|79\/100\n|\n|t:|1701029247\n|switch|p1a: Zacian Waifu|Zacian-Crowned|100\/100|[from] U-turn\n|-ability|p1a: Zacian Waifu|Intrepid Sword|boost\n|-boost|p1a: Zacian Waifu|atk|1\n|\n|upkeep\n|turn|2\n|inactive|I\u2661GENSHINGIRLS has 150 seconds left.\n|\n|t:|1701029260\n|switch|p2a: Gliscor|Gliscor, F|100\/100\n|move|p1a: Zacian Waifu|Swords Dance|p1a: Zacian Waifu\n|-boost|p1a: Zacian Waifu|atk|2\n|\n|-status|p2a: Gliscor|tox|[from] item: Toxic Orb\n|upkeep\n|turn|3\n|inactive|I\u2661GENSHINGIRLS has 150 seconds left.\n|inactive|I\u2661GENSHINGIRLS has 120 seconds left.\n|\n|t:|1701029303\n|move|p1a: Zacian Waifu|Behemoth Blade|p2a: Gliscor\n|-damage|p2a: Gliscor|0 fnt\n|faint|p2a: Gliscor\n|\n|upkeep\n|inactive|Fc \u2764 has 270 seconds left.\n|\n|t:|1701029351\n|switch|p2a: Koraidon|Koraidon|100\/100\n|-weather|SunnyDay|[from] ability: Orichalcum Pulse|[of] p2a: Koraidon\n|-activate|p2a: Koraidon|Orichalcum Pulse|[source]\n|turn|4\n|inactive|I\u2661GENSHINGIRLS has 120 seconds left.\n|inactive|I\u2661GENSHINGIRLS has 90 seconds left.\n|\n|t:|1701029418\n|switch|p1a: Kyogre|Kyogre|100\/100\n|-weather|RainDance|[from] ability: Drizzle|[of] p1a: Kyogre\n|move|p2a: Koraidon|Flare Blitz|p1a: Kyogre\n|-resisted|p1a: Kyogre\n|-damage|p1a: Kyogre|91\/100\n|-damage|p2a: Koraidon|97\/100|[from] Recoil\n|\n|-weather|RainDance|[upkeep]\n|upkeep\n|turn|5\n|inactive|Fc \u2764 has 240 seconds left.\n|inactive|I\u2661GENSHINGIRLS has 60 seconds left.\n|\n|t:|1701029450\n|switch|p2a: Miraidon|Miraidon|79\/100\n|-activate|p2a: Miraidon|ability: Hadron Engine\n|move|p1a: Kyogre|Calm Mind|p1a: Kyogre\n|-boost|p1a: Kyogre|spa|1\n|-boost|p1a: Kyogre|spd|1\n|\n|-weather|RainDance|[upkeep]\n|-fieldend|move: Electric Terrain\n|upkeep\n|turn|6\n|\n|t:|1701029458\n|switch|p1a: Landorus|Landorus-Therian, M|6\/100\n|-ability|p1a: Landorus|Intimidate|boost\n|-unboost|p2a: Miraidon|atk|1\n|move|p2a: Miraidon|Electro Drift|p1a: Landorus\n|-immune|p1a: Landorus\n|\n|-weather|RainDance|[upkeep]\n|upkeep\n|turn|7\n|inactive|Fc \u2764 has 240 seconds left.\n|\n|t:|1701029463\n|switch|p1a: Zacian Waifu|Zacian-Crowned|100\/100\n|move|p2a: Miraidon|Draco Meteor|p1a: Zacian Waifu\n|-immune|p1a: Zacian Waifu\n|\n|-weather|RainDance|[upkeep]\n|upkeep\n|turn|8\n|inactive|Fc \u2764 has 240 seconds left.\n|\n|t:|1701029480\n|switch|p2a: Arceus|Arceus-Ground|100\/100\n|move|p1a: Zacian Waifu|Swords Dance|p1a: Zacian Waifu\n|-boost|p1a: Zacian Waifu|atk|2\n|\n|-weather|none\n|upkeep\n|turn|9\n|\n|t:|1701029491\n|-terastallize|p1a: Zacian Waifu|Flying\n|move|p1a: Zacian Waifu|Behemoth Blade|p2a: Arceus\n|-crit|p2a: Arceus\n|-damage|p2a: Arceus|13\/100\n|move|p2a: Arceus|Judgment|p1a: Zacian Waifu\n|-immune|p1a: Zacian Waifu\n|\n|upkeep\n|turn|10\n|inactive|Fc \u2764 has 240 seconds left.\n|inactive|Fc \u2764 has 210 seconds left.\n|\n|t:|1701029546\n|move|p1a: Zacian Waifu|Behemoth Blade|p2a: Arceus\n|-damage|p2a: Arceus|0 fnt\n|faint|p2a: Arceus\n|\n|upkeep\n|inactive|Fc \u2764 has 180 seconds left.\n|inactive|Fc \u2764 has 150 seconds left.\n|inactive|Fc \u2764 has 120 seconds left.\n|inactive|Fc \u2764 has 90 seconds left.\n|inactive|Fc \u2764 has 60 seconds left.\n|\n|t:|1701029697\n|switch|p2a: Zacian|Zacian-Crowned|100\/100\n|-ability|p2a: Zacian|Intrepid Sword|boost\n|-boost|p2a: Zacian|atk|1\n|turn|11\n|inactive|Fc \u2764 has 60 seconds left.\n|inactive|I\u2661GENSHINGIRLS has 60 seconds left.\n|inactive|I\u2661GENSHINGIRLS has 30 seconds left.\n|\n|t:|1701029754\n|-terastallize|p2a: Zacian|Steel\n|move|p1a: Zacian Waifu|Close Combat|p2a: Zacian\n|-supereffective|p2a: Zacian\n|-damage|p2a: Zacian|0 fnt\n|-unboost|p1a: Zacian Waifu|def|1\n|-unboost|p1a: Zacian Waifu|spd|1\n|faint|p2a: Zacian\n|\n|upkeep\n|inactive|Fc \u2764 has 60 seconds left.\n|\n|t:|1701029761\n|switch|p2a: Koraidon|Koraidon|97\/100\n|-weather|SunnyDay|[from] ability: Orichalcum Pulse|[of] p2a: Koraidon\n|-activate|p2a: Koraidon|Orichalcum Pulse|[source]\n|turn|12\n|inactive|Fc \u2764 has 60 seconds left.\n|\n|t:|1701029775\n|switch|p1a: Landorus|Landorus-Therian, M|6\/100\n|-ability|p1a: Landorus|Intimidate|boost\n|-unboost|p2a: Koraidon|atk|1\n|move|p2a: Koraidon|U-turn|p1a: Landorus\n|-resisted|p1a: Landorus\n|-damage|p1a: Landorus|0 fnt\n|-damage|p2a: Koraidon|81\/100|[from] item: Rocky Helmet|[of] p1a: Landorus\n|faint|p1a: Landorus\n|\n|t:|1701029778\n|switch|p2a: Giratina|Giratina-Origin, shiny|100\/100|[from] U-turn\n|\n|-weather|SunnyDay|[upkeep]\n|upkeep\n|inactive|I\u2661GENSHINGIRLS has 30 seconds left.\n|\n|t:|1701029801\n|switch|p1a: Koraidon|Koraidon|100\/100\n|-activate|p1a: Koraidon|ability: Orichalcum Pulse\n|turn|13\n|inactive|Fc \u2764 has 60 seconds left.\n|\n|t:|1701029822\n|move|p1a: Koraidon|Scale Shot|p2a: Giratina\n|-supereffective|p2a: Giratina\n|-damage|p2a: Giratina|80\/100\n|-supereffective|p2a: Giratina\n|-damage|p2a: Giratina|60\/100\n|-supereffective|p2a: Giratina\n|-damage|p2a: Giratina|41\/100\n|-supereffective|p2a: Giratina\n|-damage|p2a: Giratina|21\/100\n|-hitcount|p2a: Giratina|4\n|-unboost|p1a: Koraidon|def|1\n|-boost|p1a: Koraidon|spe|1\n|move|p2a: Giratina|Dragon Tail|p1a: Koraidon\n|-supereffective|p1a: Koraidon\n|-damage|p1a: Koraidon|4\/100\n|drag|p1a: Arceus|Arceus-Ground|100\/100\n|\n|-weather|SunnyDay|[upkeep]\n|upkeep\n|turn|14\n|inactive|Fc \u2764 has 60 seconds left.\n|inactive|I\u2661GENSHINGIRLS has 30 seconds left.\n|inactive|I\u2661GENSHINGIRLS has 20 seconds left.\n|inactive|I\u2661GENSHINGIRLS has 15 seconds left.\n|inactive|I\u2661GENSHINGIRLS has 10 seconds left.\n|inactive|Fc \u2764 has 30 seconds left.\n|\n|t:|1701029880\n|switch|p1a: Koraidon|Koraidon|4\/100\n|-activate|p1a: Koraidon|ability: Orichalcum Pulse\n|move|p2a: Giratina|Shadow Sneak|p1a: Koraidon\n|-crit|p1a: Koraidon\n|-damage|p1a: Koraidon|0 fnt\n|faint|p1a: Koraidon\n|\n|-weather|SunnyDay|[upkeep]\n|upkeep\n|inactive|I\u2661GENSHINGIRLS has 15 seconds left this turn.\n|\n|t:|1701029884\n|switch|p1a: Zacian Waifu|Zacian-Crowned, tera:Flying|100\/100\n|turn|15\n|inactive|I\u2661GENSHINGIRLS has 25 seconds left this turn.\n|inactive|I\u2661GENSHINGIRLS has 20 seconds left.\n|\n|t:|1701029891\n|move|p2a: Giratina|Shadow Sneak|p1a: Zacian Waifu\n|-damage|p1a: Zacian Waifu|79\/100\n|move|p1a: Zacian Waifu|Play Rough|p2a: Giratina\n|-supereffective|p2a: Giratina\n|-crit|p2a: Giratina\n|-damage|p2a: Giratina|0 fnt\n|faint|p2a: Giratina\n|\n|-weather|SunnyDay|[upkeep]\n|upkeep\n|inactive|I\u2661GENSHINGIRLS has 25 seconds left this turn.\n|\n|t:|1701029899\n|switch|p2a: Koraidon|Koraidon|81\/100\n|-activate|p2a: Koraidon|ability: Orichalcum Pulse\n|turn|16\n|inactive|I\u2661GENSHINGIRLS has 30 seconds left.\n|\n|t:|1701029918\n|switch|p1a: Zamazenta|Zamazenta-Crowned|100\/100\n|-ability|p1a: Zamazenta|Dauntless Shield|boost\n|-boost|p1a: Zamazenta|def|1\n|move|p2a: Koraidon|Flare Blitz|p1a: Zamazenta\n|-supereffective|p1a: Zamazenta\n|-damage|p1a: Zamazenta|33\/100\n|-damage|p2a: Koraidon|55\/100|[from] Recoil\n|\n|-weather|none\n|upkeep\n|turn|17\n|\n|t:|1701029927\n|switch|p2a: Miraidon|Miraidon|79\/100\n|-fieldstart|move: Electric Terrain|[from] ability: Hadron Engine|[of] p2a: Miraidon\n|switch|p1a: Kyogre|Kyogre|91\/100\n|-weather|RainDance|[from] ability: Drizzle|[of] p1a: Kyogre\n|\n|-weather|RainDance|[upkeep]\n|upkeep\n|turn|18\n|\n|t:|1701029933\n|switch|p1a: Zamazenta|Zamazenta-Crowned|33\/100\n|move|p2a: Miraidon|Draco Meteor|p1a: Zamazenta\n|-resisted|p1a: Zamazenta\n|-damage|p1a: Zamazenta|5\/100\n|-unboost|p2a: Miraidon|spa|2\n|\n|-weather|RainDance|[upkeep]\n|upkeep\n|turn|19\n|\n|t:|1701029945\n|move|p2a: Miraidon|U-turn|p1a: Zamazenta\n|-resisted|p1a: Zamazenta\n|-damage|p1a: Zamazenta|3\/100\n|\n|t:|1701029946\n|switch|p2a: Koraidon|Koraidon|55\/100|[from] U-turn\n|-weather|SunnyDay|[from] ability: Orichalcum Pulse|[of] p2a: Koraidon\n|-activate|p2a: Koraidon|Orichalcum Pulse|[source]\n|move|p1a: Zamazenta|Body Press|p2a: Koraidon\n|-damage|p2a: Koraidon|16\/100\n|\n|-weather|SunnyDay|[upkeep]\n|upkeep\n|turn|20\n|inactive|Fc \u2764 has 60 seconds left.\n|\n|t:|1701029953\n|move|p2a: Koraidon|Flare Blitz|p1a: Zamazenta\n|-supereffective|p1a: Zamazenta\n|-damage|p1a: Zamazenta|0 fnt\n|faint|p1a: Zamazenta\n|-damage|p2a: Koraidon|15\/100|[from] Recoil\n|\n|-weather|SunnyDay|[upkeep]\n|upkeep\n|\n|t:|1701029959\n|switch|p1a: Kyogre|Kyogre|91\/100\n|-weather|RainDance|[from] ability: Drizzle|[of] p1a: Kyogre\n|turn|21\n|\n|t:|1701029963\n|switch|p2a: Miraidon|Miraidon|79\/100\n|-activate|p2a: Miraidon|ability: Hadron Engine\n|move|p1a: Kyogre|Ice Beam|p2a: Miraidon\n|-supereffective|p2a: Miraidon\n|-damage|p2a: Miraidon|18\/100\n|\n|-weather|RainDance|[upkeep]\n|-fieldend|move: Electric Terrain\n|upkeep\n|turn|22\n|\n|t:|1701029988\n|move|p2a: Miraidon|U-turn|p1a: Kyogre\n|-damage|p1a: Kyogre|79\/100\n|\n|t:|1701029989\n|switch|p2a: Koraidon|Koraidon|15\/100|[from] U-turn\n|-weather|SunnyDay|[from] ability: Orichalcum Pulse|[of] p2a: Koraidon\n|-activate|p2a: Koraidon|Orichalcum Pulse|[source]\n|move|p1a: Kyogre|Ice Beam|p2a: Koraidon\n|-supereffective|p2a: Koraidon\n|-damage|p2a: Koraidon|0 fnt\n|faint|p2a: Koraidon\n|\n|-weather|SunnyDay|[upkeep]\n|upkeep\n|\n|t:|1701029990\n|switch|p2a: Miraidon|Miraidon|18\/100\n|-fieldstart|move: Electric Terrain|[from] ability: Hadron Engine|[of] p2a: Miraidon\n|turn|23\n|inactive|I\u2661GENSHINGIRLS has 90 seconds left.\n|\n|t:|1701029997\n|move|p2a: Miraidon|Electro Drift|p1a: Kyogre\n|-supereffective|p1a: Kyogre\n|-damage|p1a: Kyogre|0 fnt\n|faint|p1a: Kyogre\n|\n|-weather|SunnyDay|[upkeep]\n|upkeep\n|\n|t:|1701029999\n|switch|p1a: Zacian Waifu|Zacian-Crowned, tera:Flying|79\/100\n|turn|24\n|\n|t:|1701030004\n|move|p1a: Zacian Waifu|Close Combat|p2a: Miraidon\n|-damage|p2a: Miraidon|0 fnt\n|-unboost|p1a: Zacian Waifu|def|1\n|-unboost|p1a: Zacian Waifu|spd|1\n|faint|p2a: Miraidon\n|\n|win|I\u2661GENSHINGIRLS\n|c|\u2606Fc \u2764|gg\n|c|\u2606I\u2661GENSHINGIRLS|gg\n","uploadtime":1701030006,"views":210,"p1id":"igenshingirls","p2id":"fc","formatid":"gen9ubers","rating":0,"private":0,"password":""}