{"id":"smogtours-gen9ubers-723901","p1":"Entrocefalo","p2":"Highlord","format":"[Gen 9] Ubers","log":"|inactive|Battle timer is ON: inactive players will automatically lose when time's up.\n|t:|1697381765\n|gametype|singles\n|player|p1|Entrocefalo|#scl3machines2|\n|player|p2|Highlord|#scl3foxes|\n|teamsize|p1|6\n|teamsize|p2|6\n|gen|9\n|tier|[Gen 9] Ubers\n|rule|Sleep Clause Mod: Limit one foe put to sleep\n|rule|Species Clause: Limit one of each Pok\u00e9mon\n|rule|OHKO Clause: OHKO moves are banned\n|rule|Evasion Items Clause: Evasion items are banned\n|rule|Evasion Moves Clause: Evasion moves are banned\n|rule|Endless Battle Clause: Forcing endless battles is banned\n|rule|HP Percentage Mod: HP is shown in percentages\n|clearpoke\n|poke|p1|Miraidon|\n|poke|p1|Kyogre|\n|poke|p1|Iron Bundle|\n|poke|p1|Arceus-Fairy|\n|poke|p1|Clodsire, F|\n|poke|p1|Koraidon|\n|poke|p2|Glimmora, F|\n|poke|p2|Calyrex-Ice|\n|poke|p2|Miraidon|\n|poke|p2|Landorus-Therian, M|\n|poke|p2|Arceus|\n|poke|p2|Kingambit, F|\n|teampreview\n|c|\u2606Entrocefalo|hf\n|inactive|Entrocefalo has 270 seconds left.\n|inactive|Highlord has 270 seconds left.\n|raw|<div class=\"broadcast-red\"><strong>Moderated chat was set to \u2606!<\/strong><br \/>Only users of rank \u2606 and higher can talk.<\/div>\n|inactive|Entrocefalo has 240 seconds left.\n|inactive|Highlord has 240 seconds left.\n|inactive|Entrocefalo has 210 seconds left.\n|inactive|Entrocefalo has 180 seconds left.\n|inactive|Entrocefalo has 150 seconds left.\n|\n|t:|1697381922\n|start\n|switch|p1a: Koraidon|Koraidon|100\/100\n|switch|p2a: Glimmora|Glimmora, F|100\/100\n|-weather|SunnyDay|[from] ability: Orichalcum Pulse|[of] p1a: Koraidon\n|-activate|p1a: Koraidon|Orichalcum Pulse|[source]\n|turn|1\n|inactive|Entrocefalo has 210 seconds left.\n|\n|t:|1697381930\n|move|p1a: Koraidon|Scale Shot|p2a: Glimmora\n|-damage|p2a: Glimmora|79\/100\n|-activate|p2a: Glimmora|ability: Toxic Debris\n|-sidestart|p1: Entrocefalo|move: Toxic Spikes\n|-damage|p2a: Glimmora|56\/100\n|-activate|p2a: Glimmora|ability: Toxic Debris\n|-sidestart|p1: Entrocefalo|move: Toxic Spikes\n|-damage|p2a: Glimmora|35\/100\n|-damage|p2a: Glimmora|15\/100\n|-hitcount|p2a: Glimmora|4\n|-unboost|p1a: Koraidon|def|1\n|-boost|p1a: Koraidon|spe|1\n|move|p2a: Glimmora|Spikes|p1a: Koraidon\n|-sidestart|p1: Entrocefalo|Spikes\n|\n|-weather|SunnyDay|[upkeep]\n|upkeep\n|turn|2\n|inactive|Entrocefalo has 210 seconds left.\n|inactive|Highlord has 270 seconds left.\n|inactive|Entrocefalo has 180 seconds left.\n|inactive|Highlord has 240 seconds left.\n|\n|t:|1697382001\n|switch|p2a: Landorus|Landorus-Therian, M|100\/100\n|-ability|p2a: Landorus|Intimidate|boost\n|-unboost|p1a: Koraidon|atk|1\n|move|p1a: Koraidon|Scale Shot|p2a: Landorus\n|-damage|p2a: Landorus|91\/100\n|-damage|p2a: Landorus|82\/100\n|-damage|p2a: Landorus|73\/100\n|-damage|p2a: Landorus|65\/100\n|-hitcount|p2a: Landorus|4\n|-unboost|p1a: Koraidon|def|1\n|-boost|p1a: Koraidon|spe|1\n|\n|-weather|SunnyDay|[upkeep]\n|upkeep\n|turn|3\n|inactive|Entrocefalo has 150 seconds left.\n|\n|t:|1697382024\n|move|p1a: Koraidon|Swords Dance|p1a: Koraidon\n|-boost|p1a: Koraidon|atk|2\n|move|p2a: Landorus|Earthquake|p1a: Koraidon\n|-damage|p1a: Koraidon|17\/100\n|\n|-weather|SunnyDay|[upkeep]\n|upkeep\n|turn|4\n|\n|t:|1697382033\n|switch|p2a: Glimmora|Glimmora, F|15\/100\n|move|p1a: Koraidon|Scale Shot|p2a: Glimmora\n|-damage|p2a: Glimmora|0 fnt\n|faint|p2a: Glimmora\n|-hitcount|p2: Glimmora|1\n|-unboost|p1a: Koraidon|def|1\n|-boost|p1a: Koraidon|spe|1\n|\n|-weather|SunnyDay|[upkeep]\n|upkeep\n|\n|t:|1697382042\n|switch|p2a: Arceus|Arceus|100\/100\n|turn|5\n|inactive|Entrocefalo has 150 seconds left.\n|\n|t:|1697382066\n|-terastallize|p1a: Koraidon|Ghost\n|move|p2a: Arceus|Extreme Speed|p1a: Koraidon\n|-immune|p1a: Koraidon\n|move|p1a: Koraidon|Low Kick|p2a: Arceus\n|-supereffective|p2a: Arceus\n|-damage|p2a: Arceus|0 fnt\n|faint|p2a: Arceus\n|\n|-weather|none\n|upkeep\n|inactive|Highlord has 240 seconds left.\n|\n|t:|1697382083\n|switch|p2a: Landorus|Landorus-Therian, M|65\/100\n|-ability|p2a: Landorus|Intimidate|boost\n|-unboost|p1a: Koraidon|atk|1\n|turn|6\n|\n|t:|1697382092\n|move|p1a: Koraidon|Scale Shot|p2a: Landorus\n|-damage|p2a: Landorus|55\/100\n|-damage|p2a: Landorus|45\/100\n|-damage|p2a: Landorus|36\/100\n|-damage|p2a: Landorus|26\/100\n|-hitcount|p2a: Landorus|4\n|-unboost|p1a: Koraidon|def|1\n|-boost|p1a: Koraidon|spe|1\n|move|p2a: Landorus|Earthquake|p1a: Koraidon\n|-damage|p1a: Koraidon|0 fnt\n|faint|p1a: Koraidon\n|\n|upkeep\n|inactive|Entrocefalo has 150 seconds left.\n|inactive|Entrocefalo has 120 seconds left.\n|inactive|Entrocefalo has 90 seconds left.\n|\n|t:|1697382176\n|switch|p1a: Miraidon|Miraidon|100\/100\n|-fieldstart|move: Electric Terrain|[from] ability: Hadron Engine|[of] p1a: Miraidon\n|turn|7\n|\n|t:|1697382180\n|move|p1a: Miraidon|Dragon Pulse|p2a: Landorus\n|-damage|p2a: Landorus|0 fnt\n|faint|p2a: Landorus\n|\n|upkeep\n|inactive|Highlord has 240 seconds left.\n|inactive|Highlord has 210 seconds left.\n|inactive|Highlord has 180 seconds left.\n|\n|t:|1697382284\n|switch|p2a: Calyrex|Calyrex-Ice|100\/100\n|-ability|p2a: Calyrex|As One\n|-ability|p2a: Calyrex|Unnerve\n|turn|8\n|\n|t:|1697382299\n|move|p1a: Miraidon|Electro Drift|p2a: Calyrex\n|-damage|p2a: Calyrex|42\/100\n|move|p2a: Calyrex|Trick Room|p2a: Calyrex\n|-fieldstart|move: Trick Room|[of] p2a: Calyrex\n|\n|upkeep\n|turn|9\n|inactive|Entrocefalo has 90 seconds left.\n|\n|t:|1697382327\n|switch|p1a: Kyogre|Kyogre|100\/100\n|-weather|RainDance|[from] ability: Drizzle|[of] p1a: Kyogre\n|move|p2a: Calyrex|Glacial Lance|p1a: Kyogre\n|-resisted|p1a: Kyogre\n|-damage|p1a: Kyogre|67\/100\n|\n|-weather|RainDance|[upkeep]\n|upkeep\n|turn|10\n|inactive|Entrocefalo has 90 seconds left.\n|\n|t:|1697382353\n|move|p2a: Calyrex|Glacial Lance|p1a: Kyogre\n|-resisted|p1a: Kyogre\n|-damage|p1a: Kyogre|35\/100\n|move|p1a: Kyogre|Origin Pulse|p2a: Calyrex\n|-damage|p2a: Calyrex|0 fnt\n|faint|p2a: Calyrex\n|\n|-weather|RainDance|[upkeep]\n|upkeep\n|\n|t:|1697382362\n|switch|p2a: Kingambit|Kingambit, F|100\/100\n|-activate|p2a: Kingambit|ability: Supreme Overlord\n|-start|p2a: Kingambit|fallen4|[silent]\n|turn|11\n|\n|t:|1697382369\n|move|p2a: Kingambit|Kowtow Cleave|p1a: Kyogre\n|-damage|p1a: Kyogre|0 fnt\n|faint|p1a: Kyogre\n|\n|-weather|RainDance|[upkeep]\n|-fieldend|move: Electric Terrain\n|upkeep\n|\n|t:|1697382372\n|switch|p1a: Clodsire|Clodsire, F|100\/100\n|-sideend|p1: Entrocefalo|move: Toxic Spikes|[of] p1a: Clodsire\n|-damage|p1a: Clodsire|88\/100|[from] Spikes\n|turn|12\n|inactive|Entrocefalo has 90 seconds left.\n|inactive|Highlord has 150 seconds left.\n|inactive|Highlord has 120 seconds left.\n|inactive|Entrocefalo has 60 seconds left.\n|\n|t:|1697382438\n|-end|p2a: Kingambit|fallen4|[silent]\n|switch|p2a: Miraidon|Miraidon|100\/100\n|-fieldstart|move: Electric Terrain|[from] ability: Hadron Engine|[of] p2a: Miraidon\n|move|p1a: Clodsire|Spikes|p2a: Miraidon\n|-sidestart|p2: Highlord|Spikes\n|\n|-weather|RainDance|[upkeep]\n|-fieldend|move: Trick Room\n|upkeep\n|turn|13\n|inactive|Highlord has 120 seconds left.\n|inactive|Entrocefalo has 60 seconds left.\n|\n|t:|1697382457\n|move|p2a: Miraidon|Electro Drift|p1a: Clodsire\n|-immune|p1a: Clodsire\n|move|p1a: Clodsire|Toxic|p2a: Miraidon\n|-status|p2a: Miraidon|tox\n|\n|-weather|none\n|-damage|p2a: Miraidon|94\/100 tox|[from] psn\n|upkeep\n|turn|14\n|inactive|Entrocefalo has 60 seconds left.\n|inactive|Highlord has 120 seconds left.\n|\n|t:|1697382470\n|move|p2a: Miraidon|Draco Meteor|p1a: Clodsire\n|-damage|p1a: Clodsire|14\/100\n|-unboost|p2a: Miraidon|spa|2\n|move|p1a: Clodsire|Recover|p1a: Clodsire\n|-heal|p1a: Clodsire|64\/100\n|\n|-damage|p2a: Miraidon|82\/100 tox|[from] psn\n|upkeep\n|turn|15\n|\n|t:|1697382473\n|switch|p1a: Arceus|Arceus-Fairy|100\/100\n|-damage|p1a: Arceus|88\/100|[from] Spikes\n|move|p2a: Miraidon|Taunt|p1a: Arceus\n|-start|p1a: Arceus|move: Taunt\n|\n|-damage|p2a: Miraidon|64\/100 tox|[from] psn\n|upkeep\n|turn|16\n|inactive|Entrocefalo has 60 seconds left.\n|inactive|Highlord has 120 seconds left.\n|\n|t:|1697382506\n|move|p2a: Miraidon|Electro Drift|p1a: Arceus\n|-damage|p1a: Arceus|58\/100\n|move|p1a: Arceus|Judgment|p2a: Miraidon\n|-supereffective|p2a: Miraidon\n|-damage|p2a: Miraidon|0 fnt\n|faint|p2a: Miraidon\n|\n|-fieldend|move: Electric Terrain\n|upkeep\n|\n|t:|1697382508\n|switch|p2a: Kingambit|Kingambit, F|100\/100\n|-damage|p2a: Kingambit|88\/100|[from] Spikes\n|-activate|p2a: Kingambit|ability: Supreme Overlord\n|-start|p2a: Kingambit|fallen5|[silent]\n|turn|17\n|inactive|Entrocefalo has 60 seconds left.\n|inactive|Highlord has 90 seconds left.\n|\n|t:|1697382547\n|move|p1a: Arceus|Judgment|p2a: Kingambit\n|-damage|p2a: Kingambit|37\/100\n|move|p2a: Kingambit|Swords Dance|p2a: Kingambit\n|-boost|p2a: Kingambit|atk|2\n|\n|-end|p1a: Arceus|move: Taunt\n|upkeep\n|turn|18\n|inactive|Entrocefalo has 60 seconds left.\n|inactive|Highlord has 90 seconds left.\n|\n|t:|1697382589\n|move|p2a: Kingambit|Sucker Punch|p1a: Arceus\n|-resisted|p1a: Arceus\n|-damage|p1a: Arceus|17\/100\n|move|p1a: Arceus|Judgment|p2a: Kingambit\n|-damage|p2a: Kingambit|0 fnt\n|faint|p2a: Kingambit\n|-end|p2a: Kingambit|fallen5|[silent]\n|\n|win|Entrocefalo\n|c|\u2606Highlord|gg\n|c|\u2606Entrocefalo|gg\n","uploadtime":1697382590,"views":416,"p1id":"entrocefalo","p2id":"highlord","formatid":"gen9ubers","rating":0,"private":0,"password":""}