{"id":"smogtours-gen9ubers-725614","p1":"Inder","p2":"pichus \u2764","format":"[Gen 9] Ubers","log":"|inactive|Battle timer is ON: inactive players will automatically lose when time's up.\n|t:|1697995754\n|gametype|singles\n|player|p1|Inder|#uplximelmetal|\n|player|p2|pichus \u2764|#omplxisolgaleos|\n|teamsize|p1|6\n|teamsize|p2|6\n|gen|9\n|tier|[Gen 9] Ubers\n|rule|Sleep Clause Mod: Limit one foe put to sleep\n|rule|Species Clause: Limit one of each Pok\u00e9mon\n|rule|OHKO Clause: OHKO moves are banned\n|rule|Evasion Items Clause: Evasion items are banned\n|rule|Evasion Moves Clause: Evasion moves are banned\n|rule|Endless Battle Clause: Forcing endless battles is banned\n|rule|HP Percentage Mod: HP is shown in percentages\n|clearpoke\n|poke|p1|Ribombee, M|\n|poke|p1|Basculegion, M|\n|poke|p1|Zacian-*|\n|poke|p1|Koraidon|\n|poke|p1|Rayquaza|\n|poke|p1|Miraidon|\n|poke|p2|Koraidon|\n|poke|p2|Miraidon|\n|poke|p2|Calyrex-Ice|\n|poke|p2|Toxapex, M|\n|poke|p2|Ting-Lu|\n|poke|p2|Arceus-Fairy|\n|teampreview\n|inactive|pichus \u2764 also wants the timer to be on.\n|c|\u2606Inder|hf\n|c|+TierAcid|CHUS!!!!\n|inactive|Inder has 270 seconds left.\n|inactive|pichus \u2764 has 270 seconds left.\n|c|+Farce Of The Death|HOLA\n|c|+Farce Of The Death|GL Pichus\n|c|+Farce Of The Death|GL Inder\n|inactive|pichus \u2764 has 240 seconds left.\n|inactive|Inder has 240 seconds left.\n|c|+Freezerman|LETS FUCKING GO INDER\n|c|+Mimikyu Stardust|Let this rallying cry awaken the embers of tenacity within you, for the path to victory demands your utmost commitment. The Ivory Impalers may loom large, but remember, it is our unity, our shared purpose, and the legacy of Pichus that shall propel us forward. Let your fervor ignite, your strategies sharpen, and your resolve deepen as we surge into the fray. Remember, it is not merely a conquest we seek, but a legacy we forge\u2014one that honors the valor of Pichus and the indomitable spirit of the RCB?. Stand tall, for the stage is set, the time is nigh, and the victory, my fellow warriors, shall be ours! Onward, FOR PICHUS !!\n|c|+Icemaster|.\n|c|\u2606Inder|traitor ?\n|c|+Icemaster|What the byulharang\n|c|+Mimikyu Stardust|uhhh\n|c|\u2606Inder|who gave u a beatiful melm avy wtf\n|inactive|pichus \u2764 has 210 seconds left.\n|c|+Mimikyu Stardust|erm\n|c|+spectral secrets|Let this rallying cry awaken the embers of tenacity within you, for the path to victory demands your utmost commitment. The Ivory Impalers may loom large, but remember, it is our unity, our shared purpose, and the legacy of Pichus that shall propel us forward. Let your fervor ignite, your strategies sharpen, and your resolve deepen as we surge into the fray. Remember, it is not merely a conquest we seek, but a legacy we forge\u2014one that honors the valor of Pichus and the indomitable spirit of the RCB?. Stand tall, for the stage is set, the time is nigh, and the victory, my fellow warriors, shall be ours! Onward, FOR PICHUS !!\n|inactive|Inder has 210 seconds left.\n|c|+Mimikyu Stardust|im sorry\n|c|\u2606pichus \u2764|hf\n|c|+zoyotte|LFGI INDER\n|c|\u2606Inder|its ok i forgive u\n|c|+Mimikyu Stardust|i need another one.\n|\n|t:|1697995863\n|start\n|switch|p1a: Ribombee|Ribombee, M|100\/100\n|switch|p2a: Miraidon|Miraidon|100\/100\n|-fieldstart|move: Electric Terrain|[from] ability: Hadron Engine|[of] p2a: Miraidon\n|turn|1\n|inactive|Inder has 270 seconds left.\n|c|+Farce Of The Death|Inder I need your avatar.\n|inactive|Inder has 240 seconds left.\n|\n|t:|1697995913\n|move|p2a: Miraidon|Taunt|p1a: Ribombee\n|-start|p1a: Ribombee|move: Taunt\n|move|p1a: Ribombee|Moonblast|p2a: Miraidon\n|-supereffective|p2a: Miraidon\n|-damage|p2a: Miraidon|26\/100\n|\n|upkeep\n|turn|2\n|inactive|pichus \u2764 has 270 seconds left.\n|inactive|pichus \u2764 has 240 seconds left.\n|\n|t:|1697995955\n|move|p2a: Miraidon|Electro Drift|p1a: Ribombee\n|-enditem|p1a: Ribombee|Focus Sash\n|-damage|p1a: Ribombee|1\/100\n|move|p1a: Ribombee|Moonblast|p2a: Miraidon\n|-supereffective|p2a: Miraidon\n|-damage|p2a: Miraidon|0 fnt\n|faint|p2a: Miraidon\n|\n|upkeep\n|inactive|pichus \u2764 has 210 seconds left.\n|inactive|pichus \u2764 has 180 seconds left.\n|\n|t:|1697996020\n|switch|p2a: Calyrex|Calyrex-Ice|100\/100\n|-ability|p2a: Calyrex|As One\n|-ability|p2a: Calyrex|Unnerve\n|turn|3\n|\n|t:|1697996048\n|move|p1a: Ribombee|Moonblast|p2a: Calyrex\n|-damage|p2a: Calyrex|73\/100\n|-unboost|p2a: Calyrex|spa|1\n|move|p2a: Calyrex|Trick Room|p2a: Calyrex\n|-fieldstart|move: Trick Room|[of] p2a: Calyrex\n|\n|-end|p1a: Ribombee|move: Taunt\n|upkeep\n|turn|4\n|inactive|Inder has 210 seconds left.\n|inactive|Inder has 180 seconds left.\n|inactive|Inder has 150 seconds left.\n|inactive|Inder has 120 seconds left.\n|\n|t:|1697996171\n|move|p2a: Calyrex|Glacial Lance|p1a: Ribombee\n|-damage|p1a: Ribombee|0 fnt\n|faint|p1a: Ribombee\n|-ability|p2a: Calyrex|Chilling Neigh|boost\n|-boost|p2a: Calyrex|atk|1\n|\n|upkeep\n|inactive|Inder has 90 seconds left.\n|\n|t:|1697996192\n|switch|p1a: Rayquaza|Rayquaza|100\/100\n|-ability|p1a: Rayquaza|Air Lock\n|turn|5\n|inactive|pichus \u2764 has 180 seconds left.\n|\n|t:|1697996223\n|move|p2a: Calyrex|Glacial Lance|p1a: Rayquaza\n|-supereffective|p1a: Rayquaza\n|-enditem|p1a: Rayquaza|Focus Sash\n|-damage|p1a: Rayquaza|1\/100\n|move|p1a: Rayquaza|Dragon Ascent|p2a: Calyrex\n|-crit|p2a: Calyrex\n|-damage|p2a: Calyrex|9\/100\n|-unboost|p1a: Rayquaza|def|1\n|-unboost|p1a: Rayquaza|spd|1\n|\n|-fieldend|move: Electric Terrain\n|upkeep\n|turn|6\n|\n|t:|1697996240\n|switch|p2a: Toxapex|Toxapex, M|100\/100\n|move|p1a: Rayquaza|Extreme Speed|p2a: Toxapex\n|-damage|p2a: Toxapex|81\/100\n|-damage|p1a: Rayquaza|0 fnt|[from] item: Rocky Helmet|[of] p2a: Toxapex\n|faint|p1a: Rayquaza\n|\n|upkeep\n|\n|t:|1697996256\n|switch|p1a: Koraidon|Koraidon|100\/100\n|-weather|SunnyDay|[from] ability: Orichalcum Pulse|[of] p1a: Koraidon\n|-activate|p1a: Koraidon|Orichalcum Pulse|[source]\n|turn|7\n|\n|t:|1697996265\n|switch|p2a: Arceus|Arceus-Fairy|100\/100\n|move|p1a: Koraidon|Swords Dance|p1a: Koraidon\n|-boost|p1a: Koraidon|atk|2\n|\n|-weather|SunnyDay|[upkeep]\n|-fieldend|move: Trick Room\n|upkeep\n|turn|8\n|\n|t:|1697996278\n|switch|p2a: Calyrex|Calyrex-Ice|9\/100\n|-ability|p2a: Calyrex|As One\n|-ability|p2a: Calyrex|Unnerve\n|move|p1a: Koraidon|Flare Blitz|p2a: Calyrex\n|-supereffective|p2a: Calyrex\n|-damage|p2a: Calyrex|0 fnt\n|faint|p2a: Calyrex\n|-damage|p1a: Koraidon|97\/100|[from] Recoil\n|\n|-weather|SunnyDay|[upkeep]\n|upkeep\n|inactive|pichus \u2764 has 180 seconds left.\n|inactive|pichus \u2764 has 150 seconds left.\n|inactive|pichus \u2764 has 120 seconds left.\n|inactive|pichus \u2764 has 90 seconds left.\n|\n|t:|1697996380\n|switch|p2a: Koraidon|Koraidon|100\/100\n|-activate|p2a: Koraidon|ability: Orichalcum Pulse\n|turn|9\n|inactive|pichus \u2764 has 90 seconds left.\n|\n|t:|1697996404\n|-terastallize|p1a: Koraidon|Ghost\n|move|p2a: Koraidon|U-turn|p1a: Koraidon\n|-resisted|p1a: Koraidon\n|-damage|p1a: Koraidon|81\/100\n|inactive|pichus \u2764 has 60 seconds left.\n|\n|t:|1697996436\n|switch|p2a: Arceus|Arceus-Fairy|100\/100|[from] U-turn\n|move|p1a: Koraidon|Scale Shot|p2a: Arceus\n|-immune|p2a: Arceus\n|\n|-weather|SunnyDay|[upkeep]\n|upkeep\n|turn|10\n|inactive|pichus \u2764 has 60 seconds left.\n|inactive|Inder has 90 seconds left.\n|inactive|pichus \u2764 has 30 seconds left.\n|inactive|Inder has 60 seconds left.\n|\n|t:|1697996513\n|move|p1a: Koraidon|Swords Dance|p1a: Koraidon\n|-boost|p1a: Koraidon|atk|2\n|move|p2a: Arceus|Judgment|p1a: Koraidon\n|-damage|p1a: Koraidon|34\/100\n|\n|-weather|SunnyDay|[upkeep]\n|upkeep\n|turn|11\n|c|+longestbanana|whats this for\n|c|+avarice|hpl\n|inactive|pichus \u2764 has 30 seconds left.\n|\n|t:|1697996532\n|move|p1a: Koraidon|Flare Blitz|p2a: Arceus\n|-damage|p2a: Arceus|0 fnt\n|faint|p2a: Arceus\n|-damage|p1a: Koraidon|0 fnt|[from] Recoil\n|faint|p1a: Koraidon\n|\n|-weather|none\n|upkeep\n|inactive|pichus \u2764 has 30 seconds left.\n|inactive|pichus \u2764 has 20 seconds left.\n|inactive|pichus \u2764 has 15 seconds left.\n|\n|t:|1697996553\n|switch|p1a: Basculegion|Basculegion, M|100\/100\n|switch|p2a: Koraidon|Koraidon|100\/100\n|-weather|SunnyDay|[from] ability: Orichalcum Pulse|[of] p2a: Koraidon\n|-activate|p2a: Koraidon|Orichalcum Pulse|[source]\n|turn|12\n|inactive|pichus \u2764 has 25 seconds left this turn.\n|\n|t:|1697996563\n|move|p2a: Koraidon|U-turn|p1a: Basculegion\n|-resisted|p1a: Basculegion\n|-damage|p1a: Basculegion|78\/100\n|inactive|pichus \u2764 has 30 seconds left this turn.\n|inactive|pichus \u2764 has 20 seconds left.\n|c|+longestbanana|GO INDER\n|inactive|pichus \u2764 has 15 seconds left.\n|\n|t:|1697996582\n|switch|p2a: Ting-Lu|Ting-Lu|100\/100|[from] U-turn\n|-ability|p2a: Ting-Lu|Vessel of Ruin\n|move|p1a: Basculegion|Last Respects|p2a: Ting-Lu\n|-resisted|p2a: Ting-Lu\n|-damage|p2a: Ting-Lu|62\/100\n|\n|-weather|SunnyDay|[upkeep]\n|-heal|p2a: Ting-Lu|69\/100|[from] item: Leftovers\n|upkeep\n|turn|13\n|inactive|pichus \u2764 has 25 seconds left this turn.\n|c|+longestbanana|oh wait if pichu wins they win hpl\n|inactive|pichus \u2764 has 20 seconds left.\n|c|+longestbanana|GO INDER\n|inactive|pichus \u2764 has 15 seconds left.\n|inactive|Inder has 30 seconds left.\n|\n|t:|1697996617\n|move|p1a: Basculegion|Last Respects|p2a: Ting-Lu\n|-resisted|p2a: Ting-Lu\n|-damage|p2a: Ting-Lu|31\/100\n|move|p2a: Ting-Lu|Earthquake|p1a: Basculegion\n|-damage|p1a: Basculegion|28\/100\n|\n|-weather|SunnyDay|[upkeep]\n|-heal|p2a: Ting-Lu|37\/100|[from] item: Leftovers\n|upkeep\n|turn|14\n|inactive|pichus \u2764 has 25 seconds left this turn.\n|inactive|pichus \u2764 has 20 seconds left.\n|inactive|pichus \u2764 has 15 seconds left.\n|\n|t:|1697996631\n|move|p1a: Basculegion|Last Respects|p2a: Ting-Lu\n|-resisted|p2a: Ting-Lu\n|-damage|p2a: Ting-Lu|0 fnt\n|faint|p2a: Ting-Lu\n|\n|-weather|SunnyDay|[upkeep]\n|upkeep\n|inactive|pichus \u2764 has 20 seconds left this turn.\n|inactive|pichus \u2764 has 15 seconds left.\n|\n|t:|1697996640\n|switch|p2a: Koraidon|Koraidon|100\/100\n|-activate|p2a: Koraidon|ability: Orichalcum Pulse\n|turn|15\n|inactive|pichus \u2764 has 25 seconds left this turn.\n|inactive|pichus \u2764 has 20 seconds left.\n|\n|t:|1697996649\n|move|p2a: Koraidon|Dragon Claw|p1a: Basculegion\n|-damage|p1a: Basculegion|0 fnt\n|faint|p1a: Basculegion\n|\n|-weather|SunnyDay|[upkeep]\n|upkeep\n|inactive|pichus \u2764 has 25 seconds left this turn.\n|\n|t:|1697996655\n|switch|p1a: Zacian|Zacian-Crowned|100\/100\n|-ability|p1a: Zacian|Intrepid Sword|boost\n|-boost|p1a: Zacian|atk|1\n|turn|16\n|inactive|pichus \u2764 has 30 seconds left.\n|inactive|pichus \u2764 has 20 seconds left.\n|\n|t:|1697996688\n|-terastallize|p2a: Koraidon|Fire\n|move|p2a: Koraidon|Dragon Claw|p1a: Zacian\n|-immune|p1a: Zacian\n|move|p1a: Zacian|Play Rough|p2a: Koraidon\n|-resisted|p2a: Koraidon\n|-damage|p2a: Koraidon|68\/100\n|-unboost|p2a: Koraidon|atk|1\n|\n|-weather|none\n|upkeep\n|turn|17\n|inactive|pichus \u2764 has 30 seconds left this turn.\n|\n|t:|1697996695\n|switch|p1a: Miraidon|Miraidon|100\/100\n|-fieldstart|move: Electric Terrain|[from] ability: Hadron Engine|[of] p1a: Miraidon\n|move|p2a: Koraidon|Dragon Claw|p1a: Miraidon\n|-supereffective|p1a: Miraidon\n|-damage|p1a: Miraidon|43\/100\n|\n|upkeep\n|turn|18\n|inactive|pichus \u2764 has 30 seconds left.\n|inactive|pichus \u2764 has 20 seconds left.\n|inactive|pichus \u2764 has 15 seconds left.\n|inactive|pichus \u2764 has 10 seconds left.\n|c|+Piyush21|pichus timer\n|inactive|pichus \u2764 has 5 seconds left.\n|\n|t:|1697996726\n|switch|p1a: Zacian|Zacian-Crowned|100\/100\n|move|p2a: Koraidon|Dragon Claw|p1a: Zacian\n|-immune|p1a: Zacian\n|\n|upkeep\n|turn|19\n|inactive|pichus \u2764 has 15 seconds left this turn.\n|\n|t:|1697996742\n|switch|p2a: Toxapex|Toxapex, M|100\/100\n|switch|p1a: Miraidon|Miraidon|43\/100\n|-activate|p1a: Miraidon|ability: Hadron Engine\n|\n|upkeep\n|turn|20\n|inactive|pichus \u2764 has 25 seconds left this turn.\n|inactive|Inder has 30 seconds left.\n|\n|t:|1697996769\n|move|p1a: Miraidon|Dragon Pulse|p2a: Toxapex\n|-damage|p2a: Toxapex|50\/100\n|move|p2a: Toxapex|Haze|p2a: Toxapex\n|-clearallboost\n|\n|upkeep\n|turn|21\n|inactive|Inder has 30 seconds left.\n|inactive|pichus \u2764 has 30 seconds left.\n|inactive|Inder has 20 seconds left.\n|inactive|Inder has 15 seconds left.\n|\n|t:|1697996791\n|move|p1a: Miraidon|Taunt|p2a: Toxapex\n|-start|p2a: Toxapex|move: Taunt\n|cant|p2a: Toxapex|move: Taunt|Haze\n|\n|-fieldend|move: Electric Terrain\n|upkeep\n|turn|22\n|inactive|Inder has 25 seconds left this turn.\n|inactive|Inder has 20 seconds left.\n|\n|t:|1697996801\n|switch|p1a: Zacian|Zacian-Crowned|100\/100\n|move|p2a: Toxapex|Poison Jab|p1a: Zacian\n|-immune|p1a: Zacian\n|\n|upkeep\n|turn|23\n|inactive|Inder has 30 seconds left this turn.\n|\n|t:|1697996806\n|switch|p2a: Koraidon|Koraidon, tera:Fire|68\/100\n|-weather|SunnyDay|[from] ability: Orichalcum Pulse|[of] p2a: Koraidon\n|-activate|p2a: Koraidon|Orichalcum Pulse|[source]\n|move|p1a: Zacian|Trailblaze|p2a: Koraidon\n|-resisted|p2a: Koraidon\n|-damage|p2a: Koraidon|58\/100\n|-boost|p1a: Zacian|spe|1\n|\n|-weather|SunnyDay|[upkeep]\n|upkeep\n|turn|24\n|inactive|Inder has 30 seconds left.\n|\n|t:|1697996820\n|switch|p2a: Toxapex|Toxapex, M|83\/100\n|move|p1a: Zacian|Behemoth Blade|p2a: Toxapex\n|-resisted|p2a: Toxapex\n|-damage|p2a: Toxapex|66\/100\n|-damage|p1a: Zacian|84\/100|[from] item: Rocky Helmet|[of] p2a: Toxapex\n|\n|-weather|SunnyDay|[upkeep]\n|upkeep\n|turn|25\n|inactive|Inder has 30 seconds left.\n|\n|t:|1697996833\n|move|p1a: Zacian|Behemoth Blade|p2a: Toxapex\n|-resisted|p2a: Toxapex\n|-damage|p2a: Toxapex|50\/100\n|-damage|p1a: Zacian|67\/100|[from] item: Rocky Helmet|[of] p2a: Toxapex\n|move|p2a: Toxapex|Recover|p2a: Toxapex\n|-heal|p2a: Toxapex|99\/100\n|\n|-weather|SunnyDay|[upkeep]\n|upkeep\n|turn|26\n|\n|t:|1697996837\n|switch|p1a: Miraidon|Miraidon|43\/100\n|-fieldstart|move: Electric Terrain|[from] ability: Hadron Engine|[of] p1a: Miraidon\n|move|p2a: Toxapex|Toxic Spikes|p1a: Miraidon\n|-sidestart|p1: Inder|move: Toxic Spikes\n|\n|-weather|SunnyDay|[upkeep]\n|upkeep\n|turn|27\n|\n|t:|1697996841\n|move|p1a: Miraidon|Dragon Pulse|p2a: Toxapex\n|-damage|p2a: Toxapex|48\/100\n|move|p2a: Toxapex|Poison Jab|p1a: Miraidon\n|-damage|p1a: Miraidon|24\/100\n|\n|-weather|none\n|upkeep\n|turn|28\n|\n|t:|1697996856\n|move|p1a: Miraidon|Taunt|p2a: Toxapex\n|-start|p2a: Toxapex|move: Taunt\n|move|p2a: Toxapex|Poison Jab|p1a: Miraidon\n|-damage|p1a: Miraidon|4\/100\n|\n|upkeep\n|turn|29\n|\n|t:|1697996859\n|switch|p1a: Zacian|Zacian-Crowned|67\/100\n|move|p2a: Toxapex|Poison Jab|p1a: Zacian\n|-immune|p1a: Zacian\n|\n|upkeep\n|turn|30\n|inactive|Inder has 60 seconds left.\n|inactive|pichus \u2764 has 90 seconds left.\n|inactive|pichus \u2764 has 60 seconds left.\n|inactive|pichus \u2764 has 30 seconds left.\n|\n|t:|1697996939\n|switch|p2a: Koraidon|Koraidon, tera:Fire|58\/100\n|-weather|SunnyDay|[from] ability: Orichalcum Pulse|[of] p2a: Koraidon\n|-activate|p2a: Koraidon|Orichalcum Pulse|[source]\n|move|p1a: Zacian|Trailblaze|p2a: Koraidon\n|-resisted|p2a: Koraidon\n|-damage|p2a: Koraidon|50\/100\n|-boost|p1a: Zacian|spe|1\n|\n|-weather|SunnyDay|[upkeep]\n|-fieldend|move: Electric Terrain\n|upkeep\n|turn|31\n|inactive|Inder has 60 seconds left.\n|inactive|pichus \u2764 has 30 seconds left.\n|\n|t:|1697996954\n|switch|p1a: Miraidon|Miraidon|4\/100\n|-fieldstart|move: Electric Terrain|[from] ability: Hadron Engine|[of] p1a: Miraidon\n|move|p2a: Koraidon|Low Kick|p1a: Miraidon\n|-damage|p1a: Miraidon|0 fnt\n|faint|p1a: Miraidon\n|\n|-weather|SunnyDay|[upkeep]\n|upkeep\n|c|\u2606Inder|ggs\n|-message|Inder forfeited.\n|\n|win|pichus \u2764\n|c|\u2606pichus \u2764|ggs \n|c|+TierAcid|PICHUS!!!!\n","uploadtime":1697996960,"views":105,"p1id":"inder","p2id":"pichus","formatid":"gen9ubers","rating":0,"private":0,"password":""}