{"id":"smogtours-gen9ubers-731560","p1":"RichardMillePlain","p2":"entrocefalo","format":"[Gen 9] Ubers","log":"|inactive|Battle timer is ON: inactive players will automatically lose when time's up.\n|t:|1700416653\n|gametype|singles\n|player|p1|RichardMillePlain|lucas|\n|player|p2|entrocefalo|#scl3machines2|\n|teamsize|p1|6\n|teamsize|p2|6\n|gen|9\n|tier|[Gen 9] Ubers\n|rule|Sleep Clause Mod: Limit one foe put to sleep\n|rule|Species Clause: Limit one of each Pok\u00e9mon\n|rule|OHKO Clause: OHKO moves are banned\n|rule|Evasion Items Clause: Evasion items are banned\n|rule|Evasion Moves Clause: Evasion moves are banned\n|rule|Endless Battle Clause: Forcing endless battles is banned\n|rule|HP Percentage Mod: HP is shown in percentages\n|clearpoke\n|poke|p1|Glimmora, M|\n|poke|p1|Grimmsnarl, M|\n|poke|p1|Koraidon|\n|poke|p1|Zacian-*|\n|poke|p1|Arceus-Ground|\n|poke|p1|Miraidon|\n|poke|p2|Garganacl, M|\n|poke|p2|Koraidon|\n|poke|p2|Giratina-Origin|\n|poke|p2|Arceus-Fairy|\n|poke|p2|Clodsire, F|\n|poke|p2|Blissey, F|\n|teampreview\n|c|\u2606RichardMillePlain|hf\n|c|\u2606entrocefalo|hf\n|inactive|entrocefalo has 270 seconds left.\n|inactive|RichardMillePlain has 270 seconds left.\n|inactive|entrocefalo has 240 seconds left.\n|inactive|RichardMillePlain has 240 seconds left.\n|inactive|entrocefalo has 210 seconds left.\n|inactive|RichardMillePlain has 210 seconds left.\n|\n|t:|1700416760\n|start\n|switch|p1a: Glimmora|Glimmora, M|100\/100\n|switch|p2a: Arceus|Arceus-Fairy|100\/100\n|turn|1\n|inactive|RichardMillePlain has 270 seconds left.\n|\n|t:|1700416769\n|move|p2a: Arceus|Judgment|p1a: Glimmora\n|-resisted|p1a: Glimmora\n|-damage|p1a: Glimmora|69\/100\n|move|p1a: Glimmora|Mortal Spin|p2a: Arceus\n|-supereffective|p2a: Arceus\n|-damage|p2a: Arceus|94\/100\n|-status|p2a: Arceus|psn\n|\n|-damage|p2a: Arceus|81\/100 psn|[from] psn\n|upkeep\n|turn|2\n|\n|t:|1700416771\n|move|p2a: Arceus|Earth Power|p1a: Glimmora\n|-supereffective|p1a: Glimmora\n|-damage|p1a: Glimmora|0 fnt\n|faint|p1a: Glimmora\n|\n|-damage|p2a: Arceus|69\/100 psn|[from] psn\n|upkeep\n|\n|t:|1700416779\n|switch|p1a: Zacian|Zacian-Crowned|100\/100\n|-ability|p1a: Zacian|Intrepid Sword|boost\n|-boost|p1a: Zacian|atk|1\n|turn|3\n|\n|t:|1700416792\n|switch|p1a: Koraidon|Koraidon|100\/100\n|-weather|SunnyDay|[from] ability: Orichalcum Pulse|[of] p1a: Koraidon\n|-activate|p1a: Koraidon|Orichalcum Pulse|[source]\n|switch|p2a: Clodsire|Clodsire, F|100\/100\n|\n|-weather|SunnyDay|[upkeep]\n|upkeep\n|turn|4\n|\n|t:|1700416799\n|move|p1a: Koraidon|Taunt|p2a: Clodsire\n|-start|p2a: Clodsire|move: Taunt\n|cant|p2a: Clodsire|move: Taunt|Toxic\n|\n|-weather|SunnyDay|[upkeep]\n|upkeep\n|turn|5\n|inactive|entrocefalo has 270 seconds left.\n|\n|t:|1700416832\n|switch|p2a: Arceus|Arceus-Fairy|69\/100 psn\n|move|p1a: Koraidon|Swords Dance|p1a: Koraidon\n|-boost|p1a: Koraidon|atk|2\n|\n|-weather|SunnyDay|[upkeep]\n|-damage|p2a: Arceus|56\/100 psn|[from] psn\n|upkeep\n|turn|6\n|inactive|entrocefalo has 270 seconds left.\n|inactive|RichardMillePlain has 270 seconds left.\n|inactive|entrocefalo has 240 seconds left.\n|\n|t:|1700416883\n|move|p1a: Koraidon|Flare Blitz|p2a: Arceus\n|-damage|p2a: Arceus|0 fnt\n|faint|p2a: Arceus\n|-damage|p1a: Koraidon|76\/100|[from] Recoil\n|\n|-weather|SunnyDay|[upkeep]\n|upkeep\n|inactive|entrocefalo has 210 seconds left.\n|\n|t:|1700416914\n|switch|p2a: Clodsire|Clodsire, F|100\/100\n|turn|7\n|inactive|entrocefalo has 210 seconds left.\n|\n|t:|1700416921\n|move|p1a: Koraidon|Taunt|p2a: Clodsire\n|-start|p2a: Clodsire|move: Taunt\n|cant|p2a: Clodsire|move: Taunt|Recover\n|\n|-weather|none\n|upkeep\n|turn|8\n|\n|t:|1700416925\n|move|p1a: Koraidon|Swords Dance|p1a: Koraidon\n|-boost|p1a: Koraidon|atk|2\n|move|p2a: Clodsire|Earthquake|p1a: Koraidon\n|-damage|p1a: Koraidon|52\/100\n|\n|upkeep\n|turn|9\n|\n|t:|1700416935\n|move|p1a: Koraidon|Scale Shot|p2a: Clodsire\n|-damage|p2a: Clodsire|91\/100\n|-damage|p2a: Clodsire|82\/100\n|-damage|p2a: Clodsire|72\/100\n|-damage|p2a: Clodsire|62\/100\n|-hitcount|p2a: Clodsire|4\n|-unboost|p1a: Koraidon|def|1\n|-boost|p1a: Koraidon|spe|1\n|move|p2a: Clodsire|Earthquake|p1a: Koraidon\n|-damage|p1a: Koraidon|30\/100\n|\n|-end|p2a: Clodsire|move: Taunt\n|upkeep\n|turn|10\n|\n|t:|1700416945\n|move|p1a: Koraidon|Scale Shot|p2a: Clodsire\n|-damage|p2a: Clodsire|52\/100\n|-damage|p2a: Clodsire|43\/100\n|-damage|p2a: Clodsire|32\/100\n|-damage|p2a: Clodsire|21\/100\n|-hitcount|p2a: Clodsire|4\n|-unboost|p1a: Koraidon|def|1\n|-boost|p1a: Koraidon|spe|1\n|move|p2a: Clodsire|Recover|p2a: Clodsire\n|-heal|p2a: Clodsire|71\/100\n|\n|upkeep\n|turn|11\n|inactive|entrocefalo has 210 seconds left.\n|\n|t:|1700416987\n|switch|p1a: Arceus|Arceus-Ground|100\/100\n|move|p2a: Clodsire|Earthquake|p1a: Arceus\n|-damage|p1a: Arceus|81\/100\n|\n|upkeep\n|turn|12\n|\n|t:|1700416997\n|switch|p2a: Giratina|Giratina-Origin|100\/100\n|move|p1a: Arceus|Ice Beam|p2a: Giratina\n|-supereffective|p2a: Giratina\n|-damage|p2a: Giratina|64\/100\n|\n|upkeep\n|turn|13\n|\n|t:|1700417002\n|switch|p1a: Grimmsnarl|Grimmsnarl, M|100\/100\n|move|p2a: Giratina|Dragon Tail|p1a: Grimmsnarl\n|-immune|p1a: Grimmsnarl\n|\n|upkeep\n|turn|14\n|\n|t:|1700417013\n|switch|p2a: Garganacl|Garganacl, M|100\/100\n|switch|p1a: Arceus|Arceus-Ground|81\/100\n|\n|upkeep\n|turn|15\n|inactive|entrocefalo has 210 seconds left.\n|inactive|entrocefalo has 180 seconds left.\n|inactive|RichardMillePlain has 270 seconds left.\n|\n|t:|1700417054\n|-terastallize|p2a: Garganacl|Flying\n|move|p1a: Arceus|Earthquake|p2a: Garganacl\n|-immune|p2a: Garganacl\n|move|p2a: Garganacl|Salt Cure|p1a: Arceus\n|-resisted|p1a: Arceus\n|-damage|p1a: Arceus|76\/100\n|-start|p1a: Arceus|Salt Cure\n|\n|-damage|p1a: Arceus|63\/100|[from] Salt Cure\n|upkeep\n|turn|16\n|inactive|entrocefalo has 180 seconds left.\n|inactive|RichardMillePlain has 270 seconds left.\n|\n|t:|1700417072\n|move|p1a: Arceus|Taunt|p2a: Garganacl\n|-start|p2a: Garganacl|move: Taunt\n|cant|p2a: Garganacl|move: Taunt|Iron Defense\n|\n|-damage|p1a: Arceus|51\/100|[from] Salt Cure\n|upkeep\n|turn|17\n|inactive|RichardMillePlain has 270 seconds left.\n|inactive|entrocefalo has 150 seconds left.\n|\n|t:|1700417113\n|switch|p2a: Koraidon|Koraidon|100\/100\n|-weather|SunnyDay|[from] ability: Orichalcum Pulse|[of] p2a: Koraidon\n|-activate|p2a: Koraidon|Orichalcum Pulse|[source]\n|move|p1a: Arceus|Ice Beam|p2a: Koraidon\n|-supereffective|p2a: Koraidon\n|-damage|p2a: Koraidon|52\/100\n|\n|-weather|SunnyDay|[upkeep]\n|-damage|p1a: Arceus|39\/100|[from] Salt Cure\n|upkeep\n|turn|18\n|inactive|RichardMillePlain has 270 seconds left.\n|inactive|RichardMillePlain has 240 seconds left.\n|\n|t:|1700417180\n|switch|p1a: Grimmsnarl|Grimmsnarl, M|100\/100\n|move|p2a: Koraidon|Flare Blitz|p1a: Grimmsnarl\n|-damage|p1a: Grimmsnarl|0 fnt\n|faint|p1a: Grimmsnarl\n|-damage|p2a: Koraidon|14\/100|[from] Recoil\n|\n|-weather|SunnyDay|[upkeep]\n|upkeep\n|\n|t:|1700417186\n|switch|p1a: Miraidon|Miraidon|100\/100\n|-fieldstart|move: Electric Terrain|[from] ability: Hadron Engine|[of] p1a: Miraidon\n|turn|19\n|inactive|entrocefalo has 120 seconds left.\n|\n|t:|1700417209\n|switch|p1a: Koraidon|Koraidon|30\/100\n|-activate|p1a: Koraidon|ability: Orichalcum Pulse\n|move|p2a: Koraidon|Dragon Claw|p1a: Koraidon\n|-supereffective|p1a: Koraidon\n|-damage|p1a: Koraidon|0 fnt\n|faint|p1a: Koraidon\n|\n|-weather|SunnyDay|[upkeep]\n|upkeep\n|\n|t:|1700417220\n|switch|p1a: Zacian|Zacian-Crowned|100\/100\n|turn|20\n|inactive|entrocefalo has 120 seconds left.\n|inactive|entrocefalo has 90 seconds left.\n|\n|t:|1700417291\n|switch|p2a: Garganacl|Garganacl, M, tera:Flying|100\/100\n|move|p1a: Zacian|Behemoth Blade|p2a: Garganacl\n|-damage|p2a: Garganacl|68\/100\n|\n|-weather|SunnyDay|[upkeep]\n|-heal|p2a: Garganacl|74\/100|[from] item: Leftovers\n|upkeep\n|turn|21\n|\n|t:|1700417304\n|switch|p1a: Miraidon|Miraidon|100\/100\n|-activate|p1a: Miraidon|ability: Hadron Engine\n|move|p2a: Garganacl|Salt Cure|p1a: Miraidon\n|-damage|p1a: Miraidon|88\/100\n|-start|p1a: Miraidon|Salt Cure\n|\n|-weather|none\n|-heal|p2a: Garganacl|80\/100|[from] item: Leftovers\n|-damage|p1a: Miraidon|75\/100|[from] Salt Cure\n|upkeep\n|turn|22\n|inactive|RichardMillePlain has 240 seconds left.\n|\n|t:|1700417315\n|switch|p1a: Arceus|Arceus-Ground|39\/100\n|switch|p2a: Blissey|Blissey, F|100\/100\n|\n|upkeep\n|turn|23\n|inactive|RichardMillePlain has 240 seconds left.\n|inactive|entrocefalo has 60 seconds left.\n|inactive|entrocefalo has 30 seconds left.\n|\n|t:|1700417370\n|switch|p2a: Garganacl|Garganacl, M, tera:Flying|80\/100\n|move|p1a: Arceus|Ice Beam|p2a: Garganacl\n|-supereffective|p2a: Garganacl\n|-damage|p2a: Garganacl|42\/100\n|\n|-heal|p2a: Garganacl|48\/100|[from] item: Leftovers\n|-fieldend|move: Electric Terrain\n|upkeep\n|turn|24\n|inactive|entrocefalo has 30 seconds left.\n|\n|t:|1700417384\n|move|p1a: Arceus|Taunt|p2a: Garganacl\n|-start|p2a: Garganacl|move: Taunt\n|move|p2a: Garganacl|Salt Cure|p1a: Arceus\n|-resisted|p1a: Arceus\n|-damage|p1a: Arceus|33\/100\n|-start|p1a: Arceus|Salt Cure\n|\n|-heal|p2a: Garganacl|54\/100|[from] item: Leftovers\n|-damage|p1a: Arceus|21\/100|[from] Salt Cure\n|upkeep\n|turn|25\n|inactive|entrocefalo has 30 seconds left.\n|\n|t:|1700417396\n|switch|p2a: Giratina|Giratina-Origin|64\/100\n|move|p1a: Arceus|Ice Beam|p2a: Giratina\n|-supereffective|p2a: Giratina\n|-damage|p2a: Giratina|29\/100\n|\n|-damage|p1a: Arceus|9\/100|[from] Salt Cure\n|upkeep\n|turn|26\n|\n|t:|1700417401\n|move|p2a: Giratina|Shadow Sneak|p1a: Arceus\n|-damage|p1a: Arceus|0 fnt\n|faint|p1a: Arceus\n|\n|upkeep\n|\n|t:|1700417403\n|switch|p1a: Miraidon|Miraidon|75\/100\n|-fieldstart|move: Electric Terrain|[from] ability: Hadron Engine|[of] p1a: Miraidon\n|turn|27\n|\n|t:|1700417417\n|switch|p2a: Blissey|Blissey, F|100\/100\n|move|p1a: Miraidon|Parabolic Charge|p2a: Blissey\n|-damage|p2a: Blissey|78\/100\n|-heal|p1a: Miraidon|93\/100|[from] drain|[of] p2a: Blissey\n|\n|upkeep\n|turn|28\n|\n|t:|1700417438\n|switch|p1a: Zacian|Zacian-Crowned|100\/100\n|move|p2a: Blissey|Seismic Toss|p1a: Zacian\n|-damage|p1a: Zacian|70\/100\n|\n|upkeep\n|turn|29\n|\n|t:|1700417454\n|switch|p2a: Koraidon|Koraidon|14\/100\n|-weather|SunnyDay|[from] ability: Orichalcum Pulse|[of] p2a: Koraidon\n|-activate|p2a: Koraidon|Orichalcum Pulse|[source]\n|move|p1a: Zacian|Behemoth Blade|p2a: Koraidon\n|-damage|p2a: Koraidon|0 fnt\n|faint|p2a: Koraidon\n|\n|-weather|SunnyDay|[upkeep]\n|upkeep\n|inactive|entrocefalo has 30 seconds left.\n|\n|t:|1700417479\n|switch|p2a: Garganacl|Garganacl, M, tera:Flying|54\/100\n|turn|30\n|inactive|entrocefalo has 30 seconds left.\n|\n|t:|1700417489\n|-terastallize|p1a: Zacian|Steel\n|move|p1a: Zacian|Behemoth Blade|p2a: Garganacl\n|-damage|p2a: Garganacl|9\/100\n|move|p2a: Garganacl|Recover|p2a: Garganacl\n|-heal|p2a: Garganacl|59\/100\n|\n|-weather|SunnyDay|[upkeep]\n|-heal|p2a: Garganacl|66\/100|[from] item: Leftovers\n|upkeep\n|turn|31\n|inactive|RichardMillePlain has 270 seconds left.\n|inactive|entrocefalo has 30 seconds left.\n|inactive|entrocefalo has 20 seconds left.\n|\n|t:|1700417513\n|move|p1a: Zacian|Behemoth Blade|p2a: Garganacl\n|-damage|p2a: Garganacl|24\/100\n|move|p2a: Garganacl|Body Press|p1a: Zacian\n|-supereffective|p1a: Zacian\n|-damage|p1a: Zacian|19\/100\n|\n|-weather|SunnyDay|[upkeep]\n|-heal|p2a: Garganacl|30\/100|[from] item: Leftovers\n|-fieldend|move: Electric Terrain\n|upkeep\n|turn|32\n|inactive|entrocefalo has 30 seconds left this turn.\n|inactive|entrocefalo has 20 seconds left.\n|\n|t:|1700417527\n|move|p1a: Zacian|Behemoth Blade|p2a: Garganacl\n|-damage|p2a: Garganacl|0 fnt\n|faint|p2a: Garganacl\n|\n|-weather|SunnyDay|[upkeep]\n|upkeep\n|inactive|entrocefalo has 25 seconds left this turn.\n|\n|t:|1700417531\n|switch|p2a: Giratina|Giratina-Origin|29\/100\n|turn|33\n|\n|t:|1700417535\n|switch|p1a: Miraidon|Miraidon|93\/100\n|-fieldstart|move: Electric Terrain|[from] ability: Hadron Engine|[of] p1a: Miraidon\n|move|p2a: Giratina|Shadow Sneak|p1a: Miraidon\n|-damage|p1a: Miraidon|71\/100\n|\n|-weather|none\n|upkeep\n|turn|34\n|inactive|entrocefalo has 30 seconds left.\n|inactive|entrocefalo has 20 seconds left.\n|\n|t:|1700417568\n|switch|p1a: Zacian|Zacian-Crowned, tera:Steel|19\/100\n|switch|p2a: Blissey|Blissey, F|78\/100\n|\n|upkeep\n|turn|35\n|inactive|entrocefalo has 30 seconds left this turn.\n|\n|t:|1700417575\n|move|p1a: Zacian|Behemoth Blade|p2a: Blissey\n|-damage|p2a: Blissey|2\/100\n|move|p2a: Blissey|Seismic Toss|p1a: Zacian\n|-damage|p1a: Zacian|0 fnt\n|faint|p1a: Zacian\n|\n|upkeep\n|inactive|entrocefalo has 30 seconds left this turn.\n|\n|t:|1700417579\n|switch|p1a: Miraidon|Miraidon|71\/100\n|-activate|p1a: Miraidon|ability: Hadron Engine\n|turn|36\n|\n|t:|1700417582\n|move|p1a: Miraidon|Parabolic Charge|p2a: Blissey\n|-damage|p2a: Blissey|0 fnt\n|-heal|p1a: Miraidon|73\/100|[from] drain|[of] p2a: Blissey\n|faint|p2a: Blissey\n|\n|upkeep\n|\n|t:|1700417587\n|switch|p2a: Clodsire|Clodsire, F|71\/100\n|turn|37\n|\n|t:|1700417606\n|move|p1a: Miraidon|Tera Blast|p2a: Clodsire\n|-damage|p2a: Clodsire|43\/100\n|move|p2a: Clodsire|Earthquake|p1a: Miraidon\n|-supereffective|p1a: Miraidon\n|-damage|p1a: Miraidon|27\/100\n|\n|-fieldend|move: Electric Terrain\n|upkeep\n|turn|38\n|\n|t:|1700417613\n|move|p1a: Miraidon|Tera Blast|p2a: Clodsire\n|-damage|p2a: Clodsire|20\/100\n|move|p2a: Clodsire|Earthquake|p1a: Miraidon\n|-supereffective|p1a: Miraidon\n|-damage|p1a: Miraidon|0 fnt\n|faint|p1a: Miraidon\n|\n|win|entrocefalo\n|c|\u2606RichardMillePlain|gg\n|c|\u2606entrocefalo|gg\n|player|p1|RichardMillePlain|lucas\n|player|p1|\n","uploadtime":1700417614,"views":216,"p1id":"richardmilleplain","p2id":"entrocefalo","formatid":"gen9ubers","rating":0,"private":0,"password":""}