{"id":"smogtours-gen9ubers-732465","p1":"fardin","p2":"Inder","format":"[Gen 9] Ubers","log":"|inactive|Battle timer is ON: inactive players will automatically lose when time's up.\n|t:|1700946645\n|gametype|singles\n|player|p1|fardin|lucas|\n|player|p2|Inder|#pmpliidachsbuns|\n|teamsize|p1|6\n|teamsize|p2|6\n|gen|9\n|tier|[Gen 9] Ubers\n|rule|Sleep Clause Mod: Limit one foe put to sleep\n|rule|Species Clause: Limit one of each Pok\u00e9mon\n|rule|OHKO Clause: OHKO moves are banned\n|rule|Evasion Items Clause: Evasion items are banned\n|rule|Evasion Moves Clause: Evasion moves are banned\n|rule|Endless Battle Clause: Forcing endless battles is banned\n|rule|HP Percentage Mod: HP is shown in percentages\n|clearpoke\n|poke|p1|Zacian-*|\n|poke|p1|Koraidon|\n|poke|p1|Eternatus|\n|poke|p1|Arceus-Steel|\n|poke|p1|Gliscor, F|\n|poke|p1|Groudon|\n|poke|p2|Gliscor, F|\n|poke|p2|Clodsire, M|\n|poke|p2|Miraidon|\n|poke|p2|Koraidon|\n|poke|p2|Arceus|\n|poke|p2|Zacian-*|\n|teampreview\n|inactive|fardin also wants the timer to be on.\n|c|\u2606fardin|hf\n|c|\u2606Inder|hf\n|\n|t:|1700946665\n|start\n|switch|p1a: Gliscor|Gliscor, F|100\/100\n|switch|p2a: Gliscor|Gliscor, F|100\/100\n|turn|1\n|\n|t:|1700946670\n|move|p1a: Gliscor|Protect|p1a: Gliscor\n|-singleturn|p1a: Gliscor|Protect\n|move|p2a: Gliscor|Taunt|p1a: Gliscor\n|-activate|p1a: Gliscor|move: Protect\n|\n|-status|p2a: Gliscor|tox|[from] item: Toxic Orb\n|-status|p1a: Gliscor|tox|[from] item: Toxic Orb\n|upkeep\n|turn|2\n|\n|t:|1700946678\n|move|p2a: Gliscor|Taunt|p1a: Gliscor\n|-start|p1a: Gliscor|move: Taunt\n|cant|p1a: Gliscor|move: Taunt|Spikes\n|\n|upkeep\n|turn|3\n|\n|t:|1700946681\n|switch|p1a: Eternatus|Eternatus|100\/100\n|-ability|p1a: Eternatus|Pressure\n|move|p2a: Gliscor|Toxic|p1a: Eternatus\n|-immune|p1a: Eternatus\n|\n|upkeep\n|turn|4\n|\n|t:|1700946685\n|switch|p1a: Gliscor|Gliscor, F|100\/100 tox\n|move|p2a: Gliscor|Earthquake|p1a: Gliscor\n|-immune|p1a: Gliscor\n|\n|upkeep\n|turn|5\n|\n|t:|1700946687\n|switch|p1a: Eternatus|Eternatus|100\/100\n|-ability|p1a: Eternatus|Pressure\n|move|p2a: Gliscor|Taunt|p1a: Eternatus\n|-start|p1a: Eternatus|move: Taunt\n|\n|upkeep\n|turn|6\n|\n|t:|1700946690\n|switch|p1a: Gliscor|Gliscor, F|100\/100 tox\n|switch|p2a: Clodsire|Clodsire, M|100\/100\n|\n|upkeep\n|turn|7\n|\n|t:|1700946696\n|move|p1a: Gliscor|Earthquake|p2a: Clodsire\n|-supereffective|p2a: Clodsire\n|-damage|p2a: Clodsire|53\/100\n|move|p2a: Clodsire|Spikes|p1a: Gliscor\n|-sidestart|p1: fardin|Spikes\n|\n|upkeep\n|turn|8\n|\n|t:|1700946714\n|move|p1a: Gliscor|Spikes|p2a: Clodsire\n|-sidestart|p2: Inder|Spikes\n|move|p2a: Clodsire|Recover|p2a: Clodsire\n|-heal|p2a: Clodsire|100\/100\n|\n|upkeep\n|turn|9\n|\n|t:|1700946718\n|switch|p2a: Miraidon|Miraidon|100\/100\n|-fieldstart|move: Electric Terrain|[from] ability: Hadron Engine|[of] p2a: Miraidon\n|move|p1a: Gliscor|Earthquake|p2a: Miraidon\n|-supereffective|p2a: Miraidon\n|-damage|p2a: Miraidon|34\/100\n|\n|upkeep\n|turn|10\n|\n|t:|1700946723\n|move|p1a: Gliscor|Protect|p1a: Gliscor\n|-singleturn|p1a: Gliscor|Protect\n|move|p2a: Miraidon|Draco Meteor|p1a: Gliscor\n|-activate|p1a: Gliscor|move: Protect\n|\n|upkeep\n|turn|11\n|\n|t:|1700946725\n|switch|p1a: Arceus|Arceus-Steel|100\/100\n|-damage|p1a: Arceus|88\/100|[from] Spikes\n|move|p2a: Miraidon|Draco Meteor|p1a: Arceus\n|-resisted|p1a: Arceus\n|-damage|p1a: Arceus|57\/100\n|-unboost|p2a: Miraidon|spa|2\n|\n|upkeep\n|turn|12\n|\n|t:|1700946728\n|move|p2a: Miraidon|Taunt|p1a: Arceus\n|-start|p1a: Arceus|move: Taunt\n|cant|p1a: Arceus|move: Taunt|Recover\n|\n|upkeep\n|turn|13\n|c|\u2606fardin|thats not specs damage\n|c|\u2606fardin|lol\n|\n|t:|1700946738\n|switch|p1a: Gliscor|Gliscor, F|100\/100 tox\n|move|p2a: Miraidon|U-turn|p1a: Gliscor\n|-resisted|p1a: Gliscor\n|-damage|p1a: Gliscor|96\/100 tox\n|c|\u2606Inder|didn't u see im boots\n|c|\u2606Inder|stop skip turn\n|c|\u2606Inder|noob\n|c|\u2606fardin|.\n|\n|t:|1700946758\n|switch|p2a: Arceus|Arceus|100\/100|[from] U-turn\n|\n|-heal|p1a: Gliscor|100\/100 tox|[from] ability: Poison Heal\n|-fieldend|move: Electric Terrain\n|upkeep\n|turn|14\n|\n|t:|1700946771\n|switch|p1a: Koraidon|Koraidon|100\/100\n|-damage|p1a: Koraidon|88\/100|[from] Spikes\n|-weather|SunnyDay|[from] ability: Orichalcum Pulse|[of] p1a: Koraidon\n|-activate|p1a: Koraidon|Orichalcum Pulse|[source]\n|move|p2a: Arceus|Taunt|p1a: Koraidon\n|-start|p1a: Koraidon|move: Taunt\n|\n|-weather|SunnyDay|[upkeep]\n|upkeep\n|turn|15\n|\n|t:|1700946778\n|switch|p2a: Gliscor|Gliscor, F|100\/100 tox\n|move|p1a: Koraidon|U-turn|p2a: Gliscor\n|-resisted|p2a: Gliscor\n|-damage|p2a: Gliscor|87\/100 tox\n|\n|t:|1700946781\n|switch|p1a: Arceus|Arceus-Steel|57\/100|[from] U-turn\n|-damage|p1a: Arceus|44\/100|[from] Spikes\n|\n|-weather|SunnyDay|[upkeep]\n|-heal|p2a: Gliscor|99\/100 tox|[from] ability: Poison Heal\n|upkeep\n|turn|16\n|\n|t:|1700946786\n|switch|p2a: Miraidon|Miraidon|34\/100\n|-fieldstart|move: Electric Terrain|[from] ability: Hadron Engine|[of] p2a: Miraidon\n|move|p1a: Arceus|Recover|p1a: Arceus\n|-heal|p1a: Arceus|94\/100\n|\n|-weather|SunnyDay|[upkeep]\n|upkeep\n|turn|17\n|\n|t:|1700946795\n|switch|p1a: Gliscor|Gliscor, F|100\/100 tox\n|move|p2a: Miraidon|Electro Drift|p1a: Gliscor\n|-immune|p1a: Gliscor\n|\n|-weather|SunnyDay|[upkeep]\n|upkeep\n|turn|18\n|\n|t:|1700946798\n|move|p2a: Miraidon|Draco Meteor|p1a: Gliscor\n|-damage|p1a: Gliscor|23\/100 tox\n|-unboost|p2a: Miraidon|spa|2\n|move|p1a: Gliscor|Earthquake|p2a: Miraidon\n|-supereffective|p2a: Miraidon\n|-damage|p2a: Miraidon|0 fnt\n|faint|p2a: Miraidon\n|\n|-weather|none\n|-heal|p1a: Gliscor|35\/100 tox|[from] ability: Poison Heal\n|upkeep\n|\n|t:|1700946801\n|switch|p2a: Zacian|Zacian-Crowned|100\/100\n|-damage|p2a: Zacian|88\/100|[from] Spikes\n|-ability|p2a: Zacian|Intrepid Sword|boost\n|-boost|p2a: Zacian|atk|1\n|turn|19\n|\n|t:|1700946808\n|move|p2a: Zacian|Behemoth Blade|p1a: Gliscor\n|-damage|p1a: Gliscor|0 fnt\n|faint|p1a: Gliscor\n|\n|upkeep\n|\n|t:|1700946811\n|switch|p1a: Koraidon|Koraidon|88\/100\n|-damage|p1a: Koraidon|76\/100|[from] Spikes\n|-weather|SunnyDay|[from] ability: Orichalcum Pulse|[of] p1a: Koraidon\n|-activate|p1a: Koraidon|Orichalcum Pulse|[source]\n|turn|20\n|\n|t:|1700946818\n|move|p1a: Koraidon|U-turn|p2a: Zacian\n|-resisted|p2a: Zacian\n|-damage|p2a: Zacian|80\/100\n|\n|t:|1700946820\n|switch|p1a: Chisato|Groudon|100\/100|[from] U-turn\n|-damage|p1a: Chisato|88\/100|[from] Spikes\n|move|p2a: Zacian|Behemoth Blade|p1a: Chisato\n|-damage|p1a: Chisato|43\/100\n|\n|-weather|SunnyDay|[upkeep]\n|-heal|p1a: Chisato|49\/100|[from] item: Leftovers\n|-fieldend|move: Electric Terrain\n|upkeep\n|turn|21\n|\n|t:|1700946831\n|switch|p2a: Gliscor|Gliscor, F|99\/100 tox\n|move|p1a: Chisato|Precipice Blades|p2a: Gliscor\n|-immune|p2a: Gliscor\n|\n|-weather|SunnyDay|[upkeep]\n|-heal|p1a: Chisato|56\/100|[from] item: Leftovers\n|-heal|p2a: Gliscor|100\/100 tox|[from] ability: Poison Heal\n|upkeep\n|turn|22\n|\n|t:|1700946834\n|switch|p1a: Eternatus|Eternatus|100\/100\n|-ability|p1a: Eternatus|Pressure\n|move|p2a: Gliscor|Earthquake|p1a: Eternatus\n|-supereffective|p1a: Eternatus\n|-damage|p1a: Eternatus|45\/100\n|\n|-weather|SunnyDay|[upkeep]\n|upkeep\n|turn|23\n|\n|t:|1700946843\n|switch|p2a: Clodsire|Clodsire, M|100\/100\n|move|p1a: Eternatus|Recover|p1a: Eternatus\n|-heal|p1a: Eternatus|95\/100\n|\n|-weather|SunnyDay|[upkeep]\n|upkeep\n|turn|24\n|\n|t:|1700946849\n|move|p1a: Eternatus|Flamethrower|p2a: Clodsire\n|-damage|p2a: Clodsire|69\/100\n|move|p2a: Clodsire|Spikes|p1a: Eternatus\n|-sidestart|p1: fardin|Spikes\n|\n|-weather|none\n|upkeep\n|turn|25\n|\n|t:|1700946851\n|move|p1a: Eternatus|Flamethrower|p2a: Clodsire\n|-damage|p2a: Clodsire|49\/100\n|move|p2a: Clodsire|Spikes|p1a: Eternatus\n|-sidestart|p1: fardin|Spikes\n|\n|upkeep\n|turn|26\n|\n|t:|1700946853\n|move|p1a: Eternatus|Flamethrower|p2a: Clodsire\n|-damage|p2a: Clodsire|28\/100\n|move|p2a: Clodsire|Recover|p2a: Clodsire\n|-heal|p2a: Clodsire|78\/100\n|\n|upkeep\n|turn|27\n|\n|t:|1700946855\n|switch|p2a: Gliscor|Gliscor, F|100\/100 tox\n|move|p1a: Eternatus|Flamethrower|p2a: Gliscor\n|-damage|p2a: Gliscor|74\/100 tox\n|\n|-heal|p2a: Gliscor|87\/100 tox|[from] ability: Poison Heal\n|upkeep\n|turn|28\n|\n|t:|1700946858\n|move|p1a: Eternatus|Dynamax Cannon|p2a: Gliscor\n|-damage|p2a: Gliscor|48\/100 tox\n|move|p2a: Gliscor|Taunt|p1a: Eternatus\n|-start|p1a: Eternatus|move: Taunt\n|\n|-heal|p2a: Gliscor|61\/100 tox|[from] ability: Poison Heal\n|upkeep\n|turn|29\n|\n|t:|1700946860\n|move|p2a: Gliscor|Protect|p2a: Gliscor\n|-singleturn|p2a: Gliscor|Protect\n|move|p1a: Eternatus|Flamethrower|p2a: Gliscor\n|-activate|p2a: Gliscor|move: Protect\n|\n|-heal|p2a: Gliscor|73\/100 tox|[from] ability: Poison Heal\n|upkeep\n|turn|30\n|\n|t:|1700946862\n|switch|p2a: Clodsire|Clodsire, M|78\/100\n|move|p1a: Eternatus|Dynamax Cannon|p2a: Clodsire\n|-damage|p2a: Clodsire|43\/100\n|\n|upkeep\n|turn|31\n|\n|t:|1700946865\n|move|p1a: Eternatus|Flamethrower|p2a: Clodsire\n|-damage|p2a: Clodsire|22\/100\n|move|p2a: Clodsire|Recover|p2a: Clodsire\n|-heal|p2a: Clodsire|72\/100\n|\n|-end|p1a: Eternatus|move: Taunt\n|upkeep\n|turn|32\n|\n|t:|1700946867\n|move|p1a: Eternatus|Flamethrower|p2a: Clodsire\n|-damage|p2a: Clodsire|53\/100\n|move|p2a: Clodsire|Earthquake|p1a: Eternatus\n|-supereffective|p1a: Eternatus\n|-damage|p1a: Eternatus|54\/100\n|\n|upkeep\n|turn|33\n|\n|t:|1700946870\n|move|p1a: Eternatus|Flamethrower|p2a: Clodsire\n|-damage|p2a: Clodsire|32\/100\n|move|p2a: Clodsire|Recover|p2a: Clodsire\n|-heal|p2a: Clodsire|83\/100\n|\n|upkeep\n|turn|34\n|\n|t:|1700946872\n|switch|p2a: Gliscor|Gliscor, F|73\/100 tox\n|move|p1a: Eternatus|Recover|p1a: Eternatus\n|-heal|p1a: Eternatus|100\/100\n|\n|-heal|p2a: Gliscor|86\/100 tox|[from] ability: Poison Heal\n|upkeep\n|turn|35\n|\n|t:|1700946874\n|move|p2a: Gliscor|Protect|p2a: Gliscor\n|-singleturn|p2a: Gliscor|Protect\n|move|p1a: Eternatus|Flamethrower|p2a: Gliscor\n|-activate|p2a: Gliscor|move: Protect\n|\n|-heal|p2a: Gliscor|98\/100 tox|[from] ability: Poison Heal\n|upkeep\n|turn|36\n|\n|t:|1700946879\n|move|p1a: Eternatus|Dynamax Cannon|p2a: Gliscor\n|-damage|p2a: Gliscor|56\/100 tox\n|move|p2a: Gliscor|Taunt|p1a: Eternatus\n|-start|p1a: Eternatus|move: Taunt\n|\n|-heal|p2a: Gliscor|69\/100 tox|[from] ability: Poison Heal\n|upkeep\n|turn|37\n|\n|t:|1700946883\n|move|p1a: Eternatus|Flamethrower|p2a: Gliscor\n|-damage|p2a: Gliscor|44\/100 tox\n|move|p2a: Gliscor|Earthquake|p1a: Eternatus\n|-supereffective|p1a: Eternatus\n|-damage|p1a: Eternatus|47\/100\n|\n|-heal|p2a: Gliscor|57\/100 tox|[from] ability: Poison Heal\n|upkeep\n|turn|38\n|\n|t:|1700946887\n|move|p1a: Eternatus|Dynamax Cannon|p2a: Gliscor\n|-damage|p2a: Gliscor|16\/100 tox\n|move|p2a: Gliscor|Earthquake|p1a: Eternatus\n|-supereffective|p1a: Eternatus\n|-damage|p1a: Eternatus|0 fnt\n|faint|p1a: Eternatus\n|\n|-heal|p2a: Gliscor|28\/100 tox|[from] ability: Poison Heal\n|upkeep\n|\n|t:|1700946889\n|switch|p1a: Arceus|Arceus-Steel|94\/100\n|-damage|p1a: Arceus|69\/100|[from] Spikes\n|turn|39\n|\n|t:|1700946896\n|switch|p2a: Koraidon|Koraidon|100\/100\n|-damage|p2a: Koraidon|88\/100|[from] Spikes\n|-weather|SunnyDay|[from] ability: Orichalcum Pulse|[of] p2a: Koraidon\n|-activate|p2a: Koraidon|Orichalcum Pulse|[source]\n|move|p1a: Arceus|Calm Mind|p1a: Arceus\n|-boost|p1a: Arceus|spa|1\n|-boost|p1a: Arceus|spd|1\n|\n|-weather|SunnyDay|[upkeep]\n|upkeep\n|turn|40\n|\n|t:|1700946904\n|switch|p1a: Chisato|Groudon|56\/100\n|-damage|p1a: Chisato|31\/100|[from] Spikes\n|move|p2a: Koraidon|U-turn|p1a: Chisato\n|-damage|p1a: Chisato|15\/100\n|\n|t:|1700946906\n|switch|p2a: Gliscor|Gliscor, F|28\/100 tox|[from] U-turn\n|\n|-weather|SunnyDay|[upkeep]\n|-heal|p1a: Chisato|21\/100|[from] item: Leftovers\n|-heal|p2a: Gliscor|41\/100 tox|[from] ability: Poison Heal\n|upkeep\n|turn|41\n|\n|t:|1700946914\n|move|p2a: Gliscor|Taunt|p1a: Chisato\n|-start|p1a: Chisato|move: Taunt\n|move|p1a: Chisato|Heat Crash|p2a: Gliscor\n|-damage|p2a: Gliscor|0 fnt\n|faint|p2a: Gliscor\n|\n|-weather|SunnyDay|[upkeep]\n|-heal|p1a: Chisato|27\/100|[from] item: Leftovers\n|upkeep\n|\n|t:|1700946918\n|switch|p2a: Zacian|Zacian-Crowned|80\/100\n|-damage|p2a: Zacian|68\/100|[from] Spikes\n|turn|42\n|\n|t:|1700946923\n|move|p2a: Zacian|Behemoth Blade|p1a: Chisato\n|-crit|p1a: Chisato\n|-damage|p1a: Chisato|0 fnt\n|faint|p1a: Chisato\n|\n|-weather|SunnyDay|[upkeep]\n|upkeep\n|\n|t:|1700946933\n|switch|p1a: Waifu|Zacian-Crowned|100\/100\n|-damage|p1a: Waifu|76\/100|[from] Spikes\n|-ability|p1a: Waifu|Intrepid Sword|boost\n|-boost|p1a: Waifu|atk|1\n|turn|43\n|\n|t:|1700946937\n|move|p2a: Zacian|Behemoth Blade|p1a: Waifu\n|-damage|p1a: Waifu|24\/100\n|move|p1a: Waifu|Behemoth Blade|p2a: Zacian\n|-damage|p2a: Zacian|0 fnt\n|faint|p2a: Zacian\n|\n|-weather|none\n|upkeep\n|\n|t:|1700946946\n|switch|p2a: Koraidon|Koraidon|88\/100\n|-damage|p2a: Koraidon|76\/100|[from] Spikes\n|-weather|SunnyDay|[from] ability: Orichalcum Pulse|[of] p2a: Koraidon\n|-activate|p2a: Koraidon|Orichalcum Pulse|[source]\n|turn|44\n|\n|t:|1700946950\n|move|p2a: Koraidon|Low Kick|p1a: Waifu\n|-damage|p1a: Waifu|0 fnt\n|faint|p1a: Waifu\n|\n|-weather|SunnyDay|[upkeep]\n|upkeep\n|\n|t:|1700946952\n|switch|p1a: Koraidon|Koraidon|76\/100\n|-damage|p1a: Koraidon|51\/100|[from] Spikes\n|-activate|p1a: Koraidon|ability: Orichalcum Pulse\n|turn|45\n|\n|t:|1700946963\n|switch|p2a: Clodsire|Clodsire, M|83\/100\n|move|p1a: Koraidon|Outrage|p2a: Clodsire\n|-damage|p2a: Clodsire|18\/100\n|\n|-weather|SunnyDay|[upkeep]\n|upkeep\n|turn|46\n|\n|t:|1700946967\n|move|p1a: Koraidon|Outrage|p2a: Clodsire|[from]lockedmove\n|-damage|p2a: Clodsire|0 fnt\n|faint|p2a: Clodsire\n|-start|p1a: Koraidon|confusion|[fatigue]\n|\n|-weather|SunnyDay|[upkeep]\n|upkeep\n|\n|t:|1700946968\n|switch|p2a: Arceus|Arceus|100\/100\n|turn|47\n|\n|t:|1700946978\n|-terastallize|p1a: Koraidon|Ghost\n|-activate|p1a: Koraidon|confusion\n|move|p1a: Koraidon|Outrage|p2a: Arceus\n|-damage|p2a: Arceus|40\/100\n|move|p2a: Arceus|Swords Dance|p2a: Arceus\n|-boost|p2a: Arceus|atk|2\n|\n|-weather|SunnyDay|[upkeep]\n|upkeep\n|turn|48\n|\n|t:|1700946983\n|-activate|p1a: Koraidon|confusion\n|-damage|p1a: Koraidon|37\/100|[from] confusion\n|move|p2a: Arceus|Shadow Claw|p1a: Koraidon\n|-supereffective|p1a: Koraidon\n|-damage|p1a: Koraidon|0 fnt\n|faint|p1a: Koraidon\n|\n|-weather|none\n|upkeep\n|c|\u2606fardin|gg\n|c|\u2606Inder|gg\n|-message|fardin forfeited.\n|\n|win|Inder\n","uploadtime":1700946992,"views":3,"p1id":"fardin","p2id":"inder","formatid":"gen9ubers","rating":0,"private":0,"password":""}