{"id":"smogtours-gen9ubers-727621","p1":"Highlord","p2":"M Dragon","format":"[Gen 9] Ubers","log":"|inactive|Battle timer is ON: inactive players will automatically lose when time's up.\n|t:|1698613398\n|gametype|singles\n|player|p1|Highlord|#scl3foxes|\n|player|p2|M Dragon|170|\n|teamsize|p1|6\n|teamsize|p2|6\n|gen|9\n|tier|[Gen 9] Ubers\n|rule|Sleep Clause Mod: Limit one foe put to sleep\n|rule|Species Clause: Limit one of each Pok\u00e9mon\n|rule|OHKO Clause: OHKO moves are banned\n|rule|Evasion Items Clause: Evasion items are banned\n|rule|Evasion Moves Clause: Evasion moves are banned\n|rule|Endless Battle Clause: Forcing endless battles is banned\n|rule|HP Percentage Mod: HP is shown in percentages\n|clearpoke\n|poke|p1|Ribombee, F|\n|poke|p1|Miraidon|\n|poke|p1|Arceus-Ground|\n|poke|p1|Zacian-*|\n|poke|p1|Koraidon|\n|poke|p1|Basculegion, M|\n|poke|p2|Glimmora, F|\n|poke|p2|Rayquaza|\n|poke|p2|Miraidon|\n|poke|p2|Koraidon|\n|poke|p2|Zacian-*|\n|poke|p2|Arceus|\n|teampreview\n|inactive|M Dragon has 270 seconds left.\n|inactive|Highlord has 270 seconds left.\n|inactive|Highlord has 240 seconds left.\n|\n|t:|1698613471\n|start\n|switch|p1a: Ribombee|Ribombee, F|100\/100\n|switch|p2a: Glimmora|Glimmora, F|100\/100\n|turn|1\n|\n|t:|1698613482\n|move|p1a: Ribombee|Psychic|p2a: Glimmora\n|-supereffective|p2a: Glimmora\n|-damage|p2a: Glimmora|26\/100\n|move|p2a: Glimmora|Mortal Spin|p1a: Ribombee\n|-supereffective|p1a: Ribombee\n|-damage|p1a: Ribombee|74\/100\n|\n|upkeep\n|turn|2\n|inactive|Highlord has 270 seconds left.\n|\n|t:|1698613520\n|move|p1a: Ribombee|Psychic|p2a: Glimmora\n|-supereffective|p2a: Glimmora\n|-damage|p2a: Glimmora|0 fnt\n|faint|p2a: Glimmora\n|\n|upkeep\n|\n|t:|1698613527\n|switch|p2a: Koraidon|Koraidon|100\/100\n|-weather|SunnyDay|[from] ability: Orichalcum Pulse|[of] p2a: Koraidon\n|-activate|p2a: Koraidon|Orichalcum Pulse|[source]\n|turn|3\n|inactive|Highlord has 270 seconds left.\n|inactive|Highlord has 240 seconds left.\n|\n|t:|1698613583\n|switch|p1a: Miraidon|Miraidon|100\/100\n|-fieldstart|move: Electric Terrain|[from] ability: Hadron Engine|[of] p1a: Miraidon\n|move|p2a: Koraidon|Flame Charge|p1a: Miraidon\n|-resisted|p1a: Miraidon\n|-damage|p1a: Miraidon|83\/100\n|-boost|p2a: Koraidon|spe|1\n|\n|-weather|SunnyDay|[upkeep]\n|upkeep\n|turn|4\n|inactive|Highlord has 210 seconds left.\n|inactive|Highlord has 180 seconds left.\n|inactive|Highlord has 150 seconds left.\n|inactive|Highlord has 120 seconds left.\n|inactive|Highlord has 90 seconds left.\n|inactive|Highlord has 60 seconds left.\n|\n|t:|1698613767\n|-terastallize|p1a: Miraidon|Bug\n|move|p2a: Koraidon|Dragon Claw|p1a: Miraidon\n|-damage|p1a: Miraidon|22\/100\n|move|p1a: Miraidon|Dragon Pulse|p2a: Koraidon\n|-supereffective|p2a: Koraidon\n|-damage|p2a: Koraidon|0 fnt\n|faint|p2a: Koraidon\n|\n|-weather|SunnyDay|[upkeep]\n|upkeep\n|inactive|M Dragon has 270 seconds left.\n|\n|t:|1698613778\n|switch|p2a: Zacian|Zacian-Crowned|100\/100\n|-ability|p2a: Zacian|Intrepid Sword|boost\n|-boost|p2a: Zacian|atk|1\n|turn|5\n|\n|t:|1698613788\n|-terastallize|p2a: Zacian|Ground\n|move|p2a: Zacian|Swords Dance|p2a: Zacian\n|-boost|p2a: Zacian|atk|2\n|move|p1a: Miraidon|Electro Drift|p2a: Zacian\n|-immune|p2a: Zacian\n|\n|-weather|SunnyDay|[upkeep]\n|upkeep\n|turn|6\n|\n|t:|1698613798\n|move|p2a: Zacian|Behemoth Blade|p1a: Miraidon\n|-damage|p1a: Miraidon|0 fnt\n|faint|p1a: Miraidon\n|\n|-weather|SunnyDay|[upkeep]\n|upkeep\n|inactive|Highlord has 60 seconds left.\n|inactive|Highlord has 30 seconds left.\n|\n|t:|1698613845\n|switch|p1a: Zacian|Zacian-Crowned|100\/100\n|-ability|p1a: Zacian|Intrepid Sword|boost\n|-boost|p1a: Zacian|atk|1\n|turn|7\n|inactive|Highlord has 30 seconds left.\n|\n|t:|1698613855\n|move|p2a: Zacian|Behemoth Blade|p1a: Zacian\n|-damage|p1a: Zacian|0 fnt\n|faint|p1a: Zacian\n|\n|-weather|none\n|-fieldend|move: Electric Terrain\n|upkeep\n|inactive|Highlord has 30 seconds left.\n|inactive|Highlord has 20 seconds left.\n|inactive|Highlord has 15 seconds left.\n|\n|t:|1698613878\n|switch|p1a: Arceus|Arceus-Ground|100\/100\n|turn|8\n|inactive|Highlord has 25 seconds left this turn.\n|inactive|Highlord has 20 seconds left.\n|\n|t:|1698613884\n|move|p2a: Zacian|Behemoth Blade|p1a: Arceus\n|-damage|p1a: Arceus|0 fnt\n|faint|p1a: Arceus\n|\n|upkeep\n|inactive|Highlord has 25 seconds left this turn.\n|inactive|Highlord has 20 seconds left.\n|\n|t:|1698613893\n|switch|p1a: Basculegion|Basculegion, M|100\/100\n|turn|9\n|inactive|Highlord has 30 seconds left this turn.\n|\n|t:|1698613901\n|move|p2a: Zacian|Play Rough|p1a: Basculegion\n|-damage|p1a: Basculegion|0 fnt\n|faint|p1a: Basculegion\n|\n|upkeep\n|\n|t:|1698613905\n|switch|p1a: Koraidon|Koraidon|100\/100\n|-weather|SunnyDay|[from] ability: Orichalcum Pulse|[of] p1a: Koraidon\n|-activate|p1a: Koraidon|Orichalcum Pulse|[source]\n|turn|10\n|\n|t:|1698613911\n|move|p2a: Zacian|Behemoth Blade|p1a: Koraidon\n|-damage|p1a: Koraidon|0 fnt\n|faint|p1a: Koraidon\n|\n|-weather|SunnyDay|[upkeep]\n|upkeep\n|c|\u2606Highlord|gg\n|c|\u2606M Dragon|gg\n|-message|Highlord forfeited.\n|\n|win|M Dragon\n","uploadtime":1698613918,"views":361,"p1id":"highlord","p2id":"mdragon","formatid":"gen9ubers","rating":0,"private":0,"password":""}