{"id":"smogtours-gen9ubers-726749","p1":"Inder","p2":"skoma","format":"[Gen 9] Ubers","log":"|inactive|Battle timer is ON: inactive players will automatically lose when time's up.\n|t:|1698415953\n|gametype|singles\n|player|p1|Inder|#pmpliidachsbuns|\n|player|p2|skoma|scientist-gen4dp|\n|teamsize|p1|6\n|teamsize|p2|6\n|gen|9\n|tier|[Gen 9] Ubers\n|rule|Sleep Clause Mod: Limit one foe put to sleep\n|rule|Species Clause: Limit one of each Pok\u00e9mon\n|rule|OHKO Clause: OHKO moves are banned\n|rule|Evasion Items Clause: Evasion items are banned\n|rule|Evasion Moves Clause: Evasion moves are banned\n|rule|Endless Battle Clause: Forcing endless battles is banned\n|rule|HP Percentage Mod: HP is shown in percentages\n|clearpoke\n|poke|p1|Gliscor, F|\n|poke|p1|Clodsire, F|\n|poke|p1|Miraidon|\n|poke|p1|Koraidon|\n|poke|p1|Arceus|\n|poke|p1|Zacian-*|\n|poke|p2|Arceus-Ground|\n|poke|p2|Eternatus|\n|poke|p2|Great Tusk|\n|poke|p2|Cresselia, F|\n|poke|p2|Mewtwo|\n|poke|p2|Koraidon|\n|teampreview\n|c|\u2606skoma|hf\n|c|\u2606Inder|hf\n|c|+Astreau|c pour quoi\n|c|\u2606Inder|jtest une team\n|inactive|Inder has 270 seconds left.\n|inactive|skoma has 270 seconds left.\n|\n|t:|1698415984\n|start\n|switch|p1a: Koraidon|Koraidon|100\/100\n|switch|p2a: Arceus|Arceus-Ground|100\/100\n|-weather|SunnyDay|[from] ability: Orichalcum Pulse|[of] p1a: Koraidon\n|-activate|p1a: Koraidon|Orichalcum Pulse|[source]\n|turn|1\n|c|+Astreau|ah mdrr g cru ct scl\n|c|\u2606Inder|mdrr nn nn\n|\n|t:|1698415998\n|move|p1a: Koraidon|U-turn|p2a: Arceus\n|-damage|p2a: Arceus|83\/100\n|\n|t:|1698416007\n|switch|p1a: Arceus|Arceus|100\/100|[from] U-turn\n|move|p2a: Arceus|Calm Mind|p2a: Arceus\n|-boost|p2a: Arceus|spa|1\n|-boost|p2a: Arceus|spd|1\n|\n|-weather|SunnyDay|[upkeep]\n|upkeep\n|turn|2\n|\n|t:|1698416017\n|move|p2a: Arceus|Will-O-Wisp|p1a: Arceus\n|-status|p1a: Arceus|brn\n|move|p1a: Arceus|Swords Dance|p1a: Arceus\n|-boost|p1a: Arceus|atk|2\n|\n|-weather|SunnyDay|[upkeep]\n|-damage|p1a: Arceus|94\/100 brn|[from] brn\n|upkeep\n|turn|3\n|\n|t:|1698416021\n|move|p1a: Arceus|Extreme Speed|p2a: Arceus\n|-damage|p2a: Arceus|63\/100\n|move|p2a: Arceus|Will-O-Wisp|p1a: Arceus\n|-fail|p1a: Arceus|brn\n|\n|-weather|SunnyDay|[upkeep]\n|-damage|p1a: Arceus|88\/100 brn|[from] brn\n|upkeep\n|turn|4\n|\n|t:|1698416024\n|move|p2a: Arceus|Judgment|p1a: Arceus\n|-damage|p1a: Arceus|36\/100 brn\n|move|p1a: Arceus|Swords Dance|p1a: Arceus\n|-boost|p1a: Arceus|atk|2\n|\n|-weather|SunnyDay|[upkeep]\n|-damage|p1a: Arceus|30\/100 brn|[from] brn\n|upkeep\n|turn|5\n|\n|t:|1698416029\n|move|p2a: Arceus|Will-O-Wisp|p1a: Arceus|[miss]\n|-miss|p2a: Arceus|p1a: Arceus\n|move|p1a: Arceus|Swords Dance|p1a: Arceus\n|-boost|p1a: Arceus|atk|2\n|\n|-weather|none\n|-damage|p1a: Arceus|24\/100 brn|[from] brn\n|upkeep\n|turn|6\n|\n|t:|1698416032\n|move|p1a: Arceus|Extreme Speed|p2a: Arceus\n|-damage|p2a: Arceus|24\/100\n|move|p2a: Arceus|Judgment|p1a: Arceus\n|-damage|p1a: Arceus|0 fnt\n|faint|p1a: Arceus\n|\n|upkeep\n|\n|t:|1698416041\n|switch|p1a: Miraidon|Miraidon|100\/100\n|-fieldstart|move: Electric Terrain|[from] ability: Hadron Engine|[of] p1a: Miraidon\n|turn|7\n|\n|t:|1698416047\n|move|p1a: Miraidon|Draco Meteor|p2a: Arceus\n|-damage|p2a: Arceus|0 fnt\n|-unboost|p1a: Miraidon|spa|2\n|faint|p2a: Arceus\n|\n|upkeep\n|\n|t:|1698416051\n|switch|p2a: Mewtwo|Mewtwo|100\/100\n|-ability|p2a: Mewtwo|Pressure\n|turn|8\n|\n|t:|1698416058\n|move|p1a: Miraidon|Electro Drift|p2a: Mewtwo\n|-damage|p2a: Mewtwo|56\/100\n|move|p2a: Mewtwo|Will-O-Wisp|p1a: Miraidon\n|-status|p1a: Miraidon|brn\n|\n|-heal|p2a: Mewtwo|63\/100|[from] item: Leftovers\n|-damage|p1a: Miraidon|94\/100 brn|[from] brn\n|upkeep\n|turn|9\n|\n|t:|1698416060\n|move|p1a: Miraidon|Taunt|p2a: Mewtwo\n|-start|p2a: Mewtwo|move: Taunt\n|cant|p2a: Mewtwo|move: Taunt|Will-O-Wisp\n|\n|-heal|p2a: Mewtwo|69\/100|[from] item: Leftovers\n|-damage|p1a: Miraidon|88\/100 brn|[from] brn\n|upkeep\n|turn|10\n|\n|t:|1698416064\n|move|p1a: Miraidon|U-turn|p2a: Mewtwo\n|-supereffective|p2a: Mewtwo\n|-damage|p2a: Mewtwo|58\/100\n|\n|t:|1698416068\n|switch|p1a: Zacian|Zacian-Crowned|100\/100|[from] U-turn\n|-ability|p1a: Zacian|Intrepid Sword|boost\n|-boost|p1a: Zacian|atk|1\n|move|p2a: Mewtwo|Psystrike|p1a: Zacian\n|-resisted|p1a: Zacian\n|-damage|p1a: Zacian|79\/100\n|\n|-heal|p2a: Mewtwo|64\/100|[from] item: Leftovers\n|upkeep\n|turn|11\n|\n|t:|1698416075\n|switch|p2a: Great Tusk|Great Tusk|100\/100\n|move|p1a: Zacian|Behemoth Blade|p2a: Great Tusk\n|-damage|p2a: Great Tusk|62\/100\n|\n|-heal|p2a: Great Tusk|68\/100|[from] item: Leftovers\n|-fieldend|move: Electric Terrain\n|upkeep\n|turn|12\n|\n|t:|1698416083\n|move|p1a: Zacian|Behemoth Blade|p2a: Great Tusk\n|-damage|p2a: Great Tusk|30\/100\n|move|p2a: Great Tusk|Knock Off|p1a: Zacian\n|-resisted|p1a: Zacian\n|-damage|p1a: Zacian|69\/100\n|\n|-heal|p2a: Great Tusk|36\/100|[from] item: Leftovers\n|upkeep\n|turn|13\n|\n|t:|1698416091\n|-end|p2a: Great Tusk|Protosynthesis|[silent]\n|switch|p2a: Koraidon|Koraidon|100\/100\n|-weather|SunnyDay|[from] ability: Orichalcum Pulse|[of] p2a: Koraidon\n|-activate|p2a: Koraidon|Orichalcum Pulse|[source]\n|move|p1a: Zacian|Behemoth Blade|p2a: Koraidon\n|-damage|p2a: Koraidon|19\/100\n|\n|-weather|SunnyDay|[upkeep]\n|upkeep\n|turn|14\n|\n|t:|1698416099\n|switch|p1a: Gliscor|Gliscor, F|100\/100\n|move|p2a: Koraidon|U-turn|p1a: Gliscor\n|-resisted|p1a: Gliscor\n|-damage|p1a: Gliscor|87\/100\n|\n|t:|1698416105\n|switch|p2a: Mewtwo|Mewtwo|64\/100|[from] U-turn\n|-ability|p2a: Mewtwo|Pressure\n|\n|-weather|SunnyDay|[upkeep]\n|-heal|p2a: Mewtwo|70\/100|[from] item: Leftovers\n|-status|p1a: Gliscor|tox|[from] item: Toxic Orb\n|upkeep\n|turn|15\n|\n|t:|1698416114\n|switch|p1a: Miraidon|Miraidon|88\/100 brn\n|-fieldstart|move: Electric Terrain|[from] ability: Hadron Engine|[of] p1a: Miraidon\n|move|p2a: Mewtwo|Psystrike|p1a: Miraidon\n|-crit|p1a: Miraidon\n|-damage|p1a: Miraidon|9\/100 brn\n|\n|-weather|SunnyDay|[upkeep]\n|-heal|p2a: Mewtwo|77\/100|[from] item: Leftovers\n|-damage|p1a: Miraidon|3\/100 brn|[from] brn\n|upkeep\n|turn|16\n|\n|t:|1698416140\n|switch|p2a: Great Tusk|Great Tusk|36\/100\n|-activate|p2a: Great Tusk|ability: Protosynthesis\n|-start|p2a: Great Tusk|protosynthesisdef\n|move|p1a: Miraidon|Draco Meteor|p2a: Great Tusk\n|-damage|p2a: Great Tusk|0 fnt\n|-unboost|p1a: Miraidon|spa|2\n|faint|p2a: Great Tusk\n|-end|p2a: Great Tusk|Protosynthesis|[silent]\n|\n|-weather|SunnyDay|[upkeep]\n|-damage|p1a: Miraidon|0 fnt|[from] brn\n|faint|p1a: Miraidon\n|upkeep\n|\n|t:|1698416146\n|switch|p1a: Koraidon|Koraidon|100\/100\n|switch|p2a: Koraidon|Koraidon|19\/100\n|-activate|p2a: Koraidon|ability: Orichalcum Pulse\n|-activate|p1a: Koraidon|ability: Orichalcum Pulse\n|turn|17\n|\n|t:|1698416151\n|switch|p1a: Clodsire|Clodsire, F|100\/100\n|move|p2a: Koraidon|U-turn|p1a: Clodsire\n|-resisted|p1a: Clodsire\n|-damage|p1a: Clodsire|89\/100\n|\n|t:|1698416153\n|switch|p2a: Mewtwo|Mewtwo|77\/100|[from] U-turn\n|-ability|p2a: Mewtwo|Pressure\n|\n|-weather|none\n|-heal|p2a: Mewtwo|83\/100|[from] item: Leftovers\n|upkeep\n|turn|18\n|\n|t:|1698416160\n|move|p2a: Mewtwo|Taunt|p1a: Clodsire\n|-start|p1a: Clodsire|move: Taunt\n|cant|p1a: Clodsire|move: Taunt|Toxic\n|\n|-heal|p2a: Mewtwo|89\/100|[from] item: Leftovers\n|upkeep\n|turn|19\n|\n|t:|1698416166\n|switch|p1a: Gliscor|Gliscor, F|87\/100 tox\n|move|p2a: Mewtwo|Psystrike|p1a: Gliscor\n|-damage|p1a: Gliscor|48\/100 tox\n|\n|-heal|p2a: Mewtwo|95\/100|[from] item: Leftovers\n|-heal|p1a: Gliscor|61\/100 tox|[from] ability: Poison Heal\n|-fieldend|move: Electric Terrain\n|upkeep\n|turn|20\n|\n|t:|1698416170\n|move|p1a: Gliscor|Protect|p1a: Gliscor\n|-singleturn|p1a: Gliscor|Protect\n|move|p2a: Mewtwo|Taunt|p1a: Gliscor\n|-activate|p1a: Gliscor|move: Protect\n|\n|-heal|p2a: Mewtwo|100\/100|[from] item: Leftovers\n|-heal|p1a: Gliscor|73\/100 tox|[from] ability: Poison Heal\n|upkeep\n|turn|21\n|\n|t:|1698416176\n|switch|p1a: Clodsire|Clodsire, F|89\/100\n|move|p2a: Mewtwo|Taunt|p1a: Clodsire\n|-start|p1a: Clodsire|move: Taunt\n|\n|upkeep\n|turn|22\n|\n|t:|1698416178\n|switch|p1a: Gliscor|Gliscor, F|73\/100 tox\n|move|p2a: Mewtwo|Psystrike|p1a: Gliscor\n|-damage|p1a: Gliscor|30\/100 tox\n|\n|-heal|p1a: Gliscor|42\/100 tox|[from] ability: Poison Heal\n|upkeep\n|turn|23\n|\n|t:|1698416183\n|move|p1a: Gliscor|Protect|p1a: Gliscor\n|-singleturn|p1a: Gliscor|Protect\n|move|p2a: Mewtwo|Taunt|p1a: Gliscor\n|-activate|p1a: Gliscor|move: Protect\n|\n|-heal|p1a: Gliscor|55\/100 tox|[from] ability: Poison Heal\n|upkeep\n|turn|24\n|\n|t:|1698416186\n|switch|p1a: Koraidon|Koraidon|100\/100\n|-weather|SunnyDay|[from] ability: Orichalcum Pulse|[of] p1a: Koraidon\n|-activate|p1a: Koraidon|Orichalcum Pulse|[source]\n|move|p2a: Mewtwo|Taunt|p1a: Koraidon\n|-start|p1a: Koraidon|move: Taunt\n|\n|-weather|SunnyDay|[upkeep]\n|upkeep\n|turn|25\n|\n|t:|1698416191\n|move|p1a: Koraidon|U-turn|p2a: Mewtwo\n|-supereffective|p2a: Mewtwo\n|-damage|p2a: Mewtwo|42\/100\n|\n|t:|1698416194\n|switch|p1a: Gliscor|Gliscor, F|55\/100 tox|[from] U-turn\n|move|p2a: Mewtwo|Psystrike|p1a: Gliscor\n|-damage|p1a: Gliscor|11\/100 tox\n|\n|-weather|SunnyDay|[upkeep]\n|-heal|p2a: Mewtwo|49\/100|[from] item: Leftovers\n|-heal|p1a: Gliscor|23\/100 tox|[from] ability: Poison Heal\n|upkeep\n|turn|26\n|\n|t:|1698416196\n|move|p2a: Mewtwo|Psystrike|p1a: Gliscor\n|-damage|p1a: Gliscor|0 fnt\n|faint|p1a: Gliscor\n|\n|-weather|SunnyDay|[upkeep]\n|-heal|p2a: Mewtwo|55\/100|[from] item: Leftovers\n|upkeep\n|\n|t:|1698416198\n|switch|p1a: Koraidon|Koraidon|100\/100\n|-activate|p1a: Koraidon|ability: Orichalcum Pulse\n|turn|27\n|\n|t:|1698416204\n|switch|p2a: Eternatus|Eternatus|100\/100\n|-ability|p2a: Eternatus|Pressure\n|-terastallize|p1a: Koraidon|Fire\n|move|p1a: Koraidon|Flare Blitz|p2a: Eternatus\n|-resisted|p2a: Eternatus\n|-damage|p2a: Eternatus|52\/100\n|-damage|p1a: Koraidon|80\/100|[from] Recoil\n|\n|-weather|SunnyDay|[upkeep]\n|upkeep\n|turn|28\n|\n|t:|1698416208\n|switch|p1a: Clodsire|Clodsire, F|89\/100\n|move|p2a: Eternatus|Flamethrower|p1a: Clodsire\n|-damage|p1a: Clodsire|59\/100\n|\n|-weather|none\n|upkeep\n|turn|29\n|\n|t:|1698416211\n|switch|p2a: Mewtwo|Mewtwo|55\/100\n|-ability|p2a: Mewtwo|Pressure\n|move|p1a: Clodsire|Spikes|p2a: Mewtwo\n|-sidestart|p2: skoma|Spikes\n|\n|-heal|p2a: Mewtwo|61\/100|[from] item: Leftovers\n|upkeep\n|turn|30\n|\n|t:|1698416214\n|switch|p1a: Koraidon|Koraidon, tera:Fire|80\/100\n|-weather|SunnyDay|[from] ability: Orichalcum Pulse|[of] p1a: Koraidon\n|-activate|p1a: Koraidon|Orichalcum Pulse|[source]\n|move|p2a: Mewtwo|Recover|p2a: Mewtwo\n|-heal|p2a: Mewtwo|100\/100\n|\n|-weather|SunnyDay|[upkeep]\n|upkeep\n|turn|31\n|\n|t:|1698416222\n|switch|p2a: Eternatus|Eternatus|52\/100\n|-ability|p2a: Eternatus|Pressure\n|move|p1a: Koraidon|U-turn|p2a: Eternatus\n|-resisted|p2a: Eternatus\n|-damage|p2a: Eternatus|38\/100\n|\n|t:|1698416226\n|switch|p1a: Zacian|Zacian-Crowned|69\/100|[from] U-turn\n|\n|-weather|SunnyDay|[upkeep]\n|upkeep\n|turn|32\n|\n|t:|1698416228\n|move|p1a: Zacian|Behemoth Blade|p2a: Eternatus\n|-damage|p2a: Eternatus|0 fnt\n|faint|p2a: Eternatus\n|\n|-weather|SunnyDay|[upkeep]\n|upkeep\n|\n|t:|1698416230\n|switch|p2a: Koraidon|Koraidon|19\/100\n|-damage|p2a: Koraidon|6\/100|[from] Spikes\n|-activate|p2a: Koraidon|ability: Orichalcum Pulse\n|turn|33\n|\n|t:|1698416235\n|switch|p1a: Clodsire|Clodsire, F|59\/100\n|move|p2a: Koraidon|Low Kick|p1a: Clodsire\n|-resisted|p1a: Clodsire\n|-damage|p1a: Clodsire|27\/100\n|\n|-weather|SunnyDay|[upkeep]\n|upkeep\n|turn|34\n|\n|t:|1698416237\n|move|p2a: Koraidon|Low Kick|p1a: Clodsire\n|-resisted|p1a: Clodsire\n|-damage|p1a: Clodsire|0 fnt\n|faint|p1a: Clodsire\n|\n|-weather|none\n|upkeep\n|\n|t:|1698416242\n|switch|p1a: Zacian|Zacian-Crowned|69\/100\n|turn|35\n|\n|t:|1698416246\n|move|p2a: Koraidon|Low Kick|p1a: Zacian\n|-damage|p1a: Zacian|14\/100\n|move|p1a: Zacian|Behemoth Blade|p2a: Koraidon\n|-damage|p2a: Koraidon|0 fnt\n|faint|p2a: Koraidon\n|\n|upkeep\n|c|\u2606skoma|wait\n|\n|t:|1698416258\n|switch|p2a: Mewtwo|Mewtwo|100\/100\n|-damage|p2a: Mewtwo|88\/100|[from] Spikes\n|-ability|p2a: Mewtwo|Pressure\n|turn|36\n|c|\u2606Inder|w8\n|c|\u2606skoma|nvm\n|\n|t:|1698416285\n|move|p1a: Zacian|Behemoth Blade|p2a: Mewtwo\n|-damage|p2a: Mewtwo|37\/100\n|move|p2a: Mewtwo|Psystrike|p1a: Zacian\n|-resisted|p1a: Zacian\n|-damage|p1a: Zacian|0 fnt\n|faint|p1a: Zacian\n|\n|-heal|p2a: Mewtwo|43\/100|[from] item: Leftovers\n|upkeep\n|\n|t:|1698416287\n|switch|p1a: Koraidon|Koraidon, tera:Fire|80\/100\n|-weather|SunnyDay|[from] ability: Orichalcum Pulse|[of] p1a: Koraidon\n|-activate|p1a: Koraidon|Orichalcum Pulse|[source]\n|turn|37\n|\n|t:|1698416289\n|move|p1a: Koraidon|Flare Blitz|p2a: Mewtwo\n|-damage|p2a: Mewtwo|0 fnt\n|faint|p2a: Mewtwo\n|-damage|p1a: Koraidon|63\/100|[from] Recoil\n|\n|-weather|SunnyDay|[upkeep]\n|upkeep\n|\n|t:|1698416291\n|switch|p2a: Cresselia|Cresselia, F|100\/100\n|turn|38\n|\n|t:|1698416294\n|move|p1a: Koraidon|Flare Blitz|p2a: Cresselia\n|-damage|p2a: Cresselia|29\/100\n|-damage|p1a: Koraidon|32\/100|[from] Recoil\n|move|p2a: Cresselia|Moonlight|p2a: Cresselia\n|-heal|p2a: Cresselia|96\/100\n|\n|-weather|SunnyDay|[upkeep]\n|-heal|p2a: Cresselia|100\/100|[from] item: Leftovers\n|upkeep\n|turn|39\n|\n|t:|1698416298\n|move|p1a: Koraidon|Flare Blitz|p2a: Cresselia\n|-damage|p2a: Cresselia|36\/100\n|-damage|p1a: Koraidon|5\/100|[from] Recoil\n|move|p2a: Cresselia|Moonlight|p2a: Cresselia\n|-heal|p2a: Cresselia|100\/100\n|\n|-weather|SunnyDay|[upkeep]\n|upkeep\n|turn|40\n|\n|t:|1698416300\n|move|p1a: Koraidon|Flare Blitz|p2a: Cresselia\n|-damage|p2a: Cresselia|32\/100\n|-damage|p1a: Koraidon|0 fnt|[from] Recoil\n|faint|p1a: Koraidon\n|\n|win|skoma\n","uploadtime":1698416301,"views":13,"p1id":"inder","p2id":"skoma","formatid":"gen9ubers","rating":0,"private":0,"password":""}