{"id":"smogtours-gen9ubers-725689","p1":"entrocefalo","p2":"Exiline","format":"[Gen 9] Ubers","log":"|inactive|Battle timer is ON: inactive players will automatically lose when time's up.\n|t:|1698001923\n|gametype|singles\n|player|p1|entrocefalo|#scl3machines2|\n|player|p2|Exiline|juggler|\n|teamsize|p1|6\n|teamsize|p2|6\n|gen|9\n|tier|[Gen 9] Ubers\n|rule|Sleep Clause Mod: Limit one foe put to sleep\n|rule|Species Clause: Limit one of each Pok\u00e9mon\n|rule|OHKO Clause: OHKO moves are banned\n|rule|Evasion Items Clause: Evasion items are banned\n|rule|Evasion Moves Clause: Evasion moves are banned\n|rule|Endless Battle Clause: Forcing endless battles is banned\n|rule|HP Percentage Mod: HP is shown in percentages\n|clearpoke\n|poke|p1|Koraidon|\n|poke|p1|Zacian-*|\n|poke|p1|Skeledirge, F|\n|poke|p1|Clodsire, M|\n|poke|p1|Giratina-Origin|\n|poke|p1|Arceus|\n|poke|p2|Zacian-*|\n|poke|p2|Koraidon|\n|poke|p2|Landorus-Therian, M|\n|poke|p2|Ting-Lu|\n|poke|p2|Kyogre|\n|poke|p2|Arceus-Fairy|\n|teampreview\n|c|\u2606Exiline|h_f\n|c|+a rabbit|kekker\n|c|\u2606entrocefalo|hf\n|raw|<div class=\"broadcast-red\"><strong>Moderated chat was set to \u2606!<\/strong><br \/>Only users of rank \u2606 and higher can talk.<\/div>\n|inactive|entrocefalo has 270 seconds left.\n|inactive|Exiline has 270 seconds left.\n|inactive|entrocefalo has 240 seconds left.\n|inactive|Exiline has 240 seconds left.\n|inactive|entrocefalo has 210 seconds left.\n|inactive|entrocefalo has 180 seconds left.\n|\n|t:|1698002072\n|start\n|switch|p1a: Koraidon|Koraidon|100\/100\n|switch|p2a: Landorus|Landorus-Therian, M|100\/100\n|-weather|SunnyDay|[from] ability: Orichalcum Pulse|[of] p1a: Koraidon\n|-activate|p1a: Koraidon|Orichalcum Pulse|[source]\n|-ability|p2a: Landorus|Intimidate|boost\n|-unboost|p1a: Koraidon|atk|1\n|turn|1\n|inactive|entrocefalo has 210 seconds left.\n|\n|t:|1698002092\n|switch|p1a: Giratina|Giratina-Origin|100\/100\n|move|p2a: Landorus|U-turn|p1a: Giratina\n|-resisted|p1a: Giratina\n|-damage|p1a: Giratina|92\/100\n|inactive|Exiline has 270 seconds left.\n|\n|t:|1698002125\n|switch|p2a: Koraidon|Koraidon|100\/100|[from] U-turn\n|-activate|p2a: Koraidon|ability: Orichalcum Pulse\n|\n|-weather|SunnyDay|[upkeep]\n|upkeep\n|turn|2\n|inactive|entrocefalo has 210 seconds left.\n|inactive|Exiline has 270 seconds left.\n|\n|t:|1698002147\n|switch|p1a: Skeledirge|Skeledirge, F|100\/100\n|move|p2a: Koraidon|Dragon Claw|p1a: Skeledirge\n|-crit|p1a: Skeledirge\n|-damage|p1a: Skeledirge|28\/100\n|\n|-weather|SunnyDay|[upkeep]\n|upkeep\n|turn|3\n|inactive|Exiline has 270 seconds left.\n|inactive|entrocefalo has 180 seconds left.\n|\n|t:|1698002188\n|switch|p2a: Kyogre|Kyogre|100\/100\n|-weather|RainDance|[from] ability: Drizzle|[of] p2a: Kyogre\n|switch|p1a: Zacian|Zacian-Crowned|100\/100\n|-ability|p1a: Zacian|Intrepid Sword|boost\n|-boost|p1a: Zacian|atk|1\n|\n|-weather|RainDance|[upkeep]\n|upkeep\n|turn|4\n|inactive|Exiline has 270 seconds left.\n|\n|t:|1698002210\n|switch|p1a: Koraidon|Koraidon|100\/100\n|-weather|SunnyDay|[from] ability: Orichalcum Pulse|[of] p1a: Koraidon\n|-activate|p1a: Koraidon|Orichalcum Pulse|[source]\n|move|p2a: Kyogre|Origin Pulse|p1a: Koraidon\n|-resisted|p1a: Koraidon\n|-damage|p1a: Koraidon|89\/100\n|\n|-weather|SunnyDay|[upkeep]\n|upkeep\n|turn|5\n|inactive|entrocefalo has 180 seconds left.\n|\n|t:|1698002218\n|move|p1a: Koraidon|U-turn|p2a: Kyogre\n|-damage|p2a: Kyogre|77\/100\n|\n|t:|1698002222\n|switch|p1a: Clodsire|Clodsire, M|100\/100|[from] U-turn\n|move|p2a: Kyogre|Ice Beam|p1a: Clodsire\n|-supereffective|p1a: Clodsire\n|-damage|p1a: Clodsire|68\/100\n|\n|-weather|SunnyDay|[upkeep]\n|-heal|p2a: Kyogre|83\/100|[from] item: Leftovers\n|upkeep\n|turn|6\n|inactive|Exiline has 270 seconds left.\n|inactive|entrocefalo has 180 seconds left.\n|\n|t:|1698002256\n|switch|p2a: Koraidon|Koraidon|100\/100\n|-activate|p2a: Koraidon|ability: Orichalcum Pulse\n|move|p1a: Clodsire|Recover|p1a: Clodsire\n|-heal|p1a: Clodsire|100\/100\n|\n|-weather|SunnyDay|[upkeep]\n|upkeep\n|turn|7\n|inactive|entrocefalo has 150 seconds left.\n|\n|t:|1698002285\n|switch|p1a: Skeledirge|Skeledirge, F|28\/100\n|move|p2a: Koraidon|Flare Blitz|p1a: Skeledirge\n|-resisted|p1a: Skeledirge\n|-damage|p1a: Skeledirge|0 fnt\n|faint|p1a: Skeledirge\n|-damage|p2a: Koraidon|89\/100|[from] Recoil\n|\n|-weather|SunnyDay|[upkeep]\n|upkeep\n|inactive|entrocefalo has 150 seconds left.\n|\n|t:|1698002297\n|switch|p1a: Giratina|Giratina-Origin|92\/100\n|turn|8\n|\n|t:|1698002305\n|switch|p2a: Ting-Lu|Ting-Lu|100\/100\n|-ability|p2a: Ting-Lu|Vessel of Ruin\n|move|p1a: Giratina|Will-O-Wisp|p2a: Ting-Lu\n|-status|p2a: Ting-Lu|brn\n|\n|-weather|none\n|-damage|p2a: Ting-Lu|94\/100 brn|[from] brn\n|upkeep\n|turn|9\n|inactive|entrocefalo has 150 seconds left.\n|\n|t:|1698002342\n|switch|p1a: Koraidon|Koraidon|89\/100\n|-weather|SunnyDay|[from] ability: Orichalcum Pulse|[of] p1a: Koraidon\n|-activate|p1a: Koraidon|Orichalcum Pulse|[source]\n|move|p2a: Ting-Lu|Ruination|p1a: Koraidon\n|-damage|p1a: Koraidon|45\/100\n|\n|-weather|SunnyDay|[upkeep]\n|-heal|p2a: Ting-Lu|100\/100 brn|[from] item: Leftovers\n|-damage|p2a: Ting-Lu|94\/100 brn|[from] brn\n|upkeep\n|turn|10\n|inactive|Exiline has 270 seconds left.\n|\n|t:|1698002359\n|switch|p2a: Arceus|Arceus-Fairy|100\/100\n|move|p1a: Koraidon|U-turn|p2a: Arceus\n|-resisted|p2a: Arceus\n|-damage|p2a: Arceus|90\/100\n|\n|t:|1698002364\n|switch|p1a: Clodsire|Clodsire, M|100\/100|[from] U-turn\n|\n|-weather|SunnyDay|[upkeep]\n|upkeep\n|turn|11\n|\n|t:|1698002368\n|switch|p2a: Koraidon|Koraidon|89\/100\n|-activate|p2a: Koraidon|ability: Orichalcum Pulse\n|move|p1a: Clodsire|Toxic|p2a: Koraidon\n|-status|p2a: Koraidon|tox\n|\n|-weather|SunnyDay|[upkeep]\n|-damage|p2a: Koraidon|83\/100 tox|[from] psn\n|upkeep\n|turn|12\n|inactive|entrocefalo has 120 seconds left.\n|inactive|entrocefalo has 90 seconds left.\n|\n|t:|1698002435\n|switch|p1a: Zacian|Zacian-Crowned|100\/100\n|move|p2a: Koraidon|Dragon Claw|p1a: Zacian\n|-immune|p1a: Zacian\n|\n|-weather|SunnyDay|[upkeep]\n|-damage|p2a: Koraidon|71\/100 tox|[from] psn\n|upkeep\n|turn|13\n|\n|t:|1698002447\n|switch|p2a: Landorus|Landorus-Therian, M|100\/100\n|-ability|p2a: Landorus|Intimidate|boost\n|-unboost|p1a: Zacian|atk|1\n|move|p1a: Zacian|Swords Dance|p1a: Zacian\n|-boost|p1a: Zacian|atk|2\n|\n|-weather|none\n|upkeep\n|turn|14\n|\n|t:|1698002453\n|switch|p1a: Giratina|Giratina-Origin|92\/100\n|move|p2a: Landorus|Earthquake|p1a: Giratina\n|-immune|p1a: Giratina|[from] ability: Levitate\n|\n|upkeep\n|turn|15\n|inactive|entrocefalo has 90 seconds left.\n|\n|t:|1698002461\n|switch|p2a: Ting-Lu|Ting-Lu|94\/100 brn\n|-ability|p2a: Ting-Lu|Vessel of Ruin\n|switch|p1a: Koraidon|Koraidon|45\/100\n|-weather|SunnyDay|[from] ability: Orichalcum Pulse|[of] p1a: Koraidon\n|-activate|p1a: Koraidon|Orichalcum Pulse|[source]\n|\n|-weather|SunnyDay|[upkeep]\n|-heal|p2a: Ting-Lu|100\/100 brn|[from] item: Leftovers\n|-damage|p2a: Ting-Lu|94\/100 brn|[from] brn\n|upkeep\n|turn|16\n|inactive|entrocefalo has 90 seconds left.\n|\n|t:|1698002481\n|move|p1a: Koraidon|Low Kick|p2a: Ting-Lu\n|-supereffective|p2a: Ting-Lu\n|-damage|p2a: Ting-Lu|1\/100 brn\n|move|p2a: Ting-Lu|Ruination|p1a: Koraidon\n|-damage|p1a: Koraidon|23\/100\n|\n|-weather|SunnyDay|[upkeep]\n|-heal|p2a: Ting-Lu|7\/100 brn|[from] item: Leftovers\n|-damage|p2a: Ting-Lu|1\/100 brn|[from] brn\n|upkeep\n|turn|17\n|\n|t:|1698002489\n|switch|p2a: Arceus|Arceus-Fairy|90\/100\n|move|p1a: Koraidon|Low Kick|p2a: Arceus\n|-resisted|p2a: Arceus\n|-damage|p2a: Arceus|66\/100\n|\n|-weather|SunnyDay|[upkeep]\n|upkeep\n|turn|18\n|\n|t:|1698002500\n|switch|p1a: Clodsire|Clodsire, M|100\/100\n|move|p2a: Arceus|Recover|p2a: Arceus\n|-heal|p2a: Arceus|100\/100\n|\n|-weather|SunnyDay|[upkeep]\n|upkeep\n|turn|19\n|\n|t:|1698002509\n|switch|p2a: Landorus|Landorus-Therian, M|100\/100\n|-ability|p2a: Landorus|Intimidate|boost\n|-unboost|p1a: Clodsire|atk|1\n|move|p1a: Clodsire|Spikes|p2a: Landorus\n|-sidestart|p2: Exiline|Spikes\n|\n|-weather|none\n|upkeep\n|turn|20\n|inactive|entrocefalo has 90 seconds left.\n|\n|t:|1698002554\n|switch|p1a: Giratina|Giratina-Origin|92\/100\n|move|p2a: Landorus|Stealth Rock|p1a: Giratina\n|-sidestart|p1: entrocefalo|move: Stealth Rock\n|\n|upkeep\n|turn|21\n|inactive|entrocefalo has 60 seconds left.\n|\n|t:|1698002580\n|switch|p2a: Arceus|Arceus-Fairy|100\/100\n|-damage|p2a: Arceus|88\/100|[from] Spikes\n|switch|p1a: Zacian|Zacian-Crowned|100\/100\n|-damage|p1a: Zacian|94\/100|[from] Stealth Rock\n|\n|upkeep\n|turn|22\n|inactive|entrocefalo has 60 seconds left.\n|inactive|Exiline has 270 seconds left.\n|\n|t:|1698002623\n|move|p1a: Zacian|Substitute|p1a: Zacian\n|-start|p1a: Zacian|Substitute\n|-damage|p1a: Zacian|69\/100\n|move|p2a: Arceus|Will-O-Wisp||[still]\n|-fail|p2a: Arceus\n|\n|upkeep\n|turn|23\n|\n|t:|1698002639\n|switch|p2a: Zacian|Zacian-Crowned|100\/100\n|-damage|p2a: Zacian|88\/100|[from] Spikes\n|-ability|p2a: Zacian|Intrepid Sword|boost\n|-boost|p2a: Zacian|atk|1\n|move|p1a: Zacian|Swords Dance|p1a: Zacian\n|-boost|p1a: Zacian|atk|2\n|\n|upkeep\n|turn|24\n|inactive|Exiline has 240 seconds left.\n|\n|t:|1698002666\n|-terastallize|p2a: Zacian|Steel\n|move|p1a: Zacian|Behemoth Blade|p2a: Zacian\n|-resisted|p2a: Zacian\n|-damage|p2a: Zacian|35\/100\n|move|p2a: Zacian|Behemoth Blade|p1a: Zacian\n|-end|p1a: Zacian|Substitute\n|\n|upkeep\n|turn|25\n|inactive|entrocefalo has 30 seconds left.\n|\n|t:|1698002695\n|move|p1a: Zacian|Behemoth Blade|p2a: Zacian\n|-resisted|p2a: Zacian\n|-damage|p2a: Zacian|0 fnt\n|faint|p2a: Zacian\n|\n|upkeep\n|inactive|entrocefalo has 30 seconds left this turn.\n|\n|t:|1698002699\n|switch|p2a: Landorus|Landorus-Therian, M|100\/100\n|-ability|p2a: Landorus|Intimidate|boost\n|-unboost|p1a: Zacian|atk|1\n|turn|26\n|\n|t:|1698002705\n|switch|p1a: Giratina|Giratina-Origin|92\/100\n|-damage|p1a: Giratina|80\/100|[from] Stealth Rock\n|move|p2a: Landorus|U-turn|p1a: Giratina\n|-resisted|p1a: Giratina\n|-damage|p1a: Giratina|72\/100\n|\n|t:|1698002711\n|switch|p2a: Arceus|Arceus-Fairy|88\/100|[from] U-turn\n|-damage|p2a: Arceus|76\/100|[from] Spikes\n|\n|upkeep\n|turn|27\n|\n|t:|1698002723\n|switch|p1a: Clodsire|Clodsire, M|100\/100\n|-damage|p1a: Clodsire|94\/100|[from] Stealth Rock\n|move|p2a: Arceus|Will-O-Wisp|p1a: Clodsire\n|-status|p1a: Clodsire|brn\n|\n|-damage|p1a: Clodsire|88\/100 brn|[from] brn\n|upkeep\n|turn|28\n|inactive|entrocefalo has 30 seconds left.\n|\n|t:|1698002749\n|switch|p2a: Koraidon|Koraidon|71\/100 tox\n|-damage|p2a: Koraidon|59\/100 tox|[from] Spikes\n|-weather|SunnyDay|[from] ability: Orichalcum Pulse|[of] p2a: Koraidon\n|-activate|p2a: Koraidon|Orichalcum Pulse|[source]\n|move|p1a: Clodsire|Spikes|p2a: Koraidon\n|-sidestart|p2: Exiline|Spikes\n|\n|-weather|SunnyDay|[upkeep]\n|-damage|p2a: Koraidon|52\/100 tox|[from] psn\n|-damage|p1a: Clodsire|82\/100 brn|[from] brn\n|upkeep\n|turn|29\n|inactive|entrocefalo has 30 seconds left.\n|\n|t:|1698002763\n|switch|p1a: Koraidon|Koraidon|23\/100\n|-damage|p1a: Koraidon|17\/100|[from] Stealth Rock\n|-activate|p1a: Koraidon|ability: Orichalcum Pulse\n|move|p2a: Koraidon|Flare Blitz|p1a: Koraidon\n|-resisted|p1a: Koraidon\n|-damage|p1a: Koraidon|0 fnt\n|faint|p1a: Koraidon\n|-damage|p2a: Koraidon|47\/100 tox|[from] Recoil\n|\n|-weather|SunnyDay|[upkeep]\n|-damage|p2a: Koraidon|34\/100 tox|[from] psn\n|upkeep\n|inactive|entrocefalo has 30 seconds left this turn.\n|inactive|entrocefalo has 20 seconds left.\n|inactive|entrocefalo has 15 seconds left.\n|\n|t:|1698002783\n|switch|p1a: Zacian|Zacian-Crowned|69\/100\n|-damage|p1a: Zacian|63\/100|[from] Stealth Rock\n|turn|30\n|inactive|entrocefalo has 25 seconds left this turn.\n|inactive|entrocefalo has 20 seconds left.\n|\n|t:|1698002795\n|switch|p2a: Landorus|Landorus-Therian, M|100\/100\n|-ability|p2a: Landorus|Intimidate|boost\n|-unboost|p1a: Zacian|atk|1\n|move|p1a: Zacian|Substitute|p1a: Zacian\n|-start|p1a: Zacian|Substitute\n|-damage|p1a: Zacian|38\/100\n|\n|-weather|SunnyDay|[upkeep]\n|upkeep\n|turn|31\n|inactive|entrocefalo has 30 seconds left this turn.\n|\n|t:|1698002799\n|move|p2a: Landorus|Earthquake|p1a: Zacian\n|-supereffective|p1a: Zacian\n|-end|p1a: Zacian|Substitute\n|move|p1a: Zacian|Behemoth Blade|p2a: Landorus\n|-damage|p2a: Landorus|54\/100\n|\n|-weather|SunnyDay|[upkeep]\n|upkeep\n|turn|32\n|inactive|entrocefalo has 30 seconds left.\n|\n|t:|1698002815\n|switch|p2a: Koraidon|Koraidon|34\/100 tox\n|-damage|p2a: Koraidon|18\/100 tox|[from] Spikes\n|-activate|p2a: Koraidon|ability: Orichalcum Pulse\n|switch|p1a: Giratina|Giratina-Origin|72\/100\n|-damage|p1a: Giratina|60\/100|[from] Stealth Rock\n|\n|-weather|none\n|-damage|p2a: Koraidon|12\/100 tox|[from] psn\n|upkeep\n|turn|33\n|inactive|entrocefalo has 30 seconds left.\n|\n|t:|1698002830\n|switch|p1a: Clodsire|Clodsire, M|82\/100 brn\n|-damage|p1a: Clodsire|76\/100 brn|[from] Stealth Rock\n|move|p2a: Koraidon|Flare Blitz|p1a: Clodsire\n|-damage|p1a: Clodsire|2\/100 brn\n|-damage|p2a: Koraidon|0 fnt|[from] Recoil\n|faint|p2a: Koraidon\n|\n|-damage|p1a: Clodsire|0 fnt|[from] brn\n|faint|p1a: Clodsire\n|upkeep\n|inactive|entrocefalo has 30 seconds left.\n|\n|t:|1698002841\n|switch|p2a: Landorus|Landorus-Therian, M|54\/100\n|switch|p1a: Zacian|Zacian-Crowned|38\/100\n|-ability|p2a: Landorus|Intimidate|boost\n|-unboost|p1a: Zacian|atk|1\n|-damage|p1a: Zacian|32\/100|[from] Stealth Rock\n|turn|34\n|inactive|entrocefalo has 30 seconds left.\n|\n|t:|1698002850\n|switch|p1a: Giratina|Giratina-Origin|60\/100\n|-damage|p1a: Giratina|47\/100|[from] Stealth Rock\n|move|p2a: Landorus|U-turn|p1a: Giratina\n|-resisted|p1a: Giratina\n|-damage|p1a: Giratina|39\/100\n|\n|t:|1698002854\n|switch|p2a: Arceus|Arceus-Fairy|76\/100|[from] U-turn\n|-damage|p2a: Arceus|59\/100|[from] Spikes\n|\n|upkeep\n|turn|35\n|\n|t:|1698002860\n|move|p2a: Arceus|Recover|p2a: Arceus\n|-heal|p2a: Arceus|100\/100\n|move|p1a: Giratina|Will-O-Wisp|p2a: Arceus\n|-status|p2a: Arceus|brn\n|\n|-damage|p2a: Arceus|94\/100 brn|[from] brn\n|upkeep\n|turn|36\n|\n|t:|1698002875\n|move|p2a: Arceus|Judgment|p1a: Giratina\n|-supereffective|p1a: Giratina\n|-damage|p1a: Giratina|0 fnt\n|faint|p1a: Giratina\n|\n|-damage|p2a: Arceus|88\/100 brn|[from] brn\n|upkeep\n|\n|t:|1698002881\n|switch|p1a: Zacian|Zacian-Crowned|32\/100\n|-damage|p1a: Zacian|26\/100|[from] Stealth Rock\n|turn|37\n|\n|t:|1698002895\n|switch|p2a: Landorus|Landorus-Therian, M|54\/100\n|-ability|p2a: Landorus|Intimidate|boost\n|-unboost|p1a: Zacian|atk|1\n|move|p1a: Zacian|Substitute|p1a: Zacian\n|-start|p1a: Zacian|Substitute\n|-damage|p1a: Zacian|1\/100\n|\n|upkeep\n|turn|38\n|\n|t:|1698002912\n|move|p2a: Landorus|U-turn|p1a: Zacian\n|-resisted|p1a: Zacian\n|-activate|p1a: Zacian|move: Substitute|[damage]\n|\n|t:|1698002914\n|switch|p2a: Ting-Lu|Ting-Lu|1\/100 brn|[from] U-turn\n|-damage|p2a: Ting-Lu|0 fnt|[from] Spikes\n|faint|p2a: Ting-Lu\n|move|p1a: Zacian|Behemoth Blade|p2: Ting-Lu|[notarget]\n|-fail|p1a: Zacian\n|\n|upkeep\n|\n|t:|1698002919\n|switch|p2a: Kyogre|Kyogre|83\/100\n|-damage|p2a: Kyogre|67\/100|[from] Spikes\n|-weather|RainDance|[from] ability: Drizzle|[of] p2a: Kyogre\n|turn|39\n|\n|t:|1698002926\n|move|p1a: Zacian|Swords Dance|p1a: Zacian\n|-boost|p1a: Zacian|atk|2\n|move|p2a: Kyogre|Thunder|p1a: Zacian\n|-end|p1a: Zacian|Substitute\n|\n|-weather|RainDance|[upkeep]\n|-heal|p2a: Kyogre|73\/100|[from] item: Leftovers\n|upkeep\n|turn|40\n|\n|t:|1698002937\n|move|p1a: Zacian|Behemoth Blade|p2a: Kyogre\n|-resisted|p2a: Kyogre\n|-damage|p2a: Kyogre|45\/100\n|move|p2a: Kyogre|Thunder|p1a: Zacian\n|-damage|p1a: Zacian|0 fnt\n|faint|p1a: Zacian\n|\n|-weather|RainDance|[upkeep]\n|-heal|p2a: Kyogre|51\/100|[from] item: Leftovers\n|upkeep\n|\n|t:|1698002941\n|switch|p1a: Arceus|Arceus|100\/100\n|-damage|p1a: Arceus|88\/100|[from] Stealth Rock\n|turn|41\n|inactive|entrocefalo has 60 seconds left.\n|\n|t:|1698002946\n|move|p1a: Arceus|Swords Dance|p1a: Arceus\n|-boost|p1a: Arceus|atk|2\n|move|p2a: Kyogre|Origin Pulse|p1a: Arceus\n|-damage|p1a: Arceus|38\/100\n|\n|-weather|RainDance|[upkeep]\n|-heal|p1a: Arceus|45\/100|[from] item: Leftovers\n|-heal|p2a: Kyogre|58\/100|[from] item: Leftovers\n|upkeep\n|turn|42\n|\n|t:|1698002950\n|move|p1a: Arceus|Extreme Speed|p2a: Kyogre\n|-damage|p2a: Kyogre|0 fnt\n|faint|p2a: Kyogre\n|\n|-weather|RainDance|[upkeep]\n|-heal|p1a: Arceus|51\/100|[from] item: Leftovers\n|upkeep\n|inactive|Exiline has 270 seconds left.\n|\n|t:|1698003007\n|switch|p2a: Landorus|Landorus-Therian, M|54\/100\n|-ability|p2a: Landorus|Intimidate|boost\n|-unboost|p1a: Arceus|atk|1\n|turn|43\n|\n|t:|1698003015\n|move|p1a: Arceus|Extreme Speed|p2a: Landorus\n|-damage|p2a: Landorus|0 fnt\n|faint|p2a: Landorus\n|\n|-weather|none\n|-heal|p1a: Arceus|57\/100|[from] item: Leftovers\n|upkeep\n|\n|t:|1698003022\n|switch|p2a: Arceus|Arceus-Fairy|88\/100 brn\n|-damage|p2a: Arceus|72\/100 brn|[from] Spikes\n|turn|44\n|inactive|entrocefalo has 90 seconds left.\n|\n|t:|1698003039\n|-terastallize|p1a: Arceus|Fire\n|move|p1a: Arceus|Extreme Speed|p2a: Arceus\n|-damage|p2a: Arceus|36\/100 brn\n|move|p2a: Arceus|Will-O-Wisp|p1a: Arceus|[miss]\n|-miss|p2a: Arceus|p1a: Arceus\n|\n|-heal|p1a: Arceus|63\/100|[from] item: Leftovers\n|-damage|p2a: Arceus|30\/100 brn|[from] brn\n|upkeep\n|turn|45\n|c|\u2606entrocefalo|gg\n|c|\u2606Exiline|g_g \n|inactive|Exiline has 240 seconds left.\n|-message|Exiline forfeited.\n|\n|win|entrocefalo\n","uploadtime":1698003081,"views":467,"p1id":"entrocefalo","p2id":"exiline","formatid":"gen9ubers","rating":0,"private":0,"password":""}