{"id":"smogtours-gen9ubers-731129","p1":"BelethEdgy","p2":"PZ Gang","format":"[Gen 9] Ubers","log":"|inactive|Battle timer is ON: inactive players will automatically lose when time's up.\n|t:|1700321564\n|gametype|singles\n|player|p1|BelethEdgy|acetrainercouple|\n|player|p2|PZ Gang|#splxiiitigers|\n|teamsize|p1|6\n|teamsize|p2|6\n|gen|9\n|tier|[Gen 9] Ubers\n|rule|Sleep Clause Mod: Limit one foe put to sleep\n|rule|Species Clause: Limit one of each Pok\u00e9mon\n|rule|OHKO Clause: OHKO moves are banned\n|rule|Evasion Items Clause: Evasion items are banned\n|rule|Evasion Moves Clause: Evasion moves are banned\n|rule|Endless Battle Clause: Forcing endless battles is banned\n|rule|HP Percentage Mod: HP is shown in percentages\n|clearpoke\n|poke|p1|Dragonite, F|\n|poke|p1|Hatterene, F|\n|poke|p1|Great Tusk|\n|poke|p1|Rillaboom, F|\n|poke|p1|Sneasler, F|\n|poke|p1|Heatran, M|\n|poke|p2|Gliscor, F|\n|poke|p2|Dondozo, F|\n|poke|p2|Blissey, F|\n|poke|p2|Chesnaught, M|\n|poke|p2|Clefable, F|\n|poke|p2|Skeledirge, M|\n|teampreview\n|inactive|BelethEdgy has 270 seconds left.\n|c|\u2606BelethEdgy|j'ai post sur matches c bon\n|c|\u2606PZ Gang|OP\n|\n|t:|1700321614\n|start\n|switch|p1a: Rillaboom|Rillaboom, F|100\/100\n|switch|p2a: Gliscor|Gliscor, F|100\/100\n|-fieldstart|move: Grassy Terrain|[from] ability: Grassy Surge|[of] p1a: Rillaboom\n|turn|1\n|\n|t:|1700321628\n|move|p2a: Gliscor|Protect|p2a: Gliscor\n|-singleturn|p2a: Gliscor|Protect\n|move|p1a: Rillaboom|Knock Off|p2a: Gliscor\n|-activate|p2a: Gliscor|move: Protect\n|\n|-status|p2a: Gliscor|tox|[from] item: Toxic Orb\n|upkeep\n|turn|2\n|\n|t:|1700321648\n|switch|p1a: Heatran|Heatran, M|100\/100\n|-item|p1a: Heatran|Air Balloon\n|move|p2a: Gliscor|Knock Off|p1a: Heatran\n|-damage|p1a: Heatran|82\/100\n|-enditem|p1a: Heatran|Air Balloon\n|\n|-heal|p1a: Heatran|89\/100|[from] Grassy Terrain\n|upkeep\n|turn|3\n|inactive|PZ Gang has 270 seconds left.\n|inactive|BelethEdgy has 270 seconds left.\n|\n|t:|1700321690\n|switch|p2a: Clefable|Clefable, F|100\/100\n|switch|p1a: Rillaboom|Rillaboom, F|100\/100\n|\n|upkeep\n|turn|4\n|inactive|PZ Gang has 240 seconds left.\n|\n|t:|1700321717\n|switch|p2a: Chesnaught|Chesnaught, M|100\/100\n|move|p1a: Rillaboom|Wood Hammer|p2a: Chesnaught\n|-resisted|p2a: Chesnaught\n|-damage|p2a: Chesnaught|64\/100\n|-damage|p1a: Rillaboom|88\/100|[from] Recoil\n|\n|-heal|p1a: Rillaboom|94\/100|[from] Grassy Terrain\n|-heal|p2a: Chesnaught|70\/100|[from] Grassy Terrain\n|upkeep\n|turn|5\n|inactive|PZ Gang has 240 seconds left.\n|\n|t:|1700321733\n|switch|p1a: Heatran|Heatran, M|89\/100\n|move|p2a: Chesnaught|Body Press|p1a: Heatran\n|-supereffective|p1a: Heatran\n|-damage|p1a: Heatran|8\/100\n|\n|-heal|p1a: Heatran|14\/100|[from] Grassy Terrain\n|-heal|p2a: Chesnaught|76\/100|[from] Grassy Terrain\n|-fieldend|move: Grassy Terrain\n|upkeep\n|turn|6\n|inactive|PZ Gang has 240 seconds left.\n|\n|t:|1700321744\n|switch|p2a: Clefable|Clefable, F|100\/100\n|move|p1a: Heatran|Magma Storm|p2a: Clefable|[miss]\n|-miss|p1a: Heatran|p2a: Clefable\n|\n|upkeep\n|turn|7\n|\n|t:|1700321752\n|move|p1a: Heatran|Stealth Rock|p2a: Clefable\n|-sidestart|p2: PZ Gang|move: Stealth Rock\n|move|p2a: Clefable|Wish|p2a: Clefable\n|\n|upkeep\n|turn|8\n|\n|t:|1700321772\n|move|p1a: Heatran|Magma Storm|p2a: Clefable\n|-damage|p2a: Clefable|58\/100\n|-activate|p2a: Clefable|move: Magma Storm|[of] p1a: Heatran\n|move|p2a: Clefable|Moonblast|p1a: Heatran\n|-resisted|p1a: Heatran\n|-damage|p1a: Heatran|8\/100\n|\n|-heal|p2a: Clefable|100\/100|[from] move: Wish|[wisher] Clefable\n|upkeep\n|turn|9\n|\n|t:|1700321787\n|move|p1a: Heatran|Taunt|p2a: Clefable\n|-start|p2a: Clefable|move: Taunt\n|cant|p2a: Clefable|move: Taunt|Wish\n|\n|upkeep\n|turn|10\n|\n|t:|1700321794\n|switch|p1a: Rillaboom|Rillaboom, F|94\/100\n|-fieldstart|move: Grassy Terrain|[from] ability: Grassy Surge|[of] p1a: Rillaboom\n|move|p2a: Clefable|Moonblast|p1a: Rillaboom\n|-damage|p1a: Rillaboom|58\/100\n|\n|-heal|p1a: Rillaboom|64\/100|[from] Grassy Terrain\n|-end|p2a: Clefable|Magma Storm|[partiallytrapped]|[silent]\n|upkeep\n|turn|11\n|inactive|PZ Gang has 270 seconds left.\n|\n|t:|1700321816\n|move|p1a: Rillaboom|U-turn|p2a: Clefable\n|-resisted|p2a: Clefable\n|-damage|p2a: Clefable|87\/100\n|inactive|BelethEdgy has 270 seconds left.\n|\n|t:|1700321859\n|switch|p1a: Heatran|Heatran, M|8\/100|[from] U-turn\n|move|p2a: Clefable|Moonblast|p1a: Heatran\n|-resisted|p1a: Heatran\n|-damage|p1a: Heatran|2\/100\n|\n|-heal|p1a: Heatran|9\/100|[from] Grassy Terrain\n|-heal|p2a: Clefable|93\/100|[from] Grassy Terrain\n|-heal|p2a: Clefable|99\/100|[from] item: Leftovers\n|-end|p2a: Clefable|move: Taunt\n|upkeep\n|turn|12\n|inactive|PZ Gang has 270 seconds left.\n|\n|t:|1700321875\n|move|p1a: Heatran|Magma Storm|p2a: Clefable\n|-damage|p2a: Clefable|57\/100\n|-activate|p2a: Clefable|move: Magma Storm|[of] p1a: Heatran\n|move|p2a: Clefable|Moonblast|p1a: Heatran\n|-resisted|p1a: Heatran\n|-damage|p1a: Heatran|3\/100\n|-unboost|p1a: Heatran|spa|1\n|\n|-heal|p1a: Heatran|9\/100|[from] Grassy Terrain\n|-heal|p2a: Clefable|63\/100|[from] Grassy Terrain\n|-heal|p2a: Clefable|69\/100|[from] item: Leftovers\n|upkeep\n|turn|13\n|\n|t:|1700321880\n|move|p1a: Heatran|Taunt|p2a: Clefable\n|-start|p2a: Clefable|move: Taunt\n|move|p2a: Clefable|Moonblast|p1a: Heatran\n|-resisted|p1a: Heatran\n|-damage|p1a: Heatran|4\/100\n|\n|-heal|p1a: Heatran|10\/100|[from] Grassy Terrain\n|-heal|p2a: Clefable|75\/100|[from] Grassy Terrain\n|-heal|p2a: Clefable|81\/100|[from] item: Leftovers\n|upkeep\n|turn|14\n|\n|t:|1700321883\n|move|p1a: Heatran|Magma Storm|p2a: Clefable\n|-crit|p2a: Clefable\n|-damage|p2a: Clefable|20\/100\n|move|p2a: Clefable|Moonblast|p1a: Heatran\n|-resisted|p1a: Heatran\n|-damage|p1a: Heatran|5\/100\n|\n|-heal|p1a: Heatran|12\/100|[from] Grassy Terrain\n|-heal|p2a: Clefable|26\/100|[from] Grassy Terrain\n|-heal|p2a: Clefable|32\/100|[from] item: Leftovers\n|-fieldend|move: Grassy Terrain\n|upkeep\n|turn|15\n|\n|t:|1700321894\n|move|p1a: Heatran|Magma Storm|p2a: Clefable\n|-damage|p2a: Clefable|3\/100\n|move|p2a: Clefable|Moonblast|p1a: Heatran\n|-resisted|p1a: Heatran\n|-damage|p1a: Heatran|6\/100\n|\n|-heal|p2a: Clefable|9\/100|[from] item: Leftovers\n|-end|p2a: Clefable|move: Taunt\n|upkeep\n|turn|16\n|\n|t:|1700321902\n|move|p2a: Clefable|Protect|p2a: Clefable\n|-singleturn|p2a: Clefable|Protect\n|move|p1a: Heatran|Earth Power|p2a: Clefable\n|-activate|p2a: Clefable|move: Protect\n|\n|-heal|p2a: Clefable|15\/100|[from] item: Leftovers\n|upkeep\n|turn|17\n|\n|t:|1700321909\n|move|p2a: Clefable|Protect||[still]\n|-fail|p2a: Clefable\n|move|p1a: Heatran|Earth Power|p2a: Clefable\n|-damage|p2a: Clefable|0 fnt\n|faint|p2a: Clefable\n|\n|upkeep\n|\n|t:|1700321915\n|switch|p2a: Blissey|Blissey, F|100\/100\n|turn|18\n|\n|t:|1700321929\n|move|p1a: Heatran|Taunt|p2a: Blissey\n|-start|p2a: Blissey|move: Taunt\n|cant|p2a: Blissey|move: Taunt|Stealth Rock\n|\n|upkeep\n|turn|19\n|\n|t:|1700321945\n|switch|p1a: Great Tusk|Great Tusk|100\/100\n|-enditem|p1a: Great Tusk|Booster Energy\n|-activate|p1a: Great Tusk|ability: Protosynthesis|[fromitem]\n|-start|p1a: Great Tusk|protosynthesisspe\n|move|p2a: Blissey|Shadow Ball|p1a: Great Tusk\n|-damage|p1a: Great Tusk|83\/100\n|\n|upkeep\n|turn|20\n|\n|t:|1700321956\n|switch|p2a: Gliscor|Gliscor, F|100\/100 tox\n|-damage|p2a: Gliscor|88\/100 tox|[from] Stealth Rock\n|move|p1a: Great Tusk|Headlong Rush|p2a: Gliscor\n|-immune|p2a: Gliscor\n|\n|-heal|p2a: Gliscor|100\/100 tox|[from] ability: Poison Heal\n|upkeep\n|turn|21\n|\n|t:|1700321964\n|-end|p1a: Great Tusk|Protosynthesis|[silent]\n|switch|p1a: Heatran|Heatran, M|6\/100\n|move|p2a: Gliscor|Toxic|p1a: Heatran\n|-immune|p1a: Heatran\n|\n|upkeep\n|turn|22\n|\n|t:|1700321979\n|move|p2a: Gliscor|Protect|p2a: Gliscor\n|-singleturn|p2a: Gliscor|Protect\n|move|p1a: Heatran|Magma Storm|p2a: Gliscor\n|-activate|p2a: Gliscor|move: Protect\n|\n|upkeep\n|turn|23\n|\n|t:|1700322004\n|move|p2a: Gliscor|Knock Off|p1a: Heatran\n|-damage|p1a: Heatran|0 fnt\n|faint|p1a: Heatran\n|\n|upkeep\n|\n|t:|1700322025\n|switch|p1a: Rillaboom|Rillaboom, F|64\/100\n|-fieldstart|move: Grassy Terrain|[from] ability: Grassy Surge|[of] p1a: Rillaboom\n|turn|24\n|\n|t:|1700322030\n|move|p2a: Gliscor|Protect|p2a: Gliscor\n|-singleturn|p2a: Gliscor|Protect\n|move|p1a: Rillaboom|Wood Hammer|p2a: Gliscor\n|-activate|p2a: Gliscor|move: Protect\n|\n|-heal|p1a: Rillaboom|70\/100|[from] Grassy Terrain\n|upkeep\n|turn|25\n|inactive|BelethEdgy has 270 seconds left.\n|inactive|PZ Gang has 270 seconds left.\n|\n|t:|1700322064\n|switch|p1a: Hatterene|Hatterene, F|100\/100\n|-enditem|p1a: Hatterene|Grassy Seed\n|-boost|p1a: Hatterene|def|1|[from] item: Grassy Seed\n|move|p2a: Gliscor|Toxic|p1a: Hatterene\n|move|p1a: Hatterene|Toxic|p2a: Gliscor|[from]ability: Magic Bounce\n|-fail|p2a: Gliscor|tox\n|\n|upkeep\n|turn|26\n|inactive|BelethEdgy has 270 seconds left.\n|\n|t:|1700322082\n|switch|p2a: Blissey|Blissey, F|100\/100\n|move|p1a: Hatterene|Calm Mind|p1a: Hatterene\n|-boost|p1a: Hatterene|spa|1\n|-boost|p1a: Hatterene|spd|1\n|\n|upkeep\n|turn|27\n|\n|t:|1700322089\n|move|p1a: Hatterene|Calm Mind|p1a: Hatterene\n|-boost|p1a: Hatterene|spa|1\n|-boost|p1a: Hatterene|spd|1\n|move|p2a: Blissey|Calm Mind|p2a: Blissey\n|-boost|p2a: Blissey|spa|1\n|-boost|p2a: Blissey|spd|1\n|\n|upkeep\n|turn|28\n|\n|t:|1700322091\n|move|p1a: Hatterene|Calm Mind|p1a: Hatterene\n|-boost|p1a: Hatterene|spa|1\n|-boost|p1a: Hatterene|spd|1\n|move|p2a: Blissey|Calm Mind|p2a: Blissey\n|-boost|p2a: Blissey|spa|1\n|-boost|p2a: Blissey|spd|1\n|\n|-fieldend|move: Grassy Terrain\n|upkeep\n|turn|29\n|\n|t:|1700322103\n|move|p1a: Hatterene|Calm Mind|p1a: Hatterene\n|-boost|p1a: Hatterene|spa|1\n|-boost|p1a: Hatterene|spd|1\n|move|p2a: Blissey|Calm Mind|p2a: Blissey\n|-boost|p2a: Blissey|spa|1\n|-boost|p2a: Blissey|spd|1\n|\n|upkeep\n|turn|30\n|\n|t:|1700322127\n|-terastallize|p2a: Blissey|Dark\n|move|p1a: Hatterene|Psyshock|p2a: Blissey\n|-immune|p2a: Blissey\n|move|p2a: Blissey|Calm Mind|p2a: Blissey\n|-boost|p2a: Blissey|spa|1\n|-boost|p2a: Blissey|spd|1\n|\n|upkeep\n|turn|31\n|\n|t:|1700322137\n|move|p1a: Hatterene|Calm Mind|p1a: Hatterene\n|-boost|p1a: Hatterene|spa|1\n|-boost|p1a: Hatterene|spd|1\n|move|p2a: Blissey|Shadow Ball|p1a: Hatterene\n|-supereffective|p1a: Hatterene\n|-damage|p1a: Hatterene|74\/100\n|\n|upkeep\n|turn|32\n|\n|t:|1700322142\n|-terastallize|p1a: Hatterene|Water\n|move|p1a: Hatterene|Nuzzle|p2a: Blissey\n|-damage|p2a: Blissey|97\/100\n|-status|p2a: Blissey|par\n|move|p2a: Blissey|Calm Mind|p2a: Blissey\n|-boost|p2a: Blissey|spa|1\n|-boost|p2a: Blissey|spd|1\n|\n|upkeep\n|turn|33\n|\n|t:|1700322145\n|move|p1a: Hatterene|Calm Mind|p1a: Hatterene\n|-boost|p1a: Hatterene|spa|1\n|-boost|p1a: Hatterene|spd|1\n|move|p2a: Blissey|Calm Mind|p2a: Blissey\n|-boost|p2a: Blissey|spa|1\n|-boost|p2a: Blissey|spd|1\n|\n|upkeep\n|turn|34\n|\n|t:|1700322148\n|move|p1a: Hatterene|Draining Kiss|p2a: Blissey\n|-supereffective|p2a: Blissey\n|-damage|p2a: Blissey|82\/100 par\n|-heal|p1a: Hatterene|97\/100|[from] drain|[of] p2a: Blissey\n|move|p2a: Blissey|Shadow Ball|p1a: Hatterene\n|-damage|p1a: Hatterene|81\/100\n|\n|upkeep\n|turn|35\n|\n|t:|1700322153\n|move|p1a: Hatterene|Draining Kiss|p2a: Blissey\n|-supereffective|p2a: Blissey\n|-damage|p2a: Blissey|68\/100 par\n|-heal|p1a: Hatterene|100\/100|[from] drain|[of] p2a: Blissey\n|move|p2a: Blissey|Shadow Ball|p1a: Hatterene\n|-damage|p1a: Hatterene|85\/100\n|\n|upkeep\n|turn|36\n|\n|t:|1700322163\n|move|p1a: Hatterene|Draining Kiss|p2a: Blissey\n|-supereffective|p2a: Blissey\n|-damage|p2a: Blissey|54\/100 par\n|-heal|p1a: Hatterene|100\/100|[from] drain|[of] p2a: Blissey\n|move|p2a: Blissey|Soft-Boiled|p2a: Blissey\n|-heal|p2a: Blissey|100\/100 par\n|\n|upkeep\n|turn|37\n|\n|t:|1700322189\n|move|p1a: Hatterene|Draining Kiss|p2a: Blissey\n|-supereffective|p2a: Blissey\n|-damage|p2a: Blissey|86\/100 par\n|move|p2a: Blissey|Shadow Ball|p1a: Hatterene\n|-damage|p1a: Hatterene|84\/100\n|\n|upkeep\n|turn|38\n|\n|t:|1700322201\n|move|p1a: Hatterene|Draining Kiss|p2a: Blissey\n|-supereffective|p2a: Blissey\n|-damage|p2a: Blissey|73\/100 par\n|-heal|p1a: Hatterene|100\/100|[from] drain|[of] p2a: Blissey\n|move|p2a: Blissey|Soft-Boiled|p2a: Blissey\n|-heal|p2a: Blissey|100\/100 par\n|\n|upkeep\n|turn|39\n|\n|t:|1700322205\n|move|p1a: Hatterene|Draining Kiss|p2a: Blissey\n|-supereffective|p2a: Blissey\n|-damage|p2a: Blissey|86\/100 par\n|move|p2a: Blissey|Shadow Ball|p1a: Hatterene\n|-damage|p1a: Hatterene|85\/100\n|\n|upkeep\n|turn|40\n|\n|t:|1700322221\n|move|p1a: Hatterene|Draining Kiss|p2a: Blissey\n|-supereffective|p2a: Blissey\n|-damage|p2a: Blissey|72\/100 par\n|-heal|p1a: Hatterene|100\/100|[from] drain|[of] p2a: Blissey\n|move|p2a: Blissey|Shadow Ball|p1a: Hatterene\n|-damage|p1a: Hatterene|85\/100\n|-unboost|p1a: Hatterene|spd|1\n|\n|upkeep\n|turn|41\n|\n|t:|1700322228\n|move|p1a: Hatterene|Draining Kiss|p2a: Blissey\n|-supereffective|p2a: Blissey\n|-damage|p2a: Blissey|58\/100 par\n|-heal|p1a: Hatterene|100\/100|[from] drain|[of] p2a: Blissey\n|move|p2a: Blissey|Soft-Boiled|p2a: Blissey\n|-heal|p2a: Blissey|100\/100 par\n|\n|upkeep\n|turn|42\n|\n|t:|1700322233\n|move|p1a: Hatterene|Calm Mind|p1a: Hatterene\n|-boost|p1a: Hatterene|spa|0\n|-boost|p1a: Hatterene|spd|1\n|cant|p2a: Blissey|par\n|\n|upkeep\n|turn|43\n|\n|t:|1700322241\n|move|p1a: Hatterene|Draining Kiss|p2a: Blissey\n|-supereffective|p2a: Blissey\n|-damage|p2a: Blissey|86\/100 par\n|move|p2a: Blissey|Shadow Ball|p1a: Hatterene\n|-damage|p1a: Hatterene|86\/100\n|\n|upkeep\n|turn|44\n|\n|t:|1700322244\n|move|p1a: Hatterene|Draining Kiss|p2a: Blissey\n|-supereffective|p2a: Blissey\n|-damage|p2a: Blissey|73\/100 par\n|-heal|p1a: Hatterene|100\/100|[from] drain|[of] p2a: Blissey\n|cant|p2a: Blissey|par\n|\n|upkeep\n|turn|45\n|\n|t:|1700322247\n|move|p1a: Hatterene|Draining Kiss|p2a: Blissey\n|-supereffective|p2a: Blissey\n|-damage|p2a: Blissey|58\/100 par\n|cant|p2a: Blissey|par\n|\n|upkeep\n|turn|46\n|\n|t:|1700322250\n|move|p1a: Hatterene|Draining Kiss|p2a: Blissey\n|-supereffective|p2a: Blissey\n|-damage|p2a: Blissey|43\/100 par\n|move|p2a: Blissey|Soft-Boiled|p2a: Blissey\n|-heal|p2a: Blissey|93\/100 par\n|\n|upkeep\n|turn|47\n|\n|t:|1700322256\n|move|p1a: Hatterene|Draining Kiss|p2a: Blissey\n|-supereffective|p2a: Blissey\n|-damage|p2a: Blissey|78\/100 par\n|move|p2a: Blissey|Soft-Boiled|p2a: Blissey\n|-heal|p2a: Blissey|100\/100 par\n|\n|upkeep\n|turn|48\n|\n|t:|1700322267\n|move|p1a: Hatterene|Draining Kiss|p2a: Blissey\n|-supereffective|p2a: Blissey\n|-damage|p2a: Blissey|87\/100 par\n|move|p2a: Blissey|Shadow Ball|p1a: Hatterene\n|-damage|p1a: Hatterene|86\/100\n|\n|upkeep\n|turn|49\n|\n|t:|1700322270\n|move|p1a: Hatterene|Draining Kiss|p2a: Blissey\n|-supereffective|p2a: Blissey\n|-damage|p2a: Blissey|74\/100 par\n|-heal|p1a: Hatterene|100\/100|[from] drain|[of] p2a: Blissey\n|cant|p2a: Blissey|par\n|\n|upkeep\n|turn|50\n|\n|t:|1700322282\n|switch|p1a: Rillaboom|Rillaboom, F|70\/100\n|-fieldstart|move: Grassy Terrain|[from] ability: Grassy Surge|[of] p1a: Rillaboom\n|cant|p2a: Blissey|par\n|\n|-heal|p1a: Rillaboom|76\/100|[from] Grassy Terrain\n|-heal|p2a: Blissey|80\/100 par|[from] Grassy Terrain\n|upkeep\n|turn|51\n|c|+Profdesinnoh|C'\u00e9tait une ball\n|c|+Profdesinnoh|Btw\n|\n|t:|1700322310\n|-curestatus|p2a: Blissey|par|[from] ability: Natural Cure\n|switch|p2a: Chesnaught|Chesnaught, M|76\/100\n|move|p1a: Rillaboom|Wood Hammer|p2a: Chesnaught\n|-resisted|p2a: Chesnaught\n|-damage|p2a: Chesnaught|39\/100\n|-damage|p1a: Rillaboom|64\/100|[from] Recoil\n|\n|-heal|p1a: Rillaboom|70\/100|[from] Grassy Terrain\n|-heal|p2a: Chesnaught|45\/100|[from] Grassy Terrain\n|upkeep\n|turn|52\n|c|\u2606BelethEdgy|beau para\n|\n|t:|1700322326\n|switch|p1a: Hatterene|Hatterene, F, tera:Water|100\/100\n|move|p2a: Chesnaught|Synthesis|p2a: Chesnaught\n|-heal|p2a: Chesnaught|95\/100\n|\n|-heal|p2a: Chesnaught|100\/100|[from] Grassy Terrain\n|upkeep\n|turn|53\n|\n|t:|1700322335\n|switch|p2a: Blissey|Blissey, F, tera:Dark|80\/100\n|move|p1a: Hatterene|Nuzzle|p2a: Blissey\n|-damage|p2a: Blissey|76\/100\n|-status|p2a: Blissey|par\n|\n|-heal|p2a: Blissey|82\/100 par|[from] Grassy Terrain\n|upkeep\n|turn|54\n|\n|t:|1700322343\n|switch|p1a: Rillaboom|Rillaboom, F|70\/100\n|move|p2a: Blissey|Stealth Rock|p1a: Rillaboom\n|-sidestart|p1: BelethEdgy|move: Stealth Rock\n|\n|-heal|p1a: Rillaboom|76\/100|[from] Grassy Terrain\n|-heal|p2a: Blissey|88\/100 par|[from] Grassy Terrain\n|-fieldend|move: Grassy Terrain\n|upkeep\n|turn|55\n|\n|t:|1700322351\n|-curestatus|p2a: Blissey|par|[from] ability: Natural Cure\n|switch|p2a: Gliscor|Gliscor, F|100\/100 tox\n|-damage|p2a: Gliscor|88\/100 tox|[from] Stealth Rock\n|move|p1a: Rillaboom|U-turn|p2a: Gliscor\n|-resisted|p2a: Gliscor\n|-damage|p2a: Gliscor|76\/100 tox\n|\n|t:|1700322380\n|switch|p1a: Hatterene|Hatterene, F, tera:Water|100\/100|[from] U-turn\n|-damage|p1a: Hatterene|88\/100|[from] Stealth Rock\n|\n|-heal|p2a: Gliscor|89\/100 tox|[from] ability: Poison Heal\n|upkeep\n|turn|56\n|\n|t:|1700322386\n|move|p2a: Gliscor|Protect|p2a: Gliscor\n|-singleturn|p2a: Gliscor|Protect\n|move|p1a: Hatterene|Calm Mind|p1a: Hatterene\n|-boost|p1a: Hatterene|spa|1\n|-boost|p1a: Hatterene|spd|1\n|\n|-heal|p2a: Gliscor|100\/100 tox|[from] ability: Poison Heal\n|upkeep\n|turn|57\n|\n|t:|1700322390\n|switch|p2a: Blissey|Blissey, F, tera:Dark|88\/100\n|move|p1a: Hatterene|Calm Mind|p1a: Hatterene\n|-boost|p1a: Hatterene|spa|1\n|-boost|p1a: Hatterene|spd|1\n|\n|upkeep\n|turn|58\n|\n|t:|1700322396\n|move|p1a: Hatterene|Draining Kiss|p2a: Blissey\n|-supereffective|p2a: Blissey\n|-damage|p2a: Blissey|61\/100\n|-heal|p1a: Hatterene|100\/100|[from] drain|[of] p2a: Blissey\n|move|p2a: Blissey|Calm Mind|p2a: Blissey\n|-boost|p2a: Blissey|spa|1\n|-boost|p2a: Blissey|spd|1\n|\n|upkeep\n|turn|59\n|\n|t:|1700322399\n|move|p1a: Hatterene|Nuzzle|p2a: Blissey\n|-damage|p2a: Blissey|57\/100\n|-status|p2a: Blissey|par\n|move|p2a: Blissey|Soft-Boiled|p2a: Blissey\n|-heal|p2a: Blissey|100\/100 par\n|\n|upkeep\n|turn|60\n|\n|t:|1700322403\n|switch|p1a: Rillaboom|Rillaboom, F|76\/100\n|-damage|p1a: Rillaboom|64\/100|[from] Stealth Rock\n|-fieldstart|move: Grassy Terrain|[from] ability: Grassy Surge|[of] p1a: Rillaboom\n|cant|p2a: Blissey|par\n|\n|-heal|p1a: Rillaboom|70\/100|[from] Grassy Terrain\n|upkeep\n|turn|61\n|\n|t:|1700322411\n|-curestatus|p2a: Blissey|par|[from] ability: Natural Cure\n|switch|p2a: Chesnaught|Chesnaught, M|100\/100\n|move|p1a: Rillaboom|Wood Hammer|p2a: Chesnaught\n|-resisted|p2a: Chesnaught\n|-damage|p2a: Chesnaught|62\/100\n|-damage|p1a: Rillaboom|57\/100|[from] Recoil\n|\n|-heal|p1a: Rillaboom|63\/100|[from] Grassy Terrain\n|-heal|p2a: Chesnaught|68\/100|[from] Grassy Terrain\n|upkeep\n|turn|62\n|\n|t:|1700322426\n|switch|p1a: Hatterene|Hatterene, F, tera:Water|100\/100\n|-damage|p1a: Hatterene|88\/100|[from] Stealth Rock\n|move|p2a: Chesnaught|Synthesis|p2a: Chesnaught\n|-heal|p2a: Chesnaught|100\/100\n|\n|-heal|p1a: Hatterene|94\/100|[from] Grassy Terrain\n|upkeep\n|turn|63\n|\n|t:|1700322437\n|switch|p2a: Blissey|Blissey, F, tera:Dark|100\/100\n|move|p1a: Hatterene|Nuzzle|p2a: Blissey\n|-damage|p2a: Blissey|97\/100\n|-status|p2a: Blissey|par\n|\n|-heal|p1a: Hatterene|99\/100|[from] Grassy Terrain\n|-heal|p2a: Blissey|100\/100 par|[from] Grassy Terrain\n|upkeep\n|turn|64\n|\n|t:|1700322445\n|switch|p1a: Great Tusk|Great Tusk|83\/100\n|-damage|p1a: Great Tusk|80\/100|[from] Stealth Rock\n|move|p2a: Blissey|Shadow Ball|p1a: Great Tusk\n|-damage|p1a: Great Tusk|60\/100\n|\n|-heal|p1a: Great Tusk|66\/100|[from] Grassy Terrain\n|-fieldend|move: Grassy Terrain\n|upkeep\n|turn|65\n|\n|t:|1700322454\n|-curestatus|p2a: Blissey|par|[from] ability: Natural Cure\n|switch|p2a: Gliscor|Gliscor, F|100\/100 tox\n|-damage|p2a: Gliscor|88\/100 tox|[from] Stealth Rock\n|move|p1a: Great Tusk|Bulk Up|p1a: Great Tusk\n|-boost|p1a: Great Tusk|atk|1\n|-boost|p1a: Great Tusk|def|1\n|\n|-heal|p2a: Gliscor|100\/100 tox|[from] ability: Poison Heal\n|upkeep\n|turn|66\n|\n|t:|1700322478\n|move|p1a: Great Tusk|Ice Spinner|p2a: Gliscor\n|-supereffective|p2a: Gliscor\n|-crit|p2a: Gliscor\n|-damage|p2a: Gliscor|0 fnt\n|faint|p2a: Gliscor\n|\n|upkeep\n|\n|t:|1700322483\n|switch|p2a: Dondozo|Dondozo, F|100\/100\n|turn|67\n|inactive|BelethEdgy has 270 seconds left.\n|inactive|PZ Gang has 270 seconds left.\n|\n|t:|1700322534\n|-end|p1a: Great Tusk|Protosynthesis|[silent]\n|switch|p1a: Rillaboom|Rillaboom, F|63\/100\n|-damage|p1a: Rillaboom|50\/100|[from] Stealth Rock\n|-fieldstart|move: Grassy Terrain|[from] ability: Grassy Surge|[of] p1a: Rillaboom\n|move|p2a: Dondozo|Liquidation|p1a: Rillaboom\n|-resisted|p1a: Rillaboom\n|-damage|p1a: Rillaboom|35\/100\n|\n|-heal|p1a: Rillaboom|41\/100|[from] Grassy Terrain\n|upkeep\n|turn|68\n|\n|t:|1700322543\n|switch|p2a: Chesnaught|Chesnaught, M|100\/100\n|move|p1a: Rillaboom|U-turn|p2a: Chesnaught\n|-damage|p2a: Chesnaught|80\/100\n|inactive|BelethEdgy has 240 seconds left.\n|\n|t:|1700322574\n|switch|p1a: Sneasler|Sneasler, F|100\/100|[from] U-turn\n|-damage|p1a: Sneasler|95\/100|[from] Stealth Rock\n|-enditem|p1a: Sneasler|Grassy Seed\n|-boost|p1a: Sneasler|def|1|[from] item: Grassy Seed\n|\n|-heal|p1a: Sneasler|100\/100|[from] Grassy Terrain\n|-heal|p2a: Chesnaught|86\/100|[from] Grassy Terrain\n|upkeep\n|turn|69\n|\n|t:|1700322583\n|move|p2a: Chesnaught|Spiky Shield|p2a: Chesnaught\n|-singleturn|p2a: Chesnaught|move: Protect\n|move|p1a: Sneasler|Dire Claw|p2a: Chesnaught\n|-activate|p2a: Chesnaught|move: Protect\n|-damage|p1a: Sneasler|88\/100|[from] Spiky Shield|[of] p2a: Chesnaught\n|\n|-heal|p1a: Sneasler|94\/100|[from] Grassy Terrain\n|-heal|p2a: Chesnaught|92\/100|[from] Grassy Terrain\n|upkeep\n|turn|70\n|\n|t:|1700322592\n|switch|p2a: Skeledirge|Skeledirge, M|100\/100\n|move|p1a: Sneasler|Dire Claw|p2a: Skeledirge\n|-resisted|p2a: Skeledirge\n|-damage|p2a: Skeledirge|83\/100\n|\n|-heal|p1a: Sneasler|99\/100|[from] Grassy Terrain\n|-heal|p2a: Skeledirge|89\/100|[from] Grassy Terrain\n|upkeep\n|turn|71\n|inactive|BelethEdgy has 240 seconds left.\n|\n|t:|1700322629\n|move|p1a: Sneasler|Shadow Claw|p2a: Skeledirge\n|-supereffective|p2a: Skeledirge\n|-damage|p2a: Skeledirge|46\/100\n|move|p2a: Skeledirge|Will-O-Wisp|p1a: Sneasler|[miss]\n|-miss|p2a: Skeledirge|p1a: Sneasler\n|\n|-heal|p1a: Sneasler|100\/100|[from] Grassy Terrain\n|-heal|p2a: Skeledirge|52\/100|[from] Grassy Terrain\n|-fieldend|move: Grassy Terrain\n|upkeep\n|turn|72\n|c|+Profdesinnoh|Bon\n|c|+Profdesinnoh|\u00e7a suffit l\u00e0\n|\n|t:|1700322640\n|move|p1a: Sneasler|Shadow Claw|p2a: Skeledirge\n|-supereffective|p2a: Skeledirge\n|-damage|p2a: Skeledirge|5\/100\n|move|p2a: Skeledirge|Slack Off|p2a: Skeledirge\n|-heal|p2a: Skeledirge|55\/100\n|\n|upkeep\n|turn|73\n|\n|t:|1700322648\n|move|p1a: Sneasler|Shadow Claw|p2a: Skeledirge\n|-supereffective|p2a: Skeledirge\n|-damage|p2a: Skeledirge|12\/100\n|move|p2a: Skeledirge|Will-O-Wisp|p1a: Sneasler\n|-status|p1a: Sneasler|brn\n|\n|-damage|p1a: Sneasler|95\/100 brn|[from] brn\n|upkeep\n|turn|74\n|\n|t:|1700322662\n|switch|p2a: Dondozo|Dondozo, F|100\/100\n|move|p1a: Sneasler|Shadow Claw|p2a: Dondozo\n|-damage|p2a: Dondozo|94\/100\n|\n|-damage|p1a: Sneasler|89\/100 brn|[from] brn\n|upkeep\n|turn|75\n|inactive|BelethEdgy has 240 seconds left.\n|\n|t:|1700322683\n|move|p1a: Sneasler|Dire Claw|p2a: Dondozo\n|-damage|p2a: Dondozo|84\/100\n|-status|p2a: Dondozo|psn\n|move|p2a: Dondozo|Liquidation|p1a: Sneasler\n|-damage|p1a: Sneasler|49\/100 brn\n|\n|-damage|p2a: Dondozo|71\/100 psn|[from] psn\n|-damage|p1a: Sneasler|43\/100 brn|[from] brn\n|upkeep\n|turn|76\n|inactive|BelethEdgy has 240 seconds left.\n|\n|t:|1700322693\n|move|p1a: Sneasler|Close Combat|p2a: Dondozo\n|-damage|p2a: Dondozo|55\/100 psn\n|-unboost|p1a: Sneasler|def|1\n|-unboost|p1a: Sneasler|spd|1\n|move|p2a: Dondozo|Rest|p2a: Dondozo\n|-status|p2a: Dondozo|slp|[from] move: Rest\n|-heal|p2a: Dondozo|100\/100 slp|[silent]\n|\n|-damage|p1a: Sneasler|37\/100 brn|[from] brn\n|upkeep\n|turn|77\n|inactive|BelethEdgy has 240 seconds left.\n|\n|t:|1700322711\n|switch|p1a: Dragonite|Dragonite, F|100\/100\n|-damage|p1a: Dragonite|76\/100|[from] Stealth Rock\n|cant|p2a: Dondozo|slp\n|\n|-heal|p1a: Dragonite|82\/100|[from] item: Leftovers\n|upkeep\n|turn|78\n|inactive|BelethEdgy has 240 seconds left.\n|\n|t:|1700322731\n|move|p1a: Dragonite|Thunder Punch|p2a: Dondozo\n|-supereffective|p2a: Dondozo\n|-damage|p2a: Dondozo|78\/100 slp\n|cant|p2a: Dondozo|slp\n|\n|-heal|p1a: Dragonite|88\/100|[from] item: Leftovers\n|upkeep\n|turn|79\n|\n|t:|1700322751\n|switch|p2a: Chesnaught|Chesnaught, M|92\/100\n|move|p1a: Dragonite|Thunder Punch|p2a: Chesnaught\n|-resisted|p2a: Chesnaught\n|-damage|p2a: Chesnaught|84\/100\n|\n|-heal|p1a: Dragonite|94\/100|[from] item: Leftovers\n|upkeep\n|turn|80\n|\n|t:|1700322755\n|move|p1a: Dragonite|Dragon Dance|p1a: Dragonite\n|-boost|p1a: Dragonite|atk|1\n|-boost|p1a: Dragonite|spe|1\n|move|p2a: Chesnaught|Knock Off|p1a: Dragonite\n|-damage|p1a: Dragonite|68\/100\n|-enditem|p1a: Dragonite|Leftovers|[from] move: Knock Off|[of] p2a: Chesnaught\n|\n|upkeep\n|turn|81\n|\n|t:|1700322760\n|move|p2a: Chesnaught|Spiky Shield|p2a: Chesnaught\n|-singleturn|p2a: Chesnaught|move: Protect\n|move|p1a: Dragonite|Encore|p2a: Chesnaught\n|-activate|p2a: Chesnaught|move: Protect\n|\n|upkeep\n|turn|82\n|\n|t:|1700322775\n|switch|p2a: Dondozo|Dondozo, F|78\/100 slp\n|move|p1a: Dragonite|Encore||[still]\n|-fail|p1a: Dragonite\n|\n|upkeep\n|turn|83\n|inactive|PZ Gang has 270 seconds left.\n|\n|t:|1700322813\n|move|p1a: Dragonite|Thunder Punch|p2a: Dondozo\n|-supereffective|p2a: Dondozo\n|-damage|p2a: Dondozo|54\/100 slp\n|-curestatus|p2a: Dondozo|slp|[msg]\n|move|p2a: Dondozo|Liquidation|p1a: Dragonite\n|-resisted|p1a: Dragonite\n|-damage|p1a: Dragonite|53\/100\n|-unboost|p1a: Dragonite|def|1\n|\n|upkeep\n|turn|84\n|inactive|PZ Gang has 270 seconds left.\n|\n|t:|1700322827\n|move|p1a: Dragonite|Thunder Punch|p2a: Dondozo\n|-supereffective|p2a: Dondozo\n|-damage|p2a: Dondozo|30\/100\n|move|p2a: Dondozo|Liquidation|p1a: Dragonite\n|-resisted|p1a: Dragonite\n|-damage|p1a: Dragonite|36\/100\n|\n|upkeep\n|turn|85\n|inactive|PZ Gang has 270 seconds left.\n|\n|t:|1700322833\n|move|p1a: Dragonite|Thunder Punch|p2a: Dondozo\n|-supereffective|p2a: Dondozo\n|-damage|p2a: Dondozo|4\/100\n|move|p2a: Dondozo|Rest|p2a: Dondozo\n|-status|p2a: Dondozo|slp|[from] move: Rest\n|-heal|p2a: Dondozo|100\/100 slp|[silent]\n|\n|upkeep\n|turn|86\n|\n|t:|1700322857\n|move|p1a: Dragonite|Encore|p2a: Dondozo\n|-start|p2a: Dondozo|Encore\n|cant|p2a: Dondozo|slp\n|\n|upkeep\n|turn|87\n|\n|t:|1700322865\n|switch|p2a: Skeledirge|Skeledirge, M|12\/100\n|move|p1a: Dragonite|Thunder Punch|p2a: Skeledirge\n|-damage|p2a: Skeledirge|0 fnt\n|faint|p2a: Skeledirge\n|\n|upkeep\n|\n|t:|1700322869\n|switch|p2a: Dondozo|Dondozo, F|100\/100 slp\n|turn|88\n|\n|t:|1700322895\n|move|p1a: Dragonite|Thunder Punch|p2a: Dondozo\n|-supereffective|p2a: Dondozo\n|-damage|p2a: Dondozo|78\/100 slp\n|cant|p2a: Dondozo|slp\n|\n|upkeep\n|turn|89\n|\n|t:|1700322898\n|move|p1a: Dragonite|Thunder Punch|p2a: Dondozo\n|-supereffective|p2a: Dondozo\n|-damage|p2a: Dondozo|55\/100 slp\n|-curestatus|p2a: Dondozo|slp|[msg]\n|move|p2a: Dondozo|Liquidation|p1a: Dragonite\n|-resisted|p1a: Dragonite\n|-damage|p1a: Dragonite|20\/100\n|\n|upkeep\n|turn|90\n|\n|t:|1700322903\n|move|p1a: Dragonite|Thunder Punch|p2a: Dondozo\n|-supereffective|p2a: Dondozo\n|-damage|p2a: Dondozo|32\/100\n|move|p2a: Dondozo|Liquidation|p1a: Dragonite\n|-resisted|p1a: Dragonite\n|-damage|p1a: Dragonite|4\/100\n|\n|upkeep\n|turn|91\n|\n|t:|1700322906\n|move|p1a: Dragonite|Thunder Punch|p2a: Dondozo\n|-supereffective|p2a: Dondozo\n|-damage|p2a: Dondozo|7\/100\n|-status|p2a: Dondozo|par\n|move|p2a: Dondozo|Liquidation|p1a: Dragonite\n|-resisted|p1a: Dragonite\n|-damage|p1a: Dragonite|0 fnt\n|faint|p1a: Dragonite\n|\n|upkeep\n|inactive|BelethEdgy has 270 seconds left.\n|c|\u2606PZ Gang|Un peu la honte si vous la gagnez\n|\n|t:|1700322962\n|switch|p1a: Great Tusk|Great Tusk|66\/100\n|-damage|p1a: Great Tusk|63\/100|[from] Stealth Rock\n|turn|92\n|c|\u2606BelethEdgy|jpeut rien y faire\n|inactive|BelethEdgy has 240 seconds left.\n|\n|t:|1700322979\n|switch|p2a: Chesnaught|Chesnaught, M|84\/100\n|move|p1a: Great Tusk|Headlong Rush|p2a: Chesnaught\n|-resisted|p2a: Chesnaught\n|-damage|p2a: Chesnaught|70\/100\n|-unboost|p1a: Great Tusk|def|1\n|-unboost|p1a: Great Tusk|spd|1\n|\n|upkeep\n|turn|93\n|inactive|BelethEdgy has 240 seconds left.\n|\n|t:|1700323002\n|move|p1a: Great Tusk|Bulk Up|p1a: Great Tusk\n|-boost|p1a: Great Tusk|atk|1\n|-boost|p1a: Great Tusk|def|1\n|move|p2a: Chesnaught|Body Press|p1a: Great Tusk\n|-damage|p1a: Great Tusk|36\/100\n|\n|upkeep\n|turn|94\n|inactive|BelethEdgy has 240 seconds left.\n|\n|t:|1700323015\n|move|p1a: Great Tusk|Bulk Up|p1a: Great Tusk\n|-boost|p1a: Great Tusk|atk|1\n|-boost|p1a: Great Tusk|def|1\n|move|p2a: Chesnaught|Body Press|p1a: Great Tusk\n|-damage|p1a: Great Tusk|18\/100\n|\n|upkeep\n|turn|95\n|\n|t:|1700323035\n|move|p2a: Chesnaught|Spiky Shield|p2a: Chesnaught\n|-singleturn|p2a: Chesnaught|move: Protect\n|move|p1a: Great Tusk|Ice Spinner|p2a: Chesnaught\n|-activate|p2a: Chesnaught|move: Protect\n|-damage|p1a: Great Tusk|5\/100|[from] Spiky Shield|[of] p2a: Chesnaught\n|\n|upkeep\n|turn|96\n|\n|t:|1700323040\n|switch|p2a: Dondozo|Dondozo, F|7\/100 par\n|move|p1a: Great Tusk|Ice Spinner|p2a: Dondozo\n|-resisted|p2a: Dondozo\n|-damage|p2a: Dondozo|2\/100 par\n|\n|upkeep\n|turn|97\n|\n|t:|1700323044\n|move|p1a: Great Tusk|Ice Spinner|p2a: Dondozo\n|-resisted|p2a: Dondozo\n|-damage|p2a: Dondozo|0 fnt\n|faint|p2a: Dondozo\n|\n|upkeep\n|\n|t:|1700323045\n|switch|p2a: Chesnaught|Chesnaught, M|70\/100\n|turn|98\n|\n|t:|1700323052\n|move|p1a: Great Tusk|Bulk Up|p1a: Great Tusk\n|-boost|p1a: Great Tusk|atk|1\n|-boost|p1a: Great Tusk|def|1\n|move|p2a: Chesnaught|Body Press|p1a: Great Tusk\n|-damage|p1a: Great Tusk|0 fnt\n|faint|p1a: Great Tusk\n|-end|p1a: Great Tusk|Protosynthesis|[silent]\n|\n|upkeep\n|\n|t:|1700323059\n|switch|p1a: Sneasler|Sneasler, F|37\/100 brn\n|-damage|p1a: Sneasler|31\/100 brn|[from] Stealth Rock\n|turn|99\n|\n|t:|1700323076\n|move|p1a: Sneasler|Dire Claw|p2a: Chesnaught\n|-supereffective|p2a: Chesnaught\n|-damage|p2a: Chesnaught|45\/100\n|-status|p2a: Chesnaught|slp\n|cant|p2a: Chesnaught|slp\n|\n|-damage|p1a: Sneasler|25\/100 brn|[from] brn\n|upkeep\n|turn|100\n|c|+Profdesinnoh|erfvggh\n|c|\u2606PZ Gang|faut aller se faire foutre un moment\n|c|+Profdesinnoh|Mais c'est s\u00e9rieux ?\n|\n|t:|1700323089\n|move|p1a: Sneasler|Dire Claw|p2a: Chesnaught\n|-supereffective|p2a: Chesnaught\n|-damage|p2a: Chesnaught|22\/100 slp\n|cant|p2a: Chesnaught|slp\n|\n|-damage|p1a: Sneasler|19\/100 brn|[from] brn\n|upkeep\n|turn|101\n|c|\u2606BelethEdgy|hahaha\n|\n|t:|1700323091\n|cant|p2a: Chesnaught|slp\n|move|p1a: Sneasler|Dire Claw|p2a: Chesnaught\n|-supereffective|p2a: Chesnaught\n|-damage|p2a: Chesnaught|0 fnt\n|faint|p2a: Chesnaught\n|\n|-damage|p1a: Sneasler|13\/100 brn|[from] brn\n|upkeep\n|c|\u2606PZ Gang|Trop marrant \n|c|\u2606PZ Gang|:)\n|\n|t:|1700323099\n|switch|p2a: Blissey|Blissey, F, tera:Dark|100\/100\n|turn|102\n|\n|t:|1700323101\n|move|p1a: Sneasler|Close Combat|p2a: Blissey\n|-supereffective|p2a: Blissey\n|-damage|p2a: Blissey|27\/100\n|-unboost|p1a: Sneasler|def|1\n|-unboost|p1a: Sneasler|spd|1\n|move|p2a: Blissey|Calm Mind|p2a: Blissey\n|-boost|p2a: Blissey|spa|1\n|-boost|p2a: Blissey|spd|1\n|\n|-damage|p1a: Sneasler|7\/100 brn|[from] brn\n|upkeep\n|turn|103\n|c|+Profdesinnoh|Ouais giga dr\u00f4le\n|c|+Profdesinnoh|On se poile\n|\n|t:|1700323108\n|move|p1a: Sneasler|Close Combat|p2a: Blissey\n|-supereffective|p2a: Blissey\n|-damage|p2a: Blissey|0 fnt\n|-unboost|p1a: Sneasler|def|1\n|-unboost|p1a: Sneasler|spd|1\n|faint|p2a: Blissey\n|\n|win|BelethEdgy\n|c|\u2606BelethEdgy|bah c sneasler frere tu veux que jfasse quoi\n|c|\u2606PZ Gang|Joue un truc skill \n|c|\u2606PZ Gang|mdr\n|c|+Profdesinnoh|On a perdu dirge sur un miss wow\n|c|+Profdesinnoh|C'est un talent de sneas \u00e7a aussi ?\n|c|\u2606BelethEdgy|skill = gliscor?\n|c|+Profdesinnoh|Tu l'as crit\n|c|+Profdesinnoh|Alors que tu tuais pas\n|c|\u2606BelethEdgy|bon, ss ou sm la prochaine?\n|c|+Profdesinnoh|Mais trkl\n","uploadtime":1700323109,"views":36,"p1id":"belethedgy","p2id":"pzgang","formatid":"gen9ubers","rating":0,"private":0,"password":""}