{"id":"smogtours-gen9ubers-727721","p1":"DeltaWarrior4","p2":"Perry","format":"[Gen 9] Ubers","log":"|inactive|Battle timer is ON: inactive players will automatically lose when time's up.\n|t:|1698620794\n|gametype|singles\n|player|p1|DeltaWarrior4|zinnia|\n|player|p2|Perry|#perry|\n|teamsize|p1|6\n|teamsize|p2|6\n|gen|9\n|tier|[Gen 9] Ubers\n|rule|Sleep Clause Mod: Limit one foe put to sleep\n|rule|Species Clause: Limit one of each Pok\u00e9mon\n|rule|OHKO Clause: OHKO moves are banned\n|rule|Evasion Items Clause: Evasion items are banned\n|rule|Evasion Moves Clause: Evasion moves are banned\n|rule|Endless Battle Clause: Forcing endless battles is banned\n|rule|HP Percentage Mod: HP is shown in percentages\n|clearpoke\n|poke|p1|Palafin, M|\n|poke|p1|Arceus-Dark|\n|poke|p1|Shaymin-Sky|\n|poke|p1|Garchomp, F|\n|poke|p1|Magearna|\n|poke|p1|Volcarona, F|\n|poke|p2|Pelipper, F|\n|poke|p2|Arceus-Grass|\n|poke|p2|Magearna|\n|poke|p2|Zacian-*|\n|poke|p2|Basculegion-F, F|\n|poke|p2|Palkia-Origin|\n|teampreview\n|c|\u2606DeltaWarrior4|glhf sry abt the trouble\n|c|\u2606Perry|dw\n|c|\u2606Perry|hf\n|inactive|Perry has 270 seconds left.\n|\n|t:|1698620832\n|start\n|switch|p1a: Palafin|Palafin, M|100\/100\n|switch|p2a: Palkia|Palkia-Origin|100\/100\n|-ability|p2a: Palkia|Pressure\n|turn|1\n|inactive|DeltaWarrior4 has 270 seconds left.\n|\n|t:|1698620877\n|detailschange|p1a: Palafin|Palafin-Hero, M\n|switch|p1a: Magearna|Magearna|100\/100\n|move|p2a: Palkia|Substitute|p2a: Palkia\n|-start|p2a: Palkia|Substitute\n|-damage|p2a: Palkia|76\/100\n|\n|upkeep\n|turn|2\n|\n|t:|1698620899\n|move|p2a: Palkia|Hydro Pump|p1a: Magearna\n|-damage|p1a: Magearna|42\/100\n|move|p1a: Magearna|Ice Beam|p2a: Palkia\n|-end|p2a: Palkia|Substitute\n|\n|upkeep\n|turn|3\n|inactive|DeltaWarrior4 has 240 seconds left.\n|\n|t:|1698620932\n|switch|p1a: Shaymin|Shaymin-Sky|100\/100\n|move|p2a: Palkia|Hydro Pump|p1a: Shaymin|[miss]\n|-miss|p2a: Palkia|p1a: Shaymin\n|\n|upkeep\n|turn|4\n|\n|t:|1698620939\n|switch|p2a: Magearna|Magearna|100\/100\n|move|p1a: Shaymin|Leech Seed|p2a: Magearna\n|-start|p2a: Magearna|move: Leech Seed\n|\n|-damage|p2a: Magearna|88\/100|[from] Leech Seed|[of] p1a: Shaymin\n|upkeep\n|turn|5\n|\n|t:|1698620952\n|move|p1a: Shaymin|Substitute|p1a: Shaymin\n|-start|p1a: Shaymin|Substitute\n|-damage|p1a: Shaymin|75\/100\n|move|p2a: Magearna|Volt Switch|p1a: Shaymin\n|-end|p1a: Shaymin|Substitute\n|\n|t:|1698620962\n|switch|p2a: Zacian|Zacian|100\/100|[from] Volt Switch\n|-ability|p2a: Zacian|Intrepid Sword|boost\n|-boost|p2a: Zacian|atk|1\n|\n|-heal|p1a: Shaymin|82\/100|[from] item: Leftovers\n|upkeep\n|turn|6\n|inactive|DeltaWarrior4 has 240 seconds left.\n|\n|t:|1698620977\n|switch|p1a: Magearna|Magearna|42\/100\n|move|p2a: Zacian|Swords Dance|p2a: Zacian\n|-boost|p2a: Zacian|atk|2\n|\n|upkeep\n|turn|7\n|inactive|DeltaWarrior4 has 240 seconds left.\n|\n|t:|1698620991\n|-terastallize|p2a: Zacian|Ground\n|move|p2a: Zacian|Tera Blast|p1a: Magearna|[anim] Tera Blast Ground\n|-supereffective|p1a: Magearna\n|-damage|p1a: Magearna|0 fnt\n|faint|p1a: Magearna\n|-damage|p2a: Zacian|91\/100|[from] item: Life Orb\n|\n|upkeep\n|inactive|DeltaWarrior4 has 240 seconds left.\n|\n|t:|1698621002\n|switch|p1a: Palafin|Palafin-Hero, M|100\/100\n|-activate|p1a: Palafin|ability: Zero to Hero\n|turn|8\n|\n|t:|1698621008\n|switch|p2a: Palkia|Palkia-Origin|76\/100\n|-ability|p2a: Palkia|Pressure\n|move|p1a: Palafin|Jet Punch|p2a: Palkia\n|-resisted|p2a: Palkia\n|-damage|p2a: Palkia|62\/100\n|\n|upkeep\n|turn|9\n|\n|t:|1698621016\n|switch|p1a: Arceus|Arceus-Dark|100\/100\n|move|p2a: Palkia|Scale Shot|p1a: Arceus\n|-damage|p1a: Arceus|95\/100\n|-damage|p1a: Arceus|89\/100\n|-damage|p1a: Arceus|84\/100\n|-damage|p1a: Arceus|78\/100\n|-damage|p1a: Arceus|73\/100\n|-hitcount|p1a: Arceus|5\n|-unboost|p2a: Palkia|def|1\n|-boost|p2a: Palkia|spe|1\n|\n|upkeep\n|turn|10\n|\n|t:|1698621023\n|switch|p2a: Magearna|Magearna|88\/100\n|move|p1a: Arceus|Calm Mind|p1a: Arceus\n|-boost|p1a: Arceus|spa|1\n|-boost|p1a: Arceus|spd|1\n|\n|-heal|p2a: Magearna|94\/100|[from] item: Leftovers\n|upkeep\n|turn|11\n|\n|t:|1698621034\n|switch|p1a: Garchomp|Garchomp, F|100\/100\n|move|p2a: Magearna|Spikes|p1a: Garchomp\n|-sidestart|p1: DeltaWarrior4|Spikes\n|\n|-heal|p2a: Magearna|99\/100|[from] item: Leftovers\n|upkeep\n|turn|12\n|\n|t:|1698621047\n|move|p1a: Garchomp|Spikes|p2a: Magearna\n|-sidestart|p2: Perry|Spikes\n|move|p2a: Magearna|Fleur Cannon|p1a: Garchomp|[miss]\n|-miss|p2a: Magearna|p1a: Garchomp\n|\n|-heal|p2a: Magearna|100\/100|[from] item: Leftovers\n|upkeep\n|turn|13\n|\n|t:|1698621058\n|move|p1a: Garchomp|Spikes|p2a: Magearna\n|-sidestart|p2: Perry|Spikes\n|move|p2a: Magearna|Fleur Cannon|p1a: Garchomp\n|-supereffective|p1a: Garchomp\n|-damage|p1a: Garchomp|0 fnt\n|-unboost|p2a: Magearna|spa|2\n|faint|p1a: Garchomp\n|-ability|p2a: Magearna|Soul-Heart|boost\n|-boost|p2a: Magearna|spa|1\n|\n|upkeep\n|\n|t:|1698621062\n|switch|p1a: Volcarona|Volcarona, F|100\/100\n|turn|14\n|\n|t:|1698621067\n|move|p1a: Volcarona|Quiver Dance|p1a: Volcarona\n|-boost|p1a: Volcarona|spa|1\n|-boost|p1a: Volcarona|spd|1\n|-boost|p1a: Volcarona|spe|1\n|move|p2a: Magearna|Volt Switch|p1a: Volcarona\n|-crit|p1a: Volcarona\n|-damage|p1a: Volcarona|55\/100\n|\n|t:|1698621074\n|switch|p2a: Pelipper|Pelipper, F|100\/100|[from] Volt Switch\n|-weather|RainDance|[from] ability: Drizzle|[of] p2a: Pelipper\n|\n|-weather|RainDance|[upkeep]\n|upkeep\n|turn|15\n|\n|t:|1698621090\n|move|p1a: Volcarona|Fiery Dance|p2a: Pelipper\n|-resisted|p2a: Pelipper\n|-damage|p2a: Pelipper|76\/100\n|move|p2a: Pelipper|Hurricane|p1a: Volcarona\n|-supereffective|p1a: Volcarona\n|-damage|p1a: Volcarona|3\/100\n|-start|p1a: Volcarona|confusion\n|\n|-weather|RainDance|[upkeep]\n|upkeep\n|turn|16\n|\n|t:|1698621101\n|-activate|p1a: Volcarona|confusion\n|move|p1a: Volcarona|Bug Buzz|p2a: Pelipper\n|-resisted|p2a: Pelipper\n|-damage|p2a: Pelipper|22\/100\n|move|p2a: Pelipper|U-turn|p1a: Volcarona\n|-resisted|p1a: Volcarona\n|-damage|p1a: Volcarona|0 fnt\n|-status|p2a: Pelipper|brn|[from] ability: Flame Body|[of] p1a: Volcarona\n|faint|p1a: Volcarona\n|\n|t:|1698621106\n|switch|p2a: Basculegion|Basculegion-F, F|100\/100|[from] U-turn\n|-damage|p2a: Basculegion|84\/100|[from] Spikes\n|\n|-weather|RainDance|[upkeep]\n|upkeep\n|\n|t:|1698621112\n|switch|p1a: Arceus|Arceus-Dark|73\/100\n|-damage|p1a: Arceus|61\/100|[from] Spikes\n|turn|17\n|\n|t:|1698621121\n|switch|p2a: Magearna|Magearna|100\/100\n|-damage|p2a: Magearna|84\/100|[from] Spikes\n|move|p1a: Arceus|Recover|p1a: Arceus\n|-heal|p1a: Arceus|100\/100\n|\n|-weather|RainDance|[upkeep]\n|-heal|p2a: Magearna|90\/100|[from] item: Leftovers\n|upkeep\n|turn|18\n|\n|t:|1698621138\n|-terastallize|p1a: Arceus|Grass\n|move|p1a: Arceus|Calm Mind|p1a: Arceus\n|-boost|p1a: Arceus|spa|1\n|-boost|p1a: Arceus|spd|1\n|move|p2a: Magearna|Fleur Cannon|p1a: Arceus\n|-damage|p1a: Arceus|69\/100\n|-unboost|p2a: Magearna|spa|2\n|\n|-weather|RainDance|[upkeep]\n|-heal|p2a: Magearna|96\/100|[from] item: Leftovers\n|upkeep\n|turn|19\n|\n|t:|1698621148\n|move|p1a: Arceus|Calm Mind|p1a: Arceus\n|-boost|p1a: Arceus|spa|1\n|-boost|p1a: Arceus|spd|1\n|move|p2a: Magearna|Spikes|p1a: Arceus\n|-sidestart|p1: DeltaWarrior4|Spikes\n|\n|-weather|RainDance|[upkeep]\n|-heal|p2a: Magearna|100\/100|[from] item: Leftovers\n|upkeep\n|turn|20\n|\n|t:|1698621152\n|move|p1a: Arceus|Recover|p1a: Arceus\n|-heal|p1a: Arceus|100\/100\n|move|p2a: Magearna|Spikes|p1a: Arceus\n|-sidestart|p1: DeltaWarrior4|Spikes\n|\n|-weather|RainDance|[upkeep]\n|upkeep\n|turn|21\n|\n|t:|1698621157\n|move|p1a: Arceus|Calm Mind|p1a: Arceus\n|-boost|p1a: Arceus|spa|1\n|-boost|p1a: Arceus|spd|1\n|move|p2a: Magearna|Volt Switch|p1a: Arceus\n|-resisted|p1a: Arceus\n|-damage|p1a: Arceus|98\/100\n|\n|t:|1698621161\n|switch|p2a: Arceus|Arceus-Grass|100\/100|[from] Volt Switch\n|-damage|p2a: Arceus|84\/100|[from] Spikes\n|\n|-weather|none\n|upkeep\n|turn|22\n|\n|t:|1698621166\n|move|p2a: Arceus|Calm Mind|p2a: Arceus\n|-boost|p2a: Arceus|spa|1\n|-boost|p2a: Arceus|spd|1\n|move|p1a: Arceus|Judgment|p2a: Arceus\n|-damage|p2a: Arceus|27\/100\n|\n|upkeep\n|turn|23\n|\n|t:|1698621172\n|move|p2a: Arceus|Judgment|p1a: Arceus\n|-resisted|p1a: Arceus\n|-damage|p1a: Arceus|89\/100\n|move|p1a: Arceus|Judgment|p2a: Arceus\n|-damage|p2a: Arceus|0 fnt\n|faint|p2a: Arceus\n|\n|upkeep\n|\n|t:|1698621187\n|switch|p2a: Palkia|Palkia-Origin|62\/100\n|-damage|p2a: Palkia|45\/100|[from] Spikes\n|-ability|p2a: Palkia|Pressure\n|turn|24\n|\n|t:|1698621195\n|move|p2a: Palkia|Scale Shot|p1a: Arceus\n|-damage|p1a: Arceus|83\/100\n|-damage|p1a: Arceus|78\/100\n|-crit|p1a: Arceus\n|-damage|p1a: Arceus|69\/100\n|-damage|p1a: Arceus|64\/100\n|-damage|p1a: Arceus|59\/100\n|-hitcount|p1a: Arceus|5\n|-unboost|p2a: Palkia|def|1\n|-boost|p2a: Palkia|spe|1\n|move|p1a: Arceus|Judgment|p2a: Palkia\n|-damage|p2a: Palkia|0 fnt\n|faint|p2a: Palkia\n|\n|upkeep\n|\n|t:|1698621207\n|switch|p2a: Zacian|Zacian, tera:Ground|91\/100\n|-damage|p2a: Zacian|74\/100|[from] Spikes\n|turn|25\n|\n|t:|1698621213\n|move|p2a: Zacian|Play Rough|p1a: Arceus\n|-damage|p1a: Arceus|30\/100\n|-damage|p2a: Zacian|64\/100|[from] item: Life Orb\n|move|p1a: Arceus|Recover|p1a: Arceus\n|-heal|p1a: Arceus|80\/100\n|\n|upkeep\n|turn|26\n|\n|t:|1698621220\n|move|p2a: Zacian|Close Combat|p1a: Arceus\n|-damage|p1a: Arceus|57\/100\n|-unboost|p2a: Zacian|def|1\n|-unboost|p2a: Zacian|spd|1\n|-damage|p2a: Zacian|54\/100|[from] item: Life Orb\n|move|p1a: Arceus|Judgment|p2a: Zacian\n|-damage|p2a: Zacian|0 fnt\n|faint|p2a: Zacian\n|\n|upkeep\n|\n|t:|1698621226\n|switch|p2a: Pelipper|Pelipper, F|22\/100 brn\n|-weather|RainDance|[from] ability: Drizzle|[of] p2a: Pelipper\n|turn|27\n|\n|t:|1698621232\n|move|p1a: Arceus|Recover|p1a: Arceus\n|-heal|p1a: Arceus|100\/100\n|move|p2a: Pelipper|Hurricane|p1a: Arceus\n|-supereffective|p1a: Arceus\n|-damage|p1a: Arceus|80\/100\n|\n|-weather|RainDance|[upkeep]\n|-damage|p2a: Pelipper|16\/100 brn|[from] brn\n|upkeep\n|turn|28\n|\n|t:|1698621238\n|move|p1a: Arceus|Calm Mind|p1a: Arceus\n|-boost|p1a: Arceus|spa|1\n|-boost|p1a: Arceus|spd|1\n|move|p2a: Pelipper|U-turn|p1a: Arceus\n|-supereffective|p1a: Arceus\n|-damage|p1a: Arceus|75\/100\n|\n|t:|1698621242\n|switch|p2a: Basculegion|Basculegion-F, F|84\/100|[from] U-turn\n|-damage|p2a: Basculegion|67\/100|[from] Spikes\n|\n|-weather|RainDance|[upkeep]\n|upkeep\n|turn|29\n|\n|t:|1698621250\n|switch|p2a: Pelipper|Pelipper, F|16\/100 brn\n|move|p1a: Arceus|Judgment|p2a: Pelipper\n|-damage|p2a: Pelipper|0 fnt\n|faint|p2a: Pelipper\n|\n|-weather|RainDance|[upkeep]\n|upkeep\n|\n|t:|1698621253\n|switch|p2a: Basculegion|Basculegion-F, F|67\/100\n|-damage|p2a: Basculegion|51\/100|[from] Spikes\n|turn|30\n|\n|t:|1698621255\n|move|p2a: Basculegion|Last Respects|p1a: Arceus\n|-damage|p1a: Arceus|16\/100\n|move|p1a: Arceus|Judgment|p2a: Basculegion\n|-supereffective|p2a: Basculegion\n|-damage|p2a: Basculegion|0 fnt\n|faint|p2a: Basculegion\n|\n|-weather|RainDance|[upkeep]\n|upkeep\n|-message|Perry forfeited.\n|\n|win|DeltaWarrior4\n|c|\u2606Perry|gg\n|c|\u2606DeltaWarrior4|ggs\n|c|\u2606DeltaWarrior4|gg\n","uploadtime":1698621262,"views":25,"p1id":"deltawarrior4","p2id":"perry","formatid":"gen9ubers","rating":0,"private":0,"password":""}