{"id":"smogtours-gen9ubers-730693","p1":"imsocleannlol","p2":"kev + mimikyu","format":"[Gen 9] Ubers","log":"|inactive|Battle timer is ON: inactive players will automatically lose when time's up.\n|t:|1700033466\n|gametype|singles\n|player|p1|imsocleannlol|1|\n|player|p2|kev + mimikyu|#uplximelmetal|\n|teamsize|p1|6\n|teamsize|p2|6\n|gen|9\n|tier|[Gen 9] Ubers\n|rule|Sleep Clause Mod: Limit one foe put to sleep\n|rule|Species Clause: Limit one of each Pok\u00e9mon\n|rule|OHKO Clause: OHKO moves are banned\n|rule|Evasion Items Clause: Evasion items are banned\n|rule|Evasion Moves Clause: Evasion moves are banned\n|rule|Endless Battle Clause: Forcing endless battles is banned\n|rule|HP Percentage Mod: HP is shown in percentages\n|clearpoke\n|poke|p1|Clefable, M|\n|poke|p1|Zapdos|\n|poke|p1|Dragapult, M|\n|poke|p1|Great Tusk|\n|poke|p1|Dragonite, M|\n|poke|p1|Slowking-Galar, M|\n|poke|p2|Zapdos|\n|poke|p2|Great Tusk|\n|poke|p2|Cinderace, M|\n|poke|p2|Zamazenta-*|\n|poke|p2|Gliscor, M|\n|poke|p2|Slowking, F|\n|teampreview\n|c|\u2606kev + mimikyu|hf\n|c|\u2606imsocleannlol|u2\n|inactive|kev + mimikyu has 270 seconds left.\n|inactive|kev + mimikyu has 240 seconds left.\n|inactive|kev + mimikyu has 210 seconds left.\n|\n|t:|1700033559\n|start\n|switch|p1a: Clefable|Clefable, M|100\/100\n|switch|p2a: Gliscor|Gliscor, M|100\/100\n|turn|1\n|\n|t:|1700033562\n|move|p2a: Gliscor|Protect|p2a: Gliscor\n|-singleturn|p2a: Gliscor|Protect\n|move|p1a: Clefable|Stealth Rock|p2a: Gliscor\n|-sidestart|p2: kev + mimikyu|move: Stealth Rock\n|\n|-status|p2a: Gliscor|tox|[from] item: Toxic Orb\n|upkeep\n|turn|2\n|\n|t:|1700033566\n|switch|p1a: Zapdos|Zapdos|100\/100\n|move|p2a: Gliscor|Knock Off|p1a: Zapdos\n|-damage|p1a: Zapdos|86\/100\n|-enditem|p1a: Zapdos|Leftovers|[from] move: Knock Off|[of] p2a: Gliscor\n|\n|upkeep\n|turn|3\n|\n|t:|1700033571\n|switch|p1a: Slowking|Slowking-Galar, M|100\/100\n|move|p2a: Gliscor|Swords Dance|p2a: Gliscor\n|-boost|p2a: Gliscor|atk|2\n|\n|upkeep\n|turn|4\n|\n|t:|1700033589\n|switch|p1a: Great Tusk|Great Tusk|100\/100\n|move|p2a: Gliscor|Knock Off|p1a: Great Tusk\n|-resisted|p1a: Great Tusk\n|-damage|p1a: Great Tusk|86\/100\n|-enditem|p1a: Great Tusk|Leftovers|[from] move: Knock Off|[of] p2a: Gliscor\n|\n|upkeep\n|turn|5\n|\n|t:|1700033598\n|switch|p2a: Zapdos|Zapdos|100\/100\n|move|p1a: Great Tusk|Ice Spinner|p2a: Zapdos\n|-supereffective|p2a: Zapdos\n|-damage|p2a: Zapdos|67\/100\n|\n|upkeep\n|turn|6\n|\n|t:|1700033602\n|-end|p1a: Great Tusk|Protosynthesis|[silent]\n|switch|p1a: Slowking|Slowking-Galar, M|100\/100\n|move|p2a: Zapdos|Roost|p2a: Zapdos\n|-heal|p2a: Zapdos|100\/100\n|-singleturn|p2a: Zapdos|move: Roost\n|\n|upkeep\n|turn|7\n|\n|t:|1700033605\n|move|p2a: Zapdos|Volt Switch|p1a: Slowking\n|-damage|p1a: Slowking|88\/100\n|\n|t:|1700033608\n|switch|p2a: Slowking|Slowking, F|100\/100|[from] Volt Switch\n|move|p1a: Slowking|Future Sight|p2a: Slowking\n|-start|p1a: Slowking|move: Future Sight\n|\n|upkeep\n|turn|8\n|\n|t:|1700033613\n|move|p1a: Slowking|Sludge Bomb|p2a: Slowking\n|-damage|p2a: Slowking|77\/100\n|-status|p2a: Slowking|psn\n|move|p2a: Slowking|Future Sight|p1a: Slowking\n|-start|p2a: Slowking|move: Future Sight\n|\n|-damage|p2a: Slowking|65\/100 psn|[from] psn\n|upkeep\n|turn|9\n|\n|t:|1700033619\n|move|p1a: Slowking|Sludge Bomb|p2a: Slowking\n|-damage|p2a: Slowking|42\/100 psn\n|move|p2a: Slowking|Chilly Reception|p2a: Slowking\n|-weather|Snow\n|\n|t:|1700033624\n|switch|p2a: Gliscor|Gliscor, M|100\/100 tox|[from] Chilly Reception\n|-damage|p2a: Gliscor|88\/100 tox|[from] Stealth Rock\n|\n|-weather|Snow|[upkeep]\n|-end|p2a: Gliscor|move: Future Sight\n|-damage|p2a: Gliscor|45\/100 tox\n|-heal|p2a: Gliscor|58\/100 tox|[from] ability: Poison Heal\n|upkeep\n|turn|10\n|\n|t:|1700033629\n|move|p2a: Gliscor|Protect|p2a: Gliscor\n|-singleturn|p2a: Gliscor|Protect\n|move|p1a: Slowking|Future Sight|p2a: Gliscor\n|-start|p1a: Slowking|move: Future Sight\n|\n|-weather|Snow|[upkeep]\n|-end|p1a: Slowking|move: Future Sight\n|-damage|p1a: Slowking|71\/100\n|-heal|p2a: Gliscor|70\/100 tox|[from] ability: Poison Heal\n|upkeep\n|turn|11\n|\n|t:|1700033634\n|move|p2a: Gliscor|Knock Off|p1a: Slowking\n|-supereffective|p1a: Slowking\n|-damage|p1a: Slowking|29\/100\n|-enditem|p1a: Slowking|Assault Vest|[from] move: Knock Off|[of] p2a: Gliscor\n|move|p1a: Slowking|Surf|p2a: Gliscor\n|-supereffective|p2a: Gliscor\n|-damage|p2a: Gliscor|25\/100 tox\n|\n|-weather|Snow|[upkeep]\n|-heal|p2a: Gliscor|37\/100 tox|[from] ability: Poison Heal\n|upkeep\n|turn|12\n|\n|t:|1700033640\n|switch|p2a: Slowking|Slowking, F|76\/100 psn\n|switch|p1a: Dragapult|Dragapult, M|100\/100\n|\n|-weather|Snow|[upkeep]\n|-end|p2a: Slowking|move: Future Sight\n|-resisted|p2a: Slowking\n|-damage|p2a: Slowking|62\/100 psn\n|-damage|p2a: Slowking|50\/100 psn|[from] psn\n|upkeep\n|turn|13\n|\n|t:|1700033656\n|move|p1a: Dragapult|Draco Meteor|p2a: Slowking\n|-damage|p2a: Slowking|18\/100 psn\n|-unboost|p1a: Dragapult|spa|2\n|move|p2a: Slowking|Chilly Reception|p2a: Slowking\n|inactive|kev + mimikyu has 270 seconds left.\n|\n|t:|1700033687\n|switch|p2a: Gliscor|Gliscor, M|37\/100 tox|[from] Chilly Reception\n|-damage|p2a: Gliscor|25\/100 tox|[from] Stealth Rock\n|\n|-weather|none\n|-heal|p2a: Gliscor|37\/100 tox|[from] ability: Poison Heal\n|upkeep\n|turn|14\n|\n|t:|1700033692\n|switch|p1a: Great Tusk|Great Tusk|86\/100\n|move|p2a: Gliscor|Protect||[still]\n|-fail|p2a: Gliscor\n|\n|-heal|p2a: Gliscor|50\/100 tox|[from] ability: Poison Heal\n|upkeep\n|turn|15\n|\n|t:|1700033695\n|move|p2a: Gliscor|Protect|p2a: Gliscor\n|-singleturn|p2a: Gliscor|Protect\n|move|p1a: Great Tusk|Bulk Up|p1a: Great Tusk\n|-boost|p1a: Great Tusk|atk|1\n|-boost|p1a: Great Tusk|def|1\n|\n|-heal|p2a: Gliscor|62\/100 tox|[from] ability: Poison Heal\n|upkeep\n|turn|16\n|\n|t:|1700033700\n|switch|p2a: Zapdos|Zapdos|100\/100\n|move|p1a: Great Tusk|Ice Spinner|p2a: Zapdos\n|-supereffective|p2a: Zapdos\n|-damage|p2a: Zapdos|53\/100\n|\n|upkeep\n|turn|17\n|\n|t:|1700033713\n|-end|p1a: Great Tusk|Protosynthesis|[silent]\n|switch|p1a: Slowking|Slowking-Galar, M|63\/100\n|move|p2a: Zapdos|Roost|p2a: Zapdos\n|-heal|p2a: Zapdos|100\/100\n|-singleturn|p2a: Zapdos|move: Roost\n|\n|upkeep\n|turn|18\n|\n|t:|1700033722\n|move|p2a: Zapdos|Volt Switch|p1a: Slowking\n|-damage|p1a: Slowking|44\/100\n|\n|t:|1700033725\n|switch|p2a: Cinderace|Cinderace, M|100\/100|[from] Volt Switch\n|move|p1a: Slowking|Surf|p2a: Cinderace\n|-supereffective|p2a: Cinderace\n|-damage|p2a: Cinderace|37\/100\n|\n|upkeep\n|turn|19\n|\n|t:|1700033731\n|switch|p1a: Clefable|Clefable, M|100\/100\n|move|p2a: Cinderace|Pyro Ball|p1a: Clefable\n|-damage|p1a: Clefable|58\/100\n|\n|upkeep\n|turn|20\n|\n|t:|1700033738\n|move|p2a: Cinderace|Pyro Ball|p1a: Clefable\n|-damage|p1a: Clefable|16\/100\n|move|p1a: Clefable|Moonlight|p1a: Clefable\n|-heal|p1a: Clefable|66\/100\n|\n|upkeep\n|turn|21\n|\n|t:|1700033741\n|move|p2a: Cinderace|Court Change|p2a: Cinderace\n|-swapsideconditions\n|-activate|p2a: Cinderace|move: Court Change\n|move|p1a: Clefable|Moonlight|p1a: Clefable\n|-heal|p1a: Clefable|100\/100\n|\n|upkeep\n|turn|22\n|\n|t:|1700033744\n|move|p2a: Cinderace|Pyro Ball|p1a: Clefable\n|-damage|p1a: Clefable|58\/100\n|move|p1a: Clefable|Trick|p2a: Cinderace\n|-activate|p1a: Clefable|move: Trick|[of] p2a: Cinderace\n|-item|p2a: Cinderace|Sticky Barb|[from] move: Trick\n|-item|p1a: Clefable|Heavy-Duty Boots|[from] move: Trick\n|\n|-damage|p2a: Cinderace|25\/100|[from] item: Sticky Barb\n|upkeep\n|turn|23\n|\n|t:|1700033749\n|move|p2a: Cinderace|Pyro Ball|p1a: Clefable\n|-damage|p1a: Clefable|0 fnt\n|faint|p1a: Clefable\n|\n|-damage|p2a: Cinderace|13\/100|[from] item: Sticky Barb\n|upkeep\n|\n|t:|1700033754\n|switch|p1a: Dragapult|Dragapult, M|100\/100\n|turn|24\n|\n|t:|1700033757\n|move|p1a: Dragapult|Hex|p2a: Cinderace\n|-damage|p2a: Cinderace|0 fnt\n|faint|p2a: Cinderace\n|\n|upkeep\n|\n|t:|1700033766\n|switch|p2a: Zapdos|Zapdos|100\/100\n|turn|25\n|\n|t:|1700033774\n|move|p1a: Dragapult|Will-O-Wisp|p2a: Zapdos\n|-status|p2a: Zapdos|brn\n|move|p2a: Zapdos|Thunder Wave|p1a: Dragapult\n|-status|p1a: Dragapult|par\n|\n|-damage|p2a: Zapdos|94\/100 brn|[from] brn\n|upkeep\n|turn|26\n|\n|t:|1700033781\n|move|p2a: Zapdos|Volt Switch|p1a: Dragapult\n|-resisted|p1a: Dragapult\n|-damage|p1a: Dragapult|81\/100 par\n|\n|t:|1700033784\n|switch|p2a: Zamazenta|Zamazenta|100\/100|[from] Volt Switch\n|-ability|p2a: Zamazenta|Dauntless Shield|boost\n|-boost|p2a: Zamazenta|def|1\n|move|p1a: Dragapult|Hex|p2a: Zamazenta\n|-damage|p2a: Zamazenta|75\/100\n|\n|upkeep\n|turn|27\n|\n|t:|1700033786\n|move|p2a: Zamazenta|Play Rough|p1a: Dragapult\n|-supereffective|p1a: Dragapult\n|-damage|p1a: Dragapult|0 fnt\n|faint|p1a: Dragapult\n|\n|upkeep\n|\n|t:|1700033793\n|switch|p1a: Zapdos|Zapdos|86\/100\n|-damage|p1a: Zapdos|61\/100|[from] Stealth Rock\n|turn|28\n|\n|t:|1700033801\n|switch|p2a: Zapdos|Zapdos|94\/100 brn\n|move|p1a: Zapdos|Roost|p1a: Zapdos\n|-heal|p1a: Zapdos|100\/100\n|-singleturn|p1a: Zapdos|move: Roost\n|\n|-damage|p2a: Zapdos|88\/100 brn|[from] brn\n|upkeep\n|turn|29\n|\n|t:|1700033804\n|move|p2a: Zapdos|Volt Switch|p1a: Zapdos\n|-damage|p1a: Zapdos|70\/100\n|\n|t:|1700033807\n|switch|p2a: Gliscor|Gliscor, M|62\/100 tox|[from] Volt Switch\n|move|p1a: Zapdos|Hurricane|p2a: Gliscor\n|-damage|p2a: Gliscor|25\/100 tox\n|\n|-heal|p2a: Gliscor|38\/100 tox|[from] ability: Poison Heal\n|upkeep\n|turn|30\n|\n|t:|1700033813\n|move|p2a: Gliscor|Protect|p2a: Gliscor\n|-singleturn|p2a: Gliscor|Protect\n|move|p1a: Zapdos|Hurricane|p2a: Gliscor\n|-activate|p2a: Gliscor|move: Protect\n|\n|-heal|p2a: Gliscor|50\/100 tox|[from] ability: Poison Heal\n|upkeep\n|turn|31\n|\n|t:|1700033820\n|move|p1a: Zapdos|Hurricane|p2a: Gliscor\n|-damage|p2a: Gliscor|11\/100 tox\n|move|p2a: Gliscor|Facade|p1a: Zapdos\n|-damage|p1a: Zapdos|48\/100\n|\n|-heal|p2a: Gliscor|23\/100 tox|[from] ability: Poison Heal\n|upkeep\n|turn|32\n|\n|t:|1700033827\n|move|p2a: Gliscor|Protect|p2a: Gliscor\n|-singleturn|p2a: Gliscor|Protect\n|move|p1a: Zapdos|Roost|p1a: Zapdos\n|-heal|p1a: Zapdos|98\/100\n|-singleturn|p1a: Zapdos|move: Roost\n|\n|-heal|p2a: Gliscor|36\/100 tox|[from] ability: Poison Heal\n|upkeep\n|turn|33\n|\n|t:|1700033831\n|switch|p2a: Zapdos|Zapdos|88\/100 brn\n|move|p1a: Zapdos|Hurricane|p2a: Zapdos\n|-resisted|p2a: Zapdos\n|-damage|p2a: Zapdos|68\/100 brn\n|\n|-damage|p2a: Zapdos|62\/100 brn|[from] brn\n|upkeep\n|turn|34\n|\n|t:|1700033837\n|switch|p1a: Great Tusk|Great Tusk|86\/100\n|-damage|p1a: Great Tusk|83\/100|[from] Stealth Rock\n|move|p2a: Zapdos|Roost|p2a: Zapdos\n|-heal|p2a: Zapdos|100\/100 brn\n|-singleturn|p2a: Zapdos|move: Roost\n|\n|-damage|p2a: Zapdos|94\/100 brn|[from] brn\n|upkeep\n|turn|35\n|\n|t:|1700033843\n|move|p1a: Great Tusk|Rapid Spin|p2a: Zapdos\n|-damage|p2a: Zapdos|84\/100 brn\n|-boost|p1a: Great Tusk|spe|1\n|-status|p1a: Great Tusk|par|[from] ability: Static|[of] p2a: Zapdos\n|-sideend|p1: imsocleannlol|Stealth Rock|[from] move: Rapid Spin|[of] p1a: Great Tusk\n|move|p2a: Zapdos|Hurricane|p1a: Great Tusk\n|-supereffective|p1a: Great Tusk\n|-damage|p1a: Great Tusk|0 fnt\n|faint|p1a: Great Tusk\n|-end|p1a: Great Tusk|Protosynthesis|[silent]\n|\n|-damage|p2a: Zapdos|78\/100 brn|[from] brn\n|upkeep\n|\n|t:|1700033846\n|switch|p1a: Slowking|Slowking-Galar, M|77\/100\n|turn|36\n|\n|t:|1700033849\n|move|p2a: Zapdos|Volt Switch|p1a: Slowking\n|-damage|p1a: Slowking|58\/100\n|\n|t:|1700033853\n|switch|p2a: Zamazenta|Zamazenta|75\/100|[from] Volt Switch\n|move|p1a: Slowking|Future Sight|p2a: Zamazenta\n|-start|p1a: Slowking|move: Future Sight\n|\n|upkeep\n|turn|37\n|\n|t:|1700033857\n|switch|p1a: Zapdos|Zapdos|98\/100\n|move|p2a: Zamazenta|Stone Edge|p1a: Zapdos\n|-supereffective|p1a: Zapdos\n|-damage|p1a: Zapdos|16\/100\n|\n|upkeep\n|turn|38\n|\n|t:|1700033868\n|switch|p1a: Slowking|Slowking-Galar, M|92\/100\n|move|p2a: Zamazenta|Stone Edge|p1a: Slowking|[miss]\n|-miss|p2a: Zamazenta|p1a: Slowking\n|\n|-end|p2a: Zamazenta|move: Future Sight\n|-supereffective|p2a: Zamazenta\n|-damage|p2a: Zamazenta|0 fnt\n|faint|p2a: Zamazenta\n|upkeep\n|\n|t:|1700033879\n|switch|p2a: Gliscor|Gliscor, M|36\/100 tox\n|turn|39\n|\n|t:|1700033885\n|switch|p1a: Dragonite|Dragonite, M|100\/100\n|move|p2a: Gliscor|Protect||[still]\n|-fail|p2a: Gliscor\n|\n|-heal|p2a: Gliscor|48\/100 tox|[from] ability: Poison Heal\n|upkeep\n|turn|40\n|\n|t:|1700033890\n|switch|p2a: Great Tusk|Great Tusk|100\/100\n|-enditem|p2a: Great Tusk|Booster Energy\n|-activate|p2a: Great Tusk|ability: Protosynthesis|[fromitem]\n|-start|p2a: Great Tusk|protosynthesisspe\n|move|p1a: Dragonite|Dragon Dance|p1a: Dragonite\n|-boost|p1a: Dragonite|atk|1\n|-boost|p1a: Dragonite|spe|1\n|\n|upkeep\n|turn|41\n|\n|t:|1700033893\n|move|p2a: Great Tusk|Ice Spinner|p1a: Dragonite\n|-supereffective|p1a: Dragonite\n|-damage|p1a: Dragonite|59\/100\n|move|p1a: Dragonite|Dragon Dance|p1a: Dragonite\n|-boost|p1a: Dragonite|atk|1\n|-boost|p1a: Dragonite|spe|1\n|\n|-heal|p1a: Dragonite|65\/100|[from] item: Leftovers\n|upkeep\n|turn|42\n|\n|t:|1700033900\n|-terastallize|p1a: Dragonite|Flying\n|move|p1a: Dragonite|Roost|p1a: Dragonite\n|-heal|p1a: Dragonite|100\/100\n|-hint|If a Flying Terastallized Pokemon uses Roost, it remains Flying-type.\n|move|p2a: Great Tusk|Ice Spinner|p1a: Dragonite\n|-supereffective|p1a: Dragonite\n|-damage|p1a: Dragonite|78\/100\n|\n|-heal|p1a: Dragonite|85\/100|[from] item: Leftovers\n|upkeep\n|turn|43\n|inactive|kev + mimikyu has 270 seconds left.\n|\n|t:|1700033932\n|-terastallize|p2a: Great Tusk|Poison\n|move|p1a: Dragonite|Dragon Dance|p1a: Dragonite\n|-boost|p1a: Dragonite|atk|1\n|-boost|p1a: Dragonite|spe|1\n|move|p2a: Great Tusk|Ice Spinner|p1a: Dragonite\n|-supereffective|p1a: Dragonite\n|-damage|p1a: Dragonite|40\/100\n|\n|-heal|p1a: Dragonite|47\/100|[from] item: Leftovers\n|upkeep\n|turn|44\n|\n|t:|1700033938\n|move|p1a: Dragonite|Roost|p1a: Dragonite\n|-heal|p1a: Dragonite|97\/100\n|-hint|If a Flying Terastallized Pokemon uses Roost, it remains Flying-type.\n|move|p2a: Great Tusk|Bulk Up|p2a: Great Tusk\n|-boost|p2a: Great Tusk|atk|1\n|-boost|p2a: Great Tusk|def|1\n|\n|-heal|p1a: Dragonite|100\/100|[from] item: Leftovers\n|upkeep\n|turn|45\n|\n|t:|1700033941\n|move|p1a: Dragonite|Encore|p2a: Great Tusk\n|-start|p2a: Great Tusk|Encore\n|move|p2a: Great Tusk|Bulk Up|p2a: Great Tusk\n|-boost|p2a: Great Tusk|atk|1\n|-boost|p2a: Great Tusk|def|1\n|\n|upkeep\n|turn|46\n|\n|t:|1700033944\n|move|p1a: Dragonite|Dragon Dance|p1a: Dragonite\n|-boost|p1a: Dragonite|atk|1\n|-boost|p1a: Dragonite|spe|1\n|move|p2a: Great Tusk|Bulk Up|p2a: Great Tusk\n|-boost|p2a: Great Tusk|atk|1\n|-boost|p2a: Great Tusk|def|1\n|\n|upkeep\n|turn|47\n|\n|t:|1700033946\n|move|p1a: Dragonite|Dragon Dance|p1a: Dragonite\n|-boost|p1a: Dragonite|atk|1\n|-boost|p1a: Dragonite|spe|1\n|move|p2a: Great Tusk|Bulk Up|p2a: Great Tusk\n|-boost|p2a: Great Tusk|atk|1\n|-boost|p2a: Great Tusk|def|1\n|\n|-end|p2a: Great Tusk|Encore\n|upkeep\n|turn|48\n|\n|t:|1700033948\n|move|p1a: Dragonite|Encore|p2a: Great Tusk\n|-start|p2a: Great Tusk|Encore\n|move|p2a: Great Tusk|Bulk Up|p2a: Great Tusk\n|-boost|p2a: Great Tusk|atk|1\n|-boost|p2a: Great Tusk|def|1\n|\n|upkeep\n|turn|49\n|\n|t:|1700033951\n|-end|p2a: Great Tusk|Protosynthesis|[silent]\n|switch|p2a: Zapdos|Zapdos|78\/100 brn\n|move|p1a: Dragonite|Dragon Dance|p1a: Dragonite\n|-boost|p1a: Dragonite|atk|1\n|-boost|p1a: Dragonite|spe|1\n|\n|-damage|p2a: Zapdos|72\/100 brn|[from] brn\n|upkeep\n|turn|50\n|\n|t:|1700033953\n|move|p1a: Dragonite|Tera Blast|p2a: Zapdos|[anim] Tera Blast Flying\n|-resisted|p2a: Zapdos\n|-damage|p2a: Zapdos|0 fnt\n|faint|p2a: Zapdos\n|\n|upkeep\n|c|\u2606kev + mimikyu|gg\n|c|\u2606imsocleannlol|gg\n|-message|kev + mimikyu forfeited.\n|\n|win|imsocleannlol\n|player|p1|imsocleannlol|1\n","uploadtime":1700033963,"views":50,"p1id":"imsocleannlol","p2id":"kevmimikyu","formatid":"gen9ubers","rating":0,"private":0,"password":""}