{"id":"smogtours-gen9ubers-731110","p1":"Xizaaantuz","p2":"Umberto & Riyad","format":"[Gen 9] Ubers","log":"|inactive|Battle timer is ON: inactive players will automatically lose when time's up.\n|t:|1700319796\n|gametype|singles\n|player|p1|Xizaaantuz|#splxiiscooters|\n|player|p2|Umberto & Riyad|unknownf|\n|teamsize|p1|6\n|teamsize|p2|6\n|gen|9\n|tier|[Gen 9] Ubers\n|rule|Sleep Clause Mod: Limit one foe put to sleep\n|rule|Species Clause: Limit one of each Pok\u00e9mon\n|rule|OHKO Clause: OHKO moves are banned\n|rule|Evasion Items Clause: Evasion items are banned\n|rule|Evasion Moves Clause: Evasion moves are banned\n|rule|Endless Battle Clause: Forcing endless battles is banned\n|rule|HP Percentage Mod: HP is shown in percentages\n|clearpoke\n|poke|p1|Gliscor, M|\n|poke|p1|Skeledirge, M|\n|poke|p1|Clefable, M|\n|poke|p1|Samurott-Hisui, M|\n|poke|p1|Zapdos|\n|poke|p1|Zamazenta-*|\n|poke|p2|Gliscor, M|\n|poke|p2|Gholdengo|\n|poke|p2|Toxapex, F|\n|poke|p2|Garganacl, M|\n|poke|p2|Great Tusk|\n|poke|p2|Iron Valiant|\n|teampreview\n|inactive|Xizaaantuz also wants the timer to be on.\n|c|\u2606Xizaaantuz|hf\n|c|\u2606Umberto & Riyad|hf\n|inactive|Xizaaantuz has 270 seconds left.\n|inactive|Umberto & Riyad has 270 seconds left.\n|inactive|Umberto & Riyad has 240 seconds left.\n|inactive|Umberto & Riyad has 210 seconds left.\n|inactive|Umberto & Riyad has 180 seconds left.\n|c|\u2606Xizaaantuz|i lead. gliscor\n|inactive|Umberto & Riyad has 150 seconds left.\n|c|\u2606Umberto & Riyad|we know\n|c|\u2606Xizaaantuz|ok\n|inactive|Umberto & Riyad has 120 seconds left.\n|inactive|Umberto & Riyad has 90 seconds left.\n|\n|t:|1700320008\n|start\n|switch|p1a: le vostre|Clefable, M|100\/100\n|switch|p2a: Iron Valiant|Iron Valiant|100\/100\n|turn|1\n|inactive|Umberto & Riyad has 150 seconds left.\n|inactive|Umberto & Riyad has 120 seconds left.\n|\n|t:|1700320064\n|-end|p2a: Iron Valiant|Quark Drive|[silent]\n|switch|p2a: Toxapex|Toxapex, F|100\/100\n|move|p1a: le vostre|Stealth Rock|p2a: Toxapex\n|-sidestart|p2: Umberto & Riyad|move: Stealth Rock\n|\n|upkeep\n|turn|2\n|inactive|Xizaaantuz has 270 seconds left.\n|\n|t:|1700320104\n|move|p1a: le vostre|Moonblast|p2a: Toxapex\n|-resisted|p2a: Toxapex\n|-damage|p2a: Toxapex|91\/100\n|move|p2a: Toxapex|Surf|p1a: le vostre\n|-damage|p1a: le vostre|82\/100\n|\n|-heal|p1a: le vostre|88\/100|[from] item: Leftovers\n|-heal|p2a: Toxapex|97\/100|[from] item: Black Sludge\n|upkeep\n|turn|3\n|inactive|Xizaaantuz has 270 seconds left.\n|\n|t:|1700320113\n|move|p1a: le vostre|Moonblast|p2a: Toxapex\n|-resisted|p2a: Toxapex\n|-damage|p2a: Toxapex|86\/100\n|move|p2a: Toxapex|Surf|p1a: le vostre\n|-damage|p1a: le vostre|69\/100\n|\n|-heal|p1a: le vostre|75\/100|[from] item: Leftovers\n|-heal|p2a: Toxapex|92\/100|[from] item: Black Sludge\n|upkeep\n|turn|4\n|\n|t:|1700320119\n|move|p1a: le vostre|Moonblast|p2a: Toxapex\n|-resisted|p2a: Toxapex\n|-damage|p2a: Toxapex|83\/100\n|move|p2a: Toxapex|Surf|p1a: le vostre\n|-damage|p1a: le vostre|58\/100\n|\n|-heal|p1a: le vostre|64\/100|[from] item: Leftovers\n|-heal|p2a: Toxapex|89\/100|[from] item: Black Sludge\n|upkeep\n|turn|5\n|\n|t:|1700320122\n|move|p1a: le vostre|Moonblast|p2a: Toxapex\n|-resisted|p2a: Toxapex\n|-damage|p2a: Toxapex|80\/100\n|move|p2a: Toxapex|Surf|p1a: le vostre\n|-damage|p1a: le vostre|47\/100\n|\n|-heal|p1a: le vostre|54\/100|[from] item: Leftovers\n|-heal|p2a: Toxapex|86\/100|[from] item: Black Sludge\n|upkeep\n|turn|6\n|\n|t:|1700320128\n|move|p1a: le vostre|Moonblast|p2a: Toxapex\n|-resisted|p2a: Toxapex\n|-damage|p2a: Toxapex|75\/100\n|move|p2a: Toxapex|Surf|p1a: le vostre\n|-damage|p1a: le vostre|35\/100\n|\n|-heal|p1a: le vostre|41\/100|[from] item: Leftovers\n|-heal|p2a: Toxapex|82\/100|[from] item: Black Sludge\n|upkeep\n|turn|7\n|\n|t:|1700320131\n|move|p1a: le vostre|Moonlight|p1a: le vostre\n|-heal|p1a: le vostre|91\/100\n|move|p2a: Toxapex|Surf|p1a: le vostre\n|-damage|p1a: le vostre|74\/100\n|\n|-heal|p1a: le vostre|80\/100|[from] item: Leftovers\n|-heal|p2a: Toxapex|88\/100|[from] item: Black Sludge\n|upkeep\n|turn|8\n|\n|t:|1700320135\n|move|p1a: le vostre|Moonblast|p2a: Toxapex\n|-resisted|p2a: Toxapex\n|-damage|p2a: Toxapex|78\/100\n|move|p2a: Toxapex|Surf|p1a: le vostre\n|-damage|p1a: le vostre|62\/100\n|\n|-heal|p1a: le vostre|68\/100|[from] item: Leftovers\n|-heal|p2a: Toxapex|84\/100|[from] item: Black Sludge\n|upkeep\n|turn|9\n|\n|t:|1700320138\n|move|p1a: le vostre|Moonblast|p2a: Toxapex\n|-resisted|p2a: Toxapex\n|-damage|p2a: Toxapex|74\/100\n|-unboost|p2a: Toxapex|spa|1\n|move|p2a: Toxapex|Surf|p1a: le vostre\n|-damage|p1a: le vostre|56\/100\n|\n|-heal|p1a: le vostre|62\/100|[from] item: Leftovers\n|-heal|p2a: Toxapex|80\/100|[from] item: Black Sludge\n|upkeep\n|turn|10\n|\n|t:|1700320142\n|move|p1a: le vostre|Moonlight|p1a: le vostre\n|-heal|p1a: le vostre|100\/100\n|move|p2a: Toxapex|Surf|p1a: le vostre\n|-damage|p1a: le vostre|88\/100\n|\n|-heal|p1a: le vostre|94\/100|[from] item: Leftovers\n|-heal|p2a: Toxapex|87\/100|[from] item: Black Sludge\n|upkeep\n|turn|11\n|\n|t:|1700320147\n|move|p1a: le vostre|Moonblast|p2a: Toxapex\n|-resisted|p2a: Toxapex\n|-damage|p2a: Toxapex|77\/100\n|move|p2a: Toxapex|Surf|p1a: le vostre\n|-damage|p1a: le vostre|83\/100\n|\n|-heal|p1a: le vostre|89\/100|[from] item: Leftovers\n|-heal|p2a: Toxapex|83\/100|[from] item: Black Sludge\n|upkeep\n|turn|12\n|\n|t:|1700320149\n|switch|p1a: madri|Zapdos|100\/100\n|switch|p2a: Gholdengo|Gholdengo|100\/100\n|-damage|p2a: Gholdengo|94\/100|[from] Stealth Rock\n|\n|upkeep\n|turn|13\n|\n|t:|1700320166\n|switch|p2a: Gliscor|Gliscor, M|100\/100\n|-damage|p2a: Gliscor|88\/100|[from] Stealth Rock\n|move|p1a: madri|Hurricane|p2a: Gliscor\n|-damage|p2a: Gliscor|52\/100\n|\n|-status|p2a: Gliscor|tox|[from] item: Toxic Orb\n|upkeep\n|turn|14\n|\n|t:|1700320176\n|switch|p1a: le vostre|Clefable, M|89\/100\n|move|p2a: Gliscor|Knock Off|p1a: le vostre\n|-resisted|p1a: le vostre\n|-damage|p1a: le vostre|81\/100\n|-enditem|p1a: le vostre|Leftovers|[from] move: Knock Off|[of] p2a: Gliscor\n|\n|-heal|p2a: Gliscor|65\/100 tox|[from] ability: Poison Heal\n|upkeep\n|turn|15\n|inactive|Umberto & Riyad has 180 seconds left.\n|inactive|Umberto & Riyad has 150 seconds left.\n|\n|t:|1700320237\n|move|p2a: Gliscor|Protect|p2a: Gliscor\n|-singleturn|p2a: Gliscor|Protect\n|move|p1a: le vostre|Moonblast|p2a: Gliscor\n|-activate|p2a: Gliscor|move: Protect\n|\n|-heal|p2a: Gliscor|77\/100 tox|[from] ability: Poison Heal\n|upkeep\n|turn|16\n|inactive|Umberto & Riyad has 150 seconds left.\n|\n|t:|1700320252\n|move|p2a: Gliscor|Earthquake|p1a: le vostre\n|-damage|p1a: le vostre|56\/100\n|move|p1a: le vostre|Moonblast|p2a: Gliscor\n|-damage|p2a: Gliscor|51\/100 tox\n|\n|-heal|p2a: Gliscor|64\/100 tox|[from] ability: Poison Heal\n|upkeep\n|turn|17\n|\n|t:|1700320257\n|move|p2a: Gliscor|Spikes|p1a: le vostre\n|-sidestart|p1: Xizaaantuz|Spikes\n|move|p1a: le vostre|Moonlight|p1a: le vostre\n|-heal|p1a: le vostre|100\/100\n|\n|-heal|p2a: Gliscor|76\/100 tox|[from] ability: Poison Heal\n|upkeep\n|turn|18\n|\n|t:|1700320261\n|move|p2a: Gliscor|Protect|p2a: Gliscor\n|-singleturn|p2a: Gliscor|Protect\n|move|p1a: le vostre|Moonblast|p2a: Gliscor\n|-activate|p2a: Gliscor|move: Protect\n|\n|-heal|p2a: Gliscor|89\/100 tox|[from] ability: Poison Heal\n|upkeep\n|turn|19\n|inactive|Umberto & Riyad has 150 seconds left.\n|inactive|Umberto & Riyad has 120 seconds left.\n|\n|t:|1700320319\n|move|p2a: Gliscor|Knock Off|p1a: le vostre\n|-resisted|p1a: le vostre\n|-damage|p1a: le vostre|95\/100\n|move|p1a: le vostre|Ice Beam|p2a: Gliscor\n|-supereffective|p2a: Gliscor\n|-damage|p2a: Gliscor|18\/100 tox\n|\n|-heal|p2a: Gliscor|31\/100 tox|[from] ability: Poison Heal\n|upkeep\n|turn|20\n|\n|t:|1700320332\n|switch|p1a: :ag:|Gliscor, M|100\/100\n|move|p2a: Gliscor|Protect||[still]\n|-fail|p2a: Gliscor\n|\n|-heal|p2a: Gliscor|43\/100 tox|[from] ability: Poison Heal\n|-status|p1a: :ag:|tox|[from] item: Toxic Orb\n|upkeep\n|turn|21\n|inactive|Umberto & Riyad has 120 seconds left.\n|inactive|Xizaaantuz has 270 seconds left.\n|inactive|Umberto & Riyad has 90 seconds left.\n|\n|t:|1700320393\n|switch|p2a: Great Tusk|Great Tusk|100\/100\n|-damage|p2a: Great Tusk|98\/100|[from] Stealth Rock\n|move|p1a: :ag:|Swords Dance|p1a: :ag:\n|-boost|p1a: :ag:|atk|2\n|\n|-heal|p2a: Great Tusk|100\/100|[from] item: Leftovers\n|upkeep\n|turn|22\n|inactive|Umberto & Riyad has 90 seconds left.\n|inactive|Xizaaantuz has 240 seconds left.\n|\n|t:|1700320434\n|move|p2a: Great Tusk|Rapid Spin|p1a: :ag:\n|-damage|p1a: :ag:|89\/100 tox\n|-boost|p2a: Great Tusk|spe|1\n|-sideend|p2: Umberto & Riyad|Stealth Rock|[from] move: Rapid Spin|[of] p2a: Great Tusk\n|move|p1a: :ag:|Earthquake|p2a: Great Tusk\n|-damage|p2a: Great Tusk|67\/100\n|\n|-heal|p2a: Great Tusk|73\/100|[from] item: Leftovers\n|-heal|p1a: :ag:|100\/100 tox|[from] ability: Poison Heal\n|upkeep\n|turn|23\n|\n|t:|1700320440\n|switch|p1a: le vostre|Clefable, M|95\/100\n|move|p2a: Great Tusk|Bulk Up|p2a: Great Tusk\n|-boost|p2a: Great Tusk|atk|1\n|-boost|p2a: Great Tusk|def|1\n|\n|-heal|p2a: Great Tusk|80\/100|[from] item: Leftovers\n|upkeep\n|turn|24\n|\n|t:|1700320449\n|-end|p2a: Great Tusk|Protosynthesis|[silent]\n|switch|p2a: Gholdengo|Gholdengo|94\/100\n|move|p1a: le vostre|Moonblast|p2a: Gholdengo\n|-resisted|p2a: Gholdengo\n|-damage|p2a: Gholdengo|77\/100\n|\n|upkeep\n|turn|25\n|inactive|Xizaaantuz has 210 seconds left.\n|inactive|Umberto & Riyad has 60 seconds left.\n|inactive|Xizaaantuz has 180 seconds left.\n|\n|t:|1700320528\n|switch|p1a: madri|Zapdos|100\/100\n|move|p2a: Gholdengo|Make It Rain|p1a: madri\n|-resisted|p1a: madri\n|-damage|p1a: madri|68\/100\n|-unboost|p2a: Gholdengo|spa|1\n|\n|upkeep\n|turn|26\n|inactive|Umberto & Riyad has 30 seconds left.\n|\n|t:|1700320551\n|switch|p2a: Garganacl|Garganacl, M|100\/100\n|move|p1a: madri|Volt Switch|p2a: Garganacl\n|-damage|p2a: Garganacl|74\/100\n|inactive|Umberto & Riyad has 30 seconds left this turn.\n|\n|t:|1700320556\n|switch|p1a: le vostre|Clefable, M|95\/100|[from] Volt Switch\n|\n|-heal|p2a: Garganacl|80\/100|[from] item: Leftovers\n|upkeep\n|turn|27\n|\n|t:|1700320564\n|switch|p2a: Gholdengo|Gholdengo|77\/100\n|move|p1a: le vostre|Stealth Rock|p2a: Gholdengo\n|-sidestart|p2: Umberto & Riyad|move: Stealth Rock\n|\n|upkeep\n|turn|28\n|inactive|Xizaaantuz has 180 seconds left.\n|inactive|Umberto & Riyad has 30 seconds left.\n|\n|t:|1700320582\n|switch|p2a: Iron Valiant|Iron Valiant|100\/100\n|-damage|p2a: Iron Valiant|94\/100|[from] Stealth Rock\n|switch|p1a: tenere|Samurott-Hisui, M|100\/100\n|\n|upkeep\n|turn|29\n|inactive|Xizaaantuz has 180 seconds left.\n|inactive|Umberto & Riyad has 30 seconds left.\n|inactive|Umberto & Riyad has 20 seconds left.\n|inactive|Umberto & Riyad has 15 seconds left.\n|\n|t:|1700320618\n|switch|p1a: :ag:|Gliscor, M|100\/100 tox\n|move|p2a: Iron Valiant|Moonblast|p1a: :ag:\n|-damage|p1a: :ag:|41\/100 tox\n|\n|-heal|p1a: :ag:|54\/100 tox|[from] ability: Poison Heal\n|upkeep\n|turn|30\n|inactive|Umberto & Riyad has 25 seconds left this turn.\n|\n|t:|1700320623\n|move|p1a: :ag:|Protect|p1a: :ag:\n|-singleturn|p1a: :ag:|Protect\n|move|p2a: Iron Valiant|Moonblast|p1a: :ag:\n|-activate|p1a: :ag:|move: Protect\n|\n|-heal|p1a: :ag:|66\/100 tox|[from] ability: Poison Heal\n|upkeep\n|turn|31\n|\n|t:|1700320628\n|switch|p1a: Mannaggia|Skeledirge, M|100\/100\n|move|p2a: Iron Valiant|Moonblast|p1a: Mannaggia\n|-resisted|p1a: Mannaggia\n|-damage|p1a: Mannaggia|68\/100\n|\n|upkeep\n|turn|32\n|\n|t:|1700320632\n|-end|p2a: Iron Valiant|Quark Drive|[silent]\n|switch|p2a: Garganacl|Garganacl, M|80\/100\n|-damage|p2a: Garganacl|68\/100|[from] Stealth Rock\n|move|p1a: Mannaggia|Slack Off|p1a: Mannaggia\n|-heal|p1a: Mannaggia|100\/100\n|\n|-heal|p2a: Garganacl|74\/100|[from] item: Leftovers\n|upkeep\n|turn|33\n|\n|t:|1700320638\n|switch|p1a: :ag:|Gliscor, M|66\/100 tox\n|move|p2a: Garganacl|Stealth Rock|p1a: :ag:\n|-sidestart|p1: Xizaaantuz|move: Stealth Rock\n|\n|-heal|p2a: Garganacl|80\/100|[from] item: Leftovers\n|-heal|p1a: :ag:|79\/100 tox|[from] ability: Poison Heal\n|upkeep\n|turn|34\n|\n|t:|1700320643\n|switch|p2a: Great Tusk|Great Tusk|80\/100\n|-damage|p2a: Great Tusk|77\/100|[from] Stealth Rock\n|move|p1a: :ag:|Knock Off|p2a: Great Tusk\n|-resisted|p2a: Great Tusk\n|-damage|p2a: Great Tusk|71\/100\n|-enditem|p2a: Great Tusk|Leftovers|[from] move: Knock Off|[of] p1a: :ag:\n|\n|-heal|p1a: :ag:|91\/100 tox|[from] ability: Poison Heal\n|upkeep\n|turn|35\n|inactive|Xizaaantuz has 180 seconds left.\n|\n|t:|1700320677\n|switch|p1a: le vostre|Clefable, M|95\/100\n|move|p2a: Great Tusk|Knock Off|p1a: le vostre\n|-resisted|p1a: le vostre\n|-damage|p1a: le vostre|88\/100\n|\n|upkeep\n|turn|36\n|inactive|Xizaaantuz has 180 seconds left.\n|\n|t:|1700320694\n|-end|p2a: Great Tusk|Protosynthesis|[silent]\n|switch|p2a: Gholdengo|Gholdengo|77\/100\n|-damage|p2a: Gholdengo|71\/100|[from] Stealth Rock\n|switch|p1a: madri|Zapdos|68\/100\n|\n|upkeep\n|turn|37\n|\n|t:|1700320705\n|move|p2a: Gholdengo|Trick|p1a: madri\n|-activate|p2a: Gholdengo|move: Trick|[of] p1a: madri\n|-item|p1a: madri|Choice Scarf|[from] move: Trick\n|-item|p2a: Gholdengo|Heavy-Duty Boots|[from] move: Trick\n|move|p1a: madri|Volt Switch|p2a: Gholdengo\n|-damage|p2a: Gholdengo|37\/100\n|inactive|Xizaaantuz has 180 seconds left.\n|\n|t:|1700320711\n|switch|p1a: tenere|Samurott-Hisui, M|100\/100|[from] Volt Switch\n|\n|upkeep\n|turn|38\n|\n|t:|1700320725\n|switch|p2a: Iron Valiant|Iron Valiant|94\/100\n|-damage|p2a: Iron Valiant|88\/100|[from] Stealth Rock\n|move|p1a: tenere|Ceaseless Edge|p2a: Iron Valiant\n|-resisted|p2a: Iron Valiant\n|-crit|p2a: Iron Valiant\n|-damage|p2a: Iron Valiant|67\/100\n|-sidestart|p2: Umberto & Riyad|Spikes\n|\n|upkeep\n|turn|39\n|inactive|Umberto & Riyad has 60 seconds left.\n|\n|t:|1700320762\n|switch|p1a: Mannaggia|Skeledirge, M|100\/100\n|move|p2a: Iron Valiant|Shadow Ball|p1a: Mannaggia\n|-supereffective|p1a: Mannaggia\n|-damage|p1a: Mannaggia|28\/100\n|-unboost|p1a: Mannaggia|spd|1\n|\n|upkeep\n|turn|40\n|inactive|Xizaaantuz has 180 seconds left.\n|inactive|Umberto & Riyad has 30 seconds left.\n|inactive|Umberto & Riyad has 20 seconds left.\n|\n|t:|1700320804\n|-end|p2a: Iron Valiant|Quark Drive|[silent]\n|switch|p2a: Garganacl|Garganacl, M|80\/100\n|-damage|p2a: Garganacl|68\/100|[from] Stealth Rock\n|-damage|p2a: Garganacl|56\/100|[from] Spikes\n|switch|p1a: tenere|Samurott-Hisui, M|100\/100\n|\n|-heal|p2a: Garganacl|62\/100|[from] item: Leftovers\n|upkeep\n|turn|41\n|inactive|Umberto & Riyad has 30 seconds left this turn.\n|inactive|Xizaaantuz has 180 seconds left.\n|\n|t:|1700320816\n|-terastallize|p2a: Garganacl|Fairy\n|move|p1a: tenere|Aqua Cutter|p2a: Garganacl\n|-damage|p2a: Garganacl|40\/100\n|move|p2a: Garganacl|Salt Cure|p1a: tenere\n|-damage|p1a: tenere|86\/100\n|-start|p1a: tenere|Salt Cure\n|\n|-heal|p2a: Garganacl|46\/100|[from] item: Leftovers\n|-damage|p1a: tenere|61\/100|[from] Salt Cure\n|upkeep\n|turn|42\n|inactive|Xizaaantuz has 180 seconds left.\n|inactive|Xizaaantuz has 150 seconds left.\n|inactive|Umberto & Riyad has 30 seconds left.\n|\n|t:|1700320864\n|switch|p1a: :ag:|Gliscor, M|91\/100 tox\n|-damage|p1a: :ag:|79\/100 tox|[from] Stealth Rock\n|move|p2a: Garganacl|Recover|p2a: Garganacl\n|-heal|p2a: Garganacl|96\/100\n|\n|-heal|p2a: Garganacl|100\/100|[from] item: Leftovers\n|-heal|p1a: :ag:|91\/100 tox|[from] ability: Poison Heal\n|upkeep\n|turn|43\n|inactive|Umberto & Riyad has 30 seconds left.\n|inactive|Xizaaantuz has 150 seconds left.\n|\n|t:|1700320875\n|switch|p2a: Great Tusk|Great Tusk|71\/100\n|-damage|p2a: Great Tusk|68\/100|[from] Stealth Rock\n|-damage|p2a: Great Tusk|56\/100|[from] Spikes\n|move|p1a: :ag:|Knock Off|p2a: Great Tusk\n|-resisted|p2a: Great Tusk\n|-crit|p2a: Great Tusk\n|-damage|p2a: Great Tusk|50\/100\n|\n|-heal|p1a: :ag:|100\/100 tox|[from] ability: Poison Heal\n|upkeep\n|turn|44\n|inactive|Umberto & Riyad has 30 seconds left.\n|inactive|Xizaaantuz has 150 seconds left.\n|c|+Leftiez|hype\n|inactive|Xizaaantuz has 120 seconds left.\n|\n|t:|1700320920\n|switch|p1a: Mannaggia|Skeledirge, M|28\/100\n|move|p2a: Great Tusk|Rapid Spin|p1a: Mannaggia\n|-immune|p1a: Mannaggia\n|\n|upkeep\n|turn|45\n|inactive|Umberto & Riyad has 30 seconds left.\n|\n|t:|1700320936\n|switch|p1a: madri|Zapdos|68\/100\n|-damage|p1a: madri|43\/100|[from] Stealth Rock\n|move|p2a: Great Tusk|Earthquake|p1a: madri\n|-immune|p1a: madri\n|\n|upkeep\n|turn|46\n|inactive|Umberto & Riyad has 30 seconds left.\n|\n|t:|1700320948\n|-end|p2a: Great Tusk|Protosynthesis|[silent]\n|switch|p2a: Toxapex|Toxapex, F|100\/100\n|-damage|p2a: Toxapex|88\/100|[from] Stealth Rock\n|-damage|p2a: Toxapex|75\/100|[from] Spikes\n|move|p1a: madri|Hurricane|p2a: Toxapex\n|-damage|p2a: Toxapex|45\/100\n|-start|p2a: Toxapex|confusion\n|\n|-heal|p2a: Toxapex|51\/100|[from] item: Black Sludge\n|upkeep\n|turn|47\n|inactive|Umberto & Riyad has 30 seconds left.\n|\n|t:|1700320960\n|switch|p1a: tenere|Samurott-Hisui, M|61\/100\n|-activate|p2a: Toxapex|confusion\n|move|p2a: Toxapex|Surf|p1a: tenere\n|-resisted|p1a: tenere\n|-damage|p1a: tenere|50\/100\n|\n|-heal|p2a: Toxapex|57\/100|[from] item: Black Sludge\n|upkeep\n|turn|48\n|\n|t:|1700320970\n|switch|p2a: Garganacl|Garganacl, M, tera:Fairy|100\/100\n|-damage|p2a: Garganacl|88\/100|[from] Stealth Rock\n|-damage|p2a: Garganacl|76\/100|[from] Spikes\n|move|p1a: tenere|Ceaseless Edge|p2a: Garganacl\n|-resisted|p2a: Garganacl\n|-damage|p2a: Garganacl|65\/100\n|-sidestart|p2: Umberto & Riyad|Spikes\n|\n|-heal|p2a: Garganacl|71\/100|[from] item: Leftovers\n|upkeep\n|turn|49\n|\n|t:|1700320986\n|switch|p1a: le vostre|Clefable, M|88\/100\n|switch|p2a: Great Tusk|Great Tusk|50\/100\n|-damage|p2a: Great Tusk|47\/100|[from] Stealth Rock\n|-damage|p2a: Great Tusk|30\/100|[from] Spikes\n|\n|upkeep\n|turn|50\n|inactive|Xizaaantuz has 120 seconds left.\n|inactive|Xizaaantuz has 90 seconds left.\n|\n|t:|1700321043\n|-terastallize|p1a: le vostre|Ghost\n|move|p2a: Great Tusk|Rapid Spin|p1a: le vostre\n|-immune|p1a: le vostre\n|move|p1a: le vostre|Moonblast|p2a: Great Tusk\n|-supereffective|p2a: Great Tusk\n|-damage|p2a: Great Tusk|0 fnt\n|faint|p2a: Great Tusk\n|-end|p2a: Great Tusk|Protosynthesis|[silent]\n|\n|upkeep\n|\n|t:|1700321053\n|switch|p2a: Gholdengo|Gholdengo|37\/100\n|turn|51\n|inactive|Xizaaantuz has 90 seconds left.\n|\n|t:|1700321067\n|switch|p1a: :ag:|Gliscor, M|100\/100 tox\n|-damage|p1a: :ag:|88\/100 tox|[from] Stealth Rock\n|move|p2a: Gholdengo|Recover|p2a: Gholdengo\n|-heal|p2a: Gholdengo|87\/100\n|\n|-heal|p1a: :ag:|100\/100 tox|[from] ability: Poison Heal\n|upkeep\n|turn|52\n|inactive|Xizaaantuz has 90 seconds left.\n|inactive|Umberto & Riyad has 30 seconds left.\n|inactive|Umberto & Riyad has 20 seconds left.\n|inactive|Umberto & Riyad has 15 seconds left.\n|inactive|Umberto & Riyad has 10 seconds left.\n|inactive|Umberto & Riyad has 5 seconds left.\n|\n|t:|1700321117\n|switch|p2a: Garganacl|Garganacl, M, tera:Fairy|71\/100\n|-damage|p2a: Garganacl|59\/100|[from] Stealth Rock\n|-damage|p2a: Garganacl|42\/100|[from] Spikes\n|move|p1a: :ag:|Earthquake|p2a: Garganacl\n|-damage|p2a: Garganacl|24\/100\n|\n|-heal|p2a: Garganacl|30\/100|[from] item: Leftovers\n|upkeep\n|turn|53\n|inactive|Umberto & Riyad has 15 seconds left this turn.\n|inactive|Xizaaantuz has 90 seconds left.\n|inactive|Umberto & Riyad has 10 seconds left.\n|\n|t:|1700321127\n|move|p1a: :ag:|Knock Off|p2a: Garganacl\n|-resisted|p2a: Garganacl\n|-damage|p2a: Garganacl|25\/100\n|-enditem|p2a: Garganacl|Leftovers|[from] move: Knock Off|[of] p1a: :ag:\n|move|p2a: Garganacl|Recover|p2a: Garganacl\n|-heal|p2a: Garganacl|75\/100\n|\n|upkeep\n|turn|54\n|inactive|Umberto & Riyad has 20 seconds left this turn.\n|inactive|Umberto & Riyad has 15 seconds left.\n|\n|t:|1700321134\n|switch|p2a: Iron Valiant|Iron Valiant|67\/100\n|-damage|p2a: Iron Valiant|61\/100|[from] Stealth Rock\n|-damage|p2a: Iron Valiant|44\/100|[from] Spikes\n|move|p1a: :ag:|Protect||[still]\n|-fail|p1a: :ag:\n|\n|upkeep\n|turn|55\n|inactive|Umberto & Riyad has 25 seconds left this turn.\n|inactive|Umberto & Riyad has 20 seconds left.\n|\n|t:|1700321141\n|move|p1a: :ag:|Protect|p1a: :ag:\n|-singleturn|p1a: :ag:|Protect\n|move|p2a: Iron Valiant|Trick|p1a: :ag:\n|-activate|p1a: :ag:|move: Protect\n|\n|upkeep\n|turn|56\n|inactive|Umberto & Riyad has 30 seconds left this turn.\n|inactive|Xizaaantuz has 90 seconds left.\n|inactive|Xizaaantuz has 60 seconds left.\n|\n|t:|1700321201\n|switch|p1a: madri|Zapdos|43\/100\n|-damage|p1a: madri|18\/100|[from] Stealth Rock\n|move|p2a: Iron Valiant|Trick|p1a: madri\n|-activate|p2a: Iron Valiant|move: Trick|[of] p1a: madri\n|-item|p1a: madri|Choice Specs|[from] move: Trick\n|-item|p2a: Iron Valiant|Choice Scarf|[from] move: Trick\n|\n|upkeep\n|turn|57\n|inactive|Xizaaantuz has 60 seconds left.\n|\n|t:|1700321211\n|move|p2a: Iron Valiant|Moonblast|p1a: madri\n|-damage|p1a: madri|0 fnt\n|faint|p1a: madri\n|\n|upkeep\n|\n|t:|1700321216\n|switch|p1a: :ag:|Gliscor, M|100\/100 tox\n|-damage|p1a: :ag:|88\/100 tox|[from] Stealth Rock\n|turn|58\n|inactive|Xizaaantuz has 60 seconds left.\n|\n|t:|1700321236\n|-end|p2a: Iron Valiant|Quark Drive|[silent]\n|switch|p2a: Garganacl|Garganacl, M, tera:Fairy|75\/100\n|-damage|p2a: Garganacl|63\/100|[from] Stealth Rock\n|-damage|p2a: Garganacl|46\/100|[from] Spikes\n|move|p1a: :ag:|Swords Dance|p1a: :ag:\n|-boost|p1a: :ag:|atk|2\n|\n|-heal|p1a: :ag:|100\/100 tox|[from] ability: Poison Heal\n|upkeep\n|turn|59\n|\n|t:|1700321243\n|move|p1a: :ag:|Earthquake|p2a: Garganacl\n|-damage|p2a: Garganacl|10\/100\n|move|p2a: Garganacl|Salt Cure|p1a: :ag:\n|-damage|p1a: :ag:|90\/100 tox\n|-start|p1a: :ag:|Salt Cure\n|\n|-heal|p1a: :ag:|100\/100 tox|[from] ability: Poison Heal\n|-damage|p1a: :ag:|88\/100 tox|[from] Salt Cure\n|upkeep\n|turn|60\n|\n|t:|1700321250\n|switch|p2a: Gliscor|Gliscor, M|43\/100 tox\n|-damage|p2a: Gliscor|31\/100 tox|[from] Stealth Rock\n|move|p1a: :ag:|Earthquake|p2a: Gliscor\n|-immune|p2a: Gliscor\n|\n|-heal|p1a: :ag:|100\/100 tox|[from] ability: Poison Heal\n|-heal|p2a: Gliscor|43\/100 tox|[from] ability: Poison Heal\n|-damage|p1a: :ag:|88\/100 tox|[from] Salt Cure\n|upkeep\n|turn|61\n|\n|t:|1700321272\n|switch|p2a: Iron Valiant|Iron Valiant|44\/100\n|-damage|p2a: Iron Valiant|38\/100|[from] Stealth Rock\n|-damage|p2a: Iron Valiant|22\/100|[from] Spikes\n|move|p1a: :ag:|Earthquake|p2a: Iron Valiant\n|-damage|p2a: Iron Valiant|0 fnt\n|faint|p2a: Iron Valiant\n|-end|p2a: Iron Valiant|Quark Drive|[silent]\n|\n|-heal|p1a: :ag:|100\/100 tox|[from] ability: Poison Heal\n|-damage|p1a: :ag:|88\/100 tox|[from] Salt Cure\n|upkeep\n|c|\u2606Xizaaantuz|gg\n|c|\u2606Umberto & Riyad|gg\n|inactive|Umberto & Riyad has 30 seconds left.\n|c|\u2606Umberto & Riyad|go ss\n|c|\u2606Xizaaantuz|next tier?\n|c|\u2606Xizaaantuz|ok\n|-message|Umberto & Riyad forfeited.\n|\n|win|Xizaaantuz\n|inactive|Umberto & Riyad has 30 seconds left this turn.\n","uploadtime":1700321295,"views":36,"p1id":"xizaaantuz","p2id":"umbertoriyad","formatid":"gen9ubers","rating":0,"private":0,"password":""}