{"id":"smogtours-gen9ubers-725301","p1":"Fc \u2764","p2":"I\u2665CATGIRLS","format":"[Gen 9] Ubers","log":"|inactive|Battle timer is ON: inactive players will automatically lose when time's up.\n|t:|1697929684\n|gametype|singles\n|player|p1|Fc \u2764|#omplxisolgaleos|\n|player|p2|I\u2665CATGIRLS|winona-gen3|\n|teamsize|p1|6\n|teamsize|p2|6\n|gen|9\n|tier|[Gen 9] Ubers\n|rule|Sleep Clause Mod: Limit one foe put to sleep\n|rule|Species Clause: Limit one of each Pok\u00e9mon\n|rule|OHKO Clause: OHKO moves are banned\n|rule|Evasion Items Clause: Evasion items are banned\n|rule|Evasion Moves Clause: Evasion moves are banned\n|rule|Endless Battle Clause: Forcing endless battles is banned\n|rule|HP Percentage Mod: HP is shown in percentages\n|clearpoke\n|poke|p1|Arceus-Water|\n|poke|p1|Zacian-*|\n|poke|p1|Miraidon|\n|poke|p1|Clodsire, M|\n|poke|p1|Koraidon|\n|poke|p1|Landorus-Therian, M|\n|poke|p2|Arceus|\n|poke|p2|Landorus-Therian, M|\n|poke|p2|Calyrex-Ice|\n|poke|p2|Zacian-*|\n|poke|p2|Koraidon|\n|poke|p2|Miraidon|\n|teampreview\n|inactive|I\u2665CATGIRLS also wants the timer to be on.\n|raw|<div class=\"broadcast-red\"><strong>Moderated chat was set to \u2606!<\/strong><br \/>Only users of rank \u2606 and higher can talk.<\/div>\n|c|\u2606Fc \u2764|hf\n|c|\u2606I\u2665CATGIRLS|glhf\n|inactive|Fc \u2764 has 270 seconds left.\n|inactive|I\u2665CATGIRLS has 270 seconds left.\n|inactive|I\u2665CATGIRLS has 240 seconds left.\n|inactive|I\u2665CATGIRLS has 210 seconds left.\n|\n|t:|1697929775\n|start\n|switch|p1a: Landorus|Landorus-Therian, M|100\/100\n|switch|p2a: Miraidon|Miraidon|100\/100\n|-fieldstart|move: Electric Terrain|[from] ability: Hadron Engine|[of] p2a: Miraidon\n|-ability|p1a: Landorus|Intimidate|boost\n|-unboost|p2a: Miraidon|atk|1\n|turn|1\n|inactive|I\u2665CATGIRLS has 270 seconds left.\n|\n|t:|1697929806\n|switch|p1a: Clodsire|Clodsire, M|100\/100\n|move|p2a: Miraidon|U-turn|p1a: Clodsire\n|-resisted|p1a: Clodsire\n|-damage|p1a: Clodsire|96\/100\n|inactive|I\u2665CATGIRLS has 240 seconds left.\n|\n|t:|1697929825\n|switch|p2a: Landorus|Landorus-Therian, M|100\/100|[from] U-turn\n|-ability|p2a: Landorus|Intimidate|boost\n|-unboost|p1a: Clodsire|atk|1\n|\n|upkeep\n|turn|2\n|inactive|I\u2665CATGIRLS has 240 seconds left.\n|\n|t:|1697929843\n|switch|p1a: Landorus|Landorus-Therian, M|100\/100\n|-ability|p1a: Landorus|Intimidate|boost\n|-unboost|p2a: Landorus|atk|1\n|move|p2a: Landorus|Stealth Rock|p1a: Landorus\n|-sidestart|p1: Fc \u2764|move: Stealth Rock\n|\n|upkeep\n|turn|3\n|inactive|I\u2665CATGIRLS has 240 seconds left.\n|\n|t:|1697929869\n|move|p2a: Landorus|U-turn|p1a: Landorus\n|-resisted|p1a: Landorus\n|-damage|p1a: Landorus|95\/100\n|-damage|p2a: Landorus|84\/100|[from] item: Rocky Helmet|[of] p1a: Landorus\n|\n|t:|1697929875\n|switch|p2a: Calyrex|Calyrex-Ice|100\/100|[from] U-turn\n|-ability|p2a: Calyrex|As One\n|-ability|p2a: Calyrex|Unnerve\n|move|p1a: Landorus|Stealth Rock|p2a: Calyrex\n|-sidestart|p2: I\u2665CATGIRLS|move: Stealth Rock\n|\n|upkeep\n|turn|4\n|\n|t:|1697929882\n|move|p1a: Landorus|U-turn|p2a: Calyrex\n|-supereffective|p2a: Calyrex\n|-crit|p2a: Calyrex\n|-damage|p2a: Calyrex|61\/100\n|\n|t:|1697929884\n|switch|p1a: Arceus|Arceus-Water|100\/100|[from] U-turn\n|-damage|p1a: Arceus|88\/100|[from] Stealth Rock\n|move|p2a: Calyrex|Glacial Lance|p1a: Arceus\n|-resisted|p1a: Arceus\n|-damage|p1a: Arceus|66\/100\n|\n|upkeep\n|turn|5\n|\n|t:|1697929896\n|switch|p2a: Miraidon|Miraidon|100\/100\n|-activate|p2a: Miraidon|ability: Hadron Engine\n|move|p1a: Arceus|Will-O-Wisp|p2a: Miraidon\n|-status|p2a: Miraidon|brn\n|\n|-damage|p2a: Miraidon|94\/100 brn|[from] brn\n|-fieldend|move: Electric Terrain\n|upkeep\n|turn|6\n|\n|t:|1697929905\n|switch|p1a: Landorus|Landorus-Therian, M|95\/100\n|-damage|p1a: Landorus|83\/100|[from] Stealth Rock\n|-ability|p1a: Landorus|Intimidate|boost\n|-unboost|p2a: Miraidon|atk|1\n|move|p2a: Miraidon|Draco Meteor|p1a: Landorus\n|-damage|p1a: Landorus|9\/100\n|-unboost|p2a: Miraidon|spa|2\n|\n|-damage|p2a: Miraidon|88\/100 brn|[from] brn\n|upkeep\n|turn|7\n|inactive|I\u2665CATGIRLS has 240 seconds left.\n|inactive|I\u2665CATGIRLS has 210 seconds left.\n|\n|t:|1697929958\n|move|p2a: Miraidon|U-turn|p1a: Landorus\n|-resisted|p1a: Landorus\n|-damage|p1a: Landorus|8\/100\n|-damage|p2a: Miraidon|72\/100 brn|[from] item: Rocky Helmet|[of] p1a: Landorus\n|\n|t:|1697929959\n|switch|p2a: Koraidon|Koraidon|100\/100|[from] U-turn\n|-damage|p2a: Koraidon|94\/100|[from] Stealth Rock\n|-weather|SunnyDay|[from] ability: Orichalcum Pulse|[of] p2a: Koraidon\n|-activate|p2a: Koraidon|Orichalcum Pulse|[source]\n|move|p1a: Landorus|Earthquake|p2a: Koraidon\n|-damage|p2a: Koraidon|49\/100\n|\n|-weather|SunnyDay|[upkeep]\n|upkeep\n|turn|8\n|\n|t:|1697929971\n|move|p2a: Koraidon|Scale Shot|p1a: Landorus\n|-damage|p1a: Landorus|0 fnt\n|faint|p1a: Landorus\n|-hitcount|p1: Landorus|1\n|-unboost|p2a: Koraidon|def|1\n|-boost|p2a: Koraidon|spe|1\n|\n|-weather|SunnyDay|[upkeep]\n|upkeep\n|inactive|Fc \u2764 has 270 seconds left.\n|inactive|Fc \u2764 has 240 seconds left.\n|\n|t:|1697930047\n|switch|p1a: Arceus|Arceus-Water|66\/100\n|-damage|p1a: Arceus|54\/100|[from] Stealth Rock\n|turn|9\n|inactive|I\u2665CATGIRLS has 210 seconds left.\n|inactive|I\u2665CATGIRLS has 180 seconds left.\n|\n|t:|1697930093\n|move|p2a: Koraidon|Scale Shot|p1a: Arceus\n|-damage|p1a: Arceus|45\/100\n|-damage|p1a: Arceus|35\/100\n|-damage|p1a: Arceus|26\/100\n|-damage|p1a: Arceus|16\/100\n|-hitcount|p1a: Arceus|4\n|-unboost|p2a: Koraidon|def|1\n|-boost|p2a: Koraidon|spe|1\n|move|p1a: Arceus|Recover|p1a: Arceus\n|-heal|p1a: Arceus|66\/100\n|\n|-weather|SunnyDay|[upkeep]\n|upkeep\n|turn|10\n|inactive|Fc \u2764 has 240 seconds left.\n|inactive|I\u2665CATGIRLS has 150 seconds left.\n|\n|t:|1697930125\n|move|p2a: Koraidon|Swords Dance|p2a: Koraidon\n|-boost|p2a: Koraidon|atk|2\n|move|p1a: Arceus|Will-O-Wisp|p2a: Koraidon\n|-status|p2a: Koraidon|brn\n|\n|-weather|SunnyDay|[upkeep]\n|-damage|p2a: Koraidon|43\/100 brn|[from] brn\n|upkeep\n|turn|11\n|\n|t:|1697930135\n|switch|p2a: Miraidon|Miraidon|72\/100 brn\n|-fieldstart|move: Electric Terrain|[from] ability: Hadron Engine|[of] p2a: Miraidon\n|move|p1a: Arceus|Recover|p1a: Arceus\n|-heal|p1a: Arceus|100\/100\n|\n|-weather|none\n|-damage|p2a: Miraidon|66\/100 brn|[from] brn\n|upkeep\n|turn|12\n|\n|t:|1697930149\n|switch|p1a: Clodsire|Clodsire, M|96\/100\n|move|p2a: Miraidon|Draco Meteor|p1a: Clodsire\n|-damage|p1a: Clodsire|45\/100\n|-unboost|p2a: Miraidon|spa|2\n|\n|-damage|p2a: Miraidon|59\/100 brn|[from] brn\n|upkeep\n|turn|13\n|\n|t:|1697930160\n|move|p2a: Miraidon|Taunt|p1a: Clodsire\n|-start|p1a: Clodsire|move: Taunt\n|cant|p1a: Clodsire|move: Taunt|Spikes\n|\n|-damage|p2a: Miraidon|53\/100 brn|[from] brn\n|upkeep\n|turn|14\n|inactive|Fc \u2764 has 270 seconds left.\n|\n|t:|1697930170\n|switch|p1a: Arceus|Arceus-Water|100\/100\n|-damage|p1a: Arceus|88\/100|[from] Stealth Rock\n|move|p2a: Miraidon|U-turn|p1a: Arceus\n|-damage|p1a: Arceus|85\/100\n|inactive|I\u2665CATGIRLS has 150 seconds left.\n|inactive|I\u2665CATGIRLS has 120 seconds left.\n|\n|t:|1697930237\n|switch|p2a: Koraidon|Koraidon|43\/100 brn|[from] U-turn\n|-damage|p2a: Koraidon|37\/100 brn|[from] Stealth Rock\n|-weather|SunnyDay|[from] ability: Orichalcum Pulse|[of] p2a: Koraidon\n|-activate|p2a: Koraidon|Orichalcum Pulse|[source]\n|\n|-weather|SunnyDay|[upkeep]\n|-damage|p2a: Koraidon|31\/100 brn|[from] brn\n|upkeep\n|turn|15\n|\n|t:|1697930243\n|move|p2a: Koraidon|Swords Dance|p2a: Koraidon\n|-boost|p2a: Koraidon|atk|2\n|move|p1a: Arceus|Judgment|p2a: Koraidon\n|-resisted|p2a: Koraidon\n|-damage|p2a: Koraidon|20\/100 brn\n|\n|-weather|SunnyDay|[upkeep]\n|-damage|p2a: Koraidon|14\/100 brn|[from] brn\n|-fieldend|move: Electric Terrain\n|upkeep\n|turn|16\n|inactive|I\u2665CATGIRLS has 120 seconds left.\n|\n|t:|1697930257\n|move|p2a: Koraidon|Close Combat|p1a: Arceus\n|-damage|p1a: Arceus|42\/100\n|-unboost|p2a: Koraidon|def|1\n|-unboost|p2a: Koraidon|spd|1\n|move|p1a: Arceus|Judgment|p2a: Koraidon\n|-resisted|p2a: Koraidon\n|-damage|p2a: Koraidon|0 fnt\n|faint|p2a: Koraidon\n|\n|-weather|SunnyDay|[upkeep]\n|upkeep\n|\n|t:|1697930263\n|switch|p2a: Miraidon|Miraidon|53\/100 brn\n|-fieldstart|move: Electric Terrain|[from] ability: Hadron Engine|[of] p2a: Miraidon\n|turn|17\n|\n|t:|1697930268\n|switch|p1a: Clodsire|Clodsire, M|45\/100\n|move|p2a: Miraidon|Electro Drift|p1a: Clodsire\n|-immune|p1a: Clodsire\n|\n|-weather|SunnyDay|[upkeep]\n|-damage|p2a: Miraidon|47\/100 brn|[from] brn\n|upkeep\n|turn|18\n|\n|t:|1697930275\n|move|p2a: Miraidon|Taunt|p1a: Clodsire\n|-start|p1a: Clodsire|move: Taunt\n|cant|p1a: Clodsire|move: Taunt|Spikes\n|\n|-weather|none\n|-damage|p2a: Miraidon|41\/100 brn|[from] brn\n|upkeep\n|turn|19\n|inactive|I\u2665CATGIRLS has 120 seconds left.\n|\n|t:|1697930310\n|move|p2a: Miraidon|Electro Drift|p1a: Clodsire\n|-immune|p1a: Clodsire\n|move|p1a: Clodsire|Poison Jab|p2a: Miraidon\n|-damage|p2a: Miraidon|19\/100 brn\n|\n|-damage|p2a: Miraidon|13\/100 brn|[from] brn\n|upkeep\n|turn|20\n|\n|t:|1697930321\n|move|p2a: Miraidon|Draco Meteor|p1a: Clodsire\n|-damage|p1a: Clodsire|0 fnt\n|-unboost|p2a: Miraidon|spa|2\n|faint|p1a: Clodsire\n|\n|-damage|p2a: Miraidon|6\/100 brn|[from] brn\n|upkeep\n|\n|t:|1697930325\n|switch|p1a: Koraidon|Koraidon|100\/100\n|-damage|p1a: Koraidon|94\/100|[from] Stealth Rock\n|-weather|SunnyDay|[from] ability: Orichalcum Pulse|[of] p1a: Koraidon\n|-activate|p1a: Koraidon|Orichalcum Pulse|[source]\n|turn|21\n|inactive|I\u2665CATGIRLS has 120 seconds left.\n|inactive|I\u2665CATGIRLS has 90 seconds left.\n|inactive|Fc \u2764 has 270 seconds left.\n|\n|t:|1697930378\n|move|p1a: Koraidon|Flare Blitz|p2a: Miraidon\n|-resisted|p2a: Miraidon\n|-damage|p2a: Miraidon|0 fnt\n|faint|p2a: Miraidon\n|-damage|p1a: Koraidon|92\/100|[from] Recoil\n|\n|-weather|SunnyDay|[upkeep]\n|-fieldend|move: Electric Terrain\n|upkeep\n|\n|t:|1697930391\n|switch|p2a: Arceus|Arceus|100\/100\n|turn|22\n|\n|t:|1697930406\n|switch|p1a: Zacian|Zacian-Crowned|100\/100\n|-damage|p1a: Zacian|94\/100|[from] Stealth Rock\n|-ability|p1a: Zacian|Intrepid Sword|boost\n|-boost|p1a: Zacian|atk|1\n|-terastallize|p2a: Arceus|Fire\n|move|p2a: Arceus|Swords Dance|p2a: Arceus\n|-boost|p2a: Arceus|atk|2\n|\n|-weather|SunnyDay|[upkeep]\n|upkeep\n|turn|23\n|inactive|I\u2665CATGIRLS has 60 seconds left.\n|inactive|Fc \u2764 has 270 seconds left.\n|inactive|I\u2665CATGIRLS has 30 seconds left.\n|inactive|Fc \u2764 has 240 seconds left.\n|inactive|I\u2665CATGIRLS has 20 seconds left.\n|\n|t:|1697930484\n|move|p1a: Zacian|Behemoth Blade|p2a: Arceus\n|-resisted|p2a: Arceus\n|-damage|p2a: Arceus|70\/100\n|move|p2a: Arceus|Swords Dance|p2a: Arceus\n|-boost|p2a: Arceus|atk|2\n|\n|-weather|SunnyDay|[upkeep]\n|upkeep\n|turn|24\n|inactive|I\u2665CATGIRLS has 30 seconds left this turn.\n|inactive|I\u2665CATGIRLS has 20 seconds left.\n|inactive|I\u2665CATGIRLS has 15 seconds left.\n|inactive|Fc \u2764 has 240 seconds left.\n|\n|t:|1697930512\n|move|p2a: Arceus|Extreme Speed|p1a: Zacian\n|-resisted|p1a: Zacian\n|-damage|p1a: Zacian|29\/100\n|move|p1a: Zacian|Wild Charge|p2a: Arceus\n|-damage|p2a: Arceus|32\/100\n|-damage|p1a: Zacian|17\/100|[from] Recoil\n|\n|-weather|SunnyDay|[upkeep]\n|upkeep\n|turn|25\n|inactive|I\u2665CATGIRLS has 25 seconds left this turn.\n|inactive|I\u2665CATGIRLS has 20 seconds left.\n|\n|t:|1697930519\n|move|p2a: Arceus|Extreme Speed|p1a: Zacian\n|-resisted|p1a: Zacian\n|-damage|p1a: Zacian|0 fnt\n|faint|p1a: Zacian\n|\n|-weather|none\n|upkeep\n|inactive|I\u2665CATGIRLS has 25 seconds left this turn.\n|\n|t:|1697930522\n|switch|p1a: Miraidon|Miraidon|100\/100\n|-fieldstart|move: Electric Terrain|[from] ability: Hadron Engine|[of] p1a: Miraidon\n|turn|26\n|inactive|I\u2665CATGIRLS has 30 seconds left.\n|\n|t:|1697930533\n|-terastallize|p1a: Miraidon|Ghost\n|move|p2a: Arceus|Extreme Speed|p1a: Miraidon\n|-immune|p1a: Miraidon\n|move|p1a: Miraidon|Electro Drift|p2a: Arceus\n|-damage|p2a: Arceus|0 fnt\n|faint|p2a: Arceus\n|\n|upkeep\n|inactive|I\u2665CATGIRLS has 30 seconds left this turn.\n|inactive|I\u2665CATGIRLS has 20 seconds left.\n|inactive|I\u2665CATGIRLS has 15 seconds left.\n|inactive|I\u2665CATGIRLS has 10 seconds left.\n|\n|t:|1697930558\n|switch|p2a: jail phi jail|Zacian-Crowned, shiny|100\/100\n|-damage|p2a: jail phi jail|94\/100|[from] Stealth Rock\n|-ability|p2a: jail phi jail|Intrepid Sword|boost\n|-boost|p2a: jail phi jail|atk|1\n|turn|27\n|inactive|I\u2665CATGIRLS has 20 seconds left this turn.\n|inactive|Fc \u2764 has 270 seconds left.\n|inactive|I\u2665CATGIRLS has 15 seconds left.\n|inactive|Fc \u2764 has 240 seconds left.\n|inactive|Fc \u2764 has 210 seconds left.\n|inactive|Fc \u2764 has 180 seconds left.\n|inactive|Fc \u2764 has 150 seconds left.\n|inactive|Fc \u2764 has 120 seconds left.\n|\n|t:|1697930714\n|move|p2a: jail phi jail|Play Rough|p1a: Miraidon\n|-damage|p1a: Miraidon|23\/100\n|move|p1a: Miraidon|Electro Drift|p2a: jail phi jail\n|-damage|p2a: jail phi jail|13\/100\n|\n|upkeep\n|turn|28\n|inactive|I\u2665CATGIRLS has 25 seconds left this turn.\n|inactive|I\u2665CATGIRLS has 20 seconds left.\n|inactive|I\u2665CATGIRLS has 15 seconds left.\n|\n|t:|1697930728\n|move|p2a: jail phi jail|Behemoth Blade|p1a: Miraidon\n|-damage|p1a: Miraidon|0 fnt\n|faint|p1a: Miraidon\n|\n|upkeep\n|inactive|I\u2665CATGIRLS has 20 seconds left this turn.\n|\n|t:|1697930731\n|switch|p1a: Koraidon|Koraidon|92\/100\n|-damage|p1a: Koraidon|86\/100|[from] Stealth Rock\n|-weather|SunnyDay|[from] ability: Orichalcum Pulse|[of] p1a: Koraidon\n|-activate|p1a: Koraidon|Orichalcum Pulse|[source]\n|turn|29\n|inactive|I\u2665CATGIRLS has 30 seconds left this turn.\n|inactive|I\u2665CATGIRLS has 20 seconds left.\n|inactive|I\u2665CATGIRLS has 15 seconds left.\n|inactive|I\u2665CATGIRLS has 10 seconds left.\n|\n|t:|1697930751\n|switch|p2a: Landorus|Landorus-Therian, M|84\/100\n|-damage|p2a: Landorus|72\/100|[from] Stealth Rock\n|-ability|p2a: Landorus|Intimidate|boost\n|-unboost|p1a: Koraidon|atk|1\n|move|p1a: Koraidon|Flare Blitz|p2a: Landorus\n|-damage|p2a: Landorus|32\/100\n|-damage|p1a: Koraidon|70\/100|[from] item: Rocky Helmet|[of] p2a: Landorus\n|-damage|p1a: Koraidon|55\/100|[from] Recoil\n|\n|-weather|SunnyDay|[upkeep]\n|upkeep\n|turn|30\n|inactive|I\u2665CATGIRLS has 20 seconds left this turn.\n|inactive|Fc \u2764 has 150 seconds left.\n|inactive|I\u2665CATGIRLS has 15 seconds left.\n|inactive|I\u2665CATGIRLS has 10 seconds left.\n|inactive|I\u2665CATGIRLS has 5 seconds left.\n|\n|t:|1697930769\n|move|p1a: Koraidon|Flare Blitz|p2a: Landorus\n|-damage|p2a: Landorus|0 fnt\n|-damage|p1a: Koraidon|39\/100|[from] item: Rocky Helmet|[of] p2a: Landorus\n|faint|p2a: Landorus\n|-damage|p1a: Koraidon|27\/100|[from] Recoil\n|\n|-weather|SunnyDay|[upkeep]\n|-fieldend|move: Electric Terrain\n|upkeep\n|inactive|I\u2665CATGIRLS has 10 seconds left this turn.\n|\n|t:|1697930774\n|switch|p2a: Calyrex|Calyrex-Ice|61\/100\n|-ability|p2a: Calyrex|As One\n|-ability|p2a: Calyrex|Unnerve\n|turn|31\n|inactive|I\u2665CATGIRLS has 20 seconds left this turn.\n|inactive|Fc \u2764 has 150 seconds left.\n|\n|t:|1697930788\n|move|p1a: Koraidon|Flare Blitz|p2a: Calyrex\n|-supereffective|p2a: Calyrex\n|-damage|p2a: Calyrex|0 fnt\n|faint|p2a: Calyrex\n|-damage|p1a: Koraidon|3\/100|[from] Recoil\n|\n|-weather|SunnyDay|[upkeep]\n|upkeep\n|inactive|I\u2665CATGIRLS has 25 seconds left this turn.\n|\n|t:|1697930791\n|switch|p2a: jail phi jail|Zacian-Crowned, shiny|13\/100\n|-damage|p2a: jail phi jail|7\/100|[from] Stealth Rock\n|turn|32\n|c|\u2606I\u2665CATGIRLS|gg\n|c|\u2606Fc \u2764|gg\n|\n|t:|1697930795\n|move|p1a: Koraidon|Flare Blitz|p2a: jail phi jail\n|-supereffective|p2a: jail phi jail\n|-damage|p2a: jail phi jail|0 fnt\n|faint|p2a: jail phi jail\n|-damage|p1a: Koraidon|1\/100|[from] Recoil\n|\n|win|Fc \u2764\n","uploadtime":1697930796,"views":515,"p1id":"fc","p2id":"icatgirls","formatid":"gen9ubers","rating":0,"private":0,"password":""}