{"id":"smogtours-gen9ubers-730040","p1":"Taka","p2":"Nael222","format":"[Gen 9] Ubers","log":"|inactive|Battle timer is ON: inactive players will automatically lose when time's up.\n|t:|1699739990\n|gametype|singles\n|player|p1|Taka|#puplixmaadcitymagmortars|\n|player|p2|Nael222|#agplvivoryimpalers|\n|teamsize|p1|6\n|teamsize|p2|6\n|gen|9\n|tier|[Gen 9] Ubers\n|rule|Sleep Clause Mod: Limit one foe put to sleep\n|rule|Species Clause: Limit one of each Pok\u00e9mon\n|rule|OHKO Clause: OHKO moves are banned\n|rule|Evasion Items Clause: Evasion items are banned\n|rule|Evasion Moves Clause: Evasion moves are banned\n|rule|Endless Battle Clause: Forcing endless battles is banned\n|rule|HP Percentage Mod: HP is shown in percentages\n|clearpoke\n|poke|p1|Koraidon|\n|poke|p1|Miraidon|\n|poke|p1|Giratina-Origin|\n|poke|p1|Clodsire, F|\n|poke|p1|Skeledirge, F|\n|poke|p1|Arceus|\n|poke|p2|Calyrex-Ice|\n|poke|p2|Miraidon|\n|poke|p2|Kyogre|\n|poke|p2|Arceus|\n|poke|p2|Landorus-Therian, M|\n|poke|p2|Ting-Lu|\n|teampreview\n|inactive|Taka also wants the timer to be on.\n|c|\u2606Taka|hf\n|c|\u2606Nael222|hf\n|inactive|Taka has 270 seconds left.\n|inactive|Nael222 has 270 seconds left.\n|\n|t:|1699740039\n|start\n|switch|p1a: Koraidon|Koraidon|100\/100\n|switch|p2a: Ting-Lu|Ting-Lu|100\/100\n|-weather|SunnyDay|[from] ability: Orichalcum Pulse|[of] p1a: Koraidon\n|-activate|p1a: Koraidon|Orichalcum Pulse|[source]\n|-ability|p2a: Ting-Lu|Vessel of Ruin\n|turn|1\n|\n|t:|1699740046\n|switch|p2a: Landorus|Landorus-Therian, M|100\/100\n|-ability|p2a: Landorus|Intimidate|boost\n|-unboost|p1a: Koraidon|atk|1\n|move|p1a: Koraidon|U-turn|p2a: Landorus\n|-resisted|p2a: Landorus\n|-damage|p2a: Landorus|92\/100\n|-damage|p1a: Koraidon|84\/100|[from] item: Rocky Helmet|[of] p2a: Landorus\n|\n|t:|1699740052\n|switch|p1a: Miraidon|Miraidon|100\/100|[from] U-turn\n|-fieldstart|move: Electric Terrain|[from] ability: Hadron Engine|[of] p1a: Miraidon\n|\n|-weather|SunnyDay|[upkeep]\n|upkeep\n|turn|2\n|\n|t:|1699740059\n|switch|p2a: Ting-Lu|Ting-Lu|100\/100\n|-ability|p2a: Ting-Lu|Vessel of Ruin\n|move|p1a: Miraidon|Draco Meteor|p2a: Ting-Lu\n|-damage|p2a: Ting-Lu|37\/100\n|-unboost|p1a: Miraidon|spa|2\n|\n|-weather|SunnyDay|[upkeep]\n|-heal|p2a: Ting-Lu|44\/100|[from] item: Leftovers\n|upkeep\n|turn|3\n|\n|t:|1699740074\n|switch|p1a: Koraidon|Koraidon|84\/100\n|-activate|p1a: Koraidon|ability: Orichalcum Pulse\n|move|p2a: Ting-Lu|Spikes|p1a: Koraidon\n|-sidestart|p1: Taka|Spikes\n|\n|-weather|SunnyDay|[upkeep]\n|-heal|p2a: Ting-Lu|50\/100|[from] item: Leftovers\n|upkeep\n|turn|4\n|inactive|Nael222 has 270 seconds left.\n|inactive|Taka has 270 seconds left.\n|c|+aberforth|no johns?\n|c|\u2606Taka|teamballo\n|c|\u2606Nael222|no teamballo\n|c|+PikachuZappyZap|teamballo\n|c|+aberforth|ahh, gl both\n|inactive|Nael222 has 240 seconds left.\n|inactive|Taka has 240 seconds left.\n|\n|t:|1699740163\n|move|p1a: Koraidon|Low Kick|p2a: Ting-Lu\n|-supereffective|p2a: Ting-Lu\n|-damage|p2a: Ting-Lu|0 fnt\n|faint|p2a: Ting-Lu\n|\n|-weather|SunnyDay|[upkeep]\n|upkeep\n|\n|t:|1699740166\n|switch|p2a: Kyogre|Kyogre|100\/100\n|-weather|RainDance|[from] ability: Drizzle|[of] p2a: Kyogre\n|turn|5\n|inactive|Taka has 240 seconds left.\n|\n|t:|1699740180\n|move|p1a: Koraidon|Low Kick|p2a: Kyogre\n|-damage|p2a: Kyogre|55\/100\n|move|p2a: Kyogre|Ice Beam|p1a: Koraidon\n|-supereffective|p1a: Koraidon\n|-damage|p1a: Koraidon|25\/100\n|\n|-weather|RainDance|[upkeep]\n|-heal|p2a: Kyogre|61\/100|[from] item: Leftovers\n|-fieldend|move: Electric Terrain\n|upkeep\n|turn|6\n|\n|t:|1699740185\n|switch|p1a: Clodsire|Clodsire, F|100\/100\n|-damage|p1a: Clodsire|88\/100|[from] Spikes\n|switch|p2a: Landorus|Landorus-Therian, M|92\/100\n|-ability|p2a: Landorus|Intimidate|boost\n|-unboost|p1a: Clodsire|atk|1\n|\n|-weather|RainDance|[upkeep]\n|-heal|p1a: Clodsire|94\/100|[from] item: Leftovers\n|upkeep\n|turn|7\n|\n|t:|1699740196\n|switch|p1a: Giratina|Giratina-Origin|100\/100\n|move|p2a: Landorus|Taunt|p1a: Giratina\n|-start|p1a: Giratina|move: Taunt\n|\n|-weather|RainDance|[upkeep]\n|upkeep\n|turn|8\n|c|+PikachuZappyZap|goat\n|\n|t:|1699740204\n|move|p2a: Landorus|Stealth Rock|p1a: Giratina\n|-sidestart|p1: Taka|move: Stealth Rock\n|move|p1a: Giratina|Draco Meteor|p2a: Landorus\n|-damage|p2a: Landorus|20\/100\n|-unboost|p1a: Giratina|spa|2\n|\n|-weather|RainDance|[upkeep]\n|upkeep\n|turn|9\n|\n|t:|1699740210\n|move|p2a: Landorus|U-turn|p1a: Giratina\n|-resisted|p1a: Giratina\n|-damage|p1a: Giratina|92\/100\n|inactive|Nael222 has 270 seconds left.\n|\n|t:|1699740221\n|switch|p2a: Arceus|Arceus|100\/100|[from] U-turn\n|move|p1a: Giratina|Draco Meteor|p2a: Arceus\n|-damage|p2a: Arceus|78\/100\n|-unboost|p1a: Giratina|spa|2\n|\n|-weather|none\n|-end|p1a: Giratina|move: Taunt\n|upkeep\n|turn|10\n|\n|t:|1699740232\n|move|p2a: Arceus|Shadow Claw|p1a: Giratina\n|-supereffective|p1a: Giratina\n|-crit|p1a: Giratina\n|-damage|p1a: Giratina|39\/100\n|move|p1a: Giratina|Defog|p2a: Arceus\n|-unboost|p2a: Arceus|evasion|1\n|-sideend|p1: Taka|Spikes|[from] move: Defog|[of] p1a: Giratina\n|-sideend|p1: Taka|Stealth Rock|[from] move: Defog|[of] p1a: Giratina\n|\n|upkeep\n|turn|11\n|inactive|Nael222 has 270 seconds left.\n|inactive|Taka has 240 seconds left.\n|\n|t:|1699740273\n|switch|p2a: Miraidon|Miraidon|100\/100\n|-fieldstart|move: Electric Terrain|[from] ability: Hadron Engine|[of] p2a: Miraidon\n|switch|p1a: Skeledirge|Skeledirge, F|100\/100\n|\n|upkeep\n|turn|12\n|inactive|Taka has 240 seconds left.\n|\n|t:|1699740283\n|switch|p1a: Clodsire|Clodsire, F|94\/100\n|move|p2a: Miraidon|Calm Mind|p2a: Miraidon\n|-boost|p2a: Miraidon|spa|1\n|-boost|p2a: Miraidon|spd|1\n|\n|-heal|p1a: Clodsire|100\/100|[from] item: Leftovers\n|upkeep\n|turn|13\n|inactive|Taka has 240 seconds left.\n|inactive|Nael222 has 240 seconds left.\n|inactive|Taka has 210 seconds left.\n|\n|t:|1699740334\n|switch|p1a: Giratina|Giratina-Origin|39\/100\n|move|p2a: Miraidon|Draco Meteor|p1a: Giratina|[miss]\n|-miss|p2a: Miraidon|p1a: Giratina\n|\n|upkeep\n|turn|14\n|inactive|Taka has 210 seconds left.\n|inactive|Nael222 has 210 seconds left.\n|\n|t:|1699740371\n|move|p1a: Giratina|Shadow Sneak|p2a: Miraidon\n|-damage|p2a: Miraidon|73\/100\n|move|p2a: Miraidon|Electro Drift|p1a: Giratina\n|-resisted|p1a: Giratina\n|-damage|p1a: Giratina|0 fnt\n|faint|p1a: Giratina\n|\n|upkeep\n|\n|t:|1699740373\n|switch|p1a: Koraidon|Koraidon|25\/100\n|-weather|SunnyDay|[from] ability: Orichalcum Pulse|[of] p1a: Koraidon\n|-activate|p1a: Koraidon|Orichalcum Pulse|[source]\n|turn|15\n|\n|t:|1699740382\n|switch|p2a: Landorus|Landorus-Therian, M|20\/100\n|-ability|p2a: Landorus|Intimidate|boost\n|-unboost|p1a: Koraidon|atk|1\n|move|p1a: Koraidon|Dragon Claw|p2a: Landorus\n|-damage|p2a: Landorus|0 fnt\n|-damage|p1a: Koraidon|9\/100|[from] item: Rocky Helmet|[of] p2a: Landorus\n|faint|p2a: Landorus\n|\n|-weather|SunnyDay|[upkeep]\n|-fieldend|move: Electric Terrain\n|upkeep\n|\n|t:|1699740395\n|switch|p2a: Kyogre|Kyogre|61\/100\n|-weather|RainDance|[from] ability: Drizzle|[of] p2a: Kyogre\n|turn|16\n|\n|t:|1699740399\n|switch|p1a: Clodsire|Clodsire, F|100\/100\n|move|p2a: Kyogre|Ice Beam|p1a: Clodsire\n|-supereffective|p1a: Clodsire\n|-damage|p1a: Clodsire|69\/100\n|\n|-weather|RainDance|[upkeep]\n|-heal|p2a: Kyogre|67\/100|[from] item: Leftovers\n|-heal|p1a: Clodsire|75\/100|[from] item: Leftovers\n|upkeep\n|turn|17\n|\n|t:|1699740406\n|move|p2a: Kyogre|Calm Mind|p2a: Kyogre\n|-boost|p2a: Kyogre|spa|1\n|-boost|p2a: Kyogre|spd|1\n|move|p1a: Clodsire|Toxic|p2a: Kyogre\n|-status|p2a: Kyogre|tox\n|\n|-weather|RainDance|[upkeep]\n|-heal|p2a: Kyogre|73\/100 tox|[from] item: Leftovers\n|-heal|p1a: Clodsire|82\/100|[from] item: Leftovers\n|-damage|p2a: Kyogre|67\/100 tox|[from] psn\n|upkeep\n|turn|18\n|\n|t:|1699740414\n|move|p2a: Kyogre|Ice Beam|p1a: Clodsire\n|-supereffective|p1a: Clodsire\n|-damage|p1a: Clodsire|35\/100\n|move|p1a: Clodsire|Recover|p1a: Clodsire\n|-heal|p1a: Clodsire|85\/100\n|\n|-weather|RainDance|[upkeep]\n|-heal|p2a: Kyogre|73\/100 tox|[from] item: Leftovers\n|-heal|p1a: Clodsire|92\/100|[from] item: Leftovers\n|-damage|p2a: Kyogre|61\/100 tox|[from] psn\n|upkeep\n|turn|19\n|inactive|Nael222 has 240 seconds left.\n|\n|t:|1699740424\n|move|p2a: Kyogre|Calm Mind|p2a: Kyogre\n|-boost|p2a: Kyogre|spa|1\n|-boost|p2a: Kyogre|spd|1\n|move|p1a: Clodsire|Spikes|p2a: Kyogre\n|-sidestart|p2: Nael222|Spikes\n|\n|-weather|RainDance|[upkeep]\n|-heal|p2a: Kyogre|67\/100 tox|[from] item: Leftovers\n|-heal|p1a: Clodsire|98\/100|[from] item: Leftovers\n|-damage|p2a: Kyogre|49\/100 tox|[from] psn\n|upkeep\n|turn|20\n|inactive|Taka has 240 seconds left.\n|\n|t:|1699740429\n|move|p2a: Kyogre|Ice Beam|p1a: Clodsire\n|-supereffective|p1a: Clodsire\n|-damage|p1a: Clodsire|35\/100\n|move|p1a: Clodsire|Recover|p1a: Clodsire\n|-heal|p1a: Clodsire|85\/100\n|\n|-weather|none\n|-heal|p2a: Kyogre|55\/100 tox|[from] item: Leftovers\n|-heal|p1a: Clodsire|91\/100|[from] item: Leftovers\n|-damage|p2a: Kyogre|31\/100 tox|[from] psn\n|upkeep\n|turn|21\n|\n|t:|1699740434\n|move|p2a: Kyogre|Ice Beam|p1a: Clodsire\n|-supereffective|p1a: Clodsire\n|-damage|p1a: Clodsire|28\/100\n|move|p1a: Clodsire|Recover|p1a: Clodsire\n|-heal|p1a: Clodsire|78\/100\n|\n|-heal|p2a: Kyogre|37\/100 tox|[from] item: Leftovers\n|-heal|p1a: Clodsire|85\/100|[from] item: Leftovers\n|-damage|p2a: Kyogre|7\/100 tox|[from] psn\n|upkeep\n|turn|22\n|\n|t:|1699740438\n|move|p2a: Kyogre|Ice Beam|p1a: Clodsire\n|-supereffective|p1a: Clodsire\n|-damage|p1a: Clodsire|20\/100\n|move|p1a: Clodsire|Recover|p1a: Clodsire\n|-heal|p1a: Clodsire|70\/100\n|\n|-heal|p2a: Kyogre|13\/100 tox|[from] item: Leftovers\n|-heal|p1a: Clodsire|77\/100|[from] item: Leftovers\n|-damage|p2a: Kyogre|0 fnt|[from] psn\n|faint|p2a: Kyogre\n|upkeep\n|\n|t:|1699740441\n|switch|p2a: Calyrex|Calyrex-Ice|100\/100\n|-ability|p2a: Calyrex|As One\n|-ability|p2a: Calyrex|Unnerve\n|turn|23\n|\n|t:|1699740474\n|move|p2a: Calyrex|Glacial Lance|p1a: Clodsire\n|-supereffective|p1a: Clodsire\n|-damage|p1a: Clodsire|0 fnt\n|faint|p1a: Clodsire\n|-ability|p2a: Calyrex|Chilling Neigh|boost\n|-boost|p2a: Calyrex|atk|1\n|\n|upkeep\n|\n|t:|1699740477\n|switch|p1a: Miraidon|Miraidon|100\/100\n|-fieldstart|move: Electric Terrain|[from] ability: Hadron Engine|[of] p1a: Miraidon\n|turn|24\n|\n|t:|1699740498\n|move|p1a: Miraidon|Draco Meteor|p2a: Calyrex\n|-damage|p2a: Calyrex|3\/100\n|-unboost|p1a: Miraidon|spa|2\n|move|p2a: Calyrex|Trick Room|p2a: Calyrex\n|-fieldstart|move: Trick Room|[of] p2a: Calyrex\n|\n|upkeep\n|turn|25\n|inactive|Nael222 has 270 seconds left.\n|inactive|Taka has 240 seconds left.\n|inactive|Taka has 210 seconds left.\n|inactive|Taka has 180 seconds left.\n|inactive|Taka has 150 seconds left.\n|\n|t:|1699740624\n|switch|p1a: Koraidon|Koraidon|9\/100\n|-weather|SunnyDay|[from] ability: Orichalcum Pulse|[of] p1a: Koraidon\n|-activate|p1a: Koraidon|Orichalcum Pulse|[source]\n|move|p2a: Calyrex|High Horsepower|p1a: Koraidon\n|-damage|p1a: Koraidon|0 fnt\n|faint|p1a: Koraidon\n|-ability|p2a: Calyrex|Chilling Neigh|boost\n|-boost|p2a: Calyrex|atk|1\n|\n|-weather|SunnyDay|[upkeep]\n|upkeep\n|\n|t:|1699740627\n|switch|p1a: Arceus|Arceus|100\/100\n|turn|26\n|\n|t:|1699740634\n|switch|p2a: Arceus|Arceus|78\/100\n|move|p1a: Arceus|Extreme Speed|p2a: Arceus\n|-damage|p2a: Arceus|41\/100\n|\n|-weather|SunnyDay|[upkeep]\n|upkeep\n|turn|27\n|\n|t:|1699740640\n|move|p1a: Arceus|Swords Dance|p1a: Arceus\n|-boost|p1a: Arceus|atk|2\n|move|p2a: Arceus|Recover|p2a: Arceus\n|-heal|p2a: Arceus|91\/100\n|\n|-weather|SunnyDay|[upkeep]\n|upkeep\n|turn|28\n|\n|t:|1699740649\n|move|p1a: Arceus|Taunt|p2a: Arceus\n|-start|p2a: Arceus|move: Taunt\n|cant|p2a: Arceus|move: Taunt|Swords Dance\n|\n|-weather|SunnyDay|[upkeep]\n|-fieldend|move: Trick Room\n|-fieldend|move: Electric Terrain\n|upkeep\n|turn|29\n|\n|t:|1699740650\n|move|p2a: Arceus|Extreme Speed|p1a: Arceus\n|-crit|p1a: Arceus\n|-damage|p1a: Arceus|57\/100\n|move|p1a: Arceus|Extreme Speed|p2a: Arceus\n|-damage|p2a: Arceus|21\/100\n|\n|-weather|none\n|upkeep\n|turn|30\n|\n|t:|1699740652\n|move|p2a: Arceus|Extreme Speed|p1a: Arceus\n|-damage|p1a: Arceus|29\/100\n|move|p1a: Arceus|Extreme Speed|p2a: Arceus\n|-damage|p2a: Arceus|0 fnt\n|faint|p2a: Arceus\n|\n|upkeep\n|\n|t:|1699740655\n|switch|p2a: Miraidon|Miraidon|73\/100\n|-fieldstart|move: Electric Terrain|[from] ability: Hadron Engine|[of] p2a: Miraidon\n|turn|31\n|\n|t:|1699740658\n|move|p1a: Arceus|Extreme Speed|p2a: Miraidon\n|-damage|p2a: Miraidon|0 fnt\n|faint|p2a: Miraidon\n|\n|upkeep\n|c|\u2606Nael222|gg\n|c|\u2606Taka|gg\n|-message|Nael222 forfeited.\n|\n|win|Taka\n","uploadtime":1699740664,"views":123,"p1id":"taka","p2id":"nael222","formatid":"gen9ubers","rating":0,"private":0,"password":""}