{"id":"smogtours-gen9ubers-730362","p1":"SiTuM.","p2":"Exiline","format":"[Gen 9] Ubers","log":"|inactive|Battle timer is ON: inactive players will automatically lose when time's up.\n|t:|1699821305\n|gametype|singles\n|player|p1|SiTuM.|#scl3platoon|\n|player|p2|Exiline|juggler|\n|teamsize|p1|6\n|teamsize|p2|6\n|gen|9\n|tier|[Gen 9] Ubers\n|rule|Sleep Clause Mod: Limit one foe put to sleep\n|rule|Species Clause: Limit one of each Pok\u00e9mon\n|rule|OHKO Clause: OHKO moves are banned\n|rule|Evasion Items Clause: Evasion items are banned\n|rule|Evasion Moves Clause: Evasion moves are banned\n|rule|Endless Battle Clause: Forcing endless battles is banned\n|rule|HP Percentage Mod: HP is shown in percentages\n|clearpoke\n|poke|p1|Kingambit, F|\n|poke|p1|Arceus|\n|poke|p1|Rayquaza|\n|poke|p1|Zacian-*|\n|poke|p1|Glimmora, F|\n|poke|p1|Koraidon|\n|poke|p2|Landorus-Therian, M|\n|poke|p2|Zacian-*|\n|poke|p2|Koraidon|\n|poke|p2|Clodsire, F|\n|poke|p2|Arceus-Ground|\n|poke|p2|Kyogre|\n|teampreview\n|inactive|SiTuM. also wants the timer to be on.\n|raw|<div class=\"broadcast-red\"><strong>Moderated chat was set to \u2606!<\/strong><br \/>Only users of rank \u2606 and higher can talk.<\/div>\n|c|\u2606Exiline|h_f \n|c|\u2606SiTuM.|have fun\n|inactive|SiTuM. has 270 seconds left.\n|inactive|Exiline has 270 seconds left.\n|inactive|SiTuM. has 240 seconds left.\n|inactive|Exiline has 240 seconds left.\n|\n|t:|1699821393\n|start\n|switch|p1a: Glimmora|Glimmora, F|100\/100\n|switch|p2a: Kyogre|Kyogre|100\/100\n|-weather|RainDance|[from] ability: Drizzle|[of] p2a: Kyogre\n|turn|1\n|\n|t:|1699821400\n|move|p2a: Kyogre|Thunder|p1a: Glimmora\n|-damage|p1a: Glimmora|61\/100\n|move|p1a: Glimmora|Stealth Rock|p2a: Kyogre\n|-sidestart|p2: Exiline|move: Stealth Rock\n|\n|-weather|RainDance|[upkeep]\n|upkeep\n|turn|2\n|\n|t:|1699821405\n|move|p2a: Kyogre|Origin Pulse|p1a: Glimmora|[miss]\n|-miss|p2a: Kyogre|p1a: Glimmora\n|move|p1a: Glimmora|Mortal Spin|p2a: Kyogre\n|-damage|p2a: Kyogre|95\/100\n|-status|p2a: Kyogre|psn\n|\n|-weather|RainDance|[upkeep]\n|-heal|p2a: Kyogre|100\/100 psn|[from] item: Leftovers\n|-damage|p2a: Kyogre|88\/100 psn|[from] psn\n|upkeep\n|turn|3\n|\n|t:|1699821411\n|move|p2a: Kyogre|Origin Pulse|p1a: Glimmora|[miss]\n|-miss|p2a: Kyogre|p1a: Glimmora\n|move|p1a: Glimmora|Power Gem|p2a: Kyogre\n|-damage|p2a: Kyogre|63\/100 psn\n|\n|-weather|RainDance|[upkeep]\n|-heal|p2a: Kyogre|69\/100 psn|[from] item: Leftovers\n|-damage|p2a: Kyogre|56\/100 psn|[from] psn\n|upkeep\n|turn|4\n|\n|t:|1699821415\n|move|p2a: Kyogre|Origin Pulse|p1a: Glimmora\n|-supereffective|p1a: Glimmora\n|-damage|p1a: Glimmora|0 fnt\n|faint|p1a: Glimmora\n|\n|-weather|RainDance|[upkeep]\n|-heal|p2a: Kyogre|63\/100 psn|[from] item: Leftovers\n|-damage|p2a: Kyogre|50\/100 psn|[from] psn\n|upkeep\n|inactive|SiTuM. has 270 seconds left.\n|inactive|SiTuM. has 240 seconds left.\n|inactive|SiTuM. has 210 seconds left.\n|inactive|SiTuM. has 180 seconds left.\n|\n|t:|1699821542\n|switch|p1a: Rayquaza|Rayquaza|100\/100\n|-ability|p1a: Rayquaza|Air Lock\n|turn|5\n|\n|t:|1699821557\n|move|p1a: Rayquaza|Dragon Ascent|p2a: Kyogre\n|-damage|p2a: Kyogre|0 fnt\n|-unboost|p1a: Rayquaza|def|1\n|-unboost|p1a: Rayquaza|spd|1\n|faint|p2a: Kyogre\n|-damage|p1a: Rayquaza|91\/100|[from] item: Life Orb\n|\n|-weather|none\n|upkeep\n|inactive|Exiline has 270 seconds left.\n|\n|t:|1699821577\n|switch|p2a: Zacian|Zacian-Crowned|100\/100\n|-damage|p2a: Zacian|94\/100|[from] Stealth Rock\n|-ability|p2a: Zacian|Intrepid Sword|boost\n|-boost|p2a: Zacian|atk|1\n|turn|6\n|inactive|SiTuM. has 180 seconds left.\n|\n|t:|1699821614\n|move|p1a: Rayquaza|Extreme Speed|p2a: Zacian\n|-resisted|p2a: Zacian\n|-damage|p2a: Zacian|74\/100\n|-damage|p1a: Rayquaza|81\/100|[from] item: Life Orb\n|move|p2a: Zacian|Play Rough|p1a: Rayquaza\n|-supereffective|p1a: Rayquaza\n|-damage|p1a: Rayquaza|0 fnt\n|faint|p1a: Rayquaza\n|\n|upkeep\n|\n|t:|1699821621\n|switch|p1a: Zacian|Zacian-Crowned|100\/100\n|-ability|p1a: Zacian|Intrepid Sword|boost\n|-boost|p1a: Zacian|atk|1\n|turn|7\n|\n|t:|1699821645\n|-terastallize|p2a: Zacian|Steel\n|move|p2a: Zacian|Behemoth Blade|p1a: Zacian\n|-damage|p1a: Zacian|0 fnt\n|faint|p1a: Zacian\n|\n|upkeep\n|\n|t:|1699821657\n|switch|p1a: Arceus|Arceus|100\/100\n|turn|8\n|\n|t:|1699821662\n|move|p2a: Zacian|Behemoth Blade|p1a: Arceus\n|-damage|p1a: Arceus|20\/100\n|move|p1a: Arceus|Earthquake|p2a: Zacian\n|-supereffective|p2a: Zacian\n|-damage|p2a: Zacian|11\/100\n|\n|-heal|p1a: Arceus|26\/100|[from] item: Leftovers\n|upkeep\n|turn|9\n|\n|t:|1699821670\n|switch|p2a: Clodsire|Clodsire, F|100\/100\n|move|p1a: Arceus|Extreme Speed|p2a: Clodsire\n|-damage|p2a: Clodsire|49\/100\n|\n|-heal|p1a: Arceus|32\/100|[from] item: Leftovers\n|upkeep\n|turn|10\n|\n|t:|1699821679\n|switch|p2a: Landorus|Landorus-Therian, M|100\/100\n|-damage|p2a: Landorus|88\/100|[from] Stealth Rock\n|-ability|p2a: Landorus|Intimidate|boost\n|-unboost|p1a: Arceus|atk|1\n|move|p1a: Arceus|Swords Dance|p1a: Arceus\n|-boost|p1a: Arceus|atk|2\n|\n|-heal|p1a: Arceus|38\/100|[from] item: Leftovers\n|upkeep\n|turn|11\n|\n|t:|1699821689\n|move|p1a: Arceus|Extreme Speed|p2a: Landorus\n|-damage|p2a: Landorus|42\/100\n|-damage|p1a: Arceus|21\/100|[from] item: Rocky Helmet|[of] p2a: Landorus\n|move|p2a: Landorus|Earthquake|p1a: Arceus\n|-damage|p1a: Arceus|0 fnt\n|faint|p1a: Arceus\n|\n|upkeep\n|\n|t:|1699821697\n|switch|p1a: Koraidon|Koraidon|100\/100\n|-weather|SunnyDay|[from] ability: Orichalcum Pulse|[of] p1a: Koraidon\n|-activate|p1a: Koraidon|Orichalcum Pulse|[source]\n|turn|12\n|\n|t:|1699821703\n|move|p1a: Koraidon|Scale Shot|p2a: Landorus\n|-damage|p2a: Landorus|29\/100\n|-damage|p2a: Landorus|15\/100\n|-damage|p2a: Landorus|2\/100\n|-damage|p2a: Landorus|0 fnt\n|faint|p2a: Landorus\n|-hitcount|p2: Landorus|4\n|-unboost|p1a: Koraidon|def|1\n|-boost|p1a: Koraidon|spe|1\n|\n|-weather|SunnyDay|[upkeep]\n|upkeep\n|inactive|Exiline has 270 seconds left.\n|\n|t:|1699821755\n|switch|p2a: Arceus|Arceus-Ground|100\/100\n|-damage|p2a: Arceus|94\/100|[from] Stealth Rock\n|turn|13\n|inactive|Exiline has 240 seconds left.\n|\n|t:|1699821784\n|move|p1a: Koraidon|Swords Dance|p1a: Koraidon\n|-boost|p1a: Koraidon|atk|2\n|move|p2a: Arceus|Judgment|p1a: Koraidon\n|-damage|p1a: Koraidon|50\/100\n|\n|-weather|SunnyDay|[upkeep]\n|upkeep\n|turn|14\n|inactive|Exiline has 240 seconds left.\n|inactive|SiTuM. has 210 seconds left.\n|\n|t:|1699821823\n|switch|p2a: Zacian|Zacian-Crowned, tera:Steel|11\/100\n|-damage|p2a: Zacian|4\/100|[from] Stealth Rock\n|-terastallize|p1a: Koraidon|Fire\n|move|p1a: Koraidon|Flare Blitz|p2a: Zacian\n|-supereffective|p2a: Zacian\n|-damage|p2a: Zacian|0 fnt\n|faint|p2a: Zacian\n|-damage|p1a: Koraidon|49\/100|[from] Recoil\n|\n|-weather|SunnyDay|[upkeep]\n|upkeep\n|inactive|Exiline has 240 seconds left.\n|\n|t:|1699821838\n|switch|p2a: Koraidon|Koraidon|100\/100\n|-damage|p2a: Koraidon|94\/100|[from] Stealth Rock\n|-activate|p2a: Koraidon|ability: Orichalcum Pulse\n|turn|15\n|inactive|Exiline has 240 seconds left.\n|\n|t:|1699821853\n|move|p2a: Koraidon|Low Kick|p1a: Koraidon\n|-damage|p1a: Koraidon|0 fnt\n|faint|p1a: Koraidon\n|\n|-weather|SunnyDay|[upkeep]\n|upkeep\n|c|\u2606Exiline|epic \n|c|\u2606Exiline|g_g \n|inactive|SiTuM. has 210 seconds left.\n|c|\u2606SiTuM.|ss ubers moment\n|c|\u2606SiTuM.|sorry team\n|-message|SiTuM. forfeited.\n|\n|win|Exiline\n|c|\u2606SiTuM.|good game\n","uploadtime":1699821879,"views":276,"p1id":"situm","p2id":"exiline","formatid":"gen9ubers","rating":0,"private":0,"password":""}