{"id":"smogtours-gen9ubers-731740","p1":"SiTuM.","p2":"I\u2665CATGIRLS","format":"[Gen 9] Ubers","log":"|inactive|Battle timer is ON: inactive players will automatically lose when time's up.\n|t:|1700428856\n|gametype|singles\n|player|p1|SiTuM.|lucas|\n|player|p2|I\u2665CATGIRLS|winona-gen3|\n|teamsize|p1|6\n|teamsize|p2|6\n|gen|9\n|tier|[Gen 9] Ubers\n|rule|Sleep Clause Mod: Limit one foe put to sleep\n|rule|Species Clause: Limit one of each Pok\u00e9mon\n|rule|OHKO Clause: OHKO moves are banned\n|rule|Evasion Items Clause: Evasion items are banned\n|rule|Evasion Moves Clause: Evasion moves are banned\n|rule|Endless Battle Clause: Forcing endless battles is banned\n|rule|HP Percentage Mod: HP is shown in percentages\n|clearpoke\n|poke|p1|Arceus-Water|\n|poke|p1|Miraidon|\n|poke|p1|Clodsire, F|\n|poke|p1|Landorus-Therian, M|\n|poke|p1|Zacian-*|\n|poke|p1|Giratina-Origin|\n|poke|p2|Kyogre|\n|poke|p2|Giratina-Origin|\n|poke|p2|Arceus-Ground|\n|poke|p2|Zacian-*|\n|poke|p2|Ting-Lu|\n|poke|p2|Koraidon|\n|teampreview\n|inactive|I\u2665CATGIRLS also wants the timer to be on.\n|inactive|SiTuM. also wants the timer to be on.\n|raw|<div class=\"broadcast-red\"><strong>Moderated chat was set to \u2606!<\/strong><br \/>Only users of rank \u2606 and higher can talk.<\/div>\n|c|\u2606SiTuM.|have fun\n|inactive|SiTuM. has 270 seconds left.\n|inactive|I\u2665CATGIRLS has 270 seconds left.\n|c|\u2606I\u2665CATGIRLS|good luck have fun\n|inactive|SiTuM. has 240 seconds left.\n|inactive|I\u2665CATGIRLS has 240 seconds left.\n|inactive|I\u2665CATGIRLS has 210 seconds left.\n|\n|t:|1700428947\n|start\n|switch|p1a: Miraidon|Miraidon|100\/100\n|switch|p2a: dont run dont trip|Arceus-Ground|100\/100\n|-fieldstart|move: Electric Terrain|[from] ability: Hadron Engine|[of] p1a: Miraidon\n|turn|1\n|inactive|I\u2665CATGIRLS has 270 seconds left.\n|\n|t:|1700428986\n|move|p1a: Miraidon|U-turn|p2a: dont run dont trip\n|-damage|p2a: dont run dont trip|93\/100\n|\n|t:|1700428992\n|switch|p1a: Arceus|Arceus-Water|100\/100|[from] U-turn\n|move|p2a: dont run dont trip|Judgment|p1a: Arceus\n|-damage|p1a: Arceus|71\/100\n|\n|upkeep\n|turn|2\n|inactive|I\u2665CATGIRLS has 240 seconds left.\n|\n|t:|1700429016\n|switch|p2a: Ting-Lu|Ting-Lu|100\/100\n|-ability|p2a: Ting-Lu|Vessel of Ruin\n|move|p1a: Arceus|Judgment|p2a: Ting-Lu\n|-supereffective|p2a: Ting-Lu\n|-damage|p2a: Ting-Lu|57\/100\n|\n|-heal|p2a: Ting-Lu|64\/100|[from] item: Leftovers\n|upkeep\n|turn|3\n|\n|t:|1700429024\n|move|p1a: Arceus|Judgment|p2a: Ting-Lu\n|-supereffective|p2a: Ting-Lu\n|-damage|p2a: Ting-Lu|26\/100\n|move|p2a: Ting-Lu|Stealth Rock|p1a: Arceus\n|-sidestart|p1: SiTuM.|move: Stealth Rock\n|\n|-heal|p2a: Ting-Lu|32\/100|[from] item: Leftovers\n|upkeep\n|turn|4\n|\n|t:|1700429031\n|switch|p2a: Kyogre|Kyogre|100\/100\n|-weather|RainDance|[from] ability: Drizzle|[of] p2a: Kyogre\n|move|p1a: Arceus|Judgment|p2a: Kyogre\n|-resisted|p2a: Kyogre\n|-damage|p2a: Kyogre|77\/100\n|\n|-weather|RainDance|[upkeep]\n|upkeep\n|turn|5\n|inactive|I\u2665CATGIRLS has 240 seconds left.\n|inactive|I\u2665CATGIRLS has 210 seconds left.\n|inactive|I\u2665CATGIRLS has 180 seconds left.\n|\n|t:|1700429120\n|switch|p1a: Clodsire|Clodsire, F|100\/100\n|switch|p2a: Giratina|Giratina-Origin|100\/100\n|\n|-weather|RainDance|[upkeep]\n|-fieldend|move: Electric Terrain\n|upkeep\n|turn|6\n|inactive|I\u2665CATGIRLS has 180 seconds left.\n|\n|t:|1700429134\n|switch|p1a: Arceus|Arceus-Water|71\/100\n|-damage|p1a: Arceus|59\/100|[from] Stealth Rock\n|move|p2a: Giratina|Poltergeist|p1a: Arceus\n|-activate|p1a: Arceus|move: Poltergeist|Splash Plate\n|-damage|p1a: Arceus|21\/100\n|\n|-weather|RainDance|[upkeep]\n|upkeep\n|turn|7\n|inactive|I\u2665CATGIRLS has 180 seconds left.\n|\n|t:|1700429156\n|move|p1a: Arceus|Recover|p1a: Arceus\n|-heal|p1a: Arceus|71\/100\n|move|p2a: Giratina|Dragon Tail|p1a: Arceus|[miss]\n|-miss|p2a: Giratina|p1a: Arceus\n|\n|-weather|RainDance|[upkeep]\n|upkeep\n|turn|8\n|\n|t:|1700429171\n|switch|p2a: Kyogre|Kyogre|77\/100\n|move|p1a: Arceus|Recover|p1a: Arceus\n|-heal|p1a: Arceus|100\/100\n|\n|-weather|none\n|upkeep\n|turn|9\n|\n|t:|1700429184\n|switch|p1a: Clodsire|Clodsire, F|100\/100\n|move|p2a: Kyogre|Ice Beam|p1a: Clodsire\n|-supereffective|p1a: Clodsire\n|-damage|p1a: Clodsire|70\/100\n|\n|upkeep\n|turn|10\n|\n|t:|1700429199\n|switch|p2a: victory royale|Zacian-Crowned, shiny|100\/100\n|-ability|p2a: victory royale|Intrepid Sword|boost\n|-boost|p2a: victory royale|atk|1\n|move|p1a: Clodsire|Toxic|p2a: victory royale\n|-immune|p2a: victory royale\n|\n|upkeep\n|turn|11\n|\n|t:|1700429217\n|switch|p1a: Landorus|Landorus-Therian, M|100\/100\n|-damage|p1a: Landorus|88\/100|[from] Stealth Rock\n|-ability|p1a: Landorus|Intimidate|boost\n|-unboost|p2a: victory royale|atk|1\n|move|p2a: victory royale|Swords Dance|p2a: victory royale\n|-boost|p2a: victory royale|atk|2\n|\n|upkeep\n|turn|12\n|inactive|I\u2665CATGIRLS has 150 seconds left.\n|\n|t:|1700429261\n|move|p2a: victory royale|Behemoth Blade|p1a: Landorus\n|-damage|p1a: Landorus|10\/100\n|-damage|p2a: victory royale|84\/100|[from] item: Rocky Helmet|[of] p1a: Landorus\n|move|p1a: Landorus|Earthquake|p2a: victory royale\n|-supereffective|p2a: victory royale\n|-crit|p2a: victory royale\n|-damage|p2a: victory royale|0 fnt\n|faint|p2a: victory royale\n|\n|upkeep\n|inactive|I\u2665CATGIRLS has 120 seconds left.\n|\n|t:|1700429283\n|switch|p2a: Koraidon|Koraidon|100\/100\n|-weather|SunnyDay|[from] ability: Orichalcum Pulse|[of] p2a: Koraidon\n|-activate|p2a: Koraidon|Orichalcum Pulse|[source]\n|turn|13\n|\n|t:|1700429303\n|move|p2a: Koraidon|U-turn|p1a: Landorus\n|-resisted|p1a: Landorus\n|-damage|p1a: Landorus|0 fnt\n|-damage|p2a: Koraidon|84\/100|[from] item: Rocky Helmet|[of] p1a: Landorus\n|faint|p1a: Landorus\n|\n|t:|1700429307\n|switch|p2a: Kyogre|Kyogre|77\/100|[from] U-turn\n|-weather|RainDance|[from] ability: Drizzle|[of] p2a: Kyogre\n|\n|-weather|RainDance|[upkeep]\n|upkeep\n|inactive|SiTuM. has 270 seconds left.\n|inactive|SiTuM. has 240 seconds left.\n|\n|t:|1700429374\n|switch|p1a: Clodsire|Clodsire, F|70\/100\n|turn|14\n|inactive|I\u2665CATGIRLS has 120 seconds left.\n|\n|t:|1700429407\n|switch|p2a: Ting-Lu|Ting-Lu|32\/100\n|-ability|p2a: Ting-Lu|Vessel of Ruin\n|move|p1a: Clodsire|Toxic|p2a: Ting-Lu\n|-status|p2a: Ting-Lu|tox\n|\n|-weather|RainDance|[upkeep]\n|-heal|p2a: Ting-Lu|38\/100 tox|[from] item: Leftovers\n|-damage|p2a: Ting-Lu|32\/100 tox|[from] psn\n|upkeep\n|turn|15\n|\n|t:|1700429417\n|switch|p1a: Giratina|Giratina-Origin|100\/100\n|-damage|p1a: Giratina|88\/100|[from] Stealth Rock\n|move|p2a: Ting-Lu|Ruination|p1a: Giratina\n|-damage|p1a: Giratina|44\/100\n|\n|-weather|RainDance|[upkeep]\n|-heal|p2a: Ting-Lu|38\/100 tox|[from] item: Leftovers\n|-damage|p2a: Ting-Lu|26\/100 tox|[from] psn\n|upkeep\n|turn|16\n|inactive|I\u2665CATGIRLS has 90 seconds left.\n|\n|t:|1700429445\n|switch|p2a: Kyogre|Kyogre|77\/100\n|move|p1a: Giratina|Defog|p2a: Kyogre\n|-unboost|p2a: Kyogre|evasion|1\n|-sideend|p1: SiTuM.|Stealth Rock|[from] move: Defog|[of] p1a: Giratina\n|\n|-weather|RainDance|[upkeep]\n|upkeep\n|turn|17\n|\n|t:|1700429453\n|switch|p1a: Clodsire|Clodsire, F|70\/100\n|move|p2a: Kyogre|Ice Beam|p1a: Clodsire\n|-supereffective|p1a: Clodsire\n|-damage|p1a: Clodsire|39\/100\n|\n|-weather|none\n|upkeep\n|turn|18\n|inactive|I\u2665CATGIRLS has 90 seconds left.\n|\n|t:|1700429458\n|switch|p2a: Ting-Lu|Ting-Lu|26\/100 tox\n|-ability|p2a: Ting-Lu|Vessel of Ruin\n|move|p1a: Clodsire|Recover|p1a: Clodsire\n|-heal|p1a: Clodsire|89\/100\n|\n|-heal|p2a: Ting-Lu|32\/100 tox|[from] item: Leftovers\n|-damage|p2a: Ting-Lu|26\/100 tox|[from] psn\n|upkeep\n|turn|19\n|\n|t:|1700429461\n|switch|p1a: Giratina|Giratina-Origin|44\/100\n|move|p2a: Ting-Lu|Stealth Rock|p1a: Giratina\n|-sidestart|p1: SiTuM.|move: Stealth Rock\n|\n|-heal|p2a: Ting-Lu|32\/100 tox|[from] item: Leftovers\n|-damage|p2a: Ting-Lu|20\/100 tox|[from] psn\n|upkeep\n|turn|20\n|inactive|I\u2665CATGIRLS has 90 seconds left.\n|\n|t:|1700429483\n|switch|p2a: Kyogre|Kyogre|77\/100\n|-weather|RainDance|[from] ability: Drizzle|[of] p2a: Kyogre\n|move|p1a: Giratina|Defog|p2a: Kyogre\n|-unboost|p2a: Kyogre|evasion|1\n|-sideend|p1: SiTuM.|Stealth Rock|[from] move: Defog|[of] p1a: Giratina\n|\n|-weather|RainDance|[upkeep]\n|upkeep\n|turn|21\n|\n|t:|1700429489\n|switch|p1a: Clodsire|Clodsire, F|89\/100\n|move|p2a: Kyogre|Ice Beam|p1a: Clodsire\n|-supereffective|p1a: Clodsire\n|-damage|p1a: Clodsire|60\/100\n|\n|-weather|RainDance|[upkeep]\n|upkeep\n|turn|22\n|\n|t:|1700429491\n|switch|p2a: Ting-Lu|Ting-Lu|20\/100 tox\n|-ability|p2a: Ting-Lu|Vessel of Ruin\n|move|p1a: Clodsire|Recover|p1a: Clodsire\n|-heal|p1a: Clodsire|100\/100\n|\n|-weather|RainDance|[upkeep]\n|-heal|p2a: Ting-Lu|26\/100 tox|[from] item: Leftovers\n|-damage|p2a: Ting-Lu|20\/100 tox|[from] psn\n|upkeep\n|turn|23\n|\n|t:|1700429498\n|switch|p1a: Giratina|Giratina-Origin|44\/100\n|move|p2a: Ting-Lu|Stealth Rock|p1a: Giratina\n|-sidestart|p1: SiTuM.|move: Stealth Rock\n|\n|-weather|RainDance|[upkeep]\n|-heal|p2a: Ting-Lu|26\/100 tox|[from] item: Leftovers\n|-damage|p2a: Ting-Lu|13\/100 tox|[from] psn\n|upkeep\n|turn|24\n|inactive|I\u2665CATGIRLS has 120 seconds left.\n|\n|t:|1700429522\n|switch|p2a: Kyogre|Kyogre|77\/100\n|move|p1a: Giratina|Defog|p2a: Kyogre\n|-unboost|p2a: Kyogre|evasion|1\n|-sideend|p1: SiTuM.|Stealth Rock|[from] move: Defog|[of] p1a: Giratina\n|\n|-weather|none\n|upkeep\n|turn|25\n|\n|t:|1700429524\n|switch|p1a: Clodsire|Clodsire, F|100\/100\n|move|p2a: Kyogre|Ice Beam|p1a: Clodsire\n|-supereffective|p1a: Clodsire\n|-damage|p1a: Clodsire|70\/100\n|\n|upkeep\n|turn|26\n|inactive|I\u2665CATGIRLS has 120 seconds left.\n|\n|t:|1700429531\n|move|p2a: Kyogre|Ice Beam|p1a: Clodsire\n|-supereffective|p1a: Clodsire\n|-damage|p1a: Clodsire|38\/100\n|move|p1a: Clodsire|Earthquake|p2a: Kyogre\n|-damage|p2a: Kyogre|60\/100\n|\n|upkeep\n|turn|27\n|\n|t:|1700429535\n|move|p2a: Kyogre|Ice Beam|p1a: Clodsire\n|-supereffective|p1a: Clodsire\n|-damage|p1a: Clodsire|8\/100\n|move|p1a: Clodsire|Recover|p1a: Clodsire\n|-heal|p1a: Clodsire|58\/100\n|\n|upkeep\n|turn|28\n|\n|t:|1700429537\n|move|p2a: Kyogre|Ice Beam|p1a: Clodsire\n|-supereffective|p1a: Clodsire\n|-damage|p1a: Clodsire|28\/100\n|move|p1a: Clodsire|Recover|p1a: Clodsire\n|-heal|p1a: Clodsire|78\/100\n|\n|upkeep\n|turn|29\n|\n|t:|1700429541\n|move|p2a: Kyogre|Ice Beam|p1a: Clodsire\n|-supereffective|p1a: Clodsire\n|-damage|p1a: Clodsire|46\/100\n|move|p1a: Clodsire|Spikes|p2a: Kyogre\n|-sidestart|p2: I\u2665CATGIRLS|Spikes\n|\n|upkeep\n|turn|30\n|\n|t:|1700429545\n|move|p2a: Kyogre|Ice Beam|p1a: Clodsire\n|-supereffective|p1a: Clodsire\n|-damage|p1a: Clodsire|17\/100\n|move|p1a: Clodsire|Recover|p1a: Clodsire\n|-heal|p1a: Clodsire|67\/100\n|\n|upkeep\n|turn|31\n|\n|t:|1700429549\n|switch|p1a: Zacian|Zacian-Crowned|100\/100\n|-ability|p1a: Zacian|Intrepid Sword|boost\n|-boost|p1a: Zacian|atk|1\n|move|p2a: Kyogre|Ice Beam|p1a: Zacian\n|-resisted|p1a: Zacian\n|-damage|p1a: Zacian|88\/100\n|\n|upkeep\n|turn|32\n|inactive|I\u2665CATGIRLS has 150 seconds left.\n|\n|t:|1700429580\n|move|p1a: Zacian|Wild Charge|p2a: Kyogre\n|-supereffective|p2a: Kyogre\n|-damage|p2a: Kyogre|2\/100\n|-damage|p1a: Zacian|73\/100|[from] Recoil\n|move|p2a: Kyogre|Surf|p1a: Zacian\n|-damage|p1a: Zacian|36\/100\n|\n|upkeep\n|turn|33\n|inactive|I\u2665CATGIRLS has 150 seconds left.\n|inactive|SiTuM. has 270 seconds left.\n|\n|t:|1700429616\n|move|p1a: Zacian|Behemoth Blade|p2a: Kyogre\n|-resisted|p2a: Kyogre\n|-damage|p2a: Kyogre|0 fnt\n|faint|p2a: Kyogre\n|\n|upkeep\n|\n|t:|1700429618\n|switch|p2a: Koraidon|Koraidon|84\/100\n|-damage|p2a: Koraidon|72\/100|[from] Spikes\n|-weather|SunnyDay|[from] ability: Orichalcum Pulse|[of] p2a: Koraidon\n|-activate|p2a: Koraidon|Orichalcum Pulse|[source]\n|turn|34\n|inactive|SiTuM. has 270 seconds left.\n|\n|t:|1700429646\n|switch|p1a: Clodsire|Clodsire, F|67\/100\n|move|p2a: Koraidon|Flare Blitz|p1a: Clodsire\n|-damage|p1a: Clodsire|0 fnt\n|faint|p1a: Clodsire\n|-damage|p2a: Koraidon|42\/100|[from] Recoil\n|\n|-weather|SunnyDay|[upkeep]\n|upkeep\n|\n|t:|1700429659\n|switch|p1a: Arceus|Arceus-Water|100\/100\n|turn|35\n|\n|t:|1700429667\n|switch|p2a: Ting-Lu|Ting-Lu|13\/100 tox\n|-damage|p2a: Ting-Lu|1\/100 tox|[from] Spikes\n|-ability|p2a: Ting-Lu|Vessel of Ruin\n|move|p1a: Arceus|Calm Mind|p1a: Arceus\n|-boost|p1a: Arceus|spa|1\n|-boost|p1a: Arceus|spd|1\n|\n|-weather|SunnyDay|[upkeep]\n|-heal|p2a: Ting-Lu|7\/100 tox|[from] item: Leftovers\n|-damage|p2a: Ting-Lu|1\/100 tox|[from] psn\n|upkeep\n|turn|36\n|inactive|SiTuM. has 270 seconds left.\n|\n|t:|1700429674\n|move|p1a: Arceus|Judgment|p2a: Ting-Lu\n|-supereffective|p2a: Ting-Lu\n|-damage|p2a: Ting-Lu|0 fnt\n|faint|p2a: Ting-Lu\n|\n|-weather|SunnyDay|[upkeep]\n|upkeep\n|\n|t:|1700429681\n|switch|p2a: Giratina|Giratina-Origin|100\/100\n|turn|37\n|\n|t:|1700429683\n|move|p1a: Arceus|Ice Beam|p2a: Giratina\n|-supereffective|p2a: Giratina\n|-damage|p2a: Giratina|47\/100\n|move|p2a: Giratina|Dragon Tail|p1a: Arceus\n|-damage|p1a: Arceus|81\/100\n|drag|p1a: Zacian|Zacian-Crowned|36\/100\n|\n|-weather|SunnyDay|[upkeep]\n|upkeep\n|turn|38\n|inactive|I\u2665CATGIRLS has 150 seconds left.\n|\n|t:|1700429711\n|move|p2a: Giratina|Shadow Sneak|p1a: Zacian\n|-damage|p1a: Zacian|15\/100\n|move|p1a: Zacian|Play Rough|p2a: Giratina|[miss]\n|-miss|p1a: Zacian|p2a: Giratina\n|\n|-weather|none\n|upkeep\n|turn|39\n|\n|t:|1700429716\n|switch|p1a: Miraidon|Miraidon|100\/100\n|-fieldstart|move: Electric Terrain|[from] ability: Hadron Engine|[of] p1a: Miraidon\n|move|p2a: Giratina|Shadow Sneak|p1a: Miraidon\n|-damage|p1a: Miraidon|72\/100\n|\n|upkeep\n|turn|40\n|inactive|I\u2665CATGIRLS has 150 seconds left.\n|\n|t:|1700429738\n|move|p1a: Miraidon|Draco Meteor|p2a: Giratina\n|-supereffective|p2a: Giratina\n|-damage|p2a: Giratina|0 fnt\n|-unboost|p1a: Miraidon|spa|2\n|faint|p2a: Giratina\n|\n|upkeep\n|\n|t:|1700429740\n|switch|p2a: dont run dont trip|Arceus-Ground|93\/100\n|-damage|p2a: dont run dont trip|81\/100|[from] Spikes\n|turn|41\n|\n|t:|1700429776\n|switch|p1a: Arceus|Arceus-Water|81\/100\n|move|p2a: dont run dont trip|Calm Mind|p2a: dont run dont trip\n|-boost|p2a: dont run dont trip|spa|1\n|-boost|p2a: dont run dont trip|spd|1\n|\n|upkeep\n|turn|42\n|\n|t:|1700429798\n|-terastallize|p2a: dont run dont trip|Poison\n|move|p2a: dont run dont trip|Judgment|p1a: Arceus\n|-damage|p1a: Arceus|37\/100\n|move|p1a: Arceus|Recover|p1a: Arceus\n|-heal|p1a: Arceus|88\/100\n|\n|upkeep\n|turn|43\n|\n|t:|1700429802\n|move|p2a: dont run dont trip|Judgment|p1a: Arceus\n|-damage|p1a: Arceus|42\/100\n|move|p1a: Arceus|Calm Mind|p1a: Arceus\n|-boost|p1a: Arceus|spa|1\n|-boost|p1a: Arceus|spd|1\n|\n|-fieldend|move: Electric Terrain\n|upkeep\n|turn|44\n|\n|t:|1700429805\n|move|p2a: dont run dont trip|Calm Mind|p2a: dont run dont trip\n|-boost|p2a: dont run dont trip|spa|1\n|-boost|p2a: dont run dont trip|spd|1\n|move|p1a: Arceus|Recover|p1a: Arceus\n|-heal|p1a: Arceus|92\/100\n|\n|upkeep\n|turn|45\n|\n|t:|1700429807\n|move|p2a: dont run dont trip|Judgment|p1a: Arceus\n|-damage|p1a: Arceus|55\/100\n|move|p1a: Arceus|Calm Mind|p1a: Arceus\n|-boost|p1a: Arceus|spa|1\n|-boost|p1a: Arceus|spd|1\n|\n|upkeep\n|turn|46\n|\n|t:|1700429811\n|move|p2a: dont run dont trip|Calm Mind|p2a: dont run dont trip\n|-boost|p2a: dont run dont trip|spa|1\n|-boost|p2a: dont run dont trip|spd|1\n|move|p1a: Arceus|Recover|p1a: Arceus\n|-heal|p1a: Arceus|100\/100\n|\n|upkeep\n|turn|47\n|\n|t:|1700429815\n|move|p2a: dont run dont trip|Judgment|p1a: Arceus\n|-damage|p1a: Arceus|60\/100\n|move|p1a: Arceus|Calm Mind|p1a: Arceus\n|-boost|p1a: Arceus|spa|1\n|-boost|p1a: Arceus|spd|1\n|\n|upkeep\n|turn|48\n|inactive|I\u2665CATGIRLS has 180 seconds left.\n|\n|t:|1700429833\n|move|p2a: dont run dont trip|Judgment|p1a: Arceus\n|-damage|p1a: Arceus|31\/100\n|move|p1a: Arceus|Recover|p1a: Arceus\n|-heal|p1a: Arceus|81\/100\n|\n|upkeep\n|turn|49\n|\n|t:|1700429837\n|move|p2a: dont run dont trip|Calm Mind|p2a: dont run dont trip\n|-boost|p2a: dont run dont trip|spa|1\n|-boost|p2a: dont run dont trip|spd|1\n|move|p1a: Arceus|Calm Mind|p1a: Arceus\n|-boost|p1a: Arceus|spa|1\n|-boost|p1a: Arceus|spd|1\n|\n|upkeep\n|turn|50\n|\n|t:|1700429841\n|move|p2a: dont run dont trip|Calm Mind|p2a: dont run dont trip\n|-boost|p2a: dont run dont trip|spa|1\n|-boost|p2a: dont run dont trip|spd|1\n|move|p1a: Arceus|Judgment|p2a: dont run dont trip\n|-damage|p2a: dont run dont trip|56\/100\n|\n|upkeep\n|turn|51\n|\n|t:|1700429843\n|move|p2a: dont run dont trip|Recover|p2a: dont run dont trip\n|-heal|p2a: dont run dont trip|100\/100\n|move|p1a: Arceus|Judgment|p2a: dont run dont trip\n|-damage|p2a: dont run dont trip|74\/100\n|\n|upkeep\n|turn|52\n|\n|t:|1700429847\n|move|p2a: dont run dont trip|Judgment|p1a: Arceus\n|-damage|p1a: Arceus|45\/100\n|move|p1a: Arceus|Judgment|p2a: dont run dont trip\n|-damage|p2a: dont run dont trip|48\/100\n|\n|upkeep\n|turn|53\n|\n|t:|1700429852\n|move|p2a: dont run dont trip|Recover|p2a: dont run dont trip\n|-heal|p2a: dont run dont trip|98\/100\n|move|p1a: Arceus|Recover|p1a: Arceus\n|-heal|p1a: Arceus|95\/100\n|\n|upkeep\n|turn|54\n|\n|t:|1700429857\n|move|p2a: dont run dont trip|Calm Mind|p2a: dont run dont trip\n|-boost|p2a: dont run dont trip|spa|1\n|-boost|p2a: dont run dont trip|spd|1\n|move|p1a: Arceus|Judgment|p2a: dont run dont trip\n|-damage|p2a: dont run dont trip|73\/100\n|\n|upkeep\n|turn|55\n|\n|t:|1700429860\n|move|p2a: dont run dont trip|Judgment|p1a: Arceus\n|-damage|p1a: Arceus|54\/100\n|move|p1a: Arceus|Calm Mind|p1a: Arceus\n|-boost|p1a: Arceus|spa|1\n|-boost|p1a: Arceus|spd|1\n|\n|upkeep\n|turn|56\n|\n|t:|1700429864\n|move|p2a: dont run dont trip|Judgment|p1a: Arceus\n|-damage|p1a: Arceus|19\/100\n|move|p1a: Arceus|Recover|p1a: Arceus\n|-heal|p1a: Arceus|69\/100\n|\n|upkeep\n|turn|57\n|\n|t:|1700429867\n|move|p2a: dont run dont trip|Judgment|p1a: Arceus\n|-damage|p1a: Arceus|36\/100\n|move|p1a: Arceus|Judgment|p2a: dont run dont trip\n|-damage|p2a: dont run dont trip|45\/100\n|\n|upkeep\n|turn|58\n|\n|t:|1700429875\n|move|p2a: dont run dont trip|Recover|p2a: dont run dont trip\n|-heal|p2a: dont run dont trip|95\/100\n|move|p1a: Arceus|Judgment|p2a: dont run dont trip\n|-damage|p2a: dont run dont trip|65\/100\n|\n|upkeep\n|turn|59\n|inactive|I\u2665CATGIRLS has 240 seconds left.\n|inactive|I\u2665CATGIRLS has 210 seconds left.\n|\n|t:|1700429953\n|move|p2a: dont run dont trip|Judgment|p1a: Arceus\n|-damage|p1a: Arceus|2\/100\n|move|p1a: Arceus|Judgment|p2a: dont run dont trip\n|-damage|p2a: dont run dont trip|39\/100\n|\n|upkeep\n|turn|60\n|\n|t:|1700429958\n|move|p2a: dont run dont trip|Recover|p2a: dont run dont trip\n|-heal|p2a: dont run dont trip|89\/100\n|move|p1a: Arceus|Judgment|p2a: dont run dont trip\n|-damage|p2a: dont run dont trip|62\/100\n|\n|upkeep\n|turn|61\n|inactive|I\u2665CATGIRLS has 210 seconds left.\n|inactive|I\u2665CATGIRLS has 180 seconds left.\n|\n|t:|1700430021\n|move|p2a: dont run dont trip|Judgment|p1a: Arceus\n|-damage|p1a: Arceus|0 fnt\n|faint|p1a: Arceus\n|\n|upkeep\n|\n|t:|1700430044\n|switch|p1a: Giratina|Giratina-Origin|44\/100\n|turn|62\n|\n|t:|1700430061\n|-terastallize|p1a: Giratina|Steel\n|move|p2a: dont run dont trip|Ice Beam|p1a: Giratina\n|-resisted|p1a: Giratina\n|-damage|p1a: Giratina|12\/100\n|move|p1a: Giratina|Will-O-Wisp|p2a: dont run dont trip\n|-status|p2a: dont run dont trip|brn\n|\n|-damage|p2a: dont run dont trip|56\/100 brn|[from] brn\n|upkeep\n|turn|63\n|inactive|I\u2665CATGIRLS has 150 seconds left.\n|inactive|I\u2665CATGIRLS has 120 seconds left.\n|\n|t:|1700430106\n|move|p2a: dont run dont trip|Ice Beam|p1a: Giratina\n|-resisted|p1a: Giratina\n|-damage|p1a: Giratina|0 fnt\n|faint|p1a: Giratina\n|\n|-damage|p2a: dont run dont trip|50\/100 brn|[from] brn\n|upkeep\n|\n|t:|1700430110\n|switch|p1a: Zacian|Zacian-Crowned|15\/100\n|turn|64\n|\n|t:|1700430114\n|move|p1a: Zacian|Behemoth Blade|p2a: dont run dont trip\n|-damage|p2a: dont run dont trip|23\/100 brn\n|move|p2a: dont run dont trip|Recover|p2a: dont run dont trip\n|-heal|p2a: dont run dont trip|73\/100 brn\n|\n|-damage|p2a: dont run dont trip|67\/100 brn|[from] brn\n|upkeep\n|turn|65\n|\n|t:|1700430122\n|move|p1a: Zacian|Behemoth Blade|p2a: dont run dont trip\n|-damage|p2a: dont run dont trip|37\/100 brn\n|move|p2a: dont run dont trip|Judgment|p1a: Zacian\n|-supereffective|p1a: Zacian\n|-damage|p1a: Zacian|0 fnt\n|faint|p1a: Zacian\n|\n|-damage|p2a: dont run dont trip|31\/100 brn|[from] brn\n|upkeep\n|\n|t:|1700430125\n|switch|p1a: Miraidon|Miraidon|72\/100\n|-fieldstart|move: Electric Terrain|[from] ability: Hadron Engine|[of] p1a: Miraidon\n|turn|66\n|\n|t:|1700430128\n|move|p1a: Miraidon|Draco Meteor|p2a: dont run dont trip\n|-crit|p2a: dont run dont trip\n|-damage|p2a: dont run dont trip|0 fnt\n|-unboost|p1a: Miraidon|spa|2\n|faint|p2a: dont run dont trip\n|\n|upkeep\n|\n|t:|1700430131\n|switch|p2a: Koraidon|Koraidon|42\/100\n|-damage|p2a: Koraidon|30\/100|[from] Spikes\n|-weather|SunnyDay|[from] ability: Orichalcum Pulse|[of] p2a: Koraidon\n|-activate|p2a: Koraidon|Orichalcum Pulse|[source]\n|turn|67\n|\n|t:|1700430133\n|move|p1a: Miraidon|Draco Meteor|p2a: Koraidon\n|-supereffective|p2a: Koraidon\n|-damage|p2a: Koraidon|0 fnt\n|-unboost|p1a: Miraidon|spa|2\n|faint|p2a: Koraidon\n|\n|win|SiTuM.\n|c|\u2606SiTuM.|holy fuck\n|c|\u2606SiTuM.|well i wont say i didnt go for it all along\n|c|\u2606SiTuM.|good game i suppose\n|c|\u2606I\u2665CATGIRLS|Im scarf too\n|c|\u2606SiTuM.|yeah i know\n|c|\u2606I\u2665CATGIRLS|I didnt crit either\n|c|\u2606SiTuM.|sorry abt this man\n|c|\u2606I\u2665CATGIRLS|Is what it is\n|c|\u2606I\u2665CATGIRLS|gg\n","uploadtime":1700430134,"views":193,"p1id":"situm","p2id":"icatgirls","formatid":"gen9ubers","rating":0,"private":0,"password":""}