{"id":"smogtours-gen9ubers-723921","p1":"M Dragon","p2":"RichardMillePlain","format":"[Gen 9] Ubers","log":"|inactive|Battle timer is ON: inactive players will automatically lose when time's up.\n|t:|1697383806\n|gametype|singles\n|player|p1|M Dragon|265|\n|player|p2|RichardMillePlain|lucas|\n|teamsize|p1|6\n|teamsize|p2|6\n|gen|9\n|tier|[Gen 9] Ubers\n|rule|Sleep Clause Mod: Limit one foe put to sleep\n|rule|Species Clause: Limit one of each Pok\u00e9mon\n|rule|OHKO Clause: OHKO moves are banned\n|rule|Evasion Items Clause: Evasion items are banned\n|rule|Evasion Moves Clause: Evasion moves are banned\n|rule|Endless Battle Clause: Forcing endless battles is banned\n|rule|HP Percentage Mod: HP is shown in percentages\n|clearpoke\n|poke|p1|Eternatus|\n|poke|p1|Ting-Lu|\n|poke|p1|Koraidon|\n|poke|p1|Zacian-*|\n|poke|p1|Landorus-Therian, M|\n|poke|p1|Arceus|\n|poke|p2|Skeledirge, F|\n|poke|p2|Clodsire, F|\n|poke|p2|Giratina-Origin|\n|poke|p2|Koraidon|\n|poke|p2|Arceus|\n|poke|p2|Flutter Mane|\n|teampreview\n|c|\u2606RichardMillePlain|hf\n|c|\u2606M Dragon|=\n|inactive|M Dragon has 270 seconds left.\n|inactive|RichardMillePlain has 270 seconds left.\n|inactive|M Dragon has 240 seconds left.\n|inactive|RichardMillePlain has 240 seconds left.\n|inactive|M Dragon has 210 seconds left.\n|inactive|RichardMillePlain has 210 seconds left.\n|\n|t:|1697383923\n|start\n|switch|p1a: Landorus|Landorus-Therian, M|100\/100\n|switch|p2a: Flutter Mane|Flutter Mane|100\/100\n|-ability|p1a: Landorus|Intimidate|boost\n|-unboost|p2a: Flutter Mane|atk|1\n|turn|1\n|\n|t:|1697383933\n|-terastallize|p2a: Flutter Mane|Fairy\n|move|p2a: Flutter Mane|Moonblast|p1a: Landorus\n|-damage|p1a: Landorus|0 fnt\n|faint|p1a: Landorus\n|\n|upkeep\n|\n|t:|1697383944\n|switch|p1a: Zacian|Zacian-Crowned|100\/100\n|-ability|p1a: Zacian|Intrepid Sword|boost\n|-boost|p1a: Zacian|atk|1\n|turn|2\n|\n|t:|1697383950\n|switch|p1a: Ting-Lu|Ting-Lu|100\/100\n|-ability|p1a: Ting-Lu|Vessel of Ruin\n|-end|p2a: Flutter Mane|Protosynthesis|[silent]\n|switch|p2a: Skeledirge|Skeledirge, F|100\/100\n|\n|upkeep\n|turn|3\n|inactive|M Dragon has 270 seconds left.\n|\n|t:|1697383956\n|switch|p2a: Koraidon|Koraidon|100\/100\n|-weather|SunnyDay|[from] ability: Orichalcum Pulse|[of] p2a: Koraidon\n|-activate|p2a: Koraidon|Orichalcum Pulse|[source]\n|move|p1a: Ting-Lu|Spikes|p2a: Koraidon\n|-sidestart|p2: RichardMillePlain|Spikes\n|\n|-weather|SunnyDay|[upkeep]\n|upkeep\n|turn|4\n|inactive|M Dragon has 270 seconds left.\n|inactive|RichardMillePlain has 270 seconds left.\n|\n|t:|1697383983\n|switch|p1a: Zacian|Zacian-Crowned|100\/100\n|move|p2a: Koraidon|Low Kick|p1a: Zacian\n|-damage|p1a: Zacian|16\/100\n|\n|-weather|SunnyDay|[upkeep]\n|upkeep\n|turn|5\n|\n|t:|1697383991\n|move|p2a: Koraidon|Low Kick|p1a: Zacian\n|-damage|p1a: Zacian|0 fnt\n|faint|p1a: Zacian\n|\n|-weather|SunnyDay|[upkeep]\n|upkeep\n|\n|t:|1697384001\n|switch|p1a: Eternatus|Eternatus|100\/100\n|-ability|p1a: Eternatus|Pressure\n|turn|6\n|\n|t:|1697384008\n|switch|p2a: Clodsire|Clodsire, F|100\/100\n|move|p1a: Eternatus|Dynamax Cannon|p2a: Clodsire\n|-damage|p2a: Clodsire|76\/100\n|\n|-weather|SunnyDay|[upkeep]\n|upkeep\n|turn|7\n|inactive|M Dragon has 270 seconds left.\n|\n|t:|1697384014\n|move|p1a: Eternatus|Dynamax Cannon|p2a: Clodsire\n|-damage|p2a: Clodsire|51\/100\n|move|p2a: Clodsire|Spikes|p1a: Eternatus\n|-sidestart|p1: M Dragon|Spikes\n|\n|-weather|none\n|upkeep\n|turn|8\n|\n|t:|1697384017\n|move|p1a: Eternatus|Flamethrower|p2a: Clodsire\n|-damage|p2a: Clodsire|37\/100\n|move|p2a: Clodsire|Recover|p2a: Clodsire\n|-heal|p2a: Clodsire|87\/100\n|\n|upkeep\n|turn|9\n|\n|t:|1697384022\n|move|p1a: Eternatus|Flamethrower|p2a: Clodsire\n|-damage|p2a: Clodsire|71\/100\n|move|p2a: Clodsire|Spikes|p1a: Eternatus\n|-sidestart|p1: M Dragon|Spikes\n|\n|upkeep\n|turn|10\n|\n|t:|1697384025\n|move|p1a: Eternatus|Flamethrower|p2a: Clodsire\n|-damage|p2a: Clodsire|56\/100\n|move|p2a: Clodsire|Spikes|p1a: Eternatus\n|-sidestart|p1: M Dragon|Spikes\n|\n|upkeep\n|turn|11\n|\n|t:|1697384027\n|move|p1a: Eternatus|Flamethrower|p2a: Clodsire\n|-crit|p2a: Clodsire\n|-damage|p2a: Clodsire|32\/100\n|move|p2a: Clodsire|Recover|p2a: Clodsire\n|-heal|p2a: Clodsire|82\/100\n|\n|upkeep\n|turn|12\n|\n|t:|1697384031\n|move|p1a: Eternatus|Flamethrower|p2a: Clodsire\n|-damage|p2a: Clodsire|68\/100\n|-status|p2a: Clodsire|brn\n|move|p2a: Clodsire|Earthquake|p1a: Eternatus\n|-supereffective|p1a: Eternatus\n|-crit|p1a: Eternatus\n|-damage|p1a: Eternatus|73\/100\n|\n|-damage|p2a: Clodsire|62\/100 brn|[from] brn\n|upkeep\n|turn|13\n|\n|t:|1697384040\n|switch|p2a: Flutter Mane|Flutter Mane, tera:Fairy|100\/100\n|-damage|p2a: Flutter Mane|88\/100|[from] Spikes\n|move|p1a: Eternatus|Dynamax Cannon|p2a: Flutter Mane\n|-immune|p2a: Flutter Mane\n|\n|upkeep\n|turn|14\n|\n|t:|1697384048\n|move|p2a: Flutter Mane|Moonblast|p1a: Eternatus\n|-damage|p1a: Eternatus|15\/100\n|move|p1a: Eternatus|Toxic|p2a: Flutter Mane\n|-status|p2a: Flutter Mane|tox\n|\n|-damage|p2a: Flutter Mane|82\/100 tox|[from] psn\n|upkeep\n|turn|15\n|\n|t:|1697384064\n|switch|p1a: Ting-Lu|Ting-Lu|100\/100\n|-damage|p1a: Ting-Lu|76\/100|[from] Spikes\n|-ability|p1a: Ting-Lu|Vessel of Ruin\n|move|p2a: Flutter Mane|Moonblast|p1a: Ting-Lu\n|-supereffective|p1a: Ting-Lu\n|-damage|p1a: Ting-Lu|0 fnt\n|faint|p1a: Ting-Lu\n|\n|-damage|p2a: Flutter Mane|70\/100 tox|[from] psn\n|upkeep\n|\n|t:|1697384067\n|switch|p1a: Arceus|Arceus|100\/100\n|turn|16\n|\n|t:|1697384075\n|-end|p2a: Flutter Mane|Protosynthesis|[silent]\n|switch|p2a: Giratina|Giratina-Origin|100\/100\n|-terastallize|p1a: Arceus|Fire\n|move|p1a: Arceus|Swords Dance|p1a: Arceus\n|-boost|p1a: Arceus|atk|2\n|\n|upkeep\n|turn|17\n|\n|t:|1697384080\n|move|p1a: Arceus|Shadow Claw|p2a: Giratina\n|-supereffective|p2a: Giratina\n|-damage|p2a: Giratina|40\/100\n|move|p2a: Giratina|Dragon Tail|p1a: Arceus|[miss]\n|-miss|p2a: Giratina|p1a: Arceus\n|\n|upkeep\n|turn|18\n|\n|t:|1697384086\n|move|p2a: Giratina|Shadow Sneak|p1a: Arceus\n|-damage|p1a: Arceus|82\/100\n|move|p1a: Arceus|Shadow Claw|p2a: Giratina\n|-supereffective|p2a: Giratina\n|-crit|p2a: Giratina\n|-damage|p2a: Giratina|0 fnt\n|faint|p2a: Giratina\n|\n|upkeep\n|\n|t:|1697384092\n|switch|p2a: Koraidon|Koraidon|100\/100\n|-damage|p2a: Koraidon|88\/100|[from] Spikes\n|-weather|SunnyDay|[from] ability: Orichalcum Pulse|[of] p2a: Koraidon\n|-activate|p2a: Koraidon|Orichalcum Pulse|[source]\n|turn|19\n|\n|t:|1697384114\n|move|p1a: Arceus|Extreme Speed|p2a: Koraidon\n|-damage|p2a: Koraidon|15\/100\n|move|p2a: Koraidon|Low Kick|p1a: Arceus\n|-damage|p1a: Arceus|27\/100\n|\n|-weather|SunnyDay|[upkeep]\n|upkeep\n|turn|20\n|inactive|RichardMillePlain has 270 seconds left.\n|\n|t:|1697384149\n|move|p1a: Arceus|Extreme Speed|p2a: Koraidon\n|-damage|p2a: Koraidon|0 fnt\n|faint|p2a: Koraidon\n|\n|-weather|SunnyDay|[upkeep]\n|upkeep\n|\n|t:|1697384150\n|switch|p2a: Arceus|Arceus|100\/100\n|turn|21\n|\n|t:|1697384156\n|move|p1a: Arceus|Extreme Speed|p2a: Arceus\n|-damage|p2a: Arceus|45\/100\n|move|p2a: Arceus|Extreme Speed|p1a: Arceus\n|-crit|p1a: Arceus\n|-damage|p1a: Arceus|0 fnt\n|faint|p1a: Arceus\n|\n|-weather|SunnyDay|[upkeep]\n|upkeep\n|\n|t:|1697384176\n|switch|p1a: Koraidon|Koraidon|100\/100\n|-damage|p1a: Koraidon|76\/100|[from] Spikes\n|-activate|p1a: Koraidon|ability: Orichalcum Pulse\n|turn|22\n|\n|t:|1697384188\n|move|p2a: Arceus|Extreme Speed|p1a: Koraidon\n|-damage|p1a: Koraidon|35\/100\n|move|p1a: Koraidon|U-turn|p2a: Arceus\n|-damage|p2a: Arceus|21\/100\n|\n|t:|1697384192\n|switch|p1a: Eternatus|Eternatus|15\/100|[from] U-turn\n|-ability|p1a: Eternatus|Pressure\n|\n|-weather|SunnyDay|[upkeep]\n|upkeep\n|turn|23\n|c|\u2606M Dragon|gg\n|c|\u2606RichardMillePlain|gg\n|\n|t:|1697384204\n|move|p2a: Arceus|Extreme Speed|p1a: Eternatus\n|-damage|p1a: Eternatus|0 fnt\n|faint|p1a: Eternatus\n|\n|-weather|none\n|upkeep\n|\n|t:|1697384206\n|switch|p1a: Koraidon|Koraidon|35\/100\n|-damage|p1a: Koraidon|10\/100|[from] Spikes\n|-weather|SunnyDay|[from] ability: Orichalcum Pulse|[of] p1a: Koraidon\n|-activate|p1a: Koraidon|Orichalcum Pulse|[source]\n|turn|24\n|\n|t:|1697384209\n|move|p2a: Arceus|Extreme Speed|p1a: Koraidon\n|-crit|p1a: Koraidon\n|-damage|p1a: Koraidon|0 fnt\n|faint|p1a: Koraidon\n|\n|win|RichardMillePlain\n","uploadtime":1697384210,"views":395,"p1id":"mdragon","p2id":"richardmilleplain","formatid":"gen9ubers","rating":0,"private":0,"password":""}