{"id":"smogtours-gen9ubers-723989","p1":"SiTuM.","p2":"Icemaster","format":"[Gen 9] Ubers","log":"|inactive|Battle timer is ON: inactive players will automatically lose when time's up.\n|t:|1697389805\n|gametype|singles\n|player|p1|SiTuM.|lucas|\n|player|p2|Icemaster|#omplxisolgaleos|\n|teamsize|p1|6\n|teamsize|p2|6\n|gen|9\n|tier|[Gen 9] Ubers\n|rule|Sleep Clause Mod: Limit one foe put to sleep\n|rule|Species Clause: Limit one of each Pok\u00e9mon\n|rule|OHKO Clause: OHKO moves are banned\n|rule|Evasion Items Clause: Evasion items are banned\n|rule|Evasion Moves Clause: Evasion moves are banned\n|rule|Endless Battle Clause: Forcing endless battles is banned\n|rule|HP Percentage Mod: HP is shown in percentages\n|clearpoke\n|poke|p1|Iron Bundle|\n|poke|p1|Miraidon|\n|poke|p1|Arceus-Water|\n|poke|p1|Koraidon|\n|poke|p1|Landorus-Therian, M|\n|poke|p1|Zacian-*|\n|poke|p2|Arceus-Ground|\n|poke|p2|Eternatus|\n|poke|p2|Zacian-*|\n|poke|p2|Landorus-Therian, M|\n|poke|p2|Kyogre|\n|poke|p2|Miraidon|\n|teampreview\n|inactive|SiTuM. also wants the timer to be on.\n|c|\u2606Icemaster|hf\n|c|+blarghlfarghl|u2\n|c|+Lasen|LE CHOUINAY\n|c|\u2606SiTuM.|have fun\n|c|+BlackKnight_Gawain|BIG ICE\n|inactive|SiTuM. has 270 seconds left.\n|inactive|Icemaster has 270 seconds left.\n|c|+clean|cacajao\n|raw|<div class=\"broadcast-red\"><strong>Moderated chat was set to \u2606!<\/strong><br \/>Only users of rank \u2606 and higher can talk.<\/div>\n|\n|t:|1697389862\n|start\n|switch|p1a: Iron Bundle|Iron Bundle|100\/100\n|switch|p2a: Kyogre|Kyogre|100\/100\n|-weather|RainDance|[from] ability: Drizzle|[of] p2a: Kyogre\n|turn|1\n|inactive|SiTuM. has 270 seconds left.\n|inactive|Icemaster has 270 seconds left.\n|inactive|Icemaster has 240 seconds left.\n|\n|t:|1697389927\n|-end|p1a: Iron Bundle|Quark Drive|[silent]\n|switch|p1a: Miraidon|Miraidon|100\/100\n|-fieldstart|move: Electric Terrain|[from] ability: Hadron Engine|[of] p1a: Miraidon\n|move|p2a: Kyogre|Ice Beam|p1a: Miraidon\n|-supereffective|p1a: Miraidon\n|-damage|p1a: Miraidon|43\/100\n|\n|-weather|RainDance|[upkeep]\n|upkeep\n|turn|2\n|inactive|SiTuM. has 270 seconds left.\n|inactive|Icemaster has 240 seconds left.\n|\n|t:|1697389946\n|switch|p2a: Arceus|Arceus-Ground|100\/100\n|move|p1a: Miraidon|U-turn|p2a: Arceus\n|-damage|p2a: Arceus|92\/100\n|\n|t:|1697389951\n|switch|p1a: Iron Bundle|Iron Bundle|100\/100|[from] U-turn\n|-activate|p1a: Iron Bundle|ability: Quark Drive\n|-start|p1a: Iron Bundle|quarkdrivespe\n|\n|-weather|RainDance|[upkeep]\n|upkeep\n|turn|3\n|inactive|Icemaster has 240 seconds left.\n|\n|t:|1697389967\n|switch|p2a: Kyogre|Kyogre|100\/100\n|move|p1a: Iron Bundle|Hydro Pump|p2a: Kyogre\n|-resisted|p2a: Kyogre\n|-damage|p2a: Kyogre|61\/100\n|\n|-weather|RainDance|[upkeep]\n|-heal|p2a: Kyogre|67\/100|[from] item: Leftovers\n|upkeep\n|turn|4\n|inactive|Icemaster has 240 seconds left.\n|inactive|SiTuM. has 270 seconds left.\n|inactive|Icemaster has 210 seconds left.\n|\n|t:|1697390014\n|-end|p1a: Iron Bundle|Quark Drive|[silent]\n|switch|p1a: Miraidon|Miraidon|43\/100\n|-activate|p1a: Miraidon|ability: Hadron Engine\n|move|p2a: Kyogre|Thunder|p1a: Miraidon\n|-resisted|p1a: Miraidon\n|-damage|p1a: Miraidon|31\/100\n|\n|-weather|RainDance|[upkeep]\n|-heal|p2a: Kyogre|73\/100|[from] item: Leftovers\n|upkeep\n|turn|5\n|inactive|SiTuM. has 270 seconds left.\n|inactive|Icemaster has 210 seconds left.\n|\n|t:|1697390034\n|switch|p2a: Arceus|Arceus-Ground|92\/100\n|move|p1a: Miraidon|U-turn|p2a: Arceus\n|-damage|p2a: Arceus|83\/100\n|\n|t:|1697390036\n|switch|p1a: Iron Bundle|Iron Bundle|100\/100|[from] U-turn\n|-activate|p1a: Iron Bundle|ability: Quark Drive\n|-start|p1a: Iron Bundle|quarkdrivespe\n|\n|-weather|none\n|-fieldend|move: Electric Terrain\n|-end|p1a: Iron Bundle|Quark Drive\n|upkeep\n|turn|6\n|\n|t:|1697390044\n|switch|p2a: Eternatus|Eternatus|100\/100\n|-ability|p2a: Eternatus|Pressure\n|move|p1a: Iron Bundle|Ice Beam|p2a: Eternatus\n|-supereffective|p2a: Eternatus\n|-damage|p2a: Eternatus|0 fnt\n|faint|p2a: Eternatus\n|\n|upkeep\n|inactive|Icemaster has 210 seconds left.\n|\n|t:|1697390072\n|switch|p2a: Zacian|Zacian-Crowned|100\/100\n|-ability|p2a: Zacian|Intrepid Sword|boost\n|-boost|p2a: Zacian|atk|1\n|turn|7\n|\n|t:|1697390075\n|-end|p1a: Iron Bundle|Quark Drive|[silent]\n|switch|p1a: Landorus|Landorus-Therian, M|100\/100\n|-ability|p1a: Landorus|Intimidate|boost\n|-unboost|p2a: Zacian|atk|1\n|move|p2a: Zacian|Swords Dance|p2a: Zacian\n|-boost|p2a: Zacian|atk|2\n|\n|upkeep\n|turn|8\n|inactive|Icemaster has 210 seconds left.\n|\n|t:|1697390089\n|-terastallize|p2a: Zacian|Steel\n|move|p2a: Zacian|Behemoth Blade|p1a: Landorus\n|-damage|p1a: Landorus|0 fnt\n|-damage|p2a: Zacian|84\/100|[from] item: Rocky Helmet|[of] p1a: Landorus\n|faint|p1a: Landorus\n|\n|upkeep\n|\n|t:|1697390104\n|switch|p1a: Miraidon|Miraidon|31\/100\n|-fieldstart|move: Electric Terrain|[from] ability: Hadron Engine|[of] p1a: Miraidon\n|turn|9\n|inactive|Icemaster has 210 seconds left.\n|\n|t:|1697390125\n|move|p1a: Miraidon|Overheat|p2a: Zacian|[miss]\n|-miss|p1a: Miraidon|p2a: Zacian\n|move|p2a: Zacian|Behemoth Blade|p1a: Miraidon\n|-resisted|p1a: Miraidon\n|-damage|p1a: Miraidon|0 fnt\n|faint|p1a: Miraidon\n|\n|upkeep\n|c|\u2606Icemaster|sorry\n|c|\u2606SiTuM.|hmm\n|inactive|SiTuM. has 270 seconds left.\n|\n|t:|1697390160\n|switch|p1a: Zacian|Zacian-Crowned|100\/100\n|-ability|p1a: Zacian|Intrepid Sword|boost\n|-boost|p1a: Zacian|atk|1\n|turn|10\n|\n|t:|1697390164\n|-terastallize|p1a: Zacian|Ground\n|move|p1a: Zacian|Tera Blast|p2a: Zacian|[anim] Tera Blast Ground\n|-supereffective|p2a: Zacian\n|-crit|p2a: Zacian\n|-damage|p2a: Zacian|0 fnt\n|faint|p2a: Zacian\n|\n|upkeep\n|inactive|Icemaster has 210 seconds left.\n|inactive|Icemaster has 180 seconds left.\n|\n|t:|1697390207\n|switch|p2a: Landorus|Landorus-Therian, M|100\/100\n|-ability|p2a: Landorus|Intimidate|boost\n|-unboost|p1a: Zacian|atk|1\n|turn|11\n|inactive|Icemaster has 180 seconds left.\n|inactive|SiTuM. has 270 seconds left.\n|\n|t:|1697390245\n|move|p1a: Zacian|Swords Dance|p1a: Zacian\n|-boost|p1a: Zacian|atk|2\n|move|p2a: Landorus|Earthquake|p1a: Zacian\n|-damage|p1a: Zacian|49\/100\n|\n|upkeep\n|turn|12\n|\n|t:|1697390250\n|move|p1a: Zacian|Behemoth Blade|p2a: Landorus\n|-damage|p2a: Landorus|23\/100\n|-damage|p1a: Zacian|33\/100|[from] item: Rocky Helmet|[of] p2a: Landorus\n|move|p2a: Landorus|Earthquake|p1a: Zacian\n|-damage|p1a: Zacian|0 fnt\n|faint|p1a: Zacian\n|\n|upkeep\n|inactive|SiTuM. has 270 seconds left.\n|\n|t:|1697390268\n|switch|p1a: Iron Bundle|Iron Bundle|100\/100\n|-activate|p1a: Iron Bundle|ability: Quark Drive\n|-start|p1a: Iron Bundle|quarkdrivespe\n|turn|13\n|\n|t:|1697390273\n|move|p1a: Iron Bundle|Freeze-Dry|p2a: Landorus\n|-supereffective|p2a: Landorus\n|-damage|p2a: Landorus|0 fnt\n|faint|p2a: Landorus\n|\n|-fieldend|move: Electric Terrain\n|-end|p1a: Iron Bundle|Quark Drive\n|upkeep\n|\n|t:|1697390279\n|switch|p2a: Kyogre|Kyogre|73\/100\n|-weather|RainDance|[from] ability: Drizzle|[of] p2a: Kyogre\n|turn|14\n|\n|t:|1697390282\n|-end|p1a: Iron Bundle|Quark Drive|[silent]\n|switch|p1a: Koraidon|Koraidon|100\/100\n|-weather|SunnyDay|[from] ability: Orichalcum Pulse|[of] p1a: Koraidon\n|-activate|p1a: Koraidon|Orichalcum Pulse|[source]\n|move|p2a: Kyogre|Thunder|p1a: Koraidon\n|-resisted|p1a: Koraidon\n|-crit|p1a: Koraidon\n|-damage|p1a: Koraidon|72\/100\n|-status|p1a: Koraidon|par\n|\n|-weather|SunnyDay|[upkeep]\n|-heal|p2a: Kyogre|80\/100|[from] item: Leftovers\n|upkeep\n|turn|15\n|c|\u2606SiTuM.|hmm\n|inactive|Icemaster has 210 seconds left.\n|\n|t:|1697390310\n|switch|p2a: Arceus|Arceus-Ground|83\/100\n|move|p1a: Koraidon|Low Kick|p2a: Arceus\n|-damage|p2a: Arceus|30\/100\n|\n|-weather|SunnyDay|[upkeep]\n|upkeep\n|turn|16\n|\n|t:|1697390319\n|switch|p1a: Iron Bundle|Iron Bundle|100\/100\n|move|p2a: Arceus|Recover|p2a: Arceus\n|-heal|p2a: Arceus|80\/100\n|\n|-weather|SunnyDay|[upkeep]\n|upkeep\n|turn|17\n|inactive|Icemaster has 180 seconds left.\n|inactive|SiTuM. has 270 seconds left.\n|inactive|Icemaster has 150 seconds left.\n|\n|t:|1697390384\n|move|p1a: Iron Bundle|Ice Beam|p2a: Arceus\n|-supereffective|p2a: Arceus\n|-damage|p2a: Arceus|9\/100\n|move|p2a: Arceus|Dragon Dance|p2a: Arceus\n|-boost|p2a: Arceus|atk|1\n|-boost|p2a: Arceus|spe|1\n|\n|-weather|SunnyDay|[upkeep]\n|upkeep\n|turn|18\n|inactive|Icemaster has 150 seconds left.\n|inactive|SiTuM. has 270 seconds left.\n|\n|t:|1697390418\n|-end|p1a: Iron Bundle|Quark Drive|[silent]\n|switch|p1a: Koraidon|Koraidon|72\/100 par\n|-activate|p1a: Koraidon|ability: Orichalcum Pulse\n|move|p2a: Arceus|Earthquake|p1a: Koraidon\n|-damage|p1a: Koraidon|3\/100 par\n|\n|-weather|none\n|upkeep\n|turn|19\n|\n|t:|1697390429\n|move|p2a: Arceus|Recover|p2a: Arceus\n|-heal|p2a: Arceus|59\/100\n|move|p1a: Koraidon|Scale Shot|p2a: Arceus\n|-damage|p2a: Arceus|49\/100\n|-damage|p2a: Arceus|41\/100\n|-damage|p2a: Arceus|32\/100\n|-damage|p2a: Arceus|22\/100\n|-hitcount|p2a: Arceus|4\n|-unboost|p1a: Koraidon|def|1\n|-boost|p1a: Koraidon|spe|1\n|\n|upkeep\n|turn|20\n|\n|t:|1697390437\n|move|p2a: Arceus|Recover|p2a: Arceus\n|-heal|p2a: Arceus|72\/100\n|move|p1a: Koraidon|Scale Shot|p2a: Arceus\n|-damage|p2a: Arceus|62\/100\n|-damage|p2a: Arceus|53\/100\n|-damage|p2a: Arceus|44\/100\n|-damage|p2a: Arceus|35\/100\n|-hitcount|p2a: Arceus|4\n|-unboost|p1a: Koraidon|def|1\n|-boost|p1a: Koraidon|spe|1\n|\n|upkeep\n|turn|21\n|inactive|SiTuM. has 270 seconds left.\n|\n|t:|1697390442\n|move|p2a: Arceus|Earthquake|p1a: Koraidon\n|-damage|p1a: Koraidon|0 fnt\n|faint|p1a: Koraidon\n|\n|upkeep\n|\n|t:|1697390444\n|switch|p1a: Arceus|Arceus-Water|100\/100\n|turn|22\n|\n|t:|1697390454\n|switch|p2a: Miraidon|Miraidon|100\/100\n|-fieldstart|move: Electric Terrain|[from] ability: Hadron Engine|[of] p2a: Miraidon\n|-enditem|p2a: Miraidon|Electric Seed\n|-boost|p2a: Miraidon|def|1|[from] item: Electric Seed\n|move|p1a: Arceus|Judgment|p2a: Miraidon\n|-resisted|p2a: Miraidon\n|-damage|p2a: Miraidon|82\/100\n|\n|upkeep\n|turn|23\n|inactive|Icemaster has 150 seconds left.\n|\n|t:|1697390462\n|move|p1a: Arceus|Taunt|p2a: Miraidon\n|-start|p2a: Miraidon|move: Taunt\n|move|p2a: Miraidon|Parabolic Charge|p1a: Arceus\n|-supereffective|p1a: Arceus\n|-damage|p1a: Arceus|15\/100\n|-heal|p2a: Miraidon|100\/100|[from] drain|[of] p1a: Arceus\n|\n|upkeep\n|turn|24\n|\n|t:|1697390469\n|move|p1a: Arceus|Judgment|p2a: Miraidon\n|-resisted|p2a: Miraidon\n|-damage|p2a: Miraidon|83\/100\n|move|p2a: Miraidon|Parabolic Charge|p1a: Arceus\n|-supereffective|p1a: Arceus\n|-damage|p1a: Arceus|0 fnt\n|-heal|p2a: Miraidon|91\/100|[from] drain|[of] p1a: Arceus\n|faint|p1a: Arceus\n|\n|upkeep\n|\n|t:|1697390471\n|switch|p1a: Iron Bundle|Iron Bundle|100\/100\n|-activate|p1a: Iron Bundle|ability: Quark Drive\n|-start|p1a: Iron Bundle|quarkdrivespe\n|turn|25\n|\n|t:|1697390476\n|move|p1a: Iron Bundle|Freeze-Dry|p2a: Miraidon\n|-supereffective|p2a: Miraidon\n|-damage|p2a: Miraidon|9\/100\n|move|p2a: Miraidon|Parabolic Charge|p1a: Iron Bundle\n|-supereffective|p1a: Iron Bundle\n|-damage|p1a: Iron Bundle|0 fnt\n|-heal|p2a: Miraidon|41\/100|[from] drain|[of] p1a: Iron Bundle\n|faint|p1a: Iron Bundle\n|-end|p1a: Iron Bundle|Quark Drive|[silent]\n|\n|win|Icemaster\n|c|\u2606Icemaster|gg mb\n|c|\u2606SiTuM.|yeah i rly think i wasnt losing without any bs\n|c|\u2606SiTuM.|good game\n","uploadtime":1697390477,"views":336,"p1id":"situm","p2id":"icemaster","formatid":"gen9ubers","rating":0,"private":0,"password":""}