{"id":"smogtours-gen9ubers-731616","p1":"Ryuji & Dunoks","p2":"Kaif & Radu","format":"[Gen 9] Ubers","log":"|inactive|Battle timer is ON: inactive players will automatically lose when time's up.\n|t:|1700421596\n|gametype|singles\n|player|p1|Ryuji & Dunoks|#ndpliiigalarianphoenix|\n|player|p2|Kaif & Radu|red-masters2|\n|teamsize|p1|6\n|teamsize|p2|6\n|gen|9\n|tier|[Gen 9] Ubers\n|rule|Sleep Clause Mod: Limit one foe put to sleep\n|rule|Species Clause: Limit one of each Pok\u00e9mon\n|rule|OHKO Clause: OHKO moves are banned\n|rule|Evasion Items Clause: Evasion items are banned\n|rule|Evasion Moves Clause: Evasion moves are banned\n|rule|Endless Battle Clause: Forcing endless battles is banned\n|rule|HP Percentage Mod: HP is shown in percentages\n|clearpoke\n|poke|p1|Dondozo, M|\n|poke|p1|Clefable, F|\n|poke|p1|Gliscor, M|\n|poke|p1|Blissey, F|\n|poke|p1|Corviknight, M|\n|poke|p1|Clodsire, F|\n|poke|p2|Manaphy|\n|poke|p2|Dragapult, F|\n|poke|p2|Sneasler, F|\n|poke|p2|Glimmora, M|\n|poke|p2|Hawlucha, M|\n|poke|p2|Rillaboom, F|\n|teampreview\n|inactive|Kaif & Radu also wants the timer to be on.\n|c|\u2606Ryuji & Dunoks|hf\n|c|+Mentality's|att\n|c|+Mentality's|merde\n|c|+Mentality's|mauvais chan \n|inactive|Ryuji & Dunoks has 270 seconds left.\n|inactive|Kaif & Radu has 270 seconds left.\n|inactive|Ryuji & Dunoks has 240 seconds left.\n|\n|t:|1700421672\n|start\n|switch|p1a: Gliscor|Gliscor, M|100\/100\n|switch|p2a: Rillaboom|Rillaboom, F|100\/100\n|-fieldstart|move: Grassy Terrain|[from] ability: Grassy Surge|[of] p2a: Rillaboom\n|turn|1\n|\n|t:|1700421690\n|move|p1a: Gliscor|Protect|p1a: Gliscor\n|-singleturn|p1a: Gliscor|Protect\n|move|p2a: Rillaboom|Knock Off|p1a: Gliscor\n|-activate|p1a: Gliscor|move: Protect\n|\n|-status|p1a: Gliscor|tox|[from] item: Toxic Orb\n|upkeep\n|turn|2\n|inactive|Ryuji & Dunoks has 270 seconds left.\n|inactive|Ryuji & Dunoks has 240 seconds left.\n|inactive|Ryuji & Dunoks has 210 seconds left.\n|\n|t:|1700421784\n|move|p1a: Gliscor|Facade|p2a: Rillaboom\n|-damage|p2a: Rillaboom|71\/100\n|move|p2a: Rillaboom|Wood Hammer|p1a: Gliscor\n|-damage|p1a: Gliscor|51\/100 tox\n|-damage|p2a: Rillaboom|56\/100|[from] Recoil\n|\n|-heal|p2a: Rillaboom|63\/100|[from] Grassy Terrain\n|-heal|p1a: Gliscor|63\/100 tox|[from] ability: Poison Heal\n|upkeep\n|turn|3\n|inactive|Ryuji & Dunoks has 210 seconds left.\n|\n|t:|1700421802\n|switch|p2a: Glimmora|Glimmora, M|100\/100\n|move|p1a: Gliscor|Protect||[still]\n|-fail|p1a: Gliscor\n|\n|-heal|p1a: Gliscor|76\/100 tox|[from] ability: Poison Heal\n|upkeep\n|turn|4\n|inactive|Ryuji & Dunoks has 210 seconds left.\n|inactive|Ryuji & Dunoks has 180 seconds left.\n|\n|t:|1700421842\n|move|p1a: Gliscor|Protect|p1a: Gliscor\n|-singleturn|p1a: Gliscor|Protect\n|move|p2a: Glimmora|Stealth Rock|p1a: Gliscor\n|-sidestart|p1: Ryuji & Dunoks|move: Stealth Rock\n|\n|-heal|p1a: Gliscor|88\/100 tox|[from] ability: Poison Heal\n|upkeep\n|turn|5\n|inactive|Ryuji & Dunoks has 180 seconds left.\n|inactive|Kaif & Radu has 270 seconds left.\n|\n|t:|1700421892\n|switch|p2a: Manaphy|Manaphy|100\/100\n|-enditem|p2a: Manaphy|Grassy Seed\n|-boost|p2a: Manaphy|def|1|[from] item: Grassy Seed\n|switch|p1a: Blissey|Blissey, F|100\/100\n|\n|upkeep\n|turn|6\n|inactive|Kaif & Radu has 240 seconds left.\n|\n|t:|1700421919\n|switch|p2a: Dragapult|Dragapult, F|100\/100\n|move|p1a: Blissey|Shadow Ball|p2a: Dragapult\n|-supereffective|p2a: Dragapult\n|-damage|p2a: Dragapult|54\/100\n|\n|-heal|p2a: Dragapult|60\/100|[from] Grassy Terrain\n|upkeep\n|turn|7\n|inactive|Kaif & Radu has 240 seconds left.\n|inactive|Ryuji & Dunoks has 150 seconds left.\n|inactive|Kaif & Radu has 210 seconds left.\n|\n|t:|1700421965\n|switch|p2a: Sneasler|Sneasler, F|100\/100\n|-enditem|p2a: Sneasler|Grassy Seed\n|-boost|p2a: Sneasler|def|1|[from] item: Grassy Seed\n|switch|p1a: Clefable|Clefable, F|100\/100\n|\n|upkeep\n|turn|8\n|inactive|Kaif & Radu has 210 seconds left.\n|inactive|Ryuji & Dunoks has 120 seconds left.\n|\n|t:|1700422013\n|switch|p1a: Dondozo|Dondozo, M|100\/100\n|move|p2a: Sneasler|Gunk Shot|p1a: Dondozo\n|-damage|p1a: Dondozo|70\/100\n|\n|-heal|p1a: Dondozo|76\/100|[from] Grassy Terrain\n|-fieldend|move: Grassy Terrain\n|upkeep\n|turn|9\n|inactive|Ryuji & Dunoks has 90 seconds left.\n|\n|t:|1700422058\n|move|p2a: Sneasler|Gunk Shot|p1a: Dondozo\n|-damage|p1a: Dondozo|44\/100\n|move|p1a: Dondozo|Liquidation|p2a: Sneasler\n|-damage|p2a: Sneasler|51\/100\n|\n|upkeep\n|turn|10\n|inactive|Kaif & Radu has 180 seconds left.\n|\n|t:|1700422111\n|move|p2a: Sneasler|Close Combat|p1a: Dondozo\n|-damage|p1a: Dondozo|15\/100\n|-unboost|p2a: Sneasler|def|1\n|-unboost|p2a: Sneasler|spd|1\n|move|p1a: Dondozo|Rest|p1a: Dondozo\n|-status|p1a: Dondozo|slp|[from] move: Rest\n|-heal|p1a: Dondozo|100\/100 slp|[silent]\n|\n|upkeep\n|turn|11\n|\n|t:|1700422123\n|switch|p2a: Rillaboom|Rillaboom, F|63\/100\n|-fieldstart|move: Grassy Terrain|[from] ability: Grassy Surge|[of] p2a: Rillaboom\n|cant|p1a: Dondozo|slp\n|move|p1a: Dondozo|Sleep Talk|p1a: Dondozo\n|move|p1a: Dondozo|Liquidation|p2a: Rillaboom|[from]move: Sleep Talk\n|-resisted|p2a: Rillaboom\n|-damage|p2a: Rillaboom|49\/100\n|\n|-heal|p2a: Rillaboom|55\/100|[from] Grassy Terrain\n|upkeep\n|turn|12\n|\n|t:|1700422136\n|switch|p1a: Corviknight|Corviknight, M|100\/100\n|-damage|p1a: Corviknight|88\/100|[from] Stealth Rock\n|-ability|p1a: Corviknight|Pressure\n|move|p2a: Rillaboom|Knock Off|p1a: Corviknight\n|-damage|p1a: Corviknight|65\/100\n|-damage|p2a: Rillaboom|38\/100|[from] item: Rocky Helmet|[of] p1a: Corviknight\n|-enditem|p1a: Corviknight|Rocky Helmet|[from] move: Knock Off|[of] p2a: Rillaboom\n|\n|-heal|p2a: Rillaboom|44\/100|[from] Grassy Terrain\n|upkeep\n|turn|13\n|\n|t:|1700422149\n|move|p2a: Rillaboom|U-turn|p1a: Corviknight\n|-resisted|p1a: Corviknight\n|-damage|p1a: Corviknight|61\/100\n|\n|t:|1700422152\n|switch|p2a: Glimmora|Glimmora, M|100\/100|[from] U-turn\n|move|p1a: Corviknight|Roost|p1a: Corviknight\n|-heal|p1a: Corviknight|100\/100\n|-singleturn|p1a: Corviknight|move: Roost\n|\n|upkeep\n|turn|14\n|inactive|Ryuji & Dunoks has 90 seconds left.\n|inactive|Kaif & Radu has 180 seconds left.\n|inactive|Ryuji & Dunoks has 60 seconds left.\n|\n|t:|1700422191\n|switch|p2a: Dragapult|Dragapult, F|60\/100\n|move|p1a: Corviknight|Body Press|p2a: Dragapult\n|-immune|p2a: Dragapult\n|\n|-heal|p2a: Dragapult|66\/100|[from] Grassy Terrain\n|upkeep\n|turn|15\n|\n|t:|1700422201\n|switch|p1a: Clefable|Clefable, F|100\/100\n|move|p2a: Dragapult|Will-O-Wisp|p1a: Clefable|[miss]\n|-miss|p2a: Dragapult|p1a: Clefable\n|\n|-heal|p2a: Dragapult|72\/100|[from] Grassy Terrain\n|upkeep\n|turn|16\n|\n|t:|1700422219\n|switch|p2a: Glimmora|Glimmora, M|100\/100\n|move|p1a: Clefable|Stealth Rock|p2a: Glimmora\n|-sidestart|p2: Kaif & Radu|move: Stealth Rock\n|\n|upkeep\n|turn|17\n|\n|t:|1700422240\n|switch|p2a: Dragapult|Dragapult, F|72\/100\n|-damage|p2a: Dragapult|59\/100|[from] Stealth Rock\n|move|p1a: Clefable|Protect||[still]\n|-fail|p1a: Clefable\n|\n|-heal|p2a: Dragapult|65\/100|[from] Grassy Terrain\n|upkeep\n|turn|18\n|\n|t:|1700422248\n|switch|p2a: Glimmora|Glimmora, M|100\/100\n|-damage|p2a: Glimmora|88\/100|[from] Stealth Rock\n|move|p1a: Clefable|Moonblast|p2a: Glimmora\n|-resisted|p2a: Glimmora\n|-damage|p2a: Glimmora|69\/100\n|\n|-heal|p2a: Glimmora|75\/100|[from] Grassy Terrain\n|-fieldend|move: Grassy Terrain\n|upkeep\n|turn|19\n|\n|t:|1700422253\n|move|p1a: Clefable|Protect|p1a: Clefable\n|-singleturn|p1a: Clefable|Protect\n|move|p2a: Glimmora|Mortal Spin|p1a: Clefable\n|-activate|p1a: Clefable|move: Protect\n|\n|upkeep\n|turn|20\n|\n|t:|1700422263\n|switch|p2a: Dragapult|Dragapult, F|65\/100\n|-damage|p2a: Dragapult|53\/100|[from] Stealth Rock\n|move|p1a: Clefable|Wish|p1a: Clefable\n|\n|upkeep\n|turn|21\n|\n|t:|1700422269\n|move|p2a: Dragapult|Thunder Wave|p1a: Clefable\n|-status|p1a: Clefable|par\n|cant|p1a: Clefable|par\n|\n|upkeep\n|turn|22\n|inactive|Kaif & Radu has 180 seconds left.\n|\n|t:|1700422278\n|switch|p2a: Glimmora|Glimmora, M|75\/100\n|-damage|p2a: Glimmora|63\/100|[from] Stealth Rock\n|move|p1a: Clefable|Moonblast|p2a: Glimmora\n|-resisted|p2a: Glimmora\n|-damage|p2a: Glimmora|42\/100\n|\n|upkeep\n|turn|23\n|inactive|Ryuji & Dunoks has 120 seconds left.\n|\n|t:|1700422301\n|move|p2a: Glimmora|Mortal Spin|p1a: Clefable\n|-supereffective|p1a: Clefable\n|-damage|p1a: Clefable|91\/100 par\n|-sideend|p2: Kaif & Radu|Stealth Rock|[from] move: Mortal Spin|[of] p2a: Glimmora\n|cant|p1a: Clefable|par\n|\n|-heal|p1a: Clefable|97\/100 par|[from] item: Leftovers\n|upkeep\n|turn|24\n|\n|t:|1700422316\n|switch|p2a: Rillaboom|Rillaboom, F|44\/100\n|-fieldstart|move: Grassy Terrain|[from] ability: Grassy Surge|[of] p2a: Rillaboom\n|move|p1a: Clefable|Wish|p1a: Clefable\n|\n|-heal|p2a: Rillaboom|50\/100|[from] Grassy Terrain\n|-heal|p1a: Clefable|100\/100 par|[from] Grassy Terrain\n|upkeep\n|turn|25\n|\n|t:|1700422339\n|move|p2a: Rillaboom|Knock Off|p1a: Clefable\n|-resisted|p1a: Clefable\n|-damage|p1a: Clefable|87\/100 par\n|-enditem|p1a: Clefable|Leftovers|[from] move: Knock Off|[of] p2a: Rillaboom\n|move|p1a: Clefable|Stealth Rock|p2a: Rillaboom\n|-sidestart|p2: Kaif & Radu|move: Stealth Rock\n|\n|-heal|p1a: Clefable|100\/100 par|[from] move: Wish|[wisher] Clefable\n|-heal|p2a: Rillaboom|57\/100|[from] Grassy Terrain\n|upkeep\n|turn|26\n|inactive|Ryuji & Dunoks has 90 seconds left.\n|\n|t:|1700422379\n|move|p2a: Rillaboom|U-turn|p1a: Clefable\n|-resisted|p1a: Clefable\n|-damage|p1a: Clefable|90\/100 par\n|\n|t:|1700422382\n|switch|p2a: Manaphy|Manaphy|100\/100|[from] U-turn\n|-damage|p2a: Manaphy|88\/100|[from] Stealth Rock\n|move|p1a: Clefable|Moonblast|p2a: Manaphy\n|-damage|p2a: Manaphy|57\/100\n|\n|-heal|p2a: Manaphy|64\/100|[from] Grassy Terrain\n|-heal|p1a: Clefable|96\/100 par|[from] Grassy Terrain\n|upkeep\n|turn|27\n|inactive|Ryuji & Dunoks has 60 seconds left.\n|\n|t:|1700422422\n|switch|p1a: Blissey|Blissey, F|100\/100\n|move|p2a: Manaphy|Tail Glow|p2a: Manaphy\n|-boost|p2a: Manaphy|spa|3\n|\n|-heal|p2a: Manaphy|70\/100|[from] Grassy Terrain\n|upkeep\n|turn|28\n|\n|t:|1700422427\n|move|p2a: Manaphy|Tail Glow|p2a: Manaphy\n|-boost|p2a: Manaphy|spa|3\n|move|p1a: Blissey|Calm Mind|p1a: Blissey\n|-boost|p1a: Blissey|spa|1\n|-boost|p1a: Blissey|spd|1\n|\n|-heal|p2a: Manaphy|76\/100|[from] Grassy Terrain\n|upkeep\n|turn|29\n|inactive|Ryuji & Dunoks has 60 seconds left.\n|\n|t:|1700422443\n|move|p1a: Blissey|Protect|p1a: Blissey\n|-singleturn|p1a: Blissey|Protect\n|move|p2a: Manaphy|Surf|p1a: Blissey\n|-activate|p1a: Blissey|move: Protect\n|\n|-heal|p2a: Manaphy|82\/100|[from] Grassy Terrain\n|upkeep\n|turn|30\n|inactive|Kaif & Radu has 210 seconds left.\n|\n|t:|1700422460\n|move|p2a: Manaphy|Surf|p1a: Blissey\n|-damage|p1a: Blissey|73\/100\n|move|p1a: Blissey|Calm Mind|p1a: Blissey\n|-boost|p1a: Blissey|spa|1\n|-boost|p1a: Blissey|spd|1\n|\n|-heal|p2a: Manaphy|88\/100|[from] Grassy Terrain\n|-heal|p1a: Blissey|79\/100|[from] Grassy Terrain\n|upkeep\n|turn|31\n|inactive|Kaif & Radu has 210 seconds left.\n|\n|t:|1700422477\n|move|p2a: Manaphy|Ice Beam|p1a: Blissey\n|-damage|p1a: Blissey|66\/100\n|move|p1a: Blissey|Soft-Boiled|p1a: Blissey\n|-heal|p1a: Blissey|100\/100\n|\n|-heal|p2a: Manaphy|94\/100|[from] Grassy Terrain\n|-fieldend|move: Grassy Terrain\n|upkeep\n|turn|32\n|\n|t:|1700422482\n|move|p2a: Manaphy|Energy Ball|p1a: Blissey\n|-crit|p1a: Blissey\n|-damage|p1a: Blissey|58\/100\n|move|p1a: Blissey|Shadow Ball|p2a: Manaphy\n|-crit|p2a: Manaphy\n|-damage|p2a: Manaphy|51\/100\n|\n|upkeep\n|turn|33\n|\n|t:|1700422493\n|move|p2a: Manaphy|Surf|p1a: Blissey\n|-damage|p1a: Blissey|34\/100\n|move|p1a: Blissey|Soft-Boiled|p1a: Blissey\n|-heal|p1a: Blissey|84\/100\n|\n|upkeep\n|turn|34\n|\n|t:|1700422498\n|move|p2a: Manaphy|Ice Beam|p1a: Blissey\n|-damage|p1a: Blissey|70\/100\n|move|p1a: Blissey|Shadow Ball|p2a: Manaphy\n|-damage|p2a: Manaphy|23\/100\n|\n|upkeep\n|turn|35\n|\n|t:|1700422502\n|move|p2a: Manaphy|Ice Beam|p1a: Blissey\n|-damage|p1a: Blissey|54\/100\n|move|p1a: Blissey|Shadow Ball|p2a: Manaphy\n|-damage|p2a: Manaphy|0 fnt\n|faint|p2a: Manaphy\n|\n|upkeep\n|\n|t:|1700422507\n|switch|p2a: Hawlucha|Hawlucha, M|100\/100\n|-damage|p2a: Hawlucha|88\/100|[from] Stealth Rock\n|turn|36\n|\n|t:|1700422533\n|switch|p2a: Rillaboom|Rillaboom, F|57\/100\n|-damage|p2a: Rillaboom|44\/100|[from] Stealth Rock\n|-fieldstart|move: Grassy Terrain|[from] ability: Grassy Surge|[of] p2a: Rillaboom\n|switch|p1a: Clefable|Clefable, F|96\/100 par\n|\n|-heal|p2a: Rillaboom|50\/100|[from] Grassy Terrain\n|-heal|p1a: Clefable|100\/100 par|[from] Grassy Terrain\n|upkeep\n|turn|37\n|\n|t:|1700422545\n|move|p2a: Rillaboom|Wood Hammer|p1a: Clefable\n|-damage|p1a: Clefable|35\/100 par\n|-damage|p2a: Rillaboom|29\/100|[from] Recoil\n|cant|p1a: Clefable|par\n|\n|-heal|p2a: Rillaboom|36\/100|[from] Grassy Terrain\n|-heal|p1a: Clefable|41\/100 par|[from] Grassy Terrain\n|upkeep\n|turn|38\n|inactive|Ryuji & Dunoks has 60 seconds left.\n|\n|t:|1700422573\n|move|p2a: Rillaboom|Wood Hammer|p1a: Clefable\n|-damage|p1a: Clefable|0 fnt\n|faint|p1a: Clefable\n|-damage|p2a: Rillaboom|23\/100|[from] Recoil\n|\n|-heal|p2a: Rillaboom|29\/100|[from] Grassy Terrain\n|upkeep\n|\n|t:|1700422575\n|switch|p1a: Corviknight|Corviknight, M|100\/100\n|-damage|p1a: Corviknight|88\/100|[from] Stealth Rock\n|-ability|p1a: Corviknight|Pressure\n|turn|39\n|inactive|Ryuji & Dunoks has 60 seconds left.\n|c|+Phxo'|game cb ?\n|c|\u2606Ryuji & Dunoks|1\n|\n|t:|1700422591\n|switch|p2a: Dragapult|Dragapult, F|53\/100\n|-damage|p2a: Dragapult|41\/100|[from] Stealth Rock\n|move|p1a: Corviknight|Body Press|p2a: Dragapult\n|-immune|p2a: Dragapult\n|\n|-heal|p2a: Dragapult|47\/100|[from] Grassy Terrain\n|upkeep\n|turn|40\n|\n|t:|1700422609\n|switch|p1a: Clodsire|Clodsire, F|100\/100\n|move|p2a: Dragapult|Hex|p1a: Clodsire\n|-damage|p1a: Clodsire|85\/100\n|\n|-heal|p2a: Dragapult|53\/100|[from] Grassy Terrain\n|-heal|p1a: Clodsire|91\/100|[from] Grassy Terrain\n|upkeep\n|turn|41\n|\n|t:|1700422617\n|switch|p2a: Glimmora|Glimmora, M|42\/100\n|-damage|p2a: Glimmora|29\/100|[from] Stealth Rock\n|move|p1a: Clodsire|Spikes|p2a: Glimmora\n|-sidestart|p2: Kaif & Radu|Spikes\n|\n|-heal|p2a: Glimmora|36\/100|[from] Grassy Terrain\n|-heal|p1a: Clodsire|97\/100|[from] Grassy Terrain\n|upkeep\n|turn|42\n|\n|t:|1700422621\n|switch|p1a: Corviknight|Corviknight, M|88\/100\n|-damage|p1a: Corviknight|75\/100|[from] Stealth Rock\n|-ability|p1a: Corviknight|Pressure\n|move|p2a: Glimmora|Mortal Spin|p1a: Corviknight\n|-immune|p1a: Corviknight\n|\n|-heal|p2a: Glimmora|42\/100|[from] Grassy Terrain\n|upkeep\n|turn|43\n|\n|t:|1700422638\n|switch|p2a: Dragapult|Dragapult, F|53\/100\n|-damage|p2a: Dragapult|41\/100|[from] Stealth Rock\n|-damage|p2a: Dragapult|28\/100|[from] Spikes\n|move|p1a: Corviknight|Roost|p1a: Corviknight\n|-heal|p1a: Corviknight|100\/100\n|-singleturn|p1a: Corviknight|move: Roost\n|\n|-heal|p2a: Dragapult|34\/100|[from] Grassy Terrain\n|-fieldend|move: Grassy Terrain\n|upkeep\n|turn|44\n|\n|t:|1700422640\n|switch|p1a: Clodsire|Clodsire, F|97\/100\n|move|p2a: Dragapult|Will-O-Wisp|p1a: Clodsire|[miss]\n|-miss|p2a: Dragapult|p1a: Clodsire\n|\n|upkeep\n|turn|45\n|\n|t:|1700422645\n|move|p2a: Dragapult|Will-O-Wisp|p1a: Clodsire\n|-status|p1a: Clodsire|brn\n|move|p1a: Clodsire|Spikes|p2a: Dragapult\n|-sidestart|p2: Kaif & Radu|Spikes\n|\n|-damage|p1a: Clodsire|91\/100 brn|[from] brn\n|upkeep\n|turn|46\n|\n|t:|1700422652\n|move|p2a: Dragapult|Hex|p1a: Clodsire\n|-damage|p1a: Clodsire|64\/100 brn\n|move|p1a: Clodsire|Spikes|p2a: Dragapult\n|-sidestart|p2: Kaif & Radu|Spikes\n|\n|-damage|p1a: Clodsire|58\/100 brn|[from] brn\n|upkeep\n|turn|47\n|\n|t:|1700422657\n|move|p2a: Dragapult|Dragon Darts|p1a: Clodsire\n|-damage|p1a: Clodsire|34\/100 brn\n|-anim|p2a: Dragapult|Dragon Darts|p1a: Clodsire\n|-damage|p1a: Clodsire|11\/100 brn\n|move|p1a: Clodsire|Recover|p1a: Clodsire\n|-heal|p1a: Clodsire|61\/100 brn\n|\n|-damage|p1a: Clodsire|55\/100 brn|[from] brn\n|upkeep\n|turn|48\n|inactive|Ryuji & Dunoks has 90 seconds left.\n|c|+Phxo'|ok merci bonne chance a vous\n|\n|t:|1700422709\n|move|p2a: Dragapult|Dragon Darts|p1a: Clodsire\n|-crit|p1a: Clodsire\n|-damage|p1a: Clodsire|18\/100 brn\n|-anim|p2a: Dragapult|Dragon Darts|p1a: Clodsire\n|-damage|p1a: Clodsire|0 fnt\n|faint|p1a: Clodsire\n|\n|upkeep\n|inactive|Ryuji & Dunoks has 60 seconds left.\n|\n|t:|1700422736\n|switch|p1a: Gliscor|Gliscor, M|88\/100 tox\n|-damage|p1a: Gliscor|76\/100 tox|[from] Stealth Rock\n|turn|49\n|\n|t:|1700422751\n|move|p1a: Gliscor|Protect|p1a: Gliscor\n|-singleturn|p1a: Gliscor|Protect\n|move|p2a: Dragapult|Hex|p1a: Gliscor\n|-activate|p1a: Gliscor|move: Protect\n|\n|-heal|p1a: Gliscor|88\/100 tox|[from] ability: Poison Heal\n|upkeep\n|turn|50\n|\n|t:|1700422764\n|move|p2a: Dragapult|Hex|p1a: Gliscor\n|-damage|p1a: Gliscor|19\/100 tox\n|move|p1a: Gliscor|Knock Off|p2a: Dragapult\n|-supereffective|p2a: Dragapult\n|-damage|p2a: Dragapult|0 fnt\n|-enditem|p2a: Dragapult|Focus Sash|[from] move: Knock Off|[of] p1a: Gliscor\n|faint|p2a: Dragapult\n|\n|-heal|p1a: Gliscor|31\/100 tox|[from] ability: Poison Heal\n|upkeep\n|\n|t:|1700422792\n|switch|p2a: Hawlucha|Hawlucha, M|88\/100\n|-damage|p2a: Hawlucha|76\/100|[from] Stealth Rock\n|turn|51\n|inactive|Ryuji & Dunoks has 60 seconds left.\n|\n|t:|1700422804\n|switch|p1a: Dondozo|Dondozo, M|100\/100 slp\n|move|p2a: Hawlucha|Encore||[still]\n|-fail|p2a: Hawlucha\n|\n|upkeep\n|turn|52\n|\n|t:|1700422814\n|move|p2a: Hawlucha|Swords Dance|p2a: Hawlucha\n|-boost|p2a: Hawlucha|atk|2\n|cant|p1a: Dondozo|slp\n|move|p1a: Dondozo|Sleep Talk|p1a: Dondozo\n|move|p1a: Dondozo|Body Press|p2a: Hawlucha|[from]move: Sleep Talk\n|-resisted|p2a: Hawlucha\n|-damage|p2a: Hawlucha|54\/100\n|\n|upkeep\n|turn|53\n|\n|t:|1700422821\n|switch|p1a: Blissey|Blissey, F|54\/100\n|move|p2a: Hawlucha|Encore||[still]\n|-fail|p2a: Hawlucha\n|\n|upkeep\n|turn|54\n|\n|t:|1700422832\n|move|p2a: Hawlucha|Close Combat|p1a: Blissey\n|-supereffective|p1a: Blissey\n|-damage|p1a: Blissey|0 fnt\n|-unboost|p2a: Hawlucha|def|1\n|-unboost|p2a: Hawlucha|spd|1\n|faint|p1a: Blissey\n|\n|upkeep\n|\n|t:|1700422836\n|switch|p1a: Dondozo|Dondozo, M|100\/100 slp\n|turn|55\n|\n|t:|1700422842\n|move|p2a: Hawlucha|Close Combat|p1a: Dondozo\n|-damage|p1a: Dondozo|75\/100 slp\n|-unboost|p2a: Hawlucha|def|1\n|-unboost|p2a: Hawlucha|spd|1\n|-curestatus|p1a: Dondozo|slp|[msg]\n|move|p1a: Dondozo|Liquidation|p2a: Hawlucha\n|-damage|p2a: Hawlucha|14\/100\n|-unboost|p2a: Hawlucha|def|1\n|\n|upkeep\n|turn|56\n|\n|t:|1700422852\n|move|p2a: Hawlucha|Encore|p1a: Dondozo\n|-start|p1a: Dondozo|Encore\n|move|p1a: Dondozo|Liquidation|p2a: Hawlucha\n|-crit|p2a: Hawlucha\n|-damage|p2a: Hawlucha|0 fnt\n|faint|p2a: Hawlucha\n|\n|upkeep\n|\n|t:|1700422854\n|switch|p2a: Rillaboom|Rillaboom, F|29\/100\n|-damage|p2a: Rillaboom|16\/100|[from] Stealth Rock\n|-damage|p2a: Rillaboom|0 fnt|[from] Spikes\n|faint|p2a: Rillaboom\n|\n|t:|1700422856\n|switch|p2a: Sneasler|Sneasler, F|51\/100\n|-damage|p2a: Sneasler|45\/100|[from] Stealth Rock\n|-damage|p2a: Sneasler|20\/100|[from] Spikes\n|turn|57\n|\n|t:|1700422858\n|move|p2a: Sneasler|Gunk Shot|p1a: Dondozo|[miss]\n|-miss|p2a: Sneasler|p1a: Dondozo\n|move|p1a: Dondozo|Liquidation|p2a: Sneasler\n|-damage|p2a: Sneasler|0 fnt\n|faint|p2a: Sneasler\n|\n|upkeep\n|\n|t:|1700422861\n|switch|p2a: Glimmora|Glimmora, M|42\/100\n|-damage|p2a: Glimmora|29\/100|[from] Stealth Rock\n|-damage|p2a: Glimmora|5\/100|[from] Spikes\n|turn|58\n|\n|t:|1700422864\n|move|p2a: Glimmora|Mortal Spin|p1a: Dondozo\n|-crit|p1a: Dondozo\n|-damage|p1a: Dondozo|71\/100\n|-status|p1a: Dondozo|psn\n|-sideend|p2: Kaif & Radu|Spikes|[from] move: Mortal Spin|[of] p2a: Glimmora\n|-sideend|p2: Kaif & Radu|Stealth Rock|[from] move: Mortal Spin|[of] p2a: Glimmora\n|move|p1a: Dondozo|Liquidation|p2a: Glimmora\n|-supereffective|p2a: Glimmora\n|-crit|p2a: Glimmora\n|-damage|p2a: Glimmora|0 fnt\n|-activate|p2a: Glimmora|ability: Toxic Debris\n|-sidestart|p1: Ryuji & Dunoks|move: Toxic Spikes\n|faint|p2a: Glimmora\n|\n|win|Ryuji & Dunoks\n|c|\u2606Ryuji & Dunoks|gg\n|c|+zioziotrip|no gg\n|c|+zioziotrip|-kaif\n|c|+zioziotrip|(toxic user)\n|c|+Kaif\u2606\u5f61Plays\u2657|gg\n","uploadtime":1700422865,"views":13,"p1id":"ryujidunoks","p2id":"kaifradu","formatid":"gen9ubers","rating":0,"private":0,"password":""}