{"id":"smogtours-gen9ubers-731141","p1":"Xizaaantuz","p2":"Kaif & Radu","format":"[Gen 9] Ubers","log":"|inactive|Battle timer is ON: inactive players will automatically lose when time's up.\n|t:|1700323141\n|gametype|singles\n|player|p1|Xizaaantuz|#splxiiscooters|\n|player|p2|Kaif & Radu|red-masters2|\n|teamsize|p1|6\n|teamsize|p2|6\n|gen|9\n|tier|[Gen 9] Ubers\n|rule|Sleep Clause Mod: Limit one foe put to sleep\n|rule|Species Clause: Limit one of each Pok\u00e9mon\n|rule|OHKO Clause: OHKO moves are banned\n|rule|Evasion Items Clause: Evasion items are banned\n|rule|Evasion Moves Clause: Evasion moves are banned\n|rule|Endless Battle Clause: Forcing endless battles is banned\n|rule|HP Percentage Mod: HP is shown in percentages\n|clearpoke\n|poke|p1|Walking Wake|\n|poke|p1|Zamazenta-*|\n|poke|p1|Iron Moth|\n|poke|p1|Kingambit, M|\n|poke|p1|Dragonite, F|\n|poke|p1|Great Tusk|\n|poke|p2|Enamorus, F|\n|poke|p2|Cinderace, F|\n|poke|p2|Rillaboom, F|\n|poke|p2|Sneasler, F|\n|poke|p2|Ogerpon-Cornerstone, F|\n|poke|p2|Garganacl, M|\n|teampreview\n|inactive|Xizaaantuz also wants the timer to be on.\n|inactive|Kaif & Radu also wants the timer to be on.\n|c|\u2606Xizaaantuz|gl\n|inactive|Xizaaantuz has 270 seconds left.\n|inactive|Kaif & Radu has 270 seconds left.\n|\n|t:|1700323183\n|start\n|switch|p1a: cretino|Dragonite, F|100\/100\n|switch|p2a: Rillaboom|Rillaboom, F|100\/100\n|-fieldstart|move: Grassy Terrain|[from] ability: Grassy Surge|[of] p2a: Rillaboom\n|turn|1\n|\n|t:|1700323193\n|move|p1a: cretino|Ice Spinner|p2a: Rillaboom\n|-supereffective|p2a: Rillaboom\n|-damage|p2a: Rillaboom|45\/100\n|-fieldend|move: Grassy Terrain\n|move|p2a: Rillaboom|U-turn|p1a: cretino\n|-resisted|p1a: cretino\n|-damage|p1a: cretino|94\/100\n|\n|t:|1700323204\n|switch|p2a: Ogerpon|Ogerpon-Cornerstone, F|100\/100|[from] U-turn\n|\n|upkeep\n|turn|2\n|inactive|Kaif & Radu has 270 seconds left.\n|\n|t:|1700323237\n|switch|p1a: non|Zamazenta|100\/100\n|-ability|p1a: non|Dauntless Shield|boost\n|-boost|p1a: non|def|1\n|move|p2a: Ogerpon|Power Whip|p1a: non\n|-damage|p1a: non|70\/100\n|\n|-heal|p1a: non|76\/100|[from] item: Leftovers\n|upkeep\n|turn|3\n|inactive|Kaif & Radu has 270 seconds left.\n|inactive|Xizaaantuz has 270 seconds left.\n|inactive|Kaif & Radu has 240 seconds left.\n|inactive|Xizaaantuz has 240 seconds left.\n|inactive|Kaif & Radu has 210 seconds left.\n|\n|t:|1700323321\n|switch|p2a: Enamorus|Enamorus, F|100\/100\n|move|p1a: non|Iron Defense|p1a: non\n|-boost|p1a: non|def|2\n|\n|-heal|p1a: non|83\/100|[from] item: Leftovers\n|upkeep\n|turn|4\n|inactive|Xizaaantuz has 240 seconds left.\n|inactive|Kaif & Radu has 210 seconds left.\n|inactive|Xizaaantuz has 210 seconds left.\n|inactive|Kaif & Radu has 180 seconds left.\n|inactive|Xizaaantuz has 180 seconds left.\n|\n|t:|1700323407\n|switch|p1a: sono|Iron Moth|100\/100\n|-enditem|p1a: sono|Booster Energy\n|-activate|p1a: sono|ability: Quark Drive|[fromitem]\n|-start|p1a: sono|quarkdrivespe\n|-terastallize|p2a: Enamorus|Ground\n|move|p2a: Enamorus|Earth Power|p1a: sono\n|-supereffective|p1a: sono\n|-damage|p1a: sono|0 fnt\n|faint|p1a: sono\n|-end|p1a: sono|Quark Drive|[silent]\n|-damage|p2a: Enamorus|91\/100|[from] item: Life Orb\n|\n|upkeep\n|c|+acii|camadonna che cattiveria\n|inactive|Xizaaantuz has 150 seconds left.\n|\n|t:|1700323431\n|switch|p1a: :ag:|Walking Wake|100\/100\n|-enditem|p1a: :ag:|Booster Energy\n|-activate|p1a: :ag:|ability: Protosynthesis|[fromitem]\n|-start|p1a: :ag:|protosynthesisspa\n|turn|5\n|inactive|Xizaaantuz has 150 seconds left.\n|\n|t:|1700323448\n|switch|p2a: Rillaboom|Rillaboom, F|45\/100\n|-fieldstart|move: Grassy Terrain|[from] ability: Grassy Surge|[of] p2a: Rillaboom\n|move|p1a: :ag:|Surf|p2a: Rillaboom\n|-resisted|p2a: Rillaboom\n|-damage|p2a: Rillaboom|20\/100\n|\n|-heal|p2a: Rillaboom|26\/100|[from] Grassy Terrain\n|upkeep\n|turn|6\n|inactive|Kaif & Radu has 150 seconds left.\n|\n|t:|1700323493\n|move|p2a: Rillaboom|Grassy Glide|p1a: :ag:\n|-damage|p1a: :ag:|60\/100\n|move|p1a: :ag:|Dragon Pulse|p2a: Rillaboom\n|-damage|p2a: Rillaboom|0 fnt\n|faint|p2a: Rillaboom\n|\n|-heal|p1a: :ag:|66\/100|[from] Grassy Terrain\n|upkeep\n|\n|t:|1700323500\n|switch|p2a: Ogerpon|Ogerpon-Cornerstone, F|100\/100\n|turn|7\n|\n|t:|1700323511\n|-end|p1a: :ag:|Protosynthesis|[silent]\n|switch|p1a: cojone|Kingambit, M|100\/100\n|-activate|p1a: cojone|ability: Supreme Overlord\n|-start|p1a: cojone|fallen1|[silent]\n|move|p2a: Ogerpon|Power Whip|p1a: cojone|[miss]\n|-miss|p2a: Ogerpon|p1a: cojone\n|\n|upkeep\n|turn|8\n|inactive|Kaif & Radu has 150 seconds left.\n|inactive|Xizaaantuz has 120 seconds left.\n|\n|t:|1700323557\n|move|p2a: Ogerpon|Low Kick|p1a: cojone\n|-supereffective|p1a: cojone\n|-damage|p1a: cojone|0 fnt\n|faint|p1a: cojone\n|-end|p1a: cojone|fallen1|[silent]\n|\n|upkeep\n|\n|t:|1700323559\n|switch|p1a: non|Zamazenta|83\/100\n|turn|9\n|inactive|Kaif & Radu has 150 seconds left.\n|\n|t:|1700323602\n|switch|p2a: Sneasler|Sneasler, F|100\/100\n|-enditem|p2a: Sneasler|Grassy Seed\n|-boost|p2a: Sneasler|def|1|[from] item: Grassy Seed\n|move|p1a: non|Iron Defense|p1a: non\n|-boost|p1a: non|def|2\n|\n|-heal|p1a: non|89\/100|[from] Grassy Terrain\n|-heal|p1a: non|95\/100|[from] item: Leftovers\n|-fieldend|move: Grassy Terrain\n|upkeep\n|turn|10\n|inactive|Xizaaantuz has 120 seconds left.\n|\n|t:|1700323616\n|move|p2a: Sneasler|Swords Dance|p2a: Sneasler\n|-boost|p2a: Sneasler|atk|2\n|move|p1a: non|Substitute|p1a: non\n|-start|p1a: non|Substitute\n|-damage|p1a: non|70\/100\n|\n|-heal|p1a: non|76\/100|[from] item: Leftovers\n|upkeep\n|turn|11\n|\n|t:|1700323630\n|move|p2a: Sneasler|Gunk Shot|p1a: non|[miss]\n|-miss|p2a: Sneasler|p1a: non\n|move|p1a: non|Iron Defense|p1a: non\n|-boost|p1a: non|def|2\n|\n|-heal|p1a: non|83\/100|[from] item: Leftovers\n|upkeep\n|turn|12\n|\n|t:|1700323643\n|move|p2a: Sneasler|Gunk Shot|p1a: non\n|-end|p1a: non|Substitute\n|move|p1a: non|Body Press|p2a: Sneasler\n|-resisted|p2a: Sneasler\n|-damage|p2a: Sneasler|32\/100\n|\n|-heal|p1a: non|89\/100|[from] item: Leftovers\n|upkeep\n|turn|13\n|inactive|Kaif & Radu has 120 seconds left.\n|\n|t:|1700323691\n|move|p2a: Sneasler|Close Combat|p1a: non\n|-damage|p1a: non|58\/100\n|-unboost|p2a: Sneasler|def|1\n|-unboost|p2a: Sneasler|spd|1\n|move|p1a: non|Body Press|p2a: Sneasler\n|-resisted|p2a: Sneasler\n|-damage|p2a: Sneasler|0 fnt\n|faint|p2a: Sneasler\n|\n|-heal|p1a: non|64\/100|[from] item: Leftovers\n|upkeep\n|\n|t:|1700323697\n|switch|p2a: Cinderace|Cinderace, F|100\/100\n|turn|14\n|c|\u2606Xizaaantuz|gg\n|\n|t:|1700323703\n|move|p1a: non|Substitute|p1a: non\n|-start|p1a: non|Substitute\n|-damage|p1a: non|39\/100\n|move|p2a: Cinderace|Will-O-Wisp||[still]\n|-fail|p2a: Cinderace\n|\n|-heal|p1a: non|45\/100|[from] item: Leftovers\n|upkeep\n|turn|15\n|\n|t:|1700323705\n|move|p1a: non|Body Press|p2a: Cinderace\n|-damage|p2a: Cinderace|0 fnt\n|faint|p2a: Cinderace\n|\n|-heal|p1a: non|52\/100|[from] item: Leftovers\n|upkeep\n|-message|Kaif & Radu forfeited.\n|\n|win|Xizaaantuz\n","uploadtime":1700323710,"views":35,"p1id":"xizaaantuz","p2id":"kaifradu","formatid":"gen9ubers","rating":0,"private":0,"password":""}