{"id":"smogtours-gen9ubers-731522","p1":"Azox & Zenter","p2":"TrosKith","format":"[Gen 9] Ubers","log":"|inactive|Battle timer is ON: inactive players will automatically lose when time's up.\n|t:|1700412468\n|gametype|singles\n|player|p1|Azox & Zenter|alec-anime|\n|player|p2|TrosKith|ballguy|\n|teamsize|p1|6\n|teamsize|p2|6\n|gen|9\n|tier|[Gen 9] Ubers\n|rule|Sleep Clause Mod: Limit one foe put to sleep\n|rule|Species Clause: Limit one of each Pok\u00e9mon\n|rule|OHKO Clause: OHKO moves are banned\n|rule|Evasion Items Clause: Evasion items are banned\n|rule|Evasion Moves Clause: Evasion moves are banned\n|rule|Endless Battle Clause: Forcing endless battles is banned\n|rule|HP Percentage Mod: HP is shown in percentages\n|clearpoke\n|poke|p1|Hawlucha, F|\n|poke|p1|Rillaboom, F|\n|poke|p1|Heatran, M|\n|poke|p1|Great Tusk|\n|poke|p1|Kingambit, M|\n|poke|p1|Toxapex, M|\n|poke|p2|Gliscor, F|\n|poke|p2|Dragapult, F|\n|poke|p2|Kingambit, F|\n|poke|p2|Ogerpon-Wellspring, F|\n|poke|p2|Clefable, F|\n|poke|p2|Cinderace, F|\n|teampreview\n|inactive|Azox & Zenter also wants the timer to be on.\n|c|\u2606TrosKith|hf\n|c|\u2606Azox & Zenter|glhf\n|inactive|Azox & Zenter has 270 seconds left.\n|inactive|TrosKith has 270 seconds left.\n|inactive|Azox & Zenter has 240 seconds left.\n|\n|t:|1700412541\n|start\n|switch|p1a: Rillaboom|Rillaboom, F, shiny|100\/100\n|switch|p2a: Dragapult|Dragapult, F|100\/100\n|-fieldstart|move: Grassy Terrain|[from] ability: Grassy Surge|[of] p1a: Rillaboom\n|turn|1\n|inactive|Azox & Zenter has 270 seconds left.\n|inactive|TrosKith has 270 seconds left.\n|c|+Garay oak|pero c\u00f3mo que troskith\n|c|\u2606TrosKith|el sexote\n|inactive|TrosKith has 240 seconds left.\n|\n|t:|1700412601\n|switch|p1a: Heatran|Heatran, M|100\/100\n|move|p2a: Dragapult|Draco Meteor|p1a: Heatran\n|-resisted|p1a: Heatran\n|-damage|p1a: Heatran|66\/100\n|-unboost|p2a: Dragapult|spa|2\n|\n|-heal|p1a: Heatran|72\/100|[from] Grassy Terrain\n|-heal|p1a: Heatran|78\/100|[from] item: Leftovers\n|upkeep\n|turn|2\n|inactive|Azox & Zenter has 270 seconds left.\n|inactive|TrosKith has 240 seconds left.\n|\n|t:|1700412621\n|switch|p2a: Ogerpon|Ogerpon-Wellspring, F|100\/100\n|move|p1a: Heatran|Stealth Rock|p2a: Ogerpon\n|-sidestart|p2: TrosKith|move: Stealth Rock\n|\n|-heal|p1a: Heatran|84\/100|[from] Grassy Terrain\n|-heal|p1a: Heatran|91\/100|[from] item: Leftovers\n|upkeep\n|turn|3\n|inactive|TrosKith has 240 seconds left.\n|inactive|Azox & Zenter has 240 seconds left.\n|inactive|Azox & Zenter has 210 seconds left.\n|inactive|Azox & Zenter has 180 seconds left.\n|inactive|Azox & Zenter has 150 seconds left.\n|\n|t:|1700412744\n|switch|p1a: Toxapex|Toxapex, M|100\/100\n|move|p2a: Ogerpon|Substitute|p2a: Ogerpon\n|-start|p2a: Ogerpon|Substitute\n|-damage|p2a: Ogerpon|76\/100\n|\n|-heal|p2a: Ogerpon|82\/100|[from] Grassy Terrain\n|upkeep\n|turn|4\n|inactive|Azox & Zenter has 150 seconds left.\n|inactive|Azox & Zenter has 120 seconds left.\n|\n|t:|1700412784\n|switch|p1a: Rillaboom|Rillaboom, F, shiny|100\/100\n|move|p2a: Ogerpon|Swords Dance|p2a: Ogerpon\n|-boost|p2a: Ogerpon|atk|2\n|\n|-heal|p2a: Ogerpon|88\/100|[from] Grassy Terrain\n|upkeep\n|turn|5\n|inactive|Azox & Zenter has 120 seconds left.\n|\n|t:|1700412798\n|move|p2a: Ogerpon|Ivy Cudgel|p1a: Rillaboom\n|-resisted|p1a: Rillaboom\n|-damage|p1a: Rillaboom|44\/100\n|move|p1a: Rillaboom|U-turn|p2a: Ogerpon\n|-supereffective|p2a: Ogerpon\n|-end|p2a: Ogerpon|Substitute\n|inactive|Azox & Zenter has 120 seconds left.\n|\n|t:|1700412807\n|switch|p1a: Hawlucha|Hawlucha, F|100\/100|[from] U-turn\n|-enditem|p1a: Hawlucha|Grassy Seed\n|-boost|p1a: Hawlucha|def|1|[from] item: Grassy Seed\n|\n|-heal|p2a: Ogerpon|94\/100|[from] Grassy Terrain\n|-fieldend|move: Grassy Terrain\n|upkeep\n|turn|6\n|inactive|TrosKith has 240 seconds left.\n|inactive|TrosKith has 210 seconds left.\n|inactive|TrosKith has 180 seconds left.\n|\n|t:|1700412875\n|-terastallize|p2a: Ogerpon|Water\n|detailschange|p2a: Ogerpon|Ogerpon-Wellspring-Tera, F, tera:Water\n|-ability|p2a: Ogerpon|Embody Aspect (Wellspring)|boost\n|-boost|p2a: Ogerpon|spd|1\n|move|p1a: Hawlucha|Acrobatics|p2a: Ogerpon\n|-damage|p2a: Ogerpon|23\/100\n|move|p2a: Ogerpon|Ivy Cudgel|p1a: Hawlucha\n|-crit|p1a: Hawlucha\n|-damage|p1a: Hawlucha|0 fnt\n|faint|p1a: Hawlucha\n|\n|upkeep\n|inactive|Azox & Zenter has 120 seconds left.\n|\n|t:|1700412889\n|switch|p1a: Kingambit|Kingambit, M|100\/100\n|-activate|p1a: Kingambit|ability: Supreme Overlord\n|-start|p1a: Kingambit|fallen1|[silent]\n|turn|7\n|inactive|Azox & Zenter has 120 seconds left.\n|inactive|TrosKith has 180 seconds left.\n|\n|t:|1700412912\n|switch|p2a: Gliscor|Gliscor, F|100\/100\n|-damage|p2a: Gliscor|88\/100|[from] Stealth Rock\n|move|p1a: Kingambit|Kowtow Cleave|p2a: Gliscor\n|-damage|p2a: Gliscor|44\/100\n|\n|-status|p2a: Gliscor|tox|[from] item: Toxic Orb\n|upkeep\n|turn|8\n|inactive|Azox & Zenter has 120 seconds left.\n|inactive|TrosKith has 180 seconds left.\n|inactive|Azox & Zenter has 90 seconds left.\n|\n|t:|1700412955\n|-terastallize|p1a: Kingambit|Fairy\n|move|p2a: Gliscor|Protect|p2a: Gliscor\n|-singleturn|p2a: Gliscor|Protect\n|move|p1a: Kingambit|Swords Dance|p1a: Kingambit\n|-boost|p1a: Kingambit|atk|2\n|\n|-heal|p2a: Gliscor|56\/100 tox|[from] ability: Poison Heal\n|upkeep\n|turn|9\n|inactive|TrosKith has 180 seconds left.\n|\n|t:|1700412975\n|move|p2a: Gliscor|Toxic|p1a: Kingambit\n|-status|p1a: Kingambit|tox\n|move|p1a: Kingambit|Kowtow Cleave|p2a: Gliscor\n|-damage|p2a: Gliscor|0 fnt\n|faint|p2a: Gliscor\n|\n|-damage|p1a: Kingambit|94\/100 tox|[from] psn\n|upkeep\n|\n|t:|1700412986\n|switch|p2a: Kingambit|Kingambit, F|100\/100\n|-activate|p2a: Kingambit|ability: Supreme Overlord\n|-start|p2a: Kingambit|fallen1|[silent]\n|turn|10\n|inactive|Azox & Zenter has 90 seconds left.\n|\n|t:|1700413008\n|-end|p1a: Kingambit|fallen1|[silent]\n|switch|p1a: Toxapex|Toxapex, M|100\/100\n|-end|p2a: Kingambit|fallen1|[silent]\n|switch|p2a: Clefable|Clefable, F|100\/100\n|\n|upkeep\n|turn|11\n|inactive|Azox & Zenter has 90 seconds left.\n|inactive|Azox & Zenter has 60 seconds left.\n|\n|t:|1700413073\n|switch|p1a: Rillaboom|Rillaboom, F, shiny|44\/100\n|-fieldstart|move: Grassy Terrain|[from] ability: Grassy Surge|[of] p1a: Rillaboom\n|move|p2a: Clefable|Knock Off|p1a: Rillaboom\n|-damage|p1a: Rillaboom|28\/100\n|-enditem|p1a: Rillaboom|Choice Band|[from] move: Knock Off|[of] p2a: Clefable\n|\n|-heal|p1a: Rillaboom|34\/100|[from] Grassy Terrain\n|upkeep\n|turn|12\n|inactive|Azox & Zenter has 30 seconds left.\n|inactive|TrosKith has 150 seconds left.\n|\n|t:|1700413107\n|move|p1a: Rillaboom|U-turn|p2a: Clefable\n|-resisted|p2a: Clefable\n|-damage|p2a: Clefable|91\/100\n|inactive|Azox & Zenter has 30 seconds left this turn.\n|\n|t:|1700413109\n|switch|p1a: Heatran|Heatran, M|91\/100|[from] U-turn\n|move|p2a: Clefable|Moonblast|p1a: Heatran\n|-resisted|p1a: Heatran\n|-damage|p1a: Heatran|85\/100\n|-unboost|p1a: Heatran|spa|1\n|\n|-heal|p1a: Heatran|92\/100|[from] Grassy Terrain\n|-heal|p1a: Heatran|98\/100|[from] item: Leftovers\n|-heal|p2a: Clefable|97\/100|[from] Grassy Terrain\n|-heal|p2a: Clefable|100\/100|[from] item: Leftovers\n|upkeep\n|turn|13\n|inactive|Azox & Zenter has 30 seconds left.\n|\n|t:|1700413123\n|move|p1a: Heatran|Magma Storm|p2a: Clefable\n|-damage|p2a: Clefable|74\/100\n|-activate|p2a: Clefable|move: Magma Storm|[of] p1a: Heatran\n|move|p2a: Clefable|Encore|p1a: Heatran\n|-start|p1a: Heatran|Encore\n|\n|-heal|p1a: Heatran|100\/100|[from] Grassy Terrain\n|-heal|p2a: Clefable|80\/100|[from] Grassy Terrain\n|-heal|p2a: Clefable|86\/100|[from] item: Leftovers\n|upkeep\n|turn|14\n|inactive|Azox & Zenter has 30 seconds left.\n|inactive|Azox & Zenter has 20 seconds left.\n|inactive|Azox & Zenter has 15 seconds left.\n|inactive|Azox & Zenter has 10 seconds left.\n|\n|t:|1700413154\n|move|p1a: Heatran|Magma Storm|p2a: Clefable\n|-damage|p2a: Clefable|59\/100\n|move|p2a: Clefable|Knock Off|p1a: Heatran\n|-damage|p1a: Heatran|89\/100\n|-enditem|p1a: Heatran|Leftovers|[from] move: Knock Off|[of] p2a: Clefable\n|\n|-heal|p1a: Heatran|95\/100|[from] Grassy Terrain\n|-heal|p2a: Clefable|65\/100|[from] Grassy Terrain\n|-heal|p2a: Clefable|71\/100|[from] item: Leftovers\n|upkeep\n|turn|15\n|inactive|Azox & Zenter has 20 seconds left this turn.\n|inactive|Azox & Zenter has 15 seconds left.\n|inactive|Azox & Zenter has 10 seconds left.\n|\n|t:|1700413165\n|move|p1a: Heatran|Magma Storm|p2a: Clefable\n|-damage|p2a: Clefable|44\/100\n|move|p2a: Clefable|Moonlight|p2a: Clefable\n|-heal|p2a: Clefable|94\/100\n|\n|-heal|p1a: Heatran|100\/100|[from] Grassy Terrain\n|-heal|p2a: Clefable|99\/100|[from] Grassy Terrain\n|-heal|p2a: Clefable|100\/100|[from] item: Leftovers\n|-fieldend|move: Grassy Terrain\n|upkeep\n|turn|16\n|inactive|Azox & Zenter has 20 seconds left this turn.\n|inactive|Azox & Zenter has 15 seconds left.\n|inactive|Azox & Zenter has 10 seconds left.\n|\n|t:|1700413179\n|switch|p1a: Toxapex|Toxapex, M|100\/100\n|move|p2a: Clefable|Moonblast|p1a: Toxapex\n|-resisted|p1a: Toxapex\n|-damage|p1a: Toxapex|87\/100\n|-enditem|p1a: Toxapex|Eject Button\n|inactive|Azox & Zenter has 15 seconds left this turn.\n|inactive|Azox & Zenter has 10 seconds left.\n|inactive|Azox & Zenter has 5 seconds left.\n|\n|t:|1700413190\n|switch|p1a: Rillaboom|Rillaboom, F, shiny|34\/100\n|-fieldstart|move: Grassy Terrain|[from] ability: Grassy Surge|[of] p1a: Rillaboom\n|\n|-heal|p1a: Rillaboom|40\/100|[from] Grassy Terrain\n|-end|p2a: Clefable|Magma Storm|[partiallytrapped]|[silent]\n|upkeep\n|turn|17\n|inactive|Azox & Zenter has 15 seconds left this turn.\n|inactive|Azox & Zenter has 10 seconds left.\n|\n|t:|1700413195\n|move|p1a: Rillaboom|Grassy Glide|p2a: Clefable\n|-damage|p2a: Clefable|67\/100\n|move|p2a: Clefable|Moonlight|p2a: Clefable\n|-heal|p2a: Clefable|100\/100\n|\n|-heal|p1a: Rillaboom|46\/100|[from] Grassy Terrain\n|upkeep\n|turn|18\n|inactive|Azox & Zenter has 20 seconds left this turn.\n|inactive|Azox & Zenter has 15 seconds left.\n|\n|t:|1700413205\n|move|p1a: Rillaboom|Knock Off|p2a: Clefable\n|-resisted|p2a: Clefable\n|-damage|p2a: Clefable|87\/100\n|-enditem|p2a: Clefable|Leftovers|[from] move: Knock Off|[of] p1a: Rillaboom\n|move|p2a: Clefable|Moonlight|p2a: Clefable\n|-heal|p2a: Clefable|100\/100\n|\n|-heal|p1a: Rillaboom|53\/100|[from] Grassy Terrain\n|upkeep\n|turn|19\n|inactive|Azox & Zenter has 25 seconds left this turn.\n|inactive|Azox & Zenter has 20 seconds left.\n|\n|t:|1700413211\n|switch|p2a: Cinderace|Cinderace, F|100\/100\n|move|p1a: Rillaboom|U-turn|p2a: Cinderace\n|-resisted|p2a: Cinderace\n|-damage|p2a: Cinderace|85\/100\n|inactive|Azox & Zenter has 25 seconds left this turn.\n|inactive|Azox & Zenter has 20 seconds left.\n|\n|t:|1700413217\n|switch|p1a: Great Tusk|Great Tusk|100\/100|[from] U-turn\n|\n|-heal|p2a: Cinderace|91\/100|[from] Grassy Terrain\n|upkeep\n|turn|20\n|inactive|Azox & Zenter has 30 seconds left this turn.\n|inactive|Azox & Zenter has 20 seconds left.\n|\n|t:|1700413230\n|move|p2a: Cinderace|Will-O-Wisp|p1a: Great Tusk\n|-status|p1a: Great Tusk|brn\n|move|p1a: Great Tusk|Headlong Rush|p2a: Cinderace\n|-supereffective|p2a: Cinderace\n|-damage|p2a: Cinderace|17\/100\n|-unboost|p1a: Great Tusk|def|1\n|-unboost|p1a: Great Tusk|spd|1\n|\n|-heal|p2a: Cinderace|23\/100|[from] Grassy Terrain\n|-damage|p1a: Great Tusk|94\/100 brn|[from] brn\n|-fieldend|move: Grassy Terrain\n|upkeep\n|turn|21\n|inactive|Azox & Zenter has 30 seconds left this turn.\n|\n|t:|1700413244\n|switch|p2a: Clefable|Clefable, F|100\/100\n|move|p1a: Great Tusk|Rapid Spin|p2a: Clefable\n|-damage|p2a: Clefable|94\/100\n|-boost|p1a: Great Tusk|spe|1\n|\n|-damage|p1a: Great Tusk|88\/100 brn|[from] brn\n|upkeep\n|turn|22\n|inactive|Azox & Zenter has 30 seconds left.\n|inactive|TrosKith has 210 seconds left.\n|\n|t:|1700413266\n|-end|p1a: Great Tusk|Protosynthesis|[silent]\n|switch|p1a: Heatran|Heatran, M|100\/100\n|switch|p2a: Dragapult|Dragapult, F|100\/100\n|-damage|p2a: Dragapult|88\/100|[from] Stealth Rock\n|\n|upkeep\n|turn|23\n|inactive|TrosKith has 210 seconds left.\n|inactive|Azox & Zenter has 30 seconds left.\n|inactive|Azox & Zenter has 20 seconds left.\n|inactive|Azox & Zenter has 15 seconds left.\n|inactive|Azox & Zenter has 10 seconds left.\n|\n|t:|1700413296\n|move|p2a: Dragapult|Shadow Ball|p1a: Heatran\n|-crit|p1a: Heatran\n|-damage|p1a: Heatran|45\/100\n|move|p1a: Heatran|Magma Storm|p2a: Dragapult\n|-resisted|p2a: Dragapult\n|-damage|p2a: Dragapult|58\/100\n|-activate|p2a: Dragapult|move: Magma Storm|[of] p1a: Heatran\n|\n|-damage|p2a: Dragapult|45\/100|[from] move: Magma Storm|[partiallytrapped]\n|upkeep\n|turn|24\n|inactive|Azox & Zenter has 20 seconds left this turn.\n|inactive|Azox & Zenter has 15 seconds left.\n|inactive|Azox & Zenter has 10 seconds left.\n|inactive|Azox & Zenter has 5 seconds left.\n|\n|t:|1700413312\n|switch|p1a: Toxapex|Toxapex, M|100\/100\n|move|p2a: Dragapult|Shadow Ball|p1a: Toxapex\n|-damage|p1a: Toxapex|59\/100\n|\n|-end|p2a: Dragapult|Magma Storm|[partiallytrapped]|[silent]\n|upkeep\n|turn|25\n|inactive|Azox & Zenter has 15 seconds left this turn.\n|inactive|Azox & Zenter has 10 seconds left.\n|inactive|TrosKith has 210 seconds left.\n|\n|t:|1700413328\n|switch|p2a: Clefable|Clefable, F|94\/100\n|move|p1a: Toxapex|Recover|p1a: Toxapex\n|-heal|p1a: Toxapex|100\/100\n|\n|upkeep\n|turn|26\n|inactive|Azox & Zenter has 20 seconds left this turn.\n|inactive|Azox & Zenter has 15 seconds left.\n|\n|t:|1700413337\n|switch|p1a: Rillaboom|Rillaboom, F, shiny|53\/100\n|-fieldstart|move: Grassy Terrain|[from] ability: Grassy Surge|[of] p1a: Rillaboom\n|move|p2a: Clefable|Moonblast|p1a: Rillaboom\n|-damage|p1a: Rillaboom|15\/100\n|\n|-heal|p1a: Rillaboom|21\/100|[from] Grassy Terrain\n|-heal|p2a: Clefable|99\/100|[from] Grassy Terrain\n|upkeep\n|turn|27\n|inactive|Azox & Zenter has 25 seconds left this turn.\n|\n|t:|1700413349\n|move|p1a: Rillaboom|U-turn|p2a: Clefable\n|-resisted|p2a: Clefable\n|-crit|p2a: Clefable\n|-damage|p2a: Clefable|85\/100\n|inactive|Azox & Zenter has 30 seconds left this turn.\n|\n|t:|1700413351\n|switch|p1a: Heatran|Heatran, M|45\/100|[from] U-turn\n|move|p2a: Clefable|Moonlight|p2a: Clefable\n|-heal|p2a: Clefable|100\/100\n|\n|-heal|p1a: Heatran|51\/100|[from] Grassy Terrain\n|upkeep\n|turn|28\n|inactive|Azox & Zenter has 30 seconds left.\n|inactive|TrosKith has 210 seconds left.\n|\n|t:|1700413387\n|move|p1a: Heatran|Taunt|p2a: Clefable\n|-start|p2a: Clefable|move: Taunt\n|cant|p2a: Clefable|move: Taunt|Encore\n|\n|-heal|p1a: Heatran|57\/100|[from] Grassy Terrain\n|upkeep\n|turn|29\n|\n|t:|1700413400\n|switch|p2a: Dragapult|Dragapult, F|45\/100\n|-damage|p2a: Dragapult|33\/100|[from] Stealth Rock\n|move|p1a: Heatran|Magma Storm|p2a: Dragapult\n|-resisted|p2a: Dragapult\n|-damage|p2a: Dragapult|4\/100\n|-activate|p2a: Dragapult|move: Magma Storm|[of] p1a: Heatran\n|\n|-heal|p2a: Dragapult|10\/100|[from] Grassy Terrain\n|-heal|p1a: Heatran|63\/100|[from] Grassy Terrain\n|-damage|p2a: Dragapult|0 fnt|[from] move: Magma Storm|[partiallytrapped]\n|faint|p2a: Dragapult\n|upkeep\n|\n|t:|1700413404\n|switch|p2a: Ogerpon|Ogerpon-Wellspring-Tera, F, tera:Water|23\/100\n|-damage|p2a: Ogerpon|10\/100|[from] Stealth Rock\n|-ability|p2a: Ogerpon|Embody Aspect (Wellspring)|boost\n|-boost|p2a: Ogerpon|spd|1\n|turn|30\n|\n|t:|1700413416\n|switch|p1a: Toxapex|Toxapex, M|100\/100\n|move|p2a: Ogerpon|Swords Dance|p2a: Ogerpon\n|-boost|p2a: Ogerpon|atk|2\n|\n|-heal|p2a: Ogerpon|16\/100|[from] Grassy Terrain\n|-fieldend|move: Grassy Terrain\n|upkeep\n|turn|31\n|\n|t:|1700413421\n|move|p2a: Ogerpon|Horn Leech|p1a: Toxapex\n|-damage|p1a: Toxapex|45\/100\n|-heal|p2a: Ogerpon|44\/100|[from] drain|[of] p1a: Toxapex\n|move|p1a: Toxapex|Haze|p1a: Toxapex\n|-clearallboost\n|\n|upkeep\n|turn|32\n|\n|t:|1700413432\n|switch|p1a: Rillaboom|Rillaboom, F, shiny|21\/100\n|-fieldstart|move: Grassy Terrain|[from] ability: Grassy Surge|[of] p1a: Rillaboom\n|move|p2a: Ogerpon|Substitute|p2a: Ogerpon\n|-start|p2a: Ogerpon|Substitute\n|-damage|p2a: Ogerpon|19\/100\n|\n|-heal|p2a: Ogerpon|25\/100|[from] Grassy Terrain\n|-heal|p1a: Rillaboom|27\/100|[from] Grassy Terrain\n|upkeep\n|turn|33\n|inactive|TrosKith has 210 seconds left.\n|\n|t:|1700413453\n|move|p1a: Rillaboom|Grassy Glide|p2a: Ogerpon\n|-supereffective|p2a: Ogerpon\n|-end|p2a: Ogerpon|Substitute\n|move|p2a: Ogerpon|Horn Leech|p1a: Rillaboom\n|-resisted|p1a: Rillaboom\n|-damage|p1a: Rillaboom|1\/100\n|-heal|p2a: Ogerpon|43\/100|[from] drain|[of] p1a: Rillaboom\n|\n|-heal|p2a: Ogerpon|49\/100|[from] Grassy Terrain\n|-heal|p1a: Rillaboom|7\/100|[from] Grassy Terrain\n|upkeep\n|turn|34\n|inactive|TrosKith has 210 seconds left.\n|\n|t:|1700413467\n|switch|p2a: Clefable|Clefable, F|100\/100\n|move|p1a: Rillaboom|Grassy Glide|p2a: Clefable\n|-damage|p2a: Clefable|69\/100\n|\n|-heal|p1a: Rillaboom|13\/100|[from] Grassy Terrain\n|-heal|p2a: Clefable|75\/100|[from] Grassy Terrain\n|upkeep\n|turn|35\n|inactive|TrosKith has 210 seconds left.\n|\n|t:|1700413476\n|switch|p2a: Cinderace|Cinderace, F|23\/100\n|move|p1a: Rillaboom|U-turn|p2a: Cinderace\n|-resisted|p2a: Cinderace\n|-damage|p2a: Cinderace|8\/100\n|\n|t:|1700413491\n|switch|p1a: Great Tusk|Great Tusk|88\/100 brn|[from] U-turn\n|\n|-heal|p2a: Cinderace|14\/100|[from] Grassy Terrain\n|-heal|p1a: Great Tusk|94\/100 brn|[from] Grassy Terrain\n|-damage|p1a: Great Tusk|88\/100 brn|[from] brn\n|upkeep\n|turn|36\n|\n|t:|1700413499\n|switch|p2a: Clefable|Clefable, F|75\/100\n|move|p1a: Great Tusk|Rapid Spin|p2a: Clefable\n|-damage|p2a: Clefable|69\/100\n|-boost|p1a: Great Tusk|spe|1\n|\n|-heal|p1a: Great Tusk|94\/100 brn|[from] Grassy Terrain\n|-heal|p2a: Clefable|75\/100|[from] Grassy Terrain\n|-damage|p1a: Great Tusk|88\/100 brn|[from] brn\n|-fieldend|move: Grassy Terrain\n|upkeep\n|turn|37\n|inactive|Azox & Zenter has 60 seconds left.\n|inactive|TrosKith has 210 seconds left.\n|\n|t:|1700413526\n|-end|p1a: Great Tusk|Protosynthesis|[silent]\n|switch|p1a: Heatran|Heatran, M|63\/100\n|move|p2a: Clefable|Moonlight|p2a: Clefable\n|-heal|p2a: Clefable|100\/100\n|\n|upkeep\n|turn|38\n|\n|t:|1700413533\n|switch|p2a: Cinderace|Cinderace, F|14\/100\n|move|p1a: Heatran|Magma Storm|p2a: Cinderace\n|-resisted|p2a: Cinderace\n|-crit|p2a: Cinderace\n|-damage|p2a: Cinderace|0 fnt\n|faint|p2a: Cinderace\n|\n|upkeep\n|\n|t:|1700413535\n|switch|p2a: Ogerpon|Ogerpon-Wellspring-Tera, F, tera:Water|49\/100\n|-damage|p2a: Ogerpon|36\/100|[from] Stealth Rock\n|-ability|p2a: Ogerpon|Embody Aspect (Wellspring)|boost\n|-boost|p2a: Ogerpon|spd|1\n|turn|39\n|inactive|Azox & Zenter has 60 seconds left.\n|\n|t:|1700413558\n|switch|p1a: Rillaboom|Rillaboom, F, shiny|13\/100\n|-fieldstart|move: Grassy Terrain|[from] ability: Grassy Surge|[of] p1a: Rillaboom\n|move|p2a: Ogerpon|Ivy Cudgel|p1a: Rillaboom\n|-resisted|p1a: Rillaboom\n|-damage|p1a: Rillaboom|0 fnt\n|faint|p1a: Rillaboom\n|\n|-heal|p2a: Ogerpon|42\/100|[from] Grassy Terrain\n|upkeep\n|inactive|Azox & Zenter has 60 seconds left.\n|\n|t:|1700413567\n|switch|p1a: Kingambit|Kingambit, M, tera:Fairy|94\/100 tox\n|-activate|p1a: Kingambit|ability: Supreme Overlord\n|-start|p1a: Kingambit|fallen2|[silent]\n|turn|40\n|inactive|TrosKith has 240 seconds left.\n|inactive|Azox & Zenter has 60 seconds left.\n|\n|t:|1700413598\n|switch|p2a: Kingambit|Kingambit, F|100\/100\n|-activate|p2a: Kingambit|ability: Supreme Overlord\n|-start|p2a: Kingambit|fallen3|[silent]\n|move|p1a: Kingambit|Tera Blast|p2a: Kingambit|[anim] Tera Blast Fairy\n|-damage|p2a: Kingambit|53\/100\n|\n|-heal|p1a: Kingambit|100\/100 tox|[from] Grassy Terrain\n|-heal|p2a: Kingambit|59\/100|[from] Grassy Terrain\n|-damage|p1a: Kingambit|94\/100 tox|[from] psn\n|upkeep\n|turn|41\n|inactive|TrosKith has 240 seconds left.\n|\n|t:|1700413616\n|-end|p1a: Kingambit|fallen2|[silent]\n|switch|p1a: Great Tusk|Great Tusk|88\/100 brn\n|move|p2a: Kingambit|Iron Head|p1a: Great Tusk\n|-damage|p1a: Great Tusk|44\/100 brn\n|\n|-heal|p1a: Great Tusk|51\/100 brn|[from] Grassy Terrain\n|-heal|p2a: Kingambit|65\/100|[from] Grassy Terrain\n|-damage|p1a: Great Tusk|44\/100 brn|[from] brn\n|upkeep\n|turn|42\n|inactive|Azox & Zenter has 30 seconds left.\n|inactive|TrosKith has 210 seconds left.\n|inactive|Azox & Zenter has 20 seconds left.\n|inactive|Azox & Zenter has 15 seconds left.\n|inactive|TrosKith has 180 seconds left.\n|\n|t:|1700413680\n|-end|p2a: Kingambit|fallen3|[silent]\n|switch|p2a: Clefable|Clefable, F|100\/100\n|move|p1a: Great Tusk|Headlong Rush|p2a: Clefable\n|-damage|p2a: Clefable|75\/100\n|-unboost|p1a: Great Tusk|def|1\n|-unboost|p1a: Great Tusk|spd|1\n|\n|-heal|p1a: Great Tusk|51\/100 brn|[from] Grassy Terrain\n|-heal|p2a: Clefable|81\/100|[from] Grassy Terrain\n|-damage|p1a: Great Tusk|44\/100 brn|[from] brn\n|upkeep\n|turn|43\n|inactive|Azox & Zenter has 25 seconds left this turn.\n|inactive|Azox & Zenter has 20 seconds left.\n|inactive|TrosKith has 180 seconds left.\n|inactive|Azox & Zenter has 15 seconds left.\n|\n|t:|1700413700\n|-end|p1a: Great Tusk|Protosynthesis|[silent]\n|switch|p1a: Kingambit|Kingambit, M, tera:Fairy|94\/100 tox\n|-activate|p1a: Kingambit|ability: Supreme Overlord\n|-start|p1a: Kingambit|fallen2|[silent]\n|move|p2a: Clefable|Moonblast|p1a: Kingambit\n|-damage|p1a: Kingambit|61\/100 tox\n|-unboost|p1a: Kingambit|spa|1\n|\n|-heal|p1a: Kingambit|67\/100 tox|[from] Grassy Terrain\n|-heal|p1a: Kingambit|73\/100 tox|[from] item: Leftovers\n|-heal|p2a: Clefable|88\/100|[from] Grassy Terrain\n|-damage|p1a: Kingambit|67\/100 tox|[from] psn\n|-fieldend|move: Grassy Terrain\n|upkeep\n|turn|44\n|inactive|Azox & Zenter has 25 seconds left this turn.\n|inactive|Azox & Zenter has 20 seconds left.\n|inactive|TrosKith has 180 seconds left.\n|\n|t:|1700413712\n|move|p1a: Kingambit|Tera Blast|p2a: Clefable|[anim] Tera Blast Fairy\n|-damage|p2a: Clefable|48\/100\n|move|p2a: Clefable|Encore|p1a: Kingambit\n|-start|p1a: Kingambit|Encore\n|\n|-heal|p1a: Kingambit|73\/100 tox|[from] item: Leftovers\n|-damage|p1a: Kingambit|61\/100 tox|[from] psn\n|upkeep\n|turn|45\n|inactive|Azox & Zenter has 30 seconds left this turn.\n|\n|t:|1700413718\n|-end|p1a: Kingambit|fallen2|[silent]\n|switch|p1a: Heatran|Heatran, M|63\/100\n|move|p2a: Clefable|Moonlight|p2a: Clefable\n|-heal|p2a: Clefable|98\/100\n|\n|upkeep\n|turn|46\n|inactive|Azox & Zenter has 30 seconds left.\n|inactive|Azox & Zenter has 20 seconds left.\n|inactive|TrosKith has 180 seconds left.\n|\n|t:|1700413754\n|move|p1a: Heatran|Taunt|p2a: Clefable\n|-start|p2a: Clefable|move: Taunt\n|cant|p2a: Clefable|move: Taunt|Encore\n|\n|upkeep\n|turn|47\n|inactive|Azox & Zenter has 30 seconds left this turn.\n|inactive|Azox & Zenter has 20 seconds left.\n|inactive|Azox & Zenter has 15 seconds left.\n|\n|t:|1700413771\n|move|p1a: Heatran|Taunt||[still]\n|-fail|p1a: Heatran\n|move|p2a: Clefable|Moonblast|p1a: Heatran\n|-resisted|p1a: Heatran\n|-damage|p1a: Heatran|57\/100\n|-unboost|p1a: Heatran|spa|1\n|\n|upkeep\n|turn|48\n|inactive|Azox & Zenter has 25 seconds left this turn.\n|inactive|Azox & Zenter has 20 seconds left.\n|inactive|Azox & Zenter has 15 seconds left.\n|\n|t:|1700413782\n|switch|p1a: Toxapex|Toxapex, M|78\/100\n|move|p2a: Clefable|Moonblast|p1a: Toxapex\n|-resisted|p1a: Toxapex\n|-damage|p1a: Toxapex|66\/100\n|\n|-end|p2a: Clefable|move: Taunt\n|upkeep\n|turn|49\n|inactive|Azox & Zenter has 25 seconds left this turn.\n|inactive|TrosKith has 180 seconds left.\n|\n|t:|1700413791\n|move|p2a: Clefable|Moonblast|p1a: Toxapex\n|-resisted|p1a: Toxapex\n|-damage|p1a: Toxapex|54\/100\n|-unboost|p1a: Toxapex|spa|1\n|move|p1a: Toxapex|Toxic|p2a: Clefable\n|-status|p2a: Clefable|tox\n|\n|upkeep\n|turn|50\n|inactive|Azox & Zenter has 30 seconds left.\n|inactive|TrosKith has 180 seconds left.\n|inactive|TrosKith has 150 seconds left.\n|\n|t:|1700413838\n|switch|p2a: Kingambit|Kingambit, F|65\/100\n|-activate|p2a: Kingambit|ability: Supreme Overlord\n|-start|p2a: Kingambit|fallen3|[silent]\n|switch|p1a: Heatran|Heatran, M|57\/100\n|\n|upkeep\n|turn|51\n|inactive|Azox & Zenter has 30 seconds left.\n|inactive|TrosKith has 150 seconds left.\n|\n|t:|1700413847\n|-end|p2a: Kingambit|fallen3|[silent]\n|switch|p2a: Clefable|Clefable, F|98\/100 tox\n|move|p1a: Heatran|Magma Storm|p2a: Clefable|[miss]\n|-miss|p1a: Heatran|p2a: Clefable\n|\n|upkeep\n|turn|52\n|inactive|TrosKith has 150 seconds left.\n|\n|t:|1700413863\n|move|p1a: Heatran|Earth Power|p2a: Clefable\n|-damage|p2a: Clefable|71\/100 tox\n|move|p2a: Clefable|Moonblast|p1a: Heatran\n|-resisted|p1a: Heatran\n|-damage|p1a: Heatran|53\/100\n|\n|upkeep\n|turn|53\n|inactive|TrosKith has 150 seconds left.\n|\n|t:|1700413870\n|move|p1a: Heatran|Taunt|p2a: Clefable\n|-start|p2a: Clefable|move: Taunt\n|move|p2a: Clefable|Moonblast|p1a: Heatran\n|-resisted|p1a: Heatran\n|-damage|p1a: Heatran|47\/100\n|-unboost|p1a: Heatran|spa|1\n|\n|upkeep\n|turn|54\n|inactive|TrosKith has 150 seconds left.\n|\n|t:|1700413887\n|switch|p2a: Kingambit|Kingambit, F|65\/100\n|-activate|p2a: Kingambit|ability: Supreme Overlord\n|-start|p2a: Kingambit|fallen3|[silent]\n|move|p1a: Heatran|Earth Power|p2a: Kingambit\n|-supereffective|p2a: Kingambit\n|-damage|p2a: Kingambit|25\/100\n|\n|upkeep\n|turn|55\n|inactive|TrosKith has 150 seconds left.\n|\n|t:|1700413906\n|switch|p1a: Toxapex|Toxapex, M|87\/100\n|move|p2a: Kingambit|Iron Head|p1a: Toxapex\n|-resisted|p1a: Toxapex\n|-damage|p1a: Toxapex|68\/100\n|\n|upkeep\n|turn|56\n|inactive|Azox & Zenter has 30 seconds left.\n|\n|t:|1700413931\n|move|p2a: Kingambit|Iron Head|p1a: Toxapex\n|-resisted|p1a: Toxapex\n|-damage|p1a: Toxapex|50\/100\n|move|p1a: Toxapex|Surf|p2a: Kingambit\n|-damage|p2a: Kingambit|5\/100\n|\n|upkeep\n|turn|57\n|\n|t:|1700413951\n|move|p2a: Kingambit|Swords Dance|p2a: Kingambit\n|-boost|p2a: Kingambit|atk|2\n|move|p1a: Toxapex|Surf|p2a: Kingambit\n|-damage|p2a: Kingambit|0 fnt\n|faint|p2a: Kingambit\n|-end|p2a: Kingambit|fallen3|[silent]\n|\n|upkeep\n|\n|t:|1700413952\n|switch|p2a: Ogerpon|Ogerpon-Wellspring-Tera, F, tera:Water|42\/100\n|-damage|p2a: Ogerpon|30\/100|[from] Stealth Rock\n|-ability|p2a: Ogerpon|Embody Aspect (Wellspring)|boost\n|-boost|p2a: Ogerpon|spd|1\n|turn|58\n|inactive|Azox & Zenter has 30 seconds left.\n|inactive|Azox & Zenter has 20 seconds left.\n|inactive|Azox & Zenter has 15 seconds left.\n|inactive|Azox & Zenter has 10 seconds left.\n|inactive|Azox & Zenter has 5 seconds left.\n|\n|t:|1700413998\n|switch|p1a: Kingambit|Kingambit, M, tera:Fairy|61\/100 tox\n|-activate|p1a: Kingambit|ability: Supreme Overlord\n|-start|p1a: Kingambit|fallen2|[silent]\n|move|p2a: Ogerpon|Substitute|p2a: Ogerpon\n|-start|p2a: Ogerpon|Substitute\n|-damage|p2a: Ogerpon|5\/100\n|\n|-heal|p1a: Kingambit|67\/100 tox|[from] item: Leftovers\n|-damage|p1a: Kingambit|61\/100 tox|[from] psn\n|upkeep\n|turn|59\n|inactive|Azox & Zenter has 15 seconds left this turn.\n|inactive|Azox & Zenter has 10 seconds left.\n|\n|t:|1700414003\n|move|p2a: Ogerpon|Swords Dance|p2a: Ogerpon\n|-boost|p2a: Ogerpon|atk|2\n|move|p1a: Kingambit|Tera Blast|p2a: Ogerpon|[anim] Tera Blast Fairy\n|-end|p2a: Ogerpon|Substitute\n|\n|-heal|p1a: Kingambit|67\/100 tox|[from] item: Leftovers\n|-damage|p1a: Kingambit|55\/100 tox|[from] psn\n|upkeep\n|turn|60\n|inactive|Azox & Zenter has 20 seconds left this turn.\n|inactive|Azox & Zenter has 15 seconds left.\n|inactive|Azox & Zenter has 10 seconds left.\n|\n|t:|1700414017\n|move|p2a: Ogerpon|Horn Leech|p1a: Kingambit\n|-damage|p1a: Kingambit|0 fnt\n|-heal|p2a: Ogerpon|36\/100|[from] drain|[of] p1a: Kingambit\n|faint|p1a: Kingambit\n|-end|p1a: Kingambit|fallen2|[silent]\n|\n|upkeep\n|inactive|Azox & Zenter has 15 seconds left this turn.\n|inactive|Azox & Zenter has 10 seconds left.\n|\n|t:|1700414027\n|switch|p1a: Toxapex|Toxapex, M|84\/100\n|turn|61\n|inactive|Azox & Zenter has 20 seconds left this turn.\n|\n|t:|1700414030\n|move|p2a: Ogerpon|Substitute|p2a: Ogerpon\n|-start|p2a: Ogerpon|Substitute\n|-damage|p2a: Ogerpon|11\/100\n|move|p1a: Toxapex|Haze|p1a: Toxapex\n|-clearallboost\n|\n|upkeep\n|turn|62\n|inactive|Azox & Zenter has 30 seconds left this turn.\n|c|\u2606Azox & Zenter|sad\n|c|\u2606Azox & Zenter|gg\n|\n|t:|1700414036\n|move|p2a: Ogerpon|Swords Dance|p2a: Ogerpon\n|-boost|p2a: Ogerpon|atk|2\n|move|p1a: Toxapex|Surf|p2a: Ogerpon\n|-resisted|p2a: Ogerpon\n|-activate|p2a: Ogerpon|move: Substitute|[damage]\n|\n|upkeep\n|turn|63\n|\n|t:|1700414044\n|move|p2a: Ogerpon|Horn Leech|p1a: Toxapex\n|-damage|p1a: Toxapex|31\/100\n|-heal|p2a: Ogerpon|38\/100|[from] drain|[of] p1a: Toxapex\n|move|p1a: Toxapex|Haze|p1a: Toxapex\n|-clearallboost\n|\n|upkeep\n|turn|64\n|inactive|TrosKith has 180 seconds left.\n|\n|t:|1700414049\n|move|p2a: Ogerpon|Swords Dance|p2a: Ogerpon\n|-boost|p2a: Ogerpon|atk|2\n|move|p1a: Toxapex|Recover|p1a: Toxapex\n|-heal|p1a: Toxapex|81\/100\n|\n|upkeep\n|turn|65\n|\n|t:|1700414056\n|move|p2a: Ogerpon|Horn Leech|p1a: Toxapex\n|-damage|p1a: Toxapex|23\/100\n|-heal|p2a: Ogerpon|67\/100|[from] drain|[of] p1a: Toxapex\n|move|p1a: Toxapex|Recover|p1a: Toxapex\n|-heal|p1a: Toxapex|73\/100\n|\n|upkeep\n|turn|66\n|\n|t:|1700414063\n|move|p2a: Ogerpon|Ivy Cudgel|p1a: Toxapex\n|-resisted|p1a: Toxapex\n|-damage|p1a: Toxapex|20\/100\n|move|p1a: Toxapex|Haze|p1a: Toxapex\n|-clearallboost\n|\n|upkeep\n|turn|67\n|\n|t:|1700414068\n|move|p2a: Ogerpon|Swords Dance|p2a: Ogerpon\n|-boost|p2a: Ogerpon|atk|2\n|move|p1a: Toxapex|Recover|p1a: Toxapex\n|-heal|p1a: Toxapex|70\/100\n|\n|upkeep\n|turn|68\n|\n|t:|1700414076\n|switch|p1a: Great Tusk|Great Tusk|44\/100 brn\n|move|p2a: Ogerpon|Ivy Cudgel|p1a: Great Tusk\n|-supereffective|p1a: Great Tusk\n|-damage|p1a: Great Tusk|0 fnt\n|faint|p1a: Great Tusk\n|-end|p1a: Great Tusk|Protosynthesis|[silent]\n|\n|upkeep\n|\n|t:|1700414079\n|switch|p1a: Toxapex|Toxapex, M|100\/100\n|turn|69\n|\n|t:|1700414085\n|move|p2a: Ogerpon|Horn Leech|p1a: Toxapex\n|-damage|p1a: Toxapex|47\/100\n|-heal|p2a: Ogerpon|95\/100|[from] drain|[of] p1a: Toxapex\n|move|p1a: Toxapex|Haze|p1a: Toxapex\n|-clearallboost\n|\n|upkeep\n|turn|70\n|\n|t:|1700414090\n|move|p2a: Ogerpon|Swords Dance|p2a: Ogerpon\n|-boost|p2a: Ogerpon|atk|2\n|move|p1a: Toxapex|Recover|p1a: Toxapex\n|-heal|p1a: Toxapex|97\/100\n|\n|upkeep\n|turn|71\n|\n|t:|1700414094\n|move|p2a: Ogerpon|Ivy Cudgel|p1a: Toxapex\n|-resisted|p1a: Toxapex\n|-damage|p1a: Toxapex|45\/100\n|move|p1a: Toxapex|Haze|p1a: Toxapex\n|-clearallboost\n|\n|upkeep\n|turn|72\n|\n|t:|1700414100\n|move|p2a: Ogerpon|Horn Leech|p1a: Toxapex\n|-damage|p1a: Toxapex|17\/100\n|-heal|p2a: Ogerpon|100\/100|[from] drain|[of] p1a: Toxapex\n|move|p1a: Toxapex|Recover|p1a: Toxapex\n|-heal|p1a: Toxapex|67\/100\n|\n|upkeep\n|turn|73\n|\n|t:|1700414105\n|move|p2a: Ogerpon|Swords Dance|p2a: Ogerpon\n|-boost|p2a: Ogerpon|atk|2\n|move|p1a: Toxapex|Surf|p2a: Ogerpon\n|-resisted|p2a: Ogerpon\n|-activate|p2a: Ogerpon|move: Substitute|[damage]\n|\n|upkeep\n|turn|74\n|\n|t:|1700414110\n|move|p2a: Ogerpon|Ivy Cudgel|p1a: Toxapex\n|-resisted|p1a: Toxapex\n|-damage|p1a: Toxapex|18\/100\n|move|p1a: Toxapex|Surf|p2a: Ogerpon\n|-resisted|p2a: Ogerpon\n|-end|p2a: Ogerpon|Substitute\n|\n|upkeep\n|turn|75\n|\n|t:|1700414115\n|move|p2a: Ogerpon|Ivy Cudgel|p1a: Toxapex\n|-resisted|p1a: Toxapex\n|-damage|p1a: Toxapex|0 fnt\n|faint|p1a: Toxapex\n|\n|upkeep\n|c|\u2606TrosKith|gg\n|-message|Azox & Zenter forfeited.\n|\n|win|TrosKith\n|player|p2|TrosKith|ballguy\n|player|p2|\n","uploadtime":1700414121,"views":26,"p1id":"azoxzenter","p2id":"troskith","formatid":"gen9ubers","rating":0,"private":0,"password":""}