{"id":"smogtours-gen9ubers-728986","p1":"Kate","p2":"Entrocefalo","format":"[Gen 9] Ubers","log":"|inactive|Battle timer is ON: inactive players will automatically lose when time's up.\n|t:|1699204573\n|gametype|singles\n|player|p1|Kate|#kate|\n|player|p2|Entrocefalo|#scl3machines2|\n|teamsize|p1|6\n|teamsize|p2|6\n|gen|9\n|tier|[Gen 9] Ubers\n|rule|Sleep Clause Mod: Limit one foe put to sleep\n|rule|Species Clause: Limit one of each Pok\u00e9mon\n|rule|OHKO Clause: OHKO moves are banned\n|rule|Evasion Items Clause: Evasion items are banned\n|rule|Evasion Moves Clause: Evasion moves are banned\n|rule|Endless Battle Clause: Forcing endless battles is banned\n|rule|HP Percentage Mod: HP is shown in percentages\n|clearpoke\n|poke|p1|Ribombee, M|\n|poke|p1|Arceus-Ground|\n|poke|p1|Grimmsnarl, M|\n|poke|p1|Miraidon|\n|poke|p1|Koraidon|\n|poke|p1|Basculegion, M|\n|poke|p2|Giratina-Origin|\n|poke|p2|Dondozo, F|\n|poke|p2|Blissey, F|\n|poke|p2|Arceus-Fairy|\n|poke|p2|Clodsire, F|\n|poke|p2|Miraidon|\n|teampreview\n|c|\u2606Entrocefalo|hf\n|c|\u2606Kate|Hf\n|inactive|Kate has 270 seconds left.\n|inactive|Entrocefalo has 270 seconds left.\n|\n|t:|1699204630\n|start\n|switch|p1a: Arceus|Arceus-Ground|100\/100\n|switch|p2a: Clodsire|Clodsire, F|100\/100\n|turn|1\n|\n|t:|1699204642\n|switch|p2a: Giratina|Giratina-Origin|100\/100\n|move|p1a: Arceus|Taunt|p2a: Giratina\n|-start|p2a: Giratina|move: Taunt\n|\n|upkeep\n|turn|2\n|\n|t:|1699204649\n|move|p1a: Arceus|Ice Beam|p2a: Giratina\n|-supereffective|p2a: Giratina\n|-crit|p2a: Giratina\n|-damage|p2a: Giratina|38\/100\n|move|p2a: Giratina|Hex|p1a: Arceus\n|-damage|p1a: Arceus|81\/100\n|\n|upkeep\n|turn|3\n|\n|t:|1699204653\n|switch|p2a: Blissey|Blissey, F|100\/100\n|move|p1a: Arceus|Ice Beam|p2a: Blissey\n|-damage|p2a: Blissey|93\/100\n|\n|upkeep\n|turn|4\n|\n|t:|1699204657\n|move|p1a: Arceus|Stealth Rock|p2a: Blissey\n|-sidestart|p2: Entrocefalo|move: Stealth Rock\n|move|p2a: Blissey|Seismic Toss|p1a: Arceus\n|-damage|p1a: Arceus|54\/100\n|\n|upkeep\n|turn|5\n|inactive|Entrocefalo has 270 seconds left.\n|\n|t:|1699204688\n|move|p1a: Arceus|Taunt|p2a: Blissey\n|-start|p2a: Blissey|move: Taunt\n|move|p2a: Blissey|Seismic Toss|p1a: Arceus\n|-damage|p1a: Arceus|28\/100\n|\n|upkeep\n|turn|6\n|inactive|Entrocefalo has 270 seconds left.\n|inactive|Kate has 270 seconds left.\n|\n|t:|1699204727\n|move|p1a: Arceus|Judgment|p2a: Blissey\n|-damage|p2a: Blissey|76\/100\n|move|p2a: Blissey|Seismic Toss|p1a: Arceus\n|-damage|p1a: Arceus|2\/100\n|\n|upkeep\n|turn|7\n|inactive|Kate has 270 seconds left.\n|inactive|Entrocefalo has 240 seconds left.\n|\n|t:|1699204753\n|move|p1a: Arceus|Judgment|p2a: Blissey\n|-damage|p2a: Blissey|58\/100\n|move|p2a: Blissey|Seismic Toss|p1a: Arceus\n|-damage|p1a: Arceus|0 fnt\n|faint|p1a: Arceus\n|\n|-end|p2a: Blissey|move: Taunt\n|upkeep\n|\n|t:|1699204759\n|switch|p1a: Koraidon|Koraidon|100\/100\n|-weather|SunnyDay|[from] ability: Orichalcum Pulse|[of] p1a: Koraidon\n|-activate|p1a: Koraidon|Orichalcum Pulse|[source]\n|turn|8\n|inactive|Entrocefalo has 240 seconds left.\n|\n|t:|1699204771\n|switch|p2a: Dondozo|Dondozo, F|100\/100\n|move|p1a: Koraidon|Low Kick|p2a: Dondozo\n|-damage|p2a: Dondozo|62\/100\n|\n|-weather|SunnyDay|[upkeep]\n|upkeep\n|turn|9\n|inactive|Entrocefalo has 240 seconds left.\n|inactive|Kate has 240 seconds left.\n|\n|t:|1699204805\n|switch|p1a: Miraidon|Miraidon|100\/100\n|-fieldstart|move: Electric Terrain|[from] ability: Hadron Engine|[of] p1a: Miraidon\n|move|p2a: Dondozo|Avalanche|p1a: Miraidon\n|-supereffective|p1a: Miraidon\n|-damage|p1a: Miraidon|72\/100\n|\n|-weather|SunnyDay|[upkeep]\n|upkeep\n|turn|10\n|inactive|Kate has 240 seconds left.\n|\n|t:|1699204823\n|switch|p2a: Giratina|Giratina-Origin|38\/100\n|-damage|p2a: Giratina|25\/100|[from] Stealth Rock\n|move|p1a: Miraidon|Draco Meteor|p2a: Giratina\n|-supereffective|p2a: Giratina\n|-damage|p2a: Giratina|0 fnt\n|-unboost|p1a: Miraidon|spa|2\n|faint|p2a: Giratina\n|\n|-weather|SunnyDay|[upkeep]\n|upkeep\n|\n|t:|1699204828\n|switch|p2a: Arceus|Arceus-Fairy|100\/100\n|-damage|p2a: Arceus|88\/100|[from] Stealth Rock\n|turn|11\n|\n|t:|1699204833\n|switch|p1a: Ribombee|Ribombee, M|100\/100\n|move|p2a: Arceus|Judgment|p1a: Ribombee\n|-damage|p1a: Ribombee|16\/100\n|\n|-weather|SunnyDay|[upkeep]\n|upkeep\n|turn|12\n|\n|t:|1699204843\n|move|p1a: Ribombee|Stun Spore|p2a: Arceus\n|-status|p2a: Arceus|par\n|move|p2a: Arceus|Judgment|p1a: Ribombee\n|-damage|p1a: Ribombee|0 fnt\n|faint|p1a: Ribombee\n|\n|-weather|none\n|upkeep\n|\n|t:|1699204850\n|switch|p1a: Grimmsnarl|Grimmsnarl, M|100\/100\n|turn|13\n|inactive|Entrocefalo has 240 seconds left.\n|inactive|Entrocefalo has 210 seconds left.\n|\n|t:|1699204896\n|move|p1a: Grimmsnarl|Taunt|p2a: Arceus\n|-start|p2a: Arceus|move: Taunt\n|cant|p2a: Arceus|move: Taunt|Taunt\n|\n|-fieldend|move: Electric Terrain\n|upkeep\n|turn|14\n|inactive|Kate has 270 seconds left.\n|inactive|Entrocefalo has 210 seconds left.\n|\n|t:|1699204903\n|move|p1a: Grimmsnarl|Light Screen|p1a: Grimmsnarl\n|-sidestart|p1: Kate|move: Light Screen\n|move|p2a: Arceus|Judgment|p1a: Grimmsnarl\n|-supereffective|p1a: Grimmsnarl\n|-damage|p1a: Grimmsnarl|65\/100\n|\n|upkeep\n|turn|15\n|\n|t:|1699204910\n|switch|p2a: Clodsire|Clodsire, F|100\/100\n|-damage|p2a: Clodsire|94\/100|[from] Stealth Rock\n|move|p1a: Grimmsnarl|Play Rough|p2a: Clodsire|[miss]\n|-miss|p1a: Grimmsnarl|p2a: Clodsire\n|\n|upkeep\n|turn|16\n|\n|t:|1699204916\n|move|p1a: Grimmsnarl|Taunt|p2a: Clodsire\n|-start|p2a: Clodsire|move: Taunt\n|move|p2a: Clodsire|Poison Jab|p1a: Grimmsnarl\n|-supereffective|p1a: Grimmsnarl\n|-damage|p1a: Grimmsnarl|12\/100\n|\n|upkeep\n|turn|17\n|\n|t:|1699204923\n|switch|p2a: Miraidon|Miraidon|100\/100\n|-fieldstart|move: Electric Terrain|[from] ability: Hadron Engine|[of] p2a: Miraidon\n|move|p1a: Grimmsnarl|Reflect|p1a: Grimmsnarl\n|-sidestart|p1: Kate|Reflect\n|\n|upkeep\n|turn|18\n|\n|t:|1699204929\n|move|p2a: Miraidon|Electro Drift|p1a: Grimmsnarl\n|-damage|p1a: Grimmsnarl|0 fnt\n|faint|p1a: Grimmsnarl\n|\n|upkeep\n|\n|t:|1699204941\n|switch|p1a: Koraidon|Koraidon|100\/100\n|-weather|SunnyDay|[from] ability: Orichalcum Pulse|[of] p1a: Koraidon\n|-activate|p1a: Koraidon|Orichalcum Pulse|[source]\n|turn|19\n|inactive|Entrocefalo has 240 seconds left.\n|inactive|Kate has 270 seconds left.\n|inactive|Entrocefalo has 210 seconds left.\n|inactive|Kate has 240 seconds left.\n|inactive|Entrocefalo has 180 seconds left.\n|inactive|Entrocefalo has 150 seconds left.\n|\n|t:|1699205040\n|move|p1a: Koraidon|Scale Shot|p2a: Miraidon\n|-supereffective|p2a: Miraidon\n|-damage|p2a: Miraidon|65\/100\n|-supereffective|p2a: Miraidon\n|-damage|p2a: Miraidon|30\/100\n|-supereffective|p2a: Miraidon\n|-damage|p2a: Miraidon|0 fnt\n|faint|p2a: Miraidon\n|-hitcount|p2: Miraidon|3\n|-unboost|p1a: Koraidon|def|1\n|-boost|p1a: Koraidon|spe|1\n|\n|-weather|SunnyDay|[upkeep]\n|upkeep\n|inactive|Entrocefalo has 150 seconds left.\n|inactive|Entrocefalo has 120 seconds left.\n|inactive|Entrocefalo has 90 seconds left.\n|\n|t:|1699205114\n|switch|p2a: Dondozo|Dondozo, F|62\/100\n|turn|20\n|inactive|Entrocefalo has 90 seconds left.\n|\n|t:|1699205127\n|-terastallize|p2a: Dondozo|Fairy\n|move|p1a: Koraidon|Low Kick|p2a: Dondozo\n|-resisted|p2a: Dondozo\n|-damage|p2a: Dondozo|41\/100\n|move|p2a: Dondozo|Avalanche|p1a: Koraidon\n|-supereffective|p1a: Koraidon\n|-damage|p1a: Koraidon|78\/100\n|\n|-weather|SunnyDay|[upkeep]\n|upkeep\n|turn|21\n|inactive|Entrocefalo has 90 seconds left.\n|\n|t:|1699205146\n|switch|p1a: Basculegion|Basculegion, M|100\/100\n|move|p2a: Dondozo|Rest||[still]\n|-activate|p2a: Dondozo|move: Electric Terrain\n|-fail|p2a: Dondozo\n|\n|-weather|SunnyDay|[upkeep]\n|-sideend|p1: Kate|move: Light Screen\n|-fieldend|move: Electric Terrain\n|upkeep\n|turn|22\n|\n|t:|1699205156\n|move|p1a: Basculegion|Last Respects|p2a: Dondozo\n|-damage|p2a: Dondozo|0 fnt\n|faint|p2a: Dondozo\n|-damage|p1a: Basculegion|91\/100|[from] item: Life Orb\n|\n|-weather|SunnyDay|[upkeep]\n|upkeep\n|inactive|Entrocefalo has 60 seconds left.\n|\n|t:|1699205207\n|switch|p2a: Arceus|Arceus-Fairy|88\/100 par\n|-damage|p2a: Arceus|76\/100 par|[from] Stealth Rock\n|turn|23\n|\n|t:|1699205211\n|move|p1a: Basculegion|Last Respects|p2a: Arceus\n|-damage|p2a: Arceus|0 fnt\n|faint|p2a: Arceus\n|-damage|p1a: Basculegion|81\/100|[from] item: Life Orb\n|\n|-weather|none\n|upkeep\n|c|\u2606Entrocefalo|gg\n|c|\u2606Kate|Ggs\n|-message|Entrocefalo forfeited.\n|\n|win|Kate\n","uploadtime":1699205219,"views":124,"p1id":"kate","p2id":"entrocefalo","formatid":"gen9ubers","rating":0,"private":0,"password":""}