{"id":"smogtours-gen9ubers-732778","p1":"RichardMillePlain","p2":"Exiline","format":"[Gen 9] Ubers","log":"|inactive|Battle timer is ON: inactive players will automatically lose when time's up.\n|t:|1701030055\n|gametype|singles\n|player|p1|RichardMillePlain|lucas|\n|player|p2|Exiline|juggler|\n|teamsize|p1|6\n|teamsize|p2|6\n|gen|9\n|tier|[Gen 9] Ubers\n|rule|Sleep Clause Mod: Limit one foe put to sleep\n|rule|Species Clause: Limit one of each Pok\u00e9mon\n|rule|OHKO Clause: OHKO moves are banned\n|rule|Evasion Items Clause: Evasion items are banned\n|rule|Evasion Moves Clause: Evasion moves are banned\n|rule|Endless Battle Clause: Forcing endless battles is banned\n|rule|HP Percentage Mod: HP is shown in percentages\n|clearpoke\n|poke|p1|Gliscor, F|\n|poke|p1|Skeledirge, M|\n|poke|p1|Koraidon|\n|poke|p1|Arceus-Fairy|\n|poke|p1|Great Tusk|\n|poke|p1|Blissey, F|\n|poke|p2|Ribombee, F|\n|poke|p2|Zacian-*|\n|poke|p2|Koraidon|\n|poke|p2|Miraidon|\n|poke|p2|Basculegion, M|\n|poke|p2|Arceus-Ground|\n|teampreview\n|c|\u2606Exiline|h_f\n|c|\u2606RichardMillePlain|hf\n|c|+avarice|lgi\n|inactive|Exiline has 270 seconds left.\n|raw|<div class=\"broadcast-red\"><strong>Moderated chat was set to \u2606!<\/strong><br \/>Only users of rank \u2606 and higher can talk.<\/div>\n|inactive|RichardMillePlain has 270 seconds left.\n|inactive|Exiline has 240 seconds left.\n|inactive|RichardMillePlain has 240 seconds left.\n|inactive|Exiline has 210 seconds left.\n|inactive|RichardMillePlain has 210 seconds left.\n|\n|t:|1701030157\n|start\n|switch|p1a: Gliscor|Gliscor, F|100\/100\n|switch|p2a: Arceus|Arceus-Ground|100\/100\n|turn|1\n|\n|t:|1701030162\n|switch|p1a: Blissey|Blissey, F|100\/100\n|move|p2a: Arceus|Substitute|p2a: Arceus\n|-start|p2a: Arceus|Substitute\n|-damage|p2a: Arceus|76\/100\n|\n|upkeep\n|turn|2\n|\n|t:|1701030168\n|switch|p1a: Koraidon|Koraidon|100\/100\n|-weather|SunnyDay|[from] ability: Orichalcum Pulse|[of] p1a: Koraidon\n|-activate|p1a: Koraidon|Orichalcum Pulse|[source]\n|move|p2a: Arceus|Dragon Dance|p2a: Arceus\n|-boost|p2a: Arceus|atk|1\n|-boost|p2a: Arceus|spe|1\n|\n|-weather|SunnyDay|[upkeep]\n|upkeep\n|turn|3\n|inactive|RichardMillePlain has 270 seconds left.\n|inactive|Exiline has 270 seconds left.\n|inactive|RichardMillePlain has 240 seconds left.\n|\n|t:|1701030240\n|move|p1a: Koraidon|U-turn|p2a: Arceus\n|-activate|p2a: Arceus|move: Substitute|[damage]\n|\n|t:|1701030242\n|switch|p1a: Gliscor|Gliscor, F|100\/100|[from] U-turn\n|move|p2a: Arceus|Dragon Dance|p2a: Arceus\n|-boost|p2a: Arceus|atk|1\n|-boost|p2a: Arceus|spe|1\n|\n|-weather|SunnyDay|[upkeep]\n|-status|p1a: Gliscor|tox|[from] item: Toxic Orb\n|upkeep\n|turn|4\n|\n|t:|1701030246\n|move|p2a: Arceus|Ice Beam|p1a: Gliscor\n|-supereffective|p1a: Gliscor\n|-damage|p1a: Gliscor|11\/100 tox\n|move|p1a: Gliscor|Earthquake|p2a: Arceus\n|-end|p2a: Arceus|Substitute\n|\n|-weather|SunnyDay|[upkeep]\n|-heal|p1a: Gliscor|24\/100 tox|[from] ability: Poison Heal\n|upkeep\n|turn|5\n|\n|t:|1701030255\n|move|p1a: Gliscor|Protect|p1a: Gliscor\n|-singleturn|p1a: Gliscor|Protect\n|move|p2a: Arceus|Substitute|p2a: Arceus\n|-start|p2a: Arceus|Substitute\n|-damage|p2a: Arceus|51\/100\n|\n|-weather|SunnyDay|[upkeep]\n|-heal|p1a: Gliscor|36\/100 tox|[from] ability: Poison Heal\n|upkeep\n|turn|6\n|\n|t:|1701030267\n|switch|p1a: Skeledirge|Skeledirge, M|100\/100\n|move|p2a: Arceus|Dragon Dance|p2a: Arceus\n|-boost|p2a: Arceus|atk|1\n|-boost|p2a: Arceus|spe|1\n|\n|-weather|none\n|upkeep\n|turn|7\n|\n|t:|1701030278\n|-terastallize|p1a: Skeledirge|Fairy\n|move|p2a: Arceus|Earthquake|p1a: Skeledirge\n|-damage|p1a: Skeledirge|63\/100\n|move|p1a: Skeledirge|Torch Song|p2a: Arceus\n|-damage|p2a: Arceus|30\/100\n|-boost|p1a: Skeledirge|spa|1\n|\n|upkeep\n|turn|8\n|\n|t:|1701030293\n|move|p2a: Arceus|Earthquake|p1a: Skeledirge\n|-damage|p1a: Skeledirge|22\/100\n|move|p1a: Skeledirge|Slack Off|p1a: Skeledirge\n|-heal|p1a: Skeledirge|72\/100\n|\n|upkeep\n|turn|9\n|\n|t:|1701030301\n|switch|p2a: Ribombee|Ribombee, F|100\/100\n|move|p1a: Skeledirge|Slack Off|p1a: Skeledirge\n|-heal|p1a: Skeledirge|100\/100\n|\n|upkeep\n|turn|10\n|\n|t:|1701030305\n|switch|p1a: Gliscor|Gliscor, F|36\/100 tox\n|move|p2a: Ribombee|Sticky Web|p1a: Gliscor\n|-sidestart|p1: RichardMillePlain|move: Sticky Web\n|\n|-heal|p1a: Gliscor|49\/100 tox|[from] ability: Poison Heal\n|upkeep\n|turn|11\n|\n|t:|1701030309\n|move|p2a: Ribombee|Psychic|p1a: Gliscor\n|-damage|p1a: Gliscor|21\/100 tox\n|move|p1a: Gliscor|Spikes|p2a: Ribombee\n|-sidestart|p2: Exiline|Spikes\n|\n|-heal|p1a: Gliscor|34\/100 tox|[from] ability: Poison Heal\n|upkeep\n|turn|12\n|\n|t:|1701030317\n|move|p2a: Ribombee|Psychic|p1a: Gliscor\n|-damage|p1a: Gliscor|7\/100 tox\n|move|p1a: Gliscor|Spikes|p2a: Ribombee\n|-sidestart|p2: Exiline|Spikes\n|\n|-heal|p1a: Gliscor|20\/100 tox|[from] ability: Poison Heal\n|upkeep\n|turn|13\n|\n|t:|1701030323\n|move|p1a: Gliscor|Protect|p1a: Gliscor\n|-singleturn|p1a: Gliscor|Protect\n|move|p2a: Ribombee|Psychic|p1a: Gliscor\n|-activate|p1a: Gliscor|move: Protect\n|\n|-heal|p1a: Gliscor|32\/100 tox|[from] ability: Poison Heal\n|upkeep\n|turn|14\n|\n|t:|1701030325\n|move|p2a: Ribombee|Psychic|p1a: Gliscor\n|-damage|p1a: Gliscor|5\/100 tox\n|move|p1a: Gliscor|Spikes|p2a: Ribombee\n|-sidestart|p2: Exiline|Spikes\n|\n|-heal|p1a: Gliscor|18\/100 tox|[from] ability: Poison Heal\n|upkeep\n|turn|15\n|\n|t:|1701030329\n|move|p1a: Gliscor|Protect|p1a: Gliscor\n|-singleturn|p1a: Gliscor|Protect\n|move|p2a: Ribombee|Psychic|p1a: Gliscor\n|-activate|p1a: Gliscor|move: Protect\n|\n|-heal|p1a: Gliscor|30\/100 tox|[from] ability: Poison Heal\n|upkeep\n|turn|16\n|\n|t:|1701030342\n|switch|p1a: Blissey|Blissey, F|100\/100\n|move|p2a: Ribombee|Psychic|p1a: Blissey\n|-damage|p1a: Blissey|93\/100\n|-unboost|p1a: Blissey|spd|1\n|\n|upkeep\n|turn|17\n|\n|t:|1701030360\n|switch|p2a: Arceus|Arceus-Ground|30\/100\n|-damage|p2a: Arceus|5\/100|[from] Spikes\n|move|p1a: Blissey|Stealth Rock|p2a: Arceus\n|-sidestart|p2: Exiline|move: Stealth Rock\n|\n|upkeep\n|turn|18\n|\n|t:|1701030384\n|switch|p1a: Gliscor|Gliscor, F|30\/100 tox\n|move|p2a: Arceus|Ice Beam|p1a: Gliscor\n|-supereffective|p1a: Gliscor\n|-damage|p1a: Gliscor|0 fnt\n|faint|p1a: Gliscor\n|\n|upkeep\n|\n|t:|1701030386\n|switch|p1a: Great Tusk|Great Tusk|100\/100\n|turn|19\n|\n|t:|1701030394\n|move|p1a: Great Tusk|Rapid Spin|p2a: Arceus\n|-damage|p2a: Arceus|0 fnt\n|-boost|p1a: Great Tusk|spe|1\n|-sideend|p1: RichardMillePlain|Sticky Web|[from] move: Rapid Spin|[of] p1a: Great Tusk\n|faint|p2a: Arceus\n|\n|upkeep\n|inactive|Exiline has 270 seconds left.\n|inactive|Exiline has 240 seconds left.\n|\n|t:|1701030451\n|switch|p2a: Ribombee|Ribombee, F|100\/100\n|-damage|p2a: Ribombee|76\/100|[from] Spikes\n|-damage|p2a: Ribombee|51\/100|[from] Stealth Rock\n|turn|20\n|inactive|Exiline has 240 seconds left.\n|\n|t:|1701030473\n|move|p1a: Great Tusk|Ice Spinner|p2a: Ribombee\n|-damage|p2a: Ribombee|0 fnt\n|faint|p2a: Ribombee\n|\n|upkeep\n|inactive|Exiline has 210 seconds left.\n|\n|t:|1701030520\n|switch|p2a: Miraidon|Miraidon|100\/100\n|-damage|p2a: Miraidon|75\/100|[from] Spikes\n|-damage|p2a: Miraidon|63\/100|[from] Stealth Rock\n|-fieldstart|move: Electric Terrain|[from] ability: Hadron Engine|[of] p2a: Miraidon\n|-enditem|p2a: Miraidon|Electric Seed\n|-boost|p2a: Miraidon|def|1|[from] item: Electric Seed\n|turn|21\n|\n|t:|1701030541\n|-end|p1a: Great Tusk|Protosynthesis|[silent]\n|switch|p1a: Blissey|Blissey, F|93\/100\n|-terastallize|p2a: Miraidon|Ghost\n|move|p2a: Miraidon|Dragon Pulse|p1a: Blissey\n|-damage|p1a: Blissey|72\/100\n|\n|upkeep\n|turn|22\n|\n|t:|1701030548\n|switch|p1a: Arceus|Arceus-Fairy|100\/100\n|move|p2a: Miraidon|Calm Mind|p2a: Miraidon\n|-boost|p2a: Miraidon|spa|1\n|-boost|p2a: Miraidon|spd|1\n|\n|upkeep\n|turn|23\n|\n|t:|1701030551\n|move|p2a: Miraidon|Parabolic Charge|p1a: Arceus\n|-crit|p1a: Arceus\n|-damage|p1a: Arceus|4\/100\n|-heal|p2a: Miraidon|100\/100|[from] drain|[of] p1a: Arceus\n|move|p1a: Arceus|Calm Mind|p1a: Arceus\n|-boost|p1a: Arceus|spa|1\n|-boost|p1a: Arceus|spd|1\n|\n|upkeep\n|turn|24\n|\n|t:|1701030566\n|switch|p1a: Great Tusk|Great Tusk|100\/100\n|move|p2a: Miraidon|Parabolic Charge|p1a: Great Tusk\n|-immune|p1a: Great Tusk\n|\n|upkeep\n|turn|25\n|\n|t:|1701030572\n|-end|p1a: Great Tusk|Protosynthesis|[silent]\n|switch|p1a: Arceus|Arceus-Fairy|4\/100\n|move|p2a: Miraidon|Dragon Pulse|p1a: Arceus\n|-immune|p1a: Arceus\n|\n|-fieldend|move: Electric Terrain\n|upkeep\n|turn|26\n|\n|t:|1701030579\n|move|p2a: Miraidon|Parabolic Charge|p1a: Arceus\n|-damage|p1a: Arceus|0 fnt\n|faint|p1a: Arceus\n|\n|upkeep\n|\n|t:|1701030581\n|switch|p1a: Skeledirge|Skeledirge, M, tera:Fairy|100\/100\n|turn|27\n|\n|t:|1701030584\n|move|p2a: Miraidon|Taunt|p1a: Skeledirge\n|-start|p1a: Skeledirge|move: Taunt\n|move|p1a: Skeledirge|Torch Song|p2a: Miraidon\n|-damage|p2a: Miraidon|76\/100\n|-boost|p1a: Skeledirge|spa|1\n|\n|upkeep\n|turn|28\n|\n|t:|1701030588\n|move|p2a: Miraidon|Parabolic Charge|p1a: Skeledirge\n|-damage|p1a: Skeledirge|58\/100\n|-heal|p2a: Miraidon|98\/100|[from] drain|[of] p1a: Skeledirge\n|move|p1a: Skeledirge|Torch Song|p2a: Miraidon\n|-damage|p2a: Miraidon|61\/100\n|-boost|p1a: Skeledirge|spa|1\n|\n|upkeep\n|turn|29\n|\n|t:|1701030594\n|move|p2a: Miraidon|Parabolic Charge|p1a: Skeledirge\n|-damage|p1a: Skeledirge|18\/100\n|-heal|p2a: Miraidon|82\/100|[from] drain|[of] p1a: Skeledirge\n|move|p1a: Skeledirge|Hex|p2a: Miraidon\n|-supereffective|p2a: Miraidon\n|-damage|p2a: Miraidon|11\/100\n|\n|-end|p1a: Skeledirge|move: Taunt\n|upkeep\n|turn|30\n|\n|t:|1701030597\n|move|p2a: Miraidon|Parabolic Charge|p1a: Skeledirge\n|-damage|p1a: Skeledirge|0 fnt\n|-heal|p2a: Miraidon|20\/100|[from] drain|[of] p1a: Skeledirge\n|faint|p1a: Skeledirge\n|\n|upkeep\n|\n|t:|1701030599\n|switch|p1a: Koraidon|Koraidon|100\/100\n|-weather|SunnyDay|[from] ability: Orichalcum Pulse|[of] p1a: Koraidon\n|-activate|p1a: Koraidon|Orichalcum Pulse|[source]\n|turn|31\n|\n|t:|1701030603\n|move|p1a: Koraidon|Flare Blitz|p2a: Miraidon\n|-damage|p2a: Miraidon|0 fnt\n|faint|p2a: Miraidon\n|-damage|p1a: Koraidon|93\/100|[from] Recoil\n|\n|-weather|SunnyDay|[upkeep]\n|upkeep\n|\n|t:|1701030614\n|switch|p2a: Koraidon|Koraidon|100\/100\n|-damage|p2a: Koraidon|76\/100|[from] Spikes\n|-damage|p2a: Koraidon|69\/100|[from] Stealth Rock\n|-activate|p2a: Koraidon|ability: Orichalcum Pulse\n|turn|32\n|inactive|RichardMillePlain has 270 seconds left.\n|inactive|RichardMillePlain has 240 seconds left.\n|inactive|RichardMillePlain has 210 seconds left.\n|inactive|RichardMillePlain has 180 seconds left.\n|\n|t:|1701030752\n|switch|p1a: Blissey|Blissey, F|72\/100\n|move|p2a: Koraidon|Scale Shot|p1a: Blissey\n|-damage|p1a: Blissey|53\/100\n|-damage|p1a: Blissey|33\/100\n|-damage|p1a: Blissey|13\/100\n|-damage|p1a: Blissey|0 fnt\n|faint|p1a: Blissey\n|-hitcount|p1: Blissey|4\n|-unboost|p2a: Koraidon|def|1\n|-boost|p2a: Koraidon|spe|1\n|\n|-weather|SunnyDay|[upkeep]\n|upkeep\n|\n|t:|1701030759\n|switch|p1a: Great Tusk|Great Tusk|100\/100\n|-activate|p1a: Great Tusk|ability: Protosynthesis\n|-start|p1a: Great Tusk|protosynthesisatk\n|turn|33\n|inactive|RichardMillePlain has 150 seconds left.\n|inactive|Exiline has 270 seconds left.\n|\n|t:|1701030801\n|move|p2a: Koraidon|Scale Shot|p1a: Great Tusk\n|-damage|p1a: Great Tusk|88\/100\n|-damage|p1a: Great Tusk|76\/100\n|-damage|p1a: Great Tusk|63\/100\n|-damage|p1a: Great Tusk|51\/100\n|-damage|p1a: Great Tusk|37\/100\n|-hitcount|p1a: Great Tusk|5\n|-unboost|p2a: Koraidon|def|1\n|-boost|p2a: Koraidon|spe|1\n|move|p1a: Great Tusk|Headlong Rush|p2a: Koraidon\n|-damage|p2a: Koraidon|0 fnt\n|-unboost|p1a: Great Tusk|def|1\n|-unboost|p1a: Great Tusk|spd|1\n|faint|p2a: Koraidon\n|\n|-weather|SunnyDay|[upkeep]\n|upkeep\n|\n|t:|1701030820\n|switch|p2a: Zacian|Zacian-Crowned|100\/100\n|-damage|p2a: Zacian|76\/100|[from] Spikes\n|-damage|p2a: Zacian|69\/100|[from] Stealth Rock\n|-ability|p2a: Zacian|Intrepid Sword|boost\n|-boost|p2a: Zacian|atk|1\n|turn|34\n|\n|t:|1701030832\n|move|p2a: Zacian|Play Rough|p1a: Great Tusk\n|-supereffective|p1a: Great Tusk\n|-damage|p1a: Great Tusk|0 fnt\n|faint|p1a: Great Tusk\n|-end|p1a: Great Tusk|Protosynthesis|[silent]\n|\n|-weather|SunnyDay|[upkeep]\n|upkeep\n|\n|t:|1701030835\n|switch|p1a: Koraidon|Koraidon|93\/100\n|-activate|p1a: Koraidon|ability: Orichalcum Pulse\n|turn|35\n|\n|t:|1701030840\n|move|p1a: Koraidon|Flare Blitz|p2a: Zacian\n|-supereffective|p2a: Zacian\n|-damage|p2a: Zacian|0 fnt\n|faint|p2a: Zacian\n|-damage|p1a: Koraidon|71\/100|[from] Recoil\n|\n|-weather|none\n|upkeep\n|\n|t:|1701030842\n|switch|p2a: Basculegion|Basculegion, M|100\/100\n|turn|36\n|\n|t:|1701030844\n|move|p1a: Koraidon|Flare Blitz|p2a: Basculegion\n|-resisted|p2a: Basculegion\n|-damage|p2a: Basculegion|74\/100\n|-damage|p1a: Koraidon|61\/100|[from] Recoil\n|move|p2a: Basculegion|Last Respects|p1a: Koraidon\n|-damage|p1a: Koraidon|0 fnt\n|faint|p1a: Koraidon\n|\n|win|Exiline\n|c|\u2606Exiline|g_g\n|c|\u2606RichardMillePlain|gg\n","uploadtime":1701030845,"views":163,"p1id":"richardmilleplain","p2id":"exiline","formatid":"gen9ubers","rating":0,"private":0,"password":""}