{"id":"smogtours-gen9ubers-731653","p1":"Shiif & Zena","p2":"KeviferGT","format":"[Gen 9] Ubers","log":"|inactive|Battle timer is ON: inactive players will automatically lose when time's up.\n|t:|1700424120\n|gametype|singles\n|player|p1|Shiif & Zena|scientist-gen3|\n|player|p2|KeviferGT|emmet|\n|teamsize|p1|6\n|teamsize|p2|6\n|gen|9\n|tier|[Gen 9] Ubers\n|rule|Sleep Clause Mod: Limit one foe put to sleep\n|rule|Species Clause: Limit one of each Pok\u00e9mon\n|rule|OHKO Clause: OHKO moves are banned\n|rule|Evasion Items Clause: Evasion items are banned\n|rule|Evasion Moves Clause: Evasion moves are banned\n|rule|Endless Battle Clause: Forcing endless battles is banned\n|rule|HP Percentage Mod: HP is shown in percentages\n|clearpoke\n|poke|p1|Rillaboom, M|\n|poke|p1|Chesnaught, M|\n|poke|p1|Sneasler, F|\n|poke|p1|Iron Treads|\n|poke|p1|Enamorus-Therian, F|\n|poke|p1|Kingambit, F|\n|poke|p2|Polteageist|\n|poke|p2|Cinderace, M|\n|poke|p2|Indeedee, M|\n|poke|p2|Zapdos|\n|poke|p2|Kingambit, F|\n|poke|p2|Sneasler, F|\n|teampreview\n|c|\u2606KeviferGT|Hf les amis\n|c|\u2606KeviferGT|u2\n|inactive|Shiif & Zena has 270 seconds left.\n|\n|t:|1700424153\n|start\n|switch|p1a: T1 GUMA|Iron Treads|100\/100\n|switch|p2a: Zapdos|Zapdos|100\/100\n|-enditem|p1a: T1 GUMA|Booster Energy\n|-activate|p1a: T1 GUMA|ability: Quark Drive|[fromitem]\n|-start|p1a: T1 GUMA|quarkdrivespe\n|turn|1\n|c|+RiyadLand|Glhf Zena shiif \n|c|+Kickasser|hf\n|\n|t:|1700424164\n|move|p1a: T1 GUMA|Stealth Rock|p2a: Zapdos\n|-sidestart|p2: KeviferGT|move: Stealth Rock\n|move|p2a: Zapdos|Heat Wave|p1a: T1 GUMA\n|-supereffective|p1a: T1 GUMA\n|-damage|p1a: T1 GUMA|0 fnt\n|faint|p1a: T1 GUMA\n|-end|p1a: T1 GUMA|Quark Drive|[silent]\n|\n|upkeep\n|inactive|Shiif & Zena has 270 seconds left.\n|inactive|Shiif & Zena has 240 seconds left.\n|c|+Akalli|zena no hf?\n|c|\u2606Shiif & Zena|hf \n|c|\u2606Shiif & Zena|hf les boys d\u00e9so  \n|inactive|Shiif & Zena has 210 seconds left.\n|\n|t:|1700424263\n|switch|p1a: T1 KERIA|Enamorus-Therian, F|100\/100\n|turn|2\n|\n|t:|1700424272\n|move|p2a: Zapdos|Volt Switch|p1a: T1 KERIA\n|-supereffective|p1a: T1 KERIA\n|-damage|p1a: T1 KERIA|30\/100\n|\n|t:|1700424276\n|switch|p2a: Indeedee|Indeedee, M|100\/100|[from] Volt Switch\n|-damage|p2a: Indeedee|88\/100|[from] Stealth Rock\n|-fieldstart|move: Psychic Terrain|[from] ability: Psychic Surge|[of] p2a: Indeedee\n|move|p1a: T1 KERIA|Calm Mind|p1a: T1 KERIA\n|-boost|p1a: T1 KERIA|spa|1\n|-boost|p1a: T1 KERIA|spd|1\n|\n|upkeep\n|turn|3\n|c|\u2606Shiif & Zena|?\n|inactive|Shiif & Zena has 210 seconds left.\n|inactive|Shiif & Zena has 180 seconds left.\n|inactive|KeviferGT has 270 seconds left.\n|inactive|KeviferGT has 240 seconds left.\n|inactive|Shiif & Zena has 150 seconds left.\n|c|\u2606Shiif & Zena|on a jou\u00e9 ca bug  \n|\n|t:|1700424389\n|switch|p1a: T1 ZEUS|Rillaboom, M|100\/100\n|-fieldstart|move: Grassy Terrain|[from] ability: Grassy Surge|[of] p1a: T1 ZEUS\n|move|p2a: Indeedee|Encore||[still]\n|-fail|p2a: Indeedee\n|\n|-heal|p2a: Indeedee|94\/100|[from] Grassy Terrain\n|upkeep\n|turn|4\n|\n|t:|1700424399\n|switch|p2a: Zapdos|Zapdos|100\/100\n|move|p1a: T1 ZEUS|U-turn|p2a: Zapdos\n|-resisted|p2a: Zapdos\n|-damage|p2a: Zapdos|91\/100\n|\n|t:|1700424402\n|switch|p1a: T1 ONER|Chesnaught, M|100\/100|[from] U-turn\n|\n|upkeep\n|turn|5\n|\n|t:|1700424408\n|-terastallize|p1a: T1 ONER|Electric\n|move|p2a: Zapdos|Hurricane|p1a: T1 ONER\n|-resisted|p1a: T1 ONER\n|-damage|p1a: T1 ONER|65\/100\n|move|p1a: T1 ONER|Belly Drum|p1a: T1 ONER\n|-damage|p1a: T1 ONER|15\/100\n|-setboost|p1a: T1 ONER|atk|6|[from] move: Belly Drum\n|-enditem|p1a: T1 ONER|Sitrus Berry|[eat]\n|-heal|p1a: T1 ONER|39\/100|[from] item: Sitrus Berry\n|\n|-heal|p1a: T1 ONER|45\/100|[from] Grassy Terrain\n|upkeep\n|turn|6\n|inactive|Shiif & Zena has 150 seconds left.\n|inactive|KeviferGT has 210 seconds left.\n|inactive|KeviferGT has 180 seconds left.\n|\n|t:|1700424470\n|move|p2a: Zapdos|Heat Wave|p1a: T1 ONER\n|-damage|p1a: T1 ONER|1\/100\n|move|p1a: T1 ONER|Drain Punch|p2a: Zapdos\n|-resisted|p2a: Zapdos\n|-damage|p2a: Zapdos|18\/100\n|-heal|p1a: T1 ONER|45\/100|[from] drain|[of] p2a: Zapdos\n|\n|-heal|p1a: T1 ONER|51\/100|[from] Grassy Terrain\n|upkeep\n|turn|7\n|inactive|KeviferGT has 180 seconds left.\n|c|\u2606KeviferGT|: (\n|\n|t:|1700424487\n|move|p1a: T1 ONER|Grassy Glide|p2a: Zapdos\n|-resisted|p2a: Zapdos\n|-damage|p2a: Zapdos|0 fnt\n|faint|p2a: Zapdos\n|\n|-heal|p1a: T1 ONER|57\/100|[from] Grassy Terrain\n|upkeep\n|c|\u2606Shiif & Zena|eh c'\u00e9tait un roll hein\n|c|\u2606Shiif & Zena|en notre faveur\n|c|\u2606Shiif & Zena|chesgoat \n|\n|t:|1700424510\n|switch|p2a: Indeedee|Indeedee, M|94\/100\n|-damage|p2a: Indeedee|82\/100|[from] Stealth Rock\n|-fieldstart|move: Psychic Terrain|[from] ability: Psychic Surge|[of] p2a: Indeedee\n|turn|8\n|inactive|KeviferGT has 150 seconds left.\n|inactive|Shiif & Zena has 150 seconds left.\n|\n|t:|1700424542\n|switch|p1a: T1 ZEUS|Rillaboom, M|100\/100\n|-fieldstart|move: Grassy Terrain|[from] ability: Grassy Surge|[of] p1a: T1 ZEUS\n|move|p2a: Indeedee|Hyper Voice|p1a: T1 ZEUS\n|-damage|p1a: T1 ZEUS|71\/100\n|\n|-heal|p2a: Indeedee|88\/100|[from] Grassy Terrain\n|-heal|p1a: T1 ZEUS|77\/100|[from] Grassy Terrain\n|upkeep\n|turn|9\n|inactive|Shiif & Zena has 150 seconds left.\n|inactive|KeviferGT has 120 seconds left.\n|inactive|Shiif & Zena has 120 seconds left.\n|inactive|KeviferGT has 90 seconds left.\n|\n|t:|1700424603\n|switch|p2a: Kingambit|Kingambit, F|100\/100\n|-activate|p2a: Kingambit|ability: Supreme Overlord\n|-start|p2a: Kingambit|fallen1|[silent]\n|move|p1a: T1 ZEUS|U-turn|p2a: Kingambit\n|-damage|p2a: Kingambit|83\/100\n|inactive|Shiif & Zena has 120 seconds left.\n|\n|t:|1700424611\n|switch|p1a: T1 FAKER|Sneasler, F|100\/100|[from] U-turn\n|-enditem|p1a: T1 FAKER|Grassy Seed\n|-boost|p1a: T1 FAKER|def|1|[from] item: Grassy Seed\n|\n|-heal|p2a: Kingambit|89\/100|[from] Grassy Terrain\n|upkeep\n|turn|10\n|inactive|KeviferGT has 90 seconds left.\n|\n|t:|1700424631\n|-end|p2a: Kingambit|fallen1|[silent]\n|switch|p2a: Indeedee|Indeedee, M|88\/100\n|-damage|p2a: Indeedee|76\/100|[from] Stealth Rock\n|-fieldstart|move: Psychic Terrain|[from] ability: Psychic Surge|[of] p2a: Indeedee\n|move|p1a: T1 FAKER|Swords Dance|p1a: T1 FAKER\n|-boost|p1a: T1 FAKER|atk|2\n|\n|upkeep\n|turn|11\n|inactive|KeviferGT has 90 seconds left.\n|\n|t:|1700424650\n|switch|p2a: Kingambit|Kingambit, F|89\/100\n|-activate|p2a: Kingambit|ability: Supreme Overlord\n|-start|p2a: Kingambit|fallen1|[silent]\n|move|p1a: T1 FAKER|Dire Claw|p2a: Kingambit\n|-immune|p2a: Kingambit\n|\n|upkeep\n|turn|12\n|inactive|KeviferGT has 90 seconds left.\n|c|+Xizaaa|gg\n|\n|t:|1700424661\n|move|p1a: T1 FAKER|Close Combat|p2a: Kingambit\n|-supereffective|p2a: Kingambit\n|-damage|p2a: Kingambit|0 fnt\n|-unboost|p1a: T1 FAKER|def|1\n|-unboost|p1a: T1 FAKER|spd|1\n|faint|p2a: Kingambit\n|-end|p2a: Kingambit|fallen1|[silent]\n|\n|upkeep\n|c|+Akalli|gg\n|c|+Kickasser|0 errori \n|\n|t:|1700424673\n|switch|p2a: Sneasler|Sneasler, F|100\/100\n|-damage|p2a: Sneasler|95\/100|[from] Stealth Rock\n|-enditem|p2a: Sneasler|Psychic Seed\n|-boost|p2a: Sneasler|spd|1|[from] item: Psychic Seed\n|turn|13\n|c|+Xizaaa|posizione perfetta\n|\n|t:|1700424693\n|-terastallize|p2a: Sneasler|Flying\n|move|p1a: T1 FAKER|Acrobatics|p2a: Sneasler\n|-damage|p2a: Sneasler|0 fnt\n|faint|p2a: Sneasler\n|\n|upkeep\n|inactive|KeviferGT has 60 seconds left.\n|\n|t:|1700424718\n|switch|p2a: Polteageist|Polteageist|100\/100\n|-damage|p2a: Polteageist|88\/100|[from] Stealth Rock\n|turn|14\n|\n|t:|1700424722\n|move|p1a: T1 FAKER|Acrobatics|p2a: Polteageist\n|-damage|p2a: Polteageist|0 fnt\n|faint|p2a: Polteageist\n|\n|upkeep\n|\n|t:|1700424724\n|switch|p2a: Cinderace|Cinderace, M|100\/100\n|turn|15\n|c|\u2606Shiif & Zena|gg les gars\n|\n|t:|1700424729\n|move|p1a: T1 FAKER|Close Combat|p2a: Cinderace\n|-damage|p2a: Cinderace|0 fnt\n|-unboost|p1a: T1 FAKER|def|1\n|-unboost|p1a: T1 FAKER|spd|1\n|faint|p2a: Cinderace\n|\n|upkeep\n|c|\u2606KeviferGT|Gg\n|c|+Kickasser|gg\n|\n|t:|1700424734\n|switch|p2a: Indeedee|Indeedee, M|76\/100\n|-damage|p2a: Indeedee|64\/100|[from] Stealth Rock\n|turn|16\n|\n|t:|1700424737\n|move|p1a: T1 FAKER|Close Combat|p2a: Indeedee\n|-damage|p2a: Indeedee|0 fnt\n|-unboost|p1a: T1 FAKER|def|1\n|-unboost|p1a: T1 FAKER|spd|1\n|faint|p2a: Indeedee\n|\n|win|Shiif & Zena\n|player|p2|KeviferGT|emmet\n","uploadtime":1700424738,"views":11,"p1id":"shiifzena","p2id":"kevifergt","formatid":"gen9ubers","rating":0,"private":0,"password":""}