{"id":"smogtours-gen9ubers-730960","p1":"3d & Spencer","p2":"KeviferGT","format":"[Gen 9] Ubers","log":"|inactive|Battle timer is ON: inactive players will automatically lose when time's up.\n|t:|1700251463\n|gametype|singles\n|player|p1|3d & Spencer|twins-gen4dp|\n|player|p2|KeviferGT|102|\n|teamsize|p1|6\n|teamsize|p2|6\n|gen|9\n|tier|[Gen 9] Ubers\n|rule|Sleep Clause Mod: Limit one foe put to sleep\n|rule|Species Clause: Limit one of each Pok\u00e9mon\n|rule|OHKO Clause: OHKO moves are banned\n|rule|Evasion Items Clause: Evasion items are banned\n|rule|Evasion Moves Clause: Evasion moves are banned\n|rule|Endless Battle Clause: Forcing endless battles is banned\n|rule|HP Percentage Mod: HP is shown in percentages\n|clearpoke\n|poke|p1|Gliscor, F|\n|poke|p1|Clefable, M|\n|poke|p1|Skeledirge, F|\n|poke|p1|Samurott-Hisui, F|\n|poke|p1|Zamazenta-*|\n|poke|p1|Zapdos|\n|poke|p2|Meowscarada, M|\n|poke|p2|Rotom-Wash|\n|poke|p2|Dragapult, M|\n|poke|p2|Slowking-Galar, M|\n|poke|p2|Kingambit, F|\n|poke|p2|Landorus-Therian, M|\n|teampreview\n|c|\u26063d & Spencer|hf\n|c|\u2606KeviferGT|same friends\n|inactive|3d & Spencer has 270 seconds left.\n|inactive|KeviferGT has 270 seconds left.\n|\n|t:|1700251520\n|start\n|switch|p1a: Gliscor|Gliscor, F|100\/100\n|switch|p2a: Rotom|Rotom-Wash|100\/100\n|turn|1\n|\n|t:|1700251531\n|move|p1a: Gliscor|Protect|p1a: Gliscor\n|-singleturn|p1a: Gliscor|Protect\n|move|p2a: Rotom|Will-O-Wisp|p1a: Gliscor\n|-activate|p1a: Gliscor|move: Protect\n|\n|-status|p1a: Gliscor|tox|[from] item: Toxic Orb\n|upkeep\n|turn|2\n|inactive|3d & Spencer has 270 seconds left.\n|\n|t:|1700251573\n|switch|p2a: Slowking|Slowking-Galar, M|100\/100\n|move|p1a: Gliscor|Knock Off|p2a: Slowking\n|-supereffective|p2a: Slowking\n|-damage|p2a: Slowking|57\/100\n|-enditem|p2a: Slowking|Assault Vest|[from] move: Knock Off|[of] p1a: Gliscor\n|\n|upkeep\n|turn|3\n|inactive|3d & Spencer has 240 seconds left.\n|inactive|KeviferGT has 270 seconds left.\n|\n|t:|1700251618\n|switch|p1a: Samurott|Samurott-Hisui, F|100\/100\n|switch|p2a: Rotom|Rotom-Wash|100\/100\n|\n|upkeep\n|turn|4\n|inactive|KeviferGT has 270 seconds left.\n|\n|t:|1700251633\n|switch|p1a: Gliscor|Gliscor, F|100\/100 tox\n|move|p2a: Rotom|Hydro Pump|p1a: Gliscor\n|-supereffective|p1a: Gliscor\n|-damage|p1a: Gliscor|22\/100 tox\n|\n|-heal|p1a: Gliscor|35\/100 tox|[from] ability: Poison Heal\n|upkeep\n|turn|5\n|\n|t:|1700251649\n|move|p1a: Gliscor|Protect|p1a: Gliscor\n|-singleturn|p1a: Gliscor|Protect\n|move|p2a: Rotom|Hydro Pump|p1a: Gliscor\n|-activate|p1a: Gliscor|move: Protect\n|\n|-heal|p1a: Gliscor|47\/100 tox|[from] ability: Poison Heal\n|upkeep\n|turn|6\n|inactive|3d & Spencer has 240 seconds left.\n|\n|t:|1700251660\n|switch|p1a: Clefable|Clefable, M|100\/100\n|move|p2a: Rotom|Hydro Pump|p1a: Clefable|[miss]\n|-miss|p2a: Rotom|p1a: Clefable\n|\n|upkeep\n|turn|7\n|inactive|3d & Spencer has 240 seconds left.\n|\n|t:|1700251669\n|switch|p2a: Slowking|Slowking-Galar, M|91\/100\n|move|p1a: Clefable|Stealth Rock|p2a: Slowking\n|-sidestart|p2: KeviferGT|move: Stealth Rock\n|\n|upkeep\n|turn|8\n|inactive|3d & Spencer has 240 seconds left.\n|\n|t:|1700251695\n|switch|p1a: Samurott|Samurott-Hisui, F|100\/100\n|move|p2a: Slowking|Future Sight|p1a: Samurott\n|-start|p2a: Slowking|move: Future Sight\n|\n|upkeep\n|turn|9\n|inactive|KeviferGT has 270 seconds left.\n|\n|t:|1700251715\n|switch|p2a: Landorus|Landorus-Therian, M|100\/100\n|-damage|p2a: Landorus|88\/100|[from] Stealth Rock\n|-ability|p2a: Landorus|Intimidate|boost\n|-unboost|p1a: Samurott|atk|1\n|move|p1a: Samurott|Ceaseless Edge|p2a: Landorus\n|-damage|p2a: Landorus|56\/100\n|-damage|p1a: Samurott|84\/100|[from] item: Rocky Helmet|[of] p2a: Landorus\n|-sidestart|p2: KeviferGT|Spikes\n|\n|upkeep\n|turn|10\n|\n|t:|1700251725\n|move|p2a: Landorus|Stealth Rock|p1a: Samurott\n|-sidestart|p1: 3d & Spencer|move: Stealth Rock\n|move|p1a: Samurott|Aqua Cutter|p2a: Landorus\n|-supereffective|p2a: Landorus\n|-damage|p2a: Landorus|0 fnt\n|faint|p2a: Landorus\n|\n|-end|p1a: Samurott|move: Future Sight\n|-immune|p1a: Samurott\n|upkeep\n|\n|t:|1700251736\n|switch|p2a: Meowscarada|Meowscarada, M|100\/100\n|-damage|p2a: Meowscarada|88\/100|[from] Stealth Rock\n|-damage|p2a: Meowscarada|76\/100|[from] Spikes\n|turn|11\n|inactive|3d & Spencer has 210 seconds left.\n|\n|t:|1700251763\n|switch|p1a: Clefable|Clefable, M|100\/100\n|move|p2a: Meowscarada|U-turn|p1a: Clefable\n|-start|p2a: Meowscarada|typechange|Bug|[from] ability: Protean\n|-resisted|p1a: Clefable\n|-damage|p1a: Clefable|82\/100\n|\n|t:|1700251772\n|switch|p2a: Slowking|Slowking-Galar, M|100\/100|[from] U-turn\n|-damage|p2a: Slowking|88\/100|[from] Stealth Rock\n|-damage|p2a: Slowking|76\/100|[from] Spikes\n|\n|-heal|p1a: Clefable|89\/100|[from] item: Leftovers\n|upkeep\n|turn|12\n|inactive|3d & Spencer has 210 seconds left.\n|inactive|3d & Spencer has 180 seconds left.\n|\n|t:|1700251841\n|switch|p1a: Gliscor|Gliscor, F|47\/100 tox\n|-damage|p1a: Gliscor|35\/100 tox|[from] Stealth Rock\n|move|p2a: Slowking|Sludge Bomb|p1a: Gliscor\n|-resisted|p1a: Gliscor\n|-damage|p1a: Gliscor|16\/100 tox\n|\n|-heal|p1a: Gliscor|28\/100 tox|[from] ability: Poison Heal\n|upkeep\n|turn|13\n|inactive|KeviferGT has 240 seconds left.\n|\n|t:|1700251867\n|move|p1a: Gliscor|Knock Off|p2a: Slowking\n|-supereffective|p2a: Slowking\n|-damage|p2a: Slowking|43\/100\n|move|p2a: Slowking|Future Sight|p1a: Gliscor\n|-start|p2a: Slowking|move: Future Sight\n|\n|-heal|p1a: Gliscor|41\/100 tox|[from] ability: Poison Heal\n|upkeep\n|turn|14\n|inactive|KeviferGT has 240 seconds left.\n|\n|t:|1700251893\n|switch|p2a: Meowscarada|Meowscarada, M|76\/100\n|-damage|p2a: Meowscarada|64\/100|[from] Stealth Rock\n|-damage|p2a: Meowscarada|51\/100|[from] Spikes\n|move|p1a: Gliscor|Knock Off|p2a: Meowscarada\n|-resisted|p2a: Meowscarada\n|-damage|p2a: Meowscarada|36\/100\n|-enditem|p2a: Meowscarada|Choice Band|[from] move: Knock Off|[of] p1a: Gliscor\n|\n|-heal|p1a: Gliscor|53\/100 tox|[from] ability: Poison Heal\n|upkeep\n|turn|15\n|inactive|3d & Spencer has 150 seconds left.\n|\n|t:|1700251928\n|move|p1a: Gliscor|Protect|p1a: Gliscor\n|-singleturn|p1a: Gliscor|Protect\n|move|p2a: Meowscarada|Knock Off|p1a: Gliscor\n|-start|p2a: Meowscarada|typechange|Dark|[from] ability: Protean\n|-activate|p1a: Gliscor|move: Protect\n|\n|-end|p1a: Gliscor|move: Future Sight\n|-damage|p1a: Gliscor|0 fnt\n|faint|p1a: Gliscor\n|upkeep\n|inactive|3d & Spencer has 120 seconds left.\n|\n|t:|1700251974\n|switch|p1a: Zapdos|Zapdos|100\/100\n|turn|16\n|\n|t:|1700251983\n|move|p2a: Meowscarada|Knock Off|p1a: Zapdos\n|-damage|p1a: Zapdos|60\/100\n|-enditem|p1a: Zapdos|Heavy-Duty Boots|[from] move: Knock Off|[of] p2a: Meowscarada\n|move|p1a: Zapdos|Volt Switch|p2a: Meowscarada\n|-damage|p2a: Meowscarada|0 fnt\n|faint|p2a: Meowscarada\n|\n|t:|1700251995\n|switch|p1a: Clefable|Clefable, M|89\/100|[from] Volt Switch\n|\n|-heal|p1a: Clefable|95\/100|[from] item: Leftovers\n|upkeep\n|\n|t:|1700252001\n|switch|p2a: Slowking|Slowking-Galar, M|76\/100\n|-damage|p2a: Slowking|64\/100|[from] Stealth Rock\n|-damage|p2a: Slowking|52\/100|[from] Spikes\n|turn|17\n|inactive|3d & Spencer has 120 seconds left.\n|inactive|3d & Spencer has 90 seconds left.\n|\n|t:|1700252038\n|switch|p1a: Zapdos|Zapdos|60\/100\n|-damage|p1a: Zapdos|35\/100|[from] Stealth Rock\n|move|p2a: Slowking|Sludge Bomb|p1a: Zapdos\n|-damage|p1a: Zapdos|0 fnt\n|faint|p1a: Zapdos\n|\n|upkeep\n|\n|t:|1700252040\n|switch|p1a: Samurott|Samurott-Hisui, F|84\/100\n|turn|18\n|inactive|KeviferGT has 240 seconds left.\n|inactive|KeviferGT has 210 seconds left.\n|\n|t:|1700252095\n|switch|p2a: Kingambit|Kingambit, F|100\/100\n|-damage|p2a: Kingambit|94\/100|[from] Stealth Rock\n|-damage|p2a: Kingambit|82\/100|[from] Spikes\n|-activate|p2a: Kingambit|ability: Supreme Overlord\n|-start|p2a: Kingambit|fallen2|[silent]\n|move|p1a: Samurott|Ceaseless Edge|p2a: Kingambit\n|-resisted|p2a: Kingambit\n|-damage|p2a: Kingambit|63\/100\n|-sidestart|p2: KeviferGT|Spikes\n|\n|-heal|p2a: Kingambit|69\/100|[from] item: Leftovers\n|upkeep\n|turn|19\n|\n|t:|1700252109\n|-end|p2a: Kingambit|fallen2|[silent]\n|switch|p2a: Dragapult|Dragapult, M|100\/100\n|-damage|p2a: Dragapult|88\/100|[from] Stealth Rock\n|-damage|p2a: Dragapult|72\/100|[from] Spikes\n|move|p1a: Samurott|Aqua Cutter|p2a: Dragapult\n|-resisted|p2a: Dragapult\n|-damage|p2a: Dragapult|34\/100\n|\n|upkeep\n|turn|20\n|\n|t:|1700252125\n|switch|p1a: Clefable|Clefable, M|95\/100\n|move|p2a: Dragapult|Dragon Darts|p1a: Clefable\n|-immune|p1a: Clefable\n|\n|-heal|p1a: Clefable|100\/100|[from] item: Leftovers\n|upkeep\n|turn|21\n|inactive|3d & Spencer has 90 seconds left.\n|inactive|KeviferGT has 180 seconds left.\n|inactive|3d & Spencer has 60 seconds left.\n|\n|t:|1700252188\n|switch|p2a: Slowking|Slowking-Galar, M|85\/100\n|-damage|p2a: Slowking|72\/100|[from] Stealth Rock\n|-damage|p2a: Slowking|56\/100|[from] Spikes\n|move|p1a: Clefable|Knock Off|p2a: Slowking\n|-supereffective|p2a: Slowking\n|-damage|p2a: Slowking|36\/100\n|\n|upkeep\n|turn|22\n|inactive|3d & Spencer has 60 seconds left.\n|\n|t:|1700252225\n|-terastallize|p1a: Clefable|Steel\n|move|p1a: Clefable|Knock Off|p2a: Slowking\n|-supereffective|p2a: Slowking\n|-damage|p2a: Slowking|13\/100\n|move|p2a: Slowking|Sludge Bomb|p1a: Clefable\n|-immune|p1a: Clefable\n|\n|upkeep\n|turn|23\n|\n|t:|1700252253\n|switch|p2a: Dragapult|Dragapult, M|34\/100\n|-damage|p2a: Dragapult|22\/100|[from] Stealth Rock\n|-damage|p2a: Dragapult|5\/100|[from] Spikes\n|move|p1a: Clefable|Knock Off|p2a: Dragapult\n|-supereffective|p2a: Dragapult\n|-damage|p2a: Dragapult|0 fnt\n|-enditem|p2a: Dragapult|Dragon Fang|[from] move: Knock Off|[of] p1a: Clefable\n|faint|p2a: Dragapult\n|\n|upkeep\n|inactive|KeviferGT has 150 seconds left.\n|\n|t:|1700252264\n|switch|p2a: Slowking|Slowking-Galar, M|46\/100\n|-damage|p2a: Slowking|33\/100|[from] Stealth Rock\n|-damage|p2a: Slowking|17\/100|[from] Spikes\n|turn|24\n|inactive|KeviferGT has 150 seconds left.\n|\n|t:|1700252293\n|move|p1a: Clefable|Knock Off|p2a: Slowking\n|-supereffective|p2a: Slowking\n|-damage|p2a: Slowking|0 fnt\n|faint|p2a: Slowking\n|\n|upkeep\n|inactive|KeviferGT has 120 seconds left.\n|\n|t:|1700252318\n|switch|p2a: Kingambit|Kingambit, F|69\/100\n|-damage|p2a: Kingambit|63\/100|[from] Stealth Rock\n|-damage|p2a: Kingambit|47\/100|[from] Spikes\n|-activate|p2a: Kingambit|ability: Supreme Overlord\n|-start|p2a: Kingambit|fallen4|[silent]\n|turn|25\n|\n|t:|1700252325\n|switch|p1a: Samurott|Samurott-Hisui, F|84\/100\n|move|p2a: Kingambit|Kowtow Cleave|p1a: Samurott\n|-resisted|p1a: Samurott\n|-damage|p1a: Samurott|41\/100\n|\n|-heal|p2a: Kingambit|53\/100|[from] item: Leftovers\n|upkeep\n|turn|26\n|inactive|KeviferGT has 120 seconds left.\n|\n|t:|1700252346\n|-terastallize|p2a: Kingambit|Fire\n|move|p1a: Samurott|Aqua Cutter|p2a: Kingambit\n|-supereffective|p2a: Kingambit\n|-crit|p2a: Kingambit\n|-damage|p2a: Kingambit|0 fnt\n|faint|p2a: Kingambit\n|-end|p2a: Kingambit|fallen4|[silent]\n|\n|upkeep\n|c|\u26063d & Spencer|gg\n|inactive|KeviferGT has 120 seconds left.\n|\n|t:|1700252354\n|switch|p2a: Rotom|Rotom-Wash|100\/100\n|-damage|p2a: Rotom|88\/100|[from] Stealth Rock\n|turn|27\n|inactive|KeviferGT has 120 seconds left.\n|c|\u26063d & Spencer|what tier next?\n|c|\u2606KeviferGT|ggs !\n|c|\u2606KeviferGT|8\n|c|\u26063d & Spencer|got it \n|-message|KeviferGT forfeited.\n|\n|win|3d & Spencer\n|player|p2|KeviferGT|102\n|player|p2|\n|player|p1|3d & Spencer|twins-gen4dp\n","uploadtime":1700252381,"views":94,"p1id":"3dspencer","p2id":"kevifergt","formatid":"gen9ubers","rating":0,"private":0,"password":""}