{"id":"smogtours-gen9ubers-724169","p1":"Fc \u2764","p2":"Shuwri","format":"[Gen 9] Ubers","log":"|inactive|Battle timer is ON: inactive players will automatically lose when time's up.\n|t:|1697400264\n|gametype|singles\n|player|p1|Fc \u2764|#omplxisolgaleos|\n|player|p2|Shuwri|#uplximelmetal|\n|teamsize|p1|6\n|teamsize|p2|6\n|gen|9\n|tier|[Gen 9] Ubers\n|rule|Sleep Clause Mod: Limit one foe put to sleep\n|rule|Species Clause: Limit one of each Pok\u00e9mon\n|rule|OHKO Clause: OHKO moves are banned\n|rule|Evasion Items Clause: Evasion items are banned\n|rule|Evasion Moves Clause: Evasion moves are banned\n|rule|Endless Battle Clause: Forcing endless battles is banned\n|rule|HP Percentage Mod: HP is shown in percentages\n|clearpoke\n|poke|p1|Kyogre|\n|poke|p1|Ting-Lu|\n|poke|p1|Zacian-*|\n|poke|p1|Arceus-Ground|\n|poke|p1|Flutter Mane|\n|poke|p1|Koraidon|\n|poke|p2|Landorus-Therian, M|\n|poke|p2|Ting-Lu|\n|poke|p2|Koraidon|\n|poke|p2|Arceus|\n|poke|p2|Kyogre|\n|poke|p2|Zacian-*|\n|teampreview\n|raw|<div class=\"broadcast-red\"><strong>Moderated chat was set to \u2606!<\/strong><br \/>Only users of rank \u2606 and higher can talk.<\/div>\n|c|\u2606Fc \u2764|hf\n|inactive|Shuwri has 270 seconds left.\n|inactive|Shuwri has 240 seconds left.\n|inactive|Shuwri has 210 seconds left.\n|inactive|Shuwri has 180 seconds left.\n|\n|t:|1697400406\n|start\n|switch|p1a: Kyogre|Kyogre|100\/100\n|switch|p2a: Koraidon|Koraidon|100\/100\n|-weather|SunnyDay|[from] ability: Orichalcum Pulse|[of] p2a: Koraidon\n|-activate|p2a: Koraidon|Orichalcum Pulse|[source]\n|-weather|RainDance|[from] ability: Drizzle|[of] p1a: Kyogre\n|turn|1\n|inactive|Shuwri has 210 seconds left.\n|inactive|Fc \u2764 has 270 seconds left.\n|inactive|Shuwri has 180 seconds left.\n|\n|t:|1697400458\n|move|p2a: Koraidon|Scale Shot|p1a: Kyogre\n|-damage|p1a: Kyogre|87\/100\n|-damage|p1a: Kyogre|75\/100\n|-damage|p1a: Kyogre|63\/100\n|-crit|p1a: Kyogre\n|-damage|p1a: Kyogre|46\/100\n|-damage|p1a: Kyogre|32\/100\n|-hitcount|p1a: Kyogre|5\n|-unboost|p2a: Koraidon|def|1\n|-boost|p2a: Koraidon|spe|1\n|move|p1a: Kyogre|Thunder|p2a: Koraidon\n|-resisted|p2a: Koraidon\n|-damage|p2a: Koraidon|79\/100\n|\n|-weather|RainDance|[upkeep]\n|-heal|p1a: Kyogre|39\/100|[from] item: Leftovers\n|upkeep\n|turn|2\n|inactive|Shuwri has 180 seconds left.\n|\n|t:|1697400485\n|switch|p2a: Kyogre|Kyogre|100\/100\n|switch|p1a: Flutter Mane|Flutter Mane, shiny|100\/100\n|-item|p1a: Flutter Mane|Air Balloon\n|\n|-weather|RainDance|[upkeep]\n|upkeep\n|turn|3\n|inactive|Fc \u2764 has 270 seconds left.\n|\n|t:|1697400502\n|-end|p1a: Flutter Mane|Protosynthesis|[silent]\n|switch|p1a: Koraidon|Koraidon|100\/100\n|-weather|SunnyDay|[from] ability: Orichalcum Pulse|[of] p1a: Koraidon\n|-activate|p1a: Koraidon|Orichalcum Pulse|[source]\n|move|p2a: Kyogre|Water Spout|p1a: Koraidon\n|-resisted|p1a: Koraidon\n|-damage|p1a: Koraidon|80\/100\n|\n|-weather|SunnyDay|[upkeep]\n|upkeep\n|turn|4\n|\n|t:|1697400511\n|switch|p2a: Landorus|Landorus-Therian, M|100\/100\n|-ability|p2a: Landorus|Intimidate|boost\n|-unboost|p1a: Koraidon|atk|1\n|move|p1a: Koraidon|U-turn|p2a: Landorus\n|-resisted|p2a: Landorus\n|-damage|p2a: Landorus|92\/100\n|-damage|p1a: Koraidon|64\/100|[from] item: Rocky Helmet|[of] p2a: Landorus\n|\n|t:|1697400514\n|switch|p1a: Kyogre|Kyogre|39\/100|[from] U-turn\n|-weather|RainDance|[from] ability: Drizzle|[of] p1a: Kyogre\n|\n|-weather|RainDance|[upkeep]\n|-heal|p1a: Kyogre|45\/100|[from] item: Leftovers\n|upkeep\n|turn|5\n|inactive|Shuwri has 150 seconds left.\n|\n|t:|1697400551\n|switch|p2a: Kyogre|Kyogre|100\/100\n|move|p1a: Kyogre|Origin Pulse|p2a: Kyogre\n|-resisted|p2a: Kyogre\n|-damage|p2a: Kyogre|60\/100\n|\n|-weather|RainDance|[upkeep]\n|-heal|p1a: Kyogre|51\/100|[from] item: Leftovers\n|upkeep\n|turn|6\n|inactive|Shuwri has 150 seconds left.\n|\n|t:|1697400564\n|switch|p2a: Koraidon|Koraidon|79\/100\n|-weather|SunnyDay|[from] ability: Orichalcum Pulse|[of] p2a: Koraidon\n|-activate|p2a: Koraidon|Orichalcum Pulse|[source]\n|switch|p1a: Koraidon|Koraidon|64\/100\n|-activate|p1a: Koraidon|ability: Orichalcum Pulse\n|\n|-weather|SunnyDay|[upkeep]\n|upkeep\n|turn|7\n|inactive|Shuwri has 150 seconds left.\n|\n|t:|1697400582\n|move|p1a: Koraidon|Dragon Claw|p2a: Koraidon\n|-supereffective|p2a: Koraidon\n|-damage|p2a: Koraidon|0 fnt\n|faint|p2a: Koraidon\n|\n|-weather|SunnyDay|[upkeep]\n|upkeep\n|\n|t:|1697400592\n|switch|p2a: Ting-Lu|Ting-Lu|100\/100\n|-ability|p2a: Ting-Lu|Vessel of Ruin\n|turn|8\n|\n|t:|1697400611\n|switch|p1a: Kyogre|Kyogre|51\/100\n|-weather|RainDance|[from] ability: Drizzle|[of] p1a: Kyogre\n|move|p2a: Ting-Lu|Spikes|p1a: Kyogre\n|-sidestart|p1: Fc \u2764|Spikes\n|\n|-weather|RainDance|[upkeep]\n|-heal|p1a: Kyogre|57\/100|[from] item: Leftovers\n|upkeep\n|turn|9\n|\n|t:|1697400625\n|switch|p2a: Kyogre|Kyogre|60\/100\n|move|p1a: Kyogre|Origin Pulse|p2a: Kyogre|[miss]\n|-miss|p1a: Kyogre|p2a: Kyogre\n|\n|-weather|RainDance|[upkeep]\n|-heal|p1a: Kyogre|63\/100|[from] item: Leftovers\n|upkeep\n|turn|10\n|\n|t:|1697400633\n|move|p2a: Kyogre|Thunder|p1a: Kyogre\n|-supereffective|p1a: Kyogre\n|-damage|p1a: Kyogre|11\/100\n|-status|p1a: Kyogre|par\n|move|p1a: Kyogre|Thunder|p2a: Kyogre\n|-supereffective|p2a: Kyogre\n|-damage|p2a: Kyogre|0 fnt\n|faint|p2a: Kyogre\n|\n|-weather|RainDance|[upkeep]\n|-heal|p1a: Kyogre|18\/100 par|[from] item: Leftovers\n|upkeep\n|inactive|Shuwri has 150 seconds left.\n|inactive|Shuwri has 120 seconds left.\n|inactive|Shuwri has 90 seconds left.\n|inactive|Shuwri has 60 seconds left.\n|\n|t:|1697400743\n|switch|p2a: Landorus|Landorus-Therian, M|92\/100\n|-ability|p2a: Landorus|Intimidate|boost\n|-unboost|p1a: Kyogre|atk|1\n|turn|11\n|\n|t:|1697400755\n|switch|p1a: Arceus|Arceus-Ground|100\/100\n|-damage|p1a: Arceus|88\/100|[from] Spikes\n|move|p2a: Landorus|U-turn|p1a: Arceus\n|-damage|p1a: Arceus|77\/100\n|\n|t:|1697400764\n|switch|p2a: Ting-Lu|Ting-Lu|100\/100|[from] U-turn\n|-ability|p2a: Ting-Lu|Vessel of Ruin\n|\n|-weather|RainDance|[upkeep]\n|upkeep\n|turn|12\n|\n|t:|1697400772\n|switch|p1a: Koraidon|Koraidon|64\/100\n|-damage|p1a: Koraidon|52\/100|[from] Spikes\n|-weather|SunnyDay|[from] ability: Orichalcum Pulse|[of] p1a: Koraidon\n|-activate|p1a: Koraidon|Orichalcum Pulse|[source]\n|move|p2a: Ting-Lu|Spikes|p1a: Koraidon\n|-sidestart|p1: Fc \u2764|Spikes\n|\n|-weather|SunnyDay|[upkeep]\n|upkeep\n|turn|13\n|\n|t:|1697400793\n|move|p1a: Koraidon|Flare Blitz|p2a: Ting-Lu\n|-damage|p2a: Ting-Lu|52\/100\n|-damage|p1a: Koraidon|30\/100|[from] Recoil\n|move|p2a: Ting-Lu|Spikes|p1a: Koraidon\n|-sidestart|p1: Fc \u2764|Spikes\n|\n|-weather|SunnyDay|[upkeep]\n|-heal|p2a: Ting-Lu|58\/100|[from] item: Leftovers\n|upkeep\n|turn|14\n|\n|t:|1697400803\n|switch|p2a: Landorus|Landorus-Therian, M|92\/100\n|-ability|p2a: Landorus|Intimidate|boost\n|-unboost|p1a: Koraidon|atk|1\n|move|p1a: Koraidon|Flare Blitz|p2a: Landorus\n|-damage|p2a: Landorus|55\/100\n|-damage|p1a: Koraidon|13\/100|[from] item: Rocky Helmet|[of] p2a: Landorus\n|-damage|p1a: Koraidon|0 fnt|[from] Recoil\n|faint|p1a: Koraidon\n|\n|-weather|SunnyDay|[upkeep]\n|upkeep\n|\n|t:|1697400811\n|switch|p1a: Flutter Mane|Flutter Mane, shiny|100\/100\n|-activate|p1a: Flutter Mane|ability: Protosynthesis\n|-start|p1a: Flutter Mane|protosynthesisspe\n|-item|p1a: Flutter Mane|Air Balloon\n|turn|15\n|inactive|Shuwri has 90 seconds left.\n|\n|t:|1697400839\n|move|p1a: Flutter Mane|Moonblast|p2a: Landorus\n|-damage|p2a: Landorus|0 fnt\n|faint|p2a: Landorus\n|\n|-weather|SunnyDay|[upkeep]\n|upkeep\n|inactive|Shuwri has 60 seconds left.\n|\n|t:|1697400876\n|switch|p2a: TANNH\u00c4USER|Arceus|100\/100\n|turn|16\n|inactive|Shuwri has 60 seconds left.\n|\n|t:|1697400884\n|move|p1a: Flutter Mane|Taunt|p2a: TANNH\u00c4USER\n|-start|p2a: TANNH\u00c4USER|move: Taunt\n|move|p2a: TANNH\u00c4USER|Shadow Claw|p1a: Flutter Mane\n|-supereffective|p1a: Flutter Mane\n|-crit|p1a: Flutter Mane\n|-damage|p1a: Flutter Mane|0 fnt\n|-enditem|p1a: Flutter Mane|Air Balloon\n|faint|p1a: Flutter Mane\n|-end|p1a: Flutter Mane|Protosynthesis|[silent]\n|\n|-weather|none\n|upkeep\n|\n|t:|1697400895\n|switch|p1a: Ting-Lu|Ting-Lu|100\/100\n|-damage|p1a: Ting-Lu|76\/100|[from] Spikes\n|-ability|p1a: Ting-Lu|Vessel of Ruin\n|turn|17\n|\n|t:|1697400904\n|move|p2a: TANNH\u00c4USER|Extreme Speed|p1a: Ting-Lu\n|-damage|p1a: Ting-Lu|49\/100\n|move|p1a: Ting-Lu|Spikes|p2a: TANNH\u00c4USER\n|-sidestart|p2: Shuwri|Spikes\n|\n|-heal|p1a: Ting-Lu|55\/100|[from] item: Leftovers\n|upkeep\n|turn|18\n|\n|t:|1697400907\n|move|p2a: TANNH\u00c4USER|Extreme Speed|p1a: Ting-Lu\n|-damage|p1a: Ting-Lu|24\/100\n|move|p1a: Ting-Lu|Ruination|p2a: TANNH\u00c4USER\n|-damage|p2a: TANNH\u00c4USER|51\/100\n|\n|-heal|p1a: Ting-Lu|31\/100|[from] item: Leftovers\n|-end|p2a: TANNH\u00c4USER|move: Taunt\n|upkeep\n|turn|19\n|\n|t:|1697400911\n|move|p2a: TANNH\u00c4USER|Taunt|p1a: Ting-Lu\n|-start|p1a: Ting-Lu|move: Taunt\n|cant|p1a: Ting-Lu|move: Taunt|Whirlwind\n|\n|-heal|p1a: Ting-Lu|37\/100|[from] item: Leftovers\n|upkeep\n|turn|20\n|\n|t:|1697400914\n|move|p2a: TANNH\u00c4USER|Swords Dance|p2a: TANNH\u00c4USER\n|-boost|p2a: TANNH\u00c4USER|atk|2\n|move|p1a: Ting-Lu|Earthquake|p2a: TANNH\u00c4USER\n|-crit|p2a: TANNH\u00c4USER\n|-damage|p2a: TANNH\u00c4USER|12\/100\n|\n|-heal|p1a: Ting-Lu|43\/100|[from] item: Leftovers\n|upkeep\n|turn|21\n|\n|t:|1697400920\n|switch|p1a: Kyogre|Kyogre|18\/100 par\n|-damage|p1a: Kyogre|0 fnt|[from] Spikes\n|faint|p1a: Kyogre\n|move|p2a: TANNH\u00c4USER|Extreme Speed|p1: Kyogre|[notarget]\n|-fail|p2a: TANNH\u00c4USER\n|\n|upkeep\n|inactive|Fc \u2764 has 270 seconds left.\n|\n|t:|1697400956\n|switch|p1a: Arceus|Arceus-Ground|77\/100\n|-damage|p1a: Arceus|52\/100|[from] Spikes\n|turn|22\n|inactive|Shuwri has 120 seconds left.\n|\n|t:|1697400964\n|move|p2a: TANNH\u00c4USER|Extreme Speed|p1a: Arceus\n|-damage|p1a: Arceus|3\/100\n|move|p1a: Arceus|Judgment|p2a: TANNH\u00c4USER\n|-damage|p2a: TANNH\u00c4USER|0 fnt\n|faint|p2a: TANNH\u00c4USER\n|\n|upkeep\n|inactive|Shuwri has 120 seconds left.\n|\n|t:|1697400973\n|switch|p2a: Zacian|Zacian-Crowned|100\/100\n|-damage|p2a: Zacian|88\/100|[from] Spikes\n|-ability|p2a: Zacian|Intrepid Sword|boost\n|-boost|p2a: Zacian|atk|1\n|turn|23\n|\n|t:|1697400978\n|move|p2a: Zacian|Behemoth Blade|p1a: Arceus\n|-damage|p1a: Arceus|0 fnt\n|faint|p1a: Arceus\n|\n|upkeep\n|\n|t:|1697400983\n|switch|p1a: Zacian|Zacian-Crowned|100\/100\n|-damage|p1a: Zacian|76\/100|[from] Spikes\n|-ability|p1a: Zacian|Intrepid Sword|boost\n|-boost|p1a: Zacian|atk|1\n|turn|24\n|\n|t:|1697401002\n|-terastallize|p2a: Zacian|Water\n|-terastallize|p1a: Zacian|Fire\n|move|p1a: Zacian|Behemoth Blade|p2a: Zacian\n|-resisted|p2a: Zacian\n|-damage|p2a: Zacian|49\/100\n|move|p2a: Zacian|Behemoth Blade|p1a: Zacian\n|-resisted|p1a: Zacian\n|-damage|p1a: Zacian|33\/100\n|\n|upkeep\n|turn|25\n|\n|t:|1697401009\n|move|p2a: Zacian|Behemoth Blade|p1a: Zacian\n|-resisted|p1a: Zacian\n|-damage|p1a: Zacian|0 fnt\n|faint|p1a: Zacian\n|\n|upkeep\n|c|\u2606Fc \u2764|gg\n|\n|t:|1697401013\n|switch|p1a: Ting-Lu|Ting-Lu|43\/100\n|-damage|p1a: Ting-Lu|18\/100|[from] Spikes\n|-ability|p1a: Ting-Lu|Vessel of Ruin\n|turn|26\n|c|\u2606Shuwri|gg\n|\n|t:|1697401015\n|move|p2a: Zacian|Behemoth Blade|p1a: Ting-Lu\n|-damage|p1a: Ting-Lu|0 fnt\n|faint|p1a: Ting-Lu\n|\n|win|Shuwri\n","uploadtime":1697401016,"views":71,"p1id":"fc","p2id":"shuwri","formatid":"gen9ubers","rating":0,"private":0,"password":""}