{"id":"smogtours-gen9ubers-729886","p1":"gilbert arenas","p2":"edgar","format":"[Gen 9] Ubers","log":"|inactive|Battle timer is ON: inactive players will automatically lose when time's up.\n|t:|1699718831\n|gametype|singles\n|player|p1|gilbert arenas|#scl3shoguns2|\n|player|p2|edgar|winona|\n|teamsize|p1|6\n|teamsize|p2|6\n|gen|9\n|tier|[Gen 9] Ubers\n|rule|Sleep Clause Mod: Limit one foe put to sleep\n|rule|Species Clause: Limit one of each Pok\u00e9mon\n|rule|OHKO Clause: OHKO moves are banned\n|rule|Evasion Items Clause: Evasion items are banned\n|rule|Evasion Moves Clause: Evasion moves are banned\n|rule|Endless Battle Clause: Forcing endless battles is banned\n|rule|HP Percentage Mod: HP is shown in percentages\n|clearpoke\n|poke|p1|Arceus|\n|poke|p1|Gliscor, F|\n|poke|p1|Kyogre|\n|poke|p1|Iron Treads|\n|poke|p1|Zacian-*|\n|poke|p1|Skeledirge, F|\n|poke|p2|Kingambit, F|\n|poke|p2|Arceus|\n|poke|p2|Rayquaza|\n|poke|p2|Zacian-*|\n|poke|p2|Glimmora, M|\n|poke|p2|Koraidon|\n|teampreview\n|inactive|gilbert arenas has 270 seconds left.\n|inactive|gilbert arenas has 240 seconds left.\n|inactive|gilbert arenas has 210 seconds left.\n|inactive|gilbert arenas has 180 seconds left.\n|\n|t:|1699718979\n|start\n|switch|p1a: Gliscor|Gliscor, F|100\/100\n|switch|p2a: Glimmora|Glimmora, M|100\/100\n|turn|1\n|\n|t:|1699718985\n|move|p2a: Glimmora|Stealth Rock|p1a: Gliscor\n|-sidestart|p1: gilbert arenas|move: Stealth Rock\n|move|p1a: Gliscor|Earthquake|p2a: Glimmora\n|-supereffective|p2a: Glimmora\n|-enditem|p2a: Glimmora|Focus Sash\n|-damage|p2a: Glimmora|1\/100\n|-activate|p2a: Glimmora|ability: Toxic Debris\n|-sidestart|p1: gilbert arenas|move: Toxic Spikes\n|\n|-status|p1a: Gliscor|tox|[from] item: Toxic Orb\n|upkeep\n|turn|2\n|inactive|gilbert arenas has 210 seconds left.\n|inactive|gilbert arenas has 180 seconds left.\n|\n|t:|1699719049\n|move|p2a: Glimmora|Mortal Spin|p1a: Gliscor\n|-resisted|p1a: Gliscor\n|-damage|p1a: Gliscor|98\/100 tox\n|move|p1a: Gliscor|Spikes|p2a: Glimmora\n|-sidestart|p2: edgar|Spikes\n|\n|-heal|p1a: Gliscor|100\/100 tox|[from] ability: Poison Heal\n|upkeep\n|turn|3\n|inactive|gilbert arenas has 180 seconds left.\n|\n|t:|1699719058\n|move|p2a: Glimmora|Mud Shot|p1a: Gliscor\n|-immune|p1a: Gliscor\n|move|p1a: Gliscor|Spikes|p2a: Glimmora\n|-sidestart|p2: edgar|Spikes\n|\n|upkeep\n|turn|4\n|\n|t:|1699719062\n|switch|p1a: Iron Treads|Iron Treads|100\/100\n|-damage|p1a: Iron Treads|97\/100|[from] Stealth Rock\n|move|p2a: Glimmora|Mortal Spin|p1a: Iron Treads\n|-immune|p1a: Iron Treads\n|\n|-heal|p1a: Iron Treads|100\/100|[from] item: Leftovers\n|upkeep\n|turn|5\n|\n|t:|1699719072\n|move|p1a: Iron Treads|Iron Head|p2a: Glimmora\n|-supereffective|p2a: Glimmora\n|-damage|p2a: Glimmora|0 fnt\n|-activate|p2a: Glimmora|ability: Toxic Debris\n|-sidestart|p1: gilbert arenas|move: Toxic Spikes\n|faint|p2a: Glimmora\n|\n|upkeep\n|\n|t:|1699719088\n|switch|p2a: Koraidon|Koraidon|100\/100\n|-damage|p2a: Koraidon|84\/100|[from] Spikes\n|-weather|SunnyDay|[from] ability: Orichalcum Pulse|[of] p2a: Koraidon\n|-activate|p2a: Koraidon|Orichalcum Pulse|[source]\n|turn|6\n|\n|t:|1699719100\n|-end|p1a: Iron Treads|Quark Drive|[silent]\n|switch|p1a: Skeledirge|Skeledirge, F|100\/100\n|move|p2a: Koraidon|Flame Charge|p1a: Skeledirge\n|-resisted|p1a: Skeledirge\n|-damage|p1a: Skeledirge|90\/100\n|-boost|p2a: Koraidon|spe|1\n|\n|-weather|SunnyDay|[upkeep]\n|upkeep\n|turn|7\n|\n|t:|1699719119\n|move|p2a: Koraidon|Dragon Claw|p1a: Skeledirge\n|-crit|p1a: Skeledirge\n|-damage|p1a: Skeledirge|43\/100\n|move|p1a: Skeledirge|Earth Power|p2a: Koraidon\n|-damage|p2a: Koraidon|63\/100\n|-unboost|p2a: Koraidon|spd|1\n|\n|-weather|SunnyDay|[upkeep]\n|upkeep\n|turn|8\n|\n|t:|1699719127\n|switch|p2a: Rayquaza|Rayquaza|100\/100\n|-ability|p2a: Rayquaza|Air Lock\n|move|p1a: Skeledirge|Slack Off|p1a: Skeledirge\n|-heal|p1a: Skeledirge|93\/100\n|\n|-weather|SunnyDay|[upkeep]\n|upkeep\n|turn|9\n|\n|t:|1699719131\n|move|p2a: Rayquaza|Dragon Ascent|p1a: Skeledirge\n|-damage|p1a: Skeledirge|40\/100\n|-unboost|p2a: Rayquaza|def|1\n|-unboost|p2a: Rayquaza|spd|1\n|-damage|p2a: Rayquaza|91\/100|[from] item: Life Orb\n|move|p1a: Skeledirge|Will-O-Wisp|p2a: Rayquaza\n|-status|p2a: Rayquaza|brn\n|\n|-weather|SunnyDay|[upkeep]\n|-damage|p2a: Rayquaza|85\/100 brn|[from] brn\n|upkeep\n|turn|10\n|inactive|gilbert arenas has 240 seconds left.\n|\n|t:|1699719144\n|switch|p1a: Iron Treads|Iron Treads|100\/100\n|-damage|p1a: Iron Treads|97\/100|[from] Stealth Rock\n|move|p2a: Rayquaza|Overheat|p1a: Iron Treads\n|-supereffective|p1a: Iron Treads\n|-damage|p1a: Iron Treads|0 fnt\n|-unboost|p2a: Rayquaza|spa|2\n|faint|p1a: Iron Treads\n|-end|p1a: Iron Treads|Quark Drive|[silent]\n|-damage|p2a: Rayquaza|75\/100 brn|[from] item: Life Orb\n|\n|-weather|none\n|-damage|p2a: Rayquaza|69\/100 brn|[from] brn\n|upkeep\n|\n|t:|1699719147\n|switch|p1a: Skeledirge|Skeledirge, F|40\/100\n|turn|11\n|\n|t:|1699719164\n|switch|p2a: Kingambit|Kingambit, F|100\/100\n|-damage|p2a: Kingambit|84\/100|[from] Spikes\n|-activate|p2a: Kingambit|ability: Supreme Overlord\n|-start|p2a: Kingambit|fallen1|[silent]\n|move|p1a: Skeledirge|Slack Off|p1a: Skeledirge\n|-heal|p1a: Skeledirge|90\/100\n|\n|upkeep\n|turn|12\n|\n|t:|1699719169\n|move|p2a: Kingambit|Kowtow Cleave|p1a: Skeledirge\n|-supereffective|p1a: Skeledirge\n|-damage|p1a: Skeledirge|6\/100\n|-damage|p2a: Kingambit|74\/100|[from] item: Life Orb\n|move|p1a: Skeledirge|Will-O-Wisp|p2a: Kingambit\n|-status|p2a: Kingambit|brn\n|\n|-damage|p2a: Kingambit|68\/100 brn|[from] brn\n|upkeep\n|turn|13\n|\n|t:|1699719175\n|move|p2a: Kingambit|Kowtow Cleave|p1a: Skeledirge\n|-supereffective|p1a: Skeledirge\n|-damage|p1a: Skeledirge|0 fnt\n|faint|p1a: Skeledirge\n|-damage|p2a: Kingambit|58\/100 brn|[from] item: Life Orb\n|\n|-damage|p2a: Kingambit|52\/100 brn|[from] brn\n|upkeep\n|\n|t:|1699719180\n|switch|p1a: Gliscor|Gliscor, F|100\/100 tox\n|-damage|p1a: Gliscor|88\/100 tox|[from] Stealth Rock\n|turn|14\n|\n|t:|1699719188\n|-end|p2a: Kingambit|fallen1|[silent]\n|switch|p2a: Rayquaza|Rayquaza|69\/100 brn\n|-ability|p2a: Rayquaza|Air Lock\n|move|p1a: Gliscor|Spikes|p2a: Rayquaza\n|-sidestart|p2: edgar|Spikes\n|\n|-heal|p1a: Gliscor|100\/100 tox|[from] ability: Poison Heal\n|-damage|p2a: Rayquaza|63\/100 brn|[from] brn\n|upkeep\n|turn|15\n|\n|t:|1699719194\n|move|p1a: Gliscor|Protect|p1a: Gliscor\n|-singleturn|p1a: Gliscor|Protect\n|move|p2a: Rayquaza|Swords Dance|p2a: Rayquaza\n|-boost|p2a: Rayquaza|atk|2\n|\n|-damage|p2a: Rayquaza|57\/100 brn|[from] brn\n|upkeep\n|turn|16\n|\n|t:|1699719211\n|switch|p1a: Kyogre|Kyogre|100\/100\n|-damage|p1a: Kyogre|88\/100|[from] Stealth Rock\n|-status|p1a: Kyogre|tox\n|-weather|RainDance|[from] ability: Drizzle|[of] p1a: Kyogre\n|move|p2a: Rayquaza|Dragon Ascent|p1a: Kyogre\n|-damage|p1a: Kyogre|0 fnt\n|-unboost|p2a: Rayquaza|def|1\n|-unboost|p2a: Rayquaza|spd|1\n|faint|p1a: Kyogre\n|-damage|p2a: Rayquaza|47\/100 brn|[from] item: Life Orb\n|\n|-weather|RainDance|[upkeep]\n|-damage|p2a: Rayquaza|41\/100 brn|[from] brn\n|upkeep\n|\n|t:|1699719213\n|switch|p1a: Arceus|Arceus|100\/100\n|-damage|p1a: Arceus|88\/100|[from] Stealth Rock\n|-status|p1a: Arceus|tox\n|turn|17\n|\n|t:|1699719230\n|move|p1a: Arceus|Extreme Speed|p2a: Rayquaza\n|-damage|p2a: Rayquaza|0 fnt\n|faint|p2a: Rayquaza\n|\n|-weather|RainDance|[upkeep]\n|-damage|p1a: Arceus|82\/100 tox|[from] psn\n|upkeep\n|inactive|edgar has 270 seconds left.\n|\n|t:|1699719259\n|switch|p2a: Koraidon|Koraidon|63\/100\n|-damage|p2a: Koraidon|38\/100|[from] Spikes\n|-weather|SunnyDay|[from] ability: Orichalcum Pulse|[of] p2a: Koraidon\n|-activate|p2a: Koraidon|Orichalcum Pulse|[source]\n|turn|18\n|inactive|edgar has 270 seconds left.\n|\n|t:|1699719278\n|move|p2a: Koraidon|Low Kick|p1a: Arceus\n|-supereffective|p1a: Arceus\n|-damage|p1a: Arceus|0 fnt\n|faint|p1a: Arceus\n|\n|-weather|SunnyDay|[upkeep]\n|upkeep\n|\n|t:|1699719281\n|switch|p1a: Gliscor|Gliscor, F|100\/100 tox\n|-damage|p1a: Gliscor|88\/100 tox|[from] Stealth Rock\n|turn|19\n|\n|t:|1699719288\n|move|p2a: Koraidon|Swords Dance|p2a: Koraidon\n|-boost|p2a: Koraidon|atk|2\n|move|p1a: Gliscor|Earthquake|p2a: Koraidon\n|-damage|p2a: Koraidon|8\/100\n|\n|-weather|SunnyDay|[upkeep]\n|-heal|p1a: Gliscor|100\/100 tox|[from] ability: Poison Heal\n|upkeep\n|turn|20\n|\n|t:|1699719295\n|-terastallize|p1a: Gliscor|Water\n|move|p2a: Koraidon|Dragon Claw|p1a: Gliscor\n|-damage|p1a: Gliscor|9\/100 tox\n|move|p1a: Gliscor|Earthquake|p2a: Koraidon\n|-damage|p2a: Koraidon|0 fnt\n|faint|p2a: Koraidon\n|\n|-weather|SunnyDay|[upkeep]\n|-heal|p1a: Gliscor|21\/100 tox|[from] ability: Poison Heal\n|upkeep\n|c|\u2606gilbert arenas|o\n|c|\u2606gilbert arenas|im butt\n|inactive|edgar has 270 seconds left.\n|\n|t:|1699719336\n|switch|p2a: Zacian|Zacian-Crowned|100\/100\n|-damage|p2a: Zacian|76\/100|[from] Spikes\n|-ability|p2a: Zacian|Intrepid Sword|boost\n|-boost|p2a: Zacian|atk|1\n|turn|21\n|inactive|gilbert arenas has 270 seconds left.\n|\n|t:|1699719381\n|move|p2a: Zacian|Play Rough|p1a: Gliscor\n|-damage|p1a: Gliscor|0 fnt\n|faint|p1a: Gliscor\n|\n|-weather|SunnyDay|[upkeep]\n|upkeep\n|\n|t:|1699719383\n|switch|p1a: Zacian|Zacian-Crowned|100\/100\n|-damage|p1a: Zacian|94\/100|[from] Stealth Rock\n|-ability|p1a: Zacian|Intrepid Sword|boost\n|-boost|p1a: Zacian|atk|1\n|turn|22\n|inactive|edgar has 270 seconds left.\n|\n|t:|1699719392\n|-terastallize|p2a: Zacian|Fire\n|move|p1a: Zacian|Swords Dance|p1a: Zacian\n|-boost|p1a: Zacian|atk|2\n|move|p2a: Zacian|Tera Blast|p1a: Zacian|[anim] Tera Blast Fire\n|-supereffective|p1a: Zacian\n|-damage|p1a: Zacian|0 fnt\n|faint|p1a: Zacian\n|\n|win|edgar\n","uploadtime":1699719393,"views":5,"p1id":"gilbertarenas","p2id":"edgar","formatid":"gen9ubers","rating":0,"private":0,"password":""}