{"id":"smogtours-gen9ubers-731978","p1":"h4v0ckn1ght","p2":"sayyonara","format":"[Gen 9] Ubers","log":"|inactive|Battle timer is ON: inactive players will automatically lose when time's up.\n|t:|1700609948\n|gametype|singles\n|player|p1|h4v0ckn1ght|rosa|\n|player|p2|sayyonara|unknownf|\n|teamsize|p1|6\n|teamsize|p2|6\n|gen|9\n|tier|[Gen 9] Ubers\n|rule|Sleep Clause Mod: Limit one foe put to sleep\n|rule|Species Clause: Limit one of each Pok\u00e9mon\n|rule|OHKO Clause: OHKO moves are banned\n|rule|Evasion Items Clause: Evasion items are banned\n|rule|Evasion Moves Clause: Evasion moves are banned\n|rule|Endless Battle Clause: Forcing endless battles is banned\n|rule|HP Percentage Mod: HP is shown in percentages\n|clearpoke\n|poke|p1|Arceus|\n|poke|p1|Gliscor, F|\n|poke|p1|Kyogre|\n|poke|p1|Iron Treads|\n|poke|p1|Zacian-*|\n|poke|p1|Skeledirge, F|\n|poke|p2|Koraidon|\n|poke|p2|Flutter Mane|\n|poke|p2|Chien-Pao|\n|poke|p2|Miraidon|\n|poke|p2|Ditto|\n|poke|p2|Grimmsnarl, M|\n|teampreview\n|\n|t:|1700609970\n|start\n|switch|p1a: Gliscor|Gliscor, F|100\/100\n|switch|p2a: Grimmsnarl|Grimmsnarl, M|100\/100\n|turn|1\n|\n|t:|1700609995\n|move|p2a: Grimmsnarl|Reflect|p2a: Grimmsnarl\n|-sidestart|p2: sayyonara|Reflect\n|move|p1a: Gliscor|Spikes|p2a: Grimmsnarl\n|-sidestart|p2: sayyonara|Spikes\n|\n|-status|p1a: Gliscor|tox|[from] item: Toxic Orb\n|upkeep\n|turn|2\n|\n|t:|1700610007\n|move|p2a: Grimmsnarl|Parting Shot|p1a: Gliscor\n|-unboost|p1a: Gliscor|atk|1\n|-unboost|p1a: Gliscor|spa|1\n|\n|t:|1700610010\n|switch|p2a: Ditto|Ditto|100\/100|[from] Parting Shot\n|-damage|p2a: Ditto|88\/100|[from] Spikes\n|-transform|p2a: Ditto|p1a: Gliscor|[from] ability: Imposter\n|move|p1a: Gliscor|Toxic|p2a: Ditto\n|-status|p2a: Ditto|tox\n|\n|-heal|p2a: Ditto|100\/100 tox|[from] ability: Poison Heal\n|upkeep\n|turn|3\n|\n|t:|1700610020\n|move|p2a: Ditto|Spikes|p1a: Gliscor\n|-sidestart|p1: h4v0ckn1ght|Spikes\n|move|p1a: Gliscor|Toxic|p2a: Ditto\n|-fail|p2a: Ditto|tox\n|\n|upkeep\n|turn|4\n|\n|t:|1700610023\n|move|p2a: Ditto|Spikes|p1a: Gliscor\n|-sidestart|p1: h4v0ckn1ght|Spikes\n|move|p1a: Gliscor|Spikes|p2a: Ditto\n|-sidestart|p2: sayyonara|Spikes\n|\n|upkeep\n|turn|5\n|\n|t:|1700610033\n|switch|p1a: Iron Treads|Iron Treads|100\/100\n|-damage|p1a: Iron Treads|84\/100|[from] Spikes\n|move|p2a: Ditto|Spikes|p1a: Iron Treads\n|-sidestart|p1: h4v0ckn1ght|Spikes\n|\n|-heal|p1a: Iron Treads|90\/100|[from] item: Leftovers\n|upkeep\n|turn|6\n|\n|t:|1700610050\n|switch|p2a: Flutter Mane|Flutter Mane|100\/100\n|-damage|p2a: Flutter Mane|84\/100|[from] Spikes\n|move|p1a: Iron Treads|Iron Head|p2a: Flutter Mane\n|-supereffective|p2a: Flutter Mane\n|-damage|p2a: Flutter Mane|2\/100\n|\n|-heal|p1a: Iron Treads|96\/100|[from] item: Leftovers\n|upkeep\n|turn|7\n|\n|t:|1700610057\n|move|p2a: Flutter Mane|Mystical Fire|p1a: Iron Treads\n|-supereffective|p1a: Iron Treads\n|-damage|p1a: Iron Treads|0 fnt\n|faint|p1a: Iron Treads\n|-end|p1a: Iron Treads|Quark Drive|[silent]\n|-damage|p2a: Flutter Mane|0 fnt|[from] item: Life Orb\n|faint|p2a: Flutter Mane\n|-end|p2a: Flutter Mane|Protosynthesis|[silent]\n|\n|upkeep\n|\n|t:|1700610072\n|switch|p2a: Chien-Pao|Chien-Pao|100\/100\n|switch|p1a: Gliscor|Gliscor, F|100\/100 tox\n|-ability|p2a: Chien-Pao|Sword of Ruin\n|turn|8\n|\n|t:|1700610078\n|-terastallize|p1a: Gliscor|Water\n|move|p2a: Chien-Pao|Swords Dance|p2a: Chien-Pao\n|-boost|p2a: Chien-Pao|atk|2\n|move|p1a: Gliscor|Toxic|p2a: Chien-Pao\n|-status|p2a: Chien-Pao|tox\n|\n|-damage|p2a: Chien-Pao|95\/100 tox|[from] psn\n|-sideend|p2: sayyonara|Reflect\n|upkeep\n|turn|9\n|\n|t:|1700610083\n|switch|p1a: Skeledirge|Skeledirge, F|100\/100\n|move|p2a: Chien-Pao|Swords Dance|p2a: Chien-Pao\n|-boost|p2a: Chien-Pao|atk|2\n|\n|-damage|p2a: Chien-Pao|83\/100 tox|[from] psn\n|upkeep\n|turn|10\n|\n|t:|1700610090\n|-terastallize|p2a: Chien-Pao|Dark\n|move|p2a: Chien-Pao|Crunch|p1a: Skeledirge\n|-supereffective|p1a: Skeledirge\n|-damage|p1a: Skeledirge|10\/100\n|move|p1a: Skeledirge|Slack Off|p1a: Skeledirge\n|-heal|p1a: Skeledirge|60\/100\n|\n|-damage|p2a: Chien-Pao|65\/100 tox|[from] psn\n|upkeep\n|turn|11\n|\n|t:|1700610096\n|switch|p1a: Zacian|Zacian-Crowned|100\/100\n|-damage|p1a: Zacian|76\/100|[from] Spikes\n|-ability|p1a: Zacian|Intrepid Sword|boost\n|-boost|p1a: Zacian|atk|1\n|move|p2a: Chien-Pao|Crunch|p1a: Zacian\n|-resisted|p1a: Zacian\n|-damage|p1a: Zacian|0 fnt\n|faint|p1a: Zacian\n|\n|-damage|p2a: Chien-Pao|41\/100 tox|[from] psn\n|upkeep\n|\n|t:|1700610106\n|switch|p1a: Arceus|Arceus|100\/100\n|-damage|p1a: Arceus|76\/100|[from] Spikes\n|turn|12\n|c|\u2606sayyonara|\u00c9 lil bro\n|\n|t:|1700610115\n|move|p1a: Arceus|Extreme Speed|p2a: Chien-Pao\n|-damage|p2a: Chien-Pao|0 fnt\n|faint|p2a: Chien-Pao\n|\n|upkeep\n|\n|t:|1700610120\n|switch|p2a: Koraidon|Koraidon|100\/100\n|-damage|p2a: Koraidon|84\/100|[from] Spikes\n|-weather|SunnyDay|[from] ability: Orichalcum Pulse|[of] p2a: Koraidon\n|-activate|p2a: Koraidon|Orichalcum Pulse|[source]\n|turn|13\n|\n|t:|1700610129\n|switch|p1a: Skeledirge|Skeledirge, F|60\/100\n|move|p2a: Koraidon|Collision Course|p1a: Skeledirge\n|-immune|p1a: Skeledirge\n|\n|-weather|SunnyDay|[upkeep]\n|-heal|p2a: Koraidon|90\/100|[from] item: Leftovers\n|upkeep\n|turn|14\n|\n|t:|1700610136\n|move|p2a: Koraidon|Dragon Claw|p1a: Skeledirge\n|-damage|p1a: Skeledirge|23\/100\n|move|p1a: Skeledirge|Slack Off|p1a: Skeledirge\n|-heal|p1a: Skeledirge|73\/100\n|\n|-weather|SunnyDay|[upkeep]\n|-heal|p2a: Koraidon|96\/100|[from] item: Leftovers\n|upkeep\n|turn|15\n|\n|t:|1700610146\n|switch|p2a: Ditto|Ditto|100\/100 tox\n|-damage|p2a: Ditto|84\/100 tox|[from] Spikes\n|-transform|p2a: Ditto|p1a: Skeledirge|[from] ability: Imposter\n|move|p1a: Skeledirge|Slack Off|p1a: Skeledirge\n|-heal|p1a: Skeledirge|100\/100\n|\n|-weather|SunnyDay|[upkeep]\n|-damage|p2a: Ditto|78\/100 tox|[from] psn\n|upkeep\n|turn|16\n|\n|t:|1700610154\n|switch|p1a: Gliscor|Gliscor, F, tera:Water|100\/100 tox\n|-damage|p1a: Gliscor|76\/100 tox|[from] Spikes\n|move|p2a: Ditto|Earth Power|p1a: Gliscor\n|-damage|p1a: Gliscor|57\/100 tox\n|\n|-weather|SunnyDay|[upkeep]\n|-damage|p2a: Ditto|66\/100 tox|[from] psn\n|-heal|p1a: Gliscor|70\/100 tox|[from] ability: Poison Heal\n|upkeep\n|turn|17\n|\n|t:|1700610168\n|switch|p2a: Grimmsnarl|Grimmsnarl, M|100\/100\n|-damage|p2a: Grimmsnarl|84\/100|[from] Spikes\n|move|p1a: Gliscor|Spikes|p2a: Grimmsnarl\n|-sidestart|p2: sayyonara|Spikes\n|\n|-weather|none\n|-heal|p1a: Gliscor|82\/100 tox|[from] ability: Poison Heal\n|upkeep\n|turn|18\n|\n|t:|1700610176\n|move|p2a: Grimmsnarl|Reflect|p2a: Grimmsnarl\n|-sidestart|p2: sayyonara|Reflect\n|move|p1a: Gliscor|Toxic|p2a: Grimmsnarl|[miss]\n|-miss|p1a: Gliscor|p2a: Grimmsnarl\n|\n|-heal|p1a: Gliscor|95\/100 tox|[from] ability: Poison Heal\n|upkeep\n|turn|19\n|\n|t:|1700610178\n|move|p2a: Grimmsnarl|Light Screen|p2a: Grimmsnarl\n|-sidestart|p2: sayyonara|move: Light Screen\n|move|p1a: Gliscor|Toxic|p2a: Grimmsnarl|[miss]\n|-miss|p1a: Gliscor|p2a: Grimmsnarl\n|\n|-heal|p1a: Gliscor|100\/100 tox|[from] ability: Poison Heal\n|upkeep\n|turn|20\n|\n|t:|1700610183\n|move|p1a: Gliscor|Toxic|p2a: Grimmsnarl\n|-status|p2a: Grimmsnarl|tox\n|move|p2a: Grimmsnarl|Spirit Break|p1a: Gliscor\n|-damage|p1a: Gliscor|76\/100 tox\n|-unboost|p1a: Gliscor|spa|1\n|\n|-heal|p1a: Gliscor|88\/100 tox|[from] ability: Poison Heal\n|-damage|p2a: Grimmsnarl|78\/100 tox|[from] psn\n|upkeep\n|turn|21\n|\n|t:|1700610190\n|move|p1a: Gliscor|Protect|p1a: Gliscor\n|-singleturn|p1a: Gliscor|Protect\n|move|p2a: Grimmsnarl|Parting Shot|p1a: Gliscor\n|-activate|p1a: Gliscor|move: Protect\n|\n|-heal|p1a: Gliscor|100\/100 tox|[from] ability: Poison Heal\n|-damage|p2a: Grimmsnarl|66\/100 tox|[from] psn\n|upkeep\n|turn|22\n|\n|t:|1700610197\n|move|p2a: Grimmsnarl|Parting Shot|p1a: Gliscor\n|-unboost|p1a: Gliscor|atk|1\n|-unboost|p1a: Gliscor|spa|1\n|\n|t:|1700610200\n|switch|p2a: Miraidon|Miraidon|100\/100|[from] Parting Shot\n|-damage|p2a: Miraidon|76\/100|[from] Spikes\n|-fieldstart|move: Electric Terrain|[from] ability: Hadron Engine|[of] p2a: Miraidon\n|move|p1a: Gliscor|Earthquake|p2a: Miraidon\n|-supereffective|p2a: Miraidon\n|-damage|p2a: Miraidon|56\/100\n|-enditem|p2a: Miraidon|Weakness Policy\n|-boost|p2a: Miraidon|atk|2|[from] item: Weakness Policy\n|-boost|p2a: Miraidon|spa|2|[from] item: Weakness Policy\n|\n|upkeep\n|turn|23\n|\n|t:|1700610213\n|switch|p1a: Skeledirge|Skeledirge, F|100\/100\n|move|p2a: Miraidon|Dragon Pulse|p1a: Skeledirge\n|-damage|p1a: Skeledirge|28\/100\n|\n|upkeep\n|turn|24\n|\n|t:|1700610227\n|move|p2a: Miraidon|Parabolic Charge|p1a: Skeledirge\n|-damage|p1a: Skeledirge|0 fnt\n|-heal|p2a: Miraidon|70\/100|[from] drain|[of] p1a: Skeledirge\n|faint|p1a: Skeledirge\n|\n|upkeep\n|\n|t:|1700610232\n|switch|p1a: Kyogre|Kyogre|100\/100\n|-damage|p1a: Kyogre|76\/100|[from] Spikes\n|-weather|RainDance|[from] ability: Drizzle|[of] p1a: Kyogre\n|turn|25\n|\n|t:|1700610236\n|move|p1a: Kyogre|Ice Beam|p2a: Miraidon\n|-supereffective|p2a: Miraidon\n|-damage|p2a: Miraidon|42\/100\n|move|p2a: Miraidon|Parabolic Charge|p1a: Kyogre\n|-supereffective|p1a: Kyogre\n|-damage|p1a: Kyogre|0 fnt\n|-heal|p2a: Miraidon|75\/100|[from] drain|[of] p1a: Kyogre\n|faint|p1a: Kyogre\n|\n|-weather|RainDance|[upkeep]\n|-sideend|p2: sayyonara|Reflect\n|upkeep\n|\n|t:|1700610239\n|switch|p1a: Arceus|Arceus|76\/100\n|-damage|p1a: Arceus|51\/100|[from] Spikes\n|turn|26\n|\n|t:|1700610249\n|move|p1a: Arceus|Extreme Speed|p2a: Miraidon\n|-damage|p2a: Miraidon|26\/100\n|move|p2a: Miraidon|Parabolic Charge|p1a: Arceus\n|-damage|p1a: Arceus|0 fnt\n|-heal|p2a: Miraidon|54\/100|[from] drain|[of] p1a: Arceus\n|faint|p1a: Arceus\n|\n|-weather|RainDance|[upkeep]\n|-sideend|p2: sayyonara|move: Light Screen\n|-fieldend|move: Electric Terrain\n|upkeep\n|\n|t:|1700610252\n|switch|p1a: Gliscor|Gliscor, F, tera:Water|100\/100 tox\n|-damage|p1a: Gliscor|76\/100 tox|[from] Spikes\n|turn|27\n|\n|t:|1700610254\n|move|p2a: Miraidon|Parabolic Charge|p1a: Gliscor\n|-supereffective|p1a: Gliscor\n|-damage|p1a: Gliscor|0 fnt\n|-heal|p2a: Miraidon|88\/100|[from] drain|[of] p1a: Gliscor\n|faint|p1a: Gliscor\n|\n|win|sayyonara\n","uploadtime":1700610255,"views":5,"p1id":"h4v0ckn1ght","p2id":"sayyonara","formatid":"gen9ubers","rating":0,"private":0,"password":""}