{"id":"smogtours-gen9ubers-727628","p1":"Icemaster","p2":"Exiline","format":"[Gen 9] Ubers","log":"|inactive|Battle timer is ON: inactive players will automatically lose when time's up.\n|t:|1698613927\n|gametype|singles\n|player|p1|Icemaster|#omplxisolgaleos|\n|player|p2|Exiline|juggler|\n|teamsize|p1|6\n|teamsize|p2|6\n|gen|9\n|tier|[Gen 9] Ubers\n|rule|Sleep Clause Mod: Limit one foe put to sleep\n|rule|Species Clause: Limit one of each Pok\u00e9mon\n|rule|OHKO Clause: OHKO moves are banned\n|rule|Evasion Items Clause: Evasion items are banned\n|rule|Evasion Moves Clause: Evasion moves are banned\n|rule|Endless Battle Clause: Forcing endless battles is banned\n|rule|HP Percentage Mod: HP is shown in percentages\n|clearpoke\n|poke|p1|Glimmora, F|\n|poke|p1|Rayquaza|\n|poke|p1|Zacian-*|\n|poke|p1|Arceus|\n|poke|p1|Koraidon|\n|poke|p1|Kyogre|\n|poke|p2|Ribombee, F|\n|poke|p2|Zacian-*|\n|poke|p2|Koraidon|\n|poke|p2|Miraidon|\n|poke|p2|Basculegion, M|\n|poke|p2|Arceus-Ground|\n|teampreview\n|c|\u2606Icemaster|hf\n|c|\u2606Exiline|h_f \n|inactive|Icemaster has 270 seconds left.\n|\n|t:|1698613984\n|start\n|switch|p1a: Glimmora|Glimmora, F|100\/100\n|switch|p2a: Ribombee|Ribombee, F|100\/100\n|turn|1\n|\n|t:|1698613997\n|move|p2a: Ribombee|Psychic|p1a: Glimmora\n|-supereffective|p1a: Glimmora\n|-damage|p1a: Glimmora|28\/100\n|move|p1a: Glimmora|Mortal Spin|p2a: Ribombee\n|-supereffective|p2a: Ribombee\n|-damage|p2a: Ribombee|73\/100\n|\n|upkeep\n|turn|2\n|\n|t:|1698614002\n|switch|p1a: Zacian|Zacian-Crowned|100\/100\n|-ability|p1a: Zacian|Intrepid Sword|boost\n|-boost|p1a: Zacian|atk|1\n|move|p2a: Ribombee|Sticky Web|p1a: Zacian\n|-sidestart|p1: Icemaster|move: Sticky Web\n|\n|upkeep\n|turn|3\n|\n|t:|1698614007\n|move|p1a: Zacian|Behemoth Blade|p2a: Ribombee\n|-supereffective|p2a: Ribombee\n|-damage|p2a: Ribombee|0 fnt\n|faint|p2a: Ribombee\n|\n|upkeep\n|inactive|Exiline has 270 seconds left.\n|inactive|Exiline has 240 seconds left.\n|inactive|Exiline has 210 seconds left.\n|\n|t:|1698614105\n|switch|p2a: Arceus|Arceus-Ground|100\/100\n|turn|4\n|\n|t:|1698614123\n|switch|p1a: Glimmora|Glimmora, F|28\/100\n|-activate|p1a: Glimmora|move: Sticky Web\n|-unboost|p1a: Glimmora|spe|1\n|move|p2a: Arceus|Dragon Dance|p2a: Arceus\n|-boost|p2a: Arceus|atk|1\n|-boost|p2a: Arceus|spe|1\n|\n|upkeep\n|turn|5\n|\n|t:|1698614136\n|move|p2a: Arceus|Ice Beam|p1a: Glimmora\n|-damage|p1a: Glimmora|0 fnt\n|faint|p1a: Glimmora\n|\n|upkeep\n|\n|t:|1698614144\n|switch|p1a: Kyogre|Kyogre|100\/100\n|-activate|p1a: Kyogre|move: Sticky Web\n|-unboost|p1a: Kyogre|spe|1\n|-weather|RainDance|[from] ability: Drizzle|[of] p1a: Kyogre\n|turn|6\n|inactive|Exiline has 210 seconds left.\n|\n|t:|1698614184\n|-terastallize|p2a: Arceus|Water\n|move|p2a: Arceus|Earthquake|p1a: Kyogre\n|-damage|p1a: Kyogre|13\/100\n|move|p1a: Kyogre|Origin Pulse|p2a: Arceus\n|-resisted|p2a: Arceus\n|-damage|p2a: Arceus|63\/100\n|\n|-weather|RainDance|[upkeep]\n|-heal|p1a: Kyogre|19\/100|[from] item: Leftovers\n|upkeep\n|turn|7\n|\n|t:|1698614201\n|move|p2a: Arceus|Earthquake|p1a: Kyogre\n|-damage|p1a: Kyogre|0 fnt\n|faint|p1a: Kyogre\n|\n|-weather|RainDance|[upkeep]\n|upkeep\n|\n|t:|1698614218\n|switch|p1a: Arceus|Arceus|100\/100\n|-activate|p1a: Arceus|move: Sticky Web\n|-unboost|p1a: Arceus|spe|1\n|turn|8\n|inactive|Exiline has 210 seconds left.\n|\n|t:|1698614224\n|move|p2a: Arceus|Earthquake|p1a: Arceus\n|-damage|p1a: Arceus|27\/100\n|move|p1a: Arceus|Swords Dance|p1a: Arceus\n|-boost|p1a: Arceus|atk|2\n|\n|-weather|RainDance|[upkeep]\n|-heal|p1a: Arceus|33\/100|[from] item: Leftovers\n|upkeep\n|turn|9\n|\n|t:|1698614233\n|move|p1a: Arceus|Extreme Speed|p2a: Arceus\n|-damage|p2a: Arceus|8\/100\n|move|p2a: Arceus|Earthquake|p1a: Arceus\n|-damage|p1a: Arceus|0 fnt\n|faint|p1a: Arceus\n|\n|-weather|RainDance|[upkeep]\n|upkeep\n|\n|t:|1698614262\n|switch|p1a: Rayquaza|Rayquaza|100\/100\n|-ability|p1a: Rayquaza|Air Lock\n|turn|10\n|\n|t:|1698614266\n|-terastallize|p1a: Rayquaza|Fire\n|move|p2a: Arceus|Ice Beam|p1a: Rayquaza\n|-resisted|p1a: Rayquaza\n|-damage|p1a: Rayquaza|90\/100\n|move|p1a: Rayquaza|Dragon Dance|p1a: Rayquaza\n|-boost|p1a: Rayquaza|atk|1\n|-boost|p1a: Rayquaza|spe|1\n|\n|-weather|none\n|-heal|p1a: Rayquaza|96\/100|[from] item: Leftovers\n|upkeep\n|turn|11\n|\n|t:|1698614276\n|move|p1a: Rayquaza|Earthquake|p2a: Arceus\n|-damage|p2a: Arceus|0 fnt\n|faint|p2a: Arceus\n|\n|-heal|p1a: Rayquaza|100\/100|[from] item: Leftovers\n|upkeep\n|inactive|Exiline has 210 seconds left.\n|inactive|Exiline has 180 seconds left.\n|inactive|Exiline has 150 seconds left.\n|inactive|Exiline has 120 seconds left.\n|\n|t:|1698614413\n|switch|p2a: Koraidon|Koraidon|100\/100\n|-weather|SunnyDay|[from] ability: Orichalcum Pulse|[of] p2a: Koraidon\n|-activate|p2a: Koraidon|Orichalcum Pulse|[source]\n|turn|12\n|\n|t:|1698614421\n|move|p1a: Rayquaza|Dragon Ascent|p2a: Koraidon\n|-supereffective|p2a: Koraidon\n|-damage|p2a: Koraidon|0 fnt\n|-unboost|p1a: Rayquaza|def|1\n|-unboost|p1a: Rayquaza|spd|1\n|faint|p2a: Koraidon\n|\n|-weather|SunnyDay|[upkeep]\n|upkeep\n|\n|t:|1698614423\n|switch|p2a: Miraidon|Miraidon|100\/100\n|-fieldstart|move: Electric Terrain|[from] ability: Hadron Engine|[of] p2a: Miraidon\n|-enditem|p2a: Miraidon|Electric Seed\n|-boost|p2a: Miraidon|def|1|[from] item: Electric Seed\n|turn|13\n|inactive|Icemaster has 270 seconds left.\n|inactive|Icemaster has 240 seconds left.\n|inactive|Icemaster has 210 seconds left.\n|inactive|Icemaster has 180 seconds left.\n|\n|t:|1698614547\n|move|p1a: Rayquaza|Substitute|p1a: Rayquaza\n|-start|p1a: Rayquaza|Substitute\n|-damage|p1a: Rayquaza|76\/100\n|move|p2a: Miraidon|Parabolic Charge|p1a: Rayquaza\n|-end|p1a: Rayquaza|Substitute\n|\n|-weather|SunnyDay|[upkeep]\n|-heal|p1a: Rayquaza|82\/100|[from] item: Leftovers\n|upkeep\n|turn|14\n|inactive|Icemaster has 180 seconds left.\n|\n|t:|1698614563\n|move|p1a: Rayquaza|Substitute|p1a: Rayquaza\n|-start|p1a: Rayquaza|Substitute\n|-damage|p1a: Rayquaza|57\/100\n|move|p2a: Miraidon|Parabolic Charge|p1a: Rayquaza\n|-end|p1a: Rayquaza|Substitute\n|\n|-weather|SunnyDay|[upkeep]\n|-heal|p1a: Rayquaza|63\/100|[from] item: Leftovers\n|upkeep\n|turn|15\n|inactive|Icemaster has 180 seconds left.\n|\n|t:|1698614571\n|move|p1a: Rayquaza|Substitute|p1a: Rayquaza\n|-start|p1a: Rayquaza|Substitute\n|-damage|p1a: Rayquaza|38\/100\n|move|p2a: Miraidon|Parabolic Charge|p1a: Rayquaza\n|-crit|p1a: Rayquaza\n|-end|p1a: Rayquaza|Substitute\n|\n|-weather|SunnyDay|[upkeep]\n|-heal|p1a: Rayquaza|44\/100|[from] item: Leftovers\n|upkeep\n|turn|16\n|inactive|Icemaster has 180 seconds left.\n|\n|t:|1698614583\n|switch|p1a: Koraidon|Koraidon|100\/100\n|-activate|p1a: Koraidon|move: Sticky Web\n|-unboost|p1a: Koraidon|spe|1\n|-activate|p1a: Koraidon|ability: Orichalcum Pulse\n|move|p2a: Miraidon|Parabolic Charge|p1a: Koraidon\n|-resisted|p1a: Koraidon\n|-damage|p1a: Koraidon|65\/100\n|\n|-weather|none\n|upkeep\n|turn|17\n|\n|t:|1698614587\n|switch|p1a: Zacian|Zacian-Crowned|100\/100\n|-activate|p1a: Zacian|move: Sticky Web\n|-unboost|p1a: Zacian|spe|1\n|move|p2a: Miraidon|Dragon Pulse|p1a: Zacian\n|-immune|p1a: Zacian\n|\n|-fieldend|move: Electric Terrain\n|upkeep\n|turn|18\n|\n|t:|1698614599\n|move|p2a: Miraidon|Taunt|p1a: Zacian\n|-start|p1a: Zacian|move: Taunt\n|move|p1a: Zacian|Play Rough|p2a: Miraidon\n|-supereffective|p2a: Miraidon\n|-damage|p2a: Miraidon|36\/100\n|\n|upkeep\n|turn|19\n|\n|t:|1698614606\n|move|p2a: Miraidon|Parabolic Charge|p1a: Zacian\n|-damage|p1a: Zacian|64\/100\n|-heal|p2a: Miraidon|51\/100|[from] drain|[of] p1a: Zacian\n|move|p1a: Zacian|Play Rough|p2a: Miraidon\n|-supereffective|p2a: Miraidon\n|-damage|p2a: Miraidon|0 fnt\n|faint|p2a: Miraidon\n|\n|upkeep\n|\n|t:|1698614615\n|switch|p2a: KEKKER|Basculegion, M|100\/100\n|turn|20\n|\n|t:|1698614618\n|move|p1a: Zacian|Wild Charge|p2a: KEKKER\n|-supereffective|p2a: KEKKER\n|-damage|p2a: KEKKER|21\/100\n|-damage|p1a: Zacian|40\/100|[from] Recoil\n|move|p2a: KEKKER|Last Respects|p1a: Zacian\n|-damage|p1a: Zacian|0 fnt\n|faint|p1a: Zacian\n|\n|upkeep\n|inactive|Icemaster has 210 seconds left.\n|c|\u2606Exiline|yo \n|\n|t:|1698614633\n|switch|p1a: Koraidon|Koraidon|65\/100\n|-activate|p1a: Koraidon|move: Sticky Web\n|-unboost|p1a: Koraidon|spe|1\n|-weather|SunnyDay|[from] ability: Orichalcum Pulse|[of] p1a: Koraidon\n|-activate|p1a: Koraidon|Orichalcum Pulse|[source]\n|turn|21\n|\n|t:|1698614641\n|move|p1a: Koraidon|Flare Blitz|p2a: KEKKER\n|-resisted|p2a: KEKKER\n|-damage|p2a: KEKKER|0 fnt\n|faint|p2a: KEKKER\n|-damage|p1a: Koraidon|58\/100|[from] Recoil\n|\n|-weather|SunnyDay|[upkeep]\n|upkeep\n|\n|t:|1698614643\n|switch|p2a: Zacian|Zacian-Crowned|100\/100\n|-ability|p2a: Zacian|Intrepid Sword|boost\n|-boost|p2a: Zacian|atk|1\n|turn|22\n|inactive|Exiline has 180 seconds left.\n|\n|t:|1698614672\n|move|p2a: Zacian|Play Rough|p1a: Koraidon\n|-supereffective|p1a: Koraidon\n|-damage|p1a: Koraidon|0 fnt\n|faint|p1a: Koraidon\n|\n|-weather|SunnyDay|[upkeep]\n|upkeep\n|\n|t:|1698614673\n|switch|p1a: Rayquaza|Rayquaza, tera:Fire|44\/100\n|-activate|p1a: Rayquaza|move: Sticky Web\n|-unboost|p1a: Rayquaza|spe|1\n|-ability|p1a: Rayquaza|Air Lock\n|turn|23\n|\n|t:|1698614679\n|move|p2a: Zacian|Close Combat|p1a: Rayquaza\n|-damage|p1a: Rayquaza|0 fnt\n|-unboost|p2a: Zacian|def|1\n|-unboost|p2a: Zacian|spd|1\n|faint|p1a: Rayquaza\n|\n|win|Exiline\n|c|\u2606Icemaster| gg\n|c|\u2606Exiline|kinda kekked myself with the fish \n|c|\u2606Exiline|g_g\n","uploadtime":1698614680,"views":316,"p1id":"icemaster","p2id":"exiline","formatid":"gen9ubers","rating":0,"private":0,"password":""}