{"id":"smogtours-gen9ubers-730568","p1":"Slikkles&NWL","p2":"flo & liaminho","format":"[Gen 9] Ubers","log":"|inactive|Battle timer is ON: inactive players will automatically lose when time's up.\n|t:|1699905823\n|gametype|singles\n|player|p1|Slikkles&NWL|kindler-gen6|\n|player|p2|flo & liaminho|tate|\n|teamsize|p1|6\n|teamsize|p2|6\n|gen|9\n|tier|[Gen 9] Ubers\n|rule|Sleep Clause Mod: Limit one foe put to sleep\n|rule|Species Clause: Limit one of each Pok\u00e9mon\n|rule|OHKO Clause: OHKO moves are banned\n|rule|Evasion Items Clause: Evasion items are banned\n|rule|Evasion Moves Clause: Evasion moves are banned\n|rule|Endless Battle Clause: Forcing endless battles is banned\n|rule|HP Percentage Mod: HP is shown in percentages\n|clearpoke\n|poke|p1|Ting-Lu|\n|poke|p1|Great Tusk|\n|poke|p1|Gholdengo|\n|poke|p1|Iron Valiant|\n|poke|p1|Zapdos|\n|poke|p1|Iron Moth|\n|poke|p2|Zapdos|\n|poke|p2|Iron Valiant|\n|poke|p2|Dragapult, M|\n|poke|p2|Corviknight, F|\n|poke|p2|Ting-Lu|\n|poke|p2|Kingambit, F|\n|teampreview\n|inactive|Slikkles&NWL has 270 seconds left.\n|inactive|flo & liaminho has 270 seconds left.\n|inactive|Slikkles&NWL has 240 seconds left.\n|\n|t:|1699905908\n|start\n|switch|p1a: Ting-Lu|Ting-Lu|100\/100\n|switch|p2a: Ting-Lu|Ting-Lu|100\/100\n|-ability|p1a: Ting-Lu|Vessel of Ruin\n|-ability|p2a: Ting-Lu|Vessel of Ruin\n|turn|1\n|inactive|Slikkles&NWL has 270 seconds left.\n|inactive|Slikkles&NWL has 240 seconds left.\n|\n|t:|1699905965\n|move|p1a: Ting-Lu|Stealth Rock|p2a: Ting-Lu\n|-sidestart|p2: flo & liaminho|move: Stealth Rock\n|move|p2a: Ting-Lu|Ruination|p1a: Ting-Lu\n|-damage|p1a: Ting-Lu|50\/100\n|-enditem|p1a: Ting-Lu|Red Card|[of] p2a: Ting-Lu\n|drag|p2a: Iron Valiant|Iron Valiant|100\/100\n|-damage|p2a: Iron Valiant|94\/100|[from] Stealth Rock\n|-enditem|p2a: Iron Valiant|Booster Energy\n|-activate|p2a: Iron Valiant|ability: Quark Drive|[fromitem]\n|-start|p2a: Iron Valiant|quarkdrivespe\n|\n|upkeep\n|turn|2\n|inactive|Slikkles&NWL has 210 seconds left.\n|inactive|flo & liaminho has 270 seconds left.\n|inactive|Slikkles&NWL has 180 seconds left.\n|\n|t:|1699906030\n|move|p2a: Iron Valiant|Moonblast|p1a: Ting-Lu\n|-supereffective|p1a: Ting-Lu\n|-damage|p1a: Ting-Lu|6\/100\n|move|p1a: Ting-Lu|Earthquake|p2a: Iron Valiant\n|-damage|p2a: Iron Valiant|46\/100\n|\n|upkeep\n|turn|3\n|inactive|Slikkles&NWL has 180 seconds left.\n|inactive|Slikkles&NWL has 150 seconds left.\n|\n|t:|1699906066\n|move|p2a: Iron Valiant|Moonblast|p1a: Ting-Lu\n|-supereffective|p1a: Ting-Lu\n|-damage|p1a: Ting-Lu|0 fnt\n|faint|p1a: Ting-Lu\n|\n|upkeep\n|inactive|Slikkles&NWL has 150 seconds left.\n|\n|t:|1699906073\n|switch|p1a: Gholdengo|Gholdengo|100\/100\n|turn|4\n|inactive|Slikkles&NWL has 150 seconds left.\n|\n|t:|1699906105\n|-end|p2a: Iron Valiant|Quark Drive|[silent]\n|switch|p2a: Ting-Lu|Ting-Lu|100\/100\n|-damage|p2a: Ting-Lu|94\/100|[from] Stealth Rock\n|-ability|p2a: Ting-Lu|Vessel of Ruin\n|move|p1a: Gholdengo|Make It Rain|p2a: Ting-Lu\n|-damage|p2a: Ting-Lu|51\/100\n|-unboost|p1a: Gholdengo|spa|1\n|\n|-heal|p2a: Ting-Lu|58\/100|[from] item: Leftovers\n|upkeep\n|turn|5\n|inactive|Slikkles&NWL has 120 seconds left.\n|inactive|Slikkles&NWL has 90 seconds left.\n|inactive|Slikkles&NWL has 60 seconds left.\n|\n|t:|1699906185\n|switch|p1a: Great Tusk|Great Tusk|100\/100\n|-enditem|p1a: Great Tusk|Booster Energy\n|-activate|p1a: Great Tusk|ability: Protosynthesis|[fromitem]\n|-start|p1a: Great Tusk|protosynthesisspe\n|move|p2a: Ting-Lu|Earthquake|p1a: Great Tusk\n|-damage|p1a: Great Tusk|75\/100\n|\n|-heal|p2a: Ting-Lu|64\/100|[from] item: Leftovers\n|upkeep\n|turn|6\n|inactive|flo & liaminho has 240 seconds left.\n|\n|t:|1699906222\n|switch|p2a: Zapdos|Zapdos|100\/100\n|move|p1a: Great Tusk|Ice Spinner|p2a: Zapdos\n|-supereffective|p2a: Zapdos\n|-damage|p2a: Zapdos|62\/100\n|\n|upkeep\n|turn|7\n|inactive|Slikkles&NWL has 60 seconds left.\n|inactive|flo & liaminho has 210 seconds left.\n|inactive|Slikkles&NWL has 30 seconds left.\n|\n|t:|1699906273\n|move|p1a: Great Tusk|Bulk Up|p1a: Great Tusk\n|-boost|p1a: Great Tusk|atk|1\n|-boost|p1a: Great Tusk|def|1\n|move|p2a: Zapdos|Roost|p2a: Zapdos\n|-heal|p2a: Zapdos|100\/100\n|-singleturn|p2a: Zapdos|move: Roost\n|\n|upkeep\n|turn|8\n|inactive|flo & liaminho has 210 seconds left.\n|\n|t:|1699906278\n|move|p1a: Great Tusk|Ice Spinner|p2a: Zapdos\n|-supereffective|p2a: Zapdos\n|-damage|p2a: Zapdos|41\/100\n|move|p2a: Zapdos|Hurricane|p1a: Great Tusk|[miss]\n|-miss|p2a: Zapdos|p1a: Great Tusk\n|\n|upkeep\n|turn|9\n|inactive|flo & liaminho has 210 seconds left.\n|inactive|flo & liaminho has 180 seconds left.\n|c|\u2606Slikkles&NWL|question\n|inactive|flo & liaminho has 150 seconds left.\n|c|\u2606flo & liaminho|?\n|c|\u2606Slikkles&NWL|faut qu'on clique tout les 2 ensembles?\n|c|\u2606flo & liaminho|nonon\n|\n|t:|1699906364\n|-terastallize|p2a: Zapdos|Steel\n|move|p1a: Great Tusk|Ice Spinner|p2a: Zapdos\n|-resisted|p2a: Zapdos\n|-damage|p2a: Zapdos|26\/100\n|move|p2a: Zapdos|Hurricane|p1a: Great Tusk\n|-supereffective|p1a: Great Tusk\n|-damage|p1a: Great Tusk|0 fnt\n|faint|p1a: Great Tusk\n|-end|p1a: Great Tusk|Protosynthesis|[silent]\n|\n|upkeep\n|c|\u2606Slikkles&NWL|ok donc slikkles veut juste me faire faire un avc\n|c|\u2606flo & liaminho|juste si ca actualise pas faut qu'il y en ait un qui fasse f5\n|inactive|Slikkles&NWL has 30 seconds left.\n|c|\u2606flo & liaminho|pour reload la page\n|inactive|Slikkles&NWL has 20 seconds left.\n|\n|t:|1699906403\n|switch|p1a: Zapdos|Zapdos|100\/100\n|turn|10\n|inactive|Slikkles&NWL has 30 seconds left this turn.\n|\n|t:|1699906411\n|switch|p2a: Ting-Lu|Ting-Lu|64\/100\n|-damage|p2a: Ting-Lu|58\/100|[from] Stealth Rock\n|-ability|p2a: Ting-Lu|Vessel of Ruin\n|move|p1a: Zapdos|Discharge|p2a: Ting-Lu\n|-immune|p2a: Ting-Lu\n|\n|-heal|p2a: Ting-Lu|64\/100|[from] item: Leftovers\n|upkeep\n|turn|11\n|inactive|flo & liaminho has 150 seconds left.\n|\n|t:|1699906418\n|move|p1a: Zapdos|Hurricane|p2a: Ting-Lu\n|-damage|p2a: Ting-Lu|41\/100\n|move|p2a: Ting-Lu|Spikes|p1a: Zapdos\n|-sidestart|p1: Slikkles&NWL|Spikes\n|\n|-heal|p2a: Ting-Lu|47\/100|[from] item: Leftovers\n|upkeep\n|turn|12\n|\n|t:|1699906425\n|move|p1a: Zapdos|Hurricane|p2a: Ting-Lu\n|-damage|p2a: Ting-Lu|22\/100\n|move|p2a: Ting-Lu|Whirlwind|p1a: Zapdos\n|drag|p1a: Iron Valiant|Iron Valiant|100\/100\n|-damage|p1a: Iron Valiant|88\/100|[from] Spikes\n|-enditem|p1a: Iron Valiant|Booster Energy\n|-activate|p1a: Iron Valiant|ability: Quark Drive|[fromitem]\n|-start|p1a: Iron Valiant|quarkdrivespe\n|\n|-heal|p2a: Ting-Lu|28\/100|[from] item: Leftovers\n|upkeep\n|turn|13\n|\n|t:|1699906434\n|switch|p2a: Corviknight|Corviknight, F|100\/100\n|-damage|p2a: Corviknight|88\/100|[from] Stealth Rock\n|-ability|p2a: Corviknight|Pressure\n|move|p1a: Iron Valiant|Liquidation|p2a: Corviknight\n|-damage|p2a: Corviknight|70\/100\n|-damage|p1a: Iron Valiant|71\/100|[from] item: Rocky Helmet|[of] p2a: Corviknight\n|\n|upkeep\n|turn|14\n|inactive|Slikkles&NWL has 30 seconds left.\n|\n|t:|1699906476\n|-end|p1a: Iron Valiant|Quark Drive|[silent]\n|switch|p1a: Zapdos|Zapdos|100\/100\n|move|p2a: Corviknight|Brave Bird|p1a: Zapdos\n|-resisted|p1a: Zapdos\n|-damage|p1a: Zapdos|78\/100\n|-damage|p2a: Corviknight|64\/100|[from] Recoil\n|\n|upkeep\n|turn|15\n|\n|t:|1699906484\n|switch|p2a: Ting-Lu|Ting-Lu|28\/100\n|-damage|p2a: Ting-Lu|22\/100|[from] Stealth Rock\n|-ability|p2a: Ting-Lu|Vessel of Ruin\n|move|p1a: Zapdos|Discharge|p2a: Ting-Lu\n|-immune|p2a: Ting-Lu\n|\n|-heal|p2a: Ting-Lu|28\/100|[from] item: Leftovers\n|upkeep\n|turn|16\n|\n|t:|1699906490\n|move|p1a: Zapdos|Hurricane|p2a: Ting-Lu\n|-damage|p2a: Ting-Lu|4\/100\n|move|p2a: Ting-Lu|Spikes|p1a: Zapdos\n|-sidestart|p1: Slikkles&NWL|Spikes\n|\n|-heal|p2a: Ting-Lu|10\/100|[from] item: Leftovers\n|upkeep\n|turn|17\n|\n|t:|1699906494\n|move|p1a: Zapdos|Tera Blast|p2a: Ting-Lu\n|-damage|p2a: Ting-Lu|0 fnt\n|faint|p2a: Ting-Lu\n|\n|upkeep\n|\n|t:|1699906516\n|switch|p2a: Dragapult|Dragapult, M|100\/100\n|-damage|p2a: Dragapult|88\/100|[from] Stealth Rock\n|turn|18\n|inactive|Slikkles&NWL has 60 seconds left.\n|\n|t:|1699906539\n|move|p2a: Dragapult|Draco Meteor|p1a: Zapdos\n|-damage|p1a: Zapdos|0 fnt\n|-unboost|p2a: Dragapult|spa|2\n|faint|p1a: Zapdos\n|\n|upkeep\n|\n|t:|1699906547\n|switch|p1a: Iron Moth|Iron Moth|100\/100\n|-damage|p1a: Iron Moth|84\/100|[from] Spikes\n|-enditem|p1a: Iron Moth|Booster Energy\n|-activate|p1a: Iron Moth|ability: Quark Drive|[fromitem]\n|-start|p1a: Iron Moth|quarkdrivespe\n|turn|19\n|inactive|Slikkles&NWL has 60 seconds left.\n|\n|t:|1699906569\n|-terastallize|p1a: Iron Moth|Fairy\n|move|p1a: Iron Moth|Fiery Dance|p2a: Dragapult\n|-resisted|p2a: Dragapult\n|-damage|p2a: Dragapult|59\/100\n|move|p2a: Dragapult|Draco Meteor|p1a: Iron Moth\n|-immune|p1a: Iron Moth\n|\n|upkeep\n|turn|20\n|\n|t:|1699906578\n|switch|p2a: Zapdos|Zapdos, tera:Steel|26\/100\n|move|p1a: Iron Moth|Fiery Dance|p2a: Zapdos\n|-supereffective|p2a: Zapdos\n|-damage|p2a: Zapdos|0 fnt\n|faint|p2a: Zapdos\n|\n|upkeep\n|inactive|flo & liaminho has 150 seconds left.\n|\n|t:|1699906612\n|switch|p2a: Dragapult|Dragapult, M|59\/100\n|-damage|p2a: Dragapult|47\/100|[from] Stealth Rock\n|turn|21\n|\n|t:|1699906623\n|move|p1a: Iron Moth|Dazzling Gleam|p2a: Dragapult\n|-supereffective|p2a: Dragapult\n|-damage|p2a: Dragapult|0 fnt\n|faint|p2a: Dragapult\n|\n|upkeep\n|inactive|flo & liaminho has 150 seconds left.\n|\n|t:|1699906642\n|switch|p2a: Iron Valiant|Iron Valiant|46\/100\n|-damage|p2a: Iron Valiant|40\/100|[from] Stealth Rock\n|turn|22\n|\n|t:|1699906646\n|move|p1a: Iron Moth|Dazzling Gleam|p2a: Iron Valiant\n|-supereffective|p2a: Iron Valiant\n|-crit|p2a: Iron Valiant\n|-damage|p2a: Iron Valiant|0 fnt\n|faint|p2a: Iron Valiant\n|-end|p2a: Iron Valiant|Quark Drive|[silent]\n|\n|upkeep\n|\n|t:|1699906649\n|switch|p2a: Corviknight|Corviknight, F|64\/100\n|-damage|p2a: Corviknight|52\/100|[from] Stealth Rock\n|-ability|p2a: Corviknight|Pressure\n|turn|23\n|\n|t:|1699906654\n|move|p1a: Iron Moth|Fiery Dance|p2a: Corviknight\n|-supereffective|p2a: Corviknight\n|-damage|p2a: Corviknight|0 fnt\n|faint|p2a: Corviknight\n|\n|upkeep\n|\n|t:|1699906658\n|switch|p2a: Kingambit|Kingambit, F|100\/100\n|-damage|p2a: Kingambit|94\/100|[from] Stealth Rock\n|-activate|p2a: Kingambit|ability: Supreme Overlord\n|-start|p2a: Kingambit|fallen5|[silent]\n|turn|24\n|\n|t:|1699906664\n|move|p2a: Kingambit|Sucker Punch|p1a: Iron Moth\n|-resisted|p1a: Iron Moth\n|-damage|p1a: Iron Moth|37\/100\n|move|p1a: Iron Moth|Fiery Dance|p2a: Kingambit\n|-supereffective|p2a: Kingambit\n|-damage|p2a: Kingambit|7\/100\n|-boost|p1a: Iron Moth|spa|1\n|\n|upkeep\n|turn|25\n|\n|t:|1699906671\n|move|p2a: Kingambit|Sucker Punch|p1a: Iron Moth\n|-resisted|p1a: Iron Moth\n|-damage|p1a: Iron Moth|0 fnt\n|faint|p1a: Iron Moth\n|-end|p1a: Iron Moth|Quark Drive|[silent]\n|\n|upkeep\n|\n|t:|1699906674\n|switch|p1a: Gholdengo|Gholdengo|100\/100\n|-damage|p1a: Gholdengo|84\/100|[from] Spikes\n|turn|26\n|\n|t:|1699906681\n|move|p2a: Kingambit|Sucker Punch||[still]\n|-fail|p2a: Kingambit\n|move|p1a: Gholdengo|Trick|p2a: Kingambit\n|-activate|p1a: Gholdengo|move: Trick|[of] p2a: Kingambit\n|-item|p2a: Kingambit|Choice Specs|[from] move: Trick\n|-item|p1a: Gholdengo|Lum Berry|[from] move: Trick\n|\n|upkeep\n|turn|27\n|c|\u2606Slikkles&NWL|gg\n|\n|t:|1699906700\n|move|p1a: Gholdengo|Recover|p1a: Gholdengo\n|-heal|p1a: Gholdengo|100\/100\n|move|p2a: Kingambit|Kowtow Cleave|p1a: Gholdengo\n|-supereffective|p1a: Gholdengo\n|-damage|p1a: Gholdengo|0 fnt\n|faint|p1a: Gholdengo\n|\n|upkeep\n|c|\u2606flo & liaminho|gg\n|\n|t:|1699906703\n|switch|p1a: Iron Valiant|Iron Valiant|71\/100\n|-damage|p1a: Iron Valiant|55\/100|[from] Spikes\n|turn|28\n|\n|t:|1699906706\n|move|p1a: Iron Valiant|Liquidation|p2a: Kingambit\n|-damage|p2a: Kingambit|0 fnt\n|faint|p2a: Kingambit\n|-end|p2a: Kingambit|fallen5|[silent]\n|\n|win|Slikkles&NWL\n|player|p1|Slikkles&NWL|kindler-gen6\n|player|p1|\n|player|p1|Slikkles&NWL|kindler-gen6\n","uploadtime":1699906707,"views":57,"p1id":"slikklesnwl","p2id":"floliaminho","formatid":"gen9ubers","rating":0,"private":0,"password":""}