{"id":"smogtours-gen9ubers-730342","p1":"Fc \u2764","p2":"Entrocefalo","format":"[Gen 9] Ubers","log":"|inactive|Battle timer is ON: inactive players will automatically lose when time's up.\n|t:|1699820285\n|gametype|singles\n|player|p1|Fc \u2764|#omplxisolgaleos|\n|player|p2|Entrocefalo|#scl3machines2|\n|teamsize|p1|6\n|teamsize|p2|6\n|gen|9\n|tier|[Gen 9] Ubers\n|rule|Sleep Clause Mod: Limit one foe put to sleep\n|rule|Species Clause: Limit one of each Pok\u00e9mon\n|rule|OHKO Clause: OHKO moves are banned\n|rule|Evasion Items Clause: Evasion items are banned\n|rule|Evasion Moves Clause: Evasion moves are banned\n|rule|Endless Battle Clause: Forcing endless battles is banned\n|rule|HP Percentage Mod: HP is shown in percentages\n|clearpoke\n|poke|p1|Arceus-Ground|\n|poke|p1|Kyogre|\n|poke|p1|Koraidon|\n|poke|p1|Zacian-*|\n|poke|p1|Landorus-Therian, M|\n|poke|p1|Miraidon|\n|poke|p2|Ribombee, M|\n|poke|p2|Koraidon|\n|poke|p2|Miraidon|\n|poke|p2|Basculegion, M|\n|poke|p2|Arceus-Ground|\n|poke|p2|Zacian-*|\n|teampreview\n|raw|<div class=\"broadcast-red\"><strong>Moderated chat was set to \u2606!<\/strong><br \/>Only users of rank \u2606 and higher can talk.<\/div>\n|c|\u2606Entrocefalo|hf\n|c|\u2606Fc \u2764|hf\n|inactive|Fc \u2764 has 270 seconds left.\n|inactive|Entrocefalo has 270 seconds left.\n|inactive|Entrocefalo has 240 seconds left.\n|inactive|Entrocefalo has 210 seconds left.\n|\n|t:|1699820398\n|start\n|switch|p1a: Miraidon|Miraidon|100\/100\n|switch|p2a: Ribombee|Ribombee, M|100\/100\n|-fieldstart|move: Electric Terrain|[from] ability: Hadron Engine|[of] p1a: Miraidon\n|turn|1\n|\n|t:|1699820405\n|move|p1a: Miraidon|Electro Drift|p2a: Ribombee\n|-enditem|p2a: Ribombee|Focus Sash\n|-damage|p2a: Ribombee|1\/100\n|move|p2a: Ribombee|Sticky Web|p1a: Miraidon\n|-sidestart|p1: Fc \u2764|move: Sticky Web\n|\n|upkeep\n|turn|2\n|\n|t:|1699820410\n|move|p1a: Miraidon|Electro Drift|p2a: Ribombee\n|-damage|p2a: Ribombee|0 fnt\n|faint|p2a: Ribombee\n|\n|upkeep\n|\n|t:|1699820416\n|switch|p2a: Arceus|Arceus-Ground|100\/100\n|turn|3\n|\n|t:|1699820423\n|move|p1a: Miraidon|Draco Meteor|p2a: Arceus\n|-damage|p2a: Arceus|28\/100\n|-unboost|p1a: Miraidon|spa|2\n|move|p2a: Arceus|Judgment|p1a: Miraidon\n|-supereffective|p1a: Miraidon\n|-damage|p1a: Miraidon|0 fnt\n|faint|p1a: Miraidon\n|\n|upkeep\n|\n|t:|1699820431\n|switch|p1a: Arceus|Arceus-Ground|100\/100\n|-activate|p1a: Arceus|move: Sticky Web\n|-unboost|p1a: Arceus|spe|1\n|turn|4\n|\n|t:|1699820434\n|move|p2a: Arceus|Taunt|p1a: Arceus\n|-start|p1a: Arceus|move: Taunt\n|cant|p1a: Arceus|move: Taunt|Dragon Dance\n|\n|upkeep\n|turn|5\n|inactive|Entrocefalo has 270 seconds left.\n|inactive|Entrocefalo has 240 seconds left.\n|\n|t:|1699820518\n|move|p2a: Arceus|Ice Beam|p1a: Arceus\n|-supereffective|p1a: Arceus\n|-damage|p1a: Arceus|71\/100\n|move|p1a: Arceus|Earthquake|p2a: Arceus\n|-damage|p2a: Arceus|0 fnt\n|faint|p2a: Arceus\n|\n|-fieldend|move: Electric Terrain\n|upkeep\n|inactive|Entrocefalo has 210 seconds left.\n|\n|t:|1699820556\n|switch|p2a: Koraidon|Koraidon|100\/100\n|-weather|SunnyDay|[from] ability: Orichalcum Pulse|[of] p2a: Koraidon\n|-activate|p2a: Koraidon|Orichalcum Pulse|[source]\n|turn|6\n|\n|t:|1699820569\n|switch|p1a: Landorus|Landorus-Therian, M|100\/100\n|-ability|p1a: Landorus|Intimidate|boost\n|-unboost|p2a: Koraidon|atk|1\n|move|p2a: Koraidon|Swords Dance|p2a: Koraidon\n|-boost|p2a: Koraidon|atk|2\n|\n|-weather|SunnyDay|[upkeep]\n|upkeep\n|turn|7\n|\n|t:|1699820576\n|move|p2a: Koraidon|Scale Shot|p1a: Landorus\n|-damage|p1a: Landorus|77\/100\n|-damage|p1a: Landorus|55\/100\n|-damage|p1a: Landorus|33\/100\n|-damage|p1a: Landorus|12\/100\n|-damage|p1a: Landorus|0 fnt\n|faint|p1a: Landorus\n|-hitcount|p1: Landorus|5\n|-unboost|p2a: Koraidon|def|1\n|-boost|p2a: Koraidon|spe|1\n|\n|-weather|SunnyDay|[upkeep]\n|upkeep\n|\n|t:|1699820581\n|switch|p1a: Kyogre|Kyogre|100\/100\n|-weather|RainDance|[from] ability: Drizzle|[of] p1a: Kyogre\n|turn|8\n|inactive|Entrocefalo has 180 seconds left.\n|inactive|Fc \u2764 has 270 seconds left.\n|inactive|Entrocefalo has 150 seconds left.\n|inactive|Fc \u2764 has 240 seconds left.\n|inactive|Fc \u2764 has 210 seconds left.\n|inactive|Entrocefalo has 120 seconds left.\n|inactive|Fc \u2764 has 180 seconds left.\n|inactive|Fc \u2764 has 150 seconds left.\n|inactive|Entrocefalo has 90 seconds left.\n|inactive|Fc \u2764 has 120 seconds left.\n|inactive|Fc \u2764 has 90 seconds left.\n|\n|t:|1699820811\n|switch|p2a: Miraidon|Miraidon|100\/100\n|-fieldstart|move: Electric Terrain|[from] ability: Hadron Engine|[of] p2a: Miraidon\n|move|p1a: Kyogre|Thunder Wave|p2a: Miraidon\n|-immune|p2a: Miraidon\n|\n|-weather|RainDance|[upkeep]\n|upkeep\n|turn|9\n|inactive|Entrocefalo has 90 seconds left.\n|\n|t:|1699820824\n|move|p2a: Miraidon|Calm Mind|p2a: Miraidon\n|-boost|p2a: Miraidon|spa|1\n|-boost|p2a: Miraidon|spd|1\n|move|p1a: Kyogre|Ice Beam|p2a: Miraidon\n|-supereffective|p2a: Miraidon\n|-damage|p2a: Miraidon|58\/100\n|\n|-weather|RainDance|[upkeep]\n|upkeep\n|turn|10\n|\n|t:|1699820828\n|move|p2a: Miraidon|Electro Drift|p1a: Kyogre\n|-supereffective|p1a: Kyogre\n|-damage|p1a: Kyogre|0 fnt\n|faint|p1a: Kyogre\n|-damage|p2a: Miraidon|48\/100|[from] item: Life Orb\n|\n|-weather|RainDance|[upkeep]\n|upkeep\n|\n|t:|1699820832\n|switch|p1a: Koraidon|Koraidon|100\/100\n|-activate|p1a: Koraidon|move: Sticky Web\n|-unboost|p1a: Koraidon|spe|1\n|-weather|SunnyDay|[from] ability: Orichalcum Pulse|[of] p1a: Koraidon\n|-activate|p1a: Koraidon|Orichalcum Pulse|[source]\n|turn|11\n|inactive|Fc \u2764 has 90 seconds left.\n|inactive|Fc \u2764 has 60 seconds left.\n|\n|t:|1699820902\n|move|p2a: Miraidon|Dragon Pulse|p1a: Koraidon\n|-supereffective|p1a: Koraidon\n|-damage|p1a: Koraidon|0 fnt\n|faint|p1a: Koraidon\n|-damage|p2a: Miraidon|38\/100|[from] item: Life Orb\n|\n|-weather|SunnyDay|[upkeep]\n|upkeep\n|inactive|Fc \u2764 has 30 seconds left.\n|inactive|Fc \u2764 has 20 seconds left.\n|inactive|Fc \u2764 has 15 seconds left.\n|inactive|Fc \u2764 has 10 seconds left.\n|\n|t:|1699820932\n|switch|p1a: Arceus|Arceus-Ground|71\/100\n|-activate|p1a: Arceus|move: Sticky Web\n|-unboost|p1a: Arceus|spe|1\n|turn|12\n|inactive|Fc \u2764 has 20 seconds left this turn.\n|inactive|Entrocefalo has 120 seconds left.\n|\n|t:|1699820944\n|switch|p1a: Zacian|Zacian-Crowned|100\/100\n|-activate|p1a: Zacian|move: Sticky Web\n|-unboost|p1a: Zacian|spe|1\n|-ability|p1a: Zacian|Intrepid Sword|boost\n|-boost|p1a: Zacian|atk|1\n|move|p2a: Miraidon|Taunt|p1a: Zacian\n|-start|p1a: Zacian|move: Taunt\n|\n|-weather|SunnyDay|[upkeep]\n|-fieldend|move: Electric Terrain\n|upkeep\n|turn|13\n|inactive|Fc \u2764 has 30 seconds left this turn.\n|inactive|Entrocefalo has 120 seconds left.\n|\n|t:|1699820954\n|move|p2a: Miraidon|Electro Drift|p1a: Zacian\n|-damage|p1a: Zacian|8\/100\n|-damage|p2a: Miraidon|28\/100|[from] item: Life Orb\n|move|p1a: Zacian|Behemoth Blade|p2a: Miraidon\n|-resisted|p2a: Miraidon\n|-damage|p2a: Miraidon|0 fnt\n|faint|p2a: Miraidon\n|\n|-weather|SunnyDay|[upkeep]\n|upkeep\n|inactive|Fc \u2764 has 30 seconds left this turn.\n|\n|t:|1699820970\n|switch|p2a: Koraidon|Koraidon|100\/100\n|-activate|p2a: Koraidon|ability: Orichalcum Pulse\n|turn|14\n|\n|t:|1699820976\n|-terastallize|p2a: Koraidon|Fire\n|move|p2a: Koraidon|Swords Dance|p2a: Koraidon\n|-boost|p2a: Koraidon|atk|2\n|move|p1a: Zacian|Play Rough|p2a: Koraidon\n|-resisted|p2a: Koraidon\n|-damage|p2a: Koraidon|70\/100\n|\n|-weather|SunnyDay|[upkeep]\n|-end|p1a: Zacian|move: Taunt\n|upkeep\n|turn|15\n|\n|t:|1699820984\n|move|p2a: Koraidon|Flame Charge|p1a: Zacian\n|-supereffective|p1a: Zacian\n|-damage|p1a: Zacian|0 fnt\n|-boost|p2a: Koraidon|spe|1\n|faint|p1a: Zacian\n|\n|-weather|none\n|upkeep\n|\n|t:|1699820985\n|switch|p1a: Arceus|Arceus-Ground|71\/100\n|-activate|p1a: Arceus|move: Sticky Web\n|-unboost|p1a: Arceus|spe|1\n|turn|16\n|inactive|Fc \u2764 has 30 seconds left.\n|inactive|Entrocefalo has 120 seconds left.\n|inactive|Fc \u2764 has 20 seconds left.\n|\n|t:|1699821026\n|-terastallize|p1a: Arceus|Poison\n|move|p2a: Koraidon|Low Kick|p1a: Arceus\n|-resisted|p1a: Arceus\n|-damage|p1a: Arceus|21\/100\n|move|p1a: Arceus|Recover|p1a: Arceus\n|-heal|p1a: Arceus|71\/100\n|\n|upkeep\n|turn|17\n|inactive|Fc \u2764 has 30 seconds left this turn.\n|\n|t:|1699821055\n|move|p2a: Koraidon|Swords Dance|p2a: Koraidon\n|-boost|p2a: Koraidon|atk|2\n|move|p1a: Arceus|Dragon Dance|p1a: Arceus\n|-boost|p1a: Arceus|atk|1\n|-boost|p1a: Arceus|spe|1\n|\n|upkeep\n|turn|18\n|inactive|Fc \u2764 has 30 seconds left.\n|c|\u2606Entrocefalo|gg\n|\n|t:|1699821065\n|move|p2a: Koraidon|Flame Charge|p1a: Arceus\n|-damage|p1a: Arceus|5\/100\n|-boost|p2a: Koraidon|spe|1\n|move|p1a: Arceus|Earthquake|p2a: Koraidon\n|-supereffective|p2a: Koraidon\n|-damage|p2a: Koraidon|0 fnt\n|faint|p2a: Koraidon\n|\n|upkeep\n|\n|t:|1699821069\n|switch|p2a: Zacian|Zacian-Crowned|100\/100\n|-ability|p2a: Zacian|Intrepid Sword|boost\n|-boost|p2a: Zacian|atk|1\n|turn|19\n|\n|t:|1699821083\n|move|p2a: Zacian|Behemoth Blade|p1a: Arceus\n|-damage|p1a: Arceus|0 fnt\n|faint|p1a: Arceus\n|\n|win|Entrocefalo\n|c|\u2606Fc \u2764|gg\n","uploadtime":1699821084,"views":289,"p1id":"fc","p2id":"entrocefalo","formatid":"gen9ubers","rating":0,"private":0,"password":""}