{"id":"smogtours-gen9ubers-731422","p1":"JJ09LIE and Tuthur","p2":"mimilimi - sylveon","format":"[Gen 9] Ubers","log":"|inactive|Battle timer is ON: inactive players will automatically lose when time's up.\n|t:|1700401159\n|gametype|singles\n|player|p1|JJ09LIE and Tuthur|#tuthur|\n|player|p2|mimilimi - sylveon|169|\n|teamsize|p1|6\n|teamsize|p2|6\n|gen|9\n|tier|[Gen 9] Ubers\n|rule|Sleep Clause Mod: Limit one foe put to sleep\n|rule|Species Clause: Limit one of each Pok\u00e9mon\n|rule|OHKO Clause: OHKO moves are banned\n|rule|Evasion Items Clause: Evasion items are banned\n|rule|Evasion Moves Clause: Evasion moves are banned\n|rule|Endless Battle Clause: Forcing endless battles is banned\n|rule|HP Percentage Mod: HP is shown in percentages\n|clearpoke\n|poke|p1|Sneasler, F|\n|poke|p1|Gholdengo|\n|poke|p1|Gliscor, M|\n|poke|p1|Ting-Lu|\n|poke|p1|Clefable, F|\n|poke|p1|Dragapult, M|\n|poke|p2|Blissey, F|\n|poke|p2|Clefable, F|\n|poke|p2|Gliscor, F|\n|poke|p2|Dondozo, M|\n|poke|p2|Talonflame, M|\n|poke|p2|Toxapex, F|\n|teampreview\n|inactive|JJ09LIE and Tuthur also wants the timer to be on.\n|c|\u2606mimilimi - sylveon|hf\n|c|\u2606JJ09LIE and Tuthur|=\n|inactive|JJ09LIE and Tuthur has 270 seconds left.\n|inactive|mimilimi - sylveon has 270 seconds left.\n|\n|t:|1700401204\n|start\n|switch|p1a: Gliscor|Gliscor, M|100\/100\n|switch|p2a: Gliscor|Gliscor, F|100\/100\n|turn|1\n|\n|t:|1700401213\n|move|p1a: Gliscor|Protect|p1a: Gliscor\n|-singleturn|p1a: Gliscor|Protect\n|move|p2a: Gliscor|Protect||[still]\n|-fail|p2a: Gliscor\n|\n|-status|p1a: Gliscor|tox|[from] item: Toxic Orb\n|-status|p2a: Gliscor|tox|[from] item: Toxic Orb\n|upkeep\n|turn|2\n|\n|t:|1700401228\n|move|p1a: Gliscor|Swords Dance|p1a: Gliscor\n|-boost|p1a: Gliscor|atk|2\n|move|p2a: Gliscor|Spikes|p1a: Gliscor\n|-sidestart|p1: JJ09LIE and Tuthur|Spikes\n|\n|upkeep\n|turn|3\n|\n|t:|1700401258\n|move|p1a: Gliscor|Knock Off|p2a: Gliscor\n|-damage|p2a: Gliscor|74\/100 tox\n|-enditem|p2a: Gliscor|Toxic Orb|[from] move: Knock Off|[of] p1a: Gliscor\n|move|p2a: Gliscor|Spikes|p1a: Gliscor\n|-sidestart|p1: JJ09LIE and Tuthur|Spikes\n|\n|-heal|p2a: Gliscor|86\/100 tox|[from] ability: Poison Heal\n|upkeep\n|turn|4\n|\n|t:|1700401264\n|move|p1a: Gliscor|Swords Dance|p1a: Gliscor\n|-boost|p1a: Gliscor|atk|2\n|move|p2a: Gliscor|Spikes|p1a: Gliscor\n|-sidestart|p1: JJ09LIE and Tuthur|Spikes\n|\n|-heal|p2a: Gliscor|99\/100 tox|[from] ability: Poison Heal\n|upkeep\n|turn|5\n|c|+Akalli|gg\n|\n|t:|1700401269\n|switch|p2a: Dondozo|Dondozo, M|100\/100\n|move|p1a: Gliscor|Knock Off|p2a: Dondozo\n|-damage|p2a: Dondozo|90\/100\n|-enditem|p2a: Dondozo|Heavy-Duty Boots|[from] move: Knock Off|[of] p1a: Gliscor\n|\n|upkeep\n|turn|6\n|c|\u2606mimilimi - sylveon|.\n|raw|<div class=\"broadcast-red\"><strong>Moderated chat was set to \u2606!<\/strong><br \/>Only users of rank \u2606 and higher can talk.<\/div>\n|\n|t:|1700401298\n|switch|p1a: Dragapult|Dragapult, M|100\/100\n|move|p2a: Dondozo|Avalanche|p1a: Dragapult\n|-supereffective|p1a: Dragapult\n|-damage|p1a: Dragapult|61\/100\n|\n|upkeep\n|turn|7\n|\n|t:|1700401309\n|switch|p2a: Clefable|Clefable, F|100\/100\n|move|p1a: Dragapult|Will-O-Wisp|p2a: Clefable\n|-status|p2a: Clefable|brn\n|\n|-damage|p2a: Clefable|94\/100 brn|[from] brn\n|upkeep\n|turn|8\n|inactive|JJ09LIE and Tuthur has 270 seconds left.\n|\n|t:|1700401344\n|switch|p1a: Gliscor|Gliscor, M|100\/100 tox\n|move|p2a: Clefable|Moonblast|p1a: Gliscor\n|-damage|p1a: Gliscor|75\/100 tox\n|\n|-heal|p1a: Gliscor|87\/100 tox|[from] ability: Poison Heal\n|-damage|p2a: Clefable|88\/100 brn|[from] brn\n|upkeep\n|turn|9\n|inactive|JJ09LIE and Tuthur has 240 seconds left.\n|\n|t:|1700401381\n|switch|p1a: Ting-Lu|Ting-Lu|100\/100\n|-damage|p1a: Ting-Lu|76\/100|[from] Spikes\n|-ability|p1a: Ting-Lu|Vessel of Ruin\n|switch|p2a: Dondozo|Dondozo, M|90\/100\n|\n|-heal|p1a: Ting-Lu|82\/100|[from] item: Leftovers\n|upkeep\n|turn|10\n|\n|t:|1700401392\n|move|p1a: Ting-Lu|Stealth Rock|p2a: Dondozo\n|-sidestart|p2: mimilimi - sylveon|move: Stealth Rock\n|move|p2a: Dondozo|Body Press|p1a: Ting-Lu\n|-supereffective|p1a: Ting-Lu\n|-damage|p1a: Ting-Lu|49\/100\n|\n|-heal|p1a: Ting-Lu|55\/100|[from] item: Leftovers\n|upkeep\n|turn|11\n|inactive|JJ09LIE and Tuthur has 240 seconds left.\n|\n|t:|1700401405\n|move|p1a: Ting-Lu|Ruination|p2a: Dondozo\n|-damage|p2a: Dondozo|45\/100\n|move|p2a: Dondozo|Body Press|p1a: Ting-Lu\n|-supereffective|p1a: Ting-Lu\n|-damage|p1a: Ting-Lu|22\/100\n|\n|-heal|p1a: Ting-Lu|29\/100|[from] item: Leftovers\n|upkeep\n|turn|12\n|inactive|JJ09LIE and Tuthur has 240 seconds left.\n|\n|t:|1700401414\n|move|p1a: Ting-Lu|Spikes|p2a: Dondozo\n|-sidestart|p2: mimilimi - sylveon|Spikes\n|move|p2a: Dondozo|Rest|p2a: Dondozo\n|-status|p2a: Dondozo|slp|[from] move: Rest\n|-heal|p2a: Dondozo|100\/100 slp|[silent]\n|\n|-heal|p1a: Ting-Lu|35\/100|[from] item: Leftovers\n|upkeep\n|turn|13\n|\n|t:|1700401441\n|move|p1a: Ting-Lu|Ruination|p2a: Dondozo\n|-damage|p2a: Dondozo|50\/100 slp\n|cant|p2a: Dondozo|slp\n|move|p2a: Dondozo|Sleep Talk|p2a: Dondozo\n|move|p2a: Dondozo|Avalanche|p1a: Ting-Lu|[from]move: Sleep Talk\n|-supereffective|p1a: Ting-Lu\n|-damage|p1a: Ting-Lu|3\/100\n|\n|-heal|p1a: Ting-Lu|9\/100|[from] item: Leftovers\n|upkeep\n|turn|14\n|\n|t:|1700401456\n|switch|p1a: Clefable|Clefable, F|100\/100\n|cant|p2a: Dondozo|slp\n|\n|upkeep\n|turn|15\n|\n|t:|1700401468\n|move|p1a: Clefable|Moonblast|p2a: Dondozo\n|-damage|p2a: Dondozo|14\/100 slp\n|-unboost|p2a: Dondozo|spa|1\n|-curestatus|p2a: Dondozo|slp|[msg]\n|move|p2a: Dondozo|Rest|p2a: Dondozo\n|-status|p2a: Dondozo|slp|[from] move: Rest\n|-heal|p2a: Dondozo|100\/100 slp|[silent]\n|\n|upkeep\n|turn|16\n|inactive|mimilimi - sylveon has 270 seconds left.\n|\n|t:|1700401520\n|switch|p1a: Sneasler|Sneasler, F|100\/100\n|-damage|p1a: Sneasler|76\/100|[from] Spikes\n|switch|p2a: Toxapex|Toxapex, F|100\/100\n|\n|upkeep\n|turn|17\n|\n|t:|1700401527\n|move|p1a: Sneasler|Switcheroo|p2a: Toxapex\n|-activate|p1a: Sneasler|move: Trick|[of] p2a: Toxapex\n|-item|p2a: Toxapex|Choice Scarf|[from] move: Switcheroo\n|-item|p1a: Sneasler|Heavy-Duty Boots|[from] move: Switcheroo\n|move|p2a: Toxapex|Surf|p1a: Sneasler\n|-damage|p1a: Sneasler|48\/100\n|\n|upkeep\n|turn|18\n|\n|t:|1700401537\n|move|p1a: Sneasler|U-turn|p2a: Toxapex\n|-resisted|p2a: Toxapex\n|-damage|p2a: Toxapex|92\/100\n|\n|t:|1700401541\n|switch|p1a: Clefable|Clefable, F|100\/100|[from] U-turn\n|move|p2a: Toxapex|Surf|p1a: Clefable\n|-damage|p1a: Clefable|82\/100\n|\n|upkeep\n|turn|19\n|inactive|JJ09LIE and Tuthur has 270 seconds left.\n|\n|t:|1700401553\n|switch|p2a: Blissey|Blissey, F|100\/100\n|move|p1a: Clefable|Calm Mind|p1a: Clefable\n|-boost|p1a: Clefable|spa|1\n|-boost|p1a: Clefable|spd|1\n|\n|upkeep\n|turn|20\n|inactive|JJ09LIE and Tuthur has 270 seconds left.\n|\n|t:|1700401567\n|switch|p1a: Gholdengo|Gholdengo|100\/100\n|-item|p1a: Gholdengo|Air Balloon\n|move|p2a: Blissey|Stealth Rock|p1a: Gholdengo\n|-sidestart|p1: JJ09LIE and Tuthur|move: Stealth Rock\n|\n|upkeep\n|turn|21\n|inactive|JJ09LIE and Tuthur has 270 seconds left.\n|inactive|mimilimi - sylveon has 270 seconds left.\n|\n|t:|1700401584\n|move|p1a: Gholdengo|Nasty Plot|p1a: Gholdengo\n|-boost|p1a: Gholdengo|spa|2\n|move|p2a: Blissey|Calm Mind|p2a: Blissey\n|-boost|p2a: Blissey|spa|1\n|-boost|p2a: Blissey|spd|1\n|\n|upkeep\n|turn|22\n|inactive|JJ09LIE and Tuthur has 270 seconds left.\n|\n|t:|1700401592\n|-terastallize|p2a: Blissey|Dark\n|move|p1a: Gholdengo|Nasty Plot|p1a: Gholdengo\n|-boost|p1a: Gholdengo|spa|2\n|move|p2a: Blissey|Shadow Ball|p1a: Gholdengo\n|-supereffective|p1a: Gholdengo\n|-damage|p1a: Gholdengo|60\/100\n|-enditem|p1a: Gholdengo|Air Balloon\n|\n|upkeep\n|turn|23\n|inactive|JJ09LIE and Tuthur has 270 seconds left.\n|\n|t:|1700401607\n|move|p1a: Gholdengo|Focus Blast|p2a: Blissey\n|-supereffective|p2a: Blissey\n|-damage|p2a: Blissey|51\/100\n|move|p2a: Blissey|Shadow Ball|p1a: Gholdengo\n|-supereffective|p1a: Gholdengo\n|-damage|p1a: Gholdengo|17\/100\n|\n|upkeep\n|turn|24\n|inactive|JJ09LIE and Tuthur has 270 seconds left.\n|inactive|JJ09LIE and Tuthur has 240 seconds left.\n|\n|t:|1700401649\n|switch|p2a: Talonflame|Talonflame, M|100\/100\n|move|p1a: Gholdengo|Focus Blast|p2a: Talonflame\n|-resisted|p2a: Talonflame\n|-damage|p2a: Talonflame|25\/100\n|\n|upkeep\n|turn|25\n|inactive|JJ09LIE and Tuthur has 240 seconds left.\n|inactive|mimilimi - sylveon has 270 seconds left.\n|\n|t:|1700401683\n|switch|p1a: Dragapult|Dragapult, M|61\/100\n|move|p2a: Talonflame|Brave Bird|p1a: Dragapult\n|-damage|p1a: Dragapult|0 fnt\n|faint|p1a: Dragapult\n|-damage|p2a: Talonflame|8\/100|[from] Recoil\n|\n|upkeep\n|inactive|JJ09LIE and Tuthur has 210 seconds left.\n|\n|t:|1700401710\n|switch|p1a: Gliscor|Gliscor, M|87\/100 tox\n|-damage|p1a: Gliscor|75\/100 tox|[from] Stealth Rock\n|turn|26\n|inactive|mimilimi - sylveon has 270 seconds left.\n|inactive|mimilimi - sylveon has 240 seconds left.\n|inactive|mimilimi - sylveon has 210 seconds left.\n|inactive|mimilimi - sylveon has 180 seconds left.\n|\n|t:|1700401815\n|move|p2a: Talonflame|Brave Bird|p1a: Gliscor\n|-damage|p1a: Gliscor|39\/100 tox\n|-damage|p2a: Talonflame|0 fnt|[from] Recoil\n|faint|p2a: Talonflame\n|move|p1a: Gliscor|Knock Off|p2: Talonflame|[notarget]\n|-fail|p1a: Gliscor\n|\n|-heal|p1a: Gliscor|51\/100 tox|[from] ability: Poison Heal\n|upkeep\n|inactive|mimilimi - sylveon has 180 seconds left.\n|\n|t:|1700401829\n|switch|p2a: Dondozo|Dondozo, M|100\/100 slp\n|-damage|p2a: Dondozo|88\/100 slp|[from] Stealth Rock\n|-damage|p2a: Dondozo|75\/100 slp|[from] Spikes\n|turn|27\n|inactive|JJ09LIE and Tuthur has 210 seconds left.\n|\n|t:|1700401849\n|switch|p1a: Clefable|Clefable, F|82\/100\n|cant|p2a: Dondozo|slp\n|move|p2a: Dondozo|Sleep Talk|p2a: Dondozo\n|move|p2a: Dondozo|Rest||[from]move: Sleep Talk|[still]\n|-fail|p2a: Dondozo\n|\n|upkeep\n|turn|28\n|inactive|mimilimi - sylveon has 180 seconds left.\n|inactive|mimilimi - sylveon has 150 seconds left.\n|\n|t:|1700401899\n|switch|p2a: Gliscor|Gliscor, F|99\/100 tox\n|-damage|p2a: Gliscor|86\/100 tox|[from] Stealth Rock\n|move|p1a: Clefable|Moonblast|p2a: Gliscor\n|-damage|p2a: Gliscor|37\/100 tox\n|\n|-heal|p2a: Gliscor|50\/100 tox|[from] ability: Poison Heal\n|upkeep\n|turn|29\n|inactive|JJ09LIE and Tuthur has 180 seconds left.\n|\n|t:|1700401924\n|move|p2a: Gliscor|Knock Off|p1a: Clefable\n|-resisted|p1a: Clefable\n|-damage|p1a: Clefable|75\/100\n|-enditem|p1a: Clefable|Life Orb|[from] move: Knock Off|[of] p2a: Gliscor\n|move|p1a: Clefable|Calm Mind|p1a: Clefable\n|-boost|p1a: Clefable|spa|1\n|-boost|p1a: Clefable|spd|1\n|\n|-heal|p2a: Gliscor|62\/100 tox|[from] ability: Poison Heal\n|upkeep\n|turn|30\n|\n|t:|1700401929\n|move|p2a: Gliscor|Protect|p2a: Gliscor\n|-singleturn|p2a: Gliscor|Protect\n|move|p1a: Clefable|Calm Mind|p1a: Clefable\n|-boost|p1a: Clefable|spa|1\n|-boost|p1a: Clefable|spd|1\n|\n|-heal|p2a: Gliscor|75\/100 tox|[from] ability: Poison Heal\n|upkeep\n|turn|31\n|\n|t:|1700401941\n|switch|p2a: Clefable|Clefable, F|88\/100 brn\n|move|p1a: Clefable|Calm Mind|p1a: Clefable\n|-boost|p1a: Clefable|spa|1\n|-boost|p1a: Clefable|spd|1\n|\n|-damage|p2a: Clefable|82\/100 brn|[from] brn\n|upkeep\n|turn|32\n|inactive|JJ09LIE and Tuthur has 180 seconds left.\n|inactive|JJ09LIE and Tuthur has 150 seconds left.\n|\n|t:|1700401988\n|move|p1a: Clefable|Calm Mind|p1a: Clefable\n|-boost|p1a: Clefable|spa|1\n|-boost|p1a: Clefable|spd|1\n|move|p2a: Clefable|Calm Mind|p2a: Clefable\n|-boost|p2a: Clefable|spa|1\n|-boost|p2a: Clefable|spd|1\n|\n|-damage|p2a: Clefable|76\/100 brn|[from] brn\n|upkeep\n|turn|33\n|inactive|JJ09LIE and Tuthur has 150 seconds left.\n|\n|t:|1700402002\n|move|p1a: Clefable|Stored Power|p2a: Clefable\n|-damage|p2a: Clefable|59\/100 brn\n|move|p2a: Clefable|Moonblast|p1a: Clefable\n|-damage|p1a: Clefable|27\/100\n|\n|-damage|p2a: Clefable|53\/100 brn|[from] brn\n|upkeep\n|turn|34\n|\n|t:|1700402006\n|move|p1a: Clefable|Moonlight|p1a: Clefable\n|-heal|p1a: Clefable|77\/100\n|move|p2a: Clefable|Wish|p2a: Clefable\n|\n|-damage|p2a: Clefable|46\/100 brn|[from] brn\n|upkeep\n|turn|35\n|\n|t:|1700402021\n|switch|p1a: Ting-Lu|Ting-Lu|9\/100\n|-damage|p1a: Ting-Lu|0 fnt|[from] Spikes\n|faint|p1a: Ting-Lu\n|move|p2a: Clefable|Moonblast|p1: Ting-Lu|[notarget]\n|-fail|p2a: Clefable\n|\n|-heal|p2a: Clefable|96\/100 brn|[from] move: Wish|[wisher] Clefable\n|-damage|p2a: Clefable|90\/100 brn|[from] brn\n|upkeep\n|\n|t:|1700402023\n|switch|p1a: Sneasler|Sneasler, F|48\/100\n|turn|36\n|\n|t:|1700402040\n|switch|p2a: Toxapex|Toxapex, F|100\/100\n|-damage|p2a: Toxapex|88\/100|[from] Stealth Rock\n|-damage|p2a: Toxapex|76\/100|[from] Spikes\n|move|p1a: Sneasler|Dire Claw|p2a: Toxapex\n|-resisted|p2a: Toxapex\n|-damage|p2a: Toxapex|59\/100\n|\n|upkeep\n|turn|37\n|inactive|JJ09LIE and Tuthur has 150 seconds left.\n|\n|t:|1700402075\n|move|p1a: Sneasler|U-turn|p2a: Toxapex\n|-resisted|p2a: Toxapex\n|-damage|p2a: Toxapex|50\/100\n|\n|t:|1700402079\n|switch|p1a: Clefable|Clefable, F|77\/100|[from] U-turn\n|move|p2a: Toxapex|Surf|p1a: Clefable\n|-damage|p1a: Clefable|60\/100\n|\n|upkeep\n|turn|38\n|\n|t:|1700402093\n|switch|p1a: Sneasler|Sneasler, F|48\/100\n|move|p2a: Toxapex|Surf|p1a: Sneasler\n|-damage|p1a: Sneasler|22\/100\n|\n|upkeep\n|turn|39\n|\n|t:|1700402098\n|move|p1a: Sneasler|U-turn|p2a: Toxapex\n|-resisted|p2a: Toxapex\n|-damage|p2a: Toxapex|39\/100\n|\n|t:|1700402101\n|switch|p1a: Clefable|Clefable, F|60\/100|[from] U-turn\n|move|p2a: Toxapex|Surf|p1a: Clefable\n|-damage|p1a: Clefable|42\/100\n|\n|upkeep\n|turn|40\n|\n|t:|1700402103\n|switch|p2a: Clefable|Clefable, F|90\/100 brn\n|move|p1a: Clefable|Moonlight|p1a: Clefable\n|-heal|p1a: Clefable|92\/100\n|\n|-damage|p2a: Clefable|84\/100 brn|[from] brn\n|upkeep\n|turn|41\n|\n|t:|1700402111\n|move|p1a: Clefable|Moonblast|p2a: Clefable\n|-damage|p2a: Clefable|63\/100 brn\n|-unboost|p2a: Clefable|spa|1\n|move|p2a: Clefable|Calm Mind|p2a: Clefable\n|-boost|p2a: Clefable|spa|1\n|-boost|p2a: Clefable|spd|1\n|\n|-damage|p2a: Clefable|57\/100 brn|[from] brn\n|upkeep\n|turn|42\n|\n|t:|1700402129\n|switch|p1a: Sneasler|Sneasler, F|22\/100\n|move|p2a: Clefable|Wish|p2a: Clefable\n|\n|-damage|p2a: Clefable|51\/100 brn|[from] brn\n|upkeep\n|turn|43\n|\n|t:|1700402139\n|move|p2a: Clefable|Protect|p2a: Clefable\n|-singleturn|p2a: Clefable|Protect\n|move|p1a: Sneasler|Dire Claw|p2a: Clefable\n|-activate|p2a: Clefable|move: Protect\n|\n|-heal|p2a: Clefable|100\/100 brn|[from] move: Wish|[wisher] Clefable\n|-damage|p2a: Clefable|94\/100 brn|[from] brn\n|upkeep\n|turn|44\n|\n|t:|1700402156\n|switch|p2a: Toxapex|Toxapex, F|73\/100\n|-damage|p2a: Toxapex|61\/100|[from] Stealth Rock\n|-damage|p2a: Toxapex|48\/100|[from] Spikes\n|-terastallize|p1a: Sneasler|Fighting\n|move|p1a: Sneasler|Close Combat|p2a: Toxapex\n|-resisted|p2a: Toxapex\n|-damage|p2a: Toxapex|16\/100\n|-unboost|p1a: Sneasler|def|1\n|-unboost|p1a: Sneasler|spd|1\n|\n|upkeep\n|turn|45\n|\n|t:|1700402162\n|switch|p2a: Gliscor|Gliscor, F|75\/100 tox\n|-damage|p2a: Gliscor|62\/100 tox|[from] Stealth Rock\n|move|p1a: Sneasler|Close Combat|p2a: Gliscor\n|-resisted|p2a: Gliscor\n|-damage|p2a: Gliscor|38\/100 tox\n|-unboost|p1a: Sneasler|def|1\n|-unboost|p1a: Sneasler|spd|1\n|\n|-heal|p2a: Gliscor|51\/100 tox|[from] ability: Poison Heal\n|upkeep\n|turn|46\n|\n|t:|1700402180\n|switch|p2a: Clefable|Clefable, F|94\/100 brn\n|move|p1a: Sneasler|U-turn|p2a: Clefable\n|-resisted|p2a: Clefable\n|-damage|p2a: Clefable|80\/100 brn\n|\n|t:|1700402192\n|switch|p1a: Gliscor|Gliscor, M|51\/100 tox|[from] U-turn\n|-damage|p1a: Gliscor|39\/100 tox|[from] Stealth Rock\n|\n|-heal|p1a: Gliscor|51\/100 tox|[from] ability: Poison Heal\n|-damage|p2a: Clefable|74\/100 brn|[from] brn\n|upkeep\n|turn|47\n|\n|t:|1700402210\n|move|p1a: Gliscor|Facade|p2a: Clefable\n|-damage|p2a: Clefable|41\/100 brn\n|move|p2a: Clefable|Wish|p2a: Clefable\n|\n|-heal|p1a: Gliscor|64\/100 tox|[from] ability: Poison Heal\n|-damage|p2a: Clefable|35\/100 brn|[from] brn\n|upkeep\n|turn|48\n|\n|t:|1700402230\n|move|p2a: Clefable|Protect|p2a: Clefable\n|-singleturn|p2a: Clefable|Protect\n|move|p1a: Gliscor|Swords Dance|p1a: Gliscor\n|-boost|p1a: Gliscor|atk|2\n|\n|-heal|p2a: Clefable|85\/100 brn|[from] move: Wish|[wisher] Clefable\n|-heal|p1a: Gliscor|76\/100 tox|[from] ability: Poison Heal\n|-damage|p2a: Clefable|79\/100 brn|[from] brn\n|upkeep\n|turn|49\n|\n|t:|1700402234\n|move|p1a: Gliscor|Knock Off|p2a: Clefable\n|-resisted|p2a: Clefable\n|-damage|p2a: Clefable|66\/100 brn\n|-enditem|p2a: Clefable|Heavy-Duty Boots|[from] move: Knock Off|[of] p1a: Gliscor\n|move|p2a: Clefable|Wish|p2a: Clefable\n|\n|-heal|p1a: Gliscor|89\/100 tox|[from] ability: Poison Heal\n|-damage|p2a: Clefable|60\/100 brn|[from] brn\n|upkeep\n|turn|50\n|\n|t:|1700402242\n|move|p1a: Gliscor|Facade|p2a: Clefable\n|-damage|p2a: Clefable|25\/100 brn\n|move|p2a: Clefable|Calm Mind|p2a: Clefable\n|-boost|p2a: Clefable|spa|1\n|-boost|p2a: Clefable|spd|1\n|\n|-heal|p2a: Clefable|75\/100 brn|[from] move: Wish|[wisher] Clefable\n|-heal|p1a: Gliscor|100\/100 tox|[from] ability: Poison Heal\n|-damage|p2a: Clefable|69\/100 brn|[from] brn\n|upkeep\n|turn|51\n|inactive|JJ09LIE and Tuthur has 180 seconds left.\n|\n|t:|1700402247\n|move|p1a: Gliscor|Facade|p2a: Clefable\n|-damage|p2a: Clefable|38\/100 brn\n|move|p2a: Clefable|Wish|p2a: Clefable\n|\n|-damage|p2a: Clefable|32\/100 brn|[from] brn\n|upkeep\n|turn|52\n|inactive|JJ09LIE and Tuthur has 180 seconds left.\n|\n|t:|1700402275\n|switch|p1a: Sneasler|Sneasler, F, tera:Fighting|22\/100\n|move|p2a: Clefable|Protect||[still]\n|-fail|p2a: Clefable\n|\n|-heal|p2a: Clefable|82\/100 brn|[from] move: Wish|[wisher] Clefable\n|-damage|p2a: Clefable|76\/100 brn|[from] brn\n|upkeep\n|turn|53\n|\n|t:|1700402298\n|switch|p2a: Gliscor|Gliscor, F|51\/100 tox\n|-damage|p2a: Gliscor|38\/100 tox|[from] Stealth Rock\n|move|p1a: Sneasler|Close Combat|p2a: Gliscor\n|-resisted|p2a: Gliscor\n|-damage|p2a: Gliscor|12\/100 tox\n|-unboost|p1a: Sneasler|def|1\n|-unboost|p1a: Sneasler|spd|1\n|\n|-heal|p2a: Gliscor|24\/100 tox|[from] ability: Poison Heal\n|upkeep\n|turn|54\n|\n|t:|1700402315\n|switch|p1a: Gliscor|Gliscor, M|100\/100 tox\n|-damage|p1a: Gliscor|88\/100 tox|[from] Stealth Rock\n|move|p2a: Gliscor|Protect||[still]\n|-fail|p2a: Gliscor\n|\n|-heal|p1a: Gliscor|100\/100 tox|[from] ability: Poison Heal\n|-heal|p2a: Gliscor|37\/100 tox|[from] ability: Poison Heal\n|upkeep\n|turn|55\n|\n|t:|1700402325\n|move|p1a: Gliscor|Facade|p2a: Gliscor\n|-damage|p2a: Gliscor|18\/100 tox\n|move|p2a: Gliscor|Knock Off|p1a: Gliscor\n|-damage|p1a: Gliscor|84\/100 tox\n|-enditem|p1a: Gliscor|Toxic Orb|[from] move: Knock Off|[of] p2a: Gliscor\n|\n|-heal|p1a: Gliscor|96\/100 tox|[from] ability: Poison Heal\n|-heal|p2a: Gliscor|30\/100 tox|[from] ability: Poison Heal\n|upkeep\n|turn|56\n|\n|t:|1700402336\n|move|p1a: Gliscor|Facade|p2a: Gliscor\n|-damage|p2a: Gliscor|13\/100 tox\n|move|p2a: Gliscor|Knock Off|p1a: Gliscor\n|-damage|p1a: Gliscor|85\/100 tox\n|\n|-heal|p1a: Gliscor|97\/100 tox|[from] ability: Poison Heal\n|-heal|p2a: Gliscor|26\/100 tox|[from] ability: Poison Heal\n|upkeep\n|turn|57\n|\n|t:|1700402351\n|move|p1a: Gliscor|Swords Dance|p1a: Gliscor\n|-boost|p1a: Gliscor|atk|2\n|move|p2a: Gliscor|Knock Off|p1a: Gliscor\n|-damage|p1a: Gliscor|85\/100 tox\n|\n|-heal|p1a: Gliscor|97\/100 tox|[from] ability: Poison Heal\n|-heal|p2a: Gliscor|38\/100 tox|[from] ability: Poison Heal\n|upkeep\n|turn|58\n|\n|t:|1700402354\n|move|p2a: Gliscor|Protect|p2a: Gliscor\n|-singleturn|p2a: Gliscor|Protect\n|move|p1a: Gliscor|Facade|p2a: Gliscor\n|-activate|p2a: Gliscor|move: Protect\n|\n|-heal|p1a: Gliscor|100\/100 tox|[from] ability: Poison Heal\n|-heal|p2a: Gliscor|51\/100 tox|[from] ability: Poison Heal\n|upkeep\n|turn|59\n|\n|t:|1700402376\n|move|p1a: Gliscor|Facade|p2a: Gliscor\n|-damage|p2a: Gliscor|12\/100 tox\n|move|p2a: Gliscor|Knock Off|p1a: Gliscor\n|-damage|p1a: Gliscor|89\/100 tox\n|\n|-heal|p1a: Gliscor|100\/100 tox|[from] ability: Poison Heal\n|-heal|p2a: Gliscor|24\/100 tox|[from] ability: Poison Heal\n|upkeep\n|turn|60\n|\n|t:|1700402381\n|move|p2a: Gliscor|Protect|p2a: Gliscor\n|-singleturn|p2a: Gliscor|Protect\n|move|p1a: Gliscor|Facade|p2a: Gliscor\n|-activate|p2a: Gliscor|move: Protect\n|\n|-heal|p2a: Gliscor|37\/100 tox|[from] ability: Poison Heal\n|upkeep\n|turn|61\n|\n|t:|1700402391\n|switch|p2a: Blissey|Blissey, F, tera:Dark|51\/100\n|move|p1a: Gliscor|Facade|p2a: Blissey\n|-damage|p2a: Blissey|0 fnt\n|faint|p2a: Blissey\n|\n|upkeep\n|\n|t:|1700402392\n|switch|p2a: Dondozo|Dondozo, M|75\/100 slp\n|-damage|p2a: Dondozo|63\/100 slp|[from] Stealth Rock\n|-damage|p2a: Dondozo|50\/100 slp|[from] Spikes\n|turn|62\n|inactive|JJ09LIE and Tuthur has 210 seconds left.\n|\n|t:|1700402414\n|switch|p1a: Clefable|Clefable, F|92\/100\n|cant|p2a: Dondozo|slp\n|move|p2a: Dondozo|Sleep Talk|p2a: Dondozo\n|move|p2a: Dondozo|Avalanche|p1a: Clefable|[from]move: Sleep Talk\n|-damage|p1a: Clefable|81\/100\n|\n|upkeep\n|turn|63\n|inactive|JJ09LIE and Tuthur has 210 seconds left.\n|\n|t:|1700402424\n|move|p1a: Clefable|Moonblast|p2a: Dondozo\n|-damage|p2a: Dondozo|18\/100 slp\n|-curestatus|p2a: Dondozo|slp|[msg]\n|move|p2a: Dondozo|Rest|p2a: Dondozo\n|-status|p2a: Dondozo|slp|[from] move: Rest\n|-heal|p2a: Dondozo|100\/100 slp|[silent]\n|\n|upkeep\n|turn|64\n|\n|t:|1700402437\n|move|p1a: Clefable|Moonblast|p2a: Dondozo\n|-damage|p2a: Dondozo|69\/100 slp\n|cant|p2a: Dondozo|slp\n|move|p2a: Dondozo|Sleep Talk|p2a: Dondozo\n|move|p2a: Dondozo|Rest||[from]move: Sleep Talk|[still]\n|-fail|p2a: Dondozo\n|\n|upkeep\n|turn|65\n|\n|t:|1700402440\n|move|p1a: Clefable|Moonblast|p2a: Dondozo\n|-damage|p2a: Dondozo|39\/100 slp\n|-unboost|p2a: Dondozo|spa|1\n|cant|p2a: Dondozo|slp\n|move|p2a: Dondozo|Sleep Talk|p2a: Dondozo\n|move|p2a: Dondozo|Avalanche|p1a: Clefable|[from]move: Sleep Talk\n|-crit|p1a: Clefable\n|-damage|p1a: Clefable|49\/100\n|\n|upkeep\n|turn|66\n|\n|t:|1700402444\n|move|p1a: Clefable|Moonlight|p1a: Clefable\n|-heal|p1a: Clefable|98\/100\n|-curestatus|p2a: Dondozo|slp|[msg]\n|move|p2a: Dondozo|Rest|p2a: Dondozo\n|-status|p2a: Dondozo|slp|[from] move: Rest\n|-heal|p2a: Dondozo|100\/100 slp|[silent]\n|\n|upkeep\n|turn|67\n|\n|t:|1700402449\n|switch|p2a: Clefable|Clefable, F|76\/100 brn\n|-damage|p2a: Clefable|63\/100 brn|[from] Stealth Rock\n|-damage|p2a: Clefable|51\/100 brn|[from] Spikes\n|move|p1a: Clefable|Moonblast|p2a: Clefable\n|-damage|p2a: Clefable|29\/100 brn\n|\n|-damage|p2a: Clefable|23\/100 brn|[from] brn\n|upkeep\n|turn|68\n|\n|t:|1700402453\n|move|p1a: Clefable|Moonblast|p2a: Clefable\n|-damage|p2a: Clefable|2\/100 brn\n|move|p2a: Clefable|Wish|p2a: Clefable\n|\n|-damage|p2a: Clefable|0 fnt|[from] brn\n|faint|p2a: Clefable\n|upkeep\n|\n|t:|1700402456\n|switch|p2a: Toxapex|Toxapex, F|49\/100\n|-damage|p2a: Toxapex|37\/100|[from] Stealth Rock\n|-damage|p2a: Toxapex|25\/100|[from] Spikes\n|turn|69\n|\n|t:|1700402463\n|move|p2a: Toxapex|Surf|p1a: Clefable\n|-damage|p1a: Clefable|82\/100\n|move|p1a: Clefable|Calm Mind|p1a: Clefable\n|-boost|p1a: Clefable|spa|1\n|-boost|p1a: Clefable|spd|1\n|\n|-heal|p2a: Toxapex|90\/100|[from] move: Wish|[wisher] Clefable\n|upkeep\n|turn|70\n|-message|mimilimi - sylveon forfeited.\n|\n|win|JJ09LIE and Tuthur\n|c|\u2606JJ09LIE and Tuthur|gg\n","uploadtime":1700402468,"views":38,"p1id":"jj09lieandtuthur","p2id":"mimilimisylveon","formatid":"gen9ubers","rating":0,"private":0,"password":""}