{"id":"smogtours-gen9ubers-731624","p1":"arm & sorciere","p2":"blundstar","format":"[Gen 9] Ubers","log":"|inactive|Battle timer is ON: inactive players will automatically lose when time's up.\n|t:|1700422021\n|gametype|singles\n|player|p1|arm & sorciere|169|\n|player|p2|blundstar|170|\n|teamsize|p1|6\n|teamsize|p2|6\n|gen|9\n|tier|[Gen 9] Ubers\n|rule|Sleep Clause Mod: Limit one foe put to sleep\n|rule|Species Clause: Limit one of each Pok\u00e9mon\n|rule|OHKO Clause: OHKO moves are banned\n|rule|Evasion Items Clause: Evasion items are banned\n|rule|Evasion Moves Clause: Evasion moves are banned\n|rule|Endless Battle Clause: Forcing endless battles is banned\n|rule|HP Percentage Mod: HP is shown in percentages\n|clearpoke\n|poke|p1|Gliscor, F|\n|poke|p1|Clefable, M|\n|poke|p1|Skeledirge, F|\n|poke|p1|Samurott-Hisui, F|\n|poke|p1|Zamazenta-*|\n|poke|p1|Zapdos|\n|poke|p2|Clefable, M|\n|poke|p2|Ting-Lu|\n|poke|p2|Dragapult, M|\n|poke|p2|Gliscor, F|\n|poke|p2|Iron Valiant|\n|poke|p2|Corviknight, M|\n|teampreview\n|inactive|blundstar also wants the timer to be on.\n|c|\u2606arm & sorciere|hf\n|\n|t:|1700422051\n|start\n|switch|p1a: Clefable|Clefable, M|100\/100\n|switch|p2a: Gliscor|Gliscor, F|100\/100\n|turn|1\n|\n|t:|1700422075\n|move|p2a: Gliscor|Protect|p2a: Gliscor\n|-singleturn|p2a: Gliscor|Protect\n|move|p1a: Clefable|Knock Off|p2a: Gliscor\n|-activate|p2a: Gliscor|move: Protect\n|\n|-status|p2a: Gliscor|tox|[from] item: Toxic Orb\n|upkeep\n|turn|2\n|\n|t:|1700422082\n|move|p2a: Gliscor|Knock Off|p1a: Clefable\n|-resisted|p1a: Clefable\n|-damage|p1a: Clefable|92\/100\n|-enditem|p1a: Clefable|Sticky Barb|[from] move: Knock Off|[of] p2a: Gliscor\n|move|p1a: Clefable|Stealth Rock|p2a: Gliscor\n|-sidestart|p2: blundstar|move: Stealth Rock\n|\n|upkeep\n|turn|3\n|\n|t:|1700422097\n|switch|p1a: Zapdos|Zapdos|100\/100\n|move|p2a: Gliscor|Swords Dance|p2a: Gliscor\n|-boost|p2a: Gliscor|atk|2\n|\n|upkeep\n|turn|4\n|inactive|blundstar has 270 seconds left.\n|\n|t:|1700422129\n|move|p1a: Zapdos|Hurricane|p2a: Gliscor|[miss]\n|-miss|p1a: Zapdos|p2a: Gliscor\n|move|p2a: Gliscor|Knock Off|p1a: Zapdos\n|-damage|p1a: Zapdos|63\/100\n|-enditem|p1a: Zapdos|Heavy-Duty Boots|[from] move: Knock Off|[of] p2a: Gliscor\n|\n|upkeep\n|turn|5\n|inactive|arm & sorciere has 270 seconds left.\n|\n|t:|1700422167\n|move|p1a: Zapdos|Roost|p1a: Zapdos\n|-heal|p1a: Zapdos|100\/100\n|-singleturn|p1a: Zapdos|move: Roost\n|move|p2a: Gliscor|Facade|p1a: Zapdos\n|-damage|p1a: Zapdos|49\/100\n|\n|upkeep\n|turn|6\n|inactive|arm & sorciere has 270 seconds left.\n|\n|t:|1700422187\n|switch|p1a: Skeledirge|Skeledirge, F|100\/100\n|move|p2a: Gliscor|Facade|p1a: Skeledirge\n|-immune|p1a: Skeledirge\n|\n|upkeep\n|turn|7\n|\n|t:|1700422201\n|move|p2a: Gliscor|Knock Off|p1a: Skeledirge\n|-supereffective|p1a: Skeledirge\n|-damage|p1a: Skeledirge|67\/100\n|-enditem|p1a: Skeledirge|Heavy-Duty Boots|[from] move: Knock Off|[of] p2a: Gliscor\n|move|p1a: Skeledirge|Torch Song|p2a: Gliscor\n|-damage|p2a: Gliscor|72\/100 tox\n|-boost|p1a: Skeledirge|spa|1\n|\n|-heal|p2a: Gliscor|85\/100 tox|[from] ability: Poison Heal\n|upkeep\n|turn|8\n|\n|t:|1700422215\n|switch|p2a: Ting-Lu|Ting-Lu|100\/100\n|-ability|p2a: Ting-Lu|Vessel of Ruin\n|move|p1a: Skeledirge|Torch Song|p2a: Ting-Lu\n|-damage|p2a: Ting-Lu|80\/100\n|-boost|p1a: Skeledirge|spa|1\n|\n|upkeep\n|turn|9\n|inactive|arm & sorciere has 270 seconds left.\n|\n|t:|1700422227\n|move|p1a: Skeledirge|Will-O-Wisp|p2a: Ting-Lu\n|-status|p2a: Ting-Lu|brn\n|move|p2a: Ting-Lu|Spikes|p1a: Skeledirge\n|-sidestart|p1: arm & sorciere|Spikes\n|\n|-damage|p2a: Ting-Lu|74\/100 brn|[from] brn\n|upkeep\n|turn|10\n|inactive|arm & sorciere has 270 seconds left.\n|\n|t:|1700422235\n|move|p1a: Skeledirge|Slack Off|p1a: Skeledirge\n|-heal|p1a: Skeledirge|100\/100\n|move|p2a: Ting-Lu|Whirlwind|p1a: Skeledirge\n|drag|p1a: Gliscor|Gliscor, F|100\/100\n|\n|-damage|p2a: Ting-Lu|68\/100 brn|[from] brn\n|-status|p1a: Gliscor|tox|[from] item: Toxic Orb\n|upkeep\n|turn|11\n|inactive|arm & sorciere has 270 seconds left.\n|\n|t:|1700422252\n|move|p1a: Gliscor|Swords Dance|p1a: Gliscor\n|-boost|p1a: Gliscor|atk|2\n|move|p2a: Ting-Lu|Spikes|p1a: Gliscor\n|-sidestart|p1: arm & sorciere|Spikes\n|\n|-damage|p2a: Ting-Lu|61\/100 brn|[from] brn\n|upkeep\n|turn|12\n|\n|t:|1700422259\n|switch|p2a: Corviknight|Corviknight, M|100\/100\n|-damage|p2a: Corviknight|88\/100|[from] Stealth Rock\n|-ability|p2a: Corviknight|Pressure\n|move|p1a: Gliscor|Facade|p2a: Corviknight\n|-resisted|p2a: Corviknight\n|-crit|p2a: Corviknight\n|-damage|p2a: Corviknight|62\/100\n|\n|-heal|p2a: Corviknight|68\/100|[from] item: Leftovers\n|upkeep\n|turn|13\n|\n|t:|1700422270\n|move|p1a: Gliscor|Knock Off|p2a: Corviknight\n|-damage|p2a: Corviknight|43\/100\n|-enditem|p2a: Corviknight|Leftovers|[from] move: Knock Off|[of] p1a: Gliscor\n|move|p2a: Corviknight|Roost|p2a: Corviknight\n|-heal|p2a: Corviknight|93\/100\n|-singleturn|p2a: Corviknight|move: Roost\n|\n|upkeep\n|turn|14\n|\n|t:|1700422279\n|move|p1a: Gliscor|Swords Dance|p1a: Gliscor\n|-boost|p1a: Gliscor|atk|2\n|move|p2a: Corviknight|Iron Defense|p2a: Corviknight\n|-boost|p2a: Corviknight|def|2\n|\n|upkeep\n|turn|15\n|\n|t:|1700422291\n|switch|p1a: Skeledirge|Skeledirge, F|100\/100\n|-damage|p1a: Skeledirge|84\/100|[from] Spikes\n|move|p2a: Corviknight|Iron Defense|p2a: Corviknight\n|-boost|p2a: Corviknight|def|2\n|\n|upkeep\n|turn|16\n|\n|t:|1700422301\n|switch|p2a: Ting-Lu|Ting-Lu|61\/100 brn\n|-ability|p2a: Ting-Lu|Vessel of Ruin\n|move|p1a: Skeledirge|Torch Song|p2a: Ting-Lu\n|-damage|p2a: Ting-Lu|48\/100 brn\n|-boost|p1a: Skeledirge|spa|1\n|\n|-damage|p2a: Ting-Lu|42\/100 brn|[from] brn\n|upkeep\n|turn|17\n|\n|t:|1700422317\n|move|p1a: Skeledirge|Torch Song|p2a: Ting-Lu\n|-damage|p2a: Ting-Lu|25\/100 brn\n|-boost|p1a: Skeledirge|spa|1\n|move|p2a: Ting-Lu|Ruination|p1a: Skeledirge\n|-damage|p1a: Skeledirge|42\/100\n|\n|-damage|p2a: Ting-Lu|18\/100 brn|[from] brn\n|upkeep\n|turn|18\n|inactive|blundstar has 270 seconds left.\n|\n|t:|1700422368\n|switch|p2a: Iron Valiant|Iron Valiant|100\/100\n|move|p1a: Skeledirge|Slack Off|p1a: Skeledirge\n|-heal|p1a: Skeledirge|92\/100\n|\n|upkeep\n|turn|19\n|\n|t:|1700422382\n|move|p2a: Iron Valiant|Encore|p1a: Skeledirge\n|-start|p1a: Skeledirge|Encore\n|move|p1a: Skeledirge|Slack Off|p1a: Skeledirge\n|-heal|p1a: Skeledirge|100\/100\n|\n|upkeep\n|turn|20\n|\n|t:|1700422394\n|-end|p2a: Iron Valiant|Quark Drive|[silent]\n|switch|p2a: Clefable|Clefable, M|100\/100\n|switch|p1a: Clefable|Clefable, M|92\/100\n|\n|upkeep\n|turn|21\n|\n|t:|1700422401\n|move|p1a: Clefable|Knock Off|p2a: Clefable\n|-resisted|p2a: Clefable\n|-damage|p2a: Clefable|94\/100\n|-enditem|p2a: Clefable|Rocky Helmet|[from] move: Knock Off|[of] p1a: Clefable\n|move|p2a: Clefable|Stealth Rock|p1a: Clefable\n|-sidestart|p1: arm & sorciere|move: Stealth Rock\n|\n|upkeep\n|turn|22\n|\n|t:|1700422415\n|switch|p1a: Skeledirge|Skeledirge, F|100\/100\n|-damage|p1a: Skeledirge|84\/100|[from] Spikes\n|-damage|p1a: Skeledirge|59\/100|[from] Stealth Rock\n|move|p2a: Clefable|Moonblast|p1a: Skeledirge\n|-resisted|p1a: Skeledirge\n|-damage|p1a: Skeledirge|47\/100\n|\n|upkeep\n|turn|23\n|\n|t:|1700422423\n|move|p1a: Skeledirge|Torch Song|p2a: Clefable\n|-damage|p2a: Clefable|64\/100\n|-boost|p1a: Skeledirge|spa|1\n|move|p2a: Clefable|Thunder Wave|p1a: Skeledirge\n|-status|p1a: Skeledirge|par\n|\n|upkeep\n|turn|24\n|\n|t:|1700422433\n|switch|p2a: Ting-Lu|Ting-Lu|18\/100 brn\n|-ability|p2a: Ting-Lu|Vessel of Ruin\n|move|p1a: Skeledirge|Slack Off|p1a: Skeledirge\n|-heal|p1a: Skeledirge|97\/100 par\n|\n|-damage|p2a: Ting-Lu|12\/100 brn|[from] brn\n|upkeep\n|turn|25\n|\n|t:|1700422446\n|move|p2a: Ting-Lu|Spikes|p1a: Skeledirge\n|-sidestart|p1: arm & sorciere|Spikes\n|move|p1a: Skeledirge|Torch Song|p2a: Ting-Lu\n|-damage|p2a: Ting-Lu|0 fnt\n|-boost|p1a: Skeledirge|spa|1\n|faint|p2a: Ting-Lu\n|\n|upkeep\n|\n|t:|1700422455\n|switch|p2a: Dragapult|Dragapult, M|100\/100\n|turn|26\n|\n|t:|1700422479\n|-terastallize|p1a: Skeledirge|Water\n|move|p2a: Dragapult|Hex|p1a: Skeledirge\n|-damage|p1a: Skeledirge|48\/100 par\n|cant|p1a: Skeledirge|par\n|\n|upkeep\n|turn|27\n|\n|t:|1700422502\n|move|p2a: Dragapult|Hex|p1a: Skeledirge\n|-damage|p1a: Skeledirge|2\/100 par\n|move|p1a: Skeledirge|Hex|p2a: Dragapult\n|-supereffective|p2a: Dragapult\n|-damage|p2a: Dragapult|0 fnt\n|faint|p2a: Dragapult\n|\n|upkeep\n|inactive|blundstar has 270 seconds left.\n|\n|t:|1700422539\n|switch|p2a: Iron Valiant|Iron Valiant|100\/100\n|turn|28\n|\n|t:|1700422549\n|move|p2a: Iron Valiant|Moonblast|p1a: Skeledirge\n|-damage|p1a: Skeledirge|0 fnt\n|faint|p1a: Skeledirge\n|\n|upkeep\n|\n|t:|1700422561\n|switch|p1a: Clefable|Clefable, M|92\/100\n|turn|29\n|\n|t:|1700422578\n|-end|p2a: Iron Valiant|Quark Drive|[silent]\n|switch|p2a: Corviknight|Corviknight, M|93\/100\n|-damage|p2a: Corviknight|81\/100|[from] Stealth Rock\n|-ability|p2a: Corviknight|Pressure\n|move|p1a: Clefable|Moonblast|p2a: Corviknight\n|-resisted|p2a: Corviknight\n|-damage|p2a: Corviknight|66\/100\n|\n|upkeep\n|turn|30\n|\n|t:|1700422593\n|move|p2a: Corviknight|Roost|p2a: Corviknight\n|-heal|p2a: Corviknight|100\/100\n|-singleturn|p2a: Corviknight|move: Roost\n|move|p1a: Clefable|Moonblast|p2a: Corviknight\n|-resisted|p2a: Corviknight\n|-damage|p2a: Corviknight|87\/100\n|-unboost|p2a: Corviknight|spa|1\n|\n|upkeep\n|turn|31\n|\n|t:|1700422608\n|move|p2a: Corviknight|Iron Defense|p2a: Corviknight\n|-boost|p2a: Corviknight|def|2\n|move|p1a: Clefable|Moonlight|p1a: Clefable\n|-heal|p1a: Clefable|100\/100\n|\n|upkeep\n|turn|32\n|inactive|blundstar has 240 seconds left.\n|\n|t:|1700422650\n|switch|p1a: Zapdos|Zapdos|49\/100\n|-damage|p1a: Zapdos|24\/100|[from] Stealth Rock\n|move|p2a: Corviknight|U-turn|p1a: Zapdos\n|-resisted|p1a: Zapdos\n|-damage|p1a: Zapdos|18\/100\n|\n|t:|1700422654\n|switch|p2a: Iron Valiant|Iron Valiant|100\/100|[from] U-turn\n|\n|upkeep\n|turn|33\n|\n|t:|1700422663\n|move|p2a: Iron Valiant|Moonblast|p1a: Zapdos\n|-damage|p1a: Zapdos|0 fnt\n|faint|p1a: Zapdos\n|\n|upkeep\n|\n|t:|1700422683\n|switch|p1a: Clefable|Clefable, M|100\/100\n|turn|34\n|inactive|arm & sorciere has 270 seconds left.\n|inactive|blundstar has 240 seconds left.\n|\n|t:|1700422717\n|switch|p1a: Samurott|Samurott-Hisui, F|100\/100\n|move|p2a: Iron Valiant|Moonblast|p1a: Samurott\n|-supereffective|p1a: Samurott\n|-damage|p1a: Samurott|0 fnt\n|faint|p1a: Samurott\n|\n|upkeep\n|\n|t:|1700422734\n|switch|p1a: Zamazenta|Zamazenta|100\/100\n|-ability|p1a: Zamazenta|Dauntless Shield|boost\n|-boost|p1a: Zamazenta|def|1\n|turn|35\n|inactive|blundstar has 240 seconds left.\n|inactive|blundstar has 210 seconds left.\n|inactive|blundstar has 180 seconds left.\n|\n|t:|1700422810\n|-end|p2a: Iron Valiant|Quark Drive|[silent]\n|switch|p2a: Gliscor|Gliscor, F|85\/100 tox\n|-damage|p2a: Gliscor|72\/100 tox|[from] Stealth Rock\n|move|p1a: Zamazenta|Heavy Slam|p2a: Gliscor\n|-damage|p2a: Gliscor|45\/100 tox\n|\n|-heal|p2a: Gliscor|58\/100 tox|[from] ability: Poison Heal\n|upkeep\n|turn|36\n|inactive|blundstar has 180 seconds left.\n|\n|t:|1700422835\n|switch|p1a: Clefable|Clefable, M|100\/100\n|move|p2a: Gliscor|Protect||[still]\n|-fail|p2a: Gliscor\n|\n|-heal|p2a: Gliscor|70\/100 tox|[from] ability: Poison Heal\n|upkeep\n|turn|37\n|inactive|blundstar has 180 seconds left.\n|\n|t:|1700422844\n|move|p2a: Gliscor|Protect|p2a: Gliscor\n|-singleturn|p2a: Gliscor|Protect\n|move|p1a: Clefable|Moonblast|p2a: Gliscor\n|-activate|p2a: Gliscor|move: Protect\n|\n|-heal|p2a: Gliscor|83\/100 tox|[from] ability: Poison Heal\n|upkeep\n|turn|38\n|\n|t:|1700422853\n|move|p2a: Gliscor|Swords Dance|p2a: Gliscor\n|-boost|p2a: Gliscor|atk|2\n|move|p1a: Clefable|Moonblast|p2a: Gliscor\n|-damage|p2a: Gliscor|53\/100 tox\n|\n|-heal|p2a: Gliscor|65\/100 tox|[from] ability: Poison Heal\n|upkeep\n|turn|39\n|\n|t:|1700422864\n|move|p2a: Gliscor|Protect|p2a: Gliscor\n|-singleturn|p2a: Gliscor|Protect\n|move|p1a: Clefable|Moonblast|p2a: Gliscor\n|-activate|p2a: Gliscor|move: Protect\n|\n|-heal|p2a: Gliscor|78\/100 tox|[from] ability: Poison Heal\n|upkeep\n|turn|40\n|inactive|blundstar has 180 seconds left.\n|\n|t:|1700422900\n|move|p2a: Gliscor|Swords Dance|p2a: Gliscor\n|-boost|p2a: Gliscor|atk|2\n|move|p1a: Clefable|Moonblast|p2a: Gliscor\n|-damage|p2a: Gliscor|47\/100 tox\n|\n|-heal|p2a: Gliscor|60\/100 tox|[from] ability: Poison Heal\n|upkeep\n|turn|41\n|\n|t:|1700422912\n|move|p2a: Gliscor|Protect|p2a: Gliscor\n|-singleturn|p2a: Gliscor|Protect\n|move|p1a: Clefable|Moonblast|p2a: Gliscor\n|-activate|p2a: Gliscor|move: Protect\n|\n|-heal|p2a: Gliscor|72\/100 tox|[from] ability: Poison Heal\n|upkeep\n|turn|42\n|\n|t:|1700422926\n|move|p2a: Gliscor|Facade|p1a: Clefable\n|-damage|p1a: Clefable|36\/100\n|move|p1a: Clefable|Moonblast|p2a: Gliscor\n|-damage|p2a: Gliscor|45\/100 tox\n|-unboost|p2a: Gliscor|spa|1\n|\n|-heal|p2a: Gliscor|57\/100 tox|[from] ability: Poison Heal\n|upkeep\n|turn|43\n|\n|t:|1700422940\n|switch|p1a: Gliscor|Gliscor, F|100\/100 tox\n|-damage|p1a: Gliscor|88\/100 tox|[from] Stealth Rock\n|move|p2a: Gliscor|Facade|p1a: Gliscor\n|-damage|p1a: Gliscor|12\/100 tox\n|\n|-heal|p2a: Gliscor|70\/100 tox|[from] ability: Poison Heal\n|-heal|p1a: Gliscor|25\/100 tox|[from] ability: Poison Heal\n|upkeep\n|turn|44\n|\n|t:|1700422952\n|move|p1a: Gliscor|Protect|p1a: Gliscor\n|-singleturn|p1a: Gliscor|Protect\n|move|p2a: Gliscor|Facade|p1a: Gliscor\n|-activate|p1a: Gliscor|move: Protect\n|\n|-heal|p2a: Gliscor|82\/100 tox|[from] ability: Poison Heal\n|-heal|p1a: Gliscor|37\/100 tox|[from] ability: Poison Heal\n|upkeep\n|turn|45\n|\n|t:|1700422963\n|move|p2a: Gliscor|Facade|p1a: Gliscor\n|-damage|p1a: Gliscor|0 fnt\n|faint|p1a: Gliscor\n|\n|-heal|p2a: Gliscor|95\/100 tox|[from] ability: Poison Heal\n|upkeep\n|\n|t:|1700422978\n|switch|p1a: Zamazenta|Zamazenta|100\/100\n|turn|46\n|\n|t:|1700422984\n|move|p1a: Zamazenta|Close Combat|p2a: Gliscor\n|-resisted|p2a: Gliscor\n|-damage|p2a: Gliscor|71\/100 tox\n|-unboost|p1a: Zamazenta|def|1\n|-unboost|p1a: Zamazenta|spd|1\n|move|p2a: Gliscor|Facade|p1a: Zamazenta\n|-damage|p1a: Zamazenta|0 fnt\n|faint|p1a: Zamazenta\n|\n|-heal|p2a: Gliscor|83\/100 tox|[from] ability: Poison Heal\n|upkeep\n|inactive|arm & sorciere has 240 seconds left.\n|\n|t:|1700423000\n|switch|p1a: Clefable|Clefable, M|36\/100\n|turn|47\n|inactive|arm & sorciere has 240 seconds left.\n|\n|t:|1700423019\n|move|p2a: Gliscor|Facade|p1a: Clefable\n|-damage|p1a: Clefable|0 fnt\n|faint|p1a: Clefable\n|\n|win|blundstar\n|c|\u2606blundstar|gg\n|c|\u2606arm & sorciere|gg\n|player|p1|arm & sorciere|169\n|player|p1|\n","uploadtime":1700423020,"views":35,"p1id":"armsorciere","p2id":"blundstar","formatid":"gen9ubers","rating":0,"private":0,"password":""}