{"id":"smogtours-gen9ubers-730058","p1":"Lightniong","p2":"Jojen Read","format":"[Gen 9] Ubers","log":"|inactive|Battle timer is ON: inactive players will automatically lose when time's up.\n|t:|1699744304\n|gametype|singles\n|player|p1|Lightniong|266|\n|player|p2|Jojen Read|hop|\n|teamsize|p1|6\n|teamsize|p2|6\n|gen|9\n|tier|[Gen 9] Ubers\n|rule|Sleep Clause Mod: Limit one foe put to sleep\n|rule|Species Clause: Limit one of each Pok\u00e9mon\n|rule|OHKO Clause: OHKO moves are banned\n|rule|Evasion Items Clause: Evasion items are banned\n|rule|Evasion Moves Clause: Evasion moves are banned\n|rule|Endless Battle Clause: Forcing endless battles is banned\n|rule|HP Percentage Mod: HP is shown in percentages\n|clearpoke\n|poke|p1|Palafin, F|\n|poke|p1|Zacian-*|\n|poke|p1|Giratina-Origin|\n|poke|p1|Landorus, M|\n|poke|p1|Arceus-Poison|\n|poke|p1|Chien-Pao|\n|poke|p2|Koraidon|\n|poke|p2|Clodsire, M|\n|poke|p2|Zacian-*|\n|poke|p2|Alomomola, F|\n|poke|p2|Landorus-Therian, M|\n|poke|p2|Arceus-Fairy|\n|teampreview\n|\n|t:|1699744320\n|start\n|switch|p1a: Chien-Pao|Chien-Pao|100\/100\n|switch|p2a: Clodsire|Clodsire, M|100\/100\n|-ability|p1a: Chien-Pao|Sword of Ruin\n|turn|1\n|\n|t:|1699744328\n|switch|p2a: Alomomola|Alomomola, F|100\/100\n|move|p1a: Chien-Pao|Icicle Crash|p2a: Alomomola\n|-resisted|p2a: Alomomola\n|-damage|p2a: Alomomola|86\/100\n|\n|upkeep\n|turn|2\n|\n|t:|1699744334\n|switch|p1a: Palafin|Palafin, F|100\/100\n|move|p2a: Alomomola|Flip Turn|p1a: Palafin\n|-resisted|p1a: Palafin\n|-damage|p1a: Palafin|90\/100\n|\n|t:|1699744346\n|switch|p2a: Clodsire|Clodsire, M|100\/100|[from] Flip Turn\n|\n|upkeep\n|turn|3\n|\n|t:|1699744356\n|detailschange|p1a: Palafin|Palafin-Hero, F\n|switch|p1a: Landorus|Landorus, M|100\/100\n|move|p2a: Clodsire|Toxic|p1a: Landorus\n|-status|p1a: Landorus|tox\n|\n|-damage|p1a: Landorus|95\/100 tox|[from] psn\n|upkeep\n|turn|4\n|\n|t:|1699744374\n|switch|p2a: Arceus|Arceus-Fairy|100\/100\n|move|p1a: Landorus|Stealth Rock|p2a: Arceus\n|-sidestart|p2: Jojen Read|move: Stealth Rock\n|\n|-damage|p1a: Landorus|83\/100 tox|[from] psn\n|upkeep\n|turn|5\n|\n|t:|1699744380\n|move|p1a: Landorus|Sludge Bomb|p2a: Arceus\n|-supereffective|p2a: Arceus\n|-damage|p2a: Arceus|38\/100\n|move|p2a: Arceus|Judgment|p1a: Landorus\n|-damage|p1a: Landorus|22\/100 tox\n|\n|-damage|p1a: Landorus|4\/100 tox|[from] psn\n|upkeep\n|turn|6\n|\n|t:|1699744398\n|switch|p2a: Clodsire|Clodsire, M|100\/100\n|move|p1a: Landorus|Earth Power|p2a: Clodsire\n|-supereffective|p2a: Clodsire\n|-damage|p2a: Clodsire|23\/100\n|\n|-damage|p1a: Landorus|0 fnt|[from] psn\n|faint|p1a: Landorus\n|upkeep\n|\n|t:|1699744412\n|switch|p1a: Chien-Pao|Chien-Pao|100\/100\n|-ability|p1a: Chien-Pao|Sword of Ruin\n|turn|7\n|\n|t:|1699744417\n|switch|p2a: Alomomola|Alomomola, F|100\/100\n|-damage|p2a: Alomomola|88\/100|[from] Stealth Rock\n|move|p1a: Chien-Pao|Icicle Crash|p2a: Alomomola|[miss]\n|-miss|p1a: Chien-Pao|p2a: Alomomola\n|\n|upkeep\n|turn|8\n|\n|t:|1699744431\n|move|p1a: Chien-Pao|Crunch|p2a: Alomomola\n|-damage|p2a: Alomomola|59\/100\n|-damage|p1a: Chien-Pao|84\/100|[from] item: Rocky Helmet|[of] p2a: Alomomola\n|move|p2a: Alomomola|Flip Turn|p1a: Chien-Pao\n|-damage|p1a: Chien-Pao|63\/100\n|\n|t:|1699744438\n|switch|p2a: Koraidon|Koraidon|100\/100|[from] Flip Turn\n|-damage|p2a: Koraidon|94\/100|[from] Stealth Rock\n|-weather|SunnyDay|[from] ability: Orichalcum Pulse|[of] p2a: Koraidon\n|-activate|p2a: Koraidon|Orichalcum Pulse|[source]\n|\n|-weather|SunnyDay|[upkeep]\n|upkeep\n|turn|9\n|\n|t:|1699744444\n|move|p1a: Chien-Pao|Ice Shard|p2a: Koraidon\n|-supereffective|p2a: Koraidon\n|-damage|p2a: Koraidon|50\/100\n|move|p2a: Koraidon|U-turn|p1a: Chien-Pao\n|-supereffective|p1a: Chien-Pao\n|-damage|p1a: Chien-Pao|0 fnt\n|faint|p1a: Chien-Pao\n|\n|t:|1699744459\n|switch|p2a: Alomomola|Alomomola, F|92\/100|[from] U-turn\n|-damage|p2a: Alomomola|80\/100|[from] Stealth Rock\n|\n|-weather|SunnyDay|[upkeep]\n|upkeep\n|\n|t:|1699744463\n|switch|p1a: Giratina|Giratina-Origin|100\/100\n|turn|10\n|\n|t:|1699744468\n|move|p1a: Giratina|Will-O-Wisp|p2a: Alomomola|[miss]\n|-miss|p1a: Giratina|p2a: Alomomola\n|move|p2a: Alomomola|Wish|p2a: Alomomola\n|\n|-weather|SunnyDay|[upkeep]\n|upkeep\n|turn|11\n|\n|t:|1699744472\n|move|p1a: Giratina|Draco Meteor|p2a: Alomomola\n|-damage|p2a: Alomomola|0 fnt\n|-unboost|p1a: Giratina|spa|2\n|faint|p2a: Alomomola\n|\n|-weather|SunnyDay|[upkeep]\n|upkeep\n|\n|t:|1699744483\n|switch|p2a: Koraidon|Koraidon|50\/100\n|-damage|p2a: Koraidon|44\/100|[from] Stealth Rock\n|-activate|p2a: Koraidon|ability: Orichalcum Pulse\n|turn|12\n|\n|t:|1699744500\n|-terastallize|p2a: Koraidon|Fire\n|-terastallize|p1a: Giratina|Fairy\n|move|p2a: Koraidon|U-turn|p1a: Giratina\n|-resisted|p1a: Giratina\n|-damage|p1a: Giratina|90\/100\n|inactive|Jojen Read has 270 seconds left.\n|\n|t:|1699744523\n|switch|p2a: Arceus|Arceus-Fairy|38\/100|[from] U-turn\n|-damage|p2a: Arceus|25\/100|[from] Stealth Rock\n|move|p1a: Giratina|Will-O-Wisp|p2a: Arceus\n|-status|p2a: Arceus|brn\n|\n|-weather|none\n|-damage|p2a: Arceus|19\/100 brn|[from] brn\n|upkeep\n|turn|13\n|\n|t:|1699744528\n|move|p2a: Arceus|Recover|p2a: Arceus\n|-heal|p2a: Arceus|69\/100 brn\n|move|p1a: Giratina|Hex|p2a: Arceus\n|-damage|p2a: Arceus|46\/100 brn\n|\n|-damage|p2a: Arceus|40\/100 brn|[from] brn\n|upkeep\n|turn|14\n|\n|t:|1699744537\n|switch|p1a: Arceus|Arceus-Poison|100\/100\n|move|p2a: Arceus|Recover|p2a: Arceus\n|-heal|p2a: Arceus|90\/100 brn\n|\n|-damage|p2a: Arceus|84\/100 brn|[from] brn\n|upkeep\n|turn|15\n|\n|t:|1699744543\n|switch|p2a: Zacian|Zacian-Crowned|100\/100\n|-damage|p2a: Zacian|94\/100|[from] Stealth Rock\n|-ability|p2a: Zacian|Intrepid Sword|boost\n|-boost|p2a: Zacian|atk|1\n|move|p1a: Arceus|Poison Jab|p2a: Zacian\n|-immune|p2a: Zacian\n|\n|upkeep\n|turn|16\n|\n|t:|1699744547\n|move|p2a: Zacian|Substitute|p2a: Zacian\n|-start|p2a: Zacian|Substitute\n|-damage|p2a: Zacian|69\/100\n|move|p1a: Arceus|Will-O-Wisp||[still]\n|-fail|p1a: Arceus\n|\n|upkeep\n|turn|17\n|\n|t:|1699744552\n|switch|p1a: Zacian|Zacian-Crowned|100\/100\n|-ability|p1a: Zacian|Intrepid Sword|boost\n|-boost|p1a: Zacian|atk|1\n|move|p2a: Zacian|Swords Dance|p2a: Zacian\n|-boost|p2a: Zacian|atk|2\n|\n|upkeep\n|turn|18\n|\n|t:|1699744557\n|move|p2a: Zacian|Behemoth Blade|p1a: Zacian\n|-damage|p1a: Zacian|0 fnt\n|faint|p1a: Zacian\n|\n|upkeep\n|\n|t:|1699744566\n|switch|p1a: Palafin|Palafin-Hero, F|90\/100\n|-activate|p1a: Palafin|ability: Zero to Hero\n|turn|19\n|\n|t:|1699744573\n|move|p2a: Zacian|Behemoth Blade|p1a: Palafin\n|-resisted|p1a: Palafin\n|-damage|p1a: Palafin|20\/100\n|move|p1a: Palafin|Close Combat|p2a: Zacian\n|-end|p2a: Zacian|Substitute\n|-unboost|p1a: Palafin|def|1\n|-unboost|p1a: Palafin|spd|1\n|\n|upkeep\n|turn|20\n|\n|t:|1699744590\n|switch|p1a: Giratina|Giratina-Origin, tera:Fairy|90\/100\n|move|p2a: Zacian|Behemoth Blade|p1a: Giratina\n|-supereffective|p1a: Giratina\n|-damage|p1a: Giratina|0 fnt\n|faint|p1a: Giratina\n|\n|upkeep\n|\n|t:|1699744593\n|switch|p1a: Palafin|Palafin-Hero, F|20\/100\n|turn|21\n|\n|t:|1699744600\n|move|p2a: Zacian|Behemoth Blade|p1a: Palafin\n|-resisted|p1a: Palafin\n|-damage|p1a: Palafin|0 fnt\n|faint|p1a: Palafin\n|\n|upkeep\n|\n|t:|1699744602\n|switch|p1a: Arceus|Arceus-Poison|100\/100\n|turn|22\n|\n|t:|1699744606\n|move|p2a: Zacian|Behemoth Blade|p1a: Arceus\n|-damage|p1a: Arceus|24\/100\n|move|p1a: Arceus|Will-O-Wisp|p2a: Zacian\n|-status|p2a: Zacian|brn\n|\n|-damage|p2a: Zacian|63\/100 brn|[from] brn\n|upkeep\n|turn|23\n|\n|t:|1699744609\n|move|p2a: Zacian|Behemoth Blade|p1a: Arceus\n|-damage|p1a: Arceus|0 fnt\n|faint|p1a: Arceus\n|\n|win|Jojen Read\n","uploadtime":1699744610,"views":80,"p1id":"lightniong","p2id":"jojenread","formatid":"gen9ubers","rating":0,"private":0,"password":""}