{"id":"smogtours-gen9ubers-728716","p1":"I\u2665CATGIRLS","p2":"Taka","format":"[Gen 9] Ubers","log":"|inactive|Battle timer is ON: inactive players will automatically lose when time's up.\n|t:|1699132720\n|gametype|singles\n|player|p1|I\u2665CATGIRLS|winona-gen3|\n|player|p2|Taka|#scl3spartans|\n|teamsize|p1|6\n|teamsize|p2|6\n|gen|9\n|tier|[Gen 9] Ubers\n|rule|Sleep Clause Mod: Limit one foe put to sleep\n|rule|Species Clause: Limit one of each Pok\u00e9mon\n|rule|OHKO Clause: OHKO moves are banned\n|rule|Evasion Items Clause: Evasion items are banned\n|rule|Evasion Moves Clause: Evasion moves are banned\n|rule|Endless Battle Clause: Forcing endless battles is banned\n|rule|HP Percentage Mod: HP is shown in percentages\n|clearpoke\n|poke|p1|Ditto|\n|poke|p1|Kyogre|\n|poke|p1|Gliscor, M|\n|poke|p1|Giratina-Origin|\n|poke|p1|Arceus-Ground|\n|poke|p1|Koraidon|\n|poke|p2|Zacian-*|\n|poke|p2|Kyogre|\n|poke|p2|Miraidon|\n|poke|p2|Gliscor, M|\n|poke|p2|Arceus-Ground|\n|poke|p2|Dialga|\n|teampreview\n|inactive|I\u2665CATGIRLS also wants the timer to be on.\n|inactive|Taka also wants the timer to be on.\n|raw|<div class=\"broadcast-red\"><strong>Moderated chat was set to \u2606!<\/strong><br \/>Only users of rank \u2606 and higher can talk.<\/div>\n|c|\u2606Taka|hf\n|c|\u2606I\u2665CATGIRLS|Hf\n|inactive|I\u2665CATGIRLS has 270 seconds left.\n|inactive|Taka has 270 seconds left.\n|inactive|I\u2665CATGIRLS has 240 seconds left.\n|inactive|Taka has 240 seconds left.\n|inactive|I\u2665CATGIRLS has 210 seconds left.\n|inactive|Taka has 210 seconds left.\n|\n|t:|1699132812\n|start\n|switch|p1a: Gliscor|Gliscor, M|100\/100\n|switch|p2a: Kyogre|Kyogre, shiny|100\/100\n|-weather|RainDance|[from] ability: Drizzle|[of] p2a: Kyogre\n|turn|1\n|inactive|Taka has 270 seconds left.\n|inactive|I\u2665CATGIRLS has 270 seconds left.\n|\n|t:|1699132849\n|move|p1a: Gliscor|Protect|p1a: Gliscor\n|-singleturn|p1a: Gliscor|Protect\n|move|p2a: Kyogre|Ice Beam|p1a: Gliscor\n|-activate|p1a: Gliscor|move: Protect\n|\n|-weather|RainDance|[upkeep]\n|-status|p1a: Gliscor|tox|[from] item: Toxic Orb\n|upkeep\n|turn|2\n|inactive|I\u2665CATGIRLS has 270 seconds left.\n|inactive|Taka has 240 seconds left.\n|\n|t:|1699132885\n|switch|p1a: Kyogre|Kyogre|100\/100\n|move|p2a: Kyogre|Origin Pulse|p1a: Kyogre\n|-resisted|p1a: Kyogre\n|-damage|p1a: Kyogre|61\/100\n|-damage|p2a: Kyogre|91\/100|[from] item: Life Orb\n|\n|-weather|RainDance|[upkeep]\n|upkeep\n|turn|3\n|inactive|Taka has 210 seconds left.\n|inactive|I\u2665CATGIRLS has 240 seconds left.\n|\n|t:|1699132935\n|switch|p1a: Giratina|Giratina-Origin|100\/100\n|move|p2a: Kyogre|Ice Beam|p1a: Giratina\n|-supereffective|p1a: Giratina\n|-damage|p1a: Giratina|30\/100\n|-damage|p2a: Kyogre|81\/100|[from] item: Life Orb\n|\n|-weather|RainDance|[upkeep]\n|upkeep\n|turn|4\n|inactive|I\u2665CATGIRLS has 240 seconds left.\n|inactive|Taka has 180 seconds left.\n|inactive|I\u2665CATGIRLS has 210 seconds left.\n|inactive|Taka has 150 seconds left.\n|\n|t:|1699132993\n|move|p1a: Giratina|Shadow Sneak|p2a: Kyogre\n|-damage|p2a: Kyogre|59\/100\n|move|p2a: Kyogre|Ice Beam|p1a: Giratina\n|-supereffective|p1a: Giratina\n|-damage|p1a: Giratina|0 fnt\n|faint|p1a: Giratina\n|-damage|p2a: Kyogre|49\/100|[from] item: Life Orb\n|\n|-weather|RainDance|[upkeep]\n|upkeep\n|\n|t:|1699133004\n|switch|p1a: Koraidon|Koraidon|100\/100\n|-weather|SunnyDay|[from] ability: Orichalcum Pulse|[of] p1a: Koraidon\n|-activate|p1a: Koraidon|Orichalcum Pulse|[source]\n|turn|5\n|inactive|Taka has 150 seconds left.\n|inactive|I\u2665CATGIRLS has 180 seconds left.\n|inactive|Taka has 120 seconds left.\n|\n|t:|1699133069\n|move|p1a: Koraidon|Low Kick|p2a: Kyogre\n|-damage|p2a: Kyogre|0 fnt\n|faint|p2a: Kyogre\n|\n|-weather|SunnyDay|[upkeep]\n|upkeep\n|inactive|Taka has 90 seconds left.\n|\n|t:|1699133080\n|switch|p2a: Gliscor|Gliscor, M|100\/100\n|turn|6\n|inactive|Taka has 90 seconds left.\n|\n|t:|1699133091\n|switch|p1a: Gliscor|Gliscor, M|100\/100 tox\n|move|p2a: Gliscor|Spikes|p1a: Gliscor\n|-sidestart|p1: I\u2665CATGIRLS|Spikes\n|\n|-weather|SunnyDay|[upkeep]\n|-status|p2a: Gliscor|tox|[from] item: Toxic Orb\n|upkeep\n|turn|7\n|inactive|Taka has 90 seconds left.\n|\n|t:|1699133102\n|move|p2a: Gliscor|Spikes|p1a: Gliscor\n|-sidestart|p1: I\u2665CATGIRLS|Spikes\n|move|p1a: Gliscor|Stealth Rock|p2a: Gliscor\n|-sidestart|p2: Taka|move: Stealth Rock\n|\n|-weather|SunnyDay|[upkeep]\n|upkeep\n|turn|8\n|\n|t:|1699133111\n|switch|p2a: Arceus|Arceus-Ground|100\/100\n|-damage|p2a: Arceus|94\/100|[from] Stealth Rock\n|switch|p1a: Kyogre|Kyogre|61\/100\n|-weather|RainDance|[from] ability: Drizzle|[of] p1a: Kyogre\n|\n|-weather|RainDance|[upkeep]\n|upkeep\n|turn|9\n|inactive|Taka has 90 seconds left.\n|\n|t:|1699133142\n|switch|p2a: Miraidon|Miraidon|100\/100\n|-damage|p2a: Miraidon|88\/100|[from] Stealth Rock\n|-fieldstart|move: Electric Terrain|[from] ability: Hadron Engine|[of] p2a: Miraidon\n|move|p1a: Kyogre|Surf|p2a: Miraidon\n|-resisted|p2a: Miraidon\n|-damage|p2a: Miraidon|59\/100\n|\n|-weather|RainDance|[upkeep]\n|upkeep\n|turn|10\n|inactive|I\u2665CATGIRLS has 180 seconds left.\n|inactive|Taka has 60 seconds left.\n|\n|t:|1699133187\n|switch|p1a: Gliscor|Gliscor, M|100\/100 tox\n|move|p2a: Miraidon|Dragon Pulse|p1a: Gliscor\n|-damage|p1a: Gliscor|27\/100 tox\n|\n|-weather|RainDance|[upkeep]\n|-heal|p1a: Gliscor|40\/100 tox|[from] ability: Poison Heal\n|upkeep\n|turn|11\n|inactive|Taka has 60 seconds left.\n|inactive|I\u2665CATGIRLS has 150 seconds left.\n|\n|t:|1699133234\n|move|p2a: Miraidon|Dragon Pulse|p1a: Gliscor\n|-damage|p1a: Gliscor|0 fnt\n|faint|p1a: Gliscor\n|\n|-weather|RainDance|[upkeep]\n|upkeep\n|\n|t:|1699133236\n|switch|p1a: Arceus|Arceus-Ground|100\/100\n|-damage|p1a: Arceus|84\/100|[from] Spikes\n|turn|12\n|inactive|I\u2665CATGIRLS has 120 seconds left.\n|inactive|Taka has 30 seconds left.\n|\n|t:|1699133265\n|-terastallize|p2a: Miraidon|Dragon\n|move|p2a: Miraidon|Draco Meteor|p1a: Arceus\n|-damage|p1a: Arceus|0 fnt\n|-unboost|p2a: Miraidon|spa|2\n|faint|p1a: Arceus\n|\n|-weather|none\n|upkeep\n|inactive|Taka has 30 seconds left this turn.\n|inactive|I\u2665CATGIRLS has 120 seconds left.\n|inactive|I\u2665CATGIRLS has 90 seconds left.\n|\n|t:|1699133318\n|switch|p1a: Koraidon|Koraidon|100\/100\n|-weather|SunnyDay|[from] ability: Orichalcum Pulse|[of] p1a: Koraidon\n|-activate|p1a: Koraidon|Orichalcum Pulse|[source]\n|turn|13\n|inactive|Taka has 30 seconds left.\n|inactive|Taka has 20 seconds left.\n|inactive|I\u2665CATGIRLS has 60 seconds left.\n|inactive|Taka has 15 seconds left.\n|inactive|Taka has 10 seconds left.\n|inactive|Taka has 5 seconds left.\n|\n|t:|1699133355\n|switch|p2a: Zacian|Zacian-Crowned|100\/100\n|-damage|p2a: Zacian|94\/100|[from] Stealth Rock\n|-ability|p2a: Zacian|Intrepid Sword|boost\n|-boost|p2a: Zacian|atk|1\n|-terastallize|p1a: Koraidon|Steel\n|move|p1a: Koraidon|Swords Dance|p1a: Koraidon\n|-boost|p1a: Koraidon|atk|2\n|\n|-weather|SunnyDay|[upkeep]\n|-fieldend|move: Electric Terrain\n|upkeep\n|turn|14\n|inactive|Taka has 15 seconds left this turn.\n|inactive|Taka has 10 seconds left.\n|inactive|Taka has 5 seconds left.\n|\n|t:|1699133367\n|move|p2a: Zacian|Wild Charge|p1a: Koraidon\n|-damage|p1a: Koraidon|51\/100\n|-damage|p2a: Zacian|81\/100|[from] Recoil\n|move|p1a: Koraidon|Flame Charge|p2a: Zacian\n|-supereffective|p2a: Zacian\n|-damage|p2a: Zacian|0 fnt\n|-boost|p1a: Koraidon|spe|1\n|faint|p2a: Zacian\n|\n|-weather|SunnyDay|[upkeep]\n|upkeep\n|inactive|Taka has 10 seconds left this turn.\n|\n|t:|1699133369\n|switch|p2a: Gliscor|Gliscor, M|100\/100 tox\n|-damage|p2a: Gliscor|88\/100 tox|[from] Stealth Rock\n|turn|15\n|inactive|Taka has 20 seconds left this turn.\n|\n|t:|1699133380\n|move|p1a: Koraidon|Dragon Claw|p2a: Gliscor\n|-damage|p2a: Gliscor|22\/100 tox\n|move|p2a: Gliscor|Earthquake|p1a: Koraidon\n|-supereffective|p1a: Koraidon\n|-damage|p1a: Koraidon|0 fnt\n|faint|p1a: Koraidon\n|\n|-weather|SunnyDay|[upkeep]\n|-heal|p2a: Gliscor|35\/100 tox|[from] ability: Poison Heal\n|upkeep\n|inactive|Taka has 25 seconds left this turn.\n|\n|t:|1699133385\n|switch|p1a: Kyogre|Kyogre|61\/100\n|-weather|RainDance|[from] ability: Drizzle|[of] p1a: Kyogre\n|turn|16\n|inactive|Taka has 30 seconds left.\n|\n|t:|1699133393\n|move|p2a: Gliscor|Toxic|p1a: Kyogre\n|-status|p1a: Kyogre|tox\n|move|p1a: Kyogre|Ice Beam|p2a: Gliscor\n|-supereffective|p2a: Gliscor\n|-damage|p2a: Gliscor|0 fnt\n|faint|p2a: Gliscor\n|\n|-weather|RainDance|[upkeep]\n|-damage|p1a: Kyogre|55\/100 tox|[from] psn\n|upkeep\n|\n|t:|1699133395\n|switch|p2a: Miraidon|Miraidon, tera:Dragon|59\/100\n|-damage|p2a: Miraidon|47\/100|[from] Stealth Rock\n|-fieldstart|move: Electric Terrain|[from] ability: Hadron Engine|[of] p2a: Miraidon\n|turn|17\n|\n|t:|1699133417\n|move|p2a: Miraidon|Dragon Pulse|p1a: Kyogre\n|-damage|p1a: Kyogre|0 fnt\n|faint|p1a: Kyogre\n|\n|-weather|RainDance|[upkeep]\n|upkeep\n|\n|t:|1699133419\n|switch|p1a: dont run dont trip|Ditto, shiny|100\/100\n|-damage|p1a: dont run dont trip|84\/100|[from] Spikes\n|-transform|p1a: dont run dont trip|p2a: Miraidon|[from] ability: Imposter\n|-activate|p1a: dont run dont trip|ability: Hadron Engine\n|turn|18\n|\n|t:|1699133441\n|move|p1a: dont run dont trip|Draco Meteor|p2a: Miraidon\n|-supereffective|p2a: Miraidon\n|-damage|p2a: Miraidon|0 fnt\n|-unboost|p1a: dont run dont trip|spa|2\n|faint|p2a: Miraidon\n|\n|-weather|RainDance|[upkeep]\n|upkeep\n|\n|t:|1699133443\n|switch|p2a: Arceus|Arceus-Ground|94\/100\n|-damage|p2a: Arceus|88\/100|[from] Stealth Rock\n|turn|19\n|\n|t:|1699133446\n|move|p1a: dont run dont trip|Draco Meteor|p2a: Arceus\n|-damage|p2a: Arceus|60\/100\n|-unboost|p1a: dont run dont trip|spa|2\n|move|p2a: Arceus|Judgment|p1a: dont run dont trip\n|-supereffective|p1a: dont run dont trip\n|-damage|p1a: dont run dont trip|0 fnt\n|faint|p1a: dont run dont trip\n|\n|win|Taka\n|c|\u2606Taka|gg\n|c|\u2606I\u2665CATGIRLS|gg\n","uploadtime":1699133447,"views":492,"p1id":"icatgirls","p2id":"taka","formatid":"gen9ubers","rating":0,"private":0,"password":""}