{"id":"smogtours-gen9ubers-724186","p1":"Fc \u2764","p2":"Shuwri","format":"[Gen 9] Ubers","log":"|inactive|Battle timer is ON: inactive players will automatically lose when time's up.\n|t:|1697401226\n|gametype|singles\n|player|p1|Fc \u2764|#omplxisolgaleos|\n|player|p2|Shuwri|#uplximelmetal|\n|teamsize|p1|6\n|teamsize|p2|6\n|gen|9\n|tier|[Gen 9] Ubers\n|rule|Sleep Clause Mod: Limit one foe put to sleep\n|rule|Species Clause: Limit one of each Pok\u00e9mon\n|rule|OHKO Clause: OHKO moves are banned\n|rule|Evasion Items Clause: Evasion items are banned\n|rule|Evasion Moves Clause: Evasion moves are banned\n|rule|Endless Battle Clause: Forcing endless battles is banned\n|rule|HP Percentage Mod: HP is shown in percentages\n|clearpoke\n|poke|p1|Ribombee, M|\n|poke|p1|Koraidon|\n|poke|p1|Calyrex-Ice|\n|poke|p1|Ogerpon-Hearthflame, F|\n|poke|p1|Flutter Mane|\n|poke|p1|Arceus|\n|poke|p2|Kingambit, M|\n|poke|p2|Miraidon|\n|poke|p2|Landorus-Therian, M|\n|poke|p2|Zacian-*|\n|poke|p2|Arceus-Ground|\n|poke|p2|Koraidon|\n|teampreview\n|raw|<div class=\"broadcast-red\"><strong>Moderated chat was set to \u2606!<\/strong><br \/>Only users of rank \u2606 and higher can talk.<\/div>\n|c|\u2606Fc \u2764|hf\n|inactive|Shuwri has 270 seconds left.\n|inactive|Shuwri has 240 seconds left.\n|inactive|Shuwri has 210 seconds left.\n|\n|t:|1697401322\n|start\n|switch|p1a: Ribombee|Ribombee, M, shiny|100\/100\n|switch|p2a: FAITHFUL DOG PAREO|Zacian-Crowned, shiny|100\/100\n|-ability|p2a: FAITHFUL DOG PAREO|Intrepid Sword|boost\n|-boost|p2a: FAITHFUL DOG PAREO|atk|1\n|turn|1\n|inactive|Shuwri has 270 seconds left.\n|\n|t:|1697401330\n|move|p2a: FAITHFUL DOG PAREO|Trailblaze|p1a: Ribombee\n|-resisted|p1a: Ribombee\n|-damage|p1a: Ribombee|72\/100\n|-boost|p2a: FAITHFUL DOG PAREO|spe|1\n|move|p1a: Ribombee|Sticky Web|p2a: FAITHFUL DOG PAREO\n|-sidestart|p2: Shuwri|move: Sticky Web\n|\n|upkeep\n|turn|2\n|\n|t:|1697401338\n|move|p2a: FAITHFUL DOG PAREO|Behemoth Blade|p1a: Ribombee\n|-supereffective|p1a: Ribombee\n|-damage|p1a: Ribombee|0 fnt\n|faint|p1a: Ribombee\n|\n|upkeep\n|\n|t:|1697401347\n|switch|p1a: Ogerpon|Ogerpon-Hearthflame, F|100\/100\n|-ability|p1a: Ogerpon|Mold Breaker\n|turn|3\n|inactive|Shuwri has 270 seconds left.\n|\n|t:|1697401384\n|move|p2a: FAITHFUL DOG PAREO|Behemoth Blade|p1a: Ogerpon\n|-resisted|p1a: Ogerpon\n|-damage|p1a: Ogerpon|43\/100\n|move|p1a: Ogerpon|Ivy Cudgel|p2a: FAITHFUL DOG PAREO\n|-supereffective|p2a: FAITHFUL DOG PAREO\n|-damage|p2a: FAITHFUL DOG PAREO|0 fnt\n|faint|p2a: FAITHFUL DOG PAREO\n|\n|upkeep\n|\n|t:|1697401393\n|switch|p2a: Miraidon|Miraidon|100\/100\n|-activate|p2a: Miraidon|move: Sticky Web\n|-unboost|p2a: Miraidon|spe|1\n|-fieldstart|move: Electric Terrain|[from] ability: Hadron Engine|[of] p2a: Miraidon\n|turn|4\n|\n|t:|1697401397\n|move|p1a: Ogerpon|Stomping Tantrum|p2a: Miraidon\n|-supereffective|p2a: Miraidon\n|-damage|p2a: Miraidon|42\/100\n|move|p2a: Miraidon|Agility|p2a: Miraidon\n|-boost|p2a: Miraidon|spe|2\n|\n|-heal|p2a: Miraidon|48\/100|[from] item: Leftovers\n|upkeep\n|turn|5\n|\n|t:|1697401400\n|move|p2a: Miraidon|Electro Drift|p1a: Ogerpon\n|-resisted|p1a: Ogerpon\n|-damage|p1a: Ogerpon|0 fnt\n|faint|p1a: Ogerpon\n|\n|-heal|p2a: Miraidon|54\/100|[from] item: Leftovers\n|upkeep\n|\n|t:|1697401407\n|switch|p1a: Flutter Mane|Flutter Mane|100\/100\n|-enditem|p1a: Flutter Mane|Booster Energy\n|-activate|p1a: Flutter Mane|ability: Protosynthesis|[fromitem]\n|-start|p1a: Flutter Mane|protosynthesisspe\n|turn|6\n|inactive|Shuwri has 270 seconds left.\n|inactive|Shuwri has 240 seconds left.\n|inactive|Shuwri has 210 seconds left.\n|\n|t:|1697401492\n|move|p1a: Flutter Mane|Calm Mind|p1a: Flutter Mane\n|-boost|p1a: Flutter Mane|spa|1\n|-boost|p1a: Flutter Mane|spd|1\n|move|p2a: Miraidon|Electro Drift|p1a: Flutter Mane\n|-damage|p1a: Flutter Mane|30\/100\n|\n|-heal|p2a: Miraidon|61\/100|[from] item: Leftovers\n|upkeep\n|turn|7\n|inactive|Shuwri has 210 seconds left.\n|\n|t:|1697401510\n|move|p1a: Flutter Mane|Moonblast|p2a: Miraidon\n|-supereffective|p2a: Miraidon\n|-crit|p2a: Miraidon\n|-damage|p2a: Miraidon|0 fnt\n|faint|p2a: Miraidon\n|\n|upkeep\n|inactive|Shuwri has 210 seconds left.\n|\n|t:|1697401535\n|switch|p2a: Arceus|Arceus-Ground|100\/100\n|-activate|p2a: Arceus|move: Sticky Web\n|-unboost|p2a: Arceus|spe|1\n|turn|8\n|\n|t:|1697401538\n|move|p1a: Flutter Mane|Moonblast|p2a: Arceus\n|-damage|p2a: Arceus|51\/100\n|move|p2a: Arceus|Earthquake|p1a: Flutter Mane\n|-damage|p1a: Flutter Mane|0 fnt\n|faint|p1a: Flutter Mane\n|-end|p1a: Flutter Mane|Protosynthesis|[silent]\n|\n|-fieldend|move: Electric Terrain\n|upkeep\n|\n|t:|1697401553\n|switch|p1a: Calyrex|Calyrex-Ice|100\/100\n|-ability|p1a: Calyrex|As One\n|-ability|p1a: Calyrex|Unnerve\n|turn|9\n|\n|t:|1697401560\n|move|p1a: Calyrex|Agility|p1a: Calyrex\n|-boost|p1a: Calyrex|spe|2\n|move|p2a: Arceus|Earthquake|p1a: Calyrex\n|-damage|p1a: Calyrex|60\/100\n|\n|upkeep\n|turn|10\n|inactive|Shuwri has 210 seconds left.\n|\n|t:|1697401597\n|move|p1a: Calyrex|Glacial Lance|p2a: Arceus\n|-supereffective|p2a: Arceus\n|-damage|p2a: Arceus|0 fnt\n|faint|p2a: Arceus\n|-ability|p1a: Calyrex|Chilling Neigh|boost\n|-boost|p1a: Calyrex|atk|1\n|\n|upkeep\n|inactive|Shuwri has 180 seconds left.\n|\n|t:|1697401617\n|switch|p2a: Kingambit|Kingambit, M|100\/100\n|-activate|p2a: Kingambit|move: Sticky Web\n|-unboost|p2a: Kingambit|spe|1\n|-activate|p2a: Kingambit|ability: Supreme Overlord\n|-start|p2a: Kingambit|fallen3|[silent]\n|turn|11\n|\n|t:|1697401640\n|-terastallize|p1a: Calyrex|Fire\n|-terastallize|p2a: Kingambit|Dark\n|move|p2a: Kingambit|Sucker Punch|p1a: Calyrex\n|-damage|p1a: Calyrex|0 fnt\n|faint|p1a: Calyrex\n|\n|upkeep\n|\n|t:|1697401646\n|switch|p1a: Koraidon|Koraidon|100\/100\n|-weather|SunnyDay|[from] ability: Orichalcum Pulse|[of] p1a: Koraidon\n|-activate|p1a: Koraidon|Orichalcum Pulse|[source]\n|turn|12\n|inactive|Fc \u2764 has 270 seconds left.\n|\n|t:|1697401673\n|move|p1a: Koraidon|Swords Dance|p1a: Koraidon\n|-boost|p1a: Koraidon|atk|2\n|move|p2a: Kingambit|Iron Head|p1a: Koraidon\n|-damage|p1a: Koraidon|49\/100\n|\n|-weather|SunnyDay|[upkeep]\n|upkeep\n|turn|13\n|inactive|Shuwri has 180 seconds left.\n|\n|t:|1697401717\n|-end|p2a: Kingambit|fallen3|[silent]\n|switch|p2a: Landorus|Landorus-Therian, M|100\/100\n|-ability|p2a: Landorus|Intimidate|boost\n|-unboost|p1a: Koraidon|atk|1\n|move|p1a: Koraidon|Drain Punch|p2a: Landorus\n|-resisted|p2a: Landorus\n|-damage|p2a: Landorus|72\/100\n|-heal|p1a: Koraidon|65\/100|[from] drain|[of] p2a: Landorus\n|-damage|p1a: Koraidon|49\/100|[from] item: Rocky Helmet|[of] p2a: Landorus\n|\n|-weather|SunnyDay|[upkeep]\n|upkeep\n|turn|14\n|inactive|Fc \u2764 has 270 seconds left.\n|\n|t:|1697401756\n|move|p1a: Koraidon|Scale Shot|p2a: Landorus\n|-damage|p2a: Landorus|54\/100\n|-damage|p2a: Landorus|33\/100\n|-damage|p2a: Landorus|14\/100\n|-damage|p2a: Landorus|0 fnt\n|faint|p2a: Landorus\n|-hitcount|p2: Landorus|4\n|-unboost|p1a: Koraidon|def|1\n|-boost|p1a: Koraidon|spe|1\n|\n|-weather|SunnyDay|[upkeep]\n|upkeep\n|\n|t:|1697401765\n|switch|p2a: Kingambit|Kingambit, M, tera:Dark|100\/100\n|-activate|p2a: Kingambit|move: Sticky Web\n|-unboost|p2a: Kingambit|spe|1\n|-activate|p2a: Kingambit|ability: Supreme Overlord\n|-start|p2a: Kingambit|fallen4|[silent]\n|turn|15\n|\n|t:|1697401770\n|move|p2a: Kingambit|Sucker Punch||[still]\n|-fail|p2a: Kingambit\n|move|p1a: Koraidon|Swords Dance|p1a: Koraidon\n|-boost|p1a: Koraidon|atk|2\n|\n|-weather|SunnyDay|[upkeep]\n|upkeep\n|turn|16\n|\n|t:|1697401772\n|move|p2a: Kingambit|Sucker Punch|p1a: Koraidon\n|-resisted|p1a: Koraidon\n|-damage|p1a: Koraidon|0 fnt\n|faint|p1a: Koraidon\n|\n|-weather|none\n|upkeep\n|\n|t:|1697401773\n|switch|p1a: Arceus|Arceus|100\/100\n|turn|17\n|\n|t:|1697401775\n|move|p1a: Arceus|Swords Dance|p1a: Arceus\n|-boost|p1a: Arceus|atk|2\n|move|p2a: Kingambit|Kowtow Cleave|p1a: Arceus\n|-damage|p1a: Arceus|18\/100\n|\n|upkeep\n|turn|18\n|\n|t:|1697401779\n|move|p1a: Arceus|Extreme Speed|p2a: Kingambit\n|-damage|p2a: Kingambit|29\/100\n|move|p2a: Kingambit|Kowtow Cleave|p1a: Arceus\n|-damage|p1a: Arceus|0 fnt\n|faint|p1a: Arceus\n|\n|win|Shuwri\n|c|\u2606Fc \u2764|gg\n|c|\u2606Shuwri|ggs\n","uploadtime":1697401780,"views":62,"p1id":"fc","p2id":"shuwri","formatid":"gen9ubers","rating":0,"private":0,"password":""}