{"id":"smogtours-gen9ubers-731423","p1":"bd & lio","p2":"Unassim","format":"[Gen 9] Ubers","log":"|inactive|Battle timer is ON: inactive players will automatically lose when time's up.\n|t:|1700401885\n|gametype|singles\n|player|p1|bd & lio|blue-masters|\n|player|p2|Unassim|102|\n|teamsize|p1|6\n|teamsize|p2|6\n|gen|9\n|tier|[Gen 9] Ubers\n|rule|Sleep Clause Mod: Limit one foe put to sleep\n|rule|Species Clause: Limit one of each Pok\u00e9mon\n|rule|OHKO Clause: OHKO moves are banned\n|rule|Evasion Items Clause: Evasion items are banned\n|rule|Evasion Moves Clause: Evasion moves are banned\n|rule|Endless Battle Clause: Forcing endless battles is banned\n|rule|HP Percentage Mod: HP is shown in percentages\n|clearpoke\n|poke|p1|Weavile, M|\n|poke|p1|Ogerpon, F|\n|poke|p1|Gliscor, M|\n|poke|p1|Ting-Lu|\n|poke|p1|Skeledirge, F|\n|poke|p1|Corviknight, F|\n|poke|p2|Clefable, F|\n|poke|p2|Corviknight, M|\n|poke|p2|Iron Valiant|\n|poke|p2|Gliscor, F|\n|poke|p2|Dragapult, M|\n|poke|p2|Ting-Lu|\n|teampreview\n|inactive|bd & lio also wants the timer to be on.\n|c|\u2606Unassim|hf\n|c|\u2606Unassim|hf\n|c|\u2606bd & lio|hf \n|c|\u2606bd & lio|hf\n|inactive|bd & lio has 270 seconds left.\n|inactive|Unassim has 270 seconds left.\n|inactive|bd & lio has 240 seconds left.\n|inactive|Unassim has 240 seconds left.\n|\n|t:|1700401967\n|start\n|switch|p1a: Weavile|Weavile, M|100\/100\n|switch|p2a: Iron Valiant|Iron Valiant|100\/100\n|-ability|p1a: Weavile|Pressure\n|turn|1\n|c|+Inder|hf\n|c|+Inder|u2\n|inactive|Unassim has 270 seconds left.\n|inactive|bd & lio has 270 seconds left.\n|inactive|bd & lio has 240 seconds left.\n|c|+Akalli|hf\n|inactive|bd & lio has 210 seconds left.\n|c|\u2606Unassim|hf\n|\n|t:|1700402070\n|-terastallize|p1a: Weavile|Ice\n|move|p1a: Weavile|Icicle Crash|p2a: Iron Valiant\n|-damage|p2a: Iron Valiant|24\/100\n|move|p2a: Iron Valiant|Knock Off|p1a: Weavile\n|-damage|p1a: Weavile|56\/100\n|-enditem|p1a: Weavile|Heavy-Duty Boots|[from] move: Knock Off|[of] p2a: Iron Valiant\n|\n|upkeep\n|turn|2\n|inactive|Unassim has 270 seconds left.\n|inactive|bd & lio has 180 seconds left.\n|\n|t:|1700402108\n|-end|p2a: Iron Valiant|Quark Drive|[silent]\n|switch|p2a: Corviknight|Corviknight, M|100\/100\n|-ability|p2a: Corviknight|Pressure\n|move|p1a: Weavile|Icicle Crash|p2a: Corviknight\n|-damage|p2a: Corviknight|62\/100\n|\n|-heal|p2a: Corviknight|68\/100|[from] item: Leftovers\n|upkeep\n|turn|3\n|inactive|bd & lio has 150 seconds left.\n|\n|t:|1700402139\n|switch|p1a: Gliscor|Gliscor, M|100\/100\n|move|p2a: Corviknight|Roost|p2a: Corviknight\n|-heal|p2a: Corviknight|100\/100\n|-singleturn|p2a: Corviknight|move: Roost\n|\n|-status|p1a: Gliscor|tox|[from] item: Toxic Orb\n|upkeep\n|turn|4\n|\n|t:|1700402157\n|switch|p2a: Clefable|Clefable, F|100\/100\n|move|p1a: Gliscor|Spikes|p2a: Clefable\n|-sidestart|p2: Unassim|Spikes\n|\n|upkeep\n|turn|5\n|inactive|bd & lio has 150 seconds left.\n|\n|t:|1700402184\n|switch|p1a: Skeledirge|Skeledirge, F|100\/100\n|move|p2a: Clefable|Stealth Rock|p1a: Skeledirge\n|-sidestart|p1: bd & lio|move: Stealth Rock\n|\n|upkeep\n|turn|6\n|\n|t:|1700402205\n|move|p1a: Skeledirge|Will-O-Wisp|p2a: Clefable\n|-status|p2a: Clefable|brn\n|move|p2a: Clefable|Thunder Wave|p1a: Skeledirge\n|-status|p1a: Skeledirge|par\n|\n|upkeep\n|turn|7\n|\n|t:|1700402221\n|switch|p2a: Ting-Lu|Ting-Lu|100\/100\n|-damage|p2a: Ting-Lu|88\/100|[from] Spikes\n|-ability|p2a: Ting-Lu|Vessel of Ruin\n|move|p1a: Skeledirge|Will-O-Wisp|p2a: Ting-Lu|[miss]\n|-miss|p1a: Skeledirge|p2a: Ting-Lu\n|\n|-heal|p2a: Ting-Lu|94\/100|[from] item: Leftovers\n|upkeep\n|turn|8\n|inactive|Unassim has 240 seconds left.\n|inactive|bd & lio has 120 seconds left.\n|inactive|bd & lio has 90 seconds left.\n|\n|t:|1700402305\n|switch|p1a: Ogerpon|Ogerpon, F|100\/100\n|move|p2a: Ting-Lu|Spikes|p1a: Ogerpon\n|-sidestart|p1: bd & lio|Spikes\n|\n|-heal|p2a: Ting-Lu|100\/100|[from] item: Leftovers\n|upkeep\n|turn|9\n|inactive|Unassim has 240 seconds left.\n|inactive|bd & lio has 60 seconds left.\n|inactive|Unassim has 210 seconds left.\n|inactive|bd & lio has 30 seconds left.\n|\n|t:|1700402371\n|move|p1a: Ogerpon|Knock Off|p2a: Ting-Lu\n|-resisted|p2a: Ting-Lu\n|-damage|p2a: Ting-Lu|91\/100\n|-enditem|p2a: Ting-Lu|Leftovers|[from] move: Knock Off|[of] p1a: Ogerpon\n|move|p2a: Ting-Lu|Ruination|p1a: Ogerpon\n|-damage|p1a: Ogerpon|51\/100\n|\n|upkeep\n|turn|10\n|inactive|bd & lio has 30 seconds left.\n|inactive|bd & lio has 20 seconds left.\n|inactive|Unassim has 180 seconds left.\n|inactive|bd & lio has 15 seconds left.\n|inactive|bd & lio has 10 seconds left.\n|\n|t:|1700402398\n|switch|p2a: Clefable|Clefable, F|100\/100 brn\n|move|p1a: Ogerpon|Ivy Cudgel|p2a: Clefable\n|-damage|p2a: Clefable|62\/100 brn\n|\n|-heal|p2a: Clefable|69\/100 brn|[from] item: Leftovers\n|upkeep\n|turn|11\n|inactive|bd & lio has 20 seconds left this turn.\n|inactive|bd & lio has 15 seconds left.\n|inactive|Unassim has 180 seconds left.\n|inactive|bd & lio has 10 seconds left.\n|inactive|bd & lio has 5 seconds left.\n|\n|t:|1700402421\n|switch|p1a: Skeledirge|Skeledirge, F|100\/100 par\n|move|p2a: Clefable|Moonblast|p1a: Skeledirge\n|-resisted|p1a: Skeledirge\n|-damage|p1a: Skeledirge|84\/100 par\n|\n|-heal|p2a: Clefable|75\/100 brn|[from] item: Leftovers\n|upkeep\n|turn|12\n|inactive|bd & lio has 15 seconds left this turn.\n|inactive|bd & lio has 10 seconds left.\n|\n|t:|1700402437\n|move|p2a: Clefable|Moonblast|p1a: Skeledirge\n|-resisted|p1a: Skeledirge\n|-damage|p1a: Skeledirge|68\/100 par\n|cant|p1a: Skeledirge|par\n|\n|-heal|p2a: Clefable|81\/100 brn|[from] item: Leftovers\n|upkeep\n|turn|13\n|inactive|bd & lio has 20 seconds left this turn.\n|inactive|Unassim has 150 seconds left.\n|\n|t:|1700402460\n|switch|p2a: Ting-Lu|Ting-Lu|91\/100\n|-damage|p2a: Ting-Lu|79\/100|[from] Spikes\n|-ability|p2a: Ting-Lu|Vessel of Ruin\n|move|p1a: Skeledirge|Slack Off|p1a: Skeledirge\n|-heal|p1a: Skeledirge|100\/100 par\n|\n|upkeep\n|turn|14\n|inactive|bd & lio has 30 seconds left this turn.\n|inactive|bd & lio has 20 seconds left.\n|inactive|Unassim has 150 seconds left.\n|inactive|bd & lio has 15 seconds left.\n|\n|t:|1700402476\n|switch|p1a: Corviknight|Corviknight, F|100\/100\n|-damage|p1a: Corviknight|88\/100|[from] Stealth Rock\n|-ability|p1a: Corviknight|Pressure\n|move|p2a: Ting-Lu|Ruination|p1a: Corviknight\n|-damage|p1a: Corviknight|44\/100\n|\n|-heal|p1a: Corviknight|50\/100|[from] item: Leftovers\n|upkeep\n|turn|15\n|inactive|bd & lio has 25 seconds left this turn.\n|inactive|bd & lio has 20 seconds left.\n|inactive|Unassim has 150 seconds left.\n|\n|t:|1700402490\n|switch|p2a: Gliscor|Gliscor, F|100\/100\n|move|p1a: Corviknight|Roost|p1a: Corviknight\n|-heal|p1a: Corviknight|100\/100\n|-singleturn|p1a: Corviknight|move: Roost\n|\n|-status|p2a: Gliscor|tox|[from] item: Toxic Orb\n|upkeep\n|turn|16\n|inactive|bd & lio has 30 seconds left this turn.\n|\n|t:|1700402497\n|move|p2a: Gliscor|Knock Off|p1a: Corviknight\n|-damage|p1a: Corviknight|88\/100\n|-enditem|p1a: Corviknight|Leftovers|[from] move: Knock Off|[of] p2a: Gliscor\n|move|p1a: Corviknight|Iron Defense|p1a: Corviknight\n|-boost|p1a: Corviknight|def|2\n|\n|upkeep\n|turn|17\n|inactive|Unassim has 150 seconds left.\n|inactive|Unassim has 120 seconds left.\n|\n|t:|1700402551\n|switch|p2a: Dragapult|Dragapult, M|100\/100\n|move|p1a: Corviknight|U-turn|p2a: Dragapult\n|-resisted|p2a: Dragapult\n|-damage|p2a: Dragapult|91\/100\n|\n|t:|1700402558\n|switch|p1a: Ting-Lu|Ting-Lu|100\/100|[from] U-turn\n|-damage|p1a: Ting-Lu|94\/100|[from] Stealth Rock\n|-damage|p1a: Ting-Lu|82\/100|[from] Spikes\n|-ability|p1a: Ting-Lu|Vessel of Ruin\n|\n|-heal|p1a: Ting-Lu|88\/100|[from] item: Leftovers\n|upkeep\n|turn|18\n|inactive|Unassim has 120 seconds left.\n|\n|t:|1700402573\n|move|p2a: Dragapult|Will-O-Wisp|p1a: Ting-Lu\n|-status|p1a: Ting-Lu|brn\n|move|p1a: Ting-Lu|Ruination|p2a: Dragapult\n|-damage|p2a: Dragapult|46\/100\n|\n|-heal|p1a: Ting-Lu|94\/100 brn|[from] item: Leftovers\n|-damage|p1a: Ting-Lu|88\/100 brn|[from] brn\n|upkeep\n|turn|19\n|\n|t:|1700402579\n|move|p2a: Dragapult|U-turn|p1a: Ting-Lu\n|-supereffective|p1a: Ting-Lu\n|-damage|p1a: Ting-Lu|70\/100 brn\n|\n|t:|1700402586\n|switch|p2a: Ting-Lu|Ting-Lu|79\/100|[from] U-turn\n|-damage|p2a: Ting-Lu|66\/100|[from] Spikes\n|-ability|p2a: Ting-Lu|Vessel of Ruin\n|move|p1a: Ting-Lu|Stealth Rock|p2a: Ting-Lu\n|-sidestart|p2: Unassim|move: Stealth Rock\n|\n|-heal|p1a: Ting-Lu|76\/100 brn|[from] item: Leftovers\n|-damage|p1a: Ting-Lu|70\/100 brn|[from] brn\n|upkeep\n|turn|20\n|\n|t:|1700402596\n|move|p1a: Ting-Lu|Ruination|p2a: Ting-Lu\n|-damage|p2a: Ting-Lu|34\/100\n|move|p2a: Ting-Lu|Ruination|p1a: Ting-Lu\n|-damage|p1a: Ting-Lu|35\/100 brn\n|\n|-heal|p1a: Ting-Lu|41\/100 brn|[from] item: Leftovers\n|-damage|p1a: Ting-Lu|35\/100 brn|[from] brn\n|upkeep\n|turn|21\n|\n|t:|1700402609\n|move|p1a: Ting-Lu|Ruination|p2a: Ting-Lu\n|-damage|p2a: Ting-Lu|17\/100\n|move|p2a: Ting-Lu|Ruination|p1a: Ting-Lu\n|-damage|p1a: Ting-Lu|18\/100 brn\n|\n|-heal|p1a: Ting-Lu|24\/100 brn|[from] item: Leftovers\n|-damage|p1a: Ting-Lu|18\/100 brn|[from] brn\n|upkeep\n|turn|22\n|inactive|bd & lio has 60 seconds left.\n|\n|t:|1700402617\n|move|p1a: Ting-Lu|Earthquake|p2a: Ting-Lu\n|-damage|p2a: Ting-Lu|7\/100\n|move|p2a: Ting-Lu|Spikes|p1a: Ting-Lu\n|-sidestart|p1: bd & lio|Spikes\n|\n|-heal|p1a: Ting-Lu|24\/100 brn|[from] item: Leftovers\n|-damage|p1a: Ting-Lu|18\/100 brn|[from] brn\n|upkeep\n|turn|23\n|\n|t:|1700402622\n|move|p1a: Ting-Lu|Earthquake|p2a: Ting-Lu\n|-damage|p2a: Ting-Lu|0 fnt\n|faint|p2a: Ting-Lu\n|\n|-heal|p1a: Ting-Lu|24\/100 brn|[from] item: Leftovers\n|-damage|p1a: Ting-Lu|18\/100 brn|[from] brn\n|upkeep\n|\n|t:|1700402627\n|switch|p2a: Iron Valiant|Iron Valiant|24\/100\n|turn|24\n|\n|t:|1700402637\n|move|p2a: Iron Valiant|Moonblast|p1a: Ting-Lu\n|-supereffective|p1a: Ting-Lu\n|-crit|p1a: Ting-Lu\n|-damage|p1a: Ting-Lu|0 fnt\n|faint|p1a: Ting-Lu\n|\n|upkeep\n|\n|t:|1700402647\n|switch|p1a: Gliscor|Gliscor, M|100\/100 tox\n|-damage|p1a: Gliscor|88\/100 tox|[from] Stealth Rock\n|turn|25\n|\n|t:|1700402657\n|-end|p2a: Iron Valiant|Quark Drive|[silent]\n|switch|p2a: Corviknight|Corviknight, M|100\/100\n|-damage|p2a: Corviknight|88\/100|[from] Stealth Rock\n|-ability|p2a: Corviknight|Pressure\n|move|p1a: Gliscor|Earthquake|p2a: Corviknight\n|-immune|p2a: Corviknight\n|\n|-heal|p2a: Corviknight|94\/100|[from] item: Leftovers\n|-heal|p1a: Gliscor|100\/100 tox|[from] ability: Poison Heal\n|upkeep\n|turn|26\n|inactive|Unassim has 150 seconds left.\n|\n|t:|1700402687\n|switch|p2a: Iron Valiant|Iron Valiant|24\/100\n|move|p1a: Gliscor|Spikes|p2a: Iron Valiant\n|-sidestart|p2: Unassim|Spikes\n|\n|upkeep\n|turn|27\n|inactive|bd & lio has 90 seconds left.\n|\n|t:|1700402704\n|move|p1a: Gliscor|Protect|p1a: Gliscor\n|-singleturn|p1a: Gliscor|Protect\n|move|p2a: Iron Valiant|Encore|p1a: Gliscor\n|-activate|p1a: Gliscor|move: Protect\n|\n|upkeep\n|turn|28\n|inactive|bd & lio has 90 seconds left.\n|inactive|Unassim has 150 seconds left.\n|\n|t:|1700402732\n|switch|p1a: Corviknight|Corviknight, F|88\/100\n|-damage|p1a: Corviknight|75\/100|[from] Stealth Rock\n|-ability|p1a: Corviknight|Pressure\n|move|p2a: Iron Valiant|Knock Off|p1a: Corviknight\n|-damage|p1a: Corviknight|64\/100\n|\n|upkeep\n|turn|29\n|\n|t:|1700402740\n|-end|p2a: Iron Valiant|Quark Drive|[silent]\n|switch|p2a: Dragapult|Dragapult, M|46\/100\n|move|p1a: Corviknight|Roost|p1a: Corviknight\n|-heal|p1a: Corviknight|100\/100\n|-singleturn|p1a: Corviknight|move: Roost\n|\n|upkeep\n|turn|30\n|\n|t:|1700402751\n|switch|p1a: Gliscor|Gliscor, M|100\/100 tox\n|-damage|p1a: Gliscor|88\/100 tox|[from] Stealth Rock\n|move|p2a: Dragapult|Will-O-Wisp||[still]\n|-fail|p2a: Dragapult\n|\n|-heal|p1a: Gliscor|100\/100 tox|[from] ability: Poison Heal\n|upkeep\n|turn|31\n|\n|t:|1700402766\n|-terastallize|p2a: Dragapult|Ghost\n|move|p2a: Dragapult|U-turn|p1a: Gliscor\n|-resisted|p1a: Gliscor\n|-damage|p1a: Gliscor|94\/100 tox\n|\n|t:|1700402773\n|switch|p2a: Gliscor|Gliscor, F|100\/100 tox|[from] U-turn\n|-damage|p2a: Gliscor|88\/100 tox|[from] Stealth Rock\n|move|p1a: Gliscor|Toxic|p2a: Gliscor\n|-fail|p2a: Gliscor|tox\n|\n|-heal|p2a: Gliscor|100\/100 tox|[from] ability: Poison Heal\n|-heal|p1a: Gliscor|100\/100 tox|[from] ability: Poison Heal\n|upkeep\n|turn|32\n|\n|t:|1700402794\n|move|p2a: Gliscor|Swords Dance|p2a: Gliscor\n|-boost|p2a: Gliscor|atk|2\n|move|p1a: Gliscor|Spikes|p2a: Gliscor\n|-sidestart|p2: Unassim|Spikes\n|\n|upkeep\n|turn|33\n|\n|t:|1700402801\n|switch|p1a: Corviknight|Corviknight, F|100\/100\n|-damage|p1a: Corviknight|88\/100|[from] Stealth Rock\n|-ability|p1a: Corviknight|Pressure\n|move|p2a: Gliscor|Swords Dance|p2a: Gliscor\n|-boost|p2a: Gliscor|atk|2\n|\n|upkeep\n|turn|34\n|inactive|bd & lio has 120 seconds left.\n|\n|t:|1700402808\n|move|p2a: Gliscor|Knock Off|p1a: Corviknight\n|-damage|p1a: Corviknight|62\/100\n|move|p1a: Corviknight|Iron Defense|p1a: Corviknight\n|-boost|p1a: Corviknight|def|2\n|\n|upkeep\n|turn|35\n|inactive|Unassim has 150 seconds left.\n|inactive|bd & lio has 120 seconds left.\n|\n|t:|1700402833\n|switch|p2a: Dragapult|Dragapult, M, tera:Ghost|46\/100\n|move|p1a: Corviknight|U-turn|p2a: Dragapult\n|-resisted|p2a: Dragapult\n|-damage|p2a: Dragapult|35\/100\n|\n|t:|1700402842\n|switch|p1a: Gliscor|Gliscor, M|100\/100 tox|[from] U-turn\n|-damage|p1a: Gliscor|88\/100 tox|[from] Stealth Rock\n|\n|-heal|p1a: Gliscor|100\/100 tox|[from] ability: Poison Heal\n|upkeep\n|turn|36\n|\n|t:|1700402855\n|switch|p2a: Gliscor|Gliscor, F|100\/100 tox\n|-damage|p2a: Gliscor|88\/100 tox|[from] Stealth Rock\n|move|p1a: Gliscor|Earthquake|p2a: Gliscor\n|-immune|p2a: Gliscor\n|\n|-heal|p2a: Gliscor|100\/100 tox|[from] ability: Poison Heal\n|upkeep\n|turn|37\n|inactive|bd & lio has 120 seconds left.\n|inactive|bd & lio has 90 seconds left.\n|\n|t:|1700402902\n|switch|p1a: Corviknight|Corviknight, F|62\/100\n|-damage|p1a: Corviknight|50\/100|[from] Stealth Rock\n|-ability|p1a: Corviknight|Pressure\n|move|p2a: Gliscor|Swords Dance|p2a: Gliscor\n|-boost|p2a: Gliscor|atk|2\n|\n|upkeep\n|turn|38\n|\n|t:|1700402910\n|switch|p2a: Dragapult|Dragapult, M, tera:Ghost|35\/100\n|move|p1a: Corviknight|Roost|p1a: Corviknight\n|-heal|p1a: Corviknight|99\/100\n|-singleturn|p1a: Corviknight|move: Roost\n|\n|upkeep\n|turn|39\n|c|+Akalli|tera uturn \ud83d\udd25\n|inactive|bd & lio has 90 seconds left.\n|inactive|Unassim has 120 seconds left.\n|inactive|bd & lio has 60 seconds left.\n|\n|t:|1700402958\n|move|p2a: Dragapult|Will-O-Wisp|p1a: Corviknight\n|-status|p1a: Corviknight|brn\n|move|p1a: Corviknight|U-turn|p2a: Dragapult\n|-resisted|p2a: Dragapult\n|-damage|p2a: Dragapult|30\/100\n|inactive|bd & lio has 60 seconds left.\n|inactive|bd & lio has 30 seconds left.\n|inactive|bd & lio has 20 seconds left.\n|\n|t:|1700403005\n|switch|p1a: Gliscor|Gliscor, M|100\/100 tox|[from] U-turn\n|-damage|p1a: Gliscor|88\/100 tox|[from] Stealth Rock\n|\n|-heal|p1a: Gliscor|100\/100 tox|[from] ability: Poison Heal\n|upkeep\n|turn|40\n|inactive|bd & lio has 30 seconds left this turn.\n|inactive|Unassim has 120 seconds left.\n|\n|t:|1700403022\n|move|p2a: Dragapult|U-turn|p1a: Gliscor\n|-resisted|p1a: Gliscor\n|-damage|p1a: Gliscor|95\/100 tox\n|\n|t:|1700403028\n|switch|p2a: Gliscor|Gliscor, F|100\/100 tox|[from] U-turn\n|-damage|p2a: Gliscor|88\/100 tox|[from] Stealth Rock\n|move|p1a: Gliscor|Earthquake|p2a: Gliscor\n|-immune|p2a: Gliscor\n|\n|-heal|p2a: Gliscor|100\/100 tox|[from] ability: Poison Heal\n|-heal|p1a: Gliscor|100\/100 tox|[from] ability: Poison Heal\n|upkeep\n|turn|41\n|inactive|bd & lio has 30 seconds left.\n|\n|t:|1700403045\n|switch|p1a: Corviknight|Corviknight, F|99\/100 brn\n|-damage|p1a: Corviknight|88\/100 brn|[from] Stealth Rock\n|-ability|p1a: Corviknight|Pressure\n|move|p2a: Gliscor|Swords Dance|p2a: Gliscor\n|-boost|p2a: Gliscor|atk|2\n|\n|-damage|p1a: Corviknight|82\/100 brn|[from] brn\n|upkeep\n|turn|42\n|inactive|Unassim has 120 seconds left.\n|\n|t:|1700403058\n|move|p2a: Gliscor|Knock Off|p1a: Corviknight\n|-damage|p1a: Corviknight|64\/100 brn\n|move|p1a: Corviknight|U-turn|p2a: Gliscor\n|-resisted|p2a: Gliscor\n|-crit|p2a: Gliscor\n|-damage|p2a: Gliscor|97\/100 tox\n|\n|t:|1700403063\n|switch|p1a: Weavile|Weavile, M, tera:Ice|56\/100|[from] U-turn\n|-damage|p1a: Weavile|31\/100|[from] Stealth Rock\n|-damage|p1a: Weavile|14\/100|[from] Spikes\n|-ability|p1a: Weavile|Pressure\n|\n|-heal|p2a: Gliscor|100\/100 tox|[from] ability: Poison Heal\n|upkeep\n|turn|43\n|inactive|Unassim has 120 seconds left.\n|inactive|bd & lio has 30 seconds left.\n|\n|t:|1700403092\n|switch|p2a: Iron Valiant|Iron Valiant|24\/100\n|move|p1a: Weavile|Swords Dance|p1a: Weavile\n|-boost|p1a: Weavile|atk|2\n|\n|upkeep\n|turn|44\n|inactive|Unassim has 120 seconds left.\n|\n|t:|1700403099\n|move|p1a: Weavile|Knock Off|p2a: Iron Valiant\n|-resisted|p2a: Iron Valiant\n|-damage|p2a: Iron Valiant|0 fnt\n|-enditem|p2a: Iron Valiant|Heavy-Duty Boots|[from] move: Knock Off|[of] p1a: Weavile\n|faint|p2a: Iron Valiant\n|-end|p2a: Iron Valiant|Quark Drive|[silent]\n|\n|upkeep\n|inactive|Unassim has 120 seconds left.\n|\n|t:|1700403107\n|switch|p2a: Corviknight|Corviknight, M|94\/100\n|-damage|p2a: Corviknight|82\/100|[from] Stealth Rock\n|-ability|p2a: Corviknight|Pressure\n|turn|45\n|c|\u2606bd & lio|la ila allah ila allah\n|\n|t:|1700403118\n|move|p1a: Weavile|Icicle Crash|p2a: Corviknight\n|-damage|p2a: Corviknight|14\/100\n|cant|p2a: Corviknight|flinch\n|\n|-heal|p2a: Corviknight|20\/100|[from] item: Leftovers\n|upkeep\n|turn|46\n|c|+AzZoCcX|mdrrrr\n|\n|t:|1700403125\n|move|p1a: Weavile|Knock Off|p2a: Corviknight\n|-damage|p2a: Corviknight|0 fnt\n|-enditem|p2a: Corviknight|Leftovers|[from] move: Knock Off|[of] p1a: Weavile\n|faint|p2a: Corviknight\n|\n|upkeep\n|c|\u2606bd & lio|MDRR\n|c|+AzZoCcX|et \u00e7a marche\n|c|\u2606bd & lio|BAMOS\n|c|+Akalli|pas m\u00e9rit\u00e9 \n|c|\u2606bd & lio|C POUR LE MISS\n|\n|t:|1700403133\n|switch|p2a: Clefable|Clefable, F|81\/100 brn\n|turn|47\n|\n|t:|1700403136\n|move|p1a: Weavile|Icicle Crash|p2a: Clefable\n|-damage|p2a: Clefable|0 fnt\n|faint|p2a: Clefable\n|\n|upkeep\n|c|\u2606Unassim|ben gg hein\n|c|\u2606bd & lio|gg \n|c|\u2606bd & lio|mb\n|c|+Akalli|miss\n|c|\u2606bd & lio|mb\n|c|\u2606bd & lio|gg\n|\n|t:|1700403146\n|switch|p2a: Dragapult|Dragapult, M, tera:Ghost|30\/100\n|turn|48\n|\n|t:|1700403150\n|move|p1a: Weavile|Ice Shard|p2a: Dragapult\n|-damage|p2a: Dragapult|0 fnt\n|faint|p2a: Dragapult\n|\n|upkeep\n|\n|t:|1700403152\n|switch|p2a: Gliscor|Gliscor, F|100\/100 tox\n|-damage|p2a: Gliscor|88\/100 tox|[from] Stealth Rock\n|turn|49\n|\n|t:|1700403155\n|move|p1a: Weavile|Ice Shard|p2a: Gliscor\n|-supereffective|p2a: Gliscor\n|-damage|p2a: Gliscor|0 fnt\n|faint|p2a: Gliscor\n|\n|win|bd & lio\n|player|p2|Unassim|102\n","uploadtime":1700403156,"views":18,"p1id":"bdlio","p2id":"unassim","formatid":"gen9ubers","rating":0,"private":0,"password":""}