{"id":"smogtours-gen9ubers-727423","p1":"Fc \u2764","p2":"SOULWIND","format":"[Gen 9] Ubers","log":"|inactive|Battle timer is ON: inactive players will automatically lose when time's up.\n|t:|1698599631\n|gametype|singles\n|player|p1|Fc \u2764|#omplxisolgaleos|\n|player|p2|SOULWIND|#wcop2023spain2|\n|teamsize|p1|6\n|teamsize|p2|6\n|gen|9\n|tier|[Gen 9] Ubers\n|rule|Sleep Clause Mod: Limit one foe put to sleep\n|rule|Species Clause: Limit one of each Pok\u00e9mon\n|rule|OHKO Clause: OHKO moves are banned\n|rule|Evasion Items Clause: Evasion items are banned\n|rule|Evasion Moves Clause: Evasion moves are banned\n|rule|Endless Battle Clause: Forcing endless battles is banned\n|rule|HP Percentage Mod: HP is shown in percentages\n|clearpoke\n|poke|p1|Glimmora, M|\n|poke|p1|Arceus-Ghost|\n|poke|p1|Koraidon|\n|poke|p1|Miraidon|\n|poke|p1|Zacian-*|\n|poke|p1|Kyogre|\n|poke|p2|Koraidon|\n|poke|p2|Arceus|\n|poke|p2|Kyogre|\n|poke|p2|Iron Treads|\n|poke|p2|Gliscor, M|\n|poke|p2|Toxapex, M|\n|teampreview\n|raw|<div class=\"broadcast-red\"><strong>Moderated chat was set to \u2606!<\/strong><br \/>Only users of rank \u2606 and higher can talk.<\/div>\n|c|\u2606Fc \u2764|hf\n|c|\u2606SOULWIND|hf\n|inactive|Fc \u2764 has 270 seconds left.\n|inactive|SOULWIND has 270 seconds left.\n|inactive|SOULWIND has 240 seconds left.\n|inactive|SOULWIND has 210 seconds left.\n|\n|t:|1698599728\n|start\n|switch|p1a: Glimmora|Glimmora, M|100\/100\n|switch|p2a: Iron Treads|Iron Treads|100\/100\n|turn|1\n|\n|t:|1698599742\n|switch|p1a: Arceus|Arceus-Ghost|100\/100\n|move|p2a: Iron Treads|Earthquake|p1a: Arceus\n|-damage|p1a: Arceus|70\/100\n|\n|upkeep\n|turn|2\n|inactive|SOULWIND has 270 seconds left.\n|\n|t:|1698599769\n|move|p1a: Arceus|Stealth Rock|p2a: Iron Treads\n|-sidestart|p2: SOULWIND|move: Stealth Rock\n|move|p2a: Iron Treads|Stealth Rock|p1a: Arceus\n|-sidestart|p1: Fc \u2764|move: Stealth Rock\n|\n|upkeep\n|turn|3\n|\n|t:|1698599781\n|move|p1a: Arceus|Judgment|p2a: Iron Treads\n|-damage|p2a: Iron Treads|50\/100\n|move|p2a: Iron Treads|Earthquake|p1a: Arceus\n|-damage|p1a: Arceus|42\/100\n|\n|-heal|p2a: Iron Treads|56\/100|[from] item: Leftovers\n|upkeep\n|turn|4\n|\n|t:|1698599795\n|-end|p2a: Iron Treads|Quark Drive|[silent]\n|switch|p2a: Arceus|Arceus|100\/100\n|-damage|p2a: Arceus|88\/100|[from] Stealth Rock\n|move|p1a: Arceus|Judgment|p2a: Arceus\n|-immune|p2a: Arceus\n|\n|-heal|p2a: Arceus|94\/100|[from] item: Leftovers\n|upkeep\n|turn|5\n|\n|t:|1698599803\n|move|p1a: Arceus|Taunt|p2a: Arceus\n|-start|p2a: Arceus|move: Taunt\n|cant|p2a: Arceus|move: Taunt|Swords Dance\n|\n|-heal|p2a: Arceus|99\/100|[from] item: Leftovers\n|upkeep\n|turn|6\n|\n|t:|1698599808\n|switch|p1a: Glimmora|Glimmora, M|100\/100\n|-damage|p1a: Glimmora|88\/100|[from] Stealth Rock\n|move|p2a: Arceus|Shadow Claw|p1a: Glimmora\n|-damage|p1a: Glimmora|61\/100\n|-activate|p1a: Glimmora|ability: Toxic Debris\n|-sidestart|p2: SOULWIND|move: Toxic Spikes\n|\n|-heal|p2a: Arceus|100\/100|[from] item: Leftovers\n|upkeep\n|turn|7\n|\n|t:|1698599817\n|switch|p2a: Iron Treads|Iron Treads|56\/100\n|-damage|p2a: Iron Treads|53\/100|[from] Stealth Rock\n|move|p1a: Glimmora|Mud Shot|p2a: Iron Treads\n|-supereffective|p2a: Iron Treads\n|-damage|p2a: Iron Treads|25\/100\n|-unboost|p2a: Iron Treads|spe|1\n|\n|-heal|p2a: Iron Treads|31\/100|[from] item: Leftovers\n|upkeep\n|turn|8\n|inactive|SOULWIND has 270 seconds left.\n|inactive|Fc \u2764 has 270 seconds left.\n|\n|t:|1698599877\n|switch|p1a: Arceus|Arceus-Ghost|42\/100\n|-damage|p1a: Arceus|30\/100|[from] Stealth Rock\n|-end|p2a: Iron Treads|Quark Drive|[silent]\n|switch|p2a: Gliscor|Gliscor, M|100\/100\n|-damage|p2a: Gliscor|88\/100|[from] Stealth Rock\n|\n|-status|p2a: Gliscor|tox|[from] item: Toxic Orb\n|upkeep\n|turn|9\n|\n|t:|1698599884\n|switch|p2a: Toxapex|Toxapex, M|100\/100\n|-damage|p2a: Toxapex|88\/100|[from] Stealth Rock\n|-sideend|p2: SOULWIND|move: Toxic Spikes|[of] p2a: Toxapex\n|move|p1a: Arceus|Judgment|p2a: Toxapex\n|-damage|p2a: Toxapex|39\/100\n|\n|upkeep\n|turn|10\n|\n|t:|1698599889\n|switch|p2a: Arceus|Arceus|100\/100\n|-damage|p2a: Arceus|88\/100|[from] Stealth Rock\n|move|p1a: Arceus|Taunt|p2a: Arceus\n|-start|p2a: Arceus|move: Taunt\n|\n|-heal|p2a: Arceus|94\/100|[from] item: Leftovers\n|upkeep\n|turn|11\n|\n|t:|1698599900\n|switch|p1a: Glimmora|Glimmora, M|61\/100\n|-damage|p1a: Glimmora|49\/100|[from] Stealth Rock\n|move|p2a: Arceus|Shadow Claw|p1a: Glimmora\n|-crit|p1a: Glimmora\n|-damage|p1a: Glimmora|11\/100\n|-activate|p1a: Glimmora|ability: Toxic Debris\n|-sidestart|p2: SOULWIND|move: Toxic Spikes\n|\n|-heal|p2a: Arceus|99\/100|[from] item: Leftovers\n|upkeep\n|turn|12\n|\n|t:|1698599905\n|move|p2a: Arceus|Extreme Speed|p1a: Glimmora\n|-resisted|p1a: Glimmora\n|-damage|p1a: Glimmora|0 fnt\n|-activate|p1a: Glimmora|ability: Toxic Debris\n|-sidestart|p2: SOULWIND|move: Toxic Spikes\n|faint|p1a: Glimmora\n|\n|-heal|p2a: Arceus|100\/100|[from] item: Leftovers\n|-end|p2a: Arceus|move: Taunt\n|upkeep\n|\n|t:|1698599922\n|switch|p1a: Zacian|Zacian-Crowned|100\/100\n|-damage|p1a: Zacian|94\/100|[from] Stealth Rock\n|-ability|p1a: Zacian|Intrepid Sword|boost\n|-boost|p1a: Zacian|atk|1\n|turn|13\n|\n|t:|1698599927\n|switch|p2a: Toxapex|Toxapex, M|73\/100\n|-damage|p2a: Toxapex|61\/100|[from] Stealth Rock\n|-sideend|p2: SOULWIND|move: Toxic Spikes|[of] p2a: Toxapex\n|move|p1a: Zacian|Swords Dance|p1a: Zacian\n|-boost|p1a: Zacian|atk|2\n|\n|upkeep\n|turn|14\n|\n|t:|1698599941\n|switch|p2a: Iron Treads|Iron Treads|31\/100\n|-damage|p2a: Iron Treads|28\/100|[from] Stealth Rock\n|move|p1a: Zacian|Behemoth Blade|p2a: Iron Treads\n|-resisted|p2a: Iron Treads\n|-damage|p2a: Iron Treads|0 fnt\n|faint|p2a: Iron Treads\n|-end|p2a: Iron Treads|Quark Drive|[silent]\n|\n|upkeep\n|inactive|SOULWIND has 270 seconds left.\n|\n|t:|1698599972\n|switch|p2a: Toxapex|Toxapex, M|94\/100\n|-damage|p2a: Toxapex|82\/100|[from] Stealth Rock\n|turn|15\n|\n|t:|1698599975\n|move|p1a: Zacian|Behemoth Blade|p2a: Toxapex\n|-resisted|p2a: Toxapex\n|-damage|p2a: Toxapex|36\/100\n|-damage|p1a: Zacian|78\/100|[from] item: Rocky Helmet|[of] p2a: Toxapex\n|move|p2a: Toxapex|Haze|p2a: Toxapex\n|-clearallboost\n|\n|upkeep\n|turn|16\n|\n|t:|1698599988\n|switch|p1a: Kyogre|Kyogre|100\/100\n|-damage|p1a: Kyogre|88\/100|[from] Stealth Rock\n|-weather|RainDance|[from] ability: Drizzle|[of] p1a: Kyogre\n|move|p2a: Toxapex|Toxic Spikes|p1a: Kyogre\n|-sidestart|p1: Fc \u2764|move: Toxic Spikes\n|\n|-weather|RainDance|[upkeep]\n|upkeep\n|turn|17\n|\n|t:|1698600009\n|switch|p2a: Koraidon|Koraidon|100\/100\n|-damage|p2a: Koraidon|94\/100|[from] Stealth Rock\n|-weather|SunnyDay|[from] ability: Orichalcum Pulse|[of] p2a: Koraidon\n|-activate|p2a: Koraidon|Orichalcum Pulse|[source]\n|move|p1a: Kyogre|Thunder|p2a: Koraidon|[miss]\n|-miss|p1a: Kyogre|p2a: Koraidon\n|\n|-weather|SunnyDay|[upkeep]\n|upkeep\n|turn|18\n|\n|t:|1698600013\n|move|p2a: Koraidon|U-turn|p1a: Kyogre\n|-damage|p1a: Kyogre|55\/100\n|\n|t:|1698600017\n|switch|p2a: Arceus|Arceus|100\/100|[from] U-turn\n|-damage|p2a: Arceus|88\/100|[from] Stealth Rock\n|move|p1a: Kyogre|Ice Beam|p2a: Arceus\n|-damage|p2a: Arceus|64\/100\n|\n|-weather|SunnyDay|[upkeep]\n|-heal|p2a: Arceus|70\/100|[from] item: Leftovers\n|upkeep\n|turn|19\n|\n|t:|1698600021\n|switch|p1a: Zacian|Zacian-Crowned|78\/100\n|-damage|p1a: Zacian|72\/100|[from] Stealth Rock\n|move|p2a: Arceus|Swords Dance|p2a: Arceus\n|-boost|p2a: Arceus|atk|2\n|\n|-weather|SunnyDay|[upkeep]\n|-heal|p2a: Arceus|76\/100|[from] item: Leftovers\n|upkeep\n|turn|20\n|inactive|SOULWIND has 270 seconds left.\n|\n|t:|1698600054\n|move|p1a: Zacian|Behemoth Blade|p2a: Arceus\n|-crit|p2a: Arceus\n|-damage|p2a: Arceus|22\/100\n|move|p2a: Arceus|Shadow Claw|p1a: Zacian\n|-damage|p1a: Zacian|26\/100\n|\n|-weather|SunnyDay|[upkeep]\n|-heal|p2a: Arceus|28\/100|[from] item: Leftovers\n|upkeep\n|turn|21\n|\n|t:|1698600064\n|switch|p1a: Arceus|Arceus-Ghost|30\/100\n|-damage|p1a: Arceus|17\/100|[from] Stealth Rock\n|-status|p1a: Arceus|psn\n|move|p2a: Arceus|Extreme Speed|p1a: Arceus\n|-immune|p1a: Arceus\n|\n|-weather|none\n|-heal|p2a: Arceus|34\/100|[from] item: Leftovers\n|-damage|p1a: Arceus|5\/100 psn|[from] psn\n|upkeep\n|turn|22\n|\n|t:|1698600068\n|move|p1a: Arceus|Healing Wish|p1a: Arceus\n|faint|p1a: Arceus\n|move|p2a: Arceus|Recover|p2a: Arceus\n|-heal|p2a: Arceus|84\/100\n|\n|-heal|p2a: Arceus|91\/100|[from] item: Leftovers\n|upkeep\n|\n|t:|1698600094\n|switch|p1a: Zacian|Zacian-Crowned|26\/100\n|-heal|p1a: Zacian|100\/100|[from] move: Healing Wish\n|-damage|p1a: Zacian|94\/100|[from] Stealth Rock\n|turn|23\n|inactive|SOULWIND has 270 seconds left.\n|\n|t:|1698600127\n|move|p1a: Zacian|Swords Dance|p1a: Zacian\n|-boost|p1a: Zacian|atk|2\n|move|p2a: Arceus|Shadow Claw|p1a: Zacian\n|-damage|p1a: Zacian|49\/100\n|\n|-heal|p2a: Arceus|97\/100|[from] item: Leftovers\n|upkeep\n|turn|24\n|inactive|SOULWIND has 270 seconds left.\n|inactive|Fc \u2764 has 270 seconds left.\n|\n|t:|1698600151\n|-terastallize|p2a: Arceus|Fire\n|move|p1a: Zacian|Play Rough|p2a: Arceus\n|-resisted|p2a: Arceus\n|-damage|p2a: Arceus|65\/100\n|move|p2a: Arceus|Shadow Claw|p1a: Zacian\n|-damage|p1a: Zacian|0 fnt\n|faint|p1a: Zacian\n|\n|-heal|p2a: Arceus|71\/100|[from] item: Leftovers\n|upkeep\n|inactive|Fc \u2764 has 270 seconds left.\n|inactive|Fc \u2764 has 240 seconds left.\n|\n|t:|1698600187\n|switch|p1a: Koraidon|Koraidon|100\/100\n|-damage|p1a: Koraidon|94\/100|[from] Stealth Rock\n|-status|p1a: Koraidon|psn\n|-weather|SunnyDay|[from] ability: Orichalcum Pulse|[of] p1a: Koraidon\n|-activate|p1a: Koraidon|Orichalcum Pulse|[source]\n|turn|25\n|\n|t:|1698600195\n|move|p2a: Arceus|Extreme Speed|p1a: Koraidon\n|-damage|p1a: Koraidon|13\/100 psn\n|move|p1a: Koraidon|Scale Shot|p2a: Arceus\n|-damage|p2a: Arceus|58\/100\n|-damage|p2a: Arceus|46\/100\n|-crit|p2a: Arceus\n|-damage|p2a: Arceus|28\/100\n|-damage|p2a: Arceus|16\/100\n|-damage|p2a: Arceus|5\/100\n|-hitcount|p2a: Arceus|5\n|-unboost|p1a: Koraidon|def|1\n|-boost|p1a: Koraidon|spe|1\n|\n|-weather|SunnyDay|[upkeep]\n|-heal|p2a: Arceus|11\/100|[from] item: Leftovers\n|-damage|p1a: Koraidon|1\/100 psn|[from] psn\n|upkeep\n|turn|26\n|\n|t:|1698600207\n|move|p2a: Arceus|Extreme Speed|p1a: Koraidon\n|-damage|p1a: Koraidon|0 fnt\n|faint|p1a: Koraidon\n|\n|-weather|SunnyDay|[upkeep]\n|-heal|p2a: Arceus|17\/100|[from] item: Leftovers\n|upkeep\n|\n|t:|1698600209\n|switch|p1a: Miraidon|Miraidon|100\/100\n|-damage|p1a: Miraidon|88\/100|[from] Stealth Rock\n|-status|p1a: Miraidon|psn\n|-fieldstart|move: Electric Terrain|[from] ability: Hadron Engine|[of] p1a: Miraidon\n|-enditem|p1a: Miraidon|Electric Seed\n|-boost|p1a: Miraidon|def|1|[from] item: Electric Seed\n|turn|27\n|\n|t:|1698600213\n|move|p2a: Arceus|Extreme Speed|p1a: Miraidon\n|-damage|p1a: Miraidon|35\/100 psn\n|move|p1a: Miraidon|Parabolic Charge|p2a: Arceus\n|-damage|p2a: Arceus|0 fnt\n|-heal|p1a: Miraidon|44\/100 psn|[from] drain|[of] p2a: Arceus\n|faint|p2a: Arceus\n|\n|-weather|SunnyDay|[upkeep]\n|-damage|p1a: Miraidon|32\/100 psn|[from] psn\n|upkeep\n|\n|t:|1698600233\n|switch|p2a: Koraidon|Koraidon|94\/100\n|-damage|p2a: Koraidon|88\/100|[from] Stealth Rock\n|-activate|p2a: Koraidon|ability: Orichalcum Pulse\n|turn|28\n|\n|t:|1698600238\n|move|p2a: Koraidon|U-turn|p1a: Miraidon\n|-damage|p1a: Miraidon|13\/100 psn\n|\n|t:|1698600240\n|switch|p2a: Gliscor|Gliscor, M|88\/100 tox|[from] U-turn\n|-damage|p2a: Gliscor|75\/100 tox|[from] Stealth Rock\n|move|p1a: Miraidon|Dragon Pulse|p2a: Gliscor\n|-damage|p2a: Gliscor|14\/100 tox\n|\n|-weather|SunnyDay|[upkeep]\n|-damage|p1a: Miraidon|0 fnt|[from] psn\n|faint|p1a: Miraidon\n|-heal|p2a: Gliscor|26\/100 tox|[from] ability: Poison Heal\n|upkeep\n|\n|t:|1698600242\n|switch|p1a: Kyogre|Kyogre|55\/100\n|-damage|p1a: Kyogre|43\/100|[from] Stealth Rock\n|-status|p1a: Kyogre|psn\n|-weather|RainDance|[from] ability: Drizzle|[of] p1a: Kyogre\n|turn|29\n|\n|t:|1698600247\n|move|p1a: Kyogre|Calm Mind|p1a: Kyogre\n|-boost|p1a: Kyogre|spa|1\n|-boost|p1a: Kyogre|spd|1\n|move|p2a: Gliscor|Earthquake|p1a: Kyogre\n|-damage|p1a: Kyogre|13\/100 psn\n|\n|-weather|RainDance|[upkeep]\n|-damage|p1a: Kyogre|0 fnt|[from] psn\n|faint|p1a: Kyogre\n|\n|win|SOULWIND\n|upkeep\n|c|\u2606Fc \u2764|gg\n|c|\u2606SOULWIND|gg\n|player|p1|Fc \u2764|#omplxisolgaleos\n","uploadtime":1698600248,"views":480,"p1id":"fc","p2id":"soulwind","formatid":"gen9ubers","rating":0,"private":0,"password":""}