{"id":"smogtours-gen9ubers-730995","p1":"Fabionnaci&Flatzor","p2":"Luthier&suapah","format":"[Gen 9] Ubers","log":"|inactive|Battle timer is ON: inactive players will automatically lose when time's up.\n|t:|1700257498\n|gametype|singles\n|player|p1|Fabionnaci&Flatzor|lucas|\n|player|p2|Luthier&suapah|#luthier|\n|teamsize|p1|6\n|teamsize|p2|6\n|gen|9\n|tier|[Gen 9] Ubers\n|rule|Sleep Clause Mod: Limit one foe put to sleep\n|rule|Species Clause: Limit one of each Pok\u00e9mon\n|rule|OHKO Clause: OHKO moves are banned\n|rule|Evasion Items Clause: Evasion items are banned\n|rule|Evasion Moves Clause: Evasion moves are banned\n|rule|Endless Battle Clause: Forcing endless battles is banned\n|rule|HP Percentage Mod: HP is shown in percentages\n|clearpoke\n|poke|p1|Hoopa-Unbound|\n|poke|p1|Rotom-Wash|\n|poke|p1|Landorus-Therian, M|\n|poke|p1|Dragapult, M|\n|poke|p1|Gholdengo|\n|poke|p1|Cinderace, M|\n|poke|p2|Clefable, M|\n|poke|p2|Zapdos|\n|poke|p2|Dragapult, M|\n|poke|p2|Great Tusk|\n|poke|p2|Dragonite, F|\n|poke|p2|Slowking-Galar, M|\n|teampreview\n|c|\u2606Luthier&suapah|hf\n|inactive|Fabionnaci&Flatzor has 270 seconds left.\n|inactive|Luthier&suapah has 270 seconds left.\n|c|\u2606Fabionnaci&Flatzor|hf\n|inactive|Fabionnaci&Flatzor has 240 seconds left.\n|inactive|Luthier&suapah has 240 seconds left.\n|\n|t:|1700257562\n|start\n|switch|p1a: Landorus|Landorus-Therian, M|100\/100\n|switch|p2a: Dragapult|Dragapult, M|100\/100\n|-ability|p1a: Landorus|Intimidate|boost\n|-unboost|p2a: Dragapult|atk|1\n|turn|1\n|\n|t:|1700257570\n|move|p2a: Dragapult|Will-O-Wisp|p1a: Landorus\n|-status|p1a: Landorus|brn\n|move|p1a: Landorus|U-turn|p2a: Dragapult\n|-resisted|p2a: Dragapult\n|-damage|p2a: Dragapult|93\/100\n|\n|t:|1700257576\n|switch|p1a: Gholdengo|Gholdengo|100\/100|[from] U-turn\n|\n|upkeep\n|turn|2\n|\n|t:|1700257602\n|switch|p2a: Slowking|Slowking-Galar, M|100\/100\n|move|p1a: Gholdengo|Shadow Ball|p2a: Slowking\n|-supereffective|p2a: Slowking\n|-damage|p2a: Slowking|66\/100\n|\n|upkeep\n|turn|3\n|inactive|Luthier&suapah has 270 seconds left.\n|inactive|Luthier&suapah has 240 seconds left.\n|\n|t:|1700257649\n|move|p1a: Gholdengo|Shadow Ball|p2a: Slowking\n|-supereffective|p2a: Slowking\n|-damage|p2a: Slowking|38\/100\n|move|p2a: Slowking|Flamethrower|p1a: Gholdengo\n|-supereffective|p1a: Gholdengo\n|-damage|p1a: Gholdengo|48\/100\n|\n|upkeep\n|turn|4\n|inactive|Luthier&suapah has 240 seconds left.\n|\n|t:|1700257668\n|move|p1a: Gholdengo|Recover|p1a: Gholdengo\n|-heal|p1a: Gholdengo|98\/100\n|move|p2a: Slowking|Flamethrower|p1a: Gholdengo\n|-supereffective|p1a: Gholdengo\n|-damage|p1a: Gholdengo|46\/100\n|\n|upkeep\n|turn|5\n|\n|t:|1700257676\n|switch|p1a: Hoopa|Hoopa-Unbound|100\/100\n|move|p2a: Slowking|Flamethrower|p1a: Hoopa\n|-damage|p1a: Hoopa|86\/100\n|\n|upkeep\n|turn|6\n|inactive|Luthier&suapah has 240 seconds left.\n|\n|t:|1700257696\n|switch|p2a: Zapdos|Zapdos|100\/100\n|-ability|p2a: Zapdos|Pressure\n|move|p1a: Hoopa|Psychic|p2a: Zapdos\n|-damage|p2a: Zapdos|47\/100\n|\n|-heal|p2a: Zapdos|53\/100|[from] item: Leftovers\n|upkeep\n|turn|7\n|inactive|Luthier&suapah has 240 seconds left.\n|\n|t:|1700257704\n|move|p1a: Hoopa|Psychic|p2a: Zapdos\n|-damage|p2a: Zapdos|6\/100\n|move|p2a: Zapdos|Roost|p2a: Zapdos\n|-heal|p2a: Zapdos|56\/100\n|-singleturn|p2a: Zapdos|move: Roost\n|\n|-heal|p2a: Zapdos|62\/100|[from] item: Leftovers\n|upkeep\n|turn|8\n|\n|t:|1700257710\n|move|p1a: Hoopa|Psychic|p2a: Zapdos\n|-damage|p2a: Zapdos|15\/100\n|move|p2a: Zapdos|Thunder Wave|p1a: Hoopa\n|-status|p1a: Hoopa|par\n|\n|-heal|p2a: Zapdos|21\/100|[from] item: Leftovers\n|upkeep\n|turn|9\n|\n|t:|1700257733\n|move|p2a: Zapdos|Roost|p2a: Zapdos\n|-heal|p2a: Zapdos|71\/100\n|-singleturn|p2a: Zapdos|move: Roost\n|move|p1a: Hoopa|Psychic|p2a: Zapdos\n|-damage|p2a: Zapdos|23\/100\n|-unboost|p2a: Zapdos|spd|1\n|\n|-heal|p2a: Zapdos|29\/100|[from] item: Leftovers\n|upkeep\n|turn|10\n|\n|t:|1700257751\n|switch|p2a: Dragonite|Dragonite, F|100\/100\n|move|p1a: Hoopa|Psychic|p2a: Dragonite\n|-crit|p2a: Dragonite\n|-damage|p2a: Dragonite|66\/100\n|\n|-heal|p2a: Dragonite|72\/100|[from] item: Leftovers\n|upkeep\n|turn|11\n|\n|t:|1700257759\n|move|p2a: Dragonite|Roost|p2a: Dragonite\n|-heal|p2a: Dragonite|100\/100\n|-singleturn|p2a: Dragonite|move: Roost\n|cant|p1a: Hoopa|par\n|\n|upkeep\n|turn|12\n|\n|t:|1700257769\n|switch|p2a: Clefable|Clefable, M|100\/100\n|switch|p1a: Rotom|Rotom-Wash|100\/100\n|\n|upkeep\n|turn|13\n|inactive|Luthier&suapah has 270 seconds left.\n|\n|t:|1700257778\n|move|p1a: Rotom|Thunder Wave|p2a: Clefable\n|-status|p2a: Clefable|par\n|cant|p2a: Clefable|par\n|\n|upkeep\n|turn|14\n|\n|t:|1700257783\n|move|p1a: Rotom|Volt Switch|p2a: Clefable\n|-damage|p2a: Clefable|78\/100 par\n|\n|t:|1700257786\n|switch|p1a: Gholdengo|Gholdengo|46\/100|[from] Volt Switch\n|cant|p2a: Clefable|par\n|\n|upkeep\n|turn|15\n|\n|t:|1700257800\n|move|p1a: Gholdengo|Recover|p1a: Gholdengo\n|-heal|p1a: Gholdengo|96\/100\n|move|p2a: Clefable|Stealth Rock|p1a: Gholdengo\n|-sidestart|p1: Fabionnaci&Flatzor|move: Stealth Rock\n|\n|upkeep\n|turn|16\n|inactive|Luthier&suapah has 270 seconds left.\n|inactive|Luthier&suapah has 240 seconds left.\n|\n|t:|1700257857\n|switch|p2a: Great Tusk|Great Tusk|100\/100\n|move|p1a: Gholdengo|Shadow Ball|p2a: Great Tusk\n|-damage|p2a: Great Tusk|55\/100\n|\n|-heal|p2a: Great Tusk|62\/100|[from] item: Leftovers\n|upkeep\n|turn|17\n|inactive|Luthier&suapah has 240 seconds left.\n|inactive|Luthier&suapah has 210 seconds left.\n|\n|t:|1700257899\n|-end|p2a: Great Tusk|Protosynthesis|[silent]\n|switch|p2a: Slowking|Slowking-Galar, M|71\/100\n|switch|p1a: Rotom|Rotom-Wash|100\/100\n|-damage|p1a: Rotom|88\/100|[from] Stealth Rock\n|\n|-heal|p1a: Rotom|94\/100|[from] item: Leftovers\n|upkeep\n|turn|18\n|\n|t:|1700257906\n|move|p1a: Rotom|Volt Switch|p2a: Slowking\n|-damage|p2a: Slowking|59\/100\n|\n|t:|1700257910\n|switch|p1a: Hoopa|Hoopa-Unbound|86\/100 par|[from] Volt Switch\n|-damage|p1a: Hoopa|73\/100 par|[from] Stealth Rock\n|move|p2a: Slowking|Future Sight|p1a: Hoopa\n|-start|p2a: Slowking|move: Future Sight\n|\n|upkeep\n|turn|19\n|\n|t:|1700257922\n|switch|p2a: Dragonite|Dragonite, F|100\/100\n|move|p1a: Hoopa|Hyperspace Fury|p2a: Dragonite\n|-damage|p2a: Dragonite|69\/100\n|-unboost|p1a: Hoopa|def|1\n|\n|-heal|p2a: Dragonite|75\/100|[from] item: Leftovers\n|upkeep\n|turn|20\n|\n|t:|1700257942\n|move|p2a: Dragonite|Roost|p2a: Dragonite\n|-heal|p2a: Dragonite|100\/100\n|-singleturn|p2a: Dragonite|move: Roost\n|cant|p1a: Hoopa|par\n|\n|-end|p1a: Hoopa|move: Future Sight\n|-immune|p1a: Hoopa\n|upkeep\n|turn|21\n|inactive|Luthier&suapah has 210 seconds left.\n|\n|t:|1700257981\n|switch|p1a: Rotom|Rotom-Wash|94\/100\n|-damage|p1a: Rotom|82\/100|[from] Stealth Rock\n|move|p2a: Dragonite|Dragon Dance|p2a: Dragonite\n|-boost|p2a: Dragonite|atk|1\n|-boost|p2a: Dragonite|spe|1\n|\n|-heal|p1a: Rotom|88\/100|[from] item: Leftovers\n|upkeep\n|turn|22\n|\n|t:|1700257989\n|switch|p2a: Clefable|Clefable, M|78\/100 par\n|move|p1a: Rotom|Thunder Wave|p2a: Clefable\n|-fail|p2a: Clefable|par\n|\n|-heal|p1a: Rotom|94\/100|[from] item: Leftovers\n|upkeep\n|turn|23\n|\n|t:|1700257999\n|switch|p2a: Great Tusk|Great Tusk|62\/100\n|move|p1a: Rotom|Volt Switch|p2a: Great Tusk\n|-immune|p2a: Great Tusk\n|\n|-heal|p2a: Great Tusk|68\/100|[from] item: Leftovers\n|-heal|p1a: Rotom|99\/100|[from] item: Leftovers\n|upkeep\n|turn|24\n|\n|t:|1700258009\n|-end|p2a: Great Tusk|Protosynthesis|[silent]\n|switch|p2a: Slowking|Slowking-Galar, M|93\/100\n|move|p1a: Rotom|Volt Switch|p2a: Slowking\n|-damage|p2a: Slowking|80\/100\n|\n|t:|1700258029\n|switch|p1a: Cinderace|Cinderace, M|100\/100|[from] Volt Switch\n|\n|upkeep\n|turn|25\n|\n|t:|1700258036\n|move|p1a: Cinderace|Pyro Ball|p2a: Slowking\n|-damage|p2a: Slowking|26\/100\n|-status|p2a: Slowking|brn\n|move|p2a: Slowking|Sludge Bomb|p1a: Cinderace\n|-damage|p1a: Cinderace|51\/100\n|\n|-damage|p2a: Slowking|20\/100 brn|[from] brn\n|upkeep\n|turn|26\n|inactive|Luthier&suapah has 240 seconds left.\n|inactive|Luthier&suapah has 210 seconds left.\n|\n|t:|1700258078\n|move|p1a: Cinderace|Court Change|p1a: Cinderace\n|-start|p1a: Cinderace|typechange|Normal|[from] ability: Libero\n|-swapsideconditions\n|-activate|p1a: Cinderace|move: Court Change\n|move|p2a: Slowking|Sludge Bomb|p1a: Cinderace\n|-damage|p1a: Cinderace|0 fnt\n|faint|p1a: Cinderace\n|\n|-damage|p2a: Slowking|14\/100 brn|[from] brn\n|upkeep\n|inactive|Fabionnaci&Flatzor has 270 seconds left.\n|\n|t:|1700258098\n|switch|p1a: Dragapult|Dragapult, M|100\/100\n|turn|27\n|\n|t:|1700258106\n|switch|p2a: Zapdos|Zapdos|29\/100\n|-damage|p2a: Zapdos|4\/100|[from] Stealth Rock\n|-ability|p2a: Zapdos|Pressure\n|move|p1a: Dragapult|Hex|p2a: Zapdos\n|-damage|p2a: Zapdos|0 fnt\n|faint|p2a: Zapdos\n|\n|upkeep\n|inactive|Luthier&suapah has 210 seconds left.\n|\n|t:|1700258122\n|switch|p2a: Dragapult|Dragapult, M|93\/100\n|turn|28\n|inactive|Luthier&suapah has 210 seconds left.\n|inactive|Fabionnaci&Flatzor has 270 seconds left.\n|\n|t:|1700258168\n|switch|p1a: Landorus|Landorus-Therian, M|100\/100 brn\n|-ability|p1a: Landorus|Intimidate|boost\n|-unboost|p2a: Dragapult|atk|1\n|move|p2a: Dragapult|Thunder Wave|p1a: Landorus\n|-immune|p1a: Landorus\n|\n|-damage|p1a: Landorus|94\/100 brn|[from] brn\n|upkeep\n|turn|29\n|inactive|Fabionnaci&Flatzor has 240 seconds left.\n|\n|t:|1700258185\n|move|p2a: Dragapult|Hex|p1a: Landorus\n|-damage|p1a: Landorus|56\/100 brn\n|move|p1a: Landorus|U-turn|p2a: Dragapult\n|-resisted|p2a: Dragapult\n|-damage|p2a: Dragapult|86\/100\n|\n|t:|1700258188\n|switch|p1a: Gholdengo|Gholdengo|96\/100|[from] U-turn\n|\n|upkeep\n|turn|30\n|\n|t:|1700258205\n|switch|p2a: Slowking|Slowking-Galar, M|47\/100 brn\n|-damage|p2a: Slowking|35\/100 brn|[from] Stealth Rock\n|move|p1a: Gholdengo|Shadow Ball|p2a: Slowking\n|-supereffective|p2a: Slowking\n|-damage|p2a: Slowking|5\/100 brn\n|\n|-damage|p2a: Slowking|0 fnt|[from] brn\n|faint|p2a: Slowking\n|upkeep\n|\n|t:|1700258207\n|switch|p2a: Great Tusk|Great Tusk|68\/100\n|-damage|p2a: Great Tusk|65\/100|[from] Stealth Rock\n|turn|31\n|inactive|Fabionnaci&Flatzor has 240 seconds left.\n|\n|t:|1700258260\n|switch|p1a: Rotom|Rotom-Wash|99\/100\n|move|p2a: Great Tusk|Rapid Spin|p1a: Rotom\n|-damage|p1a: Rotom|88\/100\n|-boost|p2a: Great Tusk|spe|1\n|-sideend|p2: Luthier&suapah|Stealth Rock|[from] move: Rapid Spin|[of] p2a: Great Tusk\n|\n|-heal|p2a: Great Tusk|71\/100|[from] item: Leftovers\n|-heal|p1a: Rotom|94\/100|[from] item: Leftovers\n|upkeep\n|turn|32\n|inactive|Luthier&suapah has 210 seconds left.\n|inactive|Luthier&suapah has 180 seconds left.\n|\n|t:|1700258318\n|-end|p2a: Great Tusk|Protosynthesis|[silent]\n|switch|p2a: Dragapult|Dragapult, M|86\/100\n|move|p1a: Rotom|Hydro Pump|p2a: Dragapult\n|-resisted|p2a: Dragapult\n|-damage|p2a: Dragapult|58\/100\n|\n|-heal|p1a: Rotom|99\/100|[from] item: Leftovers\n|upkeep\n|turn|33\n|\n|t:|1700258326\n|move|p2a: Dragapult|Draco Meteor|p1a: Rotom\n|-damage|p1a: Rotom|34\/100\n|-unboost|p2a: Dragapult|spa|2\n|move|p1a: Rotom|Volt Switch|p2a: Dragapult\n|-resisted|p2a: Dragapult\n|-damage|p2a: Dragapult|42\/100\n|\n|t:|1700258335\n|switch|p1a: Gholdengo|Gholdengo|96\/100|[from] Volt Switch\n|\n|upkeep\n|turn|34\n|inactive|Luthier&suapah has 180 seconds left.\n|\n|t:|1700258347\n|switch|p2a: Great Tusk|Great Tusk|71\/100\n|move|p1a: Gholdengo|Nasty Plot|p1a: Gholdengo\n|-boost|p1a: Gholdengo|spa|2\n|\n|-heal|p2a: Great Tusk|77\/100|[from] item: Leftovers\n|upkeep\n|turn|35\n|inactive|Luthier&suapah has 180 seconds left.\n|\n|t:|1700258357\n|-end|p2a: Great Tusk|Protosynthesis|[silent]\n|switch|p2a: Dragapult|Dragapult, M|42\/100\n|-terastallize|p1a: Gholdengo|Fairy\n|move|p1a: Gholdengo|Shadow Ball|p2a: Dragapult\n|-supereffective|p2a: Dragapult\n|-damage|p2a: Dragapult|0 fnt\n|faint|p2a: Dragapult\n|\n|upkeep\n|inactive|Luthier&suapah has 180 seconds left.\n|\n|t:|1700258368\n|switch|p2a: Dragonite|Dragonite, F|100\/100\n|turn|36\n|\n|t:|1700258375\n|move|p2a: Dragonite|Dragon Dance|p2a: Dragonite\n|-boost|p2a: Dragonite|atk|1\n|-boost|p2a: Dragonite|spe|1\n|move|p1a: Gholdengo|Shadow Ball|p2a: Dragonite\n|-damage|p2a: Dragonite|69\/100\n|\n|-heal|p2a: Dragonite|75\/100|[from] item: Leftovers\n|upkeep\n|turn|37\n|inactive|Fabionnaci&Flatzor has 240 seconds left.\n|\n|t:|1700258383\n|move|p2a: Dragonite|Roost|p2a: Dragonite\n|-heal|p2a: Dragonite|100\/100\n|-singleturn|p2a: Dragonite|move: Roost\n|move|p1a: Gholdengo|Make It Rain|p2a: Dragonite\n|-damage|p2a: Dragonite|55\/100\n|-unboost|p1a: Gholdengo|spa|1\n|\n|-heal|p2a: Dragonite|62\/100|[from] item: Leftovers\n|upkeep\n|turn|38\n|\n|t:|1700258387\n|move|p2a: Dragonite|Roost|p2a: Dragonite\n|-heal|p2a: Dragonite|100\/100\n|-singleturn|p2a: Dragonite|move: Roost\n|move|p1a: Gholdengo|Nasty Plot|p1a: Gholdengo\n|-boost|p1a: Gholdengo|spa|2\n|\n|upkeep\n|turn|39\n|\n|t:|1700258391\n|move|p2a: Dragonite|Dragon Dance|p2a: Dragonite\n|-boost|p2a: Dragonite|atk|1\n|-boost|p2a: Dragonite|spe|1\n|move|p1a: Gholdengo|Make It Rain|p2a: Dragonite\n|-damage|p2a: Dragonite|41\/100\n|-unboost|p1a: Gholdengo|spa|1\n|\n|-heal|p2a: Dragonite|47\/100|[from] item: Leftovers\n|upkeep\n|turn|40\n|\n|t:|1700258395\n|-terastallize|p2a: Dragonite|Flying\n|move|p2a: Dragonite|Tera Blast|p1a: Gholdengo|[anim] Tera Blast Flying\n|-damage|p1a: Gholdengo|21\/100\n|move|p1a: Gholdengo|Make It Rain|p2a: Dragonite\n|-damage|p2a: Dragonite|0 fnt\n|-unboost|p1a: Gholdengo|spa|1\n|faint|p2a: Dragonite\n|\n|upkeep\n|\n|t:|1700258404\n|switch|p2a: Great Tusk|Great Tusk|77\/100\n|turn|41\n|inactive|Fabionnaci&Flatzor has 270 seconds left.\n|\n|t:|1700258426\n|switch|p1a: Rotom|Rotom-Wash|34\/100\n|move|p2a: Great Tusk|Headlong Rush|p1a: Rotom\n|-immune|p1a: Rotom|[from] ability: Levitate\n|\n|-heal|p2a: Great Tusk|83\/100|[from] item: Leftovers\n|-heal|p1a: Rotom|40\/100|[from] item: Leftovers\n|upkeep\n|turn|42\n|inactive|Fabionnaci&Flatzor has 270 seconds left.\n|\n|t:|1700258432\n|move|p2a: Great Tusk|Rapid Spin|p1a: Rotom\n|-damage|p1a: Rotom|30\/100\n|-boost|p2a: Great Tusk|spe|1\n|move|p1a: Rotom|Hydro Pump|p2a: Great Tusk\n|-supereffective|p2a: Great Tusk\n|-damage|p2a: Great Tusk|0 fnt\n|faint|p2a: Great Tusk\n|-end|p2a: Great Tusk|Protosynthesis|[silent]\n|\n|-heal|p1a: Rotom|35\/100|[from] item: Leftovers\n|upkeep\n|-message|Luthier&suapah forfeited.\n|\n|win|Fabionnaci&Flatzor\n","uploadtime":1700258436,"views":45,"p1id":"fabionnaciflatzor","p2id":"luthiersuapah","formatid":"gen9ubers","rating":0,"private":0,"password":""}