{"id":"smogtours-gen9ubers-731421","p1":"Mimikyu Stardust","p2":"non breath oblige","format":"[Gen 9] Ubers","log":"|inactive|Battle timer is ON: inactive players will automatically lose when time's up.\n|t:|1700400909\n|gametype|singles\n|player|p1|Mimikyu Stardust|#uplximelmetal|\n|player|p2|non breath oblige|dawn|\n|teamsize|p1|6\n|teamsize|p2|6\n|gen|9\n|tier|[Gen 9] Ubers\n|rule|Sleep Clause Mod: Limit one foe put to sleep\n|rule|Species Clause: Limit one of each Pok\u00e9mon\n|rule|OHKO Clause: OHKO moves are banned\n|rule|Evasion Items Clause: Evasion items are banned\n|rule|Evasion Moves Clause: Evasion moves are banned\n|rule|Endless Battle Clause: Forcing endless battles is banned\n|rule|HP Percentage Mod: HP is shown in percentages\n|clearpoke\n|poke|p1|Weavile, M|\n|poke|p1|Ogerpon-Cornerstone, F|\n|poke|p1|Ting-Lu|\n|poke|p1|Enamorus, F|\n|poke|p1|Slowking-Galar, F|\n|poke|p1|Zapdos|\n|poke|p2|Skeledirge, F|\n|poke|p2|Samurott-Hisui, M|\n|poke|p2|Dragonite, F|\n|poke|p2|Ting-Lu|\n|poke|p2|Amoonguss, F|\n|poke|p2|Alomomola, F|\n|teampreview\n|inactive|non breath oblige also wants the timer to be on.\n|inactive|Mimikyu Stardust has 270 seconds left.\n|inactive|non breath oblige has 270 seconds left.\n|c|\u2606Mimikyu Stardust|hf\n|inactive|non breath oblige has 240 seconds left.\n|inactive|Mimikyu Stardust has 240 seconds left.\n|inactive|non breath oblige has 210 seconds left.\n|c|+ojr|mimi get out of call\n|inactive|non breath oblige has 180 seconds left.\n|c|\u2606Mimikyu Stardust|im on a business call\n|inactive|non breath oblige has 150 seconds left.\n|\n|t:|1700401064\n|start\n|switch|p1a: Ogerpon|Ogerpon-Cornerstone, F|100\/100\n|switch|p2a: Alomomola|Alomomola, F|100\/100\n|turn|1\n|inactive|non breath oblige has 210 seconds left.\n|c|+Pissog|the grind\n|inactive|non breath oblige has 180 seconds left.\n|c|+ojr|it never stops\n|\n|t:|1700401130\n|move|p1a: Ogerpon|Power Whip|p2a: Alomomola\n|-supereffective|p2a: Alomomola\n|-damage|p2a: Alomomola|16\/100\n|move|p2a: Alomomola|Flip Turn|p1a: Ogerpon\n|-damage|p1a: Ogerpon|83\/100\n|inactive|non breath oblige has 150 seconds left.\n|\n|t:|1700401150\n|switch|p2a: Skeledirge|Skeledirge, F|100\/100|[from] Flip Turn\n|\n|upkeep\n|turn|2\n|inactive|non breath oblige has 150 seconds left.\n|inactive|non breath oblige has 120 seconds left.\n|\n|t:|1700401204\n|switch|p1a: Ting-Lu|Ting-Lu|100\/100\n|-ability|p1a: Ting-Lu|Vessel of Ruin\n|-terastallize|p2a: Skeledirge|Water\n|move|p2a: Skeledirge|Will-O-Wisp|p1a: Ting-Lu\n|-status|p1a: Ting-Lu|brn\n|\n|-damage|p1a: Ting-Lu|94\/100 brn|[from] brn\n|upkeep\n|turn|3\n|\n|t:|1700401213\n|switch|p2a: Samurott|Samurott-Hisui, M|100\/100\n|move|p1a: Ting-Lu|Stealth Rock|p2a: Samurott\n|-sidestart|p2: non breath oblige|move: Stealth Rock\n|\n|-heal|p1a: Ting-Lu|100\/100 brn|[from] item: Leftovers\n|-damage|p1a: Ting-Lu|94\/100 brn|[from] brn\n|upkeep\n|turn|4\n|\n|t:|1700401218\n|switch|p1a: Zapdos|Zapdos|100\/100\n|move|p2a: Samurott|Ceaseless Edge|p1a: Zapdos|[miss]\n|-miss|p2a: Samurott|p1a: Zapdos\n|\n|upkeep\n|turn|5\n|inactive|non breath oblige has 120 seconds left.\n|\n|t:|1700401226\n|switch|p2a: Ting-Lu|Ting-Lu|100\/100\n|-damage|p2a: Ting-Lu|94\/100|[from] Stealth Rock\n|-ability|p2a: Ting-Lu|Vessel of Ruin\n|move|p1a: Zapdos|Hurricane|p2a: Ting-Lu\n|-damage|p2a: Ting-Lu|74\/100\n|\n|-heal|p2a: Ting-Lu|80\/100|[from] item: Leftovers\n|upkeep\n|turn|6\n|\n|t:|1700401234\n|switch|p1a: Weavile|Weavile, M|100\/100\n|-ability|p1a: Weavile|Pressure\n|move|p2a: Ting-Lu|Stealth Rock|p1a: Weavile\n|-sidestart|p1: Mimikyu Stardust|move: Stealth Rock\n|\n|-heal|p2a: Ting-Lu|86\/100|[from] item: Leftovers\n|upkeep\n|turn|7\n|\n|t:|1700401244\n|switch|p2a: Alomomola|Alomomola, F|49\/100\n|move|p1a: Weavile|Knock Off|p2a: Alomomola\n|-damage|p2a: Alomomola|23\/100\n|-enditem|p2a: Alomomola|Heavy-Duty Boots|[from] move: Knock Off|[of] p1a: Weavile\n|\n|upkeep\n|turn|8\n|\n|t:|1700401260\n|move|p1a: Weavile|Knock Off|p2a: Alomomola\n|-damage|p2a: Alomomola|5\/100\n|move|p2a: Alomomola|Flip Turn|p1a: Weavile\n|-damage|p1a: Weavile|77\/100\n|inactive|non breath oblige has 120 seconds left.\n|inactive|non breath oblige has 90 seconds left.\n|\n|t:|1700401310\n|switch|p2a: Samurott|Samurott-Hisui, M|100\/100|[from] Flip Turn\n|\n|upkeep\n|turn|9\n|\n|t:|1700401315\n|switch|p1a: Zapdos|Zapdos|100\/100\n|move|p2a: Samurott|Ceaseless Edge|p1a: Zapdos\n|-damage|p1a: Zapdos|69\/100\n|-sidestart|p1: Mimikyu Stardust|Spikes\n|\n|upkeep\n|turn|10\n|\n|t:|1700401325\n|switch|p2a: Ting-Lu|Ting-Lu|86\/100\n|-damage|p2a: Ting-Lu|80\/100|[from] Stealth Rock\n|-ability|p2a: Ting-Lu|Vessel of Ruin\n|move|p1a: Zapdos|Roost|p1a: Zapdos\n|-heal|p1a: Zapdos|100\/100\n|-singleturn|p1a: Zapdos|move: Roost\n|\n|-heal|p2a: Ting-Lu|86\/100|[from] item: Leftovers\n|upkeep\n|turn|11\n|\n|t:|1700401336\n|move|p1a: Zapdos|Hurricane|p2a: Ting-Lu\n|-damage|p2a: Ting-Lu|67\/100\n|-start|p2a: Ting-Lu|confusion\n|-activate|p2a: Ting-Lu|confusion\n|-damage|p2a: Ting-Lu|62\/100|[from] confusion\n|\n|-heal|p2a: Ting-Lu|68\/100|[from] item: Leftovers\n|upkeep\n|turn|12\n|\n|t:|1700401350\n|move|p1a: Zapdos|Hurricane|p2a: Ting-Lu\n|-damage|p2a: Ting-Lu|48\/100\n|-activate|p2a: Ting-Lu|confusion\n|move|p2a: Ting-Lu|Whirlwind|p1a: Zapdos\n|drag|p1a: Ting-Lu|Ting-Lu|94\/100 brn\n|-damage|p1a: Ting-Lu|88\/100 brn|[from] Stealth Rock\n|-damage|p1a: Ting-Lu|76\/100 brn|[from] Spikes\n|-ability|p1a: Ting-Lu|Vessel of Ruin\n|\n|-heal|p1a: Ting-Lu|82\/100 brn|[from] item: Leftovers\n|-heal|p2a: Ting-Lu|54\/100|[from] item: Leftovers\n|-damage|p1a: Ting-Lu|76\/100 brn|[from] brn\n|upkeep\n|turn|13\n|\n|t:|1700401358\n|switch|p2a: Samurott|Samurott-Hisui, M|100\/100\n|move|p1a: Ting-Lu|Whirlwind|p2a: Samurott\n|drag|p2a: Skeledirge|Skeledirge, F, tera:Water|100\/100\n|\n|-heal|p1a: Ting-Lu|82\/100 brn|[from] item: Leftovers\n|-damage|p1a: Ting-Lu|76\/100 brn|[from] brn\n|upkeep\n|turn|14\n|\n|t:|1700401365\n|switch|p2a: Alomomola|Alomomola, F|39\/100\n|-damage|p2a: Alomomola|26\/100|[from] Stealth Rock\n|switch|p1a: Slowking|Slowking-Galar, F|100\/100\n|\n|upkeep\n|turn|15\n|\n|t:|1700401374\n|move|p2a: Alomomola|Flip Turn|p1a: Slowking\n|-damage|p1a: Slowking|84\/100\n|\n|t:|1700401375\n|switch|p2a: Amoonguss|Amoonguss, F|100\/100|[from] Flip Turn\n|move|p1a: Slowking|Future Sight|p2a: Amoonguss\n|-start|p1a: Slowking|move: Future Sight\n|\n|upkeep\n|turn|16\n|inactive|non breath oblige has 120 seconds left.\n|inactive|Mimikyu Stardust has 270 seconds left.\n|inactive|non breath oblige has 90 seconds left.\n|inactive|Mimikyu Stardust has 240 seconds left.\n|inactive|non breath oblige has 60 seconds left.\n|inactive|Mimikyu Stardust has 210 seconds left.\n|\n|t:|1700401477\n|switch|p1a: Ogerpon|Ogerpon-Cornerstone, F|83\/100\n|-damage|p1a: Ogerpon|70\/100|[from] Stealth Rock\n|-damage|p1a: Ogerpon|58\/100|[from] Spikes\n|move|p2a: Amoonguss|Spore|p1a: Ogerpon\n|-immune|p1a: Ogerpon\n|\n|upkeep\n|turn|17\n|inactive|non breath oblige has 60 seconds left.\n|inactive|Mimikyu Stardust has 210 seconds left.\n|inactive|non breath oblige has 30 seconds left.\n|inactive|non breath oblige has 20 seconds left.\n|inactive|non breath oblige has 15 seconds left.\n|inactive|non breath oblige has 10 seconds left.\n|\n|t:|1700401556\n|move|p1a: Ogerpon|Ivy Cudgel|p2a: Amoonguss\n|-damage|p2a: Amoonguss|55\/100\n|move|p2a: Amoonguss|Foul Play|p1a: Ogerpon\n|-damage|p1a: Ogerpon|19\/100\n|\n|-end|p2a: Amoonguss|move: Future Sight\n|-supereffective|p2a: Amoonguss\n|-damage|p2a: Amoonguss|0 fnt\n|faint|p2a: Amoonguss\n|upkeep\n|inactive|non breath oblige has 15 seconds left this turn.\n|inactive|non breath oblige has 10 seconds left.\n|inactive|non breath oblige has 5 seconds left.\n|\n|t:|1700401566\n|switch|p2a: Skeledirge|Skeledirge, F, tera:Water|100\/100\n|turn|18\n|inactive|non breath oblige has 15 seconds left this turn.\n|\n|t:|1700401578\n|switch|p1a: Slowking|Slowking-Galar, F|100\/100\n|move|p2a: Skeledirge|Torch Song|p1a: Slowking\n|-damage|p1a: Slowking|82\/100\n|-boost|p2a: Skeledirge|spa|1\n|\n|upkeep\n|turn|19\n|inactive|non breath oblige has 25 seconds left this turn.\n|inactive|non breath oblige has 20 seconds left.\n|inactive|non breath oblige has 15 seconds left.\n|\n|t:|1700401589\n|switch|p2a: Samurott|Samurott-Hisui, M|100\/100\n|move|p1a: Slowking|Grass Knot|p2a: Samurott\n|-supereffective|p2a: Samurott\n|-damage|p2a: Samurott|41\/100\n|\n|upkeep\n|turn|20\n|inactive|non breath oblige has 25 seconds left this turn.\n|\n|t:|1700401593\n|switch|p1a: Zapdos|Zapdos|100\/100\n|move|p2a: Samurott|Ceaseless Edge|p1a: Zapdos\n|-damage|p1a: Zapdos|66\/100\n|-sidestart|p1: Mimikyu Stardust|Spikes\n|\n|upkeep\n|turn|21\n|inactive|Mimikyu Stardust has 210 seconds left.\n|inactive|non breath oblige has 30 seconds left.\n|\n|t:|1700401602\n|switch|p2a: Ting-Lu|Ting-Lu|54\/100\n|-damage|p2a: Ting-Lu|48\/100|[from] Stealth Rock\n|-ability|p2a: Ting-Lu|Vessel of Ruin\n|move|p1a: Zapdos|Roost|p1a: Zapdos\n|-heal|p1a: Zapdos|100\/100\n|-singleturn|p1a: Zapdos|move: Roost\n|\n|-heal|p2a: Ting-Lu|54\/100|[from] item: Leftovers\n|upkeep\n|turn|22\n|\n|t:|1700401608\n|switch|p1a: Weavile|Weavile, M|77\/100\n|-ability|p1a: Weavile|Pressure\n|move|p2a: Ting-Lu|Whirlwind|p1a: Weavile\n|drag|p1a: Zapdos|Zapdos|100\/100\n|\n|-heal|p2a: Ting-Lu|61\/100|[from] item: Leftovers\n|upkeep\n|turn|23\n|\n|t:|1700401617\n|switch|p1a: Weavile|Weavile, M|77\/100\n|-ability|p1a: Weavile|Pressure\n|move|p2a: Ting-Lu|Whirlwind|p1a: Weavile\n|drag|p1a: Ting-Lu|Ting-Lu|76\/100 brn\n|-damage|p1a: Ting-Lu|69\/100 brn|[from] Stealth Rock\n|-damage|p1a: Ting-Lu|53\/100 brn|[from] Spikes\n|-ability|p1a: Ting-Lu|Vessel of Ruin\n|\n|-heal|p1a: Ting-Lu|59\/100 brn|[from] item: Leftovers\n|-heal|p2a: Ting-Lu|67\/100|[from] item: Leftovers\n|-damage|p1a: Ting-Lu|53\/100 brn|[from] brn\n|upkeep\n|turn|24\n|\n|t:|1700401625\n|move|p1a: Ting-Lu|Whirlwind|p2a: Ting-Lu\n|drag|p2a: Samurott|Samurott-Hisui, M|41\/100\n|\n|-heal|p1a: Ting-Lu|59\/100 brn|[from] item: Leftovers\n|-damage|p1a: Ting-Lu|53\/100 brn|[from] brn\n|upkeep\n|turn|25\n|inactive|Mimikyu Stardust has 240 seconds left.\n|\n|t:|1700401636\n|switch|p1a: Zapdos|Zapdos|100\/100\n|move|p2a: Samurott|Knock Off|p1a: Zapdos\n|-damage|p1a: Zapdos|68\/100\n|-enditem|p1a: Zapdos|Heavy-Duty Boots|[from] move: Knock Off|[of] p2a: Samurott\n|\n|upkeep\n|turn|26\n|inactive|Mimikyu Stardust has 240 seconds left.\n|\n|t:|1700401646\n|switch|p2a: Ting-Lu|Ting-Lu|67\/100\n|-damage|p2a: Ting-Lu|61\/100|[from] Stealth Rock\n|-ability|p2a: Ting-Lu|Vessel of Ruin\n|switch|p1a: Enamorus|Enamorus, F|100\/100\n|-damage|p1a: Enamorus|76\/100|[from] Stealth Rock\n|\n|-heal|p2a: Ting-Lu|67\/100|[from] item: Leftovers\n|upkeep\n|turn|27\n|inactive|non breath oblige has 60 seconds left.\n|\n|t:|1700401659\n|move|p1a: Enamorus|Healing Wish|p1a: Enamorus\n|faint|p1a: Enamorus\n|move|p2a: Ting-Lu|Whirlwind|p1: Enamorus|[notarget]\n|-fail|p2a: Ting-Lu\n|\n|-heal|p2a: Ting-Lu|73\/100|[from] item: Leftovers\n|upkeep\n|\n|t:|1700401663\n|switch|p1a: Ogerpon|Ogerpon-Cornerstone, F|19\/100\n|-heal|p1a: Ogerpon|100\/100|[from] move: Healing Wish\n|-damage|p1a: Ogerpon|88\/100|[from] Stealth Rock\n|-damage|p1a: Ogerpon|72\/100|[from] Spikes\n|turn|28\n|inactive|non breath oblige has 60 seconds left.\n|\n|t:|1700401676\n|switch|p2a: Alomomola|Alomomola, F|59\/100\n|-damage|p2a: Alomomola|47\/100|[from] Stealth Rock\n|move|p1a: Ogerpon|Power Whip|p2a: Alomomola\n|-supereffective|p2a: Alomomola\n|-damage|p2a: Alomomola|0 fnt\n|faint|p2a: Alomomola\n|\n|upkeep\n|\n|t:|1700401678\n|switch|p2a: Dragonite|Dragonite, F|100\/100\n|turn|29\n|inactive|Mimikyu Stardust has 270 seconds left.\n|\n|t:|1700401693\n|move|p1a: Ogerpon|Ivy Cudgel|p2a: Dragonite\n|-supereffective|p2a: Dragonite\n|-crit|p2a: Dragonite\n|-damage|p2a: Dragonite|7\/100\n|move|p2a: Dragonite|Earthquake|p1a: Ogerpon\n|-damage|p1a: Ogerpon|20\/100\n|\n|upkeep\n|turn|30\n|\n|t:|1700401706\n|move|p2a: Dragonite|Extreme Speed|p1a: Ogerpon\n|-resisted|p1a: Ogerpon\n|-damage|p1a: Ogerpon|0 fnt\n|faint|p1a: Ogerpon\n|\n|upkeep\n|\n|t:|1700401715\n|switch|p1a: Weavile|Weavile, M|77\/100\n|-ability|p1a: Weavile|Pressure\n|turn|31\n|\n|t:|1700401724\n|switch|p2a: Skeledirge|Skeledirge, F, tera:Water|100\/100\n|move|p1a: Weavile|Knock Off|p2a: Skeledirge\n|-damage|p2a: Skeledirge|67\/100\n|-enditem|p2a: Skeledirge|Heavy-Duty Boots|[from] move: Knock Off|[of] p1a: Weavile\n|\n|upkeep\n|turn|32\n|\n|t:|1700401733\n|switch|p1a: Slowking|Slowking-Galar, F|100\/100\n|move|p2a: Skeledirge|Slack Off|p2a: Skeledirge\n|-heal|p2a: Skeledirge|100\/100\n|\n|upkeep\n|turn|33\n|inactive|non breath oblige has 90 seconds left.\n|\n|t:|1700401752\n|move|p2a: Skeledirge|Will-O-Wisp|p1a: Slowking\n|-status|p1a: Slowking|brn\n|move|p1a: Slowking|Grass Knot|p2a: Skeledirge\n|-supereffective|p2a: Skeledirge\n|-damage|p2a: Skeledirge|39\/100\n|\n|-damage|p1a: Slowking|94\/100 brn|[from] brn\n|upkeep\n|turn|34\n|\n|t:|1700401758\n|move|p2a: Skeledirge|Slack Off|p2a: Skeledirge\n|-heal|p2a: Skeledirge|89\/100\n|move|p1a: Slowking|Grass Knot|p2a: Skeledirge\n|-supereffective|p2a: Skeledirge\n|-damage|p2a: Skeledirge|29\/100\n|\n|-damage|p1a: Slowking|88\/100 brn|[from] brn\n|upkeep\n|turn|35\n|inactive|non breath oblige has 90 seconds left.\n|\n|t:|1700401766\n|move|p2a: Skeledirge|Slack Off|p2a: Skeledirge\n|-heal|p2a: Skeledirge|79\/100\n|move|p1a: Slowking|Grass Knot|p2a: Skeledirge\n|-supereffective|p2a: Skeledirge\n|-damage|p2a: Skeledirge|21\/100\n|\n|-damage|p1a: Slowking|82\/100 brn|[from] brn\n|upkeep\n|turn|36\n|\n|t:|1700401770\n|move|p2a: Skeledirge|Slack Off|p2a: Skeledirge\n|-heal|p2a: Skeledirge|71\/100\n|move|p1a: Slowking|Grass Knot|p2a: Skeledirge\n|-supereffective|p2a: Skeledirge\n|-damage|p2a: Skeledirge|6\/100\n|\n|-damage|p1a: Slowking|76\/100 brn|[from] brn\n|upkeep\n|turn|37\n|\n|t:|1700401774\n|move|p2a: Skeledirge|Hex|p1a: Slowking\n|-supereffective|p1a: Slowking\n|-damage|p1a: Slowking|20\/100 brn\n|move|p1a: Slowking|Grass Knot|p2a: Skeledirge\n|-supereffective|p2a: Skeledirge\n|-damage|p2a: Skeledirge|0 fnt\n|faint|p2a: Skeledirge\n|\n|-damage|p1a: Slowking|14\/100 brn|[from] brn\n|upkeep\n|\n|t:|1700401784\n|switch|p2a: Dragonite|Dragonite, F|7\/100\n|turn|38\n|\n|t:|1700401787\n|move|p2a: Dragonite|Roost|p2a: Dragonite\n|-heal|p2a: Dragonite|57\/100\n|-singleturn|p2a: Dragonite|move: Roost\n|move|p1a: Slowking|Sludge Bomb|p2a: Dragonite\n|-crit|p2a: Dragonite\n|-damage|p2a: Dragonite|5\/100\n|-status|p2a: Dragonite|psn\n|\n|-damage|p2a: Dragonite|0 fnt|[from] psn\n|faint|p2a: Dragonite\n|-damage|p1a: Slowking|8\/100 brn|[from] brn\n|upkeep\n|c|\u2606non breath oblige|.\n|inactive|non breath oblige has 90 seconds left.\n|inactive|non breath oblige has 60 seconds left.\n|inactive|non breath oblige has 30 seconds left.\n|\n|t:|1700401880\n|switch|p2a: Samurott|Samurott-Hisui, M|41\/100\n|turn|39\n|\n|t:|1700401893\n|move|p2a: Samurott|Aqua Cutter|p1a: Slowking\n|-damage|p1a: Slowking|0 fnt\n|faint|p1a: Slowking\n|\n|upkeep\n|\n|t:|1700401904\n|switch|p1a: Weavile|Weavile, M|77\/100\n|-ability|p1a: Weavile|Pressure\n|turn|40\n|\n|t:|1700401911\n|move|p1a: Weavile|Low Kick|p2a: Samurott\n|-supereffective|p2a: Samurott\n|-damage|p2a: Samurott|0 fnt\n|faint|p2a: Samurott\n|\n|upkeep\n|-message|non breath oblige forfeited.\n|\n|win|Mimikyu Stardust\n|c|\u2606Mimikyu Stardust|gg\n","uploadtime":1700401917,"views":90,"p1id":"mimikyustardust","p2id":"nonbreathoblige","formatid":"gen9ubers","rating":0,"private":0,"password":""}