{"id":"smogtours-gen9ubers-732462","p1":"fardin","p2":"Inder","format":"[Gen 9] Ubers","log":"|inactive|Battle timer is ON: inactive players will automatically lose when time's up.\n|t:|1700946371\n|gametype|singles\n|player|p1|fardin|lucas|\n|player|p2|Inder|#pmpliidachsbuns|\n|teamsize|p1|6\n|teamsize|p2|6\n|gen|9\n|tier|[Gen 9] Ubers\n|rule|Sleep Clause Mod: Limit one foe put to sleep\n|rule|Species Clause: Limit one of each Pok\u00e9mon\n|rule|OHKO Clause: OHKO moves are banned\n|rule|Evasion Items Clause: Evasion items are banned\n|rule|Evasion Moves Clause: Evasion moves are banned\n|rule|Endless Battle Clause: Forcing endless battles is banned\n|rule|HP Percentage Mod: HP is shown in percentages\n|clearpoke\n|poke|p1|Zacian-*|\n|poke|p1|Koraidon|\n|poke|p1|Eternatus|\n|poke|p1|Arceus-Steel|\n|poke|p1|Gliscor, M|\n|poke|p1|Groudon|\n|poke|p2|Ribombee, M|\n|poke|p2|Roaring Moon|\n|poke|p2|Arceus|\n|poke|p2|Chien-Pao|\n|poke|p2|Koraidon|\n|poke|p2|Zacian-*|\n|teampreview\n|inactive|fardin also wants the timer to be on.\n|c|\u2606Inder|hf\n|inactive|fardin has 270 seconds left.\n|inactive|fardin has 240 seconds left.\n|c|\u2606fardin|hf\n|\n|t:|1700946453\n|start\n|switch|p1a: Gliscor|Gliscor, M|100\/100\n|switch|p2a: Ribombee|Ribombee, M, shiny|100\/100\n|turn|1\n|\n|t:|1700946460\n|move|p1a: Gliscor|Protect|p1a: Gliscor\n|-singleturn|p1a: Gliscor|Protect\n|move|p2a: Ribombee|Sticky Web|p1a: Gliscor\n|-sidestart|p1: fardin|move: Sticky Web\n|\n|-status|p1a: Gliscor|tox|[from] item: Toxic Orb\n|upkeep\n|turn|2\n|\n|t:|1700946464\n|move|p2a: Ribombee|Quiver Dance|p2a: Ribombee\n|-boost|p2a: Ribombee|spa|1\n|-boost|p2a: Ribombee|spd|1\n|-boost|p2a: Ribombee|spe|1\n|move|p1a: Gliscor|Toxic|p2a: Ribombee\n|-status|p2a: Ribombee|tox\n|\n|-damage|p2a: Ribombee|94\/100 tox|[from] psn\n|upkeep\n|turn|3\n|\n|t:|1700946467\n|switch|p2a: Chien-Pao|Chien-Pao|100\/100\n|-ability|p2a: Chien-Pao|Sword of Ruin\n|move|p1a: Gliscor|Spikes|p2a: Chien-Pao\n|-sidestart|p2: Inder|Spikes\n|\n|upkeep\n|turn|4\n|\n|t:|1700946474\n|switch|p1a: Arceus|Arceus-Steel|100\/100\n|-activate|p1a: Arceus|move: Sticky Web\n|-unboost|p1a: Arceus|spe|1\n|move|p2a: Chien-Pao|Icicle Crash|p1a: Arceus\n|-resisted|p1a: Arceus\n|-damage|p1a: Arceus|82\/100\n|\n|upkeep\n|turn|5\n|\n|t:|1700946484\n|switch|p1a: Gliscor|Gliscor, M|100\/100 tox\n|move|p2a: Chien-Pao|Swords Dance|p2a: Chien-Pao\n|-boost|p2a: Chien-Pao|atk|2\n|\n|upkeep\n|turn|6\n|\n|t:|1700946501\n|move|p2a: Chien-Pao|Icicle Crash|p1a: Gliscor|[miss]\n|-miss|p2a: Chien-Pao|p1a: Gliscor\n|move|p1a: Gliscor|Toxic|p2a: Chien-Pao\n|-status|p2a: Chien-Pao|tox\n|\n|-damage|p2a: Chien-Pao|95\/100 tox|[from] psn\n|upkeep\n|turn|7\n|\n|t:|1700946511\n|move|p1a: Gliscor|Protect|p1a: Gliscor\n|-singleturn|p1a: Gliscor|Protect\n|move|p2a: Chien-Pao|Icicle Crash|p1a: Gliscor\n|-activate|p1a: Gliscor|move: Protect\n|\n|-damage|p2a: Chien-Pao|83\/100 tox|[from] psn\n|upkeep\n|turn|8\n|\n|t:|1700946516\n|switch|p1a: Arceus|Arceus-Steel|82\/100\n|-activate|p1a: Arceus|move: Sticky Web\n|-unboost|p1a: Arceus|spe|1\n|move|p2a: Chien-Pao|Crunch|p1a: Arceus\n|-damage|p1a: Arceus|19\/100\n|\n|-damage|p2a: Chien-Pao|65\/100 tox|[from] psn\n|upkeep\n|turn|9\n|\n|t:|1700946522\n|move|p2a: Chien-Pao|Crunch|p1a: Arceus\n|-damage|p1a: Arceus|0 fnt\n|faint|p1a: Arceus\n|\n|-damage|p2a: Chien-Pao|41\/100 tox|[from] psn\n|upkeep\n|\n|t:|1700946524\n|switch|p1a: Gliscor|Gliscor, M|100\/100 tox\n|turn|10\n|\n|t:|1700946529\n|move|p1a: Gliscor|Protect|p1a: Gliscor\n|-singleturn|p1a: Gliscor|Protect\n|move|p2a: Chien-Pao|Swords Dance|p2a: Chien-Pao\n|-boost|p2a: Chien-Pao|atk|2\n|\n|-damage|p2a: Chien-Pao|11\/100 tox|[from] psn\n|upkeep\n|turn|11\n|\n|t:|1700946536\n|switch|p1a: Eternatus|Eternatus|100\/100\n|-ability|p1a: Eternatus|Pressure\n|move|p2a: Chien-Pao|Crunch|p1a: Eternatus\n|-damage|p1a: Eternatus|0 fnt\n|faint|p1a: Eternatus\n|\n|-damage|p2a: Chien-Pao|0 fnt|[from] psn\n|faint|p2a: Chien-Pao\n|upkeep\n|\n|t:|1700946546\n|switch|p2a: Roaring Moon|Roaring Moon|100\/100\n|switch|p1a: Koraidon|Koraidon|100\/100\n|-activate|p1a: Koraidon|move: Sticky Web\n|-unboost|p1a: Koraidon|spe|1\n|-weather|SunnyDay|[from] ability: Orichalcum Pulse|[of] p1a: Koraidon\n|-activate|p2a: Roaring Moon|ability: Protosynthesis\n|-start|p2a: Roaring Moon|protosynthesisatk\n|-activate|p1a: Koraidon|Orichalcum Pulse|[source]\n|-damage|p2a: Roaring Moon|88\/100|[from] Spikes\n|turn|12\n|\n|t:|1700946551\n|move|p1a: Koraidon|Low Kick|p2a: Roaring Moon\n|-supereffective|p2a: Roaring Moon\n|-damage|p2a: Roaring Moon|0 fnt\n|faint|p2a: Roaring Moon\n|-end|p2a: Roaring Moon|Protosynthesis|[silent]\n|\n|-weather|SunnyDay|[upkeep]\n|upkeep\n|\n|t:|1700946555\n|switch|p2a: Koraidon|Koraidon|100\/100\n|-damage|p2a: Koraidon|88\/100|[from] Spikes\n|-activate|p2a: Koraidon|ability: Orichalcum Pulse\n|turn|13\n|\n|t:|1700946560\n|switch|p1a: Chisato|Groudon|100\/100\n|-activate|p1a: Chisato|move: Sticky Web\n|-unboost|p1a: Chisato|spe|1\n|move|p2a: Koraidon|Scale Shot|p1a: Chisato\n|-damage|p1a: Chisato|92\/100\n|-damage|p1a: Chisato|84\/100\n|-damage|p1a: Chisato|75\/100\n|-damage|p1a: Chisato|66\/100\n|-hitcount|p1a: Chisato|4\n|-unboost|p2a: Koraidon|def|1\n|-boost|p2a: Koraidon|spe|1\n|\n|-weather|SunnyDay|[upkeep]\n|-heal|p1a: Chisato|72\/100|[from] item: Leftovers\n|upkeep\n|turn|14\n|\n|t:|1700946568\n|move|p2a: Koraidon|Taunt|p1a: Chisato\n|-start|p1a: Chisato|move: Taunt\n|move|p1a: Chisato|Precipice Blades|p2a: Koraidon\n|-damage|p2a: Koraidon|5\/100\n|\n|-weather|SunnyDay|[upkeep]\n|-heal|p1a: Chisato|78\/100|[from] item: Leftovers\n|upkeep\n|turn|15\n|\n|t:|1700946570\n|move|p2a: Koraidon|Scale Shot|p1a: Chisato|[miss]\n|-miss|p2a: Koraidon|p1a: Chisato\n|move|p1a: Chisato|Heat Crash|p2a: Koraidon\n|-resisted|p2a: Koraidon\n|-damage|p2a: Koraidon|0 fnt\n|faint|p2a: Koraidon\n|\n|-weather|SunnyDay|[upkeep]\n|-heal|p1a: Chisato|84\/100|[from] item: Leftovers\n|upkeep\n|c|\u2606fardin|soz\n|\n|t:|1700946581\n|switch|p2a: Arceus|Arceus|100\/100\n|-damage|p2a: Arceus|88\/100|[from] Spikes\n|turn|16\n|\n|t:|1700946584\n|switch|p1a: Koraidon|Koraidon|100\/100\n|-activate|p1a: Koraidon|move: Sticky Web\n|-unboost|p1a: Koraidon|spe|1\n|-activate|p1a: Koraidon|ability: Orichalcum Pulse\n|move|p2a: Arceus|Swords Dance|p2a: Arceus\n|-boost|p2a: Arceus|atk|2\n|\n|-weather|none\n|upkeep\n|turn|17\n|\n|t:|1700946590\n|-terastallize|p1a: Koraidon|Ghost\n|-terastallize|p2a: Arceus|Normal\n|move|p2a: Arceus|Extreme Speed|p1a: Koraidon\n|-immune|p1a: Koraidon\n|move|p1a: Koraidon|Low Kick|p2a: Arceus\n|-supereffective|p2a: Arceus\n|-damage|p2a: Arceus|0 fnt\n|faint|p2a: Arceus\n|\n|upkeep\n|\n|t:|1700946593\n|switch|p2a: Zacian|Zacian-Crowned|100\/100\n|-damage|p2a: Zacian|88\/100|[from] Spikes\n|-ability|p2a: Zacian|Intrepid Sword|boost\n|-boost|p2a: Zacian|atk|1\n|turn|18\n|\n|t:|1700946596\n|move|p2a: Zacian|Swords Dance|p2a: Zacian\n|-boost|p2a: Zacian|atk|2\n|move|p1a: Koraidon|Low Kick|p2a: Zacian\n|-damage|p2a: Zacian|29\/100\n|\n|upkeep\n|turn|19\n|\n|t:|1700946601\n|move|p2a: Zacian|Behemoth Blade|p1a: Koraidon\n|-damage|p1a: Koraidon|0 fnt\n|faint|p1a: Koraidon\n|\n|upkeep\n|\n|t:|1700946602\n|switch|p1a: Chisato|Groudon|84\/100\n|-activate|p1a: Chisato|move: Sticky Web\n|-unboost|p1a: Chisato|spe|1\n|-weather|SunnyDay|[from] ability: Drought|[of] p1a: Chisato\n|turn|20\n|c|\u2606Inder|i deserve\n|c|\u2606Inder|this crit\n|\n|t:|1700946614\n|move|p2a: Zacian|Behemoth Blade|p1a: Chisato\n|-damage|p1a: Chisato|12\/100\n|move|p1a: Chisato|Heat Crash|p2a: Zacian\n|-supereffective|p2a: Zacian\n|-damage|p2a: Zacian|0 fnt\n|faint|p2a: Zacian\n|\n|-weather|SunnyDay|[upkeep]\n|-heal|p1a: Chisato|18\/100|[from] item: Leftovers\n|upkeep\n|c|\u2606Inder|gg\n|c|\u2606fardin|bo3\n|c|\u2606fardin|gg\n|-message|Inder forfeited.\n|\n|win|fardin\n","uploadtime":1700946626,"views":4,"p1id":"fardin","p2id":"inder","formatid":"gen9ubers","rating":0,"private":0,"password":""}