{"id":"smogtours-gen9ubers-731529","p1":"Exiline","p2":"Highlord","format":"[Gen 9] Ubers","log":"|inactive|Battle timer is ON: inactive players will automatically lose when time's up.\n|t:|1700413352\n|gametype|singles\n|player|p1|Exiline|juggler|\n|player|p2|Highlord|#scl3foxes|\n|teamsize|p1|6\n|teamsize|p2|6\n|gen|9\n|tier|[Gen 9] Ubers\n|rule|Sleep Clause Mod: Limit one foe put to sleep\n|rule|Species Clause: Limit one of each Pok\u00e9mon\n|rule|OHKO Clause: OHKO moves are banned\n|rule|Evasion Items Clause: Evasion items are banned\n|rule|Evasion Moves Clause: Evasion moves are banned\n|rule|Endless Battle Clause: Forcing endless battles is banned\n|rule|HP Percentage Mod: HP is shown in percentages\n|clearpoke\n|poke|p1|Iron Bundle|\n|poke|p1|Gliscor, F|\n|poke|p1|Miraidon|\n|poke|p1|Arceus-Water|\n|poke|p1|Groudon|\n|poke|p1|Zacian-*|\n|poke|p2|Dachsbun, F|\n|poke|p2|Arceus|\n|poke|p2|Blissey, F|\n|poke|p2|Giratina-Origin|\n|poke|p2|Dondozo, M|\n|poke|p2|Clodsire, M|\n|teampreview\n|c|\u2606Exiline|h_f\n|inactive|Exiline has 270 seconds left.\n|inactive|Highlord has 270 seconds left.\n|inactive|Highlord has 240 seconds left.\n|\n|t:|1700413414\n|start\n|switch|p1a: Miraidon|Miraidon|100\/100\n|switch|p2a: Blissey|Blissey, F|100\/100\n|-fieldstart|move: Electric Terrain|[from] ability: Hadron Engine|[of] p1a: Miraidon\n|turn|1\n|\n|t:|1700413419\n|move|p1a: Miraidon|U-turn|p2a: Blissey\n|-damage|p2a: Blissey|87\/100\n|\n|t:|1700413422\n|switch|p1a: Groudon|Groudon|100\/100|[from] U-turn\n|-weather|SunnyDay|[from] ability: Drought|[of] p1a: Groudon\n|move|p2a: Blissey|Stealth Rock|p1a: Groudon\n|-sidestart|p1: Exiline|move: Stealth Rock\n|\n|-weather|SunnyDay|[upkeep]\n|upkeep\n|turn|2\n|raw|<div class=\"broadcast-red\"><strong>Moderated chat was set to \u2606!<\/strong><br \/>Only users of rank \u2606 and higher can talk.<\/div>\n|\n|t:|1700413433\n|switch|p2a: Giratina|Giratina-Origin|100\/100\n|move|p1a: Groudon|Stealth Rock|p2a: Giratina\n|-sidestart|p2: Highlord|move: Stealth Rock\n|\n|-weather|SunnyDay|[upkeep]\n|upkeep\n|turn|3\n|\n|t:|1700413440\n|move|p2a: Giratina|Calm Mind|p2a: Giratina\n|-boost|p2a: Giratina|spa|1\n|-boost|p2a: Giratina|spd|1\n|move|p1a: Groudon|Will-O-Wisp|p2a: Giratina\n|-status|p2a: Giratina|brn\n|\n|-weather|SunnyDay|[upkeep]\n|-damage|p2a: Giratina|94\/100 brn|[from] brn\n|upkeep\n|turn|4\n|\n|t:|1700413445\n|move|p2a: Giratina|Shadow Ball|p1a: Groudon\n|-damage|p1a: Groudon|50\/100\n|move|p1a: Groudon|Roar|p2a: Giratina\n|drag|p2a: Arceus|Arceus|100\/100\n|\n|-weather|SunnyDay|[upkeep]\n|-heal|p1a: Groudon|56\/100|[from] item: Leftovers\n|upkeep\n|turn|5\n|\n|t:|1700413453\n|switch|p2a: Giratina|Giratina-Origin|94\/100 brn\n|-damage|p2a: Giratina|82\/100 brn|[from] Stealth Rock\n|switch|p1a: Arceus|Arceus-Water|100\/100\n|-damage|p1a: Arceus|88\/100|[from] Stealth Rock\n|\n|-weather|none\n|-damage|p2a: Giratina|76\/100 brn|[from] brn\n|-fieldend|move: Electric Terrain\n|upkeep\n|turn|6\n|\n|t:|1700413459\n|switch|p2a: Clodsire|Clodsire, M|100\/100\n|move|p1a: Arceus|Calm Mind|p1a: Arceus\n|-boost|p1a: Arceus|spa|1\n|-boost|p1a: Arceus|spd|1\n|\n|upkeep\n|turn|7\n|\n|t:|1700413468\n|switch|p1a: Gliscor|Gliscor, F|100\/100\n|-damage|p1a: Gliscor|88\/100|[from] Stealth Rock\n|move|p2a: Clodsire|Toxic|p1a: Gliscor\n|-status|p1a: Gliscor|tox\n|\n|-heal|p1a: Gliscor|100\/100 tox|[from] ability: Poison Heal\n|upkeep\n|turn|8\n|\n|t:|1700413476\n|switch|p2a: Giratina|Giratina-Origin|76\/100 brn\n|-damage|p2a: Giratina|63\/100 brn|[from] Stealth Rock\n|move|p1a: Gliscor|U-turn|p2a: Giratina\n|-resisted|p2a: Giratina\n|-crit|p2a: Giratina\n|-damage|p2a: Giratina|57\/100 brn\n|\n|t:|1700413483\n|switch|p1a: Miraidon|Miraidon|100\/100|[from] U-turn\n|-fieldstart|move: Electric Terrain|[from] ability: Hadron Engine|[of] p1a: Miraidon\n|\n|-damage|p2a: Giratina|51\/100 brn|[from] brn\n|upkeep\n|turn|9\n|\n|t:|1700413489\n|switch|p2a: Clodsire|Clodsire, M|100\/100\n|move|p1a: Miraidon|Draco Meteor|p2a: Clodsire\n|-damage|p2a: Clodsire|54\/100\n|-unboost|p1a: Miraidon|spa|2\n|\n|upkeep\n|turn|10\n|\n|t:|1700413495\n|move|p1a: Miraidon|U-turn|p2a: Clodsire\n|-resisted|p2a: Clodsire\n|-crit|p2a: Clodsire\n|-damage|p2a: Clodsire|44\/100\n|\n|t:|1700413497\n|switch|p1a: Gliscor|Gliscor, F|100\/100 tox|[from] U-turn\n|-damage|p1a: Gliscor|88\/100 tox|[from] Stealth Rock\n|move|p2a: Clodsire|Recover|p2a: Clodsire\n|-heal|p2a: Clodsire|94\/100\n|\n|-heal|p1a: Gliscor|100\/100 tox|[from] ability: Poison Heal\n|upkeep\n|turn|11\n|\n|t:|1700413504\n|switch|p2a: Dachsbun|Dachsbun, F|100\/100\n|move|p1a: Gliscor|Spikes|p2a: Dachsbun\n|-sidestart|p2: Highlord|Spikes\n|\n|upkeep\n|turn|12\n|\n|t:|1700413509\n|move|p2a: Dachsbun|Wish|p2a: Dachsbun\n|move|p1a: Gliscor|U-turn|p2a: Dachsbun\n|-resisted|p2a: Dachsbun\n|-damage|p2a: Dachsbun|95\/100\n|\n|t:|1700413514\n|switch|p1a: NOOT NOOT|Iron Bundle|100\/100|[from] U-turn\n|-activate|p1a: NOOT NOOT|ability: Quark Drive\n|-start|p1a: NOOT NOOT|quarkdrivespe\n|\n|-fieldend|move: Electric Terrain\n|-end|p1a: NOOT NOOT|Quark Drive\n|upkeep\n|turn|13\n|\n|t:|1700413536\n|switch|p2a: Clodsire|Clodsire, M|94\/100\n|move|p1a: NOOT NOOT|Encore||[still]\n|-fail|p1a: NOOT NOOT\n|\n|-heal|p2a: Clodsire|100\/100|[from] move: Wish|[wisher] Dachsbun\n|upkeep\n|turn|14\n|\n|t:|1700413541\n|-end|p1a: NOOT NOOT|Quark Drive|[silent]\n|switch|p1a: Gliscor|Gliscor, F|100\/100 tox\n|-damage|p1a: Gliscor|88\/100 tox|[from] Stealth Rock\n|move|p2a: Clodsire|Spikes|p1a: Gliscor\n|-sidestart|p1: Exiline|Spikes\n|\n|-heal|p1a: Gliscor|100\/100 tox|[from] ability: Poison Heal\n|upkeep\n|turn|15\n|\n|t:|1700413564\n|switch|p2a: Dachsbun|Dachsbun, F|95\/100\n|move|p1a: Gliscor|U-turn|p2a: Dachsbun\n|-resisted|p2a: Dachsbun\n|-damage|p2a: Dachsbun|90\/100\n|\n|t:|1700413570\n|switch|p1a: NOOT NOOT|Iron Bundle|100\/100|[from] U-turn\n|\n|upkeep\n|turn|16\n|\n|t:|1700413576\n|move|p2a: Dachsbun|Protect|p2a: Dachsbun\n|-singleturn|p2a: Dachsbun|Protect\n|move|p1a: NOOT NOOT|Ice Beam|p2a: Dachsbun\n|-activate|p2a: Dachsbun|move: Protect\n|\n|upkeep\n|turn|17\n|\n|t:|1700413587\n|switch|p2a: Blissey|Blissey, F|87\/100\n|move|p1a: NOOT NOOT|Ice Beam|p2a: Blissey\n|-damage|p2a: Blissey|74\/100\n|\n|upkeep\n|turn|18\n|\n|t:|1700413593\n|-end|p1a: NOOT NOOT|Quark Drive|[silent]\n|switch|p1a: Gliscor|Gliscor, F|100\/100 tox\n|-damage|p1a: Gliscor|88\/100 tox|[from] Stealth Rock\n|move|p2a: Blissey|Heal Bell|p2a: Blissey\n|-activate|p2a: Blissey|move: Heal Bell\n|-curestatus|p2: Giratina|brn|[msg]\n|\n|-heal|p1a: Gliscor|100\/100 tox|[from] ability: Poison Heal\n|upkeep\n|turn|19\n|\n|t:|1700413599\n|move|p1a: Gliscor|U-turn|p2a: Blissey\n|-damage|p2a: Blissey|58\/100\n|\n|t:|1700413605\n|switch|p1a: Arceus|Arceus-Water|88\/100|[from] U-turn\n|-damage|p1a: Arceus|76\/100|[from] Stealth Rock\n|-damage|p1a: Arceus|63\/100|[from] Spikes\n|move|p2a: Blissey|Soft-Boiled|p2a: Blissey\n|-heal|p2a: Blissey|100\/100\n|\n|upkeep\n|turn|20\n|\n|t:|1700413610\n|move|p1a: Arceus|Recover|p1a: Arceus\n|-heal|p1a: Arceus|100\/100\n|move|p2a: Blissey|Seismic Toss|p1a: Arceus\n|-damage|p1a: Arceus|78\/100\n|\n|upkeep\n|turn|21\n|\n|t:|1700413620\n|switch|p1a: Gliscor|Gliscor, F|100\/100 tox\n|-damage|p1a: Gliscor|88\/100 tox|[from] Stealth Rock\n|move|p2a: Blissey|Seismic Toss|p1a: Gliscor\n|-damage|p1a: Gliscor|60\/100 tox\n|\n|-heal|p1a: Gliscor|72\/100 tox|[from] ability: Poison Heal\n|upkeep\n|turn|22\n|\n|t:|1700413627\n|move|p1a: Gliscor|Spikes|p2a: Blissey\n|-sidestart|p2: Highlord|Spikes\n|move|p2a: Blissey|Seismic Toss|p1a: Gliscor\n|-damage|p1a: Gliscor|44\/100 tox\n|\n|-heal|p1a: Gliscor|56\/100 tox|[from] ability: Poison Heal\n|upkeep\n|turn|23\n|\n|t:|1700413632\n|switch|p2a: Giratina|Giratina-Origin|51\/100\n|-damage|p2a: Giratina|38\/100|[from] Stealth Rock\n|move|p1a: Gliscor|Protect||[still]\n|-fail|p1a: Gliscor\n|\n|-heal|p1a: Gliscor|69\/100 tox|[from] ability: Poison Heal\n|upkeep\n|turn|24\n|\n|t:|1700413636\n|move|p2a: Giratina|Rest|p2a: Giratina\n|-status|p2a: Giratina|slp|[from] move: Rest\n|-heal|p2a: Giratina|100\/100 slp|[silent]\n|move|p1a: Gliscor|U-turn|p2a: Giratina\n|-resisted|p2a: Giratina\n|-damage|p2a: Giratina|97\/100 slp\n|\n|t:|1700413640\n|switch|p1a: Miraidon|Miraidon|100\/100|[from] U-turn\n|-fieldstart|move: Electric Terrain|[from] ability: Hadron Engine|[of] p1a: Miraidon\n|\n|upkeep\n|turn|25\n|\n|t:|1700413649\n|switch|p2a: Blissey|Blissey, F|100\/100\n|move|p1a: Miraidon|Draco Meteor|p2a: Blissey|[miss]\n|-miss|p1a: Miraidon|p2a: Blissey\n|\n|upkeep\n|turn|26\n|\n|t:|1700413653\n|move|p1a: Miraidon|U-turn|p2a: Blissey\n|-damage|p2a: Blissey|87\/100\n|\n|t:|1700413655\n|switch|p1a: Gliscor|Gliscor, F|69\/100 tox|[from] U-turn\n|-damage|p1a: Gliscor|56\/100 tox|[from] Stealth Rock\n|move|p2a: Blissey|Seismic Toss|p1a: Gliscor\n|-damage|p1a: Gliscor|28\/100 tox\n|\n|-heal|p1a: Gliscor|40\/100 tox|[from] ability: Poison Heal\n|upkeep\n|turn|27\n|\n|t:|1700413661\n|move|p1a: Gliscor|Protect|p1a: Gliscor\n|-singleturn|p1a: Gliscor|Protect\n|move|p2a: Blissey|Heal Bell|p2a: Blissey\n|-activate|p2a: Blissey|move: Heal Bell\n|-curestatus|p2: Giratina|slp|[msg]\n|\n|-heal|p1a: Gliscor|53\/100 tox|[from] ability: Poison Heal\n|upkeep\n|turn|28\n|\n|t:|1700413667\n|move|p1a: Gliscor|U-turn|p2a: Blissey\n|-damage|p2a: Blissey|71\/100\n|\n|t:|1700413668\n|switch|p1a: Arceus|Arceus-Water|78\/100|[from] U-turn\n|-damage|p1a: Arceus|66\/100|[from] Stealth Rock\n|-damage|p1a: Arceus|53\/100|[from] Spikes\n|move|p2a: Blissey|Seismic Toss|p1a: Arceus\n|-damage|p1a: Arceus|31\/100\n|\n|-fieldend|move: Electric Terrain\n|upkeep\n|turn|29\n|\n|t:|1700413671\n|move|p1a: Arceus|Recover|p1a: Arceus\n|-heal|p1a: Arceus|81\/100\n|move|p2a: Blissey|Seismic Toss|p1a: Arceus\n|-damage|p1a: Arceus|58\/100\n|\n|upkeep\n|turn|30\n|\n|t:|1700413677\n|move|p1a: Arceus|Calm Mind|p1a: Arceus\n|-boost|p1a: Arceus|spa|1\n|-boost|p1a: Arceus|spd|1\n|move|p2a: Blissey|Seismic Toss|p1a: Arceus\n|-damage|p1a: Arceus|35\/100\n|\n|upkeep\n|turn|31\n|\n|t:|1700413679\n|move|p1a: Arceus|Recover|p1a: Arceus\n|-heal|p1a: Arceus|86\/100\n|move|p2a: Blissey|Seismic Toss|p1a: Arceus\n|-damage|p1a: Arceus|63\/100\n|\n|upkeep\n|turn|32\n|\n|t:|1700413686\n|move|p1a: Arceus|Judgment|p2a: Blissey\n|-damage|p2a: Blissey|50\/100\n|move|p2a: Blissey|Seismic Toss|p1a: Arceus\n|-damage|p1a: Arceus|40\/100\n|\n|upkeep\n|turn|33\n|\n|t:|1700413689\n|move|p1a: Arceus|Recover|p1a: Arceus\n|-heal|p1a: Arceus|91\/100\n|move|p2a: Blissey|Soft-Boiled|p2a: Blissey\n|-heal|p2a: Blissey|99\/100\n|\n|upkeep\n|turn|34\n|\n|t:|1700413706\n|switch|p1a: Gliscor|Gliscor, F|53\/100 tox\n|-damage|p1a: Gliscor|40\/100 tox|[from] Stealth Rock\n|switch|p2a: Clodsire|Clodsire, M|100\/100\n|\n|-heal|p1a: Gliscor|53\/100 tox|[from] ability: Poison Heal\n|upkeep\n|turn|35\n|\n|t:|1700413711\n|switch|p2a: Giratina|Giratina-Origin|97\/100\n|-damage|p2a: Giratina|84\/100|[from] Stealth Rock\n|move|p1a: Gliscor|U-turn|p2a: Giratina\n|-resisted|p2a: Giratina\n|-damage|p2a: Giratina|80\/100\n|\n|t:|1700413715\n|switch|p1a: Miraidon|Miraidon|100\/100|[from] U-turn\n|-fieldstart|move: Electric Terrain|[from] ability: Hadron Engine|[of] p1a: Miraidon\n|\n|upkeep\n|turn|36\n|\n|t:|1700413720\n|switch|p2a: Blissey|Blissey, F|99\/100\n|move|p1a: Miraidon|U-turn|p2a: Blissey\n|-damage|p2a: Blissey|86\/100\n|\n|t:|1700413724\n|switch|p1a: NOOT NOOT|Iron Bundle|100\/100|[from] U-turn\n|-activate|p1a: NOOT NOOT|ability: Quark Drive\n|-start|p1a: NOOT NOOT|quarkdrivespe\n|\n|upkeep\n|turn|37\n|\n|t:|1700413730\n|-terastallize|p1a: NOOT NOOT|Ghost\n|move|p1a: NOOT NOOT|Freeze-Dry|p2a: Blissey\n|-damage|p2a: Blissey|74\/100\n|move|p2a: Blissey|Seismic Toss|p1a: NOOT NOOT\n|-immune|p1a: NOOT NOOT\n|\n|upkeep\n|turn|38\n|\n|t:|1700413745\n|switch|p2a: Clodsire|Clodsire, M|100\/100\n|move|p1a: NOOT NOOT|Ice Beam|p2a: Clodsire\n|-supereffective|p2a: Clodsire\n|-damage|p2a: Clodsire|48\/100\n|\n|upkeep\n|turn|39\n|\n|t:|1700413768\n|-end|p1a: NOOT NOOT|Quark Drive|[silent]\n|switch|p1a: Gliscor|Gliscor, F|53\/100 tox\n|-damage|p1a: Gliscor|40\/100 tox|[from] Stealth Rock\n|switch|p2a: Blissey|Blissey, F|74\/100\n|\n|-heal|p1a: Gliscor|53\/100 tox|[from] ability: Poison Heal\n|-fieldend|move: Electric Terrain\n|upkeep\n|turn|40\n|\n|t:|1700413774\n|move|p1a: Gliscor|Earthquake|p2a: Blissey\n|-damage|p2a: Blissey|41\/100\n|move|p2a: Blissey|Soft-Boiled|p2a: Blissey\n|-heal|p2a: Blissey|91\/100\n|\n|-heal|p1a: Gliscor|65\/100 tox|[from] ability: Poison Heal\n|upkeep\n|turn|41\n|\n|t:|1700413779\n|move|p1a: Gliscor|U-turn|p2a: Blissey\n|-damage|p2a: Blissey|74\/100\n|\n|t:|1700413782\n|switch|p1a: NOOT NOOT|Iron Bundle, tera:Ghost|100\/100|[from] U-turn\n|move|p2a: Blissey|Seismic Toss|p1a: NOOT NOOT\n|-immune|p1a: NOOT NOOT\n|\n|upkeep\n|turn|42\n|\n|t:|1700413787\n|move|p1a: NOOT NOOT|Freeze-Dry|p2a: Blissey\n|-damage|p2a: Blissey|64\/100\n|move|p2a: Blissey|Soft-Boiled|p2a: Blissey\n|-heal|p2a: Blissey|100\/100\n|\n|upkeep\n|turn|43\n|\n|t:|1700413791\n|switch|p2a: Arceus|Arceus|100\/100\n|move|p1a: NOOT NOOT|Freeze-Dry|p2a: Arceus\n|-damage|p2a: Arceus|79\/100\n|\n|upkeep\n|turn|44\n|\n|t:|1700413802\n|-end|p1a: NOOT NOOT|Quark Drive|[silent]\n|switch|p1a: Arceus|Arceus-Water|91\/100\n|-damage|p1a: Arceus|78\/100|[from] Stealth Rock\n|-damage|p1a: Arceus|66\/100|[from] Spikes\n|move|p2a: Arceus|Earthquake|p1a: Arceus\n|-damage|p1a: Arceus|45\/100\n|\n|upkeep\n|turn|45\n|\n|t:|1700413811\n|move|p2a: Arceus|Swords Dance|p2a: Arceus\n|-boost|p2a: Arceus|atk|2\n|move|p1a: Arceus|Recover|p1a: Arceus\n|-heal|p1a: Arceus|95\/100\n|\n|upkeep\n|turn|46\n|\n|t:|1700413817\n|move|p2a: Arceus|Extreme Speed|p1a: Arceus\n|-damage|p1a: Arceus|49\/100\n|move|p1a: Arceus|Roar|p2a: Arceus\n|drag|p2a: Dachsbun|Dachsbun, F|90\/100\n|\n|upkeep\n|turn|47\n|\n|t:|1700413826\n|move|p1a: Arceus|Recover|p1a: Arceus\n|-heal|p1a: Arceus|99\/100\n|move|p2a: Dachsbun|Roar|p1a: Arceus\n|drag|p1a: NOOT NOOT|Iron Bundle, tera:Ghost|100\/100\n|\n|upkeep\n|turn|48\n|\n|t:|1700413832\n|move|p2a: Dachsbun|Protect|p2a: Dachsbun\n|-singleturn|p2a: Dachsbun|Protect\n|move|p1a: NOOT NOOT|Ice Beam|p2a: Dachsbun\n|-activate|p2a: Dachsbun|move: Protect\n|\n|upkeep\n|turn|49\n|inactive|Highlord has 270 seconds left.\n|inactive|Highlord has 240 seconds left.\n|\n|t:|1700413894\n|move|p1a: NOOT NOOT|Encore|p2a: Dachsbun\n|-start|p2a: Dachsbun|Encore\n|move|p2a: Dachsbun|Protect||[still]\n|-fail|p2a: Dachsbun\n|\n|upkeep\n|turn|50\n|\n|t:|1700413899\n|switch|p2a: Blissey|Blissey, F|100\/100\n|move|p1a: NOOT NOOT|Freeze-Dry|p2a: Blissey\n|-damage|p2a: Blissey|89\/100\n|\n|upkeep\n|turn|51\n|inactive|Highlord has 240 seconds left.\n|inactive|Highlord has 210 seconds left.\n|\n|t:|1700413977\n|switch|p2a: Arceus|Arceus|79\/100\n|move|p1a: NOOT NOOT|Freeze-Dry|p2a: Arceus\n|-damage|p2a: Arceus|53\/100\n|\n|upkeep\n|turn|52\n|\n|t:|1700413982\n|move|p1a: NOOT NOOT|Ice Beam|p2a: Arceus\n|-damage|p2a: Arceus|20\/100\n|move|p2a: Arceus|Recover|p2a: Arceus\n|-heal|p2a: Arceus|70\/100\n|\n|upkeep\n|turn|53\n|\n|t:|1700413989\n|move|p1a: NOOT NOOT|Freeze-Dry|p2a: Arceus\n|-damage|p2a: Arceus|45\/100\n|-status|p2a: Arceus|frz\n|cant|p2a: Arceus|frz\n|\n|upkeep\n|turn|54\n|\n|t:|1700414002\n|-end|p1a: NOOT NOOT|Quark Drive|[silent]\n|switch|p1a: Miraidon|Miraidon|100\/100\n|-fieldstart|move: Electric Terrain|[from] ability: Hadron Engine|[of] p1a: Miraidon\n|switch|p2a: Blissey|Blissey, F|89\/100\n|\n|upkeep\n|turn|55\n|\n|t:|1700414004\n|move|p1a: Miraidon|Taunt|p2a: Blissey\n|-start|p2a: Blissey|move: Taunt\n|move|p2a: Blissey|Seismic Toss|p1a: Miraidon\n|-damage|p1a: Miraidon|71\/100\n|\n|upkeep\n|turn|56\n|\n|t:|1700414009\n|move|p1a: Miraidon|U-turn|p2a: Blissey\n|-damage|p2a: Blissey|75\/100\n|\n|t:|1700414015\n|switch|p1a: NOOT NOOT|Iron Bundle, tera:Ghost|100\/100|[from] U-turn\n|-activate|p1a: NOOT NOOT|ability: Quark Drive\n|-start|p1a: NOOT NOOT|quarkdrivespe\n|move|p2a: Blissey|Seismic Toss|p1a: NOOT NOOT\n|-immune|p1a: NOOT NOOT\n|\n|upkeep\n|turn|57\n|inactive|Highlord has 240 seconds left.\n|\n|t:|1700414022\n|switch|p2a: Dachsbun|Dachsbun, F|90\/100\n|move|p1a: NOOT NOOT|Ice Beam|p2a: Dachsbun\n|-damage|p2a: Dachsbun|31\/100\n|\n|upkeep\n|turn|58\n|\n|t:|1700414026\n|move|p2a: Dachsbun|Protect|p2a: Dachsbun\n|-singleturn|p2a: Dachsbun|Protect\n|move|p1a: NOOT NOOT|Freeze-Dry|p2a: Dachsbun\n|-activate|p2a: Dachsbun|move: Protect\n|\n|-fieldend|move: Electric Terrain\n|-end|p1a: NOOT NOOT|Quark Drive\n|upkeep\n|turn|59\n|\n|t:|1700414034\n|switch|p2a: Blissey|Blissey, F|75\/100\n|move|p1a: NOOT NOOT|Freeze-Dry|p2a: Blissey\n|-damage|p2a: Blissey|65\/100\n|\n|upkeep\n|turn|60\n|\n|t:|1700414041\n|move|p1a: NOOT NOOT|Freeze-Dry|p2a: Blissey\n|-damage|p2a: Blissey|54\/100\n|move|p2a: Blissey|Heal Bell|p2a: Blissey\n|-activate|p2a: Blissey|move: Heal Bell\n|-curestatus|p2: Arceus|frz|[msg]\n|\n|upkeep\n|turn|61\n|\n|t:|1700414045\n|move|p1a: NOOT NOOT|Encore|p2a: Blissey\n|-start|p2a: Blissey|Encore\n|move|p2a: Blissey|Heal Bell||[still]\n|-activate|p2a: Blissey|move: Heal Bell\n|-fail|p2a: Blissey\n|\n|upkeep\n|turn|62\n|\n|t:|1700414051\n|switch|p2a: Dachsbun|Dachsbun, F|31\/100\n|move|p1a: NOOT NOOT|Freeze-Dry|p2a: Dachsbun\n|-damage|p2a: Dachsbun|0 fnt\n|faint|p2a: Dachsbun\n|\n|upkeep\n|\n|t:|1700414054\n|switch|p2a: Clodsire|Clodsire, M|48\/100\n|turn|63\n|\n|t:|1700414059\n|-end|p1a: NOOT NOOT|Quark Drive|[silent]\n|switch|p1a: Gliscor|Gliscor, F|65\/100 tox\n|-damage|p1a: Gliscor|53\/100 tox|[from] Stealth Rock\n|-terastallize|p2a: Clodsire|Steel\n|move|p2a: Clodsire|Recover|p2a: Clodsire\n|-heal|p2a: Clodsire|98\/100\n|\n|-heal|p1a: Gliscor|65\/100 tox|[from] ability: Poison Heal\n|upkeep\n|turn|64\n|\n|t:|1700414084\n|switch|p2a: Giratina|Giratina-Origin|80\/100\n|-damage|p2a: Giratina|68\/100|[from] Stealth Rock\n|move|p1a: Gliscor|Earthquake|p2a: Giratina\n|-immune|p2a: Giratina|[from] ability: Levitate\n|\n|-heal|p1a: Gliscor|78\/100 tox|[from] ability: Poison Heal\n|upkeep\n|turn|65\n|\n|t:|1700414089\n|move|p2a: Giratina|Calm Mind|p2a: Giratina\n|-boost|p2a: Giratina|spa|1\n|-boost|p2a: Giratina|spd|1\n|move|p1a: Gliscor|U-turn|p2a: Giratina\n|-resisted|p2a: Giratina\n|-damage|p2a: Giratina|64\/100\n|\n|t:|1700414095\n|switch|p1a: NOOT NOOT|Iron Bundle, tera:Ghost|100\/100|[from] U-turn\n|\n|upkeep\n|turn|66\n|\n|t:|1700414110\n|switch|p2a: Clodsire|Clodsire, M, tera:Steel|98\/100\n|move|p1a: NOOT NOOT|Encore||[still]\n|-fail|p1a: NOOT NOOT\n|\n|upkeep\n|turn|67\n|\n|t:|1700414118\n|-end|p1a: NOOT NOOT|Quark Drive|[silent]\n|switch|p1a: Gliscor|Gliscor, F|78\/100 tox\n|-damage|p1a: Gliscor|65\/100 tox|[from] Stealth Rock\n|move|p2a: Clodsire|Spikes|p1a: Gliscor\n|-sidestart|p1: Exiline|Spikes\n|\n|-heal|p1a: Gliscor|78\/100 tox|[from] ability: Poison Heal\n|upkeep\n|turn|68\n|\n|t:|1700414142\n|switch|p2a: Giratina|Giratina-Origin|64\/100\n|-damage|p2a: Giratina|51\/100|[from] Stealth Rock\n|move|p1a: Gliscor|U-turn|p2a: Giratina\n|-resisted|p2a: Giratina\n|-damage|p2a: Giratina|47\/100\n|\n|t:|1700414149\n|switch|p1a: Miraidon|Miraidon|71\/100|[from] U-turn\n|-fieldstart|move: Electric Terrain|[from] ability: Hadron Engine|[of] p1a: Miraidon\n|\n|upkeep\n|turn|69\n|inactive|Highlord has 270 seconds left.\n|\n|t:|1700414199\n|switch|p2a: Clodsire|Clodsire, M, tera:Steel|98\/100\n|move|p1a: Miraidon|Draco Meteor|p2a: Clodsire\n|-resisted|p2a: Clodsire\n|-damage|p2a: Clodsire|72\/100\n|-unboost|p1a: Miraidon|spa|2\n|\n|upkeep\n|turn|70\n|\n|t:|1700414207\n|move|p1a: Miraidon|U-turn|p2a: Clodsire\n|-resisted|p2a: Clodsire\n|-damage|p2a: Clodsire|65\/100\n|\n|t:|1700414210\n|switch|p1a: Gliscor|Gliscor, F|78\/100 tox|[from] U-turn\n|-damage|p1a: Gliscor|65\/100 tox|[from] Stealth Rock\n|move|p2a: Clodsire|Recover|p2a: Clodsire\n|-heal|p2a: Clodsire|100\/100\n|\n|-heal|p1a: Gliscor|78\/100 tox|[from] ability: Poison Heal\n|upkeep\n|turn|71\n|\n|t:|1700414220\n|move|p1a: Gliscor|Earthquake|p2a: Clodsire\n|-supereffective|p2a: Clodsire\n|-damage|p2a: Clodsire|28\/100\n|move|p2a: Clodsire|Earthquake|p1a: Gliscor\n|-immune|p1a: Gliscor\n|\n|-heal|p1a: Gliscor|90\/100 tox|[from] ability: Poison Heal\n|upkeep\n|turn|72\n|\n|t:|1700414226\n|switch|p2a: Giratina|Giratina-Origin|47\/100\n|-damage|p2a: Giratina|35\/100|[from] Stealth Rock\n|move|p1a: Gliscor|Earthquake|p2a: Giratina\n|-immune|p2a: Giratina|[from] ability: Levitate\n|\n|-heal|p1a: Gliscor|100\/100 tox|[from] ability: Poison Heal\n|-fieldend|move: Electric Terrain\n|upkeep\n|turn|73\n|\n|t:|1700414230\n|move|p2a: Giratina|Rest|p2a: Giratina\n|-status|p2a: Giratina|slp|[from] move: Rest\n|-heal|p2a: Giratina|100\/100 slp|[silent]\n|move|p1a: Gliscor|U-turn|p2a: Giratina\n|-resisted|p2a: Giratina\n|-damage|p2a: Giratina|96\/100 slp\n|\n|t:|1700414236\n|switch|p1a: Miraidon|Miraidon|71\/100|[from] U-turn\n|-fieldstart|move: Electric Terrain|[from] ability: Hadron Engine|[of] p1a: Miraidon\n|\n|upkeep\n|turn|74\n|inactive|Highlord has 270 seconds left.\n|inactive|Highlord has 240 seconds left.\n|inactive|Highlord has 210 seconds left.\n|inactive|Highlord has 180 seconds left.\n|\n|t:|1700414349\n|move|p1a: Miraidon|Electro Drift|p2a: Giratina\n|-resisted|p2a: Giratina\n|-damage|p2a: Giratina|65\/100 slp\n|cant|p2a: Giratina|slp\n|\n|upkeep\n|turn|75\n|inactive|Highlord has 180 seconds left.\n|\n|t:|1700414359\n|move|p1a: Miraidon|Electro Drift|p2a: Giratina\n|-resisted|p2a: Giratina\n|-damage|p2a: Giratina|36\/100 slp\n|cant|p2a: Giratina|slp\n|\n|upkeep\n|turn|76\n|inactive|Highlord has 180 seconds left.\n|inactive|Exiline has 270 seconds left.\n|\n|t:|1700414400\n|move|p1a: Miraidon|Draco Meteor|p2a: Giratina\n|-supereffective|p2a: Giratina\n|-damage|p2a: Giratina|0 fnt\n|-unboost|p1a: Miraidon|spa|2\n|faint|p2a: Giratina\n|\n|upkeep\n|\n|t:|1700414403\n|switch|p2a: Blissey|Blissey, F|54\/100\n|turn|77\n|\n|t:|1700414405\n|move|p1a: Miraidon|U-turn|p2a: Blissey\n|-crit|p2a: Blissey\n|-damage|p2a: Blissey|35\/100\n|\n|t:|1700414407\n|switch|p1a: NOOT NOOT|Iron Bundle, tera:Ghost|100\/100|[from] U-turn\n|-activate|p1a: NOOT NOOT|ability: Quark Drive\n|-start|p1a: NOOT NOOT|quarkdrivespe\n|move|p2a: Blissey|Soft-Boiled|p2a: Blissey\n|-heal|p2a: Blissey|85\/100\n|\n|-fieldend|move: Electric Terrain\n|-end|p1a: NOOT NOOT|Quark Drive\n|upkeep\n|turn|78\n|\n|t:|1700414418\n|-end|p1a: NOOT NOOT|Quark Drive|[silent]\n|switch|p1a: Gliscor|Gliscor, F|100\/100 tox\n|-damage|p1a: Gliscor|88\/100 tox|[from] Stealth Rock\n|switch|p2a: Clodsire|Clodsire, M, tera:Steel|28\/100\n|\n|-heal|p1a: Gliscor|100\/100 tox|[from] ability: Poison Heal\n|upkeep\n|turn|79\n|\n|t:|1700414428\n|switch|p2a: Arceus|Arceus|45\/100\n|move|p1a: Gliscor|Earthquake|p2a: Arceus\n|-damage|p2a: Arceus|24\/100\n|\n|upkeep\n|turn|80\n|\n|t:|1700414433\n|move|p2a: Arceus|Recover|p2a: Arceus\n|-heal|p2a: Arceus|75\/100\n|move|p1a: Gliscor|U-turn|p2a: Arceus\n|-damage|p2a: Arceus|64\/100\n|\n|t:|1700414436\n|switch|p1a: NOOT NOOT|Iron Bundle, tera:Ghost|100\/100|[from] U-turn\n|\n|upkeep\n|turn|81\n|inactive|Highlord has 210 seconds left.\n|\n|t:|1700414447\n|move|p1a: NOOT NOOT|Ice Beam|p2a: Arceus\n|-damage|p2a: Arceus|34\/100\n|move|p2a: Arceus|Recover|p2a: Arceus\n|-heal|p2a: Arceus|84\/100\n|\n|upkeep\n|turn|82\n|\n|t:|1700414451\n|-end|p1a: NOOT NOOT|Quark Drive|[silent]\n|switch|p1a: Gliscor|Gliscor, F|100\/100 tox\n|-damage|p1a: Gliscor|88\/100 tox|[from] Stealth Rock\n|switch|p2a: Clodsire|Clodsire, M, tera:Steel|28\/100\n|\n|-heal|p1a: Gliscor|100\/100 tox|[from] ability: Poison Heal\n|upkeep\n|turn|83\n|inactive|Highlord has 210 seconds left.\n|inactive|Highlord has 180 seconds left.\n|\n|t:|1700414503\n|switch|p2a: Arceus|Arceus|84\/100\n|move|p1a: Gliscor|Earthquake|p2a: Arceus\n|-damage|p2a: Arceus|62\/100\n|\n|upkeep\n|turn|84\n|inactive|Highlord has 180 seconds left.\n|\n|t:|1700414521\n|move|p2a: Arceus|Recover|p2a: Arceus\n|-heal|p2a: Arceus|100\/100\n|move|p1a: Gliscor|Earthquake|p2a: Arceus\n|-damage|p2a: Arceus|80\/100\n|\n|upkeep\n|turn|85\n|\n|t:|1700414525\n|move|p2a: Arceus|Swords Dance|p2a: Arceus\n|-boost|p2a: Arceus|atk|2\n|move|p1a: Gliscor|U-turn|p2a: Arceus\n|-damage|p2a: Arceus|70\/100\n|\n|t:|1700414528\n|switch|p1a: NOOT NOOT|Iron Bundle, tera:Ghost|100\/100|[from] U-turn\n|\n|upkeep\n|turn|86\n|\n|t:|1700414532\n|switch|p2a: Clodsire|Clodsire, M, tera:Steel|28\/100\n|move|p1a: NOOT NOOT|Encore||[still]\n|-fail|p1a: NOOT NOOT\n|\n|upkeep\n|turn|87\n|\n|t:|1700414538\n|-end|p1a: NOOT NOOT|Quark Drive|[silent]\n|switch|p1a: Groudon|Groudon|56\/100\n|-damage|p1a: Groudon|50\/100|[from] Stealth Rock\n|-damage|p1a: Groudon|33\/100|[from] Spikes\n|-weather|SunnyDay|[from] ability: Drought|[of] p1a: Groudon\n|move|p2a: Clodsire|Recover|p2a: Clodsire\n|-heal|p2a: Clodsire|78\/100\n|\n|-weather|SunnyDay|[upkeep]\n|-heal|p1a: Groudon|39\/100|[from] item: Leftovers\n|upkeep\n|turn|88\n|\n|t:|1700414544\n|switch|p2a: Dondozo|Dondozo, M|100\/100\n|move|p1a: Groudon|Precipice Blades|p2a: Dondozo\n|-damage|p2a: Dondozo|76\/100\n|\n|-weather|SunnyDay|[upkeep]\n|-heal|p1a: Groudon|46\/100|[from] item: Leftovers\n|upkeep\n|turn|89\n|\n|t:|1700414552\n|move|p1a: Groudon|Precipice Blades|p2a: Dondozo\n|-damage|p2a: Dondozo|51\/100\n|move|p2a: Dondozo|Avalanche|p1a: Groudon\n|-supereffective|p1a: Groudon\n|-damage|p1a: Groudon|18\/100\n|\n|-weather|SunnyDay|[upkeep]\n|-heal|p1a: Groudon|24\/100|[from] item: Leftovers\n|upkeep\n|turn|90\n|\n|t:|1700414560\n|move|p1a: Groudon|Will-O-Wisp|p2a: Dondozo|[miss]\n|-miss|p1a: Groudon|p2a: Dondozo\n|move|p2a: Dondozo|Rest|p2a: Dondozo\n|-status|p2a: Dondozo|slp|[from] move: Rest\n|-heal|p2a: Dondozo|100\/100 slp|[silent]\n|\n|-weather|SunnyDay|[upkeep]\n|-heal|p1a: Groudon|30\/100|[from] item: Leftovers\n|upkeep\n|turn|91\n|\n|t:|1700414565\n|switch|p1a: Arceus|Arceus-Water|99\/100\n|-damage|p1a: Arceus|87\/100|[from] Stealth Rock\n|-damage|p1a: Arceus|70\/100|[from] Spikes\n|cant|p2a: Dondozo|slp\n|move|p2a: Dondozo|Sleep Talk|p2a: Dondozo\n|move|p2a: Dondozo|Body Press|p1a: Arceus|[from]move: Sleep Talk\n|-damage|p1a: Arceus|56\/100\n|\n|-weather|none\n|upkeep\n|turn|92\n|inactive|Highlord has 240 seconds left.\n|\n|t:|1700414572\n|move|p1a: Arceus|Recover|p1a: Arceus\n|-heal|p1a: Arceus|100\/100\n|cant|p2a: Dondozo|slp\n|move|p2a: Dondozo|Sleep Talk|p2a: Dondozo\n|move|p2a: Dondozo|Avalanche|p1a: Arceus|[from]move: Sleep Talk\n|-resisted|p1a: Arceus\n|-damage|p1a: Arceus|97\/100\n|\n|upkeep\n|turn|93\n|\n|t:|1700414582\n|switch|p2a: Clodsire|Clodsire, M, tera:Steel|78\/100\n|move|p1a: Arceus|Judgment|p2a: Clodsire\n|-heal|p2a: Clodsire|100\/100|[from] ability: Water Absorb|[of] p1a: Arceus\n|\n|upkeep\n|turn|94\n|\n|t:|1700414590\n|switch|p1a: Gliscor|Gliscor, F|100\/100 tox\n|-damage|p1a: Gliscor|88\/100 tox|[from] Stealth Rock\n|move|p2a: Clodsire|Spikes|p1a: Gliscor\n|-sidestart|p1: Exiline|Spikes\n|\n|-heal|p1a: Gliscor|100\/100 tox|[from] ability: Poison Heal\n|upkeep\n|turn|95\n|\n|t:|1700414597\n|switch|p2a: Arceus|Arceus|70\/100\n|move|p1a: Gliscor|Spikes|p2a: Arceus\n|-sidestart|p2: Highlord|Spikes\n|\n|upkeep\n|turn|96\n|inactive|Highlord has 240 seconds left.\n|\n|t:|1700414627\n|move|p2a: Arceus|Swords Dance|p2a: Arceus\n|-boost|p2a: Arceus|atk|2\n|move|p1a: Gliscor|U-turn|p2a: Arceus\n|-damage|p2a: Arceus|59\/100\n|\n|t:|1700414631\n|switch|p1a: NOOT NOOT|Iron Bundle, tera:Ghost|100\/100|[from] U-turn\n|\n|upkeep\n|turn|97\n|\n|t:|1700414638\n|-end|p1a: NOOT NOOT|Quark Drive|[silent]\n|switch|p1a: Gliscor|Gliscor, F|100\/100 tox\n|-damage|p1a: Gliscor|88\/100 tox|[from] Stealth Rock\n|switch|p2a: Clodsire|Clodsire, M, tera:Steel|100\/100\n|\n|-heal|p1a: Gliscor|100\/100 tox|[from] ability: Poison Heal\n|upkeep\n|turn|98\n|inactive|Highlord has 240 seconds left.\n|\n|t:|1700414682\n|switch|p2a: Blissey|Blissey, F|85\/100\n|move|p1a: Gliscor|U-turn|p2a: Blissey\n|-damage|p2a: Blissey|68\/100\n|\n|t:|1700414688\n|switch|p1a: Miraidon|Miraidon|71\/100|[from] U-turn\n|-fieldstart|move: Electric Terrain|[from] ability: Hadron Engine|[of] p1a: Miraidon\n|\n|upkeep\n|turn|99\n|\n|t:|1700414694\n|move|p1a: Miraidon|U-turn|p2a: Blissey\n|-damage|p2a: Blissey|55\/100\n|\n|t:|1700414697\n|switch|p1a: NOOT NOOT|Iron Bundle, tera:Ghost|100\/100|[from] U-turn\n|-activate|p1a: NOOT NOOT|ability: Quark Drive\n|-start|p1a: NOOT NOOT|quarkdrivespe\n|move|p2a: Blissey|Seismic Toss|p1a: NOOT NOOT\n|-immune|p1a: NOOT NOOT\n|\n|upkeep\n|turn|100\n|inactive|Highlord has 240 seconds left.\n|\n|t:|1700414704\n|switch|p2a: Clodsire|Clodsire, M, tera:Steel|100\/100\n|move|p1a: NOOT NOOT|Freeze-Dry|p2a: Clodsire\n|-resisted|p2a: Clodsire\n|-damage|p2a: Clodsire|91\/100\n|\n|upkeep\n|turn|101\n|\n|t:|1700414712\n|-end|p1a: NOOT NOOT|Quark Drive|[silent]\n|switch|p1a: Gliscor|Gliscor, F|100\/100 tox\n|-damage|p1a: Gliscor|88\/100 tox|[from] Stealth Rock\n|switch|p2a: Blissey|Blissey, F|55\/100\n|\n|-heal|p1a: Gliscor|100\/100 tox|[from] ability: Poison Heal\n|upkeep\n|turn|102\n|\n|t:|1700414716\n|move|p1a: Gliscor|U-turn|p2a: Blissey\n|-damage|p2a: Blissey|40\/100\n|\n|t:|1700414718\n|switch|p1a: NOOT NOOT|Iron Bundle, tera:Ghost|100\/100|[from] U-turn\n|-activate|p1a: NOOT NOOT|ability: Quark Drive\n|-start|p1a: NOOT NOOT|quarkdrivespe\n|move|p2a: Blissey|Soft-Boiled|p2a: Blissey\n|-heal|p2a: Blissey|90\/100\n|\n|-fieldend|move: Electric Terrain\n|-end|p1a: NOOT NOOT|Quark Drive\n|upkeep\n|turn|103\n|\n|t:|1700414726\n|switch|p2a: Clodsire|Clodsire, M, tera:Steel|91\/100\n|move|p1a: NOOT NOOT|Freeze-Dry|p2a: Clodsire\n|-resisted|p2a: Clodsire\n|-damage|p2a: Clodsire|82\/100\n|\n|upkeep\n|turn|104\n|\n|t:|1700414730\n|-end|p1a: NOOT NOOT|Quark Drive|[silent]\n|switch|p1a: Gliscor|Gliscor, F|100\/100 tox\n|-damage|p1a: Gliscor|88\/100 tox|[from] Stealth Rock\n|switch|p2a: Arceus|Arceus|59\/100\n|\n|-heal|p1a: Gliscor|100\/100 tox|[from] ability: Poison Heal\n|upkeep\n|turn|105\n|\n|t:|1700414736\n|move|p2a: Arceus|Recover|p2a: Arceus\n|-heal|p2a: Arceus|100\/100\n|move|p1a: Gliscor|Earthquake|p2a: Arceus\n|-damage|p2a: Arceus|80\/100\n|\n|upkeep\n|turn|106\n|\n|t:|1700414739\n|move|p2a: Arceus|Swords Dance|p2a: Arceus\n|-boost|p2a: Arceus|atk|2\n|move|p1a: Gliscor|U-turn|p2a: Arceus\n|-damage|p2a: Arceus|69\/100\n|\n|t:|1700414742\n|switch|p1a: NOOT NOOT|Iron Bundle, tera:Ghost|100\/100|[from] U-turn\n|\n|upkeep\n|turn|107\n|\n|t:|1700414747\n|move|p2a: Arceus|Extreme Speed|p1a: NOOT NOOT\n|-immune|p1a: NOOT NOOT\n|move|p1a: NOOT NOOT|Encore|p2a: Arceus\n|-start|p2a: Arceus|Encore\n|\n|upkeep\n|turn|108\n|\n|t:|1700414760\n|-end|p1a: NOOT NOOT|Quark Drive|[silent]\n|switch|p1a: Gliscor|Gliscor, F|100\/100 tox\n|-damage|p1a: Gliscor|88\/100 tox|[from] Stealth Rock\n|switch|p2a: Clodsire|Clodsire, M, tera:Steel|82\/100\n|\n|-heal|p1a: Gliscor|100\/100 tox|[from] ability: Poison Heal\n|upkeep\n|turn|109\n|\n|t:|1700414764\n|switch|p2a: Arceus|Arceus|69\/100\n|move|p1a: Gliscor|Earthquake|p2a: Arceus\n|-crit|p2a: Arceus\n|-damage|p2a: Arceus|34\/100\n|\n|upkeep\n|turn|110\n|\n|t:|1700414769\n|move|p2a: Arceus|Recover|p2a: Arceus\n|-heal|p2a: Arceus|84\/100\n|move|p1a: Gliscor|Earthquake|p2a: Arceus\n|-damage|p2a: Arceus|62\/100\n|\n|upkeep\n|turn|111\n|\n|t:|1700414779\n|move|p2a: Arceus|Swords Dance|p2a: Arceus\n|-boost|p2a: Arceus|atk|2\n|move|p1a: Gliscor|U-turn|p2a: Arceus\n|-damage|p2a: Arceus|51\/100\n|\n|t:|1700414793\n|switch|p1a: Arceus|Arceus-Water|97\/100|[from] U-turn\n|-damage|p1a: Arceus|84\/100|[from] Stealth Rock\n|-damage|p1a: Arceus|59\/100|[from] Spikes\n|\n|upkeep\n|turn|112\n|\n|t:|1700414797\n|move|p2a: Arceus|Extreme Speed|p1a: Arceus\n|-damage|p1a: Arceus|12\/100\n|move|p1a: Arceus|Recover|p1a: Arceus\n|-heal|p1a: Arceus|63\/100\n|\n|upkeep\n|turn|113\n|\n|t:|1700414801\n|move|p2a: Arceus|Earthquake|p1a: Arceus\n|-damage|p1a: Arceus|25\/100\n|move|p1a: Arceus|Judgment|p2a: Arceus\n|-damage|p2a: Arceus|19\/100\n|\n|upkeep\n|turn|114\n|\n|t:|1700414811\n|move|p2a: Arceus|Recover|p2a: Arceus\n|-heal|p2a: Arceus|69\/100\n|move|p1a: Arceus|Judgment|p2a: Arceus\n|-damage|p2a: Arceus|34\/100\n|\n|upkeep\n|turn|115\n|\n|t:|1700414817\n|move|p2a: Arceus|Earthquake|p1a: Arceus\n|-damage|p1a: Arceus|0 fnt\n|faint|p1a: Arceus\n|\n|upkeep\n|\n|t:|1700414826\n|switch|p1a: Gliscor|Gliscor, F|100\/100 tox\n|-damage|p1a: Gliscor|88\/100 tox|[from] Stealth Rock\n|turn|116\n|\n|t:|1700414834\n|move|p2a: Arceus|Recover|p2a: Arceus\n|-heal|p2a: Arceus|84\/100\n|move|p1a: Gliscor|U-turn|p2a: Arceus\n|-damage|p2a: Arceus|74\/100\n|\n|t:|1700414837\n|switch|p1a: NOOT NOOT|Iron Bundle, tera:Ghost|100\/100|[from] U-turn\n|\n|upkeep\n|turn|117\n|\n|t:|1700414843\n|-end|p1a: NOOT NOOT|Quark Drive|[silent]\n|switch|p1a: Gliscor|Gliscor, F|88\/100 tox\n|-damage|p1a: Gliscor|75\/100 tox|[from] Stealth Rock\n|move|p2a: Arceus|Earthquake|p1a: Gliscor\n|-immune|p1a: Gliscor\n|\n|-heal|p1a: Gliscor|88\/100 tox|[from] ability: Poison Heal\n|upkeep\n|turn|118\n|\n|t:|1700414849\n|move|p1a: Gliscor|Protect|p1a: Gliscor\n|-singleturn|p1a: Gliscor|Protect\n|move|p2a: Arceus|Extreme Speed|p1a: Gliscor\n|-activate|p1a: Gliscor|move: Protect\n|\n|-heal|p1a: Gliscor|100\/100 tox|[from] ability: Poison Heal\n|upkeep\n|turn|119\n|\n|t:|1700414858\n|switch|p1a: Groudon|Groudon|30\/100\n|-damage|p1a: Groudon|24\/100|[from] Stealth Rock\n|-damage|p1a: Groudon|0 fnt|[from] Spikes\n|faint|p1a: Groudon\n|move|p2a: Arceus|Extreme Speed|p1: Groudon|[notarget]\n|-fail|p2a: Arceus\n|\n|upkeep\n|\n|t:|1700414863\n|switch|p1a: NOOT NOOT|Iron Bundle, tera:Ghost|100\/100\n|turn|120\n|\n|t:|1700414873\n|move|p1a: NOOT NOOT|Encore|p2a: Arceus\n|-start|p2a: Arceus|Encore\n|move|p2a: Arceus|Extreme Speed|p1a: NOOT NOOT\n|-immune|p1a: NOOT NOOT\n|\n|upkeep\n|turn|121\n|\n|t:|1700414878\n|switch|p2a: Clodsire|Clodsire, M, tera:Steel|82\/100\n|move|p1a: NOOT NOOT|Ice Beam|p2a: Clodsire\n|-resisted|p2a: Clodsire\n|-damage|p2a: Clodsire|69\/100\n|\n|upkeep\n|turn|122\n|\n|t:|1700414885\n|-end|p1a: NOOT NOOT|Quark Drive|[silent]\n|switch|p1a: Gliscor|Gliscor, F|100\/100 tox\n|-damage|p1a: Gliscor|88\/100 tox|[from] Stealth Rock\n|switch|p2a: Dondozo|Dondozo, M|100\/100 slp\n|\n|-heal|p1a: Gliscor|100\/100 tox|[from] ability: Poison Heal\n|upkeep\n|turn|123\n|\n|t:|1700414891\n|move|p1a: Gliscor|U-turn|p2a: Dondozo\n|-damage|p2a: Dondozo|94\/100 slp\n|\n|t:|1700414893\n|switch|p1a: NOOT NOOT|Iron Bundle, tera:Ghost|100\/100|[from] U-turn\n|-curestatus|p2a: Dondozo|slp|[msg]\n|move|p2a: Dondozo|Avalanche|p1a: NOOT NOOT\n|-damage|p1a: NOOT NOOT|83\/100\n|\n|upkeep\n|turn|124\n|\n|t:|1700414903\n|-end|p1a: NOOT NOOT|Quark Drive|[silent]\n|switch|p1a: Gliscor|Gliscor, F|100\/100 tox\n|-damage|p1a: Gliscor|88\/100 tox|[from] Stealth Rock\n|switch|p2a: Clodsire|Clodsire, M, tera:Steel|69\/100\n|\n|-heal|p1a: Gliscor|100\/100 tox|[from] ability: Poison Heal\n|upkeep\n|turn|125\n|\n|t:|1700414907\n|switch|p2a: Dondozo|Dondozo, M|94\/100\n|move|p1a: Gliscor|U-turn|p2a: Dondozo\n|-damage|p2a: Dondozo|87\/100\n|\n|t:|1700414909\n|switch|p1a: Miraidon|Miraidon|71\/100|[from] U-turn\n|-fieldstart|move: Electric Terrain|[from] ability: Hadron Engine|[of] p1a: Miraidon\n|\n|upkeep\n|turn|126\n|\n|t:|1700414913\n|switch|p2a: Blissey|Blissey, F|90\/100\n|move|p1a: Miraidon|Electro Drift|p2a: Blissey\n|-damage|p2a: Blissey|63\/100\n|\n|upkeep\n|turn|127\n|\n|t:|1700414918\n|move|p1a: Miraidon|U-turn|p2a: Blissey\n|-damage|p2a: Blissey|50\/100\n|\n|t:|1700414920\n|switch|p1a: NOOT NOOT|Iron Bundle, tera:Ghost|83\/100|[from] U-turn\n|-activate|p1a: NOOT NOOT|ability: Quark Drive\n|-start|p1a: NOOT NOOT|quarkdrivespe\n|move|p2a: Blissey|Seismic Toss|p1a: NOOT NOOT\n|-immune|p1a: NOOT NOOT\n|\n|upkeep\n|turn|128\n|inactive|Exiline has 270 seconds left.\n|\n|t:|1700414954\n|move|p1a: NOOT NOOT|Freeze-Dry|p2a: Blissey\n|-damage|p2a: Blissey|38\/100\n|move|p2a: Blissey|Soft-Boiled|p2a: Blissey\n|-heal|p2a: Blissey|89\/100\n|\n|upkeep\n|turn|129\n|\n|t:|1700414964\n|-end|p1a: NOOT NOOT|Quark Drive|[silent]\n|switch|p1a: Gliscor|Gliscor, F|100\/100 tox\n|-damage|p1a: Gliscor|88\/100 tox|[from] Stealth Rock\n|switch|p2a: Clodsire|Clodsire, M, tera:Steel|69\/100\n|\n|-heal|p1a: Gliscor|100\/100 tox|[from] ability: Poison Heal\n|-fieldend|move: Electric Terrain\n|upkeep\n|turn|130\n|\n|t:|1700414970\n|switch|p2a: Dondozo|Dondozo, M|87\/100\n|move|p1a: Gliscor|Earthquake|p2a: Dondozo\n|-damage|p2a: Dondozo|71\/100\n|\n|upkeep\n|turn|131\n|\n|t:|1700414978\n|move|p1a: Gliscor|Protect|p1a: Gliscor\n|-singleturn|p1a: Gliscor|Protect\n|move|p2a: Dondozo|Rest|p2a: Dondozo\n|-status|p2a: Dondozo|slp|[from] move: Rest\n|-heal|p2a: Dondozo|100\/100 slp|[silent]\n|\n|upkeep\n|turn|132\n|\n|t:|1700414980\n|move|p1a: Gliscor|U-turn|p2a: Dondozo\n|-damage|p2a: Dondozo|93\/100 slp\n|\n|t:|1700414982\n|switch|p1a: Miraidon|Miraidon|71\/100|[from] U-turn\n|-fieldstart|move: Electric Terrain|[from] ability: Hadron Engine|[of] p1a: Miraidon\n|cant|p2a: Dondozo|slp\n|move|p2a: Dondozo|Sleep Talk|p2a: Dondozo\n|move|p2a: Dondozo|Rest||[from]move: Sleep Talk|[still]\n|-fail|p2a: Dondozo\n|\n|upkeep\n|turn|133\n|\n|t:|1700414992\n|switch|p2a: Blissey|Blissey, F|89\/100\n|move|p1a: Miraidon|Electro Drift|p2a: Blissey\n|-damage|p2a: Blissey|61\/100\n|\n|upkeep\n|turn|134\n|inactive|Highlord has 270 seconds left.\n|\n|t:|1700415038\n|move|p1a: Miraidon|U-turn|p2a: Blissey\n|-damage|p2a: Blissey|48\/100\n|\n|t:|1700415043\n|switch|p1a: NOOT NOOT|Iron Bundle, tera:Ghost|83\/100|[from] U-turn\n|-activate|p1a: NOOT NOOT|ability: Quark Drive\n|-start|p1a: NOOT NOOT|quarkdrivespe\n|move|p2a: Blissey|Seismic Toss|p1a: NOOT NOOT\n|-immune|p1a: NOOT NOOT\n|\n|upkeep\n|turn|135\n|\n|t:|1700415048\n|-end|p1a: NOOT NOOT|Quark Drive|[silent]\n|switch|p1a: Gliscor|Gliscor, F|100\/100 tox\n|-damage|p1a: Gliscor|88\/100 tox|[from] Stealth Rock\n|move|p2a: Blissey|Soft-Boiled|p2a: Blissey\n|-heal|p2a: Blissey|98\/100\n|\n|-heal|p1a: Gliscor|100\/100 tox|[from] ability: Poison Heal\n|upkeep\n|turn|136\n|\n|t:|1700415055\n|switch|p2a: Dondozo|Dondozo, M|93\/100 slp\n|move|p1a: Gliscor|U-turn|p2a: Dondozo\n|-damage|p2a: Dondozo|87\/100 slp\n|\n|t:|1700415059\n|switch|p1a: Miraidon|Miraidon|71\/100|[from] U-turn\n|-activate|p1a: Miraidon|ability: Hadron Engine\n|\n|-fieldend|move: Electric Terrain\n|upkeep\n|turn|137\n|\n|t:|1700415075\n|move|p1a: Miraidon|U-turn|p2a: Dondozo\n|-damage|p2a: Dondozo|81\/100 slp\n|\n|t:|1700415077\n|switch|p1a: NOOT NOOT|Iron Bundle, tera:Ghost|83\/100|[from] U-turn\n|cant|p2a: Dondozo|slp\n|move|p2a: Dondozo|Sleep Talk|p2a: Dondozo\n|move|p2a: Dondozo|Body Press|p1a: NOOT NOOT|[from]move: Sleep Talk\n|-immune|p1a: NOOT NOOT\n|\n|upkeep\n|turn|138\n|\n|t:|1700415101\n|-end|p1a: NOOT NOOT|Quark Drive|[silent]\n|switch|p1a: Gliscor|Gliscor, F|100\/100 tox\n|-damage|p1a: Gliscor|88\/100 tox|[from] Stealth Rock\n|switch|p2a: Clodsire|Clodsire, M, tera:Steel|69\/100\n|\n|-heal|p1a: Gliscor|100\/100 tox|[from] ability: Poison Heal\n|upkeep\n|turn|139\n|inactive|Highlord has 270 seconds left.\n|\n|t:|1700415131\n|switch|p2a: Dondozo|Dondozo, M|81\/100 slp\n|move|p1a: Gliscor|Earthquake|p2a: Dondozo\n|-damage|p2a: Dondozo|66\/100 slp\n|\n|upkeep\n|turn|140\n|\n|t:|1700415135\n|switch|p1a: Miraidon|Miraidon|71\/100\n|-fieldstart|move: Electric Terrain|[from] ability: Hadron Engine|[of] p1a: Miraidon\n|-curestatus|p2a: Dondozo|slp|[msg]\n|move|p2a: Dondozo|Avalanche|p1a: Miraidon\n|-supereffective|p1a: Miraidon\n|-damage|p1a: Miraidon|45\/100\n|\n|upkeep\n|turn|141\n|\n|t:|1700415141\n|switch|p2a: Blissey|Blissey, F|98\/100\n|move|p1a: Miraidon|Electro Drift|p2a: Blissey\n|-damage|p2a: Blissey|71\/100\n|\n|upkeep\n|turn|142\n|\n|t:|1700415151\n|move|p1a: Miraidon|U-turn|p2a: Blissey\n|-damage|p2a: Blissey|58\/100\n|\n|t:|1700415153\n|switch|p1a: Gliscor|Gliscor, F|100\/100 tox|[from] U-turn\n|-damage|p1a: Gliscor|88\/100 tox|[from] Stealth Rock\n|move|p2a: Blissey|Seismic Toss|p1a: Gliscor\n|-damage|p1a: Gliscor|60\/100 tox\n|\n|-heal|p1a: Gliscor|72\/100 tox|[from] ability: Poison Heal\n|upkeep\n|turn|143\n|\n|t:|1700415161\n|move|p1a: Gliscor|U-turn|p2a: Blissey\n|-damage|p2a: Blissey|41\/100\n|\n|t:|1700415163\n|switch|p1a: NOOT NOOT|Iron Bundle, tera:Ghost|83\/100|[from] U-turn\n|-activate|p1a: NOOT NOOT|ability: Quark Drive\n|-start|p1a: NOOT NOOT|quarkdrivespe\n|move|p2a: Blissey|Seismic Toss|p1a: NOOT NOOT\n|-immune|p1a: NOOT NOOT\n|\n|upkeep\n|turn|144\n|\n|t:|1700415171\n|-end|p1a: NOOT NOOT|Quark Drive|[silent]\n|switch|p1a: Gliscor|Gliscor, F|72\/100 tox\n|-damage|p1a: Gliscor|60\/100 tox|[from] Stealth Rock\n|move|p2a: Blissey|Seismic Toss|p1a: Gliscor\n|-damage|p1a: Gliscor|31\/100 tox\n|\n|-heal|p1a: Gliscor|44\/100 tox|[from] ability: Poison Heal\n|-fieldend|move: Electric Terrain\n|upkeep\n|turn|145\n|\n|t:|1700415182\n|switch|p2a: Dondozo|Dondozo, M|66\/100\n|move|p1a: Gliscor|U-turn|p2a: Dondozo\n|-damage|p2a: Dondozo|59\/100\n|\n|t:|1700415184\n|switch|p1a: Miraidon|Miraidon|45\/100|[from] U-turn\n|-fieldstart|move: Electric Terrain|[from] ability: Hadron Engine|[of] p1a: Miraidon\n|\n|upkeep\n|turn|146\n|\n|t:|1700415188\n|switch|p2a: Blissey|Blissey, F|41\/100\n|move|p1a: Miraidon|Electro Drift|p2a: Blissey\n|-damage|p2a: Blissey|11\/100\n|\n|upkeep\n|turn|147\n|\n|t:|1700415196\n|move|p1a: Miraidon|U-turn|p2a: Blissey\n|-damage|p2a: Blissey|0 fnt\n|faint|p2a: Blissey\n|\n|t:|1700415200\n|switch|p1a: Gliscor|Gliscor, F|44\/100 tox|[from] U-turn\n|-damage|p1a: Gliscor|31\/100 tox|[from] Stealth Rock\n|\n|-heal|p1a: Gliscor|44\/100 tox|[from] ability: Poison Heal\n|upkeep\n|\n|t:|1700415206\n|switch|p2a: Arceus|Arceus|74\/100\n|turn|148\n|\n|t:|1700415210\n|move|p2a: Arceus|Swords Dance|p2a: Arceus\n|-boost|p2a: Arceus|atk|2\n|move|p1a: Gliscor|U-turn|p2a: Arceus\n|-damage|p2a: Arceus|62\/100\n|\n|t:|1700415214\n|switch|p1a: NOOT NOOT|Iron Bundle, tera:Ghost|83\/100|[from] U-turn\n|-activate|p1a: NOOT NOOT|ability: Quark Drive\n|-start|p1a: NOOT NOOT|quarkdrivespe\n|\n|upkeep\n|turn|149\n|\n|t:|1700415236\n|move|p1a: NOOT NOOT|Encore|p2a: Arceus\n|-start|p2a: Arceus|Encore\n|move|p2a: Arceus|Swords Dance|p2a: Arceus\n|-boost|p2a: Arceus|atk|2\n|\n|-fieldend|move: Electric Terrain\n|-end|p1a: NOOT NOOT|Quark Drive\n|upkeep\n|turn|150\n|\n|t:|1700415250\n|-end|p1a: NOOT NOOT|Quark Drive|[silent]\n|switch|p1a: Miraidon|Miraidon|45\/100\n|-fieldstart|move: Electric Terrain|[from] ability: Hadron Engine|[of] p1a: Miraidon\n|move|p2a: Arceus|Swords Dance|p2a: Arceus\n|-boost|p2a: Arceus|atk|2\n|\n|upkeep\n|turn|151\n|inactive|Highlord has 270 seconds left.\n|\n|t:|1700415276\n|move|p1a: Miraidon|Draco Meteor|p2a: Arceus|[miss]\n|-miss|p1a: Miraidon|p2a: Arceus\n|move|p2a: Arceus|Swords Dance|p2a: Arceus\n|-boost|p2a: Arceus|atk|0\n|\n|-end|p2a: Arceus|Encore\n|upkeep\n|turn|152\n|inactive|Highlord has 270 seconds left.\n|\n|t:|1700415289\n|switch|p1a: NOOT NOOT|Iron Bundle, tera:Ghost|83\/100\n|-activate|p1a: NOOT NOOT|ability: Quark Drive\n|-start|p1a: NOOT NOOT|quarkdrivespe\n|move|p2a: Arceus|Extreme Speed|p1a: NOOT NOOT\n|-immune|p1a: NOOT NOOT\n|\n|upkeep\n|turn|153\n|inactive|Highlord has 270 seconds left.\n|\n|t:|1700415300\n|-end|p1a: NOOT NOOT|Quark Drive|[silent]\n|switch|p1a: Gliscor|Gliscor, F|44\/100 tox\n|-damage|p1a: Gliscor|31\/100 tox|[from] Stealth Rock\n|move|p2a: Arceus|Earthquake|p1a: Gliscor\n|-immune|p1a: Gliscor\n|\n|-heal|p1a: Gliscor|44\/100 tox|[from] ability: Poison Heal\n|upkeep\n|turn|154\n|\n|t:|1700415308\n|move|p2a: Arceus|Swords Dance|p2a: Arceus\n|-boost|p2a: Arceus|atk|0\n|move|p1a: Gliscor|U-turn|p2a: Arceus\n|-damage|p2a: Arceus|52\/100\n|\n|t:|1700415316\n|switch|p1a: Miraidon|Miraidon|45\/100|[from] U-turn\n|-activate|p1a: Miraidon|ability: Hadron Engine\n|\n|-fieldend|move: Electric Terrain\n|upkeep\n|turn|155\n|\n|t:|1700415321\n|switch|p1a: Gliscor|Gliscor, F|44\/100 tox\n|-damage|p1a: Gliscor|31\/100 tox|[from] Stealth Rock\n|move|p2a: Arceus|Earthquake|p1a: Gliscor\n|-immune|p1a: Gliscor\n|\n|-heal|p1a: Gliscor|44\/100 tox|[from] ability: Poison Heal\n|upkeep\n|turn|156\n|\n|t:|1700415330\n|move|p1a: Gliscor|Protect|p1a: Gliscor\n|-singleturn|p1a: Gliscor|Protect\n|move|p2a: Arceus|Earthquake|p1a: Gliscor\n|-activate|p1a: Gliscor|move: Protect\n|\n|-heal|p1a: Gliscor|56\/100 tox|[from] ability: Poison Heal\n|upkeep\n|turn|157\n|\n|t:|1700415338\n|move|p1a: Gliscor|Protect||[still]\n|-fail|p1a: Gliscor\n|move|p2a: Arceus|Extreme Speed|p1a: Gliscor\n|-damage|p1a: Gliscor|0 fnt\n|faint|p1a: Gliscor\n|\n|upkeep\n|inactive|Exiline has 270 seconds left.\n|\n|t:|1700415372\n|switch|p1a: Miraidon|Miraidon|45\/100\n|-fieldstart|move: Electric Terrain|[from] ability: Hadron Engine|[of] p1a: Miraidon\n|turn|158\n|inactive|Exiline has 270 seconds left.\n|\n|t:|1700415386\n|move|p1a: Miraidon|Electro Drift|p2a: Arceus\n|-damage|p2a: Arceus|0 fnt\n|faint|p2a: Arceus\n|\n|upkeep\n|\n|t:|1700415389\n|switch|p2a: Clodsire|Clodsire, M, tera:Steel|69\/100\n|turn|159\n|inactive|Exiline has 270 seconds left.\n|inactive|Highlord has 270 seconds left.\n|\n|t:|1700415439\n|move|p1a: Miraidon|Taunt|p2a: Clodsire\n|-start|p2a: Clodsire|move: Taunt\n|move|p2a: Clodsire|Earthquake|p1a: Miraidon\n|-supereffective|p1a: Miraidon\n|-damage|p1a: Miraidon|0 fnt\n|faint|p1a: Miraidon\n|\n|upkeep\n|\n|t:|1700415444\n|switch|p1a: Zacian|Zacian-Crowned|100\/100\n|-damage|p1a: Zacian|94\/100|[from] Stealth Rock\n|-damage|p1a: Zacian|69\/100|[from] Spikes\n|-ability|p1a: Zacian|Intrepid Sword|boost\n|-boost|p1a: Zacian|atk|1\n|turn|160\n|inactive|Exiline has 270 seconds left.\n|inactive|Highlord has 270 seconds left.\n|\n|t:|1700415456\n|switch|p2a: Dondozo|Dondozo, M|59\/100\n|move|p1a: Zacian|Play Rough|p2a: Dondozo\n|-damage|p2a: Dondozo|37\/100\n|\n|upkeep\n|turn|161\n|inactive|Highlord has 270 seconds left.\n|\n|t:|1700415467\n|switch|p1a: NOOT NOOT|Iron Bundle, tera:Ghost|83\/100\n|-activate|p1a: NOOT NOOT|ability: Quark Drive\n|-start|p1a: NOOT NOOT|quarkdrivespe\n|move|p2a: Dondozo|Body Press|p1a: NOOT NOOT\n|-immune|p1a: NOOT NOOT\n|\n|upkeep\n|turn|162\n|inactive|Highlord has 270 seconds left.\n|\n|t:|1700415472\n|switch|p2a: Clodsire|Clodsire, M, tera:Steel|69\/100\n|move|p1a: NOOT NOOT|Freeze-Dry|p2a: Clodsire\n|-resisted|p2a: Clodsire\n|-damage|p2a: Clodsire|60\/100\n|\n|-fieldend|move: Electric Terrain\n|-end|p1a: NOOT NOOT|Quark Drive\n|upkeep\n|turn|163\n|\n|t:|1700415477\n|move|p1a: NOOT NOOT|Ice Beam|p2a: Clodsire\n|-resisted|p2a: Clodsire\n|-damage|p2a: Clodsire|49\/100\n|move|p2a: Clodsire|Recover|p2a: Clodsire\n|-heal|p2a: Clodsire|99\/100\n|\n|upkeep\n|turn|164\n|\n|t:|1700415483\n|switch|p2a: Dondozo|Dondozo, M|37\/100\n|move|p1a: NOOT NOOT|Ice Beam|p2a: Dondozo\n|-resisted|p2a: Dondozo\n|-damage|p2a: Dondozo|14\/100\n|\n|upkeep\n|turn|165\n|\n|t:|1700415487\n|switch|p2a: Clodsire|Clodsire, M, tera:Steel|99\/100\n|move|p1a: NOOT NOOT|Freeze-Dry|p2a: Clodsire\n|-resisted|p2a: Clodsire\n|-damage|p2a: Clodsire|90\/100\n|\n|upkeep\n|turn|166\n|\n|t:|1700415494\n|move|p1a: NOOT NOOT|Ice Beam|p2a: Clodsire\n|-resisted|p2a: Clodsire\n|-damage|p2a: Clodsire|79\/100\n|move|p2a: Clodsire|Toxic|p1a: NOOT NOOT\n|-status|p1a: NOOT NOOT|tox\n|\n|-damage|p1a: NOOT NOOT|77\/100 tox|[from] psn\n|upkeep\n|turn|167\n|\n|t:|1700415498\n|move|p1a: NOOT NOOT|Ice Beam|p2a: Clodsire\n|-resisted|p2a: Clodsire\n|-damage|p2a: Clodsire|67\/100\n|move|p2a: Clodsire|Earthquake|p1a: NOOT NOOT\n|-damage|p1a: NOOT NOOT|47\/100 tox\n|\n|-damage|p1a: NOOT NOOT|35\/100 tox|[from] psn\n|upkeep\n|turn|168\n|\n|t:|1700415501\n|move|p1a: NOOT NOOT|Ice Beam|p2a: Clodsire\n|-resisted|p2a: Clodsire\n|-damage|p2a: Clodsire|56\/100\n|move|p2a: Clodsire|Recover|p2a: Clodsire\n|-heal|p2a: Clodsire|100\/100\n|\n|-damage|p1a: NOOT NOOT|17\/100 tox|[from] psn\n|upkeep\n|turn|169\n|\n|t:|1700415506\n|move|p1a: NOOT NOOT|Ice Beam|p2a: Clodsire\n|-resisted|p2a: Clodsire\n|-damage|p2a: Clodsire|90\/100\n|move|p2a: Clodsire|Recover|p2a: Clodsire\n|-heal|p2a: Clodsire|100\/100\n|\n|-damage|p1a: NOOT NOOT|0 fnt|[from] psn\n|faint|p1a: NOOT NOOT\n|-end|p1a: NOOT NOOT|Quark Drive|[silent]\n|upkeep\n|\n|t:|1700415508\n|switch|p1a: Zacian|Zacian-Crowned|69\/100\n|-damage|p1a: Zacian|63\/100|[from] Stealth Rock\n|-damage|p1a: Zacian|38\/100|[from] Spikes\n|turn|170\n|c|\u2606Exiline|risked the last freeze :o\n|inactive|Exiline has 270 seconds left.\n|c|\u2606Highlord|ngl I've just been clicking.... stopped paying attention like 20 turns ago\n|\n|t:|1700415551\n|move|p1a: Zacian|Play Rough|p2a: Clodsire|[miss]\n|-miss|p1a: Zacian|p2a: Clodsire\n|move|p2a: Clodsire|Earthquake|p1a: Zacian\n|-supereffective|p1a: Zacian\n|-damage|p1a: Zacian|0 fnt\n|faint|p1a: Zacian\n|\n|win|Highlord\n|c|\u2606Exiline|g_g\n|c|\u2606Highlord|gg\n","uploadtime":1700415552,"views":243,"p1id":"exiline","p2id":"highlord","formatid":"gen9ubers","rating":0,"private":0,"password":""}