{"id":"smogtours-gen9ubers-729462","p1":"PrinceOfAllTacos","p2":"Sylveon is so cute","format":"[Gen 9] Ubers","log":"|inactive|Battle timer is ON: inactive players will automatically lose when time's up.\n|t:|1699389485\n|gametype|singles\n|player|p1|PrinceOfAllTacos|#rbtt6teammewtwo|\n|player|p2|Sylveon is so cute|#ssplisandacondas|\n|teamsize|p1|6\n|teamsize|p2|6\n|gen|9\n|tier|[Gen 9] Ubers\n|rule|Sleep Clause Mod: Limit one foe put to sleep\n|rule|Species Clause: Limit one of each Pok\u00e9mon\n|rule|OHKO Clause: OHKO moves are banned\n|rule|Evasion Items Clause: Evasion items are banned\n|rule|Evasion Moves Clause: Evasion moves are banned\n|rule|Endless Battle Clause: Forcing endless battles is banned\n|rule|HP Percentage Mod: HP is shown in percentages\n|clearpoke\n|poke|p1|Ribombee, F|\n|poke|p1|Basculegion, M|\n|poke|p1|Rayquaza|\n|poke|p1|Ditto|\n|poke|p1|Koraidon|\n|poke|p1|Arceus-Ground|\n|poke|p2|Arceus-Ground|\n|poke|p2|Miraidon|\n|poke|p2|Zacian-*|\n|poke|p2|Ribombee, M|\n|poke|p2|Kyogre|\n|poke|p2|Koraidon|\n|teampreview\n|c|\u2606Sylveon is so cute|hf\n|c|\u2606PrinceOfAllTacos|you too\n|inactive|Sylveon is so cute has 270 seconds left.\n|inactive|Sylveon is so cute has 240 seconds left.\n|inactive|Sylveon is so cute has 210 seconds left.\n|\n|t:|1699389576\n|start\n|switch|p1a: Ribombee|Ribombee, F|100\/100\n|switch|p2a: Miraidon|Miraidon|100\/100\n|-fieldstart|move: Electric Terrain|[from] ability: Hadron Engine|[of] p2a: Miraidon\n|turn|1\n|\n|t:|1699389584\n|move|p2a: Miraidon|Taunt|p1a: Ribombee\n|-start|p1a: Ribombee|move: Taunt\n|cant|p1a: Ribombee|move: Taunt|Sticky Web\n|\n|upkeep\n|turn|2\n|\n|t:|1699389588\n|switch|p1a: Arceus|Arceus-Ground|100\/100\n|move|p2a: Miraidon|Electro Drift|p1a: Arceus\n|-immune|p1a: Arceus\n|\n|upkeep\n|turn|3\n|\n|t:|1699389597\n|switch|p2a: Ribombee|Ribombee, M|100\/100\n|switch|p1a: Ribombee|Ribombee, F|100\/100\n|\n|upkeep\n|turn|4\n|\n|t:|1699389601\n|move|p2a: Ribombee|Moonblast|p1a: Ribombee\n|-damage|p1a: Ribombee|36\/100\n|move|p1a: Ribombee|Sticky Web|p2a: Ribombee\n|-sidestart|p2: Sylveon is so cute|move: Sticky Web\n|\n|upkeep\n|turn|5\n|\n|t:|1699389608\n|move|p1a: Ribombee|Quiver Dance|p1a: Ribombee\n|-boost|p1a: Ribombee|spa|1\n|-boost|p1a: Ribombee|spd|1\n|-boost|p1a: Ribombee|spe|1\n|move|p2a: Ribombee|Sticky Web|p1a: Ribombee\n|-sidestart|p1: PrinceOfAllTacos|move: Sticky Web\n|\n|-fieldend|move: Electric Terrain\n|upkeep\n|turn|6\n|\n|t:|1699389612\n|move|p1a: Ribombee|Moonblast|p2a: Ribombee\n|-enditem|p2a: Ribombee|Focus Sash\n|-damage|p2a: Ribombee|1\/100\n|move|p2a: Ribombee|Pounce|p1a: Ribombee\n|-resisted|p1a: Ribombee\n|-damage|p1a: Ribombee|24\/100\n|\n|upkeep\n|turn|7\n|\n|t:|1699389618\n|move|p1a: Ribombee|Moonblast|p2a: Ribombee\n|-damage|p2a: Ribombee|0 fnt\n|faint|p2a: Ribombee\n|\n|upkeep\n|\n|t:|1699389621\n|switch|p2a: Arceus|Arceus-Ground|100\/100\n|-activate|p2a: Arceus|move: Sticky Web\n|-unboost|p2a: Arceus|spe|1\n|turn|8\n|\n|t:|1699389627\n|move|p2a: Arceus|Extreme Speed|p1a: Ribombee\n|-damage|p1a: Ribombee|0 fnt\n|faint|p1a: Ribombee\n|\n|upkeep\n|\n|t:|1699389636\n|switch|p1a: Arceus|Arceus-Ground|100\/100\n|-activate|p1a: Arceus|move: Sticky Web\n|-unboost|p1a: Arceus|spe|1\n|turn|9\n|\n|t:|1699389643\n|move|p1a: Arceus|Ice Beam|p2a: Arceus\n|-supereffective|p2a: Arceus\n|-damage|p2a: Arceus|57\/100\n|move|p2a: Arceus|Swords Dance|p2a: Arceus\n|-boost|p2a: Arceus|atk|2\n|\n|upkeep\n|turn|10\n|\n|t:|1699389650\n|move|p1a: Arceus|Ice Beam|p2a: Arceus\n|-supereffective|p2a: Arceus\n|-damage|p2a: Arceus|19\/100\n|move|p2a: Arceus|Earthquake|p1a: Arceus\n|-damage|p1a: Arceus|4\/100\n|\n|upkeep\n|turn|11\n|\n|t:|1699389655\n|switch|p1a: Basculegion|Basculegion, M|100\/100\n|move|p2a: Arceus|Extreme Speed|p1a: Basculegion\n|-immune|p1a: Basculegion\n|\n|upkeep\n|turn|12\n|\n|t:|1699389663\n|move|p1a: Basculegion|Wave Crash|p2a: Arceus\n|-supereffective|p2a: Arceus\n|-damage|p2a: Arceus|0 fnt\n|faint|p2a: Arceus\n|-damage|p1a: Basculegion|94\/100|[from] Recoil\n|\n|upkeep\n|\n|t:|1699389669\n|switch|p2a: Miraidon|Miraidon|100\/100\n|-activate|p2a: Miraidon|move: Sticky Web\n|-unboost|p2a: Miraidon|spe|1\n|-fieldstart|move: Electric Terrain|[from] ability: Hadron Engine|[of] p2a: Miraidon\n|turn|13\n|\n|t:|1699389672\n|switch|p1a: Arceus|Arceus-Ground|4\/100\n|-activate|p1a: Arceus|move: Sticky Web\n|-unboost|p1a: Arceus|spe|1\n|move|p2a: Miraidon|Draco Meteor|p1a: Arceus\n|-damage|p1a: Arceus|0 fnt\n|-unboost|p2a: Miraidon|spa|2\n|faint|p1a: Arceus\n|-damage|p2a: Miraidon|91\/100|[from] item: Life Orb\n|\n|upkeep\n|\n|t:|1699389690\n|switch|p1a: Rayquaza|Rayquaza|100\/100\n|-ability|p1a: Rayquaza|Air Lock\n|turn|14\n|\n|t:|1699389704\n|move|p1a: Rayquaza|Earthquake|p2a: Miraidon\n|-supereffective|p2a: Miraidon\n|-damage|p2a: Miraidon|0 fnt\n|faint|p2a: Miraidon\n|-damage|p1a: Rayquaza|91\/100|[from] item: Life Orb\n|\n|upkeep\n|\n|t:|1699389710\n|switch|p2a: Kyogre|Kyogre|100\/100\n|-activate|p2a: Kyogre|move: Sticky Web\n|-unboost|p2a: Kyogre|spe|1\n|-weather|RainDance|[from] ability: Drizzle|[of] p2a: Kyogre\n|turn|15\n|\n|t:|1699389734\n|switch|p1a: Basculegion|Basculegion, M|94\/100\n|move|p2a: Kyogre|Ice Beam|p1a: Basculegion\n|-resisted|p1a: Basculegion\n|-damage|p1a: Basculegion|77\/100\n|\n|-weather|RainDance|[upkeep]\n|upkeep\n|turn|16\n|\n|t:|1699389738\n|move|p1a: Basculegion|Agility|p1a: Basculegion\n|-boost|p1a: Basculegion|spe|2\n|move|p2a: Kyogre|Thunder|p1a: Basculegion\n|-supereffective|p1a: Basculegion\n|-damage|p1a: Basculegion|0 fnt\n|faint|p1a: Basculegion\n|\n|-weather|RainDance|[upkeep]\n|upkeep\n|\n|t:|1699389745\n|switch|p1a: Koraidon|Koraidon|100\/100\n|-activate|p1a: Koraidon|move: Sticky Web\n|-unboost|p1a: Koraidon|spe|1\n|-weather|SunnyDay|[from] ability: Orichalcum Pulse|[of] p1a: Koraidon\n|-activate|p1a: Koraidon|Orichalcum Pulse|[source]\n|turn|17\n|\n|t:|1699389752\n|move|p1a: Koraidon|Scale Shot|p2a: Kyogre\n|-damage|p2a: Kyogre|84\/100\n|-damage|p2a: Kyogre|69\/100\n|-damage|p2a: Kyogre|54\/100\n|-damage|p2a: Kyogre|38\/100\n|-damage|p2a: Kyogre|24\/100\n|-hitcount|p2a: Kyogre|5\n|-unboost|p1a: Koraidon|def|1\n|-boost|p1a: Koraidon|spe|1\n|move|p2a: Kyogre|Ice Beam|p1a: Koraidon\n|-supereffective|p1a: Koraidon\n|-damage|p1a: Koraidon|42\/100\n|\n|-weather|SunnyDay|[upkeep]\n|-heal|p2a: Kyogre|31\/100|[from] item: Leftovers\n|-fieldend|move: Electric Terrain\n|upkeep\n|turn|18\n|\n|t:|1699389757\n|move|p1a: Koraidon|Low Kick|p2a: Kyogre\n|-damage|p2a: Kyogre|0 fnt\n|faint|p2a: Kyogre\n|\n|-weather|SunnyDay|[upkeep]\n|upkeep\n|inactive|Sylveon is so cute has 270 seconds left.\n|inactive|Sylveon is so cute has 240 seconds left.\n|\n|t:|1699389825\n|switch|p2a: Koraidon|Koraidon|100\/100\n|-activate|p2a: Koraidon|move: Sticky Web\n|-unboost|p2a: Koraidon|spe|1\n|-activate|p2a: Koraidon|ability: Orichalcum Pulse\n|turn|19\n|inactive|Sylveon is so cute has 240 seconds left.\n|\n|t:|1699389830\n|-terastallize|p2a: Koraidon|Fire\n|move|p1a: Koraidon|Scale Shot|p2a: Koraidon\n|-damage|p2a: Koraidon|85\/100\n|-damage|p2a: Koraidon|69\/100\n|-damage|p2a: Koraidon|53\/100\n|-damage|p2a: Koraidon|37\/100\n|-hitcount|p2a: Koraidon|4\n|-unboost|p1a: Koraidon|def|1\n|-boost|p1a: Koraidon|spe|1\n|move|p2a: Koraidon|Dragon Claw|p1a: Koraidon\n|-supereffective|p1a: Koraidon\n|-damage|p1a: Koraidon|0 fnt\n|faint|p1a: Koraidon\n|\n|-weather|SunnyDay|[upkeep]\n|upkeep\n|\n|t:|1699389841\n|switch|p1a: Rayquaza|Rayquaza|91\/100\n|-ability|p1a: Rayquaza|Air Lock\n|turn|20\n|\n|t:|1699389850\n|-terastallize|p1a: Rayquaza|Flying\n|move|p1a: Rayquaza|Earthquake|p2a: Koraidon\n|-supereffective|p2a: Koraidon\n|-damage|p2a: Koraidon|0 fnt\n|faint|p2a: Koraidon\n|-damage|p1a: Rayquaza|81\/100|[from] item: Life Orb\n|\n|-weather|SunnyDay|[upkeep]\n|upkeep\n|\n|t:|1699389853\n|switch|p2a: Zacian|Zacian-Crowned|100\/100\n|-activate|p2a: Zacian|move: Sticky Web\n|-unboost|p2a: Zacian|spe|1\n|-ability|p2a: Zacian|Intrepid Sword|boost\n|-boost|p2a: Zacian|atk|1\n|turn|21\n|\n|t:|1699389855\n|move|p1a: Rayquaza|Earthquake|p2a: Zacian\n|-supereffective|p2a: Zacian\n|-damage|p2a: Zacian|14\/100\n|-damage|p1a: Rayquaza|71\/100|[from] item: Life Orb\n|move|p2a: Zacian|Behemoth Blade|p1a: Rayquaza\n|-damage|p1a: Rayquaza|0 fnt\n|faint|p1a: Rayquaza\n|\n|-weather|none\n|upkeep\n|\n|t:|1699389857\n|switch|p1a: Ditto|Ditto|100\/100\n|-activate|p1a: Ditto|move: Sticky Web\n|-unboost|p1a: Ditto|spe|1\n|-transform|p1a: Ditto|p2a: Zacian|[from] ability: Imposter\n|-ability|p1a: Ditto|Intrepid Sword|boost\n|-boost|p1a: Ditto|atk|1\n|turn|22\n|c|\u2606Sylveon is so cute|gg\n|\n|t:|1699389862\n|move|p1a: Ditto|Behemoth Blade|p2a: Zacian\n|-damage|p2a: Zacian|0 fnt\n|faint|p2a: Zacian\n|\n|win|PrinceOfAllTacos\n|c|\u2606PrinceOfAllTacos|gg\n","uploadtime":1699389863,"views":117,"p1id":"princeofalltacos","p2id":"sylveonissocute","formatid":"gen9ubers","rating":0,"private":0,"password":""}