{"id":"smogtours-gen9ubers-730823","p1":"Skyrio&Joya","p2":"VolcaCono","format":"[Gen 9] Ubers","log":"|inactive|Battle timer is ON: inactive players will automatically lose when time's up.\n|t:|1700164797\n|gametype|singles\n|player|p1|Skyrio&Joya|#fcl10samurott|\n|player|p2|VolcaCono|169|\n|teamsize|p1|6\n|teamsize|p2|6\n|gen|9\n|tier|[Gen 9] Ubers\n|rule|Sleep Clause Mod: Limit one foe put to sleep\n|rule|Species Clause: Limit one of each Pok\u00e9mon\n|rule|OHKO Clause: OHKO moves are banned\n|rule|Evasion Items Clause: Evasion items are banned\n|rule|Evasion Moves Clause: Evasion moves are banned\n|rule|Endless Battle Clause: Forcing endless battles is banned\n|rule|HP Percentage Mod: HP is shown in percentages\n|clearpoke\n|poke|p1|Ogerpon, F|\n|poke|p1|Gliscor, M|\n|poke|p1|Volcanion|\n|poke|p1|Dragonite, M|\n|poke|p1|Clefable, F|\n|poke|p1|Kingambit, F|\n|poke|p2|Glimmora, M|\n|poke|p2|Greninja-*, M|\n|poke|p2|Iron Valiant|\n|poke|p2|Dragonite, F|\n|poke|p2|Ursaluna, F|\n|poke|p2|Gholdengo|\n|teampreview\n|inactive|Skyrio&Joya also wants the timer to be on.\n|c|\u2606Skyrio&Joya|Hf\n|c|\u2606VolcaCono|u2\n|inactive|Skyrio&Joya has 270 seconds left.\n|c|+Akalli|go joya and skyrios opponents\n|\n|t:|1700164834\n|start\n|switch|p1a: Gliscor|Gliscor, M|100\/100\n|switch|p2a: Glimmora|Glimmora, M|100\/100\n|turn|1\n|c|+Micciu|Go joya\n|c|+Micciu|just joya \n|\n|t:|1700164850\n|move|p2a: Glimmora|Stealth Rock|p1a: Gliscor\n|-sidestart|p1: Skyrio&Joya|move: Stealth Rock\n|move|p1a: Gliscor|Earthquake|p2a: Glimmora\n|-supereffective|p2a: Glimmora\n|-enditem|p2a: Glimmora|Focus Sash\n|-damage|p2a: Glimmora|1\/100\n|-activate|p2a: Glimmora|ability: Toxic Debris\n|-sidestart|p1: Skyrio&Joya|move: Toxic Spikes\n|\n|-status|p1a: Gliscor|tox|[from] item: Toxic Orb\n|upkeep\n|turn|2\n|c|+Micciu|\ud83e\udd78\n|c|+Akalli|ye that\u2019s what I meant \n|c|+Micciu|TRICKING NOOB\n|\n|t:|1700164870\n|move|p2a: Glimmora|Mortal Spin|p1a: Gliscor\n|-resisted|p1a: Gliscor\n|-damage|p1a: Gliscor|98\/100 tox\n|move|p1a: Gliscor|Earthquake|p2a: Glimmora\n|-supereffective|p2a: Glimmora\n|-damage|p2a: Glimmora|0 fnt\n|-activate|p2a: Glimmora|ability: Toxic Debris\n|-sidestart|p1: Skyrio&Joya|move: Toxic Spikes\n|faint|p2a: Glimmora\n|\n|-heal|p1a: Gliscor|100\/100 tox|[from] ability: Poison Heal\n|upkeep\n|inactive|VolcaCono has 270 seconds left.\n|c|+PandaDoux\u2665\u2661\u32db\u2605\u2729|d\u00e9p\u00eache toi et viens unite\n|inactive|VolcaCono has 240 seconds left.\n|\n|t:|1700164927\n|switch|p2a: Gholdengo|Gholdengo|100\/100\n|-item|p2a: Gholdengo|Air Balloon\n|turn|3\n|inactive|VolcaCono has 240 seconds left.\n|c|+PandaDoux\u2665\u2661\u32db\u2605\u2729|elle est nulle ta team y'a pas koraidon\n|c|%Tricking|Micciu slt\n|c|%Tricking|t'es Nassim\n|c|+Micciu|Je suis plus avec nassim \n|inactive|Skyrio&Joya has 270 seconds left.\n|c|+Akalli|tricking t trop nul \n|\n|t:|1700164972\n|switch|p2a: Iron Valiant|Iron Valiant|100\/100\n|-enditem|p2a: Iron Valiant|Booster Energy\n|-activate|p2a: Iron Valiant|ability: Quark Drive|[fromitem]\n|-start|p2a: Iron Valiant|quarkdrivespe\n|switch|p1a: Dragonite|Dragonite, M|100\/100\n|\n|upkeep\n|turn|4\n|c|\u2606VolcaCono|\u00e7a glande\n|\n|t:|1700164983\n|move|p2a: Iron Valiant|Knock Off|p1a: Dragonite\n|-damage|p1a: Dragonite|84\/100\n|-enditem|p1a: Dragonite|Heavy-Duty Boots|[from] move: Knock Off|[of] p2a: Iron Valiant\n|move|p1a: Dragonite|Hurricane|p2a: Iron Valiant\n|-supereffective|p2a: Iron Valiant\n|-damage|p2a: Iron Valiant|0 fnt\n|faint|p2a: Iron Valiant\n|-end|p2a: Iron Valiant|Quark Drive|[silent]\n|\n|upkeep\n|inactive|VolcaCono has 210 seconds left.\n|inactive|VolcaCono has 180 seconds left.\n|\n|t:|1700165047\n|switch|p2a: Ursaluna|Ursaluna, F|100\/100\n|turn|5\n|inactive|Skyrio&Joya has 240 seconds left.\n|\n|t:|1700165100\n|move|p1a: Dragonite|Hurricane|p2a: Ursaluna\n|-damage|p2a: Ursaluna|54\/100\n|move|p2a: Ursaluna|Swords Dance|p2a: Ursaluna\n|-boost|p2a: Ursaluna|atk|2\n|\n|-status|p2a: Ursaluna|brn|[from] item: Flame Orb\n|upkeep\n|turn|6\n|\n|t:|1700165109\n|move|p1a: Dragonite|Draco Meteor|p2a: Ursaluna\n|-damage|p2a: Ursaluna|0 fnt\n|-unboost|p1a: Dragonite|spa|2\n|faint|p2a: Ursaluna\n|\n|upkeep\n|\n|t:|1700165115\n|switch|p2a: Greninja|Greninja, M|100\/100\n|turn|7\n|\n|t:|1700165123\n|switch|p1a: Clefable|Clefable, F|100\/100\n|-status|p1a: Clefable|tox\n|move|p2a: Greninja|Ice Beam|p1a: Clefable\n|-crit|p1a: Clefable\n|-damage|p1a: Clefable|53\/100 tox\n|-damage|p2a: Greninja|91\/100|[from] item: Life Orb\n|\n|-heal|p1a: Clefable|59\/100 tox|[from] item: Leftovers\n|upkeep\n|turn|8\n|inactive|Skyrio&Joya has 240 seconds left.\n|inactive|VolcaCono has 180 seconds left.\n|inactive|Skyrio&Joya has 210 seconds left.\n|\n|t:|1700165177\n|switch|p1a: Volcanion|Volcanion|100\/100\n|-terastallize|p2a: Greninja|Water\n|move|p2a: Greninja|Surf|p1a: Volcanion\n|-immune|p1a: Volcanion|[from] ability: Water Absorb\n|\n|upkeep\n|turn|9\n|\n|t:|1700165193\n|move|p2a: Greninja|Dark Pulse|p1a: Volcanion\n|-damage|p1a: Volcanion|49\/100\n|-damage|p2a: Greninja|81\/100|[from] item: Life Orb\n|move|p1a: Volcanion|Steam Eruption|p2a: Greninja\n|-resisted|p2a: Greninja\n|-damage|p2a: Greninja|31\/100\n|\n|upkeep\n|turn|10\n|inactive|VolcaCono has 180 seconds left.\n|inactive|Skyrio&Joya has 180 seconds left.\n|inactive|Skyrio&Joya has 150 seconds left.\n|\n|t:|1700165254\n|move|p2a: Greninja|Ice Beam|p1a: Volcanion\n|-resisted|p1a: Volcanion\n|-damage|p1a: Volcanion|40\/100\n|-damage|p2a: Greninja|22\/100|[from] item: Life Orb\n|move|p1a: Volcanion|Flamethrower|p2a: Greninja\n|-resisted|p2a: Greninja\n|-damage|p2a: Greninja|0 fnt\n|faint|p2a: Greninja\n|\n|upkeep\n|\n|t:|1700165260\n|switch|p2a: Dragonite|Dragonite, F|100\/100\n|turn|11\n|inactive|Skyrio&Joya has 150 seconds left.\n|inactive|Skyrio&Joya has 120 seconds left.\n|\n|t:|1700165304\n|switch|p1a: Gliscor|Gliscor, M|100\/100 tox\n|-damage|p1a: Gliscor|88\/100 tox|[from] Stealth Rock\n|move|p2a: Dragonite|Dragon Dance|p2a: Dragonite\n|-boost|p2a: Dragonite|atk|1\n|-boost|p2a: Dragonite|spe|1\n|\n|-heal|p1a: Gliscor|100\/100 tox|[from] ability: Poison Heal\n|upkeep\n|turn|12\n|inactive|Skyrio&Joya has 120 seconds left.\n|\n|t:|1700165322\n|switch|p2a: Gholdengo|Gholdengo|100\/100\n|-item|p2a: Gholdengo|Air Balloon\n|-terastallize|p1a: Gliscor|Dragon\n|move|p1a: Gliscor|Toxic|p2a: Gholdengo\n|-immune|p2a: Gholdengo|[from] ability: Good as Gold\n|\n|upkeep\n|turn|13\n|inactive|VolcaCono has 180 seconds left.\n|c|%Tricking|Skyrio\n|inactive|Skyrio&Joya has 90 seconds left.\n|inactive|Skyrio&Joya has 60 seconds left.\n|\n|t:|1700165390\n|switch|p2a: Dragonite|Dragonite, F|100\/100\n|switch|p1a: Dragonite|Dragonite, M|84\/100\n|-damage|p1a: Dragonite|59\/100|[from] Stealth Rock\n|\n|upkeep\n|turn|14\n|inactive|Skyrio&Joya has 60 seconds left.\n|inactive|VolcaCono has 180 seconds left.\n|\n|t:|1700165408\n|move|p1a: Dragonite|Draco Meteor|p2a: Dragonite\n|-supereffective|p2a: Dragonite\n|-damage|p2a: Dragonite|45\/100\n|-unboost|p1a: Dragonite|spa|2\n|move|p2a: Dragonite|Dragon Dance|p2a: Dragonite\n|-boost|p2a: Dragonite|atk|1\n|-boost|p2a: Dragonite|spe|1\n|\n|upkeep\n|turn|15\n|inactive|VolcaCono has 180 seconds left.\n|\n|t:|1700165416\n|move|p2a: Dragonite|Extreme Speed|p1a: Dragonite\n|-damage|p1a: Dragonite|8\/100\n|move|p1a: Dragonite|Draco Meteor|p2a: Dragonite\n|-supereffective|p2a: Dragonite\n|-damage|p2a: Dragonite|0 fnt\n|-unboost|p1a: Dragonite|spa|2\n|faint|p2a: Dragonite\n|\n|upkeep\n|\n|t:|1700165420\n|switch|p2a: Gholdengo|Gholdengo|100\/100\n|-item|p2a: Gholdengo|Air Balloon\n|turn|16\n|inactive|Skyrio&Joya has 60 seconds left.\n|\n|t:|1700165433\n|move|p2a: Gholdengo|Nasty Plot|p2a: Gholdengo\n|-boost|p2a: Gholdengo|spa|2\n|move|p1a: Dragonite|Flamethrower|p2a: Gholdengo\n|-supereffective|p2a: Gholdengo\n|-damage|p2a: Gholdengo|77\/100\n|-status|p2a: Gholdengo|brn\n|-enditem|p2a: Gholdengo|Air Balloon\n|\n|-damage|p2a: Gholdengo|71\/100 brn|[from] brn\n|upkeep\n|turn|17\n|\n|t:|1700165437\n|move|p2a: Gholdengo|Shadow Ball|p1a: Dragonite\n|-damage|p1a: Dragonite|0 fnt\n|faint|p1a: Dragonite\n|\n|-damage|p2a: Gholdengo|65\/100 brn|[from] brn\n|upkeep\n|c|\u2606VolcaCono|pas de 6-0\n|inactive|Skyrio&Joya has 60 seconds left.\n|\n|t:|1700165453\n|switch|p1a: Gliscor|Gliscor, M, tera:Dragon|100\/100 tox\n|-damage|p1a: Gliscor|88\/100 tox|[from] Stealth Rock\n|turn|18\n|\n|t:|1700165459\n|move|p2a: Gholdengo|Shadow Ball|p1a: Gliscor\n|-damage|p1a: Gliscor|22\/100 tox\n|move|p1a: Gliscor|Earthquake|p2a: Gholdengo\n|-supereffective|p2a: Gholdengo\n|-damage|p2a: Gholdengo|0 fnt\n|faint|p2a: Gholdengo\n|\n|win|Skyrio&Joya\n|c|\u2606Skyrio&Joya|gg\n","uploadtime":1700165460,"views":54,"p1id":"skyriojoya","p2id":"volcacono","formatid":"gen9ubers","rating":0,"private":0,"password":""}