{"id":"smogtours-gen9ubers-727625","p1":"I\u2665CATGIRLS","p2":"Entrocefalo","format":"[Gen 9] Ubers","log":"|inactive|Battle timer is ON: inactive players will automatically lose when time's up.\n|t:|1698613706\n|gametype|singles\n|player|p1|I\u2665CATGIRLS|winona-gen3|\n|player|p2|Entrocefalo|#scl3machines2|\n|teamsize|p1|6\n|teamsize|p2|6\n|gen|9\n|tier|[Gen 9] Ubers\n|rule|Sleep Clause Mod: Limit one foe put to sleep\n|rule|Species Clause: Limit one of each Pok\u00e9mon\n|rule|OHKO Clause: OHKO moves are banned\n|rule|Evasion Items Clause: Evasion items are banned\n|rule|Evasion Moves Clause: Evasion moves are banned\n|rule|Endless Battle Clause: Forcing endless battles is banned\n|rule|HP Percentage Mod: HP is shown in percentages\n|clearpoke\n|poke|p1|Giratina-Origin|\n|poke|p1|Arceus-Fairy|\n|poke|p1|Skeledirge, M|\n|poke|p1|Clodsire, M|\n|poke|p1|Flutter Mane|\n|poke|p1|Koraidon|\n|poke|p2|Arceus|\n|poke|p2|Koraidon|\n|poke|p2|Hatterene, F|\n|poke|p2|Clodsire, F|\n|poke|p2|Miraidon|\n|poke|p2|Kingambit, M|\n|teampreview\n|inactive|I\u2665CATGIRLS also wants the timer to be on.\n|c|\u2606Entrocefalo|hf\n|c|\u2606I\u2665CATGIRLS|Hf\n|inactive|I\u2665CATGIRLS has 270 seconds left.\n|inactive|Entrocefalo has 270 seconds left.\n|inactive|I\u2665CATGIRLS has 240 seconds left.\n|inactive|Entrocefalo has 240 seconds left.\n|inactive|I\u2665CATGIRLS has 210 seconds left.\n|inactive|Entrocefalo has 210 seconds left.\n|inactive|Entrocefalo has 180 seconds left.\n|\n|t:|1698613836\n|start\n|switch|p1a: dont run dont trip|Koraidon|100\/100\n|switch|p2a: Miraidon|Miraidon|100\/100\n|-weather|SunnyDay|[from] ability: Orichalcum Pulse|[of] p1a: dont run dont trip\n|-activate|p1a: dont run dont trip|Orichalcum Pulse|[source]\n|-fieldstart|move: Electric Terrain|[from] ability: Hadron Engine|[of] p2a: Miraidon\n|turn|1\n|inactive|Entrocefalo has 240 seconds left.\n|inactive|I\u2665CATGIRLS has 240 seconds left.\n|\n|t:|1698613866\n|switch|p2a: Clodsire|Clodsire, F|100\/100\n|move|p1a: dont run dont trip|U-turn|p2a: Clodsire\n|-resisted|p2a: Clodsire\n|-damage|p2a: Clodsire|87\/100\n|-damage|p1a: dont run dont trip|84\/100|[from] item: Rocky Helmet|[of] p2a: Clodsire\n|inactive|I\u2665CATGIRLS has 210 seconds left.\n|\n|t:|1698613909\n|switch|p1a: victory royale|Flutter Mane|100\/100|[from] U-turn\n|-activate|p1a: victory royale|ability: Protosynthesis\n|-start|p1a: victory royale|protosynthesisspe\n|\n|-weather|SunnyDay|[upkeep]\n|upkeep\n|turn|2\n|\n|t:|1698613941\n|move|p1a: victory royale|Shadow Ball|p2a: Clodsire\n|-damage|p2a: Clodsire|37\/100\n|move|p2a: Clodsire|Recover|p2a: Clodsire\n|-heal|p2a: Clodsire|87\/100\n|\n|-weather|SunnyDay|[upkeep]\n|upkeep\n|turn|3\n|inactive|I\u2665CATGIRLS has 180 seconds left.\n|\n|t:|1698613980\n|switch|p2a: Arceus|Arceus|100\/100\n|move|p1a: victory royale|Shadow Ball|p2a: Arceus\n|-immune|p2a: Arceus\n|\n|-weather|SunnyDay|[upkeep]\n|upkeep\n|turn|4\n|inactive|I\u2665CATGIRLS has 150 seconds left.\n|inactive|Entrocefalo has 210 seconds left.\n|\n|t:|1698614006\n|-end|p1a: victory royale|Protosynthesis|[silent]\n|switch|p1a: Arceus|Arceus-Fairy|100\/100\n|move|p2a: Arceus|Shadow Claw|p1a: Arceus\n|-crit|p1a: Arceus\n|-damage|p1a: Arceus|75\/100\n|-damage|p2a: Arceus|91\/100|[from] item: Life Orb\n|\n|-weather|SunnyDay|[upkeep]\n|upkeep\n|turn|5\n|inactive|I\u2665CATGIRLS has 150 seconds left.\n|inactive|Entrocefalo has 210 seconds left.\n|\n|t:|1698614020\n|switch|p2a: Clodsire|Clodsire, F|87\/100\n|move|p1a: Arceus|Judgment|p2a: Clodsire\n|-resisted|p2a: Clodsire\n|-damage|p2a: Clodsire|70\/100\n|\n|-weather|none\n|-fieldend|move: Electric Terrain\n|upkeep\n|turn|6\n|inactive|I\u2665CATGIRLS has 150 seconds left.\n|inactive|Entrocefalo has 210 seconds left.\n|\n|t:|1698614047\n|move|p1a: Arceus|Stealth Rock|p2a: Clodsire\n|-sidestart|p2: Entrocefalo|move: Stealth Rock\n|move|p2a: Clodsire|Toxic|p1a: Arceus\n|-status|p1a: Arceus|tox\n|\n|-damage|p1a: Arceus|69\/100 tox|[from] psn\n|upkeep\n|turn|7\n|inactive|Entrocefalo has 210 seconds left.\n|\n|t:|1698614061\n|move|p1a: Arceus|Will-O-Wisp|p2a: Clodsire\n|-status|p2a: Clodsire|brn\n|move|p2a: Clodsire|Recover|p2a: Clodsire\n|-heal|p2a: Clodsire|100\/100 brn\n|\n|-damage|p1a: Arceus|57\/100 tox|[from] psn\n|-damage|p2a: Clodsire|94\/100 brn|[from] brn\n|upkeep\n|turn|8\n|\n|t:|1698614066\n|move|p1a: Arceus|Recover|p1a: Arceus\n|-heal|p1a: Arceus|100\/100 tox\n|move|p2a: Clodsire|Spikes|p1a: Arceus\n|-sidestart|p1: I\u2665CATGIRLS|Spikes\n|\n|-damage|p1a: Arceus|82\/100 tox|[from] psn\n|-damage|p2a: Clodsire|88\/100 brn|[from] brn\n|upkeep\n|turn|9\n|\n|t:|1698614080\n|switch|p1a: Clodsire|Clodsire, M|100\/100\n|move|p2a: Clodsire|Toxic|p1a: Clodsire\n|-immune|p1a: Clodsire\n|\n|-damage|p2a: Clodsire|82\/100 brn|[from] brn\n|upkeep\n|turn|10\n|inactive|Entrocefalo has 210 seconds left.\n|\n|t:|1698614104\n|switch|p2a: Kingambit|Kingambit, M|100\/100\n|-damage|p2a: Kingambit|94\/100|[from] Stealth Rock\n|-item|p2a: Kingambit|Air Balloon\n|switch|p1a: victory royale|Flutter Mane|100\/100\n|-damage|p1a: victory royale|88\/100|[from] Spikes\n|\n|upkeep\n|turn|11\n|inactive|Entrocefalo has 210 seconds left.\n|inactive|I\u2665CATGIRLS has 150 seconds left.\n|inactive|I\u2665CATGIRLS has 120 seconds left.\n|inactive|Entrocefalo has 180 seconds left.\n|\n|t:|1698614168\n|-terastallize|p1a: victory royale|Fairy\n|move|p1a: victory royale|Moonblast|p2a: Kingambit\n|-damage|p2a: Kingambit|0 fnt\n|-enditem|p2a: Kingambit|Air Balloon\n|faint|p2a: Kingambit\n|-end|p2a: Kingambit|fallenundefined|[silent]\n|\n|upkeep\n|inactive|Entrocefalo has 150 seconds left.\n|inactive|Entrocefalo has 120 seconds left.\n|inactive|Entrocefalo has 90 seconds left.\n|inactive|Entrocefalo has 60 seconds left.\n|\n|t:|1698614281\n|switch|p2a: Arceus|Arceus|91\/100\n|-damage|p2a: Arceus|78\/100|[from] Stealth Rock\n|turn|12\n|inactive|I\u2665CATGIRLS has 120 seconds left.\n|inactive|Entrocefalo has 60 seconds left.\n|inactive|I\u2665CATGIRLS has 90 seconds left.\n|\n|t:|1698614329\n|-end|p1a: victory royale|Protosynthesis|[silent]\n|switch|p1a: choppy's ray gun|Giratina-Origin|100\/100\n|move|p2a: Arceus|Shadow Claw|p1a: choppy's ray gun\n|-supereffective|p1a: choppy's ray gun\n|-damage|p1a: choppy's ray gun|60\/100\n|-damage|p2a: Arceus|68\/100|[from] item: Life Orb\n|\n|upkeep\n|turn|13\n|inactive|Entrocefalo has 30 seconds left.\n|\n|t:|1698614362\n|move|p2a: Arceus|Shadow Claw|p1a: choppy's ray gun\n|-supereffective|p1a: choppy's ray gun\n|-damage|p1a: choppy's ray gun|18\/100\n|-damage|p2a: Arceus|58\/100|[from] item: Life Orb\n|move|p1a: choppy's ray gun|Draco Meteor|p2a: Arceus\n|-damage|p2a: Arceus|5\/100\n|-unboost|p1a: choppy's ray gun|spa|2\n|\n|upkeep\n|turn|14\n|\n|t:|1698614377\n|switch|p2a: Hatterene|Hatterene, F|100\/100\n|-damage|p2a: Hatterene|88\/100|[from] Stealth Rock\n|move|p1a: choppy's ray gun|Dragon Tail|p2a: Hatterene\n|-immune|p2a: Hatterene\n|\n|-heal|p2a: Hatterene|94\/100|[from] item: Leftovers\n|upkeep\n|turn|15\n|inactive|Entrocefalo has 30 seconds left.\n|inactive|I\u2665CATGIRLS has 60 seconds left.\n|\n|t:|1698614416\n|move|p1a: choppy's ray gun|Shadow Ball|p2a: Hatterene\n|-supereffective|p2a: Hatterene\n|-damage|p2a: Hatterene|50\/100\n|move|p2a: Hatterene|Trick Room|p2a: Hatterene\n|-fieldstart|move: Trick Room|[of] p2a: Hatterene\n|\n|-heal|p2a: Hatterene|56\/100|[from] item: Leftovers\n|upkeep\n|turn|16\n|inactive|I\u2665CATGIRLS has 60 seconds left.\n|\n|t:|1698614444\n|move|p2a: Hatterene|Draining Kiss|p1a: choppy's ray gun\n|-supereffective|p1a: choppy's ray gun\n|-damage|p1a: choppy's ray gun|0 fnt\n|-heal|p2a: Hatterene|77\/100|[from] drain|[of] p1a: choppy's ray gun\n|faint|p1a: choppy's ray gun\n|\n|-heal|p2a: Hatterene|83\/100|[from] item: Leftovers\n|upkeep\n|\n|t:|1698614450\n|switch|p1a: woodstake shotgun|Skeledirge, M|100\/100\n|turn|17\n|\n|t:|1698614463\n|move|p2a: Hatterene|Healing Wish|p2a: Hatterene\n|faint|p2a: Hatterene\n|move|p1a: woodstake shotgun|Torch Song|p2: Hatterene|[notarget]\n|-fail|p1a: woodstake shotgun\n|\n|upkeep\n|inactive|Entrocefalo has 30 seconds left.\n|\n|t:|1698614480\n|switch|p2a: Miraidon|Miraidon|100\/100\n|-damage|p2a: Miraidon|88\/100|[from] Stealth Rock\n|-fieldstart|move: Electric Terrain|[from] ability: Hadron Engine|[of] p2a: Miraidon\n|turn|18\n|inactive|I\u2665CATGIRLS has 60 seconds left.\n|inactive|Entrocefalo has 30 seconds left.\n|\n|t:|1698614491\n|switch|p1a: Clodsire|Clodsire, M|100\/100\n|move|p2a: Miraidon|Calm Mind|p2a: Miraidon\n|-boost|p2a: Miraidon|spa|1\n|-boost|p2a: Miraidon|spd|1\n|\n|upkeep\n|turn|19\n|inactive|I\u2665CATGIRLS has 60 seconds left.\n|inactive|Entrocefalo has 30 seconds left.\n|\n|t:|1698614504\n|-terastallize|p2a: Miraidon|Ice\n|move|p1a: Clodsire|Toxic|p2a: Miraidon\n|-status|p2a: Miraidon|tox\n|move|p2a: Miraidon|Tera Blast|p1a: Clodsire|[anim] Tera Blast Ice\n|-supereffective|p1a: Clodsire\n|-damage|p1a: Clodsire|11\/100\n|\n|-damage|p2a: Miraidon|82\/100 tox|[from] psn\n|-fieldend|move: Trick Room\n|upkeep\n|turn|20\n|inactive|I\u2665CATGIRLS has 60 seconds left.\n|\n|t:|1698614516\n|move|p2a: Miraidon|Agility|p2a: Miraidon\n|-boost|p2a: Miraidon|spe|2\n|move|p1a: Clodsire|Earthquake|p2a: Miraidon\n|-damage|p2a: Miraidon|56\/100 tox\n|\n|-damage|p2a: Miraidon|44\/100 tox|[from] psn\n|upkeep\n|turn|21\n|inactive|I\u2665CATGIRLS has 60 seconds left.\n|inactive|I\u2665CATGIRLS has 30 seconds left.\n|inactive|I\u2665CATGIRLS has 20 seconds left.\n|inactive|I\u2665CATGIRLS has 15 seconds left.\n|inactive|I\u2665CATGIRLS has 10 seconds left.\n|\n|t:|1698614577\n|switch|p1a: woodstake shotgun|Skeledirge, M|100\/100\n|move|p2a: Miraidon|Tera Blast|p1a: woodstake shotgun|[anim] Tera Blast Ice\n|-resisted|p1a: woodstake shotgun\n|-damage|p1a: woodstake shotgun|72\/100\n|\n|-damage|p2a: Miraidon|25\/100 tox|[from] psn\n|upkeep\n|turn|22\n|inactive|I\u2665CATGIRLS has 20 seconds left this turn.\n|inactive|I\u2665CATGIRLS has 15 seconds left.\n|\n|t:|1698614583\n|switch|p1a: Clodsire|Clodsire, M|11\/100\n|move|p2a: Miraidon|Tera Blast|p1a: Clodsire|[anim] Tera Blast Ice\n|-supereffective|p1a: Clodsire\n|-damage|p1a: Clodsire|0 fnt\n|faint|p1a: Clodsire\n|\n|-damage|p2a: Miraidon|1\/100 tox|[from] psn\n|-fieldend|move: Electric Terrain\n|upkeep\n|inactive|I\u2665CATGIRLS has 20 seconds left this turn.\n|inactive|I\u2665CATGIRLS has 15 seconds left.\n|\n|t:|1698614588\n|switch|p1a: woodstake shotgun|Skeledirge, M|72\/100\n|turn|23\n|inactive|I\u2665CATGIRLS has 25 seconds left this turn.\n|inactive|Entrocefalo has 60 seconds left.\n|\n|t:|1698614597\n|move|p2a: Miraidon|Electro Drift|p1a: woodstake shotgun\n|-damage|p1a: woodstake shotgun|16\/100\n|move|p1a: woodstake shotgun|Slack Off|p1a: woodstake shotgun\n|-heal|p1a: woodstake shotgun|66\/100\n|\n|-damage|p2a: Miraidon|0 fnt|[from] psn\n|faint|p2a: Miraidon\n|upkeep\n|inactive|I\u2665CATGIRLS has 30 seconds left this turn.\n|inactive|Entrocefalo has 60 seconds left.\n|\n|t:|1698614623\n|switch|p2a: Koraidon|Koraidon|100\/100\n|-damage|p2a: Koraidon|94\/100|[from] Stealth Rock\n|-weather|SunnyDay|[from] ability: Orichalcum Pulse|[of] p2a: Koraidon\n|-activate|p2a: Koraidon|Orichalcum Pulse|[source]\n|turn|24\n|inactive|I\u2665CATGIRLS has 30 seconds left.\n|inactive|I\u2665CATGIRLS has 20 seconds left.\n|inactive|I\u2665CATGIRLS has 15 seconds left.\n|inactive|Entrocefalo has 30 seconds left.\n|\n|t:|1698614648\n|switch|p1a: Arceus|Arceus-Fairy|82\/100 tox\n|-damage|p1a: Arceus|70\/100 tox|[from] Spikes\n|move|p2a: Koraidon|Flame Charge|p1a: Arceus\n|-damage|p1a: Arceus|51\/100 tox\n|-boost|p2a: Koraidon|spe|1\n|\n|-weather|SunnyDay|[upkeep]\n|-heal|p2a: Koraidon|100\/100|[from] item: Leftovers\n|-damage|p1a: Arceus|45\/100 tox|[from] psn\n|upkeep\n|turn|25\n|inactive|I\u2665CATGIRLS has 25 seconds left this turn.\n|inactive|I\u2665CATGIRLS has 20 seconds left.\n|inactive|Entrocefalo has 30 seconds left.\n|\n|t:|1698614665\n|move|p2a: Koraidon|Taunt|p1a: Arceus\n|-start|p1a: Arceus|move: Taunt\n|move|p1a: Arceus|Judgment|p2a: Koraidon\n|-supereffective|p2a: Koraidon\n|-damage|p2a: Koraidon|0 fnt\n|faint|p2a: Koraidon\n|\n|-weather|SunnyDay|[upkeep]\n|-damage|p1a: Arceus|33\/100 tox|[from] psn\n|upkeep\n|inactive|I\u2665CATGIRLS has 25 seconds left this turn.\n|inactive|Entrocefalo has 30 seconds left this turn.\n|\n|t:|1698614668\n|switch|p2a: Arceus|Arceus|5\/100\n|-heal|p2a: Arceus|100\/100|[from] move: Healing Wish\n|-damage|p2a: Arceus|88\/100|[from] Stealth Rock\n|turn|26\n|inactive|I\u2665CATGIRLS has 30 seconds left.\n|inactive|Entrocefalo has 30 seconds left.\n|inactive|I\u2665CATGIRLS has 20 seconds left.\n|inactive|Entrocefalo has 20 seconds left.\n|inactive|Entrocefalo has 15 seconds left.\n|\n|t:|1698614698\n|move|p2a: Arceus|Swords Dance|p2a: Arceus\n|-boost|p2a: Arceus|atk|2\n|move|p1a: Arceus|Judgment|p2a: Arceus\n|-damage|p2a: Arceus|54\/100\n|\n|-weather|SunnyDay|[upkeep]\n|-damage|p1a: Arceus|14\/100 tox|[from] psn\n|upkeep\n|turn|27\n|inactive|I\u2665CATGIRLS has 30 seconds left this turn.\n|inactive|Entrocefalo has 25 seconds left this turn.\n|\n|t:|1698614704\n|move|p2a: Arceus|Extreme Speed|p1a: Arceus\n|-damage|p1a: Arceus|0 fnt\n|faint|p1a: Arceus\n|-damage|p2a: Arceus|44\/100|[from] item: Life Orb\n|\n|-weather|SunnyDay|[upkeep]\n|upkeep\n|inactive|I\u2665CATGIRLS has 30 seconds left this turn.\n|inactive|Entrocefalo has 30 seconds left this turn.\n|inactive|I\u2665CATGIRLS has 20 seconds left.\n|\n|t:|1698614719\n|switch|p1a: woodstake shotgun|Skeledirge, M|66\/100\n|turn|28\n|inactive|I\u2665CATGIRLS has 30 seconds left this turn.\n|\n|t:|1698614726\n|move|p2a: Arceus|Earthquake|p1a: woodstake shotgun\n|-supereffective|p1a: woodstake shotgun\n|-damage|p1a: woodstake shotgun|6\/100\n|-damage|p2a: Arceus|34\/100|[from] item: Life Orb\n|move|p1a: woodstake shotgun|Torch Song|p2a: Arceus\n|-damage|p2a: Arceus|3\/100\n|-boost|p1a: woodstake shotgun|spa|1\n|\n|-weather|none\n|upkeep\n|turn|29\n|inactive|I\u2665CATGIRLS has 30 seconds left.\n|\n|t:|1698614742\n|move|p2a: Arceus|Earthquake|p1a: woodstake shotgun\n|-supereffective|p1a: woodstake shotgun\n|-damage|p1a: woodstake shotgun|0 fnt\n|faint|p1a: woodstake shotgun\n|-damage|p2a: Arceus|0 fnt|[from] item: Life Orb\n|faint|p2a: Arceus\n|\n|upkeep\n|inactive|I\u2665CATGIRLS has 30 seconds left.\n|\n|t:|1698614748\n|switch|p2a: Clodsire|Clodsire, F|82\/100 brn\n|switch|p1a: victory royale|Flutter Mane, tera:Fairy|88\/100\n|-damage|p1a: victory royale|76\/100|[from] Spikes\n|-damage|p2a: Clodsire|75\/100 brn|[from] Stealth Rock\n|turn|30\n|\n|t:|1698614751\n|move|p1a: victory royale|Shadow Ball|p2a: Clodsire\n|-damage|p2a: Clodsire|31\/100 brn\n|move|p2a: Clodsire|Recover|p2a: Clodsire\n|-heal|p2a: Clodsire|81\/100 brn\n|\n|-damage|p2a: Clodsire|75\/100 brn|[from] brn\n|upkeep\n|turn|31\n|\n|t:|1698614754\n|move|p1a: victory royale|Shadow Ball|p2a: Clodsire\n|-damage|p2a: Clodsire|25\/100 brn\n|move|p2a: Clodsire|Recover|p2a: Clodsire\n|-heal|p2a: Clodsire|75\/100 brn\n|\n|-damage|p2a: Clodsire|69\/100 brn|[from] brn\n|upkeep\n|turn|32\n|c|\u2606Entrocefalo|gg\n|c|\u2606I\u2665CATGIRLS|gg\n|-message|Entrocefalo forfeited.\n|\n|win|I\u2665CATGIRLS\n","uploadtime":1698614763,"views":383,"p1id":"icatgirls","p2id":"entrocefalo","formatid":"gen9ubers","rating":0,"private":0,"password":""}