{"id":"smogtours-gen9ubers-731866","p1":"Luna's Bann3d Now","p2":"skimmythegod","format":"[Gen 9] Ubers","log":"|inactive|Battle timer is ON: inactive players will automatically lose when time's up.\n|t:|1700478478\n|gametype|singles\n|player|p1|Luna's Bann3d Now|#agplvivoryimpalers|\n|player|p2|skimmythegod|#uplximelmetal|\n|teamsize|p1|6\n|teamsize|p2|6\n|gen|9\n|tier|[Gen 9] Ubers\n|rule|Sleep Clause Mod: Limit one foe put to sleep\n|rule|Species Clause: Limit one of each Pok\u00e9mon\n|rule|OHKO Clause: OHKO moves are banned\n|rule|Evasion Items Clause: Evasion items are banned\n|rule|Evasion Moves Clause: Evasion moves are banned\n|rule|Endless Battle Clause: Forcing endless battles is banned\n|rule|HP Percentage Mod: HP is shown in percentages\n|clearpoke\n|poke|p1|Arceus-Fairy|\n|poke|p1|Miraidon|\n|poke|p1|Giratina-Origin|\n|poke|p1|Ting-Lu|\n|poke|p1|Kyogre|\n|poke|p1|Alomomola, M|\n|poke|p2|Ribombee, F|\n|poke|p2|Koraidon|\n|poke|p2|Arceus-Ground|\n|poke|p2|Zacian-*|\n|poke|p2|Miraidon|\n|poke|p2|Basculegion, M|\n|teampreview\n|inactive|skimmythegod also wants the timer to be on.\n|c|\u2606skimmythegod|hf\n|\n|t:|1700478513\n|start\n|switch|p1a: Miraidon|Miraidon|100\/100\n|switch|p2a: Ribombee|Ribombee, F|100\/100\n|-fieldstart|move: Electric Terrain|[from] ability: Hadron Engine|[of] p1a: Miraidon\n|turn|1\n|inactive|skimmythegod has 270 seconds left.\n|inactive|skimmythegod has 240 seconds left.\n|inactive|skimmythegod has 210 seconds left.\n|inactive|skimmythegod has 180 seconds left.\n|\n|t:|1700478641\n|move|p1a: Miraidon|Dazzling Gleam|p2a: Ribombee\n|-damage|p2a: Ribombee|27\/100\n|move|p2a: Ribombee|Sticky Web|p1a: Miraidon\n|-sidestart|p1: Luna's Bann3d Now|move: Sticky Web\n|\n|upkeep\n|turn|2\n|\n|t:|1700478645\n|move|p1a: Miraidon|Dazzling Gleam|p2a: Ribombee\n|-damage|p2a: Ribombee|0 fnt\n|faint|p2a: Ribombee\n|\n|upkeep\n|\n|t:|1700478650\n|switch|p2a: Zacian|Zacian-Crowned|100\/100\n|-ability|p2a: Zacian|Intrepid Sword|boost\n|-boost|p2a: Zacian|atk|1\n|turn|3\n|\n|t:|1700478659\n|switch|p1a: Alomomola|Alomomola, M|100\/100\n|-activate|p1a: Alomomola|move: Sticky Web\n|-unboost|p1a: Alomomola|spe|1\n|move|p2a: Zacian|Swords Dance|p2a: Zacian\n|-boost|p2a: Zacian|atk|2\n|\n|upkeep\n|turn|4\n|\n|t:|1700478664\n|move|p2a: Zacian|Wild Charge|p1a: Alomomola\n|-supereffective|p1a: Alomomola\n|-damage|p1a: Alomomola|0 fnt\n|-damage|p2a: Zacian|84\/100|[from] item: Rocky Helmet|[of] p1a: Alomomola\n|faint|p1a: Alomomola\n|-damage|p2a: Zacian|43\/100|[from] Recoil\n|\n|upkeep\n|\n|t:|1700478669\n|switch|p1a: Giratina|Giratina-Origin|100\/100\n|turn|5\n|inactive|Luna's Bann3d Now has 270 seconds left.\n|\n|t:|1700478702\n|-terastallize|p1a: Giratina|Steel\n|move|p2a: Zacian|Behemoth Blade|p1a: Giratina\n|-resisted|p1a: Giratina\n|-damage|p1a: Giratina|51\/100\n|move|p1a: Giratina|Defog|p2a: Zacian\n|-unboost|p2a: Zacian|evasion|1\n|-sideend|p1: Luna's Bann3d Now|Sticky Web|[from] move: Defog|[of] p1a: Giratina\n|-fieldend|move: Electric Terrain\n|\n|upkeep\n|turn|6\n|inactive|Luna's Bann3d Now has 270 seconds left.\n|\n|t:|1700478723\n|switch|p1a: Miraidon|Miraidon|100\/100\n|-fieldstart|move: Electric Terrain|[from] ability: Hadron Engine|[of] p1a: Miraidon\n|move|p2a: Zacian|Wild Charge|p1a: Miraidon\n|-resisted|p1a: Miraidon\n|-damage|p1a: Miraidon|71\/100\n|-damage|p2a: Zacian|35\/100|[from] Recoil\n|\n|upkeep\n|turn|7\n|\n|t:|1700478730\n|move|p1a: Miraidon|Electro Drift|p2a: Zacian\n|-damage|p2a: Zacian|0 fnt\n|faint|p2a: Zacian\n|\n|upkeep\n|\n|t:|1700478740\n|switch|p2a: Koraidon|Koraidon|100\/100\n|-weather|SunnyDay|[from] ability: Orichalcum Pulse|[of] p2a: Koraidon\n|-activate|p2a: Koraidon|Orichalcum Pulse|[source]\n|turn|8\n|\n|t:|1700478744\n|switch|p1a: Arceus|Arceus-Fairy|100\/100\n|move|p2a: Koraidon|Swords Dance|p2a: Koraidon\n|-boost|p2a: Koraidon|atk|2\n|\n|-weather|SunnyDay|[upkeep]\n|upkeep\n|turn|9\n|\n|t:|1700478749\n|switch|p1a: Kyogre|Kyogre|100\/100\n|-weather|RainDance|[from] ability: Drizzle|[of] p1a: Kyogre\n|-terastallize|p2a: Koraidon|Fire\n|move|p2a: Koraidon|Flame Charge|p1a: Kyogre\n|-resisted|p1a: Kyogre\n|-damage|p1a: Kyogre|86\/100\n|-boost|p2a: Koraidon|spe|1\n|\n|-weather|RainDance|[upkeep]\n|-heal|p1a: Kyogre|92\/100|[from] item: Leftovers\n|upkeep\n|turn|10\n|\n|t:|1700478754\n|move|p2a: Koraidon|Low Kick|p1a: Kyogre\n|-damage|p1a: Kyogre|0 fnt\n|faint|p1a: Kyogre\n|\n|-weather|RainDance|[upkeep]\n|-fieldend|move: Electric Terrain\n|upkeep\n|\n|t:|1700478756\n|switch|p1a: Arceus|Arceus-Fairy|100\/100\n|turn|11\n|\n|t:|1700478764\n|move|p2a: Koraidon|Low Kick|p1a: Arceus\n|-resisted|p1a: Arceus\n|-damage|p1a: Arceus|61\/100\n|move|p1a: Arceus|Judgment|p2a: Koraidon\n|-resisted|p2a: Koraidon\n|-damage|p2a: Koraidon|76\/100\n|\n|-weather|RainDance|[upkeep]\n|upkeep\n|turn|12\n|\n|t:|1700478770\n|move|p2a: Koraidon|Swords Dance|p2a: Koraidon\n|-boost|p2a: Koraidon|atk|2\n|move|p1a: Arceus|Judgment|p2a: Koraidon\n|-resisted|p2a: Koraidon\n|-damage|p2a: Koraidon|49\/100\n|\n|-weather|RainDance|[upkeep]\n|upkeep\n|turn|13\n|\n|t:|1700478775\n|move|p2a: Koraidon|Flame Charge|p1a: Arceus\n|-damage|p1a: Arceus|30\/100\n|-boost|p2a: Koraidon|spe|1\n|move|p1a: Arceus|Judgment|p2a: Koraidon\n|-resisted|p2a: Koraidon\n|-damage|p2a: Koraidon|24\/100\n|\n|-weather|none\n|upkeep\n|turn|14\n|\n|t:|1700478779\n|move|p2a: Koraidon|Low Kick|p1a: Arceus\n|-resisted|p1a: Arceus\n|-damage|p1a: Arceus|0 fnt\n|faint|p1a: Arceus\n|\n|upkeep\n|\n|t:|1700478780\n|switch|p1a: Miraidon|Miraidon|71\/100\n|-fieldstart|move: Electric Terrain|[from] ability: Hadron Engine|[of] p1a: Miraidon\n|turn|15\n|c|\u2606Luna's Bann3d Now|im so tired of loading this team\n|c|\u2606Luna's Bann3d Now|into webs every singular time\n|\n|t:|1700478792\n|move|p2a: Koraidon|Dragon Claw|p1a: Miraidon\n|-supereffective|p1a: Miraidon\n|-damage|p1a: Miraidon|0 fnt\n|faint|p1a: Miraidon\n|\n|upkeep\n|\n|t:|1700478794\n|switch|p1a: Giratina|Giratina-Origin, tera:Steel|51\/100\n|turn|16\n|c|\u2606Luna's Bann3d Now|its actually just unwinnable\n|c|\u2606skimmythegod|dude this is my first time loading webs into a non hatterene team\n|\n|t:|1700478810\n|move|p2a: Koraidon|Low Kick|p1a: Giratina\n|-supereffective|p1a: Giratina\n|-damage|p1a: Giratina|0 fnt\n|faint|p1a: Giratina\n|\n|upkeep\n|\n|t:|1700478813\n|switch|p1a: Ting-Lu|Ting-Lu|100\/100\n|-ability|p1a: Ting-Lu|Vessel of Ruin\n|turn|17\n|\n|t:|1700478815\n|move|p2a: Koraidon|Low Kick|p1a: Ting-Lu\n|-supereffective|p1a: Ting-Lu\n|-damage|p1a: Ting-Lu|0 fnt\n|faint|p1a: Ting-Lu\n|\n|win|skimmythegod\n","uploadtime":1700478816,"views":17,"p1id":"lunasbann3dnow","p2id":"skimmythegod","formatid":"gen9ubers","rating":0,"private":0,"password":""}