{"id":"smogtours-gen9ubers-732814","p1":"Taka","p2":"Entrocefalo","format":"[Gen 9] Ubers","log":"|inactive|Battle timer is ON: inactive players will automatically lose when time's up.\n|t:|1701035381\n|gametype|singles\n|player|p1|Taka|#scl3spartans|\n|player|p2|Entrocefalo|#scl3machines2|\n|teamsize|p1|6\n|teamsize|p2|6\n|gen|9\n|tier|[Gen 9] Ubers\n|rule|Sleep Clause Mod: Limit one foe put to sleep\n|rule|Species Clause: Limit one of each Pok\u00e9mon\n|rule|OHKO Clause: OHKO moves are banned\n|rule|Evasion Items Clause: Evasion items are banned\n|rule|Evasion Moves Clause: Evasion moves are banned\n|rule|Endless Battle Clause: Forcing endless battles is banned\n|rule|HP Percentage Mod: HP is shown in percentages\n|clearpoke\n|poke|p1|Kyogre|\n|poke|p1|Eternatus|\n|poke|p1|Zacian-*|\n|poke|p1|Gliscor, M|\n|poke|p1|Koraidon|\n|poke|p1|Groudon|\n|poke|p2|Glimmora, F|\n|poke|p2|Rayquaza|\n|poke|p2|Calyrex-Ice|\n|poke|p2|Miraidon|\n|poke|p2|Koraidon|\n|poke|p2|Arceus|\n|teampreview\n|inactive|Taka also wants the timer to be on.\n|c|\u2606Entrocefalo|hf\n|c|\u2606Taka|u2\n|inactive|Taka has 270 seconds left.\n|inactive|Entrocefalo has 270 seconds left.\n|raw|<div class=\"broadcast-red\"><strong>Moderated chat was set to \u2606!<\/strong><br \/>Only users of rank \u2606 and higher can talk.<\/div>\n|inactive|Taka has 240 seconds left.\n|inactive|Entrocefalo has 240 seconds left.\n|inactive|Taka has 210 seconds left.\n|inactive|Entrocefalo has 210 seconds left.\n|inactive|Taka has 180 seconds left.\n|inactive|Entrocefalo has 180 seconds left.\n|\n|t:|1701035517\n|start\n|switch|p1a: Eternatus|Eternatus|100\/100\n|switch|p2a: Glimmora|Glimmora, F|100\/100\n|-ability|p1a: Eternatus|Pressure\n|turn|1\n|inactive|Taka has 240 seconds left.\n|inactive|Taka has 210 seconds left.\n|inactive|Entrocefalo has 210 seconds left.\n|inactive|Taka has 180 seconds left.\n|\n|t:|1701035594\n|move|p1a: Eternatus|Dynamax Cannon|p2a: Glimmora\n|-damage|p2a: Glimmora|16\/100\n|move|p2a: Glimmora|Mud Shot|p1a: Eternatus\n|-supereffective|p1a: Eternatus\n|-damage|p1a: Eternatus|69\/100\n|-unboost|p1a: Eternatus|spe|1\n|\n|upkeep\n|turn|2\n|\n|t:|1701035615\n|move|p1a: Eternatus|Dynamax Cannon|p2a: Glimmora\n|-damage|p2a: Glimmora|0 fnt\n|faint|p2a: Glimmora\n|\n|upkeep\n|inactive|Entrocefalo has 180 seconds left.\n|inactive|Entrocefalo has 150 seconds left.\n|inactive|Entrocefalo has 120 seconds left.\n|inactive|Entrocefalo has 90 seconds left.\n|\n|t:|1701035748\n|switch|p2a: Arceus|Arceus|100\/100\n|turn|3\n|inactive|Entrocefalo has 60 seconds left.\n|inactive|Taka has 150 seconds left.\n|\n|t:|1701035783\n|move|p1a: Eternatus|Dynamax Cannon|p2a: Arceus\n|-crit|p2a: Arceus\n|-damage|p2a: Arceus|37\/100\n|move|p2a: Arceus|Swords Dance|p2a: Arceus\n|-boost|p2a: Arceus|atk|2\n|\n|upkeep\n|turn|4\n|inactive|Taka has 150 seconds left.\n|c|\u2606Taka|mb\n|inactive|Taka has 120 seconds left.\n|inactive|Taka disconnected and has 300 seconds to reconnect!\n|player|p1|\n|inactive|Taka reconnected and has 110 seconds left.\n|player|p1|Taka|#scl3spartans\n|\n|t:|1701035848\n|switch|p1a: Zacian|Zacian-Crowned|100\/100\n|-ability|p1a: Zacian|Intrepid Sword|boost\n|-boost|p1a: Zacian|atk|1\n|move|p2a: Arceus|Extreme Speed|p1a: Zacian\n|-resisted|p1a: Zacian\n|-damage|p1a: Zacian|45\/100\n|-damage|p2a: Arceus|27\/100|[from] item: Life Orb\n|\n|upkeep\n|turn|5\n|inactive|Entrocefalo has 60 seconds left.\n|inactive|Taka has 90 seconds left.\n|\n|t:|1701035896\n|move|p2a: Arceus|Extreme Speed|p1a: Zacian\n|-resisted|p1a: Zacian\n|-damage|p1a: Zacian|0 fnt\n|faint|p1a: Zacian\n|-damage|p2a: Arceus|17\/100|[from] item: Life Orb\n|\n|upkeep\n|inactive|Taka has 60 seconds left.\n|\n|t:|1701035911\n|switch|p1a: Koraidon|Koraidon|100\/100\n|-weather|SunnyDay|[from] ability: Orichalcum Pulse|[of] p1a: Koraidon\n|-activate|p1a: Koraidon|Orichalcum Pulse|[source]\n|turn|6\n|inactive|Taka has 60 seconds left.\n|inactive|Entrocefalo has 60 seconds left.\n|\n|t:|1701035927\n|-terastallize|p1a: Koraidon|Ghost\n|move|p2a: Arceus|Extreme Speed|p1a: Koraidon\n|-immune|p1a: Koraidon\n|move|p1a: Koraidon|Dragon Claw|p2a: Arceus\n|-damage|p2a: Arceus|0 fnt\n|faint|p2a: Arceus\n|\n|-weather|SunnyDay|[upkeep]\n|upkeep\n|inactive|Entrocefalo has 60 seconds left.\n|inactive|Entrocefalo has 30 seconds left.\n|\n|t:|1701035967\n|switch|p2a: Miraidon|Miraidon|100\/100\n|-fieldstart|move: Electric Terrain|[from] ability: Hadron Engine|[of] p2a: Miraidon\n|-enditem|p2a: Miraidon|Electric Seed\n|-boost|p2a: Miraidon|def|1|[from] item: Electric Seed\n|turn|7\n|inactive|Entrocefalo has 30 seconds left.\n|inactive|Taka has 60 seconds left.\n|\n|t:|1701035998\n|-terastallize|p2a: Miraidon|Fairy\n|move|p1a: Koraidon|Dragon Claw|p2a: Miraidon\n|-immune|p2a: Miraidon\n|move|p2a: Miraidon|Calm Mind|p2a: Miraidon\n|-boost|p2a: Miraidon|spa|1\n|-boost|p2a: Miraidon|spd|1\n|\n|-weather|SunnyDay|[upkeep]\n|upkeep\n|turn|8\n|inactive|Entrocefalo has 30 seconds left.\n|\n|t:|1701036009\n|switch|p1a: Eternatus|Eternatus|69\/100\n|-ability|p1a: Eternatus|Pressure\n|move|p2a: Miraidon|Calm Mind|p2a: Miraidon\n|-boost|p2a: Miraidon|spa|1\n|-boost|p2a: Miraidon|spd|1\n|\n|-weather|SunnyDay|[upkeep]\n|upkeep\n|turn|9\n|inactive|Entrocefalo has 30 seconds left.\n|\n|t:|1701036015\n|move|p1a: Eternatus|Toxic|p2a: Miraidon\n|-status|p2a: Miraidon|tox\n|move|p2a: Miraidon|Agility|p2a: Miraidon\n|-boost|p2a: Miraidon|spe|2\n|\n|-weather|SunnyDay|[upkeep]\n|-damage|p2a: Miraidon|94\/100 tox|[from] psn\n|upkeep\n|turn|10\n|inactive|Taka has 60 seconds left.\n|inactive|Taka has 30 seconds left.\n|\n|t:|1701036055\n|move|p2a: Miraidon|Dragon Pulse|p1a: Eternatus\n|-supereffective|p1a: Eternatus\n|-damage|p1a: Eternatus|0 fnt\n|faint|p1a: Eternatus\n|\n|-weather|none\n|-damage|p2a: Miraidon|82\/100 tox|[from] psn\n|upkeep\n|inactive|Taka has 30 seconds left this turn.\n|\n|t:|1701036062\n|switch|p1a: Gliscor|Gliscor, M|100\/100\n|turn|11\n|\n|t:|1701036065\n|move|p1a: Gliscor|Protect|p1a: Gliscor\n|-singleturn|p1a: Gliscor|Protect\n|move|p2a: Miraidon|Calm Mind|p2a: Miraidon\n|-boost|p2a: Miraidon|spa|1\n|-boost|p2a: Miraidon|spd|1\n|\n|-damage|p2a: Miraidon|64\/100 tox|[from] psn\n|-fieldend|move: Electric Terrain\n|-status|p1a: Gliscor|tox|[from] item: Toxic Orb\n|upkeep\n|turn|12\n|inactive|Taka has 30 seconds left.\n|inactive|Taka has 20 seconds left.\n|\n|t:|1701036095\n|switch|p1a: Groudon|Groudon|100\/100\n|-weather|SunnyDay|[from] ability: Drought|[of] p1a: Groudon\n|move|p2a: Miraidon|Dragon Pulse|p1a: Groudon\n|-damage|p1a: Groudon|0 fnt\n|faint|p1a: Groudon\n|\n|-weather|SunnyDay|[upkeep]\n|-damage|p2a: Miraidon|39\/100 tox|[from] psn\n|upkeep\n|inactive|Taka has 25 seconds left this turn.\n|\n|t:|1701036097\n|switch|p1a: Gliscor|Gliscor, M|100\/100 tox\n|turn|13\n|\n|t:|1701036101\n|switch|p2a: Rayquaza|Rayquaza|100\/100\n|-ability|p2a: Rayquaza|Air Lock\n|move|p1a: Gliscor|Protect||[still]\n|-fail|p1a: Gliscor\n|\n|-weather|SunnyDay|[upkeep]\n|upkeep\n|turn|14\n|\n|t:|1701036114\n|switch|p1a: Kyogre|Kyogre|100\/100\n|-weather|RainDance|[from] ability: Drizzle|[of] p1a: Kyogre\n|move|p2a: Rayquaza|Substitute|p2a: Rayquaza\n|-start|p2a: Rayquaza|Substitute\n|-damage|p2a: Rayquaza|76\/100\n|\n|-weather|RainDance|[upkeep]\n|upkeep\n|turn|15\n|inactive|Entrocefalo has 90 seconds left.\n|\n|t:|1701036141\n|move|p2a: Rayquaza|Dragon Dance|p2a: Rayquaza\n|-boost|p2a: Rayquaza|atk|1\n|-boost|p2a: Rayquaza|spe|1\n|move|p1a: Kyogre|Ice Beam|p2a: Rayquaza\n|-supereffective|p2a: Rayquaza\n|-end|p2a: Rayquaza|Substitute\n|\n|-weather|RainDance|[upkeep]\n|upkeep\n|turn|16\n|\n|t:|1701036149\n|move|p2a: Rayquaza|Dragon Ascent|p1a: Kyogre\n|-damage|p1a: Kyogre|0 fnt\n|-unboost|p2a: Rayquaza|def|1\n|-unboost|p2a: Rayquaza|spd|1\n|faint|p1a: Kyogre\n|\n|-weather|RainDance|[upkeep]\n|upkeep\n|\n|t:|1701036155\n|switch|p1a: Koraidon|Koraidon, tera:Ghost|100\/100\n|-weather|SunnyDay|[from] ability: Orichalcum Pulse|[of] p1a: Koraidon\n|-activate|p1a: Koraidon|Orichalcum Pulse|[source]\n|turn|17\n|\n|t:|1701036174\n|move|p2a: Rayquaza|Dragon Ascent|p1a: Koraidon\n|-damage|p1a: Koraidon|0 fnt\n|-unboost|p2a: Rayquaza|def|1\n|-unboost|p2a: Rayquaza|spd|1\n|faint|p1a: Koraidon\n|\n|-weather|SunnyDay|[upkeep]\n|upkeep\n|\n|t:|1701036176\n|switch|p1a: Gliscor|Gliscor, M|100\/100 tox\n|turn|18\n|c|\u2606Entrocefalo|gg\n|c|\u2606Taka|gg\n|-message|Taka forfeited.\n|\n|win|Entrocefalo\n","uploadtime":1701035865,"views":147,"p1id":"taka","p2id":"entrocefalo","formatid":"gen9ubers","rating":0,"private":0,"password":""}