{"id":"smogtours-gen9ubers-730962","p1":"Navys_1 Zenord","p2":"mimilimi - sylveon","format":"[Gen 9] Ubers","log":"|inactive|Battle timer is ON: inactive players will automatically lose when time's up.\n|t:|1700251889\n|gametype|singles\n|player|p1|Navys_1 Zenord|pokemaniac|\n|player|p2|mimilimi - sylveon|101|\n|teamsize|p1|6\n|teamsize|p2|6\n|gen|9\n|tier|[Gen 9] Ubers\n|rule|Sleep Clause Mod: Limit one foe put to sleep\n|rule|Species Clause: Limit one of each Pok\u00e9mon\n|rule|OHKO Clause: OHKO moves are banned\n|rule|Evasion Items Clause: Evasion items are banned\n|rule|Evasion Moves Clause: Evasion moves are banned\n|rule|Endless Battle Clause: Forcing endless battles is banned\n|rule|HP Percentage Mod: HP is shown in percentages\n|clearpoke\n|poke|p1|Kommo-o, M|\n|poke|p1|Rillaboom, F|\n|poke|p1|Ogerpon-Wellspring, F|\n|poke|p1|Heatran, M|\n|poke|p1|Great Tusk|\n|poke|p1|Sneasler, M|\n|poke|p2|Clefable, M|\n|poke|p2|Skeledirge, M|\n|poke|p2|Zapdos|\n|poke|p2|Clodsire, F|\n|poke|p2|Dragapult, F|\n|poke|p2|Gliscor, M|\n|teampreview\n|c|\u2606mimilimi - sylveon|hf\n|c|\u2606Navys_1 Zenord|hf\n|inactive|Navys_1 Zenord has 270 seconds left.\n|inactive|mimilimi - sylveon has 270 seconds left.\n|inactive|mimilimi - sylveon has 240 seconds left.\n|\n|t:|1700251975\n|start\n|switch|p1a: Rillaboom|Rillaboom, F|100\/100\n|switch|p2a: bird time|Zapdos|100\/100\n|-fieldstart|move: Grassy Terrain|[from] ability: Grassy Surge|[of] p1a: Rillaboom\n|turn|1\n|inactive|mimilimi - sylveon has 270 seconds left.\n|\n|t:|1700252008\n|switch|p1a: Heatran|Heatran, M|100\/100\n|move|p2a: bird time|Thunder Wave|p1a: Heatran\n|-status|p1a: Heatran|par\n|\n|upkeep\n|turn|2\n|inactive|mimilimi - sylveon has 240 seconds left.\n|inactive|mimilimi - sylveon has 210 seconds left.\n|inactive|mimilimi - sylveon has 180 seconds left.\n|\n|t:|1700252097\n|move|p2a: bird time|Volt Switch|p1a: Heatran\n|-damage|p1a: Heatran|81\/100 par\n|\n|t:|1700252098\n|switch|p2a: krokimoki|Skeledirge, M|100\/100|[from] Volt Switch\n|move|p1a: Heatran|Stealth Rock|p2a: krokimoki\n|-sidestart|p2: mimilimi - sylveon|move: Stealth Rock\n|\n|-heal|p1a: Heatran|87\/100 par|[from] Grassy Terrain\n|-heal|p1a: Heatran|93\/100 par|[from] item: Leftovers\n|upkeep\n|turn|3\n|inactive|mimilimi - sylveon has 180 seconds left.\n|inactive|mimilimi - sylveon has 150 seconds left.\n|inactive|mimilimi - sylveon has 120 seconds left.\n|\n|t:|1700252180\n|switch|p2a: I aint ubers|Gliscor, M|100\/100\n|-damage|p2a: I aint ubers|88\/100|[from] Stealth Rock\n|move|p1a: Heatran|Earth Power|p2a: I aint ubers\n|-immune|p2a: I aint ubers\n|\n|-heal|p1a: Heatran|99\/100 par|[from] Grassy Terrain\n|-heal|p1a: Heatran|100\/100 par|[from] item: Leftovers\n|-status|p2a: I aint ubers|tox|[from] item: Toxic Orb\n|upkeep\n|turn|4\n|inactive|mimilimi - sylveon has 120 seconds left.\n|\n|t:|1700252205\n|move|p2a: I aint ubers|Spikes|p1a: Heatran\n|-sidestart|p1: Navys_1 Zenord|Spikes\n|move|p1a: Heatran|Magma Storm|p2a: I aint ubers\n|-damage|p2a: I aint ubers|50\/100 tox\n|-activate|p2a: I aint ubers|move: Magma Storm|[of] p1a: Heatran\n|\n|-heal|p2a: I aint ubers|63\/100 tox|[from] ability: Poison Heal\n|-damage|p2a: I aint ubers|50\/100 tox|[from] move: Magma Storm|[partiallytrapped]\n|upkeep\n|turn|5\n|inactive|mimilimi - sylveon has 90 seconds left.\n|inactive|mimilimi - sylveon has 60 seconds left.\n|\n|t:|1700252262\n|move|p2a: I aint ubers|Knock Off|p1a: Heatran\n|-damage|p1a: Heatran|83\/100 par\n|-enditem|p1a: Heatran|Leftovers|[from] move: Knock Off|[of] p2a: I aint ubers\n|cant|p1a: Heatran|par\n|\n|-heal|p1a: Heatran|89\/100 par|[from] Grassy Terrain\n|-heal|p2a: I aint ubers|63\/100 tox|[from] ability: Poison Heal\n|-damage|p2a: I aint ubers|50\/100 tox|[from] move: Magma Storm|[partiallytrapped]\n|upkeep\n|turn|6\n|inactive|mimilimi - sylveon has 60 seconds left.\n|\n|t:|1700252283\n|move|p2a: I aint ubers|Earthquake|p1a: Heatran\n|-supereffective|p1a: Heatran\n|-damage|p1a: Heatran|39\/100 par\n|move|p1a: Heatran|Magma Storm|p2a: I aint ubers\n|-damage|p2a: I aint ubers|11\/100 tox\n|\n|-heal|p1a: Heatran|46\/100 par|[from] Grassy Terrain\n|-heal|p2a: I aint ubers|23\/100 tox|[from] ability: Poison Heal\n|-damage|p2a: I aint ubers|11\/100 tox|[from] move: Magma Storm|[partiallytrapped]\n|upkeep\n|turn|7\n|inactive|Navys_1 Zenord has 270 seconds left.\n|\n|t:|1700252325\n|switch|p1a: Ogerpon|Ogerpon-Wellspring, F|100\/100\n|-damage|p1a: Ogerpon|88\/100|[from] Spikes\n|move|p2a: I aint ubers|Earthquake|p1a: Ogerpon\n|-resisted|p1a: Ogerpon\n|-damage|p1a: Ogerpon|78\/100\n|\n|-heal|p1a: Ogerpon|84\/100|[from] Grassy Terrain\n|-heal|p2a: I aint ubers|23\/100 tox|[from] ability: Poison Heal\n|-end|p2a: I aint ubers|Magma Storm|[partiallytrapped]|[silent]\n|upkeep\n|turn|8\n|\n|t:|1700252348\n|switch|p2a: ghost dude|Dragapult, F|100\/100\n|move|p1a: Ogerpon|Swords Dance|p1a: Ogerpon\n|-boost|p1a: Ogerpon|atk|2\n|\n|-heal|p1a: Ogerpon|90\/100|[from] Grassy Terrain\n|-fieldend|move: Grassy Terrain\n|upkeep\n|turn|9\n|inactive|Navys_1 Zenord has 240 seconds left.\n|\n|t:|1700252397\n|-terastallize|p1a: Ogerpon|Water\n|detailschange|p1a: Ogerpon|Ogerpon-Wellspring-Tera, F, tera:Water\n|-ability|p1a: Ogerpon|Embody Aspect (Wellspring)|boost\n|-boost|p1a: Ogerpon|spd|1\n|move|p2a: ghost dude|Will-O-Wisp|p1a: Ogerpon\n|-status|p1a: Ogerpon|brn\n|move|p1a: Ogerpon|Play Rough|p2a: ghost dude\n|-supereffective|p2a: ghost dude\n|-damage|p2a: ghost dude|12\/100\n|\n|-damage|p1a: Ogerpon|84\/100 brn|[from] brn\n|upkeep\n|turn|10\n|inactive|mimilimi - sylveon has 30 seconds left.\n|\n|t:|1700252426\n|move|p2a: ghost dude|U-turn|p1a: Ogerpon\n|-damage|p1a: Ogerpon|63\/100 brn\n|\n|t:|1700252427\n|switch|p2a: I aint ubers|Gliscor, M|23\/100 tox|[from] U-turn\n|-damage|p2a: I aint ubers|11\/100 tox|[from] Stealth Rock\n|move|p1a: Ogerpon|Trailblaze|p2a: I aint ubers\n|-crit|p2a: I aint ubers\n|-damage|p2a: I aint ubers|0 fnt\n|-boost|p1a: Ogerpon|spe|1\n|faint|p2a: I aint ubers\n|\n|-damage|p1a: Ogerpon|57\/100 brn|[from] brn\n|upkeep\n|inactive|mimilimi - sylveon has 30 seconds left.\n|inactive|mimilimi - sylveon has 20 seconds left.\n|\n|t:|1700252448\n|switch|p2a: bird time|Zapdos|100\/100\n|turn|11\n|inactive|mimilimi - sylveon has 30 seconds left this turn.\n|inactive|mimilimi - sylveon has 20 seconds left.\n|\n|t:|1700252459\n|move|p1a: Ogerpon|Ivy Cudgel|p2a: bird time\n|-damage|p2a: bird time|42\/100\n|move|p2a: bird time|Roost|p2a: bird time\n|-heal|p2a: bird time|92\/100\n|-singleturn|p2a: bird time|move: Roost\n|\n|-damage|p1a: Ogerpon|51\/100 brn|[from] brn\n|upkeep\n|turn|12\n|inactive|mimilimi - sylveon has 30 seconds left this turn.\n|inactive|mimilimi - sylveon has 20 seconds left.\n|inactive|mimilimi - sylveon has 15 seconds left.\n|\n|t:|1700252478\n|move|p1a: Ogerpon|Ivy Cudgel|p2a: bird time\n|-damage|p2a: bird time|35\/100\n|move|p2a: bird time|Roost|p2a: bird time\n|-heal|p2a: bird time|85\/100\n|-singleturn|p2a: bird time|move: Roost\n|\n|-damage|p1a: Ogerpon|45\/100 brn|[from] brn\n|upkeep\n|turn|13\n|inactive|mimilimi - sylveon has 25 seconds left this turn.\n|inactive|mimilimi - sylveon has 20 seconds left.\n|\n|t:|1700252489\n|move|p1a: Ogerpon|Swords Dance|p1a: Ogerpon\n|-boost|p1a: Ogerpon|atk|2\n|move|p2a: bird time|Roost|p2a: bird time\n|-heal|p2a: bird time|100\/100\n|-singleturn|p2a: bird time|move: Roost\n|\n|-damage|p1a: Ogerpon|39\/100 brn|[from] brn\n|upkeep\n|turn|14\n|inactive|mimilimi - sylveon has 30 seconds left this turn.\n|inactive|mimilimi - sylveon has 20 seconds left.\n|inactive|mimilimi - sylveon has 15 seconds left.\n|\n|t:|1700252508\n|-terastallize|p2a: bird time|Dragon\n|move|p1a: Ogerpon|Ivy Cudgel|p2a: bird time\n|-resisted|p2a: bird time\n|-damage|p2a: bird time|55\/100\n|move|p2a: bird time|Volt Switch|p1a: Ogerpon\n|-supereffective|p1a: Ogerpon\n|-damage|p1a: Ogerpon|0 fnt\n|faint|p1a: Ogerpon\n|inactive|mimilimi - sylveon has 20 seconds left this turn.\n|inactive|mimilimi - sylveon has 15 seconds left.\n|inactive|mimilimi - sylveon has 10 seconds left.\n|\n|t:|1700252522\n|switch|p2a: krokimoki|Skeledirge, M|100\/100|[from] Volt Switch\n|\n|upkeep\n|inactive|mimilimi - sylveon has 15 seconds left this turn.\n|\n|t:|1700252526\n|switch|p1a: Great Tusk|Great Tusk|100\/100\n|turn|15\n|inactive|mimilimi - sylveon has 25 seconds left this turn.\n|inactive|Navys_1 Zenord has 240 seconds left.\n|\n|t:|1700252560\n|-end|p1a: Great Tusk|Protosynthesis|[silent]\n|switch|p1a: Heatran|Heatran, M|46\/100 par\n|-damage|p1a: Heatran|33\/100 par|[from] Spikes\n|switch|p2a: it me again.....|Clefable, M|100\/100\n|\n|upkeep\n|turn|16\n|inactive|mimilimi - sylveon has 30 seconds left.\n|\n|t:|1700252575\n|switch|p2a: bird time|Zapdos, tera:Dragon|55\/100\n|move|p1a: Heatran|Magma Storm|p2a: bird time\n|-resisted|p2a: bird time\n|-damage|p2a: bird time|34\/100\n|-activate|p2a: bird time|move: Magma Storm|[of] p1a: Heatran\n|\n|-damage|p2a: bird time|22\/100|[from] move: Magma Storm|[partiallytrapped]\n|upkeep\n|turn|17\n|\n|t:|1700252584\n|move|p2a: bird time|Roost|p2a: bird time\n|-heal|p2a: bird time|72\/100\n|cant|p1a: Heatran|par\n|\n|-damage|p2a: bird time|59\/100|[from] move: Magma Storm|[partiallytrapped]\n|upkeep\n|turn|18\n|inactive|Navys_1 Zenord has 240 seconds left.\n|\n|t:|1700252596\n|move|p1a: Heatran|Protect|p1a: Heatran\n|-singleturn|p1a: Heatran|Protect\n|move|p2a: bird time|Roost|p2a: bird time\n|-heal|p2a: bird time|100\/100\n|\n|-damage|p2a: bird time|88\/100|[from] move: Magma Storm|[partiallytrapped]\n|upkeep\n|turn|19\n|inactive|Navys_1 Zenord has 240 seconds left.\n|\n|t:|1700252608\n|move|p2a: bird time|Hurricane|p1a: Heatran\n|-resisted|p1a: Heatran\n|-damage|p1a: Heatran|18\/100 par\n|move|p1a: Heatran|Magma Storm|p2a: bird time\n|-resisted|p2a: bird time\n|-damage|p2a: bird time|67\/100\n|\n|-damage|p2a: bird time|55\/100|[from] move: Magma Storm|[partiallytrapped]\n|upkeep\n|turn|20\n|inactive|Navys_1 Zenord has 240 seconds left.\n|\n|t:|1700252616\n|move|p2a: bird time|Roost|p2a: bird time\n|-heal|p2a: bird time|100\/100\n|cant|p1a: Heatran|par\n|\n|-damage|p2a: bird time|88\/100|[from] move: Magma Storm|[partiallytrapped]\n|upkeep\n|turn|21\n|\n|t:|1700252621\n|move|p1a: Heatran|Protect|p1a: Heatran\n|-singleturn|p1a: Heatran|Protect\n|move|p2a: bird time|Volt Switch|p1a: Heatran\n|-activate|p1a: Heatran|move: Protect\n|\n|-end|p2a: bird time|Magma Storm|[partiallytrapped]\n|upkeep\n|turn|22\n|\n|t:|1700252628\n|move|p2a: bird time|Volt Switch|p1a: Heatran\n|-damage|p1a: Heatran|0 fnt\n|faint|p1a: Heatran\n|\n|t:|1700252632\n|switch|p2a: ghost dude|Dragapult, F|12\/100|[from] Volt Switch\n|\n|upkeep\n|\n|t:|1700252636\n|switch|p1a: Rillaboom|Rillaboom, F|100\/100\n|-damage|p1a: Rillaboom|88\/100|[from] Spikes\n|-fieldstart|move: Grassy Terrain|[from] ability: Grassy Surge|[of] p1a: Rillaboom\n|turn|23\n|\n|t:|1700252639\n|switch|p2a: bird time|Zapdos, tera:Dragon|88\/100\n|move|p1a: Rillaboom|Grassy Glide|p2a: bird time\n|-resisted|p2a: bird time\n|-damage|p2a: bird time|78\/100\n|\n|-heal|p2a: bird time|84\/100|[from] Grassy Terrain\n|-heal|p1a: Rillaboom|94\/100|[from] Grassy Terrain\n|upkeep\n|turn|24\n|\n|t:|1700252650\n|move|p2a: bird time|Hurricane|p1a: Rillaboom|[miss]\n|-miss|p2a: bird time|p1a: Rillaboom\n|move|p1a: Rillaboom|U-turn|p2a: bird time\n|-damage|p2a: bird time|70\/100\n|-status|p1a: Rillaboom|par|[from] ability: Static|[of] p2a: bird time\n|\n|t:|1700252654\n|switch|p1a: Kommo-o|Kommo-o, M|100\/100|[from] U-turn\n|-damage|p1a: Kommo-o|88\/100|[from] Spikes\n|\n|-heal|p1a: Kommo-o|94\/100|[from] Grassy Terrain\n|-heal|p1a: Kommo-o|100\/100|[from] item: Leftovers\n|-heal|p2a: bird time|76\/100|[from] Grassy Terrain\n|upkeep\n|turn|25\n|\n|t:|1700252664\n|move|p1a: Kommo-o|Clanging Scales|p2a: bird time\n|-supereffective|p2a: bird time\n|-damage|p2a: bird time|0 fnt\n|faint|p2a: bird time\n|-unboost|p1a: Kommo-o|def|1\n|\n|upkeep\n|\n|t:|1700252677\n|switch|p2a: ghost dude|Dragapult, F|12\/100\n|turn|26\n|inactive|Navys_1 Zenord has 270 seconds left.\n|\n|t:|1700252719\n|switch|p1a: Rillaboom|Rillaboom, F|94\/100 par\n|-damage|p1a: Rillaboom|82\/100 par|[from] Spikes\n|move|p2a: ghost dude|Draco Meteor|p1a: Rillaboom\n|-damage|p1a: Rillaboom|37\/100 par\n|-unboost|p2a: ghost dude|spa|2\n|\n|-heal|p2a: ghost dude|18\/100|[from] Grassy Terrain\n|-heal|p1a: Rillaboom|44\/100 par|[from] Grassy Terrain\n|upkeep\n|turn|27\n|inactive|mimilimi - sylveon has 90 seconds left.\n|\n|t:|1700252772\n|switch|p2a: it me again.....|Clefable, M|100\/100\n|move|p1a: Rillaboom|U-turn|p2a: it me again.....\n|-resisted|p2a: it me again.....\n|-damage|p2a: it me again.....|94\/100\n|\n|t:|1700252780\n|switch|p1a: Sneasler|Sneasler, M|100\/100|[from] U-turn\n|-damage|p1a: Sneasler|88\/100|[from] Spikes\n|-enditem|p1a: Sneasler|Grassy Seed\n|-boost|p1a: Sneasler|def|1|[from] item: Grassy Seed\n|\n|-heal|p1a: Sneasler|94\/100|[from] Grassy Terrain\n|-heal|p2a: it me again.....|99\/100|[from] Grassy Terrain\n|-heal|p2a: it me again.....|100\/100|[from] item: Leftovers\n|upkeep\n|turn|28\n|inactive|Navys_1 Zenord has 270 seconds left.\n|inactive|mimilimi - sylveon has 60 seconds left.\n|\n|t:|1700252808\n|switch|p2a: krokimoki|Skeledirge, M|100\/100\n|move|p1a: Sneasler|Dire Claw|p2a: krokimoki\n|-resisted|p2a: krokimoki\n|-damage|p2a: krokimoki|84\/100\n|-status|p2a: krokimoki|par\n|\n|-heal|p1a: Sneasler|99\/100|[from] Grassy Terrain\n|-heal|p2a: krokimoki|90\/100 par|[from] Grassy Terrain\n|upkeep\n|turn|29\n|inactive|Navys_1 Zenord has 270 seconds left.\n|inactive|mimilimi - sylveon has 60 seconds left.\n|\n|t:|1700252826\n|switch|p1a: Kommo-o|Kommo-o, M|100\/100\n|-damage|p1a: Kommo-o|88\/100|[from] Spikes\n|cant|p2a: krokimoki|par\n|\n|-heal|p1a: Kommo-o|94\/100|[from] Grassy Terrain\n|-heal|p1a: Kommo-o|100\/100|[from] item: Leftovers\n|-heal|p2a: krokimoki|96\/100 par|[from] Grassy Terrain\n|upkeep\n|turn|30\n|inactive|Navys_1 Zenord has 270 seconds left.\n|inactive|mimilimi - sylveon has 60 seconds left.\n|\n|t:|1700252855\n|switch|p2a: breathe the clod|Clodsire, F|100\/100\n|move|p1a: Kommo-o|Clangorous Soul|p1a: Kommo-o\n|-boost|p1a: Kommo-o|atk|1\n|-boost|p1a: Kommo-o|def|1\n|-boost|p1a: Kommo-o|spa|1\n|-boost|p1a: Kommo-o|spd|1\n|-boost|p1a: Kommo-o|spe|1\n|-damage|p1a: Kommo-o|68\/100\n|\n|-heal|p1a: Kommo-o|74\/100|[from] Grassy Terrain\n|-heal|p1a: Kommo-o|80\/100|[from] item: Leftovers\n|-fieldend|move: Grassy Terrain\n|upkeep\n|turn|31\n|inactive|mimilimi - sylveon has 30 seconds left.\n|\n|t:|1700252889\n|move|p1a: Kommo-o|Boomburst|p2a: breathe the clod\n|-damage|p2a: breathe the clod|78\/100\n|move|p2a: breathe the clod|Poison Jab|p1a: Kommo-o\n|-damage|p1a: Kommo-o|57\/100\n|\n|-heal|p1a: Kommo-o|63\/100|[from] item: Leftovers\n|upkeep\n|turn|32\n|inactive|mimilimi - sylveon has 30 seconds left.\n|inactive|Navys_1 Zenord has 240 seconds left.\n|\n|t:|1700252914\n|move|p1a: Kommo-o|Clanging Scales|p2a: breathe the clod\n|-damage|p2a: breathe the clod|54\/100\n|-unboost|p1a: Kommo-o|def|1\n|move|p2a: breathe the clod|Poison Jab|p1a: Kommo-o\n|-damage|p1a: Kommo-o|42\/100\n|\n|-heal|p1a: Kommo-o|48\/100|[from] item: Leftovers\n|upkeep\n|turn|33\n|\n|t:|1700252918\n|switch|p1a: Great Tusk|Great Tusk|100\/100\n|move|p2a: breathe the clod|Recover|p2a: breathe the clod\n|-heal|p2a: breathe the clod|100\/100\n|\n|upkeep\n|turn|34\n|\n|t:|1700252926\n|switch|p2a: it me again.....|Clefable, M|100\/100\n|move|p1a: Great Tusk|Headlong Rush|p2a: it me again.....\n|-damage|p2a: it me again.....|60\/100\n|-unboost|p1a: Great Tusk|def|1\n|-unboost|p1a: Great Tusk|spd|1\n|\n|-heal|p2a: it me again.....|67\/100|[from] item: Leftovers\n|upkeep\n|turn|35\n|\n|t:|1700252933\n|-end|p1a: Great Tusk|Protosynthesis|[silent]\n|switch|p1a: Sneasler|Sneasler, M|99\/100\n|-damage|p1a: Sneasler|88\/100|[from] Spikes\n|move|p2a: it me again.....|Moonlight|p2a: it me again.....\n|-heal|p2a: it me again.....|100\/100\n|\n|upkeep\n|turn|36\n|inactive|mimilimi - sylveon has 60 seconds left.\n|\n|t:|1700252945\n|switch|p2a: breathe the clod|Clodsire, F|100\/100\n|move|p1a: Sneasler|Night Slash|p2a: breathe the clod\n|-damage|p2a: breathe the clod|74\/100\n|\n|upkeep\n|turn|37\n|inactive|mimilimi - sylveon has 60 seconds left.\n|\n|t:|1700252955\n|switch|p1a: Great Tusk|Great Tusk|100\/100\n|move|p2a: breathe the clod|Earthquake|p1a: Great Tusk\n|-damage|p1a: Great Tusk|83\/100\n|\n|upkeep\n|turn|38\n|\n|t:|1700252961\n|-end|p1a: Great Tusk|Protosynthesis|[silent]\n|switch|p1a: Sneasler|Sneasler, M|88\/100\n|-damage|p1a: Sneasler|76\/100|[from] Spikes\n|switch|p2a: it me again.....|Clefable, M|100\/100\n|\n|upkeep\n|turn|39\n|\n|t:|1700252966\n|switch|p2a: breathe the clod|Clodsire, F|74\/100\n|move|p1a: Sneasler|Dire Claw|p2a: breathe the clod\n|-resisted|p2a: breathe the clod\n|-damage|p2a: breathe the clod|63\/100\n|\n|upkeep\n|turn|40\n|\n|t:|1700252972\n|switch|p1a: Great Tusk|Great Tusk|83\/100\n|move|p2a: breathe the clod|Recover|p2a: breathe the clod\n|-heal|p2a: breathe the clod|100\/100\n|\n|upkeep\n|turn|41\n|\n|t:|1700252980\n|switch|p2a: it me again.....|Clefable, M|100\/100\n|move|p1a: Great Tusk|Rapid Spin|p2a: it me again.....\n|-damage|p2a: it me again.....|89\/100\n|-boost|p1a: Great Tusk|spe|1\n|-sideend|p1: Navys_1 Zenord|Spikes|[from] move: Rapid Spin|[of] p1a: Great Tusk\n|\n|-heal|p2a: it me again.....|95\/100|[from] item: Leftovers\n|upkeep\n|turn|42\n|\n|t:|1700252983\n|-end|p1a: Great Tusk|Protosynthesis|[silent]\n|switch|p1a: Sneasler|Sneasler, M|76\/100\n|move|p2a: it me again.....|Moonblast|p1a: Sneasler\n|-damage|p1a: Sneasler|30\/100\n|\n|-heal|p2a: it me again.....|100\/100|[from] item: Leftovers\n|upkeep\n|turn|43\n|\n|t:|1700252999\n|switch|p2a: breathe the clod|Clodsire, F|100\/100\n|move|p1a: Sneasler|Dire Claw|p2a: breathe the clod\n|-resisted|p2a: breathe the clod\n|-damage|p2a: breathe the clod|89\/100\n|-status|p2a: breathe the clod|slp\n|\n|upkeep\n|turn|44\n|inactive|mimilimi - sylveon has 120 seconds left.\n|\n|t:|1700253008\n|switch|p1a: Great Tusk|Great Tusk|83\/100\n|cant|p2a: breathe the clod|slp\n|\n|upkeep\n|turn|45\n|\n|t:|1700253013\n|switch|p2a: it me again.....|Clefable, M|100\/100\n|move|p1a: Great Tusk|Headlong Rush|p2a: it me again.....\n|-damage|p2a: it me again.....|62\/100\n|-unboost|p1a: Great Tusk|def|1\n|-unboost|p1a: Great Tusk|spd|1\n|\n|-heal|p2a: it me again.....|68\/100|[from] item: Leftovers\n|upkeep\n|turn|46\n|\n|t:|1700253020\n|-end|p1a: Great Tusk|Protosynthesis|[silent]\n|switch|p1a: Kommo-o|Kommo-o, M|48\/100\n|move|p2a: it me again.....|Moonlight|p2a: it me again.....\n|-heal|p2a: it me again.....|100\/100\n|\n|-heal|p1a: Kommo-o|54\/100|[from] item: Leftovers\n|upkeep\n|turn|47\n|\n|t:|1700253025\n|switch|p2a: breathe the clod|Clodsire, F|89\/100 slp\n|move|p1a: Kommo-o|Boomburst|p2a: breathe the clod\n|-damage|p2a: breathe the clod|67\/100 slp\n|\n|-heal|p1a: Kommo-o|61\/100|[from] item: Leftovers\n|upkeep\n|turn|48\n|\n|t:|1700253028\n|switch|p1a: Great Tusk|Great Tusk|83\/100\n|-curestatus|p2a: breathe the clod|slp|[msg]\n|move|p2a: breathe the clod|Recover|p2a: breathe the clod\n|-heal|p2a: breathe the clod|100\/100\n|\n|upkeep\n|turn|49\n|\n|t:|1700253032\n|-end|p1a: Great Tusk|Protosynthesis|[silent]\n|switch|p1a: Sneasler|Sneasler, M|30\/100\n|switch|p2a: it me again.....|Clefable, M|100\/100\n|\n|upkeep\n|turn|50\n|\n|t:|1700253037\n|switch|p2a: breathe the clod|Clodsire, F|100\/100\n|move|p1a: Sneasler|Dire Claw|p2a: breathe the clod\n|-resisted|p2a: breathe the clod\n|-damage|p2a: breathe the clod|89\/100\n|\n|upkeep\n|turn|51\n|\n|t:|1700253044\n|switch|p1a: Great Tusk|Great Tusk|83\/100\n|move|p2a: breathe the clod|Stealth Rock|p1a: Great Tusk\n|-sidestart|p1: Navys_1 Zenord|move: Stealth Rock\n|\n|upkeep\n|turn|52\n|\n|t:|1700253049\n|switch|p2a: it me again.....|Clefable, M|100\/100\n|move|p1a: Great Tusk|Headlong Rush|p2a: it me again.....\n|-damage|p2a: it me again.....|59\/100\n|-unboost|p1a: Great Tusk|def|1\n|-unboost|p1a: Great Tusk|spd|1\n|\n|-heal|p2a: it me again.....|65\/100|[from] item: Leftovers\n|upkeep\n|turn|53\n|\n|t:|1700253056\n|-end|p1a: Great Tusk|Protosynthesis|[silent]\n|switch|p1a: Kommo-o|Kommo-o, M|61\/100\n|-damage|p1a: Kommo-o|54\/100|[from] Stealth Rock\n|move|p2a: it me again.....|Moonlight|p2a: it me again.....\n|-heal|p2a: it me again.....|100\/100\n|\n|-heal|p1a: Kommo-o|61\/100|[from] item: Leftovers\n|upkeep\n|turn|54\n|\n|t:|1700253063\n|switch|p1a: Great Tusk|Great Tusk|83\/100\n|move|p2a: it me again.....|Moonblast|p1a: Great Tusk\n|-supereffective|p1a: Great Tusk\n|-damage|p1a: Great Tusk|0 fnt\n|faint|p1a: Great Tusk\n|-end|p1a: Great Tusk|Protosynthesis|[silent]\n|\n|upkeep\n|\n|t:|1700253066\n|switch|p1a: Sneasler|Sneasler, M|30\/100\n|-damage|p1a: Sneasler|24\/100|[from] Stealth Rock\n|turn|55\n|\n|t:|1700253073\n|switch|p2a: krokimoki|Skeledirge, M|96\/100 par\n|move|p1a: Sneasler|Dire Claw|p2a: krokimoki\n|-resisted|p2a: krokimoki\n|-damage|p2a: krokimoki|80\/100 par\n|\n|upkeep\n|turn|56\n|inactive|mimilimi - sylveon has 210 seconds left.\n|\n|t:|1700253080\n|move|p1a: Sneasler|Night Slash|p2a: krokimoki\n|-supereffective|p2a: krokimoki\n|-damage|p2a: krokimoki|40\/100 par\n|move|p2a: krokimoki|Hex|p1a: Sneasler\n|-damage|p1a: Sneasler|0 fnt\n|faint|p1a: Sneasler\n|\n|upkeep\n|\n|t:|1700253087\n|switch|p1a: Kommo-o|Kommo-o, M|61\/100\n|-damage|p1a: Kommo-o|54\/100|[from] Stealth Rock\n|turn|57\n|c|\u2606Navys_1 Zenord|gg\n|\n|t:|1700253098\n|switch|p2a: breathe the clod|Clodsire, F|89\/100\n|move|p1a: Kommo-o|Clanging Scales|p2a: breathe the clod\n|-damage|p2a: breathe the clod|62\/100\n|-unboost|p1a: Kommo-o|def|1\n|\n|-heal|p1a: Kommo-o|61\/100|[from] item: Leftovers\n|upkeep\n|turn|58\n|c|\u2606Navys_1 Zenord|8g after?\n|c|\u2606mimilimi - sylveon|u decide\n|\n|t:|1700253107\n|move|p1a: Kommo-o|Clanging Scales|p2a: breathe the clod\n|-damage|p2a: breathe the clod|35\/100\n|-unboost|p1a: Kommo-o|def|1\n|move|p2a: breathe the clod|Recover|p2a: breathe the clod\n|-heal|p2a: breathe the clod|85\/100\n|\n|-heal|p1a: Kommo-o|67\/100|[from] item: Leftovers\n|upkeep\n|turn|59\n|c|\u2606mimilimi - sylveon|can we do next\n|c|\u2606Navys_1 Zenord|k\n|c|\u2606mimilimi - sylveon|on regular\n|c|\u2606mimilimi - sylveon|showdown\n|\n|t:|1700253120\n|move|p1a: Kommo-o|Clanging Scales|p2a: breathe the clod\n|-damage|p2a: breathe the clod|58\/100\n|-unboost|p1a: Kommo-o|def|1\n|move|p2a: breathe the clod|Poison Jab|p1a: Kommo-o\n|-damage|p1a: Kommo-o|46\/100\n|-status|p1a: Kommo-o|psn\n|\n|-heal|p1a: Kommo-o|52\/100 psn|[from] item: Leftovers\n|-damage|p1a: Kommo-o|40\/100 psn|[from] psn\n|upkeep\n|turn|60\n|\n|t:|1700253122\n|move|p1a: Kommo-o|Clanging Scales|p2a: breathe the clod\n|-damage|p2a: breathe the clod|31\/100\n|-unboost|p1a: Kommo-o|def|1\n|move|p2a: breathe the clod|Recover|p2a: breathe the clod\n|-heal|p2a: breathe the clod|81\/100\n|\n|-heal|p1a: Kommo-o|46\/100 psn|[from] item: Leftovers\n|-damage|p1a: Kommo-o|33\/100 psn|[from] psn\n|upkeep\n|turn|61\n|-message|Navys_1 Zenord forfeited.\n|\n|win|mimilimi - sylveon\n","uploadtime":1700253129,"views":47,"p1id":"navys1zenord","p2id":"mimilimisylveon","formatid":"gen9ubers","rating":0,"private":0,"password":""}