{"id":"smogtours-gen9ubers-731464","p1":"wyvernl0rd","p2":"Vholtninja","format":"[Gen 9] Ubers","log":"|inactive|Battle timer is ON: inactive players will automatically lose when time's up.\n|t:|1700406808\n|gametype|singles\n|player|p1|wyvernl0rd|101|\n|player|p2|Vholtninja|serena-masters2|\n|teamsize|p1|6\n|teamsize|p2|6\n|gen|9\n|tier|[Gen 9] Ubers\n|rule|Sleep Clause Mod: Limit one foe put to sleep\n|rule|Species Clause: Limit one of each Pok\u00e9mon\n|rule|OHKO Clause: OHKO moves are banned\n|rule|Evasion Items Clause: Evasion items are banned\n|rule|Evasion Moves Clause: Evasion moves are banned\n|rule|Endless Battle Clause: Forcing endless battles is banned\n|rule|HP Percentage Mod: HP is shown in percentages\n|clearpoke\n|poke|p1|Dialga-Origin|\n|poke|p1|Chi-Yu|\n|poke|p1|Magearna|\n|poke|p1|Ursaluna, F|\n|poke|p1|Cresselia, F|\n|poke|p1|Azumarill, F|\n|poke|p2|Pelipper, M|\n|poke|p2|Palafin, F|\n|poke|p2|Dialga|\n|poke|p2|Arceus-Grass|\n|poke|p2|Zacian-*|\n|poke|p2|Palkia-Origin|\n|teampreview\n|c|\u2606Vholtninja|glhf\n|c|\u2606wyvernl0rd|glhf\n|inactive|wyvernl0rd has 270 seconds left.\n|\n|t:|1700406851\n|start\n|switch|p1a: 2spy2dops|Magearna|100\/100\n|switch|p2a: Palafin|Palafin, F, shiny|100\/100\n|turn|1\n|inactive|wyvernl0rd has 270 seconds left.\n|\n|t:|1700406882\n|move|p2a: Palafin|Flip Turn|p1a: 2spy2dops\n|-damage|p1a: 2spy2dops|74\/100\n|\n|t:|1700406890\n|detailschange|p2a: Palafin|Palafin-Hero, F, shiny\n|switch|p2a: Arceus|Arceus-Grass, shiny|100\/100|[from] Flip Turn\n|move|p1a: 2spy2dops|Volt Switch|p2a: Arceus\n|-resisted|p2a: Arceus\n|-damage|p2a: Arceus|94\/100\n|\n|t:|1700406900\n|switch|p1a: hydrogen baby|Chi-Yu|100\/100|[from] Volt Switch\n|-ability|p1a: hydrogen baby|Beads of Ruin\n|\n|upkeep\n|turn|2\n|\n|t:|1700406913\n|switch|p2a: Pelipper|Pelipper, M|100\/100\n|-weather|RainDance|[from] ability: Drizzle|[of] p2a: Pelipper\n|move|p1a: hydrogen baby|Flamethrower|p2a: Pelipper\n|-resisted|p2a: Pelipper\n|-damage|p2a: Pelipper|61\/100\n|\n|-weather|RainDance|[upkeep]\n|upkeep\n|turn|3\n|\n|t:|1700406926\n|switch|p1a: 10 credit score|Cresselia, F|100\/100\n|move|p2a: Pelipper|U-turn|p1a: 10 credit score\n|-supereffective|p1a: 10 credit score\n|-damage|p1a: 10 credit score|89\/100\n|\n|t:|1700406934\n|switch|p2a: Palafin|Palafin-Hero, F, shiny|100\/100|[from] U-turn\n|-activate|p2a: Palafin|ability: Zero to Hero\n|\n|-weather|RainDance|[upkeep]\n|upkeep\n|turn|4\n|\n|t:|1700406946\n|move|p2a: Palafin|Wave Crash|p1a: 10 credit score\n|-damage|p1a: 10 credit score|0 fnt\n|faint|p1a: 10 credit score\n|-damage|p2a: Palafin|63\/100|[from] Recoil\n|\n|-weather|RainDance|[upkeep]\n|upkeep\n|\n|t:|1700406951\n|switch|p1a: jay easy|Dialga-Origin|100\/100\n|-ability|p1a: jay easy|Pressure\n|turn|5\n|\n|t:|1700406963\n|switch|p2a: Dialga|Dialga, shiny|100\/100\n|-ability|p2a: Dialga|Pressure\n|move|p1a: jay easy|Trick Room|p1a: jay easy\n|-fieldstart|move: Trick Room|[of] p1a: jay easy\n|\n|-weather|RainDance|[upkeep]\n|upkeep\n|turn|6\n|\n|t:|1700406970\n|switch|p1a: hi there|Azumarill, F|100\/100\n|move|p2a: Dialga|Roar|p1a: hi there\n|drag|p1a: har har har har|Ursaluna, F|100\/100\n|\n|-weather|RainDance|[upkeep]\n|-status|p1a: har har har har|brn|[from] item: Flame Orb\n|upkeep\n|turn|7\n|inactive|Vholtninja has 270 seconds left.\n|\n|t:|1700407007\n|switch|p2a: Arceus|Arceus-Grass, shiny|94\/100\n|move|p1a: har har har har|Headlong Rush|p2a: Arceus\n|-resisted|p2a: Arceus\n|-damage|p2a: Arceus|58\/100\n|-unboost|p1a: har har har har|def|1\n|-unboost|p1a: har har har har|spd|1\n|\n|-weather|RainDance|[upkeep]\n|-damage|p1a: har har har har|94\/100 brn|[from] brn\n|upkeep\n|turn|8\n|inactive|Vholtninja has 270 seconds left.\n|\n|t:|1700407016\n|switch|p2a: Dialga|Dialga, shiny|100\/100\n|-ability|p2a: Dialga|Pressure\n|move|p1a: har har har har|Facade|p2a: Dialga\n|-resisted|p2a: Dialga\n|-damage|p2a: Dialga|58\/100\n|\n|-weather|RainDance|[upkeep]\n|-heal|p2a: Dialga|64\/100|[from] item: Leftovers\n|-damage|p1a: har har har har|88\/100 brn|[from] brn\n|upkeep\n|turn|9\n|\n|t:|1700407025\n|switch|p1a: 2spy2dops|Magearna|74\/100\n|switch|p2a: Arceus|Arceus-Grass, shiny|58\/100\n|\n|-weather|none\n|-heal|p1a: 2spy2dops|80\/100|[from] item: Leftovers\n|-fieldend|move: Trick Room\n|upkeep\n|turn|10\n|\n|t:|1700407033\n|move|p2a: Arceus|Recover|p2a: Arceus\n|-heal|p2a: Arceus|100\/100\n|move|p1a: 2spy2dops|Volt Switch|p2a: Arceus\n|-resisted|p2a: Arceus\n|-damage|p2a: Arceus|94\/100\n|\n|t:|1700407035\n|switch|p1a: hydrogen baby|Chi-Yu|100\/100|[from] Volt Switch\n|-ability|p1a: hydrogen baby|Beads of Ruin\n|\n|upkeep\n|turn|11\n|\n|t:|1700407043\n|switch|p1a: jay easy|Dialga-Origin|100\/100\n|-ability|p1a: jay easy|Pressure\n|move|p2a: Arceus|Earth Power|p1a: jay easy\n|-supereffective|p1a: jay easy\n|-damage|p1a: jay easy|68\/100\n|\n|upkeep\n|turn|12\n|\n|t:|1700407054\n|move|p2a: Arceus|Calm Mind|p2a: Arceus\n|-boost|p2a: Arceus|spa|1\n|-boost|p2a: Arceus|spd|1\n|move|p1a: jay easy|Trick Room|p1a: jay easy\n|-fieldstart|move: Trick Room|[of] p1a: jay easy\n|\n|upkeep\n|turn|13\n|\n|t:|1700407063\n|move|p1a: jay easy|Ice Beam|p2a: Arceus\n|-supereffective|p2a: Arceus\n|-damage|p2a: Arceus|57\/100\n|move|p2a: Arceus|Earth Power|p1a: jay easy\n|-supereffective|p1a: jay easy\n|-damage|p1a: jay easy|18\/100\n|\n|upkeep\n|turn|14\n|\n|t:|1700407070\n|move|p1a: jay easy|Ice Beam|p2a: Arceus\n|-supereffective|p2a: Arceus\n|-damage|p2a: Arceus|26\/100\n|move|p2a: Arceus|Recover|p2a: Arceus\n|-heal|p2a: Arceus|76\/100\n|\n|upkeep\n|turn|15\n|\n|t:|1700407074\n|switch|p1a: 2spy2dops|Magearna|80\/100\n|move|p2a: Arceus|Recover|p2a: Arceus\n|-heal|p2a: Arceus|100\/100\n|\n|-heal|p1a: 2spy2dops|86\/100|[from] item: Leftovers\n|upkeep\n|turn|16\n|\n|t:|1700407077\n|move|p1a: 2spy2dops|Encore|p2a: Arceus\n|-start|p2a: Arceus|Encore\n|move|p2a: Arceus|Recover||[still]\n|-fail|p2a: Arceus|heal\n|\n|-heal|p1a: 2spy2dops|92\/100|[from] item: Leftovers\n|-fieldend|move: Trick Room\n|upkeep\n|turn|17\n|\n|t:|1700407084\n|switch|p2a: Dialga|Dialga, shiny|64\/100\n|-ability|p2a: Dialga|Pressure\n|switch|p1a: hydrogen baby|Chi-Yu|100\/100\n|-ability|p1a: hydrogen baby|Beads of Ruin\n|\n|-heal|p2a: Dialga|71\/100|[from] item: Leftovers\n|upkeep\n|turn|18\n|\n|t:|1700407095\n|switch|p2a: Pelipper|Pelipper, M|61\/100\n|-weather|RainDance|[from] ability: Drizzle|[of] p2a: Pelipper\n|move|p1a: hydrogen baby|Overheat|p2a: Pelipper\n|-resisted|p2a: Pelipper\n|-damage|p2a: Pelipper|9\/100\n|-unboost|p1a: hydrogen baby|spa|2\n|\n|-weather|RainDance|[upkeep]\n|upkeep\n|turn|19\n|\n|t:|1700407104\n|switch|p1a: hi there|Azumarill, F|100\/100\n|move|p2a: Pelipper|U-turn|p1a: hi there\n|-resisted|p1a: hi there\n|-damage|p1a: hi there|97\/100\n|\n|t:|1700407109\n|switch|p2a: Zacian|Zacian, shiny|100\/100|[from] U-turn\n|-ability|p2a: Zacian|Intrepid Sword|boost\n|-boost|p2a: Zacian|atk|1\n|\n|-weather|RainDance|[upkeep]\n|upkeep\n|turn|20\n|\n|t:|1700407133\n|switch|p1a: jay easy|Dialga-Origin|18\/100\n|-ability|p1a: jay easy|Pressure\n|move|p2a: Zacian|Play Rough|p1a: jay easy\n|-damage|p1a: jay easy|0 fnt\n|faint|p1a: jay easy\n|\n|-weather|RainDance|[upkeep]\n|upkeep\n|\n|t:|1700407137\n|switch|p1a: 2spy2dops|Magearna|92\/100\n|turn|21\n|\n|t:|1700407143\n|move|p2a: Zacian|Play Rough|p1a: 2spy2dops\n|-resisted|p1a: 2spy2dops\n|-damage|p1a: 2spy2dops|67\/100\n|move|p1a: 2spy2dops|Trick Room|p1a: 2spy2dops\n|-fieldstart|move: Trick Room|[of] p1a: 2spy2dops\n|\n|-weather|RainDance|[upkeep]\n|-heal|p1a: 2spy2dops|73\/100|[from] item: Leftovers\n|upkeep\n|turn|22\n|\n|t:|1700407150\n|move|p1a: 2spy2dops|Fleur Cannon|p2a: Zacian|[miss]\n|-miss|p1a: 2spy2dops|p2a: Zacian\n|move|p2a: Zacian|Play Rough|p1a: 2spy2dops\n|-resisted|p1a: 2spy2dops\n|-damage|p1a: 2spy2dops|43\/100\n|\n|-weather|RainDance|[upkeep]\n|-heal|p1a: 2spy2dops|49\/100|[from] item: Leftovers\n|upkeep\n|turn|23\n|\n|t:|1700407172\n|move|p1a: 2spy2dops|Fleur Cannon|p2a: Zacian\n|-damage|p2a: Zacian|51\/100\n|-unboost|p1a: 2spy2dops|spa|2\n|move|p2a: Zacian|Play Rough|p1a: 2spy2dops\n|-resisted|p1a: 2spy2dops\n|-damage|p1a: 2spy2dops|21\/100\n|\n|-weather|RainDance|[upkeep]\n|-heal|p1a: 2spy2dops|27\/100|[from] item: Leftovers\n|-heal|p2a: Zacian|57\/100|[from] item: Leftovers\n|upkeep\n|turn|24\n|\n|t:|1700407183\n|move|p1a: 2spy2dops|Fleur Cannon|p2a: Zacian\n|-damage|p2a: Zacian|33\/100\n|-unboost|p1a: 2spy2dops|spa|2\n|move|p2a: Zacian|Play Rough|p1a: 2spy2dops\n|-resisted|p1a: 2spy2dops\n|-damage|p1a: 2spy2dops|0 fnt\n|faint|p1a: 2spy2dops\n|\n|-weather|RainDance|[upkeep]\n|-heal|p2a: Zacian|39\/100|[from] item: Leftovers\n|upkeep\n|\n|t:|1700407186\n|switch|p1a: hi there|Azumarill, F|97\/100\n|turn|25\n|\n|t:|1700407198\n|move|p1a: hi there|Liquidation|p2a: Zacian\n|-damage|p2a: Zacian|0 fnt\n|faint|p2a: Zacian\n|\n|-weather|none\n|-fieldend|move: Trick Room\n|upkeep\n|\n|t:|1700407205\n|switch|p2a: Arceus|Arceus-Grass, shiny|100\/100\n|turn|26\n|\n|t:|1700407212\n|move|p2a: Arceus|Calm Mind|p2a: Arceus\n|-boost|p2a: Arceus|spa|1\n|-boost|p2a: Arceus|spd|1\n|move|p1a: hi there|Belly Drum|p1a: hi there\n|-damage|p1a: hi there|47\/100\n|-setboost|p1a: hi there|atk|6|[from] move: Belly Drum\n|-enditem|p1a: hi there|Sitrus Berry|[eat]\n|-heal|p1a: hi there|72\/100|[from] item: Sitrus Berry\n|\n|upkeep\n|turn|27\n|\n|t:|1700407217\n|move|p2a: Arceus|Judgment|p1a: hi there\n|-supereffective|p1a: hi there\n|-damage|p1a: hi there|0 fnt\n|faint|p1a: hi there\n|\n|upkeep\n|\n|t:|1700407220\n|switch|p1a: hydrogen baby|Chi-Yu|100\/100\n|-ability|p1a: hydrogen baby|Beads of Ruin\n|turn|28\n|\n|t:|1700407224\n|-terastallize|p1a: hydrogen baby|Fire\n|move|p2a: Arceus|Earth Power|p1a: hydrogen baby\n|-supereffective|p1a: hydrogen baby\n|-damage|p1a: hydrogen baby|34\/100\n|move|p1a: hydrogen baby|Flamethrower|p2a: Arceus\n|-supereffective|p2a: Arceus\n|-damage|p2a: Arceus|0 fnt\n|faint|p2a: Arceus\n|\n|upkeep\n|\n|t:|1700407231\n|switch|p2a: Palafin|Palafin-Hero, F, shiny|63\/100\n|turn|29\n|\n|t:|1700407233\n|move|p2a: Palafin|Jet Punch|p1a: hydrogen baby\n|-supereffective|p1a: hydrogen baby\n|-damage|p1a: hydrogen baby|0 fnt\n|faint|p1a: hydrogen baby\n|\n|upkeep\n|c|\u2606wyvernl0rd|gg\n|-message|wyvernl0rd forfeited.\n|\n|win|Vholtninja\n|c|\u2606Vholtninja|gg\n","uploadtime":1700407240,"views":36,"p1id":"wyvernl0rd","p2id":"vholtninja","formatid":"gen9ubers","rating":0,"private":0,"password":""}