{"id":"smogtours-gen9ubers-730809","p1":"Umberto & Riyad","p2":"Kaif & Radu","format":"[Gen 9] Ubers","log":"|inactive|Battle timer is ON: inactive players will automatically lose when time's up.\n|t:|1700155891\n|gametype|singles\n|player|p1|Umberto & Riyad|jessiejames-gen1|\n|player|p2|Kaif & Radu|red-masters2|\n|teamsize|p1|6\n|teamsize|p2|6\n|gen|9\n|tier|[Gen 9] Ubers\n|rule|Sleep Clause Mod: Limit one foe put to sleep\n|rule|Species Clause: Limit one of each Pok\u00e9mon\n|rule|OHKO Clause: OHKO moves are banned\n|rule|Evasion Items Clause: Evasion items are banned\n|rule|Evasion Moves Clause: Evasion moves are banned\n|rule|Endless Battle Clause: Forcing endless battles is banned\n|rule|HP Percentage Mod: HP is shown in percentages\n|clearpoke\n|poke|p1|Dragapult, M|\n|poke|p1|Garganacl, M|\n|poke|p1|Gliscor, M|\n|poke|p1|Dragonite, M|\n|poke|p1|Corviknight, M|\n|poke|p1|Kingambit, M|\n|poke|p2|Ceruledge, F|\n|poke|p2|Walking Wake|\n|poke|p2|Kingambit, M|\n|poke|p2|Torkoal, F|\n|poke|p2|Great Tusk|\n|poke|p2|Enamorus, F|\n|teampreview\n|inactive|Kaif & Radu also wants the timer to be on.\n|c|\u2606Umberto & Riyad|glhf\n|inactive|Umberto & Riyad has 270 seconds left.\n|inactive|Umberto & Riyad has 240 seconds left.\n|\n|t:|1700155977\n|start\n|switch|p1a: Dragapult|Dragapult, M|100\/100\n|switch|p2a: Torkoal|Torkoal, F|100\/100\n|-weather|SunnyDay|[from] ability: Drought|[of] p2a: Torkoal\n|turn|1\n|\n|t:|1700155994\n|switch|p2a: Kingambit|Kingambit, M|100\/100\n|move|p1a: Dragapult|Shadow Ball|p2a: Kingambit\n|-resisted|p2a: Kingambit\n|-damage|p2a: Kingambit|69\/100\n|\n|-weather|SunnyDay|[upkeep]\n|-heal|p2a: Kingambit|75\/100|[from] item: Leftovers\n|upkeep\n|turn|2\n|inactive|Umberto & Riyad has 270 seconds left.\n|inactive|Umberto & Riyad has 240 seconds left.\n|\n|t:|1700156062\n|switch|p1a: Gliscor|Gliscor, M|100\/100\n|-end|p2a: Kingambit|fallenundefined|[silent]\n|switch|p2a: Walking Wake|Walking Wake|100\/100\n|-activate|p2a: Walking Wake|ability: Protosynthesis\n|-start|p2a: Walking Wake|protosynthesisspa\n|\n|-weather|SunnyDay|[upkeep]\n|-status|p1a: Gliscor|tox|[from] item: Toxic Orb\n|upkeep\n|turn|3\n|inactive|Umberto & Riyad has 240 seconds left.\n|\n|t:|1700156074\n|move|p1a: Gliscor|Protect|p1a: Gliscor\n|-singleturn|p1a: Gliscor|Protect\n|move|p2a: Walking Wake|Hydro Steam|p1a: Gliscor\n|-activate|p1a: Gliscor|move: Protect\n|\n|-weather|SunnyDay|[upkeep]\n|upkeep\n|turn|4\n|inactive|Umberto & Riyad has 240 seconds left.\n|\n|t:|1700156094\n|-terastallize|p1a: Gliscor|Water\n|move|p2a: Walking Wake|Hydro Steam|p1a: Gliscor\n|-resisted|p1a: Gliscor\n|-damage|p1a: Gliscor|69\/100 tox\n|move|p1a: Gliscor|Toxic|p2a: Walking Wake\n|-status|p2a: Walking Wake|tox\n|\n|-weather|SunnyDay|[upkeep]\n|-damage|p2a: Walking Wake|94\/100 tox|[from] psn\n|-heal|p1a: Gliscor|81\/100 tox|[from] ability: Poison Heal\n|upkeep\n|turn|5\n|inactive|Kaif & Radu has 270 seconds left.\n|inactive|Umberto & Riyad has 210 seconds left.\n|\n|t:|1700156162\n|move|p2a: Walking Wake|Hydro Steam|p1a: Gliscor\n|-resisted|p1a: Gliscor\n|-damage|p1a: Gliscor|46\/100 tox\n|move|p1a: Gliscor|Stealth Rock|p2a: Walking Wake\n|-sidestart|p2: Kaif & Radu|move: Stealth Rock\n|\n|-weather|none\n|-end|p2a: Walking Wake|Protosynthesis\n|-damage|p2a: Walking Wake|82\/100 tox|[from] psn\n|-heal|p1a: Gliscor|58\/100 tox|[from] ability: Poison Heal\n|upkeep\n|turn|6\n|inactive|Kaif & Radu has 240 seconds left.\n|inactive|Umberto & Riyad has 180 seconds left.\n|\n|t:|1700156201\n|-end|p2a: Walking Wake|Protosynthesis|[silent]\n|switch|p2a: Enamorus|Enamorus, F|100\/100\n|-damage|p2a: Enamorus|76\/100|[from] Stealth Rock\n|move|p1a: Gliscor|Protect||[still]\n|-fail|p1a: Gliscor\n|\n|-heal|p2a: Enamorus|82\/100|[from] item: Leftovers\n|-heal|p1a: Gliscor|71\/100 tox|[from] ability: Poison Heal\n|upkeep\n|turn|7\n|inactive|Umberto & Riyad has 180 seconds left.\n|\n|t:|1700156236\n|switch|p1a: Garganacl|Garganacl, M|100\/100\n|move|p2a: Enamorus|Substitute|p2a: Enamorus\n|-start|p2a: Enamorus|Substitute\n|-damage|p2a: Enamorus|57\/100\n|\n|-heal|p2a: Enamorus|63\/100|[from] item: Leftovers\n|upkeep\n|turn|8\n|inactive|Kaif & Radu has 240 seconds left.\n|inactive|Kaif & Radu has 210 seconds left.\n|inactive|Kaif & Radu has 180 seconds left.\n|\n|t:|1700156325\n|-terastallize|p2a: Enamorus|Ground\n|move|p2a: Enamorus|Calm Mind|p2a: Enamorus\n|-boost|p2a: Enamorus|spa|1\n|-boost|p2a: Enamorus|spd|1\n|move|p1a: Garganacl|Salt Cure|p2a: Enamorus\n|-resisted|p2a: Enamorus\n|-activate|p2a: Enamorus|move: Substitute|[damage]\n|\n|-heal|p2a: Enamorus|69\/100|[from] item: Leftovers\n|upkeep\n|turn|9\n|inactive|Kaif & Radu has 150 seconds left.\n|inactive|Kaif & Radu has 120 seconds left.\n|\n|t:|1700156378\n|move|p2a: Enamorus|Calm Mind|p2a: Enamorus\n|-boost|p2a: Enamorus|spa|1\n|-boost|p2a: Enamorus|spd|1\n|move|p1a: Garganacl|Earthquake|p2a: Enamorus\n|-end|p2a: Enamorus|Substitute\n|\n|-heal|p2a: Enamorus|76\/100|[from] item: Leftovers\n|upkeep\n|turn|10\n|inactive|Kaif & Radu has 120 seconds left.\n|\n|t:|1700156391\n|move|p2a: Enamorus|Calm Mind|p2a: Enamorus\n|-boost|p2a: Enamorus|spa|1\n|-boost|p2a: Enamorus|spd|1\n|move|p1a: Garganacl|Earthquake|p2a: Enamorus\n|-damage|p2a: Enamorus|39\/100\n|\n|-heal|p2a: Enamorus|45\/100|[from] item: Leftovers\n|upkeep\n|turn|11\n|inactive|Umberto & Riyad has 180 seconds left.\n|inactive|Kaif & Radu has 120 seconds left.\n|\n|t:|1700156427\n|move|p2a: Enamorus|Earth Power|p1a: Garganacl\n|-supereffective|p1a: Garganacl\n|-damage|p1a: Garganacl|0 fnt\n|faint|p1a: Garganacl\n|\n|-heal|p2a: Enamorus|51\/100|[from] item: Leftovers\n|upkeep\n|inactive|Umberto & Riyad has 150 seconds left.\n|inactive|Umberto & Riyad has 120 seconds left.\n|inactive|Umberto & Riyad has 90 seconds left.\n|inactive|Umberto & Riyad has 60 seconds left.\n|\n|t:|1700156553\n|switch|p1a: Corviknight|Corviknight, M|100\/100\n|-ability|p1a: Corviknight|Pressure\n|turn|12\n|\n|t:|1700156568\n|move|p2a: Enamorus|Moonblast|p1a: Corviknight\n|-resisted|p1a: Corviknight\n|-damage|p1a: Corviknight|42\/100\n|move|p1a: Corviknight|Body Press|p2a: Enamorus\n|-damage|p2a: Enamorus|11\/100\n|\n|-heal|p2a: Enamorus|17\/100|[from] item: Leftovers\n|upkeep\n|turn|13\n|\n|t:|1700156572\n|move|p2a: Enamorus|Moonblast|p1a: Corviknight\n|-resisted|p1a: Corviknight\n|-damage|p1a: Corviknight|0 fnt\n|faint|p1a: Corviknight\n|\n|-heal|p2a: Enamorus|23\/100|[from] item: Leftovers\n|upkeep\n|\n|t:|1700156574\n|switch|p1a: Dragapult|Dragapult, M|100\/100\n|turn|14\n|inactive|Kaif & Radu has 120 seconds left.\n|\n|t:|1700156606\n|switch|p2a: Kingambit|Kingambit, M|75\/100\n|-damage|p2a: Kingambit|69\/100|[from] Stealth Rock\n|move|p1a: Dragapult|Shadow Ball|p2a: Kingambit\n|-resisted|p2a: Kingambit\n|-damage|p2a: Kingambit|37\/100\n|\n|-heal|p2a: Kingambit|43\/100|[from] item: Leftovers\n|upkeep\n|turn|15\n|inactive|Kaif & Radu has 90 seconds left.\n|inactive|Umberto & Riyad has 60 seconds left.\n|\n|t:|1700156635\n|switch|p1a: Kingambit|Kingambit, M, shiny|100\/100\n|-activate|p1a: Kingambit|ability: Supreme Overlord\n|-start|p1a: Kingambit|fallen2|[silent]\n|-end|p2a: Kingambit|fallenundefined|[silent]\n|switch|p2a: Torkoal|Torkoal, F|100\/100\n|-damage|p2a: Torkoal|76\/100|[from] Stealth Rock\n|-weather|SunnyDay|[from] ability: Drought|[of] p2a: Torkoal\n|\n|-weather|SunnyDay|[upkeep]\n|upkeep\n|turn|16\n|inactive|Kaif & Radu has 90 seconds left.\n|inactive|Umberto & Riyad has 60 seconds left.\n|\n|t:|1700156651\n|-end|p1a: Kingambit|fallen2|[silent]\n|switch|p1a: Gliscor|Gliscor, M, tera:Water|71\/100 tox\n|move|p2a: Torkoal|Overheat|p1a: Gliscor\n|-resisted|p1a: Gliscor\n|-damage|p1a: Gliscor|45\/100 tox\n|-unboost|p2a: Torkoal|spa|2\n|-enditem|p2a: Torkoal|Eject Pack\n|inactive|Kaif & Radu has 60 seconds left.\n|\n|t:|1700156699\n|switch|p2a: Ceruledge|Ceruledge, F|100\/100\n|-damage|p2a: Ceruledge|76\/100|[from] Stealth Rock\n|-item|p2a: Ceruledge|Air Balloon\n|\n|-weather|SunnyDay|[upkeep]\n|-heal|p1a: Gliscor|58\/100 tox|[from] ability: Poison Heal\n|upkeep\n|turn|17\n|\n|t:|1700156706\n|move|p2a: Ceruledge|Swords Dance|p2a: Ceruledge\n|-boost|p2a: Ceruledge|atk|2\n|move|p1a: Gliscor|Toxic|p2a: Ceruledge\n|-status|p2a: Ceruledge|tox\n|\n|-weather|SunnyDay|[upkeep]\n|-damage|p2a: Ceruledge|70\/100 tox|[from] psn\n|-heal|p1a: Gliscor|70\/100 tox|[from] ability: Poison Heal\n|upkeep\n|turn|18\n|inactive|Umberto & Riyad has 60 seconds left.\n|inactive|Kaif & Radu has 30 seconds left.\n|\n|t:|1700156737\n|switch|p1a: Dragapult|Dragapult, M|100\/100\n|move|p2a: Ceruledge|Poltergeist|p1a: Dragapult\n|-activate|p1a: Dragapult|move: Poltergeist|Choice Specs\n|-supereffective|p1a: Dragapult\n|-crit|p1a: Dragapult\n|-damage|p1a: Dragapult|0 fnt\n|faint|p1a: Dragapult\n|\n|-weather|SunnyDay|[upkeep]\n|-damage|p2a: Ceruledge|57\/100 tox|[from] psn\n|upkeep\n|\n|t:|1700156740\n|switch|p1a: Kingambit|Kingambit, M, shiny|100\/100\n|-activate|p1a: Kingambit|ability: Supreme Overlord\n|-start|p1a: Kingambit|fallen3|[silent]\n|turn|19\n|inactive|Kaif & Radu has 30 seconds left.\n|\n|t:|1700156757\n|switch|p2a: Great Tusk|Great Tusk|100\/100\n|-damage|p2a: Great Tusk|98\/100|[from] Stealth Rock\n|-activate|p2a: Great Tusk|ability: Protosynthesis\n|-start|p2a: Great Tusk|protosynthesisspe\n|move|p1a: Kingambit|Sucker Punch||[still]\n|-fail|p1a: Kingambit\n|\n|-weather|none\n|-end|p2a: Great Tusk|Protosynthesis\n|upkeep\n|-enditem|p2a: Great Tusk|Booster Energy\n|-activate|p2a: Great Tusk|ability: Protosynthesis|[fromitem]\n|-start|p2a: Great Tusk|protosynthesisspe\n|turn|20\n|inactive|Kaif & Radu has 30 seconds left.\n|inactive|Kaif & Radu has 20 seconds left.\n|inactive|Kaif & Radu has 15 seconds left.\n|\n|t:|1700156783\n|move|p2a: Great Tusk|Bulk Up|p2a: Great Tusk\n|-boost|p2a: Great Tusk|atk|1\n|-boost|p2a: Great Tusk|def|1\n|move|p1a: Kingambit|Iron Head|p2a: Great Tusk\n|-damage|p2a: Great Tusk|73\/100\n|\n|upkeep\n|turn|21\n|inactive|Kaif & Radu has 25 seconds left this turn.\n|inactive|Kaif & Radu has 20 seconds left.\n|inactive|Kaif & Radu has 15 seconds left.\n|\n|t:|1700156797\n|-end|p1a: Kingambit|fallen3|[silent]\n|switch|p1a: Gliscor|Gliscor, M, tera:Water|70\/100 tox\n|move|p2a: Great Tusk|Headlong Rush|p1a: Gliscor\n|-damage|p1a: Gliscor|6\/100 tox\n|-unboost|p2a: Great Tusk|def|1\n|-unboost|p2a: Great Tusk|spd|1\n|\n|-heal|p1a: Gliscor|19\/100 tox|[from] ability: Poison Heal\n|upkeep\n|turn|22\n|inactive|Kaif & Radu has 25 seconds left this turn.\n|\n|t:|1700156801\n|move|p2a: Great Tusk|Headlong Rush|p1a: Gliscor\n|-damage|p1a: Gliscor|0 fnt\n|-unboost|p2a: Great Tusk|def|1\n|-unboost|p2a: Great Tusk|spd|1\n|faint|p1a: Gliscor\n|\n|upkeep\n|inactive|Kaif & Radu has 30 seconds left this turn.\n|inactive|Umberto & Riyad has 60 seconds left.\n|\n|t:|1700156836\n|switch|p1a: Dragonite|Dragonite, M|100\/100\n|turn|23\n|inactive|Umberto & Riyad has 60 seconds left.\n|\n|t:|1700156856\n|move|p2a: Great Tusk|Ice Spinner|p1a: Dragonite\n|-supereffective|p1a: Dragonite\n|-damage|p1a: Dragonite|29\/100\n|move|p1a: Dragonite|Hurricane|p2a: Great Tusk\n|-supereffective|p2a: Great Tusk\n|-damage|p2a: Great Tusk|0 fnt\n|faint|p2a: Great Tusk\n|-end|p2a: Great Tusk|Protosynthesis|[silent]\n|\n|upkeep\n|inactive|Kaif & Radu has 30 seconds left.\n|inactive|Kaif & Radu has 20 seconds left.\n|inactive|Kaif & Radu has 15 seconds left.\n|\n|t:|1700156885\n|switch|p2a: Ceruledge|Ceruledge, F|57\/100 tox\n|-damage|p2a: Ceruledge|32\/100 tox|[from] Stealth Rock\n|-item|p2a: Ceruledge|Air Balloon\n|turn|24\n|inactive|Kaif & Radu has 25 seconds left this turn.\n|\n|t:|1700156888\n|move|p1a: Dragonite|Hurricane|p2a: Ceruledge\n|-damage|p2a: Ceruledge|0 fnt\n|-enditem|p2a: Ceruledge|Air Balloon\n|faint|p2a: Ceruledge\n|\n|upkeep\n|inactive|Kaif & Radu has 30 seconds left this turn.\n|inactive|Kaif & Radu has 20 seconds left.\n|inactive|Kaif & Radu has 15 seconds left.\n|\n|t:|1700156904\n|switch|p2a: Enamorus|Enamorus, F, tera:Ground|23\/100\n|-damage|p2a: Enamorus|17\/100|[from] Stealth Rock\n|turn|25\n|inactive|Kaif & Radu has 25 seconds left this turn.\n|\n|t:|1700156910\n|move|p2a: Enamorus|Moonblast|p1a: Dragonite\n|-supereffective|p1a: Dragonite\n|-damage|p1a: Dragonite|0 fnt\n|faint|p1a: Dragonite\n|\n|-heal|p2a: Enamorus|23\/100|[from] item: Leftovers\n|upkeep\n|inactive|Kaif & Radu has 30 seconds left this turn.\n|\n|t:|1700156912\n|switch|p1a: Kingambit|Kingambit, M, shiny|100\/100\n|-activate|p1a: Kingambit|ability: Supreme Overlord\n|-start|p1a: Kingambit|fallen5|[silent]\n|turn|26\n|\n|t:|1700156917\n|move|p2a: Enamorus|Earth Power|p1a: Kingambit\n|-supereffective|p1a: Kingambit\n|-damage|p1a: Kingambit|1\/100\n|move|p1a: Kingambit|Kowtow Cleave|p2a: Enamorus\n|-damage|p2a: Enamorus|0 fnt\n|-start|p1a: Kingambit|Attract|[from] ability: Cute Charm|[of] p2a: Enamorus\n|faint|p2a: Enamorus\n|-end|p1a: Kingambit|Attract|[silent]\n|\n|-heal|p1a: Kingambit|7\/100|[from] item: Leftovers\n|upkeep\n|\n|t:|1700156922\n|switch|p2a: Walking Wake|Walking Wake|82\/100 tox\n|-damage|p2a: Walking Wake|70\/100 tox|[from] Stealth Rock\n|turn|27\n|\n|t:|1700156925\n|move|p1a: Kingambit|Sucker Punch|p2a: Walking Wake\n|-damage|p2a: Walking Wake|0 fnt\n|faint|p2a: Walking Wake\n|-end|p2a: Walking Wake|Protosynthesis|[silent]\n|\n|-heal|p1a: Kingambit|13\/100|[from] item: Leftovers\n|upkeep\n|\n|t:|1700156931\n|switch|p2a: Torkoal|Torkoal, F|76\/100\n|-damage|p2a: Torkoal|51\/100|[from] Stealth Rock\n|-weather|SunnyDay|[from] ability: Drought|[of] p2a: Torkoal\n|turn|28\n|\n|t:|1700156936\n|move|p1a: Kingambit|Kowtow Cleave|p2a: Torkoal\n|-damage|p2a: Torkoal|10\/100\n|move|p2a: Torkoal|Overheat|p1a: Kingambit\n|-supereffective|p1a: Kingambit\n|-damage|p1a: Kingambit|0 fnt\n|-unboost|p2a: Torkoal|spa|2\n|faint|p1a: Kingambit\n|-end|p1a: Kingambit|fallen5|[silent]\n|\n|win|Kaif & Radu\n","uploadtime":1700156937,"views":58,"p1id":"umbertoriyad","p2id":"kaifradu","formatid":"gen9ubers","rating":0,"private":0,"password":""}