{"id":"gen9doublesou-1972078866","p1":"Jackmim","p2":"LenryVore","format":"[Gen 9] Doubles OU","log":"|j|\u2606Jackmim\n|j|\u2606LenryVore\n|t:|1697811031\n|gametype|doubles\n|player|p1|Jackmim|plumeria-league|1026\n|player|p2|LenryVore|101|1117\n|teamsize|p1|6\n|teamsize|p2|6\n|gen|9\n|tier|[Gen 9] Doubles OU\n|rated|\n|rule|Species Clause: Limit one of each Pok\u00e9mon\n|rule|OHKO Clause: OHKO moves are banned\n|rule|Evasion Moves Clause: Evasion moves are banned\n|rule|Gravity Sleep Clause: The combination of sleep-inducing moves with imperfect accuracy and Gravity or Gigantamax Orbeetle are banned\n|rule|Endless Battle Clause: Forcing endless battles is banned\n|rule|HP Percentage Mod: HP is shown in percentages\n|clearpoke\n|poke|p1|Gengar, F|\n|poke|p1|Muk-Alola, M|\n|poke|p1|Toxapex, F|\n|poke|p1|Salazzle, F|\n|poke|p1|Lurantis, F|\n|poke|p1|Slowking-Galar, M|\n|poke|p2|Snorlax, F|\n|poke|p2|Politoed, M|\n|poke|p2|Hatterene, F|\n|poke|p2|Clodsire, F|\n|poke|p2|Dondozo, M|\n|poke|p2|Ludicolo, M|\n|teampreview\n|\n|t:|1697811069\n|start\n|switch|p1a: Skull Muk-mon|Muk-Alola, M, shiny|100\/100\n|switch|p1b: Skullazzle|Salazzle, F|100\/100\n|switch|p2a: Hatterene|Hatterene, F|100\/100\n|switch|p2b: Politoed|Politoed, M|100\/100\n|-weather|RainDance|[from] ability: Drizzle|[of] p2b: Politoed\n|turn|1\n|\n|t:|1697811088\n|-terastallize|p2a: Hatterene|Psychic\n|move|p1b: Skullazzle|Sludge Bomb|p2a: Hatterene\n|-damage|p2a: Hatterene|60\/100\n|-status|p2a: Hatterene|psn\n|-damage|p1b: Skullazzle|91\/100|[from] item: Life Orb\n|move|p2b: Politoed|Earth Power|p1b: Skullazzle\n|-supereffective|p1b: Skullazzle\n|-damage|p1b: Skullazzle|0 fnt\n|faint|p1b: Skullazzle\n|move|p1a: Skull Muk-mon|Venoshock|p2a: Hatterene\n|-damage|p2a: Hatterene|36\/100 psn\n|move|p2a: Hatterene|Trick Room|p2a: Hatterene\n|-fieldstart|move: Trick Room|[of] p2a: Hatterene\n|\n|-weather|RainDance|[upkeep]\n|-heal|p2a: Hatterene|42\/100 psn|[from] item: Leftovers\n|-damage|p2a: Hatterene|30\/100 psn|[from] psn\n|upkeep\n|\n|t:|1697811105\n|switch|p1b: Slowskool|Slowking-Galar, M, shiny|100\/100\n|turn|2\n|\n|t:|1697811118\n|move|p2a: Hatterene|Light Screen|p2a: Hatterene\n|-sidestart|p2: LenryVore|move: Light Screen\n|move|p1b: Slowskool|Chilly Reception|p1b: Slowskool\n|-weather|Snow\n|\n|t:|1697811124\n|switch|p1b: Skull X|Toxapex, F, shiny|100\/100|[from] Chilly Reception\n|move|p1a: Skull Muk-mon|Toxic|p2b: Politoed\n|-status|p2b: Politoed|tox\n|move|p2b: Politoed|Encore|p1a: Skull Muk-mon\n|-start|p1a: Skull Muk-mon|Encore\n|\n|-weather|Snow|[upkeep]\n|-heal|p2a: Hatterene|36\/100 psn|[from] item: Leftovers\n|-damage|p2a: Hatterene|24\/100 psn|[from] psn\n|-damage|p2b: Politoed|94\/100 tox|[from] psn\n|upkeep\n|turn|3\n|\n|t:|1697811143\n|switch|p1a: Slowskool|Slowking-Galar, M, shiny|100\/100\n|move|p2a: Hatterene|Dazzling Gleam|p1a: Slowskool|[spread] p1a,p1b\n|-resisted|p1a: Slowskool\n|-resisted|p1b: Skull X\n|-damage|p1a: Slowskool|90\/100\n|-damage|p1b: Skull X|90\/100\n|move|p1b: Skull X|Poison Jab|p2b: Politoed\n|-crit|p2b: Politoed\n|-damage|p2b: Politoed|63\/100 tox\n|move|p2b: Politoed|Earth Power|p1a: Slowskool\n|-supereffective|p1a: Slowskool\n|-damage|p1a: Slowskool|46\/100\n|\n|-weather|Snow|[upkeep]\n|-heal|p2a: Hatterene|30\/100 psn|[from] item: Leftovers\n|-heal|p1b: Skull X|96\/100|[from] item: Leftovers\n|-heal|p2b: Politoed|69\/100 tox|[from] item: Leftovers\n|-damage|p2a: Hatterene|17\/100 psn|[from] psn\n|-damage|p2b: Politoed|57\/100 tox|[from] psn\n|upkeep\n|turn|4\n|\n|t:|1697811169\n|move|p2a: Hatterene|Reflect|p2a: Hatterene\n|-sidestart|p2: LenryVore|Reflect\n|move|p1a: Slowskool|Future Sight|p2b: Politoed\n|-start|p1a: Slowskool|move: Future Sight\n|move|p1b: Skull X|Poison Jab|p2b: Politoed\n|-crit|p2b: Politoed\n|-damage|p2b: Politoed|25\/100 tox\n|move|p2b: Politoed|Earth Power|p1b: Skull X\n|-supereffective|p1b: Skull X\n|-damage|p1b: Skull X|55\/100\n|\n|-weather|Snow|[upkeep]\n|-heal|p2a: Hatterene|23\/100 psn|[from] item: Leftovers\n|-heal|p1b: Skull X|61\/100|[from] item: Leftovers\n|-heal|p2b: Politoed|31\/100 tox|[from] item: Leftovers\n|-damage|p2a: Hatterene|11\/100 psn|[from] psn\n|-damage|p2b: Politoed|13\/100 tox|[from] psn\n|upkeep\n|turn|5\n|\n|t:|1697811196\n|move|p2a: Hatterene|Dazzling Gleam|p1a: Slowskool|[spread] p1a,p1b\n|-resisted|p1a: Slowskool\n|-resisted|p1b: Skull X\n|-damage|p1a: Slowskool|36\/100\n|-damage|p1b: Skull X|50\/100\n|move|p1a: Slowskool|Future Sight|p2a: Hatterene\n|-start|p1a: Slowskool|move: Future Sight\n|move|p1b: Skull X|Recover|p1b: Skull X\n|-heal|p1b: Skull X|100\/100\n|move|p2b: Politoed|Earth Power|p1b: Skull X\n|-supereffective|p1b: Skull X\n|-damage|p1b: Skull X|61\/100\n|\n|-weather|Snow|[upkeep]\n|-heal|p2a: Hatterene|17\/100 psn|[from] item: Leftovers\n|-heal|p1b: Skull X|67\/100|[from] item: Leftovers\n|-heal|p2b: Politoed|19\/100 tox|[from] item: Leftovers\n|-damage|p2a: Hatterene|5\/100 psn|[from] psn\n|-damage|p2b: Politoed|0 fnt|[from] psn\n|faint|p2b: Politoed\n|-fieldend|move: Trick Room\n|upkeep\n|\n|t:|1697811240\n|switch|p2b: Clodsire|Clodsire, F|100\/100\n|turn|6\n|\n|t:|1697811269\n|move|p1b: Skull X|Poison Jab|p2b: Clodsire\n|-resisted|p2b: Clodsire\n|-damage|p2b: Clodsire|97\/100\n|move|p1a: Slowskool|Future Sight||[still]\n|-fail|p1a: Slowskool\n|move|p2b: Clodsire|Yawn|p1a: Slowskool\n|-start|p1a: Slowskool|move: Yawn|[of] p2b: Clodsire\n|move|p2a: Hatterene|Trick Room|p2a: Hatterene\n|-fieldstart|move: Trick Room|[of] p2a: Hatterene\n|\n|-weather|none\n|-end|p2b: Clodsire|move: Future Sight\n|-supereffective|p2b: Clodsire\n|-damage|p2b: Clodsire|54\/100\n|-heal|p2a: Hatterene|11\/100 psn|[from] item: Leftovers\n|-heal|p1b: Skull X|73\/100|[from] item: Leftovers\n|-damage|p2a: Hatterene|0 fnt|[from] psn\n|faint|p2a: Hatterene\n|-sideend|p2: LenryVore|move: Light Screen\n|upkeep\n|\n|t:|1697811280\n|switch|p2a: Snorlax|Snorlax, F|100\/100\n|turn|7\n|\n|t:|1697811294\n|switch|p1a: Skull Muk-mon|Muk-Alola, M, shiny|100\/100\n|move|p2b: Clodsire|Yawn|p1b: Skull X\n|-start|p1b: Skull X|move: Yawn|[of] p2b: Clodsire\n|move|p2a: Snorlax|Belly Drum|p2a: Snorlax\n|-damage|p2a: Snorlax|50\/100\n|-setboost|p2a: Snorlax|atk|6|[from] move: Belly Drum\n|move|p1b: Skull X|Poison Jab|p2a: Snorlax\n|-damage|p2a: Snorlax|38\/100\n|\n|-end|p2a: Snorlax|move: Future Sight\n|-damage|p2a: Snorlax|2\/100\n|-heal|p1b: Skull X|79\/100|[from] item: Leftovers\n|upkeep\n|turn|8\n|\n|t:|1697811327\n|move|p2b: Clodsire|Recover|p2b: Clodsire\n|-heal|p2b: Clodsire|100\/100\n|move|p2a: Snorlax|High Horsepower|p1a: Skull Muk-mon\n|-supereffective|p1a: Skull Muk-mon\n|-damage|p1a: Skull Muk-mon|0 fnt\n|faint|p1a: Skull Muk-mon\n|move|p1b: Skull X|Poison Jab|p2b: Clodsire\n|-resisted|p2b: Clodsire\n|-damage|p2b: Clodsire|97\/100\n|\n|-heal|p1b: Skull X|86\/100|[from] item: Leftovers\n|-end|p1b: Skull X|move: Yawn|[silent]\n|-status|p1b: Skull X|slp\n|-sideend|p2: LenryVore|Reflect\n|upkeep\n|\n|t:|1697811341\n|switch|p1a: Slowskool|Slowking-Galar, M, shiny|70\/100\n|turn|9\n|\n|t:|1697811353\n|cant|p1b: Skull X|slp\n|move|p2b: Clodsire|Yawn||[still]\n|-fail|p2b: Clodsire\n|move|p2a: Snorlax|High Horsepower|p1a: Slowskool\n|-supereffective|p1a: Slowskool\n|-damage|p1a: Slowskool|0 fnt\n|faint|p1a: Slowskool\n|\n|-heal|p1b: Skull X|92\/100 slp|[from] item: Leftovers\n|upkeep\n|\n|t:|1697811366\n|switch|p1a: Plumeria|Lurantis, F, shiny|100\/100\n|turn|10\n|\n|t:|1697811376\n|move|p2b: Clodsire|Yawn|p1a: Plumeria\n|-start|p1a: Plumeria|move: Yawn|[of] p2b: Clodsire\n|move|p2a: Snorlax|High Horsepower|p1b: Skull X\n|-supereffective|p1b: Skull X\n|-crit|p1b: Skull X\n|-damage|p1b: Skull X|0 fnt\n|faint|p1b: Skull X\n|move|p1a: Plumeria|Solar Blade||[still]\n|-prepare|p1a: Plumeria|Solar Blade\n|-enditem|p1a: Plumeria|Power Herb\n|-anim|p1a: Plumeria|Solar Blade|p2b: Clodsire\n|-damage|p2b: Clodsire|30\/100\n|\n|-fieldend|move: Trick Room\n|upkeep\n|\n|t:|1697811389\n|switch|p1b: Skullmanic|Gengar, F, shiny|100\/100\n|turn|11\n|\n|t:|1697811398\n|-terastallize|p1a: Plumeria|Poison\n|move|p1b: Skullmanic|Dazzling Gleam|p2a: Snorlax|[spread] p2a,p2b\n|-resisted|p2b: Clodsire\n|-damage|p2a: Snorlax|0 fnt\n|-damage|p2b: Clodsire|23\/100\n|faint|p2a: Snorlax\n|-damage|p1b: Skullmanic|91\/100|[from] item: Life Orb\n|move|p1a: Plumeria|Sunny Day|p1a: Plumeria\n|-weather|SunnyDay\n|move|p2b: Clodsire|Recover|p2b: Clodsire\n|-heal|p2b: Clodsire|73\/100\n|\n|-weather|SunnyDay|[upkeep]\n|-end|p1a: Plumeria|move: Yawn|[silent]\n|upkeep\n|\n|t:|1697811438\n|switch|p2a: Ludicolo|Ludicolo, M|100\/100\n|turn|12\n|\n|t:|1697811451\n|move|p1b: Skullmanic|Sludge Bomb|p2a: Ludicolo\n|-supereffective|p2a: Ludicolo\n|-damage|p2a: Ludicolo|0 fnt\n|faint|p2a: Ludicolo\n|-damage|p1b: Skullmanic|81\/100|[from] item: Life Orb\n|move|p1a: Plumeria|Solar Blade||[still]\n|-prepare|p1a: Plumeria|Solar Blade\n|-anim|p1a: Plumeria|Solar Blade|p2b: Clodsire\n|-damage|p2b: Clodsire|3\/100\n|move|p2b: Clodsire|Yawn|p1a: Plumeria\n|-immune|p1a: Plumeria|[from] ability: Leaf Guard\n|\n|-weather|SunnyDay|[upkeep]\n|upkeep\n|\n|t:|1697811461\n|switch|p2a: Dondozo|Dondozo, M|100\/100\n|turn|13\n|c|\u2606LenryVore|Gg\n|-message|LenryVore forfeited.\n|\n|win|Jackmim\n|raw|Jackmim's rating: 1026 &rarr; <strong>1071<\/strong><br \/>(+45 for winning)\n|raw|LenryVore's rating: 1117 &rarr; <strong>1086<\/strong><br \/>(-31 for losing)\n|l|\u2606LenryVore\n","uploadtime":1697811491,"views":11,"p1id":"jackmim","p2id":"lenryvore","formatid":"gen9doublesou","rating":1071,"private":0,"password":""}