{"id":"gen9doublesou-1994460228","p1":"Bugthaw 2","p2":"GraepFlavoredSoda1","format":"[Gen 9] Doubles OU","log":"|j|\u2606Bugthaw 2\n|j|\u2606GraepFlavoredSoda1\n|t:|1700446444\n|gametype|doubles\n|player|p1|Bugthaw 2|1|1083\n|player|p2|GraepFlavoredSoda1|grimsley-masters|1127\n|teamsize|p1|6\n|teamsize|p2|6\n|gen|9\n|tier|[Gen 9] Doubles OU\n|rated|\n|rule|Species Clause: Limit one of each Pok\u00e9mon\n|rule|OHKO Clause: OHKO moves are banned\n|rule|Evasion Moves Clause: Evasion moves are banned\n|rule|Gravity Sleep Clause: The combination of sleep-inducing moves with imperfect accuracy and Gravity or Gigantamax Orbeetle are banned\n|rule|Endless Battle Clause: Forcing endless battles is banned\n|rule|HP Percentage Mod: HP is shown in percentages\n|clearpoke\n|poke|p1|Bellibolt, M|\n|poke|p1|Oranguru, F|\n|poke|p1|Pawmot, M|\n|poke|p1|Kingambit, M|\n|poke|p1|Appletun, M|\n|poke|p1|Sinistcha-Masterpiece|\n|poke|p2|Kommo-o, M|\n|poke|p2|Oricorio-Sensu, F|\n|poke|p2|Maushold-Four|\n|poke|p2|Volcarona, F|\n|poke|p2|Iron Hands|\n|poke|p2|Farigiraf, F|\n|teampreview\n|inactive|Battle timer is ON: inactive players will automatically lose when time's up. (requested by GraepFlavoredSoda1)\n|\n|t:|1700446451\n|start\n|switch|p1a: Winton|Oranguru, F, shiny|100\/100\n|switch|p1b: Frogbert Jr. III|Bellibolt, M, shiny|100\/100\n|switch|p2a: Kommo-o|Kommo-o, M|100\/100\n|switch|p2b: Oricorio|Oricorio-Sensu, F, shiny|100\/100\n|turn|1\n|\n|t:|1700446461\n|move|p1b: Frogbert Jr. III|Protect|p1b: Frogbert Jr. III\n|-singleturn|p1b: Frogbert Jr. III|Protect\n|move|p2b: Oricorio|Revelation Dance|p1b: Frogbert Jr. III\n|-activate|p1b: Frogbert Jr. III|move: Protect\n|move|p2a: Kommo-o|Clangorous Soul|p2a: Kommo-o\n|-boost|p2a: Kommo-o|atk|1\n|-boost|p2a: Kommo-o|def|1\n|-boost|p2a: Kommo-o|spa|1\n|-boost|p2a: Kommo-o|spd|1\n|-boost|p2a: Kommo-o|spe|1\n|-damage|p2a: Kommo-o|68\/100\n|-enditem|p2a: Kommo-o|Throat Spray\n|-boost|p2a: Kommo-o|spa|1|[from] item: Throat Spray\n|-activate|p2b: Oricorio|ability: Dancer\n|move|p2b: Oricorio|Clangorous Soul|p2b: Oricorio|[from]ability: Dancer\n|-boost|p2b: Oricorio|atk|1\n|-boost|p2b: Oricorio|def|1\n|-boost|p2b: Oricorio|spa|1\n|-boost|p2b: Oricorio|spd|1\n|-boost|p2b: Oricorio|spe|1\n|-damage|p2b: Oricorio|68\/100\n|-enditem|p2b: Oricorio|Throat Spray\n|-boost|p2b: Oricorio|spa|1|[from] item: Throat Spray\n|move|p1a: Winton|Trick Room|p1a: Winton\n|-fieldstart|move: Trick Room|[of] p1a: Winton\n|\n|upkeep\n|turn|2\n|c|\u2606Bugthaw 2|oh\n|c|\u2606Bugthaw 2|i don't like that\n|\n|t:|1700446488\n|move|p2b: Oricorio|Protect|p2b: Oricorio\n|-singleturn|p2b: Oricorio|Protect\n|move|p1a: Winton|Bulldoze|p2a: Kommo-o|[spread] p1b,p2a\n|-activate|p2b: Oricorio|move: Protect\n|-supereffective|p1b: Frogbert Jr. III\n|-damage|p1b: Frogbert Jr. III|89\/100\n|-damage|p2a: Kommo-o|63\/100\n|-unboost|p1b: Frogbert Jr. III|spe|1\n|-unboost|p2a: Kommo-o|spe|1\n|-start|p1b: Frogbert Jr. III|Charge|Bulldoze|[from] ability: Electromorphosis\n|-enditem|p1b: Frogbert Jr. III|Weakness Policy\n|-boost|p1b: Frogbert Jr. III|atk|2|[from] item: Weakness Policy\n|-boost|p1b: Frogbert Jr. III|spa|2|[from] item: Weakness Policy\n|move|p1b: Frogbert Jr. III|Discharge|p2a: Kommo-o|[spread] p2a\n|-activate|p2b: Oricorio|move: Protect\n|-activate|p1a: Winton|ability: Telepathy\n|-resisted|p2a: Kommo-o\n|-damage|p2a: Kommo-o|28\/100\n|-end|p1b: Frogbert Jr. III|Charge|[silent]\n|move|p2a: Kommo-o|Boomburst|p1b: Frogbert Jr. III|[spread] p1a,p1b\n|-activate|p2b: Oricorio|move: Protect\n|-damage|p1a: Winton|61\/100\n|-damage|p1b: Frogbert Jr. III|29\/100\n|-start|p1b: Frogbert Jr. III|Charge|Boomburst|[from] ability: Electromorphosis\n|\n|upkeep\n|turn|3\n|c|\u2606GraepFlavoredSoda1|im scared of you too\n|c|\u2606Bugthaw 2|you should be\n|c|\u2606Bugthaw 2|frog is unstoppable\n|c|\u2606Bugthaw 2|it is your god now\n|inactive|Bugthaw 2 has 120 seconds left.\n|inactive|GraepFlavoredSoda1 has 120 seconds left.\n|\n|t:|1700446535\n|move|p1b: Frogbert Jr. III|Discharge|p2a: Kommo-o|[spread] p2a,p2b\n|-activate|p1a: Winton|ability: Telepathy\n|-resisted|p2a: Kommo-o\n|-supereffective|p2b: Oricorio\n|-damage|p2a: Kommo-o|0 fnt\n|-damage|p2b: Oricorio|0 fnt\n|faint|p2a: Kommo-o\n|faint|p2b: Oricorio\n|-end|p1b: Frogbert Jr. III|Charge|[silent]\n|move|p1a: Winton|Instruct|p1b: Frogbert Jr. III\n|-singleturn|p1b: Frogbert Jr. III|move: Instruct|[of] p1a: Winton\n|move|p1b: Frogbert Jr. III|Discharge|p1a: Winton\n|-activate|p1a: Winton|ability: Telepathy\n|\n|upkeep\n|\n|t:|1700446548\n|switch|p2a: Farigiraf|Farigiraf, F|100\/100\n|switch|p2b: Iron Hands|Iron Hands|100\/100\n|turn|4\n|c|\u2606Bugthaw 2|the third of his name\n|inactive|Bugthaw 2 has 120 seconds left.\n|\n|t:|1700446574\n|switch|p1a: Sinistcha|Sinistcha-Masterpiece, shiny|100\/100\n|-heal|p1b: Frogbert Jr. III|54\/100|[from] ability: Hospitality|[of] p1a: Sinistcha\n|move|p1b: Frogbert Jr. III|Protect|p1b: Frogbert Jr. III\n|-singleturn|p1b: Frogbert Jr. III|Protect\n|move|p2b: Iron Hands|Fake Out|p1b: Frogbert Jr. III\n|-activate|p1b: Frogbert Jr. III|move: Protect\n|move|p2a: Farigiraf|Trick Room|p2a: Farigiraf\n|-fieldend|move: Trick Room\n|\n|upkeep\n|turn|5\n|\n|t:|1700446599\n|move|p2a: Farigiraf|Psychic|p1b: Frogbert Jr. III\n|-damage|p1b: Frogbert Jr. III|11\/100\n|-start|p1b: Frogbert Jr. III|Charge|Psychic|[from] ability: Electromorphosis\n|move|p2b: Iron Hands|Ice Punch|p1b: Frogbert Jr. III\n|-damage|p1b: Frogbert Jr. III|0 fnt\n|faint|p1b: Frogbert Jr. III\n|move|p1a: Sinistcha|Trick Room|p1a: Sinistcha\n|-fieldstart|move: Trick Room|[of] p1a: Sinistcha\n|\n|upkeep\n|c|\u2606Bugthaw 2|my son\n|inactive|Bugthaw 2 has 120 seconds left.\n|\n|t:|1700446612\n|switch|p1b: Granny Smith|Appletun, M, shiny|100\/100\n|turn|6\n|\n|t:|1700446624\n|move|p1b: Granny Smith|Leech Seed|p2a: Farigiraf\n|-start|p2a: Farigiraf|move: Leech Seed\n|move|p2b: Iron Hands|Ice Punch|p1b: Granny Smith\n|-supereffective|p1b: Granny Smith\n|-crit|p1b: Granny Smith\n|-damage|p1b: Granny Smith|18\/100\n|move|p1a: Sinistcha|Strength Sap|p2b: Iron Hands\n|-unboost|p2b: Iron Hands|atk|1\n|move|p2a: Farigiraf|Trick Room|p2a: Farigiraf\n|-fieldend|move: Trick Room\n|\n|-heal|p1b: Granny Smith|24\/100|[from] item: Leftovers\n|-damage|p2a: Farigiraf|88\/100|[from] Leech Seed|[of] p1b: Granny Smith\n|-heal|p1b: Granny Smith|39\/100|[silent]\n|upkeep\n|turn|7\n|\n|t:|1700446648\n|-end|p2b: Iron Hands|Quark Drive|[silent]\n|switch|p2b: Volcarona|Volcarona, F|100\/100\n|move|p1b: Granny Smith|Protect|p1b: Granny Smith\n|-singleturn|p1b: Granny Smith|Protect\n|move|p2a: Farigiraf|Imprison|p2a: Farigiraf\n|-start|p2a: Farigiraf|move: Imprison\n|cant|p1a: Sinistcha|move: Imprison|Trick Room\n|\n|-heal|p1b: Granny Smith|45\/100|[from] item: Leftovers\n|-damage|p2a: Farigiraf|76\/100|[from] Leech Seed|[of] p1b: Granny Smith\n|-heal|p1b: Granny Smith|60\/100|[silent]\n|upkeep\n|turn|8\n|\n|t:|1700446664\n|-terastallize|p1b: Granny Smith|Steel\n|move|p2b: Volcarona|Fiery Dance|p1a: Sinistcha\n|-supereffective|p1a: Sinistcha\n|-damage|p1a: Sinistcha|7\/100\n|move|p1a: Sinistcha|Life Dew|p1a: Sinistcha|[spread] p1a,p1b\n|-heal|p1a: Sinistcha|32\/100\n|-heal|p1b: Granny Smith|85\/100\n|move|p2a: Farigiraf|Psychic|p1a: Sinistcha\n|-damage|p1a: Sinistcha|0 fnt\n|faint|p1a: Sinistcha\n|move|p1b: Granny Smith|Leech Seed|p2b: Volcarona\n|-start|p2b: Volcarona|move: Leech Seed\n|\n|-heal|p1b: Granny Smith|91\/100|[from] item: Leftovers\n|-damage|p2b: Volcarona|88\/100|[from] Leech Seed|[of] p1b: Granny Smith\n|-heal|p1b: Granny Smith|100\/100|[silent]\n|-damage|p2a: Farigiraf|63\/100|[from] Leech Seed|[of] p1b: Granny Smith\n|upkeep\n|\n|t:|1700446683\n|switch|p1a: Winton|Oranguru, F, shiny|61\/100\n|turn|9\n|\n|t:|1700446705\n|move|p2b: Volcarona|Fiery Dance|p1b: Granny Smith\n|-supereffective|p1b: Granny Smith\n|-damage|p1b: Granny Smith|63\/100\n|move|p2a: Farigiraf|Psychic|p1a: Winton\n|-resisted|p1a: Winton\n|-crit|p1a: Winton\n|-damage|p1a: Winton|36\/100\n|move|p1a: Winton|Taunt|p2b: Volcarona\n|-start|p2b: Volcarona|move: Taunt\n|move|p1b: Granny Smith|Dragon Pulse|p2a: Farigiraf\n|-damage|p2a: Farigiraf|34\/100\n|\n|-heal|p1b: Granny Smith|70\/100|[from] item: Leftovers\n|-damage|p2b: Volcarona|76\/100|[from] Leech Seed|[of] p1b: Granny Smith\n|-heal|p1b: Granny Smith|82\/100|[silent]\n|-damage|p2a: Farigiraf|22\/100|[from] Leech Seed|[of] p1b: Granny Smith\n|-heal|p1b: Granny Smith|97\/100|[silent]\n|upkeep\n|turn|10\n|\n|t:|1700446734\n|switch|p2b: Iron Hands|Iron Hands|100\/100\n|move|p2a: Farigiraf|Psychic|p1a: Winton\n|-resisted|p1a: Winton\n|-damage|p1a: Winton|20\/100\n|move|p1a: Winton|Instruct|p1b: Granny Smith\n|-singleturn|p1b: Granny Smith|move: Instruct|[of] p1a: Winton\n|move|p1b: Granny Smith|Dragon Pulse|p2a: Farigiraf\n|-damage|p2a: Farigiraf|0 fnt\n|faint|p2a: Farigiraf\n|move|p1b: Granny Smith|Dragon Pulse|p2b: Iron Hands\n|-damage|p2b: Iron Hands|84\/100\n|\n|-heal|p1b: Granny Smith|100\/100|[from] item: Leftovers\n|upkeep\n|\n|t:|1700446739\n|switch|p2a: Volcarona|Volcarona, F|76\/100\n|turn|11\n|\n|t:|1700446762\n|move|p2b: Iron Hands|Fake Out|p1b: Granny Smith\n|-resisted|p1b: Granny Smith\n|-damage|p1b: Granny Smith|94\/100\n|move|p2a: Volcarona|Fiery Dance|p1a: Winton\n|-damage|p1a: Winton|0 fnt\n|faint|p1a: Winton\n|cant|p1b: Granny Smith|flinch\n|\n|-heal|p1b: Granny Smith|99\/100|[from] item: Leftovers\n|upkeep\n|\n|t:|1700446776\n|switch|p1a: Goob|Pawmot, M, shiny|100\/100\n|turn|12\n|\n|t:|1700446791\n|move|p1a: Goob|Fake Out|p2b: Iron Hands\n|-damage|p2b: Iron Hands|74\/100\n|move|p2a: Volcarona|Fiery Dance|p1b: Granny Smith\n|-supereffective|p1b: Granny Smith\n|-damage|p1b: Granny Smith|63\/100\n|-boost|p2a: Volcarona|spa|1\n|cant|p2b: Iron Hands|flinch\n|move|p1b: Granny Smith|Leech Seed|p2a: Volcarona\n|-start|p2a: Volcarona|move: Leech Seed\n|\n|-heal|p1b: Granny Smith|69\/100|[from] item: Leftovers\n|-damage|p2a: Volcarona|64\/100|[from] Leech Seed|[of] p1b: Granny Smith\n|-heal|p1b: Granny Smith|82\/100|[silent]\n|upkeep\n|turn|13\n|inactive|Bugthaw 2 has 120 seconds left.\n|\n|t:|1700446823\n|move|p1a: Goob|Thunder Punch|p2a: Volcarona\n|-damage|p2a: Volcarona|0 fnt\n|faint|p2a: Volcarona\n|move|p2b: Iron Hands|Close Combat|p1b: Granny Smith\n|-supereffective|p1b: Granny Smith\n|-damage|p1b: Granny Smith|0 fnt\n|-unboost|p2b: Iron Hands|def|1\n|-unboost|p2b: Iron Hands|spd|1\n|faint|p1b: Granny Smith\n|\n|upkeep\n|\n|t:|1700446832\n|switch|p2a: Maushold|Maushold-Four|100\/100\n|switch|p1b: son|Kingambit, M, shiny|100\/100\n|-activate|p1b: son|ability: Supreme Overlord\n|-start|p1b: son|fallen4|[silent]\n|turn|14\n|inactive|Bugthaw 2 has 120 seconds left.\n|\n|t:|1700446862\n|move|p2a: Maushold|Follow Me|p2a: Maushold\n|-singleturn|p2a: Maushold|move: Follow Me\n|move|p1a: Goob|Mach Punch|p2a: Maushold\n|-supereffective|p2a: Maushold\n|-damage|p2a: Maushold|23\/100\n|move|p1b: son|Sucker Punch||[still]\n|-fail|p1b: son\n|move|p2b: Iron Hands|Close Combat|p1b: son\n|-supereffective|p1b: son\n|-crit|p1b: son\n|-damage|p1b: son|0 fnt\n|-unboost|p2b: Iron Hands|def|1\n|-unboost|p2b: Iron Hands|spd|1\n|faint|p1b: son\n|-end|p1b: son|fallen4|[silent]\n|\n|upkeep\n|turn|15\n|\n|t:|1700446886\n|move|p1a: Goob|Mach Punch|p2a: Maushold\n|-supereffective|p2a: Maushold\n|-damage|p2a: Maushold|0 fnt\n|faint|p2a: Maushold\n|move|p2b: Iron Hands|Close Combat|p1a: Goob\n|-damage|p1a: Goob|0 fnt\n|-unboost|p2b: Iron Hands|def|1\n|-unboost|p2b: Iron Hands|spd|1\n|faint|p1a: Goob\n|\n|win|GraepFlavoredSoda1\n|raw|Bugthaw 2's rating: 1083 &rarr; <strong>1063<\/strong><br \/>(-20 for losing)\n|raw|GraepFlavoredSoda1's rating: 1127 &rarr; <strong>1149<\/strong><br \/>(+22 for winning)\n|c|\u2606GraepFlavoredSoda1|gg\n|c|\u2606Bugthaw 2|gg lol\n","uploadtime":1700446898,"views":4,"p1id":"bugthaw2","p2id":"graepflavoredsoda1","formatid":"gen9doublesou","rating":1063,"private":0,"password":""}