{"id":"gen9doublesou-1993824849","p1":"nightchaos79","p2":"Kiky14","format":"[Gen 9] Doubles OU","log":"|j|\u2606nightchaos79\n|j|\u2606Kiky14\n|t:|1700361883\n|gametype|doubles\n|player|p1|nightchaos79|red|1276\n|player|p2|Kiky14|hilda-wonderlauncher|1471\n|teamsize|p1|6\n|teamsize|p2|6\n|gen|9\n|tier|[Gen 9] Doubles OU\n|rated|\n|rule|Species Clause: Limit one of each Pok\u00e9mon\n|rule|OHKO Clause: OHKO moves are banned\n|rule|Evasion Moves Clause: Evasion moves are banned\n|rule|Gravity Sleep Clause: The combination of sleep-inducing moves with imperfect accuracy and Gravity or Gigantamax Orbeetle are banned\n|rule|Endless Battle Clause: Forcing endless battles is banned\n|rule|HP Percentage Mod: HP is shown in percentages\n|clearpoke\n|poke|p1|Fezandipiti, M|\n|poke|p1|Cramorant, M|\n|poke|p1|Politoed, F|\n|poke|p1|Gallade, M|\n|poke|p1|Ogerpon-Hearthflame, F|\n|poke|p1|Kleavor, M|\n|poke|p2|Sinistcha|\n|poke|p2|Moltres-Galar|\n|poke|p2|Arcanine-Hisui, F|\n|poke|p2|Ogerpon-Wellspring, F|\n|poke|p2|Klefki, M|\n|poke|p2|Okidogi, M|\n|teampreview\n|inactive|Battle timer is ON: inactive players will automatically lose when time's up. (requested by nightchaos79)\n|l|\u2606Kiky14\n|inactive|Kiky14 disconnected and has a minute to reconnect!\n|player|p2|\n|j|\u2606Kiky14\n|inactive|Kiky14 reconnected and has 120 seconds left.\n|player|p2|Kiky14|hilda-wonderlauncher\n|\n|t:|1700361938\n|start\n|switch|p1a: Fezandipiti|Fezandipiti, M|100\/100\n|switch|p1b: Kleavor|Kleavor, M|100\/100\n|switch|p2a: Klefki|Klefki, M|100\/100\n|switch|p2b: Arcanine|Arcanine-Hisui, F|100\/100\n|-ability|p2b: Arcanine|Intimidate|boost\n|-unboost|p1a: Fezandipiti|atk|1\n|-unboost|p1b: Kleavor|atk|1\n|turn|1\n|\n|t:|1700361951\n|move|p2a: Klefki|Reflect|p2a: Klefki\n|-sidestart|p2: Kiky14|Reflect\n|move|p1a: Fezandipiti|Heat Wave|p2a: Klefki|[spread] p2a,p2b\n|-supereffective|p2a: Klefki\n|-resisted|p2b: Arcanine\n|-damage|p2a: Klefki|68\/100\n|-damage|p2b: Arcanine|96\/100\n|-status|p2b: Arcanine|tox|[from] ability: Toxic Chain|[of] p1a: Fezandipiti\n|move|p2b: Arcanine|Rock Slide|p1b: Kleavor|[spread] p1a\n|-miss|p2b: Arcanine|p1b: Kleavor\n|-crit|p1a: Fezandipiti\n|-damage|p1a: Fezandipiti|53\/100\n|move|p1b: Kleavor|Stone Axe|p2b: Arcanine\n|-supereffective|p2b: Arcanine\n|-damage|p2b: Arcanine|26\/100 tox\n|-sidestart|p2: Kiky14|move: Stealth Rock\n|-enditem|p2b: Arcanine|Sitrus Berry|[eat]\n|-heal|p2b: Arcanine|51\/100 tox|[from] item: Sitrus Berry\n|-damage|p1b: Kleavor|91\/100|[from] item: Life Orb\n|\n|-heal|p1a: Fezandipiti|59\/100|[from] item: Leftovers\n|-damage|p2b: Arcanine|45\/100 tox|[from] psn\n|upkeep\n|turn|2\n|\n|t:|1700361977\n|move|p2a: Klefki|Light Screen|p2a: Klefki\n|-sidestart|p2: Kiky14|move: Light Screen\n|move|p1a: Fezandipiti|Heat Wave|p2b: Arcanine|[spread] p2a,p2b\n|-supereffective|p2a: Klefki\n|-resisted|p2b: Arcanine\n|-damage|p2a: Klefki|45\/100\n|-damage|p2b: Arcanine|42\/100 tox\n|move|p2b: Arcanine|Rock Slide|p1a: Fezandipiti|[spread] p1a,p1b\n|-supereffective|p1b: Kleavor\n|-damage|p1a: Fezandipiti|27\/100\n|-damage|p1b: Kleavor|28\/100\n|move|p1b: Kleavor|Stone Axe|p2b: Arcanine\n|-supereffective|p2b: Arcanine\n|-damage|p2b: Arcanine|0 fnt\n|faint|p2b: Arcanine\n|-damage|p1b: Kleavor|18\/100|[from] item: Life Orb\n|\n|-heal|p1a: Fezandipiti|33\/100|[from] item: Leftovers\n|upkeep\n|inactive|Kiky14 has 120 seconds left.\n|\n|t:|1700362007\n|switch|p2b: Okidogi|Okidogi, M|100\/100\n|-damage|p2b: Okidogi|94\/100|[from] Stealth Rock\n|turn|3\n|\n|t:|1700362022\n|move|p1a: Fezandipiti|Protect|p1a: Fezandipiti\n|-singleturn|p1a: Fezandipiti|Protect\n|move|p2a: Klefki|Thunder Wave|p1a: Fezandipiti\n|-activate|p1a: Fezandipiti|move: Protect\n|move|p1b: Kleavor|Stone Axe|p2b: Okidogi\n|-resisted|p2b: Okidogi\n|-damage|p2b: Okidogi|83\/100\n|-damage|p1b: Kleavor|8\/100|[from] item: Life Orb\n|move|p2b: Okidogi|Poison Jab|p1a: Fezandipiti\n|-activate|p1a: Fezandipiti|move: Protect\n|\n|-heal|p1a: Fezandipiti|39\/100|[from] item: Leftovers\n|upkeep\n|turn|4\n|\n|t:|1700362038\n|move|p2a: Klefki|Thunder Wave|p1a: Fezandipiti\n|-status|p1a: Fezandipiti|par\n|move|p1b: Kleavor|X-Scissor|p2a: Klefki\n|-resisted|p2a: Klefki\n|-damage|p2a: Klefki|37\/100\n|-damage|p1b: Kleavor|0 fnt|[from] item: Life Orb\n|faint|p1b: Kleavor\n|move|p2b: Okidogi|Poison Jab|p1a: Fezandipiti\n|-damage|p1a: Fezandipiti|0 fnt\n|faint|p1a: Fezandipiti\n|-damage|p2b: Okidogi|73\/100|[from] item: Life Orb\n|\n|upkeep\n|\n|t:|1700362050\n|switch|p1a: Cramorant|Cramorant, M|100\/100\n|switch|p1b: Politoed|Politoed, F, shiny|100\/100\n|turn|5\n|inactive|Kiky14 has 120 seconds left.\n|\n|t:|1700362085\n|move|p2a: Klefki|Thunder Wave|p1a: Cramorant\n|-status|p1a: Cramorant|par\n|move|p2b: Okidogi|Poison Jab|p1a: Cramorant\n|-enditem|p1a: Cramorant|Focus Sash\n|-damage|p1a: Cramorant|1\/100 par\n|-damage|p2b: Okidogi|63\/100|[from] item: Life Orb\n|move|p1b: Politoed|Psychic|p2b: Okidogi\n|-supereffective|p2b: Okidogi\n|-damage|p2b: Okidogi|14\/100\n|move|p1a: Cramorant|Surf|p2a: Klefki|[spread] p2a,p2b\n|-immune|p1b: Politoed|[from] ability: Water Absorb\n|-formechange|p1a: Cramorant|Cramorant-Gorging|\n|-damage|p2a: Klefki|18\/100\n|-damage|p2b: Okidogi|0 fnt\n|faint|p2b: Okidogi\n|\n|upkeep\n|inactive|Kiky14 has 120 seconds left.\n|\n|t:|1700362103\n|switch|p2b: Sinistcha|Sinistcha|100\/100\n|-damage|p2b: Sinistcha|88\/100|[from] Stealth Rock\n|-heal|p2a: Klefki|43\/100|[from] ability: Hospitality|[of] p2b: Sinistcha\n|turn|6\n|\n|t:|1700362111\n|move|p2a: Klefki|Thunder Wave|p1b: Politoed\n|-status|p1b: Politoed|par\n|move|p2b: Sinistcha|Matcha Gotcha|p1b: Politoed|[spread] p1a,p1b\n|-supereffective|p1b: Politoed\n|-damage|p1a: Cramorant|0 fnt\n|-heal|p2b: Sinistcha|88\/100|[from] drain|[of] p1a: Cramorant\n|-damage|p1b: Politoed|62\/100 par\n|-heal|p2b: Sinistcha|100\/100|[from] drain|[of] p1b: Politoed\n|-damage|p2b: Sinistcha|76\/100|[from] ability: Gulp Missile|[of] p1a: Cramorant\n|-status|p2b: Sinistcha|par\n|-formechange|p1a: Cramorant|Cramorant|\n|faint|p1a: Cramorant\n|cant|p1b: Politoed|par\n|\n|-heal|p1b: Politoed|69\/100 par|[from] item: Leftovers\n|-heal|p2b: Sinistcha|82\/100 par|[from] item: Leftovers\n|upkeep\n|\n|t:|1700362126\n|switch|p1a: Ogerpon|Ogerpon-Hearthflame, F|100\/100\n|-ability|p1a: Ogerpon|Mold Breaker\n|turn|7\n|\n|t:|1700362140\n|-terastallize|p1a: Ogerpon|Fire\n|detailschange|p1a: Ogerpon|Ogerpon-Hearthflame-Tera, F, tera:Fire\n|-ability|p1a: Ogerpon|Embody Aspect (Hearthflame)|boost\n|-boost|p1a: Ogerpon|atk|1\n|move|p2a: Klefki|Thunder Wave|p1a: Ogerpon\n|-status|p1a: Ogerpon|par\n|move|p1a: Ogerpon|Ivy Cudgel|p2b: Sinistcha|[anim] Ivy Cudgel Fire\n|-supereffective|p2b: Sinistcha\n|-damage|p2b: Sinistcha|0 fnt\n|faint|p2b: Sinistcha\n|move|p1b: Politoed|Earth Power|p2a: Klefki\n|-supereffective|p2a: Klefki\n|-damage|p2a: Klefki|12\/100\n|\n|-heal|p1b: Politoed|75\/100 par|[from] item: Leftovers\n|upkeep\n|\n|t:|1700362153\n|switch|p2b: Ogerpon|Ogerpon-Wellspring, F|100\/100\n|-damage|p2b: Ogerpon|88\/100|[from] Stealth Rock\n|turn|8\n|\n|t:|1700362165\n|-terastallize|p2b: Ogerpon|Water\n|detailschange|p2b: Ogerpon|Ogerpon-Wellspring-Tera, F, tera:Water\n|-ability|p2b: Ogerpon|Embody Aspect (Wellspring)|boost\n|-boost|p2b: Ogerpon|spd|1\n|move|p2b: Ogerpon|Ivy Cudgel|p1a: Ogerpon|[anim] Ivy Cudgel Water\n|-supereffective|p1a: Ogerpon\n|-damage|p1a: Ogerpon|0 fnt\n|faint|p1a: Ogerpon\n|move|p2a: Klefki|Dazzling Gleam|p1b: Politoed\n|-damage|p1b: Politoed|58\/100 par\n|cant|p1b: Politoed|par\n|\n|-heal|p1b: Politoed|64\/100 par|[from] item: Leftovers\n|-sideend|p2: Kiky14|Reflect\n|upkeep\n|\n|t:|1700362172\n|switch|p1a: Gallade|Gallade, M, shiny|100\/100\n|turn|9\n|\n|t:|1700362186\n|move|p2a: Klefki|Reflect|p2a: Klefki\n|-sidestart|p2: Kiky14|Reflect\n|move|p1a: Gallade|Sacred Sword|p2b: Ogerpon\n|-damage|p2b: Ogerpon|44\/100\n|move|p2b: Ogerpon|Wood Hammer|p1b: Politoed\n|-supereffective|p1b: Politoed\n|-damage|p1b: Politoed|0 fnt\n|faint|p1b: Politoed\n|-damage|p2b: Ogerpon|17\/100|[from] Recoil\n|\n|-sideend|p2: Kiky14|move: Light Screen\n|upkeep\n|turn|10\n|-message|nightchaos79 forfeited.\n|\n|win|Kiky14\n|raw|nightchaos79's rating: 1276 &rarr; <strong>1264<\/strong><br \/>(-12 for losing)\n|raw|Kiky14's rating: 1471 &rarr; <strong>1481<\/strong><br \/>(+10 for winning)\n|l|\u2606nightchaos79\n","uploadtime":1700362209,"views":4,"p1id":"nightchaos79","p2id":"kiky14","formatid":"gen9doublesou","rating":1264,"private":0,"password":""}