{"id":"gen9doublesou-1999327863","p1":"bananaszn","p2":"MythAst","format":"[Gen 9] Doubles OU","log":"|j|\u2606bananaszn\n|j|\u2606MythAst\n|t:|1701060999\n|gametype|doubles\n|player|p1|bananaszn|teamrocket|1413\n|player|p2|MythAst|n-masters3|1485\n|teamsize|p1|6\n|teamsize|p2|6\n|gen|9\n|tier|[Gen 9] Doubles OU\n|rated|\n|rule|Species Clause: Limit one of each Pok\u00e9mon\n|rule|OHKO Clause: OHKO moves are banned\n|rule|Evasion Moves Clause: Evasion moves are banned\n|rule|Gravity Sleep Clause: The combination of sleep-inducing moves with imperfect accuracy and Gravity or Gigantamax Orbeetle are banned\n|rule|Endless Battle Clause: Forcing endless battles is banned\n|rule|HP Percentage Mod: HP is shown in percentages\n|clearpoke\n|poke|p1|Scizor, M|\n|poke|p1|Tornadus, M|\n|poke|p1|Chien-Pao|\n|poke|p1|Iron Hands|\n|poke|p1|Volcanion|\n|poke|p1|Great Tusk|\n|poke|p2|Tornadus, M|\n|poke|p2|Iron Hands|\n|poke|p2|Rillaboom, M|\n|poke|p2|Flutter Mane|\n|poke|p2|Ogerpon-Hearthflame, F|\n|poke|p2|Heatran, F|\n|teampreview\n|inactive|Battle timer is ON: inactive players will automatically lose when time's up. (requested by MythAst)\n|\n|t:|1701061027\n|start\n|switch|p1a: Iggy Azalea|Chien-Pao|100\/100\n|switch|p1b: YN Jay|Tornadus, M|100\/100\n|switch|p2a: Flutter Mane|Flutter Mane|100\/100\n|switch|p2b: Ogerpon|Ogerpon-Hearthflame, F|100\/100\n|-ability|p1a: Iggy Azalea|Sword of Ruin\n|-ability|p2b: Ogerpon|Mold Breaker\n|turn|1\n|\n|t:|1701061050\n|move|p1a: Iggy Azalea|Protect|p1a: Iggy Azalea\n|-singleturn|p1a: Iggy Azalea|Protect\n|move|p1b: YN Jay|Tailwind|p1b: YN Jay\n|-sidestart|p1: bananaszn|move: Tailwind\n|move|p2a: Flutter Mane|Dazzling Gleam|p1a: Iggy Azalea|[spread] p1b\n|-activate|p1a: Iggy Azalea|move: Protect\n|-damage|p1b: YN Jay|40\/100\n|move|p2b: Ogerpon|Ivy Cudgel|p1a: Iggy Azalea|[anim] Ivy Cudgel Fire\n|-activate|p1a: Iggy Azalea|move: Protect\n|\n|upkeep\n|turn|2\n|\n|t:|1701061063\n|move|p1a: Iggy Azalea|Throat Chop|p2a: Flutter Mane\n|-damage|p2a: Flutter Mane|0 fnt\n|faint|p2a: Flutter Mane\n|-end|p2a: Flutter Mane|Protosynthesis|[silent]\n|-damage|p1a: Iggy Azalea|91\/100|[from] item: Life Orb\n|move|p1b: YN Jay|Bleakwind Storm|p2b: Ogerpon\n|-supereffective|p2b: Ogerpon\n|-damage|p2b: Ogerpon|0 fnt\n|faint|p2b: Ogerpon\n|\n|upkeep\n|\n|t:|1701061075\n|switch|p2a: Heatran|Heatran, F|100\/100\n|switch|p2b: Rillaboom|Rillaboom, M|100\/100\n|-fieldstart|move: Grassy Terrain|[from] ability: Grassy Surge|[of] p2b: Rillaboom\n|turn|3\n|\n|t:|1701061091\n|move|p2b: Rillaboom|Fake Out|p1b: YN Jay\n|-damage|p1b: YN Jay|12\/100\n|move|p1a: Iggy Azalea|Sacred Sword|p2a: Heatran\n|-supereffective|p2a: Heatran\n|-damage|p2a: Heatran|14\/100\n|-damage|p1a: Iggy Azalea|81\/100|[from] item: Life Orb\n|cant|p1b: YN Jay|flinch\n|move|p2a: Heatran|Heat Wave|p1b: YN Jay|[spread] p1a,p1b\n|-supereffective|p1a: Iggy Azalea\n|-damage|p1a: Iggy Azalea|0 fnt\n|-damage|p1b: YN Jay|0 fnt\n|faint|p1a: Iggy Azalea\n|faint|p1b: YN Jay\n|\n|-heal|p2a: Heatran|21\/100|[from] Grassy Terrain\n|upkeep\n|\n|t:|1701061106\n|switch|p1a: Kawhi Leonard|Scizor, M|100\/100\n|switch|p1b: Volcanion|Volcanion|100\/100\n|turn|4\n|\n|t:|1701061130\n|move|p1b: Volcanion|Steam Eruption|p2a: Heatran\n|-supereffective|p2a: Heatran\n|-damage|p2a: Heatran|0 fnt\n|faint|p2a: Heatran\n|move|p1a: Kawhi Leonard|U-turn|p2b: Rillaboom\n|-supereffective|p2b: Rillaboom\n|-damage|p2b: Rillaboom|0 fnt\n|faint|p2b: Rillaboom\n|\n|t:|1701061137\n|switch|p1a: Great Tusk|Great Tusk|100\/100|[from] U-turn\n|\n|-sideend|p1: bananaszn|move: Tailwind\n|upkeep\n|\n|t:|1701061140\n|switch|p2a: Tornadus|Tornadus, M|100\/100\n|switch|p2b: Iron Hands|Iron Hands|100\/100\n|turn|5\n|\n|t:|1701061153\n|-terastallize|p1a: Great Tusk|Ground\n|move|p2a: Tornadus|Tailwind|p2a: Tornadus\n|-sidestart|p2: MythAst|move: Tailwind\n|move|p2b: Iron Hands|Swords Dance|p2b: Iron Hands\n|-boost|p2b: Iron Hands|atk|2\n|move|p1a: Great Tusk|Headlong Rush|p2b: Iron Hands\n|-supereffective|p2b: Iron Hands\n|-damage|p2b: Iron Hands|0 fnt\n|-unboost|p1a: Great Tusk|def|1\n|-unboost|p1a: Great Tusk|spd|1\n|faint|p2b: Iron Hands\n|-end|p2b: Iron Hands|Quark Drive|[silent]\n|move|p1b: Volcanion|Steam Eruption|p2a: Tornadus\n|-damage|p2a: Tornadus|23\/100\n|\n|upkeep\n|turn|6\n|-message|MythAst forfeited.\n|\n|win|bananaszn\n|raw|bananaszn's rating: 1413 &rarr; <strong>1437<\/strong><br \/>(+24 for winning)\n|raw|MythAst's rating: 1485 &rarr; <strong>1461<\/strong><br \/>(-24 for losing)\n|l|\u2606MythAst\n","uploadtime":1701061168,"views":11,"p1id":"bananaszn","p2id":"mythast","formatid":"gen9doublesou","rating":1437,"private":0,"password":""}