{"id":"gen9doublesou-1981218719","p1":"Penter","p2":"Cyronyx","format":"[Gen 9] Doubles OU","log":"|j|\u2606Penter\n|j|\u2606Cyronyx\n|inactive|Battle timer is ON: inactive players will automatically lose when time's up.\n|t:|1698873487\n|gametype|doubles\n|player|p1|Penter|n|\n|player|p2|Cyronyx|hilbert|\n|teamsize|p1|6\n|teamsize|p2|6\n|gen|9\n|tier|[Gen 9] Doubles OU\n|rated|Tournament battle\n|rule|Species Clause: Limit one of each Pok\u00e9mon\n|rule|OHKO Clause: OHKO moves are banned\n|rule|Evasion Moves Clause: Evasion moves are banned\n|rule|Gravity Sleep Clause: The combination of sleep-inducing moves with imperfect accuracy and Gravity or Gigantamax Orbeetle are banned\n|rule|Endless Battle Clause: Forcing endless battles is banned\n|rule|HP Percentage Mod: HP is shown in percentages\n|clearpoke\n|poke|p1|Weezing-Galar, M|\n|poke|p1|Roaring Moon|\n|poke|p1|Rillaboom, F|\n|poke|p1|Flutter Mane|\n|poke|p1|Ogerpon-Hearthflame, F|\n|poke|p1|Landorus-Therian, M|\n|poke|p2|Zapdos|\n|poke|p2|Samurott-Hisui, M|\n|poke|p2|Garganacl, M|\n|poke|p2|Goodra-Hisui, F|\n|poke|p2|Chandelure, F|\n|poke|p2|Kingambit, M|\n|teampreview\n|j|*Lady Monita \u263d\n|j| theironpikachu\n|inactive|Penter has 120 seconds left.\n|\n|t:|1698873536\n|start\n|switch|p1a: Weezing|Weezing-Galar, M|100\/100\n|switch|p1b: Roaring Moon|Roaring Moon|100\/100\n|switch|p2a: Zapdos|Zapdos|100\/100\n|switch|p2b: Goodra|Goodra-Hisui, F, shiny|100\/100\n|-ability|p1a: Weezing|Neutralizing Gas\n|-enditem|p1b: Roaring Moon|Booster Energy\n|-activate|p1b: Roaring Moon|ability: Protosynthesis|[fromitem]\n|-start|p1b: Roaring Moon|protosynthesisspe\n|turn|1\n|inactive|Penter has 120 seconds left.\n|\n|t:|1698873567\n|move|p1a: Weezing|Protect|p1a: Weezing\n|-singleturn|p1a: Weezing|Protect\n|move|p1b: Roaring Moon|Breaking Swipe|p2a: Zapdos|[spread] p2a,p2b\n|-damage|p2a: Zapdos|80\/100\n|-damage|p2b: Goodra|81\/100\n|-unboost|p2a: Zapdos|atk|1\n|-unboost|p2b: Goodra|atk|1\n|-damage|p1b: Roaring Moon|84\/100|[from] item: Rocky Helmet|[of] p2a: Zapdos\n|move|p2a: Zapdos|Thunderbolt|p1b: Roaring Moon\n|-resisted|p1b: Roaring Moon\n|-damage|p1b: Roaring Moon|63\/100\n|-status|p1b: Roaring Moon|par\n|move|p2b: Goodra|Dragon Breath|p1b: Roaring Moon\n|-supereffective|p1b: Roaring Moon\n|-damage|p1b: Roaring Moon|25\/100 par\n|\n|-heal|p2b: Goodra|87\/100|[from] item: Leftovers\n|upkeep\n|turn|2\n|inactive|Penter has 120 seconds left.\n|\n|t:|1698873593\n|move|p1b: Roaring Moon|Knock Off|p2b: Goodra\n|-damage|p2b: Goodra|46\/100\n|-enditem|p2b: Goodra|Leftovers|[from] move: Knock Off|[of] p1b: Roaring Moon\n|move|p2a: Zapdos|Heat Wave|p1a: Weezing|[spread] p1a,p1b\n|-resisted|p1b: Roaring Moon\n|-damage|p1a: Weezing|79\/100\n|-damage|p1b: Roaring Moon|13\/100 par\n|move|p1a: Weezing|Strange Steam|p2b: Goodra\n|-damage|p2b: Goodra|28\/100\n|move|p2b: Goodra|Sludge Bomb|p1a: Weezing\n|-damage|p1a: Weezing|56\/100\n|\n|-heal|p1a: Weezing|62\/100|[from] item: Leftovers\n|upkeep\n|turn|3\n|inactive|Penter has 120 seconds left.\n|\n|t:|1698873620\n|cant|p1b: Roaring Moon|par\n|move|p2a: Zapdos|Thunderbolt|p1b: Roaring Moon\n|-resisted|p1b: Roaring Moon\n|-damage|p1b: Roaring Moon|0 fnt\n|faint|p1b: Roaring Moon\n|-end|p1b: Roaring Moon|Protosynthesis|[silent]\n|move|p1a: Weezing|Strange Steam|p2b: Goodra\n|-damage|p2b: Goodra|9\/100\n|move|p2b: Goodra|Life Dew|p2b: Goodra|[spread] p2a,p2b\n|-heal|p2a: Zapdos|100\/100\n|-heal|p2b: Goodra|34\/100\n|\n|-heal|p1a: Weezing|68\/100|[from] item: Leftovers\n|upkeep\n|inactive|Penter has 120 seconds left.\n|\n|t:|1698873630\n|switch|p1b: Rillaboom|Rillaboom, F|100\/100\n|turn|4\n|\n|t:|1698873647\n|switch|p2b: Garganacl|Garganacl, M, shiny|100\/100\n|move|p1b: Rillaboom|Fake Out|p2b: Garganacl\n|-resisted|p2b: Garganacl\n|-damage|p2b: Garganacl|96\/100\n|move|p2a: Zapdos|Heat Wave|p1a: Weezing|[spread] p1a,p1b\n|-supereffective|p1b: Rillaboom\n|-damage|p1a: Weezing|45\/100\n|-damage|p1b: Rillaboom|67\/100\n|move|p1a: Weezing|Strange Steam|p2b: Garganacl\n|-damage|p2b: Garganacl|75\/100\n|\n|-heal|p1a: Weezing|50\/100|[from] item: Leftovers\n|-heal|p2b: Garganacl|82\/100|[from] item: Leftovers\n|upkeep\n|turn|5\n|inactive|Penter has 120 seconds left.\n|\n|t:|1698873689\n|-terastallize|p2b: Garganacl|Ghost\n|move|p2a: Zapdos|Heat Wave|p1b: Rillaboom|[spread] p1a,p1b\n|-supereffective|p1b: Rillaboom\n|-damage|p1a: Weezing|26\/100\n|-damage|p1b: Rillaboom|33\/100\n|move|p1b: Rillaboom|Wood Hammer|p2b: Garganacl\n|-damage|p2b: Garganacl|42\/100\n|-damage|p1b: Rillaboom|18\/100|[from] Recoil\n|move|p1a: Weezing|Will-O-Wisp|p2b: Garganacl\n|-status|p2b: Garganacl|brn\n|move|p2b: Garganacl|Stealth Rock|p1a: Weezing\n|-sidestart|p1: Penter|move: Stealth Rock\n|\n|-heal|p1a: Weezing|32\/100|[from] item: Leftovers\n|-heal|p2b: Garganacl|48\/100 brn|[from] item: Leftovers\n|-damage|p2b: Garganacl|42\/100 brn|[from] brn\n|upkeep\n|turn|6\n|inactive|Penter has 120 seconds left.\n|\n|t:|1698873711\n|switch|p2a: Goodra|Goodra-Hisui, F, shiny|34\/100\n|switch|p1b: Flutter Mane|Flutter Mane|100\/100\n|-damage|p1b: Flutter Mane|88\/100|[from] Stealth Rock\n|-enditem|p1b: Flutter Mane|Booster Energy\n|-activate|p1b: Flutter Mane|ability: Protosynthesis|[fromitem]\n|-start|p1b: Flutter Mane|protosynthesisspa\n|move|p1a: Weezing|Sludge Bomb|p2a: Goodra\n|-immune|p2a: Goodra\n|move|p2b: Garganacl|Recover|p2b: Garganacl\n|-heal|p2b: Garganacl|92\/100 brn\n|\n|-heal|p1a: Weezing|38\/100|[from] item: Leftovers\n|-heal|p2b: Garganacl|98\/100 brn|[from] item: Leftovers\n|-damage|p2b: Garganacl|92\/100 brn|[from] brn\n|upkeep\n|turn|7\n|inactive|Penter has 120 seconds left.\n|\n|t:|1698873731\n|move|p2b: Garganacl|Protect|p2b: Garganacl\n|-singleturn|p2b: Garganacl|Protect\n|move|p1b: Flutter Mane|Dazzling Gleam|p2b: Garganacl|[spread] p2a\n|-activate|p2b: Garganacl|move: Protect\n|-damage|p2a: Goodra|10\/100\n|move|p1a: Weezing|Strange Steam|p2a: Goodra\n|-damage|p2a: Goodra|0 fnt\n|faint|p2a: Goodra\n|\n|-heal|p1a: Weezing|44\/100|[from] item: Leftovers\n|-heal|p2b: Garganacl|98\/100 brn|[from] item: Leftovers\n|-damage|p2b: Garganacl|92\/100 brn|[from] brn\n|upkeep\n|\n|t:|1698873745\n|switch|p2a: Chandelure|Chandelure, F, shiny|100\/100\n|turn|8\n|\n|t:|1698873768\n|move|p2a: Chandelure|Shadow Ball|p1b: Flutter Mane\n|-supereffective|p1b: Flutter Mane\n|-damage|p1b: Flutter Mane|0 fnt\n|faint|p1b: Flutter Mane\n|-end|p1b: Flutter Mane|Protosynthesis|[silent]\n|move|p1a: Weezing|Strange Steam|p2a: Chandelure\n|-resisted|p2a: Chandelure\n|-damage|p2a: Chandelure|78\/100\n|move|p2b: Garganacl|Salt Cure|p1a: Weezing\n|-damage|p1a: Weezing|37\/100\n|-start|p1a: Weezing|Salt Cure\n|\n|-heal|p1a: Weezing|43\/100|[from] item: Leftovers\n|-heal|p2b: Garganacl|98\/100 brn|[from] item: Leftovers\n|-damage|p2b: Garganacl|92\/100 brn|[from] brn\n|-damage|p1a: Weezing|31\/100|[from] Salt Cure\n|upkeep\n|\n|t:|1698873780\n|switch|p1b: Landorus|Landorus-Therian, M|100\/100\n|-damage|p1b: Landorus|88\/100|[from] Stealth Rock\n|turn|9\n|\n|t:|1698873791\n|switch|p2a: Zapdos|Zapdos|100\/100\n|-end|p1a: Weezing|ability: Neutralizing Gas\n|-ability|p1b: Landorus|Intimidate|boost\n|-unboost|p2a: Zapdos|atk|1\n|-unboost|p2b: Garganacl|atk|1\n|switch|p1a: Rillaboom|Rillaboom, F|18\/100\n|-damage|p1a: Rillaboom|6\/100|[from] Stealth Rock\n|-fieldstart|move: Grassy Terrain|[from] ability: Grassy Surge|[of] p1a: Rillaboom\n|move|p1b: Landorus|Rock Slide|p2b: Garganacl|[spread] p2a,p2b\n|-supereffective|p2a: Zapdos\n|-damage|p2a: Zapdos|57\/100\n|-damage|p2b: Garganacl|78\/100 brn\n|cant|p2b: Garganacl|flinch\n|\n|-heal|p1a: Rillaboom|12\/100|[from] Grassy Terrain\n|-heal|p2b: Garganacl|85\/100 brn|[from] Grassy Terrain\n|-heal|p2b: Garganacl|91\/100 brn|[from] item: Leftovers\n|-damage|p2b: Garganacl|85\/100 brn|[from] brn\n|upkeep\n|turn|10\n|inactive|Penter has 120 seconds left.\n|\n|t:|1698873822\n|move|p1a: Rillaboom|Grassy Glide|p2b: Garganacl\n|-damage|p2b: Garganacl|57\/100 brn\n|move|p1b: Landorus|Rock Slide|p2b: Garganacl|[spread] p2a,p2b\n|-supereffective|p2a: Zapdos\n|-damage|p2a: Zapdos|11\/100\n|-damage|p2b: Garganacl|43\/100 brn\n|move|p2a: Zapdos|Roost|p2a: Zapdos\n|-heal|p2a: Zapdos|61\/100\n|-singleturn|p2a: Zapdos|move: Roost\n|move|p2b: Garganacl|Salt Cure|p1b: Landorus\n|-damage|p1b: Landorus|83\/100\n|-start|p1b: Landorus|Salt Cure\n|\n|-heal|p2a: Zapdos|67\/100|[from] Grassy Terrain\n|-heal|p1a: Rillaboom|18\/100|[from] Grassy Terrain\n|-heal|p2b: Garganacl|49\/100 brn|[from] Grassy Terrain\n|-heal|p2b: Garganacl|56\/100 brn|[from] item: Leftovers\n|-damage|p2b: Garganacl|49\/100 brn|[from] brn\n|-damage|p1b: Landorus|71\/100|[from] Salt Cure\n|upkeep\n|turn|11\n|j| Crown Oji\n|\n|t:|1698873845\n|move|p2a: Zapdos|Protect|p2a: Zapdos\n|-singleturn|p2a: Zapdos|Protect\n|move|p1a: Rillaboom|Grassy Glide|p2b: Garganacl\n|-damage|p2b: Garganacl|24\/100 brn\n|move|p1b: Landorus|Rock Slide|p2b: Garganacl|[spread] p2b\n|-activate|p2a: Zapdos|move: Protect\n|-damage|p2b: Garganacl|9\/100 brn\n|move|p2b: Garganacl|Recover|p2b: Garganacl\n|-heal|p2b: Garganacl|59\/100 brn\n|\n|-heal|p1a: Rillaboom|24\/100|[from] Grassy Terrain\n|-heal|p2b: Garganacl|65\/100 brn|[from] Grassy Terrain\n|-heal|p2b: Garganacl|71\/100 brn|[from] item: Leftovers\n|-damage|p2b: Garganacl|65\/100 brn|[from] brn\n|-damage|p1b: Landorus|58\/100|[from] Salt Cure\n|upkeep\n|turn|12\n|\n|t:|1698873875\n|move|p2b: Garganacl|Protect|p2b: Garganacl\n|-singleturn|p2b: Garganacl|Protect\n|move|p1b: Landorus|Rock Slide|p2b: Garganacl|[spread] p2a\n|-activate|p2b: Garganacl|move: Protect\n|-supereffective|p2a: Zapdos\n|-damage|p2a: Zapdos|26\/100\n|move|p2a: Zapdos|Heat Wave|p1a: Rillaboom|[spread] p1a,p1b\n|-supereffective|p1a: Rillaboom\n|-damage|p1a: Rillaboom|0 fnt\n|-damage|p1b: Landorus|31\/100\n|faint|p1a: Rillaboom\n|\n|-heal|p2b: Garganacl|71\/100 brn|[from] Grassy Terrain\n|-heal|p2b: Garganacl|78\/100 brn|[from] item: Leftovers\n|-damage|p2b: Garganacl|71\/100 brn|[from] brn\n|-damage|p1b: Landorus|19\/100|[from] Salt Cure\n|upkeep\n|inactive|Penter has 120 seconds left.\n|\n|t:|1698873896\n|switch|p1a: Weezing|Weezing-Galar, M|31\/100\n|-ability|p1a: Weezing|Neutralizing Gas\n|-damage|p1a: Weezing|19\/100|[from] Stealth Rock\n|turn|13\n|\n|t:|1698873908\n|move|p2a: Zapdos|Protect|p2a: Zapdos\n|-singleturn|p2a: Zapdos|Protect\n|move|p1a: Weezing|Protect|p1a: Weezing\n|-singleturn|p1a: Weezing|Protect\n|move|p1b: Landorus|Rock Slide|p2b: Garganacl|[spread] p2b\n|-activate|p2a: Zapdos|move: Protect\n|-damage|p2b: Garganacl|56\/100 brn\n|move|p2b: Garganacl|Recover|p2b: Garganacl\n|-heal|p2b: Garganacl|100\/100 brn\n|\n|-heal|p1a: Weezing|25\/100|[from] Grassy Terrain\n|-heal|p1a: Weezing|31\/100|[from] item: Leftovers\n|-damage|p2b: Garganacl|94\/100 brn|[from] brn\n|-damage|p1b: Landorus|6\/100|[from] Salt Cure\n|-fieldend|move: Grassy Terrain\n|upkeep\n|turn|14\n|inactive|Penter has 120 seconds left.\n|inactive|Penter has 90 seconds left.\n|\n|t:|1698873972\n|move|p1b: Landorus|Rock Slide|p2b: Garganacl|[spread] p2b\n|-miss|p1b: Landorus|p2a: Zapdos\n|-damage|p2b: Garganacl|80\/100 brn\n|move|p2a: Zapdos|Roost|p2a: Zapdos\n|-heal|p2a: Zapdos|76\/100\n|-singleturn|p2a: Zapdos|move: Roost\n|move|p1a: Weezing|Strange Steam|p2b: Garganacl\n|-damage|p2b: Garganacl|59\/100 brn\n|move|p2b: Garganacl|Salt Cure|p1a: Weezing\n|-crit|p1a: Weezing\n|-damage|p1a: Weezing|22\/100\n|-start|p1a: Weezing|Salt Cure\n|\n|-heal|p1a: Weezing|28\/100|[from] item: Leftovers\n|-heal|p2b: Garganacl|65\/100 brn|[from] item: Leftovers\n|-damage|p2b: Garganacl|59\/100 brn|[from] brn\n|-damage|p1b: Landorus|0 fnt|[from] Salt Cure\n|faint|p1b: Landorus\n|-damage|p1a: Weezing|16\/100|[from] Salt Cure\n|upkeep\n|\n|t:|1698873975\n|switch|p1b: Ogerpon|Ogerpon-Hearthflame, F|100\/100\n|-damage|p1b: Ogerpon|76\/100|[from] Stealth Rock\n|turn|15\n|\n|t:|1698873999\n|-terastallize|p1b: Ogerpon|Fire\n|detailschange|p1b: Ogerpon|Ogerpon-Hearthflame-Tera, F, tera:Fire\n|move|p1b: Ogerpon|Ivy Cudgel|p2b: Garganacl\n|-damage|p2b: Garganacl|11\/100 brn\n|move|p2a: Zapdos|Thunderbolt|p1b: Ogerpon\n|-damage|p1b: Ogerpon|26\/100\n|move|p1a: Weezing|Strange Steam|p2a: Zapdos\n|-damage|p2a: Zapdos|47\/100\n|move|p2b: Garganacl|Salt Cure|p1b: Ogerpon\n|-supereffective|p1b: Ogerpon\n|-damage|p1b: Ogerpon|13\/100\n|-start|p1b: Ogerpon|Salt Cure\n|\n|-heal|p1a: Weezing|22\/100|[from] item: Leftovers\n|-heal|p2b: Garganacl|18\/100 brn|[from] item: Leftovers\n|-damage|p2b: Garganacl|11\/100 brn|[from] brn\n|-damage|p1b: Ogerpon|1\/100|[from] Salt Cure\n|-damage|p1a: Weezing|9\/100|[from] Salt Cure\n|upkeep\n|turn|16\n|\n|t:|1698874019\n|move|p2a: Zapdos|Protect|p2a: Zapdos\n|-singleturn|p2a: Zapdos|Protect\n|move|p2b: Garganacl|Protect|p2b: Garganacl\n|-singleturn|p2b: Garganacl|Protect\n|move|p1b: Ogerpon|Ivy Cudgel|p2b: Garganacl\n|-activate|p2b: Garganacl|move: Protect\n|move|p1a: Weezing|Strange Steam|p2a: Zapdos\n|-activate|p2a: Zapdos|move: Protect\n|\n|-heal|p1a: Weezing|15\/100|[from] item: Leftovers\n|-heal|p2b: Garganacl|18\/100 brn|[from] item: Leftovers\n|-damage|p2b: Garganacl|11\/100 brn|[from] brn\n|-damage|p1b: Ogerpon|0 fnt|[from] Salt Cure\n|faint|p1b: Ogerpon\n|-damage|p1a: Weezing|3\/100|[from] Salt Cure\n|upkeep\n|turn|17\n|c|\u2606Cyronyx|Gg\n|inactive|Penter has 120 seconds left.\n|l| theironpikachu\n|inactive|Penter has 90 seconds left.\n|inactive|Penter has 60 seconds left.\n|inactive|Penter has 30 seconds left.\n|inactive|Penter has 20 seconds left.\n|inactive|Penter has 15 seconds left.\n|inactive|Penter has 10 seconds left.\n|inactive|Penter has 5 seconds left.\n|c|\u2606Cyronyx|Sore loser.\n|-message|Penter lost due to inactivity.\n|\n|win|Cyronyx\n|n|\u2606Penter|penter\n|n|\u2606Cyronyx|cyronyx\n|n|*Lady Monita \u263d|ladymonita\n|n| Crown Oji|crownoji\n","uploadtime":1698874171,"views":24,"p1id":"penter","p2id":"cyronyx","formatid":"gen9doublesou","rating":0,"private":0,"password":""}