{"id":"gen9doublesou-1972817755","p1":"idkwutu","p2":"cotesmcgotes","format":"[Gen 9] Doubles OU","log":"|j|\u2606idkwutu\n|j|\u2606cotesmcgotes\n|t:|1697898690\n|gametype|doubles\n|player|p1|idkwutu|dahlia|1194\n|player|p2|cotesmcgotes|flannery|1423\n|teamsize|p1|6\n|teamsize|p2|6\n|gen|9\n|tier|[Gen 9] Doubles OU\n|rated|\n|rule|Species Clause: Limit one of each Pok\u00e9mon\n|rule|OHKO Clause: OHKO moves are banned\n|rule|Evasion Moves Clause: Evasion moves are banned\n|rule|Gravity Sleep Clause: The combination of sleep-inducing moves with imperfect accuracy and Gravity or Gigantamax Orbeetle are banned\n|rule|Endless Battle Clause: Forcing endless battles is banned\n|rule|HP Percentage Mod: HP is shown in percentages\n|clearpoke\n|poke|p1|Arcanine-Hisui, F|\n|poke|p1|Iron Hands|\n|poke|p1|Cresselia, F|\n|poke|p1|Ogerpon-Wellspring, F|\n|poke|p1|Flamigo, F|\n|poke|p1|Ribombee, M|\n|poke|p2|Manaphy|\n|poke|p2|Espathra, M|\n|poke|p2|Goodra-Hisui, F|\n|poke|p2|Ursaluna-Bloodmoon, M|\n|poke|p2|Ogerpon-Hearthflame, F|\n|poke|p2|Chien-Pao|\n|teampreview\n|c|\u2606idkwutu|gl\n|c|\u2606cotesmcgotes|U 2\n|\n|t:|1697898707\n|start\n|switch|p1a: Ribombee|Ribombee, M, shiny|100\/100\n|switch|p1b: Iron Hands|Iron Hands|100\/100\n|switch|p2a: Ogerpon|Ogerpon-Hearthflame, F|100\/100\n|switch|p2b: Espathra|Espathra, M|100\/100\n|-ability|p2a: Ogerpon|Mold Breaker\n|turn|1\n|\n|t:|1697898724\n|move|p2a: Ogerpon|Spiky Shield|p2a: Ogerpon\n|-singleturn|p2a: Ogerpon|move: Protect\n|move|p2b: Espathra|Protect|p2b: Espathra\n|-singleturn|p2b: Espathra|Protect\n|move|p1b: Iron Hands|Fake Out|p2a: Ogerpon\n|-activate|p2a: Ogerpon|move: Protect\n|-damage|p1b: Iron Hands|88\/100|[from] Spiky Shield|[of] p2a: Ogerpon\n|move|p1a: Ribombee|Sticky Web|p2a: Ogerpon\n|-sidestart|p2: cotesmcgotes|move: Sticky Web\n|\n|-ability|p2b: Espathra|Speed Boost|boost\n|-boost|p2b: Espathra|spe|1\n|upkeep\n|turn|2\n|\n|t:|1697898742\n|move|p2b: Espathra|Lumina Crash|p1b: Iron Hands\n|-supereffective|p1b: Iron Hands\n|-damage|p1b: Iron Hands|52\/100\n|-unboost|p1b: Iron Hands|spd|2\n|move|p1a: Ribombee|Pollen Puff|p2b: Espathra\n|-supereffective|p2b: Espathra\n|-damage|p2b: Espathra|0 fnt\n|faint|p2b: Espathra\n|move|p2a: Ogerpon|Ivy Cudgel|p1a: Ribombee\n|-supereffective|p1a: Ribombee\n|-enditem|p1a: Ribombee|Focus Sash\n|-damage|p1a: Ribombee|1\/100\n|move|p1b: Iron Hands|Wild Charge|p2a: Ogerpon\n|-resisted|p2a: Ogerpon\n|-damage|p2a: Ogerpon|70\/100\n|-damage|p1b: Iron Hands|47\/100|[from] Recoil\n|\n|upkeep\n|\n|t:|1697898755\n|switch|p2b: Ursaluna|Ursaluna-Bloodmoon, M|100\/100\n|-activate|p2b: Ursaluna|move: Sticky Web\n|-unboost|p2b: Ursaluna|spe|1\n|turn|3\n|\n|t:|1697898765\n|move|p2b: Ursaluna|Vacuum Wave|p1a: Ribombee\n|-resisted|p1a: Ribombee\n|-crit|p1a: Ribombee\n|-damage|p1a: Ribombee|0 fnt\n|faint|p1a: Ribombee\n|move|p2a: Ogerpon|Horn Leech|p1b: Iron Hands\n|-damage|p1b: Iron Hands|18\/100\n|-heal|p2a: Ogerpon|91\/100|[from] drain|[of] p1b: Iron Hands\n|move|p1b: Iron Hands|Drain Punch|p2b: Ursaluna\n|-supereffective|p2b: Ursaluna\n|-damage|p2b: Ursaluna|46\/100\n|-heal|p1b: Iron Hands|44\/100|[from] drain|[of] p2b: Ursaluna\n|\n|upkeep\n|\n|t:|1697898778\n|switch|p1a: Arcanine|Arcanine-Hisui, F|100\/100\n|-ability|p1a: Arcanine|Intimidate|boost\n|-unboost|p2a: Ogerpon|atk|1\n|-unboost|p2b: Ursaluna|atk|1\n|turn|4\n|\n|t:|1697898800\n|-terastallize|p1a: Arcanine|Fairy\n|move|p2a: Ogerpon|Spiky Shield|p2a: Ogerpon\n|-singleturn|p2a: Ogerpon|move: Protect\n|move|p2b: Ursaluna|Vacuum Wave|p1a: Arcanine\n|-resisted|p1a: Arcanine\n|-crit|p1a: Arcanine\n|-damage|p1a: Arcanine|87\/100\n|move|p1a: Arcanine|Flare Blitz|p2a: Ogerpon\n|-activate|p2a: Ogerpon|move: Protect\n|-damage|p1a: Arcanine|75\/100|[from] Spiky Shield|[of] p2a: Ogerpon\n|move|p1b: Iron Hands|Drain Punch|p2b: Ursaluna\n|-supereffective|p2b: Ursaluna\n|-damage|p2b: Ursaluna|0 fnt\n|-heal|p1b: Iron Hands|66\/100|[from] drain|[of] p2b: Ursaluna\n|faint|p2b: Ursaluna\n|\n|upkeep\n|\n|t:|1697898815\n|switch|p2b: Manaphy|Manaphy|100\/100\n|-activate|p2b: Manaphy|move: Sticky Web\n|-unboost|p2b: Manaphy|spe|1\n|turn|5\n|\n|t:|1697898852\n|switch|p1a: Cresselia|Cresselia, F|100\/100\n|-terastallize|p2a: Ogerpon|Fire\n|detailschange|p2a: Ogerpon|Ogerpon-Hearthflame-Tera, F, tera:Fire\n|-ability|p2a: Ogerpon|Embody Aspect (Hearthflame)|boost\n|-boost|p2a: Ogerpon|atk|1\n|move|p2a: Ogerpon|Swords Dance|p2a: Ogerpon\n|-boost|p2a: Ogerpon|atk|2\n|move|p2b: Manaphy|Scald|p1b: Iron Hands\n|-crit|p1b: Iron Hands\n|-damage|p1b: Iron Hands|15\/100\n|move|p1b: Iron Hands|Wild Charge|p2b: Manaphy\n|-supereffective|p2b: Manaphy\n|-damage|p2b: Manaphy|0 fnt\n|faint|p2b: Manaphy\n|-damage|p1b: Iron Hands|0 fnt|[from] Recoil\n|faint|p1b: Iron Hands\n|-end|p1b: Iron Hands|Quark Drive|[silent]\n|\n|upkeep\n|\n|t:|1697898869\n|switch|p2b: Chien-Pao|Chien-Pao|100\/100\n|switch|p1b: Arcanine|Arcanine-Hisui, F, tera:Fairy|75\/100\n|-activate|p2b: Chien-Pao|move: Sticky Web\n|-unboost|p2b: Chien-Pao|spe|1\n|-ability|p2b: Chien-Pao|Sword of Ruin\n|-ability|p1b: Arcanine|Intimidate|boost\n|-unboost|p2a: Ogerpon|atk|1\n|-unboost|p2b: Chien-Pao|atk|1\n|turn|6\n|\n|t:|1697898893\n|switch|p1b: Flamigo|Flamigo, F|100\/100\n|-copyboost|p1b: Flamigo|p1a: Cresselia|[from] ability: Costar\n|move|p2a: Ogerpon|Spiky Shield|p2a: Ogerpon\n|-singleturn|p2a: Ogerpon|move: Protect\n|move|p2b: Chien-Pao|Sucker Punch|p1a: Cresselia\n|-supereffective|p1a: Cresselia\n|-damage|p1a: Cresselia|61\/100\n|move|p1a: Cresselia|Shadow Ball|p2a: Ogerpon\n|-activate|p2a: Ogerpon|move: Protect\n|\n|-heal|p1a: Cresselia|67\/100|[from] item: Leftovers\n|upkeep\n|turn|7\n|\n|t:|1697898927\n|switch|p1b: Arcanine|Arcanine-Hisui, F, tera:Fairy|75\/100\n|-ability|p1b: Arcanine|Intimidate|boost\n|-unboost|p2a: Ogerpon|atk|1\n|-unboost|p2b: Chien-Pao|atk|1\n|switch|p2b: Goodra|Goodra-Hisui, F|100\/100\n|-activate|p2b: Goodra|move: Sticky Web\n|-unboost|p2b: Goodra|spe|1\n|move|p2a: Ogerpon|Ivy Cudgel|p1b: Arcanine\n|-damage|p1b: Arcanine|0 fnt\n|faint|p1b: Arcanine\n|move|p1a: Cresselia|Lunar Blessing|p1a: Cresselia\n|-heal|p1a: Cresselia|92\/100\n|\n|-heal|p1a: Cresselia|98\/100|[from] item: Leftovers\n|upkeep\n|\n|t:|1697898941\n|switch|p1b: Ogerpon|Ogerpon-Wellspring, F|100\/100\n|turn|8\n|\n|t:|1697898955\n|move|p2a: Ogerpon|Spiky Shield|p2a: Ogerpon\n|-singleturn|p2a: Ogerpon|move: Protect\n|move|p1a: Cresselia|Ally Switch|p1a: Cresselia\n|swap|p1a: Cresselia|1|[from] move: Ally Switch\n|move|p1a: Ogerpon|Swords Dance|p1a: Ogerpon\n|-boost|p1a: Ogerpon|atk|2\n|move|p2b: Goodra|Acid Armor|p2b: Goodra\n|-boost|p2b: Goodra|def|2\n|\n|-heal|p1b: Cresselia|100\/100|[from] item: Leftovers\n|upkeep\n|turn|9\n|\n|t:|1697898979\n|move|p1a: Ogerpon|Ivy Cudgel|p2a: Ogerpon\n|-supereffective|p2a: Ogerpon\n|-damage|p2a: Ogerpon|0 fnt\n|faint|p2a: Ogerpon\n|move|p1b: Cresselia|Shadow Ball|p2b: Goodra\n|-damage|p2b: Goodra|91\/100\n|move|p2b: Goodra|Acid Armor|p2b: Goodra\n|-boost|p2b: Goodra|def|2\n|\n|-heal|p2b: Goodra|97\/100|[from] item: Leftovers\n|upkeep\n|\n|t:|1697898987\n|switch|p2a: Chien-Pao|Chien-Pao|100\/100\n|-activate|p2a: Chien-Pao|move: Sticky Web\n|-unboost|p2a: Chien-Pao|spe|1\n|-ability|p2a: Chien-Pao|Sword of Ruin\n|turn|10\n|\n|t:|1697899009\n|move|p2a: Chien-Pao|Sucker Punch||[still]\n|-fail|p2a: Chien-Pao\n|move|p1a: Ogerpon|Swords Dance|p1a: Ogerpon\n|-boost|p1a: Ogerpon|atk|2\n|move|p1b: Cresselia|Psychic|p2b: Goodra\n|-resisted|p2b: Goodra\n|-damage|p2b: Goodra|90\/100\n|move|p2b: Goodra|Acid Armor|p2b: Goodra\n|-boost|p2b: Goodra|def|2\n|\n|-heal|p2b: Goodra|96\/100|[from] item: Leftovers\n|upkeep\n|turn|11\n|\n|t:|1697899026\n|move|p1a: Ogerpon|Ivy Cudgel|p2b: Goodra\n|-resisted|p2b: Goodra\n|-damage|p2b: Goodra|72\/100\n|move|p2a: Chien-Pao|Crunch|p1b: Cresselia\n|-supereffective|p1b: Cresselia\n|-damage|p1b: Cresselia|28\/100\n|-unboost|p1b: Cresselia|def|1\n|move|p1b: Cresselia|Psychic|p2b: Goodra\n|-resisted|p2b: Goodra\n|-damage|p2b: Goodra|64\/100\n|move|p2b: Goodra|Body Press|p1a: Ogerpon\n|-damage|p1a: Ogerpon|0 fnt\n|faint|p1a: Ogerpon\n|\n|-heal|p1b: Cresselia|35\/100|[from] item: Leftovers\n|-heal|p2b: Goodra|70\/100|[from] item: Leftovers\n|upkeep\n|\n|t:|1697899038\n|switch|p1a: Flamigo|Flamigo, F|100\/100\n|-copyboost|p1a: Flamigo|p1b: Cresselia|[from] ability: Costar\n|-enditem|p1a: Flamigo|White Herb\n|-clearnegativeboost|p1a: Flamigo|[silent]\n|turn|12\n|\n|t:|1697899069\n|move|p1a: Flamigo|Close Combat|p2a: Chien-Pao\n|-supereffective|p2a: Chien-Pao\n|-damage|p2a: Chien-Pao|0 fnt\n|-unboost|p1a: Flamigo|def|1\n|-unboost|p1a: Flamigo|spd|1\n|faint|p2a: Chien-Pao\n|move|p1b: Cresselia|Lunar Blessing|p1b: Cresselia|[spread] p1a,p1b\n|-heal|p1b: Cresselia|60\/100\n|move|p2b: Goodra|Iron Head|p1b: Cresselia\n|-damage|p1b: Cresselia|32\/100\n|\n|-heal|p1b: Cresselia|39\/100|[from] item: Leftovers\n|-heal|p2b: Goodra|76\/100|[from] item: Leftovers\n|upkeep\n|turn|13\n|\n|t:|1697899090\n|move|p1a: Flamigo|Close Combat|p2b: Goodra\n|-supereffective|p2b: Goodra\n|-damage|p2b: Goodra|47\/100\n|-unboost|p1a: Flamigo|def|1\n|-unboost|p1a: Flamigo|spd|1\n|move|p1b: Cresselia|Psychic|p2b: Goodra\n|-resisted|p2b: Goodra\n|-damage|p2b: Goodra|40\/100\n|move|p2b: Goodra|Body Press|p1a: Flamigo\n|-resisted|p1a: Flamigo\n|-damage|p1a: Flamigo|0 fnt\n|faint|p1a: Flamigo\n|\n|-heal|p1b: Cresselia|45\/100|[from] item: Leftovers\n|-heal|p2b: Goodra|46\/100|[from] item: Leftovers\n|upkeep\n|turn|14\n|c|\u2606idkwutu|gg\n|c|\u2606cotesmcgotes|Gg\n|\n|t:|1697899113\n|move|p1b: Cresselia|Shadow Ball|p2b: Goodra\n|-damage|p2b: Goodra|37\/100\n|move|p2b: Goodra|Life Dew|p2b: Goodra\n|-heal|p2b: Goodra|62\/100\n|\n|-heal|p1b: Cresselia|51\/100|[from] item: Leftovers\n|-heal|p2b: Goodra|68\/100|[from] item: Leftovers\n|upkeep\n|turn|15\n|\n|t:|1697899130\n|move|p1b: Cresselia|Shadow Ball|p2b: Goodra\n|-damage|p2b: Goodra|60\/100\n|move|p2b: Goodra|Life Dew|p2b: Goodra\n|-heal|p2b: Goodra|85\/100\n|\n|-heal|p1b: Cresselia|57\/100|[from] item: Leftovers\n|-heal|p2b: Goodra|91\/100|[from] item: Leftovers\n|upkeep\n|turn|16\n|\n|t:|1697899144\n|move|p1b: Cresselia|Shadow Ball|p2b: Goodra\n|-damage|p2b: Goodra|83\/100\n|move|p2b: Goodra|Life Dew|p2b: Goodra\n|-heal|p2b: Goodra|100\/100\n|\n|-heal|p1b: Cresselia|63\/100|[from] item: Leftovers\n|upkeep\n|turn|17\n|\n|t:|1697899154\n|move|p1b: Cresselia|Shadow Ball|p2b: Goodra\n|-damage|p2b: Goodra|92\/100\n|move|p2b: Goodra|Body Press|p1b: Cresselia\n|-resisted|p1b: Cresselia\n|-damage|p1b: Cresselia|26\/100\n|\n|-heal|p1b: Cresselia|32\/100|[from] item: Leftovers\n|-heal|p2b: Goodra|98\/100|[from] item: Leftovers\n|upkeep\n|turn|18\n|\n|t:|1697899163\n|move|p1b: Cresselia|Shadow Ball|p2b: Goodra\n|-damage|p2b: Goodra|90\/100\n|-unboost|p2b: Goodra|spd|1\n|move|p2b: Goodra|Body Press|p1b: Cresselia\n|-resisted|p1b: Cresselia\n|-damage|p1b: Cresselia|0 fnt\n|faint|p1b: Cresselia\n|\n|win|cotesmcgotes\n|raw|idkwutu's rating: 1194 &rarr; <strong>1183<\/strong><br \/>(-11 for losing)\n|raw|cotesmcgotes's rating: 1423 &rarr; <strong>1431<\/strong><br \/>(+8 for winning)\n","uploadtime":1697899169,"views":7,"p1id":"idkwutu","p2id":"cotesmcgotes","formatid":"gen9doublesou","rating":1183,"private":0,"password":""}