{"id":"gen9doublesou-1998167085","p1":"Tsuisuti","p2":"roglogman","format":"[Gen 9] Doubles OU","log":"|j|\u2606Tsuisuti\n|j|\u2606roglogman\n|t:|1700904765\n|gametype|doubles\n|player|p1|Tsuisuti|saturn|1069\n|player|p2|roglogman|gambler|1223\n|teamsize|p1|6\n|teamsize|p2|6\n|gen|9\n|tier|[Gen 9] Doubles OU\n|rated|\n|rule|Species Clause: Limit one of each Pok\u00e9mon\n|rule|OHKO Clause: OHKO moves are banned\n|rule|Evasion Moves Clause: Evasion moves are banned\n|rule|Gravity Sleep Clause: The combination of sleep-inducing moves with imperfect accuracy and Gravity or Gigantamax Orbeetle are banned\n|rule|Endless Battle Clause: Forcing endless battles is banned\n|rule|HP Percentage Mod: HP is shown in percentages\n|clearpoke\n|poke|p1|Chandelure, F|\n|poke|p1|Diancie|\n|poke|p1|Grimmsnarl, M|\n|poke|p1|Roaring Moon|\n|poke|p1|Cresselia, F|\n|poke|p1|Arcanine, F|\n|poke|p2|Landorus-Therian, M|\n|poke|p2|Tornadus, M|\n|poke|p2|Ogerpon-Wellspring, F|\n|poke|p2|Gholdengo|\n|poke|p2|Flutter Mane|\n|poke|p2|Kingambit, M|\n|teampreview\n|inactive|Battle timer is ON: inactive players will automatically lose when time's up. (requested by roglogman)\n|\n|t:|1700904794\n|start\n|switch|p1a: Chandelure|Chandelure, F|100\/100\n|switch|p1b: Cresselia|Cresselia, F|100\/100\n|switch|p2a: Landorus|Landorus-Therian, M|100\/100\n|switch|p2b: Tornadus|Tornadus, M|100\/100\n|-ability|p2a: Landorus|Intimidate|boost\n|-unboost|p1a: Chandelure|atk|1\n|-unboost|p1b: Cresselia|atk|1\n|turn|1\n|\n|t:|1700904822\n|move|p2b: Tornadus|Tailwind|p2b: Tornadus\n|-sidestart|p2: roglogman|move: Tailwind\n|move|p2a: Landorus|Stomping Tantrum|p1a: Chandelure\n|-supereffective|p1a: Chandelure\n|-damage|p1a: Chandelure|0 fnt\n|faint|p1a: Chandelure\n|-damage|p2a: Landorus|90\/100|[from] item: Life Orb\n|move|p1b: Cresselia|Icy Wind|p2a: Landorus|[spread] p2a,p2b\n|-supereffective|p2a: Landorus\n|-supereffective|p2b: Tornadus\n|-damage|p2a: Landorus|53\/100\n|-damage|p2b: Tornadus|82\/100\n|-unboost|p2a: Landorus|spe|1\n|-unboost|p2b: Tornadus|spe|1\n|\n|-heal|p2b: Tornadus|88\/100|[from] item: Leftovers\n|upkeep\n|inactive|Tsuisuti has 120 seconds left.\n|\n|t:|1700904839\n|switch|p1a: Grimmsnarl|Grimmsnarl, M|100\/100\n|turn|2\n|\n|t:|1700904854\n|switch|p2a: Gholdengo|Gholdengo|100\/100\n|move|p1a: Grimmsnarl|Fake Out|p2a: Gholdengo\n|-immune|p2a: Gholdengo\n|move|p2b: Tornadus|U-turn|p1b: Cresselia\n|-supereffective|p1b: Cresselia\n|-damage|p1b: Cresselia|81\/100\n|\n|t:|1700904872\n|switch|p2b: Kingambit|Kingambit, M|100\/100|[from] U-turn\n|move|p1b: Cresselia|Icy Wind|p2a: Gholdengo|[spread] p2a,p2b\n|-resisted|p2a: Gholdengo\n|-resisted|p2b: Kingambit\n|-crit|p2b: Kingambit\n|-damage|p2a: Gholdengo|96\/100\n|-damage|p2b: Kingambit|95\/100\n|-unboost|p2a: Gholdengo|spe|1\n|-unboost|p2b: Kingambit|spe|1\n|-ability|p2b: Kingambit|Defiant|boost\n|-boost|p2b: Kingambit|atk|2\n|\n|-heal|p1b: Cresselia|87\/100|[from] item: Leftovers\n|upkeep\n|turn|3\n|\n|t:|1700904893\n|move|p1b: Cresselia|Protect|p1b: Cresselia\n|-singleturn|p1b: Cresselia|Protect\n|move|p1a: Grimmsnarl|Parting Shot|p2b: Kingambit\n|-hint|Since gen 7, Dark is immune to Prankster moves.\n|-immune|p2b: Kingambit\n|move|p2a: Gholdengo|Make It Rain|p1a: Grimmsnarl|[spread] p1a\n|-activate|p1b: Cresselia|move: Protect\n|-supereffective|p1a: Grimmsnarl\n|-crit|p1a: Grimmsnarl\n|-damage|p1a: Grimmsnarl|0 fnt\n|-unboost|p2a: Gholdengo|spa|1\n|faint|p1a: Grimmsnarl\n|-damage|p2a: Gholdengo|86\/100|[from] item: Life Orb\n|move|p2b: Kingambit|Iron Head|p1b: Cresselia\n|-activate|p1b: Cresselia|move: Protect\n|\n|-heal|p1b: Cresselia|93\/100|[from] item: Leftovers\n|upkeep\n|c|\u2606Tsuisuti|oh fuck\n|c|\u2606Tsuisuti|oh\n|c|\u2606Tsuisuti|oh no no no\n|c|\u2606Tsuisuti|ohhhh shit\n|c|\u2606Tsuisuti|mothafuckin\n|c|\u2606Tsuisuti|damn\n|inactive|Tsuisuti has 120 seconds left.\n|\n|t:|1700904917\n|switch|p1a: Arcanine|Arcanine, F|100\/100\n|-ability|p1a: Arcanine|Intimidate|boost\n|-unboost|p2a: Gholdengo|atk|1\n|-unboost|p2b: Kingambit|atk|1\n|-ability|p2b: Kingambit|Defiant|boost\n|-boost|p2b: Kingambit|atk|2\n|turn|4\n|\n|t:|1700904934\n|switch|p2a: Landorus|Landorus-Therian, M|53\/100\n|-ability|p2a: Landorus|Intimidate|boost\n|-unboost|p1a: Arcanine|atk|1\n|-unboost|p1b: Cresselia|atk|1\n|-terastallize|p2b: Kingambit|Flying\n|move|p1b: Cresselia|Helping Hand|p1a: Arcanine\n|-singleturn|p1a: Arcanine|Helping Hand|[of] p1b: Cresselia\n|move|p1a: Arcanine|Flare Blitz|p2b: Kingambit\n|-damage|p2b: Kingambit|56\/100\n|-damage|p1a: Arcanine|88\/100|[from] Recoil\n|move|p2b: Kingambit|Tera Blast|p1a: Arcanine|[anim] Tera Blast Flying\n|-damage|p1a: Arcanine|0 fnt\n|faint|p1a: Arcanine\n|-damage|p2b: Kingambit|46\/100|[from] item: Life Orb\n|\n|-heal|p1b: Cresselia|99\/100|[from] item: Leftovers\n|-sideend|p2: roglogman|move: Tailwind\n|upkeep\n|inactive|Tsuisuti has 120 seconds left.\n|\n|t:|1700904973\n|switch|p1a: Roaring Moon|Roaring Moon|100\/100\n|-enditem|p1a: Roaring Moon|Booster Energy\n|-activate|p1a: Roaring Moon|ability: Protosynthesis|[fromitem]\n|-start|p1a: Roaring Moon|protosynthesisatk\n|turn|5\n|inactive|Tsuisuti has 120 seconds left.\n|\n|t:|1700904996\n|switch|p2a: Flutter Mane|Flutter Mane|100\/100\n|-terastallize|p1a: Roaring Moon|Flying\n|move|p1a: Roaring Moon|Acrobatics|p2b: Kingambit\n|-damage|p2b: Kingambit|0 fnt\n|faint|p2b: Kingambit\n|move|p1b: Cresselia|Icy Wind|p2a: Flutter Mane\n|-damage|p2a: Flutter Mane|89\/100\n|-unboost|p2a: Flutter Mane|spe|1\n|\n|-heal|p1b: Cresselia|100\/100|[from] item: Leftovers\n|upkeep\n|\n|t:|1700905007\n|switch|p2b: Tornadus|Tornadus, M|88\/100\n|turn|6\n|inactive|Tsuisuti has 120 seconds left.\n|\n|t:|1700905035\n|move|p2b: Tornadus|Tailwind|p2b: Tornadus\n|-sidestart|p2: roglogman|move: Tailwind\n|move|p2a: Flutter Mane|Icy Wind|p1b: Cresselia|[spread] p1a,p1b\n|-supereffective|p1a: Roaring Moon\n|-damage|p1a: Roaring Moon|63\/100\n|-damage|p1b: Cresselia|89\/100\n|-unboost|p1a: Roaring Moon|spe|1\n|-unboost|p1b: Cresselia|spe|1\n|-damage|p2a: Flutter Mane|79\/100|[from] item: Life Orb\n|move|p1a: Roaring Moon|Acrobatics|p2a: Flutter Mane\n|-damage|p2a: Flutter Mane|0 fnt\n|faint|p2a: Flutter Mane\n|-end|p2a: Flutter Mane|Protosynthesis|[silent]\n|move|p1b: Cresselia|Icy Wind|p2b: Tornadus\n|-supereffective|p2b: Tornadus\n|-damage|p2b: Tornadus|61\/100\n|-unboost|p2b: Tornadus|spe|1\n|\n|-heal|p2b: Tornadus|67\/100|[from] item: Leftovers\n|-heal|p1b: Cresselia|95\/100|[from] item: Leftovers\n|upkeep\n|\n|t:|1700905048\n|switch|p2a: Gholdengo|Gholdengo|86\/100\n|turn|7\n|\n|t:|1700905064\n|-end|p1a: Roaring Moon|Protosynthesis|[silent]\n|switch|p1a: Diancie|Diancie|100\/100\n|move|p2a: Gholdengo|Make It Rain|p1b: Cresselia|[spread] p1a,p1b\n|-supereffective|p1a: Diancie\n|-damage|p1a: Diancie|0 fnt\n|-damage|p1b: Cresselia|57\/100\n|-unboost|p2a: Gholdengo|spa|1\n|faint|p1a: Diancie\n|-damage|p2a: Gholdengo|76\/100|[from] item: Life Orb\n|move|p2b: Tornadus|Heat Wave|p1b: Cresselia\n|-damage|p1b: Cresselia|38\/100\n|move|p1b: Cresselia|Icy Wind|p2a: Gholdengo|[spread] p2a,p2b\n|-resisted|p2a: Gholdengo\n|-supereffective|p2b: Tornadus\n|-damage|p2a: Gholdengo|72\/100\n|-damage|p2b: Tornadus|45\/100\n|-unboost|p2a: Gholdengo|spe|1\n|-unboost|p2b: Tornadus|spe|1\n|\n|-heal|p2b: Tornadus|51\/100|[from] item: Leftovers\n|-heal|p1b: Cresselia|44\/100|[from] item: Leftovers\n|upkeep\n|inactive|Tsuisuti has 120 seconds left.\n|\n|t:|1700905076\n|switch|p1a: Roaring Moon|Roaring Moon, tera:Flying|63\/100\n|turn|8\n|\n|t:|1700905093\n|switch|p2a: Landorus|Landorus-Therian, M|53\/100\n|-ability|p2a: Landorus|Intimidate|boost\n|-unboost|p1a: Roaring Moon|atk|1\n|-unboost|p1b: Cresselia|atk|1\n|move|p1a: Roaring Moon|Crunch|p2a: Landorus\n|-damage|p2a: Landorus|13\/100\n|move|p2b: Tornadus|Bleakwind Storm|p1a: Roaring Moon|[spread] p1a,p1b\n|-damage|p1a: Roaring Moon|22\/100\n|-damage|p1b: Cresselia|23\/100\n|-unboost|p1a: Roaring Moon|spe|1\n|move|p1b: Cresselia|Lunar Blessing|p1b: Cresselia|[spread] p1a,p1b\n|-heal|p1a: Roaring Moon|47\/100\n|-heal|p1b: Cresselia|48\/100\n|\n|-heal|p2b: Tornadus|57\/100|[from] item: Leftovers\n|-heal|p1b: Cresselia|54\/100|[from] item: Leftovers\n|upkeep\n|turn|9\n|\n|t:|1700905111\n|move|p2a: Landorus|Stomping Tantrum|p1a: Roaring Moon\n|-immune|p1a: Roaring Moon\n|move|p2b: Tornadus|Bleakwind Storm|p1a: Roaring Moon|[spread] p1a\n|-miss|p2b: Tornadus|p1b: Cresselia\n|-damage|p1a: Roaring Moon|9\/100\n|move|p1a: Roaring Moon|Roost|p1a: Roaring Moon\n|-heal|p1a: Roaring Moon|59\/100\n|-hint|If a Flying Terastallized Pokemon uses Roost, it remains Flying-type.\n|move|p1b: Cresselia|Icy Wind|p2b: Tornadus|[spread] p2a,p2b\n|-supereffective|p2a: Landorus\n|-supereffective|p2b: Tornadus\n|-damage|p2a: Landorus|0 fnt\n|-damage|p2b: Tornadus|37\/100\n|-unboost|p2b: Tornadus|spe|1\n|faint|p2a: Landorus\n|\n|-heal|p2b: Tornadus|43\/100|[from] item: Leftovers\n|-heal|p1b: Cresselia|60\/100|[from] item: Leftovers\n|-sideend|p2: roglogman|move: Tailwind\n|upkeep\n|\n|t:|1700905121\n|switch|p2a: Gholdengo|Gholdengo|72\/100\n|turn|10\n|\n|t:|1700905134\n|move|p2b: Tornadus|Tailwind|p2b: Tornadus\n|-sidestart|p2: roglogman|move: Tailwind\n|move|p2a: Gholdengo|Make It Rain|p1b: Cresselia|[spread] p1a,p1b\n|-damage|p1a: Roaring Moon|0 fnt\n|-damage|p1b: Cresselia|21\/100\n|-unboost|p2a: Gholdengo|spa|1\n|faint|p1a: Roaring Moon\n|-end|p1a: Roaring Moon|Protosynthesis|[silent]\n|-damage|p2a: Gholdengo|63\/100|[from] item: Life Orb\n|move|p1b: Cresselia|Icy Wind|p2a: Gholdengo|[spread] p2a,p2b\n|-resisted|p2a: Gholdengo\n|-supereffective|p2b: Tornadus\n|-damage|p2a: Gholdengo|58\/100\n|-damage|p2b: Tornadus|24\/100\n|-unboost|p2a: Gholdengo|spe|1\n|-unboost|p2b: Tornadus|spe|1\n|\n|-heal|p2b: Tornadus|30\/100|[from] item: Leftovers\n|-heal|p1b: Cresselia|28\/100|[from] item: Leftovers\n|upkeep\n|turn|11\n|-message|Tsuisuti forfeited.\n|\n|win|roglogman\n|raw|Tsuisuti's rating: 1069 &rarr; <strong>1057<\/strong><br \/>(-12 for losing)\n|raw|roglogman's rating: 1223 &rarr; <strong>1238<\/strong><br \/>(+15 for winning)\n|l|\u2606Tsuisuti\n","uploadtime":1700904912,"views":4,"p1id":"tsuisuti","p2id":"roglogman","formatid":"gen9doublesou","rating":1057,"private":0,"password":""}