{"id":"gen9doublesou-1982784839","p1":"Sushimaster10","p2":"ac1516","format":"[Gen 9] Doubles OU","log":"|j|\u2606Sushimaster10\n|j|\u2606ac1516\n|t:|1699044618\n|gametype|doubles\n|player|p1|Sushimaster10|101|1317\n|player|p2|ac1516|supernerd|1319\n|teamsize|p1|6\n|teamsize|p2|6\n|gen|9\n|tier|[Gen 9] Doubles OU\n|rated|\n|rule|Species Clause: Limit one of each Pok\u00e9mon\n|rule|OHKO Clause: OHKO moves are banned\n|rule|Evasion Moves Clause: Evasion moves are banned\n|rule|Gravity Sleep Clause: The combination of sleep-inducing moves with imperfect accuracy and Gravity or Gigantamax Orbeetle are banned\n|rule|Endless Battle Clause: Forcing endless battles is banned\n|rule|HP Percentage Mod: HP is shown in percentages\n|clearpoke\n|poke|p1|Gastrodon-East, M|\n|poke|p1|Walking Wake|\n|poke|p1|Illumise, F|\n|poke|p1|Ogerpon-Wellspring, F|\n|poke|p1|Basculegion-F, F|\n|poke|p1|Pelipper, F|\n|poke|p2|Wyrdeer, F|\n|poke|p2|Hatterene, F|\n|poke|p2|Spiritomb, M|\n|poke|p2|Bronzong|\n|poke|p2|Heatran, M|\n|poke|p2|Amoonguss, M|\n|teampreview\n|inactive|Battle timer is ON: inactive players will automatically lose when time's up. (requested by Sushimaster10)\n|\n|t:|1699044625\n|start\n|switch|p1a: Pelipper|Pelipper, F|100\/100\n|switch|p1b: Basculegion|Basculegion-F, F, shiny|100\/100\n|switch|p2a: Wyrdeer|Wyrdeer, F|100\/100\n|switch|p2b: Amoonguss|Amoonguss, M|100\/100\n|-weather|RainDance|[from] ability: Drizzle|[of] p1a: Pelipper\n|-ability|p2a: Wyrdeer|Intimidate|boost\n|-unboost|p1a: Pelipper|atk|1\n|-unboost|p1b: Basculegion|atk|1\n|turn|1\n|\n|t:|1699044643\n|-terastallize|p1b: Basculegion|Water\n|move|p1a: Pelipper|Tailwind|p1a: Pelipper\n|-sidestart|p1: Sushimaster10|move: Tailwind\n|move|p1b: Basculegion|Surf|p2a: Wyrdeer|[spread] p1a,p2a,p2b\n|-resisted|p1a: Pelipper\n|-crit|p2a: Wyrdeer\n|-resisted|p2b: Amoonguss\n|-crit|p2b: Amoonguss\n|-damage|p1a: Pelipper|10\/100\n|-damage|p2a: Wyrdeer|0 fnt\n|-damage|p2b: Amoonguss|32\/100\n|faint|p2a: Wyrdeer\n|move|p2b: Amoonguss|Spore|p1a: Pelipper\n|-status|p1a: Pelipper|slp|[from] move: Spore\n|\n|-weather|RainDance|[upkeep]\n|-heal|p2b: Amoonguss|38\/100|[from] item: Leftovers\n|upkeep\n|\n|t:|1699044662\n|switch|p2a: Spiritomb|Spiritomb, M, shiny|100\/100\n|-ability|p2a: Spiritomb|Pressure\n|turn|2\n|\n|t:|1699044675\n|switch|p1a: Ogerpon|Ogerpon-Wellspring, F|100\/100\n|switch|p2b: Hatterene|Hatterene, F, shiny|100\/100\n|move|p1b: Basculegion|Surf|p2b: Hatterene|[spread] p2a,p2b\n|-immune|p1a: Ogerpon|[from] ability: Water Absorb\n|-damage|p2a: Spiritomb|5\/100\n|-damage|p2b: Hatterene|0 fnt\n|faint|p2b: Hatterene\n|move|p2a: Spiritomb|Trick Room|p2a: Spiritomb\n|-fieldstart|move: Trick Room|[of] p2a: Spiritomb\n|\n|-weather|RainDance|[upkeep]\n|-heal|p2a: Spiritomb|11\/100|[from] item: Leftovers\n|upkeep\n|\n|t:|1699044688\n|switch|p2b: Amoonguss|Amoonguss, M|71\/100\n|turn|3\n|\n|t:|1699044697\n|switch|p1b: Pelipper|Pelipper, F|10\/100 slp\n|move|p2b: Amoonguss|Spore|p1b: Pelipper\n|-fail|p1b: Pelipper|slp\n|move|p2a: Spiritomb|Will-O-Wisp|p1a: Ogerpon\n|-status|p1a: Ogerpon|brn\n|move|p1a: Ogerpon|Knock Off|p2b: Amoonguss\n|-damage|p2b: Amoonguss|56\/100\n|-enditem|p2b: Amoonguss|Leftovers|[from] move: Knock Off|[of] p1a: Ogerpon\n|\n|-weather|RainDance|[upkeep]\n|-heal|p2a: Spiritomb|17\/100|[from] item: Leftovers\n|-damage|p1a: Ogerpon|95\/100 brn|[from] brn\n|upkeep\n|turn|4\n|\n|t:|1699044712\n|move|p2b: Amoonguss|Pollen Puff|p2a: Spiritomb\n|-heal|p2a: Spiritomb|67\/100\n|move|p2a: Spiritomb|Snarl|p1b: Pelipper|[spread] p1a,p1b\n|-damage|p1a: Ogerpon|80\/100 brn\n|-damage|p1b: Pelipper|0 fnt\n|-unboost|p1a: Ogerpon|spa|1\n|faint|p1b: Pelipper\n|move|p1a: Ogerpon|Ivy Cudgel|p2a: Spiritomb\n|-damage|p2a: Spiritomb|30\/100\n|\n|-weather|RainDance|[upkeep]\n|-heal|p2a: Spiritomb|36\/100|[from] item: Leftovers\n|-damage|p1a: Ogerpon|74\/100 brn|[from] brn\n|-sideend|p1: Sushimaster10|move: Tailwind\n|upkeep\n|\n|t:|1699044731\n|switch|p1b: Gastrodon|Gastrodon-East, M|100\/100\n|turn|5\n|\n|t:|1699044741\n|move|p1a: Ogerpon|Protect|p1a: Ogerpon\n|-singleturn|p1a: Ogerpon|Protect\n|move|p2b: Amoonguss|Spore|p1b: Gastrodon\n|-status|p1b: Gastrodon|slp|[from] move: Spore\n|move|p2a: Spiritomb|Confuse Ray|p1a: Ogerpon\n|-activate|p1a: Ogerpon|move: Protect\n|cant|p1b: Gastrodon|slp\n|\n|-weather|none\n|-heal|p2a: Spiritomb|42\/100|[from] item: Leftovers\n|-damage|p1a: Ogerpon|68\/100 brn|[from] brn\n|upkeep\n|turn|6\n|\n|t:|1699044758\n|move|p2b: Amoonguss|Pollen Puff|p2a: Spiritomb\n|-heal|p2a: Spiritomb|92\/100\n|move|p2a: Spiritomb|Confuse Ray|p1a: Ogerpon\n|-start|p1a: Ogerpon|confusion\n|cant|p1b: Gastrodon|slp\n|-activate|p1a: Ogerpon|confusion\n|move|p1a: Ogerpon|Knock Off|p2a: Spiritomb\n|-damage|p2a: Spiritomb|75\/100\n|-enditem|p2a: Spiritomb|Leftovers|[from] move: Knock Off|[of] p1a: Ogerpon\n|\n|-damage|p1a: Ogerpon|62\/100 brn|[from] brn\n|-fieldend|move: Trick Room\n|upkeep\n|turn|7\n|inactive|Sushimaster10 has 120 seconds left.\n|\n|t:|1699044796\n|switch|p2b: Bronzong|Bronzong|100\/100\n|-activate|p1a: Ogerpon|confusion\n|-damage|p1a: Ogerpon|45\/100 brn|[from] confusion\n|cant|p1b: Gastrodon|slp\n|move|p2a: Spiritomb|Trick Room|p2a: Spiritomb\n|-fieldstart|move: Trick Room|[of] p2a: Spiritomb\n|\n|-damage|p1a: Ogerpon|39\/100 brn|[from] brn\n|upkeep\n|turn|8\n|\n|t:|1699044810\n|move|p2b: Bronzong|Iron Defense|p2b: Bronzong\n|-boost|p2b: Bronzong|def|2\n|move|p2a: Spiritomb|Confuse Ray|p1b: Gastrodon\n|-start|p1b: Gastrodon|confusion\n|-curestatus|p1b: Gastrodon|slp|[msg]\n|-activate|p1b: Gastrodon|confusion\n|move|p1b: Gastrodon|Muddy Water|p2a: Spiritomb|[spread] p2a,p2b\n|-damage|p2a: Spiritomb|47\/100\n|-damage|p2b: Bronzong|82\/100\n|-activate|p1a: Ogerpon|confusion\n|-damage|p1a: Ogerpon|21\/100 brn|[from] confusion\n|\n|-heal|p2b: Bronzong|88\/100|[from] item: Leftovers\n|-damage|p1a: Ogerpon|15\/100 brn|[from] brn\n|upkeep\n|turn|9\n|\n|t:|1699044828\n|move|p2b: Bronzong|Calm Mind|p2b: Bronzong\n|-boost|p2b: Bronzong|spa|1\n|-boost|p2b: Bronzong|spd|1\n|move|p2a: Spiritomb|Snarl|p1a: Ogerpon|[spread] p1a,p1b\n|-damage|p1a: Ogerpon|0 fnt\n|-damage|p1b: Gastrodon|92\/100\n|-unboost|p1b: Gastrodon|spa|1\n|faint|p1a: Ogerpon\n|-activate|p1b: Gastrodon|confusion\n|move|p1b: Gastrodon|Muddy Water|p2a: Spiritomb|[spread] p2a,p2b\n|-damage|p2a: Spiritomb|27\/100\n|-damage|p2b: Bronzong|80\/100\n|-unboost|p2a: Spiritomb|accuracy|1\n|\n|-heal|p2b: Bronzong|86\/100|[from] item: Leftovers\n|upkeep\n|\n|t:|1699044845\n|switch|p1a: Illumise|Illumise, F, shiny|100\/100\n|turn|10\n|\n|t:|1699044859\n|switch|p2a: Amoonguss|Amoonguss, M|89\/100\n|switch|p1b: Basculegion|Basculegion-F, F, shiny, tera:Water|100\/100\n|move|p1a: Illumise|Encore|p2b: Bronzong\n|-start|p2b: Bronzong|Encore\n|move|p2b: Bronzong|Calm Mind|p2b: Bronzong\n|-boost|p2b: Bronzong|spa|1\n|-boost|p2b: Bronzong|spd|1\n|\n|-heal|p2b: Bronzong|92\/100|[from] item: Leftovers\n|upkeep\n|turn|11\n|\n|t:|1699044879\n|switch|p1b: Gastrodon|Gastrodon-East, M|92\/100\n|move|p1a: Illumise|Tailwind|p1a: Illumise\n|-sidestart|p1: Sushimaster10|move: Tailwind\n|move|p2a: Amoonguss|Spore|p1b: Gastrodon\n|-status|p1b: Gastrodon|slp|[from] move: Spore\n|move|p2b: Bronzong|Calm Mind|p2b: Bronzong\n|-boost|p2b: Bronzong|spa|1\n|-boost|p2b: Bronzong|spd|1\n|\n|-heal|p2b: Bronzong|98\/100|[from] item: Leftovers\n|-fieldend|move: Trick Room\n|upkeep\n|turn|12\n|\n|t:|1699044889\n|move|p1a: Illumise|Encore|p2a: Amoonguss\n|-start|p2a: Amoonguss|Encore\n|cant|p1b: Gastrodon|slp\n|move|p2b: Bronzong|Calm Mind|p2b: Bronzong\n|-boost|p2b: Bronzong|spa|1\n|-boost|p2b: Bronzong|spd|1\n|move|p2a: Amoonguss|Spore|p1a: Illumise\n|-status|p1a: Illumise|slp|[from] move: Spore\n|\n|-heal|p2b: Bronzong|100\/100|[from] item: Leftovers\n|-end|p2b: Bronzong|Encore\n|upkeep\n|turn|13\n|\n|t:|1699044906\n|switch|p2a: Spiritomb|Spiritomb, M, shiny|27\/100\n|-ability|p2a: Spiritomb|Pressure\n|cant|p1a: Illumise|slp\n|-curestatus|p1b: Gastrodon|slp|[msg]\n|move|p1b: Gastrodon|Muddy Water|p2b: Bronzong|[spread] p2a,p2b\n|-damage|p2a: Spiritomb|0 fnt\n|-damage|p2b: Bronzong|94\/100\n|-unboost|p2b: Bronzong|accuracy|1\n|faint|p2a: Spiritomb\n|move|p2b: Bronzong|Stored Power|p1a: Illumise\n|-damage|p1a: Illumise|0 fnt\n|faint|p1a: Illumise\n|\n|-heal|p2b: Bronzong|99\/100|[from] item: Leftovers\n|upkeep\n|\n|t:|1699044923\n|switch|p1a: Basculegion|Basculegion-F, F, shiny, tera:Water|100\/100\n|switch|p2a: Amoonguss|Amoonguss, M|100\/100\n|turn|14\n|\n|t:|1699044941\n|move|p1a: Basculegion|Surf|p2b: Bronzong|[spread] p2a,p2b\n|-ability|p1b: Gastrodon|Storm Drain|boost\n|-boost|p1b: Gastrodon|spa|1\n|-resisted|p2a: Amoonguss\n|-damage|p2a: Amoonguss|70\/100\n|-damage|p2b: Bronzong|85\/100\n|move|p1b: Gastrodon|Muddy Water|p2b: Bronzong|[spread] p2a,p2b\n|-resisted|p2a: Amoonguss\n|-damage|p2a: Amoonguss|49\/100\n|-damage|p2b: Bronzong|75\/100\n|-unboost|p2b: Bronzong|accuracy|1\n|move|p2b: Bronzong|Stored Power|p1a: Basculegion|[miss]\n|-miss|p2b: Bronzong|p1a: Basculegion\n|move|p2a: Amoonguss|Spore|p1a: Basculegion\n|-status|p1a: Basculegion|slp|[from] move: Spore\n|\n|-heal|p2b: Bronzong|81\/100|[from] item: Leftovers\n|-sideend|p1: Sushimaster10|move: Tailwind\n|upkeep\n|turn|15\n|\n|t:|1699044967\n|cant|p1a: Basculegion|slp\n|move|p1b: Gastrodon|Muddy Water|p2b: Bronzong|[spread] p2b\n|-miss|p1b: Gastrodon|p2a: Amoonguss\n|-damage|p2b: Bronzong|71\/100\n|-unboost|p2b: Bronzong|accuracy|1\n|move|p2b: Bronzong|Stored Power|p1a: Basculegion|[miss]\n|-miss|p2b: Bronzong|p1a: Basculegion\n|move|p2a: Amoonguss|Spore|p1b: Gastrodon\n|-status|p1b: Gastrodon|slp|[from] move: Spore\n|\n|-heal|p2b: Bronzong|77\/100|[from] item: Leftovers\n|upkeep\n|turn|16\n|\n|t:|1699044983\n|switch|p2a: Heatran|Heatran, M, shiny|100\/100\n|cant|p1a: Basculegion|slp\n|cant|p1b: Gastrodon|slp\n|move|p2b: Bronzong|Stored Power|p1a: Basculegion|[miss]\n|-miss|p2b: Bronzong|p1a: Basculegion\n|\n|-heal|p2b: Bronzong|84\/100|[from] item: Leftovers\n|upkeep\n|turn|17\n|\n|t:|1699044996\n|-terastallize|p2a: Heatran|Grass\n|cant|p1a: Basculegion|slp\n|move|p2a: Heatran|Tera Blast|p1a: Basculegion|[anim] Tera Blast Grass\n|-supereffective|p1a: Basculegion\n|-damage|p1a: Basculegion|16\/100 slp\n|cant|p1b: Gastrodon|slp\n|move|p2b: Bronzong|Stored Power|p1a: Basculegion|[miss]\n|-miss|p2b: Bronzong|p1a: Basculegion\n|\n|-heal|p2b: Bronzong|90\/100|[from] item: Leftovers\n|upkeep\n|turn|18\n|\n|t:|1699045014\n|-curestatus|p1a: Basculegion|slp|[msg]\n|move|p1a: Basculegion|Surf|p2b: Bronzong|[spread] p2a,p2b\n|-ability|p1b: Gastrodon|Storm Drain|boost\n|-boost|p1b: Gastrodon|spa|1\n|-resisted|p2a: Heatran\n|-damage|p2a: Heatran|72\/100\n|-damage|p2b: Bronzong|74\/100\n|move|p2a: Heatran|Tera Blast|p1a: Basculegion|[anim] Tera Blast Grass\n|-supereffective|p1a: Basculegion\n|-damage|p1a: Basculegion|0 fnt\n|faint|p1a: Basculegion\n|-curestatus|p1b: Gastrodon|slp|[msg]\n|move|p1b: Gastrodon|Muddy Water|p2b: Bronzong|[spread] p2b\n|-miss|p1b: Gastrodon|p2a: Heatran\n|-damage|p2b: Bronzong|60\/100\n|move|p2b: Bronzong|Stored Power|p1b: Gastrodon\n|-damage|p1b: Gastrodon|0 fnt\n|faint|p1b: Gastrodon\n|\n|-heal|p2b: Bronzong|66\/100|[from] item: Leftovers\n|upkeep\n|-message|Sushimaster10 forfeited.\n|\n|win|ac1516\n|raw|Sushimaster10's rating: 1317 &rarr; <strong>1297<\/strong><br \/>(-20 for losing)\n|raw|ac1516's rating: 1319 &rarr; <strong>1339<\/strong><br \/>(+20 for winning)\n|l|\u2606Sushimaster10\n","uploadtime":1699045033,"views":12,"p1id":"sushimaster10","p2id":"ac1516","formatid":"gen9doublesou","rating":1297,"private":0,"password":""}