{"id":"gen9doublesou-1998635734","p1":"fadi9","p2":"bruhschetta","format":"[Gen 9] Doubles OU","log":"|j|\u2606fadi9\n|j|\u2606bruhschetta\n|t:|1700965798\n|gametype|doubles\n|player|p1|fadi9|wattson|1472\n|player|p2|bruhschetta|psychicf-gen4|1587\n|teamsize|p1|6\n|teamsize|p2|6\n|gen|9\n|tier|[Gen 9] Doubles OU\n|rated|\n|rule|Species Clause: Limit one of each Pok\u00e9mon\n|rule|OHKO Clause: OHKO moves are banned\n|rule|Evasion Moves Clause: Evasion moves are banned\n|rule|Gravity Sleep Clause: The combination of sleep-inducing moves with imperfect accuracy and Gravity or Gigantamax Orbeetle are banned\n|rule|Endless Battle Clause: Forcing endless battles is banned\n|rule|HP Percentage Mod: HP is shown in percentages\n|clearpoke\n|poke|p1|Tyranitar, M|\n|poke|p1|Roaring Moon|\n|poke|p1|Landorus-Therian, M|\n|poke|p1|Meowscarada, M|\n|poke|p1|Armarouge, M|\n|poke|p1|Indeedee-F, F|\n|poke|p2|Ogerpon-Wellspring, F|\n|poke|p2|Glaceon, F|\n|poke|p2|Iron Hands|\n|poke|p2|Ninetales-Alola, F|\n|poke|p2|Volcanion|\n|poke|p2|Arcanine-Hisui, F|\n|teampreview\n|inactive|Battle timer is ON: inactive players will automatically lose when time's up. (requested by fadi9)\n|\n|t:|1700965829\n|start\n|switch|p1a: Tyranitar|Tyranitar, M|100\/100\n|switch|p1b: Indeedee|Indeedee-F, F, shiny|100\/100\n|switch|p2a: Volcanion|Volcanion|100\/100\n|switch|p2b: WISH DEATH PON ME|Ogerpon-Wellspring, F|100\/100\n|-fieldstart|move: Psychic Terrain|[from] ability: Psychic Surge|[of] p1b: Indeedee\n|-enditem|p1b: Indeedee|Psychic Seed\n|-boost|p1b: Indeedee|spd|1|[from] item: Psychic Seed\n|-weather|Sandstorm|[from] ability: Sand Stream|[of] p1a: Tyranitar\n|turn|1\n|\n|t:|1700965850\n|-terastallize|p1a: Tyranitar|Flying\n|move|p1b: Indeedee|Follow Me|p1b: Indeedee\n|-singleturn|p1b: Indeedee|move: Follow Me\n|move|p2b: WISH DEATH PON ME|Swords Dance|p2b: WISH DEATH PON ME\n|-boost|p2b: WISH DEATH PON ME|atk|2\n|move|p2a: Volcanion|Steam Eruption|p1b: Indeedee|[miss]\n|-miss|p2a: Volcanion|p1b: Indeedee\n|move|p1a: Tyranitar|Tera Blast|p2b: WISH DEATH PON ME|[anim] Tera Blast Flying\n|-supereffective|p2b: WISH DEATH PON ME\n|-damage|p2b: WISH DEATH PON ME|0 fnt\n|faint|p2b: WISH DEATH PON ME\n|\n|-weather|Sandstorm|[upkeep]\n|-damage|p1b: Indeedee|94\/100|[from] Sandstorm\n|-damage|p2a: Volcanion|94\/100|[from] Sandstorm\n|-damage|p1a: Tyranitar|94\/100|[from] Sandstorm\n|upkeep\n|\n|t:|1700965861\n|switch|p2b: Ninetales|Ninetales-Alola, F|100\/100\n|-weather|Snow|[from] ability: Snow Warning|[of] p2b: Ninetales\n|turn|2\n|\n|t:|1700965876\n|switch|p1a: Armarouge|Armarouge, M|100\/100\n|move|p1b: Indeedee|Follow Me|p1b: Indeedee\n|-singleturn|p1b: Indeedee|move: Follow Me\n|move|p2b: Ninetales|Charm|p1b: Indeedee\n|-unboost|p1b: Indeedee|atk|2\n|move|p2a: Volcanion|Heat Wave|p1a: Armarouge|[spread] p1b\n|-start|p1a: Armarouge|ability: Flash Fire\n|-damage|p1b: Indeedee|72\/100\n|\n|-weather|Snow|[upkeep]\n|upkeep\n|turn|3\n|\n|t:|1700965904\n|move|p1b: Indeedee|Follow Me|p1b: Indeedee\n|-singleturn|p1b: Indeedee|move: Follow Me\n|move|p2b: Ninetales|Aurora Veil|p2b: Ninetales\n|-sidestart|p2: bruhschetta|move: Aurora Veil\n|move|p2a: Volcanion|Steam Eruption|p1b: Indeedee\n|-damage|p1b: Indeedee|37\/100\n|-status|p1b: Indeedee|brn\n|move|p1a: Armarouge|Expanding Force|p2a: Volcanion|[spread] p2a,p2b\n|-damage|p2a: Volcanion|67\/100\n|-damage|p2b: Ninetales|63\/100\n|\n|-weather|Snow|[upkeep]\n|-damage|p1b: Indeedee|31\/100 brn|[from] brn\n|upkeep\n|turn|4\n|\n|t:|1700965920\n|switch|p2b: Arcanine|Arcanine-Hisui, F|100\/100\n|-ability|p2b: Arcanine|Intimidate|boost\n|-unboost|p1a: Armarouge|atk|1\n|-unboost|p1b: Indeedee|atk|1\n|move|p1b: Indeedee|Follow Me|p1b: Indeedee\n|-singleturn|p1b: Indeedee|move: Follow Me\n|move|p2a: Volcanion|Steam Eruption|p1b: Indeedee|[miss]\n|-miss|p2a: Volcanion|p1b: Indeedee\n|move|p1a: Armarouge|Trick Room|p1a: Armarouge\n|-fieldstart|move: Trick Room|[of] p1a: Armarouge\n|\n|-weather|Snow|[upkeep]\n|-damage|p1b: Indeedee|25\/100 brn|[from] brn\n|upkeep\n|turn|5\n|\n|t:|1700965947\n|move|p1b: Indeedee|Follow Me|p1b: Indeedee\n|-singleturn|p1b: Indeedee|move: Follow Me\n|move|p2b: Arcanine|Overheat|p1b: Indeedee\n|-damage|p1b: Indeedee|2\/100 brn\n|-unboost|p2b: Arcanine|spa|2\n|move|p1a: Armarouge|Expanding Force|p2b: Arcanine|[spread] p2a,p2b\n|-damage|p2a: Volcanion|41\/100\n|-damage|p2b: Arcanine|63\/100\n|move|p2a: Volcanion|Earth Power|p1b: Indeedee\n|-damage|p1b: Indeedee|0 fnt\n|faint|p1b: Indeedee\n|\n|-weather|Snow|[upkeep]\n|-heal|p2b: Arcanine|69\/100|[from] item: Leftovers\n|-fieldend|move: Psychic Terrain\n|upkeep\n|inactive|fadi9 has 120 seconds left.\n|\n|t:|1700965968\n|switch|p1b: Landorus|Landorus-Therian, M|100\/100\n|-ability|p1b: Landorus|Intimidate|boost\n|-unboost|p2a: Volcanion|atk|1\n|-unboost|p2b: Arcanine|atk|1\n|turn|6\n|inactive|fadi9 has 120 seconds left.\n|\n|t:|1700966002\n|-end|p1a: Armarouge|ability: Flash Fire|[silent]\n|switch|p1a: Tyranitar|Tyranitar, M, tera:Flying|94\/100\n|-weather|Sandstorm|[from] ability: Sand Stream|[of] p1a: Tyranitar\n|move|p2b: Arcanine|Head Smash|p1a: Tyranitar\n|-supereffective|p1a: Tyranitar\n|-damage|p1a: Tyranitar|17\/100\n|-damage|p2b: Arcanine|29\/100|[from] Recoil\n|move|p2a: Volcanion|Earth Power|p1a: Tyranitar\n|-immune|p1a: Tyranitar\n|move|p1b: Landorus|Earthquake|p2b: Arcanine|[spread] p2a,p2b\n|-immune|p1a: Tyranitar\n|-supereffective|p2a: Volcanion\n|-supereffective|p2b: Arcanine\n|-damage|p2a: Volcanion|0 fnt\n|-damage|p2b: Arcanine|0 fnt\n|faint|p2a: Volcanion\n|faint|p2b: Arcanine\n|-damage|p1b: Landorus|90\/100|[from] item: Life Orb\n|\n|-weather|Sandstorm|[upkeep]\n|-damage|p1a: Tyranitar|10\/100|[from] Sandstorm\n|upkeep\n|\n|t:|1700966018\n|switch|p2b: Ninetales|Ninetales-Alola, F|63\/100\n|switch|p2a: Glaceon|Glaceon, F|100\/100\n|-weather|Snow|[from] ability: Snow Warning|[of] p2b: Ninetales\n|turn|7\n|\n|t:|1700966033\n|switch|p1b: Armarouge|Armarouge, M|100\/100\n|move|p2a: Glaceon|Blizzard|p1a: Tyranitar|[spread] p1a,p1b\n|-supereffective|p1a: Tyranitar\n|-resisted|p1b: Armarouge\n|-damage|p1a: Tyranitar|0 fnt\n|-damage|p1b: Armarouge|59\/100\n|faint|p1a: Tyranitar\n|move|p2b: Ninetales|Misty Terrain|p2b: Ninetales\n|-fieldstart|move: Misty Terrain\n|\n|-weather|Snow|[upkeep]\n|-sideend|p2: bruhschetta|move: Aurora Veil\n|upkeep\n|inactive|fadi9 has 120 seconds left.\n|\n|t:|1700966047\n|switch|p1a: Meowscarada|Meowscarada, M|100\/100\n|turn|8\n|\n|t:|1700966074\n|-terastallize|p2a: Glaceon|Water\n|move|p2a: Glaceon|Blizzard|p1b: Armarouge|[spread] p1a,p1b\n|-supereffective|p1a: Meowscarada\n|-resisted|p1b: Armarouge\n|-enditem|p1a: Meowscarada|Focus Sash\n|-damage|p1a: Meowscarada|1\/100\n|-damage|p1b: Armarouge|24\/100\n|move|p1b: Armarouge|Armor Cannon|p2a: Glaceon\n|-resisted|p2a: Glaceon\n|-damage|p2a: Glaceon|67\/100\n|-unboost|p1b: Armarouge|def|1\n|-unboost|p1b: Armarouge|spd|1\n|move|p2b: Ninetales|Aurora Veil|p2b: Ninetales\n|-sidestart|p2: bruhschetta|move: Aurora Veil\n|move|p1a: Meowscarada|Flower Trick|p2b: Ninetales\n|-crit|p2b: Ninetales\n|-damage|p2b: Ninetales|0 fnt\n|faint|p2b: Ninetales\n|\n|-weather|Snow|[upkeep]\n|-heal|p2a: Glaceon|73\/100|[from] ability: Ice Body\n|-fieldend|move: Trick Room\n|upkeep\n|inactive|bruhschetta has 120 seconds left.\n|\n|t:|1700966092\n|switch|p2b: Iron Hands|Iron Hands|100\/100\n|turn|9\n|\n|t:|1700966102\n|move|p2b: Iron Hands|Fake Out|p1a: Meowscarada\n|-damage|p1a: Meowscarada|0 fnt\n|faint|p1a: Meowscarada\n|move|p1b: Armarouge|Expanding Force|p2b: Iron Hands\n|-supereffective|p2b: Iron Hands\n|-damage|p2b: Iron Hands|74\/100\n|move|p2a: Glaceon|Blizzard|p1b: Armarouge\n|-resisted|p1b: Armarouge\n|-damage|p1b: Armarouge|0 fnt\n|faint|p1b: Armarouge\n|\n|-weather|Snow|[upkeep]\n|-heal|p2a: Glaceon|79\/100|[from] ability: Ice Body\n|upkeep\n|\n|t:|1700966114\n|switch|p1a: Landorus|Landorus-Therian, M|90\/100\n|switch|p1b: Roaring Moon|Roaring Moon|100\/100\n|-ability|p1a: Landorus|Intimidate|boost\n|-unboost|p2a: Glaceon|atk|1\n|-unboost|p2b: Iron Hands|atk|1\n|-enditem|p1b: Roaring Moon|Booster Energy\n|-activate|p1b: Roaring Moon|ability: Protosynthesis|[fromitem]\n|-start|p1b: Roaring Moon|protosynthesisatk\n|turn|10\n|\n|t:|1700966137\n|move|p1b: Roaring Moon|Acrobatics|p2a: Glaceon\n|-damage|p2a: Glaceon|44\/100\n|move|p1a: Landorus|Rock Slide|p2b: Iron Hands|[spread] p2a,p2b\n|-resisted|p2b: Iron Hands\n|-damage|p2a: Glaceon|23\/100\n|-damage|p2b: Iron Hands|68\/100\n|-damage|p1a: Landorus|80\/100|[from] item: Life Orb\n|cant|p2a: Glaceon|flinch\n|move|p2b: Iron Hands|Close Combat|p1b: Roaring Moon\n|-supereffective|p1b: Roaring Moon\n|-damage|p1b: Roaring Moon|0 fnt\n|-unboost|p2b: Iron Hands|def|1\n|-unboost|p2b: Iron Hands|spd|1\n|faint|p1b: Roaring Moon\n|-end|p1b: Roaring Moon|Protosynthesis|[silent]\n|\n|-weather|Snow|[upkeep]\n|-heal|p2a: Glaceon|29\/100|[from] ability: Ice Body\n|upkeep\n|turn|11\n|\n|t:|1700966153\n|move|p1a: Landorus|Earthquake|p2a: Glaceon|[spread] p2a,p2b\n|-supereffective|p2b: Iron Hands\n|-damage|p2a: Glaceon|0 fnt\n|-damage|p2b: Iron Hands|0 fnt\n|faint|p2a: Glaceon\n|faint|p2b: Iron Hands\n|-end|p2b: Iron Hands|Quark Drive|[silent]\n|-damage|p1a: Landorus|70\/100|[from] item: Life Orb\n|\n|win|fadi9\n|raw|fadi9's rating: 1472 &rarr; <strong>1498<\/strong><br \/>(+26 for winning)\n|raw|bruhschetta's rating: 1587 &rarr; <strong>1561<\/strong><br \/>(-26 for losing)\n|c|\u2606bruhschetta|oh my god\n|c|\u2606fadi9|holy cow\n|c|\u2606fadi9|gg\n|c|\u2606fadi9|didn't think i was gonna make it out of that one\n|c|\u2606bruhschetta|you werent supposed to lmfao\n|c|\u2606bruhschetta|gg\n|l|\u2606bruhschetta\n","uploadtime":1700966345,"views":5,"p1id":"fadi9","p2id":"bruhschetta","formatid":"gen9doublesou","rating":1498,"private":0,"password":""}