{"id":"gen9doublesou-1974502104","p1":"God_of_STANK!","p2":"PsyColibri","format":"[Gen 9] Doubles OU","log":"|j|\u2606God_of_STANK!\n|j|\u2606PsyColibri\n|t:|1698092303\n|gametype|doubles\n|player|p1|God_of_STANK!|psychic|1404\n|player|p2|PsyColibri|102|1327\n|teamsize|p1|6\n|teamsize|p2|6\n|gen|9\n|tier|[Gen 9] Doubles OU\n|rated|\n|rule|Species Clause: Limit one of each Pok\u00e9mon\n|rule|OHKO Clause: OHKO moves are banned\n|rule|Evasion Moves Clause: Evasion moves are banned\n|rule|Gravity Sleep Clause: The combination of sleep-inducing moves with imperfect accuracy and Gravity or Gigantamax Orbeetle are banned\n|rule|Endless Battle Clause: Forcing endless battles is banned\n|rule|HP Percentage Mod: HP is shown in percentages\n|clearpoke\n|poke|p1|Grimmsnarl, M|\n|poke|p1|Okidogi, M|\n|poke|p1|Cresselia, F|\n|poke|p1|Iron Hands|\n|poke|p1|Tornadus, M|\n|poke|p1|Volcanion|\n|poke|p2|Yanmega, F|\n|poke|p2|Ribombee, M|\n|poke|p2|Scizor, M|\n|poke|p2|Lokix, M|\n|poke|p2|Rabsca, M|\n|poke|p2|Volcarona, F|\n|teampreview\n|inactive|Battle timer is ON: inactive players will automatically lose when time's up. (requested by God_of_STANK!)\n|\n|t:|1698092316\n|start\n|switch|p1a: Grimmsnarl|Grimmsnarl, M|100\/100\n|switch|p1b: Iron Hands|Iron Hands|100\/100\n|switch|p2a: Ribombee|Ribombee, M|100\/100\n|switch|p2b: Yanmega|Yanmega, F|100\/100\n|turn|1\n|\n|t:|1698092324\n|move|p2b: Yanmega|Protect|p2b: Yanmega\n|-singleturn|p2b: Yanmega|Protect\n|move|p1a: Grimmsnarl|Fake Out|p2a: Ribombee\n|-damage|p2a: Ribombee|81\/100\n|move|p2a: Ribombee|Moonblast|p1b: Iron Hands\n|-supereffective|p1b: Iron Hands\n|-damage|p1b: Iron Hands|41\/100\n|-enditem|p1b: Iron Hands|Sitrus Berry|[eat]\n|-heal|p1b: Iron Hands|66\/100|[from] item: Sitrus Berry\n|move|p1b: Iron Hands|Belly Drum|p1b: Iron Hands\n|-damage|p1b: Iron Hands|16\/100\n|-setboost|p1b: Iron Hands|atk|6|[from] move: Belly Drum\n|\n|-ability|p2b: Yanmega|Speed Boost|boost\n|-boost|p2b: Yanmega|spe|1\n|upkeep\n|turn|2\n|\n|t:|1698092342\n|move|p1b: Iron Hands|Protect|p1b: Iron Hands\n|-singleturn|p1b: Iron Hands|Protect\n|move|p1a: Grimmsnarl|Parting Shot|p2b: Yanmega\n|-unboost|p2b: Yanmega|atk|1\n|-unboost|p2b: Yanmega|spa|1\n|\n|t:|1698092347\n|switch|p1a: Cresselia|Cresselia, F|100\/100|[from] Parting Shot\n|move|p2b: Yanmega|Air Slash|p1b: Iron Hands\n|-activate|p1b: Iron Hands|move: Protect\n|move|p2a: Ribombee|Moonblast|p1b: Iron Hands\n|-activate|p1b: Iron Hands|move: Protect\n|\n|-ability|p2b: Yanmega|Speed Boost|boost\n|-boost|p2b: Yanmega|spe|1\n|upkeep\n|turn|3\n|\n|t:|1698092360\n|move|p1a: Cresselia|Ally Switch|p1a: Cresselia\n|swap|p1a: Cresselia|1|[from] move: Ally Switch\n|move|p2b: Yanmega|Struggle Bug|p1a: Iron Hands|[spread] p1a,p1b\n|-resisted|p1a: Iron Hands\n|-supereffective|p1b: Cresselia\n|-damage|p1a: Iron Hands|11\/100\n|-damage|p1b: Cresselia|83\/100\n|-unboost|p1a: Iron Hands|spa|1\n|-unboost|p1b: Cresselia|spa|1\n|move|p2a: Ribombee|Struggle Bug|p1b: Cresselia|[spread] p1a,p1b\n|-resisted|p1a: Iron Hands\n|-supereffective|p1b: Cresselia\n|-damage|p1a: Iron Hands|6\/100\n|-damage|p1b: Cresselia|62\/100\n|-unboost|p1a: Iron Hands|spa|1\n|-unboost|p1b: Cresselia|spa|1\n|move|p1a: Iron Hands|Drain Punch|p2b: Yanmega\n|-resisted|p2b: Yanmega\n|-damage|p2b: Yanmega|56\/100\n|-heal|p1a: Iron Hands|21\/100|[from] drain|[of] p2b: Yanmega\n|\n|-ability|p2b: Yanmega|Speed Boost|boost\n|-boost|p2b: Yanmega|spe|1\n|upkeep\n|turn|4\n|\n|t:|1698092380\n|move|p1a: Iron Hands|Protect|p1a: Iron Hands\n|-singleturn|p1a: Iron Hands|Protect\n|move|p2b: Yanmega|Air Slash|p1a: Iron Hands\n|-activate|p1a: Iron Hands|move: Protect\n|move|p2a: Ribombee|Moonblast|p1b: Cresselia\n|-damage|p1b: Cresselia|38\/100\n|move|p1b: Cresselia|Trick Room|p1b: Cresselia\n|-fieldstart|move: Trick Room|[of] p1b: Cresselia\n|\n|-ability|p2b: Yanmega|Speed Boost|boost\n|-boost|p2b: Yanmega|spe|1\n|upkeep\n|turn|5\n|\n|t:|1698092396\n|move|p1a: Iron Hands|Iron Head|p2a: Ribombee\n|-supereffective|p2a: Ribombee\n|-damage|p2a: Ribombee|0 fnt\n|faint|p2a: Ribombee\n|move|p1b: Cresselia|Lunar Blessing|p1b: Cresselia|[spread] p1a,p1b\n|-heal|p1a: Iron Hands|46\/100\n|-heal|p1b: Cresselia|63\/100\n|move|p2b: Yanmega|Air Slash|p1a: Iron Hands\n|-damage|p1a: Iron Hands|29\/100\n|\n|-ability|p2b: Yanmega|Speed Boost|boost\n|-boost|p2b: Yanmega|spe|1\n|upkeep\n|\n|t:|1698092409\n|switch|p2a: Lokix|Lokix, M|100\/100\n|turn|6\n|\n|t:|1698092419\n|switch|p2b: Scizor|Scizor, M|100\/100\n|move|p2a: Lokix|First Impression|p1b: Cresselia\n|-supereffective|p1b: Cresselia\n|-damage|p1b: Cresselia|3\/100\n|move|p1a: Iron Hands|Drain Punch|p2a: Lokix\n|-damage|p2a: Lokix|0 fnt\n|-heal|p1a: Iron Hands|60\/100|[from] drain|[of] p2a: Lokix\n|faint|p2a: Lokix\n|move|p1b: Cresselia|Lunar Blessing|p1b: Cresselia|[spread] p1a,p1b\n|-heal|p1a: Iron Hands|85\/100\n|-heal|p1b: Cresselia|28\/100\n|\n|upkeep\n|\n|t:|1698092427\n|switch|p2a: Rabsca|Rabsca, M|100\/100\n|turn|7\n|\n|t:|1698092439\n|move|p1b: Cresselia|Ally Switch|p1b: Cresselia\n|swap|p1b: Cresselia|0|[from] move: Ally Switch\n|move|p1b: Iron Hands|Iron Head|p2a: Rabsca\n|-damage|p2a: Rabsca|0 fnt\n|faint|p2a: Rabsca\n|move|p2b: Scizor|Lunge|p1a: Cresselia\n|-supereffective|p1a: Cresselia\n|-damage|p1a: Cresselia|0 fnt\n|faint|p1a: Cresselia\n|\n|upkeep\n|\n|t:|1698092446\n|switch|p2a: Yanmega|Yanmega, F|56\/100\n|switch|p1a: Grimmsnarl|Grimmsnarl, M|100\/100\n|turn|8\n|\n|t:|1698092455\n|move|p1a: Grimmsnarl|Fake Out|p2a: Yanmega\n|-damage|p2a: Yanmega|42\/100\n|move|p2b: Scizor|Bullet Punch|p1a: Grimmsnarl\n|-supereffective|p1a: Grimmsnarl\n|-damage|p1a: Grimmsnarl|31\/100\n|move|p1b: Iron Hands|Drain Punch|p2b: Scizor\n|-damage|p2b: Scizor|0 fnt\n|-heal|p1b: Iron Hands|100\/100|[from] drain|[of] p2b: Scizor\n|faint|p2b: Scizor\n|cant|p2a: Yanmega|flinch\n|\n|-fieldend|move: Trick Room\n|-ability|p2a: Yanmega|Speed Boost|boost\n|-boost|p2a: Yanmega|spe|1\n|upkeep\n|\n|t:|1698092460\n|switch|p2b: Volcarona|Volcarona, F|100\/100\n|turn|9\n|c|\u2606God_of_STANK!|rip\n|\n|t:|1698092474\n|move|p1a: Grimmsnarl|Light Screen|p1a: Grimmsnarl\n|-sidestart|p1: God_of_STANK!|move: Light Screen\n|move|p2a: Yanmega|Air Slash|p1b: Iron Hands\n|-damage|p1b: Iron Hands|82\/100\n|move|p2b: Volcarona|Heat Wave|p1b: Iron Hands|[spread] p1a,p1b\n|-damage|p1a: Grimmsnarl|4\/100\n|-damage|p1b: Iron Hands|63\/100\n|move|p1b: Iron Hands|Drain Punch|p2a: Yanmega\n|-resisted|p2a: Yanmega\n|-damage|p2a: Yanmega|0 fnt\n|-heal|p1b: Iron Hands|78\/100|[from] drain|[of] p2a: Yanmega\n|faint|p2a: Yanmega\n|\n|upkeep\n|turn|10\n|\n|t:|1698092491\n|move|p1a: Grimmsnarl|Parting Shot|p2b: Volcarona\n|-unboost|p2b: Volcarona|atk|1\n|-unboost|p2b: Volcarona|spa|1\n|-message|PsyColibri forfeited.\n|\n|win|God_of_STANK!\n|raw|God_of_STANK!'s rating: 1404 &rarr; <strong>1420<\/strong><br \/>(+16 for winning)\n|raw|PsyColibri's rating: 1327 &rarr; <strong>1311<\/strong><br \/>(-16 for losing)\n|l|\u2606PsyColibri\n","uploadtime":1698092504,"views":7,"p1id":"godofstank","p2id":"psycolibri","formatid":"gen9doublesou","rating":1311,"private":0,"password":""}