{"id":"gen9doublesou-1970088951","p1":"SXD2002","p2":"Nova810","format":"[Gen 9] Doubles OU","log":"|j|\u2606SXD2002\n|j|\u2606Nova810\n|t:|1697593007\n|gametype|doubles\n|player|p1|SXD2002|silver-masters|1025\n|player|p2|Nova810|265|1043\n|teamsize|p1|4\n|teamsize|p2|6\n|gen|9\n|tier|[Gen 9] Doubles OU\n|rated|\n|rule|Species Clause: Limit one of each Pok\u00e9mon\n|rule|OHKO Clause: OHKO moves are banned\n|rule|Evasion Moves Clause: Evasion moves are banned\n|rule|Gravity Sleep Clause: The combination of sleep-inducing moves with imperfect accuracy and Gravity or Gigantamax Orbeetle are banned\n|rule|Endless Battle Clause: Forcing endless battles is banned\n|rule|HP Percentage Mod: HP is shown in percentages\n|clearpoke\n|poke|p1|Lurantis, M|\n|poke|p1|Murkrow, F|\n|poke|p1|Grimmsnarl, M|\n|poke|p1|Clefairy, F|\n|poke|p2|Kommo-o, M|\n|poke|p2|Sinistcha|\n|poke|p2|Corviknight, M|\n|poke|p2|Kilowattrel, M|\n|poke|p2|Gallade, M|\n|poke|p2|Ogerpon-Hearthflame, F|\n|teampreview\n|inactive|Battle timer is ON: inactive players will automatically lose when time's up. (requested by SXD2002)\n|\n|t:|1697593012\n|start\n|switch|p1a: Grimmsnarl|Grimmsnarl, M|100\/100\n|switch|p1b: Lurantis|Lurantis, M|100\/100\n|switch|p2a: Gallade|Gallade, M, shiny|100\/100\n|switch|p2b: Corviknight|Corviknight, M, shiny|100\/100\n|turn|1\n|\n|t:|1697593025\n|-terastallize|p1b: Lurantis|Steel\n|move|p2a: Gallade|Wide Guard|p2a: Gallade\n|-singleturn|p2a: Gallade|Wide Guard\n|move|p1a: Grimmsnarl|Scary Face|p1b: Lurantis\n|-boost|p1b: Lurantis|spe|2\n|move|p1b: Lurantis|Superpower|p2b: Corviknight\n|-damage|p2b: Corviknight|82\/100\n|-boost|p1b: Lurantis|atk|1\n|-boost|p1b: Lurantis|def|1\n|move|p2b: Corviknight|Light Screen|p2b: Corviknight\n|-sidestart|p2: Nova810|move: Light Screen\n|\n|upkeep\n|turn|2\n|\n|t:|1697593041\n|move|p2a: Gallade|Wide Guard|p2a: Gallade\n|-singleturn|p2a: Gallade|Wide Guard\n|move|p1a: Grimmsnarl|Scary Face|p1b: Lurantis\n|-boost|p1b: Lurantis|spe|2\n|move|p1b: Lurantis|Superpower|p2b: Corviknight\n|-damage|p2b: Corviknight|51\/100\n|-boost|p1b: Lurantis|atk|1\n|-boost|p1b: Lurantis|def|1\n|move|p2b: Corviknight|Reflect|p2b: Corviknight\n|-sidestart|p2: Nova810|Reflect\n|\n|upkeep\n|turn|3\n|inactive|Nova810 has 120 seconds left.\n|\n|t:|1697593073\n|move|p1a: Grimmsnarl|Scary Face|p1b: Lurantis\n|-boost|p1b: Lurantis|spe|2\n|move|p1b: Lurantis|Superpower|p2b: Corviknight\n|-damage|p2b: Corviknight|25\/100\n|-boost|p1b: Lurantis|atk|1\n|-boost|p1b: Lurantis|def|1\n|move|p2a: Gallade|Psycho Cut|p1b: Lurantis\n|-resisted|p1b: Lurantis\n|-damage|p1b: Lurantis|88\/100\n|move|p2b: Corviknight|U-turn|p1a: Grimmsnarl\n|-damage|p1a: Grimmsnarl|83\/100\n|inactive|Nova810 has 120 seconds left.\n|\n|t:|1697593082\n|switch|p2b: Ogerpon|Ogerpon-Hearthflame, F|100\/100|[from] U-turn\n|-ability|p2b: Ogerpon|Mold Breaker\n|\n|-heal|p1b: Lurantis|94\/100|[from] item: Leftovers\n|-heal|p1a: Grimmsnarl|90\/100|[from] item: Leftovers\n|upkeep\n|turn|4\n|\n|t:|1697593106\n|move|p1b: Lurantis|Protect|p1b: Lurantis\n|-singleturn|p1b: Lurantis|Protect\n|move|p2a: Gallade|Wide Guard|p2a: Gallade\n|-singleturn|p2a: Gallade|Wide Guard\n|move|p1a: Grimmsnarl|Parting Shot|p2b: Ogerpon\n|-unboost|p2b: Ogerpon|atk|1\n|-unboost|p2b: Ogerpon|spa|1\n|\n|t:|1697593118\n|switch|p1a: Clefairy|Clefairy, F|100\/100|[from] Parting Shot\n|move|p2b: Ogerpon|Ivy Cudgel|p1b: Lurantis\n|-activate|p1b: Lurantis|move: Protect\n|\n|-heal|p1b: Lurantis|100\/100|[from] item: Leftovers\n|upkeep\n|turn|5\n|\n|t:|1697593131\n|move|p2a: Gallade|Wide Guard|p2a: Gallade\n|-singleturn|p2a: Gallade|Wide Guard\n|move|p1a: Clefairy|Follow Me|p1a: Clefairy\n|-singleturn|p1a: Clefairy|move: Follow Me\n|move|p1b: Lurantis|Superpower|p2b: Ogerpon\n|-damage|p2b: Ogerpon|36\/100\n|-boost|p1b: Lurantis|atk|1\n|-boost|p1b: Lurantis|def|1\n|move|p2b: Ogerpon|Swords Dance|p2b: Ogerpon\n|-boost|p2b: Ogerpon|atk|2\n|\n|upkeep\n|turn|6\n|\n|t:|1697593151\n|move|p1a: Clefairy|Helping Hand|p1b: Lurantis\n|-singleturn|p1b: Lurantis|Helping Hand|[of] p1a: Clefairy\n|move|p2a: Gallade|Wide Guard|p2a: Gallade\n|-singleturn|p2a: Gallade|Wide Guard\n|move|p1b: Lurantis|Superpower|p2b: Ogerpon\n|-damage|p2b: Ogerpon|0 fnt\n|-boost|p1b: Lurantis|atk|1\n|-boost|p1b: Lurantis|def|1\n|faint|p2b: Ogerpon\n|\n|upkeep\n|\n|t:|1697593164\n|switch|p2b: Kommo-o|Kommo-o, M|100\/100\n|turn|7\n|\n|t:|1697593172\n|move|p1a: Clefairy|Helping Hand|p1b: Lurantis\n|-singleturn|p1b: Lurantis|Helping Hand|[of] p1a: Clefairy\n|move|p1b: Lurantis|Superpower|p2b: Kommo-o\n|-damage|p2b: Kommo-o|0 fnt\n|-boost|p1b: Lurantis|atk|1\n|-boost|p1b: Lurantis|def|1\n|faint|p2b: Kommo-o\n|move|p2a: Gallade|Leaf Blade|p1b: Lurantis\n|-resisted|p1b: Lurantis\n|-damage|p1b: Lurantis|96\/100\n|\n|-heal|p1b: Lurantis|100\/100|[from] item: Leftovers\n|upkeep\n|\n|t:|1697593176\n|switch|p2b: Sinistcha|Sinistcha|100\/100\n|turn|8\n|-message|Nova810 forfeited.\n|\n|win|SXD2002\n|raw|SXD2002's rating: 1025 &rarr; <strong>1063<\/strong><br \/>(+38 for winning)\n|raw|Nova810's rating: 1043 &rarr; <strong>1026<\/strong><br \/>(-17 for losing)\n|l|\u2606Nova810\n","uploadtime":1697593183,"views":12,"p1id":"sxd2002","p2id":"nova810","formatid":"gen9doublesou","rating":1026,"private":0,"password":""}