{"id":"gen9doublesou-1968162461","p1":"Champion's Melody","p2":"harald453343","format":"[Gen 9] Doubles OU","log":"|html|<div class=\"broadcast-blue\"><strong>[Gen 9] Doubles OU is currently suspecting Basculegion & Flutter Mane! For information on how to participate check out the <a href=\"https:\/\/www.smogon.com\/forums\/threads\/np-sv-dou-stage-8-double-trouble.3729153\/\">suspect thread<\/a>.<\/strong><\/div>\n|j|\u2606Champion's Melody\n|j|\u2606harald453343\n|t:|1697390511\n|gametype|doubles\n|player|p1|Champion's Melody|skyla|1119\n|player|p2|harald453343|cynthia-gen4|1225\n|teamsize|p1|6\n|teamsize|p2|6\n|gen|9\n|tier|[Gen 9] Doubles OU\n|rated|\n|rule|Species Clause: Limit one of each Pok\u00e9mon\n|rule|OHKO Clause: OHKO moves are banned\n|rule|Evasion Moves Clause: Evasion moves are banned\n|rule|Gravity Sleep Clause: The combination of sleep-inducing moves with imperfect accuracy and Gravity or Gigantamax Orbeetle are banned\n|rule|Endless Battle Clause: Forcing endless battles is banned\n|rule|HP Percentage Mod: HP is shown in percentages\n|clearpoke\n|poke|p1|Fezandipiti, M|\n|poke|p1|Basculegion, M|\n|poke|p1|Torterra, M|\n|poke|p1|Empoleon, M|\n|poke|p1|Ditto|\n|poke|p1|Kleavor, M|\n|poke|p2|Iron Bundle|\n|poke|p2|Arcanine, M|\n|poke|p2|Gholdengo|\n|poke|p2|Ogerpon-Wellspring, F|\n|poke|p2|Armarouge, M|\n|poke|p2|Indeedee-F, F|\n|teampreview\n|inactive|Battle timer is ON: inactive players will automatically lose when time's up. (requested by Champion's Melody)\n|\n|t:|1697390514\n|start\n|switch|p1a: Kleavor|Kleavor, M|100\/100\n|switch|p1b: Empoleon|Empoleon, M|100\/100\n|switch|p2a: Armarouge|Armarouge, M|100\/100\n|switch|p2b: Indeedee|Indeedee-F, F, shiny|100\/100\n|-fieldstart|move: Psychic Terrain|[from] ability: Psychic Surge|[of] p2b: Indeedee\n|-enditem|p2b: Indeedee|Psychic Seed\n|-boost|p2b: Indeedee|spd|1|[from] item: Psychic Seed\n|turn|1\n|\n|t:|1697390541\n|move|p2b: Indeedee|Follow Me|p2b: Indeedee\n|-singleturn|p2b: Indeedee|move: Follow Me\n|move|p1a: Kleavor|Stone Axe|p2b: Indeedee\n|-damage|p2b: Indeedee|24\/100\n|-sidestart|p2: harald453343|move: Stealth Rock\n|move|p2a: Armarouge|Expanding Force|p1b: Empoleon|[spread] p1a,p1b\n|-resisted|p1b: Empoleon\n|-damage|p1a: Kleavor|0 fnt\n|-damage|p1b: Empoleon|63\/100\n|faint|p1a: Kleavor\n|-damage|p2a: Armarouge|91\/100|[from] item: Life Orb\n|move|p1b: Empoleon|Hydro Pump|p2b: Indeedee\n|-damage|p2b: Indeedee|0 fnt\n|faint|p2b: Indeedee\n|\n|upkeep\n|\n|t:|1697390559\n|switch|p1a: Torterra|Torterra, M|100\/100\n|switch|p2b: Ogerpon|Ogerpon-Wellspring, F|100\/100\n|-damage|p2b: Ogerpon|88\/100|[from] Stealth Rock\n|turn|2\n|\n|t:|1697390583\n|-terastallize|p2a: Armarouge|Grass\n|-terastallize|p1a: Torterra|Rock\n|move|p2b: Ogerpon|Spiky Shield|p2b: Ogerpon\n|-singleturn|p2b: Ogerpon|move: Protect\n|move|p2a: Armarouge|Armor Cannon|p1b: Empoleon\n|-damage|p1b: Empoleon|0 fnt\n|-unboost|p2a: Armarouge|def|1\n|-unboost|p2a: Armarouge|spd|1\n|faint|p1b: Empoleon\n|-damage|p2a: Armarouge|81\/100|[from] item: Life Orb\n|move|p1a: Torterra|Shell Smash|p1a: Torterra\n|-unboost|p1a: Torterra|def|1\n|-unboost|p1a: Torterra|spd|1\n|-boost|p1a: Torterra|atk|2\n|-boost|p1a: Torterra|spa|2\n|-boost|p1a: Torterra|spe|2\n|-enditem|p1a: Torterra|White Herb\n|-clearnegativeboost|p1a: Torterra|[silent]\n|\n|upkeep\n|\n|t:|1697390605\n|switch|p1b: Fezandipiti|Fezandipiti, M|100\/100\n|turn|3\n|\n|t:|1697390626\n|move|p1a: Torterra|Wood Hammer|p2b: Ogerpon\n|-damage|p2b: Ogerpon|0 fnt\n|faint|p2b: Ogerpon\n|-damage|p1a: Torterra|74\/100|[from] Recoil\n|move|p1b: Fezandipiti|Icy Wind|p2a: Armarouge\n|-supereffective|p2a: Armarouge\n|-damage|p2a: Armarouge|29\/100\n|-unboost|p2a: Armarouge|spe|1\n|move|p2a: Armarouge|Clear Smog|p1a: Torterra\n|-resisted|p1a: Torterra\n|-damage|p1a: Torterra|62\/100\n|-clearboost|p1a: Torterra\n|-damage|p2a: Armarouge|19\/100|[from] item: Life Orb\n|\n|upkeep\n|\n|t:|1697390641\n|switch|p2b: Iron Bundle|Iron Bundle|100\/100\n|-damage|p2b: Iron Bundle|76\/100|[from] Stealth Rock\n|-enditem|p2b: Iron Bundle|Booster Energy\n|-activate|p2b: Iron Bundle|ability: Quark Drive|[fromitem]\n|-start|p2b: Iron Bundle|quarkdrivespe\n|turn|4\n|\n|t:|1697390651\n|move|p2b: Iron Bundle|Icy Wind|p1a: Torterra|[spread] p1a,p1b\n|-damage|p1a: Torterra|37\/100\n|-damage|p1b: Fezandipiti|83\/100\n|-unboost|p1a: Torterra|spe|1\n|-unboost|p1b: Fezandipiti|spe|1\n|move|p1b: Fezandipiti|Icy Wind|p2a: Armarouge|[spread] p2a,p2b\n|-supereffective|p2a: Armarouge\n|-resisted|p2b: Iron Bundle\n|-damage|p2a: Armarouge|0 fnt\n|-damage|p2b: Iron Bundle|70\/100\n|-unboost|p2b: Iron Bundle|spe|1\n|faint|p2a: Armarouge\n|move|p1a: Torterra|Rock Blast|p2b: Iron Bundle\n|-supereffective|p2b: Iron Bundle\n|-damage|p2b: Iron Bundle|37\/100\n|-supereffective|p2b: Iron Bundle\n|-damage|p2b: Iron Bundle|4\/100\n|-supereffective|p2b: Iron Bundle\n|-damage|p2b: Iron Bundle|0 fnt\n|faint|p2b: Iron Bundle\n|-end|p2b: Iron Bundle|Quark Drive|[silent]\n|-hitcount|p2: Iron Bundle|3\n|\n|upkeep\n|\n|t:|1697390659\n|switch|p2b: Gholdengo|Gholdengo|100\/100\n|switch|p2a: Arcanine|Arcanine, M|100\/100\n|-damage|p2b: Gholdengo|94\/100|[from] Stealth Rock\n|-damage|p2a: Arcanine|76\/100|[from] Stealth Rock\n|-ability|p2a: Arcanine|Intimidate|boost\n|-unboost|p1a: Torterra|atk|1\n|-unboost|p1b: Fezandipiti|atk|1\n|turn|5\n|\n|t:|1697390684\n|move|p2b: Gholdengo|Make It Rain|p1a: Torterra|[spread] p1a,p1b\n|-supereffective|p1a: Torterra\n|-supereffective|p1b: Fezandipiti\n|-damage|p1a: Torterra|0 fnt\n|-damage|p1b: Fezandipiti|0 fnt\n|-unboost|p2b: Gholdengo|spa|1\n|faint|p1a: Torterra\n|faint|p1b: Fezandipiti\n|move|p2a: Arcanine|Play Rough|p1: Torterra|[notarget]\n|-fail|p2a: Arcanine\n|\n|-fieldend|move: Psychic Terrain\n|upkeep\n|inactive|Champion's Melody has 120 seconds left.\n|\n|t:|1697390696\n|switch|p1b: Ditto|Ditto|100\/100\n|switch|p1a: Basculegion|Basculegion, M|100\/100\n|-transform|p1b: Ditto|p2a: Arcanine|[from] ability: Imposter\n|-ability|p1b: Ditto|Intimidate|boost\n|-unboost|p2a: Arcanine|atk|1\n|-unboost|p2b: Gholdengo|atk|1\n|turn|6\n|\n|t:|1697390711\n|move|p1b: Ditto|Flare Blitz|p2b: Gholdengo\n|-supereffective|p2b: Gholdengo\n|-damage|p2b: Gholdengo|0 fnt\n|faint|p2b: Gholdengo\n|-damage|p1b: Ditto|68\/100|[from] Recoil\n|move|p1a: Basculegion|Last Respects|p2a: Arcanine\n|-damage|p2a: Arcanine|0 fnt\n|faint|p2a: Arcanine\n|\n|win|Champion's Melody\n|raw|Champion&apos;s Melody's rating: 1119 &rarr; <strong>1151<\/strong><br \/>(+32 for winning)\n|raw|harald453343's rating: 1225 &rarr; <strong>1193<\/strong><br \/>(-32 for losing)\n|l|\u2606harald453343\n","uploadtime":1697390724,"views":10,"p1id":"championsmelody","p2id":"harald453343","formatid":"gen9doublesou","rating":1151,"private":0,"password":""}