{"id":"gen9doublesou-1994594545","p1":"DMartz64","p2":"mikeyuwu","format":"[Gen 9] Doubles OU","log":"|j|\u203dDMartz64\n|j|\u2606mikeyuwu\n|t:|1700466193\n|gametype|doubles\n|player|p1|DMartz64|brock|1274\n|player|p2|mikeyuwu|psychic-gen4|1344\n|teamsize|p1|6\n|teamsize|p2|6\n|gen|9\n|tier|[Gen 9] Doubles OU\n|rated|\n|rule|Species Clause: Limit one of each Pok\u00e9mon\n|rule|OHKO Clause: OHKO moves are banned\n|rule|Evasion Moves Clause: Evasion moves are banned\n|rule|Gravity Sleep Clause: The combination of sleep-inducing moves with imperfect accuracy and Gravity or Gigantamax Orbeetle are banned\n|rule|Endless Battle Clause: Forcing endless battles is banned\n|rule|HP Percentage Mod: HP is shown in percentages\n|clearpoke\n|poke|p1|Garganacl, M|\n|poke|p1|Kleavor, M|\n|poke|p1|Tyranitar, M|\n|poke|p1|Arcanine-Hisui, F|\n|poke|p1|Coalossal, M|\n|poke|p1|Glimmora, F|\n|poke|p2|Garchomp, M|\n|poke|p2|Tyranitar, F|\n|poke|p2|Vaporeon, F|\n|poke|p2|Toxicroak, M|\n|poke|p2|Pelipper, F|\n|poke|p2|Abomasnow, M|\n|teampreview\n|\n|t:|1700466198\n|start\n|switch|p1a: Glimmora|Glimmora, F|100\/100\n|switch|p1b: Kleavor|Kleavor, M|100\/100\n|switch|p2a: OTLHPM|Toxicroak, M|100\/100\n|switch|p2b: Harmacy|Vaporeon, F|100\/100\n|turn|1\n|\n|t:|1700466219\n|switch|p2a: Weather War|Pelipper, F|100\/100\n|-weather|RainDance|[from] ability: Drizzle|[of] p2a: Weather War\n|move|p1b: Kleavor|Stone Axe|p2a: Weather War\n|-supereffective|p2a: Weather War\n|-damage|p2a: Weather War|20\/100\n|-sidestart|p2: mikeyuwu|move: Stealth Rock\n|move|p1a: Glimmora|Energy Ball|p2b: Harmacy\n|-supereffective|p2b: Harmacy\n|-damage|p2b: Harmacy|50\/100\n|move|p2b: Harmacy|Weather Ball|p1b: Kleavor\n|-supereffective|p1b: Kleavor\n|-damage|p1b: Kleavor|0 fnt\n|faint|p1b: Kleavor\n|\n|-weather|RainDance|[upkeep]\n|-heal|p2b: Harmacy|56\/100|[from] item: Leftovers\n|upkeep\n|\n|t:|1700466245\n|switch|p1b: Coalossal|Coalossal, M|100\/100\n|turn|2\n|\n|t:|1700466253\n|switch|p2a: OTLHPM|Toxicroak, M|100\/100\n|-damage|p2a: OTLHPM|94\/100|[from] Stealth Rock\n|-terastallize|p1b: Coalossal|Grass\n|move|p1a: Glimmora|Energy Ball|p2b: Harmacy\n|-supereffective|p2b: Harmacy\n|-damage|p2b: Harmacy|6\/100\n|move|p1b: Coalossal|Power Gem|p2a: OTLHPM\n|-resisted|p2a: OTLHPM\n|-damage|p2a: OTLHPM|80\/100\n|move|p2b: Harmacy|Weather Ball|p1a: Glimmora\n|-supereffective|p1a: Glimmora\n|-enditem|p1a: Glimmora|Focus Sash\n|-damage|p1a: Glimmora|1\/100\n|\n|-weather|RainDance|[upkeep]\n|-heal|p2a: OTLHPM|93\/100|[from] ability: Dry Skin\n|-heal|p2a: OTLHPM|99\/100|[from] item: Black Sludge\n|-heal|p2b: Harmacy|12\/100|[from] item: Leftovers\n|upkeep\n|turn|3\n|\n|t:|1700466284\n|switch|p1b: Garganacl|Garganacl, M|100\/100\n|switch|p2b: ThcrThnSnkr|Tyranitar, F|100\/100\n|-damage|p2b: ThcrThnSnkr|88\/100|[from] Stealth Rock\n|-weather|Sandstorm|[from] ability: Sand Stream|[of] p2b: ThcrThnSnkr\n|move|p1a: Glimmora|Spikes|p2b: ThcrThnSnkr\n|-sidestart|p2: mikeyuwu|Spikes\n|move|p2a: OTLHPM|Poison Jab|p1b: Garganacl\n|-resisted|p1b: Garganacl\n|-damage|p1b: Garganacl|88\/100\n|\n|-weather|Sandstorm|[upkeep]\n|-damage|p2a: OTLHPM|93\/100|[from] Sandstorm\n|-heal|p2a: OTLHPM|99\/100|[from] item: Black Sludge\n|upkeep\n|turn|4\n|\n|t:|1700466304\n|move|p1a: Glimmora|Energy Ball|p2b: ThcrThnSnkr\n|-supereffective|p2b: ThcrThnSnkr\n|-damage|p2b: ThcrThnSnkr|68\/100\n|move|p2a: OTLHPM|Drain Punch|p1b: Garganacl\n|-supereffective|p1b: Garganacl\n|-damage|p1b: Garganacl|34\/100\n|-heal|p2a: OTLHPM|100\/100|[from] drain|[of] p1b: Garganacl\n|move|p2b: ThcrThnSnkr|Rock Slide|p1b: Garganacl|[spread] p1a,p1b\n|-damage|p1a: Glimmora|0 fnt\n|-damage|p1b: Garganacl|18\/100\n|-activate|p1a: Glimmora|ability: Toxic Debris\n|-sidestart|p2: mikeyuwu|move: Toxic Spikes\n|faint|p1a: Glimmora\n|move|p1b: Garganacl|Iron Defense|p1b: Garganacl\n|-boost|p1b: Garganacl|def|2\n|\n|-weather|Sandstorm|[upkeep]\n|-damage|p2a: OTLHPM|94\/100|[from] Sandstorm\n|-heal|p2a: OTLHPM|100\/100|[from] item: Black Sludge\n|upkeep\n|\n|t:|1700466325\n|switch|p1a: Arcanine|Arcanine-Hisui, F|100\/100\n|turn|5\n|\n|t:|1700466335\n|switch|p2b: Weather War|Pelipper, F|20\/100\n|-weather|RainDance|[from] ability: Drizzle|[of] p2b: Weather War\n|move|p1a: Arcanine|Psychic Fangs|p2a: OTLHPM\n|-supereffective|p2a: OTLHPM\n|-damage|p2a: OTLHPM|0 fnt\n|faint|p2a: OTLHPM\n|move|p1b: Garganacl|Body Press|p2b: Weather War\n|-resisted|p2b: Weather War\n|-damage|p2b: Weather War|3\/100\n|\n|-weather|RainDance|[upkeep]\n|upkeep\n|\n|t:|1700466346\n|switch|p2a: Extra Spicy|Garchomp, M|100\/100\n|-damage|p2a: Extra Spicy|94\/100|[from] Stealth Rock\n|-damage|p2a: Extra Spicy|82\/100|[from] Spikes\n|-status|p2a: Extra Spicy|psn\n|turn|6\n|\n|t:|1700466369\n|move|p1a: Arcanine|Psychic Fangs|p2b: Weather War\n|-damage|p2b: Weather War|0 fnt\n|faint|p2b: Weather War\n|move|p2a: Extra Spicy|Earthquake|p1b: Garganacl|[spread] p1a,p1b\n|-supereffective|p1a: Arcanine\n|-supereffective|p1b: Garganacl\n|-damage|p1a: Arcanine|0 fnt\n|-damage|p1b: Garganacl|0 fnt\n|faint|p1a: Arcanine\n|faint|p1b: Garganacl\n|\n|-weather|RainDance|[upkeep]\n|-damage|p2a: Extra Spicy|70\/100 psn|[from] psn\n|upkeep\n|\n|t:|1700466381\n|switch|p1a: Tyranitar|Tyranitar, M|100\/100\n|switch|p2b: Harmacy|Vaporeon, F|12\/100\n|switch|p1b: Coalossal|Coalossal, M, tera:Grass|100\/100\n|-damage|p2b: Harmacy|0 fnt|[from] Stealth Rock\n|faint|p2b: Harmacy\n|-weather|Sandstorm|[from] ability: Sand Stream|[of] p1a: Tyranitar\n|\n|t:|1700466386\n|switch|p2b: ThcrThnSnkr|Tyranitar, F|68\/100\n|-damage|p2b: ThcrThnSnkr|56\/100|[from] Stealth Rock\n|-damage|p2b: ThcrThnSnkr|44\/100|[from] Spikes\n|-status|p2b: ThcrThnSnkr|psn\n|turn|7\n|\n|t:|1700466408\n|move|p2a: Extra Spicy|Brick Break|p1a: Tyranitar\n|-supereffective|p1a: Tyranitar\n|-damage|p1a: Tyranitar|29\/100\n|move|p1b: Coalossal|Tera Blast|p2a: Extra Spicy|[anim] Tera Blast Grass\n|-damage|p2a: Extra Spicy|48\/100 psn\n|move|p2b: ThcrThnSnkr|Knock Off|p1b: Coalossal\n|-damage|p1b: Coalossal|71\/100\n|-enditem|p1b: Coalossal|Absorb Bulb|[from] move: Knock Off|[of] p2b: ThcrThnSnkr\n|move|p1a: Tyranitar|Surf|p2b: ThcrThnSnkr|[spread] p1b,p2a,p2b\n|-resisted|p1b: Coalossal\n|-supereffective|p2b: ThcrThnSnkr\n|-damage|p1b: Coalossal|65\/100\n|-damage|p2a: Extra Spicy|36\/100 psn\n|-damage|p2b: ThcrThnSnkr|35\/100 psn\n|-ability|p1b: Coalossal|Steam Engine|boost\n|-boost|p1b: Coalossal|spe|6\n|\n|-weather|Sandstorm|[upkeep]\n|-damage|p1b: Coalossal|59\/100|[from] Sandstorm\n|-damage|p2a: Extra Spicy|24\/100 psn|[from] psn\n|-damage|p2b: ThcrThnSnkr|23\/100 psn|[from] psn\n|upkeep\n|turn|8\n|\n|t:|1700466450\n|move|p1b: Coalossal|Tera Blast|p2a: Extra Spicy|[anim] Tera Blast Grass\n|-damage|p2a: Extra Spicy|1\/100 psn\n|move|p2a: Extra Spicy|Brick Break|p1a: Tyranitar\n|-supereffective|p1a: Tyranitar\n|-damage|p1a: Tyranitar|0 fnt\n|faint|p1a: Tyranitar\n|move|p2b: ThcrThnSnkr|Rock Slide|p1b: Coalossal\n|-damage|p1b: Coalossal|37\/100\n|\n|-weather|Sandstorm|[upkeep]\n|-damage|p1b: Coalossal|31\/100|[from] Sandstorm\n|-damage|p2a: Extra Spicy|0 fnt|[from] psn\n|faint|p2a: Extra Spicy\n|-damage|p2b: ThcrThnSnkr|10\/100 psn|[from] psn\n|upkeep\n|\n|t:|1700466455\n|switch|p2a: Cold Shoulder|Abomasnow, M, shiny|100\/100\n|-damage|p2a: Cold Shoulder|76\/100|[from] Stealth Rock\n|-damage|p2a: Cold Shoulder|63\/100|[from] Spikes\n|-status|p2a: Cold Shoulder|psn\n|-weather|Snow|[from] ability: Snow Warning|[of] p2a: Cold Shoulder\n|turn|9\n|\n|t:|1700466471\n|-terastallize|p2a: Cold Shoulder|Water\n|move|p1b: Coalossal|Heat Wave|p2a: Cold Shoulder|[spread] p2a,p2b\n|-resisted|p2a: Cold Shoulder\n|-resisted|p2b: ThcrThnSnkr\n|-damage|p2a: Cold Shoulder|52\/100 psn\n|-damage|p2b: ThcrThnSnkr|6\/100 psn\n|move|p2a: Cold Shoulder|Blizzard|p1b: Coalossal\n|-supereffective|p1b: Coalossal\n|-damage|p1b: Coalossal|0 fnt\n|faint|p1b: Coalossal\n|\n|win|mikeyuwu\n|raw|DMartz64's rating: 1274 &rarr; <strong>1254<\/strong><br \/>(-20 for losing)\n|raw|mikeyuwu's rating: 1344 &rarr; <strong>1360<\/strong><br \/>(+16 for winning)\n|c|\u2606mikeyuwu|Gg\n|l|\u203dDMartz64\n","uploadtime":1700466493,"views":4,"p1id":"dmartz64","p2id":"mikeyuwu","formatid":"gen9doublesou","rating":1254,"private":0,"password":""}