{"id":"gen9doublesou-1971981875","p1":"Mbozzo11","p2":"Sargenbob","format":"[Gen 9] Doubles OU","log":"|j|\u2606Mbozzo11\n|j|\u2606Sargenbob\n|t:|1697801017\n|gametype|doubles\n|player|p1|Mbozzo11|2|1075\n|player|p2|Sargenbob|red|1149\n|teamsize|p1|6\n|teamsize|p2|6\n|gen|9\n|tier|[Gen 9] Doubles OU\n|rated|\n|rule|Species Clause: Limit one of each Pok\u00e9mon\n|rule|OHKO Clause: OHKO moves are banned\n|rule|Evasion Moves Clause: Evasion moves are banned\n|rule|Gravity Sleep Clause: The combination of sleep-inducing moves with imperfect accuracy and Gravity or Gigantamax Orbeetle are banned\n|rule|Endless Battle Clause: Forcing endless battles is banned\n|rule|HP Percentage Mod: HP is shown in percentages\n|clearpoke\n|poke|p1|Cinderace, F|\n|poke|p1|Cresselia, F|\n|poke|p1|Rotom-Wash|\n|poke|p1|Enamorus, F|\n|poke|p1|Pachirisu, F|\n|poke|p1|Corviknight, M|\n|poke|p2|Oranguru, F|\n|poke|p2|Torkoal, M|\n|poke|p2|Amoonguss, M|\n|poke|p2|Garganacl, M|\n|poke|p2|Toxapex, F|\n|poke|p2|Gothitelle, F|\n|teampreview\n|inactive|Battle timer is ON: inactive players will automatically lose when time's up. (requested by Sargenbob)\n|\n|t:|1697801024\n|start\n|switch|p1a: Pachirisu|Pachirisu, F|100\/100\n|switch|p1b: Rotom|Rotom-Wash, shiny|100\/100\n|switch|p2a: Donkey Kong|Oranguru, F, shiny|100\/100\n|switch|p2b: Rafael|Torkoal, M, shiny|100\/100\n|-weather|SunnyDay|[from] ability: Drought|[of] p2b: Rafael\n|turn|1\n|\n|t:|1697801040\n|move|p1a: Pachirisu|Helping Hand|p1b: Rotom\n|-singleturn|p1b: Rotom|Helping Hand|[of] p1a: Pachirisu\n|move|p2b: Rafael|Protect|p2b: Rafael\n|-singleturn|p2b: Rafael|Protect\n|move|p1b: Rotom|Hydro Pump|p2b: Rafael\n|-activate|p2b: Rafael|move: Protect\n|move|p2a: Donkey Kong|Trick Room|p2a: Donkey Kong\n|-fieldstart|move: Trick Room|[of] p2a: Donkey Kong\n|\n|-weather|SunnyDay|[upkeep]\n|upkeep\n|turn|2\n|\n|t:|1697801055\n|move|p1a: Pachirisu|Helping Hand|p1b: Rotom\n|-singleturn|p1b: Rotom|Helping Hand|[of] p1a: Pachirisu\n|move|p2b: Rafael|Eruption|p1a: Pachirisu|[spread] p1a,p1b\n|-resisted|p1b: Rotom\n|-damage|p1a: Pachirisu|9\/100\n|-damage|p1b: Rotom|40\/100\n|-enditem|p1a: Pachirisu|Aguav Berry|[eat]\n|-heal|p1a: Pachirisu|43\/100|[from] item: Aguav Berry\n|-enditem|p1b: Rotom|Sitrus Berry|[eat]\n|-heal|p1b: Rotom|65\/100|[from] item: Sitrus Berry\n|move|p2a: Donkey Kong|Instruct|p2b: Rafael\n|-singleturn|p2b: Rafael|move: Instruct|[of] p2a: Donkey Kong\n|move|p2b: Rafael|Eruption|p1b: Rotom|[spread] p1a,p1b\n|-resisted|p1b: Rotom\n|-damage|p1a: Pachirisu|0 fnt\n|-damage|p1b: Rotom|10\/100\n|faint|p1a: Pachirisu\n|move|p1b: Rotom|Hydro Pump|p2b: Rafael\n|-supereffective|p2b: Rafael\n|-damage|p2b: Rafael|4\/100\n|\n|-weather|SunnyDay|[upkeep]\n|upkeep\n|inactive|Mbozzo11 has 120 seconds left.\n|\n|t:|1697801083\n|switch|p1a: Corviknight|Corviknight, M|100\/100\n|-ability|p1a: Corviknight|Unnerve\n|turn|3\n|\n|t:|1697801103\n|move|p2b: Rafael|Heat Wave|p1a: Corviknight|[spread] p1a,p1b\n|-supereffective|p1a: Corviknight\n|-resisted|p1b: Rotom\n|-damage|p1a: Corviknight|0 fnt\n|-damage|p1b: Rotom|0 fnt\n|faint|p1a: Corviknight\n|faint|p1b: Rotom\n|move|p2a: Donkey Kong|Instruct|p2b: Rafael\n|-singleturn|p2b: Rafael|move: Instruct|[of] p2a: Donkey Kong\n|move|p2b: Rafael|Heat Wave|p1: Corviknight|[notarget]\n|-fail|p2b: Rafael\n|\n|-weather|SunnyDay|[upkeep]\n|upkeep\n|inactive|Mbozzo11 has 120 seconds left.\n|\n|t:|1697801116\n|switch|p1a: Cinderace|Cinderace, F|100\/100\n|switch|p1b: Cresselia|Cresselia, F|100\/100\n|turn|4\n|\n|t:|1697801127\n|move|p2b: Rafael|Heat Wave|p1b: Cresselia|[spread] p1a,p1b\n|-resisted|p1a: Cinderace\n|-damage|p1a: Cinderace|58\/100\n|-damage|p1b: Cresselia|70\/100\n|move|p2a: Donkey Kong|Instruct|p2b: Rafael\n|-singleturn|p2b: Rafael|move: Instruct|[of] p2a: Donkey Kong\n|move|p2b: Rafael|Heat Wave|p1a: Cinderace|[spread] p1a,p1b\n|-resisted|p1a: Cinderace\n|-damage|p1a: Cinderace|19\/100\n|-damage|p1b: Cresselia|39\/100\n|move|p1b: Cresselia|Moonblast|p2a: Donkey Kong\n|-damage|p2a: Donkey Kong|86\/100\n|-unboost|p2a: Donkey Kong|spa|1\n|move|p1a: Cinderace|U-turn|p2b: Rafael\n|-start|p1a: Cinderace|typechange|Bug|[from] ability: Libero\n|-resisted|p2b: Rafael\n|-damage|p2b: Rafael|0 fnt\n|faint|p2b: Rafael\n|-damage|p1a: Cinderace|9\/100|[from] item: Life Orb\n|inactive|Mbozzo11 has 120 seconds left.\n|\n|t:|1697801147\n|switch|p1a: Enamorus|Enamorus, F, shiny|100\/100|[from] U-turn\n|\n|-weather|SunnyDay|[upkeep]\n|upkeep\n|\n|t:|1697801153\n|switch|p2b: Stronghold|Garganacl, M|100\/100\n|turn|5\n|\n|t:|1697801161\n|move|p2a: Donkey Kong|Protect|p2a: Donkey Kong\n|-singleturn|p2a: Donkey Kong|Protect\n|move|p2b: Stronghold|Salt Cure|p1a: Enamorus\n|-supereffective|p1a: Enamorus\n|-damage|p1a: Enamorus|54\/100\n|-start|p1a: Enamorus|Salt Cure\n|move|p1b: Cresselia|Lunar Blessing|p1b: Cresselia|[spread] p1a,p1b\n|-heal|p1a: Enamorus|79\/100\n|-heal|p1b: Cresselia|64\/100\n|move|p1a: Enamorus|Earth Power|p2b: Stronghold\n|-supereffective|p2b: Stronghold\n|-crit|p2b: Stronghold\n|-damage|p2b: Stronghold|14\/100\n|\n|-weather|none\n|-heal|p2b: Stronghold|20\/100|[from] item: Leftovers\n|-damage|p1a: Enamorus|67\/100|[from] Salt Cure\n|-fieldend|move: Trick Room\n|upkeep\n|turn|6\n|\n|t:|1697801182\n|move|p1a: Enamorus|Earth Power|p2b: Stronghold\n|-supereffective|p2b: Stronghold\n|-damage|p2b: Stronghold|0 fnt\n|faint|p2b: Stronghold\n|move|p1b: Cresselia|Lunar Blessing|p1b: Cresselia|[spread] p1a,p1b\n|-heal|p1a: Enamorus|92\/100\n|-heal|p1b: Cresselia|89\/100\n|move|p2a: Donkey Kong|Trick Room|p2a: Donkey Kong\n|-fieldstart|move: Trick Room|[of] p2a: Donkey Kong\n|\n|-damage|p1a: Enamorus|79\/100|[from] Salt Cure\n|upkeep\n|\n|t:|1697801194\n|switch|p2b: Toad|Amoonguss, M, shiny|100\/100\n|turn|7\n|\n|t:|1697801212\n|-terastallize|p1a: Enamorus|Ground\n|move|p2a: Donkey Kong|Protect|p2a: Donkey Kong\n|-singleturn|p2a: Donkey Kong|Protect\n|move|p2b: Toad|Spore|p1b: Cresselia\n|-activate|p1b: Cresselia|item: Safety Goggles|Spore\n|move|p1b: Cresselia|Lunar Blessing|p1b: Cresselia|[spread] p1a,p1b\n|-heal|p1a: Enamorus|100\/100\n|-heal|p1b: Cresselia|100\/100\n|move|p1a: Enamorus|Sludge Bomb|p2a: Donkey Kong\n|-activate|p2a: Donkey Kong|move: Protect\n|\n|-damage|p1a: Enamorus|88\/100|[from] Salt Cure\n|upkeep\n|turn|8\n|\n|t:|1697801235\n|switch|p2a: Tank|Toxapex, F, shiny|100\/100\n|switch|p1a: Cinderace|Cinderace, F|9\/100\n|move|p2b: Toad|Spore|p1a: Cinderace\n|-status|p1a: Cinderace|slp|[from] move: Spore\n|move|p1b: Cresselia|Psychic|p2b: Toad\n|-supereffective|p2b: Toad\n|-damage|p2b: Toad|54\/100\n|-enditem|p2b: Toad|Eject Button\n|\n|t:|1697801245\n|switch|p2b: Donkey Kong|Oranguru, F, shiny|86\/100\n|\n|upkeep\n|turn|9\n|\n|t:|1697801256\n|cant|p1a: Cinderace|slp\n|move|p2a: Tank|Surf|p1b: Cresselia|[spread] p1a,p1b\n|-activate|p2b: Donkey Kong|ability: Telepathy\n|-supereffective|p1a: Cinderace\n|-damage|p1a: Cinderace|0 fnt\n|-damage|p1b: Cresselia|92\/100\n|faint|p1a: Cinderace\n|move|p2b: Donkey Kong|Psychic|p1b: Cresselia\n|-resisted|p1b: Cresselia\n|-damage|p1b: Cresselia|83\/100\n|move|p1b: Cresselia|Lunar Blessing|p1b: Cresselia\n|-heal|p1b: Cresselia|100\/100\n|\n|upkeep\n|\n|t:|1697801271\n|switch|p1a: Enamorus|Enamorus, F, shiny, tera:Ground|88\/100\n|turn|10\n|\n|t:|1697801280\n|move|p2b: Donkey Kong|Protect|p2b: Donkey Kong\n|-singleturn|p2b: Donkey Kong|Protect\n|move|p2a: Tank|Toxic|p1a: Enamorus\n|-status|p1a: Enamorus|tox\n|move|p1b: Cresselia|Lunar Blessing|p1b: Cresselia|[spread] p1a,p1b\n|-heal|p1a: Enamorus|100\/100 tox\n|-curestatus|p1a: Enamorus|tox|[msg]\n|move|p1a: Enamorus|Earth Power|p2a: Tank\n|-supereffective|p2a: Tank\n|-damage|p2a: Tank|23\/100\n|-unboost|p2a: Tank|spd|1\n|\n|-heal|p2a: Tank|29\/100|[from] item: Leftovers\n|-fieldend|move: Trick Room\n|upkeep\n|turn|11\n|\n|t:|1697801298\n|switch|p2a: Goth waifu|Gothitelle, F, shiny|100\/100\n|move|p1a: Enamorus|Sludge Bomb|p2b: Donkey Kong\n|-damage|p2b: Donkey Kong|64\/100\n|move|p1b: Cresselia|Lunar Blessing||[still]|[spread] \n|-fail|p1b: Cresselia\n|move|p2b: Donkey Kong|Trick Room|p2b: Donkey Kong\n|-fieldstart|move: Trick Room|[of] p2b: Donkey Kong\n|\n|upkeep\n|turn|12\n|\n|t:|1697801318\n|move|p2b: Donkey Kong|Psychic|p1a: Enamorus\n|-damage|p1a: Enamorus|72\/100\n|move|p2a: Goth waifu|Heal Pulse|p2b: Donkey Kong\n|-heal|p2b: Donkey Kong|100\/100\n|move|p1b: Cresselia|Lunar Blessing|p1b: Cresselia|[spread] p1a,p1b\n|-heal|p1a: Enamorus|96\/100\n|move|p1a: Enamorus|Sludge Bomb|p2a: Goth waifu\n|-damage|p2a: Goth waifu|76\/100\n|\n|upkeep\n|turn|13\n|\n|t:|1697801334\n|move|p2a: Goth waifu|Protect|p2a: Goth waifu\n|-singleturn|p2a: Goth waifu|Protect\n|move|p2b: Donkey Kong|Psychic|p1a: Enamorus\n|-damage|p1a: Enamorus|69\/100\n|move|p1b: Cresselia|Lunar Blessing|p1b: Cresselia|[spread] p1a,p1b\n|-heal|p1a: Enamorus|94\/100\n|move|p1a: Enamorus|Sludge Bomb|p2a: Goth waifu\n|-activate|p2a: Goth waifu|move: Protect\n|\n|upkeep\n|turn|14\n|\n|t:|1697801351\n|switch|p2a: Tank|Toxapex, F, shiny|62\/100\n|move|p2b: Donkey Kong|Psychic|p1a: Enamorus\n|-damage|p1a: Enamorus|66\/100\n|move|p1b: Cresselia|Ice Beam|p2a: Tank\n|-resisted|p2a: Tank\n|-damage|p2a: Tank|55\/100\n|move|p1a: Enamorus|Sludge Bomb|p2a: Tank\n|-resisted|p2a: Tank\n|-damage|p2a: Tank|41\/100\n|\n|-heal|p2a: Tank|47\/100|[from] item: Leftovers\n|upkeep\n|turn|15\n|\n|t:|1697801376\n|move|p2b: Donkey Kong|Protect|p2b: Donkey Kong\n|-singleturn|p2b: Donkey Kong|Protect\n|move|p2a: Tank|Toxic|p1b: Cresselia\n|-status|p1b: Cresselia|tox\n|move|p1b: Cresselia|Psychic|p2a: Tank\n|-supereffective|p2a: Tank\n|-damage|p2a: Tank|1\/100\n|move|p1a: Enamorus|Sludge Bomb|p2b: Donkey Kong\n|-activate|p2b: Donkey Kong|move: Protect\n|\n|-heal|p2a: Tank|8\/100|[from] item: Leftovers\n|-damage|p1b: Cresselia|94\/100 tox|[from] psn\n|-fieldend|move: Trick Room\n|upkeep\n|turn|16\n|\n|t:|1697801394\n|move|p1a: Enamorus|Sludge Bomb|p2b: Donkey Kong\n|-damage|p2b: Donkey Kong|76\/100\n|move|p1b: Cresselia|Psychic|p2a: Tank\n|-supereffective|p2a: Tank\n|-damage|p2a: Tank|0 fnt\n|faint|p2a: Tank\n|move|p2b: Donkey Kong|Trick Room|p2b: Donkey Kong\n|-fieldstart|move: Trick Room|[of] p2b: Donkey Kong\n|\n|-damage|p1b: Cresselia|82\/100 tox|[from] psn\n|upkeep\n|\n|t:|1697801400\n|switch|p2a: Toad|Amoonguss, M, shiny|88\/100\n|turn|17\n|\n|t:|1697801415\n|move|p2a: Toad|Spore|p1a: Enamorus\n|-status|p1a: Enamorus|slp|[from] move: Spore\n|move|p2b: Donkey Kong|Psychic|p1a: Enamorus\n|-damage|p1a: Enamorus|41\/100 slp\n|move|p1b: Cresselia|Ice Beam|p2b: Donkey Kong\n|-damage|p2b: Donkey Kong|63\/100\n|cant|p1a: Enamorus|slp\n|\n|-damage|p1b: Cresselia|64\/100 tox|[from] psn\n|upkeep\n|turn|18\n|\n|t:|1697801434\n|move|p2a: Toad|Foul Play|p1b: Cresselia\n|-supereffective|p1b: Cresselia\n|-damage|p1b: Cresselia|44\/100 tox\n|move|p2b: Donkey Kong|Psychic|p1a: Enamorus\n|-damage|p1a: Enamorus|15\/100 slp\n|move|p1b: Cresselia|Ice Beam|p2b: Donkey Kong\n|-damage|p2b: Donkey Kong|50\/100\n|cant|p1a: Enamorus|slp\n|\n|-damage|p1b: Cresselia|19\/100 tox|[from] psn\n|upkeep\n|turn|19\n|-message|Mbozzo11 forfeited.\n|\n|win|Sargenbob\n|raw|Mbozzo11's rating: 1075 &rarr; <strong>1058<\/strong><br \/>(-17 for losing)\n|raw|Sargenbob's rating: 1149 &rarr; <strong>1169<\/strong><br \/>(+20 for winning)\n|l|\u2606Mbozzo11\n|c|\u2606Sargenbob|gg\n","uploadtime":1697801455,"views":17,"p1id":"mbozzo11","p2id":"sargenbob","formatid":"gen9doublesou","rating":1058,"private":0,"password":""}