{"id":"gen9doublesou-1984925672","p1":"Apn2304","p2":"Paiyito","format":"[Gen 9] Doubles OU","log":"|j|\u2606Apn2304\n|j|\u2606Paiyito\n|t:|1699311445\n|gametype|doubles\n|player|p1|Apn2304|aaron|1052\n|player|p2|Paiyito|drayden|1132\n|teamsize|p1|6\n|teamsize|p2|6\n|gen|9\n|tier|[Gen 9] Doubles OU\n|rated|\n|rule|Species Clause: Limit one of each Pok\u00e9mon\n|rule|OHKO Clause: OHKO moves are banned\n|rule|Evasion Moves Clause: Evasion moves are banned\n|rule|Gravity Sleep Clause: The combination of sleep-inducing moves with imperfect accuracy and Gravity or Gigantamax Orbeetle are banned\n|rule|Endless Battle Clause: Forcing endless battles is banned\n|rule|HP Percentage Mod: HP is shown in percentages\n|clearpoke\n|poke|p1|Ninetales, M|\n|poke|p1|Shiftry, F|\n|poke|p1|Leavanny, M|\n|poke|p1|Brute Bonnet|\n|poke|p1|Sunflora, F|\n|poke|p1|Houndoom, M|\n|poke|p2|Farigiraf, F|\n|poke|p2|Ninetales-Alola, M|\n|poke|p2|Sinistcha-Masterpiece|\n|poke|p2|Kingambit, M|\n|poke|p2|Empoleon, M|\n|poke|p2|Tornadus, M|\n|teampreview\n|inactive|Battle timer is ON: inactive players will automatically lose when time's up. (requested by Apn2304)\n|\n|t:|1699311455\n|start\n|switch|p1a: Ninetales|Ninetales, M|100\/100\n|switch|p1b: Shiftry|Shiftry, F|100\/100\n|switch|p2a: Ninetales|Ninetales-Alola, M|100\/100\n|switch|p2b: Farigiraf|Farigiraf, F|100\/100\n|-weather|SunnyDay|[from] ability: Drought|[of] p1a: Ninetales\n|-weather|Snow|[from] ability: Snow Warning|[of] p2a: Ninetales\n|turn|1\n|\n|t:|1699311468\n|move|p2a: Ninetales|Protect|p2a: Ninetales\n|-singleturn|p2a: Ninetales|Protect\n|move|p1a: Ninetales|Sunny Day|p1a: Ninetales\n|-weather|SunnyDay\n|move|p1b: Shiftry|Swords Dance|p1b: Shiftry\n|-boost|p1b: Shiftry|atk|2\n|move|p2b: Farigiraf|Trick Room|p2b: Farigiraf\n|-fieldstart|move: Trick Room|[of] p2b: Farigiraf\n|\n|-weather|SunnyDay|[upkeep]\n|upkeep\n|turn|2\n|\n|t:|1699311483\n|move|p2b: Farigiraf|Dazzling Gleam|p1b: Shiftry|[spread] p1a,p1b\n|-resisted|p1a: Ninetales\n|-supereffective|p1b: Shiftry\n|-damage|p1a: Ninetales|90\/100\n|-damage|p1b: Shiftry|45\/100\n|move|p2a: Ninetales|Dazzling Gleam|p1b: Shiftry|[spread] p1a,p1b\n|-resisted|p1a: Ninetales\n|-supereffective|p1b: Shiftry\n|-damage|p1a: Ninetales|77\/100\n|-damage|p1b: Shiftry|0 fnt\n|faint|p1b: Shiftry\n|move|p1a: Ninetales|Encore|p2b: Farigiraf\n|-start|p2b: Farigiraf|Encore\n|\n|-weather|SunnyDay|[upkeep]\n|upkeep\n|\n|t:|1699311497\n|switch|p1b: Sunflora|Sunflora, F|100\/100\n|turn|3\n|\n|t:|1699311507\n|switch|p2a: Tornadus|Tornadus, M|100\/100\n|switch|p1a: Brute Bonnet|Brute Bonnet|100\/100\n|-activate|p1a: Brute Bonnet|ability: Protosynthesis\n|-start|p1a: Brute Bonnet|protosynthesisspd\n|move|p1b: Sunflora|Weather Ball|p2a: Tornadus\n|-enditem|p2a: Tornadus|Focus Sash\n|-damage|p2a: Tornadus|1\/100\n|move|p2b: Farigiraf|Dazzling Gleam|p1a: Brute Bonnet|[spread] p1a,p1b\n|-supereffective|p1a: Brute Bonnet\n|-damage|p1a: Brute Bonnet|85\/100\n|-damage|p1b: Sunflora|88\/100\n|\n|-weather|SunnyDay|[upkeep]\n|-damage|p1b: Sunflora|75\/100|[from] ability: Solar Power|[of] p1b: Sunflora\n|-heal|p1a: Brute Bonnet|91\/100|[from] item: Leftovers\n|upkeep\n|turn|4\n|\n|t:|1699311530\n|switch|p2a: Ninetales|Ninetales-Alola, M|100\/100\n|-weather|Snow|[from] ability: Snow Warning|[of] p2a: Ninetales\n|-end|p1a: Brute Bonnet|Protosynthesis\n|move|p1b: Sunflora|Dazzling Gleam|p2a: Ninetales|[spread] p2a,p2b\n|-damage|p2a: Ninetales|75\/100\n|-damage|p2b: Farigiraf|82\/100\n|move|p2b: Farigiraf|Dazzling Gleam|p1b: Sunflora|[spread] p1a,p1b\n|-supereffective|p1a: Brute Bonnet\n|-crit|p1a: Brute Bonnet\n|-damage|p1a: Brute Bonnet|58\/100\n|-damage|p1b: Sunflora|62\/100\n|move|p1a: Brute Bonnet|Lash Out|p2b: Farigiraf\n|-supereffective|p2b: Farigiraf\n|-damage|p2b: Farigiraf|27\/100\n|\n|-weather|Snow|[upkeep]\n|-heal|p1a: Brute Bonnet|64\/100|[from] item: Leftovers\n|upkeep\n|turn|5\n|\n|t:|1699311545\n|-end|p1a: Brute Bonnet|Protosynthesis|[silent]\n|switch|p1a: Ninetales|Ninetales, M|77\/100\n|-weather|SunnyDay|[from] ability: Drought|[of] p1a: Ninetales\n|move|p1b: Sunflora|Weather Ball|p2a: Ninetales\n|-supereffective|p2a: Ninetales\n|-damage|p2a: Ninetales|0 fnt\n|faint|p2a: Ninetales\n|move|p2b: Farigiraf|Dazzling Gleam|p1a: Ninetales|[spread] p1a,p1b\n|-resisted|p1a: Ninetales\n|-damage|p1a: Ninetales|66\/100\n|-damage|p1b: Sunflora|48\/100\n|\n|-weather|SunnyDay|[upkeep]\n|-damage|p1b: Sunflora|36\/100|[from] ability: Solar Power|[of] p1b: Sunflora\n|-end|p2b: Farigiraf|Encore\n|-fieldend|move: Trick Room\n|upkeep\n|\n|t:|1699311551\n|switch|p2a: Tornadus|Tornadus, M|1\/100\n|turn|6\n|\n|t:|1699311560\n|move|p2a: Tornadus|Taunt|p1a: Ninetales\n|-start|p1a: Ninetales|move: Taunt\n|cant|p1a: Ninetales|move: Taunt|Will-O-Wisp\n|move|p2b: Farigiraf|Hyper Voice|p1a: Ninetales|[spread] p1a,p1b\n|-damage|p1a: Ninetales|33\/100\n|-damage|p1b: Sunflora|13\/100\n|move|p1b: Sunflora|Dazzling Gleam|p2a: Tornadus|[spread] p2a,p2b\n|-damage|p2a: Tornadus|0 fnt\n|-damage|p2b: Farigiraf|1\/100\n|-enditem|p2b: Farigiraf|Aguav Berry|[eat]\n|-heal|p2b: Farigiraf|34\/100|[from] item: Aguav Berry\n|faint|p2a: Tornadus\n|\n|-weather|SunnyDay|[upkeep]\n|-damage|p1b: Sunflora|0 fnt|[from] ability: Solar Power|[of] p1b: Sunflora\n|faint|p1b: Sunflora\n|upkeep\n|\n|t:|1699311576\n|switch|p2a: Kingambit|Kingambit, M|100\/100\n|switch|p1b: Leavanny|Leavanny, M|100\/100\n|turn|7\n|\n|t:|1699311603\n|-terastallize|p2a: Kingambit|Dark\n|move|p1b: Leavanny|Helping Hand|p1a: Ninetales\n|-singleturn|p1a: Ninetales|Helping Hand|[of] p1b: Leavanny\n|move|p2a: Kingambit|Sucker Punch|p1a: Ninetales\n|-damage|p1a: Ninetales|0 fnt\n|faint|p1a: Ninetales\n|move|p2b: Farigiraf|Trick Room|p2b: Farigiraf\n|-fieldstart|move: Trick Room|[of] p2b: Farigiraf\n|\n|-weather|SunnyDay|[upkeep]\n|upkeep\n|\n|t:|1699311611\n|switch|p1a: Brute Bonnet|Brute Bonnet|64\/100\n|-activate|p1a: Brute Bonnet|ability: Protosynthesis\n|-start|p1a: Brute Bonnet|protosynthesisspd\n|turn|8\n|\n|t:|1699311621\n|move|p2a: Kingambit|Protect|p2a: Kingambit\n|-singleturn|p2a: Kingambit|Protect\n|move|p2b: Farigiraf|Dazzling Gleam|p1b: Leavanny|[spread] p1a,p1b\n|-supereffective|p1a: Brute Bonnet\n|-crit|p1b: Leavanny\n|-damage|p1a: Brute Bonnet|47\/100\n|-damage|p1b: Leavanny|63\/100\n|move|p1a: Brute Bonnet|Spore|p2a: Kingambit\n|-activate|p2a: Kingambit|move: Protect\n|move|p1b: Leavanny|X-Scissor|p2b: Farigiraf\n|-supereffective|p2b: Farigiraf\n|-damage|p2b: Farigiraf|0 fnt\n|faint|p2b: Farigiraf\n|\n|-weather|SunnyDay|[upkeep]\n|-heal|p1a: Brute Bonnet|54\/100|[from] item: Leftovers\n|upkeep\n|\n|t:|1699311633\n|switch|p2b: Empoleon|Empoleon, M|100\/100\n|turn|9\n|\n|t:|1699311644\n|move|p2a: Kingambit|Iron Head|p1a: Brute Bonnet\n|-damage|p1a: Brute Bonnet|23\/100\n|move|p1a: Brute Bonnet|Synthesis|p1a: Brute Bonnet\n|-heal|p1a: Brute Bonnet|90\/100\n|move|p2b: Empoleon|Blizzard|p1a: Brute Bonnet|[spread] p1a\n|-miss|p2b: Empoleon|p1b: Leavanny\n|-supereffective|p1a: Brute Bonnet\n|-damage|p1a: Brute Bonnet|65\/100\n|move|p1b: Leavanny|Leaf Blade|p2b: Empoleon\n|-damage|p2b: Empoleon|58\/100\n|\n|-weather|SunnyDay|[upkeep]\n|-heal|p1a: Brute Bonnet|71\/100|[from] item: Leftovers\n|-heal|p2b: Empoleon|64\/100|[from] item: Leftovers\n|upkeep\n|turn|10\n|\n|t:|1699311669\n|move|p2a: Kingambit|Iron Head|p1a: Brute Bonnet\n|-damage|p1a: Brute Bonnet|41\/100\n|cant|p1a: Brute Bonnet|flinch\n|move|p2b: Empoleon|Blizzard|p1a: Brute Bonnet|[spread] p1a,p1b\n|-supereffective|p1a: Brute Bonnet\n|-supereffective|p1b: Leavanny\n|-damage|p1a: Brute Bonnet|13\/100\n|-damage|p1b: Leavanny|0 fnt\n|faint|p1b: Leavanny\n|\n|-weather|SunnyDay|[upkeep]\n|-heal|p1a: Brute Bonnet|20\/100|[from] item: Leftovers\n|-heal|p2b: Empoleon|70\/100|[from] item: Leftovers\n|upkeep\n|\n|t:|1699311678\n|switch|p1b: Houndoom|Houndoom, M|100\/100\n|turn|11\n|\n|t:|1699311685\n|move|p2a: Kingambit|Iron Head|p1a: Brute Bonnet\n|-damage|p1a: Brute Bonnet|0 fnt\n|faint|p1a: Brute Bonnet\n|-end|p1a: Brute Bonnet|Protosynthesis|[silent]\n|move|p2b: Empoleon|Hydro Pump|p1b: Houndoom\n|-supereffective|p1b: Houndoom\n|-damage|p1b: Houndoom|17\/100\n|move|p1b: Houndoom|Nasty Plot|p1b: Houndoom\n|-boost|p1b: Houndoom|spa|2\n|\n|-weather|SunnyDay|[upkeep]\n|-heal|p2b: Empoleon|76\/100|[from] item: Leftovers\n|-fieldend|move: Trick Room\n|upkeep\n|turn|12\n|\n|t:|1699311701\n|-terastallize|p1b: Houndoom|Fire\n|move|p1b: Houndoom|Flamethrower|p2b: Empoleon\n|-damage|p2b: Empoleon|0 fnt\n|faint|p2b: Empoleon\n|move|p2a: Kingambit|Iron Head|p1b: Houndoom\n|-resisted|p1b: Houndoom\n|-damage|p1b: Houndoom|0 fnt\n|faint|p1b: Houndoom\n|\n|win|Paiyito\n|raw|Apn2304's rating: 1052 &rarr; <strong>1038<\/strong><br \/>(-14 for losing)\n|raw|Paiyito's rating: 1132 &rarr; <strong>1151<\/strong><br \/>(+19 for winning)\n|l|\u2606Apn2304\n","uploadtime":1699311718,"views":8,"p1id":"apn2304","p2id":"paiyito","formatid":"gen9doublesou","rating":1038,"private":0,"password":""}