{"id":"gen9doublesou-1999859064","p1":"MattCol","p2":"gonegeb","format":"[Gen 9] Doubles OU","log":"|j|\u2606MattCol\n|j|\u2606gonegeb\n|t:|1701123530\n|gametype|doubles\n|player|p1|MattCol|170|\n|player|p2|gonegeb|alain|\n|teamsize|p1|6\n|teamsize|p2|6\n|gen|9\n|tier|[Gen 9] Doubles OU\n|rule|Species Clause: Limit one of each Pok\u00e9mon\n|rule|OHKO Clause: OHKO moves are banned\n|rule|Evasion Moves Clause: Evasion moves are banned\n|rule|Gravity Sleep Clause: The combination of sleep-inducing moves with imperfect accuracy and Gravity or Gigantamax Orbeetle are banned\n|rule|Endless Battle Clause: Forcing endless battles is banned\n|rule|HP Percentage Mod: HP is shown in percentages\n|clearpoke\n|poke|p1|Quaquaval, M|\n|poke|p1|Baxcalibur, M|\n|poke|p1|Cinderace, M|\n|poke|p1|Slowbro-Galar, F|\n|poke|p1|Zarude-Dada|\n|poke|p1|Pelipper, M|\n|poke|p2|Lucario, M|\n|poke|p2|Umbreon, M|\n|poke|p2|Arcanine, F|\n|poke|p2|Maushold|\n|poke|p2|Ceruledge, M|\n|poke|p2|Torkoal, M|\n|teampreview\n|\n|t:|1701123536\n|start\n|switch|p1a: Cinderace|Cinderace, M|100\/100\n|switch|p1b: Slowbro|Slowbro-Galar, F|100\/100\n|switch|p2a: Ceruledge|Ceruledge, M, shiny|100\/100\n|switch|p2b: Torkoal|Torkoal, M, shiny|100\/100\n|-weather|SunnyDay|[from] ability: Drought|[of] p2b: Torkoal\n|turn|1\n|l|\u2606gonegeb\n|player|p2|\n|j|\u2606gonegeb\n|player|p2|gonegeb|alain\n|\n|t:|1701123641\n|switch|p2b: Arcanine|Arcanine, F, shiny|100\/100\n|-ability|p2b: Arcanine|Intimidate|boost\n|-unboost|p1a: Cinderace|atk|1\n|-unboost|p1b: Slowbro|atk|1\n|-terastallize|p2a: Ceruledge|Water\n|move|p1a: Cinderace|Taunt|p2a: Ceruledge\n|-start|p1a: Cinderace|typechange|Dark|[from] ability: Libero\n|-start|p2a: Ceruledge|move: Taunt\n|move|p2a: Ceruledge|Bitter Blade|p1b: Slowbro\n|-damage|p1b: Slowbro|48\/100\n|move|p1b: Slowbro|Nasty Plot|p1b: Slowbro\n|-boost|p1b: Slowbro|spa|2\n|\n|-weather|SunnyDay|[upkeep]\n|upkeep\n|turn|2\n|\n|t:|1701123685\n|switch|p1b: Pelipper|Pelipper, M|100\/100\n|-weather|RainDance|[from] ability: Drizzle|[of] p1b: Pelipper\n|move|p1a: Cinderace|U-turn|p2a: Ceruledge\n|-damage|p2a: Ceruledge|80\/100\n|-damage|p1a: Cinderace|91\/100|[from] item: Life Orb\n|\n|t:|1701123695\n|switch|p1a: Zarude|Zarude-Dada|100\/100|[from] U-turn\n|move|p2b: Arcanine|Flare Blitz|p1a: Zarude\n|-supereffective|p1a: Zarude\n|-damage|p1a: Zarude|58\/100\n|-damage|p2b: Arcanine|87\/100|[from] Recoil\n|move|p2a: Ceruledge|Bitter Blade|p1b: Pelipper\n|-resisted|p1b: Pelipper\n|-damage|p1b: Pelipper|91\/100\n|-heal|p2a: Ceruledge|84\/100|[from] drain|[of] p1b: Pelipper\n|\n|-weather|RainDance|[upkeep]\n|upkeep\n|turn|3\n|\n|t:|1701123716\n|switch|p2b: Torkoal|Torkoal, M, shiny|100\/100\n|-weather|SunnyDay|[from] ability: Drought|[of] p2b: Torkoal\n|move|p1a: Zarude|Giga Drain|p2a: Ceruledge\n|-supereffective|p2a: Ceruledge\n|-damage|p2a: Ceruledge|46\/100\n|-heal|p1a: Zarude|77\/100|[from] drain|[of] p2a: Ceruledge\n|-enditem|p2a: Ceruledge|Weakness Policy\n|-boost|p2a: Ceruledge|atk|2|[from] item: Weakness Policy\n|-boost|p2a: Ceruledge|spa|2|[from] item: Weakness Policy\n|move|p2a: Ceruledge|Bitter Blade|p1a: Zarude\n|-supereffective|p1a: Zarude\n|-damage|p1a: Zarude|0 fnt\n|-heal|p2a: Ceruledge|84\/100|[from] drain|[of] p1a: Zarude\n|faint|p1a: Zarude\n|move|p1b: Pelipper|Tailwind|p1b: Pelipper\n|-sidestart|p1: MattCol|move: Tailwind\n|\n|-weather|SunnyDay|[upkeep]\n|-end|p2a: Ceruledge|move: Taunt\n|upkeep\n|c|\u2606MattCol|I thought that would be cooler\n|c|\u2606gonegeb|it was pretty cool man\n|c|\u2606gonegeb|dont worry\n|l|\u2606gonegeb\n|player|p2|\n|\n|t:|1701123762\n|switch|p1a: Quaquaval|Quaquaval, M|100\/100\n|turn|4\n|j|\u2606gonegeb\n|player|p2|gonegeb|alain\n|\n|t:|1701123778\n|move|p1a: Quaquaval|Bulk Up|p1a: Quaquaval\n|-boost|p1a: Quaquaval|atk|1\n|-boost|p1a: Quaquaval|def|1\n|move|p1b: Pelipper|Rain Dance|p1b: Pelipper\n|-weather|RainDance\n|move|p2a: Ceruledge|Bitter Blade|p1a: Quaquaval\n|-resisted|p1a: Quaquaval\n|-damage|p1a: Quaquaval|84\/100\n|-heal|p2a: Ceruledge|91\/100|[from] drain|[of] p1a: Quaquaval\n|move|p2b: Torkoal|Lava Plume|p1a: Quaquaval|[spread] p1a,p1b\n|-start|p2a: Ceruledge|ability: Flash Fire\n|-resisted|p1a: Quaquaval\n|-resisted|p1b: Pelipper\n|-damage|p1a: Quaquaval|76\/100\n|-damage|p1b: Pelipper|82\/100\n|\n|-weather|RainDance|[upkeep]\n|-heal|p1a: Quaquaval|82\/100|[from] item: Leftovers\n|upkeep\n|turn|5\n|l|\u2606MattCol\n|player|p1|\n|j|\u2606MattCol\n|player|p1|MattCol|170\n|c|\u2606MattCol|Time 4 lunch :)\n|\n|t:|1701124103\n|switch|p2b: Arcanine|Arcanine, F, shiny|87\/100\n|-ability|p2b: Arcanine|Intimidate|boost\n|-unboost|p1a: Quaquaval|atk|1\n|-unboost|p1b: Pelipper|atk|1\n|move|p2a: Ceruledge|Protect|p2a: Ceruledge\n|-singleturn|p2a: Ceruledge|Protect\n|move|p1a: Quaquaval|Close Combat|p2a: Ceruledge\n|-activate|p2a: Ceruledge|move: Protect\n|move|p1b: Pelipper|Hurricane|p2a: Ceruledge\n|-activate|p2a: Ceruledge|move: Protect\n|\n|-weather|RainDance|[upkeep]\n|-heal|p1a: Quaquaval|88\/100|[from] item: Leftovers\n|upkeep\n|turn|6\n|\n|t:|1701124146\n|move|p1a: Quaquaval|Bulk Up|p1a: Quaquaval\n|-boost|p1a: Quaquaval|atk|1\n|-boost|p1a: Quaquaval|def|1\n|move|p1b: Pelipper|Rain Dance||[still]\n|-fail|p1b: Pelipper\n|move|p2b: Arcanine|Sunny Day|p2b: Arcanine\n|-weather|SunnyDay\n|move|p2a: Ceruledge|Bitter Blade|p1a: Quaquaval\n|-resisted|p1a: Quaquaval\n|-damage|p1a: Quaquaval|37\/100\n|-heal|p2a: Ceruledge|100\/100|[from] drain|[of] p1a: Quaquaval\n|\n|-weather|SunnyDay|[upkeep]\n|-heal|p1a: Quaquaval|43\/100|[from] item: Leftovers\n|-sideend|p1: MattCol|move: Tailwind\n|upkeep\n|turn|7\n|c|\u2606gonegeb|crazy read\n|c|\u2606gonegeb|this is a battle of galaxy brains\n|c|\u2606MattCol|Dude I was trying to read u and I forgot about tailwa\n|c|\u2606MattCol|im gonna kms\n|\n|t:|1701124984\n|switch|p2b: Umbreon|Umbreon, M, shiny|100\/100\n|move|p1a: Quaquaval|Bulk Up|p1a: Quaquaval\n|-boost|p1a: Quaquaval|atk|1\n|-boost|p1a: Quaquaval|def|1\n|move|p2a: Ceruledge|Bitter Blade|p1a: Quaquaval\n|-resisted|p1a: Quaquaval\n|-damage|p1a: Quaquaval|0 fnt\n|faint|p1a: Quaquaval\n|move|p1b: Pelipper|Rain Dance|p1b: Pelipper\n|-weather|RainDance\n|\n|-weather|RainDance|[upkeep]\n|upkeep\n|c|\u2606MattCol|No way\n|\n|t:|1701125021\n|switch|p1a: Baxcalibur|Baxcalibur, M|100\/100\n|turn|8\n|\n|t:|1701125052\n|-terastallize|p1a: Baxcalibur|Ground\n|move|p2a: Ceruledge|Protect|p2a: Ceruledge\n|-singleturn|p2a: Ceruledge|Protect\n|move|p1a: Baxcalibur|Icicle Spear|p2a: Ceruledge\n|-activate|p2a: Ceruledge|move: Protect\n|move|p2b: Umbreon|Toxic|p1b: Pelipper\n|-status|p1b: Pelipper|tox\n|move|p1b: Pelipper|Tailwind|p1b: Pelipper\n|-sidestart|p1: MattCol|move: Tailwind\n|\n|-weather|RainDance|[upkeep]\n|-damage|p1b: Pelipper|75\/100 tox|[from] psn\n|upkeep\n|turn|9\n|\n|t:|1701125086\n|switch|p2b: Torkoal|Torkoal, M, shiny|100\/100\n|-weather|SunnyDay|[from] ability: Drought|[of] p2b: Torkoal\n|move|p1a: Baxcalibur|Earthquake|p2b: Torkoal|[spread] p2a,p2b\n|-immune|p1b: Pelipper\n|-supereffective|p2b: Torkoal\n|-damage|p2a: Ceruledge|50\/100\n|-damage|p2b: Torkoal|40\/100\n|move|p1b: Pelipper|Hydro Pump|p2b: Torkoal|[miss]\n|-miss|p1b: Pelipper|p2b: Torkoal\n|move|p2a: Ceruledge|Bitter Blade|p1a: Baxcalibur\n|-damage|p1a: Baxcalibur|0 fnt\n|-heal|p2a: Ceruledge|100\/100|[from] drain|[of] p1a: Baxcalibur\n|faint|p1a: Baxcalibur\n|\n|-weather|SunnyDay|[upkeep]\n|-damage|p1b: Pelipper|63\/100 tox|[from] psn\n|upkeep\n|c|\u2606gonegeb|yummy\n|\n|t:|1701125112\n|switch|p1a: Slowbro|Slowbro-Galar, F|48\/100\n|turn|10\n|c|\u2606MattCol|Y me\n|\n|t:|1701125209\n|switch|p2b: Umbreon|Umbreon, M, shiny|100\/100\n|move|p2a: Ceruledge|Shadow Sneak|p1a: Slowbro\n|-supereffective|p1a: Slowbro\n|-damage|p1a: Slowbro|0 fnt\n|faint|p1a: Slowbro\n|move|p1b: Pelipper|Rain Dance|p1b: Pelipper\n|-weather|RainDance\n|\n|-weather|RainDance|[upkeep]\n|-damage|p1b: Pelipper|44\/100 tox|[from] psn\n|upkeep\n|\n|t:|1701125220\n|switch|p1a: Cinderace|Cinderace, M|91\/100\n|turn|11\n|\n|t:|1701125232\n|switch|p2b: Torkoal|Torkoal, M, shiny|40\/100\n|-weather|SunnyDay|[from] ability: Drought|[of] p2b: Torkoal\n|move|p1a: Cinderace|High Jump Kick|p2a: Ceruledge\n|-start|p1a: Cinderace|typechange|Fighting|[from] ability: Libero\n|-damage|p2a: Ceruledge|9\/100\n|-damage|p1a: Cinderace|81\/100|[from] item: Life Orb\n|move|p1b: Pelipper|Hydro Pump|p2a: Ceruledge|[miss]\n|-miss|p1b: Pelipper|p2a: Ceruledge\n|move|p2a: Ceruledge|Bitter Blade|p1a: Cinderace\n|-damage|p1a: Cinderace|0 fnt\n|-heal|p2a: Ceruledge|43\/100|[from] drain|[of] p1a: Cinderace\n|faint|p1a: Cinderace\n|\n|-weather|SunnyDay|[upkeep]\n|-damage|p1b: Pelipper|20\/100 tox|[from] psn\n|-sideend|p1: MattCol|move: Tailwind\n|upkeep\n|turn|12\n|c|\u2606MattCol|That one hurt\n|c|\u2606gonegeb|these last two were so insane\n|c|\u2606gonegeb|very proud to call you my greatest competition\n|\n|t:|1701125341\n|move|p2a: Ceruledge|Protect|p2a: Ceruledge\n|-singleturn|p2a: Ceruledge|Protect\n|move|p2b: Torkoal|Protect|p2b: Torkoal\n|-singleturn|p2b: Torkoal|Protect\n|move|p1b: Pelipper|Rain Dance|p1b: Pelipper\n|-weather|RainDance\n|\n|-weather|RainDance|[upkeep]\n|-damage|p1b: Pelipper|0 fnt|[from] psn\n|faint|p1b: Pelipper\n|\n|win|gonegeb\n|upkeep\n|c|\u2606gonegeb|with dignity at the very least\n|l|\u2606MattCol\n","uploadtime":1701125385,"views":4,"p1id":"mattcol","p2id":"gonegeb","formatid":"gen9doublesou","rating":0,"private":0,"password":""}