{"id":"gen9doublesou-1977364119","p1":"Chunkyallday","p2":"DTInstincts","format":"[Gen 9] Doubles OU","log":"|j|\u2606Chunkyallday\n|j|\u2606DTInstincts\n|t:|1698410064\n|gametype|doubles\n|player|p1|Chunkyallday|winona|1224\n|player|p2|DTInstincts|lucas-gen4pt|1129\n|teamsize|p1|6\n|teamsize|p2|6\n|gen|9\n|tier|[Gen 9] Doubles OU\n|rated|\n|rule|Species Clause: Limit one of each Pok\u00e9mon\n|rule|OHKO Clause: OHKO moves are banned\n|rule|Evasion Moves Clause: Evasion moves are banned\n|rule|Gravity Sleep Clause: The combination of sleep-inducing moves with imperfect accuracy and Gravity or Gigantamax Orbeetle are banned\n|rule|Endless Battle Clause: Forcing endless battles is banned\n|rule|HP Percentage Mod: HP is shown in percentages\n|clearpoke\n|poke|p1|Amoonguss, F|\n|poke|p1|Sableye, M|\n|poke|p1|Heatran, M|\n|poke|p1|Rillaboom, M|\n|poke|p1|Flutter Mane|\n|poke|p1|Manaphy|\n|poke|p2|Pelipper, F|\n|poke|p2|Basculegion-F, F|\n|poke|p2|Empoleon, M|\n|poke|p2|Amoonguss, M|\n|poke|p2|Gastrodon-East, F|\n|poke|p2|Milotic, F|\n|teampreview\n|inactive|Battle timer is ON: inactive players will automatically lose when time's up. (requested by DTInstincts)\n|\n|t:|1698410074\n|start\n|switch|p1a: Sableye|Sableye, M|100\/100\n|switch|p1b: Amoonguss|Amoonguss, F|100\/100\n|switch|p2a: Pelipper|Pelipper, F|100\/100\n|switch|p2b: Gastrodon|Gastrodon-East, F|100\/100\n|-weather|RainDance|[from] ability: Drizzle|[of] p2a: Pelipper\n|turn|1\n|j| skonk\n|c| skonk|hello there chaps\n|c| skonk|lets all have fun\n|\n|t:|1698410100\n|move|p1a: Sableye|Fake Out|p2a: Pelipper\n|-damage|p2a: Pelipper|93\/100\n|cant|p2a: Pelipper|flinch\n|move|p2b: Gastrodon|Stealth Rock|p1b: Amoonguss\n|-sidestart|p1: Chunkyallday|move: Stealth Rock\n|move|p1b: Amoonguss|Spore|p2b: Gastrodon\n|-status|p2b: Gastrodon|slp|[from] move: Spore\n|\n|-weather|RainDance|[upkeep]\n|upkeep\n|turn|2\n|\n|t:|1698410128\n|switch|p2b: Milotic|Milotic, F|100\/100\n|move|p1a: Sableye|Skill Swap|p1b: Amoonguss\n|-activate|p1a: Sableye|move: Skill Swap|||[of] p1b: Amoonguss\n|move|p1b: Amoonguss|Spore|p2a: Pelipper\n|-status|p2a: Pelipper|slp|[from] move: Spore\n|cant|p2a: Pelipper|slp\n|\n|-weather|RainDance|[upkeep]\n|upkeep\n|turn|3\n|c|\u2606DTInstincts|no sleep clause?\n|c|\u2606Chunkyallday|nope\n|c|\u2606DTInstincts|wtf?\n|c|\u2606DTInstincts|thats op\n|inactive|DTInstincts has 120 seconds left.\n|\n|t:|1698410170\n|move|p1b: Amoonguss|Spore|p2b: Milotic\n|-status|p2b: Milotic|slp|[from] move: Spore\n|cant|p2b: Milotic|slp\n|cant|p2a: Pelipper|slp\n|move|p1a: Sableye|Skill Swap|p2b: Milotic\n|-activate|p1a: Sableye|move: Skill Swap|Competitive|Regenerator|[of] p2b: Milotic\n|\n|-weather|RainDance|[upkeep]\n|upkeep\n|turn|4\n|c|\u2606DTInstincts|this is insanely dumb\n|l|\u2606Chunkyallday\n|inactive|Chunkyallday disconnected and has a minute to reconnect!\n|player|p1|\n|inactive|DTInstincts has 120 seconds left.\n|inactive|Chunkyallday has 30 seconds to reconnect!\n|inactive|Chunkyallday has 20 seconds to reconnect!\n|j|\u2606Chunkyallday\n|inactive|Chunkyallday reconnected and has 105 seconds left.\n|player|p1|Chunkyallday|winona\n|\n|t:|1698410224\n|move|p1b: Amoonguss|Substitute|p1b: Amoonguss\n|-start|p1b: Amoonguss|Substitute\n|-damage|p1b: Amoonguss|76\/100\n|-curestatus|p2b: Milotic|slp|[msg]\n|move|p2b: Milotic|Scald|p1a: Sableye\n|-damage|p1a: Sableye|36\/100\n|-curestatus|p2a: Pelipper|slp|[msg]\n|move|p2a: Pelipper|Hurricane|p1b: Amoonguss\n|-supereffective|p1b: Amoonguss\n|-end|p1b: Amoonguss|Substitute\n|move|p1a: Sableye|Knock Off|p2b: Milotic\n|-damage|p2b: Milotic|83\/100\n|-enditem|p2b: Milotic|Mago Berry|[from] move: Knock Off|[of] p1a: Sableye\n|\n|-weather|RainDance|[upkeep]\n|-heal|p1b: Amoonguss|82\/100|[from] item: Leftovers\n|upkeep\n|turn|5\n|inactive|Chunkyallday has 120 seconds left.\n|\n|t:|1698410242\n|move|p1b: Amoonguss|Spore|p2a: Pelipper\n|-status|p2a: Pelipper|slp|[from] move: Spore\n|move|p2b: Milotic|Scald|p1a: Sableye\n|-damage|p1a: Sableye|0 fnt\n|faint|p1a: Sableye\n|cant|p2a: Pelipper|slp\n|\n|-weather|RainDance|[upkeep]\n|-heal|p1b: Amoonguss|88\/100|[from] item: Leftovers\n|upkeep\n|\n|t:|1698410250\n|switch|p1a: Manaphy|Manaphy|100\/100\n|-damage|p1a: Manaphy|88\/100|[from] Stealth Rock\n|turn|6\n|\n|t:|1698410262\n|move|p1b: Amoonguss|Spore|p2b: Milotic\n|-status|p2b: Milotic|slp|[from] move: Spore\n|move|p1a: Manaphy|Substitute|p1a: Manaphy\n|-start|p1a: Manaphy|Substitute\n|-damage|p1a: Manaphy|63\/100\n|cant|p2b: Milotic|slp\n|cant|p2a: Pelipper|slp\n|\n|-weather|RainDance|[upkeep]\n|-heal|p1a: Manaphy|69\/100|[from] item: Leftovers\n|-heal|p1b: Amoonguss|94\/100|[from] item: Leftovers\n|upkeep\n|turn|7\n|c|\u2606DTInstincts|crazy stupid\n|\n|t:|1698410278\n|move|p1b: Amoonguss|Substitute|p1b: Amoonguss\n|-start|p1b: Amoonguss|Substitute\n|-damage|p1b: Amoonguss|69\/100\n|move|p1a: Manaphy|Tail Glow|p1a: Manaphy\n|-boost|p1a: Manaphy|spa|3\n|cant|p2b: Milotic|slp\n|-curestatus|p2a: Pelipper|slp|[msg]\n|move|p2a: Pelipper|Hurricane|p1b: Amoonguss\n|-supereffective|p1b: Amoonguss\n|-end|p1b: Amoonguss|Substitute\n|\n|-weather|RainDance|[upkeep]\n|-heal|p1a: Manaphy|76\/100|[from] item: Leftovers\n|-heal|p1b: Amoonguss|75\/100|[from] item: Leftovers\n|upkeep\n|turn|8\n|c|\u2606Chunkyallday|sorry man\n|c|\u2606DTInstincts|why did they change this\n|\n|t:|1698410294\n|move|p1b: Amoonguss|Spore|p2a: Pelipper\n|-status|p2a: Pelipper|slp|[from] move: Spore\n|move|p1a: Manaphy|Tail Glow|p1a: Manaphy\n|-boost|p1a: Manaphy|spa|3\n|cant|p2b: Milotic|slp\n|cant|p2a: Pelipper|slp\n|\n|-weather|none\n|-heal|p1a: Manaphy|82\/100|[from] item: Leftovers\n|-heal|p1b: Amoonguss|81\/100|[from] item: Leftovers\n|upkeep\n|turn|9\n|c|\u2606Chunkyallday|I think sleep clause is only in singles\n|\n|t:|1698410315\n|move|p1b: Amoonguss|Substitute|p1b: Amoonguss\n|-start|p1b: Amoonguss|Substitute\n|-damage|p1b: Amoonguss|56\/100\n|move|p1a: Manaphy|Stored Power|p2a: Pelipper\n|-damage|p2a: Pelipper|0 fnt\n|faint|p2a: Pelipper\n|-curestatus|p2b: Milotic|slp|[msg]\n|move|p2b: Milotic|Scald|p1b: Amoonguss\n|-resisted|p1b: Amoonguss\n|-activate|p1b: Amoonguss|move: Substitute|[damage]\n|\n|-heal|p1a: Manaphy|88\/100|[from] item: Leftovers\n|-heal|p1b: Amoonguss|62\/100|[from] item: Leftovers\n|upkeep\n|c|\u2606DTInstincts|wasnt like that\n|l| skonk\n|n|!DTInstincts|dtinstincts\n|\n|t:|1698410339\n|switch|p2a: Amoonguss|Amoonguss, M|100\/100\n|turn|10\n|\n|t:|1698410350\n|move|p1b: Amoonguss|Spore|p2b: Milotic\n|-status|p2b: Milotic|slp|[from] move: Spore\n|move|p1a: Manaphy|Stored Power|p2a: Amoonguss\n|-supereffective|p2a: Amoonguss\n|-damage|p2a: Amoonguss|0 fnt\n|faint|p2a: Amoonguss\n|cant|p2b: Milotic|slp\n|\n|-heal|p1a: Manaphy|94\/100|[from] item: Leftovers\n|-heal|p1b: Amoonguss|68\/100|[from] item: Leftovers\n|upkeep\n|-message|DTInstincts forfeited.\n|\n|win|Chunkyallday\n|raw|Chunkyallday's rating: 1224 &rarr; <strong>1242<\/strong><br \/>(+18 for winning)\n|raw|DTInstincts's rating: 1129 &rarr; <strong>1111<\/strong><br \/>(-18 for losing)\n|l|!DTInstincts\n","uploadtime":1698410327,"views":27,"p1id":"chunkyallday","p2id":"dtinstincts","formatid":"gen9doublesou","rating":1111,"private":0,"password":""}