{"id":"gen9doublesou-1987163413","p1":"Kssc","p2":"Kyukutsu","format":"[Gen 9] Doubles OU","log":"|j|\u2606Kssc\n|j|\u2606Kyukutsu\n|t:|1699561375\n|gametype|doubles\n|player|p1|Kssc|2|1521\n|player|p2|Kyukutsu|chuck|1559\n|teamsize|p1|6\n|teamsize|p2|6\n|gen|9\n|tier|[Gen 9] Doubles OU\n|rated|\n|rule|Species Clause: Limit one of each Pok\u00e9mon\n|rule|OHKO Clause: OHKO moves are banned\n|rule|Evasion Moves Clause: Evasion moves are banned\n|rule|Gravity Sleep Clause: The combination of sleep-inducing moves with imperfect accuracy and Gravity or Gigantamax Orbeetle are banned\n|rule|Endless Battle Clause: Forcing endless battles is banned\n|rule|HP Percentage Mod: HP is shown in percentages\n|clearpoke\n|poke|p1|Tornadus, M|\n|poke|p1|Rillaboom, F|\n|poke|p1|Flutter Mane|\n|poke|p1|Ogerpon-Hearthflame, F|\n|poke|p1|Heatran, M|\n|poke|p1|Chien-Pao|\n|poke|p2|Tyranitar, F|\n|poke|p2|Heatran, F|\n|poke|p2|Houndstone, F|\n|poke|p2|Amoonguss, M|\n|poke|p2|Gastrodon-East, F|\n|poke|p2|Cresselia, F|\n|teampreview\n|inactive|Battle timer is ON: inactive players will automatically lose when time's up. (requested by Kssc)\n|\n|t:|1699561398\n|start\n|switch|p1a: Rillaboom|Rillaboom, F|100\/100\n|switch|p1b: Chien-Pao|Chien-Pao|100\/100\n|switch|p2a: Tyranitar|Tyranitar, F|100\/100\n|switch|p2b: Cresselia|Cresselia, F|100\/100\n|-ability|p1b: Chien-Pao|Sword of Ruin\n|-fieldstart|move: Grassy Terrain|[from] ability: Grassy Surge|[of] p1a: Rillaboom\n|-weather|Sandstorm|[from] ability: Sand Stream|[of] p2a: Tyranitar\n|turn|1\n|inactive|Kyukutsu has 120 seconds left.\n|\n|t:|1699561440\n|-terastallize|p2a: Tyranitar|Flying\n|move|p1b: Chien-Pao|Crunch|p2b: Cresselia\n|-supereffective|p2b: Cresselia\n|-damage|p2b: Cresselia|35\/100\n|move|p1a: Rillaboom|U-turn|p2b: Cresselia\n|-supereffective|p2b: Cresselia\n|-damage|p2b: Cresselia|0 fnt\n|faint|p2b: Cresselia\n|\n|t:|1699561452\n|switch|p1a: Heatran|Heatran, M|100\/100|[from] U-turn\n|move|p2a: Tyranitar|Rock Slide|p1a: Heatran|[spread] p1a,p1b\n|-supereffective|p1b: Chien-Pao\n|-damage|p1a: Heatran|61\/100\n|-damage|p1b: Chien-Pao|13\/100\n|\n|-weather|Sandstorm|[upkeep]\n|-damage|p1b: Chien-Pao|7\/100|[from] Sandstorm\n|-damage|p2a: Tyranitar|94\/100|[from] Sandstorm\n|-heal|p1b: Chien-Pao|13\/100|[from] Grassy Terrain\n|-heal|p1a: Heatran|67\/100|[from] Grassy Terrain\n|upkeep\n|\n|t:|1699561480\n|switch|p2b: Gastrodon|Gastrodon-East, F|100\/100\n|turn|2\n|\n|t:|1699561505\n|move|p1b: Chien-Pao|Ice Spinner|p2a: Tyranitar\n|-supereffective|p2a: Tyranitar\n|-damage|p2a: Tyranitar|12\/100\n|-fieldend|move: Grassy Terrain\n|move|p1a: Heatran|Flash Cannon|p2a: Tyranitar\n|-damage|p2a: Tyranitar|0 fnt\n|faint|p2a: Tyranitar\n|move|p2b: Gastrodon|Muddy Water|p1b: Chien-Pao|[spread] p1b\n|-miss|p2b: Gastrodon|p1a: Heatran\n|-damage|p1b: Chien-Pao|0 fnt\n|faint|p1b: Chien-Pao\n|\n|-weather|Sandstorm|[upkeep]\n|upkeep\n|\n|t:|1699561531\n|switch|p1b: Rillaboom|Rillaboom, F|100\/100\n|switch|p2a: Houndstone|Houndstone, F|100\/100\n|-fieldstart|move: Grassy Terrain|[from] ability: Grassy Surge|[of] p1b: Rillaboom\n|turn|3\n|\n|t:|1699561555\n|switch|p2b: Heatran|Heatran, F|100\/100\n|move|p2a: Houndstone|Protect|p2a: Houndstone\n|-singleturn|p2a: Houndstone|Protect\n|move|p1b: Rillaboom|Grassy Glide|p2b: Heatran\n|-resisted|p2b: Heatran\n|-damage|p2b: Heatran|92\/100\n|move|p1a: Heatran|Flash Cannon|p2a: Houndstone\n|-activate|p2a: Houndstone|move: Protect\n|\n|-weather|Sandstorm|[upkeep]\n|-damage|p1b: Rillaboom|94\/100|[from] Sandstorm\n|-heal|p1b: Rillaboom|100\/100|[from] Grassy Terrain\n|-heal|p2b: Heatran|99\/100|[from] Grassy Terrain\n|-heal|p1a: Heatran|73\/100|[from] Grassy Terrain\n|upkeep\n|turn|4\n|inactive|Kyukutsu has 120 seconds left.\n|\n|t:|1699561587\n|move|p2b: Heatran|Protect|p2b: Heatran\n|-singleturn|p2b: Heatran|Protect\n|move|p2a: Houndstone|Last Respects|p1a: Heatran\n|-damage|p1a: Heatran|2\/100\n|move|p1b: Rillaboom|High Horsepower|p2b: Heatran\n|-activate|p2b: Heatran|move: Protect\n|move|p1a: Heatran|Earth Power|p2b: Heatran\n|-activate|p2b: Heatran|move: Protect\n|\n|-weather|Sandstorm|[upkeep]\n|-damage|p1b: Rillaboom|94\/100|[from] Sandstorm\n|-heal|p1b: Rillaboom|100\/100|[from] Grassy Terrain\n|-heal|p1a: Heatran|9\/100|[from] Grassy Terrain\n|-heal|p2b: Heatran|100\/100|[from] Grassy Terrain\n|upkeep\n|turn|5\n|inactive|Kyukutsu has 90 seconds left.\n|\n|t:|1699561622\n|switch|p2b: Gastrodon|Gastrodon-East, F|100\/100\n|move|p1b: Rillaboom|Grassy Glide|p2a: Houndstone\n|-damage|p2a: Houndstone|60\/100\n|move|p2a: Houndstone|Last Respects|p1b: Rillaboom\n|-damage|p1b: Rillaboom|16\/100\n|move|p1a: Heatran|Earth Power|p2b: Gastrodon\n|-damage|p2b: Gastrodon|70\/100\n|\n|-weather|none\n|-heal|p2a: Houndstone|66\/100|[from] Grassy Terrain\n|-heal|p1b: Rillaboom|23\/100|[from] Grassy Terrain\n|-heal|p1a: Heatran|15\/100|[from] Grassy Terrain\n|-heal|p2b: Gastrodon|76\/100|[from] Grassy Terrain\n|upkeep\n|turn|6\n|inactive|Kyukutsu has 90 seconds left.\n|\n|t:|1699561660\n|move|p2b: Gastrodon|Protect|p2b: Gastrodon\n|-singleturn|p2b: Gastrodon|Protect\n|move|p1b: Rillaboom|Grassy Glide|p2b: Gastrodon\n|-activate|p2b: Gastrodon|move: Protect\n|move|p1a: Heatran|Heat Wave|p2a: Houndstone|[spread] p2a\n|-activate|p2b: Gastrodon|move: Protect\n|-damage|p2a: Houndstone|25\/100\n|move|p2a: Houndstone|Last Respects|p1a: Heatran\n|-damage|p1a: Heatran|0 fnt\n|faint|p1a: Heatran\n|\n|-heal|p1b: Rillaboom|29\/100|[from] Grassy Terrain\n|-heal|p2a: Houndstone|31\/100|[from] Grassy Terrain\n|-heal|p2b: Gastrodon|83\/100|[from] Grassy Terrain\n|upkeep\n|\n|t:|1699561667\n|switch|p1a: Tornadus|Tornadus, M|100\/100\n|turn|7\n|inactive|Kyukutsu has 90 seconds left.\n|\n|t:|1699561692\n|switch|p2b: Amoonguss|Amoonguss, M|100\/100\n|move|p2a: Houndstone|Protect|p2a: Houndstone\n|-singleturn|p2a: Houndstone|Protect\n|move|p1a: Tornadus|Tailwind|p1a: Tornadus\n|-sidestart|p1: Kssc|move: Tailwind\n|move|p1b: Rillaboom|U-turn|p2a: Houndstone\n|-activate|p2a: Houndstone|move: Protect\n|\n|-heal|p1b: Rillaboom|35\/100|[from] Grassy Terrain\n|-heal|p2a: Houndstone|37\/100|[from] Grassy Terrain\n|-fieldend|move: Grassy Terrain\n|upkeep\n|turn|8\n|inactive|Kyukutsu has 90 seconds left.\n|\n|t:|1699561720\n|switch|p2a: Heatran|Heatran, F|100\/100\n|move|p1a: Tornadus|Bleakwind Storm|p2a: Heatran|[spread] p2a,p2b\n|-resisted|p2a: Heatran\n|-supereffective|p2b: Amoonguss\n|-damage|p2a: Heatran|88\/100\n|-damage|p2b: Amoonguss|50\/100\n|-unboost|p2a: Heatran|spe|1\n|-unboost|p2b: Amoonguss|spe|1\n|move|p1b: Rillaboom|U-turn|p2a: Heatran\n|-resisted|p2a: Heatran\n|-damage|p2a: Heatran|82\/100\n|\n|t:|1699561727\n|switch|p1b: Ogerpon|Ogerpon-Hearthflame, F|100\/100|[from] U-turn\n|-ability|p1b: Ogerpon|Mold Breaker\n|move|p2b: Amoonguss|Spore|p1a: Tornadus\n|-status|p1a: Tornadus|slp|[from] move: Spore\n|\n|upkeep\n|turn|9\n|inactive|Kyukutsu has 90 seconds left.\n|\n|t:|1699561751\n|switch|p1a: Rillaboom|Rillaboom, F|35\/100\n|-fieldstart|move: Grassy Terrain|[from] ability: Grassy Surge|[of] p1a: Rillaboom\n|-terastallize|p1b: Ogerpon|Fire\n|detailschange|p1b: Ogerpon|Ogerpon-Hearthflame-Tera, F, tera:Fire\n|-ability|p1b: Ogerpon|Embody Aspect (Hearthflame)|boost\n|-boost|p1b: Ogerpon|atk|1\n|move|p1b: Ogerpon|Ivy Cudgel|p2a: Heatran\n|-start|p2a: Heatran|ability: Flash Fire\n|move|p2a: Heatran|Heat Wave|p1a: Rillaboom|[spread] p1a,p1b\n|-supereffective|p1a: Rillaboom\n|-crit|p1a: Rillaboom\n|-resisted|p1b: Ogerpon\n|-damage|p1a: Rillaboom|0 fnt\n|-damage|p1b: Ogerpon|69\/100\n|faint|p1a: Rillaboom\n|move|p2b: Amoonguss|Pollen Puff|p2a: Heatran\n|-heal|p2a: Heatran|100\/100\n|\n|-heal|p1b: Ogerpon|75\/100|[from] Grassy Terrain\n|-heal|p2b: Amoonguss|56\/100|[from] Grassy Terrain\n|upkeep\n|\n|t:|1699561767\n|switch|p1a: Tornadus|Tornadus, M|100\/100 slp\n|turn|10\n|\n|t:|1699561782\n|switch|p2b: Gastrodon|Gastrodon-East, F|83\/100\n|cant|p1a: Tornadus|slp\n|move|p1b: Ogerpon|Ivy Cudgel|p2b: Gastrodon\n|-resisted|p2b: Gastrodon\n|-damage|p2b: Gastrodon|30\/100\n|move|p2a: Heatran|Heat Wave|p1a: Tornadus|[spread] p1a,p1b\n|-resisted|p1b: Ogerpon\n|-damage|p1a: Tornadus|26\/100 slp\n|-damage|p1b: Ogerpon|42\/100\n|\n|-heal|p1b: Ogerpon|48\/100|[from] Grassy Terrain\n|-heal|p2b: Gastrodon|36\/100|[from] Grassy Terrain\n|-sideend|p1: Kssc|move: Tailwind\n|upkeep\n|turn|11\n|inactive|Kyukutsu has 120 seconds left.\n|\n|t:|1699561805\n|move|p2b: Gastrodon|Protect|p2b: Gastrodon\n|-singleturn|p2b: Gastrodon|Protect\n|cant|p1a: Tornadus|slp\n|move|p1b: Ogerpon|Horn Leech|p2b: Gastrodon\n|-activate|p2b: Gastrodon|move: Protect\n|move|p2a: Heatran|Heat Wave|p1b: Ogerpon|[spread] p1a,p1b\n|-crit|p1a: Tornadus\n|-resisted|p1b: Ogerpon\n|-damage|p1a: Tornadus|0 fnt\n|-damage|p1b: Ogerpon|13\/100\n|faint|p1a: Tornadus\n|\n|-heal|p1b: Ogerpon|19\/100|[from] Grassy Terrain\n|-heal|p2b: Gastrodon|42\/100|[from] Grassy Terrain\n|upkeep\n|\n|t:|1699561808\n|switch|p1a: Flutter Mane|Flutter Mane|100\/100\n|turn|12\n|\n|t:|1699561827\n|switch|p2b: Amoonguss|Amoonguss, M|90\/100\n|move|p1a: Flutter Mane|Shadow Ball|p2a: Heatran\n|-damage|p2a: Heatran|45\/100\n|-unboost|p2a: Heatran|spd|1\n|move|p1b: Ogerpon|Horn Leech|p2b: Amoonguss\n|-resisted|p2b: Amoonguss\n|-damage|p2b: Amoonguss|72\/100\n|-heal|p1b: Ogerpon|30\/100|[from] drain|[of] p2b: Amoonguss\n|-damage|p1b: Ogerpon|14\/100|[from] item: Rocky Helmet|[of] p2b: Amoonguss\n|move|p2a: Heatran|Heat Wave|p1a: Flutter Mane|[spread] p1a,p1b\n|-resisted|p1b: Ogerpon\n|-damage|p1a: Flutter Mane|42\/100\n|-damage|p1b: Ogerpon|0 fnt\n|faint|p1b: Ogerpon\n|\n|-heal|p1a: Flutter Mane|48\/100|[from] Grassy Terrain\n|-heal|p2a: Heatran|51\/100|[from] Grassy Terrain\n|-heal|p2b: Amoonguss|78\/100|[from] Grassy Terrain\n|upkeep\n|turn|13\n|-message|Kssc forfeited.\n|\n|win|Kyukutsu\n|raw|Kssc's rating: 1521 &rarr; <strong>1503<\/strong><br \/>(-18 for losing)\n|raw|Kyukutsu's rating: 1559 &rarr; <strong>1577<\/strong><br \/>(+18 for winning)\n|l|\u2606Kssc\n","uploadtime":1699561863,"views":19,"p1id":"kssc","p2id":"kyukutsu","formatid":"gen9doublesou","rating":1503,"private":0,"password":""}