{"id":"gen9doublesou-1979615139","p1":"SyIver1000","p2":"Star_Drag00n","format":"[Gen 9] Doubles OU","log":"|j|\u2606SyIver1000\n|j|\u2606Star_Drag00n\n|t:|1698696879\n|gametype|doubles\n|player|p1|SyIver1000|cynthia|1082\n|player|p2|Star_Drag00n|lucas|1179\n|teamsize|p1|6\n|teamsize|p2|6\n|gen|9\n|tier|[Gen 9] Doubles OU\n|rated|\n|rule|Species Clause: Limit one of each Pok\u00e9mon\n|rule|OHKO Clause: OHKO moves are banned\n|rule|Evasion Moves Clause: Evasion moves are banned\n|rule|Gravity Sleep Clause: The combination of sleep-inducing moves with imperfect accuracy and Gravity or Gigantamax Orbeetle are banned\n|rule|Endless Battle Clause: Forcing endless battles is banned\n|rule|HP Percentage Mod: HP is shown in percentages\n|clearpoke\n|poke|p1|Torterra, F|\n|poke|p1|Ogerpon-Wellspring, F|\n|poke|p1|Farigiraf, M|\n|poke|p1|Glimmora, F|\n|poke|p1|Diancie|\n|poke|p1|Corviknight, F|\n|poke|p2|Oricorio-Pom-Pom, M|\n|poke|p2|Volcarona, F|\n|poke|p2|Sinistcha|\n|poke|p2|Glimmora, M|\n|poke|p2|Gyarados, M|\n|poke|p2|Garchomp, F|\n|teampreview\n|\n|t:|1698696909\n|start\n|switch|p1a: Torterra|Torterra, F|100\/100\n|switch|p1b: Ogerpon|Ogerpon-Wellspring, F|100\/100\n|switch|p2a: Glimmora|Glimmora, M|100\/100\n|switch|p2b: Gyarados|Gyarados, M, shiny|100\/100\n|-ability|p2b: Gyarados|Intimidate|boost\n|-unboost|p1a: Torterra|atk|1\n|-unboost|p1b: Ogerpon|atk|1\n|turn|1\n|\n|t:|1698696941\n|-terastallize|p2b: Gyarados|Steel\n|move|p2b: Gyarados|Ice Fang|p1a: Torterra\n|-supereffective|p1a: Torterra\n|-damage|p1a: Torterra|17\/100\n|move|p1b: Ogerpon|Knock Off|p2b: Gyarados\n|-damage|p2b: Gyarados|76\/100\n|-enditem|p2b: Gyarados|Choice Scarf|[from] move: Knock Off|[of] p1b: Ogerpon\n|move|p1a: Torterra|Shell Smash|p1a: Torterra\n|-unboost|p1a: Torterra|def|1\n|-unboost|p1a: Torterra|spd|1\n|-boost|p1a: Torterra|atk|2\n|-boost|p1a: Torterra|spa|2\n|-boost|p1a: Torterra|spe|2\n|move|p2a: Glimmora|Stealth Rock|p1a: Torterra\n|-sidestart|p1: SyIver1000|move: Stealth Rock\n|\n|upkeep\n|turn|2\n|\n|t:|1698696959\n|move|p1b: Ogerpon|Follow Me|p1b: Ogerpon\n|-singleturn|p1b: Ogerpon|move: Follow Me\n|move|p1a: Torterra|Shell Smash|p1a: Torterra\n|-unboost|p1a: Torterra|def|1\n|-unboost|p1a: Torterra|spd|1\n|-boost|p1a: Torterra|atk|2\n|-boost|p1a: Torterra|spa|2\n|-boost|p1a: Torterra|spe|2\n|move|p2b: Gyarados|Ice Fang|p1b: Ogerpon\n|-damage|p1b: Ogerpon|83\/100\n|move|p2a: Glimmora|Spikes|p1a: Torterra\n|-sidestart|p1: SyIver1000|Spikes\n|\n|upkeep\n|turn|3\n|\n|t:|1698696979\n|move|p1b: Ogerpon|Protect|p1b: Ogerpon\n|-singleturn|p1b: Ogerpon|Protect\n|move|p1a: Torterra|Earthquake|p2a: Glimmora|[spread] p2a,p2b\n|-activate|p1b: Ogerpon|move: Protect\n|-supereffective|p2a: Glimmora\n|-supereffective|p2b: Gyarados\n|-enditem|p2a: Glimmora|Focus Sash\n|-damage|p2a: Glimmora|1\/100\n|-damage|p2b: Gyarados|0 fnt\n|-activate|p2a: Glimmora|ability: Toxic Debris\n|-sidestart|p1: SyIver1000|move: Toxic Spikes\n|faint|p2b: Gyarados\n|move|p2a: Glimmora|Spikes|p1b: Ogerpon\n|-sidestart|p1: SyIver1000|Spikes\n|\n|upkeep\n|\n|t:|1698697031\n|switch|p2b: Oricorio|Oricorio-Pom-Pom, M|100\/100\n|turn|4\n|\n|t:|1698697043\n|move|p1a: Torterra|Rock Blast|p2b: Oricorio\n|-supereffective|p2b: Oricorio\n|-damage|p2b: Oricorio|35\/100\n|-supereffective|p2b: Oricorio\n|-damage|p2b: Oricorio|0 fnt\n|faint|p2b: Oricorio\n|-hitcount|p2: Oricorio|2\n|move|p1b: Ogerpon|Ivy Cudgel|p2a: Glimmora\n|-supereffective|p2a: Glimmora\n|-damage|p2a: Glimmora|0 fnt\n|-activate|p2a: Glimmora|ability: Toxic Debris\n|-sidestart|p1: SyIver1000|move: Toxic Spikes\n|faint|p2a: Glimmora\n|\n|upkeep\n|\n|t:|1698697058\n|switch|p2b: Sinistcha|Sinistcha|100\/100\n|switch|p2a: Garchomp|Garchomp, F|100\/100\n|turn|5\n|\n|t:|1698697071\n|move|p2b: Sinistcha|Protect|p2b: Sinistcha\n|-singleturn|p2b: Sinistcha|Protect\n|move|p1b: Ogerpon|Follow Me|p1b: Ogerpon\n|-singleturn|p1b: Ogerpon|move: Follow Me\n|move|p1a: Torterra|Earthquake|p2b: Sinistcha|[spread] p1b,p2a\n|-activate|p2b: Sinistcha|move: Protect\n|-resisted|p1b: Ogerpon\n|-damage|p1b: Ogerpon|49\/100\n|-damage|p2a: Garchomp|46\/100\n|move|p2a: Garchomp|Poison Jab|p1b: Ogerpon\n|-supereffective|p1b: Ogerpon\n|-damage|p1b: Ogerpon|10\/100\n|-status|p1b: Ogerpon|psn\n|\n|-damage|p1b: Ogerpon|0 fnt|[from] psn\n|faint|p1b: Ogerpon\n|upkeep\n|\n|t:|1698697089\n|switch|p1b: Corviknight|Corviknight, F|100\/100\n|-damage|p1b: Corviknight|88\/100|[from] Stealth Rock\n|turn|6\n|\n|t:|1698697115\n|move|p1a: Torterra|Earthquake|p2b: Sinistcha|[spread] p2a,p2b\n|-immune|p1b: Corviknight\n|-resisted|p2b: Sinistcha\n|-crit|p2b: Sinistcha\n|-damage|p2a: Garchomp|0 fnt\n|-damage|p2b: Sinistcha|37\/100\n|faint|p2a: Garchomp\n|move|p2b: Sinistcha|Matcha Gotcha|p1b: Corviknight|[spread] p1a,p1b\n|-resisted|p1b: Corviknight\n|-damage|p1a: Torterra|0 fnt\n|-heal|p2b: Sinistcha|45\/100|[from] drain|[of] p1a: Torterra\n|-damage|p1b: Corviknight|80\/100\n|-heal|p2b: Sinistcha|50\/100|[from] drain|[of] p1b: Corviknight\n|-status|p1b: Corviknight|brn\n|-enditem|p1b: Corviknight|Lum Berry|[eat]\n|-curestatus|p1b: Corviknight|brn|[msg]\n|faint|p1a: Torterra\n|move|p1b: Corviknight|Defog|p2b: Sinistcha\n|-unboost|p2b: Sinistcha|evasion|1\n|-sideend|p1: SyIver1000|Spikes|[from] move: Defog|[of] p1b: Corviknight\n|-sideend|p1: SyIver1000|Toxic Spikes|[from] move: Defog|[of] p1b: Corviknight\n|-sideend|p1: SyIver1000|Stealth Rock|[from] move: Defog|[of] p1b: Corviknight\n|\n|upkeep\n|\n|t:|1698697136\n|switch|p2a: Volcarona|Volcarona, F|100\/100\n|switch|p1a: Diancie|Diancie|100\/100\n|turn|7\n|\n|t:|1698697146\n|move|p2a: Volcarona|Quiver Dance|p2a: Volcarona\n|-boost|p2a: Volcarona|spa|1\n|-boost|p2a: Volcarona|spd|1\n|-boost|p2a: Volcarona|spe|1\n|move|p2b: Sinistcha|Matcha Gotcha|p1a: Diancie|[spread] p1a,p1b\n|-supereffective|p1a: Diancie\n|-resisted|p1b: Corviknight\n|-damage|p1a: Diancie|53\/100\n|-heal|p2b: Sinistcha|66\/100|[from] drain|[of] p1a: Diancie\n|-damage|p1b: Corviknight|72\/100\n|-heal|p2b: Sinistcha|71\/100|[from] drain|[of] p1b: Corviknight\n|move|p1b: Corviknight|Brave Bird|p2b: Sinistcha\n|-supereffective|p2b: Sinistcha\n|-damage|p2b: Sinistcha|0 fnt\n|faint|p2b: Sinistcha\n|-damage|p1b: Corviknight|51\/100|[from] Recoil\n|move|p1a: Diancie|Diamond Storm|p2a: Volcarona\n|-supereffective|p2a: Volcarona\n|-damage|p2a: Volcarona|0 fnt\n|-boost|p1a: Diancie|def|2\n|faint|p2a: Volcarona\n|\n|win|SyIver1000\n|raw|SyIver1000's rating: 1082 &rarr; <strong>1117<\/strong><br \/>(+35 for winning)\n|raw|Star_Drag00n's rating: 1179 &rarr; <strong>1147<\/strong><br \/>(-32 for losing)\n|c|\u2606SyIver1000|gg\n|l|\u2606Star_Drag00n\n","uploadtime":1698697169,"views":21,"p1id":"syiver1000","p2id":"stardrag00n","formatid":"gen9doublesou","rating":1117,"private":0,"password":""}