{"id":"gen9doublesou-1995046516","p1":"Harla","p2":"Schister","format":"[Gen 9] Doubles OU","log":"|j|\u2606Harla\n|j|\u2606Schister\n|t:|1700516792\n|gametype|doubles\n|player|p1|Harla|170|1446\n|player|p2|Schister|clair|1710\n|teamsize|p1|6\n|teamsize|p2|6\n|gen|9\n|tier|[Gen 9] Doubles OU\n|rated|\n|rule|Species Clause: Limit one of each Pok\u00e9mon\n|rule|OHKO Clause: OHKO moves are banned\n|rule|Evasion Moves Clause: Evasion moves are banned\n|rule|Gravity Sleep Clause: The combination of sleep-inducing moves with imperfect accuracy and Gravity or Gigantamax Orbeetle are banned\n|rule|Endless Battle Clause: Forcing endless battles is banned\n|rule|HP Percentage Mod: HP is shown in percentages\n|clearpoke\n|poke|p1|Articuno|\n|poke|p1|Palafin, M|\n|poke|p1|Iron Hands|\n|poke|p1|Arcanine, F|\n|poke|p1|Ninetales-Alola, M|\n|poke|p1|Chien-Pao|\n|poke|p2|Primeape, M|\n|poke|p2|Chansey, F|\n|poke|p2|Clefairy, F|\n|poke|p2|Sneasel-Hisui, M|\n|poke|p2|Qwilfish-Hisui, F|\n|poke|p2|Piloswine, M|\n|teampreview\n|inactive|Battle timer is ON: inactive players will automatically lose when time's up. (requested by Schister)\n|\n|t:|1700516823\n|start\n|switch|p1a: Palafin|Palafin, M|100\/100\n|switch|p1b: Iron Hands|Iron Hands|100\/100\n|switch|p2a: Piloswine|Piloswine, M|100\/100\n|switch|p2b: Qwilfish|Qwilfish-Hisui, F|100\/100\n|-ability|p2b: Qwilfish|Intimidate|boost\n|-unboost|p1a: Palafin|atk|1\n|-unboost|p1b: Iron Hands|atk|1\n|turn|1\n|\n|t:|1700516839\n|detailschange|p1a: Palafin|Palafin-Hero, M\n|switch|p1a: Articuno|Articuno|100\/100\n|move|p1b: Iron Hands|Fake Out|p2b: Qwilfish\n|-damage|p2b: Qwilfish|92\/100\n|cant|p2b: Qwilfish|flinch\n|move|p2a: Piloswine|Stealth Rock|p1b: Iron Hands\n|-sidestart|p1: Harla|move: Stealth Rock\n|\n|upkeep\n|turn|2\n|\n|t:|1700516868\n|-end|p1b: Iron Hands|Quark Drive|[silent]\n|switch|p1b: Ninetales|Ninetales-Alola, M|100\/100\n|-damage|p1b: Ninetales|75\/100|[from] Stealth Rock\n|-weather|Snow|[from] ability: Snow Warning|[of] p1b: Ninetales\n|-terastallize|p2a: Piloswine|Poison\n|move|p1a: Articuno|Blizzard|p2a: Piloswine|[spread] p2a,p2b\n|-damage|p2a: Piloswine|88\/100\n|-damage|p2b: Qwilfish|64\/100\n|move|p2b: Qwilfish|Toxic Spikes|p1b: Ninetales\n|-sidestart|p1: Harla|move: Toxic Spikes\n|move|p2a: Piloswine|High Horsepower|p1b: Ninetales\n|-damage|p1b: Ninetales|38\/100\n|\n|-weather|Snow|[upkeep]\n|upkeep\n|turn|3\n|\n|t:|1700516885\n|move|p1b: Ninetales|Aurora Veil|p1b: Ninetales\n|-sidestart|p1: Harla|move: Aurora Veil\n|move|p1a: Articuno|Blizzard|p2a: Piloswine|[spread] p2a,p2b\n|-damage|p2a: Piloswine|75\/100\n|-damage|p2b: Qwilfish|33\/100\n|move|p2b: Qwilfish|Barb Barrage|p1b: Ninetales\n|-supereffective|p1b: Ninetales\n|-damage|p1b: Ninetales|13\/100\n|-status|p1b: Ninetales|psn\n|move|p2a: Piloswine|Icicle Crash|p1a: Articuno\n|-damage|p1a: Articuno|87\/100\n|\n|-weather|Snow|[upkeep]\n|-damage|p1b: Ninetales|0 fnt|[from] psn\n|faint|p1b: Ninetales\n|upkeep\n|inactive|Harla has 120 seconds left.\n|\n|t:|1700516907\n|switch|p1b: Palafin|Palafin-Hero, M|100\/100\n|-damage|p1b: Palafin|88\/100|[from] Stealth Rock\n|-status|p1b: Palafin|psn\n|-activate|p1b: Palafin|ability: Zero to Hero\n|turn|4\n|\n|t:|1700516927\n|switch|p2a: Clefairy|Clefairy, F|100\/100\n|move|p1b: Palafin|Wave Crash|p2a: Clefairy\n|-damage|p2a: Clefairy|35\/100\n|-damage|p1b: Palafin|67\/100 psn|[from] Recoil\n|move|p1a: Articuno|Blizzard|p2b: Qwilfish|[spread] p2a,p2b\n|-damage|p2a: Clefairy|1\/100\n|-damage|p2b: Qwilfish|11\/100\n|-status|p2a: Clefairy|frz\n|move|p2b: Qwilfish|Destiny Bond|p2b: Qwilfish\n|-singlemove|p2b: Qwilfish|Destiny Bond\n|\n|-weather|Snow|[upkeep]\n|-damage|p1b: Palafin|54\/100 psn|[from] psn\n|upkeep\n|turn|5\n|\n|t:|1700516957\n|move|p1b: Palafin|Wave Crash|p2a: Clefairy\n|-damage|p2a: Clefairy|0 fnt\n|faint|p2a: Clefairy\n|-damage|p1b: Palafin|54\/100 psn|[from] Recoil\n|move|p1a: Articuno|Blizzard|p2b: Qwilfish\n|-damage|p2b: Qwilfish|0 fnt\n|faint|p2b: Qwilfish\n|-activate|p2b: Qwilfish|move: Destiny Bond\n|faint|p1a: Articuno\n|\n|-weather|Snow|[upkeep]\n|-damage|p1b: Palafin|42\/100 psn|[from] psn\n|upkeep\n|\n|t:|1700516973\n|switch|p1a: Iron Hands|Iron Hands|100\/100\n|switch|p2b: Primeape|Primeape, M|100\/100\n|switch|p2a: Sneasel|Sneasel-Hisui, M|100\/100\n|-damage|p1a: Iron Hands|94\/100|[from] Stealth Rock\n|-status|p1a: Iron Hands|psn\n|turn|6\n|\n|t:|1700516983\n|move|p2a: Sneasel|Fake Out|p1b: Palafin\n|-damage|p1b: Palafin|34\/100 psn\n|cant|p1b: Palafin|flinch\n|move|p2b: Primeape|Bulk Up|p2b: Primeape\n|-boost|p2b: Primeape|atk|1\n|-boost|p2b: Primeape|def|1\n|move|p1a: Iron Hands|Drain Punch|p2b: Primeape\n|-damage|p2b: Primeape|71\/100\n|-heal|p1a: Iron Hands|100\/100 psn|[from] drain|[of] p2b: Primeape\n|\n|-weather|Snow|[upkeep]\n|-damage|p1b: Palafin|21\/100 psn|[from] psn\n|-damage|p1a: Iron Hands|88\/100 psn|[from] psn\n|upkeep\n|turn|7\n|inactive|Schister has 120 seconds left.\n|\n|t:|1700517014\n|move|p2a: Sneasel|Close Combat|p1b: Palafin\n|-damage|p1b: Palafin|0 fnt\n|-unboost|p2a: Sneasel|def|1\n|-unboost|p2a: Sneasel|spd|1\n|faint|p1b: Palafin\n|move|p2b: Primeape|Bulk Up|p2b: Primeape\n|-boost|p2b: Primeape|atk|1\n|-boost|p2b: Primeape|def|1\n|move|p1a: Iron Hands|Thunder Punch|p2a: Sneasel\n|-enditem|p2a: Sneasel|Focus Sash\n|-damage|p2a: Sneasel|1\/100\n|\n|-weather|Snow|[upkeep]\n|-damage|p1a: Iron Hands|75\/100 psn|[from] psn\n|-sideend|p1: Harla|move: Aurora Veil\n|upkeep\n|\n|t:|1700517032\n|switch|p1b: Arcanine|Arcanine, F|100\/100\n|-damage|p1b: Arcanine|75\/100|[from] Stealth Rock\n|-status|p1b: Arcanine|psn\n|-ability|p1b: Arcanine|Intimidate|boost\n|-fail|p2a: Sneasel|unboost|Attack|[from] ability: Inner Focus|[of] p2a: Sneasel\n|-unboost|p2b: Primeape|atk|1\n|-ability|p2b: Primeape|Defiant|boost\n|-boost|p2b: Primeape|atk|2\n|turn|8\n|\n|t:|1700517044\n|-terastallize|p1b: Arcanine|Normal\n|move|p1b: Arcanine|Extreme Speed|p2b: Primeape\n|-damage|p2b: Primeape|40\/100\n|move|p2a: Sneasel|Close Combat|p1b: Arcanine\n|-supereffective|p1b: Arcanine\n|-damage|p1b: Arcanine|0 fnt\n|-unboost|p2a: Sneasel|def|1\n|-unboost|p2a: Sneasel|spd|1\n|faint|p1b: Arcanine\n|move|p2b: Primeape|Drain Punch|p1a: Iron Hands\n|-damage|p1a: Iron Hands|34\/100 psn\n|-heal|p2b: Primeape|73\/100|[from] drain|[of] p1a: Iron Hands\n|move|p1a: Iron Hands|Drain Punch|p2a: Sneasel\n|-resisted|p2a: Sneasel\n|-damage|p2a: Sneasel|0 fnt\n|-heal|p1a: Iron Hands|34\/100 psn|[from] drain|[of] p2a: Sneasel\n|faint|p2a: Sneasel\n|\n|-weather|Snow|[upkeep]\n|-damage|p1a: Iron Hands|22\/100 psn|[from] psn\n|upkeep\n|-message|Harla forfeited.\n|\n|win|Schister\n|raw|Harla's rating: 1446 &rarr; <strong>1439<\/strong><br \/>(-7 for losing)\n|raw|Schister's rating: 1710 &rarr; <strong>1717<\/strong><br \/>(+7 for winning)\n|l|\u2606Harla\n","uploadtime":1700517178,"views":13,"p1id":"harla","p2id":"schister","formatid":"gen9doublesou","rating":1439,"private":0,"password":""}