{"id":"gen9doublesou-1970552017","p1":"test 99 ou","p2":"cbender2121","format":"[Gen 9] Doubles OU","log":"|j|\u2606test 99 ou\n|j|\u203dcbender2121\n|t:|1697647752\n|gametype|doubles\n|player|p1|test 99 ou|lady|1340\n|player|p2|cbender2121|170|1452\n|teamsize|p1|6\n|teamsize|p2|6\n|gen|9\n|tier|[Gen 9] Doubles OU\n|rated|\n|rule|Species Clause: Limit one of each Pok\u00e9mon\n|rule|OHKO Clause: OHKO moves are banned\n|rule|Evasion Moves Clause: Evasion moves are banned\n|rule|Gravity Sleep Clause: The combination of sleep-inducing moves with imperfect accuracy and Gravity or Gigantamax Orbeetle are banned\n|rule|Endless Battle Clause: Forcing endless battles is banned\n|rule|HP Percentage Mod: HP is shown in percentages\n|clearpoke\n|poke|p1|Ninetales-Alola, F|\n|poke|p1|Baxcalibur, M|\n|poke|p1|Iron Bundle|\n|poke|p1|Heatran, M|\n|poke|p1|Iron Hands|\n|poke|p1|Ogerpon-Wellspring, F|\n|poke|p2|Chien-Pao|\n|poke|p2|Basculegion-F, F|\n|poke|p2|Heatran, F|\n|poke|p2|Rillaboom, F|\n|poke|p2|Glimmora, M|\n|poke|p2|Tornadus, M|\n|teampreview\n|\n|t:|1697647764\n|start\n|switch|p1a: Ninetales|Ninetales-Alola, F|100\/100\n|switch|p1b: Iron Hands|Iron Hands|100\/100\n|switch|p2a: Chien-Pao|Chien-Pao|100\/100\n|switch|p2b: Rillaboom|Rillaboom, F|100\/100\n|-fieldstart|move: Grassy Terrain|[from] ability: Grassy Surge|[of] p2b: Rillaboom\n|-ability|p2a: Chien-Pao|Sword of Ruin\n|-weather|Snow|[from] ability: Snow Warning|[of] p1a: Ninetales\n|turn|1\n|\n|t:|1697647787\n|-terastallize|p2a: Chien-Pao|Ghost\n|move|p1b: Iron Hands|Fake Out|p2a: Chien-Pao\n|-immune|p2a: Chien-Pao\n|move|p2b: Rillaboom|Drum Beating|p1b: Iron Hands\n|-damage|p1b: Iron Hands|59\/100\n|-unboost|p1b: Iron Hands|spe|1\n|move|p2a: Chien-Pao|Psychic Fangs|p1b: Iron Hands\n|-supereffective|p1b: Iron Hands\n|-damage|p1b: Iron Hands|15\/100\n|move|p1a: Ninetales|Aurora Veil|p1a: Ninetales\n|-sidestart|p1: test 99 ou|move: Aurora Veil\n|\n|-weather|Snow|[upkeep]\n|-heal|p1b: Iron Hands|21\/100|[from] Grassy Terrain\n|upkeep\n|turn|2\n|\n|t:|1697647822\n|-end|p1b: Iron Hands|Quark Drive|[silent]\n|switch|p1b: Heatran|Heatran, M|100\/100\n|move|p2b: Rillaboom|Drum Beating|p1b: Heatran\n|-resisted|p1b: Heatran\n|-damage|p1b: Heatran|91\/100\n|-unboost|p1b: Heatran|spe|1\n|move|p2a: Chien-Pao|Psychic Fangs|p1a: Ninetales\n|-sideend|p1: test 99 ou|move: Aurora Veil\n|-damage|p1a: Ninetales|72\/100\n|move|p1a: Ninetales|Aurora Veil|p1a: Ninetales\n|-sidestart|p1: test 99 ou|move: Aurora Veil\n|\n|-weather|Snow|[upkeep]\n|-heal|p1a: Ninetales|78\/100|[from] Grassy Terrain\n|-heal|p1b: Heatran|98\/100|[from] Grassy Terrain\n|upkeep\n|turn|3\n|\n|t:|1697647856\n|switch|p2b: Heatran|Heatran, F|100\/100\n|move|p2a: Chien-Pao|Psychic Fangs|p1b: Heatran\n|-sideend|p1: test 99 ou|move: Aurora Veil\n|-resisted|p1b: Heatran\n|-damage|p1b: Heatran|83\/100\n|move|p1a: Ninetales|Aurora Veil|p1a: Ninetales\n|-sidestart|p1: test 99 ou|move: Aurora Veil\n|move|p1b: Heatran|Flash Cannon|p2a: Chien-Pao\n|-damage|p2a: Chien-Pao|27\/100\n|\n|-weather|Snow|[upkeep]\n|-heal|p2a: Chien-Pao|33\/100|[from] Grassy Terrain\n|-heal|p1a: Ninetales|84\/100|[from] Grassy Terrain\n|-heal|p1b: Heatran|89\/100|[from] Grassy Terrain\n|upkeep\n|turn|4\n|\n|t:|1697647896\n|-terastallize|p1b: Heatran|Grass\n|move|p2b: Heatran|Earth Power|p1b: Heatran\n|-resisted|p1b: Heatran\n|-damage|p1b: Heatran|84\/100\n|move|p2a: Chien-Pao|Psychic Fangs|p1b: Heatran\n|-sideend|p1: test 99 ou|move: Aurora Veil\n|-damage|p1b: Heatran|51\/100\n|move|p1a: Ninetales|Hypnosis|p2b: Heatran\n|-status|p2b: Heatran|slp|[from] move: Hypnosis\n|move|p1b: Heatran|Earth Power|p2a: Chien-Pao\n|-damage|p2a: Chien-Pao|0 fnt\n|faint|p2a: Chien-Pao\n|\n|-weather|Snow|[upkeep]\n|-heal|p1a: Ninetales|90\/100|[from] Grassy Terrain\n|-heal|p1b: Heatran|57\/100|[from] Grassy Terrain\n|upkeep\n|\n|t:|1697647910\n|switch|p2a: Tornadus|Tornadus, M|100\/100\n|turn|5\n|c|\u2606test 99 ou|bitchss psycic fangs\n|\n|t:|1697647933\n|cant|p2b: Heatran|slp\n|move|p2a: Tornadus|Air Slash|p1b: Heatran\n|-supereffective|p1b: Heatran\n|-damage|p1b: Heatran|14\/100\n|move|p1a: Ninetales|Aurora Veil|p1a: Ninetales\n|-sidestart|p1: test 99 ou|move: Aurora Veil\n|move|p1b: Heatran|Earth Power|p2b: Heatran\n|-supereffective|p2b: Heatran\n|-damage|p2b: Heatran|0 fnt\n|faint|p2b: Heatran\n|\n|-weather|none\n|-heal|p1a: Ninetales|96\/100|[from] Grassy Terrain\n|-heal|p1b: Heatran|20\/100|[from] Grassy Terrain\n|-fieldend|move: Grassy Terrain\n|upkeep\n|\n|t:|1697647948\n|switch|p2b: Glimmora|Glimmora, M|100\/100\n|turn|6\n|\n|t:|1697647964\n|switch|p1a: Baxcalibur|Baxcalibur, M|100\/100\n|switch|p1b: Iron Bundle|Iron Bundle|100\/100\n|-enditem|p1b: Iron Bundle|Booster Energy\n|-activate|p1b: Iron Bundle|ability: Quark Drive|[fromitem]\n|-start|p1b: Iron Bundle|quarkdrivespe\n|move|p2b: Glimmora|Sludge Wave|p1a: Baxcalibur|[spread] p2a,p1a,p1b\n|-damage|p2a: Tornadus|42\/100\n|-damage|p1a: Baxcalibur|75\/100\n|-damage|p1b: Iron Bundle|44\/100\n|move|p2a: Tornadus|Bleakwind Storm|p1a: Baxcalibur|[spread] p1b\n|-miss|p2a: Tornadus|p1a: Baxcalibur\n|-damage|p1b: Iron Bundle|0 fnt\n|faint|p1b: Iron Bundle\n|-end|p1b: Iron Bundle|Quark Drive|[silent]\n|\n|upkeep\n|\n|t:|1697647986\n|switch|p1b: Ogerpon|Ogerpon-Wellspring, F|100\/100\n|turn|7\n|\n|t:|1697648055\n|move|p2b: Glimmora|Sludge Wave|p1b: Ogerpon|[spread] p2a,p1a,p1b\n|-supereffective|p1b: Ogerpon\n|-damage|p2a: Tornadus|0 fnt\n|-damage|p1a: Baxcalibur|46\/100\n|-damage|p1b: Ogerpon|39\/100\n|faint|p2a: Tornadus\n|move|p1b: Ogerpon|Ivy Cudgel|p2b: Glimmora\n|-supereffective|p2b: Glimmora\n|-damage|p2b: Glimmora|0 fnt\n|-activate|p2b: Glimmora|ability: Toxic Debris\n|-sidestart|p1: test 99 ou|move: Toxic Spikes\n|faint|p2b: Glimmora\n|move|p1a: Baxcalibur|Swords Dance|p1a: Baxcalibur\n|-boost|p1a: Baxcalibur|atk|2\n|\n|upkeep\n|\n|t:|1697648058\n|switch|p2a: Rillaboom|Rillaboom, F|100\/100\n|switch|p2b: Basculegion|Basculegion-F, F|100\/100\n|-fieldstart|move: Grassy Terrain|[from] ability: Grassy Surge|[of] p2a: Rillaboom\n|turn|8\n|\n|t:|1697648074\n|move|p1a: Baxcalibur|Protect|p1a: Baxcalibur\n|-singleturn|p1a: Baxcalibur|Protect\n|move|p2a: Rillaboom|Drain Punch|p1a: Baxcalibur\n|-activate|p1a: Baxcalibur|move: Protect\n|move|p2b: Basculegion|Last Respects|p1b: Ogerpon\n|-damage|p1b: Ogerpon|0 fnt\n|faint|p1b: Ogerpon\n|\n|-heal|p1a: Baxcalibur|52\/100|[from] Grassy Terrain\n|upkeep\n|\n|t:|1697648081\n|switch|p1b: Iron Hands|Iron Hands|21\/100\n|-status|p1b: Iron Hands|psn\n|turn|9\n|\n|t:|1697648109\n|move|p1b: Iron Hands|Fake Out|p2a: Rillaboom\n|-damage|p2a: Rillaboom|84\/100\n|cant|p2a: Rillaboom|flinch\n|move|p2b: Basculegion|Last Respects|p1a: Baxcalibur\n|-damage|p1a: Baxcalibur|0 fnt\n|faint|p1a: Baxcalibur\n|\n|-heal|p2a: Rillaboom|90\/100|[from] Grassy Terrain\n|-heal|p1b: Iron Hands|27\/100 psn|[from] Grassy Terrain\n|-damage|p1b: Iron Hands|15\/100 psn|[from] psn\n|upkeep\n|\n|t:|1697648127\n|switch|p1a: Ninetales|Ninetales-Alola, F|96\/100\n|-status|p1a: Ninetales|psn\n|-weather|Snow|[from] ability: Snow Warning|[of] p1a: Ninetales\n|turn|10\n|\n|t:|1697648135\n|move|p2a: Rillaboom|Drain Punch|p1b: Iron Hands\n|-damage|p1b: Iron Hands|5\/100 psn\n|-heal|p2a: Rillaboom|98\/100|[from] drain|[of] p1b: Iron Hands\n|move|p2b: Basculegion|Last Respects|p1a: Ninetales\n|-damage|p1a: Ninetales|22\/100 psn\n|move|p1a: Ninetales|Freeze-Dry|p2b: Basculegion\n|-supereffective|p2b: Basculegion\n|-damage|p2b: Basculegion|56\/100\n|move|p1b: Iron Hands|Wild Charge|p2b: Basculegion\n|-supereffective|p2b: Basculegion\n|-damage|p2b: Basculegion|0 fnt\n|faint|p2b: Basculegion\n|-damage|p1b: Iron Hands|0 fnt|[from] Recoil\n|faint|p1b: Iron Hands\n|-end|p1b: Iron Hands|Quark Drive|[silent]\n|\n|-weather|Snow|[upkeep]\n|-heal|p2a: Rillaboom|100\/100|[from] Grassy Terrain\n|-heal|p1a: Ninetales|28\/100 psn|[from] Grassy Terrain\n|-damage|p1a: Ninetales|16\/100 psn|[from] psn\n|upkeep\n|\n|t:|1697648142\n|switch|p1b: Heatran|Heatran, M, tera:Grass|20\/100\n|-status|p1b: Heatran|psn\n|turn|11\n|\n|t:|1697648170\n|move|p2a: Rillaboom|Drain Punch|p1b: Heatran\n|-damage|p1b: Heatran|7\/100 psn\n|move|p1a: Ninetales|Freeze-Dry|p2a: Rillaboom\n|-supereffective|p2a: Rillaboom\n|-damage|p2a: Rillaboom|44\/100\n|move|p1b: Heatran|Lava Plume|p2a: Rillaboom|[spread] p1a,p2a\n|-supereffective|p1a: Ninetales\n|-supereffective|p2a: Rillaboom\n|-damage|p1a: Ninetales|0 fnt\n|-damage|p2a: Rillaboom|0 fnt\n|faint|p1a: Ninetales\n|faint|p2a: Rillaboom\n|\n|win|test 99 ou\n|raw|test 99 ou's rating: 1340 &rarr; <strong>1366<\/strong><br \/>(+26 for winning)\n|raw|cbender2121's rating: 1452 &rarr; <strong>1426<\/strong><br \/>(-26 for losing)\n","uploadtime":1697647937,"views":12,"p1id":"test99ou","p2id":"cbender2121","formatid":"gen9doublesou","rating":1366,"private":0,"password":""}