{"id":"gen9doublesou-1993480068","p1":"mikeyuwu","p2":"Sc3ne","format":"[Gen 9] Doubles OU","log":"|j|\u2606mikeyuwu\n|j|\u2606Sc3ne\n|t:|1700322953\n|gametype|doubles\n|player|p1|mikeyuwu|psychic-gen4|1232\n|player|p2|Sc3ne|170|1218\n|teamsize|p1|6\n|teamsize|p2|6\n|gen|9\n|tier|[Gen 9] Doubles OU\n|rated|\n|rule|Species Clause: Limit one of each Pok\u00e9mon\n|rule|OHKO Clause: OHKO moves are banned\n|rule|Evasion Moves Clause: Evasion moves are banned\n|rule|Gravity Sleep Clause: The combination of sleep-inducing moves with imperfect accuracy and Gravity or Gigantamax Orbeetle are banned\n|rule|Endless Battle Clause: Forcing endless battles is banned\n|rule|HP Percentage Mod: HP is shown in percentages\n|clearpoke\n|poke|p1|Garchomp, M|\n|poke|p1|Tyranitar, F|\n|poke|p1|Vaporeon, F|\n|poke|p1|Toxicroak, M|\n|poke|p1|Pelipper, F|\n|poke|p1|Abomasnow, M|\n|poke|p2|Golem-Alola, M|\n|poke|p2|Rabsca, F|\n|poke|p2|Iron Hands|\n|poke|p2|Gholdengo|\n|poke|p2|Dondozo, M|\n|poke|p2|Cresselia, F|\n|teampreview\n|\n|t:|1700322970\n|start\n|switch|p1a: Extra Spicy|Garchomp, M|100\/100\n|switch|p1b: Harmacy|Vaporeon, F|100\/100\n|switch|p2a: Gholdengo|Gholdengo|100\/100\n|switch|p2b: Iron Hands|Iron Hands|100\/100\n|turn|1\n|\n|t:|1700322985\n|move|p2b: Iron Hands|Fake Out|p1a: Extra Spicy\n|-damage|p1a: Extra Spicy|92\/100\n|-damage|p2b: Iron Hands|88\/100|[from] ability: Rough Skin|[of] p1a: Extra Spicy\n|-damage|p2b: Iron Hands|72\/100|[from] item: Rocky Helmet|[of] p1a: Extra Spicy\n|cant|p1a: Extra Spicy|flinch\n|move|p2a: Gholdengo|Dazzling Gleam|p1b: Harmacy|[spread] p1a,p1b\n|-supereffective|p1a: Extra Spicy\n|-damage|p1a: Extra Spicy|32\/100\n|-damage|p1b: Harmacy|71\/100\n|move|p1b: Harmacy|Icy Wind|p2a: Gholdengo|[spread] p2b\n|-miss|p1b: Harmacy|p2a: Gholdengo\n|-damage|p2b: Iron Hands|65\/100\n|-unboost|p2b: Iron Hands|spe|1\n|\n|-heal|p1b: Harmacy|77\/100|[from] item: Leftovers\n|upkeep\n|turn|2\n|\n|t:|1700323017\n|switch|p1a: OTLHPM|Toxicroak, M|100\/100\n|switch|p2a: Cresselia|Cresselia, F|100\/100\n|move|p1b: Harmacy|Icy Wind|p2b: Iron Hands|[spread] p2a,p2b\n|-damage|p2a: Cresselia|94\/100\n|-damage|p2b: Iron Hands|58\/100\n|-unboost|p2a: Cresselia|spe|1\n|-unboost|p2b: Iron Hands|spe|1\n|move|p2b: Iron Hands|Ice Punch|p1a: OTLHPM\n|-crit|p1a: OTLHPM\n|-damage|p1a: OTLHPM|48\/100\n|\n|-heal|p1a: OTLHPM|55\/100|[from] item: Black Sludge\n|-heal|p1b: Harmacy|83\/100|[from] item: Leftovers\n|upkeep\n|turn|3\n|\n|t:|1700323051\n|switch|p1a: Weather War|Pelipper, F|100\/100\n|-weather|RainDance|[from] ability: Drizzle|[of] p1a: Weather War\n|move|p1b: Harmacy|Weather Ball|p2b: Iron Hands\n|-damage|p2b: Iron Hands|19\/100\n|move|p2a: Cresselia|Light Screen|p2a: Cresselia\n|-sidestart|p2: Sc3ne|move: Light Screen\n|move|p2b: Iron Hands|Electric Terrain|p2b: Iron Hands\n|-fieldstart|move: Electric Terrain\n|-activate|p2b: Iron Hands|ability: Quark Drive\n|-start|p2b: Iron Hands|quarkdriveatk\n|\n|-weather|RainDance|[upkeep]\n|-heal|p1b: Harmacy|89\/100|[from] item: Leftovers\n|upkeep\n|turn|4\n|\n|t:|1700323075\n|move|p1a: Weather War|Chilling Water|p2b: Iron Hands\n|-damage|p2b: Iron Hands|7\/100\n|-unboost|p2b: Iron Hands|atk|1\n|move|p1b: Harmacy|Weather Ball|p2b: Iron Hands\n|-damage|p2b: Iron Hands|0 fnt\n|faint|p2b: Iron Hands\n|-end|p2b: Iron Hands|Quark Drive|[silent]\n|move|p2a: Cresselia|Calm Mind|p2a: Cresselia\n|-boost|p2a: Cresselia|spa|1\n|-boost|p2a: Cresselia|spd|1\n|\n|-weather|RainDance|[upkeep]\n|-heal|p1b: Harmacy|96\/100|[from] item: Leftovers\n|upkeep\n|\n|t:|1700323088\n|switch|p2b: Frankfurt|Golem-Alola, M, shiny|100\/100\n|turn|5\n|\n|t:|1700323101\n|switch|p1a: Extra Spicy|Garchomp, M|32\/100\n|move|p1b: Harmacy|Weather Ball|p2b: Frankfurt\n|-supereffective|p2b: Frankfurt\n|-damage|p2b: Frankfurt|6\/100\n|move|p2a: Cresselia|Reflect|p2a: Cresselia\n|-sidestart|p2: Sc3ne|Reflect\n|move|p2b: Frankfurt|Explosion|p1a: Extra Spicy|[spread] p2a,p1b\n|-immune|p1a: Extra Spicy\n|-supereffective|p1b: Harmacy\n|-damage|p2a: Cresselia|13\/100\n|-damage|p1b: Harmacy|0 fnt\n|-enditem|p2a: Cresselia|Aguav Berry|[eat]\n|-heal|p2a: Cresselia|46\/100|[from] item: Aguav Berry\n|faint|p2b: Frankfurt\n|faint|p1b: Harmacy\n|\n|-weather|RainDance|[upkeep]\n|upkeep\n|\n|t:|1700323119\n|switch|p1b: ThcrThnSnkr|Tyranitar, F|100\/100\n|switch|p2b: Rabsca|Rabsca, F|100\/100\n|-weather|Sandstorm|[from] ability: Sand Stream|[of] p1b: ThcrThnSnkr\n|turn|6\n|\n|t:|1700323131\n|-terastallize|p2b: Rabsca|Dark\n|move|p1a: Extra Spicy|Brick Break|p2b: Rabsca\n|-sideend|p2: Sc3ne|Reflect\n|-sideend|p2: Sc3ne|move: Light Screen\n|-supereffective|p2b: Rabsca\n|-damage|p2b: Rabsca|60\/100\n|move|p1b: ThcrThnSnkr|Knock Off|p2b: Rabsca\n|-resisted|p2b: Rabsca\n|-damage|p2b: Rabsca|40\/100\n|-enditem|p2b: Rabsca|Leppa Berry|[from] move: Knock Off|[of] p1b: ThcrThnSnkr\n|move|p2a: Cresselia|Dazzling Gleam|p1b: ThcrThnSnkr|[spread] p1a,p1b\n|-supereffective|p1a: Extra Spicy\n|-supereffective|p1b: ThcrThnSnkr\n|-damage|p1a: Extra Spicy|2\/100\n|-damage|p1b: ThcrThnSnkr|91\/100\n|move|p2b: Rabsca|Revival Blessing|p2b: Rabsca\n|\n|t:|1700323154\n|-heal|p2: Frankfurt|50\/100|[from] move: Revival Blessing\n|\n|-weather|Sandstorm|[upkeep]\n|-damage|p2a: Cresselia|40\/100|[from] Sandstorm\n|-damage|p2b: Rabsca|34\/100|[from] Sandstorm\n|upkeep\n|turn|7\n|\n|t:|1700323167\n|move|p1a: Extra Spicy|Liquidation|p2b: Rabsca\n|-damage|p2b: Rabsca|10\/100\n|move|p1b: ThcrThnSnkr|Knock Off|p2a: Cresselia\n|-supereffective|p2a: Cresselia\n|-damage|p2a: Cresselia|4\/100\n|move|p2a: Cresselia|Dazzling Gleam|p1b: ThcrThnSnkr|[spread] p1a,p1b\n|-supereffective|p1a: Extra Spicy\n|-supereffective|p1b: ThcrThnSnkr\n|-damage|p1a: Extra Spicy|0 fnt\n|-damage|p1b: ThcrThnSnkr|81\/100\n|faint|p1a: Extra Spicy\n|move|p2b: Rabsca|Bug Buzz|p1b: ThcrThnSnkr\n|-supereffective|p1b: ThcrThnSnkr\n|-damage|p1b: ThcrThnSnkr|60\/100\n|\n|-weather|Sandstorm|[upkeep]\n|-damage|p2a: Cresselia|0 fnt|[from] Sandstorm\n|-damage|p2b: Rabsca|4\/100|[from] Sandstorm\n|faint|p2a: Cresselia\n|-fieldend|move: Electric Terrain\n|upkeep\n|\n|t:|1700323199\n|switch|p1a: OTLHPM|Toxicroak, M|55\/100\n|switch|p2a: Frankfurt|Golem-Alola, M, shiny|50\/100\n|turn|8\n|\n|t:|1700323208\n|switch|p1b: Weather War|Pelipper, F|100\/100\n|-weather|RainDance|[from] ability: Drizzle|[of] p1b: Weather War\n|move|p1a: OTLHPM|Earthquake|p2b: Rabsca|[spread] p2a,p2b\n|-immune|p1b: Weather War\n|-supereffective|p2a: Frankfurt\n|-damage|p2a: Frankfurt|0 fnt\n|-damage|p2b: Rabsca|0 fnt\n|faint|p2a: Frankfurt\n|faint|p2b: Rabsca\n|\n|-weather|RainDance|[upkeep]\n|-heal|p1a: OTLHPM|67\/100|[from] ability: Dry Skin\n|-heal|p1a: OTLHPM|73\/100|[from] item: Black Sludge\n|upkeep\n|\n|t:|1700323223\n|switch|p2b: Dondozo|Dondozo, M|100\/100\n|switch|p2a: Gholdengo|Gholdengo|100\/100\n|turn|9\n|\n|t:|1700323239\n|move|p1a: OTLHPM|Earthquake|p2b: Dondozo|[spread] p2a,p2b\n|-immune|p1b: Weather War\n|-supereffective|p2a: Gholdengo\n|-damage|p2a: Gholdengo|59\/100\n|-damage|p2b: Dondozo|85\/100\n|move|p2a: Gholdengo|Power Gem|p1b: Weather War\n|-supereffective|p1b: Weather War\n|-damage|p1b: Weather War|0 fnt\n|faint|p1b: Weather War\n|move|p2b: Dondozo|Avalanche|p1a: OTLHPM\n|-damage|p1a: OTLHPM|19\/100\n|\n|-weather|RainDance|[upkeep]\n|-heal|p1a: OTLHPM|32\/100|[from] ability: Dry Skin\n|-heal|p1a: OTLHPM|38\/100|[from] item: Black Sludge\n|upkeep\n|\n|t:|1700323248\n|switch|p1b: Cold Shoulder|Abomasnow, M, shiny|100\/100\n|-weather|Snow|[from] ability: Snow Warning|[of] p1b: Cold Shoulder\n|turn|10\n|\n|t:|1700323260\n|-terastallize|p1b: Cold Shoulder|Water\n|move|p1a: OTLHPM|Earthquake|p2b: Dondozo|[spread] p1b,p2a,p2b\n|-supereffective|p2a: Gholdengo\n|-damage|p1b: Cold Shoulder|78\/100\n|-damage|p2a: Gholdengo|17\/100\n|-damage|p2b: Dondozo|72\/100\n|move|p2a: Gholdengo|Power Gem|p1b: Cold Shoulder\n|-damage|p1b: Cold Shoulder|23\/100\n|move|p1b: Cold Shoulder|Giga Drain|p2b: Dondozo\n|-supereffective|p2b: Dondozo\n|-damage|p2b: Dondozo|18\/100\n|-heal|p1b: Cold Shoulder|62\/100|[from] drain|[of] p2b: Dondozo\n|move|p2b: Dondozo|Avalanche|p1a: OTLHPM\n|-damage|p1a: OTLHPM|0 fnt\n|faint|p1a: OTLHPM\n|\n|-weather|Snow|[upkeep]\n|upkeep\n|\n|t:|1700323272\n|switch|p1a: ThcrThnSnkr|Tyranitar, F|60\/100\n|-weather|Sandstorm|[from] ability: Sand Stream|[of] p1a: ThcrThnSnkr\n|turn|11\n|c|\u2606mikeyuwu|Gg\n|\n|t:|1700323299\n|move|p2a: Gholdengo|Power Gem|p1b: Cold Shoulder\n|-damage|p1b: Cold Shoulder|14\/100\n|move|p1b: Cold Shoulder|Giga Drain|p2b: Dondozo\n|-supereffective|p2b: Dondozo\n|-damage|p2b: Dondozo|0 fnt\n|-heal|p1b: Cold Shoulder|26\/100|[from] drain|[of] p2b: Dondozo\n|faint|p2b: Dondozo\n|move|p1a: ThcrThnSnkr|Knock Off|p2a: Gholdengo\n|-supereffective|p2a: Gholdengo\n|-damage|p2a: Gholdengo|0 fnt\n|-enditem|p2a: Gholdengo|Choice Specs|[from] move: Knock Off|[of] p1a: ThcrThnSnkr\n|faint|p2a: Gholdengo\n|\n|win|mikeyuwu\n|raw|mikeyuwu's rating: 1232 &rarr; <strong>1256<\/strong><br \/>(+24 for winning)\n|raw|Sc3ne's rating: 1218 &rarr; <strong>1194<\/strong><br \/>(-24 for losing)\n|l|\u2606Sc3ne\n","uploadtime":1700323320,"views":7,"p1id":"mikeyuwu","p2id":"sc3ne","formatid":"gen9doublesou","rating":1194,"private":0,"password":""}