{"id":"gen9doublesou-1985071194","p1":"ac1516","p2":"Ill Will the 1st","format":"[Gen 9] Doubles OU","log":"|j|\u2606ac1516\n|j|\u2606Ill Will the 1st\n|t:|1699327166\n|gametype|doubles\n|player|p1|ac1516|supernerd|1392\n|player|p2|Ill Will the 1st|hooligans|1378\n|teamsize|p1|6\n|teamsize|p2|6\n|gen|9\n|tier|[Gen 9] Doubles OU\n|rated|\n|rule|Species Clause: Limit one of each Pok\u00e9mon\n|rule|OHKO Clause: OHKO moves are banned\n|rule|Evasion Moves Clause: Evasion moves are banned\n|rule|Gravity Sleep Clause: The combination of sleep-inducing moves with imperfect accuracy and Gravity or Gigantamax Orbeetle are banned\n|rule|Endless Battle Clause: Forcing endless battles is banned\n|rule|HP Percentage Mod: HP is shown in percentages\n|clearpoke\n|poke|p1|Enamorus-Therian, F|\n|poke|p1|Cresselia, F|\n|poke|p1|Abomasnow, M|\n|poke|p1|Ursaluna-Bloodmoon, M|\n|poke|p1|Sinistcha-Masterpiece|\n|poke|p1|Landorus-Therian, M|\n|poke|p2|Chien-Pao|\n|poke|p2|Landorus-Therian, M|\n|poke|p2|Iron Hands|\n|poke|p2|Flutter Mane|\n|poke|p2|Sinistcha|\n|poke|p2|Amoonguss, F|\n|teampreview\n|\n|t:|1699327190\n|start\n|switch|p1a: Abomasnow|Abomasnow, M, shiny|100\/100\n|switch|p1b: Cresselia|Cresselia, F, shiny|100\/100\n|switch|p2a: Landorus|Landorus-Therian, M|100\/100\n|switch|p2b: Amoonguss|Amoonguss, F|100\/100\n|-ability|p2a: Landorus|Intimidate|boost\n|-unboost|p1a: Abomasnow|atk|1\n|-unboost|p1b: Cresselia|atk|1\n|-weather|Snow|[from] ability: Snow Warning|[of] p1a: Abomasnow\n|turn|1\n|\n|t:|1699327210\n|switch|p1b: Sinistcha|Sinistcha-Masterpiece, shiny|100\/100\n|move|p2a: Landorus|U-turn|p1a: Abomasnow\n|-supereffective|p1a: Abomasnow\n|-damage|p1a: Abomasnow|59\/100\n|\n|t:|1699327222\n|switch|p2a: Chien-Pao|Chien-Pao|100\/100|[from] U-turn\n|-ability|p2a: Chien-Pao|Sword of Ruin\n|move|p1a: Abomasnow|Blizzard|p2b: Amoonguss|[spread] p2a,p2b\n|-resisted|p2a: Chien-Pao\n|-supereffective|p2b: Amoonguss\n|-damage|p2a: Chien-Pao|78\/100\n|-damage|p2b: Amoonguss|53\/100\n|move|p2b: Amoonguss|Spore|p1b: Sinistcha\n|-immune|p1b: Sinistcha\n|\n|-weather|Snow|[upkeep]\n|upkeep\n|turn|2\n|\n|t:|1699327280\n|switch|p1b: Landorus|Landorus-Therian, M, shiny|100\/100\n|-ability|p1b: Landorus|Intimidate|boost\n|-unboost|p2a: Chien-Pao|atk|1\n|-unboost|p2b: Amoonguss|atk|1\n|switch|p2b: Iron Hands|Iron Hands|100\/100\n|move|p2a: Chien-Pao|Sacred Sword|p1a: Abomasnow\n|-supereffective|p1a: Abomasnow\n|-damage|p1a: Abomasnow|14\/100\n|move|p1a: Abomasnow|Aurora Veil|p1a: Abomasnow\n|-sidestart|p1: ac1516|move: Aurora Veil\n|\n|-weather|Snow|[upkeep]\n|upkeep\n|turn|3\n|\n|t:|1699327306\n|switch|p1a: Cresselia|Cresselia, F, shiny|100\/100\n|move|p2b: Iron Hands|Fake Out|p1b: Landorus\n|-damage|p1b: Landorus|86\/100\n|move|p2a: Chien-Pao|Sacred Sword|p1a: Cresselia\n|-resisted|p1a: Cresselia\n|-damage|p1a: Cresselia|95\/100\n|cant|p1b: Landorus|flinch\n|\n|-weather|Snow|[upkeep]\n|upkeep\n|turn|4\n|\n|t:|1699327350\n|switch|p2a: Landorus|Landorus-Therian, M|100\/100\n|-ability|p2a: Landorus|Intimidate|boost\n|-unboost|p1a: Cresselia|atk|1\n|-unboost|p1b: Landorus|atk|1\n|-end|p2b: Iron Hands|Quark Drive|[silent]\n|switch|p2b: Amoonguss|Amoonguss, F|86\/100\n|move|p1b: Landorus|Brick Break|p2a: Landorus\n|-resisted|p2a: Landorus\n|-damage|p2a: Landorus|92\/100\n|move|p1a: Cresselia|Trick Room|p1a: Cresselia\n|-fieldstart|move: Trick Room|[of] p1a: Cresselia\n|\n|-weather|Snow|[upkeep]\n|upkeep\n|turn|5\n|\n|t:|1699327387\n|switch|p1a: Sinistcha|Sinistcha-Masterpiece, shiny|100\/100\n|move|p2b: Amoonguss|Spore|p1a: Sinistcha\n|-immune|p1a: Sinistcha\n|move|p1b: Landorus|Taunt|p2b: Amoonguss\n|-start|p2b: Amoonguss|move: Taunt\n|move|p2a: Landorus|U-turn|p1a: Sinistcha\n|-damage|p1a: Sinistcha|85\/100\n|-enditem|p1a: Sinistcha|Kee Berry|[eat]\n|-boost|p1a: Sinistcha|def|1|[from] item: Kee Berry\n|\n|t:|1699327409\n|switch|p2a: Iron Hands|Iron Hands|100\/100|[from] U-turn\n|\n|-weather|none\n|upkeep\n|turn|6\n|\n|t:|1699327462\n|switch|p2b: Landorus|Landorus-Therian, M|92\/100\n|-ability|p2b: Landorus|Intimidate|boost\n|-unboost|p1a: Sinistcha|atk|1\n|-unboost|p1b: Landorus|atk|1\n|move|p2a: Iron Hands|Fake Out|p1b: Landorus\n|-damage|p1b: Landorus|77\/100\n|move|p1a: Sinistcha|Calm Mind|p1a: Sinistcha\n|-boost|p1a: Sinistcha|spa|1\n|-boost|p1a: Sinistcha|spd|1\n|cant|p1b: Landorus|flinch\n|\n|upkeep\n|turn|7\n|\n|t:|1699327500\n|-terastallize|p2b: Landorus|Flying\n|move|p1a: Sinistcha|Calm Mind|p1a: Sinistcha\n|-boost|p1a: Sinistcha|spa|1\n|-boost|p1a: Sinistcha|spd|1\n|move|p2a: Iron Hands|Heavy Slam|p1a: Sinistcha\n|-damage|p1a: Sinistcha|67\/100\n|move|p1b: Landorus|Stealth Rock|p2a: Iron Hands\n|-sidestart|p2: Ill Will the 1st|move: Stealth Rock\n|move|p2b: Landorus|Tera Blast|p1a: Sinistcha|[anim] Tera Blast Flying\n|-supereffective|p1a: Sinistcha\n|-damage|p1a: Sinistcha|20\/100\n|\n|upkeep\n|turn|8\n|\n|t:|1699327520\n|-terastallize|p1a: Sinistcha|Water\n|move|p1a: Sinistcha|Matcha Gotcha|p2a: Iron Hands|[spread] p2a,p2b\n|-resisted|p2b: Landorus\n|-damage|p2a: Iron Hands|68\/100\n|-heal|p1a: Sinistcha|46\/100|[from] drain|[of] p2a: Iron Hands\n|-damage|p2b: Landorus|53\/100\n|-heal|p1a: Sinistcha|69\/100|[from] drain|[of] p2b: Landorus\n|-status|p2a: Iron Hands|brn\n|move|p2a: Iron Hands|Heavy Slam|p1b: Landorus\n|-damage|p1b: Landorus|61\/100\n|move|p1b: Landorus|U-turn|p2a: Iron Hands\n|-resisted|p2a: Iron Hands\n|-damage|p2a: Iron Hands|64\/100 brn\n|\n|t:|1699327533\n|switch|p1b: Cresselia|Cresselia, F, shiny|95\/100|[from] U-turn\n|move|p2b: Landorus|Tera Blast|p1a: Sinistcha|[anim] Tera Blast Flying\n|-damage|p1a: Sinistcha|42\/100\n|\n|-damage|p2a: Iron Hands|57\/100 brn|[from] brn\n|-fieldend|move: Trick Room\n|upkeep\n|turn|9\n|\n|t:|1699327549\n|switch|p2b: Sinistcha|Sinistcha|100\/100\n|-damage|p2b: Sinistcha|88\/100|[from] Stealth Rock\n|-heal|p2a: Iron Hands|82\/100 brn|[from] ability: Hospitality|[of] p2b: Sinistcha\n|move|p2a: Iron Hands|Wild Charge|p1a: Sinistcha\n|-supereffective|p1a: Sinistcha\n|-damage|p1a: Sinistcha|21\/100\n|-damage|p2a: Iron Hands|79\/100 brn|[from] Recoil\n|move|p1a: Sinistcha|Matcha Gotcha|p2a: Iron Hands|[spread] p2a,p2b\n|-resisted|p2b: Sinistcha\n|-damage|p2a: Iron Hands|45\/100 brn\n|-heal|p1a: Sinistcha|48\/100|[from] drain|[of] p2a: Iron Hands\n|-damage|p2b: Sinistcha|57\/100\n|-heal|p1a: Sinistcha|67\/100|[from] drain|[of] p2b: Sinistcha\n|move|p1b: Cresselia|Trick Room|p1b: Cresselia\n|-fieldstart|move: Trick Room|[of] p1b: Cresselia\n|\n|-damage|p2a: Iron Hands|38\/100 brn|[from] brn\n|-sideend|p1: ac1516|move: Aurora Veil\n|upkeep\n|turn|10\n|\n|t:|1699327601\n|-end|p2a: Iron Hands|Quark Drive|[silent]\n|switch|p2a: Chien-Pao|Chien-Pao|78\/100\n|-damage|p2a: Chien-Pao|53\/100|[from] Stealth Rock\n|-ability|p2a: Chien-Pao|Sword of Ruin\n|move|p1a: Sinistcha|Shadow Ball|p2b: Sinistcha\n|-supereffective|p2b: Sinistcha\n|-damage|p2b: Sinistcha|0 fnt\n|faint|p2b: Sinistcha\n|move|p1b: Cresselia|Lunar Blessing|p1b: Cresselia|[spread] p1a,p1b\n|-heal|p1a: Sinistcha|92\/100\n|-heal|p1b: Cresselia|100\/100\n|\n|upkeep\n|\n|t:|1699327617\n|switch|p2b: Iron Hands|Iron Hands|38\/100 brn\n|-damage|p2b: Iron Hands|32\/100 brn|[from] Stealth Rock\n|turn|11\n|\n|t:|1699327634\n|switch|p1b: Landorus|Landorus-Therian, M, shiny|61\/100\n|-ability|p1b: Landorus|Intimidate|boost\n|-unboost|p2a: Chien-Pao|atk|1\n|-unboost|p2b: Iron Hands|atk|1\n|move|p2b: Iron Hands|Fake Out|p1b: Landorus\n|-damage|p1b: Landorus|55\/100\n|move|p1a: Sinistcha|Matcha Gotcha|p2a: Chien-Pao|[spread] p2b\n|-miss|p1a: Sinistcha|p2a: Chien-Pao\n|-damage|p2b: Iron Hands|0 fnt\n|-heal|p1a: Sinistcha|100\/100|[from] drain|[of] p2b: Iron Hands\n|faint|p2b: Iron Hands\n|-end|p2b: Iron Hands|Quark Drive|[silent]\n|move|p2a: Chien-Pao|Crunch|p1b: Landorus\n|-damage|p1b: Landorus|20\/100\n|-unboost|p1b: Landorus|def|1\n|\n|upkeep\n|\n|t:|1699327650\n|switch|p2b: Flutter Mane|Flutter Mane|100\/100\n|-damage|p2b: Flutter Mane|88\/100|[from] Stealth Rock\n|turn|12\n|\n|t:|1699327707\n|move|p2a: Chien-Pao|Protect|p2a: Chien-Pao\n|-singleturn|p2a: Chien-Pao|Protect\n|move|p1a: Sinistcha|Shadow Ball|p2b: Flutter Mane\n|-supereffective|p2b: Flutter Mane\n|-damage|p2b: Flutter Mane|0 fnt\n|faint|p2b: Flutter Mane\n|-end|p2b: Flutter Mane|Protosynthesis|[silent]\n|move|p1b: Landorus|Brick Break|p2a: Chien-Pao\n|-activate|p2a: Chien-Pao|move: Protect\n|\n|upkeep\n|\n|t:|1699327718\n|switch|p2b: Amoonguss|Amoonguss, F|100\/100\n|-damage|p2b: Amoonguss|88\/100|[from] Stealth Rock\n|turn|13\n|\n|t:|1699327771\n|switch|p2a: Landorus|Landorus-Therian, M, tera:Flying|53\/100\n|-damage|p2a: Landorus|28\/100|[from] Stealth Rock\n|-ability|p2a: Landorus|Intimidate|boost\n|-unboost|p1a: Sinistcha|atk|1\n|-unboost|p1b: Landorus|atk|1\n|move|p2b: Amoonguss|Spore|p1a: Sinistcha\n|-status|p1a: Sinistcha|slp|[from] move: Spore\n|cant|p1a: Sinistcha|slp\n|move|p1b: Landorus|Taunt|p2b: Amoonguss\n|-start|p2b: Amoonguss|move: Taunt\n|\n|-fieldend|move: Trick Room\n|upkeep\n|turn|14\n|\n|t:|1699327798\n|move|p2a: Landorus|Rock Slide|p1a: Sinistcha|[spread] p1a,p1b\n|-damage|p1a: Sinistcha|88\/100 slp\n|-damage|p1b: Landorus|0 fnt\n|faint|p1b: Landorus\n|move|p2b: Amoonguss|Pollen Puff|p2a: Landorus\n|-heal|p2a: Landorus|78\/100\n|cant|p1a: Sinistcha|slp\n|\n|upkeep\n|\n|t:|1699327840\n|switch|p1b: Cresselia|Cresselia, F, shiny|100\/100\n|turn|15\n|\n|t:|1699327858\n|switch|p2b: Chien-Pao|Chien-Pao|53\/100\n|-damage|p2b: Chien-Pao|28\/100|[from] Stealth Rock\n|-ability|p2b: Chien-Pao|Sword of Ruin\n|move|p2a: Landorus|Rock Slide|p1b: Cresselia|[spread] p1a,p1b\n|-damage|p1a: Sinistcha|70\/100 slp\n|-damage|p1b: Cresselia|84\/100\n|cant|p1a: Sinistcha|slp\n|cant|p1b: Cresselia|flinch\n|\n|upkeep\n|turn|16\n|\n|t:|1699327917\n|switch|p2a: Amoonguss|Amoonguss, F|100\/100\n|-damage|p2a: Amoonguss|88\/100|[from] Stealth Rock\n|move|p2b: Chien-Pao|Crunch|p1b: Cresselia\n|-supereffective|p1b: Cresselia\n|-damage|p1b: Cresselia|15\/100\n|move|p1b: Cresselia|Safeguard|p1b: Cresselia\n|-sidestart|p1: ac1516|Safeguard\n|-curestatus|p1a: Sinistcha|slp|[msg]\n|move|p1a: Sinistcha|Trick Room|p1a: Sinistcha\n|-fieldstart|move: Trick Room|[of] p1a: Sinistcha\n|\n|upkeep\n|turn|17\n|\n|t:|1699327938\n|move|p2a: Amoonguss|Pollen Puff|p2b: Chien-Pao\n|-heal|p2b: Chien-Pao|78\/100\n|move|p1a: Sinistcha|Matcha Gotcha|p2a: Amoonguss|[spread] p2b\n|-miss|p1a: Sinistcha|p2a: Amoonguss\n|-damage|p2b: Chien-Pao|0 fnt\n|-heal|p1a: Sinistcha|100\/100|[from] drain|[of] p2b: Chien-Pao\n|faint|p2b: Chien-Pao\n|move|p1b: Cresselia|Lunar Blessing|p1b: Cresselia|[spread] p1a,p1b\n|-heal|p1b: Cresselia|40\/100\n|\n|upkeep\n|\n|t:|1699327955\n|switch|p2b: Landorus|Landorus-Therian, M, tera:Flying|78\/100\n|-damage|p2b: Landorus|53\/100|[from] Stealth Rock\n|-ability|p2b: Landorus|Intimidate|boost\n|-unboost|p1a: Sinistcha|atk|1\n|-unboost|p1b: Cresselia|atk|1\n|turn|18\n|\n|t:|1699328034\n|move|p2a: Amoonguss|Spore|p1a: Sinistcha\n|-activate|p1a: Sinistcha|move: Safeguard\n|move|p1a: Sinistcha|Shadow Ball|p2b: Landorus\n|-damage|p2b: Landorus|0 fnt\n|faint|p2b: Landorus\n|move|p1b: Cresselia|Lunar Blessing|p1b: Cresselia|[spread] p1a,p1b\n|-heal|p1b: Cresselia|65\/100\n|\n|upkeep\n|turn|19\n|\n|t:|1699328168\n|move|p1b: Cresselia|Helping Hand|p1a: Sinistcha\n|-singleturn|p1a: Sinistcha|Helping Hand|[of] p1b: Cresselia\n|move|p2a: Amoonguss|Pollen Puff|p1b: Cresselia\n|-supereffective|p1b: Cresselia\n|-damage|p1b: Cresselia|44\/100\n|move|p1a: Sinistcha|Shadow Ball|p2a: Amoonguss\n|-damage|p2a: Amoonguss|0 fnt\n|faint|p2a: Amoonguss\n|\n|win|ac1516\n|raw|ac1516's rating: 1393 &rarr; <strong>1412<\/strong><br \/>(+19 for winning)\n|raw|Ill Will the 1st's rating: 1378 &rarr; <strong>1359<\/strong><br \/>(-19 for losing)\n|l|\u2606Ill Will the 1st\n","uploadtime":1699328245,"views":8,"p1id":"ac1516","p2id":"illwillthe1st","formatid":"gen9doublesou","rating":1359,"private":0,"password":""}