{"id":"gen9doublesou-1972510460","p1":"WattMB","p2":"Hokusaid","format":"[Gen 9] Doubles OU","log":"|j|\u2606WattMB\n|j|\u2606Hokusaid\n|t:|1697851130\n|gametype|doubles\n|player|p1|WattMB|170|1132\n|player|p2|Hokusaid|veteran|1111\n|teamsize|p1|6\n|teamsize|p2|6\n|gen|9\n|tier|[Gen 9] Doubles OU\n|rated|\n|rule|Species Clause: Limit one of each Pok\u00e9mon\n|rule|OHKO Clause: OHKO moves are banned\n|rule|Evasion Moves Clause: Evasion moves are banned\n|rule|Gravity Sleep Clause: The combination of sleep-inducing moves with imperfect accuracy and Gravity or Gigantamax Orbeetle are banned\n|rule|Endless Battle Clause: Forcing endless battles is banned\n|rule|HP Percentage Mod: HP is shown in percentages\n|clearpoke\n|poke|p1|Hoopa-Unbound|\n|poke|p1|Tornadus, M|\n|poke|p1|Garganacl, M|\n|poke|p1|Sinistcha-Masterpiece|\n|poke|p1|Basculegion-F, F|\n|poke|p1|Ursaluna-Bloodmoon, M|\n|poke|p2|Baxcalibur, F|\n|poke|p2|Oranguru, F|\n|poke|p2|Tornadus, M|\n|poke|p2|Great Tusk|\n|poke|p2|Armarouge, F|\n|poke|p2|Ninetales-Alola, F|\n|teampreview\n|\n|t:|1697851156\n|start\n|switch|p1a: Tornadus|Tornadus, M|100\/100\n|switch|p1b: Ursaluna|Ursaluna-Bloodmoon, M|100\/100\n|switch|p2a: Tornadus|Tornadus, M|100\/100\n|switch|p2b: Great Tusk|Great Tusk, shiny|100\/100\n|-enditem|p2b: Great Tusk|Booster Energy\n|-activate|p2b: Great Tusk|ability: Protosynthesis|[fromitem]\n|-start|p2b: Great Tusk|protosynthesisatk\n|turn|1\n|\n|t:|1697851200\n|move|p1a: Tornadus|Tailwind|p1a: Tornadus\n|-sidestart|p1: WattMB|move: Tailwind\n|move|p2a: Tornadus|Taunt|p1a: Tornadus\n|-start|p1a: Tornadus|move: Taunt\n|move|p1b: Ursaluna|Blood Moon|p2a: Tornadus\n|-damage|p2a: Tornadus|24\/100\n|move|p2b: Great Tusk|Brick Break|p1b: Ursaluna\n|-supereffective|p1b: Ursaluna\n|-damage|p1b: Ursaluna|31\/100\n|\n|-heal|p1b: Ursaluna|37\/100|[from] item: Leftovers\n|upkeep\n|turn|2\n|\n|t:|1697851228\n|move|p2a: Tornadus|Tailwind|p2a: Tornadus\n|-sidestart|p2: Hokusaid|move: Tailwind\n|move|p1a: Tornadus|Bleakwind Storm|p2b: Great Tusk|[spread] p2a\n|-miss|p1a: Tornadus|p2b: Great Tusk\n|-damage|p2a: Tornadus|0 fnt\n|faint|p2a: Tornadus\n|move|p2b: Great Tusk|Brick Break|p1b: Ursaluna\n|-supereffective|p1b: Ursaluna\n|-damage|p1b: Ursaluna|0 fnt\n|faint|p1b: Ursaluna\n|\n|upkeep\n|\n|t:|1697851270\n|switch|p2a: Ninetales|Ninetales-Alola, F, shiny|100\/100\n|switch|p1b: Garganacl|Garganacl, M|100\/100\n|-weather|Snow|[from] ability: Snow Warning|[of] p2a: Ninetales\n|turn|3\n|\n|t:|1697851288\n|move|p2a: Ninetales|Blizzard|p1b: Garganacl|[spread] p1a,p1b\n|-supereffective|p1a: Tornadus\n|-damage|p1a: Tornadus|20\/100\n|-damage|p1b: Garganacl|80\/100\n|move|p1a: Tornadus|Bleakwind Storm|p2b: Great Tusk|[spread] \n|-miss|p1a: Tornadus|p2a: Ninetales\n|-miss|p1a: Tornadus|p2b: Great Tusk\n|move|p2b: Great Tusk|Brick Break|p1b: Garganacl\n|-supereffective|p1b: Garganacl\n|-damage|p1b: Garganacl|11\/100\n|move|p1b: Garganacl|Salt Cure|p2a: Ninetales\n|-supereffective|p2a: Ninetales\n|-damage|p2a: Ninetales|74\/100\n|-start|p2a: Ninetales|Salt Cure\n|\n|-weather|Snow|[upkeep]\n|-heal|p1b: Garganacl|17\/100|[from] item: Leftovers\n|-damage|p2a: Ninetales|62\/100|[from] Salt Cure\n|upkeep\n|turn|4\n|\n|t:|1697851318\n|-end|p2b: Great Tusk|Protosynthesis|[silent]\n|switch|p2b: Baxcalibur|Baxcalibur, F|100\/100\n|move|p1b: Garganacl|Protect|p1b: Garganacl\n|-singleturn|p1b: Garganacl|Protect\n|move|p2a: Ninetales|Blizzard|p1b: Garganacl|[spread] p1a\n|-activate|p1b: Garganacl|move: Protect\n|-supereffective|p1a: Tornadus\n|-damage|p1a: Tornadus|0 fnt\n|faint|p1a: Tornadus\n|\n|-weather|Snow|[upkeep]\n|-heal|p1b: Garganacl|23\/100|[from] item: Leftovers\n|-damage|p2a: Ninetales|49\/100|[from] Salt Cure\n|-sideend|p1: WattMB|move: Tailwind\n|upkeep\n|\n|t:|1697851331\n|switch|p1a: Sinistcha|Sinistcha-Masterpiece|100\/100\n|-heal|p1b: Garganacl|48\/100|[from] ability: Hospitality|[of] p1a: Sinistcha\n|turn|5\n|\n|t:|1697851356\n|move|p1a: Sinistcha|Protect|p1a: Sinistcha\n|-singleturn|p1a: Sinistcha|Protect\n|move|p2a: Ninetales|Blizzard|p1b: Garganacl|[spread] p1b\n|-activate|p1a: Sinistcha|move: Protect\n|-damage|p1b: Garganacl|26\/100\n|move|p2b: Baxcalibur|Dragon Dance|p2b: Baxcalibur\n|-boost|p2b: Baxcalibur|atk|1\n|-boost|p2b: Baxcalibur|spe|1\n|move|p1b: Garganacl|Salt Cure|p2b: Baxcalibur\n|-supereffective|p2b: Baxcalibur\n|-damage|p2b: Baxcalibur|85\/100\n|-start|p2b: Baxcalibur|Salt Cure\n|\n|-weather|Snow|[upkeep]\n|-heal|p2b: Baxcalibur|92\/100|[from] ability: Ice Body\n|-heal|p2b: Baxcalibur|98\/100|[from] item: Leftovers\n|-heal|p1b: Garganacl|32\/100|[from] item: Leftovers\n|-damage|p2a: Ninetales|37\/100|[from] Salt Cure\n|-damage|p2b: Baxcalibur|85\/100|[from] Salt Cure\n|-sideend|p2: Hokusaid|move: Tailwind\n|upkeep\n|turn|6\n|\n|t:|1697851387\n|move|p2b: Baxcalibur|Ice Shard|p1b: Garganacl\n|-crit|p1b: Garganacl\n|-damage|p1b: Garganacl|3\/100\n|move|p2a: Ninetales|Blizzard|p1b: Garganacl|[spread] p1a,p1b\n|-supereffective|p1a: Sinistcha\n|-damage|p1a: Sinistcha|30\/100\n|-damage|p1b: Garganacl|0 fnt\n|faint|p1b: Garganacl\n|move|p1a: Sinistcha|Life Dew|p1a: Sinistcha\n|-heal|p1a: Sinistcha|55\/100\n|\n|-weather|Snow|[upkeep]\n|-heal|p2b: Baxcalibur|92\/100|[from] ability: Ice Body\n|-heal|p2b: Baxcalibur|98\/100|[from] item: Leftovers\n|-damage|p2a: Ninetales|25\/100|[from] Salt Cure\n|-damage|p2b: Baxcalibur|85\/100|[from] Salt Cure\n|upkeep\n|\n|t:|1697851401\n|switch|p1b: Hoopa|Hoopa-Unbound|100\/100\n|turn|7\n|\n|t:|1697851429\n|switch|p2a: Oranguru|Oranguru, F, shiny|100\/100\n|move|p2b: Baxcalibur|Ice Shard|p1a: Sinistcha\n|-supereffective|p1a: Sinistcha\n|-damage|p1a: Sinistcha|0 fnt\n|faint|p1a: Sinistcha\n|move|p1b: Hoopa|Drain Punch|p2b: Baxcalibur\n|-supereffective|p2b: Baxcalibur\n|-damage|p2b: Baxcalibur|53\/100\n|\n|-weather|Snow|[upkeep]\n|-heal|p2b: Baxcalibur|59\/100|[from] ability: Ice Body\n|-heal|p2b: Baxcalibur|65\/100|[from] item: Leftovers\n|-damage|p2b: Baxcalibur|53\/100|[from] Salt Cure\n|upkeep\n|\n|t:|1697851442\n|switch|p1a: Basculegion|Basculegion-F, F|100\/100\n|turn|8\n|\n|t:|1697851461\n|move|p1a: Basculegion|Last Respects|p2a: Oranguru\n|-immune|p2a: Oranguru\n|move|p1b: Hoopa|Drain Punch|p2b: Baxcalibur\n|-supereffective|p2b: Baxcalibur\n|-damage|p2b: Baxcalibur|20\/100\n|move|p2b: Baxcalibur|Breaking Swipe|p1a: Basculegion|[spread] p1a,p1b\n|-damage|p1a: Basculegion|63\/100\n|-damage|p1b: Hoopa|48\/100\n|-unboost|p1a: Basculegion|atk|1\n|-unboost|p1b: Hoopa|atk|1\n|move|p2a: Oranguru|Instruct|p2b: Baxcalibur\n|-singleturn|p2b: Baxcalibur|move: Instruct|[of] p2a: Oranguru\n|move|p2b: Baxcalibur|Breaking Swipe|p1a: Basculegion|[spread] p1a,p1b\n|-damage|p1a: Basculegion|26\/100\n|-damage|p1b: Hoopa|0 fnt\n|-unboost|p1a: Basculegion|atk|1\n|faint|p1b: Hoopa\n|\n|-weather|Snow|[upkeep]\n|-heal|p2b: Baxcalibur|26\/100|[from] ability: Ice Body\n|-heal|p2b: Baxcalibur|32\/100|[from] item: Leftovers\n|-damage|p2b: Baxcalibur|20\/100|[from] Salt Cure\n|upkeep\n|turn|9\n|\n|t:|1697851492\n|move|p2b: Baxcalibur|Ice Shard|p1a: Basculegion\n|-resisted|p1a: Basculegion\n|-damage|p1a: Basculegion|7\/100\n|move|p1a: Basculegion|Last Respects|p2b: Baxcalibur\n|-damage|p2b: Baxcalibur|0 fnt\n|faint|p2b: Baxcalibur\n|move|p2a: Oranguru|Psychic|p1a: Basculegion\n|-damage|p1a: Basculegion|0 fnt\n|faint|p1a: Basculegion\n|\n|win|Hokusaid\n|raw|WattMB's rating: 1132 &rarr; <strong>1105<\/strong><br \/>(-27 for losing)\n|raw|Hokusaid's rating: 1111 &rarr; <strong>1138<\/strong><br \/>(+27 for winning)\n","uploadtime":1697851523,"views":17,"p1id":"wattmb","p2id":"hokusaid","formatid":"gen9doublesou","rating":1105,"private":0,"password":""}