{"id":"gen9doublesou-1978813095","p1":"Arg0s","p2":"NotSeriously","format":"[Gen 9] Doubles OU","log":"|j|\u2606Arg0s\n|j|\u2606NotSeriously\n|t:|1698598265\n|gametype|doubles\n|player|p1|Arg0s|265|1008\n|player|p2|NotSeriously|unknown|1090\n|teamsize|p1|6\n|teamsize|p2|6\n|gen|9\n|tier|[Gen 9] Doubles OU\n|rated|\n|rule|Species Clause: Limit one of each Pok\u00e9mon\n|rule|OHKO Clause: OHKO moves are banned\n|rule|Evasion Moves Clause: Evasion moves are banned\n|rule|Gravity Sleep Clause: The combination of sleep-inducing moves with imperfect accuracy and Gravity or Gigantamax Orbeetle are banned\n|rule|Endless Battle Clause: Forcing endless battles is banned\n|rule|HP Percentage Mod: HP is shown in percentages\n|clearpoke\n|poke|p1|Skeledirge, M|\n|poke|p1|Indeedee-F, F|\n|poke|p1|Maushold-Four|\n|poke|p1|Pachirisu, F|\n|poke|p1|Meowscarada, M|\n|poke|p1|Great Tusk|\n|poke|p2|Flamigo, F|\n|poke|p2|Azumarill, M|\n|poke|p2|Grimmsnarl, M|\n|poke|p2|Ursaluna, M|\n|poke|p2|Amoonguss, M|\n|poke|p2|Iron Hands|\n|teampreview\n|inactive|Battle timer is ON: inactive players will automatically lose when time's up. (requested by Arg0s)\n|\n|t:|1698598283\n|start\n|switch|p1a: Skeledirge|Skeledirge, M|100\/100\n|switch|p1b: Indeedee|Indeedee-F, F|100\/100\n|switch|p2a: Azumarill|Azumarill, M|100\/100\n|switch|p2b: Grimmsnarl|Grimmsnarl, M|100\/100\n|-fieldstart|move: Psychic Terrain|[from] ability: Psychic Surge|[of] p1b: Indeedee\n|turn|1\n|\n|t:|1698598311\n|move|p2a: Azumarill|Protect|p2a: Azumarill\n|-singleturn|p2a: Azumarill|Protect\n|move|p1b: Indeedee|Follow Me|p1b: Indeedee\n|-singleturn|p1b: Indeedee|move: Follow Me\n|move|p2b: Grimmsnarl|Light Screen|p2b: Grimmsnarl\n|-sidestart|p2: NotSeriously|move: Light Screen\n|move|p1a: Skeledirge|Flame Charge|p2b: Grimmsnarl\n|-damage|p2b: Grimmsnarl|86\/100\n|-boost|p1a: Skeledirge|spe|1\n|\n|upkeep\n|turn|2\n|\n|t:|1698598340\n|move|p1b: Indeedee|Follow Me|p1b: Indeedee\n|-singleturn|p1b: Indeedee|move: Follow Me\n|move|p2b: Grimmsnarl|Reflect|p2b: Grimmsnarl\n|-sidestart|p2: NotSeriously|Reflect\n|move|p1a: Skeledirge|Flame Charge|p2b: Grimmsnarl\n|-damage|p2b: Grimmsnarl|75\/100\n|-boost|p1a: Skeledirge|spe|1\n|move|p2a: Azumarill|Belly Drum|p2a: Azumarill\n|-damage|p2a: Azumarill|51\/100\n|-setboost|p2a: Azumarill|atk|6|[from] move: Belly Drum\n|\n|upkeep\n|turn|3\n|\n|t:|1698598357\n|move|p1b: Indeedee|Follow Me|p1b: Indeedee\n|-singleturn|p1b: Indeedee|move: Follow Me\n|move|p2b: Grimmsnarl|Sucker Punch||[still]\n|-fail|p2b: Grimmsnarl\n|move|p1a: Skeledirge|Flame Charge|p2b: Grimmsnarl\n|-damage|p2b: Grimmsnarl|64\/100\n|-boost|p1a: Skeledirge|spe|1\n|move|p2a: Azumarill|Play Rough|p1b: Indeedee\n|-enditem|p1b: Indeedee|Focus Sash\n|-damage|p1b: Indeedee|1\/100\n|\n|upkeep\n|turn|4\n|\n|t:|1698598379\n|move|p1b: Indeedee|Follow Me|p1b: Indeedee\n|-singleturn|p1b: Indeedee|move: Follow Me\n|move|p2b: Grimmsnarl|Sucker Punch||[still]\n|-fail|p2b: Grimmsnarl\n|move|p1a: Skeledirge|Flame Charge|p2b: Grimmsnarl\n|-damage|p2b: Grimmsnarl|54\/100\n|-boost|p1a: Skeledirge|spe|1\n|move|p2a: Azumarill|Play Rough|p1b: Indeedee\n|-damage|p1b: Indeedee|0 fnt\n|faint|p1b: Indeedee\n|\n|upkeep\n|\n|t:|1698598402\n|switch|p1b: Pachirisu|Pachirisu, F|100\/100\n|turn|5\n|\n|t:|1698598421\n|switch|p2b: Iron Hands|Iron Hands|100\/100\n|-enditem|p2b: Iron Hands|Booster Energy\n|-activate|p2b: Iron Hands|ability: Quark Drive|[fromitem]\n|-start|p2b: Iron Hands|quarkdriveatk\n|move|p2a: Azumarill|Protect|p2a: Azumarill\n|-singleturn|p2a: Azumarill|Protect\n|move|p1b: Pachirisu|Follow Me|p1b: Pachirisu\n|-singleturn|p1b: Pachirisu|move: Follow Me\n|move|p1a: Skeledirge|Flame Charge|p2b: Iron Hands\n|-damage|p2b: Iron Hands|95\/100\n|-boost|p1a: Skeledirge|spe|1\n|\n|-fieldend|move: Psychic Terrain\n|upkeep\n|turn|6\n|\n|t:|1698598445\n|move|p1b: Pachirisu|Follow Me|p1b: Pachirisu\n|-singleturn|p1b: Pachirisu|move: Follow Me\n|move|p2a: Azumarill|Aqua Jet|p1b: Pachirisu\n|-enditem|p1b: Pachirisu|Focus Sash\n|-damage|p1b: Pachirisu|1\/100\n|move|p1a: Skeledirge|Torch Song|p2a: Azumarill\n|-resisted|p2a: Azumarill\n|-damage|p2a: Azumarill|39\/100\n|-boost|p1a: Skeledirge|spa|1\n|-enditem|p2a: Azumarill|Sitrus Berry|[eat]\n|-heal|p2a: Azumarill|64\/100|[from] item: Sitrus Berry\n|move|p2b: Iron Hands|Wild Charge|p1b: Pachirisu\n|-heal|p1b: Pachirisu|26\/100|[from] ability: Volt Absorb|[of] p2b: Iron Hands\n|\n|upkeep\n|turn|7\n|inactive|Arg0s has 120 seconds left.\n|inactive|NotSeriously has 120 seconds left.\n|\n|t:|1698598500\n|move|p1b: Pachirisu|Follow Me|p1b: Pachirisu\n|-singleturn|p1b: Pachirisu|move: Follow Me\n|move|p2a: Azumarill|Aqua Jet|p1b: Pachirisu\n|-damage|p1b: Pachirisu|0 fnt\n|faint|p1b: Pachirisu\n|move|p1a: Skeledirge|Torch Song|p2a: Azumarill\n|-resisted|p2a: Azumarill\n|-damage|p2a: Azumarill|46\/100\n|-boost|p1a: Skeledirge|spa|1\n|move|p2b: Iron Hands|Iron Head|p1a: Skeledirge\n|-resisted|p1a: Skeledirge\n|-damage|p1a: Skeledirge|88\/100\n|\n|-heal|p1a: Skeledirge|94\/100|[from] item: Leftovers\n|upkeep\n|\n|t:|1698598517\n|switch|p1b: Meowscarada|Meowscarada, M|100\/100\n|turn|8\n|inactive|NotSeriously has 120 seconds left.\n|inactive|Arg0s has 120 seconds left.\n|\n|t:|1698598532\n|move|p2a: Azumarill|Aqua Jet|p1a: Skeledirge\n|-supereffective|p1a: Skeledirge\n|-damage|p1a: Skeledirge|66\/100\n|move|p1a: Skeledirge|Torch Song|p2b: Iron Hands\n|-damage|p2b: Iron Hands|67\/100\n|-boost|p1a: Skeledirge|spa|1\n|move|p1b: Meowscarada|Flower Trick|p2a: Azumarill\n|-start|p1b: Meowscarada|typechange|Grass|[from] ability: Protean\n|-supereffective|p2a: Azumarill\n|-crit|p2a: Azumarill\n|-damage|p2a: Azumarill|0 fnt\n|faint|p2a: Azumarill\n|move|p2b: Iron Hands|Iron Head|p1a: Skeledirge\n|-resisted|p1a: Skeledirge\n|-damage|p1a: Skeledirge|54\/100\n|\n|-heal|p1a: Skeledirge|60\/100|[from] item: Leftovers\n|-sideend|p2: NotSeriously|move: Light Screen\n|upkeep\n|\n|t:|1698598549\n|switch|p2a: Flamigo|Flamigo, F|100\/100\n|-copyboost|p2a: Flamigo|p2b: Iron Hands|[from] ability: Costar\n|turn|9\n|inactive|NotSeriously has 120 seconds left.\n|\n|t:|1698598564\n|move|p1a: Skeledirge|Torch Song|p2a: Flamigo\n|-damage|p2a: Flamigo|0 fnt\n|-boost|p1a: Skeledirge|spa|1\n|faint|p2a: Flamigo\n|move|p1b: Meowscarada|Pollen Puff|p1a: Skeledirge\n|-heal|p1a: Skeledirge|100\/100\n|move|p2b: Iron Hands|Wild Charge|p1a: Skeledirge\n|-damage|p1a: Skeledirge|62\/100\n|-damage|p2b: Iron Hands|58\/100|[from] Recoil\n|\n|-heal|p1a: Skeledirge|68\/100|[from] item: Leftovers\n|-sideend|p2: NotSeriously|Reflect\n|upkeep\n|inactive|NotSeriously has 120 seconds left.\n|\n|t:|1698598581\n|switch|p2a: Grimmsnarl|Grimmsnarl, M|54\/100\n|turn|10\n|\n|t:|1698598595\n|move|p2a: Grimmsnarl|Sucker Punch|p1a: Skeledirge\n|-supereffective|p1a: Skeledirge\n|-damage|p1a: Skeledirge|25\/100\n|move|p1a: Skeledirge|Torch Song|p2a: Grimmsnarl\n|-damage|p2a: Grimmsnarl|0 fnt\n|-boost|p1a: Skeledirge|spa|1\n|faint|p2a: Grimmsnarl\n|move|p1b: Meowscarada|Pollen Puff|p1a: Skeledirge\n|-heal|p1a: Skeledirge|75\/100\n|move|p2b: Iron Hands|Wild Charge|p1a: Skeledirge\n|-damage|p1a: Skeledirge|36\/100\n|-damage|p2b: Iron Hands|49\/100|[from] Recoil\n|\n|-heal|p1a: Skeledirge|42\/100|[from] item: Leftovers\n|upkeep\n|inactive|NotSeriously has 120 seconds left.\n|\n|t:|1698598611\n|switch|p2a: Amoonguss|Amoonguss, M|100\/100\n|turn|11\n|\n|t:|1698598622\n|move|p1a: Skeledirge|Slack Off|p1a: Skeledirge\n|-heal|p1a: Skeledirge|92\/100\n|move|p1b: Meowscarada|Taunt|p2a: Amoonguss\n|-start|p2a: Amoonguss|move: Taunt\n|move|p2b: Iron Hands|Wild Charge|p1a: Skeledirge\n|-damage|p1a: Skeledirge|50\/100\n|-damage|p2b: Iron Hands|39\/100|[from] Recoil\n|cant|p2a: Amoonguss|move: Taunt|Spore\n|\n|-heal|p1a: Skeledirge|57\/100|[from] item: Leftovers\n|upkeep\n|turn|12\n|\n|t:|1698598643\n|move|p1a: Skeledirge|Torch Song|p2a: Amoonguss\n|-supereffective|p2a: Amoonguss\n|-damage|p2a: Amoonguss|0 fnt\n|-boost|p1a: Skeledirge|spa|1\n|faint|p2a: Amoonguss\n|move|p1b: Meowscarada|Pollen Puff|p1a: Skeledirge\n|-heal|p1a: Skeledirge|100\/100\n|move|p2b: Iron Hands|Wild Charge|p1a: Skeledirge\n|-damage|p1a: Skeledirge|55\/100\n|-damage|p2b: Iron Hands|29\/100|[from] Recoil\n|\n|-heal|p1a: Skeledirge|61\/100|[from] item: Leftovers\n|upkeep\n|\n|t:|1698598656\n|switch|p2a: Ursaluna|Ursaluna, M|100\/100\n|turn|13\n|\n|t:|1698598664\n|move|p2a: Ursaluna|Protect|p2a: Ursaluna\n|-singleturn|p2a: Ursaluna|Protect\n|move|p1a: Skeledirge|Torch Song|p2a: Ursaluna\n|-activate|p2a: Ursaluna|move: Protect\n|move|p1b: Meowscarada|Pollen Puff|p1a: Skeledirge\n|-heal|p1a: Skeledirge|100\/100\n|move|p2b: Iron Hands|Wild Charge|p1a: Skeledirge\n|-damage|p1a: Skeledirge|56\/100\n|-damage|p2b: Iron Hands|18\/100|[from] Recoil\n|\n|-heal|p1a: Skeledirge|62\/100|[from] item: Leftovers\n|-status|p2a: Ursaluna|brn|[from] item: Flame Orb\n|upkeep\n|turn|14\n|\n|t:|1698598682\n|move|p1a: Skeledirge|Torch Song|p2a: Ursaluna\n|-damage|p2a: Ursaluna|21\/100 brn\n|move|p1b: Meowscarada|Pollen Puff|p1a: Skeledirge\n|-heal|p1a: Skeledirge|100\/100\n|move|p2b: Iron Hands|Drain Punch|p2a: Ursaluna\n|-supereffective|p2a: Ursaluna\n|-damage|p2a: Ursaluna|0 fnt\n|-heal|p2b: Iron Hands|27\/100|[from] drain|[of] p2a: Ursaluna\n|faint|p2a: Ursaluna\n|\n|upkeep\n|turn|15\n|-message|NotSeriously forfeited.\n|\n|win|Arg0s\n|raw|Arg0s's rating: 1008 &rarr; <strong>1056<\/strong><br \/>(+48 for winning)\n|raw|NotSeriously's rating: 1090 &rarr; <strong>1061<\/strong><br \/>(-29 for losing)\n|l|\u2606NotSeriously\n","uploadtime":1698598722,"views":16,"p1id":"arg0s","p2id":"notseriously","formatid":"gen9doublesou","rating":1056,"private":0,"password":""}