{"id":"gen9doublesou-1988046733","p1":"BotheredHades","p2":"5ft4inchloser","format":"[Gen 9] Doubles OU","log":"|j|\u2606BotheredHades\n|j|\u26065ft4inchloser\n|t:|1699663020\n|gametype|doubles\n|player|p1|BotheredHades|cynthia|1338\n|player|p2|5ft4inchloser|waiter|1407\n|teamsize|p1|6\n|teamsize|p2|6\n|gen|9\n|tier|[Gen 9] Doubles OU\n|rated|\n|rule|Species Clause: Limit one of each Pok\u00e9mon\n|rule|OHKO Clause: OHKO moves are banned\n|rule|Evasion Moves Clause: Evasion moves are banned\n|rule|Gravity Sleep Clause: The combination of sleep-inducing moves with imperfect accuracy and Gravity or Gigantamax Orbeetle are banned\n|rule|Endless Battle Clause: Forcing endless battles is banned\n|rule|HP Percentage Mod: HP is shown in percentages\n|clearpoke\n|poke|p1|Ogerpon-Hearthflame, F|\n|poke|p1|Sinistcha-Masterpiece|\n|poke|p1|Glimmora, M|\n|poke|p1|Kleavor, F|\n|poke|p1|Tornadus, M|\n|poke|p1|Iron Hands|\n|poke|p2|Cresselia, F|\n|poke|p2|Ursaluna, F|\n|poke|p2|Indeedee-F, F|\n|poke|p2|Meowscarada, M|\n|poke|p2|Flutter Mane|\n|poke|p2|Torkoal, M|\n|teampreview\n|inactive|Battle timer is ON: inactive players will automatically lose when time's up. (requested by 5ft4inchloser)\n|\n|t:|1699663038\n|start\n|switch|p1a: Kleavor|Kleavor, F|100\/100\n|switch|p1b: Glimmora|Glimmora, M|100\/100\n|switch|p2a: Cresselia|Cresselia, F|100\/100\n|switch|p2b: Ursaluna|Ursaluna, F|100\/100\n|turn|1\n|\n|t:|1699663055\n|-terastallize|p2a: Cresselia|Fairy\n|move|p1b: Glimmora|Spikes|p2a: Cresselia\n|-sidestart|p2: 5ft4inchloser|Spikes\n|move|p1a: Kleavor|Stone Axe|p2a: Cresselia|[miss]\n|-miss|p1a: Kleavor|p2a: Cresselia\n|move|p2b: Ursaluna|Bulk Up|p2b: Ursaluna\n|-boost|p2b: Ursaluna|atk|1\n|-boost|p2b: Ursaluna|def|1\n|move|p2a: Cresselia|Trick Room|p2a: Cresselia\n|-fieldstart|move: Trick Room|[of] p2a: Cresselia\n|\n|-status|p2b: Ursaluna|brn|[from] item: Flame Orb\n|upkeep\n|turn|2\n|\n|t:|1699663074\n|move|p2a: Cresselia|Ally Switch|p2a: Cresselia\n|swap|p2a: Cresselia|1|[from] move: Ally Switch\n|move|p2a: Ursaluna|High Horsepower|p1b: Glimmora\n|-supereffective|p1b: Glimmora\n|-enditem|p1b: Glimmora|Focus Sash\n|-damage|p1b: Glimmora|1\/100\n|-activate|p1b: Glimmora|ability: Toxic Debris\n|-sidestart|p2: 5ft4inchloser|move: Toxic Spikes\n|move|p1a: Kleavor|U-turn|p2b: Cresselia\n|-resisted|p2b: Cresselia\n|-damage|p2b: Cresselia|87\/100\n|\n|t:|1699663087\n|switch|p1a: Iron Hands|Iron Hands|100\/100|[from] U-turn\n|move|p1b: Glimmora|Sludge Bomb|p2a: Ursaluna\n|-resisted|p2a: Ursaluna\n|-damage|p2a: Ursaluna|81\/100 brn\n|\n|-damage|p2a: Ursaluna|75\/100 brn|[from] brn\n|upkeep\n|turn|3\n|\n|t:|1699663101\n|switch|p2b: Indeedee|Indeedee-F, F|100\/100\n|-damage|p2b: Indeedee|88\/100|[from] Spikes\n|-status|p2b: Indeedee|psn\n|-fieldstart|move: Psychic Terrain|[from] ability: Psychic Surge|[of] p2b: Indeedee\n|-enditem|p2b: Indeedee|Psychic Seed\n|-boost|p2b: Indeedee|spd|1|[from] item: Psychic Seed\n|move|p1a: Iron Hands|Fake Out|p2a: Ursaluna\n|-activate|p2a: Ursaluna|move: Psychic Terrain\n|move|p2a: Ursaluna|High Horsepower|p1a: Iron Hands\n|-supereffective|p1a: Iron Hands\n|-damage|p1a: Iron Hands|0 fnt\n|faint|p1a: Iron Hands\n|-end|p1a: Iron Hands|Quark Drive|[silent]\n|move|p1b: Glimmora|Sludge Bomb|p2b: Indeedee\n|-damage|p2b: Indeedee|61\/100 psn\n|\n|-damage|p2b: Indeedee|49\/100 psn|[from] psn\n|-damage|p2a: Ursaluna|69\/100 brn|[from] brn\n|upkeep\n|\n|t:|1699663120\n|switch|p1a: Tornadus|Tornadus, M|100\/100\n|turn|4\n|\n|t:|1699663135\n|move|p2a: Ursaluna|Facade|p1a: Tornadus\n|-damage|p1a: Tornadus|0 fnt\n|faint|p1a: Tornadus\n|move|p2b: Indeedee|Dazzling Gleam|p1b: Glimmora\n|-resisted|p1b: Glimmora\n|-damage|p1b: Glimmora|0 fnt\n|faint|p1b: Glimmora\n|\n|-damage|p2b: Indeedee|37\/100 psn|[from] psn\n|-damage|p2a: Ursaluna|63\/100 brn|[from] brn\n|upkeep\n|\n|t:|1699663146\n|switch|p1b: Ogerpon|Ogerpon-Hearthflame, F|100\/100\n|switch|p1a: Sinistcha|Sinistcha-Masterpiece|100\/100\n|-ability|p1b: Ogerpon|Mold Breaker\n|turn|5\n|\n|t:|1699663161\n|move|p2b: Indeedee|Helping Hand|p2a: Ursaluna\n|-singleturn|p2a: Ursaluna|Helping Hand|[of] p2b: Indeedee\n|move|p2a: Ursaluna|High Horsepower|p1a: Sinistcha|[miss]\n|-miss|p2a: Ursaluna|p1a: Sinistcha\n|move|p1a: Sinistcha|Foul Play|p2a: Ursaluna\n|-damage|p2a: Ursaluna|35\/100 brn\n|move|p1b: Ogerpon|Horn Leech|p2b: Indeedee\n|-damage|p2b: Indeedee|0 fnt\n|faint|p2b: Indeedee\n|\n|-damage|p2a: Ursaluna|29\/100 brn|[from] brn\n|-fieldend|move: Trick Room\n|upkeep\n|\n|t:|1699663172\n|switch|p2b: Cresselia|Cresselia, F, tera:Fairy|87\/100\n|turn|6\n|\n|t:|1699663179\n|move|p2a: Ursaluna|Protect|p2a: Ursaluna\n|-singleturn|p2a: Ursaluna|Protect\n|move|p1b: Ogerpon|Ivy Cudgel|p2b: Cresselia\n|-damage|p2b: Cresselia|44\/100\n|move|p1a: Sinistcha|Matcha Gotcha|p2a: Ursaluna|[spread] p2b\n|-activate|p2a: Ursaluna|move: Protect\n|-damage|p2b: Cresselia|25\/100\n|move|p2b: Cresselia|Trick Room|p2b: Cresselia\n|-fieldstart|move: Trick Room|[of] p2b: Cresselia\n|\n|-damage|p2a: Ursaluna|23\/100 brn|[from] brn\n|upkeep\n|turn|7\n|c|\u2606BotheredHades|fuck trick room users holy shit\n|-message|BotheredHades forfeited.\n|\n|win|5ft4inchloser\n|raw|BotheredHades's rating: 1338 &rarr; <strong>1322<\/strong><br \/>(-16 for losing)\n|raw|5ft4inchloser's rating: 1407 &rarr; <strong>1423<\/strong><br \/>(+16 for winning)\n","uploadtime":1699663199,"views":6,"p1id":"botheredhades","p2id":"5ft4inchloser","formatid":"gen9doublesou","rating":1322,"private":0,"password":""}