{"id":"gen9doublesou-1981180675","p1":"ltsdoit","p2":"papi de quatro","format":"[Gen 9] Doubles OU","log":"|j|\u2606ltsdoit\n|j|\u2606papi de quatro\n|t:|1698870206\n|gametype|doubles\n|player|p1|ltsdoit|265|1144\n|player|p2|papi de quatro|266|1197\n|teamsize|p1|6\n|teamsize|p2|6\n|gen|9\n|tier|[Gen 9] Doubles OU\n|rated|\n|rule|Species Clause: Limit one of each Pok\u00e9mon\n|rule|OHKO Clause: OHKO moves are banned\n|rule|Evasion Moves Clause: Evasion moves are banned\n|rule|Gravity Sleep Clause: The combination of sleep-inducing moves with imperfect accuracy and Gravity or Gigantamax Orbeetle are banned\n|rule|Endless Battle Clause: Forcing endless battles is banned\n|rule|HP Percentage Mod: HP is shown in percentages\n|clearpoke\n|poke|p1|Fezandipiti, M|\n|poke|p1|Ninetales-Alola, M|\n|poke|p1|Cresselia, F|\n|poke|p1|Ogerpon-Hearthflame, F|\n|poke|p1|Basculegion-F, F|\n|poke|p1|Chien-Pao|\n|poke|p2|Sinistcha-Masterpiece|\n|poke|p2|Hatterene, F|\n|poke|p2|Ursaluna, F|\n|poke|p2|Mimikyu, F|\n|poke|p2|Kingambit, M|\n|poke|p2|Farigiraf, M|\n|teampreview\n|inactive|Battle timer is ON: inactive players will automatically lose when time's up. (requested by papi de quatro)\n|inactive|papi de quatro has 120 seconds left.\n|\n|t:|1698870266\n|start\n|switch|p1a: Fezandipiti|Fezandipiti, M|100\/100\n|switch|p1b: Ninetales|Ninetales-Alola, M|100\/100\n|switch|p2a: Hatterene|Hatterene, F|100\/100\n|switch|p2b: Ursaluna|Ursaluna, F|100\/100\n|-weather|Snow|[from] ability: Snow Warning|[of] p1b: Ninetales\n|turn|1\n|\n|t:|1698870294\n|move|p1b: Ninetales|Blizzard|p2b: Ursaluna|[spread] p2a,p2b\n|-supereffective|p2b: Ursaluna\n|-damage|p2a: Hatterene|74\/100\n|-damage|p2b: Ursaluna|54\/100\n|move|p1a: Fezandipiti|Dazzling Gleam|p2a: Hatterene|[spread] p2a,p2b\n|-damage|p2a: Hatterene|56\/100\n|-damage|p2b: Ursaluna|39\/100\n|move|p2b: Ursaluna|Drain Punch|p1b: Ninetales\n|-damage|p1b: Ninetales|75\/100\n|-heal|p2b: Ursaluna|48\/100|[from] drain|[of] p1b: Ninetales\n|move|p2a: Hatterene|Trick Room|p2a: Hatterene\n|-fieldstart|move: Trick Room|[of] p2a: Hatterene\n|\n|-weather|Snow|[upkeep]\n|-heal|p2a: Hatterene|62\/100|[from] item: Leftovers\n|-status|p2b: Ursaluna|brn|[from] item: Flame Orb\n|upkeep\n|turn|2\n|\n|t:|1698870318\n|switch|p1b: Basculegion|Basculegion-F, F|100\/100\n|move|p2a: Hatterene|Psyshock|p1a: Fezandipiti\n|-supereffective|p1a: Fezandipiti\n|-damage|p1a: Fezandipiti|4\/100\n|-enditem|p1a: Fezandipiti|Salac Berry|[eat]\n|-boost|p1a: Fezandipiti|spe|1|[from] item: Salac Berry\n|move|p2b: Ursaluna|Drain Punch|p1b: Basculegion\n|-immune|p1b: Basculegion\n|move|p1a: Fezandipiti|Icy Wind|p2a: Hatterene|[spread] p2a,p2b\n|-supereffective|p2b: Ursaluna\n|-crit|p2b: Ursaluna\n|-damage|p2a: Hatterene|53\/100\n|-damage|p2b: Ursaluna|27\/100 brn\n|-unboost|p2a: Hatterene|spe|1\n|-unboost|p2b: Ursaluna|spe|1\n|\n|-weather|Snow|[upkeep]\n|-heal|p2a: Hatterene|59\/100|[from] item: Leftovers\n|-damage|p2b: Ursaluna|21\/100 brn|[from] brn\n|upkeep\n|turn|3\n|\n|t:|1698870345\n|move|p2a: Hatterene|Draining Kiss|p1b: Basculegion\n|-damage|p1b: Basculegion|71\/100\n|-heal|p2a: Hatterene|90\/100|[from] drain|[of] p1b: Basculegion\n|move|p2b: Ursaluna|Drain Punch|p1a: Fezandipiti\n|-resisted|p1a: Fezandipiti\n|-damage|p1a: Fezandipiti|0 fnt\n|-heal|p2b: Ursaluna|22\/100 brn|[from] drain|[of] p1a: Fezandipiti\n|faint|p1a: Fezandipiti\n|move|p1b: Basculegion|Blizzard|p2a: Hatterene|[spread] p2a,p2b\n|-supereffective|p2b: Ursaluna\n|-damage|p2a: Hatterene|67\/100\n|-damage|p2b: Ursaluna|0 fnt\n|faint|p2b: Ursaluna\n|\n|-weather|Snow|[upkeep]\n|-heal|p2a: Hatterene|73\/100|[from] item: Leftovers\n|upkeep\n|\n|t:|1698870362\n|switch|p2b: Sinistcha|Sinistcha-Masterpiece|100\/100\n|switch|p1a: Cresselia|Cresselia, F|100\/100\n|-heal|p2a: Hatterene|98\/100|[from] ability: Hospitality|[of] p2b: Sinistcha\n|turn|4\n|\n|t:|1698870382\n|move|p2a: Hatterene|Psyshock|p1b: Basculegion\n|-damage|p1b: Basculegion|24\/100\n|-enditem|p1b: Basculegion|Mago Berry|[eat]\n|-heal|p1b: Basculegion|57\/100|[from] item: Mago Berry\n|move|p2b: Sinistcha|Calm Mind|p2b: Sinistcha\n|-boost|p2b: Sinistcha|spa|1\n|-boost|p2b: Sinistcha|spd|1\n|move|p1a: Cresselia|Lunar Blessing|p1a: Cresselia|[spread] p1a,p1b\n|-heal|p1b: Basculegion|82\/100\n|move|p1b: Basculegion|Shadow Ball|p2b: Sinistcha\n|-supereffective|p2b: Sinistcha\n|-damage|p2b: Sinistcha|25\/100\n|-enditem|p2b: Sinistcha|Sitrus Berry|[eat]\n|-heal|p2b: Sinistcha|50\/100|[from] item: Sitrus Berry\n|\n|-weather|Snow|[upkeep]\n|-heal|p2a: Hatterene|100\/100|[from] item: Leftovers\n|upkeep\n|turn|5\n|\n|t:|1698870407\n|move|p2a: Hatterene|Psyshock|p1b: Basculegion\n|-damage|p1b: Basculegion|30\/100\n|move|p2b: Sinistcha|Matcha Gotcha|p1a: Cresselia|[spread] p1a,p1b\n|-supereffective|p1b: Basculegion\n|-damage|p1a: Cresselia|69\/100\n|-heal|p2b: Sinistcha|70\/100|[from] drain|[of] p1a: Cresselia\n|-damage|p1b: Basculegion|0 fnt\n|-heal|p2b: Sinistcha|89\/100|[from] drain|[of] p1b: Basculegion\n|-status|p1a: Cresselia|brn\n|faint|p1b: Basculegion\n|move|p1a: Cresselia|Future Sight|p2a: Hatterene\n|-start|p1a: Cresselia|move: Future Sight\n|\n|-weather|none\n|-heal|p1a: Cresselia|75\/100 brn|[from] item: Leftovers\n|-damage|p1a: Cresselia|69\/100 brn|[from] brn\n|-fieldend|move: Trick Room\n|upkeep\n|inactive|ltsdoit has 120 seconds left.\n|\n|t:|1698870428\n|switch|p1b: Ogerpon|Ogerpon-Hearthflame, F|100\/100\n|-ability|p1b: Ogerpon|Mold Breaker\n|turn|6\n|\n|t:|1698870443\n|move|p1a: Cresselia|Helping Hand|p1b: Ogerpon\n|-singleturn|p1b: Ogerpon|Helping Hand|[of] p1a: Cresselia\n|move|p1b: Ogerpon|Ivy Cudgel|p2a: Hatterene\n|-damage|p2a: Hatterene|3\/100\n|move|p2b: Sinistcha|Strength Sap|p1b: Ogerpon\n|-unboost|p1b: Ogerpon|atk|1\n|-heal|p2b: Sinistcha|100\/100\n|move|p2a: Hatterene|Trick Room|p2a: Hatterene\n|-fieldstart|move: Trick Room|[of] p2a: Hatterene\n|\n|-heal|p2a: Hatterene|9\/100|[from] item: Leftovers\n|-heal|p1a: Cresselia|75\/100 brn|[from] item: Leftovers\n|-damage|p1a: Cresselia|69\/100 brn|[from] brn\n|upkeep\n|turn|7\n|\n|t:|1698870470\n|move|p2a: Hatterene|Draining Kiss|p1b: Ogerpon\n|-resisted|p1b: Ogerpon\n|-damage|p1b: Ogerpon|84\/100\n|-heal|p2a: Hatterene|21\/100|[from] drain|[of] p1b: Ogerpon\n|move|p2b: Sinistcha|Matcha Gotcha|p1a: Cresselia|[spread] p1a\n|-miss|p2b: Sinistcha|p1b: Ogerpon\n|-damage|p1a: Cresselia|41\/100 brn\n|move|p1a: Cresselia|Lunar Blessing|p1a: Cresselia|[spread] p1a,p1b\n|-heal|p1a: Cresselia|66\/100 brn\n|-curestatus|p1a: Cresselia|brn|[msg]\n|-heal|p1b: Ogerpon|100\/100\n|move|p1b: Ogerpon|Horn Leech|p2a: Hatterene\n|-damage|p2a: Hatterene|0 fnt\n|faint|p2a: Hatterene\n|\n|-hint|Future Sight did not hit because the target is fainted.\n|-heal|p1a: Cresselia|72\/100|[from] item: Leftovers\n|upkeep\n|inactive|papi de quatro has 120 seconds left.\n|\n|t:|1698870490\n|switch|p2a: Farigiraf|Farigiraf, M|100\/100\n|turn|8\n|\n|t:|1698870509\n|switch|p1b: Ninetales|Ninetales-Alola, M|75\/100\n|-weather|Snow|[from] ability: Snow Warning|[of] p1b: Ninetales\n|move|p2a: Farigiraf|Hyper Voice|p1b: Ninetales|[spread] p1a,p1b\n|-damage|p1a: Cresselia|52\/100\n|-damage|p1b: Ninetales|40\/100\n|-enditem|p2a: Farigiraf|Throat Spray\n|-boost|p2a: Farigiraf|spa|1|[from] item: Throat Spray\n|move|p2b: Sinistcha|Matcha Gotcha|p1b: Ninetales|[spread] p1a,p1b\n|-damage|p1a: Cresselia|26\/100\n|-damage|p1b: Ninetales|0 fnt\n|-status|p1a: Cresselia|brn\n|faint|p1b: Ninetales\n|move|p1a: Cresselia|Lunar Blessing|p1a: Cresselia\n|-heal|p1a: Cresselia|51\/100 brn\n|-curestatus|p1a: Cresselia|brn|[msg]\n|\n|-weather|Snow|[upkeep]\n|-heal|p1a: Cresselia|57\/100|[from] item: Leftovers\n|upkeep\n|\n|t:|1698870528\n|switch|p1b: Chien-Pao|Chien-Pao|100\/100\n|-ability|p1b: Chien-Pao|Sword of Ruin\n|turn|9\n|\n|t:|1698870537\n|move|p2a: Farigiraf|Dazzling Gleam|p1a: Cresselia|[spread] p1a,p1b\n|-crit|p1a: Cresselia\n|-supereffective|p1b: Chien-Pao\n|-damage|p1a: Cresselia|28\/100\n|-damage|p1b: Chien-Pao|1\/100\n|move|p2b: Sinistcha|Matcha Gotcha|p1b: Chien-Pao|[spread] p1a,p1b\n|-damage|p1a: Cresselia|0 fnt\n|-damage|p1b: Chien-Pao|0 fnt\n|faint|p1a: Cresselia\n|faint|p1b: Chien-Pao\n|\n|-weather|Snow|[upkeep]\n|upkeep\n|-message|ltsdoit forfeited.\n|\n|win|papi de quatro\n|raw|ltsdoit's rating: 1144 &rarr; <strong>1123<\/strong><br \/>(-21 for losing)\n|raw|papi de quatro's rating: 1197 &rarr; <strong>1218<\/strong><br \/>(+21 for winning)\n|l|\u2606ltsdoit\n","uploadtime":1698870555,"views":21,"p1id":"ltsdoit","p2id":"papidequatro","formatid":"gen9doublesou","rating":1123,"private":0,"password":""}