{"id":"gen9doublesou-1993291510","p1":"Chemaforo69xd","p2":"Mait27","format":"[Gen 9] Doubles OU","log":"|j|\u2606Chemaforo69xd\n|j|\u2606Mait27\n|t:|1700291632\n|gametype|doubles\n|player|p1|Chemaforo69xd|wattson|1477\n|player|p2|Mait27|burglar|1548\n|teamsize|p1|6\n|teamsize|p2|6\n|gen|9\n|tier|[Gen 9] Doubles OU\n|rated|\n|rule|Species Clause: Limit one of each Pok\u00e9mon\n|rule|OHKO Clause: OHKO moves are banned\n|rule|Evasion Moves Clause: Evasion moves are banned\n|rule|Gravity Sleep Clause: The combination of sleep-inducing moves with imperfect accuracy and Gravity or Gigantamax Orbeetle are banned\n|rule|Endless Battle Clause: Forcing endless battles is banned\n|rule|HP Percentage Mod: HP is shown in percentages\n|clearpoke\n|poke|p1|Slowking-Galar, F|\n|poke|p1|Avalugg-Hisui, M|\n|poke|p1|Articuno|\n|poke|p1|Baxcalibur, F|\n|poke|p1|Iron Bundle|\n|poke|p1|Abomasnow, F|\n|poke|p2|Iron Hands|\n|poke|p2|Heatran, M|\n|poke|p2|Ninetales-Alola, F|\n|poke|p2|Roaring Moon|\n|poke|p2|Amoonguss, F|\n|poke|p2|Thundurus-Therian, M|\n|teampreview\n|c|\u2606Mait27|Oh boi. I think I'm in trouble here\n|c|\u2606Mait27|Glhf!\n|inactive|Battle timer is ON: inactive players will automatically lose when time's up. (requested by Chemaforo69xd)\n|\n|t:|1700291670\n|start\n|switch|p1a: Abomasnow|Abomasnow, F|100\/100\n|switch|p1b: Avalugg|Avalugg-Hisui, M|100\/100\n|switch|p2a: Ninetales|Ninetales-Alola, F|100\/100\n|switch|p2b: Iron Hands|Iron Hands|100\/100\n|-weather|Snow|[from] ability: Snow Warning|[of] p2a: Ninetales\n|turn|1\n|\n|t:|1700291690\n|move|p2b: Iron Hands|Fake Out|p1b: Avalugg\n|-resisted|p1b: Avalugg\n|-damage|p1b: Avalugg|98\/100\n|move|p2a: Ninetales|Aurora Veil|p2a: Ninetales\n|-sidestart|p2: Mait27|move: Aurora Veil\n|move|p1a: Abomasnow|Aurora Veil|p1a: Abomasnow\n|-sidestart|p1: Chemaforo69xd|move: Aurora Veil\n|cant|p1b: Avalugg|flinch\n|\n|-weather|Snow|[upkeep]\n|-heal|p1b: Avalugg|100\/100|[from] ability: Ice Body\n|upkeep\n|turn|2\n|\n|t:|1700291708\n|move|p2a: Ninetales|Howl|p2a: Ninetales|[spread] p2a,p2b\n|-boost|p2a: Ninetales|atk|1\n|-boost|p2b: Iron Hands|atk|1\n|move|p1a: Abomasnow|Leech Seed|p2b: Iron Hands\n|-start|p2b: Iron Hands|move: Leech Seed\n|move|p2b: Iron Hands|Drain Punch|p1b: Avalugg\n|-supereffective|p1b: Avalugg\n|-damage|p1b: Avalugg|47\/100\n|move|p1b: Avalugg|Avalanche|p2b: Iron Hands\n|-damage|p2b: Iron Hands|78\/100\n|\n|-weather|Snow|[upkeep]\n|-heal|p1b: Avalugg|53\/100|[from] ability: Ice Body\n|-heal|p1b: Avalugg|59\/100|[from] item: Leftovers\n|-damage|p2b: Iron Hands|66\/100|[from] Leech Seed|[of] p1a: Abomasnow\n|upkeep\n|turn|3\n|\n|t:|1700291727\n|move|p2a: Ninetales|Howl|p2a: Ninetales|[spread] p2a,p2b\n|-boost|p2a: Ninetales|atk|1\n|-boost|p2b: Iron Hands|atk|1\n|move|p1a: Abomasnow|Blizzard|p2b: Iron Hands|[spread] p2a,p2b\n|-resisted|p2a: Ninetales\n|-damage|p2a: Ninetales|92\/100\n|-damage|p2b: Iron Hands|55\/100\n|move|p2b: Iron Hands|Drain Punch|p1a: Abomasnow\n|-supereffective|p1a: Abomasnow\n|-damage|p1a: Abomasnow|10\/100\n|-heal|p2b: Iron Hands|89\/100|[from] drain|[of] p1a: Abomasnow\n|move|p1b: Avalugg|Avalanche|p2b: Iron Hands\n|-damage|p2b: Iron Hands|79\/100\n|\n|-weather|Snow|[upkeep]\n|-heal|p1b: Avalugg|65\/100|[from] ability: Ice Body\n|-heal|p1b: Avalugg|71\/100|[from] item: Leftovers\n|-damage|p2b: Iron Hands|66\/100|[from] Leech Seed|[of] p1a: Abomasnow\n|-heal|p1a: Abomasnow|27\/100|[silent]\n|upkeep\n|turn|4\n|\n|t:|1700291753\n|move|p2a: Ninetales|Howl|p2a: Ninetales|[spread] p2a,p2b\n|-boost|p2a: Ninetales|atk|1\n|-boost|p2b: Iron Hands|atk|1\n|move|p1a: Abomasnow|Energy Ball|p2b: Iron Hands\n|-damage|p2b: Iron Hands|54\/100\n|move|p2b: Iron Hands|Drain Punch|p1b: Avalugg\n|-supereffective|p1b: Avalugg\n|-damage|p1b: Avalugg|0 fnt\n|-heal|p2b: Iron Hands|81\/100|[from] drain|[of] p1b: Avalugg\n|faint|p1b: Avalugg\n|\n|-weather|Snow|[upkeep]\n|-damage|p2b: Iron Hands|69\/100|[from] Leech Seed|[of] p1a: Abomasnow\n|-heal|p1a: Abomasnow|43\/100|[silent]\n|upkeep\n|\n|t:|1700291770\n|switch|p1b: Slowking|Slowking-Galar, F|100\/100\n|-clearboost|p1a: Abomasnow|[from] ability: Curious Medicine|[of] p1b: Slowking\n|turn|5\n|\n|t:|1700291792\n|move|p2a: Ninetales|Howl|p2a: Ninetales|[spread] p2a,p2b\n|-boost|p2a: Ninetales|atk|1\n|-boost|p2b: Iron Hands|atk|1\n|move|p1a: Abomasnow|Leech Seed|p2a: Ninetales\n|-start|p2a: Ninetales|move: Leech Seed\n|move|p2b: Iron Hands|Wild Charge|p1b: Slowking\n|-damage|p1b: Slowking|0 fnt\n|faint|p1b: Slowking\n|-damage|p2b: Iron Hands|49\/100|[from] Recoil\n|\n|-weather|none\n|-damage|p2a: Ninetales|79\/100|[from] Leech Seed|[of] p1a: Abomasnow\n|-heal|p1a: Abomasnow|54\/100|[silent]\n|-damage|p2b: Iron Hands|37\/100|[from] Leech Seed|[of] p1a: Abomasnow\n|-heal|p1a: Abomasnow|71\/100|[silent]\n|-sideend|p2: Mait27|move: Aurora Veil\n|upkeep\n|\n|t:|1700291811\n|switch|p1b: Baxcalibur|Baxcalibur, F|100\/100\n|turn|6\n|\n|t:|1700291826\n|switch|p1a: Articuno|Articuno|100\/100\n|move|p1b: Baxcalibur|Zen Headbutt|p2b: Iron Hands\n|-supereffective|p2b: Iron Hands\n|-damage|p2b: Iron Hands|0 fnt\n|faint|p2b: Iron Hands\n|-end|p2b: Iron Hands|Quark Drive|[silent]\n|move|p2a: Ninetales|Icy Wind|p1a: Articuno|[spread] p1a,p1b\n|-damage|p1a: Articuno|95\/100\n|-damage|p1b: Baxcalibur|93\/100\n|-unboost|p1a: Articuno|spe|1\n|-unboost|p1b: Baxcalibur|spe|1\n|\n|-damage|p2a: Ninetales|67\/100|[from] Leech Seed|[of] p1a: Articuno\n|-heal|p1a: Articuno|100\/100|[silent]\n|upkeep\n|inactive|Mait27 has 120 seconds left.\n|\n|t:|1700291857\n|switch|p2b: Amoonguss|Amoonguss, F|100\/100\n|turn|7\n|inactive|Mait27 has 120 seconds left.\n|\n|t:|1700291873\n|-terastallize|p2b: Amoonguss|Water\n|move|p2a: Ninetales|Icy Wind|p1b: Baxcalibur|[spread] p1a,p1b\n|-damage|p1a: Articuno|95\/100\n|-damage|p1b: Baxcalibur|84\/100\n|-unboost|p1a: Articuno|spe|1\n|-unboost|p1b: Baxcalibur|spe|1\n|move|p1b: Baxcalibur|Zen Headbutt|p2b: Amoonguss\n|-damage|p2b: Amoonguss|68\/100\n|move|p1a: Articuno|Ancient Power|p2a: Ninetales\n|-supereffective|p2a: Ninetales\n|-damage|p2a: Ninetales|23\/100\n|-damage|p1a: Articuno|85\/100|[from] item: Life Orb\n|move|p2b: Amoonguss|Spore|p1b: Baxcalibur\n|-status|p1b: Baxcalibur|slp|[from] move: Spore\n|\n|-damage|p2a: Ninetales|11\/100|[from] Leech Seed|[of] p1a: Articuno\n|-heal|p1a: Articuno|96\/100|[silent]\n|upkeep\n|turn|8\n|inactive|Mait27 has 120 seconds left.\n|\n|t:|1700291900\n|switch|p2a: Roaring Moon|Roaring Moon|100\/100\n|-enditem|p2a: Roaring Moon|Booster Energy\n|-activate|p2a: Roaring Moon|ability: Protosynthesis|[fromitem]\n|-start|p2a: Roaring Moon|protosynthesisatk\n|switch|p1b: Iron Bundle|Iron Bundle|100\/100\n|switch|p1a: Abomasnow|Abomasnow, F|71\/100\n|-weather|Snow|[from] ability: Snow Warning|[of] p1a: Abomasnow\n|move|p2b: Amoonguss|Spore|p1a: Abomasnow\n|-immune|p1a: Abomasnow\n|\n|-weather|Snow|[upkeep]\n|-sideend|p1: Chemaforo69xd|move: Aurora Veil\n|upkeep\n|turn|9\n|inactive|Mait27 has 120 seconds left.\n|\n|t:|1700291926\n|-end|p2a: Roaring Moon|Protosynthesis|[silent]\n|switch|p2a: Heatran|Heatran, M|100\/100\n|move|p1b: Iron Bundle|Freeze-Dry|p2b: Amoonguss\n|-supereffective|p2b: Amoonguss\n|-damage|p2b: Amoonguss|20\/100\n|-enditem|p2b: Amoonguss|Wiki Berry|[eat]\n|-heal|p2b: Amoonguss|53\/100|[from] item: Wiki Berry\n|move|p1a: Abomasnow|Blizzard|p2a: Heatran|[spread] p2a,p2b\n|-resisted|p2a: Heatran\n|-resisted|p2b: Amoonguss\n|-damage|p2a: Heatran|95\/100\n|-damage|p2b: Amoonguss|44\/100\n|-status|p2a: Heatran|frz\n|-status|p2b: Amoonguss|frz\n|cant|p2b: Amoonguss|frz\n|\n|-weather|Snow|[upkeep]\n|upkeep\n|turn|10\n|c|\u2606Mait27|Omg hahahaha\n|inactive|Mait27 has 120 seconds left.\n|inactive|Chemaforo69xd has 120 seconds left.\n|\n|t:|1700291959\n|cant|p2b: Amoonguss|frz\n|move|p1b: Iron Bundle|Aurora Veil|p1b: Iron Bundle\n|-sidestart|p1: Chemaforo69xd|move: Aurora Veil\n|cant|p2a: Heatran|frz\n|move|p1a: Abomasnow|Leech Seed|p2a: Heatran\n|-start|p2a: Heatran|move: Leech Seed\n|\n|-weather|Snow|[upkeep]\n|-damage|p2a: Heatran|83\/100 frz|[from] Leech Seed|[of] p1a: Abomasnow\n|-heal|p1a: Abomasnow|83\/100|[silent]\n|upkeep\n|turn|11\n|\n|t:|1700291974\n|cant|p2b: Amoonguss|frz\n|move|p1b: Iron Bundle|Flip Turn|p2a: Heatran\n|-supereffective|p2a: Heatran\n|-damage|p2a: Heatran|56\/100 frz\n|\n|t:|1700291982\n|-end|p1b: Iron Bundle|Quark Drive|[silent]\n|switch|p1b: Baxcalibur|Baxcalibur, F|84\/100 slp|[from] Flip Turn\n|cant|p2a: Heatran|frz\n|move|p1a: Abomasnow|Leech Seed|p2b: Amoonguss\n|-start|p2b: Amoonguss|move: Leech Seed\n|\n|-weather|Snow|[upkeep]\n|-heal|p1b: Baxcalibur|90\/100 slp|[from] ability: Ice Body\n|-damage|p2a: Heatran|44\/100 frz|[from] Leech Seed|[of] p1a: Abomasnow\n|-heal|p1a: Abomasnow|96\/100|[silent]\n|-damage|p2b: Amoonguss|32\/100 frz|[from] Leech Seed|[of] p1a: Abomasnow\n|-heal|p1a: Abomasnow|100\/100|[silent]\n|upkeep\n|turn|12\n|\n|t:|1700292009\n|switch|p2a: Roaring Moon|Roaring Moon|100\/100\n|switch|p2b: Thundurus|Thundurus-Therian, M|100\/100\n|cant|p1b: Baxcalibur|slp\n|move|p1a: Abomasnow|Aurora Veil||[still]\n|-fail|p1a: Abomasnow\n|\n|-weather|none\n|upkeep\n|turn|13\n|\n|t:|1700292027\n|switch|p1a: Iron Bundle|Iron Bundle|100\/100\n|cant|p1b: Baxcalibur|slp\n|move|p2a: Roaring Moon|Knock Off|p1b: Baxcalibur\n|-damage|p1b: Baxcalibur|49\/100 slp\n|-enditem|p1b: Baxcalibur|Choice Scarf|[from] move: Knock Off|[of] p2a: Roaring Moon\n|move|p2b: Thundurus|Sludge Bomb|p1a: Iron Bundle\n|-damage|p1a: Iron Bundle|34\/100\n|-status|p1a: Iron Bundle|psn\n|\n|-damage|p1a: Iron Bundle|22\/100 psn|[from] psn\n|upkeep\n|turn|14\n|\n|t:|1700292052\n|-end|p2a: Roaring Moon|Protosynthesis|[silent]\n|switch|p2a: Amoonguss|Amoonguss, F, tera:Water|65\/100 frz\n|move|p1a: Iron Bundle|Flip Turn|p2a: Amoonguss\n|-resisted|p2a: Amoonguss\n|-damage|p2a: Amoonguss|58\/100 frz\n|\n|t:|1700292059\n|-end|p1a: Iron Bundle|Quark Drive|[silent]\n|switch|p1a: Abomasnow|Abomasnow, F|100\/100|[from] Flip Turn\n|-weather|Snow|[from] ability: Snow Warning|[of] p1a: Abomasnow\n|move|p2b: Thundurus|Sludge Bomb|p1a: Abomasnow\n|-supereffective|p1a: Abomasnow\n|-damage|p1a: Abomasnow|49\/100\n|-curestatus|p1b: Baxcalibur|slp|[msg]\n|move|p1b: Baxcalibur|Glaive Rush|p2a: Amoonguss\n|-damage|p2a: Amoonguss|0 fnt\n|-singlemove|p1b: Baxcalibur|Glaive Rush|[silent]\n|faint|p2a: Amoonguss\n|\n|-weather|Snow|[upkeep]\n|-heal|p1b: Baxcalibur|55\/100|[from] ability: Ice Body\n|-sideend|p1: Chemaforo69xd|move: Aurora Veil\n|upkeep\n|\n|t:|1700292078\n|switch|p2a: Roaring Moon|Roaring Moon|100\/100\n|turn|15\n|inactive|Mait27 has 120 seconds left.\n|\n|t:|1700292115\n|move|p2a: Roaring Moon|Acrobatics|p1b: Baxcalibur\n|-crit|p1b: Baxcalibur\n|-damage|p1b: Baxcalibur|0 fnt\n|faint|p1b: Baxcalibur\n|move|p2b: Thundurus|Sludge Bomb|p1a: Abomasnow\n|-supereffective|p1a: Abomasnow\n|-damage|p1a: Abomasnow|0 fnt\n|faint|p1a: Abomasnow\n|\n|-weather|Snow|[upkeep]\n|upkeep\n|\n|t:|1700292120\n|switch|p1b: Iron Bundle|Iron Bundle|22\/100 psn\n|switch|p1a: Articuno|Articuno|96\/100\n|turn|16\n|\n|t:|1700292138\n|switch|p2b: Heatran|Heatran, M|44\/100 frz\n|-terastallize|p1a: Articuno|Rock\n|move|p2a: Roaring Moon|Protect|p2a: Roaring Moon\n|-singleturn|p2a: Roaring Moon|Protect\n|move|p1b: Iron Bundle|Aurora Veil|p1b: Iron Bundle\n|-sidestart|p1: Chemaforo69xd|move: Aurora Veil\n|move|p1a: Articuno|Ancient Power|p2b: Heatran\n|-damage|p2b: Heatran|13\/100 frz\n|-damage|p1a: Articuno|86\/100|[from] item: Life Orb\n|\n|-weather|Snow|[upkeep]\n|-damage|p1b: Iron Bundle|10\/100 psn|[from] psn\n|upkeep\n|turn|17\n|inactive|Mait27 has 120 seconds left.\n|\n|t:|1700292168\n|-end|p2a: Roaring Moon|Protosynthesis|[silent]\n|switch|p2a: Ninetales|Ninetales-Alola, F|11\/100\n|move|p1b: Iron Bundle|Blizzard|p2b: Heatran|[spread] p2a,p2b\n|-resisted|p2a: Ninetales\n|-resisted|p2b: Heatran\n|-damage|p2a: Ninetales|0 fnt\n|-damage|p2b: Heatran|4\/100 frz\n|faint|p2a: Ninetales\n|move|p1a: Articuno|Blizzard|p2b: Heatran\n|-resisted|p2b: Heatran\n|-damage|p2b: Heatran|0 fnt\n|faint|p2b: Heatran\n|-damage|p1a: Articuno|76\/100|[from] item: Life Orb\n|\n|-weather|Snow|[upkeep]\n|-damage|p1b: Iron Bundle|0 fnt|[from] psn\n|faint|p1b: Iron Bundle\n|-end|p1b: Iron Bundle|Quark Drive|[silent]\n|upkeep\n|inactive|Mait27 has 120 seconds left.\n|\n|t:|1700292186\n|switch|p2a: Thundurus|Thundurus-Therian, M|100\/100\n|switch|p2b: Roaring Moon|Roaring Moon|100\/100\n|turn|18\n|\n|t:|1700292197\n|move|p2b: Roaring Moon|Knock Off|p1a: Articuno|[miss]\n|-miss|p2b: Roaring Moon|p1a: Articuno\n|move|p2a: Thundurus|Thunderbolt|p1a: Articuno|[miss]\n|-miss|p2a: Thundurus|p1a: Articuno\n|move|p1a: Articuno|Blizzard|p2b: Roaring Moon|[spread] p2a,p2b\n|-supereffective|p2a: Thundurus\n|-supereffective|p2b: Roaring Moon\n|-damage|p2a: Thundurus|0 fnt\n|-damage|p2b: Roaring Moon|9\/100\n|faint|p2a: Thundurus\n|-damage|p1a: Articuno|67\/100|[from] item: Life Orb\n|\n|-weather|none\n|upkeep\n|turn|19\n|\n|t:|1700292216\n|move|p2b: Roaring Moon|Knock Off|p1a: Articuno\n|-damage|p1a: Articuno|32\/100\n|-enditem|p1a: Articuno|Life Orb|[from] move: Knock Off|[of] p2b: Roaring Moon\n|move|p1a: Articuno|Ancient Power|p2b: Roaring Moon\n|-damage|p2b: Roaring Moon|0 fnt\n|faint|p2b: Roaring Moon\n|-end|p2b: Roaring Moon|Protosynthesis|[silent]\n|\n|win|Chemaforo69xd\n|raw|Chemaforo69xd's rating: 1477 &rarr; <strong>1501<\/strong><br \/>(+24 for winning)\n|raw|Mait27's rating: 1548 &rarr; <strong>1524<\/strong><br \/>(-24 for losing)\n|c|\u2606Chemaforo69xd|I AM luky\n|l|\u2606Mait27\n","uploadtime":1700292252,"views":18,"p1id":"chemaforo69xd","p2id":"mait27","formatid":"gen9doublesou","rating":1501,"private":0,"password":""}