{"id":"gen9doublesou-1970938262","p1":"bowserx19","p2":"tatorhicks09","format":"[Gen 9] Doubles OU","log":"|j|\u2606bowserx19\n|j|\u2606tatorhicks09\n|t:|1697682847\n|gametype|doubles\n|player|p1|bowserx19|silver-masters|1093\n|player|p2|tatorhicks09|266|1098\n|teamsize|p1|6\n|teamsize|p2|6\n|gen|9\n|tier|[Gen 9] Doubles OU\n|rated|\n|rule|Species Clause: Limit one of each Pok\u00e9mon\n|rule|OHKO Clause: OHKO moves are banned\n|rule|Evasion Moves Clause: Evasion moves are banned\n|rule|Gravity Sleep Clause: The combination of sleep-inducing moves with imperfect accuracy and Gravity or Gigantamax Orbeetle are banned\n|rule|Endless Battle Clause: Forcing endless battles is banned\n|rule|HP Percentage Mod: HP is shown in percentages\n|clearpoke\n|poke|p1|Garganacl, M|\n|poke|p1|Skeledirge, M|\n|poke|p1|Dragapult, F|\n|poke|p1|Slowking, M|\n|poke|p1|Talonflame, M|\n|poke|p1|Lumineon, F|\n|poke|p2|Hypno, M|\n|poke|p2|Sinistcha-Masterpiece|\n|poke|p2|Gardevoir, F|\n|poke|p2|Ursaluna-Bloodmoon, M|\n|poke|p2|Snorlax, F|\n|poke|p2|Crawdaunt, F|\n|teampreview\n|inactive|Battle timer is ON: inactive players will automatically lose when time's up. (requested by bowserx19)\n|inactive|tatorhicks09 has 120 seconds left.\n|c|\u2606bowserx19|i respect the Hypno\n|\n|t:|1697682888\n|start\n|switch|p1a: Salty Minecraft|Garganacl, M|100\/100\n|switch|p1b: Skeletor|Skeledirge, M|100\/100\n|switch|p2a: Ursaluna|Ursaluna-Bloodmoon, M|100\/100\n|switch|p2b: Hypno|Hypno, M|100\/100\n|turn|1\n|\n|t:|1697682907\n|move|p2a: Ursaluna|Protect|p2a: Ursaluna\n|-singleturn|p2a: Ursaluna|Protect\n|move|p1b: Skeletor|Torch Song|p2a: Ursaluna\n|-activate|p2a: Ursaluna|move: Protect\n|move|p1a: Salty Minecraft|Explosion|p2b: Hypno|[spread] p2b\n|-activate|p2a: Ursaluna|move: Protect\n|-immune|p1b: Skeletor\n|-damage|p2b: Hypno|23\/100\n|faint|p1a: Salty Minecraft\n|move|p2b: Hypno|Trick Room|p2b: Hypno\n|-fieldstart|move: Trick Room|[of] p2b: Hypno\n|\n|upkeep\n|\n|t:|1697682917\n|switch|p1a: Slowking|Slowking, M|100\/100\n|turn|2\n|inactive|tatorhicks09 has 120 seconds left.\n|\n|t:|1697682950\n|switch|p1b: Lumineon|Lumineon, F|100\/100\n|move|p1a: Slowking|Surf|p2b: Hypno|[spread] p2a,p2b\n|-ability|p1b: Lumineon|Storm Drain|boost\n|-boost|p1b: Lumineon|spa|1\n|-supereffective|p2a: Ursaluna\n|-damage|p2a: Ursaluna|25\/100\n|-damage|p2b: Hypno|0 fnt\n|faint|p2b: Hypno\n|move|p2a: Ursaluna|Hyper Voice|p1a: Slowking|[spread] p1a,p1b\n|-damage|p1a: Slowking|71\/100\n|-damage|p1b: Lumineon|64\/100\n|-enditem|p2a: Ursaluna|Throat Spray\n|-boost|p2a: Ursaluna|spa|1|[from] item: Throat Spray\n|\n|-heal|p1a: Slowking|77\/100|[from] item: Leftovers\n|upkeep\n|inactive|tatorhicks09 has 120 seconds left.\n|\n|t:|1697682972\n|switch|p2b: Sinistcha|Sinistcha-Masterpiece|100\/100\n|-heal|p2a: Ursaluna|50\/100|[from] ability: Hospitality|[of] p2b: Sinistcha\n|turn|3\n|inactive|tatorhicks09 has 120 seconds left.\n|\n|t:|1697683005\n|move|p2a: Ursaluna|Protect|p2a: Ursaluna\n|-singleturn|p2a: Ursaluna|Protect\n|move|p1a: Slowking|Surf|p2b: Sinistcha|[spread] p2b\n|-activate|p2a: Ursaluna|move: Protect\n|-ability|p1b: Lumineon|Storm Drain|boost\n|-boost|p1b: Lumineon|spa|1\n|-resisted|p2b: Sinistcha\n|-damage|p2b: Sinistcha|87\/100\n|move|p2b: Sinistcha|Matcha Gotcha|p1b: Lumineon|[spread] p1a,p1b\n|-supereffective|p1a: Slowking\n|-supereffective|p1b: Lumineon\n|-crit|p1b: Lumineon\n|-damage|p1a: Slowking|38\/100\n|-heal|p2b: Sinistcha|100\/100|[from] drain|[of] p1a: Slowking\n|-damage|p1b: Lumineon|0 fnt\n|faint|p1b: Lumineon\n|\n|-heal|p1a: Slowking|44\/100|[from] item: Leftovers\n|upkeep\n|\n|t:|1697683024\n|switch|p1b: Skeletor|Skeledirge, M|100\/100\n|turn|4\n|inactive|tatorhicks09 has 120 seconds left.\n|\n|t:|1697683042\n|-terastallize|p2b: Sinistcha|Water\n|move|p1a: Slowking|Surf|p2b: Sinistcha|[spread] p1b,p2a,p2b\n|-supereffective|p1b: Skeletor\n|-supereffective|p2a: Ursaluna\n|-resisted|p2b: Sinistcha\n|-damage|p1b: Skeletor|21\/100\n|-damage|p2a: Ursaluna|0 fnt\n|-damage|p2b: Sinistcha|86\/100\n|faint|p2a: Ursaluna\n|move|p2b: Sinistcha|Matcha Gotcha|p1b: Skeletor|[spread] p1a,p1b\n|-supereffective|p1a: Slowking\n|-resisted|p1b: Skeletor\n|-damage|p1a: Slowking|6\/100\n|-heal|p2b: Sinistcha|100\/100|[from] drain|[of] p1a: Slowking\n|-damage|p1b: Skeletor|6\/100\n|move|p1b: Skeletor|Torch Song|p2b: Sinistcha\n|-resisted|p2b: Sinistcha\n|-damage|p2b: Sinistcha|84\/100\n|-boost|p1b: Skeletor|spa|1\n|\n|-heal|p1a: Slowking|12\/100|[from] item: Leftovers\n|upkeep\n|\n|t:|1697683070\n|switch|p2a: Snorlax|Snorlax, F|100\/100\n|turn|5\n|\n|t:|1697683091\n|move|p2a: Snorlax|Belly Drum|p2a: Snorlax\n|-damage|p2a: Snorlax|50\/100\n|-setboost|p2a: Snorlax|atk|6|[from] move: Belly Drum\n|-enditem|p2a: Snorlax|Sitrus Berry|[eat]\n|-heal|p2a: Snorlax|75\/100|[from] item: Sitrus Berry\n|move|p1a: Slowking|Psychic|p2b: Sinistcha\n|-damage|p2b: Sinistcha|45\/100\n|-unboost|p2b: Sinistcha|spd|1\n|move|p2b: Sinistcha|Matcha Gotcha|p1a: Slowking|[spread] p1b\n|-miss|p2b: Sinistcha|p1a: Slowking\n|-resisted|p1b: Skeletor\n|-crit|p1b: Skeletor\n|-damage|p1b: Skeletor|0 fnt\n|-heal|p2b: Sinistcha|48\/100|[from] drain|[of] p1b: Skeletor\n|faint|p1b: Skeletor\n|\n|-heal|p1a: Slowking|18\/100|[from] item: Leftovers\n|-fieldend|move: Trick Room\n|upkeep\n|\n|t:|1697683099\n|switch|p1b: Talonflame|Talonflame, M|100\/100\n|turn|6\n|inactive|tatorhicks09 has 120 seconds left.\n|inactive|tatorhicks09 has 90 seconds left.\n|\n|t:|1697683155\n|move|p2b: Sinistcha|Rage Powder|p2b: Sinistcha\n|-singleturn|p2b: Sinistcha|move: Rage Powder\n|move|p1b: Talonflame|Brave Bird|p2b: Sinistcha\n|-damage|p2b: Sinistcha|5\/100\n|-damage|p1b: Talonflame|84\/100|[from] Recoil\n|move|p1a: Slowking|Psychic|p2b: Sinistcha\n|-damage|p2b: Sinistcha|0 fnt\n|faint|p2b: Sinistcha\n|move|p2a: Snorlax|Brick Break|p1b: Talonflame\n|-resisted|p1b: Talonflame\n|-damage|p1b: Talonflame|19\/100\n|\n|-heal|p1a: Slowking|24\/100|[from] item: Leftovers\n|upkeep\n|\n|t:|1697683170\n|switch|p2b: Crawdaunt|Crawdaunt, F|100\/100\n|turn|7\n|\n|t:|1697683190\n|move|p2b: Crawdaunt|Aqua Jet|p1b: Talonflame\n|-supereffective|p1b: Talonflame\n|-damage|p1b: Talonflame|0 fnt\n|faint|p1b: Talonflame\n|-damage|p2b: Crawdaunt|90\/100|[from] item: Life Orb\n|move|p2a: Snorlax|High Horsepower|p1a: Slowking\n|-damage|p1a: Slowking|0 fnt\n|faint|p1a: Slowking\n|\n|upkeep\n|\n|t:|1697683195\n|switch|p1b: Dragapult|Dragapult, F|100\/100\n|turn|8\n|inactive|tatorhicks09 has 120 seconds left.\n|\n|t:|1697683209\n|move|p1b: Dragapult|Dragon Pulse|p2a: Snorlax\n|-damage|p2a: Snorlax|48\/100\n|-damage|p1b: Dragapult|91\/100|[from] item: Life Orb\n|move|p2b: Crawdaunt|Knock Off|p1b: Dragapult\n|-supereffective|p1b: Dragapult\n|-damage|p1b: Dragapult|0 fnt\n|-enditem|p1b: Dragapult|Life Orb|[from] move: Knock Off|[of] p2b: Crawdaunt\n|faint|p1b: Dragapult\n|-damage|p2b: Crawdaunt|80\/100|[from] item: Life Orb\n|\n|win|tatorhicks09\n|raw|bowserx19's rating: 1093 &rarr; <strong>1069<\/strong><br \/>(-24 for losing)\n|raw|tatorhicks09's rating: 1098 &rarr; <strong>1123<\/strong><br \/>(+25 for winning)\n|l|\u2606bowserx19\n","uploadtime":1697683230,"views":11,"p1id":"bowserx19","p2id":"tatorhicks09","formatid":"gen9doublesou","rating":1069,"private":0,"password":""}