{"id":"gen9doublesou-1973134663","p1":"Circinuss","p2":"john55ar","format":"[Gen 9] Doubles OU","log":"|j|\u2606Circinuss\n|j|\u2606john55ar\n|t:|1697931483\n|gametype|doubles\n|player|p1|Circinuss|266|\n|player|p2|john55ar|101|\n|teamsize|p1|6\n|teamsize|p2|6\n|gen|9\n|tier|[Gen 9] Doubles OU\n|rule|Species Clause: Limit one of each Pok\u00e9mon\n|rule|OHKO Clause: OHKO moves are banned\n|rule|Evasion Moves Clause: Evasion moves are banned\n|rule|Gravity Sleep Clause: The combination of sleep-inducing moves with imperfect accuracy and Gravity or Gigantamax Orbeetle are banned\n|rule|Endless Battle Clause: Forcing endless battles is banned\n|rule|HP Percentage Mod: HP is shown in percentages\n|clearpoke\n|poke|p1|Rillaboom, F|\n|poke|p1|Okidogi, M|\n|poke|p1|Furret, F|\n|poke|p1|Dragonite, F|\n|poke|p1|Sableye, M|\n|poke|p1|Sylveon, F|\n|poke|p2|Cinderace, M|\n|poke|p2|Fezandipiti, M|\n|poke|p2|Gliscor, M|\n|poke|p2|Dragapult, M|\n|poke|p2|Rotom-Wash|\n|poke|p2|Kingambit, M|\n|teampreview\n|\n|t:|1697931505\n|start\n|switch|p1a: Okidogi|Okidogi, M|100\/100\n|switch|p1b: Sableye|Sableye, M|100\/100\n|switch|p2a: Rotom|Rotom-Wash, shiny|100\/100\n|switch|p2b: Kingambit|Kingambit, M|100\/100\n|turn|1\n|\n|t:|1697931532\n|move|p1b: Sableye|Will-O-Wisp|p2a: Rotom\n|-status|p2a: Rotom|brn\n|move|p2a: Rotom|Volt Switch|p1b: Sableye\n|-damage|p1b: Sableye|76\/100\n|\n|t:|1697931540\n|switch|p2a: Dragapult|Dragapult, M, shiny|100\/100|[from] Volt Switch\n|move|p1a: Okidogi|Drain Punch|p2b: Kingambit\n|-supereffective|p2b: Kingambit\n|-damage|p2b: Kingambit|0 fnt\n|faint|p2b: Kingambit\n|-end|p2b: Kingambit|fallenundefined|[silent]\n|\n|upkeep\n|\n|t:|1697931549\n|switch|p2b: Cinderace|Cinderace, M, shiny|100\/100\n|turn|2\n|inactive|Battle timer is ON: inactive players will automatically lose when time's up. (requested by Circinuss)\n|\n|t:|1697931562\n|move|p1b: Sableye|Thunder Wave|p2a: Dragapult\n|-status|p2a: Dragapult|par\n|move|p2b: Cinderace|Court Change||[still]\n|-start|p2b: Cinderace|typechange|Normal|[from] ability: Libero\n|-swapsideconditions\n|-fail|p2b: Cinderace\n|move|p2a: Dragapult|Tera Blast|p1a: Okidogi\n|-damage|p1a: Okidogi|63\/100\n|move|p1a: Okidogi|Bulk Up|p1a: Okidogi\n|-boost|p1a: Okidogi|atk|1\n|-boost|p1a: Okidogi|def|1\n|\n|upkeep\n|turn|3\n|\n|t:|1697931587\n|move|p1b: Sableye|Encore|p2b: Cinderace\n|-start|p2b: Cinderace|Encore\n|move|p2b: Cinderace|Court Change||[still]\n|-swapsideconditions\n|-fail|p2b: Cinderace\n|cant|p2a: Dragapult|par\n|move|p1a: Okidogi|Drain Punch|p2a: Dragapult\n|-immune|p2a: Dragapult\n|\n|upkeep\n|turn|4\n|\n|t:|1697931607\n|switch|p2b: Gliscor|Gliscor, M, shiny|100\/100\n|move|p2a: Dragapult|Tera Blast|p1a: Okidogi\n|-damage|p1a: Okidogi|29\/100\n|move|p1a: Okidogi|Bulk Up|p1a: Okidogi\n|-boost|p1a: Okidogi|atk|1\n|-boost|p1a: Okidogi|def|1\n|move|p1b: Sableye|Foul Play|p2a: Dragapult\n|-supereffective|p2a: Dragapult\n|-damage|p2a: Dragapult|13\/100 par\n|\n|-status|p2b: Gliscor|tox|[from] item: Toxic Orb\n|upkeep\n|turn|5\n|inactive|Circinuss has 270 seconds left.\n|\n|t:|1697931638\n|move|p2b: Gliscor|Fling|p1a: Okidogi\n|-resisted|p1a: Okidogi\n|-damage|p1a: Okidogi|28\/100\n|-enditem|p2b: Gliscor|Toxic Orb|[from] move: Fling\n|move|p2a: Dragapult|Tera Blast|p1a: Okidogi\n|-damage|p1a: Okidogi|0 fnt\n|faint|p1a: Okidogi\n|move|p1b: Sableye|Foul Play|p2a: Dragapult\n|-supereffective|p2a: Dragapult\n|-damage|p2a: Dragapult|0 fnt\n|faint|p2a: Dragapult\n|\n|upkeep\n|\n|t:|1697931652\n|switch|p2a: Cinderace|Cinderace, M, shiny|100\/100\n|switch|p1a: Rillaboom|Rillaboom, F|100\/100\n|-fieldstart|move: Grassy Terrain|[from] ability: Grassy Surge|[of] p1a: Rillaboom\n|turn|6\n|\n|t:|1697931665\n|move|p1a: Rillaboom|Fake Out|p2a: Cinderace\n|-damage|p2a: Cinderace|77\/100\n|move|p1b: Sableye|Thunder Wave|p2a: Cinderace\n|-status|p2a: Cinderace|par\n|move|p2b: Gliscor|Fling||[still]\n|-fail|p2b: Gliscor\n|cant|p2a: Cinderace|flinch\n|\n|-heal|p2a: Cinderace|83\/100 par|[from] Grassy Terrain\n|-heal|p1b: Sableye|82\/100|[from] Grassy Terrain\n|upkeep\n|turn|7\n|\n|t:|1697931691\n|switch|p1a: Dragonite|Dragonite, F|100\/100\n|move|p1b: Sableye|Encore|p2b: Gliscor\n|-start|p2b: Gliscor|Encore\n|move|p2b: Gliscor|Fling||[still]\n|-fail|p2b: Gliscor\n|move|p2a: Cinderace|Pyro Ball|p1a: Dragonite\n|-resisted|p1a: Dragonite\n|-damage|p1a: Dragonite|79\/100\n|-damage|p2a: Cinderace|73\/100 par|[from] item: Life Orb\n|\n|-heal|p2a: Cinderace|79\/100 par|[from] Grassy Terrain\n|-heal|p1b: Sableye|88\/100|[from] Grassy Terrain\n|upkeep\n|turn|8\n|\n|t:|1697931720\n|switch|p2b: Rotom|Rotom-Wash, shiny|100\/100 brn\n|switch|p2a: Fezandipiti|Fezandipiti, M|100\/100\n|move|p1a: Dragonite|Dragon Dance|p1a: Dragonite\n|-boost|p1a: Dragonite|atk|1\n|-boost|p1a: Dragonite|spe|1\n|move|p1b: Sableye|Foul Play|p2a: Fezandipiti\n|-resisted|p2a: Fezandipiti\n|-damage|p2a: Fezandipiti|85\/100\n|\n|-heal|p2a: Fezandipiti|91\/100|[from] Grassy Terrain\n|-heal|p1b: Sableye|94\/100|[from] Grassy Terrain\n|-damage|p2b: Rotom|94\/100 brn|[from] brn\n|upkeep\n|turn|9\n|\n|t:|1697931745\n|move|p1a: Dragonite|Extreme Speed|p2a: Fezandipiti\n|-damage|p2a: Fezandipiti|11\/100\n|-damage|p1a: Dragonite|69\/100|[from] item: Life Orb\n|move|p1b: Sableye|Thunder Wave|p2a: Fezandipiti\n|-status|p2a: Fezandipiti|par\n|move|p2b: Rotom|Volt Switch|p1b: Sableye\n|-damage|p1b: Sableye|67\/100\n|\n|t:|1697931757\n|switch|p2b: Cinderace|Cinderace, M, shiny|79\/100 par|[from] Volt Switch\n|move|p2a: Fezandipiti|Dazzling Gleam|p1a: Dragonite|[spread] p1a,p1b\n|-supereffective|p1a: Dragonite\n|-supereffective|p1b: Sableye\n|-damage|p1a: Dragonite|24\/100\n|-damage|p1b: Sableye|25\/100\n|\n|-heal|p2b: Cinderace|85\/100 par|[from] Grassy Terrain\n|-heal|p2a: Fezandipiti|17\/100 par|[from] Grassy Terrain\n|-heal|p1b: Sableye|31\/100|[from] Grassy Terrain\n|upkeep\n|turn|10\n|\n|t:|1697931774\n|move|p1a: Dragonite|Extreme Speed|p2a: Fezandipiti\n|-damage|p2a: Fezandipiti|0 fnt\n|faint|p2a: Fezandipiti\n|-damage|p1a: Dragonite|14\/100|[from] item: Life Orb\n|move|p2b: Cinderace|U-turn|p1a: Dragonite\n|-start|p2b: Cinderace|typechange|Bug|[from] ability: Libero\n|-resisted|p1a: Dragonite\n|-damage|p1a: Dragonite|0 fnt\n|faint|p1a: Dragonite\n|-damage|p2b: Cinderace|75\/100 par|[from] item: Life Orb\n|\n|t:|1697931787\n|switch|p2b: Gliscor|Gliscor, M, shiny|100\/100 tox|[from] U-turn\n|move|p1b: Sableye|Foul Play|p2b: Gliscor\n|-crit|p2b: Gliscor\n|-damage|p2b: Gliscor|38\/100 tox\n|\n|-heal|p1b: Sableye|37\/100|[from] Grassy Terrain\n|-heal|p2b: Gliscor|51\/100 tox|[from] ability: Poison Heal\n|-fieldend|move: Grassy Terrain\n|upkeep\n|\n|t:|1697931798\n|switch|p2a: Rotom|Rotom-Wash, shiny|94\/100 brn\n|switch|p1a: Rillaboom|Rillaboom, F|100\/100\n|-fieldstart|move: Grassy Terrain|[from] ability: Grassy Surge|[of] p1a: Rillaboom\n|turn|11\n|\n|t:|1697931820\n|switch|p2a: Cinderace|Cinderace, M, shiny|75\/100 par\n|move|p1a: Rillaboom|Fake Out|p2b: Gliscor\n|-damage|p2b: Gliscor|35\/100 tox\n|cant|p2b: Gliscor|flinch\n|move|p1b: Sableye|Foul Play|p2a: Cinderace\n|-damage|p2a: Cinderace|0 fnt\n|faint|p2a: Cinderace\n|\n|-heal|p1b: Sableye|43\/100|[from] Grassy Terrain\n|-heal|p2b: Gliscor|48\/100 tox|[from] ability: Poison Heal\n|upkeep\n|\n|t:|1697931833\n|switch|p2a: Rotom|Rotom-Wash, shiny|94\/100 brn\n|turn|12\n|\n|t:|1697931846\n|switch|p1b: Sylveon|Sylveon, F|100\/100\n|move|p2a: Rotom|Protect|p2a: Rotom\n|-singleturn|p2a: Rotom|Protect\n|move|p2b: Gliscor|Acrobatics|p1a: Rillaboom\n|-supereffective|p1a: Rillaboom\n|-crit|p1a: Rillaboom\n|-damage|p1a: Rillaboom|0 fnt\n|faint|p1a: Rillaboom\n|\n|-heal|p2a: Rotom|100\/100 brn|[from] item: Leftovers\n|-heal|p2b: Gliscor|60\/100 tox|[from] ability: Poison Heal\n|-damage|p2a: Rotom|94\/100 brn|[from] brn\n|upkeep\n|\n|t:|1697931859\n|switch|p1a: Furret|Furret, F|100\/100\n|turn|13\n|\n|t:|1697931871\n|move|p1a: Furret|Follow Me|p1a: Furret\n|-singleturn|p1a: Furret|move: Follow Me\n|move|p2b: Gliscor|Earthquake|p1a: Furret|[spread] p1a,p1b\n|-immune|p2a: Rotom|[from] ability: Levitate\n|-crit|p1b: Sylveon\n|-damage|p1a: Furret|79\/100\n|-damage|p1b: Sylveon|74\/100\n|move|p2a: Rotom|Volt Switch|p1a: Furret\n|-damage|p1a: Furret|43\/100\n|move|p1b: Sylveon|Hyper Voice|p2b: Gliscor|[spread] p2a,p2b\n|-damage|p2a: Rotom|73\/100 brn\n|-damage|p2b: Gliscor|17\/100 tox\n|-enditem|p1b: Sylveon|Throat Spray\n|-boost|p1b: Sylveon|spa|1|[from] item: Throat Spray\n|\n|-heal|p1a: Furret|49\/100|[from] Grassy Terrain\n|-heal|p1a: Furret|55\/100|[from] item: Leftovers\n|-heal|p2a: Rotom|79\/100 brn|[from] item: Leftovers\n|-heal|p1b: Sylveon|80\/100|[from] Grassy Terrain\n|-heal|p2b: Gliscor|29\/100 tox|[from] ability: Poison Heal\n|-damage|p2a: Rotom|73\/100 brn|[from] brn\n|upkeep\n|turn|14\n|\n|t:|1697931897\n|move|p1a: Furret|Follow Me|p1a: Furret\n|-singleturn|p1a: Furret|move: Follow Me\n|move|p2b: Gliscor|Acrobatics|p1a: Furret\n|-damage|p1a: Furret|0 fnt\n|faint|p1a: Furret\n|move|p2a: Rotom|Hydro Pump|p1b: Sylveon|[miss]\n|-miss|p2a: Rotom|p1b: Sylveon\n|move|p1b: Sylveon|Wish|p1b: Sylveon\n|\n|-heal|p2a: Rotom|79\/100 brn|[from] item: Leftovers\n|-heal|p1b: Sylveon|86\/100|[from] Grassy Terrain\n|-heal|p2b: Gliscor|41\/100 tox|[from] ability: Poison Heal\n|-damage|p2a: Rotom|73\/100 brn|[from] brn\n|upkeep\n|\n|t:|1697931910\n|switch|p1a: Sableye|Sableye, M|43\/100\n|turn|15\n|\n|t:|1697931926\n|move|p2b: Gliscor|Earthquake|p1b: Sylveon|[spread] p1a,p1b\n|-immune|p2a: Rotom|[from] ability: Levitate\n|-damage|p1a: Sableye|21\/100\n|-damage|p1b: Sylveon|64\/100\n|move|p2a: Rotom|Volt Switch|p1a: Sableye\n|-damage|p1a: Sableye|0 fnt\n|faint|p1a: Sableye\n|move|p1b: Sylveon|Hyper Voice|p2b: Gliscor|[spread] p2a,p2b\n|-damage|p2a: Rotom|35\/100 brn\n|-damage|p2b: Gliscor|0 fnt\n|faint|p2b: Gliscor\n|\n|-heal|p1b: Sylveon|100\/100|[from] move: Wish|[wisher] Sylveon\n|-heal|p2a: Rotom|41\/100 brn|[from] item: Leftovers\n|-damage|p2a: Rotom|35\/100 brn|[from] brn\n|-fieldend|move: Grassy Terrain\n|upkeep\n|turn|16\n|\n|t:|1697931945\n|move|p2a: Rotom|Volt Switch|p1b: Sylveon\n|-crit|p1b: Sylveon\n|-damage|p1b: Sylveon|81\/100\n|move|p1b: Sylveon|Hyper Voice|p2a: Rotom\n|-damage|p2a: Rotom|0 fnt\n|faint|p2a: Rotom\n|\n|win|Circinuss\n","uploadtime":1697931956,"views":22,"p1id":"circinuss","p2id":"john55ar","formatid":"gen9doublesou","rating":0,"private":0,"password":""}