{"id":"gen9doublesou-1999427440","p1":"Kondroid","p2":"mertgs12e55","format":"[Gen 9] Doubles OU","log":"|j|\u2606Kondroid\n|j|\u2606mertgs12e55\n|t:|1701078737\n|gametype|doubles\n|player|p1|Kondroid|hilbert-wonderlauncher|1212\n|player|p2|mertgs12e55|ingo|1186\n|teamsize|p1|6\n|teamsize|p2|6\n|gen|9\n|tier|[Gen 9] Doubles OU\n|rated|\n|rule|Species Clause: Limit one of each Pok\u00e9mon\n|rule|OHKO Clause: OHKO moves are banned\n|rule|Evasion Moves Clause: Evasion moves are banned\n|rule|Gravity Sleep Clause: The combination of sleep-inducing moves with imperfect accuracy and Gravity or Gigantamax Orbeetle are banned\n|rule|Endless Battle Clause: Forcing endless battles is banned\n|rule|HP Percentage Mod: HP is shown in percentages\n|clearpoke\n|poke|p1|Baxcalibur, F|\n|poke|p1|Ninetales-Alola, M|\n|poke|p1|Sinistcha|\n|poke|p1|Goodra-Hisui, F|\n|poke|p1|Zapdos|\n|poke|p1|Ogerpon-Hearthflame, F|\n|poke|p2|Sinistcha-Masterpiece|\n|poke|p2|Amoonguss, M|\n|poke|p2|Ogerpon-Hearthflame, F|\n|poke|p2|Flutter Mane|\n|poke|p2|Torkoal, M|\n|poke|p2|Walking Wake|\n|teampreview\n|inactive|Battle timer is ON: inactive players will automatically lose when time's up. (requested by Kondroid)\n|inactive|mertgs12e55 also wants the timer to be on.\n|\n|t:|1701078759\n|start\n|switch|p1a: Ogerpon|Ogerpon-Hearthflame, F|100\/100\n|switch|p1b: Goodra|Goodra-Hisui, F|100\/100\n|switch|p2a: Torkoal|Torkoal, M|100\/100\n|switch|p2b: Flutter Mane|Flutter Mane|100\/100\n|-ability|p1a: Ogerpon|Mold Breaker\n|-weather|SunnyDay|[from] ability: Drought|[of] p2a: Torkoal\n|-activate|p2b: Flutter Mane|ability: Protosynthesis\n|-start|p2b: Flutter Mane|protosynthesisspe\n|turn|1\n|\n|t:|1701078781\n|move|p2b: Flutter Mane|Protect|p2b: Flutter Mane\n|-singleturn|p2b: Flutter Mane|Protect\n|move|p1a: Ogerpon|Ivy Cudgel|p2b: Flutter Mane|[anim] Ivy Cudgel Fire\n|-activate|p2b: Flutter Mane|move: Protect\n|move|p1b: Goodra|Draco Meteor|p2a: Torkoal\n|-damage|p2a: Torkoal|10\/100\n|-unboost|p1b: Goodra|spa|2\n|move|p2a: Torkoal|Earth Power|p1b: Goodra\n|-supereffective|p1b: Goodra\n|-damage|p1b: Goodra|77\/100\n|\n|-weather|SunnyDay|[upkeep]\n|-heal|p2a: Torkoal|16\/100|[from] item: Leftovers\n|upkeep\n|turn|2\n|inactive|mertgs12e55 has 120 seconds left.\n|\n|t:|1701078823\n|switch|p2a: Amoonguss|Amoonguss, M|100\/100\n|move|p2b: Flutter Mane|Moonblast|p1a: Ogerpon\n|-resisted|p1a: Ogerpon\n|-damage|p1a: Ogerpon|60\/100\n|-unboost|p1a: Ogerpon|spa|1\n|-damage|p2b: Flutter Mane|91\/100|[from] item: Life Orb\n|move|p1a: Ogerpon|Ivy Cudgel|p2b: Flutter Mane|[anim] Ivy Cudgel Fire\n|-damage|p2b: Flutter Mane|0 fnt\n|faint|p2b: Flutter Mane\n|-end|p2b: Flutter Mane|Protosynthesis|[silent]\n|move|p1b: Goodra|Draco Meteor|p2a: Amoonguss|[miss]\n|-miss|p1b: Goodra|p2a: Amoonguss\n|\n|-weather|SunnyDay|[upkeep]\n|upkeep\n|\n|t:|1701078847\n|switch|p2b: Walking Wake|Walking Wake|100\/100\n|-activate|p2b: Walking Wake|ability: Protosynthesis\n|-start|p2b: Walking Wake|protosynthesisspa\n|turn|3\n|\n|t:|1701078862\n|switch|p1a: Ninetales|Ninetales-Alola, M|100\/100\n|-weather|Snow|[from] ability: Snow Warning|[of] p1a: Ninetales\n|-end|p2b: Walking Wake|Protosynthesis\n|-enditem|p2b: Walking Wake|Booster Energy\n|-activate|p2b: Walking Wake|ability: Protosynthesis|[fromitem]\n|-start|p2b: Walking Wake|protosynthesisspa\n|move|p2b: Walking Wake|Hydro Steam|p1a: Ninetales\n|-damage|p1a: Ninetales|42\/100\n|move|p1b: Goodra|Blizzard|p2b: Walking Wake|[spread] p2a,p2b\n|-supereffective|p2a: Amoonguss\n|-damage|p2a: Amoonguss|72\/100\n|-damage|p2b: Walking Wake|85\/100\n|move|p2a: Amoonguss|Pollen Puff|p2b: Walking Wake\n|-heal|p2b: Walking Wake|100\/100\n|\n|-weather|Snow|[upkeep]\n|upkeep\n|turn|4\n|inactive|mertgs12e55 has 120 seconds left.\n|\n|t:|1701078892\n|switch|p1b: Sinistcha|Sinistcha|100\/100\n|-heal|p1a: Ninetales|66\/100|[from] ability: Hospitality|[of] p1b: Sinistcha\n|switch|p2a: Torkoal|Torkoal, M|16\/100\n|-weather|SunnyDay|[from] ability: Drought|[of] p2a: Torkoal\n|move|p1a: Ninetales|Aurora Veil||[still]\n|-fail|p1a: Ninetales\n|move|p2b: Walking Wake|Dragon Pulse|p1b: Sinistcha\n|-damage|p1b: Sinistcha|37\/100\n|\n|-weather|SunnyDay|[upkeep]\n|-heal|p1b: Sinistcha|43\/100|[from] item: Leftovers\n|-heal|p2a: Torkoal|22\/100|[from] item: Leftovers\n|upkeep\n|turn|5\n|inactive|mertgs12e55 has 120 seconds left.\n|\n|t:|1701078917\n|switch|p1a: Goodra|Goodra-Hisui, F|77\/100\n|switch|p2a: Amoonguss|Amoonguss, M|100\/100\n|move|p2b: Walking Wake|Flamethrower|p1a: Goodra\n|-damage|p1a: Goodra|50\/100\n|move|p1b: Sinistcha|Matcha Gotcha|p2b: Walking Wake|[spread] p2a,p2b\n|-resisted|p2a: Amoonguss\n|-crit|p2a: Amoonguss\n|-damage|p2a: Amoonguss|89\/100\n|-heal|p1b: Sinistcha|51\/100|[from] drain|[of] p2a: Amoonguss\n|-damage|p2b: Walking Wake|65\/100\n|-heal|p1b: Sinistcha|68\/100|[from] drain|[of] p2b: Walking Wake\n|-status|p2b: Walking Wake|brn\n|\n|-weather|SunnyDay|[upkeep]\n|-heal|p1b: Sinistcha|74\/100|[from] item: Leftovers\n|-damage|p2b: Walking Wake|59\/100 brn|[from] brn\n|upkeep\n|turn|6\n|inactive|mertgs12e55 has 120 seconds left.\n|inactive|Kondroid has 120 seconds left.\n|inactive|mertgs12e55 has 90 seconds left.\n|\n|t:|1701078958\n|move|p1b: Sinistcha|Rage Powder|p1b: Sinistcha\n|-singleturn|p1b: Sinistcha|move: Rage Powder\n|move|p2b: Walking Wake|Flamethrower|p1b: Sinistcha\n|-supereffective|p1b: Sinistcha\n|-damage|p1b: Sinistcha|0 fnt\n|faint|p1b: Sinistcha\n|move|p1a: Goodra|Flash Cannon|p2a: Amoonguss\n|-damage|p2a: Amoonguss|49\/100\n|move|p2a: Amoonguss|Pollen Puff|p2b: Walking Wake\n|-heal|p2b: Walking Wake|100\/100 brn\n|\n|-weather|SunnyDay|[upkeep]\n|-damage|p2b: Walking Wake|94\/100 brn|[from] brn\n|upkeep\n|\n|t:|1701078972\n|switch|p1b: Ninetales|Ninetales-Alola, M|66\/100\n|-weather|Snow|[from] ability: Snow Warning|[of] p1b: Ninetales\n|turn|7\n|\n|t:|1701078982\n|switch|p2a: Torkoal|Torkoal, M|22\/100\n|-weather|SunnyDay|[from] ability: Drought|[of] p2a: Torkoal\n|move|p1b: Ninetales|Aurora Veil||[still]\n|-fail|p1b: Ninetales\n|move|p2b: Walking Wake|Flamethrower|p1b: Ninetales\n|-supereffective|p1b: Ninetales\n|-damage|p1b: Ninetales|0 fnt\n|faint|p1b: Ninetales\n|move|p1a: Goodra|Draco Meteor|p2b: Walking Wake\n|-supereffective|p2b: Walking Wake\n|-damage|p2b: Walking Wake|0 fnt\n|-unboost|p1a: Goodra|spa|2\n|faint|p2b: Walking Wake\n|-end|p2b: Walking Wake|Protosynthesis|[silent]\n|\n|-weather|SunnyDay|[upkeep]\n|-heal|p2a: Torkoal|28\/100|[from] item: Leftovers\n|upkeep\n|\n|t:|1701079002\n|switch|p1b: Ogerpon|Ogerpon-Hearthflame, F|60\/100\n|switch|p2b: Ogerpon|Ogerpon-Hearthflame, F|100\/100\n|-ability|p1b: Ogerpon|Mold Breaker\n|-ability|p2b: Ogerpon|Mold Breaker\n|turn|8\n|\n|t:|1701079019\n|move|p1b: Ogerpon|Spiky Shield|p1b: Ogerpon\n|-singleturn|p1b: Ogerpon|move: Protect\n|move|p2b: Ogerpon|Spiky Shield|p2b: Ogerpon\n|-singleturn|p2b: Ogerpon|move: Protect\n|move|p1a: Goodra|Draco Meteor|p2a: Torkoal\n|-damage|p2a: Torkoal|0 fnt\n|-unboost|p1a: Goodra|spa|2\n|faint|p2a: Torkoal\n|\n|-weather|SunnyDay|[upkeep]\n|upkeep\n|\n|t:|1701079036\n|switch|p2a: Amoonguss|Amoonguss, M|82\/100\n|turn|9\n|\n|t:|1701079048\n|move|p2a: Amoonguss|Rage Powder|p2a: Amoonguss\n|-singleturn|p2a: Amoonguss|move: Rage Powder\n|move|p1b: Ogerpon|Ivy Cudgel|p2b: Ogerpon|[anim] Ivy Cudgel Fire\n|-damage|p2b: Ogerpon|0 fnt\n|faint|p2b: Ogerpon\n|move|p1a: Goodra|Chilling Water|p2a: Amoonguss\n|-resisted|p2a: Amoonguss\n|-damage|p2a: Amoonguss|81\/100\n|-unboost|p2a: Amoonguss|atk|1\n|\n|-weather|SunnyDay|[upkeep]\n|upkeep\n|-message|mertgs12e55 forfeited.\n|\n|win|Kondroid\n|raw|Kondroid's rating: 1212 &rarr; <strong>1235<\/strong><br \/>(+23 for winning)\n|raw|mertgs12e55's rating: 1186 &rarr; <strong>1163<\/strong><br \/>(-23 for losing)\n|l|\u2606mertgs12e55\n|l|\u2606Kondroid\n|j|\u2606Kondroid\n|player|p1|Kondroid|hilbert-wonderlauncher\n","uploadtime":1701079072,"views":12,"p1id":"kondroid","p2id":"mertgs12e55","formatid":"gen9doublesou","rating":1163,"private":0,"password":""}