{"id":"gen9doublesou-1991972293","p1":"Blue Syrius","p2":"SlothOfDanger","format":"[Gen 9] Doubles OU","log":"|j|\u2606Blue Syrius\n|j|\u2606SlothOfDanger\n|t:|1700143943\n|gametype|doubles\n|player|p1|Blue Syrius|ninjaboy|1386\n|player|p2|SlothOfDanger|1|1358\n|teamsize|p1|6\n|teamsize|p2|6\n|gen|9\n|tier|[Gen 9] Doubles OU\n|rated|\n|rule|Species Clause: Limit one of each Pok\u00e9mon\n|rule|OHKO Clause: OHKO moves are banned\n|rule|Evasion Moves Clause: Evasion moves are banned\n|rule|Gravity Sleep Clause: The combination of sleep-inducing moves with imperfect accuracy and Gravity or Gigantamax Orbeetle are banned\n|rule|Endless Battle Clause: Forcing endless battles is banned\n|rule|HP Percentage Mod: HP is shown in percentages\n|clearpoke\n|poke|p1|Farigiraf, F|\n|poke|p1|Chien-Pao|\n|poke|p1|Garchomp, M|\n|poke|p1|Tornadus, M|\n|poke|p1|Flutter Mane|\n|poke|p1|Chi-Yu|\n|poke|p2|Ninetales-Alola, F|\n|poke|p2|Landorus-Therian, M|\n|poke|p2|Heatran, M|\n|poke|p2|Ogerpon-Hearthflame, F|\n|poke|p2|Flutter Mane|\n|poke|p2|Farigiraf, M|\n|teampreview\n|\n|t:|1700143958\n|start\n|switch|p1a: Protect|Chi-Yu|100\/100\n|switch|p1b: Psyshock|Flutter Mane|100\/100\n|switch|p2a: Farigiraf|Farigiraf, M|100\/100\n|switch|p2b: Ninetales|Ninetales-Alola, F|100\/100\n|-ability|p1a: Protect|Beads of Ruin\n|-weather|Snow|[from] ability: Snow Warning|[of] p2b: Ninetales\n|-enditem|p1b: Psyshock|Booster Energy\n|-activate|p1b: Psyshock|ability: Protosynthesis|[fromitem]\n|-start|p1b: Psyshock|protosynthesisspa\n|turn|1\n|inactive|Battle timer is ON: inactive players will automatically lose when time's up. (requested by Blue Syrius)\n|inactive|SlothOfDanger has 120 seconds left.\n|\n|t:|1700144004\n|switch|p2a: Landorus|Landorus-Therian, M|100\/100\n|-ability|p2a: Landorus|Intimidate|boost\n|-unboost|p1a: Protect|atk|1\n|-unboost|p1b: Psyshock|atk|1\n|move|p1a: Protect|Dark Pulse|p2a: Landorus\n|-damage|p2a: Landorus|43\/100\n|move|p1b: Psyshock|Dazzling Gleam|p2b: Ninetales|[spread] p2a,p2b\n|-damage|p2a: Landorus|0 fnt\n|-damage|p2b: Ninetales|42\/100\n|faint|p2a: Landorus\n|move|p2b: Ninetales|Aurora Veil|p2b: Ninetales\n|-sidestart|p2: SlothOfDanger|move: Aurora Veil\n|\n|-weather|Snow|[upkeep]\n|upkeep\n|\n|t:|1700144020\n|switch|p2a: Heatran|Heatran, M, shiny|100\/100\n|turn|2\n|\n|t:|1700144032\n|-terastallize|p1b: Psyshock|Dark\n|move|p1a: Protect|Dark Pulse|p2a: Heatran\n|-damage|p2a: Heatran|79\/100\n|move|p1b: Psyshock|Shadow Ball|p2a: Heatran\n|-damage|p2a: Heatran|50\/100\n|move|p2b: Ninetales|Moonblast|p1a: Protect\n|-damage|p1a: Protect|69\/100\n|move|p2a: Heatran|Flash Cannon|p1b: Psyshock\n|-damage|p1b: Psyshock|34\/100\n|\n|-weather|Snow|[upkeep]\n|upkeep\n|turn|3\n|inactive|SlothOfDanger has 120 seconds left.\n|\n|t:|1700144081\n|move|p1a: Protect|Dark Pulse|p2b: Ninetales\n|-resisted|p2b: Ninetales\n|-damage|p2b: Ninetales|23\/100\n|move|p1b: Psyshock|Mystical Fire|p2b: Ninetales\n|-supereffective|p2b: Ninetales\n|-crit|p2b: Ninetales\n|-damage|p2b: Ninetales|0 fnt\n|faint|p2b: Ninetales\n|move|p2a: Heatran|Earth Power|p1a: Protect\n|-supereffective|p1a: Protect\n|-crit|p1a: Protect\n|-damage|p1a: Protect|0 fnt\n|faint|p1a: Protect\n|\n|-weather|Snow|[upkeep]\n|upkeep\n|inactive|SlothOfDanger has 120 seconds left.\n|\n|t:|1700144102\n|switch|p2b: Ogerpon|Ogerpon-Hearthflame, F|100\/100\n|switch|p1a: Swords Dance|Chien-Pao|100\/100\n|-ability|p1a: Swords Dance|Sword of Ruin\n|-ability|p2b: Ogerpon|Mold Breaker\n|turn|4\n|\n|t:|1700144117\n|move|p1a: Swords Dance|Sacred Sword|p2a: Heatran\n|-supereffective|p2a: Heatran\n|-damage|p2a: Heatran|5\/100\n|move|p1b: Psyshock|Shadow Ball|p2b: Ogerpon\n|-damage|p2b: Ogerpon|54\/100\n|-unboost|p2b: Ogerpon|spd|1\n|move|p2b: Ogerpon|Swords Dance|p2b: Ogerpon\n|-boost|p2b: Ogerpon|atk|2\n|move|p2a: Heatran|Heat Wave|p1a: Swords Dance|[spread] p1a,p1b\n|-supereffective|p1a: Swords Dance\n|-enditem|p1a: Swords Dance|Focus Sash\n|-damage|p1a: Swords Dance|1\/100\n|-damage|p1b: Psyshock|0 fnt\n|faint|p1b: Psyshock\n|-end|p1b: Psyshock|Protosynthesis|[silent]\n|\n|-weather|Snow|[upkeep]\n|upkeep\n|\n|t:|1700144138\n|switch|p1b: Trick Room|Farigiraf, F|100\/100\n|turn|5\n|\n|t:|1700144149\n|move|p1a: Swords Dance|Sacred Sword|p2b: Ogerpon\n|-damage|p2b: Ogerpon|16\/100\n|move|p2b: Ogerpon|Horn Leech|p1b: Trick Room\n|-damage|p1b: Trick Room|0 fnt\n|-heal|p2b: Ogerpon|90\/100|[from] drain|[of] p1b: Trick Room\n|faint|p1b: Trick Room\n|move|p2a: Heatran|Heat Wave|p1a: Swords Dance\n|-supereffective|p1a: Swords Dance\n|-damage|p1a: Swords Dance|0 fnt\n|faint|p1a: Swords Dance\n|\n|-weather|none\n|upkeep\n|\n|t:|1700144163\n|switch|p1a: Stealth Rock|Garchomp, M|100\/100\n|switch|p1b: Nasty Plot|Tornadus, M|100\/100\n|turn|6\n|\n|t:|1700144187\n|move|p1b: Nasty Plot|Tailwind|p1b: Nasty Plot\n|-sidestart|p1: Blue Syrius|move: Tailwind\n|move|p1a: Stealth Rock|Rock Slide|p2a: Heatran|[spread] p2a,p2b\n|-supereffective|p2b: Ogerpon\n|-damage|p2a: Heatran|0 fnt\n|-damage|p2b: Ogerpon|53\/100\n|faint|p2a: Heatran\n|cant|p2b: Ogerpon|flinch\n|\n|upkeep\n|\n|t:|1700144197\n|switch|p2a: Flutter Mane|Flutter Mane|100\/100\n|turn|7\n|\n|t:|1700144212\n|move|p1b: Nasty Plot|Bleakwind Storm|p2a: Flutter Mane|[spread] p2a,p2b\n|-supereffective|p2b: Ogerpon\n|-damage|p2a: Flutter Mane|71\/100\n|-damage|p2b: Ogerpon|0 fnt\n|faint|p2b: Ogerpon\n|move|p1a: Stealth Rock|Earthquake|p2a: Flutter Mane|[spread] p2a\n|-immune|p1b: Nasty Plot\n|-crit|p2a: Flutter Mane\n|-damage|p2a: Flutter Mane|0 fnt\n|faint|p2a: Flutter Mane\n|-end|p2a: Flutter Mane|Protosynthesis|[silent]\n|\n|upkeep\n|\n|t:|1700144224\n|switch|p2b: Farigiraf|Farigiraf, M|100\/100\n|turn|8\n|\n|t:|1700144241\n|move|p1b: Nasty Plot|Heat Wave|p2b: Farigiraf\n|-crit|p2b: Farigiraf\n|-damage|p2b: Farigiraf|53\/100\n|move|p1a: Stealth Rock|Iron Head|p2b: Farigiraf\n|-damage|p2b: Farigiraf|32\/100\n|-enditem|p2b: Farigiraf|Sitrus Berry|[eat]\n|-heal|p2b: Farigiraf|57\/100|[from] item: Sitrus Berry\n|move|p2b: Farigiraf|Psychic|p1a: Stealth Rock\n|-damage|p1a: Stealth Rock|55\/100\n|\n|-sideend|p2: SlothOfDanger|move: Aurora Veil\n|upkeep\n|turn|9\n|\n|t:|1700144255\n|move|p1b: Nasty Plot|Heat Wave|p2b: Farigiraf|[miss]\n|-miss|p1b: Nasty Plot|p2b: Farigiraf\n|move|p1a: Stealth Rock|Earthquake|p2b: Farigiraf|[spread] p2b\n|-immune|p1b: Nasty Plot\n|-damage|p2b: Farigiraf|16\/100\n|move|p2b: Farigiraf|Psychic|p1a: Stealth Rock\n|-damage|p1a: Stealth Rock|15\/100\n|\n|-sideend|p1: Blue Syrius|move: Tailwind\n|upkeep\n|turn|10\n|\n|t:|1700144270\n|move|p1b: Nasty Plot|Heat Wave|p2b: Farigiraf\n|-damage|p2b: Farigiraf|0 fnt\n|faint|p2b: Farigiraf\n|\n|win|Blue Syrius\n|raw|Blue Syrius's rating: 1386 &rarr; <strong>1404<\/strong><br \/>(+18 for winning)\n|raw|SlothOfDanger's rating: 1358 &rarr; <strong>1340<\/strong><br \/>(-18 for losing)\n","uploadtime":1700144285,"views":10,"p1id":"bluesyrius","p2id":"slothofdanger","formatid":"gen9doublesou","rating":1340,"private":0,"password":""}