{"id":"gen9doublesou-1978394850","p1":"shedinja33","p2":"murmurxxx","format":"[Gen 9] Doubles OU","log":"|j|\u2606shedinja33\n|j|\u2606murmurxxx\n|t:|1698533382\n|gametype|doubles\n|player|p1|shedinja33|shauntal|1192\n|player|p2|murmurxxx|265|1355\n|teamsize|p1|6\n|teamsize|p2|6\n|gen|9\n|tier|[Gen 9] Doubles OU\n|rated|\n|rule|Species Clause: Limit one of each Pok\u00e9mon\n|rule|OHKO Clause: OHKO moves are banned\n|rule|Evasion Moves Clause: Evasion moves are banned\n|rule|Gravity Sleep Clause: The combination of sleep-inducing moves with imperfect accuracy and Gravity or Gigantamax Orbeetle are banned\n|rule|Endless Battle Clause: Forcing endless battles is banned\n|rule|HP Percentage Mod: HP is shown in percentages\n|clearpoke\n|poke|p1|Farigiraf, F|\n|poke|p1|Mimikyu, F|\n|poke|p1|Volcanion|\n|poke|p1|Ursaluna, M|\n|poke|p1|Sinistcha-Masterpiece|\n|poke|p1|Arcanine, M|\n|poke|p2|Oranguru, F|\n|poke|p2|Torkoal, F|\n|poke|p2|Walking Wake|\n|poke|p2|Goodra-Hisui, M|\n|poke|p2|Dugtrio, M|\n|poke|p2|Chien-Pao|\n|teampreview\n|inactive|Battle timer is ON: inactive players will automatically lose when time's up. (requested by murmurxxx)\n|inactive|murmurxxx has 120 seconds left.\n|\n|t:|1698533484\n|start\n|switch|p1a: Mimikyu|Mimikyu, F|100\/100\n|switch|p1b: Volcanion|Volcanion|100\/100\n|switch|p2a: Dugtrio|Dugtrio, M|100\/100\n|switch|p2b: Chien-Pao|Chien-Pao|100\/100\n|-ability|p2b: Chien-Pao|Sword of Ruin\n|turn|1\n|\n|t:|1698533514\n|-terastallize|p1b: Volcanion|Ground\n|move|p2b: Chien-Pao|Ice Spinner|p1a: Mimikyu\n|-activate|p1a: Mimikyu|ability: Disguise\n|-damage|p1a: Mimikyu|100\/100\n|detailschange|p1a: Mimikyu|Mimikyu-Busted, F\n|-damage|p1a: Mimikyu|88\/100|[from] pokemon: Mimikyu-Busted\n|-enditem|p1a: Mimikyu|Red Card|[of] p2b: Chien-Pao\n|drag|p2b: Oranguru|Oranguru, F|100\/100\n|move|p2a: Dugtrio|Dig||[still]\n|-prepare|p2a: Dugtrio|Dig\n|move|p1a: Mimikyu|Will-O-Wisp|p2b: Oranguru\n|-status|p2b: Oranguru|brn\n|move|p1b: Volcanion|Heat Wave|p2b: Oranguru|[spread] p2b\n|-miss|p1b: Volcanion|p2a: Dugtrio\n|-damage|p2b: Oranguru|77\/100 brn\n|\n|-damage|p2b: Oranguru|71\/100 brn|[from] brn\n|upkeep\n|turn|2\n|inactive|shedinja33 has 120 seconds left.\n|\n|t:|1698533551\n|move|p2a: Dugtrio|Dig|p1b: Volcanion|[from]lockedmove\n|-damage|p1b: Volcanion|74\/100\n|move|p1a: Mimikyu|Will-O-Wisp|p2a: Dugtrio\n|-status|p2a: Dugtrio|brn\n|move|p1b: Volcanion|Steam Eruption|p2a: Dugtrio\n|-supereffective|p2a: Dugtrio\n|-enditem|p2a: Dugtrio|Focus Sash\n|-damage|p2a: Dugtrio|1\/100 brn\n|move|p2b: Oranguru|Yawn|p1b: Volcanion\n|-start|p1b: Volcanion|move: Yawn|[of] p2b: Oranguru\n|\n|-damage|p2a: Dugtrio|0 fnt|[from] brn\n|faint|p2a: Dugtrio\n|-damage|p2b: Oranguru|64\/100 brn|[from] brn\n|upkeep\n|inactive|murmurxxx has 120 seconds left.\n|\n|t:|1698533570\n|switch|p2a: Goodra|Goodra-Hisui, M|100\/100\n|turn|3\n|\n|t:|1698533587\n|switch|p1b: Arcanine|Arcanine, M|100\/100\n|-ability|p1b: Arcanine|Intimidate|boost\n|-unboost|p2a: Goodra|atk|1\n|-fail|p2b: Oranguru|unboost|Attack|[from] ability: Inner Focus|[of] p2b: Oranguru\n|move|p1a: Mimikyu|Taunt|p2b: Oranguru\n|-start|p2b: Oranguru|move: Taunt\n|-enditem|p2b: Oranguru|Mental Herb\n|-end|p2b: Oranguru|move: Taunt\n|move|p2a: Goodra|Heavy Slam|p1a: Mimikyu\n|-supereffective|p1a: Mimikyu\n|-crit|p1a: Mimikyu\n|-damage|p1a: Mimikyu|0 fnt\n|faint|p1a: Mimikyu\n|move|p2b: Oranguru|Trick Room|p2b: Oranguru\n|-fieldstart|move: Trick Room|[of] p2b: Oranguru\n|\n|-damage|p2b: Oranguru|58\/100 brn|[from] brn\n|upkeep\n|inactive|shedinja33 has 120 seconds left.\n|\n|t:|1698533604\n|switch|p1a: Farigiraf|Farigiraf, F|100\/100\n|turn|4\n|\n|t:|1698533623\n|switch|p2a: Torkoal|Torkoal, F|100\/100\n|-weather|SunnyDay|[from] ability: Drought|[of] p2a: Torkoal\n|move|p2b: Oranguru|Protect|p2b: Oranguru\n|-singleturn|p2b: Oranguru|Protect\n|move|p1b: Arcanine|Will-O-Wisp|p2a: Torkoal\n|-immune|p2a: Torkoal\n|move|p1a: Farigiraf|Trick Room|p1a: Farigiraf\n|-fieldend|move: Trick Room\n|\n|-weather|SunnyDay|[upkeep]\n|-damage|p2b: Oranguru|52\/100 brn|[from] brn\n|upkeep\n|turn|5\n|c|\u2606murmurxxx|damn\n|c|\u2606murmurxxx|thats annoying\n|\n|t:|1698533646\n|switch|p1b: Ursaluna|Ursaluna, M|100\/100\n|move|p1a: Farigiraf|Imprison|p1a: Farigiraf\n|-start|p1a: Farigiraf|move: Imprison\n|move|p2a: Torkoal|Heat Wave|p1a: Farigiraf|[spread] p1a\n|-miss|p2a: Torkoal|p1b: Ursaluna\n|-damage|p1a: Farigiraf|63\/100\n|cant|p2b: Oranguru|move: Imprison|Trick Room\n|\n|-weather|SunnyDay|[upkeep]\n|-damage|p2b: Oranguru|46\/100 brn|[from] brn\n|upkeep\n|turn|6\n|c|\u2606murmurxxx|lol\n|inactive|murmurxxx has 120 seconds left.\n|\n|t:|1698533689\n|move|p1a: Farigiraf|Foul Play|p2b: Oranguru\n|-supereffective|p2b: Oranguru\n|-damage|p2b: Oranguru|21\/100 brn\n|move|p1b: Ursaluna|High Horsepower|p2a: Torkoal\n|-supereffective|p2a: Torkoal\n|-damage|p2a: Torkoal|10\/100\n|move|p2b: Oranguru|Instruct|p2a: Torkoal\n|-singleturn|p2a: Torkoal|move: Instruct|[of] p2b: Oranguru\n|move|p2a: Torkoal|Heat Wave|p1a: Farigiraf|[spread] p1b\n|-miss|p2a: Torkoal|p1a: Farigiraf\n|-damage|p1b: Ursaluna|62\/100\n|move|p2a: Torkoal|Heat Wave|p1a: Farigiraf|[spread] p1b\n|-miss|p2a: Torkoal|p1a: Farigiraf\n|-damage|p1b: Ursaluna|20\/100\n|\n|-weather|SunnyDay|[upkeep]\n|-damage|p2b: Oranguru|14\/100 brn|[from] brn\n|upkeep\n|turn|7\n|c|\u2606murmurxxx|cmon\n|c|\u2606murmurxxx|how much\n|c|\u2606murmurxxx|can it miss\n|inactive|murmurxxx has 120 seconds left.\n|c|\u2606murmurxxx|u are pure luck\n|\n|t:|1698533713\n|move|p1a: Farigiraf|Foul Play|p2a: Torkoal\n|-damage|p2a: Torkoal|0 fnt\n|faint|p2a: Torkoal\n|move|p1b: Ursaluna|Rock Slide|p2b: Oranguru|[miss]\n|-miss|p1b: Ursaluna|p2b: Oranguru\n|move|p2b: Oranguru|Yawn|p1a: Farigiraf\n|-start|p1a: Farigiraf|move: Yawn|[of] p2b: Oranguru\n|\n|-weather|SunnyDay|[upkeep]\n|-damage|p2b: Oranguru|8\/100 brn|[from] brn\n|upkeep\n|\n|t:|1698533727\n|switch|p2a: Walking Wake|Walking Wake|100\/100\n|-activate|p2a: Walking Wake|ability: Protosynthesis\n|-start|p2a: Walking Wake|protosynthesisspa\n|turn|8\n|\n|t:|1698533742\n|switch|p1b: Volcanion|Volcanion, tera:Ground|74\/100\n|move|p2a: Walking Wake|Hydro Steam|p1b: Volcanion\n|-heal|p1b: Volcanion|99\/100|[from] ability: Water Absorb|[of] p2a: Walking Wake\n|move|p1a: Farigiraf|Foul Play|p2b: Oranguru\n|-supereffective|p2b: Oranguru\n|-damage|p2b: Oranguru|0 fnt\n|faint|p2b: Oranguru\n|\n|-weather|SunnyDay|[upkeep]\n|-end|p1a: Farigiraf|move: Yawn|[silent]\n|-status|p1a: Farigiraf|slp\n|upkeep\n|\n|t:|1698533754\n|switch|p2b: Chien-Pao|Chien-Pao|100\/100\n|-ability|p2b: Chien-Pao|Sword of Ruin\n|turn|9\n|\n|t:|1698533768\n|switch|p1b: Arcanine|Arcanine, M|100\/100\n|-ability|p1b: Arcanine|Intimidate|boost\n|-unboost|p2a: Walking Wake|atk|1\n|-unboost|p2b: Chien-Pao|atk|1\n|move|p2b: Chien-Pao|Ice Spinner|p1b: Arcanine\n|-resisted|p1b: Arcanine\n|-crit|p1b: Arcanine\n|-damage|p1b: Arcanine|58\/100\n|-damage|p2b: Chien-Pao|84\/100|[from] item: Rocky Helmet|[of] p1b: Arcanine\n|move|p2a: Walking Wake|Hydro Steam|p1a: Farigiraf\n|-damage|p1a: Farigiraf|0 fnt\n|faint|p1a: Farigiraf\n|-damage|p2a: Walking Wake|91\/100|[from] item: Life Orb\n|\n|-weather|SunnyDay|[upkeep]\n|upkeep\n|\n|t:|1698533782\n|switch|p1a: Sinistcha|Sinistcha-Masterpiece|100\/100\n|-heal|p1b: Arcanine|82\/100|[from] ability: Hospitality|[of] p1a: Sinistcha\n|turn|10\n|\n|t:|1698533799\n|switch|p1b: Volcanion|Volcanion, tera:Ground|99\/100\n|move|p2b: Chien-Pao|Ice Spinner|p1a: Sinistcha\n|-supereffective|p1a: Sinistcha\n|-damage|p1a: Sinistcha|48\/100\n|move|p2a: Walking Wake|Hydro Steam|p1b: Volcanion\n|-heal|p1b: Volcanion|100\/100|[from] ability: Water Absorb|[of] p2a: Walking Wake\n|move|p1a: Sinistcha|Matcha Gotcha|p2b: Chien-Pao|[spread] p2a,p2b\n|-damage|p2a: Walking Wake|61\/100\n|-heal|p1a: Sinistcha|63\/100|[from] drain|[of] p2a: Walking Wake\n|-damage|p2b: Chien-Pao|44\/100\n|-heal|p1a: Sinistcha|81\/100|[from] drain|[of] p2b: Chien-Pao\n|-status|p2a: Walking Wake|brn\n|\n|-weather|SunnyDay|[upkeep]\n|-damage|p2a: Walking Wake|55\/100 brn|[from] brn\n|upkeep\n|turn|11\n|c|\u2606murmurxxx|-.-\n|\n|t:|1698533823\n|move|p2b: Chien-Pao|Crunch|p1a: Sinistcha\n|-supereffective|p1a: Sinistcha\n|-damage|p1a: Sinistcha|26\/100\n|move|p2a: Walking Wake|Hydro Steam|p1b: Volcanion\n|-immune|p1b: Volcanion|[from] ability: Water Absorb\n|move|p1b: Volcanion|Steam Eruption|p2b: Chien-Pao\n|-damage|p2b: Chien-Pao|0 fnt\n|faint|p2b: Chien-Pao\n|move|p1a: Sinistcha|Hex|p2a: Walking Wake\n|-damage|p2a: Walking Wake|0 fnt\n|faint|p2a: Walking Wake\n|-end|p2a: Walking Wake|Protosynthesis|[silent]\n|\n|-weather|none\n|upkeep\n|c|\u2606murmurxxx|-.-\n|inactive|murmurxxx has 120 seconds left.\n|\n|t:|1698533839\n|switch|p2a: Goodra|Goodra-Hisui, M|100\/100\n|turn|12\n|\n|t:|1698533846\n|-terastallize|p2a: Goodra|Water\n|move|p1a: Sinistcha|Strength Sap|p2a: Goodra\n|-ability|p2a: Goodra|Sap Sipper|boost\n|-boost|p2a: Goodra|atk|1\n|move|p1b: Volcanion|Heat Wave|p2a: Goodra|[miss]\n|-miss|p1b: Volcanion|p2a: Goodra\n|move|p2a: Goodra|Curse|p2a: Goodra\n|-unboost|p2a: Goodra|spe|1\n|-boost|p2a: Goodra|atk|1\n|-boost|p2a: Goodra|def|1\n|\n|upkeep\n|turn|13\n|\n|t:|1698533869\n|switch|p1a: Arcanine|Arcanine, M|82\/100\n|-ability|p1a: Arcanine|Intimidate|boost\n|-unboost|p2a: Goodra|atk|1\n|move|p1b: Volcanion|Sludge Bomb|p2a: Goodra\n|-damage|p2a: Goodra|83\/100\n|-status|p2a: Goodra|psn\n|move|p2a: Goodra|Curse|p2a: Goodra\n|-unboost|p2a: Goodra|spe|1\n|-boost|p2a: Goodra|atk|1\n|-boost|p2a: Goodra|def|1\n|\n|-heal|p2a: Goodra|89\/100 psn|[from] item: Leftovers\n|-damage|p2a: Goodra|77\/100 psn|[from] psn\n|upkeep\n|turn|14\n|c|\u2606murmurxxx|-.-\n|c|\u2606murmurxxx|u have\n|c|\u2606murmurxxx|most luck\n|c|\u2606murmurxxx|of anyone today\n|inactive|shedinja33 has 120 seconds left.\n|\n|t:|1698533908\n|move|p1a: Arcanine|Hyper Voice|p2a: Goodra\n|-damage|p2a: Goodra|65\/100 psn\n|move|p1b: Volcanion|Steam Eruption|p2a: Goodra\n|-resisted|p2a: Goodra\n|-damage|p2a: Goodra|46\/100 psn\n|move|p2a: Goodra|Body Press|p1b: Volcanion\n|-damage|p1b: Volcanion|67\/100\n|\n|-heal|p2a: Goodra|52\/100 psn|[from] item: Leftovers\n|-damage|p2a: Goodra|39\/100 psn|[from] psn\n|upkeep\n|turn|15\n|-message|murmurxxx forfeited.\n|\n|win|shedinja33\n|raw|shedinja33's rating: 1192 &rarr; <strong>1228<\/strong><br \/>(+36 for winning)\n|raw|murmurxxx's rating: 1355 &rarr; <strong>1326<\/strong><br \/>(-29 for losing)\n|l|\u2606murmurxxx\n","uploadtime":1698533934,"views":21,"p1id":"shedinja33","p2id":"murmurxxx","formatid":"gen9doublesou","rating":1228,"private":0,"password":""}