{"id":"gen9doublesou-1985418290","p1":"ThatSanchezyBoi","p2":"Trexvbh","format":"[Gen 9] Doubles OU","log":"|j|\u2606ThatSanchezyBoi\n|j|\u203dTrexvbh\n|t:|1699373053\n|gametype|doubles\n|player|p1|ThatSanchezyBoi|veteran|1418\n|player|p2|Trexvbh|102|1318\n|teamsize|p1|6\n|teamsize|p2|6\n|gen|9\n|tier|[Gen 9] Doubles OU\n|rated|\n|rule|Species Clause: Limit one of each Pok\u00e9mon\n|rule|OHKO Clause: OHKO moves are banned\n|rule|Evasion Moves Clause: Evasion moves are banned\n|rule|Gravity Sleep Clause: The combination of sleep-inducing moves with imperfect accuracy and Gravity or Gigantamax Orbeetle are banned\n|rule|Endless Battle Clause: Forcing endless battles is banned\n|rule|HP Percentage Mod: HP is shown in percentages\n|clearpoke\n|poke|p1|Regidrago|\n|poke|p1|Kleavor, F|\n|poke|p1|Arcanine-Hisui, M|\n|poke|p1|Sinistcha|\n|poke|p1|Ogerpon-Wellspring, F|\n|poke|p1|Flutter Mane|\n|poke|p2|Indeedee-F, F|\n|poke|p2|Clefairy, F|\n|poke|p2|Walking Wake|\n|poke|p2|Palafin, M|\n|poke|p2|Ursaluna-Bloodmoon, M|\n|poke|p2|Sinistcha-Masterpiece|\n|teampreview\n|inactive|Battle timer is ON: inactive players will automatically lose when time's up. (requested by Trexvbh)\n|\n|t:|1699373081\n|start\n|switch|p1a: Kleavor|Kleavor, F|100\/100\n|switch|p1b: Regidrago|Regidrago|100\/100\n|switch|p2a: Indeedee|Indeedee-F, F|100\/100\n|switch|p2b: Palafin|Palafin, M|100\/100\n|-fieldstart|move: Psychic Terrain|[from] ability: Psychic Surge|[of] p2a: Indeedee\n|turn|1\n|\n|t:|1699373098\n|detailschange|p2b: Palafin|Palafin-Hero, M\n|switch|p2b: Clefairy|Clefairy, F|100\/100\n|move|p1a: Kleavor|Tailwind|p1a: Kleavor\n|-sidestart|p1: ThatSanchezyBoi|move: Tailwind\n|move|p1b: Regidrago|Dragon Energy|p2b: Clefairy|[spread] p2a\n|-immune|p2b: Clefairy\n|-damage|p2a: Indeedee|44\/100\n|move|p2a: Indeedee|Trick Room|p2a: Indeedee\n|-fieldstart|move: Trick Room|[of] p2a: Indeedee\n|\n|upkeep\n|turn|2\n|\n|t:|1699373116\n|switch|p2a: Palafin|Palafin-Hero, M|100\/100\n|-activate|p2a: Palafin|ability: Zero to Hero\n|-terastallize|p1b: Regidrago|Steel\n|move|p2b: Clefairy|Wish|p2b: Clefairy\n|move|p1b: Regidrago|Tera Blast|p2b: Clefairy|[anim] Tera Blast Steel\n|-supereffective|p2b: Clefairy\n|-damage|p2b: Clefairy|51\/100\n|move|p1a: Kleavor|Stone Axe|p2a: Palafin\n|-damage|p2a: Palafin|48\/100\n|-sidestart|p2: Trexvbh|move: Stealth Rock\n|\n|upkeep\n|turn|3\n|\n|t:|1699373135\n|switch|p2a: Sinistcha|Sinistcha-Masterpiece|100\/100\n|-damage|p2a: Sinistcha|88\/100|[from] Stealth Rock\n|-heal|p2b: Clefairy|76\/100|[from] ability: Hospitality|[of] p2a: Sinistcha\n|move|p2b: Clefairy|Heal Pulse|p2a: Sinistcha\n|-heal|p2a: Sinistcha|100\/100\n|move|p1b: Regidrago|Dragon Energy|p2a: Sinistcha|[spread] p2a\n|-immune|p2b: Clefairy\n|-damage|p2a: Sinistcha|2\/100\n|-enditem|p2a: Sinistcha|Aguav Berry|[eat]\n|-heal|p2a: Sinistcha|35\/100|[from] item: Aguav Berry\n|move|p1a: Kleavor|Stone Axe|p2b: Clefairy\n|-damage|p2b: Clefairy|12\/100\n|\n|-heal|p2b: Clefairy|61\/100|[from] move: Wish|[wisher] Clefairy\n|upkeep\n|turn|4\n|\n|t:|1699373160\n|move|p2b: Clefairy|Heal Pulse|p2a: Sinistcha\n|-heal|p2a: Sinistcha|85\/100\n|move|p2a: Sinistcha|Matcha Gotcha|p1a: Kleavor|[spread] p1b\n|-miss|p2a: Sinistcha|p1a: Kleavor\n|-resisted|p1b: Regidrago\n|-damage|p1b: Regidrago|84\/100\n|-heal|p2a: Sinistcha|99\/100|[from] drain|[of] p1b: Regidrago\n|move|p1b: Regidrago|Dragon Energy|p2a: Sinistcha|[spread] p2a\n|-immune|p2b: Clefairy\n|-damage|p2a: Sinistcha|18\/100\n|move|p1a: Kleavor|Stone Axe|p2b: Clefairy\n|-crit|p2b: Clefairy\n|-damage|p2b: Clefairy|0 fnt\n|faint|p2b: Clefairy\n|\n|-heal|p1b: Regidrago|90\/100|[from] item: Leftovers\n|-sideend|p1: ThatSanchezyBoi|move: Tailwind\n|upkeep\n|inactive|Trexvbh has 120 seconds left.\n|\n|t:|1699373175\n|switch|p2b: Ursaluna|Ursaluna-Bloodmoon, M|100\/100\n|-damage|p2b: Ursaluna|94\/100|[from] Stealth Rock\n|turn|5\n|\n|t:|1699373193\n|move|p1b: Regidrago|Protect|p1b: Regidrago\n|-singleturn|p1b: Regidrago|Protect\n|move|p2b: Ursaluna|Earth Power|p1b: Regidrago\n|-activate|p1b: Regidrago|move: Protect\n|move|p2a: Sinistcha|Matcha Gotcha|p1b: Regidrago|[spread] p1a\n|-activate|p1b: Regidrago|move: Protect\n|-damage|p1a: Kleavor|45\/100\n|-heal|p2a: Sinistcha|40\/100|[from] drain|[of] p1a: Kleavor\n|move|p1a: Kleavor|Night Slash|p2a: Sinistcha\n|-supereffective|p2a: Sinistcha\n|-damage|p2a: Sinistcha|0 fnt\n|faint|p2a: Sinistcha\n|\n|-heal|p1b: Regidrago|96\/100|[from] item: Leftovers\n|-fieldend|move: Trick Room\n|-fieldend|move: Psychic Terrain\n|upkeep\n|\n|t:|1699373209\n|switch|p2a: Indeedee|Indeedee-F, F|44\/100\n|-damage|p2a: Indeedee|32\/100|[from] Stealth Rock\n|-fieldstart|move: Psychic Terrain|[from] ability: Psychic Surge|[of] p2a: Indeedee\n|turn|6\n|\n|t:|1699373217\n|move|p2a: Indeedee|Follow Me|p2a: Indeedee\n|-singleturn|p2a: Indeedee|move: Follow Me\n|move|p1a: Kleavor|Tailwind|p1a: Kleavor\n|-sidestart|p1: ThatSanchezyBoi|move: Tailwind\n|move|p1b: Regidrago|Dragon Energy|p2b: Ursaluna|[spread] p2a,p2b\n|-damage|p2a: Indeedee|0 fnt\n|-damage|p2b: Ursaluna|6\/100\n|faint|p2a: Indeedee\n|move|p2b: Ursaluna|Earth Power|p1b: Regidrago\n|-supereffective|p1b: Regidrago\n|-damage|p1b: Regidrago|0 fnt\n|faint|p1b: Regidrago\n|-damage|p2b: Ursaluna|0 fnt|[from] item: Life Orb\n|faint|p2b: Ursaluna\n|\n|upkeep\n|\n|t:|1699373237\n|switch|p1b: Flutter Mane|Flutter Mane|100\/100\n|switch|p2a: Walking Wake|Walking Wake|100\/100\n|switch|p2b: Palafin|Palafin-Hero, M|48\/100\n|-damage|p2a: Walking Wake|88\/100|[from] Stealth Rock\n|-damage|p2b: Palafin|35\/100|[from] Stealth Rock\n|-enditem|p1b: Flutter Mane|Booster Energy\n|-activate|p1b: Flutter Mane|ability: Protosynthesis|[fromitem]\n|-start|p1b: Flutter Mane|protosynthesisspe\n|-enditem|p2a: Walking Wake|Booster Energy\n|-activate|p2a: Walking Wake|ability: Protosynthesis|[fromitem]\n|-start|p2a: Walking Wake|protosynthesisspe\n|turn|7\n|\n|t:|1699373259\n|-terastallize|p2a: Walking Wake|Steel\n|move|p1b: Flutter Mane|Moonblast|p2a: Walking Wake\n|-resisted|p2a: Walking Wake\n|-damage|p2a: Walking Wake|56\/100\n|-unboost|p2a: Walking Wake|spa|1\n|move|p1a: Kleavor|X-Scissor|p2b: Palafin\n|-damage|p2b: Palafin|0 fnt\n|faint|p2b: Palafin\n|move|p2a: Walking Wake|Flamethrower|p1b: Flutter Mane\n|-crit|p1b: Flutter Mane\n|-damage|p1b: Flutter Mane|56\/100\n|-status|p1b: Flutter Mane|brn\n|\n|-damage|p1b: Flutter Mane|50\/100 brn|[from] brn\n|upkeep\n|turn|8\n|\n|t:|1699373276\n|move|p1b: Flutter Mane|Shadow Ball|p2a: Walking Wake\n|-damage|p2a: Walking Wake|8\/100\n|move|p1a: Kleavor|Night Slash|p2a: Walking Wake\n|-crit|p2a: Walking Wake\n|-damage|p2a: Walking Wake|0 fnt\n|faint|p2a: Walking Wake\n|-end|p2a: Walking Wake|Protosynthesis|[silent]\n|\n|win|ThatSanchezyBoi\n|raw|ThatSanchezyBoi's rating: 1418 &rarr; <strong>1432<\/strong><br \/>(+14 for winning)\n|raw|Trexvbh's rating: 1318 &rarr; <strong>1304<\/strong><br \/>(-14 for losing)\n|l|\u203dTrexvbh\n|c|\u2606ThatSanchezyBoi|gg\n","uploadtime":1699373307,"views":9,"p1id":"thatsanchezyboi","p2id":"trexvbh","formatid":"gen9doublesou","rating":1304,"private":0,"password":""}