{"id":"gen9doublesou-1976349192","p1":"Knao","p2":"SXD2002","format":"[Gen 9] Doubles OU","log":"|j|\u2606Knao\n|j|\u2606SXD2002\n|t:|1698289697\n|gametype|doubles\n|player|p1|Knao|170|1070\n|player|p2|SXD2002|silver-masters|1032\n|teamsize|p1|6\n|teamsize|p2|6\n|gen|9\n|tier|[Gen 9] Doubles OU\n|rated|\n|rule|Species Clause: Limit one of each Pok\u00e9mon\n|rule|OHKO Clause: OHKO moves are banned\n|rule|Evasion Moves Clause: Evasion moves are banned\n|rule|Gravity Sleep Clause: The combination of sleep-inducing moves with imperfect accuracy and Gravity or Gigantamax Orbeetle are banned\n|rule|Endless Battle Clause: Forcing endless battles is banned\n|rule|HP Percentage Mod: HP is shown in percentages\n|clearpoke\n|poke|p1|Gurdurr, M|\n|poke|p1|Corviknight, F|\n|poke|p1|Torkoal, M|\n|poke|p1|Gyarados, M|\n|poke|p1|Enamorus, F|\n|poke|p1|Gliscor, M|\n|poke|p2|Lurantis, M|\n|poke|p2|Murkrow, M|\n|poke|p2|Grimmsnarl, M|\n|poke|p2|Clefairy, M|\n|poke|p2|Talonflame, F|\n|poke|p2|Espeon, M|\n|teampreview\n|inactive|Battle timer is ON: inactive players will automatically lose when time's up. (requested by SXD2002)\n|\n|t:|1698289730\n|start\n|switch|p1a: Gliscor|Gliscor, M|100\/100\n|switch|p1b: Torkoal|Torkoal, M|100\/100\n|switch|p2a: Murkrow|Murkrow, M|100\/100\n|switch|p2b: Lurantis|Lurantis, M|100\/100\n|-weather|SunnyDay|[from] ability: Drought|[of] p1b: Torkoal\n|turn|1\n|inactive|SXD2002 has 120 seconds left.\n|\n|t:|1698289761\n|move|p2b: Lurantis|Protect|p2b: Lurantis\n|-singleturn|p2b: Lurantis|Protect\n|move|p1a: Gliscor|Tailwind|p1a: Gliscor\n|-sidestart|p1: Knao|move: Tailwind\n|move|p1b: Torkoal|Shell Smash|p1b: Torkoal\n|-unboost|p1b: Torkoal|def|1\n|-unboost|p1b: Torkoal|spd|1\n|-boost|p1b: Torkoal|atk|2\n|-boost|p1b: Torkoal|spa|2\n|-boost|p1b: Torkoal|spe|2\n|-enditem|p1b: Torkoal|White Herb\n|-clearnegativeboost|p1b: Torkoal|[silent]\n|move|p2a: Murkrow|Snarl|p1b: Torkoal|[spread] p1a,p1b\n|-damage|p1a: Gliscor|84\/100\n|-damage|p1b: Torkoal|78\/100\n|-unboost|p1a: Gliscor|spa|1\n|-unboost|p1b: Torkoal|spa|1\n|\n|-weather|SunnyDay|[upkeep]\n|-status|p1a: Gliscor|tox|[from] item: Toxic Orb\n|upkeep\n|turn|2\n|\n|t:|1698289790\n|-terastallize|p2b: Lurantis|Steel\n|move|p2a: Murkrow|Thunder Wave|p1b: Torkoal\n|-status|p1b: Torkoal|par\n|move|p1a: Gliscor|Spikes|p2b: Lurantis\n|-sidestart|p2: SXD2002|Spikes\n|cant|p1b: Torkoal|par\n|move|p2b: Lurantis|Superpower|p1b: Torkoal\n|-damage|p1b: Torkoal|53\/100 par\n|-boost|p2b: Lurantis|atk|1\n|-boost|p2b: Lurantis|def|1\n|\n|-weather|SunnyDay|[upkeep]\n|-heal|p1a: Gliscor|97\/100 tox|[from] ability: Poison Heal\n|upkeep\n|turn|3\n|\n|t:|1698289810\n|move|p2a: Murkrow|Screech|p2b: Lurantis\n|-boost|p2b: Lurantis|def|2\n|move|p1a: Gliscor|Toxic Spikes|p2a: Murkrow\n|-sidestart|p2: SXD2002|move: Toxic Spikes\n|move|p1b: Torkoal|Earth Power|p2b: Lurantis\n|-supereffective|p2b: Lurantis\n|-damage|p2b: Lurantis|38\/100\n|-boost|p2b: Lurantis|spd|1\n|move|p2b: Lurantis|Leaf Storm|p1a: Gliscor\n|-damage|p1a: Gliscor|47\/100 tox\n|-boost|p2b: Lurantis|spa|2\n|\n|-weather|SunnyDay|[upkeep]\n|-heal|p2b: Lurantis|44\/100|[from] item: Leftovers\n|-heal|p1a: Gliscor|60\/100 tox|[from] ability: Poison Heal\n|upkeep\n|turn|4\n|\n|t:|1698289832\n|move|p2b: Lurantis|Protect|p2b: Lurantis\n|-singleturn|p2b: Lurantis|Protect\n|move|p1a: Gliscor|Toxic Spikes|p2a: Murkrow\n|-sidestart|p2: SXD2002|move: Toxic Spikes\n|move|p1b: Torkoal|Earth Power|p2b: Lurantis\n|-activate|p2b: Lurantis|move: Protect\n|move|p2a: Murkrow|Snarl|p1b: Torkoal|[spread] p1a,p1b\n|-damage|p1a: Gliscor|43\/100 tox\n|-damage|p1b: Torkoal|33\/100 par\n|-unboost|p1a: Gliscor|spa|1\n|-unboost|p1b: Torkoal|spa|1\n|\n|-weather|SunnyDay|[upkeep]\n|-heal|p2b: Lurantis|50\/100|[from] item: Leftovers\n|-heal|p1a: Gliscor|56\/100 tox|[from] ability: Poison Heal\n|-sideend|p1: Knao|move: Tailwind\n|upkeep\n|turn|5\n|inactive|SXD2002 has 120 seconds left.\n|\n|t:|1698289867\n|move|p2a: Murkrow|Screech|p2b: Lurantis\n|-boost|p2b: Lurantis|def|2\n|move|p1a: Gliscor|Tailwind|p1a: Gliscor\n|-sidestart|p1: Knao|move: Tailwind\n|cant|p1b: Torkoal|par\n|move|p2b: Lurantis|Superpower|p1b: Torkoal\n|-damage|p1b: Torkoal|0 fnt\n|-boost|p2b: Lurantis|atk|1\n|-boost|p2b: Lurantis|def|1\n|faint|p1b: Torkoal\n|\n|-weather|none\n|-heal|p2b: Lurantis|56\/100|[from] item: Leftovers\n|-heal|p1a: Gliscor|68\/100 tox|[from] ability: Poison Heal\n|upkeep\n|inactive|Knao has 120 seconds left.\n|\n|t:|1698289911\n|switch|p1b: Gurdurr|Gurdurr, M|100\/100\n|turn|6\n|inactive|Knao has 120 seconds left.\n|\n|t:|1698289931\n|move|p2a: Murkrow|Feather Dance|p2b: Lurantis\n|-boost|p2b: Lurantis|atk|2\n|move|p1a: Gliscor|Toxic Spikes||[still]\n|-fail|p1a: Gliscor\n|move|p1b: Gurdurr|Bulk Up|p1b: Gurdurr\n|-boost|p1b: Gurdurr|atk|1\n|-boost|p1b: Gurdurr|def|1\n|move|p2b: Lurantis|Leaf Storm|p1a: Gliscor\n|-damage|p1a: Gliscor|0 fnt\n|-boost|p2b: Lurantis|spa|2\n|faint|p1a: Gliscor\n|\n|-heal|p2b: Lurantis|62\/100|[from] item: Leftovers\n|upkeep\n|inactive|Knao has 120 seconds left.\n|\n|t:|1698289940\n|switch|p1a: Corviknight|Corviknight, F|100\/100\n|turn|7\n|\n|t:|1698289954\n|move|p2a: Murkrow|Feather Dance|p2b: Lurantis\n|-boost|p2b: Lurantis|atk|2\n|move|p1a: Corviknight|Body Slam|p2b: Lurantis\n|-resisted|p2b: Lurantis\n|-damage|p2b: Lurantis|59\/100\n|move|p1b: Gurdurr|Fire Punch|p2b: Lurantis\n|-supereffective|p2b: Lurantis\n|-damage|p2b: Lurantis|38\/100\n|move|p2b: Lurantis|Leaf Storm|p1b: Gurdurr\n|-damage|p1b: Gurdurr|0 fnt\n|-boost|p2b: Lurantis|spa|2\n|faint|p1b: Gurdurr\n|\n|-heal|p2b: Lurantis|45\/100|[from] item: Leftovers\n|upkeep\n|-message|Knao forfeited.\n|\n|win|SXD2002\n|raw|Knao's rating: 1070 &rarr; <strong>1047<\/strong><br \/>(-23 for losing)\n|raw|SXD2002's rating: 1032 &rarr; <strong>1071<\/strong><br \/>(+39 for winning)\n|l|\u2606Knao\n","uploadtime":1698289972,"views":15,"p1id":"knao","p2id":"sxd2002","formatid":"gen9doublesou","rating":1047,"private":0,"password":""}