{"id":"gen9doublesou-1995249140","p1":"The Mr_Awesome01","p2":"OPieceOfHeroGhost","format":"[Gen 9] Doubles OU","log":"|j|\u2606The Mr_Awesome01\n|j|\u2606OPieceOfHeroGhost\n|t:|1700540013\n|gametype|doubles\n|player|p1|The Mr_Awesome01|steven-masters4|1549\n|player|p2|OPieceOfHeroGhost|morty|1498\n|teamsize|p1|6\n|teamsize|p2|6\n|gen|9\n|tier|[Gen 9] Doubles OU\n|rated|\n|rule|Species Clause: Limit one of each Pok\u00e9mon\n|rule|OHKO Clause: OHKO moves are banned\n|rule|Evasion Moves Clause: Evasion moves are banned\n|rule|Gravity Sleep Clause: The combination of sleep-inducing moves with imperfect accuracy and Gravity or Gigantamax Orbeetle are banned\n|rule|Endless Battle Clause: Forcing endless battles is banned\n|rule|HP Percentage Mod: HP is shown in percentages\n|clearpoke\n|poke|p1|Indeedee-F, F|\n|poke|p1|Walking Wake|\n|poke|p1|Armarouge, M|\n|poke|p1|Torkoal, M|\n|poke|p1|Lilligant-Hisui, F|\n|poke|p1|Ursaluna, M|\n|poke|p2|Heatran, M|\n|poke|p2|Rillaboom, M|\n|poke|p2|Flutter Mane|\n|poke|p2|Chien-Pao|\n|poke|p2|Iron Hands|\n|poke|p2|Landorus-Therian, M|\n|teampreview\n|inactive|Battle timer is ON: inactive players will automatically lose when time's up. (requested by The Mr_Awesome01)\n|\n|t:|1700540028\n|start\n|switch|p1a: Indeedee|Indeedee-F, F|100\/100\n|switch|p1b: Plant Gang|Lilligant-Hisui, F|100\/100\n|switch|p2a: \u989d\u554a\uff01\u8150\u8680\u80c6\u6c41\uff01|Heatran, M|100\/100\n|switch|p2b: \u62cd\u6253\u7329|Rillaboom, M|100\/100\n|-fieldstart|move: Grassy Terrain|[from] ability: Grassy Surge|[of] p2b: \u62cd\u6253\u7329\n|-fieldstart|move: Psychic Terrain|[from] ability: Psychic Surge|[of] p1a: Indeedee\n|turn|1\n|\n|t:|1700540044\n|move|p1b: Plant Gang|Close Combat|p2a: \u989d\u554a\uff01\u8150\u8680\u80c6\u6c41\uff01\n|-supereffective|p2a: \u989d\u554a\uff01\u8150\u8680\u80c6\u6c41\uff01\n|-damage|p2a: \u989d\u554a\uff01\u8150\u8680\u80c6\u6c41\uff01|0 fnt\n|-unboost|p1b: Plant Gang|def|1\n|-unboost|p1b: Plant Gang|spd|1\n|faint|p2a: \u989d\u554a\uff01\u8150\u8680\u80c6\u6c41\uff01\n|move|p2b: \u62cd\u6253\u7329|U-turn|p1b: Plant Gang\n|-damage|p1b: Plant Gang|43\/100\n|\n|t:|1700540052\n|switch|p2b: \u571f\u732b\u8e29\u6211|Landorus-Therian, M|100\/100|[from] U-turn\n|-ability|p2b: \u571f\u732b\u8e29\u6211|Intimidate|boost\n|-unboost|p1a: Indeedee|atk|1\n|-unboost|p1b: Plant Gang|atk|1\n|move|p1a: Indeedee|Trick Room|p1a: Indeedee\n|-fieldstart|move: Trick Room|[of] p1a: Indeedee\n|\n|upkeep\n|\n|t:|1700540061\n|switch|p2a: \u4f60\u62cd\u4e94\uff0c\u6211\u62cd\u516d\uff0c\u51fb\u638c\u5947\u88ad\u754f\u4e2a\u7f29|Iron Hands|100\/100\n|turn|2\n|\n|t:|1700540070\n|move|p2a: \u4f60\u62cd\u4e94\uff0c\u6211\u62cd\u516d\uff0c\u51fb\u638c\u5947\u88ad\u754f\u4e2a\u7f29|Drain Punch|p1b: Plant Gang\n|-damage|p1b: Plant Gang|0 fnt\n|faint|p1b: Plant Gang\n|move|p1a: Indeedee|Psychic|p2a: \u4f60\u62cd\u4e94\uff0c\u6211\u62cd\u516d\uff0c\u51fb\u638c\u5947\u88ad\u754f\u4e2a\u7f29\n|-supereffective|p2a: \u4f60\u62cd\u4e94\uff0c\u6211\u62cd\u516d\uff0c\u51fb\u638c\u5947\u88ad\u754f\u4e2a\u7f29\n|-damage|p2a: \u4f60\u62cd\u4e94\uff0c\u6211\u62cd\u516d\uff0c\u51fb\u638c\u5947\u88ad\u754f\u4e2a\u7f29|63\/100\n|move|p2b: \u571f\u732b\u8e29\u6211|U-turn|p1a: Indeedee\n|-supereffective|p1a: Indeedee\n|-damage|p1a: Indeedee|26\/100\n|\n|t:|1700540080\n|switch|p2b: \u62cd\u6253\u7329|Rillaboom, M|100\/100|[from] U-turn\n|-fieldstart|move: Grassy Terrain|[from] ability: Grassy Surge|[of] p2b: \u62cd\u6253\u7329\n|\n|-heal|p2a: \u4f60\u62cd\u4e94\uff0c\u6211\u62cd\u516d\uff0c\u51fb\u638c\u5947\u88ad\u754f\u4e2a\u7f29|69\/100|[from] Grassy Terrain\n|-heal|p1a: Indeedee|32\/100|[from] Grassy Terrain\n|upkeep\n|\n|t:|1700540085\n|switch|p1b: Yogi|Ursaluna, M|100\/100\n|turn|3\n|\n|t:|1700540096\n|switch|p1a: Big Bird|Walking Wake|100\/100\n|move|p1b: Yogi|Protect|p1b: Yogi\n|-singleturn|p1b: Yogi|Protect\n|move|p2b: \u62cd\u6253\u7329|Fake Out|p1b: Yogi\n|-activate|p1b: Yogi|move: Protect\n|move|p2a: \u4f60\u62cd\u4e94\uff0c\u6211\u62cd\u516d\uff0c\u51fb\u638c\u5947\u88ad\u754f\u4e2a\u7f29|Drain Punch|p1a: Big Bird\n|-damage|p1a: Big Bird|55\/100\n|-heal|p2a: \u4f60\u62cd\u4e94\uff0c\u6211\u62cd\u516d\uff0c\u51fb\u638c\u5947\u88ad\u754f\u4e2a\u7f29|85\/100|[from] drain|[of] p1a: Big Bird\n|\n|-heal|p2a: \u4f60\u62cd\u4e94\uff0c\u6211\u62cd\u516d\uff0c\u51fb\u638c\u5947\u88ad\u754f\u4e2a\u7f29|91\/100|[from] Grassy Terrain\n|-heal|p1a: Big Bird|61\/100|[from] Grassy Terrain\n|-status|p1b: Yogi|brn|[from] item: Flame Orb\n|upkeep\n|turn|4\n|inactive|OPieceOfHeroGhost has 120 seconds left.\n|\n|t:|1700540130\n|-end|p2a: \u4f60\u62cd\u4e94\uff0c\u6211\u62cd\u516d\uff0c\u51fb\u638c\u5947\u88ad\u754f\u4e2a\u7f29|Quark Drive|[silent]\n|switch|p2a: \u571f\u732b\u8e29\u6211|Landorus-Therian, M|100\/100\n|-ability|p2a: \u571f\u732b\u8e29\u6211|Intimidate|boost\n|-unboost|p1a: Big Bird|atk|1\n|-unboost|p1b: Yogi|atk|1\n|-terastallize|p1b: Yogi|Ghost\n|move|p2b: \u62cd\u6253\u7329|Grassy Glide|p1b: Yogi\n|-damage|p1b: Yogi|66\/100 brn\n|move|p1b: Yogi|Facade|p2b: \u62cd\u6253\u7329\n|-damage|p2b: \u62cd\u6253\u7329|26\/100\n|move|p1a: Big Bird|Draco Meteor|p2a: \u571f\u732b\u8e29\u6211|[miss]\n|-miss|p1a: Big Bird|p2a: \u571f\u732b\u8e29\u6211\n|\n|-heal|p1b: Yogi|72\/100 brn|[from] Grassy Terrain\n|-heal|p2b: \u62cd\u6253\u7329|32\/100|[from] Grassy Terrain\n|-heal|p1a: Big Bird|67\/100|[from] Grassy Terrain\n|-damage|p1b: Yogi|66\/100 brn|[from] brn\n|upkeep\n|turn|5\n|inactive|OPieceOfHeroGhost has 120 seconds left.\n|\n|t:|1700540158\n|switch|p2b: \u4f60\u53d1\u59d0\u6c38\u8fdc\u662f\u4f60\u53d1\u59d0|Flutter Mane|100\/100\n|-end|p1a: Big Bird|Protosynthesis|[silent]\n|switch|p1a: Indeedee|Indeedee-F, F|32\/100\n|-fieldstart|move: Psychic Terrain|[from] ability: Psychic Surge|[of] p1a: Indeedee\n|move|p1b: Yogi|Facade|p2b: \u4f60\u53d1\u59d0\u6c38\u8fdc\u662f\u4f60\u53d1\u59d0\n|-immune|p2b: \u4f60\u53d1\u59d0\u6c38\u8fdc\u662f\u4f60\u53d1\u59d0\n|move|p2a: \u571f\u732b\u8e29\u6211|Stomping Tantrum|p1b: Yogi\n|-damage|p1b: Yogi|35\/100 brn\n|\n|-damage|p1b: Yogi|28\/100 brn|[from] brn\n|-fieldend|move: Trick Room\n|upkeep\n|turn|6\n|\n|t:|1700540182\n|switch|p2a: \u62cd\u6253\u7329|Rillaboom, M|32\/100\n|-fieldstart|move: Grassy Terrain|[from] ability: Grassy Surge|[of] p2a: \u62cd\u6253\u7329\n|-terastallize|p2b: \u4f60\u53d1\u59d0\u6c38\u8fdc\u662f\u4f60\u53d1\u59d0|Fairy\n|move|p1b: Yogi|Protect|p1b: Yogi\n|-singleturn|p1b: Yogi|Protect\n|move|p2b: \u4f60\u53d1\u59d0\u6c38\u8fdc\u662f\u4f60\u53d1\u59d0|Dazzling Gleam|p1b: Yogi|[spread] p1a\n|-activate|p1b: Yogi|move: Protect\n|-damage|p1a: Indeedee|0 fnt\n|faint|p1a: Indeedee\n|\n|-heal|p2a: \u62cd\u6253\u7329|38\/100|[from] Grassy Terrain\n|-heal|p1b: Yogi|35\/100 brn|[from] Grassy Terrain\n|-damage|p1b: Yogi|28\/100 brn|[from] brn\n|upkeep\n|\n|t:|1700540198\n|switch|p1a: Mega Man|Armarouge, M|100\/100\n|turn|7\n|\n|t:|1700540206\n|switch|p1b: Big Bird|Walking Wake|67\/100\n|move|p1a: Mega Man|Protect|p1a: Mega Man\n|-singleturn|p1a: Mega Man|Protect\n|move|p2a: \u62cd\u6253\u7329|Fake Out|p1a: Mega Man\n|-activate|p1a: Mega Man|move: Protect\n|move|p2b: \u4f60\u53d1\u59d0\u6c38\u8fdc\u662f\u4f60\u53d1\u59d0|Dazzling Gleam|p1b: Big Bird|[spread] p1b\n|-activate|p1a: Mega Man|move: Protect\n|-supereffective|p1b: Big Bird\n|-damage|p1b: Big Bird|0 fnt\n|faint|p1b: Big Bird\n|-end|p1b: Big Bird|Protosynthesis|[silent]\n|\n|-heal|p2a: \u62cd\u6253\u7329|45\/100|[from] Grassy Terrain\n|upkeep\n|\n|t:|1700540223\n|switch|p1b: Sheldon|Torkoal, M|100\/100\n|-weather|SunnyDay|[from] ability: Drought|[of] p1b: Sheldon\n|-activate|p2b: \u4f60\u53d1\u59d0\u6c38\u8fdc\u662f\u4f60\u53d1\u59d0|ability: Protosynthesis\n|-start|p2b: \u4f60\u53d1\u59d0\u6c38\u8fdc\u662f\u4f60\u53d1\u59d0|protosynthesisspa\n|turn|8\n|\n|t:|1700540243\n|switch|p2a: \u4f60\u62cd\u4e94\uff0c\u6211\u62cd\u516d\uff0c\u51fb\u638c\u5947\u88ad\u754f\u4e2a\u7f29|Iron Hands|91\/100\n|move|p2b: \u4f60\u53d1\u59d0\u6c38\u8fdc\u662f\u4f60\u53d1\u59d0|Dazzling Gleam|p1a: Mega Man|[spread] p1a,p1b\n|-resisted|p1a: Mega Man\n|-resisted|p1b: Sheldon\n|-damage|p1a: Mega Man|56\/100\n|-damage|p1b: Sheldon|50\/100\n|move|p1b: Sheldon|Heat Wave|p2b: \u4f60\u53d1\u59d0\u6c38\u8fdc\u662f\u4f60\u53d1\u59d0|[spread] p2a,p2b\n|-damage|p2a: \u4f60\u62cd\u4e94\uff0c\u6211\u62cd\u516d\uff0c\u51fb\u638c\u5947\u88ad\u754f\u4e2a\u7f29|62\/100\n|-damage|p2b: \u4f60\u53d1\u59d0\u6c38\u8fdc\u662f\u4f60\u53d1\u59d0|56\/100\n|-status|p2b: \u4f60\u53d1\u59d0\u6c38\u8fdc\u662f\u4f60\u53d1\u59d0|brn\n|move|p1a: Mega Man|Trick Room|p1a: Mega Man\n|-fieldstart|move: Trick Room|[of] p1a: Mega Man\n|\n|-weather|SunnyDay|[upkeep]\n|-heal|p1b: Sheldon|56\/100|[from] Grassy Terrain\n|-heal|p2a: \u4f60\u62cd\u4e94\uff0c\u6211\u62cd\u516d\uff0c\u51fb\u638c\u5947\u88ad\u754f\u4e2a\u7f29|68\/100|[from] Grassy Terrain\n|-heal|p1a: Mega Man|63\/100|[from] Grassy Terrain\n|-heal|p2b: \u4f60\u53d1\u59d0\u6c38\u8fdc\u662f\u4f60\u53d1\u59d0|62\/100 brn|[from] Grassy Terrain\n|-damage|p2b: \u4f60\u53d1\u59d0\u6c38\u8fdc\u662f\u4f60\u53d1\u59d0|56\/100 brn|[from] brn\n|upkeep\n|turn|9\n|\n|t:|1700540264\n|move|p2a: \u4f60\u62cd\u4e94\uff0c\u6211\u62cd\u516d\uff0c\u51fb\u638c\u5947\u88ad\u754f\u4e2a\u7f29|Fake Out|p1a: Mega Man\n|-damage|p1a: Mega Man|48\/100\n|move|p1b: Sheldon|Heat Wave|p2a: \u4f60\u62cd\u4e94\uff0c\u6211\u62cd\u516d\uff0c\u51fb\u638c\u5947\u88ad\u754f\u4e2a\u7f29|[spread] p2a,p2b\n|-damage|p2a: \u4f60\u62cd\u4e94\uff0c\u6211\u62cd\u516d\uff0c\u51fb\u638c\u5947\u88ad\u754f\u4e2a\u7f29|40\/100\n|-damage|p2b: \u4f60\u53d1\u59d0\u6c38\u8fdc\u662f\u4f60\u53d1\u59d0|9\/100 brn\n|-status|p2a: \u4f60\u62cd\u4e94\uff0c\u6211\u62cd\u516d\uff0c\u51fb\u638c\u5947\u88ad\u754f\u4e2a\u7f29|brn\n|cant|p1a: Mega Man|flinch\n|move|p2b: \u4f60\u53d1\u59d0\u6c38\u8fdc\u662f\u4f60\u53d1\u59d0|Dazzling Gleam|p1a: Mega Man|[spread] p1a,p1b\n|-resisted|p1a: Mega Man\n|-resisted|p1b: Sheldon\n|-damage|p1a: Mega Man|7\/100\n|-damage|p1b: Sheldon|2\/100\n|\n|-weather|SunnyDay|[upkeep]\n|-heal|p1b: Sheldon|8\/100|[from] Grassy Terrain\n|-heal|p2a: \u4f60\u62cd\u4e94\uff0c\u6211\u62cd\u516d\uff0c\u51fb\u638c\u5947\u88ad\u754f\u4e2a\u7f29|46\/100 brn|[from] Grassy Terrain\n|-heal|p1a: Mega Man|14\/100|[from] Grassy Terrain\n|-heal|p2b: \u4f60\u53d1\u59d0\u6c38\u8fdc\u662f\u4f60\u53d1\u59d0|15\/100 brn|[from] Grassy Terrain\n|-damage|p2a: \u4f60\u62cd\u4e94\uff0c\u6211\u62cd\u516d\uff0c\u51fb\u638c\u5947\u88ad\u754f\u4e2a\u7f29|40\/100 brn|[from] brn\n|-damage|p2b: \u4f60\u53d1\u59d0\u6c38\u8fdc\u662f\u4f60\u53d1\u59d0|9\/100 brn|[from] brn\n|upkeep\n|turn|10\n|inactive|OPieceOfHeroGhost has 120 seconds left.\n|\n|t:|1700540302\n|-end|p2b: \u4f60\u53d1\u59d0\u6c38\u8fdc\u662f\u4f60\u53d1\u59d0|Protosynthesis|[silent]\n|switch|p2b: \u571f\u732b\u8e29\u6211|Landorus-Therian, M|100\/100\n|-ability|p2b: \u571f\u732b\u8e29\u6211|Intimidate|boost\n|-unboost|p1a: Mega Man|atk|1\n|-unboost|p1b: Sheldon|atk|1\n|move|p1b: Sheldon|Heat Wave|p2b: \u571f\u732b\u8e29\u6211|[spread] p2a,p2b\n|-damage|p2a: \u4f60\u62cd\u4e94\uff0c\u6211\u62cd\u516d\uff0c\u51fb\u638c\u5947\u88ad\u754f\u4e2a\u7f29|14\/100 brn\n|-damage|p2b: \u571f\u732b\u8e29\u6211|37\/100\n|move|p2a: \u4f60\u62cd\u4e94\uff0c\u6211\u62cd\u516d\uff0c\u51fb\u638c\u5947\u88ad\u754f\u4e2a\u7f29|Wild Charge|p1a: Mega Man\n|-damage|p1a: Mega Man|0 fnt\n|faint|p1a: Mega Man\n|-damage|p2a: \u4f60\u62cd\u4e94\uff0c\u6211\u62cd\u516d\uff0c\u51fb\u638c\u5947\u88ad\u754f\u4e2a\u7f29|12\/100 brn|[from] Recoil\n|\n|-weather|SunnyDay|[upkeep]\n|-heal|p1b: Sheldon|14\/100|[from] Grassy Terrain\n|-heal|p2a: \u4f60\u62cd\u4e94\uff0c\u6211\u62cd\u516d\uff0c\u51fb\u638c\u5947\u88ad\u754f\u4e2a\u7f29|18\/100 brn|[from] Grassy Terrain\n|-damage|p2a: \u4f60\u62cd\u4e94\uff0c\u6211\u62cd\u516d\uff0c\u51fb\u638c\u5947\u88ad\u754f\u4e2a\u7f29|12\/100 brn|[from] brn\n|-fieldend|move: Grassy Terrain\n|upkeep\n|\n|t:|1700540311\n|switch|p1a: Yogi|Ursaluna, M, tera:Ghost|28\/100 brn\n|turn|11\n|\n|t:|1700540330\n|-end|p2a: \u4f60\u62cd\u4e94\uff0c\u6211\u62cd\u516d\uff0c\u51fb\u638c\u5947\u88ad\u754f\u4e2a\u7f29|Quark Drive|[silent]\n|switch|p2a: ku\ud83d\udcb0\u70ae|Chien-Pao|100\/100\n|-ability|p2a: ku\ud83d\udcb0\u70ae|Sword of Ruin\n|move|p1b: Sheldon|Earth Power|p2a: ku\ud83d\udcb0\u70ae\n|-damage|p2a: ku\ud83d\udcb0\u70ae|59\/100\n|move|p1a: Yogi|Facade|p2b: \u571f\u732b\u8e29\u6211\n|-damage|p2b: \u571f\u732b\u8e29\u6211|0 fnt\n|faint|p2b: \u571f\u732b\u8e29\u6211\n|\n|-weather|SunnyDay|[upkeep]\n|-damage|p1a: Yogi|22\/100 brn|[from] brn\n|upkeep\n|inactive|OPieceOfHeroGhost has 120 seconds left.\n|\n|t:|1700540345\n|switch|p2b: \u62cd\u6253\u7329|Rillaboom, M|45\/100\n|-fieldstart|move: Grassy Terrain|[from] ability: Grassy Surge|[of] p2b: \u62cd\u6253\u7329\n|turn|12\n|\n|t:|1700540354\n|move|p2a: ku\ud83d\udcb0\u70ae|Protect|p2a: ku\ud83d\udcb0\u70ae\n|-singleturn|p2a: ku\ud83d\udcb0\u70ae|Protect\n|move|p2b: \u62cd\u6253\u7329|Fake Out|p1a: Yogi\n|-immune|p1a: Yogi\n|move|p1b: Sheldon|Heat Wave|p2b: \u62cd\u6253\u7329|[spread] p2b\n|-activate|p2a: ku\ud83d\udcb0\u70ae|move: Protect\n|-supereffective|p2b: \u62cd\u6253\u7329\n|-damage|p2b: \u62cd\u6253\u7329|0 fnt\n|faint|p2b: \u62cd\u6253\u7329\n|move|p1a: Yogi|Facade|p2a: ku\ud83d\udcb0\u70ae\n|-activate|p2a: ku\ud83d\udcb0\u70ae|move: Protect\n|\n|-weather|none\n|-heal|p1b: Sheldon|20\/100|[from] Grassy Terrain\n|-heal|p1a: Yogi|28\/100 brn|[from] Grassy Terrain\n|-heal|p2a: ku\ud83d\udcb0\u70ae|65\/100|[from] Grassy Terrain\n|-damage|p1a: Yogi|22\/100 brn|[from] brn\n|-fieldend|move: Trick Room\n|upkeep\n|\n|t:|1700540365\n|switch|p2b: \u4f60\u53d1\u59d0\u6c38\u8fdc\u662f\u4f60\u53d1\u59d0|Flutter Mane, tera:Fairy|9\/100 brn\n|turn|13\n|\n|t:|1700540375\n|move|p1a: Yogi|Protect|p1a: Yogi\n|-singleturn|p1a: Yogi|Protect\n|move|p1b: Sheldon|Protect|p1b: Sheldon\n|-singleturn|p1b: Sheldon|Protect\n|move|p2a: ku\ud83d\udcb0\u70ae|Icicle Crash|p1a: Yogi\n|-activate|p1a: Yogi|move: Protect\n|move|p2b: \u4f60\u53d1\u59d0\u6c38\u8fdc\u662f\u4f60\u53d1\u59d0|Dazzling Gleam|p1b: Sheldon|[spread] \n|-activate|p1a: Yogi|move: Protect\n|-activate|p1b: Sheldon|move: Protect\n|\n|-heal|p2a: ku\ud83d\udcb0\u70ae|71\/100|[from] Grassy Terrain\n|-heal|p2b: \u4f60\u53d1\u59d0\u6c38\u8fdc\u662f\u4f60\u53d1\u59d0|15\/100 brn|[from] Grassy Terrain\n|-heal|p1a: Yogi|28\/100 brn|[from] Grassy Terrain\n|-heal|p1b: Sheldon|26\/100|[from] Grassy Terrain\n|-damage|p2b: \u4f60\u53d1\u59d0\u6c38\u8fdc\u662f\u4f60\u53d1\u59d0|9\/100 brn|[from] brn\n|-damage|p1a: Yogi|22\/100 brn|[from] brn\n|upkeep\n|turn|14\n|\n|t:|1700540389\n|move|p2a: ku\ud83d\udcb0\u70ae|Icicle Crash|p1a: Yogi\n|-damage|p1a: Yogi|0 fnt\n|faint|p1a: Yogi\n|move|p2b: \u4f60\u53d1\u59d0\u6c38\u8fdc\u662f\u4f60\u53d1\u59d0|Dazzling Gleam|p1b: Sheldon\n|-resisted|p1b: Sheldon\n|-damage|p1b: Sheldon|0 fnt\n|faint|p1b: Sheldon\n|\n|win|OPieceOfHeroGhost\n|raw|The Mr_Awesome01's rating: 1549 &rarr; <strong>1526<\/strong><br \/>(-23 for losing)\n|raw|OPieceOfHeroGhost's rating: 1498 &rarr; <strong>1521<\/strong><br \/>(+23 for winning)\n|l|\u2606The Mr_Awesome01\n","uploadtime":1700540399,"views":2,"p1id":"themrawesome01","p2id":"opieceofheroghost","formatid":"gen9doublesou","rating":1521,"private":0,"password":""}