{"id":"gen9doublesou-1999316339","p1":"3anna","p2":"Shurie","format":"[Gen 9] Doubles OU","log":"|j|\u26063anna\n|j|\u2606Shurie\n|t:|1701059260\n|gametype|doubles\n|player|p1|3anna|marley|1413\n|player|p2|Shurie|2|1504\n|teamsize|p1|6\n|teamsize|p2|6\n|gen|9\n|tier|[Gen 9] Doubles OU\n|rated|\n|rule|Species Clause: Limit one of each Pok\u00e9mon\n|rule|OHKO Clause: OHKO moves are banned\n|rule|Evasion Moves Clause: Evasion moves are banned\n|rule|Gravity Sleep Clause: The combination of sleep-inducing moves with imperfect accuracy and Gravity or Gigantamax Orbeetle are banned\n|rule|Endless Battle Clause: Forcing endless battles is banned\n|rule|HP Percentage Mod: HP is shown in percentages\n|clearpoke\n|poke|p1|Manaphy|\n|poke|p1|Pelipper, M|\n|poke|p1|Oranguru, F|\n|poke|p1|Cresselia, F|\n|poke|p1|Rillaboom, F|\n|poke|p1|Ogerpon-Wellspring, F|\n|poke|p2|Chien-Pao|\n|poke|p2|Iron Hands|\n|poke|p2|Tornadus, M|\n|poke|p2|Gholdengo|\n|poke|p2|Amoonguss, M|\n|poke|p2|Flutter Mane|\n|teampreview\n|inactive|Battle timer is ON: inactive players will automatically lose when time's up. (requested by Shurie)\n|inactive|Shurie has 120 seconds left.\n|inactive|Shurie has 90 seconds left.\n|\n|t:|1701059322\n|start\n|switch|p1a: Rillaboom|Rillaboom, F|100\/100\n|switch|p1b: Ogerpon|Ogerpon-Wellspring, F|100\/100\n|switch|p2a: Iron Hands|Iron Hands|100\/100\n|switch|p2b: Amoonguss|Amoonguss, M|100\/100\n|-fieldstart|move: Grassy Terrain|[from] ability: Grassy Surge|[of] p1a: Rillaboom\n|turn|1\n|inactive|Shurie has 120 seconds left.\n|\n|t:|1701059353\n|-end|p2a: Iron Hands|Quark Drive|[silent]\n|switch|p2a: Gholdengo|Gholdengo|100\/100\n|move|p1a: Rillaboom|Fake Out|p2a: Gholdengo\n|-immune|p2a: Gholdengo\n|move|p1b: Ogerpon|Ivy Cudgel|p2a: Gholdengo|[anim] Ivy Cudgel Water\n|-damage|p2a: Gholdengo|28\/100\n|move|p2b: Amoonguss|Pollen Puff|p1a: Rillaboom\n|-supereffective|p1a: Rillaboom\n|-damage|p1a: Rillaboom|70\/100\n|\n|-heal|p1a: Rillaboom|76\/100|[from] Grassy Terrain\n|-heal|p2a: Gholdengo|34\/100|[from] Grassy Terrain\n|upkeep\n|turn|2\n|\n|t:|1701059370\n|switch|p1a: Pelipper|Pelipper, M|100\/100\n|-weather|RainDance|[from] ability: Drizzle|[of] p1a: Pelipper\n|switch|p2b: Tornadus|Tornadus, M|100\/100\n|move|p2a: Gholdengo|Protect|p2a: Gholdengo\n|-singleturn|p2a: Gholdengo|Protect\n|move|p1b: Ogerpon|Ivy Cudgel|p2a: Gholdengo|[anim] Ivy Cudgel Water\n|-activate|p2a: Gholdengo|move: Protect\n|\n|-weather|RainDance|[upkeep]\n|-heal|p2a: Gholdengo|40\/100|[from] Grassy Terrain\n|upkeep\n|turn|3\n|\n|t:|1701059382\n|switch|p2a: Amoonguss|Amoonguss, M|100\/100\n|-terastallize|p1b: Ogerpon|Water\n|detailschange|p1b: Ogerpon|Ogerpon-Wellspring-Tera, F, tera:Water\n|-ability|p1b: Ogerpon|Embody Aspect (Wellspring)|boost\n|-boost|p1b: Ogerpon|spd|1\n|move|p2b: Tornadus|Bleakwind Storm|p1b: Ogerpon|[spread] p1a,p1b\n|-damage|p1a: Pelipper|47\/100\n|-damage|p1b: Ogerpon|70\/100\n|move|p1b: Ogerpon|Ivy Cudgel|p2b: Tornadus|[anim] Ivy Cudgel Water\n|-enditem|p2b: Tornadus|Focus Sash\n|-damage|p2b: Tornadus|1\/100\n|move|p1a: Pelipper|Tailwind|p1a: Pelipper\n|-sidestart|p1: 3anna|move: Tailwind\n|\n|-weather|RainDance|[upkeep]\n|-heal|p1b: Ogerpon|76\/100|[from] Grassy Terrain\n|upkeep\n|turn|4\n|\n|t:|1701059411\n|switch|p1b: Manaphy|Manaphy|100\/100\n|move|p2b: Tornadus|Tailwind|p2b: Tornadus\n|-sidestart|p2: Shurie|move: Tailwind\n|move|p1a: Pelipper|Hurricane|p2a: Amoonguss\n|-supereffective|p2a: Amoonguss\n|-damage|p2a: Amoonguss|14\/100\n|-start|p2a: Amoonguss|confusion\n|-enditem|p2a: Amoonguss|Sitrus Berry|[eat]\n|-heal|p2a: Amoonguss|38\/100|[from] item: Sitrus Berry\n|-activate|p2a: Amoonguss|confusion\n|move|p2a: Amoonguss|Spore|p1b: Manaphy\n|-status|p1b: Manaphy|slp|[from] move: Spore\n|\n|-weather|RainDance|[upkeep]\n|-activate|p1b: Manaphy|ability: Hydration\n|-curestatus|p1b: Manaphy|slp|[msg]\n|-heal|p2a: Amoonguss|44\/100|[from] Grassy Terrain\n|upkeep\n|turn|5\n|\n|t:|1701059428\n|move|p1a: Pelipper|Wide Guard|p1a: Pelipper\n|-singleturn|p1a: Pelipper|Wide Guard\n|move|p2b: Tornadus|Bleakwind Storm|p1b: Manaphy|[spread] \n|-activate|p1a: Pelipper|move: Wide Guard\n|-activate|p1b: Manaphy|move: Wide Guard\n|move|p1b: Manaphy|Tail Glow|p1b: Manaphy\n|-boost|p1b: Manaphy|spa|3\n|-activate|p2a: Amoonguss|confusion\n|-damage|p2a: Amoonguss|39\/100|[from] confusion\n|\n|-weather|RainDance|[upkeep]\n|-heal|p2a: Amoonguss|45\/100|[from] Grassy Terrain\n|-fieldend|move: Grassy Terrain\n|upkeep\n|turn|6\n|c|\u2606Shurie|bro your predicts are crazy\n|\n|t:|1701059447\n|switch|p1a: Oranguru|Oranguru, F|100\/100\n|move|p2b: Tornadus|Taunt|p1b: Manaphy\n|-start|p1b: Manaphy|move: Taunt\n|move|p1b: Manaphy|Surf|p2a: Amoonguss|[spread] p2a,p2b\n|-activate|p1a: Oranguru|ability: Telepathy\n|-resisted|p2a: Amoonguss\n|-damage|p2a: Amoonguss|2\/100\n|-damage|p2b: Tornadus|0 fnt\n|faint|p2b: Tornadus\n|-end|p2a: Amoonguss|confusion\n|move|p2a: Amoonguss|Spore|p1a: Oranguru\n|-status|p1a: Oranguru|slp|[from] move: Spore\n|\n|-weather|none\n|-sideend|p1: 3anna|move: Tailwind\n|upkeep\n|c|\u26063anna|thanks man\n|\n|t:|1701059457\n|switch|p2b: Iron Hands|Iron Hands|100\/100\n|turn|7\n|\n|t:|1701059471\n|switch|p1a: Pelipper|Pelipper, M|47\/100\n|-weather|RainDance|[from] ability: Drizzle|[of] p1a: Pelipper\n|move|p2b: Iron Hands|Fake Out|p1b: Manaphy\n|-damage|p1b: Manaphy|84\/100\n|cant|p1b: Manaphy|flinch\n|move|p2a: Amoonguss|Clear Smog|p1b: Manaphy\n|-damage|p1b: Manaphy|67\/100\n|-clearboost|p1b: Manaphy\n|\n|-weather|RainDance|[upkeep]\n|-heal|p1b: Manaphy|73\/100|[from] item: Leftovers\n|-sideend|p2: Shurie|move: Tailwind\n|upkeep\n|turn|8\n|\n|t:|1701059490\n|switch|p1b: Rillaboom|Rillaboom, F|76\/100\n|-fieldstart|move: Grassy Terrain|[from] ability: Grassy Surge|[of] p1b: Rillaboom\n|move|p1a: Pelipper|Hurricane|p2a: Amoonguss\n|-supereffective|p2a: Amoonguss\n|-damage|p2a: Amoonguss|0 fnt\n|faint|p2a: Amoonguss\n|move|p2b: Iron Hands|Wild Charge|p1b: Rillaboom\n|-resisted|p1b: Rillaboom\n|-damage|p1b: Rillaboom|44\/100\n|-damage|p2b: Iron Hands|94\/100|[from] Recoil\n|\n|-weather|RainDance|[upkeep]\n|-heal|p1b: Rillaboom|50\/100|[from] Grassy Terrain\n|-heal|p2b: Iron Hands|100\/100|[from] Grassy Terrain\n|upkeep\n|\n|t:|1701059508\n|switch|p2a: Gholdengo|Gholdengo|40\/100\n|turn|9\n|inactive|3anna has 120 seconds left.\n|\n|t:|1701059546\n|move|p2a: Gholdengo|Protect|p2a: Gholdengo\n|-singleturn|p2a: Gholdengo|Protect\n|move|p1b: Rillaboom|Wood Hammer|p2a: Gholdengo\n|-activate|p2a: Gholdengo|move: Protect\n|move|p1a: Pelipper|Tailwind|p1a: Pelipper\n|-sidestart|p1: 3anna|move: Tailwind\n|move|p2b: Iron Hands|Ice Punch|p1b: Rillaboom\n|-supereffective|p1b: Rillaboom\n|-damage|p1b: Rillaboom|0 fnt\n|faint|p1b: Rillaboom\n|\n|-weather|RainDance|[upkeep]\n|-heal|p2a: Gholdengo|46\/100|[from] Grassy Terrain\n|upkeep\n|\n|t:|1701059551\n|switch|p1b: Ogerpon|Ogerpon-Wellspring-Tera, F, tera:Water|76\/100\n|-ability|p1b: Ogerpon|Embody Aspect (Wellspring)|boost\n|-boost|p1b: Ogerpon|spd|1\n|turn|10\n|\n|t:|1701059567\n|move|p1b: Ogerpon|Ivy Cudgel|p2b: Iron Hands|[anim] Ivy Cudgel Water\n|-damage|p2b: Iron Hands|9\/100\n|move|p1a: Pelipper|Hurricane|p2b: Iron Hands\n|-damage|p2b: Iron Hands|0 fnt\n|faint|p2b: Iron Hands\n|-end|p2b: Iron Hands|Quark Drive|[silent]\n|move|p2a: Gholdengo|Shadow Ball|p1a: Pelipper\n|-damage|p1a: Pelipper|0 fnt\n|faint|p1a: Pelipper\n|-damage|p2a: Gholdengo|36\/100|[from] item: Life Orb\n|\n|-weather|RainDance|[upkeep]\n|-heal|p1b: Ogerpon|82\/100|[from] Grassy Terrain\n|-heal|p2a: Gholdengo|42\/100|[from] Grassy Terrain\n|upkeep\n|\n|t:|1701059580\n|switch|p1a: Cresselia|Cresselia, F|100\/100\n|switch|p2b: Flutter Mane|Flutter Mane|100\/100\n|-enditem|p2b: Flutter Mane|Booster Energy\n|-activate|p2b: Flutter Mane|ability: Protosynthesis|[fromitem]\n|-start|p2b: Flutter Mane|protosynthesisspe\n|turn|11\n|\n|t:|1701059599\n|move|p2b: Flutter Mane|Protect|p2b: Flutter Mane\n|-singleturn|p2b: Flutter Mane|Protect\n|move|p1b: Ogerpon|Ivy Cudgel|p2b: Flutter Mane|[anim] Ivy Cudgel Water\n|-activate|p2b: Flutter Mane|move: Protect\n|move|p1a: Cresselia|Lunar Blessing|p1a: Cresselia|[spread] p1a,p1b\n|-heal|p1b: Ogerpon|100\/100\n|move|p2a: Gholdengo|Shadow Ball|p1b: Ogerpon\n|-damage|p1b: Ogerpon|59\/100\n|-damage|p2a: Gholdengo|32\/100|[from] item: Life Orb\n|\n|-weather|none\n|-heal|p1b: Ogerpon|65\/100|[from] Grassy Terrain\n|-heal|p2a: Gholdengo|38\/100|[from] Grassy Terrain\n|upkeep\n|turn|12\n|\n|t:|1701059624\n|-end|p2b: Flutter Mane|Protosynthesis|[silent]\n|switch|p2b: Chien-Pao|Chien-Pao|100\/100\n|-ability|p2b: Chien-Pao|Sword of Ruin\n|move|p2a: Gholdengo|Protect|p2a: Gholdengo\n|-singleturn|p2a: Gholdengo|Protect\n|move|p1b: Ogerpon|Ivy Cudgel|p2b: Chien-Pao|[anim] Ivy Cudgel Water\n|-crit|p2b: Chien-Pao\n|-enditem|p2b: Chien-Pao|Focus Sash\n|-damage|p2b: Chien-Pao|1\/100\n|move|p1a: Cresselia|Lunar Blessing|p1a: Cresselia|[spread] p1a,p1b\n|-heal|p1b: Ogerpon|90\/100\n|\n|-heal|p1b: Ogerpon|96\/100|[from] Grassy Terrain\n|-heal|p2b: Chien-Pao|7\/100|[from] Grassy Terrain\n|-heal|p2a: Gholdengo|44\/100|[from] Grassy Terrain\n|-sideend|p1: 3anna|move: Tailwind\n|-fieldend|move: Grassy Terrain\n|upkeep\n|turn|13\n|\n|t:|1701059640\n|switch|p1b: Manaphy|Manaphy|73\/100\n|move|p2b: Chien-Pao|Protect|p2b: Chien-Pao\n|-singleturn|p2b: Chien-Pao|Protect\n|move|p2a: Gholdengo|Nasty Plot|p2a: Gholdengo\n|-boost|p2a: Gholdengo|spa|2\n|move|p1a: Cresselia|Dazzling Gleam|p2a: Gholdengo|[spread] p2a\n|-activate|p2b: Chien-Pao|move: Protect\n|-resisted|p2a: Gholdengo\n|-damage|p2a: Gholdengo|39\/100\n|\n|-heal|p1b: Manaphy|79\/100|[from] item: Leftovers\n|upkeep\n|turn|14\n|inactive|Shurie has 120 seconds left.\n|\n|t:|1701059677\n|move|p1a: Cresselia|Ally Switch|p1a: Cresselia\n|swap|p1a: Cresselia|1|[from] move: Ally Switch\n|move|p2b: Chien-Pao|Sucker Punch|p1a: Manaphy\n|-damage|p1a: Manaphy|35\/100\n|move|p1a: Manaphy|Surf|p2a: Gholdengo|[spread] p1b,p2a,p2b\n|-damage|p1b: Cresselia|86\/100\n|-damage|p2a: Gholdengo|6\/100\n|-damage|p2b: Chien-Pao|0 fnt\n|faint|p2b: Chien-Pao\n|move|p2a: Gholdengo|Shadow Ball|p1b: Cresselia\n|-supereffective|p1b: Cresselia\n|-damage|p1b: Cresselia|0 fnt\n|faint|p1b: Cresselia\n|-damage|p2a: Gholdengo|0 fnt|[from] item: Life Orb\n|faint|p2a: Gholdengo\n|\n|-heal|p1a: Manaphy|41\/100|[from] item: Leftovers\n|upkeep\n|c|\u2606Shurie|yeah thats gg lol\n|\n|t:|1701059702\n|switch|p2a: Flutter Mane|Flutter Mane|100\/100\n|switch|p1b: Ogerpon|Ogerpon-Wellspring-Tera, F, tera:Water|96\/100\n|-ability|p1b: Ogerpon|Embody Aspect (Wellspring)|boost\n|-boost|p1b: Ogerpon|spd|1\n|turn|15\n|c|\u26063anna|gg\n|\n|t:|1701059709\n|-terastallize|p2a: Flutter Mane|Fairy\n|move|p2a: Flutter Mane|Dazzling Gleam|p1b: Ogerpon|[spread] p1a,p1b\n|-damage|p1a: Manaphy|2\/100\n|-damage|p1b: Ogerpon|64\/100\n|move|p1b: Ogerpon|Ivy Cudgel|p2a: Flutter Mane|[anim] Ivy Cudgel Water\n|-damage|p2a: Flutter Mane|0 fnt\n|faint|p2a: Flutter Mane\n|-end|p2a: Flutter Mane|Protosynthesis|[silent]\n|\n|win|3anna\n|raw|3anna's rating: 1413 &rarr; <strong>1438<\/strong><br \/>(+25 for winning)\n|raw|Shurie's rating: 1504 &rarr; <strong>1479<\/strong><br \/>(-25 for losing)\n","uploadtime":1701059721,"views":6,"p1id":"3anna","p2id":"shurie","formatid":"gen9doublesou","rating":1438,"private":0,"password":""}