{"id":"gen9doublesou-1989850139","p1":"Danie2294","p2":"SuperAnimeCringe","format":"[Gen 9] Doubles OU","log":"|j|\u2606Danie2294\n|j|\u2606SuperAnimeCringe\n|t:|1699900928\n|gametype|doubles\n|player|p1|Danie2294|marlon|1238\n|player|p2|SuperAnimeCringe|workerice|1261\n|teamsize|p1|6\n|teamsize|p2|6\n|gen|9\n|tier|[Gen 9] Doubles OU\n|rated|\n|rule|Species Clause: Limit one of each Pok\u00e9mon\n|rule|OHKO Clause: OHKO moves are banned\n|rule|Evasion Moves Clause: Evasion moves are banned\n|rule|Gravity Sleep Clause: The combination of sleep-inducing moves with imperfect accuracy and Gravity or Gigantamax Orbeetle are banned\n|rule|Endless Battle Clause: Forcing endless battles is banned\n|rule|HP Percentage Mod: HP is shown in percentages\n|clearpoke\n|poke|p1|Landorus-Therian, M|\n|poke|p1|Empoleon, M|\n|poke|p1|Tornadus, M|\n|poke|p1|Pelipper, M|\n|poke|p1|Jolteon, M|\n|poke|p1|Palafin, F|\n|poke|p2|Amoonguss, M|\n|poke|p2|Ursaluna-Bloodmoon, M|\n|poke|p2|Flutter Mane|\n|poke|p2|Rillaboom, M|\n|poke|p2|Gholdengo|\n|poke|p2|Ogerpon-Hearthflame, F|\n|teampreview\n|inactive|Battle timer is ON: inactive players will automatically lose when time's up. (requested by Danie2294)\n|\n|t:|1699900941\n|start\n|switch|p1a: Tornadus|Tornadus, M|100\/100\n|switch|p1b: Palafin|Palafin, F|100\/100\n|switch|p2a: Flutter Mane|Flutter Mane|100\/100\n|switch|p2b: Ursaluna|Ursaluna-Bloodmoon, M|100\/100\n|-enditem|p2a: Flutter Mane|Booster Energy\n|-activate|p2a: Flutter Mane|ability: Protosynthesis|[fromitem]\n|-start|p2a: Flutter Mane|protosynthesisspa\n|turn|1\n|\n|t:|1699900949\n|-terastallize|p2b: Ursaluna|Grass\n|move|p1a: Tornadus|Tailwind|p1a: Tornadus\n|-sidestart|p1: Danie2294|move: Tailwind\n|move|p1b: Palafin|Flip Turn|p2b: Ursaluna\n|-resisted|p2b: Ursaluna\n|-damage|p2b: Ursaluna|92\/100\n|\n|t:|1699900966\n|detailschange|p1b: Palafin|Palafin-Hero, F\n|switch|p1b: Pelipper|Pelipper, M|100\/100|[from] Flip Turn\n|-weather|RainDance|[from] ability: Drizzle|[of] p1b: Pelipper\n|move|p2a: Flutter Mane|Icy Wind|p1a: Tornadus|[spread] p1a,p1b\n|-supereffective|p1a: Tornadus\n|-damage|p1a: Tornadus|63\/100\n|-damage|p1b: Pelipper|71\/100\n|-unboost|p1a: Tornadus|spe|1\n|-unboost|p1b: Pelipper|spe|1\n|move|p2b: Ursaluna|Blood Moon|p1b: Pelipper\n|-damage|p1b: Pelipper|0 fnt\n|faint|p1b: Pelipper\n|\n|-weather|RainDance|[upkeep]\n|upkeep\n|\n|t:|1699900979\n|switch|p1b: Jolteon|Jolteon, M|100\/100\n|turn|2\n|\n|t:|1699900985\n|move|p1b: Jolteon|Protect|p1b: Jolteon\n|-singleturn|p1b: Jolteon|Protect\n|move|p2a: Flutter Mane|Icy Wind|p1a: Tornadus|[spread] p1a\n|-activate|p1b: Jolteon|move: Protect\n|-supereffective|p1a: Tornadus\n|-damage|p1a: Tornadus|29\/100\n|-unboost|p1a: Tornadus|spe|1\n|move|p1a: Tornadus|Bleakwind Storm|p2b: Ursaluna|[spread] p2a,p2b\n|-supereffective|p2b: Ursaluna\n|-damage|p2a: Flutter Mane|62\/100\n|-damage|p2b: Ursaluna|33\/100\n|-unboost|p2a: Flutter Mane|spe|1\n|move|p2b: Ursaluna|Earth Power|p1b: Jolteon\n|-activate|p1b: Jolteon|move: Protect\n|\n|-weather|RainDance|[upkeep]\n|-status|p1b: Jolteon|brn|[from] item: Flame Orb\n|upkeep\n|turn|3\n|\n|t:|1699901012\n|move|p1b: Jolteon|Electro Ball|p2a: Flutter Mane\n|-crit|p2a: Flutter Mane\n|-damage|p2a: Flutter Mane|0 fnt\n|faint|p2a: Flutter Mane\n|-end|p2a: Flutter Mane|Protosynthesis|[silent]\n|move|p1a: Tornadus|Bleakwind Storm|p2b: Ursaluna\n|-supereffective|p2b: Ursaluna\n|-damage|p2b: Ursaluna|0 fnt\n|faint|p2b: Ursaluna\n|\n|-weather|RainDance|[upkeep]\n|-damage|p1b: Jolteon|95\/100 brn|[from] brn\n|upkeep\n|\n|t:|1699901027\n|switch|p2a: Gholdengo|Gholdengo|100\/100\n|switch|p2b: Amoonguss|Amoonguss, M|100\/100\n|turn|4\n|inactive|Danie2294 has 120 seconds left.\n|\n|t:|1699901060\n|move|p1b: Jolteon|Protect|p1b: Jolteon\n|-singleturn|p1b: Jolteon|Protect\n|move|p2a: Gholdengo|Shadow Ball|p1b: Jolteon\n|-activate|p1b: Jolteon|move: Protect\n|move|p1a: Tornadus|Bleakwind Storm|p2b: Amoonguss|[spread] p2a,p2b\n|-resisted|p2a: Gholdengo\n|-supereffective|p2b: Amoonguss\n|-damage|p2a: Gholdengo|80\/100\n|-damage|p2b: Amoonguss|50\/100\n|move|p2b: Amoonguss|Spore|p1a: Tornadus\n|-status|p1a: Tornadus|slp|[from] move: Spore\n|\n|-weather|RainDance|[upkeep]\n|-damage|p1b: Jolteon|89\/100 brn|[from] brn\n|-sideend|p1: Danie2294|move: Tailwind\n|upkeep\n|turn|5\n|\n|t:|1699901081\n|switch|p1a: Landorus|Landorus-Therian, M|100\/100\n|-ability|p1a: Landorus|Intimidate|boost\n|-unboost|p2a: Gholdengo|atk|1\n|-unboost|p2b: Amoonguss|atk|1\n|move|p1b: Jolteon|Electro Ball|p2a: Gholdengo\n|-damage|p2a: Gholdengo|44\/100\n|move|p2a: Gholdengo|Shadow Ball|p1b: Jolteon\n|-damage|p1b: Jolteon|32\/100 brn\n|-unboost|p1b: Jolteon|spd|1\n|-damage|p2a: Gholdengo|34\/100|[from] item: Life Orb\n|move|p2b: Amoonguss|Sludge Bomb|p1b: Jolteon\n|-damage|p1b: Jolteon|0 fnt\n|faint|p1b: Jolteon\n|\n|-weather|RainDance|[upkeep]\n|upkeep\n|inactive|Danie2294 has 120 seconds left.\n|\n|t:|1699901097\n|switch|p1b: Empoleon|Empoleon, M|100\/100\n|turn|6\n|\n|t:|1699901117\n|switch|p2a: Rillaboom|Rillaboom, M|100\/100\n|-fieldstart|move: Grassy Terrain|[from] ability: Grassy Surge|[of] p2a: Rillaboom\n|-enditem|p2a: Rillaboom|Grassy Seed\n|-boost|p2a: Rillaboom|def|1|[from] item: Grassy Seed\n|-terastallize|p1b: Empoleon|Water\n|move|p1a: Landorus|Earthquake|p2b: Amoonguss|[spread] p1b,p2a,p2b\n|-resisted|p2a: Rillaboom\n|-damage|p1b: Empoleon|75\/100\n|-damage|p2a: Rillaboom|93\/100\n|-damage|p2b: Amoonguss|31\/100\n|move|p1b: Empoleon|Agility|p1b: Empoleon\n|-boost|p1b: Empoleon|spe|2\n|move|p2b: Amoonguss|Spore|p1a: Landorus\n|-status|p1a: Landorus|slp|[from] move: Spore\n|\n|-weather|RainDance|[upkeep]\n|-heal|p1b: Empoleon|81\/100|[from] Grassy Terrain\n|-heal|p2a: Rillaboom|99\/100|[from] Grassy Terrain\n|-heal|p2b: Amoonguss|37\/100|[from] Grassy Terrain\n|upkeep\n|turn|7\n|c|\u2606SuperAnimeCringe|i think i lose\n|inactive|SuperAnimeCringe has 120 seconds left.\n|\n|t:|1699901147\n|move|p1b: Empoleon|Hydro Pump|p2a: Rillaboom\n|-resisted|p2a: Rillaboom\n|-damage|p2a: Rillaboom|3\/100\n|cant|p1a: Landorus|slp\n|move|p2a: Rillaboom|High Horsepower|p1b: Empoleon\n|-damage|p1b: Empoleon|44\/100\n|move|p2b: Amoonguss|Sludge Bomb|p1a: Landorus\n|-resisted|p1a: Landorus\n|-damage|p1a: Landorus|82\/100 slp\n|\n|-weather|RainDance|[upkeep]\n|-heal|p1b: Empoleon|50\/100|[from] Grassy Terrain\n|-heal|p2a: Rillaboom|9\/100|[from] Grassy Terrain\n|-heal|p2b: Amoonguss|44\/100|[from] Grassy Terrain\n|upkeep\n|turn|8\n|\n|t:|1699901167\n|switch|p1b: Tornadus|Tornadus, M|29\/100 slp\n|move|p2a: Rillaboom|Grassy Glide|p1b: Tornadus\n|-resisted|p1b: Tornadus\n|-damage|p1b: Tornadus|8\/100 slp\n|-damage|p2a: Rillaboom|0 fnt|[from] item: Rocky Helmet|[of] p1b: Tornadus\n|faint|p2a: Rillaboom\n|cant|p1a: Landorus|slp\n|move|p2b: Amoonguss|Sludge Bomb|p1a: Landorus\n|-resisted|p1a: Landorus\n|-damage|p1a: Landorus|64\/100 slp\n|\n|-weather|none\n|-heal|p2b: Amoonguss|50\/100|[from] Grassy Terrain\n|upkeep\n|\n|t:|1699901175\n|switch|p2a: Gholdengo|Gholdengo|34\/100\n|turn|9\n|\n|t:|1699901181\n|cant|p1b: Tornadus|slp\n|-curestatus|p1a: Landorus|slp|[msg]\n|move|p1a: Landorus|Earthquake|p2a: Gholdengo|[spread] p2a,p2b\n|-immune|p1b: Tornadus\n|-supereffective|p2a: Gholdengo\n|-crit|p2a: Gholdengo\n|-damage|p2a: Gholdengo|0 fnt\n|-damage|p2b: Amoonguss|32\/100\n|faint|p2a: Gholdengo\n|move|p2b: Amoonguss|Sludge Bomb|p1a: Landorus\n|-resisted|p1a: Landorus\n|-damage|p1a: Landorus|46\/100\n|\n|-heal|p2b: Amoonguss|38\/100|[from] Grassy Terrain\n|upkeep\n|c|\u2606SuperAnimeCringe|its jover\n|c|\u2606SuperAnimeCringe|ggs\n|c|\u2606Danie2294|Gg\n|\n|t:|1699901198\n|switch|p2a: Ogerpon|Ogerpon-Hearthflame, F|100\/100\n|-ability|p2a: Ogerpon|Mold Breaker\n|turn|10\n|\n|t:|1699901213\n|-curestatus|p1b: Tornadus|slp|[msg]\n|move|p1b: Tornadus|Rain Dance|p1b: Tornadus\n|-weather|RainDance\n|move|p2a: Ogerpon|Ivy Cudgel|p1a: Landorus\n|-damage|p1a: Landorus|10\/100\n|move|p1a: Landorus|U-turn|p2a: Ogerpon\n|-damage|p2a: Ogerpon|63\/100\n|\n|t:|1699901223\n|switch|p1a: Empoleon|Empoleon, M, tera:Water|50\/100|[from] U-turn\n|move|p2b: Amoonguss|Sludge Bomb|p1b: Tornadus\n|-damage|p1b: Tornadus|0 fnt\n|faint|p1b: Tornadus\n|\n|-weather|RainDance|[upkeep]\n|-heal|p2a: Ogerpon|69\/100|[from] Grassy Terrain\n|-heal|p1a: Empoleon|56\/100|[from] Grassy Terrain\n|-heal|p2b: Amoonguss|44\/100|[from] Grassy Terrain\n|-fieldend|move: Grassy Terrain\n|upkeep\n|\n|t:|1699901226\n|switch|p1b: Palafin|Palafin-Hero, F|100\/100\n|-activate|p1b: Palafin|ability: Zero to Hero\n|turn|11\n|\n|t:|1699901238\n|move|p2b: Amoonguss|Rage Powder|p2b: Amoonguss\n|-singleturn|p2b: Amoonguss|move: Rage Powder\n|move|p1b: Palafin|Wave Crash|p2b: Amoonguss\n|-resisted|p2b: Amoonguss\n|-damage|p2b: Amoonguss|0 fnt\n|-damage|p1b: Palafin|84\/100|[from] item: Rocky Helmet|[of] p2b: Amoonguss\n|faint|p2b: Amoonguss\n|-damage|p1b: Palafin|66\/100|[from] Recoil\n|move|p2a: Ogerpon|Play Rough|p1b: Palafin\n|-damage|p1b: Palafin|29\/100\n|move|p1a: Empoleon|Hydro Pump|p2a: Ogerpon|[miss]\n|-miss|p1a: Empoleon|p2a: Ogerpon\n|\n|-weather|RainDance|[upkeep]\n|upkeep\n|turn|12\n|\n|t:|1699901254\n|move|p1b: Palafin|Jet Punch|p2a: Ogerpon\n|-crit|p2a: Ogerpon\n|-damage|p2a: Ogerpon|0 fnt\n|faint|p2a: Ogerpon\n|\n|win|Danie2294\n|raw|Danie2294's rating: 1238 &rarr; <strong>1265<\/strong><br \/>(+27 for winning)\n|raw|SuperAnimeCringe's rating: 1261 &rarr; <strong>1234<\/strong><br \/>(-27 for losing)\n","uploadtime":1699901263,"views":7,"p1id":"danie2294","p2id":"superanimecringe","formatid":"gen9doublesou","rating":1234,"private":0,"password":""}