{"id":"gen9doublesou-1974881592","p1":"Donaldius","p2":"Leblades123","format":"[Gen 9] Doubles OU","log":"|j|\u2606Donaldius\n|j|\u2606Leblades123\n|t:|1698139338\n|gametype|doubles\n|player|p1|Donaldius|veteran|1182\n|player|p2|Leblades123|hiker-gen4|1141\n|teamsize|p1|6\n|teamsize|p2|6\n|gen|9\n|tier|[Gen 9] Doubles OU\n|rated|\n|rule|Species Clause: Limit one of each Pok\u00e9mon\n|rule|OHKO Clause: OHKO moves are banned\n|rule|Evasion Moves Clause: Evasion moves are banned\n|rule|Gravity Sleep Clause: The combination of sleep-inducing moves with imperfect accuracy and Gravity or Gigantamax Orbeetle are banned\n|rule|Endless Battle Clause: Forcing endless battles is banned\n|rule|HP Percentage Mod: HP is shown in percentages\n|clearpoke\n|poke|p1|Pawmot, M|\n|poke|p1|Landorus, M|\n|poke|p1|Thundurus, M|\n|poke|p1|Politoed, M|\n|poke|p1|Ceruledge, M|\n|poke|p1|Tyranitar, M|\n|poke|p2|Empoleon, M|\n|poke|p2|Sinistcha|\n|poke|p2|Magcargo, M|\n|poke|p2|Dragonite, F|\n|poke|p2|Chien-Pao|\n|poke|p2|Weezing-Galar, F|\n|teampreview\n|\n|t:|1698139354\n|start\n|switch|p1a: Pebble Perpetrator|Landorus, M|100\/100\n|switch|p1b: Ganon|Thundurus, M, shiny|100\/100\n|switch|p2a: Empoleon|Empoleon, M|100\/100\n|switch|p2b: Magcargo|Magcargo, M|100\/100\n|turn|1\n|inactive|Battle timer is ON: inactive players will automatically lose when time's up. (requested by Leblades123)\n|\n|t:|1698139392\n|move|p1b: Ganon|Rain Dance|p1b: Ganon\n|-weather|RainDance\n|move|p1a: Pebble Perpetrator|Grass Knot|p2a: Empoleon\n|-damage|p2a: Empoleon|82\/100\n|move|p2a: Empoleon|Hydro Pump|p1a: Pebble Perpetrator\n|-supereffective|p1a: Pebble Perpetrator\n|-damage|p1a: Pebble Perpetrator|0 fnt\n|faint|p1a: Pebble Perpetrator\n|move|p2b: Magcargo|Shell Smash|p2b: Magcargo\n|-unboost|p2b: Magcargo|def|1\n|-unboost|p2b: Magcargo|spd|1\n|-boost|p2b: Magcargo|atk|2\n|-boost|p2b: Magcargo|spa|2\n|-boost|p2b: Magcargo|spe|2\n|\n|-weather|RainDance|[upkeep]\n|upkeep\n|\n|t:|1698139416\n|switch|p1a: Tingle|Politoed, M|100\/100\n|turn|2\n|\n|t:|1698139433\n|switch|p2a: Sinistcha|Sinistcha|100\/100\n|move|p1b: Ganon|Wildbolt Storm|p2b: Magcargo|[spread] p2a,p2b\n|-resisted|p2a: Sinistcha\n|-damage|p2a: Sinistcha|76\/100\n|-damage|p2b: Magcargo|22\/100\n|-status|p2b: Magcargo|par\n|move|p1a: Tingle|Earthquake|p2a: Sinistcha|[spread] p2a,p2b\n|-immune|p1b: Ganon\n|-resisted|p2a: Sinistcha\n|-supereffective|p2b: Magcargo\n|-damage|p2a: Sinistcha|70\/100\n|-damage|p2b: Magcargo|0 fnt\n|faint|p2b: Magcargo\n|\n|-weather|RainDance|[upkeep]\n|upkeep\n|inactive|Leblades123 has 120 seconds left.\n|\n|t:|1698139459\n|switch|p2b: Louise|Dragonite, F|100\/100\n|turn|3\n|\n|t:|1698139488\n|move|p1a: Tingle|Helping Hand|p1b: Ganon\n|-singleturn|p1b: Ganon|Helping Hand|[of] p1a: Tingle\n|move|p1b: Ganon|Wildbolt Storm|p2a: Sinistcha|[spread] p2a,p2b\n|-resisted|p2a: Sinistcha\n|-damage|p2a: Sinistcha|35\/100\n|-damage|p2b: Louise|67\/100\n|-status|p2a: Sinistcha|par\n|-enditem|p2a: Sinistcha|Sitrus Berry|[eat]\n|-heal|p2a: Sinistcha|60\/100 par|[from] item: Sitrus Berry\n|move|p2b: Louise|Dragon Dance|p2b: Louise\n|-boost|p2b: Louise|atk|1\n|-boost|p2b: Louise|spe|1\n|move|p2a: Sinistcha|Strength Sap|p1b: Ganon\n|-unboost|p1b: Ganon|atk|1\n|-ability|p1b: Ganon|Defiant|boost\n|-boost|p1b: Ganon|atk|2\n|-heal|p2a: Sinistcha|100\/100 par\n|\n|-weather|RainDance|[upkeep]\n|upkeep\n|turn|4\n|inactive|Donaldius has 120 seconds left.\n|inactive|Leblades123 has 120 seconds left.\n|\n|t:|1698139528\n|move|p2b: Louise|Scale Shot|p1b: Ganon\n|-damage|p1b: Ganon|72\/100\n|-damage|p1b: Ganon|43\/100\n|-damage|p1b: Ganon|13\/100\n|-damage|p1b: Ganon|0 fnt\n|faint|p1b: Ganon\n|-hitcount|p1: Ganon|4\n|-unboost|p2b: Louise|def|1\n|-boost|p2b: Louise|spe|1\n|move|p1a: Tingle|Waterfall|p2b: Louise\n|-resisted|p2b: Louise\n|-damage|p2b: Louise|39\/100\n|move|p2a: Sinistcha|Matcha Gotcha|p1a: Tingle\n|-supereffective|p1a: Tingle\n|-damage|p1a: Tingle|43\/100\n|\n|-weather|RainDance|[upkeep]\n|upkeep\n|inactive|Donaldius has 120 seconds left.\n|\n|t:|1698139541\n|switch|p1b: The Rezzler|Pawmot, M|100\/100\n|turn|5\n|inactive|Leblades123 has 120 seconds left.\n|\n|t:|1698139567\n|move|p2b: Louise|Scale Shot|p1b: The Rezzler\n|-damage|p1b: The Rezzler|71\/100\n|-damage|p1b: The Rezzler|44\/100\n|-damage|p1b: The Rezzler|18\/100\n|-damage|p1b: The Rezzler|0 fnt\n|faint|p1b: The Rezzler\n|-hitcount|p1: The Rezzler|4\n|-unboost|p2b: Louise|def|1\n|-boost|p2b: Louise|spe|1\n|move|p1a: Tingle|Waterfall|p2b: Louise\n|-resisted|p2b: Louise\n|-damage|p2b: Louise|4\/100\n|move|p2a: Sinistcha|Strength Sap|p1a: Tingle\n|-unboost|p1a: Tingle|atk|1\n|\n|-weather|none\n|upkeep\n|\n|t:|1698139583\n|switch|p1b: Dark Link|Ceruledge, M|100\/100\n|turn|6\n|inactive|Leblades123 has 120 seconds left.\n|inactive|Donaldius has 120 seconds left.\n|\n|t:|1698139621\n|-terastallize|p2a: Sinistcha|Fire\n|move|p2a: Sinistcha|Rage Powder|p2a: Sinistcha\n|-singleturn|p2a: Sinistcha|move: Rage Powder\n|move|p2b: Louise|Scale Shot|p1a: Tingle\n|-damage|p1a: Tingle|20\/100\n|-damage|p1a: Tingle|0 fnt\n|faint|p1a: Tingle\n|-hitcount|p1: Tingle|2\n|-unboost|p2b: Louise|def|1\n|-boost|p2b: Louise|spe|1\n|move|p1b: Dark Link|Bitter Blade|p2a: Sinistcha\n|-resisted|p2a: Sinistcha\n|-damage|p2a: Sinistcha|83\/100 par\n|\n|upkeep\n|inactive|Donaldius has 120 seconds left.\n|\n|t:|1698139626\n|switch|p1a: Dodongo King|Tyranitar, M, shiny|100\/100\n|-weather|Sandstorm|[from] ability: Sand Stream|[of] p1a: Dodongo King\n|turn|7\n|inactive|Leblades123 has 120 seconds left.\n|inactive|Donaldius has 120 seconds left.\n|\n|t:|1698139655\n|-terastallize|p1a: Dodongo King|Rock\n|move|p2b: Louise|Scale Shot|p1a: Dodongo King|[miss]\n|-miss|p2b: Louise|p1a: Dodongo King\n|move|p1b: Dark Link|Poison Jab|p2a: Sinistcha\n|-damage|p2a: Sinistcha|61\/100 par\n|move|p1a: Dodongo King|Rock Slide|p2b: Louise|[spread] p2a,p2b\n|-supereffective|p2a: Sinistcha\n|-supereffective|p2b: Louise\n|-damage|p2a: Sinistcha|0 fnt\n|-damage|p2b: Louise|0 fnt\n|faint|p2a: Sinistcha\n|faint|p2b: Louise\n|\n|-weather|Sandstorm|[upkeep]\n|-damage|p1b: Dark Link|94\/100|[from] Sandstorm\n|upkeep\n|inactive|Leblades123 has 120 seconds left.\n|\n|t:|1698139675\n|switch|p2b: Weezing|Weezing-Galar, F|100\/100\n|switch|p2a: Empoleon|Empoleon, M|82\/100\n|-fieldstart|move: Misty Terrain|[from] ability: Misty Surge|[of] p2b: Weezing\n|turn|8\n|inactive|Leblades123 has 120 seconds left.\n|\n|t:|1698139702\n|move|p1b: Dark Link|Bitter Blade|p2a: Empoleon\n|-crit|p2a: Empoleon\n|-damage|p2a: Empoleon|12\/100\n|-heal|p1b: Dark Link|100\/100|[from] drain|[of] p2a: Empoleon\n|move|p2a: Empoleon|Hydro Pump|p1b: Dark Link\n|-supereffective|p1b: Dark Link\n|-damage|p1b: Dark Link|19\/100\n|move|p2b: Weezing|Strange Steam|p1a: Dodongo King\n|-damage|p1a: Dodongo King|85\/100\n|move|p1a: Dodongo King|Heavy Slam|p2b: Weezing\n|-supereffective|p2b: Weezing\n|-damage|p2b: Weezing|32\/100\n|\n|-weather|Sandstorm|[upkeep]\n|-damage|p1b: Dark Link|13\/100|[from] Sandstorm\n|-damage|p2b: Weezing|26\/100|[from] Sandstorm\n|-heal|p2b: Weezing|32\/100|[from] item: Leftovers\n|upkeep\n|turn|9\n|inactive|Leblades123 has 120 seconds left.\n|\n|t:|1698139732\n|move|p1b: Dark Link|Bitter Blade|p2a: Empoleon\n|-damage|p2a: Empoleon|0 fnt\n|-heal|p1b: Dark Link|20\/100|[from] drain|[of] p2a: Empoleon\n|faint|p2a: Empoleon\n|move|p2b: Weezing|Pain Split|p1a: Dodongo King\n|-sethp|p1a: Dodongo King|57\/100|[from] move: Pain Split|[silent]\n|-sethp|p2b: Weezing|62\/100|[from] move: Pain Split\n|move|p1a: Dodongo King|Heavy Slam|p2b: Weezing\n|-supereffective|p2b: Weezing\n|-damage|p2b: Weezing|0 fnt\n|faint|p2b: Weezing\n|\n|-weather|Sandstorm|[upkeep]\n|-damage|p1b: Dark Link|14\/100|[from] Sandstorm\n|upkeep\n|\n|t:|1698139736\n|switch|p2b: Chien-Pao|Chien-Pao|100\/100\n|-ability|p2b: Chien-Pao|Sword of Ruin\n|turn|10\n|\n|t:|1698139756\n|move|p2b: Chien-Pao|Sucker Punch|p1b: Dark Link\n|-supereffective|p1b: Dark Link\n|-damage|p1b: Dark Link|0 fnt\n|faint|p1b: Dark Link\n|move|p1a: Dodongo King|Rock Slide|p2b: Chien-Pao\n|-supereffective|p2b: Chien-Pao\n|-damage|p2b: Chien-Pao|0 fnt\n|faint|p2b: Chien-Pao\n|\n|win|Donaldius\n|raw|Donaldius's rating: 1182 &rarr; <strong>1204<\/strong><br \/>(+22 for winning)\n|raw|Leblades123's rating: 1141 &rarr; <strong>1119<\/strong><br \/>(-22 for losing)\n|c|\u2606Leblades123|Ggs\n|l|\u2606Donaldius\n","uploadtime":1698139794,"views":12,"p1id":"donaldius","p2id":"leblades123","formatid":"gen9doublesou","rating":1119,"private":0,"password":""}