{"id":"gen9doublesou-1990791476","p1":"xchara77","p2":"vegetasfeet","format":"[Gen 9] Doubles OU","log":"|j|\u2606xchara77\n|j|\u2606vegetasfeet\n|t:|1700001223\n|gametype|doubles\n|player|p1|xchara77|pokemonbreeder-gen4|1211\n|player|p2|vegetasfeet|brycen|1214\n|teamsize|p1|6\n|teamsize|p2|6\n|gen|9\n|tier|[Gen 9] Doubles OU\n|rated|\n|rule|Species Clause: Limit one of each Pok\u00e9mon\n|rule|OHKO Clause: OHKO moves are banned\n|rule|Evasion Moves Clause: Evasion moves are banned\n|rule|Gravity Sleep Clause: The combination of sleep-inducing moves with imperfect accuracy and Gravity or Gigantamax Orbeetle are banned\n|rule|Endless Battle Clause: Forcing endless battles is banned\n|rule|HP Percentage Mod: HP is shown in percentages\n|clearpoke\n|poke|p1|Lilligant, F|\n|poke|p1|Torkoal, F|\n|poke|p1|Flutter Mane|\n|poke|p1|Kingambit, F|\n|poke|p1|Dragonite, F|\n|poke|p1|Great Tusk|\n|poke|p2|Amoonguss, M|\n|poke|p2|Glimmora, F|\n|poke|p2|Heatran, F|\n|poke|p2|Tyranitar, F|\n|poke|p2|Landorus, M|\n|poke|p2|Cresselia, F|\n|teampreview\n|inactive|Battle timer is ON: inactive players will automatically lose when time's up. (requested by xchara77)\n|\n|t:|1700001238\n|start\n|switch|p1a: Torkoal|Torkoal, F|100\/100\n|switch|p1b: Great Tusk|Great Tusk|100\/100\n|switch|p2a: Trippie Redd|Tyranitar, F|100\/100\n|switch|p2b: Ball Guy|Amoonguss, M|100\/100\n|-weather|Sandstorm|[from] ability: Sand Stream|[of] p2a: Trippie Redd\n|-weather|SunnyDay|[from] ability: Drought|[of] p1a: Torkoal\n|-activate|p1b: Great Tusk|ability: Protosynthesis\n|-start|p1b: Great Tusk|protosynthesisatk\n|turn|1\n|\n|t:|1700001263\n|switch|p2a: ROOT BEER|Landorus, M|100\/100\n|move|p1b: Great Tusk|Headlong Rush|p2a: ROOT BEER\n|-immune|p2a: ROOT BEER\n|move|p2b: Ball Guy|Spore|p1b: Great Tusk\n|-status|p1b: Great Tusk|slp|[from] move: Spore\n|move|p1a: Torkoal|Stealth Rock|p2b: Ball Guy\n|-sidestart|p2: vegetasfeet|move: Stealth Rock\n|\n|-weather|SunnyDay|[upkeep]\n|upkeep\n|turn|2\n|\n|t:|1700001283\n|-end|p1b: Great Tusk|Protosynthesis|[silent]\n|switch|p1b: Lilligant|Lilligant, F|100\/100\n|move|p1a: Torkoal|Protect|p1a: Torkoal\n|-singleturn|p1a: Torkoal|Protect\n|move|p2a: ROOT BEER|Earth Power|p1a: Torkoal\n|-activate|p1a: Torkoal|move: Protect\n|move|p2b: Ball Guy|Spore|p1a: Torkoal\n|-activate|p1a: Torkoal|move: Protect\n|\n|-weather|SunnyDay|[upkeep]\n|upkeep\n|turn|3\n|\n|t:|1700001303\n|move|p2b: Ball Guy|Rage Powder|p2b: Ball Guy\n|-singleturn|p2b: Ball Guy|move: Rage Powder\n|move|p1b: Lilligant|After You|p1a: Torkoal\n|-activate|p1a: Torkoal|move: After You\n|move|p1a: Torkoal|Eruption|p2a: ROOT BEER|[spread] p2a,p2b\n|-supereffective|p2b: Ball Guy\n|-damage|p2a: ROOT BEER|0 fnt\n|-damage|p2b: Ball Guy|0 fnt\n|faint|p2a: ROOT BEER\n|faint|p2b: Ball Guy\n|\n|-weather|SunnyDay|[upkeep]\n|upkeep\n|\n|t:|1700001314\n|switch|p2a: Gobba Goo|Heatran, F|100\/100\n|switch|p2b: Trippie Redd|Tyranitar, F|100\/100\n|-damage|p2a: Gobba Goo|88\/100|[from] Stealth Rock\n|-damage|p2b: Trippie Redd|88\/100|[from] Stealth Rock\n|-weather|Sandstorm|[from] ability: Sand Stream|[of] p2b: Trippie Redd\n|turn|4\n|\n|t:|1700001332\n|switch|p1b: Dragonite|Dragonite, F|100\/100\n|switch|p1a: Kingambit|Kingambit, F|100\/100\n|-terastallize|p2b: Trippie Redd|Ghost\n|move|p2a: Gobba Goo|Heat Wave|p1b: Dragonite|[spread] p1a,p1b\n|-supereffective|p1a: Kingambit\n|-resisted|p1b: Dragonite\n|-damage|p1a: Kingambit|43\/100\n|-damage|p1b: Dragonite|89\/100\n|move|p2b: Trippie Redd|Icy Wind|p1b: Dragonite|[spread] p1a,p1b\n|-resisted|p1a: Kingambit\n|-supereffective|p1b: Dragonite\n|-damage|p1a: Kingambit|39\/100\n|-damage|p1b: Dragonite|48\/100\n|-unboost|p1a: Kingambit|spe|1\n|-ability|p1a: Kingambit|Defiant|boost\n|-boost|p1a: Kingambit|atk|2\n|-unboost|p1b: Dragonite|spe|1\n|\n|-weather|Sandstorm|[upkeep]\n|-damage|p1b: Dragonite|42\/100|[from] Sandstorm\n|-damage|p2b: Trippie Redd|82\/100|[from] Sandstorm\n|upkeep\n|turn|5\n|inactive|xchara77 has 120 seconds left.\n|\n|t:|1700001365\n|-terastallize|p1a: Kingambit|Fire\n|move|p1b: Dragonite|Protect|p1b: Dragonite\n|-singleturn|p1b: Dragonite|Protect\n|move|p1a: Kingambit|Sucker Punch|p2a: Gobba Goo\n|-damage|p2a: Gobba Goo|15\/100\n|move|p2a: Gobba Goo|Heat Wave|p1a: Kingambit|[spread] p1a\n|-activate|p1b: Dragonite|move: Protect\n|-resisted|p1a: Kingambit\n|-damage|p1a: Kingambit|24\/100\n|move|p2b: Trippie Redd|Rock Slide|p1b: Dragonite|[spread] p1a\n|-activate|p1b: Dragonite|move: Protect\n|-supereffective|p1a: Kingambit\n|-damage|p1a: Kingambit|0 fnt\n|faint|p1a: Kingambit\n|\n|-weather|Sandstorm|[upkeep]\n|-damage|p1b: Dragonite|36\/100|[from] Sandstorm\n|-damage|p2b: Trippie Redd|76\/100|[from] Sandstorm\n|upkeep\n|inactive|xchara77 has 120 seconds left.\n|\n|t:|1700001388\n|switch|p1a: Torkoal|Torkoal, F|100\/100\n|-weather|SunnyDay|[from] ability: Drought|[of] p1a: Torkoal\n|turn|6\n|inactive|xchara77 has 120 seconds left.\n|\n|t:|1700001409\n|switch|p2b: Nicki Minaj|Cresselia, F|100\/100\n|-damage|p2b: Nicki Minaj|88\/100|[from] Stealth Rock\n|move|p2a: Gobba Goo|Earth Power|p1a: Torkoal\n|-supereffective|p1a: Torkoal\n|-damage|p1a: Torkoal|0 fnt\n|faint|p1a: Torkoal\n|move|p1b: Dragonite|Ice Spinner|p2b: Nicki Minaj\n|-damage|p2b: Nicki Minaj|73\/100\n|\n|-weather|SunnyDay|[upkeep]\n|upkeep\n|\n|t:|1700001421\n|switch|p1a: Lilligant|Lilligant, F|100\/100\n|turn|7\n|inactive|vegetasfeet has 120 seconds left.\n|\n|t:|1700001452\n|switch|p2a: Oran Berry|Glimmora, F|100\/100\n|-damage|p2a: Oran Berry|88\/100|[from] Stealth Rock\n|move|p1b: Dragonite|Extreme Speed|p2b: Nicki Minaj\n|-damage|p2b: Nicki Minaj|56\/100\n|move|p1a: Lilligant|Sleep Powder|p2b: Nicki Minaj\n|-activate|p2b: Nicki Minaj|item: Safety Goggles|Sleep Powder\n|move|p2b: Nicki Minaj|Lunar Blessing|p2b: Nicki Minaj|[spread] p2a,p2b\n|-heal|p2a: Oran Berry|100\/100\n|-heal|p2b: Nicki Minaj|81\/100\n|\n|-weather|SunnyDay|[upkeep]\n|upkeep\n|turn|8\n|-message|xchara77 forfeited.\n|\n|win|vegetasfeet\n|raw|xchara77's rating: 1211 &rarr; <strong>1186<\/strong><br \/>(-25 for losing)\n|raw|vegetasfeet's rating: 1214 &rarr; <strong>1239<\/strong><br \/>(+25 for winning)\n|l|\u2606xchara77\n","uploadtime":1700001479,"views":13,"p1id":"xchara77","p2id":"vegetasfeet","formatid":"gen9doublesou","rating":1186,"private":0,"password":""}