{"id":"gen9doublesou-1991314801","p1":"Rungy","p2":"JBUG0617","format":"[Gen 9] Doubles OU","log":"|j|\u2606Rungy\n|j|\u2606JBUG0617\n|t:|1700066821\n|gametype|doubles\n|player|p1|Rungy|gambler|1203\n|player|p2|JBUG0617|grimsley|1304\n|teamsize|p1|6\n|teamsize|p2|6\n|gen|9\n|tier|[Gen 9] Doubles OU\n|rated|\n|rule|Species Clause: Limit one of each Pok\u00e9mon\n|rule|OHKO Clause: OHKO moves are banned\n|rule|Evasion Moves Clause: Evasion moves are banned\n|rule|Gravity Sleep Clause: The combination of sleep-inducing moves with imperfect accuracy and Gravity or Gigantamax Orbeetle are banned\n|rule|Endless Battle Clause: Forcing endless battles is banned\n|rule|HP Percentage Mod: HP is shown in percentages\n|clearpoke\n|poke|p1|Weezing-Galar, M|\n|poke|p1|Farigiraf, M|\n|poke|p1|Gastrodon-East, F|\n|poke|p1|Chandelure, F|\n|poke|p1|Abomasnow, F|\n|poke|p1|Kleavor, M|\n|poke|p2|Ninetales-Alola, M|\n|poke|p2|Tornadus, M|\n|poke|p2|Ogerpon-Hearthflame, F|\n|poke|p2|Iron Hands|\n|poke|p2|Sliggoo-Hisui, F|\n|poke|p2|Basculegion-F, F|\n|teampreview\n|inactive|Battle timer is ON: inactive players will automatically lose when time's up. (requested by JBUG0617)\n|c|\u2606Rungy|glhf!\n|c|\u2606JBUG0617|giraf\n|\n|t:|1700066847\n|start\n|switch|p1a: Assmar|Weezing-Galar, M|100\/100\n|switch|p1b: Rusty|Kleavor, M|100\/100\n|switch|p2a: Ninetales|Ninetales-Alola, M|100\/100\n|switch|p2b: Sliggoo|Sliggoo-Hisui, F|100\/100\n|-weather|Snow|[from] ability: Snow Warning|[of] p2a: Ninetales\n|-fieldstart|move: Misty Terrain|[from] ability: Misty Surge|[of] p1a: Assmar\n|turn|1\n|\n|t:|1700066872\n|switch|p1a: Kate Bush|Abomasnow, F|100\/100\n|move|p2a: Ninetales|Aurora Veil|p2a: Ninetales\n|-sidestart|p2: JBUG0617|move: Aurora Veil\n|move|p1b: Rusty|Stone Axe|p2a: Ninetales\n|-supereffective|p2a: Ninetales\n|-damage|p2a: Ninetales|29\/100\n|-sidestart|p2: JBUG0617|move: Stealth Rock\n|move|p2b: Sliggoo|Curse|p2b: Sliggoo\n|-unboost|p2b: Sliggoo|spe|1\n|-boost|p2b: Sliggoo|atk|1\n|-boost|p2b: Sliggoo|def|1\n|\n|-weather|Snow|[upkeep]\n|upkeep\n|turn|2\n|\n|t:|1700066896\n|move|p2a: Ninetales|Blizzard|p1a: Kate Bush|[spread] p1a,p1b\n|-damage|p1a: Kate Bush|70\/100\n|-damage|p1b: Rusty|47\/100\n|move|p1b: Rusty|Tailwind|p1b: Rusty\n|-sidestart|p1: Rungy|move: Tailwind\n|move|p1a: Kate Bush|Aurora Veil|p1a: Kate Bush\n|-sidestart|p1: Rungy|move: Aurora Veil\n|move|p2b: Sliggoo|Curse|p2b: Sliggoo\n|-unboost|p2b: Sliggoo|spe|1\n|-boost|p2b: Sliggoo|atk|1\n|-boost|p2b: Sliggoo|def|1\n|\n|-weather|Snow|[upkeep]\n|upkeep\n|turn|3\n|\n|t:|1700066917\n|move|p2a: Ninetales|Protect|p2a: Ninetales\n|-singleturn|p2a: Ninetales|Protect\n|move|p1b: Rusty|Stone Axe|p2a: Ninetales\n|-activate|p2a: Ninetales|move: Protect\n|move|p1a: Kate Bush|Earth Power|p2b: Sliggoo\n|-supereffective|p2b: Sliggoo\n|-damage|p2b: Sliggoo|84\/100\n|move|p2b: Sliggoo|Gyro Ball|p1b: Rusty\n|-supereffective|p1b: Rusty\n|-damage|p1b: Rusty|0 fnt\n|faint|p1b: Rusty\n|\n|-weather|Snow|[upkeep]\n|upkeep\n|\n|t:|1700066929\n|switch|p1b: Luz|Chandelure, F, shiny|100\/100\n|turn|4\n|\n|t:|1700066938\n|switch|p1a: Mr. Rothschild|Farigiraf, M|100\/100\n|move|p1b: Luz|Haze|p1b: Luz\n|-clearallboost\n|move|p2a: Ninetales|Blizzard|p1b: Luz|[spread] p1a,p1b\n|-resisted|p1b: Luz\n|-damage|p1a: Mr. Rothschild|77\/100\n|-damage|p1b: Luz|86\/100\n|move|p2b: Sliggoo|Curse|p2b: Sliggoo\n|-unboost|p2b: Sliggoo|spe|1\n|-boost|p2b: Sliggoo|atk|1\n|-boost|p2b: Sliggoo|def|1\n|\n|-weather|Snow|[upkeep]\n|upkeep\n|turn|5\n|c|\u2606JBUG0617|haze : (\n|\n|t:|1700066960\n|move|p1b: Luz|Flamethrower|p2a: Ninetales\n|-supereffective|p2a: Ninetales\n|-damage|p2a: Ninetales|0 fnt\n|faint|p2a: Ninetales\n|move|p1a: Mr. Rothschild|Hyper Voice|p2b: Sliggoo\n|-resisted|p2b: Sliggoo\n|-damage|p2b: Sliggoo|76\/100\n|-enditem|p1a: Mr. Rothschild|Throat Spray\n|-boost|p1a: Mr. Rothschild|spa|1|[from] item: Throat Spray\n|move|p2b: Sliggoo|Gyro Ball|p1a: Mr. Rothschild\n|-damage|p1a: Mr. Rothschild|31\/100\n|\n|-weather|none\n|-sideend|p1: Rungy|move: Tailwind\n|upkeep\n|\n|t:|1700066980\n|switch|p2a: Ogerpon|Ogerpon-Hearthflame, F|100\/100\n|-damage|p2a: Ogerpon|76\/100|[from] Stealth Rock\n|-ability|p2a: Ogerpon|Mold Breaker\n|turn|6\n|\n|t:|1700066995\n|move|p2a: Ogerpon|Ivy Cudgel|p1a: Mr. Rothschild|[anim] Ivy Cudgel Fire\n|-damage|p1a: Mr. Rothschild|0 fnt\n|faint|p1a: Mr. Rothschild\n|move|p1b: Luz|Flamethrower|p2b: Sliggoo\n|-damage|p2b: Sliggoo|59\/100\n|move|p2b: Sliggoo|Curse|p2b: Sliggoo\n|-unboost|p2b: Sliggoo|spe|1\n|-boost|p2b: Sliggoo|atk|1\n|-boost|p2b: Sliggoo|def|1\n|\n|upkeep\n|\n|t:|1700067007\n|switch|p1a: Khan|Gastrodon-East, F|100\/100\n|turn|7\n|\n|t:|1700067017\n|-terastallize|p1a: Khan|Fire\n|move|p2a: Ogerpon|Horn Leech|p1a: Khan\n|-resisted|p1a: Khan\n|-damage|p1a: Khan|85\/100\n|-heal|p2a: Ogerpon|87\/100|[from] drain|[of] p1a: Khan\n|move|p1b: Luz|Shadow Ball|p2a: Ogerpon\n|-damage|p2a: Ogerpon|53\/100\n|-unboost|p2a: Ogerpon|spd|1\n|move|p1a: Khan|Earth Power|p2b: Sliggoo\n|-supereffective|p2b: Sliggoo\n|-damage|p2b: Sliggoo|34\/100\n|move|p2b: Sliggoo|Life Dew|p2b: Sliggoo|[spread] p2a,p2b\n|-heal|p2a: Ogerpon|79\/100\n|-heal|p2b: Sliggoo|59\/100\n|\n|upkeep\n|turn|8\n|\n|t:|1700067040\n|move|p2a: Ogerpon|Stomping Tantrum|p1a: Khan\n|-supereffective|p1a: Khan\n|-damage|p1a: Khan|45\/100\n|move|p1b: Luz|Shadow Ball|p2a: Ogerpon\n|-damage|p2a: Ogerpon|27\/100\n|move|p1a: Khan|Sludge Bomb|p2a: Ogerpon\n|-supereffective|p2a: Ogerpon\n|-damage|p2a: Ogerpon|0 fnt\n|faint|p2a: Ogerpon\n|move|p2b: Sliggoo|Life Dew|p2b: Sliggoo\n|-heal|p2b: Sliggoo|84\/100\n|\n|-sideend|p2: JBUG0617|move: Aurora Veil\n|-fieldend|Misty Terrain\n|upkeep\n|inactive|JBUG0617 has 120 seconds left.\n|\n|t:|1700067060\n|switch|p2a: Tornadus|Tornadus, M|100\/100\n|-damage|p2a: Tornadus|76\/100|[from] Stealth Rock\n|turn|9\n|\n|t:|1700067076\n|move|p2a: Tornadus|Taunt|p1b: Luz\n|-start|p1b: Luz|move: Taunt\n|cant|p1b: Luz|move: Taunt|Haze\n|move|p1a: Khan|Ice Beam|p2a: Tornadus\n|-supereffective|p2a: Tornadus\n|-damage|p2a: Tornadus|29\/100\n|move|p2b: Sliggoo|Life Dew|p2b: Sliggoo|[spread] p2a,p2b\n|-heal|p2a: Tornadus|54\/100\n|-heal|p2b: Sliggoo|100\/100\n|\n|-heal|p2a: Tornadus|60\/100|[from] item: Leftovers\n|-sideend|p1: Rungy|move: Aurora Veil\n|upkeep\n|turn|10\n|\n|t:|1700067094\n|move|p1b: Luz|Flamethrower|p2a: Tornadus\n|-damage|p2a: Tornadus|10\/100\n|move|p2a: Tornadus|Bleakwind Storm|p1a: Khan|[spread] p1a,p1b\n|-damage|p1a: Khan|26\/100\n|-damage|p1b: Luz|41\/100\n|-unboost|p1b: Luz|spe|1\n|move|p1a: Khan|Ice Beam|p2a: Tornadus\n|-supereffective|p2a: Tornadus\n|-damage|p2a: Tornadus|0 fnt\n|faint|p2a: Tornadus\n|move|p2b: Sliggoo|Curse|p2b: Sliggoo\n|-unboost|p2b: Sliggoo|spe|1\n|-boost|p2b: Sliggoo|atk|1\n|-boost|p2b: Sliggoo|def|1\n|\n|upkeep\n|\n|t:|1700067108\n|switch|p2a: Basculegion|Basculegion-F, F|100\/100\n|-damage|p2a: Basculegion|88\/100|[from] Stealth Rock\n|turn|11\n|\n|t:|1700067118\n|move|p2a: Basculegion|Shadow Ball|p1b: Luz\n|-supereffective|p1b: Luz\n|-damage|p1b: Luz|0 fnt\n|faint|p1b: Luz\n|move|p1a: Khan|Earth Power|p2b: Sliggoo\n|-supereffective|p2b: Sliggoo\n|-damage|p2b: Sliggoo|60\/100\n|move|p2b: Sliggoo|Curse|p2b: Sliggoo\n|-unboost|p2b: Sliggoo|spe|1\n|-boost|p2b: Sliggoo|atk|1\n|-boost|p2b: Sliggoo|def|1\n|\n|upkeep\n|\n|t:|1700067129\n|switch|p1b: Kate Bush|Abomasnow, F|70\/100\n|-weather|Snow|[from] ability: Snow Warning|[of] p1b: Kate Bush\n|turn|12\n|\n|t:|1700067139\n|move|p2a: Basculegion|Shadow Ball|p1a: Khan\n|-damage|p1a: Khan|0 fnt\n|faint|p1a: Khan\n|move|p1b: Kate Bush|Giga Drain|p2a: Basculegion\n|-supereffective|p2a: Basculegion\n|-damage|p2a: Basculegion|12\/100\n|-heal|p1b: Kate Bush|100\/100|[from] drain|[of] p2a: Basculegion\n|move|p2b: Sliggoo|Gyro Ball|p1b: Kate Bush\n|-supereffective|p1b: Kate Bush\n|-damage|p1b: Kate Bush|0 fnt\n|faint|p1b: Kate Bush\n|\n|-weather|Snow|[upkeep]\n|upkeep\n|\n|t:|1700067151\n|switch|p1a: Assmar|Weezing-Galar, M|100\/100\n|-fieldstart|move: Misty Terrain|[from] ability: Misty Surge|[of] p1a: Assmar\n|turn|13\n|c|\u2606Rungy|gg\n|c|\u2606JBUG0617|gg\n|c|\u2606JBUG0617|w sliggoo\n|\n|t:|1700067164\n|move|p2a: Basculegion|Shadow Ball|p1a: Assmar\n|-damage|p1a: Assmar|6\/100\n|-unboost|p1a: Assmar|spd|1\n|move|p1a: Assmar|Haze|p1a: Assmar\n|-clearallboost\n|move|p2b: Sliggoo|Gyro Ball|p1a: Assmar\n|-supereffective|p1a: Assmar\n|-damage|p1a: Assmar|0 fnt\n|faint|p1a: Assmar\n|\n|win|JBUG0617\n|raw|Rungy's rating: 1203 &rarr; <strong>1185<\/strong><br \/>(-18 for losing)\n|raw|JBUG0617's rating: 1304 &rarr; <strong>1318<\/strong><br \/>(+14 for winning)\n|l|\u2606Rungy\n","uploadtime":1700067389,"views":11,"p1id":"rungy","p2id":"jbug0617","formatid":"gen9doublesou","rating":1185,"private":0,"password":""}