{"id":"gen9doublesou-1991204981","p1":"JakeJakeJake","p2":"Messy fighter","format":"[Gen 9] Doubles OU","log":"|j|\u2606JakeJakeJake\n|j|\u2606Messy fighter\n|t:|1700056934\n|gametype|doubles\n|player|p1|JakeJakeJake|boarder|1391\n|player|p2|Messy fighter|swimmer-gen4dp|1522\n|teamsize|p1|6\n|teamsize|p2|6\n|gen|9\n|tier|[Gen 9] Doubles OU\n|rated|\n|rule|Species Clause: Limit one of each Pok\u00e9mon\n|rule|OHKO Clause: OHKO moves are banned\n|rule|Evasion Moves Clause: Evasion moves are banned\n|rule|Gravity Sleep Clause: The combination of sleep-inducing moves with imperfect accuracy and Gravity or Gigantamax Orbeetle are banned\n|rule|Endless Battle Clause: Forcing endless battles is banned\n|rule|HP Percentage Mod: HP is shown in percentages\n|clearpoke\n|poke|p1|Glimmora, M|\n|poke|p1|Landorus-Therian, M|\n|poke|p1|Cresselia, F|\n|poke|p1|Flutter Mane|\n|poke|p1|Ting-Lu|\n|poke|p1|Fezandipiti, M|\n|poke|p2|Basculegion-F, F|\n|poke|p2|Iron Hands|\n|poke|p2|Cresselia, F|\n|poke|p2|Ursaluna-Bloodmoon, M|\n|poke|p2|Roaring Moon|\n|poke|p2|Farigiraf, M|\n|teampreview\n|\n|t:|1700056939\n|start\n|switch|p1a: Landorus|Landorus-Therian, M|100\/100\n|switch|p1b: Glimmora|Glimmora, M|100\/100\n|switch|p2a: Ursaluna|Ursaluna-Bloodmoon, M|100\/100\n|switch|p2b: Cresselia|Cresselia, F|100\/100\n|-ability|p1a: Landorus|Intimidate|boost\n|-unboost|p2a: Ursaluna|atk|1\n|-unboost|p2b: Cresselia|atk|1\n|turn|1\n|inactive|Battle timer is ON: inactive players will automatically lose when time's up. (requested by JakeJakeJake)\n|\n|t:|1700056955\n|move|p1a: Landorus|U-turn|p2b: Cresselia\n|-supereffective|p2b: Cresselia\n|-damage|p2b: Cresselia|60\/100\n|\n|t:|1700056959\n|switch|p1a: Ting-Lu|Ting-Lu|100\/100|[from] U-turn\n|-ability|p1a: Ting-Lu|Vessel of Ruin\n|move|p1b: Glimmora|Light Screen|p1b: Glimmora\n|-sidestart|p1: JakeJakeJake|move: Light Screen\n|move|p2a: Ursaluna|Calm Mind|p2a: Ursaluna\n|-boost|p2a: Ursaluna|spa|1\n|-boost|p2a: Ursaluna|spd|1\n|move|p2b: Cresselia|Trick Room|p2b: Cresselia\n|-fieldstart|move: Trick Room|[of] p2b: Cresselia\n|\n|upkeep\n|turn|2\n|\n|t:|1700056976\n|move|p2a: Ursaluna|Moonblast|p1a: Ting-Lu\n|-supereffective|p1a: Ting-Lu\n|-crit|p1a: Ting-Lu\n|-damage|p1a: Ting-Lu|19\/100\n|move|p2b: Cresselia|Moonblast|p1a: Ting-Lu\n|-supereffective|p1a: Ting-Lu\n|-damage|p1a: Ting-Lu|7\/100\n|move|p1b: Glimmora|Stealth Rock|p2b: Cresselia\n|-sidestart|p2: Messy fighter|move: Stealth Rock\n|move|p1a: Ting-Lu|Whirlwind|p2a: Ursaluna\n|drag|p2a: Farigiraf|Farigiraf, M|100\/100\n|-damage|p2a: Farigiraf|88\/100|[from] Stealth Rock\n|\n|-heal|p2a: Farigiraf|94\/100|[from] item: Leftovers\n|-heal|p1a: Ting-Lu|14\/100|[from] item: Leftovers\n|upkeep\n|turn|3\n|\n|t:|1700056996\n|switch|p2a: Ursaluna|Ursaluna-Bloodmoon, M|100\/100\n|-damage|p2a: Ursaluna|94\/100|[from] Stealth Rock\n|move|p1a: Ting-Lu|Ruination|p2a: Ursaluna\n|-damage|p2a: Ursaluna|47\/100\n|move|p2b: Cresselia|Lunar Blessing|p2b: Cresselia|[spread] p2a,p2b\n|-heal|p2a: Ursaluna|72\/100\n|-heal|p2b: Cresselia|85\/100\n|move|p1b: Glimmora|Mortal Spin|p2b: Cresselia|[spread] p2a,p2b\n|-resisted|p2a: Ursaluna\n|-damage|p2a: Ursaluna|71\/100\n|-damage|p2b: Cresselia|81\/100\n|-status|p2a: Ursaluna|psn\n|-status|p2b: Cresselia|psn\n|\n|-heal|p1a: Ting-Lu|20\/100|[from] item: Leftovers\n|-damage|p2a: Ursaluna|59\/100 psn|[from] psn\n|-damage|p2b: Cresselia|69\/100 psn|[from] psn\n|upkeep\n|turn|4\n|\n|t:|1700057025\n|switch|p1b: Cresselia|Cresselia, F|100\/100\n|move|p2a: Ursaluna|Moonblast|p1a: Ting-Lu\n|-supereffective|p1a: Ting-Lu\n|-damage|p1a: Ting-Lu|0 fnt\n|faint|p1a: Ting-Lu\n|move|p2b: Cresselia|Lunar Blessing|p2b: Cresselia|[spread] p2a,p2b\n|-heal|p2a: Ursaluna|84\/100 psn\n|-curestatus|p2a: Ursaluna|psn|[msg]\n|-heal|p2b: Cresselia|94\/100 psn\n|-curestatus|p2b: Cresselia|psn|[msg]\n|\n|upkeep\n|inactive|JakeJakeJake has 120 seconds left.\n|\n|t:|1700057042\n|switch|p1a: Flutter Mane|Flutter Mane|100\/100\n|-enditem|p1a: Flutter Mane|Booster Energy\n|-activate|p1a: Flutter Mane|ability: Protosynthesis|[fromitem]\n|-start|p1a: Flutter Mane|protosynthesisspa\n|turn|5\n|\n|t:|1700057057\n|move|p2b: Cresselia|Helping Hand|p2a: Ursaluna\n|-singleturn|p2a: Ursaluna|Helping Hand|[of] p2b: Cresselia\n|move|p1a: Flutter Mane|Protect|p1a: Flutter Mane\n|-singleturn|p1a: Flutter Mane|Protect\n|move|p2a: Ursaluna|Blood Moon|p1a: Flutter Mane\n|-activate|p1a: Flutter Mane|move: Protect\n|move|p1b: Cresselia|Psychic|p2a: Ursaluna\n|-crit|p2a: Ursaluna\n|-damage|p2a: Ursaluna|22\/100\n|\n|-fieldend|move: Trick Room\n|upkeep\n|turn|6\n|inactive|JakeJakeJake has 120 seconds left.\n|inactive|Messy fighter has 120 seconds left.\n|\n|t:|1700057091\n|move|p2a: Ursaluna|Vacuum Wave|p1a: Flutter Mane\n|-resisted|p1a: Flutter Mane\n|-damage|p1a: Flutter Mane|95\/100\n|move|p1a: Flutter Mane|Hex|p2b: Cresselia\n|-supereffective|p2b: Cresselia\n|-damage|p2b: Cresselia|43\/100\n|move|p1b: Cresselia|Psychic|p2a: Ursaluna\n|-damage|p2a: Ursaluna|0 fnt\n|faint|p2a: Ursaluna\n|move|p2b: Cresselia|Trick Room|p2b: Cresselia\n|-fieldstart|move: Trick Room|[of] p2b: Cresselia\n|\n|upkeep\n|inactive|Messy fighter has 120 seconds left.\n|\n|t:|1700057106\n|switch|p2a: Basculegion|Basculegion-F, F|100\/100\n|-damage|p2a: Basculegion|88\/100|[from] Stealth Rock\n|turn|7\n|\n|t:|1700057116\n|move|p2b: Cresselia|Helping Hand|p2a: Basculegion\n|-singleturn|p2a: Basculegion|Helping Hand|[of] p2b: Cresselia\n|move|p1a: Flutter Mane|Protect|p1a: Flutter Mane\n|-singleturn|p1a: Flutter Mane|Protect\n|move|p2a: Basculegion|Last Respects|p1b: Cresselia\n|-supereffective|p1b: Cresselia\n|-damage|p1b: Cresselia|0 fnt\n|faint|p1b: Cresselia\n|\n|upkeep\n|\n|t:|1700057132\n|switch|p1b: Glimmora|Glimmora, M|100\/100\n|turn|8\n|\n|t:|1700057154\n|-end|p1a: Flutter Mane|Protosynthesis|[silent]\n|switch|p1a: Landorus|Landorus-Therian, M|100\/100\n|-ability|p1a: Landorus|Intimidate|boost\n|-unboost|p2a: Basculegion|atk|1\n|-unboost|p2b: Cresselia|atk|1\n|move|p2a: Basculegion|Last Respects|p1a: Landorus\n|-damage|p1a: Landorus|56\/100\n|move|p2b: Cresselia|Lunar Blessing|p2b: Cresselia|[spread] p2a,p2b\n|-heal|p2a: Basculegion|100\/100\n|-heal|p2b: Cresselia|68\/100\n|move|p1b: Glimmora|Reflect|p1b: Glimmora\n|-sidestart|p1: JakeJakeJake|Reflect\n|\n|-sideend|p1: JakeJakeJake|move: Light Screen\n|upkeep\n|turn|9\n|\n|t:|1700057178\n|move|p2b: Cresselia|Helping Hand|p2a: Basculegion\n|-singleturn|p2a: Basculegion|Helping Hand|[of] p2b: Cresselia\n|move|p2a: Basculegion|Wave Crash|p1a: Landorus\n|-supereffective|p1a: Landorus\n|-damage|p1a: Landorus|0 fnt\n|faint|p1a: Landorus\n|-damage|p2a: Basculegion|87\/100|[from] Recoil\n|move|p1b: Glimmora|Mortal Spin|p2a: Basculegion|[spread] p2a,p2b\n|-resisted|p2a: Basculegion\n|-damage|p2a: Basculegion|85\/100\n|-damage|p2b: Cresselia|65\/100\n|-status|p2a: Basculegion|psn\n|-status|p2b: Cresselia|psn\n|\n|-damage|p2a: Basculegion|72\/100 psn|[from] psn\n|-damage|p2b: Cresselia|53\/100 psn|[from] psn\n|upkeep\n|\n|t:|1700057191\n|switch|p1a: Fezandipiti|Fezandipiti, M|100\/100\n|turn|10\n|\n|t:|1700057208\n|switch|p1b: Flutter Mane|Flutter Mane|95\/100\n|-terastallize|p2a: Basculegion|Psychic\n|move|p2b: Cresselia|Helping Hand|p2a: Basculegion\n|-singleturn|p2a: Basculegion|Helping Hand|[of] p2b: Cresselia\n|move|p2a: Basculegion|Psychic Fangs|p1a: Fezandipiti\n|-sideend|p1: JakeJakeJake|Reflect\n|-supereffective|p1a: Fezandipiti\n|-damage|p1a: Fezandipiti|4\/100\n|move|p1a: Fezandipiti|Calm Mind|p1a: Fezandipiti\n|-boost|p1a: Fezandipiti|spa|1\n|-boost|p1a: Fezandipiti|spd|1\n|\n|-heal|p1a: Fezandipiti|10\/100|[from] item: Leftovers\n|-damage|p2a: Basculegion|60\/100 psn|[from] psn\n|-damage|p2b: Cresselia|40\/100 psn|[from] psn\n|-fieldend|move: Trick Room\n|upkeep\n|turn|11\n|inactive|JakeJakeJake has 120 seconds left.\n|\n|t:|1700057255\n|move|p2a: Basculegion|Aqua Jet|p1a: Fezandipiti\n|-damage|p1a: Fezandipiti|2\/100\n|move|p1b: Flutter Mane|Hex|p2a: Basculegion\n|-supereffective|p2a: Basculegion\n|-damage|p2a: Basculegion|0 fnt\n|faint|p2a: Basculegion\n|move|p1a: Fezandipiti|Roost|p1a: Fezandipiti\n|-heal|p1a: Fezandipiti|52\/100\n|-singleturn|p1a: Fezandipiti|move: Roost\n|move|p2b: Cresselia|Trick Room|p2b: Cresselia\n|-fieldstart|move: Trick Room|[of] p2b: Cresselia\n|\n|-heal|p1a: Fezandipiti|58\/100|[from] item: Leftovers\n|-damage|p2b: Cresselia|28\/100 psn|[from] psn\n|upkeep\n|\n|t:|1700057272\n|switch|p2a: Iron Hands|Iron Hands|100\/100\n|-damage|p2a: Iron Hands|94\/100|[from] Stealth Rock\n|-enditem|p2a: Iron Hands|Booster Energy\n|-activate|p2a: Iron Hands|ability: Quark Drive|[fromitem]\n|-start|p2a: Iron Hands|quarkdriveatk\n|turn|12\n|\n|t:|1700057292\n|-end|p2a: Iron Hands|Quark Drive|[silent]\n|switch|p2a: Farigiraf|Farigiraf, M|94\/100\n|-damage|p2a: Farigiraf|82\/100|[from] Stealth Rock\n|move|p2b: Cresselia|Lunar Blessing|p2b: Cresselia|[spread] p2a,p2b\n|-heal|p2a: Farigiraf|100\/100\n|-heal|p2b: Cresselia|53\/100 psn\n|-curestatus|p2b: Cresselia|psn|[msg]\n|move|p1a: Fezandipiti|Dazzling Gleam|p2b: Cresselia|[spread] p2a,p2b\n|-damage|p2a: Farigiraf|85\/100\n|-damage|p2b: Cresselia|41\/100\n|-status|p2a: Farigiraf|tox|[from] ability: Toxic Chain|[of] p1a: Fezandipiti\n|move|p1b: Flutter Mane|Hex|p2b: Cresselia\n|-supereffective|p2b: Cresselia\n|-damage|p2b: Cresselia|5\/100\n|\n|-heal|p2a: Farigiraf|91\/100 tox|[from] item: Leftovers\n|-heal|p1a: Fezandipiti|64\/100|[from] item: Leftovers\n|-damage|p2a: Farigiraf|85\/100 tox|[from] psn\n|upkeep\n|turn|13\n|\n|t:|1700057321\n|-terastallize|p1a: Fezandipiti|Steel\n|move|p2a: Farigiraf|Twin Beam|p1a: Fezandipiti\n|-resisted|p1a: Fezandipiti\n|-damage|p1a: Fezandipiti|60\/100\n|-resisted|p1a: Fezandipiti\n|-damage|p1a: Fezandipiti|56\/100\n|-hitcount|p1a: Fezandipiti|2\n|move|p2b: Cresselia|Lunar Blessing|p2b: Cresselia|[spread] p2a,p2b\n|-heal|p2a: Farigiraf|100\/100 tox\n|-curestatus|p2a: Farigiraf|tox|[msg]\n|-heal|p2b: Cresselia|30\/100\n|move|p1a: Fezandipiti|Dazzling Gleam|p2b: Cresselia|[spread] p2a,p2b\n|-damage|p2a: Farigiraf|84\/100\n|-damage|p2b: Cresselia|19\/100\n|-status|p2b: Cresselia|tox|[from] ability: Toxic Chain|[of] p1a: Fezandipiti\n|move|p1b: Flutter Mane|Moonblast|p2a: Farigiraf\n|-damage|p2a: Farigiraf|47\/100\n|\n|-heal|p2a: Farigiraf|53\/100|[from] item: Leftovers\n|-heal|p1a: Fezandipiti|62\/100|[from] item: Leftovers\n|-damage|p2b: Cresselia|13\/100 tox|[from] psn\n|upkeep\n|turn|14\n|\n|t:|1700057350\n|switch|p2b: Iron Hands|Iron Hands|94\/100\n|-damage|p2b: Iron Hands|88\/100|[from] Stealth Rock\n|move|p2a: Farigiraf|Twin Beam|p1b: Flutter Mane\n|-damage|p1b: Flutter Mane|77\/100\n|-damage|p1b: Flutter Mane|62\/100\n|-hitcount|p1b: Flutter Mane|2\n|move|p1a: Fezandipiti|Calm Mind|p1a: Fezandipiti\n|-boost|p1a: Fezandipiti|spa|1\n|-boost|p1a: Fezandipiti|spd|1\n|move|p1b: Flutter Mane|Hex|p2b: Iron Hands\n|-damage|p2b: Iron Hands|52\/100\n|\n|-heal|p2a: Farigiraf|59\/100|[from] item: Leftovers\n|-heal|p1a: Fezandipiti|68\/100|[from] item: Leftovers\n|upkeep\n|turn|15\n|\n|t:|1700057368\n|move|p2a: Farigiraf|Helping Hand|p2b: Iron Hands\n|-singleturn|p2b: Iron Hands|Helping Hand|[of] p2a: Farigiraf\n|move|p1b: Flutter Mane|Protect|p1b: Flutter Mane\n|-singleturn|p1b: Flutter Mane|Protect\n|move|p2b: Iron Hands|Drain Punch|p1a: Fezandipiti\n|-supereffective|p1a: Fezandipiti\n|-damage|p1a: Fezandipiti|0 fnt\n|-heal|p2b: Iron Hands|78\/100|[from] drain|[of] p1a: Fezandipiti\n|faint|p1a: Fezandipiti\n|\n|-heal|p2a: Farigiraf|65\/100|[from] item: Leftovers\n|-fieldend|move: Trick Room\n|upkeep\n|\n|t:|1700057376\n|switch|p1a: Glimmora|Glimmora, M|100\/100\n|turn|16\n|\n|t:|1700057392\n|-end|p2b: Iron Hands|Quark Drive|[silent]\n|switch|p2b: Cresselia|Cresselia, F|13\/100 tox\n|-damage|p2b: Cresselia|1\/100 tox|[from] Stealth Rock\n|move|p1b: Flutter Mane|Moonblast|p2b: Cresselia\n|-damage|p2b: Cresselia|0 fnt\n|faint|p2b: Cresselia\n|move|p1a: Glimmora|Reflect|p1a: Glimmora\n|-sidestart|p1: JakeJakeJake|Reflect\n|move|p2a: Farigiraf|Trick Room|p2a: Farigiraf\n|-fieldstart|move: Trick Room|[of] p2a: Farigiraf\n|\n|-heal|p2a: Farigiraf|71\/100|[from] item: Leftovers\n|upkeep\n|\n|t:|1700057402\n|switch|p2b: Iron Hands|Iron Hands|78\/100\n|-damage|p2b: Iron Hands|72\/100|[from] Stealth Rock\n|turn|17\n|\n|t:|1700057414\n|move|p2b: Iron Hands|Thunder Punch|p1b: Flutter Mane\n|-damage|p1b: Flutter Mane|0 fnt\n|faint|p1b: Flutter Mane\n|-end|p1b: Flutter Mane|Protosynthesis|[silent]\n|move|p2a: Farigiraf|Twin Beam|p1a: Glimmora\n|-supereffective|p1a: Glimmora\n|-damage|p1a: Glimmora|72\/100\n|-supereffective|p1a: Glimmora\n|-damage|p1a: Glimmora|43\/100\n|-hitcount|p1a: Glimmora|2\n|move|p1a: Glimmora|Mortal Spin|p2a: Farigiraf|[spread] p2a,p2b\n|-damage|p2a: Farigiraf|66\/100\n|-damage|p2b: Iron Hands|69\/100\n|-status|p2a: Farigiraf|psn\n|-status|p2b: Iron Hands|psn\n|\n|-heal|p2a: Farigiraf|72\/100 psn|[from] item: Leftovers\n|-damage|p2b: Iron Hands|56\/100 psn|[from] psn\n|-damage|p2a: Farigiraf|60\/100 psn|[from] psn\n|upkeep\n|turn|18\n|-message|JakeJakeJake forfeited.\n|\n|win|Messy fighter\n|raw|JakeJakeJake's rating: 1391 &rarr; <strong>1378<\/strong><br \/>(-13 for losing)\n|raw|Messy fighter's rating: 1522 &rarr; <strong>1535<\/strong><br \/>(+13 for winning)\n|l|\u2606JakeJakeJake\n|c|\u2606Messy fighter|Gg\n","uploadtime":1700057439,"views":13,"p1id":"jakejakejake","p2id":"messyfighter","formatid":"gen9doublesou","rating":1378,"private":0,"password":""}