{"id":"gen9doublesou-1986625356","p1":"Undala","p2":"UY QUE RICO PAPI","format":"[Gen 9] Doubles OU","log":"|j|\u2606Undala\n|j|\u2606UY QUE RICO PAPI\n|t:|1699499348\n|gametype|doubles\n|player|p1|Undala|170|1309\n|player|p2|UY QUE RICO PAPI|2|1325\n|teamsize|p1|6\n|teamsize|p2|6\n|gen|9\n|tier|[Gen 9] Doubles OU\n|rated|\n|rule|Species Clause: Limit one of each Pok\u00e9mon\n|rule|OHKO Clause: OHKO moves are banned\n|rule|Evasion Moves Clause: Evasion moves are banned\n|rule|Gravity Sleep Clause: The combination of sleep-inducing moves with imperfect accuracy and Gravity or Gigantamax Orbeetle are banned\n|rule|Endless Battle Clause: Forcing endless battles is banned\n|rule|HP Percentage Mod: HP is shown in percentages\n|clearpoke\n|poke|p1|Flutter Mane|\n|poke|p1|Torkoal, M|\n|poke|p1|Toxapex, M|\n|poke|p1|Regidrago|\n|poke|p1|Talonflame, F|\n|poke|p1|Indeedee-F, F|\n|poke|p2|Bronzong|\n|poke|p2|Weavile, F|\n|poke|p2|Hatterene, F|\n|poke|p2|Ursaluna, M|\n|poke|p2|Trevenant, F|\n|poke|p2|Orthworm, M|\n|teampreview\n|inactive|Battle timer is ON: inactive players will automatically lose when time's up. (requested by Undala)\n|\n|t:|1699499361\n|start\n|switch|p1a: Talonflame|Talonflame, F|100\/100\n|switch|p1b: Toxapex|Toxapex, M|100\/100\n|switch|p2a: Hatterene|Hatterene, F|100\/100\n|switch|p2b: Weavile|Weavile, F|100\/100\n|turn|1\n|\n|t:|1699499373\n|move|p2b: Weavile|Fake Out|p1b: Toxapex\n|-damage|p1b: Toxapex|89\/100\n|move|p1a: Talonflame|Flare Blitz|p2b: Weavile\n|-supereffective|p2b: Weavile\n|-crit|p2b: Weavile\n|-enditem|p2b: Weavile|Focus Sash\n|-damage|p2b: Weavile|1\/100\n|-damage|p1a: Talonflame|69\/100|[from] Recoil\n|-enditem|p1a: Talonflame|Focus Sash|[silent]|[from] ability: Pickpocket|[of] p1a: Talonflame\n|-item|p2b: Weavile|Focus Sash|[from] ability: Pickpocket|[of] p1a: Talonflame\n|cant|p1b: Toxapex|flinch\n|move|p2a: Hatterene|Trick Room|p2a: Hatterene\n|-fieldstart|move: Trick Room|[of] p2a: Hatterene\n|\n|-heal|p1b: Toxapex|96\/100|[from] item: Black Sludge\n|upkeep\n|turn|2\n|inactive|UY QUE RICO PAPI has 120 seconds left.\n|\n|t:|1699499417\n|move|p2b: Weavile|Ice Shard|p1a: Talonflame\n|-damage|p1a: Talonflame|42\/100\n|move|p2a: Hatterene|Dark Pulse|p1a: Talonflame\n|-damage|p1a: Talonflame|0 fnt\n|faint|p1a: Talonflame\n|move|p1b: Toxapex|Toxic Spikes|p2a: Hatterene\n|move|p2a: Hatterene|Toxic Spikes|p1b: Toxapex|[from]ability: Magic Bounce\n|-sidestart|p1: Undala|move: Toxic Spikes\n|\n|-heal|p1b: Toxapex|100\/100|[from] item: Black Sludge\n|upkeep\n|inactive|Undala has 120 seconds left.\n|\n|t:|1699499434\n|switch|p1a: Indeedee|Indeedee-F, F|100\/100\n|-status|p1a: Indeedee|psn\n|turn|3\n|\n|t:|1699499451\n|move|p2b: Weavile|Helping Hand|p2a: Hatterene\n|-singleturn|p2a: Hatterene|Helping Hand|[of] p2b: Weavile\n|move|p2a: Hatterene|Dark Pulse|p1a: Indeedee\n|-supereffective|p1a: Indeedee\n|-damage|p1a: Indeedee|9\/100 psn\n|move|p1b: Toxapex|Ice Spinner|p2b: Weavile\n|-resisted|p2b: Weavile\n|-damage|p2b: Weavile|0 fnt\n|faint|p2b: Weavile\n|move|p1a: Indeedee|Shadow Ball|p2a: Hatterene\n|-supereffective|p2a: Hatterene\n|-damage|p2a: Hatterene|60\/100\n|\n|-heal|p1a: Indeedee|15\/100 psn|[from] item: Leftovers\n|-damage|p1a: Indeedee|3\/100 psn|[from] psn\n|upkeep\n|\n|t:|1699499466\n|switch|p2b: Ursaluna|Ursaluna, M|100\/100\n|turn|4\n|\n|t:|1699499476\n|switch|p2a: Orthworm|Orthworm, M|100\/100\n|-terastallize|p2b: Ursaluna|Ground\n|move|p2b: Ursaluna|Earthquake|p1b: Toxapex|[spread] p1a,p1b\n|-immune|p2a: Orthworm|[from] ability: Earth Eater\n|-supereffective|p1b: Toxapex\n|-damage|p1a: Indeedee|0 fnt\n|-damage|p1b: Toxapex|10\/100\n|faint|p1a: Indeedee\n|move|p1b: Toxapex|Poison Jab|p2a: Orthworm\n|-immune|p2a: Orthworm\n|\n|-heal|p1b: Toxapex|16\/100|[from] item: Black Sludge\n|-status|p2b: Ursaluna|brn|[from] item: Flame Orb\n|upkeep\n|\n|t:|1699499490\n|switch|p1a: Master Oogway|Torkoal, M|100\/100\n|-status|p1a: Master Oogway|psn\n|-weather|SunnyDay|[from] ability: Drought|[of] p1a: Master Oogway\n|turn|5\n|inactive|UY QUE RICO PAPI has 120 seconds left.\n|\n|t:|1699499527\n|-terastallize|p1a: Master Oogway|Ground\n|move|p2b: Ursaluna|Protect|p2b: Ursaluna\n|-singleturn|p2b: Ursaluna|Protect\n|move|p1a: Master Oogway|Flamethrower|p2a: Orthworm\n|-supereffective|p2a: Orthworm\n|-damage|p2a: Orthworm|0 fnt\n|faint|p2a: Orthworm\n|move|p1b: Toxapex|Toxic Spikes|p2b: Ursaluna\n|-sidestart|p2: UY QUE RICO PAPI|move: Toxic Spikes\n|\n|-weather|SunnyDay|[upkeep]\n|-heal|p1b: Toxapex|22\/100|[from] item: Black Sludge\n|-damage|p1a: Master Oogway|88\/100 psn|[from] psn\n|-damage|p2b: Ursaluna|94\/100 brn|[from] brn\n|-fieldend|move: Trick Room\n|upkeep\n|\n|t:|1699499541\n|switch|p2a: Bronzong|Bronzong|100\/100\n|turn|6\n|inactive|UY QUE RICO PAPI has 120 seconds left.\n|\n|t:|1699499581\n|move|p1b: Toxapex|Recover|p1b: Toxapex\n|-heal|p1b: Toxapex|72\/100\n|move|p2b: Ursaluna|Earthquake|p1b: Toxapex|[spread] p1a,p1b\n|-immune|p2a: Bronzong|[from] ability: Levitate\n|-supereffective|p1b: Toxapex\n|-damage|p1a: Master Oogway|18\/100 psn\n|-damage|p1b: Toxapex|0 fnt\n|faint|p1b: Toxapex\n|move|p1a: Master Oogway|Flamethrower|p2a: Bronzong\n|-supereffective|p2a: Bronzong\n|-damage|p2a: Bronzong|3\/100\n|move|p2a: Bronzong|Trick Room|p2a: Bronzong\n|-fieldstart|move: Trick Room|[of] p2a: Bronzong\n|\n|-weather|SunnyDay|[upkeep]\n|-damage|p1a: Master Oogway|6\/100 psn|[from] psn\n|-damage|p2b: Ursaluna|88\/100 brn|[from] brn\n|upkeep\n|\n|t:|1699499597\n|switch|p1b: Regidrago|Regidrago|100\/100\n|-status|p1b: Regidrago|psn\n|turn|7\n|\n|t:|1699499606\n|move|p2b: Ursaluna|Protect|p2b: Ursaluna\n|-singleturn|p2b: Ursaluna|Protect\n|move|p1b: Regidrago|Protect|p1b: Regidrago\n|-singleturn|p1b: Regidrago|Protect\n|move|p2a: Bronzong|Steel Beam|p1b: Regidrago\n|-activate|p1b: Regidrago|move: Protect\n|-damage|p2a: Bronzong|0 fnt|[from] steelbeam\n|faint|p2a: Bronzong\n|move|p1a: Master Oogway|Flamethrower|p2b: Ursaluna\n|-activate|p2b: Ursaluna|move: Protect\n|\n|-weather|SunnyDay|[upkeep]\n|-damage|p1a: Master Oogway|0 fnt|[from] psn\n|faint|p1a: Master Oogway\n|-damage|p1b: Regidrago|88\/100 psn|[from] psn\n|-damage|p2b: Ursaluna|82\/100 brn|[from] brn\n|upkeep\n|\n|t:|1699499635\n|switch|p2a: Trevenant|Trevenant, F|100\/100\n|switch|p1a: Flutter Mane|Flutter Mane|100\/100\n|-status|p2a: Trevenant|psn\n|-status|p1a: Flutter Mane|psn\n|-activate|p1a: Flutter Mane|ability: Protosynthesis\n|-start|p1a: Flutter Mane|protosynthesisspa\n|turn|8\n|\n|t:|1699499661\n|move|p2a: Trevenant|Ally Switch|p2a: Trevenant\n|swap|p2a: Trevenant|1|[from] move: Ally Switch\n|move|p2a: Ursaluna|Earthquake|p1b: Regidrago|[spread] p2b,p1a,p1b\n|-resisted|p2b: Trevenant\n|-damage|p2b: Trevenant|53\/100 psn\n|-damage|p1a: Flutter Mane|0 fnt\n|-damage|p1b: Regidrago|6\/100 psn\n|faint|p1a: Flutter Mane\n|-end|p1a: Flutter Mane|Protosynthesis|[silent]\n|move|p1b: Regidrago|Draco Meteor|p2a: Ursaluna\n|-damage|p2a: Ursaluna|7\/100 brn\n|-unboost|p1b: Regidrago|spa|2\n|\n|-weather|SunnyDay|[upkeep]\n|-damage|p2b: Trevenant|41\/100 psn|[from] psn\n|-damage|p1b: Regidrago|0 fnt|[from] psn\n|faint|p1b: Regidrago\n|\n|win|UY QUE RICO PAPI\n|upkeep\n|raw|Undala's rating: 1309 &rarr; <strong>1290<\/strong><br \/>(-19 for losing)\n|raw|UY QUE RICO PAPI's rating: 1325 &rarr; <strong>1344<\/strong><br \/>(+19 for winning)\n|l|\u2606Undala\n","uploadtime":1699499677,"views":9,"p1id":"undala","p2id":"uyquericopapi","formatid":"gen9doublesou","rating":1290,"private":0,"password":""}