{"id":"gen9doublesou-1978095905","p1":"Flufferide","p2":"GDMaster1045","format":"[Gen 9] Doubles OU","log":"|j|\u2606Flufferide\n|j|\u2606GDMaster1045\n|t:|1698498695\n|gametype|doubles\n|player|p1|Flufferide|waitress|1240\n|player|p2|GDMaster1045|lance|1114\n|teamsize|p1|6\n|teamsize|p2|6\n|gen|9\n|tier|[Gen 9] Doubles OU\n|rated|\n|rule|Species Clause: Limit one of each Pok\u00e9mon\n|rule|OHKO Clause: OHKO moves are banned\n|rule|Evasion Moves Clause: Evasion moves are banned\n|rule|Gravity Sleep Clause: The combination of sleep-inducing moves with imperfect accuracy and Gravity or Gigantamax Orbeetle are banned\n|rule|Endless Battle Clause: Forcing endless battles is banned\n|rule|HP Percentage Mod: HP is shown in percentages\n|clearpoke\n|poke|p1|Leafeon, M|\n|poke|p1|Torkoal, F|\n|poke|p1|Chi-Yu|\n|poke|p1|Ogerpon-Hearthflame, F|\n|poke|p1|Flutter Mane|\n|poke|p1|Ursaluna-Bloodmoon, M|\n|poke|p2|Iron Hands|\n|poke|p2|Torkoal, M|\n|poke|p2|Walking Wake|\n|poke|p2|Sinistcha|\n|poke|p2|Kingambit, M|\n|poke|p2|Sylveon, M|\n|teampreview\n|inactive|Battle timer is ON: inactive players will automatically lose when time's up. (requested by GDMaster1045)\n|inactive|Flufferide also wants the timer to be on.\n|\n|t:|1698498705\n|start\n|switch|p1a: Chi-Yu|Chi-Yu|100\/100\n|switch|p1b: Flutter Mane|Flutter Mane|100\/100\n|switch|p2a: Torkoal|Torkoal, M|100\/100\n|switch|p2b: Iron Hands|Iron Hands|100\/100\n|-ability|p1a: Chi-Yu|Beads of Ruin\n|-weather|SunnyDay|[from] ability: Drought|[of] p2a: Torkoal\n|-activate|p1b: Flutter Mane|ability: Protosynthesis\n|-start|p1b: Flutter Mane|protosynthesisspe\n|-enditem|p2b: Iron Hands|Booster Energy\n|-activate|p2b: Iron Hands|ability: Quark Drive|[fromitem]\n|-start|p2b: Iron Hands|quarkdriveatk\n|turn|1\n|\n|t:|1698498727\n|move|p2b: Iron Hands|Fake Out|p1a: Chi-Yu\n|-crit|p1a: Chi-Yu\n|-damage|p1a: Chi-Yu|45\/100\n|move|p1b: Flutter Mane|Shadow Ball|p2a: Torkoal\n|-damage|p2a: Torkoal|0 fnt\n|faint|p2a: Torkoal\n|cant|p1a: Chi-Yu|flinch\n|\n|-weather|SunnyDay|[upkeep]\n|upkeep\n|\n|t:|1698498737\n|switch|p2a: Sylveon|Sylveon, M|100\/100\n|turn|2\n|\n|t:|1698498747\n|move|p2b: Iron Hands|Detect|p2b: Iron Hands\n|-singleturn|p2b: Iron Hands|Protect\n|move|p1b: Flutter Mane|Shadow Ball|p2a: Sylveon\n|-crit|p2a: Sylveon\n|-damage|p2a: Sylveon|15\/100\n|move|p1a: Chi-Yu|Heat Wave|p2a: Sylveon|[spread] p2a\n|-activate|p2b: Iron Hands|move: Protect\n|-damage|p2a: Sylveon|0 fnt\n|faint|p2a: Sylveon\n|\n|-weather|SunnyDay|[upkeep]\n|upkeep\n|\n|t:|1698498760\n|switch|p2a: Walking Wake|Walking Wake|100\/100\n|-activate|p2a: Walking Wake|ability: Protosynthesis\n|-start|p2a: Walking Wake|protosynthesisspa\n|turn|3\n|\n|t:|1698498768\n|move|p1b: Flutter Mane|Shadow Ball|p2a: Walking Wake\n|-damage|p2a: Walking Wake|0 fnt\n|faint|p2a: Walking Wake\n|-end|p2a: Walking Wake|Protosynthesis|[silent]\n|move|p1a: Chi-Yu|Heat Wave|p2b: Iron Hands\n|-damage|p2b: Iron Hands|0 fnt\n|faint|p2b: Iron Hands\n|-end|p2b: Iron Hands|Quark Drive|[silent]\n|\n|-weather|SunnyDay|[upkeep]\n|upkeep\n|inactive|GDMaster1045 has 120 seconds left.\n|\n|t:|1698498827\n|switch|p2a: Kingambit|Kingambit, M|100\/100\n|switch|p2b: Sinistcha|Sinistcha|100\/100\n|turn|4\n|\n|t:|1698498836\n|-end|p1b: Flutter Mane|Protosynthesis|[silent]\n|switch|p1b: Ursaluna|Ursaluna-Bloodmoon, M|100\/100\n|move|p1a: Chi-Yu|Heat Wave|p2a: Kingambit|[spread] p2b\n|-miss|p1a: Chi-Yu|p2a: Kingambit\n|-supereffective|p2b: Sinistcha\n|-damage|p2b: Sinistcha|0 fnt\n|faint|p2b: Sinistcha\n|move|p2a: Kingambit|Swords Dance|p2a: Kingambit\n|-boost|p2a: Kingambit|atk|2\n|\n|-weather|SunnyDay|[upkeep]\n|upkeep\n|turn|5\n|\n|t:|1698498848\n|move|p1b: Ursaluna|Vacuum Wave|p2a: Kingambit\n|-supereffective|p2a: Kingambit\n|-damage|p2a: Kingambit|19\/100\n|move|p1a: Chi-Yu|Heat Wave|p2a: Kingambit\n|-supereffective|p2a: Kingambit\n|-damage|p2a: Kingambit|0 fnt\n|faint|p2a: Kingambit\n|\n|win|Flufferide\n|raw|Flufferide's rating: 1240 &rarr; <strong>1256<\/strong><br \/>(+16 for winning)\n|raw|GDMaster1045's rating: 1114 &rarr; <strong>1098<\/strong><br \/>(-16 for losing)\n|l|\u2606GDMaster1045\n|c|\u2606Flufferide|Gg\n","uploadtime":1698498863,"views":23,"p1id":"flufferide","p2id":"gdmaster1045","formatid":"gen9doublesou","rating":1098,"private":0,"password":""}