{"id":"gen9doublesou-1982207484","p1":"Jj caa","p2":"Powerman103","format":"[Gen 9] Doubles OU","log":"|j|\u2606Jj caa\n|j|\u2606Powerman103\n|t:|1698979271\n|gametype|doubles\n|player|p1|Jj caa|265|1382\n|player|p2|Powerman103|lucas|1424\n|teamsize|p1|6\n|teamsize|p2|6\n|gen|9\n|tier|[Gen 9] Doubles OU\n|rated|\n|rule|Species Clause: Limit one of each Pok\u00e9mon\n|rule|OHKO Clause: OHKO moves are banned\n|rule|Evasion Moves Clause: Evasion moves are banned\n|rule|Gravity Sleep Clause: The combination of sleep-inducing moves with imperfect accuracy and Gravity or Gigantamax Orbeetle are banned\n|rule|Endless Battle Clause: Forcing endless battles is banned\n|rule|HP Percentage Mod: HP is shown in percentages\n|clearpoke\n|poke|p1|Gyarados, F|\n|poke|p1|Cresselia, F|\n|poke|p1|Volcarona, F|\n|poke|p1|Iron Hands|\n|poke|p1|Flutter Mane|\n|poke|p1|Baxcalibur, M|\n|poke|p2|Ogerpon-Hearthflame, F|\n|poke|p2|Amoonguss, F|\n|poke|p2|Flutter Mane|\n|poke|p2|Iron Hands|\n|poke|p2|Landorus-Therian, M|\n|poke|p2|Chien-Pao|\n|teampreview\n|\n|t:|1698979298\n|start\n|switch|p1a: Cresselia|Cresselia, F|100\/100\n|switch|p1b: Gyarados|Gyarados, F, shiny|100\/100\n|switch|p2a: Landorus|Landorus-Therian, M|100\/100\n|switch|p2b: Iron Hands|Iron Hands|100\/100\n|-ability|p1b: Gyarados|Intimidate|boost\n|-unboost|p2a: Landorus|atk|1\n|-unboost|p2b: Iron Hands|atk|1\n|-ability|p2a: Landorus|Intimidate|boost\n|-unboost|p1a: Cresselia|atk|1\n|-unboost|p1b: Gyarados|atk|1\n|turn|1\n|\n|t:|1698979324\n|switch|p1b: Volcarona|Volcarona, F|100\/100\n|move|p2b: Iron Hands|Fake Out|p1b: Volcarona\n|-damage|p1b: Volcarona|84\/100\n|move|p2a: Landorus|Taunt|p1a: Cresselia\n|-start|p1a: Cresselia|move: Taunt\n|cant|p1a: Cresselia|move: Taunt|Lunar Blessing\n|\n|-heal|p1b: Volcarona|90\/100|[from] item: Leftovers\n|upkeep\n|turn|2\n|\n|t:|1698979345\n|-end|p2b: Iron Hands|Quark Drive|[silent]\n|switch|p2b: Ogerpon|Ogerpon-Hearthflame, F|100\/100\n|-ability|p2b: Ogerpon|Mold Breaker\n|move|p1b: Volcarona|Protect|p1b: Volcarona\n|-singleturn|p1b: Volcarona|Protect\n|move|p2a: Landorus|Taunt|p1b: Volcarona\n|-activate|p1b: Volcarona|move: Protect\n|move|p1a: Cresselia|Psychic|p2b: Ogerpon\n|-damage|p2b: Ogerpon|71\/100\n|\n|-heal|p1b: Volcarona|96\/100|[from] item: Leftovers\n|upkeep\n|turn|3\n|\n|t:|1698979378\n|move|p2b: Ogerpon|Spikes|p1a: Cresselia\n|-sidestart|p1: Jj caa|Spikes\n|move|p1b: Volcarona|Bug Buzz|p2b: Ogerpon\n|-damage|p2b: Ogerpon|11\/100\n|-unboost|p2b: Ogerpon|spd|1\n|move|p2a: Landorus|Stealth Rock|p1a: Cresselia\n|-sidestart|p1: Jj caa|move: Stealth Rock\n|move|p1a: Cresselia|Psychic|p2b: Ogerpon\n|-damage|p2b: Ogerpon|0 fnt\n|faint|p2b: Ogerpon\n|\n|-heal|p1b: Volcarona|100\/100|[from] item: Leftovers\n|-end|p1a: Cresselia|move: Taunt\n|upkeep\n|\n|t:|1698979395\n|switch|p2b: Chien-Pao|Chien-Pao|100\/100\n|-ability|p2b: Chien-Pao|Sword of Ruin\n|turn|4\n|\n|t:|1698979405\n|switch|p1a: Gyarados|Gyarados, F, shiny|100\/100\n|-damage|p1a: Gyarados|76\/100|[from] Stealth Rock\n|-ability|p1a: Gyarados|Intimidate|boost\n|-unboost|p2a: Landorus|atk|1\n|-unboost|p2b: Chien-Pao|atk|1\n|move|p2b: Chien-Pao|Sucker Punch||[still]\n|-fail|p2b: Chien-Pao\n|move|p1b: Volcarona|Quiver Dance|p1b: Volcarona\n|-boost|p1b: Volcarona|spa|1\n|-boost|p1b: Volcarona|spd|1\n|-boost|p1b: Volcarona|spe|1\n|move|p2a: Landorus|Stomping Tantrum|p1b: Volcarona\n|-damage|p1b: Volcarona|59\/100\n|-status|p2a: Landorus|brn|[from] ability: Flame Body|[of] p1b: Volcarona\n|\n|-heal|p1b: Volcarona|65\/100|[from] item: Leftovers\n|-damage|p2a: Landorus|94\/100 brn|[from] brn\n|upkeep\n|turn|5\n|\n|t:|1698979429\n|-terastallize|p1b: Volcarona|Water\n|move|p2b: Chien-Pao|Protect|p2b: Chien-Pao\n|-singleturn|p2b: Chien-Pao|Protect\n|move|p1b: Volcarona|Heat Wave|p2b: Chien-Pao|[spread] p2a\n|-activate|p2b: Chien-Pao|move: Protect\n|-damage|p2a: Landorus|29\/100 brn\n|-enditem|p2a: Landorus|Sitrus Berry|[eat]\n|-heal|p2a: Landorus|54\/100 brn|[from] item: Sitrus Berry\n|move|p1a: Gyarados|Waterfall|p2a: Landorus\n|-supereffective|p2a: Landorus\n|-damage|p2a: Landorus|0 fnt\n|faint|p2a: Landorus\n|\n|-heal|p1b: Volcarona|71\/100|[from] item: Leftovers\n|upkeep\n|\n|t:|1698979440\n|switch|p2a: Iron Hands|Iron Hands|100\/100\n|turn|6\n|\n|t:|1698979448\n|switch|p1a: Cresselia|Cresselia, F|100\/100\n|-damage|p1a: Cresselia|88\/100|[from] Stealth Rock\n|move|p1b: Volcarona|Protect|p1b: Volcarona\n|-singleturn|p1b: Volcarona|Protect\n|move|p2a: Iron Hands|Fake Out|p1a: Cresselia\n|-damage|p1a: Cresselia|73\/100\n|-damage|p2a: Iron Hands|84\/100|[from] item: Rocky Helmet|[of] p1a: Cresselia\n|move|p2b: Chien-Pao|Sacred Sword|p1b: Volcarona\n|-activate|p1b: Volcarona|move: Protect\n|\n|-heal|p1b: Volcarona|77\/100|[from] item: Leftovers\n|upkeep\n|turn|7\n|\n|t:|1698979472\n|move|p1a: Cresselia|Ally Switch|p1a: Cresselia\n|swap|p1a: Cresselia|1|[from] move: Ally Switch\n|move|p2b: Chien-Pao|Sucker Punch||[still]\n|-fail|p2b: Chien-Pao\n|move|p1a: Volcarona|Heat Wave|p2a: Iron Hands|[spread] p2a,p2b\n|-supereffective|p2b: Chien-Pao\n|-damage|p2a: Iron Hands|54\/100\n|-damage|p2b: Chien-Pao|0 fnt\n|faint|p2b: Chien-Pao\n|move|p2a: Iron Hands|Wild Charge|p1b: Cresselia\n|-damage|p1b: Cresselia|35\/100\n|-damage|p2a: Iron Hands|38\/100|[from] item: Rocky Helmet|[of] p1b: Cresselia\n|-damage|p2a: Iron Hands|28\/100|[from] Recoil\n|\n|-heal|p1a: Volcarona|83\/100|[from] item: Leftovers\n|upkeep\n|l|\u2606Powerman103\n|player|p2|\n|inactive|Battle timer is ON: inactive players will automatically lose when time's up. (requested by Jj caa)\n|inactive|Powerman103 has 30 seconds to reconnect!\n|inactive|Powerman103 has 20 seconds to reconnect!\n|inactive|Powerman103 has 15 seconds to reconnect!\n|inactive|Powerman103 has 10 seconds to reconnect!\n|inactive|Powerman103 has 5 seconds to reconnect!\n|-message|Powerman103 lost due to inactivity.\n|\n|win|Jj caa\n|raw|Jj caa's rating: 1382 &rarr; <strong>1404<\/strong><br \/>(+22 for winning)\n|raw|Powerman103's rating: 1424 &rarr; <strong>1402<\/strong><br \/>(-22 for losing)\n","uploadtime":1698979567,"views":31,"p1id":"jjcaa","p2id":"powerman103","formatid":"gen9doublesou","rating":1402,"private":0,"password":""}