{"id":"gen9doublesou-1978912334","p1":"liviifailure","p2":"SaltyPickles420","format":"[Gen 9] Doubles OU","log":"|j|\u2606liviifailure\n|j|\u2606SaltyPickles420\n|t:|1698609438\n|gametype|doubles\n|player|p1|liviifailure|265|\n|player|p2|SaltyPickles420|pokemonbreederf-gen4|\n|teamsize|p1|6\n|teamsize|p2|6\n|gen|9\n|tier|[Gen 9] Doubles OU\n|rule|Species Clause: Limit one of each Pok\u00e9mon\n|rule|OHKO Clause: OHKO moves are banned\n|rule|Evasion Moves Clause: Evasion moves are banned\n|rule|Gravity Sleep Clause: The combination of sleep-inducing moves with imperfect accuracy and Gravity or Gigantamax Orbeetle are banned\n|rule|Endless Battle Clause: Forcing endless battles is banned\n|rule|HP Percentage Mod: HP is shown in percentages\n|clearpoke\n|poke|p1|Electrode-Hisui|\n|poke|p1|Great Tusk|\n|poke|p1|Skeledirge, M|\n|poke|p1|Forretress, F|\n|poke|p1|Enamorus-Therian, F|\n|poke|p1|Weavile, F|\n|poke|p2|Hatterene, F|\n|poke|p2|Clefairy, F|\n|poke|p2|Sinistcha|\n|poke|p2|Iron Hands|\n|poke|p2|Snorlax, M|\n|poke|p2|Landorus-Therian, M|\n|teampreview\n|c|\u2606liviifailure|meoow\n|j| Szosaaan\n|c|\u2606SaltyPickles420|are you trying to use Explosion on me\n|c| Szosaaan|Amongsi\n|c|\u2606liviifailure|hi szo\n|c|\u2606liviifailure|yeah I am\n|c| Szosaaan|Meows\n|\n|t:|1698609497\n|start\n|switch|p1a: Great Tusk|Great Tusk|100\/100\n|switch|p1b: Enamorus|Enamorus-Therian, F|100\/100\n|switch|p2a: Jonathan|Landorus-Therian, M|100\/100\n|switch|p2b: Thomas|Iron Hands|100\/100\n|-ability|p2a: Jonathan|Intimidate|boost\n|-unboost|p1a: Great Tusk|atk|1\n|-enditem|p1a: Great Tusk|Eject Pack\n|-unboost|p1b: Enamorus|atk|1\n|c|\u2606liviifailure|meows back\n|c| Szosaaan|Meowie!\n|\n|t:|1698609511\n|-end|p1a: Great Tusk|Protosynthesis|[silent]\n|switch|p1a: Weavile|Weavile, F|100\/100\n|-ability|p1a: Weavile|Pressure\n|turn|1\n|c|\u2606liviifailure|yeah\n|\n|t:|1698609551\n|move|p2b: Thomas|Fake Out|p1a: Weavile\n|-damage|p1a: Weavile|76\/100\n|move|p2a: Jonathan|U-turn|p1b: Enamorus\n|-resisted|p1b: Enamorus\n|-damage|p1b: Enamorus|95\/100\n|c|\u2606liviifailure|okay fair enough\n|\n|t:|1698609561\n|switch|p2a: Lemmy|Sinistcha|100\/100|[from] U-turn\n|cant|p1a: Weavile|flinch\n|move|p1b: Enamorus|Calm Mind|p1b: Enamorus\n|-boost|p1b: Enamorus|spa|1\n|-boost|p1b: Enamorus|spd|1\n|\n|-heal|p1b: Enamorus|100\/100|[from] item: Leftovers\n|upkeep\n|turn|2\n|c|\u2606liviifailure|why would you swap that in ?\n|\n|t:|1698609578\n|-end|p2b: Thomas|Quark Drive|[silent]\n|switch|p2b: Lorelei|Hatterene, F|100\/100\n|move|p1a: Weavile|Ice Spinner|p2a: Lemmy\n|-supereffective|p2a: Lemmy\n|-damage|p2a: Lemmy|0 fnt\n|faint|p2a: Lemmy\n|move|p1b: Enamorus|Draining Kiss|p2b: Lorelei\n|-damage|p2b: Lorelei|63\/100\n|\n|-heal|p2b: Lorelei|69\/100|[from] item: Leftovers\n|upkeep\n|c|\u2606SaltyPickles420|I DONT KNOW WHAT I AM DOINGGGG\n|c|\u2606liviifailure|waaah!\n|c| Szosaaan|Phoebe we should fight after this\n|\n|t:|1698609591\n|switch|p2a: Lulu|Clefairy, F|100\/100\n|turn|3\n|c| Szosaaan|Plspslspl\n|c|\u2606liviifailure|hm\n|\n|t:|1698609623\n|move|p2a: Lulu|Follow Me|p2a: Lulu\n|-singleturn|p2a: Lulu|move: Follow Me\n|move|p1a: Weavile|Ice Spinner|p2a: Lulu\n|-damage|p2a: Lulu|48\/100\n|move|p1b: Enamorus|Calm Mind|p1b: Enamorus\n|-boost|p1b: Enamorus|spa|1\n|-boost|p1b: Enamorus|spd|1\n|move|p2b: Lorelei|Trick Room|p2b: Lorelei\n|-fieldstart|move: Trick Room|[of] p2b: Lorelei\n|\n|-heal|p2b: Lorelei|75\/100|[from] item: Leftovers\n|upkeep\n|turn|4\n|\n|t:|1698609657\n|move|p2a: Lulu|Helping Hand|p2b: Lorelei\n|-singleturn|p2b: Lorelei|Helping Hand|[of] p2a: Lulu\n|move|p2b: Lorelei|Dazzling Gleam|p1a: Weavile|[spread] p1a,p1b\n|-supereffective|p1a: Weavile\n|-damage|p1a: Weavile|0 fnt\n|-damage|p1b: Enamorus|81\/100\n|faint|p1a: Weavile\n|move|p1b: Enamorus|Calm Mind|p1b: Enamorus\n|-boost|p1b: Enamorus|spa|1\n|-boost|p1b: Enamorus|spd|1\n|\n|-heal|p2b: Lorelei|81\/100|[from] item: Leftovers\n|-heal|p1b: Enamorus|88\/100|[from] item: Leftovers\n|upkeep\n|\n|t:|1698609675\n|switch|p1a: Forretress|Forretress, F|100\/100\n|turn|5\n|\n|t:|1698609713\n|-terastallize|p2b: Lorelei|Fairy\n|move|p2a: Lulu|Helping Hand|p2b: Lorelei\n|-singleturn|p2b: Lorelei|Helping Hand|[of] p2a: Lulu\n|move|p2b: Lorelei|Dazzling Gleam|p1a: Forretress|[spread] p1a,p1b\n|-resisted|p1a: Forretress\n|-damage|p1a: Forretress|52\/100\n|-damage|p1b: Enamorus|69\/100\n|move|p1a: Forretress|Gyro Ball|p2b: Lorelei\n|-supereffective|p2b: Lorelei\n|-damage|p2b: Lorelei|71\/100\n|move|p1b: Enamorus|Earth Power|p2a: Lulu\n|-damage|p2a: Lulu|0 fnt\n|faint|p2a: Lulu\n|\n|-heal|p2b: Lorelei|77\/100|[from] item: Leftovers\n|-heal|p1a: Forretress|58\/100|[from] item: Leftovers\n|-heal|p1b: Enamorus|75\/100|[from] item: Leftovers\n|upkeep\n|c|\u2606liviifailure|that was\n|c|\u2606liviifailure|very weak\n|c|\u2606SaltyPickles420|:(\n|c|\u2606liviifailure|nuuh\n|\n|t:|1698609737\n|switch|p2a: Thomas|Iron Hands|100\/100\n|turn|6\n|c|\u2606liviifailure|mine\n|c|\u2606liviifailure|my forretress\n|c|\u2606SaltyPickles420|ooohh\n|\n|t:|1698609752\n|move|p2a: Thomas|Fake Out|p1b: Enamorus\n|-damage|p1b: Enamorus|62\/100\n|move|p2b: Lorelei|Calm Mind|p2b: Lorelei\n|-boost|p2b: Lorelei|spa|1\n|-boost|p2b: Lorelei|spd|1\n|move|p1a: Forretress|Gyro Ball|p2b: Lorelei\n|-supereffective|p2b: Lorelei\n|-damage|p2b: Lorelei|63\/100\n|cant|p1b: Enamorus|flinch\n|\n|-heal|p2b: Lorelei|69\/100|[from] item: Leftovers\n|-heal|p1a: Forretress|64\/100|[from] item: Leftovers\n|-heal|p1b: Enamorus|69\/100|[from] item: Leftovers\n|upkeep\n|turn|7\n|c|\u2606liviifailure|stop that\n|c|\u2606liviifailure|gr\n|\n|t:|1698609779\n|move|p2b: Lorelei|Calm Mind|p2b: Lorelei\n|-boost|p2b: Lorelei|spa|1\n|-boost|p2b: Lorelei|spd|1\n|move|p1a: Forretress|Gyro Ball|p2b: Lorelei\n|-supereffective|p2b: Lorelei\n|-damage|p2b: Lorelei|56\/100\n|move|p1b: Enamorus|Draining Kiss|p2a: Thomas\n|-supereffective|p2a: Thomas\n|-damage|p2a: Thomas|39\/100\n|-heal|p1b: Enamorus|100\/100|[from] drain|[of] p2a: Thomas\n|move|p2a: Thomas|Wild Charge|p1b: Enamorus\n|-supereffective|p1b: Enamorus\n|-damage|p1b: Enamorus|10\/100\n|-damage|p2a: Thomas|21\/100|[from] Recoil\n|\n|-heal|p2b: Lorelei|62\/100|[from] item: Leftovers\n|-heal|p1a: Forretress|70\/100|[from] item: Leftovers\n|-heal|p1b: Enamorus|16\/100|[from] item: Leftovers\n|-fieldend|move: Trick Room\n|upkeep\n|turn|8\n|c|\u2606liviifailure|we live those\n|c|\u2606SaltyPickles420|I should have run protect\n|\n|t:|1698609817\n|-end|p2a: Thomas|Quark Drive|[silent]\n|switch|p2a: Jonathan|Landorus-Therian, M|100\/100\n|-ability|p2a: Jonathan|Intimidate|boost\n|-unboost|p1a: Forretress|atk|1\n|-unboost|p1b: Enamorus|atk|1\n|move|p1b: Enamorus|Draining Kiss|p2a: Jonathan\n|-damage|p2a: Jonathan|19\/100\n|-heal|p1b: Enamorus|72\/100|[from] drain|[of] p2a: Jonathan\n|move|p1a: Forretress|Volt Switch|p2b: Lorelei\n|-damage|p2b: Lorelei|56\/100\n|\n|t:|1698609827\n|switch|p1a: Electrode|Electrode-Hisui|100\/100|[from] Volt Switch\n|move|p2b: Lorelei|Trick Room|p2b: Lorelei\n|-fieldstart|move: Trick Room|[of] p2b: Lorelei\n|\n|-heal|p2b: Lorelei|62\/100|[from] item: Leftovers\n|-heal|p1b: Enamorus|78\/100|[from] item: Leftovers\n|upkeep\n|turn|9\n|c|\u2606liviifailure|mean\n|\n|t:|1698609856\n|-terastallize|p1a: Electrode|Ice\n|move|p2b: Lorelei|Dazzling Gleam|p1b: Enamorus|[spread] p1a,p1b\n|-damage|p1a: Electrode|0 fnt\n|-damage|p1b: Enamorus|49\/100\n|faint|p1a: Electrode\n|move|p1b: Enamorus|Earth Power|p2b: Lorelei\n|-damage|p2b: Lorelei|26\/100\n|move|p2a: Jonathan|Rock Slide|p1b: Enamorus\n|-supereffective|p1b: Enamorus\n|-damage|p1b: Enamorus|0 fnt\n|faint|p1b: Enamorus\n|\n|-heal|p2b: Lorelei|32\/100|[from] item: Leftovers\n|upkeep\n|c|\u2606liviifailure|a\n|c|\u2606liviifailure|hm\n|\n|t:|1698609872\n|switch|p1b: Forretress|Forretress, F|70\/100\n|switch|p1a: Skeledirge|Skeledirge, M|100\/100\n|turn|10\n|\n|t:|1698609889\n|move|p2b: Lorelei|Calm Mind|p2b: Lorelei\n|-boost|p2b: Lorelei|spa|1\n|-boost|p2b: Lorelei|spd|1\n|move|p1b: Forretress|Gyro Ball|p2b: Lorelei\n|-supereffective|p2b: Lorelei\n|-damage|p2b: Lorelei|18\/100\n|move|p1a: Skeledirge|Torch Song|p2a: Jonathan\n|-damage|p2a: Jonathan|0 fnt\n|-boost|p1a: Skeledirge|spa|1\n|faint|p2a: Jonathan\n|\n|-heal|p2b: Lorelei|24\/100|[from] item: Leftovers\n|-heal|p1b: Forretress|76\/100|[from] item: Leftovers\n|upkeep\n|\n|t:|1698609903\n|switch|p2a: Thomas|Iron Hands|21\/100\n|turn|11\n|\n|t:|1698609913\n|move|p2a: Thomas|Fake Out|p1b: Forretress\n|-resisted|p1b: Forretress\n|-damage|p1b: Forretress|73\/100\n|move|p2b: Lorelei|Shadow Ball|p1a: Skeledirge\n|-supereffective|p1a: Skeledirge\n|-damage|p1a: Skeledirge|53\/100\n|cant|p1b: Forretress|flinch\n|move|p1a: Skeledirge|Torch Song|p2b: Lorelei\n|-damage|p2b: Lorelei|0 fnt\n|-boost|p1a: Skeledirge|spa|1\n|faint|p2b: Lorelei\n|\n|-heal|p1b: Forretress|79\/100|[from] item: Leftovers\n|upkeep\n|\n|t:|1698609926\n|switch|p2b: Big Man|Snorlax, M, shiny|100\/100\n|turn|12\n|c|\u2606liviifailure|big mannnn\n|\n|t:|1698609948\n|move|p2b: Big Man|Belly Drum|p2b: Big Man\n|-damage|p2b: Big Man|50\/100\n|-setboost|p2b: Big Man|atk|6|[from] move: Belly Drum\n|-enditem|p2b: Big Man|Sitrus Berry|[eat]\n|-heal|p2b: Big Man|75\/100|[from] item: Sitrus Berry\n|move|p1b: Forretress|Volt Switch|p2a: Thomas\n|-resisted|p2a: Thomas\n|-damage|p2a: Thomas|18\/100\n|\n|t:|1698609955\n|switch|p1b: Great Tusk|Great Tusk|100\/100|[from] Volt Switch\n|move|p2a: Thomas|Heavy Slam|p1a: Skeledirge\n|-resisted|p1a: Skeledirge\n|-damage|p1a: Skeledirge|47\/100\n|move|p1a: Skeledirge|Will-O-Wisp|p2b: Big Man\n|-status|p2b: Big Man|brn\n|\n|-damage|p2b: Big Man|69\/100 brn|[from] brn\n|-fieldend|move: Trick Room\n|upkeep\n|turn|13\n|c|\u2606liviifailure|:3\n|c|\u2606SaltyPickles420|oh no\n|c| Szosaaan|Meoowww\n|\n|t:|1698609978\n|move|p1b: Great Tusk|Headlong Rush|p2a: Thomas\n|-supereffective|p2a: Thomas\n|-damage|p2a: Thomas|0 fnt\n|-unboost|p1b: Great Tusk|def|1\n|-unboost|p1b: Great Tusk|spd|1\n|faint|p2a: Thomas\n|-end|p2a: Thomas|Quark Drive|[silent]\n|move|p1a: Skeledirge|Torch Song|p2b: Big Man\n|-damage|p2b: Big Man|51\/100 brn\n|-boost|p1a: Skeledirge|spa|1\n|move|p2b: Big Man|Facade|p1a: Skeledirge\n|-immune|p1a: Skeledirge\n|\n|-damage|p2b: Big Man|45\/100 brn|[from] brn\n|upkeep\n|turn|14\n|c|\u2606liviifailure|meoow\n|c|\u2606liviifailure|...\n|c|\u2606SaltyPickles420|NOOOOOOO\n|c|\u2606SaltyPickles420|I FORGOT\n|c|\u2606SaltyPickles420|I LITERALLY HAD HIGH HORSEPOWER\n|\n|t:|1698610014\n|move|p1b: Great Tusk|Close Combat|p2b: Big Man\n|-supereffective|p2b: Big Man\n|-damage|p2b: Big Man|0 fnt\n|-unboost|p1b: Great Tusk|def|1\n|-unboost|p1b: Great Tusk|spd|1\n|faint|p2b: Big Man\n|\n|win|liviifailure\n|c|\u2606liviifailure|dummyy\n|c|\u2606SaltyPickles420|explodes\n|l|\u2606SaltyPickles420\n|c|\u2606liviifailure|kisses explodey\n|l|\u2606liviifailure\n|j|\u2606liviifailure\n|player|p1|liviifailure|265\n|l| Szosaaan\n","uploadtime":1698610053,"views":23,"p1id":"liviifailure","p2id":"saltypickles420","formatid":"gen9doublesou","rating":0,"private":0,"password":""}