{"id":"gen9doublesou-1990797056","p1":"GrottyBean","p2":"vegetasfeet","format":"[Gen 9] Doubles OU","log":"|j|\u2606GrottyBean\n|j|\u2606vegetasfeet\n|t:|1700001784\n|gametype|doubles\n|player|p1|GrottyBean|pokemaniac|1290\n|player|p2|vegetasfeet|brycen|1239\n|teamsize|p1|6\n|teamsize|p2|6\n|gen|9\n|tier|[Gen 9] Doubles OU\n|rated|\n|rule|Species Clause: Limit one of each Pok\u00e9mon\n|rule|OHKO Clause: OHKO moves are banned\n|rule|Evasion Moves Clause: Evasion moves are banned\n|rule|Gravity Sleep Clause: The combination of sleep-inducing moves with imperfect accuracy and Gravity or Gigantamax Orbeetle are banned\n|rule|Endless Battle Clause: Forcing endless battles is banned\n|rule|HP Percentage Mod: HP is shown in percentages\n|clearpoke\n|poke|p1|Chi-Yu|\n|poke|p1|Iron Hands|\n|poke|p1|Landorus-Therian, M|\n|poke|p1|Sinistcha|\n|poke|p1|Rillaboom, F|\n|poke|p1|Grimmsnarl, M|\n|poke|p2|Amoonguss, F|\n|poke|p2|Glimmora, F|\n|poke|p2|Heatran, F|\n|poke|p2|Tyranitar, M|\n|poke|p2|Landorus, M|\n|poke|p2|Cresselia, F|\n|teampreview\n|\n|t:|1700001817\n|start\n|switch|p1a: Landorus|Landorus-Therian, M|100\/100\n|switch|p1b: Grimmsnarl|Grimmsnarl, M|100\/100\n|switch|p2a: Trippie Redd|Tyranitar, M|100\/100\n|switch|p2b: Ball Guy|Amoonguss, F|100\/100\n|-ability|p1a: Landorus|Intimidate|boost\n|-unboost|p2a: Trippie Redd|atk|1\n|-unboost|p2b: Ball Guy|atk|1\n|-weather|Sandstorm|[from] ability: Sand Stream|[of] p2a: Trippie Redd\n|turn|1\n|c|\u2606GrottyBean|THEY PUT TRIPPIE REDD IN POKEMON\n|\n|t:|1700001850\n|switch|p2a: ROOT BEER|Landorus, M|100\/100\n|move|p1b: Grimmsnarl|Reflect|p1b: Grimmsnarl\n|-sidestart|p1: GrottyBean|Reflect\n|move|p1a: Landorus|Stomping Tantrum|p2a: ROOT BEER\n|-immune|p2a: ROOT BEER\n|move|p2b: Ball Guy|Spore|p1a: Landorus\n|-status|p1a: Landorus|slp|[from] move: Spore\n|\n|-weather|Sandstorm|[upkeep]\n|-damage|p1b: Grimmsnarl|94\/100|[from] Sandstorm\n|-damage|p2b: Ball Guy|94\/100|[from] Sandstorm\n|upkeep\n|turn|2\n|c|\u2606vegetasfeet|ong\n|c|\u2606vegetasfeet|take a nap tho\n|c|\u2606GrottyBean|I'm slummped\n|\n|t:|1700001895\n|switch|p1a: Rillaboom|Rillaboom, F|100\/100\n|-fieldstart|move: Grassy Terrain|[from] ability: Grassy Surge|[of] p1a: Rillaboom\n|move|p2b: Ball Guy|Rage Powder|p2b: Ball Guy\n|-singleturn|p2b: Ball Guy|move: Rage Powder\n|move|p1b: Grimmsnarl|Parting Shot|p2b: Ball Guy\n|-unboost|p2b: Ball Guy|atk|1\n|-unboost|p2b: Ball Guy|spa|1\n|\n|t:|1700001903\n|switch|p1b: Iron Hands|Iron Hands|100\/100|[from] Parting Shot\n|move|p2a: ROOT BEER|Earth Power|p1b: Iron Hands\n|-supereffective|p1b: Iron Hands\n|-damage|p1b: Iron Hands|48\/100\n|\n|-weather|Sandstorm|[upkeep]\n|-damage|p1a: Rillaboom|94\/100|[from] Sandstorm\n|-damage|p1b: Iron Hands|42\/100|[from] Sandstorm\n|-damage|p2b: Ball Guy|88\/100|[from] Sandstorm\n|-heal|p1a: Rillaboom|100\/100|[from] Grassy Terrain\n|-heal|p1b: Iron Hands|48\/100|[from] Grassy Terrain\n|-heal|p2b: Ball Guy|94\/100|[from] Grassy Terrain\n|upkeep\n|turn|3\n|c|\u2606GrottyBean|Pain.\n|c|\u2606vegetasfeet|real\n|c|\u2606vegetasfeet|im contemplating would u click a fighting move on an amoonguss\n|c|\u2606GrottyBean|Who's to say?\n|c|\u2606vegetasfeet|this\n|\n|t:|1700001959\n|move|p2a: ROOT BEER|Protect|p2a: ROOT BEER\n|-singleturn|p2a: ROOT BEER|Protect\n|move|p1b: Iron Hands|Fake Out|p2b: Ball Guy\n|-damage|p2b: Ball Guy|81\/100\n|move|p1a: Rillaboom|Wood Hammer|p2a: ROOT BEER\n|-activate|p2a: ROOT BEER|move: Protect\n|cant|p2b: Ball Guy|flinch\n|\n|-weather|Sandstorm|[upkeep]\n|-damage|p1a: Rillaboom|94\/100|[from] Sandstorm\n|-damage|p1b: Iron Hands|42\/100|[from] Sandstorm\n|-damage|p2b: Ball Guy|75\/100|[from] Sandstorm\n|-heal|p1a: Rillaboom|100\/100|[from] Grassy Terrain\n|-heal|p1b: Iron Hands|48\/100|[from] Grassy Terrain\n|-heal|p2b: Ball Guy|81\/100|[from] Grassy Terrain\n|upkeep\n|turn|4\n|c|\u2606GrottyBean|I mean I would be down to beat the shit outta him\n|c|\u2606vegetasfeet|fuck\n|c|\u2606vegetasfeet|i forgot\n|c|\u2606GrottyBean|I mean\n|c|\u2606vegetasfeet|ngl im embarrassed i forgot about the dou staple move\n|\n|t:|1700001999\n|switch|p2a: Nicki Minaj|Cresselia, F|100\/100\n|-end|p1b: Iron Hands|Quark Drive|[silent]\n|switch|p1b: Landorus|Landorus-Therian, M|100\/100 slp\n|-ability|p1b: Landorus|Intimidate|boost\n|-unboost|p2a: Nicki Minaj|atk|1\n|-unboost|p2b: Ball Guy|atk|1\n|move|p1a: Rillaboom|Wood Hammer|p2a: Nicki Minaj\n|-damage|p2a: Nicki Minaj|23\/100\n|-damage|p1a: Rillaboom|67\/100|[from] Recoil\n|move|p2b: Ball Guy|Spore|p1b: Landorus\n|-fail|p1b: Landorus|slp\n|\n|-weather|Sandstorm|[upkeep]\n|-damage|p1a: Rillaboom|61\/100|[from] Sandstorm\n|-damage|p2b: Ball Guy|75\/100|[from] Sandstorm\n|-heal|p1a: Rillaboom|67\/100|[from] Grassy Terrain\n|-heal|p2b: Ball Guy|81\/100|[from] Grassy Terrain\n|upkeep\n|turn|5\n|c|\u2606vegetasfeet|read me\n|\n|t:|1700002023\n|switch|p2a: Gobba Goo|Heatran, F|100\/100\n|cant|p1b: Landorus|slp\n|move|p1a: Rillaboom|Wood Hammer|p2a: Gobba Goo\n|-resisted|p2a: Gobba Goo\n|-damage|p2a: Gobba Goo|73\/100\n|-damage|p1a: Rillaboom|58\/100|[from] Recoil\n|move|p2b: Ball Guy|Pollen Puff|p1a: Rillaboom\n|-supereffective|p1a: Rillaboom\n|-damage|p1a: Rillaboom|28\/100\n|\n|-weather|Sandstorm|[upkeep]\n|-damage|p1a: Rillaboom|22\/100|[from] Sandstorm\n|-damage|p2b: Ball Guy|75\/100|[from] Sandstorm\n|-heal|p1a: Rillaboom|28\/100|[from] Grassy Terrain\n|-heal|p2a: Gobba Goo|79\/100|[from] Grassy Terrain\n|-heal|p2b: Ball Guy|81\/100|[from] Grassy Terrain\n|upkeep\n|turn|6\n|c|\u2606GrottyBean|Now I'm double slummped\n|inactive|Battle timer is ON: inactive players will automatically lose when time's up. (requested by GrottyBean)\n|c|\u2606vegetasfeet|why in the world did wood hammer do that much\n|\n|t:|1700002057\n|switch|p1a: Grimmsnarl|Grimmsnarl, M|94\/100\n|move|p2b: Ball Guy|Rage Powder|p2b: Ball Guy\n|-singleturn|p2b: Ball Guy|move: Rage Powder\n|-curestatus|p1b: Landorus|slp|[msg]\n|move|p1b: Landorus|Stomping Tantrum|p2b: Ball Guy\n|-damage|p2b: Ball Guy|16\/100\n|-enditem|p2b: Ball Guy|Sitrus Berry|[eat]\n|-heal|p2b: Ball Guy|41\/100|[from] item: Sitrus Berry\n|move|p2a: Gobba Goo|Heat Wave|p1b: Landorus|[spread] p1b\n|-miss|p2a: Gobba Goo|p1a: Grimmsnarl\n|-damage|p1b: Landorus|45\/100\n|\n|-weather|Sandstorm|[upkeep]\n|-damage|p1a: Grimmsnarl|88\/100|[from] Sandstorm\n|-damage|p2b: Ball Guy|35\/100|[from] Sandstorm\n|-heal|p2a: Gobba Goo|85\/100|[from] Grassy Terrain\n|-heal|p1a: Grimmsnarl|94\/100|[from] Grassy Terrain\n|-heal|p2b: Ball Guy|41\/100|[from] Grassy Terrain\n|-fieldend|move: Grassy Terrain\n|upkeep\n|turn|7\n|\n|t:|1700002077\n|switch|p2a: Nicki Minaj|Cresselia, F|23\/100\n|switch|p2b: ROOT BEER|Landorus, M|100\/100\n|move|p1a: Grimmsnarl|Light Screen|p1a: Grimmsnarl\n|-sidestart|p1: GrottyBean|move: Light Screen\n|move|p1b: Landorus|Stomping Tantrum|p2a: Nicki Minaj\n|-immune|p2a: Nicki Minaj|[from] ability: Levitate\n|\n|-weather|Sandstorm|[upkeep]\n|-damage|p1a: Grimmsnarl|88\/100|[from] Sandstorm\n|upkeep\n|turn|8\n|c|\u2606GrottyBean|Allright..\n|c|\u2606GrottyBean|Double levitating lookin ass\n|inactive|vegetasfeet has 120 seconds left.\n|\n|t:|1700002110\n|switch|p1b: Rillaboom|Rillaboom, F|28\/100\n|-fieldstart|move: Grassy Terrain|[from] ability: Grassy Surge|[of] p1b: Rillaboom\n|switch|p2a: Trippie Redd|Tyranitar, M|100\/100\n|move|p2b: ROOT BEER|Crunch|p1b: Rillaboom\n|-damage|p1b: Rillaboom|8\/100\n|-unboost|p1b: Rillaboom|def|1\n|move|p1a: Grimmsnarl|Foul Play|p2a: Trippie Redd\n|-resisted|p2a: Trippie Redd\n|-damage|p2a: Trippie Redd|85\/100\n|\n|-weather|none\n|-heal|p1b: Rillaboom|14\/100|[from] Grassy Terrain\n|-heal|p1a: Grimmsnarl|94\/100|[from] Grassy Terrain\n|-heal|p2a: Trippie Redd|92\/100|[from] Grassy Terrain\n|-sideend|p1: GrottyBean|Reflect\n|upkeep\n|turn|9\n|c|\u2606vegetasfeet|what type of defense evs did u put on that monke\n|inactive|vegetasfeet has 120 seconds left.\n|\n|t:|1700002138\n|move|p2a: Trippie Redd|Protect|p2a: Trippie Redd\n|-singleturn|p2a: Trippie Redd|Protect\n|move|p1b: Rillaboom|Grassy Glide|p2a: Trippie Redd\n|-activate|p2a: Trippie Redd|move: Protect\n|move|p1a: Grimmsnarl|Parting Shot|p2b: ROOT BEER\n|-unboost|p2b: ROOT BEER|atk|1\n|-unboost|p2b: ROOT BEER|spa|1\n|c|\u2606GrottyBean|Reflect :)\n|c|\u2606vegetasfeet|oh yea nvm\n|\n|t:|1700002149\n|switch|p1a: Landorus|Landorus-Therian, M|45\/100|[from] Parting Shot\n|-ability|p1a: Landorus|Intimidate|boost\n|-unboost|p2a: Trippie Redd|atk|1\n|-unboost|p2b: ROOT BEER|atk|1\n|move|p2b: ROOT BEER|Rock Slide|p1a: Landorus|[spread] p1a,p1b\n|-damage|p1a: Landorus|33\/100\n|-damage|p1b: Rillaboom|0 fnt\n|faint|p1b: Rillaboom\n|\n|-heal|p2a: Trippie Redd|98\/100|[from] Grassy Terrain\n|upkeep\n|\n|t:|1700002158\n|switch|p1b: Grimmsnarl|Grimmsnarl, M|94\/100\n|turn|10\n|c|\u2606vegetasfeet|intimidate parting shot is insanity ngl\n|\n|t:|1700002181\n|switch|p2a: Nicki Minaj|Cresselia, F|23\/100\n|move|p1b: Grimmsnarl|Reflect|p1b: Grimmsnarl\n|-sidestart|p1: GrottyBean|Reflect\n|move|p1a: Landorus|Rock Slide|p2a: Nicki Minaj|[spread] p2a,p2b\n|-damage|p2a: Nicki Minaj|9\/100\n|-damage|p2b: ROOT BEER|76\/100\n|move|p2b: ROOT BEER|Crunch|p1a: Landorus\n|-damage|p1a: Landorus|22\/100\n|\n|-heal|p2b: ROOT BEER|82\/100|[from] item: Leftovers\n|-heal|p1b: Grimmsnarl|100\/100|[from] Grassy Terrain\n|upkeep\n|turn|11\n|c|\u2606GrottyBean|Yeah just a atad absurd\n|\n|t:|1700002201\n|switch|p2b: Trippie Redd|Tyranitar, M|98\/100\n|-weather|Sandstorm|[from] ability: Sand Stream|[of] p2b: Trippie Redd\n|switch|p2a: Ball Guy|Amoonguss, F|74\/100\n|move|p1b: Grimmsnarl|Parting Shot|p2b: Trippie Redd\n|-hint|Since gen 7, Dark is immune to Prankster moves.\n|-immune|p2b: Trippie Redd\n|move|p1a: Landorus|Rock Slide|p2a: Ball Guy|[spread] p2a,p2b\n|-damage|p2a: Ball Guy|55\/100\n|-damage|p2b: Trippie Redd|82\/100\n|\n|-weather|Sandstorm|[upkeep]\n|-damage|p1b: Grimmsnarl|94\/100|[from] Sandstorm\n|-damage|p2a: Ball Guy|49\/100|[from] Sandstorm\n|-heal|p1b: Grimmsnarl|100\/100|[from] Grassy Terrain\n|-heal|p2b: Trippie Redd|88\/100|[from] Grassy Terrain\n|-heal|p2a: Ball Guy|55\/100|[from] Grassy Terrain\n|upkeep\n|turn|12\n|inactive|vegetasfeet has 120 seconds left.\n|\n|t:|1700002234\n|switch|p1b: Sinistcha|Sinistcha|100\/100\n|-heal|p1a: Landorus|46\/100|[from] ability: Hospitality|[of] p1b: Sinistcha\n|switch|p2b: ROOT BEER|Landorus, M|82\/100\n|move|p1a: Landorus|Rock Slide|p2b: ROOT BEER|[spread] p2a,p2b\n|-damage|p2a: Ball Guy|37\/100\n|-damage|p2b: ROOT BEER|58\/100\n|move|p2a: Ball Guy|Spore|p1a: Landorus\n|-status|p1a: Landorus|slp|[from] move: Spore\n|\n|-weather|Sandstorm|[upkeep]\n|-damage|p1b: Sinistcha|94\/100|[from] Sandstorm\n|-damage|p2a: Ball Guy|31\/100|[from] Sandstorm\n|-heal|p2b: ROOT BEER|64\/100|[from] item: Leftovers\n|-heal|p1b: Sinistcha|100\/100|[from] Grassy Terrain\n|-heal|p2a: Ball Guy|37\/100|[from] Grassy Terrain\n|-fieldend|move: Grassy Terrain\n|upkeep\n|turn|13\n|c|\u2606GrottyBean|GODDAMN IT\n|c|\u2606GrottyBean|THIS MF IS SO TIRED\n|inactive|vegetasfeet has 120 seconds left.\n|inactive|GrottyBean has 120 seconds left.\n|\n|t:|1700002267\n|move|p2a: Ball Guy|Rage Powder|p2a: Ball Guy\n|-singleturn|p2a: Ball Guy|move: Rage Powder\n|cant|p1a: Landorus|slp\n|move|p2b: ROOT BEER|Crunch|p1a: Landorus\n|-damage|p1a: Landorus|25\/100 slp\n|move|p1b: Sinistcha|Matcha Gotcha|p2a: Ball Guy|[spread] p2a,p2b\n|-resisted|p2a: Ball Guy\n|-damage|p2a: Ball Guy|32\/100\n|-damage|p2b: ROOT BEER|30\/100\n|\n|-weather|Sandstorm|[upkeep]\n|-damage|p1b: Sinistcha|94\/100|[from] Sandstorm\n|-damage|p2a: Ball Guy|26\/100|[from] Sandstorm\n|-heal|p2b: ROOT BEER|36\/100|[from] item: Leftovers\n|-heal|p1b: Sinistcha|100\/100|[from] item: Leftovers\n|upkeep\n|turn|14\n|\n|t:|1700002283\n|switch|p2a: Gobba Goo|Heatran, F|85\/100\n|-curestatus|p1a: Landorus|slp|[msg]\n|move|p1a: Landorus|Rock Slide|p2a: Gobba Goo|[spread] p2a,p2b\n|-damage|p2a: Gobba Goo|65\/100\n|-damage|p2b: ROOT BEER|9\/100\n|move|p2b: ROOT BEER|Rock Slide|p1b: Sinistcha|[spread] p1a,p1b\n|-damage|p1a: Landorus|5\/100\n|-damage|p1b: Sinistcha|89\/100\n|cant|p1b: Sinistcha|flinch\n|\n|-weather|Sandstorm|[upkeep]\n|-damage|p1b: Sinistcha|83\/100|[from] Sandstorm\n|-heal|p2b: ROOT BEER|15\/100|[from] item: Leftovers\n|-heal|p1b: Sinistcha|89\/100|[from] item: Leftovers\n|-sideend|p1: GrottyBean|move: Light Screen\n|upkeep\n|turn|15\n|c|\u2606vegetasfeet|w flinch\n|c|\u2606vegetasfeet|we eat those\n|c|\u2606GrottyBean|:(\n|\n|t:|1700002308\n|-terastallize|p2a: Gobba Goo|Grass\n|move|p2b: ROOT BEER|Protect|p2b: ROOT BEER\n|-singleturn|p2b: ROOT BEER|Protect\n|move|p1b: Sinistcha|Protect|p1b: Sinistcha\n|-singleturn|p1b: Sinistcha|Protect\n|move|p1a: Landorus|Rock Slide|p2a: Gobba Goo|[spread] p2a\n|-activate|p2b: ROOT BEER|move: Protect\n|-damage|p2a: Gobba Goo|47\/100\n|cant|p2a: Gobba Goo|flinch\n|\n|-weather|Sandstorm|[upkeep]\n|-damage|p2a: Gobba Goo|41\/100|[from] Sandstorm\n|-damage|p1b: Sinistcha|83\/100|[from] Sandstorm\n|-heal|p2b: ROOT BEER|21\/100|[from] item: Leftovers\n|-heal|p1b: Sinistcha|89\/100|[from] item: Leftovers\n|upkeep\n|turn|16\n|c|\u2606GrottyBean|What goes around comes around again\n|c|\u2606vegetasfeet|js got a life lesson on showdown\n|inactive|vegetasfeet has 120 seconds left.\n|c|\u2606vegetasfeet|youd never expect it\n|c|\u2606GrottyBean|fr man\n|\n|t:|1700002349\n|switch|p1b: Grimmsnarl|Grimmsnarl, M|100\/100\n|move|p1a: Landorus|Rock Slide|p2a: Gobba Goo|[spread] p2a,p2b\n|-damage|p2a: Gobba Goo|23\/100\n|-damage|p2b: ROOT BEER|0 fnt\n|faint|p2b: ROOT BEER\n|cant|p2a: Gobba Goo|flinch\n|\n|-weather|Sandstorm|[upkeep]\n|-damage|p2a: Gobba Goo|17\/100|[from] Sandstorm\n|-damage|p1b: Grimmsnarl|94\/100|[from] Sandstorm\n|upkeep\n|c|\u2606GrottyBean|Moral of the story type shit\n|c|\u2606vegetasfeet|BRO\n|c|\u2606GrottyBean|Yikesss\n|c|\u2606GrottyBean|Another lesson\n|c|\u2606GrottyBean|Life is unfair\n|\n|t:|1700002372\n|switch|p2b: Oran Berry|Glimmora, F|100\/100\n|turn|17\n|\n|t:|1700002390\n|switch|p1a: Iron Hands|Iron Hands|48\/100\n|switch|p2b: Nicki Minaj|Cresselia, F|9\/100\n|switch|p2a: Ball Guy|Amoonguss, F|60\/100\n|move|p1b: Grimmsnarl|Light Screen|p1b: Grimmsnarl\n|-sidestart|p1: GrottyBean|move: Light Screen\n|\n|-weather|Sandstorm|[upkeep]\n|-damage|p1b: Grimmsnarl|88\/100|[from] Sandstorm\n|-damage|p1a: Iron Hands|42\/100|[from] Sandstorm\n|-damage|p2a: Ball Guy|54\/100|[from] Sandstorm\n|-sideend|p1: GrottyBean|Reflect\n|upkeep\n|turn|18\n|inactive|vegetasfeet has 120 seconds left.\n|\n|t:|1700002415\n|switch|p1b: Sinistcha|Sinistcha|89\/100\n|-heal|p1a: Iron Hands|66\/100|[from] ability: Hospitality|[of] p1b: Sinistcha\n|move|p1a: Iron Hands|Fake Out|p2b: Nicki Minaj\n|-damage|p2b: Nicki Minaj|0 fnt\n|faint|p2b: Nicki Minaj\n|move|p2a: Ball Guy|Rage Powder|p2a: Ball Guy\n|-singleturn|p2a: Ball Guy|move: Rage Powder\n|\n|-weather|none\n|-heal|p1b: Sinistcha|95\/100|[from] item: Leftovers\n|upkeep\n|c|\u2606vegetasfeet|safety goggles ?\n|\n|t:|1700002438\n|switch|p2b: Gobba Goo|Heatran, F, tera:Grass|17\/100\n|turn|19\n|c|\u2606GrottyBean|I think fake out just has omega priority\n|c|\u2606vegetasfeet|oh true\n|c|\u2606vegetasfeet|oh yea +3 vs +2\n|c|\u2606GrottyBean|Yeah\n|inactive|vegetasfeet has 90 seconds left.\n|\n|t:|1700002476\n|move|p1b: Sinistcha|Rage Powder|p1b: Sinistcha\n|-singleturn|p1b: Sinistcha|move: Rage Powder\n|move|p2b: Gobba Goo|Earth Power|p1a: Iron Hands\n|-supereffective|p1a: Iron Hands\n|-damage|p1a: Iron Hands|38\/100\n|move|p1a: Iron Hands|Drain Punch|p2b: Gobba Goo\n|-damage|p2b: Gobba Goo|0 fnt\n|-heal|p1a: Iron Hands|44\/100|[from] drain|[of] p2b: Gobba Goo\n|faint|p2b: Gobba Goo\n|move|p2a: Ball Guy|Pollen Puff|p2: Gobba Goo|[notarget]\n|-fail|p2a: Ball Guy\n|\n|-heal|p1b: Sinistcha|100\/100|[from] item: Leftovers\n|upkeep\n|\n|t:|1700002487\n|switch|p2b: Trippie Redd|Tyranitar, M|88\/100\n|-weather|Sandstorm|[from] ability: Sand Stream|[of] p2b: Trippie Redd\n|turn|20\n|\n|t:|1700002496\n|move|p2b: Trippie Redd|Protect|p2b: Trippie Redd\n|-singleturn|p2b: Trippie Redd|Protect\n|move|p1b: Sinistcha|Rage Powder|p1b: Sinistcha\n|-singleturn|p1b: Sinistcha|move: Rage Powder\n|move|p1a: Iron Hands|Drain Punch|p2b: Trippie Redd\n|-activate|p2b: Trippie Redd|move: Protect\n|move|p2a: Ball Guy|Spore|p1a: Iron Hands\n|-status|p1a: Iron Hands|slp|[from] move: Spore\n|\n|-weather|Sandstorm|[upkeep]\n|-damage|p1b: Sinistcha|94\/100|[from] Sandstorm\n|-damage|p1a: Iron Hands|38\/100 slp|[from] Sandstorm\n|-damage|p2a: Ball Guy|47\/100|[from] Sandstorm\n|-heal|p1b: Sinistcha|100\/100|[from] item: Leftovers\n|upkeep\n|turn|21\n|inactive|vegetasfeet has 120 seconds left.\n|c|\u2606vegetasfeet|longest doubles game i ever had to play\n|c|\u2606GrottyBean|Real shit\n|c|\u2606vegetasfeet|getting worked little by little lowkey\n|c|\u2606GrottyBean|This is why real vgc has a turn limit\n|inactive|vegetasfeet has 90 seconds left.\n|c|\u2606vegetasfeet|i started playing smogon doubles cuz i tried vgc on here and got worked\n|c|\u2606vegetasfeet|my gxe is like 20% on that shit\n|inactive|vegetasfeet has 60 seconds left.\n|c|\u2606GrottyBean|I didn't even know you could do vgc on here\n|\n|t:|1700002571\n|switch|p1b: Grimmsnarl|Grimmsnarl, M|88\/100\n|switch|p2a: Oran Berry|Glimmora, F|100\/100\n|move|p2b: Trippie Redd|Crunch|p1b: Grimmsnarl\n|-resisted|p1b: Grimmsnarl\n|-damage|p1b: Grimmsnarl|77\/100\n|-unboost|p1b: Grimmsnarl|def|1\n|cant|p1a: Iron Hands|slp\n|\n|-weather|Sandstorm|[upkeep]\n|-damage|p1b: Grimmsnarl|71\/100|[from] Sandstorm\n|-damage|p1a: Iron Hands|32\/100 slp|[from] Sandstorm\n|upkeep\n|turn|22\n|c|\u2606GrottyBean|But I would get my ass beat\n|c|\u2606GrottyBean|I'm sure that's only like the sweatiest players\n|inactive|vegetasfeet has 60 seconds left.\n|\n|t:|1700002600\n|move|p1b: Grimmsnarl|Reflect|p1b: Grimmsnarl\n|-sidestart|p1: GrottyBean|Reflect\n|move|p2a: Oran Berry|Sludge Bomb|p1b: Grimmsnarl\n|-supereffective|p1b: Grimmsnarl\n|-damage|p1b: Grimmsnarl|23\/100\n|move|p2b: Trippie Redd|Icy Wind|p1b: Grimmsnarl|[spread] p1a,p1b\n|-damage|p1a: Iron Hands|28\/100 slp\n|-damage|p1b: Grimmsnarl|19\/100\n|-unboost|p1a: Iron Hands|spe|1\n|-unboost|p1b: Grimmsnarl|spe|1\n|cant|p1a: Iron Hands|slp\n|\n|-weather|Sandstorm|[upkeep]\n|-damage|p1b: Grimmsnarl|12\/100|[from] Sandstorm\n|-damage|p1a: Iron Hands|22\/100 slp|[from] Sandstorm\n|upkeep\n|turn|23\n|\n|t:|1700002619\n|move|p2b: Trippie Redd|Protect|p2b: Trippie Redd\n|-singleturn|p2b: Trippie Redd|Protect\n|move|p1b: Grimmsnarl|Parting Shot|p2a: Oran Berry\n|-unboost|p2a: Oran Berry|atk|1\n|-unboost|p2a: Oran Berry|spa|1\n|\n|t:|1700002626\n|switch|p1b: Sinistcha|Sinistcha|100\/100|[from] Parting Shot\n|-heal|p1a: Iron Hands|47\/100 slp|[from] ability: Hospitality|[of] p1b: Sinistcha\n|move|p2a: Oran Berry|Mortal Spin|p1b: Sinistcha|[spread] p1a,p1b\n|-damage|p1a: Iron Hands|46\/100 slp\n|-damage|p1b: Sinistcha|99\/100\n|-status|p1b: Sinistcha|psn\n|-curestatus|p1a: Iron Hands|slp|[msg]\n|move|p1a: Iron Hands|Drain Punch|p2b: Trippie Redd\n|-activate|p2b: Trippie Redd|move: Protect\n|\n|-weather|Sandstorm|[upkeep]\n|-damage|p1b: Sinistcha|93\/100 psn|[from] Sandstorm\n|-damage|p1a: Iron Hands|40\/100|[from] Sandstorm\n|-heal|p1b: Sinistcha|99\/100 psn|[from] item: Leftovers\n|-damage|p1b: Sinistcha|87\/100 psn|[from] psn\n|upkeep\n|turn|24\n|inactive|vegetasfeet has 90 seconds left.\n|\n|t:|1700002656\n|switch|p2b: Ball Guy|Amoonguss, F|81\/100\n|move|p1b: Sinistcha|Rage Powder|p1b: Sinistcha\n|-singleturn|p1b: Sinistcha|move: Rage Powder\n|move|p2a: Oran Berry|Sludge Bomb|p1b: Sinistcha\n|-crit|p1b: Sinistcha\n|-damage|p1b: Sinistcha|6\/100 psn\n|move|p1a: Iron Hands|Drain Punch|p2b: Ball Guy\n|-resisted|p2b: Ball Guy\n|-damage|p2b: Ball Guy|63\/100\n|-heal|p1a: Iron Hands|47\/100|[from] drain|[of] p2b: Ball Guy\n|\n|-weather|Sandstorm|[upkeep]\n|-damage|p1b: Sinistcha|0 fnt|[from] Sandstorm\n|-damage|p2b: Ball Guy|57\/100|[from] Sandstorm\n|-damage|p1a: Iron Hands|41\/100|[from] Sandstorm\n|faint|p1b: Sinistcha\n|-sideend|p1: GrottyBean|move: Light Screen\n|upkeep\n|c|\u2606vegetasfeet|HOLY CRIT\n|inactive|GrottyBean has 120 seconds left.\n|\n|t:|1700002674\n|switch|p1b: Chi-Yu|Chi-Yu|100\/100\n|-ability|p1b: Chi-Yu|Beads of Ruin\n|turn|25\n|c|\u2606GrottyBean|Pain and suffering\n|c|\u2606GrottyBean|It was only a matter of time\n|c|\u2606vegetasfeet|they gonna put me in the rafters for this one\n|inactive|vegetasfeet has 90 seconds left.\n|inactive|GrottyBean has 120 seconds left.\n|\n|t:|1700002709\n|move|p1b: Chi-Yu|Heat Wave|p2b: Ball Guy|[spread] p2a,p2b\n|-resisted|p2a: Oran Berry\n|-supereffective|p2b: Ball Guy\n|-damage|p2a: Oran Berry|78\/100\n|-damage|p2b: Ball Guy|0 fnt\n|faint|p2b: Ball Guy\n|move|p2a: Oran Berry|Mortal Spin|p1b: Chi-Yu|[spread] p1a,p1b\n|-damage|p1a: Iron Hands|40\/100\n|-damage|p1b: Chi-Yu|97\/100\n|-status|p1a: Iron Hands|psn\n|-status|p1b: Chi-Yu|psn\n|move|p1a: Iron Hands|Drain Punch|p2a: Oran Berry\n|-damage|p2a: Oran Berry|18\/100\n|-heal|p1a: Iron Hands|58\/100 psn|[from] drain|[of] p2a: Oran Berry\n|-activate|p2a: Oran Berry|ability: Toxic Debris\n|-sidestart|p1: GrottyBean|move: Toxic Spikes\n|\n|-weather|Sandstorm|[upkeep]\n|-damage|p1b: Chi-Yu|91\/100 psn|[from] Sandstorm\n|-damage|p1a: Iron Hands|52\/100 psn|[from] Sandstorm\n|-damage|p1b: Chi-Yu|79\/100 psn|[from] psn\n|-damage|p1a: Iron Hands|39\/100 psn|[from] psn\n|upkeep\n|inactive|vegetasfeet has 60 seconds left.\n|\n|t:|1700002727\n|switch|p2b: Trippie Redd|Tyranitar, M|88\/100\n|turn|26\n|\n|t:|1700002733\n|move|p2a: Oran Berry|Spiky Shield|p2a: Oran Berry\n|-singleturn|p2a: Oran Berry|move: Protect\n|move|p2b: Trippie Redd|Protect|p2b: Trippie Redd\n|-singleturn|p2b: Trippie Redd|Protect\n|move|p1b: Chi-Yu|Heat Wave|p2b: Trippie Redd|[spread] \n|-activate|p2a: Oran Berry|move: Protect\n|-activate|p2b: Trippie Redd|move: Protect\n|move|p1a: Iron Hands|Drain Punch|p2b: Trippie Redd\n|-activate|p2b: Trippie Redd|move: Protect\n|\n|-weather|Sandstorm|[upkeep]\n|-damage|p1b: Chi-Yu|73\/100 psn|[from] Sandstorm\n|-damage|p1a: Iron Hands|33\/100 psn|[from] Sandstorm\n|-damage|p1b: Chi-Yu|61\/100 psn|[from] psn\n|-damage|p1a: Iron Hands|21\/100 psn|[from] psn\n|upkeep\n|turn|27\n|inactive|vegetasfeet has 90 seconds left.\n|c|\u2606vegetasfeet|this one\n|c|\u2606vegetasfeet|is for the game\n|c|\u2606vegetasfeet|watch this\n|\n|t:|1700002766\n|move|p2b: Trippie Redd|Protect||[still]\n|-fail|p2b: Trippie Redd\n|move|p1b: Chi-Yu|Heat Wave|p2a: Oran Berry|[spread] p2a,p2b\n|-resisted|p2a: Oran Berry\n|-resisted|p2b: Trippie Redd\n|-damage|p2a: Oran Berry|0 fnt\n|-damage|p2b: Trippie Redd|78\/100\n|faint|p2a: Oran Berry\n|move|p1a: Iron Hands|Drain Punch|p2b: Trippie Redd\n|-supereffective|p2b: Trippie Redd\n|-damage|p2b: Trippie Redd|0 fnt\n|-heal|p1a: Iron Hands|52\/100 psn|[from] drain|[of] p2b: Trippie Redd\n|faint|p2b: Trippie Redd\n|\n|win|GrottyBean\n|raw|GrottyBean's rating: 1290 &rarr; <strong>1311<\/strong><br \/>(+21 for winning)\n|raw|vegetasfeet's rating: 1239 &rarr; <strong>1218<\/strong><br \/>(-21 for losing)\n|c|\u2606vegetasfeet|FUCK\n|c|\u2606vegetasfeet|TYRANITAR WHY\n|c|\u2606GrottyBean|Damn :(\n|c|\u2606GrottyBean|Dude\n|c|\u2606GrottyBean|Good fucking game\n|c|\u2606vegetasfeet|fr\n|c|\u2606vegetasfeet|gg\n|c|\u2606GrottyBean|I think that was the best showdown game I've ever played\n|c|\u2606GrottyBean|My team is so fucking weak dear god\n|c|\u2606GrottyBean|Good luck with the rest of your games\n|c|\u2606vegetasfeet|same to you man\n|c|\u2606vegetasfeet|that shit was\n|c|\u2606vegetasfeet|top 10\n|c|\u2606vegetasfeet|im saving this even tho i lost\n","uploadtime":1700002819,"views":26,"p1id":"grottybean","p2id":"vegetasfeet","formatid":"gen9doublesou","rating":1218,"private":0,"password":""}