{"id":"gen9doublesou-1979712724","p1":"Nakimyx","p2":"sidjam","format":"[Gen 9] Doubles OU","log":"|j|\u2606Nakimyx\n|j|\u2606sidjam\n|t:|1698705691\n|gametype|doubles\n|player|p1|Nakimyx|preschoolerf|1078\n|player|p2|sidjam|169|1123\n|teamsize|p1|6\n|teamsize|p2|6\n|gen|9\n|tier|[Gen 9] Doubles OU\n|rated|\n|rule|Species Clause: Limit one of each Pok\u00e9mon\n|rule|OHKO Clause: OHKO moves are banned\n|rule|Evasion Moves Clause: Evasion moves are banned\n|rule|Gravity Sleep Clause: The combination of sleep-inducing moves with imperfect accuracy and Gravity or Gigantamax Orbeetle are banned\n|rule|Endless Battle Clause: Forcing endless battles is banned\n|rule|HP Percentage Mod: HP is shown in percentages\n|clearpoke\n|poke|p1|Swanna, M|\n|poke|p1|Jolteon, F|\n|poke|p1|Dragonite, M|\n|poke|p1|Milotic, F|\n|poke|p1|Ninetales, F|\n|poke|p1|Klefki, F|\n|poke|p2|Snorlax, M|\n|poke|p2|Clefairy, F|\n|poke|p2|Sinistcha|\n|poke|p2|Iron Hands|\n|poke|p2|Kommo-o, M|\n|poke|p2|Landorus-Therian, M|\n|teampreview\n|\n|t:|1698705706\n|start\n|switch|p1a: Klefki|Klefki, F|100\/100\n|switch|p1b: Milotic|Milotic, F|100\/100\n|switch|p2a: Kommo-o|Kommo-o, M, shiny|100\/100\n|switch|p2b: Landorus|Landorus-Therian, M|100\/100\n|-ability|p2b: Landorus|Intimidate|boost\n|-unboost|p1a: Klefki|atk|1\n|-unboost|p1b: Milotic|atk|1\n|turn|1\n|\n|t:|1698705727\n|move|p1a: Klefki|Switcheroo|p2b: Landorus\n|-activate|p1a: Klefki|move: Trick|[of] p2b: Landorus\n|-item|p2b: Landorus|Toxic Orb|[from] move: Switcheroo\n|-item|p1a: Klefki|Choice Scarf|[from] move: Switcheroo\n|move|p2b: Landorus|U-turn|p1b: Milotic\n|-damage|p1b: Milotic|79\/100\n|\n|t:|1698705735\n|switch|p2b: Clefairy|Clefairy, F, shiny|100\/100|[from] U-turn\n|move|p2a: Kommo-o|Clangorous Soul|p2a: Kommo-o\n|-boost|p2a: Kommo-o|atk|1\n|-boost|p2a: Kommo-o|def|1\n|-boost|p2a: Kommo-o|spa|1\n|-boost|p2a: Kommo-o|spd|1\n|-boost|p2a: Kommo-o|spe|1\n|-damage|p2a: Kommo-o|68\/100\n|-enditem|p2a: Kommo-o|Throat Spray\n|-boost|p2a: Kommo-o|spa|1|[from] item: Throat Spray\n|move|p1b: Milotic|Scald|p2b: Clefairy\n|-damage|p2b: Clefairy|77\/100\n|\n|upkeep\n|turn|2\n|\n|t:|1698705795\n|switch|p2b: Iron Hands|Iron Hands|100\/100\n|-terastallize|p1a: Klefki|Ghost\n|move|p2a: Kommo-o|Protect|p2a: Kommo-o\n|-singleturn|p2a: Kommo-o|Protect\n|move|p1b: Milotic|Mirror Coat||[still]\n|-fail|p1b: Milotic\n|move|p1a: Klefki|Trick Room|p1a: Klefki\n|-fieldstart|move: Trick Room|[of] p1a: Klefki\n|\n|upkeep\n|turn|3\n|\n|t:|1698705843\n|switch|p1a: Swanna|Swanna, M|100\/100\n|move|p2a: Kommo-o|Protect||[still]\n|-fail|p2a: Kommo-o\n|move|p2b: Iron Hands|Fake Out|p1b: Milotic\n|-damage|p1b: Milotic|68\/100\n|cant|p1b: Milotic|flinch\n|\n|upkeep\n|turn|4\n|\n|t:|1698705866\n|move|p2b: Iron Hands|Wild Charge|p1a: Swanna\n|-supereffective|p1a: Swanna\n|-damage|p1a: Swanna|0 fnt\n|faint|p1a: Swanna\n|-damage|p2b: Iron Hands|84\/100|[from] Recoil\n|move|p1b: Milotic|Haze|p1b: Milotic\n|-clearallboost\n|move|p2a: Kommo-o|Clanging Scales|p1b: Milotic\n|-damage|p1b: Milotic|29\/100\n|-unboost|p2a: Kommo-o|def|1\n|\n|upkeep\n|\n|t:|1698705883\n|switch|p1a: Ninetales|Ninetales, F|100\/100\n|-weather|SunnyDay|[from] ability: Drought|[of] p1a: Ninetales\n|turn|5\n|\n|t:|1698705903\n|move|p2b: Iron Hands|Drain Punch|p1a: Ninetales\n|-damage|p1a: Ninetales|36\/100\n|-heal|p2b: Iron Hands|100\/100|[from] drain|[of] p1a: Ninetales\n|move|p1b: Milotic|Recover|p1b: Milotic\n|-heal|p1b: Milotic|79\/100\n|move|p2a: Kommo-o|Clanging Scales|p1b: Milotic|[spread] p1a,p1b\n|-damage|p1a: Ninetales|0 fnt\n|-damage|p1b: Milotic|52\/100\n|faint|p1a: Ninetales\n|-unboost|p2a: Kommo-o|def|1\n|\n|-weather|SunnyDay|[upkeep]\n|upkeep\n|\n|t:|1698705927\n|switch|p1a: Dragonite|Dragonite, M|100\/100\n|turn|6\n|\n|t:|1698705943\n|move|p2b: Iron Hands|Wild Charge|p1b: Milotic\n|-supereffective|p1b: Milotic\n|-damage|p1b: Milotic|0 fnt\n|faint|p1b: Milotic\n|-damage|p2b: Iron Hands|89\/100|[from] Recoil\n|move|p2a: Kommo-o|Clanging Scales|p1a: Dragonite\n|-supereffective|p1a: Dragonite\n|-damage|p1a: Dragonite|43\/100\n|-unboost|p2a: Kommo-o|def|1\n|move|p1a: Dragonite|Dragon Claw|p2a: Kommo-o\n|-supereffective|p2a: Kommo-o\n|-crit|p2a: Kommo-o\n|-damage|p2a: Kommo-o|0 fnt\n|faint|p2a: Kommo-o\n|\n|-weather|SunnyDay|[upkeep]\n|-fieldend|move: Trick Room\n|upkeep\n|\n|t:|1698705960\n|switch|p2a: Snorlax|Snorlax, M|100\/100\n|switch|p1b: Jolteon|Jolteon, F|100\/100\n|turn|7\n|\n|t:|1698705977\n|move|p1b: Jolteon|Volt Switch|p2a: Snorlax\n|-damage|p2a: Snorlax|80\/100\n|\n|t:|1698705979\n|switch|p1b: Klefki|Klefki, F, tera:Ghost|100\/100|[from] Volt Switch\n|move|p1a: Dragonite|Dragon Claw|p2b: Iron Hands\n|-damage|p2b: Iron Hands|45\/100\n|move|p2b: Iron Hands|Heavy Slam|p1b: Klefki\n|-damage|p1b: Klefki|63\/100\n|move|p2a: Snorlax|Belly Drum|p2a: Snorlax\n|-damage|p2a: Snorlax|30\/100\n|-setboost|p2a: Snorlax|atk|6|[from] move: Belly Drum\n|-enditem|p2a: Snorlax|Sitrus Berry|[eat]\n|-heal|p2a: Snorlax|55\/100|[from] item: Sitrus Berry\n|\n|-weather|SunnyDay|[upkeep]\n|upkeep\n|turn|8\n|\n|t:|1698705996\n|-end|p2b: Iron Hands|Quark Drive|[silent]\n|switch|p2b: Sinistcha|Sinistcha|100\/100\n|-heal|p2a: Snorlax|80\/100|[from] ability: Hospitality|[of] p2b: Sinistcha\n|move|p2a: Snorlax|Protect|p2a: Snorlax\n|-singleturn|p2a: Snorlax|Protect\n|move|p1a: Dragonite|Dragon Claw|p2b: Sinistcha\n|-damage|p2b: Sinistcha|47\/100\n|move|p1b: Klefki|Foul Play|p2a: Snorlax\n|-activate|p2a: Snorlax|move: Protect\n|\n|-weather|SunnyDay|[upkeep]\n|upkeep\n|turn|9\n|\n|t:|1698706034\n|move|p2b: Sinistcha|Rage Powder|p2b: Sinistcha\n|-singleturn|p2b: Sinistcha|move: Rage Powder\n|move|p1a: Dragonite|Dragon Claw|p2b: Sinistcha\n|-damage|p2b: Sinistcha|0 fnt\n|faint|p2b: Sinistcha\n|move|p1b: Klefki|Foul Play|p2a: Snorlax\n|-damage|p2a: Snorlax|1\/100\n|move|p2a: Snorlax|Facade|p1a: Dragonite\n|-damage|p1a: Dragonite|0 fnt\n|faint|p1a: Dragonite\n|\n|-weather|SunnyDay|[upkeep]\n|upkeep\n|\n|t:|1698706046\n|switch|p1a: Jolteon|Jolteon, F|100\/100\n|switch|p2b: Clefairy|Clefairy, F, shiny|77\/100\n|turn|10\n|\n|t:|1698706071\n|move|p2b: Clefairy|Follow Me|p2b: Clefairy\n|-singleturn|p2b: Clefairy|move: Follow Me\n|move|p1a: Jolteon|Thunderbolt|p2b: Clefairy\n|-damage|p2b: Clefairy|44\/100\n|-status|p2b: Clefairy|par\n|move|p1b: Klefki|Foul Play|p2b: Clefairy\n|-resisted|p2b: Clefairy\n|-damage|p2b: Clefairy|39\/100 par\n|move|p2a: Snorlax|High Horsepower|p1a: Jolteon\n|-supereffective|p1a: Jolteon\n|-damage|p1a: Jolteon|0 fnt\n|faint|p1a: Jolteon\n|\n|-weather|SunnyDay|[upkeep]\n|upkeep\n|turn|11\n|\n|t:|1698706090\n|move|p2b: Clefairy|Follow Me|p2b: Clefairy\n|-singleturn|p2b: Clefairy|move: Follow Me\n|move|p1b: Klefki|Foul Play|p2b: Clefairy\n|-resisted|p2b: Clefairy\n|-damage|p2b: Clefairy|35\/100 par\n|move|p2a: Snorlax|High Horsepower|p1b: Klefki\n|-damage|p1b: Klefki|0 fnt\n|faint|p1b: Klefki\n|\n|win|sidjam\n|raw|Nakimyx's rating: 1078 &rarr; <strong>1059<\/strong><br \/>(-19 for losing)\n|raw|sidjam's rating: 1123 &rarr; <strong>1145<\/strong><br \/>(+22 for winning)\n|l|\u2606Nakimyx\n","uploadtime":1698706103,"views":21,"p1id":"nakimyx","p2id":"sidjam","formatid":"gen9doublesou","rating":1059,"private":0,"password":""}