{"id":"gen9doublesou-1992225810","p1":"mekemouse","p2":"BriefMarigold4","format":"[Gen 9] Doubles OU","log":"|j|\u2606mekemouse\n|j|\u2606BriefMarigold4\n|t:|1700165502\n|gametype|doubles\n|player|p1|mekemouse|hilbert-wonderlauncher|1473\n|player|p2|BriefMarigold4|265|1664\n|teamsize|p1|6\n|teamsize|p2|6\n|gen|9\n|tier|[Gen 9] Doubles OU\n|rated|\n|rule|Species Clause: Limit one of each Pok\u00e9mon\n|rule|OHKO Clause: OHKO moves are banned\n|rule|Evasion Moves Clause: Evasion moves are banned\n|rule|Gravity Sleep Clause: The combination of sleep-inducing moves with imperfect accuracy and Gravity or Gigantamax Orbeetle are banned\n|rule|Endless Battle Clause: Forcing endless battles is banned\n|rule|HP Percentage Mod: HP is shown in percentages\n|clearpoke\n|poke|p1|Murkrow, M|\n|poke|p1|Great Tusk|\n|poke|p1|Cresselia, F|\n|poke|p1|Charizard, M|\n|poke|p1|Torkoal, F|\n|poke|p1|Kingambit, F|\n|poke|p2|Rillaboom, F|\n|poke|p2|Sinistcha-Masterpiece|\n|poke|p2|Snorlax, F|\n|poke|p2|Clefairy, F|\n|poke|p2|Kommo-o, F|\n|poke|p2|Landorus-Therian, M|\n|teampreview\n|inactive|Battle timer is ON: inactive players will automatically lose when time's up. (requested by mekemouse)\n|\n|t:|1700165533\n|start\n|switch|p1a: Cresselia|Cresselia, F|100\/100\n|switch|p1b: Murkrow|Murkrow, M|100\/100\n|switch|p2a: Rillaboom|Rillaboom, F|100\/100\n|switch|p2b: Snorlax|Snorlax, F|100\/100\n|-fieldstart|move: Grassy Terrain|[from] ability: Grassy Surge|[of] p2a: Rillaboom\n|turn|1\n|\n|t:|1700165547\n|move|p2a: Rillaboom|Fake Out|p1b: Murkrow\n|-damage|p1b: Murkrow|81\/100\n|cant|p1b: Murkrow|flinch\n|move|p2b: Snorlax|Belly Drum|p2b: Snorlax\n|-damage|p2b: Snorlax|50\/100\n|-setboost|p2b: Snorlax|atk|6|[from] move: Belly Drum\n|move|p1a: Cresselia|Trick Room|p1a: Cresselia\n|-fieldstart|move: Trick Room|[of] p1a: Cresselia\n|\n|-heal|p2b: Snorlax|57\/100|[from] Grassy Terrain\n|-heal|p2b: Snorlax|63\/100|[from] item: Leftovers\n|upkeep\n|turn|2\n|\n|t:|1700165563\n|switch|p2a: Sinistcha|Sinistcha-Masterpiece|100\/100\n|-heal|p2b: Snorlax|88\/100|[from] ability: Hospitality|[of] p2a: Sinistcha\n|move|p1b: Murkrow|Haze|p1b: Murkrow\n|-clearallboost\n|move|p2b: Snorlax|Double-Edge|p1b: Murkrow\n|-damage|p1b: Murkrow|9\/100\n|-damage|p2b: Snorlax|73\/100|[from] Recoil\n|move|p1a: Cresselia|Psychic|p2b: Snorlax\n|-damage|p2b: Snorlax|61\/100\n|-unboost|p2b: Snorlax|spd|1\n|\n|-heal|p2b: Snorlax|67\/100|[from] Grassy Terrain\n|-heal|p2b: Snorlax|73\/100|[from] item: Leftovers\n|upkeep\n|turn|3\n|c|\u2606mekemouse|fuck\n|c|\u2606BriefMarigold4|FUCK\n|j| Gggeenraaaa\n|c|\u2606BriefMarigold4|Of course you get the SpDef drop right after the Haze\n|\n|t:|1700165587\n|switch|p2a: Clefairy|Clefairy, F|100\/100\n|switch|p1b: Torkoal|Torkoal, F|100\/100\n|-weather|SunnyDay|[from] ability: Drought|[of] p1b: Torkoal\n|move|p2b: Snorlax|Belly Drum|p2b: Snorlax\n|-damage|p2b: Snorlax|23\/100\n|-setboost|p2b: Snorlax|atk|6|[from] move: Belly Drum\n|move|p1a: Cresselia|Psychic|p2b: Snorlax\n|-damage|p2b: Snorlax|9\/100\n|\n|-weather|SunnyDay|[upkeep]\n|-heal|p2b: Snorlax|16\/100|[from] Grassy Terrain\n|-heal|p2b: Snorlax|22\/100|[from] item: Leftovers\n|upkeep\n|turn|4\n|l|\u2606BriefMarigold4\n|inactive|BriefMarigold4 disconnected and has a minute to reconnect!\n|player|p2|\n|c|\u2606mekemouse|come back\n|inactive|BriefMarigold4 has 30 seconds to reconnect!\n|j|\u2606BriefMarigold4\n|inactive|BriefMarigold4 reconnected and has 110 seconds left.\n|player|p2|BriefMarigold4|265\n|c|\u2606BriefMarigold4|i'm back\n|c|\u2606BriefMarigold4|sorry, having issues rn with the wifi\n|c|\u2606mekemouse|bet\n|inactive|BriefMarigold4 has 90 seconds left.\n|\n|t:|1700165647\n|switch|p2a: Sinistcha|Sinistcha-Masterpiece|100\/100\n|-heal|p2b: Snorlax|47\/100|[from] ability: Hospitality|[of] p2a: Sinistcha\n|move|p1a: Cresselia|Helping Hand|p1b: Torkoal\n|-singleturn|p1b: Torkoal|Helping Hand|[of] p1a: Cresselia\n|move|p2b: Snorlax|Protect|p2b: Snorlax\n|-singleturn|p2b: Snorlax|Protect\n|move|p1b: Torkoal|Eruption|p2a: Sinistcha|[spread] p2a\n|-activate|p2b: Snorlax|move: Protect\n|-supereffective|p2a: Sinistcha\n|-damage|p2a: Sinistcha|0 fnt\n|faint|p2a: Sinistcha\n|\n|-weather|SunnyDay|[upkeep]\n|-heal|p2b: Snorlax|53\/100|[from] Grassy Terrain\n|-heal|p2b: Snorlax|59\/100|[from] item: Leftovers\n|upkeep\n|c|\u2606mekemouse|ok ok no worries\n|inactive|BriefMarigold4 has 90 seconds left.\n|\n|t:|1700165652\n|switch|p2a: Rillaboom|Rillaboom, F|100\/100\n|turn|5\n|\n|t:|1700165667\n|switch|p1b: Charizard|Charizard, M|100\/100\n|switch|p1a: Murkrow|Murkrow, M|9\/100\n|move|p2a: Rillaboom|Fake Out|p1b: Charizard\n|-damage|p1b: Charizard|82\/100\n|move|p2b: Snorlax|Double-Edge|p1b: Charizard\n|-crit|p1b: Charizard\n|-damage|p1b: Charizard|0 fnt\n|faint|p1b: Charizard\n|-damage|p2b: Snorlax|44\/100|[from] Recoil\n|\n|-weather|SunnyDay|[upkeep]\n|-heal|p2b: Snorlax|50\/100|[from] Grassy Terrain\n|-heal|p2b: Snorlax|56\/100|[from] item: Leftovers\n|-fieldend|move: Trick Room\n|-fieldend|move: Grassy Terrain\n|upkeep\n|\n|t:|1700165676\n|switch|p1b: Cresselia|Cresselia, F|100\/100\n|turn|6\n|\n|t:|1700165685\n|switch|p2a: Clefairy|Clefairy, F|100\/100\n|move|p1a: Murkrow|Haze|p1a: Murkrow\n|-clearallboost\n|move|p2b: Snorlax|Double-Edge|p1a: Murkrow\n|-damage|p1a: Murkrow|0 fnt\n|faint|p1a: Murkrow\n|-damage|p2b: Snorlax|55\/100|[from] Recoil\n|move|p1b: Cresselia|Trick Room|p1b: Cresselia\n|-fieldstart|move: Trick Room|[of] p1b: Cresselia\n|\n|-weather|SunnyDay|[upkeep]\n|-heal|p2b: Snorlax|61\/100|[from] item: Leftovers\n|upkeep\n|\n|t:|1700165689\n|switch|p1a: Torkoal|Torkoal, F|100\/100\n|turn|7\n|c|\u2606BriefMarigold4|oh\n|\n|t:|1700165703\n|-terastallize|p1a: Torkoal|Fire\n|move|p1b: Cresselia|Helping Hand|p1a: Torkoal\n|-singleturn|p1a: Torkoal|Helping Hand|[of] p1b: Cresselia\n|move|p2a: Clefairy|Protect|p2a: Clefairy\n|-singleturn|p2a: Clefairy|Protect\n|move|p1a: Torkoal|Eruption|p2a: Clefairy|[spread] p2b\n|-activate|p2a: Clefairy|move: Protect\n|-damage|p2b: Snorlax|33\/100\n|move|p2b: Snorlax|High Horsepower|p1a: Torkoal\n|-supereffective|p1a: Torkoal\n|-damage|p1a: Torkoal|59\/100\n|\n|-weather|SunnyDay|[upkeep]\n|-heal|p2b: Snorlax|40\/100|[from] item: Leftovers\n|upkeep\n|turn|8\n|c|\u2606mekemouse|thats crazy\n|\n|t:|1700165729\n|move|p1b: Cresselia|Helping Hand|p1a: Torkoal\n|-singleturn|p1a: Torkoal|Helping Hand|[of] p1b: Cresselia\n|move|p2a: Clefairy|Heal Pulse|p2b: Snorlax\n|-heal|p2b: Snorlax|90\/100\n|move|p1a: Torkoal|Eruption|p2b: Snorlax|[spread] p2a,p2b\n|-damage|p2a: Clefairy|35\/100\n|-damage|p2b: Snorlax|73\/100\n|move|p2b: Snorlax|High Horsepower|p1a: Torkoal\n|-supereffective|p1a: Torkoal\n|-damage|p1a: Torkoal|17\/100\n|\n|-weather|SunnyDay|[upkeep]\n|-heal|p2b: Snorlax|79\/100|[from] item: Leftovers\n|upkeep\n|turn|9\n|c|\u2606BriefMarigold4|crazy? i was crazy once\n|\n|t:|1700165748\n|switch|p2a: Rillaboom|Rillaboom, F|100\/100\n|-fieldstart|move: Grassy Terrain|[from] ability: Grassy Surge|[of] p2a: Rillaboom\n|move|p1a: Torkoal|Stealth Rock|p2b: Snorlax\n|-sidestart|p2: BriefMarigold4|move: Stealth Rock\n|move|p2b: Snorlax|High Horsepower|p1a: Torkoal\n|-supereffective|p1a: Torkoal\n|-crit|p1a: Torkoal\n|-damage|p1a: Torkoal|0 fnt\n|faint|p1a: Torkoal\n|move|p1b: Cresselia|Trick Room|p1b: Cresselia\n|-fieldend|move: Trick Room\n|\n|-weather|SunnyDay|[upkeep]\n|-heal|p2b: Snorlax|85\/100|[from] Grassy Terrain\n|-heal|p2b: Snorlax|92\/100|[from] item: Leftovers\n|upkeep\n|\n|t:|1700165755\n|switch|p1a: Kingambit|Kingambit, F|100\/100\n|-activate|p1a: Kingambit|ability: Supreme Overlord\n|-start|p1a: Kingambit|fallen3|[silent]\n|turn|10\n|\n|t:|1700165761\n|-end|p1a: Kingambit|fallen3|[silent]\n|switch|p1a: Great Tusk|Great Tusk|100\/100\n|-activate|p1a: Great Tusk|ability: Protosynthesis\n|-start|p1a: Great Tusk|protosynthesisatk\n|move|p2a: Rillaboom|Brick Break|p1a: Great Tusk\n|-damage|p1a: Great Tusk|84\/100\n|move|p1b: Cresselia|Psychic|p2a: Rillaboom\n|-damage|p2a: Rillaboom|72\/100\n|move|p2b: Snorlax|High Horsepower|p1a: Great Tusk\n|-damage|p1a: Great Tusk|68\/100\n|\n|-weather|none\n|-end|p1a: Great Tusk|Protosynthesis\n|-heal|p2a: Rillaboom|78\/100|[from] Grassy Terrain\n|-heal|p1a: Great Tusk|74\/100|[from] Grassy Terrain\n|-heal|p2b: Snorlax|98\/100|[from] Grassy Terrain\n|-heal|p2b: Snorlax|100\/100|[from] item: Leftovers\n|upkeep\n|turn|11\n|\n|t:|1700165784\n|move|p2a: Rillaboom|Wood Hammer|p1a: Great Tusk\n|-supereffective|p1a: Great Tusk\n|-crit|p1a: Great Tusk\n|-damage|p1a: Great Tusk|0 fnt\n|faint|p1a: Great Tusk\n|-end|p1a: Great Tusk|Protosynthesis|[silent]\n|-damage|p2a: Rillaboom|52\/100|[from] Recoil\n|move|p1b: Cresselia|Lunar Blessing||[still]\n|-fail|p1b: Cresselia\n|move|p2b: Snorlax|Double-Edge|p1b: Cresselia\n|-damage|p1b: Cresselia|66\/100\n|-damage|p2b: Snorlax|91\/100|[from] Recoil\n|\n|-heal|p2a: Rillaboom|58\/100|[from] Grassy Terrain\n|-heal|p2b: Snorlax|97\/100|[from] Grassy Terrain\n|-heal|p2b: Snorlax|100\/100|[from] item: Leftovers\n|upkeep\n|\n|t:|1700165786\n|switch|p1a: Kingambit|Kingambit, F|100\/100\n|-activate|p1a: Kingambit|ability: Supreme Overlord\n|-start|p1a: Kingambit|fallen4|[silent]\n|turn|12\n|\n|t:|1700165796\n|move|p1a: Kingambit|Sucker Punch|p2a: Rillaboom\n|-damage|p2a: Rillaboom|5\/100\n|move|p2a: Rillaboom|Brick Break|p1a: Kingambit\n|-supereffective|p1a: Kingambit\n|-damage|p1a: Kingambit|35\/100\n|move|p1b: Cresselia|Lunar Blessing|p1b: Cresselia|[spread] p1a,p1b\n|-heal|p1a: Kingambit|60\/100\n|-heal|p1b: Cresselia|91\/100\n|move|p2b: Snorlax|High Horsepower|p1a: Kingambit\n|-supereffective|p1a: Kingambit\n|-damage|p1a: Kingambit|20\/100\n|\n|-heal|p2a: Rillaboom|11\/100|[from] Grassy Terrain\n|-heal|p1a: Kingambit|26\/100|[from] Grassy Terrain\n|-heal|p1a: Kingambit|32\/100|[from] item: Leftovers\n|upkeep\n|turn|13\n|\n|t:|1700165812\n|move|p1a: Kingambit|Sucker Punch|p2a: Rillaboom\n|-damage|p2a: Rillaboom|0 fnt\n|faint|p2a: Rillaboom\n|move|p1b: Cresselia|Psychic|p2b: Snorlax\n|-damage|p2b: Snorlax|86\/100\n|move|p2b: Snorlax|Belly Drum|p2b: Snorlax\n|-damage|p2b: Snorlax|36\/100\n|-setboost|p2b: Snorlax|atk|6|[from] move: Belly Drum\n|\n|-heal|p1a: Kingambit|38\/100|[from] Grassy Terrain\n|-heal|p1a: Kingambit|44\/100|[from] item: Leftovers\n|-heal|p2b: Snorlax|43\/100|[from] Grassy Terrain\n|-heal|p2b: Snorlax|49\/100|[from] item: Leftovers\n|-fieldend|move: Grassy Terrain\n|upkeep\n|\n|t:|1700165821\n|switch|p2a: Clefairy|Clefairy, F|35\/100\n|-damage|p2a: Clefairy|23\/100|[from] Stealth Rock\n|turn|14\n|c|\u2606mekemouse|that snorlax lucky af\n|c|\u2606BriefMarigold4|wait how is it lucky\n|c|\u2606mekemouse|it survived all my mons and that clefairy is annoying\n|inactive|BriefMarigold4 has 120 seconds left.\n|\n|t:|1700165877\n|move|p2a: Clefairy|Follow Me|p2a: Clefairy\n|-singleturn|p2a: Clefairy|move: Follow Me\n|move|p1a: Kingambit|Sucker Punch||[still]\n|-fail|p1a: Kingambit\n|move|p1b: Cresselia|Psychic|p2a: Clefairy\n|-crit|p2a: Clefairy\n|-damage|p2a: Clefairy|0 fnt\n|faint|p2a: Clefairy\n|move|p2b: Snorlax|High Horsepower|p1a: Kingambit\n|-supereffective|p1a: Kingambit\n|-damage|p1a: Kingambit|0 fnt\n|faint|p1a: Kingambit\n|-end|p1a: Kingambit|fallen4|[silent]\n|\n|-heal|p2b: Snorlax|55\/100|[from] item: Leftovers\n|upkeep\n|\n|t:|1700165886\n|switch|p2a: Landorus|Landorus-Therian, M|100\/100\n|-damage|p2a: Landorus|88\/100|[from] Stealth Rock\n|-ability|p2a: Landorus|Intimidate|boost\n|-unboost|p1b: Cresselia|atk|1\n|turn|15\n|c|\u2606BriefMarigold4|snorlax is a fatty yeah\n|c|\u2606mekemouse|kill my cresselia alr\n|c|\u2606mekemouse|high spd\n|\n|t:|1700165900\n|-terastallize|p2b: Snorlax|Poison\n|move|p2a: Landorus|U-turn|p1b: Cresselia\n|-supereffective|p1b: Cresselia\n|-crit|p1b: Cresselia\n|-damage|p1b: Cresselia|35\/100\n|\n|t:|1700165904\n|switch|p2a: Kommo-o|Kommo-o, F|100\/100|[from] U-turn\n|-damage|p2a: Kommo-o|94\/100|[from] Stealth Rock\n|move|p1b: Cresselia|Psychic|p2b: Snorlax\n|-supereffective|p2b: Snorlax\n|-damage|p2b: Snorlax|28\/100\n|move|p2b: Snorlax|Double-Edge|p1b: Cresselia\n|-damage|p1b: Cresselia|0 fnt\n|faint|p1b: Cresselia\n|-damage|p2b: Snorlax|18\/100|[from] Recoil\n|\n|win|BriefMarigold4\n|raw|mekemouse's rating: 1473 &rarr; <strong>1463<\/strong><br \/>(-10 for losing)\n|raw|BriefMarigold4's rating: 1664 &rarr; <strong>1674<\/strong><br \/>(+10 for winning)\n|c|\u2606mekemouse|ggs\n|c|\u2606BriefMarigold4|ggs\n|l| Gggeenraaaa\n|l|\u2606mekemouse\n|l|\u2606BriefMarigold4\n|j|\u2606BriefMarigold4\n|player|p2|BriefMarigold4|265\n","uploadtime":1700166133,"views":13,"p1id":"mekemouse","p2id":"briefmarigold4","formatid":"gen9doublesou","rating":1463,"private":0,"password":""}