{"id":"gen9doublesou-1970961024","p1":"LaPollaQueTeApoya","p2":"wyvernl0rd","format":"[Gen 9] Doubles OU","log":"|j|\u2606LaPollaQueTeApoya\n|j|\u2606wyvernl0rd\n|t:|1697685448\n|gametype|doubles\n|player|p1|LaPollaQueTeApoya|hiker-gen4|1713\n|player|p2|wyvernl0rd|winona|1615\n|teamsize|p1|6\n|teamsize|p2|6\n|gen|9\n|tier|[Gen 9] Doubles OU\n|rated|\n|rule|Species Clause: Limit one of each Pok\u00e9mon\n|rule|OHKO Clause: OHKO moves are banned\n|rule|Evasion Moves Clause: Evasion moves are banned\n|rule|Gravity Sleep Clause: The combination of sleep-inducing moves with imperfect accuracy and Gravity or Gigantamax Orbeetle are banned\n|rule|Endless Battle Clause: Forcing endless battles is banned\n|rule|HP Percentage Mod: HP is shown in percentages\n|clearpoke\n|poke|p1|Tyranitar, M|\n|poke|p1|Armarouge, M|\n|poke|p1|Zapdos-Galar|\n|poke|p1|Indeedee-F, F|\n|poke|p1|Ogerpon-Cornerstone, F|\n|poke|p1|Basculegion, M|\n|poke|p2|Enamorus-Therian, F|\n|poke|p2|Iron Hands|\n|poke|p2|Gholdengo|\n|poke|p2|Ninetales-Alola, F|\n|poke|p2|Landorus-Therian, M|\n|poke|p2|Rillaboom, F|\n|teampreview\n|inactive|Battle timer is ON: inactive players will automatically lose when time's up. (requested by LaPollaQueTeApoya)\n|inactive|LaPollaQueTeApoya has 120 seconds left.\n|\n|t:|1697685485\n|start\n|switch|p1a: Zapdos|Zapdos-Galar|100\/100\n|switch|p1b: Ogerpon|Ogerpon-Cornerstone, F|100\/100\n|switch|p2a: Gholdengo|Gholdengo|100\/100\n|switch|p2b: Landorus|Landorus-Therian, M|100\/100\n|-ability|p2b: Landorus|Intimidate|boost\n|-unboost|p1a: Zapdos|atk|1\n|-ability|p1a: Zapdos|Defiant|boost\n|-boost|p1a: Zapdos|atk|2\n|-unboost|p1b: Ogerpon|atk|1\n|turn|1\n|\n|t:|1697685509\n|-terastallize|p2b: Landorus|Flying\n|move|p1a: Zapdos|Knock Off|p2a: Gholdengo\n|-supereffective|p2a: Gholdengo\n|-damage|p2a: Gholdengo|20\/100\n|-enditem|p2a: Gholdengo|Leftovers|[from] move: Knock Off|[of] p1a: Zapdos\n|move|p2b: Landorus|Tera Blast|p1a: Zapdos|[anim] Tera Blast Flying\n|-supereffective|p1a: Zapdos\n|-damage|p1a: Zapdos|0 fnt\n|faint|p1a: Zapdos\n|move|p1b: Ogerpon|Horn Leech|p2b: Landorus\n|-resisted|p2b: Landorus\n|-damage|p2b: Landorus|80\/100\n|move|p2a: Gholdengo|Make It Rain|p1b: Ogerpon\n|-supereffective|p1b: Ogerpon\n|-ability|p1b: Ogerpon|Sturdy\n|-damage|p1b: Ogerpon|1\/100\n|-unboost|p2a: Gholdengo|spa|1\n|\n|upkeep\n|inactive|LaPollaQueTeApoya has 120 seconds left.\n|\n|t:|1697685550\n|switch|p1a: Basculegion|Basculegion, M|100\/100\n|turn|2\n|\n|t:|1697685563\n|move|p2b: Landorus|Tera Blast|p1a: Basculegion|[anim] Tera Blast Flying\n|-damage|p1a: Basculegion|16\/100\n|move|p1a: Basculegion|Wave Crash|p2b: Landorus\n|-damage|p2b: Landorus|0 fnt\n|faint|p2b: Landorus\n|-damage|p1a: Basculegion|0 fnt|[from] Recoil\n|faint|p1a: Basculegion\n|move|p1b: Ogerpon|Horn Leech|p2a: Gholdengo\n|-resisted|p2a: Gholdengo\n|-damage|p2a: Gholdengo|6\/100\n|-heal|p1b: Ogerpon|9\/100|[from] drain|[of] p2a: Gholdengo\n|move|p2a: Gholdengo|Make It Rain|p1b: Ogerpon\n|-supereffective|p1b: Ogerpon\n|-damage|p1b: Ogerpon|0 fnt\n|-unboost|p2a: Gholdengo|spa|1\n|faint|p1b: Ogerpon\n|\n|upkeep\n|inactive|LaPollaQueTeApoya has 120 seconds left.\n|\n|t:|1697685584\n|switch|p2b: Enamorus|Enamorus-Therian, F|100\/100\n|switch|p1a: Armarouge|Armarouge, M|100\/100\n|switch|p1b: Tyranitar|Tyranitar, M|100\/100\n|-weather|Sandstorm|[from] ability: Sand Stream|[of] p1b: Tyranitar\n|turn|3\n|inactive|LaPollaQueTeApoya has 120 seconds left.\n|\n|t:|1697685627\n|move|p2a: Gholdengo|Make It Rain|p1a: Armarouge|[spread] p1a,p1b\n|-resisted|p1a: Armarouge\n|-supereffective|p1b: Tyranitar\n|-damage|p1a: Armarouge|88\/100\n|-damage|p1b: Tyranitar|83\/100\n|-unboost|p2a: Gholdengo|spa|1\n|move|p1a: Armarouge|Heat Wave|p2b: Enamorus|[spread] p2a,p2b\n|-supereffective|p2a: Gholdengo\n|-crit|p2b: Enamorus\n|-damage|p2a: Gholdengo|0 fnt\n|-damage|p2b: Enamorus|48\/100\n|faint|p2a: Gholdengo\n|move|p1b: Tyranitar|Rock Slide|p2b: Enamorus|[miss]\n|-miss|p1b: Tyranitar|p2b: Enamorus\n|move|p2b: Enamorus|Draining Kiss|p1b: Tyranitar\n|-supereffective|p1b: Tyranitar\n|-damage|p1b: Tyranitar|60\/100\n|-heal|p2b: Enamorus|68\/100|[from] drain|[of] p1b: Tyranitar\n|\n|-weather|Sandstorm|[upkeep]\n|-damage|p1a: Armarouge|82\/100|[from] Sandstorm\n|-heal|p2b: Enamorus|74\/100|[from] item: Leftovers\n|upkeep\n|\n|t:|1697685642\n|switch|p2a: Ninetales|Ninetales-Alola, F|100\/100\n|-weather|Snow|[from] ability: Snow Warning|[of] p2a: Ninetales\n|turn|4\n|inactive|LaPollaQueTeApoya has 120 seconds left.\n|\n|t:|1697685656\n|switch|p1b: Indeedee|Indeedee-F, F|100\/100\n|-fieldstart|move: Psychic Terrain|[from] ability: Psychic Surge|[of] p1b: Indeedee\n|move|p2b: Enamorus|Protect|p2b: Enamorus\n|-singleturn|p2b: Enamorus|Protect\n|move|p2a: Ninetales|Aurora Veil|p2a: Ninetales\n|-sidestart|p2: wyvernl0rd|move: Aurora Veil\n|move|p1a: Armarouge|Expanding Force|p2a: Ninetales|[spread] p2a\n|-activate|p2b: Enamorus|move: Protect\n|-damage|p2a: Ninetales|53\/100\n|\n|-weather|Snow|[upkeep]\n|-heal|p2b: Enamorus|80\/100|[from] item: Leftovers\n|upkeep\n|turn|5\n|\n|t:|1697685680\n|switch|p2a: Rillaboom|Rillaboom, F|100\/100\n|-fieldstart|move: Grassy Terrain|[from] ability: Grassy Surge|[of] p2a: Rillaboom\n|switch|p1b: Tyranitar|Tyranitar, M|60\/100\n|-weather|Sandstorm|[from] ability: Sand Stream|[of] p1b: Tyranitar\n|move|p1a: Armarouge|Heat Wave|p2a: Rillaboom|[spread] p2a,p2b\n|-supereffective|p2a: Rillaboom\n|-damage|p2a: Rillaboom|69\/100\n|-damage|p2b: Enamorus|56\/100\n|move|p2b: Enamorus|Calm Mind|p2b: Enamorus\n|-boost|p2b: Enamorus|spa|1\n|-boost|p2b: Enamorus|spd|1\n|\n|-weather|Sandstorm|[upkeep]\n|-damage|p2a: Rillaboom|63\/100|[from] Sandstorm\n|-damage|p1a: Armarouge|76\/100|[from] Sandstorm\n|-heal|p2a: Rillaboom|69\/100|[from] Grassy Terrain\n|-heal|p1a: Armarouge|82\/100|[from] Grassy Terrain\n|-heal|p1b: Tyranitar|66\/100|[from] Grassy Terrain\n|-heal|p2b: Enamorus|62\/100|[from] item: Leftovers\n|upkeep\n|turn|6\n|j| Kenpwnchi\n|\n|t:|1697685698\n|switch|p1b: Indeedee|Indeedee-F, F|100\/100\n|-fieldstart|move: Psychic Terrain|[from] ability: Psychic Surge|[of] p1b: Indeedee\n|move|p2a: Rillaboom|Fake Out|p1a: Armarouge\n|-activate|p1a: Armarouge|move: Psychic Terrain\n|move|p1a: Armarouge|Expanding Force|p2a: Rillaboom|[spread] p2a,p2b\n|-damage|p2a: Rillaboom|37\/100\n|-damage|p2b: Enamorus|30\/100\n|move|p2b: Enamorus|Draining Kiss|p1b: Indeedee\n|-damage|p1b: Indeedee|66\/100\n|-heal|p2b: Enamorus|56\/100|[from] drain|[of] p1b: Indeedee\n|\n|-weather|Sandstorm|[upkeep]\n|-damage|p1b: Indeedee|60\/100|[from] Sandstorm\n|-damage|p2a: Rillaboom|30\/100|[from] Sandstorm\n|-damage|p1a: Armarouge|76\/100|[from] Sandstorm\n|-heal|p2b: Enamorus|62\/100|[from] item: Leftovers\n|upkeep\n|turn|7\n|l| Kenpwnchi\n|\n|t:|1697685713\n|move|p1b: Indeedee|Helping Hand|p1a: Armarouge\n|-singleturn|p1a: Armarouge|Helping Hand|[of] p1b: Indeedee\n|move|p2b: Enamorus|Protect|p2b: Enamorus\n|-singleturn|p2b: Enamorus|Protect\n|move|p2a: Rillaboom|U-turn|p1b: Indeedee\n|-supereffective|p1b: Indeedee\n|-damage|p1b: Indeedee|0 fnt\n|faint|p1b: Indeedee\n|\n|t:|1697685721\n|switch|p2a: Ninetales|Ninetales-Alola, F|53\/100|[from] U-turn\n|-weather|Snow|[from] ability: Snow Warning|[of] p2a: Ninetales\n|move|p1a: Armarouge|Expanding Force|p2b: Enamorus|[spread] p2a\n|-activate|p2b: Enamorus|move: Protect\n|-damage|p2a: Ninetales|0 fnt\n|faint|p2a: Ninetales\n|\n|-weather|Snow|[upkeep]\n|-heal|p2b: Enamorus|68\/100|[from] item: Leftovers\n|upkeep\n|\n|t:|1697685728\n|switch|p2a: Rillaboom|Rillaboom, F|30\/100\n|switch|p1b: Tyranitar|Tyranitar, M|66\/100\n|-fieldstart|move: Grassy Terrain|[from] ability: Grassy Surge|[of] p2a: Rillaboom\n|-weather|Sandstorm|[from] ability: Sand Stream|[of] p1b: Tyranitar\n|turn|8\n|\n|t:|1697685747\n|-terastallize|p1b: Tyranitar|Bug\n|move|p2a: Rillaboom|Grassy Glide|p1b: Tyranitar\n|-resisted|p1b: Tyranitar\n|-damage|p1b: Tyranitar|53\/100\n|move|p1a: Armarouge|Heat Wave|p2b: Enamorus|[spread] p2a,p2b\n|-supereffective|p2a: Rillaboom\n|-damage|p2a: Rillaboom|0 fnt\n|-damage|p2b: Enamorus|52\/100\n|faint|p2a: Rillaboom\n|move|p1b: Tyranitar|Iron Head|p2b: Enamorus\n|-supereffective|p2b: Enamorus\n|-damage|p2b: Enamorus|14\/100\n|cant|p2b: Enamorus|flinch\n|\n|-weather|Sandstorm|[upkeep]\n|-damage|p1a: Armarouge|70\/100|[from] Sandstorm\n|-damage|p1b: Tyranitar|47\/100|[from] Sandstorm\n|-heal|p1a: Armarouge|76\/100|[from] Grassy Terrain\n|-heal|p1b: Tyranitar|53\/100|[from] Grassy Terrain\n|-heal|p2b: Enamorus|20\/100|[from] item: Leftovers\n|upkeep\n|\n|t:|1697685759\n|switch|p2a: Iron Hands|Iron Hands|100\/100\n|turn|9\n|\n|t:|1697685780\n|move|p2a: Iron Hands|Fake Out|p1b: Tyranitar\n|-damage|p1b: Tyranitar|42\/100\n|move|p1a: Armarouge|Expanding Force|p2a: Iron Hands\n|-supereffective|p2a: Iron Hands\n|-damage|p2a: Iron Hands|64\/100\n|cant|p1b: Tyranitar|flinch\n|move|p2b: Enamorus|Mystical Fire|p1b: Tyranitar\n|-supereffective|p1b: Tyranitar\n|-damage|p1b: Tyranitar|0 fnt\n|faint|p1b: Tyranitar\n|\n|-weather|Sandstorm|[upkeep]\n|-damage|p1a: Armarouge|70\/100|[from] Sandstorm\n|-damage|p2a: Iron Hands|58\/100|[from] Sandstorm\n|-heal|p1a: Armarouge|76\/100|[from] Grassy Terrain\n|-heal|p2a: Iron Hands|64\/100|[from] Grassy Terrain\n|-heal|p2b: Enamorus|26\/100|[from] item: Leftovers\n|upkeep\n|turn|10\n|\n|t:|1697685793\n|move|p1a: Armarouge|Expanding Force|p2a: Iron Hands\n|-supereffective|p2a: Iron Hands\n|-damage|p2a: Iron Hands|27\/100\n|move|p2a: Iron Hands|Wild Charge|p1a: Armarouge\n|-damage|p1a: Armarouge|32\/100\n|-damage|p2a: Iron Hands|19\/100|[from] Recoil\n|move|p2b: Enamorus|Draining Kiss|p1a: Armarouge\n|-resisted|p1a: Armarouge\n|-damage|p1a: Armarouge|7\/100\n|-heal|p2b: Enamorus|46\/100|[from] drain|[of] p1a: Armarouge\n|\n|-weather|Sandstorm|[upkeep]\n|-damage|p1a: Armarouge|1\/100|[from] Sandstorm\n|-damage|p2a: Iron Hands|13\/100|[from] Sandstorm\n|-heal|p1a: Armarouge|7\/100|[from] Grassy Terrain\n|-heal|p2a: Iron Hands|19\/100|[from] Grassy Terrain\n|-heal|p2b: Enamorus|52\/100|[from] item: Leftovers\n|upkeep\n|turn|11\n|\n|t:|1697685803\n|move|p1a: Armarouge|Expanding Force|p2a: Iron Hands\n|-supereffective|p2a: Iron Hands\n|-damage|p2a: Iron Hands|0 fnt\n|faint|p2a: Iron Hands\n|-end|p2a: Iron Hands|Quark Drive|[silent]\n|move|p2b: Enamorus|Draining Kiss|p1a: Armarouge\n|-resisted|p1a: Armarouge\n|-damage|p1a: Armarouge|0 fnt\n|-heal|p2b: Enamorus|58\/100|[from] drain|[of] p1a: Armarouge\n|faint|p1a: Armarouge\n|\n|win|wyvernl0rd\n|raw|LaPollaQueTeApoya's rating: 1713 &rarr; <strong>1688<\/strong><br \/>(-25 for losing)\n|raw|wyvernl0rd's rating: 1615 &rarr; <strong>1640<\/strong><br \/>(+25 for winning)\n|l|\u2606wyvernl0rd\n","uploadtime":1697686026,"views":13,"p1id":"lapollaqueteapoya","p2id":"wyvernl0rd","formatid":"gen9doublesou","rating":1640,"private":0,"password":""}