{"id":"gen9doublesou-1992922486","p1":"snuifwatzout","p2":"Boshigoat","format":"[Gen 9] Doubles OU","log":"|j|\u2606snuifwatzout\n|j|\u2606Boshigoat\n|t:|1700247113\n|gametype|doubles\n|player|p1|snuifwatzout|cynthia|1388\n|player|p2|Boshigoat|101|1685\n|teamsize|p1|6\n|teamsize|p2|6\n|gen|9\n|tier|[Gen 9] Doubles OU\n|rated|\n|rule|Species Clause: Limit one of each Pok\u00e9mon\n|rule|OHKO Clause: OHKO moves are banned\n|rule|Evasion Moves Clause: Evasion moves are banned\n|rule|Gravity Sleep Clause: The combination of sleep-inducing moves with imperfect accuracy and Gravity or Gigantamax Orbeetle are banned\n|rule|Endless Battle Clause: Forcing endless battles is banned\n|rule|HP Percentage Mod: HP is shown in percentages\n|clearpoke\n|poke|p1|Fezandipiti, M|\n|poke|p1|Iron Hands|\n|poke|p1|Iron Bundle|\n|poke|p1|Gliscor, M|\n|poke|p1|Ogerpon-Hearthflame, F|\n|poke|p1|Tornadus, M|\n|poke|p2|Ursaluna-Bloodmoon, M|\n|poke|p2|Sinistcha|\n|poke|p2|Conkeldurr, F|\n|poke|p2|Cresselia, F|\n|poke|p2|Diancie|\n|poke|p2|Kingambit, F|\n|teampreview\n|inactive|Battle timer is ON: inactive players will automatically lose when time's up. (requested by snuifwatzout)\n|\n|t:|1700247131\n|start\n|switch|p1a: Iron Hands|Iron Hands|100\/100\n|switch|p1b: Gliscor|Gliscor, M|100\/100\n|switch|p2a: Ursaluna|Ursaluna-Bloodmoon, M|100\/100\n|switch|p2b: Cresselia|Cresselia, F|100\/100\n|turn|1\n|\n|t:|1700247150\n|move|p1a: Iron Hands|Fake Out|p2a: Ursaluna\n|-damage|p2a: Ursaluna|92\/100\n|move|p1b: Gliscor|Taunt|p2b: Cresselia\n|-start|p2b: Cresselia|move: Taunt\n|-enditem|p2b: Cresselia|Mental Herb\n|-end|p2b: Cresselia|move: Taunt\n|cant|p2a: Ursaluna|flinch\n|move|p2b: Cresselia|Trick Room|p2b: Cresselia\n|-fieldstart|move: Trick Room|[of] p2b: Cresselia\n|\n|-status|p1b: Gliscor|tox|[from] item: Toxic Orb\n|upkeep\n|turn|2\n|\n|t:|1700247165\n|move|p2b: Cresselia|Ally Switch|p2b: Cresselia\n|swap|p2b: Cresselia|0|[from] move: Ally Switch\n|move|p2b: Ursaluna|Hyper Voice|p1a: Iron Hands|[spread] p1a,p1b\n|-damage|p1a: Iron Hands|82\/100\n|-damage|p1b: Gliscor|52\/100 tox\n|-enditem|p2b: Ursaluna|Throat Spray\n|-boost|p2b: Ursaluna|spa|1|[from] item: Throat Spray\n|move|p1a: Iron Hands|Drain Punch|p2a: Cresselia\n|-resisted|p2a: Cresselia\n|-damage|p2a: Cresselia|88\/100\n|-heal|p1a: Iron Hands|88\/100|[from] drain|[of] p2a: Cresselia\n|move|p1b: Gliscor|Toxic|p2a: Cresselia\n|-status|p2a: Cresselia|tox\n|\n|-damage|p2a: Cresselia|82\/100 tox|[from] psn\n|-heal|p1b: Gliscor|64\/100 tox|[from] ability: Poison Heal\n|upkeep\n|turn|3\n|\n|t:|1700247185\n|move|p2b: Ursaluna|Protect|p2b: Ursaluna\n|-singleturn|p2b: Ursaluna|Protect\n|move|p1b: Gliscor|Protect|p1b: Gliscor\n|-singleturn|p1b: Gliscor|Protect\n|move|p1a: Iron Hands|Drain Punch|p2a: Cresselia\n|-resisted|p2a: Cresselia\n|-damage|p2a: Cresselia|69\/100 tox\n|-heal|p1a: Iron Hands|93\/100|[from] drain|[of] p2a: Cresselia\n|move|p2a: Cresselia|Psychic|p1a: Iron Hands\n|-supereffective|p1a: Iron Hands\n|-damage|p1a: Iron Hands|71\/100\n|\n|-damage|p2a: Cresselia|57\/100 tox|[from] psn\n|-heal|p1b: Gliscor|77\/100 tox|[from] ability: Poison Heal\n|upkeep\n|turn|4\n|inactive|snuifwatzout has 120 seconds left.\n|\n|t:|1700247215\n|move|p2b: Ursaluna|Earth Power|p1a: Iron Hands\n|-supereffective|p1a: Iron Hands\n|-damage|p1a: Iron Hands|0 fnt\n|faint|p1a: Iron Hands\n|-end|p1a: Iron Hands|Quark Drive|[silent]\n|move|p2a: Cresselia|Lunar Blessing|p2a: Cresselia|[spread] p2a,p2b\n|-heal|p2a: Cresselia|82\/100 tox\n|-curestatus|p2a: Cresselia|tox|[msg]\n|-heal|p2b: Ursaluna|100\/100\n|move|p1b: Gliscor|Knock Off|p2a: Cresselia\n|-supereffective|p2a: Cresselia\n|-damage|p2a: Cresselia|63\/100\n|\n|-heal|p1b: Gliscor|89\/100 tox|[from] ability: Poison Heal\n|upkeep\n|inactive|snuifwatzout has 120 seconds left.\n|\n|t:|1700247228\n|switch|p1a: Tornadus|Tornadus, M|100\/100\n|turn|5\n|\n|t:|1700247236\n|move|p1a: Tornadus|Protect|p1a: Tornadus\n|-singleturn|p1a: Tornadus|Protect\n|move|p1b: Gliscor|Protect|p1b: Gliscor\n|-singleturn|p1b: Gliscor|Protect\n|move|p2b: Ursaluna|Hyper Voice|p1b: Gliscor|[spread] \n|-activate|p1a: Tornadus|move: Protect\n|-activate|p1b: Gliscor|move: Protect\n|move|p2a: Cresselia|Psychic|p1a: Tornadus\n|-activate|p1a: Tornadus|move: Protect\n|\n|-heal|p1b: Gliscor|100\/100 tox|[from] ability: Poison Heal\n|-fieldend|move: Trick Room\n|upkeep\n|turn|6\n|\n|t:|1700247253\n|move|p1a: Tornadus|Taunt|p2a: Cresselia\n|-start|p2a: Cresselia|move: Taunt\n|move|p1b: Gliscor|Toxic|p2b: Ursaluna\n|-status|p2b: Ursaluna|tox\n|move|p2b: Ursaluna|Hyper Voice|p1a: Tornadus|[spread] p1a,p1b\n|-damage|p1a: Tornadus|24\/100\n|-damage|p1b: Gliscor|27\/100 tox\n|cant|p2a: Cresselia|move: Taunt|Trick Room\n|\n|-heal|p1b: Gliscor|39\/100 tox|[from] ability: Poison Heal\n|-damage|p2b: Ursaluna|94\/100 tox|[from] psn\n|upkeep\n|turn|7\n|\n|t:|1700247283\n|switch|p2a: Kingambit|Kingambit, F|100\/100\n|move|p1b: Gliscor|Protect|p1b: Gliscor\n|-singleturn|p1b: Gliscor|Protect\n|move|p1a: Tornadus|Bleakwind Storm|p2b: Ursaluna|[spread] p2a,p2b\n|-resisted|p2a: Kingambit\n|-damage|p2a: Kingambit|81\/100\n|-damage|p2b: Ursaluna|52\/100 tox\n|move|p2b: Ursaluna|Hyper Voice|p1a: Tornadus|[spread] p1a\n|-activate|p1b: Gliscor|move: Protect\n|-damage|p1a: Tornadus|0 fnt\n|faint|p1a: Tornadus\n|\n|-heal|p1b: Gliscor|52\/100 tox|[from] ability: Poison Heal\n|-damage|p2b: Ursaluna|40\/100 tox|[from] psn\n|upkeep\n|\n|t:|1700247295\n|switch|p1a: Ogerpon|Ogerpon-Hearthflame, F|100\/100\n|-ability|p1a: Ogerpon|Mold Breaker\n|turn|8\n|inactive|snuifwatzout has 120 seconds left.\n|\n|t:|1700247330\n|move|p2a: Kingambit|Sucker Punch|p1a: Ogerpon\n|-damage|p1a: Ogerpon|46\/100\n|move|p1a: Ogerpon|Horn Leech|p2b: Ursaluna\n|-supereffective|p2b: Ursaluna\n|-damage|p2b: Ursaluna|0 fnt\n|-heal|p1a: Ogerpon|75\/100|[from] drain|[of] p2b: Ursaluna\n|faint|p2b: Ursaluna\n|move|p1b: Gliscor|Knock Off|p2a: Kingambit\n|-resisted|p2a: Kingambit\n|-damage|p2a: Kingambit|74\/100\n|-enditem|p2a: Kingambit|Clear Amulet|[from] move: Knock Off|[of] p1b: Gliscor\n|\n|-heal|p1b: Gliscor|64\/100 tox|[from] ability: Poison Heal\n|upkeep\n|\n|t:|1700247347\n|switch|p2b: Diancie|Diancie|100\/100\n|turn|9\n|\n|t:|1700247361\n|move|p1a: Ogerpon|Spiky Shield|p1a: Ogerpon\n|-singleturn|p1a: Ogerpon|move: Protect\n|move|p2a: Kingambit|Sucker Punch||[still]\n|-fail|p2a: Kingambit\n|move|p1b: Gliscor|Taunt|p2b: Diancie\n|-start|p2b: Diancie|move: Taunt\n|move|p2b: Diancie|Diamond Storm|p1b: Gliscor|[spread] p1b\n|-activate|p1a: Ogerpon|move: Protect\n|-damage|p1b: Gliscor|44\/100 tox\n|\n|-heal|p1b: Gliscor|57\/100 tox|[from] ability: Poison Heal\n|upkeep\n|turn|10\n|\n|t:|1700247375\n|move|p2a: Kingambit|Sucker Punch|p1a: Ogerpon\n|-damage|p1a: Ogerpon|19\/100\n|move|p1a: Ogerpon|Ivy Cudgel|p2a: Kingambit|[anim] Ivy Cudgel Fire\n|-supereffective|p2a: Kingambit\n|-damage|p2a: Kingambit|0 fnt\n|faint|p2a: Kingambit\n|-end|p2a: Kingambit|fallenundefined|[silent]\n|move|p1b: Gliscor|Toxic|p2b: Diancie\n|-status|p2b: Diancie|tox\n|move|p2b: Diancie|Diamond Storm|p1b: Gliscor|[spread] p1a,p1b\n|-supereffective|p1a: Ogerpon\n|-damage|p1a: Ogerpon|0 fnt\n|-damage|p1b: Gliscor|37\/100 tox\n|faint|p1a: Ogerpon\n|\n|-heal|p1b: Gliscor|49\/100 tox|[from] ability: Poison Heal\n|-damage|p2b: Diancie|94\/100 tox|[from] psn\n|upkeep\n|l|\u2606Boshigoat\n|inactive|Boshigoat disconnected and has a minute to reconnect!\n|player|p2|\n|inactive|Boshigoat has 30 seconds to reconnect!\n|j|\u2606Boshigoat\n|inactive|Boshigoat reconnected and has 100 seconds left.\n|player|p2|Boshigoat|101\n|inactive|Boshigoat has 90 seconds left.\n|\n|t:|1700247450\n|switch|p1a: Fezandipiti|Fezandipiti, M|100\/100\n|switch|p2a: Cresselia|Cresselia, F|63\/100\n|turn|11\n|inactive|Boshigoat has 90 seconds left.\n|\n|t:|1700247468\n|switch|p2a: Conkeldurr|Conkeldurr, F|100\/100\n|move|p1b: Gliscor|Taunt|p2a: Conkeldurr\n|-start|p2a: Conkeldurr|move: Taunt\n|move|p1a: Fezandipiti|Dazzling Gleam|p2a: Conkeldurr|[spread] p2a,p2b\n|-supereffective|p2a: Conkeldurr\n|-damage|p2a: Conkeldurr|66\/100\n|-damage|p2b: Diancie|82\/100 tox\n|-status|p2a: Conkeldurr|tox|[from] ability: Toxic Chain|[of] p1a: Fezandipiti\n|move|p2b: Diancie|Diamond Storm|p1b: Gliscor|[spread] p1a,p1b\n|-damage|p1a: Fezandipiti|76\/100\n|-damage|p1b: Gliscor|28\/100 tox\n|-boost|p2b: Diancie|def|2\n|\n|-heal|p1a: Fezandipiti|82\/100|[from] item: Leftovers\n|-heal|p1b: Gliscor|41\/100 tox|[from] ability: Poison Heal\n|-damage|p2b: Diancie|70\/100 tox|[from] psn\n|-damage|p2a: Conkeldurr|60\/100 tox|[from] psn\n|-end|p2b: Diancie|move: Taunt\n|upkeep\n|turn|12\n|inactive|Boshigoat has 90 seconds left.\n|\n|t:|1700247502\n|move|p1b: Gliscor|Protect|p1b: Gliscor\n|-singleturn|p1b: Gliscor|Protect\n|move|p2b: Diancie|Protect|p2b: Diancie\n|-singleturn|p2b: Diancie|Protect\n|move|p1a: Fezandipiti|Dazzling Gleam|p2a: Conkeldurr|[spread] p2a\n|-activate|p2b: Diancie|move: Protect\n|-supereffective|p2a: Conkeldurr\n|-damage|p2a: Conkeldurr|25\/100 tox\n|move|p2a: Conkeldurr|Ice Punch|p1b: Gliscor\n|-activate|p1b: Gliscor|move: Protect\n|\n|-heal|p1a: Fezandipiti|88\/100|[from] item: Leftovers\n|-heal|p1b: Gliscor|53\/100 tox|[from] ability: Poison Heal\n|-damage|p2b: Diancie|51\/100 tox|[from] psn\n|-damage|p2a: Conkeldurr|13\/100 tox|[from] psn\n|upkeep\n|turn|13\n|\n|t:|1700247520\n|move|p1b: Gliscor|Knock Off|p2b: Diancie\n|-resisted|p2b: Diancie\n|-damage|p2b: Diancie|47\/100 tox\n|-enditem|p2b: Diancie|Weakness Policy|[from] move: Knock Off|[of] p1b: Gliscor\n|move|p1a: Fezandipiti|Dazzling Gleam|p2b: Diancie|[spread] p2a,p2b\n|-supereffective|p2a: Conkeldurr\n|-damage|p2a: Conkeldurr|0 fnt\n|-damage|p2b: Diancie|36\/100 tox\n|faint|p2a: Conkeldurr\n|move|p2b: Diancie|Trick Room|p2b: Diancie\n|-fieldstart|move: Trick Room|[of] p2b: Diancie\n|\n|-heal|p1a: Fezandipiti|94\/100|[from] item: Leftovers\n|-damage|p2b: Diancie|11\/100 tox|[from] psn\n|-heal|p1b: Gliscor|65\/100 tox|[from] ability: Poison Heal\n|upkeep\n|\n|t:|1700247528\n|switch|p2a: Sinistcha|Sinistcha|100\/100\n|turn|14\n|inactive|Boshigoat has 120 seconds left.\n|\n|t:|1700247538\n|move|p2b: Diancie|Diamond Storm|p1a: Fezandipiti|[spread] p1a,p1b\n|-damage|p1a: Fezandipiti|72\/100\n|-damage|p1b: Gliscor|46\/100 tox\n|-boost|p2b: Diancie|def|2\n|move|p2a: Sinistcha|Matcha Gotcha|p1b: Gliscor|[spread] p1a,p1b\n|-resisted|p1a: Fezandipiti\n|-damage|p1a: Fezandipiti|59\/100\n|-damage|p1b: Gliscor|8\/100 tox\n|move|p1a: Fezandipiti|Dazzling Gleam|p2a: Sinistcha|[spread] p2a,p2b\n|-damage|p2a: Sinistcha|82\/100\n|-damage|p2b: Diancie|0 fnt\n|faint|p2b: Diancie\n|move|p1b: Gliscor|Toxic|p2a: Sinistcha\n|-status|p2a: Sinistcha|tox\n|\n|-heal|p1a: Fezandipiti|65\/100|[from] item: Leftovers\n|-damage|p2a: Sinistcha|76\/100 tox|[from] psn\n|-heal|p1b: Gliscor|20\/100 tox|[from] ability: Poison Heal\n|upkeep\n|\n|t:|1700247541\n|switch|p2b: Cresselia|Cresselia, F|63\/100\n|turn|15\n|\n|t:|1700247560\n|move|p1b: Gliscor|Protect|p1b: Gliscor\n|-singleturn|p1b: Gliscor|Protect\n|move|p2a: Sinistcha|Matcha Gotcha|p1a: Fezandipiti|[spread] p1a\n|-activate|p1b: Gliscor|move: Protect\n|-resisted|p1a: Fezandipiti\n|-damage|p1a: Fezandipiti|53\/100\n|-heal|p2a: Sinistcha|83\/100 tox|[from] drain|[of] p1a: Fezandipiti\n|move|p2b: Cresselia|Lunar Blessing|p2b: Cresselia|[spread] p2a,p2b\n|-heal|p2a: Sinistcha|100\/100 tox\n|-curestatus|p2a: Sinistcha|tox|[msg]\n|-heal|p2b: Cresselia|88\/100\n|move|p1a: Fezandipiti|Dazzling Gleam|p2b: Cresselia|[spread] p2a,p2b\n|-damage|p2a: Sinistcha|82\/100\n|-damage|p2b: Cresselia|79\/100\n|\n|-heal|p1a: Fezandipiti|59\/100|[from] item: Leftovers\n|-heal|p1b: Gliscor|33\/100 tox|[from] ability: Poison Heal\n|upkeep\n|turn|16\n|inactive|snuifwatzout has 120 seconds left.\n|inactive|Boshigoat has 120 seconds left.\n|\n|t:|1700247617\n|-terastallize|p2a: Sinistcha|Water\n|move|p2a: Sinistcha|Matcha Gotcha|p1a: Fezandipiti|[spread] p1a,p1b\n|-resisted|p1a: Fezandipiti\n|-damage|p1a: Fezandipiti|48\/100\n|-heal|p2a: Sinistcha|88\/100|[from] drain|[of] p1a: Fezandipiti\n|-damage|p1b: Gliscor|0 fnt\n|-heal|p2a: Sinistcha|100\/100|[from] drain|[of] p1b: Gliscor\n|faint|p1b: Gliscor\n|move|p2b: Cresselia|Psychic|p1a: Fezandipiti\n|-supereffective|p1a: Fezandipiti\n|-damage|p1a: Fezandipiti|13\/100\n|move|p1a: Fezandipiti|Dazzling Gleam|p2b: Cresselia|[spread] p2a,p2b\n|-damage|p2a: Sinistcha|83\/100\n|-damage|p2b: Cresselia|70\/100\n|-status|p2a: Sinistcha|tox|[from] ability: Toxic Chain|[of] p1a: Fezandipiti\n|\n|-heal|p1a: Fezandipiti|19\/100|[from] item: Leftovers\n|-damage|p2a: Sinistcha|77\/100 tox|[from] psn\n|upkeep\n|inactive|snuifwatzout has 90 seconds left.\n|\n|t:|1700247632\n|switch|p1b: Iron Bundle|Iron Bundle|100\/100\n|-enditem|p1b: Iron Bundle|Booster Energy\n|-activate|p1b: Iron Bundle|ability: Quark Drive|[fromitem]\n|-start|p1b: Iron Bundle|quarkdrivespe\n|turn|17\n|inactive|snuifwatzout has 90 seconds left.\n|\n|t:|1700247686\n|-terastallize|p1b: Iron Bundle|Ghost\n|move|p1a: Fezandipiti|Roost|p1a: Fezandipiti\n|-heal|p1a: Fezandipiti|69\/100\n|-singleturn|p1a: Fezandipiti|move: Roost\n|move|p1b: Iron Bundle|Freeze-Dry|p2a: Sinistcha\n|-supereffective|p2a: Sinistcha\n|-damage|p2a: Sinistcha|0 fnt\n|faint|p2a: Sinistcha\n|move|p2b: Cresselia|Trick Room|p2b: Cresselia\n|-fieldend|move: Trick Room\n|\n|-heal|p1a: Fezandipiti|75\/100|[from] item: Leftovers\n|upkeep\n|turn|18\n|-message|Boshigoat forfeited.\n|\n|win|snuifwatzout\n|raw|snuifwatzout's rating: 1388 &rarr; <strong>1422<\/strong><br \/>(+34 for winning)\n|raw|Boshigoat's rating: 1685 &rarr; <strong>1651<\/strong><br \/>(-34 for losing)\n|l|\u2606Boshigoat\n|c|\u2606snuifwatzout|?\n","uploadtime":1700247719,"views":13,"p1id":"snuifwatzout","p2id":"boshigoat","formatid":"gen9doublesou","rating":1422,"private":0,"password":""}