{"id":"gen9doublesou-1976313398","p1":"DreamyFleur","p2":"manalord","format":"[Gen 9] Doubles OU","log":"|j|\u2606DreamyFleur\n|j|\u2606manalord\n|inactive|Battle timer is ON: inactive players will automatically lose when time's up.\n|t:|1698285431\n|gametype|doubles\n|player|p1|DreamyFleur|tulip|\n|player|p2|manalord|karen|\n|teamsize|p1|6\n|teamsize|p2|6\n|gen|9\n|tier|[Gen 9] Doubles OU\n|rated|Tournament battle\n|rule|Species Clause: Limit one of each Pok\u00e9mon\n|rule|OHKO Clause: OHKO moves are banned\n|rule|Evasion Moves Clause: Evasion moves are banned\n|rule|Gravity Sleep Clause: The combination of sleep-inducing moves with imperfect accuracy and Gravity or Gigantamax Orbeetle are banned\n|rule|Endless Battle Clause: Forcing endless battles is banned\n|rule|HP Percentage Mod: HP is shown in percentages\n|clearpoke\n|poke|p1|Baxcalibur, F|\n|poke|p1|Salazzle, F|\n|poke|p1|Ceruledge, F|\n|poke|p1|Hoppip, M|\n|poke|p1|Gardevoir, F|\n|poke|p1|Goodra-Hisui, F|\n|poke|p2|Dugtrio, F|\n|poke|p2|Electrode-Hisui|\n|poke|p2|Arcanine-Hisui, F|\n|poke|p2|Yanmega, M|\n|poke|p2|Sinistcha|\n|poke|p2|Toxapex, F|\n|teampreview\n|j|*Lady Monita \u263d\n|inactive|DreamyFleur also wants the timer to be on.\n|inactive|manalord also wants the timer to be on.\n|c|\u2606DreamyFleur|hf\n|\n|t:|1698285461\n|start\n|switch|p1a: Hoppip|Hoppip, M, shiny|100\/100\n|switch|p1b: Gardevoir|Gardevoir, F|100\/100\n|switch|p2a: Arcanine|Arcanine-Hisui, F|100\/100\n|switch|p2b: Electrode|Electrode-Hisui|100\/100\n|-ability|p1b: Gardevoir|Aftermath|[from] ability: Trace|[of] p2b: Electrode\n|-item|p2b: Electrode|Air Balloon\n|-ability|p2a: Arcanine|Intimidate|boost\n|-unboost|p1a: Hoppip|atk|1\n|-unboost|p1b: Gardevoir|atk|1\n|turn|1\n|\n|t:|1698285488\n|move|p1b: Gardevoir|Psyshock|p2b: Electrode\n|-damage|p2b: Electrode|35\/100\n|-enditem|p2b: Electrode|Air Balloon\n|move|p2b: Electrode|Reflect|p2b: Electrode\n|-sidestart|p2: manalord|Reflect\n|move|p2a: Arcanine|Sunny Day|p2a: Arcanine\n|-weather|SunnyDay\n|move|p1a: Hoppip|Memento|p2a: Arcanine\n|-unboost|p2a: Arcanine|atk|2\n|-unboost|p2a: Arcanine|spa|2\n|faint|p1a: Hoppip\n|\n|-weather|SunnyDay|[upkeep]\n|upkeep\n|inactive|DreamyFleur has 120 seconds left.\n|\n|t:|1698285498\n|switch|p1a: Salazzle|Salazzle, F|100\/100\n|turn|2\n|\n|t:|1698285514\n|switch|p2b: Toxapex|Toxapex, F|100\/100\n|move|p2a: Arcanine|Extreme Speed|p1b: Gardevoir\n|-damage|p1b: Gardevoir|78\/100\n|move|p1b: Gardevoir|Psyshock|p2b: Toxapex\n|-supereffective|p2b: Toxapex\n|-damage|p2b: Toxapex|52\/100\n|move|p1a: Salazzle|Thunder Wave|p2a: Arcanine\n|-status|p2a: Arcanine|par\n|\n|-weather|SunnyDay|[upkeep]\n|-heal|p2b: Toxapex|58\/100|[from] item: Leftovers\n|upkeep\n|turn|3\n|\n|t:|1698285535\n|move|p1a: Salazzle|Helping Hand|p1b: Gardevoir\n|-singleturn|p1b: Gardevoir|Helping Hand|[of] p1a: Salazzle\n|move|p1b: Gardevoir|Psyshock|p2b: Toxapex\n|-supereffective|p2b: Toxapex\n|-damage|p2b: Toxapex|0 fnt\n|faint|p2b: Toxapex\n|cant|p2a: Arcanine|par\n|\n|-weather|SunnyDay|[upkeep]\n|upkeep\n|j| I E Tass\n|\n|t:|1698285548\n|switch|p2b: Dugtrio|Dugtrio, F|100\/100\n|turn|4\n|\n|t:|1698285564\n|switch|p1a: Baxcalibur|Baxcalibur, F|100\/100\n|move|p2b: Dugtrio|Sucker Punch|p1b: Gardevoir\n|-damage|p1b: Gardevoir|42\/100\n|move|p1b: Gardevoir|Psyshock|p2b: Dugtrio\n|-enditem|p2b: Dugtrio|Focus Sash\n|-damage|p2b: Dugtrio|1\/100\n|cant|p2a: Arcanine|par\n|\n|-weather|SunnyDay|[upkeep]\n|upkeep\n|turn|5\n|\n|t:|1698285593\n|switch|p2a: Electrode|Electrode-Hisui|35\/100\n|move|p2b: Dugtrio|Sucker Punch|p1b: Gardevoir\n|-damage|p1b: Gardevoir|6\/100\n|move|p1b: Gardevoir|Psyshock|p2b: Dugtrio\n|-damage|p2b: Dugtrio|0 fnt\n|faint|p2b: Dugtrio\n|move|p1a: Baxcalibur|Iron Head|p2a: Electrode\n|-resisted|p2a: Electrode\n|-damage|p2a: Electrode|18\/100\n|\n|-weather|none\n|-sideend|p2: manalord|Reflect\n|upkeep\n|\n|t:|1698285607\n|switch|p2b: Yanmega|Yanmega, M|100\/100\n|turn|6\n|\n|t:|1698285620\n|-terastallize|p2b: Yanmega|Fairy\n|move|p1b: Gardevoir|Psyshock|p2a: Electrode\n|-damage|p2a: Electrode|0 fnt\n|faint|p2a: Electrode\n|move|p1a: Baxcalibur|Icicle Crash|p2b: Yanmega\n|-damage|p2b: Yanmega|41\/100\n|move|p2b: Yanmega|Tera Blast|p1a: Baxcalibur|[anim] Tera Blast Fairy\n|-supereffective|p1a: Baxcalibur\n|-damage|p1a: Baxcalibur|0 fnt\n|faint|p1a: Baxcalibur\n|\n|-ability|p2b: Yanmega|Speed Boost|boost\n|-boost|p2b: Yanmega|spe|1\n|upkeep\n|\n|t:|1698285639\n|switch|p2a: Arcanine|Arcanine-Hisui, F|100\/100 par\n|switch|p1a: Salazzle|Salazzle, F|100\/100\n|-ability|p2a: Arcanine|Intimidate|boost\n|-unboost|p1a: Salazzle|atk|1\n|-unboost|p1b: Gardevoir|atk|1\n|turn|7\n|\n|t:|1698285650\n|switch|p2b: Sinistcha|Sinistcha|100\/100\n|cant|p2a: Arcanine|par\n|move|p1b: Gardevoir|Psyshock|p2a: Arcanine\n|-damage|p2a: Arcanine|49\/100 par\n|move|p1a: Salazzle|Sludge Bomb|p2b: Sinistcha\n|-damage|p2b: Sinistcha|48\/100\n|\n|-heal|p2b: Sinistcha|55\/100|[from] item: Leftovers\n|-heal|p2a: Arcanine|55\/100 par|[from] item: Leftovers\n|upkeep\n|turn|8\n|\n|t:|1698285676\n|switch|p1b: Ceruledge|Ceruledge, F, shiny|100\/100\n|move|p2a: Arcanine|Extreme Speed|p1b: Ceruledge\n|-immune|p1b: Ceruledge\n|move|p1a: Salazzle|Sludge Bomb|p2b: Sinistcha\n|-damage|p2b: Sinistcha|6\/100\n|-status|p2b: Sinistcha|psn\n|move|p2b: Sinistcha|Strength Sap|p1a: Salazzle\n|-unboost|p1a: Salazzle|atk|1\n|-heal|p2b: Sinistcha|29\/100 psn\n|\n|-heal|p2b: Sinistcha|35\/100 psn|[from] item: Leftovers\n|-heal|p2a: Arcanine|62\/100 par|[from] item: Leftovers\n|-damage|p2b: Sinistcha|22\/100 psn|[from] psn\n|upkeep\n|turn|9\n|\n|t:|1698285696\n|move|p1a: Salazzle|Heat Wave|p2b: Sinistcha|[spread] p2a,p2b\n|-resisted|p2a: Arcanine\n|-supereffective|p2b: Sinistcha\n|-damage|p2a: Arcanine|51\/100 par\n|-damage|p2b: Sinistcha|0 fnt\n|faint|p2b: Sinistcha\n|move|p1b: Ceruledge|Close Combat|p2a: Arcanine\n|-supereffective|p2a: Arcanine\n|-damage|p2a: Arcanine|0 fnt\n|-unboost|p1b: Ceruledge|def|1\n|-unboost|p1b: Ceruledge|spd|1\n|faint|p2a: Arcanine\n|\n|upkeep\n|\n|t:|1698285702\n|switch|p2b: Yanmega|Yanmega, M, tera:Fairy|41\/100\n|turn|10\n|\n|t:|1698285708\n|move|p1a: Salazzle|Sludge Bomb|p2b: Yanmega\n|-supereffective|p2b: Yanmega\n|-damage|p2b: Yanmega|0 fnt\n|faint|p2b: Yanmega\n|\n|win|DreamyFleur\n|n|\u2606DreamyFleur|dreamyfleur\n|n|\u2606manalord|manalord\n|n|*Lady Monita \u263d|ladymonita\n|n| I E Tass|ietass\n","uploadtime":1698285710,"views":15,"p1id":"dreamyfleur","p2id":"manalord","formatid":"gen9doublesou","rating":0,"private":0,"password":""}