{"id":"gen9doublesou-1973365467","p1":"Il Cecchino","p2":"hpl12345","format":"[Gen 9] Doubles OU","log":"|j|\u2606Il Cecchino\n|j|\u2606hpl12345\n|inactive|Battle timer is ON: inactive players will automatically lose when time's up.\n|t:|1697962483\n|gametype|doubles\n|player|p1|Il Cecchino|265|\n|player|p2|hpl12345|265|\n|teamsize|p1|6\n|teamsize|p2|6\n|gen|9\n|tier|[Gen 9] Doubles OU\n|rated|Tournament battle\n|rule|Species Clause: Limit one of each Pok\u00e9mon\n|rule|OHKO Clause: OHKO moves are banned\n|rule|Evasion Moves Clause: Evasion moves are banned\n|rule|Gravity Sleep Clause: The combination of sleep-inducing moves with imperfect accuracy and Gravity or Gigantamax Orbeetle are banned\n|rule|Endless Battle Clause: Forcing endless battles is banned\n|rule|HP Percentage Mod: HP is shown in percentages\n|clearpoke\n|poke|p1|Magcargo, M|\n|poke|p1|Charizard, M|\n|poke|p1|Swalot, M|\n|poke|p1|Haunter, F|\n|poke|p1|Camerupt, M|\n|poke|p1|Kommo-o, M|\n|poke|p2|Clodsire, F|\n|poke|p2|Beartic, M|\n|poke|p2|Sinistcha|\n|poke|p2|Sylveon, M|\n|poke|p2|Mudsdale, F|\n|poke|p2|Scovillain, F|\n|teampreview\n|j|*Lady Monita \u263d\n|inactive|Il Cecchino has 120 seconds left.\n|\n|t:|1697962537\n|start\n|switch|p1a: Haunter|Haunter, F|100\/100\n|switch|p1b: Camerupt|Camerupt, M|100\/100\n|switch|p2a: Clodsire|Clodsire, F|100\/100\n|switch|p2b: Mudsdale|Mudsdale, F|100\/100\n|turn|1\n|\n|t:|1697962561\n|-terastallize|p1b: Camerupt|Grass\n|move|p1a: Haunter|Sunny Day|p1a: Haunter\n|-weather|SunnyDay\n|move|p1b: Camerupt|Tera Blast|p2b: Mudsdale|[anim] Tera Blast Grass\n|-supereffective|p2b: Mudsdale\n|-damage|p2b: Mudsdale|48\/100\n|-ability|p2b: Mudsdale|Stamina|boost\n|-boost|p2b: Mudsdale|def|1\n|move|p2b: Mudsdale|Stealth Rock|p1b: Camerupt\n|-sidestart|p1: Il Cecchino|move: Stealth Rock\n|move|p2a: Clodsire|Earthquake|p1a: Haunter|[spread] p2b,p1b\n|-immune|p1a: Haunter|[from] ability: Levitate\n|-resisted|p1b: Camerupt\n|-damage|p2b: Mudsdale|36\/100\n|-damage|p1b: Camerupt|87\/100\n|-ability|p2b: Mudsdale|Stamina|boost\n|-boost|p2b: Mudsdale|def|1\n|\n|-weather|SunnyDay|[upkeep]\n|-heal|p2b: Mudsdale|42\/100|[from] item: Leftovers\n|upkeep\n|turn|2\n|inactive|Il Cecchino has 120 seconds left.\n|\n|t:|1697962611\n|move|p2b: Mudsdale|Protect|p2b: Mudsdale\n|-singleturn|p2b: Mudsdale|Protect\n|move|p1a: Haunter|Sludge Bomb|p2a: Clodsire\n|-resisted|p2a: Clodsire\n|-damage|p2a: Clodsire|95\/100\n|move|p1b: Camerupt|Tera Blast|p2b: Mudsdale|[anim] Tera Blast Grass\n|-activate|p2b: Mudsdale|move: Protect\n|move|p2a: Clodsire|Rock Slide|p1a: Haunter|[spread] p1a,p1b\n|-damage|p1a: Haunter|73\/100\n|-damage|p1b: Camerupt|74\/100\n|\n|-weather|SunnyDay|[upkeep]\n|-heal|p2b: Mudsdale|48\/100|[from] item: Leftovers\n|upkeep\n|turn|3\n|inactive|Il Cecchino has 120 seconds left.\n|\n|t:|1697962640\n|switch|p1a: Swalot|Swalot, M|100\/100\n|-damage|p1a: Swalot|88\/100|[from] Stealth Rock\n|-terastallize|p2b: Mudsdale|Fighting\n|move|p1b: Camerupt|Earth Power|p2a: Clodsire\n|-supereffective|p2a: Clodsire\n|-damage|p2a: Clodsire|48\/100\n|move|p2b: Mudsdale|Rest|p2b: Mudsdale\n|-status|p2b: Mudsdale|slp|[from] move: Rest\n|-heal|p2b: Mudsdale|100\/100 slp|[silent]\n|move|p2a: Clodsire|Rock Slide|p1a: Swalot|[spread] p1a,p1b\n|-damage|p1a: Swalot|78\/100\n|-damage|p1b: Camerupt|59\/100\n|\n|-weather|SunnyDay|[upkeep]\n|upkeep\n|turn|4\n|inactive|Il Cecchino has 120 seconds left.\n|inactive|hpl12345 has 120 seconds left.\n|j| Carolina6969\n|inactive|Il Cecchino has 90 seconds left.\n|\n|t:|1697962683\n|move|p1a: Swalot|Helping Hand|p1b: Camerupt\n|-singleturn|p1b: Camerupt|Helping Hand|[of] p1a: Swalot\n|move|p2a: Clodsire|Protect|p2a: Clodsire\n|-singleturn|p2a: Clodsire|Protect\n|move|p1b: Camerupt|Earth Power|p2a: Clodsire\n|-activate|p2a: Clodsire|move: Protect\n|cant|p2b: Mudsdale|slp\n|\n|-weather|SunnyDay|[upkeep]\n|upkeep\n|turn|5\n|\n|t:|1697962703\n|move|p1a: Swalot|Encore|p2b: Mudsdale\n|-start|p2b: Mudsdale|Encore\n|move|p1b: Camerupt|Earth Power|p2a: Clodsire\n|-supereffective|p2a: Clodsire\n|-damage|p2a: Clodsire|0 fnt\n|faint|p2a: Clodsire\n|cant|p2b: Mudsdale|slp\n|\n|-weather|none\n|upkeep\n|\n|t:|1697962713\n|switch|p2a: Scovillain|Scovillain, F|100\/100\n|turn|6\n|inactive|Il Cecchino has 120 seconds left.\n|\n|t:|1697962733\n|switch|p1b: Magcargo|Magcargo, M|100\/100\n|-damage|p1b: Magcargo|75\/100|[from] Stealth Rock\n|move|p2a: Scovillain|Flamethrower|p1b: Magcargo\n|-resisted|p1b: Magcargo\n|-damage|p1b: Magcargo|64\/100\n|move|p1a: Swalot|Sludge Bomb|p2a: Scovillain\n|-supereffective|p2a: Scovillain\n|-crit|p2a: Scovillain\n|-damage|p2a: Scovillain|30\/100\n|-curestatus|p2b: Mudsdale|slp|[msg]\n|move|p2b: Mudsdale|Rest|p2b: Mudsdale\n|-fail|p2b: Mudsdale|heal\n|\n|-heal|p2a: Scovillain|36\/100|[from] item: Leftovers\n|-ability|p2a: Scovillain|Moody|boost\n|-boost|p2a: Scovillain|spa|2\n|-unboost|p2a: Scovillain|def|1\n|upkeep\n|turn|7\n|j| ElliottTJX\n|inactive|Il Cecchino has 120 seconds left.\n|\n|t:|1697962763\n|move|p2a: Scovillain|Giga Drain|p1b: Magcargo\n|-damage|p1b: Magcargo|0 fnt\n|-heal|p2a: Scovillain|67\/100|[from] drain|[of] p1b: Magcargo\n|faint|p1b: Magcargo\n|move|p1a: Swalot|Sludge Bomb|p2a: Scovillain\n|-supereffective|p2a: Scovillain\n|-damage|p2a: Scovillain|24\/100\n|-status|p2a: Scovillain|psn\n|move|p2b: Mudsdale|Rest|p2b: Mudsdale\n|-fail|p2b: Mudsdale|heal\n|\n|-heal|p2a: Scovillain|30\/100 psn|[from] item: Leftovers\n|-damage|p2a: Scovillain|17\/100 psn|[from] psn\n|-end|p2b: Mudsdale|Encore\n|-ability|p2a: Scovillain|Moody|boost\n|-boost|p2a: Scovillain|spd|2\n|-unboost|p2a: Scovillain|atk|1\n|upkeep\n|inactive|Il Cecchino has 120 seconds left.\n|\n|t:|1697962789\n|switch|p1b: Haunter|Haunter, F|73\/100\n|-damage|p1b: Haunter|61\/100|[from] Stealth Rock\n|turn|8\n|inactive|Il Cecchino has 120 seconds left.\n|\n|t:|1697962804\n|move|p2a: Scovillain|Rage Powder|p2a: Scovillain\n|-singleturn|p2a: Scovillain|move: Rage Powder\n|move|p1b: Haunter|Sludge Bomb|p2a: Scovillain\n|-supereffective|p2a: Scovillain\n|-damage|p2a: Scovillain|0 fnt\n|faint|p2a: Scovillain\n|move|p1a: Swalot|Encore|p2b: Mudsdale\n|-start|p2b: Mudsdale|Encore\n|move|p2b: Mudsdale|Rest|p2b: Mudsdale\n|-fail|p2b: Mudsdale|heal\n|\n|upkeep\n|\n|t:|1697962812\n|switch|p2a: Beartic|Beartic, M|100\/100\n|turn|9\n|\n|t:|1697962831\n|move|p1b: Haunter|Destiny Bond|p1b: Haunter\n|-singlemove|p1b: Haunter|Destiny Bond\n|move|p2a: Beartic|Earthquake|p1a: Swalot|[spread] p2b,p1a\n|-immune|p1b: Haunter|[from] ability: Levitate\n|-supereffective|p1a: Swalot\n|-damage|p2b: Mudsdale|88\/100\n|-damage|p1a: Swalot|24\/100\n|-ability|p2b: Mudsdale|Stamina|boost\n|-boost|p2b: Mudsdale|def|1\n|move|p1a: Swalot|Sludge Bomb|p2a: Beartic\n|-damage|p2a: Beartic|72\/100\n|move|p2b: Mudsdale|Rest|p2b: Mudsdale\n|-status|p2b: Mudsdale|slp|[from] move: Rest\n|-heal|p2b: Mudsdale|100\/100 slp|[silent]\n|\n|-heal|p2a: Beartic|78\/100|[from] item: Leftovers\n|upkeep\n|turn|10\n|inactive|Il Cecchino has 120 seconds left.\n|\n|t:|1697962864\n|move|p1a: Swalot|Helping Hand|p1b: Haunter\n|-singleturn|p1b: Haunter|Helping Hand|[of] p1a: Swalot\n|move|p1b: Haunter|Sludge Bomb|p2a: Beartic\n|-damage|p2a: Beartic|5\/100\n|move|p2a: Beartic|Snowscape|p2a: Beartic\n|-weather|Snow\n|cant|p2b: Mudsdale|slp\n|\n|-weather|Snow|[upkeep]\n|-heal|p2a: Beartic|11\/100|[from] item: Leftovers\n|-end|p2b: Mudsdale|Encore\n|upkeep\n|turn|11\n|inactive|Il Cecchino has 120 seconds left.\n|inactive|hpl12345 has 120 seconds left.\n|\n|t:|1697962910\n|move|p2a: Beartic|Earthquake|p1b: Haunter|[spread] p2b,p1a\n|-immune|p1b: Haunter|[from] ability: Levitate\n|-supereffective|p1a: Swalot\n|-damage|p2b: Mudsdale|91\/100 slp\n|-damage|p1a: Swalot|0 fnt\n|-ability|p2b: Mudsdale|Stamina|boost\n|-boost|p2b: Mudsdale|def|1\n|faint|p1a: Swalot\n|move|p1b: Haunter|Sludge Bomb|p2a: Beartic\n|-damage|p2a: Beartic|0 fnt\n|faint|p2a: Beartic\n|cant|p2b: Mudsdale|slp\n|\n|-weather|Snow|[upkeep]\n|-heal|p2b: Mudsdale|97\/100 slp|[from] item: Leftovers\n|upkeep\n|l| ElliottTJX\n|inactive|Il Cecchino has 120 seconds left.\n|inactive|Il Cecchino has 90 seconds left.\n|\n|t:|1697962962\n|switch|p2a: Sylveon|Sylveon, M|100\/100\n|switch|p1a: Camerupt|Camerupt, M, tera:Grass|59\/100\n|-damage|p1a: Camerupt|47\/100|[from] Stealth Rock\n|turn|12\n|inactive|hpl12345 has 120 seconds left.\n|\n|t:|1697962997\n|move|p2a: Sylveon|Protect|p2a: Sylveon\n|-singleturn|p2a: Sylveon|Protect\n|move|p1b: Haunter|Sludge Bomb|p2a: Sylveon\n|-activate|p2a: Sylveon|move: Protect\n|move|p1a: Camerupt|Earth Power|p2a: Sylveon\n|-activate|p2a: Sylveon|move: Protect\n|-curestatus|p2b: Mudsdale|slp|[msg]\n|move|p2b: Mudsdale|Body Press|p1a: Camerupt\n|-damage|p1a: Camerupt|0 fnt\n|faint|p1a: Camerupt\n|\n|-weather|Snow|[upkeep]\n|-heal|p2b: Mudsdale|100\/100|[from] item: Leftovers\n|upkeep\n|l| Carolina6969\n|inactive|Il Cecchino has 90 seconds left.\n|\n|t:|1697963036\n|switch|p1a: Charizard|Charizard, M|100\/100\n|-damage|p1a: Charizard|51\/100|[from] Stealth Rock\n|turn|13\n|inactive|Il Cecchino has 90 seconds left.\n|\n|t:|1697963046\n|move|p1a: Charizard|Flare Blitz|p2a: Sylveon\n|-damage|p2a: Sylveon|65\/100\n|-damage|p1a: Charizard|35\/100|[from] Recoil\n|-enditem|p1a: Charizard|Sitrus Berry|[eat]\n|-heal|p1a: Charizard|60\/100|[from] item: Sitrus Berry\n|move|p1b: Haunter|Sludge Bomb|p2a: Sylveon\n|-supereffective|p2a: Sylveon\n|-damage|p2a: Sylveon|7\/100\n|move|p2a: Sylveon|Psychic|p1b: Haunter\n|-supereffective|p1b: Haunter\n|-damage|p1b: Haunter|0 fnt\n|faint|p1b: Haunter\n|move|p2b: Mudsdale|Body Press|p1a: Charizard\n|-resisted|p1a: Charizard\n|-damage|p1a: Charizard|5\/100\n|\n|-weather|Snow|[upkeep]\n|-heal|p2a: Sylveon|13\/100|[from] item: Leftovers\n|upkeep\n|inactive|Il Cecchino has 90 seconds left.\n|\n|t:|1697963060\n|switch|p1b: Kommo-o|Kommo-o, M|100\/100\n|-damage|p1b: Kommo-o|94\/100|[from] Stealth Rock\n|turn|14\n|j| Carolina6969\n|inactive|Il Cecchino has 90 seconds left.\n|\n|t:|1697963091\n|move|p2a: Sylveon|Protect|p2a: Sylveon\n|-singleturn|p2a: Sylveon|Protect\n|move|p1a: Charizard|Acrobatics|p2a: Sylveon\n|-activate|p2a: Sylveon|move: Protect\n|move|p1b: Kommo-o|Clangorous Soul|p1b: Kommo-o\n|-boost|p1b: Kommo-o|atk|1\n|-boost|p1b: Kommo-o|def|1\n|-boost|p1b: Kommo-o|spa|1\n|-boost|p1b: Kommo-o|spd|1\n|-boost|p1b: Kommo-o|spe|1\n|-damage|p1b: Kommo-o|61\/100\n|move|p2b: Mudsdale|Body Press|p1a: Charizard\n|-resisted|p1a: Charizard\n|-damage|p1a: Charizard|0 fnt\n|faint|p1a: Charizard\n|\n|-weather|none\n|-heal|p2a: Sylveon|19\/100|[from] item: Leftovers\n|upkeep\n|turn|15\n|inactive|Il Cecchino has 90 seconds left.\n|\n|t:|1697963116\n|move|p1b: Kommo-o|Flash Cannon|p2a: Sylveon\n|-supereffective|p2a: Sylveon\n|-damage|p2a: Sylveon|0 fnt\n|faint|p2a: Sylveon\n|move|p2b: Mudsdale|Body Press|p1b: Kommo-o\n|-damage|p1b: Kommo-o|14\/100\n|-enditem|p1b: Kommo-o|Sitrus Berry|[eat]\n|-heal|p1b: Kommo-o|39\/100|[from] item: Sitrus Berry\n|\n|upkeep\n|\n|t:|1697963122\n|switch|p2a: Sinistcha|Sinistcha|100\/100\n|turn|16\n|\n|t:|1697963143\n|move|p1b: Kommo-o|Clanging Scales|p2b: Mudsdale|[spread] p2a,p2b\n|-damage|p2a: Sinistcha|34\/100\n|-damage|p2b: Mudsdale|66\/100\n|-ability|p2b: Mudsdale|Stamina|boost\n|-boost|p2b: Mudsdale|def|1\n|-unboost|p1b: Kommo-o|def|1\n|move|p2a: Sinistcha|Hex|p1b: Kommo-o\n|-damage|p1b: Kommo-o|23\/100\n|move|p2b: Mudsdale|Body Press|p1b: Kommo-o\n|-damage|p1b: Kommo-o|0 fnt\n|faint|p1b: Kommo-o\n|\n|win|hpl12345\n|n|\u2606Il Cecchino|ilcecchino\n|n|\u2606hpl12345|hpl12345\n|n|*Lady Monita \u263d|ladymonita\n|n| Carolina6969|carolina6969\n","uploadtime":1697963145,"views":26,"p1id":"ilcecchino","p2id":"hpl12345","formatid":"gen9doublesou","rating":0,"private":0,"password":""}