{"id":"gen9doublesou-1981792093","p1":"Darkrai5555","p2":"chickenbutt200","format":"[Gen 9] Doubles OU","log":"|j|\u2606Darkrai5555\n|j|\u2606chickenbutt200\n|t:|1698941959\n|gametype|doubles\n|player|p1|Darkrai5555|nate|1154\n|player|p2|chickenbutt200|1|1072\n|teamsize|p1|6\n|teamsize|p2|6\n|gen|9\n|tier|[Gen 9] Doubles OU\n|rated|\n|rule|Species Clause: Limit one of each Pok\u00e9mon\n|rule|OHKO Clause: OHKO moves are banned\n|rule|Evasion Moves Clause: Evasion moves are banned\n|rule|Gravity Sleep Clause: The combination of sleep-inducing moves with imperfect accuracy and Gravity or Gigantamax Orbeetle are banned\n|rule|Endless Battle Clause: Forcing endless battles is banned\n|rule|HP Percentage Mod: HP is shown in percentages\n|clearpoke\n|poke|p1|Indeedee-F, F|\n|poke|p1|Armarouge, M|\n|poke|p1|Sneasler, M|\n|poke|p1|Dondozo, M|\n|poke|p1|Ting-Lu|\n|poke|p1|Gholdengo|\n|poke|p2|Toxapex, M|\n|poke|p2|Dragapult, F|\n|poke|p2|Infernape, M|\n|poke|p2|Dragonite, M|\n|poke|p2|Gliscor, M|\n|poke|p2|Sneasler, F|\n|teampreview\n|inactive|Battle timer is ON: inactive players will automatically lose when time's up. (requested by Darkrai5555)\n|\n|t:|1698941983\n|start\n|switch|p1a: Indeedee|Indeedee-F, F, shiny|100\/100\n|switch|p1b: Armarouge|Armarouge, M, shiny|100\/100\n|switch|p2a: Toxapex|Toxapex, M, shiny|100\/100\n|switch|p2b: Infernape|Infernape, M|100\/100\n|-fieldstart|move: Psychic Terrain|[from] ability: Psychic Surge|[of] p1a: Indeedee\n|turn|1\n|\n|t:|1698942000\n|move|p2b: Infernape|Knock Off|p1a: Indeedee\n|-supereffective|p1a: Indeedee\n|-damage|p1a: Indeedee|15\/100\n|-enditem|p1a: Indeedee|Mental Herb|[from] move: Knock Off|[of] p2b: Infernape\n|move|p1b: Armarouge|Expanding Force|p2a: Toxapex|[spread] p2a,p2b\n|-supereffective|p2a: Toxapex\n|-supereffective|p2b: Infernape\n|-damage|p2a: Toxapex|0 fnt\n|-damage|p2b: Infernape|0 fnt\n|faint|p2a: Toxapex\n|faint|p2b: Infernape\n|move|p1a: Indeedee|Trick Room|p1a: Indeedee\n|-fieldstart|move: Trick Room|[of] p1a: Indeedee\n|\n|upkeep\n|\n|t:|1698942014\n|switch|p2a: Gliscor|Gliscor, M, shiny|100\/100\n|switch|p2b: Dragonite|Dragonite, M|100\/100\n|turn|2\n|c|\u2606Darkrai5555|Damn\n|\n|t:|1698942028\n|move|p1a: Indeedee|Protect|p1a: Indeedee\n|-singleturn|p1a: Indeedee|Protect\n|move|p1b: Armarouge|Expanding Force|p2b: Dragonite|[spread] p2a,p2b\n|-damage|p2a: Gliscor|17\/100\n|-damage|p2b: Dragonite|68\/100\n|move|p2b: Dragonite|Body Slam|p1b: Armarouge\n|-damage|p1b: Armarouge|64\/100\n|-damage|p2b: Dragonite|58\/100|[from] item: Life Orb\n|move|p2a: Gliscor|Earthquake|p1b: Armarouge|[spread] p1b\n|-activate|p1a: Indeedee|move: Protect\n|-immune|p2b: Dragonite\n|-supereffective|p1b: Armarouge\n|-damage|p1b: Armarouge|11\/100\n|\n|-status|p2a: Gliscor|tox|[from] item: Toxic Orb\n|upkeep\n|turn|3\n|\n|t:|1698942049\n|move|p2b: Dragonite|Extreme Speed|p1b: Armarouge\n|-activate|p1b: Armarouge|move: Psychic Terrain\n|move|p1a: Indeedee|Dazzling Gleam|p2a: Gliscor|[spread] p2a,p2b\n|-supereffective|p2b: Dragonite\n|-damage|p2a: Gliscor|2\/100 tox\n|-damage|p2b: Dragonite|36\/100\n|move|p1b: Armarouge|Expanding Force|p2a: Gliscor|[spread] p2a,p2b\n|-damage|p2a: Gliscor|0 fnt\n|-damage|p2b: Dragonite|0 fnt\n|faint|p2a: Gliscor\n|faint|p2b: Dragonite\n|\n|upkeep\n|\n|t:|1698942057\n|switch|p2b: Sneasler|Sneasler, F|100\/100\n|switch|p2a: Dragapult|Dragapult, F|100\/100\n|turn|4\n|c|\u2606Darkrai5555|Bro give up\n|\n|t:|1698942074\n|move|p1a: Indeedee|Follow Me|p1a: Indeedee\n|-singleturn|p1a: Indeedee|move: Follow Me\n|move|p1b: Armarouge|Expanding Force|p2a: Dragapult|[spread] p2a,p2b\n|-supereffective|p2b: Sneasler\n|-damage|p2a: Dragapult|9\/100\n|-damage|p2b: Sneasler|0 fnt\n|faint|p2b: Sneasler\n|move|p2a: Dragapult|Dragon Darts|p1a: Indeedee\n|-damage|p1a: Indeedee|0 fnt\n|faint|p1a: Indeedee\n|\n|-heal|p2a: Dragapult|15\/100|[from] item: Leftovers\n|upkeep\n|\n|t:|1698942086\n|switch|p1a: Ting-Lu|Ting-Lu|100\/100\n|-ability|p1a: Ting-Lu|Vessel of Ruin\n|turn|5\n|c|\u2606chickenbutt200|NOOO\n|\n|t:|1698942114\n|move|p2a: Dragapult|Sucker Punch|p1b: Armarouge\n|-activate|p1b: Armarouge|move: Psychic Terrain\n|move|p1a: Ting-Lu|Throat Chop|p2a: Dragapult\n|-supereffective|p2a: Dragapult\n|-damage|p2a: Dragapult|0 fnt\n|faint|p2a: Dragapult\n|\n|win|Darkrai5555\n|raw|Darkrai5555's rating: 1154 &rarr; <strong>1173<\/strong><br \/>(+19 for winning)\n|raw|chickenbutt200's rating: 1072 &rarr; <strong>1056<\/strong><br \/>(-16 for losing)\n","uploadtime":1698942130,"views":14,"p1id":"darkrai5555","p2id":"chickenbutt200","formatid":"gen9doublesou","rating":1056,"private":0,"password":""}