{"id":"gen9doublesou-1997756303","p1":"cesar dios pokemon","p2":"lvcinda","format":"[Gen 9] Doubles OU","log":"|j|\u2606cesar dios pokemon\n|j|\u2606lvcinda\n|inactive|Battle timer is ON: inactive players will automatically lose when time's up.\n|t:|1700849320\n|gametype|doubles\n|player|p1|cesar dios pokemon|169|\n|player|p2|lvcinda|cynthia-anime2|\n|teamsize|p1|6\n|teamsize|p2|6\n|gen|9\n|tier|[Gen 9] Doubles OU\n|rated|Tournament battle\n|rule|Species Clause: Limit one of each Pok\u00e9mon\n|rule|OHKO Clause: OHKO moves are banned\n|rule|Evasion Moves Clause: Evasion moves are banned\n|rule|Gravity Sleep Clause: The combination of sleep-inducing moves with imperfect accuracy and Gravity or Gigantamax Orbeetle are banned\n|rule|Endless Battle Clause: Forcing endless battles is banned\n|rule|HP Percentage Mod: HP is shown in percentages\n|clearpoke\n|poke|p1|Quaxly, M|\n|poke|p1|Mareanie, M|\n|poke|p1|Polteageist|\n|poke|p1|Silicobra, F|\n|poke|p1|Mudbray, F|\n|poke|p1|Fuecoco, F|\n|poke|p2|Wooper-Paldea, M|\n|poke|p2|Finneon, F|\n|poke|p2|Hippopotas, F|\n|poke|p2|Hoppip, M|\n|poke|p2|Dragonite, M|\n|poke|p2|Cetoddle, F|\n|teampreview\n|j|*Lady Monita \u2746\n|\n|t:|1700849340\n|start\n|switch|p1a: Mareanie|Mareanie, M|100\/100\n|switch|p1b: Polteageist|Polteageist|100\/100\n|switch|p2a: Hippopotas|Hippopotas, F, shiny|100\/100\n|switch|p2b: Cetoddle|Cetoddle, F|100\/100\n|-weather|Sandstorm|[from] ability: Sand Stream|[of] p2a: Hippopotas\n|turn|1\n|\n|t:|1700849348\n|move|p1b: Polteageist|Shell Smash|p1b: Polteageist\n|-unboost|p1b: Polteageist|def|1\n|-unboost|p1b: Polteageist|spd|1\n|-boost|p1b: Polteageist|atk|2\n|-boost|p1b: Polteageist|spa|2\n|-boost|p1b: Polteageist|spe|2\n|-enditem|p1b: Polteageist|White Herb\n|-clearnegativeboost|p1b: Polteageist|[silent]\n|move|p1a: Mareanie|Toxic|p2b: Cetoddle\n|-status|p2b: Cetoddle|tox\n|move|p2b: Cetoddle|Knock Off|p1b: Polteageist\n|-supereffective|p1b: Polteageist\n|-damage|p1b: Polteageist|38\/100\n|-ability|p1b: Polteageist|Weak Armor|boost\n|-unboost|p1b: Polteageist|def|1\n|-boost|p1b: Polteageist|spe|2\n|move|p2a: Hippopotas|Stealth Rock|p1b: Polteageist\n|-sidestart|p1: cesar dios pokemon|move: Stealth Rock\n|\n|-weather|Sandstorm|[upkeep]\n|-damage|p1b: Polteageist|32\/100|[from] Sandstorm\n|-damage|p1a: Mareanie|95\/100|[from] Sandstorm\n|-damage|p2b: Cetoddle|94\/100 tox|[from] Sandstorm\n|-damage|p2b: Cetoddle|88\/100 tox|[from] psn\n|upkeep\n|turn|2\n|\n|t:|1700849356\n|move|p2b: Cetoddle|Ice Shard|p1b: Polteageist\n|-damage|p1b: Polteageist|0 fnt\n|faint|p1b: Polteageist\n|move|p1a: Mareanie|Chilling Water|p2a: Hippopotas\n|-supereffective|p2a: Hippopotas\n|-damage|p2a: Hippopotas|82\/100\n|-unboost|p2a: Hippopotas|atk|1\n|move|p2a: Hippopotas|Rock Slide|p1a: Mareanie\n|-damage|p1a: Mareanie|88\/100\n|\n|-weather|Sandstorm|[upkeep]\n|-damage|p1a: Mareanie|82\/100|[from] Sandstorm\n|-damage|p2b: Cetoddle|82\/100 tox|[from] Sandstorm\n|-damage|p2b: Cetoddle|69\/100 tox|[from] psn\n|upkeep\n|\n|t:|1700849377\n|switch|p1b: Fuecoco|Fuecoco, F|100\/100\n|-damage|p1b: Fuecoco|76\/100|[from] Stealth Rock\n|turn|3\n|\n|t:|1700849386\n|switch|p2a: Wooper|Wooper-Paldea, M|100\/100\n|move|p1a: Mareanie|Chilling Water|p2a: Wooper\n|-immune|p2a: Wooper|[from] ability: Water Absorb\n|move|p2b: Cetoddle|Knock Off|p1a: Mareanie\n|-damage|p1a: Mareanie|64\/100\n|-enditem|p1a: Mareanie|Eviolite|[from] move: Knock Off|[of] p2b: Cetoddle\n|move|p1b: Fuecoco|Flamethrower|p2b: Cetoddle\n|-supereffective|p2b: Cetoddle\n|-damage|p2b: Cetoddle|46\/100 tox\n|\n|-weather|Sandstorm|[upkeep]\n|-damage|p1a: Mareanie|58\/100|[from] Sandstorm\n|-damage|p2b: Cetoddle|40\/100 tox|[from] Sandstorm\n|-damage|p1b: Fuecoco|69\/100|[from] Sandstorm\n|-damage|p2b: Cetoddle|21\/100 tox|[from] psn\n|upkeep\n|turn|4\n|j| Christianking414\n|\n|t:|1700849399\n|move|p1a: Mareanie|Recover|p1a: Mareanie\n|-heal|p1a: Mareanie|100\/100\n|move|p2b: Cetoddle|Knock Off|p1b: Fuecoco\n|-damage|p1b: Fuecoco|54\/100\n|-enditem|p1b: Fuecoco|Eviolite|[from] move: Knock Off|[of] p2b: Cetoddle\n|move|p1b: Fuecoco|Flamethrower|p2b: Cetoddle\n|-supereffective|p2b: Cetoddle\n|-damage|p2b: Cetoddle|0 fnt\n|faint|p2b: Cetoddle\n|move|p2a: Wooper|Earth Power|p1a: Mareanie\n|-supereffective|p1a: Mareanie\n|-damage|p1a: Mareanie|44\/100\n|\n|-weather|Sandstorm|[upkeep]\n|-damage|p1a: Mareanie|38\/100|[from] Sandstorm\n|-damage|p1b: Fuecoco|48\/100|[from] Sandstorm\n|upkeep\n|\n|t:|1700849408\n|switch|p2b: Finneon|Finneon, F, shiny|100\/100\n|turn|5\n|j| xdTactician\n|\n|t:|1700849418\n|move|p2b: Finneon|Surf|p1a: Mareanie|[spread] p1a,p1b\n|-immune|p2a: Wooper|[from] ability: Water Absorb\n|-resisted|p1a: Mareanie\n|-supereffective|p1b: Fuecoco\n|-damage|p1a: Mareanie|21\/100\n|-damage|p1b: Fuecoco|0 fnt\n|faint|p1b: Fuecoco\n|move|p1a: Mareanie|Recover|p1a: Mareanie\n|-heal|p1a: Mareanie|71\/100\n|move|p2a: Wooper|Surf|p1a: Mareanie|[spread] p1a\n|-ability|p2b: Finneon|Storm Drain|boost\n|-boost|p2b: Finneon|spa|1\n|-resisted|p1a: Mareanie\n|-damage|p1a: Mareanie|65\/100\n|\n|-weather|none\n|upkeep\n|\n|t:|1700849427\n|switch|p1b: Mudbray|Mudbray, F|100\/100\n|-damage|p1b: Mudbray|94\/100|[from] Stealth Rock\n|turn|6\n|j| Blonking\n|\n|t:|1700849437\n|move|p2b: Finneon|Surf|p1a: Mareanie|[spread] p1a,p1b\n|-immune|p2a: Wooper|[from] ability: Water Absorb\n|-resisted|p1a: Mareanie\n|-supereffective|p1b: Mudbray\n|-damage|p1a: Mareanie|37\/100\n|-damage|p1b: Mudbray|0 fnt\n|faint|p1b: Mudbray\n|move|p1a: Mareanie|Recover|p1a: Mareanie\n|-heal|p1a: Mareanie|87\/100\n|move|p2a: Wooper|Surf|p1a: Mareanie|[spread] p1a\n|-ability|p2b: Finneon|Storm Drain|boost\n|-boost|p2b: Finneon|spa|1\n|-resisted|p1a: Mareanie\n|-damage|p1a: Mareanie|80\/100\n|\n|upkeep\n|c| xdTactician|Damn what a combo\n|\n|t:|1700849463\n|switch|p1b: Quaxly|Quaxly, M|100\/100\n|-damage|p1b: Quaxly|88\/100|[from] Stealth Rock\n|turn|7\n|j| WeOutHereVibin\n|l| Blonking\n|c| xdTactician|Pair it with rain\n|\n|t:|1700849488\n|move|p1a: Mareanie|Protect|p1a: Mareanie\n|-singleturn|p1a: Mareanie|Protect\n|move|p2b: Finneon|Dazzling Gleam|p1a: Mareanie|[spread] p1b\n|-activate|p1a: Mareanie|move: Protect\n|-damage|p1b: Quaxly|29\/100\n|move|p1b: Quaxly|Brave Bird|p2b: Finneon\n|-damage|p2b: Finneon|46\/100\n|-damage|p1b: Quaxly|12\/100|[from] Recoil\n|-damage|p1b: Quaxly|2\/100|[from] item: Life Orb\n|move|p2a: Wooper|Surf|p1b: Quaxly|[spread] p1b\n|-activate|p1a: Mareanie|move: Protect\n|-ability|p2b: Finneon|Storm Drain|boost\n|-boost|p2b: Finneon|spa|1\n|-resisted|p1b: Quaxly\n|-damage|p1b: Quaxly|0 fnt\n|faint|p1b: Quaxly\n|\n|upkeep\n|\n|t:|1700849497\n|switch|p1b: Silicobra|Silicobra, F|100\/100\n|-damage|p1b: Silicobra|94\/100|[from] Stealth Rock\n|turn|8\n|\n|t:|1700849508\n|move|p2b: Finneon|Surf|p1b: Silicobra|[spread] p1a,p1b\n|-immune|p2a: Wooper|[from] ability: Water Absorb\n|-resisted|p1a: Mareanie\n|-supereffective|p1b: Silicobra\n|-damage|p1a: Mareanie|34\/100\n|-damage|p1b: Silicobra|0 fnt\n|faint|p1b: Silicobra\n|move|p1a: Mareanie|Recover|p1a: Mareanie\n|-heal|p1a: Mareanie|85\/100\n|move|p2a: Wooper|Surf|p1a: Mareanie|[spread] p1a\n|-ability|p2b: Finneon|Storm Drain|boost\n|-boost|p2b: Finneon|spa|1\n|-resisted|p1a: Mareanie\n|-damage|p1a: Mareanie|78\/100\n|\n|upkeep\n|turn|9\n|\n|t:|1700849517\n|move|p2b: Finneon|Surf|p1a: Mareanie|[spread] p1a\n|-immune|p2a: Wooper|[from] ability: Water Absorb\n|-resisted|p1a: Mareanie\n|-damage|p1a: Mareanie|23\/100\n|move|p1a: Mareanie|Toxic|p2b: Finneon\n|-status|p2b: Finneon|tox\n|move|p2a: Wooper|Earth Power|p1a: Mareanie\n|-supereffective|p1a: Mareanie\n|-damage|p1a: Mareanie|0 fnt\n|faint|p1a: Mareanie\n|\n|win|lvcinda\n|n|\u2606cesar dios pokemon|cesardiospokemon\n|n|\u2606lvcinda|lvcinda\n|n|*Lady Monita \u2746|ladymonita\n|n| Christianking414|christianking414\n|n| xdTactician|xdtactician\n|n| WeOutHereVibin|weoutherevibin\n","uploadtime":1700849518,"views":1,"p1id":"cesardiospokemon","p2id":"lvcinda","formatid":"gen9doublesou","rating":0,"private":0,"password":""}