{"id":"gen9doublesou-1995247089","p1":"Martin80","p2":"Cocainereflexes","format":"[Gen 9] Doubles OU","log":"|j|\u2606Martin80\n|j|\u2606Cocainereflexes\n|t:|1700539713\n|gametype|doubles\n|player|p1|Martin80|steven|1090\n|player|p2|Cocainereflexes|bruno|1197\n|teamsize|p1|6\n|teamsize|p2|6\n|gen|9\n|tier|[Gen 9] Doubles OU\n|rated|\n|rule|Species Clause: Limit one of each Pok\u00e9mon\n|rule|OHKO Clause: OHKO moves are banned\n|rule|Evasion Moves Clause: Evasion moves are banned\n|rule|Gravity Sleep Clause: The combination of sleep-inducing moves with imperfect accuracy and Gravity or Gigantamax Orbeetle are banned\n|rule|Endless Battle Clause: Forcing endless battles is banned\n|rule|HP Percentage Mod: HP is shown in percentages\n|clearpoke\n|poke|p1|Garganacl, F|\n|poke|p1|Tinkaton, F|\n|poke|p1|Lokix, F|\n|poke|p1|Quaquaval, F|\n|poke|p1|Arboliva, F|\n|poke|p1|Ceruledge, F|\n|poke|p2|Grimmsnarl, M|\n|poke|p2|Enamorus-Therian, F|\n|poke|p2|Arcanine, F|\n|poke|p2|Oranguru, F|\n|poke|p2|Gastrodon, F|\n|poke|p2|Goodra-Hisui, F|\n|teampreview\n|\n|t:|1700539730\n|start\n|switch|p1a: Tinkaton|Tinkaton, F, shiny|100\/100\n|switch|p1b: Bichota|Lokix, F, shiny|100\/100\n|switch|p2a: Grimmsnarl|Grimmsnarl, M|100\/100\n|switch|p2b: Arcanine|Arcanine, F|100\/100\n|-ability|p2b: Arcanine|Intimidate|boost\n|-fail|p1a: Tinkaton|unboost|Attack|[from] ability: Own Tempo|[of] p1a: Tinkaton\n|-unboost|p1b: Bichota|atk|1\n|turn|1\n|inactive|Battle timer is ON: inactive players will automatically lose when time's up. (requested by Martin80)\n|\n|t:|1700539745\n|move|p1a: Tinkaton|Fake Out|p2a: Grimmsnarl\n|-damage|p2a: Grimmsnarl|92\/100\n|cant|p2a: Grimmsnarl|flinch\n|move|p1b: Bichota|U-turn|p2a: Grimmsnarl\n|-damage|p2a: Grimmsnarl|64\/100\n|-damage|p1b: Bichota|91\/100|[from] item: Life Orb\n|\n|t:|1700539753\n|switch|p1b: Ceruledge|Ceruledge, F, shiny|100\/100|[from] U-turn\n|move|p2b: Arcanine|Flare Blitz|p1a: Tinkaton\n|-supereffective|p1a: Tinkaton\n|-damage|p1a: Tinkaton|0 fnt\n|faint|p1a: Tinkaton\n|-damage|p2b: Arcanine|69\/100|[from] Recoil\n|\n|upkeep\n|\n|t:|1700539763\n|switch|p1a: Golemcita|Garganacl, F, shiny|100\/100\n|turn|2\n|\n|t:|1700539774\n|move|p1b: Ceruledge|Endure|p1b: Ceruledge\n|-singleturn|p1b: Ceruledge|move: Endure\n|move|p2a: Grimmsnarl|Reflect|p2a: Grimmsnarl\n|-sidestart|p2: Cocainereflexes|Reflect\n|move|p2b: Arcanine|Close Combat|p1a: Golemcita\n|-supereffective|p1a: Golemcita\n|-damage|p1a: Golemcita|58\/100\n|-unboost|p2b: Arcanine|def|1\n|-unboost|p2b: Arcanine|spd|1\n|move|p1a: Golemcita|Iron Defense|p1a: Golemcita\n|-boost|p1a: Golemcita|def|2\n|\n|-heal|p1a: Golemcita|65\/100|[from] item: Leftovers\n|upkeep\n|turn|3\n|\n|t:|1700539801\n|move|p1b: Ceruledge|Bitter Blade|p2a: Grimmsnarl\n|-damage|p2a: Grimmsnarl|34\/100\n|move|p2b: Arcanine|Close Combat|p1a: Golemcita\n|-supereffective|p1a: Golemcita\n|-damage|p1a: Golemcita|43\/100\n|-unboost|p2b: Arcanine|def|1\n|-unboost|p2b: Arcanine|spd|1\n|move|p2a: Grimmsnarl|Spirit Break|p1b: Ceruledge\n|-resisted|p1b: Ceruledge\n|-damage|p1b: Ceruledge|80\/100\n|-unboost|p1b: Ceruledge|spa|1\n|-ability|p1b: Ceruledge|Weak Armor|boost\n|-unboost|p1b: Ceruledge|def|1\n|-boost|p1b: Ceruledge|spe|2\n|move|p1a: Golemcita|Iron Defense|p1a: Golemcita\n|-boost|p1a: Golemcita|def|2\n|\n|-heal|p1a: Golemcita|49\/100|[from] item: Leftovers\n|upkeep\n|turn|4\n|\n|t:|1700539831\n|move|p2a: Grimmsnarl|Parting Shot|p1b: Ceruledge\n|-unboost|p1b: Ceruledge|atk|1\n|-unboost|p1b: Ceruledge|spa|1\n|\n|t:|1700539840\n|switch|p2a: Enamorus|Enamorus-Therian, F|100\/100|[from] Parting Shot\n|move|p1b: Ceruledge|Swords Dance|p1b: Ceruledge\n|-boost|p1b: Ceruledge|atk|2\n|move|p2b: Arcanine|Snarl|p1a: Golemcita|[spread] p1a,p1b\n|-supereffective|p1b: Ceruledge\n|-damage|p1a: Golemcita|43\/100\n|-damage|p1b: Ceruledge|58\/100\n|-unboost|p1a: Golemcita|spa|1\n|-unboost|p1b: Ceruledge|spa|1\n|-enditem|p1b: Ceruledge|Weakness Policy\n|-boost|p1b: Ceruledge|atk|2|[from] item: Weakness Policy\n|-boost|p1b: Ceruledge|spa|2|[from] item: Weakness Policy\n|move|p1a: Golemcita|Body Press|p2b: Arcanine\n|-damage|p2b: Arcanine|0 fnt\n|faint|p2b: Arcanine\n|\n|-heal|p1a: Golemcita|49\/100|[from] item: Leftovers\n|upkeep\n|inactive|Cocainereflexes has 120 seconds left.\n|\n|t:|1700539863\n|switch|p2b: Oranguru|Oranguru, F|100\/100\n|turn|5\n|\n|t:|1700539870\n|move|p1b: Ceruledge|Bitter Blade|p2a: Enamorus\n|-damage|p2a: Enamorus|31\/100\n|-heal|p1b: Ceruledge|99\/100|[from] drain|[of] p2a: Enamorus\n|move|p1a: Golemcita|Body Press|p2b: Oranguru\n|-damage|p2b: Oranguru|63\/100\n|move|p2a: Enamorus|Calm Mind|p2a: Enamorus\n|-boost|p2a: Enamorus|spa|1\n|-boost|p2a: Enamorus|spd|1\n|move|p2b: Oranguru|Trick Room|p2b: Oranguru\n|-fieldstart|move: Trick Room|[of] p2b: Oranguru\n|\n|-heal|p1a: Golemcita|55\/100|[from] item: Leftovers\n|upkeep\n|turn|6\n|inactive|Cocainereflexes has 120 seconds left.\n|\n|t:|1700539908\n|move|p1b: Ceruledge|Shadow Sneak|p2a: Enamorus\n|-damage|p2a: Enamorus|0 fnt\n|faint|p2a: Enamorus\n|move|p1a: Golemcita|Salt Cure|p2b: Oranguru\n|-damage|p2b: Oranguru|56\/100\n|-start|p2b: Oranguru|Salt Cure\n|move|p2b: Oranguru|Instruct|p2: Enamorus|[notarget]\n|-fail|p2b: Oranguru\n|\n|-heal|p1a: Golemcita|61\/100|[from] item: Leftovers\n|-damage|p2b: Oranguru|43\/100|[from] Salt Cure\n|upkeep\n|-enditem|p2b: Oranguru|Sitrus Berry|[eat]\n|-heal|p2b: Oranguru|68\/100|[from] item: Sitrus Berry\n|\n|t:|1700539920\n|switch|p2a: Goodra|Goodra-Hisui, F|100\/100\n|turn|7\n|c|\u2606Martin80|sir,i have two slow pokemon and two priority moves users\n|\n|t:|1700539938\n|switch|p2b: Gastrodon|Gastrodon, F|100\/100\n|move|p1a: Golemcita|Body Press|p2a: Goodra\n|-supereffective|p2a: Goodra\n|-damage|p2a: Goodra|13\/100\n|move|p2a: Goodra|Surf|p1b: Ceruledge|[spread] p1a,p1b\n|-ability|p2b: Gastrodon|Storm Drain|boost\n|-boost|p2b: Gastrodon|spa|1\n|-supereffective|p1a: Golemcita\n|-supereffective|p1b: Ceruledge\n|-damage|p1a: Golemcita|39\/100\n|-damage|p1b: Ceruledge|62\/100\n|move|p1b: Ceruledge|Bitter Blade|p2b: Gastrodon\n|-resisted|p2b: Gastrodon\n|-damage|p2b: Gastrodon|70\/100\n|-heal|p1b: Ceruledge|81\/100|[from] drain|[of] p2b: Gastrodon\n|\n|-heal|p1a: Golemcita|45\/100|[from] item: Leftovers\n|-heal|p2a: Goodra|19\/100|[from] item: Leftovers\n|upkeep\n|turn|8\n|inactive|Cocainereflexes has 120 seconds left.\n|\n|t:|1700539985\n|move|p1a: Golemcita|Wide Guard|p1a: Golemcita\n|-singleturn|p1a: Golemcita|Wide Guard\n|move|p1b: Ceruledge|Shadow Sneak|p2a: Goodra\n|-damage|p2a: Goodra|0 fnt\n|faint|p2a: Goodra\n|move|p2b: Gastrodon|Earth Power|p1a: Golemcita\n|-supereffective|p1a: Golemcita\n|-damage|p1a: Golemcita|0 fnt\n|faint|p1a: Golemcita\n|\n|upkeep\n|inactive|Cocainereflexes has 120 seconds left.\n|\n|t:|1700540007\n|switch|p1a: Arboliva|Arboliva, F, shiny|100\/100\n|switch|p2a: Grimmsnarl|Grimmsnarl, M|34\/100\n|turn|9\n|inactive|Cocainereflexes has 120 seconds left.\n|\n|t:|1700540037\n|move|p1b: Ceruledge|Endure|p1b: Ceruledge\n|-singleturn|p1b: Ceruledge|move: Endure\n|move|p2a: Grimmsnarl|Light Screen|p2a: Grimmsnarl\n|-sidestart|p2: Cocainereflexes|move: Light Screen\n|move|p2b: Gastrodon|Ice Beam|p1a: Arboliva\n|-supereffective|p1a: Arboliva\n|-damage|p1a: Arboliva|48\/100\n|-status|p1a: Arboliva|frz\n|-fieldstart|move: Grassy Terrain|[from] ability: Seed Sower|[of] p1a: Arboliva\n|-enditem|p1a: Arboliva|Grassy Seed\n|-boost|p1a: Arboliva|def|1|[from] item: Grassy Seed\n|cant|p1a: Arboliva|frz\n|\n|-heal|p2b: Gastrodon|76\/100|[from] Grassy Terrain\n|-heal|p1a: Arboliva|54\/100 frz|[from] Grassy Terrain\n|-heal|p2a: Grimmsnarl|40\/100|[from] Grassy Terrain\n|-heal|p1b: Ceruledge|87\/100|[from] Grassy Terrain\n|-sideend|p2: Cocainereflexes|Reflect\n|-fieldend|move: Trick Room\n|upkeep\n|turn|10\n|inactive|Cocainereflexes has 120 seconds left.\n|c|\u2606Martin80|are you kiding me?\n|inactive|Cocainereflexes has 90 seconds left.\n|\n|t:|1700540089\n|move|p2a: Grimmsnarl|Reflect|p2a: Grimmsnarl\n|-sidestart|p2: Cocainereflexes|Reflect\n|move|p1b: Ceruledge|Bitter Blade|p2a: Grimmsnarl\n|-damage|p2a: Grimmsnarl|0 fnt\n|-heal|p1b: Ceruledge|100\/100|[from] drain|[of] p2a: Grimmsnarl\n|faint|p2a: Grimmsnarl\n|cant|p1a: Arboliva|frz\n|move|p2b: Gastrodon|Earth Power|p1b: Ceruledge\n|-supereffective|p1b: Ceruledge\n|-damage|p1b: Ceruledge|0 fnt\n|faint|p1b: Ceruledge\n|\n|-heal|p1a: Arboliva|60\/100 frz|[from] Grassy Terrain\n|-heal|p2b: Gastrodon|82\/100|[from] Grassy Terrain\n|upkeep\n|inactive|Cocainereflexes has 90 seconds left.\n|\n|t:|1700540105\n|switch|p1b: Bichota|Lokix, F, shiny|91\/100\n|switch|p2a: Oranguru|Oranguru, F|68\/100\n|turn|11\n|\n|t:|1700540114\n|move|p1b: Bichota|First Impression|p2a: Oranguru\n|-supereffective|p2a: Oranguru\n|-damage|p2a: Oranguru|18\/100\n|-damage|p1b: Bichota|81\/100|[from] item: Life Orb\n|cant|p1a: Arboliva|frz\n|move|p2b: Gastrodon|Ice Beam|p1a: Arboliva\n|-supereffective|p1a: Arboliva\n|-damage|p1a: Arboliva|7\/100 frz\n|move|p2a: Oranguru|Trick Room|p2a: Oranguru\n|-fieldstart|move: Trick Room|[of] p2a: Oranguru\n|\n|-heal|p2b: Gastrodon|88\/100|[from] Grassy Terrain\n|-heal|p2a: Oranguru|24\/100|[from] Grassy Terrain\n|-heal|p1a: Arboliva|13\/100 frz|[from] Grassy Terrain\n|-heal|p1b: Bichota|87\/100|[from] Grassy Terrain\n|upkeep\n|turn|12\n|inactive|Cocainereflexes has 120 seconds left.\n|\n|t:|1700540138\n|move|p2b: Gastrodon|Ice Beam|p1a: Arboliva\n|-supereffective|p1a: Arboliva\n|-crit|p1a: Arboliva\n|-damage|p1a: Arboliva|0 fnt\n|faint|p1a: Arboliva\n|move|p2a: Oranguru|Instruct|p2b: Gastrodon\n|-singleturn|p2b: Gastrodon|move: Instruct|[of] p2a: Oranguru\n|move|p2b: Gastrodon|Ice Beam|p1b: Bichota\n|-damage|p1b: Bichota|32\/100\n|move|p1b: Bichota|Leech Life|p2a: Oranguru\n|-supereffective|p2a: Oranguru\n|-damage|p2a: Oranguru|0 fnt\n|-heal|p1b: Bichota|48\/100|[from] drain|[of] p2a: Oranguru\n|faint|p2a: Oranguru\n|-damage|p1b: Bichota|38\/100|[from] item: Life Orb\n|\n|-heal|p2b: Gastrodon|94\/100|[from] Grassy Terrain\n|-heal|p1b: Bichota|44\/100|[from] Grassy Terrain\n|upkeep\n|inactive|Martin80 has 120 seconds left.\n|\n|t:|1700540155\n|switch|p1a: Jolyne|Quaquaval, F, shiny|100\/100\n|turn|13\n|inactive|Cocainereflexes has 120 seconds left.\n|\n|t:|1700540184\n|move|p2b: Gastrodon|Chilling Water|p1a: Jolyne\n|-resisted|p1a: Jolyne\n|-damage|p1a: Jolyne|83\/100\n|-unboost|p1a: Jolyne|atk|1\n|move|p1a: Jolyne|Swords Dance|p1a: Jolyne\n|-boost|p1a: Jolyne|atk|2\n|move|p1b: Bichota|Knock Off|p2b: Gastrodon\n|-damage|p2b: Gastrodon|63\/100\n|-enditem|p2b: Gastrodon|Expert Belt|[from] move: Knock Off|[of] p1b: Bichota\n|-damage|p1b: Bichota|34\/100|[from] item: Life Orb\n|\n|-heal|p2b: Gastrodon|69\/100|[from] Grassy Terrain\n|-heal|p1a: Jolyne|89\/100|[from] Grassy Terrain\n|-heal|p1b: Bichota|40\/100|[from] Grassy Terrain\n|-fieldend|move: Grassy Terrain\n|upkeep\n|turn|14\n|\n|t:|1700540206\n|move|p2b: Gastrodon|Earth Power|p1a: Jolyne\n|-damage|p1a: Jolyne|26\/100\n|move|p1a: Jolyne|Swords Dance|p1a: Jolyne\n|-boost|p1a: Jolyne|atk|2\n|move|p1b: Bichota|Leech Life|p2b: Gastrodon\n|-damage|p2b: Gastrodon|42\/100\n|-heal|p1b: Bichota|58\/100|[from] drain|[of] p2b: Gastrodon\n|-damage|p1b: Bichota|48\/100|[from] item: Life Orb\n|\n|upkeep\n|turn|15\n|\n|t:|1700540220\n|move|p2b: Gastrodon|Recover|p2b: Gastrodon\n|-heal|p2b: Gastrodon|92\/100\n|move|p1a: Jolyne|Close Combat|p1b: Bichota\n|-damage|p1b: Bichota|0 fnt\n|-unboost|p1a: Jolyne|def|1\n|-unboost|p1a: Jolyne|spd|1\n|faint|p1b: Bichota\n|-ability|p1a: Jolyne|Moxie|boost\n|-boost|p1a: Jolyne|atk|1\n|\n|-fieldend|move: Trick Room\n|upkeep\n|turn|16\n|inactive|Cocainereflexes has 120 seconds left.\n|\n|t:|1700540258\n|move|p1a: Jolyne|Close Combat|p2b: Gastrodon\n|-damage|p2b: Gastrodon|0 fnt\n|-unboost|p1a: Jolyne|def|1\n|-unboost|p1a: Jolyne|spd|1\n|faint|p2b: Gastrodon\n|\n|win|Martin80\n|raw|Martin80's rating: 1090 &rarr; <strong>1124<\/strong><br \/>(+34 for winning)\n|raw|Cocainereflexes's rating: 1197 &rarr; <strong>1165<\/strong><br \/>(-32 for losing)\n|l|\u2606Cocainereflexes\n","uploadtime":1700540271,"views":3,"p1id":"martin80","p2id":"cocainereflexes","formatid":"gen9doublesou","rating":1124,"private":0,"password":""}