{"id":"gen9doublesou-1995902944","p1":"Wilfe Glock","p2":"Vikavolt4414","format":"[Gen 9] Doubles OU","log":"|j|\u2606Wilfe Glock\n|j|\u2606Vikavolt4414\n|t:|1700615555\n|gametype|doubles\n|player|p1|Wilfe Glock|lucas|1081\n|player|p2|Vikavolt4414|ingo|1197\n|teamsize|p1|6\n|teamsize|p2|6\n|gen|9\n|tier|[Gen 9] Doubles OU\n|rated|\n|rule|Species Clause: Limit one of each Pok\u00e9mon\n|rule|OHKO Clause: OHKO moves are banned\n|rule|Evasion Moves Clause: Evasion moves are banned\n|rule|Gravity Sleep Clause: The combination of sleep-inducing moves with imperfect accuracy and Gravity or Gigantamax Orbeetle are banned\n|rule|Endless Battle Clause: Forcing endless battles is banned\n|rule|HP Percentage Mod: HP is shown in percentages\n|clearpoke\n|poke|p1|Samurott, M|\n|poke|p1|Goodra-Hisui, M|\n|poke|p1|Cresselia, F|\n|poke|p1|Clodsire, M|\n|poke|p1|Blissey, F|\n|poke|p1|Lycanroc-Midnight, M|\n|poke|p2|Ursaluna-Bloodmoon, M|\n|poke|p2|Dusclops, M|\n|poke|p2|Iron Hands|\n|poke|p2|Sinistcha-Masterpiece|\n|poke|p2|Ninetales-Alola, F|\n|poke|p2|Arcanine-Hisui, F|\n|teampreview\n|\n|t:|1700615571\n|start\n|switch|p1a: CLODMAN|Clodsire, M, shiny|100\/100\n|switch|p1b: Nevermiss|Lycanroc-Midnight, M, shiny|100\/100\n|switch|p2a: Arcanine|Arcanine-Hisui, F|100\/100\n|switch|p2b: Ninetales|Ninetales-Alola, F|100\/100\n|-weather|Snow|[from] ability: Snow Warning|[of] p2b: Ninetales\n|-ability|p2a: Arcanine|Intimidate|boost\n|-unboost|p1a: CLODMAN|atk|1\n|-unboost|p1b: Nevermiss|atk|1\n|turn|1\n|\n|t:|1700615601\n|switch|p2a: Iron Hands|Iron Hands|100\/100\n|move|p2b: Ninetales|Aurora Veil|p2b: Ninetales\n|-sidestart|p2: Vikavolt4414|move: Aurora Veil\n|move|p1b: Nevermiss|Rock Slide|p2b: Ninetales|[spread] p2a,p2b\n|-resisted|p2a: Iron Hands\n|-crit|p2a: Iron Hands\n|-supereffective|p2b: Ninetales\n|-damage|p2a: Iron Hands|89\/100\n|-damage|p2b: Ninetales|78\/100\n|move|p1a: CLODMAN|Sludge Bomb|p2b: Ninetales\n|-supereffective|p2b: Ninetales\n|-damage|p2b: Ninetales|54\/100\n|\n|-weather|Snow|[upkeep]\n|upkeep\n|turn|2\n|\n|t:|1700615624\n|-terastallize|p1b: Nevermiss|Dragon\n|move|p2a: Iron Hands|Fake Out|p1b: Nevermiss\n|-damage|p1b: Nevermiss|82\/100\n|move|p2b: Ninetales|Blizzard|p1b: Nevermiss|[spread] p1a,p1b\n|-supereffective|p1a: CLODMAN\n|-supereffective|p1b: Nevermiss\n|-damage|p1a: CLODMAN|59\/100\n|-damage|p1b: Nevermiss|6\/100\n|cant|p1b: Nevermiss|flinch\n|move|p1a: CLODMAN|Sludge Bomb|p2b: Ninetales\n|-supereffective|p2b: Ninetales\n|-damage|p2b: Ninetales|29\/100\n|\n|-weather|Snow|[upkeep]\n|-heal|p1a: CLODMAN|65\/100|[from] item: Leftovers\n|upkeep\n|turn|3\n|\n|t:|1700615658\n|switch|p1b: SoarShell|Goodra-Hisui, M, shiny|100\/100\n|switch|p1a: Ocean|Samurott, M, shiny|100\/100\n|move|p2b: Ninetales|Blizzard|p1b: SoarShell|[spread] p1a,p1b\n|-resisted|p1a: Ocean\n|-damage|p1a: Ocean|81\/100\n|-damage|p1b: SoarShell|81\/100\n|move|p2a: Iron Hands|Drain Punch|p1b: SoarShell\n|-supereffective|p1b: SoarShell\n|-damage|p1b: SoarShell|7\/100\n|-heal|p2a: Iron Hands|100\/100|[from] drain|[of] p1b: SoarShell\n|\n|-weather|Snow|[upkeep]\n|-heal|p1b: SoarShell|13\/100|[from] item: Leftovers\n|upkeep\n|turn|4\n|\n|t:|1700615693\n|-end|p2a: Iron Hands|Quark Drive|[silent]\n|switch|p2a: Arcanine|Arcanine-Hisui, F|100\/100\n|-ability|p2a: Arcanine|Intimidate|boost\n|-unboost|p1a: Ocean|atk|1\n|-unboost|p1b: SoarShell|atk|1\n|move|p2b: Ninetales|Blizzard|p1a: Ocean|[spread] p1a,p1b\n|-resisted|p1a: Ocean\n|-damage|p1a: Ocean|62\/100\n|-damage|p1b: SoarShell|0 fnt\n|-status|p1a: Ocean|frz\n|faint|p1b: SoarShell\n|cant|p1a: Ocean|frz\n|\n|-weather|Snow|[upkeep]\n|upkeep\n|\n|t:|1700615705\n|switch|p1b: Mama Power|Blissey, F, shiny|100\/100\n|turn|5\n|\n|t:|1700615716\n|switch|p2b: Dusclops|Dusclops, M, shiny|100\/100\n|-item|p1a: Ocean|Scope Lens|[from] ability: Frisk|[of] p2b: Dusclops|[identify]\n|-item|p1b: Mama Power|Leftovers|[from] ability: Frisk|[of] p2b: Dusclops|[identify]\n|move|p2a: Arcanine|Rock Slide|p1b: Mama Power|[spread] p1b\n|-miss|p2a: Arcanine|p1a: Ocean\n|-damage|p1b: Mama Power|70\/100\n|cant|p1a: Ocean|frz\n|move|p1b: Mama Power|Thunderbolt|p2b: Dusclops\n|-damage|p2b: Dusclops|94\/100\n|\n|-weather|none\n|-heal|p1b: Mama Power|76\/100|[from] item: Leftovers\n|upkeep\n|turn|6\n|\n|t:|1700615749\n|move|p2a: Arcanine|Extreme Speed|p1a: Ocean\n|-damage|p1a: Ocean|31\/100 frz\n|cant|p1a: Ocean|frz\n|move|p1b: Mama Power|Ice Beam|p2b: Dusclops\n|-crit|p2b: Dusclops\n|-damage|p2b: Dusclops|79\/100\n|-status|p2b: Dusclops|frz\n|-curestatus|p2b: Dusclops|frz|[msg]\n|move|p2b: Dusclops|Brick Break|p1b: Mama Power\n|-supereffective|p1b: Mama Power\n|-damage|p1b: Mama Power|54\/100\n|\n|-heal|p1b: Mama Power|60\/100|[from] item: Leftovers\n|upkeep\n|turn|7\n|\n|t:|1700615775\n|move|p2a: Arcanine|Rock Slide|p1b: Mama Power|[spread] p1b\n|-miss|p2a: Arcanine|p1a: Ocean\n|-crit|p1b: Mama Power\n|-damage|p1b: Mama Power|20\/100\n|cant|p1a: Ocean|frz\n|move|p1b: Mama Power|Ice Beam|p2b: Dusclops\n|-damage|p2b: Dusclops|73\/100\n|move|p2b: Dusclops|Brick Break|p1b: Mama Power\n|-supereffective|p1b: Mama Power\n|-damage|p1b: Mama Power|0 fnt\n|faint|p1b: Mama Power\n|\n|upkeep\n|\n|t:|1700615789\n|switch|p1b: Mama Cressi|Cresselia, F, shiny|100\/100\n|turn|8\n|\n|t:|1700615801\n|move|p2a: Arcanine|Rock Slide|p1b: Mama Cressi|[spread] p1a,p1b\n|-damage|p1a: Ocean|0 fnt\n|-damage|p1b: Mama Cressi|77\/100\n|faint|p1a: Ocean\n|move|p1b: Mama Cressi|Psychic|p2b: Dusclops\n|-damage|p2b: Dusclops|58\/100\n|move|p2b: Dusclops|Brick Break|p1b: Mama Cressi\n|-resisted|p1b: Mama Cressi\n|-damage|p1b: Mama Cressi|72\/100\n|\n|-heal|p1b: Mama Cressi|78\/100|[from] item: Leftovers\n|-sideend|p2: Vikavolt4414|move: Aurora Veil\n|upkeep\n|\n|t:|1700615816\n|switch|p1a: CLODMAN|Clodsire, M, shiny|65\/100\n|turn|9\n|\n|t:|1700615825\n|switch|p2a: Ninetales|Ninetales-Alola, F|29\/100\n|-weather|Snow|[from] ability: Snow Warning|[of] p2a: Ninetales\n|switch|p2b: Ursaluna|Ursaluna-Bloodmoon, M|100\/100\n|move|p1b: Mama Cressi|Energy Ball|p2b: Ursaluna\n|-supereffective|p2b: Ursaluna\n|-damage|p2b: Ursaluna|54\/100\n|-enditem|p2b: Ursaluna|Weakness Policy\n|-boost|p2b: Ursaluna|atk|2|[from] item: Weakness Policy\n|-boost|p2b: Ursaluna|spa|2|[from] item: Weakness Policy\n|move|p1a: CLODMAN|Earthquake|p2b: Ursaluna|[spread] p2a,p2b\n|-immune|p1b: Mama Cressi|[from] ability: Levitate\n|-damage|p2a: Ninetales|1\/100\n|-damage|p2b: Ursaluna|37\/100\n|\n|-weather|Snow|[upkeep]\n|-heal|p1b: Mama Cressi|85\/100|[from] item: Leftovers\n|-heal|p1a: CLODMAN|71\/100|[from] item: Leftovers\n|upkeep\n|turn|10\n|\n|t:|1700615853\n|move|p2a: Ninetales|Aurora Veil|p2a: Ninetales\n|-sidestart|p2: Vikavolt4414|move: Aurora Veil\n|move|p1b: Mama Cressi|Energy Ball|p2b: Ursaluna\n|-supereffective|p2b: Ursaluna\n|-damage|p2b: Ursaluna|5\/100\n|move|p2b: Ursaluna|Earth Power|p1a: CLODMAN\n|-supereffective|p1a: CLODMAN\n|-damage|p1a: CLODMAN|0 fnt\n|faint|p1a: CLODMAN\n|\n|-weather|Snow|[upkeep]\n|-heal|p1b: Mama Cressi|91\/100|[from] item: Leftovers\n|upkeep\n|\n|t:|1700615864\n|switch|p1a: Nevermiss|Lycanroc-Midnight, M, shiny, tera:Dragon|6\/100\n|turn|11\n|\n|t:|1700615881\n|-terastallize|p2b: Ursaluna|Normal\n|move|p2a: Ninetales|Blizzard|p1a: Nevermiss|[spread] p1a,p1b\n|-supereffective|p1a: Nevermiss\n|-damage|p1a: Nevermiss|0 fnt\n|-damage|p1b: Mama Cressi|74\/100\n|-status|p1b: Mama Cressi|frz\n|faint|p1a: Nevermiss\n|cant|p1b: Mama Cressi|frz\n|move|p2b: Ursaluna|Blood Moon|p1b: Mama Cressi\n|-damage|p1b: Mama Cressi|0 fnt\n|faint|p1b: Mama Cressi\n|\n|win|Vikavolt4414\n|raw|Wilfe Glock's rating: 1081 &rarr; <strong>1066<\/strong><br \/>(-15 for losing)\n|raw|Vikavolt4414's rating: 1197 &rarr; <strong>1214<\/strong><br \/>(+17 for winning)\n|l|\u2606Wilfe Glock\n","uploadtime":1700615932,"views":1,"p1id":"wilfeglock","p2id":"vikavolt4414","formatid":"gen9doublesou","rating":1066,"private":0,"password":""}