{"id":"gen9doublesou-1969077459","p1":"pakiavatar9434","p2":"God_of_STANK!","format":"[Gen 9] Doubles OU","log":"|j|\u2606pakiavatar9434\n|j|\u2606God_of_STANK!\n|t:|1697488042\n|gametype|doubles\n|player|p1|pakiavatar9434|dragontamer|1275\n|player|p2|God_of_STANK!|psychic|1325\n|teamsize|p1|6\n|teamsize|p2|6\n|gen|9\n|tier|[Gen 9] Doubles OU\n|rated|\n|rule|Species Clause: Limit one of each Pok\u00e9mon\n|rule|OHKO Clause: OHKO moves are banned\n|rule|Evasion Moves Clause: Evasion moves are banned\n|rule|Gravity Sleep Clause: The combination of sleep-inducing moves with imperfect accuracy and Gravity or Gigantamax Orbeetle are banned\n|rule|Endless Battle Clause: Forcing endless battles is banned\n|rule|HP Percentage Mod: HP is shown in percentages\n|clearpoke\n|poke|p1|Iron Moth|\n|poke|p1|Grimmsnarl, M|\n|poke|p1|Florges, F|\n|poke|p1|Ogerpon-Wellspring, F|\n|poke|p1|Mew|\n|poke|p1|Oricorio-Pom-Pom, M|\n|poke|p2|Okidogi, M|\n|poke|p2|Tornadus, M|\n|poke|p2|Cresselia, F|\n|poke|p2|Iron Hands|\n|poke|p2|Ursaluna-Bloodmoon, M|\n|poke|p2|Volcanion|\n|teampreview\n|inactive|Battle timer is ON: inactive players will automatically lose when time's up. (requested by God_of_STANK!)\n|inactive|pakiavatar9434 has 120 seconds left.\n|\n|t:|1697488080\n|start\n|switch|p1a: Grimmsnarl|Grimmsnarl, M|100\/100\n|switch|p1b: Ogerpon|Ogerpon-Wellspring, F|100\/100\n|switch|p2a: Iron Hands|Iron Hands|100\/100\n|switch|p2b: Cresselia|Cresselia, F|100\/100\n|turn|1\n|\n|t:|1697488095\n|move|p1b: Ogerpon|Spiky Shield|p1b: Ogerpon\n|-singleturn|p1b: Ogerpon|move: Protect\n|move|p1a: Grimmsnarl|Fake Out|p2a: Iron Hands\n|-damage|p2a: Iron Hands|94\/100\n|cant|p2a: Iron Hands|flinch\n|move|p2b: Cresselia|Trick Room|p2b: Cresselia\n|-fieldstart|move: Trick Room|[of] p2b: Cresselia\n|\n|upkeep\n|turn|2\n|\n|t:|1697488108\n|move|p1a: Grimmsnarl|Reflect|p1a: Grimmsnarl\n|-sidestart|p1: pakiavatar9434|Reflect\n|move|p2a: Iron Hands|Belly Drum|p2a: Iron Hands\n|-damage|p2a: Iron Hands|44\/100\n|-setboost|p2a: Iron Hands|atk|6|[from] move: Belly Drum\n|-enditem|p2a: Iron Hands|Sitrus Berry|[eat]\n|-heal|p2a: Iron Hands|69\/100|[from] item: Sitrus Berry\n|move|p2b: Cresselia|Lunar Blessing|p2b: Cresselia|[spread] p2a,p2b\n|-heal|p2a: Iron Hands|94\/100\n|move|p1b: Ogerpon|Ivy Cudgel|p2a: Iron Hands\n|-damage|p2a: Iron Hands|53\/100\n|\n|upkeep\n|turn|3\n|\n|t:|1697488124\n|move|p1a: Grimmsnarl|Trick|p2a: Iron Hands\n|-activate|p1a: Grimmsnarl|move: Trick|[of] p2a: Iron Hands\n|-item|p2a: Iron Hands|Lagging Tail|[from] move: Trick\n|-enditem|p1a: Grimmsnarl|Lagging Tail|[silent]|[from] move: Trick\n|move|p2a: Iron Hands|Drain Punch|p1a: Grimmsnarl\n|-damage|p1a: Grimmsnarl|0 fnt\n|-heal|p2a: Iron Hands|97\/100|[from] drain|[of] p1a: Grimmsnarl\n|faint|p1a: Grimmsnarl\n|move|p2b: Cresselia|Lunar Blessing|p2b: Cresselia|[spread] p2a,p2b\n|-heal|p2a: Iron Hands|100\/100\n|move|p1b: Ogerpon|Ivy Cudgel|p2a: Iron Hands\n|-damage|p2a: Iron Hands|61\/100\n|\n|upkeep\n|\n|t:|1697488138\n|switch|p1a: Florges|Florges, F|100\/100\n|turn|4\n|\n|t:|1697488148\n|-terastallize|p2a: Iron Hands|Flying\n|move|p1a: Florges|Draining Kiss|p2a: Iron Hands\n|-damage|p2a: Iron Hands|44\/100\n|move|p2b: Cresselia|Lunar Blessing|p2b: Cresselia|[spread] p2a,p2b\n|-heal|p2a: Iron Hands|69\/100\n|move|p1b: Ogerpon|Ivy Cudgel|p2a: Iron Hands\n|-damage|p2a: Iron Hands|32\/100\n|move|p2a: Iron Hands|Drain Punch|p1b: Ogerpon\n|-damage|p1b: Ogerpon|0 fnt\n|-heal|p2a: Iron Hands|66\/100|[from] drain|[of] p1b: Ogerpon\n|faint|p1b: Ogerpon\n|\n|upkeep\n|\n|t:|1697488161\n|switch|p1b: Mew|Mew|100\/100\n|turn|5\n|\n|t:|1697488179\n|move|p1a: Florges|Skill Swap|p2b: Cresselia\n|-activate|p1a: Florges|move: Skill Swap|Levitate|Symbiosis|[of] p2b: Cresselia\n|move|p2b: Cresselia|Lunar Blessing|p2b: Cresselia|[spread] p2a,p2b\n|-heal|p2a: Iron Hands|91\/100\n|move|p1b: Mew|Transform|p2a: Iron Hands\n|-transform|p1b: Mew|p2a: Iron Hands\n|move|p2a: Iron Hands|Drain Punch|p1b: Mew\n|-damage|p1b: Mew|32\/100\n|-heal|p2a: Iron Hands|100\/100|[from] drain|[of] p1b: Mew\n|\n|-fieldend|move: Trick Room\n|upkeep\n|-start|p1b: Mew|typechange|Fighting\/Electric|[silent]\n|turn|6\n|\n|t:|1697488203\n|move|p1a: Florges|Helping Hand|p1b: Mew\n|-singleturn|p1b: Mew|Helping Hand|[of] p1a: Florges\n|move|p2b: Cresselia|Psychic|p1b: Mew\n|-supereffective|p1b: Mew\n|-damage|p1b: Mew|0 fnt\n|faint|p1b: Mew\n|-end|p1b: Mew|Quark Drive|[silent]\n|move|p2a: Iron Hands|Drain Punch|p1a: Florges\n|-resisted|p1a: Florges\n|-damage|p1a: Florges|32\/100\n|\n|-sideend|p1: pakiavatar9434|Reflect\n|upkeep\n|\n|t:|1697488213\n|switch|p1b: Iron Moth|Iron Moth|100\/100\n|-enditem|p1b: Iron Moth|Booster Energy\n|-activate|p1b: Iron Moth|ability: Quark Drive|[fromitem]\n|-start|p1b: Iron Moth|quarkdrivespa\n|turn|7\n|inactive|God_of_STANK! has 120 seconds left.\n|\n|t:|1697488245\n|switch|p1a: Oricorio|Oricorio-Pom-Pom, M|100\/100\n|move|p1b: Iron Moth|Fiery Dance|p2a: Iron Hands\n|-damage|p2a: Iron Hands|58\/100\n|-activate|p1a: Oricorio|ability: Dancer\n|move|p1a: Oricorio|Fiery Dance|p2a: Iron Hands|[from]ability: Dancer\n|-damage|p2a: Iron Hands|41\/100\n|move|p2b: Cresselia|Lunar Blessing|p2b: Cresselia|[spread] p2a,p2b\n|-heal|p2a: Iron Hands|66\/100\n|move|p2a: Iron Hands|Drain Punch|p1b: Iron Moth\n|-resisted|p1b: Iron Moth\n|-crit|p1b: Iron Moth\n|-damage|p1b: Iron Moth|0 fnt\n|-heal|p2a: Iron Hands|99\/100|[from] drain|[of] p1b: Iron Moth\n|faint|p1b: Iron Moth\n|-end|p1b: Iron Moth|Quark Drive|[silent]\n|\n|upkeep\n|-message|pakiavatar9434 forfeited.\n|\n|win|God_of_STANK!\n|raw|pakiavatar9434's rating: 1275 &rarr; <strong>1254<\/strong><br \/>(-21 for losing)\n|raw|God_of_STANK!'s rating: 1325 &rarr; <strong>1342<\/strong><br \/>(+17 for winning)\n|l|\u2606pakiavatar9434\n","uploadtime":1697488282,"views":10,"p1id":"pakiavatar9434","p2id":"godofstank","formatid":"gen9doublesou","rating":1254,"private":0,"password":""}