{"id":"gen9doublesou-1993412908","p1":"Yuuuuj","p2":"carambolo","format":"[Gen 9] Doubles OU","log":"|j|\u2606Yuuuuj\n|j|\u2606carambolo\n|t:|1700314493\n|gametype|doubles\n|player|p1|Yuuuuj|266|1380\n|player|p2|carambolo|266|1509\n|teamsize|p1|6\n|teamsize|p2|6\n|gen|9\n|tier|[Gen 9] Doubles OU\n|rated|\n|rule|Species Clause: Limit one of each Pok\u00e9mon\n|rule|OHKO Clause: OHKO moves are banned\n|rule|Evasion Moves Clause: Evasion moves are banned\n|rule|Gravity Sleep Clause: The combination of sleep-inducing moves with imperfect accuracy and Gravity or Gigantamax Orbeetle are banned\n|rule|Endless Battle Clause: Forcing endless battles is banned\n|rule|HP Percentage Mod: HP is shown in percentages\n|clearpoke\n|poke|p1|Haxorus, M|\n|poke|p1|Gyarados, M|\n|poke|p1|Farigiraf, F|\n|poke|p1|Heatran, F|\n|poke|p1|Ampharos, F|\n|poke|p1|Ogerpon-Cornerstone, F|\n|poke|p2|Spiritomb, M|\n|poke|p2|Gastrodon, M|\n|poke|p2|Kingambit, M|\n|poke|p2|Hatterene, F|\n|poke|p2|Armarouge, F|\n|poke|p2|Kommo-o, M|\n|teampreview\n|inactive|Battle timer is ON: inactive players will automatically lose when time's up. (requested by Yuuuuj)\n|inactive|Yuuuuj has 120 seconds left.\n|c|\u2606carambolo|Nya\n|\n|t:|1700314543\n|start\n|switch|p1a: Haxorus|Haxorus, M|100\/100\n|switch|p1b: Farigiraf|Farigiraf, F|100\/100\n|switch|p2a: Spektro|Spiritomb, M|100\/100\n|switch|p2b: Bigotes|Kingambit, M|100\/100\n|-ability|p1a: Haxorus|Mold Breaker\n|-ability|p2a: Spektro|Pressure\n|turn|1\n|inactive|Yuuuuj has 120 seconds left.\n|\n|t:|1700314576\n|switch|p1b: Gyarados|Gyarados, M|100\/100\n|-ability|p1b: Gyarados|Intimidate|boost\n|-unboost|p2a: Spektro|atk|1\n|-unboost|p2b: Bigotes|atk|1\n|-ability|p2b: Bigotes|Defiant|boost\n|-boost|p2b: Bigotes|atk|2\n|move|p1a: Haxorus|Earthquake|p2b: Bigotes|[spread] p2a,p2b\n|-immune|p1b: Gyarados\n|-supereffective|p2b: Bigotes\n|-damage|p2a: Spektro|63\/100\n|-damage|p2b: Bigotes|34\/100\n|move|p2b: Bigotes|Kowtow Cleave|p1b: Gyarados\n|-damage|p1b: Gyarados|20\/100\n|move|p2a: Spektro|Will-O-Wisp|p1a: Haxorus\n|-status|p1a: Haxorus|brn\n|\n|-heal|p2a: Spektro|69\/100|[from] item: Leftovers\n|-damage|p1a: Haxorus|94\/100 brn|[from] brn\n|upkeep\n|turn|2\n|inactive|carambolo has 120 seconds left.\n|\n|t:|1700314606\n|switch|p1b: Farigiraf|Farigiraf, F|100\/100\n|move|p2b: Bigotes|Sucker Punch||[still]\n|cant|p1b: Farigiraf|ability: Armor Tail|Sucker Punch|[of] p2b: Bigotes\n|move|p1a: Haxorus|Earthquake|p2b: Bigotes|[spread] p1b,p2a,p2b\n|-supereffective|p2b: Bigotes\n|-damage|p1b: Farigiraf|79\/100\n|-damage|p2a: Spektro|49\/100\n|-damage|p2b: Bigotes|6\/100\n|move|p2a: Spektro|Trick Room|p2a: Spektro\n|-fieldstart|move: Trick Room|[of] p2a: Spektro\n|\n|-heal|p2a: Spektro|55\/100|[from] item: Leftovers\n|-damage|p1a: Haxorus|88\/100 brn|[from] brn\n|upkeep\n|turn|3\n|\n|t:|1700314633\n|move|p2a: Spektro|Hex|p1a: Haxorus\n|-crit|p1a: Haxorus\n|-damage|p1a: Haxorus|0 fnt\n|faint|p1a: Haxorus\n|move|p2b: Bigotes|Kowtow Cleave|p1b: Farigiraf\n|-supereffective|p1b: Farigiraf\n|-damage|p1b: Farigiraf|0 fnt\n|faint|p1b: Farigiraf\n|\n|-heal|p2a: Spektro|61\/100|[from] item: Leftovers\n|upkeep\n|inactive|Yuuuuj has 120 seconds left.\n|\n|t:|1700314650\n|switch|p1b: Ogerpon|Ogerpon-Cornerstone, F|100\/100\n|switch|p1a: Ampharos|Ampharos, F|100\/100\n|turn|4\n|\n|t:|1700314664\n|move|p1b: Ogerpon|Follow Me|p1b: Ogerpon\n|-singleturn|p1b: Ogerpon|move: Follow Me\n|move|p1a: Ampharos|Dazzling Gleam|p2a: Spektro|[spread] p2a,p2b\n|-supereffective|p2a: Spektro\n|-damage|p2a: Spektro|11\/100\n|-damage|p2b: Bigotes|0 fnt\n|faint|p2b: Bigotes\n|-damage|p1a: Ampharos|91\/100|[from] item: Life Orb\n|move|p2a: Spektro|Will-O-Wisp|p1b: Ogerpon\n|-status|p1b: Ogerpon|brn\n|\n|-heal|p2a: Spektro|17\/100|[from] item: Leftovers\n|-damage|p1b: Ogerpon|94\/100 brn|[from] brn\n|upkeep\n|\n|t:|1700314687\n|switch|p2b: Braza|Armarouge, F|100\/100\n|turn|5\n|\n|t:|1700314706\n|move|p1a: Ampharos|Rain Dance|p1a: Ampharos\n|-weather|RainDance\n|move|p2a: Spektro|Hex|p1b: Ogerpon\n|-damage|p1b: Ogerpon|50\/100 brn\n|move|p2b: Braza|Heat Wave|p1b: Ogerpon|[spread] p1b\n|-miss|p2b: Braza|p1a: Ampharos\n|-damage|p1b: Ogerpon|29\/100 brn\n|move|p1b: Ogerpon|Ivy Cudgel|p2b: Braza|[anim] Ivy Cudgel Rock\n|-supereffective|p2b: Braza\n|-crit|p2b: Braza\n|-damage|p2b: Braza|7\/100\n|\n|-weather|RainDance|[upkeep]\n|-heal|p2a: Spektro|23\/100|[from] item: Leftovers\n|-damage|p1b: Ogerpon|23\/100 brn|[from] brn\n|upkeep\n|turn|6\n|\n|t:|1700314722\n|move|p1b: Ogerpon|Spiky Shield|p1b: Ogerpon\n|-singleturn|p1b: Ogerpon|move: Protect\n|move|p1a: Ampharos|Dazzling Gleam|p2a: Spektro|[spread] p2a,p2b\n|-supereffective|p2a: Spektro\n|-resisted|p2b: Braza\n|-damage|p2a: Spektro|0 fnt\n|-damage|p2b: Braza|0 fnt\n|faint|p2a: Spektro\n|faint|p2b: Braza\n|-damage|p1a: Ampharos|81\/100|[from] item: Life Orb\n|\n|-weather|RainDance|[upkeep]\n|-damage|p1b: Ogerpon|17\/100 brn|[from] brn\n|-fieldend|move: Trick Room\n|upkeep\n|\n|t:|1700314735\n|switch|p2b: Gre\u00f1as|Hatterene, F|100\/100\n|switch|p2a: Trujo|Gastrodon, M|100\/100\n|turn|7\n|\n|t:|1700314750\n|-terastallize|p2a: Trujo|Fire\n|move|p1b: Ogerpon|Horn Leech|p2a: Trujo\n|-resisted|p2a: Trujo\n|-damage|p2a: Trujo|87\/100\n|-heal|p1b: Ogerpon|25\/100 brn|[from] drain|[of] p2a: Trujo\n|move|p2a: Trujo|Muddy Water|p1b: Ogerpon|[spread] p1a,p1b\n|-damage|p1a: Ampharos|37\/100\n|-damage|p1b: Ogerpon|0 fnt\n|faint|p1b: Ogerpon\n|-heal|p2a: Trujo|94\/100|[from] item: Shell Bell|[of] p1: Ogerpon\n|move|p1a: Ampharos|Thunderbolt|p2b: Gre\u00f1as\n|-damage|p2b: Gre\u00f1as|40\/100\n|-damage|p1a: Ampharos|27\/100|[from] item: Life Orb\n|move|p2b: Gre\u00f1as|Life Dew|p2b: Gre\u00f1as|[spread] p2b\n|-ability|p2a: Trujo|Storm Drain|boost\n|-boost|p2a: Trujo|spa|1\n|-heal|p2b: Gre\u00f1as|65\/100\n|\n|-weather|RainDance|[upkeep]\n|upkeep\n|\n|t:|1700314762\n|switch|p1b: Heatran|Heatran, F|100\/100\n|turn|8\n|\n|t:|1700314787\n|switch|p2b: Kommo-o|Kommo-o, M|100\/100\n|move|p1b: Heatran|Earth Power|p2a: Trujo\n|-supereffective|p2a: Trujo\n|-damage|p2a: Trujo|30\/100\n|move|p2a: Trujo|Earth Power|p1a: Ampharos\n|-supereffective|p1a: Ampharos\n|-damage|p1a: Ampharos|0 fnt\n|faint|p1a: Ampharos\n|-heal|p2a: Trujo|33\/100|[from] item: Shell Bell|[of] p1: Ampharos\n|\n|-weather|RainDance|[upkeep]\n|upkeep\n|\n|t:|1700314795\n|switch|p1a: Gyarados|Gyarados, M|20\/100\n|-ability|p1a: Gyarados|Intimidate|boost\n|-unboost|p2a: Trujo|atk|1\n|-unboost|p2b: Kommo-o|atk|1\n|turn|9\n|\n|t:|1700314822\n|move|p1a: Gyarados|Dragon Dance|p1a: Gyarados\n|-boost|p1a: Gyarados|atk|1\n|-boost|p1a: Gyarados|spe|1\n|move|p2b: Kommo-o|Drain Punch|p1b: Heatran\n|-supereffective|p1b: Heatran\n|-damage|p1b: Heatran|53\/100\n|move|p1b: Heatran|Earth Power|p2a: Trujo\n|-supereffective|p2a: Trujo\n|-damage|p2a: Trujo|0 fnt\n|faint|p2a: Trujo\n|\n|-weather|none\n|upkeep\n|\n|t:|1700314831\n|switch|p2a: Gre\u00f1as|Hatterene, F|65\/100\n|turn|10\n|inactive|Yuuuuj has 120 seconds left.\n|\n|t:|1700314867\n|-terastallize|p1b: Heatran|Fire\n|move|p1a: Gyarados|Waterfall|p2a: Gre\u00f1as\n|-damage|p2a: Gre\u00f1as|6\/100\n|move|p2b: Kommo-o|Dragon Claw|p1a: Gyarados\n|-damage|p1a: Gyarados|0 fnt\n|faint|p1a: Gyarados\n|move|p1b: Heatran|Flash Cannon|p2a: Gre\u00f1as\n|-supereffective|p2a: Gre\u00f1as\n|-damage|p2a: Gre\u00f1as|0 fnt\n|faint|p2a: Gre\u00f1as\n|\n|upkeep\n|turn|11\n|inactive|Yuuuuj has 120 seconds left.\n|\n|t:|1700314896\n|move|p2b: Kommo-o|Clangorous Soul|p2b: Kommo-o\n|-boost|p2b: Kommo-o|atk|1\n|-boost|p2b: Kommo-o|def|1\n|-boost|p2b: Kommo-o|spa|1\n|-boost|p2b: Kommo-o|spd|1\n|-boost|p2b: Kommo-o|spe|1\n|-damage|p2b: Kommo-o|68\/100\n|move|p1b: Heatran|Flash Cannon|p2b: Kommo-o\n|-damage|p2b: Kommo-o|36\/100\n|-unboost|p2b: Kommo-o|spd|1\n|-enditem|p2b: Kommo-o|Sitrus Berry|[eat]\n|-heal|p2b: Kommo-o|61\/100|[from] item: Sitrus Berry\n|\n|upkeep\n|turn|12\n|\n|t:|1700314912\n|move|p2b: Kommo-o|Drain Punch|p1b: Heatran\n|-damage|p1b: Heatran|20\/100\n|-heal|p2b: Kommo-o|82\/100|[from] drain|[of] p1b: Heatran\n|move|p1b: Heatran|Earth Power|p2b: Kommo-o\n|-damage|p2b: Kommo-o|49\/100\n|\n|upkeep\n|turn|13\n|\n|t:|1700314925\n|move|p2b: Kommo-o|Drain Punch|p1b: Heatran\n|-damage|p1b: Heatran|0 fnt\n|-heal|p2b: Kommo-o|61\/100|[from] drain|[of] p1b: Heatran\n|faint|p1b: Heatran\n|\n|win|carambolo\n|raw|Yuuuuj's rating: 1380 &rarr; <strong>1367<\/strong><br \/>(-13 for losing)\n|raw|carambolo's rating: 1509 &rarr; <strong>1522<\/strong><br \/>(+13 for winning)\n|l|\u2606Yuuuuj\n|l|\u2606carambolo\n|j|\u2606carambolo\n|player|p2|carambolo|266\n","uploadtime":1700315825,"views":10,"p1id":"yuuuuj","p2id":"carambolo","formatid":"gen9doublesou","rating":1367,"private":0,"password":""}