{"id":"gen9doublesou-2000664816","p1":"HSAplaysYT","p2":"Iuhdgfidg","format":"[Gen 9] Doubles OU","log":"|j|\u2606HSAplaysYT\n|j|\u2606Iuhdgfidg\n|t:|1701216231\n|gametype|doubles\n|player|p1|HSAplaysYT|barry|1040\n|player|p2|Iuhdgfidg|1|1000\n|teamsize|p1|6\n|teamsize|p2|6\n|gen|9\n|tier|[Gen 9] Doubles OU\n|rated|\n|rule|Species Clause: Limit one of each Pok\u00e9mon\n|rule|OHKO Clause: OHKO moves are banned\n|rule|Evasion Moves Clause: Evasion moves are banned\n|rule|Gravity Sleep Clause: The combination of sleep-inducing moves with imperfect accuracy and Gravity or Gigantamax Orbeetle are banned\n|rule|Endless Battle Clause: Forcing endless battles is banned\n|rule|HP Percentage Mod: HP is shown in percentages\n|clearpoke\n|poke|p1|Iron Valiant|\n|poke|p1|Flamigo, F|\n|poke|p1|Snorlax, M|\n|poke|p1|Flutter Mane|\n|poke|p1|Rabsca, F|\n|poke|p1|Indeedee-F, F|\n|poke|p2|Flutter Mane|\n|poke|p2|Iron Hands|\n|poke|p2|Tornadus, M|\n|poke|p2|Farigiraf, M|\n|poke|p2|Landorus-Therian, M|\n|poke|p2|Torkoal, M|\n|teampreview\n|inactive|Battle timer is ON: inactive players will automatically lose when time's up. (requested by Iuhdgfidg)\n|\n|t:|1701216243\n|start\n|switch|p1a: coolest|Iron Valiant|100\/100\n|switch|p1b: coo|Flutter Mane|100\/100\n|switch|p2a: Landorus|Landorus-Therian, M|100\/100\n|switch|p2b: Torkoal|Torkoal, M|100\/100\n|-ability|p2a: Landorus|Intimidate|boost\n|-unboost|p1a: coolest|atk|1\n|-unboost|p1b: coo|atk|1\n|-weather|SunnyDay|[from] ability: Drought|[of] p2b: Torkoal\n|-activate|p1b: coo|ability: Protosynthesis\n|-start|p1b: coo|protosynthesisspe\n|turn|1\n|\n|t:|1701216273\n|move|p2a: Landorus|Protect|p2a: Landorus\n|-singleturn|p2a: Landorus|Protect\n|move|p1a: coolest|Wide Guard|p1a: coolest\n|-singleturn|p1a: coolest|Wide Guard\n|move|p1b: coo|Dazzling Gleam|p2a: Landorus|[spread] p2b\n|-activate|p2a: Landorus|move: Protect\n|-resisted|p2b: Torkoal\n|-damage|p2b: Torkoal|86\/100\n|move|p2b: Torkoal|Heat Wave|p1a: coolest|[spread] \n|-activate|p1a: coolest|move: Wide Guard\n|-activate|p1b: coo|move: Wide Guard\n|\n|-weather|SunnyDay|[upkeep]\n|upkeep\n|turn|2\n|c|\u2606HSAplaysYT|i knew it had a double move\n|inactive|HSAplaysYT has 120 seconds left.\n|inactive|Iuhdgfidg has 120 seconds left.\n|\n|t:|1701216312\n|switch|p2b: Tornadus|Tornadus, M|100\/100\n|-terastallize|p2a: Landorus|Fire\n|move|p1b: coo|Draining Kiss|p2b: Tornadus\n|-damage|p2b: Tornadus|70\/100\n|move|p1a: coolest|Aura Sphere|p2b: Tornadus\n|-resisted|p2b: Tornadus\n|-damage|p2b: Tornadus|46\/100\n|-enditem|p2b: Tornadus|Sitrus Berry|[eat]\n|-heal|p2b: Tornadus|71\/100|[from] item: Sitrus Berry\n|move|p2a: Landorus|Weather Ball|p1a: coolest\n|-damage|p1a: coolest|0 fnt\n|faint|p1a: coolest\n|-end|p1a: coolest|Quark Drive|[silent]\n|\n|-weather|SunnyDay|[upkeep]\n|upkeep\n|\n|t:|1701216331\n|switch|p1a: C|Indeedee-F, F|100\/100\n|-fieldstart|move: Psychic Terrain|[from] ability: Psychic Surge|[of] p1a: C\n|turn|3\n|inactive|HSAplaysYT has 120 seconds left.\n|\n|t:|1701216353\n|move|p2b: Tornadus|Protect|p2b: Tornadus\n|-singleturn|p2b: Tornadus|Protect\n|move|p1b: coo|Calm Mind|p1b: coo\n|-boost|p1b: coo|spa|1\n|-boost|p1b: coo|spd|1\n|move|p2a: Landorus|Nasty Plot|p2a: Landorus\n|-boost|p2a: Landorus|spa|2\n|move|p1a: C|Trick Room|p1a: C\n|-fieldstart|move: Trick Room|[of] p1a: C\n|\n|-weather|SunnyDay|[upkeep]\n|upkeep\n|turn|4\n|c|\u2606HSAplaysYT|y would u bput timer on when u also are doing it slow\n|\n|t:|1701216377\n|move|p2a: Landorus|Sandsear Storm|p1b: coo|[spread] p1a,p1b\n|-damage|p1a: C|34\/100\n|-damage|p1b: coo|50\/100\n|move|p2b: Tornadus|Bleakwind Storm|p1b: coo|[spread] p1a,p1b\n|-damage|p1a: C|0 fnt\n|-damage|p1b: coo|21\/100\n|faint|p1a: C\n|move|p1b: coo|Dazzling Gleam|p2b: Tornadus|[spread] p2a,p2b\n|-resisted|p2a: Landorus\n|-damage|p2a: Landorus|77\/100\n|-damage|p2b: Tornadus|19\/100\n|\n|-weather|SunnyDay|[upkeep]\n|upkeep\n|inactive|HSAplaysYT has 120 seconds left.\n|\n|t:|1701216388\n|switch|p1a: cool|Snorlax, M|100\/100\n|turn|5\n|\n|t:|1701216417\n|move|p1a: cool|Belly Drum|p1a: cool\n|-damage|p1a: cool|50\/100\n|-setboost|p1a: cool|atk|6|[from] move: Belly Drum\n|-enditem|p1a: cool|Sitrus Berry|[eat]\n|-heal|p1a: cool|75\/100|[from] item: Sitrus Berry\n|move|p2a: Landorus|Sandsear Storm|p1b: coo|[spread] p1a,p1b\n|-damage|p1a: cool|31\/100\n|-damage|p1b: coo|0 fnt\n|faint|p1b: coo\n|-end|p1b: coo|Protosynthesis|[silent]\n|move|p2b: Tornadus|Bleakwind Storm|p1a: cool\n|-damage|p1a: cool|0 fnt\n|faint|p1a: cool\n|\n|-weather|none\n|upkeep\n|c|\u2606HSAplaysYT|bruh\n|\n|t:|1701216430\n|switch|p1a: cooler|Flamigo, F|100\/100\n|switch|p1b: co|Rabsca, F|100\/100\n|-copyboost|p1a: cooler|p1b: co|[from] ability: Costar\n|turn|6\n|\n|t:|1701216459\n|switch|p2b: Torkoal|Torkoal, M|86\/100\n|-weather|SunnyDay|[from] ability: Drought|[of] p2b: Torkoal\n|move|p1a: cooler|Wide Guard|p1a: cooler\n|-singleturn|p1a: cooler|Wide Guard\n|move|p1b: co|Dazzling Gleam|p2a: Landorus|[spread] p2a,p2b\n|-resisted|p2a: Landorus\n|-resisted|p2b: Torkoal\n|-damage|p2a: Landorus|66\/100\n|-damage|p2b: Torkoal|77\/100\n|move|p2a: Landorus|Weather Ball|p1a: cooler\n|-damage|p1a: cooler|0 fnt\n|faint|p1a: cooler\n|\n|-weather|SunnyDay|[upkeep]\n|upkeep\n|turn|7\n|\n|t:|1701216479\n|move|p2b: Torkoal|Solar Beam||[still]\n|-prepare|p2b: Torkoal|Solar Beam\n|-anim|p2b: Torkoal|Solar Beam|p1b: co\n|-resisted|p1b: co\n|-damage|p1b: co|84\/100\n|move|p1b: co|Revival Blessing|p1b: co\n|\n|t:|1701216501\n|-heal|p1: cooler|50\/100|[from] move: Revival Blessing\n|switch|p1a: cooler|Flamigo, F|50\/100\n|-copyboost|p1a: cooler|p1b: co|[from] ability: Costar\n|move|p2a: Landorus|Weather Ball|p1b: co\n|-supereffective|p1b: co\n|-damage|p1b: co|0 fnt\n|faint|p1b: co\n|\n|-weather|SunnyDay|[upkeep]\n|-fieldend|move: Trick Room\n|-fieldend|move: Psychic Terrain\n|upkeep\n|turn|8\n|c|\u2606HSAplaysYT|gg\n|\n|t:|1701216516\n|switch|p2b: Iron Hands|Iron Hands|100\/100\n|move|p2a: Landorus|Protect|p2a: Landorus\n|-singleturn|p2a: Landorus|Protect\n|move|p1a: cooler|Liquidation|p2a: Landorus\n|-activate|p2a: Landorus|move: Protect\n|\n|-weather|SunnyDay|[upkeep]\n|upkeep\n|turn|9\n|c|\u2606HSAplaysYT|bruh you couldve won\n|\n|t:|1701216535\n|move|p2b: Iron Hands|Fake Out|p1a: cooler\n|-damage|p1a: cooler|30\/100\n|cant|p1a: cooler|flinch\n|move|p2a: Landorus|Weather Ball|p1a: cooler\n|-damage|p1a: cooler|0 fnt\n|faint|p1a: cooler\n|\n|win|Iuhdgfidg\n|raw|HSAplaysYT's rating: 1040 &rarr; <strong>1022<\/strong><br \/>(-18 for losing)\n|raw|Iuhdgfidg's rating: 1000 &rarr; <strong>1045<\/strong><br \/>(+45 for winning)\n|l|\u2606HSAplaysYT\n","uploadtime":1701216594,"views":1,"p1id":"hsaplaysyt","p2id":"iuhdgfidg","formatid":"gen9doublesou","rating":1022,"private":0,"password":""}