{"id":"gen9doublesou-1991903696","p1":"OPieceOfHeroGhost","p2":"Souj","format":"[Gen 9] Doubles OU","log":"|j|\u2606OPieceOfHeroGhost\n|j|\u2606Souj\n|t:|1700136117\n|gametype|doubles\n|player|p1|OPieceOfHeroGhost|morty|1502\n|player|p2|Souj|nate|1541\n|teamsize|p1|6\n|teamsize|p2|6\n|gen|9\n|tier|[Gen 9] Doubles OU\n|rated|\n|rule|Species Clause: Limit one of each Pok\u00e9mon\n|rule|OHKO Clause: OHKO moves are banned\n|rule|Evasion Moves Clause: Evasion moves are banned\n|rule|Gravity Sleep Clause: The combination of sleep-inducing moves with imperfect accuracy and Gravity or Gigantamax Orbeetle are banned\n|rule|Endless Battle Clause: Forcing endless battles is banned\n|rule|HP Percentage Mod: HP is shown in percentages\n|clearpoke\n|poke|p1|Ting-Lu|\n|poke|p1|Cresselia, F|\n|poke|p1|Landorus-Therian, M|\n|poke|p1|Flutter Mane|\n|poke|p1|Iron Hands|\n|poke|p1|Sinistcha-Masterpiece|\n|poke|p2|Meowscarada, F|\n|poke|p2|Garganacl, M|\n|poke|p2|Ceruledge, M|\n|poke|p2|Kilowattrel, M|\n|poke|p2|Tinkaton, F|\n|poke|p2|Gholdengo|\n|teampreview\n|inactive|Battle timer is ON: inactive players will automatically lose when time's up. (requested by Souj)\n|\n|t:|1700136129\n|start\n|switch|p1a: \u53d1\u59d0\u5929\u4e0b\u65e0\u654c|Flutter Mane|100\/100\n|switch|p1b: \u5a01\u5413No.2|Landorus-Therian, M|100\/100\n|switch|p2a: Meowscarada|Meowscarada, F|100\/100\n|switch|p2b: Gholdengo|Gholdengo|100\/100\n|-ability|p1b: \u5a01\u5413No.2|Intimidate|boost\n|-unboost|p2a: Meowscarada|atk|1\n|-unboost|p2b: Gholdengo|atk|1\n|-item|p2b: Gholdengo|Air Balloon\n|-enditem|p1a: \u53d1\u59d0\u5929\u4e0b\u65e0\u654c|Booster Energy\n|-activate|p1a: \u53d1\u59d0\u5929\u4e0b\u65e0\u654c|ability: Protosynthesis|[fromitem]\n|-start|p1a: \u53d1\u59d0\u5929\u4e0b\u65e0\u654c|protosynthesisspe\n|turn|1\n|\n|t:|1700136150\n|switch|p2a: Ceruledge|Ceruledge, M|100\/100\n|move|p2b: Gholdengo|Protect|p2b: Gholdengo\n|-singleturn|p2b: Gholdengo|Protect\n|move|p1a: \u53d1\u59d0\u5929\u4e0b\u65e0\u654c|Dazzling Gleam|p2b: Gholdengo|[spread] p2a\n|-activate|p2b: Gholdengo|move: Protect\n|-resisted|p2a: Ceruledge\n|-damage|p2a: Ceruledge|83\/100\n|move|p1b: \u5a01\u5413No.2|Stomping Tantrum|p2b: Gholdengo\n|-activate|p2b: Gholdengo|move: Protect\n|\n|upkeep\n|turn|2\n|\n|t:|1700136168\n|move|p2a: Ceruledge|Shadow Sneak|p1a: \u53d1\u59d0\u5929\u4e0b\u65e0\u654c\n|-supereffective|p1a: \u53d1\u59d0\u5929\u4e0b\u65e0\u654c\n|-damage|p1a: \u53d1\u59d0\u5929\u4e0b\u65e0\u654c|13\/100\n|-damage|p2a: Ceruledge|73\/100|[from] item: Life Orb\n|move|p1a: \u53d1\u59d0\u5929\u4e0b\u65e0\u654c|Dazzling Gleam|p2b: Gholdengo|[spread] p2a,p2b\n|-resisted|p2a: Ceruledge\n|-resisted|p2b: Gholdengo\n|-damage|p2a: Ceruledge|56\/100\n|-damage|p2b: Gholdengo|83\/100\n|-enditem|p2b: Gholdengo|Air Balloon\n|move|p1b: \u5a01\u5413No.2|Stomping Tantrum|p2b: Gholdengo\n|-supereffective|p2b: Gholdengo\n|-damage|p2b: Gholdengo|0 fnt\n|faint|p2b: Gholdengo\n|\n|upkeep\n|\n|t:|1700136181\n|switch|p2b: Kilowattrel|Kilowattrel, M|100\/100\n|turn|3\n|\n|t:|1700136194\n|switch|p2a: Meowscarada|Meowscarada, F|100\/100\n|move|p1a: \u53d1\u59d0\u5929\u4e0b\u65e0\u654c|Protect|p1a: \u53d1\u59d0\u5929\u4e0b\u65e0\u654c\n|-singleturn|p1a: \u53d1\u59d0\u5929\u4e0b\u65e0\u654c|Protect\n|move|p1b: \u5a01\u5413No.2|Stomping Tantrum|p2a: Meowscarada\n|-resisted|p2a: Meowscarada\n|-damage|p2a: Meowscarada|67\/100\n|move|p2b: Kilowattrel|Air Slash|p1b: \u5a01\u5413No.2\n|-damage|p1b: \u5a01\u5413No.2|58\/100\n|\n|upkeep\n|turn|4\n|\n|t:|1700136214\n|switch|p1b: \u4f60\u62cd\u4e00\uff0c\u6211\u62cd\u4e8c\uff0c\u5438\u53d6\u62f3\u6765\u4e92\u76f8\u5438|Iron Hands|100\/100\n|move|p2a: Meowscarada|Sucker Punch|p1a: \u53d1\u59d0\u5929\u4e0b\u65e0\u654c\n|-start|p2a: Meowscarada|typechange|Dark|[from] ability: Protean\n|-damage|p1a: \u53d1\u59d0\u5929\u4e0b\u65e0\u654c|0 fnt\n|faint|p1a: \u53d1\u59d0\u5929\u4e0b\u65e0\u654c\n|-end|p1a: \u53d1\u59d0\u5929\u4e0b\u65e0\u654c|Protosynthesis|[silent]\n|move|p2b: Kilowattrel|Air Slash|p1b: \u4f60\u62cd\u4e00\uff0c\u6211\u62cd\u4e8c\uff0c\u5438\u53d6\u62f3\u6765\u4e92\u76f8\u5438\n|-damage|p1b: \u4f60\u62cd\u4e00\uff0c\u6211\u62cd\u4e8c\uff0c\u5438\u53d6\u62f3\u6765\u4e92\u76f8\u5438|83\/100\n|\n|upkeep\n|\n|t:|1700136229\n|switch|p1a: \u514b\u96f7\u80fd\u5426\u4e0e\u6211\u4e8e\u6625\u68a6\u4e00\u6e38\uff1f|Cresselia, F|100\/100\n|turn|5\n|\n|t:|1700136237\n|move|p1b: \u4f60\u62cd\u4e00\uff0c\u6211\u62cd\u4e8c\uff0c\u5438\u53d6\u62f3\u6765\u4e92\u76f8\u5438|Fake Out|p2b: Kilowattrel\n|-damage|p2b: Kilowattrel|69\/100\n|cant|p2b: Kilowattrel|flinch\n|move|p2a: Meowscarada|Knock Off|p1a: \u514b\u96f7\u80fd\u5426\u4e0e\u6211\u4e8e\u6625\u68a6\u4e00\u6e38\uff1f\n|-supereffective|p1a: \u514b\u96f7\u80fd\u5426\u4e0e\u6211\u4e8e\u6625\u68a6\u4e00\u6e38\uff1f\n|-damage|p1a: \u514b\u96f7\u80fd\u5426\u4e0e\u6211\u4e8e\u6625\u68a6\u4e00\u6e38\uff1f|41\/100\n|-damage|p2a: Meowscarada|51\/100|[from] item: Rocky Helmet|[of] p1a: \u514b\u96f7\u80fd\u5426\u4e0e\u6211\u4e8e\u6625\u68a6\u4e00\u6e38\uff1f\n|-enditem|p1a: \u514b\u96f7\u80fd\u5426\u4e0e\u6211\u4e8e\u6625\u68a6\u4e00\u6e38\uff1f|Rocky Helmet|[from] move: Knock Off|[of] p2a: Meowscarada\n|move|p1a: \u514b\u96f7\u80fd\u5426\u4e0e\u6211\u4e8e\u6625\u68a6\u4e00\u6e38\uff1f|Ice Beam|p2b: Kilowattrel\n|-supereffective|p2b: Kilowattrel\n|-damage|p2b: Kilowattrel|4\/100\n|\n|upkeep\n|turn|6\n|inactive|Souj has 120 seconds left.\n|\n|t:|1700136275\n|move|p2b: Kilowattrel|Endeavor|p1b: \u4f60\u62cd\u4e00\uff0c\u6211\u62cd\u4e8c\uff0c\u5438\u53d6\u62f3\u6765\u4e92\u76f8\u5438\n|-damage|p1b: \u4f60\u62cd\u4e00\uff0c\u6211\u62cd\u4e8c\uff0c\u5438\u53d6\u62f3\u6765\u4e92\u76f8\u5438|3\/100\n|move|p2a: Meowscarada|Knock Off|p1a: \u514b\u96f7\u80fd\u5426\u4e0e\u6211\u4e8e\u6625\u68a6\u4e00\u6e38\uff1f\n|-supereffective|p1a: \u514b\u96f7\u80fd\u5426\u4e0e\u6211\u4e8e\u6625\u68a6\u4e00\u6e38\uff1f\n|-damage|p1a: \u514b\u96f7\u80fd\u5426\u4e0e\u6211\u4e8e\u6625\u68a6\u4e00\u6e38\uff1f|2\/100\n|move|p1a: \u514b\u96f7\u80fd\u5426\u4e0e\u6211\u4e8e\u6625\u68a6\u4e00\u6e38\uff1f|Lunar Blessing|p1a: \u514b\u96f7\u80fd\u5426\u4e0e\u6211\u4e8e\u6625\u68a6\u4e00\u6e38\uff1f|[spread] p1a,p1b\n|-heal|p1a: \u514b\u96f7\u80fd\u5426\u4e0e\u6211\u4e8e\u6625\u68a6\u4e00\u6e38\uff1f|27\/100\n|-heal|p1b: \u4f60\u62cd\u4e00\uff0c\u6211\u62cd\u4e8c\uff0c\u5438\u53d6\u62f3\u6765\u4e92\u76f8\u5438|28\/100\n|move|p1b: \u4f60\u62cd\u4e00\uff0c\u6211\u62cd\u4e8c\uff0c\u5438\u53d6\u62f3\u6765\u4e92\u76f8\u5438|Drain Punch|p2a: Meowscarada\n|-supereffective|p2a: Meowscarada\n|-damage|p2a: Meowscarada|0 fnt\n|-heal|p1b: \u4f60\u62cd\u4e00\uff0c\u6211\u62cd\u4e8c\uff0c\u5438\u53d6\u62f3\u6765\u4e92\u76f8\u5438|43\/100|[from] drain|[of] p2a: Meowscarada\n|faint|p2a: Meowscarada\n|\n|upkeep\n|\n|t:|1700136289\n|switch|p2a: Ceruledge|Ceruledge, M|56\/100\n|turn|7\n|\n|t:|1700136302\n|move|p2b: Kilowattrel|Air Slash|p1b: \u4f60\u62cd\u4e00\uff0c\u6211\u62cd\u4e8c\uff0c\u5438\u53d6\u62f3\u6765\u4e92\u76f8\u5438\n|-damage|p1b: \u4f60\u62cd\u4e00\uff0c\u6211\u62cd\u4e8c\uff0c\u5438\u53d6\u62f3\u6765\u4e92\u76f8\u5438|26\/100\n|move|p2a: Ceruledge|Bitter Blade|p1a: \u514b\u96f7\u80fd\u5426\u4e0e\u6211\u4e8e\u6625\u68a6\u4e00\u6e38\uff1f\n|-damage|p1a: \u514b\u96f7\u80fd\u5426\u4e0e\u6211\u4e8e\u6625\u68a6\u4e00\u6e38\uff1f|0 fnt\n|-heal|p2a: Ceruledge|76\/100|[from] drain|[of] p1a: \u514b\u96f7\u80fd\u5426\u4e0e\u6211\u4e8e\u6625\u68a6\u4e00\u6e38\uff1f\n|faint|p1a: \u514b\u96f7\u80fd\u5426\u4e0e\u6211\u4e8e\u6625\u68a6\u4e00\u6e38\uff1f\n|-damage|p2a: Ceruledge|66\/100|[from] item: Life Orb\n|move|p1b: \u4f60\u62cd\u4e00\uff0c\u6211\u62cd\u4e8c\uff0c\u5438\u53d6\u62f3\u6765\u4e92\u76f8\u5438|Volt Switch|p2b: Kilowattrel\n|-heal|p2b: Kilowattrel|29\/100|[from] ability: Volt Absorb|[of] p1b: \u4f60\u62cd\u4e00\uff0c\u6211\u62cd\u4e8c\uff0c\u5438\u53d6\u62f3\u6765\u4e92\u76f8\u5438\n|\n|upkeep\n|\n|t:|1700136319\n|switch|p1a: \u5de7\u514b\u529b\u9762\u5305|Ting-Lu|100\/100\n|-ability|p1a: \u5de7\u514b\u529b\u9762\u5305|Vessel of Ruin\n|turn|8\n|\n|t:|1700136338\n|move|p2b: Kilowattrel|Endeavor|p1a: \u5de7\u514b\u529b\u9762\u5305\n|-damage|p1a: \u5de7\u514b\u529b\u9762\u5305|18\/100\n|move|p2a: Ceruledge|Bitter Blade|p1b: \u4f60\u62cd\u4e00\uff0c\u6211\u62cd\u4e8c\uff0c\u5438\u53d6\u62f3\u6765\u4e92\u76f8\u5438\n|-damage|p1b: \u4f60\u62cd\u4e00\uff0c\u6211\u62cd\u4e8c\uff0c\u5438\u53d6\u62f3\u6765\u4e92\u76f8\u5438|0 fnt\n|-heal|p2a: Ceruledge|87\/100|[from] drain|[of] p1b: \u4f60\u62cd\u4e00\uff0c\u6211\u62cd\u4e8c\uff0c\u5438\u53d6\u62f3\u6765\u4e92\u76f8\u5438\n|faint|p1b: \u4f60\u62cd\u4e00\uff0c\u6211\u62cd\u4e8c\uff0c\u5438\u53d6\u62f3\u6765\u4e92\u76f8\u5438\n|-end|p1b: \u4f60\u62cd\u4e00\uff0c\u6211\u62cd\u4e8c\uff0c\u5438\u53d6\u62f3\u6765\u4e92\u76f8\u5438|Quark Drive|[silent]\n|-damage|p2a: Ceruledge|77\/100|[from] item: Life Orb\n|move|p1a: \u5de7\u514b\u529b\u9762\u5305|Payback|p2b: Kilowattrel\n|-damage|p2b: Kilowattrel|0 fnt\n|faint|p2b: Kilowattrel\n|\n|upkeep\n|\n|t:|1700136354\n|switch|p2b: Garganacl|Garganacl, M|100\/100\n|switch|p1b: \u5df2\u5931\u4e00\u523b\uff0c\u4e00\u523b\u4e00\u523b\u4e00\u523b\uff01|Sinistcha-Masterpiece|100\/100\n|-heal|p1a: \u5de7\u514b\u529b\u9762\u5305|43\/100|[from] ability: Hospitality|[of] p1b: \u5df2\u5931\u4e00\u523b\uff0c\u4e00\u523b\u4e00\u523b\u4e00\u523b\uff01\n|turn|9\n|\n|t:|1700136366\n|switch|p1a: \u5a01\u5413No.2|Landorus-Therian, M|58\/100\n|-ability|p1a: \u5a01\u5413No.2|Intimidate|boost\n|-unboost|p2a: Ceruledge|atk|1\n|-unboost|p2b: Garganacl|atk|1\n|-terastallize|p1b: \u5df2\u5931\u4e00\u523b\uff0c\u4e00\u523b\u4e00\u523b\u4e00\u523b\uff01|Fire\n|move|p2b: Garganacl|Wide Guard|p2b: Garganacl\n|-singleturn|p2b: Garganacl|Wide Guard\n|move|p2a: Ceruledge|Bitter Blade|p1b: \u5df2\u5931\u4e00\u523b\uff0c\u4e00\u523b\u4e00\u523b\u4e00\u523b\uff01\n|-resisted|p1b: \u5df2\u5931\u4e00\u523b\uff0c\u4e00\u523b\u4e00\u523b\u4e00\u523b\uff01\n|-damage|p1b: \u5df2\u5931\u4e00\u523b\uff0c\u4e00\u523b\u4e00\u523b\u4e00\u523b\uff01|85\/100\n|-heal|p2a: Ceruledge|87\/100|[from] drain|[of] p1b: \u5df2\u5931\u4e00\u523b\uff0c\u4e00\u523b\u4e00\u523b\u4e00\u523b\uff01\n|-damage|p2a: Ceruledge|77\/100|[from] item: Life Orb\n|move|p1b: \u5df2\u5931\u4e00\u523b\uff0c\u4e00\u523b\u4e00\u523b\u4e00\u523b\uff01|Nasty Plot|p1b: \u5df2\u5931\u4e00\u523b\uff0c\u4e00\u523b\u4e00\u523b\u4e00\u523b\uff01\n|-boost|p1b: \u5df2\u5931\u4e00\u523b\uff0c\u4e00\u523b\u4e00\u523b\u4e00\u523b\uff01|spa|2\n|\n|-heal|p1b: \u5df2\u5931\u4e00\u523b\uff0c\u4e00\u523b\u4e00\u523b\u4e00\u523b\uff01|91\/100|[from] item: Leftovers\n|upkeep\n|turn|10\n|\n|t:|1700136389\n|switch|p2a: Tinkaton|Tinkaton, F|100\/100\n|-ability|p2a: Tinkaton|Mold Breaker\n|-terastallize|p2b: Garganacl|Ghost\n|move|p1a: \u5a01\u5413No.2|Stomping Tantrum|p2a: Tinkaton\n|-supereffective|p2a: Tinkaton\n|-damage|p2a: Tinkaton|0 fnt\n|faint|p2a: Tinkaton\n|move|p1b: \u5df2\u5931\u4e00\u523b\uff0c\u4e00\u523b\u4e00\u523b\u4e00\u523b\uff01|Nasty Plot|p1b: \u5df2\u5931\u4e00\u523b\uff0c\u4e00\u523b\u4e00\u523b\u4e00\u523b\uff01\n|-boost|p1b: \u5df2\u5931\u4e00\u523b\uff0c\u4e00\u523b\u4e00\u523b\u4e00\u523b\uff01|spa|2\n|move|p2b: Garganacl|Salt Cure|p1b: \u5df2\u5931\u4e00\u523b\uff0c\u4e00\u523b\u4e00\u523b\u4e00\u523b\uff01\n|-supereffective|p1b: \u5df2\u5931\u4e00\u523b\uff0c\u4e00\u523b\u4e00\u523b\u4e00\u523b\uff01\n|-damage|p1b: \u5df2\u5931\u4e00\u523b\uff0c\u4e00\u523b\u4e00\u523b\u4e00\u523b\uff01|77\/100\n|-start|p1b: \u5df2\u5931\u4e00\u523b\uff0c\u4e00\u523b\u4e00\u523b\u4e00\u523b\uff01|Salt Cure\n|\n|-heal|p1b: \u5df2\u5931\u4e00\u523b\uff0c\u4e00\u523b\u4e00\u523b\u4e00\u523b\uff01|83\/100|[from] item: Leftovers\n|-damage|p1b: \u5df2\u5931\u4e00\u523b\uff0c\u4e00\u523b\u4e00\u523b\u4e00\u523b\uff01|71\/100|[from] Salt Cure\n|upkeep\n|\n|t:|1700136397\n|switch|p2a: Ceruledge|Ceruledge, M|77\/100\n|turn|11\n|\n|t:|1700136413\n|move|p2a: Ceruledge|Endure|p2a: Ceruledge\n|-singleturn|p2a: Ceruledge|move: Endure\n|move|p1a: \u5a01\u5413No.2|Stomping Tantrum|p2a: Ceruledge\n|-supereffective|p2a: Ceruledge\n|-activate|p2a: Ceruledge|move: Endure\n|-damage|p2a: Ceruledge|1\/100\n|-ability|p2a: Ceruledge|Weak Armor|boost\n|-unboost|p2a: Ceruledge|def|1\n|-boost|p2a: Ceruledge|spe|2\n|move|p1b: \u5df2\u5931\u4e00\u523b\uff0c\u4e00\u523b\u4e00\u523b\u4e00\u523b\uff01|Matcha Gotcha|p2b: Garganacl|[spread] p2a,p2b\n|-resisted|p2a: Ceruledge\n|-activate|p2a: Ceruledge|move: Endure\n|-damage|p2a: Ceruledge|1\/100\n|-damage|p2b: Garganacl|30\/100\n|-heal|p1b: \u5df2\u5931\u4e00\u523b\uff0c\u4e00\u523b\u4e00\u523b\u4e00\u523b\uff01|100\/100|[from] drain|[of] p2b: Garganacl\n|move|p2b: Garganacl|Rock Slide|p1a: \u5a01\u5413No.2|[spread] p1a,p1b\n|-supereffective|p1b: \u5df2\u5931\u4e00\u523b\uff0c\u4e00\u523b\u4e00\u523b\u4e00\u523b\uff01\n|-damage|p1a: \u5a01\u5413No.2|44\/100\n|-damage|p1b: \u5df2\u5931\u4e00\u523b\uff0c\u4e00\u523b\u4e00\u523b\u4e00\u523b\uff01|80\/100\n|\n|-heal|p1b: \u5df2\u5931\u4e00\u523b\uff0c\u4e00\u523b\u4e00\u523b\u4e00\u523b\uff01|86\/100|[from] item: Leftovers\n|-damage|p1b: \u5df2\u5931\u4e00\u523b\uff0c\u4e00\u523b\u4e00\u523b\u4e00\u523b\uff01|73\/100|[from] Salt Cure\n|upkeep\n|turn|12\n|\n|t:|1700136436\n|move|p2b: Garganacl|Wide Guard|p2b: Garganacl\n|-singleturn|p2b: Garganacl|Wide Guard\n|move|p2a: Ceruledge|Bitter Blade|p1a: \u5a01\u5413No.2\n|-damage|p1a: \u5a01\u5413No.2|0 fnt\n|-heal|p2a: Ceruledge|28\/100|[from] drain|[of] p1a: \u5a01\u5413No.2\n|faint|p1a: \u5a01\u5413No.2\n|-damage|p2a: Ceruledge|18\/100|[from] item: Life Orb\n|move|p1b: \u5df2\u5931\u4e00\u523b\uff0c\u4e00\u523b\u4e00\u523b\u4e00\u523b\uff01|Matcha Gotcha|p2b: Garganacl|[spread] \n|-activate|p2a: Ceruledge|move: Wide Guard\n|-activate|p2b: Garganacl|move: Wide Guard\n|\n|-heal|p1b: \u5df2\u5931\u4e00\u523b\uff0c\u4e00\u523b\u4e00\u523b\u4e00\u523b\uff01|79\/100|[from] item: Leftovers\n|-damage|p1b: \u5df2\u5931\u4e00\u523b\uff0c\u4e00\u523b\u4e00\u523b\u4e00\u523b\uff01|67\/100|[from] Salt Cure\n|upkeep\n|inactive|OPieceOfHeroGhost has 120 seconds left.\n|\n|t:|1700136454\n|switch|p1a: \u5de7\u514b\u529b\u9762\u5305|Ting-Lu|43\/100\n|-ability|p1a: \u5de7\u514b\u529b\u9762\u5305|Vessel of Ruin\n|turn|13\n|\n|t:|1700136466\n|move|p2b: Garganacl|Wide Guard|p2b: Garganacl\n|-singleturn|p2b: Garganacl|Wide Guard\n|move|p2a: Ceruledge|Close Combat|p1b: \u5df2\u5931\u4e00\u523b\uff0c\u4e00\u523b\u4e00\u523b\u4e00\u523b\uff01\n|-damage|p1b: \u5df2\u5931\u4e00\u523b\uff0c\u4e00\u523b\u4e00\u523b\u4e00\u523b\uff01|29\/100\n|-unboost|p2a: Ceruledge|def|1\n|-unboost|p2a: Ceruledge|spd|1\n|-damage|p2a: Ceruledge|8\/100|[from] item: Life Orb\n|move|p1b: \u5df2\u5931\u4e00\u523b\uff0c\u4e00\u523b\u4e00\u523b\u4e00\u523b\uff01|Strength Sap|p2a: Ceruledge\n|-unboost|p2a: Ceruledge|atk|1\n|-heal|p1b: \u5df2\u5931\u4e00\u523b\uff0c\u4e00\u523b\u4e00\u523b\u4e00\u523b\uff01|100\/100\n|move|p1a: \u5de7\u514b\u529b\u9762\u5305|Payback|p2b: Garganacl\n|-supereffective|p2b: Garganacl\n|-damage|p2b: Garganacl|0 fnt\n|-damage|p1a: \u5de7\u514b\u529b\u9762\u5305|27\/100|[from] item: Rocky Helmet|[of] p2b: Garganacl\n|faint|p2b: Garganacl\n|\n|-damage|p1b: \u5df2\u5931\u4e00\u523b\uff0c\u4e00\u523b\u4e00\u523b\u4e00\u523b\uff01|88\/100|[from] Salt Cure\n|upkeep\n|turn|14\n|c|\u2606Souj|gg\n|\n|t:|1700136487\n|move|p2a: Ceruledge|Close Combat|p1a: \u5de7\u514b\u529b\u9762\u5305\n|-supereffective|p1a: \u5de7\u514b\u529b\u9762\u5305\n|-damage|p1a: \u5de7\u514b\u529b\u9762\u5305|0 fnt\n|-unboost|p2a: Ceruledge|def|1\n|-unboost|p2a: Ceruledge|spd|1\n|faint|p1a: \u5de7\u514b\u529b\u9762\u5305\n|-damage|p2a: Ceruledge|0 fnt|[from] item: Life Orb\n|faint|p2a: Ceruledge\n|\n|win|OPieceOfHeroGhost\n|raw|OPieceOfHeroGhost's rating: 1502 &rarr; <strong>1524<\/strong><br \/>(+22 for winning)\n|raw|Souj's rating: 1541 &rarr; <strong>1519<\/strong><br \/>(-22 for losing)\n|l|\u2606Souj\n","uploadtime":1700136498,"views":7,"p1id":"opieceofheroghost","p2id":"souj","formatid":"gen9doublesou","rating":1519,"private":0,"password":""}