{"id":"gen9doublesou-1985353208","p1":"Dr Depresserino","p2":"mauriciopateacaras","format":"[Gen 9] Doubles OU","log":"|j|\u2606Dr Depresserino\n|j|\u2606mauriciopateacaras\n|t:|1699367387\n|gametype|doubles\n|player|p1|Dr Depresserino|scientistf|1279\n|player|p2|mauriciopateacaras|allister|1238\n|teamsize|p1|6\n|teamsize|p2|6\n|gen|9\n|tier|[Gen 9] Doubles OU\n|rated|\n|rule|Species Clause: Limit one of each Pok\u00e9mon\n|rule|OHKO Clause: OHKO moves are banned\n|rule|Evasion Moves Clause: Evasion moves are banned\n|rule|Gravity Sleep Clause: The combination of sleep-inducing moves with imperfect accuracy and Gravity or Gigantamax Orbeetle are banned\n|rule|Endless Battle Clause: Forcing endless battles is banned\n|rule|HP Percentage Mod: HP is shown in percentages\n|clearpoke\n|poke|p1|Muk-Alola, M|\n|poke|p1|Oricorio-Pa'u, L1, M|\n|poke|p1|Dragonite, M|\n|poke|p1|Altaria, M|\n|poke|p1|Lilligant-Hisui, F|\n|poke|p1|Quaquaval, M|\n|poke|p2|Snorlax, F|\n|poke|p2|Sinistcha|\n|poke|p2|Iron Hands|\n|poke|p2|Landorus-Therian, M|\n|poke|p2|Clefairy, M|\n|poke|p2|Kommo-o, F|\n|teampreview\n|\n|t:|1699367404\n|start\n|switch|p1a: Muk|Muk-Alola, M, shiny|100\/100\n|switch|p1b: Oricorio|Oricorio-Pa'u, L1, M, shiny|100\/100\n|switch|p2a: Kommo-o|Kommo-o, F|100\/100\n|switch|p2b: Clefairy|Clefairy, M|100\/100\n|turn|1\n|\n|t:|1699367419\n|move|p1a: Muk|Protect|p1a: Muk\n|-singleturn|p1a: Muk|Protect\n|move|p2a: Kommo-o|Clangorous Soul|p2a: Kommo-o\n|-boost|p2a: Kommo-o|atk|1\n|-boost|p2a: Kommo-o|def|1\n|-boost|p2a: Kommo-o|spa|1\n|-boost|p2a: Kommo-o|spd|1\n|-boost|p2a: Kommo-o|spe|1\n|-damage|p2a: Kommo-o|68\/100\n|-enditem|p2a: Kommo-o|Throat Spray\n|-boost|p2a: Kommo-o|spa|1|[from] item: Throat Spray\n|-activate|p1b: Oricorio|ability: Dancer\n|move|p1b: Oricorio|Clangorous Soul|p1b: Oricorio|[from]ability: Dancer\n|-boost|p1b: Oricorio|atk|1\n|-boost|p1b: Oricorio|def|1\n|-boost|p1b: Oricorio|spa|1\n|-boost|p1b: Oricorio|spd|1\n|-boost|p1b: Oricorio|spe|1\n|-damage|p1b: Oricorio|70\/100\n|move|p2b: Clefairy|Heal Pulse|p2a: Kommo-o\n|-heal|p2a: Kommo-o|100\/100\n|move|p1b: Oricorio|Teeter Dance|p2b: Clefairy|[spread] p2a,p2b\n|-activate|p1a: Muk|move: Protect\n|-start|p2a: Kommo-o|confusion\n|-start|p2b: Clefairy|confusion\n|\n|-damage|p1b: Oricorio|62\/100|[from] item: Sticky Barb\n|upkeep\n|turn|2\n|l|\u2606mauriciopateacaras\n|player|p2|\n|j|\u2606mauriciopateacaras\n|player|p2|mauriciopateacaras|allister\n|inactive|Battle timer is ON: inactive players will automatically lose when time's up. (requested by Dr Depresserino)\n|\n|t:|1699367489\n|switch|p2b: Iron Hands|Iron Hands|100\/100\n|-activate|p2a: Kommo-o|confusion\n|-damage|p2a: Kommo-o|93\/100|[from] confusion\n|move|p1a: Muk|Poison Jab|p2a: Kommo-o\n|-damage|p2a: Kommo-o|71\/100\n|move|p1b: Oricorio|Defog|p2a: Kommo-o\n|-unboost|p2a: Kommo-o|evasion|1\n|\n|-damage|p1b: Oricorio|54\/100|[from] item: Sticky Barb\n|upkeep\n|turn|3\n|inactive|Dr Depresserino has 120 seconds left.\n|\n|t:|1699367528\n|-terastallize|p2a: Kommo-o|Steel\n|move|p1a: Muk|Protect|p1a: Muk\n|-singleturn|p1a: Muk|Protect\n|move|p2b: Iron Hands|Fake Out|p1b: Oricorio\n|-damage|p1b: Oricorio|0 fnt\n|faint|p1b: Oricorio\n|-ability|p1a: Muk|Dancer|[from] ability: Power of Alchemy|[of] p1b: Oricorio\n|-activate|p2a: Kommo-o|confusion\n|-damage|p2a: Kommo-o|64\/100|[from] confusion\n|\n|upkeep\n|\n|t:|1699367546\n|switch|p1b: Lilligant|Lilligant-Hisui, F, shiny|100\/100\n|turn|4\n|inactive|mauriciopateacaras has 120 seconds left.\n|l|\u2606mauriciopateacaras\n|inactive|mauriciopateacaras disconnected and has a minute to reconnect!\n|player|p2|\n|inactive|mauriciopateacaras has 30 seconds to reconnect!\n|inactive|mauriciopateacaras has 20 seconds to reconnect!\n|inactive|mauriciopateacaras has 15 seconds to reconnect!\n|inactive|mauriciopateacaras has 10 seconds to reconnect!\n|inactive|mauriciopateacaras has 5 seconds to reconnect!\n|j|\u2606mauriciopateacaras\n|inactive|mauriciopateacaras reconnected and has 55 seconds left.\n|player|p2|mauriciopateacaras|allister\n|\n|t:|1699367654\n|-end|p2b: Iron Hands|Quark Drive|[silent]\n|switch|p2b: Sinistcha|Sinistcha|100\/100\n|-heal|p2a: Kommo-o|89\/100|[from] ability: Hospitality|[of] p2b: Sinistcha\n|-terastallize|p1b: Lilligant|Steel\n|-end|p2a: Kommo-o|confusion\n|move|p2a: Kommo-o|Clanging Scales|p1a: Muk|[spread] p1a,p1b\n|-resisted|p1b: Lilligant\n|-damage|p1a: Muk|40\/100\n|-damage|p1b: Lilligant|39\/100\n|-unboost|p2a: Kommo-o|def|1\n|move|p1b: Lilligant|Victory Dance|p1b: Lilligant\n|-boost|p1b: Lilligant|atk|1\n|-boost|p1b: Lilligant|def|1\n|-boost|p1b: Lilligant|spe|1\n|-activate|p1a: Muk|ability: Dancer\n|move|p1a: Muk|Victory Dance|p1a: Muk|[from]ability: Dancer\n|-boost|p1a: Muk|atk|1\n|-boost|p1a: Muk|def|1\n|-boost|p1a: Muk|spe|1\n|move|p1a: Muk|Drain Punch|p2a: Kommo-o\n|-supereffective|p2a: Kommo-o\n|-damage|p2a: Kommo-o|22\/100\n|-heal|p1a: Muk|66\/100|[from] drain|[of] p2a: Kommo-o\n|\n|-heal|p1b: Lilligant|45\/100|[from] item: Leftovers\n|upkeep\n|turn|5\n|inactive|mauriciopateacaras has 60 seconds left.\n|inactive|Dr Depresserino has 120 seconds left.\n|\n|t:|1699367689\n|move|p1a: Muk|Protect|p1a: Muk\n|-singleturn|p1a: Muk|Protect\n|move|p2b: Sinistcha|Rage Powder|p2b: Sinistcha\n|-singleturn|p2b: Sinistcha|move: Rage Powder\n|move|p1b: Lilligant|Victory Dance|p1b: Lilligant\n|-boost|p1b: Lilligant|atk|1\n|-boost|p1b: Lilligant|def|1\n|-boost|p1b: Lilligant|spe|1\n|-activate|p1a: Muk|ability: Dancer\n|move|p1a: Muk|Victory Dance|p1a: Muk|[from]ability: Dancer\n|-boost|p1a: Muk|atk|1\n|-boost|p1a: Muk|def|1\n|-boost|p1a: Muk|spe|1\n|move|p2a: Kommo-o|Clanging Scales|p1b: Lilligant|[spread] p1b\n|-activate|p1a: Muk|move: Protect\n|-resisted|p1b: Lilligant\n|-damage|p1b: Lilligant|0 fnt\n|faint|p1b: Lilligant\n|-unboost|p2a: Kommo-o|def|1\n|\n|upkeep\n|\n|t:|1699367702\n|switch|p1b: Dragonite|Dragonite, M, shiny|100\/100\n|turn|6\n|inactive|mauriciopateacaras has 60 seconds left.\n|\n|t:|1699367727\n|move|p1b: Dragonite|Extreme Speed|p2a: Kommo-o\n|-resisted|p2a: Kommo-o\n|-damage|p2a: Kommo-o|1\/100\n|move|p2b: Sinistcha|Rage Powder|p2b: Sinistcha\n|-singleturn|p2b: Sinistcha|move: Rage Powder\n|move|p2a: Kommo-o|Clanging Scales|p1b: Dragonite|[spread] p1a,p1b\n|-supereffective|p1b: Dragonite\n|-damage|p1a: Muk|6\/100\n|-damage|p1b: Dragonite|15\/100\n|-unboost|p2a: Kommo-o|def|1\n|move|p1a: Muk|Knock Off|p2b: Sinistcha\n|-supereffective|p2b: Sinistcha\n|-crit|p2b: Sinistcha\n|-damage|p2b: Sinistcha|0 fnt\n|-enditem|p2b: Sinistcha|Mental Herb|[from] move: Knock Off|[of] p1a: Muk\n|faint|p2b: Sinistcha\n|\n|-heal|p1b: Dragonite|21\/100|[from] item: Leftovers\n|upkeep\n|\n|t:|1699367742\n|switch|p2b: Clefairy|Clefairy, M|100\/100\n|turn|7\n|inactive|mauriciopateacaras has 60 seconds left.\n|\n|t:|1699367764\n|move|p1b: Dragonite|Extreme Speed|p2a: Kommo-o\n|-resisted|p2a: Kommo-o\n|-damage|p2a: Kommo-o|0 fnt\n|faint|p2a: Kommo-o\n|move|p2b: Clefairy|Follow Me|p2b: Clefairy\n|-singleturn|p2b: Clefairy|move: Follow Me\n|move|p1a: Muk|Poison Jab|p2b: Clefairy\n|-supereffective|p2b: Clefairy\n|-damage|p2b: Clefairy|0 fnt\n|faint|p2b: Clefairy\n|\n|-heal|p1b: Dragonite|27\/100|[from] item: Leftovers\n|upkeep\n|\n|t:|1699367771\n|switch|p2a: Landorus|Landorus-Therian, M|100\/100\n|switch|p2b: Iron Hands|Iron Hands|100\/100\n|-ability|p2a: Landorus|Intimidate|boost\n|-unboost|p1a: Muk|atk|1\n|-unboost|p1b: Dragonite|atk|1\n|turn|8\n|\n|t:|1699367782\n|move|p1a: Muk|Protect|p1a: Muk\n|-singleturn|p1a: Muk|Protect\n|move|p2b: Iron Hands|Fake Out|p1b: Dragonite\n|-damage|p1b: Dragonite|11\/100\n|move|p2a: Landorus|Rock Slide|p1b: Dragonite|[spread] p1b\n|-activate|p1a: Muk|move: Protect\n|-supereffective|p1b: Dragonite\n|-damage|p1b: Dragonite|0 fnt\n|faint|p1b: Dragonite\n|\n|upkeep\n|\n|t:|1699367792\n|switch|p1b: Quaquaval|Quaquaval, M, shiny|100\/100\n|turn|9\n|\n|t:|1699367801\n|move|p2a: Landorus|Rock Slide|p1b: Quaquaval|[spread] p1a,p1b\n|-resisted|p1b: Quaquaval\n|-damage|p1a: Muk|0 fnt\n|-damage|p1b: Quaquaval|86\/100\n|faint|p1a: Muk\n|cant|p1b: Quaquaval|flinch\n|move|p2b: Iron Hands|Drain Punch|p1b: Quaquaval\n|-damage|p1b: Quaquaval|29\/100\n|\n|upkeep\n|-message|Dr Depresserino forfeited.\n|\n|win|mauriciopateacaras\n|raw|Dr Depresserino's rating: 1279 &rarr; <strong>1251<\/strong><br \/>(-28 for losing)\n|raw|mauriciopateacaras's rating: 1238 &rarr; <strong>1266<\/strong><br \/>(+28 for winning)\n|l|\u2606Dr Depresserino\n","uploadtime":1699367822,"views":10,"p1id":"drdepresserino","p2id":"mauriciopateacaras","formatid":"gen9doublesou","rating":1251,"private":0,"password":""}