{"id":"gen9doublesou-1977156172","p1":"MasterMineZ82","p2":"Oreng3","format":"[Gen 9] Doubles OU","log":"|j|\u2606MasterMineZ82\n|j|\u2606Oreng3\n|t:|1698378403\n|gametype|doubles\n|player|p1|MasterMineZ82|102|1365\n|player|p2|Oreng3|gardenia|1413\n|teamsize|p1|6\n|teamsize|p2|6\n|gen|9\n|tier|[Gen 9] Doubles OU\n|rated|\n|rule|Species Clause: Limit one of each Pok\u00e9mon\n|rule|OHKO Clause: OHKO moves are banned\n|rule|Evasion Moves Clause: Evasion moves are banned\n|rule|Gravity Sleep Clause: The combination of sleep-inducing moves with imperfect accuracy and Gravity or Gigantamax Orbeetle are banned\n|rule|Endless Battle Clause: Forcing endless battles is banned\n|rule|HP Percentage Mod: HP is shown in percentages\n|clearpoke\n|poke|p1|Bisharp, M|\n|poke|p1|Articuno-Galar|\n|poke|p1|Okidogi, M|\n|poke|p1|Brute Bonnet|\n|poke|p1|Sinistcha|\n|poke|p1|Walking Wake|\n|poke|p2|Politoed, M|\n|poke|p2|Gastrodon-East, M|\n|poke|p2|Cresselia, F|\n|poke|p2|Moltres-Galar|\n|poke|p2|Kommo-o, M|\n|poke|p2|Volcarona, F|\n|teampreview\n|inactive|Battle timer is ON: inactive players will automatically lose when time's up. (requested by Oreng3)\n|\n|t:|1698378416\n|start\n|switch|p1a: Brute Bonnet|Brute Bonnet|100\/100\n|switch|p1b: Okidogi|Okidogi, M|100\/100\n|switch|p2a: Politoed|Politoed, M, shiny|100\/100\n|switch|p2b: Gastrodon|Gastrodon-East, M, shiny|100\/100\n|-weather|RainDance|[from] ability: Drizzle|[of] p2a: Politoed\n|turn|1\n|\n|t:|1698378428\n|-terastallize|p2b: Gastrodon|Poison\n|move|p1b: Okidogi|Knock Off|p2b: Gastrodon\n|-damage|p2b: Gastrodon|58\/100\n|-enditem|p2b: Gastrodon|Leftovers|[from] move: Knock Off|[of] p1b: Okidogi\n|move|p2a: Politoed|Surf|p1b: Okidogi|[spread] p1a,p1b\n|-ability|p2b: Gastrodon|Storm Drain|boost\n|-boost|p2b: Gastrodon|spa|1\n|-resisted|p1a: Brute Bonnet\n|-damage|p1a: Brute Bonnet|90\/100\n|-damage|p1b: Okidogi|65\/100\n|move|p1a: Brute Bonnet|Spore|p2b: Gastrodon\n|-status|p2b: Gastrodon|slp|[from] move: Spore\n|cant|p2b: Gastrodon|slp\n|\n|-weather|RainDance|[upkeep]\n|upkeep\n|turn|2\n|\n|t:|1698378446\n|move|p1a: Brute Bonnet|Sucker Punch|p2a: Politoed\n|-damage|p2a: Politoed|65\/100\n|move|p1b: Okidogi|Drain Punch|p2a: Politoed\n|-damage|p2a: Politoed|15\/100\n|-heal|p1b: Okidogi|91\/100|[from] drain|[of] p2a: Politoed\n|move|p2a: Politoed|Surf|p1a: Brute Bonnet|[spread] p1a,p1b\n|-ability|p2b: Gastrodon|Storm Drain|boost\n|-boost|p2b: Gastrodon|spa|1\n|-resisted|p1a: Brute Bonnet\n|-damage|p1a: Brute Bonnet|79\/100\n|-damage|p1b: Okidogi|57\/100\n|cant|p2b: Gastrodon|slp\n|\n|-weather|RainDance|[upkeep]\n|upkeep\n|turn|3\n|\n|t:|1698378466\n|switch|p1b: Walking Wake|Walking Wake|100\/100\n|move|p1a: Brute Bonnet|Sucker Punch|p2a: Politoed\n|-damage|p2a: Politoed|0 fnt\n|faint|p2a: Politoed\n|cant|p2b: Gastrodon|slp\n|\n|-weather|RainDance|[upkeep]\n|upkeep\n|\n|t:|1698378473\n|switch|p2a: Cresselia|Cresselia, F, shiny|100\/100\n|turn|4\n|\n|t:|1698378497\n|move|p1b: Walking Wake|Hurricane|p2b: Gastrodon\n|-damage|p2b: Gastrodon|5\/100 slp\n|move|p2a: Cresselia|Thunder Wave|p1b: Walking Wake\n|-status|p1b: Walking Wake|par\n|move|p1a: Brute Bonnet|Spore|p2a: Cresselia\n|-status|p2a: Cresselia|slp|[from] move: Spore\n|-curestatus|p2b: Gastrodon|slp|[msg]\n|move|p2b: Gastrodon|Sludge Bomb|p1b: Walking Wake\n|-damage|p1b: Walking Wake|6\/100 par\n|\n|-weather|RainDance|[upkeep]\n|upkeep\n|turn|5\n|\n|t:|1698378518\n|move|p1a: Brute Bonnet|Sucker Punch|p2b: Gastrodon\n|-damage|p2b: Gastrodon|0 fnt\n|faint|p2b: Gastrodon\n|cant|p2a: Cresselia|slp\n|move|p1b: Walking Wake|Hurricane|p2a: Cresselia\n|-damage|p2a: Cresselia|75\/100 slp\n|\n|-weather|RainDance|[upkeep]\n|-heal|p2a: Cresselia|81\/100 slp|[from] item: Leftovers\n|upkeep\n|\n|t:|1698378520\n|switch|p2b: Moltres|Moltres-Galar, shiny|100\/100\n|turn|6\n|\n|t:|1698378533\n|-end|p1b: Walking Wake|Protosynthesis|[silent]\n|switch|p1b: Bisharp|Bisharp, M|100\/100\n|move|p2b: Moltres|Safeguard|p2b: Moltres\n|-sidestart|p2: Oreng3|Safeguard\n|-curestatus|p2a: Cresselia|slp|[msg]\n|move|p2a: Cresselia|Lunar Blessing|p2a: Cresselia|[spread] p2a,p2b\n|-heal|p2a: Cresselia|100\/100\n|move|p1a: Brute Bonnet|Spore|p2b: Moltres\n|-activate|p2b: Moltres|move: Safeguard\n|\n|-weather|RainDance|[upkeep]\n|upkeep\n|turn|7\n|\n|t:|1698378554\n|move|p1a: Brute Bonnet|Rage Powder|p1a: Brute Bonnet\n|-singleturn|p1a: Brute Bonnet|move: Rage Powder\n|move|p2b: Moltres|Hurricane|p1a: Brute Bonnet\n|-supereffective|p1a: Brute Bonnet\n|-damage|p1a: Brute Bonnet|8\/100\n|move|p2a: Cresselia|Reflect|p2a: Cresselia\n|-sidestart|p2: Oreng3|Reflect\n|move|p1b: Bisharp|Swords Dance|p1b: Bisharp\n|-boost|p1b: Bisharp|atk|2\n|\n|-weather|RainDance|[upkeep]\n|upkeep\n|turn|8\n|\n|t:|1698378572\n|move|p2b: Moltres|Fiery Wrath|p1b: Bisharp|[spread] p1a,p1b\n|-resisted|p1a: Brute Bonnet\n|-resisted|p1b: Bisharp\n|-damage|p1a: Brute Bonnet|0 fnt\n|-damage|p1b: Bisharp|85\/100\n|faint|p1a: Brute Bonnet\n|-end|p1a: Brute Bonnet|Protosynthesis|[silent]\n|move|p2a: Cresselia|Thunder Wave|p1b: Bisharp\n|-status|p1b: Bisharp|par\n|move|p1b: Bisharp|Iron Head|p2b: Moltres\n|-damage|p2b: Moltres|33\/100\n|-ability|p2b: Moltres|Berserk|boost\n|-boost|p2b: Moltres|spa|1\n|-enditem|p2b: Moltres|Sitrus Berry|[eat]\n|-heal|p2b: Moltres|58\/100|[from] item: Sitrus Berry\n|\n|-weather|none\n|upkeep\n|\n|t:|1698378587\n|switch|p1a: Articuno|Articuno-Galar|100\/100\n|turn|9\n|\n|t:|1698378594\n|move|p1a: Articuno|Light Screen|p1a: Articuno\n|-sidestart|p1: MasterMineZ82|move: Light Screen\n|move|p2b: Moltres|Fiery Wrath|p1a: Articuno|[spread] p1a,p1b\n|-supereffective|p1a: Articuno\n|-resisted|p1b: Bisharp\n|-damage|p1a: Articuno|31\/100\n|-damage|p1b: Bisharp|71\/100 par\n|move|p2a: Cresselia|Lunar Blessing|p2a: Cresselia|[spread] p2a,p2b\n|-heal|p2b: Moltres|82\/100\n|move|p1b: Bisharp|Iron Head|p2b: Moltres\n|-damage|p2b: Moltres|12\/100\n|-ability|p2b: Moltres|Berserk|boost\n|-boost|p2b: Moltres|spa|1\n|\n|upkeep\n|turn|10\n|\n|t:|1698378612\n|cant|p1b: Bisharp|par\n|move|p1a: Articuno|Reflect|p1a: Articuno\n|-sidestart|p1: MasterMineZ82|Reflect\n|move|p2b: Moltres|Fiery Wrath|p1b: Bisharp|[spread] p1a,p1b\n|-supereffective|p1a: Articuno\n|-resisted|p1b: Bisharp\n|-damage|p1a: Articuno|0 fnt\n|-damage|p1b: Bisharp|51\/100 par\n|faint|p1a: Articuno\n|move|p2a: Cresselia|Lunar Blessing|p2a: Cresselia|[spread] p2a,p2b\n|-heal|p2b: Moltres|37\/100\n|\n|-sideend|p2: Oreng3|Safeguard\n|upkeep\n|\n|t:|1698378626\n|switch|p1a: Okidogi|Okidogi, M|57\/100\n|turn|11\n|\n|t:|1698378633\n|move|p1b: Bisharp|Sucker Punch||[still]\n|-fail|p1b: Bisharp\n|move|p2b: Moltres|Agility|p2b: Moltres\n|-boost|p2b: Moltres|spe|2\n|move|p2a: Cresselia|Lunar Blessing|p2a: Cresselia|[spread] p2a,p2b\n|-heal|p2b: Moltres|62\/100\n|move|p1a: Okidogi|Knock Off|p2a: Cresselia\n|-supereffective|p2a: Cresselia\n|-damage|p2a: Cresselia|66\/100\n|-enditem|p2a: Cresselia|Leftovers|[from] move: Knock Off|[of] p1a: Okidogi\n|\n|-sideend|p2: Oreng3|Reflect\n|upkeep\n|turn|12\n|\n|t:|1698378651\n|cant|p1b: Bisharp|par\n|move|p2b: Moltres|Fiery Wrath|p1a: Okidogi|[spread] p1a,p1b\n|-resisted|p1a: Okidogi\n|-resisted|p1b: Bisharp\n|-damage|p1a: Okidogi|34\/100\n|-damage|p1b: Bisharp|30\/100 par\n|move|p2a: Cresselia|Lunar Blessing|p2a: Cresselia|[spread] p2a,p2b\n|-heal|p2a: Cresselia|91\/100\n|-heal|p2b: Moltres|87\/100\n|move|p1a: Okidogi|Poison Jab|p2b: Moltres\n|-damage|p2b: Moltres|36\/100\n|-ability|p2b: Moltres|Berserk|boost\n|-boost|p2b: Moltres|spa|1\n|\n|upkeep\n|turn|13\n|\n|t:|1698378670\n|switch|p1a: Sinistcha|Sinistcha|100\/100\n|-heal|p1b: Bisharp|54\/100 par|[from] ability: Hospitality|[of] p1a: Sinistcha\n|move|p1b: Bisharp|Sucker Punch|p2b: Moltres\n|-resisted|p2b: Moltres\n|-damage|p2b: Moltres|0 fnt\n|faint|p2b: Moltres\n|move|p2a: Cresselia|Lunar Blessing|p2a: Cresselia\n|-heal|p2a: Cresselia|100\/100\n|\n|upkeep\n|\n|t:|1698378683\n|switch|p2b: Volcarona|Volcarona, F, shiny|100\/100\n|turn|14\n|\n|t:|1698378702\n|-terastallize|p1b: Bisharp|Dark\n|move|p1b: Bisharp|Sucker Punch|p2b: Volcarona\n|-damage|p2b: Volcarona|0 fnt\n|faint|p2b: Volcarona\n|move|p2a: Cresselia|Reflect|p2a: Cresselia\n|-sidestart|p2: Oreng3|Reflect\n|move|p1a: Sinistcha|Shadow Ball|p2a: Cresselia\n|-supereffective|p2a: Cresselia\n|-crit|p2a: Cresselia\n|-damage|p2a: Cresselia|48\/100\n|\n|upkeep\n|\n|t:|1698378709\n|switch|p2b: Kommo-o|Kommo-o, M, shiny|100\/100\n|turn|15\n|\n|t:|1698378717\n|move|p2b: Kommo-o|Clangorous Soul|p2b: Kommo-o\n|-boost|p2b: Kommo-o|atk|1\n|-boost|p2b: Kommo-o|def|1\n|-boost|p2b: Kommo-o|spa|1\n|-boost|p2b: Kommo-o|spd|1\n|-boost|p2b: Kommo-o|spe|1\n|-damage|p2b: Kommo-o|68\/100\n|move|p2a: Cresselia|Lunar Blessing|p2a: Cresselia|[spread] p2a,p2b\n|-heal|p2a: Cresselia|73\/100\n|-heal|p2b: Kommo-o|93\/100\n|move|p1a: Sinistcha|Life Dew||[still]|[spread] p1a,p1b\n|-fail|p1a: Sinistcha|heal\n|-heal|p1b: Bisharp|80\/100 par\n|cant|p1b: Bisharp|par\n|\n|-heal|p2b: Kommo-o|99\/100|[from] item: Leftovers\n|upkeep\n|turn|16\n|\n|t:|1698378742\n|move|p2b: Kommo-o|Clangorous Soul|p2b: Kommo-o\n|-boost|p2b: Kommo-o|atk|1\n|-boost|p2b: Kommo-o|def|1\n|-boost|p2b: Kommo-o|spa|1\n|-boost|p2b: Kommo-o|spd|1\n|-boost|p2b: Kommo-o|spe|1\n|-damage|p2b: Kommo-o|66\/100\n|move|p2a: Cresselia|Lunar Blessing|p2a: Cresselia|[spread] p2a,p2b\n|-heal|p2a: Cresselia|98\/100\n|-heal|p2b: Kommo-o|91\/100\n|move|p1a: Sinistcha|Strength Sap|p2b: Kommo-o\n|-unboost|p2b: Kommo-o|atk|1\n|move|p1b: Bisharp|Lash Out|p2a: Cresselia\n|-supereffective|p2a: Cresselia\n|-damage|p2a: Cresselia|0 fnt\n|faint|p2a: Cresselia\n|\n|-heal|p2b: Kommo-o|97\/100|[from] item: Leftovers\n|-sideend|p1: MasterMineZ82|move: Light Screen\n|upkeep\n|turn|17\n|\n|t:|1698378767\n|move|p1b: Bisharp|Sucker Punch|p2b: Kommo-o\n|-resisted|p2b: Kommo-o\n|-damage|p2b: Kommo-o|86\/100\n|move|p2b: Kommo-o|Drain Punch|p1b: Bisharp\n|-supereffective|p1b: Bisharp\n|-damage|p1b: Bisharp|39\/100 par\n|-heal|p2b: Kommo-o|100\/100|[from] drain|[of] p1b: Bisharp\n|move|p1a: Sinistcha|Strength Sap|p2b: Kommo-o\n|-unboost|p2b: Kommo-o|atk|1\n|\n|-sideend|p1: MasterMineZ82|Reflect\n|upkeep\n|turn|18\n|\n|t:|1698378789\n|switch|p1b: Walking Wake|Walking Wake|6\/100 par\n|move|p2b: Kommo-o|Drain Punch|p1b: Walking Wake\n|-damage|p1b: Walking Wake|0 fnt\n|faint|p1b: Walking Wake\n|-end|p1b: Walking Wake|Protosynthesis|[silent]\n|move|p1a: Sinistcha|Strength Sap|p2b: Kommo-o\n|-unboost|p2b: Kommo-o|atk|1\n|\n|-sideend|p2: Oreng3|Reflect\n|upkeep\n|\n|t:|1698378798\n|switch|p1b: Okidogi|Okidogi, M|34\/100\n|turn|19\n|\n|t:|1698378805\n|move|p2b: Kommo-o|Drain Punch|p1b: Okidogi\n|-resisted|p1b: Okidogi\n|-damage|p1b: Okidogi|27\/100\n|move|p1b: Okidogi|Bulk Up|p1b: Okidogi\n|-boost|p1b: Okidogi|atk|1\n|-boost|p1b: Okidogi|def|1\n|move|p1a: Sinistcha|Life Dew||[still]|[spread] p1a,p1b\n|-fail|p1a: Sinistcha|heal\n|-heal|p1b: Okidogi|52\/100\n|\n|upkeep\n|turn|20\n|\n|t:|1698378823\n|move|p2b: Kommo-o|Poison Jab|p1a: Sinistcha\n|-damage|p1a: Sinistcha|91\/100\n|move|p1b: Okidogi|Bulk Up|p1b: Okidogi\n|-boost|p1b: Okidogi|atk|1\n|-boost|p1b: Okidogi|def|1\n|move|p1a: Sinistcha|Matcha Gotcha|p2b: Kommo-o|[miss]\n|-miss|p1a: Sinistcha|p2b: Kommo-o\n|\n|upkeep\n|turn|21\n|\n|t:|1698378835\n|move|p2b: Kommo-o|Poison Jab|p1a: Sinistcha\n|-damage|p1a: Sinistcha|82\/100\n|move|p1b: Okidogi|Bulk Up|p1b: Okidogi\n|-boost|p1b: Okidogi|atk|1\n|-boost|p1b: Okidogi|def|1\n|move|p1a: Sinistcha|Matcha Gotcha|p2b: Kommo-o\n|-resisted|p2b: Kommo-o\n|-damage|p2b: Kommo-o|93\/100\n|-heal|p1a: Sinistcha|87\/100|[from] drain|[of] p2b: Kommo-o\n|\n|-heal|p2b: Kommo-o|99\/100|[from] item: Leftovers\n|upkeep\n|turn|22\n|\n|t:|1698378847\n|move|p2b: Kommo-o|Ice Punch|p1a: Sinistcha\n|-supereffective|p1a: Sinistcha\n|-damage|p1a: Sinistcha|69\/100\n|move|p1b: Okidogi|Bulk Up|p1b: Okidogi\n|-boost|p1b: Okidogi|atk|1\n|-boost|p1b: Okidogi|def|1\n|move|p1a: Sinistcha|Matcha Gotcha|p2b: Kommo-o\n|-resisted|p2b: Kommo-o\n|-damage|p2b: Kommo-o|92\/100\n|-heal|p1a: Sinistcha|74\/100|[from] drain|[of] p2b: Kommo-o\n|\n|-heal|p2b: Kommo-o|98\/100|[from] item: Leftovers\n|upkeep\n|turn|23\n|\n|t:|1698378861\n|move|p2b: Kommo-o|Clangorous Soul|p2b: Kommo-o\n|-boost|p2b: Kommo-o|atk|1\n|-boost|p2b: Kommo-o|def|1\n|-boost|p2b: Kommo-o|spa|1\n|-boost|p2b: Kommo-o|spd|1\n|-boost|p2b: Kommo-o|spe|1\n|-damage|p2b: Kommo-o|65\/100\n|move|p1b: Okidogi|Bulk Up|p1b: Okidogi\n|-boost|p1b: Okidogi|atk|1\n|-boost|p1b: Okidogi|def|1\n|move|p1a: Sinistcha|Matcha Gotcha|p2b: Kommo-o\n|-resisted|p2b: Kommo-o\n|-damage|p2b: Kommo-o|59\/100\n|-heal|p1a: Sinistcha|78\/100|[from] drain|[of] p2b: Kommo-o\n|\n|-heal|p2b: Kommo-o|66\/100|[from] item: Leftovers\n|upkeep\n|turn|24\n|\n|t:|1698378875\n|move|p2b: Kommo-o|Drain Punch|p1b: Okidogi\n|-resisted|p1b: Okidogi\n|-damage|p1b: Okidogi|49\/100\n|-heal|p2b: Kommo-o|67\/100|[from] drain|[of] p1b: Okidogi\n|move|p1b: Okidogi|Bulk Up|p1b: Okidogi\n|-boost|p1b: Okidogi|atk|1\n|-boost|p1b: Okidogi|def|1\n|move|p1a: Sinistcha|Matcha Gotcha|p2b: Kommo-o\n|-resisted|p2b: Kommo-o\n|-damage|p2b: Kommo-o|62\/100\n|-heal|p1a: Sinistcha|82\/100|[from] drain|[of] p2b: Kommo-o\n|\n|-heal|p2b: Kommo-o|68\/100|[from] item: Leftovers\n|upkeep\n|turn|25\n|\n|t:|1698378893\n|move|p2b: Kommo-o|Ice Punch|p1a: Sinistcha\n|-supereffective|p1a: Sinistcha\n|-damage|p1a: Sinistcha|58\/100\n|move|p1b: Okidogi|Drain Punch|p2b: Kommo-o\n|-damage|p2b: Kommo-o|26\/100\n|-heal|p1b: Okidogi|68\/100|[from] drain|[of] p2b: Kommo-o\n|move|p1a: Sinistcha|Matcha Gotcha|p2b: Kommo-o\n|-resisted|p2b: Kommo-o\n|-damage|p2b: Kommo-o|20\/100\n|-heal|p1a: Sinistcha|62\/100|[from] drain|[of] p2b: Kommo-o\n|\n|-heal|p2b: Kommo-o|27\/100|[from] item: Leftovers\n|upkeep\n|turn|26\n|-message|Oreng3 forfeited.\n|\n|win|MasterMineZ82\n|raw|MasterMineZ82's rating: 1365 &rarr; <strong>1388<\/strong><br \/>(+23 for winning)\n|raw|Oreng3's rating: 1413 &rarr; <strong>1390<\/strong><br \/>(-23 for losing)\n|l|\u2606Oreng3\n","uploadtime":1698378910,"views":24,"p1id":"masterminez82","p2id":"oreng3","formatid":"gen9doublesou","rating":1388,"private":0,"password":""}