{"id":"gen9doublesou-1999974961","p1":"Comic Acme","p2":"Schister","format":"[Gen 9] Doubles OU","log":"|j|\u2606Comic Acme\n|j|\u2606Schister\n|t:|1701136549\n|gametype|doubles\n|player|p1|Comic Acme|hilbert-wonderlauncher|1568\n|player|p2|Schister|clair|1806\n|teamsize|p1|6\n|teamsize|p2|6\n|gen|9\n|tier|[Gen 9] Doubles OU\n|rated|\n|rule|Species Clause: Limit one of each Pok\u00e9mon\n|rule|OHKO Clause: OHKO moves are banned\n|rule|Evasion Moves Clause: Evasion moves are banned\n|rule|Gravity Sleep Clause: The combination of sleep-inducing moves with imperfect accuracy and Gravity or Gigantamax Orbeetle are banned\n|rule|Endless Battle Clause: Forcing endless battles is banned\n|rule|HP Percentage Mod: HP is shown in percentages\n|clearpoke\n|poke|p1|Torkoal, F|\n|poke|p1|Garganacl, M|\n|poke|p1|Ceruledge, F|\n|poke|p1|Cresselia, F|\n|poke|p1|Walking Wake|\n|poke|p1|Landorus-Therian, M|\n|poke|p2|Garganacl, F|\n|poke|p2|Sinistcha-Masterpiece|\n|poke|p2|Rillaboom, F|\n|poke|p2|Volcanion|\n|poke|p2|Landorus-Therian, M|\n|poke|p2|Klefki, F|\n|teampreview\n|inactive|Battle timer is ON: inactive players will automatically lose when time's up. (requested by Schister)\n|\n|t:|1701136563\n|start\n|switch|p1a: Garganacl|Garganacl, M|100\/100\n|switch|p1b: Cresselia|Cresselia, F|100\/100\n|switch|p2a: Sinistcha|Sinistcha-Masterpiece|100\/100\n|switch|p2b: Volcanion|Volcanion|100\/100\n|turn|1\n|\n|t:|1701136582\n|-terastallize|p1a: Garganacl|Poison\n|move|p2b: Volcanion|Steam Eruption|p1a: Garganacl|[miss]\n|-miss|p2b: Volcanion|p1a: Garganacl\n|move|p2a: Sinistcha|Calm Mind|p2a: Sinistcha\n|-boost|p2a: Sinistcha|spa|1\n|-boost|p2a: Sinistcha|spd|1\n|move|p1b: Cresselia|Thunder Wave|p2b: Volcanion\n|-status|p2b: Volcanion|par\n|move|p1a: Garganacl|Salt Cure|p2b: Volcanion\n|-supereffective|p2b: Volcanion\n|-damage|p2b: Volcanion|77\/100 par\n|-start|p2b: Volcanion|Salt Cure\n|\n|-heal|p2b: Volcanion|83\/100 par|[from] item: Leftovers\n|-damage|p2b: Volcanion|58\/100 par|[from] Salt Cure\n|upkeep\n|turn|2\n|\n|t:|1701136605\n|switch|p2b: Garganacl|Garganacl, F|100\/100\n|move|p2a: Sinistcha|Protect|p2a: Sinistcha\n|-singleturn|p2a: Sinistcha|Protect\n|move|p1b: Cresselia|Thunder Wave|p2a: Sinistcha\n|-activate|p2a: Sinistcha|move: Protect\n|move|p1a: Garganacl|Salt Cure|p2a: Sinistcha\n|-activate|p2a: Sinistcha|move: Protect\n|\n|upkeep\n|turn|3\n|\n|t:|1701136619\n|move|p2a: Sinistcha|Shadow Ball|p1b: Cresselia\n|-supereffective|p1b: Cresselia\n|-damage|p1b: Cresselia|34\/100\n|move|p1b: Cresselia|Thunder Wave|p2a: Sinistcha\n|-status|p2a: Sinistcha|par\n|move|p1a: Garganacl|Salt Cure|p2b: Garganacl\n|-damage|p2b: Garganacl|90\/100\n|-start|p2b: Garganacl|Salt Cure\n|move|p2b: Garganacl|Salt Cure|p1b: Cresselia\n|-damage|p1b: Cresselia|25\/100\n|-start|p1b: Cresselia|Salt Cure\n|-enditem|p1b: Cresselia|Aguav Berry|[eat]\n|-heal|p1b: Cresselia|58\/100|[from] item: Aguav Berry\n|\n|-heal|p2b: Garganacl|97\/100|[from] item: Leftovers\n|-damage|p1b: Cresselia|46\/100|[from] Salt Cure\n|-damage|p2b: Garganacl|84\/100|[from] Salt Cure\n|upkeep\n|turn|4\n|\n|t:|1701136639\n|switch|p1b: Landorus|Landorus-Therian, M|100\/100\n|-ability|p1b: Landorus|Intimidate|boost\n|-unboost|p2a: Sinistcha|atk|1\n|-unboost|p2b: Garganacl|atk|1\n|move|p2b: Garganacl|Salt Cure|p1a: Garganacl\n|-damage|p1a: Garganacl|95\/100\n|-start|p1a: Garganacl|Salt Cure\n|move|p1a: Garganacl|Salt Cure|p2a: Sinistcha\n|-damage|p2a: Sinistcha|89\/100 par\n|-start|p2a: Sinistcha|Salt Cure\n|move|p2a: Sinistcha|Shadow Ball|p1b: Landorus\n|-damage|p1b: Landorus|31\/100\n|\n|-heal|p2b: Garganacl|90\/100|[from] item: Leftovers\n|-heal|p1a: Garganacl|100\/100|[from] item: Leftovers\n|-heal|p2a: Sinistcha|95\/100 par|[from] item: Leftovers\n|-damage|p2b: Garganacl|78\/100|[from] Salt Cure\n|-damage|p1a: Garganacl|88\/100|[from] Salt Cure\n|-damage|p2a: Sinistcha|83\/100 par|[from] Salt Cure\n|upkeep\n|turn|5\n|\n|t:|1701136661\n|switch|p1a: Ceruledge|Ceruledge, F|100\/100\n|move|p2a: Sinistcha|Protect|p2a: Sinistcha\n|-singleturn|p2a: Sinistcha|Protect\n|move|p1b: Landorus|U-turn|p2a: Sinistcha\n|-activate|p2a: Sinistcha|move: Protect\n|move|p2b: Garganacl|Salt Cure|p1b: Landorus\n|-damage|p1b: Landorus|20\/100\n|-start|p1b: Landorus|Salt Cure\n|\n|-heal|p2b: Garganacl|84\/100|[from] item: Leftovers\n|-heal|p2a: Sinistcha|89\/100 par|[from] item: Leftovers\n|-damage|p1b: Landorus|7\/100|[from] Salt Cure\n|-damage|p2b: Garganacl|72\/100|[from] Salt Cure\n|-damage|p2a: Sinistcha|76\/100 par|[from] Salt Cure\n|upkeep\n|turn|6\n|\n|t:|1701136683\n|switch|p2b: Klefki|Klefki, F|100\/100\n|switch|p2a: Volcanion|Volcanion|58\/100 par\n|move|p1b: Landorus|U-turn|p2a: Volcanion\n|-resisted|p2a: Volcanion\n|-damage|p2a: Volcanion|48\/100 par\n|\n|t:|1701136690\n|switch|p1b: Garganacl|Garganacl, M, tera:Poison|88\/100|[from] U-turn\n|move|p1a: Ceruledge|Poltergeist|p2a: Volcanion|[miss]\n|-miss|p1a: Ceruledge|p2a: Volcanion\n|\n|-heal|p1b: Garganacl|94\/100|[from] item: Leftovers\n|-heal|p2a: Volcanion|54\/100 par|[from] item: Leftovers\n|upkeep\n|turn|7\n|\n|t:|1701136708\n|move|p2b: Klefki|Reflect|p2b: Klefki\n|-sidestart|p2: Schister|Reflect\n|move|p1a: Ceruledge|Bitter Blade|p2b: Klefki\n|-supereffective|p2b: Klefki\n|-damage|p2b: Klefki|40\/100\n|move|p1b: Garganacl|Salt Cure|p2a: Volcanion\n|-supereffective|p2a: Volcanion\n|-damage|p2a: Volcanion|40\/100 par\n|-start|p2a: Volcanion|Salt Cure\n|move|p2a: Volcanion|Steam Eruption|p1a: Ceruledge\n|-supereffective|p1a: Ceruledge\n|-damage|p1a: Ceruledge|0 fnt\n|faint|p1a: Ceruledge\n|\n|-heal|p1b: Garganacl|100\/100|[from] item: Leftovers\n|-heal|p2a: Volcanion|46\/100 par|[from] item: Leftovers\n|-damage|p2a: Volcanion|21\/100 par|[from] Salt Cure\n|upkeep\n|\n|t:|1701136720\n|switch|p1a: Cresselia|Cresselia, F|46\/100\n|turn|8\n|\n|t:|1701136730\n|move|p2b: Klefki|Light Screen|p2b: Klefki\n|-sidestart|p2: Schister|move: Light Screen\n|move|p1b: Garganacl|Curse|p1b: Garganacl\n|-unboost|p1b: Garganacl|spe|1\n|-boost|p1b: Garganacl|atk|1\n|-boost|p1b: Garganacl|def|1\n|cant|p2a: Volcanion|par\n|move|p1a: Cresselia|Trick Room|p1a: Cresselia\n|-fieldstart|move: Trick Room|[of] p1a: Cresselia\n|\n|-heal|p2a: Volcanion|27\/100 par|[from] item: Leftovers\n|-damage|p2a: Volcanion|2\/100 par|[from] Salt Cure\n|upkeep\n|turn|9\n|\n|t:|1701136745\n|move|p1b: Garganacl|Curse|p1b: Garganacl\n|-unboost|p1b: Garganacl|spe|1\n|-boost|p1b: Garganacl|atk|1\n|-boost|p1b: Garganacl|def|1\n|move|p2a: Volcanion|Steam Eruption|p1a: Cresselia\n|-damage|p1a: Cresselia|14\/100\n|move|p1a: Cresselia|Lunar Blessing|p1a: Cresselia|[spread] p1a,p1b\n|-heal|p1a: Cresselia|39\/100\n|move|p2b: Klefki|Foul Play|p1a: Cresselia\n|-supereffective|p1a: Cresselia\n|-damage|p1a: Cresselia|20\/100\n|\n|-heal|p2a: Volcanion|8\/100 par|[from] item: Leftovers\n|-damage|p2a: Volcanion|0 fnt|[from] Salt Cure\n|faint|p2a: Volcanion\n|upkeep\n|\n|t:|1701136756\n|switch|p2a: Garganacl|Garganacl, F|72\/100\n|turn|10\n|\n|t:|1701136778\n|switch|p2b: Sinistcha|Sinistcha-Masterpiece|76\/100 par\n|-heal|p2a: Garganacl|97\/100|[from] ability: Hospitality|[of] p2b: Sinistcha\n|move|p1b: Garganacl|Body Press|p2a: Garganacl\n|-supereffective|p2a: Garganacl\n|-damage|p2a: Garganacl|48\/100\n|move|p2a: Garganacl|Curse|p2a: Garganacl\n|-unboost|p2a: Garganacl|spe|1\n|-boost|p2a: Garganacl|atk|1\n|-boost|p2a: Garganacl|def|1\n|move|p1a: Cresselia|Lunar Blessing|p1a: Cresselia|[spread] p1a,p1b\n|-heal|p1a: Cresselia|45\/100\n|\n|-heal|p2a: Garganacl|54\/100|[from] item: Leftovers\n|-heal|p2b: Sinistcha|83\/100 par|[from] item: Leftovers\n|upkeep\n|turn|11\n|\n|t:|1701136792\n|switch|p2b: Rillaboom|Rillaboom, F|100\/100\n|-fieldstart|move: Grassy Terrain|[from] ability: Grassy Surge|[of] p2b: Rillaboom\n|move|p1b: Garganacl|Salt Cure|p2a: Garganacl\n|-damage|p2a: Garganacl|46\/100\n|-start|p2a: Garganacl|Salt Cure\n|move|p2a: Garganacl|Salt Cure|p1b: Garganacl\n|-damage|p1b: Garganacl|95\/100\n|-start|p1b: Garganacl|Salt Cure\n|move|p1a: Cresselia|Thunder Wave|p2a: Garganacl\n|-immune|p2a: Garganacl|[from] ability: Purifying Salt\n|\n|-heal|p1b: Garganacl|100\/100|[from] Grassy Terrain\n|-heal|p2a: Garganacl|52\/100|[from] Grassy Terrain\n|-heal|p2a: Garganacl|58\/100|[from] item: Leftovers\n|-damage|p1b: Garganacl|88\/100|[from] Salt Cure\n|-damage|p2a: Garganacl|46\/100|[from] Salt Cure\n|upkeep\n|turn|12\n|\n|t:|1701136817\n|switch|p1a: Walking Wake|Walking Wake|100\/100\n|move|p1b: Garganacl|Body Press|p2a: Garganacl\n|-supereffective|p2a: Garganacl\n|-damage|p2a: Garganacl|15\/100\n|move|p2a: Garganacl|Curse|p2a: Garganacl\n|-unboost|p2a: Garganacl|spe|1\n|-boost|p2a: Garganacl|atk|1\n|-boost|p2a: Garganacl|def|1\n|move|p2b: Rillaboom|U-turn|p1a: Walking Wake\n|-damage|p1a: Walking Wake|75\/100\n|\n|t:|1701136826\n|switch|p2b: Landorus|Landorus-Therian, M|100\/100|[from] U-turn\n|-ability|p2b: Landorus|Intimidate|boost\n|-unboost|p1a: Walking Wake|atk|1\n|-unboost|p1b: Garganacl|atk|1\n|\n|-heal|p2a: Garganacl|21\/100|[from] Grassy Terrain\n|-heal|p1b: Garganacl|94\/100|[from] Grassy Terrain\n|-heal|p1b: Garganacl|100\/100|[from] item: Leftovers\n|-heal|p2a: Garganacl|27\/100|[from] item: Leftovers\n|-heal|p1a: Walking Wake|81\/100|[from] Grassy Terrain\n|-damage|p2a: Garganacl|15\/100|[from] Salt Cure\n|-damage|p1b: Garganacl|88\/100|[from] Salt Cure\n|-fieldend|move: Trick Room\n|upkeep\n|turn|13\n|\n|t:|1701136844\n|move|p2a: Garganacl|Protect|p2a: Garganacl\n|-singleturn|p2a: Garganacl|Protect\n|move|p2b: Landorus|U-turn|p1a: Walking Wake\n|-damage|p1a: Walking Wake|51\/100\n|\n|t:|1701136848\n|switch|p2b: Sinistcha|Sinistcha-Masterpiece|83\/100 par|[from] U-turn\n|-heal|p2a: Garganacl|40\/100|[from] ability: Hospitality|[of] p2b: Sinistcha\n|move|p1a: Walking Wake|Hydro Steam|p2b: Sinistcha\n|-resisted|p2b: Sinistcha\n|-damage|p2b: Sinistcha|64\/100 par\n|-damage|p1a: Walking Wake|41\/100|[from] item: Life Orb\n|move|p1b: Garganacl|Body Press|p2a: Garganacl\n|-activate|p2a: Garganacl|move: Protect\n|\n|-heal|p1a: Walking Wake|48\/100|[from] Grassy Terrain\n|-heal|p2b: Sinistcha|70\/100 par|[from] Grassy Terrain\n|-heal|p2b: Sinistcha|76\/100 par|[from] item: Leftovers\n|-heal|p2a: Garganacl|46\/100|[from] Grassy Terrain\n|-heal|p1b: Garganacl|94\/100|[from] Grassy Terrain\n|-heal|p2a: Garganacl|52\/100|[from] item: Leftovers\n|-heal|p1b: Garganacl|100\/100|[from] item: Leftovers\n|-damage|p2a: Garganacl|40\/100|[from] Salt Cure\n|-damage|p1b: Garganacl|88\/100|[from] Salt Cure\n|upkeep\n|turn|14\n|\n|t:|1701136869\n|-terastallize|p2a: Garganacl|Poison\n|move|p1a: Walking Wake|Hydro Steam|p2a: Garganacl\n|-crit|p2a: Garganacl\n|-damage|p2a: Garganacl|0 fnt\n|faint|p2a: Garganacl\n|-damage|p1a: Walking Wake|38\/100|[from] item: Life Orb\n|move|p2b: Sinistcha|Matcha Gotcha|p1b: Garganacl|[spread] p1a,p1b\n|-resisted|p1b: Garganacl\n|-damage|p1a: Walking Wake|0 fnt\n|-heal|p2b: Sinistcha|95\/100 par|[from] drain|[of] p1a: Walking Wake\n|-damage|p1b: Garganacl|75\/100\n|-heal|p2b: Sinistcha|100\/100 par|[from] drain|[of] p1b: Garganacl\n|faint|p1a: Walking Wake\n|-end|p1a: Walking Wake|Protosynthesis|[silent]\n|move|p1b: Garganacl|Body Press|p2b: Sinistcha\n|-immune|p2b: Sinistcha\n|\n|-heal|p1b: Garganacl|81\/100|[from] Grassy Terrain\n|-heal|p1b: Garganacl|87\/100|[from] item: Leftovers\n|-damage|p1b: Garganacl|75\/100|[from] Salt Cure\n|-sideend|p2: Schister|Reflect\n|upkeep\n|\n|t:|1701136889\n|switch|p1a: Cresselia|Cresselia, F|45\/100\n|switch|p2a: Landorus|Landorus-Therian, M|100\/100\n|-ability|p2a: Landorus|Intimidate|boost\n|-unboost|p1a: Cresselia|atk|1\n|-unboost|p1b: Garganacl|atk|1\n|turn|15\n|\n|t:|1701136912\n|move|p2a: Landorus|U-turn|p1a: Cresselia\n|-supereffective|p1a: Cresselia\n|-damage|p1a: Cresselia|9\/100\n|\n|t:|1701136915\n|switch|p2a: Klefki|Klefki, F|40\/100|[from] U-turn\n|move|p2b: Sinistcha|Calm Mind|p2b: Sinistcha\n|-boost|p2b: Sinistcha|spa|1\n|-boost|p2b: Sinistcha|spd|1\n|move|p1b: Garganacl|Salt Cure|p2a: Klefki\n|-resisted|p2a: Klefki\n|-damage|p2a: Klefki|33\/100\n|-start|p2a: Klefki|Salt Cure\n|move|p1a: Cresselia|Trick Room|p1a: Cresselia\n|-fieldstart|move: Trick Room|[of] p1a: Cresselia\n|\n|-heal|p1b: Garganacl|81\/100|[from] Grassy Terrain\n|-heal|p1b: Garganacl|87\/100|[from] item: Leftovers\n|-heal|p2a: Klefki|39\/100|[from] Grassy Terrain\n|-damage|p1b: Garganacl|75\/100|[from] Salt Cure\n|-damage|p2a: Klefki|14\/100|[from] Salt Cure\n|-sideend|p2: Schister|move: Light Screen\n|-fieldend|move: Grassy Terrain\n|upkeep\n|turn|16\n|\n|t:|1701136934\n|move|p2a: Klefki|Light Screen|p2a: Klefki\n|-sidestart|p2: Schister|move: Light Screen\n|move|p1b: Garganacl|Curse|p1b: Garganacl\n|-unboost|p1b: Garganacl|spe|1\n|-boost|p1b: Garganacl|atk|1\n|-boost|p1b: Garganacl|def|1\n|move|p2b: Sinistcha|Calm Mind|p2b: Sinistcha\n|-boost|p2b: Sinistcha|spa|1\n|-boost|p2b: Sinistcha|spd|1\n|move|p1a: Cresselia|Lunar Blessing|p1a: Cresselia|[spread] p1a,p1b\n|-heal|p1a: Cresselia|34\/100\n|-heal|p1b: Garganacl|99\/100\n|\n|-heal|p1b: Garganacl|100\/100|[from] item: Leftovers\n|-damage|p1b: Garganacl|88\/100|[from] Salt Cure\n|-damage|p2a: Klefki|0 fnt|[from] Salt Cure\n|faint|p2a: Klefki\n|upkeep\n|\n|t:|1701136945\n|switch|p2a: Rillaboom|Rillaboom, F|100\/100\n|-fieldstart|move: Grassy Terrain|[from] ability: Grassy Surge|[of] p2a: Rillaboom\n|turn|17\n|\n|t:|1701136959\n|move|p2a: Rillaboom|Fake Out|p1b: Garganacl\n|-damage|p1b: Garganacl|85\/100\n|cant|p1b: Garganacl|flinch\n|cant|p2b: Sinistcha|par\n|move|p1a: Cresselia|Lunar Blessing|p1a: Cresselia|[spread] p1a,p1b\n|-heal|p1a: Cresselia|59\/100\n|-heal|p1b: Garganacl|100\/100\n|\n|-damage|p1b: Garganacl|88\/100|[from] Salt Cure\n|upkeep\n|turn|18\n|\n|t:|1701136972\n|move|p1b: Garganacl|Body Press|p2a: Rillaboom\n|-damage|p2a: Rillaboom|45\/100\n|move|p2b: Sinistcha|Calm Mind|p2b: Sinistcha\n|-boost|p2b: Sinistcha|spa|1\n|-boost|p2b: Sinistcha|spd|1\n|move|p1a: Cresselia|Lunar Blessing|p1a: Cresselia|[spread] p1a,p1b\n|-heal|p1a: Cresselia|84\/100\n|-heal|p1b: Garganacl|100\/100\n|move|p2a: Rillaboom|U-turn|p1a: Cresselia\n|-supereffective|p1a: Cresselia\n|-damage|p1a: Cresselia|51\/100\n|\n|t:|1701136979\n|switch|p2a: Landorus|Landorus-Therian, M|100\/100|[from] U-turn\n|-ability|p2a: Landorus|Intimidate|boost\n|-unboost|p1a: Cresselia|atk|1\n|-unboost|p1b: Garganacl|atk|1\n|\n|-damage|p1b: Garganacl|88\/100|[from] Salt Cure\n|upkeep\n|turn|19\n|\n|t:|1701136995\n|move|p1b: Garganacl|Salt Cure|p2b: Sinistcha\n|-damage|p2b: Sinistcha|89\/100 par\n|-start|p2b: Sinistcha|Salt Cure\n|move|p2b: Sinistcha|Calm Mind|p2b: Sinistcha\n|-boost|p2b: Sinistcha|spa|1\n|-boost|p2b: Sinistcha|spd|1\n|move|p1a: Cresselia|Lunar Blessing|p1a: Cresselia|[spread] p1a,p1b\n|-heal|p1a: Cresselia|76\/100\n|-heal|p1b: Garganacl|100\/100\n|move|p2a: Landorus|U-turn|p1a: Cresselia\n|-supereffective|p1a: Cresselia\n|-damage|p1a: Cresselia|35\/100\n|\n|t:|1701137001\n|switch|p2a: Rillaboom|Rillaboom, F|45\/100|[from] U-turn\n|\n|-heal|p2b: Sinistcha|95\/100 par|[from] Grassy Terrain\n|-heal|p2b: Sinistcha|100\/100 par|[from] item: Leftovers\n|-heal|p2a: Rillaboom|51\/100|[from] Grassy Terrain\n|-damage|p1b: Garganacl|88\/100|[from] Salt Cure\n|-damage|p2b: Sinistcha|88\/100 par|[from] Salt Cure\n|-fieldend|move: Trick Room\n|upkeep\n|turn|20\n|\n|t:|1701137024\n|move|p2a: Rillaboom|Fake Out|p1b: Garganacl\n|-damage|p1b: Garganacl|84\/100\n|move|p1a: Cresselia|Thunder Wave|p2a: Rillaboom\n|-status|p2a: Rillaboom|par\n|move|p2b: Sinistcha|Matcha Gotcha|p1a: Cresselia|[spread] p1a\n|-miss|p2b: Sinistcha|p1b: Garganacl\n|-crit|p1a: Cresselia\n|-damage|p1a: Cresselia|0 fnt\n|-heal|p2b: Sinistcha|100\/100 par|[from] drain|[of] p1a: Cresselia\n|faint|p1a: Cresselia\n|cant|p1b: Garganacl|flinch\n|\n|-heal|p2a: Rillaboom|58\/100 par|[from] Grassy Terrain\n|-heal|p1b: Garganacl|90\/100|[from] Grassy Terrain\n|-heal|p1b: Garganacl|97\/100|[from] item: Leftovers\n|-damage|p2b: Sinistcha|88\/100 par|[from] Salt Cure\n|-damage|p1b: Garganacl|84\/100|[from] Salt Cure\n|upkeep\n|\n|t:|1701137038\n|switch|p1a: Torkoal|Torkoal, F|100\/100\n|-weather|SunnyDay|[from] ability: Drought|[of] p1a: Torkoal\n|turn|21\n|\n|t:|1701137046\n|cant|p2a: Rillaboom|par\n|move|p2b: Sinistcha|Matcha Gotcha|p1a: Torkoal|[spread] p1a,p1b\n|-resisted|p1a: Torkoal\n|-resisted|p1b: Garganacl\n|-damage|p1a: Torkoal|41\/100\n|-heal|p2b: Sinistcha|100\/100 par|[from] drain|[of] p1a: Torkoal\n|-damage|p1b: Garganacl|46\/100\n|-enditem|p1a: Torkoal|Sitrus Berry|[eat]\n|-heal|p1a: Torkoal|66\/100|[from] item: Sitrus Berry\n|move|p1b: Garganacl|Salt Cure|p2a: Rillaboom\n|-damage|p2a: Rillaboom|45\/100 par\n|-start|p2a: Rillaboom|Salt Cure\n|move|p1a: Torkoal|Eruption|p2b: Sinistcha|[spread] p2a,p2b\n|-supereffective|p2a: Rillaboom\n|-supereffective|p2b: Sinistcha\n|-damage|p2a: Rillaboom|6\/100 par\n|-damage|p2b: Sinistcha|81\/100 par\n|\n|-weather|SunnyDay|[upkeep]\n|-heal|p2a: Rillaboom|12\/100 par|[from] Grassy Terrain\n|-heal|p2b: Sinistcha|87\/100 par|[from] Grassy Terrain\n|-heal|p2b: Sinistcha|93\/100 par|[from] item: Leftovers\n|-heal|p1b: Garganacl|52\/100|[from] Grassy Terrain\n|-heal|p1b: Garganacl|58\/100|[from] item: Leftovers\n|-heal|p1a: Torkoal|72\/100|[from] Grassy Terrain\n|-damage|p2a: Rillaboom|0 fnt|[from] Salt Cure\n|faint|p2a: Rillaboom\n|-damage|p2b: Sinistcha|80\/100 par|[from] Salt Cure\n|-damage|p1b: Garganacl|46\/100|[from] Salt Cure\n|-fieldend|move: Grassy Terrain\n|upkeep\n|\n|t:|1701137055\n|switch|p2a: Landorus|Landorus-Therian, M|100\/100\n|-ability|p2a: Landorus|Intimidate|boost\n|-unboost|p1a: Torkoal|atk|1\n|-unboost|p1b: Garganacl|atk|1\n|turn|22\n|\n|t:|1701137071\n|move|p2a: Landorus|Rock Slide|p1a: Torkoal|[spread] p1a\n|-miss|p2a: Landorus|p1b: Garganacl\n|-supereffective|p1a: Torkoal\n|-crit|p1a: Torkoal\n|-damage|p1a: Torkoal|25\/100\n|move|p2b: Sinistcha|Matcha Gotcha|p1a: Torkoal|[spread] p1a,p1b\n|-resisted|p1a: Torkoal\n|-crit|p1a: Torkoal\n|-resisted|p1b: Garganacl\n|-damage|p1a: Torkoal|0 fnt\n|-heal|p2b: Sinistcha|93\/100 par|[from] drain|[of] p1a: Torkoal\n|-damage|p1b: Garganacl|15\/100\n|-heal|p2b: Sinistcha|100\/100 par|[from] drain|[of] p1b: Garganacl\n|faint|p1a: Torkoal\n|move|p1b: Garganacl|Salt Cure|p2a: Landorus\n|-damage|p2a: Landorus|89\/100\n|-start|p2a: Landorus|Salt Cure\n|\n|-weather|SunnyDay|[upkeep]\n|-heal|p1b: Garganacl|22\/100|[from] item: Leftovers\n|-damage|p2a: Landorus|77\/100|[from] Salt Cure\n|-damage|p2b: Sinistcha|88\/100 par|[from] Salt Cure\n|-damage|p1b: Garganacl|9\/100|[from] Salt Cure\n|upkeep\n|\n|t:|1701137086\n|switch|p1a: Landorus|Landorus-Therian, M|7\/100\n|-ability|p1a: Landorus|Intimidate|boost\n|-unboost|p2a: Landorus|atk|1\n|-unboost|p2b: Sinistcha|atk|1\n|turn|23\n|c|\u2606Schister|Stealing my pokemon won't get you wins bub\n|\n|t:|1701137102\n|move|p2a: Landorus|Rock Slide|p1a: Landorus|[spread] p1b\n|-miss|p2a: Landorus|p1a: Landorus\n|-damage|p1b: Garganacl|6\/100\n|move|p1a: Landorus|U-turn|p2b: Sinistcha\n|-damage|p2b: Sinistcha|67\/100 par\n|move|p2b: Sinistcha|Matcha Gotcha|p1b: Garganacl|[spread] p1b\n|-miss|p2b: Sinistcha|p1a: Landorus\n|-resisted|p1b: Garganacl\n|-damage|p1b: Garganacl|0 fnt\n|-heal|p2b: Sinistcha|70\/100 par|[from] drain|[of] p1b: Garganacl\n|faint|p1b: Garganacl\n|\n|-weather|SunnyDay|[upkeep]\n|-heal|p2b: Sinistcha|76\/100 par|[from] item: Leftovers\n|-damage|p2a: Landorus|65\/100|[from] Salt Cure\n|-damage|p2b: Sinistcha|64\/100 par|[from] Salt Cure\n|-sideend|p2: Schister|move: Light Screen\n|upkeep\n|turn|24\n|-message|Comic Acme forfeited.\n|\n|win|Schister\n|raw|Comic Acme's rating: 1568 &rarr; <strong>1560<\/strong><br \/>(-8 for losing)\n|raw|Schister's rating: 1806 &rarr; <strong>1814<\/strong><br \/>(+8 for winning)\n|l|\u2606Comic Acme\n","uploadtime":1701137117,"views":20,"p1id":"comicacme","p2id":"schister","formatid":"gen9doublesou","rating":1560,"private":0,"password":""}