{"id":"gen9doublesou-1974320502","p1":"VM.","p2":"SXD2002","format":"[Gen 9] Doubles OU","log":"|j|\u2606VM.\n|j|\u2606SXD2002\n|t:|1698077633\n|gametype|doubles\n|player|p1|VM.|170|1051\n|player|p2|SXD2002|silver-masters|1027\n|teamsize|p1|6\n|teamsize|p2|6\n|gen|9\n|tier|[Gen 9] Doubles OU\n|rated|\n|rule|Species Clause: Limit one of each Pok\u00e9mon\n|rule|OHKO Clause: OHKO moves are banned\n|rule|Evasion Moves Clause: Evasion moves are banned\n|rule|Gravity Sleep Clause: The combination of sleep-inducing moves with imperfect accuracy and Gravity or Gigantamax Orbeetle are banned\n|rule|Endless Battle Clause: Forcing endless battles is banned\n|rule|HP Percentage Mod: HP is shown in percentages\n|clearpoke\n|poke|p1|Oricorio-Sensu, F|\n|poke|p1|Ursaluna, F|\n|poke|p1|Dragonite, M|\n|poke|p1|Golduck, F|\n|poke|p1|Glalie, F|\n|poke|p1|Orthworm, M|\n|poke|p2|Lurantis, M|\n|poke|p2|Murkrow, M|\n|poke|p2|Grimmsnarl, M|\n|poke|p2|Clefairy, F|\n|poke|p2|Talonflame, F|\n|poke|p2|Espeon, F|\n|teampreview\n|inactive|Battle timer is ON: inactive players will automatically lose when time's up. (requested by SXD2002)\n|\n|t:|1698077639\n|start\n|switch|p1a: Oricorio|Oricorio-Sensu, F|100\/100\n|switch|p1b: Golduck|Golduck, F|100\/100\n|switch|p2a: Murkrow|Murkrow, M|100\/100\n|switch|p2b: Lurantis|Lurantis, M|100\/100\n|-ability|p1b: Golduck|Cloud Nine\n|turn|1\n|\n|t:|1698077659\n|move|p2b: Lurantis|Protect|p2b: Lurantis\n|-singleturn|p2b: Lurantis|Protect\n|move|p1b: Golduck|Simple Beam|p1a: Oricorio\n|-endability|p1a: Oricorio|Dancer|[from] move: Simple Beam\n|-ability|p1a: Oricorio|Simple|[from] move: Simple Beam\n|move|p1a: Oricorio|Quiver Dance|p1a: Oricorio\n|-boost|p1a: Oricorio|spa|2\n|-boost|p1a: Oricorio|spd|2\n|-boost|p1a: Oricorio|spe|2\n|move|p2a: Murkrow|Snarl|p1a: Oricorio|[spread] p1a,p1b\n|-supereffective|p1a: Oricorio\n|-damage|p1a: Oricorio|79\/100\n|-damage|p1b: Golduck|85\/100\n|-unboost|p1a: Oricorio|spa|2\n|-unboost|p1b: Golduck|spa|1\n|\n|-heal|p1b: Golduck|91\/100|[from] item: Leftovers\n|upkeep\n|turn|2\n|inactive|VM. has 120 seconds left.\n|\n|t:|1698077690\n|move|p2a: Murkrow|Thunder Wave|p1a: Oricorio\n|-status|p1a: Oricorio|par\n|move|p1b: Golduck|Encore|p2a: Murkrow\n|-start|p2a: Murkrow|Encore\n|cant|p1a: Oricorio|par\n|move|p2b: Lurantis|Leaf Storm|p1b: Golduck\n|-supereffective|p1b: Golduck\n|-damage|p1b: Golduck|0 fnt\n|-boost|p2b: Lurantis|spa|2\n|faint|p1b: Golduck\n|\n|upkeep\n|inactive|VM. has 120 seconds left.\n|\n|t:|1698077707\n|switch|p1b: Ursaluna|Ursaluna, F|100\/100\n|turn|3\n|\n|t:|1698077725\n|switch|p2a: Talonflame|Talonflame, F|100\/100\n|-terastallize|p1b: Ursaluna|Poison\n|cant|p1a: Oricorio|par\n|move|p1b: Ursaluna|Swords Dance|p1b: Ursaluna\n|-boost|p1b: Ursaluna|atk|2\n|move|p2b: Lurantis|Leaf Storm|p1b: Ursaluna\n|-resisted|p1b: Ursaluna\n|-damage|p1b: Ursaluna|67\/100\n|-boost|p2b: Lurantis|spa|2\n|\n|-status|p1b: Ursaluna|brn|[from] item: Flame Orb\n|upkeep\n|turn|4\n|\n|t:|1698077747\n|switch|p1b: Orthworm|Orthworm, M|100\/100\n|-terastallize|p2b: Lurantis|Steel\n|move|p2a: Talonflame|Defog|p2b: Lurantis\n|-boost|p2b: Lurantis|evasion|1\n|move|p1a: Oricorio|Baton Pass|p1a: Oricorio\n|\n|t:|1698077756\n|switch|p1a: Dragonite|Dragonite, M|100\/100|[from] Baton Pass\n|move|p2b: Lurantis|Superpower|p1b: Orthworm\n|-supereffective|p1b: Orthworm\n|-damage|p1b: Orthworm|57\/100\n|-boost|p2b: Lurantis|atk|1\n|-boost|p2b: Lurantis|def|1\n|\n|upkeep\n|turn|5\n|inactive|VM. has 120 seconds left.\n|\n|t:|1698077789\n|move|p2a: Talonflame|Defog|p2b: Lurantis\n|-boost|p2b: Lurantis|evasion|1\n|move|p1a: Dragonite|Thunderbolt|p2a: Talonflame\n|-supereffective|p2a: Talonflame\n|-damage|p2a: Talonflame|34\/100\n|move|p1b: Orthworm|Coil|p1b: Orthworm\n|-boost|p1b: Orthworm|atk|1\n|-boost|p1b: Orthworm|def|1\n|-boost|p1b: Orthworm|accuracy|1\n|move|p2b: Lurantis|Superpower|p1b: Orthworm\n|-supereffective|p1b: Orthworm\n|-damage|p1b: Orthworm|18\/100\n|-boost|p2b: Lurantis|atk|1\n|-boost|p2b: Lurantis|def|1\n|\n|upkeep\n|turn|6\n|\n|t:|1698077810\n|move|p1a: Dragonite|Thunderbolt|p2a: Talonflame\n|-supereffective|p2a: Talonflame\n|-damage|p2a: Talonflame|0 fnt\n|faint|p2a: Talonflame\n|move|p1b: Orthworm|Body Press|p2b: Lurantis\n|-supereffective|p2b: Lurantis\n|-damage|p2b: Lurantis|61\/100\n|-heal|p1b: Orthworm|23\/100|[from] item: Shell Bell|[of] p2b: Lurantis\n|move|p2b: Lurantis|Superpower|p1b: Orthworm\n|-supereffective|p1b: Orthworm\n|-damage|p1b: Orthworm|0 fnt\n|-boost|p2b: Lurantis|atk|1\n|-boost|p2b: Lurantis|def|1\n|faint|p1b: Orthworm\n|\n|-heal|p2b: Lurantis|68\/100|[from] item: Leftovers\n|upkeep\n|\n|t:|1698077832\n|switch|p2a: Murkrow|Murkrow, M|100\/100\n|switch|p1b: Glalie|Glalie, F|100\/100\n|turn|7\n|\n|t:|1698077841\n|move|p2b: Lurantis|Protect|p2b: Lurantis\n|-singleturn|p2b: Lurantis|Protect\n|move|p1a: Dragonite|Thunderbolt|p2a: Murkrow\n|-supereffective|p2a: Murkrow\n|-damage|p2a: Murkrow|55\/100\n|move|p1b: Glalie|Water Pulse|p2b: Lurantis\n|-activate|p2b: Lurantis|move: Protect\n|move|p2a: Murkrow|Snarl|p1b: Glalie|[spread] p1a,p1b\n|-damage|p1a: Dragonite|98\/100\n|-damage|p1b: Glalie|83\/100\n|-unboost|p1a: Dragonite|spa|1\n|-unboost|p1b: Glalie|spa|1\n|\n|-heal|p2b: Lurantis|74\/100|[from] item: Leftovers\n|-ability|p1b: Glalie|Moody|boost\n|-boost|p1b: Glalie|atk|2\n|-unboost|p1b: Glalie|spd|1\n|upkeep\n|turn|8\n|\n|t:|1698077865\n|move|p2a: Murkrow|Feather Dance|p2b: Lurantis\n|-boost|p2b: Lurantis|atk|2\n|-enditem|p1b: Glalie|Mirror Herb\n|-boost|p1b: Glalie|atk|2|[from] item: Mirror Herb\n|move|p1a: Dragonite|Thunderbolt|p2a: Murkrow\n|-supereffective|p2a: Murkrow\n|-damage|p2a: Murkrow|25\/100\n|move|p1b: Glalie|Freeze-Dry|p2a: Murkrow\n|-supereffective|p2a: Murkrow\n|-damage|p2a: Murkrow|0 fnt\n|faint|p2a: Murkrow\n|move|p2b: Lurantis|Superpower|p1b: Glalie\n|-supereffective|p1b: Glalie\n|-damage|p1b: Glalie|0 fnt\n|-boost|p2b: Lurantis|atk|1\n|-boost|p2b: Lurantis|def|1\n|faint|p1b: Glalie\n|\n|-heal|p2b: Lurantis|80\/100|[from] item: Leftovers\n|upkeep\n|\n|t:|1698077885\n|switch|p1b: Ursaluna|Ursaluna, F, tera:Poison|67\/100 brn\n|switch|p2a: Grimmsnarl|Grimmsnarl, M|100\/100\n|turn|9\n|\n|t:|1698077899\n|move|p2a: Grimmsnarl|Fake Tears|p2b: Lurantis|[miss]\n|-miss|p2a: Grimmsnarl|p2b: Lurantis\n|move|p1a: Dragonite|Air Slash|p2a: Grimmsnarl\n|-damage|p2a: Grimmsnarl|83\/100\n|move|p1b: Ursaluna|Facade|p2a: Grimmsnarl\n|-damage|p2a: Grimmsnarl|0 fnt\n|faint|p2a: Grimmsnarl\n|move|p2b: Lurantis|Superpower|p1b: Ursaluna\n|-resisted|p1b: Ursaluna\n|-damage|p1b: Ursaluna|26\/100 brn\n|-boost|p2b: Lurantis|def|1\n|\n|-heal|p2b: Lurantis|86\/100|[from] item: Leftovers\n|-damage|p1b: Ursaluna|20\/100 brn|[from] brn\n|upkeep\n|\n|t:|1698077910\n|switch|p2a: Espeon|Espeon, F|100\/100\n|turn|10\n|\n|t:|1698077924\n|move|p2a: Espeon|Protect|p2a: Espeon\n|-singleturn|p2a: Espeon|Protect\n|move|p1a: Dragonite|Dragon Claw|p2a: Espeon\n|-activate|p2a: Espeon|move: Protect\n|move|p1b: Ursaluna|Headlong Rush|p2b: Lurantis\n|-supereffective|p2b: Lurantis\n|-damage|p2b: Lurantis|14\/100\n|-unboost|p1b: Ursaluna|def|1\n|-unboost|p1b: Ursaluna|spd|1\n|move|p2b: Lurantis|Leaf Storm|p1b: Ursaluna|[miss]\n|-miss|p2b: Lurantis|p1b: Ursaluna\n|\n|-heal|p2b: Lurantis|20\/100|[from] item: Leftovers\n|-damage|p1b: Ursaluna|14\/100 brn|[from] brn\n|upkeep\n|turn|11\n|inactive|SXD2002 has 120 seconds left.\n|\n|t:|1698077958\n|move|p2b: Lurantis|Protect|p2b: Lurantis\n|-singleturn|p2b: Lurantis|Protect\n|move|p1a: Dragonite|Thunderbolt|p2b: Lurantis\n|-activate|p2b: Lurantis|move: Protect\n|move|p2a: Espeon|Psych Up|p1a: Dragonite\n|-copyboost|p2a: Espeon|p1a: Dragonite|[from] move: Psych Up\n|move|p1b: Ursaluna|Crunch|p2a: Espeon\n|-supereffective|p2a: Espeon\n|-damage|p2a: Espeon|0 fnt\n|faint|p2a: Espeon\n|\n|-heal|p2b: Lurantis|26\/100|[from] item: Leftovers\n|-damage|p1b: Ursaluna|8\/100 brn|[from] brn\n|upkeep\n|inactive|SXD2002 has 120 seconds left.\n|\n|t:|1698077969\n|switch|p2a: Clefairy|Clefairy, F|100\/100\n|turn|12\n|\n|t:|1698077985\n|move|p2a: Clefairy|Follow Me|p2a: Clefairy\n|-singleturn|p2a: Clefairy|move: Follow Me\n|move|p1a: Dragonite|Air Slash|p2a: Clefairy\n|-damage|p2a: Clefairy|87\/100\n|move|p1b: Ursaluna|Headlong Rush|p2a: Clefairy\n|-damage|p2a: Clefairy|0 fnt\n|-unboost|p1b: Ursaluna|def|1\n|-unboost|p1b: Ursaluna|spd|1\n|faint|p2a: Clefairy\n|move|p2b: Lurantis|Leaf Storm|p1b: Ursaluna\n|-resisted|p1b: Ursaluna\n|-damage|p1b: Ursaluna|0 fnt\n|-boost|p2b: Lurantis|spa|2\n|faint|p1b: Ursaluna\n|\n|-heal|p2b: Lurantis|32\/100|[from] item: Leftovers\n|upkeep\n|\n|t:|1698078002\n|switch|p1b: Oricorio|Oricorio-Sensu, F|79\/100 par\n|turn|13\n|\n|t:|1698078016\n|move|p1a: Dragonite|Thunderbolt|p2b: Lurantis|[miss]\n|-miss|p1a: Dragonite|p2b: Lurantis\n|move|p1b: Oricorio|Revelation Dance|p2b: Lurantis\n|-damage|p2b: Lurantis|0 fnt\n|faint|p2b: Lurantis\n|\n|win|VM.\n|raw|VM.'s rating: 1051 &rarr; <strong>1081<\/strong><br \/>(+30 for winning)\n|raw|SXD2002's rating: 1027 &rarr; <strong>1014<\/strong><br \/>(-13 for losing)\n|c|\u2606SXD2002|gg\n|l|\u2606SXD2002\n|c|\u2606VM.|gg\n","uploadtime":1698078085,"views":22,"p1id":"vm","p2id":"sxd2002","formatid":"gen9doublesou","rating":1014,"private":0,"password":""}