{"id":"gen9doublesou-1970024342","p1":"HicupRat","p2":"Mudkip The Mighty","format":"[Gen 9] Doubles OU","log":"|j|\u2606HicupRat\n|j|\u203dMudkip The Mighty\n|t:|1697586263\n|gametype|doubles\n|player|p1|HicupRat|265|1041\n|player|p2|Mudkip The Mighty|wallace|1062\n|teamsize|p1|6\n|teamsize|p2|5\n|gen|9\n|tier|[Gen 9] Doubles OU\n|rated|\n|rule|Species Clause: Limit one of each Pok\u00e9mon\n|rule|OHKO Clause: OHKO moves are banned\n|rule|Evasion Moves Clause: Evasion moves are banned\n|rule|Gravity Sleep Clause: The combination of sleep-inducing moves with imperfect accuracy and Gravity or Gigantamax Orbeetle are banned\n|rule|Endless Battle Clause: Forcing endless battles is banned\n|rule|HP Percentage Mod: HP is shown in percentages\n|clearpoke\n|poke|p1|Murkrow, F|\n|poke|p1|Gyarados, F|\n|poke|p1|Dragonite, M|\n|poke|p1|Great Tusk|\n|poke|p1|Tyranitar, M|\n|poke|p1|Zapdos|\n|poke|p2|Meowscarada, F|\n|poke|p2|Chandelure, M|\n|poke|p2|Iron Moth|\n|poke|p2|Dusknoir, M|\n|poke|p2|Torkoal, F|\n|teampreview\n|\n|t:|1697586284\n|start\n|switch|p1a: Murkrow|Murkrow, F|100\/100\n|switch|p1b: Zapdos|Zapdos|100\/100\n|switch|p2a: Torkoal|Torkoal, F|100\/100\n|switch|p2b: Iron Moth|Iron Moth|100\/100\n|-ability|p1b: Zapdos|Pressure\n|-weather|SunnyDay|[from] ability: Drought|[of] p2a: Torkoal\n|-enditem|p2b: Iron Moth|Booster Energy\n|-activate|p2b: Iron Moth|ability: Quark Drive|[fromitem]\n|-start|p2b: Iron Moth|quarkdrivespa\n|turn|1\n|\n|t:|1697586306\n|move|p1a: Murkrow|Rain Dance|p1a: Murkrow\n|-weather|RainDance\n|move|p1b: Zapdos|Hurricane|p2a: Torkoal\n|-damage|p2a: Torkoal|30\/100\n|move|p2b: Iron Moth|Toxic Spikes|p1a: Murkrow\n|-sidestart|p1: HicupRat|move: Toxic Spikes\n|move|p2a: Torkoal|Stealth Rock|p1a: Murkrow\n|-sidestart|p1: HicupRat|move: Stealth Rock\n|\n|-weather|RainDance|[upkeep]\n|upkeep\n|turn|2\n|\n|t:|1697586324\n|move|p1a: Murkrow|Confuse Ray|p2b: Iron Moth\n|-start|p2b: Iron Moth|confusion\n|move|p1b: Zapdos|Hurricane|p2a: Torkoal\n|-damage|p2a: Torkoal|0 fnt\n|faint|p2a: Torkoal\n|-activate|p2b: Iron Moth|confusion\n|move|p2b: Iron Moth|Toxic Spikes|p1b: Zapdos\n|-sidestart|p1: HicupRat|move: Toxic Spikes\n|\n|-weather|RainDance|[upkeep]\n|upkeep\n|\n|t:|1697586339\n|switch|p2a: Chandelure|Chandelure, M|100\/100\n|turn|3\n|\n|t:|1697586361\n|-terastallize|p2a: Chandelure|Grass\n|move|p1a: Murkrow|Tailwind|p1a: Murkrow\n|-sidestart|p1: HicupRat|move: Tailwind\n|move|p1b: Zapdos|Hurricane|p2a: Chandelure\n|-supereffective|p2a: Chandelure\n|-damage|p2a: Chandelure|0 fnt\n|faint|p2a: Chandelure\n|-end|p2b: Iron Moth|confusion\n|move|p2b: Iron Moth|Dazzling Gleam|p1b: Zapdos|[spread] p1a,p1b\n|-supereffective|p1a: Murkrow\n|-damage|p1a: Murkrow|27\/100\n|-damage|p1b: Zapdos|72\/100\n|\n|-weather|RainDance|[upkeep]\n|upkeep\n|\n|t:|1697586378\n|switch|p2a: Meowscarada|Meowscarada, F|100\/100\n|turn|4\n|\n|t:|1697586400\n|move|p1a: Murkrow|Confuse Ray|p2b: Iron Moth\n|-start|p2b: Iron Moth|confusion\n|move|p1b: Zapdos|Hurricane|p2a: Meowscarada\n|-supereffective|p2a: Meowscarada\n|-crit|p2a: Meowscarada\n|-damage|p2a: Meowscarada|0 fnt\n|faint|p2a: Meowscarada\n|-activate|p2b: Iron Moth|confusion\n|move|p2b: Iron Moth|Dazzling Gleam|p1b: Zapdos|[spread] p1a,p1b\n|-supereffective|p1a: Murkrow\n|-damage|p1a: Murkrow|0 fnt\n|-damage|p1b: Zapdos|43\/100\n|faint|p1a: Murkrow\n|\n|-weather|RainDance|[upkeep]\n|upkeep\n|\n|t:|1697586417\n|switch|p2a: Dusknoir|Dusknoir, M|100\/100\n|switch|p1a: Great Tusk|Great Tusk|100\/100\n|-status|p1a: Great Tusk|tox\n|-damage|p1a: Great Tusk|98\/100 tox|[from] Stealth Rock\n|-ability|p2a: Dusknoir|Pressure\n|-enditem|p1a: Great Tusk|Booster Energy\n|-activate|p1a: Great Tusk|ability: Protosynthesis|[fromitem]\n|-start|p1a: Great Tusk|protosynthesisatk\n|turn|5\n|\n|t:|1697586456\n|move|p1b: Zapdos|Hurricane|p2a: Dusknoir\n|-damage|p2a: Dusknoir|68\/100\n|move|p1a: Great Tusk|Close Combat|p2b: Iron Moth\n|-resisted|p2b: Iron Moth\n|-damage|p2b: Iron Moth|42\/100\n|-unboost|p1a: Great Tusk|def|1\n|-unboost|p1a: Great Tusk|spd|1\n|-end|p2b: Iron Moth|confusion\n|move|p2b: Iron Moth|Dazzling Gleam|p1b: Zapdos|[spread] p1a,p1b\n|-supereffective|p1a: Great Tusk\n|-damage|p1a: Great Tusk|0 fnt\n|-damage|p1b: Zapdos|14\/100\n|faint|p1a: Great Tusk\n|-end|p1a: Great Tusk|Protosynthesis|[silent]\n|move|p2a: Dusknoir|Leech Life|p1b: Zapdos\n|-resisted|p1b: Zapdos\n|-damage|p1b: Zapdos|2\/100\n|-heal|p2a: Dusknoir|77\/100|[from] drain|[of] p1b: Zapdos\n|\n|-weather|none\n|upkeep\n|\n|t:|1697586478\n|switch|p1a: Tyranitar|Tyranitar, M|100\/100\n|-status|p1a: Tyranitar|tox\n|-damage|p1a: Tyranitar|88\/100 tox|[from] Stealth Rock\n|-weather|Sandstorm|[from] ability: Sand Stream|[of] p1a: Tyranitar\n|turn|6\n|\n|t:|1697586498\n|move|p1b: Zapdos|Roost|p1b: Zapdos\n|-heal|p1b: Zapdos|52\/100\n|-singleturn|p1b: Zapdos|move: Roost\n|move|p1a: Tyranitar|Rock Slide|p2b: Iron Moth|[spread] p2a,p2b\n|-supereffective|p2b: Iron Moth\n|-damage|p2a: Dusknoir|49\/100\n|-damage|p2b: Iron Moth|0 fnt\n|faint|p2b: Iron Moth\n|-end|p2b: Iron Moth|Quark Drive|[silent]\n|cant|p2a: Dusknoir|flinch\n|\n|-weather|Sandstorm|[upkeep]\n|-damage|p1b: Zapdos|46\/100|[from] Sandstorm\n|-damage|p2a: Dusknoir|43\/100|[from] Sandstorm\n|-damage|p1a: Tyranitar|82\/100 tox|[from] psn\n|-sideend|p1: HicupRat|move: Tailwind\n|upkeep\n|turn|7\n|\n|t:|1697586519\n|move|p1b: Zapdos|Thunderbolt|p2a: Dusknoir\n|-damage|p2a: Dusknoir|14\/100\n|move|p1a: Tyranitar|Crunch|p2a: Dusknoir\n|-supereffective|p2a: Dusknoir\n|-damage|p2a: Dusknoir|0 fnt\n|faint|p2a: Dusknoir\n|\n|win|HicupRat\n|raw|HicupRat's rating: 1041 &rarr; <strong>1077<\/strong><br \/>(+36 for winning)\n|raw|Mudkip The Mighty's rating: 1062 &rarr; <strong>1042<\/strong><br \/>(-20 for losing)\n|l|\u203dMudkip The Mighty\n","uploadtime":1697586531,"views":25,"p1id":"hicuprat","p2id":"mudkipthemighty","formatid":"gen9doublesou","rating":1042,"private":0,"password":""}