{"id":"gen9doublesou-1990841288","p1":"TitansTestTeam3T","p2":"Elite.4.Challenger","format":"[Gen 9] Doubles OU","log":"|j|\u2606TitansTestTeam3T\n|j|\u2606Elite.4.Challenger\n|t:|1700006437\n|gametype|doubles\n|player|p1|TitansTestTeam3T|supernerd|1320\n|player|p2|Elite.4.Challenger|koga|1402\n|teamsize|p1|6\n|teamsize|p2|6\n|gen|9\n|tier|[Gen 9] Doubles OU\n|rated|\n|rule|Species Clause: Limit one of each Pok\u00e9mon\n|rule|OHKO Clause: OHKO moves are banned\n|rule|Evasion Moves Clause: Evasion moves are banned\n|rule|Gravity Sleep Clause: The combination of sleep-inducing moves with imperfect accuracy and Gravity or Gigantamax Orbeetle are banned\n|rule|Endless Battle Clause: Forcing endless battles is banned\n|rule|HP Percentage Mod: HP is shown in percentages\n|clearpoke\n|poke|p1|Sableye, F|\n|poke|p1|Landorus, M|\n|poke|p1|Lilligant-Hisui, F|\n|poke|p1|Rillaboom, M|\n|poke|p1|Tornadus, M|\n|poke|p1|Glimmora, M|\n|poke|p2|Zapdos|\n|poke|p2|Grimmsnarl, M|\n|poke|p2|Basculegion-F, F|\n|poke|p2|Goodra-Hisui, F|\n|poke|p2|Politoed, F|\n|poke|p2|Toxicroak, F|\n|teampreview\n|inactive|Battle timer is ON: inactive players will automatically lose when time's up. (requested by TitansTestTeam3T)\n|c|\u2606TitansTestTeam3T|Have fun\n|\n|t:|1700006449\n|start\n|switch|p1a: Sableye|Sableye, F|100\/100\n|switch|p1b: Tornadus|Tornadus, M|100\/100\n|switch|p2a: Michael Phelps|Basculegion-F, F|100\/100\n|switch|p2b: Gollum|Grimmsnarl, M|100\/100\n|turn|1\n|\n|t:|1700006465\n|switch|p1b: Glimmora|Glimmora, M|100\/100\n|move|p2b: Gollum|Fake Out|p1b: Glimmora\n|-resisted|p1b: Glimmora\n|-damage|p1b: Glimmora|95\/100\n|-damage|p2b: Gollum|84\/100|[from] item: Rocky Helmet|[of] p1b: Glimmora\n|-activate|p1b: Glimmora|ability: Toxic Debris\n|-sidestart|p2: Elite.4.Challenger|move: Toxic Spikes\n|move|p1a: Sableye|Gravity|p1a: Sableye\n|-fieldstart|move: Gravity\n|move|p2a: Michael Phelps|Ice Beam|p1b: Glimmora\n|-damage|p1b: Glimmora|44\/100\n|-status|p1b: Glimmora|frz\n|\n|upkeep\n|turn|2\n|\n|t:|1700006495\n|cant|p1b: Glimmora|frz\n|move|p1a: Sableye|Light Screen|p1a: Sableye\n|-sidestart|p1: TitansTestTeam3T|move: Light Screen\n|move|p2a: Michael Phelps|Ice Beam|p1b: Glimmora\n|-damage|p1b: Glimmora|13\/100 frz\n|move|p2b: Gollum|Play Rough|p1a: Sableye\n|-supereffective|p1a: Sableye\n|-damage|p1a: Sableye|0 fnt\n|faint|p1a: Sableye\n|\n|upkeep\n|inactive|TitansTestTeam3T has 120 seconds left.\n|\n|t:|1700006509\n|switch|p1a: Lilligant|Lilligant-Hisui, F|100\/100\n|turn|3\n|j| bananaszn\n|inactive|TitansTestTeam3T has 120 seconds left.\n|\n|t:|1700006540\n|switch|p1b: Rillaboom|Rillaboom, M|100\/100\n|-fieldstart|move: Grassy Terrain|[from] ability: Grassy Surge|[of] p1b: Rillaboom\n|move|p2b: Gollum|Parting Shot|p1a: Lilligant\n|-unboost|p1a: Lilligant|atk|1\n|-unboost|p1a: Lilligant|spa|1\n|\n|t:|1700006548\n|switch|p2b: Kermit the Frog|Politoed, F|100\/100|[from] Parting Shot\n|-status|p2b: Kermit the Frog|psn\n|-weather|RainDance|[from] ability: Drizzle|[of] p2b: Kermit the Frog\n|move|p2a: Michael Phelps|Ice Beam|p1a: Lilligant\n|-supereffective|p1a: Lilligant\n|-damage|p1a: Lilligant|14\/100\n|move|p1a: Lilligant|Axe Kick|p2a: Michael Phelps\n|-immune|p2a: Michael Phelps\n|-damage|p1a: Lilligant|0 fnt|[from] highjumpkick\n|faint|p1a: Lilligant\n|\n|-weather|RainDance|[upkeep]\n|-damage|p2b: Kermit the Frog|88\/100 psn|[from] psn\n|upkeep\n|inactive|TitansTestTeam3T has 120 seconds left.\n|\n|t:|1700006564\n|switch|p1a: Tornadus|Tornadus, M|100\/100\n|turn|4\n|c| bananaszn|what was he cooking\n|\n|t:|1700006579\n|switch|p2a: Kermit the Dawg|Toxicroak, F|100\/100\n|-sideend|p2: Elite.4.Challenger|move: Toxic Spikes|[of] p2a: Kermit the Dawg\n|move|p2b: Kermit the Frog|Protect|p2b: Kermit the Frog\n|-singleturn|p2b: Kermit the Frog|Protect\n|move|p1a: Tornadus|Tailwind|p1a: Tornadus\n|-sidestart|p1: TitansTestTeam3T|move: Tailwind\n|move|p1b: Rillaboom|Wood Hammer|p2a: Kermit the Dawg\n|-resisted|p2a: Kermit the Dawg\n|-damage|p2a: Kermit the Dawg|39\/100\n|-damage|p1b: Rillaboom|85\/100|[from] Recoil\n|\n|-weather|RainDance|[upkeep]\n|-heal|p2a: Kermit the Dawg|51\/100|[from] ability: Dry Skin\n|-heal|p1b: Rillaboom|91\/100|[from] Grassy Terrain\n|-heal|p2a: Kermit the Dawg|58\/100|[from] Grassy Terrain\n|-heal|p2b: Kermit the Frog|94\/100 psn|[from] Grassy Terrain\n|-damage|p2b: Kermit the Frog|82\/100 psn|[from] psn\n|upkeep\n|turn|5\n|\n|t:|1700006607\n|move|p2a: Kermit the Dawg|Fake Out|p1b: Rillaboom\n|-damage|p1b: Rillaboom|75\/100\n|-damage|p2a: Kermit the Dawg|48\/100|[from] item: Life Orb\n|move|p1a: Tornadus|Bleakwind Storm|p2a: Kermit the Dawg|[spread] p2a,p2b\n|-supereffective|p2a: Kermit the Dawg\n|-damage|p2a: Kermit the Dawg|0 fnt\n|-damage|p2b: Kermit the Frog|57\/100 psn\n|-unboost|p2b: Kermit the Frog|spe|1\n|faint|p2a: Kermit the Dawg\n|-enditem|p2b: Kermit the Frog|Eject Button\n|\n|t:|1700006618\n|switch|p2b: Michael Phelps|Basculegion-F, F|100\/100\n|cant|p1b: Rillaboom|flinch\n|\n|-weather|RainDance|[upkeep]\n|-heal|p1b: Rillaboom|81\/100|[from] Grassy Terrain\n|-fieldend|move: Gravity\n|upkeep\n|inactive|Elite.4.Challenger has 120 seconds left.\n|\n|t:|1700006629\n|switch|p2a: Gollum|Grimmsnarl, M|84\/100\n|turn|6\n|\n|t:|1700006645\n|switch|p1b: Glimmora|Glimmora, M|13\/100 frz\n|move|p2a: Gollum|Fake Out|p1b: Glimmora\n|-resisted|p1b: Glimmora\n|-damage|p1b: Glimmora|7\/100 frz\n|-damage|p2a: Gollum|68\/100|[from] item: Rocky Helmet|[of] p1b: Glimmora\n|-activate|p1b: Glimmora|ability: Toxic Debris\n|-sidestart|p2: Elite.4.Challenger|move: Toxic Spikes\n|move|p1a: Tornadus|Bleakwind Storm|p2a: Gollum|[spread] p2a,p2b\n|-damage|p2a: Gollum|29\/100\n|-damage|p2b: Michael Phelps|59\/100\n|-unboost|p2a: Gollum|spe|1\n|move|p2b: Michael Phelps|Ice Beam|p1b: Glimmora\n|-damage|p1b: Glimmora|0 fnt\n|faint|p1b: Glimmora\n|\n|-weather|RainDance|[upkeep]\n|-heal|p2b: Michael Phelps|65\/100|[from] Grassy Terrain\n|-heal|p2a: Gollum|35\/100|[from] Grassy Terrain\n|-sideend|p1: TitansTestTeam3T|move: Light Screen\n|upkeep\n|c| bananaszn|does toxic croak have protect\n|inactive|TitansTestTeam3T has 120 seconds left.\n|\n|t:|1700006666\n|switch|p1b: Rillaboom|Rillaboom, M|81\/100\n|turn|7\n|c| bananaszn|i was thinking of protect then sending in goodra\n|c|\u2606TitansTestTeam3T|detect?\n|c| bananaszn|either one\n|inactive|TitansTestTeam3T has 120 seconds left.\n|\n|t:|1700006693\n|-terastallize|p2b: Michael Phelps|Ice\n|move|p2a: Gollum|Parting Shot|p1a: Tornadus\n|-unboost|p1a: Tornadus|atk|1\n|-unboost|p1a: Tornadus|spa|1\n|c| bananaszn|wouldve been the best considering what you did\n|\n|t:|1700006701\n|switch|p2a: James Murray|Goodra-Hisui, F|100\/100|[from] Parting Shot\n|move|p1a: Tornadus|Bleakwind Storm|p2a: James Murray|[spread] p2a,p2b\n|-resisted|p2a: James Murray\n|-damage|p2a: James Murray|93\/100\n|-damage|p2b: Michael Phelps|36\/100\n|move|p2b: Michael Phelps|Ice Beam|p1b: Rillaboom\n|-supereffective|p1b: Rillaboom\n|-damage|p1b: Rillaboom|0 fnt\n|faint|p1b: Rillaboom\n|\n|-weather|none\n|-heal|p2b: Michael Phelps|42\/100|[from] Grassy Terrain\n|-heal|p2a: James Murray|99\/100|[from] Grassy Terrain\n|-sideend|p1: TitansTestTeam3T|move: Tailwind\n|-fieldend|move: Grassy Terrain\n|upkeep\n|inactive|TitansTestTeam3T has 120 seconds left.\n|\n|t:|1700006715\n|switch|p1b: Landorus|Landorus, M|100\/100\n|turn|8\n|\n|t:|1700006730\n|switch|p2a: Kermit the Frog|Politoed, F|57\/100 psn\n|-weather|RainDance|[from] ability: Drizzle|[of] p2a: Kermit the Frog\n|-terastallize|p1b: Landorus|Ground\n|move|p1a: Tornadus|Tailwind|p1a: Tornadus\n|-sidestart|p1: TitansTestTeam3T|move: Tailwind\n|move|p1b: Landorus|Sandsear Storm|p2a: Kermit the Frog|[spread] p2a,p2b\n|-damage|p2a: Kermit the Frog|7\/100 psn\n|-damage|p2b: Michael Phelps|0 fnt\n|faint|p2b: Michael Phelps\n|\n|-weather|RainDance|[upkeep]\n|-damage|p2a: Kermit the Frog|0 fnt|[from] psn\n|faint|p2a: Kermit the Frog\n|upkeep\n|c| bananaszn|send in politoed he probs has a rock move on lando\n|c| bananaszn|sheesh\n|c| bananaszn|yikes nvm\n|\n|t:|1700006749\n|switch|p2b: Gollum|Grimmsnarl, M|35\/100\n|switch|p2a: Big Bird|Zapdos|100\/100\n|-status|p2b: Gollum|psn\n|turn|9\n|\n|t:|1700006765\n|move|p1a: Tornadus|Protect|p1a: Tornadus\n|-singleturn|p1a: Tornadus|Protect\n|move|p1b: Landorus|Protect|p1b: Landorus\n|-singleturn|p1b: Landorus|Protect\n|move|p2b: Gollum|Fake Out|p1b: Landorus\n|-activate|p1b: Landorus|move: Protect\n|move|p2a: Big Bird|Thunder|p1a: Tornadus\n|-activate|p1a: Tornadus|move: Protect\n|\n|-weather|RainDance|[upkeep]\n|-damage|p2b: Gollum|22\/100 psn|[from] psn\n|upkeep\n|turn|10\n|\n|t:|1700006786\n|switch|p2a: James Murray|Goodra-Hisui, F|99\/100\n|move|p2b: Gollum|Parting Shot|p1b: Landorus\n|-unboost|p1b: Landorus|atk|1\n|-unboost|p1b: Landorus|spa|1\n|\n|t:|1700006791\n|switch|p2b: Big Bird|Zapdos|100\/100|[from] Parting Shot\n|move|p1a: Tornadus|Bleakwind Storm|p2a: James Murray|[spread] p2a,p2b\n|-resisted|p2a: James Murray\n|-resisted|p2b: Big Bird\n|-damage|p2a: James Murray|93\/100\n|-damage|p2b: Big Bird|86\/100\n|-unboost|p2b: Big Bird|spe|1\n|move|p1b: Landorus|Sludge Bomb|p2a: James Murray\n|-immune|p2a: James Murray\n|\n|-weather|RainDance|[upkeep]\n|upkeep\n|turn|11\n|c| bananaszn|i was gonna say smth totally different but that was perfect\n|c| bananaszn|i dont use grimm unfortunately\n|inactive|Elite.4.Challenger has 120 seconds left.\n|\n|t:|1700006827\n|switch|p2b: Gollum|Grimmsnarl, M|22\/100 psn\n|move|p1a: Tornadus|Taunt|p2a: James Murray\n|-start|p2a: James Murray|move: Taunt\n|move|p1b: Landorus|Sandsear Storm|p2a: James Murray|[spread] p2a,p2b\n|-supereffective|p2a: James Murray\n|-damage|p2a: James Murray|31\/100\n|-damage|p2b: Gollum|0 fnt\n|faint|p2b: Gollum\n|move|p2a: James Murray|Acid Spray|p1b: Landorus\n|-resisted|p1b: Landorus\n|-damage|p1b: Landorus|94\/100\n|-unboost|p1b: Landorus|spd|2\n|\n|-weather|RainDance|[upkeep]\n|-sideend|p1: TitansTestTeam3T|move: Tailwind\n|upkeep\n|\n|t:|1700006843\n|switch|p2b: Big Bird|Zapdos|86\/100\n|turn|12\n|inactive|Elite.4.Challenger has 120 seconds left.\n|\n|t:|1700006860\n|move|p1a: Tornadus|Bleakwind Storm|p2a: James Murray|[spread] p2a,p2b\n|-resisted|p2a: James Murray\n|-resisted|p2b: Big Bird\n|-damage|p2a: James Murray|25\/100\n|-damage|p2b: Big Bird|71\/100\n|-unboost|p2b: Big Bird|spe|1\n|-enditem|p2a: James Murray|Iapapa Berry|[eat]\n|-heal|p2a: James Murray|58\/100|[from] item: Iapapa Berry\n|move|p1b: Landorus|Sandsear Storm|p2a: James Murray|[spread] p2a\n|-immune|p2b: Big Bird\n|-supereffective|p2a: James Murray\n|-damage|p2a: James Murray|1\/100\n|move|p2b: Big Bird|Thunder|p1a: Tornadus\n|-supereffective|p1a: Tornadus\n|-enditem|p1a: Tornadus|Focus Sash\n|-damage|p1a: Tornadus|1\/100\n|move|p2a: James Murray|Acid Spray|p1a: Tornadus\n|-damage|p1a: Tornadus|0 fnt\n|faint|p1a: Tornadus\n|\n|-weather|none\n|upkeep\n|turn|13\n|c| bananaszn|WOAH\n|c| bananaszn|goodra is a champ\n|inactive|Elite.4.Challenger has 120 seconds left.\n|inactive|Elite.4.Challenger has 90 seconds left.\n|\n|t:|1700006916\n|move|p1b: Landorus|Sludge Bomb|p2b: Big Bird\n|-damage|p2b: Big Bird|35\/100\n|move|p2b: Big Bird|Hurricane|p1b: Landorus|[miss]\n|-miss|p2b: Big Bird|p1b: Landorus\n|move|p2a: James Murray|Acid Spray|p1b: Landorus\n|-resisted|p1b: Landorus\n|-damage|p1b: Landorus|79\/100\n|-unboost|p1b: Landorus|spd|2\n|\n|-end|p2a: James Murray|move: Taunt\n|upkeep\n|turn|14\n|\n|t:|1700006939\n|move|p1b: Landorus|Sludge Bomb|p2b: Big Bird\n|-damage|p2b: Big Bird|0 fnt\n|faint|p2b: Big Bird\n|move|p2a: James Murray|Flash Cannon|p1b: Landorus\n|-damage|p1b: Landorus|0 fnt\n|faint|p1b: Landorus\n|\n|win|Elite.4.Challenger\n|raw|TitansTestTeam3T's rating: 1320 &rarr; <strong>1305<\/strong><br \/>(-15 for losing)\n|raw|Elite.4.Challenger's rating: 1402 &rarr; <strong>1417<\/strong><br \/>(+15 for winning)\n|c|\u2606TitansTestTeam3T|Good game\n|c|\u2606Elite.4.Challenger|gg\n|l| bananaszn\n","uploadtime":1700007051,"views":14,"p1id":"titanstestteam3t","p2id":"elite4challenger","formatid":"gen9doublesou","rating":1305,"private":0,"password":""}