{"id":"gen9doublesou-1991698179","p1":"DukeDevlin494","p2":"anitoons17","format":"[Gen 9] Doubles OU","log":"|j|\u2606DukeDevlin494\n|j|\u2606anitoons17\n|t:|1700103985\n|gametype|doubles\n|player|p1|DukeDevlin494|benga|1044\n|player|p2|anitoons17|102|1053\n|teamsize|p1|6\n|teamsize|p2|6\n|gen|9\n|tier|[Gen 9] Doubles OU\n|rated|\n|rule|Species Clause: Limit one of each Pok\u00e9mon\n|rule|OHKO Clause: OHKO moves are banned\n|rule|Evasion Moves Clause: Evasion moves are banned\n|rule|Gravity Sleep Clause: The combination of sleep-inducing moves with imperfect accuracy and Gravity or Gigantamax Orbeetle are banned\n|rule|Endless Battle Clause: Forcing endless battles is banned\n|rule|HP Percentage Mod: HP is shown in percentages\n|clearpoke\n|poke|p1|Sableye, M|\n|poke|p1|Clefairy, F|\n|poke|p1|Arcanine, M|\n|poke|p1|Dragonite, F|\n|poke|p1|Kommo-o, F|\n|poke|p1|Corviknight, M|\n|poke|p2|Pelipper, M|\n|poke|p2|Palafin, M|\n|poke|p2|Zapdos|\n|poke|p2|Garchomp, M|\n|poke|p2|Politoed, M|\n|poke|p2|Basculegion-F, F|\n|teampreview\n|\n|t:|1700104000\n|start\n|switch|p1a: Rueben|Sableye, M, shiny|100\/100\n|switch|p1b: Elise|Clefairy, F, shiny|100\/100\n|switch|p2a: Politoed|Politoed, M, shiny|100\/100\n|switch|p2b: Palafin|Palafin, M, shiny|100\/100\n|-weather|RainDance|[from] ability: Drizzle|[of] p2a: Politoed\n|turn|1\n|\n|t:|1700104030\n|move|p1b: Elise|Protect|p1b: Elise\n|-singleturn|p1b: Elise|Protect\n|move|p1a: Rueben|Will-O-Wisp|p2b: Palafin\n|-status|p2b: Palafin|brn\n|move|p2b: Palafin|Flip Turn|p1a: Rueben\n|-damage|p1a: Rueben|92\/100\n|\n|t:|1700104044\n|detailschange|p2b: Palafin|Palafin-Hero, M, shiny\n|switch|p2b: Zapdos|Zapdos, shiny|100\/100|[from] Flip Turn\n|move|p2a: Politoed|Chilling Water|p1a: Rueben\n|-damage|p1a: Rueben|56\/100\n|-unboost|p1a: Rueben|atk|1\n|\n|-weather|RainDance|[upkeep]\n|-heal|p1a: Rueben|62\/100|[from] item: Leftovers\n|upkeep\n|turn|2\n|\n|t:|1700104072\n|-terastallize|p2b: Zapdos|Fire\n|move|p1b: Elise|Follow Me|p1b: Elise\n|-singleturn|p1b: Elise|move: Follow Me\n|move|p2b: Zapdos|Heat Wave|p1a: Rueben|[spread] p1a,p1b\n|-damage|p1a: Rueben|35\/100\n|-damage|p1b: Elise|81\/100\n|-status|p1a: Rueben|brn\n|move|p2a: Politoed|Chilling Water|p1b: Elise\n|-damage|p1b: Elise|52\/100\n|-unboost|p1b: Elise|atk|1\n|move|p1a: Rueben|Knock Off|p2b: Zapdos\n|-damage|p2b: Zapdos|90\/100\n|-enditem|p2b: Zapdos|Wise Glasses|[from] move: Knock Off|[of] p1a: Rueben\n|\n|-weather|RainDance|[upkeep]\n|-heal|p1a: Rueben|41\/100 brn|[from] item: Leftovers\n|-damage|p1a: Rueben|35\/100 brn|[from] brn\n|upkeep\n|turn|3\n|\n|t:|1700104100\n|move|p1a: Rueben|Recover|p1a: Rueben\n|-heal|p1a: Rueben|85\/100 brn\n|move|p2b: Zapdos|Heat Wave|p1b: Elise|[spread] p1a,p1b\n|-damage|p1a: Rueben|60\/100 brn\n|-damage|p1b: Elise|34\/100\n|-status|p1b: Elise|brn\n|move|p2a: Politoed|Chilling Water|p1a: Rueben\n|-damage|p1a: Rueben|22\/100 brn\n|-unboost|p1a: Rueben|atk|1\n|move|p1b: Elise|Life Dew|p1b: Elise|[spread] p1a,p1b\n|-heal|p1a: Rueben|47\/100 brn\n|-heal|p1b: Elise|59\/100 brn\n|\n|-weather|RainDance|[upkeep]\n|-heal|p1a: Rueben|53\/100 brn|[from] item: Leftovers\n|-damage|p1a: Rueben|47\/100 brn|[from] brn\n|-damage|p1b: Elise|53\/100 brn|[from] brn\n|upkeep\n|turn|4\n|\n|t:|1700104153\n|switch|p1a: Gawain|Corviknight, M, shiny|100\/100\n|move|p1b: Elise|Protect|p1b: Elise\n|-singleturn|p1b: Elise|Protect\n|move|p2b: Zapdos|Heat Wave|p1b: Elise|[spread] p1a\n|-activate|p1b: Elise|move: Protect\n|-supereffective|p1a: Gawain\n|-damage|p1a: Gawain|71\/100\n|move|p2a: Politoed|Chilling Water|p1a: Gawain\n|-damage|p1a: Gawain|50\/100\n|-ability|p1a: Gawain|Mirror Armor\n|-unboost|p2a: Politoed|atk|1\n|-enditem|p1a: Gawain|Sitrus Berry|[eat]\n|-heal|p1a: Gawain|75\/100|[from] item: Sitrus Berry\n|\n|-weather|RainDance|[upkeep]\n|-damage|p1b: Elise|46\/100 brn|[from] brn\n|upkeep\n|turn|5\n|\n|t:|1700104179\n|move|p2b: Zapdos|Thunder|p1a: Gawain\n|-supereffective|p1a: Gawain\n|-damage|p1a: Gawain|0 fnt\n|faint|p1a: Gawain\n|move|p2a: Politoed|Chilling Water|p1b: Elise\n|-damage|p1b: Elise|18\/100 brn\n|-unboost|p1b: Elise|atk|1\n|move|p1b: Elise|Life Dew|p1b: Elise\n|-heal|p1b: Elise|43\/100 brn\n|\n|-weather|none\n|-damage|p1b: Elise|37\/100 brn|[from] brn\n|upkeep\n|\n|t:|1700104192\n|switch|p1a: Camille|Kommo-o, F, shiny|100\/100\n|turn|6\n|\n|t:|1700104210\n|move|p1b: Elise|Follow Me|p1b: Elise\n|-singleturn|p1b: Elise|move: Follow Me\n|move|p2b: Zapdos|Heat Wave|p1a: Camille|[spread] p1a,p1b\n|-resisted|p1a: Camille\n|-damage|p1a: Camille|85\/100\n|-damage|p1b: Elise|0 fnt\n|faint|p1b: Elise\n|move|p1a: Camille|Clangorous Soul|p1a: Camille\n|-boost|p1a: Camille|atk|1\n|-boost|p1a: Camille|def|1\n|-boost|p1a: Camille|spa|1\n|-boost|p1a: Camille|spd|1\n|-boost|p1a: Camille|spe|1\n|-damage|p1a: Camille|52\/100\n|-enditem|p1a: Camille|Throat Spray\n|-boost|p1a: Camille|spa|1|[from] item: Throat Spray\n|move|p2a: Politoed|Chilling Water|p1a: Camille\n|-resisted|p1a: Camille\n|-damage|p1a: Camille|44\/100\n|-unboost|p1a: Camille|atk|1\n|\n|upkeep\n|\n|t:|1700104227\n|switch|p1b: Rueben|Sableye, M, shiny|47\/100 brn\n|turn|7\n|\n|t:|1700104251\n|move|p1b: Rueben|Recover|p1b: Rueben\n|-heal|p1b: Rueben|97\/100 brn\n|move|p1a: Camille|Clanging Scales|p2b: Zapdos|[spread] p2a,p2b\n|-damage|p2a: Politoed|42\/100\n|-damage|p2b: Zapdos|2\/100\n|-unboost|p1a: Camille|def|1\n|move|p2b: Zapdos|Heat Wave|p1a: Camille|[spread] p1b\n|-miss|p2b: Zapdos|p1a: Camille\n|-damage|p1b: Rueben|36\/100 brn\n|move|p2a: Politoed|Chilling Water|p1b: Rueben\n|-damage|p1b: Rueben|5\/100 brn\n|-unboost|p1b: Rueben|atk|1\n|\n|-heal|p1b: Rueben|11\/100 brn|[from] item: Leftovers\n|-damage|p1b: Rueben|5\/100 brn|[from] brn\n|upkeep\n|turn|8\n|\n|t:|1700104274\n|move|p1b: Rueben|Recover|p1b: Rueben\n|-heal|p1b: Rueben|55\/100 brn\n|move|p1a: Camille|Boomburst|p2a: Politoed|[spread] p2a,p2b\n|-immune|p1b: Rueben\n|-damage|p2a: Politoed|0 fnt\n|-damage|p2b: Zapdos|0 fnt\n|faint|p2a: Politoed\n|faint|p2b: Zapdos\n|\n|-heal|p1b: Rueben|61\/100 brn|[from] item: Leftovers\n|-damage|p1b: Rueben|55\/100 brn|[from] brn\n|upkeep\n|\n|t:|1700104282\n|switch|p2b: Palafin|Palafin-Hero, M, shiny|100\/100 brn\n|switch|p2a: Pelipper|Pelipper, M, shiny|100\/100\n|-activate|p2b: Palafin|ability: Zero to Hero\n|-weather|RainDance|[from] ability: Drizzle|[of] p2a: Pelipper\n|turn|9\n|\n|t:|1700104318\n|-terastallize|p1a: Camille|Dragon\n|move|p2b: Palafin|Jet Punch|p1b: Rueben\n|-damage|p1b: Rueben|29\/100 brn\n|move|p1a: Camille|Clanging Scales|p2b: Palafin|[spread] p2a,p2b\n|-damage|p2a: Pelipper|21\/100\n|-damage|p2b: Palafin|8\/100 brn\n|-unboost|p1a: Camille|def|1\n|move|p2a: Pelipper|Air Slash|p1a: Camille\n|-damage|p1a: Camille|20\/100\n|move|p1b: Rueben|Knock Off|p2b: Palafin\n|-damage|p2b: Palafin|1\/100 brn\n|-enditem|p2b: Palafin|Muscle Band|[from] move: Knock Off|[of] p1b: Rueben\n|\n|-weather|RainDance|[upkeep]\n|-heal|p1b: Rueben|36\/100 brn|[from] item: Leftovers\n|-damage|p2b: Palafin|0 fnt|[from] brn\n|faint|p2b: Palafin\n|-damage|p1b: Rueben|29\/100 brn|[from] brn\n|upkeep\n|\n|t:|1700104322\n|switch|p2b: Garchomp|Garchomp, M, shiny|100\/100\n|turn|10\n|\n|t:|1700104344\n|move|p1b: Rueben|Recover|p1b: Rueben\n|-heal|p1b: Rueben|79\/100 brn\n|move|p1a: Camille|Clanging Scales|p2a: Pelipper|[spread] p2a,p2b\n|-supereffective|p2b: Garchomp\n|-crit|p2b: Garchomp\n|-damage|p2a: Pelipper|0 fnt\n|-damage|p2b: Garchomp|0 fnt\n|faint|p2a: Pelipper\n|faint|p2b: Garchomp\n|-unboost|p1a: Camille|def|1\n|\n|-weather|RainDance|[upkeep]\n|-heal|p1b: Rueben|86\/100 brn|[from] item: Leftovers\n|-damage|p1b: Rueben|79\/100 brn|[from] brn\n|upkeep\n|\n|t:|1700104349\n|switch|p2a: Basculegion|Basculegion-F, F, shiny|100\/100\n|turn|11\n|\n|t:|1700104364\n|move|p2a: Basculegion|Last Respects|p1b: Rueben\n|-damage|p1b: Rueben|0 fnt\n|faint|p1b: Rueben\n|move|p1a: Camille|Clanging Scales|p2a: Basculegion\n|-damage|p2a: Basculegion|0 fnt\n|faint|p2a: Basculegion\n|\n|win|DukeDevlin494\n|raw|DukeDevlin494's rating: 1044 &rarr; <strong>1078<\/strong><br \/>(+34 for winning)\n|raw|anitoons17's rating: 1053 &rarr; <strong>1035<\/strong><br \/>(-18 for losing)\n|c|\u2606DukeDevlin494|ggs\n|l|\u2606anitoons17\n","uploadtime":1700104378,"views":9,"p1id":"dukedevlin494","p2id":"anitoons17","formatid":"gen9doublesou","rating":1035,"private":0,"password":""}