{"id":"gen9doublesou-1991126788","p1":"arturosada","p2":"Kondroid","format":"[Gen 9] Doubles OU","log":"|j|\u2606arturosada\n|j|\u2606Kondroid\n|t:|1700047014\n|gametype|doubles\n|player|p1|arturosada|101|1341\n|player|p2|Kondroid|hilbert-wonderlauncher|1218\n|teamsize|p1|6\n|teamsize|p2|6\n|gen|9\n|tier|[Gen 9] Doubles OU\n|rated|\n|rule|Species Clause: Limit one of each Pok\u00e9mon\n|rule|OHKO Clause: OHKO moves are banned\n|rule|Evasion Moves Clause: Evasion moves are banned\n|rule|Gravity Sleep Clause: The combination of sleep-inducing moves with imperfect accuracy and Gravity or Gigantamax Orbeetle are banned\n|rule|Endless Battle Clause: Forcing endless battles is banned\n|rule|HP Percentage Mod: HP is shown in percentages\n|clearpoke\n|poke|p1|Arcanine-Hisui, M|\n|poke|p1|Tornadus, M|\n|poke|p1|Rillaboom, F|\n|poke|p1|Palafin, M|\n|poke|p1|Flutter Mane|\n|poke|p1|Typhlosion-Hisui, F|\n|poke|p2|Baxcalibur, F|\n|poke|p2|Ninetales-Alola, M|\n|poke|p2|Sinistcha|\n|poke|p2|Goodra-Hisui, F|\n|poke|p2|Zapdos|\n|poke|p2|Ogerpon-Hearthflame, F|\n|teampreview\n|inactive|Battle timer is ON: inactive players will automatically lose when time's up. (requested by Kondroid)\n|\n|t:|1700047026\n|start\n|switch|p1a: Tornadus|Tornadus, M|100\/100\n|switch|p1b: Typhlosion|Typhlosion-Hisui, F|100\/100\n|switch|p2a: Baxcalibur|Baxcalibur, F|100\/100\n|switch|p2b: Ninetales|Ninetales-Alola, M|100\/100\n|-weather|Snow|[from] ability: Snow Warning|[of] p2b: Ninetales\n|turn|1\n|\n|t:|1700047045\n|-terastallize|p1b: Typhlosion|Fire\n|move|p2b: Ninetales|Protect|p2b: Ninetales\n|-singleturn|p2b: Ninetales|Protect\n|move|p1a: Tornadus|Sunny Day|p1a: Tornadus\n|-weather|SunnyDay\n|move|p1b: Typhlosion|Eruption|p2b: Ninetales|[spread] p2a\n|-activate|p2b: Ninetales|move: Protect\n|-damage|p2a: Baxcalibur|0 fnt\n|faint|p2a: Baxcalibur\n|\n|-weather|SunnyDay|[upkeep]\n|upkeep\n|\n|t:|1700047063\n|switch|p2a: Ogerpon|Ogerpon-Hearthflame, F|100\/100\n|-ability|p2a: Ogerpon|Mold Breaker\n|turn|2\n|\n|t:|1700047092\n|switch|p2b: Zapdos|Zapdos|100\/100\n|-terastallize|p2a: Ogerpon|Fire\n|detailschange|p2a: Ogerpon|Ogerpon-Hearthflame-Tera, F, tera:Fire\n|-ability|p2a: Ogerpon|Embody Aspect (Hearthflame)|boost\n|-boost|p2a: Ogerpon|atk|1\n|move|p1a: Tornadus|Tailwind|p1a: Tornadus\n|-sidestart|p1: arturosada|move: Tailwind\n|move|p1b: Typhlosion|Eruption|p2a: Ogerpon|[spread] p2a,p2b\n|-resisted|p2a: Ogerpon\n|-damage|p2a: Ogerpon|9\/100\n|-damage|p2b: Zapdos|0 fnt\n|faint|p2b: Zapdos\n|move|p2a: Ogerpon|Ivy Cudgel|p1a: Tornadus|[anim] Ivy Cudgel Fire\n|-damage|p1a: Tornadus|0 fnt\n|faint|p1a: Tornadus\n|\n|-weather|SunnyDay|[upkeep]\n|upkeep\n|\n|t:|1700047115\n|switch|p1a: Palafin|Palafin, M|100\/100\n|switch|p2b: Sinistcha|Sinistcha|100\/100\n|-heal|p2a: Ogerpon|34\/100|[from] ability: Hospitality|[of] p2b: Sinistcha\n|turn|3\n|\n|t:|1700047132\n|detailschange|p1a: Palafin|Palafin-Hero, M\n|switch|p1a: Arcanine|Arcanine-Hisui, M|100\/100\n|move|p2a: Ogerpon|Protect|p2a: Ogerpon\n|-singleturn|p2a: Ogerpon|Protect\n|move|p1b: Typhlosion|Eruption|p2a: Ogerpon|[spread] p2b\n|-activate|p2a: Ogerpon|move: Protect\n|-supereffective|p2b: Sinistcha\n|-damage|p2b: Sinistcha|0 fnt\n|faint|p2b: Sinistcha\n|\n|-weather|SunnyDay|[upkeep]\n|upkeep\n|\n|t:|1700047151\n|switch|p2b: Ninetales|Ninetales-Alola, M|100\/100\n|-weather|Snow|[from] ability: Snow Warning|[of] p2b: Ninetales\n|turn|4\n|\n|t:|1700047167\n|switch|p2a: Goodra|Goodra-Hisui, F|100\/100\n|move|p1b: Typhlosion|Eruption|p2a: Goodra|[spread] p2a,p2b\n|-supereffective|p2b: Ninetales\n|-damage|p2a: Goodra|56\/100\n|-damage|p2b: Ninetales|0 fnt\n|faint|p2b: Ninetales\n|move|p1a: Arcanine|Head Smash|p2a: Goodra\n|-resisted|p2a: Goodra\n|-damage|p2a: Goodra|2\/100\n|\n|-weather|Snow|[upkeep]\n|upkeep\n|\n|t:|1700047176\n|switch|p2b: Ogerpon|Ogerpon-Hearthflame-Tera, F, tera:Fire|34\/100\n|-ability|p2b: Ogerpon|Embody Aspect (Hearthflame)|boost\n|-boost|p2b: Ogerpon|atk|1\n|turn|5\n|\n|t:|1700047195\n|move|p1b: Typhlosion|Eruption|p2b: Ogerpon|[spread] p2a,p2b\n|-resisted|p2b: Ogerpon\n|-damage|p2a: Goodra|0 fnt\n|-damage|p2b: Ogerpon|0 fnt\n|faint|p2a: Goodra\n|faint|p2b: Ogerpon\n|\n|win|arturosada\n|raw|arturosada's rating: 1341 &rarr; <strong>1354<\/strong><br \/>(+13 for winning)\n|raw|Kondroid's rating: 1218 &rarr; <strong>1201<\/strong><br \/>(-17 for losing)\n|l|\u2606arturosada\n","uploadtime":1700047205,"views":8,"p1id":"arturosada","p2id":"kondroid","formatid":"gen9doublesou","rating":1201,"private":0,"password":""}