{"id":"gen9doublesou-1992002094","p1":"Chonzy2127","p2":"corona1209","format":"[Gen 9] Doubles OU","log":"|j|\u2606Chonzy2127\n|j|\u2606corona1209\n|t:|1700146725\n|gametype|doubles\n|player|p1|Chonzy2127|pokemaniac|1251\n|player|p2|corona1209|265|1214\n|teamsize|p1|6\n|teamsize|p2|6\n|gen|9\n|tier|[Gen 9] Doubles OU\n|rated|\n|rule|Species Clause: Limit one of each Pok\u00e9mon\n|rule|OHKO Clause: OHKO moves are banned\n|rule|Evasion Moves Clause: Evasion moves are banned\n|rule|Gravity Sleep Clause: The combination of sleep-inducing moves with imperfect accuracy and Gravity or Gigantamax Orbeetle are banned\n|rule|Endless Battle Clause: Forcing endless battles is banned\n|rule|HP Percentage Mod: HP is shown in percentages\n|clearpoke\n|poke|p1|Cresselia, F|\n|poke|p1|Diancie|\n|poke|p1|Kingambit, M|\n|poke|p1|Heatran, M|\n|poke|p1|Rillaboom, M|\n|poke|p1|Sinistcha-Masterpiece|\n|poke|p2|Enamorus-Therian, F|\n|poke|p2|Arcanine-Hisui, F|\n|poke|p2|Gliscor, F|\n|poke|p2|Thundurus, M|\n|poke|p2|Pincurchin, F|\n|poke|p2|Tornadus, M|\n|teampreview\n|inactive|Battle timer is ON: inactive players will automatically lose when time's up. (requested by Chonzy2127)\n|\n|t:|1700146737\n|start\n|switch|p1a: Rillaboom|Rillaboom, M|100\/100\n|switch|p1b: Diancie|Diancie, shiny|100\/100\n|switch|p2a: Thundurus|Thundurus, M, shiny|100\/100\n|switch|p2b: Pincurchin|Pincurchin, F|100\/100\n|-fieldstart|move: Grassy Terrain|[from] ability: Grassy Surge|[of] p1a: Rillaboom\n|-fieldstart|move: Electric Terrain|[from] ability: Electric Surge|[of] p2b: Pincurchin\n|-enditem|p2a: Thundurus|Electric Seed\n|-boost|p2a: Thundurus|def|1|[from] item: Electric Seed\n|turn|1\n|\n|t:|1700146757\n|switch|p2b: Tornadus|Tornadus, M|100\/100\n|move|p1a: Rillaboom|Fake Out|p2a: Thundurus\n|-damage|p2a: Thundurus|86\/100\n|cant|p2a: Thundurus|flinch\n|move|p1b: Diancie|Trick Room|p1b: Diancie\n|-fieldstart|move: Trick Room|[of] p1b: Diancie\n|\n|upkeep\n|turn|2\n|\n|t:|1700146785\n|move|p2b: Tornadus|Rain Dance|p2b: Tornadus\n|-weather|RainDance\n|move|p1b: Diancie|Diamond Storm|p2b: Tornadus|[spread] p2a,p2b\n|-supereffective|p2a: Thundurus\n|-supereffective|p2b: Tornadus\n|-damage|p2a: Thundurus|22\/100\n|-damage|p2b: Tornadus|15\/100\n|-boost|p1b: Diancie|def|2\n|move|p1a: Rillaboom|U-turn|p2a: Thundurus\n|-resisted|p2a: Thundurus\n|-damage|p2a: Thundurus|10\/100\n|\n|t:|1700146798\n|switch|p1a: Cresselia|Cresselia, F, shiny|100\/100|[from] U-turn\n|move|p2a: Thundurus|Wildbolt Storm|p1b: Diancie|[spread] p1a,p1b\n|-damage|p1a: Cresselia|81\/100\n|-damage|p1b: Diancie|74\/100\n|-status|p1a: Cresselia|par\n|\n|-weather|RainDance|[upkeep]\n|upkeep\n|turn|3\n|\n|t:|1700146815\n|move|p1a: Cresselia|Lunar Blessing|p1a: Cresselia|[spread] p1a,p1b\n|-heal|p1a: Cresselia|100\/100 par\n|-curestatus|p1a: Cresselia|par|[msg]\n|-heal|p1b: Diancie|99\/100\n|move|p1b: Diancie|Diamond Storm|p2a: Thundurus|[spread] p2a,p2b\n|-supereffective|p2a: Thundurus\n|-supereffective|p2b: Tornadus\n|-damage|p2a: Thundurus|0 fnt\n|-damage|p2b: Tornadus|0 fnt\n|faint|p2a: Thundurus\n|faint|p2b: Tornadus\n|\n|-weather|RainDance|[upkeep]\n|upkeep\n|inactive|corona1209 has 120 seconds left.\n|\n|t:|1700146839\n|switch|p2a: Gliscor|Gliscor, F|100\/100\n|switch|p2b: Arcanine|Arcanine-Hisui, F, shiny|100\/100\n|-ability|p2b: Arcanine|Intimidate|boost\n|-unboost|p1a: Cresselia|atk|1\n|-fail|p1b: Diancie|unboost|[from] ability: Clear Body|[of] p1b: Diancie\n|turn|4\n|\n|t:|1700146859\n|switch|p2b: Enamorus|Enamorus-Therian, F, shiny|100\/100\n|move|p1a: Cresselia|Helping Hand|p1b: Diancie\n|-singleturn|p1b: Diancie|Helping Hand|[of] p1a: Cresselia\n|move|p1b: Diancie|Diamond Storm|p2a: Gliscor|[spread] p2a,p2b\n|-supereffective|p2b: Enamorus\n|-damage|p2a: Gliscor|56\/100\n|-damage|p2b: Enamorus|29\/100\n|move|p2a: Gliscor|Poison Jab|p1b: Diancie\n|-damage|p1b: Diancie|90\/100\n|\n|-weather|RainDance|[upkeep]\n|-status|p2a: Gliscor|tox|[from] item: Toxic Orb\n|upkeep\n|turn|5\n|-message|corona1209 forfeited.\n|\n|win|Chonzy2127\n|raw|Chonzy2127's rating: 1251 &rarr; <strong>1273<\/strong><br \/>(+22 for winning)\n|raw|corona1209's rating: 1214 &rarr; <strong>1192<\/strong><br \/>(-22 for losing)\n|l|\u2606corona1209\n","uploadtime":1700146875,"views":11,"p1id":"chonzy2127","p2id":"corona1209","formatid":"gen9doublesou","rating":1192,"private":0,"password":""}