{"id":"gen9doublesou-1971102673","p1":"VNxUri","p2":"Manice","format":"[Gen 9] Doubles OU","log":"|j|\u2606VNxUri\n|j|\u2606Manice\n|t:|1697706583\n|gametype|doubles\n|player|p1|VNxUri|2|1106\n|player|p2|Manice|emmet|1128\n|teamsize|p1|6\n|teamsize|p2|6\n|gen|9\n|tier|[Gen 9] Doubles OU\n|rated|\n|rule|Species Clause: Limit one of each Pok\u00e9mon\n|rule|OHKO Clause: OHKO moves are banned\n|rule|Evasion Moves Clause: Evasion moves are banned\n|rule|Gravity Sleep Clause: The combination of sleep-inducing moves with imperfect accuracy and Gravity or Gigantamax Orbeetle are banned\n|rule|Endless Battle Clause: Forcing endless battles is banned\n|rule|HP Percentage Mod: HP is shown in percentages\n|clearpoke\n|poke|p1|Gholdengo|\n|poke|p1|Maushold-Four|\n|poke|p1|Ninetales-Alola, M|\n|poke|p1|Corviknight, M|\n|poke|p1|Dragonite, F|\n|poke|p1|Meowscarada, F|\n|poke|p2|Furret, M|\n|poke|p2|Sinistcha|\n|poke|p2|Ogerpon-Hearthflame, F|\n|poke|p2|Klefki, M|\n|poke|p2|Flutter Mane|\n|poke|p2|Overqwil, M|\n|teampreview\n|inactive|Battle timer is ON: inactive players will automatically lose when time's up. (requested by Manice)\n|\n|t:|1697706601\n|start\n|switch|p1a: Corviknight|Corviknight, M, shiny|100\/100\n|switch|p1b: Meowscarada|Meowscarada, F, shiny|100\/100\n|switch|p2a: Deez Keys|Klefki, M|100\/100\n|switch|p2b: My Mixtape|Ogerpon-Hearthflame, F|100\/100\n|-ability|p1a: Corviknight|Unnerve\n|-ability|p2b: My Mixtape|Mold Breaker\n|turn|1\n|\n|t:|1697706626\n|move|p2b: My Mixtape|Spiky Shield|p2b: My Mixtape\n|-singleturn|p2b: My Mixtape|move: Protect\n|move|p1b: Meowscarada|Protect|p1b: Meowscarada\n|-start|p1b: Meowscarada|typechange|Normal|[from] ability: Protean\n|-singleturn|p1b: Meowscarada|Protect\n|move|p2a: Deez Keys|Thunder Wave|p1a: Corviknight\n|-status|p1a: Corviknight|par\n|move|p1a: Corviknight|Tailwind|p1a: Corviknight\n|-sidestart|p1: VNxUri|move: Tailwind\n|\n|upkeep\n|turn|2\n|inactive|Manice has 120 seconds left.\n|\n|t:|1697706656\n|-terastallize|p2b: My Mixtape|Fire\n|detailschange|p2b: My Mixtape|Ogerpon-Hearthflame-Tera, F, tera:Fire\n|-ability|p2b: My Mixtape|Embody Aspect (Hearthflame)|boost\n|-boost|p2b: My Mixtape|atk|1\n|move|p2a: Deez Keys|Thunder Wave|p1b: Meowscarada\n|-status|p1b: Meowscarada|par\n|move|p2b: My Mixtape|Ivy Cudgel|p1a: Corviknight\n|-supereffective|p1a: Corviknight\n|-damage|p1a: Corviknight|0 fnt\n|faint|p1a: Corviknight\n|cant|p1b: Meowscarada|par\n|\n|upkeep\n|inactive|VNxUri has 120 seconds left.\n|\n|t:|1697706682\n|switch|p1a: Gholdengo|Gholdengo, shiny|100\/100\n|turn|3\n|inactive|VNxUri has 120 seconds left.\n|\n|t:|1697706697\n|switch|p1b: Maushold|Maushold-Four, shiny|100\/100\n|move|p1a: Gholdengo|Protect|p1a: Gholdengo\n|-singleturn|p1a: Gholdengo|Protect\n|move|p2b: My Mixtape|Ivy Cudgel|p1a: Gholdengo\n|-activate|p1a: Gholdengo|move: Protect\n|move|p2a: Deez Keys|Foul Play|p1a: Gholdengo\n|-activate|p1a: Gholdengo|move: Protect\n|\n|upkeep\n|turn|4\n|\n|t:|1697706710\n|move|p1b: Maushold|Follow Me|p1b: Maushold\n|-singleturn|p1b: Maushold|move: Follow Me\n|move|p2a: Deez Keys|Thunder Wave|p1b: Maushold\n|-status|p1b: Maushold|par\n|move|p1a: Gholdengo|Nasty Plot|p1a: Gholdengo\n|-boost|p1a: Gholdengo|spa|2\n|move|p2b: My Mixtape|Ivy Cudgel|p1b: Maushold\n|-damage|p1b: Maushold|0 fnt\n|faint|p1b: Maushold\n|\n|-sideend|p1: VNxUri|move: Tailwind\n|upkeep\n|\n|t:|1697706725\n|switch|p1b: Meowscarada|Meowscarada, F, shiny|100\/100 par\n|turn|5\n|\n|t:|1697706736\n|move|p2b: My Mixtape|Ivy Cudgel|p1a: Gholdengo\n|-supereffective|p1a: Gholdengo\n|-damage|p1a: Gholdengo|0 fnt\n|faint|p1a: Gholdengo\n|move|p2a: Deez Keys|Play Rough|p1b: Meowscarada\n|-supereffective|p1b: Meowscarada\n|-damage|p1b: Meowscarada|26\/100 par\n|cant|p1b: Meowscarada|par\n|\n|upkeep\n|\n|t:|1697706744\n|switch|p1a: Dragonite|Dragonite, F|100\/100\n|turn|6\n|\n|t:|1697706764\n|-terastallize|p1a: Dragonite|Normal\n|move|p2b: My Mixtape|Spiky Shield|p2b: My Mixtape\n|-singleturn|p2b: My Mixtape|move: Protect\n|move|p1a: Dragonite|Extreme Speed|p2b: My Mixtape\n|-activate|p2b: My Mixtape|move: Protect\n|-damage|p1a: Dragonite|88\/100|[from] Spiky Shield|[of] p2b: My Mixtape\n|move|p2a: Deez Keys|Play Rough|p1a: Dragonite|[miss]\n|-miss|p2a: Deez Keys|p1a: Dragonite\n|cant|p1b: Meowscarada|par\n|\n|upkeep\n|turn|7\n|\n|t:|1697706786\n|move|p1a: Dragonite|Extreme Speed|p2b: My Mixtape\n|-damage|p2b: My Mixtape|39\/100\n|move|p2a: Deez Keys|Thunder Wave|p1a: Dragonite\n|-status|p1a: Dragonite|par\n|move|p2b: My Mixtape|Ivy Cudgel|p1a: Dragonite\n|-damage|p1a: Dragonite|0 fnt\n|faint|p1a: Dragonite\n|move|p1b: Meowscarada|Chilling Water|p2b: My Mixtape\n|-start|p1b: Meowscarada|typechange|Water|[from] ability: Protean\n|-supereffective|p2b: My Mixtape\n|-damage|p2b: My Mixtape|10\/100\n|-unboost|p2b: My Mixtape|atk|1\n|\n|upkeep\n|\n|t:|1697706800\n|switch|p1a: Ninetales|Ninetales-Alola, M, shiny|100\/100\n|-weather|Snow|[from] ability: Snow Warning|[of] p1a: Ninetales\n|turn|8\n|\n|t:|1697706812\n|move|p2a: Deez Keys|Thunder Wave|p1a: Ninetales\n|-status|p1a: Ninetales|par\n|move|p2b: My Mixtape|Ivy Cudgel|p1a: Ninetales\n|-supereffective|p1a: Ninetales\n|-damage|p1a: Ninetales|0 fnt\n|faint|p1a: Ninetales\n|cant|p1b: Meowscarada|par\n|\n|-weather|Snow|[upkeep]\n|upkeep\n|turn|9\n|\n|t:|1697706824\n|move|p2b: My Mixtape|Horn Leech|p1b: Meowscarada\n|-supereffective|p1b: Meowscarada\n|-damage|p1b: Meowscarada|0 fnt\n|-heal|p2b: My Mixtape|23\/100|[from] drain|[of] p1b: Meowscarada\n|faint|p1b: Meowscarada\n|\n|win|Manice\n|raw|VNxUri's rating: 1106 &rarr; <strong>1083<\/strong><br \/>(-23 for losing)\n|raw|Manice's rating: 1128 &rarr; <strong>1151<\/strong><br \/>(+23 for winning)\n|l|\u2606VNxUri\n","uploadtime":1697706843,"views":21,"p1id":"vnxuri","p2id":"manice","formatid":"gen9doublesou","rating":1083,"private":0,"password":""}