{"id":"gen9doublesou-1991898348","p1":"pxrwxhnzwnpy","p2":"OPieceOfHeroGhost","format":"[Gen 9] Doubles OU","log":"|j|\u2606pxrwxhnzwnpy\n|j|\u2606OPieceOfHeroGhost\n|t:|1700135358\n|gametype|doubles\n|player|p1|pxrwxhnzwnpy|102|1592\n|player|p2|OPieceOfHeroGhost|morty|1476\n|teamsize|p1|6\n|teamsize|p2|6\n|gen|9\n|tier|[Gen 9] Doubles OU\n|rated|\n|rule|Species Clause: Limit one of each Pok\u00e9mon\n|rule|OHKO Clause: OHKO moves are banned\n|rule|Evasion Moves Clause: Evasion moves are banned\n|rule|Gravity Sleep Clause: The combination of sleep-inducing moves with imperfect accuracy and Gravity or Gigantamax Orbeetle are banned\n|rule|Endless Battle Clause: Forcing endless battles is banned\n|rule|HP Percentage Mod: HP is shown in percentages\n|clearpoke\n|poke|p1|Cresselia, F|\n|poke|p1|Iron Hands|\n|poke|p1|Sinistcha|\n|poke|p1|Farigiraf, M|\n|poke|p1|Flutter Mane|\n|poke|p1|Glimmora, M|\n|poke|p2|Ting-Lu|\n|poke|p2|Cresselia, F|\n|poke|p2|Landorus-Therian, M|\n|poke|p2|Flutter Mane|\n|poke|p2|Iron Hands|\n|poke|p2|Sinistcha-Masterpiece|\n|teampreview\n|inactive|Battle timer is ON: inactive players will automatically lose when time's up. (requested by pxrwxhnzwnpy)\n|\n|t:|1700135373\n|start\n|switch|p1a: Flutter Mane|Flutter Mane, shiny|100\/100\n|switch|p1b: Glimmora|Glimmora, M, shiny|100\/100\n|switch|p2a: \u5de7\u514b\u529b\u9762\u5305|Ting-Lu|100\/100\n|switch|p2b: \u5a01\u5413No.2|Landorus-Therian, M|100\/100\n|-ability|p2b: \u5a01\u5413No.2|Intimidate|boost\n|-unboost|p1a: Flutter Mane|atk|1\n|-unboost|p1b: Glimmora|atk|1\n|-ability|p2a: \u5de7\u514b\u529b\u9762\u5305|Vessel of Ruin\n|-enditem|p1a: Flutter Mane|Booster Energy\n|-activate|p1a: Flutter Mane|ability: Protosynthesis|[fromitem]\n|-start|p1a: Flutter Mane|protosynthesisspe\n|turn|1\n|inactive|pxrwxhnzwnpy has 120 seconds left.\n|\n|t:|1700135423\n|switch|p1b: Cresselia|Cresselia, F, shiny|100\/100\n|move|p1a: Flutter Mane|Moonblast|p2b: \u5a01\u5413No.2\n|-damage|p2b: \u5a01\u5413No.2|55\/100\n|-unboost|p2b: \u5a01\u5413No.2|spa|1\n|move|p2b: \u5a01\u5413No.2|U-turn|p1a: Flutter Mane\n|-resisted|p1a: Flutter Mane\n|-damage|p1a: Flutter Mane|86\/100\n|inactive|OPieceOfHeroGhost has 120 seconds left.\n|\n|t:|1700135439\n|switch|p2b: \u4f60\u62cd\u4e00\uff0c\u6211\u62cd\u4e8c\uff0c\u5438\u53d6\u62f3\u6765\u4e92\u76f8\u5438|Iron Hands|100\/100|[from] U-turn\n|move|p2a: \u5de7\u514b\u529b\u9762\u5305|Payback|p1a: Flutter Mane\n|-damage|p1a: Flutter Mane|0 fnt\n|faint|p1a: Flutter Mane\n|-end|p1a: Flutter Mane|Protosynthesis|[silent]\n|\n|upkeep\n|\n|t:|1700135450\n|switch|p1a: Iron Hands|Iron Hands, shiny|100\/100\n|turn|2\n|inactive|pxrwxhnzwnpy has 120 seconds left.\n|\n|t:|1700135477\n|switch|p2a: \u5a01\u5413No.2|Landorus-Therian, M|55\/100\n|-ability|p2a: \u5a01\u5413No.2|Intimidate|boost\n|-unboost|p1a: Iron Hands|atk|1\n|-unboost|p1b: Cresselia|atk|1\n|move|p2b: \u4f60\u62cd\u4e00\uff0c\u6211\u62cd\u4e8c\uff0c\u5438\u53d6\u62f3\u6765\u4e92\u76f8\u5438|Fake Out|p1b: Cresselia\n|-damage|p1b: Cresselia|92\/100\n|move|p1a: Iron Hands|Belly Drum|p1a: Iron Hands\n|-damage|p1a: Iron Hands|51\/100\n|-setboost|p1a: Iron Hands|atk|6|[from] move: Belly Drum\n|cant|p1b: Cresselia|flinch\n|\n|-heal|p1b: Cresselia|98\/100|[from] item: Leftovers\n|upkeep\n|turn|3\n|inactive|pxrwxhnzwnpy has 120 seconds left.\n|\n|t:|1700135502\n|move|p1a: Iron Hands|Protect|p1a: Iron Hands\n|-singleturn|p1a: Iron Hands|Protect\n|move|p2a: \u5a01\u5413No.2|Stomping Tantrum|p1a: Iron Hands\n|-activate|p1a: Iron Hands|move: Protect\n|move|p2b: \u4f60\u62cd\u4e00\uff0c\u6211\u62cd\u4e8c\uff0c\u5438\u53d6\u62f3\u6765\u4e92\u76f8\u5438|Drain Punch|p1a: Iron Hands\n|-activate|p1a: Iron Hands|move: Protect\n|move|p1b: Cresselia|Trick Room|p1b: Cresselia\n|-fieldstart|move: Trick Room|[of] p1b: Cresselia\n|\n|-heal|p1b: Cresselia|100\/100|[from] item: Leftovers\n|upkeep\n|turn|4\n|inactive|pxrwxhnzwnpy has 120 seconds left.\n|\n|t:|1700135533\n|switch|p2a: \u514b\u96f7\u80fd\u5426\u4e0e\u6211\u4e8e\u6625\u68a6\u4e00\u6e38\uff1f|Cresselia, F|100\/100\n|-terastallize|p1a: Iron Hands|Grass\n|move|p1b: Cresselia|Ally Switch|p1b: Cresselia\n|swap|p1b: Cresselia|0|[from] move: Ally Switch\n|move|p2b: \u4f60\u62cd\u4e00\uff0c\u6211\u62cd\u4e8c\uff0c\u5438\u53d6\u62f3\u6765\u4e92\u76f8\u5438|Drain Punch|p1a: Cresselia\n|-resisted|p1a: Cresselia\n|-damage|p1a: Cresselia|88\/100\n|move|p1b: Iron Hands|Drain Punch|p2b: \u4f60\u62cd\u4e00\uff0c\u6211\u62cd\u4e8c\uff0c\u5438\u53d6\u62f3\u6765\u4e92\u76f8\u5438\n|-damage|p2b: \u4f60\u62cd\u4e00\uff0c\u6211\u62cd\u4e8c\uff0c\u5438\u53d6\u62f3\u6765\u4e92\u76f8\u5438|0 fnt\n|-heal|p1b: Iron Hands|99\/100|[from] drain|[of] p2b: \u4f60\u62cd\u4e00\uff0c\u6211\u62cd\u4e8c\uff0c\u5438\u53d6\u62f3\u6765\u4e92\u76f8\u5438\n|faint|p2b: \u4f60\u62cd\u4e00\uff0c\u6211\u62cd\u4e8c\uff0c\u5438\u53d6\u62f3\u6765\u4e92\u76f8\u5438\n|-end|p2b: \u4f60\u62cd\u4e00\uff0c\u6211\u62cd\u4e8c\uff0c\u5438\u53d6\u62f3\u6765\u4e92\u76f8\u5438|Quark Drive|[silent]\n|\n|-heal|p1a: Cresselia|94\/100|[from] item: Leftovers\n|upkeep\n|inactive|OPieceOfHeroGhost has 120 seconds left.\n|\n|t:|1700135565\n|switch|p2b: \u53d1\u59d0\u5929\u4e0b\u65e0\u654c|Flutter Mane|100\/100\n|-enditem|p2b: \u53d1\u59d0\u5929\u4e0b\u65e0\u654c|Booster Energy\n|-activate|p2b: \u53d1\u59d0\u5929\u4e0b\u65e0\u654c|ability: Protosynthesis|[fromitem]\n|-start|p2b: \u53d1\u59d0\u5929\u4e0b\u65e0\u654c|protosynthesisspe\n|turn|5\n|\n|t:|1700135580\n|switch|p2a: \u5df2\u5931\u4e00\u523b\uff0c\u4e00\u523b\u4e00\u523b\u4e00\u523b\uff01|Sinistcha-Masterpiece|100\/100\n|move|p2b: \u53d1\u59d0\u5929\u4e0b\u65e0\u654c|Protect|p2b: \u53d1\u59d0\u5929\u4e0b\u65e0\u654c\n|-singleturn|p2b: \u53d1\u59d0\u5929\u4e0b\u65e0\u654c|Protect\n|move|p1b: Iron Hands|Drain Punch|p2a: \u5df2\u5931\u4e00\u523b\uff0c\u4e00\u523b\u4e00\u523b\u4e00\u523b\uff01\n|-immune|p2a: \u5df2\u5931\u4e00\u523b\uff0c\u4e00\u523b\u4e00\u523b\u4e00\u523b\uff01\n|move|p1a: Cresselia|Lunar Blessing|p1a: Cresselia|[spread] p1a,p1b\n|-heal|p1a: Cresselia|100\/100\n|-heal|p1b: Iron Hands|100\/100\n|\n|upkeep\n|turn|6\n|\n|t:|1700135603\n|-end|p2b: \u53d1\u59d0\u5929\u4e0b\u65e0\u654c|Protosynthesis|[silent]\n|switch|p2b: \u5a01\u5413No.2|Landorus-Therian, M|55\/100\n|-ability|p2b: \u5a01\u5413No.2|Intimidate|boost\n|-unboost|p1a: Cresselia|atk|1\n|-unboost|p1b: Iron Hands|atk|1\n|move|p1a: Cresselia|Ally Switch|p1a: Cresselia\n|swap|p1a: Cresselia|1|[from] move: Ally Switch\n|move|p1a: Iron Hands|Thunder Punch|p2b: \u5a01\u5413No.2\n|-immune|p2b: \u5a01\u5413No.2\n|move|p2a: \u5df2\u5931\u4e00\u523b\uff0c\u4e00\u523b\u4e00\u523b\u4e00\u523b\uff01|Strength Sap|p1b: Cresselia\n|-unboost|p1b: Cresselia|atk|1\n|\n|upkeep\n|turn|7\n|\n|t:|1700135628\n|move|p1a: Iron Hands|Thunder Punch|p2a: \u5df2\u5931\u4e00\u523b\uff0c\u4e00\u523b\u4e00\u523b\u4e00\u523b\uff01\n|-resisted|p2a: \u5df2\u5931\u4e00\u523b\uff0c\u4e00\u523b\u4e00\u523b\u4e00\u523b\uff01\n|-damage|p2a: \u5df2\u5931\u4e00\u523b\uff0c\u4e00\u523b\u4e00\u523b\u4e00\u523b\uff01|44\/100\n|move|p2a: \u5df2\u5931\u4e00\u523b\uff0c\u4e00\u523b\u4e00\u523b\u4e00\u523b\uff01|Nasty Plot|p2a: \u5df2\u5931\u4e00\u523b\uff0c\u4e00\u523b\u4e00\u523b\u4e00\u523b\uff01\n|-boost|p2a: \u5df2\u5931\u4e00\u523b\uff0c\u4e00\u523b\u4e00\u523b\u4e00\u523b\uff01|spa|2\n|move|p1b: Cresselia|Lunar Blessing||[still]|[spread] \n|-fail|p1b: Cresselia\n|move|p2b: \u5a01\u5413No.2|U-turn|p1a: Iron Hands\n|-supereffective|p1a: Iron Hands\n|-damage|p1a: Iron Hands|66\/100\n|inactive|OPieceOfHeroGhost has 120 seconds left.\n|\n|t:|1700135640\n|switch|p2b: \u53d1\u59d0\u5929\u4e0b\u65e0\u654c|Flutter Mane|100\/100|[from] U-turn\n|\n|-heal|p2a: \u5df2\u5931\u4e00\u523b\uff0c\u4e00\u523b\u4e00\u523b\u4e00\u523b\uff01|50\/100|[from] item: Leftovers\n|-fieldend|move: Trick Room\n|upkeep\n|turn|8\n|\n|t:|1700135653\n|-terastallize|p2b: \u53d1\u59d0\u5929\u4e0b\u65e0\u654c|Fairy\n|move|p1a: Iron Hands|Protect|p1a: Iron Hands\n|-singleturn|p1a: Iron Hands|Protect\n|move|p2b: \u53d1\u59d0\u5929\u4e0b\u65e0\u654c|Dazzling Gleam|p1a: Iron Hands|[spread] p1b\n|-activate|p1a: Iron Hands|move: Protect\n|-damage|p1b: Cresselia|78\/100\n|move|p2a: \u5df2\u5931\u4e00\u523b\uff0c\u4e00\u523b\u4e00\u523b\u4e00\u523b\uff01|Matcha Gotcha|p1a: Iron Hands|[spread] p1b\n|-activate|p1a: Iron Hands|move: Protect\n|-damage|p1b: Cresselia|49\/100\n|-heal|p2a: \u5df2\u5931\u4e00\u523b\uff0c\u4e00\u523b\u4e00\u523b\u4e00\u523b\uff01|69\/100|[from] drain|[of] p1b: Cresselia\n|move|p1b: Cresselia|Trick Room|p1b: Cresselia\n|-fieldstart|move: Trick Room|[of] p1b: Cresselia\n|\n|-heal|p2a: \u5df2\u5931\u4e00\u523b\uff0c\u4e00\u523b\u4e00\u523b\u4e00\u523b\uff01|75\/100|[from] item: Leftovers\n|-heal|p1b: Cresselia|55\/100|[from] item: Leftovers\n|upkeep\n|turn|9\n|inactive|pxrwxhnzwnpy has 120 seconds left.\n|\n|t:|1700135686\n|move|p2b: \u53d1\u59d0\u5929\u4e0b\u65e0\u654c|Protect|p2b: \u53d1\u59d0\u5929\u4e0b\u65e0\u654c\n|-singleturn|p2b: \u53d1\u59d0\u5929\u4e0b\u65e0\u654c|Protect\n|move|p1a: Iron Hands|Thunder Punch|p2a: \u5df2\u5931\u4e00\u523b\uff0c\u4e00\u523b\u4e00\u523b\u4e00\u523b\uff01\n|-resisted|p2a: \u5df2\u5931\u4e00\u523b\uff0c\u4e00\u523b\u4e00\u523b\u4e00\u523b\uff01\n|-damage|p2a: \u5df2\u5931\u4e00\u523b\uff0c\u4e00\u523b\u4e00\u523b\u4e00\u523b\uff01|25\/100\n|move|p2a: \u5df2\u5931\u4e00\u523b\uff0c\u4e00\u523b\u4e00\u523b\u4e00\u523b\uff01|Strength Sap|p1a: Iron Hands\n|-unboost|p1a: Iron Hands|atk|1\n|-heal|p2a: \u5df2\u5931\u4e00\u523b\uff0c\u4e00\u523b\u4e00\u523b\u4e00\u523b\uff01|100\/100\n|move|p1b: Cresselia|Lunar Blessing|p1b: Cresselia|[spread] p1a,p1b\n|-heal|p1a: Iron Hands|91\/100\n|-heal|p1b: Cresselia|80\/100\n|\n|-heal|p1b: Cresselia|87\/100|[from] item: Leftovers\n|upkeep\n|turn|10\n|\n|t:|1700135706\n|-end|p2b: \u53d1\u59d0\u5929\u4e0b\u65e0\u654c|Protosynthesis|[silent]\n|switch|p2b: \u5a01\u5413No.2|Landorus-Therian, M|55\/100\n|-ability|p2b: \u5a01\u5413No.2|Intimidate|boost\n|-unboost|p1a: Iron Hands|atk|1\n|-unboost|p1b: Cresselia|atk|1\n|move|p1b: Cresselia|Ally Switch|p1b: Cresselia\n|swap|p1b: Cresselia|0|[from] move: Ally Switch\n|move|p1b: Iron Hands|Drain Punch|p2b: \u5a01\u5413No.2\n|-resisted|p2b: \u5a01\u5413No.2\n|-damage|p2b: \u5a01\u5413No.2|0 fnt\n|-heal|p1b: Iron Hands|100\/100|[from] drain|[of] p2b: \u5a01\u5413No.2\n|faint|p2b: \u5a01\u5413No.2\n|move|p2a: \u5df2\u5931\u4e00\u523b\uff0c\u4e00\u523b\u4e00\u523b\u4e00\u523b\uff01|Matcha Gotcha|p1b: Iron Hands|[spread] p1b\n|-miss|p2a: \u5df2\u5931\u4e00\u523b\uff0c\u4e00\u523b\u4e00\u523b\u4e00\u523b\uff01|p1a: Cresselia\n|-resisted|p1b: Iron Hands\n|-damage|p1b: Iron Hands|78\/100\n|\n|-heal|p1a: Cresselia|93\/100|[from] item: Leftovers\n|upkeep\n|inactive|OPieceOfHeroGhost has 120 seconds left.\n|\n|t:|1700135725\n|switch|p2b: \u514b\u96f7\u80fd\u5426\u4e0e\u6211\u4e8e\u6625\u68a6\u4e00\u6e38\uff1f|Cresselia, F|100\/100\n|turn|11\n|\n|t:|1700135745\n|move|p1b: Iron Hands|Drain Punch|p2b: \u514b\u96f7\u80fd\u5426\u4e0e\u6211\u4e8e\u6625\u68a6\u4e00\u6e38\uff1f\n|-resisted|p2b: \u514b\u96f7\u80fd\u5426\u4e0e\u6211\u4e8e\u6625\u68a6\u4e00\u6e38\uff1f\n|-damage|p2b: \u514b\u96f7\u80fd\u5426\u4e0e\u6211\u4e8e\u6625\u68a6\u4e00\u6e38\uff1f|69\/100\n|-heal|p1b: Iron Hands|93\/100|[from] drain|[of] p2b: \u514b\u96f7\u80fd\u5426\u4e0e\u6211\u4e8e\u6625\u68a6\u4e00\u6e38\uff1f\n|-damage|p1b: Iron Hands|76\/100|[from] item: Rocky Helmet|[of] p2b: \u514b\u96f7\u80fd\u5426\u4e0e\u6211\u4e8e\u6625\u68a6\u4e00\u6e38\uff1f\n|move|p2a: \u5df2\u5931\u4e00\u523b\uff0c\u4e00\u523b\u4e00\u523b\u4e00\u523b\uff01|Matcha Gotcha|p1a: Cresselia|[spread] p1a,p1b\n|-resisted|p1b: Iron Hands\n|-damage|p1a: Cresselia|60\/100\n|-damage|p1b: Iron Hands|55\/100\n|move|p2b: \u514b\u96f7\u80fd\u5426\u4e0e\u6211\u4e8e\u6625\u68a6\u4e00\u6e38\uff1f|Lunar Blessing|p2b: \u514b\u96f7\u80fd\u5426\u4e0e\u6211\u4e8e\u6625\u68a6\u4e00\u6e38\uff1f|[spread] p2a,p2b\n|-heal|p2b: \u514b\u96f7\u80fd\u5426\u4e0e\u6211\u4e8e\u6625\u68a6\u4e00\u6e38\uff1f|94\/100\n|move|p1a: Cresselia|Moonblast|p2b: \u514b\u96f7\u80fd\u5426\u4e0e\u6211\u4e8e\u6625\u68a6\u4e00\u6e38\uff1f\n|-damage|p2b: \u514b\u96f7\u80fd\u5426\u4e0e\u6211\u4e8e\u6625\u68a6\u4e00\u6e38\uff1f|85\/100\n|\n|-heal|p1a: Cresselia|66\/100|[from] item: Leftovers\n|upkeep\n|turn|12\n|inactive|pxrwxhnzwnpy has 120 seconds left.\n|\n|t:|1700135795\n|move|p1b: Iron Hands|Protect|p1b: Iron Hands\n|-singleturn|p1b: Iron Hands|Protect\n|move|p2a: \u5df2\u5931\u4e00\u523b\uff0c\u4e00\u523b\u4e00\u523b\u4e00\u523b\uff01|Strength Sap|p1b: Iron Hands\n|-activate|p1b: Iron Hands|move: Protect\n|move|p2b: \u514b\u96f7\u80fd\u5426\u4e0e\u6211\u4e8e\u6625\u68a6\u4e00\u6e38\uff1f|Calm Mind|p2b: \u514b\u96f7\u80fd\u5426\u4e0e\u6211\u4e8e\u6625\u68a6\u4e00\u6e38\uff1f\n|-boost|p2b: \u514b\u96f7\u80fd\u5426\u4e0e\u6211\u4e8e\u6625\u68a6\u4e00\u6e38\uff1f|spa|1\n|-boost|p2b: \u514b\u96f7\u80fd\u5426\u4e0e\u6211\u4e8e\u6625\u68a6\u4e00\u6e38\uff1f|spd|1\n|move|p1a: Cresselia|Lunar Blessing|p1a: Cresselia|[spread] p1a,p1b\n|-heal|p1a: Cresselia|91\/100\n|-heal|p1b: Iron Hands|80\/100\n|\n|-heal|p1a: Cresselia|97\/100|[from] item: Leftovers\n|-fieldend|move: Trick Room\n|upkeep\n|turn|13\n|inactive|pxrwxhnzwnpy has 120 seconds left.\n|inactive|pxrwxhnzwnpy has 90 seconds left.\n|\n|t:|1700135851\n|-end|p1b: Iron Hands|Quark Drive|[silent]\n|switch|p1b: Glimmora|Glimmora, M, shiny|100\/100\n|move|p1a: Cresselia|Ally Switch|p1a: Cresselia\n|swap|p1a: Cresselia|1|[from] move: Ally Switch\n|move|p2b: \u514b\u96f7\u80fd\u5426\u4e0e\u6211\u4e8e\u6625\u68a6\u4e00\u6e38\uff1f|Lunar Blessing|p2b: \u514b\u96f7\u80fd\u5426\u4e0e\u6211\u4e8e\u6625\u68a6\u4e00\u6e38\uff1f|[spread] p2a,p2b\n|-heal|p2b: \u514b\u96f7\u80fd\u5426\u4e0e\u6211\u4e8e\u6625\u68a6\u4e00\u6e38\uff1f|100\/100\n|move|p2a: \u5df2\u5931\u4e00\u523b\uff0c\u4e00\u523b\u4e00\u523b\u4e00\u523b\uff01|Nasty Plot|p2a: \u5df2\u5931\u4e00\u523b\uff0c\u4e00\u523b\u4e00\u523b\u4e00\u523b\uff01\n|-boost|p2a: \u5df2\u5931\u4e00\u523b\uff0c\u4e00\u523b\u4e00\u523b\u4e00\u523b\uff01|spa|2\n|\n|-heal|p1b: Cresselia|100\/100|[from] item: Leftovers\n|upkeep\n|turn|14\n|inactive|pxrwxhnzwnpy has 90 seconds left.\n|inactive|pxrwxhnzwnpy has 60 seconds left.\n|\n|t:|1700135910\n|move|p1a: Glimmora|Sludge Bomb|p2a: \u5df2\u5931\u4e00\u523b\uff0c\u4e00\u523b\u4e00\u523b\u4e00\u523b\uff01\n|-damage|p2a: \u5df2\u5931\u4e00\u523b\uff0c\u4e00\u523b\u4e00\u523b\u4e00\u523b\uff01|16\/100\n|-status|p2a: \u5df2\u5931\u4e00\u523b\uff0c\u4e00\u523b\u4e00\u523b\u4e00\u523b\uff01|psn\n|move|p2b: \u514b\u96f7\u80fd\u5426\u4e0e\u6211\u4e8e\u6625\u68a6\u4e00\u6e38\uff1f|Lunar Blessing|p2b: \u514b\u96f7\u80fd\u5426\u4e0e\u6211\u4e8e\u6625\u68a6\u4e00\u6e38\uff1f|[spread] p2a,p2b\n|-heal|p2a: \u5df2\u5931\u4e00\u523b\uff0c\u4e00\u523b\u4e00\u523b\u4e00\u523b\uff01|41\/100 psn\n|-curestatus|p2a: \u5df2\u5931\u4e00\u523b\uff0c\u4e00\u523b\u4e00\u523b\u4e00\u523b\uff01|psn|[msg]\n|move|p1b: Cresselia|Moonblast|p2a: \u5df2\u5931\u4e00\u523b\uff0c\u4e00\u523b\u4e00\u523b\u4e00\u523b\uff01\n|-damage|p2a: \u5df2\u5931\u4e00\u523b\uff0c\u4e00\u523b\u4e00\u523b\u4e00\u523b\uff01|20\/100\n|move|p2a: \u5df2\u5931\u4e00\u523b\uff0c\u4e00\u523b\u4e00\u523b\u4e00\u523b\uff01|Matcha Gotcha|p1b: Cresselia|[spread] p1a,p1b\n|-damage|p1a: Glimmora|0 fnt\n|-heal|p2a: \u5df2\u5931\u4e00\u523b\uff0c\u4e00\u523b\u4e00\u523b\u4e00\u523b\uff01|64\/100|[from] drain|[of] p1a: Glimmora\n|-damage|p1b: Cresselia|52\/100\n|-heal|p2a: \u5df2\u5931\u4e00\u523b\uff0c\u4e00\u523b\u4e00\u523b\u4e00\u523b\uff01|96\/100|[from] drain|[of] p1b: Cresselia\n|-status|p1b: Cresselia|brn\n|faint|p1a: Glimmora\n|\n|-heal|p1b: Cresselia|58\/100 brn|[from] item: Leftovers\n|-heal|p2a: \u5df2\u5931\u4e00\u523b\uff0c\u4e00\u523b\u4e00\u523b\u4e00\u523b\uff01|100\/100|[from] item: Leftovers\n|-damage|p1b: Cresselia|52\/100 brn|[from] brn\n|upkeep\n|inactive|pxrwxhnzwnpy has 30 seconds left.\n|\n|t:|1700135932\n|switch|p1a: Farigiraf|Farigiraf, M|100\/100\n|turn|15\n|\n|t:|1700135949\n|move|p2b: \u514b\u96f7\u80fd\u5426\u4e0e\u6211\u4e8e\u6625\u68a6\u4e00\u6e38\uff1f|Calm Mind|p2b: \u514b\u96f7\u80fd\u5426\u4e0e\u6211\u4e8e\u6625\u68a6\u4e00\u6e38\uff1f\n|-boost|p2b: \u514b\u96f7\u80fd\u5426\u4e0e\u6211\u4e8e\u6625\u68a6\u4e00\u6e38\uff1f|spa|1\n|-boost|p2b: \u514b\u96f7\u80fd\u5426\u4e0e\u6211\u4e8e\u6625\u68a6\u4e00\u6e38\uff1f|spd|1\n|move|p2a: \u5df2\u5931\u4e00\u523b\uff0c\u4e00\u523b\u4e00\u523b\u4e00\u523b\uff01|Matcha Gotcha|p1b: Cresselia|[spread] p1a,p1b\n|-crit|p1a: Farigiraf\n|-damage|p1a: Farigiraf|0 fnt\n|-damage|p1b: Cresselia|5\/100 brn\n|faint|p1a: Farigiraf\n|move|p1b: Cresselia|Trick Room|p1b: Cresselia\n|-fieldstart|move: Trick Room|[of] p1b: Cresselia\n|\n|-heal|p1b: Cresselia|11\/100 brn|[from] item: Leftovers\n|-damage|p1b: Cresselia|5\/100 brn|[from] brn\n|upkeep\n|\n|t:|1700135958\n|switch|p1a: Iron Hands|Iron Hands, shiny, tera:Grass|80\/100\n|turn|16\n|\n|t:|1700135982\n|move|p1a: Iron Hands|Protect|p1a: Iron Hands\n|-singleturn|p1a: Iron Hands|Protect\n|move|p2a: \u5df2\u5931\u4e00\u523b\uff0c\u4e00\u523b\u4e00\u523b\u4e00\u523b\uff01|Matcha Gotcha|p1b: Cresselia|[spread] p1b\n|-activate|p1a: Iron Hands|move: Protect\n|-damage|p1b: Cresselia|0 fnt\n|faint|p1b: Cresselia\n|move|p2b: \u514b\u96f7\u80fd\u5426\u4e0e\u6211\u4e8e\u6625\u68a6\u4e00\u6e38\uff1f|Ice Beam|p1a: Iron Hands\n|-activate|p1a: Iron Hands|move: Protect\n|\n|upkeep\n|\n|t:|1700135990\n|switch|p1b: Sinistcha|Sinistcha|100\/100\n|-heal|p1a: Iron Hands|100\/100|[from] ability: Hospitality|[of] p1b: Sinistcha\n|turn|17\n|inactive|pxrwxhnzwnpy has 60 seconds left.\n|\n|t:|1700136002\n|move|p1a: Iron Hands|Belly Drum|p1a: Iron Hands\n|-damage|p1a: Iron Hands|51\/100\n|-setboost|p1a: Iron Hands|atk|6|[from] move: Belly Drum\n|move|p2a: \u5df2\u5931\u4e00\u523b\uff0c\u4e00\u523b\u4e00\u523b\u4e00\u523b\uff01|Matcha Gotcha|p1b: Sinistcha|[spread] p1a,p1b\n|-resisted|p1a: Iron Hands\n|-resisted|p1b: Sinistcha\n|-damage|p1a: Iron Hands|20\/100\n|-damage|p1b: Sinistcha|61\/100\n|-enditem|p1a: Iron Hands|Sitrus Berry|[eat]\n|-heal|p1a: Iron Hands|45\/100|[from] item: Sitrus Berry\n|move|p1b: Sinistcha|Life Dew|p1b: Sinistcha|[spread] p1a,p1b\n|-heal|p1a: Iron Hands|70\/100\n|-heal|p1b: Sinistcha|86\/100\n|move|p2b: \u514b\u96f7\u80fd\u5426\u4e0e\u6211\u4e8e\u6625\u68a6\u4e00\u6e38\uff1f|Ice Beam|p1b: Sinistcha\n|-supereffective|p1b: Sinistcha\n|-damage|p1b: Sinistcha|24\/100\n|\n|upkeep\n|turn|18\n|inactive|pxrwxhnzwnpy has 60 seconds left.\n|inactive|OPieceOfHeroGhost has 120 seconds left.\n|\n|t:|1700136046\n|move|p1a: Iron Hands|Thunder Punch|p2a: \u5df2\u5931\u4e00\u523b\uff0c\u4e00\u523b\u4e00\u523b\u4e00\u523b\uff01\n|-resisted|p2a: \u5df2\u5931\u4e00\u523b\uff0c\u4e00\u523b\u4e00\u523b\u4e00\u523b\uff01\n|-damage|p2a: \u5df2\u5931\u4e00\u523b\uff0c\u4e00\u523b\u4e00\u523b\u4e00\u523b\uff01|35\/100\n|move|p1b: Sinistcha|Life Dew|p1b: Sinistcha|[spread] p1a,p1b\n|-heal|p1a: Iron Hands|95\/100\n|-heal|p1b: Sinistcha|49\/100\n|move|p2a: \u5df2\u5931\u4e00\u523b\uff0c\u4e00\u523b\u4e00\u523b\u4e00\u523b\uff01|Matcha Gotcha|p1a: Iron Hands|[spread] p1a,p1b\n|-resisted|p1a: Iron Hands\n|-resisted|p1b: Sinistcha\n|-damage|p1a: Iron Hands|62\/100\n|-heal|p2a: \u5df2\u5931\u4e00\u523b\uff0c\u4e00\u523b\u4e00\u523b\u4e00\u523b\uff01|58\/100|[from] drain|[of] p1a: Iron Hands\n|-damage|p1b: Sinistcha|10\/100\n|-heal|p2a: \u5df2\u5931\u4e00\u523b\uff0c\u4e00\u523b\u4e00\u523b\u4e00\u523b\uff01|78\/100|[from] drain|[of] p1b: Sinistcha\n|move|p2b: \u514b\u96f7\u80fd\u5426\u4e0e\u6211\u4e8e\u6625\u68a6\u4e00\u6e38\uff1f|Ice Beam|p1b: Sinistcha\n|-supereffective|p1b: Sinistcha\n|-damage|p1b: Sinistcha|0 fnt\n|faint|p1b: Sinistcha\n|\n|-heal|p2a: \u5df2\u5931\u4e00\u523b\uff0c\u4e00\u523b\u4e00\u523b\u4e00\u523b\uff01|84\/100|[from] item: Leftovers\n|upkeep\n|turn|19\n|inactive|pxrwxhnzwnpy has 60 seconds left.\n|\n|t:|1700136070\n|move|p1a: Iron Hands|Thunder Punch|p2a: \u5df2\u5931\u4e00\u523b\uff0c\u4e00\u523b\u4e00\u523b\u4e00\u523b\uff01\n|-resisted|p2a: \u5df2\u5931\u4e00\u523b\uff0c\u4e00\u523b\u4e00\u523b\u4e00\u523b\uff01\n|-damage|p2a: \u5df2\u5931\u4e00\u523b\uff0c\u4e00\u523b\u4e00\u523b\u4e00\u523b\uff01|21\/100\n|move|p2a: \u5df2\u5931\u4e00\u523b\uff0c\u4e00\u523b\u4e00\u523b\u4e00\u523b\uff01|Strength Sap|p1a: Iron Hands\n|-unboost|p1a: Iron Hands|atk|1\n|-heal|p2a: \u5df2\u5931\u4e00\u523b\uff0c\u4e00\u523b\u4e00\u523b\u4e00\u523b\uff01|100\/100\n|move|p2b: \u514b\u96f7\u80fd\u5426\u4e0e\u6211\u4e8e\u6625\u68a6\u4e00\u6e38\uff1f|Lunar Blessing||[still]|[spread] \n|-fail|p2b: \u514b\u96f7\u80fd\u5426\u4e0e\u6211\u4e8e\u6625\u68a6\u4e00\u6e38\uff1f\n|\n|-fieldend|move: Trick Room\n|upkeep\n|turn|20\n|\n|t:|1700136085\n|move|p2b: \u514b\u96f7\u80fd\u5426\u4e0e\u6211\u4e8e\u6625\u68a6\u4e00\u6e38\uff1f|Ice Beam|p1a: Iron Hands\n|-supereffective|p1a: Iron Hands\n|-damage|p1a: Iron Hands|11\/100\n|-status|p1a: Iron Hands|frz\n|move|p2a: \u5df2\u5931\u4e00\u523b\uff0c\u4e00\u523b\u4e00\u523b\u4e00\u523b\uff01|Matcha Gotcha|p1a: Iron Hands\n|-resisted|p1a: Iron Hands\n|-damage|p1a: Iron Hands|0 fnt\n|faint|p1a: Iron Hands\n|-end|p1a: Iron Hands|Quark Drive|[silent]\n|\n|win|OPieceOfHeroGhost\n|raw|pxrwxhnzwnpy's rating: 1592 &rarr; <strong>1566<\/strong><br \/>(-26 for losing)\n|raw|OPieceOfHeroGhost's rating: 1476 &rarr; <strong>1502<\/strong><br \/>(+26 for winning)\n|l|\u2606pxrwxhnzwnpy\n","uploadtime":1700136097,"views":6,"p1id":"pxrwxhnzwnpy","p2id":"opieceofheroghost","formatid":"gen9doublesou","rating":1502,"private":0,"password":""}