{"id":"gen9doublesou-1996546247","p1":"Blooga","p2":"Chad bcuz","format":"[Gen 9] Doubles OU","log":"|j|\u2606Blooga\n|j|\u2606Chad bcuz\n|t:|1700692810\n|gametype|doubles\n|player|p1|Blooga|infielder|1338\n|player|p2|Chad bcuz|benga|1320\n|teamsize|p1|6\n|teamsize|p2|6\n|gen|9\n|tier|[Gen 9] Doubles OU\n|rated|\n|rule|Species Clause: Limit one of each Pok\u00e9mon\n|rule|OHKO Clause: OHKO moves are banned\n|rule|Evasion Moves Clause: Evasion moves are banned\n|rule|Gravity Sleep Clause: The combination of sleep-inducing moves with imperfect accuracy and Gravity or Gigantamax Orbeetle are banned\n|rule|Endless Battle Clause: Forcing endless battles is banned\n|rule|HP Percentage Mod: HP is shown in percentages\n|clearpoke\n|poke|p1|Shiftry, M|\n|poke|p1|Tornadus, M|\n|poke|p1|Ogerpon-Wellspring, F|\n|poke|p1|Farigiraf, F|\n|poke|p1|Chien-Pao|\n|poke|p1|Clefairy, M|\n|poke|p2|Politoed, F|\n|poke|p2|Ogerpon-Wellspring, F|\n|poke|p2|Iron Hands|\n|poke|p2|Kingambit, M|\n|poke|p2|Tornadus, M|\n|poke|p2|Flutter Mane|\n|teampreview\n|inactive|Battle timer is ON: inactive players will automatically lose when time's up. (requested by Chad bcuz)\n|\n|t:|1700692828\n|start\n|switch|p1a: Chien-Pao|Chien-Pao|100\/100\n|switch|p1b: Tornadus|Tornadus, M|100\/100\n|switch|p2a: Iron Hands|Iron Hands|100\/100\n|switch|p2b: Flutter Mane|Flutter Mane|100\/100\n|-ability|p1a: Chien-Pao|Sword of Ruin\n|turn|1\n|\n|t:|1700692840\n|-end|p2b: Flutter Mane|Protosynthesis|[silent]\n|switch|p2b: Kingambit|Kingambit, M|100\/100\n|move|p1a: Chien-Pao|Throat Chop|p2b: Kingambit\n|-resisted|p2b: Kingambit\n|-damage|p2b: Kingambit|78\/100\n|-start|p2b: Kingambit|Throat Chop|[silent]\n|move|p1b: Tornadus|Bleakwind Storm|p2b: Kingambit|[spread] p2a,p2b\n|-resisted|p2b: Kingambit\n|-damage|p2a: Iron Hands|79\/100\n|-damage|p2b: Kingambit|62\/100\n|-unboost|p2b: Kingambit|spe|1\n|-ability|p2b: Kingambit|Defiant|boost\n|-boost|p2b: Kingambit|atk|2\n|move|p2a: Iron Hands|Wild Charge|p1a: Chien-Pao\n|-damage|p1a: Chien-Pao|29\/100\n|-damage|p2a: Iron Hands|68\/100|[from] Recoil\n|\n|upkeep\n|turn|2\n|\n|t:|1700692856\n|move|p2b: Kingambit|Sucker Punch|p1a: Chien-Pao\n|-resisted|p1a: Chien-Pao\n|-damage|p1a: Chien-Pao|0 fnt\n|faint|p1a: Chien-Pao\n|move|p1b: Tornadus|Heat Wave|p2b: Kingambit|[spread] p2a,p2b\n|-supereffective|p2b: Kingambit\n|-damage|p2a: Iron Hands|56\/100\n|-damage|p2b: Kingambit|23\/100\n|-status|p2a: Iron Hands|brn\n|move|p2a: Iron Hands|Wild Charge|p1b: Tornadus\n|-supereffective|p1b: Tornadus\n|-damage|p1b: Tornadus|33\/100\n|-damage|p2a: Iron Hands|44\/100 brn|[from] Recoil\n|\n|-heal|p1b: Tornadus|39\/100|[from] item: Leftovers\n|-damage|p2a: Iron Hands|38\/100 brn|[from] brn\n|-end|p2b: Kingambit|Throat Chop|[silent]\n|upkeep\n|\n|t:|1700692864\n|switch|p1a: Shiftry|Shiftry, M|100\/100\n|turn|3\n|\n|t:|1700692876\n|move|p2b: Kingambit|Protect|p2b: Kingambit\n|-singleturn|p2b: Kingambit|Protect\n|move|p1a: Shiftry|Fake Out|p2b: Kingambit\n|-activate|p2b: Kingambit|move: Protect\n|move|p1b: Tornadus|Heat Wave|p2a: Iron Hands|[spread] p2a\n|-activate|p2b: Kingambit|move: Protect\n|-damage|p2a: Iron Hands|26\/100 brn\n|move|p2a: Iron Hands|Wild Charge|p1b: Tornadus\n|-supereffective|p1b: Tornadus\n|-damage|p1b: Tornadus|0 fnt\n|faint|p1b: Tornadus\n|-damage|p2a: Iron Hands|19\/100 brn|[from] Recoil\n|\n|-damage|p2a: Iron Hands|13\/100 brn|[from] brn\n|upkeep\n|\n|t:|1700692882\n|switch|p1b: Farigiraf|Farigiraf, F|100\/100\n|turn|4\n|\n|t:|1700692894\n|move|p1a: Shiftry|Sucker Punch|p2b: Kingambit\n|-resisted|p2b: Kingambit\n|-damage|p2b: Kingambit|11\/100\n|move|p2b: Kingambit|Sucker Punch||[still]\n|cant|p1b: Farigiraf|ability: Armor Tail|Sucker Punch|[of] p2b: Kingambit\n|move|p1b: Farigiraf|Nasty Plot|p1b: Farigiraf\n|-boost|p1b: Farigiraf|spa|2\n|move|p2a: Iron Hands|Drain Punch|p1a: Shiftry\n|-supereffective|p1a: Shiftry\n|-damage|p1a: Shiftry|47\/100\n|-heal|p2a: Iron Hands|35\/100 brn|[from] drain|[of] p1a: Shiftry\n|\n|-damage|p2a: Iron Hands|29\/100 brn|[from] brn\n|upkeep\n|turn|5\n|\n|t:|1700692903\n|move|p1a: Shiftry|Sucker Punch|p2b: Kingambit\n|-resisted|p2b: Kingambit\n|-crit|p2b: Kingambit\n|-damage|p2b: Kingambit|0 fnt\n|faint|p2b: Kingambit\n|move|p1b: Farigiraf|Stored Power|p2a: Iron Hands\n|-supereffective|p2a: Iron Hands\n|-damage|p2a: Iron Hands|0 fnt\n|faint|p2a: Iron Hands\n|-end|p2a: Iron Hands|Quark Drive|[silent]\n|\n|upkeep\n|\n|t:|1700692915\n|switch|p2a: Flutter Mane|Flutter Mane|100\/100\n|switch|p2b: Politoed|Politoed, F, shiny|100\/100\n|-weather|RainDance|[from] ability: Drizzle|[of] p2b: Politoed\n|turn|6\n|\n|t:|1700692926\n|move|p2a: Flutter Mane|Moonblast|p1a: Shiftry\n|-supereffective|p1a: Shiftry\n|-damage|p1a: Shiftry|0 fnt\n|faint|p1a: Shiftry\n|move|p2b: Politoed|Weather Ball|p1b: Farigiraf\n|-damage|p1b: Farigiraf|50\/100\n|move|p1b: Farigiraf|Stored Power|p2a: Flutter Mane\n|-damage|p2a: Flutter Mane|61\/100\n|\n|-weather|RainDance|[upkeep]\n|upkeep\n|\n|t:|1700692929\n|switch|p1a: Ogerpon|Ogerpon-Wellspring, F|100\/100\n|turn|7\n|\n|t:|1700692936\n|-terastallize|p2a: Flutter Mane|Fairy\n|move|p2a: Flutter Mane|Moonblast|p1a: Ogerpon\n|-damage|p1a: Ogerpon|8\/100\n|-unboost|p1a: Ogerpon|spa|1\n|move|p1a: Ogerpon|Horn Leech|p2b: Politoed\n|-supereffective|p2b: Politoed\n|-damage|p2b: Politoed|12\/100\n|-heal|p1a: Ogerpon|54\/100|[from] drain|[of] p2b: Politoed\n|-enditem|p2b: Politoed|Sitrus Berry|[eat]\n|-heal|p2b: Politoed|37\/100|[from] item: Sitrus Berry\n|move|p2b: Politoed|Weather Ball|p1b: Farigiraf\n|-damage|p1b: Farigiraf|0 fnt\n|faint|p1b: Farigiraf\n|\n|-weather|RainDance|[upkeep]\n|upkeep\n|\n|t:|1700692940\n|switch|p1b: Clefairy|Clefairy, M|100\/100\n|turn|8\n|\n|t:|1700692950\n|-end|p2a: Flutter Mane|Protosynthesis|[silent]\n|switch|p2a: Ogerpon|Ogerpon-Wellspring, F|100\/100\n|move|p1b: Clefairy|Helping Hand|p1a: Ogerpon\n|-singleturn|p1a: Ogerpon|Helping Hand|[of] p1b: Clefairy\n|move|p1a: Ogerpon|Horn Leech|p2a: Ogerpon\n|-damage|p2a: Ogerpon|41\/100\n|-heal|p1a: Ogerpon|80\/100|[from] drain|[of] p2a: Ogerpon\n|move|p2b: Politoed|Weather Ball|p1b: Clefairy\n|-damage|p1b: Clefairy|54\/100\n|\n|-weather|RainDance|[upkeep]\n|upkeep\n|turn|9\n|\n|t:|1700692965\n|move|p2b: Politoed|Protect|p2b: Politoed\n|-singleturn|p2b: Politoed|Protect\n|move|p2a: Ogerpon|Ivy Cudgel|p1b: Clefairy|[anim] Ivy Cudgel Water\n|-crit|p1b: Clefairy\n|-damage|p1b: Clefairy|0 fnt\n|faint|p1b: Clefairy\n|move|p1a: Ogerpon|Horn Leech|p2b: Politoed\n|-activate|p2b: Politoed|move: Protect\n|\n|-weather|RainDance|[upkeep]\n|upkeep\n|turn|10\n|\n|t:|1700692974\n|-terastallize|p1a: Ogerpon|Water\n|detailschange|p1a: Ogerpon|Ogerpon-Wellspring-Tera, F, tera:Water\n|-ability|p1a: Ogerpon|Embody Aspect (Wellspring)|boost\n|-boost|p1a: Ogerpon|spd|1\n|move|p2a: Ogerpon|Horn Leech|p1a: Ogerpon\n|-supereffective|p1a: Ogerpon\n|-damage|p1a: Ogerpon|7\/100\n|-heal|p2a: Ogerpon|82\/100|[from] drain|[of] p1a: Ogerpon\n|move|p1a: Ogerpon|Horn Leech|p2a: Ogerpon\n|-damage|p2a: Ogerpon|41\/100\n|-heal|p1a: Ogerpon|25\/100|[from] drain|[of] p2a: Ogerpon\n|move|p2b: Politoed|Ice Beam|p1a: Ogerpon\n|-resisted|p1a: Ogerpon\n|-damage|p1a: Ogerpon|18\/100\n|\n|-weather|none\n|upkeep\n|turn|11\n|\n|t:|1700692985\n|move|p2a: Ogerpon|Horn Leech|p1a: Ogerpon\n|-supereffective|p1a: Ogerpon\n|-damage|p1a: Ogerpon|0 fnt\n|-heal|p2a: Ogerpon|51\/100|[from] drain|[of] p1a: Ogerpon\n|faint|p1a: Ogerpon\n|\n|win|Chad bcuz\n|raw|Blooga's rating: 1338 &rarr; <strong>1317<\/strong><br \/>(-21 for losing)\n|raw|Chad bcuz's rating: 1320 &rarr; <strong>1341<\/strong><br \/>(+21 for winning)\n|l|\u2606Blooga\n","uploadtime":1700692996,"views":11,"p1id":"blooga","p2id":"chadbcuz","formatid":"gen9doublesou","rating":1317,"private":0,"password":""}