{"id":"gen9doublesou-1980846657","p1":"sheepbunny1008","p2":"Lkeeeee","format":"[Gen 9] Doubles OU","log":"|j|\u2606sheepbunny1008\n|j|\u2606Lkeeeee\n|t:|1698841759\n|gametype|doubles\n|player|p1|sheepbunny1008|cynthia-masters2|1378\n|player|p2|Lkeeeee|benga|1475\n|teamsize|p1|6\n|teamsize|p2|6\n|gen|9\n|tier|[Gen 9] Doubles OU\n|rated|\n|rule|Species Clause: Limit one of each Pok\u00e9mon\n|rule|OHKO Clause: OHKO moves are banned\n|rule|Evasion Moves Clause: Evasion moves are banned\n|rule|Gravity Sleep Clause: The combination of sleep-inducing moves with imperfect accuracy and Gravity or Gigantamax Orbeetle are banned\n|rule|Endless Battle Clause: Forcing endless battles is banned\n|rule|HP Percentage Mod: HP is shown in percentages\n|clearpoke\n|poke|p1|Grimmsnarl, M|\n|poke|p1|Glimmora, M|\n|poke|p1|Enamorus, F|\n|poke|p1|Murkrow, F|\n|poke|p1|Sinistcha|\n|poke|p1|Manaphy|\n|poke|p2|Chi-Yu|\n|poke|p2|Dusclops, F|\n|poke|p2|Iron Hands|\n|poke|p2|Ogerpon-Wellspring, F|\n|poke|p2|Landorus-Therian, M|\n|poke|p2|Ursaluna-Bloodmoon, M|\n|teampreview\n|inactive|Battle timer is ON: inactive players will automatically lose when time's up. (requested by Lkeeeee)\n|inactive|sheepbunny1008 also wants the timer to be on.\n|\n|t:|1698841770\n|start\n|switch|p1a: Glimmora|Glimmora, M|100\/100\n|switch|p1b: Enamorus|Enamorus, F|100\/100\n|switch|p2a: Dusclops|Dusclops, F|100\/100\n|switch|p2b: Ursaluna|Ursaluna-Bloodmoon, M|100\/100\n|-item|p1a: Glimmora|Focus Sash|[from] ability: Frisk|[of] p2a: Dusclops|[identify]\n|-item|p1b: Enamorus|Leftovers|[from] ability: Frisk|[of] p2a: Dusclops|[identify]\n|turn|1\n|inactive|Lkeeeee has 120 seconds left.\n|\n|t:|1698841807\n|-terastallize|p1b: Enamorus|Ground\n|move|p1a: Glimmora|Acid Spray|p1b: Enamorus\n|-resisted|p1b: Enamorus\n|-damage|p1b: Enamorus|90\/100\n|-boost|p1b: Enamorus|spd|2\n|move|p1b: Enamorus|Superpower|p2b: Ursaluna\n|-supereffective|p2b: Ursaluna\n|-damage|p2b: Ursaluna|55\/100\n|-boost|p1b: Enamorus|atk|1\n|-boost|p1b: Enamorus|def|1\n|-enditem|p2b: Ursaluna|Weakness Policy\n|-boost|p2b: Ursaluna|atk|2|[from] item: Weakness Policy\n|-boost|p2b: Ursaluna|spa|2|[from] item: Weakness Policy\n|move|p2b: Ursaluna|Blood Moon|p1b: Enamorus\n|-damage|p1b: Enamorus|0 fnt\n|faint|p1b: Enamorus\n|move|p2a: Dusclops|Brick Break|p2b: Ursaluna\n|-supereffective|p2b: Ursaluna\n|-damage|p2b: Ursaluna|41\/100\n|\n|upkeep\n|\n|t:|1698841824\n|switch|p1b: Manaphy|Manaphy|100\/100\n|turn|2\n|\n|t:|1698841836\n|move|p2b: Ursaluna|Protect|p2b: Ursaluna\n|-singleturn|p2b: Ursaluna|Protect\n|move|p1a: Glimmora|Stealth Rock|p2b: Ursaluna\n|-sidestart|p2: Lkeeeee|move: Stealth Rock\n|move|p1b: Manaphy|Heart Swap|p2b: Ursaluna\n|-activate|p2b: Ursaluna|move: Protect\n|move|p2a: Dusclops|Trick Room|p2a: Dusclops\n|-fieldstart|move: Trick Room|[of] p2a: Dusclops\n|\n|upkeep\n|turn|3\n|\n|t:|1698841862\n|switch|p1b: Sinistcha|Sinistcha|100\/100\n|move|p2a: Dusclops|Brick Break|p1b: Sinistcha\n|-immune|p1b: Sinistcha\n|move|p2b: Ursaluna|Blood Moon|p1b: Sinistcha\n|-damage|p1b: Sinistcha|0 fnt\n|faint|p1b: Sinistcha\n|move|p1a: Glimmora|Acid Spray|p2b: Ursaluna\n|-resisted|p2b: Ursaluna\n|-damage|p2b: Ursaluna|28\/100\n|-unboost|p2b: Ursaluna|spd|2\n|\n|upkeep\n|\n|t:|1698841867\n|switch|p1b: Grimmsnarl|Grimmsnarl, M|100\/100\n|turn|4\n|\n|t:|1698841878\n|move|p1b: Grimmsnarl|Light Screen|p1b: Grimmsnarl\n|-sidestart|p1: sheepbunny1008|move: Light Screen\n|move|p2a: Dusclops|Will-O-Wisp|p1b: Grimmsnarl\n|-status|p1b: Grimmsnarl|brn\n|move|p2b: Ursaluna|Earth Power|p1a: Glimmora\n|-supereffective|p1a: Glimmora\n|-enditem|p1a: Glimmora|Focus Sash\n|-damage|p1a: Glimmora|1\/100\n|move|p1a: Glimmora|Mud Shot|p2b: Ursaluna|[miss]\n|-miss|p1a: Glimmora|p2b: Ursaluna\n|\n|-damage|p1b: Grimmsnarl|94\/100 brn|[from] brn\n|upkeep\n|turn|5\n|\n|t:|1698841893\n|move|p1b: Grimmsnarl|Taunt|p2a: Dusclops\n|-start|p2a: Dusclops|move: Taunt\n|move|p2a: Dusclops|Brick Break|p1b: Grimmsnarl\n|-sideend|p1: sheepbunny1008|move: Light Screen\n|-damage|p1b: Grimmsnarl|83\/100 brn\n|move|p2b: Ursaluna|Earth Power|p1a: Glimmora\n|-supereffective|p1a: Glimmora\n|-damage|p1a: Glimmora|0 fnt\n|faint|p1a: Glimmora\n|\n|-damage|p1b: Grimmsnarl|77\/100 brn|[from] brn\n|upkeep\n|\n|t:|1698841907\n|switch|p1a: Manaphy|Manaphy|100\/100\n|turn|6\n|\n|t:|1698841917\n|move|p1b: Grimmsnarl|Light Screen|p1b: Grimmsnarl\n|-sidestart|p1: sheepbunny1008|move: Light Screen\n|move|p2a: Dusclops|Brick Break|p1b: Grimmsnarl\n|-sideend|p1: sheepbunny1008|move: Light Screen\n|-damage|p1b: Grimmsnarl|65\/100 brn\n|move|p2b: Ursaluna|Blood Moon|p1a: Manaphy\n|-damage|p1a: Manaphy|0 fnt\n|faint|p1a: Manaphy\n|\n|-damage|p1b: Grimmsnarl|59\/100 brn|[from] brn\n|-fieldend|move: Trick Room\n|upkeep\n|-message|sheepbunny1008 forfeited.\n|\n|win|Lkeeeee\n|raw|sheepbunny1008's rating: 1378 &rarr; <strong>1363<\/strong><br \/>(-15 for losing)\n|raw|Lkeeeee's rating: 1475 &rarr; <strong>1490<\/strong><br \/>(+15 for winning)\n|l|\u2606sheepbunny1008\n","uploadtime":1698841963,"views":17,"p1id":"sheepbunny1008","p2id":"lkeeeee","formatid":"gen9doublesou","rating":1363,"private":0,"password":""}