{"id":"gen9doublesou-1968296953","p1":"probsean","p2":"Champion's Melody","format":"[Gen 9] Doubles OU","log":"|html|<div class=\"broadcast-blue\"><strong>[Gen 9] Doubles OU is currently suspecting Basculegion & Flutter Mane! For information on how to participate check out the <a href=\"https:\/\/www.smogon.com\/forums\/threads\/np-sv-dou-stage-8-double-trouble.3729153\/\">suspect thread<\/a>.<\/strong><\/div>\n|j|\u2606probsean\n|j|\u2606Champion's Melody\n|t:|1697403498\n|gametype|doubles\n|player|p1|probsean|psychic-gen4|1193\n|player|p2|Champion's Melody|cynthia|1159\n|teamsize|p1|6\n|teamsize|p2|6\n|gen|9\n|tier|[Gen 9] Doubles OU\n|rated|\n|rule|Species Clause: Limit one of each Pok\u00e9mon\n|rule|OHKO Clause: OHKO moves are banned\n|rule|Evasion Moves Clause: Evasion moves are banned\n|rule|Gravity Sleep Clause: The combination of sleep-inducing moves with imperfect accuracy and Gravity or Gigantamax Orbeetle are banned\n|rule|Endless Battle Clause: Forcing endless battles is banned\n|rule|HP Percentage Mod: HP is shown in percentages\n|clearpoke\n|poke|p1|Ogerpon-Hearthflame, F|\n|poke|p1|Flutter Mane|\n|poke|p1|Torkoal, F|\n|poke|p1|Regidrago|\n|poke|p1|Tornadus, M|\n|poke|p1|Jirachi|\n|poke|p2|Lurantis, F|\n|poke|p2|Gliscor, M|\n|poke|p2|Salazzle, F|\n|poke|p2|Kleavor, F|\n|poke|p2|Basculegion-F, F|\n|poke|p2|Empoleon, F|\n|teampreview\n|inactive|Battle timer is ON: inactive players will automatically lose when time's up. (requested by Champion's Melody)\n|inactive|probsean also wants the timer to be on.\n|\n|t:|1697403509\n|start\n|switch|p1a: Tornadus|Tornadus, M|100\/100\n|switch|p1b: Jirachi|Jirachi, shiny|100\/100\n|switch|p2a: Kleavor|Kleavor, F|100\/100\n|switch|p2b: Empoleon|Empoleon, F|100\/100\n|turn|1\n|\n|t:|1697403525\n|move|p1a: Tornadus|Tailwind|p1a: Tornadus\n|-sidestart|p1: probsean|move: Tailwind\n|move|p1b: Jirachi|Meteor Mash|p2a: Kleavor\n|-supereffective|p2a: Kleavor\n|-damage|p2a: Kleavor|0 fnt\n|faint|p2a: Kleavor\n|-damage|p1b: Jirachi|91\/100|[from] item: Life Orb\n|move|p2b: Empoleon|Hydro Pump|p1b: Jirachi\n|-damage|p1b: Jirachi|1\/100\n|\n|upkeep\n|\n|t:|1697403535\n|switch|p2a: Salazzle|Salazzle, F, shiny|100\/100\n|turn|2\n|\n|t:|1697403549\n|switch|p1b: Torkoal|Torkoal, F, shiny|100\/100\n|-weather|SunnyDay|[from] ability: Drought|[of] p1b: Torkoal\n|move|p2a: Salazzle|Fake Out|p1b: Torkoal\n|-damage|p1b: Torkoal|96\/100\n|move|p1a: Tornadus|Bleakwind Storm|p2b: Empoleon|[spread] p2a,p2b\n|-resisted|p2b: Empoleon\n|-damage|p2a: Salazzle|20\/100\n|-damage|p2b: Empoleon|80\/100\n|-unboost|p2a: Salazzle|spe|1\n|-unboost|p2b: Empoleon|spe|1\n|-ability|p2b: Empoleon|Competitive|boost\n|-boost|p2b: Empoleon|spa|2\n|move|p2b: Empoleon|Hydro Pump|p1a: Tornadus\n|-damage|p1a: Tornadus|0 fnt\n|faint|p1a: Tornadus\n|\n|-weather|SunnyDay|[upkeep]\n|-heal|p2a: Salazzle|26\/100|[from] item: Leftovers\n|-heal|p1b: Torkoal|100\/100|[from] item: Leftovers\n|upkeep\n|inactive|probsean has 120 seconds left.\n|\n|t:|1697403576\n|switch|p1a: Jirachi|Jirachi, shiny|1\/100\n|turn|3\n|\n|t:|1697403601\n|switch|p2a: Gliscor|Gliscor, M|100\/100\n|move|p1a: Jirachi|Meteor Mash|p2a: Gliscor\n|-crit|p2a: Gliscor\n|-damage|p2a: Gliscor|23\/100\n|-damage|p1a: Jirachi|0 fnt|[from] item: Life Orb\n|faint|p1a: Jirachi\n|move|p1b: Torkoal|Earth Power|p2a: Gliscor\n|-immune|p2a: Gliscor\n|move|p2b: Empoleon|Hydro Pump|p1b: Torkoal\n|-supereffective|p1b: Torkoal\n|-damage|p1b: Torkoal|0 fnt\n|faint|p1b: Torkoal\n|\n|-weather|SunnyDay|[upkeep]\n|-status|p2a: Gliscor|tox|[from] item: Toxic Orb\n|upkeep\n|inactive|probsean has 120 seconds left.\n|\n|t:|1697403612\n|switch|p1a: Flutter Mane|Flutter Mane, shiny|100\/100\n|switch|p1b: Regidrago|Regidrago, shiny|100\/100\n|-activate|p1a: Flutter Mane|ability: Protosynthesis\n|-start|p1a: Flutter Mane|protosynthesisspe\n|turn|4\n|\n|t:|1697403624\n|move|p1a: Flutter Mane|Icy Wind|p2a: Gliscor|[spread] p2b\n|-miss|p1a: Flutter Mane|p2a: Gliscor\n|-resisted|p2b: Empoleon\n|-damage|p2b: Empoleon|76\/100\n|-unboost|p2b: Empoleon|spe|1\n|-ability|p2b: Empoleon|Competitive|boost\n|-boost|p2b: Empoleon|spa|2\n|move|p1b: Regidrago|Dragon Energy|p2b: Empoleon|[spread] p2a,p2b\n|-resisted|p2b: Empoleon\n|-damage|p2a: Gliscor|0 fnt\n|-damage|p2b: Empoleon|33\/100\n|faint|p2a: Gliscor\n|move|p2b: Empoleon|Hydro Pump|p1b: Regidrago\n|-resisted|p1b: Regidrago\n|-damage|p1b: Regidrago|29\/100\n|\n|-weather|SunnyDay|[upkeep]\n|-sideend|p1: probsean|move: Tailwind\n|upkeep\n|\n|t:|1697403642\n|switch|p2a: Salazzle|Salazzle, F, shiny|26\/100\n|turn|5\n|\n|t:|1697403656\n|move|p2a: Salazzle|Fake Out|p1b: Regidrago\n|-damage|p1b: Regidrago|22\/100\n|move|p1a: Flutter Mane|Mystical Fire|p2b: Empoleon\n|-damage|p2b: Empoleon|0 fnt\n|faint|p2b: Empoleon\n|cant|p1b: Regidrago|flinch\n|\n|-weather|SunnyDay|[upkeep]\n|-heal|p2a: Salazzle|32\/100|[from] item: Leftovers\n|upkeep\n|\n|t:|1697403665\n|switch|p2b: Basculegion|Basculegion-F, F|100\/100\n|turn|6\n|\n|t:|1697403684\n|move|p1a: Flutter Mane|Dark Pulse|p2b: Basculegion\n|-supereffective|p2b: Basculegion\n|-damage|p2b: Basculegion|40\/100\n|move|p2b: Basculegion|Last Respects|p1a: Flutter Mane\n|-supereffective|p1a: Flutter Mane\n|-damage|p1a: Flutter Mane|0 fnt\n|faint|p1a: Flutter Mane\n|-end|p1a: Flutter Mane|Protosynthesis|[silent]\n|move|p2a: Salazzle|Sludge Bomb|p1b: Regidrago\n|-damage|p1b: Regidrago|0 fnt\n|faint|p1b: Regidrago\n|\n|-weather|none\n|-heal|p2a: Salazzle|38\/100|[from] item: Leftovers\n|upkeep\n|\n|t:|1697403695\n|switch|p1b: Ogerpon|Ogerpon-Hearthflame, F|100\/100\n|-ability|p1b: Ogerpon|Mold Breaker\n|turn|7\n|\n|t:|1697403704\n|move|p2b: Basculegion|Last Respects|p1b: Ogerpon\n|-damage|p1b: Ogerpon|0 fnt\n|faint|p1b: Ogerpon\n|\n|win|Champion's Melody\n|raw|probsean's rating: 1193 &rarr; <strong>1166<\/strong><br \/>(-27 for losing)\n|raw|Champion&apos;s Melody's rating: 1159 &rarr; <strong>1186<\/strong><br \/>(+27 for winning)\n|l|\u2606probsean\n","uploadtime":1697403710,"views":6,"p1id":"probsean","p2id":"championsmelody","formatid":"gen9doublesou","rating":1166,"private":0,"password":""}