{"id":"gen9doublesou-1972909890","p1":"Throw Games","p2":"DRGpoke","format":"[Gen 9] Doubles OU","log":"|j|\u2606Throw Games\n|j|\u2606DRGpoke\n|t:|1697907974\n|gametype|doubles\n|player|p1|Throw Games|clay|1699\n|player|p2|DRGpoke|scientistf|1733\n|teamsize|p1|6\n|teamsize|p2|6\n|gen|9\n|tier|[Gen 9] Doubles OU\n|rated|\n|rule|Species Clause: Limit one of each Pok\u00e9mon\n|rule|OHKO Clause: OHKO moves are banned\n|rule|Evasion Moves Clause: Evasion moves are banned\n|rule|Gravity Sleep Clause: The combination of sleep-inducing moves with imperfect accuracy and Gravity or Gigantamax Orbeetle are banned\n|rule|Endless Battle Clause: Forcing endless battles is banned\n|rule|HP Percentage Mod: HP is shown in percentages\n|clearpoke\n|poke|p1|Gholdengo|\n|poke|p1|Chi-Yu|\n|poke|p1|Landorus-Therian, M|\n|poke|p1|Tyranitar, F|\n|poke|p1|Sinistcha-Masterpiece|\n|poke|p1|Cresselia, F|\n|poke|p2|Rillaboom, F|\n|poke|p2|Volcanion|\n|poke|p2|Landorus-Therian, M|\n|poke|p2|Scream Tail|\n|poke|p2|Iron Hands|\n|poke|p2|Weezing, F|\n|teampreview\n|inactive|Battle timer is ON: inactive players will automatically lose when time's up. (requested by Throw Games)\n|inactive|DRGpoke has 120 seconds left.\n|inactive|DRGpoke has 90 seconds left.\n|\n|t:|1697908060\n|start\n|switch|p1a: Chi-Yu|Chi-Yu|100\/100\n|switch|p1b: Gholdengo|Gholdengo|100\/100\n|switch|p2a: Weezing|Weezing, F|100\/100\n|switch|p2b: Landorus|Landorus-Therian, M|100\/100\n|-ability|p2a: Weezing|Neutralizing Gas\n|turn|1\n|\n|t:|1697908086\n|switch|p1a: Landorus|Landorus-Therian, M|100\/100\n|switch|p1b: Cresselia|Cresselia, F|100\/100\n|move|p2a: Weezing|Protect|p2a: Weezing\n|-singleturn|p2a: Weezing|Protect\n|move|p2b: Landorus|Stomping Tantrum|p1b: Cresselia\n|-damage|p1b: Cresselia|75\/100\n|\n|-heal|p1b: Cresselia|81\/100|[from] item: Leftovers\n|upkeep\n|turn|2\n|inactive|DRGpoke has 120 seconds left.\n|\n|t:|1697908117\n|switch|p2b: Iron Hands|Iron Hands|100\/100\n|-end|p2a: Weezing|ability: Neutralizing Gas\n|-ability|p1a: Landorus|Intimidate|boost\n|-unboost|p2a: Weezing|atk|1\n|-unboost|p2b: Iron Hands|atk|1\n|switch|p2a: Rillaboom|Rillaboom, F|100\/100\n|-fieldstart|move: Grassy Terrain|[from] ability: Grassy Surge|[of] p2a: Rillaboom\n|move|p1a: Landorus|U-turn|p2a: Rillaboom\n|-supereffective|p2a: Rillaboom\n|-damage|p2a: Rillaboom|50\/100\n|\n|t:|1697908134\n|switch|p1a: Gholdengo|Gholdengo|100\/100|[from] U-turn\n|move|p1b: Cresselia|Icy Wind|p2a: Rillaboom|[spread] p2a,p2b\n|-supereffective|p2a: Rillaboom\n|-damage|p2a: Rillaboom|37\/100\n|-damage|p2b: Iron Hands|95\/100\n|-unboost|p2a: Rillaboom|spe|1\n|-unboost|p2b: Iron Hands|spe|1\n|\n|-heal|p1b: Cresselia|87\/100|[from] item: Leftovers\n|-heal|p2a: Rillaboom|43\/100|[from] Grassy Terrain\n|-heal|p2b: Iron Hands|100\/100|[from] Grassy Terrain\n|upkeep\n|turn|3\n|inactive|DRGpoke has 120 seconds left.\n|\n|t:|1697908166\n|switch|p2a: Volcanion|Volcanion|100\/100\n|move|p1a: Gholdengo|Shadow Ball|p2a: Volcanion\n|-damage|p2a: Volcanion|34\/100\n|move|p1b: Cresselia|Psyshock|p2b: Iron Hands\n|-supereffective|p2b: Iron Hands\n|-damage|p2b: Iron Hands|73\/100\n|move|p2b: Iron Hands|Volt Switch|p1a: Gholdengo\n|-damage|p1a: Gholdengo|84\/100\n|inactive|DRGpoke has 120 seconds left.\n|\n|t:|1697908182\n|-end|p2b: Iron Hands|Quark Drive|[silent]\n|switch|p2b: Scream Tail|Scream Tail|100\/100|[from] Volt Switch\n|\n|-heal|p1a: Gholdengo|90\/100|[from] Grassy Terrain\n|-heal|p1b: Cresselia|94\/100|[from] item: Leftovers\n|-heal|p2a: Volcanion|40\/100|[from] Grassy Terrain\n|-heal|p2a: Volcanion|46\/100|[from] item: Leftovers\n|upkeep\n|turn|4\n|\n|t:|1697908191\n|switch|p1b: Tyranitar|Tyranitar, F|100\/100\n|-weather|Sandstorm|[from] ability: Sand Stream|[of] p1b: Tyranitar\n|switch|p2a: Weezing|Weezing, F|100\/100\n|-ability|p2a: Weezing|Neutralizing Gas\n|move|p2b: Scream Tail|Disable|p1a: Gholdengo\n|-start|p1a: Gholdengo|Disable|Shadow Ball\n|cant|p1a: Gholdengo|Disable|Shadow Ball\n|\n|-weather|Sandstorm|[upkeep]\n|-damage|p2b: Scream Tail|94\/100|[from] Sandstorm\n|-damage|p2a: Weezing|95\/100|[from] Sandstorm\n|-heal|p2b: Scream Tail|100\/100|[from] Grassy Terrain\n|-heal|p1a: Gholdengo|96\/100|[from] Grassy Terrain\n|-heal|p2a: Weezing|100\/100|[from] Grassy Terrain\n|upkeep\n|turn|5\n|\n|t:|1697908215\n|switch|p1a: Sinistcha|Sinistcha-Masterpiece|100\/100\n|move|p2b: Scream Tail|Encore||[still]\n|-fail|p2b: Scream Tail\n|move|p1b: Tyranitar|Knock Off|p2b: Scream Tail\n|-damage|p2b: Scream Tail|59\/100\n|-enditem|p2b: Scream Tail|Leftovers|[from] move: Knock Off|[of] p1b: Tyranitar\n|move|p2a: Weezing|Toxic|p1b: Tyranitar\n|-status|p1b: Tyranitar|tox\n|\n|-weather|Sandstorm|[upkeep]\n|-damage|p2b: Scream Tail|53\/100|[from] Sandstorm\n|-damage|p1a: Sinistcha|94\/100|[from] Sandstorm\n|-damage|p2a: Weezing|95\/100|[from] Sandstorm\n|-heal|p2b: Scream Tail|59\/100|[from] Grassy Terrain\n|-heal|p1a: Sinistcha|100\/100|[from] Grassy Terrain\n|-heal|p2a: Weezing|100\/100|[from] Grassy Terrain\n|-damage|p1b: Tyranitar|94\/100 tox|[from] psn\n|upkeep\n|turn|6\n|\n|t:|1697908232\n|-end|p2b: Scream Tail|Protosynthesis|[silent]\n|switch|p2b: Rillaboom|Rillaboom, F|43\/100\n|switch|p1a: Gholdengo|Gholdengo|96\/100\n|move|p1b: Tyranitar|Knock Off|p2a: Weezing\n|-damage|p2a: Weezing|51\/100\n|-enditem|p2a: Weezing|Leftovers|[from] move: Knock Off|[of] p1b: Tyranitar\n|move|p2a: Weezing|Sludge Bomb|p1a: Gholdengo\n|-immune|p1a: Gholdengo\n|\n|-weather|Sandstorm|[upkeep]\n|-damage|p2b: Rillaboom|37\/100|[from] Sandstorm\n|-damage|p2a: Weezing|45\/100|[from] Sandstorm\n|-heal|p1a: Gholdengo|100\/100|[from] Grassy Terrain\n|-heal|p2b: Rillaboom|43\/100|[from] Grassy Terrain\n|-heal|p1b: Tyranitar|100\/100 tox|[from] Grassy Terrain\n|-heal|p2a: Weezing|51\/100|[from] Grassy Terrain\n|-damage|p1b: Tyranitar|88\/100 tox|[from] psn\n|-fieldend|move: Grassy Terrain\n|upkeep\n|turn|7\n|\n|t:|1697908248\n|switch|p1b: Landorus|Landorus-Therian, M|100\/100\n|move|p2a: Weezing|Protect|p2a: Weezing\n|-singleturn|p2a: Weezing|Protect\n|move|p1a: Gholdengo|Make It Rain|p2b: Rillaboom|[spread] p2b\n|-activate|p2a: Weezing|move: Protect\n|-damage|p2b: Rillaboom|0 fnt\n|-unboost|p1a: Gholdengo|spa|1\n|faint|p2b: Rillaboom\n|\n|-weather|Sandstorm|[upkeep]\n|-damage|p2a: Weezing|45\/100|[from] Sandstorm\n|upkeep\n|\n|t:|1697908257\n|switch|p2b: Landorus|Landorus-Therian, M|100\/100\n|turn|8\n|\n|t:|1697908268\n|switch|p1a: Sinistcha|Sinistcha-Masterpiece|100\/100\n|-end|p2a: Weezing|ability: Neutralizing Gas\n|-ability|p2b: Landorus|Intimidate|boost\n|-unboost|p1a: Sinistcha|atk|1\n|-unboost|p1b: Landorus|atk|1\n|-ability|p1b: Landorus|Intimidate|boost\n|-unboost|p2a: Weezing|atk|1\n|-unboost|p2b: Landorus|atk|1\n|switch|p2a: Iron Hands|Iron Hands|73\/100\n|move|p2b: Landorus|U-turn|p1a: Sinistcha\n|-damage|p1a: Sinistcha|86\/100\n|\n|t:|1697908279\n|switch|p2b: Scream Tail|Scream Tail|59\/100|[from] U-turn\n|move|p1b: Landorus|U-turn|p2b: Scream Tail\n|-damage|p2b: Scream Tail|46\/100\n|\n|t:|1697908308\n|switch|p1b: Gholdengo|Gholdengo|100\/100|[from] U-turn\n|\n|-weather|none\n|upkeep\n|turn|9\n|\n|t:|1697908326\n|-end|p2b: Scream Tail|Protosynthesis|[silent]\n|switch|p2b: Volcanion|Volcanion|46\/100\n|move|p1b: Gholdengo|Shadow Ball|p2a: Iron Hands\n|-damage|p2a: Iron Hands|33\/100\n|move|p1a: Sinistcha|Matcha Gotcha|p2b: Volcanion|[spread] p2a\n|-miss|p1a: Sinistcha|p2b: Volcanion\n|-damage|p2a: Iron Hands|19\/100\n|-heal|p1a: Sinistcha|96\/100|[from] drain|[of] p2a: Iron Hands\n|move|p2a: Iron Hands|Thunder Punch|p1b: Gholdengo\n|-damage|p1b: Gholdengo|51\/100\n|\n|-heal|p2b: Volcanion|52\/100|[from] item: Leftovers\n|upkeep\n|turn|10\n|\n|t:|1697908350\n|switch|p1a: Landorus|Landorus-Therian, M|100\/100\n|-ability|p1a: Landorus|Intimidate|boost\n|-unboost|p2a: Iron Hands|atk|1\n|-unboost|p2b: Volcanion|atk|1\n|move|p2b: Volcanion|Protect|p2b: Volcanion\n|-singleturn|p2b: Volcanion|Protect\n|move|p1b: Gholdengo|Shadow Ball|p2b: Volcanion\n|-activate|p2b: Volcanion|move: Protect\n|move|p2a: Iron Hands|Volt Switch|p1b: Gholdengo\n|-damage|p1b: Gholdengo|35\/100\n|\n|t:|1697908358\n|-end|p2a: Iron Hands|Quark Drive|[silent]\n|switch|p2a: Landorus|Landorus-Therian, M|100\/100|[from] Volt Switch\n|-ability|p2a: Landorus|Intimidate|boost\n|-unboost|p1a: Landorus|atk|1\n|-unboost|p1b: Gholdengo|atk|1\n|\n|-heal|p2b: Volcanion|58\/100|[from] item: Leftovers\n|upkeep\n|turn|11\n|\n|t:|1697908369\n|switch|p1b: Cresselia|Cresselia, F|94\/100\n|-terastallize|p2b: Volcanion|Ground\n|move|p2a: Landorus|Stealth Rock|p1a: Landorus\n|-sidestart|p1: Throw Games|move: Stealth Rock\n|move|p1a: Landorus|U-turn|p2b: Volcanion\n|-damage|p2b: Volcanion|44\/100\n|\n|t:|1697908378\n|switch|p1a: Sinistcha|Sinistcha-Masterpiece|96\/100|[from] U-turn\n|-damage|p1a: Sinistcha|84\/100|[from] Stealth Rock\n|-heal|p1b: Cresselia|100\/100|[from] ability: Hospitality|[of] p1a: Sinistcha\n|move|p2b: Volcanion|Heat Wave|p1a: Sinistcha|[spread] p1a,p1b\n|-supereffective|p1a: Sinistcha\n|-damage|p1a: Sinistcha|13\/100\n|-damage|p1b: Cresselia|77\/100\n|-enditem|p1a: Sinistcha|Wiki Berry|[eat]\n|-heal|p1a: Sinistcha|46\/100|[from] item: Wiki Berry\n|\n|-heal|p1b: Cresselia|83\/100|[from] item: Leftovers\n|-heal|p2b: Volcanion|50\/100|[from] item: Leftovers\n|upkeep\n|turn|12\n|\n|t:|1697908394\n|switch|p2a: Iron Hands|Iron Hands|19\/100\n|move|p1a: Sinistcha|Protect|p1a: Sinistcha\n|-singleturn|p1a: Sinistcha|Protect\n|move|p1b: Cresselia|Icy Wind|p2b: Volcanion|[spread] p2a,p2b\n|-supereffective|p2b: Volcanion\n|-damage|p2a: Iron Hands|14\/100\n|-damage|p2b: Volcanion|34\/100\n|-unboost|p2a: Iron Hands|spe|1\n|-unboost|p2b: Volcanion|spe|1\n|move|p2b: Volcanion|Heat Wave|p1b: Cresselia|[spread] p1b\n|-activate|p1a: Sinistcha|move: Protect\n|-crit|p1b: Cresselia\n|-damage|p1b: Cresselia|44\/100\n|\n|-heal|p1b: Cresselia|50\/100|[from] item: Leftovers\n|-heal|p2b: Volcanion|40\/100|[from] item: Leftovers\n|upkeep\n|turn|13\n|\n|t:|1697908408\n|move|p2b: Volcanion|Protect|p2b: Volcanion\n|-singleturn|p2b: Volcanion|Protect\n|move|p1b: Cresselia|Lunar Blessing|p1b: Cresselia|[spread] p1a,p1b\n|-heal|p1a: Sinistcha|71\/100\n|-heal|p1b: Cresselia|75\/100\n|move|p1a: Sinistcha|Matcha Gotcha|p2b: Volcanion|[spread] p2a\n|-activate|p2b: Volcanion|move: Protect\n|-damage|p2a: Iron Hands|1\/100\n|-heal|p1a: Sinistcha|81\/100|[from] drain|[of] p2a: Iron Hands\n|move|p2a: Iron Hands|Volt Switch|p1b: Cresselia\n|-damage|p1b: Cresselia|66\/100\n|\n|t:|1697908417\n|-end|p2a: Iron Hands|Quark Drive|[silent]\n|switch|p2a: Scream Tail|Scream Tail|46\/100|[from] Volt Switch\n|\n|-heal|p1b: Cresselia|73\/100|[from] item: Leftovers\n|-heal|p2b: Volcanion|47\/100|[from] item: Leftovers\n|upkeep\n|turn|14\n|\n|t:|1697908431\n|move|p1a: Sinistcha|Protect|p1a: Sinistcha\n|-singleturn|p1a: Sinistcha|Protect\n|move|p2a: Scream Tail|Disable|p1a: Sinistcha\n|-activate|p1a: Sinistcha|move: Protect\n|move|p1b: Cresselia|Icy Wind|p2a: Scream Tail|[spread] p2a,p2b\n|-supereffective|p2b: Volcanion\n|-damage|p2a: Scream Tail|39\/100\n|-damage|p2b: Volcanion|30\/100\n|-unboost|p2a: Scream Tail|spe|1\n|-unboost|p2b: Volcanion|spe|1\n|move|p2b: Volcanion|Substitute|p2b: Volcanion\n|-start|p2b: Volcanion|Substitute\n|-damage|p2b: Volcanion|5\/100\n|\n|-heal|p1b: Cresselia|79\/100|[from] item: Leftovers\n|-heal|p2b: Volcanion|11\/100|[from] item: Leftovers\n|upkeep\n|turn|15\n|\n|t:|1697908458\n|move|p2a: Scream Tail|Encore|p1a: Sinistcha\n|-start|p1a: Sinistcha|Encore\n|move|p1b: Cresselia|Psyshock|p2b: Volcanion\n|-activate|p2b: Volcanion|move: Substitute|[damage]\n|move|p1a: Sinistcha|Protect||[still]\n|-fail|p1a: Sinistcha\n|move|p2b: Volcanion|Heat Wave|p1b: Cresselia|[spread] p1a,p1b\n|-supereffective|p1a: Sinistcha\n|-damage|p1a: Sinistcha|5\/100\n|-damage|p1b: Cresselia|52\/100\n|\n|-heal|p1b: Cresselia|58\/100|[from] item: Leftovers\n|-heal|p2b: Volcanion|17\/100|[from] item: Leftovers\n|upkeep\n|turn|16\n|\n|t:|1697908474\n|-end|p2a: Scream Tail|Protosynthesis|[silent]\n|switch|p2a: Landorus|Landorus-Therian, M|100\/100\n|-ability|p2a: Landorus|Intimidate|boost\n|-unboost|p1a: Sinistcha|atk|1\n|-unboost|p1b: Cresselia|atk|1\n|move|p1a: Sinistcha|Protect|p1a: Sinistcha\n|-singleturn|p1a: Sinistcha|Protect\n|move|p1b: Cresselia|Lunar Blessing|p1b: Cresselia|[spread] p1a,p1b\n|-heal|p1a: Sinistcha|30\/100\n|-heal|p1b: Cresselia|83\/100\n|move|p2b: Volcanion|Heat Wave|p1a: Sinistcha|[spread] p1b\n|-activate|p1a: Sinistcha|move: Protect\n|-damage|p1b: Cresselia|56\/100\n|\n|-heal|p1b: Cresselia|62\/100|[from] item: Leftovers\n|-heal|p2b: Volcanion|23\/100|[from] item: Leftovers\n|upkeep\n|turn|17\n|\n|t:|1697908489\n|switch|p1a: Landorus|Landorus-Therian, M|100\/100\n|-damage|p1a: Landorus|88\/100|[from] Stealth Rock\n|-ability|p1a: Landorus|Intimidate|boost\n|-unboost|p2a: Landorus|atk|1\n|-immune|p2b: Volcanion\n|move|p2a: Landorus|U-turn|p1b: Cresselia\n|-supereffective|p1b: Cresselia\n|-damage|p1b: Cresselia|40\/100\n|\n|t:|1697908498\n|switch|p2a: Scream Tail|Scream Tail|39\/100|[from] U-turn\n|move|p1b: Cresselia|Icy Wind|p2b: Volcanion|[spread] p2a,p2b\n|-supereffective|p2b: Volcanion\n|-end|p2b: Volcanion|Substitute\n|-damage|p2a: Scream Tail|34\/100\n|-unboost|p2a: Scream Tail|spe|1\n|move|p2b: Volcanion|Heat Wave|p1b: Cresselia|[spread] p1a\n|-miss|p2b: Volcanion|p1b: Cresselia\n|-damage|p1a: Landorus|54\/100\n|-status|p1a: Landorus|brn\n|\n|-heal|p1b: Cresselia|46\/100|[from] item: Leftovers\n|-heal|p2b: Volcanion|29\/100|[from] item: Leftovers\n|-damage|p1a: Landorus|48\/100 brn|[from] brn\n|upkeep\n|turn|18\n|\n|t:|1697908527\n|switch|p2b: Iron Hands|Iron Hands|1\/100\n|move|p1a: Landorus|Earthquake|p2a: Scream Tail|[spread] p2a,p2b\n|-immune|p1b: Cresselia|[from] ability: Levitate\n|-crit|p2a: Scream Tail\n|-supereffective|p2b: Iron Hands\n|-damage|p2a: Scream Tail|10\/100\n|-damage|p2b: Iron Hands|0 fnt\n|faint|p2b: Iron Hands\n|-end|p2b: Iron Hands|Quark Drive|[silent]\n|move|p2a: Scream Tail|Encore|p1b: Cresselia\n|-start|p1b: Cresselia|Encore\n|move|p1b: Cresselia|Icy Wind|p2a: Scream Tail\n|-damage|p2a: Scream Tail|3\/100\n|-unboost|p2a: Scream Tail|spe|1\n|\n|-heal|p1b: Cresselia|52\/100|[from] item: Leftovers\n|-damage|p1a: Landorus|43\/100 brn|[from] brn\n|upkeep\n|\n|t:|1697908535\n|switch|p2b: Landorus|Landorus-Therian, M|100\/100\n|-ability|p2b: Landorus|Intimidate|boost\n|-unboost|p1a: Landorus|atk|1\n|-unboost|p1b: Cresselia|atk|1\n|turn|19\n|\n|t:|1697908548\n|switch|p1b: Gholdengo|Gholdengo|35\/100\n|-damage|p1b: Gholdengo|29\/100|[from] Stealth Rock\n|move|p2b: Landorus|Rock Slide|p1a: Landorus|[spread] p1a,p1b\n|-resisted|p1b: Gholdengo\n|-damage|p1a: Landorus|17\/100 brn\n|-damage|p1b: Gholdengo|18\/100\n|move|p1a: Landorus|U-turn|p2a: Scream Tail\n|-damage|p2a: Scream Tail|0 fnt\n|faint|p2a: Scream Tail\n|-end|p2a: Scream Tail|Protosynthesis|[silent]\n|\n|t:|1697908558\n|switch|p1a: Sinistcha|Sinistcha-Masterpiece|30\/100|[from] U-turn\n|-damage|p1a: Sinistcha|17\/100|[from] Stealth Rock\n|-heal|p1b: Gholdengo|42\/100|[from] ability: Hospitality|[of] p1a: Sinistcha\n|\n|upkeep\n|\n|t:|1697908583\n|switch|p2a: Volcanion|Volcanion, tera:Ground|29\/100\n|turn|20\n|\n|t:|1697908593\n|move|p1a: Sinistcha|Rage Powder|p1a: Sinistcha\n|-singleturn|p1a: Sinistcha|move: Rage Powder\n|move|p2b: Landorus|Rock Slide|p1b: Gholdengo|[spread] p1a\n|-miss|p2b: Landorus|p1b: Gholdengo\n|-damage|p1a: Sinistcha|0 fnt\n|faint|p1a: Sinistcha\n|move|p1b: Gholdengo|Make It Rain|p2a: Volcanion|[spread] p2a,p2b\n|-damage|p2a: Volcanion|0 fnt\n|-damage|p2b: Landorus|0 fnt\n|-unboost|p1b: Gholdengo|spa|1\n|faint|p2a: Volcanion\n|faint|p2b: Landorus\n|\n|upkeep\n|inactive|DRGpoke has 120 seconds left.\n|inactive|DRGpoke has 90 seconds left.\n|inactive|DRGpoke has 60 seconds left.\n|c|\u2606Throw Games|why\n|inactive|DRGpoke has 30 seconds left.\n|inactive|DRGpoke has 20 seconds left.\n|inactive|DRGpoke has 15 seconds left.\n|inactive|DRGpoke has 10 seconds left.\n|inactive|DRGpoke has 5 seconds left.\n|-message|DRGpoke lost due to inactivity.\n|\n|win|Throw Games\n|raw|Throw Games's rating: 1699 &rarr; <strong>1721<\/strong><br \/>(+22 for winning)\n|raw|DRGpoke's rating: 1733 &rarr; <strong>1711<\/strong><br \/>(-22 for losing)\n|l|\u2606DRGpoke\n","uploadtime":1697908771,"views":11,"p1id":"throwgames","p2id":"drgpoke","formatid":"gen9doublesou","rating":1711,"private":0,"password":""}