{"id":"gen9doublesou-1992888480","p1":"xX_Goober2011_Xx","p2":"gugdatung","format":"[Gen 9] Doubles OU","log":"|j|\u2606xX_Goober2011_Xx\n|j|\u2606gugdatung\n|t:|1700244129\n|gametype|doubles\n|player|p1|xX_Goober2011_Xx|hilda|1145\n|player|p2|gugdatung|2|1200\n|teamsize|p1|6\n|teamsize|p2|6\n|gen|9\n|tier|[Gen 9] Doubles OU\n|rated|\n|rule|Species Clause: Limit one of each Pok\u00e9mon\n|rule|OHKO Clause: OHKO moves are banned\n|rule|Evasion Moves Clause: Evasion moves are banned\n|rule|Gravity Sleep Clause: The combination of sleep-inducing moves with imperfect accuracy and Gravity or Gigantamax Orbeetle are banned\n|rule|Endless Battle Clause: Forcing endless battles is banned\n|rule|HP Percentage Mod: HP is shown in percentages\n|clearpoke\n|poke|p1|Sinistcha-Masterpiece|\n|poke|p1|Torkoal, F|\n|poke|p1|Iron Hands|\n|poke|p1|Ursaluna-Bloodmoon, M|\n|poke|p1|Farigiraf, F|\n|poke|p1|Kingambit, F|\n|poke|p2|Tauros-Paldea-Aqua, M|\n|poke|p2|Froslass, F|\n|poke|p2|Salamence, M|\n|poke|p2|Garganacl, F|\n|poke|p2|Maushold|\n|poke|p2|Ogerpon-Hearthflame, F|\n|teampreview\n|\n|t:|1700244148\n|start\n|switch|p1a: Farigiraf|Farigiraf, F|100\/100\n|switch|p1b: Iron Hands|Iron Hands|100\/100\n|switch|p2a: Froslass|Froslass, F|100\/100\n|switch|p2b: Tauros|Tauros-Paldea-Aqua, M|100\/100\n|turn|1\n|\n|t:|1700244185\n|-terastallize|p2b: Tauros|Ground\n|move|p1b: Iron Hands|Fake Out|p2a: Froslass\n|-immune|p2a: Froslass\n|move|p2a: Froslass|Frost Breath|p2b: Tauros\n|-supereffective|p2b: Tauros\n|-crit|p2b: Tauros\n|-damage|p2b: Tauros|54\/100\n|-setboost|p2b: Tauros|atk|6|[from] ability: Anger Point\n|move|p2b: Tauros|Earthquake|p1b: Iron Hands|[spread] p2a,p1a,p1b\n|-crit|p1a: Farigiraf\n|-supereffective|p1b: Iron Hands\n|-damage|p2a: Froslass|0 fnt\n|-damage|p1a: Farigiraf|0 fnt\n|-damage|p1b: Iron Hands|0 fnt\n|faint|p2a: Froslass\n|faint|p1a: Farigiraf\n|faint|p1b: Iron Hands\n|-end|p1b: Iron Hands|Quark Drive|[silent]\n|\n|upkeep\n|\n|t:|1700244223\n|switch|p2a: Salamence|Salamence, M|100\/100\n|switch|p1a: Kingambit|Kingambit, F|100\/100\n|switch|p1b: Sinistcha|Sinistcha-Masterpiece|100\/100\n|-ability|p2a: Salamence|Intimidate|boost\n|-unboost|p1a: Kingambit|atk|1\n|-ability|p1a: Kingambit|Defiant|boost\n|-boost|p1a: Kingambit|atk|2\n|-unboost|p1b: Sinistcha|atk|1\n|turn|2\n|\n|t:|1700244245\n|-terastallize|p1a: Kingambit|Dark\n|move|p1a: Kingambit|Sucker Punch|p2b: Tauros\n|-damage|p2b: Tauros|0 fnt\n|faint|p2b: Tauros\n|-damage|p1a: Kingambit|91\/100|[from] item: Life Orb\n|move|p2a: Salamence|Dragon Dance|p2a: Salamence\n|-boost|p2a: Salamence|atk|1\n|-boost|p2a: Salamence|spe|1\n|move|p1b: Sinistcha|Trick Room|p1b: Sinistcha\n|-fieldstart|move: Trick Room|[of] p1b: Sinistcha\n|\n|upkeep\n|\n|t:|1700244257\n|switch|p2b: Garganacl|Garganacl, F|100\/100\n|turn|3\n|\n|t:|1700244296\n|move|p1a: Kingambit|Kowtow Cleave|p2a: Salamence\n|-damage|p2a: Salamence|0 fnt\n|faint|p2a: Salamence\n|-damage|p1a: Kingambit|81\/100|[from] item: Life Orb\n|move|p2b: Garganacl|Body Press|p1a: Kingambit\n|-supereffective|p1a: Kingambit\n|-damage|p1a: Kingambit|38\/100\n|move|p1b: Sinistcha|Matcha Gotcha|p2b: Garganacl\n|-supereffective|p2b: Garganacl\n|-damage|p2b: Garganacl|20\/100\n|\n|-heal|p2b: Garganacl|27\/100|[from] item: Leftovers\n|upkeep\n|\n|t:|1700244317\n|switch|p2a: Maushold|Maushold|100\/100\n|turn|4\n|\n|t:|1700244343\n|move|p2a: Maushold|Protect|p2a: Maushold\n|-singleturn|p2a: Maushold|Protect\n|move|p1a: Kingambit|Kowtow Cleave|p2b: Garganacl\n|-damage|p2b: Garganacl|0 fnt\n|faint|p2b: Garganacl\n|-damage|p1a: Kingambit|28\/100|[from] item: Life Orb\n|move|p1b: Sinistcha|Matcha Gotcha|p2a: Maushold\n|-activate|p2a: Maushold|move: Protect\n|\n|upkeep\n|\n|t:|1700244357\n|switch|p2b: Ogerpon|Ogerpon-Hearthflame, F|100\/100\n|-ability|p2b: Ogerpon|Mold Breaker\n|turn|5\n|\n|t:|1700244408\n|move|p2b: Ogerpon|Spiky Shield|p2b: Ogerpon\n|-singleturn|p2b: Ogerpon|move: Protect\n|move|p1a: Kingambit|Kowtow Cleave|p2a: Maushold\n|-damage|p2a: Maushold|0 fnt\n|faint|p2a: Maushold\n|-damage|p1a: Kingambit|18\/100|[from] item: Life Orb\n|move|p1b: Sinistcha|Matcha Gotcha|p2b: Ogerpon\n|-activate|p2b: Ogerpon|move: Protect\n|\n|upkeep\n|turn|6\n|\n|t:|1700244438\n|move|p2b: Ogerpon|Spiky Shield|p2b: Ogerpon\n|-singleturn|p2b: Ogerpon|move: Protect\n|move|p1a: Kingambit|Kowtow Cleave|p2b: Ogerpon\n|-activate|p2b: Ogerpon|move: Protect\n|-damage|p1a: Kingambit|6\/100|[from] Spiky Shield|[of] p2b: Ogerpon\n|move|p1b: Sinistcha|Shadow Ball|p2b: Ogerpon\n|-activate|p2b: Ogerpon|move: Protect\n|\n|-fieldend|move: Trick Room\n|upkeep\n|turn|7\n|\n|t:|1700244452\n|move|p1a: Kingambit|Sucker Punch|p2b: Ogerpon\n|-damage|p2b: Ogerpon|0 fnt\n|faint|p2b: Ogerpon\n|-damage|p1a: Kingambit|0 fnt|[from] item: Life Orb\n|faint|p1a: Kingambit\n|\n|win|xX_Goober2011_Xx\n|raw|xX_Goober2011_Xx's rating: 1145 &rarr; <strong>1174<\/strong><br \/>(+29 for winning)\n|raw|gugdatung's rating: 1200 &rarr; <strong>1171<\/strong><br \/>(-29 for losing)\n","uploadtime":1700244459,"views":10,"p1id":"xxgoober2011xx","p2id":"gugdatung","formatid":"gen9doublesou","rating":1171,"private":0,"password":""}