{"id":"gen9doublesou-1987113440","p1":"KemjoWithAGoodra","p2":"Tizimizi","format":"[Gen 9] Doubles OU","log":"|j|\u2606KemjoWithAGoodra\n|j|\u2606Tizimizi\n|t:|1699557145\n|gametype|doubles\n|player|p1|KemjoWithAGoodra|will|1161\n|player|p2|Tizimizi|steven|1115\n|teamsize|p1|6\n|teamsize|p2|6\n|gen|9\n|tier|[Gen 9] Doubles OU\n|rated|\n|rule|Species Clause: Limit one of each Pok\u00e9mon\n|rule|OHKO Clause: OHKO moves are banned\n|rule|Evasion Moves Clause: Evasion moves are banned\n|rule|Gravity Sleep Clause: The combination of sleep-inducing moves with imperfect accuracy and Gravity or Gigantamax Orbeetle are banned\n|rule|Endless Battle Clause: Forcing endless battles is banned\n|rule|HP Percentage Mod: HP is shown in percentages\n|clearpoke\n|poke|p1|Lycanroc, F|\n|poke|p1|Armarouge, F|\n|poke|p1|Indeedee-F, F|\n|poke|p1|Flamigo, F|\n|poke|p1|Polteageist|\n|poke|p1|Sylveon, M|\n|poke|p2|Kommo-o, F|\n|poke|p2|Oricorio-Sensu, F|\n|poke|p2|Ursaluna-Bloodmoon, M|\n|poke|p2|Chi-Yu|\n|poke|p2|Flutter Mane|\n|poke|p2|Dragonite, M|\n|teampreview\n|inactive|Battle timer is ON: inactive players will automatically lose when time's up. (requested by Tizimizi)\n|inactive|KemjoWithAGoodra also wants the timer to be on.\n|\n|t:|1699557160\n|start\n|switch|p1a: Polteageist|Polteageist|100\/100\n|switch|p1b: Indeedee|Indeedee-F, F|100\/100\n|switch|p2a: Oricorio|Oricorio-Sensu, F, shiny|100\/100\n|switch|p2b: Kommo-o|Kommo-o, F, shiny|100\/100\n|-fieldstart|move: Psychic Terrain|[from] ability: Psychic Surge|[of] p1b: Indeedee\n|turn|1\n|\n|t:|1699557171\n|move|p1b: Indeedee|Follow Me|p1b: Indeedee\n|-singleturn|p1b: Indeedee|move: Follow Me\n|move|p2b: Kommo-o|Clangorous Soul|p2b: Kommo-o\n|-boost|p2b: Kommo-o|atk|1\n|-boost|p2b: Kommo-o|def|1\n|-boost|p2b: Kommo-o|spa|1\n|-boost|p2b: Kommo-o|spd|1\n|-boost|p2b: Kommo-o|spe|1\n|-damage|p2b: Kommo-o|68\/100\n|-activate|p2a: Oricorio|ability: Dancer\n|move|p2a: Oricorio|Clangorous Soul|p2a: Oricorio|[from]ability: Dancer\n|-boost|p2a: Oricorio|atk|1\n|-boost|p2a: Oricorio|def|1\n|-boost|p2a: Oricorio|spa|1\n|-boost|p2a: Oricorio|spd|1\n|-boost|p2a: Oricorio|spe|1\n|-damage|p2a: Oricorio|68\/100\n|move|p2a: Oricorio|Baton Pass|p2a: Oricorio\n|\n|t:|1699557188\n|switch|p2a: Ursaluna|Ursaluna-Bloodmoon, M|100\/100|[from] Baton Pass\n|move|p1a: Polteageist|Shell Smash|p1a: Polteageist\n|-unboost|p1a: Polteageist|def|1\n|-unboost|p1a: Polteageist|spd|1\n|-boost|p1a: Polteageist|atk|2\n|-boost|p1a: Polteageist|spa|2\n|-boost|p1a: Polteageist|spe|2\n|\n|-heal|p2b: Kommo-o|74\/100|[from] item: Leftovers\n|upkeep\n|turn|2\n|\n|t:|1699557209\n|-terastallize|p2a: Ursaluna|Normal\n|move|p1b: Indeedee|Follow Me|p1b: Indeedee\n|-singleturn|p1b: Indeedee|move: Follow Me\n|move|p1a: Polteageist|Shell Smash|p1a: Polteageist\n|-unboost|p1a: Polteageist|def|1\n|-unboost|p1a: Polteageist|spd|1\n|-boost|p1a: Polteageist|atk|2\n|-boost|p1a: Polteageist|spa|2\n|-boost|p1a: Polteageist|spe|2\n|move|p2b: Kommo-o|Clanging Scales|p1b: Indeedee|[spread] p1a,p1b\n|-damage|p1a: Polteageist|13\/100\n|-damage|p1b: Indeedee|66\/100\n|-unboost|p2b: Kommo-o|def|1\n|move|p2a: Ursaluna|Blood Moon|p1b: Indeedee\n|-damage|p1b: Indeedee|0 fnt\n|faint|p1b: Indeedee\n|\n|-heal|p2b: Kommo-o|80\/100|[from] item: Leftovers\n|upkeep\n|\n|t:|1699557230\n|switch|p1b: Flamigo|Flamigo, F|100\/100\n|-copyboost|p1b: Flamigo|p1a: Polteageist|[from] ability: Costar\n|-enditem|p1b: Flamigo|White Herb\n|-clearnegativeboost|p1b: Flamigo|[silent]\n|turn|3\n|\n|t:|1699557250\n|move|p2a: Ursaluna|Protect|p2a: Ursaluna\n|-singleturn|p2a: Ursaluna|Protect\n|move|p1b: Flamigo|Acrobatics|p2b: Kommo-o\n|-supereffective|p2b: Kommo-o\n|-damage|p2b: Kommo-o|0 fnt\n|faint|p2b: Kommo-o\n|move|p1a: Polteageist|Baton Pass|p1a: Polteageist\n|\n|t:|1699557257\n|switch|p1a: Sylveon|Sylveon, M|100\/100|[from] Baton Pass\n|-enditem|p1a: Sylveon|White Herb\n|-clearnegativeboost|p1a: Sylveon|[silent]\n|\n|upkeep\n|\n|t:|1699557280\n|switch|p2b: Chi-Yu|Chi-Yu|100\/100\n|-ability|p2b: Chi-Yu|Beads of Ruin\n|turn|4\n|\n|t:|1699557296\n|move|p1b: Flamigo|Close Combat|p2a: Ursaluna\n|-supereffective|p2a: Ursaluna\n|-damage|p2a: Ursaluna|0 fnt\n|-unboost|p1b: Flamigo|def|1\n|-unboost|p1b: Flamigo|spd|1\n|faint|p2a: Ursaluna\n|move|p1a: Sylveon|Hyper Voice|p2b: Chi-Yu\n|-damage|p2b: Chi-Yu|0 fnt\n|faint|p2b: Chi-Yu\n|\n|upkeep\n|\n|t:|1699557306\n|switch|p2b: Flutter Mane|Flutter Mane|100\/100\n|switch|p2a: Oricorio|Oricorio-Sensu, F, shiny|68\/100\n|turn|5\n|\n|t:|1699557318\n|move|p1b: Flamigo|Acrobatics|p2a: Oricorio\n|-damage|p2a: Oricorio|0 fnt\n|faint|p2a: Oricorio\n|move|p1a: Sylveon|Hyper Voice|p2b: Flutter Mane\n|-damage|p2b: Flutter Mane|0 fnt\n|faint|p2b: Flutter Mane\n|-end|p2b: Flutter Mane|Protosynthesis|[silent]\n|\n|-fieldend|move: Psychic Terrain\n|upkeep\n|\n|t:|1699557326\n|switch|p2a: Dragonite|Dragonite, M|100\/100\n|turn|6\n|\n|t:|1699557333\n|move|p2a: Dragonite|Extreme Speed|p1b: Flamigo\n|-damage|p1b: Flamigo|42\/100\n|move|p1b: Flamigo|Acrobatics|p2a: Dragonite\n|-damage|p2a: Dragonite|8\/100\n|move|p1a: Sylveon|Hyper Voice|p2a: Dragonite\n|-supereffective|p2a: Dragonite\n|-crit|p2a: Dragonite\n|-damage|p2a: Dragonite|0 fnt\n|faint|p2a: Dragonite\n|\n|win|KemjoWithAGoodra\n|raw|KemjoWithAGoodra's rating: 1161 &rarr; <strong>1183<\/strong><br \/>(+22 for winning)\n|raw|Tizimizi's rating: 1115 &rarr; <strong>1093<\/strong><br \/>(-22 for losing)\n|l|\u2606Tizimizi\n","uploadtime":1699557345,"views":8,"p1id":"kemjowithagoodra","p2id":"tizimizi","formatid":"gen9doublesou","rating":1093,"private":0,"password":""}