{"id":"gen9doublesou-1973776465","p1":"FireFrostDragon","p2":"IDK_ImBored7","format":"[Gen 9] Doubles OU","log":"|j|\u2606FireFrostDragon\n|j|\u2606IDK_ImBored7\n|inactive|Battle timer is ON: inactive players will automatically lose when time's up.\n|t:|1698012291\n|gametype|doubles\n|player|p1|FireFrostDragon|acetrainerf|\n|player|p2|IDK_ImBored7|hilbert|\n|teamsize|p1|6\n|teamsize|p2|6\n|gen|9\n|tier|[Gen 9] Doubles OU\n|rated|Tournament battle\n|rule|Species Clause: Limit one of each Pok\u00e9mon\n|rule|OHKO Clause: OHKO moves are banned\n|rule|Evasion Moves Clause: Evasion moves are banned\n|rule|Gravity Sleep Clause: The combination of sleep-inducing moves with imperfect accuracy and Gravity or Gigantamax Orbeetle are banned\n|rule|Endless Battle Clause: Forcing endless battles is banned\n|rule|HP Percentage Mod: HP is shown in percentages\n|clearpoke\n|poke|p1|Dragapult, M|\n|poke|p1|Snom, F|\n|poke|p1|Deino, M|\n|poke|p1|Varoom, M|\n|poke|p1|Pawmi, F|\n|poke|p1|Baxcalibur, M|\n|poke|p2|Corphish, F|\n|poke|p2|Igglybuff, M|\n|poke|p2|Crocalor, F|\n|poke|p2|Dragonite, F|\n|poke|p2|Bounsweet, F|\n|poke|p2|Magnemite|\n|teampreview\n|j|*Lady Monita \u263d\n|j| Mega_Beedrill User\n|c|\u2606IDK_ImBored7|well crud\n|\n|t:|1698012314\n|start\n|switch|p1a: Pawmi|Pawmi, F|100\/100\n|switch|p1b: Baxcalibur|Baxcalibur, M|100\/100\n|switch|p2a: Igglybuff|Igglybuff, M|100\/100\n|switch|p2b: Crocalor|Crocalor, F|100\/100\n|turn|1\n|c|\u2606FireFrostDragon|you have dragonite\n|c|\u2606IDK_ImBored7|you have baxmurderer\n|c|\u2606IDK_ImBored7|glhf\n|inactive|FireFrostDragon has 120 seconds left.\n|\n|t:|1698012351\n|move|p1a: Pawmi|Fake Out|p2a: Igglybuff\n|-damage|p2a: Igglybuff|90\/100\n|move|p1b: Baxcalibur|Dragon Dance|p1b: Baxcalibur\n|-boost|p1b: Baxcalibur|atk|1\n|-boost|p1b: Baxcalibur|spe|1\n|move|p2b: Crocalor|Flamethrower|p1a: Pawmi\n|-enditem|p1a: Pawmi|Focus Sash\n|-damage|p1a: Pawmi|1\/100\n|cant|p2a: Igglybuff|flinch\n|\n|upkeep\n|turn|2\n|\n|t:|1698012377\n|move|p1b: Baxcalibur|Icicle Spear|p2a: Igglybuff\n|-crit|p2a: Igglybuff\n|-damage|p2a: Igglybuff|41\/100\n|-damage|p2a: Igglybuff|6\/100\n|-damage|p2a: Igglybuff|0 fnt\n|faint|p2a: Igglybuff\n|-hitcount|p2: Igglybuff|3\n|move|p1a: Pawmi|Nuzzle|p2b: Crocalor\n|-damage|p2b: Crocalor|96\/100\n|-status|p2b: Crocalor|par\n|move|p2b: Crocalor|Hyper Voice|p1a: Pawmi|[spread] p1a,p1b\n|-damage|p1a: Pawmi|0 fnt\n|-damage|p1b: Baxcalibur|84\/100\n|faint|p1a: Pawmi\n|\n|upkeep\n|j| bleahey\n|l| bleahey\n|inactive|IDK_ImBored7 has 120 seconds left.\n|\n|t:|1698012407\n|switch|p1a: Snom|Snom, F|100\/100\n|switch|p2a: Corphish|Corphish, F|100\/100\n|turn|3\n|\n|t:|1698012429\n|move|p1b: Baxcalibur|Glaive Rush|p2a: Corphish\n|-damage|p2a: Corphish|0 fnt\n|-singlemove|p1b: Baxcalibur|Glaive Rush|[silent]\n|faint|p2a: Corphish\n|move|p1a: Snom|Struggle Bug|p2b: Crocalor\n|-resisted|p2b: Crocalor\n|-damage|p2b: Crocalor|91\/100 par\n|-unboost|p2b: Crocalor|spa|1\n|cant|p2b: Crocalor|par\n|\n|upkeep\n|\n|t:|1698012437\n|switch|p2a: Dragonite|Dragonite, F|100\/100\n|turn|4\n|\n|t:|1698012455\n|-terastallize|p1b: Baxcalibur|Ghost\n|-terastallize|p2a: Dragonite|Normal\n|move|p2a: Dragonite|Extreme Speed|p1b: Baxcalibur\n|-immune|p1b: Baxcalibur\n|move|p1b: Baxcalibur|Icicle Spear|p2a: Dragonite\n|-damage|p2a: Dragonite|89\/100\n|-damage|p2a: Dragonite|67\/100\n|-damage|p2a: Dragonite|45\/100\n|-damage|p2a: Dragonite|24\/100\n|-damage|p2a: Dragonite|2\/100\n|-hitcount|p2a: Dragonite|5\n|move|p1a: Snom|Icy Wind|p2b: Crocalor|[spread] p2a,p2b\n|-resisted|p2b: Crocalor\n|-damage|p2a: Dragonite|0 fnt\n|-damage|p2b: Crocalor|86\/100 par\n|-unboost|p2b: Crocalor|spe|1\n|faint|p2a: Dragonite\n|cant|p2b: Crocalor|par\n|\n|upkeep\n|\n|t:|1698012465\n|switch|p2a: Magnemite|Magnemite|100\/100\n|turn|5\n|c|\u2606FireFrostDragon|ok now it's over\n|l| Mega_Beedrill User\n|\n|t:|1698012486\n|move|p1b: Baxcalibur|Icicle Spear|p2a: Magnemite\n|-resisted|p2a: Magnemite\n|-damage|p2a: Magnemite|88\/100\n|-resisted|p2a: Magnemite\n|-damage|p2a: Magnemite|76\/100\n|-resisted|p2a: Magnemite\n|-crit|p2a: Magnemite\n|-damage|p2a: Magnemite|54\/100\n|-resisted|p2a: Magnemite\n|-damage|p2a: Magnemite|40\/100\n|-hitcount|p2a: Magnemite|4\n|move|p2a: Magnemite|Discharge|p1b: Baxcalibur|[spread] p2b,p1a,p1b\n|-damage|p2b: Crocalor|67\/100 par\n|-damage|p1a: Snom|55\/100\n|-damage|p1b: Baxcalibur|56\/100\n|-status|p1a: Snom|par\n|-status|p1b: Baxcalibur|par\n|move|p2b: Crocalor|Flamethrower|p1a: Snom\n|-supereffective|p1a: Snom\n|-damage|p1a: Snom|0 fnt\n|faint|p1a: Snom\n|\n|upkeep\n|c|\u2606IDK_ImBored7|yeah\n|inactive|FireFrostDragon has 120 seconds left.\n|c|\u2606IDK_ImBored7|gg\n|\n|t:|1698012509\n|switch|p1a: Deino|Deino, M|100\/100\n|turn|6\n|j| Nitrobinet\n|\n|t:|1698012529\n|cant|p1b: Baxcalibur|par\n|move|p2a: Magnemite|Volt Switch|p1b: Baxcalibur\n|-damage|p1b: Baxcalibur|23\/100 par\n|\n|t:|1698012534\n|switch|p2a: Bounsweet|Bounsweet, F|100\/100|[from] Volt Switch\n|move|p1a: Deino|Outrage|p2b: Crocalor\n|-damage|p2b: Crocalor|0 fnt\n|faint|p2b: Crocalor\n|\n|upkeep\n|\n|t:|1698012539\n|switch|p2b: Magnemite|Magnemite|40\/100\n|turn|7\n|\n|t:|1698012552\n|move|p1b: Baxcalibur|Icicle Spear|p2a: Bounsweet\n|-supereffective|p2a: Bounsweet\n|-damage|p2a: Bounsweet|57\/100\n|-supereffective|p2a: Bounsweet\n|-damage|p2a: Bounsweet|16\/100\n|-supereffective|p2a: Bounsweet\n|-damage|p2a: Bounsweet|0 fnt\n|faint|p2a: Bounsweet\n|-hitcount|p2: Bounsweet|3\n|move|p2b: Magnemite|Volt Switch|p1b: Baxcalibur\n|-damage|p1b: Baxcalibur|0 fnt\n|faint|p1b: Baxcalibur\n|move|p1a: Deino|Outrage|p2b: Magnemite|[from]lockedmove\n|-resisted|p2b: Magnemite\n|-damage|p2b: Magnemite|0 fnt\n|faint|p2b: Magnemite\n|-start|p1a: Deino|confusion|[fatigue]\n|\n|win|FireFrostDragon\n|n|\u2606FireFrostDragon|firefrostdragon\n|n|\u2606IDK_ImBored7|idkimbored7\n|n|*Lady Monita \u263d|ladymonita\n|n| Nitrobinet|nitrobinet\n","uploadtime":1698012553,"views":13,"p1id":"firefrostdragon","p2id":"idkimbored7","formatid":"gen9doublesou","rating":0,"private":0,"password":""}