{"id":"gen9doublesou-1971430623","p1":"Willow's Winter","p2":"ZooBros","format":"[Gen 9] Doubles OU","log":"|j|\u2606Willow's Winter\n|j|\u2606ZooBros\n|t:|1697737900\n|gametype|doubles\n|player|p1|Willow's Winter|heroine-conquest|1151\n|player|p2|ZooBros|265|1124\n|teamsize|p1|6\n|teamsize|p2|6\n|gen|9\n|tier|[Gen 9] Doubles OU\n|rated|\n|rule|Species Clause: Limit one of each Pok\u00e9mon\n|rule|OHKO Clause: OHKO moves are banned\n|rule|Evasion Moves Clause: Evasion moves are banned\n|rule|Gravity Sleep Clause: The combination of sleep-inducing moves with imperfect accuracy and Gravity or Gigantamax Orbeetle are banned\n|rule|Endless Battle Clause: Forcing endless battles is banned\n|rule|HP Percentage Mod: HP is shown in percentages\n|clearpoke\n|poke|p1|Cresselia, F|\n|poke|p1|Rillaboom, F|\n|poke|p1|Ursaluna-Bloodmoon, M|\n|poke|p1|Landorus-Therian, M|\n|poke|p1|Iron Hands|\n|poke|p1|Sinistcha|\n|poke|p2|Garchomp, F|\n|poke|p2|Tyranitar, M|\n|poke|p2|Garganacl, M|\n|poke|p2|Landorus-Therian, M|\n|poke|p2|Gliscor, M|\n|poke|p2|Kleavor, F|\n|teampreview\n|\n|t:|1697737911\n|start\n|switch|p1a: Rillaboom|Rillaboom, F|100\/100\n|switch|p1b: Landorus|Landorus-Therian, M|100\/100\n|switch|p2a: Kleavor|Kleavor, F, shiny|100\/100\n|switch|p2b: Tyranitar|Tyranitar, M, shiny|100\/100\n|-ability|p1b: Landorus|Intimidate|boost\n|-unboost|p2a: Kleavor|atk|1\n|-unboost|p2b: Tyranitar|atk|1\n|-fieldstart|move: Grassy Terrain|[from] ability: Grassy Surge|[of] p1a: Rillaboom\n|-weather|Sandstorm|[from] ability: Sand Stream|[of] p2b: Tyranitar\n|turn|1\n|\n|t:|1697737934\n|move|p1a: Rillaboom|Fake Out|p2a: Kleavor\n|-resisted|p2a: Kleavor\n|-damage|p2a: Kleavor|92\/100\n|cant|p2a: Kleavor|flinch\n|move|p1b: Landorus|Stealth Rock|p2b: Tyranitar\n|-sidestart|p2: ZooBros|move: Stealth Rock\n|move|p2b: Tyranitar|Rock Slide|p1a: Rillaboom|[spread] p1a,p1b\n|-damage|p1a: Rillaboom|80\/100\n|-damage|p1b: Landorus|82\/100\n|\n|-weather|Sandstorm|[upkeep]\n|-damage|p1a: Rillaboom|74\/100|[from] Sandstorm\n|-heal|p2a: Kleavor|98\/100|[from] Grassy Terrain\n|-heal|p1a: Rillaboom|80\/100|[from] Grassy Terrain\n|upkeep\n|turn|2\n|\n|t:|1697737955\n|move|p2a: Kleavor|Stone Axe|p1b: Landorus\n|-damage|p1b: Landorus|52\/100\n|-sidestart|p1: Willow's Winter|move: Stealth Rock\n|move|p1b: Landorus|Rock Slide|p2b: Tyranitar|[spread] p2a,p2b\n|-supereffective|p2a: Kleavor\n|-damage|p2a: Kleavor|42\/100\n|-damage|p2b: Tyranitar|85\/100\n|move|p1a: Rillaboom|Brick Break|p2b: Tyranitar\n|-supereffective|p2b: Tyranitar\n|-damage|p2b: Tyranitar|6\/100\n|cant|p2b: Tyranitar|flinch\n|\n|-weather|Sandstorm|[upkeep]\n|-damage|p1a: Rillaboom|74\/100|[from] Sandstorm\n|-heal|p2a: Kleavor|48\/100|[from] Grassy Terrain\n|-heal|p1a: Rillaboom|80\/100|[from] Grassy Terrain\n|-heal|p2b: Tyranitar|12\/100|[from] Grassy Terrain\n|-heal|p2b: Tyranitar|18\/100|[from] item: Leftovers\n|upkeep\n|turn|3\n|inactive|Battle timer is ON: inactive players will automatically lose when time's up. (requested by ZooBros)\n|\n|t:|1697737976\n|move|p2a: Kleavor|U-turn|p1a: Rillaboom\n|-supereffective|p1a: Rillaboom\n|-damage|p1a: Rillaboom|35\/100\n|c|\u2606Willow's Winter|hmm i have no spinner\n|\n|t:|1697737988\n|switch|p2a: Gliscor|Gliscor, M, shiny|100\/100|[from] U-turn\n|-damage|p2a: Gliscor|88\/100|[from] Stealth Rock\n|move|p1b: Landorus|Stomping Tantrum|p2a: Gliscor\n|-immune|p2a: Gliscor\n|move|p1a: Rillaboom|U-turn|p2b: Tyranitar\n|-supereffective|p2b: Tyranitar\n|-damage|p2b: Tyranitar|0 fnt\n|faint|p2b: Tyranitar\n|\n|t:|1697738001\n|switch|p1a: Cresselia|Cresselia, F, shiny|100\/100|[from] U-turn\n|-damage|p1a: Cresselia|88\/100|[from] Stealth Rock\n|\n|-weather|Sandstorm|[upkeep]\n|-status|p2a: Gliscor|tox|[from] item: Toxic Orb\n|upkeep\n|\n|t:|1697738016\n|switch|p2b: Garganacl|Garganacl, M|100\/100\n|-damage|p2b: Garganacl|88\/100|[from] Stealth Rock\n|turn|4\n|\n|t:|1697738035\n|move|p2a: Gliscor|Knock Off|p1a: Cresselia\n|-supereffective|p1a: Cresselia\n|-damage|p1a: Cresselia|54\/100\n|-enditem|p1a: Cresselia|Safety Goggles|[from] move: Knock Off|[of] p2a: Gliscor\n|move|p1b: Landorus|Stomping Tantrum|p2b: Garganacl\n|-supereffective|p2b: Garganacl\n|-damage|p2b: Garganacl|0 fnt\n|faint|p2b: Garganacl\n|move|p1a: Cresselia|Trick Room|p1a: Cresselia\n|-fieldstart|move: Trick Room|[of] p1a: Cresselia\n|\n|-weather|Sandstorm|[upkeep]\n|-damage|p1a: Cresselia|48\/100|[from] Sandstorm\n|-heal|p2a: Gliscor|100\/100 tox|[from] ability: Poison Heal\n|upkeep\n|\n|t:|1697738049\n|switch|p2b: Landorus|Landorus-Therian, M|100\/100\n|-damage|p2b: Landorus|88\/100|[from] Stealth Rock\n|-ability|p2b: Landorus|Intimidate|boost\n|-unboost|p1a: Cresselia|atk|1\n|-unboost|p1b: Landorus|atk|1\n|turn|5\n|\n|t:|1697738059\n|switch|p1b: Iron Hands|Iron Hands|100\/100\n|-damage|p1b: Iron Hands|94\/100|[from] Stealth Rock\n|move|p2a: Gliscor|Protect|p2a: Gliscor\n|-singleturn|p2a: Gliscor|Protect\n|move|p1a: Cresselia|Lunar Blessing|p1a: Cresselia|[spread] p1a,p1b\n|-heal|p1a: Cresselia|73\/100\n|-heal|p1b: Iron Hands|100\/100\n|move|p2b: Landorus|U-turn|p1a: Cresselia\n|-supereffective|p1a: Cresselia\n|-damage|p1a: Cresselia|31\/100\n|-damage|p2b: Landorus|79\/100|[from] item: Life Orb\n|\n|t:|1697738068\n|switch|p2b: Garchomp|Garchomp, F, shiny|100\/100|[from] U-turn\n|-damage|p2b: Garchomp|94\/100|[from] Stealth Rock\n|\n|-weather|none\n|-heal|p2b: Garchomp|100\/100|[from] Grassy Terrain\n|-fieldend|move: Grassy Terrain\n|upkeep\n|turn|6\n|\n|t:|1697738081\n|move|p1a: Cresselia|Helping Hand|p1b: Iron Hands\n|-singleturn|p1b: Iron Hands|Helping Hand|[of] p1a: Cresselia\n|move|p1b: Iron Hands|Ice Punch|p2a: Gliscor\n|-supereffective|p2a: Gliscor\n|-damage|p2a: Gliscor|0 fnt\n|faint|p2a: Gliscor\n|move|p2b: Garchomp|Earthquake|p1a: Cresselia|[spread] p1b\n|-immune|p1a: Cresselia|[from] ability: Levitate\n|-supereffective|p1b: Iron Hands\n|-damage|p1b: Iron Hands|62\/100\n|\n|upkeep\n|\n|t:|1697738094\n|switch|p2a: Kleavor|Kleavor, F, shiny|48\/100\n|-damage|p2a: Kleavor|23\/100|[from] Stealth Rock\n|turn|7\n|\n|t:|1697738108\n|switch|p1a: Toku Jingle Attack|Sinistcha|100\/100\n|-damage|p1a: Toku Jingle Attack|88\/100|[from] Stealth Rock\n|-heal|p1b: Iron Hands|87\/100|[from] ability: Hospitality|[of] p1a: Toku Jingle Attack\n|move|p1b: Iron Hands|Ice Punch|p2b: Garchomp\n|-supereffective|p2b: Garchomp\n|-damage|p2b: Garchomp|19\/100\n|-damage|p1b: Iron Hands|74\/100|[from] ability: Rough Skin|[of] p2b: Garchomp\n|-damage|p1b: Iron Hands|58\/100|[from] item: Rocky Helmet|[of] p2b: Garchomp\n|move|p2a: Kleavor|U-turn|p1a: Toku Jingle Attack\n|-damage|p1a: Toku Jingle Attack|61\/100\n|\n|t:|1697738113\n|switch|p2a: Landorus|Landorus-Therian, M|79\/100|[from] U-turn\n|-damage|p2a: Landorus|66\/100|[from] Stealth Rock\n|-ability|p2a: Landorus|Intimidate|boost\n|-unboost|p1a: Toku Jingle Attack|atk|1\n|-unboost|p1b: Iron Hands|atk|1\n|move|p2b: Garchomp|Earthquake|p1b: Iron Hands|[spread] p1a,p1b\n|-immune|p2a: Landorus\n|-resisted|p1a: Toku Jingle Attack\n|-supereffective|p1b: Iron Hands\n|-damage|p1a: Toku Jingle Attack|50\/100\n|-damage|p1b: Iron Hands|15\/100\n|-enditem|p1a: Toku Jingle Attack|Sitrus Berry|[eat]\n|-heal|p1a: Toku Jingle Attack|74\/100|[from] item: Sitrus Berry\n|\n|upkeep\n|turn|8\n|\n|t:|1697738139\n|-terastallize|p2a: Landorus|Flying\n|move|p1b: Iron Hands|Ice Punch|p2a: Landorus\n|-supereffective|p2a: Landorus\n|-damage|p2a: Landorus|18\/100\n|move|p1a: Toku Jingle Attack|Matcha Gotcha|p2a: Landorus|[spread] p2a,p2b\n|-resisted|p2a: Landorus\n|-damage|p2a: Landorus|2\/100\n|-heal|p1a: Toku Jingle Attack|82\/100|[from] drain|[of] p2a: Landorus\n|-damage|p2b: Garchomp|0 fnt\n|-heal|p1a: Toku Jingle Attack|92\/100|[from] drain|[of] p2b: Garchomp\n|faint|p2b: Garchomp\n|move|p2a: Landorus|Stone Edge|p1a: Toku Jingle Attack|[miss]\n|-miss|p2a: Landorus|p1a: Toku Jingle Attack\n|\n|-fieldend|move: Trick Room\n|upkeep\n|\n|t:|1697738143\n|switch|p2b: Kleavor|Kleavor, F, shiny|23\/100\n|-damage|p2b: Kleavor|0 fnt|[from] Stealth Rock\n|faint|p2b: Kleavor\n|turn|9\n|c|\u2606ZooBros|gg\n|-message|ZooBros forfeited.\n|\n|win|Willow's Winter\n|raw|Willow&apos;s Winter's rating: 1151 &rarr; <strong>1174<\/strong><br \/>(+23 for winning)\n|raw|ZooBros's rating: 1124 &rarr; <strong>1101<\/strong><br \/>(-23 for losing)\n|l|\u2606ZooBros\n","uploadtime":1697738170,"views":15,"p1id":"willowswinter","p2id":"zoobros","formatid":"gen9doublesou","rating":1101,"private":0,"password":""}