{"id":"gen9doublesou-1982936508","p1":"StephenStone1130","p2":"Wookiebacon","format":"[Gen 9] Doubles OU","log":"|j|\u2606StephenStone1130\n|j|\u2606Wookiebacon\n|t:|1699060639\n|gametype|doubles\n|player|p1|StephenStone1130|169|\n|player|p2|Wookiebacon|iris|\n|teamsize|p1|6\n|teamsize|p2|6\n|gen|9\n|tier|[Gen 9] Doubles OU\n|rule|Species Clause: Limit one of each Pok\u00e9mon\n|rule|OHKO Clause: OHKO moves are banned\n|rule|Evasion Moves Clause: Evasion moves are banned\n|rule|Gravity Sleep Clause: The combination of sleep-inducing moves with imperfect accuracy and Gravity or Gigantamax Orbeetle are banned\n|rule|Endless Battle Clause: Forcing endless battles is banned\n|rule|HP Percentage Mod: HP is shown in percentages\n|clearpoke\n|poke|p1|Cresselia, F|\n|poke|p1|Iron Jugulis|\n|poke|p1|Krookodile, F|\n|poke|p1|Gyarados, M|\n|poke|p1|Lucario, F|\n|poke|p1|Typhlosion-Hisui, M|\n|poke|p2|Sylveon, F|\n|poke|p2|Iron Bundle|\n|poke|p2|Dragonite, F|\n|poke|p2|Amoonguss, F|\n|poke|p2|Donphan, M|\n|poke|p2|Scizor, M|\n|teampreview\n|\n|t:|1699060665\n|start\n|switch|p1a: Typhlosion|Typhlosion-Hisui, M|100\/100\n|switch|p1b: Iron Jugulis|Iron Jugulis|100\/100\n|switch|p2a: Hatsume's Creation|Iron Bundle|100\/100\n|switch|p2b: Ryuko Tatsuma|Dragonite, F|100\/100\n|-item|p2a: Hatsume's Creation|Choice Specs|[from] ability: Frisk|[of] p1a: Typhlosion|[identify]\n|-item|p2b: Ryuko Tatsuma|Dragon Fang|[from] ability: Frisk|[of] p1a: Typhlosion|[identify]\n|-enditem|p1b: Iron Jugulis|Booster Energy\n|-activate|p1b: Iron Jugulis|ability: Quark Drive|[fromitem]\n|-start|p1b: Iron Jugulis|quarkdrivespe\n|turn|1\n|j| Kevin Dickey12\n|\n|t:|1699060703\n|-terastallize|p1a: Typhlosion|Fire\n|move|p1b: Iron Jugulis|Sunny Day|p1b: Iron Jugulis\n|-weather|SunnyDay\n|move|p1a: Typhlosion|Eruption|p2a: Hatsume's Creation|[spread] p2a,p2b\n|-resisted|p2b: Ryuko Tatsuma\n|-damage|p2a: Hatsume's Creation|0 fnt\n|-damage|p2b: Ryuko Tatsuma|72\/100\n|faint|p2a: Hatsume's Creation\n|-end|p2a: Hatsume's Creation|Quark Drive|[silent]\n|move|p2b: Ryuko Tatsuma|Dragon Dance|p2b: Ryuko Tatsuma\n|-boost|p2b: Ryuko Tatsuma|atk|1\n|-boost|p2b: Ryuko Tatsuma|spe|1\n|\n|-weather|SunnyDay|[upkeep]\n|upkeep\n|\n|t:|1699060719\n|switch|p2a: Fat Gum|Donphan, M|100\/100\n|turn|2\n|j| Redzone92\n|\n|t:|1699060742\n|move|p1b: Iron Jugulis|Dragon Pulse|p2b: Ryuko Tatsuma\n|-supereffective|p2b: Ryuko Tatsuma\n|-damage|p2b: Ryuko Tatsuma|17\/100\n|move|p1a: Typhlosion|Eruption|p2a: Fat Gum|[spread] p2a,p2b\n|-resisted|p2b: Ryuko Tatsuma\n|-ability|p2a: Fat Gum|Sturdy\n|-damage|p2a: Fat Gum|1\/100\n|-damage|p2b: Ryuko Tatsuma|0 fnt\n|faint|p2b: Ryuko Tatsuma\n|move|p2a: Fat Gum|Earthquake|p1b: Iron Jugulis|[spread] p1a\n|-immune|p1b: Iron Jugulis\n|-supereffective|p1a: Typhlosion\n|-damage|p1a: Typhlosion|0 fnt\n|faint|p1a: Typhlosion\n|\n|-weather|SunnyDay|[upkeep]\n|upkeep\n|\n|t:|1699060767\n|switch|p1a: Lucario|Lucario, F|100\/100\n|switch|p2b: Nejire Hado|Sylveon, F, shiny|100\/100\n|turn|3\n|\n|t:|1699060789\n|move|p1b: Iron Jugulis|Flash Cannon|p2a: Fat Gum\n|-damage|p2a: Fat Gum|0 fnt\n|faint|p2a: Fat Gum\n|move|p1a: Lucario|Swords Dance|p1a: Lucario\n|-boost|p1a: Lucario|atk|2\n|move|p2b: Nejire Hado|Hyper Voice|p1b: Iron Jugulis|[spread] p1a,p1b\n|-supereffective|p1b: Iron Jugulis\n|-damage|p1a: Lucario|55\/100\n|-damage|p1b: Iron Jugulis|20\/100\n|-enditem|p2b: Nejire Hado|Throat Spray\n|-boost|p2b: Nejire Hado|spa|1|[from] item: Throat Spray\n|\n|-weather|SunnyDay|[upkeep]\n|upkeep\n|\n|t:|1699060801\n|switch|p2a: Kinoko Komori|Amoonguss, F|100\/100\n|turn|4\n|\n|t:|1699060811\n|move|p2a: Kinoko Komori|Rage Powder|p2a: Kinoko Komori\n|-singleturn|p2a: Kinoko Komori|move: Rage Powder\n|move|p1a: Lucario|Bullet Punch|p2a: Kinoko Komori\n|-damage|p2a: Kinoko Komori|62\/100\n|-status|p1a: Lucario|par|[from] ability: Effect Spore|[of] p2a: Kinoko Komori\n|move|p1b: Iron Jugulis|Heat Wave|p2b: Nejire Hado|[spread] p2a,p2b\n|-supereffective|p2a: Kinoko Komori\n|-damage|p2a: Kinoko Komori|0 fnt\n|-damage|p2b: Nejire Hado|74\/100\n|-status|p2b: Nejire Hado|brn\n|faint|p2a: Kinoko Komori\n|move|p2b: Nejire Hado|Hyper Voice|p1b: Iron Jugulis|[spread] p1a,p1b\n|-supereffective|p1b: Iron Jugulis\n|-damage|p1a: Lucario|0 fnt\n|-damage|p1b: Iron Jugulis|0 fnt\n|faint|p1a: Lucario\n|faint|p1b: Iron Jugulis\n|-end|p1b: Iron Jugulis|Quark Drive|[silent]\n|\n|-weather|SunnyDay|[upkeep]\n|-damage|p2b: Nejire Hado|68\/100 brn|[from] brn\n|upkeep\n|\n|t:|1699060832\n|switch|p1b: Gyarados|Gyarados, M|100\/100\n|switch|p1a: Krookodile|Krookodile, F|100\/100\n|switch|p2a: Tetsu Tetsu|Scizor, M|100\/100\n|turn|5\n|\n|t:|1699060908\n|-terastallize|p2b: Nejire Hado|Dark\n|move|p1a: Krookodile|Fire Fang|p2a: Tetsu Tetsu\n|-supereffective|p2a: Tetsu Tetsu\n|-damage|p2a: Tetsu Tetsu|0 fnt\n|faint|p2a: Tetsu Tetsu\n|-ability|p1a: Krookodile|Moxie|boost\n|-boost|p1a: Krookodile|atk|1\n|-damage|p1a: Krookodile|91\/100|[from] item: Life Orb\n|move|p1b: Gyarados|Earthquake|p2b: Nejire Hado|[spread] p1a,p2b\n|-damage|p1a: Krookodile|59\/100\n|-damage|p2b: Nejire Hado|48\/100 brn\n|move|p2b: Nejire Hado|Wish|p2b: Nejire Hado\n|\n|-weather|none\n|-damage|p2b: Nejire Hado|42\/100 brn|[from] brn\n|upkeep\n|turn|6\n|\n|t:|1699060937\n|move|p1a: Krookodile|Earthquake|p2b: Nejire Hado|[spread] p2b\n|-immune|p1b: Gyarados\n|-damage|p2b: Nejire Hado|0 fnt\n|faint|p2b: Nejire Hado\n|-damage|p1a: Krookodile|49\/100|[from] item: Life Orb\n|\n|win|StephenStone1130\n","uploadtime":1699060945,"views":32,"p1id":"stephenstone1130","p2id":"wookiebacon","formatid":"gen9doublesou","rating":0,"private":0,"password":""}