{"id":"gen9doublesou-1978258956","p1":"AlmostTruenoglaca","p2":"F13","format":"[Gen 9] Doubles OU","log":"|j|\u2606AlmostTruenoglaca\n|j|\u2606F13\n|t:|1698518026\n|gametype|doubles\n|player|p1|AlmostTruenoglaca|2|1374\n|player|p2|F13|dawn-gen4pt|1465\n|teamsize|p1|6\n|teamsize|p2|6\n|gen|9\n|tier|[Gen 9] Doubles OU\n|rated|\n|rule|Species Clause: Limit one of each Pok\u00e9mon\n|rule|OHKO Clause: OHKO moves are banned\n|rule|Evasion Moves Clause: Evasion moves are banned\n|rule|Gravity Sleep Clause: The combination of sleep-inducing moves with imperfect accuracy and Gravity or Gigantamax Orbeetle are banned\n|rule|Endless Battle Clause: Forcing endless battles is banned\n|rule|HP Percentage Mod: HP is shown in percentages\n|clearpoke\n|poke|p1|Garchomp, F|\n|poke|p1|Decidueye, M|\n|poke|p1|Armarouge, F|\n|poke|p1|Walking Wake|\n|poke|p1|Corviknight, F|\n|poke|p1|Ting-Lu|\n|poke|p2|Scizor, F|\n|poke|p2|Arcanine-Hisui, M|\n|poke|p2|Gastrodon-East, F|\n|poke|p2|Flutter Mane|\n|poke|p2|Great Tusk|\n|poke|p2|Grimmsnarl, M|\n|teampreview\n|\n|t:|1698518071\n|start\n|switch|p1a: Corviknight|Corviknight, F|100\/100\n|switch|p1b: Walking Wake|Walking Wake|100\/100\n|switch|p2a: Arcanine|Arcanine-Hisui, M|100\/100\n|switch|p2b: Great Tusk|Great Tusk|100\/100\n|-ability|p2a: Arcanine|Intimidate|boost\n|-ability|p1a: Corviknight|Mirror Armor\n|-unboost|p2a: Arcanine|atk|1\n|-unboost|p1b: Walking Wake|atk|1\n|-item|p2a: Arcanine|Air Balloon\n|-enditem|p1b: Walking Wake|Booster Energy\n|-activate|p1b: Walking Wake|ability: Protosynthesis|[fromitem]\n|-start|p1b: Walking Wake|protosynthesisspa\n|turn|1\n|\n|t:|1698518107\n|switch|p2a: Gastrodon|Gastrodon-East, F|100\/100\n|move|p1b: Walking Wake|Hurricane|p2b: Great Tusk\n|-supereffective|p2b: Great Tusk\n|-damage|p2b: Great Tusk|32\/100\n|-start|p2b: Great Tusk|confusion\n|move|p1a: Corviknight|Tailwind|p1a: Corviknight\n|-sidestart|p1: AlmostTruenoglaca|move: Tailwind\n|-activate|p2b: Great Tusk|confusion\n|move|p2b: Great Tusk|Knock Off|p1a: Corviknight\n|-damage|p1a: Corviknight|68\/100\n|-enditem|p1a: Corviknight|Leftovers|[from] move: Knock Off|[of] p2b: Great Tusk\n|\n|upkeep\n|turn|2\n|\n|t:|1698518133\n|-end|p2b: Great Tusk|Protosynthesis|[silent]\n|switch|p2b: Grimmsnarl|Grimmsnarl, M|100\/100\n|move|p1b: Walking Wake|Protect|p1b: Walking Wake\n|-singleturn|p1b: Walking Wake|Protect\n|move|p1a: Corviknight|Brave Bird|p2b: Grimmsnarl\n|-crit|p2b: Grimmsnarl\n|-damage|p2b: Grimmsnarl|16\/100\n|-enditem|p2b: Grimmsnarl|Sitrus Berry|[eat]\n|-heal|p2b: Grimmsnarl|41\/100|[from] item: Sitrus Berry\n|-damage|p1a: Corviknight|38\/100|[from] Recoil\n|move|p2a: Gastrodon|Stealth Rock|p1a: Corviknight\n|-sidestart|p1: AlmostTruenoglaca|move: Stealth Rock\n|\n|upkeep\n|turn|3\n|\n|t:|1698518165\n|move|p2b: Grimmsnarl|Thunder Wave|p1b: Walking Wake\n|-status|p1b: Walking Wake|par\n|move|p1a: Corviknight|U-turn|p2b: Grimmsnarl\n|-damage|p2b: Grimmsnarl|19\/100\n|\n|t:|1698518170\n|switch|p1a: Decidueye|Decidueye, M|100\/100|[from] U-turn\n|-damage|p1a: Decidueye|88\/100|[from] Stealth Rock\n|move|p1b: Walking Wake|Flamethrower|p2b: Grimmsnarl\n|-damage|p2b: Grimmsnarl|0 fnt\n|faint|p2b: Grimmsnarl\n|move|p2a: Gastrodon|Icy Wind|p1b: Walking Wake|[spread] p1a,p1b\n|-supereffective|p1a: Decidueye\n|-damage|p1a: Decidueye|65\/100\n|-damage|p1b: Walking Wake|90\/100 par\n|-unboost|p1a: Decidueye|spe|1\n|-unboost|p1b: Walking Wake|spe|1\n|\n|upkeep\n|\n|t:|1698518189\n|switch|p2b: Flutter Mane|Flutter Mane|100\/100\n|turn|4\n|\n|t:|1698518202\n|move|p1b: Walking Wake|Protect|p1b: Walking Wake\n|-singleturn|p1b: Walking Wake|Protect\n|move|p2b: Flutter Mane|Dazzling Gleam|p1a: Decidueye|[spread] p1a\n|-activate|p1b: Walking Wake|move: Protect\n|-damage|p1a: Decidueye|31\/100\n|move|p1a: Decidueye|Leaf Blade|p2a: Gastrodon\n|-supereffective|p2a: Gastrodon\n|-damage|p2a: Gastrodon|0 fnt\n|faint|p2a: Gastrodon\n|\n|-sideend|p1: AlmostTruenoglaca|move: Tailwind\n|upkeep\n|\n|t:|1698518214\n|switch|p2a: Arcanine|Arcanine-Hisui, M|100\/100\n|-ability|p2a: Arcanine|Intimidate|boost\n|-unboost|p1a: Decidueye|atk|1\n|-unboost|p1b: Walking Wake|atk|1\n|-item|p2a: Arcanine|Air Balloon\n|turn|5\n|\n|t:|1698518225\n|switch|p1a: Ting-Lu|Ting-Lu|100\/100\n|-damage|p1a: Ting-Lu|94\/100|[from] Stealth Rock\n|-ability|p1a: Ting-Lu|Vessel of Ruin\n|switch|p2a: Great Tusk|Great Tusk|32\/100\n|move|p2b: Flutter Mane|Dazzling Gleam|p1b: Walking Wake|[spread] p1a,p1b\n|-supereffective|p1a: Ting-Lu\n|-supereffective|p1b: Walking Wake\n|-damage|p1a: Ting-Lu|64\/100\n|-damage|p1b: Walking Wake|38\/100 par\n|move|p1b: Walking Wake|Hydro Steam|p2a: Great Tusk\n|-supereffective|p2a: Great Tusk\n|-damage|p2a: Great Tusk|0 fnt\n|faint|p2a: Great Tusk\n|-end|p2a: Great Tusk|Protosynthesis|[silent]\n|\n|upkeep\n|\n|t:|1698518240\n|switch|p2a: Scizor|Scizor, F|100\/100\n|turn|6\n|\n|t:|1698518251\n|move|p2b: Flutter Mane|Dazzling Gleam|p1a: Ting-Lu|[spread] p1a,p1b\n|-supereffective|p1a: Ting-Lu\n|-supereffective|p1b: Walking Wake\n|-damage|p1a: Ting-Lu|33\/100\n|-damage|p1b: Walking Wake|0 fnt\n|faint|p1b: Walking Wake\n|-end|p1b: Walking Wake|Protosynthesis|[silent]\n|move|p2a: Scizor|U-turn|p1a: Ting-Lu\n|-supereffective|p1a: Ting-Lu\n|-damage|p1a: Ting-Lu|0 fnt\n|faint|p1a: Ting-Lu\n|\n|t:|1698518260\n|switch|p2a: Arcanine|Arcanine-Hisui, M|100\/100|[from] U-turn\n|-item|p2a: Arcanine|Air Balloon\n|\n|upkeep\n|\n|t:|1698518274\n|switch|p1b: Decidueye|Decidueye, M|31\/100\n|switch|p1a: Corviknight|Corviknight, F|38\/100\n|-damage|p1b: Decidueye|18\/100|[from] Stealth Rock\n|-damage|p1a: Corviknight|26\/100|[from] Stealth Rock\n|turn|7\n|\n|t:|1698518291\n|switch|p2a: Scizor|Scizor, F|100\/100\n|move|p2b: Flutter Mane|Dazzling Gleam|p1b: Decidueye|[spread] p1a,p1b\n|-resisted|p1a: Corviknight\n|-damage|p1a: Corviknight|11\/100\n|-damage|p1b: Decidueye|0 fnt\n|faint|p1b: Decidueye\n|move|p1a: Corviknight|Tailwind|p1a: Corviknight\n|-sidestart|p1: AlmostTruenoglaca|move: Tailwind\n|\n|upkeep\n|\n|t:|1698518300\n|switch|p1b: Armarouge|Armarouge, F|100\/100\n|-damage|p1b: Armarouge|75\/100|[from] Stealth Rock\n|turn|8\n|\n|t:|1698518326\n|switch|p2a: Arcanine|Arcanine-Hisui, M|100\/100\n|-ability|p2a: Arcanine|Intimidate|boost\n|-ability|p1a: Corviknight|Mirror Armor\n|-unboost|p2a: Arcanine|atk|1\n|-unboost|p1b: Armarouge|atk|1\n|-item|p2a: Arcanine|Air Balloon\n|-terastallize|p2b: Flutter Mane|Normal\n|move|p2b: Flutter Mane|Dazzling Gleam|p1b: Armarouge|[spread] p1a,p1b\n|-resisted|p1a: Corviknight\n|-resisted|p1b: Armarouge\n|-damage|p1a: Corviknight|0 fnt\n|-damage|p1b: Armarouge|57\/100\n|faint|p1a: Corviknight\n|move|p1b: Armarouge|Heat Wave|p2b: Flutter Mane|[spread] p2b\n|-miss|p1b: Armarouge|p2a: Arcanine\n|-damage|p2b: Flutter Mane|43\/100\n|-damage|p1b: Armarouge|47\/100|[from] item: Life Orb\n|\n|upkeep\n|\n|t:|1698518343\n|switch|p1a: Garchomp|Garchomp, F|100\/100\n|-damage|p1a: Garchomp|94\/100|[from] Stealth Rock\n|turn|9\n|\n|t:|1698518355\n|-terastallize|p1a: Garchomp|Steel\n|move|p1a: Garchomp|Rock Slide|p2b: Flutter Mane|[spread] p2a,p2b\n|-supereffective|p2a: Arcanine\n|-damage|p2a: Arcanine|59\/100\n|-damage|p2b: Flutter Mane|1\/100\n|-enditem|p2a: Arcanine|Air Balloon\n|cant|p2b: Flutter Mane|flinch\n|move|p1b: Armarouge|Heat Wave|p2a: Arcanine|[spread] p2a,p2b\n|-resisted|p2a: Arcanine\n|-damage|p2a: Arcanine|48\/100\n|-damage|p2b: Flutter Mane|0 fnt\n|faint|p2b: Flutter Mane\n|-end|p2b: Flutter Mane|Protosynthesis|[silent]\n|-damage|p1b: Armarouge|37\/100|[from] item: Life Orb\n|move|p2a: Arcanine|Snarl|p1a: Garchomp|[spread] p1a,p1b\n|-supereffective|p1b: Armarouge\n|-damage|p1a: Garchomp|88\/100\n|-damage|p1b: Armarouge|17\/100\n|-unboost|p1a: Garchomp|spa|1\n|-unboost|p1b: Armarouge|spa|1\n|\n|upkeep\n|\n|t:|1698518373\n|switch|p2b: Scizor|Scizor, F|100\/100\n|turn|10\n|\n|t:|1698518402\n|move|p2b: Scizor|Bullet Punch|p1b: Armarouge\n|-resisted|p1b: Armarouge\n|-damage|p1b: Armarouge|0 fnt\n|faint|p1b: Armarouge\n|move|p1a: Garchomp|Rock Slide|p2b: Scizor|[spread] p2a,p2b\n|-supereffective|p2a: Arcanine\n|-damage|p2a: Arcanine|11\/100\n|-damage|p2b: Scizor|80\/100\n|move|p2a: Arcanine|Flare Blitz|p1a: Garchomp\n|-supereffective|p1a: Garchomp\n|-damage|p1a: Garchomp|9\/100\n|-damage|p2a: Arcanine|0 fnt|[from] ability: Rough Skin|[of] p1a: Garchomp\n|faint|p2a: Arcanine\n|\n|-sideend|p1: AlmostTruenoglaca|move: Tailwind\n|upkeep\n|turn|11\n|\n|t:|1698518415\n|move|p2b: Scizor|Bullet Punch|p1a: Garchomp\n|-resisted|p1a: Garchomp\n|-crit|p1a: Garchomp\n|-damage|p1a: Garchomp|0 fnt\n|-damage|p2b: Scizor|67\/100|[from] ability: Rough Skin|[of] p1a: Garchomp\n|faint|p1a: Garchomp\n|\n|win|F13\n|raw|AlmostTruenoglaca's rating: 1374 &rarr; <strong>1359<\/strong><br \/>(-15 for losing)\n|raw|F13's rating: 1465 &rarr; <strong>1480<\/strong><br \/>(+15 for winning)\n|l|\u2606AlmostTruenoglaca\n|c|\u2606F13|gg\n","uploadtime":1698518433,"views":13,"p1id":"almosttruenoglaca","p2id":"f13","formatid":"gen9doublesou","rating":1359,"private":0,"password":""}