{"id":"gen9doublesou-1995493775","p1":"dropthemike","p2":"Be3n346","format":"[Gen 9] Doubles OU","log":"|j|\u2606dropthemike\n|j|\u2606Be3n346\n|t:|1700576839\n|gametype|doubles\n|player|p1|dropthemike|roxie|1088\n|player|p2|Be3n346|265|1155\n|teamsize|p1|6\n|teamsize|p2|6\n|gen|9\n|tier|[Gen 9] Doubles OU\n|rated|\n|rule|Species Clause: Limit one of each Pok\u00e9mon\n|rule|OHKO Clause: OHKO moves are banned\n|rule|Evasion Moves Clause: Evasion moves are banned\n|rule|Gravity Sleep Clause: The combination of sleep-inducing moves with imperfect accuracy and Gravity or Gigantamax Orbeetle are banned\n|rule|Endless Battle Clause: Forcing endless battles is banned\n|rule|HP Percentage Mod: HP is shown in percentages\n|clearpoke\n|poke|p1|Skeledirge, M|\n|poke|p1|Diancie|\n|poke|p1|Noivern, F|\n|poke|p1|Regieleki|\n|poke|p1|Samurott, M|\n|poke|p1|Chesnaught, M|\n|poke|p2|Torkoal, M|\n|poke|p2|Typhlosion, F|\n|poke|p2|Dachsbun, M|\n|poke|p2|Sableye, F|\n|poke|p2|Roaring Moon|\n|poke|p2|Tornadus, M|\n|teampreview\n|\n|t:|1700576865\n|start\n|switch|p1a: Skeledirge|Skeledirge, M|100\/100\n|switch|p1b: Chesnaught|Chesnaught, M|100\/100\n|switch|p2a: Roaring Moon|Roaring Moon|100\/100\n|switch|p2b: Tornadus|Tornadus, M|100\/100\n|turn|1\n|\n|t:|1700576883\n|move|p2b: Tornadus|Taunt|p1b: Chesnaught\n|-start|p1b: Chesnaught|move: Taunt\n|move|p2a: Roaring Moon|Dragon Dance|p2a: Roaring Moon\n|-boost|p2a: Roaring Moon|atk|1\n|-boost|p2a: Roaring Moon|spe|1\n|move|p1a: Skeledirge|Fire Pledge|p2b: Tornadus\n|-waiting|p1a: Skeledirge|p1b: Chesnaught\n|move|p1b: Chesnaught|Grass Pledge|p2b: Tornadus|[from]move: Fire Pledge\n|-combine\n|-damage|p2b: Tornadus|46\/100\n|-sidestart|p2: Be3n346|Fire Pledge\n|\n|-damage|p2a: Roaring Moon|88\/100|[from] Fire Pledge\n|-damage|p2b: Tornadus|34\/100|[from] Fire Pledge\n|upkeep\n|turn|2\n|\n|t:|1700576905\n|move|p2a: Roaring Moon|Scale Shot|p1a: Skeledirge\n|-damage|p1a: Skeledirge|81\/100\n|-damage|p1a: Skeledirge|63\/100\n|-damage|p1a: Skeledirge|43\/100\n|-hitcount|p1a: Skeledirge|3\n|-unboost|p2a: Roaring Moon|def|1\n|-boost|p2a: Roaring Moon|spe|1\n|move|p2b: Tornadus|Bleakwind Storm|p1b: Chesnaught|[spread] p1a,p1b\n|-supereffective|p1b: Chesnaught\n|-damage|p1a: Skeledirge|1\/100\n|-enditem|p1b: Chesnaught|Focus Sash\n|-damage|p1b: Chesnaught|1\/100\n|-unboost|p1a: Skeledirge|spe|1\n|move|p1b: Chesnaught|Grass Pledge|p2b: Tornadus\n|-resisted|p2b: Tornadus\n|-damage|p2b: Tornadus|12\/100\n|move|p1a: Skeledirge|Will-O-Wisp|p2a: Roaring Moon\n|-status|p2a: Roaring Moon|brn\n|\n|-damage|p2a: Roaring Moon|76\/100 brn|[from] Fire Pledge\n|-damage|p2b: Tornadus|0 fnt|[from] Fire Pledge\n|faint|p2b: Tornadus\n|-damage|p2a: Roaring Moon|70\/100 brn|[from] brn\n|upkeep\n|\n|t:|1700576936\n|switch|p2b: Typhlosion|Typhlosion, F|100\/100\n|turn|3\n|\n|t:|1700576958\n|-end|p2a: Roaring Moon|Protosynthesis|[silent]\n|switch|p2a: Torkoal|Torkoal, M|100\/100\n|-weather|SunnyDay|[from] ability: Drought|[of] p2a: Torkoal\n|move|p2b: Typhlosion|Lava Plume|p1a: Skeledirge|[spread] p2a,p1a,p1b\n|-resisted|p2a: Torkoal\n|-resisted|p1a: Skeledirge\n|-supereffective|p1b: Chesnaught\n|-damage|p2a: Torkoal|75\/100\n|-damage|p1a: Skeledirge|0 fnt\n|-damage|p1b: Chesnaught|0 fnt\n|faint|p1a: Skeledirge\n|faint|p1b: Chesnaught\n|\n|-weather|SunnyDay|[upkeep]\n|upkeep\n|\n|t:|1700576974\n|switch|p1a: Samurott|Samurott, M|100\/100\n|switch|p1b: Diancie|Diancie|100\/100\n|turn|4\n|\n|t:|1700576990\n|switch|p2b: Roaring Moon|Roaring Moon|70\/100 brn\n|-activate|p2b: Roaring Moon|ability: Protosynthesis\n|-start|p2b: Roaring Moon|protosynthesisatk\n|move|p1b: Diancie|Calm Mind|p1b: Diancie\n|-boost|p1b: Diancie|spa|1\n|-boost|p1b: Diancie|spd|1\n|move|p1a: Samurott|Rain Dance|p1a: Samurott\n|-weather|RainDance\n|-end|p2b: Roaring Moon|Protosynthesis\n|move|p2a: Torkoal|Yawn|p1a: Samurott\n|-start|p1a: Samurott|move: Yawn|[of] p2a: Torkoal\n|\n|-weather|RainDance|[upkeep]\n|-damage|p2b: Roaring Moon|58\/100 brn|[from] Fire Pledge\n|-damage|p2b: Roaring Moon|52\/100 brn|[from] brn\n|-sideend|p2: Be3n346|Fire Pledge\n|upkeep\n|turn|5\n|\n|t:|1700577016\n|switch|p2a: Dachsbun|Dachsbun, M|100\/100\n|move|p2b: Roaring Moon|Scale Shot|p1a: Samurott|[miss]\n|-miss|p2b: Roaring Moon|p1a: Samurott\n|move|p1b: Diancie|Calm Mind|p1b: Diancie\n|-boost|p1b: Diancie|spa|1\n|-boost|p1b: Diancie|spd|1\n|move|p1a: Samurott|Water Pledge|p2b: Roaring Moon\n|-resisted|p2b: Roaring Moon\n|-damage|p2b: Roaring Moon|23\/100 brn\n|\n|-weather|RainDance|[upkeep]\n|-damage|p2b: Roaring Moon|17\/100 brn|[from] brn\n|-end|p1a: Samurott|move: Yawn|[silent]\n|-status|p1a: Samurott|slp\n|upkeep\n|turn|6\n|\n|t:|1700577042\n|move|p2b: Roaring Moon|Scale Shot|p1a: Samurott\n|-damage|p1a: Samurott|93\/100 slp\n|-damage|p1a: Samurott|85\/100 slp\n|-damage|p1a: Samurott|77\/100 slp\n|-hitcount|p1a: Samurott|3\n|-unboost|p2b: Roaring Moon|def|1\n|-boost|p2b: Roaring Moon|spe|1\n|move|p2a: Dachsbun|Wish|p2a: Dachsbun\n|move|p1b: Diancie|Baton Pass|p1b: Diancie\n|\n|t:|1700577053\n|switch|p1b: Regieleki|Regieleki|100\/100|[from] Baton Pass\n|cant|p1a: Samurott|slp\n|\n|-weather|RainDance|[upkeep]\n|-damage|p2b: Roaring Moon|11\/100 brn|[from] brn\n|upkeep\n|turn|7\n|\n|t:|1700577094\n|-terastallize|p1b: Regieleki|Electric\n|move|p1b: Regieleki|Electro Ball|p2a: Dachsbun\n|-damage|p2a: Dachsbun|0 fnt\n|faint|p2a: Dachsbun\n|move|p2b: Roaring Moon|Crunch|p1a: Samurott\n|-damage|p1a: Samurott|51\/100 slp\n|-curestatus|p1a: Samurott|slp|[msg]\n|move|p1a: Samurott|Water Pledge|p2b: Roaring Moon\n|-resisted|p2b: Roaring Moon\n|-damage|p2b: Roaring Moon|0 fnt\n|faint|p2b: Roaring Moon\n|-end|p2b: Roaring Moon|Protosynthesis|[silent]\n|\n|-weather|RainDance|[upkeep]\n|upkeep\n|\n|t:|1700577115\n|switch|p2b: Typhlosion|Typhlosion, F|100\/100\n|switch|p2a: Torkoal|Torkoal, M|75\/100\n|-weather|SunnyDay|[from] ability: Drought|[of] p2a: Torkoal\n|turn|8\n|\n|t:|1700577136\n|-terastallize|p2b: Typhlosion|Fire\n|move|p1b: Regieleki|Electro Ball|p2a: Torkoal\n|-damage|p2a: Torkoal|0 fnt\n|faint|p2a: Torkoal\n|move|p2b: Typhlosion|Lava Plume|p1a: Samurott|[spread] p1a,p1b\n|-resisted|p1a: Samurott\n|-damage|p1a: Samurott|12\/100\n|-damage|p1b: Regieleki|47\/100\n|move|p1a: Samurott|Rain Dance|p1a: Samurott\n|-weather|RainDance\n|\n|-weather|RainDance|[upkeep]\n|upkeep\n|\n|t:|1700577148\n|switch|p2a: Sableye|Sableye, F|100\/100\n|turn|9\n|\n|t:|1700577172\n|move|p2a: Sableye|Will-O-Wisp|p2b: Typhlosion\n|-start|p2b: Typhlosion|ability: Flash Fire\n|move|p1b: Regieleki|Electro Ball|p2a: Sableye\n|-damage|p2a: Sableye|0 fnt\n|faint|p2a: Sableye\n|move|p2b: Typhlosion|Lava Plume|p1a: Samurott|[spread] p1a,p1b\n|-resisted|p1a: Samurott\n|-damage|p1a: Samurott|0 fnt\n|-damage|p1b: Regieleki|19\/100\n|-status|p1b: Regieleki|brn\n|faint|p1a: Samurott\n|\n|-weather|RainDance|[upkeep]\n|-damage|p1b: Regieleki|13\/100 brn|[from] brn\n|upkeep\n|\n|t:|1700577187\n|switch|p1a: Noivern|Noivern, F|100\/100\n|turn|10\n|\n|t:|1700577195\n|move|p1b: Regieleki|Electro Ball|p2b: Typhlosion\n|-damage|p2b: Typhlosion|0 fnt\n|faint|p2b: Typhlosion\n|\n|win|dropthemike\n|raw|dropthemike's rating: 1088 &rarr; <strong>1120<\/strong><br \/>(+32 for winning)\n|raw|Be3n346's rating: 1155 &rarr; <strong>1125<\/strong><br \/>(-30 for losing)\n|c|\u2606dropthemike|gg\n|l|\u2606Be3n346\n","uploadtime":1700577203,"views":8,"p1id":"dropthemike","p2id":"be3n346","formatid":"gen9doublesou","rating":1120,"private":0,"password":""}