{"id":"gen9doublesou-1982640695","p1":"gfuxgfxf","p2":"TNTvale","format":"[Gen 9] Doubles OU","log":"|j|\u203dgfuxgfxf\n|j|\u2606TNTvale\n|t:|1699032032\n|gametype|doubles\n|player|p1|gfuxgfxf|biker-gen4|1151\n|player|p2|TNTvale|waiter|1265\n|teamsize|p1|6\n|teamsize|p2|6\n|gen|9\n|tier|[Gen 9] Doubles OU\n|rated|\n|rule|Species Clause: Limit one of each Pok\u00e9mon\n|rule|OHKO Clause: OHKO moves are banned\n|rule|Evasion Moves Clause: Evasion moves are banned\n|rule|Gravity Sleep Clause: The combination of sleep-inducing moves with imperfect accuracy and Gravity or Gigantamax Orbeetle are banned\n|rule|Endless Battle Clause: Forcing endless battles is banned\n|rule|HP Percentage Mod: HP is shown in percentages\n|clearpoke\n|poke|p1|Probopass, F|\n|poke|p1|Torterra, F|\n|poke|p1|Hippowdon, M|\n|poke|p1|Arcanine-Hisui, F|\n|poke|p1|Rillaboom, F|\n|poke|p1|Corviknight, M|\n|poke|p2|Kommo-o, F|\n|poke|p2|Amoonguss, F|\n|poke|p2|Flamigo, M|\n|poke|p2|Ribombee, F|\n|poke|p2|Kingambit, M|\n|poke|p2|Espeon, M|\n|teampreview\n|\n|t:|1699032049\n|start\n|switch|p1a: Hippowdon|Hippowdon, M|100\/100\n|switch|p1b: Arcanine|Arcanine-Hisui, F|100\/100\n|switch|p2a: Kommo-o|Kommo-o, F|100\/100\n|switch|p2b: Amoonguss|Amoonguss, F|100\/100\n|-weather|Sandstorm|[from] ability: Sand Stream|[of] p1a: Hippowdon\n|turn|1\n|\n|t:|1699032072\n|switch|p1a: Rillaboom|Rillaboom, F|100\/100\n|-fieldstart|move: Grassy Terrain|[from] ability: Grassy Surge|[of] p1a: Rillaboom\n|-enditem|p1a: Rillaboom|Grassy Seed\n|-boost|p1a: Rillaboom|def|1|[from] item: Grassy Seed\n|move|p2b: Amoonguss|Rage Powder|p2b: Amoonguss\n|-singleturn|p2b: Amoonguss|move: Rage Powder\n|move|p1b: Arcanine|Flare Blitz|p2b: Amoonguss\n|-supereffective|p2b: Amoonguss\n|-damage|p2b: Amoonguss|0 fnt\n|faint|p2b: Amoonguss\n|-damage|p1b: Arcanine|64\/100|[from] Recoil\n|move|p2a: Kommo-o|Clangorous Soul|p2a: Kommo-o\n|-boost|p2a: Kommo-o|atk|1\n|-boost|p2a: Kommo-o|def|1\n|-boost|p2a: Kommo-o|spa|1\n|-boost|p2a: Kommo-o|spd|1\n|-boost|p2a: Kommo-o|spe|1\n|-damage|p2a: Kommo-o|68\/100\n|-enditem|p2a: Kommo-o|Throat Spray\n|-boost|p2a: Kommo-o|spa|1|[from] item: Throat Spray\n|\n|-weather|Sandstorm|[upkeep]\n|-damage|p1a: Rillaboom|94\/100|[from] Sandstorm\n|-heal|p2a: Kommo-o|74\/100|[from] Grassy Terrain\n|-heal|p1b: Arcanine|70\/100|[from] Grassy Terrain\n|-heal|p1a: Rillaboom|100\/100|[from] Grassy Terrain\n|upkeep\n|\n|t:|1699032094\n|switch|p2b: Ribombee|Ribombee, F|100\/100\n|turn|2\n|\n|t:|1699032106\n|move|p1a: Rillaboom|Fake Out|p2a: Kommo-o\n|-damage|p2a: Kommo-o|67\/100\n|move|p2b: Ribombee|Sticky Web|p1b: Arcanine\n|-sidestart|p1: gfuxgfxf|move: Sticky Web\n|cant|p2a: Kommo-o|flinch\n|move|p1b: Arcanine|Rock Slide|p2a: Kommo-o|[spread] p2a,p2b\n|-resisted|p2a: Kommo-o\n|-supereffective|p2b: Ribombee\n|-damage|p2a: Kommo-o|58\/100\n|-damage|p2b: Ribombee|16\/100\n|\n|-weather|Sandstorm|[upkeep]\n|-damage|p2b: Ribombee|10\/100|[from] Sandstorm\n|-damage|p1a: Rillaboom|94\/100|[from] Sandstorm\n|-heal|p2b: Ribombee|16\/100|[from] Grassy Terrain\n|-heal|p2a: Kommo-o|64\/100|[from] Grassy Terrain\n|-heal|p1b: Arcanine|76\/100|[from] Grassy Terrain\n|-heal|p1a: Rillaboom|100\/100|[from] Grassy Terrain\n|upkeep\n|turn|3\n|\n|t:|1699032143\n|move|p1a: Rillaboom|Grassy Glide|p2a: Kommo-o\n|-resisted|p2a: Kommo-o\n|-damage|p2a: Kommo-o|55\/100\n|move|p2b: Ribombee|Reflect|p2b: Ribombee\n|-sidestart|p2: TNTvale|Reflect\n|move|p2a: Kommo-o|Drain Punch|p1b: Arcanine\n|-supereffective|p1b: Arcanine\n|-damage|p1b: Arcanine|0 fnt\n|-heal|p2a: Kommo-o|94\/100|[from] drain|[of] p1b: Arcanine\n|faint|p1b: Arcanine\n|\n|-weather|Sandstorm|[upkeep]\n|-damage|p2b: Ribombee|10\/100|[from] Sandstorm\n|-damage|p1a: Rillaboom|94\/100|[from] Sandstorm\n|-heal|p2b: Ribombee|16\/100|[from] Grassy Terrain\n|-heal|p2a: Kommo-o|99\/100|[from] Grassy Terrain\n|-heal|p1a: Rillaboom|100\/100|[from] Grassy Terrain\n|upkeep\n|\n|t:|1699032167\n|switch|p1b: Probopass|Probopass, F|100\/100\n|-item|p1b: Probopass|Air Balloon\n|turn|4\n|\n|t:|1699032181\n|-terastallize|p1b: Probopass|Flying\n|move|p2b: Ribombee|Pollen Puff|p1b: Probopass\n|-resisted|p1b: Probopass\n|-damage|p1b: Probopass|90\/100\n|-enditem|p1b: Probopass|Air Balloon\n|move|p2a: Kommo-o|Drain Punch|p1b: Probopass\n|-resisted|p1b: Probopass\n|-damage|p1b: Probopass|75\/100\n|-heal|p2a: Kommo-o|100\/100|[from] drain|[of] p1b: Probopass\n|move|p1a: Rillaboom|U-turn|p2b: Ribombee\n|-resisted|p2b: Ribombee\n|-damage|p2b: Ribombee|5\/100\n|\n|t:|1699032196\n|switch|p1a: Corviknight|Corviknight, M|100\/100|[from] U-turn\n|move|p1b: Probopass|Thunder Wave|p2a: Kommo-o\n|-status|p2a: Kommo-o|par\n|\n|-weather|Sandstorm|[upkeep]\n|-damage|p2b: Ribombee|0 fnt|[from] Sandstorm\n|faint|p2b: Ribombee\n|upkeep\n|\n|t:|1699032205\n|switch|p2b: Flamigo|Flamigo, M, shiny|100\/100\n|-copyboost|p2b: Flamigo|p2a: Kommo-o|[from] ability: Costar\n|turn|5\n|\n|t:|1699032226\n|move|p2b: Flamigo|Close Combat|p1a: Corviknight\n|-damage|p1a: Corviknight|48\/100\n|-unboost|p2b: Flamigo|def|1\n|-unboost|p2b: Flamigo|spd|1\n|move|p1a: Corviknight|Drill Peck|p2a: Kommo-o\n|-supereffective|p2a: Kommo-o\n|-damage|p2a: Kommo-o|76\/100 par\n|move|p2a: Kommo-o|Clanging Scales|p1b: Probopass|[spread] p1a,p1b\n|-resisted|p1a: Corviknight\n|-damage|p1a: Corviknight|15\/100\n|-damage|p1b: Probopass|29\/100\n|-enditem|p1a: Corviknight|Maranga Berry|[eat]\n|-boost|p1a: Corviknight|spd|1|[from] item: Maranga Berry\n|-unboost|p2a: Kommo-o|def|1\n|move|p1b: Probopass|Heavy Slam|p2a: Kommo-o\n|-damage|p2a: Kommo-o|58\/100 par\n|\n|-weather|none\n|-heal|p2a: Kommo-o|64\/100 par|[from] Grassy Terrain\n|-fieldend|move: Grassy Terrain\n|upkeep\n|turn|6\n|\n|t:|1699032256\n|move|p1b: Probopass|Protect|p1b: Probopass\n|-singleturn|p1b: Probopass|Protect\n|move|p2b: Flamigo|Throat Chop|p1a: Corviknight\n|-damage|p1a: Corviknight|0 fnt\n|faint|p1a: Corviknight\n|move|p2a: Kommo-o|Drain Punch|p1b: Probopass\n|-activate|p1b: Probopass|move: Protect\n|\n|upkeep\n|\n|t:|1699032268\n|switch|p1a: Hippowdon|Hippowdon, M|100\/100\n|-activate|p1a: Hippowdon|move: Sticky Web\n|-unboost|p1a: Hippowdon|spe|1\n|-weather|Sandstorm|[from] ability: Sand Stream|[of] p1a: Hippowdon\n|turn|7\n|\n|t:|1699032289\n|move|p2b: Flamigo|Throat Chop|p1b: Probopass\n|-damage|p1b: Probopass|4\/100\n|-start|p1b: Probopass|Throat Chop|[silent]\n|move|p2a: Kommo-o|Drain Punch|p1a: Hippowdon\n|-damage|p1a: Hippowdon|75\/100\n|-heal|p2a: Kommo-o|81\/100 par|[from] drain|[of] p1a: Hippowdon\n|move|p1b: Probopass|Thunder Wave|p2b: Flamigo\n|-status|p2b: Flamigo|par\n|move|p1a: Hippowdon|Heavy Slam|p2a: Kommo-o\n|-damage|p2a: Kommo-o|68\/100 par\n|\n|-weather|Sandstorm|[upkeep]\n|-damage|p2b: Flamigo|94\/100 par|[from] Sandstorm\n|-heal|p1a: Hippowdon|81\/100|[from] item: Leftovers\n|-sideend|p2: TNTvale|Reflect\n|upkeep\n|turn|8\n|\n|t:|1699032311\n|move|p2b: Flamigo|Throat Chop|p1b: Probopass\n|-damage|p1b: Probopass|0 fnt\n|faint|p1b: Probopass\n|move|p2a: Kommo-o|Drain Punch|p1a: Hippowdon\n|-damage|p1a: Hippowdon|53\/100\n|-heal|p2a: Kommo-o|86\/100 par|[from] drain|[of] p1a: Hippowdon\n|move|p1a: Hippowdon|Earthquake|p2b: Flamigo|[spread] p2a\n|-immune|p2b: Flamigo\n|-damage|p2a: Kommo-o|61\/100 par\n|\n|-weather|Sandstorm|[upkeep]\n|-damage|p2b: Flamigo|88\/100 par|[from] Sandstorm\n|-heal|p1a: Hippowdon|59\/100|[from] item: Leftovers\n|upkeep\n|\n|t:|1699032327\n|switch|p1b: Torterra|Torterra, F|100\/100\n|-activate|p1b: Torterra|move: Sticky Web\n|-unboost|p1b: Torterra|spe|1\n|turn|9\n|\n|t:|1699032362\n|move|p1a: Hippowdon|Protect|p1a: Hippowdon\n|-singleturn|p1a: Hippowdon|Protect\n|move|p2b: Flamigo|Brave Bird|p1b: Torterra\n|-supereffective|p1b: Torterra\n|-damage|p1b: Torterra|0 fnt\n|faint|p1b: Torterra\n|-damage|p2b: Flamigo|52\/100 par|[from] Recoil\n|move|p2a: Kommo-o|Drain Punch|p1a: Hippowdon\n|-activate|p1a: Hippowdon|move: Protect\n|\n|-weather|Sandstorm|[upkeep]\n|-damage|p2b: Flamigo|46\/100 par|[from] Sandstorm\n|-heal|p1a: Hippowdon|65\/100|[from] item: Leftovers\n|upkeep\n|\n|t:|1699032375\n|switch|p1b: Rillaboom|Rillaboom, F|100\/100\n|-activate|p1b: Rillaboom|move: Sticky Web\n|-unboost|p1b: Rillaboom|spe|1\n|-fieldstart|move: Grassy Terrain|[from] ability: Grassy Surge|[of] p1b: Rillaboom\n|turn|10\n|\n|t:|1699032399\n|move|p1b: Rillaboom|Fake Out|p2a: Kommo-o\n|-damage|p2a: Kommo-o|50\/100 par\n|move|p2b: Flamigo|Dual Wingbeat|p1b: Rillaboom|[miss]\n|-miss|p2b: Flamigo|p1b: Rillaboom\n|cant|p2a: Kommo-o|flinch\n|move|p1a: Hippowdon|Heavy Slam|p2b: Flamigo\n|-damage|p2b: Flamigo|3\/100 par\n|\n|-weather|Sandstorm|[upkeep]\n|-damage|p2b: Flamigo|0 fnt|[from] Sandstorm\n|-damage|p1b: Rillaboom|94\/100|[from] Sandstorm\n|faint|p2b: Flamigo\n|-heal|p2a: Kommo-o|57\/100 par|[from] Grassy Terrain\n|-heal|p1b: Rillaboom|100\/100|[from] Grassy Terrain\n|-heal|p1a: Hippowdon|72\/100|[from] Grassy Terrain\n|-heal|p1a: Hippowdon|78\/100|[from] item: Leftovers\n|upkeep\n|\n|t:|1699032415\n|switch|p2b: Espeon|Espeon, M|100\/100\n|turn|11\n|\n|t:|1699032444\n|move|p2b: Espeon|Dazzling Gleam|p1a: Hippowdon|[spread] p1a,p1b\n|-damage|p1a: Hippowdon|51\/100\n|-damage|p1b: Rillaboom|81\/100\n|cant|p2a: Kommo-o|par\n|move|p1b: Rillaboom|Bulk Up|p1b: Rillaboom\n|-boost|p1b: Rillaboom|atk|1\n|-boost|p1b: Rillaboom|def|1\n|move|p1a: Hippowdon|Body Press|p2a: Kommo-o\n|-damage|p2a: Kommo-o|27\/100 par\n|\n|-weather|none\n|-heal|p2a: Kommo-o|33\/100 par|[from] Grassy Terrain\n|-heal|p1b: Rillaboom|87\/100|[from] Grassy Terrain\n|-heal|p1a: Hippowdon|58\/100|[from] Grassy Terrain\n|-heal|p1a: Hippowdon|64\/100|[from] item: Leftovers\n|upkeep\n|turn|12\n|\n|t:|1699032466\n|move|p1b: Rillaboom|Grassy Glide|p2a: Kommo-o\n|-resisted|p2a: Kommo-o\n|-damage|p2a: Kommo-o|11\/100 par\n|move|p2b: Espeon|Psych Up|p2a: Kommo-o\n|-copyboost|p2b: Espeon|p2a: Kommo-o|[from] move: Psych Up\n|cant|p2a: Kommo-o|par\n|move|p1a: Hippowdon|Body Press|p2a: Kommo-o\n|-damage|p2a: Kommo-o|0 fnt\n|faint|p2a: Kommo-o\n|\n|-heal|p1b: Rillaboom|93\/100|[from] Grassy Terrain\n|-heal|p1a: Hippowdon|70\/100|[from] Grassy Terrain\n|-heal|p1a: Hippowdon|76\/100|[from] item: Leftovers\n|upkeep\n|\n|t:|1699032480\n|switch|p2a: Kingambit|Kingambit, M|100\/100\n|-activate|p2a: Kingambit|ability: Supreme Overlord\n|-start|p2a: Kingambit|fallen4|[silent]\n|turn|13\n|\n|t:|1699032505\n|-terastallize|p2b: Espeon|Fairy\n|move|p1b: Rillaboom|Grassy Glide|p2b: Espeon\n|-damage|p2b: Espeon|9\/100\n|move|p2a: Kingambit|Sucker Punch|p1a: Hippowdon\n|-damage|p1a: Hippowdon|48\/100\n|move|p2b: Espeon|Dazzling Gleam|p1a: Hippowdon|[spread] p1a,p1b\n|-damage|p1a: Hippowdon|0 fnt\n|-damage|p1b: Rillaboom|36\/100\n|faint|p1a: Hippowdon\n|\n|-heal|p2b: Espeon|15\/100|[from] Grassy Terrain\n|-heal|p1b: Rillaboom|43\/100|[from] Grassy Terrain\n|upkeep\n|turn|14\n|\n|t:|1699032526\n|move|p1b: Rillaboom|Grassy Glide|p2b: Espeon\n|-damage|p2b: Espeon|0 fnt\n|faint|p2b: Espeon\n|move|p2a: Kingambit|Kowtow Cleave|p1b: Rillaboom\n|-damage|p1b: Rillaboom|3\/100\n|\n|-heal|p1b: Rillaboom|9\/100|[from] Grassy Terrain\n|-fieldend|move: Grassy Terrain\n|upkeep\n|turn|15\n|\n|t:|1699032540\n|move|p2a: Kingambit|Sucker Punch|p1b: Rillaboom\n|-damage|p1b: Rillaboom|0 fnt\n|faint|p1b: Rillaboom\n|\n|win|TNTvale\n|raw|gfuxgfxf's rating: 1151 &rarr; <strong>1134<\/strong><br \/>(-17 for losing)\n|raw|TNTvale's rating: 1265 &rarr; <strong>1282<\/strong><br \/>(+17 for winning)\n|l|\u203dgfuxgfxf\n|c|\u2606TNTvale|Gg\n","uploadtime":1699032551,"views":23,"p1id":"gfuxgfxf","p2id":"tntvale","formatid":"gen9doublesou","rating":1134,"private":0,"password":""}