{"id":"gen9doublesou-1981107128","p1":"xdancampanas","p2":"Undead_Redhead","format":"[Gen 9] Doubles OU","log":"|j|\u2606xdancampanas\n|j|\u2606Undead_Redhead\n|t:|1698864093\n|gametype|doubles\n|player|p1|xdancampanas|doctor|1213\n|player|p2|Undead_Redhead|flannery|1179\n|teamsize|p1|6\n|teamsize|p2|6\n|gen|9\n|tier|[Gen 9] Doubles OU\n|rated|\n|rule|Species Clause: Limit one of each Pok\u00e9mon\n|rule|OHKO Clause: OHKO moves are banned\n|rule|Evasion Moves Clause: Evasion moves are banned\n|rule|Gravity Sleep Clause: The combination of sleep-inducing moves with imperfect accuracy and Gravity or Gigantamax Orbeetle are banned\n|rule|Endless Battle Clause: Forcing endless battles is banned\n|rule|HP Percentage Mod: HP is shown in percentages\n|clearpoke\n|poke|p1|Sinistcha-Masterpiece|\n|poke|p1|Electrode-Hisui|\n|poke|p1|Braviary-Hisui, M|\n|poke|p1|Wyrdeer, M|\n|poke|p1|Avalugg-Hisui, M|\n|poke|p1|Ursaluna-Bloodmoon, M|\n|poke|p2|Murkrow, F|\n|poke|p2|Hydreigon, M|\n|poke|p2|Mightyena, F|\n|poke|p2|Samurott-Hisui, F|\n|poke|p2|Shiftry, F|\n|poke|p2|Umbreon, F|\n|teampreview\n|\n|t:|1698864099\n|start\n|switch|p1a: Electrode|Electrode-Hisui|100\/100\n|switch|p1b: Wyrdeer|Wyrdeer, M|100\/100\n|switch|p2a: Murkrow|Murkrow, F|100\/100\n|switch|p2b: Shiftry|Shiftry, F|100\/100\n|-ability|p1b: Wyrdeer|Intimidate|boost\n|-unboost|p2a: Murkrow|atk|1\n|-unboost|p2b: Shiftry|atk|1\n|turn|1\n|\n|t:|1698864114\n|move|p2b: Shiftry|Fake Out|p1a: Electrode\n|-damage|p1a: Electrode|88\/100\n|move|p2a: Murkrow|Tailwind|p2a: Murkrow\n|-sidestart|p2: Undead_Redhead|move: Tailwind\n|-ability|p2b: Shiftry|Wind Rider|boost\n|-boost|p2b: Shiftry|atk|1\n|cant|p1a: Electrode|flinch\n|move|p1b: Wyrdeer|Wild Charge|p2a: Murkrow\n|-supereffective|p2a: Murkrow\n|-damage|p2a: Murkrow|22\/100\n|-damage|p1b: Wyrdeer|82\/100|[from] Recoil\n|\n|upkeep\n|turn|2\n|\n|t:|1698864140\n|move|p2a: Murkrow|Thunder Wave|p1b: Wyrdeer\n|-status|p1b: Wyrdeer|par\n|move|p2b: Shiftry|Knock Off|p1a: Electrode\n|-damage|p1a: Electrode|31\/100\n|-enditem|p1a: Electrode|Wise Glasses|[from] move: Knock Off|[of] p2b: Shiftry\n|move|p1a: Electrode|Thunder Wave|p2b: Shiftry\n|-status|p2b: Shiftry|par\n|move|p1b: Wyrdeer|Body Slam|p2a: Murkrow\n|-damage|p2a: Murkrow|0 fnt\n|faint|p2a: Murkrow\n|\n|upkeep\n|\n|t:|1698864161\n|switch|p2a: Mightyena|Mightyena, F|100\/100\n|turn|3\n|\n|t:|1698864187\n|move|p2a: Mightyena|Foul Play|p1a: Electrode\n|-damage|p1a: Electrode|6\/100\n|-damage|p2a: Mightyena|91\/100|[from] item: Life Orb\n|move|p1a: Electrode|Thunder Wave|p2a: Mightyena|[miss]\n|-miss|p1a: Electrode|p2a: Mightyena\n|move|p2b: Shiftry|Knock Off|p1b: Wyrdeer\n|-supereffective|p1b: Wyrdeer\n|-damage|p1b: Wyrdeer|0 fnt\n|-damage|p2b: Shiftry|84\/100 par|[from] item: Rocky Helmet|[of] p1b: Wyrdeer\n|-enditem|p1b: Wyrdeer|Rocky Helmet|[from] move: Knock Off|[of] p2b: Shiftry\n|faint|p1b: Wyrdeer\n|\n|upkeep\n|\n|t:|1698864202\n|switch|p1b: Avalugg|Avalugg-Hisui, M|100\/100\n|turn|4\n|\n|t:|1698864215\n|move|p2a: Mightyena|Foul Play|p1a: Electrode\n|-damage|p1a: Electrode|0 fnt\n|-damage|p2a: Mightyena|66\/100|[from] ability: Aftermath|[of] p1a: Electrode\n|faint|p1a: Electrode\n|-ability|p2a: Mightyena|Moxie|boost\n|-boost|p2a: Mightyena|atk|1\n|-damage|p2a: Mightyena|56\/100|[from] item: Life Orb\n|move|p2b: Shiftry|Knock Off|p1b: Avalugg\n|-damage|p1b: Avalugg|81\/100\n|-enditem|p1b: Avalugg|Heavy-Duty Boots|[from] move: Knock Off|[of] p2b: Shiftry\n|move|p1b: Avalugg|Iron Defense|p1b: Avalugg\n|-boost|p1b: Avalugg|def|2\n|\n|-sideend|p2: Undead_Redhead|move: Tailwind\n|upkeep\n|\n|t:|1698864228\n|switch|p1a: Sinistcha|Sinistcha-Masterpiece|100\/100\n|-heal|p1b: Avalugg|100\/100|[from] ability: Hospitality|[of] p1a: Sinistcha\n|turn|5\n|\n|t:|1698864245\n|switch|p1a: Ursaluna|Ursaluna-Bloodmoon, M|100\/100\n|move|p2a: Mightyena|Foul Play|p1a: Ursaluna\n|-damage|p1a: Ursaluna|80\/100\n|-damage|p2a: Mightyena|46\/100|[from] item: Life Orb\n|cant|p2b: Shiftry|par\n|move|p1b: Avalugg|Body Press|p2a: Mightyena\n|-supereffective|p2a: Mightyena\n|-crit|p2a: Mightyena\n|-damage|p2a: Mightyena|0 fnt\n|faint|p2a: Mightyena\n|\n|upkeep\n|inactive|Battle timer is ON: inactive players will automatically lose when time's up. (requested by xdancampanas)\n|\n|t:|1698864260\n|switch|p2a: Samurott|Samurott-Hisui, F|100\/100\n|turn|6\n|inactive|xdancampanas has 120 seconds left.\n|\n|t:|1698864297\n|move|p2a: Samurott|Razor Shell|p1a: Ursaluna\n|-supereffective|p1a: Ursaluna\n|-damage|p1a: Ursaluna|0 fnt\n|faint|p1a: Ursaluna\n|move|p2b: Shiftry|Brick Break|p1b: Avalugg\n|-supereffective|p1b: Avalugg\n|-damage|p1b: Avalugg|81\/100\n|move|p1b: Avalugg|Iron Defense|p1b: Avalugg\n|-boost|p1b: Avalugg|def|2\n|\n|upkeep\n|\n|t:|1698864307\n|switch|p1a: Sinistcha|Sinistcha-Masterpiece|100\/100\n|-heal|p1b: Avalugg|100\/100|[from] ability: Hospitality|[of] p1a: Sinistcha\n|turn|7\n|\n|t:|1698864326\n|move|p2a: Samurott|Ceaseless Edge|p1b: Avalugg\n|-damage|p1b: Avalugg|94\/100\n|-sidestart|p1: xdancampanas|Spikes\n|move|p1a: Sinistcha|Matcha Gotcha|p2b: Shiftry|[spread] p2a,p2b\n|-supereffective|p2a: Samurott\n|-resisted|p2b: Shiftry\n|-damage|p2a: Samurott|15\/100\n|-damage|p2b: Shiftry|68\/100 par\n|cant|p2b: Shiftry|par\n|move|p1b: Avalugg|Iron Defense|p1b: Avalugg\n|-boost|p1b: Avalugg|def|2\n|\n|upkeep\n|turn|8\n|\n|t:|1698864351\n|-terastallize|p1a: Sinistcha|Water\n|move|p2a: Samurott|Ceaseless Edge|p1a: Sinistcha|[miss]\n|-miss|p2a: Samurott|p1a: Sinistcha\n|move|p1a: Sinistcha|Calm Mind|p1a: Sinistcha\n|-boost|p1a: Sinistcha|spa|1\n|-boost|p1a: Sinistcha|spd|1\n|move|p2b: Shiftry|Brick Break|p1b: Avalugg\n|-supereffective|p1b: Avalugg\n|-damage|p1b: Avalugg|84\/100\n|move|p1b: Avalugg|Rapid Spin|p2a: Samurott\n|-damage|p2a: Samurott|0 fnt\n|-boost|p1b: Avalugg|spe|1\n|-sideend|p1: xdancampanas|Spikes|[from] move: Rapid Spin|[of] p1b: Avalugg\n|faint|p2a: Samurott\n|\n|upkeep\n|inactive|Undead_Redhead has 120 seconds left.\n|\n|t:|1698864371\n|switch|p2a: Umbreon|Umbreon, F|100\/100\n|turn|9\n|\n|t:|1698864379\n|move|p1a: Sinistcha|Matcha Gotcha|p2b: Shiftry|[spread] p2b\n|-miss|p1a: Sinistcha|p2a: Umbreon\n|-resisted|p2b: Shiftry\n|-damage|p2b: Shiftry|44\/100 par\n|move|p1b: Avalugg|Body Press|p2a: Umbreon\n|-supereffective|p2a: Umbreon\n|-damage|p2a: Umbreon|0 fnt\n|faint|p2a: Umbreon\n|cant|p2b: Shiftry|par\n|\n|upkeep\n|\n|t:|1698864389\n|switch|p2a: Hydreigon|Hydreigon, M|100\/100\n|turn|10\n|\n|t:|1698864399\n|move|p2a: Hydreigon|Flash Cannon|p1b: Avalugg\n|-supereffective|p1b: Avalugg\n|-damage|p1b: Avalugg|0 fnt\n|faint|p1b: Avalugg\n|move|p1a: Sinistcha|Matcha Gotcha|p2a: Hydreigon|[spread] p2a\n|-miss|p1a: Sinistcha|p2b: Shiftry\n|-resisted|p2a: Hydreigon\n|-damage|p2a: Hydreigon|74\/100\n|move|p2b: Shiftry|Knock Off|p1a: Sinistcha\n|-damage|p1a: Sinistcha|47\/100\n|-enditem|p1a: Sinistcha|Wise Glasses|[from] move: Knock Off|[of] p2b: Shiftry\n|\n|upkeep\n|\n|t:|1698864409\n|switch|p1b: Braviary|Braviary-Hisui, M|100\/100\n|turn|11\n|\n|t:|1698864419\n|move|p2a: Hydreigon|Dark Pulse|p1b: Braviary\n|-supereffective|p1b: Braviary\n|-crit|p1b: Braviary\n|-damage|p1b: Braviary|0 fnt\n|faint|p1b: Braviary\n|move|p1a: Sinistcha|Scald|p2a: Hydreigon\n|-resisted|p2a: Hydreigon\n|-damage|p2a: Hydreigon|40\/100\n|move|p2b: Shiftry|Leaf Blade|p1a: Sinistcha\n|-supereffective|p1a: Sinistcha\n|-damage|p1a: Sinistcha|0 fnt\n|faint|p1a: Sinistcha\n|\n|win|Undead_Redhead\n|raw|xdancampanas's rating: 1179 &rarr; <strong>1154<\/strong><br \/>(-25 for losing)\n|raw|Undead_Redhead's rating: 1179 &rarr; <strong>1204<\/strong><br \/>(+25 for winning)\n|c|\u2606Undead_Redhead|Gg\n","uploadtime":1698864444,"views":17,"p1id":"xdancampanas","p2id":"undeadredhead","formatid":"gen9doublesou","rating":1154,"private":0,"password":""}