{"id":"gen9doublesou-1987400807","p1":"zanitos","p2":"PowerfulGoose","format":"[Gen 9] Doubles OU","log":"|j|\u2606zanitos\n|j|\u2606PowerfulGoose\n|t:|1699586512\n|gametype|doubles\n|player|p1|zanitos|brycenman|1111\n|player|p2|PowerfulGoose|waiter|1089\n|teamsize|p1|6\n|teamsize|p2|6\n|gen|9\n|tier|[Gen 9] Doubles OU\n|rated|\n|rule|Species Clause: Limit one of each Pok\u00e9mon\n|rule|OHKO Clause: OHKO moves are banned\n|rule|Evasion Moves Clause: Evasion moves are banned\n|rule|Gravity Sleep Clause: The combination of sleep-inducing moves with imperfect accuracy and Gravity or Gigantamax Orbeetle are banned\n|rule|Endless Battle Clause: Forcing endless battles is banned\n|rule|HP Percentage Mod: HP is shown in percentages\n|clearpoke\n|poke|p1|Golem-Alola, F|\n|poke|p1|Rabsca, M|\n|poke|p1|Pawmot, F|\n|poke|p1|Basculegion-F, F|\n|poke|p1|Grafaiai, F|\n|poke|p1|Ogerpon, F|\n|poke|p2|Cramorant, M|\n|poke|p2|Abomasnow, M|\n|poke|p2|Clodsire, M|\n|poke|p2|Pelipper, M|\n|poke|p2|Mamoswine, F|\n|poke|p2|Gyarados, F|\n|teampreview\n|inactive|Battle timer is ON: inactive players will automatically lose when time's up. (requested by zanitos)\n|\n|t:|1699586527\n|start\n|switch|p1a: Golem|Golem-Alola, F, shiny|100\/100\n|switch|p1b: Pawmot|Pawmot, F|100\/100\n|switch|p2a: Pelipper|Pelipper, M|100\/100\n|switch|p2b: Clodsire|Clodsire, M|100\/100\n|-weather|RainDance|[from] ability: Drizzle|[of] p2a: Pelipper\n|turn|1\n|\n|t:|1699586549\n|-terastallize|p1b: Pawmot|Flying\n|move|p1b: Pawmot|Fake Out|p2a: Pelipper\n|-damage|p2a: Pelipper|91\/100\n|cant|p2a: Pelipper|flinch\n|move|p1a: Golem|Earthquake|p2b: Clodsire|[spread] p2b\n|-immune|p1b: Pawmot\n|-immune|p2a: Pelipper\n|-supereffective|p2b: Clodsire\n|-damage|p2b: Clodsire|55\/100\n|move|p2b: Clodsire|Bulldoze|p1a: Golem|[spread] p1a\n|-immune|p2a: Pelipper\n|-immune|p1b: Pawmot\n|-supereffective|p1a: Golem\n|-enditem|p1a: Golem|Shuca Berry|[eat]\n|-enditem|p1a: Golem|Shuca Berry|[weaken]\n|-damage|p1a: Golem|82\/100\n|-unboost|p1a: Golem|spe|1\n|\n|-weather|RainDance|[upkeep]\n|-heal|p2a: Pelipper|97\/100|[from] item: Leftovers\n|-heal|p2b: Clodsire|61\/100|[from] item: Leftovers\n|upkeep\n|turn|2\n|inactive|zanitos has 120 seconds left.\n|inactive|PowerfulGoose has 120 seconds left.\n|\n|t:|1699586585\n|-terastallize|p2b: Clodsire|Normal\n|move|p1b: Pawmot|Close Combat|p2b: Clodsire\n|-supereffective|p2b: Clodsire\n|-damage|p2b: Clodsire|0 fnt\n|-unboost|p1b: Pawmot|def|1\n|-unboost|p1b: Pawmot|spd|1\n|faint|p2b: Clodsire\n|move|p2a: Pelipper|Chilling Water|p1a: Golem\n|-supereffective|p1a: Golem\n|-damage|p1a: Golem|11\/100\n|-unboost|p1a: Golem|atk|1\n|move|p1a: Golem|Explosion|p2a: Pelipper|[spread] p2a\n|-immune|p1b: Pawmot|[from] ability: Volt Absorb\n|-supereffective|p2a: Pelipper\n|-damage|p2a: Pelipper|0 fnt\n|faint|p1a: Golem\n|faint|p2a: Pelipper\n|\n|-weather|RainDance|[upkeep]\n|upkeep\n|inactive|PowerfulGoose has 120 seconds left.\n|inactive|PowerfulGoose has 90 seconds left.\n|\n|t:|1699586641\n|switch|p2a: Gyarados|Gyarados, F|100\/100\n|switch|p1a: Grafaiai|Grafaiai, F, shiny|100\/100\n|switch|p2b: Mamoswine|Mamoswine, F|100\/100\n|-ability|p2a: Gyarados|Intimidate|boost\n|-unboost|p1a: Grafaiai|atk|1\n|-unboost|p1b: Pawmot|atk|1\n|turn|3\n|\n|t:|1699586654\n|switch|p1b: Basculegion|Basculegion-F, F, shiny|100\/100\n|switch|p2a: Abomasnow|Abomasnow, M|100\/100\n|-weather|Snow|[from] ability: Snow Warning|[of] p2a: Abomasnow\n|move|p1a: Grafaiai|Copycat|p1a: Grafaiai\n|move|p1a: Grafaiai|Explosion|p2a: Abomasnow|[from]move: Copycat|[spread] p2a,p2b\n|-immune|p1b: Basculegion\n|-damage|p2a: Abomasnow|46\/100\n|-damage|p2b: Mamoswine|40\/100\n|faint|p1a: Grafaiai\n|move|p2b: Mamoswine|Icicle Spear|p1b: Basculegion\n|-resisted|p1b: Basculegion\n|-damage|p1b: Basculegion|91\/100\n|-resisted|p1b: Basculegion\n|-damage|p1b: Basculegion|83\/100\n|-resisted|p1b: Basculegion\n|-damage|p1b: Basculegion|76\/100\n|-resisted|p1b: Basculegion\n|-damage|p1b: Basculegion|68\/100\n|-resisted|p1b: Basculegion\n|-damage|p1b: Basculegion|60\/100\n|-hitcount|p1b: Basculegion|5\n|\n|-weather|Snow|[upkeep]\n|upkeep\n|inactive|zanitos has 120 seconds left.\n|\n|t:|1699586681\n|switch|p1a: Rabsca|Rabsca, M|100\/100\n|turn|4\n|\n|t:|1699586692\n|move|p2b: Mamoswine|Trailblaze|p1b: Basculegion\n|-supereffective|p1b: Basculegion\n|-damage|p1b: Basculegion|12\/100\n|-boost|p2b: Mamoswine|spe|1\n|move|p1b: Basculegion|Last Respects|p2b: Mamoswine\n|-damage|p2b: Mamoswine|0 fnt\n|faint|p2b: Mamoswine\n|-damage|p1b: Basculegion|2\/100|[from] item: Life Orb\n|move|p2a: Abomasnow|Aurora Veil|p2a: Abomasnow\n|-sidestart|p2: PowerfulGoose|move: Aurora Veil\n|move|p1a: Rabsca|Revival Blessing|p1a: Rabsca\n|-enditem|p1a: Rabsca|Leppa Berry|[eat]\n|-activate|p1a: Rabsca|item: Leppa Berry|Revival Blessing|[consumed]\n|\n|t:|1699586707\n|-heal|p1: Golem|50\/100|[from] move: Revival Blessing\n|\n|-weather|Snow|[upkeep]\n|upkeep\n|\n|t:|1699586716\n|switch|p2b: Cramorant|Cramorant, M|100\/100\n|turn|5\n|\n|t:|1699586733\n|move|p2a: Abomasnow|Ice Shard|p1b: Basculegion\n|-resisted|p1b: Basculegion\n|-damage|p1b: Basculegion|0 fnt\n|faint|p1b: Basculegion\n|move|p2b: Cramorant|Icy Wind|p1a: Rabsca\n|-damage|p1a: Rabsca|87\/100\n|-unboost|p1a: Rabsca|spe|1\n|move|p1a: Rabsca|Bug Buzz|p2a: Abomasnow\n|-supereffective|p2a: Abomasnow\n|-damage|p2a: Abomasnow|0 fnt\n|faint|p2a: Abomasnow\n|\n|-weather|Snow|[upkeep]\n|upkeep\n|\n|t:|1699586759\n|switch|p1b: Golem|Golem-Alola, F, shiny|50\/100\n|switch|p2a: Gyarados|Gyarados, F|100\/100\n|-ability|p2a: Gyarados|Intimidate|boost\n|-unboost|p1a: Rabsca|atk|1\n|-unboost|p1b: Golem|atk|1\n|turn|6\n|\n|t:|1699586779\n|move|p1b: Golem|Protect|p1b: Golem\n|-singleturn|p1b: Golem|Protect\n|move|p2b: Cramorant|Blizzard|p1a: Rabsca|[spread] p1a\n|-activate|p1b: Golem|move: Protect\n|-damage|p1a: Rabsca|68\/100\n|move|p2a: Gyarados|Waterfall|p1b: Golem\n|-activate|p1b: Golem|move: Protect\n|move|p1a: Rabsca|Trick Room|p1a: Rabsca\n|-fieldstart|move: Trick Room|[of] p1a: Rabsca\n|\n|-weather|Snow|[upkeep]\n|upkeep\n|turn|7\n|\n|t:|1699586806\n|move|p1a: Rabsca|Revival Blessing|p1a: Rabsca\n|\n|t:|1699586810\n|-heal|p1: Basculegion|50\/100|[from] move: Revival Blessing\n|move|p1b: Golem|Explosion|p2b: Cramorant|[spread] p2a,p2b\n|-activate|p1a: Rabsca|ability: Telepathy\n|-supereffective|p2a: Gyarados\n|-supereffective|p2b: Cramorant\n|-damage|p2a: Gyarados|0 fnt\n|-damage|p2b: Cramorant|0 fnt\n|faint|p1b: Golem\n|faint|p2a: Gyarados\n|faint|p2b: Cramorant\n|\n|win|zanitos\n|raw|zanitos's rating: 1111 &rarr; <strong>1134<\/strong><br \/>(+23 for winning)\n|raw|PowerfulGoose's rating: 1089 &rarr; <strong>1067<\/strong><br \/>(-22 for losing)\n|c|\u2606PowerfulGoose|gg\n|l|\u2606PowerfulGoose\n","uploadtime":1699586833,"views":15,"p1id":"zanitos","p2id":"powerfulgoose","formatid":"gen9doublesou","rating":1067,"private":0,"password":""}