{"id":"gen9doublesou-1971130683","p1":"Abowlofmagnemites","p2":"A Choice","format":"[Gen 9] Doubles OU","log":"|j|\u2606Abowlofmagnemites\n|j|\u2606A Choice\n|t:|1697710630\n|gametype|doubles\n|player|p1|Abowlofmagnemites|caitlin|1084\n|player|p2|A Choice|1|1070\n|teamsize|p1|6\n|teamsize|p2|6\n|gen|9\n|tier|[Gen 9] Doubles OU\n|rated|\n|rule|Species Clause: Limit one of each Pok\u00e9mon\n|rule|OHKO Clause: OHKO moves are banned\n|rule|Evasion Moves Clause: Evasion moves are banned\n|rule|Gravity Sleep Clause: The combination of sleep-inducing moves with imperfect accuracy and Gravity or Gigantamax Orbeetle are banned\n|rule|Endless Battle Clause: Forcing endless battles is banned\n|rule|HP Percentage Mod: HP is shown in percentages\n|clearpoke\n|poke|p1|Iron Valiant|\n|poke|p1|Armarouge, M|\n|poke|p1|Indeedee-F, F|\n|poke|p1|Ogerpon-Wellspring, F|\n|poke|p1|Zoroark-Hisui, M|\n|poke|p1|Vikavolt, M|\n|poke|p2|Articuno-Galar|\n|poke|p2|Corviknight, M|\n|poke|p2|Overqwil, F|\n|poke|p2|Dusclops, M|\n|poke|p2|Slowking-Galar, M|\n|poke|p2|Murkrow, F|\n|teampreview\n|\n|t:|1697710640\n|start\n|switch|p1a: Armarouge|Armarouge, M|100\/100\n|switch|p1b: Indeedee|Indeedee-F, F|100\/100\n|switch|p2a: Articuno|Articuno-Galar|100\/100\n|switch|p2b: Corviknight|Corviknight, M|100\/100\n|-fieldstart|move: Psychic Terrain|[from] ability: Psychic Surge|[of] p1b: Indeedee\n|turn|1\n|\n|t:|1697710672\n|switch|p2b: Dusclops|Dusclops, M|100\/100\n|-item|p1a: Armarouge|Safety Goggles|[from] ability: Frisk|[of] p2b: Dusclops|[identify]\n|-item|p1b: Indeedee|Terrain Extender|[from] ability: Frisk|[of] p2b: Dusclops|[identify]\n|move|p2a: Articuno|Shadow Ball|p1a: Armarouge\n|-supereffective|p1a: Armarouge\n|-damage|p1a: Armarouge|30\/100\n|move|p1b: Indeedee|Imprison|p1b: Indeedee\n|-start|p1b: Indeedee|move: Imprison\n|move|p1a: Armarouge|Heat Wave|p2a: Articuno|[spread] p2a,p2b\n|-damage|p2a: Articuno|61\/100\n|-damage|p2b: Dusclops|75\/100\n|-enditem|p2a: Articuno|Eject Button\n|\n|t:|1697710695\n|switch|p2a: Slowking|Slowking-Galar, M|100\/100\n|\n|upkeep\n|turn|2\n|\n|t:|1697710722\n|move|p1b: Indeedee|Helping Hand|p1a: Armarouge\n|-singleturn|p1a: Armarouge|Helping Hand|[of] p1b: Indeedee\n|move|p1a: Armarouge|Expanding Force|p2a: Slowking|[spread] p2a,p2b\n|-damage|p2a: Slowking|54\/100\n|-damage|p2b: Dusclops|18\/100\n|move|p2a: Slowking|Chilling Water|p1a: Armarouge\n|-supereffective|p1a: Armarouge\n|-damage|p1a: Armarouge|0 fnt\n|faint|p1a: Armarouge\n|move|p2b: Dusclops|Night Shade|p1b: Indeedee\n|-immune|p1b: Indeedee\n|\n|upkeep\n|\n|t:|1697710735\n|switch|p1a: Iron Valiant|Iron Valiant|100\/100\n|-enditem|p1a: Iron Valiant|Booster Energy\n|-activate|p1a: Iron Valiant|ability: Quark Drive|[fromitem]\n|-start|p1a: Iron Valiant|quarkdrivespe\n|turn|3\n|\n|t:|1697710769\n|move|p1a: Iron Valiant|Swords Dance|p1a: Iron Valiant\n|-boost|p1a: Iron Valiant|atk|2\n|move|p1b: Indeedee|Dazzling Gleam|p2b: Dusclops|[spread] p2a,p2b\n|-resisted|p2a: Slowking\n|-damage|p2a: Slowking|50\/100\n|-damage|p2b: Dusclops|7\/100\n|move|p2a: Slowking|Chilling Water|p1a: Iron Valiant\n|-damage|p1a: Iron Valiant|74\/100\n|-unboost|p1a: Iron Valiant|atk|1\n|move|p2b: Dusclops|Disable|p1a: Iron Valiant\n|-start|p1a: Iron Valiant|Disable|Swords Dance\n|\n|upkeep\n|turn|4\n|\n|t:|1697710789\n|move|p1b: Indeedee|Helping Hand|p1a: Iron Valiant\n|-singleturn|p1a: Iron Valiant|Helping Hand|[of] p1b: Indeedee\n|move|p1a: Iron Valiant|Psycho Cut|p2a: Slowking\n|-damage|p2a: Slowking|0 fnt\n|faint|p2a: Slowking\n|move|p2b: Dusclops|Night Shade|p1a: Iron Valiant\n|-damage|p1a: Iron Valiant|40\/100\n|\n|upkeep\n|\n|t:|1697710811\n|switch|p2a: Corviknight|Corviknight, M|100\/100\n|turn|5\n|\n|t:|1697710824\n|move|p1a: Iron Valiant|Psycho Cut|p2a: Corviknight\n|-resisted|p2a: Corviknight\n|-damage|p2a: Corviknight|83\/100\n|move|p1b: Indeedee|Dazzling Gleam|p2a: Corviknight|[spread] p2a,p2b\n|-resisted|p2a: Corviknight\n|-damage|p2a: Corviknight|75\/100\n|-damage|p2b: Dusclops|0 fnt\n|faint|p2b: Dusclops\n|move|p2a: Corviknight|Iron Head|p1a: Iron Valiant\n|-supereffective|p1a: Iron Valiant\n|-damage|p1a: Iron Valiant|0 fnt\n|faint|p1a: Iron Valiant\n|-end|p1a: Iron Valiant|Quark Drive|[silent]\n|\n|upkeep\n|\n|t:|1697710841\n|switch|p1a: Vikavolt|Vikavolt, M|100\/100\n|switch|p2b: Murkrow|Murkrow, F|100\/100\n|turn|6\n|\n|t:|1697710862\n|move|p2b: Murkrow|Tailwind|p2b: Murkrow\n|-sidestart|p2: A Choice|move: Tailwind\n|move|p2a: Corviknight|Bulk Up|p2a: Corviknight\n|-boost|p2a: Corviknight|atk|1\n|-boost|p2a: Corviknight|def|1\n|move|p1a: Vikavolt|Thunder|p2a: Corviknight\n|-supereffective|p2a: Corviknight\n|-damage|p2a: Corviknight|0 fnt\n|faint|p2a: Corviknight\n|move|p1b: Indeedee|Trick Room|p1b: Indeedee\n|-fieldstart|move: Trick Room|[of] p1b: Indeedee\n|\n|upkeep\n|\n|t:|1697710879\n|switch|p2a: Overqwil|Overqwil, F|100\/100\n|-ability|p2a: Overqwil|Intimidate|boost\n|-unboost|p1a: Vikavolt|atk|1\n|-unboost|p1b: Indeedee|atk|1\n|turn|7\n|\n|t:|1697710894\n|move|p1a: Vikavolt|Thunder|p2b: Murkrow\n|-supereffective|p2b: Murkrow\n|-damage|p2b: Murkrow|0 fnt\n|faint|p2b: Murkrow\n|move|p1b: Indeedee|Dazzling Gleam|p2a: Overqwil\n|-damage|p2a: Overqwil|65\/100\n|move|p2a: Overqwil|Fell Stinger|p1b: Indeedee\n|-supereffective|p1b: Indeedee\n|-damage|p1b: Indeedee|17\/100\n|\n|upkeep\n|\n|t:|1697710903\n|switch|p2b: Articuno|Articuno-Galar|61\/100\n|turn|8\n|\n|t:|1697710915\n|move|p1a: Vikavolt|Thunder|p2b: Articuno|[miss]\n|-miss|p1a: Vikavolt|p2b: Articuno\n|move|p1b: Indeedee|Dazzling Gleam|p2b: Articuno|[spread] p2a,p2b\n|-damage|p2a: Overqwil|41\/100\n|-damage|p2b: Articuno|44\/100\n|move|p2a: Overqwil|Fell Stinger|p1b: Indeedee\n|-supereffective|p1b: Indeedee\n|-damage|p1b: Indeedee|0 fnt\n|faint|p1b: Indeedee\n|-boost|p2a: Overqwil|atk|3\n|move|p2b: Articuno|Shadow Ball|p1a: Vikavolt\n|-damage|p1a: Vikavolt|71\/100\n|-unboost|p1a: Vikavolt|spd|1\n|\n|-fieldend|move: Psychic Terrain\n|upkeep\n|\n|t:|1697710922\n|switch|p1b: Ogerpon|Ogerpon-Wellspring, F|100\/100\n|turn|9\n|\n|t:|1697710942\n|move|p1a: Vikavolt|Thunder|p2b: Articuno\n|-supereffective|p2b: Articuno\n|-damage|p2b: Articuno|0 fnt\n|faint|p2b: Articuno\n|move|p1b: Ogerpon|Ivy Cudgel|p2a: Overqwil\n|-crit|p2a: Overqwil\n|-damage|p2a: Overqwil|0 fnt\n|faint|p2a: Overqwil\n|\n|win|Abowlofmagnemites\n|raw|Abowlofmagnemites's rating: 1084 &rarr; <strong>1110<\/strong><br \/>(+26 for winning)\n|raw|A Choice's rating: 1070 &rarr; <strong>1050<\/strong><br \/>(-20 for losing)\n","uploadtime":1697710947,"views":15,"p1id":"abowlofmagnemites","p2id":"achoice","formatid":"gen9doublesou","rating":1050,"private":0,"password":""}