{"id":"gen9doublesou-1990963173","p1":"vegetasfeet","p2":"Luckymink09","format":"[Gen 9] Doubles OU","log":"|j|\u2606vegetasfeet\n|j|\u2606Luckymink09\n|t:|1700020435\n|gametype|doubles\n|player|p1|vegetasfeet|brycen|1212\n|player|p2|Luckymink09|266|1140\n|teamsize|p1|6\n|teamsize|p2|6\n|gen|9\n|tier|[Gen 9] Doubles OU\n|rated|\n|rule|Species Clause: Limit one of each Pok\u00e9mon\n|rule|OHKO Clause: OHKO moves are banned\n|rule|Evasion Moves Clause: Evasion moves are banned\n|rule|Gravity Sleep Clause: The combination of sleep-inducing moves with imperfect accuracy and Gravity or Gigantamax Orbeetle are banned\n|rule|Endless Battle Clause: Forcing endless battles is banned\n|rule|HP Percentage Mod: HP is shown in percentages\n|clearpoke\n|poke|p1|Amoonguss, F|\n|poke|p1|Glimmora, M|\n|poke|p1|Heatran, F|\n|poke|p1|Tyranitar, F|\n|poke|p1|Landorus, M|\n|poke|p1|Cresselia, F|\n|poke|p2|Ninetales-Alola, F|\n|poke|p2|Kommo-o, M|\n|poke|p2|Vikavolt, M|\n|poke|p2|Ogerpon-Wellspring, F|\n|poke|p2|Grimmsnarl, M|\n|poke|p2|Sylveon, M|\n|teampreview\n|inactive|Battle timer is ON: inactive players will automatically lose when time's up. (requested by Luckymink09)\n|inactive|vegetasfeet has 120 seconds left.\n|\n|t:|1700020474\n|start\n|switch|p1a: Trippie Redd|Tyranitar, F|100\/100\n|switch|p1b: Gobba Goo|Heatran, F|100\/100\n|switch|p2a: Grimmsnarl|Grimmsnarl, M|100\/100\n|switch|p2b: Ogerpon|Ogerpon-Wellspring, F|100\/100\n|-weather|Sandstorm|[from] ability: Sand Stream|[of] p1a: Trippie Redd\n|turn|1\n|\n|t:|1700020498\n|switch|p1b: Ball Guy|Amoonguss, F|100\/100\n|switch|p1a: Nicki Minaj|Cresselia, F|100\/100\n|move|p2a: Grimmsnarl|Reflect|p2a: Grimmsnarl\n|-sidestart|p2: Luckymink09|Reflect\n|move|p2b: Ogerpon|Ivy Cudgel|p1b: Ball Guy|[anim] Ivy Cudgel Water\n|-resisted|p1b: Ball Guy\n|-damage|p1b: Ball Guy|78\/100\n|\n|-weather|Sandstorm|[upkeep]\n|-damage|p2b: Ogerpon|95\/100|[from] Sandstorm\n|-damage|p2a: Grimmsnarl|94\/100|[from] Sandstorm\n|-damage|p1b: Ball Guy|72\/100|[from] Sandstorm\n|upkeep\n|turn|2\n|\n|t:|1700020516\n|move|p2a: Grimmsnarl|Light Screen|p2a: Grimmsnarl\n|-sidestart|p2: Luckymink09|move: Light Screen\n|move|p2b: Ogerpon|Knock Off|p1a: Nicki Minaj\n|-supereffective|p1a: Nicki Minaj\n|-damage|p1a: Nicki Minaj|43\/100\n|-enditem|p1a: Nicki Minaj|Safety Goggles|[from] move: Knock Off|[of] p2b: Ogerpon\n|move|p1a: Nicki Minaj|Reflect|p1a: Nicki Minaj\n|-sidestart|p1: vegetasfeet|Reflect\n|move|p1b: Ball Guy|Spore|p2a: Grimmsnarl\n|-status|p2a: Grimmsnarl|slp|[from] move: Spore\n|\n|-weather|Sandstorm|[upkeep]\n|-damage|p2b: Ogerpon|89\/100|[from] Sandstorm\n|-damage|p1a: Nicki Minaj|37\/100|[from] Sandstorm\n|-damage|p2a: Grimmsnarl|88\/100 slp|[from] Sandstorm\n|-damage|p1b: Ball Guy|66\/100|[from] Sandstorm\n|upkeep\n|turn|3\n|inactive|Luckymink09 has 120 seconds left.\n|inactive|vegetasfeet has 120 seconds left.\n|\n|t:|1700020552\n|switch|p1a: Trippie Redd|Tyranitar, F|100\/100\n|cant|p2a: Grimmsnarl|slp\n|move|p2b: Ogerpon|Knock Off|p1a: Trippie Redd\n|-resisted|p1a: Trippie Redd\n|-damage|p1a: Trippie Redd|90\/100\n|-enditem|p1a: Trippie Redd|Smooth Rock|[from] move: Knock Off|[of] p2b: Ogerpon\n|move|p1b: Ball Guy|Pollen Puff|p2b: Ogerpon\n|-supereffective|p2b: Ogerpon\n|-damage|p2b: Ogerpon|60\/100\n|\n|-weather|Sandstorm|[upkeep]\n|-damage|p2b: Ogerpon|54\/100|[from] Sandstorm\n|-damage|p2a: Grimmsnarl|82\/100 slp|[from] Sandstorm\n|-damage|p1b: Ball Guy|60\/100|[from] Sandstorm\n|upkeep\n|turn|4\n|inactive|vegetasfeet has 120 seconds left.\n|inactive|Luckymink09 has 120 seconds left.\n|\n|t:|1700020590\n|move|p1a: Trippie Redd|Protect|p1a: Trippie Redd\n|-singleturn|p1a: Trippie Redd|Protect\n|cant|p2a: Grimmsnarl|slp\n|move|p2b: Ogerpon|Ivy Cudgel|p1a: Trippie Redd|[anim] Ivy Cudgel Water\n|-activate|p1a: Trippie Redd|move: Protect\n|move|p1b: Ball Guy|Pollen Puff|p2b: Ogerpon\n|-supereffective|p2b: Ogerpon\n|-damage|p2b: Ogerpon|27\/100\n|\n|-weather|Sandstorm|[upkeep]\n|-damage|p2b: Ogerpon|21\/100|[from] Sandstorm\n|-damage|p2a: Grimmsnarl|76\/100 slp|[from] Sandstorm\n|-damage|p1b: Ball Guy|54\/100|[from] Sandstorm\n|upkeep\n|turn|5\n|inactive|vegetasfeet has 120 seconds left.\n|inactive|Luckymink09 has 120 seconds left.\n|\n|t:|1700020621\n|move|p1b: Ball Guy|Rage Powder|p1b: Ball Guy\n|-singleturn|p1b: Ball Guy|move: Rage Powder\n|cant|p2a: Grimmsnarl|slp\n|move|p2b: Ogerpon|Horn Leech|p1a: Trippie Redd\n|-supereffective|p1a: Trippie Redd\n|-damage|p1a: Trippie Redd|45\/100\n|-heal|p2b: Ogerpon|52\/100|[from] drain|[of] p1a: Trippie Redd\n|move|p1a: Trippie Redd|Crunch|p2b: Ogerpon\n|-damage|p2b: Ogerpon|18\/100\n|-unboost|p2b: Ogerpon|def|1\n|\n|-weather|Sandstorm|[upkeep]\n|-damage|p2b: Ogerpon|12\/100|[from] Sandstorm\n|-damage|p2a: Grimmsnarl|70\/100 slp|[from] Sandstorm\n|-damage|p1b: Ball Guy|48\/100|[from] Sandstorm\n|-enditem|p1b: Ball Guy|Sitrus Berry|[eat]\n|-heal|p1b: Ball Guy|73\/100|[from] item: Sitrus Berry\n|upkeep\n|turn|6\n|\n|t:|1700020635\n|move|p1a: Trippie Redd|Protect|p1a: Trippie Redd\n|-singleturn|p1a: Trippie Redd|Protect\n|-curestatus|p2a: Grimmsnarl|slp|[msg]\n|move|p2a: Grimmsnarl|Thunder Wave|p1b: Ball Guy\n|-status|p1b: Ball Guy|par\n|move|p2b: Ogerpon|Horn Leech|p1a: Trippie Redd\n|-activate|p1a: Trippie Redd|move: Protect\n|move|p1b: Ball Guy|Pollen Puff|p2b: Ogerpon\n|-supereffective|p2b: Ogerpon\n|-damage|p2b: Ogerpon|0 fnt\n|faint|p2b: Ogerpon\n|\n|-weather|Sandstorm|[upkeep]\n|-damage|p2a: Grimmsnarl|64\/100|[from] Sandstorm\n|-damage|p1b: Ball Guy|67\/100 par|[from] Sandstorm\n|-sideend|p1: vegetasfeet|Reflect\n|upkeep\n|\n|t:|1700020649\n|switch|p2b: Ninetales|Ninetales-Alola, F, shiny|100\/100\n|turn|7\n|inactive|vegetasfeet has 120 seconds left.\n|inactive|vegetasfeet has 90 seconds left.\n|\n|t:|1700020711\n|switch|p1a: Nicki Minaj|Cresselia, F|37\/100\n|-terastallize|p2b: Ninetales|Water\n|move|p2a: Grimmsnarl|Thunder Wave|p1a: Nicki Minaj\n|-status|p1a: Nicki Minaj|par\n|move|p2b: Ninetales|Snowscape|p2b: Ninetales\n|-weather|Snow\n|move|p1b: Ball Guy|Spore|p2b: Ninetales\n|-status|p2b: Ninetales|slp|[from] move: Spore\n|\n|-weather|Snow|[upkeep]\n|upkeep\n|turn|8\n|inactive|Luckymink09 has 120 seconds left.\n|\n|t:|1700020767\n|switch|p1a: Trippie Redd|Tyranitar, F|45\/100\n|-weather|Sandstorm|[from] ability: Sand Stream|[of] p1a: Trippie Redd\n|move|p2a: Grimmsnarl|Parting Shot|p1b: Ball Guy\n|-unboost|p1b: Ball Guy|atk|1\n|-unboost|p1b: Ball Guy|spa|1\n|inactive|Luckymink09 has 90 seconds left.\n|\n|t:|1700020779\n|switch|p2a: Sylveon|Sylveon, M|100\/100|[from] Parting Shot\n|cant|p2b: Ninetales|slp\n|move|p1b: Ball Guy|Clear Smog|p2a: Sylveon\n|-supereffective|p2a: Sylveon\n|-damage|p2a: Sylveon|93\/100\n|-clearboost|p2a: Sylveon\n|\n|-weather|Sandstorm|[upkeep]\n|-damage|p2b: Ninetales|95\/100 slp|[from] Sandstorm\n|-damage|p2a: Sylveon|87\/100|[from] Sandstorm\n|-damage|p1b: Ball Guy|61\/100 par|[from] Sandstorm\n|-heal|p2a: Sylveon|93\/100|[from] item: Leftovers\n|-sideend|p2: Luckymink09|Reflect\n|upkeep\n|turn|9\n|inactive|vegetasfeet has 120 seconds left.\n|inactive|vegetasfeet has 90 seconds left.\n|\n|t:|1700020822\n|switch|p1b: Gobba Goo|Heatran, F|100\/100\n|move|p1a: Trippie Redd|Protect|p1a: Trippie Redd\n|-singleturn|p1a: Trippie Redd|Protect\n|cant|p2b: Ninetales|slp\n|move|p2a: Sylveon|Calm Mind|p2a: Sylveon\n|-boost|p2a: Sylveon|spa|1\n|-boost|p2a: Sylveon|spd|1\n|\n|-weather|Sandstorm|[upkeep]\n|-damage|p2b: Ninetales|89\/100 slp|[from] Sandstorm\n|-damage|p2a: Sylveon|87\/100|[from] Sandstorm\n|-heal|p2a: Sylveon|93\/100|[from] item: Leftovers\n|-sideend|p2: Luckymink09|move: Light Screen\n|upkeep\n|turn|10\n|inactive|vegetasfeet has 90 seconds left.\n|\n|t:|1700020852\n|switch|p1a: Nicki Minaj|Cresselia, F|37\/100 par\n|cant|p2b: Ninetales|slp\n|move|p1b: Gobba Goo|Flash Cannon|p2a: Sylveon\n|-supereffective|p2a: Sylveon\n|-damage|p2a: Sylveon|64\/100\n|move|p2a: Sylveon|Calm Mind|p2a: Sylveon\n|-boost|p2a: Sylveon|spa|1\n|-boost|p2a: Sylveon|spd|1\n|\n|-weather|Sandstorm|[upkeep]\n|-damage|p2b: Ninetales|83\/100 slp|[from] Sandstorm\n|-damage|p2a: Sylveon|58\/100|[from] Sandstorm\n|-damage|p1a: Nicki Minaj|31\/100 par|[from] Sandstorm\n|-heal|p2a: Sylveon|64\/100|[from] item: Leftovers\n|upkeep\n|turn|11\n|inactive|vegetasfeet has 90 seconds left.\n|\n|t:|1700020883\n|switch|p1b: Oran Berry|Glimmora, M|100\/100\n|switch|p1a: Ball Guy|Amoonguss, F|94\/100 par\n|-curestatus|p2b: Ninetales|slp|[msg]\n|move|p2b: Ninetales|Snowscape|p2b: Ninetales\n|-weather|Snow\n|move|p2a: Sylveon|Calm Mind|p2a: Sylveon\n|-boost|p2a: Sylveon|spa|1\n|-boost|p2a: Sylveon|spd|1\n|\n|-weather|Snow|[upkeep]\n|-heal|p2a: Sylveon|70\/100|[from] item: Leftovers\n|upkeep\n|turn|12\n|inactive|Luckymink09 has 120 seconds left.\n|\n|t:|1700020922\n|move|p2b: Ninetales|Aurora Veil|p2b: Ninetales\n|-sidestart|p2: Luckymink09|move: Aurora Veil\n|move|p1b: Oran Berry|Mortal Spin|p2a: Sylveon|[spread] p2a,p2b\n|-supereffective|p2a: Sylveon\n|-damage|p2a: Sylveon|63\/100\n|-damage|p2b: Ninetales|78\/100\n|-status|p2a: Sylveon|psn\n|-status|p2b: Ninetales|psn\n|move|p2a: Sylveon|Stored Power|p1a: Ball Guy\n|-supereffective|p1a: Ball Guy\n|-damage|p1a: Ball Guy|0 fnt\n|faint|p1a: Ball Guy\n|\n|-weather|Snow|[upkeep]\n|-heal|p2a: Sylveon|69\/100 psn|[from] item: Leftovers\n|-damage|p2b: Ninetales|66\/100 psn|[from] psn\n|-damage|p2a: Sylveon|56\/100 psn|[from] psn\n|upkeep\n|inactive|vegetasfeet has 90 seconds left.\n|\n|t:|1700020941\n|switch|p1a: Trippie Redd|Tyranitar, F|45\/100\n|-weather|Sandstorm|[from] ability: Sand Stream|[of] p1a: Trippie Redd\n|turn|13\n|\n|t:|1700020952\n|move|p1b: Oran Berry|Spiky Shield|p1b: Oran Berry\n|-singleturn|p1b: Oran Berry|move: Protect\n|move|p2b: Ninetales|Blizzard|p1b: Oran Berry|[spread] p1a\n|-activate|p1b: Oran Berry|move: Protect\n|-damage|p1a: Trippie Redd|31\/100\n|move|p2a: Sylveon|Stored Power|p1b: Oran Berry\n|-activate|p1b: Oran Berry|move: Protect\n|move|p1a: Trippie Redd|Crunch|p2b: Ninetales\n|-damage|p2b: Ninetales|32\/100 psn\n|\n|-weather|Sandstorm|[upkeep]\n|-damage|p2b: Ninetales|26\/100 psn|[from] Sandstorm\n|-damage|p2a: Sylveon|50\/100 psn|[from] Sandstorm\n|-heal|p2a: Sylveon|56\/100 psn|[from] item: Leftovers\n|-damage|p2b: Ninetales|13\/100 psn|[from] psn\n|-damage|p2a: Sylveon|44\/100 psn|[from] psn\n|upkeep\n|turn|14\n|inactive|vegetasfeet has 120 seconds left.\n|\n|t:|1700020976\n|switch|p1b: Nicki Minaj|Cresselia, F|31\/100 par\n|move|p1a: Trippie Redd|Protect|p1a: Trippie Redd\n|-singleturn|p1a: Trippie Redd|Protect\n|move|p2b: Ninetales|Snowscape|p2b: Ninetales\n|-weather|Snow\n|move|p2a: Sylveon|Stored Power|p1b: Nicki Minaj\n|-resisted|p1b: Nicki Minaj\n|-damage|p1b: Nicki Minaj|11\/100 par\n|\n|-weather|Snow|[upkeep]\n|-heal|p2a: Sylveon|50\/100 psn|[from] item: Leftovers\n|-damage|p2b: Ninetales|1\/100 psn|[from] psn\n|-damage|p2a: Sylveon|38\/100 psn|[from] psn\n|upkeep\n|turn|15\n|inactive|vegetasfeet has 120 seconds left.\n|\n|t:|1700020997\n|move|p2b: Ninetales|Blizzard|p1a: Trippie Redd|[spread] p1a,p1b\n|-damage|p1a: Trippie Redd|12\/100\n|-damage|p1b: Nicki Minaj|0 fnt\n|faint|p1b: Nicki Minaj\n|move|p2a: Sylveon|Trailblaze|p1a: Trippie Redd\n|-supereffective|p1a: Trippie Redd\n|-damage|p1a: Trippie Redd|0 fnt\n|-boost|p2a: Sylveon|spe|1\n|faint|p1a: Trippie Redd\n|\n|-weather|Snow|[upkeep]\n|-heal|p2a: Sylveon|44\/100 psn|[from] item: Leftovers\n|-damage|p2b: Ninetales|0 fnt|[from] psn\n|faint|p2b: Ninetales\n|-damage|p2a: Sylveon|31\/100 psn|[from] psn\n|upkeep\n|\n|t:|1700021011\n|switch|p2b: Grimmsnarl|Grimmsnarl, M|64\/100\n|switch|p1b: ROOT BEER|Landorus, M|100\/100\n|switch|p1a: Oran Berry|Glimmora, M|100\/100\n|turn|16\n|\n|t:|1700021034\n|move|p1b: ROOT BEER|Protect|p1b: ROOT BEER\n|-singleturn|p1b: ROOT BEER|Protect\n|move|p1a: Oran Berry|Spiky Shield|p1a: Oran Berry\n|-singleturn|p1a: Oran Berry|move: Protect\n|move|p2b: Grimmsnarl|Parting Shot|p1a: Oran Berry\n|-activate|p1a: Oran Berry|move: Protect\n|move|p2a: Sylveon|Trailblaze|p1b: ROOT BEER\n|-activate|p1b: ROOT BEER|move: Protect\n|\n|-weather|Snow|[upkeep]\n|-heal|p2a: Sylveon|37\/100 psn|[from] item: Leftovers\n|-damage|p2a: Sylveon|25\/100 psn|[from] psn\n|upkeep\n|turn|17\n|inactive|vegetasfeet has 120 seconds left.\n|\n|t:|1700021078\n|-terastallize|p1b: ROOT BEER|Steel\n|move|p2b: Grimmsnarl|Reflect|p2b: Grimmsnarl\n|-sidestart|p2: Luckymink09|Reflect\n|move|p1b: ROOT BEER|Earth Power|p2a: Sylveon\n|-damage|p2a: Sylveon|20\/100 psn\n|move|p1a: Oran Berry|Sludge Bomb|p2b: Grimmsnarl\n|-supereffective|p2b: Grimmsnarl\n|-damage|p2b: Grimmsnarl|28\/100\n|move|p2a: Sylveon|Stored Power|p1a: Oran Berry\n|-supereffective|p1a: Oran Berry\n|-enditem|p1a: Oran Berry|Focus Sash\n|-damage|p1a: Oran Berry|1\/100\n|\n|-weather|Snow|[upkeep]\n|-heal|p2a: Sylveon|26\/100 psn|[from] item: Leftovers\n|-damage|p2a: Sylveon|13\/100 psn|[from] psn\n|upkeep\n|turn|18\n|inactive|vegetasfeet has 120 seconds left.\n|\n|t:|1700021100\n|move|p1a: Oran Berry|Spiky Shield|p1a: Oran Berry\n|-singleturn|p1a: Oran Berry|move: Protect\n|move|p2b: Grimmsnarl|Thunder Wave|p1b: ROOT BEER\n|-status|p1b: ROOT BEER|par\n|move|p2a: Sylveon|Dazzling Gleam|p1b: ROOT BEER|[spread] p1b\n|-activate|p1a: Oran Berry|move: Protect\n|-resisted|p1b: ROOT BEER\n|-damage|p1b: ROOT BEER|63\/100 par\n|cant|p1b: ROOT BEER|par\n|\n|-weather|none\n|-heal|p2a: Sylveon|20\/100 psn|[from] item: Leftovers\n|-heal|p1b: ROOT BEER|69\/100 par|[from] item: Leftovers\n|-damage|p2a: Sylveon|7\/100 psn|[from] psn\n|upkeep\n|turn|19\n|\n|t:|1700021119\n|cant|p1b: ROOT BEER|par\n|move|p2b: Grimmsnarl|Light Screen|p2b: Grimmsnarl\n|-sidestart|p2: Luckymink09|move: Light Screen\n|move|p1a: Oran Berry|Sludge Bomb|p2b: Grimmsnarl\n|-supereffective|p2b: Grimmsnarl\n|-damage|p2b: Grimmsnarl|0 fnt\n|faint|p2b: Grimmsnarl\n|move|p2a: Sylveon|Dazzling Gleam|p1b: ROOT BEER|[spread] p1a,p1b\n|-resisted|p1a: Oran Berry\n|-crit|p1a: Oran Berry\n|-resisted|p1b: ROOT BEER\n|-damage|p1a: Oran Berry|0 fnt\n|-damage|p1b: ROOT BEER|33\/100 par\n|faint|p1a: Oran Berry\n|\n|-heal|p2a: Sylveon|13\/100 psn|[from] item: Leftovers\n|-heal|p1b: ROOT BEER|39\/100 par|[from] item: Leftovers\n|-damage|p2a: Sylveon|1\/100 psn|[from] psn\n|-sideend|p2: Luckymink09|move: Aurora Veil\n|upkeep\n|\n|t:|1700021127\n|switch|p1a: Gobba Goo|Heatran, F|100\/100\n|switch|p2b: Kommo-o|Kommo-o, M|100\/100\n|turn|20\n|\n|t:|1700021136\n|move|p1b: ROOT BEER|Protect|p1b: ROOT BEER\n|-singleturn|p1b: ROOT BEER|Protect\n|move|p2b: Kommo-o|Clangorous Soul|p2b: Kommo-o\n|-boost|p2b: Kommo-o|atk|1\n|-boost|p2b: Kommo-o|def|1\n|-boost|p2b: Kommo-o|spa|1\n|-boost|p2b: Kommo-o|spd|1\n|-boost|p2b: Kommo-o|spe|1\n|-damage|p2b: Kommo-o|68\/100\n|move|p2a: Sylveon|Stored Power|p1a: Gobba Goo\n|-resisted|p1a: Gobba Goo\n|-crit|p1a: Gobba Goo\n|-damage|p1a: Gobba Goo|58\/100\n|move|p1a: Gobba Goo|Earth Power|p2b: Kommo-o\n|-crit|p2b: Kommo-o\n|-damage|p2b: Kommo-o|0 fnt\n|faint|p2b: Kommo-o\n|\n|-heal|p2a: Sylveon|7\/100 psn|[from] item: Leftovers\n|-heal|p1b: ROOT BEER|45\/100 par|[from] item: Leftovers\n|-damage|p2a: Sylveon|0 fnt|[from] psn\n|faint|p2a: Sylveon\n|upkeep\n|\n|t:|1700021152\n|switch|p2b: Vikavolt|Vikavolt, M|100\/100\n|turn|21\n|\n|t:|1700021162\n|move|p1a: Gobba Goo|Heat Wave|p2b: Vikavolt\n|-supereffective|p2b: Vikavolt\n|-damage|p2b: Vikavolt|10\/100\n|move|p1b: ROOT BEER|Rock Slide|p2b: Vikavolt\n|-supereffective|p2b: Vikavolt\n|-damage|p2b: Vikavolt|0 fnt\n|faint|p2b: Vikavolt\n|\n|win|vegetasfeet\n|raw|vegetasfeet's rating: 1212 &rarr; <strong>1232<\/strong><br \/>(+20 for winning)\n|raw|Luckymink09's rating: 1140 &rarr; <strong>1120<\/strong><br \/>(-20 for losing)\n|l|\u2606Luckymink09\n","uploadtime":1700021178,"views":20,"p1id":"vegetasfeet","p2id":"luckymink09","formatid":"gen9doublesou","rating":1120,"private":0,"password":""}