{"id":"gen9doublesou-1992075451","p1":"Mr. Alola Tales","p2":"lebobguy","format":"[Gen 9] Doubles OU","log":"|j|\u2606Mr. Alola Tales\n|j|\u2606lebobguy\n|t:|1700153002\n|gametype|doubles\n|player|p1|Mr. Alola Tales|archer|1417\n|player|p2|lebobguy|harlequin|1542\n|teamsize|p1|6\n|teamsize|p2|6\n|gen|9\n|tier|[Gen 9] Doubles OU\n|rated|\n|rule|Species Clause: Limit one of each Pok\u00e9mon\n|rule|OHKO Clause: OHKO moves are banned\n|rule|Evasion Moves Clause: Evasion moves are banned\n|rule|Gravity Sleep Clause: The combination of sleep-inducing moves with imperfect accuracy and Gravity or Gigantamax Orbeetle are banned\n|rule|Endless Battle Clause: Forcing endless battles is banned\n|rule|HP Percentage Mod: HP is shown in percentages\n|clearpoke\n|poke|p1|Dusclops, F|\n|poke|p1|Ursaluna-Bloodmoon, M|\n|poke|p1|Ogerpon-Cornerstone, F|\n|poke|p1|Chi-Yu|\n|poke|p1|Iron Hands|\n|poke|p1|Landorus-Therian, M|\n|poke|p2|Iron Hands|\n|poke|p2|Goodra-Hisui, F|\n|poke|p2|Diancie|\n|poke|p2|Cresselia, F|\n|poke|p2|Torkoal, F|\n|poke|p2|Farigiraf, F|\n|teampreview\n|inactive|Battle timer is ON: inactive players will automatically lose when time's up. (requested by Mr. Alola Tales)\n|c|\u2606lebobguy|glhf :)\n|c|\u2606lebobguy|oh\n|c|\u2606lebobguy|hello again\n|\n|t:|1700153045\n|start\n|switch|p1a: Chi-Yu|Chi-Yu|100\/100\n|switch|p1b: Landorus|Landorus-Therian, M|100\/100\n|switch|p2a: Stiff Snail|Goodra-Hisui, F, shiny|100\/100\n|switch|p2b: Beeg Man|Iron Hands|100\/100\n|-ability|p1b: Landorus|Intimidate|boost\n|-unboost|p2a: Stiff Snail|atk|1\n|-unboost|p2b: Beeg Man|atk|1\n|-ability|p1a: Chi-Yu|Beads of Ruin\n|turn|1\n|c|\u2606Mr. Alola Tales|thank you u 2\n|c|\u2606Mr. Alola Tales|hello hello\n|\n|t:|1700153064\n|move|p1a: Chi-Yu|Protect|p1a: Chi-Yu\n|-singleturn|p1a: Chi-Yu|Protect\n|move|p1b: Landorus|Earthquake|p2b: Beeg Man|[spread] p2a,p2b\n|-activate|p1a: Chi-Yu|move: Protect\n|-supereffective|p2a: Stiff Snail\n|-supereffective|p2b: Beeg Man\n|-damage|p2a: Stiff Snail|16\/100\n|-damage|p2b: Beeg Man|46\/100\n|move|p2a: Stiff Snail|Dragon Pulse|p1a: Chi-Yu\n|-activate|p1a: Chi-Yu|move: Protect\n|move|p2b: Beeg Man|Drain Punch|p1a: Chi-Yu\n|-activate|p1a: Chi-Yu|move: Protect\n|\n|upkeep\n|turn|2\n|c|\u2606lebobguy|did\n|c|\u2606lebobguy|i just make the exact same mistake\n|c|\u2606Mr. Alola Tales|hahhaahhahaha\n|c|\u2606Mr. Alola Tales|i think so\n|c|\u2606lebobguy|as last time\n|c|\u2606lebobguy|:|\n|inactive|Mr. Alola Tales has 120 seconds left.\n|inactive|lebobguy has 120 seconds left.\n|\n|t:|1700153110\n|switch|p1b: Ogerpon|Ogerpon-Cornerstone, F|100\/100\n|switch|p1a: Dusclops|Dusclops, F|100\/100\n|-item|p2a: Stiff Snail|Assault Vest|[from] ability: Frisk|[of] p1a: Dusclops|[identify]\n|-item|p2b: Beeg Man|Assault Vest|[from] ability: Frisk|[of] p1a: Dusclops|[identify]\n|move|p2a: Stiff Snail|Dragon Pulse|p1b: Ogerpon\n|-damage|p1b: Ogerpon|45\/100\n|move|p2b: Beeg Man|Play Rough|p1b: Ogerpon\n|-damage|p1b: Ogerpon|12\/100\n|\n|upkeep\n|turn|3\n|inactive|Mr. Alola Tales has 120 seconds left.\n|\n|t:|1700153144\n|move|p1b: Ogerpon|Horn Leech|p2b: Beeg Man\n|-damage|p2b: Beeg Man|16\/100\n|-heal|p1b: Ogerpon|37\/100|[from] drain|[of] p2b: Beeg Man\n|move|p2a: Stiff Snail|Dragon Pulse|p1a: Dusclops\n|-damage|p1a: Dusclops|57\/100\n|move|p2b: Beeg Man|Play Rough|p1a: Dusclops\n|-damage|p1a: Dusclops|33\/100\n|-enditem|p1a: Dusclops|Sitrus Berry|[eat]\n|-heal|p1a: Dusclops|58\/100|[from] item: Sitrus Berry\n|move|p1a: Dusclops|Trick Room|p1a: Dusclops\n|-fieldstart|move: Trick Room|[of] p1a: Dusclops\n|\n|upkeep\n|turn|4\n|inactive|Mr. Alola Tales has 120 seconds left.\n|\n|t:|1700153165\n|switch|p1a: Ursaluna|Ursaluna-Bloodmoon, M|100\/100\n|-end|p2b: Beeg Man|Quark Drive|[silent]\n|switch|p2b: Hoturt|Torkoal, F|100\/100\n|-weather|SunnyDay|[from] ability: Drought|[of] p2b: Hoturt\n|move|p1b: Ogerpon|Follow Me|p1b: Ogerpon\n|-singleturn|p1b: Ogerpon|move: Follow Me\n|move|p2a: Stiff Snail|Flash Cannon|p1b: Ogerpon\n|-supereffective|p1b: Ogerpon\n|-crit|p1b: Ogerpon\n|-damage|p1b: Ogerpon|0 fnt\n|faint|p1b: Ogerpon\n|\n|-weather|SunnyDay|[upkeep]\n|upkeep\n|\n|t:|1700153179\n|switch|p1b: Iron Hands|Iron Hands|100\/100\n|turn|5\n|\n|t:|1700153186\n|switch|p2b: Pain in the butt|Cresselia, F|100\/100\n|move|p1b: Iron Hands|Fake Out|p2b: Pain in the butt\n|-damage|p2b: Pain in the butt|90\/100\n|move|p2a: Stiff Snail|Dragon Pulse|p1a: Ursaluna\n|-damage|p1a: Ursaluna|54\/100\n|move|p1a: Ursaluna|Hyper Voice|p2a: Stiff Snail|[spread] p2a,p2b\n|-resisted|p2a: Stiff Snail\n|-crit|p2b: Pain in the butt\n|-damage|p2a: Stiff Snail|7\/100\n|-damage|p2b: Pain in the butt|58\/100\n|-enditem|p1a: Ursaluna|Throat Spray\n|-boost|p1a: Ursaluna|spa|1|[from] item: Throat Spray\n|\n|-weather|SunnyDay|[upkeep]\n|upkeep\n|turn|6\n|\n|t:|1700153202\n|move|p1a: Ursaluna|Protect|p1a: Ursaluna\n|-singleturn|p1a: Ursaluna|Protect\n|move|p1b: Iron Hands|Drain Punch|p2a: Stiff Snail\n|-supereffective|p2a: Stiff Snail\n|-damage|p2a: Stiff Snail|0 fnt\n|-ability|p2a: Stiff Snail|Gooey\n|-unboost|p1b: Iron Hands|spe|1\n|faint|p2a: Stiff Snail\n|move|p2b: Pain in the butt|Psychic|p1a: Ursaluna\n|-activate|p1a: Ursaluna|move: Protect\n|\n|-weather|SunnyDay|[upkeep]\n|upkeep\n|\n|t:|1700153207\n|switch|p2a: Beeg Man|Iron Hands|16\/100\n|turn|7\n|\n|t:|1700153225\n|-terastallize|p1a: Ursaluna|Ghost\n|move|p1b: Iron Hands|Ice Punch|p2b: Pain in the butt\n|-damage|p2b: Pain in the butt|36\/100\n|move|p2a: Beeg Man|Play Rough|p1b: Iron Hands\n|-supereffective|p1b: Iron Hands\n|-damage|p1b: Iron Hands|56\/100\n|move|p1a: Ursaluna|Blood Moon|p2b: Pain in the butt\n|-damage|p2b: Pain in the butt|0 fnt\n|faint|p2b: Pain in the butt\n|\n|-weather|SunnyDay|[upkeep]\n|-fieldend|move: Trick Room\n|upkeep\n|\n|t:|1700153233\n|switch|p2b: Hood|Farigiraf, F|100\/100\n|turn|8\n|\n|t:|1700153260\n|move|p2b: Hood|Shadow Ball|p1a: Ursaluna\n|-supereffective|p1a: Ursaluna\n|-damage|p1a: Ursaluna|0 fnt\n|faint|p1a: Ursaluna\n|move|p2a: Beeg Man|Drain Punch|p1b: Iron Hands\n|-damage|p1b: Iron Hands|27\/100\n|-heal|p2a: Beeg Man|31\/100|[from] drain|[of] p1b: Iron Hands\n|move|p1b: Iron Hands|Volt Switch|p2a: Beeg Man\n|-resisted|p2a: Beeg Man\n|-damage|p2a: Beeg Man|27\/100\n|inactive|Mr. Alola Tales has 120 seconds left.\n|\n|t:|1700153271\n|-end|p1b: Iron Hands|Quark Drive|[silent]\n|switch|p1b: Landorus|Landorus-Therian, M|100\/100|[from] Volt Switch\n|-ability|p1b: Landorus|Intimidate|boost\n|-unboost|p2a: Beeg Man|atk|1\n|-unboost|p2b: Hood|atk|1\n|\n|-weather|none\n|upkeep\n|inactive|Mr. Alola Tales has 120 seconds left.\n|\n|t:|1700153280\n|switch|p1a: Iron Hands|Iron Hands|27\/100\n|turn|9\n|inactive|Mr. Alola Tales has 120 seconds left.\n|\n|t:|1700153316\n|move|p1b: Landorus|U-turn|p2b: Hood\n|-supereffective|p2b: Hood\n|-damage|p2b: Hood|43\/100\n|\n|t:|1700153320\n|switch|p1b: Dusclops|Dusclops, F|58\/100|[from] U-turn\n|-item|p2a: Beeg Man|Assault Vest|[from] ability: Frisk|[of] p1b: Dusclops|[identify]\n|-item|p2b: Hood|Leftovers|[from] ability: Frisk|[of] p1b: Dusclops|[identify]\n|move|p1a: Iron Hands|Drain Punch|p2b: Hood\n|-damage|p2b: Hood|0 fnt\n|-heal|p1a: Iron Hands|46\/100|[from] drain|[of] p2b: Hood\n|faint|p2b: Hood\n|move|p2a: Beeg Man|Play Rough|p1a: Iron Hands\n|-supereffective|p1a: Iron Hands\n|-damage|p1a: Iron Hands|13\/100\n|-unboost|p1a: Iron Hands|atk|1\n|\n|upkeep\n|\n|t:|1700153326\n|switch|p2b: Hoturt|Torkoal, F|100\/100\n|-weather|SunnyDay|[from] ability: Drought|[of] p2b: Hoturt\n|turn|10\n|\n|t:|1700153344\n|move|p1b: Dusclops|Helping Hand|p1a: Iron Hands\n|-singleturn|p1a: Iron Hands|Helping Hand|[of] p1b: Dusclops\n|move|p1a: Iron Hands|Volt Switch|p2b: Hoturt\n|-damage|p2b: Hoturt|77\/100\n|\n|t:|1700153351\n|-end|p1a: Iron Hands|Quark Drive|[silent]\n|switch|p1a: Chi-Yu|Chi-Yu|100\/100|[from] Volt Switch\n|-ability|p1a: Chi-Yu|Beads of Ruin\n|move|p2a: Beeg Man|Drain Punch|p1a: Chi-Yu\n|-supereffective|p1a: Chi-Yu\n|-damage|p1a: Chi-Yu|4\/100\n|-heal|p2a: Beeg Man|52\/100|[from] drain|[of] p1a: Chi-Yu\n|move|p2b: Hoturt|Heat Wave|p1a: Chi-Yu|[spread] p1a,p1b\n|-resisted|p1a: Chi-Yu\n|-damage|p1a: Chi-Yu|0 fnt\n|-damage|p1b: Dusclops|3\/100\n|faint|p1a: Chi-Yu\n|\n|-weather|SunnyDay|[upkeep]\n|upkeep\n|\n|t:|1700153364\n|switch|p1a: Landorus|Landorus-Therian, M|100\/100\n|-ability|p1a: Landorus|Intimidate|boost\n|-unboost|p2a: Beeg Man|atk|1\n|-unboost|p2b: Hoturt|atk|1\n|turn|11\n|l|\u2606lebobguy\n|inactive|lebobguy disconnected and has a minute to reconnect!\n|player|p2|\n|j|\u2606lebobguy\n|inactive|lebobguy reconnected and has 130 seconds left.\n|player|p2|lebobguy|harlequin\n|c|\u2606Mr. Alola Tales|welcome back\n|inactive|lebobguy has 120 seconds left.\n|\n|t:|1700153403\n|move|p1b: Dusclops|Helping Hand|p1a: Landorus\n|-singleturn|p1a: Landorus|Helping Hand|[of] p1b: Dusclops\n|move|p1a: Landorus|Earthquake|p2a: Beeg Man|[spread] p1b,p2a,p2b\n|-supereffective|p2a: Beeg Man\n|-crit|p2a: Beeg Man\n|-supereffective|p2b: Hoturt\n|-damage|p1b: Dusclops|0 fnt\n|-damage|p2a: Beeg Man|0 fnt\n|-damage|p2b: Hoturt|0 fnt\n|faint|p1b: Dusclops\n|faint|p2a: Beeg Man\n|-end|p2a: Beeg Man|Quark Drive|[silent]\n|faint|p2b: Hoturt\n|\n|-weather|SunnyDay|[upkeep]\n|upkeep\n|c|\u2606lebobguy|thanks\n|\n|t:|1700153412\n|switch|p1b: Iron Hands|Iron Hands|13\/100\n|switch|p2b: Rock Candy|Diancie, shiny|100\/100\n|turn|12\n|c|\u2606lebobguy|ya miss me ;)\n|c|\u2606lebobguy|LOL\n|c|\u2606Mr. Alola Tales|long time no see\n|c|\u2606Mr. Alola Tales|for sure\n|c|\u2606lebobguy|also gg\n|\n|t:|1700153433\n|move|p1b: Iron Hands|Fake Out|p2b: Rock Candy\n|-resisted|p2b: Rock Candy\n|-damage|p2b: Rock Candy|94\/100\n|move|p1a: Landorus|Earthquake|p2b: Rock Candy|[spread] p1b,p2b\n|-supereffective|p1b: Iron Hands\n|-supereffective|p2b: Rock Candy\n|-damage|p1b: Iron Hands|0 fnt\n|-damage|p2b: Rock Candy|16\/100\n|faint|p1b: Iron Hands\n|-end|p1b: Iron Hands|Quark Drive|[silent]\n|cant|p2b: Rock Candy|flinch\n|\n|-weather|SunnyDay|[upkeep]\n|upkeep\n|turn|13\n|c|\u2606Mr. Alola Tales|gg man\n|\n|t:|1700153443\n|-terastallize|p2b: Rock Candy|Grass\n|move|p1a: Landorus|Earthquake|p2b: Rock Candy\n|-resisted|p2b: Rock Candy\n|-damage|p2b: Rock Candy|0 fnt\n|faint|p2b: Rock Candy\n|\n|win|Mr. Alola Tales\n|raw|Mr. Alola Tales's rating: 1417 &rarr; <strong>1444<\/strong><br \/>(+27 for winning)\n|raw|lebobguy's rating: 1542 &rarr; <strong>1515<\/strong><br \/>(-27 for losing)\n|c|\u2606lebobguy|best of three if we encounter each other again\n|c|\u2606Mr. Alola Tales|with pleasure !\n|l|\u2606lebobguy\n","uploadtime":1700153456,"views":7,"p1id":"mralolatales","p2id":"lebobguy","formatid":"gen9doublesou","rating":1444,"private":0,"password":""}