{"id":"gen9doublesou-1995705888","p1":"Tedainebeas","p2":"JTSmith86","format":"[Gen 9] Doubles OU","log":"|j|\u2606Tedainebeas\n|j|\u2606JTSmith86\n|t:|1700595609\n|gametype|doubles\n|player|p1|Tedainebeas|2|1145\n|player|p2|JTSmith86|ethan|1063\n|teamsize|p1|6\n|teamsize|p2|6\n|gen|9\n|tier|[Gen 9] Doubles OU\n|rated|\n|rule|Species Clause: Limit one of each Pok\u00e9mon\n|rule|OHKO Clause: OHKO moves are banned\n|rule|Evasion Moves Clause: Evasion moves are banned\n|rule|Gravity Sleep Clause: The combination of sleep-inducing moves with imperfect accuracy and Gravity or Gigantamax Orbeetle are banned\n|rule|Endless Battle Clause: Forcing endless battles is banned\n|rule|HP Percentage Mod: HP is shown in percentages\n|clearpoke\n|poke|p1|Roaring Moon|\n|poke|p1|Gholdengo|\n|poke|p1|Iron Hands|\n|poke|p1|Empoleon, M|\n|poke|p1|Amoonguss, M|\n|poke|p1|Charizard, F|\n|poke|p2|Umbreon, F|\n|poke|p2|Clefairy, M|\n|poke|p2|Wo-Chien|\n|poke|p2|Heatran, M|\n|poke|p2|Weezing-Galar, F|\n|poke|p2|Amoonguss, F|\n|teampreview\n|\n|t:|1700595619\n|start\n|switch|p1a: Roaring Moon|Roaring Moon|100\/100\n|switch|p1b: Charizard|Charizard, F|100\/100\n|switch|p2a: Wo-Chien|Wo-Chien|100\/100\n|switch|p2b: Amoonguss|Amoonguss, F, shiny|100\/100\n|-ability|p2a: Wo-Chien|Tablets of Ruin\n|turn|1\n|-activate|p1b: Charizard|item: Quick Claw\n|\n|t:|1700595643\n|move|p1b: Charizard|Will-O-Wisp|p2a: Wo-Chien\n|-status|p2a: Wo-Chien|brn\n|move|p1a: Roaring Moon|Taunt|p2b: Amoonguss\n|-start|p2b: Amoonguss|move: Taunt\n|move|p2a: Wo-Chien|Leech Seed|p1b: Charizard\n|-start|p1b: Charizard|move: Leech Seed\n|cant|p2b: Amoonguss|move: Taunt|Ingrain\n|\n|-damage|p1b: Charizard|88\/100|[from] Leech Seed|[of] p2a: Wo-Chien\n|-damage|p2a: Wo-Chien|94\/100 brn|[from] brn\n|upkeep\n|turn|2\n|\n|t:|1700595675\n|switch|p1b: Iron Hands|Iron Hands|100\/100\n|move|p1a: Roaring Moon|Knock Off|p2a: Wo-Chien\n|-resisted|p2a: Wo-Chien\n|-damage|p2a: Wo-Chien|77\/100 brn\n|-enditem|p2a: Wo-Chien|Wide Lens|[from] move: Knock Off|[of] p1a: Roaring Moon\n|move|p2a: Wo-Chien|Knock Off|p1a: Roaring Moon\n|-resisted|p1a: Roaring Moon\n|-damage|p1a: Roaring Moon|94\/100\n|move|p2b: Amoonguss|Pollen Puff|p2a: Wo-Chien\n|-heal|p2a: Wo-Chien|100\/100 brn\n|\n|-damage|p2a: Wo-Chien|94\/100 brn|[from] brn\n|upkeep\n|turn|3\n|\n|t:|1700595696\n|-end|p1b: Iron Hands|Quark Drive|[silent]\n|switch|p1b: Charizard|Charizard, F|88\/100\n|move|p1a: Roaring Moon|Knock Off|p2b: Amoonguss\n|-crit|p2b: Amoonguss\n|-damage|p2b: Amoonguss|38\/100\n|-status|p1a: Roaring Moon|par|[from] ability: Effect Spore|[of] p2b: Amoonguss\n|-enditem|p2b: Amoonguss|Big Root|[from] move: Knock Off|[of] p1a: Roaring Moon\n|move|p2a: Wo-Chien|Knock Off|p1b: Charizard\n|-damage|p1b: Charizard|71\/100\n|-enditem|p1b: Charizard|Quick Claw|[from] move: Knock Off|[of] p2a: Wo-Chien\n|move|p2b: Amoonguss|Giga Drain|p1b: Charizard\n|-resisted|p1b: Charizard\n|-damage|p1b: Charizard|65\/100\n|-heal|p2b: Amoonguss|40\/100|[from] drain|[of] p1b: Charizard\n|\n|-damage|p2a: Wo-Chien|88\/100 brn|[from] brn\n|-end|p2b: Amoonguss|move: Taunt\n|upkeep\n|turn|4\n|\n|t:|1700595742\n|switch|p2a: Heatran|Heatran, M, shiny|100\/100\n|move|p1b: Charizard|Fire Spin|p2a: Heatran\n|-start|p2a: Heatran|ability: Flash Fire\n|cant|p1a: Roaring Moon|par\n|move|p2b: Amoonguss|Ingrain|p2b: Amoonguss\n|-start|p2b: Amoonguss|move: Ingrain\n|\n|-heal|p2b: Amoonguss|46\/100|[from] Ingrain\n|upkeep\n|turn|5\n|\n|t:|1700595772\n|-end|p1a: Roaring Moon|Protosynthesis|[silent]\n|switch|p1a: Iron Hands|Iron Hands|100\/100\n|move|p1b: Charizard|Will-O-Wisp|p2b: Amoonguss\n|-status|p2b: Amoonguss|brn\n|move|p2a: Heatran|Flash Cannon|p1a: Iron Hands\n|-resisted|p1a: Iron Hands\n|-damage|p1a: Iron Hands|83\/100\n|move|p2b: Amoonguss|Clear Smog|p1b: Charizard\n|-damage|p1b: Charizard|50\/100\n|-clearboost|p1b: Charizard\n|\n|-heal|p2b: Amoonguss|52\/100 brn|[from] Ingrain\n|-damage|p2b: Amoonguss|46\/100 brn|[from] brn\n|upkeep\n|turn|6\n|\n|t:|1700595798\n|-terastallize|p2a: Heatran|Grass\n|move|p1b: Charizard|Protect|p1b: Charizard\n|-singleturn|p1b: Charizard|Protect\n|move|p2a: Heatran|Earth Power|p1a: Iron Hands\n|-supereffective|p1a: Iron Hands\n|-damage|p1a: Iron Hands|25\/100\n|-enditem|p1a: Iron Hands|Aguav Berry|[eat]\n|-heal|p1a: Iron Hands|58\/100|[from] item: Aguav Berry\n|move|p1a: Iron Hands|Stomping Tantrum|p2a: Heatran\n|-resisted|p2a: Heatran\n|-damage|p2a: Heatran|87\/100\n|move|p2b: Amoonguss|Pollen Puff|p2a: Heatran\n|-heal|p2a: Heatran|100\/100\n|\n|-heal|p2b: Amoonguss|52\/100 brn|[from] Ingrain\n|-damage|p2b: Amoonguss|46\/100 brn|[from] brn\n|upkeep\n|turn|7\n|\n|t:|1700595843\n|-end|p1a: Iron Hands|Quark Drive|[silent]\n|switch|p1a: Amoonguss|Amoonguss, M|100\/100\n|move|p1b: Charizard|Fire Spin|p2b: Amoonguss\n|-supereffective|p2b: Amoonguss\n|-damage|p2b: Amoonguss|28\/100 brn\n|-activate|p2b: Amoonguss|move: Fire Spin|[of] p1b: Charizard\n|move|p2a: Heatran|Earth Power|p1a: Amoonguss\n|-damage|p1a: Amoonguss|81\/100\n|move|p2b: Amoonguss|Giga Drain|p1a: Amoonguss\n|-resisted|p1a: Amoonguss\n|-damage|p1a: Amoonguss|77\/100\n|-heal|p2b: Amoonguss|30\/100 brn|[from] drain|[of] p1a: Amoonguss\n|\n|-heal|p1a: Amoonguss|84\/100|[from] item: Leftovers\n|-heal|p2b: Amoonguss|36\/100 brn|[from] Ingrain\n|-damage|p2b: Amoonguss|30\/100 brn|[from] brn\n|-damage|p2b: Amoonguss|17\/100 brn|[from] move: Fire Spin|[partiallytrapped]\n|upkeep\n|turn|8\n|\n|t:|1700595873\n|move|p1a: Amoonguss|Protect|p1a: Amoonguss\n|-singleturn|p1a: Amoonguss|Protect\n|move|p1b: Charizard|Fire Spin|p2a: Heatran\n|-immune|p2a: Heatran|[from] ability: Flash Fire\n|move|p2a: Heatran|Flamethrower|p1a: Amoonguss\n|-activate|p1a: Amoonguss|move: Protect\n|move|p2b: Amoonguss|Clear Smog|p1b: Charizard\n|-damage|p1b: Charizard|35\/100\n|-clearboost|p1b: Charizard\n|\n|-heal|p1a: Amoonguss|90\/100|[from] item: Leftovers\n|-heal|p2b: Amoonguss|24\/100 brn|[from] Ingrain\n|-damage|p2b: Amoonguss|17\/100 brn|[from] brn\n|-damage|p2b: Amoonguss|5\/100 brn|[from] move: Fire Spin|[partiallytrapped]\n|upkeep\n|turn|9\n|\n|t:|1700595900\n|switch|p1a: Roaring Moon|Roaring Moon|94\/100 par\n|move|p1b: Charizard|Fire Spin|p2b: Amoonguss\n|-supereffective|p2b: Amoonguss\n|-damage|p2b: Amoonguss|0 fnt\n|faint|p2b: Amoonguss\n|move|p2a: Heatran|Flamethrower|p1a: Roaring Moon\n|-resisted|p1a: Roaring Moon\n|-damage|p1a: Roaring Moon|61\/100 par\n|\n|upkeep\n|\n|t:|1700595916\n|switch|p2b: Weezing|Weezing-Galar, F, shiny|100\/100\n|-fieldstart|move: Misty Terrain|[from] ability: Misty Surge|[of] p2b: Weezing\n|turn|10\n|\n|t:|1700595941\n|-end|p1a: Roaring Moon|Protosynthesis|[silent]\n|switch|p1a: Amoonguss|Amoonguss, M|100\/100\n|move|p1b: Charizard|Will-O-Wisp|p2b: Weezing\n|-activate|p2b: Weezing|move: Misty Terrain\n|move|p2a: Heatran|Earth Power|p1a: Amoonguss\n|-damage|p1a: Amoonguss|79\/100\n|move|p2b: Weezing|Dazzling Gleam|p1a: Amoonguss|[spread] p1a,p1b\n|-resisted|p1a: Amoonguss\n|-resisted|p1b: Charizard\n|-damage|p1a: Amoonguss|73\/100\n|-damage|p1b: Charizard|25\/100\n|\n|-heal|p1a: Amoonguss|79\/100|[from] item: Leftovers\n|upkeep\n|turn|11\n|\n|t:|1700595965\n|switch|p1b: Empoleon|Empoleon, M|100\/100\n|move|p1a: Amoonguss|Protect|p1a: Amoonguss\n|-singleturn|p1a: Amoonguss|Protect\n|move|p2a: Heatran|Flamethrower|p1a: Amoonguss\n|-activate|p1a: Amoonguss|move: Protect\n|move|p2b: Weezing|Acid Spray|p1b: Empoleon\n|-immune|p1b: Empoleon\n|\n|-heal|p1a: Amoonguss|86\/100|[from] item: Leftovers\n|upkeep\n|turn|12\n|\n|t:|1700595991\n|switch|p1a: Roaring Moon|Roaring Moon|61\/100 par\n|move|p2a: Heatran|Tera Blast|p1b: Empoleon|[anim] Tera Blast Grass\n|-crit|p1b: Empoleon\n|-damage|p1b: Empoleon|63\/100\n|move|p2b: Weezing|Aromatic Mist|p2a: Heatran\n|-boost|p2a: Heatran|spd|1\n|move|p1b: Empoleon|Flash Cannon|p2b: Weezing\n|-supereffective|p2b: Weezing\n|-damage|p2b: Weezing|32\/100\n|\n|upkeep\n|turn|13\n|\n|t:|1700596018\n|-end|p1a: Roaring Moon|Protosynthesis|[silent]\n|switch|p1a: Amoonguss|Amoonguss, M|100\/100\n|move|p2a: Heatran|Earth Power|p1b: Empoleon\n|-supereffective|p1b: Empoleon\n|-damage|p1b: Empoleon|22\/100\n|move|p2b: Weezing|Aromatic Mist|p2a: Heatran\n|-boost|p2a: Heatran|spd|1\n|move|p1b: Empoleon|Flash Cannon|p2b: Weezing\n|-supereffective|p2b: Weezing\n|-damage|p2b: Weezing|0 fnt\n|faint|p2b: Weezing\n|\n|upkeep\n|\n|t:|1700596033\n|switch|p2b: Umbreon|Umbreon, F, shiny|100\/100\n|turn|14\n|\n|t:|1700596062\n|move|p2a: Heatran|Flamethrower|p1a: Amoonguss\n|-supereffective|p1a: Amoonguss\n|-damage|p1a: Amoonguss|10\/100\n|move|p2b: Umbreon|Calm Mind|p2b: Umbreon\n|-boost|p2b: Umbreon|spa|1\n|-boost|p2b: Umbreon|spd|1\n|move|p1b: Empoleon|Flash Cannon|p2a: Heatran\n|-damage|p2a: Heatran|92\/100\n|move|p1a: Amoonguss|Pollen Puff|p2a: Heatran\n|-supereffective|p2a: Heatran\n|-crit|p2a: Heatran\n|-damage|p2a: Heatran|65\/100\n|\n|-damage|p2b: Umbreon|88\/100|[from] item: Black Sludge\n|-heal|p1a: Amoonguss|16\/100|[from] item: Leftovers\n|upkeep\n|turn|15\n|\n|t:|1700596092\n|move|p1a: Amoonguss|Protect|p1a: Amoonguss\n|-singleturn|p1a: Amoonguss|Protect\n|move|p2a: Heatran|Earth Power|p1b: Empoleon\n|-supereffective|p1b: Empoleon\n|-damage|p1b: Empoleon|0 fnt\n|faint|p1b: Empoleon\n|move|p2b: Umbreon|Calm Mind|p2b: Umbreon\n|-boost|p2b: Umbreon|spa|1\n|-boost|p2b: Umbreon|spd|1\n|\n|-damage|p2b: Umbreon|76\/100|[from] item: Black Sludge\n|-heal|p1a: Amoonguss|23\/100|[from] item: Leftovers\n|upkeep\n|\n|t:|1700596119\n|switch|p1b: Iron Hands|Iron Hands|58\/100\n|turn|16\n|\n|t:|1700596130\n|switch|p1a: Roaring Moon|Roaring Moon|61\/100 par\n|move|p2a: Heatran|Earth Power|p1b: Iron Hands\n|-supereffective|p1b: Iron Hands\n|-damage|p1b: Iron Hands|0 fnt\n|faint|p1b: Iron Hands\n|-end|p1b: Iron Hands|Quark Drive|[silent]\n|move|p2b: Umbreon|Stored Power|p1a: Roaring Moon\n|-immune|p1a: Roaring Moon\n|\n|-damage|p2b: Umbreon|63\/100|[from] item: Black Sludge\n|upkeep\n|-message|Tedainebeas forfeited.\n|\n|win|JTSmith86\n|raw|Tedainebeas's rating: 1145 &rarr; <strong>1114<\/strong><br \/>(-31 for losing)\n|raw|JTSmith86's rating: 1063 &rarr; <strong>1101<\/strong><br \/>(+38 for winning)\n|l|\u2606Tedainebeas\n","uploadtime":1700596146,"views":5,"p1id":"tedainebeas","p2id":"jtsmith86","formatid":"gen9doublesou","rating":1101,"private":0,"password":""}