{"id":"gen9doublesou-1980798652","p1":"Thanos Senpai","p2":"C4RR1LLO","format":"[Gen 9] Doubles OU","log":"|j|\u2606Thanos Senpai\n|j|\u2606C4RR1LLO\n|t:|1698835025\n|gametype|doubles\n|player|p1|Thanos Senpai|harlequin|1038\n|player|p2|C4RR1LLO|bruno|1162\n|teamsize|p1|6\n|teamsize|p2|6\n|gen|9\n|tier|[Gen 9] Doubles OU\n|rated|\n|rule|Species Clause: Limit one of each Pok\u00e9mon\n|rule|OHKO Clause: OHKO moves are banned\n|rule|Evasion Moves Clause: Evasion moves are banned\n|rule|Gravity Sleep Clause: The combination of sleep-inducing moves with imperfect accuracy and Gravity or Gigantamax Orbeetle are banned\n|rule|Endless Battle Clause: Forcing endless battles is banned\n|rule|HP Percentage Mod: HP is shown in percentages\n|clearpoke\n|poke|p1|Pelipper, F|\n|poke|p1|Palafin, F|\n|poke|p1|Barraskewda, F|\n|poke|p1|Ogerpon-Wellspring, F|\n|poke|p1|Walking Wake|\n|poke|p1|Dondozo, M|\n|poke|p2|Tyranitar, F|\n|poke|p2|Landorus, M|\n|poke|p2|Hippowdon, F|\n|poke|p2|Houndstone, M|\n|poke|p2|Regieleki|\n|poke|p2|Sandslash, F|\n|teampreview\n|inactive|Battle timer is ON: inactive players will automatically lose when time's up. (requested by C4RR1LLO)\n|\n|t:|1698835046\n|start\n|switch|p1a: Pelipper|Pelipper, F|100\/100\n|switch|p1b: Palafin|Palafin, F|100\/100\n|switch|p2a: Landorus|Landorus, M|100\/100\n|switch|p2b: Regieleki|Regieleki|100\/100\n|-weather|RainDance|[from] ability: Drizzle|[of] p1a: Pelipper\n|turn|1\n|\n|t:|1698835063\n|switch|p2a: Hippowdon|Hippowdon, F, shiny|100\/100\n|-weather|Sandstorm|[from] ability: Sand Stream|[of] p2a: Hippowdon\n|move|p2b: Regieleki|Volt Switch|p1b: Palafin\n|-supereffective|p1b: Palafin\n|-damage|p1b: Palafin|23\/100\n|\n|t:|1698835072\n|switch|p2b: Tyranitar|Tyranitar, F, shiny|100\/100|[from] Volt Switch\n|move|p1b: Palafin|Flip Turn|p2a: Hippowdon\n|-supereffective|p2a: Hippowdon\n|-damage|p2a: Hippowdon|78\/100\n|\n|t:|1698835088\n|detailschange|p1b: Palafin|Palafin-Hero, F\n|switch|p1b: Barraskewda|Barraskewda, F|100\/100|[from] Flip Turn\n|move|p1a: Pelipper|Tailwind|p1a: Pelipper\n|-sidestart|p1: Thanos Senpai|move: Tailwind\n|\n|-weather|Sandstorm|[upkeep]\n|-damage|p1b: Barraskewda|94\/100|[from] Sandstorm\n|-damage|p1a: Pelipper|94\/100|[from] Sandstorm\n|upkeep\n|turn|2\n|\n|t:|1698835111\n|move|p1b: Barraskewda|Close Combat|p2b: Tyranitar\n|-supereffective|p2b: Tyranitar\n|-damage|p2b: Tyranitar|0 fnt\n|-unboost|p1b: Barraskewda|def|1\n|-unboost|p1b: Barraskewda|spd|1\n|faint|p2b: Tyranitar\n|move|p1a: Pelipper|Hydro Pump|p2a: Hippowdon\n|-supereffective|p2a: Hippowdon\n|-damage|p2a: Hippowdon|0 fnt\n|faint|p2a: Hippowdon\n|\n|-weather|Sandstorm|[upkeep]\n|-damage|p1b: Barraskewda|88\/100|[from] Sandstorm\n|-damage|p1a: Pelipper|88\/100|[from] Sandstorm\n|upkeep\n|inactive|C4RR1LLO has 120 seconds left.\n|\n|t:|1698835139\n|switch|p2b: Sandslash|Sandslash, F, shiny|100\/100\n|switch|p2a: Landorus|Landorus, M|100\/100\n|turn|3\n|inactive|C4RR1LLO has 120 seconds left.\n|\n|t:|1698835159\n|switch|p1b: Dondozo|Dondozo, M|100\/100\n|switch|p1a: Palafin|Palafin-Hero, F|23\/100\n|-activate|p1a: Palafin|ability: Zero to Hero\n|move|p2b: Sandslash|Leech Life|p1b: Dondozo\n|-damage|p1b: Dondozo|86\/100\n|-damage|p2b: Sandslash|91\/100|[from] item: Life Orb\n|move|p2a: Landorus|Sandsear Storm|p1a: Palafin|[spread] p1a,p1b\n|-damage|p1a: Palafin|0 fnt\n|-damage|p1b: Dondozo|43\/100\n|faint|p1a: Palafin\n|\n|-weather|Sandstorm|[upkeep]\n|-damage|p1b: Dondozo|36\/100|[from] Sandstorm\n|-heal|p1b: Dondozo|43\/100|[from] item: Leftovers\n|upkeep\n|\n|t:|1698835175\n|switch|p1a: Pelipper|Pelipper, F|88\/100\n|-weather|RainDance|[from] ability: Drizzle|[of] p1a: Pelipper\n|turn|4\n|inactive|C4RR1LLO has 120 seconds left.\n|\n|t:|1698835213\n|-terastallize|p2a: Landorus|Steel\n|move|p1a: Pelipper|Wide Guard|p1a: Pelipper\n|-singleturn|p1a: Pelipper|Wide Guard\n|move|p2a: Landorus|Sandsear Storm|p1b: Dondozo|[spread] \n|-activate|p1a: Pelipper|move: Wide Guard\n|-activate|p1b: Dondozo|move: Wide Guard\n|move|p2b: Sandslash|Poison Jab|p1a: Pelipper\n|-damage|p1a: Pelipper|53\/100\n|-enditem|p1a: Pelipper|Eject Button\n|-damage|p2b: Sandslash|81\/100|[from] item: Life Orb\n|inactive|Thanos Senpai has 120 seconds left.\n|\n|t:|1698835262\n|switch|p1a: Barraskewda|Barraskewda, F|88\/100\n|move|p1b: Dondozo|Wave Crash|p2a: Landorus\n|-damage|p2a: Landorus|32\/100\n|-damage|p1b: Dondozo|28\/100|[from] Recoil\n|\n|-weather|RainDance|[upkeep]\n|-heal|p1b: Dondozo|34\/100|[from] item: Leftovers\n|-sideend|p1: Thanos Senpai|move: Tailwind\n|upkeep\n|turn|5\n|inactive|Thanos Senpai has 120 seconds left.\n|\n|t:|1698835283\n|switch|p2a: Houndstone|Houndstone, M|100\/100\n|-terastallize|p1a: Barraskewda|Water\n|move|p1a: Barraskewda|Flip Turn|p2a: Houndstone\n|-enditem|p2a: Houndstone|Focus Sash\n|-damage|p2a: Houndstone|1\/100\n|\n|t:|1698835300\n|switch|p1a: Pelipper|Pelipper, F|53\/100|[from] Flip Turn\n|move|p2b: Sandslash|Earthquake|p1b: Dondozo|[spread] p2a,p1b\n|-immune|p1a: Pelipper\n|-damage|p2a: Houndstone|0 fnt\n|-damage|p1b: Dondozo|14\/100\n|faint|p2a: Houndstone\n|-damage|p2b: Sandslash|71\/100|[from] item: Life Orb\n|move|p1b: Dondozo|Wave Crash|p2b: Sandslash\n|-supereffective|p2b: Sandslash\n|-damage|p2b: Sandslash|0 fnt\n|faint|p2b: Sandslash\n|-damage|p1b: Dondozo|0 fnt|[from] Recoil\n|faint|p1b: Dondozo\n|\n|-weather|RainDance|[upkeep]\n|upkeep\n|c|\u2606Thanos Senpai|xD\n|c|\u2606Thanos Senpai|your DOG!\n|\n|t:|1698835319\n|switch|p2b: Regieleki|Regieleki|100\/100\n|switch|p2a: Landorus|Landorus, M, tera:Steel|32\/100\n|switch|p1b: Walking Wake|Walking Wake|100\/100\n|turn|6\n|inactive|Thanos Senpai has 120 seconds left.\n|\n|t:|1698835335\n|move|p2b: Regieleki|Volt Switch|p1a: Pelipper\n|-supereffective|p1a: Pelipper\n|-damage|p1a: Pelipper|0 fnt\n|faint|p1a: Pelipper\n|move|p2a: Landorus|Focus Blast|p1b: Walking Wake\n|-damage|p1b: Walking Wake|46\/100\n|move|p1b: Walking Wake|Draco Meteor|p2b: Regieleki\n|-enditem|p2b: Regieleki|Focus Sash\n|-damage|p2b: Regieleki|1\/100\n|-unboost|p1b: Walking Wake|spa|2\n|\n|-weather|RainDance|[upkeep]\n|upkeep\n|\n|t:|1698835347\n|switch|p1a: Barraskewda|Barraskewda, F, tera:Water|88\/100\n|turn|7\n|\n|t:|1698835355\n|move|p1a: Barraskewda|Flip Turn|p2b: Regieleki\n|-damage|p2b: Regieleki|0 fnt\n|faint|p2b: Regieleki\n|\n|t:|1698835359\n|switch|p1a: Ogerpon|Ogerpon-Wellspring, F|100\/100|[from] Flip Turn\n|move|p2a: Landorus|Focus Blast|p1b: Walking Wake\n|-damage|p1b: Walking Wake|0 fnt\n|faint|p1b: Walking Wake\n|-end|p1b: Walking Wake|Protosynthesis|[silent]\n|\n|-weather|RainDance|[upkeep]\n|upkeep\n|\n|t:|1698835366\n|switch|p1b: Barraskewda|Barraskewda, F, tera:Water|88\/100\n|turn|8\n|\n|t:|1698835374\n|move|p1b: Barraskewda|Flip Turn|p2a: Landorus\n|-damage|p2a: Landorus|0 fnt\n|faint|p2a: Landorus\n|\n|win|Thanos Senpai\n|raw|Thanos Senpai's rating: 1038 &rarr; <strong>1084<\/strong><br \/>(+46 for winning)\n|raw|C4RR1LLO's rating: 1162 &rarr; <strong>1128<\/strong><br \/>(-34 for losing)\n|l|\u2606C4RR1LLO\n","uploadtime":1698835380,"views":20,"p1id":"thanossenpai","p2id":"c4rr1llo","formatid":"gen9doublesou","rating":1084,"private":0,"password":""}