{"id":"gen9doublesou-1993458373","p1":"Raf","p2":"SMB","format":"[Gen 9] Doubles OU","log":"|j|\u2606Raf\n|j|\u2606SMB\n|t:|1700320391\n|gametype|doubles\n|player|p1|Raf|#scl3dynamos2|\n|player|p2|SMB|#dpl8ducks|\n|teamsize|p1|6\n|teamsize|p2|6\n|gen|9\n|tier|[Gen 9] Doubles OU\n|rule|Species Clause: Limit one of each Pok\u00e9mon\n|rule|OHKO Clause: OHKO moves are banned\n|rule|Evasion Moves Clause: Evasion moves are banned\n|rule|Gravity Sleep Clause: The combination of sleep-inducing moves with imperfect accuracy and Gravity or Gigantamax Orbeetle are banned\n|rule|Endless Battle Clause: Forcing endless battles is banned\n|rule|HP Percentage Mod: HP is shown in percentages\n|clearpoke\n|poke|p1|Basculegion-F, F|\n|poke|p1|Ursaluna, F|\n|poke|p1|Landorus-Therian, M|\n|poke|p1|Rillaboom, M|\n|poke|p1|Diancie|\n|poke|p1|Volcanion|\n|poke|p2|Gholdengo|\n|poke|p2|Palafin, F|\n|poke|p2|Rillaboom, M|\n|poke|p2|Ogerpon-Wellspring, F|\n|poke|p2|Tornadus, M|\n|poke|p2|Kommo-o, F|\n|teampreview\n|inactive|Battle timer is ON: inactive players will automatically lose when time's up. (requested by Raf)\n|c|\u2606Raf|hf\n|c|\u2606SMB|glhf\n|inactive|Raf has 270 seconds left.\n|inactive|SMB has 270 seconds left.\n|\n|t:|1700320448\n|start\n|switch|p1a: Landorus|Landorus-Therian, M|100\/100\n|switch|p1b: Volcanion|Volcanion|100\/100\n|switch|p2a: Rillaboom|Rillaboom, M|100\/100\n|switch|p2b: Kommo-o|Kommo-o, F|100\/100\n|-ability|p1a: Landorus|Intimidate|boost\n|-unboost|p2a: Rillaboom|atk|1\n|-unboost|p2b: Kommo-o|atk|1\n|-fieldstart|move: Grassy Terrain|[from] ability: Grassy Surge|[of] p2a: Rillaboom\n|turn|1\n|\n|t:|1700320462\n|move|p2a: Rillaboom|Fake Out|p1b: Volcanion\n|-damage|p1b: Volcanion|94\/100\n|move|p2b: Kommo-o|Clangorous Soul|p2b: Kommo-o\n|-boost|p2b: Kommo-o|atk|1\n|-boost|p2b: Kommo-o|def|1\n|-boost|p2b: Kommo-o|spa|1\n|-boost|p2b: Kommo-o|spd|1\n|-boost|p2b: Kommo-o|spe|1\n|-damage|p2b: Kommo-o|68\/100\n|-enditem|p2b: Kommo-o|Throat Spray\n|-boost|p2b: Kommo-o|spa|1|[from] item: Throat Spray\n|move|p1a: Landorus|Stealth Rock|p2a: Rillaboom\n|-sidestart|p2: SMB|move: Stealth Rock\n|cant|p1b: Volcanion|flinch\n|\n|-heal|p2b: Kommo-o|74\/100|[from] Grassy Terrain\n|-heal|p1b: Volcanion|99\/100|[from] Grassy Terrain\n|upkeep\n|turn|2\n|inactive|Raf has 270 seconds left.\n|\n|t:|1700320497\n|move|p1b: Volcanion|Protect|p1b: Volcanion\n|-singleturn|p1b: Volcanion|Protect\n|move|p2b: Kommo-o|Clanging Scales|p1a: Landorus|[spread] p1a\n|-activate|p1b: Volcanion|move: Protect\n|-damage|p1a: Landorus|23\/100\n|-enditem|p1a: Landorus|Sitrus Berry|[eat]\n|-heal|p1a: Landorus|48\/100|[from] item: Sitrus Berry\n|-unboost|p2b: Kommo-o|def|1\n|move|p1a: Landorus|U-turn|p2a: Rillaboom\n|-supereffective|p2a: Rillaboom\n|-damage|p2a: Rillaboom|67\/100\n|-enditem|p2a: Rillaboom|Eject Button\n|j| RelicanthPrimal<><\n|\n|t:|1700320513\n|switch|p2a: Ogerpon|Ogerpon-Wellspring, F|100\/100\n|-damage|p2a: Ogerpon|88\/100|[from] Stealth Rock\n|\n|-heal|p2b: Kommo-o|80\/100|[from] Grassy Terrain\n|-heal|p2a: Ogerpon|94\/100|[from] Grassy Terrain\n|-heal|p1b: Volcanion|100\/100|[from] Grassy Terrain\n|upkeep\n|turn|3\n|\n|t:|1700320527\n|switch|p1b: Rillaboom|Rillaboom, M|100\/100\n|move|p2b: Kommo-o|Clanging Scales|p1b: Rillaboom|[spread] p1a,p1b\n|-crit|p1b: Rillaboom\n|-damage|p1a: Landorus|0 fnt\n|-damage|p1b: Rillaboom|16\/100\n|faint|p1a: Landorus\n|-unboost|p2b: Kommo-o|def|1\n|move|p2a: Ogerpon|Encore||[still]\n|-fail|p2a: Ogerpon\n|\n|-heal|p2b: Kommo-o|86\/100|[from] Grassy Terrain\n|-heal|p2a: Ogerpon|99\/100|[from] Grassy Terrain\n|-heal|p1b: Rillaboom|22\/100|[from] Grassy Terrain\n|upkeep\n|\n|t:|1700320537\n|switch|p1a: Diancie|Diancie|100\/100\n|turn|4\n|j| qsns\n|inactive|SMB has 270 seconds left.\n|j| AIRedzone\n|inactive|Raf has 270 seconds left.\n|\n|t:|1700320584\n|-terastallize|p1a: Diancie|Grass\n|move|p2b: Kommo-o|Flash Cannon|p1a: Diancie\n|-crit|p1a: Diancie\n|-damage|p1a: Diancie|41\/100\n|move|p2a: Ogerpon|Encore||[still]\n|-fail|p2a: Ogerpon\n|move|p1b: Rillaboom|U-turn|p2a: Ogerpon\n|-supereffective|p2a: Ogerpon\n|-damage|p2a: Ogerpon|47\/100\n|inactive|Raf has 270 seconds left.\n|\n|t:|1700320594\n|switch|p1b: Ursaluna|Ursaluna, F|100\/100|[from] U-turn\n|move|p1a: Diancie|Trick Room|p1a: Diancie\n|-fieldstart|move: Trick Room|[of] p1a: Diancie\n|\n|-heal|p1a: Diancie|47\/100|[from] Grassy Terrain\n|-heal|p2a: Ogerpon|53\/100|[from] Grassy Terrain\n|-heal|p2b: Kommo-o|92\/100|[from] Grassy Terrain\n|-status|p1b: Ursaluna|brn|[from] item: Flame Orb\n|upkeep\n|turn|5\n|inactive|Raf has 270 seconds left.\n|\n|t:|1700320633\n|move|p2a: Ogerpon|Follow Me|p2a: Ogerpon\n|-singleturn|p2a: Ogerpon|move: Follow Me\n|move|p1b: Ursaluna|Headlong Rush|p2a: Ogerpon\n|-resisted|p2a: Ogerpon\n|-damage|p2a: Ogerpon|0 fnt\n|-unboost|p1b: Ursaluna|def|1\n|-unboost|p1b: Ursaluna|spd|1\n|faint|p2a: Ogerpon\n|move|p1a: Diancie|Diamond Storm|p2b: Kommo-o\n|-resisted|p2b: Kommo-o\n|-damage|p2b: Kommo-o|48\/100\n|move|p2b: Kommo-o|Clanging Scales|p1b: Ursaluna|[spread] p1a,p1b\n|-damage|p1a: Diancie|0 fnt\n|-damage|p1b: Ursaluna|11\/100 brn\n|faint|p1a: Diancie\n|-unboost|p2b: Kommo-o|def|1\n|\n|-heal|p1b: Ursaluna|18\/100 brn|[from] Grassy Terrain\n|-heal|p2b: Kommo-o|54\/100|[from] Grassy Terrain\n|-damage|p1b: Ursaluna|11\/100 brn|[from] brn\n|-fieldend|move: Grassy Terrain\n|upkeep\n|\n|t:|1700320657\n|switch|p1a: Rillaboom|Rillaboom, M|22\/100\n|switch|p2a: Rillaboom|Rillaboom, M|67\/100\n|-fieldstart|move: Grassy Terrain|[from] ability: Grassy Surge|[of] p1a: Rillaboom\n|-damage|p2a: Rillaboom|54\/100|[from] Stealth Rock\n|turn|6\n|l| AIRedzone\n|inactive|SMB has 270 seconds left.\n|\n|t:|1700320701\n|move|p2b: Kommo-o|Protect|p2b: Kommo-o\n|-singleturn|p2b: Kommo-o|Protect\n|move|p2a: Rillaboom|Fake Out|p1b: Ursaluna\n|-damage|p1b: Ursaluna|0 fnt\n|faint|p1b: Ursaluna\n|move|p1a: Rillaboom|Fake Out|p2a: Rillaboom\n|-damage|p2a: Rillaboom|41\/100\n|\n|-heal|p2a: Rillaboom|48\/100|[from] Grassy Terrain\n|-heal|p1a: Rillaboom|28\/100|[from] Grassy Terrain\n|-heal|p2b: Kommo-o|60\/100|[from] Grassy Terrain\n|upkeep\n|c|\u2606Raf|damn\n|\n|t:|1700320710\n|switch|p1b: Volcanion|Volcanion|100\/100\n|turn|7\n|\n|t:|1700320729\n|switch|p2a: Palafin|Palafin, F|100\/100\n|-damage|p2a: Palafin|88\/100|[from] Stealth Rock\n|move|p1b: Volcanion|Heat Wave|p2b: Kommo-o|[spread] p2a,p2b\n|-resisted|p2a: Palafin\n|-resisted|p2b: Kommo-o\n|-damage|p2a: Palafin|67\/100\n|-damage|p2b: Kommo-o|44\/100\n|move|p1a: Rillaboom|Wood Hammer|p2b: Kommo-o\n|-resisted|p2b: Kommo-o\n|-damage|p2b: Kommo-o|0 fnt\n|faint|p2b: Kommo-o\n|-damage|p1a: Rillaboom|17\/100|[from] Recoil\n|\n|-heal|p1a: Rillaboom|23\/100|[from] Grassy Terrain\n|-heal|p2a: Palafin|73\/100|[from] Grassy Terrain\n|upkeep\n|inactive|SMB has 270 seconds left.\n|\n|t:|1700320753\n|switch|p2b: Rillaboom|Rillaboom, M|48\/100\n|-damage|p2b: Rillaboom|35\/100|[from] Stealth Rock\n|turn|8\n|inactive|SMB has 270 seconds left.\n|\n|t:|1700320781\n|detailschange|p2a: Palafin|Palafin-Hero, F\n|switch|p2a: Gholdengo|Gholdengo|100\/100\n|-damage|p2a: Gholdengo|94\/100|[from] Stealth Rock\n|move|p2b: Rillaboom|Fake Out|p1b: Volcanion\n|-damage|p1b: Volcanion|91\/100\n|cant|p1b: Volcanion|flinch\n|move|p1a: Rillaboom|Wood Hammer|p2a: Gholdengo\n|-resisted|p2a: Gholdengo\n|-damage|p2a: Gholdengo|49\/100\n|-damage|p1a: Rillaboom|10\/100|[from] Recoil\n|\n|-heal|p1b: Volcanion|97\/100|[from] Grassy Terrain\n|-heal|p1a: Rillaboom|17\/100|[from] Grassy Terrain\n|-heal|p2b: Rillaboom|41\/100|[from] Grassy Terrain\n|-heal|p2a: Gholdengo|55\/100|[from] Grassy Terrain\n|-fieldend|move: Trick Room\n|upkeep\n|turn|9\n|j|+zoe\n|l|+zoe\n|inactive|SMB has 270 seconds left.\n|j| AIRedzone\n|inactive|SMB has 240 seconds left.\n|inactive|SMB has 210 seconds left.\n|\n|t:|1700320868\n|switch|p2b: Palafin|Palafin-Hero, F|73\/100\n|-damage|p2b: Palafin|61\/100|[from] Stealth Rock\n|-activate|p2b: Palafin|ability: Zero to Hero\n|move|p1a: Rillaboom|Grassy Glide|p2a: Gholdengo\n|-resisted|p2a: Gholdengo\n|-damage|p2a: Gholdengo|35\/100\n|move|p2a: Gholdengo|Shadow Ball|p1a: Rillaboom\n|-damage|p1a: Rillaboom|0 fnt\n|faint|p1a: Rillaboom\n|move|p1b: Volcanion|Steam Eruption|p2a: Gholdengo\n|-damage|p2a: Gholdengo|0 fnt\n|faint|p2a: Gholdengo\n|\n|-heal|p2b: Palafin|67\/100|[from] Grassy Terrain\n|-heal|p1b: Volcanion|100\/100|[from] Grassy Terrain\n|upkeep\n|\n|t:|1700320886\n|switch|p2a: Rillaboom|Rillaboom, M|41\/100\n|switch|p1a: Basculegion|Basculegion-F, F|100\/100\n|-damage|p2a: Rillaboom|29\/100|[from] Stealth Rock\n|turn|10\n|\n|t:|1700320914\n|-terastallize|p2a: Rillaboom|Grass\n|move|p2a: Rillaboom|Grassy Glide|p1a: Basculegion\n|-supereffective|p1a: Basculegion\n|-damage|p1a: Basculegion|0 fnt\n|faint|p1a: Basculegion\n|move|p2b: Palafin|Bulk Up|p2b: Palafin\n|-boost|p2b: Palafin|atk|1\n|-boost|p2b: Palafin|def|1\n|move|p1b: Volcanion|Steam Eruption|p2b: Palafin\n|-resisted|p2b: Palafin\n|-damage|p2b: Palafin|41\/100\n|\n|-heal|p2b: Palafin|47\/100|[from] Grassy Terrain\n|-heal|p2a: Rillaboom|35\/100|[from] Grassy Terrain\n|-fieldend|move: Grassy Terrain\n|upkeep\n|turn|11\n|j| theyummybagel\n|inactive|SMB has 240 seconds left.\n|\n|t:|1700320935\n|switch|p2a: Tornadus|Tornadus, M|100\/100\n|-damage|p2a: Tornadus|76\/100|[from] Stealth Rock\n|move|p2b: Palafin|Drain Punch|p1b: Volcanion\n|-damage|p1b: Volcanion|66\/100\n|-heal|p2b: Palafin|63\/100|[from] drain|[of] p1b: Volcanion\n|move|p1b: Volcanion|Steam Eruption|p2b: Palafin\n|-resisted|p2b: Palafin\n|-damage|p2b: Palafin|39\/100\n|\n|upkeep\n|turn|12\n|c|\u2606Raf|ggs\n|inactive|SMB has 240 seconds left.\n|\n|t:|1700320948\n|move|p2a: Tornadus|Bleakwind Storm|p1b: Volcanion|[miss]\n|-miss|p2a: Tornadus|p1b: Volcanion\n|move|p2b: Palafin|Drain Punch|p1b: Volcanion\n|-damage|p1b: Volcanion|28\/100\n|-heal|p2b: Palafin|56\/100|[from] drain|[of] p1b: Volcanion\n|move|p1b: Volcanion|Steam Eruption|p2b: Palafin\n|-resisted|p2b: Palafin\n|-damage|p2b: Palafin|31\/100\n|\n|upkeep\n|turn|13\n|j| sunk or swam\n|j| Jello1231\n|c|\u2606SMB|ggs\n|\n|t:|1700320960\n|move|p2a: Tornadus|Bleakwind Storm|p1b: Volcanion\n|-damage|p1b: Volcanion|0 fnt\n|faint|p1b: Volcanion\n|\n|win|SMB\n|l|\u2606Raf\n|l| Jello1231\n","uploadtime":1700320969,"views":136,"p1id":"raf","p2id":"smb","formatid":"gen9doublesou","rating":0,"private":0,"password":""}