{"id":"gen9doublesou-1968185866","p1":"vbnlkjlkjjkh.j","p2":"tynewname","format":"[Gen 9] Doubles OU","log":"|html|<div class=\"broadcast-blue\"><strong>[Gen 9] Doubles OU is currently suspecting Basculegion & Flutter Mane! For information on how to participate check out the <a href=\"https:\/\/www.smogon.com\/forums\/threads\/np-sv-dou-stage-8-double-trouble.3729153\/\">suspect thread<\/a>.<\/strong><\/div>\n|j|\u2606vbnlkjlkjjkh.j\n|j|\u2606tynewname\n|t:|1697392785\n|gametype|doubles\n|player|p1|vbnlkjlkjjkh.j|101|1000\n|player|p2|tynewname|veteran|1000\n|teamsize|p1|6\n|teamsize|p2|6\n|gen|9\n|tier|[Gen 9] Doubles OU\n|rated|\n|rule|Species Clause: Limit one of each Pok\u00e9mon\n|rule|OHKO Clause: OHKO moves are banned\n|rule|Evasion Moves Clause: Evasion moves are banned\n|rule|Gravity Sleep Clause: The combination of sleep-inducing moves with imperfect accuracy and Gravity or Gigantamax Orbeetle are banned\n|rule|Endless Battle Clause: Forcing endless battles is banned\n|rule|HP Percentage Mod: HP is shown in percentages\n|clearpoke\n|poke|p1|Ambipom, M|\n|poke|p1|Rillaboom, F|\n|poke|p1|Arbok, F|\n|poke|p1|Ogerpon-Cornerstone, F|\n|poke|p1|Illumise, F|\n|poke|p1|Slowking-Galar, M|\n|poke|p2|Ribombee, M|\n|poke|p2|Kilowattrel, F|\n|poke|p2|Ogerpon-Hearthflame, F|\n|poke|p2|Flutter Mane|\n|poke|p2|Corviknight, M|\n|poke|p2|Hoopa-Unbound|\n|teampreview\n|inactive|Battle timer is ON: inactive players will automatically lose when time's up. (requested by tynewname)\n|\n|t:|1697392791\n|start\n|switch|p1a: Ambipom|Ambipom, M|100\/100\n|switch|p1b: Rillaboom|Rillaboom, F|100\/100\n|switch|p2a: Ribombee|Ribombee, M|100\/100\n|switch|p2b: Kilowattrel|Kilowattrel, F, shiny|100\/100\n|-fieldstart|move: Grassy Terrain|[from] ability: Grassy Surge|[of] p1b: Rillaboom\n|-enditem|p1a: Ambipom|Grassy Seed\n|-boost|p1a: Ambipom|def|1|[from] item: Grassy Seed\n|turn|1\n|\n|t:|1697392806\n|move|p1a: Ambipom|Fake Out|p2b: Kilowattrel\n|-damage|p2b: Kilowattrel|55\/100\n|cant|p2b: Kilowattrel|flinch\n|move|p2a: Ribombee|Sticky Web|p1a: Ambipom\n|-sidestart|p1: vbnlkjlkjjkh.j|move: Sticky Web\n|move|p1b: Rillaboom|Leech Seed|p2a: Ribombee\n|-start|p2a: Ribombee|move: Leech Seed\n|\n|-damage|p2a: Ribombee|88\/100|[from] Leech Seed|[of] p1b: Rillaboom\n|upkeep\n|turn|2\n|\n|t:|1697392830\n|move|p2b: Kilowattrel|Tailwind|p2b: Kilowattrel\n|-sidestart|p2: tynewname|move: Tailwind\n|-start|p2b: Kilowattrel|Charge|Tailwind|[from] ability: Wind Power\n|move|p2a: Ribombee|Pollen Puff|p2b: Kilowattrel\n|-heal|p2b: Kilowattrel|100\/100\n|move|p1a: Ambipom|Covet|p2b: Kilowattrel\n|-damage|p2b: Kilowattrel|26\/100\n|-item|p1a: Ambipom|Life Orb|[from] move: Covet|[of] p2b: Kilowattrel\n|-damage|p1a: Ambipom|91\/100|[from] item: Life Orb\n|move|p1b: Rillaboom|U-turn|p2a: Ribombee\n|-resisted|p2a: Ribombee\n|-damage|p2a: Ribombee|66\/100\n|inactive|vbnlkjlkjjkh.j has 120 seconds left.\n|\n|t:|1697392861\n|switch|p1b: Ogerpon|Ogerpon-Cornerstone, F|100\/100|[from] U-turn\n|-activate|p1b: Ogerpon|move: Sticky Web\n|-unboost|p1b: Ogerpon|spe|1\n|\n|-heal|p2a: Ribombee|73\/100|[from] Grassy Terrain\n|-heal|p1a: Ambipom|97\/100|[from] Grassy Terrain\n|-damage|p2a: Ribombee|60\/100|[from] Leech Seed|[of] p1b: Ogerpon\n|upkeep\n|turn|3\n|inactive|vbnlkjlkjjkh.j has 120 seconds left.\n|\n|t:|1697392880\n|move|p2b: Kilowattrel|Electro Ball|p1a: Ambipom\n|-damage|p1a: Ambipom|0 fnt\n|faint|p1a: Ambipom\n|-end|p2b: Kilowattrel|Charge|[silent]\n|move|p2a: Ribombee|Stun Spore|p1b: Ogerpon\n|-immune|p1b: Ogerpon\n|move|p1b: Ogerpon|Ivy Cudgel|p2a: Ribombee\n|-supereffective|p2a: Ribombee\n|-damage|p2a: Ribombee|0 fnt\n|faint|p2a: Ribombee\n|\n|upkeep\n|\n|t:|1697392891\n|switch|p2a: Corviknight|Corviknight, M|100\/100\n|switch|p1a: Illumise|Illumise, F|100\/100\n|-activate|p1a: Illumise|move: Sticky Web\n|-unboost|p1a: Illumise|spe|1\n|turn|4\n|\n|t:|1697392900\n|move|p1a: Illumise|Tailwind|p1a: Illumise\n|-sidestart|p1: vbnlkjlkjjkh.j|move: Tailwind\n|move|p2b: Kilowattrel|Air Slash|p1a: Illumise\n|-supereffective|p1a: Illumise\n|-damage|p1a: Illumise|43\/100\n|move|p1b: Ogerpon|Ivy Cudgel|p2a: Corviknight\n|-damage|p2a: Corviknight|51\/100\n|move|p2a: Corviknight|Bulk Up|p2a: Corviknight\n|-boost|p2a: Corviknight|atk|1\n|-boost|p2a: Corviknight|def|1\n|\n|-heal|p1a: Illumise|49\/100|[from] Grassy Terrain\n|upkeep\n|turn|5\n|l|\u2606tynewname\n|inactive|tynewname disconnected and has a minute to reconnect!\n|player|p2|\n|j| tynew\n|j|\u2606tynewname\n|inactive|tynewname reconnected and has 105 seconds left.\n|player|p2|tynewname|veteran\n|\n|t:|1697392955\n|move|p1a: Illumise|Encore|p2a: Corviknight\n|-start|p2a: Corviknight|Encore\n|move|p2b: Kilowattrel|Air Slash|p1a: Illumise\n|-supereffective|p1a: Illumise\n|-damage|p1a: Illumise|0 fnt\n|faint|p1a: Illumise\n|move|p1b: Ogerpon|Ivy Cudgel|p2b: Kilowattrel\n|-supereffective|p2b: Kilowattrel\n|-crit|p2b: Kilowattrel\n|-damage|p2b: Kilowattrel|0 fnt\n|faint|p2b: Kilowattrel\n|move|p2a: Corviknight|Bulk Up|p2a: Corviknight\n|-boost|p2a: Corviknight|atk|1\n|-boost|p2a: Corviknight|def|1\n|\n|-sideend|p2: tynewname|move: Tailwind\n|-fieldend|move: Grassy Terrain\n|upkeep\n|\n|t:|1697392972\n|switch|p2b: Flutter Mane|Flutter Mane|100\/100\n|switch|p1a: Slowking|Slowking-Galar, M|100\/100\n|-activate|p1a: Slowking|move: Sticky Web\n|-unboost|p1a: Slowking|spe|1\n|-enditem|p2b: Flutter Mane|Booster Energy\n|-activate|p2b: Flutter Mane|ability: Protosynthesis|[fromitem]\n|-start|p2b: Flutter Mane|protosynthesisspe\n|turn|6\n|\n|t:|1697392994\n|-terastallize|p2b: Flutter Mane|Ghost\n|move|p2b: Flutter Mane|Shadow Ball|p1a: Slowking\n|-supereffective|p1a: Slowking\n|-damage|p1a: Slowking|9\/100\n|move|p1b: Ogerpon|Ivy Cudgel|p2a: Corviknight\n|-damage|p2a: Corviknight|25\/100\n|move|p2a: Corviknight|Bulk Up|p2a: Corviknight\n|-boost|p2a: Corviknight|atk|1\n|-boost|p2a: Corviknight|def|1\n|move|p1a: Slowking|Sludge Bomb|p2b: Flutter Mane\n|-resisted|p2b: Flutter Mane\n|-damage|p2b: Flutter Mane|77\/100\n|\n|-heal|p1a: Slowking|15\/100|[from] item: Black Sludge\n|upkeep\n|turn|7\n|\n|t:|1697393019\n|move|p2b: Flutter Mane|Shadow Ball|p1a: Slowking\n|-supereffective|p1a: Slowking\n|-damage|p1a: Slowking|0 fnt\n|faint|p1a: Slowking\n|move|p1b: Ogerpon|Ivy Cudgel|p2a: Corviknight\n|-damage|p2a: Corviknight|2\/100\n|move|p2a: Corviknight|Bulk Up|p2a: Corviknight\n|-boost|p2a: Corviknight|atk|1\n|-boost|p2a: Corviknight|def|1\n|\n|-end|p2a: Corviknight|Encore\n|-sideend|p1: vbnlkjlkjjkh.j|move: Tailwind\n|upkeep\n|\n|t:|1697393028\n|switch|p1a: Rillaboom|Rillaboom, F|100\/100\n|-activate|p1a: Rillaboom|move: Sticky Web\n|-unboost|p1a: Rillaboom|spe|1\n|-fieldstart|move: Grassy Terrain|[from] ability: Grassy Surge|[of] p1a: Rillaboom\n|turn|8\n|\n|t:|1697393041\n|move|p1a: Rillaboom|Grassy Glide|p2a: Corviknight\n|-resisted|p2a: Corviknight\n|-damage|p2a: Corviknight|0 fnt\n|-damage|p1a: Rillaboom|84\/100|[from] item: Rocky Helmet|[of] p2a: Corviknight\n|faint|p2a: Corviknight\n|move|p2b: Flutter Mane|Shadow Ball|p1b: Ogerpon\n|-damage|p1b: Ogerpon|30\/100\n|move|p1b: Ogerpon|Throat Chop|p2b: Flutter Mane\n|-supereffective|p2b: Flutter Mane\n|-damage|p2b: Flutter Mane|0 fnt\n|faint|p2b: Flutter Mane\n|-end|p2b: Flutter Mane|Protosynthesis|[silent]\n|\n|-heal|p1b: Ogerpon|36\/100|[from] Grassy Terrain\n|-heal|p1a: Rillaboom|90\/100|[from] Grassy Terrain\n|upkeep\n|\n|t:|1697393050\n|switch|p2b: Hoopa|Hoopa-Unbound|100\/100\n|switch|p2a: Ogerpon|Ogerpon-Hearthflame, F|100\/100\n|-ability|p2a: Ogerpon|Mold Breaker\n|turn|9\n|\n|t:|1697393069\n|move|p2a: Ogerpon|Ivy Cudgel|p1a: Rillaboom\n|-supereffective|p1a: Rillaboom\n|-crit|p1a: Rillaboom\n|-damage|p1a: Rillaboom|0 fnt\n|faint|p1a: Rillaboom\n|move|p2b: Hoopa|Knock Off|p1b: Ogerpon\n|-damage|p1b: Ogerpon|0 fnt\n|faint|p1b: Ogerpon\n|-damage|p2b: Hoopa|91\/100|[from] item: Life Orb\n|\n|-heal|p2b: Hoopa|97\/100|[from] Grassy Terrain\n|upkeep\n|\n|t:|1697393077\n|switch|p1b: Arbok|Arbok, F|100\/100\n|-activate|p1b: Arbok|move: Sticky Web\n|-unboost|p1b: Arbok|spe|1\n|-ability|p1b: Arbok|Intimidate|boost\n|-unboost|p2a: Ogerpon|atk|1\n|-unboost|p2b: Hoopa|atk|1\n|turn|10\n|\n|t:|1697393088\n|move|p2a: Ogerpon|Stomping Tantrum|p1b: Arbok\n|-supereffective|p1b: Arbok\n|-damage|p1b: Arbok|27\/100\n|move|p2b: Hoopa|Hyperspace Fury|p1b: Arbok\n|-damage|p1b: Arbok|0 fnt\n|-unboost|p2b: Hoopa|def|1\n|faint|p1b: Arbok\n|-damage|p2b: Hoopa|87\/100|[from] item: Life Orb\n|\n|win|tynewname\n|raw|vbnlkjlkjjkh.j's rating: 1000 &rarr; <strong>1000<\/strong><br \/>(+0 for losing)\n|raw|tynewname's rating: 1000 &rarr; <strong>1040<\/strong><br \/>(+40 for winning)\n|c|\u2606tynewname|Gg\n|l|\u2606vbnlkjlkjjkh.j\n","uploadtime":1697393094,"views":7,"p1id":"vbnlkjlkjjkhj","p2id":"tynewname","formatid":"gen9doublesou","rating":1000,"private":0,"password":""}