{"id":"gen9doublesou-1977063532","p1":"DiamondDiancie25","p2":"lilbookcase","format":"[Gen 9] Doubles OU","log":"|j|\u2606DiamondDiancie25\n|j|\u2606lilbookcase\n|t:|1698367434\n|gametype|doubles\n|player|p1|DiamondDiancie25|psychic-gen4|\n|player|p2|lilbookcase|rocketgruntf|\n|teamsize|p1|6\n|teamsize|p2|6\n|gen|9\n|tier|[Gen 9] Doubles OU\n|rule|Species Clause: Limit one of each Pok\u00e9mon\n|rule|OHKO Clause: OHKO moves are banned\n|rule|Evasion Moves Clause: Evasion moves are banned\n|rule|Gravity Sleep Clause: The combination of sleep-inducing moves with imperfect accuracy and Gravity or Gigantamax Orbeetle are banned\n|rule|Endless Battle Clause: Forcing endless battles is banned\n|rule|HP Percentage Mod: HP is shown in percentages\n|clearpoke\n|poke|p1|Tyranitar, M|\n|poke|p1|Houndstone, M|\n|poke|p1|Gholdengo|\n|poke|p1|Enamorus-Therian, F|\n|poke|p1|Murkrow, M|\n|poke|p1|Glimmora, F|\n|poke|p2|Roaring Moon|\n|poke|p2|Weezing-Galar, M|\n|poke|p2|Gholdengo|\n|poke|p2|Ursaluna, F|\n|poke|p2|Hatterene, F|\n|poke|p2|Gothitelle, M|\n|teampreview\n|\n|t:|1698367552\n|start\n|switch|p1a: Enamorus|Enamorus-Therian, F|100\/100\n|switch|p1b: Salt|Murkrow, M|100\/100\n|switch|p2a: Waxaluna|Ursaluna, F|100\/100\n|switch|p2b: Trick|Hatterene, F|100\/100\n|turn|1\n|\n|t:|1698367570\n|move|p2a: Waxaluna|Protect|p2a: Waxaluna\n|-singleturn|p2a: Waxaluna|Protect\n|move|p1b: Salt|Foul Play|p2a: Waxaluna\n|-activate|p2a: Waxaluna|move: Protect\n|move|p1a: Enamorus|Draining Kiss|p2a: Waxaluna\n|-activate|p2a: Waxaluna|move: Protect\n|move|p2b: Trick|Trick Room|p2b: Trick\n|-fieldstart|move: Trick Room|[of] p2b: Trick\n|\n|-status|p2a: Waxaluna|brn|[from] item: Flame Orb\n|upkeep\n|turn|2\n|\n|t:|1698367596\n|move|p1a: Enamorus|Protect|p1a: Enamorus\n|-singleturn|p1a: Enamorus|Protect\n|move|p2b: Trick|Dazzling Gleam|p1b: Salt|[spread] p1b\n|-activate|p1a: Enamorus|move: Protect\n|-supereffective|p1b: Salt\n|-damage|p1b: Salt|21\/100\n|-damage|p2b: Trick|91\/100|[from] item: Life Orb\n|move|p2a: Waxaluna|Facade|p1a: Enamorus\n|-activate|p1a: Enamorus|move: Protect\n|move|p1b: Salt|Foul Play|p2a: Waxaluna\n|-damage|p2a: Waxaluna|59\/100 brn\n|\n|-damage|p2a: Waxaluna|53\/100 brn|[from] brn\n|upkeep\n|turn|3\n|\n|t:|1698367619\n|move|p1b: Salt|Quash|p2a: Waxaluna\n|-activate|p2a: Waxaluna|move: Quash\n|move|p2b: Trick|Dazzling Gleam|p1a: Enamorus|[spread] p1a,p1b\n|-supereffective|p1b: Salt\n|-damage|p1a: Enamorus|54\/100\n|-damage|p1b: Salt|0 fnt\n|faint|p1b: Salt\n|-damage|p2b: Trick|81\/100|[from] item: Life Orb\n|move|p1a: Enamorus|Draining Kiss|p2a: Waxaluna\n|-damage|p2a: Waxaluna|22\/100 brn\n|-heal|p1a: Enamorus|80\/100|[from] drain|[of] p2a: Waxaluna\n|move|p2a: Waxaluna|Facade|p1a: Enamorus\n|-damage|p1a: Enamorus|0 fnt\n|faint|p1a: Enamorus\n|\n|-damage|p2a: Waxaluna|16\/100 brn|[from] brn\n|upkeep\n|\n|t:|1698367653\n|switch|p1a: Glimmora|Glimmora, F|100\/100\n|switch|p1b: Tyranitar|Tyranitar, M|100\/100\n|-weather|Sandstorm|[from] ability: Sand Stream|[of] p1b: Tyranitar\n|turn|4\n|\n|t:|1698367686\n|-terastallize|p1b: Tyranitar|Ground\n|move|p2b: Trick|Protect|p2b: Trick\n|-singleturn|p2b: Trick|Protect\n|move|p1a: Glimmora|Spiky Shield|p1a: Glimmora\n|-singleturn|p1a: Glimmora|move: Protect\n|move|p1b: Tyranitar|Rock Slide|p2b: Trick|[spread] p2a\n|-activate|p2b: Trick|move: Protect\n|-resisted|p2a: Waxaluna\n|-damage|p2a: Waxaluna|2\/100 brn\n|cant|p2a: Waxaluna|flinch\n|\n|-weather|Sandstorm|[upkeep]\n|-damage|p2b: Trick|75\/100|[from] Sandstorm\n|-damage|p2a: Waxaluna|0 fnt|[from] brn\n|faint|p2a: Waxaluna\n|upkeep\n|\n|t:|1698367695\n|switch|p2a: Smokin that Toxin|Weezing-Galar, M|100\/100\n|-ability|p2a: Smokin that Toxin|Neutralizing Gas\n|turn|5\n|\n|t:|1698367713\n|move|p2b: Trick|Psychic|p1a: Glimmora\n|-supereffective|p1a: Glimmora\n|-enditem|p1a: Glimmora|Focus Sash\n|-damage|p1a: Glimmora|1\/100\n|-damage|p2b: Trick|65\/100|[from] item: Life Orb\n|move|p2a: Smokin that Toxin|Dazzling Gleam|p1a: Glimmora|[spread] p1a,p1b\n|-resisted|p1a: Glimmora\n|-damage|p1a: Glimmora|0 fnt\n|-damage|p1b: Tyranitar|91\/100\n|faint|p1a: Glimmora\n|move|p1b: Tyranitar|High Horsepower|p2a: Smokin that Toxin\n|-supereffective|p2a: Smokin that Toxin\n|-damage|p2a: Smokin that Toxin|5\/100\n|\n|-weather|Sandstorm|[upkeep]\n|-damage|p2b: Trick|59\/100|[from] Sandstorm\n|-damage|p2a: Smokin that Toxin|0 fnt|[from] Sandstorm\n|faint|p2a: Smokin that Toxin\n|-end|p2a: Smokin that Toxin|ability: Neutralizing Gas\n|-fieldend|move: Trick Room\n|upkeep\n|\n|t:|1698367728\n|switch|p1a: Pet Named Steve|Houndstone, M|100\/100\n|switch|p2a: Roaring Gibbous|Roaring Moon|100\/100\n|-enditem|p2a: Roaring Gibbous|Booster Energy\n|-activate|p2a: Roaring Gibbous|ability: Protosynthesis|[fromitem]\n|-start|p2a: Roaring Gibbous|protosynthesisspe\n|turn|6\n|\n|t:|1698367771\n|move|p1a: Pet Named Steve|Protect|p1a: Pet Named Steve\n|-singleturn|p1a: Pet Named Steve|Protect\n|move|p2a: Roaring Gibbous|Breaking Swipe|p1a: Pet Named Steve|[spread] p1b\n|-activate|p1a: Pet Named Steve|move: Protect\n|-damage|p1b: Tyranitar|71\/100\n|-unboost|p1b: Tyranitar|atk|1\n|move|p1b: Tyranitar|High Horsepower|p2a: Roaring Gibbous\n|-damage|p2a: Roaring Gibbous|58\/100\n|move|p2b: Trick|Psychic|p1b: Tyranitar\n|-damage|p1b: Tyranitar|29\/100\n|-damage|p2b: Trick|50\/100|[from] item: Life Orb\n|\n|-weather|Sandstorm|[upkeep]\n|-damage|p2a: Roaring Gibbous|52\/100|[from] Sandstorm\n|-damage|p2b: Trick|44\/100|[from] Sandstorm\n|upkeep\n|turn|7\n|\n|t:|1698367797\n|move|p2a: Roaring Gibbous|Knock Off|p1a: Pet Named Steve\n|-supereffective|p1a: Pet Named Steve\n|-damage|p1a: Pet Named Steve|0 fnt\n|-enditem|p1a: Pet Named Steve|Spell Tag|[from] move: Knock Off|[of] p2a: Roaring Gibbous\n|faint|p1a: Pet Named Steve\n|move|p1b: Tyranitar|Rock Slide|p2b: Trick|[spread] p2a,p2b\n|-damage|p2a: Roaring Gibbous|21\/100\n|-damage|p2b: Trick|21\/100\n|move|p2b: Trick|Dazzling Gleam|p1b: Tyranitar\n|-crit|p1b: Tyranitar\n|-damage|p1b: Tyranitar|0 fnt\n|faint|p1b: Tyranitar\n|-damage|p2b: Trick|11\/100|[from] item: Life Orb\n|\n|-weather|Sandstorm|[upkeep]\n|-damage|p2a: Roaring Gibbous|15\/100|[from] Sandstorm\n|-damage|p2b: Trick|5\/100|[from] Sandstorm\n|upkeep\n|\n|t:|1698367811\n|switch|p1a: Gholdengo|Gholdengo|100\/100\n|turn|8\n|\n|t:|1698367832\n|move|p1a: Gholdengo|Protect|p1a: Gholdengo\n|-singleturn|p1a: Gholdengo|Protect\n|move|p2a: Roaring Gibbous|Knock Off|p1a: Gholdengo\n|-activate|p1a: Gholdengo|move: Protect\n|move|p2b: Trick|Psychic|p1a: Gholdengo\n|-activate|p1a: Gholdengo|move: Protect\n|\n|-weather|none\n|upkeep\n|turn|9\n|\n|t:|1698367840\n|move|p2a: Roaring Gibbous|Knock Off|p1a: Gholdengo\n|-supereffective|p1a: Gholdengo\n|-damage|p1a: Gholdengo|0 fnt\n|-enditem|p1a: Gholdengo|Kasib Berry|[from] move: Knock Off|[of] p2a: Roaring Gibbous\n|faint|p1a: Gholdengo\n|\n|win|lilbookcase\n","uploadtime":1698367854,"views":18,"p1id":"diamonddiancie25","p2id":"lilbookcase","formatid":"gen9doublesou","rating":0,"private":0,"password":""}