{"id":"gen9doublesou-1997028578","p1":"AmazingShroomish","p2":"b411zac","format":"[Gen 9] Doubles OU","log":"|j|\u2606AmazingShroomish\n|j|\u2606b411zac\n|t:|1700757275\n|gametype|doubles\n|player|p1|AmazingShroomish|101|1162\n|player|p2|b411zac|waiter-gen4|1108\n|teamsize|p1|6\n|teamsize|p2|6\n|gen|9\n|tier|[Gen 9] Doubles OU\n|rated|\n|rule|Species Clause: Limit one of each Pok\u00e9mon\n|rule|OHKO Clause: OHKO moves are banned\n|rule|Evasion Moves Clause: Evasion moves are banned\n|rule|Gravity Sleep Clause: The combination of sleep-inducing moves with imperfect accuracy and Gravity or Gigantamax Orbeetle are banned\n|rule|Endless Battle Clause: Forcing endless battles is banned\n|rule|HP Percentage Mod: HP is shown in percentages\n|clearpoke\n|poke|p1|Ursaluna, F|\n|poke|p1|Tauros-Paldea-Blaze, M|\n|poke|p1|Scream Tail|\n|poke|p1|Indeedee-F, F|\n|poke|p1|Torkoal, F|\n|poke|p1|Kingambit, M|\n|poke|p2|Brute Bonnet|\n|poke|p2|Torkoal, M|\n|poke|p2|Dipplin, F|\n|poke|p2|Flutter Mane|\n|poke|p2|Landorus-Therian, M|\n|poke|p2|Great Tusk|\n|teampreview\n|inactive|Battle timer is ON: inactive players will automatically lose when time's up. (requested by AmazingShroomish)\n|\n|t:|1700757315\n|start\n|switch|p1a: Torkoal|Torkoal, F, shiny|100\/100\n|switch|p1b: Scream Tail|Scream Tail|100\/100\n|switch|p2a: Brute Bonnet|Brute Bonnet|100\/100\n|switch|p2b: Landorus|Landorus-Therian, M|100\/100\n|-ability|p2b: Landorus|Intimidate|boost\n|-unboost|p1a: Torkoal|atk|1\n|-unboost|p1b: Scream Tail|atk|1\n|-weather|SunnyDay|[from] ability: Drought|[of] p1a: Torkoal\n|-activate|p1b: Scream Tail|ability: Protosynthesis\n|-start|p1b: Scream Tail|protosynthesisspe\n|-activate|p2a: Brute Bonnet|ability: Protosynthesis\n|-start|p2a: Brute Bonnet|protosynthesisatk\n|turn|1\n|inactive|AmazingShroomish has 120 seconds left.\n|\n|t:|1700757349\n|move|p1b: Scream Tail|Protect|p1b: Scream Tail\n|-singleturn|p1b: Scream Tail|Protect\n|move|p2b: Landorus|Taunt|p1b: Scream Tail\n|-activate|p1b: Scream Tail|move: Protect\n|move|p2a: Brute Bonnet|Spore|p1b: Scream Tail\n|-activate|p1b: Scream Tail|move: Protect\n|move|p1a: Torkoal|Heat Wave|p2a: Brute Bonnet|[spread] p2a,p2b\n|-supereffective|p2a: Brute Bonnet\n|-damage|p2a: Brute Bonnet|44\/100\n|-damage|p2b: Landorus|53\/100\n|\n|-weather|SunnyDay|[upkeep]\n|upkeep\n|turn|2\n|\n|t:|1700757373\n|-end|p1b: Scream Tail|Protosynthesis|[silent]\n|switch|p1b: Indeedee|Indeedee-F, F|100\/100\n|-fieldstart|move: Psychic Terrain|[from] ability: Psychic Surge|[of] p1b: Indeedee\n|move|p2b: Landorus|Taunt|p1a: Torkoal\n|-start|p1a: Torkoal|move: Taunt\n|move|p2a: Brute Bonnet|Spore|p1b: Indeedee\n|-status|p1b: Indeedee|slp|[from] move: Spore\n|move|p1a: Torkoal|Heat Wave|p2b: Landorus|[spread] p2a\n|-miss|p1a: Torkoal|p2b: Landorus\n|-supereffective|p2a: Brute Bonnet\n|-damage|p2a: Brute Bonnet|0 fnt\n|faint|p2a: Brute Bonnet\n|-end|p2a: Brute Bonnet|Protosynthesis|[silent]\n|\n|-weather|SunnyDay|[upkeep]\n|upkeep\n|\n|t:|1700757389\n|switch|p2a: Flutter Mane|Flutter Mane|100\/100\n|-activate|p2a: Flutter Mane|ability: Protosynthesis\n|-start|p2a: Flutter Mane|protosynthesisspe\n|turn|3\n|inactive|AmazingShroomish has 120 seconds left.\n|\n|t:|1700757424\n|cant|p1b: Indeedee|slp\n|move|p2a: Flutter Mane|Dazzling Gleam|p1a: Torkoal|[spread] p1a,p1b\n|-resisted|p1a: Torkoal\n|-damage|p1a: Torkoal|73\/100\n|-damage|p1b: Indeedee|61\/100 slp\n|-damage|p2a: Flutter Mane|91\/100|[from] item: Life Orb\n|move|p2b: Landorus|Sandsear Storm|p1a: Torkoal|[spread] p1a\n|-miss|p2b: Landorus|p1b: Indeedee\n|-supereffective|p1a: Torkoal\n|-damage|p1a: Torkoal|6\/100\n|move|p1a: Torkoal|Heat Wave|p2a: Flutter Mane|[spread] p2a,p2b\n|-damage|p2a: Flutter Mane|59\/100\n|-damage|p2b: Landorus|10\/100\n|\n|-weather|SunnyDay|[upkeep]\n|-heal|p1b: Indeedee|67\/100 slp|[from] item: Leftovers\n|upkeep\n|turn|4\n|\n|t:|1700757446\n|move|p2a: Flutter Mane|Icy Wind|p1b: Indeedee|[spread] p1a,p1b\n|-resisted|p1a: Torkoal\n|-damage|p1a: Torkoal|0 fnt\n|-damage|p1b: Indeedee|50\/100 slp\n|-unboost|p1b: Indeedee|spe|1\n|faint|p1a: Torkoal\n|-damage|p2a: Flutter Mane|50\/100|[from] item: Life Orb\n|move|p2b: Landorus|U-turn|p1b: Indeedee\n|-supereffective|p1b: Indeedee\n|-damage|p1b: Indeedee|3\/100 slp\n|\n|t:|1700757458\n|switch|p2b: Great Tusk|Great Tusk|100\/100|[from] U-turn\n|-activate|p2b: Great Tusk|ability: Protosynthesis\n|-start|p2b: Great Tusk|protosynthesisatk\n|cant|p1b: Indeedee|slp\n|\n|-weather|SunnyDay|[upkeep]\n|-heal|p1b: Indeedee|9\/100 slp|[from] item: Leftovers\n|upkeep\n|\n|t:|1700757472\n|switch|p1a: Tauros|Tauros-Paldea-Blaze, M|100\/100\n|-ability|p1a: Tauros|Intimidate|boost\n|-unboost|p2a: Flutter Mane|atk|1\n|-unboost|p2b: Great Tusk|atk|1\n|turn|5\n|\n|t:|1700757490\n|-terastallize|p1a: Tauros|Grass\n|-terastallize|p2b: Great Tusk|Poison\n|cant|p1b: Indeedee|slp\n|move|p2a: Flutter Mane|Dazzling Gleam|p1b: Indeedee|[spread] p1a,p1b\n|-damage|p1a: Tauros|33\/100\n|-damage|p1b: Indeedee|0 fnt\n|faint|p1b: Indeedee\n|-damage|p2a: Flutter Mane|40\/100|[from] item: Life Orb\n|move|p1a: Tauros|Tera Blast|p2b: Great Tusk|[anim] Tera Blast Grass\n|-resisted|p2b: Great Tusk\n|-damage|p2b: Great Tusk|90\/100\n|move|p2b: Great Tusk|Ice Spinner|p1a: Tauros\n|-supereffective|p1a: Tauros\n|-damage|p1a: Tauros|0 fnt\n|-fieldend|move: Psychic Terrain\n|faint|p1a: Tauros\n|\n|-weather|SunnyDay|[upkeep]\n|upkeep\n|\n|t:|1700757509\n|switch|p1a: Ursaluna|Ursaluna, F, shiny|100\/100\n|switch|p1b: Kingambit|Kingambit, M|100\/100\n|-activate|p1b: Kingambit|ability: Supreme Overlord\n|-start|p1b: Kingambit|fallen3|[silent]\n|turn|6\n|\n|t:|1700757520\n|move|p1b: Kingambit|Protect|p1b: Kingambit\n|-singleturn|p1b: Kingambit|Protect\n|move|p2a: Flutter Mane|Icy Wind|p1a: Ursaluna|[spread] p1a\n|-activate|p1b: Kingambit|move: Protect\n|-supereffective|p1a: Ursaluna\n|-damage|p1a: Ursaluna|72\/100\n|-unboost|p1a: Ursaluna|spe|1\n|-damage|p2a: Flutter Mane|30\/100|[from] item: Life Orb\n|move|p2b: Great Tusk|Close Combat|p1b: Kingambit\n|-activate|p1b: Kingambit|move: Protect\n|move|p1a: Ursaluna|Earthquake|p2b: Great Tusk|[spread] p2a,p2b\n|-activate|p1b: Kingambit|move: Protect\n|-supereffective|p2b: Great Tusk\n|-damage|p2a: Flutter Mane|0 fnt\n|-damage|p2b: Great Tusk|30\/100\n|faint|p2a: Flutter Mane\n|-end|p2a: Flutter Mane|Protosynthesis|[silent]\n|\n|-weather|SunnyDay|[upkeep]\n|-status|p1a: Ursaluna|brn|[from] item: Flame Orb\n|upkeep\n|\n|t:|1700757530\n|switch|p2a: Landorus|Landorus-Therian, M|10\/100\n|-ability|p2a: Landorus|Intimidate|boost\n|-unboost|p1a: Ursaluna|atk|1\n|-unboost|p1b: Kingambit|atk|1\n|turn|7\n|\n|t:|1700757549\n|move|p1a: Ursaluna|Protect|p1a: Ursaluna\n|-singleturn|p1a: Ursaluna|Protect\n|move|p1b: Kingambit|Sucker Punch|p2b: Great Tusk\n|-damage|p2b: Great Tusk|0 fnt\n|faint|p2b: Great Tusk\n|-end|p2b: Great Tusk|Protosynthesis|[silent]\n|-damage|p1b: Kingambit|91\/100|[from] item: Life Orb\n|move|p2a: Landorus|Sandsear Storm|p1b: Kingambit|[spread] \n|-activate|p1a: Ursaluna|move: Protect\n|-miss|p2a: Landorus|p1b: Kingambit\n|\n|-weather|SunnyDay|[upkeep]\n|-damage|p1a: Ursaluna|66\/100 brn|[from] brn\n|upkeep\n|\n|t:|1700757558\n|switch|p2b: Dipplin|Dipplin, F|100\/100\n|-ability|p2b: Dipplin|Supersweet Syrup\n|-ability|p2b: Dipplin|Supersweet Syrup|boost\n|-unboost|p1a: Ursaluna|evasion|1\n|-unboost|p1b: Kingambit|evasion|1\n|turn|8\n|\n|t:|1700757575\n|move|p1b: Kingambit|Sucker Punch|p2a: Landorus\n|-damage|p2a: Landorus|0 fnt\n|faint|p2a: Landorus\n|-damage|p1b: Kingambit|81\/100|[from] item: Life Orb\n|move|p2b: Dipplin|Syrup Bomb|p1a: Ursaluna\n|-supereffective|p1a: Ursaluna\n|-damage|p1a: Ursaluna|33\/100 brn\n|-start|p1a: Ursaluna|Syrup Bomb\n|move|p1a: Ursaluna|Body Slam|p2b: Dipplin\n|-damage|p2b: Dipplin|70\/100\n|-status|p2b: Dipplin|par\n|\n|-weather|none\n|-heal|p2b: Dipplin|76\/100 par|[from] item: Leftovers\n|-damage|p1a: Ursaluna|27\/100 brn|[from] brn\n|-unboost|p1a: Ursaluna|spe|1\n|upkeep\n|\n|t:|1700757583\n|switch|p2a: Torkoal|Torkoal, M|100\/100\n|-weather|SunnyDay|[from] ability: Drought|[of] p2a: Torkoal\n|turn|9\n|\n|t:|1700757600\n|move|p1b: Kingambit|Protect|p1b: Kingambit\n|-singleturn|p1b: Kingambit|Protect\n|move|p2a: Torkoal|Eruption|p1a: Ursaluna|[spread] p1a\n|-activate|p1b: Kingambit|move: Protect\n|-damage|p1a: Ursaluna|0 fnt\n|faint|p1a: Ursaluna\n|move|p2b: Dipplin|Substitute|p2b: Dipplin\n|-start|p2b: Dipplin|Substitute\n|-damage|p2b: Dipplin|51\/100 par\n|\n|-weather|SunnyDay|[upkeep]\n|-heal|p2b: Dipplin|57\/100 par|[from] item: Leftovers\n|upkeep\n|\n|t:|1700757611\n|switch|p1a: Scream Tail|Scream Tail|100\/100\n|-activate|p1a: Scream Tail|ability: Protosynthesis\n|-start|p1a: Scream Tail|protosynthesisspe\n|turn|10\n|\n|t:|1700757626\n|move|p1b: Kingambit|Sucker Punch||[still]\n|-fail|p1b: Kingambit\n|move|p1a: Scream Tail|Calm Mind|p1a: Scream Tail\n|-boost|p1a: Scream Tail|spa|1\n|-boost|p1a: Scream Tail|spd|1\n|move|p2a: Torkoal|Will-O-Wisp|p1b: Kingambit\n|-status|p1b: Kingambit|brn\n|move|p2b: Dipplin|Recover|p2b: Dipplin\n|-heal|p2b: Dipplin|100\/100 par\n|\n|-weather|SunnyDay|[upkeep]\n|-damage|p1b: Kingambit|74\/100 brn|[from] brn\n|upkeep\n|turn|11\n|\n|t:|1700757652\n|move|p1a: Scream Tail|Calm Mind|p1a: Scream Tail\n|-boost|p1a: Scream Tail|spa|1\n|-boost|p1a: Scream Tail|spd|1\n|move|p1b: Kingambit|Iron Head|p2b: Dipplin\n|-activate|p2b: Dipplin|move: Substitute|[damage]\n|-damage|p1b: Kingambit|65\/100 brn|[from] item: Life Orb\n|move|p2a: Torkoal|Yawn|p1a: Scream Tail\n|-start|p1a: Scream Tail|move: Yawn|[of] p2a: Torkoal\n|cant|p2b: Dipplin|par\n|\n|-weather|SunnyDay|[upkeep]\n|-damage|p1b: Kingambit|58\/100 brn|[from] brn\n|upkeep\n|turn|12\n|\n|t:|1700757675\n|move|p1a: Scream Tail|Boomburst|p2a: Torkoal|[spread] p1b,p2a,p2b\n|-resisted|p1b: Kingambit\n|-damage|p1b: Kingambit|18\/100 brn\n|-damage|p2a: Torkoal|38\/100\n|-damage|p2b: Dipplin|21\/100 par\n|-damage|p1a: Scream Tail|91\/100|[from] item: Life Orb\n|move|p1b: Kingambit|Iron Head|p2b: Dipplin\n|-end|p2b: Dipplin|Substitute\n|-damage|p1b: Kingambit|8\/100 brn|[from] item: Life Orb\n|move|p2a: Torkoal|Eruption|p1b: Kingambit|[spread] p1a,p1b\n|-supereffective|p1b: Kingambit\n|-damage|p1a: Scream Tail|82\/100\n|-damage|p1b: Kingambit|0 fnt\n|faint|p1b: Kingambit\n|-end|p1b: Kingambit|fallen3|[silent]\n|move|p2b: Dipplin|Syrup Bomb|p1a: Scream Tail\n|-damage|p1a: Scream Tail|74\/100\n|-start|p1a: Scream Tail|Syrup Bomb\n|\n|-weather|SunnyDay|[upkeep]\n|-heal|p2b: Dipplin|27\/100 par|[from] item: Leftovers\n|-unboost|p1a: Scream Tail|spe|1\n|-end|p1a: Scream Tail|move: Yawn|[silent]\n|-status|p1a: Scream Tail|slp\n|upkeep\n|turn|13\n|\n|t:|1700757699\n|cant|p1a: Scream Tail|slp\n|move|p2a: Torkoal|Eruption|p1a: Scream Tail\n|-damage|p1a: Scream Tail|65\/100 slp\n|move|p2b: Dipplin|Pollen Puff|p2a: Torkoal\n|-heal|p2a: Torkoal|87\/100\n|\n|-weather|SunnyDay|[upkeep]\n|-heal|p2b: Dipplin|33\/100 par|[from] item: Leftovers\n|-unboost|p1a: Scream Tail|spe|1\n|upkeep\n|turn|14\n|\n|t:|1700757713\n|cant|p1a: Scream Tail|slp\n|move|p2a: Torkoal|Eruption|p1a: Scream Tail\n|-damage|p1a: Scream Tail|39\/100 slp\n|move|p2b: Dipplin|Recover|p2b: Dipplin\n|-heal|p2b: Dipplin|83\/100 par\n|\n|-weather|SunnyDay|[upkeep]\n|-heal|p2b: Dipplin|89\/100 par|[from] item: Leftovers\n|-unboost|p1a: Scream Tail|spe|1\n|upkeep\n|turn|15\n|\n|t:|1700757723\n|-curestatus|p1a: Scream Tail|slp|[msg]\n|move|p1a: Scream Tail|Boomburst|p2a: Torkoal|[spread] p2a,p2b\n|-damage|p2a: Torkoal|28\/100\n|-damage|p2b: Dipplin|12\/100 par\n|-damage|p1a: Scream Tail|29\/100|[from] item: Life Orb\n|move|p2a: Torkoal|Will-O-Wisp|p1a: Scream Tail\n|-status|p1a: Scream Tail|brn\n|move|p2b: Dipplin|Syrup Bomb|p1a: Scream Tail\n|-damage|p1a: Scream Tail|21\/100 brn\n|\n|-weather|SunnyDay|[upkeep]\n|-heal|p2b: Dipplin|18\/100 par|[from] item: Leftovers\n|-damage|p1a: Scream Tail|15\/100 brn|[from] brn\n|-end|p1a: Scream Tail|Syrup Bomb|[silent]\n|upkeep\n|turn|16\n|c|\u2606AmazingShroomish|gg\n|\n|t:|1700757738\n|move|p1a: Scream Tail|Boomburst|p2a: Torkoal|[spread] p2a,p2b\n|-damage|p2a: Torkoal|0 fnt\n|-damage|p2b: Dipplin|0 fnt\n|faint|p2a: Torkoal\n|faint|p2b: Dipplin\n|-damage|p1a: Scream Tail|5\/100 brn|[from] item: Life Orb\n|\n|win|AmazingShroomish\n|raw|AmazingShroomish's rating: 1162 &rarr; <strong>1183<\/strong><br \/>(+21 for winning)\n|raw|b411zac's rating: 1108 &rarr; <strong>1087<\/strong><br \/>(-21 for losing)\n|l|\u2606b411zac\n","uploadtime":1700757754,"views":1,"p1id":"amazingshroomish","p2id":"b411zac","formatid":"gen9doublesou","rating":1087,"private":0,"password":""}