{"id":"gen9doublesou-1985038028","p1":"Drago0315","p2":"Tanaka21","format":"[Gen 9] Doubles OU","log":"|j|\u2606Drago0315\n|j|\u2606Tanaka21\n|t:|1699323393\n|gametype|doubles\n|player|p1|Drago0315|pokekid|1175\n|player|p2|Tanaka21|cynthia|1170\n|teamsize|p1|6\n|teamsize|p2|6\n|gen|9\n|tier|[Gen 9] Doubles OU\n|rated|\n|rule|Species Clause: Limit one of each Pok\u00e9mon\n|rule|OHKO Clause: OHKO moves are banned\n|rule|Evasion Moves Clause: Evasion moves are banned\n|rule|Gravity Sleep Clause: The combination of sleep-inducing moves with imperfect accuracy and Gravity or Gigantamax Orbeetle are banned\n|rule|Endless Battle Clause: Forcing endless battles is banned\n|rule|HP Percentage Mod: HP is shown in percentages\n|clearpoke\n|poke|p1|Grafaiai, M|\n|poke|p1|Landorus-Therian, M|\n|poke|p1|Slaking, M|\n|poke|p1|Clefairy, F|\n|poke|p1|Sinistcha-Masterpiece|\n|poke|p1|Ogerpon-Hearthflame, F|\n|poke|p2|Kingambit, M|\n|poke|p2|Amoonguss, F|\n|poke|p2|Chandelure, F|\n|poke|p2|Sinistcha-Masterpiece|\n|poke|p2|Bronzong|\n|poke|p2|Maushold-Four|\n|teampreview\n|inactive|Battle timer is ON: inactive players will automatically lose when time's up. (requested by Drago0315)\n|inactive|Tanaka21 has 120 seconds left.\n|\n|t:|1699323440\n|start\n|switch|p1a: Grafaiai|Grafaiai, M, shiny|100\/100\n|switch|p1b: Slaking|Slaking, M, shiny|100\/100\n|switch|p2a: Bronzong|Bronzong|100\/100\n|switch|p2b: Maushold|Maushold-Four|100\/100\n|turn|1\n|\n|t:|1699323461\n|-terastallize|p1b: Slaking|Fighting\n|move|p1a: Grafaiai|Knock Off|p2a: Bronzong\n|-supereffective|p2a: Bronzong\n|-damage|p2a: Bronzong|55\/100\n|-enditem|p2a: Bronzong|Mental Herb|[from] move: Knock Off|[of] p1a: Grafaiai\n|move|p1b: Slaking|Drain Punch|p2b: Maushold\n|-supereffective|p2b: Maushold\n|-damage|p2b: Maushold|0 fnt\n|faint|p2b: Maushold\n|move|p2a: Bronzong|Trick Room|p2a: Bronzong\n|-fieldstart|move: Trick Room|[of] p2a: Bronzong\n|\n|upkeep\n|\n|t:|1699323479\n|switch|p2b: Jo\u00e2o|Amoonguss, F, shiny|100\/100\n|turn|2\n|\n|t:|1699323497\n|move|p1a: Grafaiai|Doodle|p2b: Jo\u00e2o\n|-endability|p1a: Grafaiai|Prankster|[from] move: Doodle\n|-ability|p1a: Grafaiai|Regenerator|[from] move: Doodle\n|-endability|p1b: Slaking|Truant|[from] move: Doodle\n|-ability|p1b: Slaking|Regenerator|[from] move: Doodle\n|move|p2b: Jo\u00e2o|Spore|p1b: Slaking\n|-status|p1b: Slaking|slp|[from] move: Spore\n|move|p2a: Bronzong|Psychic|p1a: Grafaiai\n|-supereffective|p1a: Grafaiai\n|-damage|p1a: Grafaiai|20\/100\n|-unboost|p1a: Grafaiai|spd|1\n|cant|p1b: Slaking|slp\n|\n|upkeep\n|turn|3\n|inactive|Drago0315 has 120 seconds left.\n|\n|t:|1699323529\n|switch|p2b: Lampiao|Chandelure, F, shiny|100\/100\n|move|p2a: Bronzong|Psychic|p1a: Grafaiai\n|-supereffective|p1a: Grafaiai\n|-damage|p1a: Grafaiai|0 fnt\n|faint|p1a: Grafaiai\n|cant|p1b: Slaking|slp\n|\n|upkeep\n|\n|t:|1699323534\n|switch|p1a: Landorus|Landorus-Therian, M|100\/100\n|-ability|p1a: Landorus|Intimidate|boost\n|-unboost|p2a: Bronzong|atk|1\n|-unboost|p2b: Lampiao|atk|1\n|turn|4\n|\n|t:|1699323550\n|move|p2a: Bronzong|Psychic|p1b: Slaking\n|-supereffective|p1b: Slaking\n|-damage|p1b: Slaking|49\/100 slp\n|move|p2b: Lampiao|Heat Wave|p1b: Slaking|[spread] p1a,p1b\n|-damage|p1a: Landorus|37\/100\n|-damage|p1b: Slaking|4\/100 slp\n|move|p1a: Landorus|Rock Slide|p2a: Bronzong|[spread] p2a,p2b\n|-resisted|p2a: Bronzong\n|-supereffective|p2b: Lampiao\n|-damage|p2a: Bronzong|42\/100\n|-damage|p2b: Lampiao|24\/100\n|cant|p1b: Slaking|slp\n|\n|-heal|p1b: Slaking|10\/100 slp|[from] item: Leftovers\n|upkeep\n|turn|5\n|\n|t:|1699323563\n|switch|p1b: Sinistcha|Sinistcha-Masterpiece, shiny|100\/100\n|-heal|p1a: Landorus|62\/100|[from] ability: Hospitality|[of] p1b: Sinistcha\n|move|p2a: Bronzong|Flash Cannon|p1a: Landorus\n|-damage|p1a: Landorus|29\/100\n|move|p2b: Lampiao|Heat Wave|p1a: Landorus|[spread] p1a,p1b\n|-supereffective|p1b: Sinistcha\n|-damage|p1a: Landorus|0 fnt\n|-damage|p1b: Sinistcha|0 fnt\n|faint|p1a: Landorus\n|faint|p1b: Sinistcha\n|\n|-fieldend|move: Trick Room\n|upkeep\n|\n|t:|1699323573\n|switch|p1a: Ogerpon|Ogerpon-Hearthflame, F|100\/100\n|switch|p1b: Clefairy|Clefairy, F|100\/100\n|-ability|p1a: Ogerpon|Mold Breaker\n|turn|6\n|\n|t:|1699323592\n|move|p1b: Clefairy|Follow Me|p1b: Clefairy\n|-singleturn|p1b: Clefairy|move: Follow Me\n|move|p1a: Ogerpon|Swords Dance|p1a: Ogerpon\n|-boost|p1a: Ogerpon|atk|2\n|move|p2b: Lampiao|Trick Room|p2b: Lampiao\n|-fieldstart|move: Trick Room|[of] p2b: Lampiao\n|move|p2a: Bronzong|Trick Room|p2a: Bronzong\n|-fieldend|move: Trick Room\n|\n|upkeep\n|turn|7\n|\n|t:|1699323601\n|move|p1a: Ogerpon|Swords Dance|p1a: Ogerpon\n|-boost|p1a: Ogerpon|atk|2\n|move|p1b: Clefairy|Heal Pulse|p1a: Ogerpon\n|-fail|p1a: Ogerpon|heal\n|move|p2b: Lampiao|Trick Room|p2b: Lampiao\n|-fieldstart|move: Trick Room|[of] p2b: Lampiao\n|move|p2a: Bronzong|Trick Room|p2a: Bronzong\n|-fieldend|move: Trick Room\n|\n|upkeep\n|turn|8\n|\n|t:|1699323621\n|move|p1b: Clefairy|Follow Me|p1b: Clefairy\n|-singleturn|p1b: Clefairy|move: Follow Me\n|move|p1a: Ogerpon|Swords Dance|p1a: Ogerpon\n|-boost|p1a: Ogerpon|atk|2\n|move|p2b: Lampiao|Heat Wave|p1b: Clefairy|[spread] p1a,p1b\n|-damage|p1a: Ogerpon|63\/100\n|-damage|p1b: Clefairy|73\/100\n|move|p2a: Bronzong|Trick Room|p2a: Bronzong\n|-fieldstart|move: Trick Room|[of] p2a: Bronzong\n|\n|upkeep\n|turn|9\n|\n|t:|1699323639\n|move|p1b: Clefairy|Follow Me|p1b: Clefairy\n|-singleturn|p1b: Clefairy|move: Follow Me\n|move|p2a: Bronzong|Psychic|p1b: Clefairy\n|-damage|p1b: Clefairy|57\/100\n|-unboost|p1b: Clefairy|spd|1\n|move|p2b: Lampiao|Shadow Ball|p1b: Clefairy\n|-damage|p1b: Clefairy|7\/100\n|move|p1a: Ogerpon|Horn Leech|p2b: Lampiao\n|-resisted|p2b: Lampiao\n|-crit|p2b: Lampiao\n|-damage|p2b: Lampiao|0 fnt\n|-heal|p1a: Ogerpon|75\/100|[from] drain|[of] p2b: Lampiao\n|faint|p2b: Lampiao\n|\n|upkeep\n|\n|t:|1699323649\n|switch|p2b: Peixeira|Kingambit, M|100\/100\n|turn|10\n|\n|t:|1699323663\n|move|p1b: Clefairy|Follow Me|p1b: Clefairy\n|-singleturn|p1b: Clefairy|move: Follow Me\n|move|p2a: Bronzong|Psychic|p1b: Clefairy\n|-crit|p1b: Clefairy\n|-damage|p1b: Clefairy|0 fnt\n|faint|p1b: Clefairy\n|move|p2b: Peixeira|Kowtow Cleave|p1a: Ogerpon\n|-damage|p1a: Ogerpon|6\/100\n|move|p1a: Ogerpon|Ivy Cudgel|p2b: Peixeira\n|-supereffective|p2b: Peixeira\n|-damage|p2b: Peixeira|0 fnt\n|faint|p2b: Peixeira\n|\n|upkeep\n|\n|t:|1699323675\n|switch|p2b: Sinistcha|Sinistcha-Masterpiece|100\/100\n|switch|p1b: Slaking|Slaking, M, shiny, tera:Fighting|43\/100 slp\n|-heal|p2a: Bronzong|67\/100|[from] ability: Hospitality|[of] p2b: Sinistcha\n|turn|11\n|\n|t:|1699323702\n|move|p2a: Bronzong|Psychic|p1a: Ogerpon\n|-damage|p1a: Ogerpon|0 fnt\n|faint|p1a: Ogerpon\n|move|p2b: Sinistcha|Matcha Gotcha|p1b: Slaking\n|-damage|p1b: Slaking|0 fnt\n|faint|p1b: Slaking\n|\n|win|Tanaka21\n|raw|Drago0315's rating: 1175 &rarr; <strong>1150<\/strong><br \/>(-25 for losing)\n|raw|Tanaka21's rating: 1170 &rarr; <strong>1195<\/strong><br \/>(+25 for winning)\n","uploadtime":1699323709,"views":8,"p1id":"drago0315","p2id":"tanaka21","formatid":"gen9doublesou","rating":1150,"private":0,"password":""}