{"id":"gen9doublesou-1995855806","p1":"C0SuMa","p2":"Ornstein714","format":"[Gen 9] Doubles OU","log":"|j|\u2606C0SuMa\n|j|\u2606Ornstein714\n|t:|1700610130\n|gametype|doubles\n|player|p1|C0SuMa|caitlin|1509\n|player|p2|Ornstein714|grimsley|1468\n|teamsize|p1|6\n|teamsize|p2|6\n|gen|9\n|tier|[Gen 9] Doubles OU\n|rated|\n|rule|Species Clause: Limit one of each Pok\u00e9mon\n|rule|OHKO Clause: OHKO moves are banned\n|rule|Evasion Moves Clause: Evasion moves are banned\n|rule|Gravity Sleep Clause: The combination of sleep-inducing moves with imperfect accuracy and Gravity or Gigantamax Orbeetle are banned\n|rule|Endless Battle Clause: Forcing endless battles is banned\n|rule|HP Percentage Mod: HP is shown in percentages\n|clearpoke\n|poke|p1|Tyranitar, M|\n|poke|p1|Diancie|\n|poke|p1|Scovillain, M|\n|poke|p1|Corviknight, M|\n|poke|p1|Gholdengo|\n|poke|p1|Ursaluna-Bloodmoon, M|\n|poke|p2|Walking Wake|\n|poke|p2|Torkoal, F|\n|poke|p2|Regidrago|\n|poke|p2|Leafeon, F|\n|poke|p2|Heatran, M|\n|poke|p2|Cresselia, F|\n|teampreview\n|\n|t:|1700610152\n|start\n|switch|p1a: Diancie|Diancie|100\/100\n|switch|p1b: Ursaluna|Ursaluna-Bloodmoon, M|100\/100\n|switch|p2a: Regidrago|Regidrago|100\/100\n|switch|p2b: Cresselia|Cresselia, F|100\/100\n|turn|1\n|\n|t:|1700610198\n|move|p2b: Cresselia|Helping Hand|p2a: Regidrago\n|-singleturn|p2a: Regidrago|Helping Hand|[of] p2b: Cresselia\n|move|p2a: Regidrago|Dragon Energy|p1a: Diancie|[spread] p1b\n|-immune|p1a: Diancie\n|-damage|p1b: Ursaluna|0 fnt\n|faint|p1b: Ursaluna\n|move|p1a: Diancie|Diamond Storm|p2b: Cresselia|[spread] p2a,p2b\n|-damage|p2a: Regidrago|64\/100\n|-damage|p2b: Cresselia|78\/100\n|\n|upkeep\n|\n|t:|1700610218\n|switch|p1b: Corviknight|Corviknight, M|100\/100\n|turn|2\n|\n|t:|1700610235\n|switch|p2a: Heatran|Heatran, M|100\/100\n|move|p2b: Cresselia|Lunar Blessing|p2b: Cresselia|[spread] p2a,p2b\n|-heal|p2b: Cresselia|100\/100\n|move|p1b: Corviknight|Tailwind|p1b: Corviknight\n|-sidestart|p1: C0SuMa|move: Tailwind\n|move|p1a: Diancie|Diamond Storm|p2b: Cresselia|[spread] p2a,p2b\n|-damage|p2a: Heatran|72\/100\n|-damage|p2b: Cresselia|80\/100\n|-boost|p1a: Diancie|def|2\n|\n|upkeep\n|turn|3\n|\n|t:|1700610263\n|switch|p1b: Tyranitar|Tyranitar, M|100\/100\n|-weather|Sandstorm|[from] ability: Sand Stream|[of] p1b: Tyranitar\n|move|p1a: Diancie|Baton Pass|p1a: Diancie\n|\n|t:|1700610269\n|switch|p1a: Corviknight|Corviknight, M|100\/100|[from] Baton Pass\n|move|p2b: Cresselia|Calm Mind|p2b: Cresselia\n|-boost|p2b: Cresselia|spa|1\n|-boost|p2b: Cresselia|spd|1\n|move|p2a: Heatran|Flash Cannon|p1a: Corviknight\n|-resisted|p1a: Corviknight\n|-damage|p1a: Corviknight|76\/100\n|\n|-weather|Sandstorm|[upkeep]\n|upkeep\n|turn|4\n|\n|t:|1700610294\n|move|p1a: Corviknight|Brave Bird|p2b: Cresselia\n|-damage|p2b: Cresselia|48\/100\n|-damage|p1a: Corviknight|65\/100|[from] Recoil\n|move|p1b: Tyranitar|Earthquake|p2b: Cresselia|[spread] p2a\n|-immune|p1a: Corviknight\n|-immune|p2b: Cresselia|[from] ability: Levitate\n|-supereffective|p2a: Heatran\n|-damage|p2a: Heatran|0 fnt\n|faint|p2a: Heatran\n|move|p2b: Cresselia|Lunar Blessing|p2b: Cresselia\n|-heal|p2b: Cresselia|73\/100\n|\n|-weather|Sandstorm|[upkeep]\n|upkeep\n|\n|t:|1700610307\n|switch|p2a: Torkoal|Torkoal, F|100\/100\n|-weather|SunnyDay|[from] ability: Drought|[of] p2a: Torkoal\n|turn|5\n|\n|t:|1700610329\n|move|p1a: Corviknight|Roost|p1a: Corviknight\n|-heal|p1a: Corviknight|100\/100\n|-singleturn|p1a: Corviknight|move: Roost\n|move|p1b: Tyranitar|Rock Slide|p2b: Cresselia|[spread] p2a,p2b\n|-supereffective|p2a: Torkoal\n|-damage|p2a: Torkoal|51\/100\n|-damage|p2b: Cresselia|49\/100\n|move|p2b: Cresselia|Lunar Blessing|p2b: Cresselia|[spread] p2a,p2b\n|-heal|p2a: Torkoal|76\/100\n|-heal|p2b: Cresselia|74\/100\n|cant|p2a: Torkoal|flinch\n|\n|-weather|SunnyDay|[upkeep]\n|-sideend|p1: C0SuMa|move: Tailwind\n|upkeep\n|turn|6\n|\n|t:|1700610351\n|move|p2b: Cresselia|Lunar Blessing|p2b: Cresselia|[spread] p2a,p2b\n|-heal|p2a: Torkoal|100\/100\n|-heal|p2b: Cresselia|99\/100\n|move|p1a: Corviknight|Tailwind|p1a: Corviknight\n|-sidestart|p1: C0SuMa|move: Tailwind\n|move|p1b: Tyranitar|Earthquake|p2a: Torkoal|[spread] p2a\n|-immune|p1a: Corviknight\n|-immune|p2b: Cresselia|[from] ability: Levitate\n|-supereffective|p2a: Torkoal\n|-damage|p2a: Torkoal|57\/100\n|move|p2a: Torkoal|Eruption|p1a: Corviknight|[spread] p1a,p1b\n|-supereffective|p1a: Corviknight\n|-resisted|p1b: Tyranitar\n|-damage|p1a: Corviknight|15\/100\n|-damage|p1b: Tyranitar|87\/100\n|\n|-weather|SunnyDay|[upkeep]\n|upkeep\n|turn|7\n|\n|t:|1700610374\n|move|p1a: Corviknight|Brave Bird|p2a: Torkoal\n|-damage|p2a: Torkoal|27\/100\n|-damage|p1a: Corviknight|8\/100|[from] Recoil\n|move|p1b: Tyranitar|Rock Slide|p2b: Cresselia|[spread] p2a,p2b\n|-supereffective|p2a: Torkoal\n|-damage|p2a: Torkoal|0 fnt\n|-damage|p2b: Cresselia|76\/100\n|faint|p2a: Torkoal\n|move|p2b: Cresselia|Lunar Blessing|p2b: Cresselia\n|-heal|p2b: Cresselia|100\/100\n|\n|-weather|SunnyDay|[upkeep]\n|upkeep\n|\n|t:|1700610386\n|switch|p2a: Leafeon|Leafeon, F|100\/100\n|turn|8\n|\n|t:|1700610415\n|switch|p1a: Gholdengo|Gholdengo|100\/100\n|switch|p1b: Scovillain|Scovillain, M|100\/100\n|move|p2a: Leafeon|Solar Blade||[still]\n|-prepare|p2a: Leafeon|Solar Blade\n|-anim|p2a: Leafeon|Solar Blade|p1b: Scovillain\n|-resisted|p1b: Scovillain\n|-damage|p1b: Scovillain|73\/100\n|move|p2b: Cresselia|Psychic|p1a: Gholdengo\n|-resisted|p1a: Gholdengo\n|-damage|p1a: Gholdengo|76\/100\n|\n|-weather|SunnyDay|[upkeep]\n|upkeep\n|turn|9\n|\n|t:|1700610445\n|switch|p1a: Tyranitar|Tyranitar, M|87\/100\n|-weather|Sandstorm|[from] ability: Sand Stream|[of] p1a: Tyranitar\n|switch|p2a: Walking Wake|Walking Wake|100\/100\n|switch|p1b: Corviknight|Corviknight, M|8\/100\n|move|p2b: Cresselia|Psychic|p1b: Corviknight\n|-resisted|p1b: Corviknight\n|-crit|p1b: Corviknight\n|-damage|p1b: Corviknight|0 fnt\n|faint|p1b: Corviknight\n|\n|-weather|Sandstorm|[upkeep]\n|-damage|p2a: Walking Wake|94\/100|[from] Sandstorm\n|-sideend|p1: C0SuMa|move: Tailwind\n|upkeep\n|\n|t:|1700610468\n|switch|p1b: Scovillain|Scovillain, M|73\/100\n|turn|10\n|\n|t:|1700610506\n|move|p2a: Walking Wake|Hydro Steam|p1a: Tyranitar\n|-supereffective|p1a: Tyranitar\n|-damage|p1a: Tyranitar|39\/100\n|move|p2b: Cresselia|Psychic|p1b: Scovillain\n|-damage|p1b: Scovillain|23\/100\n|-unboost|p1b: Scovillain|spd|1\n|-enditem|p1b: Scovillain|Sitrus Berry|[eat]\n|-heal|p1b: Scovillain|48\/100|[from] item: Sitrus Berry\n|move|p1b: Scovillain|Spicy Extract|p1a: Tyranitar\n|-boost|p1a: Tyranitar|atk|2\n|-unboost|p1a: Tyranitar|def|2\n|move|p1a: Tyranitar|Lash Out|p2a: Walking Wake\n|-damage|p2a: Walking Wake|0 fnt\n|faint|p2a: Walking Wake\n|-end|p2a: Walking Wake|Protosynthesis|[silent]\n|\n|-weather|Sandstorm|[upkeep]\n|-damage|p1b: Scovillain|42\/100|[from] Sandstorm\n|upkeep\n|\n|t:|1700610526\n|switch|p2a: Leafeon|Leafeon, F|100\/100\n|turn|11\n|\n|t:|1700610548\n|switch|p1a: Gholdengo|Gholdengo|76\/100\n|move|p2a: Leafeon|Leaf Blade|p1a: Gholdengo\n|-resisted|p1a: Gholdengo\n|-damage|p1a: Gholdengo|39\/100\n|move|p2b: Cresselia|Psychic|p1b: Scovillain\n|-damage|p1b: Scovillain|0 fnt\n|faint|p1b: Scovillain\n|\n|-weather|Sandstorm|[upkeep]\n|-damage|p2a: Leafeon|94\/100|[from] Sandstorm\n|upkeep\n|\n|t:|1700610567\n|switch|p1b: Diancie|Diancie|100\/100\n|turn|12\n|inactive|Battle timer is ON: inactive players will automatically lose when time's up. (requested by Ornstein714)\n|\n|t:|1700610606\n|move|p1a: Gholdengo|Make It Rain|p2a: Leafeon|[spread] p2a,p2b\n|-damage|p2a: Leafeon|0 fnt\n|-damage|p2b: Cresselia|75\/100\n|-unboost|p1a: Gholdengo|spa|1\n|faint|p2a: Leafeon\n|-damage|p1a: Gholdengo|29\/100|[from] item: Life Orb\n|move|p2b: Cresselia|Psychic|p1a: Gholdengo\n|-resisted|p1a: Gholdengo\n|-damage|p1a: Gholdengo|2\/100\n|move|p1b: Diancie|Diamond Storm|p2b: Cresselia|[miss]\n|-miss|p1b: Diancie|p2b: Cresselia\n|\n|-weather|Sandstorm|[upkeep]\n|upkeep\n|\n|t:|1700610621\n|switch|p2a: Regidrago|Regidrago|64\/100\n|turn|13\n|\n|t:|1700610651\n|move|p2a: Regidrago|Earth Power|p1a: Gholdengo\n|-supereffective|p1a: Gholdengo\n|-damage|p1a: Gholdengo|0 fnt\n|faint|p1a: Gholdengo\n|move|p2b: Cresselia|Psychic|p1b: Diancie\n|-damage|p1b: Diancie|74\/100\n|move|p1b: Diancie|Diamond Storm|p2a: Regidrago|[spread] p2a,p2b\n|-damage|p2a: Regidrago|31\/100\n|-damage|p2b: Cresselia|53\/100\n|\n|-weather|none\n|-heal|p1b: Diancie|80\/100|[from] item: Leftovers\n|upkeep\n|\n|t:|1700610661\n|switch|p1a: Tyranitar|Tyranitar, M|39\/100\n|-weather|Sandstorm|[from] ability: Sand Stream|[of] p1a: Tyranitar\n|turn|14\n|\n|t:|1700610678\n|move|p2a: Regidrago|Earth Power|p1a: Tyranitar\n|-supereffective|p1a: Tyranitar\n|-damage|p1a: Tyranitar|19\/100\n|move|p2b: Cresselia|Lunar Blessing|p2b: Cresselia|[spread] p2a,p2b\n|-heal|p2a: Regidrago|56\/100\n|-heal|p2b: Cresselia|78\/100\n|move|p1a: Tyranitar|Lash Out|p2b: Cresselia\n|-supereffective|p2b: Cresselia\n|-damage|p2b: Cresselia|17\/100\n|move|p1b: Diancie|Diamond Storm|p2b: Cresselia|[spread] p2a,p2b\n|-damage|p2a: Regidrago|20\/100\n|-damage|p2b: Cresselia|0 fnt\n|faint|p2b: Cresselia\n|\n|-weather|Sandstorm|[upkeep]\n|-damage|p2a: Regidrago|13\/100|[from] Sandstorm\n|-heal|p1b: Diancie|86\/100|[from] item: Leftovers\n|upkeep\n|turn|15\n|c|\u2606Ornstein714|gg\n|-message|Ornstein714 forfeited.\n|\n|win|C0SuMa\n|raw|C0SuMa's rating: 1509 &rarr; <strong>1527<\/strong><br \/>(+18 for winning)\n|raw|Ornstein714's rating: 1468 &rarr; <strong>1450<\/strong><br \/>(-18 for losing)\n|c|\u2606C0SuMa|gg\n|c|\u2606C0SuMa|close game\n","uploadtime":1700610727,"views":3,"p1id":"c0suma","p2id":"ornstein714","formatid":"gen9doublesou","rating":1450,"private":0,"password":""}