{"id":"gen9doublesou-1973048249","p1":"Lorius388","p2":"Steizigol","format":"[Gen 9] Doubles OU","log":"|j|\u2606Lorius388\n|j|\u2606Steizigol\n|t:|1697922048\n|gametype|doubles\n|player|p1|Lorius388|hiker-gen4|1090\n|player|p2|Steizigol|170|1041\n|teamsize|p1|6\n|teamsize|p2|6\n|gen|9\n|tier|[Gen 9] Doubles OU\n|rated|\n|rule|Species Clause: Limit one of each Pok\u00e9mon\n|rule|OHKO Clause: OHKO moves are banned\n|rule|Evasion Moves Clause: Evasion moves are banned\n|rule|Gravity Sleep Clause: The combination of sleep-inducing moves with imperfect accuracy and Gravity or Gigantamax Orbeetle are banned\n|rule|Endless Battle Clause: Forcing endless battles is banned\n|rule|HP Percentage Mod: HP is shown in percentages\n|clearpoke\n|poke|p1|Pachirisu, F|\n|poke|p1|Hatterene, F|\n|poke|p1|Basculegion-F, F|\n|poke|p1|Mimikyu, F|\n|poke|p1|Hoopa-Unbound|\n|poke|p1|Eiscue, F|\n|poke|p2|Armarouge, M|\n|poke|p2|Indeedee-F, F|\n|poke|p2|Goodra-Hisui, F|\n|poke|p2|Gholdengo|\n|poke|p2|Meowscarada, M|\n|poke|p2|Azumarill, F|\n|teampreview\n|\n|t:|1697922055\n|start\n|switch|p1a: Hoopa|Hoopa-Unbound|100\/100\n|switch|p1b: Mimikyu|Mimikyu, F|100\/100\n|switch|p2a: Armarouge|Armarouge, M|100\/100\n|switch|p2b: Indeedee|Indeedee-F, F|100\/100\n|-fieldstart|move: Psychic Terrain|[from] ability: Psychic Surge|[of] p2b: Indeedee\n|turn|1\n|inactive|Battle timer is ON: inactive players will automatically lose when time's up. (requested by Lorius388)\n|\n|t:|1697922076\n|move|p2b: Indeedee|Follow Me|p2b: Indeedee\n|-singleturn|p2b: Indeedee|move: Follow Me\n|move|p1a: Hoopa|Hyperspace Fury|p2b: Indeedee\n|-supereffective|p2b: Indeedee\n|-damage|p2b: Indeedee|0 fnt\n|-unboost|p1a: Hoopa|def|1\n|faint|p2b: Indeedee\n|move|p1b: Mimikyu|Trick Room|p1b: Mimikyu\n|-fieldstart|move: Trick Room|[of] p1b: Mimikyu\n|move|p2a: Armarouge|Trick Room|p2a: Armarouge\n|-fieldend|move: Trick Room\n|\n|upkeep\n|\n|t:|1697922093\n|switch|p2b: Goodra|Goodra-Hisui, F|100\/100\n|turn|2\n|\n|t:|1697922115\n|-terastallize|p2b: Goodra|Steel\n|move|p2a: Armarouge|Expanding Force|p1b: Mimikyu|[spread] p1b\n|-immune|p1a: Hoopa\n|-activate|p1b: Mimikyu|ability: Disguise\n|-damage|p1b: Mimikyu|100\/100\n|detailschange|p1b: Mimikyu|Mimikyu-Busted, F\n|-damage|p1b: Mimikyu|88\/100|[from] pokemon: Mimikyu-Busted\n|-damage|p2a: Armarouge|91\/100|[from] item: Life Orb\n|move|p1a: Hoopa|Hyperspace Fury|p2a: Armarouge\n|-supereffective|p2a: Armarouge\n|-damage|p2a: Armarouge|0 fnt\n|-unboost|p1a: Hoopa|def|1\n|faint|p2a: Armarouge\n|move|p2b: Goodra|Flash Cannon|p1b: Mimikyu\n|-supereffective|p1b: Mimikyu\n|-damage|p1b: Mimikyu|0 fnt\n|faint|p1b: Mimikyu\n|\n|upkeep\n|\n|t:|1697922136\n|switch|p1b: Eiscue|Eiscue, F|100\/100\n|switch|p2a: Azumarill|Azumarill, F|100\/100\n|turn|3\n|c|\u2606Lorius388|we have literally the same strategy lol\n|inactive|Lorius388 has 120 seconds left.\n|\n|t:|1697922170\n|move|p2a: Azumarill|Brick Break|p1b: Eiscue\n|-activate|p1b: Eiscue|ability: Ice Face\n|-damage|p1b: Eiscue|100\/100\n|detailschange|p1b: Eiscue|Eiscue-Noice, F\n|move|p1b: Eiscue|Belly Drum|p1b: Eiscue\n|-damage|p1b: Eiscue|51\/100\n|-setboost|p1b: Eiscue|atk|6|[from] move: Belly Drum\n|move|p2b: Goodra|Flash Cannon|p1b: Eiscue\n|-supereffective|p1b: Eiscue\n|-damage|p1b: Eiscue|0 fnt\n|faint|p1b: Eiscue\n|move|p1a: Hoopa|Trick Room|p1a: Hoopa\n|-fieldstart|move: Trick Room|[of] p1a: Hoopa\n|\n|upkeep\n|inactive|Lorius388 has 120 seconds left.\n|\n|t:|1697922187\n|switch|p1b: Hatterene|Hatterene, F|100\/100\n|turn|4\n|\n|t:|1697922199\n|move|p1b: Hatterene|Mystical Fire|p2b: Goodra\n|-supereffective|p2b: Goodra\n|-damage|p2b: Goodra|77\/100\n|-unboost|p2b: Goodra|spa|1\n|move|p2b: Goodra|Flash Cannon|p1b: Hatterene\n|-supereffective|p1b: Hatterene\n|-damage|p1b: Hatterene|46\/100\n|move|p1a: Hoopa|Zen Headbutt|p2a: Azumarill\n|-damage|p2a: Azumarill|19\/100\n|-enditem|p2a: Azumarill|Sitrus Berry|[eat]\n|-heal|p2a: Azumarill|44\/100|[from] item: Sitrus Berry\n|move|p2a: Azumarill|Play Rough|p1a: Hoopa\n|-supereffective|p1a: Hoopa\n|-damage|p1a: Hoopa|0 fnt\n|faint|p1a: Hoopa\n|\n|upkeep\n|inactive|Lorius388 has 120 seconds left.\n|\n|t:|1697922216\n|switch|p1a: Basculegion|Basculegion-F, F|100\/100\n|-ability|p1a: Basculegion|Mold Breaker\n|turn|5\n|inactive|Lorius388 has 120 seconds left.\n|inactive|Steizigol has 120 seconds left.\n|\n|t:|1697922252\n|move|p2a: Azumarill|Aqua Jet|p1b: Hatterene\n|-activate|p1b: Hatterene|move: Psychic Terrain\n|move|p1b: Hatterene|Dazzling Gleam|p2a: Azumarill|[spread] p2a,p2b\n|-resisted|p2b: Goodra\n|-damage|p2a: Azumarill|5\/100\n|-damage|p2b: Goodra|69\/100\n|move|p2b: Goodra|Flash Cannon|p1b: Hatterene\n|-supereffective|p1b: Hatterene\n|-damage|p1b: Hatterene|0 fnt\n|faint|p1b: Hatterene\n|move|p1a: Basculegion|Last Respects|p2b: Goodra\n|-damage|p2b: Goodra|0 fnt\n|faint|p2b: Goodra\n|\n|-fieldend|move: Psychic Terrain\n|upkeep\n|inactive|Lorius388 has 120 seconds left.\n|\n|t:|1697922269\n|switch|p1b: Pachirisu|Pachirisu, F|100\/100\n|switch|p2b: Meowscarada|Meowscarada, M|100\/100\n|turn|6\n|\n|t:|1697922295\n|move|p1b: Pachirisu|Follow Me|p1b: Pachirisu\n|-singleturn|p1b: Pachirisu|move: Follow Me\n|move|p2a: Azumarill|Aqua Jet|p1b: Pachirisu\n|-damage|p1b: Pachirisu|65\/100\n|move|p1a: Basculegion|Last Respects|p2b: Meowscarada\n|-resisted|p2b: Meowscarada\n|-damage|p2b: Meowscarada|0 fnt\n|faint|p2b: Meowscarada\n|\n|upkeep\n|\n|t:|1697922305\n|switch|p2b: Gholdengo|Gholdengo|100\/100\n|turn|7\n|\n|t:|1697922316\n|move|p2b: Gholdengo|Protect|p2b: Gholdengo\n|-singleturn|p2b: Gholdengo|Protect\n|move|p1b: Pachirisu|Follow Me|p1b: Pachirisu\n|-singleturn|p1b: Pachirisu|move: Follow Me\n|move|p2a: Azumarill|Aqua Jet|p1b: Pachirisu\n|-damage|p1b: Pachirisu|31\/100\n|-enditem|p1b: Pachirisu|Sitrus Berry|[eat]\n|-heal|p1b: Pachirisu|56\/100|[from] item: Sitrus Berry\n|move|p1a: Basculegion|Last Respects|p2b: Gholdengo\n|-activate|p2b: Gholdengo|move: Protect\n|\n|-fieldend|move: Trick Room\n|upkeep\n|turn|8\n|\n|t:|1697922340\n|move|p1b: Pachirisu|Follow Me|p1b: Pachirisu\n|-singleturn|p1b: Pachirisu|move: Follow Me\n|move|p2a: Azumarill|Aqua Jet|p1b: Pachirisu\n|-damage|p1b: Pachirisu|21\/100\n|move|p2b: Gholdengo|Make It Rain|p1b: Pachirisu|[spread] p1a,p1b\n|-resisted|p1a: Basculegion\n|-resisted|p1b: Pachirisu\n|-damage|p1a: Basculegion|78\/100\n|-damage|p1b: Pachirisu|0 fnt\n|-unboost|p2b: Gholdengo|spa|1\n|faint|p1b: Pachirisu\n|move|p1a: Basculegion|Last Respects|p2b: Gholdengo\n|-supereffective|p2b: Gholdengo\n|-enditem|p2b: Gholdengo|Focus Sash\n|-damage|p2b: Gholdengo|1\/100\n|\n|upkeep\n|turn|9\n|\n|t:|1697922369\n|move|p2b: Gholdengo|Nasty Plot|p2b: Gholdengo\n|-boost|p2b: Gholdengo|spa|2\n|move|p2a: Azumarill|Play Rough|p1a: Basculegion\n|-damage|p1a: Basculegion|19\/100\n|-unboost|p1a: Basculegion|atk|1\n|move|p1a: Basculegion|Last Respects|p2a: Azumarill\n|-damage|p2a: Azumarill|0 fnt\n|faint|p2a: Azumarill\n|\n|upkeep\n|turn|10\n|\n|t:|1697922390\n|move|p2b: Gholdengo|Shadow Ball|p1a: Basculegion\n|-supereffective|p1a: Basculegion\n|-damage|p1a: Basculegion|0 fnt\n|faint|p1a: Basculegion\n|\n|win|Steizigol\n|raw|Lorius388's rating: 1090 &rarr; <strong>1063<\/strong><br \/>(-27 for losing)\n|raw|Steizigol's rating: 1041 &rarr; <strong>1080<\/strong><br \/>(+39 for winning)\n|l|\u2606Lorius388\n","uploadtime":1697922399,"views":21,"p1id":"lorius388","p2id":"steizigol","formatid":"gen9doublesou","rating":1063,"private":0,"password":""}