{"id":"gen9doublesou-1981652451","p1":"Breator","p2":"1stTempest","format":"[Gen 9] Doubles OU","log":"|j|\u2606Breator\n|j|\u26061stTempest\n|t:|1698930424\n|gametype|doubles\n|player|p1|Breator|265|1349\n|player|p2|1stTempest|red-masters|1306\n|teamsize|p1|6\n|teamsize|p2|6\n|gen|9\n|tier|[Gen 9] Doubles OU\n|rated|\n|rule|Species Clause: Limit one of each Pok\u00e9mon\n|rule|OHKO Clause: OHKO moves are banned\n|rule|Evasion Moves Clause: Evasion moves are banned\n|rule|Gravity Sleep Clause: The combination of sleep-inducing moves with imperfect accuracy and Gravity or Gigantamax Orbeetle are banned\n|rule|Endless Battle Clause: Forcing endless battles is banned\n|rule|HP Percentage Mod: HP is shown in percentages\n|clearpoke\n|poke|p1|Tornadus, M|\n|poke|p1|Gholdengo|\n|poke|p1|Iron Hands|\n|poke|p1|Chien-Pao|\n|poke|p1|Glimmora, F|\n|poke|p1|Chi-Yu|\n|poke|p2|Torterra, F|\n|poke|p2|Iron Hands|\n|poke|p2|Rillaboom, F|\n|poke|p2|Ogerpon-Hearthflame, F|\n|poke|p2|Tornadus, M|\n|poke|p2|Walking Wake|\n|teampreview\n|inactive|Battle timer is ON: inactive players will automatically lose when time's up. (requested by Breator)\n|\n|t:|1698930450\n|start\n|switch|p1a: Tornadus|Tornadus, M|100\/100\n|switch|p1b: Gholdengo|Gholdengo|100\/100\n|switch|p2a: Walking Wake|Walking Wake|100\/100\n|switch|p2b: Tornadus|Tornadus, M|100\/100\n|turn|1\n|\n|t:|1698930470\n|move|p1a: Tornadus|Tailwind|p1a: Tornadus\n|-sidestart|p1: Breator|move: Tailwind\n|move|p2b: Tornadus|Sunny Day|p2b: Tornadus\n|-weather|SunnyDay\n|-activate|p2a: Walking Wake|ability: Protosynthesis\n|-start|p2a: Walking Wake|protosynthesisspe\n|move|p1b: Gholdengo|Dazzling Gleam|p2b: Tornadus|[spread] p2a,p2b\n|-supereffective|p2a: Walking Wake\n|-damage|p2a: Walking Wake|47\/100\n|-damage|p2b: Tornadus|67\/100\n|move|p2a: Walking Wake|Weather Ball|p1b: Gholdengo\n|-supereffective|p1b: Gholdengo\n|-damage|p1b: Gholdengo|0 fnt\n|faint|p1b: Gholdengo\n|\n|-weather|SunnyDay|[upkeep]\n|upkeep\n|inactive|Breator has 120 seconds left.\n|\n|t:|1698930492\n|switch|p1b: Glimmora|Glimmora, F|100\/100\n|turn|2\n|\n|t:|1698930514\n|move|p2b: Tornadus|Tailwind|p2b: Tornadus\n|-sidestart|p2: 1stTempest|move: Tailwind\n|move|p2a: Walking Wake|Hydro Steam|p1b: Glimmora\n|-supereffective|p1b: Glimmora\n|-damage|p1b: Glimmora|0 fnt\n|faint|p1b: Glimmora\n|move|p1a: Tornadus|Bleakwind Storm|p2b: Tornadus|[spread] p2a,p2b\n|-damage|p2a: Walking Wake|16\/100\n|-damage|p2b: Tornadus|23\/100\n|\n|-weather|SunnyDay|[upkeep]\n|upkeep\n|inactive|Breator has 120 seconds left.\n|\n|t:|1698930544\n|switch|p1b: Iron Hands|Iron Hands|100\/100\n|turn|3\n|\n|t:|1698930563\n|-terastallize|p2a: Walking Wake|Fairy\n|move|p1b: Iron Hands|Fake Out|p2a: Walking Wake\n|-damage|p2a: Walking Wake|0 fnt\n|faint|p2a: Walking Wake\n|-end|p2a: Walking Wake|Protosynthesis|[silent]\n|move|p1a: Tornadus|Bleakwind Storm|p2b: Tornadus\n|-damage|p2b: Tornadus|0 fnt\n|faint|p2b: Tornadus\n|\n|-weather|SunnyDay|[upkeep]\n|upkeep\n|\n|t:|1698930571\n|switch|p2a: Torterra|Torterra, F|100\/100\n|switch|p2b: Rillaboom|Rillaboom, F|100\/100\n|-fieldstart|move: Grassy Terrain|[from] ability: Grassy Surge|[of] p2b: Rillaboom\n|turn|4\n|inactive|1stTempest has 120 seconds left.\n|\n|t:|1698930606\n|move|p1a: Tornadus|Bleakwind Storm|p2b: Rillaboom|[spread] p2a,p2b\n|-supereffective|p2a: Torterra\n|-supereffective|p2b: Rillaboom\n|-damage|p2a: Torterra|11\/100\n|-damage|p2b: Rillaboom|27\/100\n|move|p2b: Rillaboom|U-turn|p1b: Iron Hands\n|-resisted|p1b: Iron Hands\n|-damage|p1b: Iron Hands|88\/100\n|inactive|1stTempest has 120 seconds left.\n|\n|t:|1698930623\n|switch|p2b: Iron Hands|Iron Hands|100\/100|[from] U-turn\n|move|p2a: Torterra|Shell Smash|p2a: Torterra\n|-unboost|p2a: Torterra|def|1\n|-unboost|p2a: Torterra|spd|1\n|-boost|p2a: Torterra|atk|2\n|-boost|p2a: Torterra|spa|2\n|-boost|p2a: Torterra|spe|2\n|-enditem|p2a: Torterra|White Herb\n|-clearnegativeboost|p2a: Torterra|[silent]\n|move|p1b: Iron Hands|Volt Switch|p2b: Iron Hands\n|-resisted|p2b: Iron Hands\n|-damage|p2b: Iron Hands|95\/100\n|\n|t:|1698930637\n|-end|p1b: Iron Hands|Quark Drive|[silent]\n|switch|p1b: Chien-Pao|Chien-Pao|100\/100|[from] Volt Switch\n|-ability|p1b: Chien-Pao|Sword of Ruin\n|\n|-weather|SunnyDay|[upkeep]\n|-heal|p2a: Torterra|17\/100|[from] Grassy Terrain\n|-heal|p2b: Iron Hands|100\/100|[from] Grassy Terrain\n|-sideend|p1: Breator|move: Tailwind\n|upkeep\n|turn|5\n|inactive|1stTempest has 120 seconds left.\n|\n|t:|1698930657\n|move|p1b: Chien-Pao|Protect|p1b: Chien-Pao\n|-singleturn|p1b: Chien-Pao|Protect\n|move|p2a: Torterra|Grassy Glide|p1b: Chien-Pao\n|-activate|p1b: Chien-Pao|move: Protect\n|move|p1a: Tornadus|Tailwind|p1a: Tornadus\n|-sidestart|p1: Breator|move: Tailwind\n|move|p2b: Iron Hands|Thunder Punch|p1a: Tornadus\n|-supereffective|p1a: Tornadus\n|-enditem|p1a: Tornadus|Focus Sash\n|-damage|p1a: Tornadus|1\/100\n|\n|-weather|none\n|-heal|p2a: Torterra|23\/100|[from] Grassy Terrain\n|-sideend|p2: 1stTempest|move: Tailwind\n|upkeep\n|turn|6\n|inactive|Breator has 120 seconds left.\n|\n|t:|1698930696\n|move|p1b: Chien-Pao|Ice Spinner|p2a: Torterra\n|-supereffective|p2a: Torterra\n|-damage|p2a: Torterra|0 fnt\n|-fieldend|move: Grassy Terrain\n|faint|p2a: Torterra\n|move|p1a: Tornadus|Bleakwind Storm|p2b: Iron Hands\n|-damage|p2b: Iron Hands|63\/100\n|-unboost|p2b: Iron Hands|spe|1\n|move|p2b: Iron Hands|Drain Punch|p1b: Chien-Pao\n|-supereffective|p1b: Chien-Pao\n|-enditem|p1b: Chien-Pao|Focus Sash\n|-damage|p1b: Chien-Pao|1\/100\n|-heal|p2b: Iron Hands|94\/100|[from] drain|[of] p1b: Chien-Pao\n|\n|upkeep\n|\n|t:|1698930710\n|switch|p2a: Rillaboom|Rillaboom, F|27\/100\n|-fieldstart|move: Grassy Terrain|[from] ability: Grassy Surge|[of] p2a: Rillaboom\n|turn|7\n|\n|t:|1698930728\n|move|p2a: Rillaboom|Grassy Glide|p1a: Tornadus\n|-resisted|p1a: Tornadus\n|-crit|p1a: Tornadus\n|-damage|p1a: Tornadus|0 fnt\n|faint|p1a: Tornadus\n|move|p1b: Chien-Pao|Ice Spinner|p2a: Rillaboom\n|-supereffective|p2a: Rillaboom\n|-damage|p2a: Rillaboom|0 fnt\n|-fieldend|move: Grassy Terrain\n|faint|p2a: Rillaboom\n|move|p2b: Iron Hands|Substitute|p2b: Iron Hands\n|-start|p2b: Iron Hands|Substitute\n|-damage|p2b: Iron Hands|69\/100\n|\n|upkeep\n|\n|t:|1698930745\n|switch|p1a: Iron Hands|Iron Hands|88\/100\n|switch|p2a: Ogerpon|Ogerpon-Hearthflame, F|100\/100\n|-ability|p2a: Ogerpon|Mold Breaker\n|turn|8\n|inactive|Breator has 120 seconds left.\n|\n|t:|1698930784\n|move|p1b: Chien-Pao|Protect|p1b: Chien-Pao\n|-singleturn|p1b: Chien-Pao|Protect\n|move|p2a: Ogerpon|Spiky Shield|p2a: Ogerpon\n|-singleturn|p2a: Ogerpon|move: Protect\n|move|p1a: Iron Hands|Drain Punch|p2b: Iron Hands\n|-end|p2b: Iron Hands|Substitute\n|-heal|p1a: Iron Hands|100\/100|[from] drain|[of] p2b: Iron Hands\n|move|p2b: Iron Hands|Swords Dance|p2b: Iron Hands\n|-boost|p2b: Iron Hands|atk|2\n|\n|-sideend|p1: Breator|move: Tailwind\n|upkeep\n|turn|9\n|\n|t:|1698930809\n|move|p1b: Chien-Pao|Sucker Punch|p2a: Ogerpon\n|-damage|p2a: Ogerpon|52\/100\n|move|p2a: Ogerpon|Ivy Cudgel|p1b: Chien-Pao\n|-supereffective|p1b: Chien-Pao\n|-damage|p1b: Chien-Pao|0 fnt\n|faint|p1b: Chien-Pao\n|move|p1a: Iron Hands|Drain Punch|p2b: Iron Hands\n|-crit|p2b: Iron Hands\n|-damage|p2b: Iron Hands|27\/100\n|-enditem|p2b: Iron Hands|Sitrus Berry|[eat]\n|-heal|p2b: Iron Hands|52\/100|[from] item: Sitrus Berry\n|move|p2b: Iron Hands|Drain Punch|p1a: Iron Hands\n|-crit|p1a: Iron Hands\n|-damage|p1a: Iron Hands|13\/100\n|-heal|p2b: Iron Hands|94\/100|[from] drain|[of] p1a: Iron Hands\n|\n|upkeep\n|inactive|Breator has 120 seconds left.\n|\n|t:|1698930824\n|switch|p1b: Chi-Yu|Chi-Yu|100\/100\n|-ability|p1b: Chi-Yu|Beads of Ruin\n|turn|10\n|\n|t:|1698930847\n|move|p2a: Ogerpon|Spiky Shield|p2a: Ogerpon\n|-singleturn|p2a: Ogerpon|move: Protect\n|move|p1b: Chi-Yu|Heat Wave|p2a: Ogerpon|[spread] p2b\n|-activate|p2a: Ogerpon|move: Protect\n|-damage|p2b: Iron Hands|43\/100\n|-damage|p1b: Chi-Yu|91\/100|[from] item: Life Orb\n|move|p1a: Iron Hands|Drain Punch|p2a: Ogerpon\n|-activate|p2a: Ogerpon|move: Protect\n|-damage|p1a: Iron Hands|0 fnt|[from] Spiky Shield|[of] p2a: Ogerpon\n|faint|p1a: Iron Hands\n|-end|p1a: Iron Hands|Quark Drive|[silent]\n|move|p2b: Iron Hands|Drain Punch|p1b: Chi-Yu\n|-supereffective|p1b: Chi-Yu\n|-damage|p1b: Chi-Yu|0 fnt\n|-heal|p2b: Iron Hands|67\/100|[from] drain|[of] p1b: Chi-Yu\n|faint|p1b: Chi-Yu\n|\n|win|1stTempest\n|raw|Breator's rating: 1349 &rarr; <strong>1327<\/strong><br \/>(-22 for losing)\n|raw|1stTempest's rating: 1306 &rarr; <strong>1328<\/strong><br \/>(+22 for winning)\n|l|\u2606Breator\n|c|\u26061stTempest|gg\n","uploadtime":1698930867,"views":16,"p1id":"breator","p2id":"1sttempest","formatid":"gen9doublesou","rating":1327,"private":0,"password":""}