{"id":"gen9doublesou-1987006944","p1":"Amberrunner","p2":"BESTONSHOWDOWN","format":"[Gen 9] Doubles OU","log":"|j|\u2606Amberrunner\n|j|\u2606BESTONSHOWDOWN\n|t:|1699548480\n|gametype|doubles\n|player|p1|Amberrunner|ninjaboy|1178\n|player|p2|BESTONSHOWDOWN|crasherwake|1164\n|teamsize|p1|6\n|teamsize|p2|6\n|gen|9\n|tier|[Gen 9] Doubles OU\n|rated|\n|rule|Species Clause: Limit one of each Pok\u00e9mon\n|rule|OHKO Clause: OHKO moves are banned\n|rule|Evasion Moves Clause: Evasion moves are banned\n|rule|Gravity Sleep Clause: The combination of sleep-inducing moves with imperfect accuracy and Gravity or Gigantamax Orbeetle are banned\n|rule|Endless Battle Clause: Forcing endless battles is banned\n|rule|HP Percentage Mod: HP is shown in percentages\n|clearpoke\n|poke|p1|Flutter Mane|\n|poke|p1|Ninetales-Alola, F|\n|poke|p1|Clefairy, M|\n|poke|p1|Azumarill, M|\n|poke|p1|Tinkaton, F|\n|poke|p1|Iron Valiant|\n|poke|p2|Grafaiai, M|\n|poke|p2|Slaking, F|\n|poke|p2|Weezing-Galar, M|\n|poke|p2|Rillaboom, M|\n|poke|p2|Sneasler, M|\n|poke|p2|Chi-Yu|\n|teampreview\n|inactive|Battle timer is ON: inactive players will automatically lose when time's up. (requested by Amberrunner)\n|\n|t:|1699548494\n|start\n|switch|p1a: Ninetales|Ninetales-Alola, F|100\/100\n|switch|p1b: Clefairy|Clefairy, M|100\/100\n|switch|p2a: Grafaiai|Grafaiai, M|100\/100\n|switch|p2b: Slaking|Slaking, F|100\/100\n|-weather|Snow|[from] ability: Snow Warning|[of] p1a: Ninetales\n|turn|1\n|\n|t:|1699548522\n|move|p1b: Clefairy|Follow Me|p1b: Clefairy\n|-singleturn|p1b: Clefairy|move: Follow Me\n|move|p2a: Grafaiai|Doodle|p1b: Clefairy\n|-endability|p2a: Grafaiai|Prankster|[from] move: Doodle\n|-ability|p2a: Grafaiai|Friend Guard|[from] move: Doodle\n|-endability|p2b: Slaking|Truant|[from] move: Doodle\n|-ability|p2b: Slaking|Friend Guard|[from] move: Doodle\n|move|p1a: Ninetales|Aurora Veil|p1a: Ninetales\n|-sidestart|p1: Amberrunner|move: Aurora Veil\n|move|p2b: Slaking|Facade|p1b: Clefairy\n|-damage|p1b: Clefairy|75\/100\n|\n|-weather|Snow|[upkeep]\n|upkeep\n|turn|2\n|\n|t:|1699548542\n|move|p2a: Grafaiai|Swagger|p1a: Ninetales\n|-boost|p1a: Ninetales|atk|2\n|-enditem|p2a: Grafaiai|Mirror Herb\n|-boost|p2a: Grafaiai|atk|2|[from] item: Mirror Herb\n|-enditem|p2b: Slaking|Mirror Herb\n|-boost|p2b: Slaking|atk|2|[from] item: Mirror Herb\n|-start|p1a: Ninetales|confusion\n|-activate|p1a: Ninetales|confusion\n|move|p1a: Ninetales|Blizzard|p2b: Slaking|[spread] p2a,p2b\n|-damage|p2a: Grafaiai|61\/100\n|-damage|p2b: Slaking|79\/100\n|move|p2b: Slaking|Drain Punch|p1a: Ninetales\n|-damage|p1a: Ninetales|67\/100\n|-heal|p2b: Slaking|89\/100|[from] drain|[of] p1a: Ninetales\n|move|p1b: Clefairy|Life Dew|p1b: Clefairy|[spread] p1a,p1b\n|-heal|p1a: Ninetales|92\/100\n|-heal|p1b: Clefairy|99\/100\n|\n|-weather|Snow|[upkeep]\n|upkeep\n|turn|3\n|\n|t:|1699548560\n|move|p2a: Grafaiai|Poison Jab|p1a: Ninetales\n|-supereffective|p1a: Ninetales\n|-damage|p1a: Ninetales|27\/100\n|-activate|p1a: Ninetales|confusion\n|move|p1a: Ninetales|Blizzard|p2b: Slaking|[spread] p2a,p2b\n|-damage|p2a: Grafaiai|20\/100\n|-damage|p2b: Slaking|67\/100\n|move|p2b: Slaking|Facade|p1b: Clefairy\n|-damage|p1b: Clefairy|47\/100\n|move|p1b: Clefairy|Life Dew|p1b: Clefairy|[spread] p1a,p1b\n|-heal|p1a: Ninetales|52\/100\n|-heal|p1b: Clefairy|72\/100\n|\n|-weather|Snow|[upkeep]\n|upkeep\n|turn|4\n|\n|t:|1699548580\n|switch|p1a: Tinkaton|Tinkaton, F|100\/100\n|-ability|p1a: Tinkaton|Mold Breaker\n|move|p2a: Grafaiai|Poison Jab|p1b: Clefairy\n|-supereffective|p1b: Clefairy\n|-damage|p1b: Clefairy|0 fnt\n|faint|p1b: Clefairy\n|move|p2b: Slaking|Facade|p1a: Tinkaton\n|-resisted|p1a: Tinkaton\n|-damage|p1a: Tinkaton|60\/100\n|\n|-weather|Snow|[upkeep]\n|upkeep\n|inactive|Amberrunner has 120 seconds left.\n|\n|t:|1699548604\n|switch|p1b: Ninetales|Ninetales-Alola, F|52\/100\n|turn|5\n|\n|t:|1699548619\n|move|p1a: Tinkaton|Fake Out|p2b: Slaking\n|-damage|p2b: Slaking|61\/100\n|move|p2a: Grafaiai|Poison Jab|p1b: Ninetales\n|-supereffective|p1b: Ninetales\n|-damage|p1b: Ninetales|0 fnt\n|faint|p1b: Ninetales\n|cant|p2b: Slaking|flinch\n|\n|-weather|none\n|upkeep\n|\n|t:|1699548629\n|switch|p1b: Iron Valiant|Iron Valiant|100\/100\n|turn|6\n|\n|t:|1699548647\n|-terastallize|p2b: Slaking|Ghost\n|move|p2a: Grafaiai|Poison Jab|p1b: Iron Valiant\n|-supereffective|p1b: Iron Valiant\n|-damage|p1b: Iron Valiant|0 fnt\n|faint|p1b: Iron Valiant\n|-end|p1b: Iron Valiant|Quark Drive|[silent]\n|move|p1a: Tinkaton|Bulldoze|p2b: Slaking|[spread] p2a,p2b\n|-supereffective|p2a: Grafaiai\n|-damage|p2a: Grafaiai|0 fnt\n|-damage|p2b: Slaking|53\/100\n|-unboost|p2b: Slaking|spe|1\n|faint|p2a: Grafaiai\n|move|p2b: Slaking|Play Rough|p1a: Tinkaton\n|-resisted|p1a: Tinkaton\n|-damage|p1a: Tinkaton|23\/100\n|-enditem|p1a: Tinkaton|Sitrus Berry|[eat]\n|-heal|p1a: Tinkaton|48\/100|[from] item: Sitrus Berry\n|\n|upkeep\n|\n|t:|1699548658\n|switch|p2a: Chi-Yu|Chi-Yu|100\/100\n|switch|p1b: Flutter Mane|Flutter Mane|100\/100\n|-ability|p2a: Chi-Yu|Beads of Ruin\n|-enditem|p1b: Flutter Mane|Booster Energy\n|-activate|p1b: Flutter Mane|ability: Protosynthesis|[fromitem]\n|-start|p1b: Flutter Mane|protosynthesisspa\n|turn|7\n|\n|t:|1699548678\n|move|p1b: Flutter Mane|Shadow Ball|p2b: Slaking\n|-supereffective|p2b: Slaking\n|-damage|p2b: Slaking|0 fnt\n|faint|p2b: Slaking\n|move|p2a: Chi-Yu|Overheat|p1b: Flutter Mane\n|-damage|p1b: Flutter Mane|4\/100\n|-unboost|p2a: Chi-Yu|spa|2\n|move|p1a: Tinkaton|Bulldoze|p2a: Chi-Yu|[spread] p1b,p2a\n|-supereffective|p2a: Chi-Yu\n|-damage|p1b: Flutter Mane|0 fnt\n|-damage|p2a: Chi-Yu|61\/100\n|-unboost|p2a: Chi-Yu|spe|1\n|faint|p1b: Flutter Mane\n|-end|p1b: Flutter Mane|Protosynthesis|[silent]\n|\n|upkeep\n|\n|t:|1699548683\n|switch|p1b: Azumarill|Azumarill, M|100\/100\n|switch|p2b: Weezing|Weezing-Galar, M|100\/100\n|-ability|p2b: Weezing|Neutralizing Gas\n|-item|p2b: Weezing|Air Balloon\n|turn|8\n|\n|t:|1699548698\n|move|p1a: Tinkaton|Gigaton Hammer|p2b: Weezing\n|-supereffective|p2b: Weezing\n|-damage|p2b: Weezing|1\/100\n|-enditem|p2b: Weezing|Air Balloon\n|move|p2a: Chi-Yu|Overheat|p1a: Tinkaton\n|-supereffective|p1a: Tinkaton\n|-damage|p1a: Tinkaton|0 fnt\n|-unboost|p2a: Chi-Yu|spa|2\n|faint|p1a: Tinkaton\n|move|p2b: Weezing|Clear Smog|p1b: Azumarill\n|-supereffective|p1b: Azumarill\n|-damage|p1b: Azumarill|74\/100\n|-clearboost|p1b: Azumarill\n|move|p1b: Azumarill|Belly Drum|p1b: Azumarill\n|-damage|p1b: Azumarill|24\/100\n|-setboost|p1b: Azumarill|atk|6|[from] move: Belly Drum\n|-enditem|p1b: Azumarill|Sitrus Berry|[eat]\n|-heal|p1b: Azumarill|49\/100|[from] item: Sitrus Berry\n|\n|-sideend|p1: Amberrunner|move: Aurora Veil\n|upkeep\n|turn|9\n|\n|t:|1699548708\n|move|p1b: Azumarill|Aqua Jet|p2b: Weezing\n|-damage|p2b: Weezing|0 fnt\n|faint|p2b: Weezing\n|-end|p2b: Weezing|ability: Neutralizing Gas\n|-ability|p2a: Chi-Yu|Beads of Ruin\n|move|p2a: Chi-Yu|Overheat|p1b: Azumarill\n|-resisted|p1b: Azumarill\n|-damage|p1b: Azumarill|25\/100\n|-unboost|p2a: Chi-Yu|spa|2\n|\n|upkeep\n|\n|t:|1699548714\n|switch|p2b: Rillaboom|Rillaboom, M|100\/100\n|-fieldstart|move: Grassy Terrain|[from] ability: Grassy Surge|[of] p2b: Rillaboom\n|turn|10\n|\n|t:|1699548728\n|move|p2b: Rillaboom|Grassy Glide|p1b: Azumarill\n|-immune|p1b: Azumarill|[from] ability: Sap Sipper\n|move|p1b: Azumarill|Aqua Jet|p2a: Chi-Yu\n|-supereffective|p2a: Chi-Yu\n|-damage|p2a: Chi-Yu|0 fnt\n|faint|p2a: Chi-Yu\n|\n|-heal|p1b: Azumarill|31\/100|[from] Grassy Terrain\n|upkeep\n|c|\u2606BESTONSHOWDOWN|Gg\n|\n|t:|1699548738\n|switch|p2a: Sneasler|Sneasler, M|100\/100\n|-enditem|p2a: Sneasler|Grassy Seed\n|-boost|p2a: Sneasler|def|1|[from] item: Grassy Seed\n|turn|11\n|\n|t:|1699548752\n|-terastallize|p1b: Azumarill|Water\n|move|p2a: Sneasler|Dire Claw|p1b: Azumarill\n|-damage|p1b: Azumarill|0 fnt\n|faint|p1b: Azumarill\n|\n|win|BESTONSHOWDOWN\n|raw|Amberrunner's rating: 1178 &rarr; <strong>1152<\/strong><br \/>(-26 for losing)\n|raw|BESTONSHOWDOWN's rating: 1164 &rarr; <strong>1190<\/strong><br \/>(+26 for winning)\n|l|\u2606Amberrunner\n","uploadtime":1699548765,"views":9,"p1id":"amberrunner","p2id":"bestonshowdown","formatid":"gen9doublesou","rating":1152,"private":0,"password":""}