{"id":"gen9doublesou-1995174207","p1":"Gilgarune","p2":"glasses15","format":"[Gen 9] Doubles OU","log":"|j|\u2606Gilgarune\n|j|\u2606glasses15\n|t:|1700530896\n|gametype|doubles\n|player|p1|Gilgarune|rood|1221\n|player|p2|glasses15|scientistf|1220\n|teamsize|p1|6\n|teamsize|p2|6\n|gen|9\n|tier|[Gen 9] Doubles OU\n|rated|\n|rule|Species Clause: Limit one of each Pok\u00e9mon\n|rule|OHKO Clause: OHKO moves are banned\n|rule|Evasion Moves Clause: Evasion moves are banned\n|rule|Gravity Sleep Clause: The combination of sleep-inducing moves with imperfect accuracy and Gravity or Gigantamax Orbeetle are banned\n|rule|Endless Battle Clause: Forcing endless battles is banned\n|rule|HP Percentage Mod: HP is shown in percentages\n|clearpoke\n|poke|p1|Manaphy|\n|poke|p1|Raichu, F|\n|poke|p1|Gastrodon, F|\n|poke|p1|Farigiraf, M|\n|poke|p1|Bronzong|\n|poke|p1|Heatran, M|\n|poke|p2|Sableye, F|\n|poke|p2|Flapple, F|\n|poke|p2|Maushold|\n|poke|p2|Lycanroc-Dusk, M|\n|poke|p2|Farigiraf, M|\n|poke|p2|Flamigo, M|\n|teampreview\n|inactive|Battle timer is ON: inactive players will automatically lose when time's up. (requested by glasses15)\n|c|\u2606glasses15|glhf\n|\n|t:|1700530917\n|start\n|switch|p1a: Raichu|Raichu, F|100\/100\n|switch|p1b: Manaphy|Manaphy|100\/100\n|switch|p2a: Sableye|Sableye, F|100\/100\n|switch|p2b: Maushold|Maushold|100\/100\n|turn|1\n|\n|t:|1700530939\n|move|p1a: Raichu|Fake Out|p2b: Maushold\n|-damage|p2b: Maushold|88\/100\n|move|p2a: Sableye|Gravity|p2a: Sableye\n|-fieldstart|move: Gravity\n|cant|p2b: Maushold|flinch\n|move|p1b: Manaphy|Skill Swap|p2a: Sableye\n|-activate|p1b: Manaphy|move: Skill Swap|Prankster|Hydration|[of] p2a: Sableye\n|\n|upkeep\n|turn|2\n|\n|t:|1700530957\n|switch|p1b: Gastrodon|Gastrodon, F|100\/100\n|move|p2b: Maushold|Population Bomb|p1b: Gastrodon\n|-damage|p1b: Gastrodon|85\/100\n|-damage|p2b: Maushold|71\/100|[from] item: Rocky Helmet|[of] p1b: Gastrodon\n|-damage|p1b: Gastrodon|71\/100\n|-damage|p2b: Maushold|54\/100|[from] item: Rocky Helmet|[of] p1b: Gastrodon\n|-damage|p1b: Gastrodon|57\/100\n|-damage|p2b: Maushold|38\/100|[from] item: Rocky Helmet|[of] p1b: Gastrodon\n|-damage|p1b: Gastrodon|44\/100\n|-damage|p2b: Maushold|21\/100|[from] item: Rocky Helmet|[of] p1b: Gastrodon\n|-damage|p1b: Gastrodon|31\/100\n|-damage|p2b: Maushold|5\/100|[from] item: Rocky Helmet|[of] p1b: Gastrodon\n|-damage|p1b: Gastrodon|18\/100\n|-damage|p2b: Maushold|0 fnt|[from] item: Rocky Helmet|[of] p1b: Gastrodon\n|faint|p2b: Maushold\n|-hitcount|p1b: Gastrodon|6\n|move|p1a: Raichu|Charm|p2a: Sableye\n|-unboost|p2a: Sableye|atk|2\n|move|p2a: Sableye|Encore||[still]\n|-fail|p2a: Sableye\n|\n|upkeep\n|\n|t:|1700530964\n|switch|p2b: Flapple|Flapple, F|100\/100\n|turn|3\n|\n|t:|1700530992\n|switch|p1b: Heatran|Heatran, M|100\/100\n|move|p2b: Flapple|Dragon Rush|p1a: Raichu\n|-crit|p1a: Raichu\n|-enditem|p1a: Raichu|Focus Sash\n|-damage|p1a: Raichu|1\/100\n|cant|p1a: Raichu|flinch\n|move|p2a: Sableye|Disable|p1a: Raichu\n|-start|p1a: Raichu|Disable|Charm\n|\n|upkeep\n|turn|4\n|\n|t:|1700531013\n|switch|p1a: Bronzong|Bronzong|100\/100\n|move|p2b: Flapple|Dragon Rush|p1b: Heatran\n|-resisted|p1b: Heatran\n|-damage|p1b: Heatran|66\/100\n|-enditem|p1b: Heatran|Air Balloon\n|cant|p1b: Heatran|flinch\n|move|p2a: Sableye|Encore||[still]\n|-fail|p2a: Sableye\n|\n|upkeep\n|turn|5\n|\n|t:|1700531034\n|move|p2b: Flapple|Dragon Rush|p1b: Heatran\n|-resisted|p1b: Heatran\n|-damage|p1b: Heatran|33\/100\n|move|p1b: Heatran|Heat Wave|p2a: Sableye|[spread] p2a,p2b\n|-damage|p2a: Sableye|38\/100\n|-damage|p2b: Flapple|36\/100\n|move|p2a: Sableye|Thunder Wave|p1a: Bronzong\n|-status|p1a: Bronzong|par\n|move|p1a: Bronzong|Flash Cannon|p2a: Sableye\n|-damage|p2a: Sableye|0 fnt\n|faint|p2a: Sableye\n|\n|-fieldend|move: Gravity\n|upkeep\n|\n|t:|1700531044\n|switch|p2a: Flamigo|Flamigo, M|100\/100\n|turn|6\n|\n|t:|1700531054\n|move|p1b: Heatran|Protect|p1b: Heatran\n|-singleturn|p1b: Heatran|Protect\n|move|p2b: Flapple|Dragon Rush|p1b: Heatran\n|-activate|p1b: Heatran|move: Protect\n|move|p2a: Flamigo|Low Sweep|p1a: Bronzong\n|-damage|p1a: Bronzong|74\/100 par\n|-unboost|p1a: Bronzong|spe|1\n|move|p1a: Bronzong|Iron Defense|p1a: Bronzong\n|-boost|p1a: Bronzong|def|2\n|\n|-heal|p1a: Bronzong|81\/100 par|[from] item: Leftovers\n|upkeep\n|turn|7\n|\n|t:|1700531075\n|move|p2b: Flapple|Dragon Rush|p1a: Bronzong\n|-resisted|p1a: Bronzong\n|-damage|p1a: Bronzong|65\/100 par\n|move|p2a: Flamigo|Low Sweep|p1b: Heatran\n|-supereffective|p1b: Heatran\n|-damage|p1b: Heatran|0 fnt\n|faint|p1b: Heatran\n|move|p1a: Bronzong|Iron Defense|p1a: Bronzong\n|-boost|p1a: Bronzong|def|2\n|\n|-heal|p1a: Bronzong|72\/100 par|[from] item: Leftovers\n|upkeep\n|\n|t:|1700531087\n|switch|p1b: Raichu|Raichu, F|1\/100\n|turn|8\n|\n|t:|1700531097\n|move|p1b: Raichu|Fake Out|p2b: Flapple\n|-damage|p2b: Flapple|23\/100\n|move|p2a: Flamigo|Feint|p1b: Raichu\n|-damage|p1b: Raichu|0 fnt\n|faint|p1b: Raichu\n|cant|p2b: Flapple|flinch\n|move|p1a: Bronzong|Iron Defense|p1a: Bronzong\n|-boost|p1a: Bronzong|def|2\n|\n|-heal|p1a: Bronzong|78\/100 par|[from] item: Leftovers\n|upkeep\n|\n|t:|1700531110\n|switch|p1b: Farigiraf|Farigiraf, M|100\/100\n|turn|9\n|\n|t:|1700531121\n|move|p2b: Flapple|Dragon Rush|p1b: Farigiraf\n|-damage|p1b: Farigiraf|35\/100\n|move|p2a: Flamigo|Low Sweep|p1b: Farigiraf\n|-damage|p1b: Farigiraf|9\/100\n|-unboost|p1b: Farigiraf|spe|1\n|move|p1b: Farigiraf|Twin Beam|p2a: Flamigo\n|-supereffective|p2a: Flamigo\n|-damage|p2a: Flamigo|47\/100\n|-supereffective|p2a: Flamigo\n|-damage|p2a: Flamigo|0 fnt\n|faint|p2a: Flamigo\n|-hitcount|p2: Flamigo|2\n|move|p1a: Bronzong|Body Press|p2b: Flapple\n|-damage|p2b: Flapple|0 fnt\n|faint|p2b: Flapple\n|\n|-heal|p1a: Bronzong|84\/100 par|[from] item: Leftovers\n|upkeep\n|\n|t:|1700531127\n|switch|p2a: Lycanroc|Lycanroc-Dusk, M|100\/100\n|switch|p2b: Farigiraf|Farigiraf, M|100\/100\n|turn|10\n|\n|t:|1700531153\n|move|p2a: Lycanroc|Rock Slide|p1b: Farigiraf|[spread] p1a,p1b\n|-resisted|p1a: Bronzong\n|-damage|p1a: Bronzong|81\/100 par\n|-damage|p1b: Farigiraf|0 fnt\n|faint|p1b: Farigiraf\n|move|p2b: Farigiraf|Nasty Plot|p2b: Farigiraf\n|-boost|p2b: Farigiraf|spa|2\n|move|p1a: Bronzong|Body Press|p2a: Lycanroc\n|-supereffective|p2a: Lycanroc\n|-enditem|p2a: Lycanroc|Focus Sash\n|-damage|p2a: Lycanroc|1\/100\n|\n|-heal|p1a: Bronzong|87\/100 par|[from] item: Leftovers\n|upkeep\n|inactive|Gilgarune has 120 seconds left.\n|\n|t:|1700531168\n|switch|p1b: Manaphy|Manaphy|100\/100\n|turn|11\n|\n|t:|1700531176\n|move|p2a: Lycanroc|Endeavor|p1a: Bronzong\n|-damage|p1a: Bronzong|1\/100 par\n|move|p1b: Manaphy|Surf|p2b: Farigiraf|[spread] p1a,p2a,p2b\n|-supereffective|p2a: Lycanroc\n|-damage|p1a: Bronzong|0 fnt\n|-damage|p2a: Lycanroc|0 fnt\n|-damage|p2b: Farigiraf|76\/100\n|faint|p1a: Bronzong\n|faint|p2a: Lycanroc\n|move|p2b: Farigiraf|Psychic|p1b: Manaphy\n|-damage|p1b: Manaphy|26\/100\n|\n|upkeep\n|\n|t:|1700531188\n|switch|p1a: Gastrodon|Gastrodon, F|18\/100\n|turn|12\n|\n|t:|1700531199\n|move|p1b: Manaphy|Surf|p2b: Farigiraf|[spread] p2b\n|-ability|p1a: Gastrodon|Storm Drain|boost\n|-boost|p1a: Gastrodon|spa|1\n|-damage|p2b: Farigiraf|50\/100\n|-enditem|p2b: Farigiraf|Sitrus Berry|[eat]\n|-heal|p2b: Farigiraf|75\/100|[from] item: Sitrus Berry\n|move|p2b: Farigiraf|Psychic|p1b: Manaphy\n|-damage|p1b: Manaphy|0 fnt\n|faint|p1b: Manaphy\n|move|p1a: Gastrodon|Clear Smog|p2b: Farigiraf\n|-damage|p2b: Farigiraf|53\/100\n|-clearboost|p2b: Farigiraf\n|\n|upkeep\n|turn|13\n|\n|t:|1700531217\n|-terastallize|p1a: Gastrodon|Fire\n|move|p2b: Farigiraf|Psychic|p1a: Gastrodon\n|-damage|p1a: Gastrodon|0 fnt\n|faint|p1a: Gastrodon\n|\n|win|glasses15\n|raw|Gilgarune's rating: 1221 &rarr; <strong>1196<\/strong><br \/>(-25 for losing)\n|raw|glasses15's rating: 1220 &rarr; <strong>1245<\/strong><br \/>(+25 for winning)\n|c|\u2606glasses15|gg\n|c|\u2606Gilgarune|ggwp\n|l|\u2606Gilgarune\n","uploadtime":1700531229,"views":3,"p1id":"gilgarune","p2id":"glasses15","formatid":"gen9doublesou","rating":1196,"private":0,"password":""}