{"id":"gen9doublesou-1975531323","p1":"notausername69","p2":"GBarmada","format":"[Gen 9] Doubles OU","log":"|j|\u2606notausername69\n|j|\u2606GBarmada\n|t:|1698201479\n|gametype|doubles\n|player|p1|notausername69|hugh|1302\n|player|p2|GBarmada|nate|1377\n|teamsize|p1|6\n|teamsize|p2|6\n|gen|9\n|tier|[Gen 9] Doubles OU\n|rated|\n|rule|Species Clause: Limit one of each Pok\u00e9mon\n|rule|OHKO Clause: OHKO moves are banned\n|rule|Evasion Moves Clause: Evasion moves are banned\n|rule|Gravity Sleep Clause: The combination of sleep-inducing moves with imperfect accuracy and Gravity or Gigantamax Orbeetle are banned\n|rule|Endless Battle Clause: Forcing endless battles is banned\n|rule|HP Percentage Mod: HP is shown in percentages\n|clearpoke\n|poke|p1|Tinkaton, F|\n|poke|p1|Baxcalibur, F|\n|poke|p1|Rillaboom, M|\n|poke|p1|Gyarados, M|\n|poke|p1|Torkoal, F|\n|poke|p1|Great Tusk|\n|poke|p2|Flutter Mane|\n|poke|p2|Iron Hands|\n|poke|p2|Roaring Moon|\n|poke|p2|Sinistcha-Masterpiece|\n|poke|p2|Torkoal, F|\n|poke|p2|Tornadus, M|\n|teampreview\n|c|\u2606GBarmada|GLHF\n|inactive|Battle timer is ON: inactive players will automatically lose when time's up. (requested by notausername69)\n|\n|t:|1698201531\n|start\n|switch|p1a: Kirby|Tinkaton, F|100\/100\n|switch|p1b: Gayre|Gyarados, M, shiny|100\/100\n|switch|p2a: Sinistcha|Sinistcha-Masterpiece|100\/100\n|switch|p2b: Torkoal|Torkoal, F|100\/100\n|-ability|p1b: Gayre|Intimidate|boost\n|-unboost|p2a: Sinistcha|atk|1\n|-unboost|p2b: Torkoal|atk|1\n|-weather|SunnyDay|[from] ability: Drought|[of] p2b: Torkoal\n|turn|1\n|\n|t:|1698201550\n|move|p2a: Sinistcha|Protect|p2a: Sinistcha\n|-singleturn|p2a: Sinistcha|Protect\n|move|p1a: Kirby|Fake Out|p2b: Torkoal\n|-damage|p2b: Torkoal|92\/100\n|move|p1b: Gayre|Dragon Dance|p1b: Gayre\n|-boost|p1b: Gayre|atk|1\n|-boost|p1b: Gayre|spe|1\n|cant|p2b: Torkoal|flinch\n|\n|-weather|SunnyDay|[upkeep]\n|upkeep\n|turn|2\n|inactive|notausername69 has 120 seconds left.\n|inactive|GBarmada has 120 seconds left.\n|\n|t:|1698201589\n|move|p2b: Torkoal|Protect|p2b: Torkoal\n|-singleturn|p2b: Torkoal|Protect\n|move|p1b: Gayre|Ice Fang|p2a: Sinistcha\n|-supereffective|p2a: Sinistcha\n|-damage|p2a: Sinistcha|52\/100\n|move|p1a: Kirby|Gigaton Hammer|p2a: Sinistcha\n|-damage|p2a: Sinistcha|12\/100\n|move|p2a: Sinistcha|Strength Sap|p1b: Gayre\n|-unboost|p1b: Gayre|atk|1\n|-heal|p2a: Sinistcha|100\/100\n|\n|-weather|SunnyDay|[upkeep]\n|upkeep\n|turn|3\n|inactive|notausername69 has 120 seconds left.\n|inactive|GBarmada has 120 seconds left.\n|\n|t:|1698201635\n|switch|p1a: Raphael|Torkoal, F|100\/100\n|move|p2a: Sinistcha|Protect|p2a: Sinistcha\n|-singleturn|p2a: Sinistcha|Protect\n|move|p1b: Gayre|Waterfall|p2b: Torkoal\n|-supereffective|p2b: Torkoal\n|-damage|p2b: Torkoal|53\/100\n|cant|p2b: Torkoal|flinch\n|\n|-weather|SunnyDay|[upkeep]\n|upkeep\n|turn|4\n|inactive|notausername69 has 120 seconds left.\n|inactive|GBarmada has 120 seconds left.\n|\n|t:|1698201671\n|switch|p2b: Tornadus|Tornadus, M|100\/100\n|-terastallize|p2a: Sinistcha|Water\n|move|p1b: Gayre|Dragon Dance|p1b: Gayre\n|-boost|p1b: Gayre|atk|1\n|-boost|p1b: Gayre|spe|1\n|move|p2a: Sinistcha|Strength Sap|p1b: Gayre\n|-unboost|p1b: Gayre|atk|1\n|move|p1a: Raphael|Yawn|p2a: Sinistcha\n|-start|p2a: Sinistcha|move: Yawn|[of] p1a: Raphael\n|\n|-weather|SunnyDay|[upkeep]\n|upkeep\n|turn|5\n|inactive|GBarmada has 120 seconds left.\n|inactive|notausername69 has 120 seconds left.\n|\n|t:|1698201707\n|switch|p2a: Iron Hands|Iron Hands|100\/100\n|switch|p1a: Benni|Baxcalibur, F|100\/100\n|move|p2b: Tornadus|Protect|p2b: Tornadus\n|-singleturn|p2b: Tornadus|Protect\n|move|p1b: Gayre|Ice Fang|p2b: Tornadus\n|-activate|p2b: Tornadus|move: Protect\n|\n|-weather|none\n|upkeep\n|turn|6\n|inactive|notausername69 has 120 seconds left.\n|inactive|GBarmada has 90 seconds left.\n|inactive|notausername69 has 90 seconds left.\n|inactive|GBarmada has 60 seconds left.\n|\n|t:|1698201772\n|switch|p1a: Chief keef|Rillaboom, M, shiny|100\/100\n|-fieldstart|move: Grassy Terrain|[from] ability: Grassy Surge|[of] p1a: Chief keef\n|-terastallize|p1b: Gayre|Ground\n|move|p2b: Tornadus|Sunny Day|p2b: Tornadus\n|-weather|SunnyDay\n|move|p1b: Gayre|Dragon Dance|p1b: Gayre\n|-boost|p1b: Gayre|atk|1\n|-boost|p1b: Gayre|spe|1\n|move|p2a: Iron Hands|Volt Switch|p1b: Gayre\n|-immune|p1b: Gayre\n|\n|-weather|SunnyDay|[upkeep]\n|upkeep\n|turn|7\n|inactive|notausername69 has 90 seconds left.\n|inactive|GBarmada has 60 seconds left.\n|\n|t:|1698201802\n|-end|p2a: Iron Hands|Quark Drive|[silent]\n|switch|p2a: Sinistcha|Sinistcha-Masterpiece, tera:Water|100\/100\n|move|p2b: Tornadus|Protect|p2b: Tornadus\n|-singleturn|p2b: Tornadus|Protect\n|move|p1b: Gayre|Ice Fang|p2b: Tornadus\n|-activate|p2b: Tornadus|move: Protect\n|move|p1a: Chief keef|Substitute|p1a: Chief keef\n|-start|p1a: Chief keef|Substitute\n|-damage|p1a: Chief keef|75\/100\n|\n|-weather|SunnyDay|[upkeep]\n|-heal|p1a: Chief keef|82\/100|[from] Grassy Terrain\n|upkeep\n|turn|8\n|inactive|notausername69 has 90 seconds left.\n|\n|t:|1698201824\n|switch|p2b: Torkoal|Torkoal, F|53\/100\n|move|p1b: Gayre|Ice Fang|p2b: Torkoal\n|-resisted|p2b: Torkoal\n|-crit|p2b: Torkoal\n|-damage|p2b: Torkoal|28\/100\n|move|p1a: Chief keef|Wood Hammer|p2a: Sinistcha\n|-supereffective|p2a: Sinistcha\n|-damage|p2a: Sinistcha|9\/100\n|-damage|p1a: Chief keef|56\/100|[from] Recoil\n|move|p2a: Sinistcha|Matcha Gotcha|p1b: Gayre|[spread] p1a,p1b\n|-resisted|p1a: Chief keef\n|-activate|p1a: Chief keef|move: Substitute|[damage]\n|-heal|p2a: Sinistcha|20\/100|[from] drain|[of] p1a: Chief keef\n|-supereffective|p1b: Gayre\n|-damage|p1b: Gayre|37\/100\n|-heal|p2a: Sinistcha|50\/100|[from] drain|[of] p1b: Gayre\n|\n|-weather|SunnyDay|[upkeep]\n|-heal|p1b: Gayre|43\/100|[from] Grassy Terrain\n|-heal|p1a: Chief keef|62\/100|[from] Grassy Terrain\n|-heal|p2a: Sinistcha|56\/100|[from] Grassy Terrain\n|-heal|p2b: Torkoal|34\/100|[from] Grassy Terrain\n|upkeep\n|turn|9\n|inactive|GBarmada has 90 seconds left.\n|inactive|notausername69 has 90 seconds left.\n|inactive|GBarmada has 60 seconds left.\n|\n|t:|1698201869\n|switch|p2b: Tornadus|Tornadus, M|100\/100\n|move|p2a: Sinistcha|Protect|p2a: Sinistcha\n|-singleturn|p2a: Sinistcha|Protect\n|move|p1b: Gayre|Earthquake|p2b: Tornadus|[spread] p1a\n|-activate|p2a: Sinistcha|move: Protect\n|-immune|p2b: Tornadus\n|-resisted|p1a: Chief keef\n|-end|p1a: Chief keef|Substitute\n|move|p1a: Chief keef|Wood Hammer|p2a: Sinistcha\n|-activate|p2a: Sinistcha|move: Protect\n|\n|-weather|SunnyDay|[upkeep]\n|-heal|p1b: Gayre|49\/100|[from] Grassy Terrain\n|-heal|p1a: Chief keef|68\/100|[from] Grassy Terrain\n|-heal|p2a: Sinistcha|62\/100|[from] Grassy Terrain\n|upkeep\n|turn|10\n|inactive|notausername69 has 90 seconds left.\n|inactive|GBarmada has 60 seconds left.\n|inactive|GBarmada has 30 seconds left.\n|inactive|GBarmada has 20 seconds left.\n|\n|t:|1698201927\n|move|p2b: Tornadus|Tailwind|p2b: Tornadus\n|-sidestart|p2: GBarmada|move: Tailwind\n|move|p1b: Gayre|Ice Fang|p2b: Tornadus\n|-supereffective|p2b: Tornadus\n|-damage|p2b: Tornadus|39\/100\n|-enditem|p2b: Tornadus|Sitrus Berry|[eat]\n|-heal|p2b: Tornadus|64\/100|[from] item: Sitrus Berry\n|move|p2a: Sinistcha|Matcha Gotcha|p1b: Gayre|[spread] p1a,p1b\n|-resisted|p1a: Chief keef\n|-supereffective|p1b: Gayre\n|-damage|p1a: Chief keef|52\/100\n|-heal|p2a: Sinistcha|72\/100|[from] drain|[of] p1a: Chief keef\n|-damage|p1b: Gayre|0 fnt\n|-heal|p2a: Sinistcha|95\/100|[from] drain|[of] p1b: Gayre\n|faint|p1b: Gayre\n|move|p1a: Chief keef|Wood Hammer|p2a: Sinistcha\n|-supereffective|p2a: Sinistcha\n|-damage|p2a: Sinistcha|0 fnt\n|faint|p2a: Sinistcha\n|-damage|p1a: Chief keef|25\/100|[from] Recoil\n|\n|-weather|none\n|-heal|p1a: Chief keef|31\/100|[from] Grassy Terrain\n|-fieldend|move: Grassy Terrain\n|upkeep\n|inactive|GBarmada has 30 seconds left.\n|inactive|GBarmada has 20 seconds left.\n|\n|t:|1698201954\n|switch|p1b: Kirby|Tinkaton, F|100\/100\n|switch|p2a: Flutter Mane|Flutter Mane|100\/100\n|turn|11\n|inactive|notausername69 has 90 seconds left.\n|\n|t:|1698201966\n|-end|p2a: Flutter Mane|Protosynthesis|[silent]\n|switch|p2a: Torkoal|Torkoal, F|34\/100\n|-weather|SunnyDay|[from] ability: Drought|[of] p2a: Torkoal\n|move|p2b: Tornadus|Bleakwind Storm|p1a: Chief keef|[spread] p1a,p1b\n|-supereffective|p1a: Chief keef\n|-resisted|p1b: Kirby\n|-damage|p1a: Chief keef|0 fnt\n|-damage|p1b: Kirby|84\/100\n|faint|p1a: Chief keef\n|move|p1b: Kirby|Gigaton Hammer|p2a: Torkoal\n|-resisted|p2a: Torkoal\n|-damage|p2a: Torkoal|11\/100\n|\n|-weather|SunnyDay|[upkeep]\n|-heal|p1b: Kirby|90\/100|[from] item: Leftovers\n|upkeep\n|\n|t:|1698201982\n|switch|p1a: Wakala|Great Tusk|100\/100\n|-activate|p1a: Wakala|ability: Protosynthesis\n|-start|p1a: Wakala|protosynthesisspe\n|turn|12\n|inactive|GBarmada has 60 seconds left.\n|inactive|notausername69 has 90 seconds left.\n|\n|t:|1698201999\n|switch|p1b: Benni|Baxcalibur, F|100\/100\n|move|p2a: Torkoal|Protect|p2a: Torkoal\n|-singleturn|p2a: Torkoal|Protect\n|move|p2b: Tornadus|Bleakwind Storm|p1b: Benni|[spread] p1a,p1b\n|-supereffective|p1a: Wakala\n|-damage|p1a: Wakala|42\/100\n|-damage|p1b: Benni|74\/100\n|-unboost|p1b: Benni|spe|1\n|move|p1a: Wakala|Rock Slide|p2a: Torkoal|[spread] p2b\n|-activate|p2a: Torkoal|move: Protect\n|-supereffective|p2b: Tornadus\n|-damage|p2b: Tornadus|35\/100\n|\n|-weather|SunnyDay|[upkeep]\n|upkeep\n|turn|13\n|inactive|GBarmada has 60 seconds left.\n|inactive|notausername69 has 90 seconds left.\n|\n|t:|1698202026\n|move|p2b: Tornadus|Protect|p2b: Tornadus\n|-singleturn|p2b: Tornadus|Protect\n|move|p1a: Wakala|Rock Slide|p2b: Tornadus|[spread] p2a\n|-activate|p2b: Tornadus|move: Protect\n|-supereffective|p2a: Torkoal\n|-damage|p2a: Torkoal|0 fnt\n|faint|p2a: Torkoal\n|move|p1b: Benni|Icicle Spear|p2b: Tornadus\n|-activate|p2b: Tornadus|move: Protect\n|\n|-weather|SunnyDay|[upkeep]\n|-sideend|p2: GBarmada|move: Tailwind\n|upkeep\n|\n|t:|1698202041\n|switch|p2a: Flutter Mane|Flutter Mane|100\/100\n|-activate|p2a: Flutter Mane|ability: Protosynthesis\n|-start|p2a: Flutter Mane|protosynthesisspa\n|turn|14\n|inactive|GBarmada has 60 seconds left.\n|\n|t:|1698202065\n|move|p2b: Tornadus|Tailwind|p2b: Tornadus\n|-sidestart|p2: GBarmada|move: Tailwind\n|move|p2a: Flutter Mane|Dazzling Gleam|p1a: Wakala|[spread] p1a,p1b\n|-supereffective|p1a: Wakala\n|-supereffective|p1b: Benni\n|-damage|p1a: Wakala|0 fnt\n|-damage|p1b: Benni|0 fnt\n|faint|p1a: Wakala\n|-end|p1a: Wakala|Protosynthesis|[silent]\n|faint|p1b: Benni\n|\n|-weather|SunnyDay|[upkeep]\n|upkeep\n|inactive|notausername69 has 90 seconds left.\n|\n|t:|1698202076\n|switch|p1a: Kirby|Tinkaton, F|90\/100\n|switch|p1b: Raphael|Torkoal, F|100\/100\n|turn|15\n|\n|t:|1698202087\n|-end|p2a: Flutter Mane|Protosynthesis|[silent]\n|switch|p2a: Iron Hands|Iron Hands|100\/100\n|move|p2b: Tornadus|Protect|p2b: Tornadus\n|-singleturn|p2b: Tornadus|Protect\n|move|p1a: Kirby|Gigaton Hammer|p2a: Iron Hands\n|-resisted|p2a: Iron Hands\n|-damage|p2a: Iron Hands|81\/100\n|move|p1b: Raphael|Yawn|p2a: Iron Hands\n|-start|p2a: Iron Hands|move: Yawn|[of] p1b: Raphael\n|\n|-weather|none\n|-heal|p1a: Kirby|96\/100|[from] item: Leftovers\n|upkeep\n|turn|16\n|inactive|notausername69 has 120 seconds left.\n|inactive|GBarmada has 90 seconds left.\n|\n|t:|1698202129\n|move|p2b: Tornadus|Sunny Day|p2b: Tornadus\n|-weather|SunnyDay\n|move|p1a: Kirby|Play Rough|p2a: Iron Hands\n|-supereffective|p2a: Iron Hands\n|-damage|p2a: Iron Hands|32\/100\n|move|p2a: Iron Hands|Volt Switch|p1a: Kirby\n|-damage|p1a: Kirby|81\/100\n|inactive|GBarmada has 60 seconds left.\n|\n|t:|1698202157\n|-end|p2a: Iron Hands|Quark Drive|[silent]\n|switch|p2a: Roaring Moon|Roaring Moon|100\/100|[from] Volt Switch\n|-activate|p2a: Roaring Moon|ability: Protosynthesis\n|-start|p2a: Roaring Moon|protosynthesisatk\n|move|p1b: Raphael|Yawn|p2b: Tornadus\n|-start|p2b: Tornadus|move: Yawn|[of] p1b: Raphael\n|\n|-weather|SunnyDay|[upkeep]\n|-heal|p1a: Kirby|87\/100|[from] item: Leftovers\n|upkeep\n|turn|17\n|inactive|GBarmada has 60 seconds left.\n|\n|t:|1698202175\n|move|p2a: Roaring Moon|Knock Off|p1a: Kirby\n|-resisted|p1a: Kirby\n|-damage|p1a: Kirby|34\/100\n|-enditem|p1a: Kirby|Leftovers|[from] move: Knock Off|[of] p2a: Roaring Moon\n|move|p2b: Tornadus|Bleakwind Storm|p1b: Raphael|[spread] p1a,p1b\n|-resisted|p1a: Kirby\n|-damage|p1a: Kirby|18\/100\n|-damage|p1b: Raphael|62\/100\n|-unboost|p1a: Kirby|spe|1\n|move|p1a: Kirby|Play Rough|p2a: Roaring Moon\n|-supereffective|p2a: Roaring Moon\n|-damage|p2a: Roaring Moon|0 fnt\n|faint|p2a: Roaring Moon\n|-end|p2a: Roaring Moon|Protosynthesis|[silent]\n|move|p1b: Raphael|Body Press|p2b: Tornadus\n|-resisted|p2b: Tornadus\n|-damage|p2b: Tornadus|21\/100\n|\n|-weather|SunnyDay|[upkeep]\n|-heal|p1b: Raphael|68\/100|[from] item: Leftovers\n|-end|p2b: Tornadus|move: Yawn|[silent]\n|-status|p2b: Tornadus|slp\n|-sideend|p2: GBarmada|move: Tailwind\n|upkeep\n|inactive|GBarmada has 60 seconds left.\n|\n|t:|1698202188\n|switch|p2a: Iron Hands|Iron Hands|32\/100\n|turn|18\n|\n|t:|1698202210\n|move|p1a: Kirby|Protect|p1a: Kirby\n|-singleturn|p1a: Kirby|Protect\n|move|p2a: Iron Hands|Fake Out|p1a: Kirby\n|-activate|p1a: Kirby|move: Protect\n|cant|p2b: Tornadus|slp\n|move|p1b: Raphael|Body Press|p2a: Iron Hands\n|-damage|p2a: Iron Hands|7\/100\n|\n|-weather|SunnyDay|[upkeep]\n|-heal|p1b: Raphael|74\/100|[from] item: Leftovers\n|upkeep\n|turn|19\n|inactive|notausername69 has 120 seconds left.\n|inactive|GBarmada has 60 seconds left.\n|\n|t:|1698202282\n|cant|p2b: Tornadus|slp\n|move|p1a: Kirby|Play Rough|p2a: Iron Hands\n|-supereffective|p2a: Iron Hands\n|-damage|p2a: Iron Hands|0 fnt\n|faint|p2a: Iron Hands\n|-end|p2a: Iron Hands|Quark Drive|[silent]\n|move|p1b: Raphael|Body Press|p2b: Tornadus\n|-resisted|p2b: Tornadus\n|-damage|p2b: Tornadus|8\/100 slp\n|\n|-weather|SunnyDay|[upkeep]\n|-heal|p1b: Raphael|80\/100|[from] item: Leftovers\n|upkeep\n|\n|t:|1698202290\n|switch|p2a: Flutter Mane|Flutter Mane|100\/100\n|-activate|p2a: Flutter Mane|ability: Protosynthesis\n|-start|p2a: Flutter Mane|protosynthesisspa\n|turn|20\n|inactive|GBarmada has 60 seconds left.\n|inactive|notausername69 has 120 seconds left.\n|\n|t:|1698202307\n|move|p1a: Kirby|Protect|p1a: Kirby\n|-singleturn|p1a: Kirby|Protect\n|move|p2a: Flutter Mane|Power Gem|p1b: Raphael\n|-supereffective|p1b: Raphael\n|-damage|p1b: Raphael|0 fnt\n|faint|p1b: Raphael\n|-curestatus|p2b: Tornadus|slp|[msg]\n|move|p2b: Tornadus|Bleakwind Storm|p1a: Kirby\n|-activate|p1a: Kirby|move: Protect\n|\n|-weather|none\n|-end|p2a: Flutter Mane|Protosynthesis\n|upkeep\n|turn|21\n|-message|notausername69 forfeited.\n|\n|win|GBarmada\n|raw|notausername69's rating: 1302 &rarr; <strong>1286<\/strong><br \/>(-16 for losing)\n|raw|GBarmada's rating: 1377 &rarr; <strong>1393<\/strong><br \/>(+16 for winning)\n|l|\u2606notausername69\n","uploadtime":1698202322,"views":15,"p1id":"notausername69","p2id":"gbarmada","formatid":"gen9doublesou","rating":1286,"private":0,"password":""}