{"id":"gen9doublesou-1992845633","p1":"kaelenheartful","p2":"cotesmcgotes","format":"[Gen 9] Doubles OU","log":"|j|\u2606kaelenheartful\n|j|\u2606cotesmcgotes\n|t:|1700240445\n|gametype|doubles\n|player|p1|kaelenheartful|rood|1134\n|player|p2|cotesmcgotes|flannery|1329\n|teamsize|p1|6\n|teamsize|p2|6\n|gen|9\n|tier|[Gen 9] Doubles OU\n|rated|\n|rule|Species Clause: Limit one of each Pok\u00e9mon\n|rule|OHKO Clause: OHKO moves are banned\n|rule|Evasion Moves Clause: Evasion moves are banned\n|rule|Gravity Sleep Clause: The combination of sleep-inducing moves with imperfect accuracy and Gravity or Gigantamax Orbeetle are banned\n|rule|Endless Battle Clause: Forcing endless battles is banned\n|rule|HP Percentage Mod: HP is shown in percentages\n|clearpoke\n|poke|p1|Iron Bundle|\n|poke|p1|Armarouge, F|\n|poke|p1|Indeedee-F, F|\n|poke|p1|Meowscarada, F|\n|poke|p1|Ditto|\n|poke|p1|Flamigo, F|\n|poke|p2|Cresselia, F|\n|poke|p2|Overqwil, F|\n|poke|p2|Tornadus, M|\n|poke|p2|Palafin, F|\n|poke|p2|Amoonguss, M|\n|poke|p2|Diancie|\n|teampreview\n|\n|t:|1700240467\n|start\n|switch|p1a: twin towers|Armarouge, F|100\/100\n|switch|p1b: Plane|Iron Bundle|100\/100\n|switch|p2a: Overqwil|Overqwil, F|100\/100\n|switch|p2b: Diancie|Diancie, shiny|100\/100\n|turn|1\n|inactive|Battle timer is ON: inactive players will automatically lose when time's up. (requested by cotesmcgotes)\n|\n|t:|1700240481\n|move|p1b: Plane|Flip Turn|p1a: twin towers\n|-supereffective|p1a: twin towers\n|-damage|p1a: twin towers|63\/100\n|-ability|p1a: twin towers|Weak Armor|boost\n|-unboost|p1a: twin towers|def|1\n|-boost|p1a: twin towers|spe|2\n|-enditem|p1a: twin towers|Weakness Policy\n|-boost|p1a: twin towers|atk|2|[from] item: Weakness Policy\n|-boost|p1a: twin towers|spa|2|[from] item: Weakness Policy\n|\n|t:|1700240486\n|-end|p1b: Plane|Quark Drive|[silent]\n|switch|p1b: The great wall|Indeedee-F, F, shiny|100\/100|[from] Flip Turn\n|-fieldstart|move: Psychic Terrain|[from] ability: Psychic Surge|[of] p1b: The great wall\n|move|p1a: twin towers|Expanding Force|p2b: Diancie|[spread] p2b\n|-immune|p2a: Overqwil\n|-damage|p2b: Diancie|4\/100\n|move|p2a: Overqwil|Crunch|p1a: twin towers\n|-supereffective|p1a: twin towers\n|-damage|p1a: twin towers|0 fnt\n|faint|p1a: twin towers\n|move|p2b: Diancie|Diamond Storm|p1b: The great wall\n|-damage|p1b: The great wall|26\/100\n|-boost|p2b: Diancie|def|2\n|\n|upkeep\n|\n|t:|1700240493\n|switch|p1a: Merchant|Meowscarada, F, shiny|100\/100\n|turn|2\n|\n|t:|1700240513\n|move|p1b: The great wall|Follow Me|p1b: The great wall\n|-singleturn|p1b: The great wall|move: Follow Me\n|move|p1a: Merchant|Play Rough|p2a: Overqwil\n|-damage|p2a: Overqwil|50\/100\n|move|p2a: Overqwil|Crunch|p1b: The great wall\n|-supereffective|p1b: The great wall\n|-damage|p1b: The great wall|0 fnt\n|faint|p1b: The great wall\n|move|p2b: Diancie|Diamond Storm|p1a: Merchant\n|-damage|p1a: Merchant|28\/100\n|\n|-heal|p2a: Overqwil|56\/100|[from] item: Black Sludge\n|upkeep\n|\n|t:|1700240518\n|switch|p1b: ttv\/LandonDawgs|Flamigo, F|100\/100\n|-copyboost|p1b: ttv\/LandonDawgs|p1a: Merchant|[from] ability: Costar\n|turn|3\n|inactive|cotesmcgotes has 120 seconds left.\n|\n|t:|1700240550\n|move|p1a: Merchant|Play Rough|p2a: Overqwil\n|-damage|p2a: Overqwil|11\/100\n|move|p1b: ttv\/LandonDawgs|Liquidation|p2b: Diancie\n|-supereffective|p2b: Diancie\n|-damage|p2b: Diancie|0 fnt\n|faint|p2b: Diancie\n|move|p2a: Overqwil|Barb Barrage|p1a: Merchant\n|-supereffective|p1a: Merchant\n|-damage|p1a: Merchant|0 fnt\n|faint|p1a: Merchant\n|\n|-heal|p2a: Overqwil|17\/100|[from] item: Black Sludge\n|upkeep\n|inactive|cotesmcgotes has 120 seconds left.\n|\n|t:|1700240602\n|switch|p1a: Gluck Gluck 9000|Ditto, shiny|100\/100\n|switch|p2b: Tornadus|Tornadus, M, shiny|100\/100\n|-transform|p1a: Gluck Gluck 9000|p2b: Tornadus|[from] ability: Imposter\n|turn|4\n|\n|t:|1700240620\n|move|p1a: Gluck Gluck 9000|Tailwind|p1a: Gluck Gluck 9000\n|-sidestart|p1: kaelenheartful|move: Tailwind\n|move|p2b: Tornadus|Tailwind|p2b: Tornadus\n|-sidestart|p2: cotesmcgotes|move: Tailwind\n|move|p1b: ttv\/LandonDawgs|Liquidation|p2a: Overqwil\n|-damage|p2a: Overqwil|0 fnt\n|faint|p2a: Overqwil\n|\n|upkeep\n|\n|t:|1700240629\n|switch|p2a: Palafin|Palafin, F|100\/100\n|turn|5\n|\n|t:|1700240643\n|switch|p1a: Plane|Iron Bundle|100\/100\n|move|p2b: Tornadus|Taunt|p1a: Plane\n|-activate|p1a: Plane|move: Psychic Terrain\n|move|p2a: Palafin|Flip Turn|p1b: ttv\/LandonDawgs\n|-damage|p1b: ttv\/LandonDawgs|70\/100\n|\n|t:|1700240654\n|detailschange|p2a: Palafin|Palafin-Hero, F\n|switch|p2a: Cresselia|Cresselia, F, shiny|100\/100|[from] Flip Turn\n|move|p1b: ttv\/LandonDawgs|Throat Chop|p2b: Tornadus\n|-damage|p2b: Tornadus|70\/100\n|-start|p2b: Tornadus|Throat Chop|[silent]\n|\n|upkeep\n|turn|6\n|\n|t:|1700240670\n|switch|p2b: Amoonguss|Amoonguss, M, shiny|100\/100\n|-terastallize|p2a: Cresselia|Electric\n|move|p1a: Plane|Freeze-Dry|p2b: Amoonguss\n|-supereffective|p2b: Amoonguss\n|-damage|p2b: Amoonguss|35\/100\n|move|p1b: ttv\/LandonDawgs|Throat Chop|p2a: Cresselia\n|-damage|p2a: Cresselia|82\/100\n|-start|p2a: Cresselia|Throat Chop|[silent]\n|move|p2a: Cresselia|Calm Mind|p2a: Cresselia\n|-boost|p2a: Cresselia|spa|1\n|-boost|p2a: Cresselia|spd|1\n|\n|-heal|p2a: Cresselia|88\/100|[from] item: Leftovers\n|upkeep\n|turn|7\n|\n|t:|1700240689\n|move|p1a: Plane|Freeze-Dry|p2b: Amoonguss\n|-supereffective|p2b: Amoonguss\n|-damage|p2b: Amoonguss|0 fnt\n|faint|p2b: Amoonguss\n|move|p1b: ttv\/LandonDawgs|Close Combat|p2a: Cresselia\n|-crit|p2a: Cresselia\n|-damage|p2a: Cresselia|32\/100\n|-unboost|p1b: ttv\/LandonDawgs|def|1\n|-unboost|p1b: ttv\/LandonDawgs|spd|1\n|-enditem|p1b: ttv\/LandonDawgs|White Herb\n|-clearnegativeboost|p1b: ttv\/LandonDawgs|[silent]\n|move|p2a: Cresselia|Moonblast|p1b: ttv\/LandonDawgs\n|-supereffective|p1b: ttv\/LandonDawgs\n|-damage|p1b: ttv\/LandonDawgs|0 fnt\n|faint|p1b: ttv\/LandonDawgs\n|\n|-heal|p2a: Cresselia|38\/100|[from] item: Leftovers\n|-end|p2a: Cresselia|Throat Chop|[silent]\n|-sideend|p1: kaelenheartful|move: Tailwind\n|-sideend|p2: cotesmcgotes|move: Tailwind\n|upkeep\n|\n|t:|1700240704\n|switch|p1b: Gluck Gluck 9000|Ditto, shiny|100\/100\n|switch|p2b: Tornadus|Tornadus, M, shiny|70\/100\n|-transform|p1b: Gluck Gluck 9000|p2a: Cresselia|[from] ability: Imposter\n|-start|p1b: Gluck Gluck 9000|typechange|Psychic|[silent]\n|turn|8\n|inactive|cotesmcgotes has 120 seconds left.\n|\n|t:|1700240738\n|move|p2b: Tornadus|Tailwind|p2b: Tornadus\n|-sidestart|p2: cotesmcgotes|move: Tailwind\n|move|p1a: Plane|Freeze-Dry|p2b: Tornadus\n|-supereffective|p2b: Tornadus\n|-damage|p2b: Tornadus|16\/100\n|move|p2a: Cresselia|Lunar Blessing|p2a: Cresselia|[spread] p2a,p2b\n|-heal|p2a: Cresselia|63\/100\n|-heal|p2b: Tornadus|41\/100\n|move|p1b: Gluck Gluck 9000|Calm Mind|p1b: Gluck Gluck 9000\n|-boost|p1b: Gluck Gluck 9000|spa|1\n|-boost|p1b: Gluck Gluck 9000|spd|1\n|\n|-heal|p2a: Cresselia|69\/100|[from] item: Leftovers\n|-fieldend|move: Psychic Terrain\n|upkeep\n|turn|9\n|\n|t:|1700240764\n|move|p2b: Tornadus|Taunt|p1b: Gluck Gluck 9000\n|-start|p1b: Gluck Gluck 9000|move: Taunt\n|move|p1a: Plane|Freeze-Dry|p2b: Tornadus\n|-supereffective|p2b: Tornadus\n|-damage|p2b: Tornadus|0 fnt\n|faint|p2b: Tornadus\n|move|p2a: Cresselia|Calm Mind|p2a: Cresselia\n|-boost|p2a: Cresselia|spa|1\n|-boost|p2a: Cresselia|spd|1\n|cant|p1b: Gluck Gluck 9000|move: Taunt|Calm Mind\n|\n|-heal|p2a: Cresselia|75\/100|[from] item: Leftovers\n|upkeep\n|\n|t:|1700240770\n|switch|p2b: Palafin|Palafin-Hero, F|100\/100\n|-activate|p2b: Palafin|ability: Zero to Hero\n|turn|10\n|\n|t:|1700240779\n|move|p2b: Palafin|Jet Punch|p1b: Gluck Gluck 9000\n|-damage|p1b: Gluck Gluck 9000|59\/100\n|move|p1a: Plane|Freeze-Dry|p2b: Palafin\n|-supereffective|p2b: Palafin\n|-damage|p2b: Palafin|51\/100\n|move|p2a: Cresselia|Stored Power|p1a: Plane\n|-damage|p1a: Plane|0 fnt\n|faint|p1a: Plane\n|-end|p1a: Plane|Quark Drive|[silent]\n|-activate|p1b: Gluck Gluck 9000|move: Struggle\n|move|p1b: Gluck Gluck 9000|Struggle|p2b: Palafin\n|-damage|p2b: Palafin|44\/100\n|-damage|p1b: Gluck Gluck 9000|34\/100|[from] recoil\n|\n|-heal|p2a: Cresselia|82\/100|[from] item: Leftovers\n|upkeep\n|turn|11\n|-message|kaelenheartful forfeited.\n|\n|win|cotesmcgotes\n|raw|kaelenheartful's rating: 1134 &rarr; <strong>1122<\/strong><br \/>(-12 for losing)\n|raw|cotesmcgotes's rating: 1329 &rarr; <strong>1339<\/strong><br \/>(+10 for winning)\n|l|\u2606kaelenheartful\n","uploadtime":1700240799,"views":9,"p1id":"kaelenheartful","p2id":"cotesmcgotes","formatid":"gen9doublesou","rating":1122,"private":0,"password":""}