{"id":"gen9doublesou-1971476402","p1":"GunnarRM","p2":"ITestSample1Here","format":"[Gen 9] Doubles OU","log":"|j|\u2606GunnarRM\n|j|\u2606ITestSample1Here\n|t:|1697741499\n|gametype|doubles\n|player|p1|GunnarRM|101|1408\n|player|p2|ITestSample1Here|shauna-masters|1508\n|teamsize|p1|6\n|teamsize|p2|6\n|gen|9\n|tier|[Gen 9] Doubles OU\n|rated|\n|rule|Species Clause: Limit one of each Pok\u00e9mon\n|rule|OHKO Clause: OHKO moves are banned\n|rule|Evasion Moves Clause: Evasion moves are banned\n|rule|Gravity Sleep Clause: The combination of sleep-inducing moves with imperfect accuracy and Gravity or Gigantamax Orbeetle are banned\n|rule|Endless Battle Clause: Forcing endless battles is banned\n|rule|HP Percentage Mod: HP is shown in percentages\n|clearpoke\n|poke|p1|Cresselia, F|\n|poke|p1|Ursaluna, M|\n|poke|p1|Rillaboom, M|\n|poke|p1|Volcanion|\n|poke|p1|Kleavor, M|\n|poke|p1|Flutter Mane|\n|poke|p2|Garganacl, M|\n|poke|p2|Cresselia, F|\n|poke|p2|Torkoal, M|\n|poke|p2|Flutter Mane|\n|poke|p2|Heatran, M|\n|poke|p2|Glimmora, F|\n|teampreview\n|inactive|Battle timer is ON: inactive players will automatically lose when time's up. (requested by ITestSample1Here)\n|inactive|ITestSample1Here has 120 seconds left.\n|\n|t:|1697741546\n|start\n|switch|p1a: Rillaboom|Rillaboom, M|100\/100\n|switch|p1b: Kleavor|Kleavor, M|100\/100\n|switch|p2a: Torkoal|Torkoal, M, shiny|100\/100\n|switch|p2b: Glimmora|Glimmora, F|100\/100\n|-fieldstart|move: Grassy Terrain|[from] ability: Grassy Surge|[of] p1a: Rillaboom\n|-weather|SunnyDay|[from] ability: Drought|[of] p2a: Torkoal\n|turn|1\n|\n|t:|1697741562\n|move|p1a: Rillaboom|Fake Out|p2a: Torkoal\n|-damage|p2a: Torkoal|91\/100\n|move|p1b: Kleavor|Brick Break|p2b: Glimmora\n|-damage|p2b: Glimmora|70\/100\n|-activate|p2b: Glimmora|ability: Toxic Debris\n|-sidestart|p1: GunnarRM|move: Toxic Spikes\n|move|p2b: Glimmora|Stealth Rock|p1a: Rillaboom\n|-sidestart|p1: GunnarRM|move: Stealth Rock\n|cant|p2a: Torkoal|flinch\n|\n|-weather|SunnyDay|[upkeep]\n|-heal|p2b: Glimmora|76\/100|[from] Grassy Terrain\n|-heal|p2a: Torkoal|97\/100|[from] Grassy Terrain\n|upkeep\n|turn|2\n|\n|t:|1697741591\n|switch|p1b: Flutter Mane|Flutter Mane|100\/100\n|-status|p1b: Flutter Mane|psn\n|-damage|p1b: Flutter Mane|88\/100 psn|[from] Stealth Rock\n|-activate|p1b: Flutter Mane|ability: Protosynthesis\n|-start|p1b: Flutter Mane|protosynthesisspe\n|move|p2b: Glimmora|Mortal Spin|p1b: Flutter Mane|[spread] p1a,p1b\n|-supereffective|p1a: Rillaboom\n|-damage|p1a: Rillaboom|93\/100\n|-damage|p1b: Flutter Mane|82\/100 psn\n|-status|p1a: Rillaboom|psn\n|move|p1a: Rillaboom|Wood Hammer|p2b: Glimmora\n|-damage|p2b: Glimmora|0 fnt\n|-activate|p2b: Glimmora|ability: Toxic Debris\n|-sidestart|p1: GunnarRM|move: Toxic Spikes\n|faint|p2b: Glimmora\n|-damage|p1a: Rillaboom|74\/100 psn|[from] Recoil\n|move|p2a: Torkoal|Heat Wave|p1b: Flutter Mane|[spread] p1a,p1b\n|-supereffective|p1a: Rillaboom\n|-damage|p1a: Rillaboom|11\/100 psn\n|-damage|p1b: Flutter Mane|50\/100 psn\n|\n|-weather|SunnyDay|[upkeep]\n|-heal|p1b: Flutter Mane|56\/100 psn|[from] Grassy Terrain\n|-heal|p1a: Rillaboom|17\/100 psn|[from] Grassy Terrain\n|-heal|p2a: Torkoal|100\/100|[from] Grassy Terrain\n|-damage|p1b: Flutter Mane|43\/100 psn|[from] psn\n|-damage|p1a: Rillaboom|5\/100 psn|[from] psn\n|upkeep\n|\n|t:|1697741610\n|switch|p2b: Flutter Mane|Flutter Mane|100\/100\n|-activate|p2b: Flutter Mane|ability: Protosynthesis\n|-start|p2b: Flutter Mane|protosynthesisspe\n|turn|3\n|\n|t:|1697741632\n|-end|p2b: Flutter Mane|Protosynthesis|[silent]\n|switch|p2b: Heatran|Heatran, M|100\/100\n|move|p1b: Flutter Mane|Moonblast|p2a: Torkoal\n|-resisted|p2a: Torkoal\n|-damage|p2a: Torkoal|60\/100\n|move|p1a: Rillaboom|Wood Hammer|p2b: Heatran\n|-resisted|p2b: Heatran\n|-damage|p2b: Heatran|84\/100\n|-damage|p1a: Rillaboom|0 fnt|[from] Recoil\n|faint|p1a: Rillaboom\n|move|p2a: Torkoal|Heat Wave|p1b: Flutter Mane\n|-crit|p1b: Flutter Mane\n|-damage|p1b: Flutter Mane|0 fnt\n|faint|p1b: Flutter Mane\n|-end|p1b: Flutter Mane|Protosynthesis|[silent]\n|\n|-weather|SunnyDay|[upkeep]\n|-heal|p2b: Heatran|90\/100|[from] Grassy Terrain\n|-heal|p2a: Torkoal|66\/100|[from] Grassy Terrain\n|upkeep\n|inactive|GunnarRM has 120 seconds left.\n|\n|t:|1697741649\n|switch|p1b: Cresselia|Cresselia, F|100\/100\n|switch|p1a: Ursaluna|Ursaluna, M|100\/100\n|-damage|p1b: Cresselia|88\/100|[from] Stealth Rock\n|-status|p1a: Ursaluna|tox\n|-damage|p1a: Ursaluna|94\/100 tox|[from] Stealth Rock\n|turn|4\n|\n|t:|1697741670\n|-terastallize|p2b: Heatran|Grass\n|move|p2b: Heatran|Heat Wave|p1b: Cresselia|[spread] p1a,p1b\n|-damage|p1a: Ursaluna|46\/100 tox\n|-damage|p1b: Cresselia|49\/100\n|move|p1a: Ursaluna|Swords Dance|p1a: Ursaluna\n|-boost|p1a: Ursaluna|atk|2\n|move|p2a: Torkoal|Heat Wave|p1b: Cresselia|[spread] p1a,p1b\n|-damage|p1a: Ursaluna|9\/100 tox\n|-damage|p1b: Cresselia|24\/100\n|-status|p1b: Cresselia|brn\n|move|p1b: Cresselia|Trick Room|p1b: Cresselia\n|-fieldstart|move: Trick Room|[of] p1b: Cresselia\n|\n|-weather|SunnyDay|[upkeep]\n|-heal|p2a: Torkoal|73\/100|[from] Grassy Terrain\n|-heal|p1a: Ursaluna|16\/100 tox|[from] Grassy Terrain\n|-heal|p2b: Heatran|96\/100|[from] Grassy Terrain\n|-damage|p1a: Ursaluna|9\/100 tox|[from] psn\n|-damage|p1b: Cresselia|18\/100 brn|[from] brn\n|upkeep\n|turn|5\n|\n|t:|1697741699\n|move|p2a: Torkoal|Heat Wave|p1a: Ursaluna|[spread] p1a,p1b\n|-damage|p1a: Ursaluna|0 fnt\n|-damage|p1b: Cresselia|0 fnt\n|faint|p1a: Ursaluna\n|faint|p1b: Cresselia\n|move|p2b: Heatran|Heat Wave|p1: Ursaluna|[notarget]\n|-fail|p2b: Heatran\n|\n|-weather|SunnyDay|[upkeep]\n|-heal|p2a: Torkoal|79\/100|[from] Grassy Terrain\n|-heal|p2b: Heatran|100\/100|[from] Grassy Terrain\n|-fieldend|move: Grassy Terrain\n|upkeep\n|\n|t:|1697741703\n|switch|p1a: Volcanion|Volcanion|100\/100\n|switch|p1b: Kleavor|Kleavor, M|100\/100\n|-status|p1a: Volcanion|tox\n|-damage|p1a: Volcanion|76\/100 tox|[from] Stealth Rock\n|-status|p1b: Kleavor|tox\n|-damage|p1b: Kleavor|76\/100 tox|[from] Stealth Rock\n|turn|6\n|\n|t:|1697741716\n|move|p2a: Torkoal|Heat Wave|p1a: Volcanion|[spread] p1a,p1b\n|-resisted|p1a: Volcanion\n|-damage|p1a: Volcanion|69\/100 tox\n|-damage|p1b: Kleavor|10\/100 tox\n|move|p1a: Volcanion|Earth Power|p2a: Torkoal\n|-supereffective|p2a: Torkoal\n|-damage|p2a: Torkoal|0 fnt\n|faint|p2a: Torkoal\n|move|p2b: Heatran|Heat Wave|p1b: Kleavor|[spread] p1a,p1b\n|-resisted|p1a: Volcanion\n|-crit|p1a: Volcanion\n|-damage|p1a: Volcanion|56\/100 tox\n|-damage|p1b: Kleavor|0 fnt\n|faint|p1b: Kleavor\n|\n|-weather|SunnyDay|[upkeep]\n|-damage|p1a: Volcanion|50\/100 tox|[from] psn\n|upkeep\n|\n|t:|1697741720\n|switch|p2a: Flutter Mane|Flutter Mane|100\/100\n|-activate|p2a: Flutter Mane|ability: Protosynthesis\n|-start|p2a: Flutter Mane|protosynthesisspe\n|turn|7\n|\n|t:|1697741725\n|move|p1a: Volcanion|Heat Wave|p2a: Flutter Mane|[spread] p2a\n|-start|p2b: Heatran|ability: Flash Fire\n|-damage|p2a: Flutter Mane|41\/100\n|move|p2b: Heatran|Earth Power|p1a: Volcanion\n|-supereffective|p1a: Volcanion\n|-damage|p1a: Volcanion|7\/100 tox\n|move|p2a: Flutter Mane|Shadow Ball|p1a: Volcanion\n|-damage|p1a: Volcanion|0 fnt\n|faint|p1a: Volcanion\n|\n|win|ITestSample1Here\n|raw|GunnarRM's rating: 1408 &rarr; <strong>1394<\/strong><br \/>(-14 for losing)\n|raw|ITestSample1Here's rating: 1508 &rarr; <strong>1522<\/strong><br \/>(+14 for winning)\n","uploadtime":1697741730,"views":8,"p1id":"gunnarrm","p2id":"itestsample1here","formatid":"gen9doublesou","rating":1394,"private":0,"password":""}