{"id":"gen9doublesou-1970017496","p1":"StephenStone1130","p2":"Leaguespinsir2.0","format":"[Gen 9] Doubles OU","log":"|j|\u2606StephenStone1130\n|j|\u2606Leaguespinsir2.0\n|t:|1697585561\n|gametype|doubles\n|player|p1|StephenStone1130|1|\n|player|p2|Leaguespinsir2.0|1|\n|teamsize|p1|6\n|teamsize|p2|6\n|gen|9\n|tier|[Gen 9] Doubles OU\n|rule|Species Clause: Limit one of each Pok\u00e9mon\n|rule|OHKO Clause: OHKO moves are banned\n|rule|Evasion Moves Clause: Evasion moves are banned\n|rule|Gravity Sleep Clause: The combination of sleep-inducing moves with imperfect accuracy and Gravity or Gigantamax Orbeetle are banned\n|rule|Endless Battle Clause: Forcing endless battles is banned\n|rule|HP Percentage Mod: HP is shown in percentages\n|clearpoke\n|poke|p1|Krookodile, F|\n|poke|p1|Cresselia, F|\n|poke|p1|Gyarados, M|\n|poke|p1|Iron Jugulis|\n|poke|p1|Lucario, F|\n|poke|p1|Typhlosion-Hisui, F|\n|poke|p2|Roaring Moon|\n|poke|p2|Tyranitar, M|\n|poke|p2|Vikavolt, F|\n|poke|p2|Houndoom, M|\n|poke|p2|Goodra-Hisui, M|\n|poke|p2|Torterra, F|\n|teampreview\n|\n|t:|1697585575\n|start\n|switch|p1a: Krookodile|Krookodile, F|100\/100\n|switch|p1b: Gyarados|Gyarados, M|100\/100\n|switch|p2a: Vikavolt|Vikavolt, F|100\/100\n|switch|p2b: Tyranitar|Tyranitar, M|100\/100\n|-ability|p1b: Gyarados|Intimidate|boost\n|-unboost|p2a: Vikavolt|atk|1\n|-unboost|p2b: Tyranitar|atk|1\n|-weather|Sandstorm|[from] ability: Sand Stream|[of] p2b: Tyranitar\n|turn|1\n|j| Kevin Dickey12\n|\n|t:|1697585616\n|-terastallize|p1b: Gyarados|Fighting\n|move|p1a: Krookodile|Rock Slide|p2a: Vikavolt|[spread] p2a,p2b\n|-supereffective|p2a: Vikavolt\n|-damage|p2a: Vikavolt|63\/100\n|-damage|p2b: Tyranitar|83\/100\n|move|p1b: Gyarados|Tera Blast|p2b: Tyranitar|[anim] Tera Blast Fighting\n|-supereffective|p2b: Tyranitar\n|-damage|p2b: Tyranitar|0 fnt\n|faint|p2b: Tyranitar\n|cant|p2a: Vikavolt|flinch\n|\n|-weather|Sandstorm|[upkeep]\n|-damage|p1b: Gyarados|94\/100|[from] Sandstorm\n|-damage|p2a: Vikavolt|56\/100|[from] Sandstorm\n|upkeep\n|\n|t:|1697585633\n|switch|p2b: Houndoom|Houndoom, M|100\/100\n|turn|2\n|\n|t:|1697585658\n|-terastallize|p2b: Houndoom|Dark\n|move|p1a: Krookodile|Rock Slide|p2a: Vikavolt|[spread] p2b\n|-miss|p1a: Krookodile|p2a: Vikavolt\n|-damage|p2b: Houndoom|66\/100\n|cant|p2b: Houndoom|flinch\n|move|p1b: Gyarados|Dragon Dance|p1b: Gyarados\n|-boost|p1b: Gyarados|atk|1\n|-boost|p1b: Gyarados|spe|1\n|move|p2a: Vikavolt|Poison Jab|p1b: Gyarados\n|-damage|p1b: Gyarados|82\/100\n|\n|-weather|Sandstorm|[upkeep]\n|-damage|p1b: Gyarados|76\/100|[from] Sandstorm\n|-damage|p2b: Houndoom|60\/100|[from] Sandstorm\n|-damage|p2a: Vikavolt|50\/100|[from] Sandstorm\n|upkeep\n|turn|3\n|\n|t:|1697585691\n|switch|p2a: Torterra|Torterra, F|100\/100\n|move|p1a: Krookodile|Rock Slide|p2a: Torterra|[spread] p2a,p2b\n|-resisted|p2a: Torterra\n|-damage|p2a: Torterra|91\/100\n|-damage|p2b: Houndoom|21\/100\n|move|p1b: Gyarados|Tera Blast|p2b: Houndoom|[anim] Tera Blast Fighting\n|-supereffective|p2b: Houndoom\n|-damage|p2b: Houndoom|0 fnt\n|faint|p2b: Houndoom\n|\n|-weather|Sandstorm|[upkeep]\n|-damage|p1b: Gyarados|70\/100|[from] Sandstorm\n|upkeep\n|j| Redzone92\n|\n|t:|1697585709\n|switch|p2b: Goodra|Goodra-Hisui, M|100\/100\n|turn|4\n|\n|t:|1697585736\n|switch|p1a: Typhlosion|Typhlosion-Hisui, F|100\/100\n|-item|p2a: Torterra|Loaded Dice|[from] ability: Frisk|[of] p1a: Typhlosion|[identify]\n|-item|p2b: Goodra|Leftovers|[from] ability: Frisk|[of] p1a: Typhlosion|[identify]\n|move|p1b: Gyarados|Tera Blast|p2b: Goodra|[anim] Tera Blast Fighting\n|-supereffective|p2b: Goodra\n|-damage|p2b: Goodra|5\/100\n|move|p2a: Torterra|Rock Blast|p1a: Typhlosion\n|-supereffective|p1a: Typhlosion\n|-damage|p1a: Typhlosion|74\/100\n|-supereffective|p1a: Typhlosion\n|-damage|p1a: Typhlosion|50\/100\n|-supereffective|p1a: Typhlosion\n|-damage|p1a: Typhlosion|24\/100\n|-supereffective|p1a: Typhlosion\n|-damage|p1a: Typhlosion|0 fnt\n|faint|p1a: Typhlosion\n|-hitcount|p1: Typhlosion|4\n|move|p2b: Goodra|Dragon Tail|p1b: Gyarados\n|-damage|p1b: Gyarados|46\/100\n|drag|p1b: Krookodile|Krookodile, F|100\/100\n|\n|-weather|Sandstorm|[upkeep]\n|-heal|p2b: Goodra|11\/100|[from] item: Leftovers\n|upkeep\n|\n|t:|1697585760\n|switch|p1a: Gyarados|Gyarados, M, tera:Fighting|46\/100\n|-ability|p1a: Gyarados|Intimidate|boost\n|-unboost|p2a: Torterra|atk|1\n|-unboost|p2b: Goodra|atk|1\n|turn|5\n|\n|t:|1697585795\n|switch|p1b: Cresselia|Cresselia, F|100\/100\n|switch|p2a: Roaring Moon|Roaring Moon|100\/100\n|-enditem|p2a: Roaring Moon|Booster Energy\n|-activate|p2a: Roaring Moon|ability: Protosynthesis|[fromitem]\n|-start|p2a: Roaring Moon|protosynthesisspe\n|move|p1a: Gyarados|Tera Blast|p2b: Goodra|[anim] Tera Blast Fighting\n|-supereffective|p2b: Goodra\n|-damage|p2b: Goodra|0 fnt\n|faint|p2b: Goodra\n|\n|-weather|none\n|upkeep\n|\n|t:|1697585810\n|switch|p2b: Torterra|Torterra, F|91\/100\n|turn|6\n|\n|t:|1697585837\n|move|p1b: Cresselia|Protect|p1b: Cresselia\n|-singleturn|p1b: Cresselia|Protect\n|move|p2a: Roaring Moon|Dragon Claw|p1a: Gyarados\n|-damage|p1a: Gyarados|0 fnt\n|faint|p1a: Gyarados\n|move|p2b: Torterra|Rock Blast|p1b: Cresselia\n|-activate|p1b: Cresselia|move: Protect\n|\n|upkeep\n|\n|t:|1697585865\n|switch|p1a: Krookodile|Krookodile, F|100\/100\n|turn|7\n|\n|t:|1697585895\n|switch|p2b: Vikavolt|Vikavolt, F|50\/100\n|switch|p1b: Lucario|Lucario, F|100\/100\n|move|p2a: Roaring Moon|Dragon Claw|p1a: Krookodile\n|-damage|p1a: Krookodile|50\/100\n|move|p1a: Krookodile|Close Combat|p2a: Roaring Moon\n|-supereffective|p2a: Roaring Moon\n|-damage|p2a: Roaring Moon|0 fnt\n|-unboost|p1a: Krookodile|def|1\n|-unboost|p1a: Krookodile|spd|1\n|faint|p2a: Roaring Moon\n|-end|p2a: Roaring Moon|Protosynthesis|[silent]\n|-ability|p1a: Krookodile|Moxie|boost\n|-boost|p1a: Krookodile|atk|1\n|\n|upkeep\n|\n|t:|1697585912\n|switch|p2a: Torterra|Torterra, F|91\/100\n|turn|8\n|\n|t:|1697585930\n|move|p1a: Krookodile|Close Combat|p2a: Torterra\n|-damage|p2a: Torterra|32\/100\n|-unboost|p1a: Krookodile|def|1\n|-unboost|p1a: Krookodile|spd|1\n|move|p1b: Lucario|Swords Dance|p1b: Lucario\n|-boost|p1b: Lucario|atk|2\n|move|p2a: Torterra|Seed Bomb|p1a: Krookodile\n|-supereffective|p1a: Krookodile\n|-damage|p1a: Krookodile|0 fnt\n|faint|p1a: Krookodile\n|move|p2b: Vikavolt|Thunderbolt|p1b: Lucario\n|-enditem|p1b: Lucario|Focus Sash\n|-damage|p1b: Lucario|1\/100\n|\n|upkeep\n|\n|t:|1697585946\n|switch|p1a: Iron Jugulis|Iron Jugulis|100\/100\n|-enditem|p1a: Iron Jugulis|Booster Energy\n|-activate|p1a: Iron Jugulis|ability: Quark Drive|[fromitem]\n|-start|p1a: Iron Jugulis|quarkdrivespe\n|turn|9\n|\n|t:|1697585960\n|move|p1a: Iron Jugulis|Flamethrower|p2b: Vikavolt\n|-supereffective|p2b: Vikavolt\n|-damage|p2b: Vikavolt|0 fnt\n|faint|p2b: Vikavolt\n|move|p1b: Lucario|Drain Punch|p2a: Torterra\n|-damage|p2a: Torterra|0 fnt\n|-heal|p1b: Lucario|20\/100|[from] drain|[of] p2a: Torterra\n|faint|p2a: Torterra\n|\n|win|StephenStone1130\n","uploadtime":1697585975,"views":25,"p1id":"stephenstone1130","p2id":"leaguespinsir20","formatid":"gen9doublesou","rating":0,"private":0,"password":""}