{"id":"gen9doublesou-1979629256","p1":"SyIver1000","p2":"Rodrigo1543","format":"[Gen 9] Doubles OU","log":"|j|\u2606SyIver1000\n|j|\u2606Rodrigo1543\n|t:|1698698087\n|gametype|doubles\n|player|p1|SyIver1000|cynthia|1098\n|player|p2|Rodrigo1543|roughneck|1200\n|teamsize|p1|6\n|teamsize|p2|6\n|gen|9\n|tier|[Gen 9] Doubles OU\n|rated|\n|rule|Species Clause: Limit one of each Pok\u00e9mon\n|rule|OHKO Clause: OHKO moves are banned\n|rule|Evasion Moves Clause: Evasion moves are banned\n|rule|Gravity Sleep Clause: The combination of sleep-inducing moves with imperfect accuracy and Gravity or Gigantamax Orbeetle are banned\n|rule|Endless Battle Clause: Forcing endless battles is banned\n|rule|HP Percentage Mod: HP is shown in percentages\n|clearpoke\n|poke|p1|Torterra, M|\n|poke|p1|Ogerpon-Wellspring, F|\n|poke|p1|Farigiraf, M|\n|poke|p1|Glimmora, F|\n|poke|p1|Diancie|\n|poke|p1|Corviknight, F|\n|poke|p2|Heracross, M|\n|poke|p2|Glimmora, F|\n|poke|p2|Ting-Lu|\n|poke|p2|Indeedee-F, F|\n|poke|p2|Arcanine, M|\n|poke|p2|Murkrow, M|\n|teampreview\n|inactive|Battle timer is ON: inactive players will automatically lose when time's up. (requested by Rodrigo1543)\n|\n|t:|1698698113\n|start\n|switch|p1a: Torterra|Torterra, M|100\/100\n|switch|p1b: Ogerpon|Ogerpon-Wellspring, F|100\/100\n|switch|p2a: Glimmora|Glimmora, F, shiny|100\/100\n|switch|p2b: Murkrow|Murkrow, M|100\/100\n|turn|1\n|\n|t:|1698698133\n|move|p1b: Ogerpon|Follow Me|p1b: Ogerpon\n|-singleturn|p1b: Ogerpon|move: Follow Me\n|move|p2b: Murkrow|Tailwind|p2b: Murkrow\n|-sidestart|p2: Rodrigo1543|move: Tailwind\n|move|p2a: Glimmora|Mortal Spin|p1a: Torterra|[spread] p1a,p1b\n|-supereffective|p1b: Ogerpon\n|-damage|p1a: Torterra|97\/100\n|-damage|p1b: Ogerpon|94\/100\n|-status|p1a: Torterra|psn\n|-status|p1b: Ogerpon|psn\n|move|p1a: Torterra|Shell Smash|p1a: Torterra\n|-unboost|p1a: Torterra|def|1\n|-unboost|p1a: Torterra|spd|1\n|-boost|p1a: Torterra|atk|2\n|-boost|p1a: Torterra|spa|2\n|-boost|p1a: Torterra|spe|2\n|\n|-damage|p1a: Torterra|84\/100 psn|[from] psn\n|-damage|p1b: Ogerpon|82\/100 psn|[from] psn\n|upkeep\n|turn|2\n|\n|t:|1698698154\n|move|p1b: Ogerpon|Follow Me|p1b: Ogerpon\n|-singleturn|p1b: Ogerpon|move: Follow Me\n|move|p2b: Murkrow|Haze|p2b: Murkrow\n|-clearallboost\n|move|p2a: Glimmora|Venoshock|p1b: Ogerpon\n|-supereffective|p1b: Ogerpon\n|-damage|p1b: Ogerpon|0 fnt\n|faint|p1b: Ogerpon\n|move|p1a: Torterra|Shell Smash|p1a: Torterra\n|-unboost|p1a: Torterra|def|1\n|-unboost|p1a: Torterra|spd|1\n|-boost|p1a: Torterra|atk|2\n|-boost|p1a: Torterra|spa|2\n|-boost|p1a: Torterra|spe|2\n|\n|-damage|p1a: Torterra|72\/100 psn|[from] psn\n|upkeep\n|inactive|SyIver1000 has 120 seconds left.\n|\n|t:|1698698172\n|switch|p1b: Farigiraf|Farigiraf, M|100\/100\n|turn|3\n|\n|t:|1698698184\n|move|p2b: Murkrow|Haze|p2b: Murkrow\n|-clearallboost\n|move|p2a: Glimmora|Mortal Spin|p1a: Torterra|[spread] p1a,p1b\n|-damage|p1a: Torterra|68\/100 psn\n|-damage|p1b: Farigiraf|96\/100\n|move|p1a: Torterra|Rock Blast|p2b: Murkrow\n|-supereffective|p2b: Murkrow\n|-damage|p2b: Murkrow|83\/100\n|-supereffective|p2b: Murkrow\n|-damage|p2b: Murkrow|67\/100\n|-supereffective|p2b: Murkrow\n|-damage|p2b: Murkrow|49\/100\n|-supereffective|p2b: Murkrow\n|-damage|p2b: Murkrow|33\/100\n|-supereffective|p2b: Murkrow\n|-damage|p2b: Murkrow|15\/100\n|-hitcount|p2b: Murkrow|5\n|move|p1b: Farigiraf|Trick Room|p1b: Farigiraf\n|-fieldstart|move: Trick Room|[of] p1b: Farigiraf\n|\n|-damage|p1a: Torterra|56\/100 psn|[from] psn\n|upkeep\n|turn|4\n|inactive|SyIver1000 has 120 seconds left.\n|\n|t:|1698698215\n|switch|p2b: Ting-Lu|Ting-Lu|100\/100\n|-ability|p2b: Ting-Lu|Vessel of Ruin\n|move|p1b: Farigiraf|Ally Switch|p1b: Farigiraf\n|swap|p1b: Farigiraf|0|[from] move: Ally Switch\n|move|p1b: Torterra|Rock Blast|p2b: Ting-Lu|[miss]\n|-miss|p1b: Torterra|p2b: Ting-Lu\n|move|p2a: Glimmora|Venoshock|p1a: Farigiraf\n|-damage|p1a: Farigiraf|77\/100\n|\n|-damage|p1b: Torterra|43\/100 psn|[from] psn\n|-sideend|p2: Rodrigo1543|move: Tailwind\n|upkeep\n|turn|5\n|\n|t:|1698698231\n|switch|p2b: Arcanine|Arcanine, M|100\/100\n|-ability|p2b: Arcanine|Intimidate|boost\n|-unboost|p1a: Farigiraf|atk|1\n|-unboost|p1b: Torterra|atk|1\n|move|p1a: Farigiraf|Protect||[still]\n|-fail|p1a: Farigiraf\n|move|p1b: Torterra|Earthquake|p2b: Arcanine|[spread] p1a,p2a,p2b\n|-supereffective|p2a: Glimmora\n|-supereffective|p2b: Arcanine\n|-damage|p1a: Farigiraf|53\/100\n|-enditem|p2a: Glimmora|Focus Sash\n|-damage|p2a: Glimmora|1\/100\n|-damage|p2b: Arcanine|58\/100\n|move|p2a: Glimmora|Venoshock|p1b: Torterra\n|-damage|p1b: Torterra|0 fnt\n|faint|p1b: Torterra\n|\n|-heal|p2b: Arcanine|64\/100|[from] item: Leftovers\n|upkeep\n|inactive|SyIver1000 has 120 seconds left.\n|\n|t:|1698698249\n|switch|p1b: Diancie|Diancie|100\/100\n|turn|6\n|\n|t:|1698698261\n|move|p2a: Glimmora|Spiky Shield|p2a: Glimmora\n|-singleturn|p2a: Glimmora|move: Protect\n|move|p1a: Farigiraf|Ally Switch|p1a: Farigiraf\n|swap|p1a: Farigiraf|1|[from] move: Ally Switch\n|move|p1a: Diancie|Diamond Storm|p2a: Glimmora|[spread] p2b\n|-activate|p2a: Glimmora|move: Protect\n|-supereffective|p2b: Arcanine\n|-damage|p2b: Arcanine|9\/100\n|-boost|p1a: Diancie|def|2\n|move|p2b: Arcanine|Snarl|p1a: Diancie|[spread] p1a,p1b\n|-resisted|p1a: Diancie\n|-supereffective|p1b: Farigiraf\n|-damage|p1a: Diancie|98\/100\n|-damage|p1b: Farigiraf|41\/100\n|\n|-heal|p1a: Diancie|100\/100|[from] item: Leftovers\n|-heal|p2b: Arcanine|15\/100|[from] item: Leftovers\n|upkeep\n|turn|7\n|\n|t:|1698698283\n|switch|p2b: Ting-Lu|Ting-Lu|100\/100\n|-ability|p2b: Ting-Lu|Vessel of Ruin\n|move|p1b: Farigiraf|Protect|p1b: Farigiraf\n|-singleturn|p1b: Farigiraf|Protect\n|move|p1a: Diancie|Diamond Storm|p2a: Glimmora|[spread] p2a\n|-miss|p1a: Diancie|p2b: Ting-Lu\n|-damage|p2a: Glimmora|0 fnt\n|faint|p2a: Glimmora\n|\n|-fieldend|move: Trick Room\n|upkeep\n|\n|t:|1698698297\n|switch|p2a: Heracross|Heracross, M|100\/100\n|turn|8\n|\n|t:|1698698318\n|-terastallize|p2a: Heracross|Rock\n|move|p2a: Heracross|Pin Missile|p1b: Farigiraf\n|-supereffective|p1b: Farigiraf\n|-damage|p1b: Farigiraf|11\/100\n|-supereffective|p1b: Farigiraf\n|-damage|p1b: Farigiraf|0 fnt\n|faint|p1b: Farigiraf\n|-ability|p2a: Heracross|Moxie|boost\n|-boost|p2a: Heracross|atk|1\n|-hitcount|p1: Farigiraf|2\n|move|p2b: Ting-Lu|Sand Tomb|p1a: Diancie\n|-supereffective|p1a: Diancie\n|-damage|p1a: Diancie|88\/100\n|-activate|p1a: Diancie|move: Sand Tomb|[of] p2b: Ting-Lu\n|move|p1a: Diancie|Iron Defense|p1a: Diancie\n|-boost|p1a: Diancie|def|2\n|\n|-heal|p1a: Diancie|94\/100|[from] item: Leftovers\n|-damage|p1a: Diancie|82\/100|[from] move: Sand Tomb|[partiallytrapped]\n|upkeep\n|\n|t:|1698698328\n|switch|p1b: Glimmora|Glimmora, F|100\/100\n|turn|9\n|\n|t:|1698698343\n|switch|p2b: Arcanine|Arcanine, M|15\/100\n|-ability|p2b: Arcanine|Intimidate|boost\n|-fail|p1a: Diancie|unboost|[from] ability: Clear Body|[of] p1a: Diancie\n|-unboost|p1b: Glimmora|atk|1\n|move|p2a: Heracross|Protect|p2a: Heracross\n|-singleturn|p2a: Heracross|Protect\n|move|p1b: Glimmora|Mortal Spin|p2a: Heracross|[spread] p2b\n|-activate|p2a: Heracross|move: Protect\n|-damage|p2b: Arcanine|12\/100\n|-status|p2b: Arcanine|psn\n|move|p1a: Diancie|Body Press|p2a: Heracross\n|-activate|p2a: Heracross|move: Protect\n|\n|-heal|p2b: Arcanine|18\/100 psn|[from] item: Leftovers\n|-heal|p1a: Diancie|88\/100|[from] item: Leftovers\n|-damage|p2b: Arcanine|5\/100 psn|[from] psn\n|-end|p1a: Diancie|Sand Tomb|[partiallytrapped]|[silent]\n|upkeep\n|turn|10\n|\n|t:|1698698367\n|switch|p2a: Indeedee|Indeedee-F, F|100\/100\n|-fieldstart|move: Psychic Terrain|[from] ability: Psychic Surge|[of] p2a: Indeedee\n|-enditem|p2a: Indeedee|Psychic Seed\n|-boost|p2a: Indeedee|spd|1|[from] item: Psychic Seed\n|move|p2b: Arcanine|Flare Blitz|p1a: Diancie\n|-resisted|p1a: Diancie\n|-damage|p1a: Diancie|82\/100\n|-damage|p2b: Arcanine|4\/100 psn|[from] Recoil\n|move|p1b: Glimmora|Mortal Spin|p2a: Indeedee|[spread] p2a,p2b\n|-damage|p2a: Indeedee|98\/100\n|-damage|p2b: Arcanine|0 fnt\n|-status|p2a: Indeedee|psn\n|faint|p2b: Arcanine\n|move|p1a: Diancie|Diamond Storm|p2a: Indeedee\n|-damage|p2a: Indeedee|68\/100 psn\n|-boost|p1a: Diancie|def|2\n|\n|-heal|p1a: Diancie|88\/100|[from] item: Leftovers\n|-damage|p2a: Indeedee|55\/100 psn|[from] psn\n|upkeep\n|\n|t:|1698698375\n|switch|p2b: Murkrow|Murkrow, M|15\/100\n|turn|11\n|\n|t:|1698698397\n|move|p2b: Murkrow|Haze|p2b: Murkrow\n|-clearallboost\n|move|p2a: Indeedee|Heal Pulse|p2b: Murkrow\n|-heal|p2b: Murkrow|65\/100\n|move|p1b: Glimmora|Sludge Wave|p2b: Murkrow|[spread] p1a,p2a,p2b\n|-damage|p1a: Diancie|64\/100\n|-damage|p2a: Indeedee|27\/100 psn\n|-damage|p2b: Murkrow|32\/100\n|move|p1a: Diancie|Diamond Storm|p2b: Murkrow|[spread] p2a,p2b\n|-supereffective|p2b: Murkrow\n|-damage|p2a: Indeedee|3\/100 psn\n|-damage|p2b: Murkrow|0 fnt\n|-boost|p1a: Diancie|def|2\n|faint|p2b: Murkrow\n|\n|-heal|p1a: Diancie|71\/100|[from] item: Leftovers\n|-damage|p2a: Indeedee|0 fnt|[from] psn\n|faint|p2a: Indeedee\n|upkeep\n|\n|t:|1698698404\n|switch|p2b: Ting-Lu|Ting-Lu|100\/100\n|switch|p2a: Heracross|Heracross, M, tera:Rock|100\/100\n|-ability|p2b: Ting-Lu|Vessel of Ruin\n|turn|12\n|-message|Rodrigo1543 forfeited.\n|\n|win|SyIver1000\n|raw|SyIver1000's rating: 1098 &rarr; <strong>1131<\/strong><br \/>(+33 for winning)\n|raw|Rodrigo1543's rating: 1200 &rarr; <strong>1168<\/strong><br \/>(-32 for losing)\n|l|\u2606Rodrigo1543\n","uploadtime":1698698424,"views":11,"p1id":"syiver1000","p2id":"rodrigo1543","formatid":"gen9doublesou","rating":1131,"private":0,"password":""}