{"id":"gen9doublesou-1999873606","p1":"pedrotic","p2":"Jtsmith86","format":"[Gen 9] Doubles OU","log":"|j|\u2606pedrotic\n|j|\u2606Jtsmith86\n|t:|1701125045\n|gametype|doubles\n|player|p1|pedrotic|wallace|1139\n|player|p2|Jtsmith86|ethan|1180\n|teamsize|p1|6\n|teamsize|p2|6\n|gen|9\n|tier|[Gen 9] Doubles OU\n|rated|\n|rule|Species Clause: Limit one of each Pok\u00e9mon\n|rule|OHKO Clause: OHKO moves are banned\n|rule|Evasion Moves Clause: Evasion moves are banned\n|rule|Gravity Sleep Clause: The combination of sleep-inducing moves with imperfect accuracy and Gravity or Gigantamax Orbeetle are banned\n|rule|Endless Battle Clause: Forcing endless battles is banned\n|rule|HP Percentage Mod: HP is shown in percentages\n|clearpoke\n|poke|p1|Quaquaval, M|\n|poke|p1|Indeedee-F, F|\n|poke|p1|Sylveon, M|\n|poke|p1|Cresselia, F|\n|poke|p1|Volcarona, F|\n|poke|p1|Oricorio-Pom-Pom, F|\n|poke|p2|Gyarados, F|\n|poke|p2|Garganacl, M|\n|poke|p2|Landorus-Therian, M|\n|poke|p2|Eelektross, M|\n|poke|p2|Garchomp, F|\n|poke|p2|Bisharp, M|\n|teampreview\n|inactive|Battle timer is ON: inactive players will automatically lose when time's up. (requested by pedrotic)\n|inactive|Jtsmith86 has 120 seconds left.\n|\n|t:|1701125089\n|start\n|switch|p1a: Quaquaval|Quaquaval, M|100\/100\n|switch|p1b: Indeedee|Indeedee-F, F|100\/100\n|switch|p2a: Garganacl|Garganacl, M, shiny|100\/100\n|switch|p2b: Gyarados|Gyarados, F, shiny|100\/100\n|-fieldstart|move: Psychic Terrain|[from] ability: Psychic Surge|[of] p1b: Indeedee\n|-enditem|p1b: Indeedee|Psychic Seed\n|-boost|p1b: Indeedee|spd|1|[from] item: Psychic Seed\n|turn|1\n|inactive|Jtsmith86 has 120 seconds left.\n|\n|t:|1701125139\n|-terastallize|p1a: Quaquaval|Electric\n|move|p1b: Indeedee|Follow Me|p1b: Indeedee\n|-singleturn|p1b: Indeedee|move: Follow Me\n|move|p2b: Gyarados|Waterfall|p1b: Indeedee\n|-damage|p1b: Indeedee|45\/100\n|move|p1a: Quaquaval|Swords Dance|p1a: Quaquaval\n|-boost|p1a: Quaquaval|atk|2\n|move|p2a: Garganacl|Iron Defense|p2a: Garganacl\n|-boost|p2a: Garganacl|def|2\n|\n|upkeep\n|turn|2\n|inactive|Jtsmith86 has 120 seconds left.\n|\n|t:|1701125161\n|move|p1b: Indeedee|Follow Me|p1b: Indeedee\n|-singleturn|p1b: Indeedee|move: Follow Me\n|move|p2b: Gyarados|Earthquake|p1a: Quaquaval|[spread] p2a,p1a,p1b\n|-supereffective|p2a: Garganacl\n|-supereffective|p1a: Quaquaval\n|-damage|p2a: Garganacl|81\/100\n|-damage|p1a: Quaquaval|23\/100\n|-damage|p1b: Indeedee|9\/100\n|move|p1a: Quaquaval|Aqua Step|p2a: Garganacl\n|-supereffective|p2a: Garganacl\n|-damage|p2a: Garganacl|23\/100\n|-boost|p1a: Quaquaval|spe|1\n|move|p2a: Garganacl|Iron Defense|p2a: Garganacl\n|-boost|p2a: Garganacl|def|2\n|\n|-heal|p1a: Quaquaval|29\/100|[from] item: Leftovers\n|-heal|p2a: Garganacl|29\/100|[from] item: Leftovers\n|upkeep\n|turn|3\n|inactive|Jtsmith86 has 120 seconds left.\n|\n|t:|1701125183\n|-terastallize|p2b: Gyarados|Normal\n|move|p2a: Garganacl|Helping Hand|p2b: Gyarados\n|-singleturn|p2b: Gyarados|Helping Hand|[of] p2a: Garganacl\n|move|p1a: Quaquaval|Aqua Step|p2a: Garganacl\n|-supereffective|p2a: Garganacl\n|-damage|p2a: Garganacl|0 fnt\n|-boost|p1a: Quaquaval|spe|1\n|faint|p2a: Garganacl\n|-ability|p1a: Quaquaval|Moxie|boost\n|-boost|p1a: Quaquaval|atk|1\n|move|p2b: Gyarados|Earthquake|p1a: Quaquaval|[spread] p1a,p1b\n|-supereffective|p1a: Quaquaval\n|-damage|p1a: Quaquaval|0 fnt\n|-damage|p1b: Indeedee|0 fnt\n|faint|p1a: Quaquaval\n|faint|p1b: Indeedee\n|-ability|p2b: Gyarados|Moxie|boost\n|-boost|p2b: Gyarados|atk|2\n|\n|upkeep\n|inactive|Jtsmith86 has 120 seconds left.\n|\n|t:|1701125221\n|switch|p1a: Cresselia|Cresselia, F|100\/100\n|switch|p1b: Sylveon|Sylveon, M, shiny|100\/100\n|switch|p2a: Landorus|Landorus-Therian, M, shiny|100\/100\n|-ability|p2a: Landorus|Intimidate|boost\n|-unboost|p1a: Cresselia|atk|1\n|-unboost|p1b: Sylveon|atk|1\n|turn|4\n|inactive|Jtsmith86 has 120 seconds left.\n|\n|t:|1701125251\n|move|p2a: Landorus|Rock Slide|p1b: Sylveon|[spread] p1a,p1b\n|-damage|p1a: Cresselia|88\/100\n|-damage|p1b: Sylveon|74\/100\n|move|p2b: Gyarados|Tera Blast|p1a: Cresselia|[anim] Tera Blast Normal\n|-damage|p1a: Cresselia|36\/100\n|move|p1a: Cresselia|Calm Mind|p1a: Cresselia\n|-boost|p1a: Cresselia|spa|1\n|-boost|p1a: Cresselia|spd|1\n|cant|p1b: Sylveon|flinch\n|\n|upkeep\n|turn|5\n|inactive|Jtsmith86 has 120 seconds left.\n|\n|t:|1701125274\n|move|p2a: Landorus|Rock Slide|p1a: Cresselia|[spread] p1a,p1b\n|-damage|p1a: Cresselia|24\/100\n|-damage|p1b: Sylveon|49\/100\n|move|p2b: Gyarados|Waterfall|p1a: Cresselia\n|-damage|p1a: Cresselia|0 fnt\n|faint|p1a: Cresselia\n|-ability|p2b: Gyarados|Moxie|boost\n|-boost|p2b: Gyarados|atk|1\n|move|p1b: Sylveon|Hyper Voice|p2a: Landorus|[spread] p2a,p2b\n|-crit|p2b: Gyarados\n|-damage|p2a: Landorus|65\/100\n|-damage|p2b: Gyarados|36\/100\n|-enditem|p1b: Sylveon|Throat Spray\n|-boost|p1b: Sylveon|spa|1|[from] item: Throat Spray\n|\n|-fieldend|move: Psychic Terrain\n|upkeep\n|\n|t:|1701125292\n|switch|p1a: Oricorio|Oricorio-Pom-Pom, F, shiny|100\/100\n|turn|6\n|\n|t:|1701125309\n|move|p1b: Sylveon|Protect|p1b: Sylveon\n|-singleturn|p1b: Sylveon|Protect\n|move|p2a: Landorus|Rock Slide|p1b: Sylveon|[spread] p1a\n|-activate|p1b: Sylveon|move: Protect\n|-supereffective|p1a: Oricorio\n|-damage|p1a: Oricorio|37\/100\n|move|p2b: Gyarados|Tera Blast|p1a: Oricorio|[anim] Tera Blast Normal\n|-damage|p1a: Oricorio|0 fnt\n|faint|p1a: Oricorio\n|-ability|p2b: Gyarados|Moxie|boost\n|-boost|p2b: Gyarados|atk|1\n|\n|upkeep\n|\n|t:|1701125323\n|switch|p1a: Volcarona|Volcarona, F|100\/100\n|turn|7\n|\n|t:|1701125331\n|move|p2a: Landorus|Rock Slide|p1b: Sylveon|[spread] p1a\n|-miss|p2a: Landorus|p1b: Sylveon\n|-supereffective|p1a: Volcarona\n|-enditem|p1a: Volcarona|Focus Sash\n|-damage|p1a: Volcarona|1\/100\n|cant|p1a: Volcarona|flinch\n|move|p2b: Gyarados|Waterfall|p1a: Volcarona\n|-supereffective|p1a: Volcarona\n|-damage|p1a: Volcarona|0 fnt\n|faint|p1a: Volcarona\n|-ability|p2b: Gyarados|Moxie|boost\n|-boost|p2b: Gyarados|atk|1\n|move|p1b: Sylveon|Hyper Voice|p2b: Gyarados|[spread] p2a,p2b\n|-crit|p2b: Gyarados\n|-damage|p2a: Landorus|11\/100\n|-damage|p2b: Gyarados|0 fnt\n|faint|p2b: Gyarados\n|\n|upkeep\n|\n|t:|1701125349\n|switch|p2b: Garchomp|Garchomp, F, shiny|100\/100\n|turn|8\n|\n|t:|1701125355\n|move|p2b: Garchomp|Poison Jab|p1b: Sylveon\n|-supereffective|p1b: Sylveon\n|-damage|p1b: Sylveon|0 fnt\n|faint|p1b: Sylveon\n|\n|win|Jtsmith86\n|raw|pedrotic's rating: 1139 &rarr; <strong>1117<\/strong><br \/>(-22 for losing)\n|raw|Jtsmith86's rating: 1180 &rarr; <strong>1202<\/strong><br \/>(+22 for winning)\n|l|\u2606pedrotic\n","uploadtime":1701125364,"views":8,"p1id":"pedrotic","p2id":"jtsmith86","formatid":"gen9doublesou","rating":1117,"private":0,"password":""}