{"id":"gen9doublesou-1981274347","p1":"Ruin Maniac Nate","p2":"qurtana","format":"[Gen 9] Doubles OU","log":"|j|\u2606Ruin Maniac Nate\n|j|\u2606qurtana\n|t:|1698878677\n|gametype|doubles\n|player|p1|Ruin Maniac Nate|ruinmaniac|1542\n|player|p2|qurtana|102|1575\n|teamsize|p1|6\n|teamsize|p2|6\n|gen|9\n|tier|[Gen 9] Doubles OU\n|rated|\n|rule|Species Clause: Limit one of each Pok\u00e9mon\n|rule|OHKO Clause: OHKO moves are banned\n|rule|Evasion Moves Clause: Evasion moves are banned\n|rule|Gravity Sleep Clause: The combination of sleep-inducing moves with imperfect accuracy and Gravity or Gigantamax Orbeetle are banned\n|rule|Endless Battle Clause: Forcing endless battles is banned\n|rule|HP Percentage Mod: HP is shown in percentages\n|clearpoke\n|poke|p1|Armarouge, F|\n|poke|p1|Indeedee-F, F|\n|poke|p1|Amoonguss, M|\n|poke|p1|Kingambit, M|\n|poke|p1|Azumarill, F|\n|poke|p1|Oranguru, M|\n|poke|p2|Gliscor, F|\n|poke|p2|Grimmsnarl, M|\n|poke|p2|Iron Hands|\n|poke|p2|Rillaboom, F|\n|poke|p2|Clefairy, F|\n|poke|p2|Volcanion|\n|teampreview\n|inactive|Battle timer is ON: inactive players will automatically lose when time's up. (requested by qurtana)\n|\n|t:|1698878690\n|start\n|switch|p1a: Armarouge|Armarouge, F, shiny|100\/100\n|switch|p1b: Amoonguss|Amoonguss, M, shiny|100\/100\n|switch|p2a: Grimmsnarl|Grimmsnarl, M|100\/100\n|switch|p2b: Clefairy|Clefairy, F|100\/100\n|turn|1\n|c|\u2606qurtana|you use gay trick room. i use gay gliscor\n|c|\u2606qurtana|our battle will be legendary\n|inactive|Ruin Maniac Nate has 120 seconds left.\n|inactive|qurtana has 120 seconds left.\n|c|\u2606Ruin Maniac Nate|I love gloscor but have never seen him on this format!\n|c|\u2606Ruin Maniac Nate|excited!\n|c|\u2606qurtana|its not as good as singles\n|\n|t:|1698878750\n|-terastallize|p1a: Armarouge|Grass\n|move|p2a: Grimmsnarl|Light Screen|p2a: Grimmsnarl\n|-sidestart|p2: qurtana|move: Light Screen\n|move|p1a: Armarouge|Heat Wave|p2a: Grimmsnarl|[spread] p2a,p2b\n|-damage|p2a: Grimmsnarl|76\/100\n|-damage|p2b: Clefairy|66\/100\n|-damage|p1a: Armarouge|91\/100|[from] item: Life Orb\n|move|p2b: Clefairy|Stealth Rock|p1b: Amoonguss\n|-sidestart|p1: Ruin Maniac Nate|move: Stealth Rock\n|move|p1b: Amoonguss|Spore|p2a: Grimmsnarl\n|-status|p2a: Grimmsnarl|slp|[from] move: Spore\n|\n|upkeep\n|turn|2\n|c|\u2606qurtana|but still interesting\n|inactive|qurtana has 120 seconds left.\n|j| Bacco97\n|\n|t:|1698878772\n|switch|p2a: Volcanion|Volcanion|100\/100\n|switch|p1b: Azumarill|Azumarill, F, shiny|100\/100\n|-damage|p1b: Azumarill|88\/100|[from] Stealth Rock\n|move|p2b: Clefairy|Protect|p2b: Clefairy\n|-singleturn|p2b: Clefairy|Protect\n|move|p1a: Armarouge|Energy Ball|p2a: Volcanion\n|-damage|p2a: Volcanion|77\/100\n|-damage|p1a: Armarouge|81\/100|[from] item: Life Orb\n|\n|upkeep\n|turn|3\n|inactive|Ruin Maniac Nate has 120 seconds left.\n|\n|t:|1698878792\n|move|p2b: Clefairy|Helping Hand|p2a: Volcanion\n|-singleturn|p2a: Volcanion|Helping Hand|[of] p2b: Clefairy\n|move|p2a: Volcanion|Heavy Slam|p1b: Azumarill\n|-damage|p1b: Azumarill|45\/100\n|-enditem|p1b: Azumarill|Sitrus Berry|[eat]\n|-heal|p1b: Azumarill|70\/100|[from] item: Sitrus Berry\n|move|p1b: Azumarill|Belly Drum|p1b: Azumarill\n|-damage|p1b: Azumarill|20\/100\n|-setboost|p1b: Azumarill|atk|6|[from] move: Belly Drum\n|move|p1a: Armarouge|Trick Room|p1a: Armarouge\n|-fieldstart|move: Trick Room|[of] p1a: Armarouge\n|\n|upkeep\n|turn|4\n|inactive|Ruin Maniac Nate has 120 seconds left.\n|\n|t:|1698878811\n|move|p2b: Clefairy|Follow Me|p2b: Clefairy\n|-singleturn|p2b: Clefairy|move: Follow Me\n|move|p1b: Azumarill|Play Rough|p2b: Clefairy\n|-damage|p2b: Clefairy|0 fnt\n|faint|p2b: Clefairy\n|move|p1a: Armarouge|Heat Wave|p2a: Volcanion|[miss]\n|-miss|p1a: Armarouge|p2a: Volcanion\n|move|p2a: Volcanion|Heavy Slam|p1b: Azumarill\n|-damage|p1b: Azumarill|0 fnt\n|faint|p1b: Azumarill\n|\n|upkeep\n|c|\u2606qurtana|thank god\n|c|\u2606qurtana|i was shivering in my boots\n|l| Bacco97\n|\n|t:|1698878838\n|switch|p1b: Amoonguss|Amoonguss, M, shiny|100\/100\n|switch|p2b: Iron Hands|Iron Hands|100\/100\n|-damage|p1b: Amoonguss|88\/100|[from] Stealth Rock\n|turn|5\n|c|\u2606Ruin Maniac Nate|Yeah azurills a beast\n|inactive|Ruin Maniac Nate has 120 seconds left.\n|\n|t:|1698878868\n|switch|p1b: Indeedee|Indeedee-F, F, shiny|100\/100\n|-damage|p1b: Indeedee|88\/100|[from] Stealth Rock\n|-fieldstart|move: Psychic Terrain|[from] ability: Psychic Surge|[of] p1b: Indeedee\n|-terastallize|p2b: Iron Hands|Grass\n|move|p2b: Iron Hands|Fake Out|p1a: Armarouge\n|-activate|p1a: Armarouge|move: Psychic Terrain\n|move|p1a: Armarouge|Expanding Force|p2b: Iron Hands|[spread] p2a,p2b\n|-damage|p2a: Volcanion|37\/100\n|-damage|p2b: Iron Hands|68\/100\n|-damage|p1a: Armarouge|71\/100|[from] item: Life Orb\n|move|p2a: Volcanion|Heat Wave|p1a: Armarouge|[spread] p1b\n|-start|p1a: Armarouge|ability: Flash Fire\n|-damage|p1b: Indeedee|56\/100\n|-status|p1b: Indeedee|brn\n|\n|-damage|p1b: Indeedee|50\/100 brn|[from] brn\n|upkeep\n|turn|6\n|inactive|Ruin Maniac Nate has 120 seconds left.\n|inactive|qurtana has 120 seconds left.\n|inactive|Ruin Maniac Nate has 90 seconds left.\n|\n|t:|1698878924\n|switch|p2a: Rillaboom|Rillaboom, F|100\/100\n|-fieldstart|move: Grassy Terrain|[from] ability: Grassy Surge|[of] p2a: Rillaboom\n|move|p1b: Indeedee|Helping Hand|p1a: Armarouge\n|-singleturn|p1a: Armarouge|Helping Hand|[of] p1b: Indeedee\n|move|p2b: Iron Hands|Ice Punch|p1a: Armarouge\n|-supereffective|p1a: Armarouge\n|-damage|p1a: Armarouge|14\/100\n|move|p1a: Armarouge|Heat Wave|p2b: Iron Hands|[spread] p2a,p2b\n|-supereffective|p2a: Rillaboom\n|-supereffective|p2b: Iron Hands\n|-damage|p2a: Rillaboom|0 fnt\n|-damage|p2b: Iron Hands|0 fnt\n|faint|p2a: Rillaboom\n|faint|p2b: Iron Hands\n|-end|p2b: Iron Hands|Quark Drive|[silent]\n|-damage|p1a: Armarouge|4\/100|[from] item: Life Orb\n|\n|-heal|p1a: Armarouge|10\/100|[from] Grassy Terrain\n|-heal|p1b: Indeedee|56\/100 brn|[from] Grassy Terrain\n|-damage|p1b: Indeedee|50\/100 brn|[from] brn\n|upkeep\n|c|\u2606qurtana|oof\n|\n|t:|1698878940\n|switch|p2b: Gliscor|Gliscor, F|100\/100\n|switch|p2a: Grimmsnarl|Grimmsnarl, M|76\/100 slp\n|turn|7\n|c|\u2606Ruin Maniac Nate|That was so clutch\n|c|\u2606qurtana|flash fire did that\n|c|\u2606qurtana|smh\n|\n|t:|1698878969\n|move|p2b: Gliscor|Protect|p2b: Gliscor\n|-singleturn|p2b: Gliscor|Protect\n|move|p1b: Indeedee|Follow Me|p1b: Indeedee\n|-singleturn|p1b: Indeedee|move: Follow Me\n|cant|p2a: Grimmsnarl|slp\n|move|p1a: Armarouge|Energy Ball|p2b: Gliscor\n|-activate|p2b: Gliscor|move: Protect\n|\n|-heal|p1a: Armarouge|17\/100|[from] Grassy Terrain\n|-heal|p2a: Grimmsnarl|82\/100 slp|[from] Grassy Terrain\n|-heal|p1b: Indeedee|56\/100 brn|[from] Grassy Terrain\n|-damage|p1b: Indeedee|50\/100 brn|[from] brn\n|-fieldend|move: Trick Room\n|-status|p2b: Gliscor|tox|[from] item: Toxic Orb\n|upkeep\n|turn|8\n|\n|t:|1698878996\n|move|p1b: Indeedee|Follow Me|p1b: Indeedee\n|-singleturn|p1b: Indeedee|move: Follow Me\n|cant|p2a: Grimmsnarl|slp\n|move|p2b: Gliscor|Toxic||[still]\n|-fail|p2b: Gliscor\n|move|p1a: Armarouge|Trick Room|p1a: Armarouge\n|-fieldstart|move: Trick Room|[of] p1a: Armarouge\n|\n|-heal|p1a: Armarouge|23\/100|[from] Grassy Terrain\n|-heal|p2a: Grimmsnarl|88\/100 slp|[from] Grassy Terrain\n|-heal|p1b: Indeedee|56\/100 brn|[from] Grassy Terrain\n|-damage|p1b: Indeedee|50\/100 brn|[from] brn\n|-sideend|p2: qurtana|move: Light Screen\n|upkeep\n|turn|9\n|\n|t:|1698879020\n|move|p1b: Indeedee|Helping Hand|p1a: Armarouge\n|-singleturn|p1a: Armarouge|Helping Hand|[of] p1b: Indeedee\n|move|p2b: Gliscor|Protect|p2b: Gliscor\n|-singleturn|p2b: Gliscor|Protect\n|cant|p2a: Grimmsnarl|slp\n|move|p1a: Armarouge|Heat Wave|p2b: Gliscor|[spread] p2a\n|-activate|p2b: Gliscor|move: Protect\n|-damage|p2a: Grimmsnarl|0 fnt\n|faint|p2a: Grimmsnarl\n|-damage|p1a: Armarouge|13\/100|[from] item: Life Orb\n|\n|-heal|p1a: Armarouge|19\/100|[from] Grassy Terrain\n|-heal|p1b: Indeedee|56\/100 brn|[from] Grassy Terrain\n|-damage|p1b: Indeedee|50\/100 brn|[from] brn\n|upkeep\n|\n|t:|1698879030\n|switch|p2a: Volcanion|Volcanion|37\/100\n|turn|10\n|c|\u2606Ruin Maniac Nate|Damn that was bad\n|c|\u2606Ruin Maniac Nate|triple sleep is ass\n|inactive|Ruin Maniac Nate has 120 seconds left.\n|c|\u2606qurtana|yeah\n|c|\u2606qurtana|idk the counter to this\n|c|\u2606qurtana|besides slower mons\n|\n|t:|1698879063\n|move|p1b: Indeedee|Follow Me|p1b: Indeedee\n|-singleturn|p1b: Indeedee|move: Follow Me\n|move|p1a: Armarouge|Energy Ball|p2a: Volcanion\n|-crit|p2a: Volcanion\n|-damage|p2a: Volcanion|0 fnt\n|faint|p2a: Volcanion\n|-damage|p1a: Armarouge|9\/100|[from] item: Life Orb\n|move|p2b: Gliscor|Toxic||[still]\n|-fail|p2b: Gliscor\n|\n|-heal|p1a: Armarouge|15\/100|[from] Grassy Terrain\n|-heal|p1b: Indeedee|56\/100 brn|[from] Grassy Terrain\n|-damage|p1b: Indeedee|50\/100 brn|[from] brn\n|-fieldend|move: Grassy Terrain\n|upkeep\n|turn|11\n|inactive|Ruin Maniac Nate has 120 seconds left.\n|\n|t:|1698879079\n|move|p1b: Indeedee|Helping Hand|p1a: Armarouge\n|-singleturn|p1a: Armarouge|Helping Hand|[of] p1b: Indeedee\n|move|p1a: Armarouge|Energy Ball|p2b: Gliscor\n|-damage|p2b: Gliscor|26\/100 tox\n|-damage|p1a: Armarouge|5\/100|[from] item: Life Orb\n|move|p2b: Gliscor|Earthquake|p1b: Indeedee|[spread] p1a,p1b\n|-resisted|p1a: Armarouge\n|-damage|p1a: Armarouge|0 fnt\n|-damage|p1b: Indeedee|23\/100 brn\n|faint|p1a: Armarouge\n|\n|-heal|p2b: Gliscor|38\/100 tox|[from] ability: Poison Heal\n|-damage|p1b: Indeedee|17\/100 brn|[from] brn\n|upkeep\n|\n|t:|1698879092\n|switch|p1a: Kingambit|Kingambit, M, shiny|100\/100\n|-damage|p1a: Kingambit|94\/100|[from] Stealth Rock\n|-activate|p1a: Kingambit|ability: Supreme Overlord\n|-start|p1a: Kingambit|fallen2|[silent]\n|turn|12\n|c|\u2606qurtana|would u tell me\n|\n|t:|1698879103\n|move|p1b: Indeedee|Helping Hand|p1a: Kingambit\n|-singleturn|p1a: Kingambit|Helping Hand|[of] p1b: Indeedee\n|move|p2b: Gliscor|Protect|p2b: Gliscor\n|-singleturn|p2b: Gliscor|Protect\n|move|p1a: Kingambit|Kowtow Cleave|p2b: Gliscor\n|-activate|p2b: Gliscor|move: Protect\n|\n|-heal|p2b: Gliscor|50\/100 tox|[from] ability: Poison Heal\n|-damage|p1b: Indeedee|11\/100 brn|[from] brn\n|-fieldend|move: Trick Room\n|upkeep\n|turn|13\n|c|\u2606Ruin Maniac Nate|How to counter this?\n|c|\u2606qurtana|yeah\n|c|\u2606Ruin Maniac Nate|Yeah lemme type one sec\n|c|\u2606qurtana|its a meme on twitter bc no one knows\n|inactive|Ruin Maniac Nate has 120 seconds left.\n|c|\u2606qurtana|sorry \"X\"\n|\n|t:|1698879143\n|move|p1b: Indeedee|Helping Hand|p1a: Kingambit\n|-singleturn|p1a: Kingambit|Helping Hand|[of] p1b: Indeedee\n|move|p2b: Gliscor|Protect||[still]\n|-fail|p2b: Gliscor\n|move|p1a: Kingambit|Kowtow Cleave|p2b: Gliscor\n|-damage|p2b: Gliscor|0 fnt\n|faint|p2b: Gliscor\n|\n|win|Ruin Maniac Nate\n|raw|Ruin Maniac Nate's rating: 1542 &rarr; <strong>1564<\/strong><br \/>(+22 for winning)\n|raw|qurtana's rating: 1575 &rarr; <strong>1553<\/strong><br \/>(-22 for losing)\n|c|\u2606Ruin Maniac Nate|Wait whaaaat?..\n|c|\u2606qurtana|ya\n|c|\u2606Ruin Maniac Nate|No way people are talking about this lol\n|c|\u2606qurtana|stunfisk\n|c|\u2606qurtana|also r\/stunfisk\n|c|\u2606qurtana|on reddit\n|c|\u2606Ruin Maniac Nate|One sec\n|c|\u2606qurtana|ok fren\n|c|\u2606Ruin Maniac Nate|Well tbh I don\u2019t really know\n|c|\u2606qurtana|well fuck\n|c|\u2606Ruin Maniac Nate|like I\u2019m thinking of what works and I don\u2019t even really know like they just attacked quickly on the first move and i couldn\u2019t set trick room\n|c|\u2606qurtana|only thing i can think of is taunt on first mon out\n|c|\u2606qurtana|yeah\n|c|\u2606Ruin Maniac Nate|Those are usually the times I\u2019ve lost\n|c|\u2606Ruin Maniac Nate|but honestly I rarely see taunt\n|c|\u2606qurtana|yeah bc it takes a move slot\n|c|\u2606qurtana|only worth on prankster mons\n|c|\u2606Ruin Maniac Nate|I have a counter to taunt though and that I won\u2019t give away muahahaha\n|c|\u2606qurtana|mental herb go brrrr\n|c|\u2606Ruin Maniac Nate|Okay true\n|c|\u2606Ruin Maniac Nate|Well ggs!\n|c|\u2606qurtana|thats why i gotta use klefki for the wonder room (to nullify items) and then taunt\n|c|\u2606qurtana|u as well fren\n|c|\u2606Ruin Maniac Nate|Wait can I see a post about this?\n|c|\u2606qurtana|yea you might just have to look for a bit\n|c|\u2606Ruin Maniac Nate|That\u2019s so weird\n|c|\u2606qurtana|r\/stunfisk would be the easiest\n|c|\u2606Ruin Maniac Nate|like this exact team?.?\n|c|\u2606qurtana|not the *exact* team, but amoongus amouraouge and indeedee are extremely common together like this\n|c|\u2606qurtana|kingambit is 50\/50 for this comp\n|c|\u2606qurtana|the monkey priest is also common for instruct\n|c|\u2606Ruin Maniac Nate|Oh okay I was like that\u2019s crazy lol\n|c|\u2606qurtana|yeah not the exact team but the strategy is\n|c|\u2606Ruin Maniac Nate|It\u2019s either common or those are my alts LMAO\n|c|\u2606qurtana|ive yet to figure out a counter and we are both t500 so its just strong\n|c|\u2606qurtana|this fella bout to put me on youtube\n|c|\u2606Ruin Maniac Nate|Nah I don\u2019t do YouTube but gtg and gg see you around!\n|c|\u2606qurtana|u as well\n|c|\u2606qurtana|gg\n|l|\u2606qurtana\n","uploadtime":1698879789,"views":16,"p1id":"ruinmaniacnate","p2id":"qurtana","formatid":"gen9doublesou","rating":1553,"private":0,"password":""}