{"id":"gen9doublesou-1975985355","p1":"JBUG0617","p2":"RogueLax","format":"[Gen 9] Doubles OU","log":"|j|\u2606JBUG0617\n|j|\u2606RogueLax\n|t:|1698254359\n|gametype|doubles\n|player|p1|JBUG0617|grimsley|\n|player|p2|RogueLax|pokemaniac|\n|teamsize|p1|6\n|teamsize|p2|6\n|gen|9\n|tier|[Gen 9] Doubles OU\n|rule|Species Clause: Limit one of each Pok\u00e9mon\n|rule|OHKO Clause: OHKO moves are banned\n|rule|Evasion Moves Clause: Evasion moves are banned\n|rule|Gravity Sleep Clause: The combination of sleep-inducing moves with imperfect accuracy and Gravity or Gigantamax Orbeetle are banned\n|rule|Endless Battle Clause: Forcing endless battles is banned\n|rule|HP Percentage Mod: HP is shown in percentages\n|clearpoke\n|poke|p1|Ninetales-Alola, F|\n|poke|p1|Tornadus, M|\n|poke|p1|Ogerpon-Hearthflame, F|\n|poke|p1|Iron Hands|\n|poke|p1|Sliggoo-Hisui, F|\n|poke|p1|Basculegion-F, F|\n|poke|p2|Iron Hands|\n|poke|p2|Slowking-Galar, F|\n|poke|p2|Ogerpon-Wellspring, F|\n|poke|p2|Tornadus, M|\n|poke|p2|Gholdengo|\n|poke|p2|Braviary-Hisui, M|\n|teampreview\n|inactive|Battle timer is ON: inactive players will automatically lose when time's up. (requested by JBUG0617)\n|\n|t:|1698254383\n|start\n|switch|p1a: Tornadus|Tornadus, M|100\/100\n|switch|p1b: Basculegion|Basculegion-F, F|100\/100\n|switch|p2a: Slowking|Slowking-Galar, F|100\/100\n|switch|p2b: Iron Hands|Iron Hands|100\/100\n|turn|1\n|\n|t:|1698254404\n|move|p2b: Iron Hands|Fake Out|p1a: Tornadus\n|-damage|p1a: Tornadus|78\/100\n|-damage|p2b: Iron Hands|90\/100|[from] item: Life Orb\n|cant|p1a: Tornadus|flinch\n|move|p1b: Basculegion|Flip Turn|p2a: Slowking\n|-damage|p2a: Slowking|78\/100\n|\n|t:|1698254416\n|switch|p1b: Iron Hands|Iron Hands|100\/100|[from] Flip Turn\n|move|p2a: Slowking|Trick Room|p2a: Slowking\n|-fieldstart|move: Trick Room|[of] p2a: Slowking\n|\n|-heal|p2a: Slowking|84\/100|[from] item: Leftovers\n|-heal|p1a: Tornadus|84\/100|[from] item: Leftovers\n|upkeep\n|turn|2\n|c|\u2606JBUG0617|this is dumb\n|c|\u2606RogueLax|what do you mean haha\n|c|\u2606JBUG0617|how did you move first in the same priority bracket?\n|c|\u2606JBUG0617|1 sec\n|inactive|JBUG0617 has 270 seconds left.\n|c|\u2606JBUG0617|if were both +1 then the faster one should go first\n|inactive|JBUG0617 has 240 seconds left.\n|c|\u2606RogueLax|i think prankster has less priority than a move with priority\n|c|\u2606JBUG0617|and my speed is higher than your max\n|c|\u2606JBUG0617|interesting\n|\n|t:|1698254499\n|move|p1a: Tornadus|Protect|p1a: Tornadus\n|-singleturn|p1a: Tornadus|Protect\n|move|p2a: Slowking|Psychic|p1b: Iron Hands\n|-supereffective|p1b: Iron Hands\n|-damage|p1b: Iron Hands|52\/100\n|-unboost|p1b: Iron Hands|spd|1\n|move|p2b: Iron Hands|Wild Charge|p1a: Tornadus\n|-activate|p1a: Tornadus|move: Protect\n|move|p1b: Iron Hands|Close Combat|p2b: Iron Hands\n|-damage|p2b: Iron Hands|35\/100\n|-unboost|p1b: Iron Hands|def|1\n|-unboost|p1b: Iron Hands|spd|1\n|\n|-heal|p2a: Slowking|90\/100|[from] item: Leftovers\n|-heal|p1a: Tornadus|90\/100|[from] item: Leftovers\n|upkeep\n|turn|3\n|inactive|JBUG0617 has 240 seconds left.\n|c|\u2606RogueLax|Fake out has +3 priority compared to Prankster which only gives +1.\n|inactive|JBUG0617 has 210 seconds left.\n|\n|t:|1698254537\n|switch|p1a: Sliggoo|Sliggoo-Hisui, F|100\/100\n|move|p2a: Slowking|Psychic|p1b: Iron Hands\n|-supereffective|p1b: Iron Hands\n|-damage|p1b: Iron Hands|0 fnt\n|faint|p1b: Iron Hands\n|-end|p1b: Iron Hands|Quark Drive|[silent]\n|move|p2b: Iron Hands|Wild Charge|p1a: Sliggoo\n|-resisted|p1a: Sliggoo\n|-damage|p1a: Sliggoo|72\/100\n|-ability|p1a: Sliggoo|Gooey\n|-unboost|p2b: Iron Hands|spe|1\n|-damage|p2b: Iron Hands|30\/100|[from] Recoil\n|-damage|p2b: Iron Hands|20\/100|[from] item: Life Orb\n|\n|-heal|p2a: Slowking|96\/100|[from] item: Leftovers\n|upkeep\n|inactive|JBUG0617 has 210 seconds left.\n|c|\u2606JBUG0617|google said fake out was +1\n|c|\u2606JBUG0617|google lied :9\n|c|\u2606JBUG0617|:(\n|\n|t:|1698254562\n|switch|p1b: Ogerpon|Ogerpon-Hearthflame, F|100\/100\n|-ability|p1b: Ogerpon|Mold Breaker\n|turn|4\n|\n|t:|1698254572\n|move|p1b: Ogerpon|Spiky Shield|p1b: Ogerpon\n|-singleturn|p1b: Ogerpon|move: Protect\n|move|p1a: Sliggoo|Draco Meteor|p2b: Iron Hands\n|-damage|p2b: Iron Hands|0 fnt\n|-unboost|p1a: Sliggoo|spa|2\n|faint|p2b: Iron Hands\n|-end|p2b: Iron Hands|Quark Drive|[silent]\n|move|p2a: Slowking|Chilling Water|p1b: Ogerpon\n|-activate|p1b: Ogerpon|move: Protect\n|\n|-heal|p2a: Slowking|100\/100|[from] item: Leftovers\n|upkeep\n|\n|t:|1698254591\n|switch|p2b: Tornadus|Tornadus, M, shiny|100\/100\n|turn|5\n|inactive|JBUG0617 has 240 seconds left.\n|\n|t:|1698254603\n|switch|p1b: Tornadus|Tornadus, M|90\/100\n|move|p2b: Tornadus|Rain Dance|p2b: Tornadus\n|-weather|RainDance\n|move|p1a: Sliggoo|Gyro Ball|p2b: Tornadus\n|-damage|p2b: Tornadus|72\/100\n|move|p2a: Slowking|Chilling Water|p1b: Tornadus\n|-damage|p1b: Tornadus|67\/100\n|-unboost|p1b: Tornadus|atk|1\n|\n|-weather|RainDance|[upkeep]\n|-heal|p1b: Tornadus|73\/100|[from] item: Leftovers\n|-fieldend|move: Trick Room\n|upkeep\n|turn|6\n|inactive|JBUG0617 has 240 seconds left.\n|inactive|RogueLax has 270 seconds left.\n|\n|t:|1698254635\n|move|p2b: Tornadus|Tailwind|p2b: Tornadus\n|-sidestart|p2: RogueLax|move: Tailwind\n|move|p1b: Tornadus|Tailwind|p1b: Tornadus\n|-sidestart|p1: JBUG0617|move: Tailwind\n|move|p2a: Slowking|Psychic|p1a: Sliggoo\n|-resisted|p1a: Sliggoo\n|-damage|p1a: Sliggoo|61\/100\n|move|p1a: Sliggoo|Curse|p1a: Sliggoo\n|-unboost|p1a: Sliggoo|spe|1\n|-boost|p1a: Sliggoo|atk|1\n|-boost|p1a: Sliggoo|def|1\n|\n|-weather|RainDance|[upkeep]\n|-heal|p1b: Tornadus|80\/100|[from] item: Leftovers\n|upkeep\n|turn|7\n|\n|t:|1698254651\n|move|p1b: Tornadus|Bleakwind Storm|p2a: Slowking|[spread] p2a,p2b\n|-damage|p2a: Slowking|71\/100\n|-damage|p2b: Tornadus|33\/100\n|move|p2b: Tornadus|Bleakwind Storm|p1b: Tornadus|[spread] p1a,p1b\n|-resisted|p1a: Sliggoo\n|-damage|p1a: Sliggoo|52\/100\n|-damage|p1b: Tornadus|43\/100\n|-unboost|p1a: Sliggoo|spe|1\n|move|p2a: Slowking|Psychic|p1b: Tornadus\n|-damage|p1b: Tornadus|0 fnt\n|faint|p1b: Tornadus\n|move|p1a: Sliggoo|Gyro Ball|p2b: Tornadus\n|-damage|p2b: Tornadus|0 fnt\n|faint|p2b: Tornadus\n|\n|-weather|RainDance|[upkeep]\n|-heal|p2a: Slowking|77\/100|[from] item: Leftovers\n|upkeep\n|inactive|JBUG0617 has 270 seconds left.\n|\n|t:|1698254669\n|switch|p1b: Basculegion|Basculegion-F, F|100\/100\n|switch|p2b: Ogerpon|Ogerpon-Wellspring, F|100\/100\n|turn|8\n|\n|t:|1698254684\n|-terastallize|p2b: Ogerpon|Water\n|detailschange|p2b: Ogerpon|Ogerpon-Wellspring-Tera, F, tera:Water\n|-ability|p2b: Ogerpon|Embody Aspect (Wellspring)|boost\n|-boost|p2b: Ogerpon|spd|1\n|move|p2b: Ogerpon|Horn Leech|p1b: Basculegion\n|-supereffective|p1b: Basculegion\n|-damage|p1b: Basculegion|0 fnt\n|faint|p1b: Basculegion\n|move|p2a: Slowking|Psychic|p1a: Sliggoo\n|-resisted|p1a: Sliggoo\n|-damage|p1a: Sliggoo|42\/100\n|move|p1a: Sliggoo|Gyro Ball|p2b: Ogerpon\n|-resisted|p2b: Ogerpon\n|-damage|p2b: Ogerpon|58\/100\n|\n|-weather|RainDance|[upkeep]\n|-heal|p2a: Slowking|83\/100|[from] item: Leftovers\n|upkeep\n|inactive|JBUG0617 has 270 seconds left.\n|\n|t:|1698254699\n|switch|p1b: Ogerpon|Ogerpon-Hearthflame, F|100\/100\n|-ability|p1b: Ogerpon|Mold Breaker\n|turn|9\n|\n|t:|1698254716\n|-terastallize|p1b: Ogerpon|Fire\n|detailschange|p1b: Ogerpon|Ogerpon-Hearthflame-Tera, F, tera:Fire\n|-ability|p1b: Ogerpon|Embody Aspect (Hearthflame)|boost\n|-boost|p1b: Ogerpon|atk|1\n|move|p1b: Ogerpon|Horn Leech|p2b: Ogerpon\n|-supereffective|p2b: Ogerpon\n|-damage|p2b: Ogerpon|0 fnt\n|faint|p2b: Ogerpon\n|move|p2a: Slowking|Psychic|p1b: Ogerpon\n|-damage|p1b: Ogerpon|48\/100\n|move|p1a: Sliggoo|Life Dew|p1a: Sliggoo|[spread] p1a,p1b\n|-heal|p1a: Sliggoo|67\/100\n|-heal|p1b: Ogerpon|73\/100\n|\n|-weather|RainDance|[upkeep]\n|-heal|p2a: Slowking|89\/100|[from] item: Leftovers\n|-sideend|p2: RogueLax|move: Tailwind\n|-sideend|p1: JBUG0617|move: Tailwind\n|upkeep\n|\n|t:|1698254733\n|switch|p2b: Braviary|Braviary-Hisui, M|100\/100\n|turn|10\n|\n|t:|1698254763\n|move|p1b: Ogerpon|Stomping Tantrum|p2a: Slowking\n|-supereffective|p2a: Slowking\n|-damage|p2a: Slowking|6\/100\n|move|p2b: Braviary|Heat Wave|p1b: Ogerpon|[spread] p1a,p1b\n|-resisted|p1b: Ogerpon\n|-damage|p1a: Sliggoo|60\/100\n|-damage|p1b: Ogerpon|65\/100\n|move|p1a: Sliggoo|Gyro Ball|p2b: Braviary\n|-damage|p2b: Braviary|64\/100\n|move|p2a: Slowking|Trick Room|p2a: Slowking\n|-fieldstart|move: Trick Room|[of] p2a: Slowking\n|\n|-weather|RainDance|[upkeep]\n|-heal|p2a: Slowking|12\/100|[from] item: Leftovers\n|upkeep\n|turn|11\n|\n|t:|1698254786\n|move|p1b: Ogerpon|Spiky Shield|p1b: Ogerpon\n|-singleturn|p1b: Ogerpon|move: Protect\n|move|p1a: Sliggoo|Gyro Ball|p2a: Slowking\n|-damage|p2a: Slowking|0 fnt\n|faint|p2a: Slowking\n|move|p2b: Braviary|Shadow Ball|p1a: Sliggoo\n|-damage|p1a: Sliggoo|45\/100\n|\n|-weather|RainDance|[upkeep]\n|upkeep\n|\n|t:|1698254795\n|switch|p2a: Gholdengo|Gholdengo|100\/100\n|turn|12\n|\n|t:|1698254824\n|switch|p1b: Ninetales|Ninetales-Alola, F|100\/100\n|-weather|Snow|[from] ability: Snow Warning|[of] p1b: Ninetales\n|move|p1a: Sliggoo|Gyro Ball|p2b: Braviary\n|-damage|p2b: Braviary|28\/100\n|move|p2b: Braviary|Esper Wing|p1b: Ninetales\n|-damage|p1b: Ninetales|43\/100\n|move|p2a: Gholdengo|Make It Rain|p1b: Ninetales|[spread] p1a,p1b\n|-resisted|p1a: Sliggoo\n|-supereffective|p1b: Ninetales\n|-damage|p1a: Sliggoo|27\/100\n|-damage|p1b: Ninetales|0 fnt\n|-unboost|p2a: Gholdengo|spa|1\n|faint|p1b: Ninetales\n|\n|-weather|Snow|[upkeep]\n|upkeep\n|\n|t:|1698254841\n|switch|p1b: Ogerpon|Ogerpon-Hearthflame-Tera, F, tera:Fire|65\/100\n|-ability|p1b: Ogerpon|Embody Aspect (Hearthflame)|boost\n|-boost|p1b: Ogerpon|atk|1\n|turn|13\n|\n|t:|1698254850\n|move|p1b: Ogerpon|Spiky Shield|p1b: Ogerpon\n|-singleturn|p1b: Ogerpon|move: Protect\n|move|p1a: Sliggoo|Gyro Ball|p2b: Braviary\n|-damage|p2b: Braviary|0 fnt\n|faint|p2b: Braviary\n|move|p2a: Gholdengo|Make It Rain|p1a: Sliggoo|[spread] p1a\n|-activate|p1b: Ogerpon|move: Protect\n|-resisted|p1a: Sliggoo\n|-damage|p1a: Sliggoo|14\/100\n|-unboost|p2a: Gholdengo|spa|1\n|\n|-weather|Snow|[upkeep]\n|upkeep\n|turn|14\n|\n|t:|1698254867\n|move|p1a: Sliggoo|Life Dew|p1a: Sliggoo|[spread] p1a,p1b\n|-heal|p1a: Sliggoo|39\/100\n|-heal|p1b: Ogerpon|91\/100\n|move|p2a: Gholdengo|Make It Rain|p1b: Ogerpon|[spread] p1a,p1b\n|-resisted|p1a: Sliggoo\n|-resisted|p1b: Ogerpon\n|-crit|p1b: Ogerpon\n|-damage|p1a: Sliggoo|30\/100\n|-damage|p1b: Ogerpon|25\/100\n|-unboost|p2a: Gholdengo|spa|1\n|move|p1b: Ogerpon|Ivy Cudgel|p2a: Gholdengo\n|-supereffective|p2a: Gholdengo\n|-damage|p2a: Gholdengo|0 fnt\n|faint|p2a: Gholdengo\n|\n|win|JBUG0617\n|c|\u2606JBUG0617|the crit\n|c|\u2606RogueLax|life dew is horrible\n|c|\u2606JBUG0617|lmao\n|l|\u2606RogueLax\n|c|\u2606JBUG0617|uploading this\n","uploadtime":1698254912,"views":10,"p1id":"jbug0617","p2id":"roguelax","formatid":"gen9doublesou","rating":0,"private":0,"password":""}