{"id":"gen9doublesou-1991537524","p1":"TheRealYardSard","p2":"L4luck","format":"[Gen 9] Doubles OU","log":"|j|\u2606TheRealYardSard\n|j|\u2606L4luck\n|t:|1700086146\n|gametype|doubles\n|player|p1|TheRealYardSard|lucian|1625\n|player|p2|L4luck|guzma|1613\n|teamsize|p1|6\n|teamsize|p2|6\n|gen|9\n|tier|[Gen 9] Doubles OU\n|rated|\n|rule|Species Clause: Limit one of each Pok\u00e9mon\n|rule|OHKO Clause: OHKO moves are banned\n|rule|Evasion Moves Clause: Evasion moves are banned\n|rule|Gravity Sleep Clause: The combination of sleep-inducing moves with imperfect accuracy and Gravity or Gigantamax Orbeetle are banned\n|rule|Endless Battle Clause: Forcing endless battles is banned\n|rule|HP Percentage Mod: HP is shown in percentages\n|clearpoke\n|poke|p1|Rillaboom, M|\n|poke|p1|Ursaluna, F|\n|poke|p1|Cresselia, F|\n|poke|p1|Volcanion|\n|poke|p1|Flutter Mane|\n|poke|p1|Kleavor, F|\n|poke|p2|Tyranitar, M|\n|poke|p2|Gastrodon, F|\n|poke|p2|Gholdengo|\n|poke|p2|Ceruledge, M|\n|poke|p2|Scizor, M|\n|poke|p2|Iron Valiant|\n|teampreview\n|inactive|Battle timer is ON: inactive players will automatically lose when time's up. (requested by TheRealYardSard)\n|\n|t:|1700086176\n|start\n|switch|p1a: Rillaboom|Rillaboom, M|100\/100\n|switch|p1b: Kleavor|Kleavor, F|100\/100\n|switch|p2a: Scizor|Scizor, M|100\/100\n|switch|p2b: Iron Valiant|Iron Valiant|100\/100\n|-fieldstart|move: Grassy Terrain|[from] ability: Grassy Surge|[of] p1a: Rillaboom\n|turn|1\n|\n|t:|1700086197\n|move|p1a: Rillaboom|Fake Out|p2a: Scizor\n|-resisted|p2a: Scizor\n|-damage|p2a: Scizor|93\/100\n|move|p1b: Kleavor|Stone Axe|p2b: Iron Valiant\n|-resisted|p2b: Iron Valiant\n|-damage|p2b: Iron Valiant|67\/100\n|-sidestart|p2: L4luck|move: Stealth Rock\n|move|p2b: Iron Valiant|Aura Sphere|p1b: Kleavor\n|-damage|p1b: Kleavor|44\/100\n|cant|p2a: Scizor|flinch\n|\n|-heal|p1b: Kleavor|50\/100|[from] Grassy Terrain\n|-heal|p2b: Iron Valiant|73\/100|[from] Grassy Terrain\n|-heal|p2a: Scizor|99\/100|[from] Grassy Terrain\n|upkeep\n|turn|2\n|\n|t:|1700086215\n|switch|p1b: Flutter Mane|Flutter Mane|100\/100\n|move|p1a: Rillaboom|Grassy Glide|p2b: Iron Valiant\n|-damage|p2b: Iron Valiant|21\/100\n|move|p2b: Iron Valiant|Aura Sphere|p1b: Flutter Mane\n|-immune|p1b: Flutter Mane\n|move|p2a: Scizor|Bug Bite|p1a: Rillaboom\n|-supereffective|p1a: Rillaboom\n|-damage|p1a: Rillaboom|9\/100\n|\n|-heal|p2b: Iron Valiant|27\/100|[from] Grassy Terrain\n|-heal|p1a: Rillaboom|16\/100|[from] Grassy Terrain\n|-heal|p2a: Scizor|100\/100|[from] Grassy Terrain\n|upkeep\n|turn|3\n|\n|t:|1700086233\n|-end|p1b: Flutter Mane|Protosynthesis|[silent]\n|switch|p1b: Kleavor|Kleavor, F|50\/100\n|move|p1a: Rillaboom|Grassy Glide|p2b: Iron Valiant\n|-damage|p2b: Iron Valiant|0 fnt\n|faint|p2b: Iron Valiant\n|-end|p2b: Iron Valiant|Quark Drive|[silent]\n|move|p2a: Scizor|Bullet Punch|p1b: Kleavor\n|-supereffective|p1b: Kleavor\n|-damage|p1b: Kleavor|0 fnt\n|faint|p1b: Kleavor\n|\n|-heal|p1a: Rillaboom|22\/100|[from] Grassy Terrain\n|upkeep\n|\n|t:|1700086246\n|switch|p2b: Ceruledge|Ceruledge, M|100\/100\n|switch|p1b: Volcanion|Volcanion|100\/100\n|-damage|p2b: Ceruledge|76\/100|[from] Stealth Rock\n|turn|4\n|\n|t:|1700086270\n|switch|p1a: Ursaluna|Ursaluna, F|100\/100\n|switch|p2a: Gastrodon|Gastrodon, F|100\/100\n|-damage|p2a: Gastrodon|94\/100|[from] Stealth Rock\n|move|p2b: Ceruledge|Bitter Blade|p1a: Ursaluna\n|-damage|p1a: Ursaluna|58\/100\n|-heal|p2b: Ceruledge|100\/100|[from] drain|[of] p1a: Ursaluna\n|move|p1b: Volcanion|Steam Eruption|p2a: Gastrodon\n|-activate|p2a: Gastrodon|ability: Storm Drain\n|-ability|p2a: Gastrodon|Storm Drain|boost\n|-boost|p2a: Gastrodon|spa|1\n|\n|-heal|p2a: Gastrodon|100\/100|[from] Grassy Terrain\n|-heal|p1a: Ursaluna|64\/100|[from] Grassy Terrain\n|-status|p1a: Ursaluna|brn|[from] item: Flame Orb\n|upkeep\n|turn|5\n|\n|t:|1700086296\n|switch|p1a: Rillaboom|Rillaboom, M|22\/100\n|move|p2b: Ceruledge|Ally Switch|p2b: Ceruledge\n|swap|p2b: Ceruledge|0|[from] move: Ally Switch\n|move|p1b: Volcanion|Earth Power|p2b: Gastrodon\n|-damage|p2b: Gastrodon|70\/100\n|-unboost|p2b: Gastrodon|spd|1\n|move|p2b: Gastrodon|Earth Power|p1b: Volcanion\n|-supereffective|p1b: Volcanion\n|-damage|p1b: Volcanion|23\/100\n|\n|-heal|p1a: Rillaboom|28\/100|[from] Grassy Terrain\n|-heal|p1b: Volcanion|29\/100|[from] Grassy Terrain\n|-heal|p2b: Gastrodon|76\/100|[from] Grassy Terrain\n|-heal|p2b: Gastrodon|82\/100|[from] item: Leftovers\n|-fieldend|move: Grassy Terrain\n|upkeep\n|turn|6\n|\n|t:|1700086321\n|switch|p1a: Ursaluna|Ursaluna, F|64\/100 brn\n|move|p2b: Gastrodon|Protect|p2b: Gastrodon\n|-singleturn|p2b: Gastrodon|Protect\n|move|p2a: Ceruledge|Poltergeist|p1b: Volcanion|[miss]\n|-miss|p2a: Ceruledge|p1b: Volcanion\n|move|p1b: Volcanion|Earth Power|p2a: Ceruledge\n|-supereffective|p2a: Ceruledge\n|-damage|p2a: Ceruledge|21\/100\n|\n|-heal|p2b: Gastrodon|89\/100|[from] item: Leftovers\n|-damage|p1a: Ursaluna|58\/100 brn|[from] brn\n|upkeep\n|turn|7\n|\n|t:|1700086350\n|move|p2a: Ceruledge|Poltergeist|p1b: Volcanion\n|-activate|p1b: Volcanion|move: Poltergeist|Assault Vest\n|-damage|p1b: Volcanion|0 fnt\n|faint|p1b: Volcanion\n|move|p2b: Gastrodon|Muddy Water|p1a: Ursaluna\n|-supereffective|p1a: Ursaluna\n|-damage|p1a: Ursaluna|0 fnt\n|faint|p1a: Ursaluna\n|\n|-heal|p2b: Gastrodon|95\/100|[from] item: Leftovers\n|upkeep\n|\n|t:|1700086358\n|switch|p1b: Flutter Mane|Flutter Mane|100\/100\n|switch|p1a: Rillaboom|Rillaboom, M|28\/100\n|-fieldstart|move: Grassy Terrain|[from] ability: Grassy Surge|[of] p1a: Rillaboom\n|turn|8\n|\n|t:|1700086379\n|move|p2a: Ceruledge|Ally Switch|p2a: Ceruledge\n|swap|p2a: Ceruledge|1|[from] move: Ally Switch\n|move|p1a: Rillaboom|Grassy Glide|p2a: Gastrodon\n|-supereffective|p2a: Gastrodon\n|-damage|p2a: Gastrodon|0 fnt\n|faint|p2a: Gastrodon\n|move|p1b: Flutter Mane|Shadow Ball|p2b: Ceruledge\n|-supereffective|p2b: Ceruledge\n|-damage|p2b: Ceruledge|0 fnt\n|faint|p2b: Ceruledge\n|\n|-heal|p1a: Rillaboom|34\/100|[from] Grassy Terrain\n|upkeep\n|inactive|L4luck has 120 seconds left.\n|\n|t:|1700086394\n|switch|p2b: Gholdengo|Gholdengo|100\/100\n|switch|p2a: Scizor|Scizor, M|100\/100\n|-damage|p2b: Gholdengo|94\/100|[from] Stealth Rock\n|-damage|p2a: Scizor|88\/100|[from] Stealth Rock\n|turn|9\n|-message|TheRealYardSard forfeited.\n|\n|win|L4luck\n|raw|TheRealYardSard's rating: 1625 &rarr; <strong>1604<\/strong><br \/>(-21 for losing)\n|raw|L4luck's rating: 1613 &rarr; <strong>1634<\/strong><br \/>(+21 for winning)\n|l|\u2606TheRealYardSard\n|l|\u2606L4luck\n","uploadtime":1700086409,"views":7,"p1id":"therealyardsard","p2id":"l4luck","formatid":"gen9doublesou","rating":1604,"private":0,"password":""}