{"id":"gen9doublesou-1970525508","p1":"GOD MAGIKARP11","p2":"ProbSean","format":"[Gen 9] Doubles OU","log":"|j|\u2606GOD MAGIKARP11\n|j|\u2606ProbSean\n|t:|1697645743\n|gametype|doubles\n|player|p1|GOD MAGIKARP11|169|1193\n|player|p2|ProbSean|lusamine-nihilego|1155\n|teamsize|p1|6\n|teamsize|p2|6\n|gen|9\n|tier|[Gen 9] Doubles OU\n|rated|\n|rule|Species Clause: Limit one of each Pok\u00e9mon\n|rule|OHKO Clause: OHKO moves are banned\n|rule|Evasion Moves Clause: Evasion moves are banned\n|rule|Gravity Sleep Clause: The combination of sleep-inducing moves with imperfect accuracy and Gravity or Gigantamax Orbeetle are banned\n|rule|Endless Battle Clause: Forcing endless battles is banned\n|rule|HP Percentage Mod: HP is shown in percentages\n|clearpoke\n|poke|p1|Azelf|\n|poke|p1|Flutter Mane|\n|poke|p1|Bronzong|\n|poke|p1|Garganacl, M|\n|poke|p1|Arcanine, F|\n|poke|p1|Samurott-Hisui, F|\n|poke|p2|Torkoal, M|\n|poke|p2|Regidrago|\n|poke|p2|Lilligant-Hisui, F|\n|poke|p2|Flutter Mane|\n|poke|p2|Iron Hands|\n|poke|p2|Tornadus, M|\n|teampreview\n|\n|t:|1697645755\n|start\n|switch|p1a: Azelf|Azelf|100\/100\n|switch|p1b: Garganacl|Garganacl, M|100\/100\n|switch|p2a: Iron Hands|Iron Hands|100\/100\n|switch|p2b: Tornadus|Tornadus, M, shiny|100\/100\n|-enditem|p2a: Iron Hands|Booster Energy\n|-activate|p2a: Iron Hands|ability: Quark Drive|[fromitem]\n|-start|p2a: Iron Hands|quarkdriveatk\n|turn|1\n|\n|t:|1697645780\n|-terastallize|p1b: Garganacl|Ghost\n|move|p1a: Azelf|Protect|p1a: Azelf\n|-singleturn|p1a: Azelf|Protect\n|move|p2a: Iron Hands|Fake Out|p1a: Azelf\n|-activate|p1a: Azelf|move: Protect\n|move|p2b: Tornadus|Tailwind|p2b: Tornadus\n|-sidestart|p2: ProbSean|move: Tailwind\n|move|p1b: Garganacl|Iron Defense|p1b: Garganacl\n|-boost|p1b: Garganacl|def|2\n|\n|upkeep\n|turn|2\n|inactive|Battle timer is ON: inactive players will automatically lose when time's up. (requested by GOD MAGIKARP11)\n|\n|t:|1697645814\n|-end|p2a: Iron Hands|Quark Drive|[silent]\n|switch|p2a: Torkoal|Torkoal, M, shiny|100\/100\n|-weather|SunnyDay|[from] ability: Drought|[of] p2a: Torkoal\n|move|p2b: Tornadus|Taunt|p1b: Garganacl\n|-start|p1b: Garganacl|move: Taunt\n|move|p1a: Azelf|Thunder Wave|p2b: Tornadus\n|-status|p2b: Tornadus|par\n|move|p1b: Garganacl|Salt Cure|p2a: Torkoal\n|-supereffective|p2a: Torkoal\n|-damage|p2a: Torkoal|83\/100\n|-start|p2a: Torkoal|Salt Cure\n|\n|-weather|SunnyDay|[upkeep]\n|-damage|p2a: Torkoal|71\/100|[from] Salt Cure\n|upkeep\n|turn|3\n|\n|t:|1697645841\n|move|p1a: Azelf|Explosion|p2a: Torkoal|[spread] p2a,p2b\n|-immune|p1b: Garganacl\n|-enditem|p1a: Azelf|Normal Gem|[from] gem\n|-damage|p2a: Torkoal|18\/100\n|-damage|p2b: Tornadus|0 fnt\n|faint|p1a: Azelf\n|faint|p2b: Tornadus\n|move|p2a: Torkoal|Earthquake|p1b: Garganacl\n|-damage|p1b: Garganacl|93\/100\n|move|p1b: Garganacl|Body Press|p2a: Torkoal\n|-damage|p2a: Torkoal|0 fnt\n|faint|p2a: Torkoal\n|\n|-weather|SunnyDay|[upkeep]\n|upkeep\n|\n|t:|1697645862\n|switch|p1a: Arcanine|Arcanine, F|100\/100\n|switch|p2b: Lilligant|Lilligant-Hisui, F, shiny|100\/100\n|switch|p2a: Regidrago|Regidrago, shiny|100\/100\n|-ability|p1a: Arcanine|Intimidate|boost\n|-unboost|p2a: Regidrago|atk|1\n|-unboost|p2b: Lilligant|atk|1\n|turn|4\n|\n|t:|1697645888\n|move|p2b: Lilligant|Close Combat|p1a: Arcanine\n|-damage|p1a: Arcanine|55\/100\n|-unboost|p2b: Lilligant|def|1\n|-unboost|p2b: Lilligant|spd|1\n|move|p2a: Regidrago|Dragon Energy|p1b: Garganacl|[spread] p1a,p1b\n|-damage|p1a: Arcanine|0 fnt\n|-damage|p1b: Garganacl|36\/100\n|faint|p1a: Arcanine\n|move|p1b: Garganacl|Body Press|p2b: Lilligant\n|-enditem|p2b: Lilligant|Focus Sash\n|-damage|p2b: Lilligant|1\/100\n|\n|-weather|SunnyDay|[upkeep]\n|-end|p1b: Garganacl|move: Taunt\n|-sideend|p2: ProbSean|move: Tailwind\n|upkeep\n|inactive|GOD MAGIKARP11 has 120 seconds left.\n|\n|t:|1697645911\n|switch|p1a: Flutter Mane|Flutter Mane|100\/100\n|-activate|p1a: Flutter Mane|ability: Protosynthesis\n|-start|p1a: Flutter Mane|protosynthesisspe\n|turn|5\n|\n|t:|1697645925\n|move|p2b: Lilligant|After You|p2a: Regidrago\n|-activate|p2a: Regidrago|move: After You\n|move|p2a: Regidrago|Dragon Energy|p1b: Garganacl|[spread] p1b\n|-immune|p1a: Flutter Mane\n|-damage|p1b: Garganacl|0 fnt\n|faint|p1b: Garganacl\n|move|p1a: Flutter Mane|Dazzling Gleam|p2b: Lilligant|[spread] p2a,p2b\n|-supereffective|p2a: Regidrago\n|-supereffective|p2b: Lilligant\n|-crit|p2b: Lilligant\n|-damage|p2a: Regidrago|25\/100\n|-damage|p2b: Lilligant|0 fnt\n|faint|p2b: Lilligant\n|\n|-weather|SunnyDay|[upkeep]\n|upkeep\n|\n|t:|1697645938\n|switch|p2b: Iron Hands|Iron Hands|100\/100\n|switch|p1b: Bronzong|Bronzong|100\/100\n|turn|6\n|inactive|ProbSean has 120 seconds left.\n|inactive|ProbSean has 90 seconds left.\n|inactive|ProbSean has 60 seconds left.\n|inactive|ProbSean has 30 seconds left.\n|inactive|ProbSean has 20 seconds left.\n|inactive|ProbSean has 15 seconds left.\n|inactive|ProbSean has 10 seconds left.\n|inactive|ProbSean has 5 seconds left.\n|-message|ProbSean lost due to inactivity.\n|\n|win|GOD MAGIKARP11\n|raw|GOD MAGIKARP11's rating: 1193 &rarr; <strong>1215<\/strong><br \/>(+22 for winning)\n|raw|ProbSean's rating: 1155 &rarr; <strong>1133<\/strong><br \/>(-22 for losing)\n","uploadtime":1697646104,"views":15,"p1id":"godmagikarp11","p2id":"probsean","formatid":"gen9doublesou","rating":1133,"private":0,"password":""}