{"id":"gen9doublesou-1992651335","p1":"DaSensor","p2":"SDWHenryhenz","format":"[Gen 9] Doubles OU","log":"|j|\u2606DaSensor\n|j|\u2606SDWHenryhenz\n|t:|1700220549\n|gametype|doubles\n|player|p1|DaSensor|emmet|1072\n|player|p2|SDWHenryhenz|workerice|1016\n|teamsize|p1|6\n|teamsize|p2|6\n|gen|9\n|tier|[Gen 9] Doubles OU\n|rated|\n|rule|Species Clause: Limit one of each Pok\u00e9mon\n|rule|OHKO Clause: OHKO moves are banned\n|rule|Evasion Moves Clause: Evasion moves are banned\n|rule|Gravity Sleep Clause: The combination of sleep-inducing moves with imperfect accuracy and Gravity or Gigantamax Orbeetle are banned\n|rule|Endless Battle Clause: Forcing endless battles is banned\n|rule|HP Percentage Mod: HP is shown in percentages\n|clearpoke\n|poke|p1|Sneasler, M|\n|poke|p1|Furret, M|\n|poke|p1|Clefable, M|\n|poke|p1|Amoonguss, F|\n|poke|p1|Indeedee-F, F|\n|poke|p1|Breloom, M|\n|poke|p2|Krookodile, M|\n|poke|p2|Meowscarada, F|\n|poke|p2|Amoonguss, F|\n|poke|p2|Armarouge, M|\n|poke|p2|Kingambit, F|\n|poke|p2|Farigiraf, F|\n|teampreview\n|\n|t:|1700220553\n|start\n|switch|p1a: Breloom|Breloom, M, shiny|100\/100\n|switch|p1b: Clefable|Clefable, M|100\/100\n|switch|p2a: Krookodile|Krookodile, M|100\/100\n|switch|p2b: Meowscarada|Meowscarada, F|100\/100\n|turn|1\n|\n|t:|1700220575\n|-terastallize|p2a: Krookodile|Dragon\n|move|p1b: Clefable|Follow Me|p1b: Clefable\n|-singleturn|p1b: Clefable|move: Follow Me\n|move|p2a: Krookodile|Earthquake|p1a: Breloom|[spread] p2b,p1a,p1b\n|-resisted|p2b: Meowscarada\n|-resisted|p1a: Breloom\n|-damage|p2b: Meowscarada|76\/100\n|-damage|p1a: Breloom|75\/100\n|-damage|p1b: Clefable|59\/100\n|move|p2b: Meowscarada|Flower Trick|p1b: Clefable\n|-crit|p1b: Clefable\n|-damage|p1b: Clefable|13\/100\n|-enditem|p1b: Clefable|Aguav Berry|[eat]\n|-heal|p1b: Clefable|47\/100|[from] item: Aguav Berry\n|move|p1a: Breloom|Spore|p2a: Krookodile\n|-status|p2a: Krookodile|slp|[from] move: Spore\n|\n|-status|p1a: Breloom|tox|[from] item: Toxic Orb\n|upkeep\n|turn|2\n|c|\u2606DaSensor|Bro angerpoint huh\n|c|\u2606SDWHenryhenz|yup\n|c|\u2606DaSensor|Nope.\n|\n|t:|1700220602\n|move|p1b: Clefable|Follow Me|p1b: Clefable\n|-singleturn|p1b: Clefable|move: Follow Me\n|cant|p2a: Krookodile|slp\n|move|p2b: Meowscarada|Flower Trick|p1b: Clefable\n|-crit|p1b: Clefable\n|-damage|p1b: Clefable|0 fnt\n|faint|p1b: Clefable\n|move|p1a: Breloom|Bulk Up|p1a: Breloom\n|-boost|p1a: Breloom|atk|1\n|-boost|p1a: Breloom|def|1\n|\n|-heal|p1a: Breloom|87\/100 tox|[from] ability: Poison Heal\n|upkeep\n|\n|t:|1700220617\n|switch|p1b: Furret|Furret, M|100\/100\n|-item|p2a: Krookodile|Choice Scarf|[from] ability: Frisk|[of] p1b: Furret|[identify]\n|-item|p2b: Meowscarada|Focus Sash|[from] ability: Frisk|[of] p1b: Furret|[identify]\n|turn|3\n|\n|t:|1700220630\n|cant|p2a: Krookodile|slp\n|move|p2b: Meowscarada|Flower Trick|p2a: Krookodile\n|-resisted|p2a: Krookodile\n|-crit|p2a: Krookodile\n|-damage|p2a: Krookodile|76\/100 slp\n|-setboost|p2a: Krookodile|atk|6|[from] ability: Anger Point\n|move|p1a: Breloom|Drain Punch|p2a: Krookodile\n|-damage|p2a: Krookodile|15\/100 slp\n|-heal|p1a: Breloom|100\/100 tox|[from] drain|[of] p2a: Krookodile\n|move|p1b: Furret|Agility|p1b: Furret\n|-boost|p1b: Furret|spe|2\n|\n|upkeep\n|turn|4\n|\n|t:|1700220652\n|move|p1b: Furret|Coil|p1b: Furret\n|-boost|p1b: Furret|atk|1\n|-boost|p1b: Furret|def|1\n|-boost|p1b: Furret|accuracy|1\n|-curestatus|p2a: Krookodile|slp|[msg]\n|move|p2a: Krookodile|Earthquake|p1a: Breloom|[spread] p2b,p1a,p1b\n|-resisted|p2b: Meowscarada\n|-resisted|p1a: Breloom\n|-damage|p2b: Meowscarada|0 fnt\n|-damage|p1a: Breloom|31\/100 tox\n|-damage|p1b: Furret|0 fnt\n|faint|p2b: Meowscarada\n|faint|p1b: Furret\n|move|p1a: Breloom|Drain Punch|p2a: Krookodile\n|-damage|p2a: Krookodile|0 fnt\n|-heal|p1a: Breloom|40\/100 tox|[from] drain|[of] p2a: Krookodile\n|faint|p2a: Krookodile\n|\n|-heal|p1a: Breloom|52\/100 tox|[from] ability: Poison Heal\n|upkeep\n|c|\u2606DaSensor|:D\n|\n|t:|1700220672\n|switch|p2b: Amoonguss|Amoonguss, F|100\/100\n|switch|p2a: Armarouge|Armarouge, M|100\/100\n|switch|p1b: Indeedee|Indeedee-F, F|100\/100\n|turn|5\n|c|\u2606DaSensor|Breloom :>\n|c|\u2606SDWHenryhenz|real\n|inactive|Battle timer is ON: inactive players will automatically lose when time's up. (requested by SDWHenryhenz)\n|\n|t:|1700220702\n|move|p1b: Indeedee|Follow Me|p1b: Indeedee\n|-singleturn|p1b: Indeedee|move: Follow Me\n|move|p1a: Breloom|Drain Punch|p2a: Armarouge\n|-resisted|p2a: Armarouge\n|-damage|p2a: Armarouge|78\/100\n|-heal|p1a: Breloom|66\/100 tox|[from] drain|[of] p2a: Armarouge\n|move|p2a: Armarouge|Armor Cannon|p1b: Indeedee\n|-damage|p1b: Indeedee|31\/100\n|-unboost|p2a: Armarouge|def|1\n|-unboost|p2a: Armarouge|spd|1\n|move|p2b: Amoonguss|Foul Play|p1b: Indeedee\n|-supereffective|p1b: Indeedee\n|-damage|p1b: Indeedee|0 fnt\n|faint|p1b: Indeedee\n|\n|-heal|p1a: Breloom|79\/100 tox|[from] ability: Poison Heal\n|upkeep\n|\n|t:|1700220720\n|switch|p1b: Sneasler|Sneasler, M, shiny|100\/100\n|turn|6\n|\n|t:|1700220739\n|move|p1b: Sneasler|Acrobatics|p2b: Amoonguss\n|-supereffective|p2b: Amoonguss\n|-damage|p2b: Amoonguss|55\/100\n|move|p1a: Breloom|Spore|p2a: Armarouge\n|-status|p2a: Armarouge|slp|[from] move: Spore\n|cant|p2a: Armarouge|slp\n|move|p2b: Amoonguss|Body Slam|p1b: Sneasler\n|-damage|p1b: Sneasler|62\/100\n|\n|-heal|p1b: Sneasler|68\/100|[from] item: Leftovers\n|-heal|p1a: Breloom|91\/100 tox|[from] ability: Poison Heal\n|upkeep\n|turn|7\n|c|\u2606DaSensor|Sleep\n|c|\u2606SDWHenryhenz|I wish I could\n|\n|t:|1700220758\n|move|p1b: Sneasler|Swords Dance|p1b: Sneasler\n|-boost|p1b: Sneasler|atk|2\n|move|p1a: Breloom|Bulk Up|p1a: Breloom\n|-boost|p1a: Breloom|atk|1\n|-boost|p1a: Breloom|def|1\n|cant|p2a: Armarouge|slp\n|move|p2b: Amoonguss|Body Slam|p1b: Sneasler\n|-damage|p1b: Sneasler|29\/100\n|\n|-heal|p1b: Sneasler|35\/100|[from] item: Leftovers\n|-heal|p1a: Breloom|100\/100 tox|[from] ability: Poison Heal\n|upkeep\n|turn|8\n|\n|t:|1700220777\n|move|p1b: Sneasler|Dire Claw|p2a: Armarouge\n|-damage|p2a: Armarouge|0 fnt\n|faint|p2a: Armarouge\n|move|p1a: Breloom|Bullet Seed|p2b: Amoonguss\n|-resisted|p2b: Amoonguss\n|-damage|p2b: Amoonguss|50\/100\n|-resisted|p2b: Amoonguss\n|-damage|p2b: Amoonguss|44\/100\n|-resisted|p2b: Amoonguss\n|-damage|p2b: Amoonguss|39\/100\n|-resisted|p2b: Amoonguss\n|-damage|p2b: Amoonguss|33\/100\n|-hitcount|p2b: Amoonguss|4\n|move|p2b: Amoonguss|Body Slam|p1b: Sneasler\n|-damage|p1b: Sneasler|0 fnt\n|faint|p1b: Sneasler\n|\n|upkeep\n|\n|t:|1700220793\n|switch|p1b: Amoonguss|Amoonguss, F|100\/100\n|switch|p2a: Farigiraf|Farigiraf, F|100\/100\n|turn|9\n|\n|t:|1700220808\n|-terastallize|p1a: Breloom|Grass\n|move|p1a: Breloom|Bullet Seed|p2a: Farigiraf\n|-ability|p2a: Farigiraf|Sap Sipper|boost\n|-boost|p2a: Farigiraf|atk|1\n|move|p1b: Amoonguss|Sludge Bomb|p2b: Amoonguss\n|-damage|p2b: Amoonguss|14\/100\n|move|p2a: Farigiraf|Dazzling Gleam|p1a: Breloom|[spread] p1a,p1b\n|-resisted|p1b: Amoonguss\n|-damage|p1a: Breloom|63\/100 tox\n|-damage|p1b: Amoonguss|91\/100\n|move|p2b: Amoonguss|Body Slam|p1a: Breloom\n|-damage|p1a: Breloom|47\/100 tox\n|\n|-heal|p1a: Breloom|60\/100 tox|[from] ability: Poison Heal\n|upkeep\n|turn|10\n|\n|t:|1700220832\n|move|p1a: Breloom|Spore|p2a: Farigiraf\n|-ability|p2a: Farigiraf|Sap Sipper|boost\n|-boost|p2a: Farigiraf|atk|1\n|move|p1b: Amoonguss|Sludge Bomb|p2a: Farigiraf\n|-damage|p2a: Farigiraf|82\/100\n|-status|p2a: Farigiraf|psn\n|move|p2a: Farigiraf|Body Slam|p1a: Breloom\n|-damage|p1a: Breloom|20\/100 tox\n|move|p2b: Amoonguss|Body Slam|p1a: Breloom\n|-damage|p1a: Breloom|2\/100 tox\n|\n|-heal|p1a: Breloom|14\/100 tox|[from] ability: Poison Heal\n|-damage|p2a: Farigiraf|70\/100 psn|[from] psn\n|upkeep\n|turn|11\n|c|\u2606DaSensor|Fr\n|c|\u2606SDWHenryhenz|frfr\n|\n|t:|1700220854\n|move|p1b: Amoonguss|Rage Powder|p1b: Amoonguss\n|-singleturn|p1b: Amoonguss|move: Rage Powder\n|move|p1a: Breloom|Drain Punch|p2b: Amoonguss\n|-resisted|p2b: Amoonguss\n|-damage|p2b: Amoonguss|0 fnt\n|-heal|p1a: Breloom|25\/100 tox|[from] drain|[of] p2b: Amoonguss\n|faint|p2b: Amoonguss\n|move|p2a: Farigiraf|Body Slam|p1b: Amoonguss\n|-damage|p1b: Amoonguss|41\/100\n|\n|-heal|p1a: Breloom|37\/100 tox|[from] ability: Poison Heal\n|-damage|p2a: Farigiraf|57\/100 psn|[from] psn\n|upkeep\n|\n|t:|1700220861\n|switch|p2b: Kingambit|Kingambit, F|100\/100\n|-activate|p2b: Kingambit|ability: Supreme Overlord\n|-start|p2b: Kingambit|fallen4|[silent]\n|turn|12\n|\n|t:|1700220873\n|move|p1b: Amoonguss|Rage Powder|p1b: Amoonguss\n|-singleturn|p1b: Amoonguss|move: Rage Powder\n|move|p1a: Breloom|Drain Punch|p2b: Kingambit\n|-supereffective|p2b: Kingambit\n|-damage|p2b: Kingambit|0 fnt\n|-heal|p1a: Breloom|100\/100 tox|[from] drain|[of] p2b: Kingambit\n|faint|p2b: Kingambit\n|-end|p2b: Kingambit|fallen4|[silent]\n|move|p2a: Farigiraf|Body Slam|p1b: Amoonguss\n|-damage|p1b: Amoonguss|0 fnt\n|faint|p1b: Amoonguss\n|\n|-damage|p2a: Farigiraf|45\/100 psn|[from] psn\n|upkeep\n|turn|13\n|c|\u2606DaSensor|:>\n|\n|t:|1700220885\n|move|p1a: Breloom|Drain Punch|p2a: Farigiraf\n|-damage|p2a: Farigiraf|0 fnt\n|faint|p2a: Farigiraf\n|\n|win|DaSensor\n|raw|DaSensor's rating: 1072 &rarr; <strong>1097<\/strong><br \/>(+25 for winning)\n|raw|SDWHenryhenz's rating: 1016 &rarr; <strong>1006<\/strong><br \/>(-10 for losing)\n|c|\u2606SDWHenryhenz|gg\n|c|\u2606DaSensor|Breloom sweep\n|c|\u2606DaSensor|Gg\n","uploadtime":1700220926,"views":45,"p1id":"dasensor","p2id":"sdwhenryhenz","formatid":"gen9doublesou","rating":1006,"private":0,"password":""}