{"id":"gen9doublesou-1992782056","p1":"xX_Goober2011_Xx","p2":"ganso009","format":"[Gen 9] Doubles OU","log":"|j|\u2606xX_Goober2011_Xx\n|j|\u2606ganso009\n|t:|1700234967\n|gametype|doubles\n|player|p1|xX_Goober2011_Xx|hilda|1125\n|player|p2|ganso009|169|1208\n|teamsize|p1|6\n|teamsize|p2|6\n|gen|9\n|tier|[Gen 9] Doubles OU\n|rated|\n|rule|Species Clause: Limit one of each Pok\u00e9mon\n|rule|OHKO Clause: OHKO moves are banned\n|rule|Evasion Moves Clause: Evasion moves are banned\n|rule|Gravity Sleep Clause: The combination of sleep-inducing moves with imperfect accuracy and Gravity or Gigantamax Orbeetle are banned\n|rule|Endless Battle Clause: Forcing endless battles is banned\n|rule|HP Percentage Mod: HP is shown in percentages\n|clearpoke\n|poke|p1|Sinistcha-Masterpiece|\n|poke|p1|Torkoal, M|\n|poke|p1|Iron Hands|\n|poke|p1|Ursaluna-Bloodmoon, M|\n|poke|p1|Farigiraf, M|\n|poke|p1|Kingambit, M|\n|poke|p2|Gastrodon-East, F|\n|poke|p2|Pelipper, M|\n|poke|p2|Goodra, F|\n|poke|p2|Garganacl, M|\n|poke|p2|Gholdengo|\n|poke|p2|Bronzong|\n|teampreview\n|inactive|Battle timer is ON: inactive players will automatically lose when time's up. (requested by ganso009)\n|\n|t:|1700234991\n|start\n|switch|p1a: Iron Hands|Iron Hands|100\/100\n|switch|p1b: Farigiraf|Farigiraf, M|100\/100\n|switch|p2a: Pelipper|Pelipper, M|100\/100\n|switch|p2b: Gastrodon|Gastrodon-East, F|100\/100\n|-weather|RainDance|[from] ability: Drizzle|[of] p2a: Pelipper\n|turn|1\n|inactive|ganso009 has 120 seconds left.\n|\n|t:|1700235021\n|-terastallize|p2a: Pelipper|Electric\n|move|p1a: Iron Hands|Fake Out|p2a: Pelipper\n|-damage|p2a: Pelipper|84\/100\n|cant|p2a: Pelipper|flinch\n|move|p2b: Gastrodon|Earth Power|p1a: Iron Hands\n|-supereffective|p1a: Iron Hands\n|-damage|p1a: Iron Hands|64\/100\n|move|p1b: Farigiraf|Trick Room|p1b: Farigiraf\n|-fieldstart|move: Trick Room|[of] p1b: Farigiraf\n|\n|-weather|RainDance|[upkeep]\n|upkeep\n|turn|2\n|\n|t:|1700235043\n|move|p1b: Farigiraf|Helping Hand|p1a: Iron Hands\n|-singleturn|p1a: Iron Hands|Helping Hand|[of] p1b: Farigiraf\n|move|p1a: Iron Hands|Heavy Slam|p2a: Pelipper\n|-resisted|p2a: Pelipper\n|-damage|p2a: Pelipper|48\/100\n|move|p2b: Gastrodon|Earth Power|p1a: Iron Hands\n|-supereffective|p1a: Iron Hands\n|-damage|p1a: Iron Hands|31\/100\n|move|p2a: Pelipper|Hurricane|p1a: Iron Hands\n|-damage|p1a: Iron Hands|2\/100\n|-start|p1a: Iron Hands|confusion\n|\n|-weather|RainDance|[upkeep]\n|upkeep\n|turn|3\n|inactive|xX_Goober2011_Xx has 120 seconds left.\n|inactive|ganso009 has 120 seconds left.\n|\n|t:|1700235086\n|switch|p1b: Sinistcha|Sinistcha-Masterpiece|100\/100\n|-heal|p1a: Iron Hands|27\/100|[from] ability: Hospitality|[of] p1b: Sinistcha\n|switch|p2a: Gholdengo|Gholdengo|100\/100\n|-activate|p1a: Iron Hands|confusion\n|move|p1a: Iron Hands|Close Combat|p2a: Gholdengo\n|-immune|p2a: Gholdengo\n|move|p2b: Gastrodon|Earth Power|p1a: Iron Hands\n|-supereffective|p1a: Iron Hands\n|-damage|p1a: Iron Hands|0 fnt\n|faint|p1a: Iron Hands\n|-end|p1a: Iron Hands|Quark Drive|[silent]\n|\n|-weather|RainDance|[upkeep]\n|upkeep\n|inactive|xX_Goober2011_Xx has 90 seconds left.\n|\n|t:|1700235124\n|switch|p1a: Kingambit|Kingambit, M|100\/100\n|turn|4\n|inactive|xX_Goober2011_Xx has 90 seconds left.\n|\n|t:|1700235158\n|move|p1a: Kingambit|Sucker Punch|p2a: Gholdengo\n|-supereffective|p2a: Gholdengo\n|-damage|p2a: Gholdengo|0 fnt\n|faint|p2a: Gholdengo\n|-damage|p1a: Kingambit|91\/100|[from] item: Life Orb\n|move|p2b: Gastrodon|Earth Power|p1a: Kingambit\n|-supereffective|p1a: Kingambit\n|-damage|p1a: Kingambit|34\/100\n|move|p1b: Sinistcha|Matcha Gotcha|p2b: Gastrodon|[miss]\n|-miss|p1b: Sinistcha|p2b: Gastrodon\n|\n|-weather|RainDance|[upkeep]\n|upkeep\n|inactive|ganso009 has 120 seconds left.\n|\n|t:|1700235188\n|switch|p2a: Pelipper|Pelipper, M, tera:Electric|48\/100\n|turn|5\n|\n|t:|1700235202\n|move|p1a: Kingambit|Sucker Punch|p2b: Gastrodon\n|-damage|p2b: Gastrodon|36\/100\n|-damage|p1a: Kingambit|24\/100|[from] item: Life Orb\n|move|p2b: Gastrodon|Earth Power|p1a: Kingambit\n|-supereffective|p1a: Kingambit\n|-damage|p1a: Kingambit|0 fnt\n|faint|p1a: Kingambit\n|move|p1b: Sinistcha|Matcha Gotcha|p2a: Pelipper|[spread] p2a,p2b\n|-supereffective|p2b: Gastrodon\n|-damage|p2a: Pelipper|2\/100\n|-damage|p2b: Gastrodon|0 fnt\n|-status|p2a: Pelipper|brn\n|faint|p2b: Gastrodon\n|move|p2a: Pelipper|Surf|p1b: Sinistcha\n|-resisted|p1b: Sinistcha\n|-damage|p1b: Sinistcha|55\/100\n|\n|-weather|none\n|-damage|p2a: Pelipper|0 fnt|[from] brn\n|faint|p2a: Pelipper\n|-fieldend|move: Trick Room\n|upkeep\n|\n|t:|1700235226\n|switch|p2a: Goodra|Goodra, F|100\/100\n|switch|p2b: Bronzong|Bronzong|100\/100\n|switch|p1a: Torkoal|Torkoal, M|100\/100\n|-weather|SunnyDay|[from] ability: Drought|[of] p1a: Torkoal\n|turn|6\n|inactive|xX_Goober2011_Xx has 120 seconds left.\n|inactive|xX_Goober2011_Xx has 90 seconds left.\n|\n|t:|1700235264\n|move|p2a: Goodra|Flamethrower|p1b: Sinistcha\n|-supereffective|p1b: Sinistcha\n|-damage|p1b: Sinistcha|0 fnt\n|faint|p1b: Sinistcha\n|move|p2b: Bronzong|Light Screen|p2b: Bronzong\n|-sidestart|p2: ganso009|move: Light Screen\n|move|p1a: Torkoal|Eruption|p2b: Bronzong|[spread] p2a,p2b\n|-resisted|p2a: Goodra\n|-supereffective|p2b: Bronzong\n|-damage|p2a: Goodra|85\/100\n|-damage|p2b: Bronzong|14\/100\n|\n|-weather|SunnyDay|[upkeep]\n|-heal|p2b: Bronzong|20\/100|[from] item: Leftovers\n|upkeep\n|inactive|xX_Goober2011_Xx has 90 seconds left.\n|\n|t:|1700235286\n|switch|p1b: Ursaluna|Ursaluna-Bloodmoon, M|100\/100\n|turn|7\n|\n|t:|1700235301\n|-terastallize|p1b: Ursaluna|Normal\n|move|p2a: Goodra|Surf|p1b: Ursaluna|[spread] p2b,p1a,p1b\n|-supereffective|p1a: Torkoal\n|-damage|p2b: Bronzong|16\/100\n|-damage|p1a: Torkoal|70\/100\n|-damage|p1b: Ursaluna|87\/100\n|move|p1b: Ursaluna|Hyper Voice|p2a: Goodra|[spread] p2a,p2b\n|-resisted|p2b: Bronzong\n|-damage|p2a: Goodra|72\/100\n|-damage|p2b: Bronzong|4\/100\n|-enditem|p1b: Ursaluna|Throat Spray\n|-boost|p1b: Ursaluna|spa|1|[from] item: Throat Spray\n|move|p2b: Bronzong|Iron Defense|p2b: Bronzong\n|-boost|p2b: Bronzong|def|2\n|move|p1a: Torkoal|Eruption|p2a: Goodra|[spread] p2a,p2b\n|-resisted|p2a: Goodra\n|-supereffective|p2b: Bronzong\n|-damage|p2a: Goodra|61\/100\n|-damage|p2b: Bronzong|0 fnt\n|faint|p2b: Bronzong\n|\n|-weather|SunnyDay|[upkeep]\n|upkeep\n|\n|t:|1700235318\n|switch|p2b: Garganacl|Garganacl, M|100\/100\n|turn|8\n|inactive|xX_Goober2011_Xx has 120 seconds left.\n|\n|t:|1700235338\n|move|p2b: Garganacl|Protect|p2b: Garganacl\n|-singleturn|p2b: Garganacl|Protect\n|move|p2a: Goodra|Surf|p1a: Torkoal|[spread] p1a,p1b\n|-activate|p2b: Garganacl|move: Protect\n|-supereffective|p1a: Torkoal\n|-damage|p1a: Torkoal|42\/100\n|-damage|p1b: Ursaluna|74\/100\n|move|p1b: Ursaluna|Blood Moon|p2a: Goodra\n|-damage|p2a: Goodra|12\/100\n|move|p1a: Torkoal|Eruption|p2b: Garganacl|[spread] p2a\n|-activate|p2b: Garganacl|move: Protect\n|-resisted|p2a: Goodra\n|-damage|p2a: Goodra|5\/100\n|\n|-weather|SunnyDay|[upkeep]\n|upkeep\n|turn|9\n|inactive|xX_Goober2011_Xx has 120 seconds left.\n|\n|t:|1700235364\n|move|p2a: Goodra|Power Whip|p1b: Ursaluna\n|-damage|p1b: Ursaluna|55\/100\n|move|p2b: Garganacl|Salt Cure|p1b: Ursaluna\n|-damage|p1b: Ursaluna|45\/100\n|-start|p1b: Ursaluna|Salt Cure\n|move|p1b: Ursaluna|Hyper Voice|p2a: Goodra|[spread] p2a,p2b\n|-resisted|p2b: Garganacl\n|-damage|p2a: Goodra|0 fnt\n|-damage|p2b: Garganacl|77\/100\n|faint|p2a: Goodra\n|move|p1a: Torkoal|Eruption|p2b: Garganacl\n|-resisted|p2b: Garganacl\n|-damage|p2b: Garganacl|60\/100\n|\n|-weather|SunnyDay|[upkeep]\n|-heal|p2b: Garganacl|66\/100|[from] item: Leftovers\n|-damage|p1b: Ursaluna|33\/100|[from] Salt Cure\n|upkeep\n|turn|10\n|inactive|xX_Goober2011_Xx has 120 seconds left.\n|inactive|xX_Goober2011_Xx has 90 seconds left.\n|\n|t:|1700235438\n|move|p2b: Garganacl|Salt Cure|p1a: Torkoal\n|-supereffective|p1a: Torkoal\n|-damage|p1a: Torkoal|23\/100\n|-start|p1a: Torkoal|Salt Cure\n|move|p1b: Ursaluna|Blood Moon|p2b: Garganacl\n|-resisted|p2b: Garganacl\n|-damage|p2b: Garganacl|11\/100\n|move|p1a: Torkoal|Eruption|p2b: Garganacl\n|-resisted|p2b: Garganacl\n|-damage|p2b: Garganacl|1\/100\n|\n|-weather|none\n|-heal|p2b: Garganacl|7\/100|[from] item: Leftovers\n|-damage|p1b: Ursaluna|20\/100|[from] Salt Cure\n|-damage|p1a: Torkoal|10\/100|[from] Salt Cure\n|-sideend|p2: ganso009|move: Light Screen\n|upkeep\n|turn|11\n|inactive|xX_Goober2011_Xx has 90 seconds left.\n|\n|t:|1700235459\n|move|p2b: Garganacl|Protect|p2b: Garganacl\n|-singleturn|p2b: Garganacl|Protect\n|move|p1b: Ursaluna|Hyper Voice|p2b: Garganacl\n|-activate|p2b: Garganacl|move: Protect\n|move|p1a: Torkoal|Eruption|p2b: Garganacl\n|-activate|p2b: Garganacl|move: Protect\n|\n|-heal|p2b: Garganacl|13\/100|[from] item: Leftovers\n|-damage|p1b: Ursaluna|8\/100|[from] Salt Cure\n|-damage|p1a: Torkoal|0 fnt|[from] Salt Cure\n|faint|p1a: Torkoal\n|upkeep\n|\n|t:|1700235462\n|switch|p1a: Farigiraf|Farigiraf, M|100\/100\n|turn|12\n|l|\u2606xX_Goober2011_Xx\n|inactive|xX_Goober2011_Xx disconnected and has a minute to reconnect!\n|player|p1|\n|inactive|xX_Goober2011_Xx has 30 seconds to reconnect!\n|inactive|xX_Goober2011_Xx has 20 seconds to reconnect!\n|inactive|xX_Goober2011_Xx has 15 seconds to reconnect!\n|inactive|xX_Goober2011_Xx has 10 seconds to reconnect!\n|inactive|xX_Goober2011_Xx has 5 seconds to reconnect!\n|-message|xX_Goober2011_Xx lost due to inactivity.\n|\n|win|ganso009\n|raw|xX_Goober2011_Xx's rating: 1125 &rarr; <strong>1106<\/strong><br \/>(-19 for losing)\n|raw|ganso009's rating: 1208 &rarr; <strong>1227<\/strong><br \/>(+19 for winning)\n|l|\u2606ganso009\n","uploadtime":1700235538,"views":7,"p1id":"xxgoober2011xx","p2id":"ganso009","formatid":"gen9doublesou","rating":1106,"private":0,"password":""}