{"id":"gen9doublesou-1996265745","p1":"RocketsViability","p2":"am i bind or wrap","format":"[Gen 9] Doubles OU","log":"|j|\u2606RocketsViability\n|j|\u2606am i bind or wrap\n|t:|1700665561\n|gametype|doubles\n|player|p1|RocketsViability|102|1213\n|player|p2|am i bind or wrap|266|1134\n|teamsize|p1|6\n|teamsize|p2|6\n|gen|9\n|tier|[Gen 9] Doubles OU\n|rated|\n|rule|Species Clause: Limit one of each Pok\u00e9mon\n|rule|OHKO Clause: OHKO moves are banned\n|rule|Evasion Moves Clause: Evasion moves are banned\n|rule|Gravity Sleep Clause: The combination of sleep-inducing moves with imperfect accuracy and Gravity or Gigantamax Orbeetle are banned\n|rule|Endless Battle Clause: Forcing endless battles is banned\n|rule|HP Percentage Mod: HP is shown in percentages\n|clearpoke\n|poke|p1|Ninetales-Alola, M|\n|poke|p1|Trevenant, M|\n|poke|p1|Goodra-Hisui, F|\n|poke|p1|Sandslash-Alola, M|\n|poke|p1|Houndoom, F|\n|poke|p1|Empoleon, M|\n|poke|p2|Muk-Alola, M|\n|poke|p2|Passimian, F|\n|poke|p2|Shaymin-Sky|\n|poke|p2|Azumarill, M|\n|poke|p2|Bombirdier, F|\n|poke|p2|Squawkabilly-White, F|\n|teampreview\n|inactive|Battle timer is ON: inactive players will automatically lose when time's up. (requested by am i bind or wrap)\n|\n|t:|1700665573\n|start\n|switch|p1a: Trevenant|Trevenant, M|100\/100\n|switch|p1b: Ninetales|Ninetales-Alola, M|100\/100\n|switch|p2a: Passimian|Passimian, F|100\/100\n|switch|p2b: Bombirdier|Bombirdier, F|100\/100\n|-weather|Snow|[from] ability: Snow Warning|[of] p1b: Ninetales\n|turn|1\n|\n|t:|1700665590\n|move|p2a: Passimian|Rock Slide|p1b: Ninetales|[spread] p1a,p1b\n|-crit|p1a: Trevenant\n|-supereffective|p1b: Ninetales\n|-damage|p1a: Trevenant|68\/100\n|-damage|p1b: Ninetales|61\/100\n|move|p1b: Ninetales|Aurora Veil|p1b: Ninetales\n|-sidestart|p1: RocketsViability|move: Aurora Veil\n|move|p2b: Bombirdier|Rock Slide|p1a: Trevenant|[spread] p1a,p1b\n|-supereffective|p1b: Ninetales\n|-damage|p1a: Trevenant|37\/100\n|-damage|p1b: Ninetales|8\/100\n|-enditem|p1a: Trevenant|Sitrus Berry|[eat]\n|-heal|p1a: Trevenant|61\/100|[from] item: Sitrus Berry\n|move|p1a: Trevenant|Toxic|p2a: Passimian\n|-status|p2a: Passimian|tox\n|\n|-weather|Snow|[upkeep]\n|-damage|p2a: Passimian|94\/100 tox|[from] psn\n|-item|p1a: Trevenant|Sitrus Berry|[from] ability: Harvest\n|upkeep\n|turn|2\n|\n|t:|1700665610\n|move|p2a: Passimian|Rock Slide|p1b: Ninetales|[spread] p1a,p1b\n|-supereffective|p1b: Ninetales\n|-damage|p1a: Trevenant|48\/100\n|-damage|p1b: Ninetales|0 fnt\n|-enditem|p1a: Trevenant|Sitrus Berry|[eat]\n|-heal|p1a: Trevenant|72\/100|[from] item: Sitrus Berry\n|faint|p1b: Ninetales\n|move|p2b: Bombirdier|Rock Slide|p1a: Trevenant\n|-damage|p1a: Trevenant|29\/100\n|cant|p1a: Trevenant|flinch\n|\n|-weather|Snow|[upkeep]\n|-damage|p2a: Passimian|82\/100 tox|[from] psn\n|-item|p1a: Trevenant|Sitrus Berry|[from] ability: Harvest\n|upkeep\n|-enditem|p1a: Trevenant|Sitrus Berry|[eat]\n|-heal|p1a: Trevenant|54\/100|[from] item: Sitrus Berry\n|\n|t:|1700665628\n|switch|p1b: Sandslash|Sandslash-Alola, M|100\/100\n|turn|3\n|\n|t:|1700665638\n|move|p1b: Sandslash|Ice Shard|p2b: Bombirdier\n|-supereffective|p2b: Bombirdier\n|-damage|p2b: Bombirdier|49\/100\n|move|p2a: Passimian|Rock Slide|p1b: Sandslash|[spread] p1a,p1b\n|-damage|p1a: Trevenant|40\/100\n|-damage|p1b: Sandslash|94\/100\n|move|p2b: Bombirdier|Rock Slide|p1b: Sandslash|[spread] p1b\n|-miss|p2b: Bombirdier|p1a: Trevenant\n|-damage|p1b: Sandslash|78\/100\n|move|p1a: Trevenant|Disable|p2b: Bombirdier\n|-start|p2b: Bombirdier|Disable|Rock Slide\n|\n|-weather|Snow|[upkeep]\n|-damage|p2a: Passimian|64\/100 tox|[from] psn\n|-item|p1a: Trevenant|Sitrus Berry|[from] ability: Harvest\n|upkeep\n|-enditem|p1a: Trevenant|Sitrus Berry|[eat]\n|-heal|p1a: Trevenant|65\/100|[from] item: Sitrus Berry\n|turn|4\n|\n|t:|1700665662\n|move|p1b: Sandslash|Ice Shard|p2b: Bombirdier\n|-supereffective|p2b: Bombirdier\n|-damage|p2b: Bombirdier|0 fnt\n|faint|p2b: Bombirdier\n|-ability|p2a: Passimian|Rocky Payload|[from] ability: Receiver|[of] p2b: Bombirdier\n|move|p2a: Passimian|Rock Slide|p1b: Sandslash|[spread] p1a\n|-miss|p2a: Passimian|p1b: Sandslash\n|-damage|p1a: Trevenant|45\/100\n|move|p1a: Trevenant|Disable|p2a: Passimian\n|-start|p2a: Passimian|Disable|Rock Slide\n|\n|-weather|Snow|[upkeep]\n|-damage|p2a: Passimian|39\/100 tox|[from] psn\n|upkeep\n|inactive|am i bind or wrap has 120 seconds left.\n|\n|t:|1700665677\n|switch|p2b: Muk|Muk-Alola, M|100\/100\n|turn|5\n|\n|t:|1700665688\n|switch|p2a: Azumarill|Azumarill, M|100\/100\n|move|p1b: Sandslash|Leech Life|p2b: Muk\n|-damage|p2b: Muk|76\/100\n|-heal|p1b: Sandslash|90\/100|[from] drain|[of] p2b: Muk\n|move|p1a: Trevenant|Horn Leech|p2a: Azumarill\n|-supereffective|p2a: Azumarill\n|-damage|p2a: Azumarill|35\/100\n|-heal|p1a: Trevenant|75\/100|[from] drain|[of] p2a: Azumarill\n|move|p2b: Muk|Drain Punch|p1b: Sandslash\n|-supereffective|p1b: Sandslash\n|-damage|p1b: Sandslash|54\/100\n|-heal|p2b: Muk|94\/100|[from] drain|[of] p1b: Sandslash\n|\n|-weather|Snow|[upkeep]\n|-damage|p2a: Azumarill|22\/100|[from] item: Black Sludge\n|-heal|p2b: Muk|99\/100|[from] item: Black Sludge\n|-sideend|p1: RocketsViability|move: Aurora Veil\n|upkeep\n|turn|6\n|\n|t:|1700665713\n|move|p2a: Azumarill|Knock Off|p1a: Trevenant\n|-supereffective|p1a: Trevenant\n|-damage|p1a: Trevenant|12\/100\n|move|p1b: Sandslash|Leech Life|p2a: Azumarill\n|-resisted|p2a: Azumarill\n|-damage|p2a: Azumarill|6\/100\n|-heal|p1b: Sandslash|62\/100|[from] drain|[of] p2a: Azumarill\n|move|p1a: Trevenant|Disable|p2b: Muk\n|-start|p2b: Muk|Disable|Drain Punch\n|cant|p2b: Muk|Disable|Drain Punch\n|\n|-weather|Snow|[upkeep]\n|-damage|p2a: Azumarill|0 fnt|[from] item: Black Sludge\n|faint|p2a: Azumarill\n|-ability|p2b: Muk|Huge Power|[from] ability: Power of Alchemy|[of] p2a: Azumarill\n|-heal|p2b: Muk|100\/100|[from] item: Black Sludge\n|upkeep\n|inactive|am i bind or wrap has 120 seconds left.\n|\n|t:|1700665731\n|switch|p2a: Passimian|Passimian, F|39\/100 tox\n|turn|7\n|\n|t:|1700665753\n|switch|p1a: Empoleon|Empoleon, M|100\/100\n|move|p2b: Muk|Protect|p2b: Muk\n|-singleturn|p2b: Muk|Protect\n|move|p2a: Passimian|Rock Slide|p1b: Sandslash|[spread] p1b\n|-miss|p2a: Passimian|p1a: Empoleon\n|-damage|p1b: Sandslash|51\/100\n|cant|p1b: Sandslash|flinch\n|\n|-weather|Snow|[upkeep]\n|-damage|p2a: Passimian|33\/100 tox|[from] psn\n|upkeep\n|turn|8\n|\n|t:|1700665777\n|switch|p1b: Trevenant|Trevenant, M|12\/100\n|move|p2a: Passimian|Rock Slide|p1b: Trevenant|[spread] p1a,p1b\n|-resisted|p1a: Empoleon\n|-damage|p1a: Empoleon|92\/100\n|-damage|p1b: Trevenant|0 fnt\n|faint|p1b: Trevenant\n|move|p1a: Empoleon|Blizzard|p2a: Passimian|[spread] p2a,p2b\n|-damage|p2a: Passimian|0 fnt\n|-damage|p2b: Muk|75\/100\n|faint|p2a: Passimian\n|move|p2b: Muk|Rock Slide|p1a: Empoleon|[miss]\n|-miss|p2b: Muk|p1a: Empoleon\n|\n|-weather|none\n|-heal|p1a: Empoleon|98\/100|[from] item: Leftovers\n|-heal|p2b: Muk|81\/100|[from] item: Black Sludge\n|upkeep\n|\n|t:|1700665804\n|switch|p2a: Shaymin|Shaymin-Sky|100\/100\n|switch|p1b: Sandslash|Sandslash-Alola, M|51\/100\n|turn|9\n|\n|t:|1700665818\n|move|p1b: Sandslash|Ice Shard|p2a: Shaymin\n|-supereffective|p2a: Shaymin\n|-damage|p2a: Shaymin|4\/100\n|move|p2a: Shaymin|Seed Flare|p1a: Empoleon\n|-damage|p1a: Empoleon|38\/100\n|move|p1a: Empoleon|Hydro Pump|p2b: Muk\n|-damage|p2b: Muk|32\/100\n|move|p2b: Muk|Knock Off|p1b: Sandslash\n|-damage|p1b: Sandslash|0 fnt\n|-enditem|p1b: Sandslash|Bright Powder|[from] move: Knock Off|[of] p2b: Muk\n|faint|p1b: Sandslash\n|\n|-heal|p2a: Shaymin|10\/100|[from] item: Leftovers\n|-heal|p1a: Empoleon|44\/100|[from] item: Leftovers\n|-heal|p2b: Muk|38\/100|[from] item: Black Sludge\n|-end|p2b: Muk|Disable\n|upkeep\n|\n|t:|1700665835\n|switch|p1b: Goodra|Goodra-Hisui, F|100\/100\n|turn|10\n|\n|t:|1700665850\n|move|p1a: Empoleon|Protect|p1a: Empoleon\n|-singleturn|p1a: Empoleon|Protect\n|move|p2a: Shaymin|Earth Power|p1b: Goodra\n|-supereffective|p1b: Goodra\n|-damage|p1b: Goodra|57\/100\n|move|p1b: Goodra|Blizzard|p2a: Shaymin|[spread] p2b\n|-miss|p1b: Goodra|p2a: Shaymin\n|-damage|p2b: Muk|16\/100\n|move|p2b: Muk|Drain Punch|p1a: Empoleon\n|-activate|p1a: Empoleon|move: Protect\n|\n|-heal|p2a: Shaymin|17\/100|[from] item: Leftovers\n|-heal|p1a: Empoleon|50\/100|[from] item: Leftovers\n|-heal|p2b: Muk|22\/100|[from] item: Black Sludge\n|upkeep\n|turn|11\n|\n|t:|1700665872\n|move|p2b: Muk|Protect|p2b: Muk\n|-singleturn|p2b: Muk|Protect\n|move|p2a: Shaymin|Earth Power|p1a: Empoleon\n|-supereffective|p1a: Empoleon\n|-damage|p1a: Empoleon|0 fnt\n|faint|p1a: Empoleon\n|move|p1b: Goodra|Blizzard|p2b: Muk|[spread] p2a\n|-activate|p2b: Muk|move: Protect\n|-supereffective|p2a: Shaymin\n|-damage|p2a: Shaymin|0 fnt\n|faint|p2a: Shaymin\n|\n|-heal|p2b: Muk|28\/100|[from] item: Black Sludge\n|upkeep\n|\n|t:|1700665884\n|switch|p2a: Squawkabilly|Squawkabilly-White, F|100\/100\n|switch|p1a: Houndoom|Houndoom, F|100\/100\n|turn|12\n|\n|t:|1700665901\n|-terastallize|p1a: Houndoom|Dark\n|move|p2a: Squawkabilly|Final Gambit|p1b: Goodra\n|-damage|p1b: Goodra|0 fnt\n|faint|p2a: Squawkabilly\n|faint|p1b: Goodra\n|move|p1a: Houndoom|Flare Blitz|p2b: Muk\n|-damage|p2b: Muk|0 fnt\n|faint|p2b: Muk\n|-damage|p1a: Houndoom|90\/100|[from] Recoil\n|-damage|p1a: Houndoom|80\/100|[from] item: Life Orb\n|\n|win|RocketsViability\n|raw|RocketsViability's rating: 1213 &rarr; <strong>1232<\/strong><br \/>(+19 for winning)\n|raw|am i bind or wrap's rating: 1134 &rarr; <strong>1115<\/strong><br \/>(-19 for losing)\n|l|\u2606am i bind or wrap\n","uploadtime":1700665921,"views":2,"p1id":"rocketsviability","p2id":"amibindorwrap","formatid":"gen9doublesou","rating":1115,"private":0,"password":""}