{"id":"gen9doublesou-1970395912","p1":"RocketsViability","p2":"Twitchy\u2014gg","format":"[Gen 9] Doubles OU","log":"|j|\u2606RocketsViability\n|j|\u2606Twitchy\u2014gg\n|t:|1697635385\n|gametype|doubles\n|player|p1|RocketsViability|266|1171\n|player|p2|Twitchy\u2014gg|169|1231\n|teamsize|p1|6\n|teamsize|p2|6\n|gen|9\n|tier|[Gen 9] Doubles OU\n|rated|\n|rule|Species Clause: Limit one of each Pok\u00e9mon\n|rule|OHKO Clause: OHKO moves are banned\n|rule|Evasion Moves Clause: Evasion moves are banned\n|rule|Gravity Sleep Clause: The combination of sleep-inducing moves with imperfect accuracy and Gravity or Gigantamax Orbeetle are banned\n|rule|Endless Battle Clause: Forcing endless battles is banned\n|rule|HP Percentage Mod: HP is shown in percentages\n|clearpoke\n|poke|p1|Ninetales-Alola, M|\n|poke|p1|Trevenant, M|\n|poke|p1|Goodra-Hisui, M|\n|poke|p1|Sandslash-Alola, F|\n|poke|p1|Torterra, F|\n|poke|p1|Empoleon, F|\n|poke|p2|Manaphy|\n|poke|p2|Ogerpon-Wellspring, F|\n|poke|p2|Mew|\n|poke|p2|Mamoswine, F|\n|poke|p2|Dragonite, F|\n|poke|p2|Chien-Pao|\n|teampreview\n|\n|t:|1697635393\n|start\n|switch|p1a: Trevenant|Trevenant, M|100\/100\n|switch|p1b: Torterra|Torterra, F|100\/100\n|switch|p2a: Manaphy|Manaphy|100\/100\n|switch|p2b: Ogerpon|Ogerpon-Wellspring, F|100\/100\n|turn|1\n|j| faiirybread\n|\n|t:|1697635417\n|-terastallize|p2a: Manaphy|Steel\n|move|p2b: Ogerpon|Follow Me|p2b: Ogerpon\n|-singleturn|p2b: Ogerpon|move: Follow Me\n|move|p2a: Manaphy|Tail Glow|p2a: Manaphy\n|-boost|p2a: Manaphy|spa|3\n|move|p1b: Torterra|Shell Smash|p1b: Torterra\n|-unboost|p1b: Torterra|def|1\n|-unboost|p1b: Torterra|spd|1\n|-boost|p1b: Torterra|atk|2\n|-boost|p1b: Torterra|spa|2\n|-boost|p1b: Torterra|spe|2\n|move|p1a: Trevenant|Disable|p2b: Ogerpon\n|-start|p2b: Ogerpon|Disable|Follow Me\n|\n|upkeep\n|turn|2\n|\n|t:|1697635467\n|move|p1a: Trevenant|Ally Switch|p1a: Trevenant\n|swap|p1a: Trevenant|1|[from] move: Ally Switch\n|move|p1a: Torterra|Bullet Seed|p2a: Manaphy\n|-resisted|p2a: Manaphy\n|-damage|p2a: Manaphy|91\/100\n|-resisted|p2a: Manaphy\n|-damage|p2a: Manaphy|82\/100\n|-resisted|p2a: Manaphy\n|-crit|p2a: Manaphy\n|-damage|p2a: Manaphy|67\/100\n|-resisted|p2a: Manaphy\n|-damage|p2a: Manaphy|58\/100\n|-hitcount|p2a: Manaphy|4\n|move|p2b: Ogerpon|Rain Dance|p2b: Ogerpon\n|-weather|RainDance\n|move|p2a: Manaphy|Stored Power|p1b: Trevenant\n|-damage|p1b: Trevenant|69\/100\n|\n|-weather|RainDance|[upkeep]\n|upkeep\n|turn|3\n|\n|t:|1697635499\n|move|p1a: Torterra|Bullet Seed|p2a: Manaphy\n|-resisted|p2a: Manaphy\n|-damage|p2a: Manaphy|48\/100\n|-resisted|p2a: Manaphy\n|-damage|p2a: Manaphy|38\/100\n|-resisted|p2a: Manaphy\n|-damage|p2a: Manaphy|29\/100\n|-resisted|p2a: Manaphy\n|-damage|p2a: Manaphy|19\/100\n|-resisted|p2a: Manaphy\n|-damage|p2a: Manaphy|10\/100\n|-hitcount|p2a: Manaphy|5\n|move|p2b: Ogerpon|Taunt|p1b: Trevenant\n|-start|p1b: Trevenant|move: Taunt\n|move|p2a: Manaphy|Surf|p1a: Torterra|[spread] p1a,p1b\n|-immune|p2b: Ogerpon|[from] ability: Water Absorb\n|-resisted|p1b: Trevenant\n|-damage|p1a: Torterra|0 fnt\n|-damage|p1b: Trevenant|36\/100\n|-enditem|p1b: Trevenant|Sitrus Berry|[eat]\n|-heal|p1b: Trevenant|61\/100|[from] item: Sitrus Berry\n|faint|p1a: Torterra\n|cant|p1b: Trevenant|move: Taunt|Toxic\n|\n|-weather|RainDance|[upkeep]\n|-item|p1b: Trevenant|Sitrus Berry|[from] ability: Harvest\n|upkeep\n|\n|t:|1697635518\n|switch|p1a: Empoleon|Empoleon, F|100\/100\n|turn|4\n|\n|t:|1697635537\n|switch|p1b: Ninetales|Ninetales-Alola, M|100\/100\n|-weather|Snow|[from] ability: Snow Warning|[of] p1b: Ninetales\n|move|p2b: Ogerpon|Taunt|p1a: Empoleon\n|-start|p1a: Empoleon|move: Taunt\n|move|p2a: Manaphy|Rest|p2a: Manaphy\n|-status|p2a: Manaphy|slp|[from] move: Rest\n|-heal|p2a: Manaphy|100\/100 slp|[silent]\n|move|p1a: Empoleon|Blizzard|p2a: Manaphy|[spread] p2a,p2b\n|-resisted|p2a: Manaphy\n|-damage|p2a: Manaphy|91\/100 slp\n|-damage|p2b: Ogerpon|80\/100\n|\n|-weather|Snow|[upkeep]\n|upkeep\n|turn|5\n|l| faiirybread\n|\n|t:|1697635560\n|move|p1b: Ninetales|Aurora Veil|p1b: Ninetales\n|-sidestart|p1: RocketsViability|move: Aurora Veil\n|move|p2b: Ogerpon|Rain Dance|p2b: Ogerpon\n|-weather|RainDance\n|cant|p2a: Manaphy|slp\n|move|p1a: Empoleon|Air Slash|p2b: Ogerpon\n|-supereffective|p2b: Ogerpon\n|-damage|p2b: Ogerpon|41\/100\n|\n|-weather|RainDance|[upkeep]\n|-activate|p2a: Manaphy|ability: Hydration\n|-curestatus|p2a: Manaphy|slp|[msg]\n|-end|p2b: Ogerpon|Disable\n|upkeep\n|turn|6\n|\n|t:|1697635578\n|move|p1b: Ninetales|Psyshock|p2a: Manaphy\n|-resisted|p2a: Manaphy\n|-damage|p2a: Manaphy|82\/100\n|move|p2b: Ogerpon|Brick Break|p1a: Empoleon\n|-sideend|p1: RocketsViability|move: Aurora Veil\n|-supereffective|p1a: Empoleon\n|-damage|p1a: Empoleon|52\/100\n|move|p2a: Manaphy|Surf|p1a: Empoleon|[spread] p1a,p1b\n|-heal|p2b: Ogerpon|66\/100|[from] ability: Water Absorb|[of] p2a: Manaphy\n|-resisted|p1a: Empoleon\n|-damage|p1a: Empoleon|10\/100\n|-damage|p1b: Ninetales|3\/100\n|move|p1a: Empoleon|Hydro Pump|p2a: Manaphy\n|-damage|p2a: Manaphy|27\/100\n|-heal|p1a: Empoleon|18\/100|[from] item: Shell Bell|[of] p2a: Manaphy\n|\n|-weather|RainDance|[upkeep]\n|-end|p1a: Empoleon|move: Taunt\n|upkeep\n|turn|7\n|\n|t:|1697635602\n|move|p1a: Empoleon|Protect|p1a: Empoleon\n|-singleturn|p1a: Empoleon|Protect\n|move|p1b: Ninetales|Aurora Veil||[still]\n|-fail|p1b: Ninetales\n|move|p2b: Ogerpon|Brick Break|p1a: Empoleon\n|-activate|p1a: Empoleon|move: Protect\n|move|p2a: Manaphy|Rest|p2a: Manaphy\n|-status|p2a: Manaphy|slp|[from] move: Rest\n|-heal|p2a: Manaphy|100\/100 slp|[silent]\n|\n|-weather|RainDance|[upkeep]\n|-activate|p2a: Manaphy|ability: Hydration\n|-curestatus|p2a: Manaphy|slp|[msg]\n|upkeep\n|turn|8\n|\n|t:|1697635619\n|switch|p1b: Sandslash|Sandslash-Alola, F|100\/100\n|move|p2b: Ogerpon|Follow Me|p2b: Ogerpon\n|-singleturn|p2b: Ogerpon|move: Follow Me\n|move|p2a: Manaphy|Surf|p1a: Empoleon|[spread] p1a,p1b\n|-heal|p2b: Ogerpon|91\/100|[from] ability: Water Absorb|[of] p2a: Manaphy\n|-resisted|p1a: Empoleon\n|-damage|p1a: Empoleon|0 fnt\n|-damage|p1b: Sandslash|0 fnt\n|faint|p1a: Empoleon\n|faint|p1b: Sandslash\n|\n|-weather|RainDance|[upkeep]\n|upkeep\n|\n|t:|1697635631\n|switch|p1b: Goodra|Goodra-Hisui, M|100\/100\n|switch|p1a: Ninetales|Ninetales-Alola, M|3\/100\n|-weather|Snow|[from] ability: Snow Warning|[of] p1a: Ninetales\n|turn|9\n|\n|t:|1697635648\n|move|p1a: Ninetales|Aurora Veil|p1a: Ninetales\n|-sidestart|p1: RocketsViability|move: Aurora Veil\n|move|p2b: Ogerpon|Brick Break|p1b: Goodra\n|-sideend|p1: RocketsViability|move: Aurora Veil\n|-supereffective|p1b: Goodra\n|-damage|p1b: Goodra|56\/100\n|-damage|p2b: Ogerpon|75\/100|[from] item: Rocky Helmet|[of] p1b: Goodra\n|move|p2a: Manaphy|Surf|p1b: Goodra|[spread] p1a,p1b\n|-heal|p2b: Ogerpon|99\/100|[from] ability: Water Absorb|[of] p2a: Manaphy\n|-resisted|p1b: Goodra\n|-damage|p1a: Ninetales|0 fnt\n|-damage|p1b: Goodra|38\/100\n|faint|p1a: Ninetales\n|move|p1b: Goodra|Flamethrower|p2a: Manaphy\n|-supereffective|p2a: Manaphy\n|-damage|p2a: Manaphy|60\/100\n|\n|-weather|Snow|[upkeep]\n|upkeep\n|\n|t:|1697635661\n|switch|p1a: Trevenant|Trevenant, M|61\/100\n|turn|10\n|\n|t:|1697635667\n|move|p1a: Trevenant|Ally Switch|p1a: Trevenant\n|swap|p1a: Trevenant|1|[from] move: Ally Switch\n|move|p2b: Ogerpon|Brick Break|p1b: Trevenant\n|-immune|p1b: Trevenant\n|move|p2a: Manaphy|Surf|p1a: Goodra|[spread] p1a,p1b\n|-heal|p2b: Ogerpon|100\/100|[from] ability: Water Absorb|[of] p2a: Manaphy\n|-resisted|p1a: Goodra\n|-resisted|p1b: Trevenant\n|-damage|p1a: Goodra|19\/100\n|-damage|p1b: Trevenant|41\/100\n|-enditem|p1b: Trevenant|Sitrus Berry|[eat]\n|-heal|p1b: Trevenant|65\/100|[from] item: Sitrus Berry\n|move|p1a: Goodra|Flamethrower|p2a: Manaphy\n|-supereffective|p2a: Manaphy\n|-damage|p2a: Manaphy|20\/100\n|\n|-weather|Snow|[upkeep]\n|upkeep\n|turn|11\n|\n|t:|1697635687\n|move|p2b: Ogerpon|Brick Break|p1a: Goodra\n|-supereffective|p1a: Goodra\n|-damage|p1a: Goodra|0 fnt\n|-damage|p2b: Ogerpon|84\/100|[from] item: Rocky Helmet|[of] p1a: Goodra\n|faint|p1a: Goodra\n|move|p2a: Manaphy|Stored Power|p1b: Trevenant\n|-damage|p1b: Trevenant|34\/100\n|move|p1b: Trevenant|Disable|p2b: Ogerpon\n|-start|p2b: Ogerpon|Disable|Brick Break\n|\n|-weather|Snow|[upkeep]\n|upkeep\n|turn|12\n|\n|t:|1697635710\n|move|p2b: Ogerpon|Rain Dance|p2b: Ogerpon\n|-weather|RainDance\n|move|p2a: Manaphy|Rest|p2a: Manaphy\n|-status|p2a: Manaphy|slp|[from] move: Rest\n|-heal|p2a: Manaphy|100\/100 slp|[silent]\n|move|p1b: Trevenant|Horn Leech|p2a: Manaphy\n|-resisted|p2a: Manaphy\n|-damage|p2a: Manaphy|91\/100 slp\n|-heal|p1b: Trevenant|39\/100|[from] drain|[of] p2a: Manaphy\n|\n|-weather|RainDance|[upkeep]\n|-activate|p2a: Manaphy|ability: Hydration\n|-curestatus|p2a: Manaphy|slp|[msg]\n|upkeep\n|turn|13\n|\n|t:|1697635726\n|move|p2b: Ogerpon|Follow Me|p2b: Ogerpon\n|-singleturn|p2b: Ogerpon|move: Follow Me\n|move|p2a: Manaphy|Stored Power|p1b: Trevenant\n|-damage|p1b: Trevenant|2\/100\n|move|p1b: Trevenant|Toxic|p2b: Ogerpon\n|-status|p2b: Ogerpon|tox\n|\n|-weather|RainDance|[upkeep]\n|-damage|p2b: Ogerpon|78\/100 tox|[from] psn\n|upkeep\n|turn|14\n|-message|RocketsViability forfeited.\n|\n|win|Twitchy\u2014gg\n|raw|RocketsViability's rating: 1171 &rarr; <strong>1150<\/strong><br \/>(-21 for losing)\n|raw|Twitchy\u2014gg's rating: 1231 &rarr; <strong>1252<\/strong><br \/>(+21 for winning)\n|l|\u2606RocketsViability\n|c|\u2606Twitchy\u2014gg|gg\n","uploadtime":1697635745,"views":17,"p1id":"rocketsviability","p2id":"twitchygg","formatid":"gen9doublesou","rating":1150,"private":0,"password":""}