{"id":"gen9doublesou-1992926925","p1":"Mr Dangerzone","p2":"Penter","format":"[Gen 9] Doubles OU","log":"|j|\u2606Mr Dangerzone\n|j|\u2606Penter\n|inactive|Battle timer is ON: inactive players will automatically lose when time's up.\n|t:|1700247503\n|gametype|doubles\n|player|p1|Mr Dangerzone|swimmerm-gen2|\n|player|p2|Penter|n|\n|teamsize|p1|6\n|teamsize|p2|6\n|gen|9\n|tier|[Gen 9] Doubles OU\n|rated|Tournament battle\n|rule|Species Clause: Limit one of each Pok\u00e9mon\n|rule|OHKO Clause: OHKO moves are banned\n|rule|Evasion Moves Clause: Evasion moves are banned\n|rule|Gravity Sleep Clause: The combination of sleep-inducing moves with imperfect accuracy and Gravity or Gigantamax Orbeetle are banned\n|rule|Endless Battle Clause: Forcing endless battles is banned\n|rule|HP Percentage Mod: HP is shown in percentages\n|clearpoke\n|poke|p1|Moltres-Galar|\n|poke|p1|Sinistcha|\n|poke|p1|Iron Hands|\n|poke|p1|Arcanine-Hisui, M|\n|poke|p1|Flutter Mane|\n|poke|p1|Ogerpon-Wellspring, F|\n|poke|p2|Glimmora, F|\n|poke|p2|Gholdengo|\n|poke|p2|Iron Hands|\n|poke|p2|Landorus-Therian, M|\n|poke|p2|Tornadus, M|\n|poke|p2|Ogerpon-Hearthflame, F|\n|teampreview\n|inactive|Mr Dangerzone also wants the timer to be on.\n|inactive|Mr Dangerzone has 120 seconds left.\n|inactive|Penter has 120 seconds left.\n|j|+theyummybagel\n|\n|t:|1700247558\n|start\n|switch|p1a: Flutter Mane|Flutter Mane|100\/100\n|switch|p1b: Ogerpon|Ogerpon-Wellspring, F|100\/100\n|switch|p2a: Iron Hands|Iron Hands|100\/100\n|switch|p2b: Landorus|Landorus-Therian, M|100\/100\n|-ability|p2b: Landorus|Intimidate|boost\n|-unboost|p1a: Flutter Mane|atk|1\n|-unboost|p1b: Ogerpon|atk|1\n|-enditem|p1a: Flutter Mane|Booster Energy\n|-activate|p1a: Flutter Mane|ability: Protosynthesis|[fromitem]\n|-start|p1a: Flutter Mane|protosynthesisspe\n|turn|1\n|inactive|Penter has 120 seconds left.\n|\n|t:|1700247596\n|switch|p2b: Ogerpon|Ogerpon-Hearthflame, F|100\/100\n|-ability|p2b: Ogerpon|Mold Breaker\n|move|p1a: Flutter Mane|Icy Wind|p2b: Ogerpon|[spread] p2a,p2b\n|-damage|p2a: Iron Hands|94\/100\n|-damage|p2b: Ogerpon|89\/100\n|-unboost|p2a: Iron Hands|spe|1\n|-unboost|p2b: Ogerpon|spe|1\n|move|p1b: Ogerpon|Ivy Cudgel|p2b: Ogerpon|[anim] Ivy Cudgel Water\n|-damage|p2b: Ogerpon|42\/100\n|move|p2a: Iron Hands|Wild Charge|p1a: Flutter Mane\n|-damage|p1a: Flutter Mane|13\/100\n|-damage|p2a: Iron Hands|79\/100|[from] Recoil\n|\n|upkeep\n|turn|2\n|\n|t:|1700247619\n|move|p2b: Ogerpon|Spiky Shield|p2b: Ogerpon\n|-singleturn|p2b: Ogerpon|move: Protect\n|move|p1a: Flutter Mane|Moonblast|p2a: Iron Hands\n|-supereffective|p2a: Iron Hands\n|-damage|p2a: Iron Hands|37\/100\n|move|p1b: Ogerpon|Ivy Cudgel|p2a: Iron Hands|[anim] Ivy Cudgel Water\n|-crit|p2a: Iron Hands\n|-damage|p2a: Iron Hands|0 fnt\n|faint|p2a: Iron Hands\n|-end|p2a: Iron Hands|Quark Drive|[silent]\n|\n|upkeep\n|inactive|Penter has 120 seconds left.\n|\n|t:|1700247635\n|switch|p2a: Tornadus|Tornadus, M|100\/100\n|turn|3\n|inactive|Penter has 120 seconds left.\n|\n|t:|1700247664\n|switch|p2b: Glimmora|Glimmora, F|100\/100\n|move|p1a: Flutter Mane|Icy Wind|p2b: Glimmora|[spread] p2a,p2b\n|-supereffective|p2a: Tornadus\n|-damage|p2a: Tornadus|72\/100\n|-damage|p2b: Glimmora|85\/100\n|-unboost|p2a: Tornadus|spe|1\n|move|p1b: Ogerpon|U-turn|p2b: Glimmora\n|-resisted|p2b: Glimmora\n|-damage|p2b: Glimmora|73\/100\n|-activate|p2b: Glimmora|ability: Toxic Debris\n|-sidestart|p1: Mr Dangerzone|move: Toxic Spikes\n|inactive|Mr Dangerzone has 120 seconds left.\n|\n|t:|1700247684\n|switch|p1b: Moltres|Moltres-Galar, shiny|100\/100|[from] U-turn\n|move|p2a: Tornadus|Bleakwind Storm|p1b: Moltres|[spread] \n|-miss|p2a: Tornadus|p1a: Flutter Mane\n|-miss|p2a: Tornadus|p1b: Moltres\n|\n|upkeep\n|turn|4\n|\n|t:|1700247708\n|move|p2a: Tornadus|Tailwind|p2a: Tornadus\n|-sidestart|p2: Penter|move: Tailwind\n|move|p2b: Glimmora|Mortal Spin|p1b: Moltres|[spread] p1a,p1b\n|-damage|p1a: Flutter Mane|7\/100\n|-damage|p1b: Moltres|97\/100\n|-status|p1a: Flutter Mane|psn\n|-status|p1b: Moltres|psn\n|move|p1a: Flutter Mane|Icy Wind|p2a: Tornadus|[spread] p2a,p2b\n|-supereffective|p2a: Tornadus\n|-damage|p2a: Tornadus|42\/100\n|-damage|p2b: Glimmora|58\/100\n|-unboost|p2a: Tornadus|spe|1\n|move|p1b: Moltres|Nasty Plot|p1b: Moltres\n|-boost|p1b: Moltres|spa|2\n|\n|-heal|p1b: Moltres|100\/100 psn|[from] item: Leftovers\n|-damage|p1a: Flutter Mane|0 fnt|[from] psn\n|faint|p1a: Flutter Mane\n|-end|p1a: Flutter Mane|Protosynthesis|[silent]\n|-damage|p1b: Moltres|88\/100 psn|[from] psn\n|upkeep\n|\n|t:|1700247720\n|switch|p1a: Iron Hands|Iron Hands|100\/100\n|-status|p1a: Iron Hands|psn\n|turn|5\n|\n|t:|1700247736\n|move|p2a: Tornadus|Protect|p2a: Tornadus\n|-singleturn|p2a: Tornadus|Protect\n|move|p1b: Moltres|Protect|p1b: Moltres\n|-singleturn|p1b: Moltres|Protect\n|move|p2b: Glimmora|Power Gem|p1b: Moltres\n|-activate|p1b: Moltres|move: Protect\n|move|p1a: Iron Hands|Heavy Slam|p2b: Glimmora\n|-supereffective|p2b: Glimmora\n|-damage|p2b: Glimmora|0 fnt\n|-activate|p2b: Glimmora|ability: Toxic Debris\n|-sidestart|p1: Mr Dangerzone|move: Toxic Spikes\n|faint|p2b: Glimmora\n|\n|-heal|p1b: Moltres|94\/100 psn|[from] item: Leftovers\n|-damage|p1b: Moltres|82\/100 psn|[from] psn\n|-damage|p1a: Iron Hands|88\/100 psn|[from] psn\n|upkeep\n|inactive|Penter has 120 seconds left.\n|\n|t:|1700247779\n|switch|p2b: Landorus|Landorus-Therian, M|100\/100\n|-ability|p2b: Landorus|Intimidate|boost\n|-unboost|p1a: Iron Hands|atk|1\n|-unboost|p1b: Moltres|atk|1\n|turn|6\n|inactive|Penter has 120 seconds left.\n|\n|t:|1700247802\n|move|p2b: Landorus|Rock Slide|p1b: Moltres|[spread] p1a,p1b\n|-resisted|p1a: Iron Hands\n|-supereffective|p1b: Moltres\n|-damage|p1a: Iron Hands|80\/100 psn\n|-damage|p1b: Moltres|46\/100 psn\n|-ability|p1b: Moltres|Berserk|boost\n|-boost|p1b: Moltres|spa|1\n|move|p2a: Tornadus|Bleakwind Storm|p1b: Moltres|[spread] p1b\n|-miss|p2a: Tornadus|p1a: Iron Hands\n|-damage|p1b: Moltres|21\/100 psn\n|-unboost|p1b: Moltres|spe|1\n|cant|p1b: Moltres|flinch\n|cant|p1a: Iron Hands|flinch\n|\n|-heal|p1b: Moltres|27\/100 psn|[from] item: Leftovers\n|-damage|p1b: Moltres|15\/100 psn|[from] psn\n|-damage|p1a: Iron Hands|68\/100 psn|[from] psn\n|upkeep\n|turn|7\n|inactive|Penter has 120 seconds left.\n|j| its-sam87\n|inactive|Mr Dangerzone has 120 seconds left.\n|\n|t:|1700247859\n|-end|p1a: Iron Hands|Quark Drive|[silent]\n|switch|p1a: Sinistcha|Sinistcha|100\/100\n|-status|p1a: Sinistcha|tox\n|-heal|p1b: Moltres|40\/100 psn|[from] ability: Hospitality|[of] p1a: Sinistcha\n|move|p2a: Tornadus|Protect|p2a: Tornadus\n|-singleturn|p2a: Tornadus|Protect\n|move|p1b: Moltres|Protect|p1b: Moltres\n|-singleturn|p1b: Moltres|Protect\n|move|p2b: Landorus|Rock Slide|p1a: Sinistcha|[spread] p1a\n|-activate|p1b: Moltres|move: Protect\n|-damage|p1a: Sinistcha|83\/100 tox\n|-enditem|p1a: Sinistcha|Eject Button\n|inactive|Mr Dangerzone has 90 seconds left.\n|\n|t:|1700247875\n|switch|p1a: Iron Hands|Iron Hands|68\/100 psn\n|\n|-heal|p1b: Moltres|46\/100 psn|[from] item: Leftovers\n|-damage|p1b: Moltres|33\/100 psn|[from] psn\n|-damage|p1a: Iron Hands|55\/100 psn|[from] psn\n|-sideend|p2: Penter|move: Tailwind\n|upkeep\n|turn|8\n|inactive|Penter has 120 seconds left.\n|\n|t:|1700247912\n|switch|p2b: Gholdengo|Gholdengo|100\/100\n|-terastallize|p1b: Moltres|Poison\n|move|p1a: Iron Hands|Fake Out|p2a: Tornadus\n|-damage|p2a: Tornadus|24\/100\n|cant|p2a: Tornadus|flinch\n|move|p1b: Moltres|Fiery Wrath|p2a: Tornadus|[spread] p2a,p2b\n|-supereffective|p2b: Gholdengo\n|-damage|p2a: Tornadus|0 fnt\n|-damage|p2b: Gholdengo|0 fnt\n|faint|p2a: Tornadus\n|faint|p2b: Gholdengo\n|\n|-heal|p1b: Moltres|40\/100 psn|[from] item: Leftovers\n|-damage|p1b: Moltres|27\/100 psn|[from] psn\n|-damage|p1a: Iron Hands|43\/100 psn|[from] psn\n|upkeep\n|\n|t:|1700247918\n|switch|p2b: Landorus|Landorus-Therian, M|100\/100\n|switch|p2a: Ogerpon|Ogerpon-Hearthflame, F|42\/100\n|-ability|p2b: Landorus|Intimidate|boost\n|-unboost|p1a: Iron Hands|atk|1\n|-unboost|p1b: Moltres|atk|1\n|-ability|p2a: Ogerpon|Mold Breaker\n|turn|9\n|inactive|Penter has 120 seconds left.\n|inactive|Mr Dangerzone has 120 seconds left.\n|\n|t:|1700247945\n|-end|p1a: Iron Hands|Quark Drive|[silent]\n|switch|p1a: Arcanine|Arcanine-Hisui, M|100\/100\n|-status|p1a: Arcanine|tox\n|-ability|p1a: Arcanine|Intimidate|boost\n|-unboost|p2a: Ogerpon|atk|1\n|-unboost|p2b: Landorus|atk|1\n|move|p2b: Landorus|Stomping Tantrum|p1b: Moltres\n|-supereffective|p1b: Moltres\n|-damage|p1b: Moltres|0 fnt\n|faint|p1b: Moltres\n|move|p2a: Ogerpon|Ivy Cudgel|p1a: Arcanine|[anim] Ivy Cudgel Fire\n|-resisted|p1a: Arcanine\n|-damage|p1a: Arcanine|89\/100 tox\n|\n|-damage|p1a: Arcanine|83\/100 tox|[from] psn\n|upkeep\n|\n|t:|1700247967\n|switch|p1b: Iron Hands|Iron Hands|43\/100 psn\n|turn|10\n|inactive|Penter has 120 seconds left.\n|\n|t:|1700248002\n|move|p2a: Ogerpon|Spiky Shield|p2a: Ogerpon\n|-singleturn|p2a: Ogerpon|move: Protect\n|move|p1b: Iron Hands|Fake Out|p2b: Landorus\n|-damage|p2b: Landorus|82\/100\n|cant|p2b: Landorus|flinch\n|move|p1a: Arcanine|Flare Blitz|p2b: Landorus\n|-damage|p2b: Landorus|7\/100\n|-damage|p1a: Arcanine|63\/100 tox|[from] Recoil\n|\n|-damage|p1a: Arcanine|51\/100 tox|[from] psn\n|-damage|p1b: Iron Hands|30\/100 psn|[from] psn\n|upkeep\n|turn|11\n|inactive|Mr Dangerzone has 120 seconds left.\n|inactive|Penter has 120 seconds left.\n|\n|t:|1700248029\n|move|p1a: Arcanine|Extreme Speed|p2b: Landorus\n|-damage|p2b: Landorus|0 fnt\n|faint|p2b: Landorus\n|move|p2a: Ogerpon|Ivy Cudgel|p1b: Iron Hands|[anim] Ivy Cudgel Fire\n|-damage|p1b: Iron Hands|0 fnt\n|faint|p1b: Iron Hands\n|-end|p1b: Iron Hands|Quark Drive|[silent]\n|\n|-damage|p1a: Arcanine|32\/100 tox|[from] psn\n|upkeep\n|\n|t:|1700248039\n|switch|p1b: Ogerpon|Ogerpon-Wellspring, F|100\/100\n|-status|p1b: Ogerpon|tox\n|turn|12\n|\n|t:|1700248050\n|move|p2a: Ogerpon|Spiky Shield|p2a: Ogerpon\n|-singleturn|p2a: Ogerpon|move: Protect\n|move|p1b: Ogerpon|Ivy Cudgel|p2a: Ogerpon|[anim] Ivy Cudgel Water\n|-activate|p2a: Ogerpon|move: Protect\n|move|p1a: Arcanine|Rock Slide|p2a: Ogerpon\n|-activate|p2a: Ogerpon|move: Protect\n|\n|-damage|p1b: Ogerpon|94\/100 tox|[from] psn\n|-damage|p1a: Arcanine|8\/100 tox|[from] psn\n|upkeep\n|turn|13\n|\n|t:|1700248060\n|move|p2a: Ogerpon|Spiky Shield||[still]\n|-fail|p2a: Ogerpon\n|move|p1b: Ogerpon|Ivy Cudgel|p2a: Ogerpon|[anim] Ivy Cudgel Water\n|-damage|p2a: Ogerpon|0 fnt\n|faint|p2a: Ogerpon\n|\n|win|Mr Dangerzone\n|n|\u2606Mr Dangerzone|mrdangerzone\n|n|\u2606Penter|penter\n|n| theyummybagel|theyummybagel\n|n| its-sam87|itssam87\n","uploadtime":1700248061,"views":18,"p1id":"mrdangerzone","p2id":"penter","formatid":"gen9doublesou","rating":0,"private":0,"password":""}