{"id":"gen9doublesou-1997189819","p1":"Island Of Bees","p2":"kadenzah","format":"[Gen 9] Doubles OU","log":"|j|\u2606Island Of Bees\n|j|\u2606kadenzah\n|t:|1700773749\n|gametype|doubles\n|player|p1|Island Of Bees|youngcouple-gen4dp|1141\n|player|p2|kadenzah|li|1127\n|teamsize|p1|6\n|teamsize|p2|6\n|gen|9\n|tier|[Gen 9] Doubles OU\n|rated|\n|rule|Species Clause: Limit one of each Pok\u00e9mon\n|rule|OHKO Clause: OHKO moves are banned\n|rule|Evasion Moves Clause: Evasion moves are banned\n|rule|Gravity Sleep Clause: The combination of sleep-inducing moves with imperfect accuracy and Gravity or Gigantamax Orbeetle are banned\n|rule|Endless Battle Clause: Forcing endless battles is banned\n|rule|HP Percentage Mod: HP is shown in percentages\n|clearpoke\n|poke|p1|Weezing-Galar, F|\n|poke|p1|Ogerpon-Wellspring, F|\n|poke|p1|Basculegion-F, F|\n|poke|p1|Diancie|\n|poke|p1|Toedscruel, M|\n|poke|p1|Chimecho, F|\n|poke|p2|Armarouge, M|\n|poke|p2|Indeedee-F, F|\n|poke|p2|Amoonguss, F|\n|poke|p2|Flutter Mane|\n|poke|p2|Tornadus-Therian, M|\n|poke|p2|Iron Valiant|\n|teampreview\n|inactive|Battle timer is ON: inactive players will automatically lose when time's up. (requested by Island Of Bees)\n|\n|t:|1700773761\n|start\n|switch|p1a: Chimecho|Chimecho, F, shiny|100\/100\n|switch|p1b: Ogerpon|Ogerpon-Wellspring, F|100\/100\n|switch|p2a: Indeedee|Indeedee-F, F|100\/100\n|switch|p2b: Armarouge|Armarouge, M|100\/100\n|-fieldstart|move: Psychic Terrain|[from] ability: Psychic Surge|[of] p2a: Indeedee\n|-enditem|p2a: Indeedee|Psychic Seed\n|-boost|p2a: Indeedee|spd|1|[from] item: Psychic Seed\n|turn|1\n|\n|t:|1700773777\n|move|p1b: Ogerpon|Follow Me|p1b: Ogerpon\n|-singleturn|p1b: Ogerpon|move: Follow Me\n|move|p2a: Indeedee|Follow Me|p2a: Indeedee\n|-singleturn|p2a: Indeedee|move: Follow Me\n|move|p1a: Chimecho|Calm Mind|p1a: Chimecho\n|-boost|p1a: Chimecho|spa|1\n|-boost|p1a: Chimecho|spd|1\n|move|p2b: Armarouge|Trick Room|p2b: Armarouge\n|-fieldstart|move: Trick Room|[of] p2b: Armarouge\n|\n|upkeep\n|turn|2\n|\n|t:|1700773791\n|move|p2a: Indeedee|Helping Hand|p2b: Armarouge\n|-singleturn|p2b: Armarouge|Helping Hand|[of] p2a: Indeedee\n|move|p1a: Chimecho|Calm Mind|p1a: Chimecho\n|-boost|p1a: Chimecho|spa|1\n|-boost|p1a: Chimecho|spd|1\n|move|p2b: Armarouge|Expanding Force|p1a: Chimecho|[spread] p1a,p1b\n|-resisted|p1a: Chimecho\n|-damage|p1a: Chimecho|75\/100\n|-damage|p1b: Ogerpon|0 fnt\n|faint|p1b: Ogerpon\n|\n|upkeep\n|\n|t:|1700773802\n|switch|p1b: Weezing|Weezing-Galar, F|100\/100\n|-fieldstart|move: Misty Terrain|[from] ability: Misty Surge|[of] p1b: Weezing\n|turn|3\n|\n|t:|1700773827\n|switch|p2b: Iron Valiant|Iron Valiant|100\/100\n|-enditem|p2b: Iron Valiant|Booster Energy\n|-activate|p2b: Iron Valiant|ability: Quark Drive|[fromitem]\n|-start|p2b: Iron Valiant|quarkdriveatk\n|move|p2a: Indeedee|Follow Me|p2a: Indeedee\n|-singleturn|p2a: Indeedee|move: Follow Me\n|move|p1b: Weezing|Body Slam|p2a: Indeedee\n|-damage|p2a: Indeedee|66\/100\n|move|p1a: Chimecho|Calm Mind|p1a: Chimecho\n|-boost|p1a: Chimecho|spa|1\n|-boost|p1a: Chimecho|spd|1\n|\n|upkeep\n|turn|4\n|\n|t:|1700773850\n|move|p2a: Indeedee|Helping Hand|p2b: Iron Valiant\n|-singleturn|p2b: Iron Valiant|Helping Hand|[of] p2a: Indeedee\n|move|p1b: Weezing|Play Rough|p2b: Iron Valiant\n|-supereffective|p2b: Iron Valiant\n|-damage|p2b: Iron Valiant|20\/100\n|move|p1a: Chimecho|Hyper Voice|p2b: Iron Valiant|[spread] p2a,p2b\n|-damage|p2a: Indeedee|32\/100\n|-damage|p2b: Iron Valiant|0 fnt\n|faint|p2b: Iron Valiant\n|-end|p2b: Iron Valiant|Quark Drive|[silent]\n|\n|upkeep\n|\n|t:|1700773866\n|switch|p2b: Armarouge|Armarouge, M|100\/100\n|turn|5\n|\n|t:|1700773879\n|move|p2a: Indeedee|Helping Hand|p2b: Armarouge\n|-singleturn|p2b: Armarouge|Helping Hand|[of] p2a: Indeedee\n|move|p1b: Weezing|Body Slam|p2a: Indeedee\n|-damage|p2a: Indeedee|0 fnt\n|faint|p2a: Indeedee\n|move|p1a: Chimecho|Calm Mind|p1a: Chimecho\n|-boost|p1a: Chimecho|spa|1\n|-boost|p1a: Chimecho|spd|1\n|move|p2b: Armarouge|Expanding Force|p1b: Weezing\n|-supereffective|p1b: Weezing\n|-damage|p1b: Weezing|0 fnt\n|faint|p1b: Weezing\n|\n|-fieldend|move: Trick Room\n|upkeep\n|\n|t:|1700773895\n|switch|p2a: Amoonguss|Amoonguss, F|100\/100\n|switch|p1b: Basculegion|Basculegion-F, F|100\/100\n|turn|6\n|\n|t:|1700773909\n|move|p1b: Basculegion|Icy Wind|p2a: Amoonguss|[spread] p2a,p2b\n|-supereffective|p2a: Amoonguss\n|-resisted|p2b: Armarouge\n|-damage|p2a: Amoonguss|67\/100\n|-damage|p2b: Armarouge|91\/100\n|-unboost|p2a: Amoonguss|spe|1\n|-unboost|p2b: Armarouge|spe|1\n|-damage|p1b: Basculegion|91\/100|[from] item: Life Orb\n|move|p1a: Chimecho|Extrasensory|p2a: Amoonguss\n|-supereffective|p2a: Amoonguss\n|-damage|p2a: Amoonguss|0 fnt\n|faint|p2a: Amoonguss\n|move|p2b: Armarouge|Expanding Force|p1b: Basculegion\n|-damage|p1b: Basculegion|49\/100\n|\n|upkeep\n|\n|t:|1700773925\n|switch|p2a: Flutter Mane|Flutter Mane|100\/100\n|-enditem|p2a: Flutter Mane|Booster Energy\n|-activate|p2a: Flutter Mane|ability: Protosynthesis|[fromitem]\n|-start|p2a: Flutter Mane|protosynthesisspa\n|turn|7\n|\n|t:|1700773939\n|-terastallize|p1a: Chimecho|Normal\n|move|p2a: Flutter Mane|Substitute|p2a: Flutter Mane\n|-start|p2a: Flutter Mane|Substitute\n|-damage|p2a: Flutter Mane|76\/100\n|move|p1b: Basculegion|Icy Wind|p2b: Armarouge|[spread] p2a,p2b\n|-activate|p2a: Flutter Mane|move: Substitute|[damage]\n|-resisted|p2b: Armarouge\n|-damage|p2b: Armarouge|82\/100\n|-unboost|p2b: Armarouge|spe|1\n|-damage|p1b: Basculegion|39\/100|[from] item: Life Orb\n|move|p1a: Chimecho|Hyper Voice|p2a: Flutter Mane|[spread] p2b\n|-immune|p2a: Flutter Mane\n|-damage|p2b: Armarouge|0 fnt\n|faint|p2b: Armarouge\n|\n|-fieldend|Misty Terrain\n|upkeep\n|\n|t:|1700773957\n|switch|p2b: Tornadus|Tornadus-Therian, M|100\/100\n|turn|8\n|\n|t:|1700773970\n|move|p2a: Flutter Mane|Dazzling Gleam|p1b: Basculegion|[spread] p1a,p1b\n|-damage|p1a: Chimecho|59\/100\n|-damage|p1b: Basculegion|1\/100\n|move|p2b: Tornadus|Bleakwind Storm|p1b: Basculegion|[spread] p1a,p1b\n|-damage|p1a: Chimecho|42\/100\n|-damage|p1b: Basculegion|0 fnt\n|faint|p1b: Basculegion\n|move|p1a: Chimecho|Hyper Voice|p2a: Flutter Mane|[spread] p2b\n|-immune|p2a: Flutter Mane\n|-damage|p2b: Tornadus|7\/100\n|\n|upkeep\n|\n|t:|1700773982\n|switch|p1b: Toedscruel|Toedscruel, M|100\/100\n|turn|9\n|\n|t:|1700773991\n|move|p2a: Flutter Mane|Dazzling Gleam|p1b: Toedscruel|[spread] p1a,p1b\n|-damage|p1a: Chimecho|26\/100\n|-damage|p1b: Toedscruel|74\/100\n|move|p1b: Toedscruel|Rapid Spin|p2b: Tornadus\n|-damage|p2b: Tornadus|0 fnt\n|-boost|p1b: Toedscruel|spe|1\n|faint|p2b: Tornadus\n|move|p1a: Chimecho|Hyper Voice|p2a: Flutter Mane\n|-immune|p2a: Flutter Mane\n|\n|upkeep\n|turn|10\n|\n|t:|1700774012\n|move|p1b: Toedscruel|Sludge Bomb|p2a: Flutter Mane\n|-end|p2a: Flutter Mane|Substitute\n|move|p2a: Flutter Mane|Dazzling Gleam|p1b: Toedscruel|[spread] p1a,p1b\n|-damage|p1a: Chimecho|11\/100\n|-damage|p1b: Toedscruel|46\/100\n|-enditem|p1a: Chimecho|Wiki Berry|[eat]\n|-heal|p1a: Chimecho|45\/100|[from] item: Wiki Berry\n|move|p1a: Chimecho|Extrasensory|p2a: Flutter Mane\n|-damage|p2a: Flutter Mane|0 fnt\n|faint|p2a: Flutter Mane\n|-end|p2a: Flutter Mane|Protosynthesis|[silent]\n|\n|win|Island Of Bees\n|raw|Island Of Bees's rating: 1141 &rarr; <strong>1165<\/strong><br \/>(+24 for winning)\n|raw|kadenzah's rating: 1127 &rarr; <strong>1103<\/strong><br \/>(-24 for losing)\n|c|\u2606Island Of Bees|gg\n|l|\u2606kadenzah\n","uploadtime":1700774044,"views":35,"p1id":"islandofbees","p2id":"kadenzah","formatid":"gen9doublesou","rating":1103,"private":0,"password":""}