{"id":"gen9doublesou-1970490857","p1":"mr.crak","p2":"sebas23xd2","format":"[Gen 9] Doubles OU","log":"|j|\u2606mr.crak\n|j|\u2606sebas23xd2\n|t:|1697643089\n|gametype|doubles\n|player|p1|mr.crak|n|1112\n|player|p2|sebas23xd2|2|1040\n|teamsize|p1|6\n|teamsize|p2|6\n|gen|9\n|tier|[Gen 9] Doubles OU\n|rated|\n|rule|Species Clause: Limit one of each Pok\u00e9mon\n|rule|OHKO Clause: OHKO moves are banned\n|rule|Evasion Moves Clause: Evasion moves are banned\n|rule|Gravity Sleep Clause: The combination of sleep-inducing moves with imperfect accuracy and Gravity or Gigantamax Orbeetle are banned\n|rule|Endless Battle Clause: Forcing endless battles is banned\n|rule|HP Percentage Mod: HP is shown in percentages\n|clearpoke\n|poke|p1|Gastrodon, F|\n|poke|p1|Dragapult, F|\n|poke|p1|Hatterene, F|\n|poke|p1|Tyranitar, F|\n|poke|p1|Rotom-Wash|\n|poke|p1|Amoonguss, M|\n|poke|p2|Chien-Pao|\n|poke|p2|Sinistcha-Masterpiece|\n|poke|p2|Indeedee-F, F|\n|poke|p2|Cresselia, F|\n|poke|p2|Goodra-Hisui, F|\n|poke|p2|Iron Hands|\n|teampreview\n|inactive|Battle timer is ON: inactive players will automatically lose when time's up. (requested by mr.crak)\n|c|\u2606mr.crak|nose como jugar\n|c|\u2606mr.crak|me robe este equipo\n|inactive|sebas23xd2 has 120 seconds left.\n|c|\u2606sebas23xd2|xd\n|c|\u2606sebas23xd2|yo tampoco se jugar\n|c|\u2606sebas23xd2|pero ya que\n|inactive|sebas23xd2 has 90 seconds left.\n|\n|t:|1697643167\n|start\n|switch|p1a: Dragapult|Dragapult, F|100\/100\n|switch|p1b: Amoonguss|Amoonguss, M|100\/100\n|switch|p2a: Chien-Pao|Chien-Pao|100\/100\n|switch|p2b: Goodra|Goodra-Hisui, F|100\/100\n|-ability|p2a: Chien-Pao|Sword of Ruin\n|turn|1\n|\n|t:|1697643181\n|move|p1b: Amoonguss|Protect|p1b: Amoonguss\n|-singleturn|p1b: Amoonguss|Protect\n|move|p2a: Chien-Pao|Ice Spinner|p1b: Amoonguss\n|-activate|p1b: Amoonguss|move: Protect\n|move|p1a: Dragapult|Dragon Claw|p2b: Goodra\n|-damage|p2b: Goodra|65\/100\n|-ability|p2b: Goodra|Gooey\n|-unboost|p1a: Dragapult|spe|1\n|move|p2b: Goodra|Acid Armor|p2b: Goodra\n|-boost|p2b: Goodra|def|2\n|\n|-heal|p2b: Goodra|71\/100|[from] item: Leftovers\n|upkeep\n|turn|2\n|c|\u2606mr.crak|noooo\n|c|\u2606mr.crak|no puse el ataque que era\n|inactive|mr.crak has 120 seconds left.\n|c|\u2606sebas23xd2|XD\n|\n|t:|1697643230\n|switch|p1b: Tyranitar|Tyranitar, F|100\/100\n|-weather|Sandstorm|[from] ability: Sand Stream|[of] p1b: Tyranitar\n|move|p2a: Chien-Pao|Ice Spinner|p1b: Tyranitar\n|-damage|p1b: Tyranitar|38\/100\n|-damage|p2a: Chien-Pao|91\/100|[from] item: Life Orb\n|move|p1a: Dragapult|Dragon Dance|p1a: Dragapult\n|-boost|p1a: Dragapult|atk|1\n|-boost|p1a: Dragapult|spe|1\n|move|p2b: Goodra|Acid Armor|p2b: Goodra\n|-boost|p2b: Goodra|def|2\n|\n|-weather|Sandstorm|[upkeep]\n|-damage|p2a: Chien-Pao|85\/100|[from] Sandstorm\n|-damage|p1a: Dragapult|95\/100|[from] Sandstorm\n|-heal|p1a: Dragapult|100\/100|[from] item: Leftovers\n|-heal|p2b: Goodra|77\/100|[from] item: Leftovers\n|upkeep\n|turn|3\n|inactive|mr.crak has 120 seconds left.\n|\n|t:|1697643251\n|move|p2a: Chien-Pao|Ice Spinner|p1a: Dragapult\n|-supereffective|p1a: Dragapult\n|-damage|p1a: Dragapult|0 fnt\n|faint|p1a: Dragapult\n|-damage|p2a: Chien-Pao|75\/100|[from] item: Life Orb\n|move|p1b: Tyranitar|Earthquake|p2a: Chien-Pao|[spread] p2a,p2b\n|-supereffective|p2b: Goodra\n|-damage|p2a: Chien-Pao|35\/100\n|-damage|p2b: Goodra|60\/100\n|move|p2b: Goodra|Body Press|p1b: Tyranitar\n|-supereffective|p1b: Tyranitar\n|-damage|p1b: Tyranitar|0 fnt\n|faint|p1b: Tyranitar\n|\n|-weather|Sandstorm|[upkeep]\n|-damage|p2a: Chien-Pao|29\/100|[from] Sandstorm\n|-heal|p2b: Goodra|66\/100|[from] item: Leftovers\n|upkeep\n|c|\u2606mr.crak|como pega tanto\n|\n|t:|1697643264\n|switch|p1a: Rotom|Rotom-Wash|100\/100\n|switch|p1b: Gastrodon|Gastrodon, F|100\/100\n|turn|4\n|c|\u2606sebas23xd2|cual\n|c|\u2606sebas23xd2|la rata amorfa\n|c|\u2606sebas23xd2|o la caracola\n|c|\u2606mr.crak|la rata\n|c|\u2606sebas23xd2|es tipo hielo\n|c|\u2606sebas23xd2|y uso un ataque tipo hielo\n|inactive|sebas23xd2 has 120 seconds left.\n|c|\u2606mr.crak|xD\n|c|\u2606sebas23xd2|y el tipo dragon es debil al hielo\n|c|\u2606sebas23xd2|y dragapult no tiene defensas xd\n|c|\u2606mr.crak|si yo se no soy tan manco pero y mi tyranitar\n|c|\u2606sebas23xd2|ademas tiene el orbe de vida que le da mas da\u00f1o\n|inactive|sebas23xd2 has 90 seconds left.\n|c|\u2606sebas23xd2|el tyranitar es debil por 4 al tipo lucha\n|c|\u2606sebas23xd2|y mi caracola lo mato de un ataque tipo lucha\n|c|\u2606mr.crak|:v\n|\n|t:|1697643354\n|move|p2a: Chien-Pao|Ice Spinner|p1b: Gastrodon\n|-damage|p1b: Gastrodon|29\/100\n|-damage|p2a: Chien-Pao|19\/100|[from] item: Life Orb\n|move|p1a: Rotom|Nasty Plot|p1a: Rotom\n|-boost|p1a: Rotom|spa|2\n|move|p2b: Goodra|Life Dew|p2b: Goodra|[spread] p2a,p2b\n|-heal|p2a: Chien-Pao|44\/100\n|-heal|p2b: Goodra|91\/100\n|move|p1b: Gastrodon|Surf|p2b: Goodra|[spread] p1a,p2a,p2b\n|-resisted|p1a: Rotom\n|-crit|p2a: Chien-Pao\n|-resisted|p2b: Goodra\n|-damage|p1a: Rotom|85\/100\n|-damage|p2a: Chien-Pao|0 fnt\n|-damage|p2b: Goodra|83\/100\n|faint|p2a: Chien-Pao\n|\n|-weather|Sandstorm|[upkeep]\n|-damage|p1a: Rotom|79\/100|[from] Sandstorm\n|-heal|p2b: Goodra|90\/100|[from] item: Leftovers\n|-heal|p1b: Gastrodon|35\/100|[from] item: Leftovers\n|upkeep\n|inactive|sebas23xd2 has 60 seconds left.\n|c|\u2606mr.crak|muere rata amorfa\n|\n|t:|1697643375\n|switch|p2a: Indeedee|Indeedee-F, F|100\/100\n|-fieldstart|move: Psychic Terrain|[from] ability: Psychic Surge|[of] p2a: Indeedee\n|turn|5\n|c|\u2606sebas23xd2|xd epico\n|\n|t:|1697643393\n|move|p2a: Indeedee|Helping Hand|p2b: Goodra\n|-singleturn|p2b: Goodra|Helping Hand|[of] p2a: Indeedee\n|move|p1a: Rotom|Hydro Pump|p2a: Indeedee\n|-damage|p2a: Indeedee|0 fnt\n|faint|p2a: Indeedee\n|-damage|p1a: Rotom|69\/100|[from] item: Life Orb\n|move|p2b: Goodra|Body Press|p1b: Gastrodon\n|-damage|p1b: Gastrodon|0 fnt\n|faint|p1b: Gastrodon\n|\n|-weather|Sandstorm|[upkeep]\n|-damage|p1a: Rotom|63\/100|[from] Sandstorm\n|-heal|p2b: Goodra|96\/100|[from] item: Leftovers\n|upkeep\n|inactive|sebas23xd2 has 90 seconds left.\n|\n|t:|1697643412\n|switch|p2a: Iron Hands|Iron Hands|100\/100\n|switch|p1b: Hatterene|Hatterene, F|100\/100\n|turn|6\n|c|\u2606mr.crak|vamos roton\n|\n|t:|1697643429\n|move|p2a: Iron Hands|Protect|p2a: Iron Hands\n|-singleturn|p2a: Iron Hands|Protect\n|move|p1a: Rotom|Hydro Pump|p2b: Goodra\n|-resisted|p2b: Goodra\n|-damage|p2b: Goodra|53\/100\n|-damage|p1a: Rotom|53\/100|[from] item: Life Orb\n|move|p2b: Goodra|Body Press|p1a: Rotom\n|-damage|p1a: Rotom|0 fnt\n|faint|p1a: Rotom\n|move|p1b: Hatterene|Dazzling Gleam|p2a: Iron Hands|[spread] p2b\n|-activate|p2a: Iron Hands|move: Protect\n|-damage|p2b: Goodra|30\/100\n|\n|-weather|none\n|-heal|p2b: Goodra|36\/100|[from] item: Leftovers\n|upkeep\n|c|\u2606sebas23xd2|se te fue el rotom XD\n|c|\u2606mr.crak|nooo mi roton\n|\n|t:|1697643446\n|switch|p1a: Amoonguss|Amoonguss, M|100\/100\n|turn|7\n|inactive|sebas23xd2 has 120 seconds left.\n|\n|t:|1697643459\n|-terastallize|p2b: Goodra|Steel\n|-terastallize|p1a: Amoonguss|Grass\n|move|p2b: Goodra|Body Press|p1a: Amoonguss\n|-damage|p1a: Amoonguss|35\/100\n|-status|p2b: Goodra|par|[from] ability: Effect Spore|[of] p1a: Amoonguss\n|move|p2a: Iron Hands|Fire Punch|p1a: Amoonguss\n|-supereffective|p1a: Amoonguss\n|-damage|p1a: Amoonguss|0 fnt\n|faint|p1a: Amoonguss\n|-damage|p2a: Iron Hands|91\/100|[from] item: Life Orb\n|move|p1b: Hatterene|Trick Room|p1b: Hatterene\n|-fieldstart|move: Trick Room|[of] p1b: Hatterene\n|\n|-heal|p2b: Goodra|42\/100 par|[from] item: Leftovers\n|upkeep\n|turn|8\n|c|\u2606sebas23xd2|xd bueno nos vimos mi loco\n|\n|t:|1697643479\n|cant|p2b: Goodra|par\n|move|p1b: Hatterene|Calm Mind|p1b: Hatterene\n|-boost|p1b: Hatterene|spa|1\n|-boost|p1b: Hatterene|spd|1\n|move|p2a: Iron Hands|Close Combat|p1b: Hatterene\n|-resisted|p1b: Hatterene\n|-damage|p1b: Hatterene|74\/100\n|-unboost|p2a: Iron Hands|def|1\n|-unboost|p2a: Iron Hands|spd|1\n|-damage|p2a: Iron Hands|81\/100|[from] item: Life Orb\n|\n|-heal|p2b: Goodra|48\/100 par|[from] item: Leftovers\n|-heal|p1b: Hatterene|80\/100|[from] item: Leftovers\n|upkeep\n|turn|9\n|\n|t:|1697643504\n|move|p2b: Goodra|Body Press|p1b: Hatterene\n|-resisted|p1b: Hatterene\n|-damage|p1b: Hatterene|58\/100\n|move|p1b: Hatterene|Shadow Ball|p2b: Goodra\n|-damage|p2b: Goodra|16\/100 par\n|move|p2a: Iron Hands|Close Combat|p1b: Hatterene\n|-resisted|p1b: Hatterene\n|-damage|p1b: Hatterene|33\/100\n|-unboost|p2a: Iron Hands|def|1\n|-unboost|p2a: Iron Hands|spd|1\n|-damage|p2a: Iron Hands|71\/100|[from] item: Life Orb\n|\n|-heal|p2b: Goodra|22\/100 par|[from] item: Leftovers\n|-heal|p1b: Hatterene|39\/100|[from] item: Leftovers\n|-fieldend|move: Psychic Terrain\n|upkeep\n|turn|10\n|c|\u2606mr.crak|no e perdido me mato al caracola\n|\n|t:|1697643520\n|-end|p2a: Iron Hands|Quark Drive|[silent]\n|switch|p2a: Sinistcha|Sinistcha-Masterpiece|100\/100\n|-heal|p2b: Goodra|47\/100 par|[from] ability: Hospitality|[of] p2a: Sinistcha\n|move|p2b: Goodra|Life Dew||[still]|[spread] p2a,p2b\n|-fail|p2a: Sinistcha|heal\n|-heal|p2b: Goodra|72\/100 par\n|move|p1b: Hatterene|Dazzling Gleam|p2b: Goodra|[spread] p2a,p2b\n|-resisted|p2b: Goodra\n|-damage|p2a: Sinistcha|42\/100\n|-damage|p2b: Goodra|54\/100 par\n|\n|-heal|p2b: Goodra|60\/100 par|[from] item: Leftovers\n|-heal|p1b: Hatterene|45\/100|[from] item: Leftovers\n|-heal|p2a: Sinistcha|48\/100|[from] item: Leftovers\n|upkeep\n|turn|11\n|\n|t:|1697643536\n|move|p2a: Sinistcha|Protect|p2a: Sinistcha\n|-singleturn|p2a: Sinistcha|Protect\n|move|p2b: Goodra|Life Dew|p2b: Goodra|[spread] p2a,p2b\n|-heal|p2a: Sinistcha|74\/100\n|-heal|p2b: Goodra|85\/100 par\n|move|p1b: Hatterene|Calm Mind|p1b: Hatterene\n|-boost|p1b: Hatterene|spa|1\n|-boost|p1b: Hatterene|spd|1\n|\n|-heal|p2b: Goodra|91\/100 par|[from] item: Leftovers\n|-heal|p1b: Hatterene|50\/100|[from] item: Leftovers\n|-heal|p2a: Sinistcha|80\/100|[from] item: Leftovers\n|-fieldend|move: Trick Room\n|upkeep\n|turn|12\n|\n|t:|1697643554\n|move|p2a: Sinistcha|Shadow Ball|p1b: Hatterene\n|-supereffective|p1b: Hatterene\n|-damage|p1b: Hatterene|18\/100\n|move|p1b: Hatterene|Shadow Ball|p2a: Sinistcha\n|-supereffective|p2a: Sinistcha\n|-damage|p2a: Sinistcha|0 fnt\n|faint|p2a: Sinistcha\n|move|p2b: Goodra|Body Press|p1b: Hatterene\n|-resisted|p1b: Hatterene\n|-damage|p1b: Hatterene|0 fnt\n|faint|p1b: Hatterene\n|\n|win|sebas23xd2\n|raw|mr.crak's rating: 1112 &rarr; <strong>1082<\/strong><br \/>(-30 for losing)\n|raw|sebas23xd2's rating: 1040 &rarr; <strong>1081<\/strong><br \/>(+41 for winning)\n","uploadtime":1697643374,"views":17,"p1id":"mrcrak","p2id":"sebas23xd2","formatid":"gen9doublesou","rating":1081,"private":0,"password":""}