{"id":"gen9doublesou-1973852139","p1":"Off Vigorously","p2":"AdamSandlerCult","format":"[Gen 9] Doubles OU","log":"|j|\u2606Off Vigorously\n|j|\u2606AdamSandlerCult\n|t:|1698020590\n|gametype|doubles\n|player|p1|Off Vigorously|clown|\n|player|p2|AdamSandlerCult|1|\n|teamsize|p1|6\n|teamsize|p2|6\n|gen|9\n|tier|[Gen 9] Doubles OU\n|rule|Species Clause: Limit one of each Pok\u00e9mon\n|rule|OHKO Clause: OHKO moves are banned\n|rule|Evasion Moves Clause: Evasion moves are banned\n|rule|Gravity Sleep Clause: The combination of sleep-inducing moves with imperfect accuracy and Gravity or Gigantamax Orbeetle are banned\n|rule|Endless Battle Clause: Forcing endless battles is banned\n|rule|HP Percentage Mod: HP is shown in percentages\n|clearpoke\n|poke|p1|Kingambit, F|\n|poke|p1|Barraskewda, M|\n|poke|p1|Baxcalibur, F|\n|poke|p1|Gothorita, M|\n|poke|p1|Ambipom, F|\n|poke|p1|Ting-Lu|\n|poke|p2|Grimmsnarl, M|\n|poke|p2|Dragapult, F|\n|poke|p2|Tyranitar, M|\n|poke|p2|Corviknight, F|\n|poke|p2|Volcanion|\n|poke|p2|Heracross, F|\n|teampreview\n|j| Nurvis\n|j| Gibblesbythedozen\n|\n|t:|1698020606\n|start\n|switch|p1a: Ting-Lu|Ting-Lu|100\/100\n|switch|p1b: Ambipom|Ambipom, F|100\/100\n|switch|p2a: Grimegrrrrr|Grimmsnarl, M|100\/100\n|switch|p2b: Basiliskta|Dragapult, F|100\/100\n|-ability|p1a: Ting-Lu|Vessel of Ruin\n|turn|1\n|\n|t:|1698020677\n|move|p1a: Ting-Lu|Protect|p1a: Ting-Lu\n|-singleturn|p1a: Ting-Lu|Protect\n|move|p2a: Grimegrrrrr|Reflect|p2a: Grimegrrrrr\n|-sidestart|p2: AdamSandlerCult|Reflect\n|move|p2b: Basiliskta|Fire Blast|p1a: Ting-Lu\n|-activate|p1a: Ting-Lu|move: Protect\n|move|p1b: Ambipom|Chilling Water|p2a: Grimegrrrrr\n|-damage|p2a: Grimegrrrrr|91\/100\n|-unboost|p2a: Grimegrrrrr|atk|1\n|\n|upkeep\n|turn|2\n|c| Nurvis|Shit is wack yo\n|\n|t:|1698020738\n|move|p2a: Grimegrrrrr|Light Screen|p2a: Grimegrrrrr\n|-sidestart|p2: AdamSandlerCult|move: Light Screen\n|move|p2b: Basiliskta|Fire Blast|p1a: Ting-Lu\n|-damage|p1a: Ting-Lu|82\/100\n|-damage|p2b: Basiliskta|91\/100|[from] item: Life Orb\n|move|p1b: Ambipom|Nasty Plot|p1b: Ambipom\n|-boost|p1b: Ambipom|spa|2\n|move|p1a: Ting-Lu|Ruination|p2b: Basiliskta\n|-damage|p2b: Basiliskta|46\/100\n|\n|upkeep\n|turn|3\n|\n|t:|1698020772\n|switch|p2b: Battle Bug|Heracross, F|100\/100\n|move|p1b: Ambipom|Chilling Water|p2a: Grimegrrrrr\n|-damage|p2a: Grimegrrrrr|78\/100\n|-unboost|p2a: Grimegrrrrr|atk|1\n|move|p2a: Grimegrrrrr|Spirit Break|p1a: Ting-Lu\n|-supereffective|p1a: Ting-Lu\n|-crit|p1a: Ting-Lu\n|-damage|p1a: Ting-Lu|31\/100\n|-unboost|p1a: Ting-Lu|spa|1\n|move|p1a: Ting-Lu|Bulldoze|p2a: Grimegrrrrr|[spread] p1b,p2a,p2b\n|-resisted|p2b: Battle Bug\n|-damage|p1b: Ambipom|82\/100\n|-damage|p2a: Grimegrrrrr|69\/100\n|-damage|p2b: Battle Bug|92\/100\n|-unboost|p1b: Ambipom|spe|1\n|-unboost|p2a: Grimegrrrrr|spe|1\n|-unboost|p2b: Battle Bug|spe|1\n|\n|-status|p2b: Battle Bug|brn|[from] item: Flame Orb\n|upkeep\n|turn|4\n|\n|t:|1698020814\n|move|p1a: Ting-Lu|Protect|p1a: Ting-Lu\n|-singleturn|p1a: Ting-Lu|Protect\n|move|p2b: Battle Bug|Close Combat|p1b: Ambipom\n|-supereffective|p1b: Ambipom\n|-damage|p1b: Ambipom|3\/100\n|-unboost|p2b: Battle Bug|def|1\n|-unboost|p2b: Battle Bug|spd|1\n|-enditem|p1b: Ambipom|Aguav Berry|[eat]\n|-heal|p1b: Ambipom|37\/100|[from] item: Aguav Berry\n|move|p1b: Ambipom|Nasty Plot|p1b: Ambipom\n|-boost|p1b: Ambipom|spa|2\n|move|p2a: Grimegrrrrr|Spirit Break|p1a: Ting-Lu\n|-activate|p1a: Ting-Lu|move: Protect\n|\n|-damage|p2b: Battle Bug|86\/100 brn|[from] brn\n|upkeep\n|turn|5\n|\n|t:|1698020844\n|move|p2b: Battle Bug|Close Combat|p1b: Ambipom\n|-supereffective|p1b: Ambipom\n|-damage|p1b: Ambipom|0 fnt\n|-unboost|p2b: Battle Bug|def|1\n|-unboost|p2b: Battle Bug|spd|1\n|faint|p1b: Ambipom\n|-ability|p2b: Battle Bug|Moxie|boost\n|-boost|p2b: Battle Bug|atk|1\n|move|p2a: Grimegrrrrr|Spirit Break|p1a: Ting-Lu\n|-supereffective|p1a: Ting-Lu\n|-damage|p1a: Ting-Lu|14\/100\n|-unboost|p1a: Ting-Lu|spa|1\n|move|p1a: Ting-Lu|Whirlwind|p2b: Battle Bug\n|drag|p2b: Shaq IcyHot|Volcanion|100\/100\n|\n|upkeep\n|\n|t:|1698020881\n|switch|p1b: Whatthefuck|Kingambit, F|100\/100\n|-ability|p1b: Whatthefuck|Pressure\n|turn|6\n|\n|t:|1698020924\n|move|p1a: Ting-Lu|Protect|p1a: Ting-Lu\n|-singleturn|p1a: Ting-Lu|Protect\n|move|p2b: Shaq IcyHot|Heat Wave|p1a: Ting-Lu|[spread] p1b\n|-activate|p1a: Ting-Lu|move: Protect\n|-supereffective|p1b: Whatthefuck\n|-damage|p1b: Whatthefuck|46\/100\n|move|p1b: Whatthefuck|Kowtow Cleave|p2a: Grimegrrrrr\n|-resisted|p2a: Grimegrrrrr\n|-damage|p2a: Grimegrrrrr|62\/100\n|move|p2a: Grimegrrrrr|Spirit Break|p1b: Whatthefuck\n|-damage|p1b: Whatthefuck|34\/100\n|-unboost|p1b: Whatthefuck|spa|1\n|\n|upkeep\n|turn|7\n|\n|t:|1698020956\n|move|p1b: Whatthefuck|Protect|p1b: Whatthefuck\n|-singleturn|p1b: Whatthefuck|Protect\n|move|p2a: Grimegrrrrr|Taunt|p1a: Ting-Lu\n|-hint|Since gen 7, Dark is immune to Prankster moves.\n|-immune|p1a: Ting-Lu\n|move|p2b: Shaq IcyHot|Heat Wave|p1b: Whatthefuck|[spread] p1a\n|-activate|p1b: Whatthefuck|move: Protect\n|-damage|p1a: Ting-Lu|0 fnt\n|faint|p1a: Ting-Lu\n|\n|upkeep\n|\n|t:|1698020983\n|switch|p1a: Baxcalibur|Baxcalibur, F|100\/100\n|turn|8\n|\n|t:|1698021008\n|move|p2a: Grimegrrrrr|Reflect||[still]\n|-fail|p2a: Grimegrrrrr\n|move|p1a: Baxcalibur|Draco Meteor|p2b: Shaq IcyHot\n|-damage|p2b: Shaq IcyHot|74\/100\n|-unboost|p1a: Baxcalibur|spa|2\n|move|p2b: Shaq IcyHot|Heat Wave|p1a: Baxcalibur|[spread] p1a,p1b\n|-supereffective|p1b: Whatthefuck\n|-damage|p1a: Baxcalibur|68\/100\n|-damage|p1b: Whatthefuck|0 fnt\n|-ability|p1a: Baxcalibur|Thermal Exchange|boost\n|-boost|p1a: Baxcalibur|atk|1\n|faint|p1b: Whatthefuck\n|\n|-heal|p2b: Shaq IcyHot|80\/100|[from] item: Leftovers\n|-sideend|p2: AdamSandlerCult|Reflect\n|upkeep\n|\n|t:|1698021022\n|switch|p1b: Barraskewda|Barraskewda, M, shiny|100\/100\n|turn|9\n|\n|t:|1698021059\n|switch|p2b: Basiliskta|Dragapult, F|46\/100\n|move|p2a: Grimegrrrrr|Reflect|p2a: Grimegrrrrr\n|-sidestart|p2: AdamSandlerCult|Reflect\n|move|p1b: Barraskewda|Waterfall|p2b: Basiliskta\n|-resisted|p2b: Basiliskta\n|-damage|p2b: Basiliskta|20\/100\n|-damage|p1b: Barraskewda|91\/100|[from] item: Life Orb\n|move|p1a: Baxcalibur|Rain Dance|p1a: Baxcalibur\n|-weather|RainDance\n|\n|-weather|RainDance|[upkeep]\n|-sideend|p2: AdamSandlerCult|move: Light Screen\n|upkeep\n|turn|10\n|\n|t:|1698021090\n|move|p2a: Grimegrrrrr|Taunt|p1b: Barraskewda\n|-start|p1b: Barraskewda|move: Taunt\n|move|p1b: Barraskewda|Waterfall|p2b: Basiliskta\n|-resisted|p2b: Basiliskta\n|-damage|p2b: Basiliskta|0 fnt\n|faint|p2b: Basiliskta\n|-damage|p1b: Barraskewda|81\/100|[from] item: Life Orb\n|move|p1a: Baxcalibur|Rain Dance||[still]\n|-fail|p1a: Baxcalibur\n|\n|-weather|RainDance|[upkeep]\n|upkeep\n|\n|t:|1698021131\n|switch|p2b: Battle Bug|Heracross, F|86\/100 brn\n|turn|11\n|\n|t:|1698021166\n|move|p2a: Grimegrrrrr|Taunt|p1a: Baxcalibur\n|-start|p1a: Baxcalibur|move: Taunt\n|move|p1b: Barraskewda|Waterfall|p2b: Battle Bug\n|-damage|p2b: Battle Bug|0 fnt\n|faint|p2b: Battle Bug\n|-damage|p1b: Barraskewda|71\/100|[from] item: Life Orb\n|move|p1a: Baxcalibur|Stomping Tantrum|p2a: Grimegrrrrr\n|-damage|p2a: Grimegrrrrr|19\/100\n|\n|-weather|RainDance|[upkeep]\n|upkeep\n|\n|t:|1698021180\n|switch|p2b: Shaq IcyHot|Volcanion|80\/100\n|turn|12\n|\n|t:|1698021205\n|switch|p2a: God-Fkn-zilla|Tyranitar, M|100\/100\n|-ability|p2a: God-Fkn-zilla|Unnerve\n|move|p1b: Barraskewda|Aqua Jet|p2a: God-Fkn-zilla\n|-supereffective|p2a: God-Fkn-zilla\n|-damage|p2a: God-Fkn-zilla|55\/100\n|-damage|p1b: Barraskewda|61\/100|[from] item: Life Orb\n|move|p1a: Baxcalibur|Draco Meteor|p2b: Shaq IcyHot\n|-damage|p2b: Shaq IcyHot|61\/100\n|-unboost|p1a: Baxcalibur|spa|2\n|move|p2b: Shaq IcyHot|Heat Wave|p1b: Barraskewda|[spread] p1a,p1b\n|-resisted|p1b: Barraskewda\n|-damage|p1a: Baxcalibur|52\/100\n|-damage|p1b: Barraskewda|40\/100\n|-ability|p1a: Baxcalibur|Thermal Exchange|boost\n|-boost|p1a: Baxcalibur|atk|1\n|\n|-weather|RainDance|[upkeep]\n|-heal|p2b: Shaq IcyHot|67\/100|[from] item: Leftovers\n|-end|p1b: Barraskewda|move: Taunt\n|upkeep\n|turn|13\n|\n|t:|1698021245\n|move|p2b: Shaq IcyHot|Protect|p2b: Shaq IcyHot\n|-singleturn|p2b: Shaq IcyHot|Protect\n|move|p1b: Barraskewda|Waterfall|p2a: God-Fkn-zilla\n|-supereffective|p2a: God-Fkn-zilla\n|-damage|p2a: God-Fkn-zilla|0 fnt\n|faint|p2a: God-Fkn-zilla\n|-damage|p1b: Barraskewda|30\/100|[from] item: Life Orb\n|move|p1a: Baxcalibur|Stomping Tantrum|p2b: Shaq IcyHot\n|-activate|p2b: Shaq IcyHot|move: Protect\n|\n|-weather|none\n|-heal|p2b: Shaq IcyHot|73\/100|[from] item: Leftovers\n|-end|p1a: Baxcalibur|move: Taunt\n|upkeep\n|\n|t:|1698021262\n|switch|p2a: Dame Corvi|Corviknight, F|100\/100\n|turn|14\n|\n|t:|1698021289\n|move|p1b: Barraskewda|Waterfall|p2a: Dame Corvi\n|-damage|p2a: Dame Corvi|79\/100\n|-damage|p1b: Barraskewda|21\/100|[from] item: Life Orb\n|move|p1a: Baxcalibur|Icicle Crash|p2b: Shaq IcyHot\n|-resisted|p2b: Shaq IcyHot\n|-damage|p2b: Shaq IcyHot|60\/100\n|move|p2b: Shaq IcyHot|Earth Power|p1a: Baxcalibur\n|-damage|p1a: Baxcalibur|24\/100\n|cant|p2a: Dame Corvi|flinch\n|\n|-heal|p2b: Shaq IcyHot|66\/100|[from] item: Leftovers\n|-heal|p2a: Dame Corvi|85\/100|[from] item: Leftovers\n|upkeep\n|turn|15\n|\n|t:|1698021328\n|move|p1b: Barraskewda|Waterfall|p2b: Shaq IcyHot\n|-heal|p2b: Shaq IcyHot|91\/100|[from] ability: Water Absorb|[of] p1b: Barraskewda\n|move|p1a: Baxcalibur|Rain Dance|p1a: Baxcalibur\n|-weather|RainDance\n|move|p2b: Shaq IcyHot|Earth Power|p1a: Baxcalibur\n|-damage|p1a: Baxcalibur|0 fnt\n|faint|p1a: Baxcalibur\n|move|p2a: Dame Corvi|Brave Bird|p1b: Barraskewda\n|-damage|p1b: Barraskewda|0 fnt\n|faint|p1b: Barraskewda\n|-damage|p2a: Dame Corvi|81\/100|[from] Recoil\n|\n|-weather|RainDance|[upkeep]\n|-heal|p2b: Shaq IcyHot|97\/100|[from] item: Leftovers\n|-heal|p2a: Dame Corvi|87\/100|[from] item: Leftovers\n|upkeep\n|\n|t:|1698021346\n|switch|p1a: Gothorita|Gothorita, M|100\/100\n|-item|p2a: Dame Corvi|Leftovers|[from] ability: Frisk|[of] p1a: Gothorita|[identify]\n|-item|p2b: Shaq IcyHot|Leftovers|[from] ability: Frisk|[of] p1a: Gothorita|[identify]\n|turn|16\n|\n|t:|1698021374\n|move|p2b: Shaq IcyHot|Earth Power|p1a: Gothorita\n|-damage|p1a: Gothorita|61\/100\n|-enditem|p1a: Gothorita|Red Card|[of] p2b: Shaq IcyHot\n|drag|p2b: Grimegrrrrr|Grimmsnarl, M|19\/100\n|move|p2a: Dame Corvi|Iron Head|p1a: Gothorita\n|-damage|p1a: Gothorita|33\/100\n|move|p1a: Gothorita|Trick Room|p1a: Gothorita\n|-fieldstart|move: Trick Room|[of] p1a: Gothorita\n|\n|-weather|RainDance|[upkeep]\n|-heal|p2a: Dame Corvi|93\/100|[from] item: Leftovers\n|-sideend|p2: AdamSandlerCult|Reflect\n|upkeep\n|turn|17\n|\n|t:|1698021401\n|move|p1a: Gothorita|Psyshock|p2b: Grimegrrrrr\n|-immune|p2b: Grimegrrrrr\n|move|p2b: Grimegrrrrr|Spirit Break|p1a: Gothorita\n|-damage|p1a: Gothorita|0 fnt\n|faint|p1a: Gothorita\n|\n|win|AdamSandlerCult\n","uploadtime":1698021418,"views":26,"p1id":"offvigorously","p2id":"adamsandlercult","formatid":"gen9doublesou","rating":0,"private":0,"password":""}