{"id":"gen9doublesou-1974595969","p1":"mikemotto","p2":"12123434a","format":"[Gen 9] Doubles OU","log":"|j|\u2606mikemotto\n|j|\u260612123434a\n|t:|1698100885\n|gametype|doubles\n|player|p1|mikemotto|102|1556\n|player|p2|12123434a|twins-gen4dp|1617\n|teamsize|p1|6\n|teamsize|p2|6\n|gen|9\n|tier|[Gen 9] Doubles OU\n|rated|\n|rule|Species Clause: Limit one of each Pok\u00e9mon\n|rule|OHKO Clause: OHKO moves are banned\n|rule|Evasion Moves Clause: Evasion moves are banned\n|rule|Gravity Sleep Clause: The combination of sleep-inducing moves with imperfect accuracy and Gravity or Gigantamax Orbeetle are banned\n|rule|Endless Battle Clause: Forcing endless battles is banned\n|rule|HP Percentage Mod: HP is shown in percentages\n|clearpoke\n|poke|p1|Tyranitar, M|\n|poke|p1|Garchomp, F|\n|poke|p1|Houndstone, M|\n|poke|p1|Ursaluna, F|\n|poke|p1|Glimmora, F|\n|poke|p1|Garganacl, F|\n|poke|p2|Chien-Pao|\n|poke|p2|Dragonite, M|\n|poke|p2|Gholdengo|\n|poke|p2|Chi-Yu|\n|poke|p2|Enamorus-Therian, F|\n|poke|p2|Glimmora, M|\n|teampreview\n|inactive|Battle timer is ON: inactive players will automatically lose when time's up. (requested by 12123434a)\n|\n|t:|1698100898\n|start\n|switch|p1a: Ursaluna|Ursaluna, F|100\/100\n|switch|p1b: Garganacl|Garganacl, F|100\/100\n|switch|p2a: Enamorus|Enamorus-Therian, F|100\/100\n|switch|p2b: Glimmora|Glimmora, M|100\/100\n|turn|1\n|\n|t:|1698100921\n|move|p2b: Glimmora|Earth Power|p1b: Garganacl\n|-supereffective|p1b: Garganacl\n|-damage|p1b: Garganacl|62\/100\n|move|p1a: Ursaluna|Swords Dance|p1a: Ursaluna\n|-boost|p1a: Ursaluna|atk|2\n|move|p2a: Enamorus|Springtide Storm|p1a: Ursaluna|[spread] p1a,p1b\n|-damage|p1a: Ursaluna|62\/100\n|-damage|p1b: Garganacl|33\/100\n|move|p1b: Garganacl|Iron Defense|p1b: Garganacl\n|-boost|p1b: Garganacl|def|2\n|\n|-heal|p1b: Garganacl|39\/100|[from] item: Leftovers\n|-status|p1a: Ursaluna|brn|[from] item: Flame Orb\n|upkeep\n|turn|2\n|inactive|12123434a has 120 seconds left.\n|\n|t:|1698100954\n|switch|p2b: Gholdengo|Gholdengo|100\/100\n|-terastallize|p1b: Garganacl|Ghost\n|move|p1a: Ursaluna|Facade|p2a: Enamorus\n|-damage|p2a: Enamorus|0 fnt\n|-damage|p1a: Ursaluna|45\/100 brn|[from] item: Rocky Helmet|[of] p2a: Enamorus\n|faint|p2a: Enamorus\n|move|p1b: Garganacl|Recover|p1b: Garganacl\n|-heal|p1b: Garganacl|89\/100\n|\n|-heal|p1b: Garganacl|96\/100|[from] item: Leftovers\n|-damage|p1a: Ursaluna|39\/100 brn|[from] brn\n|upkeep\n|inactive|12123434a has 120 seconds left.\n|c|\u260612123434a|Misckick\n|c|\u260612123434a|Uch\n|\n|t:|1698100973\n|switch|p2a: Chi-Yu|Chi-Yu|100\/100\n|-ability|p2a: Chi-Yu|Beads of Ruin\n|turn|3\n|\n|t:|1698100984\n|move|p2a: Chi-Yu|Dark Pulse|p1b: Garganacl\n|-supereffective|p1b: Garganacl\n|-damage|p1b: Garganacl|0 fnt\n|faint|p1b: Garganacl\n|-damage|p2a: Chi-Yu|91\/100|[from] item: Life Orb\n|move|p2b: Gholdengo|Make It Rain|p1a: Ursaluna\n|-damage|p1a: Ursaluna|0 fnt\n|-unboost|p2b: Gholdengo|spa|1\n|faint|p1a: Ursaluna\n|\n|upkeep\n|\n|t:|1698100990\n|switch|p1a: Glimmora|Glimmora, F|100\/100\n|switch|p1b: Garchomp|Garchomp, F|100\/100\n|turn|4\n|inactive|12123434a has 120 seconds left.\n|\n|t:|1698101030\n|switch|p2a: Glimmora|Glimmora, M|100\/100\n|switch|p2b: Dragonite|Dragonite, M|100\/100\n|move|p1a: Glimmora|Spiky Shield|p1a: Glimmora\n|-singleturn|p1a: Glimmora|move: Protect\n|move|p1b: Garchomp|Earthquake|p2a: Glimmora|[spread] p2a\n|-activate|p1a: Glimmora|move: Protect\n|-immune|p2b: Dragonite\n|-supereffective|p2a: Glimmora\n|-enditem|p2a: Glimmora|Focus Sash\n|-damage|p2a: Glimmora|1\/100\n|-activate|p2a: Glimmora|ability: Toxic Debris\n|-sidestart|p1: mikemotto|move: Toxic Spikes\n|\n|upkeep\n|turn|5\n|inactive|12123434a has 120 seconds left.\n|l|\u260612123434a\n|inactive|12123434a disconnected and has a minute to reconnect!\n|player|p2|\n|j|\u260612123434a\n|inactive|12123434a reconnected and has 105 seconds left.\n|player|p2|12123434a|twins-gen4dp\n|\n|t:|1698101067\n|move|p1b: Garchomp|Swords Dance|p1b: Garchomp\n|-boost|p1b: Garchomp|atk|2\n|move|p1a: Glimmora|Mortal Spin|p2b: Dragonite|[spread] p2a,p2b\n|-resisted|p2a: Glimmora\n|-damage|p2a: Glimmora|0 fnt\n|-damage|p2b: Dragonite|98\/100\n|-status|p2b: Dragonite|psn\n|-activate|p2a: Glimmora|ability: Toxic Debris\n|-sidestart|p1: mikemotto|move: Toxic Spikes\n|-sideend|p1: mikemotto|Toxic Spikes|[from] move: Mortal Spin|[of] p1a: Glimmora\n|faint|p2a: Glimmora\n|move|p2b: Dragonite|Dragon Dance|p2b: Dragonite\n|-boost|p2b: Dragonite|atk|1\n|-boost|p2b: Dragonite|spe|1\n|\n|-damage|p2b: Dragonite|86\/100 psn|[from] psn\n|upkeep\n|\n|t:|1698101072\n|switch|p2a: Chien-Pao|Chien-Pao|100\/100\n|-ability|p2a: Chien-Pao|Sword of Ruin\n|turn|6\n|inactive|12123434a has 120 seconds left.\n|\n|t:|1698101098\n|switch|p1b: Tyranitar|Tyranitar, M|100\/100\n|-weather|Sandstorm|[from] ability: Sand Stream|[of] p1b: Tyranitar\n|move|p2a: Chien-Pao|Ice Spinner|p1b: Tyranitar\n|-damage|p1b: Tyranitar|57\/100\n|move|p2b: Dragonite|Rock Slide|p1a: Glimmora|[spread] p1a,p1b\n|-damage|p1a: Glimmora|54\/100\n|-damage|p1b: Tyranitar|26\/100\n|-activate|p1a: Glimmora|ability: Toxic Debris\n|-sidestart|p2: 12123434a|move: Toxic Spikes\n|move|p1a: Glimmora|Power Gem|p2a: Chien-Pao\n|-supereffective|p2a: Chien-Pao\n|-damage|p2a: Chien-Pao|25\/100\n|\n|-weather|Sandstorm|[upkeep]\n|-damage|p2a: Chien-Pao|19\/100|[from] Sandstorm\n|-damage|p2b: Dragonite|80\/100 psn|[from] Sandstorm\n|-damage|p2b: Dragonite|67\/100 psn|[from] psn\n|upkeep\n|turn|7\n|inactive|12123434a has 120 seconds left.\n|\n|t:|1698101124\n|move|p1b: Tyranitar|Protect|p1b: Tyranitar\n|-singleturn|p1b: Tyranitar|Protect\n|move|p2a: Chien-Pao|Sacred Sword|p1a: Glimmora\n|-damage|p1a: Glimmora|17\/100\n|-activate|p1a: Glimmora|ability: Toxic Debris\n|-sidestart|p2: 12123434a|move: Toxic Spikes\n|move|p2b: Dragonite|Rock Slide|p1a: Glimmora|[spread] p1a\n|-activate|p1b: Tyranitar|move: Protect\n|-damage|p1a: Glimmora|0 fnt\n|faint|p1a: Glimmora\n|\n|-weather|Sandstorm|[upkeep]\n|-damage|p2a: Chien-Pao|13\/100|[from] Sandstorm\n|-damage|p2b: Dragonite|61\/100 psn|[from] Sandstorm\n|-damage|p2b: Dragonite|48\/100 psn|[from] psn\n|upkeep\n|\n|t:|1698101137\n|switch|p1a: Houndstone|Houndstone, M|100\/100\n|turn|8\n|\n|t:|1698101145\n|-terastallize|p2b: Dragonite|Normal\n|move|p2a: Chien-Pao|Sucker Punch|p1a: Houndstone\n|-supereffective|p1a: Houndstone\n|-crit|p1a: Houndstone\n|-damage|p1a: Houndstone|0 fnt\n|faint|p1a: Houndstone\n|move|p2b: Dragonite|Rock Slide|p1b: Tyranitar|[miss]\n|-miss|p2b: Dragonite|p1b: Tyranitar\n|move|p1b: Tyranitar|Knock Off|p2b: Dragonite\n|-damage|p2b: Dragonite|0 fnt\n|-enditem|p2b: Dragonite|Normal Gem|[from] move: Knock Off|[of] p1b: Tyranitar\n|faint|p2b: Dragonite\n|\n|-weather|Sandstorm|[upkeep]\n|-damage|p2a: Chien-Pao|7\/100|[from] Sandstorm\n|upkeep\n|\n|t:|1698101156\n|switch|p1a: Garchomp|Garchomp, F|100\/100\n|switch|p2b: Gholdengo|Gholdengo|100\/100\n|turn|9\n|\n|t:|1698101169\n|move|p2a: Chien-Pao|Ice Shard|p1a: Garchomp\n|-supereffective|p1a: Garchomp\n|-damage|p1a: Garchomp|0 fnt\n|faint|p1a: Garchomp\n|move|p2b: Gholdengo|Reflect|p2b: Gholdengo\n|-sidestart|p2: 12123434a|Reflect\n|move|p1b: Tyranitar|Rock Slide|p2b: Gholdengo|[spread] p2b\n|-miss|p1b: Tyranitar|p2a: Chien-Pao\n|-resisted|p2b: Gholdengo\n|-damage|p2b: Gholdengo|85\/100\n|\n|-weather|Sandstorm|[upkeep]\n|-damage|p2a: Chien-Pao|1\/100|[from] Sandstorm\n|-heal|p2b: Gholdengo|91\/100|[from] item: Leftovers\n|upkeep\n|turn|10\n|-message|mikemotto forfeited.\n|\n|win|12123434a\n|raw|mikemotto's rating: 1556 &rarr; <strong>1539<\/strong><br \/>(-17 for losing)\n|raw|12123434a's rating: 1617 &rarr; <strong>1634<\/strong><br \/>(+17 for winning)\n|l|\u2606mikemotto\n","uploadtime":1698101185,"views":18,"p1id":"mikemotto","p2id":"12123434a","formatid":"gen9doublesou","rating":1539,"private":0,"password":""}