{"id":"gen9doublesou-1979056368","p1":"Tenku G Takeru","p2":"IceTrainerRocma","format":"[Gen 9] Doubles OU","log":"|j|\u2606Tenku G Takeru\n|j|\u2606IceTrainerRocma\n|t:|1698626602\n|gametype|doubles\n|player|p1|Tenku G Takeru|ghetsis|\n|player|p2|IceTrainerRocma|carmine|\n|teamsize|p1|6\n|teamsize|p2|6\n|gen|9\n|tier|[Gen 9] Doubles OU\n|rule|Species Clause: Limit one of each Pok\u00e9mon\n|rule|OHKO Clause: OHKO moves are banned\n|rule|Evasion Moves Clause: Evasion moves are banned\n|rule|Gravity Sleep Clause: The combination of sleep-inducing moves with imperfect accuracy and Gravity or Gigantamax Orbeetle are banned\n|rule|Endless Battle Clause: Forcing endless battles is banned\n|rule|HP Percentage Mod: HP is shown in percentages\n|clearpoke\n|poke|p1|Sinistcha-Masterpiece|\n|poke|p1|Dipplin, M|\n|poke|p1|Snorlax, M|\n|poke|p1|Kommo-o, M|\n|poke|p1|Iron Hands|\n|poke|p1|Clefairy, F|\n|poke|p2|Volcarona, F|\n|poke|p2|Kleavor, M|\n|poke|p2|Vikavolt, M|\n|poke|p2|Lokix, M|\n|poke|p2|Ribombee, F|\n|poke|p2|Scizor, M|\n|teampreview\n|c|\u2606IceTrainerRocma|Didn\u2019t have a team for this, so just used what showed up\n|c|\u2606Tenku G Takeru|Did YOU get your team from Amadamo as well?\n|\n|t:|1698626641\n|start\n|switch|p1a: I'm Da Snorlax|Snorlax, M, shiny|100\/100\n|switch|p1b: Starborne|Clefairy, F, shiny|100\/100\n|switch|p2a: Basagiri|Kleavor, M, shiny|100\/100\n|switch|p2b: Buzz Buzz Bitch|Ribombee, F|100\/100\n|turn|1\n|c|\u2606IceTrainerRocma|No, it\u2019s just one I made more randomly\n|\n|t:|1698626665\n|move|p2b: Buzz Buzz Bitch|Sticky Web|p1b: Starborne\n|-sidestart|p1: Tenku G Takeru|move: Sticky Web\n|move|p2a: Basagiri|Stone Axe|p1b: Starborne\n|-damage|p1b: Starborne|40\/100\n|-sidestart|p1: Tenku G Takeru|move: Stealth Rock\n|move|p1b: Starborne|Reflect|p1b: Starborne\n|-sidestart|p1: Tenku G Takeru|Reflect\n|move|p1a: I'm Da Snorlax|Belly Drum|p1a: I'm Da Snorlax\n|-damage|p1a: I'm Da Snorlax|50\/100\n|-setboost|p1a: I'm Da Snorlax|atk|6|[from] move: Belly Drum\n|-enditem|p1a: I'm Da Snorlax|Iapapa Berry|[eat]\n|-heal|p1a: I'm Da Snorlax|84\/100|[from] item: Iapapa Berry\n|\n|upkeep\n|turn|2\n|\n|t:|1698626696\n|move|p2b: Buzz Buzz Bitch|Reflect|p2b: Buzz Buzz Bitch\n|-sidestart|p2: IceTrainerRocma|Reflect\n|move|p2a: Basagiri|Night Slash|p1a: I'm Da Snorlax\n|-damage|p1a: I'm Da Snorlax|67\/100\n|move|p1b: Starborne|Light Screen|p1b: Starborne\n|-sidestart|p1: Tenku G Takeru|move: Light Screen\n|move|p1a: I'm Da Snorlax|Body Slam|p2b: Buzz Buzz Bitch\n|-enditem|p2b: Buzz Buzz Bitch|Focus Sash\n|-damage|p2b: Buzz Buzz Bitch|1\/100\n|-status|p2b: Buzz Buzz Bitch|par\n|\n|upkeep\n|turn|3\n|\n|t:|1698626721\n|move|p1b: Starborne|Helping Hand|p1a: I'm Da Snorlax\n|-singleturn|p1a: I'm Da Snorlax|Helping Hand|[of] p1b: Starborne\n|move|p2a: Basagiri|Stone Axe|p1a: I'm Da Snorlax\n|-damage|p1a: I'm Da Snorlax|42\/100\n|move|p2b: Buzz Buzz Bitch|Light Screen|p2b: Buzz Buzz Bitch\n|-sidestart|p2: IceTrainerRocma|move: Light Screen\n|move|p1a: I'm Da Snorlax|Earthquake|p2b: Buzz Buzz Bitch|[spread] p1b,p2a,p2b\n|-resisted|p2b: Buzz Buzz Bitch\n|-damage|p1b: Starborne|0 fnt\n|-damage|p2a: Basagiri|0 fnt\n|-damage|p2b: Buzz Buzz Bitch|0 fnt\n|faint|p1b: Starborne\n|faint|p2a: Basagiri\n|faint|p2b: Buzz Buzz Bitch\n|\n|upkeep\n|\n|t:|1698626751\n|switch|p2b: Cyberbeetle|Vikavolt, M, shiny|100\/100\n|switch|p2a: Kamen Rider|Lokix, M|100\/100\n|switch|p1b: Loltchageist|Sinistcha-Masterpiece, shiny|100\/100\n|-activate|p1b: Loltchageist|move: Sticky Web\n|-unboost|p1b: Loltchageist|spe|1\n|-damage|p1b: Loltchageist|88\/100|[from] Stealth Rock\n|-heal|p1a: I'm Da Snorlax|67\/100|[from] ability: Hospitality|[of] p1b: Loltchageist\n|turn|4\n|\n|t:|1698626768\n|move|p2a: Kamen Rider|First Impression|p1a: I'm Da Snorlax\n|-damage|p1a: I'm Da Snorlax|45\/100\n|move|p2b: Cyberbeetle|Bug Buzz|p1b: Loltchageist\n|-crit|p1b: Loltchageist\n|-damage|p1b: Loltchageist|0 fnt\n|faint|p1b: Loltchageist\n|move|p1a: I'm Da Snorlax|Zen Headbutt|p2b: Cyberbeetle\n|-damage|p2b: Cyberbeetle|29\/100\n|\n|upkeep\n|\n|t:|1698626780\n|switch|p1b: Dripplin|Dipplin, M, shiny|100\/100\n|-activate|p1b: Dripplin|move: Sticky Web\n|-unboost|p1b: Dripplin|spe|1\n|-damage|p1b: Dripplin|88\/100|[from] Stealth Rock\n|-ability|p1b: Dripplin|Supersweet Syrup\n|-ability|p1b: Dripplin|Supersweet Syrup|boost\n|-unboost|p2a: Kamen Rider|evasion|1\n|-unboost|p2b: Cyberbeetle|evasion|1\n|turn|5\n|\n|t:|1698626802\n|-terastallize|p2b: Cyberbeetle|Electric\n|move|p2a: Kamen Rider|Knock Off|p1b: Dripplin\n|-damage|p1b: Dripplin|70\/100\n|-enditem|p1b: Dripplin|Eviolite|[from] move: Knock Off|[of] p2a: Kamen Rider\n|move|p2b: Cyberbeetle|Thunderbolt|p1a: I'm Da Snorlax\n|-damage|p1a: I'm Da Snorlax|14\/100\n|move|p1a: I'm Da Snorlax|Earthquake|p2b: Cyberbeetle|[spread] p1b,p2a\n|-immune|p2b: Cyberbeetle|[from] ability: Levitate\n|-resisted|p1b: Dripplin\n|-resisted|p2a: Kamen Rider\n|-damage|p1b: Dripplin|41\/100\n|-damage|p2a: Kamen Rider|46\/100\n|move|p1b: Dripplin|Syrup Bomb|p2a: Kamen Rider\n|-resisted|p2a: Kamen Rider\n|-damage|p2a: Kamen Rider|29\/100\n|-start|p2a: Kamen Rider|Syrup Bomb\n|\n|-unboost|p2a: Kamen Rider|spe|1\n|-sideend|p1: Tenku G Takeru|Reflect\n|upkeep\n|turn|6\n|\n|t:|1698626830\n|switch|p1b: Thrower of Hands|Iron Hands|100\/100\n|-activate|p1b: Thrower of Hands|move: Sticky Web\n|-unboost|p1b: Thrower of Hands|spe|1\n|-damage|p1b: Thrower of Hands|94\/100|[from] Stealth Rock\n|move|p2a: Kamen Rider|Leech Life|p1a: I'm Da Snorlax\n|-damage|p1a: I'm Da Snorlax|0 fnt\n|-heal|p2a: Kamen Rider|41\/100|[from] drain|[of] p1a: I'm Da Snorlax\n|faint|p1a: I'm Da Snorlax\n|move|p2b: Cyberbeetle|Bug Buzz|p1b: Thrower of Hands\n|-resisted|p1b: Thrower of Hands\n|-damage|p1b: Thrower of Hands|83\/100\n|\n|-unboost|p2a: Kamen Rider|spe|1\n|-sideend|p2: IceTrainerRocma|Reflect\n|-sideend|p1: Tenku G Takeru|move: Light Screen\n|upkeep\n|\n|t:|1698626845\n|switch|p1a: Soulscale|Kommo-o, M, shiny|100\/100\n|-activate|p1a: Soulscale|move: Sticky Web\n|-unboost|p1a: Soulscale|spe|1\n|-damage|p1a: Soulscale|94\/100|[from] Stealth Rock\n|turn|7\n|\n|t:|1698626863\n|move|p1b: Thrower of Hands|Fake Out|p2a: Kamen Rider\n|-damage|p2a: Kamen Rider|15\/100\n|move|p1a: Soulscale|Clangorous Soul|p1a: Soulscale\n|-boost|p1a: Soulscale|atk|1\n|-boost|p1a: Soulscale|def|1\n|-boost|p1a: Soulscale|spa|1\n|-boost|p1a: Soulscale|spd|1\n|-boost|p1a: Soulscale|spe|1\n|-damage|p1a: Soulscale|61\/100\n|-enditem|p1a: Soulscale|Throat Spray\n|-boost|p1a: Soulscale|spa|1|[from] item: Throat Spray\n|cant|p2a: Kamen Rider|flinch\n|move|p2b: Cyberbeetle|Flash Cannon|p1a: Soulscale\n|-damage|p1a: Soulscale|38\/100\n|\n|-unboost|p2a: Kamen Rider|spe|1\n|-sideend|p2: IceTrainerRocma|move: Light Screen\n|upkeep\n|turn|8\n|c|\u2606IceTrainerRocma|Gotta throw some food away, brb\n|c|\u2606IceTrainerRocma|Bac\n|\n|t:|1698626961\n|move|p1a: Soulscale|Hyper Voice|p2b: Cyberbeetle|[spread] p2a,p2b\n|-damage|p2a: Kamen Rider|0 fnt\n|-damage|p2b: Cyberbeetle|0 fnt\n|faint|p2a: Kamen Rider\n|faint|p2b: Cyberbeetle\n|move|p1b: Thrower of Hands|Ice Punch|p2: Kamen Rider|[notarget]\n|-fail|p1b: Thrower of Hands\n|\n|upkeep\n|\n|t:|1698626965\n|switch|p2a: Daimonji|Scizor, M, shiny|100\/100\n|switch|p2b: Solaris|Volcarona, F, shiny|100\/100\n|turn|9\n|\n|t:|1698626977\n|move|p2a: Daimonji|Bullet Punch|p1a: Soulscale\n|-damage|p1a: Soulscale|18\/100\n|move|p2b: Solaris|Quiver Dance|p2b: Solaris\n|-boost|p2b: Solaris|spa|1\n|-boost|p2b: Solaris|spd|1\n|-boost|p2b: Solaris|spe|1\n|move|p1a: Soulscale|Clanging Scales|p2a: Daimonji|[spread] p2a,p2b\n|-resisted|p2a: Daimonji\n|-damage|p2a: Daimonji|57\/100\n|-damage|p2b: Solaris|52\/100\n|-unboost|p1a: Soulscale|def|1\n|move|p1b: Thrower of Hands|Wild Charge|p2a: Daimonji\n|-damage|p2a: Daimonji|1\/100\n|-damage|p1b: Thrower of Hands|74\/100|[from] Recoil\n|\n|-heal|p2a: Daimonji|7\/100|[from] item: Leftovers\n|upkeep\n|turn|10\n|\n|t:|1698627000\n|move|p2a: Daimonji|Bullet Punch|p1a: Soulscale\n|-damage|p1a: Soulscale|0 fnt\n|faint|p1a: Soulscale\n|move|p2b: Solaris|Fiery Dance|p1b: Thrower of Hands\n|-damage|p1b: Thrower of Hands|33\/100\n|-boost|p2b: Solaris|spa|1\n|move|p1b: Thrower of Hands|Wild Charge|p2b: Solaris\n|-damage|p2b: Solaris|0 fnt\n|faint|p2b: Solaris\n|-damage|p1b: Thrower of Hands|25\/100|[from] Recoil\n|\n|-heal|p2a: Daimonji|13\/100|[from] item: Leftovers\n|upkeep\n|\n|t:|1698627012\n|switch|p1a: Dripplin|Dipplin, M, shiny|41\/100\n|-activate|p1a: Dripplin|move: Sticky Web\n|-unboost|p1a: Dripplin|spe|1\n|-damage|p1a: Dripplin|29\/100|[from] Stealth Rock\n|turn|11\n|\n|t:|1698627020\n|move|p2a: Daimonji|Bullet Punch|p1b: Thrower of Hands\n|-resisted|p1b: Thrower of Hands\n|-damage|p1b: Thrower of Hands|14\/100\n|move|p1b: Thrower of Hands|Wild Charge|p2a: Daimonji\n|-damage|p2a: Daimonji|0 fnt\n|faint|p2a: Daimonji\n|-damage|p1b: Thrower of Hands|12\/100|[from] Recoil\n|\n|win|Tenku G Takeru\n|c|\u2606IceTrainerRocma|Gg\n|l|\u2606IceTrainerRocma\n|c|\u2606Tenku G Takeru|g-g\n","uploadtime":1698627030,"views":23,"p1id":"tenkugtakeru","p2id":"icetrainerrocma","formatid":"gen9doublesou","rating":0,"private":0,"password":""}