{"id":"gen9doublesou-1995633845","p1":"FlaringFox64","p2":"perro vegano","format":"[Gen 9] Doubles OU","log":"|j|\u2606FlaringFox64\n|j|\u2606perro vegano\n|t:|1700589340\n|gametype|doubles\n|player|p1|FlaringFox64|1|1157\n|player|p2|perro vegano|265|1169\n|teamsize|p1|6\n|teamsize|p2|6\n|gen|9\n|tier|[Gen 9] Doubles OU\n|rated|\n|rule|Species Clause: Limit one of each Pok\u00e9mon\n|rule|OHKO Clause: OHKO moves are banned\n|rule|Evasion Moves Clause: Evasion moves are banned\n|rule|Gravity Sleep Clause: The combination of sleep-inducing moves with imperfect accuracy and Gravity or Gigantamax Orbeetle are banned\n|rule|Endless Battle Clause: Forcing endless battles is banned\n|rule|HP Percentage Mod: HP is shown in percentages\n|clearpoke\n|poke|p1|Donphan, L1, M|\n|poke|p1|Bellibolt, F|\n|poke|p1|Rabsca, M|\n|poke|p1|Oranguru, F|\n|poke|p1|Maushold-Four|\n|poke|p1|Golem-Alola, F|\n|poke|p2|Hoopa-Unbound|\n|poke|p2|Scizor, M|\n|poke|p2|Meowscarada, M|\n|poke|p2|Zapdos|\n|poke|p2|Chandelure, F|\n|poke|p2|Landorus-Therian, M|\n|teampreview\n|\n|t:|1700589353\n|start\n|switch|p1a: Bellibolt|Bellibolt, F|100\/100\n|switch|p1b: Oranguru|Oranguru, F|100\/100\n|switch|p2a: Meowscarada|Meowscarada, M|100\/100\n|switch|p2b: Landorus|Landorus-Therian, M|100\/100\n|-ability|p2b: Landorus|Intimidate|boost\n|-unboost|p1a: Bellibolt|atk|1\n|-unboost|p1b: Oranguru|atk|1\n|turn|1\n|\n|t:|1700589383\n|switch|p2a: Zapdos|Zapdos|100\/100\n|move|p1a: Bellibolt|Protect|p1a: Bellibolt\n|-singleturn|p1a: Bellibolt|Protect\n|move|p2b: Landorus|U-turn|p1b: Oranguru\n|-supereffective|p1b: Oranguru\n|-crit|p1b: Oranguru\n|-damage|p1b: Oranguru|12\/100\n|\n|t:|1700589395\n|switch|p2b: Chandelure|Chandelure, F|100\/100|[from] U-turn\n|move|p1b: Oranguru|Trick Room|p1b: Oranguru\n|-fieldstart|move: Trick Room|[of] p1b: Oranguru\n|\n|-heal|p1b: Oranguru|19\/100|[from] item: Leftovers\n|upkeep\n|turn|2\n|inactive|Battle timer is ON: inactive players will automatically lose when time's up. (requested by FlaringFox64)\n|inactive|perro vegano has 120 seconds left.\n|\n|t:|1700589464\n|move|p1a: Bellibolt|Parabolic Charge|p2b: Chandelure|[spread] p2a,p2b\n|-activate|p1b: Oranguru|ability: Telepathy\n|-damage|p2a: Zapdos|79\/100\n|-damage|p2b: Chandelure|67\/100\n|move|p1b: Oranguru|Instruct|p1a: Bellibolt\n|-singleturn|p1a: Bellibolt|move: Instruct|[of] p1b: Oranguru\n|move|p1a: Bellibolt|Parabolic Charge|p2b: Chandelure|[spread] p2a,p2b\n|-activate|p1b: Oranguru|ability: Telepathy\n|-damage|p2a: Zapdos|56\/100\n|-damage|p2b: Chandelure|32\/100\n|move|p2a: Zapdos|Volt Switch|p1b: Oranguru\n|-damage|p1b: Oranguru|0 fnt\n|faint|p1b: Oranguru\n|inactive|perro vegano has 120 seconds left.\n|\n|t:|1700589500\n|switch|p2a: Landorus|Landorus-Therian, M|100\/100|[from] Volt Switch\n|-ability|p2a: Landorus|Intimidate|boost\n|-unboost|p1a: Bellibolt|atk|1\n|move|p2b: Chandelure|Will-O-Wisp|p1a: Bellibolt\n|-status|p1a: Bellibolt|brn\n|\n|-damage|p1a: Bellibolt|94\/100 brn|[from] brn\n|upkeep\n|\n|t:|1700589509\n|switch|p1b: Maushold|Maushold-Four|100\/100\n|turn|3\n|\n|t:|1700589529\n|switch|p2b: Scizor|Scizor, M|100\/100\n|move|p1a: Bellibolt|Muddy Water|p2b: Scizor|[spread] p2a,p2b\n|-supereffective|p2a: Landorus\n|-damage|p2a: Landorus|35\/100\n|-damage|p2b: Scizor|76\/100\n|-unboost|p2a: Landorus|accuracy|1\n|-unboost|p2b: Scizor|accuracy|1\n|move|p1b: Maushold|Population Bomb|p2a: Landorus\n|-damage|p2a: Landorus|21\/100\n|-damage|p2a: Landorus|7\/100\n|-damage|p2a: Landorus|0 fnt\n|faint|p2a: Landorus\n|-hitcount|p2: Landorus|3\n|\n|-heal|p1a: Bellibolt|100\/100 brn|[from] item: Leftovers\n|-damage|p1a: Bellibolt|94\/100 brn|[from] brn\n|upkeep\n|c|\u2606FlaringFox64|among us\n|inactive|perro vegano has 120 seconds left.\n|inactive|perro vegano has 90 seconds left.\n|\n|t:|1700589580\n|switch|p2a: Hoopa|Hoopa-Unbound|100\/100\n|turn|4\n|\n|t:|1700589595\n|move|p1a: Bellibolt|Parabolic Charge|p2b: Scizor|[spread] p1b,p2a,p2b\n|-damage|p1b: Maushold|64\/100\n|-heal|p1a: Bellibolt|100\/100 brn|[from] drain|[of] p1b: Maushold\n|-damage|p2a: Hoopa|78\/100\n|-damage|p2b: Scizor|46\/100\n|move|p2b: Scizor|Close Combat|p1b: Maushold\n|-supereffective|p1b: Maushold\n|-damage|p1b: Maushold|0 fnt\n|-unboost|p2b: Scizor|def|1\n|-unboost|p2b: Scizor|spd|1\n|faint|p1b: Maushold\n|move|p2a: Hoopa|Psychic|p1a: Bellibolt\n|-damage|p1a: Bellibolt|46\/100 brn\n|-start|p1a: Bellibolt|Charge|Psychic|[from] ability: Electromorphosis\n|\n|-heal|p1a: Bellibolt|53\/100 brn|[from] item: Leftovers\n|-heal|p2a: Hoopa|84\/100|[from] item: Leftovers\n|-damage|p1a: Bellibolt|46\/100 brn|[from] brn\n|upkeep\n|\n|t:|1700589614\n|switch|p1b: Donphan|Donphan, L1, M, shiny|100\/100\n|turn|5\n|inactive|perro vegano has 120 seconds left.\n|\n|t:|1700589646\n|switch|p2b: Zapdos|Zapdos|56\/100\n|move|p1b: Donphan|Endeavor|p2a: Hoopa\n|-damage|p2a: Hoopa|5\/100\n|move|p1a: Bellibolt|Parabolic Charge|p2b: Zapdos|[spread] p2a,p2b\n|-immune|p1b: Donphan\n|-damage|p2a: Hoopa|0 fnt\n|-heal|p1a: Bellibolt|48\/100 brn|[from] drain|[of] p2a: Hoopa\n|-damage|p2b: Zapdos|10\/100\n|-heal|p1a: Bellibolt|69\/100 brn|[from] drain|[of] p2b: Zapdos\n|faint|p2a: Hoopa\n|-end|p1a: Bellibolt|Charge|[silent]\n|\n|-heal|p1a: Bellibolt|75\/100 brn|[from] item: Leftovers\n|-damage|p1a: Bellibolt|69\/100 brn|[from] brn\n|-fieldend|move: Trick Room\n|upkeep\n|c|\u2606FlaringFox64|meeheheheheh\n|inactive|perro vegano has 90 seconds left.\n|\n|t:|1700589664\n|switch|p2a: Meowscarada|Meowscarada, M|100\/100\n|turn|6\n|inactive|perro vegano has 90 seconds left.\n|\n|t:|1700589711\n|move|p2a: Meowscarada|Flower Trick|p1b: Donphan\n|-supereffective|p1b: Donphan\n|-crit|p1b: Donphan\n|-ability|p1b: Donphan|Sturdy\n|-damage|p1b: Donphan|8\/100\n|move|p2b: Zapdos|Roost|p2b: Zapdos\n|-heal|p2b: Zapdos|60\/100\n|-singleturn|p2b: Zapdos|move: Roost\n|move|p1a: Bellibolt|Parabolic Charge|p2a: Meowscarada|[spread] p2a,p2b\n|-immune|p1b: Donphan\n|-resisted|p2a: Meowscarada\n|-resisted|p2b: Zapdos\n|-damage|p2a: Meowscarada|81\/100\n|-heal|p1a: Bellibolt|76\/100 brn|[from] drain|[of] p2a: Meowscarada\n|-damage|p2b: Zapdos|48\/100\n|-heal|p1a: Bellibolt|82\/100 brn|[from] drain|[of] p2b: Zapdos\n|move|p1b: Donphan|Endeavor|p2a: Meowscarada\n|-damage|p2a: Meowscarada|1\/100\n|-enditem|p2a: Meowscarada|Liechi Berry|[eat]\n|-boost|p2a: Meowscarada|atk|1|[from] item: Liechi Berry\n|-heal|p1b: Donphan|100\/100|[from] item: Shell Bell|[of] p2a: Meowscarada\n|\n|-heal|p1a: Bellibolt|88\/100 brn|[from] item: Leftovers\n|-damage|p1a: Bellibolt|82\/100 brn|[from] brn\n|upkeep\n|turn|7\n|inactive|perro vegano has 60 seconds left.\n|\n|t:|1700589754\n|move|p2a: Meowscarada|Flower Trick|p1b: Donphan\n|-supereffective|p1b: Donphan\n|-crit|p1b: Donphan\n|-ability|p1b: Donphan|Sturdy\n|-damage|p1b: Donphan|8\/100\n|move|p2b: Zapdos|Hurricane|p1b: Donphan|[miss]\n|-miss|p2b: Zapdos|p1b: Donphan\n|move|p1a: Bellibolt|Parabolic Charge|p2b: Zapdos|[spread] p2a,p2b\n|-immune|p1b: Donphan\n|-resisted|p2a: Meowscarada\n|-damage|p2a: Meowscarada|0 fnt\n|-heal|p1a: Bellibolt|82\/100 brn|[from] drain|[of] p2a: Meowscarada\n|-damage|p2b: Zapdos|27\/100\n|-heal|p1a: Bellibolt|91\/100 brn|[from] drain|[of] p2b: Zapdos\n|faint|p2a: Meowscarada\n|move|p1b: Donphan|Endeavor|p2b: Zapdos\n|-damage|p2b: Zapdos|1\/100\n|-damage|p1b: Donphan|0 fnt|[from] item: Rocky Helmet|[of] p2b: Zapdos\n|faint|p1b: Donphan\n|\n|-heal|p1a: Bellibolt|98\/100 brn|[from] item: Leftovers\n|-damage|p1a: Bellibolt|91\/100 brn|[from] brn\n|upkeep\n|\n|t:|1700589783\n|switch|p2a: Scizor|Scizor, M|46\/100\n|switch|p1b: Rabsca|Rabsca, M|100\/100\n|turn|8\n|\n|t:|1700589796\n|move|p2b: Zapdos|Volt Switch|p1b: Rabsca\n|-damage|p1b: Rabsca|72\/100\n|\n|t:|1700589801\n|switch|p2b: Chandelure|Chandelure, F|32\/100|[from] Volt Switch\n|move|p2a: Scizor|Dual Wingbeat|p1b: Rabsca\n|-supereffective|p1b: Rabsca\n|-damage|p1b: Rabsca|0 fnt\n|faint|p1b: Rabsca\n|-hitcount|p1: Rabsca|1\n|move|p1a: Bellibolt|Parabolic Charge|p2b: Chandelure|[spread] p2a,p2b\n|-crit|p2b: Chandelure\n|-damage|p2a: Scizor|19\/100\n|-heal|p1a: Bellibolt|100\/100 brn|[from] drain|[of] p2a: Scizor\n|-damage|p2b: Chandelure|0 fnt\n|faint|p2b: Chandelure\n|\n|-damage|p1a: Bellibolt|94\/100 brn|[from] brn\n|upkeep\n|\n|t:|1700589818\n|switch|p2b: Zapdos|Zapdos|1\/100\n|switch|p1b: Golem|Golem-Alola, F|100\/100\n|turn|9\n|\n|t:|1700589828\n|move|p1a: Bellibolt|Protect|p1a: Bellibolt\n|-singleturn|p1a: Bellibolt|Protect\n|move|p2b: Zapdos|Hurricane|p1b: Golem|[miss]\n|-miss|p2b: Zapdos|p1b: Golem\n|move|p2a: Scizor|Dual Wingbeat|p1b: Golem\n|-resisted|p1b: Golem\n|-damage|p1b: Golem|94\/100\n|-resisted|p1b: Golem\n|-damage|p1b: Golem|88\/100\n|-hitcount|p1b: Golem|2\n|move|p1b: Golem|Explosion|p2b: Zapdos|[spread] p2a,p2b\n|-activate|p1a: Bellibolt|move: Protect\n|-resisted|p2a: Scizor\n|-damage|p2a: Scizor|0 fnt\n|-damage|p2b: Zapdos|0 fnt\n|faint|p1b: Golem\n|faint|p2a: Scizor\n|faint|p2b: Zapdos\n|\n|win|FlaringFox64\n|raw|FlaringFox64's rating: 1157 &rarr; <strong>1183<\/strong><br \/>(+26 for winning)\n|raw|perro vegano's rating: 1169 &rarr; <strong>1143<\/strong><br \/>(-26 for losing)\n|l|\u2606perro vegano\n","uploadtime":1700589845,"views":0,"p1id":"flaringfox64","p2id":"perrovegano","formatid":"gen9doublesou","rating":1143,"private":0,"password":""}