{"id":"gen9doublesou-1974508395","p1":"ChimeBliss","p2":"stxphxn__","format":"[Gen 9] Doubles OU","log":"|j|\u2606ChimeBliss\n|j|\u2606stxphxn__\n|t:|1698092830\n|gametype|doubles\n|player|p1|ChimeBliss|dawn-gen4pt|1437\n|player|p2|stxphxn__|jasmine|1458\n|teamsize|p1|6\n|teamsize|p2|6\n|gen|9\n|tier|[Gen 9] Doubles OU\n|rated|\n|rule|Species Clause: Limit one of each Pok\u00e9mon\n|rule|OHKO Clause: OHKO moves are banned\n|rule|Evasion Moves Clause: Evasion moves are banned\n|rule|Gravity Sleep Clause: The combination of sleep-inducing moves with imperfect accuracy and Gravity or Gigantamax Orbeetle are banned\n|rule|Endless Battle Clause: Forcing endless battles is banned\n|rule|HP Percentage Mod: HP is shown in percentages\n|clearpoke\n|poke|p1|Chien-Pao|\n|poke|p1|Tornadus, M|\n|poke|p1|Dragonite, F|\n|poke|p1|Chi-Yu|\n|poke|p1|Flutter Mane|\n|poke|p1|Landorus, M|\n|poke|p2|Indeedee-F, F|\n|poke|p2|Torkoal, F|\n|poke|p2|Ursaluna-Bloodmoon, M|\n|poke|p2|Torterra, F|\n|poke|p2|Tornadus, M|\n|poke|p2|Armarouge, M|\n|teampreview\n|inactive|Battle timer is ON: inactive players will automatically lose when time's up. (requested by ChimeBliss)\n|\n|t:|1698092848\n|start\n|switch|p1a: Chi-Yu|Chi-Yu|100\/100\n|switch|p1b: Flutter Mane|Flutter Mane|100\/100\n|switch|p2a: Indeedee|Indeedee-F, F|100\/100\n|switch|p2b: Armarouge|Armarouge, M|100\/100\n|-ability|p1a: Chi-Yu|Beads of Ruin\n|-fieldstart|move: Psychic Terrain|[from] ability: Psychic Surge|[of] p2a: Indeedee\n|turn|1\n|\n|t:|1698092855\n|move|p2b: Armarouge|Wide Guard|p2b: Armarouge\n|-singleturn|p2b: Armarouge|Wide Guard\n|move|p1a: Chi-Yu|Dark Pulse|p2a: Indeedee\n|-supereffective|p2a: Indeedee\n|-damage|p2a: Indeedee|20\/100\n|-enditem|p2a: Indeedee|Red Card|[of] p1a: Chi-Yu\n|drag|p1a: Dragonite|Dragonite, F, shiny|100\/100\n|move|p1b: Flutter Mane|Shadow Ball|p2b: Armarouge\n|-supereffective|p2b: Armarouge\n|-damage|p2b: Armarouge|0 fnt\n|faint|p2b: Armarouge\n|cant|p2a: Indeedee|flinch\n|\n|upkeep\n|\n|t:|1698092878\n|switch|p2b: Torkoal|Torkoal, F|100\/100\n|-weather|SunnyDay|[from] ability: Drought|[of] p2b: Torkoal\n|-activate|p1b: Flutter Mane|ability: Protosynthesis\n|-start|p1b: Flutter Mane|protosynthesisspe\n|turn|2\n|\n|t:|1698092890\n|move|p2a: Indeedee|Follow Me|p2a: Indeedee\n|-singleturn|p2a: Indeedee|move: Follow Me\n|move|p1b: Flutter Mane|Shadow Ball|p2a: Indeedee\n|-immune|p2a: Indeedee\n|move|p1a: Dragonite|Dragon Claw|p2a: Indeedee\n|-damage|p2a: Indeedee|0 fnt\n|faint|p2a: Indeedee\n|move|p2b: Torkoal|Eruption|p1b: Flutter Mane|[spread] p1a,p1b\n|-resisted|p1a: Dragonite\n|-crit|p1a: Dragonite\n|-damage|p1a: Dragonite|24\/100\n|-damage|p1b: Flutter Mane|0 fnt\n|faint|p1b: Flutter Mane\n|-end|p1b: Flutter Mane|Protosynthesis|[silent]\n|\n|-weather|SunnyDay|[upkeep]\n|upkeep\n|\n|t:|1698092908\n|switch|p1b: Chien-Pao|Chien-Pao|100\/100\n|switch|p2a: Tornadus|Tornadus, M|100\/100\n|-ability|p1b: Chien-Pao|Sword of Ruin\n|turn|3\n|\n|t:|1698092920\n|move|p2a: Tornadus|Tailwind|p2a: Tornadus\n|-sidestart|p2: stxphxn__|move: Tailwind\n|move|p1b: Chien-Pao|Ice Spinner|p2a: Tornadus\n|-supereffective|p2a: Tornadus\n|-damage|p2a: Tornadus|0 fnt\n|-damage|p1b: Chien-Pao|84\/100|[from] item: Rocky Helmet|[of] p2a: Tornadus\n|-fieldend|move: Psychic Terrain\n|faint|p2a: Tornadus\n|move|p1a: Dragonite|Dragon Claw|p2b: Torkoal\n|-damage|p2b: Torkoal|30\/100\n|move|p2b: Torkoal|Eruption|p1b: Chien-Pao|[spread] p1a,p1b\n|-resisted|p1a: Dragonite\n|-supereffective|p1b: Chien-Pao\n|-damage|p1a: Dragonite|8\/100\n|-damage|p1b: Chien-Pao|0 fnt\n|faint|p1b: Chien-Pao\n|\n|-weather|SunnyDay|[upkeep]\n|upkeep\n|\n|t:|1698092935\n|switch|p1b: Tornadus|Tornadus, M|100\/100\n|switch|p2a: Torterra|Torterra, F|100\/100\n|turn|4\n|\n|t:|1698092944\n|switch|p2b: Ursaluna|Ursaluna-Bloodmoon, M|100\/100\n|move|p1b: Tornadus|Tailwind|p1b: Tornadus\n|-sidestart|p1: ChimeBliss|move: Tailwind\n|move|p1a: Dragonite|Dragon Claw|p2a: Torterra\n|-damage|p2a: Torterra|34\/100\n|move|p2a: Torterra|Seed Bomb|p1a: Dragonite\n|-resisted|p1a: Dragonite\n|-damage|p1a: Dragonite|0 fnt\n|faint|p1a: Dragonite\n|\n|-weather|SunnyDay|[upkeep]\n|upkeep\n|\n|t:|1698092958\n|switch|p1a: Chi-Yu|Chi-Yu|100\/100\n|-ability|p1a: Chi-Yu|Beads of Ruin\n|turn|5\n|\n|t:|1698092966\n|move|p2a: Torterra|Protect|p2a: Torterra\n|-singleturn|p2a: Torterra|Protect\n|move|p1a: Chi-Yu|Overheat|p2b: Ursaluna\n|-damage|p2b: Ursaluna|5\/100\n|-unboost|p1a: Chi-Yu|spa|2\n|move|p1b: Tornadus|Bleakwind Storm|p2a: Torterra|[spread] p2b\n|-activate|p2a: Torterra|move: Protect\n|-damage|p2b: Ursaluna|0 fnt\n|faint|p2b: Ursaluna\n|\n|-weather|SunnyDay|[upkeep]\n|upkeep\n|\n|t:|1698092975\n|switch|p2b: Torkoal|Torkoal, F|30\/100\n|turn|6\n|\n|t:|1698092979\n|move|p1a: Chi-Yu|Overheat|p2a: Torterra\n|-supereffective|p2a: Torterra\n|-damage|p2a: Torterra|0 fnt\n|-unboost|p1a: Chi-Yu|spa|2\n|faint|p2a: Torterra\n|move|p1b: Tornadus|Bleakwind Storm|p2b: Torkoal\n|-damage|p2b: Torkoal|0 fnt\n|faint|p2b: Torkoal\n|\n|win|ChimeBliss\n|raw|ChimeBliss's rating: 1437 &rarr; <strong>1458<\/strong><br \/>(+21 for winning)\n|raw|stxphxn__'s rating: 1458 &rarr; <strong>1437<\/strong><br \/>(-21 for losing)\n","uploadtime":1698092983,"views":9,"p1id":"chimebliss","p2id":"stxphxn","formatid":"gen9doublesou","rating":1437,"private":0,"password":""}