{"id":"gen9doublesou-1968002285","p1":"FrostArcanine19","p2":"StellarEcl1pse","format":"[Gen 9] Doubles OU","log":"|j|\u2606FrostArcanine19\n|j|\u2606StellarEcl1pse\n|inactive|Battle timer is ON: inactive players will automatically lose when time's up.\n|t:|1697372520\n|gametype|doubles\n|player|p1|FrostArcanine19|bellelba|\n|player|p2|StellarEcl1pse|liza|\n|teamsize|p1|6\n|teamsize|p2|6\n|gen|9\n|tier|[Gen 9] Doubles OU\n|rated|Tournament battle\n|rule|Species Clause: Limit one of each Pok\u00e9mon\n|rule|OHKO Clause: OHKO moves are banned\n|rule|Evasion Moves Clause: Evasion moves are banned\n|rule|Gravity Sleep Clause: The combination of sleep-inducing moves with imperfect accuracy and Gravity or Gigantamax Orbeetle are banned\n|rule|Endless Battle Clause: Forcing endless battles is banned\n|rule|HP Percentage Mod: HP is shown in percentages\n|clearpoke\n|poke|p1|Tinkaton, F|\n|poke|p1|Kricketot, F|\n|poke|p1|Gligar, M|\n|poke|p1|Corphish, F|\n|poke|p1|Magnemite|\n|poke|p1|Foongus, M|\n|poke|p2|Dachsbun, F|\n|poke|p2|Ducklett, F|\n|poke|p2|Baxcalibur, M|\n|poke|p2|Poochyena, F|\n|poke|p2|Happiny, F|\n|poke|p2|Pawmi, M|\n|teampreview\n|j|*Lady Monita \u263d\n|inactive|StellarEcl1pse also wants the timer to be on.\n|c|\u2606FrostArcanine19|glhf\n|c|\u2606StellarEcl1pse|u2\n|\n|t:|1697372547\n|start\n|switch|p1a: Tinkaton|Tinkaton, F, shiny|100\/100\n|switch|p1b: Corphish|Corphish, F, shiny|100\/100\n|switch|p2a: Ducklett|Ducklett, F|100\/100\n|switch|p2b: Baxcalibur|Baxcalibur, M|100\/100\n|-ability|p1a: Tinkaton|Mold Breaker\n|turn|1\n|\n|t:|1697372563\n|-terastallize|p2b: Baxcalibur|Fire\n|move|p1a: Tinkaton|Fake Out|p2b: Baxcalibur\n|-damage|p2b: Baxcalibur|92\/100\n|cant|p2b: Baxcalibur|flinch\n|move|p1b: Corphish|Dragon Dance|p1b: Corphish\n|-boost|p1b: Corphish|atk|1\n|-boost|p1b: Corphish|spe|1\n|move|p2a: Ducklett|Tailwind|p2a: Ducklett\n|-sidestart|p2: StellarEcl1pse|move: Tailwind\n|\n|upkeep\n|turn|2\n|\n|t:|1697372580\n|move|p1a: Tinkaton|Protect|p1a: Tinkaton\n|-singleturn|p1a: Tinkaton|Protect\n|move|p2b: Baxcalibur|Tera Blast|p1a: Tinkaton|[anim] Tera Blast Fire\n|-activate|p1a: Tinkaton|move: Protect\n|move|p2a: Ducklett|Brave Bird|p1b: Corphish\n|-damage|p1b: Corphish|54\/100\n|-damage|p2a: Ducklett|90\/100|[from] Recoil\n|move|p1b: Corphish|Liquidation|p2b: Baxcalibur\n|-supereffective|p2b: Baxcalibur\n|-damage|p2b: Baxcalibur|0 fnt\n|faint|p2b: Baxcalibur\n|\n|upkeep\n|j| Da_Greenfly123\n|\n|t:|1697372598\n|switch|p2b: Dachsbun|Dachsbun, F|100\/100\n|turn|3\n|\n|t:|1697372610\n|move|p2b: Dachsbun|Body Press|p1a: Tinkaton\n|-damage|p1a: Tinkaton|66\/100\n|-damage|p2b: Dachsbun|91\/100|[from] item: Life Orb\n|move|p1a: Tinkaton|Gigaton Hammer|p2b: Dachsbun\n|-supereffective|p2b: Dachsbun\n|-damage|p2b: Dachsbun|0 fnt\n|faint|p2b: Dachsbun\n|move|p2a: Ducklett|Brave Bird|p1b: Corphish\n|-damage|p1b: Corphish|8\/100\n|-damage|p2a: Ducklett|79\/100|[from] Recoil\n|move|p1b: Corphish|Rock Slide|p2a: Ducklett\n|-supereffective|p2a: Ducklett\n|-damage|p2a: Ducklett|0 fnt\n|faint|p2a: Ducklett\n|\n|upkeep\n|\n|t:|1697372625\n|switch|p2b: Happiny|Happiny, F|100\/100\n|switch|p2a: Poochyena|Poochyena, F|100\/100\n|turn|4\n|\n|t:|1697372647\n|move|p1a: Tinkaton|Protect|p1a: Tinkaton\n|-singleturn|p1a: Tinkaton|Protect\n|move|p1b: Corphish|Aqua Jet|p2b: Happiny\n|-damage|p2b: Happiny|67\/100\n|move|p2a: Poochyena|Yawn|p1a: Tinkaton\n|-activate|p1a: Tinkaton|move: Protect\n|move|p2b: Happiny|Icy Wind|p1b: Corphish|[spread] p1b\n|-activate|p1a: Tinkaton|move: Protect\n|-resisted|p1b: Corphish\n|-damage|p1b: Corphish|4\/100\n|-unboost|p1b: Corphish|spe|1\n|\n|-sideend|p2: StellarEcl1pse|move: Tailwind\n|upkeep\n|turn|5\n|\n|t:|1697372663\n|move|p1a: Tinkaton|Rock Slide|p2a: Poochyena|[spread] p2a\n|-miss|p1a: Tinkaton|p2b: Happiny\n|-damage|p2a: Poochyena|78\/100\n|move|p1b: Corphish|Rock Slide|p2a: Poochyena|[spread] p2a,p2b\n|-damage|p2a: Poochyena|51\/100\n|-damage|p2b: Happiny|42\/100\n|move|p2a: Poochyena|Yawn|p1a: Tinkaton\n|-start|p1a: Tinkaton|move: Yawn|[of] p2a: Poochyena\n|move|p2b: Happiny|Icy Wind|p1b: Corphish|[spread] p1a,p1b\n|-resisted|p1a: Tinkaton\n|-resisted|p1b: Corphish\n|-damage|p1a: Tinkaton|65\/100\n|-damage|p1b: Corphish|0 fnt\n|-unboost|p1a: Tinkaton|spe|1\n|faint|p1b: Corphish\n|\n|upkeep\n|\n|t:|1697372677\n|switch|p1b: Kricketot|Kricketot, F, shiny|100\/100\n|turn|6\n|inactive|StellarEcl1pse has 120 seconds left.\n|\n|t:|1697372708\n|switch|p1a: Gligar|Gligar, M, shiny|100\/100\n|move|p2b: Happiny|Helping Hand|p2a: Poochyena\n|-singleturn|p2a: Poochyena|Helping Hand|[of] p2b: Happiny\n|move|p2a: Poochyena|Foul Play|p1a: Gligar\n|-damage|p1a: Gligar|60\/100\n|move|p1b: Kricketot|Lunge|p2a: Poochyena\n|-supereffective|p2a: Poochyena\n|-damage|p2a: Poochyena|25\/100\n|-unboost|p2a: Poochyena|atk|1\n|-ability|p2a: Poochyena|Rattled|boost\n|-boost|p2a: Poochyena|spe|1\n|\n|upkeep\n|turn|7\n|inactive|StellarEcl1pse has 120 seconds left.\n|\n|t:|1697372742\n|move|p2a: Poochyena|Helping Hand|p2b: Happiny\n|-singleturn|p2b: Happiny|Helping Hand|[of] p2a: Poochyena\n|move|p1a: Gligar|Protect|p1a: Gligar\n|-singleturn|p1a: Gligar|Protect\n|move|p2b: Happiny|Icy Wind|p1a: Gligar|[spread] p1b\n|-activate|p1a: Gligar|move: Protect\n|-damage|p1b: Kricketot|95\/100\n|-unboost|p1b: Kricketot|spe|1\n|move|p1b: Kricketot|Lunge|p2a: Poochyena\n|-supereffective|p2a: Poochyena\n|-crit|p2a: Poochyena\n|-damage|p2a: Poochyena|0 fnt\n|faint|p2a: Poochyena\n|\n|upkeep\n|\n|t:|1697372755\n|switch|p2a: Pawmi|Pawmi, M|100\/100\n|turn|8\n|j| Demon Fangs\n|l| Demon Fangs\n|j| Demon Fangs\n|\n|t:|1697372766\n|-terastallize|p1a: Gligar|Ground\n|move|p2a: Pawmi|Fake Out|p1a: Gligar\n|-damage|p1a: Gligar|56\/100\n|cant|p1a: Gligar|flinch\n|move|p2b: Happiny|Seismic Toss|p1a: Gligar\n|-damage|p1a: Gligar|19\/100\n|move|p1b: Kricketot|Struggle Bug|p2a: Pawmi|[spread] p2a,p2b\n|-damage|p2a: Pawmi|94\/100\n|-damage|p2b: Happiny|39\/100\n|-unboost|p2a: Pawmi|spa|1\n|-unboost|p2b: Happiny|spa|1\n|\n|-heal|p2a: Pawmi|100\/100|[from] item: Leftovers\n|upkeep\n|turn|9\n|l| Demon Fangs\n|j| Demon Fangs\n|l| Demon Fangs\n|j| Demon Fangs\n|l| Demon Fangs\n|\n|t:|1697372785\n|move|p1a: Gligar|Earthquake|p2b: Happiny|[spread] p1b,p2a,p2b\n|-resisted|p1b: Kricketot\n|-supereffective|p2a: Pawmi\n|-damage|p1b: Kricketot|72\/100\n|-damage|p2a: Pawmi|0 fnt\n|-damage|p2b: Happiny|1\/100\n|faint|p2a: Pawmi\n|move|p2b: Happiny|Icy Wind|p1b: Kricketot|[spread] p1a,p1b\n|-supereffective|p1a: Gligar\n|-damage|p1a: Gligar|15\/100\n|-damage|p1b: Kricketot|69\/100\n|-unboost|p1a: Gligar|spe|1\n|-unboost|p1b: Kricketot|spe|1\n|move|p1b: Kricketot|Growl|p2b: Happiny\n|-unboost|p2b: Happiny|atk|1\n|\n|upkeep\n|turn|10\n|-message|StellarEcl1pse forfeited.\n|\n|win|FrostArcanine19\n|n|\u2606FrostArcanine19|frostarcanine19\n|n|\u2606StellarEcl1pse|stellarecl1pse\n|n|*Lady Monita \u263d|ladymonita\n|n| Da_Greenfly123|dagreenfly123\n","uploadtime":1697372797,"views":14,"p1id":"frostarcanine19","p2id":"stellarecl1pse","formatid":"gen9doublesou","rating":0,"private":0,"password":""}