{"id":"gen9doublesou-1999005942","p1":"CloseCombater","p2":"ArieluniXD","format":"[Gen 9] Doubles OU","log":"|j|\u2606CloseCombater\n|j|\u2606ArieluniXD\n|t:|1701023093\n|gametype|doubles\n|player|p1|CloseCombater|hiker-gen4|1232\n|player|p2|ArieluniXD|dawn-gen4pt|1351\n|teamsize|p1|6\n|teamsize|p2|6\n|gen|9\n|tier|[Gen 9] Doubles OU\n|rated|\n|rule|Species Clause: Limit one of each Pok\u00e9mon\n|rule|OHKO Clause: OHKO moves are banned\n|rule|Evasion Moves Clause: Evasion moves are banned\n|rule|Gravity Sleep Clause: The combination of sleep-inducing moves with imperfect accuracy and Gravity or Gigantamax Orbeetle are banned\n|rule|Endless Battle Clause: Forcing endless battles is banned\n|rule|HP Percentage Mod: HP is shown in percentages\n|clearpoke\n|poke|p1|Torkoal, F|\n|poke|p1|Amoonguss, F|\n|poke|p1|Farigiraf, M|\n|poke|p1|Gholdengo|\n|poke|p1|Landorus-Therian, M|\n|poke|p1|Iron Hands|\n|poke|p2|Ogerpon-Hearthflame, F|\n|poke|p2|Chien-Pao|\n|poke|p2|Palafin, F|\n|poke|p2|Gholdengo|\n|poke|p2|Rillaboom, F|\n|poke|p2|Roaring Moon|\n|teampreview\n|inactive|Battle timer is ON: inactive players will automatically lose when time's up. (requested by ArieluniXD)\n|\n|t:|1701023105\n|start\n|switch|p1a: Amoonguss|Amoonguss, F|100\/100\n|switch|p1b: Farigiraf|Farigiraf, M|100\/100\n|switch|p2a: Palafin|Palafin, F|100\/100\n|switch|p2b: Roaring Moon|Roaring Moon|100\/100\n|-enditem|p2b: Roaring Moon|Booster Energy\n|-activate|p2b: Roaring Moon|ability: Protosynthesis|[fromitem]\n|-start|p2b: Roaring Moon|protosynthesisatk\n|turn|1\n|inactive|ArieluniXD has 120 seconds left.\n|\n|t:|1701023138\n|move|p2b: Roaring Moon|Tailwind|p2b: Roaring Moon\n|-sidestart|p2: ArieluniXD|move: Tailwind\n|move|p2a: Palafin|Flip Turn|p1b: Farigiraf\n|-damage|p1b: Farigiraf|82\/100\n|inactive|ArieluniXD has 120 seconds left.\n|\n|t:|1701023158\n|detailschange|p2a: Palafin|Palafin-Hero, F\n|switch|p2a: Gholdengo|Gholdengo|100\/100|[from] Flip Turn\n|move|p1a: Amoonguss|Spore|p2b: Roaring Moon\n|-status|p2b: Roaring Moon|slp|[from] move: Spore\n|move|p1b: Farigiraf|Trick Room|p1b: Farigiraf\n|-fieldstart|move: Trick Room|[of] p1b: Farigiraf\n|\n|upkeep\n|turn|2\n|inactive|ArieluniXD has 120 seconds left.\n|\n|t:|1701023200\n|switch|p1b: Torkoal|Torkoal, F, shiny|100\/100\n|-weather|SunnyDay|[from] ability: Drought|[of] p1b: Torkoal\n|-terastallize|p2a: Gholdengo|Steel\n|move|p1a: Amoonguss|Rage Powder|p1a: Amoonguss\n|-singleturn|p1a: Amoonguss|move: Rage Powder\n|move|p2a: Gholdengo|Make It Rain|p1b: Torkoal|[spread] p1a,p1b\n|-resisted|p1b: Torkoal\n|-damage|p1a: Amoonguss|25\/100\n|-damage|p1b: Torkoal|39\/100\n|-unboost|p2a: Gholdengo|spa|1\n|cant|p2b: Roaring Moon|slp\n|\n|-weather|SunnyDay|[upkeep]\n|-heal|p1a: Amoonguss|31\/100|[from] item: Leftovers\n|upkeep\n|turn|3\n|\n|t:|1701023221\n|switch|p2a: Palafin|Palafin-Hero, F|100\/100\n|-activate|p2a: Palafin|ability: Zero to Hero\n|-curestatus|p2b: Roaring Moon|slp|[msg]\n|move|p2b: Roaring Moon|Protect|p2b: Roaring Moon\n|-singleturn|p2b: Roaring Moon|Protect\n|move|p1b: Torkoal|Eruption|p2b: Roaring Moon|[spread] p2a\n|-activate|p2b: Roaring Moon|move: Protect\n|-resisted|p2a: Palafin\n|-damage|p2a: Palafin|78\/100\n|move|p1a: Amoonguss|Pollen Puff|p1b: Torkoal\n|-heal|p1b: Torkoal|89\/100\n|\n|-weather|SunnyDay|[upkeep]\n|-heal|p1a: Amoonguss|37\/100|[from] item: Leftovers\n|upkeep\n|turn|4\n|inactive|ArieluniXD has 120 seconds left.\n|\n|t:|1701023250\n|move|p1b: Torkoal|Eruption|p2a: Palafin|[spread] p2a,p2b\n|-resisted|p2a: Palafin\n|-resisted|p2b: Roaring Moon\n|-damage|p2a: Palafin|27\/100\n|-damage|p2b: Roaring Moon|51\/100\n|move|p1a: Amoonguss|Spore|p2b: Roaring Moon\n|-status|p2b: Roaring Moon|slp|[from] move: Spore\n|move|p2a: Palafin|Wave Crash|p1b: Torkoal\n|-supereffective|p1b: Torkoal\n|-damage|p1b: Torkoal|35\/100\n|-damage|p2a: Palafin|9\/100|[from] Recoil\n|cant|p2b: Roaring Moon|slp\n|\n|-weather|SunnyDay|[upkeep]\n|-heal|p1a: Amoonguss|43\/100|[from] item: Leftovers\n|-sideend|p2: ArieluniXD|move: Tailwind\n|upkeep\n|turn|5\n|inactive|ArieluniXD has 120 seconds left.\n|\n|t:|1701023275\n|switch|p1b: Farigiraf|Farigiraf, M|82\/100\n|move|p1a: Amoonguss|Giga Drain|p2a: Palafin\n|-supereffective|p2a: Palafin\n|-damage|p2a: Palafin|0 fnt\n|-heal|p1a: Amoonguss|47\/100|[from] drain|[of] p2a: Palafin\n|faint|p2a: Palafin\n|cant|p2b: Roaring Moon|slp\n|\n|-weather|SunnyDay|[upkeep]\n|-heal|p1a: Amoonguss|53\/100|[from] item: Leftovers\n|-fieldend|move: Trick Room\n|upkeep\n|-message|ArieluniXD forfeited.\n|\n|win|CloseCombater\n|raw|CloseCombater's rating: 1232 &rarr; <strong>1265<\/strong><br \/>(+33 for winning)\n|raw|ArieluniXD's rating: 1351 &rarr; <strong>1324<\/strong><br \/>(-27 for losing)\n|l|\u2606ArieluniXD\n","uploadtime":1701023284,"views":6,"p1id":"closecombater","p2id":"arielunixd","formatid":"gen9doublesou","rating":1265,"private":0,"password":""}