{"id":"gen9doublesou-1975038560","p1":"ChimeBliss","p2":"bepsi-can","format":"[Gen 9] Doubles OU","log":"|j|\u2606ChimeBliss\n|j|\u2606bepsi-can\n|t:|1698157047\n|gametype|doubles\n|player|p1|ChimeBliss|dawn-gen4pt|1486\n|player|p2|bepsi-can|elesa|1475\n|teamsize|p1|6\n|teamsize|p2|6\n|gen|9\n|tier|[Gen 9] Doubles OU\n|rated|\n|rule|Species Clause: Limit one of each Pok\u00e9mon\n|rule|OHKO Clause: OHKO moves are banned\n|rule|Evasion Moves Clause: Evasion moves are banned\n|rule|Gravity Sleep Clause: The combination of sleep-inducing moves with imperfect accuracy and Gravity or Gigantamax Orbeetle are banned\n|rule|Endless Battle Clause: Forcing endless battles is banned\n|rule|HP Percentage Mod: HP is shown in percentages\n|clearpoke\n|poke|p1|Chien-Pao|\n|poke|p1|Tornadus, M|\n|poke|p1|Dragonite, M|\n|poke|p1|Chi-Yu|\n|poke|p1|Flutter Mane|\n|poke|p1|Landorus, M|\n|poke|p2|Tyranitar, M|\n|poke|p2|Hippowdon, F|\n|poke|p2|Houndstone, F|\n|poke|p2|Sandslash, M|\n|poke|p2|Sylveon, M|\n|poke|p2|Lycanroc, F|\n|teampreview\n|inactive|Battle timer is ON: inactive players will automatically lose when time's up. (requested by bepsi-can)\n|inactive|ChimeBliss also wants the timer to be on.\n|c|\u2606bepsi-can|using dou mons in dou\n|c|\u2606bepsi-can|smh\n|inactive|ChimeBliss has 120 seconds left.\n|\n|t:|1698157082\n|start\n|switch|p1a: Chien-Pao|Chien-Pao|100\/100\n|switch|p1b: Tornadus|Tornadus, M|100\/100\n|switch|p2a: stoner hippo|Hippowdon, F|100\/100\n|switch|p2b: chopstick fingers|Sandslash, M|100\/100\n|-ability|p1a: Chien-Pao|Sword of Ruin\n|-weather|Sandstorm|[from] ability: Sand Stream|[of] p2a: stoner hippo\n|turn|1\n|\n|t:|1698157101\n|-terastallize|p2b: chopstick fingers|Bug\n|move|p1b: Tornadus|Tailwind|p1b: Tornadus\n|-sidestart|p1: ChimeBliss|move: Tailwind\n|move|p1a: Chien-Pao|Ice Spinner|p2b: chopstick fingers\n|-damage|p2b: chopstick fingers|41\/100\n|move|p2b: chopstick fingers|Leech Life|p1a: Chien-Pao\n|-supereffective|p1a: Chien-Pao\n|-enditem|p1a: Chien-Pao|Focus Sash\n|-damage|p1a: Chien-Pao|1\/100\n|-heal|p2b: chopstick fingers|93\/100|[from] drain|[of] p1a: Chien-Pao\n|move|p2a: stoner hippo|Yawn|p1b: Tornadus\n|-start|p1b: Tornadus|move: Yawn|[of] p2a: stoner hippo\n|\n|-weather|Sandstorm|[upkeep]\n|-damage|p1a: Chien-Pao|0 fnt|[from] Sandstorm\n|-damage|p1b: Tornadus|94\/100|[from] Sandstorm\n|faint|p1a: Chien-Pao\n|upkeep\n|\n|t:|1698157116\n|switch|p1a: Chi-Yu|Chi-Yu|100\/100\n|-ability|p1a: Chi-Yu|Beads of Ruin\n|turn|2\n|\n|t:|1698157140\n|switch|p1b: Landorus|Landorus, M|100\/100\n|switch|p2b: kidney stones|Tyranitar, M|100\/100\n|move|p1a: Chi-Yu|Heat Wave|p2b: kidney stones|[spread] p2a,p2b\n|-resisted|p2b: kidney stones\n|-damage|p2a: stoner hippo|42\/100\n|-damage|p2b: kidney stones|86\/100\n|move|p2a: stoner hippo|Body Press|p1a: Chi-Yu\n|-supereffective|p1a: Chi-Yu\n|-damage|p1a: Chi-Yu|14\/100\n|\n|-weather|Sandstorm|[upkeep]\n|-damage|p1a: Chi-Yu|8\/100|[from] Sandstorm\n|upkeep\n|turn|3\n|\n|t:|1698157162\n|switch|p2a: lsd femboy|Sylveon, M|100\/100\n|move|p1a: Chi-Yu|Heat Wave|p2b: kidney stones|[spread] p2a,p2b\n|-resisted|p2b: kidney stones\n|-damage|p2a: lsd femboy|66\/100\n|-damage|p2b: kidney stones|71\/100\n|move|p1b: Landorus|Earth Power|p2b: kidney stones\n|-supereffective|p2b: kidney stones\n|-damage|p2b: kidney stones|0 fnt\n|faint|p2b: kidney stones\n|\n|-weather|Sandstorm|[upkeep]\n|-damage|p1a: Chi-Yu|2\/100|[from] Sandstorm\n|-damage|p2a: lsd femboy|60\/100|[from] Sandstorm\n|upkeep\n|\n|t:|1698157172\n|switch|p2b: chopstick fingers|Sandslash, M, tera:Bug|93\/100\n|turn|4\n|\n|t:|1698157184\n|move|p1a: Chi-Yu|Heat Wave|p2a: lsd femboy|[spread] p2a,p2b\n|-supereffective|p2b: chopstick fingers\n|-damage|p2a: lsd femboy|23\/100\n|-damage|p2b: chopstick fingers|0 fnt\n|faint|p2b: chopstick fingers\n|move|p1b: Landorus|Sandsear Storm|p2a: lsd femboy\n|-damage|p2a: lsd femboy|0 fnt\n|faint|p2a: lsd femboy\n|\n|-weather|Sandstorm|[upkeep]\n|-damage|p1a: Chi-Yu|0 fnt|[from] Sandstorm\n|faint|p1a: Chi-Yu\n|-sideend|p1: ChimeBliss|move: Tailwind\n|upkeep\n|c|\u2606bepsi-can|tailwind\n|c|\u2606bepsi-can|i forgot\n|\n|t:|1698157206\n|switch|p1a: Tornadus|Tornadus, M|94\/100\n|switch|p2b: old yeller|Houndstone, F|100\/100\n|switch|p2a: AllMyFellas!\ud83d\udde3\ufe0f\ud83d\udcaf|Lycanroc, F|100\/100\n|turn|5\n|\n|t:|1698157219\n|move|p2a: AllMyFellas!\ud83d\udde3\ufe0f\ud83d\udcaf|Accelerock|p1a: Tornadus\n|-supereffective|p1a: Tornadus\n|-crit|p1a: Tornadus\n|-damage|p1a: Tornadus|0 fnt\n|faint|p1a: Tornadus\n|move|p2b: old yeller|Last Respects|p1b: Landorus\n|-damage|p1b: Landorus|0 fnt\n|faint|p1b: Landorus\n|\n|-weather|Sandstorm|[upkeep]\n|upkeep\n|\n|t:|1698157226\n|switch|p1a: Dragonite|Dragonite, M, shiny|100\/100\n|switch|p1b: Flutter Mane|Flutter Mane|100\/100\n|turn|6\n|\n|t:|1698157252\n|-terastallize|p1a: Dragonite|Normal\n|move|p2a: AllMyFellas!\ud83d\udde3\ufe0f\ud83d\udcaf|Rock Slide|p1a: Dragonite|[spread] p1b\n|-miss|p2a: AllMyFellas!\ud83d\udde3\ufe0f\ud83d\udcaf|p1a: Dragonite\n|-damage|p1b: Flutter Mane|19\/100\n|move|p2b: old yeller|Last Respects|p1b: Flutter Mane\n|-supereffective|p1b: Flutter Mane\n|-damage|p1b: Flutter Mane|0 fnt\n|faint|p1b: Flutter Mane\n|-end|p1b: Flutter Mane|Protosynthesis|[silent]\n|move|p1a: Dragonite|Dragon Claw|p2b: old yeller\n|-damage|p2b: old yeller|22\/100\n|\n|-weather|Sandstorm|[upkeep]\n|-damage|p1a: Dragonite|94\/100|[from] Sandstorm\n|upkeep\n|turn|7\n|c|\u2606bepsi-can|shouldve used duu mons\n|c|\u2606bepsi-can|they better\n|\n|t:|1698157265\n|move|p2a: AllMyFellas!\ud83d\udde3\ufe0f\ud83d\udcaf|Close Combat|p1a: Dragonite\n|-supereffective|p1a: Dragonite\n|-damage|p1a: Dragonite|11\/100\n|-unboost|p2a: AllMyFellas!\ud83d\udde3\ufe0f\ud83d\udcaf|def|1\n|-unboost|p2a: AllMyFellas!\ud83d\udde3\ufe0f\ud83d\udcaf|spd|1\n|move|p2b: old yeller|Destiny Bond|p2b: old yeller\n|-singlemove|p2b: old yeller|Destiny Bond\n|move|p1a: Dragonite|Dragon Claw|p2b: old yeller\n|-damage|p2b: old yeller|0 fnt\n|faint|p2b: old yeller\n|-activate|p2b: old yeller|move: Destiny Bond\n|faint|p1a: Dragonite\n|\n|win|bepsi-can\n|raw|ChimeBliss's rating: 1486 &rarr; <strong>1465<\/strong><br \/>(-21 for losing)\n|raw|bepsi-can's rating: 1475 &rarr; <strong>1496<\/strong><br \/>(+21 for winning)\n","uploadtime":1698157269,"views":15,"p1id":"chimebliss","p2id":"bepsican","formatid":"gen9doublesou","rating":1465,"private":0,"password":""}