{"id":"gen9doublesou-1982766006","p1":"dubemn","p2":"KyroZag","format":"[Gen 9] Doubles OU","log":"|j|\u2606dubemn\n|j|\u2606KyroZag\n|t:|1699042832\n|gametype|doubles\n|player|p1|dubemn|170|1234\n|player|p2|KyroZag|ash|1151\n|teamsize|p1|6\n|teamsize|p2|6\n|gen|9\n|tier|[Gen 9] Doubles OU\n|rated|\n|rule|Species Clause: Limit one of each Pok\u00e9mon\n|rule|OHKO Clause: OHKO moves are banned\n|rule|Evasion Moves Clause: Evasion moves are banned\n|rule|Gravity Sleep Clause: The combination of sleep-inducing moves with imperfect accuracy and Gravity or Gigantamax Orbeetle are banned\n|rule|Endless Battle Clause: Forcing endless battles is banned\n|rule|HP Percentage Mod: HP is shown in percentages\n|clearpoke\n|poke|p1|Espathra, F|\n|poke|p1|Clefairy, F|\n|poke|p1|Slowking-Galar, F|\n|poke|p1|Kommo-o, F|\n|poke|p1|Ogerpon-Wellspring, F|\n|poke|p1|Zapdos-Galar|\n|poke|p2|Houndstone, M|\n|poke|p2|Gastrodon-East, F|\n|poke|p2|Lycanroc, F|\n|poke|p2|Tyranitar, M|\n|poke|p2|Flutter Mane|\n|poke|p2|Sableye, F|\n|teampreview\n|inactive|Battle timer is ON: inactive players will automatically lose when time's up. (requested by KyroZag)\n|\n|t:|1699042860\n|start\n|switch|p1a: Zapdos|Zapdos-Galar|100\/100\n|switch|p1b: Ogerpon|Ogerpon-Wellspring, F|100\/100\n|switch|p2a: Sableye|Sableye, F|100\/100\n|switch|p2b: Flutter Mane|Flutter Mane|100\/100\n|turn|1\n|inactive|dubemn has 120 seconds left.\n|\n|t:|1699042905\n|move|p2a: Sableye|Taunt|p1b: Ogerpon\n|-start|p1b: Ogerpon|move: Taunt\n|move|p2b: Flutter Mane|Moonblast|p1a: Zapdos\n|-supereffective|p1a: Zapdos\n|-damage|p1a: Zapdos|0 fnt\n|faint|p1a: Zapdos\n|-damage|p2b: Flutter Mane|91\/100|[from] item: Life Orb\n|move|p1b: Ogerpon|Knock Off|p2b: Flutter Mane\n|-damage|p2b: Flutter Mane|1\/100\n|-enditem|p2b: Flutter Mane|Life Orb|[from] move: Knock Off|[of] p1b: Ogerpon\n|\n|upkeep\n|\n|t:|1699042925\n|switch|p1a: Espathra|Espathra, F|100\/100\n|turn|2\n|inactive|dubemn has 120 seconds left.\n|\n|t:|1699042942\n|move|p1a: Espathra|Protect|p1a: Espathra\n|-singleturn|p1a: Espathra|Protect\n|move|p2a: Sableye|Reflect|p2a: Sableye\n|-sidestart|p2: KyroZag|Reflect\n|move|p2b: Flutter Mane|Thunderbolt|p1b: Ogerpon\n|-damage|p1b: Ogerpon|64\/100\n|move|p1b: Ogerpon|Ivy Cudgel|p2b: Flutter Mane\n|-damage|p2b: Flutter Mane|0 fnt\n|faint|p2b: Flutter Mane\n|-end|p2b: Flutter Mane|Protosynthesis|[silent]\n|\n|-ability|p1a: Espathra|Speed Boost|boost\n|-boost|p1a: Espathra|spe|1\n|upkeep\n|\n|t:|1699042953\n|switch|p2b: Tyranitar|Tyranitar, M|100\/100\n|-weather|Sandstorm|[from] ability: Sand Stream|[of] p2b: Tyranitar\n|turn|3\n|inactive|dubemn has 120 seconds left.\n|\n|t:|1699042979\n|-terastallize|p1a: Espathra|Fighting\n|move|p2a: Sableye|Encore|p1a: Espathra\n|-start|p1a: Espathra|Encore\n|move|p1a: Espathra|Protect||[still]\n|-fail|p1a: Espathra\n|move|p1b: Ogerpon|Knock Off|p2a: Sableye\n|-damage|p2a: Sableye|74\/100\n|-enditem|p2a: Sableye|Safety Goggles|[from] move: Knock Off|[of] p1b: Ogerpon\n|move|p2b: Tyranitar|Ice Punch|p1b: Ogerpon\n|-damage|p1b: Ogerpon|26\/100\n|\n|-weather|Sandstorm|[upkeep]\n|-damage|p1a: Espathra|94\/100|[from] Sandstorm\n|-damage|p1b: Ogerpon|20\/100|[from] Sandstorm\n|-damage|p2a: Sableye|68\/100|[from] Sandstorm\n|-end|p1b: Ogerpon|move: Taunt\n|-ability|p1a: Espathra|Speed Boost|boost\n|-boost|p1a: Espathra|spe|1\n|upkeep\n|turn|4\n|inactive|dubemn has 120 seconds left.\n|\n|t:|1699043009\n|move|p1a: Espathra|Protect|p1a: Espathra\n|-singleturn|p1a: Espathra|Protect\n|move|p2a: Sableye|Taunt|p1b: Ogerpon\n|-start|p1b: Ogerpon|move: Taunt\n|move|p1b: Ogerpon|Ivy Cudgel|p2b: Tyranitar\n|-supereffective|p2b: Tyranitar\n|-damage|p2b: Tyranitar|44\/100\n|move|p2b: Tyranitar|Rock Slide|p1b: Ogerpon|[spread] p1b\n|-activate|p1a: Espathra|move: Protect\n|-damage|p1b: Ogerpon|0 fnt\n|faint|p1b: Ogerpon\n|\n|-weather|Sandstorm|[upkeep]\n|-damage|p1a: Espathra|88\/100|[from] Sandstorm\n|-damage|p2a: Sableye|62\/100|[from] Sandstorm\n|-heal|p2b: Tyranitar|50\/100|[from] item: Leftovers\n|-ability|p1a: Espathra|Speed Boost|boost\n|-boost|p1a: Espathra|spe|1\n|upkeep\n|inactive|dubemn has 120 seconds left.\n|inactive|dubemn has 90 seconds left.\n|\n|t:|1699043051\n|switch|p1b: Kommo-o|Kommo-o, F|100\/100\n|turn|5\n|inactive|dubemn has 90 seconds left.\n|\n|t:|1699043073\n|move|p1a: Espathra|Protect||[still]\n|-fail|p1a: Espathra\n|move|p2a: Sableye|Taunt|p1b: Kommo-o\n|-start|p1b: Kommo-o|move: Taunt\n|move|p1b: Kommo-o|Clanging Scales|p2a: Sableye|[spread] p2a,p2b\n|-damage|p2a: Sableye|20\/100\n|-damage|p2b: Tyranitar|35\/100\n|-unboost|p1b: Kommo-o|def|1\n|move|p2b: Tyranitar|Rock Slide|p1a: Espathra|[spread] p1a,p1b\n|-resisted|p1a: Espathra\n|-resisted|p1b: Kommo-o\n|-damage|p1a: Espathra|62\/100\n|-damage|p1b: Kommo-o|77\/100\n|\n|-weather|Sandstorm|[upkeep]\n|-damage|p1a: Espathra|56\/100|[from] Sandstorm\n|-damage|p1b: Kommo-o|71\/100|[from] Sandstorm\n|-damage|p2a: Sableye|14\/100|[from] Sandstorm\n|-heal|p1b: Kommo-o|77\/100|[from] item: Leftovers\n|-heal|p2b: Tyranitar|42\/100|[from] item: Leftovers\n|-end|p1a: Espathra|Encore\n|-ability|p1a: Espathra|Speed Boost|boost\n|-boost|p1a: Espathra|spe|1\n|upkeep\n|turn|6\n|inactive|dubemn has 90 seconds left.\n|\n|t:|1699043120\n|move|p2a: Sableye|Encore|p1a: Espathra\n|-start|p1a: Espathra|Encore\n|move|p1a: Espathra|Protect|p1a: Espathra\n|-singleturn|p1a: Espathra|Protect\n|move|p1b: Kommo-o|Clanging Scales|p2a: Sableye|[spread] p2a,p2b\n|-damage|p2a: Sableye|0 fnt\n|-damage|p2b: Tyranitar|26\/100\n|faint|p2a: Sableye\n|-unboost|p1b: Kommo-o|def|1\n|move|p2b: Tyranitar|Ice Punch|p1b: Kommo-o\n|-supereffective|p1b: Kommo-o\n|-damage|p1b: Kommo-o|0 fnt\n|faint|p1b: Kommo-o\n|\n|-weather|Sandstorm|[upkeep]\n|-damage|p1a: Espathra|50\/100|[from] Sandstorm\n|-heal|p2b: Tyranitar|33\/100|[from] item: Leftovers\n|-sideend|p2: KyroZag|Reflect\n|-ability|p1a: Espathra|Speed Boost|boost\n|-boost|p1a: Espathra|spe|1\n|upkeep\n|inactive|dubemn has 90 seconds left.\n|inactive|KyroZag has 120 seconds left.\n|\n|t:|1699043150\n|switch|p1b: Slowking|Slowking-Galar, F|100\/100\n|switch|p2a: Houndstone|Houndstone, M|100\/100\n|turn|7\n|inactive|dubemn has 90 seconds left.\n|inactive|KyroZag has 120 seconds left.\n|\n|t:|1699043187\n|move|p1a: Espathra|Protect|p1a: Espathra\n|-singleturn|p1a: Espathra|Protect\n|move|p2a: Houndstone|Last Respects|p1b: Slowking\n|-supereffective|p1b: Slowking\n|-damage|p1b: Slowking|0 fnt\n|faint|p1b: Slowking\n|move|p2b: Tyranitar|Rock Slide|p1a: Espathra\n|-activate|p1a: Espathra|move: Protect\n|\n|-weather|none\n|-heal|p2b: Tyranitar|39\/100|[from] item: Leftovers\n|-ability|p1a: Espathra|Speed Boost|boost\n|-boost|p1a: Espathra|spe|1\n|upkeep\n|\n|t:|1699043203\n|switch|p1b: Clefairy|Clefairy, F|100\/100\n|turn|8\n|inactive|dubemn has 90 seconds left.\n|\n|t:|1699043214\n|move|p1a: Espathra|Protect||[still]\n|-fail|p1a: Espathra\n|move|p2a: Houndstone|Last Respects|p1a: Espathra\n|-damage|p1a: Espathra|0 fnt\n|faint|p1a: Espathra\n|move|p2b: Tyranitar|Rock Slide|p1b: Clefairy\n|-damage|p1b: Clefairy|57\/100\n|cant|p1b: Clefairy|flinch\n|\n|-heal|p2b: Tyranitar|45\/100|[from] item: Leftovers\n|upkeep\n|turn|9\n|-message|dubemn forfeited.\n|\n|win|KyroZag\n|raw|dubemn's rating: 1234 &rarr; <strong>1203<\/strong><br \/>(-31 for losing)\n|raw|KyroZag's rating: 1151 &rarr; <strong>1182<\/strong><br \/>(+31 for winning)\n|l|\u2606dubemn\n|c|\u2606KyroZag|Gg\n","uploadtime":1699043244,"views":12,"p1id":"dubemn","p2id":"kyrozag","formatid":"gen9doublesou","rating":1182,"private":0,"password":""}