{"id":"gen9doublesou-1972340291","p1":"GoDDanteX","p2":"Redzone92","format":"[Gen 9] Doubles OU","log":"|j|\u2606GoDDanteX\n|j|\u2606Redzone92\n|t:|1697832903\n|gametype|doubles\n|player|p1|GoDDanteX|red-masters|\n|player|p2|Redzone92|alder|\n|teamsize|p1|6\n|teamsize|p2|6\n|gen|9\n|tier|[Gen 9] Doubles OU\n|rule|Species Clause: Limit one of each Pok\u00e9mon\n|rule|OHKO Clause: OHKO moves are banned\n|rule|Evasion Moves Clause: Evasion moves are banned\n|rule|Gravity Sleep Clause: The combination of sleep-inducing moves with imperfect accuracy and Gravity or Gigantamax Orbeetle are banned\n|rule|Endless Battle Clause: Forcing endless battles is banned\n|rule|HP Percentage Mod: HP is shown in percentages\n|clearpoke\n|poke|p1|Pawmot, M|\n|poke|p1|Arcanine, M|\n|poke|p1|Dragapult, M|\n|poke|p1|Iron Valiant|\n|poke|p1|Umbreon, M|\n|poke|p1|Espeon, F|\n|poke|p2|Farigiraf, F|\n|poke|p2|Landorus-Therian, M|\n|poke|p2|Diancie|\n|poke|p2|Iron Moth|\n|poke|p2|Hydreigon, M|\n|poke|p2|Kleavor, M|\n|teampreview\n|j| Wookiebacon\n|\n|t:|1697832924\n|start\n|switch|p1a: H|Espeon, F, shiny|100\/100\n|switch|p1b: Ali|Pawmot, M, shiny|100\/100\n|switch|p2a: Martty|Farigiraf, F|100\/100\n|switch|p2b: Edward|Kleavor, M, shiny|100\/100\n|turn|1\n|\n|t:|1697832949\n|move|p1a: H|Psychic|p2b: Edward\n|-damage|p2b: Edward|23\/100\n|move|p1b: Ali|Metal Claw|p2b: Edward\n|-supereffective|p2b: Edward\n|-damage|p2b: Edward|0 fnt\n|faint|p2b: Edward\n|-damage|p1b: Ali|91\/100|[from] item: Life Orb\n|move|p2a: Martty|Dazzling Gleam|p1a: H|[spread] p1a,p1b\n|-supereffective|p1b: Ali\n|-damage|p1a: H|74\/100\n|-damage|p1b: Ali|21\/100\n|\n|upkeep\n|\n|t:|1697832966\n|switch|p2b: Pete|Hydreigon, M|100\/100\n|turn|2\n|\n|t:|1697832980\n|switch|p1b: Spike|Arcanine, M, shiny|100\/100\n|-ability|p1b: Spike|Intimidate|boost\n|-unboost|p2a: Martty|atk|1\n|-unboost|p2b: Pete|atk|1\n|move|p1a: H|Psychic|p2b: Pete\n|-immune|p2b: Pete\n|move|p2b: Pete|Heat Wave|p1a: H|[spread] p1a,p1b\n|-resisted|p1b: Spike\n|-damage|p1a: H|48\/100\n|-damage|p1b: Spike|88\/100\n|-status|p1a: H|brn\n|-enditem|p1b: Spike|Red Card|[of] p2b: Pete\n|drag|p2b: Rufus|Landorus-Therian, M|100\/100\n|-ability|p2b: Rufus|Intimidate|boost\n|-unboost|p1a: H|atk|1\n|-unboost|p1b: Spike|atk|1\n|move|p2a: Martty|Dazzling Gleam|p1b: Spike|[spread] p1a,p1b\n|-resisted|p1b: Spike\n|-damage|p1a: H|22\/100 brn\n|-damage|p1b: Spike|75\/100\n|\n|-damage|p1a: H|16\/100 brn|[from] brn\n|upkeep\n|turn|3\n|\n|t:|1697833003\n|move|p2a: Martty|Protect|p2a: Martty\n|-singleturn|p2a: Martty|Protect\n|move|p1a: H|Psychic|p2b: Rufus\n|-damage|p2b: Rufus|35\/100\n|move|p1b: Spike|Flare Blitz|p2b: Rufus\n|-damage|p2b: Rufus|0 fnt\n|faint|p2b: Rufus\n|-damage|p1b: Spike|63\/100|[from] Recoil\n|\n|-damage|p1a: H|10\/100 brn|[from] brn\n|upkeep\n|\n|t:|1697833015\n|switch|p2b: Pete|Hydreigon, M|100\/100\n|turn|4\n|\n|t:|1697833023\n|move|p1a: H|Psychic|p2b: Pete\n|-immune|p2b: Pete\n|move|p2b: Pete|Tailwind|p2b: Pete\n|-sidestart|p2: Redzone92|move: Tailwind\n|move|p1b: Spike|Flare Blitz|p2b: Pete\n|-resisted|p2b: Pete\n|-damage|p2b: Pete|84\/100\n|-status|p2b: Pete|brn\n|-damage|p1b: Spike|57\/100|[from] Recoil\n|move|p2a: Martty|Twin Beam|p1b: Spike\n|-damage|p1b: Spike|29\/100\n|-damage|p1b: Spike|4\/100\n|-hitcount|p1b: Spike|2\n|\n|-damage|p2b: Pete|78\/100 brn|[from] brn\n|-damage|p1a: H|4\/100 brn|[from] brn\n|upkeep\n|turn|5\n|\n|t:|1697833047\n|move|p2b: Pete|Heat Wave|p1b: Spike|[spread] p1a,p1b\n|-resisted|p1b: Spike\n|-damage|p1a: H|0 fnt\n|-damage|p1b: Spike|0 fnt\n|faint|p1a: H\n|faint|p1b: Spike\n|move|p2a: Martty|Dazzling Gleam|p1: H|[notarget]\n|-fail|p2a: Martty\n|\n|-damage|p2b: Pete|72\/100 brn|[from] brn\n|upkeep\n|\n|t:|1697833057\n|switch|p1a: Danny|Dragapult, M, shiny|100\/100\n|switch|p1b: Minx|Umbreon, M, shiny|100\/100\n|turn|6\n|\n|t:|1697833066\n|move|p1b: Minx|Protect|p1b: Minx\n|-singleturn|p1b: Minx|Protect\n|move|p2b: Pete|Dark Pulse|p1a: Danny\n|-supereffective|p1a: Danny\n|-damage|p1a: Danny|44\/100\n|move|p1a: Danny|Draco Meteor|p2b: Pete\n|-supereffective|p2b: Pete\n|-damage|p2b: Pete|0 fnt\n|-unboost|p1a: Danny|spa|2\n|faint|p2b: Pete\n|move|p2a: Martty|Dazzling Gleam|p1b: Minx|[spread] p1a\n|-activate|p1b: Minx|move: Protect\n|-supereffective|p1a: Danny\n|-damage|p1a: Danny|10\/100\n|\n|upkeep\n|\n|t:|1697833079\n|switch|p2b: cyborg mothra|Iron Moth, shiny|100\/100\n|-enditem|p2b: cyborg mothra|Booster Energy\n|-activate|p2b: cyborg mothra|ability: Quark Drive|[fromitem]\n|-start|p2b: cyborg mothra|quarkdrivespa\n|turn|7\n|\n|t:|1697833095\n|switch|p1a: Ali|Pawmot, M, shiny|21\/100\n|-terastallize|p1b: Minx|Ground\n|move|p2b: cyborg mothra|Dazzling Gleam|p1b: Minx|[spread] p1a,p1b\n|-supereffective|p1a: Ali\n|-damage|p1a: Ali|0 fnt\n|-damage|p1b: Minx|85\/100\n|faint|p1a: Ali\n|move|p2a: Martty|Dazzling Gleam|p1b: Minx\n|-damage|p1b: Minx|72\/100\n|move|p1b: Minx|Wish|p1b: Minx\n|\n|-heal|p1b: Minx|78\/100|[from] item: Leftovers\n|-sideend|p2: Redzone92|move: Tailwind\n|upkeep\n|\n|t:|1697833108\n|switch|p1a: Danny|Dragapult, M, shiny|10\/100\n|turn|8\n|\n|t:|1697833126\n|move|p1b: Minx|Protect|p1b: Minx\n|-singleturn|p1b: Minx|Protect\n|move|p1a: Danny|Surf|p2b: cyborg mothra|[spread] p2a,p2b\n|-activate|p1b: Minx|move: Protect\n|-supereffective|p2b: cyborg mothra\n|-damage|p2a: Martty|78\/100\n|-damage|p2b: cyborg mothra|59\/100\n|move|p2b: cyborg mothra|Dazzling Gleam|p1b: Minx|[spread] p1a\n|-activate|p1b: Minx|move: Protect\n|-supereffective|p1a: Danny\n|-damage|p1a: Danny|0 fnt\n|faint|p1a: Danny\n|move|p2a: Martty|Dazzling Gleam|p1b: Minx\n|-activate|p1b: Minx|move: Protect\n|\n|-heal|p1b: Minx|100\/100|[from] move: Wish|[wisher] Minx\n|upkeep\n|\n|t:|1697833137\n|switch|p1a: Anakin|Iron Valiant, shiny|100\/100\n|-enditem|p1a: Anakin|Booster Energy\n|-activate|p1a: Anakin|ability: Quark Drive|[fromitem]\n|-start|p1a: Anakin|quarkdrivespe\n|turn|9\n|\n|t:|1697833159\n|move|p1a: Anakin|Psyshock|p2b: cyborg mothra\n|-supereffective|p2b: cyborg mothra\n|-damage|p2b: cyborg mothra|0 fnt\n|faint|p2b: cyborg mothra\n|-end|p2b: cyborg mothra|Quark Drive|[silent]\n|move|p1b: Minx|Foul Play|p2a: Martty\n|-supereffective|p2a: Martty\n|-damage|p2a: Martty|48\/100\n|-enditem|p2a: Martty|Sitrus Berry|[eat]\n|-heal|p2a: Martty|73\/100|[from] item: Sitrus Berry\n|move|p2a: Martty|Thunder Wave|p1a: Anakin\n|-status|p1a: Anakin|par\n|\n|upkeep\n|\n|t:|1697833170\n|switch|p2b: Tiana|Diancie, shiny|100\/100\n|turn|10\n|\n|t:|1697833194\n|move|p1a: Anakin|Dazzling Gleam|p2a: Martty|[spread] p2a,p2b\n|-damage|p2a: Martty|44\/100\n|-damage|p2b: Tiana|78\/100\n|move|p1b: Minx|Toxic|p2a: Martty\n|-status|p2a: Martty|tox\n|move|p2a: Martty|Dazzling Gleam|p1a: Anakin|[spread] p1a,p1b\n|-supereffective|p1a: Anakin\n|-damage|p1a: Anakin|30\/100 par\n|-damage|p1b: Minx|90\/100\n|move|p2b: Tiana|Diamond Storm|p1b: Minx|[spread] p1a,p1b\n|-resisted|p1a: Anakin\n|-resisted|p1b: Minx\n|-damage|p1a: Anakin|12\/100 par\n|-damage|p1b: Minx|80\/100\n|-boost|p2b: Tiana|def|2\n|\n|-heal|p1b: Minx|86\/100|[from] item: Leftovers\n|-heal|p2b: Tiana|84\/100|[from] item: Leftovers\n|-damage|p2a: Martty|38\/100 tox|[from] psn\n|upkeep\n|turn|11\n|\n|t:|1697833215\n|cant|p1a: Anakin|par\n|move|p1b: Minx|Foul Play|p2a: Martty\n|-supereffective|p2a: Martty\n|-damage|p2a: Martty|3\/100 tox\n|move|p2a: Martty|Dazzling Gleam|p1a: Anakin|[spread] p1a,p1b\n|-supereffective|p1a: Anakin\n|-damage|p1a: Anakin|0 fnt\n|-damage|p1b: Minx|75\/100\n|faint|p1a: Anakin\n|-end|p1a: Anakin|Quark Drive|[silent]\n|move|p2b: Tiana|Diamond Storm|p1b: Minx\n|-resisted|p1b: Minx\n|-damage|p1b: Minx|60\/100\n|-boost|p2b: Tiana|def|2\n|\n|-heal|p1b: Minx|66\/100|[from] item: Leftovers\n|-heal|p2b: Tiana|90\/100|[from] item: Leftovers\n|-damage|p2a: Martty|0 fnt|[from] psn\n|faint|p2a: Martty\n|upkeep\n|turn|12\n|\n|t:|1697833232\n|move|p1b: Minx|Protect|p1b: Minx\n|-singleturn|p1b: Minx|Protect\n|move|p2b: Tiana|Body Press|p1b: Minx\n|-activate|p1b: Minx|move: Protect\n|\n|-heal|p1b: Minx|73\/100|[from] item: Leftovers\n|-heal|p2b: Tiana|96\/100|[from] item: Leftovers\n|upkeep\n|turn|13\n|\n|t:|1697833241\n|move|p1b: Minx|Wish|p1b: Minx\n|move|p2b: Tiana|Body Press|p1b: Minx\n|-damage|p1b: Minx|0 fnt\n|faint|p1b: Minx\n|\n|win|Redzone92\n|l|\u2606GoDDanteX\n","uploadtime":1697833257,"views":21,"p1id":"goddantex","p2id":"redzone92","formatid":"gen9doublesou","rating":0,"private":0,"password":""}