{"id":"gen9doublesou-1982043082","p1":"Rexluser","p2":"Kerazs","format":"[Gen 9] Doubles OU","log":"|j|\u2606Rexluser\n|j|\u2606Kerazs\n|t:|1698962266\n|gametype|doubles\n|player|p1|Rexluser|2|1389\n|player|p2|Kerazs|169|1350\n|teamsize|p1|6\n|teamsize|p2|6\n|gen|9\n|tier|[Gen 9] Doubles OU\n|rated|\n|rule|Species Clause: Limit one of each Pok\u00e9mon\n|rule|OHKO Clause: OHKO moves are banned\n|rule|Evasion Moves Clause: Evasion moves are banned\n|rule|Gravity Sleep Clause: The combination of sleep-inducing moves with imperfect accuracy and Gravity or Gigantamax Orbeetle are banned\n|rule|Endless Battle Clause: Forcing endless battles is banned\n|rule|HP Percentage Mod: HP is shown in percentages\n|clearpoke\n|poke|p1|Chien-Pao|\n|poke|p1|Basculegion-F, F|\n|poke|p1|Goodra-Hisui, M|\n|poke|p1|Iron Hands|\n|poke|p1|Ogerpon-Hearthflame, F|\n|poke|p1|Tornadus, M|\n|poke|p2|Dachsbun, F|\n|poke|p2|Heatran, M|\n|poke|p2|Gliscor, M|\n|poke|p2|Amoonguss, M|\n|poke|p2|Farigiraf, M|\n|poke|p2|Roaring Moon|\n|teampreview\n|inactive|Battle timer is ON: inactive players will automatically lose when time's up. (requested by Rexluser)\n|\n|t:|1698962286\n|start\n|switch|p1a: Tornadus|Tornadus, M|100\/100\n|switch|p1b: Chien-Pao|Chien-Pao|100\/100\n|switch|p2a: Dachsbun|Dachsbun, F|100\/100\n|switch|p2b: Heatran|Heatran, M|100\/100\n|-ability|p1b: Chien-Pao|Sword of Ruin\n|turn|1\n|\n|t:|1698962305\n|move|p1a: Tornadus|Tailwind|p1a: Tornadus\n|-sidestart|p1: Rexluser|move: Tailwind\n|move|p1b: Chien-Pao|Sacred Sword|p2b: Heatran\n|-supereffective|p2b: Heatran\n|-damage|p2b: Heatran|0 fnt\n|faint|p2b: Heatran\n|move|p2a: Dachsbun|Body Press|p1b: Chien-Pao\n|-supereffective|p1b: Chien-Pao\n|-damage|p1b: Chien-Pao|0 fnt\n|faint|p1b: Chien-Pao\n|\n|upkeep\n|\n|t:|1698962321\n|switch|p1b: Goodra|Goodra-Hisui, M|100\/100\n|switch|p2b: Amoonguss|Amoonguss, M|100\/100\n|turn|2\n|\n|t:|1698962331\n|move|p1a: Tornadus|Bleakwind Storm|p2a: Dachsbun|[spread] p2a,p2b\n|-supereffective|p2b: Amoonguss\n|-damage|p2a: Dachsbun|40\/100\n|-damage|p2b: Amoonguss|49\/100\n|move|p2a: Dachsbun|Body Press|p1b: Goodra\n|-supereffective|p1b: Goodra\n|-damage|p1b: Goodra|63\/100\n|move|p1b: Goodra|Acid Armor|p1b: Goodra\n|-boost|p1b: Goodra|def|2\n|move|p2b: Amoonguss|Spore|p1a: Tornadus\n|-status|p1a: Tornadus|slp|[from] move: Spore\n|\n|-heal|p2a: Dachsbun|46\/100|[from] item: Leftovers\n|-heal|p1b: Goodra|69\/100|[from] item: Leftovers\n|upkeep\n|turn|3\n|\n|t:|1698962348\n|switch|p2b: Gliscor|Gliscor, M|100\/100\n|cant|p1a: Tornadus|slp\n|move|p2a: Dachsbun|Body Press|p1b: Goodra\n|-supereffective|p1b: Goodra\n|-damage|p1b: Goodra|52\/100\n|move|p1b: Goodra|Flash Cannon|p2a: Dachsbun\n|-supereffective|p2a: Dachsbun\n|-damage|p2a: Dachsbun|0 fnt\n|faint|p2a: Dachsbun\n|\n|-heal|p1b: Goodra|58\/100|[from] item: Leftovers\n|-status|p2b: Gliscor|tox|[from] item: Toxic Orb\n|upkeep\n|\n|t:|1698962364\n|switch|p2a: Farigiraf|Farigiraf, M|100\/100\n|turn|4\n|\n|t:|1698962378\n|cant|p1a: Tornadus|slp\n|move|p2b: Gliscor|Fling|p1a: Tornadus\n|-damage|p1a: Tornadus|86\/100 slp\n|-enditem|p2b: Gliscor|Toxic Orb|[from] move: Fling\n|move|p1b: Goodra|Dragon Pulse|p2a: Farigiraf\n|-damage|p2a: Farigiraf|67\/100\n|move|p2a: Farigiraf|Skill Swap|p1b: Goodra\n|-activate|p2a: Farigiraf|move: Skill Swap|Sap Sipper|Armor Tail|[of] p1b: Goodra\n|\n|-heal|p1b: Goodra|64\/100|[from] item: Leftovers\n|-sideend|p1: Rexluser|move: Tailwind\n|upkeep\n|turn|5\n|\n|t:|1698962402\n|cant|p1a: Tornadus|slp\n|move|p2b: Gliscor|Acrobatics|p1a: Tornadus\n|-damage|p1a: Tornadus|15\/100 slp\n|move|p1b: Goodra|Dragon Pulse|p2a: Farigiraf\n|-damage|p2a: Farigiraf|35\/100\n|move|p2a: Farigiraf|Dazzling Gleam|p1a: Tornadus|[spread] p1a,p1b\n|-damage|p1a: Tornadus|0 fnt\n|-damage|p1b: Goodra|49\/100\n|faint|p1a: Tornadus\n|-damage|p2a: Farigiraf|25\/100|[from] item: Life Orb\n|\n|-heal|p1b: Goodra|55\/100|[from] item: Leftovers\n|upkeep\n|\n|t:|1698962415\n|switch|p1a: Basculegion|Basculegion-F, F|100\/100\n|-ability|p1a: Basculegion|Mold Breaker\n|turn|6\n|\n|t:|1698962425\n|move|p2b: Gliscor|Acrobatics|p1a: Basculegion\n|-damage|p1a: Basculegion|46\/100\n|move|p1a: Basculegion|Liquidation|p2b: Gliscor\n|-supereffective|p2b: Gliscor\n|-damage|p2b: Gliscor|28\/100 tox\n|move|p1b: Goodra|Dragon Pulse|p2a: Farigiraf\n|-damage|p2a: Farigiraf|0 fnt\n|faint|p2a: Farigiraf\n|\n|-heal|p1b: Goodra|61\/100|[from] item: Leftovers\n|-heal|p2b: Gliscor|40\/100 tox|[from] ability: Poison Heal\n|upkeep\n|-message|Kerazs forfeited.\n|\n|win|Rexluser\n|raw|Rexluser's rating: 1389 &rarr; <strong>1407<\/strong><br \/>(+18 for winning)\n|raw|Kerazs's rating: 1350 &rarr; <strong>1332<\/strong><br \/>(-18 for losing)\n|l|\u2606Kerazs\n","uploadtime":1698962446,"views":13,"p1id":"rexluser","p2id":"kerazs","formatid":"gen9doublesou","rating":1332,"private":0,"password":""}