{"id":"gen9doublesou-1997083431","p1":"OPieceOfHeroGhost","p2":"user27323","format":"[Gen 9] Doubles OU","log":"|j|\u2606OPieceOfHeroGhost\n|j|\u2606user27323\n|t:|1700762800\n|gametype|doubles\n|player|p1|OPieceOfHeroGhost|morty|1575\n|player|p2|user27323|schoolkid|1650\n|teamsize|p1|6\n|teamsize|p2|6\n|gen|9\n|tier|[Gen 9] Doubles OU\n|rated|\n|rule|Species Clause: Limit one of each Pok\u00e9mon\n|rule|OHKO Clause: OHKO moves are banned\n|rule|Evasion Moves Clause: Evasion moves are banned\n|rule|Gravity Sleep Clause: The combination of sleep-inducing moves with imperfect accuracy and Gravity or Gigantamax Orbeetle are banned\n|rule|Endless Battle Clause: Forcing endless battles is banned\n|rule|HP Percentage Mod: HP is shown in percentages\n|clearpoke\n|poke|p1|Tornadus, M|\n|poke|p1|Basculegion-F, F|\n|poke|p1|Ogerpon-Hearthflame, F|\n|poke|p1|Rillaboom, M|\n|poke|p1|Flutter Mane|\n|poke|p1|Chien-Pao|\n|poke|p2|Flutter Mane|\n|poke|p2|Sylveon, F|\n|poke|p2|Jirachi|\n|poke|p2|Dragonite, M|\n|poke|p2|Iron Bundle|\n|poke|p2|Volcanion|\n|teampreview\n|\n|t:|1700762815\n|start\n|switch|p1a: \u6069\u91cc\u514b\u2022\u666e\u5947|Tornadus, M|100\/100\n|switch|p1b: \u9ed1\u9c7c\u62ac\u68fa|Basculegion-F, F|100\/100\n|switch|p2a: barbie moviegoer|Dragonite, M|100\/100\n|switch|p2b: kenergy|Volcanion|100\/100\n|turn|1\n|inactive|Battle timer is ON: inactive players will automatically lose when time's up. (requested by user27323)\n|\n|t:|1700762838\n|switch|p1b: \u53d1\u59d0\u725b\u903c|Flutter Mane|100\/100\n|move|p1a: \u6069\u91cc\u514b\u2022\u666e\u5947|Tailwind|p1a: \u6069\u91cc\u514b\u2022\u666e\u5947\n|-sidestart|p1: OPieceOfHeroGhost|move: Tailwind\n|move|p2a: barbie moviegoer|Ice Spinner|p1a: \u6069\u91cc\u514b\u2022\u666e\u5947\n|-supereffective|p1a: \u6069\u91cc\u514b\u2022\u666e\u5947\n|-damage|p1a: \u6069\u91cc\u514b\u2022\u666e\u5947|13\/100\n|-damage|p2a: barbie moviegoer|84\/100|[from] item: Rocky Helmet|[of] p1a: \u6069\u91cc\u514b\u2022\u666e\u5947\n|-damage|p2a: barbie moviegoer|74\/100|[from] item: Life Orb\n|move|p2b: kenergy|Heat Wave|p1b: \u53d1\u59d0\u725b\u903c|[spread] p1a,p1b\n|-damage|p1a: \u6069\u91cc\u514b\u2022\u666e\u5947|0 fnt\n|-damage|p1b: \u53d1\u59d0\u725b\u903c|63\/100\n|faint|p1a: \u6069\u91cc\u514b\u2022\u666e\u5947\n|\n|upkeep\n|\n|t:|1700762858\n|switch|p1a: \u7ed9\u4f60\u6765\u4e2a\u5927\u6bd4\u6597|Rillaboom, M|100\/100\n|-fieldstart|move: Grassy Terrain|[from] ability: Grassy Surge|[of] p1a: \u7ed9\u4f60\u6765\u4e2a\u5927\u6bd4\u6597\n|turn|2\n|\n|t:|1700762870\n|switch|p2a: shooting star \u2606|Jirachi|100\/100\n|move|p1a: \u7ed9\u4f60\u6765\u4e2a\u5927\u6bd4\u6597|Fake Out|p2b: kenergy\n|-damage|p2b: kenergy|88\/100\n|move|p1b: \u53d1\u59d0\u725b\u903c|Moonblast|p2a: shooting star \u2606\n|-resisted|p2a: shooting star \u2606\n|-damage|p2a: shooting star \u2606|65\/100\n|-unboost|p2a: shooting star \u2606|spa|1\n|cant|p2b: kenergy|flinch\n|\n|-heal|p1b: \u53d1\u59d0\u725b\u903c|69\/100|[from] Grassy Terrain\n|-heal|p2a: shooting star \u2606|71\/100|[from] Grassy Terrain\n|-heal|p2b: kenergy|94\/100|[from] Grassy Terrain\n|upkeep\n|turn|3\n|\n|t:|1700762888\n|-end|p1b: \u53d1\u59d0\u725b\u903c|Protosynthesis|[silent]\n|switch|p1b: \u9ed1\u9c7c\u62ac\u68fa|Basculegion-F, F|100\/100\n|switch|p2a: ariana's ender \u2661|Sylveon, F|100\/100\n|move|p1a: \u7ed9\u4f60\u6765\u4e2a\u5927\u6bd4\u6597|U-turn|p2b: kenergy\n|-resisted|p2b: kenergy\n|-damage|p2b: kenergy|83\/100\n|\n|t:|1700762897\n|switch|p1a: \u68d2\u6253NTR|Ogerpon-Hearthflame, F|100\/100|[from] U-turn\n|-ability|p1a: \u68d2\u6253NTR|Mold Breaker\n|move|p2b: kenergy|Heat Wave|p1a: \u68d2\u6253NTR|[spread] p1a\n|-miss|p2b: kenergy|p1b: \u9ed1\u9c7c\u62ac\u68fa\n|-enditem|p2b: kenergy|Blunder Policy\n|-boost|p2b: kenergy|spe|2\n|-damage|p1a: \u68d2\u6253NTR|60\/100\n|\n|-heal|p1a: \u68d2\u6253NTR|66\/100|[from] Grassy Terrain\n|-heal|p2b: kenergy|89\/100|[from] Grassy Terrain\n|upkeep\n|turn|4\n|j| Ran Kob\n|\n|t:|1700762920\n|switch|p2a: barbie moviegoer|Dragonite, M|74\/100\n|-terastallize|p1a: \u68d2\u6253NTR|Fire\n|detailschange|p1a: \u68d2\u6253NTR|Ogerpon-Hearthflame-Tera, F, tera:Fire\n|-ability|p1a: \u68d2\u6253NTR|Embody Aspect (Hearthflame)|boost\n|-boost|p1a: \u68d2\u6253NTR|atk|1\n|move|p1a: \u68d2\u6253NTR|Grassy Glide|p2a: barbie moviegoer\n|-resisted|p2a: barbie moviegoer\n|-damage|p2a: barbie moviegoer|57\/100\n|move|p1b: \u9ed1\u9c7c\u62ac\u68fa|Substitute|p1b: \u9ed1\u9c7c\u62ac\u68fa\n|-start|p1b: \u9ed1\u9c7c\u62ac\u68fa|Substitute\n|-damage|p1b: \u9ed1\u9c7c\u62ac\u68fa|76\/100\n|move|p2b: kenergy|Steam Eruption|p1a: \u68d2\u6253NTR\n|-supereffective|p1a: \u68d2\u6253NTR\n|-damage|p1a: \u68d2\u6253NTR|0 fnt\n|faint|p1a: \u68d2\u6253NTR\n|\n|-heal|p1b: \u9ed1\u9c7c\u62ac\u68fa|82\/100|[from] Grassy Terrain\n|-heal|p2b: kenergy|95\/100|[from] Grassy Terrain\n|-sideend|p1: OPieceOfHeroGhost|move: Tailwind\n|upkeep\n|j| TechnoGenji\n|inactive|OPieceOfHeroGhost has 120 seconds left.\n|\n|t:|1700762939\n|switch|p1a: \u7ed9\u4f60\u6765\u4e2a\u5927\u6bd4\u6597|Rillaboom, M|100\/100\n|turn|5\n|j| Giv a name5\n|\n|t:|1700762949\n|move|p1a: \u7ed9\u4f60\u6765\u4e2a\u5927\u6bd4\u6597|Fake Out|p2b: kenergy\n|-damage|p2b: kenergy|81\/100\n|cant|p2b: kenergy|flinch\n|move|p1b: \u9ed1\u9c7c\u62ac\u68fa|Last Respects|p2b: kenergy\n|-damage|p2b: kenergy|0 fnt\n|faint|p2b: kenergy\n|-damage|p1b: \u9ed1\u9c7c\u62ac\u68fa|72\/100|[from] item: Life Orb\n|move|p2a: barbie moviegoer|Ice Spinner|p1a: \u7ed9\u4f60\u6765\u4e2a\u5927\u6bd4\u6597\n|-supereffective|p1a: \u7ed9\u4f60\u6765\u4e2a\u5927\u6bd4\u6597\n|-damage|p1a: \u7ed9\u4f60\u6765\u4e2a\u5927\u6bd4\u6597|27\/100\n|-fieldend|move: Grassy Terrain\n|-damage|p2a: barbie moviegoer|47\/100|[from] item: Life Orb\n|\n|upkeep\n|\n|t:|1700762964\n|switch|p2b: bella thorns x|Flutter Mane|100\/100\n|-enditem|p2b: bella thorns x|Booster Energy\n|-activate|p2b: bella thorns x|ability: Protosynthesis|[fromitem]\n|-start|p2b: bella thorns x|protosynthesisspa\n|turn|6\n|\n|t:|1700762974\n|switch|p1a: \u7406\u5858\u6d3b\u5b9d|Chien-Pao|100\/100\n|-ability|p1a: \u7406\u5858\u6d3b\u5b9d|Sword of Ruin\n|move|p2b: bella thorns x|Protect|p2b: bella thorns x\n|-singleturn|p2b: bella thorns x|Protect\n|move|p1b: \u9ed1\u9c7c\u62ac\u68fa|Last Respects|p2b: bella thorns x\n|-activate|p2b: bella thorns x|move: Protect\n|move|p2a: barbie moviegoer|Stomping Tantrum|p1b: \u9ed1\u9c7c\u62ac\u68fa\n|-end|p1b: \u9ed1\u9c7c\u62ac\u68fa|Substitute\n|-damage|p2a: barbie moviegoer|37\/100|[from] item: Life Orb\n|\n|upkeep\n|turn|7\n|\n|t:|1700762994\n|-terastallize|p2b: bella thorns x|Normal\n|move|p1a: \u7406\u5858\u6d3b\u5b9d|Protect|p1a: \u7406\u5858\u6d3b\u5b9d\n|-singleturn|p1a: \u7406\u5858\u6d3b\u5b9d|Protect\n|move|p1b: \u9ed1\u9c7c\u62ac\u68fa|Protect|p1b: \u9ed1\u9c7c\u62ac\u68fa\n|-singleturn|p1b: \u9ed1\u9c7c\u62ac\u68fa|Protect\n|move|p2a: barbie moviegoer|Extreme Speed|p1a: \u7406\u5858\u6d3b\u5b9d\n|-activate|p1a: \u7406\u5858\u6d3b\u5b9d|move: Protect\n|move|p2b: bella thorns x|Shadow Ball|p1b: \u9ed1\u9c7c\u62ac\u68fa\n|-activate|p1b: \u9ed1\u9c7c\u62ac\u68fa|move: Protect\n|\n|upkeep\n|turn|8\n|c|\u2606OPieceOfHeroGhost|\uff1f\uff01\uff1f\uff01\n|c|\u2606user27323|loll\n|c|\u2606OPieceOfHeroGhost|drag mane\n|inactive|OPieceOfHeroGhost has 120 seconds left.\n|\n|t:|1700763034\n|move|p2b: bella thorns x|Protect|p2b: bella thorns x\n|-singleturn|p2b: bella thorns x|Protect\n|move|p2a: barbie moviegoer|Extreme Speed|p1a: \u7406\u5858\u6d3b\u5b9d\n|-damage|p1a: \u7406\u5858\u6d3b\u5b9d|48\/100\n|-damage|p2a: barbie moviegoer|27\/100|[from] item: Life Orb\n|move|p1a: \u7406\u5858\u6d3b\u5b9d|Sacred Sword|p2b: bella thorns x\n|-activate|p2b: bella thorns x|move: Protect\n|move|p1b: \u9ed1\u9c7c\u62ac\u68fa|Last Respects|p2a: barbie moviegoer\n|-damage|p2a: barbie moviegoer|0 fnt\n|faint|p2a: barbie moviegoer\n|-damage|p1b: \u9ed1\u9c7c\u62ac\u68fa|62\/100|[from] item: Life Orb\n|\n|upkeep\n|c|\u2606user27323|ru paul yass\n|\n|t:|1700763048\n|switch|p2a: qu33fed|Iron Bundle|100\/100\n|turn|9\n|\n|t:|1700763059\n|move|p1b: \u9ed1\u9c7c\u62ac\u68fa|Protect|p1b: \u9ed1\u9c7c\u62ac\u68fa\n|-singleturn|p1b: \u9ed1\u9c7c\u62ac\u68fa|Protect\n|move|p2a: qu33fed|Hydro Pump|p1a: \u7406\u5858\u6d3b\u5b9d\n|-damage|p1a: \u7406\u5858\u6d3b\u5b9d|0 fnt\n|faint|p1a: \u7406\u5858\u6d3b\u5b9d\n|move|p2b: bella thorns x|Shadow Ball|p1b: \u9ed1\u9c7c\u62ac\u68fa\n|-activate|p1b: \u9ed1\u9c7c\u62ac\u68fa|move: Protect\n|\n|upkeep\n|\n|t:|1700763069\n|switch|p1a: \u7ed9\u4f60\u6765\u4e2a\u5927\u6bd4\u6597|Rillaboom, M|27\/100\n|-fieldstart|move: Grassy Terrain|[from] ability: Grassy Surge|[of] p1a: \u7ed9\u4f60\u6765\u4e2a\u5927\u6bd4\u6597\n|turn|10\n|\n|t:|1700763097\n|move|p1a: \u7ed9\u4f60\u6765\u4e2a\u5927\u6bd4\u6597|Grassy Glide|p2b: bella thorns x\n|-damage|p2b: bella thorns x|21\/100\n|move|p2a: qu33fed|Freeze-Dry|p1b: \u9ed1\u9c7c\u62ac\u68fa\n|-supereffective|p1b: \u9ed1\u9c7c\u62ac\u68fa\n|-damage|p1b: \u9ed1\u9c7c\u62ac\u68fa|0 fnt\n|faint|p1b: \u9ed1\u9c7c\u62ac\u68fa\n|move|p2b: bella thorns x|Shadow Ball|p1a: \u7ed9\u4f60\u6765\u4e2a\u5927\u6bd4\u6597\n|-damage|p1a: \u7ed9\u4f60\u6765\u4e2a\u5927\u6bd4\u6597|0 fnt\n|faint|p1a: \u7ed9\u4f60\u6765\u4e2a\u5927\u6bd4\u6597\n|\n|-heal|p2b: bella thorns x|27\/100|[from] Grassy Terrain\n|upkeep\n|\n|t:|1700763106\n|switch|p1a: \u53d1\u59d0\u725b\u903c|Flutter Mane|69\/100\n|turn|11\n|\n|t:|1700763109\n|move|p2b: bella thorns x|Protect|p2b: bella thorns x\n|-singleturn|p2b: bella thorns x|Protect\n|move|p2a: qu33fed|Icy Wind|p1a: \u53d1\u59d0\u725b\u903c\n|-damage|p1a: \u53d1\u59d0\u725b\u903c|40\/100\n|-unboost|p1a: \u53d1\u59d0\u725b\u903c|spe|1\n|move|p1a: \u53d1\u59d0\u725b\u903c|Dazzling Gleam|p2b: bella thorns x|[spread] p2a\n|-activate|p2b: bella thorns x|move: Protect\n|-damage|p2a: qu33fed|6\/100\n|\n|-heal|p2a: qu33fed|12\/100|[from] Grassy Terrain\n|-heal|p2b: bella thorns x|33\/100|[from] Grassy Terrain\n|-heal|p1a: \u53d1\u59d0\u725b\u903c|46\/100|[from] Grassy Terrain\n|upkeep\n|turn|12\n|\n|t:|1700763118\n|move|p2a: qu33fed|Freeze-Dry|p1a: \u53d1\u59d0\u725b\u903c\n|-damage|p1a: \u53d1\u59d0\u725b\u903c|11\/100\n|move|p2b: bella thorns x|Shadow Ball|p1a: \u53d1\u59d0\u725b\u903c\n|-supereffective|p1a: \u53d1\u59d0\u725b\u903c\n|-damage|p1a: \u53d1\u59d0\u725b\u903c|0 fnt\n|faint|p1a: \u53d1\u59d0\u725b\u903c\n|-end|p1a: \u53d1\u59d0\u725b\u903c|Protosynthesis|[silent]\n|\n|win|user27323\n|raw|OPieceOfHeroGhost's rating: 1575 &rarr; <strong>1559<\/strong><br \/>(-16 for losing)\n|raw|user27323's rating: 1650 &rarr; <strong>1666<\/strong><br \/>(+16 for winning)\n|c|\u2606user27323|gg\n|c|\u2606OPieceOfHeroGhost|gg\n","uploadtime":1700763132,"views":12,"p1id":"opieceofheroghost","p2id":"user27323","formatid":"gen9doublesou","rating":1559,"private":0,"password":""}