{"id":"gen9doublesou-1998584672","p1":"TheGreat999","p2":"crayonman18","format":"[Gen 9] Doubles OU","log":"|j|\u2606TheGreat999\n|j|\u2606crayonman18\n|t:|1700959444\n|gametype|doubles\n|player|p1|TheGreat999|elio|1301\n|player|p2|crayonman18|acetrainer-gen4dp|1275\n|teamsize|p1|6\n|teamsize|p2|6\n|gen|9\n|tier|[Gen 9] Doubles OU\n|rated|\n|rule|Species Clause: Limit one of each Pok\u00e9mon\n|rule|OHKO Clause: OHKO moves are banned\n|rule|Evasion Moves Clause: Evasion moves are banned\n|rule|Gravity Sleep Clause: The combination of sleep-inducing moves with imperfect accuracy and Gravity or Gigantamax Orbeetle are banned\n|rule|Endless Battle Clause: Forcing endless battles is banned\n|rule|HP Percentage Mod: HP is shown in percentages\n|clearpoke\n|poke|p1|Diancie|\n|poke|p1|Flutter Mane|\n|poke|p1|Palafin, F|\n|poke|p1|Landorus, M|\n|poke|p1|Volcanion|\n|poke|p1|Pelipper, M|\n|poke|p2|Cresselia, F|\n|poke|p2|Slowking-Galar, F|\n|poke|p2|Amoonguss, M|\n|poke|p2|Kingambit, F|\n|poke|p2|Iron Hands|\n|poke|p2|Ursaluna, F|\n|teampreview\n|inactive|Battle timer is ON: inactive players will automatically lose when time's up. (requested by TheGreat999)\n|\n|t:|1700959454\n|start\n|switch|p1a: Diancie|Diancie|100\/100\n|switch|p1b: Flutter Mane|Flutter Mane|100\/100\n|switch|p2a: Cresselia|Cresselia, F|100\/100\n|switch|p2b: Iron Hands|Iron Hands|100\/100\n|-enditem|p1b: Flutter Mane|Booster Energy\n|-activate|p1b: Flutter Mane|ability: Protosynthesis|[fromitem]\n|-start|p1b: Flutter Mane|protosynthesisspa\n|-enditem|p2b: Iron Hands|Booster Energy\n|-activate|p2b: Iron Hands|ability: Quark Drive|[fromitem]\n|-start|p2b: Iron Hands|quarkdriveatk\n|turn|1\n|\n|t:|1700959478\n|move|p2b: Iron Hands|Protect|p2b: Iron Hands\n|-singleturn|p2b: Iron Hands|Protect\n|move|p1b: Flutter Mane|Shadow Ball|p2a: Cresselia\n|-supereffective|p2a: Cresselia\n|-damage|p2a: Cresselia|49\/100\n|-unboost|p2a: Cresselia|spd|1\n|move|p1a: Diancie|Diamond Storm|p2b: Iron Hands|[spread] p2a\n|-activate|p2b: Iron Hands|move: Protect\n|-damage|p2a: Cresselia|27\/100\n|-boost|p1a: Diancie|def|2\n|move|p2a: Cresselia|Trick Room|p2a: Cresselia\n|-fieldstart|move: Trick Room|[of] p2a: Cresselia\n|\n|-heal|p2a: Cresselia|33\/100|[from] item: Leftovers\n|upkeep\n|turn|2\n|inactive|crayonman18 has 120 seconds left.\n|\n|t:|1700959522\n|move|p1b: Flutter Mane|Protect|p1b: Flutter Mane\n|-singleturn|p1b: Flutter Mane|Protect\n|move|p2b: Iron Hands|Drain Punch|p1a: Diancie\n|-damage|p1a: Diancie|81\/100\n|move|p1a: Diancie|Light Screen|p1a: Diancie\n|-sidestart|p1: TheGreat999|move: Light Screen\n|move|p2a: Cresselia|Lunar Blessing|p2a: Cresselia|[spread] p2a,p2b\n|-heal|p2a: Cresselia|58\/100\n|\n|-heal|p2a: Cresselia|64\/100|[from] item: Leftovers\n|upkeep\n|turn|3\n|inactive|crayonman18 has 120 seconds left.\n|\n|t:|1700959548\n|move|p2b: Iron Hands|Swords Dance|p2b: Iron Hands\n|-boost|p2b: Iron Hands|atk|2\n|move|p1a: Diancie|Diamond Storm|p2b: Iron Hands|[spread] p2a,p2b\n|-resisted|p2b: Iron Hands\n|-damage|p2a: Cresselia|44\/100\n|-damage|p2b: Iron Hands|91\/100\n|move|p2a: Cresselia|Psychic|p1b: Flutter Mane\n|-damage|p1b: Flutter Mane|85\/100\n|move|p1b: Flutter Mane|Shadow Ball|p2a: Cresselia\n|-supereffective|p2a: Cresselia\n|-damage|p2a: Cresselia|0 fnt\n|faint|p2a: Cresselia\n|\n|upkeep\n|\n|t:|1700959565\n|switch|p2a: AMONGUS!!!!!|Amoonguss, M|100\/100\n|turn|4\n|inactive|crayonman18 has 120 seconds left.\n|\n|t:|1700959583\n|move|p2b: Iron Hands|Protect|p2b: Iron Hands\n|-singleturn|p2b: Iron Hands|Protect\n|move|p1b: Flutter Mane|Protect|p1b: Flutter Mane\n|-singleturn|p1b: Flutter Mane|Protect\n|move|p2a: AMONGUS!!!!!|Sludge Bomb|p1b: Flutter Mane\n|-activate|p1b: Flutter Mane|move: Protect\n|move|p1a: Diancie|Reflect|p1a: Diancie\n|-sidestart|p1: TheGreat999|Reflect\n|\n|upkeep\n|turn|5\n|\n|t:|1700959607\n|move|p2a: AMONGUS!!!!!|Sludge Bomb|p1b: Flutter Mane\n|-damage|p1b: Flutter Mane|70\/100\n|move|p2b: Iron Hands|Drain Punch|p1a: Diancie\n|-damage|p1a: Diancie|55\/100\n|-heal|p2b: Iron Hands|99\/100|[from] drain|[of] p1a: Diancie\n|move|p1a: Diancie|Diamond Storm|p2a: AMONGUS!!!!!|[spread] p2a,p2b\n|-resisted|p2b: Iron Hands\n|-damage|p2a: AMONGUS!!!!!|72\/100\n|-damage|p2b: Iron Hands|90\/100\n|move|p1b: Flutter Mane|Dazzling Gleam|p2b: Iron Hands|[spread] p2a,p2b\n|-resisted|p2a: AMONGUS!!!!!\n|-supereffective|p2b: Iron Hands\n|-damage|p2a: AMONGUS!!!!!|57\/100\n|-damage|p2b: Iron Hands|18\/100\n|\n|-heal|p2a: AMONGUS!!!!!|63\/100|[from] item: Leftovers\n|-fieldend|move: Trick Room\n|upkeep\n|turn|6\n|inactive|crayonman18 has 120 seconds left.\n|\n|t:|1700959637\n|switch|p2a: Slowking|Slowking-Galar, F|100\/100\n|move|p2b: Iron Hands|Protect|p2b: Iron Hands\n|-singleturn|p2b: Iron Hands|Protect\n|move|p1b: Flutter Mane|Dazzling Gleam|p2b: Iron Hands|[spread] p2a\n|-activate|p2b: Iron Hands|move: Protect\n|-resisted|p2a: Slowking\n|-damage|p2a: Slowking|89\/100\n|move|p1a: Diancie|Diamond Storm|p2a: Slowking|[spread] p2a\n|-activate|p2b: Iron Hands|move: Protect\n|-damage|p2a: Slowking|58\/100\n|-boost|p1a: Diancie|def|2\n|\n|-heal|p2a: Slowking|64\/100|[from] item: Black Sludge\n|upkeep\n|turn|7\n|\n|t:|1700959660\n|move|p1b: Flutter Mane|Shadow Ball|p2a: Slowking\n|-supereffective|p2a: Slowking\n|-damage|p2a: Slowking|0 fnt\n|faint|p2a: Slowking\n|move|p1a: Diancie|Body Press|p2b: Iron Hands\n|-damage|p2b: Iron Hands|0 fnt\n|faint|p2b: Iron Hands\n|-end|p2b: Iron Hands|Quark Drive|[silent]\n|\n|upkeep\n|inactive|crayonman18 has 120 seconds left.\n|\n|t:|1700959671\n|switch|p2b: Ursaluna|Ursaluna, F|100\/100\n|switch|p2a: AMONGUS!!!!!|Amoonguss, M|96\/100\n|turn|8\n|inactive|crayonman18 has 120 seconds left.\n|\n|t:|1700959703\n|move|p1b: Flutter Mane|Protect|p1b: Flutter Mane\n|-singleturn|p1b: Flutter Mane|Protect\n|move|p1a: Diancie|Body Press|p2b: Ursaluna\n|-supereffective|p2b: Ursaluna\n|-damage|p2b: Ursaluna|0 fnt\n|faint|p2b: Ursaluna\n|move|p2a: AMONGUS!!!!!|Sludge Bomb|p1b: Flutter Mane\n|-activate|p1b: Flutter Mane|move: Protect\n|\n|-heal|p2a: AMONGUS!!!!!|100\/100|[from] item: Leftovers\n|upkeep\n|\n|t:|1700959713\n|switch|p2b: Kingambit|Kingambit, F|100\/100\n|-activate|p2b: Kingambit|ability: Supreme Overlord\n|-start|p2b: Kingambit|fallen4|[silent]\n|turn|9\n|\n|t:|1700959729\n|move|p2a: AMONGUS!!!!!|Rage Powder|p2a: AMONGUS!!!!!\n|-singleturn|p2a: AMONGUS!!!!!|move: Rage Powder\n|move|p1b: Flutter Mane|Shadow Ball|p2a: AMONGUS!!!!!\n|-damage|p2a: AMONGUS!!!!!|61\/100\n|move|p1a: Diancie|Body Press|p2a: AMONGUS!!!!!\n|-resisted|p2a: AMONGUS!!!!!\n|-damage|p2a: AMONGUS!!!!!|19\/100\n|move|p2b: Kingambit|Iron Head|p1a: Diancie\n|-supereffective|p1a: Diancie\n|-damage|p1a: Diancie|17\/100\n|\n|-heal|p2a: AMONGUS!!!!!|25\/100|[from] item: Leftovers\n|-sideend|p1: TheGreat999|move: Light Screen\n|upkeep\n|turn|10\n|\n|t:|1700959749\n|move|p2a: AMONGUS!!!!!|Rage Powder|p2a: AMONGUS!!!!!\n|-singleturn|p2a: AMONGUS!!!!!|move: Rage Powder\n|move|p1b: Flutter Mane|Shadow Ball|p2a: AMONGUS!!!!!\n|-damage|p2a: AMONGUS!!!!!|0 fnt\n|faint|p2a: AMONGUS!!!!!\n|move|p1a: Diancie|Body Press|p2b: Kingambit\n|-supereffective|p2b: Kingambit\n|-damage|p2b: Kingambit|0 fnt\n|faint|p2b: Kingambit\n|-end|p2b: Kingambit|fallen4|[silent]\n|\n|win|TheGreat999\n|raw|TheGreat999's rating: 1301 &rarr; <strong>1320<\/strong><br \/>(+19 for winning)\n|raw|crayonman18's rating: 1275 &rarr; <strong>1252<\/strong><br \/>(-23 for losing)\n|l|\u2606crayonman18\n","uploadtime":1700959765,"views":7,"p1id":"thegreat999","p2id":"crayonman18","formatid":"gen9doublesou","rating":1252,"private":0,"password":""}