{"id":"gen9doublesou-1991454405","p1":"coburnn","p2":"GohanDiamonD","format":"[Gen 9] Doubles OU","log":"|j|\u2606coburnn\n|j|\u2606GohanDiamonD\n|t:|1700078501\n|gametype|doubles\n|player|p1|coburnn|265|1418\n|player|p2|GohanDiamonD|benga|1458\n|teamsize|p1|6\n|teamsize|p2|6\n|gen|9\n|tier|[Gen 9] Doubles OU\n|rated|\n|rule|Species Clause: Limit one of each Pok\u00e9mon\n|rule|OHKO Clause: OHKO moves are banned\n|rule|Evasion Moves Clause: Evasion moves are banned\n|rule|Gravity Sleep Clause: The combination of sleep-inducing moves with imperfect accuracy and Gravity or Gigantamax Orbeetle are banned\n|rule|Endless Battle Clause: Forcing endless battles is banned\n|rule|HP Percentage Mod: HP is shown in percentages\n|clearpoke\n|poke|p1|Farigiraf, F|\n|poke|p1|Clefairy, F|\n|poke|p1|Ogerpon-Hearthflame, F|\n|poke|p1|Ursaluna-Bloodmoon, M|\n|poke|p1|Okidogi, M|\n|poke|p1|Inteleon, F|\n|poke|p2|Murkrow, F|\n|poke|p2|Torterra, F|\n|poke|p2|Gholdengo|\n|poke|p2|Iron Hands|\n|poke|p2|Flutter Mane|\n|poke|p2|Ogerpon-Hearthflame, F|\n|teampreview\n|\n|t:|1700078516\n|start\n|switch|p1a: Farigiraf|Farigiraf, F, shiny|100\/100\n|switch|p1b: Ursaluna|Ursaluna-Bloodmoon, M|100\/100\n|switch|p2a: Torterra|Torterra, F|100\/100\n|switch|p2b: Ogerpon|Ogerpon-Hearthflame, F|100\/100\n|-ability|p2b: Ogerpon|Mold Breaker\n|turn|1\n|inactive|Battle timer is ON: inactive players will automatically lose when time's up. (requested by coburnn)\n|\n|t:|1700078584\n|-terastallize|p2b: Ogerpon|Fire\n|detailschange|p2b: Ogerpon|Ogerpon-Hearthflame-Tera, F, tera:Fire\n|-ability|p2b: Ogerpon|Embody Aspect (Hearthflame)|boost\n|-boost|p2b: Ogerpon|atk|1\n|move|p1b: Ursaluna|Protect|p1b: Ursaluna\n|-singleturn|p1b: Ursaluna|Protect\n|move|p2b: Ogerpon|Ivy Cudgel|p1a: Farigiraf|[anim] Ivy Cudgel Fire\n|-crit|p1a: Farigiraf\n|-damage|p1a: Farigiraf|0 fnt\n|faint|p1a: Farigiraf\n|move|p2a: Torterra|Bullet Seed|p1b: Ursaluna\n|-activate|p1b: Ursaluna|move: Protect\n|\n|upkeep\n|\n|t:|1700078595\n|switch|p1a: Inteleon|Inteleon, F, shiny|100\/100\n|turn|2\n|inactive|coburnn has 120 seconds left.\n|inactive|coburnn has 90 seconds left.\n|\n|t:|1700078656\n|switch|p2b: Murkrow|Murkrow, F|100\/100\n|-terastallize|p1b: Ursaluna|Grass\n|move|p1a: Inteleon|Hydro Cannon|p2b: Murkrow\n|-damage|p2b: Murkrow|5\/100\n|-mustrecharge|p1a: Inteleon\n|move|p2a: Torterra|Shell Smash|p2a: Torterra\n|-unboost|p2a: Torterra|def|1\n|-unboost|p2a: Torterra|spd|1\n|-boost|p2a: Torterra|atk|2\n|-boost|p2a: Torterra|spa|2\n|-boost|p2a: Torterra|spe|2\n|move|p1b: Ursaluna|Blood Moon|p2a: Torterra\n|-damage|p2a: Torterra|0 fnt\n|faint|p2a: Torterra\n|-damage|p1b: Ursaluna|91\/100|[from] item: Life Orb\n|\n|upkeep\n|inactive|GohanDiamonD has 120 seconds left.\n|\n|t:|1700078697\n|switch|p2a: Gholdengo|Gholdengo|100\/100\n|-item|p2a: Gholdengo|Air Balloon\n|turn|3\n|inactive|GohanDiamonD has 120 seconds left.\n|\n|t:|1700078713\n|move|p2b: Murkrow|Thunder Wave|p1b: Ursaluna\n|-status|p1b: Ursaluna|par\n|cant|p1a: Inteleon|recharge\n|move|p2a: Gholdengo|Nasty Plot|p2a: Gholdengo\n|-boost|p2a: Gholdengo|spa|2\n|cant|p1b: Ursaluna|par\n|\n|upkeep\n|turn|4\n|\n|t:|1700078729\n|move|p2b: Murkrow|Tailwind|p2b: Murkrow\n|-sidestart|p2: GohanDiamonD|move: Tailwind\n|move|p2a: Gholdengo|Make It Rain|p1b: Ursaluna|[spread] p1a,p1b\n|-resisted|p1a: Inteleon\n|-damage|p1a: Inteleon|16\/100\n|-damage|p1b: Ursaluna|0 fnt\n|-unboost|p2a: Gholdengo|spa|1\n|faint|p1b: Ursaluna\n|move|p1a: Inteleon|Hydro Cannon|p2a: Gholdengo\n|-damage|p2a: Gholdengo|0 fnt\n|-mustrecharge|p1a: Inteleon\n|-enditem|p2a: Gholdengo|Air Balloon\n|faint|p2a: Gholdengo\n|\n|upkeep\n|\n|t:|1700078738\n|switch|p2a: Ogerpon|Ogerpon-Hearthflame-Tera, F, tera:Fire|100\/100\n|switch|p1b: Clefairy|Clefairy, F, shiny|100\/100\n|-ability|p2a: Ogerpon|Embody Aspect (Hearthflame)|boost\n|-boost|p2a: Ogerpon|atk|1\n|turn|5\n|\n|t:|1700078754\n|move|p1b: Clefairy|Protect|p1b: Clefairy\n|-singleturn|p1b: Clefairy|Protect\n|move|p2b: Murkrow|Taunt|p1b: Clefairy\n|-activate|p1b: Clefairy|move: Protect\n|move|p2a: Ogerpon|Swords Dance|p2a: Ogerpon\n|-boost|p2a: Ogerpon|atk|2\n|cant|p1a: Inteleon|recharge\n|\n|upkeep\n|turn|6\n|\n|t:|1700078769\n|switch|p2a: Iron Hands|Iron Hands|100\/100\n|switch|p1a: Ogerpon|Ogerpon-Hearthflame, F|100\/100\n|-ability|p1a: Ogerpon|Mold Breaker\n|move|p1b: Clefairy|Follow Me|p1b: Clefairy\n|-singleturn|p1b: Clefairy|move: Follow Me\n|move|p2b: Murkrow|Taunt|p1b: Clefairy\n|-start|p1b: Clefairy|move: Taunt\n|\n|upkeep\n|turn|7\n|inactive|GohanDiamonD has 120 seconds left.\n|\n|t:|1700078807\n|switch|p2b: Flutter Mane|Flutter Mane|100\/100\n|-enditem|p2b: Flutter Mane|Booster Energy\n|-activate|p2b: Flutter Mane|ability: Protosynthesis|[fromitem]\n|-start|p2b: Flutter Mane|protosynthesisspe\n|switch|p1b: Okidogi|Okidogi, M|100\/100\n|move|p1a: Ogerpon|Spiky Shield|p1a: Ogerpon\n|-singleturn|p1a: Ogerpon|move: Protect\n|move|p2a: Iron Hands|Fake Out|p1a: Ogerpon\n|-activate|p1a: Ogerpon|move: Protect\n|-damage|p2a: Iron Hands|88\/100|[from] Spiky Shield|[of] p1a: Ogerpon\n|\n|-sideend|p2: GohanDiamonD|move: Tailwind\n|upkeep\n|turn|8\n|inactive|GohanDiamonD has 120 seconds left.\n|\n|t:|1700078829\n|switch|p1a: Clefairy|Clefairy, F, shiny|100\/100\n|move|p2b: Flutter Mane|Shadow Ball|p1a: Clefairy\n|-damage|p1a: Clefairy|63\/100\n|-unboost|p1a: Clefairy|spd|1\n|move|p1b: Okidogi|Poison Jab|p2b: Flutter Mane\n|-damage|p2b: Flutter Mane|36\/100\n|move|p2a: Iron Hands|Close Combat|p1a: Clefairy\n|-resisted|p1a: Clefairy\n|-damage|p1a: Clefairy|36\/100\n|-unboost|p2a: Iron Hands|def|1\n|-unboost|p2a: Iron Hands|spd|1\n|\n|upkeep\n|turn|9\n|\n|t:|1700078849\n|move|p2b: Flutter Mane|Protect|p2b: Flutter Mane\n|-singleturn|p2b: Flutter Mane|Protect\n|move|p1b: Okidogi|Poison Jab|p2b: Flutter Mane\n|-activate|p2b: Flutter Mane|move: Protect\n|move|p2a: Iron Hands|Wild Charge|p1a: Clefairy\n|-damage|p1a: Clefairy|0 fnt\n|faint|p1a: Clefairy\n|-damage|p2a: Iron Hands|81\/100|[from] Recoil\n|\n|upkeep\n|\n|t:|1700078856\n|switch|p1a: Ogerpon|Ogerpon-Hearthflame, F|100\/100\n|-ability|p1a: Ogerpon|Mold Breaker\n|turn|10\n|\n|t:|1700078867\n|move|p1a: Ogerpon|Spiky Shield|p1a: Ogerpon\n|-singleturn|p1a: Ogerpon|move: Protect\n|move|p2b: Flutter Mane|Moonblast|p1b: Okidogi\n|-damage|p1b: Okidogi|75\/100\n|-unboost|p1b: Okidogi|spa|1\n|move|p1b: Okidogi|Poison Jab|p2b: Flutter Mane\n|-damage|p2b: Flutter Mane|0 fnt\n|faint|p2b: Flutter Mane\n|-end|p2b: Flutter Mane|Protosynthesis|[silent]\n|move|p2a: Iron Hands|Close Combat|p1b: Okidogi\n|-resisted|p1b: Okidogi\n|-damage|p1b: Okidogi|45\/100\n|-unboost|p2a: Iron Hands|def|1\n|-unboost|p2a: Iron Hands|spd|1\n|\n|upkeep\n|\n|t:|1700078871\n|switch|p2b: Murkrow|Murkrow, F|5\/100\n|turn|11\n|\n|t:|1700078895\n|move|p2b: Murkrow|Tailwind|p2b: Murkrow\n|-sidestart|p2: GohanDiamonD|move: Tailwind\n|move|p1a: Ogerpon|Ivy Cudgel|p2a: Iron Hands|[anim] Ivy Cudgel Fire\n|-damage|p2a: Iron Hands|3\/100\n|move|p2a: Iron Hands|Wild Charge|p1b: Okidogi\n|-damage|p1b: Okidogi|3\/100\n|-damage|p2a: Iron Hands|0 fnt|[from] Recoil\n|faint|p2a: Iron Hands\n|-end|p2a: Iron Hands|Quark Drive|[silent]\n|move|p1b: Okidogi|Poison Jab|p2b: Murkrow\n|-damage|p2b: Murkrow|0 fnt\n|faint|p2b: Murkrow\n|\n|upkeep\n|\n|t:|1700078906\n|switch|p2a: Ogerpon|Ogerpon-Hearthflame-Tera, F, tera:Fire|100\/100\n|-ability|p2a: Ogerpon|Embody Aspect (Hearthflame)|boost\n|-boost|p2a: Ogerpon|atk|1\n|turn|12\n|\n|t:|1700078919\n|move|p2a: Ogerpon|Ivy Cudgel|p1a: Ogerpon|[anim] Ivy Cudgel Fire\n|-damage|p1a: Ogerpon|0 fnt\n|faint|p1a: Ogerpon\n|move|p1b: Okidogi|Poison Jab|p2a: Ogerpon\n|-damage|p2a: Ogerpon|46\/100\n|\n|upkeep\n|\n|t:|1700078922\n|switch|p1a: Inteleon|Inteleon, F, shiny|16\/100\n|turn|13\n|\n|t:|1700078927\n|move|p2a: Ogerpon|Trailblaze|p1a: Inteleon\n|-supereffective|p1a: Inteleon\n|-damage|p1a: Inteleon|0 fnt\n|-boost|p2a: Ogerpon|spe|1\n|faint|p1a: Inteleon\n|move|p1b: Okidogi|Poison Jab|p2a: Ogerpon\n|-damage|p2a: Ogerpon|0 fnt\n|faint|p2a: Ogerpon\n|\n|win|coburnn\n|raw|coburnn's rating: 1418 &rarr; <strong>1440<\/strong><br \/>(+22 for winning)\n|raw|GohanDiamonD's rating: 1445 &rarr; <strong>1423<\/strong><br \/>(-22 for losing)\n|c|\u2606coburnn|gg close\n|c|\u2606GohanDiamonD|gg\n|l|\u2606GohanDiamonD\n","uploadtime":1700078950,"views":10,"p1id":"coburnn","p2id":"gohandiamond","formatid":"gen9doublesou","rating":1423,"private":0,"password":""}