{"id":"gen9doublesou-1993862922","p1":"56789ya","p2":"rewrite_361","format":"[Gen 9] Doubles OU","log":"|j|\u260656789ya\n|j|\u2606rewrite_361\n|t:|1700366822\n|gametype|doubles\n|player|p1|56789ya|boarder|1181\n|player|p2|rewrite_361|265|1076\n|teamsize|p1|6\n|teamsize|p2|6\n|gen|9\n|tier|[Gen 9] Doubles OU\n|rated|\n|rule|Species Clause: Limit one of each Pok\u00e9mon\n|rule|OHKO Clause: OHKO moves are banned\n|rule|Evasion Moves Clause: Evasion moves are banned\n|rule|Gravity Sleep Clause: The combination of sleep-inducing moves with imperfect accuracy and Gravity or Gigantamax Orbeetle are banned\n|rule|Endless Battle Clause: Forcing endless battles is banned\n|rule|HP Percentage Mod: HP is shown in percentages\n|clearpoke\n|poke|p1|Tauros-Paldea-Blaze, M|\n|poke|p1|Meowscarada, M|\n|poke|p1|Flamigo, F|\n|poke|p1|Corviknight, M|\n|poke|p1|Glimmora, F|\n|poke|p1|Flutter Mane|\n|poke|p2|Empoleon, M|\n|poke|p2|Armarouge, F|\n|poke|p2|Scizor, M|\n|poke|p2|Volcanion|\n|poke|p2|Rillaboom, M|\n|poke|p2|Indeedee-F, F|\n|teampreview\n|\n|t:|1700366850\n|start\n|switch|p1a: Tauros|Tauros-Paldea-Blaze, M|100\/100\n|switch|p1b: Meowscarada|Meowscarada, M|100\/100\n|switch|p2a: Volcanion|Volcanion|100\/100\n|switch|p2b: Empoleon|Empoleon, M|100\/100\n|turn|1\n|\n|t:|1700366868\n|move|p1b: Meowscarada|Flower Trick|p1a: Tauros\n|-resisted|p1a: Tauros\n|-crit|p1a: Tauros\n|-damage|p1a: Tauros|85\/100\n|-setboost|p1a: Tauros|atk|6|[from] ability: Anger Point\n|move|p1a: Tauros|Earthquake|p2a: Volcanion|[spread] p1b,p2a,p2b\n|-resisted|p1b: Meowscarada\n|-supereffective|p2a: Volcanion\n|-supereffective|p2b: Empoleon\n|-damage|p1b: Meowscarada|56\/100\n|-damage|p2a: Volcanion|0 fnt\n|-damage|p2b: Empoleon|0 fnt\n|faint|p2a: Volcanion\n|faint|p2b: Empoleon\n|\n|upkeep\n|\n|t:|1700366933\n|switch|p2a: Rillaboom|Rillaboom, M|100\/100\n|switch|p2b: Indeedee|Indeedee-F, F|100\/100\n|-fieldstart|move: Grassy Terrain|[from] ability: Grassy Surge|[of] p2a: Rillaboom\n|-fieldstart|move: Psychic Terrain|[from] ability: Psychic Surge|[of] p2b: Indeedee\n|turn|2\n|\n|t:|1700366952\n|switch|p1b: Flamigo|Flamigo, F|100\/100\n|-copyboost|p1b: Flamigo|p1a: Tauros|[from] ability: Costar\n|switch|p2a: Augus|Scizor, M|100\/100\n|move|p1a: Tauros|Raging Bull|p2b: Indeedee\n|-damage|p2b: Indeedee|0 fnt\n|faint|p2b: Indeedee\n|\n|upkeep\n|\n|t:|1700366964\n|switch|p2b: Armarouge|Armarouge, F|100\/100\n|turn|3\n|\n|t:|1700366987\n|move|p1a: Tauros|Earthquake|p2b: Armarouge|[spread] p2a,p2b\n|-immune|p1b: Flamigo\n|-supereffective|p2b: Armarouge\n|-damage|p2a: Augus|20\/100\n|-enditem|p2b: Armarouge|Focus Sash\n|-damage|p2b: Armarouge|1\/100\n|-ability|p2b: Armarouge|Weak Armor|boost\n|-unboost|p2b: Armarouge|def|1\n|-boost|p2b: Armarouge|spe|2\n|move|p2b: Armarouge|Expanding Force|p1b: Flamigo|[spread] p1a,p1b\n|-supereffective|p1a: Tauros\n|-supereffective|p1b: Flamigo\n|-damage|p1a: Tauros|0 fnt\n|-damage|p1b: Flamigo|0 fnt\n|faint|p1a: Tauros\n|faint|p1b: Flamigo\n|move|p2a: Augus|Tailwind|p2a: Augus\n|-sidestart|p2: rewrite_361|move: Tailwind\n|\n|upkeep\n|\n|t:|1700367024\n|switch|p1a: Meowscarada|Meowscarada, M|56\/100\n|switch|p1b: Corviknight|Corviknight, M|100\/100\n|turn|4\n|\n|t:|1700367047\n|-terastallize|p1a: Meowscarada|Ghost\n|move|p2b: Armarouge|Armor Cannon|p1b: Corviknight\n|-supereffective|p1b: Corviknight\n|-damage|p1b: Corviknight|18\/100\n|-unboost|p2b: Armarouge|def|1\n|-unboost|p2b: Armarouge|spd|1\n|move|p2a: Augus|Brick Break|p1a: Meowscarada\n|-immune|p1a: Meowscarada\n|move|p1a: Meowscarada|Knock Off|p2b: Armarouge\n|-supereffective|p2b: Armarouge\n|-damage|p2b: Armarouge|0 fnt\n|faint|p2b: Armarouge\n|move|p1b: Corviknight|Tailwind|p1b: Corviknight\n|-sidestart|p1: 56789ya|move: Tailwind\n|\n|-heal|p1b: Corviknight|24\/100|[from] item: Leftovers\n|upkeep\n|\n|t:|1700367068\n|switch|p2b: Rillaboom|Rillaboom, M|100\/100\n|-fieldstart|move: Grassy Terrain|[from] ability: Grassy Surge|[of] p2b: Rillaboom\n|turn|5\n|\n|t:|1700367148\n|move|p2b: Rillaboom|Fake Out|p1b: Corviknight\n|-resisted|p1b: Corviknight\n|-damage|p1b: Corviknight|18\/100\n|move|p1a: Meowscarada|Knock Off|p2b: Rillaboom\n|-damage|p2b: Rillaboom|72\/100\n|-enditem|p2b: Rillaboom|Terrain Extender|[from] move: Knock Off|[of] p1a: Meowscarada\n|move|p2a: Augus|Swords Dance|p2a: Augus\n|-boost|p2a: Augus|atk|2\n|cant|p1b: Corviknight|flinch\n|\n|-heal|p1a: Meowscarada|62\/100|[from] Grassy Terrain\n|-heal|p2b: Rillaboom|78\/100|[from] Grassy Terrain\n|-heal|p2a: Augus|26\/100|[from] Grassy Terrain\n|-heal|p1b: Corviknight|24\/100|[from] item: Leftovers\n|upkeep\n|turn|6\n|inactive|Battle timer is ON: inactive players will automatically lose when time's up. (requested by 56789ya)\n|inactive|rewrite_361 has 120 seconds left.\n|inactive|rewrite_361 has 90 seconds left.\n|inactive|rewrite_361 has 60 seconds left.\n|\n|t:|1700367363\n|move|p2a: Augus|Bullet Punch|p1a: Meowscarada\n|-damage|p1a: Meowscarada|0 fnt\n|faint|p1a: Meowscarada\n|move|p2b: Rillaboom|Knock Off|p1b: Corviknight\n|-damage|p1b: Corviknight|0 fnt\n|-enditem|p1b: Corviknight|Leftovers|[from] move: Knock Off|[of] p2b: Rillaboom\n|faint|p1b: Corviknight\n|\n|-heal|p2b: Rillaboom|84\/100|[from] Grassy Terrain\n|-heal|p2a: Augus|32\/100|[from] Grassy Terrain\n|-sideend|p2: rewrite_361|move: Tailwind\n|upkeep\n|\n|t:|1700367383\n|switch|p1a: Glimmora|Glimmora, F|100\/100\n|switch|p1b: Flutter Mane|Flutter Mane|100\/100\n|turn|7\n|\n|t:|1700367412\n|move|p2b: Rillaboom|Grassy Glide|p1a: Glimmora\n|-damage|p1a: Glimmora|60\/100\n|-activate|p1a: Glimmora|ability: Toxic Debris\n|-sidestart|p2: rewrite_361|move: Toxic Spikes\n|move|p2a: Augus|Bullet Punch|p1b: Flutter Mane\n|-supereffective|p1b: Flutter Mane\n|-damage|p1b: Flutter Mane|0 fnt\n|faint|p1b: Flutter Mane\n|-end|p1b: Flutter Mane|Protosynthesis|[silent]\n|move|p1a: Glimmora|Sludge Bomb|p2b: Rillaboom\n|-supereffective|p2b: Rillaboom\n|-damage|p2b: Rillaboom|0 fnt\n|faint|p2b: Rillaboom\n|\n|-heal|p1a: Glimmora|66\/100|[from] Grassy Terrain\n|-heal|p1a: Glimmora|72\/100|[from] item: Leftovers\n|-heal|p2a: Augus|38\/100|[from] Grassy Terrain\n|-sideend|p1: 56789ya|move: Tailwind\n|upkeep\n|turn|8\n|inactive|56789ya has 120 seconds left.\n|inactive|rewrite_361 has 120 seconds left.\n|\n|t:|1700367445\n|move|p2a: Augus|Bullet Punch|p1a: Glimmora\n|-supereffective|p1a: Glimmora\n|-damage|p1a: Glimmora|0 fnt\n|-activate|p1a: Glimmora|ability: Toxic Debris\n|-sidestart|p2: rewrite_361|move: Toxic Spikes\n|faint|p1a: Glimmora\n|\n|win|rewrite_361\n|raw|56789ya's rating: 1181 &rarr; <strong>1149<\/strong><br \/>(-32 for losing)\n|raw|rewrite_361's rating: 1076 &rarr; <strong>1113<\/strong><br \/>(+37 for winning)\n|l|\u2606rewrite_361\n","uploadtime":1700367452,"views":4,"p1id":"56789ya","p2id":"rewrite361","formatid":"gen9doublesou","rating":1113,"private":0,"password":""}