{"id":"gen9doublesou-1990193724","p1":"Daniel de Tijer","p2":"Metal Jester","format":"[Gen 9] Doubles OU","log":"|j|\u2606Daniel de Tijer\n|j|\u2606Metal Jester\n|t:|1699935482\n|gametype|doubles\n|player|p1|Daniel de Tijer|hiker-gen4|1134\n|player|p2|Metal Jester|ingo|1254\n|teamsize|p1|6\n|teamsize|p2|6\n|gen|9\n|tier|[Gen 9] Doubles OU\n|rated|\n|rule|Species Clause: Limit one of each Pok\u00e9mon\n|rule|OHKO Clause: OHKO moves are banned\n|rule|Evasion Moves Clause: Evasion moves are banned\n|rule|Gravity Sleep Clause: The combination of sleep-inducing moves with imperfect accuracy and Gravity or Gigantamax Orbeetle are banned\n|rule|Endless Battle Clause: Forcing endless battles is banned\n|rule|HP Percentage Mod: HP is shown in percentages\n|clearpoke\n|poke|p1|Enamorus, F|\n|poke|p1|Grimmsnarl, M|\n|poke|p1|Squawkabilly, M|\n|poke|p1|Chi-Yu|\n|poke|p1|Ogerpon-Wellspring, F|\n|poke|p1|Iron Hands|\n|poke|p2|Scizor, M|\n|poke|p2|Scyther, M|\n|poke|p2|Kleavor, M|\n|poke|p2|Vivillon-Fancy, F|\n|poke|p2|Great Tusk|\n|poke|p2|Barraskewda, M|\n|teampreview\n|inactive|Battle timer is ON: inactive players will automatically lose when time's up. (requested by Daniel de Tijer)\n|\n|t:|1699935492\n|start\n|switch|p1a: Enamorus|Enamorus, F, shiny|100\/100\n|switch|p1b: Grimmsnarl|Grimmsnarl, M, shiny|100\/100\n|switch|p2a: Scyther|Scyther, M|100\/100\n|switch|p2b: Barraskewda|Barraskewda, M, shiny|100\/100\n|turn|1\n|\n|t:|1699935508\n|move|p1b: Grimmsnarl|Confide|p1a: Enamorus\n|-boost|p1a: Enamorus|spa|1\n|move|p2b: Barraskewda|Waterfall|p1a: Enamorus\n|-damage|p1a: Enamorus|4\/100\n|move|p1a: Enamorus|Dazzling Gleam|p2b: Barraskewda|[spread] p2a,p2b\n|-damage|p2a: Scyther|55\/100\n|-damage|p2b: Barraskewda|0 fnt\n|faint|p2b: Barraskewda\n|move|p2a: Scyther|Tailwind|p2a: Scyther\n|-sidestart|p2: Metal Jester|move: Tailwind\n|\n|upkeep\n|\n|t:|1699935518\n|switch|p2b: Scizor|Scizor, M|100\/100\n|turn|2\n|\n|t:|1699935526\n|move|p2b: Scizor|Bullet Punch|p1b: Grimmsnarl\n|-supereffective|p1b: Grimmsnarl\n|-damage|p1b: Grimmsnarl|0 fnt\n|faint|p1b: Grimmsnarl\n|-damage|p2b: Scizor|91\/100|[from] item: Life Orb\n|move|p2a: Scyther|U-turn|p1a: Enamorus\n|-resisted|p1a: Enamorus\n|-damage|p1a: Enamorus|0 fnt\n|faint|p1a: Enamorus\n|\n|t:|1699935536\n|switch|p2a: Vivillon|Vivillon-Fancy, F|100\/100|[from] U-turn\n|\n|upkeep\n|\n|t:|1699935543\n|switch|p1a: Chi-Yu|Chi-Yu|100\/100\n|switch|p1b: Ogerpon|Ogerpon-Wellspring, F|100\/100\n|-ability|p1a: Chi-Yu|Beads of Ruin\n|turn|3\n|inactive|Metal Jester has 120 seconds left.\n|inactive|Metal Jester has 90 seconds left.\n|\n|t:|1699935604\n|-terastallize|p2a: Vivillon|Flying\n|move|p2a: Vivillon|Hurricane|p1b: Ogerpon\n|-supereffective|p1b: Ogerpon\n|-damage|p1b: Ogerpon|0 fnt\n|faint|p1b: Ogerpon\n|move|p2b: Scizor|U-turn|p1a: Chi-Yu\n|-damage|p1a: Chi-Yu|14\/100\n|-damage|p2b: Scizor|81\/100|[from] item: Life Orb\n|inactive|Metal Jester has 90 seconds left.\n|\n|t:|1699935618\n|switch|p2b: Kleavor|Kleavor, M, shiny|100\/100|[from] U-turn\n|move|p1a: Chi-Yu|Nasty Plot|p1a: Chi-Yu\n|-boost|p1a: Chi-Yu|spa|2\n|\n|upkeep\n|\n|t:|1699935628\n|switch|p1b: Squawkabilly|Squawkabilly, M|100\/100\n|turn|4\n|\n|t:|1699935638\n|move|p1b: Squawkabilly|Protect|p1b: Squawkabilly\n|-singleturn|p1b: Squawkabilly|Protect\n|move|p2a: Vivillon|Sleep Powder|p1a: Chi-Yu\n|-status|p1a: Chi-Yu|slp|[from] move: Sleep Powder\n|move|p2b: Kleavor|Stone Axe|p1b: Squawkabilly\n|-activate|p1b: Squawkabilly|move: Protect\n|cant|p1a: Chi-Yu|slp\n|\n|-sideend|p2: Metal Jester|move: Tailwind\n|-status|p1b: Squawkabilly|brn|[from] item: Flame Orb\n|upkeep\n|turn|5\n|\n|t:|1699935659\n|cant|p1a: Chi-Yu|slp\n|move|p1b: Squawkabilly|Brave Bird|p2b: Kleavor\n|-damage|p2b: Kleavor|0 fnt\n|faint|p2b: Kleavor\n|-damage|p1b: Squawkabilly|70\/100 brn|[from] Recoil\n|move|p2a: Vivillon|Hurricane|p1a: Chi-Yu\n|-damage|p1a: Chi-Yu|0 fnt\n|faint|p1a: Chi-Yu\n|\n|-damage|p1b: Squawkabilly|64\/100 brn|[from] brn\n|upkeep\n|\n|t:|1699935672\n|switch|p1a: Iron Hands|Iron Hands, shiny|100\/100\n|switch|p2b: Scyther|Scyther, M|55\/100\n|-enditem|p1a: Iron Hands|Booster Energy\n|-activate|p1a: Iron Hands|ability: Quark Drive|[fromitem]\n|-start|p1a: Iron Hands|quarkdriveatk\n|turn|6\n|\n|t:|1699935683\n|move|p1a: Iron Hands|Fake Out|p2b: Scyther\n|-damage|p2b: Scyther|35\/100\n|cant|p2b: Scyther|flinch\n|move|p1b: Squawkabilly|Facade|p2b: Scyther\n|-damage|p2b: Scyther|0 fnt\n|faint|p2b: Scyther\n|move|p2a: Vivillon|Hurricane|p1b: Squawkabilly\n|-damage|p1b: Squawkabilly|0 fnt\n|faint|p1b: Squawkabilly\n|\n|upkeep\n|\n|t:|1699935695\n|switch|p2b: Great Tusk|Great Tusk|100\/100\n|-enditem|p2b: Great Tusk|Booster Energy\n|-activate|p2b: Great Tusk|ability: Protosynthesis|[fromitem]\n|-start|p2b: Great Tusk|protosynthesisatk\n|turn|7\n|\n|t:|1699935703\n|-terastallize|p1a: Iron Hands|Ground\n|move|p2a: Vivillon|Hurricane|p1a: Iron Hands\n|-damage|p1a: Iron Hands|48\/100\n|move|p2b: Great Tusk|Headlong Rush|p1a: Iron Hands\n|-damage|p1a: Iron Hands|0 fnt\n|-unboost|p2b: Great Tusk|def|1\n|-unboost|p2b: Great Tusk|spd|1\n|faint|p1a: Iron Hands\n|-end|p1a: Iron Hands|Quark Drive|[silent]\n|\n|win|Metal Jester\n|raw|Daniel de Tijer's rating: 1134 &rarr; <strong>1117<\/strong><br \/>(-17 for losing)\n|raw|Metal Jester's rating: 1254 &rarr; <strong>1271<\/strong><br \/>(+17 for winning)\n|l|\u2606Daniel de Tijer\n","uploadtime":1699935712,"views":15,"p1id":"danieldetijer","p2id":"metaljester","formatid":"gen9doublesou","rating":1117,"private":0,"password":""}