{"id":"gen9doublesou-1993259821","p1":"GrubInTub","p2":"PoliteGhost","format":"[Gen 9] Doubles OU","log":"|j|\u2606GrubInTub\n|j|\u2606PoliteGhost\n|t:|1700285784\n|gametype|doubles\n|player|p1|GrubInTub|klara|1527\n|player|p2|PoliteGhost|giovanni|1530\n|teamsize|p1|6\n|teamsize|p2|6\n|gen|9\n|tier|[Gen 9] Doubles OU\n|rated|\n|rule|Species Clause: Limit one of each Pok\u00e9mon\n|rule|OHKO Clause: OHKO moves are banned\n|rule|Evasion Moves Clause: Evasion moves are banned\n|rule|Gravity Sleep Clause: The combination of sleep-inducing moves with imperfect accuracy and Gravity or Gigantamax Orbeetle are banned\n|rule|Endless Battle Clause: Forcing endless battles is banned\n|rule|HP Percentage Mod: HP is shown in percentages\n|clearpoke\n|poke|p1|Torkoal, L99, M|\n|poke|p1|Walking Wake|\n|poke|p1|Roaring Moon|\n|poke|p1|Indeedee-F, F|\n|poke|p1|Orthworm, F|\n|poke|p1|Flutter Mane|\n|poke|p2|Amoonguss, M|\n|poke|p2|Iron Hands|\n|poke|p2|Landorus-Therian, M|\n|poke|p2|Flutter Mane|\n|poke|p2|Iron Bundle|\n|poke|p2|Chi-Yu|\n|teampreview\n|c|\u2606GrubInTub|gl\n|\n|t:|1700285808\n|start\n|switch|p1a: Torkoal|Torkoal, L99, M|100\/100\n|switch|p1b: Walking Wake|Walking Wake|100\/100\n|switch|p2a: Chi-Yu|Chi-Yu|100\/100\n|switch|p2b: Landorus|Landorus-Therian, M|100\/100\n|-ability|p2a: Chi-Yu|Beads of Ruin\n|-ability|p2b: Landorus|Intimidate|boost\n|-unboost|p1a: Torkoal|atk|1\n|-unboost|p1b: Walking Wake|atk|1\n|-weather|SunnyDay|[from] ability: Drought|[of] p1a: Torkoal\n|-activate|p1b: Walking Wake|ability: Protosynthesis\n|-start|p1b: Walking Wake|protosynthesisspe\n|turn|1\n|\n|t:|1700285830\n|switch|p2a: Flutter Mane|Flutter Mane|100\/100\n|-activate|p2a: Flutter Mane|ability: Protosynthesis\n|-start|p2a: Flutter Mane|protosynthesisspe\n|move|p1b: Walking Wake|Hydro Steam|p2a: Flutter Mane\n|-damage|p2a: Flutter Mane|13\/100\n|move|p2b: Landorus|Stomping Tantrum|p1a: Torkoal\n|-supereffective|p1a: Torkoal\n|-damage|p1a: Torkoal|31\/100\n|move|p1a: Torkoal|Eruption|p2b: Landorus|[spread] p2a,p2b\n|-damage|p2a: Flutter Mane|0 fnt\n|-damage|p2b: Landorus|74\/100\n|faint|p2a: Flutter Mane\n|-end|p2a: Flutter Mane|Protosynthesis|[silent]\n|\n|-weather|SunnyDay|[upkeep]\n|upkeep\n|\n|t:|1700285846\n|switch|p2a: Iron Bundle|Iron Bundle|100\/100\n|turn|2\n|\n|t:|1700285853\n|switch|p1a: Indeedee|Indeedee-F, F|100\/100\n|-fieldstart|move: Psychic Terrain|[from] ability: Psychic Surge|[of] p1a: Indeedee\n|-terastallize|p1b: Walking Wake|Fairy\n|move|p1b: Walking Wake|Hydro Steam|p2b: Landorus\n|-supereffective|p2b: Landorus\n|-damage|p2b: Landorus|0 fnt\n|faint|p2b: Landorus\n|move|p2a: Iron Bundle|Freeze-Dry|p1b: Walking Wake\n|-damage|p1b: Walking Wake|56\/100\n|\n|-weather|SunnyDay|[upkeep]\n|upkeep\n|\n|t:|1700285866\n|switch|p2b: Iron Hands|Iron Hands|100\/100\n|turn|3\n|\n|t:|1700285877\n|move|p1a: Indeedee|Follow Me|p1a: Indeedee\n|-singleturn|p1a: Indeedee|move: Follow Me\n|move|p1b: Walking Wake|Hydro Steam|p2a: Iron Bundle\n|-resisted|p2a: Iron Bundle\n|-damage|p2a: Iron Bundle|1\/100\n|move|p2a: Iron Bundle|Icy Wind|p1a: Indeedee|[spread] p1a,p1b\n|-crit|p1b: Walking Wake\n|-damage|p1a: Indeedee|80\/100\n|-damage|p1b: Walking Wake|21\/100\n|-unboost|p1a: Indeedee|spe|1\n|-unboost|p1b: Walking Wake|spe|1\n|move|p2b: Iron Hands|Heavy Slam|p1a: Indeedee\n|-damage|p1a: Indeedee|38\/100\n|\n|-weather|SunnyDay|[upkeep]\n|upkeep\n|turn|4\n|\n|t:|1700285908\n|-end|p1b: Walking Wake|Protosynthesis|[silent]\n|switch|p1b: Orthworm|Orthworm, F|100\/100\n|move|p2a: Iron Bundle|Protect|p2a: Iron Bundle\n|-singleturn|p2a: Iron Bundle|Protect\n|move|p2b: Iron Hands|Heavy Slam|p1b: Orthworm\n|-resisted|p1b: Orthworm\n|-damage|p1b: Orthworm|96\/100\n|move|p1a: Indeedee|Healing Wish|p1a: Indeedee\n|faint|p1a: Indeedee\n|\n|-weather|SunnyDay|[upkeep]\n|-heal|p1b: Orthworm|100\/100|[from] item: Leftovers\n|upkeep\n|\n|t:|1700285916\n|switch|p1a: Walking Wake|Walking Wake, tera:Fairy|21\/100\n|-heal|p1a: Walking Wake|100\/100|[from] move: Healing Wish\n|-activate|p1a: Walking Wake|ability: Protosynthesis\n|-start|p1a: Walking Wake|protosynthesisspe\n|turn|5\n|\n|t:|1700285932\n|-end|p1a: Walking Wake|Protosynthesis|[silent]\n|switch|p1a: Torkoal|Torkoal, L99, M|31\/100\n|-end|p2a: Iron Bundle|Quark Drive|[silent]\n|switch|p2a: Amoonguss|Amoonguss, M|100\/100\n|move|p2b: Iron Hands|Heavy Slam|p1a: Torkoal\n|-resisted|p1a: Torkoal\n|-damage|p1a: Torkoal|15\/100\n|move|p1b: Orthworm|Body Press|p2a: Amoonguss\n|-resisted|p2a: Amoonguss\n|-damage|p2a: Amoonguss|86\/100\n|-damage|p1b: Orthworm|84\/100|[from] item: Rocky Helmet|[of] p2a: Amoonguss\n|\n|-weather|SunnyDay|[upkeep]\n|-heal|p1b: Orthworm|90\/100|[from] item: Leftovers\n|upkeep\n|turn|6\n|\n|t:|1700285954\n|move|p2b: Iron Hands|Heavy Slam|p1a: Torkoal\n|-resisted|p1a: Torkoal\n|-damage|p1a: Torkoal|0 fnt\n|faint|p1a: Torkoal\n|move|p1b: Orthworm|Shed Tail|p1b: Orthworm\n|-start|p1b: Orthworm|Substitute|[from] move: Shed Tail\n|-damage|p1b: Orthworm|40\/100\n|\n|t:|1700285967\n|switch|p1b: Roaring Moon|Roaring Moon|100\/100|[from] Shed Tail\n|-activate|p1b: Roaring Moon|ability: Protosynthesis\n|-start|p1b: Roaring Moon|protosynthesisspe\n|move|p2a: Amoonguss|Spore||[still]\n|-fail|p2a: Amoonguss\n|\n|-weather|SunnyDay|[upkeep]\n|-fieldend|move: Psychic Terrain\n|upkeep\n|\n|t:|1700285979\n|switch|p1a: Orthworm|Orthworm, F|40\/100\n|turn|7\n|\n|t:|1700285990\n|move|p2a: Amoonguss|Rage Powder|p2a: Amoonguss\n|-singleturn|p2a: Amoonguss|move: Rage Powder\n|move|p1b: Roaring Moon|Knock Off|p2a: Amoonguss\n|-damage|p2a: Amoonguss|10\/100\n|-damage|p1b: Roaring Moon|84\/100|[from] item: Rocky Helmet|[of] p2a: Amoonguss\n|-enditem|p2a: Amoonguss|Rocky Helmet|[from] move: Knock Off|[of] p1b: Roaring Moon\n|move|p2b: Iron Hands|Drain Punch|p1b: Roaring Moon\n|-supereffective|p1b: Roaring Moon\n|-end|p1b: Roaring Moon|Substitute\n|move|p1a: Orthworm|Body Press|p2a: Amoonguss\n|-resisted|p2a: Amoonguss\n|-damage|p2a: Amoonguss|0 fnt\n|faint|p2a: Amoonguss\n|\n|-weather|SunnyDay|[upkeep]\n|-heal|p1a: Orthworm|46\/100|[from] item: Leftovers\n|upkeep\n|\n|t:|1700286002\n|switch|p2a: Chi-Yu|Chi-Yu|100\/100\n|-ability|p2a: Chi-Yu|Beads of Ruin\n|turn|8\n|\n|t:|1700286009\n|move|p1a: Orthworm|Protect|p1a: Orthworm\n|-singleturn|p1a: Orthworm|Protect\n|move|p1b: Roaring Moon|Knock Off|p2b: Iron Hands\n|-resisted|p2b: Iron Hands\n|-damage|p2b: Iron Hands|74\/100\n|-enditem|p2b: Iron Hands|Assault Vest|[from] move: Knock Off|[of] p1b: Roaring Moon\n|move|p2a: Chi-Yu|Heat Wave|p1a: Orthworm|[spread] p1b\n|-activate|p1a: Orthworm|move: Protect\n|-resisted|p1b: Roaring Moon\n|-damage|p1b: Roaring Moon|42\/100\n|move|p2b: Iron Hands|Drain Punch|p1b: Roaring Moon\n|-supereffective|p1b: Roaring Moon\n|-damage|p1b: Roaring Moon|0 fnt\n|-heal|p2b: Iron Hands|89\/100|[from] drain|[of] p1b: Roaring Moon\n|faint|p1b: Roaring Moon\n|-end|p1b: Roaring Moon|Protosynthesis|[silent]\n|\n|-weather|none\n|-heal|p1a: Orthworm|52\/100|[from] item: Leftovers\n|upkeep\n|\n|t:|1700286024\n|switch|p1b: Walking Wake|Walking Wake, tera:Fairy|100\/100\n|turn|9\n|\n|t:|1700286032\n|move|p2a: Chi-Yu|Heat Wave|p1b: Walking Wake|[spread] p1a,p1b\n|-supereffective|p1a: Orthworm\n|-damage|p1a: Orthworm|0 fnt\n|-damage|p1b: Walking Wake|41\/100\n|faint|p1a: Orthworm\n|move|p1b: Walking Wake|Hydro Steam|p2a: Chi-Yu\n|-supereffective|p2a: Chi-Yu\n|-damage|p2a: Chi-Yu|0 fnt\n|faint|p2a: Chi-Yu\n|move|p2b: Iron Hands|Heavy Slam|p1b: Walking Wake\n|-supereffective|p1b: Walking Wake\n|-damage|p1b: Walking Wake|5\/100\n|\n|upkeep\n|\n|t:|1700286043\n|switch|p2a: Iron Bundle|Iron Bundle|1\/100\n|switch|p1a: Flutter Mane|Flutter Mane|100\/100\n|turn|10\n|c|\u2606GrubInTub|gg\n|\n|t:|1700286063\n|move|p2a: Iron Bundle|Protect|p2a: Iron Bundle\n|-singleturn|p2a: Iron Bundle|Protect\n|move|p1a: Flutter Mane|Dazzling Gleam|p2b: Iron Hands|[spread] p2b\n|-activate|p2a: Iron Bundle|move: Protect\n|-supereffective|p2b: Iron Hands\n|-damage|p2b: Iron Hands|33\/100\n|move|p1b: Walking Wake|Hydro Steam|p2b: Iron Hands\n|-damage|p2b: Iron Hands|0 fnt\n|faint|p2b: Iron Hands\n|-end|p2b: Iron Hands|Quark Drive|[silent]\n|\n|upkeep\n|turn|11\n|c|\u2606GrubInTub|why protect????????\n|\n|t:|1700286085\n|move|p2a: Iron Bundle|Icy Wind|p1b: Walking Wake|[spread] p1a,p1b\n|-damage|p1a: Flutter Mane|79\/100\n|-damage|p1b: Walking Wake|0 fnt\n|-unboost|p1a: Flutter Mane|spe|1\n|faint|p1b: Walking Wake\n|-end|p1b: Walking Wake|Protosynthesis|[silent]\n|move|p1a: Flutter Mane|Mystical Fire|p2a: Iron Bundle\n|-crit|p2a: Iron Bundle\n|-damage|p2a: Iron Bundle|0 fnt\n|faint|p2a: Iron Bundle\n|-end|p2a: Iron Bundle|Quark Drive|[silent]\n|\n|win|GrubInTub\n|raw|GrubInTub's rating: 1527 &rarr; <strong>1547<\/strong><br \/>(+20 for winning)\n|raw|PoliteGhost's rating: 1530 &rarr; <strong>1510<\/strong><br \/>(-20 for losing)\n|c|\u2606GrubInTub|crit matered\n|l|\u2606GrubInTub\n","uploadtime":1700286146,"views":5,"p1id":"grubintub","p2id":"politeghost","formatid":"gen9doublesou","rating":1510,"private":0,"password":""}