{"id":"gen9doublesou-1995083740","p1":"Pipiundkaka","p2":"propaganda0-0","format":"[Gen 9] Doubles OU","log":"|j|\u2606Pipiundkaka\n|j|\u2606propaganda0-0\n|t:|1700520743\n|gametype|doubles\n|player|p1|Pipiundkaka|buck|1015\n|player|p2|propaganda0-0|cyclist-gen4|1075\n|teamsize|p1|6\n|teamsize|p2|6\n|gen|9\n|tier|[Gen 9] Doubles OU\n|rated|\n|rule|Species Clause: Limit one of each Pok\u00e9mon\n|rule|OHKO Clause: OHKO moves are banned\n|rule|Evasion Moves Clause: Evasion moves are banned\n|rule|Gravity Sleep Clause: The combination of sleep-inducing moves with imperfect accuracy and Gravity or Gigantamax Orbeetle are banned\n|rule|Endless Battle Clause: Forcing endless battles is banned\n|rule|HP Percentage Mod: HP is shown in percentages\n|clearpoke\n|poke|p1|Oricorio-Pom-Pom, F|\n|poke|p1|Quaquaval, F|\n|poke|p1|Florges-White, F|\n|poke|p1|Volcarona, M|\n|poke|p1|Lilligant-Hisui, F|\n|poke|p1|Flamigo, M|\n|poke|p2|Oricorio-Pom-Pom, M|\n|poke|p2|Kommo-o, M|\n|poke|p2|Iron Moth|\n|poke|p2|Ribombee, F|\n|poke|p2|Volcarona, M|\n|poke|p2|Dragonite, F|\n|teampreview\n|inactive|Battle timer is ON: inactive players will automatically lose when time's up. (requested by Pipiundkaka)\n|c|\u2606Pipiundkaka|We had the same idea\n|inactive|Pipiundkaka has 120 seconds left.\n|c|\u2606propaganda0-0|yep, good luck\n|c|\u2606Pipiundkaka|lol\n|c|\u2606Pipiundkaka|good luck bud\n|inactive|Pipiundkaka has 90 seconds left.\n|\n|t:|1700520821\n|start\n|switch|p1a: Oricorio|Oricorio-Pom-Pom, F, shiny|100\/100\n|switch|p1b: Volcarona|Volcarona, M, shiny|100\/100\n|switch|p2a: Oricorio|Oricorio-Pom-Pom, M, shiny|100\/100\n|switch|p2b: Ribombee|Ribombee, F|100\/100\n|turn|1\n|inactive|Pipiundkaka has 120 seconds left.\n|\n|t:|1700520860\n|move|p1a: Oricorio|Protect|p1a: Oricorio\n|-singleturn|p1a: Oricorio|Protect\n|move|p2b: Ribombee|Quiver Dance|p2b: Ribombee\n|-boost|p2b: Ribombee|spa|1\n|-boost|p2b: Ribombee|spd|1\n|-boost|p2b: Ribombee|spe|1\n|-activate|p2a: Oricorio|ability: Dancer\n|move|p2a: Oricorio|Quiver Dance|p2a: Oricorio|[from]ability: Dancer\n|-boost|p2a: Oricorio|spa|1\n|-boost|p2a: Oricorio|spd|1\n|-boost|p2a: Oricorio|spe|1\n|-activate|p1a: Oricorio|ability: Dancer\n|move|p1a: Oricorio|Quiver Dance|p1a: Oricorio|[from]ability: Dancer\n|-boost|p1a: Oricorio|spa|1\n|-boost|p1a: Oricorio|spd|1\n|-boost|p1a: Oricorio|spe|1\n|move|p2a: Oricorio|Quiver Dance|p2a: Oricorio\n|-boost|p2a: Oricorio|spa|1\n|-boost|p2a: Oricorio|spd|1\n|-boost|p2a: Oricorio|spe|1\n|-activate|p1a: Oricorio|ability: Dancer\n|move|p1a: Oricorio|Quiver Dance|p1a: Oricorio|[from]ability: Dancer\n|-boost|p1a: Oricorio|spa|1\n|-boost|p1a: Oricorio|spd|1\n|-boost|p1a: Oricorio|spe|1\n|move|p1b: Volcarona|Quiver Dance|p1b: Volcarona\n|-boost|p1b: Volcarona|spa|1\n|-boost|p1b: Volcarona|spd|1\n|-boost|p1b: Volcarona|spe|1\n|-activate|p2a: Oricorio|ability: Dancer\n|move|p2a: Oricorio|Quiver Dance|p2a: Oricorio|[from]ability: Dancer\n|-boost|p2a: Oricorio|spa|1\n|-boost|p2a: Oricorio|spd|1\n|-boost|p2a: Oricorio|spe|1\n|-activate|p1a: Oricorio|ability: Dancer\n|move|p1a: Oricorio|Quiver Dance|p1a: Oricorio|[from]ability: Dancer\n|-boost|p1a: Oricorio|spa|1\n|-boost|p1a: Oricorio|spd|1\n|-boost|p1a: Oricorio|spe|1\n|\n|upkeep\n|turn|2\n|c|\u2606propaganda0-0|i must sacrifice the bee\n|inactive|Pipiundkaka has 120 seconds left.\n|c|\u2606Pipiundkaka|This thing is going to be banned ahahaahah\n|c|\u2606Pipiundkaka|i give it 1 month\n|inactive|propaganda0-0 has 120 seconds left.\n|c|\u2606Pipiundkaka|nothing more\n|inactive|Pipiundkaka has 90 seconds left.\n|\n|t:|1700520923\n|move|p1a: Oricorio|Protect||[still]\n|-fail|p1a: Oricorio\n|move|p2b: Ribombee|Skill Swap|p2a: Oricorio\n|-activate|p2b: Ribombee|move: Skill Swap|||[of] p2a: Oricorio\n|move|p2a: Oricorio|Baton Pass|p2a: Oricorio\n|c|\u2606propaganda0-0|agreed, i started one shotting 7 stars with it too lol\n|\n|t:|1700520938\n|switch|p2a: Kommo-o|Kommo-o, M|100\/100|[from] Baton Pass\n|move|p1b: Volcarona|Fiery Dance|p2b: Ribombee\n|-supereffective|p2b: Ribombee\n|-damage|p2b: Ribombee|0 fnt\n|-boost|p1b: Volcarona|spa|1\n|faint|p2b: Ribombee\n|-activate|p1a: Oricorio|ability: Dancer\n|move|p1a: Oricorio|Fiery Dance|p2a: Kommo-o|[from]ability: Dancer\n|-resisted|p2a: Kommo-o\n|-damage|p2a: Kommo-o|91\/100\n|-boost|p1a: Oricorio|spa|1\n|\n|upkeep\n|inactive|propaganda0-0 has 90 seconds left.\n|\n|t:|1700520954\n|switch|p2b: Oricorio|Oricorio-Pom-Pom, M, shiny|100\/100\n|turn|3\n|inactive|Pipiundkaka has 90 seconds left.\n|c|\u2606propaganda0-0|clangorous soul is a dance move btw\n|\n|t:|1700521002\n|move|p1b: Volcarona|Rage Powder|p1b: Volcarona\n|-singleturn|p1b: Volcarona|move: Rage Powder\n|move|p1a: Oricorio|Baton Pass|p1a: Oricorio\n|\n|t:|1700521007\n|switch|p1a: Florges|Florges-White, F, shiny|100\/100|[from] Baton Pass\n|move|p2a: Kommo-o|Clangorous Soul|p2a: Kommo-o\n|-boost|p2a: Kommo-o|atk|1\n|-boost|p2a: Kommo-o|def|1\n|-boost|p2a: Kommo-o|spa|1\n|-boost|p2a: Kommo-o|spd|1\n|-boost|p2a: Kommo-o|spe|1\n|-damage|p2a: Kommo-o|58\/100\n|-activate|p2b: Oricorio|ability: Dancer\n|move|p2b: Oricorio|Clangorous Soul|p2b: Oricorio|[from]ability: Dancer\n|-boost|p2b: Oricorio|atk|1\n|-boost|p2b: Oricorio|def|1\n|-boost|p2b: Oricorio|spa|1\n|-boost|p2b: Oricorio|spd|1\n|-boost|p2b: Oricorio|spe|1\n|-damage|p2b: Oricorio|68\/100\n|move|p2b: Oricorio|Tailwind|p2b: Oricorio\n|-sidestart|p2: propaganda0-0|move: Tailwind\n|\n|upkeep\n|turn|4\n|inactive|Pipiundkaka has 90 seconds left.\n|inactive|propaganda0-0 has 120 seconds left.\n|inactive|Pipiundkaka has 60 seconds left.\n|\n|t:|1700521058\n|-terastallize|p2a: Kommo-o|Steel\n|-terastallize|p1b: Volcarona|Flying\n|move|p1a: Florges|Protect|p1a: Florges\n|-singleturn|p1a: Florges|Protect\n|move|p2a: Kommo-o|Brick Break|p1a: Florges\n|-activate|p1a: Florges|move: Protect\n|move|p2b: Oricorio|Baton Pass|p2b: Oricorio\n|\n|t:|1700521066\n|switch|p2b: Dragonite|Dragonite, F|100\/100|[from] Baton Pass\n|move|p1b: Volcarona|Giga Drain|p2a: Kommo-o\n|-resisted|p2a: Kommo-o\n|-damage|p2a: Kommo-o|46\/100\n|\n|upkeep\n|turn|5\n|c|\u2606Pipiundkaka|U did it better bro\n|c|\u2606Pipiundkaka|congraulation\n|inactive|Pipiundkaka has 60 seconds left.\n|c|\u2606propaganda0-0|yours is good too!\n|\n|t:|1700521111\n|move|p1b: Volcarona|Rage Powder|p1b: Volcarona\n|-singleturn|p1b: Volcarona|move: Rage Powder\n|move|p2a: Kommo-o|Brick Break|p1b: Volcarona\n|-resisted|p1b: Volcarona\n|-damage|p1b: Volcarona|52\/100\n|-damage|p2a: Kommo-o|36\/100|[from] item: Life Orb\n|move|p2b: Dragonite|Ice Punch|p1b: Volcarona\n|-supereffective|p1b: Volcarona\n|-damage|p1b: Volcarona|0 fnt\n|faint|p1b: Volcarona\n|move|p1a: Florges|Moonblast|p2b: Dragonite\n|-supereffective|p2b: Dragonite\n|-damage|p2b: Dragonite|0 fnt\n|faint|p2b: Dragonite\n|\n|upkeep\n|inactive|Pipiundkaka has 60 seconds left.\n|\n|t:|1700521128\n|switch|p1b: Oricorio|Oricorio-Pom-Pom, F, shiny|100\/100\n|switch|p2b: Iron Moth|Iron Moth|100\/100\n|-enditem|p2b: Iron Moth|Booster Energy\n|-activate|p2b: Iron Moth|ability: Quark Drive|[fromitem]\n|-start|p2b: Iron Moth|quarkdrivespa\n|turn|6\n|inactive|propaganda0-0 has 120 seconds left.\n|inactive|Pipiundkaka has 60 seconds left.\n|\n|t:|1700521168\n|move|p1a: Florges|Protect|p1a: Florges\n|-singleturn|p1a: Florges|Protect\n|move|p2a: Kommo-o|Ice Punch|p1b: Oricorio\n|-supereffective|p1b: Oricorio\n|-damage|p1b: Oricorio|0 fnt\n|faint|p1b: Oricorio\n|-damage|p2a: Kommo-o|26\/100|[from] item: Life Orb\n|move|p2b: Iron Moth|Fiery Dance|p1a: Florges\n|-activate|p1a: Florges|move: Protect\n|\n|-sideend|p2: propaganda0-0|move: Tailwind\n|upkeep\n|\n|t:|1700521186\n|switch|p1b: Lilligant|Lilligant-Hisui, F, shiny|100\/100\n|turn|7\n|\n|t:|1700521213\n|move|p2a: Kommo-o|Ice Punch|p1b: Lilligant\n|-supereffective|p1b: Lilligant\n|-enditem|p1b: Lilligant|Focus Sash\n|-damage|p1b: Lilligant|1\/100\n|-damage|p2a: Kommo-o|16\/100|[from] item: Life Orb\n|move|p1a: Florges|Petal Dance|p2b: Iron Moth\n|-resisted|p2b: Iron Moth\n|-damage|p2b: Iron Moth|78\/100\n|move|p2b: Iron Moth|Sludge Wave|p1b: Lilligant|[spread] p1a,p1b\n|-immune|p2a: Kommo-o\n|-supereffective|p1a: Florges\n|-supereffective|p1b: Lilligant\n|-damage|p1a: Florges|77\/100\n|-damage|p1b: Lilligant|0 fnt\n|faint|p1b: Lilligant\n|\n|-heal|p1a: Florges|83\/100|[from] item: Leftovers\n|upkeep\n|inactive|Pipiundkaka has 30 seconds left.\n|\n|t:|1700521228\n|switch|p1b: Quaquaval|Quaquaval, F, shiny|100\/100\n|turn|8\n|\n|t:|1700521243\n|move|p2a: Kommo-o|Dragon Claw|p1b: Quaquaval\n|-enditem|p1b: Quaquaval|Focus Sash\n|-damage|p1b: Quaquaval|1\/100\n|-damage|p2a: Kommo-o|6\/100|[from] item: Life Orb\n|move|p1a: Florges|Petal Dance|p2a: Kommo-o|[from]lockedmove\n|-resisted|p2a: Kommo-o\n|-damage|p2a: Kommo-o|0 fnt\n|faint|p2a: Kommo-o\n|-start|p1a: Florges|confusion|[fatigue]\n|move|p2b: Iron Moth|Energy Ball|p1b: Quaquaval\n|-supereffective|p1b: Quaquaval\n|-damage|p1b: Quaquaval|0 fnt\n|faint|p1b: Quaquaval\n|\n|-heal|p1a: Florges|89\/100|[from] item: Leftovers\n|upkeep\n|inactive|Pipiundkaka has 60 seconds left.\n|\n|t:|1700521262\n|switch|p2a: Oricorio|Oricorio-Pom-Pom, M, shiny|68\/100\n|switch|p1b: Flamigo|Flamigo, M|100\/100\n|-copyboost|p1b: Flamigo|p1a: Florges|[from] ability: Costar\n|turn|9\n|inactive|Pipiundkaka has 60 seconds left.\n|\n|t:|1700521285\n|move|p1b: Flamigo|Taunt|p2a: Oricorio\n|-start|p2a: Oricorio|move: Taunt\n|-activate|p1a: Florges|confusion\n|move|p1a: Florges|Wish|p1a: Florges\n|move|p2b: Iron Moth|Fiery Dance|p1a: Florges\n|-damage|p1a: Florges|77\/100\n|-boost|p2b: Iron Moth|spa|1\n|-activate|p2a: Oricorio|ability: Dancer\n|move|p2a: Oricorio|Fiery Dance|p1a: Florges|[from]ability: Dancer\n|-damage|p1a: Florges|70\/100\n|-damage|p2a: Oricorio|58\/100|[from] item: Life Orb\n|move|p2a: Oricorio|Revelation Dance|p1b: Flamigo\n|-supereffective|p1b: Flamigo\n|-damage|p1b: Flamigo|43\/100\n|-damage|p2a: Oricorio|48\/100|[from] item: Life Orb\n|\n|-heal|p1a: Florges|76\/100|[from] item: Leftovers\n|upkeep\n|turn|10\n|inactive|Pipiundkaka has 60 seconds left.\n|\n|t:|1700521327\n|move|p1b: Flamigo|Close Combat|p2b: Iron Moth\n|-resisted|p2b: Iron Moth\n|-damage|p2b: Iron Moth|26\/100\n|-unboost|p1b: Flamigo|def|1\n|-unboost|p1b: Flamigo|spd|1\n|-end|p1a: Florges|confusion\n|move|p1a: Florges|Moonblast|p2a: Oricorio\n|-damage|p2a: Oricorio|0 fnt\n|faint|p2a: Oricorio\n|move|p2b: Iron Moth|Sludge Wave|p1a: Florges|[spread] p1a,p1b\n|-supereffective|p1a: Florges\n|-damage|p1a: Florges|45\/100\n|-damage|p1b: Flamigo|0 fnt\n|faint|p1b: Flamigo\n|\n|-heal|p1a: Florges|94\/100|[from] move: Wish|[wisher] Florges\n|-heal|p1a: Florges|100\/100|[from] item: Leftovers\n|upkeep\n|inactive|propaganda0-0 has 120 seconds left.\n|\n|t:|1700521343\n|switch|p2a: Volcarona|Volcarona, M|100\/100\n|turn|11\n|\n|t:|1700521352\n|move|p1a: Florges|Moonblast|p2a: Volcarona\n|-resisted|p2a: Volcarona\n|-damage|p2a: Volcarona|41\/100\n|move|p2b: Iron Moth|Fiery Dance|p1a: Florges\n|-damage|p1a: Florges|83\/100\n|-boost|p2b: Iron Moth|spa|1\n|move|p2a: Volcarona|Fiery Dance|p1a: Florges\n|-damage|p1a: Florges|68\/100\n|-boost|p2a: Volcarona|spa|1\n|-damage|p2a: Volcarona|31\/100|[from] item: Life Orb\n|\n|-heal|p1a: Florges|74\/100|[from] item: Leftovers\n|upkeep\n|turn|12\n|inactive|Pipiundkaka has 60 seconds left.\n|c|\u2606Pipiundkaka|U had bad luck that I saved my special tank last\n|c|\u2606Pipiundkaka|U would have won if I hadn\u2019t\n|c|\u2606Pipiundkaka|that\u2019s I gg\n|inactive|Pipiundkaka has 30 seconds left.\n|\n|t:|1700521417\n|move|p1a: Florges|Moonblast|p2a: Volcarona\n|-resisted|p2a: Volcarona\n|-damage|p2a: Volcarona|0 fnt\n|faint|p2a: Volcarona\n|move|p2b: Iron Moth|Fiery Dance|p1a: Florges\n|-damage|p1a: Florges|49\/100\n|-boost|p2b: Iron Moth|spa|1\n|\n|-heal|p1a: Florges|55\/100|[from] item: Leftovers\n|upkeep\n|turn|13\n|c|\u2606Pipiundkaka|A\n|c|\u2606Pipiundkaka|i meant\n|\n|t:|1700521432\n|move|p1a: Florges|Wish|p1a: Florges\n|move|p2b: Iron Moth|Fiery Dance|p1a: Florges\n|-damage|p1a: Florges|23\/100\n|\n|-heal|p1a: Florges|29\/100|[from] item: Leftovers\n|upkeep\n|turn|14\n|\n|t:|1700521443\n|move|p1a: Florges|Protect|p1a: Florges\n|-singleturn|p1a: Florges|Protect\n|move|p2b: Iron Moth|Fiery Dance|p1a: Florges\n|-activate|p1a: Florges|move: Protect\n|\n|-heal|p1a: Florges|79\/100|[from] move: Wish|[wisher] Florges\n|-heal|p1a: Florges|85\/100|[from] item: Leftovers\n|upkeep\n|turn|15\n|\n|t:|1700521454\n|move|p1a: Florges|Moonblast|p2b: Iron Moth\n|-resisted|p2b: Iron Moth\n|-damage|p2b: Iron Moth|0 fnt\n|faint|p2b: Iron Moth\n|-end|p2b: Iron Moth|Quark Drive|[silent]\n|\n|win|Pipiundkaka\n|raw|Pipiundkaka's rating: 1015 &rarr; <strong>1059<\/strong><br \/>(+44 for winning)\n|raw|propaganda0-0's rating: 1075 &rarr; <strong>1050<\/strong><br \/>(-25 for losing)\n|c|\u2606propaganda0-0|gg\n|l|\u2606propaganda0-0\n|c|\u2606Pipiundkaka|Gg bud!\n","uploadtime":1700521464,"views":11,"p1id":"pipiundkaka","p2id":"propaganda00","formatid":"gen9doublesou","rating":1050,"private":0,"password":""}