{"id":"gen9doublesou-1992597260","p1":"Elliotus","p2":"Gk 730","format":"[Gen 9] Doubles OU","log":"|j|\u2606Elliotus\n|j|\u2606Gk 730\n|t:|1700212190\n|gametype|doubles\n|player|p1|Elliotus|nate|1193\n|player|p2|Gk 730|cynthia-gen4|1136\n|teamsize|p1|6\n|teamsize|p2|6\n|gen|9\n|tier|[Gen 9] Doubles OU\n|rated|\n|rule|Species Clause: Limit one of each Pok\u00e9mon\n|rule|OHKO Clause: OHKO moves are banned\n|rule|Evasion Moves Clause: Evasion moves are banned\n|rule|Gravity Sleep Clause: The combination of sleep-inducing moves with imperfect accuracy and Gravity or Gigantamax Orbeetle are banned\n|rule|Endless Battle Clause: Forcing endless battles is banned\n|rule|HP Percentage Mod: HP is shown in percentages\n|clearpoke\n|poke|p1|Gallade, M|\n|poke|p1|Amoonguss, M|\n|poke|p1|Volcanion|\n|poke|p1|Gholdengo|\n|poke|p1|Oranguru, M|\n|poke|p1|Ursaluna, M|\n|poke|p2|Kleavor, M|\n|poke|p2|Dipplin, F|\n|poke|p2|Iron Bundle|\n|poke|p2|Chi-Yu|\n|poke|p2|Ninetales-Alola, M|\n|poke|p2|Iron Hands|\n|teampreview\n|inactive|Battle timer is ON: inactive players will automatically lose when time's up. (requested by Elliotus)\n|inactive|Gk 730 also wants the timer to be on.\n|\n|t:|1700212202\n|start\n|switch|p1a: Oranguru|Oranguru, M|100\/100\n|switch|p1b: Ursaluna|Ursaluna, M, shiny|100\/100\n|switch|p2a: Kleavor|Kleavor, M|100\/100\n|switch|p2b: Ninetales|Ninetales-Alola, M|100\/100\n|-weather|Snow|[from] ability: Snow Warning|[of] p2b: Ninetales\n|turn|1\n|\n|t:|1700212219\n|move|p2a: Kleavor|Stone Axe|p1a: Oranguru|[miss]\n|-miss|p2a: Kleavor|p1a: Oranguru\n|move|p2b: Ninetales|Aurora Veil|p2b: Ninetales\n|-sidestart|p2: Gk 730|move: Aurora Veil\n|move|p1b: Ursaluna|Swords Dance|p1b: Ursaluna\n|-boost|p1b: Ursaluna|atk|2\n|move|p1a: Oranguru|Trick Room|p1a: Oranguru\n|-fieldstart|move: Trick Room|[of] p1a: Oranguru\n|\n|-weather|Snow|[upkeep]\n|-status|p1b: Ursaluna|brn|[from] item: Flame Orb\n|upkeep\n|turn|2\n|\n|t:|1700212235\n|move|p1b: Ursaluna|Facade|p2a: Kleavor\n|-resisted|p2a: Kleavor\n|-damage|p2a: Kleavor|0 fnt\n|faint|p2a: Kleavor\n|move|p1a: Oranguru|Instruct|p1b: Ursaluna\n|-singleturn|p1b: Ursaluna|move: Instruct|[of] p1a: Oranguru\n|move|p1b: Ursaluna|Facade|p2b: Ninetales\n|-damage|p2b: Ninetales|0 fnt\n|faint|p2b: Ninetales\n|\n|-weather|Snow|[upkeep]\n|-damage|p1b: Ursaluna|94\/100 brn|[from] brn\n|upkeep\n|\n|t:|1700212254\n|switch|p2a: Iron Bundle|Iron Bundle|100\/100\n|switch|p2b: Iron Hands|Iron Hands|100\/100\n|-enditem|p2a: Iron Bundle|Booster Energy\n|-activate|p2a: Iron Bundle|ability: Quark Drive|[fromitem]\n|-start|p2a: Iron Bundle|quarkdrivespe\n|turn|3\n|\n|t:|1700212282\n|move|p2b: Iron Hands|Fake Out|p1b: Ursaluna\n|-damage|p1b: Ursaluna|82\/100 brn\n|cant|p1b: Ursaluna|flinch\n|move|p1a: Oranguru|Instruct|p1b: Ursaluna\n|-singleturn|p1b: Ursaluna|move: Instruct|[of] p1a: Oranguru\n|cant|p1b: Ursaluna|flinch\n|move|p2a: Iron Bundle|Hydro Pump|p1b: Ursaluna\n|-supereffective|p1b: Ursaluna\n|-damage|p1b: Ursaluna|0 fnt\n|faint|p1b: Ursaluna\n|\n|-weather|Snow|[upkeep]\n|upkeep\n|inactive|Elliotus has 120 seconds left.\n|l|\u2606Elliotus\n|inactive|Elliotus disconnected and has a minute to reconnect!\n|player|p1|\n|inactive|Elliotus has 30 seconds to reconnect!\n|j|\u2606Elliotus\n|inactive|Elliotus reconnected and has 70 seconds left.\n|player|p1|Elliotus|nate\n|\n|t:|1700212349\n|switch|p1b: Volcanion|Volcanion|100\/100\n|turn|4\n|\n|t:|1700212369\n|move|p2b: Iron Hands|Heavy Slam|p1a: Oranguru\n|-damage|p1a: Oranguru|49\/100\n|move|p1a: Oranguru|Instruct||[still]\n|-fail|p1a: Oranguru\n|move|p1b: Volcanion|Earth Power|p2b: Iron Hands\n|-supereffective|p2b: Iron Hands\n|-damage|p2b: Iron Hands|73\/100\n|move|p2a: Iron Bundle|Freeze-Dry|p1b: Volcanion\n|-damage|p1b: Volcanion|76\/100\n|-status|p1b: Volcanion|frz\n|\n|-weather|Snow|[upkeep]\n|-heal|p1a: Oranguru|55\/100|[from] item: Leftovers\n|upkeep\n|turn|5\n|inactive|Elliotus has 90 seconds left.\n|\n|t:|1700212393\n|move|p2b: Iron Hands|Drain Punch|p1a: Oranguru\n|-damage|p1a: Oranguru|6\/100\n|-heal|p2b: Iron Hands|91\/100|[from] drain|[of] p1a: Oranguru\n|move|p1a: Oranguru|Psychic|p2b: Iron Hands\n|-supereffective|p2b: Iron Hands\n|-damage|p2b: Iron Hands|68\/100\n|cant|p1b: Volcanion|frz\n|move|p2a: Iron Bundle|Icy Wind|p1b: Volcanion|[spread] p1a,p1b\n|-resisted|p1b: Volcanion\n|-damage|p1a: Oranguru|0 fnt\n|-damage|p1b: Volcanion|73\/100 frz\n|-unboost|p1b: Volcanion|spe|1\n|faint|p1a: Oranguru\n|\n|-weather|none\n|-fieldend|move: Trick Room\n|upkeep\n|-message|Elliotus forfeited.\n|\n|win|Gk 730\n|raw|Elliotus's rating: 1193 &rarr; <strong>1164<\/strong><br \/>(-29 for losing)\n|raw|Gk 730's rating: 1136 &rarr; <strong>1165<\/strong><br \/>(+29 for winning)\n|l|\u2606Elliotus\n","uploadtime":1700212410,"views":11,"p1id":"elliotus","p2id":"gk730","formatid":"gen9doublesou","rating":1164,"private":0,"password":""}