{"id":"gen9doublesou-1999238471","p1":"RenderStarz","p2":"SSJayDK","format":"[Gen 9] Doubles OU","log":"|j|\u2606RenderStarz\n|j|\u2606SSJayDK\n|t:|1701049300\n|gametype|doubles\n|player|p1|RenderStarz|winona|1110\n|player|p2|SSJayDK|psychic|1157\n|teamsize|p1|6\n|teamsize|p2|6\n|gen|9\n|tier|[Gen 9] Doubles OU\n|rated|\n|rule|Species Clause: Limit one of each Pok\u00e9mon\n|rule|OHKO Clause: OHKO moves are banned\n|rule|Evasion Moves Clause: Evasion moves are banned\n|rule|Gravity Sleep Clause: The combination of sleep-inducing moves with imperfect accuracy and Gravity or Gigantamax Orbeetle are banned\n|rule|Endless Battle Clause: Forcing endless battles is banned\n|rule|HP Percentage Mod: HP is shown in percentages\n|clearpoke\n|poke|p1|Walking Wake|\n|poke|p1|Torkoal, F|\n|poke|p1|Victreebel, M|\n|poke|p1|Great Tusk|\n|poke|p1|Kingambit, M|\n|poke|p1|Baxcalibur, F|\n|poke|p2|Ogerpon-Wellspring, F|\n|poke|p2|Gholdengo|\n|poke|p2|Arcanine-Hisui, F|\n|poke|p2|Flutter Mane|\n|poke|p2|Clefairy, M|\n|poke|p2|Tornadus, M|\n|teampreview\n|\n|t:|1701049315\n|start\n|switch|p1a: Steamy|Torkoal, F|100\/100\n|switch|p1b: Holy Grail|Victreebel, M|100\/100\n|switch|p2a: Arcanine|Arcanine-Hisui, F, shiny|100\/100\n|switch|p2b: Tornadus|Tornadus, M, shiny|100\/100\n|-ability|p2a: Arcanine|Intimidate|boost\n|-unboost|p1a: Steamy|atk|1\n|-unboost|p1b: Holy Grail|atk|1\n|-weather|SunnyDay|[from] ability: Drought|[of] p1a: Steamy\n|turn|1\n|\n|t:|1701049358\n|switch|p1b: Rawr :3|Walking Wake|100\/100\n|-activate|p1b: Rawr :3|ability: Protosynthesis\n|-start|p1b: Rawr :3|protosynthesisspe\n|move|p1a: Steamy|Protect|p1a: Steamy\n|-singleturn|p1a: Steamy|Protect\n|move|p2b: Tornadus|Tailwind|p2b: Tornadus\n|-sidestart|p2: SSJayDK|move: Tailwind\n|move|p2a: Arcanine|Rock Slide|p1b: Rawr :3|[spread] p1b\n|-activate|p1a: Steamy|move: Protect\n|-damage|p1b: Rawr :3|73\/100\n|\n|-weather|SunnyDay|[upkeep]\n|upkeep\n|turn|2\n|\n|t:|1701049417\n|switch|p2a: Ogerpon|Ogerpon-Wellspring, F|100\/100\n|move|p2b: Tornadus|Protect|p2b: Tornadus\n|-singleturn|p2b: Tornadus|Protect\n|move|p1b: Rawr :3|Hydro Steam|p2b: Tornadus\n|-activate|p2b: Tornadus|move: Protect\n|move|p1a: Steamy|Stealth Rock|p2a: Ogerpon\n|-sidestart|p2: SSJayDK|move: Stealth Rock\n|\n|-weather|SunnyDay|[upkeep]\n|upkeep\n|turn|3\n|\n|t:|1701049448\n|switch|p1a: Holy Grail|Victreebel, M|100\/100\n|move|p2b: Tornadus|Bleakwind Storm|p1a: Holy Grail|[spread] p1a,p1b\n|-supereffective|p1a: Holy Grail\n|-damage|p1a: Holy Grail|0 fnt\n|-damage|p1b: Rawr :3|37\/100\n|faint|p1a: Holy Grail\n|move|p2a: Ogerpon|Horn Leech|p1b: Rawr :3\n|-damage|p1b: Rawr :3|0 fnt\n|faint|p1b: Rawr :3\n|-end|p1b: Rawr :3|Protosynthesis|[silent]\n|\n|-weather|SunnyDay|[upkeep]\n|upkeep\n|\n|t:|1701049463\n|switch|p1b: Braxty|Baxcalibur, F|100\/100\n|switch|p1a: Primordial Fella|Great Tusk|100\/100\n|-activate|p1a: Primordial Fella|ability: Protosynthesis\n|-start|p1a: Primordial Fella|protosynthesisdef\n|turn|4\n|\n|t:|1701049493\n|switch|p2b: Clefairy|Clefairy, M, shiny|100\/100\n|-damage|p2b: Clefairy|88\/100|[from] Stealth Rock\n|move|p2a: Ogerpon|Spiky Shield|p2a: Ogerpon\n|-singleturn|p2a: Ogerpon|move: Protect\n|move|p1b: Braxty|Icicle Spear|p2b: Clefairy\n|-damage|p2b: Clefairy|70\/100\n|-damage|p2b: Clefairy|53\/100\n|-damage|p2b: Clefairy|33\/100\n|-damage|p2b: Clefairy|14\/100\n|-damage|p2b: Clefairy|0 fnt\n|faint|p2b: Clefairy\n|-hitcount|p2: Clefairy|5\n|move|p1a: Primordial Fella|Ice Spinner|p2a: Ogerpon\n|-activate|p2a: Ogerpon|move: Protect\n|-damage|p1a: Primordial Fella|88\/100|[from] Spiky Shield|[of] p2a: Ogerpon\n|\n|-weather|SunnyDay|[upkeep]\n|-heal|p1a: Primordial Fella|94\/100|[from] item: Leftovers\n|-sideend|p2: SSJayDK|move: Tailwind\n|upkeep\n|\n|t:|1701049520\n|switch|p2b: Gholdengo|Gholdengo, shiny|100\/100\n|-damage|p2b: Gholdengo|94\/100|[from] Stealth Rock\n|turn|5\n|\n|t:|1701049543\n|move|p2b: Gholdengo|Make It Rain|p1a: Primordial Fella|[spread] p1a,p1b\n|-supereffective|p1b: Braxty\n|-damage|p1a: Primordial Fella|27\/100\n|-damage|p1b: Braxty|0 fnt\n|-unboost|p2b: Gholdengo|spa|1\n|faint|p1b: Braxty\n|move|p2a: Ogerpon|Ivy Cudgel|p1a: Primordial Fella|[anim] Ivy Cudgel Water\n|-supereffective|p1a: Primordial Fella\n|-damage|p1a: Primordial Fella|6\/100\n|move|p1a: Primordial Fella|Headlong Rush|p2b: Gholdengo\n|-supereffective|p2b: Gholdengo\n|-damage|p2b: Gholdengo|0 fnt\n|-unboost|p1a: Primordial Fella|def|1\n|-unboost|p1a: Primordial Fella|spd|1\n|faint|p2b: Gholdengo\n|\n|-weather|SunnyDay|[upkeep]\n|-heal|p1a: Primordial Fella|12\/100|[from] item: Leftovers\n|upkeep\n|\n|t:|1701049561\n|switch|p2b: Arcanine|Arcanine-Hisui, F, shiny|100\/100\n|switch|p1b: Checkmate|Kingambit, M|100\/100\n|-damage|p2b: Arcanine|76\/100|[from] Stealth Rock\n|-ability|p2b: Arcanine|Intimidate|boost\n|-unboost|p1a: Primordial Fella|atk|1\n|-unboost|p1b: Checkmate|atk|1\n|-activate|p1b: Checkmate|ability: Supreme Overlord\n|-start|p1b: Checkmate|fallen3|[silent]\n|turn|6\n|\n|t:|1701049591\n|-terastallize|p1b: Checkmate|Dark\n|move|p2a: Ogerpon|Follow Me|p2a: Ogerpon\n|-singleturn|p2a: Ogerpon|move: Follow Me\n|move|p2b: Arcanine|Extreme Speed|p1a: Primordial Fella\n|-damage|p1a: Primordial Fella|0 fnt\n|faint|p1a: Primordial Fella\n|-end|p1a: Primordial Fella|Protosynthesis|[silent]\n|move|p1b: Checkmate|Swords Dance|p1b: Checkmate\n|-boost|p1b: Checkmate|atk|2\n|\n|-weather|SunnyDay|[upkeep]\n|upkeep\n|\n|t:|1701049601\n|switch|p1a: Steamy|Torkoal, F|100\/100\n|turn|7\n|\n|t:|1701049637\n|-terastallize|p2b: Arcanine|Fighting\n|move|p2a: Ogerpon|Ivy Cudgel|p1a: Steamy|[anim] Ivy Cudgel Water\n|-supereffective|p1a: Steamy\n|-damage|p1a: Steamy|67\/100\n|move|p2b: Arcanine|Close Combat|p1b: Checkmate\n|-supereffective|p1b: Checkmate\n|-damage|p1b: Checkmate|4\/100\n|-unboost|p2b: Arcanine|def|1\n|-unboost|p2b: Arcanine|spd|1\n|move|p1b: Checkmate|Kowtow Cleave|p2b: Arcanine\n|-resisted|p2b: Arcanine\n|-damage|p2b: Arcanine|0 fnt\n|faint|p2b: Arcanine\n|move|p1a: Steamy|Heat Wave|p2a: Ogerpon\n|-damage|p2a: Ogerpon|53\/100\n|\n|-weather|SunnyDay|[upkeep]\n|upkeep\n|\n|t:|1701049657\n|switch|p2b: Tornadus|Tornadus, M, shiny|100\/100\n|-damage|p2b: Tornadus|76\/100|[from] Stealth Rock\n|turn|8\n|\n|t:|1701049677\n|move|p2a: Ogerpon|Follow Me|p2a: Ogerpon\n|-singleturn|p2a: Ogerpon|move: Follow Me\n|move|p1b: Checkmate|Sucker Punch||[still]\n|-fail|p1b: Checkmate\n|move|p2b: Tornadus|Bleakwind Storm|p1a: Steamy|[spread] p1a\n|-miss|p2b: Tornadus|p1b: Checkmate\n|-damage|p1a: Steamy|20\/100\n|move|p1a: Steamy|Heat Wave|p2b: Tornadus|[spread] p2a,p2b\n|-damage|p2a: Ogerpon|13\/100\n|-damage|p2b: Tornadus|30\/100\n|\n|-weather|none\n|-heal|p2b: Tornadus|36\/100|[from] item: Leftovers\n|upkeep\n|turn|9\n|\n|t:|1701049702\n|move|p2a: Ogerpon|Spiky Shield|p2a: Ogerpon\n|-singleturn|p2a: Ogerpon|move: Protect\n|move|p2b: Tornadus|Bleakwind Storm|p1a: Steamy|[spread] p1a\n|-miss|p2b: Tornadus|p1b: Checkmate\n|-damage|p1a: Steamy|0 fnt\n|faint|p1a: Steamy\n|move|p1b: Checkmate|Kowtow Cleave|p2b: Tornadus\n|-damage|p2b: Tornadus|0 fnt\n|faint|p2b: Tornadus\n|\n|upkeep\n|\n|t:|1701049712\n|switch|p2b: Flutter Mane|Flutter Mane, shiny|100\/100\n|-damage|p2b: Flutter Mane|88\/100|[from] Stealth Rock\n|-enditem|p2b: Flutter Mane|Booster Energy\n|-activate|p2b: Flutter Mane|ability: Protosynthesis|[fromitem]\n|-start|p2b: Flutter Mane|protosynthesisspe\n|turn|10\n|\n|t:|1701049723\n|move|p1b: Checkmate|Sucker Punch|p2b: Flutter Mane\n|-damage|p2b: Flutter Mane|0 fnt\n|faint|p2b: Flutter Mane\n|-end|p2b: Flutter Mane|Protosynthesis|[silent]\n|move|p2a: Ogerpon|Ivy Cudgel|p1b: Checkmate|[anim] Ivy Cudgel Water\n|-damage|p1b: Checkmate|0 fnt\n|faint|p1b: Checkmate\n|-end|p1b: Checkmate|fallen3|[silent]\n|\n|win|SSJayDK\n|raw|RenderStarz's rating: 1110 &rarr; <strong>1088<\/strong><br \/>(-22 for losing)\n|raw|SSJayDK's rating: 1157 &rarr; <strong>1179<\/strong><br \/>(+22 for winning)\n|c|\u2606RenderStarz|gg\n|c|\u2606SSJayDK|gg\n|l|\u2606RenderStarz\n|c|\u2606SSJayDK|heck of a battle\n","uploadtime":1701049752,"views":8,"p1id":"renderstarz","p2id":"ssjaydk","formatid":"gen9doublesou","rating":1088,"private":0,"password":""}