{"id":"gen9doublesou-2000257994","p1":"UltraTales","p2":"Diniz41","format":"[Gen 9] Doubles OU","log":"|j|\u2606UltraTales\n|j|\u2606Diniz41\n|t:|1701178442\n|gametype|doubles\n|player|p1|UltraTales|1|1316\n|player|p2|Diniz41|hiker|1394\n|teamsize|p1|6\n|teamsize|p2|6\n|gen|9\n|tier|[Gen 9] Doubles OU\n|rated|\n|rule|Species Clause: Limit one of each Pok\u00e9mon\n|rule|OHKO Clause: OHKO moves are banned\n|rule|Evasion Moves Clause: Evasion moves are banned\n|rule|Gravity Sleep Clause: The combination of sleep-inducing moves with imperfect accuracy and Gravity or Gigantamax Orbeetle are banned\n|rule|Endless Battle Clause: Forcing endless battles is banned\n|rule|HP Percentage Mod: HP is shown in percentages\n|clearpoke\n|poke|p1|Trevenant, F|\n|poke|p1|Torkoal, M|\n|poke|p1|Farigiraf, F|\n|poke|p1|Iron Hands|\n|poke|p1|Ursaluna-Bloodmoon, M|\n|poke|p1|Empoleon, F|\n|poke|p2|Oranguru, F|\n|poke|p2|Gastrodon, M|\n|poke|p2|Chi-Yu|\n|poke|p2|Gothitelle, M|\n|poke|p2|Sinistcha|\n|poke|p2|Ting-Lu|\n|teampreview\n|\n|t:|1701178462\n|start\n|switch|p1a: Trevenant|Trevenant, F, shiny|100\/100\n|switch|p1b: Torkoal|Torkoal, M|100\/100\n|switch|p2a: Gastrodon|Gastrodon, M|100\/100\n|switch|p2b: Oranguru|Oranguru, F|100\/100\n|-weather|SunnyDay|[from] ability: Drought|[of] p1b: Torkoal\n|turn|1\n|\n|t:|1701178501\n|-terastallize|p2a: Gastrodon|Fire\n|move|p1b: Torkoal|Protect|p1b: Torkoal\n|-singleturn|p1b: Torkoal|Protect\n|move|p2b: Oranguru|Psychic|p1b: Torkoal\n|-activate|p1b: Torkoal|move: Protect\n|move|p2a: Gastrodon|Stockpile|p2a: Gastrodon\n|-start|p2a: Gastrodon|stockpile1\n|-boost|p2a: Gastrodon|def|1\n|-boost|p2a: Gastrodon|spd|1\n|move|p1a: Trevenant|Trick Room|p1a: Trevenant\n|-fieldstart|move: Trick Room|[of] p1a: Trevenant\n|\n|-weather|SunnyDay|[upkeep]\n|upkeep\n|turn|2\n|\n|t:|1701178533\n|switch|p1a: Ursaluna|Ursaluna-Bloodmoon, M|100\/100\n|move|p1b: Torkoal|Earth Power|p2a: Gastrodon\n|-supereffective|p2a: Gastrodon\n|-damage|p2a: Gastrodon|77\/100\n|-enditem|p2a: Gastrodon|Red Card|[of] p1b: Torkoal\n|-activate|p2b: Oranguru|ability: Symbiosis|Red Card|[of] p2a: Gastrodon\n|drag|p1b: Iron Hands|Iron Hands|100\/100\n|move|p2a: Gastrodon|Earth Power|p1b: Iron Hands\n|-supereffective|p1b: Iron Hands\n|-damage|p1b: Iron Hands|64\/100\n|move|p2b: Oranguru|Trick Room|p2b: Oranguru\n|-fieldend|move: Trick Room\n|\n|-weather|SunnyDay|[upkeep]\n|upkeep\n|turn|3\n|\n|t:|1701178560\n|-terastallize|p1a: Ursaluna|Normal\n|move|p1b: Iron Hands|Fake Out|p2b: Oranguru\n|-damage|p2b: Oranguru|86\/100\n|move|p1a: Ursaluna|Hyper Voice|p2b: Oranguru|[spread] p2a,p2b\n|-damage|p2a: Gastrodon|55\/100\n|-damage|p2b: Oranguru|57\/100\n|-enditem|p2a: Gastrodon|Red Card|[of] p1a: Ursaluna\n|-enditem|p1a: Ursaluna|Throat Spray\n|-boost|p1a: Ursaluna|spa|1|[from] item: Throat Spray\n|drag|p1a: Empoleon|Empoleon, F|100\/100\n|cant|p2b: Oranguru|flinch\n|move|p2a: Gastrodon|Earth Power|p1b: Iron Hands\n|-supereffective|p1b: Iron Hands\n|-damage|p1b: Iron Hands|29\/100\n|\n|-weather|SunnyDay|[upkeep]\n|upkeep\n|turn|4\n|\n|t:|1701178590\n|move|p1a: Empoleon|Water Pledge|p2a: Gastrodon\n|-ability|p2a: Gastrodon|Storm Drain|boost\n|-boost|p2a: Gastrodon|spa|1\n|move|p2b: Oranguru|Psychic|p1b: Iron Hands\n|-supereffective|p1b: Iron Hands\n|-damage|p1b: Iron Hands|0 fnt\n|faint|p1b: Iron Hands\n|-end|p1b: Iron Hands|Quark Drive|[silent]\n|move|p2a: Gastrodon|Stockpile|p2a: Gastrodon\n|-start|p2a: Gastrodon|stockpile2\n|-boost|p2a: Gastrodon|def|1\n|-boost|p2a: Gastrodon|spd|1\n|\n|-weather|SunnyDay|[upkeep]\n|upkeep\n|\n|t:|1701178606\n|switch|p1b: Farigiraf|Farigiraf, F|100\/100\n|turn|5\n|\n|t:|1701178615\n|move|p1a: Empoleon|Water Pledge|p2b: Oranguru\n|-crit|p2b: Oranguru\n|-damage|p2b: Oranguru|36\/100\n|move|p2b: Oranguru|Instruct|p2a: Gastrodon\n|-singleturn|p2a: Gastrodon|move: Instruct|[of] p2b: Oranguru\n|move|p2a: Gastrodon|Stockpile|p2a: Gastrodon\n|-start|p2a: Gastrodon|stockpile3\n|-boost|p2a: Gastrodon|def|1\n|-boost|p2a: Gastrodon|spd|1\n|move|p2a: Gastrodon|Earth Power|p1a: Empoleon\n|-supereffective|p1a: Empoleon\n|-damage|p1a: Empoleon|23\/100\n|move|p1b: Farigiraf|Trick Room|p1b: Farigiraf\n|-fieldstart|move: Trick Room|[of] p1b: Farigiraf\n|\n|-weather|none\n|-heal|p1a: Empoleon|29\/100|[from] item: Leftovers\n|upkeep\n|turn|6\n|\n|t:|1701178639\n|move|p1b: Farigiraf|Helping Hand|p1a: Empoleon\n|-singleturn|p1a: Empoleon|Helping Hand|[of] p1b: Farigiraf\n|move|p2a: Gastrodon|Earth Power|p1a: Empoleon\n|-supereffective|p1a: Empoleon\n|-damage|p1a: Empoleon|0 fnt\n|faint|p1a: Empoleon\n|move|p2b: Oranguru|Trick Room|p2b: Oranguru\n|-fieldend|move: Trick Room\n|\n|upkeep\n|c|\u2606UltraTales|Vai toma no seu cu irmao, time de doente do caralho\n|n|\u203dUltraTales|ultratales\n|c|&|\/log UltraTales was locked from talking by Artemis. (\u2606UltraTales: Vai toma no seu cu irmao, time de doente do caralho)\n|c|&|\/raw <small>This action was done automatically. Want to learn more about the AI? <a href=\"https:\/\/www.smogon.com\/forums\/threads\/3570628\/#post-9056769\">Visit the information thread<\/a>.<\/small>\n|-message|UltraTales forfeited.\n|\n|win|Diniz41\n|raw|UltraTales's rating: 1316 &rarr; <strong>1300<\/strong><br \/>(-16 for losing)\n|raw|Diniz41's rating: 1394 &rarr; <strong>1410<\/strong><br \/>(+16 for winning)\n|l|\u203dUltraTales\n","uploadtime":1701178664,"views":4,"p1id":"ultratales","p2id":"diniz41","formatid":"gen9doublesou","rating":1300,"private":0,"password":""}