{"id":"gen9doublesou-1970455164","p1":"dabistopro","p2":"Mr-Mongol","format":"[Gen 9] Doubles OU","log":"|j|\u2606dabistopro\n|j|\u2606Mr-Mongol\n|t:|1697640347\n|gametype|doubles\n|player|p1|dabistopro|102|\n|player|p2|Mr-Mongol|alec-anime|\n|teamsize|p1|6\n|teamsize|p2|6\n|gen|9\n|tier|[Gen 9] Doubles OU\n|rule|Species Clause: Limit one of each Pok\u00e9mon\n|rule|OHKO Clause: OHKO moves are banned\n|rule|Evasion Moves Clause: Evasion moves are banned\n|rule|Gravity Sleep Clause: The combination of sleep-inducing moves with imperfect accuracy and Gravity or Gigantamax Orbeetle are banned\n|rule|Endless Battle Clause: Forcing endless battles is banned\n|rule|HP Percentage Mod: HP is shown in percentages\n|clearpoke\n|poke|p1|Ogerpon-Wellspring, F|\n|poke|p1|Iron Hands|\n|poke|p1|Gyarados, M|\n|poke|p1|Chi-Yu|\n|poke|p1|Sinistcha|\n|poke|p1|Tornadus, M|\n|poke|p2|Flutter Mane|\n|poke|p2|Chi-Yu|\n|poke|p2|Tornadus, M|\n|poke|p2|Ogerpon-Hearthflame, F|\n|poke|p2|Landorus-Therian, M|\n|poke|p2|Rillaboom, M|\n|teampreview\n|inactive|Battle timer is ON: inactive players will automatically lose when time's up. (requested by dabistopro)\n|\n|t:|1697640390\n|start\n|switch|p1a: Gyarados|Gyarados, M, shiny|100\/100\n|switch|p1b: Sinistcha|Sinistcha|100\/100\n|switch|p2a: Tornadus|Tornadus, M|100\/100\n|switch|p2b: Landorus|Landorus-Therian, M|100\/100\n|-ability|p2b: Landorus|Intimidate|boost\n|-unboost|p1a: Gyarados|atk|1\n|-unboost|p1b: Sinistcha|atk|1\n|-ability|p1a: Gyarados|Intimidate|boost\n|-unboost|p2a: Tornadus|atk|1\n|-unboost|p2b: Landorus|atk|1\n|turn|1\n|inactive|dabistopro has 270 seconds left.\n|\n|t:|1697640436\n|move|p2a: Tornadus|Taunt|p1a: Gyarados\n|-start|p1a: Gyarados|move: Taunt\n|move|p2b: Landorus|Stealth Rock|p1b: Sinistcha\n|-sidestart|p1: dabistopro|move: Stealth Rock\n|cant|p1a: Gyarados|move: Taunt|Thunder Wave\n|move|p1b: Sinistcha|Trick Room|p1b: Sinistcha\n|-fieldstart|move: Trick Room|[of] p1b: Sinistcha\n|\n|upkeep\n|turn|2\n|inactive|dabistopro has 270 seconds left.\n|\n|t:|1697640461\n|move|p2a: Tornadus|Taunt|p1b: Sinistcha\n|-start|p1b: Sinistcha|move: Taunt\n|cant|p1b: Sinistcha|move: Taunt|Strength Sap\n|move|p1a: Gyarados|Waterfall|p2b: Landorus\n|-supereffective|p2b: Landorus\n|-damage|p2b: Landorus|53\/100\n|move|p2b: Landorus|U-turn|p1b: Sinistcha\n|-damage|p1b: Sinistcha|87\/100\n|-damage|p2b: Landorus|36\/100|[from] item: Rocky Helmet|[of] p1b: Sinistcha\n|-enditem|p2b: Landorus|Sitrus Berry|[eat]\n|-heal|p2b: Landorus|61\/100|[from] item: Sitrus Berry\n|\n|t:|1697640464\n|switch|p2b: Rillaboom|Rillaboom, M|100\/100|[from] U-turn\n|-fieldstart|move: Grassy Terrain|[from] ability: Grassy Surge|[of] p2b: Rillaboom\n|\n|-heal|p1b: Sinistcha|93\/100|[from] Grassy Terrain\n|upkeep\n|turn|3\n|\n|t:|1697640488\n|switch|p1a: JARIYAMADELFUTURO|Iron Hands|100\/100\n|-damage|p1a: JARIYAMADELFUTURO|94\/100|[from] Stealth Rock\n|move|p2b: Rillaboom|Fake Out|p1a: JARIYAMADELFUTURO\n|-damage|p1a: JARIYAMADELFUTURO|85\/100\n|move|p1b: Sinistcha|Matcha Gotcha|p2a: Tornadus|[spread] p2a,p2b\n|-resisted|p2a: Tornadus\n|-resisted|p2b: Rillaboom\n|-damage|p2a: Tornadus|87\/100\n|-heal|p1b: Sinistcha|99\/100|[from] drain|[of] p2a: Tornadus\n|-damage|p2b: Rillaboom|88\/100\n|-heal|p1b: Sinistcha|100\/100|[from] drain|[of] p2b: Rillaboom\n|move|p2a: Tornadus|Bleakwind Storm|p1b: Sinistcha|[spread] p1a,p1b\n|-supereffective|p1b: Sinistcha\n|-damage|p1a: JARIYAMADELFUTURO|66\/100\n|-damage|p1b: Sinistcha|28\/100\n|\n|-heal|p1b: Sinistcha|34\/100|[from] Grassy Terrain\n|-heal|p1a: JARIYAMADELFUTURO|72\/100|[from] Grassy Terrain\n|-heal|p2b: Rillaboom|94\/100|[from] Grassy Terrain\n|upkeep\n|turn|4\n|j| Angelolll\n|inactive|dabistopro has 270 seconds left.\n|inactive|Mr-Mongol has 270 seconds left.\n|\n|t:|1697640525\n|switch|p1b: Gyarados|Gyarados, M, shiny|100\/100\n|-damage|p1b: Gyarados|76\/100|[from] Stealth Rock\n|-ability|p1b: Gyarados|Intimidate|boost\n|-unboost|p2a: Tornadus|atk|1\n|-unboost|p2b: Rillaboom|atk|1\n|switch|p2a: Landorus|Landorus-Therian, M|61\/100\n|-ability|p2a: Landorus|Intimidate|boost\n|-unboost|p1a: JARIYAMADELFUTURO|atk|1\n|-unboost|p1b: Gyarados|atk|1\n|move|p1a: JARIYAMADELFUTURO|Wild Charge|p2a: Landorus\n|-immune|p2a: Landorus\n|move|p2b: Rillaboom|Wood Hammer|p1a: JARIYAMADELFUTURO\n|-damage|p1a: JARIYAMADELFUTURO|38\/100\n|-damage|p2b: Rillaboom|81\/100|[from] Recoil\n|\n|-heal|p1a: JARIYAMADELFUTURO|44\/100|[from] Grassy Terrain\n|-heal|p2b: Rillaboom|87\/100|[from] Grassy Terrain\n|upkeep\n|turn|5\n|j| guzmfran\n|l| guzmfran\n|inactive|dabistopro has 270 seconds left.\n|inactive|Mr-Mongol has 270 seconds left.\n|\n|t:|1697640568\n|move|p1a: JARIYAMADELFUTURO|Heavy Slam|p2b: Rillaboom\n|-damage|p2b: Rillaboom|63\/100\n|move|p1b: Gyarados|Thunder Wave|p2b: Rillaboom\n|-status|p2b: Rillaboom|par\n|cant|p2b: Rillaboom|par\n|move|p2a: Landorus|Rock Slide|p1b: Gyarados|[spread] p1a\n|-miss|p2a: Landorus|p1b: Gyarados\n|-resisted|p1a: JARIYAMADELFUTURO\n|-damage|p1a: JARIYAMADELFUTURO|37\/100\n|\n|-heal|p2b: Rillaboom|69\/100 par|[from] Grassy Terrain\n|-heal|p1a: JARIYAMADELFUTURO|44\/100|[from] Grassy Terrain\n|-fieldend|move: Trick Room\n|upkeep\n|turn|6\n|l| Angelolll\n|inactive|dabistopro has 270 seconds left.\n|inactive|Mr-Mongol has 270 seconds left.\n|\n|t:|1697640602\n|-end|p1a: JARIYAMADELFUTURO|Quark Drive|[silent]\n|switch|p1a: Tornadus|Tornadus, M|100\/100\n|-damage|p1a: Tornadus|76\/100|[from] Stealth Rock\n|move|p2a: Landorus|Rock Slide|p1b: Gyarados|[spread] p1a,p1b\n|-supereffective|p1a: Tornadus\n|-supereffective|p1b: Gyarados\n|-damage|p1a: Tornadus|30\/100\n|-damage|p1b: Gyarados|36\/100\n|-enditem|p1b: Gyarados|Sitrus Berry|[eat]\n|-heal|p1b: Gyarados|61\/100|[from] item: Sitrus Berry\n|move|p1b: Gyarados|Waterfall|p2a: Landorus\n|-supereffective|p2a: Landorus\n|-damage|p2a: Landorus|10\/100\n|move|p2b: Rillaboom|Wood Hammer|p1a: Tornadus\n|-resisted|p1a: Tornadus\n|-damage|p1a: Tornadus|0 fnt\n|faint|p1a: Tornadus\n|-damage|p2b: Rillaboom|60\/100 par|[from] Recoil\n|\n|-heal|p2b: Rillaboom|66\/100 par|[from] Grassy Terrain\n|-fieldend|move: Grassy Terrain\n|upkeep\n|inactive|dabistopro has 240 seconds left.\n|\n|t:|1697640633\n|switch|p1a: Chi-Yu|Chi-Yu|100\/100\n|-damage|p1a: Chi-Yu|75\/100|[from] Stealth Rock\n|-ability|p1a: Chi-Yu|Beads of Ruin\n|turn|7\n|inactive|dabistopro has 240 seconds left.\n|j| guzmfran\n|inactive|Mr-Mongol has 270 seconds left.\n|\n|t:|1697640662\n|switch|p2b: Tornadus|Tornadus, M|87\/100\n|move|p1a: Chi-Yu|Heat Wave|p2a: Landorus|[spread] p2a,p2b\n|-crit|p2b: Tornadus\n|-damage|p2a: Landorus|0 fnt\n|-damage|p2b: Tornadus|4\/100\n|faint|p2a: Landorus\n|-damage|p1a: Chi-Yu|66\/100|[from] item: Life Orb\n|move|p1b: Gyarados|Waterfall|p2b: Tornadus\n|-crit|p2b: Tornadus\n|-damage|p2b: Tornadus|0 fnt\n|faint|p2b: Tornadus\n|\n|upkeep\n|\n|t:|1697640692\n|switch|p2a: Flutter Mane|Flutter Mane|100\/100\n|switch|p2b: Chi-Yu|Chi-Yu|100\/100\n|-ability|p2b: Chi-Yu|Beads of Ruin\n|-enditem|p2a: Flutter Mane|Booster Energy\n|-activate|p2a: Flutter Mane|ability: Protosynthesis|[fromitem]\n|-start|p2a: Flutter Mane|protosynthesisspe\n|turn|8\n|inactive|dabistopro has 240 seconds left.\n|l| guzmfran\n|inactive|Mr-Mongol has 240 seconds left.\n|j| guzmfran\n|inactive|dabistopro has 210 seconds left.\n|inactive|Mr-Mongol has 210 seconds left.\n|\n|t:|1697640771\n|move|p1a: Chi-Yu|Protect|p1a: Chi-Yu\n|-singleturn|p1a: Chi-Yu|Protect\n|move|p2a: Flutter Mane|Dazzling Gleam|p1b: Gyarados|[spread] p1b\n|-activate|p1a: Chi-Yu|move: Protect\n|-damage|p1b: Gyarados|30\/100\n|move|p2b: Chi-Yu|Heat Wave|p1b: Gyarados|[spread] p1b\n|-activate|p1a: Chi-Yu|move: Protect\n|-resisted|p1b: Gyarados\n|-damage|p1b: Gyarados|5\/100\n|move|p1b: Gyarados|Thunder Wave|p2a: Flutter Mane\n|-status|p2a: Flutter Mane|par\n|\n|upkeep\n|turn|9\n|\n|t:|1697640789\n|switch|p1b: Sinistcha|Sinistcha|34\/100\n|-damage|p1b: Sinistcha|21\/100|[from] Stealth Rock\n|-heal|p1a: Chi-Yu|91\/100|[from] ability: Hospitality|[of] p1b: Sinistcha\n|move|p2b: Chi-Yu|Heat Wave|p1b: Sinistcha|[spread] p1a,p1b\n|-resisted|p1a: Chi-Yu\n|-supereffective|p1b: Sinistcha\n|-damage|p1a: Chi-Yu|59\/100\n|-damage|p1b: Sinistcha|0 fnt\n|faint|p1b: Sinistcha\n|move|p1a: Chi-Yu|Heat Wave|p2b: Chi-Yu|[spread] p2a,p2b\n|-resisted|p2b: Chi-Yu\n|-damage|p2a: Flutter Mane|33\/100 par\n|-damage|p2b: Chi-Yu|70\/100\n|-damage|p1a: Chi-Yu|49\/100|[from] item: Life Orb\n|cant|p2a: Flutter Mane|par\n|\n|upkeep\n|l| guzmfran\n|\n|t:|1697640805\n|switch|p1b: JARIYAMADELFUTURO|Iron Hands|44\/100\n|-damage|p1b: JARIYAMADELFUTURO|37\/100|[from] Stealth Rock\n|turn|10\n|j| guzmfran\n|l| guzmfran\n|inactive|Mr-Mongol has 240 seconds left.\n|\n|t:|1697640839\n|move|p1b: JARIYAMADELFUTURO|Fake Out|p2b: Chi-Yu\n|-damage|p2b: Chi-Yu|42\/100\n|cant|p2b: Chi-Yu|flinch\n|move|p1a: Chi-Yu|Heat Wave|p2a: Flutter Mane|[spread] p2a,p2b\n|-resisted|p2b: Chi-Yu\n|-damage|p2a: Flutter Mane|0 fnt\n|-damage|p2b: Chi-Yu|14\/100\n|faint|p2a: Flutter Mane\n|-end|p2a: Flutter Mane|Protosynthesis|[silent]\n|-damage|p1a: Chi-Yu|39\/100|[from] item: Life Orb\n|\n|upkeep\n|\n|t:|1697640857\n|switch|p2a: Rillaboom|Rillaboom, M|66\/100 par\n|-fieldstart|move: Grassy Terrain|[from] ability: Grassy Surge|[of] p2a: Rillaboom\n|turn|11\n|\n|t:|1697640862\n|-end|p1b: JARIYAMADELFUTURO|Quark Drive|[silent]\n|switch|p1b: Gyarados|Gyarados, M, shiny|5\/100\n|-damage|p1b: Gyarados|0 fnt|[from] Stealth Rock\n|faint|p1b: Gyarados\n|move|p1a: Chi-Yu|Protect|p1a: Chi-Yu\n|-singleturn|p1a: Chi-Yu|Protect\n|move|p2a: Rillaboom|Fake Out|p1a: Chi-Yu\n|-activate|p1a: Chi-Yu|move: Protect\n|move|p2b: Chi-Yu|Heat Wave|p1a: Chi-Yu\n|-activate|p1a: Chi-Yu|move: Protect\n|\n|-heal|p1a: Chi-Yu|45\/100|[from] Grassy Terrain\n|-heal|p2b: Chi-Yu|20\/100|[from] Grassy Terrain\n|-heal|p2a: Rillaboom|72\/100 par|[from] Grassy Terrain\n|upkeep\n|\n|t:|1697640878\n|switch|p1b: JARIYAMADELFUTURO|Iron Hands|37\/100\n|-damage|p1b: JARIYAMADELFUTURO|31\/100|[from] Stealth Rock\n|turn|12\n|inactive|dabistopro has 240 seconds left.\n|\n|t:|1697640889\n|move|p1b: JARIYAMADELFUTURO|Fake Out|p2b: Chi-Yu\n|-damage|p2b: Chi-Yu|0 fnt\n|faint|p2b: Chi-Yu\n|move|p2a: Rillaboom|Grassy Glide|p1a: Chi-Yu\n|-resisted|p1a: Chi-Yu\n|-damage|p1a: Chi-Yu|14\/100\n|move|p1a: Chi-Yu|Heat Wave|p2a: Rillaboom\n|-supereffective|p2a: Rillaboom\n|-damage|p2a: Rillaboom|0 fnt\n|faint|p2a: Rillaboom\n|-damage|p1a: Chi-Yu|4\/100|[from] item: Life Orb\n|\n|-heal|p1a: Chi-Yu|10\/100|[from] Grassy Terrain\n|-heal|p1b: JARIYAMADELFUTURO|37\/100|[from] Grassy Terrain\n|upkeep\n|\n|t:|1697640892\n|switch|p2b: Ogerpon|Ogerpon-Hearthflame, F|100\/100\n|-ability|p2b: Ogerpon|Mold Breaker\n|turn|13\n|inactive|Mr-Mongol has 270 seconds left.\n|\n|t:|1697640921\n|move|p2b: Ogerpon|Ivy Cudgel|p1a: Chi-Yu\n|-resisted|p1a: Chi-Yu\n|-damage|p1a: Chi-Yu|0 fnt\n|faint|p1a: Chi-Yu\n|move|p1b: JARIYAMADELFUTURO|Drain Punch|p2b: Ogerpon\n|-damage|p2b: Ogerpon|38\/100\n|-heal|p1b: JARIYAMADELFUTURO|58\/100|[from] drain|[of] p2b: Ogerpon\n|\n|-heal|p2b: Ogerpon|44\/100|[from] Grassy Terrain\n|-heal|p1b: JARIYAMADELFUTURO|65\/100|[from] Grassy Terrain\n|upkeep\n|inactive|dabistopro has 240 seconds left.\n|\n|t:|1697640932\n|switch|p1a: Ogerpon|Ogerpon-Wellspring, F|100\/100\n|-damage|p1a: Ogerpon|88\/100|[from] Stealth Rock\n|turn|14\n|\n|t:|1697640944\n|move|p2b: Ogerpon|Spiky Shield|p2b: Ogerpon\n|-singleturn|p2b: Ogerpon|move: Protect\n|move|p1a: Ogerpon|Ivy Cudgel|p2b: Ogerpon\n|-activate|p2b: Ogerpon|move: Protect\n|move|p1b: JARIYAMADELFUTURO|Drain Punch|p2b: Ogerpon\n|-activate|p2b: Ogerpon|move: Protect\n|-damage|p1b: JARIYAMADELFUTURO|52\/100|[from] Spiky Shield|[of] p2b: Ogerpon\n|\n|-heal|p2b: Ogerpon|50\/100|[from] Grassy Terrain\n|-heal|p1a: Ogerpon|94\/100|[from] Grassy Terrain\n|-heal|p1b: JARIYAMADELFUTURO|58\/100|[from] Grassy Terrain\n|upkeep\n|turn|15\n|inactive|dabistopro has 270 seconds left.\n|inactive|Mr-Mongol has 270 seconds left.\n|inactive|Mr-Mongol has 240 seconds left.\n|inactive|Mr-Mongol has 210 seconds left.\n|\n|t:|1697641045\n|move|p2b: Ogerpon|Spiky Shield||[still]\n|-fail|p2b: Ogerpon\n|move|p1a: Ogerpon|Ivy Cudgel|p2b: Ogerpon\n|-damage|p2b: Ogerpon|0 fnt\n|faint|p2b: Ogerpon\n|\n|win|dabistopro\n|c|\u2606Mr-Mongol|ggs\n|l|\u2606Mr-Mongol\n|c|\u2606dabistopro|GG\n","uploadtime":1697641074,"views":15,"p1id":"dabistopro","p2id":"mrmongol","formatid":"gen9doublesou","rating":0,"private":0,"password":""}