{"id":"gen9doublesou-1996805560","p1":"Elite.4.Challenger","p2":"bobbybigballzz","format":"[Gen 9] Doubles OU","log":"|j|\u2606Elite.4.Challenger\n|j|\u2606bobbybigballzz\n|t:|1700728264\n|gametype|doubles\n|player|p1|Elite.4.Challenger|koga|1393\n|player|p2|bobbybigballzz|pokemonranger-gen4|1188\n|teamsize|p1|6\n|teamsize|p2|6\n|gen|9\n|tier|[Gen 9] Doubles OU\n|rated|\n|rule|Species Clause: Limit one of each Pok\u00e9mon\n|rule|OHKO Clause: OHKO moves are banned\n|rule|Evasion Moves Clause: Evasion moves are banned\n|rule|Gravity Sleep Clause: The combination of sleep-inducing moves with imperfect accuracy and Gravity or Gigantamax Orbeetle are banned\n|rule|Endless Battle Clause: Forcing endless battles is banned\n|rule|HP Percentage Mod: HP is shown in percentages\n|clearpoke\n|poke|p1|Tornadus, M|\n|poke|p1|Dragapult, F|\n|poke|p1|Goodra-Hisui, F|\n|poke|p1|Basculegion-F, F|\n|poke|p1|Politoed, F|\n|poke|p1|Toxicroak, M|\n|poke|p2|Farigiraf, F|\n|poke|p2|Landorus, M|\n|poke|p2|Tyranitar, F|\n|poke|p2|Lycanroc, F|\n|poke|p2|Heatran, F|\n|poke|p2|Houndstone, F|\n|teampreview\n|\n|t:|1700728274\n|start\n|switch|p1a: Dragapult|Dragapult, F|100\/100\n|switch|p1b: Basculegion|Basculegion-F, F|100\/100\n|switch|p2a: Lycanroc|Lycanroc, F, shiny|100\/100\n|switch|p2b: Heatran|Heatran, F|100\/100\n|turn|1\n|\n|t:|1700728288\n|switch|p1a: Politoed|Politoed, F|100\/100\n|-weather|RainDance|[from] ability: Drizzle|[of] p1a: Politoed\n|switch|p2b: Tyranitar|Tyranitar, F, shiny|100\/100\n|-weather|Sandstorm|[from] ability: Sand Stream|[of] p2b: Tyranitar\n|move|p2a: Lycanroc|Rock Slide|p1a: Politoed|[spread] p1a,p1b\n|-damage|p1a: Politoed|70\/100\n|-damage|p1b: Basculegion|59\/100\n|-enditem|p1a: Politoed|Eject Button\n|\n|t:|1700728301\n|switch|p1a: Tornadus|Tornadus, M|100\/100\n|cant|p1b: Basculegion|flinch\n|\n|-weather|Sandstorm|[upkeep]\n|-damage|p1a: Tornadus|94\/100|[from] Sandstorm\n|-damage|p1b: Basculegion|53\/100|[from] Sandstorm\n|upkeep\n|turn|2\n|\n|t:|1700728313\n|switch|p1a: Politoed|Politoed, F|70\/100\n|-weather|RainDance|[from] ability: Drizzle|[of] p1a: Politoed\n|switch|p2b: Farigiraf|Farigiraf, F, shiny|100\/100\n|move|p1b: Basculegion|Surf|p2b: Farigiraf|[spread] p1a,p2a,p2b\n|-resisted|p1a: Politoed\n|-supereffective|p2a: Lycanroc\n|-damage|p1a: Politoed|45\/100\n|-enditem|p2a: Lycanroc|Focus Sash\n|-damage|p2a: Lycanroc|1\/100\n|-damage|p2b: Farigiraf|28\/100\n|move|p2a: Lycanroc|Rock Slide|p1b: Basculegion|[spread] p1a\n|-miss|p2a: Lycanroc|p1b: Basculegion\n|-damage|p1a: Politoed|16\/100\n|\n|-weather|RainDance|[upkeep]\n|upkeep\n|turn|3\n|\n|t:|1700728344\n|switch|p1a: Goodra|Goodra-Hisui, F|100\/100\n|switch|p2b: Tyranitar|Tyranitar, F, shiny|100\/100\n|-weather|Sandstorm|[from] ability: Sand Stream|[of] p2b: Tyranitar\n|move|p2a: Lycanroc|Rock Slide|p1b: Basculegion|[spread] p1b\n|-miss|p2a: Lycanroc|p1a: Goodra\n|-damage|p1b: Basculegion|12\/100\n|move|p1b: Basculegion|Surf|p2b: Tyranitar|[spread] p1a,p2a,p2b\n|-resisted|p1a: Goodra\n|-supereffective|p2a: Lycanroc\n|-supereffective|p2b: Tyranitar\n|-damage|p1a: Goodra|84\/100\n|-damage|p2a: Lycanroc|0 fnt\n|-damage|p2b: Tyranitar|67\/100\n|faint|p2a: Lycanroc\n|\n|-weather|Sandstorm|[upkeep]\n|-damage|p1b: Basculegion|6\/100|[from] Sandstorm\n|upkeep\n|\n|t:|1700728352\n|switch|p2a: Heatran|Heatran, F|100\/100\n|turn|4\n|c|\u2606Elite.4.Challenger|we love weather wars lol\n|\n|t:|1700728375\n|switch|p2b: Farigiraf|Farigiraf, F, shiny|28\/100\n|switch|p1a: Politoed|Politoed, F|16\/100\n|-weather|RainDance|[from] ability: Drizzle|[of] p1a: Politoed\n|-terastallize|p2a: Heatran|Grass\n|move|p1b: Basculegion|Surf|p2b: Farigiraf|[spread] p1a,p2a,p2b\n|-resisted|p1a: Politoed\n|-resisted|p2a: Heatran\n|-damage|p1a: Politoed|0 fnt\n|-damage|p2a: Heatran|68\/100\n|-damage|p2b: Farigiraf|0 fnt\n|faint|p1a: Politoed\n|faint|p2b: Farigiraf\n|move|p2a: Heatran|Earth Power|p1b: Basculegion\n|-damage|p1b: Basculegion|0 fnt\n|faint|p1b: Basculegion\n|\n|-weather|RainDance|[upkeep]\n|-heal|p2a: Heatran|74\/100|[from] item: Leftovers\n|upkeep\n|\n|t:|1700728421\n|switch|p1b: Dragapult|Dragapult, F|100\/100\n|switch|p1a: Tornadus|Tornadus, M|94\/100\n|switch|p2b: Tyranitar|Tyranitar, F, shiny|67\/100\n|-weather|Sandstorm|[from] ability: Sand Stream|[of] p2b: Tyranitar\n|turn|5\n|\n|t:|1700728440\n|switch|p1b: Goodra|Goodra-Hisui, F|84\/100\n|move|p1a: Tornadus|Bleakwind Storm|p2a: Heatran|[spread] p2a,p2b\n|-supereffective|p2a: Heatran\n|-resisted|p2b: Tyranitar\n|-damage|p2a: Heatran|4\/100\n|-damage|p2b: Tyranitar|59\/100\n|-unboost|p2b: Tyranitar|spe|1\n|move|p2a: Heatran|Heat Wave|p1b: Goodra|[spread] p1a,p1b\n|-damage|p1a: Tornadus|35\/100\n|-damage|p1b: Goodra|56\/100\n|move|p2b: Tyranitar|Rock Slide|p1b: Goodra|[spread] p1a\n|-miss|p2b: Tyranitar|p1b: Goodra\n|-supereffective|p1a: Tornadus\n|-damage|p1a: Tornadus|0 fnt\n|faint|p1a: Tornadus\n|\n|-weather|Sandstorm|[upkeep]\n|-damage|p2a: Heatran|0 fnt|[from] Sandstorm\n|faint|p2a: Heatran\n|upkeep\n|\n|t:|1700728461\n|switch|p1a: Toxicroak|Toxicroak, M, shiny|100\/100\n|switch|p2a: Landorus|Landorus, M|100\/100\n|turn|6\n|\n|t:|1700728480\n|move|p2a: Landorus|Sandsear Storm|p1b: Goodra|[spread] p1a,p1b\n|-supereffective|p1a: Toxicroak\n|-supereffective|p1b: Goodra\n|-damage|p1a: Toxicroak|0 fnt\n|-damage|p1b: Goodra|0 fnt\n|faint|p1a: Toxicroak\n|faint|p1b: Goodra\n|move|p2b: Tyranitar|Rock Slide|p1: Toxicroak|[notarget]\n|-fail|p2b: Tyranitar\n|\n|-weather|Sandstorm|[upkeep]\n|upkeep\n|\n|t:|1700728483\n|switch|p1b: Dragapult|Dragapult, F|100\/100\n|turn|7\n|-message|Elite.4.Challenger forfeited.\n|\n|win|bobbybigballzz\n|raw|Elite.4.Challenger's rating: 1393 &rarr; <strong>1362<\/strong><br \/>(-31 for losing)\n|raw|bobbybigballzz's rating: 1188 &rarr; <strong>1226<\/strong><br \/>(+38 for winning)\n|l|\u2606Elite.4.Challenger\n|c|\u2606bobbybigballzz|Gg\n","uploadtime":1700728634,"views":21,"p1id":"elite4challenger","p2id":"bobbybigballzz","formatid":"gen9doublesou","rating":1226,"private":0,"password":""}