{"id":"gen9doublesou-1976811056","p1":"mikeyuwu","p2":"PANDAgedin51","format":"[Gen 9] Doubles OU","log":"|j|\u2606mikeyuwu\n|j|\u2606PANDAgedin51\n|t:|1698343237\n|gametype|doubles\n|player|p1|mikeyuwu|psychic-gen4|1242\n|player|p2|PANDAgedin51|palmer|1250\n|teamsize|p1|6\n|teamsize|p2|6\n|gen|9\n|tier|[Gen 9] Doubles OU\n|rated|\n|rule|Species Clause: Limit one of each Pok\u00e9mon\n|rule|OHKO Clause: OHKO moves are banned\n|rule|Evasion Moves Clause: Evasion moves are banned\n|rule|Gravity Sleep Clause: The combination of sleep-inducing moves with imperfect accuracy and Gravity or Gigantamax Orbeetle are banned\n|rule|Endless Battle Clause: Forcing endless battles is banned\n|rule|HP Percentage Mod: HP is shown in percentages\n|clearpoke\n|poke|p1|Garchomp, M|\n|poke|p1|Tyranitar, F|\n|poke|p1|Vaporeon, F|\n|poke|p1|Toxicroak, M|\n|poke|p1|Pelipper, F|\n|poke|p1|Abomasnow, M|\n|poke|p2|Haxorus, M|\n|poke|p2|Flamigo, F|\n|poke|p2|Clefable, M|\n|poke|p2|Amoonguss, F|\n|poke|p2|Sinistcha-Masterpiece|\n|poke|p2|Indeedee-F, F|\n|teampreview\n|\n|t:|1698343252\n|start\n|switch|p1a: Weather War|Pelipper, F|100\/100\n|switch|p1b: Harmacy|Vaporeon, F|100\/100\n|switch|p2a: Axel|Haxorus, M|100\/100\n|switch|p2b: MEDIC 2|Indeedee-F, F|100\/100\n|-fieldstart|move: Psychic Terrain|[from] ability: Psychic Surge|[of] p2b: MEDIC 2\n|-ability|p2a: Axel|Mold Breaker\n|-weather|RainDance|[from] ability: Drizzle|[of] p1a: Weather War\n|turn|1\n|\n|t:|1698343259\n|switch|p1b: Cold Shoulder|Abomasnow, M, shiny|100\/100\n|-weather|Snow|[from] ability: Snow Warning|[of] p1b: Cold Shoulder\n|move|p2b: MEDIC 2|Follow Me|p2b: MEDIC 2\n|-singleturn|p2b: MEDIC 2|move: Follow Me\n|move|p2a: Axel|Dragon Dance|p2a: Axel\n|-boost|p2a: Axel|atk|1\n|-boost|p2a: Axel|spe|1\n|move|p1a: Weather War|Blizzard|p2b: MEDIC 2|[spread] p2a,p2b\n|-supereffective|p2a: Axel\n|-damage|p2a: Axel|49\/100\n|-damage|p2b: MEDIC 2|85\/100\n|\n|-weather|Snow|[upkeep]\n|-heal|p2b: MEDIC 2|91\/100|[from] item: Leftovers\n|upkeep\n|turn|2\n|c|\u2606mikeyuwu|Thats a lot of ice weaknesses\n|\n|t:|1698343286\n|move|p2a: Axel|Poison Jab|p1b: Cold Shoulder\n|-supereffective|p1b: Cold Shoulder\n|-damage|p1b: Cold Shoulder|43\/100\n|-status|p1b: Cold Shoulder|psn\n|move|p2b: MEDIC 2|Heal Pulse|p2a: Axel\n|-heal|p2a: Axel|99\/100\n|move|p1a: Weather War|Blizzard|p2b: MEDIC 2|[spread] p2a,p2b\n|-supereffective|p2a: Axel\n|-damage|p2a: Axel|42\/100\n|-damage|p2b: MEDIC 2|73\/100\n|move|p1b: Cold Shoulder|Blizzard|p2b: MEDIC 2|[spread] p2a,p2b\n|-supereffective|p2a: Axel\n|-damage|p2a: Axel|0 fnt\n|-damage|p2b: MEDIC 2|46\/100\n|faint|p2a: Axel\n|\n|-weather|Snow|[upkeep]\n|-heal|p2b: MEDIC 2|52\/100|[from] item: Leftovers\n|-damage|p1b: Cold Shoulder|30\/100 psn|[from] psn\n|upkeep\n|\n|t:|1698343300\n|switch|p2a: Amigo|Flamigo, F|100\/100\n|-copyboost|p2a: Amigo|p2b: MEDIC 2|[from] ability: Costar\n|turn|3\n|c|\u2606PANDAgedin51|Well there goes my strat\n|c|\u2606mikeyuwu|Yeah sorry\n|\n|t:|1698343324\n|switch|p1b: Harmacy|Vaporeon, F|100\/100\n|move|p2a: Amigo|Brave Bird|p1a: Weather War\n|-damage|p1a: Weather War|57\/100\n|-damage|p2a: Amigo|85\/100|[from] Recoil\n|move|p2b: MEDIC 2|Heal Pulse|p2a: Amigo\n|-heal|p2a: Amigo|100\/100\n|move|p1a: Weather War|Chilling Water|p2a: Amigo\n|-damage|p2a: Amigo|73\/100\n|-unboost|p2a: Amigo|atk|1\n|\n|-weather|Snow|[upkeep]\n|-heal|p2b: MEDIC 2|58\/100|[from] item: Leftovers\n|upkeep\n|turn|4\n|\n|t:|1698343334\n|switch|p2a: MEDIC|Clefable, M|100\/100\n|switch|p2b: Hit me|Amoonguss, F|100\/100\n|move|p1a: Weather War|Blizzard|p2b: Hit me|[spread] p2a,p2b\n|-supereffective|p2b: Hit me\n|-damage|p2a: MEDIC|88\/100\n|-damage|p2b: Hit me|77\/100\n|-status|p2b: Hit me|frz\n|move|p1b: Harmacy|Copycat|p1b: Harmacy\n|move|p1b: Harmacy|Blizzard|p2b: Hit me|[from]move: Copycat|[spread] p2a,p2b\n|-supereffective|p2b: Hit me\n|-damage|p2a: MEDIC|73\/100\n|-damage|p2b: Hit me|48\/100 frz\n|\n|-weather|Snow|[upkeep]\n|-heal|p2a: MEDIC|79\/100|[from] item: Leftovers\n|-heal|p2b: Hit me|54\/100 frz|[from] item: Black Sludge\n|upkeep\n|turn|5\n|c|\u2606mikeyuwu|I just have a lot of ice\n|-message|PANDAgedin51 forfeited.\n|\n|win|mikeyuwu\n|raw|mikeyuwu's rating: 1242 &rarr; <strong>1268<\/strong><br \/>(+26 for winning)\n|raw|PANDAgedin51's rating: 1250 &rarr; <strong>1224<\/strong><br \/>(-26 for losing)\n|l|\u2606PANDAgedin51\n","uploadtime":1698343360,"views":15,"p1id":"mikeyuwu","p2id":"pandagedin51","formatid":"gen9doublesou","rating":1224,"private":0,"password":""}