{"id":"gen9doublesou-1993745724","p1":"PoliteGhost","p2":"Schister","format":"[Gen 9] Doubles OU","log":"|j|\u2606PoliteGhost\n|j|\u2606Schister\n|t:|1700352260\n|gametype|doubles\n|player|p1|PoliteGhost|giovanni|1507\n|player|p2|Schister|clair|1789\n|teamsize|p1|6\n|teamsize|p2|6\n|gen|9\n|tier|[Gen 9] Doubles OU\n|rated|\n|rule|Species Clause: Limit one of each Pok\u00e9mon\n|rule|OHKO Clause: OHKO moves are banned\n|rule|Evasion Moves Clause: Evasion moves are banned\n|rule|Gravity Sleep Clause: The combination of sleep-inducing moves with imperfect accuracy and Gravity or Gigantamax Orbeetle are banned\n|rule|Endless Battle Clause: Forcing endless battles is banned\n|rule|HP Percentage Mod: HP is shown in percentages\n|clearpoke\n|poke|p1|Amoonguss, M|\n|poke|p1|Iron Hands|\n|poke|p1|Landorus-Therian, M|\n|poke|p1|Flutter Mane|\n|poke|p1|Iron Bundle|\n|poke|p1|Chi-Yu|\n|poke|p2|Grimmsnarl, M|\n|poke|p2|Landorus-Therian, M|\n|poke|p2|Rillaboom, M|\n|poke|p2|Skeledirge, M|\n|poke|p2|Kingambit, M|\n|poke|p2|Cresselia, F|\n|teampreview\n|inactive|Battle timer is ON: inactive players will automatically lose when time's up. (requested by Schister)\n|\n|t:|1700352287\n|start\n|switch|p1a: Iron Hands|Iron Hands|100\/100\n|switch|p1b: Chi-Yu|Chi-Yu|100\/100\n|switch|p2a: Gremlin|Grimmsnarl, M|100\/100\n|switch|p2b: HIM|Landorus-Therian, M|100\/100\n|-ability|p1b: Chi-Yu|Beads of Ruin\n|-ability|p2b: HIM|Intimidate|boost\n|-unboost|p1a: Iron Hands|atk|1\n|-unboost|p1b: Chi-Yu|atk|1\n|turn|1\n|\n|t:|1700352305\n|switch|p1b: Landorus|Landorus-Therian, M|100\/100\n|-ability|p1b: Landorus|Intimidate|boost\n|-unboost|p2a: Gremlin|atk|1\n|-unboost|p2b: HIM|atk|1\n|-terastallize|p2a: Gremlin|Ghost\n|move|p2a: Gremlin|Light Screen|p2a: Gremlin\n|-sidestart|p2: Schister|move: Light Screen\n|move|p2b: HIM|Stomping Tantrum|p1b: Landorus\n|-immune|p1b: Landorus\n|move|p1a: Iron Hands|Heavy Slam|p2a: Gremlin\n|-damage|p2a: Gremlin|71\/100\n|\n|upkeep\n|turn|2\n|inactive|PoliteGhost has 120 seconds left.\n|\n|t:|1700352338\n|move|p2a: Gremlin|Reflect|p2a: Gremlin\n|-sidestart|p2: Schister|Reflect\n|move|p1b: Landorus|Rock Slide|p2b: HIM|[spread] p2a,p2b\n|-damage|p2a: Gremlin|55\/100\n|-damage|p2b: HIM|84\/100\n|move|p2b: HIM|Stealth Rock|p1a: Iron Hands\n|-sidestart|p1: PoliteGhost|move: Stealth Rock\n|move|p1a: Iron Hands|Drain Punch|p2b: HIM\n|-resisted|p2b: HIM\n|-damage|p2b: HIM|74\/100\n|\n|upkeep\n|turn|3\n|\n|t:|1700352354\n|move|p2a: Gremlin|Parting Shot|p1b: Landorus\n|-unboost|p1b: Landorus|atk|1\n|-unboost|p1b: Landorus|spa|1\n|\n|t:|1700352359\n|switch|p2a: Bungo Kong|Rillaboom, M|100\/100|[from] Parting Shot\n|-fieldstart|move: Grassy Terrain|[from] ability: Grassy Surge|[of] p2a: Bungo Kong\n|move|p1b: Landorus|Rock Slide|p2a: Bungo Kong|[spread] p2a\n|-miss|p1b: Landorus|p2b: HIM\n|-damage|p2a: Bungo Kong|91\/100\n|move|p2b: HIM|U-turn|p1b: Landorus\n|-resisted|p1b: Landorus\n|-damage|p1b: Landorus|90\/100\n|\n|t:|1700352369\n|switch|p2b: Charlie|Skeledirge, M|100\/100|[from] U-turn\n|move|p1a: Iron Hands|Heavy Slam|p2a: Bungo Kong\n|-damage|p2a: Bungo Kong|74\/100\n|\n|-heal|p2a: Bungo Kong|80\/100|[from] Grassy Terrain\n|upkeep\n|turn|4\n|\n|t:|1700352392\n|switch|p1b: Amoonguss|Amoonguss, M|100\/100\n|-damage|p1b: Amoonguss|88\/100|[from] Stealth Rock\n|-end|p1a: Iron Hands|Quark Drive|[silent]\n|switch|p1a: Flutter Mane|Flutter Mane|100\/100\n|-damage|p1a: Flutter Mane|88\/100|[from] Stealth Rock\n|-enditem|p1a: Flutter Mane|Booster Energy\n|-activate|p1a: Flutter Mane|ability: Protosynthesis|[fromitem]\n|-start|p1a: Flutter Mane|protosynthesisspe\n|move|p2a: Bungo Kong|Wood Hammer|p1b: Amoonguss\n|-resisted|p1b: Amoonguss\n|-damage|p1b: Amoonguss|67\/100\n|-damage|p2a: Bungo Kong|64\/100|[from] item: Rocky Helmet|[of] p1b: Amoonguss\n|-damage|p2a: Bungo Kong|56\/100|[from] Recoil\n|move|p2b: Charlie|Torch Song|p1b: Amoonguss\n|-supereffective|p1b: Amoonguss\n|-damage|p1b: Amoonguss|26\/100\n|-boost|p2b: Charlie|spa|1\n|\n|-heal|p1a: Flutter Mane|94\/100|[from] Grassy Terrain\n|-heal|p2a: Bungo Kong|63\/100|[from] Grassy Terrain\n|-heal|p1b: Amoonguss|33\/100|[from] Grassy Terrain\n|upkeep\n|turn|5\n|\n|t:|1700352419\n|move|p1b: Amoonguss|Rage Powder|p1b: Amoonguss\n|-singleturn|p1b: Amoonguss|move: Rage Powder\n|move|p1a: Flutter Mane|Shadow Ball|p2b: Charlie\n|-supereffective|p2b: Charlie\n|-damage|p2b: Charlie|53\/100\n|move|p2a: Bungo Kong|Wood Hammer|p1a: Flutter Mane\n|-damage|p1a: Flutter Mane|0 fnt\n|faint|p1a: Flutter Mane\n|-end|p1a: Flutter Mane|Protosynthesis|[silent]\n|-damage|p2a: Bungo Kong|43\/100|[from] Recoil\n|move|p2b: Charlie|Torch Song|p1b: Amoonguss\n|-supereffective|p1b: Amoonguss\n|-damage|p1b: Amoonguss|0 fnt\n|-boost|p2b: Charlie|spa|1\n|faint|p1b: Amoonguss\n|\n|-heal|p2a: Bungo Kong|49\/100|[from] Grassy Terrain\n|-heal|p2b: Charlie|59\/100|[from] Grassy Terrain\n|-heal|p2b: Charlie|65\/100|[from] item: Leftovers\n|upkeep\n|inactive|PoliteGhost has 120 seconds left.\n|\n|t:|1700352438\n|switch|p1a: Chi-Yu|Chi-Yu|100\/100\n|switch|p1b: Landorus|Landorus-Therian, M|90\/100\n|-damage|p1a: Chi-Yu|76\/100|[from] Stealth Rock\n|-ability|p1a: Chi-Yu|Beads of Ruin\n|-damage|p1b: Landorus|78\/100|[from] Stealth Rock\n|-ability|p1b: Landorus|Intimidate|boost\n|-unboost|p2a: Bungo Kong|atk|1\n|-unboost|p2b: Charlie|atk|1\n|turn|6\n|\n|t:|1700352457\n|move|p2b: Charlie|Protect|p2b: Charlie\n|-singleturn|p2b: Charlie|Protect\n|move|p2a: Bungo Kong|Grassy Glide|p1b: Landorus\n|-damage|p1b: Landorus|47\/100\n|move|p1a: Chi-Yu|Heat Wave|p2b: Charlie|[spread] p2a\n|-activate|p2b: Charlie|move: Protect\n|-supereffective|p2a: Bungo Kong\n|-damage|p2a: Bungo Kong|0 fnt\n|faint|p2a: Bungo Kong\n|move|p1b: Landorus|Stomping Tantrum|p2b: Charlie\n|-activate|p2b: Charlie|move: Protect\n|\n|-heal|p1a: Chi-Yu|82\/100|[from] Grassy Terrain\n|-heal|p2b: Charlie|71\/100|[from] Grassy Terrain\n|-heal|p2b: Charlie|77\/100|[from] item: Leftovers\n|upkeep\n|\n|t:|1700352469\n|switch|p2a: Hoverboard|Cresselia, F|100\/100\n|turn|7\n|\n|t:|1700352478\n|switch|p1a: Iron Hands|Iron Hands|100\/100\n|-damage|p1a: Iron Hands|94\/100|[from] Stealth Rock\n|switch|p2b: HIM|Landorus-Therian, M|74\/100\n|-ability|p2b: HIM|Intimidate|boost\n|-unboost|p1a: Iron Hands|atk|1\n|-unboost|p1b: Landorus|atk|1\n|move|p1b: Landorus|Stomping Tantrum|p2b: HIM\n|-immune|p2b: HIM\n|move|p2a: Hoverboard|Trick Room|p2a: Hoverboard\n|-fieldstart|move: Trick Room|[of] p2a: Hoverboard\n|\n|-heal|p1a: Iron Hands|100\/100|[from] Grassy Terrain\n|-fieldend|move: Grassy Terrain\n|upkeep\n|turn|8\n|\n|t:|1700352498\n|switch|p2a: Charlie|Skeledirge, M|77\/100\n|switch|p1b: Iron Bundle|Iron Bundle|100\/100\n|-damage|p1b: Iron Bundle|76\/100|[from] Stealth Rock\n|move|p1a: Iron Hands|Fake Out|p2b: HIM\n|-damage|p2b: HIM|67\/100\n|cant|p2b: HIM|flinch\n|\n|-heal|p2a: Charlie|83\/100|[from] item: Leftovers\n|-sideend|p2: Schister|move: Light Screen\n|upkeep\n|turn|9\n|\n|t:|1700352515\n|-end|p1a: Iron Hands|Quark Drive|[silent]\n|switch|p1a: Chi-Yu|Chi-Yu|82\/100\n|-damage|p1a: Chi-Yu|57\/100|[from] Stealth Rock\n|-ability|p1a: Chi-Yu|Beads of Ruin\n|move|p2a: Charlie|Torch Song|p1a: Chi-Yu\n|-resisted|p1a: Chi-Yu\n|-damage|p1a: Chi-Yu|41\/100\n|-boost|p2a: Charlie|spa|1\n|move|p2b: HIM|Stomping Tantrum|p1b: Iron Bundle\n|-damage|p1b: Iron Bundle|0 fnt\n|faint|p1b: Iron Bundle\n|-end|p1b: Iron Bundle|Quark Drive|[silent]\n|\n|-heal|p2a: Charlie|89\/100|[from] item: Leftovers\n|-sideend|p2: Schister|Reflect\n|upkeep\n|\n|t:|1700352531\n|switch|p1b: Iron Hands|Iron Hands|100\/100\n|-damage|p1b: Iron Hands|94\/100|[from] Stealth Rock\n|turn|10\n|\n|t:|1700352541\n|switch|p2b: Gremlin|Grimmsnarl, M, tera:Ghost|55\/100\n|-terastallize|p1a: Chi-Yu|Dark\n|move|p1b: Iron Hands|Fake Out|p2b: Gremlin\n|-immune|p2b: Gremlin\n|move|p2a: Charlie|Earth Power|p1a: Chi-Yu\n|-damage|p1a: Chi-Yu|2\/100\n|move|p1a: Chi-Yu|Snarl|p2a: Charlie|[spread] p2a,p2b\n|-supereffective|p2a: Charlie\n|-supereffective|p2b: Gremlin\n|-damage|p2a: Charlie|14\/100\n|-damage|p2b: Gremlin|0 fnt\n|-unboost|p2a: Charlie|spa|1\n|faint|p2b: Gremlin\n|\n|-heal|p2a: Charlie|20\/100|[from] item: Leftovers\n|upkeep\n|\n|t:|1700352553\n|switch|p2b: Hoverboard|Cresselia, F|100\/100\n|turn|11\n|\n|t:|1700352570\n|move|p1b: Iron Hands|Wild Charge|p2a: Charlie\n|-damage|p2a: Charlie|0 fnt\n|faint|p2a: Charlie\n|-damage|p1b: Iron Hands|90\/100|[from] Recoil\n|move|p2b: Hoverboard|Lunar Blessing||[still]\n|-fail|p2b: Hoverboard\n|move|p1a: Chi-Yu|Snarl|p2b: Hoverboard\n|-supereffective|p2b: Hoverboard\n|-damage|p2b: Hoverboard|30\/100\n|-unboost|p2b: Hoverboard|spa|1\n|\n|-fieldend|move: Trick Room\n|upkeep\n|\n|t:|1700352577\n|switch|p2a: Chairbutt|Kingambit, M|100\/100\n|turn|12\n|\n|t:|1700352582\n|move|p2b: Hoverboard|Ally Switch|p2b: Hoverboard\n|swap|p2b: Hoverboard|0|[from] move: Ally Switch\n|move|p2b: Chairbutt|Sucker Punch|p1a: Chi-Yu\n|-resisted|p1a: Chi-Yu\n|-damage|p1a: Chi-Yu|0 fnt\n|faint|p1a: Chi-Yu\n|move|p1b: Iron Hands|Drain Punch|p2a: Hoverboard\n|-resisted|p2a: Hoverboard\n|-crit|p2a: Hoverboard\n|-damage|p2a: Hoverboard|9\/100\n|-heal|p1b: Iron Hands|99\/100|[from] drain|[of] p2a: Hoverboard\n|\n|upkeep\n|\n|t:|1700352590\n|switch|p1a: Landorus|Landorus-Therian, M|47\/100\n|-damage|p1a: Landorus|34\/100|[from] Stealth Rock\n|-ability|p1a: Landorus|Intimidate|boost\n|-unboost|p2a: Hoverboard|atk|1\n|-unboost|p2b: Chairbutt|atk|1\n|-ability|p2b: Chairbutt|Defiant|boost\n|-boost|p2b: Chairbutt|atk|2\n|turn|13\n|\n|t:|1700352604\n|move|p2b: Chairbutt|Protect|p2b: Chairbutt\n|-singleturn|p2b: Chairbutt|Protect\n|move|p1a: Landorus|Stomping Tantrum|p2a: Hoverboard\n|-immune|p2a: Hoverboard|[from] ability: Levitate\n|move|p2a: Hoverboard|Psychic|p1b: Iron Hands\n|-supereffective|p1b: Iron Hands\n|-damage|p1b: Iron Hands|81\/100\n|-unboost|p1b: Iron Hands|spd|1\n|move|p1b: Iron Hands|Drain Punch|p2b: Chairbutt\n|-activate|p2b: Chairbutt|move: Protect\n|\n|upkeep\n|turn|14\n|\n|t:|1700352620\n|move|p2b: Chairbutt|Sucker Punch|p1a: Landorus\n|-damage|p1a: Landorus|0 fnt\n|faint|p1a: Landorus\n|move|p2a: Hoverboard|Psychic|p1b: Iron Hands\n|-supereffective|p1b: Iron Hands\n|-damage|p1b: Iron Hands|56\/100\n|move|p1b: Iron Hands|Drain Punch|p2a: Hoverboard\n|-resisted|p2a: Hoverboard\n|-damage|p2a: Hoverboard|0 fnt\n|-heal|p1b: Iron Hands|60\/100|[from] drain|[of] p2a: Hoverboard\n|faint|p2a: Hoverboard\n|\n|upkeep\n|\n|t:|1700352629\n|switch|p2a: HIM|Landorus-Therian, M|67\/100\n|-ability|p2a: HIM|Intimidate|boost\n|-unboost|p1b: Iron Hands|atk|1\n|turn|15\n|\n|t:|1700352636\n|move|p2a: HIM|Stomping Tantrum|p1b: Iron Hands\n|-supereffective|p1b: Iron Hands\n|-damage|p1b: Iron Hands|5\/100\n|move|p1b: Iron Hands|Heavy Slam|p2a: HIM\n|-damage|p2a: HIM|38\/100\n|-enditem|p2a: HIM|Sitrus Berry|[eat]\n|-heal|p2a: HIM|63\/100|[from] item: Sitrus Berry\n|move|p2b: Chairbutt|Iron Head|p1b: Iron Hands\n|-resisted|p1b: Iron Hands\n|-damage|p1b: Iron Hands|0 fnt\n|faint|p1b: Iron Hands\n|-end|p1b: Iron Hands|Quark Drive|[silent]\n|\n|win|Schister\n|raw|PoliteGhost's rating: 1507 &rarr; <strong>1500<\/strong><br \/>(-7 for losing)\n|raw|Schister's rating: 1789 &rarr; <strong>1796<\/strong><br \/>(+7 for winning)\n","uploadtime":1700352646,"views":9,"p1id":"politeghost","p2id":"schister","formatid":"gen9doublesou","rating":1500,"private":0,"password":""}