{"id":"gen9doublesou-1982004368","p1":"UnknownOne117","p2":"Honsbeethestar1H","format":"[Gen 9] Doubles OU","log":"|j|\u2606UnknownOne117\n|j|\u2606Honsbeethestar1H\n|t:|1698958829\n|gametype|doubles\n|player|p1|UnknownOne117|n|1087\n|player|p2|Honsbeethestar1H|blackbelt-gen4dp|1000\n|teamsize|p1|6\n|teamsize|p2|6\n|gen|9\n|tier|[Gen 9] Doubles OU\n|rated|\n|rule|Species Clause: Limit one of each Pok\u00e9mon\n|rule|OHKO Clause: OHKO moves are banned\n|rule|Evasion Moves Clause: Evasion moves are banned\n|rule|Gravity Sleep Clause: The combination of sleep-inducing moves with imperfect accuracy and Gravity or Gigantamax Orbeetle are banned\n|rule|Endless Battle Clause: Forcing endless battles is banned\n|rule|HP Percentage Mod: HP is shown in percentages\n|clearpoke\n|poke|p1|Kommo-o, M|\n|poke|p1|Clefairy, F|\n|poke|p1|Landorus-Therian, M|\n|poke|p1|Flutter Mane|\n|poke|p1|Rillaboom, M|\n|poke|p1|Grimmsnarl, M|\n|poke|p2|Snorlax, M|\n|poke|p2|Sinistcha|\n|poke|p2|Landorus-Therian, M|\n|poke|p2|Iron Hands|\n|poke|p2|Clefairy, M|\n|poke|p2|Kommo-o, M|\n|teampreview\n|\n|t:|1698958849\n|start\n|switch|p1a: Kommo-o|Kommo-o, M|100\/100\n|switch|p1b: Clefairy|Clefairy, F|100\/100\n|switch|p2a: Snorlax|Snorlax, M, shiny|100\/100\n|switch|p2b: Clefairy|Clefairy, M|100\/100\n|turn|1\n|c|\u2606Honsbeethestar1H|Hi\n|inactive|Battle timer is ON: inactive players will automatically lose when time's up. (requested by UnknownOne117)\n|c|\u2606UnknownOne117|Yo\n|inactive|Honsbeethestar1H has 120 seconds left.\n|\n|t:|1698958883\n|move|p2b: Clefairy|Follow Me|p2b: Clefairy\n|-singleturn|p2b: Clefairy|move: Follow Me\n|move|p1b: Clefairy|Follow Me|p1b: Clefairy\n|-singleturn|p1b: Clefairy|move: Follow Me\n|move|p1a: Kommo-o|Clangorous Soul|p1a: Kommo-o\n|-boost|p1a: Kommo-o|atk|1\n|-boost|p1a: Kommo-o|def|1\n|-boost|p1a: Kommo-o|spa|1\n|-boost|p1a: Kommo-o|spd|1\n|-boost|p1a: Kommo-o|spe|1\n|-damage|p1a: Kommo-o|68\/100\n|-enditem|p1a: Kommo-o|Throat Spray\n|-boost|p1a: Kommo-o|spa|1|[from] item: Throat Spray\n|move|p2a: Snorlax|Belly Drum|p2a: Snorlax\n|-damage|p2a: Snorlax|50\/100\n|-setboost|p2a: Snorlax|atk|6|[from] move: Belly Drum\n|-enditem|p2a: Snorlax|Sitrus Berry|[eat]\n|-heal|p2a: Snorlax|75\/100|[from] item: Sitrus Berry\n|\n|upkeep\n|turn|2\n|\n|t:|1698958904\n|switch|p2b: Sinistcha|Sinistcha, shiny|100\/100\n|-heal|p2a: Snorlax|99\/100|[from] ability: Hospitality|[of] p2b: Sinistcha\n|move|p2a: Snorlax|Protect|p2a: Snorlax\n|-singleturn|p2a: Snorlax|Protect\n|move|p1b: Clefairy|Follow Me|p1b: Clefairy\n|-singleturn|p1b: Clefairy|move: Follow Me\n|move|p1a: Kommo-o|Aura Sphere|p2a: Snorlax\n|-activate|p2a: Snorlax|move: Protect\n|\n|upkeep\n|turn|3\n|inactive|Honsbeethestar1H has 120 seconds left.\n|inactive|Honsbeethestar1H has 90 seconds left.\n|\n|t:|1698958973\n|-terastallize|p2a: Snorlax|Ghost\n|move|p1b: Clefairy|Follow Me|p1b: Clefairy\n|-singleturn|p1b: Clefairy|move: Follow Me\n|move|p1a: Kommo-o|Aura Sphere|p2a: Snorlax\n|-immune|p2a: Snorlax\n|move|p2b: Sinistcha|Strength Sap|p1b: Clefairy\n|-unboost|p1b: Clefairy|atk|1\n|move|p2a: Snorlax|High Horsepower|p1b: Clefairy\n|-damage|p1b: Clefairy|0 fnt\n|faint|p1b: Clefairy\n|\n|upkeep\n|inactive|UnknownOne117 has 120 seconds left.\n|\n|t:|1698959000\n|switch|p1b: Flutter Mane|Flutter Mane|100\/100\n|-enditem|p1b: Flutter Mane|Booster Energy\n|-activate|p1b: Flutter Mane|ability: Protosynthesis|[fromitem]\n|-start|p1b: Flutter Mane|protosynthesisspe\n|turn|4\n|\n|t:|1698959018\n|move|p1b: Flutter Mane|Shadow Ball|p2b: Sinistcha\n|-supereffective|p2b: Sinistcha\n|-damage|p2b: Sinistcha|29\/100\n|move|p1a: Kommo-o|Clanging Scales|p2b: Sinistcha|[spread] p2a,p2b\n|-crit|p2a: Snorlax\n|-damage|p2a: Snorlax|35\/100\n|-damage|p2b: Sinistcha|0 fnt\n|faint|p2b: Sinistcha\n|-unboost|p1a: Kommo-o|def|1\n|move|p2a: Snorlax|Facade|p1b: Flutter Mane\n|-immune|p1b: Flutter Mane\n|\n|upkeep\n|inactive|Honsbeethestar1H has 90 seconds left.\n|c|\u2606UnknownOne117|Bro\n|c|\u2606UnknownOne117|did you forget its a normal move?\n|inactive|Honsbeethestar1H has 60 seconds left.\n|c|\u2606UnknownOne117|Or did you think i was gonna tera\n|\n|t:|1698959079\n|switch|p2b: Clefairy|Clefairy, M|100\/100\n|turn|5\n|inactive|Honsbeethestar1H has 60 seconds left.\n|\n|t:|1698959097\n|move|p2b: Clefairy|Follow Me|p2b: Clefairy\n|-singleturn|p2b: Clefairy|move: Follow Me\n|move|p1b: Flutter Mane|Shadow Ball|p2b: Clefairy\n|-damage|p2b: Clefairy|70\/100\n|-unboost|p2b: Clefairy|spd|1\n|move|p1a: Kommo-o|Flash Cannon|p2b: Clefairy\n|-supereffective|p2b: Clefairy\n|-damage|p2b: Clefairy|0 fnt\n|faint|p2b: Clefairy\n|move|p2a: Snorlax|Facade|p1b: Flutter Mane\n|-immune|p1b: Flutter Mane\n|\n|upkeep\n|\n|t:|1698959117\n|switch|p2b: Landorus|Landorus-Therian, M, shiny|100\/100\n|-ability|p2b: Landorus|Intimidate|boost\n|-unboost|p1a: Kommo-o|atk|1\n|-unboost|p1b: Flutter Mane|atk|1\n|turn|6\n|inactive|Honsbeethestar1H has 60 seconds left.\n|\n|t:|1698959137\n|move|p1b: Flutter Mane|Shadow Ball|p2b: Landorus\n|-damage|p2b: Landorus|40\/100\n|-unboost|p2b: Landorus|spd|1\n|move|p1a: Kommo-o|Clanging Scales|p2a: Snorlax|[spread] p2a,p2b\n|-damage|p2a: Snorlax|0 fnt\n|-damage|p2b: Landorus|0 fnt\n|faint|p2a: Snorlax\n|faint|p2b: Landorus\n|-unboost|p1a: Kommo-o|def|1\n|\n|upkeep\n|-message|Honsbeethestar1H forfeited.\n|\n|win|UnknownOne117\n|raw|UnknownOne117's rating: 1087 &rarr; <strong>1107<\/strong><br \/>(+20 for winning)\n|raw|Honsbeethestar1H's rating: 1000 &rarr; <strong>1000<\/strong><br \/>(+0 for losing)\n|l|\u2606Honsbeethestar1H\n","uploadtime":1698959155,"views":22,"p1id":"unknownone117","p2id":"honsbeethestar1h","formatid":"gen9doublesou","rating":1000,"private":0,"password":""}