{"id":"gen9doublesou-1982777620","p1":"KyroZag","p2":"doggo of war","format":"[Gen 9] Doubles OU","log":"|j|\u2606KyroZag\n|j|\u2606doggo of war\n|t:|1699043934\n|gametype|doubles\n|player|p1|KyroZag|ash|1120\n|player|p2|doggo of war|ingo|1000\n|teamsize|p1|6\n|teamsize|p2|6\n|gen|9\n|tier|[Gen 9] Doubles OU\n|rated|\n|rule|Species Clause: Limit one of each Pok\u00e9mon\n|rule|OHKO Clause: OHKO moves are banned\n|rule|Evasion Moves Clause: Evasion moves are banned\n|rule|Gravity Sleep Clause: The combination of sleep-inducing moves with imperfect accuracy and Gravity or Gigantamax Orbeetle are banned\n|rule|Endless Battle Clause: Forcing endless battles is banned\n|rule|HP Percentage Mod: HP is shown in percentages\n|clearpoke\n|poke|p1|Meowscarada, F|\n|poke|p1|Rillaboom, M|\n|poke|p1|Ninetales, M|\n|poke|p1|Lilligant-Hisui, F|\n|poke|p1|Hawlucha, M|\n|poke|p1|Grimmsnarl, M|\n|poke|p2|Torkoal, F|\n|poke|p2|Leafeon, F|\n|poke|p2|Gliscor, F|\n|poke|p2|Golem-Alola, M|\n|poke|p2|Slither Wing|\n|poke|p2|Florges, F|\n|teampreview\n|inactive|Battle timer is ON: inactive players will automatically lose when time's up. (requested by KyroZag)\n|\n|t:|1699043956\n|start\n|switch|p1a: Grimmsnarl|Grimmsnarl, M|100\/100\n|switch|p1b: Rillaboom|Rillaboom, M|100\/100\n|switch|p2a: Pipe Bomb|Gliscor, F|100\/100\n|switch|p2b: Florges|Florges, F|100\/100\n|-fieldstart|move: Grassy Terrain|[from] ability: Grassy Surge|[of] p1b: Rillaboom\n|turn|1\n|\n|t:|1699043974\n|move|p1a: Grimmsnarl|Taunt|p2b: Florges\n|-start|p2b: Florges|move: Taunt\n|move|p2a: Pipe Bomb|Swords Dance|p2a: Pipe Bomb\n|-boost|p2a: Pipe Bomb|atk|2\n|move|p1b: Rillaboom|Knock Off|p2a: Pipe Bomb\n|-damage|p2a: Pipe Bomb|47\/100\n|-enditem|p2a: Pipe Bomb|Toxic Orb|[from] move: Knock Off|[of] p1b: Rillaboom\n|cant|p2b: Florges|move: Taunt|Charm\n|\n|upkeep\n|turn|2\n|\n|t:|1699043991\n|move|p1a: Grimmsnarl|Reflect|p1a: Grimmsnarl\n|-sidestart|p1: KyroZag|Reflect\n|move|p2a: Pipe Bomb|Acrobatics|p1b: Rillaboom\n|-supereffective|p1b: Rillaboom\n|-damage|p1b: Rillaboom|0 fnt\n|faint|p1b: Rillaboom\n|move|p2b: Florges|Draining Kiss|p1a: Grimmsnarl\n|-supereffective|p1a: Grimmsnarl\n|-damage|p1a: Grimmsnarl|62\/100\n|\n|-heal|p1a: Grimmsnarl|68\/100|[from] Grassy Terrain\n|upkeep\n|\n|t:|1699044002\n|switch|p1b: Hawlucha|Hawlucha, M, shiny|100\/100\n|-enditem|p1b: Hawlucha|Grassy Seed\n|-boost|p1b: Hawlucha|def|1|[from] item: Grassy Seed\n|turn|3\n|\n|t:|1699044018\n|move|p1a: Grimmsnarl|Reflect||[still]\n|-fail|p1a: Grimmsnarl\n|move|p1b: Hawlucha|Acrobatics|p2a: Pipe Bomb\n|-damage|p2a: Pipe Bomb|0 fnt\n|faint|p2a: Pipe Bomb\n|move|p2b: Florges|Draining Kiss|p1b: Hawlucha\n|-supereffective|p1b: Hawlucha\n|-damage|p1b: Hawlucha|11\/100\n|\n|-heal|p1a: Grimmsnarl|74\/100|[from] Grassy Terrain\n|-end|p2b: Florges|move: Taunt\n|upkeep\n|\n|t:|1699044043\n|switch|p2a: Slither Wing|Slither Wing|100\/100\n|turn|4\n|\n|t:|1699044059\n|move|p1a: Grimmsnarl|Light Screen|p1a: Grimmsnarl\n|-sidestart|p1: KyroZag|move: Light Screen\n|move|p1b: Hawlucha|Acrobatics|p2b: Florges\n|-damage|p2b: Florges|36\/100\n|move|p2a: Slither Wing|Flame Charge|p1a: Grimmsnarl\n|-damage|p1a: Grimmsnarl|60\/100\n|-boost|p2a: Slither Wing|spe|1\n|move|p2b: Florges|Draining Kiss|p1b: Hawlucha\n|-supereffective|p1b: Hawlucha\n|-damage|p1b: Hawlucha|0 fnt\n|-heal|p2b: Florges|42\/100|[from] drain|[of] p1b: Hawlucha\n|faint|p1b: Hawlucha\n|\n|-heal|p2b: Florges|49\/100|[from] Grassy Terrain\n|-heal|p2b: Florges|55\/100|[from] item: Leftovers\n|-heal|p1a: Grimmsnarl|66\/100|[from] Grassy Terrain\n|upkeep\n|\n|t:|1699044065\n|switch|p1b: Lilligant|Lilligant-Hisui, F|100\/100\n|turn|5\n|\n|t:|1699044088\n|move|p1a: Grimmsnarl|Taunt|p2b: Florges\n|-start|p2b: Florges|move: Taunt\n|move|p2a: Slither Wing|Lunge|p1b: Lilligant\n|-damage|p1b: Lilligant|55\/100\n|-unboost|p1b: Lilligant|atk|1\n|move|p1b: Lilligant|Victory Dance|p1b: Lilligant\n|-boost|p1b: Lilligant|atk|1\n|-boost|p1b: Lilligant|def|1\n|-boost|p1b: Lilligant|spe|1\n|move|p2b: Florges|Draining Kiss|p1a: Grimmsnarl\n|-supereffective|p1a: Grimmsnarl\n|-damage|p1a: Grimmsnarl|41\/100\n|-heal|p2b: Florges|75\/100|[from] drain|[of] p1a: Grimmsnarl\n|\n|-heal|p1b: Lilligant|61\/100|[from] Grassy Terrain\n|-heal|p1b: Lilligant|67\/100|[from] item: Leftovers\n|-heal|p2b: Florges|82\/100|[from] Grassy Terrain\n|-heal|p2b: Florges|88\/100|[from] item: Leftovers\n|-heal|p1a: Grimmsnarl|47\/100|[from] Grassy Terrain\n|-fieldend|move: Grassy Terrain\n|upkeep\n|turn|6\n|\n|t:|1699044115\n|switch|p1a: Ninetales|Ninetales, M|100\/100\n|-weather|SunnyDay|[from] ability: Drought|[of] p1a: Ninetales\n|-activate|p2a: Slither Wing|ability: Protosynthesis\n|-start|p2a: Slither Wing|protosynthesisspe\n|-terastallize|p1b: Lilligant|Ghost\n|move|p1b: Lilligant|Close Combat|p2a: Slither Wing\n|-resisted|p2a: Slither Wing\n|-damage|p2a: Slither Wing|65\/100\n|-unboost|p1b: Lilligant|def|1\n|-unboost|p1b: Lilligant|spd|1\n|-enditem|p2a: Slither Wing|Red Card|[of] p1b: Lilligant\n|-activate|p2b: Florges|ability: Symbiosis|Leftovers|[of] p2a: Slither Wing\n|drag|p1b: Grimmsnarl|Grimmsnarl, M|47\/100\n|move|p2a: Slither Wing|Lunge|p1b: Grimmsnarl\n|-damage|p1b: Grimmsnarl|14\/100\n|-unboost|p1b: Grimmsnarl|atk|1\n|move|p2b: Florges|Draining Kiss|p1a: Ninetales\n|-resisted|p1a: Ninetales\n|-damage|p1a: Ninetales|93\/100\n|-heal|p2b: Florges|93\/100|[from] drain|[of] p1a: Ninetales\n|\n|-weather|SunnyDay|[upkeep]\n|-heal|p2a: Slither Wing|71\/100|[from] item: Leftovers\n|upkeep\n|turn|7\n|inactive|doggo of war has 120 seconds left.\n|\n|t:|1699044153\n|move|p2a: Slither Wing|Flame Charge|p1b: Grimmsnarl\n|-damage|p1b: Grimmsnarl|0 fnt\n|-boost|p2a: Slither Wing|spe|1\n|faint|p1b: Grimmsnarl\n|move|p1a: Ninetales|Hypnosis|p2a: Slither Wing\n|-status|p2a: Slither Wing|slp|[from] move: Hypnosis\n|move|p2b: Florges|Draining Kiss|p1a: Ninetales\n|-resisted|p1a: Ninetales\n|-damage|p1a: Ninetales|85\/100\n|-heal|p2b: Florges|99\/100|[from] drain|[of] p1a: Ninetales\n|\n|-weather|SunnyDay|[upkeep]\n|-heal|p2a: Slither Wing|77\/100 slp|[from] item: Leftovers\n|-end|p2b: Florges|move: Taunt\n|upkeep\n|\n|t:|1699044158\n|switch|p1b: Lilligant|Lilligant-Hisui, F, tera:Ghost|67\/100\n|turn|8\n|\n|t:|1699044168\n|cant|p2a: Slither Wing|slp\n|move|p1b: Lilligant|Victory Dance|p1b: Lilligant\n|-boost|p1b: Lilligant|atk|1\n|-boost|p1b: Lilligant|def|1\n|-boost|p1b: Lilligant|spe|1\n|move|p1a: Ninetales|Hypnosis|p2b: Florges|[miss]\n|-miss|p1a: Ninetales|p2b: Florges\n|move|p2b: Florges|Charm|p1b: Lilligant\n|-unboost|p1b: Lilligant|atk|2\n|\n|-weather|SunnyDay|[upkeep]\n|-heal|p1b: Lilligant|73\/100|[from] item: Leftovers\n|-heal|p2a: Slither Wing|83\/100 slp|[from] item: Leftovers\n|upkeep\n|turn|9\n|\n|t:|1699044187\n|move|p1b: Lilligant|Victory Dance|p1b: Lilligant\n|-boost|p1b: Lilligant|atk|1\n|-boost|p1b: Lilligant|def|1\n|-boost|p1b: Lilligant|spe|1\n|cant|p2a: Slither Wing|slp\n|move|p1a: Ninetales|Overheat|p2a: Slither Wing\n|-supereffective|p2a: Slither Wing\n|-damage|p2a: Slither Wing|0 fnt\n|-unboost|p1a: Ninetales|spa|2\n|faint|p2a: Slither Wing\n|-end|p2a: Slither Wing|Protosynthesis|[silent]\n|move|p2b: Florges|Calm Mind|p2b: Florges\n|-boost|p2b: Florges|spa|1\n|-boost|p2b: Florges|spd|1\n|\n|-weather|SunnyDay|[upkeep]\n|-heal|p1b: Lilligant|79\/100|[from] item: Leftovers\n|-sideend|p1: KyroZag|Reflect\n|upkeep\n|\n|t:|1699044199\n|switch|p2a: Metal Pole|Golem-Alola, M|100\/100\n|turn|10\n|\n|t:|1699044211\n|move|p2b: Florges|Helping Hand|p2a: Metal Pole\n|-singleturn|p2a: Metal Pole|Helping Hand|[of] p2b: Florges\n|move|p1b: Lilligant|Solar Blade||[still]\n|-prepare|p1b: Lilligant|Solar Blade\n|-anim|p1b: Lilligant|Solar Blade|p2a: Metal Pole\n|-supereffective|p2a: Metal Pole\n|-damage|p2a: Metal Pole|0 fnt\n|faint|p2a: Metal Pole\n|move|p1a: Ninetales|Encore|p2b: Florges\n|-start|p2b: Florges|Encore\n|\n|-weather|SunnyDay|[upkeep]\n|-heal|p1b: Lilligant|85\/100|[from] item: Leftovers\n|upkeep\n|\n|t:|1699044222\n|switch|p2a: Arson|Torkoal, F|100\/100\n|turn|11\n|\n|t:|1699044236\n|move|p2b: Florges|Helping Hand|p2a: Arson\n|-singleturn|p2a: Arson|Helping Hand|[of] p2b: Florges\n|move|p1b: Lilligant|Close Combat|p2a: Arson\n|-damage|p2a: Arson|58\/100\n|-unboost|p1b: Lilligant|def|1\n|-unboost|p1b: Lilligant|spd|1\n|move|p1a: Ninetales|Hypnosis|p2a: Arson|[miss]\n|-miss|p1a: Ninetales|p2a: Arson\n|move|p2a: Arson|Lava Plume|p1b: Lilligant|[spread] p2b,p1a,p1b\n|-resisted|p1a: Ninetales\n|-crit|p1a: Ninetales\n|-damage|p2b: Florges|73\/100\n|-damage|p1a: Ninetales|44\/100\n|-damage|p1b: Lilligant|0 fnt\n|faint|p1b: Lilligant\n|\n|-weather|SunnyDay|[upkeep]\n|-sideend|p1: KyroZag|move: Light Screen\n|upkeep\n|\n|t:|1699044243\n|switch|p1b: Meowscarada|Meowscarada, F|100\/100\n|turn|12\n|\n|t:|1699044262\n|move|p2b: Florges|Helping Hand|p2a: Arson\n|-singleturn|p2a: Arson|Helping Hand|[of] p2b: Florges\n|move|p1b: Meowscarada|Knock Off|p2a: Arson\n|-start|p1b: Meowscarada|typechange|Dark|[from] ability: Protean\n|-damage|p2a: Arson|9\/100\n|-enditem|p2a: Arson|Heat Rock|[from] move: Knock Off|[of] p1b: Meowscarada\n|move|p1a: Ninetales|Hypnosis|p2a: Arson|[miss]\n|-miss|p1a: Ninetales|p2a: Arson\n|move|p2a: Arson|Lava Plume|p1b: Meowscarada|[spread] p2b,p1a,p1b\n|-resisted|p1a: Ninetales\n|-damage|p2b: Florges|50\/100\n|-damage|p1a: Ninetales|15\/100\n|-damage|p1b: Meowscarada|4\/100\n|-status|p2b: Florges|brn\n|\n|-weather|SunnyDay|[upkeep]\n|-damage|p2b: Florges|44\/100 brn|[from] brn\n|upkeep\n|turn|13\n|\n|t:|1699044284\n|move|p2b: Florges|Helping Hand|p2a: Arson\n|-singleturn|p2a: Arson|Helping Hand|[of] p2b: Florges\n|move|p1b: Meowscarada|Knock Off|p2a: Arson\n|-damage|p2a: Arson|0 fnt\n|faint|p2a: Arson\n|move|p1a: Ninetales|Psyshock|p2b: Florges\n|-damage|p2b: Florges|33\/100 brn\n|\n|-weather|none\n|-damage|p2b: Florges|27\/100 brn|[from] brn\n|-end|p2b: Florges|Encore\n|upkeep\n|\n|t:|1699044291\n|switch|p2a: Assault|Leafeon, F|100\/100\n|turn|14\n|\n|t:|1699044304\n|-terastallize|p2a: Assault|Normal\n|move|p1b: Meowscarada|Knock Off|p2a: Assault\n|-damage|p2a: Assault|30\/100\n|-enditem|p2a: Assault|Weakness Policy|[from] move: Knock Off|[of] p1b: Meowscarada\n|move|p1a: Ninetales|Encore|p2b: Florges\n|-start|p2b: Florges|Encore\n|move|p2a: Assault|Body Slam|p1a: Ninetales\n|-damage|p1a: Ninetales|0 fnt\n|faint|p1a: Ninetales\n|move|p2b: Florges|Helping Hand||[still]\n|-fail|p2b: Florges\n|\n|-damage|p2b: Florges|21\/100 brn|[from] brn\n|upkeep\n|turn|15\n|\n|t:|1699044319\n|move|p2b: Florges|Helping Hand|p2a: Assault\n|-singleturn|p2a: Assault|Helping Hand|[of] p2b: Florges\n|move|p1b: Meowscarada|Knock Off|p2a: Assault\n|-damage|p2a: Assault|0 fnt\n|faint|p2a: Assault\n|\n|-damage|p2b: Florges|15\/100 brn|[from] brn\n|upkeep\n|turn|16\n|\n|t:|1699044325\n|move|p2b: Florges|Helping Hand|p2: Assault|[notarget]\n|-fail|p2b: Florges\n|move|p1b: Meowscarada|Knock Off|p2b: Florges\n|-resisted|p2b: Florges\n|-damage|p2b: Florges|0 fnt\n|faint|p2b: Florges\n|\n|win|KyroZag\n|raw|KyroZag's rating: 1120 &rarr; <strong>1137<\/strong><br \/>(+17 for winning)\n|raw|doggo of war's rating: 1000 &rarr; <strong>1000<\/strong><br \/>(+0 for losing)\n|l|\u2606doggo of war\n|c|\u2606KyroZag|GG\n","uploadtime":1699044339,"views":19,"p1id":"kyrozag","p2id":"doggoofwar","formatid":"gen9doublesou","rating":1000,"private":0,"password":""}