{"id":"gen9doublesou-1981413450","p1":"Elite.4.Challenger","p2":"zeref203","format":"[Gen 9] Doubles OU","log":"|j|\u2606Elite.4.Challenger\n|j|\u2606zeref203\n|t:|1698893081\n|gametype|doubles\n|player|p1|Elite.4.Challenger|koga|1113\n|player|p2|zeref203|102|1228\n|teamsize|p1|6\n|teamsize|p2|6\n|gen|9\n|tier|[Gen 9] Doubles OU\n|rated|\n|rule|Species Clause: Limit one of each Pok\u00e9mon\n|rule|OHKO Clause: OHKO moves are banned\n|rule|Evasion Moves Clause: Evasion moves are banned\n|rule|Gravity Sleep Clause: The combination of sleep-inducing moves with imperfect accuracy and Gravity or Gigantamax Orbeetle are banned\n|rule|Endless Battle Clause: Forcing endless battles is banned\n|rule|HP Percentage Mod: HP is shown in percentages\n|clearpoke\n|poke|p1|Zapdos|\n|poke|p1|Iron Hands|\n|poke|p1|Basculegion-F, F|\n|poke|p1|Goodra-Hisui, M|\n|poke|p1|Politoed, F|\n|poke|p1|Toxicroak, F|\n|poke|p2|Great Tusk|\n|poke|p2|Ninetales, M|\n|poke|p2|Sableye, M|\n|poke|p2|Flutter Mane|\n|poke|p2|Goodra-Hisui, M|\n|poke|p2|Arboliva, F|\n|teampreview\n|inactive|Battle timer is ON: inactive players will automatically lose when time's up. (requested by zeref203)\n|\n|t:|1698893092\n|start\n|switch|p1a: Toxicroak|Toxicroak, F|100\/100\n|switch|p1b: Zapdos|Zapdos|100\/100\n|switch|p2a: Geld|Great Tusk|100\/100\n|switch|p2b: Milim|Flutter Mane|100\/100\n|turn|1\n|\n|t:|1698893105\n|move|p1a: Toxicroak|Fake Out|p2a: Geld\n|-damage|p2a: Geld|88\/100\n|-damage|p1a: Toxicroak|91\/100|[from] item: Life Orb\n|move|p2b: Milim|Shadow Ball|p1b: Zapdos\n|-damage|p1b: Zapdos|51\/100\n|move|p1b: Zapdos|Tailwind|p1b: Zapdos\n|-sidestart|p1: Elite.4.Challenger|move: Tailwind\n|cant|p2a: Geld|flinch\n|\n|upkeep\n|turn|2\n|\n|t:|1698893128\n|move|p1b: Zapdos|Volt Switch|p2b: Milim\n|-crit|p2b: Milim\n|-damage|p2b: Milim|43\/100\n|\n|t:|1698893132\n|switch|p1b: Politoed|Politoed, F|100\/100|[from] Volt Switch\n|-weather|RainDance|[from] ability: Drizzle|[of] p1b: Politoed\n|move|p1a: Toxicroak|Poison Jab|p2b: Milim\n|-damage|p2b: Milim|0 fnt\n|faint|p2b: Milim\n|-end|p2b: Milim|Protosynthesis|[silent]\n|-damage|p1a: Toxicroak|81\/100|[from] item: Life Orb\n|move|p2a: Geld|Headlong Rush|p1a: Toxicroak\n|-supereffective|p1a: Toxicroak\n|-damage|p1a: Toxicroak|0 fnt\n|-unboost|p2a: Geld|def|1\n|-unboost|p2a: Geld|spd|1\n|-enditem|p2a: Geld|Eject Pack\n|faint|p1a: Toxicroak\n|\n|t:|1698893148\n|-end|p2a: Geld|Protosynthesis|[silent]\n|switch|p2a: Benimaru|Ninetales, M|100\/100\n|-weather|SunnyDay|[from] ability: Drought|[of] p2a: Benimaru\n|\n|-weather|SunnyDay|[upkeep]\n|upkeep\n|\n|t:|1698893161\n|switch|p2b: Diablo|Sableye, M, shiny|100\/100\n|switch|p1a: Joe Gatto|Iron Hands|100\/100\n|turn|3\n|\n|t:|1698893173\n|switch|p1b: Goodra|Goodra-Hisui, M|100\/100\n|move|p2a: Benimaru|Protect|p2a: Benimaru\n|-singleturn|p2a: Benimaru|Protect\n|move|p1a: Joe Gatto|Fake Out|p2a: Benimaru\n|-activate|p2a: Benimaru|move: Protect\n|move|p2b: Diablo|Will-O-Wisp|p1b: Goodra\n|-status|p1b: Goodra|brn\n|\n|-weather|SunnyDay|[upkeep]\n|-damage|p1b: Goodra|94\/100 brn|[from] brn\n|upkeep\n|turn|4\n|inactive|Elite.4.Challenger has 120 seconds left.\n|inactive|Elite.4.Challenger has 90 seconds left.\n|\n|t:|1698893235\n|switch|p1b: Zapdos|Zapdos|51\/100\n|move|p2b: Diablo|Encore|p1a: Joe Gatto\n|-start|p1a: Joe Gatto|Encore\n|move|p2a: Benimaru|Heat Wave|p1b: Zapdos|[spread] p1b\n|-miss|p2a: Benimaru|p1a: Joe Gatto\n|-damage|p1b: Zapdos|0 fnt\n|faint|p1b: Zapdos\n|move|p1a: Joe Gatto|Fake Out||[still]\n|-hint|Fake Out only works on your first turn out.\n|-fail|p1a: Joe Gatto\n|\n|-weather|SunnyDay|[upkeep]\n|-sideend|p1: Elite.4.Challenger|move: Tailwind\n|upkeep\n|inactive|Elite.4.Challenger has 90 seconds left.\n|\n|t:|1698893243\n|switch|p1b: Politoed|Politoed, F|100\/100\n|-weather|RainDance|[from] ability: Drizzle|[of] p1b: Politoed\n|turn|5\n|inactive|Elite.4.Challenger has 90 seconds left.\n|inactive|Elite.4.Challenger has 60 seconds left.\n|inactive|Elite.4.Challenger has 30 seconds left.\n|inactive|Elite.4.Challenger has 20 seconds left.\n|\n|t:|1698893342\n|switch|p2a: Shion|Arboliva, F|100\/100\n|-end|p1a: Joe Gatto|Quark Drive|[silent]\n|switch|p1a: Basculegion|Basculegion-F, F|100\/100\n|move|p2b: Diablo|Will-O-Wisp|p1b: Politoed|[miss]\n|-miss|p2b: Diablo|p1b: Politoed\n|move|p1b: Politoed|Icy Wind|p2b: Diablo|[spread] p2a,p2b\n|-supereffective|p2a: Shion\n|-damage|p2a: Shion|85\/100\n|-damage|p2b: Diablo|92\/100\n|-unboost|p2a: Shion|spe|1\n|-unboost|p2b: Diablo|spe|1\n|\n|-weather|RainDance|[upkeep]\n|-heal|p2b: Diablo|98\/100|[from] item: Leftovers\n|upkeep\n|turn|6\n|inactive|Elite.4.Challenger has 30 seconds left.\n|inactive|Elite.4.Challenger has 20 seconds left.\n|inactive|Elite.4.Challenger has 15 seconds left.\n|inactive|Elite.4.Challenger has 10 seconds left.\n|inactive|Elite.4.Challenger has 5 seconds left.\n|\n|t:|1698893386\n|switch|p1b: Goodra|Goodra-Hisui, M|94\/100 brn\n|move|p1a: Basculegion|Ice Beam|p2a: Shion\n|-supereffective|p2a: Shion\n|-damage|p2a: Shion|9\/100\n|-status|p2a: Shion|frz\n|-enditem|p2a: Shion|Iapapa Berry|[eat]\n|-heal|p2a: Shion|42\/100 frz|[from] item: Iapapa Berry\n|move|p2b: Diablo|Foul Play|p1a: Basculegion\n|-supereffective|p1a: Basculegion\n|-damage|p1a: Basculegion|46\/100\n|cant|p2a: Shion|frz\n|\n|-weather|RainDance|[upkeep]\n|-heal|p2b: Diablo|100\/100|[from] item: Leftovers\n|-damage|p1b: Goodra|88\/100 brn|[from] brn\n|-item|p2a: Shion|Iapapa Berry|[from] ability: Harvest\n|upkeep\n|turn|7\n|inactive|Elite.4.Challenger has 30 seconds left this turn.\n|inactive|Elite.4.Challenger has 20 seconds left.\n|inactive|Elite.4.Challenger has 15 seconds left.\n|inactive|Elite.4.Challenger has 10 seconds left.\n|inactive|zeref203 has 120 seconds left.\n|\n|t:|1698893417\n|switch|p1a: Politoed|Politoed, F|100\/100\n|cant|p2a: Shion|frz\n|move|p2b: Diablo|Will-O-Wisp|p1a: Politoed\n|-status|p1a: Politoed|brn\n|move|p1b: Goodra|Acid Spray|p2b: Diablo\n|-resisted|p2b: Diablo\n|-damage|p2b: Diablo|94\/100\n|-unboost|p2b: Diablo|spd|2\n|\n|-weather|RainDance|[upkeep]\n|-heal|p2b: Diablo|99\/100|[from] item: Leftovers\n|-damage|p1a: Politoed|94\/100 brn|[from] brn\n|-damage|p1b: Goodra|82\/100 brn|[from] brn\n|upkeep\n|turn|8\n|inactive|Elite.4.Challenger has 30 seconds left.\n|inactive|Elite.4.Challenger has 20 seconds left.\n|inactive|Elite.4.Challenger has 15 seconds left.\n|\n|t:|1698893440\n|move|p1a: Politoed|Helping Hand|p1b: Goodra\n|-singleturn|p1b: Goodra|Helping Hand|[of] p1a: Politoed\n|cant|p2a: Shion|frz\n|move|p2b: Diablo|Taunt|p1b: Goodra\n|-start|p1b: Goodra|move: Taunt\n|cant|p1b: Goodra|move: Taunt|Life Dew\n|\n|-weather|RainDance|[upkeep]\n|-heal|p2b: Diablo|100\/100|[from] item: Leftovers\n|-damage|p1a: Politoed|88\/100 brn|[from] brn\n|-damage|p1b: Goodra|76\/100 brn|[from] brn\n|upkeep\n|turn|9\n|inactive|Elite.4.Challenger has 30 seconds left.\n|\n|t:|1698893460\n|move|p2b: Diablo|Encore|p1b: Goodra\n|-start|p1b: Goodra|Encore\n|move|p1a: Politoed|Icy Wind|p2a: Shion|[spread] p2a,p2b\n|-supereffective|p2a: Shion\n|-damage|p2a: Shion|26\/100 frz\n|-damage|p2b: Diablo|83\/100\n|-unboost|p2a: Shion|spe|1\n|-unboost|p2b: Diablo|spe|1\n|move|p1b: Goodra|Acid Spray|p2a: Shion\n|-supereffective|p2a: Shion\n|-damage|p2a: Shion|4\/100 frz\n|-unboost|p2a: Shion|spd|2\n|-enditem|p2a: Shion|Iapapa Berry|[eat]\n|-heal|p2a: Shion|37\/100 frz|[from] item: Iapapa Berry\n|cant|p2a: Shion|frz\n|\n|-weather|RainDance|[upkeep]\n|-heal|p2b: Diablo|89\/100|[from] item: Leftovers\n|-damage|p1a: Politoed|82\/100 brn|[from] brn\n|-damage|p1b: Goodra|70\/100 brn|[from] brn\n|-item|p2a: Shion|Iapapa Berry|[from] ability: Harvest\n|upkeep\n|turn|10\n|inactive|Elite.4.Challenger has 30 seconds left.\n|inactive|Elite.4.Challenger has 20 seconds left.\n|\n|t:|1698893493\n|switch|p1b: Joe Gatto|Iron Hands|100\/100\n|move|p2b: Diablo|Taunt|p1a: Politoed\n|-start|p1a: Politoed|move: Taunt\n|move|p1a: Politoed|Icy Wind|p2a: Shion|[spread] p2a,p2b\n|-supereffective|p2a: Shion\n|-crit|p2b: Diablo\n|-damage|p2a: Shion|5\/100 frz\n|-damage|p2b: Diablo|59\/100\n|-unboost|p2a: Shion|spe|1\n|-unboost|p2b: Diablo|spe|1\n|-enditem|p2a: Shion|Iapapa Berry|[eat]\n|-heal|p2a: Shion|38\/100 frz|[from] item: Iapapa Berry\n|cant|p2a: Shion|frz\n|\n|-weather|RainDance|[upkeep]\n|-heal|p2b: Diablo|65\/100|[from] item: Leftovers\n|-damage|p1a: Politoed|75\/100 brn|[from] brn\n|upkeep\n|turn|11\n|inactive|Elite.4.Challenger has 30 seconds left.\n|inactive|Elite.4.Challenger has 20 seconds left.\n|inactive|Elite.4.Challenger has 15 seconds left.\n|inactive|Elite.4.Challenger has 10 seconds left.\n|inactive|Elite.4.Challenger has 5 seconds left.\n|\n|t:|1698893534\n|-curestatus|p2a: Shion|frz|[msg]\n|move|p2a: Shion|Protect|p2a: Shion\n|-singleturn|p2a: Shion|Protect\n|move|p2b: Diablo|Will-O-Wisp|p1b: Joe Gatto\n|-status|p1b: Joe Gatto|brn\n|move|p1a: Politoed|Icy Wind|p2a: Shion|[spread] p2b\n|-activate|p2a: Shion|move: Protect\n|-damage|p2b: Diablo|46\/100\n|-unboost|p2b: Diablo|spe|1\n|move|p1b: Joe Gatto|Drain Punch|p2a: Shion\n|-activate|p2a: Shion|move: Protect\n|\n|-weather|RainDance|[upkeep]\n|-heal|p2b: Diablo|52\/100|[from] item: Leftovers\n|-damage|p1a: Politoed|69\/100 brn|[from] brn\n|-damage|p1b: Joe Gatto|94\/100 brn|[from] brn\n|-item|p2a: Shion|Iapapa Berry|[from] ability: Harvest\n|upkeep\n|turn|12\n|inactive|Elite.4.Challenger has 30 seconds left this turn.\n|inactive|Elite.4.Challenger has 20 seconds left.\n|inactive|Elite.4.Challenger has 15 seconds left.\n|inactive|zeref203 has 120 seconds left.\n|\n|t:|1698893581\n|move|p2b: Diablo|Taunt||[still]\n|-fail|p2b: Diablo\n|move|p1a: Politoed|Surf|p2b: Diablo|[spread] p1b,p2a,p2b\n|-resisted|p2a: Shion\n|-damage|p1b: Joe Gatto|65\/100 brn\n|-damage|p2a: Shion|6\/100\n|-damage|p2b: Diablo|0 fnt\n|-enditem|p2a: Shion|Iapapa Berry|[eat]\n|-heal|p2a: Shion|39\/100|[from] item: Iapapa Berry\n|faint|p2b: Diablo\n|move|p1b: Joe Gatto|Swords Dance|p1b: Joe Gatto\n|-boost|p1b: Joe Gatto|atk|2\n|move|p2a: Shion|Giga Drain|p1a: Politoed\n|-supereffective|p1a: Politoed\n|-crit|p1a: Politoed\n|-damage|p1a: Politoed|0 fnt\n|-heal|p2a: Shion|84\/100|[from] drain|[of] p1a: Politoed\n|faint|p1a: Politoed\n|\n|-weather|none\n|-damage|p1b: Joe Gatto|59\/100 brn|[from] brn\n|upkeep\n|inactive|Elite.4.Challenger has 30 seconds left.\n|inactive|zeref203 has 120 seconds left.\n|inactive|Elite.4.Challenger has 20 seconds left.\n|inactive|Elite.4.Challenger has 15 seconds left.\n|\n|t:|1698893608\n|switch|p1a: Goodra|Goodra-Hisui, M|70\/100 brn\n|switch|p2b: Geld|Great Tusk|88\/100\n|turn|13\n|inactive|zeref203 has 120 seconds left.\n|\n|t:|1698893626\n|move|p2a: Shion|Protect|p2a: Shion\n|-singleturn|p2a: Shion|Protect\n|move|p2b: Geld|Headlong Rush|p1b: Joe Gatto\n|-supereffective|p1b: Joe Gatto\n|-damage|p1b: Joe Gatto|0 fnt\n|-unboost|p2b: Geld|def|1\n|-unboost|p2b: Geld|spd|1\n|faint|p1b: Joe Gatto\n|-end|p1b: Joe Gatto|Quark Drive|[silent]\n|move|p1a: Goodra|Life Dew|p1a: Goodra\n|-heal|p1a: Goodra|95\/100 brn\n|\n|-damage|p1a: Goodra|89\/100 brn|[from] brn\n|upkeep\n|inactive|Elite.4.Challenger has 30 seconds left.\n|\n|t:|1698893637\n|switch|p1b: Basculegion|Basculegion-F, F|46\/100\n|turn|14\n|\n|t:|1698893656\n|move|p2b: Geld|Headlong Rush|p1a: Goodra\n|-supereffective|p1a: Goodra\n|-damage|p1a: Goodra|0 fnt\n|-unboost|p2b: Geld|def|1\n|-unboost|p2b: Geld|spd|1\n|faint|p1a: Goodra\n|move|p1b: Basculegion|Ice Beam|p2b: Geld\n|-supereffective|p2b: Geld\n|-damage|p2b: Geld|0 fnt\n|faint|p2b: Geld\n|-end|p2b: Geld|Protosynthesis|[silent]\n|move|p2a: Shion|Giga Drain|p1b: Basculegion\n|-supereffective|p1b: Basculegion\n|-damage|p1b: Basculegion|0 fnt\n|-heal|p2a: Shion|100\/100|[from] drain|[of] p1b: Basculegion\n|faint|p1b: Basculegion\n|\n|win|zeref203\n|raw|Elite.4.Challenger's rating: 1113 &rarr; <strong>1096<\/strong><br \/>(-17 for losing)\n|raw|zeref203's rating: 1228 &rarr; <strong>1245<\/strong><br \/>(+17 for winning)\n|l|\u2606Elite.4.Challenger\n","uploadtime":1698893688,"views":27,"p1id":"elite4challenger","p2id":"zeref203","formatid":"gen9doublesou","rating":1096,"private":0,"password":""}