{"id":"gen9doublesou-1986532161","p1":"deadlydirt","p2":"penguinking132","format":"[Gen 9] Doubles OU","log":"|j|\u2606deadlydirt\n|j|\u2606penguinking132\n|t:|1699488898\n|gametype|doubles\n|player|p1|deadlydirt|harlequin|1060\n|player|p2|penguinking132|burglar|1123\n|teamsize|p1|6\n|teamsize|p2|6\n|gen|9\n|tier|[Gen 9] Doubles OU\n|rated|\n|rule|Species Clause: Limit one of each Pok\u00e9mon\n|rule|OHKO Clause: OHKO moves are banned\n|rule|Evasion Moves Clause: Evasion moves are banned\n|rule|Gravity Sleep Clause: The combination of sleep-inducing moves with imperfect accuracy and Gravity or Gigantamax Orbeetle are banned\n|rule|Endless Battle Clause: Forcing endless battles is banned\n|rule|HP Percentage Mod: HP is shown in percentages\n|clearpoke\n|poke|p1|Pawmot, M|\n|poke|p1|Cyclizar, F|\n|poke|p1|Dragonite, M|\n|poke|p1|Scream Tail|\n|poke|p1|Clodsire, F|\n|poke|p1|Typhlosion-Hisui, M|\n|poke|p2|Ursaluna-Bloodmoon, M|\n|poke|p2|Chi-Yu|\n|poke|p2|Ogerpon-Wellspring, F|\n|poke|p2|Iron Hands|\n|poke|p2|Amoonguss, F|\n|poke|p2|Cresselia, F|\n|teampreview\n|inactive|Battle timer is ON: inactive players will automatically lose when time's up. (requested by deadlydirt)\n|c|\u2606penguinking132|oooo this looks really interesting, glhf\n|\n|t:|1699488928\n|start\n|switch|p1a: Clodsire|Clodsire, F, shiny|100\/100\n|switch|p1b: Cyclizar|Cyclizar, F, shiny|100\/100\n|switch|p2a: Cresselia|Cresselia, F|100\/100\n|switch|p2b: Ursaluna|Ursaluna-Bloodmoon, M|100\/100\n|turn|1\n|c|\u2606deadlydirt|Same to you\n|\n|t:|1699488945\n|-terastallize|p2b: Ursaluna|Normal\n|move|p1b: Cyclizar|Shed Tail|p1b: Cyclizar\n|-start|p1b: Cyclizar|Substitute|[from] move: Shed Tail\n|-damage|p1b: Cyclizar|50\/100\n|-enditem|p1b: Cyclizar|Sitrus Berry|[eat]\n|-heal|p1b: Cyclizar|75\/100|[from] item: Sitrus Berry\n|\n|t:|1699488953\n|switch|p1b: Scream Tail|Scream Tail, shiny|100\/100|[from] Shed Tail\n|move|p2b: Ursaluna|Hyper Voice|p1b: Scream Tail|[spread] p1a,p1b\n|-damage|p1a: Clodsire|57\/100\n|-damage|p1b: Scream Tail|44\/100\n|-damage|p2b: Ursaluna|90\/100|[from] item: Life Orb\n|move|p1a: Clodsire|Yawn|p2b: Ursaluna\n|-start|p2b: Ursaluna|move: Yawn|[of] p1a: Clodsire\n|move|p2a: Cresselia|Trick Room|p2a: Cresselia\n|-fieldstart|move: Trick Room|[of] p2a: Cresselia\n|\n|-heal|p1a: Clodsire|63\/100|[from] item: Black Sludge\n|upkeep\n|turn|2\n|\n|t:|1699488976\n|switch|p2b: Amoonguss|Amoonguss, F|100\/100\n|move|p1a: Clodsire|Recover|p1a: Clodsire\n|-heal|p1a: Clodsire|100\/100\n|move|p2a: Cresselia|Dazzling Gleam|p1b: Scream Tail|[spread] p1a,p1b\n|-activate|p1b: Scream Tail|move: Substitute|[damage]\n|-resisted|p1a: Clodsire\n|-damage|p1a: Clodsire|95\/100\n|move|p1b: Scream Tail|Bulk Up|p1b: Scream Tail\n|-boost|p1b: Scream Tail|atk|1\n|-boost|p1b: Scream Tail|def|1\n|\n|-heal|p1a: Clodsire|100\/100|[from] item: Black Sludge\n|upkeep\n|turn|3\n|c|\u2606penguinking132|bulk up scream tail??? oh i gotta lab this later\n|\n|t:|1699489003\n|move|p1a: Clodsire|Yawn|p2a: Cresselia\n|-start|p2a: Cresselia|move: Yawn|[of] p1a: Clodsire\n|move|p2b: Amoonguss|Spore|p1a: Clodsire\n|-status|p1a: Clodsire|slp|[from] move: Spore\n|move|p2a: Cresselia|Thunderbolt|p1b: Scream Tail\n|-end|p1b: Scream Tail|Substitute\n|move|p1b: Scream Tail|Sing|p2b: Amoonguss\n|-status|p2b: Amoonguss|slp|[from] move: Sing\n|\n|upkeep\n|turn|4\n|c|\u2606deadlydirt|Its for an idea i have\n|inactive|deadlydirt has 120 seconds left.\n|inactive|deadlydirt has 90 seconds left.\n|\n|t:|1699489067\n|cant|p1a: Clodsire|slp\n|cant|p2b: Amoonguss|slp\n|move|p2a: Cresselia|Lunar Blessing|p2a: Cresselia|[spread] p2a,p2b\n|-curestatus|p2b: Amoonguss|slp|[msg]\n|move|p1b: Scream Tail|Baton Pass|p1b: Scream Tail\n|inactive|deadlydirt has 90 seconds left.\n|c|\u2606penguinking132|oh no\n|\n|t:|1699489077\n|-end|p1b: Scream Tail|Protosynthesis|[silent]\n|switch|p1b: Dragonite|Dragonite, M, shiny|100\/100|[from] Baton Pass\n|\n|-end|p2a: Cresselia|move: Yawn|[silent]\n|-status|p2a: Cresselia|slp\n|upkeep\n|turn|5\n|\n|t:|1699489096\n|switch|p2a: Iron Hands|Iron Hands|100\/100\n|move|p1b: Dragonite|Extreme Speed|p2b: Amoonguss\n|-damage|p2b: Amoonguss|57\/100\n|cant|p1a: Clodsire|slp\n|move|p2b: Amoonguss|Spore|p1b: Dragonite\n|-status|p1b: Dragonite|slp|[from] move: Spore\n|\n|-fieldend|move: Trick Room\n|upkeep\n|turn|6\n|inactive|deadlydirt has 120 seconds left.\n|\n|t:|1699489114\n|move|p2a: Iron Hands|Fake Out|p1a: Clodsire\n|-damage|p1a: Clodsire|87\/100 slp\n|cant|p1b: Dragonite|slp\n|move|p2b: Amoonguss|Clear Smog|p1b: Dragonite\n|-damage|p1b: Dragonite|92\/100 slp\n|-clearboost|p1b: Dragonite\n|-curestatus|p1a: Clodsire|slp|[msg]\n|cant|p1a: Clodsire|flinch\n|\n|-heal|p1a: Clodsire|94\/100|[from] item: Black Sludge\n|upkeep\n|turn|7\n|inactive|deadlydirt has 120 seconds left.\n|\n|t:|1699489132\n|-curestatus|p1b: Dragonite|slp|[msg]\n|move|p1b: Dragonite|Outrage|p2a: Iron Hands\n|-damage|p2a: Iron Hands|62\/100\n|move|p2b: Amoonguss|Spore|p1a: Clodsire\n|-status|p1a: Clodsire|slp|[from] move: Spore\n|move|p2a: Iron Hands|Volt Switch|p1b: Dragonite\n|-damage|p1b: Dragonite|81\/100\n|\n|t:|1699489142\n|-end|p2a: Iron Hands|Quark Drive|[silent]\n|switch|p2a: Chi-Yu|Chi-Yu|100\/100|[from] Volt Switch\n|-ability|p2a: Chi-Yu|Beads of Ruin\n|cant|p1a: Clodsire|slp\n|\n|-heal|p1a: Clodsire|99\/100 slp|[from] item: Black Sludge\n|upkeep\n|turn|8\n|-message|deadlydirt forfeited.\n|\n|win|penguinking132\n|raw|deadlydirt's rating: 1060 &rarr; <strong>1044<\/strong><br \/>(-16 for losing)\n|raw|penguinking132's rating: 1123 &rarr; <strong>1144<\/strong><br \/>(+21 for winning)\n|l|\u2606deadlydirt\n|c|\u2606penguinking132|gg love the idea\n","uploadtime":1699489165,"views":11,"p1id":"deadlydirt","p2id":"penguinking132","formatid":"gen9doublesou","rating":1044,"private":0,"password":""}