{"id":"gen9doublesou-1986203153","p1":"reposefulpallas","p2":"Dziur","format":"[Gen 9] Doubles OU","log":"|j|\u2606reposefulpallas\n|j|\u2606Dziur\n|t:|1699459511\n|gametype|doubles\n|player|p1|reposefulpallas|pokemonrangerf-gen3rs|1555\n|player|p2|Dziur|170|1530\n|teamsize|p1|6\n|teamsize|p2|6\n|gen|9\n|tier|[Gen 9] Doubles OU\n|rated|\n|rule|Species Clause: Limit one of each Pok\u00e9mon\n|rule|OHKO Clause: OHKO moves are banned\n|rule|Evasion Moves Clause: Evasion moves are banned\n|rule|Gravity Sleep Clause: The combination of sleep-inducing moves with imperfect accuracy and Gravity or Gigantamax Orbeetle are banned\n|rule|Endless Battle Clause: Forcing endless battles is banned\n|rule|HP Percentage Mod: HP is shown in percentages\n|clearpoke\n|poke|p1|Kommo-o, M|\n|poke|p1|Arcanine-Hisui, M|\n|poke|p1|Sinistcha|\n|poke|p1|Illumise, F|\n|poke|p1|Chi-Yu|\n|poke|p1|Oricorio-Pom-Pom, M|\n|poke|p2|Iron Hands|\n|poke|p2|Ogerpon-Hearthflame, F|\n|poke|p2|Flutter Mane|\n|poke|p2|Landorus-Therian, M|\n|poke|p2|Tornadus, M|\n|poke|p2|Goodra-Hisui, M|\n|teampreview\n|\n|t:|1699459525\n|start\n|switch|p1a: Trap Queen|Illumise, F|100\/100\n|switch|p1b: Le Fishe Au Magma|Chi-Yu|100\/100\n|switch|p2a: Ogerpon|Ogerpon-Hearthflame, F|100\/100\n|switch|p2b: Iron Hands|Iron Hands|100\/100\n|-ability|p1b: Le Fishe Au Magma|Beads of Ruin\n|-ability|p2a: Ogerpon|Mold Breaker\n|turn|1\n|\n|t:|1699459539\n|move|p1a: Trap Queen|Tailwind|p1a: Trap Queen\n|-sidestart|p1: reposefulpallas|move: Tailwind\n|move|p1b: Le Fishe Au Magma|Heat Wave|p2b: Iron Hands|[spread] p2a,p2b\n|-damage|p2a: Ogerpon|9\/100\n|-damage|p2b: Iron Hands|63\/100\n|move|p2a: Ogerpon|Ivy Cudgel|p1a: Trap Queen\n|-supereffective|p1a: Trap Queen\n|-enditem|p1a: Trap Queen|Focus Sash\n|-damage|p1a: Trap Queen|1\/100\n|move|p2b: Iron Hands|Drain Punch|p1b: Le Fishe Au Magma\n|-supereffective|p1b: Le Fishe Au Magma\n|-damage|p1b: Le Fishe Au Magma|0 fnt\n|-heal|p2b: Iron Hands|91\/100|[from] drain|[of] p1b: Le Fishe Au Magma\n|faint|p1b: Le Fishe Au Magma\n|\n|upkeep\n|\n|t:|1699459549\n|switch|p1b: Cup of Cancer|Sinistcha|100\/100\n|-heal|p1a: Trap Queen|26\/100|[from] ability: Hospitality|[of] p1b: Cup of Cancer\n|turn|2\n|\n|t:|1699459561\n|move|p2a: Ogerpon|Spiky Shield|p2a: Ogerpon\n|-singleturn|p2a: Ogerpon|move: Protect\n|move|p1a: Trap Queen|Struggle Bug|p2a: Ogerpon|[spread] p2b\n|-activate|p2a: Ogerpon|move: Protect\n|-resisted|p2b: Iron Hands\n|-damage|p2b: Iron Hands|88\/100\n|-unboost|p2b: Iron Hands|spa|1\n|move|p1b: Cup of Cancer|Calm Mind|p1b: Cup of Cancer\n|-boost|p1b: Cup of Cancer|spa|1\n|-boost|p1b: Cup of Cancer|spd|1\n|move|p2b: Iron Hands|Thunder Punch|p1a: Trap Queen\n|-damage|p1a: Trap Queen|0 fnt\n|faint|p1a: Trap Queen\n|\n|upkeep\n|\n|t:|1699459566\n|switch|p1a: Girl's Best Friend|Arcanine-Hisui, M|100\/100\n|-ability|p1a: Girl's Best Friend|Intimidate|boost\n|-unboost|p2a: Ogerpon|atk|1\n|-unboost|p2b: Iron Hands|atk|1\n|turn|3\n|\n|t:|1699459587\n|switch|p2a: Landorus|Landorus-Therian, M|100\/100\n|-ability|p2a: Landorus|Intimidate|boost\n|-unboost|p1a: Girl's Best Friend|atk|1\n|-unboost|p1b: Cup of Cancer|atk|1\n|-end|p2b: Iron Hands|Quark Drive|[silent]\n|switch|p2b: Goodra|Goodra-Hisui, M|100\/100\n|move|p1a: Girl's Best Friend|Will-O-Wisp|p2b: Goodra\n|-status|p2b: Goodra|brn\n|move|p1b: Cup of Cancer|Matcha Gotcha|p2b: Goodra|[spread] p2a,p2b\n|-resisted|p2b: Goodra\n|-damage|p2a: Landorus|55\/100\n|-damage|p2b: Goodra|94\/100 brn\n|-status|p2a: Landorus|brn\n|\n|-heal|p2b: Goodra|99\/100 brn|[from] item: Leftovers\n|-damage|p2a: Landorus|49\/100 brn|[from] brn\n|-damage|p2b: Goodra|94\/100 brn|[from] brn\n|upkeep\n|turn|4\n|\n|t:|1699459609\n|move|p1a: Girl's Best Friend|Flare Blitz|p2b: Goodra\n|-crit|p2b: Goodra\n|-damage|p2b: Goodra|0 fnt\n|-ability|p2b: Goodra|Gooey\n|-unboost|p1a: Girl's Best Friend|spe|1\n|faint|p2b: Goodra\n|-damage|p1a: Girl's Best Friend|72\/100|[from] Recoil\n|move|p1b: Cup of Cancer|Matcha Gotcha|p2a: Landorus\n|-damage|p2a: Landorus|0 fnt\n|faint|p2a: Landorus\n|\n|-sideend|p1: reposefulpallas|move: Tailwind\n|upkeep\n|\n|t:|1699459620\n|switch|p2a: Ogerpon|Ogerpon-Hearthflame, F|9\/100\n|switch|p2b: Tornadus|Tornadus, M|100\/100\n|-ability|p2a: Ogerpon|Mold Breaker\n|turn|5\n|\n|t:|1699459630\n|move|p1a: Girl's Best Friend|Extreme Speed|p2a: Ogerpon\n|-damage|p2a: Ogerpon|0 fnt\n|faint|p2a: Ogerpon\n|move|p2b: Tornadus|Tailwind|p2b: Tornadus\n|-sidestart|p2: Dziur|move: Tailwind\n|move|p1b: Cup of Cancer|Shadow Ball|p2b: Tornadus\n|-damage|p2b: Tornadus|41\/100\n|-enditem|p2b: Tornadus|Sitrus Berry|[eat]\n|-heal|p2b: Tornadus|65\/100|[from] item: Sitrus Berry\n|\n|upkeep\n|\n|t:|1699459641\n|switch|p2a: Flutter Mane|Flutter Mane|100\/100\n|turn|6\n|\n|t:|1699459650\n|-terastallize|p1b: Cup of Cancer|Normal\n|move|p2a: Flutter Mane|Shadow Ball|p1b: Cup of Cancer\n|-immune|p1b: Cup of Cancer\n|move|p2b: Tornadus|Bleakwind Storm|p1a: Girl's Best Friend|[spread] p1a\n|-miss|p2b: Tornadus|p1b: Cup of Cancer\n|-resisted|p1a: Girl's Best Friend\n|-damage|p1a: Girl's Best Friend|52\/100\n|-unboost|p1a: Girl's Best Friend|spe|1\n|move|p1b: Cup of Cancer|Matcha Gotcha|p2a: Flutter Mane|[spread] p2a,p2b\n|-resisted|p2b: Tornadus\n|-damage|p2a: Flutter Mane|46\/100\n|-damage|p2b: Tornadus|42\/100\n|move|p1a: Girl's Best Friend|Rock Slide|p2b: Tornadus|[spread] p2a,p2b\n|-supereffective|p2b: Tornadus\n|-damage|p2a: Flutter Mane|6\/100\n|-damage|p2b: Tornadus|7\/100\n|\n|upkeep\n|turn|7\n|\n|t:|1699459670\n|move|p1a: Girl's Best Friend|Extreme Speed|p2a: Flutter Mane\n|-immune|p2a: Flutter Mane\n|move|p2a: Flutter Mane|Shadow Ball|p1a: Girl's Best Friend\n|-damage|p1a: Girl's Best Friend|0 fnt\n|faint|p1a: Girl's Best Friend\n|move|p2b: Tornadus|Icy Wind|p1b: Cup of Cancer\n|-crit|p1b: Cup of Cancer\n|-damage|p1b: Cup of Cancer|74\/100\n|-unboost|p1b: Cup of Cancer|spe|1\n|move|p1b: Cup of Cancer|Shadow Ball|p2b: Tornadus\n|-damage|p2b: Tornadus|0 fnt\n|faint|p2b: Tornadus\n|\n|-heal|p1b: Cup of Cancer|80\/100|[from] item: Leftovers\n|upkeep\n|\n|t:|1699459685\n|switch|p1a: Backup Dancer|Oricorio-Pom-Pom, M|100\/100\n|switch|p2b: Iron Hands|Iron Hands|88\/100\n|turn|8\n|\n|t:|1699459691\n|move|p1b: Cup of Cancer|Protect|p1b: Cup of Cancer\n|-singleturn|p1b: Cup of Cancer|Protect\n|move|p2b: Iron Hands|Fake Out|p1b: Cup of Cancer\n|-activate|p1b: Cup of Cancer|move: Protect\n|move|p2a: Flutter Mane|Shadow Ball|p1a: Backup Dancer\n|-damage|p1a: Backup Dancer|1\/100\n|move|p1a: Backup Dancer|Quiver Dance|p1a: Backup Dancer\n|-boost|p1a: Backup Dancer|spa|1\n|-boost|p1a: Backup Dancer|spd|1\n|-boost|p1a: Backup Dancer|spe|1\n|\n|-heal|p1a: Backup Dancer|7\/100|[from] item: Leftovers\n|-heal|p1b: Cup of Cancer|86\/100|[from] item: Leftovers\n|-sideend|p2: Dziur|move: Tailwind\n|upkeep\n|turn|9\n|\n|t:|1699459708\n|move|p1a: Backup Dancer|Air Slash|p2a: Flutter Mane\n|-damage|p2a: Flutter Mane|0 fnt\n|faint|p2a: Flutter Mane\n|-end|p2a: Flutter Mane|Protosynthesis|[silent]\n|move|p2b: Iron Hands|Drain Punch|p1b: Cup of Cancer\n|-supereffective|p1b: Cup of Cancer\n|-damage|p1b: Cup of Cancer|21\/100\n|-heal|p2b: Iron Hands|100\/100|[from] drain|[of] p1b: Cup of Cancer\n|move|p1b: Cup of Cancer|Matcha Gotcha|p2b: Iron Hands\n|-damage|p2b: Iron Hands|70\/100\n|-heal|p1b: Cup of Cancer|41\/100|[from] drain|[of] p2b: Iron Hands\n|\n|-heal|p1a: Backup Dancer|13\/100|[from] item: Leftovers\n|-heal|p1b: Cup of Cancer|47\/100|[from] item: Leftovers\n|upkeep\n|turn|10\n|\n|t:|1699459724\n|move|p1a: Backup Dancer|Air Slash|p2b: Iron Hands\n|-damage|p2b: Iron Hands|45\/100\n|cant|p2b: Iron Hands|flinch\n|move|p1b: Cup of Cancer|Matcha Gotcha|p2b: Iron Hands\n|-damage|p2b: Iron Hands|14\/100\n|-heal|p1b: Cup of Cancer|67\/100|[from] drain|[of] p2b: Iron Hands\n|\n|-heal|p1a: Backup Dancer|19\/100|[from] item: Leftovers\n|-heal|p1b: Cup of Cancer|73\/100|[from] item: Leftovers\n|upkeep\n|turn|11\n|\n|t:|1699459736\n|move|p1a: Backup Dancer|Air Slash|p2b: Iron Hands\n|-damage|p2b: Iron Hands|0 fnt\n|faint|p2b: Iron Hands\n|-end|p2b: Iron Hands|Quark Drive|[silent]\n|\n|win|reposefulpallas\n|raw|reposefulpallas's rating: 1555 &rarr; <strong>1574<\/strong><br \/>(+19 for winning)\n|raw|Dziur's rating: 1530 &rarr; <strong>1511<\/strong><br \/>(-19 for losing)\n|c|\u2606reposefulpallas|ggwp\n|l|\u2606reposefulpallas\n|j|\u2606reposefulpallas\n|player|p1|reposefulpallas|pokemonrangerf-gen3rs\n","uploadtime":1699459870,"views":12,"p1id":"reposefulpallas","p2id":"dziur","formatid":"gen9doublesou","rating":1511,"private":0,"password":""}