{"id":"gen9doublesou-1977075866","p1":"Thehombre","p2":"Zente77","format":"[Gen 9] Doubles OU","log":"|j|\u2606Thehombre\n|j|\u2606Zente77\n|t:|1698368829\n|gametype|doubles\n|player|p1|Thehombre|1|1041\n|player|p2|Zente77|preschooler|1000\n|teamsize|p1|6\n|teamsize|p2|2\n|gen|9\n|tier|[Gen 9] Doubles OU\n|rated|\n|rule|Species Clause: Limit one of each Pok\u00e9mon\n|rule|OHKO Clause: OHKO moves are banned\n|rule|Evasion Moves Clause: Evasion moves are banned\n|rule|Gravity Sleep Clause: The combination of sleep-inducing moves with imperfect accuracy and Gravity or Gigantamax Orbeetle are banned\n|rule|Endless Battle Clause: Forcing endless battles is banned\n|rule|HP Percentage Mod: HP is shown in percentages\n|clearpoke\n|poke|p1|Overqwil, M|\n|poke|p1|Jirachi|\n|poke|p1|Umbreon, F|\n|poke|p1|Tsareena, F|\n|poke|p1|Vaporeon, F|\n|poke|p1|Articuno|\n|poke|p2|Bellibolt, M|\n|poke|p2|Oranguru, F|\n|teampreview\n|inactive|Battle timer is ON: inactive players will automatically lose when time's up. (requested by Zente77)\n|\n|t:|1698368844\n|start\n|switch|p1a: Tsareena|Tsareena, F|100\/100\n|switch|p1b: Umbreon|Umbreon, F|100\/100\n|switch|p2a: Bellibolt|Bellibolt, M|100\/100\n|switch|p2b: Oranguru|Oranguru, F|100\/100\n|turn|1\n|\n|t:|1698368855\n|move|p2a: Bellibolt|Protect|p2a: Bellibolt\n|-singleturn|p2a: Bellibolt|Protect\n|move|p1a: Tsareena|Light Screen|p1a: Tsareena\n|-sidestart|p1: Thehombre|move: Light Screen\n|move|p1b: Umbreon|Calm Mind|p1b: Umbreon\n|-boost|p1b: Umbreon|spa|1\n|-boost|p1b: Umbreon|spd|1\n|move|p2b: Oranguru|Trick Room|p2b: Oranguru\n|-fieldstart|move: Trick Room|[of] p2b: Oranguru\n|\n|upkeep\n|turn|2\n|\n|t:|1698368871\n|-terastallize|p2a: Bellibolt|Electric\n|move|p2b: Oranguru|Earthquake|p1a: Tsareena|[spread] p2a,p1a,p1b\n|-supereffective|p2a: Bellibolt\n|-resisted|p1a: Tsareena\n|-damage|p2a: Bellibolt|78\/100\n|-damage|p1a: Tsareena|95\/100\n|-damage|p1b: Umbreon|91\/100\n|-start|p2a: Bellibolt|Charge|Earthquake|[from] ability: Electromorphosis\n|-enditem|p2a: Bellibolt|Weakness Policy\n|-boost|p2a: Bellibolt|atk|2|[from] item: Weakness Policy\n|-boost|p2a: Bellibolt|spa|2|[from] item: Weakness Policy\n|move|p2a: Bellibolt|Discharge|p1b: Umbreon|[spread] p1a,p1b\n|-activate|p2b: Oranguru|ability: Telepathy\n|-resisted|p1a: Tsareena\n|-damage|p1a: Tsareena|56\/100\n|-damage|p1b: Umbreon|47\/100\n|-status|p1b: Umbreon|par\n|-activate|p1b: Umbreon|ability: Synchronize\n|-immune|p2a: Bellibolt\n|-end|p2a: Bellibolt|Charge|[silent]\n|move|p1b: Umbreon|Calm Mind|p1b: Umbreon\n|-boost|p1b: Umbreon|spa|1\n|-boost|p1b: Umbreon|spd|1\n|move|p1a: Tsareena|Acupressure|p1b: Umbreon\n|-boost|p1b: Umbreon|evasion|2\n|\n|-heal|p1b: Umbreon|53\/100 par|[from] item: Leftovers\n|upkeep\n|turn|3\n|inactive|Zente77 has 120 seconds left.\n|\n|t:|1698368904\n|move|p1b: Umbreon|Stored Power|p2a: Bellibolt\n|-damage|p2a: Bellibolt|9\/100\n|-start|p2a: Bellibolt|Charge|Stored Power|[from] ability: Electromorphosis\n|move|p2b: Oranguru|Instruct|p2a: Bellibolt\n|-singleturn|p2a: Bellibolt|move: Instruct|[of] p2b: Oranguru\n|move|p2a: Bellibolt|Discharge|p1b: Umbreon|[spread] p1a,p1b\n|-activate|p2b: Oranguru|ability: Telepathy\n|-resisted|p1a: Tsareena\n|-damage|p1a: Tsareena|21\/100\n|-damage|p1b: Umbreon|16\/100 par\n|-end|p2a: Bellibolt|Charge|[silent]\n|move|p2a: Bellibolt|Discharge|p1b: Umbreon|[spread] p1a\n|-activate|p2b: Oranguru|ability: Telepathy\n|-miss|p2a: Bellibolt|p1b: Umbreon\n|-resisted|p1a: Tsareena\n|-damage|p1a: Tsareena|1\/100\n|-status|p1a: Tsareena|par\n|move|p1a: Tsareena|Acupressure|p1b: Umbreon\n|-boost|p1b: Umbreon|evasion|2\n|\n|-heal|p1b: Umbreon|22\/100 par|[from] item: Leftovers\n|upkeep\n|turn|4\n|inactive|Zente77 has 120 seconds left.\n|\n|t:|1698368938\n|move|p2a: Bellibolt|Protect|p2a: Bellibolt\n|-singleturn|p2a: Bellibolt|Protect\n|move|p1b: Umbreon|Stored Power|p2a: Bellibolt\n|-activate|p2a: Bellibolt|move: Protect\n|move|p1a: Tsareena|Knock Off|p2a: Bellibolt\n|-activate|p2a: Bellibolt|move: Protect\n|move|p2b: Oranguru|Earthquake|p1a: Tsareena|[spread] p1a\n|-activate|p2a: Bellibolt|move: Protect\n|-miss|p2b: Oranguru|p1b: Umbreon\n|-resisted|p1a: Tsareena\n|-damage|p1a: Tsareena|0 fnt\n|faint|p1a: Tsareena\n|\n|-heal|p1b: Umbreon|28\/100 par|[from] item: Leftovers\n|upkeep\n|\n|t:|1698368943\n|switch|p1a: Overqwil|Overqwil, M|100\/100\n|turn|5\n|\n|t:|1698368964\n|move|p2a: Bellibolt|Protect|p2a: Bellibolt\n|-singleturn|p2a: Bellibolt|Protect\n|move|p1b: Umbreon|Stored Power|p2a: Bellibolt\n|-activate|p2a: Bellibolt|move: Protect\n|move|p2b: Oranguru|Earthquake|p1a: Overqwil|[spread] p1a\n|-activate|p2a: Bellibolt|move: Protect\n|-miss|p2b: Oranguru|p1b: Umbreon\n|-supereffective|p1a: Overqwil\n|-damage|p1a: Overqwil|74\/100\n|move|p1a: Overqwil|Crunch|p2a: Bellibolt\n|-activate|p2a: Bellibolt|move: Protect\n|\n|-heal|p1b: Umbreon|34\/100 par|[from] item: Leftovers\n|-fieldend|move: Trick Room\n|upkeep\n|turn|6\n|\n|t:|1698368990\n|move|p1a: Overqwil|Crunch|p2a: Bellibolt\n|-damage|p2a: Bellibolt|0 fnt\n|faint|p2a: Bellibolt\n|move|p2b: Oranguru|Instruct|p2: Bellibolt|[notarget]\n|-fail|p2b: Oranguru\n|move|p1b: Umbreon|Stored Power|p2b: Oranguru\n|-resisted|p2b: Oranguru\n|-damage|p2b: Oranguru|71\/100\n|\n|-heal|p2b: Oranguru|77\/100|[from] item: Leftovers\n|-heal|p1b: Umbreon|40\/100 par|[from] item: Leftovers\n|upkeep\n|turn|7\n|-message|Zente77 forfeited.\n|\n|win|Thehombre\n|raw|Thehombre's rating: 1041 &rarr; <strong>1071<\/strong><br \/>(+30 for winning)\n|raw|Zente77's rating: 1000 &rarr; <strong>1000<\/strong><br \/>(+0 for losing)\n|l|\u2606Zente77\n","uploadtime":1698369008,"views":15,"p1id":"thehombre","p2id":"zente77","formatid":"gen9doublesou","rating":1000,"private":0,"password":""}