{"id":"gen9doublesou-1999854182","p1":"steelysteel","p2":"alecc3i","format":"[Gen 9] Doubles OU","log":"|j|\u203dsteelysteel\n|j|\u2606alecc3i\n|t:|1701123040\n|gametype|doubles\n|player|p1|steelysteel|drasna|1045\n|player|p2|alecc3i|plasmagrunt|1157\n|teamsize|p1|6\n|teamsize|p2|6\n|gen|9\n|tier|[Gen 9] Doubles OU\n|rated|\n|rule|Species Clause: Limit one of each Pok\u00e9mon\n|rule|OHKO Clause: OHKO moves are banned\n|rule|Evasion Moves Clause: Evasion moves are banned\n|rule|Gravity Sleep Clause: The combination of sleep-inducing moves with imperfect accuracy and Gravity or Gigantamax Orbeetle are banned\n|rule|Endless Battle Clause: Forcing endless battles is banned\n|rule|HP Percentage Mod: HP is shown in percentages\n|clearpoke\n|poke|p1|Bronzor|\n|poke|p1|Rabsca, F|\n|poke|p1|Gardevoir, M|\n|poke|p1|Maushold|\n|poke|p1|Indeedee-F, F|\n|poke|p1|Krookodile, F|\n|poke|p2|Indeedee-F, F|\n|poke|p2|Armarouge, M|\n|poke|p2|Lilligant-Hisui, F|\n|poke|p2|Grimmsnarl, M|\n|poke|p2|Regieleki|\n|poke|p2|Torkoal, F|\n|teampreview\n|inactive|Battle timer is ON: inactive players will automatically lose when time's up. (requested by steelysteel)\n|\n|t:|1701123060\n|start\n|switch|p1a: Gardevoir|Gardevoir, M|100\/100\n|switch|p1b: Bronzor|Bronzor, shiny|100\/100\n|switch|p2a: Torkoal|Torkoal, F|100\/100\n|switch|p2b: Lilligant|Lilligant-Hisui, F|100\/100\n|-weather|SunnyDay|[from] ability: Drought|[of] p2a: Torkoal\n|turn|1\n|\n|t:|1701123072\n|move|p2b: Lilligant|After You|p2a: Torkoal\n|-activate|p2a: Torkoal|move: After You\n|move|p2a: Torkoal|Eruption|p1a: Gardevoir|[spread] p1a,p1b\n|-crit|p1a: Gardevoir\n|-supereffective|p1b: Bronzor\n|-damage|p1a: Gardevoir|48\/100\n|-damage|p1b: Bronzor|12\/100\n|move|p1a: Gardevoir|Teleport|p1a: Gardevoir\n|\n|t:|1701123080\n|switch|p1a: Krookodile|Krookodile, F|100\/100|[from] Teleport\n|move|p1b: Bronzor|Trick Room|p1b: Bronzor\n|-fieldstart|move: Trick Room|[of] p1b: Bronzor\n|\n|-weather|SunnyDay|[upkeep]\n|upkeep\n|turn|2\n|\n|t:|1701123108\n|switch|p2b: Grimmsnarl|Grimmsnarl, M|100\/100\n|-terastallize|p1a: Krookodile|Ground\n|move|p1b: Bronzor|Gravity|p1b: Bronzor\n|-fieldstart|move: Gravity\n|move|p2a: Torkoal|Body Press|p1a: Krookodile\n|-damage|p1a: Krookodile|64\/100\n|move|p1a: Krookodile|Earthquake|p2b: Grimmsnarl|[spread] p1b,p2a,p2b\n|-supereffective|p1b: Bronzor\n|-supereffective|p2a: Torkoal\n|-crit|p2b: Grimmsnarl\n|-damage|p1b: Bronzor|0 fnt\n|-damage|p2a: Torkoal|40\/100\n|-damage|p2b: Grimmsnarl|5\/100\n|faint|p1b: Bronzor\n|-ability|p1a: Krookodile|Moxie|boost\n|-boost|p1a: Krookodile|atk|1\n|\n|-weather|SunnyDay|[upkeep]\n|upkeep\n|\n|t:|1701123119\n|switch|p1b: Maushold|Maushold|100\/100\n|turn|3\n|\n|t:|1701123135\n|switch|p1b: Indeedee|Indeedee-F, F|100\/100\n|-fieldstart|move: Psychic Terrain|[from] ability: Psychic Surge|[of] p1b: Indeedee\n|move|p2b: Grimmsnarl|Reflect|p2b: Grimmsnarl\n|-sidestart|p2: alecc3i|Reflect\n|move|p2a: Torkoal|Body Press|p1b: Indeedee\n|-damage|p1b: Indeedee|53\/100\n|move|p1a: Krookodile|Earthquake|p2a: Torkoal|[spread] p1b,p2a,p2b\n|-supereffective|p2a: Torkoal\n|-damage|p1b: Indeedee|0 fnt\n|-damage|p2a: Torkoal|0 fnt\n|-damage|p2b: Grimmsnarl|0 fnt\n|faint|p1b: Indeedee\n|faint|p2a: Torkoal\n|faint|p2b: Grimmsnarl\n|-ability|p1a: Krookodile|Moxie|boost\n|-boost|p1a: Krookodile|atk|3\n|\n|-weather|SunnyDay|[upkeep]\n|upkeep\n|\n|t:|1701123156\n|switch|p2a: Armarouge|Armarouge, M|100\/100\n|switch|p2b: Indeedee|Indeedee-F, F|100\/100\n|switch|p1b: Maushold|Maushold|100\/100\n|turn|4\n|\n|t:|1701123174\n|move|p1b: Maushold|Protect|p1b: Maushold\n|-singleturn|p1b: Maushold|Protect\n|move|p2a: Armarouge|Wide Guard|p2a: Armarouge\n|-singleturn|p2a: Armarouge|Wide Guard\n|move|p1a: Krookodile|Earthquake|p2a: Armarouge|[spread] \n|-activate|p2a: Armarouge|move: Wide Guard\n|-activate|p2b: Indeedee|move: Wide Guard\n|-activate|p1b: Maushold|move: Protect\n|move|p2b: Indeedee|Psychic|p1a: Krookodile\n|-damage|p1a: Krookodile|30\/100\n|\n|-weather|SunnyDay|[upkeep]\n|upkeep\n|turn|5\n|\n|t:|1701123197\n|move|p1b: Maushold|Protect||[still]\n|-fail|p1b: Maushold\n|move|p2a: Armarouge|Wide Guard|p2a: Armarouge\n|-singleturn|p2a: Armarouge|Wide Guard\n|move|p2b: Indeedee|Follow Me|p2b: Indeedee\n|-singleturn|p2b: Indeedee|move: Follow Me\n|move|p1a: Krookodile|Earthquake|p2b: Indeedee|[spread] p1b\n|-activate|p2a: Armarouge|move: Wide Guard\n|-activate|p2b: Indeedee|move: Wide Guard\n|-enditem|p1b: Maushold|Focus Sash\n|-damage|p1b: Maushold|1\/100\n|\n|-weather|SunnyDay|[upkeep]\n|-fieldend|move: Trick Room\n|upkeep\n|turn|6\n|\n|t:|1701123218\n|move|p2b: Indeedee|Helping Hand|p2a: Armarouge\n|-singleturn|p2a: Armarouge|Helping Hand|[of] p2b: Indeedee\n|move|p1b: Maushold|After You|p1a: Krookodile\n|-activate|p1a: Krookodile|move: After You\n|move|p1a: Krookodile|Earthquake|p2a: Armarouge|[spread] p1b,p2a,p2b\n|-supereffective|p2a: Armarouge\n|-damage|p1b: Maushold|0 fnt\n|-damage|p2a: Armarouge|0 fnt\n|-damage|p2b: Indeedee|0 fnt\n|faint|p1b: Maushold\n|faint|p2a: Armarouge\n|faint|p2b: Indeedee\n|-ability|p1a: Krookodile|Moxie|boost\n|-boost|p1a: Krookodile|atk|2\n|\n|-weather|SunnyDay|[upkeep]\n|-fieldend|move: Gravity\n|upkeep\n|\n|t:|1701123231\n|switch|p1b: Gardevoir|Gardevoir, M|48\/100\n|switch|p2a: Lilligant|Lilligant-Hisui, F|100\/100\n|switch|p2b: Regieleki|Regieleki|100\/100\n|turn|7\n|\n|t:|1701123249\n|move|p1a: Krookodile|Protect|p1a: Krookodile\n|-singleturn|p1a: Krookodile|Protect\n|move|p2a: Lilligant|Solar Blade||[still]\n|-prepare|p2a: Lilligant|Solar Blade\n|-anim|p2a: Lilligant|Solar Blade|p1a: Krookodile\n|-activate|p1a: Krookodile|move: Protect\n|move|p2b: Regieleki|Thunderbolt|p1b: Gardevoir\n|-damage|p1b: Gardevoir|13\/100\n|move|p1b: Gardevoir|Trick Room|p1b: Gardevoir\n|-fieldstart|move: Trick Room|[of] p1b: Gardevoir\n|\n|-weather|SunnyDay|[upkeep]\n|upkeep\n|turn|8\n|\n|t:|1701123271\n|move|p1a: Krookodile|Gunk Shot|p2a: Lilligant\n|-supereffective|p2a: Lilligant\n|-enditem|p2a: Lilligant|Focus Sash\n|-damage|p2a: Lilligant|1\/100\n|move|p1b: Gardevoir|Heal Pulse|p1a: Krookodile\n|-heal|p1a: Krookodile|80\/100\n|move|p2b: Regieleki|Thunderbolt|p1b: Gardevoir\n|-damage|p1b: Gardevoir|0 fnt\n|faint|p1b: Gardevoir\n|move|p2a: Lilligant|Solar Blade||[still]\n|-prepare|p2a: Lilligant|Solar Blade\n|-anim|p2a: Lilligant|Solar Blade|p1a: Krookodile\n|-supereffective|p1a: Krookodile\n|-damage|p1a: Krookodile|0 fnt\n|faint|p1a: Krookodile\n|\n|-weather|none\n|upkeep\n|\n|t:|1701123281\n|switch|p1a: Rabsca|Rabsca, F|100\/100\n|turn|9\n|\n|t:|1701123302\n|move|p1a: Rabsca|Revival Blessing|p1a: Rabsca\n|-enditem|p1a: Rabsca|Leppa Berry|[eat]\n|-activate|p1a: Rabsca|item: Leppa Berry|Revival Blessing|[consumed]\n|\n|t:|1701123306\n|-heal|p1: Krookodile|50\/100|[from] move: Revival Blessing\n|move|p2a: Lilligant|Solar Blade||[still]\n|-prepare|p2a: Lilligant|Solar Blade\n|move|p2b: Regieleki|Thunderbolt|p1a: Rabsca\n|-damage|p1a: Rabsca|67\/100\n|-status|p1a: Rabsca|par\n|\n|upkeep\n|\n|t:|1701123309\n|switch|p1b: Krookodile|Krookodile, F|50\/100\n|turn|10\n|\n|t:|1701123322\n|move|p1b: Krookodile|Protect|p1b: Krookodile\n|-singleturn|p1b: Krookodile|Protect\n|move|p1a: Rabsca|Revival Blessing|p1a: Rabsca\n|\n|t:|1701123326\n|-heal|p1: Gardevoir|50\/100|[from] move: Revival Blessing\n|move|p2a: Lilligant|Solar Blade|p1a: Rabsca|[from]lockedmove\n|-resisted|p1a: Rabsca\n|-damage|p1a: Rabsca|39\/100 par\n|move|p2b: Regieleki|Rapid Spin|p1b: Krookodile\n|-activate|p1b: Krookodile|move: Protect\n|\n|-sideend|p2: alecc3i|Reflect\n|-fieldend|move: Psychic Terrain\n|upkeep\n|turn|11\n|\n|t:|1701123343\n|move|p1a: Rabsca|Recover|p1a: Rabsca\n|-heal|p1a: Rabsca|89\/100 par\n|move|p1b: Krookodile|Earthquake|p2b: Regieleki|[spread] p2a,p2b\n|-activate|p1a: Rabsca|ability: Telepathy\n|-resisted|p2a: Lilligant\n|-supereffective|p2b: Regieleki\n|-damage|p2a: Lilligant|0 fnt\n|-damage|p2b: Regieleki|0 fnt\n|faint|p2a: Lilligant\n|faint|p2b: Regieleki\n|\n|win|steelysteel\n|raw|steelysteel's rating: 1045 &rarr; <strong>1089<\/strong><br \/>(+44 for winning)\n|raw|alecc3i's rating: 1157 &rarr; <strong>1124<\/strong><br \/>(-33 for losing)\n|l|\u2606alecc3i\n|l|\u203dsteelysteel\n|j|\u203dsteelysteel\n|player|p1|steelysteel|drasna\n","uploadtime":1701123364,"views":4,"p1id":"steelysteel","p2id":"alecc3i","formatid":"gen9doublesou","rating":1089,"private":0,"password":""}