{"id":"gen9doublesou-1981663741","p1":"IzzyW","p2":"1stTempest","format":"[Gen 9] Doubles OU","log":"|j|\u2606IzzyW\n|j|\u26061stTempest\n|t:|1698931565\n|gametype|doubles\n|player|p1|IzzyW|102|1228\n|player|p2|1stTempest|red-masters|1278\n|teamsize|p1|6\n|teamsize|p2|6\n|gen|9\n|tier|[Gen 9] Doubles OU\n|rated|\n|rule|Species Clause: Limit one of each Pok\u00e9mon\n|rule|OHKO Clause: OHKO moves are banned\n|rule|Evasion Moves Clause: Evasion moves are banned\n|rule|Gravity Sleep Clause: The combination of sleep-inducing moves with imperfect accuracy and Gravity or Gigantamax Orbeetle are banned\n|rule|Endless Battle Clause: Forcing endless battles is banned\n|rule|HP Percentage Mod: HP is shown in percentages\n|clearpoke\n|poke|p1|Empoleon, M|\n|poke|p1|Illumise, F|\n|poke|p1|Chandelure, M|\n|poke|p1|Espeon, F|\n|poke|p1|Honchkrow, M|\n|poke|p1|Tsareena, F|\n|poke|p2|Torterra, F|\n|poke|p2|Iron Hands|\n|poke|p2|Rillaboom, F|\n|poke|p2|Ogerpon-Hearthflame, F|\n|poke|p2|Tornadus, M|\n|poke|p2|Walking Wake|\n|teampreview\n|\n|t:|1698931576\n|start\n|switch|p1a: Espeon|Espeon, F|100\/100\n|switch|p1b: Chandelure|Chandelure, M|100\/100\n|switch|p2a: Tornadus|Tornadus, M|100\/100\n|switch|p2b: Iron Hands|Iron Hands|100\/100\n|turn|1\n|inactive|Battle timer is ON: inactive players will automatically lose when time's up. (requested by IzzyW)\n|\n|t:|1698931589\n|move|p2a: Tornadus|Tailwind|p2a: Tornadus\n|-sidestart|p2: 1stTempest|move: Tailwind\n|move|p1a: Espeon|Charm|p2b: Iron Hands\n|-unboost|p2b: Iron Hands|atk|2\n|move|p2b: Iron Hands|Substitute|p2b: Iron Hands\n|-start|p2b: Iron Hands|Substitute\n|-damage|p2b: Iron Hands|75\/100\n|move|p1b: Chandelure|Heat Wave|p2a: Tornadus|[spread] p2b\n|-miss|p1b: Chandelure|p2a: Tornadus\n|-end|p2b: Iron Hands|Substitute\n|\n|upkeep\n|turn|2\n|\n|t:|1698931615\n|switch|p1a: Illumise|Illumise, F|100\/100\n|-end|p2b: Iron Hands|Quark Drive|[silent]\n|switch|p2b: Walking Wake|Walking Wake|100\/100\n|move|p2a: Tornadus|Bleakwind Storm|p1a: Illumise|[spread] p1a,p1b\n|-supereffective|p1a: Illumise\n|-damage|p1a: Illumise|30\/100\n|-damage|p1b: Chandelure|55\/100\n|move|p1b: Chandelure|Heat Wave|p2b: Walking Wake|[spread] p2a,p2b\n|-resisted|p2b: Walking Wake\n|-damage|p2a: Tornadus|27\/100\n|-damage|p2b: Walking Wake|89\/100\n|-status|p2b: Walking Wake|brn\n|\n|-damage|p2b: Walking Wake|83\/100 brn|[from] brn\n|upkeep\n|turn|3\n|\n|t:|1698931640\n|switch|p2a: Iron Hands|Iron Hands|75\/100\n|switch|p1b: Empoleon|Empoleon, M|100\/100\n|move|p1a: Illumise|Tailwind|p1a: Illumise\n|-sidestart|p1: IzzyW|move: Tailwind\n|move|p2b: Walking Wake|Hydro Steam|p1a: Illumise\n|-damage|p1a: Illumise|0 fnt\n|faint|p1a: Illumise\n|\n|-damage|p2b: Walking Wake|77\/100 brn|[from] brn\n|upkeep\n|\n|t:|1698931645\n|switch|p1a: Tsareena|Tsareena, F|100\/100\n|turn|4\n|\n|t:|1698931666\n|-end|p2b: Walking Wake|Protosynthesis|[silent]\n|switch|p2b: Rillaboom|Rillaboom, F|100\/100\n|-fieldstart|move: Grassy Terrain|[from] ability: Grassy Surge|[of] p2b: Rillaboom\n|-terastallize|p1a: Tsareena|Fighting\n|move|p1a: Tsareena|Play Rough|p2a: Iron Hands\n|-supereffective|p2a: Iron Hands\n|-damage|p2a: Iron Hands|37\/100\n|-enditem|p2a: Iron Hands|Sitrus Berry|[eat]\n|-heal|p2a: Iron Hands|62\/100|[from] item: Sitrus Berry\n|move|p1b: Empoleon|Icy Wind|p2b: Rillaboom|[spread] p2a,p2b\n|-supereffective|p2b: Rillaboom\n|-damage|p2a: Iron Hands|53\/100\n|-damage|p2b: Rillaboom|69\/100\n|-unboost|p2a: Iron Hands|spe|1\n|-unboost|p2b: Rillaboom|spe|1\n|move|p2a: Iron Hands|Substitute|p2a: Iron Hands\n|-start|p2a: Iron Hands|Substitute\n|-damage|p2a: Iron Hands|28\/100\n|\n|-heal|p2b: Rillaboom|76\/100|[from] Grassy Terrain\n|-heal|p2a: Iron Hands|34\/100|[from] Grassy Terrain\n|-sideend|p2: 1stTempest|move: Tailwind\n|upkeep\n|turn|5\n|inactive|1stTempest has 120 seconds left.\n|\n|t:|1698931700\n|switch|p1b: Chandelure|Chandelure, M|55\/100\n|move|p1a: Tsareena|Power Whip|p2a: Iron Hands\n|-end|p2a: Iron Hands|Substitute\n|move|p2b: Rillaboom|Wood Hammer|p1b: Chandelure\n|-resisted|p1b: Chandelure\n|-damage|p1b: Chandelure|0 fnt\n|faint|p1b: Chandelure\n|-damage|p2b: Rillaboom|64\/100|[from] Recoil\n|move|p2a: Iron Hands|Swords Dance|p2a: Iron Hands\n|-boost|p2a: Iron Hands|atk|2\n|\n|-heal|p2b: Rillaboom|70\/100|[from] Grassy Terrain\n|-heal|p2a: Iron Hands|40\/100|[from] Grassy Terrain\n|upkeep\n|\n|t:|1698931705\n|switch|p1b: Honchkrow|Honchkrow, M|100\/100\n|turn|6\n|\n|t:|1698931728\n|move|p1a: Tsareena|Power Whip|p2a: Iron Hands\n|-damage|p2a: Iron Hands|0 fnt\n|faint|p2a: Iron Hands\n|-end|p2a: Iron Hands|Quark Drive|[silent]\n|move|p1b: Honchkrow|Heat Wave|p2b: Rillaboom\n|-supereffective|p2b: Rillaboom\n|-damage|p2b: Rillaboom|15\/100\n|move|p2b: Rillaboom|Wood Hammer|p1a: Tsareena\n|-damage|p1a: Tsareena|0 fnt\n|faint|p1a: Tsareena\n|-damage|p2b: Rillaboom|0 fnt|[from] Recoil\n|faint|p2b: Rillaboom\n|\n|-sideend|p1: IzzyW|move: Tailwind\n|upkeep\n|\n|t:|1698931742\n|switch|p2b: Walking Wake|Walking Wake|77\/100 brn\n|switch|p1a: Espeon|Espeon, F|100\/100\n|switch|p2a: Tornadus|Tornadus, M|27\/100\n|turn|7\n|\n|t:|1698931755\n|-terastallize|p2b: Walking Wake|Fairy\n|move|p2a: Tornadus|Tailwind|p2a: Tornadus\n|-sidestart|p2: 1stTempest|move: Tailwind\n|move|p1b: Honchkrow|Sucker Punch|p2b: Walking Wake\n|-resisted|p2b: Walking Wake\n|-damage|p2b: Walking Wake|55\/100 brn\n|move|p2b: Walking Wake|Tera Blast|p1b: Honchkrow|[anim] Tera Blast Fairy\n|-supereffective|p1b: Honchkrow\n|-damage|p1b: Honchkrow|0 fnt\n|faint|p1b: Honchkrow\n|move|p1a: Espeon|Dazzling Gleam|p2b: Walking Wake|[spread] p2a,p2b\n|-damage|p2a: Tornadus|3\/100\n|-damage|p2b: Walking Wake|37\/100 brn\n|\n|-heal|p2b: Walking Wake|43\/100 brn|[from] Grassy Terrain\n|-damage|p2b: Walking Wake|37\/100 brn|[from] brn\n|upkeep\n|\n|t:|1698931768\n|switch|p1b: Empoleon|Empoleon, M|100\/100\n|turn|8\n|\n|t:|1698931778\n|move|p2a: Tornadus|Sunny Day|p2a: Tornadus\n|-weather|SunnyDay\n|-activate|p2b: Walking Wake|ability: Protosynthesis\n|-start|p2b: Walking Wake|protosynthesisspe\n|move|p2b: Walking Wake|Weather Ball|p1b: Empoleon\n|-damage|p1b: Empoleon|54\/100\n|move|p1a: Espeon|Dazzling Gleam|p2b: Walking Wake|[spread] p2a,p2b\n|-crit|p2b: Walking Wake\n|-damage|p2a: Tornadus|0 fnt\n|-damage|p2b: Walking Wake|10\/100 brn\n|faint|p2a: Tornadus\n|move|p1b: Empoleon|Grass Knot|p2b: Walking Wake\n|-damage|p2b: Walking Wake|0 fnt\n|faint|p2b: Walking Wake\n|-end|p2b: Walking Wake|Protosynthesis|[silent]\n|\n|-weather|SunnyDay|[upkeep]\n|-heal|p1b: Empoleon|60\/100|[from] Grassy Terrain\n|-heal|p1b: Empoleon|67\/100|[from] item: Leftovers\n|-fieldend|move: Grassy Terrain\n|upkeep\n|\n|t:|1698931787\n|switch|p2b: Ogerpon|Ogerpon-Hearthflame, F|100\/100\n|switch|p2a: Torterra|Torterra, F|100\/100\n|-ability|p2b: Ogerpon|Mold Breaker\n|turn|9\n|-message|IzzyW forfeited.\n|\n|win|1stTempest\n|raw|IzzyW's rating: 1228 &rarr; <strong>1207<\/strong><br \/>(-21 for losing)\n|raw|1stTempest's rating: 1278 &rarr; <strong>1299<\/strong><br \/>(+21 for winning)\n|l|\u2606IzzyW\n","uploadtime":1698931797,"views":20,"p1id":"izzyw","p2id":"1sttempest","formatid":"gen9doublesou","rating":1207,"private":0,"password":""}