{"id":"gen9doublesou-1991962552","p1":"UTJUTJ","p2":"Blue Syrius","format":"[Gen 9] Doubles OU","log":"|j|\u2606UTJUTJ\n|j|\u2606Blue Syrius\n|t:|1700142985\n|gametype|doubles\n|player|p1|UTJUTJ|lucas|1305\n|player|p2|Blue Syrius|ninjaboy|1372\n|teamsize|p1|6\n|teamsize|p2|6\n|gen|9\n|tier|[Gen 9] Doubles OU\n|rated|\n|rule|Species Clause: Limit one of each Pok\u00e9mon\n|rule|OHKO Clause: OHKO moves are banned\n|rule|Evasion Moves Clause: Evasion moves are banned\n|rule|Gravity Sleep Clause: The combination of sleep-inducing moves with imperfect accuracy and Gravity or Gigantamax Orbeetle are banned\n|rule|Endless Battle Clause: Forcing endless battles is banned\n|rule|HP Percentage Mod: HP is shown in percentages\n|clearpoke\n|poke|p1|Krookodile, M|\n|poke|p1|Meowscarada, F|\n|poke|p1|Oranguru, M|\n|poke|p1|Ursaluna, F|\n|poke|p1|Iron Bundle|\n|poke|p1|Flamigo, M|\n|poke|p2|Farigiraf, F|\n|poke|p2|Chien-Pao|\n|poke|p2|Garchomp, M|\n|poke|p2|Tornadus, M|\n|poke|p2|Flutter Mane|\n|poke|p2|Chi-Yu|\n|teampreview\n|inactive|Battle timer is ON: inactive players will automatically lose when time's up. (requested by UTJUTJ)\n|\n|t:|1700143005\n|start\n|switch|p1a: Oranguru|Oranguru, M|100\/100\n|switch|p1b: Ursaluna|Ursaluna, F|100\/100\n|switch|p2a: Psyshock|Flutter Mane|100\/100\n|switch|p2b: Protect|Chi-Yu|100\/100\n|-ability|p2b: Protect|Beads of Ruin\n|-enditem|p2a: Psyshock|Booster Energy\n|-activate|p2a: Psyshock|ability: Protosynthesis|[fromitem]\n|-start|p2a: Psyshock|protosynthesisspa\n|turn|1\n|\n|t:|1700143022\n|move|p2b: Protect|Dark Pulse|p1a: Oranguru\n|-supereffective|p1a: Oranguru\n|-damage|p1a: Oranguru|22\/100\n|move|p2a: Psyshock|Dazzling Gleam|p1a: Oranguru|[spread] p1a,p1b\n|-damage|p1a: Oranguru|0 fnt\n|-damage|p1b: Ursaluna|43\/100\n|faint|p1a: Oranguru\n|move|p1b: Ursaluna|Belly Drum||[still]\n|-fail|p1b: Ursaluna\n|\n|-status|p1b: Ursaluna|brn|[from] item: Flame Orb\n|upkeep\n|\n|t:|1700143039\n|switch|p1a: Iron Bundle|Iron Bundle|100\/100\n|-enditem|p1a: Iron Bundle|Booster Energy\n|-activate|p1a: Iron Bundle|ability: Quark Drive|[fromitem]\n|-start|p1a: Iron Bundle|quarkdrivespe\n|turn|2\n|\n|t:|1700143066\n|switch|p2b: Swords Dance|Chien-Pao|100\/100\n|-ability|p2b: Swords Dance|Sword of Ruin\n|-end|p2a: Psyshock|Protosynthesis|[silent]\n|switch|p2a: Trick Room|Farigiraf, F|100\/100\n|move|p1a: Iron Bundle|Hydro Pump|p2b: Swords Dance\n|-crit|p2b: Swords Dance\n|-enditem|p2b: Swords Dance|Focus Sash\n|-damage|p2b: Swords Dance|1\/100\n|move|p1b: Ursaluna|Earthquake|p2a: Trick Room|[spread] p1a,p2a,p2b\n|-damage|p1a: Iron Bundle|0 fnt\n|-damage|p2a: Trick Room|7\/100\n|-damage|p2b: Swords Dance|0 fnt\n|-enditem|p2a: Trick Room|Sitrus Berry|[eat]\n|-heal|p2a: Trick Room|32\/100|[from] item: Sitrus Berry\n|faint|p1a: Iron Bundle\n|-end|p1a: Iron Bundle|Quark Drive|[silent]\n|faint|p2b: Swords Dance\n|\n|-damage|p1b: Ursaluna|37\/100 brn|[from] brn\n|upkeep\n|\n|t:|1700143094\n|switch|p1a: Meowscarada|Meowscarada, F|100\/100\n|switch|p2b: Stealth Rock|Garchomp, M|100\/100\n|turn|3\n|\n|t:|1700143116\n|switch|p2a: Nasty Plot|Tornadus, M|100\/100\n|move|p1a: Meowscarada|Flower Trick|p2a: Nasty Plot\n|-resisted|p2a: Nasty Plot\n|-crit|p2a: Nasty Plot\n|-damage|p2a: Nasty Plot|69\/100\n|move|p2b: Stealth Rock|Swords Dance|p2b: Stealth Rock\n|-boost|p2b: Stealth Rock|atk|2\n|move|p1b: Ursaluna|Drain Punch|p2b: Stealth Rock\n|-damage|p2b: Stealth Rock|60\/100\n|-heal|p1b: Ursaluna|56\/100 brn|[from] drain|[of] p2b: Stealth Rock\n|-damage|p1b: Ursaluna|43\/100 brn|[from] ability: Rough Skin|[of] p2b: Stealth Rock\n|\n|-damage|p1b: Ursaluna|37\/100 brn|[from] brn\n|upkeep\n|turn|4\n|\n|t:|1700143141\n|move|p2a: Nasty Plot|Tailwind|p2a: Nasty Plot\n|-sidestart|p2: Blue Syrius|move: Tailwind\n|move|p1a: Meowscarada|Flower Trick|p2b: Stealth Rock\n|-crit|p2b: Stealth Rock\n|-damage|p2b: Stealth Rock|25\/100\n|move|p2b: Stealth Rock|Earthquake|p1b: Ursaluna|[spread] p1a,p1b\n|-immune|p2a: Nasty Plot\n|-resisted|p1a: Meowscarada\n|-damage|p1a: Meowscarada|43\/100\n|-damage|p1b: Ursaluna|0 fnt\n|faint|p1b: Ursaluna\n|\n|upkeep\n|inactive|UTJUTJ has 120 seconds left.\n|\n|t:|1700143167\n|switch|p1b: Krookodile|Krookodile, M|100\/100\n|turn|5\n|\n|t:|1700143180\n|move|p2a: Nasty Plot|Heat Wave|p1b: Krookodile|[spread] p1a,p1b\n|-supereffective|p1a: Meowscarada\n|-crit|p1a: Meowscarada\n|-damage|p1a: Meowscarada|0 fnt\n|-damage|p1b: Krookodile|69\/100\n|faint|p1a: Meowscarada\n|move|p2b: Stealth Rock|Earthquake|p1b: Krookodile|[spread] p1b\n|-immune|p2a: Nasty Plot\n|-damage|p1b: Krookodile|0 fnt\n|faint|p1b: Krookodile\n|\n|upkeep\n|\n|t:|1700143189\n|switch|p1b: Flamigo|Flamigo, M|100\/100\n|turn|6\n|c|\u2606Blue Syrius|gg\n|\n|t:|1700143201\n|move|p1b: Flamigo|Protect|p1b: Flamigo\n|-singleturn|p1b: Flamigo|Protect\n|move|p2a: Nasty Plot|Bleakwind Storm|p1b: Flamigo\n|-activate|p1b: Flamigo|move: Protect\n|move|p2b: Stealth Rock|Rock Slide|p1b: Flamigo\n|-activate|p1b: Flamigo|move: Protect\n|\n|upkeep\n|turn|7\n|c|\u2606Blue Syrius|og i see\n|c|\u2606Blue Syrius|hope\n|-message|UTJUTJ forfeited.\n|\n|win|Blue Syrius\n|raw|UTJUTJ's rating: 1305 &rarr; <strong>1289<\/strong><br \/>(-16 for losing)\n|raw|Blue Syrius's rating: 1372 &rarr; <strong>1388<\/strong><br \/>(+16 for winning)\n|l|\u2606UTJUTJ\n","uploadtime":1700143223,"views":12,"p1id":"utjutj","p2id":"bluesyrius","formatid":"gen9doublesou","rating":1289,"private":0,"password":""}