{"id":"gen9doublesou-1971772405","p1":"Schister","p2":"fangame10","format":"[Gen 9] Doubles OU","log":"|j|\u2606Schister\n|j|\u2606fangame10\n|t:|1697770455\n|gametype|doubles\n|player|p1|Schister|clair|1637\n|player|p2|fangame10|red|1681\n|teamsize|p1|6\n|teamsize|p2|6\n|gen|9\n|tier|[Gen 9] Doubles OU\n|rated|\n|rule|Species Clause: Limit one of each Pok\u00e9mon\n|rule|OHKO Clause: OHKO moves are banned\n|rule|Evasion Moves Clause: Evasion moves are banned\n|rule|Gravity Sleep Clause: The combination of sleep-inducing moves with imperfect accuracy and Gravity or Gigantamax Orbeetle are banned\n|rule|Endless Battle Clause: Forcing endless battles is banned\n|rule|HP Percentage Mod: HP is shown in percentages\n|clearpoke\n|poke|p1|Weezing-Galar, F|\n|poke|p1|Ogerpon-Hearthflame, F|\n|poke|p1|Landorus-Therian, M|\n|poke|p1|Iron Hands|\n|poke|p1|Flutter Mane|\n|poke|p1|Roaring Moon|\n|poke|p2|Iron Bundle|\n|poke|p2|Abomasnow, M|\n|poke|p2|Chi-Yu|\n|poke|p2|Ursaluna, M|\n|poke|p2|Flutter Mane|\n|poke|p2|Cresselia, F|\n|teampreview\n|inactive|Battle timer is ON: inactive players will automatically lose when time's up. (requested by fangame10)\n|inactive|Schister also wants the timer to be on.\n|c|\u2606Schister|GL\n|c|\u2606fangame10|hi glhf\n|j| Ghastlypixie\n|inactive|fangame10 has 120 seconds left.\n|\n|t:|1697770485\n|start\n|switch|p1a: Weezing|Weezing-Galar, F|100\/100\n|switch|p1b: Landorus|Landorus-Therian, M|100\/100\n|switch|p2a: Flutter Mane|Flutter Mane, shiny|100\/100\n|switch|p2b: Chi-Yu|Chi-Yu|100\/100\n|-ability|p1a: Weezing|Neutralizing Gas\n|turn|1\n|\n|t:|1697770499\n|move|p1b: Landorus|Stomping Tantrum|p2b: Chi-Yu\n|-supereffective|p2b: Chi-Yu\n|-damage|p2b: Chi-Yu|0 fnt\n|faint|p2b: Chi-Yu\n|move|p2a: Flutter Mane|Shadow Ball|p1b: Landorus\n|-damage|p1b: Landorus|31\/100\n|move|p1a: Weezing|Gunk Shot|p2a: Flutter Mane\n|-damage|p2a: Flutter Mane|35\/100\n|-status|p2a: Flutter Mane|psn\n|\n|-damage|p2a: Flutter Mane|23\/100 psn|[from] psn\n|upkeep\n|\n|t:|1697770503\n|switch|p2b: Iron Bundle|Iron Bundle, shiny|100\/100\n|turn|2\n|\n|t:|1697770525\n|switch|p1b: Iron Hands|Iron Hands|100\/100\n|-end|p2a: Flutter Mane|Protosynthesis|[silent]\n|switch|p2a: Cresselia|Cresselia, F|100\/100\n|-terastallize|p2b: Iron Bundle|Ice\n|move|p2b: Iron Bundle|Blizzard|p1b: Iron Hands|[spread] p1a\n|-miss|p2b: Iron Bundle|p1b: Iron Hands\n|-damage|p1a: Weezing|20\/100\n|move|p1a: Weezing|Gunk Shot|p2b: Iron Bundle\n|-damage|p2b: Iron Bundle|54\/100\n|\n|-heal|p1a: Weezing|26\/100|[from] item: Leftovers\n|upkeep\n|turn|3\n|\n|t:|1697770552\n|-end|p2b: Iron Bundle|Quark Drive|[silent]\n|switch|p2b: Ursaluna|Ursaluna, M, shiny|100\/100\n|move|p1b: Iron Hands|Fake Out|p2b: Ursaluna\n|-crit|p2b: Ursaluna\n|-damage|p2b: Ursaluna|82\/100\n|move|p1a: Weezing|Taunt|p2a: Cresselia\n|-start|p2a: Cresselia|move: Taunt\n|cant|p2a: Cresselia|move: Taunt|Trick Room\n|\n|-heal|p1a: Weezing|32\/100|[from] item: Leftovers\n|-status|p2b: Ursaluna|brn|[from] item: Flame Orb\n|upkeep\n|turn|4\n|\n|t:|1697770567\n|switch|p2b: Flutter Mane|Flutter Mane, shiny|23\/100 psn\n|move|p1a: Weezing|Protect|p1a: Weezing\n|-singleturn|p1a: Weezing|Protect\n|move|p2a: Cresselia|Ice Beam|p1a: Weezing\n|-activate|p1a: Weezing|move: Protect\n|move|p1b: Iron Hands|Drain Punch|p2b: Flutter Mane\n|-immune|p2b: Flutter Mane\n|\n|-heal|p1a: Weezing|38\/100|[from] item: Leftovers\n|-damage|p2b: Flutter Mane|10\/100 psn|[from] psn\n|upkeep\n|turn|5\n|\n|t:|1697770582\n|switch|p2a: Iron Bundle|Iron Bundle, shiny, tera:Ice|54\/100\n|-end|p1a: Weezing|ability: Neutralizing Gas\n|switch|p1a: Ogerpon|Ogerpon-Hearthflame, F|100\/100\n|-ability|p1a: Ogerpon|Mold Breaker\n|move|p2b: Flutter Mane|Dazzling Gleam|p1a: Ogerpon|[spread] p1a,p1b\n|-resisted|p1a: Ogerpon\n|-supereffective|p1b: Iron Hands\n|-damage|p1a: Ogerpon|79\/100\n|-damage|p1b: Iron Hands|58\/100\n|move|p1b: Iron Hands|Wild Charge|p2a: Iron Bundle\n|-damage|p2a: Iron Bundle|0 fnt\n|faint|p2a: Iron Bundle\n|-end|p2a: Iron Bundle|Quark Drive|[silent]\n|-damage|p1b: Iron Hands|50\/100|[from] Recoil\n|\n|-damage|p2b: Flutter Mane|0 fnt|[from] psn\n|faint|p2b: Flutter Mane\n|-end|p2b: Flutter Mane|Protosynthesis|[silent]\n|upkeep\n|\n|t:|1697770591\n|switch|p2a: Cresselia|Cresselia, F|100\/100\n|switch|p2b: Ursaluna|Ursaluna, M, shiny|82\/100 brn\n|turn|6\n|\n|t:|1697770609\n|-terastallize|p1a: Ogerpon|Fire\n|detailschange|p1a: Ogerpon|Ogerpon-Hearthflame-Tera, F, tera:Fire\n|-ability|p1a: Ogerpon|Embody Aspect (Hearthflame)|boost\n|-boost|p1a: Ogerpon|atk|1\n|move|p2b: Ursaluna|Protect|p2b: Ursaluna\n|-singleturn|p2b: Ursaluna|Protect\n|move|p1a: Ogerpon|Ivy Cudgel|p2a: Cresselia\n|-damage|p2a: Cresselia|38\/100\n|move|p1b: Iron Hands|Drain Punch|p2b: Ursaluna\n|-activate|p2b: Ursaluna|move: Protect\n|move|p2a: Cresselia|Trick Room|p2a: Cresselia\n|-fieldstart|move: Trick Room|[of] p2a: Cresselia\n|\n|-damage|p2b: Ursaluna|76\/100 brn|[from] brn\n|upkeep\n|turn|7\n|l| Ghastlypixie\n|\n|t:|1697770638\n|-end|p1b: Iron Hands|Quark Drive|[silent]\n|switch|p1b: Landorus|Landorus-Therian, M|31\/100\n|-ability|p1b: Landorus|Intimidate|boost\n|-unboost|p2a: Cresselia|atk|1\n|-unboost|p2b: Ursaluna|atk|1\n|move|p1a: Ogerpon|Spiky Shield|p1a: Ogerpon\n|-singleturn|p1a: Ogerpon|move: Protect\n|move|p2b: Ursaluna|Swords Dance|p2b: Ursaluna\n|-boost|p2b: Ursaluna|atk|2\n|move|p2a: Cresselia|Lunar Blessing|p2a: Cresselia|[spread] p2a,p2b\n|-heal|p2a: Cresselia|63\/100\n|-heal|p2b: Ursaluna|100\/100 brn\n|-curestatus|p2b: Ursaluna|brn|[msg]\n|\n|-status|p2b: Ursaluna|brn|[from] item: Flame Orb\n|upkeep\n|turn|8\n|\n|t:|1697770666\n|switch|p1a: Weezing|Weezing-Galar, F|38\/100\n|-ability|p1a: Weezing|Neutralizing Gas\n|move|p2b: Ursaluna|Earthquake|p1a: Weezing|[spread] p2a,p1a\n|-immune|p1b: Landorus\n|-supereffective|p1a: Weezing\n|-damage|p2a: Cresselia|44\/100\n|-damage|p1a: Weezing|0 fnt\n|faint|p1a: Weezing\n|-end|p1a: Weezing|ability: Neutralizing Gas\n|-ability|p1b: Landorus|Intimidate|boost\n|-unboost|p2a: Cresselia|atk|1\n|-unboost|p2b: Ursaluna|atk|1\n|move|p2a: Cresselia|Ice Beam|p1b: Landorus\n|-supereffective|p1b: Landorus\n|-damage|p1b: Landorus|0 fnt\n|faint|p1b: Landorus\n|\n|-damage|p2b: Ursaluna|94\/100 brn|[from] brn\n|upkeep\n|inactive|Schister has 120 seconds left.\n|\n|t:|1697770683\n|switch|p1a: Iron Hands|Iron Hands|50\/100\n|switch|p1b: Roaring Moon|Roaring Moon|100\/100\n|turn|9\n|\n|t:|1697770691\n|switch|p2a: Abomasnow|Abomasnow, M, shiny|100\/100\n|-weather|Snow|[from] ability: Snow Warning|[of] p2a: Abomasnow\n|move|p1a: Iron Hands|Fake Out|p2b: Ursaluna\n|-damage|p2b: Ursaluna|83\/100 brn\n|cant|p2b: Ursaluna|flinch\n|move|p1b: Roaring Moon|Taunt|p2a: Abomasnow\n|-start|p2a: Abomasnow|move: Taunt\n|\n|-weather|Snow|[upkeep]\n|-damage|p2b: Ursaluna|77\/100 brn|[from] brn\n|upkeep\n|turn|10\n|inactive|fangame10 has 120 seconds left.\n|\n|t:|1697770729\n|switch|p2a: Cresselia|Cresselia, F|44\/100\n|move|p2b: Ursaluna|Earthquake|p1a: Iron Hands|[spread] p1a,p1b\n|-immune|p2a: Cresselia|[from] ability: Levitate\n|-supereffective|p1a: Iron Hands\n|-damage|p1a: Iron Hands|0 fnt\n|-damage|p1b: Roaring Moon|21\/100\n|faint|p1a: Iron Hands\n|-end|p1a: Iron Hands|Quark Drive|[silent]\n|move|p1b: Roaring Moon|Knock Off|p2b: Ursaluna\n|-damage|p2b: Ursaluna|43\/100 brn\n|-enditem|p2b: Ursaluna|Flame Orb|[from] move: Knock Off|[of] p1b: Roaring Moon\n|\n|-weather|Snow|[upkeep]\n|-damage|p2b: Ursaluna|37\/100 brn|[from] brn\n|-fieldend|move: Trick Room\n|upkeep\n|\n|t:|1697770738\n|switch|p1a: Ogerpon|Ogerpon-Hearthflame-Tera, F, tera:Fire|79\/100\n|-ability|p1a: Ogerpon|Embody Aspect (Hearthflame)|boost\n|-boost|p1a: Ogerpon|atk|1\n|turn|11\n|\n|t:|1697770746\n|move|p1b: Roaring Moon|Knock Off|p2a: Cresselia\n|-supereffective|p2a: Cresselia\n|-damage|p2a: Cresselia|0 fnt\n|-enditem|p2a: Cresselia|Safety Goggles|[from] move: Knock Off|[of] p1b: Roaring Moon\n|faint|p2a: Cresselia\n|move|p1a: Ogerpon|Ivy Cudgel|p2b: Ursaluna\n|-damage|p2b: Ursaluna|0 fnt\n|faint|p2b: Ursaluna\n|\n|-weather|Snow|[upkeep]\n|upkeep\n|\n|t:|1697770750\n|switch|p2b: Abomasnow|Abomasnow, M, shiny|100\/100\n|turn|12\n|c|\u2606fangame10|gg\n|c|\u2606Schister|gg\n|-message|fangame10 forfeited.\n|\n|win|Schister\n|raw|Schister's rating: 1637 &rarr; <strong>1658<\/strong><br \/>(+21 for winning)\n|raw|fangame10's rating: 1660 &rarr; <strong>1639<\/strong><br \/>(-21 for losing)\n|l|\u2606fangame10\n","uploadtime":1697770762,"views":17,"p1id":"schister","p2id":"fangame10","formatid":"gen9doublesou","rating":1639,"private":0,"password":""}