{"id":"gen9doublesou-1970997797","p1":"lerpee","p2":"Ultrajoez","format":"[Gen 9] Doubles OU","log":"|j|\u2606lerpee\n|j|\u2606Ultrajoez\n|t:|1697690231\n|gametype|doubles\n|player|p1|lerpee|265|1298\n|player|p2|Ultrajoez|wattson|1351\n|teamsize|p1|6\n|teamsize|p2|6\n|gen|9\n|tier|[Gen 9] Doubles OU\n|rated|\n|rule|Species Clause: Limit one of each Pok\u00e9mon\n|rule|OHKO Clause: OHKO moves are banned\n|rule|Evasion Moves Clause: Evasion moves are banned\n|rule|Gravity Sleep Clause: The combination of sleep-inducing moves with imperfect accuracy and Gravity or Gigantamax Orbeetle are banned\n|rule|Endless Battle Clause: Forcing endless battles is banned\n|rule|HP Percentage Mod: HP is shown in percentages\n|clearpoke\n|poke|p1|Golem-Alola, F|\n|poke|p1|Garchomp, M|\n|poke|p1|Ogerpon-Wellspring, F|\n|poke|p1|Goodra-Hisui, F|\n|poke|p1|Iron Hands|\n|poke|p1|Roaring Moon|\n|poke|p2|Clefairy, F|\n|poke|p2|Kommo-o, F|\n|poke|p2|Sinistcha|\n|poke|p2|Landorus-Therian, M|\n|poke|p2|Kingambit, F|\n|poke|p2|Iron Hands|\n|teampreview\n|inactive|Battle timer is ON: inactive players will automatically lose when time's up. (requested by lerpee)\n|\n|t:|1697690254\n|start\n|switch|p1a: Garchomp|Garchomp, M|100\/100\n|switch|p1b: Golem|Golem-Alola, F|100\/100\n|switch|p2a: Clefairy|Clefairy, F|100\/100\n|switch|p2b: Iron Hands|Iron Hands|100\/100\n|turn|1\n|inactive|Ultrajoez has 120 seconds left.\n|\n|t:|1697690289\n|move|p2b: Iron Hands|Fake Out|p1a: Garchomp\n|-damage|p1a: Garchomp|85\/100\n|-damage|p2b: Iron Hands|88\/100|[from] ability: Rough Skin|[of] p1a: Garchomp\n|move|p2a: Clefairy|Follow Me|p2a: Clefairy\n|-singleturn|p2a: Clefairy|move: Follow Me\n|cant|p1a: Garchomp|flinch\n|move|p1b: Golem|Body Slam|p2a: Clefairy\n|-damage|p2a: Clefairy|54\/100\n|\n|-heal|p1a: Garchomp|92\/100|[from] item: Leftovers\n|upkeep\n|turn|2\n|\n|t:|1697690313\n|move|p1a: Garchomp|Substitute|p1a: Garchomp\n|-start|p1a: Garchomp|Substitute\n|-damage|p1a: Garchomp|67\/100\n|move|p2b: Iron Hands|Drain Punch|p1b: Golem\n|-supereffective|p1b: Golem\n|-damage|p1b: Golem|34\/100\n|-heal|p2b: Iron Hands|100\/100|[from] drain|[of] p1b: Golem\n|move|p1b: Golem|Rock Slide|p2b: Iron Hands|[spread] p2a,p2b\n|-resisted|p2b: Iron Hands\n|-damage|p2a: Clefairy|30\/100\n|-damage|p2b: Iron Hands|93\/100\n|cant|p2a: Clefairy|flinch\n|\n|-heal|p1a: Garchomp|73\/100|[from] item: Leftovers\n|upkeep\n|turn|3\n|\n|t:|1697690335\n|switch|p2a: Sinistcha|Sinistcha|100\/100\n|-heal|p2b: Iron Hands|100\/100|[from] ability: Hospitality|[of] p2a: Sinistcha\n|move|p1a: Garchomp|Swords Dance|p1a: Garchomp\n|-boost|p1a: Garchomp|atk|2\n|move|p2b: Iron Hands|Drain Punch|p1b: Golem\n|-supereffective|p1b: Golem\n|-damage|p1b: Golem|0 fnt\n|faint|p1b: Golem\n|\n|-heal|p1a: Garchomp|79\/100|[from] item: Leftovers\n|upkeep\n|\n|t:|1697690350\n|switch|p1b: Roaring Moon|Roaring Moon|100\/100\n|-enditem|p1b: Roaring Moon|Booster Energy\n|-activate|p1b: Roaring Moon|ability: Protosynthesis|[fromitem]\n|-start|p1b: Roaring Moon|protosynthesisspe\n|turn|4\n|\n|t:|1697690374\n|-terastallize|p1b: Roaring Moon|Flying\n|move|p1b: Roaring Moon|Breaking Swipe|p2b: Iron Hands|[spread] p2a,p2b\n|-damage|p2a: Sinistcha|79\/100\n|-damage|p2b: Iron Hands|84\/100\n|-unboost|p2a: Sinistcha|atk|1\n|-unboost|p2b: Iron Hands|atk|1\n|move|p1a: Garchomp|Swords Dance|p1a: Garchomp\n|-boost|p1a: Garchomp|atk|2\n|move|p2a: Sinistcha|Strength Sap|p1b: Roaring Moon\n|-unboost|p1b: Roaring Moon|atk|1\n|-heal|p2a: Sinistcha|100\/100\n|move|p2b: Iron Hands|Heavy Slam|p1a: Garchomp\n|-end|p1a: Garchomp|Substitute\n|\n|-heal|p1a: Garchomp|85\/100|[from] item: Leftovers\n|upkeep\n|turn|5\n|inactive|lerpee has 120 seconds left.\n|inactive|Ultrajoez has 120 seconds left.\n|\n|t:|1697690407\n|move|p1b: Roaring Moon|Acrobatics|p2a: Sinistcha\n|-supereffective|p2a: Sinistcha\n|-damage|p2a: Sinistcha|29\/100\n|-enditem|p2a: Sinistcha|Sitrus Berry|[eat]\n|-heal|p2a: Sinistcha|54\/100|[from] item: Sitrus Berry\n|move|p1a: Garchomp|Earthquake|p2b: Iron Hands|[spread] p2a,p2b\n|-immune|p1b: Roaring Moon\n|-resisted|p2a: Sinistcha\n|-supereffective|p2b: Iron Hands\n|-damage|p2a: Sinistcha|5\/100\n|-damage|p2b: Iron Hands|0 fnt\n|faint|p2b: Iron Hands\n|-end|p2b: Iron Hands|Quark Drive|[silent]\n|move|p2a: Sinistcha|Life Dew|p2a: Sinistcha\n|-heal|p2a: Sinistcha|31\/100\n|\n|-heal|p1a: Garchomp|91\/100|[from] item: Leftovers\n|upkeep\n|inactive|Ultrajoez has 120 seconds left.\n|\n|t:|1697690427\n|switch|p2b: Hanzo|Landorus-Therian, M, shiny|100\/100\n|-ability|p2b: Hanzo|Intimidate|boost\n|-unboost|p1a: Garchomp|atk|1\n|-unboost|p1b: Roaring Moon|atk|1\n|turn|6\n|inactive|Ultrajoez has 120 seconds left.\n|\n|t:|1697690447\n|switch|p2a: Clefairy|Clefairy, F|30\/100\n|move|p1b: Roaring Moon|Acrobatics|p2a: Clefairy\n|-damage|p2a: Clefairy|3\/100\n|move|p1a: Garchomp|Dragon Claw|p2b: Hanzo\n|-damage|p2b: Hanzo|27\/100\n|move|p2b: Hanzo|Rock Slide|p1a: Garchomp|[spread] p1a,p1b\n|-resisted|p1a: Garchomp\n|-supereffective|p1b: Roaring Moon\n|-damage|p1a: Garchomp|81\/100\n|-damage|p1b: Roaring Moon|47\/100\n|\n|-heal|p1a: Garchomp|87\/100|[from] item: Leftovers\n|upkeep\n|turn|7\n|inactive|Ultrajoez has 120 seconds left.\n|\n|t:|1697690483\n|switch|p2b: Kingambit|Kingambit, F|100\/100\n|-activate|p2b: Kingambit|ability: Supreme Overlord\n|-start|p2b: Kingambit|fallen1|[silent]\n|move|p2a: Clefairy|Protect|p2a: Clefairy\n|-singleturn|p2a: Clefairy|Protect\n|move|p1b: Roaring Moon|Acrobatics|p2a: Clefairy\n|-activate|p2a: Clefairy|move: Protect\n|move|p1a: Garchomp|Dragon Claw|p2b: Kingambit\n|-resisted|p2b: Kingambit\n|-damage|p2b: Kingambit|72\/100\n|\n|-heal|p1a: Garchomp|93\/100|[from] item: Leftovers\n|upkeep\n|turn|8\n|inactive|Ultrajoez has 120 seconds left.\n|\n|t:|1697690505\n|-terastallize|p2b: Kingambit|Dark\n|move|p2a: Clefairy|Follow Me|p2a: Clefairy\n|-singleturn|p2a: Clefairy|move: Follow Me\n|move|p2b: Kingambit|Sucker Punch|p1b: Roaring Moon\n|-damage|p1b: Roaring Moon|0 fnt\n|faint|p1b: Roaring Moon\n|-end|p1b: Roaring Moon|Protosynthesis|[silent]\n|move|p1a: Garchomp|Earthquake|p2b: Kingambit|[spread] p2a,p2b\n|-damage|p2a: Clefairy|0 fnt\n|-damage|p2b: Kingambit|23\/100\n|faint|p2a: Clefairy\n|\n|-heal|p1a: Garchomp|99\/100|[from] item: Leftovers\n|upkeep\n|inactive|Ultrajoez has 120 seconds left.\n|\n|t:|1697690527\n|switch|p1b: Goodra|Goodra-Hisui, F|100\/100\n|switch|p2a: Kommo-o|Kommo-o, F|100\/100\n|turn|9\n|\n|t:|1697690538\n|move|p2b: Kingambit|Sucker Punch||[still]\n|-fail|p2b: Kingambit\n|move|p1a: Garchomp|Substitute|p1a: Garchomp\n|-start|p1a: Garchomp|Substitute\n|-damage|p1a: Garchomp|74\/100\n|move|p2a: Kommo-o|Clangorous Soul|p2a: Kommo-o\n|-boost|p2a: Kommo-o|atk|1\n|-boost|p2a: Kommo-o|def|1\n|-boost|p2a: Kommo-o|spa|1\n|-boost|p2a: Kommo-o|spd|1\n|-boost|p2a: Kommo-o|spe|1\n|-damage|p2a: Kommo-o|68\/100\n|-enditem|p2a: Kommo-o|Throat Spray\n|-boost|p2a: Kommo-o|spa|1|[from] item: Throat Spray\n|move|p1b: Goodra|Dragon Pulse|p2a: Kommo-o\n|-supereffective|p2a: Kommo-o\n|-damage|p2a: Kommo-o|15\/100\n|\n|-heal|p1a: Garchomp|80\/100|[from] item: Leftovers\n|upkeep\n|turn|10\n|\n|t:|1697690572\n|move|p2b: Kingambit|Sucker Punch|p1a: Garchomp\n|-end|p1a: Garchomp|Substitute\n|move|p2a: Kommo-o|Clanging Scales|p1a: Garchomp|[spread] p1a,p1b\n|-supereffective|p1a: Garchomp\n|-damage|p1a: Garchomp|0 fnt\n|-damage|p1b: Goodra|65\/100\n|faint|p1a: Garchomp\n|-unboost|p2a: Kommo-o|def|1\n|move|p1b: Goodra|Life Dew|p1b: Goodra\n|-heal|p1b: Goodra|90\/100\n|\n|-heal|p1b: Goodra|96\/100|[from] item: Leftovers\n|upkeep\n|inactive|lerpee has 120 seconds left.\n|\n|t:|1697690583\n|switch|p1a: Iron Hands|Iron Hands|100\/100\n|-enditem|p1a: Iron Hands|Booster Energy\n|-activate|p1a: Iron Hands|ability: Quark Drive|[fromitem]\n|-start|p1a: Iron Hands|quarkdriveatk\n|turn|11\n|\n|t:|1697690592\n|move|p2a: Kommo-o|Protect|p2a: Kommo-o\n|-singleturn|p2a: Kommo-o|Protect\n|move|p1a: Iron Hands|Fake Out|p2a: Kommo-o\n|-activate|p2a: Kommo-o|move: Protect\n|move|p1b: Goodra|Dragon Pulse|p2b: Kingambit\n|-damage|p2b: Kingambit|0 fnt\n|faint|p2b: Kingambit\n|-end|p2b: Kingambit|fallen1|[silent]\n|\n|-heal|p1b: Goodra|100\/100|[from] item: Leftovers\n|upkeep\n|\n|t:|1697690604\n|switch|p2b: Sinistcha|Sinistcha|31\/100\n|-heal|p2a: Kommo-o|40\/100|[from] ability: Hospitality|[of] p2b: Sinistcha\n|turn|12\n|\n|t:|1697690620\n|move|p2a: Kommo-o|Clanging Scales|p1a: Iron Hands|[spread] p1a,p1b\n|-damage|p1a: Iron Hands|43\/100\n|-damage|p1b: Goodra|65\/100\n|-unboost|p2a: Kommo-o|def|1\n|move|p2b: Sinistcha|Strength Sap|p1a: Iron Hands\n|-unboost|p1a: Iron Hands|atk|1\n|-heal|p2b: Sinistcha|100\/100\n|move|p1b: Goodra|Dragon Pulse|p2a: Kommo-o\n|-supereffective|p2a: Kommo-o\n|-damage|p2a: Kommo-o|0 fnt\n|faint|p2a: Kommo-o\n|move|p1a: Iron Hands|Drain Punch|p2b: Sinistcha\n|-immune|p2b: Sinistcha\n|\n|-heal|p1b: Goodra|71\/100|[from] item: Leftovers\n|upkeep\n|\n|t:|1697690638\n|switch|p2a: Hanzo|Landorus-Therian, M, shiny|27\/100\n|-ability|p2a: Hanzo|Intimidate|boost\n|-unboost|p1a: Iron Hands|atk|1\n|-unboost|p1b: Goodra|atk|1\n|turn|13\n|\n|t:|1697690649\n|-end|p1a: Iron Hands|Quark Drive|[silent]\n|switch|p1a: Ogerpon|Ogerpon-Wellspring, F|100\/100\n|move|p2b: Sinistcha|Rage Powder|p2b: Sinistcha\n|-singleturn|p2b: Sinistcha|move: Rage Powder\n|move|p2a: Hanzo|Stomping Tantrum|p1b: Goodra\n|-supereffective|p1b: Goodra\n|-damage|p1b: Goodra|0 fnt\n|-ability|p1b: Goodra|Gooey\n|-unboost|p2a: Hanzo|spe|1\n|faint|p1b: Goodra\n|\n|upkeep\n|\n|t:|1697690656\n|switch|p1b: Iron Hands|Iron Hands|43\/100\n|turn|14\n|inactive|lerpee has 120 seconds left.\n|\n|t:|1697690687\n|move|p2a: Hanzo|Protect|p2a: Hanzo\n|-singleturn|p2a: Hanzo|Protect\n|move|p1b: Iron Hands|Fake Out|p2a: Hanzo\n|-activate|p2a: Hanzo|move: Protect\n|move|p1a: Ogerpon|Ivy Cudgel|p2a: Hanzo\n|-activate|p2a: Hanzo|move: Protect\n|move|p2b: Sinistcha|Matcha Gotcha|p1a: Ogerpon|[spread] p1a,p1b\n|-damage|p1a: Ogerpon|71\/100\n|-damage|p1b: Iron Hands|22\/100\n|\n|upkeep\n|turn|15\n|\n|t:|1697690715\n|move|p1a: Ogerpon|Ivy Cudgel|p2a: Hanzo\n|-supereffective|p2a: Hanzo\n|-damage|p2a: Hanzo|0 fnt\n|faint|p2a: Hanzo\n|move|p2b: Sinistcha|Strength Sap|p1b: Iron Hands\n|-unboost|p1b: Iron Hands|atk|1\n|move|p1b: Iron Hands|Drain Punch|p2b: Sinistcha\n|-immune|p2b: Sinistcha\n|\n|upkeep\n|turn|16\n|\n|t:|1697690731\n|move|p1a: Ogerpon|Swords Dance|p1a: Ogerpon\n|-boost|p1a: Ogerpon|atk|2\n|move|p2b: Sinistcha|Strength Sap|p1a: Ogerpon\n|-unboost|p1a: Ogerpon|atk|1\n|move|p1b: Iron Hands|Thunder Punch|p2b: Sinistcha\n|-resisted|p2b: Sinistcha\n|-damage|p2b: Sinistcha|87\/100\n|\n|upkeep\n|turn|17\n|\n|t:|1697690754\n|move|p1a: Ogerpon|Swords Dance|p1a: Ogerpon\n|-boost|p1a: Ogerpon|atk|2\n|move|p2b: Sinistcha|Matcha Gotcha|p1b: Iron Hands|[spread] p1a,p1b\n|-damage|p1a: Ogerpon|42\/100\n|-heal|p2b: Sinistcha|99\/100|[from] drain|[of] p1a: Ogerpon\n|-damage|p1b: Iron Hands|1\/100\n|-heal|p2b: Sinistcha|100\/100|[from] drain|[of] p1b: Iron Hands\n|move|p1b: Iron Hands|Thunder Punch|p2b: Sinistcha\n|-resisted|p2b: Sinistcha\n|-damage|p2b: Sinistcha|87\/100\n|\n|upkeep\n|turn|18\n|\n|t:|1697690776\n|move|p1a: Ogerpon|Ivy Cudgel|p2b: Sinistcha\n|-resisted|p2b: Sinistcha\n|-damage|p2b: Sinistcha|25\/100\n|move|p2b: Sinistcha|Strength Sap|p1a: Ogerpon\n|-unboost|p1a: Ogerpon|atk|1\n|-heal|p2b: Sinistcha|100\/100\n|move|p1b: Iron Hands|Thunder Punch|p2b: Sinistcha\n|-resisted|p2b: Sinistcha\n|-damage|p2b: Sinistcha|87\/100\n|\n|upkeep\n|turn|19\n|\n|t:|1697690792\n|move|p1a: Ogerpon|Swords Dance|p1a: Ogerpon\n|-boost|p1a: Ogerpon|atk|2\n|move|p2b: Sinistcha|Matcha Gotcha|p1a: Ogerpon|[spread] p1a,p1b\n|-damage|p1a: Ogerpon|14\/100\n|-heal|p2b: Sinistcha|99\/100|[from] drain|[of] p1a: Ogerpon\n|-damage|p1b: Iron Hands|0 fnt\n|-heal|p2b: Sinistcha|99\/100|[from] drain|[of] p1b: Iron Hands\n|faint|p1b: Iron Hands\n|-end|p1b: Iron Hands|Quark Drive|[silent]\n|\n|upkeep\n|turn|20\n|\n|t:|1697690805\n|move|p1a: Ogerpon|Horn Leech|p2b: Sinistcha\n|-resisted|p2b: Sinistcha\n|-damage|p2b: Sinistcha|40\/100\n|-heal|p1a: Ogerpon|49\/100|[from] drain|[of] p2b: Sinistcha\n|move|p2b: Sinistcha|Matcha Gotcha|p1a: Ogerpon\n|-damage|p1a: Ogerpon|11\/100\n|-heal|p2b: Sinistcha|56\/100|[from] drain|[of] p1a: Ogerpon\n|\n|upkeep\n|turn|21\n|c|\u2606Ultrajoez|Gg\n|\n|t:|1697690824\n|move|p1a: Ogerpon|Ivy Cudgel|p2b: Sinistcha\n|-resisted|p2b: Sinistcha\n|-damage|p2b: Sinistcha|0 fnt\n|faint|p2b: Sinistcha\n|\n|win|lerpee\n|raw|lerpee's rating: 1298 &rarr; <strong>1327<\/strong><br \/>(+29 for winning)\n|raw|Ultrajoez's rating: 1351 &rarr; <strong>1328<\/strong><br \/>(-23 for losing)\n|c|\u2606lerpee|gg\n|l|\u2606Ultrajoez\n","uploadtime":1697690859,"views":10,"p1id":"lerpee","p2id":"ultrajoez","formatid":"gen9doublesou","rating":1327,"private":0,"password":""}