{"id":"gen9doublesou-1990719450","p1":"Blue Syrius","p2":"anteczkeeee","format":"[Gen 9] Doubles OU","log":"|j|\u2606Blue Syrius\n|j|\u2606anteczkeeee\n|t:|1699994569\n|gametype|doubles\n|player|p1|Blue Syrius|youngster-gen4dp|1071\n|player|p2|anteczkeeee|lance|1040\n|teamsize|p1|6\n|teamsize|p2|6\n|gen|9\n|tier|[Gen 9] Doubles OU\n|rated|\n|rule|Species Clause: Limit one of each Pok\u00e9mon\n|rule|OHKO Clause: OHKO moves are banned\n|rule|Evasion Moves Clause: Evasion moves are banned\n|rule|Gravity Sleep Clause: The combination of sleep-inducing moves with imperfect accuracy and Gravity or Gigantamax Orbeetle are banned\n|rule|Endless Battle Clause: Forcing endless battles is banned\n|rule|HP Percentage Mod: HP is shown in percentages\n|clearpoke\n|poke|p1|Ninetales-Alola, F|\n|poke|p1|Munkidori, M|\n|poke|p1|Slowking-Galar, F|\n|poke|p1|Flutter Mane|\n|poke|p1|Roaring Moon|\n|poke|p1|Maushold|\n|poke|p2|Kommo-o, M|\n|poke|p2|Ogerpon-Hearthflame, F|\n|poke|p2|Conkeldurr, M|\n|poke|p2|Dragapult, F|\n|poke|p2|Spectrier|\n|poke|p2|Pawmot, F|\n|teampreview\n|\n|t:|1699994585\n|start\n|switch|p1a: Munkidori|Munkidori, M|100\/100\n|switch|p1b: Flutter Mane|Flutter Mane|100\/100\n|switch|p2a: Spectrier|Spectrier|100\/100\n|switch|p2b: Dragapult|Dragapult, F|100\/100\n|-enditem|p1b: Flutter Mane|Booster Energy\n|-activate|p1b: Flutter Mane|ability: Protosynthesis|[fromitem]\n|-start|p1b: Flutter Mane|protosynthesisspa\n|turn|1\n|inactive|Battle timer is ON: inactive players will automatically lose when time's up. (requested by Blue Syrius)\n|\n|t:|1699994614\n|move|p1b: Flutter Mane|Protect|p1b: Flutter Mane\n|-singleturn|p1b: Flutter Mane|Protect\n|move|p2b: Dragapult|Dragon Dance|p2b: Dragapult\n|-boost|p2b: Dragapult|atk|1\n|-boost|p2b: Dragapult|spe|1\n|move|p2a: Spectrier|Shadow Ball|p1b: Flutter Mane\n|-activate|p1b: Flutter Mane|move: Protect\n|move|p1a: Munkidori|Psyshock|p2b: Dragapult\n|-damage|p2b: Dragapult|45\/100\n|-start|p1a: Munkidori|Disable|Psyshock|[from] ability: Cursed Body|[of] p2b: Dragapult\n|\n|upkeep\n|turn|2\n|\n|t:|1699994640\n|move|p2b: Dragapult|Dragon Darts|p1a: Munkidori\n|-damage|p1a: Munkidori|20\/100\n|-enditem|p1a: Munkidori|Sitrus Berry|[eat]\n|-heal|p1a: Munkidori|45\/100|[from] item: Sitrus Berry\n|-anim|p2b: Dragapult|Dragon Darts|p1a: Munkidori\n|-damage|p1a: Munkidori|0 fnt\n|faint|p1a: Munkidori\n|move|p1b: Flutter Mane|Shadow Ball|p2b: Dragapult\n|-supereffective|p2b: Dragapult\n|-damage|p2b: Dragapult|0 fnt\n|faint|p2b: Dragapult\n|move|p2a: Spectrier|Shadow Ball|p1b: Flutter Mane\n|-supereffective|p1b: Flutter Mane\n|-damage|p1b: Flutter Mane|2\/100\n|\n|upkeep\n|\n|t:|1699994666\n|switch|p2b: Kommo-o|Kommo-o, M|100\/100\n|switch|p1a: Maushold|Maushold|100\/100\n|turn|3\n|inactive|anteczkeeee has 120 seconds left.\n|\n|t:|1699994704\n|move|p1a: Maushold|Follow Me|p1a: Maushold\n|-singleturn|p1a: Maushold|move: Follow Me\n|move|p1b: Flutter Mane|Dazzling Gleam|p2b: Kommo-o|[spread] p2a,p2b\n|-supereffective|p2b: Kommo-o\n|-damage|p2a: Spectrier|44\/100\n|-damage|p2b: Kommo-o|0 fnt\n|faint|p2b: Kommo-o\n|move|p2a: Spectrier|Shadow Ball|p1a: Maushold\n|-immune|p1a: Maushold\n|\n|upkeep\n|\n|t:|1699994723\n|switch|p2b: Pawmot|Pawmot, F|100\/100\n|turn|4\n|inactive|anteczkeeee has 120 seconds left.\n|\n|t:|1699994741\n|-terastallize|p1a: Maushold|Ghost\n|move|p1b: Flutter Mane|Shadow Ball|p2a: Spectrier\n|-supereffective|p2a: Spectrier\n|-crit|p2a: Spectrier\n|-damage|p2a: Spectrier|0 fnt\n|faint|p2a: Spectrier\n|move|p1a: Maushold|Tidy Up|p1a: Maushold\n|-boost|p1a: Maushold|atk|1\n|-boost|p1a: Maushold|spe|1\n|move|p2b: Pawmot|Double Shock|p1a: Maushold\n|-damage|p1a: Maushold|9\/100\n|-start|p2b: Pawmot|typechange|???\/Fighting|[from] move: Double Shock\n|\n|upkeep\n|\n|t:|1699994757\n|switch|p2a: Conkeldurr|Conkeldurr, M|100\/100\n|turn|5\n|inactive|anteczkeeee has 120 seconds left.\n|\n|t:|1699994785\n|move|p1a: Maushold|Population Bomb|p2b: Pawmot\n|-damage|p2b: Pawmot|73\/100\n|-damage|p2b: Pawmot|45\/100\n|-damage|p2b: Pawmot|17\/100\n|-damage|p2b: Pawmot|0 fnt\n|faint|p2b: Pawmot\n|-hitcount|p2: Pawmot|4\n|move|p1b: Flutter Mane|Dazzling Gleam|p2a: Conkeldurr\n|-supereffective|p2a: Conkeldurr\n|-damage|p2a: Conkeldurr|0 fnt\n|faint|p2a: Conkeldurr\n|\n|upkeep\n|-message|anteczkeeee forfeited.\n|\n|win|Blue Syrius\n|raw|Blue Syrius's rating: 1071 &rarr; <strong>1098<\/strong><br \/>(+27 for winning)\n|raw|anteczkeeee's rating: 1040 &rarr; <strong>1025<\/strong><br \/>(-15 for losing)\n|l|\u2606anteczkeeee\n","uploadtime":1699994799,"views":4,"p1id":"bluesyrius","p2id":"anteczkeeee","formatid":"gen9doublesou","rating":1025,"private":0,"password":""}