{"id":"gen9doublesou-1982891118","p1":"EkCantDrawLol","p2":"Trickroom4dumies","format":"[Gen 9] Doubles OU","log":"|j|\u2606EkCantDrawLol\n|j|\u2606Trickroom4dumies\n|t:|1699055476\n|gametype|doubles\n|player|p1|EkCantDrawLol|skierf|1622\n|player|p2|Trickroom4dumies|hexmaniac-gen3|1799\n|teamsize|p1|6\n|teamsize|p2|6\n|gen|9\n|tier|[Gen 9] Doubles OU\n|rated|\n|rule|Species Clause: Limit one of each Pok\u00e9mon\n|rule|OHKO Clause: OHKO moves are banned\n|rule|Evasion Moves Clause: Evasion moves are banned\n|rule|Gravity Sleep Clause: The combination of sleep-inducing moves with imperfect accuracy and Gravity or Gigantamax Orbeetle are banned\n|rule|Endless Battle Clause: Forcing endless battles is banned\n|rule|HP Percentage Mod: HP is shown in percentages\n|clearpoke\n|poke|p1|Ogerpon-Hearthflame, F|\n|poke|p1|Kingambit, F|\n|poke|p1|Tornadus, M|\n|poke|p1|Flutter Mane|\n|poke|p1|Walking Wake|\n|poke|p1|Landorus-Therian, M|\n|poke|p2|Farigiraf, M|\n|poke|p2|Gholdengo|\n|poke|p2|Regidrago|\n|poke|p2|Chien-Pao|\n|poke|p2|Diancie|\n|poke|p2|Hoopa-Unbound|\n|teampreview\n|inactive|Battle timer is ON: inactive players will automatically lose when time's up. (requested by EkCantDrawLol)\n|inactive|Trickroom4dumies has 120 seconds left.\n|\n|t:|1699055551\n|start\n|switch|p1a: Landorus|Landorus-Therian, M, shiny|100\/100\n|switch|p1b: Kingambit|Kingambit, F|100\/100\n|switch|p2a: Chien-Pao|Chien-Pao|100\/100\n|switch|p2b: Hoopa|Hoopa-Unbound|100\/100\n|-ability|p1a: Landorus|Intimidate|boost\n|-unboost|p2a: Chien-Pao|atk|1\n|-unboost|p2b: Hoopa|atk|1\n|-ability|p2a: Chien-Pao|Sword of Ruin\n|turn|1\n|\n|t:|1699055579\n|move|p2a: Chien-Pao|Protect|p2a: Chien-Pao\n|-singleturn|p2a: Chien-Pao|Protect\n|move|p1a: Landorus|U-turn|p2b: Hoopa\n|-supereffective|p2b: Hoopa\n|-enditem|p2b: Hoopa|Focus Sash\n|-damage|p2b: Hoopa|1\/100\n|\n|t:|1699055589\n|switch|p1a: Ogerpon|Ogerpon-Hearthflame, F|100\/100|[from] U-turn\n|-ability|p1a: Ogerpon|Mold Breaker\n|move|p2b: Hoopa|Drain Punch|p1b: Kingambit\n|-supereffective|p1b: Kingambit\n|-damage|p1b: Kingambit|14\/100\n|-heal|p2b: Hoopa|59\/100|[from] drain|[of] p1b: Kingambit\n|-enditem|p1b: Kingambit|Sitrus Berry|[eat]\n|-heal|p1b: Kingambit|39\/100|[from] item: Sitrus Berry\n|move|p1b: Kingambit|Iron Head|p2b: Hoopa\n|-damage|p2b: Hoopa|0 fnt\n|faint|p2b: Hoopa\n|\n|upkeep\n|inactive|Trickroom4dumies has 120 seconds left.\n|inactive|Trickroom4dumies has 90 seconds left.\n|c|\u2606Trickroom4dumies|What why didn\u2019t I take the situs Berry bug or intended?\n|\n|t:|1699055667\n|switch|p2b: Diancie|Diancie, shiny|100\/100\n|turn|2\n|inactive|Trickroom4dumies has 90 seconds left.\n|l|\u2606EkCantDrawLol\n|inactive|EkCantDrawLol disconnected and has a minute to reconnect!\n|player|p1|\n|j|\u2606EkCantDrawLol\n|inactive|EkCantDrawLol reconnected and has 115 seconds left.\n|player|p1|EkCantDrawLol|skierf\n|inactive|EkCantDrawLol has 90 seconds left.\n|c|\u2606EkCantDrawLol|Idk I think I ate it, and you got drain punch health\n|\n|t:|1699055737\n|-terastallize|p2b: Diancie|Flying\n|move|p1b: Kingambit|Protect|p1b: Kingambit\n|-singleturn|p1b: Kingambit|Protect\n|move|p2a: Chien-Pao|Brick Break|p1b: Kingambit\n|-activate|p1b: Kingambit|move: Protect\n|move|p1a: Ogerpon|Ivy Cudgel|p2a: Chien-Pao\n|-supereffective|p2a: Chien-Pao\n|-enditem|p2a: Chien-Pao|Focus Sash\n|-damage|p2a: Chien-Pao|1\/100\n|move|p2b: Diancie|Trick Room|p2b: Diancie\n|-fieldstart|move: Trick Room|[of] p2b: Diancie\n|\n|upkeep\n|turn|3\n|inactive|Trickroom4dumies has 90 seconds left.\n|inactive|EkCantDrawLol has 90 seconds left.\n|\n|t:|1699055768\n|switch|p2a: Regidrago|Regidrago, shiny|100\/100\n|move|p1a: Ogerpon|Spiky Shield|p1a: Ogerpon\n|-singleturn|p1a: Ogerpon|move: Protect\n|move|p1b: Kingambit|Sucker Punch||[still]\n|-fail|p1b: Kingambit\n|move|p2b: Diancie|Body Press|p1b: Kingambit\n|-supereffective|p1b: Kingambit\n|-damage|p1b: Kingambit|0 fnt\n|faint|p1b: Kingambit\n|\n|upkeep\n|c|\u2606Trickroom4dumies|Ok\n|inactive|EkCantDrawLol has 90 seconds left.\n|\n|t:|1699055777\n|switch|p1b: Flutter Mane|Flutter Mane, shiny|100\/100\n|-enditem|p1b: Flutter Mane|Booster Energy\n|-activate|p1b: Flutter Mane|ability: Protosynthesis|[fromitem]\n|-start|p1b: Flutter Mane|protosynthesisspe\n|turn|4\n|\n|t:|1699055789\n|move|p1a: Ogerpon|Spiky Shield|p1a: Ogerpon\n|-singleturn|p1a: Ogerpon|move: Protect\n|move|p2b: Diancie|Diamond Storm|p1b: Flutter Mane|[spread] p1b\n|-activate|p1a: Ogerpon|move: Protect\n|-damage|p1b: Flutter Mane|29\/100\n|move|p2a: Regidrago|Earth Power|p1b: Flutter Mane\n|-damage|p1b: Flutter Mane|0 fnt\n|faint|p1b: Flutter Mane\n|-end|p1b: Flutter Mane|Protosynthesis|[silent]\n|\n|upkeep\n|\n|t:|1699055798\n|switch|p1b: Landorus|Landorus-Therian, M, shiny|100\/100\n|-ability|p1b: Landorus|Intimidate|boost\n|-unboost|p2a: Regidrago|atk|1\n|-fail|p2b: Diancie|unboost|[from] ability: Clear Body|[of] p2b: Diancie\n|turn|5\n|inactive|EkCantDrawLol has 120 seconds left.\n|\n|t:|1699055809\n|switch|p1a: Tornadus|Tornadus, M, shiny|100\/100\n|move|p2b: Diancie|Diamond Storm|p1a: Tornadus|[spread] p1a,p1b\n|-supereffective|p1a: Tornadus\n|-crit|p1a: Tornadus\n|-damage|p1a: Tornadus|0 fnt\n|-damage|p1b: Landorus|61\/100\n|faint|p1a: Tornadus\n|move|p2a: Regidrago|Dragon Energy|p1b: Landorus\n|-damage|p1b: Landorus|0 fnt\n|faint|p1b: Landorus\n|\n|upkeep\n|inactive|EkCantDrawLol has 120 seconds left.\n|\n|t:|1699055816\n|switch|p1b: Walking Wake|Walking Wake|100\/100\n|switch|p1a: Ogerpon|Ogerpon-Hearthflame, F|100\/100\n|-ability|p1a: Ogerpon|Mold Breaker\n|turn|6\n|\n|t:|1699055823\n|move|p1b: Walking Wake|Protect|p1b: Walking Wake\n|-singleturn|p1b: Walking Wake|Protect\n|move|p1a: Ogerpon|Spiky Shield|p1a: Ogerpon\n|-singleturn|p1a: Ogerpon|move: Protect\n|move|p2b: Diancie|Diamond Storm|p1b: Walking Wake|[spread] \n|-activate|p1a: Ogerpon|move: Protect\n|-activate|p1b: Walking Wake|move: Protect\n|move|p2a: Regidrago|Dragon Energy|p1a: Ogerpon|[spread] \n|-activate|p1a: Ogerpon|move: Protect\n|-activate|p1b: Walking Wake|move: Protect\n|\n|-fieldend|move: Trick Room\n|upkeep\n|turn|7\n|\n|t:|1699055848\n|switch|p2a: Farigiraf|Farigiraf, M, shiny|100\/100\n|-terastallize|p1a: Ogerpon|Fire\n|detailschange|p1a: Ogerpon|Ogerpon-Hearthflame-Tera, F, tera:Fire\n|-ability|p1a: Ogerpon|Embody Aspect (Hearthflame)|boost\n|-boost|p1a: Ogerpon|atk|1\n|move|p2b: Diancie|Protect|p2b: Diancie\n|-singleturn|p2b: Diancie|Protect\n|move|p1a: Ogerpon|Ivy Cudgel|p2b: Diancie\n|-activate|p2b: Diancie|move: Protect\n|move|p1b: Walking Wake|Dragon Pulse|p2a: Farigiraf\n|-damage|p2a: Farigiraf|67\/100\n|\n|upkeep\n|turn|8\n|\n|t:|1699055877\n|move|p1a: Ogerpon|Ivy Cudgel|p2a: Farigiraf\n|-damage|p2a: Farigiraf|0 fnt\n|faint|p2a: Farigiraf\n|move|p1b: Walking Wake|Hydro Steam|p2b: Diancie\n|-damage|p2b: Diancie|73\/100\n|move|p2b: Diancie|Diamond Storm|p1a: Ogerpon|[spread] p1a,p1b\n|-supereffective|p1a: Ogerpon\n|-crit|p1b: Walking Wake\n|-damage|p1a: Ogerpon|11\/100\n|-damage|p1b: Walking Wake|53\/100\n|-boost|p2b: Diancie|def|2\n|\n|-heal|p1b: Walking Wake|59\/100|[from] item: Leftovers\n|upkeep\n|inactive|Trickroom4dumies has 120 seconds left.\n|\n|t:|1699055891\n|switch|p2a: Chien-Pao|Chien-Pao|1\/100\n|-ability|p2a: Chien-Pao|Sword of Ruin\n|turn|9\n|\n|t:|1699055901\n|move|p1a: Ogerpon|Spiky Shield|p1a: Ogerpon\n|-singleturn|p1a: Ogerpon|move: Protect\n|move|p2a: Chien-Pao|Ice Spinner|p1a: Ogerpon\n|-activate|p1a: Ogerpon|move: Protect\n|-damage|p2a: Chien-Pao|0 fnt|[from] Spiky Shield|[of] p1a: Ogerpon\n|faint|p2a: Chien-Pao\n|move|p1b: Walking Wake|Hydro Steam|p2b: Diancie\n|-damage|p2b: Diancie|41\/100\n|move|p2b: Diancie|Trick Room|p2b: Diancie\n|-fieldstart|move: Trick Room|[of] p2b: Diancie\n|\n|-heal|p1b: Walking Wake|65\/100|[from] item: Leftovers\n|upkeep\n|\n|t:|1699055911\n|switch|p2a: Regidrago|Regidrago, shiny|100\/100\n|turn|10\n|-message|EkCantDrawLol forfeited.\n|\n|win|Trickroom4dumies\n|raw|EkCantDrawLol's rating: 1622 &rarr; <strong>1611<\/strong><br \/>(-11 for losing)\n|raw|Trickroom4dumies's rating: 1799 &rarr; <strong>1810<\/strong><br \/>(+11 for winning)\n|l|\u2606EkCantDrawLol\n","uploadtime":1699056170,"views":48,"p1id":"ekcantdrawlol","p2id":"trickroom4dumies","formatid":"gen9doublesou","rating":1611,"private":0,"password":""}