{"id":"gen9doublesou-1979281384","p1":"Blu3per","p2":"cotesmcgotes","format":"[Gen 9] Doubles OU","log":"|j|\u2606Blu3per\n|j|\u2606cotesmcgotes\n|t:|1698665857\n|gametype|doubles\n|player|p1|Blu3per|266|1197\n|player|p2|cotesmcgotes|flannery|1335\n|teamsize|p1|6\n|teamsize|p2|6\n|gen|9\n|tier|[Gen 9] Doubles OU\n|rated|\n|rule|Species Clause: Limit one of each Pok\u00e9mon\n|rule|OHKO Clause: OHKO moves are banned\n|rule|Evasion Moves Clause: Evasion moves are banned\n|rule|Gravity Sleep Clause: The combination of sleep-inducing moves with imperfect accuracy and Gravity or Gigantamax Orbeetle are banned\n|rule|Endless Battle Clause: Forcing endless battles is banned\n|rule|HP Percentage Mod: HP is shown in percentages\n|clearpoke\n|poke|p1|Gliscor, F|\n|poke|p1|Sneasler, F|\n|poke|p1|Blissey, F|\n|poke|p1|Ogerpon-Hearthflame, F|\n|poke|p1|Walking Wake|\n|poke|p1|Morpeko, F|\n|poke|p2|Espathra, M|\n|poke|p2|Ursaluna-Bloodmoon, M|\n|poke|p2|Sinistcha|\n|poke|p2|Basculegion-F, F|\n|poke|p2|Flareon, F|\n|poke|p2|Morpeko, F|\n|teampreview\n|\n|t:|1698665884\n|start\n|switch|p1a: Sneasler|Sneasler, F|100\/100\n|switch|p1b: Ogerpon|Ogerpon-Hearthflame, F|100\/100\n|switch|p2a: Espathra|Espathra, M|100\/100\n|switch|p2b: Basculegion|Basculegion-F, F|100\/100\n|-ability|p1b: Ogerpon|Mold Breaker\n|turn|1\n|\n|t:|1698665902\n|switch|p2b: Sinistcha|Sinistcha|100\/100\n|-terastallize|p1a: Sneasler|Dark\n|move|p2a: Espathra|Protect|p2a: Espathra\n|-singleturn|p2a: Espathra|Protect\n|move|p1a: Sneasler|Dire Claw|p2a: Espathra\n|-activate|p2a: Espathra|move: Protect\n|move|p1b: Ogerpon|Wood Hammer|p2b: Sinistcha\n|-resisted|p2b: Sinistcha\n|-damage|p2b: Sinistcha|70\/100\n|-damage|p1b: Ogerpon|90\/100|[from] Recoil\n|\n|-ability|p2a: Espathra|Speed Boost|boost\n|-boost|p2a: Espathra|spe|1\n|upkeep\n|turn|2\n|inactive|Battle timer is ON: inactive players will automatically lose when time's up. (requested by cotesmcgotes)\n|\n|t:|1698665932\n|switch|p2b: Flareon|Flareon, F|100\/100\n|move|p2a: Espathra|Substitute|p2a: Espathra\n|-start|p2a: Espathra|Substitute\n|-damage|p2a: Espathra|75\/100\n|move|p1a: Sneasler|Dire Claw|p2b: Flareon\n|-damage|p2b: Flareon|0 fnt\n|faint|p2b: Flareon\n|-damage|p1a: Sneasler|91\/100|[from] item: Life Orb\n|move|p1b: Ogerpon|Ivy Cudgel|p2a: Espathra\n|-end|p2a: Espathra|Substitute\n|\n|-ability|p2a: Espathra|Speed Boost|boost\n|-boost|p2a: Espathra|spe|1\n|upkeep\n|\n|t:|1698665956\n|switch|p2b: Ursaluna|Ursaluna-Bloodmoon, M|100\/100\n|turn|3\n|\n|t:|1698665976\n|-terastallize|p2b: Ursaluna|Fairy\n|move|p2a: Espathra|Protect|p2a: Espathra\n|-singleturn|p2a: Espathra|Protect\n|move|p1a: Sneasler|Close Combat|p2b: Ursaluna\n|-resisted|p2b: Ursaluna\n|-damage|p2b: Ursaluna|75\/100\n|-unboost|p1a: Sneasler|def|1\n|-unboost|p1a: Sneasler|spd|1\n|-damage|p1a: Sneasler|81\/100|[from] item: Life Orb\n|move|p1b: Ogerpon|Knock Off|p2a: Espathra\n|-activate|p2a: Espathra|move: Protect\n|move|p2b: Ursaluna|Moonblast|p1a: Sneasler\n|-supereffective|p1a: Sneasler\n|-damage|p1a: Sneasler|0 fnt\n|faint|p1a: Sneasler\n|\n|-ability|p2a: Espathra|Speed Boost|boost\n|-boost|p2a: Espathra|spe|1\n|upkeep\n|inactive|Blu3per has 120 seconds left.\n|\n|t:|1698665992\n|switch|p1a: Morpeko|Morpeko, F|100\/100\n|-item|p1a: Morpeko|Air Balloon\n|turn|4\n|\n|t:|1698666006\n|move|p1a: Morpeko|Fake Out|p2a: Espathra\n|-damage|p2a: Espathra|60\/100\n|cant|p2a: Espathra|flinch\n|move|p1b: Ogerpon|Knock Off|p2a: Espathra\n|-supereffective|p2a: Espathra\n|-damage|p2a: Espathra|0 fnt\n|-enditem|p2a: Espathra|Sitrus Berry|[from] move: Knock Off|[of] p1b: Ogerpon\n|faint|p2a: Espathra\n|move|p2b: Ursaluna|Moonblast|p1a: Morpeko\n|-supereffective|p1a: Morpeko\n|-damage|p1a: Morpeko|0 fnt\n|-enditem|p1a: Morpeko|Air Balloon\n|faint|p1a: Morpeko\n|\n|upkeep\n|\n|t:|1698666028\n|switch|p2a: Basculegion|Basculegion-F, F|100\/100\n|switch|p1a: Gliscor|Gliscor, F|100\/100\n|turn|5\n|\n|t:|1698666037\n|move|p1b: Ogerpon|Wood Hammer|p2a: Basculegion\n|-supereffective|p2a: Basculegion\n|-damage|p2a: Basculegion|0 fnt\n|faint|p2a: Basculegion\n|-damage|p1b: Ogerpon|46\/100|[from] Recoil\n|move|p1a: Gliscor|Crabhammer|p2b: Ursaluna\n|-crit|p2b: Ursaluna\n|-damage|p2b: Ursaluna|47\/100\n|move|p2b: Ursaluna|Hyper Voice|p1a: Gliscor|[spread] p1a,p1b\n|-crit|p1a: Gliscor\n|-damage|p1a: Gliscor|11\/100\n|-damage|p1b: Ogerpon|6\/100\n|\n|-status|p1a: Gliscor|tox|[from] item: Toxic Orb\n|upkeep\n|\n|t:|1698666050\n|switch|p2a: Morpeko|Morpeko, F|100\/100\n|turn|6\n|\n|t:|1698666067\n|move|p2b: Ursaluna|Vacuum Wave|p1b: Ogerpon\n|-damage|p1b: Ogerpon|0 fnt\n|faint|p1b: Ogerpon\n|move|p2a: Morpeko|Knock Off|p1a: Gliscor\n|-damage|p1a: Gliscor|0 fnt\n|-enditem|p1a: Gliscor|Toxic Orb|[from] move: Knock Off|[of] p2a: Morpeko\n|faint|p1a: Gliscor\n|\n|-formechange|p2a: Morpeko|Morpeko-Hangry||[from] ability: Hunger Switch\n|upkeep\n|\n|t:|1698666071\n|switch|p1b: Blissey|Blissey, F|100\/100\n|switch|p1a: Walking Wake|Walking Wake|100\/100\n|turn|7\n|\n|t:|1698666087\n|move|p1b: Blissey|Protect|p1b: Blissey\n|-singleturn|p1b: Blissey|Protect\n|move|p2a: Morpeko|Brick Break|p1b: Blissey\n|-activate|p1b: Blissey|move: Protect\n|move|p1a: Walking Wake|Hydro Pump|p2b: Ursaluna\n|-damage|p2b: Ursaluna|0 fnt\n|faint|p2b: Ursaluna\n|\n|-formechange|p2a: Morpeko|Morpeko||[from] ability: Hunger Switch\n|upkeep\n|\n|t:|1698666095\n|switch|p2b: Sinistcha|Sinistcha|70\/100\n|turn|8\n|\n|t:|1698666107\n|move|p2a: Morpeko|Brick Break|p1b: Blissey\n|-supereffective|p1b: Blissey\n|-damage|p1b: Blissey|13\/100\n|move|p1a: Walking Wake|Hydro Pump|p2a: Morpeko|[miss]\n|-miss|p1a: Walking Wake|p2a: Morpeko\n|move|p2b: Sinistcha|Matcha Gotcha|p1b: Blissey|[spread] p1a,p1b\n|-damage|p1a: Walking Wake|68\/100\n|-heal|p2b: Sinistcha|87\/100|[from] drain|[of] p1a: Walking Wake\n|-damage|p1b: Blissey|3\/100\n|-heal|p2b: Sinistcha|98\/100|[from] drain|[of] p1b: Blissey\n|-status|p1a: Walking Wake|brn\n|move|p1b: Blissey|Seismic Toss|p2a: Morpeko\n|-damage|p2a: Morpeko|62\/100\n|\n|-heal|p1b: Blissey|9\/100|[from] item: Leftovers\n|-damage|p1a: Walking Wake|62\/100 brn|[from] brn\n|-formechange|p2a: Morpeko|Morpeko-Hangry||[from] ability: Hunger Switch\n|upkeep\n|turn|9\n|\n|t:|1698666133\n|move|p2a: Morpeko|Aura Wheel|p1b: Blissey\n|-damage|p1b: Blissey|0 fnt\n|-boost|p2a: Morpeko|spe|1\n|faint|p1b: Blissey\n|move|p1a: Walking Wake|Hydro Pump|p2a: Morpeko\n|-damage|p2a: Morpeko|0 fnt\n|faint|p2a: Morpeko\n|move|p2b: Sinistcha|Matcha Gotcha|p1a: Walking Wake\n|-damage|p1a: Walking Wake|19\/100 brn\n|-heal|p2b: Sinistcha|100\/100|[from] drain|[of] p1a: Walking Wake\n|\n|-damage|p1a: Walking Wake|13\/100 brn|[from] brn\n|upkeep\n|turn|10\n|\n|t:|1698666146\n|move|p1a: Walking Wake|Hydro Pump|p2b: Sinistcha\n|-resisted|p2b: Sinistcha\n|-crit|p2b: Sinistcha\n|-damage|p2b: Sinistcha|28\/100\n|move|p2b: Sinistcha|Matcha Gotcha|p1a: Walking Wake\n|-damage|p1a: Walking Wake|0 fnt\n|-heal|p2b: Sinistcha|35\/100|[from] drain|[of] p1a: Walking Wake\n|faint|p1a: Walking Wake\n|-end|p1a: Walking Wake|Protosynthesis|[silent]\n|\n|win|cotesmcgotes\n|raw|Blu3per's rating: 1197 &rarr; <strong>1181<\/strong><br \/>(-16 for losing)\n|raw|cotesmcgotes's rating: 1335 &rarr; <strong>1347<\/strong><br \/>(+12 for winning)\n|l|\u2606Blu3per\n","uploadtime":1698666158,"views":25,"p1id":"blu3per","p2id":"cotesmcgotes","formatid":"gen9doublesou","rating":1181,"private":0,"password":""}