{"id":"gen9doublesou-1971710957","p1":"Champion's Melody","p2":"sophie_the_stimky","format":"[Gen 9] Doubles OU","log":"|j|\u2606Champion's Melody\n|j|\u2606sophie_the_stimky\n|t:|1697763708\n|gametype|doubles\n|player|p1|Champion's Melody|cynthia|1054\n|player|p2|sophie_the_stimky|266|1039\n|teamsize|p1|6\n|teamsize|p2|6\n|gen|9\n|tier|[Gen 9] Doubles OU\n|rated|\n|rule|Species Clause: Limit one of each Pok\u00e9mon\n|rule|OHKO Clause: OHKO moves are banned\n|rule|Evasion Moves Clause: Evasion moves are banned\n|rule|Gravity Sleep Clause: The combination of sleep-inducing moves with imperfect accuracy and Gravity or Gigantamax Orbeetle are banned\n|rule|Endless Battle Clause: Forcing endless battles is banned\n|rule|HP Percentage Mod: HP is shown in percentages\n|clearpoke\n|poke|p1|Lurantis, F|\n|poke|p1|Clefable, M|\n|poke|p1|Weezing-Galar, F|\n|poke|p1|Kommo-o, F|\n|poke|p1|Chien-Pao|\n|poke|p1|Slaking, M|\n|poke|p2|Trevenant, F|\n|poke|p2|Blissey, F|\n|poke|p2|Ogerpon-Wellspring, F|\n|poke|p2|Bronzong|\n|poke|p2|Crawdaunt, M|\n|poke|p2|Landorus-Therian, M|\n|teampreview\n|inactive|Battle timer is ON: inactive players will automatically lose when time's up. (requested by Champion's Melody)\n|\n|t:|1697763716\n|start\n|switch|p1a: Weezing|Weezing-Galar, F|100\/100\n|switch|p1b: Slaking|Slaking, M|100\/100\n|switch|p2a: Bronzong|Bronzong|100\/100\n|switch|p2b: Landorus|Landorus-Therian, M|100\/100\n|-ability|p1a: Weezing|Neutralizing Gas\n|turn|1\n|inactive|Champion's Melody has 120 seconds left.\n|\n|t:|1697763759\n|-end|p1a: Weezing|ability: Neutralizing Gas\n|-ability|p2b: Landorus|Intimidate|boost\n|-unboost|p1a: Weezing|atk|1\n|-unboost|p1b: Slaking|atk|1\n|switch|p1a: Clefable|Clefable, M|100\/100\n|move|p1b: Slaking|Giga Impact|p2b: Landorus\n|-damage|p2b: Landorus|45\/100\n|-mustrecharge|p1b: Slaking\n|move|p2b: Landorus|Hammer Arm|p1b: Slaking\n|-supereffective|p1b: Slaking\n|-damage|p1b: Slaking|36\/100\n|-unboost|p2b: Landorus|spe|1\n|move|p2a: Bronzong|Trick Room|p2a: Bronzong\n|-fieldstart|move: Trick Room|[of] p2a: Bronzong\n|\n|-heal|p2b: Landorus|51\/100|[from] item: Leftovers\n|upkeep\n|turn|2\n|inactive|Champion's Melody has 120 seconds left.\n|\n|t:|1697763779\n|move|p2a: Bronzong|Earthquake|p1b: Slaking|[spread] p1a,p1b\n|-immune|p2b: Landorus\n|-crit|p1a: Clefable\n|-damage|p1a: Clefable|62\/100\n|-damage|p1b: Slaking|19\/100\n|move|p2b: Landorus|Earthquake|p1b: Slaking|[spread] p1a,p1b\n|-immune|p2a: Bronzong|[from] ability: Levitate\n|-damage|p1a: Clefable|8\/100\n|-damage|p1b: Slaking|0 fnt\n|faint|p1b: Slaking\n|move|p1a: Clefable|Cosmic Power|p1a: Clefable\n|-boost|p1a: Clefable|def|1\n|-boost|p1a: Clefable|spd|1\n|\n|-heal|p2b: Landorus|57\/100|[from] item: Leftovers\n|-heal|p1a: Clefable|14\/100|[from] item: Leftovers\n|upkeep\n|inactive|Champion's Melody has 120 seconds left.\n|\n|t:|1697763795\n|switch|p1b: Chien-Pao|Chien-Pao|100\/100\n|-ability|p1b: Chien-Pao|Sword of Ruin\n|turn|3\n|\n|t:|1697763805\n|move|p2a: Bronzong|Earthquake|p1b: Chien-Pao|[spread] p1a,p1b\n|-immune|p2b: Landorus\n|-damage|p1a: Clefable|0 fnt\n|-damage|p1b: Chien-Pao|68\/100\n|faint|p1a: Clefable\n|move|p2b: Landorus|Hammer Arm|p1b: Chien-Pao\n|-supereffective|p1b: Chien-Pao\n|-damage|p1b: Chien-Pao|0 fnt\n|-unboost|p2b: Landorus|spe|1\n|faint|p1b: Chien-Pao\n|\n|-heal|p2b: Landorus|63\/100|[from] item: Leftovers\n|upkeep\n|\n|t:|1697763818\n|switch|p1a: Weezing|Weezing-Galar, F|100\/100\n|switch|p1b: Lurantis|Lurantis, F|100\/100\n|-ability|p1a: Weezing|Neutralizing Gas\n|turn|4\n|\n|t:|1697763832\n|move|p2a: Bronzong|Earthquake|p1b: Lurantis|[spread] p1a,p1b\n|-immune|p2b: Landorus\n|-supereffective|p1a: Weezing\n|-resisted|p1b: Lurantis\n|-damage|p1a: Weezing|62\/100\n|-damage|p1b: Lurantis|89\/100\n|move|p2b: Landorus|Earthquake|p1a: Weezing|[spread] p2a,p1a,p1b\n|-supereffective|p2a: Bronzong\n|-crit|p2a: Bronzong\n|-supereffective|p1a: Weezing\n|-resisted|p1b: Lurantis\n|-damage|p2a: Bronzong|0 fnt\n|-damage|p1a: Weezing|0 fnt\n|-damage|p1b: Lurantis|63\/100\n|faint|p2a: Bronzong\n|faint|p1a: Weezing\n|-end|p1a: Weezing|ability: Neutralizing Gas\n|-ability|p2b: Landorus|Intimidate|boost\n|-boost|p1b: Lurantis|atk|1\n|move|p1b: Lurantis|Leaf Storm|p2b: Landorus\n|-crit|p2b: Landorus\n|-damage|p2b: Landorus|1\/100\n|-boost|p1b: Lurantis|spa|2\n|\n|-heal|p2b: Landorus|7\/100|[from] item: Leftovers\n|upkeep\n|\n|t:|1697763857\n|switch|p2a: Trevenant|Trevenant, F|100\/100\n|switch|p1a: Kommo-o|Kommo-o, F|100\/100\n|turn|5\n|\n|t:|1697763883\n|-terastallize|p1b: Lurantis|Bug\n|move|p2b: Landorus|Hammer Arm|p1b: Lurantis|[miss]\n|-miss|p2b: Landorus|p1b: Lurantis\n|move|p2a: Trevenant|Leech Seed|p1a: Kommo-o\n|-start|p1a: Kommo-o|move: Leech Seed\n|move|p1b: Lurantis|Leech Life|p2a: Trevenant\n|-damage|p2a: Trevenant|30\/100\n|-heal|p1b: Lurantis|100\/100|[from] drain|[of] p2a: Trevenant\n|-enditem|p2a: Trevenant|Sitrus Berry|[eat]\n|-heal|p2a: Trevenant|55\/100|[from] item: Sitrus Berry\n|move|p1a: Kommo-o|Drain Punch|p2b: Landorus\n|-resisted|p2b: Landorus\n|-damage|p2b: Landorus|0 fnt\n|faint|p2b: Landorus\n|-damage|p1a: Kommo-o|91\/100|[from] item: Life Orb\n|\n|-damage|p1a: Kommo-o|78\/100|[from] Leech Seed|[of] p2a: Trevenant\n|-heal|p2a: Trevenant|67\/100|[silent]\n|-fieldend|move: Trick Room\n|upkeep\n|inactive|sophie_the_stimky has 120 seconds left.\n|\n|t:|1697763906\n|switch|p2b: Crawdaunt|Crawdaunt, M|100\/100\n|turn|6\n|\n|t:|1697763921\n|-terastallize|p2a: Trevenant|Ghost\n|move|p1a: Kommo-o|Clangorous Soul|p1a: Kommo-o\n|-boost|p1a: Kommo-o|atk|1\n|-boost|p1a: Kommo-o|def|1\n|-boost|p1a: Kommo-o|spa|1\n|-boost|p1a: Kommo-o|spd|1\n|-boost|p1a: Kommo-o|spe|1\n|-damage|p1a: Kommo-o|45\/100\n|move|p1b: Lurantis|Superpower|p2b: Crawdaunt\n|-supereffective|p2b: Crawdaunt\n|-damage|p2b: Crawdaunt|0 fnt\n|-boost|p1b: Lurantis|atk|1\n|-boost|p1b: Lurantis|def|1\n|faint|p2b: Crawdaunt\n|move|p2a: Trevenant|Trick Room|p2a: Trevenant\n|-fieldstart|move: Trick Room|[of] p2a: Trevenant\n|\n|-damage|p1a: Kommo-o|33\/100|[from] Leech Seed|[of] p2a: Trevenant\n|-heal|p2a: Trevenant|78\/100|[silent]\n|upkeep\n|inactive|sophie_the_stimky has 120 seconds left.\n|\n|t:|1697763942\n|switch|p2b: Blissey|Blissey, F|100\/100\n|turn|7\n|\n|t:|1697763958\n|move|p2b: Blissey|Flamethrower|p1b: Lurantis\n|-supereffective|p1b: Lurantis\n|-damage|p1b: Lurantis|66\/100\n|move|p2a: Trevenant|Sunny Day|p2a: Trevenant\n|-weather|SunnyDay\n|move|p1b: Lurantis|Superpower|p2b: Blissey\n|-supereffective|p2b: Blissey\n|-damage|p2b: Blissey|0 fnt\n|-boost|p1b: Lurantis|atk|1\n|-boost|p1b: Lurantis|def|1\n|faint|p2b: Blissey\n|move|p1a: Kommo-o|Clanging Scales|p2a: Trevenant\n|-damage|p2a: Trevenant|5\/100\n|-unboost|p1a: Kommo-o|def|1\n|-damage|p1a: Kommo-o|23\/100|[from] item: Life Orb\n|\n|-weather|SunnyDay|[upkeep]\n|-damage|p1a: Kommo-o|11\/100|[from] Leech Seed|[of] p2a: Trevenant\n|-heal|p2a: Trevenant|17\/100|[silent]\n|-item|p2a: Trevenant|Sitrus Berry|[from] ability: Harvest\n|upkeep\n|-enditem|p2a: Trevenant|Sitrus Berry|[eat]\n|-heal|p2a: Trevenant|42\/100|[from] item: Sitrus Berry\n|inactive|sophie_the_stimky has 120 seconds left.\n|\n|t:|1697763979\n|switch|p2b: Ogerpon|Ogerpon-Wellspring, F|100\/100\n|turn|8\n|inactive|sophie_the_stimky has 120 seconds left.\n|\n|t:|1697764004\n|move|p2a: Trevenant|Leech Seed|p1b: Lurantis\n|-start|p1b: Lurantis|move: Leech Seed\n|move|p1b: Lurantis|Leech Life|p2b: Ogerpon\n|-supereffective|p2b: Ogerpon\n|-damage|p2b: Ogerpon|0 fnt\n|-heal|p1b: Lurantis|100\/100|[from] drain|[of] p2b: Ogerpon\n|faint|p2b: Ogerpon\n|move|p1a: Kommo-o|Clanging Scales|p2a: Trevenant\n|-damage|p2a: Trevenant|0 fnt\n|faint|p2a: Trevenant\n|-damage|p1a: Kommo-o|1\/100|[from] item: Life Orb\n|\n|win|Champion's Melody\n|raw|Champion&apos;s Melody's rating: 1054 &rarr; <strong>1085<\/strong><br \/>(+31 for winning)\n|raw|sophie_the_stimky's rating: 1039 &rarr; <strong>1024<\/strong><br \/>(-15 for losing)\n","uploadtime":1697764016,"views":16,"p1id":"championsmelody","p2id":"sophiethestimky","formatid":"gen9doublesou","rating":1024,"private":0,"password":""}