{"id":"gen9doublesou-1994126300","p1":"Profesor Turo","p2":"OPieceOfHeroGhost","format":"[Gen 9] Doubles OU","log":"|j|\u2606Profesor Turo\n|j|\u2606OPieceOfHeroGhost\n|t:|1700409986\n|gametype|doubles\n|player|p1|Profesor Turo|turo-ai|1370\n|player|p2|OPieceOfHeroGhost|morty|1526\n|teamsize|p1|6\n|teamsize|p2|6\n|gen|9\n|tier|[Gen 9] Doubles OU\n|rated|\n|rule|Species Clause: Limit one of each Pok\u00e9mon\n|rule|OHKO Clause: OHKO moves are banned\n|rule|Evasion Moves Clause: Evasion moves are banned\n|rule|Gravity Sleep Clause: The combination of sleep-inducing moves with imperfect accuracy and Gravity or Gigantamax Orbeetle are banned\n|rule|Endless Battle Clause: Forcing endless battles is banned\n|rule|HP Percentage Mod: HP is shown in percentages\n|clearpoke\n|poke|p1|Flapple, M|\n|poke|p1|Iron Bundle|\n|poke|p1|Thundurus-Therian, M|\n|poke|p1|Regieleki|\n|poke|p1|Pincurchin, F|\n|poke|p1|Sableye, M|\n|poke|p2|Heatran, M|\n|poke|p2|Rillaboom, M|\n|poke|p2|Flutter Mane|\n|poke|p2|Chien-Pao|\n|poke|p2|Iron Hands|\n|poke|p2|Landorus-Therian, M|\n|teampreview\n|inactive|Battle timer is ON: inactive players will automatically lose when time's up. (requested by Profesor Turo)\n|\n|t:|1700409997\n|start\n|switch|p1a: Sableye|Sableye, M|100\/100\n|switch|p1b: Pincurchin|Pincurchin, F|100\/100\n|switch|p2a: \u989d\u554a\uff01\u8150\u8680\u80c6\u6c41\uff01|Heatran, M|100\/100\n|switch|p2b: \u62cd\u6253\u7329|Rillaboom, M|100\/100\n|-fieldstart|move: Grassy Terrain|[from] ability: Grassy Surge|[of] p2b: \u62cd\u6253\u7329\n|-fieldstart|move: Electric Terrain|[from] ability: Electric Surge|[of] p1b: Pincurchin\n|turn|1\n|\n|t:|1700410015\n|move|p2b: \u62cd\u6253\u7329|Fake Out|p1b: Pincurchin\n|-damage|p1b: Pincurchin|84\/100\n|move|p1a: Sableye|Gravity|p1a: Sableye\n|-fieldstart|move: Gravity\n|move|p2a: \u989d\u554a\uff01\u8150\u8680\u80c6\u6c41\uff01|Heat Wave|p1a: Sableye|[spread] p1a,p1b\n|-damage|p1a: Sableye|46\/100\n|-damage|p1b: Pincurchin|33\/100\n|-status|p1b: Pincurchin|brn\n|cant|p1b: Pincurchin|flinch\n|\n|-heal|p1a: Sableye|52\/100|[from] item: Leftovers\n|-damage|p1b: Pincurchin|27\/100 brn|[from] brn\n|upkeep\n|turn|2\n|\n|t:|1700410034\n|switch|p2b: ku\ud83d\udcb0\u70ae|Chien-Pao|100\/100\n|-ability|p2b: ku\ud83d\udcb0\u70ae|Sword of Ruin\n|switch|p1b: Iron Bundle|Iron Bundle|100\/100\n|-activate|p1b: Iron Bundle|ability: Quark Drive\n|-start|p1b: Iron Bundle|quarkdrivespe\n|move|p1a: Sableye|Will-O-Wisp|p2b: ku\ud83d\udcb0\u70ae\n|-hint|Since gen 7, Dark is immune to Prankster moves.\n|-immune|p2b: ku\ud83d\udcb0\u70ae\n|move|p2a: \u989d\u554a\uff01\u8150\u8680\u80c6\u6c41\uff01|Heat Wave|p1b: Iron Bundle|[spread] p1a,p1b\n|-damage|p1a: Sableye|0 fnt\n|-damage|p1b: Iron Bundle|25\/100\n|faint|p1a: Sableye\n|\n|upkeep\n|\n|t:|1700410044\n|switch|p1a: Regieleki|Regieleki|100\/100\n|turn|3\n|\n|t:|1700410057\n|-terastallize|p1a: Regieleki|Electric\n|move|p2b: ku\ud83d\udcb0\u70ae|Sucker Punch|p1b: Iron Bundle\n|-damage|p1b: Iron Bundle|0 fnt\n|faint|p1b: Iron Bundle\n|-end|p1b: Iron Bundle|Quark Drive|[silent]\n|move|p1a: Regieleki|Zap Cannon|p2b: ku\ud83d\udcb0\u70ae\n|-enditem|p2b: ku\ud83d\udcb0\u70ae|Focus Sash\n|-damage|p2b: ku\ud83d\udcb0\u70ae|1\/100\n|-status|p2b: ku\ud83d\udcb0\u70ae|par\n|move|p2a: \u989d\u554a\uff01\u8150\u8680\u80c6\u6c41\uff01|Earth Power|p1a: Regieleki\n|-supereffective|p1a: Regieleki\n|-damage|p1a: Regieleki|0 fnt\n|faint|p1a: Regieleki\n|\n|upkeep\n|\n|t:|1700410065\n|switch|p1a: Thundurus|Thundurus-Therian, M|100\/100\n|switch|p1b: Flapple|Flapple, M|100\/100\n|turn|4\n|\n|t:|1700410081\n|cant|p2b: ku\ud83d\udcb0\u70ae|par\n|move|p1b: Flapple|Grav Apple|p2a: \u989d\u554a\uff01\u8150\u8680\u80c6\u6c41\uff01\n|-resisted|p2a: \u989d\u554a\uff01\u8150\u8680\u80c6\u6c41\uff01\n|-crit|p2a: \u989d\u554a\uff01\u8150\u8680\u80c6\u6c41\uff01\n|-damage|p2a: \u989d\u554a\uff01\u8150\u8680\u80c6\u6c41\uff01|65\/100\n|-unboost|p2a: \u989d\u554a\uff01\u8150\u8680\u80c6\u6c41\uff01|def|1\n|move|p1a: Thundurus|Wildbolt Storm|p2b: ku\ud83d\udcb0\u70ae|[spread] p2a,p2b\n|-damage|p2a: \u989d\u554a\uff01\u8150\u8680\u80c6\u6c41\uff01|0 fnt\n|-damage|p2b: ku\ud83d\udcb0\u70ae|0 fnt\n|faint|p2a: \u989d\u554a\uff01\u8150\u8680\u80c6\u6c41\uff01\n|faint|p2b: ku\ud83d\udcb0\u70ae\n|\n|upkeep\n|\n|t:|1700410099\n|switch|p2b: \u4f60\u53d1\u59d0\u6c38\u8fdc\u662f\u4f60\u53d1\u59d0|Flutter Mane|100\/100\n|switch|p2a: \u62cd\u6253\u7329|Rillaboom, M|100\/100\n|-fieldstart|move: Grassy Terrain|[from] ability: Grassy Surge|[of] p2a: \u62cd\u6253\u7329\n|turn|5\n|\n|t:|1700410114\n|-terastallize|p2b: \u4f60\u53d1\u59d0\u6c38\u8fdc\u662f\u4f60\u53d1\u59d0|Fairy\n|move|p2a: \u62cd\u6253\u7329|Fake Out|p1a: Thundurus\n|-damage|p1a: Thundurus|76\/100\n|move|p1b: Flapple|Grav Apple|p2b: \u4f60\u53d1\u59d0\u6c38\u8fdc\u662f\u4f60\u53d1\u59d0\n|-damage|p2b: \u4f60\u53d1\u59d0\u6c38\u8fdc\u662f\u4f60\u53d1\u59d0|0 fnt\n|faint|p2b: \u4f60\u53d1\u59d0\u6c38\u8fdc\u662f\u4f60\u53d1\u59d0\n|-end|p2b: \u4f60\u53d1\u59d0\u6c38\u8fdc\u662f\u4f60\u53d1\u59d0|Protosynthesis|[silent]\n|cant|p1a: Thundurus|flinch\n|\n|-heal|p1a: Thundurus|82\/100|[from] Grassy Terrain\n|-fieldend|move: Gravity\n|upkeep\n|\n|t:|1700410124\n|switch|p2b: \u4f60\u62cd\u4e94\uff0c\u6211\u62cd\u516d\uff0c\u51fb\u638c\u5947\u88ad\u754f\u4e2a\u7f29|Iron Hands|100\/100\n|turn|6\n|\n|t:|1700410138\n|move|p2b: \u4f60\u62cd\u4e94\uff0c\u6211\u62cd\u516d\uff0c\u51fb\u638c\u5947\u88ad\u754f\u4e2a\u7f29|Fake Out|p1b: Flapple\n|-damage|p1b: Flapple|76\/100\n|cant|p1b: Flapple|flinch\n|move|p1a: Thundurus|Wildbolt Storm|p2b: \u4f60\u62cd\u4e94\uff0c\u6211\u62cd\u516d\uff0c\u51fb\u638c\u5947\u88ad\u754f\u4e2a\u7f29|[spread] p2a,p2b\n|-resisted|p2a: \u62cd\u6253\u7329\n|-resisted|p2b: \u4f60\u62cd\u4e94\uff0c\u6211\u62cd\u516d\uff0c\u51fb\u638c\u5947\u88ad\u754f\u4e2a\u7f29\n|-damage|p2a: \u62cd\u6253\u7329|68\/100\n|-damage|p2b: \u4f60\u62cd\u4e94\uff0c\u6211\u62cd\u516d\uff0c\u51fb\u638c\u5947\u88ad\u754f\u4e2a\u7f29|85\/100\n|-status|p2a: \u62cd\u6253\u7329|par\n|move|p2a: \u62cd\u6253\u7329|U-turn|p1b: Flapple\n|-supereffective|p1b: Flapple\n|-damage|p1b: Flapple|0 fnt\n|faint|p1b: Flapple\n|\n|t:|1700410147\n|switch|p2a: \u571f\u732b\u8e29\u6211|Landorus-Therian, M|100\/100|[from] U-turn\n|-ability|p2a: \u571f\u732b\u8e29\u6211|Intimidate|boost\n|-unboost|p1a: Thundurus|atk|1\n|\n|-heal|p2b: \u4f60\u62cd\u4e94\uff0c\u6211\u62cd\u516d\uff0c\u51fb\u638c\u5947\u88ad\u754f\u4e2a\u7f29|91\/100|[from] Grassy Terrain\n|upkeep\n|\n|t:|1700410151\n|switch|p1b: Pincurchin|Pincurchin, F|27\/100 brn\n|-fieldstart|move: Electric Terrain|[from] ability: Electric Surge|[of] p1b: Pincurchin\n|-activate|p2b: \u4f60\u62cd\u4e94\uff0c\u6211\u62cd\u516d\uff0c\u51fb\u638c\u5947\u88ad\u754f\u4e2a\u7f29|ability: Quark Drive\n|-start|p2b: \u4f60\u62cd\u4e94\uff0c\u6211\u62cd\u516d\uff0c\u51fb\u638c\u5947\u88ad\u754f\u4e2a\u7f29|quarkdriveatk\n|turn|7\n|\n|t:|1700410168\n|-end|p2b: \u4f60\u62cd\u4e94\uff0c\u6211\u62cd\u516d\uff0c\u51fb\u638c\u5947\u88ad\u754f\u4e2a\u7f29|Quark Drive|[silent]\n|switch|p2b: \u62cd\u6253\u7329|Rillaboom, M|68\/100 par\n|-fieldstart|move: Grassy Terrain|[from] ability: Grassy Surge|[of] p2b: \u62cd\u6253\u7329\n|move|p2a: \u571f\u732b\u8e29\u6211|Rock Slide|p1b: Pincurchin|[spread] p1a,p1b\n|-supereffective|p1a: Thundurus\n|-damage|p1a: Thundurus|10\/100\n|-damage|p1b: Pincurchin|3\/100 brn\n|move|p1a: Thundurus|Wildbolt Storm|p2a: \u571f\u732b\u8e29\u6211|[spread] p2b\n|-immune|p2a: \u571f\u732b\u8e29\u6211\n|-resisted|p2b: \u62cd\u6253\u7329\n|-damage|p2b: \u62cd\u6253\u7329|36\/100 par\n|cant|p1b: Pincurchin|flinch\n|\n|-heal|p2b: \u62cd\u6253\u7329|42\/100 par|[from] Grassy Terrain\n|-heal|p1b: Pincurchin|9\/100 brn|[from] Grassy Terrain\n|-damage|p1b: Pincurchin|3\/100 brn|[from] brn\n|upkeep\n|turn|8\n|\n|t:|1700410183\n|move|p2b: \u62cd\u6253\u7329|Grassy Glide|p1a: Thundurus\n|-resisted|p1a: Thundurus\n|-damage|p1a: Thundurus|0 fnt\n|faint|p1a: Thundurus\n|move|p2a: \u571f\u732b\u8e29\u6211|Rock Slide|p1b: Pincurchin\n|-damage|p1b: Pincurchin|0 fnt\n|faint|p1b: Pincurchin\n|\n|win|OPieceOfHeroGhost\n|raw|Profesor Turo's rating: 1370 &rarr; <strong>1358<\/strong><br \/>(-12 for losing)\n|raw|OPieceOfHeroGhost's rating: 1526 &rarr; <strong>1538<\/strong><br \/>(+12 for winning)\n|c|\u2606Profesor Turo|Ggs\n|l|\u2606Profesor Turo\n","uploadtime":1700410199,"views":4,"p1id":"profesorturo","p2id":"opieceofheroghost","formatid":"gen9doublesou","rating":1358,"private":0,"password":""}