{"id":"gen9doublesou-1990034749","p1":"Joecheve13","p2":"Satoru Gozou","format":"[Gen 9] Doubles OU","log":"|j|\u2606Joecheve13\n|j|\u2606Satoru Gozou\n|t:|1699917552\n|gametype|doubles\n|player|p1|Joecheve13|2|1499\n|player|p2|Satoru Gozou|drayden|1419\n|teamsize|p1|6\n|teamsize|p2|6\n|gen|9\n|tier|[Gen 9] Doubles OU\n|rated|\n|rule|Species Clause: Limit one of each Pok\u00e9mon\n|rule|OHKO Clause: OHKO moves are banned\n|rule|Evasion Moves Clause: Evasion moves are banned\n|rule|Gravity Sleep Clause: The combination of sleep-inducing moves with imperfect accuracy and Gravity or Gigantamax Orbeetle are banned\n|rule|Endless Battle Clause: Forcing endless battles is banned\n|rule|HP Percentage Mod: HP is shown in percentages\n|clearpoke\n|poke|p1|Volcanion|\n|poke|p1|Landorus, M|\n|poke|p1|Scizor, M|\n|poke|p1|Iron Hands|\n|poke|p1|Garganacl, F|\n|poke|p1|Tornadus, M|\n|poke|p2|Farigiraf, M|\n|poke|p2|Tornadus, M|\n|poke|p2|Rillaboom, M|\n|poke|p2|Ogerpon-Hearthflame, F|\n|poke|p2|Ursaluna-Bloodmoon, M|\n|poke|p2|Dragonite, F|\n|teampreview\n|inactive|Battle timer is ON: inactive players will automatically lose when time's up. (requested by Satoru Gozou)\n|\n|t:|1699917572\n|start\n|switch|p1a: Land Daddy|Landorus, M|100\/100\n|switch|p1b: Rocky IV|Garganacl, F|100\/100\n|switch|p2a: Nossa m\u00e3e|Dragonite, F|100\/100\n|switch|p2b: Mendigo da muie|Tornadus, M|100\/100\n|turn|1\n|inactive|Satoru Gozou has 120 seconds left.\n|\n|t:|1699917604\n|move|p1a: Land Daddy|Taunt|p2b: Mendigo da muie\n|-start|p2b: Mendigo da muie|move: Taunt\n|move|p2b: Mendigo da muie|Icy Wind|p1b: Rocky IV|[spread] p1a\n|-miss|p2b: Mendigo da muie|p1b: Rocky IV\n|-supereffective|p1a: Land Daddy\n|-damage|p1a: Land Daddy|24\/100\n|-unboost|p1a: Land Daddy|spe|1\n|move|p2a: Nossa m\u00e3e|Dragon Dance|p2a: Nossa m\u00e3e\n|-boost|p2a: Nossa m\u00e3e|atk|1\n|-boost|p2a: Nossa m\u00e3e|spe|1\n|move|p1b: Rocky IV|Stealth Rock|p2a: Nossa m\u00e3e\n|-sidestart|p2: Satoru Gozou|move: Stealth Rock\n|\n|upkeep\n|turn|2\n|j| Negonheh\n|c| Negonheh|Mudou porra nenhuma nesse time merda\n|\n|t:|1699917627\n|switch|p1a: Volcanion|Volcanion|100\/100\n|move|p2a: Nossa m\u00e3e|Earthquake|p1b: Rocky IV|[spread] p1a,p1b\n|-immune|p2b: Mendigo da muie\n|-supereffective|p1a: Volcanion\n|-supereffective|p1b: Rocky IV\n|-damage|p1a: Volcanion|35\/100\n|-damage|p1b: Rocky IV|40\/100\n|move|p2b: Mendigo da muie|Icy Wind|p1a: Volcanion|[spread] p1a,p1b\n|-resisted|p1a: Volcanion\n|-damage|p1a: Volcanion|31\/100\n|-damage|p1b: Rocky IV|30\/100\n|-unboost|p1a: Volcanion|spe|1\n|-unboost|p1b: Rocky IV|spe|1\n|move|p1b: Rocky IV|Salt Cure|p2a: Nossa m\u00e3e\n|-supereffective|p2a: Nossa m\u00e3e\n|-damage|p2a: Nossa m\u00e3e|85\/100\n|-start|p2a: Nossa m\u00e3e|Salt Cure\n|-enditem|p2a: Nossa m\u00e3e|Weakness Policy\n|-boost|p2a: Nossa m\u00e3e|atk|2|[from] item: Weakness Policy\n|-boost|p2a: Nossa m\u00e3e|spa|2|[from] item: Weakness Policy\n|\n|-heal|p1b: Rocky IV|36\/100|[from] item: Leftovers\n|-damage|p2a: Nossa m\u00e3e|73\/100|[from] Salt Cure\n|upkeep\n|turn|3\n|c| Negonheh|Fumei pedra vamo ta tirando minha vida\n|\n|t:|1699917644\n|move|p1b: Rocky IV|Wide Guard|p1b: Rocky IV\n|-singleturn|p1b: Rocky IV|Wide Guard\n|move|p2a: Nossa m\u00e3e|Earthquake|p1a: Volcanion|[spread] \n|-activate|p1a: Volcanion|move: Wide Guard\n|-activate|p1b: Rocky IV|move: Wide Guard\n|-immune|p2b: Mendigo da muie\n|move|p2b: Mendigo da muie|Icy Wind|p1a: Volcanion|[spread] \n|-activate|p1a: Volcanion|move: Wide Guard\n|-activate|p1b: Rocky IV|move: Wide Guard\n|move|p1a: Volcanion|Haze|p1a: Volcanion\n|-clearallboost\n|\n|-heal|p1b: Rocky IV|43\/100|[from] item: Leftovers\n|-damage|p2a: Nossa m\u00e3e|61\/100|[from] Salt Cure\n|-end|p2b: Mendigo da muie|move: Taunt\n|upkeep\n|turn|4\n|\n|t:|1699917663\n|move|p1b: Rocky IV|Wide Guard|p1b: Rocky IV\n|-singleturn|p1b: Rocky IV|Wide Guard\n|move|p2b: Mendigo da muie|Taunt|p1b: Rocky IV\n|-start|p1b: Rocky IV|move: Taunt\n|move|p2a: Nossa m\u00e3e|Earthquake|p1a: Volcanion|[spread] \n|-activate|p1a: Volcanion|move: Wide Guard\n|-activate|p1b: Rocky IV|move: Wide Guard\n|-immune|p2b: Mendigo da muie\n|move|p1a: Volcanion|Heat Wave|p2b: Mendigo da muie|[spread] p2a,p2b\n|-resisted|p2a: Nossa m\u00e3e\n|-damage|p2a: Nossa m\u00e3e|40\/100\n|-damage|p2b: Mendigo da muie|48\/100\n|\n|-heal|p1b: Rocky IV|49\/100|[from] item: Leftovers\n|-damage|p2a: Nossa m\u00e3e|27\/100|[from] Salt Cure\n|upkeep\n|turn|5\n|c| Negonheh|DESGRA\u00c7A\n|c| Negonheh|Da extremespeed seu corno\n|\n|t:|1699917683\n|switch|p1a: Land Daddy|Landorus, M|24\/100\n|switch|p1b: Wind Daddy|Tornadus, M|100\/100\n|move|p2b: Mendigo da muie|Tailwind|p2b: Mendigo da muie\n|-sidestart|p2: Satoru Gozou|move: Tailwind\n|move|p2a: Nossa m\u00e3e|Earthquake|p1b: Wind Daddy|[spread] \n|-immune|p2b: Mendigo da muie\n|-immune|p1a: Land Daddy\n|-immune|p1b: Wind Daddy\n|\n|-damage|p2a: Nossa m\u00e3e|15\/100|[from] Salt Cure\n|upkeep\n|turn|6\n|c| Negonheh|AAAAAAAAAAAAAA\n|\n|t:|1699917713\n|move|p1a: Land Daddy|Protect|p1a: Land Daddy\n|-singleturn|p1a: Land Daddy|Protect\n|move|p2b: Mendigo da muie|Icy Wind|p1a: Land Daddy|[spread] p1b\n|-activate|p1a: Land Daddy|move: Protect\n|-supereffective|p1b: Wind Daddy\n|-damage|p1b: Wind Daddy|64\/100\n|move|p2a: Nossa m\u00e3e|Ice Spinner|p1b: Wind Daddy\n|-supereffective|p1b: Wind Daddy\n|-damage|p1b: Wind Daddy|0 fnt\n|faint|p1b: Wind Daddy\n|\n|-damage|p2a: Nossa m\u00e3e|3\/100|[from] Salt Cure\n|upkeep\n|c| Negonheh|Fi da puta nao sabe nem o nome dele e tu tomando leitura dele\n|inactive|Joecheve13 has 120 seconds left.\n|\n|t:|1699917729\n|switch|p1b: Iron Hands|Iron Hands|100\/100\n|turn|7\n|\n|t:|1699917742\n|switch|p1a: Volcanion|Volcanion|31\/100\n|move|p1b: Iron Hands|Fake Out|p2a: Nossa m\u00e3e\n|-crit|p2a: Nossa m\u00e3e\n|-damage|p2a: Nossa m\u00e3e|0 fnt\n|faint|p2a: Nossa m\u00e3e\n|move|p2b: Mendigo da muie|Icy Wind|p1b: Iron Hands|[spread] p1a,p1b\n|-resisted|p1a: Volcanion\n|-damage|p1a: Volcanion|27\/100\n|-damage|p1b: Iron Hands|90\/100\n|-unboost|p1a: Volcanion|spe|1\n|-unboost|p1b: Iron Hands|spe|1\n|\n|upkeep\n|\n|t:|1699917752\n|switch|p2a: Gozador mestre|Ursaluna-Bloodmoon, M|100\/100\n|-damage|p2a: Gozador mestre|94\/100|[from] Stealth Rock\n|turn|8\n|\n|t:|1699917763\n|move|p2b: Mendigo da muie|Air Slash|p1a: Volcanion\n|-damage|p1a: Volcanion|0 fnt\n|faint|p1a: Volcanion\n|move|p2a: Gozador mestre|Earth Power|p1b: Iron Hands\n|-supereffective|p1b: Iron Hands\n|-damage|p1b: Iron Hands|21\/100\n|-enditem|p1b: Iron Hands|Sitrus Berry|[eat]\n|-heal|p1b: Iron Hands|46\/100|[from] item: Sitrus Berry\n|move|p1b: Iron Hands|Wild Charge|p2b: Mendigo da muie\n|-supereffective|p2b: Mendigo da muie\n|-damage|p2b: Mendigo da muie|0 fnt\n|faint|p2b: Mendigo da muie\n|-damage|p1b: Iron Hands|39\/100|[from] Recoil\n|\n|-sideend|p2: Satoru Gozou|move: Tailwind\n|upkeep\n|inactive|Satoru Gozou has 120 seconds left.\n|\n|t:|1699917804\n|switch|p2b: M'a kako|Rillaboom, M|100\/100\n|switch|p1a: Robot Devil|Scizor, M|100\/100\n|-damage|p2b: M'a kako|88\/100|[from] Stealth Rock\n|-fieldstart|move: Grassy Terrain|[from] ability: Grassy Surge|[of] p2b: M'a kako\n|turn|9\n|inactive|Satoru Gozou has 120 seconds left.\n|c| Negonheh|Time merda\n|c| Negonheh|Scizor merda\n|\n|t:|1699917836\n|-end|p1b: Iron Hands|Quark Drive|[silent]\n|switch|p1b: Land Daddy|Landorus, M|24\/100\n|move|p2b: M'a kako|Fake Out|p1a: Robot Devil\n|-resisted|p1a: Robot Devil\n|-damage|p1a: Robot Devil|94\/100\n|cant|p1a: Robot Devil|flinch\n|move|p2a: Gozador mestre|Earth Power|p1b: Land Daddy\n|-immune|p1b: Land Daddy\n|\n|-heal|p2b: M'a kako|94\/100|[from] Grassy Terrain\n|-heal|p1a: Robot Devil|99\/100|[from] Grassy Terrain\n|-heal|p2a: Gozador mestre|100\/100|[from] Grassy Terrain\n|upkeep\n|turn|10\n|c|\u2606Satoru Gozou|Fala n\u00e3o\n|c|\u2606Satoru Gozou|Vamo amassar\n|\n|t:|1699917856\n|move|p2b: M'a kako|Grassy Glide|p1b: Land Daddy\n|-damage|p1b: Land Daddy|0 fnt\n|faint|p1b: Land Daddy\n|move|p1a: Robot Devil|Bug Bite|p2b: M'a kako\n|-supereffective|p2b: M'a kako\n|-damage|p2b: M'a kako|0 fnt\n|faint|p2b: M'a kako\n|move|p2a: Gozador mestre|Hyper Voice|p1a: Robot Devil\n|-resisted|p1a: Robot Devil\n|-damage|p1a: Robot Devil|73\/100\n|-enditem|p2a: Gozador mestre|Throat Spray\n|-boost|p2a: Gozador mestre|spa|1|[from] item: Throat Spray\n|\n|-heal|p1a: Robot Devil|79\/100|[from] Grassy Terrain\n|upkeep\n|\n|t:|1699917863\n|switch|p1b: Rocky IV|Garganacl, F|49\/100\n|switch|p2b: Roraima|Ogerpon-Hearthflame, F|100\/100\n|-damage|p2b: Roraima|76\/100|[from] Stealth Rock\n|-ability|p2b: Roraima|Mold Breaker\n|turn|11\n|\n|t:|1699917878\n|switch|p1a: Iron Hands|Iron Hands|39\/100\n|move|p2b: Roraima|Spiky Shield|p2b: Roraima\n|-singleturn|p2b: Roraima|move: Protect\n|move|p2a: Gozador mestre|Earth Power|p1b: Rocky IV\n|-supereffective|p1b: Rocky IV\n|-damage|p1b: Rocky IV|0 fnt\n|faint|p1b: Rocky IV\n|\n|-heal|p2b: Roraima|82\/100|[from] Grassy Terrain\n|-heal|p1a: Iron Hands|45\/100|[from] Grassy Terrain\n|upkeep\n|-message|Joecheve13 forfeited.\n|\n|win|Satoru Gozou\n|raw|Joecheve13's rating: 1499 &rarr; <strong>1474<\/strong><br \/>(-25 for losing)\n|raw|Satoru Gozou's rating: 1419 &rarr; <strong>1444<\/strong><br \/>(+25 for winning)\n|l|\u2606Joecheve13\n","uploadtime":1699917723,"views":8,"p1id":"joecheve13","p2id":"satorugozou","formatid":"gen9doublesou","rating":1444,"private":0,"password":""}