{"id":"gen9doublesou-1970531834","p1":"arilions","p2":"GOD MAGIKARP11","format":"[Gen 9] Doubles OU","log":"|j|\u2606arilions\n|j|\u2606GOD MAGIKARP11\n|t:|1697646224\n|gametype|doubles\n|player|p1|arilions|veteran|1165\n|player|p2|GOD MAGIKARP11|169|1236\n|teamsize|p1|6\n|teamsize|p2|6\n|gen|9\n|tier|[Gen 9] Doubles OU\n|rated|\n|rule|Species Clause: Limit one of each Pok\u00e9mon\n|rule|OHKO Clause: OHKO moves are banned\n|rule|Evasion Moves Clause: Evasion moves are banned\n|rule|Gravity Sleep Clause: The combination of sleep-inducing moves with imperfect accuracy and Gravity or Gigantamax Orbeetle are banned\n|rule|Endless Battle Clause: Forcing endless battles is banned\n|rule|HP Percentage Mod: HP is shown in percentages\n|clearpoke\n|poke|p1|Torterra, M|\n|poke|p1|Chesnaught, M|\n|poke|p1|Ninetales, M|\n|poke|p1|Samurott-Hisui, F|\n|poke|p1|Raichu, M|\n|poke|p1|Roaring Moon|\n|poke|p2|Azelf|\n|poke|p2|Flutter Mane|\n|poke|p2|Bronzong|\n|poke|p2|Garganacl, M|\n|poke|p2|Arcanine, M|\n|poke|p2|Samurott-Hisui, F|\n|teampreview\n|inactive|Battle timer is ON: inactive players will automatically lose when time's up. (requested by GOD MAGIKARP11)\n|\n|t:|1697646238\n|start\n|switch|p1a: Chesnaught|Chesnaught, M|100\/100\n|switch|p1b: Torterra|Torterra, M|100\/100\n|switch|p2a: Flutter Mane|Flutter Mane|100\/100\n|switch|p2b: Azelf|Azelf|100\/100\n|turn|1\n|\n|t:|1697646265\n|-terastallize|p1b: Torterra|Steel\n|move|p2a: Flutter Mane|Dazzling Gleam|p1b: Torterra|[spread] p1a,p1b\n|-supereffective|p1a: Chesnaught\n|-resisted|p1b: Torterra\n|-damage|p1a: Chesnaught|23\/100\n|-damage|p1b: Torterra|81\/100\n|move|p2b: Azelf|Explosion|p1a: Chesnaught|[spread] p1a,p1b\n|-immune|p2a: Flutter Mane\n|-enditem|p2b: Azelf|Normal Gem|[from] gem\n|-resisted|p1b: Torterra\n|-damage|p1a: Chesnaught|0 fnt\n|-damage|p1b: Torterra|32\/100\n|faint|p2b: Azelf\n|faint|p1a: Chesnaught\n|move|p1b: Torterra|Headlong Rush|p2a: Flutter Mane\n|-enditem|p2a: Flutter Mane|Focus Sash\n|-damage|p2a: Flutter Mane|1\/100\n|-unboost|p1b: Torterra|def|1\n|-unboost|p1b: Torterra|spd|1\n|\n|upkeep\n|\n|t:|1697646293\n|switch|p2b: Bronzong|Bronzong|100\/100\n|switch|p1a: Samurott|Samurott-Hisui, F|100\/100\n|turn|2\n|\n|t:|1697646322\n|switch|p1b: Ninetales|Ninetales, M|100\/100\n|-weather|SunnyDay|[from] ability: Drought|[of] p1b: Ninetales\n|-activate|p2a: Flutter Mane|ability: Protosynthesis\n|-start|p2a: Flutter Mane|protosynthesisspe\n|move|p1a: Samurott|Sucker Punch|p2b: Bronzong\n|-supereffective|p2b: Bronzong\n|-damage|p2b: Bronzong|33\/100\n|move|p2a: Flutter Mane|Dazzling Gleam|p1a: Samurott|[spread] p1a,p1b\n|-supereffective|p1a: Samurott\n|-resisted|p1b: Ninetales\n|-damage|p1a: Samurott|3\/100\n|-damage|p1b: Ninetales|82\/100\n|move|p2b: Bronzong|Gyro Ball|p1a: Samurott\n|-resisted|p1a: Samurott\n|-damage|p1a: Samurott|0 fnt\n|faint|p1a: Samurott\n|\n|-weather|SunnyDay|[upkeep]\n|upkeep\n|inactive|arilions has 120 seconds left.\n|\n|t:|1697646339\n|switch|p1a: Roaring Moon|Roaring Moon|100\/100\n|-activate|p1a: Roaring Moon|ability: Protosynthesis\n|-start|p1a: Roaring Moon|protosynthesisspe\n|turn|3\n|\n|t:|1697646351\n|move|p2a: Flutter Mane|Dazzling Gleam|p1a: Roaring Moon|[spread] p1a,p1b\n|-supereffective|p1a: Roaring Moon\n|-resisted|p1b: Ninetales\n|-damage|p1a: Roaring Moon|0 fnt\n|-damage|p1b: Ninetales|62\/100\n|faint|p1a: Roaring Moon\n|-end|p1a: Roaring Moon|Protosynthesis|[silent]\n|move|p1b: Ninetales|Overheat|p2b: Bronzong\n|-supereffective|p2b: Bronzong\n|-enditem|p2b: Bronzong|Occa Berry|[eat]\n|-enditem|p2b: Bronzong|Occa Berry|[weaken]\n|-damage|p2b: Bronzong|0 fnt\n|-unboost|p1b: Ninetales|spa|2\n|faint|p2b: Bronzong\n|-damage|p1b: Ninetales|52\/100|[from] item: Life Orb\n|\n|-weather|SunnyDay|[upkeep]\n|upkeep\n|\n|t:|1697646366\n|switch|p1a: Raichu|Raichu, M|100\/100\n|switch|p2b: Arcanine|Arcanine, M|100\/100\n|-ability|p2b: Arcanine|Intimidate|boost\n|-unboost|p1a: Raichu|atk|1\n|-unboost|p1b: Ninetales|atk|1\n|turn|4\n|\n|t:|1697646377\n|move|p2a: Flutter Mane|Dazzling Gleam|p1b: Ninetales|[spread] p1a,p1b\n|-resisted|p1b: Ninetales\n|-damage|p1a: Raichu|53\/100\n|-damage|p1b: Ninetales|34\/100\n|move|p1b: Ninetales|Rest|p1b: Ninetales\n|-status|p1b: Ninetales|slp|[from] move: Rest\n|-heal|p1b: Ninetales|100\/100 slp|[silent]\n|move|p1a: Raichu|Surf|p2b: Arcanine|[spread] p1b,p2a,p2b\n|-supereffective|p1b: Ninetales\n|-supereffective|p2b: Arcanine\n|-damage|p1b: Ninetales|76\/100 slp\n|-damage|p2a: Flutter Mane|0 fnt\n|-damage|p2b: Arcanine|86\/100\n|faint|p2a: Flutter Mane\n|-end|p2a: Flutter Mane|Protosynthesis|[silent]\n|move|p2b: Arcanine|Snarl|p1b: Ninetales|[spread] p1b\n|-miss|p2b: Arcanine|p1a: Raichu\n|-damage|p1b: Ninetales|65\/100 slp\n|-unboost|p1b: Ninetales|spa|1\n|\n|-weather|SunnyDay|[upkeep]\n|upkeep\n|\n|t:|1697646401\n|switch|p2a: Garganacl|Garganacl, M|100\/100\n|turn|5\n|\n|t:|1697646414\n|switch|p1b: Torterra|Torterra, M, tera:Steel|32\/100\n|-terastallize|p2a: Garganacl|Ghost\n|move|p1a: Raichu|Reflect|p1a: Raichu\n|-sidestart|p1: arilions|Reflect\n|move|p2b: Arcanine|Snarl|p1b: Torterra|[spread] p1a,p1b\n|-damage|p1a: Raichu|40\/100\n|-damage|p1b: Torterra|21\/100\n|-unboost|p1a: Raichu|spa|1\n|-unboost|p1b: Torterra|spa|1\n|move|p2a: Garganacl|Salt Cure|p1a: Raichu\n|-damage|p1a: Raichu|24\/100\n|-start|p1a: Raichu|Salt Cure\n|\n|-weather|SunnyDay|[upkeep]\n|-damage|p1a: Raichu|12\/100|[from] Salt Cure\n|upkeep\n|turn|6\n|\n|t:|1697646438\n|move|p2b: Arcanine|Protect|p2b: Arcanine\n|-singleturn|p2b: Arcanine|Protect\n|move|p1a: Raichu|Thunderbolt|p2b: Arcanine\n|-activate|p2b: Arcanine|move: Protect\n|move|p1b: Torterra|Rock Blast|p2b: Arcanine\n|-activate|p2b: Arcanine|move: Protect\n|move|p2a: Garganacl|Body Press|p1b: Torterra\n|-supereffective|p1b: Torterra\n|-damage|p1b: Torterra|0 fnt\n|faint|p1b: Torterra\n|\n|-weather|none\n|-damage|p1a: Raichu|0 fnt|[from] Salt Cure\n|faint|p1a: Raichu\n|upkeep\n|\n|t:|1697646444\n|switch|p1b: Ninetales|Ninetales, M|65\/100 slp\n|-weather|SunnyDay|[from] ability: Drought|[of] p1b: Ninetales\n|turn|7\n|\n|t:|1697646463\n|cant|p1b: Ninetales|slp\n|move|p2b: Arcanine|Snarl|p1b: Ninetales\n|-damage|p1b: Ninetales|49\/100 slp\n|-unboost|p1b: Ninetales|spa|1\n|move|p2a: Garganacl|Salt Cure|p1b: Ninetales\n|-supereffective|p1b: Ninetales\n|-damage|p1b: Ninetales|22\/100 slp\n|-start|p1b: Ninetales|Salt Cure\n|\n|-weather|SunnyDay|[upkeep]\n|-damage|p1b: Ninetales|10\/100 slp|[from] Salt Cure\n|upkeep\n|turn|8\n|\n|t:|1697646479\n|cant|p1b: Ninetales|slp\n|move|p2b: Arcanine|Flare Blitz|p1b: Ninetales\n|-resisted|p1b: Ninetales\n|-damage|p1b: Ninetales|0 fnt\n|faint|p1b: Ninetales\n|-damage|p2b: Arcanine|84\/100|[from] Recoil\n|\n|win|GOD MAGIKARP11\n|raw|arilions's rating: 1165 &rarr; <strong>1145<\/strong><br \/>(-20 for losing)\n|raw|GOD MAGIKARP11's rating: 1236 &rarr; <strong>1256<\/strong><br \/>(+20 for winning)\n|c|\u2606GOD MAGIKARP11|gg\n|l|\u2606arilions\n","uploadtime":1697646488,"views":9,"p1id":"arilions","p2id":"godmagikarp11","formatid":"gen9doublesou","rating":1145,"private":0,"password":""}