{"id":"gen9doublesou-1980228328","p1":"paplo1","p2":"ladelcolo","format":"[Gen 9] Doubles OU","log":"|j|\u2606paplo1\n|j|\u2606ladelcolo\n|t:|1698767936\n|gametype|doubles\n|player|p1|paplo1|roughneck|1190\n|player|p2|ladelcolo|1|1088\n|teamsize|p1|6\n|teamsize|p2|6\n|gen|9\n|tier|[Gen 9] Doubles OU\n|rated|\n|rule|Species Clause: Limit one of each Pok\u00e9mon\n|rule|OHKO Clause: OHKO moves are banned\n|rule|Evasion Moves Clause: Evasion moves are banned\n|rule|Gravity Sleep Clause: The combination of sleep-inducing moves with imperfect accuracy and Gravity or Gigantamax Orbeetle are banned\n|rule|Endless Battle Clause: Forcing endless battles is banned\n|rule|HP Percentage Mod: HP is shown in percentages\n|clearpoke\n|poke|p1|Sinistcha|\n|poke|p1|Cresselia, F|\n|poke|p1|Clefairy, F|\n|poke|p1|Kommo-o, F|\n|poke|p1|Iron Hands|\n|poke|p1|Ursaluna, F|\n|poke|p2|Gallade, M|\n|poke|p2|Infernape, M|\n|poke|p2|Pikachu, M|\n|poke|p2|Electrode|\n|poke|p2|Ludicolo, F|\n|poke|p2|Gliscor, M|\n|teampreview\n|inactive|Battle timer is ON: inactive players will automatically lose when time's up. (requested by paplo1)\n|\n|t:|1698767964\n|start\n|switch|p1a: Cresselia|Cresselia, F|100\/100\n|switch|p1b: Iron Hands|Iron Hands|100\/100\n|switch|p2a: Pikachu|Pikachu, M|100\/100\n|switch|p2b: Infernape|Infernape, M|100\/100\n|turn|1\n|\n|t:|1698767981\n|move|p2b: Infernape|Fake Out|p1a: Cresselia\n|-damage|p1a: Cresselia|92\/100\n|move|p2a: Pikachu|Fake Out|p1b: Iron Hands\n|-damage|p1b: Iron Hands|93\/100\n|cant|p1b: Iron Hands|flinch\n|cant|p1a: Cresselia|flinch\n|\n|-heal|p1a: Cresselia|98\/100|[from] item: Leftovers\n|upkeep\n|turn|2\n|\n|t:|1698767997\n|switch|p2b: Gliscor|Gliscor, M|100\/100\n|-end|p1b: Iron Hands|Quark Drive|[silent]\n|switch|p1b: Clefairy|Clefairy, F|100\/100\n|move|p2a: Pikachu|Thunderbolt|p1a: Cresselia\n|-damage|p1a: Cresselia|70\/100\n|move|p1a: Cresselia|Trick Room|p1a: Cresselia\n|-fieldstart|move: Trick Room|[of] p1a: Cresselia\n|\n|-heal|p1a: Cresselia|76\/100|[from] item: Leftovers\n|-status|p2b: Gliscor|tox|[from] item: Toxic Orb\n|upkeep\n|turn|3\n|\n|t:|1698768020\n|move|p1b: Clefairy|Helping Hand|p1a: Cresselia\n|-singleturn|p1a: Cresselia|Helping Hand|[of] p1b: Clefairy\n|move|p1a: Cresselia|Psychic|p2b: Gliscor\n|-damage|p2b: Gliscor|20\/100 tox\n|move|p2a: Pikachu|Volt Switch|p1b: Clefairy\n|-damage|p1b: Clefairy|74\/100\n|\n|t:|1698768028\n|switch|p2a: Ludicolo|Ludicolo, F|100\/100|[from] Volt Switch\n|move|p2b: Gliscor|Fire Fang|p1a: Cresselia\n|-damage|p1a: Cresselia|67\/100\n|\n|-heal|p1a: Cresselia|73\/100|[from] item: Leftovers\n|-heal|p2b: Gliscor|32\/100 tox|[from] ability: Poison Heal\n|upkeep\n|turn|4\n|\n|t:|1698768044\n|switch|p1b: Sinistcha|Sinistcha|100\/100\n|-heal|p1a: Cresselia|98\/100|[from] ability: Hospitality|[of] p1b: Sinistcha\n|move|p2a: Ludicolo|Rain Dance|p2a: Ludicolo\n|-weather|RainDance\n|move|p1a: Cresselia|Psychic|p2b: Gliscor\n|-damage|p2b: Gliscor|0 fnt\n|faint|p2b: Gliscor\n|\n|-weather|RainDance|[upkeep]\n|-heal|p1a: Cresselia|100\/100|[from] item: Leftovers\n|upkeep\n|\n|t:|1698768054\n|switch|p2b: Pikachu|Pikachu, M|100\/100\n|turn|5\n|\n|t:|1698768073\n|switch|p1a: Iron Hands|Iron Hands|93\/100\n|move|p2b: Pikachu|Fake Out|p1a: Iron Hands\n|-damage|p1a: Iron Hands|85\/100\n|move|p1b: Sinistcha|Matcha Gotcha|p2b: Pikachu|[spread] p2b\n|-miss|p1b: Sinistcha|p2a: Ludicolo\n|-damage|p2b: Pikachu|32\/100\n|move|p2a: Ludicolo|Weather Ball|p1a: Iron Hands\n|-damage|p1a: Iron Hands|58\/100\n|\n|-weather|RainDance|[upkeep]\n|upkeep\n|turn|6\n|\n|t:|1698768101\n|switch|p1b: Clefairy|Clefairy, F|74\/100\n|move|p1a: Iron Hands|Fake Out|p2b: Pikachu\n|-damage|p2b: Pikachu|0 fnt\n|faint|p2b: Pikachu\n|move|p2a: Ludicolo|Leech Seed|p1a: Iron Hands\n|-start|p1a: Iron Hands|move: Leech Seed\n|\n|-weather|RainDance|[upkeep]\n|-damage|p1a: Iron Hands|46\/100|[from] Leech Seed|[of] p2a: Ludicolo\n|-fieldend|move: Trick Room\n|upkeep\n|inactive|ladelcolo has 120 seconds left.\n|\n|t:|1698768125\n|switch|p2b: Infernape|Infernape, M|100\/100\n|turn|7\n|\n|t:|1698768138\n|-end|p1a: Iron Hands|Quark Drive|[silent]\n|switch|p1a: Cresselia|Cresselia, F|100\/100\n|move|p2b: Infernape|Fake Out|p1a: Cresselia\n|-damage|p1a: Cresselia|94\/100\n|move|p2a: Ludicolo|Weather Ball|p1b: Clefairy\n|-damage|p1b: Clefairy|44\/100\n|move|p1b: Clefairy|Thunder Wave|p2b: Infernape\n|-status|p2b: Infernape|par\n|\n|-weather|RainDance|[upkeep]\n|-heal|p1a: Cresselia|99\/100|[from] item: Leftovers\n|upkeep\n|turn|8\n|inactive|paplo1 has 120 seconds left.\n|inactive|ladelcolo has 120 seconds left.\n|\n|t:|1698768189\n|move|p1a: Cresselia|Lunar Blessing|p1a: Cresselia|[spread] p1a,p1b\n|-heal|p1a: Cresselia|100\/100\n|-heal|p1b: Clefairy|69\/100\n|move|p2a: Ludicolo|Weather Ball|p1b: Clefairy\n|-damage|p1b: Clefairy|38\/100\n|move|p2b: Infernape|Thunder Punch|p1a: Cresselia\n|-crit|p1a: Cresselia\n|-damage|p1a: Cresselia|81\/100\n|move|p1b: Clefairy|Thunder Wave|p2a: Ludicolo\n|-status|p2a: Ludicolo|par\n|\n|-weather|none\n|-heal|p1a: Cresselia|87\/100|[from] item: Leftovers\n|upkeep\n|turn|9\n|inactive|ladelcolo has 120 seconds left.\n|\n|t:|1698768212\n|switch|p1b: Iron Hands|Iron Hands|46\/100\n|cant|p2b: Infernape|par\n|move|p2a: Ludicolo|Leech Seed|p1b: Iron Hands\n|-start|p1b: Iron Hands|move: Leech Seed\n|move|p1a: Cresselia|Trick Room|p1a: Cresselia\n|-fieldstart|move: Trick Room|[of] p1a: Cresselia\n|\n|-heal|p1a: Cresselia|93\/100|[from] item: Leftovers\n|-damage|p1b: Iron Hands|34\/100|[from] Leech Seed|[of] p2a: Ludicolo\n|upkeep\n|turn|10\n|inactive|ladelcolo has 120 seconds left.\n|\n|t:|1698768228\n|move|p2a: Ludicolo|Rain Dance|p2a: Ludicolo\n|-weather|RainDance\n|move|p1b: Iron Hands|Volt Switch|p2a: Ludicolo\n|-damage|p2a: Ludicolo|91\/100 par\n|\n|t:|1698768234\n|-end|p1b: Iron Hands|Quark Drive|[silent]\n|switch|p1b: Kommo-o|Kommo-o, F|100\/100|[from] Volt Switch\n|cant|p2b: Infernape|par\n|move|p1a: Cresselia|Psychic|p2b: Infernape\n|-supereffective|p2b: Infernape\n|-crit|p2b: Infernape\n|-damage|p2b: Infernape|0 fnt\n|faint|p2b: Infernape\n|\n|-weather|RainDance|[upkeep]\n|-heal|p2a: Ludicolo|97\/100 par|[from] ability: Rain Dish\n|-heal|p1a: Cresselia|99\/100|[from] item: Leftovers\n|upkeep\n|inactive|ladelcolo has 120 seconds left.\n|\n|t:|1698768242\n|switch|p2b: Electrode|Electrode|100\/100\n|turn|11\n|\n|t:|1698768264\n|move|p2a: Ludicolo|Weather Ball|p1a: Cresselia\n|-damage|p1a: Cresselia|69\/100\n|move|p1a: Cresselia|Psychic|p2b: Electrode\n|-damage|p2b: Electrode|44\/100\n|move|p1b: Kommo-o|Clangorous Soul|p1b: Kommo-o\n|-boost|p1b: Kommo-o|atk|1\n|-boost|p1b: Kommo-o|def|1\n|-boost|p1b: Kommo-o|spa|1\n|-boost|p1b: Kommo-o|spd|1\n|-boost|p1b: Kommo-o|spe|1\n|-damage|p1b: Kommo-o|68\/100\n|-enditem|p1b: Kommo-o|Throat Spray\n|-boost|p1b: Kommo-o|spa|1|[from] item: Throat Spray\n|move|p2b: Electrode|Light Screen|p2b: Electrode\n|-sidestart|p2: ladelcolo|move: Light Screen\n|\n|-weather|RainDance|[upkeep]\n|-heal|p2a: Ludicolo|100\/100 par|[from] ability: Rain Dish\n|-heal|p1a: Cresselia|75\/100|[from] item: Leftovers\n|upkeep\n|turn|12\n|inactive|ladelcolo has 120 seconds left.\n|\n|t:|1698768303\n|move|p1b: Kommo-o|Protect|p1b: Kommo-o\n|-singleturn|p1b: Kommo-o|Protect\n|move|p2a: Ludicolo|Leech Seed|p1b: Kommo-o\n|-activate|p1b: Kommo-o|move: Protect\n|move|p1a: Cresselia|Psychic|p2b: Electrode\n|-damage|p2b: Electrode|8\/100\n|move|p2b: Electrode|Volt Switch|p1a: Cresselia\n|-damage|p1a: Cresselia|58\/100\n|\n|t:|1698768310\n|switch|p2b: Gallade|Gallade, M|100\/100|[from] Volt Switch\n|\n|-weather|RainDance|[upkeep]\n|-heal|p1a: Cresselia|64\/100|[from] item: Leftovers\n|upkeep\n|turn|13\n|\n|t:|1698768333\n|cant|p2a: Ludicolo|par\n|move|p1a: Cresselia|Lunar Blessing|p1a: Cresselia|[spread] p1a,p1b\n|-heal|p1a: Cresselia|89\/100\n|-heal|p1b: Kommo-o|93\/100\n|move|p2b: Gallade|Psycho Cut|p1b: Kommo-o\n|-supereffective|p1b: Kommo-o\n|-damage|p1b: Kommo-o|51\/100\n|move|p1b: Kommo-o|Clanging Scales|p2b: Gallade|[spread] p2a,p2b\n|-damage|p2a: Ludicolo|68\/100 par\n|-damage|p2b: Gallade|45\/100\n|-unboost|p1b: Kommo-o|def|1\n|\n|-weather|RainDance|[upkeep]\n|-heal|p2a: Ludicolo|74\/100 par|[from] ability: Rain Dish\n|-heal|p1a: Cresselia|95\/100|[from] item: Leftovers\n|-fieldend|move: Trick Room\n|upkeep\n|turn|14\n|\n|t:|1698768363\n|switch|p1a: Clefairy|Clefairy, F|38\/100\n|-terastallize|p1b: Kommo-o|Steel\n|move|p1b: Kommo-o|Clanging Scales|p2b: Gallade|[spread] p2a,p2b\n|-damage|p2a: Ludicolo|40\/100 par\n|-damage|p2b: Gallade|0 fnt\n|faint|p2b: Gallade\n|-unboost|p1b: Kommo-o|def|1\n|move|p2a: Ludicolo|Weather Ball|p1a: Clefairy\n|-damage|p1a: Clefairy|9\/100\n|\n|-weather|none\n|upkeep\n|\n|t:|1698768369\n|switch|p2b: Electrode|Electrode|8\/100\n|turn|15\n|\n|t:|1698768384\n|move|p1a: Clefairy|Follow Me|p1a: Clefairy\n|-singleturn|p1a: Clefairy|move: Follow Me\n|move|p1b: Kommo-o|Clanging Scales|p2a: Ludicolo|[spread] p2a,p2b\n|-damage|p2a: Ludicolo|5\/100 par\n|-damage|p2b: Electrode|0 fnt\n|faint|p2b: Electrode\n|-unboost|p1b: Kommo-o|def|1\n|cant|p2a: Ludicolo|par\n|\n|-sideend|p2: ladelcolo|move: Light Screen\n|upkeep\n|turn|16\n|-message|ladelcolo forfeited.\n|\n|win|paplo1\n|raw|paplo1's rating: 1190 &rarr; <strong>1208<\/strong><br \/>(+18 for winning)\n|raw|ladelcolo's rating: 1088 &rarr; <strong>1071<\/strong><br \/>(-17 for losing)\n|l|\u2606ladelcolo\n","uploadtime":1698768431,"views":23,"p1id":"paplo1","p2id":"ladelcolo","formatid":"gen9doublesou","rating":1071,"private":0,"password":""}