{"id":"gen9doublesou-1970784956","p1":"mikeyuwu","p2":"xenziiii","format":"[Gen 9] Doubles OU","log":"|j|\u2606mikeyuwu\n|j|\u2606xenziiii\n|t:|1697666912\n|gametype|doubles\n|player|p1|mikeyuwu|psychic-gen4|1319\n|player|p2|xenziiii|cynthia-masters|1239\n|teamsize|p1|6\n|teamsize|p2|6\n|gen|9\n|tier|[Gen 9] Doubles OU\n|rated|\n|rule|Species Clause: Limit one of each Pok\u00e9mon\n|rule|OHKO Clause: OHKO moves are banned\n|rule|Evasion Moves Clause: Evasion moves are banned\n|rule|Gravity Sleep Clause: The combination of sleep-inducing moves with imperfect accuracy and Gravity or Gigantamax Orbeetle are banned\n|rule|Endless Battle Clause: Forcing endless battles is banned\n|rule|HP Percentage Mod: HP is shown in percentages\n|clearpoke\n|poke|p1|Garchomp, M|\n|poke|p1|Tyranitar, F|\n|poke|p1|Vaporeon, F|\n|poke|p1|Toxicroak, M|\n|poke|p1|Pelipper, F|\n|poke|p1|Abomasnow, M|\n|poke|p2|Ambipom, F|\n|poke|p2|Garchomp, F|\n|poke|p2|Gardevoir, M|\n|poke|p2|Kleavor, F|\n|poke|p2|Chandelure, F|\n|poke|p2|Milotic, M|\n|teampreview\n|j| hicknick2\n|\n|t:|1697666927\n|start\n|switch|p1a: OTLHPM|Toxicroak, M|100\/100\n|switch|p1b: Harmacy|Vaporeon, F|100\/100\n|switch|p2a: Ambipom|Ambipom, F|100\/100\n|switch|p2b: Kleavor|Kleavor, F|100\/100\n|turn|1\n|j| Sokino\n|c| hicknick2|Hey\n|c| Sokino|ultimate weather team\n|c| hicknick2|did you know that in terms of-\n|inactive|Battle timer is ON: inactive players will automatically lose when time's up. (requested by mikeyuwu)\n|\n|t:|1697666973\n|switch|p1a: Extra Spicy|Garchomp, M|100\/100\n|move|p2a: Ambipom|Fake Out|p1a: Extra Spicy\n|-damage|p1a: Extra Spicy|78\/100\n|-damage|p2a: Ambipom|88\/100|[from] ability: Rough Skin|[of] p1a: Extra Spicy\n|-damage|p2a: Ambipom|72\/100|[from] item: Rocky Helmet|[of] p1a: Extra Spicy\n|-damage|p2a: Ambipom|62\/100|[from] item: Life Orb\n|move|p2b: Kleavor|Stone Axe|p1b: Harmacy\n|-crit|p1b: Harmacy\n|-damage|p1b: Harmacy|45\/100\n|-sidestart|p1: mikeyuwu|move: Stealth Rock\n|move|p1b: Harmacy|Icy Wind|p2b: Kleavor|[spread] p2a,p2b\n|-damage|p2a: Ambipom|46\/100\n|-damage|p2b: Kleavor|84\/100\n|-unboost|p2a: Ambipom|spe|1\n|-unboost|p2b: Kleavor|spe|1\n|\n|-heal|p1b: Harmacy|51\/100|[from] item: Leftovers\n|upkeep\n|turn|2\n|\n|t:|1697666997\n|move|p1a: Extra Spicy|Liquidation|p2b: Kleavor\n|-supereffective|p2b: Kleavor\n|-damage|p2b: Kleavor|19\/100\n|move|p2a: Ambipom|Thunder Wave|p1b: Harmacy\n|-status|p1b: Harmacy|par\n|move|p2b: Kleavor|Tailwind|p2b: Kleavor\n|-sidestart|p2: xenziiii|move: Tailwind\n|move|p1b: Harmacy|Wish|p1b: Harmacy\n|\n|-heal|p1b: Harmacy|57\/100 par|[from] item: Leftovers\n|upkeep\n|turn|3\n|\n|t:|1697667022\n|move|p2a: Ambipom|Knock Off|p1a: Extra Spicy\n|-damage|p1a: Extra Spicy|54\/100\n|-damage|p2a: Ambipom|33\/100|[from] ability: Rough Skin|[of] p1a: Extra Spicy\n|-damage|p2a: Ambipom|17\/100|[from] item: Rocky Helmet|[of] p1a: Extra Spicy\n|-enditem|p1a: Extra Spicy|Rocky Helmet|[from] move: Knock Off|[of] p2a: Ambipom\n|-damage|p2a: Ambipom|7\/100|[from] item: Life Orb\n|move|p2b: Kleavor|X-Scissor|p1a: Extra Spicy\n|-damage|p1a: Extra Spicy|17\/100\n|-damage|p2b: Kleavor|7\/100|[from] ability: Rough Skin|[of] p1a: Extra Spicy\n|move|p1a: Extra Spicy|Liquidation|p2b: Kleavor\n|-supereffective|p2b: Kleavor\n|-damage|p2b: Kleavor|0 fnt\n|faint|p2b: Kleavor\n|move|p1b: Harmacy|Icy Wind|p2a: Ambipom\n|-damage|p2a: Ambipom|0 fnt\n|faint|p2a: Ambipom\n|\n|-heal|p1b: Harmacy|100\/100 par|[from] move: Wish|[wisher] Harmacy\n|upkeep\n|inactive|xenziiii has 120 seconds left.\n|inactive|xenziiii has 90 seconds left.\n|\n|t:|1697667069\n|switch|p2a: Chandelure|Chandelure, F|100\/100\n|switch|p2b: Milotic|Milotic, M|100\/100\n|turn|4\n|\n|t:|1697667077\n|switch|p1a: Weather War|Pelipper, F|100\/100\n|-weather|RainDance|[from] ability: Drizzle|[of] p1a: Weather War\n|-terastallize|p2a: Chandelure|Grass\n|move|p2a: Chandelure|Energy Ball|p1b: Harmacy\n|-supereffective|p1b: Harmacy\n|-damage|p1b: Harmacy|0 fnt\n|faint|p1b: Harmacy\n|move|p2b: Milotic|Scald|p1a: Weather War\n|-resisted|p1a: Weather War\n|-damage|p1a: Weather War|62\/100\n|\n|-weather|RainDance|[upkeep]\n|-status|p2b: Milotic|brn|[from] item: Flame Orb\n|upkeep\n|\n|t:|1697667089\n|switch|p1b: OTLHPM|Toxicroak, M|100\/100\n|-damage|p1b: OTLHPM|94\/100|[from] Stealth Rock\n|turn|5\n|\n|t:|1697667106\n|switch|p2a: Garchomp|Garchomp, F|100\/100\n|move|p2b: Milotic|Ice Beam|p1a: Weather War\n|-damage|p1a: Weather War|20\/100\n|move|p1b: OTLHPM|Poison Jab|p2a: Garchomp\n|-resisted|p2a: Garchomp\n|-crit|p2a: Garchomp\n|-damage|p2a: Garchomp|71\/100\n|-status|p2a: Garchomp|psn\n|-damage|p1b: OTLHPM|82\/100|[from] ability: Rough Skin|[of] p2a: Garchomp\n|move|p1a: Weather War|Hurricane|p2a: Garchomp\n|-damage|p2a: Garchomp|32\/100 psn\n|\n|-weather|RainDance|[upkeep]\n|-heal|p1b: OTLHPM|94\/100|[from] ability: Dry Skin\n|-heal|p1b: OTLHPM|100\/100|[from] item: Black Sludge\n|-damage|p2a: Garchomp|20\/100 psn|[from] psn\n|-damage|p2b: Milotic|94\/100 brn|[from] brn\n|-sideend|p2: xenziiii|move: Tailwind\n|upkeep\n|turn|6\n|\n|t:|1697667131\n|switch|p1b: Cold Shoulder|Abomasnow, M, shiny|100\/100\n|-damage|p1b: Cold Shoulder|76\/100|[from] Stealth Rock\n|-weather|Snow|[from] ability: Snow Warning|[of] p1b: Cold Shoulder\n|switch|p2b: Gardevoir|Gardevoir, M|100\/100\n|move|p2a: Garchomp|Earthquake|p1b: Cold Shoulder|[spread] p1b\n|-activate|p2b: Gardevoir|ability: Telepathy\n|-immune|p1a: Weather War\n|-resisted|p1b: Cold Shoulder\n|-damage|p1b: Cold Shoulder|62\/100\n|-damage|p2a: Garchomp|10\/100 psn|[from] item: Life Orb\n|move|p1a: Weather War|Blizzard|p2b: Gardevoir|[spread] p2a,p2b\n|-supereffective|p2a: Garchomp\n|-damage|p2a: Garchomp|0 fnt\n|-damage|p2b: Gardevoir|84\/100\n|-status|p2b: Gardevoir|frz\n|faint|p2a: Garchomp\n|\n|-weather|Snow|[upkeep]\n|-heal|p2b: Gardevoir|90\/100 frz|[from] item: Leftovers\n|upkeep\n|inactive|xenziiii has 120 seconds left.\n|c|\u2606mikeyuwu|Lotta life orbs huh?\n|c|\u2606xenziiii|YOU'RE\n|c|\u2606xenziiii|SP\n|c|\u2606xenziiii|FUCKING\n|c|\u2606xenziiii|LUCKY\n|c| Sokino|lmao\n|c|\u2606mikeyuwu|Lol\n|c| hicknick2|REMATCH\n|c| hicknick2|REMATCH\n|inactive|xenziiii has 90 seconds left.\n|c| hicknick2|REMATCH\n|c|\u2606xenziiii|CRIT POISON JAB AND POISON THEN FREEZES\n|c| Sokino|nah\n|c| Sokino|nah\n|c|\u2606xenziiii|WITH FUCKING BLIZZARD\n|c|\u2606xenziiii|I HOPE A BOULDER LANDS ON YOU\n|c| Sokino|its skill fr\n|c|\u2606mikeyuwu|Lool\n|\n|t:|1697667200\n|switch|p2a: Chandelure|Chandelure, F, tera:Grass|100\/100\n|turn|7\n|c| hicknick2|xen just ff and rematch\n|inactive|xenziiii has 90 seconds left.\n|\n|t:|1697667211\n|switch|p1a: ThcrThnSnkr|Tyranitar, F|100\/100\n|-damage|p1a: ThcrThnSnkr|88\/100|[from] Stealth Rock\n|-weather|Sandstorm|[from] ability: Sand Stream|[of] p1a: ThcrThnSnkr\n|-terastallize|p1b: Cold Shoulder|Water\n|move|p2a: Chandelure|Heat Wave|p1a: ThcrThnSnkr|[spread] p1a,p1b\n|-resisted|p1a: ThcrThnSnkr\n|-resisted|p1b: Cold Shoulder\n|-damage|p1a: ThcrThnSnkr|79\/100\n|-damage|p1b: Cold Shoulder|28\/100\n|cant|p2b: Gardevoir|frz\n|move|p1b: Cold Shoulder|Weather Ball|p2a: Chandelure\n|-damage|p2a: Chandelure|64\/100\n|\n|-weather|Sandstorm|[upkeep]\n|-damage|p2a: Chandelure|58\/100|[from] Sandstorm\n|-damage|p2b: Gardevoir|84\/100 frz|[from] Sandstorm\n|-damage|p1b: Cold Shoulder|22\/100|[from] Sandstorm\n|-heal|p2b: Gardevoir|90\/100 frz|[from] item: Leftovers\n|upkeep\n|turn|8\n|inactive|xenziiii has 90 seconds left.\n|l| hicknick2\n|\n|t:|1697667249\n|switch|p2a: Milotic|Milotic, M|94\/100 brn\n|switch|p1b: OTLHPM|Toxicroak, M|100\/100\n|-damage|p1b: OTLHPM|94\/100|[from] Stealth Rock\n|cant|p2b: Gardevoir|frz\n|move|p1a: ThcrThnSnkr|Heavy Slam|p2b: Gardevoir\n|-supereffective|p2b: Gardevoir\n|-damage|p2b: Gardevoir|11\/100 frz\n|\n|-weather|Sandstorm|[upkeep]\n|-damage|p2b: Gardevoir|5\/100 frz|[from] Sandstorm\n|-damage|p1b: OTLHPM|88\/100|[from] Sandstorm\n|-damage|p2a: Milotic|88\/100 brn|[from] Sandstorm\n|-heal|p2b: Gardevoir|11\/100 frz|[from] item: Leftovers\n|-heal|p1b: OTLHPM|94\/100|[from] item: Black Sludge\n|-damage|p2a: Milotic|82\/100 brn|[from] brn\n|upkeep\n|turn|9\n|inactive|xenziiii has 90 seconds left.\n|\n|t:|1697667266\n|cant|p2b: Gardevoir|frz\n|move|p1b: OTLHPM|Poison Jab|p2b: Gardevoir\n|-supereffective|p2b: Gardevoir\n|-damage|p2b: Gardevoir|0 fnt\n|faint|p2b: Gardevoir\n|move|p2a: Milotic|Scald|p1a: ThcrThnSnkr\n|-supereffective|p1a: ThcrThnSnkr\n|-damage|p1a: ThcrThnSnkr|56\/100\n|move|p1a: ThcrThnSnkr|Heavy Slam|p2a: Milotic\n|-resisted|p2a: Milotic\n|-damage|p2a: Milotic|78\/100 brn\n|\n|-weather|Sandstorm|[upkeep]\n|-damage|p1b: OTLHPM|88\/100|[from] Sandstorm\n|-damage|p2a: Milotic|72\/100 brn|[from] Sandstorm\n|-heal|p1b: OTLHPM|94\/100|[from] item: Black Sludge\n|-damage|p2a: Milotic|66\/100 brn|[from] brn\n|upkeep\n|c| Sokino|well\n|inactive|xenziiii has 90 seconds left.\n|c| Sokino|that was sad to see ngl\n|\n|t:|1697667278\n|switch|p2b: Chandelure|Chandelure, F, tera:Grass|58\/100\n|turn|10\n|\n|t:|1697667284\n|move|p2b: Chandelure|Heat Wave|p1a: ThcrThnSnkr|[spread] p1a,p1b\n|-resisted|p1a: ThcrThnSnkr\n|-damage|p1a: ThcrThnSnkr|46\/100\n|-damage|p1b: OTLHPM|7\/100\n|-status|p1a: ThcrThnSnkr|brn\n|move|p1b: OTLHPM|Poison Jab|p2b: Chandelure\n|-supereffective|p2b: Chandelure\n|-damage|p2b: Chandelure|0 fnt\n|faint|p2b: Chandelure\n|move|p2a: Milotic|Scald|p1a: ThcrThnSnkr\n|-supereffective|p1a: ThcrThnSnkr\n|-damage|p1a: ThcrThnSnkr|23\/100 brn\n|move|p1a: ThcrThnSnkr|Thunderbolt|p2a: Milotic\n|-supereffective|p2a: Milotic\n|-damage|p2a: Milotic|37\/100 brn\n|\n|-weather|Sandstorm|[upkeep]\n|-damage|p1b: OTLHPM|0 fnt|[from] Sandstorm\n|-damage|p2a: Milotic|31\/100 brn|[from] Sandstorm\n|faint|p1b: OTLHPM\n|-damage|p2a: Milotic|25\/100 brn|[from] brn\n|-damage|p1a: ThcrThnSnkr|17\/100 brn|[from] brn\n|upkeep\n|n|!xenziiii|xenziiii\n|-message|xenziiii forfeited.\n|\n|win|mikeyuwu\n|raw|mikeyuwu's rating: 1319 &rarr; <strong>1334<\/strong><br \/>(+15 for winning)\n|raw|xenziiii's rating: 1239 &rarr; <strong>1220<\/strong><br \/>(-19 for losing)\n|l|!xenziiii\n","uploadtime":1697667295,"views":14,"p1id":"mikeyuwu","p2id":"xenziiii","formatid":"gen9doublesou","rating":1220,"private":0,"password":""}