{"id":"gen9doublesou-1983981045","p1":"Waffle2O23","p2":"Xrn","format":"[Gen 9] Doubles OU","log":"|j|\u2606Waffle2O23\n|j|\u2606Xrn\n|t:|1699206497\n|gametype|doubles\n|player|p1|Waffle2O23|169|\n|player|p2|Xrn|#puplixmaadcitymagmortars|\n|teamsize|p1|6\n|teamsize|p2|6\n|gen|9\n|tier|[Gen 9] Doubles OU\n|rule|Species Clause: Limit one of each Pok\u00e9mon\n|rule|OHKO Clause: OHKO moves are banned\n|rule|Evasion Moves Clause: Evasion moves are banned\n|rule|Gravity Sleep Clause: The combination of sleep-inducing moves with imperfect accuracy and Gravity or Gigantamax Orbeetle are banned\n|rule|Endless Battle Clause: Forcing endless battles is banned\n|rule|HP Percentage Mod: HP is shown in percentages\n|clearpoke\n|poke|p1|Ursaluna-Bloodmoon, M|\n|poke|p1|Rillaboom, M|\n|poke|p1|Grimmsnarl, M|\n|poke|p1|Chi-Yu|\n|poke|p1|Cresselia, F|\n|poke|p1|Diancie|\n|poke|p2|Diancie|\n|poke|p2|Ogerpon-Wellspring, F|\n|poke|p2|Iron Hands|\n|poke|p2|Landorus-Therian, M|\n|poke|p2|Flutter Mane|\n|poke|p2|Heatran, F|\n|teampreview\n|inactive|Battle timer is ON: inactive players will automatically lose when time's up. (requested by Xrn)\n|c|\u2606Waffle2O23|gl\n|c|\u2606Xrn|u2\n|inactive|Waffle2O23 has 270 seconds left.\n|inactive|Xrn has 270 seconds left.\n|j| F3rrari450\n|j| Lunarr\n|j| insane goob\n|j| Charmdi\n|inactive|Xrn has 240 seconds left.\n|j|+zee\n|j| Jello1231\n|\n|t:|1699206565\n|start\n|switch|p1a: Chi-Yu|Chi-Yu|100\/100\n|switch|p1b: Rillaboom|Rillaboom, M|100\/100\n|switch|p2a: Heatran|Heatran, F, shiny|100\/100\n|switch|p2b: Ogerpon|Ogerpon-Wellspring, F|100\/100\n|-ability|p1a: Chi-Yu|Beads of Ruin\n|-fieldstart|move: Grassy Terrain|[from] ability: Grassy Surge|[of] p1b: Rillaboom\n|-enditem|p1a: Chi-Yu|Grassy Seed\n|-boost|p1a: Chi-Yu|def|1|[from] item: Grassy Seed\n|turn|1\n|j|+Arcticblast\n|inactive|Waffle2O23 has 270 seconds left.\n|inactive|Xrn has 270 seconds left.\n|j| Amaranth\n|j| LoSconosciuto\n|inactive|Waffle2O23 has 240 seconds left.\n|j| Ninja\n|j|+Yoda2798\n|j|+zoe\n|l| LoSconosciuto\n|inactive|Xrn has 240 seconds left.\n|\n|t:|1699206651\n|move|p1b: Rillaboom|Fake Out|p2b: Ogerpon\n|-damage|p2b: Ogerpon|84\/100\n|cant|p2b: Ogerpon|flinch\n|move|p1a: Chi-Yu|Heat Wave|p2a: Heatran|[spread] p2b\n|-start|p2a: Heatran|ability: Flash Fire\n|-damage|p2b: Ogerpon|33\/100\n|move|p2a: Heatran|Will-O-Wisp|p1b: Rillaboom|[miss]\n|-miss|p2a: Heatran|p1b: Rillaboom\n|\n|-heal|p2b: Ogerpon|39\/100|[from] Grassy Terrain\n|upkeep\n|turn|2\n|j| theyummybagel\n|j|+paolode99\n|inactive|Xrn has 240 seconds left.\n|j| Entrocefalo\n|inactive|Waffle2O23 has 210 seconds left.\n|j| dinciu patata\n|j| LoSconosciuto\n|inactive|Xrn has 210 seconds left.\n|j| MADARAAAA\n|\n|t:|1699206704\n|switch|p2b: Iron Hands|Iron Hands|100\/100\n|move|p1a: Chi-Yu|Psychic|p2a: Heatran\n|-resisted|p2a: Heatran\n|-damage|p2a: Heatran|84\/100\n|move|p1b: Rillaboom|High Horsepower|p2a: Heatran\n|-supereffective|p2a: Heatran\n|-damage|p2a: Heatran|0 fnt\n|faint|p2a: Heatran\n|\n|upkeep\n|inactive|Xrn has 210 seconds left.\n|j| Papiloco\n|l| LoSconosciuto\n|c|\u2606Xrn|yea\n|c|\u2606Xrn|unlucky\n|c|\u2606Waffle2O23|well\n|c|\u2606Waffle2O23|that worked xd\n|j| Feyette\n|c|\u2606Xrn|sure did boss\n|\n|t:|1699206738\n|switch|p2a: Diancie|Diancie|100\/100\n|turn|3\n|l|+zoe\n|j| LoSconosciuto\n|j|+zoe\n|inactive|Waffle2O23 has 210 seconds left.\n|\n|t:|1699206756\n|-terastallize|p1a: Chi-Yu|Psychic\n|move|p2b: Iron Hands|Fake Out|p1b: Rillaboom\n|-damage|p1b: Rillaboom|83\/100\n|move|p1a: Chi-Yu|Psychic|p2b: Iron Hands\n|-supereffective|p2b: Iron Hands\n|-damage|p2b: Iron Hands|35\/100\n|cant|p1b: Rillaboom|flinch\n|move|p2a: Diancie|Trick Room|p2a: Diancie\n|-fieldstart|move: Trick Room|[of] p2a: Diancie\n|\n|-heal|p2b: Iron Hands|41\/100|[from] Grassy Terrain\n|-heal|p1b: Rillaboom|89\/100|[from] Grassy Terrain\n|upkeep\n|turn|4\n|l| Feyette\n|inactive|Xrn has 210 seconds left.\n|j| Ally Switch Andy\n|c|\u2606Xrn|yea idk gg\n|c|\u2606Xrn|this was awful\n|l| LoSconosciuto\n|c|\u2606Waffle2O23|f\n|l|+zoe\n|l| Charmdi\n|inactive|Xrn has 180 seconds left.\n|j|+zoe\n|\n|t:|1699206811\n|switch|p1b: Grimmsnarl|Grimmsnarl, M|100\/100\n|-terastallize|p2b: Iron Hands|Fire\n|move|p1a: Chi-Yu|Protect|p1a: Chi-Yu\n|-singleturn|p1a: Chi-Yu|Protect\n|move|p2a: Diancie|Diamond Storm|p1b: Grimmsnarl|[spread] p1b\n|-activate|p1a: Chi-Yu|move: Protect\n|-damage|p1b: Grimmsnarl|58\/100\n|move|p2b: Iron Hands|Drain Punch|p1b: Grimmsnarl\n|-damage|p1b: Grimmsnarl|12\/100\n|-heal|p2b: Iron Hands|61\/100|[from] drain|[of] p1b: Grimmsnarl\n|\n|-heal|p2b: Iron Hands|68\/100|[from] Grassy Terrain\n|-heal|p1b: Grimmsnarl|18\/100|[from] Grassy Terrain\n|upkeep\n|turn|5\n|inactive|Waffle2O23 has 240 seconds left.\n|j| LoSconosciuto\n|j|+daawesomedude1 (\n|l| LoSconosciuto\n|inactive|Xrn has 180 seconds left.\n|\n|t:|1699206840\n|move|p1b: Grimmsnarl|Reflect|p1b: Grimmsnarl\n|-sidestart|p1: Waffle2O23|Reflect\n|move|p2a: Diancie|Diamond Storm|p1a: Chi-Yu|[spread] p1a,p1b\n|-damage|p1a: Chi-Yu|79\/100\n|-damage|p1b: Grimmsnarl|0 fnt\n|-boost|p2a: Diancie|def|2\n|faint|p1b: Grimmsnarl\n|move|p2b: Iron Hands|Heavy Slam|p1a: Chi-Yu\n|-damage|p1a: Chi-Yu|57\/100\n|move|p1a: Chi-Yu|Nasty Plot|p1a: Chi-Yu\n|-boost|p1a: Chi-Yu|spa|2\n|\n|-heal|p2b: Iron Hands|74\/100|[from] Grassy Terrain\n|-heal|p1a: Chi-Yu|63\/100|[from] Grassy Terrain\n|-fieldend|move: Grassy Terrain\n|upkeep\n|j| bd1l bongcloud\n|j| LoSconosciuto\n|\n|t:|1699206862\n|switch|p1b: Cresselia|Cresselia, F|100\/100\n|turn|6\n|inactive|Waffle2O23 has 240 seconds left.\n|l| LoSconosciuto\n|\n|t:|1699206877\n|move|p2a: Diancie|Diamond Storm|p1b: Cresselia|[spread] p1a,p1b\n|-crit|p1a: Chi-Yu\n|-damage|p1a: Chi-Yu|0 fnt\n|-damage|p1b: Cresselia|85\/100\n|-boost|p2a: Diancie|def|2\n|faint|p1a: Chi-Yu\n|move|p2b: Iron Hands|Wild Charge|p1b: Cresselia\n|-damage|p1b: Cresselia|67\/100\n|-damage|p2b: Iron Hands|69\/100|[from] Recoil\n|move|p1b: Cresselia|Lunar Blessing|p1b: Cresselia\n|-heal|p1b: Cresselia|92\/100\n|\n|upkeep\n|c|\u2606Xrn|back\n|\n|t:|1699206881\n|switch|p1a: Ursaluna|Ursaluna-Bloodmoon, M|100\/100\n|turn|7\n|c|\u2606Waffle2O23|ig\n|j| qsns\n|j| LoSconosciuto\n|l| bd1l bongcloud\n|inactive|Xrn has 210 seconds left.\n|\n|t:|1699206903\n|move|p1a: Ursaluna|Protect|p1a: Ursaluna\n|-singleturn|p1a: Ursaluna|Protect\n|move|p2a: Diancie|Body Press|p1a: Ursaluna\n|-activate|p1a: Ursaluna|move: Protect\n|move|p2b: Iron Hands|Drain Punch|p1a: Ursaluna\n|-activate|p1a: Ursaluna|move: Protect\n|move|p1b: Cresselia|Psychic|p2b: Iron Hands\n|-damage|p2b: Iron Hands|56\/100\n|\n|-fieldend|move: Trick Room\n|upkeep\n|turn|8\n|inactive|Waffle2O23 has 270 seconds left.\n|j| Ketchupplant\n|j| SingleThunder\n|l| Ketchupplant\n|\n|t:|1699206923\n|move|p1b: Cresselia|Helping Hand|p1a: Ursaluna\n|-singleturn|p1a: Ursaluna|Helping Hand|[of] p1b: Cresselia\n|move|p2a: Diancie|Protect|p2a: Diancie\n|-singleturn|p2a: Diancie|Protect\n|move|p2b: Iron Hands|Drain Punch|p1a: Ursaluna\n|-supereffective|p1a: Ursaluna\n|-damage|p1a: Ursaluna|60\/100\n|-heal|p2b: Iron Hands|74\/100|[from] drain|[of] p1a: Ursaluna\n|move|p1a: Ursaluna|Earth Power|p2a: Diancie\n|-activate|p2a: Diancie|move: Protect\n|\n|-heal|p1a: Ursaluna|66\/100|[from] item: Leftovers\n|upkeep\n|turn|9\n|inactive|Xrn has 240 seconds left.\n|\n|t:|1699206955\n|move|p1a: Ursaluna|Protect|p1a: Ursaluna\n|-singleturn|p1a: Ursaluna|Protect\n|move|p1b: Cresselia|Lunar Blessing|p1b: Cresselia|[spread] p1a,p1b\n|-heal|p1a: Ursaluna|90\/100\n|-heal|p1b: Cresselia|100\/100\n|move|p2b: Iron Hands|Drain Punch|p1a: Ursaluna\n|-activate|p1a: Ursaluna|move: Protect\n|move|p2a: Diancie|Body Press|p1a: Ursaluna\n|-activate|p1a: Ursaluna|move: Protect\n|\n|-heal|p1a: Ursaluna|97\/100|[from] item: Leftovers\n|upkeep\n|turn|10\n|l| LoSconosciuto\n|inactive|Xrn has 210 seconds left.\n|l|+zoe\n|l| insane goob\n|l| SingleThunder\n|j| SingleThunder\n|\n|t:|1699207005\n|move|p1b: Cresselia|Helping Hand|p1a: Ursaluna\n|-singleturn|p1a: Ursaluna|Helping Hand|[of] p1b: Cresselia\n|move|p2a: Diancie|Protect|p2a: Diancie\n|-singleturn|p2a: Diancie|Protect\n|move|p2b: Iron Hands|Drain Punch|p1a: Ursaluna\n|-supereffective|p1a: Ursaluna\n|-damage|p1a: Ursaluna|58\/100\n|-heal|p2b: Iron Hands|92\/100|[from] drain|[of] p1a: Ursaluna\n|move|p1a: Ursaluna|Earth Power|p2a: Diancie\n|-activate|p2a: Diancie|move: Protect\n|\n|-heal|p1a: Ursaluna|64\/100|[from] item: Leftovers\n|upkeep\n|turn|11\n|j| LoSconosciuto\n|inactive|Xrn has 210 seconds left.\n|l| LoSconosciuto\n|j| Eragon11145\n|\n|t:|1699207018\n|move|p1b: Cresselia|Helping Hand|p1a: Ursaluna\n|-singleturn|p1a: Ursaluna|Helping Hand|[of] p1b: Cresselia\n|move|p2b: Iron Hands|Drain Punch|p1a: Ursaluna\n|-supereffective|p1a: Ursaluna\n|-damage|p1a: Ursaluna|22\/100\n|-heal|p2b: Iron Hands|100\/100|[from] drain|[of] p1a: Ursaluna\n|move|p1a: Ursaluna|Earth Power|p2a: Diancie\n|-supereffective|p2a: Diancie\n|-damage|p2a: Diancie|0 fnt\n|faint|p2a: Diancie\n|\n|-heal|p1a: Ursaluna|29\/100|[from] item: Leftovers\n|upkeep\n|l| Papiloco\n|\n|t:|1699207030\n|switch|p2a: Flutter Mane|Flutter Mane|100\/100\n|-enditem|p2a: Flutter Mane|Booster Energy\n|-activate|p2a: Flutter Mane|ability: Protosynthesis|[fromitem]\n|-start|p2a: Flutter Mane|protosynthesisspe\n|turn|12\n|j| LoSconosciuto\n|l| Eragon11145\n|l| LoSconosciuto\n|j| Papiloco\n|inactive|Waffle2O23 has 270 seconds left.\n|\n|t:|1699207062\n|move|p2a: Flutter Mane|Shadow Ball|p1b: Cresselia\n|-supereffective|p1b: Cresselia\n|-damage|p1b: Cresselia|50\/100\n|move|p2b: Iron Hands|Drain Punch|p1a: Ursaluna\n|-supereffective|p1a: Ursaluna\n|-damage|p1a: Ursaluna|0 fnt\n|faint|p1a: Ursaluna\n|move|p1b: Cresselia|Trick Room|p1b: Cresselia\n|-fieldstart|move: Trick Room|[of] p1b: Cresselia\n|\n|-sideend|p1: Waffle2O23|Reflect\n|upkeep\n|inactive|Waffle2O23 has 270 seconds left.\n|\n|t:|1699207070\n|switch|p1a: Diancie|Diancie|100\/100\n|turn|13\n|inactive|Xrn has 240 seconds left.\n|j| LoSconosciuto\n|\n|t:|1699207080\n|switch|p1b: Rillaboom|Rillaboom, M|89\/100\n|-fieldstart|move: Grassy Terrain|[from] ability: Grassy Surge|[of] p1b: Rillaboom\n|move|p1a: Diancie|Protect|p1a: Diancie\n|-singleturn|p1a: Diancie|Protect\n|move|p2b: Iron Hands|Heavy Slam|p1a: Diancie\n|-activate|p1a: Diancie|move: Protect\n|move|p2a: Flutter Mane|Shadow Ball|p1b: Rillaboom\n|-crit|p1b: Rillaboom\n|-damage|p1b: Rillaboom|51\/100\n|-unboost|p1b: Rillaboom|spd|1\n|\n|-heal|p1b: Rillaboom|57\/100|[from] Grassy Terrain\n|upkeep\n|turn|14\n|j| bd1l bongcloud\n|l| LoSconosciuto\n|\n|t:|1699207099\n|-end|p2b: Iron Hands|Quark Drive|[silent]\n|switch|p2b: Ogerpon|Ogerpon-Wellspring, F|39\/100\n|move|p2a: Flutter Mane|Protect|p2a: Flutter Mane\n|-singleturn|p2a: Flutter Mane|Protect\n|move|p1b: Rillaboom|Fake Out|p2b: Ogerpon\n|-damage|p2b: Ogerpon|22\/100\n|move|p1a: Diancie|Diamond Storm|p2b: Ogerpon|[spread] p2b\n|-activate|p2a: Flutter Mane|move: Protect\n|-damage|p2b: Ogerpon|0 fnt\n|faint|p2b: Ogerpon\n|\n|-heal|p1b: Rillaboom|63\/100|[from] Grassy Terrain\n|upkeep\n|j| AIRedzone\n|\n|t:|1699207105\n|switch|p2b: Iron Hands|Iron Hands, tera:Fire|100\/100\n|turn|15\n|l| SingleThunder\n|l| bd1l bongcloud\n|j| LoSconosciuto\n|inactive|Waffle2O23 has 270 seconds left.\n|inactive|Xrn has 240 seconds left.\n|l| Ninja\n|l| LoSconosciuto\n|\n|t:|1699207160\n|switch|p1b: Cresselia|Cresselia, F|50\/100\n|-end|p2a: Flutter Mane|Protosynthesis|[silent]\n|switch|p2a: Landorus|Landorus-Therian, M, shiny|100\/100\n|-ability|p2a: Landorus|Intimidate|boost\n|-fail|p1a: Diancie|unboost|[from] ability: Clear Body|[of] p1a: Diancie\n|-unboost|p1b: Cresselia|atk|1\n|move|p1a: Diancie|Protect|p1a: Diancie\n|-singleturn|p1a: Diancie|Protect\n|move|p2b: Iron Hands|Heavy Slam|p1a: Diancie\n|-activate|p1a: Diancie|move: Protect\n|\n|upkeep\n|turn|16\n|j| bd1l bongcloud\n|j|+Mizuhime\n|l|+Mizuhime\n|inactive|Waffle2O23 has 270 seconds left.\n|j| SingleThunder\n|j| LoSconosciuto\n|l| LoSconosciuto\n|inactive|Waffle2O23 has 240 seconds left.\n|l| bd1l bongcloud\n|\n|t:|1699207225\n|move|p1b: Cresselia|Helping Hand|p1a: Diancie\n|-singleturn|p1a: Diancie|Helping Hand|[of] p1b: Cresselia\n|move|p1a: Diancie|Diamond Storm|p2b: Iron Hands|[spread] p2a,p2b\n|-supereffective|p2b: Iron Hands\n|-damage|p2a: Landorus|47\/100\n|-damage|p2b: Iron Hands|36\/100\n|-boost|p1a: Diancie|def|2\n|move|p2b: Iron Hands|Heavy Slam|p1a: Diancie\n|-supereffective|p1a: Diancie\n|-damage|p1a: Diancie|31\/100\n|-enditem|p1a: Diancie|Weakness Policy\n|-boost|p1a: Diancie|atk|2|[from] item: Weakness Policy\n|-boost|p1a: Diancie|spa|2|[from] item: Weakness Policy\n|move|p2a: Landorus|U-turn|p1b: Cresselia\n|-supereffective|p1b: Cresselia\n|-damage|p1b: Cresselia|22\/100\n|j| Charmdi\n|j| uwu kittycat\n|\n|t:|1699207230\n|switch|p2a: Flutter Mane|Flutter Mane|100\/100|[from] U-turn\n|\n|-heal|p1a: Diancie|37\/100|[from] Grassy Terrain\n|-heal|p2b: Iron Hands|43\/100|[from] Grassy Terrain\n|-fieldend|move: Trick Room\n|upkeep\n|turn|17\n|inactive|Xrn has 240 seconds left.\n|j| LoSconosciuto\n|inactive|Waffle2O23 has 240 seconds left.\n|l| LoSconosciuto\n|inactive|Xrn has 210 seconds left.\n|j|+Mada\n|j| LoSconosciuto\n|l| LoSconosciuto\n|inactive|Xrn has 180 seconds left.\n|j| tpnvgc\n|j| LoSconosciuto\n|c| SingleThunder|Go XRN\n|inactive|Xrn has 150 seconds left.\n|j| IN WAFFLE WE TRUST\n|l| LoSconosciuto\n|inactive|Xrn has 120 seconds left.\n|\n|t:|1699207363\n|move|p1a: Diancie|Protect|p1a: Diancie\n|-singleturn|p1a: Diancie|Protect\n|move|p2a: Flutter Mane|Shadow Ball|p1b: Cresselia\n|-supereffective|p1b: Cresselia\n|-damage|p1b: Cresselia|0 fnt\n|faint|p1b: Cresselia\n|move|p2b: Iron Hands|Heavy Slam|p1a: Diancie\n|-activate|p1a: Diancie|move: Protect\n|\n|-heal|p2b: Iron Hands|49\/100|[from] Grassy Terrain\n|-heal|p1a: Diancie|43\/100|[from] Grassy Terrain\n|-fieldend|move: Grassy Terrain\n|upkeep\n|\n|t:|1699207367\n|switch|p1b: Rillaboom|Rillaboom, M|63\/100\n|-fieldstart|move: Grassy Terrain|[from] ability: Grassy Surge|[of] p1b: Rillaboom\n|turn|18\n|j| LoSconosciuto\n|inactive|Waffle2O23 has 240 seconds left.\n|j|+zoe\n|j| bd1l bongcloud\n|inactive|Xrn has 120 seconds left.\n|j| insane goob\n|inactive|Xrn has 90 seconds left.\n|\n|t:|1699207441\n|-end|p2b: Iron Hands|Quark Drive|[silent]\n|switch|p2b: Landorus|Landorus-Therian, M, shiny|47\/100\n|-ability|p2b: Landorus|Intimidate|boost\n|-fail|p1a: Diancie|unboost|[from] ability: Clear Body|[of] p1a: Diancie\n|-unboost|p1b: Rillaboom|atk|1\n|move|p1b: Rillaboom|Fake Out|p2b: Landorus\n|-damage|p2b: Landorus|36\/100\n|move|p2a: Flutter Mane|Moonblast|p1a: Diancie\n|-damage|p1a: Diancie|12\/100\n|move|p1a: Diancie|Trick Room|p1a: Diancie\n|-fieldstart|move: Trick Room|[of] p1a: Diancie\n|\n|-heal|p1a: Diancie|18\/100|[from] Grassy Terrain\n|-heal|p1b: Rillaboom|70\/100|[from] Grassy Terrain\n|upkeep\n|turn|19\n|inactive|Xrn has 90 seconds left.\n|inactive|Waffle2O23 has 210 seconds left.\n|l| LoSconosciuto\n|\n|t:|1699207500\n|move|p1a: Diancie|Protect|p1a: Diancie\n|-singleturn|p1a: Diancie|Protect\n|move|p2a: Flutter Mane|Protect|p2a: Flutter Mane\n|-singleturn|p2a: Flutter Mane|Protect\n|move|p1b: Rillaboom|Grassy Glide|p2a: Flutter Mane\n|-activate|p2a: Flutter Mane|move: Protect\n|move|p2b: Landorus|Stomping Tantrum|p1a: Diancie\n|-activate|p1a: Diancie|move: Protect\n|\n|-heal|p1a: Diancie|24\/100|[from] Grassy Terrain\n|-heal|p1b: Rillaboom|76\/100|[from] Grassy Terrain\n|upkeep\n|turn|20\n|j| LoSconosciuto\n|inactive|Xrn has 90 seconds left.\n|j| Seroo\n|l| LoSconosciuto\n|\n|t:|1699207541\n|move|p1b: Rillaboom|Grassy Glide|p2a: Flutter Mane\n|-damage|p2a: Flutter Mane|54\/100\n|move|p1a: Diancie|Diamond Storm|p2a: Flutter Mane|[spread] p2a,p2b\n|-damage|p2a: Flutter Mane|0 fnt\n|-damage|p2b: Landorus|0 fnt\n|faint|p2a: Flutter Mane\n|-end|p2a: Flutter Mane|Protosynthesis|[silent]\n|faint|p2b: Landorus\n|\n|-heal|p1a: Diancie|30\/100|[from] Grassy Terrain\n|-heal|p1b: Rillaboom|82\/100|[from] Grassy Terrain\n|upkeep\n|\n|t:|1699207544\n|switch|p2b: Iron Hands|Iron Hands, tera:Fire|49\/100\n|turn|21\n|j| LoSconosciuto\n|n| Seroo@!|seroo\n|inactive|Waffle2O23 has 210 seconds left.\n|n| seroo@!|seroo\n|\n|t:|1699207553\n|move|p1a: Diancie|Diamond Storm|p2b: Iron Hands\n|-supereffective|p2b: Iron Hands\n|-damage|p2b: Iron Hands|0 fnt\n|-boost|p1a: Diancie|def|2\n|faint|p2b: Iron Hands\n|-end|p2b: Iron Hands|Quark Drive|[silent]\n|\n|win|Waffle2O23\n|c|\u2606Xrn|Yea gg\n|l|+Arcticblast\n|l|\u2606Xrn\n|l| Charmdi\n|l| MADARAAAA\n|l| bd1l bongcloud\n|l| IN WAFFLE WE TRUST\n|l| SingleThunder\n|l| seroo\n|l| insane goob\n|l| Papiloco\n|l|+paolode99\n|l|+daawesomedude1 (\n|l| tpnvgc\n|l|+zoe\n|l| Lunarr\n|l| LoSconosciuto\n|l| Entrocefalo\n|l| Ally Switch Andy\n|l| Amaranth\n|j|\u2606Xrn\n|player|p2|Xrn|#puplixmaadcitymagmortars\n|l| F3rrari450\n","uploadtime":1699207847,"views":174,"p1id":"waffle2o23","p2id":"xrn","formatid":"gen9doublesou","rating":0,"private":0,"password":""}