{"id":"gen9doublesou-1989351597","p1":"BlizzardWolf619","p2":"Xitzel","format":"[Gen 9] Doubles OU","log":"|j|\u2606BlizzardWolf619\n|j|\u2606Xitzel\n|t:|1699839597\n|gametype|doubles\n|player|p1|BlizzardWolf619|skier|1148\n|player|p2|Xitzel|cheren-gen5bw2|1058\n|teamsize|p1|6\n|teamsize|p2|6\n|gen|9\n|tier|[Gen 9] Doubles OU\n|rated|\n|rule|Species Clause: Limit one of each Pok\u00e9mon\n|rule|OHKO Clause: OHKO moves are banned\n|rule|Evasion Moves Clause: Evasion moves are banned\n|rule|Gravity Sleep Clause: The combination of sleep-inducing moves with imperfect accuracy and Gravity or Gigantamax Orbeetle are banned\n|rule|Endless Battle Clause: Forcing endless battles is banned\n|rule|HP Percentage Mod: HP is shown in percentages\n|clearpoke\n|poke|p1|Skeledirge, M|\n|poke|p1|Ninetales-Alola, F|\n|poke|p1|Toxapex, M|\n|poke|p1|Grimmsnarl, M|\n|poke|p1|Meowscarada, F|\n|poke|p1|Baxcalibur, F|\n|poke|p2|Conkeldurr, M|\n|poke|p2|Oranguru, F|\n|poke|p2|Torkoal, M|\n|poke|p2|Gastrodon, F|\n|poke|p2|Mimikyu, F|\n|poke|p2|Garganacl, F|\n|teampreview\n|\n|t:|1699839618\n|start\n|switch|p1a: The Grim|Grimmsnarl, M, shiny|100\/100\n|switch|p1b: Aurora|Ninetales-Alola, F, shiny|100\/100\n|switch|p2a: The Mimik|Mimikyu, F|100\/100\n|switch|p2b: Galio|Garganacl, F|100\/100\n|-weather|Snow|[from] ability: Snow Warning|[of] p1b: Aurora\n|turn|1\n|\n|t:|1699839636\n|switch|p2b: George :D|Torkoal, M|100\/100\n|-weather|SunnyDay|[from] ability: Drought|[of] p2b: George :D\n|move|p1a: The Grim|Taunt|p2a: The Mimik\n|-start|p2a: The Mimik|move: Taunt\n|move|p1b: Aurora|Aurora Veil||[still]\n|-fail|p1b: Aurora\n|cant|p2a: The Mimik|move: Taunt|Trick Room\n|\n|-weather|SunnyDay|[upkeep]\n|upkeep\n|turn|2\n|\n|t:|1699839684\n|switch|p1b: Master Croc|Skeledirge, M, shiny|100\/100\n|move|p1a: The Grim|Parting Shot|p2a: The Mimik\n|-unboost|p2a: The Mimik|atk|1\n|-unboost|p2a: The Mimik|spa|1\n|\n|t:|1699839694\n|switch|p1a: Aurora|Ninetales-Alola, F, shiny|100\/100|[from] Parting Shot\n|-weather|Snow|[from] ability: Snow Warning|[of] p1a: Aurora\n|move|p2a: The Mimik|Play Rough|p1a: Aurora\n|-damage|p1a: Aurora|80\/100\n|move|p2b: George :D|Heat Wave|p1b: Master Croc|[spread] p1a,p1b\n|-supereffective|p1a: Aurora\n|-resisted|p1b: Master Croc\n|-damage|p1a: Aurora|23\/100\n|-damage|p1b: Master Croc|87\/100\n|\n|-weather|Snow|[upkeep]\n|-heal|p1b: Master Croc|93\/100|[from] item: Leftovers\n|upkeep\n|turn|3\n|c|\u2606Xitzel|That was really smart\n|\n|t:|1699839727\n|switch|p2a: Rafiki|Oranguru, F|100\/100\n|switch|p2b: Galio|Garganacl, F|100\/100\n|move|p1a: Aurora|Aurora Veil|p1a: Aurora\n|-sidestart|p1: BlizzardWolf619|move: Aurora Veil\n|move|p1b: Master Croc|Will-O-Wisp|p2a: Rafiki\n|-status|p2a: Rafiki|brn\n|\n|-weather|Snow|[upkeep]\n|-heal|p1b: Master Croc|99\/100|[from] item: Leftovers\n|-damage|p2a: Rafiki|94\/100 brn|[from] brn\n|upkeep\n|turn|4\n|c|\u2606BlizzardWolf619|Ty :)\n|\n|t:|1699839780\n|-terastallize|p1a: Aurora|Ground\n|move|p1a: Aurora|Tera Blast|p2b: Galio|[anim] Tera Blast Ground\n|-supereffective|p2b: Galio\n|-damage|p2b: Galio|65\/100\n|move|p1b: Master Croc|Torch Song|p2a: Rafiki\n|-crit|p2a: Rafiki\n|-damage|p2a: Rafiki|48\/100 brn\n|-boost|p1b: Master Croc|spa|1\n|move|p2a: Rafiki|Instruct||[still]\n|-fail|p2a: Rafiki\n|move|p2b: Galio|Earthquake|p1b: Master Croc|[spread] p1a,p1b\n|-activate|p2a: Rafiki|ability: Telepathy\n|-supereffective|p1b: Master Croc\n|-damage|p1a: Aurora|6\/100\n|-damage|p1b: Master Croc|80\/100\n|\n|-weather|Snow|[upkeep]\n|-heal|p1b: Master Croc|86\/100|[from] item: Leftovers\n|-damage|p2a: Rafiki|42\/100 brn|[from] brn\n|upkeep\n|turn|5\n|\n|t:|1699839811\n|move|p1a: Aurora|Tera Blast|p2b: Galio|[anim] Tera Blast Ground\n|-supereffective|p2b: Galio\n|-damage|p2b: Galio|28\/100\n|move|p1b: Master Croc|Torch Song|p2a: Rafiki\n|-damage|p2a: Rafiki|0 fnt\n|-boost|p1b: Master Croc|spa|1\n|faint|p2a: Rafiki\n|move|p2b: Galio|Salt Cure|p1a: Aurora\n|-resisted|p1a: Aurora\n|-damage|p1a: Aurora|0 fnt\n|faint|p1a: Aurora\n|\n|-weather|Snow|[upkeep]\n|-heal|p1b: Master Croc|92\/100|[from] item: Leftovers\n|upkeep\n|\n|t:|1699839831\n|switch|p1a: Petals|Meowscarada, F, shiny|100\/100\n|switch|p2a: The Mimik|Mimikyu, F|100\/100\n|turn|6\n|\n|t:|1699839852\n|switch|p2b: George :D|Torkoal, M|100\/100\n|-weather|SunnyDay|[from] ability: Drought|[of] p2b: George :D\n|move|p1a: Petals|U-turn|p2b: George :D\n|-start|p1a: Petals|typechange|Bug|[from] ability: Protean\n|-resisted|p2b: George :D\n|-damage|p2b: George :D|84\/100\n|\n|t:|1699839861\n|switch|p1a: The Grim|Grimmsnarl, M, shiny|100\/100|[from] U-turn\n|move|p1b: Master Croc|Shadow Ball|p2a: The Mimik\n|-activate|p2a: The Mimik|ability: Disguise\n|-damage|p2a: The Mimik|100\/100\n|detailschange|p2a: The Mimik|Mimikyu-Busted, F\n|-damage|p2a: The Mimik|88\/100|[from] pokemon: Mimikyu-Busted\n|move|p2a: The Mimik|Trick Room|p2a: The Mimik\n|-fieldstart|move: Trick Room|[of] p2a: The Mimik\n|-enditem|p2a: The Mimik|Room Service\n|-unboost|p2a: The Mimik|spe|1|[from] item: Room Service\n|\n|-weather|SunnyDay|[upkeep]\n|-heal|p1b: Master Croc|98\/100|[from] item: Leftovers\n|upkeep\n|turn|7\n|\n|t:|1699839904\n|move|p1a: The Grim|Parting Shot|p2a: The Mimik\n|-unboost|p2a: The Mimik|atk|1\n|-unboost|p2a: The Mimik|spa|1\n|\n|t:|1699839910\n|switch|p1a: Stop right there.|Toxapex, M, shiny|100\/100|[from] Parting Shot\n|move|p2b: George :D|Earth Power|p1b: Master Croc\n|-supereffective|p1b: Master Croc\n|-damage|p1b: Master Croc|67\/100\n|-unboost|p1b: Master Croc|spd|1\n|move|p2a: The Mimik|Play Rough|p1b: Master Croc\n|-resisted|p1b: Master Croc\n|-damage|p1b: Master Croc|58\/100\n|move|p1b: Master Croc|Shadow Ball|p2a: The Mimik\n|-supereffective|p2a: The Mimik\n|-damage|p2a: The Mimik|0 fnt\n|faint|p2a: The Mimik\n|\n|-weather|SunnyDay|[upkeep]\n|-heal|p1b: Master Croc|64\/100|[from] item: Leftovers\n|upkeep\n|\n|t:|1699839936\n|switch|p2a: Galio|Garganacl, F|28\/100\n|turn|8\n|\n|t:|1699839961\n|move|p1a: Stop right there.|Baneful Bunker|p1a: Stop right there.\n|-singleturn|p1a: Stop right there.|move: Protect\n|move|p2b: George :D|Earth Power|p1b: Master Croc\n|-supereffective|p1b: Master Croc\n|-damage|p1b: Master Croc|19\/100\n|move|p2a: Galio|Salt Cure|p1a: Stop right there.\n|-activate|p1a: Stop right there.|move: Protect\n|move|p1b: Master Croc|Shadow Ball|p2a: Galio\n|-damage|p2a: Galio|5\/100\n|\n|-weather|SunnyDay|[upkeep]\n|-heal|p1b: Master Croc|25\/100|[from] item: Leftovers\n|upkeep\n|turn|9\n|\n|t:|1699840001\n|switch|p2a: Fate|Gastrodon, F|100\/100\n|move|p2b: George :D|Earth Power|p1b: Master Croc\n|-supereffective|p1b: Master Croc\n|-damage|p1b: Master Croc|0 fnt\n|faint|p1b: Master Croc\n|move|p1a: Stop right there.|Toxic|p2b: George :D\n|-status|p2b: George :D|tox\n|\n|-weather|SunnyDay|[upkeep]\n|-damage|p2b: George :D|78\/100 tox|[from] psn\n|upkeep\n|\n|t:|1699840016\n|switch|p1b: Petals|Meowscarada, F, shiny|100\/100\n|turn|10\n|\n|t:|1699840035\n|move|p2a: Fate|Protect|p2a: Fate\n|-singleturn|p2a: Fate|Protect\n|move|p2b: George :D|Heat Wave|p1a: Stop right there.|[spread] p1a,p1b\n|-resisted|p1a: Stop right there.\n|-supereffective|p1b: Petals\n|-damage|p1a: Stop right there.|93\/100\n|-damage|p1b: Petals|20\/100\n|move|p1a: Stop right there.|Toxic|p2a: Fate\n|-activate|p2a: Fate|move: Protect\n|move|p1b: Petals|U-turn|p2a: Fate\n|-start|p1b: Petals|typechange|Bug|[from] ability: Protean\n|-activate|p2a: Fate|move: Protect\n|\n|-weather|none\n|-heal|p1a: Stop right there.|99\/100|[from] item: Black Sludge\n|-damage|p2b: George :D|66\/100 tox|[from] psn\n|-sideend|p1: BlizzardWolf619|move: Aurora Veil\n|-fieldend|move: Trick Room\n|upkeep\n|turn|11\n|\n|t:|1699840062\n|move|p1b: Petals|U-turn|p2a: Fate\n|-damage|p2a: Fate|43\/100\n|\n|t:|1699840068\n|switch|p1b: Frigi|Baxcalibur, F, shiny|100\/100|[from] U-turn\n|move|p2a: Fate|Earth Power|p1a: Stop right there.\n|-supereffective|p1a: Stop right there.\n|-damage|p1a: Stop right there.|52\/100\n|move|p1a: Stop right there.|Toxic|p2a: Fate\n|-status|p2a: Fate|tox\n|move|p2b: George :D|Heat Wave|p1a: Stop right there.|[spread] p1a,p1b\n|-resisted|p1a: Stop right there.\n|-damage|p1a: Stop right there.|44\/100\n|-damage|p1b: Frigi|76\/100\n|-ability|p1b: Frigi|Thermal Exchange|boost\n|-boost|p1b: Frigi|atk|1\n|\n|-heal|p1a: Stop right there.|50\/100|[from] item: Black Sludge\n|-damage|p2a: Fate|37\/100 tox|[from] psn\n|-damage|p2b: George :D|48\/100 tox|[from] psn\n|upkeep\n|turn|12\n|\n|t:|1699840100\n|switch|p1a: Petals|Meowscarada, F, shiny|20\/100\n|switch|p2b: Chamba|Conkeldurr, M|100\/100\n|move|p1b: Frigi|Earthquake|p2b: Chamba|[spread] p1a,p2a,p2b\n|-resisted|p1a: Petals\n|-damage|p1a: Petals|0 fnt\n|-damage|p2a: Fate|0 fnt\n|-damage|p2b: Chamba|55\/100\n|faint|p1a: Petals\n|faint|p2a: Fate\n|-damage|p1b: Frigi|66\/100|[from] item: Life Orb\n|\n|upkeep\n|\n|t:|1699840118\n|switch|p1a: The Grim|Grimmsnarl, M, shiny|100\/100\n|switch|p2a: George :D|Torkoal, M|48\/100 tox\n|-weather|SunnyDay|[from] ability: Drought|[of] p2a: George :D\n|turn|13\n|\n|t:|1699840169\n|move|p2b: Chamba|Wide Guard|p2b: Chamba\n|-singleturn|p2b: Chamba|Wide Guard\n|move|p1a: The Grim|Reflect|p1a: The Grim\n|-sidestart|p1: BlizzardWolf619|Reflect\n|move|p1b: Frigi|Earthquake|p2a: George :D|[spread] p1a\n|-activate|p2a: George :D|move: Wide Guard\n|-activate|p2b: Chamba|move: Wide Guard\n|-damage|p1a: The Grim|55\/100\n|-damage|p1b: Frigi|56\/100|[from] item: Life Orb\n|move|p2a: George :D|Heat Wave|p1b: Frigi|[spread] p1a\n|-miss|p2a: George :D|p1b: Frigi\n|-damage|p1a: The Grim|27\/100\n|\n|-weather|SunnyDay|[upkeep]\n|-damage|p2a: George :D|42\/100 tox|[from] psn\n|upkeep\n|turn|14\n|\n|t:|1699840204\n|move|p1a: The Grim|Light Screen|p1a: The Grim\n|-sidestart|p1: BlizzardWolf619|move: Light Screen\n|move|p1b: Frigi|Glaive Rush|p2b: Chamba\n|-damage|p2b: Chamba|0 fnt\n|-singlemove|p1b: Frigi|Glaive Rush|[silent]\n|faint|p2b: Chamba\n|-damage|p1b: Frigi|46\/100|[from] item: Life Orb\n|move|p2a: George :D|Heat Wave|p1b: Frigi|[spread] p1b\n|-miss|p2a: George :D|p1a: The Grim\n|-damage|p1b: Frigi|0 fnt\n|faint|p1b: Frigi\n|\n|-weather|SunnyDay|[upkeep]\n|-damage|p2a: George :D|30\/100 tox|[from] psn\n|upkeep\n|\n|t:|1699840219\n|switch|p1b: Stop right there.|Toxapex, M, shiny|84\/100\n|switch|p2b: Galio|Garganacl, F|5\/100\n|turn|15\n|\n|t:|1699840235\n|-terastallize|p2a: George :D|Grass\n|move|p1b: Stop right there.|Baneful Bunker|p1b: Stop right there.\n|-singleturn|p1b: Stop right there.|move: Protect\n|move|p2a: George :D|Protect|p2a: George :D\n|-singleturn|p2a: George :D|Protect\n|move|p1a: The Grim|Taunt|p2b: Galio\n|-start|p2b: Galio|move: Taunt\n|move|p2b: Galio|Explosion|p1a: The Grim|[spread] p1a\n|-activate|p2a: George :D|move: Protect\n|-activate|p1b: Stop right there.|move: Protect\n|-damage|p1a: The Grim|0 fnt\n|faint|p2b: Galio\n|faint|p1a: The Grim\n|\n|-weather|SunnyDay|[upkeep]\n|-heal|p1b: Stop right there.|90\/100|[from] item: Black Sludge\n|-damage|p2a: George :D|11\/100 tox|[from] psn\n|upkeep\n|turn|16\n|\n|t:|1699840257\n|move|p1b: Stop right there.|Recover|p1b: Stop right there.\n|-heal|p1b: Stop right there.|100\/100\n|move|p2a: George :D|Solar Beam||[still]\n|-prepare|p2a: George :D|Solar Beam\n|-anim|p2a: George :D|Solar Beam|p1b: Stop right there.\n|-damage|p1b: Stop right there.|82\/100\n|\n|-weather|SunnyDay|[upkeep]\n|-heal|p1b: Stop right there.|88\/100|[from] item: Black Sludge\n|-damage|p2a: George :D|0 fnt|[from] psn\n|faint|p2a: George :D\n|\n|win|BlizzardWolf619\n|upkeep\n|raw|BlizzardWolf619's rating: 1148 &rarr; <strong>1167<\/strong><br \/>(+19 for winning)\n|raw|Xitzel's rating: 1058 &rarr; <strong>1044<\/strong><br \/>(-14 for losing)\n|c|\u2606Xitzel|Gg :;\n|c|\u2606BlizzardWolf619|Gg\n|l|\u2606Xitzel\n","uploadtime":1699840285,"views":21,"p1id":"blizzardwolf619","p2id":"xitzel","formatid":"gen9doublesou","rating":1044,"private":0,"password":""}