{"id":"gen9doublesou-1998954675","p1":"luisin","p2":"qian333mo","format":"[Gen 9] Doubles OU","log":"|j|\u2606luisin\n|j|\u203dqian333mo\n|t:|1701017354\n|gametype|doubles\n|player|p1|luisin|#rbtt6teamyveltalf|\n|player|p2|qian333mo|102|\n|teamsize|p1|6\n|teamsize|p2|6\n|gen|9\n|tier|[Gen 9] Doubles OU\n|rule|Species Clause: Limit one of each Pok\u00e9mon\n|rule|OHKO Clause: OHKO moves are banned\n|rule|Evasion Moves Clause: Evasion moves are banned\n|rule|Gravity Sleep Clause: The combination of sleep-inducing moves with imperfect accuracy and Gravity or Gigantamax Orbeetle are banned\n|rule|Endless Battle Clause: Forcing endless battles is banned\n|rule|HP Percentage Mod: HP is shown in percentages\n|clearpoke\n|poke|p1|Landorus-Therian, M|\n|poke|p1|Iron Hands|\n|poke|p1|Ogerpon-Wellspring, F|\n|poke|p1|Chi-Yu|\n|poke|p1|Flutter Mane|\n|poke|p1|Indeedee-F, F|\n|poke|p2|Ogerpon-Hearthflame, F|\n|poke|p2|Kingambit, M|\n|poke|p2|Flutter Mane|\n|poke|p2|Iron Hands|\n|poke|p2|Basculegion-F, F|\n|poke|p2|Tornadus, M|\n|teampreview\n|inactive|Battle timer is ON: inactive players will automatically lose when time's up. (requested by luisin)\n|c|\u2606luisin|hf\n|inactive|luisin has 270 seconds left.\n|inactive|qian333mo has 270 seconds left.\n|j| Yoshino Himekawa\n|j|+edgar\n|j| library32\n|j|+sundays.n_sundaes\n|j| lezhengzhuzhu\n|j|+Yoda2798\n|j| theyummybagel\n|j| Schister\n|j| Peter Pan GC\n|inactive|qian333mo has 240 seconds left.\n|j|+ILoveMashing\n|\n|t:|1701017439\n|start\n|switch|p1a: Iron Hands|Iron Hands|100\/100\n|switch|p1b: Ogerpon|Ogerpon-Wellspring, F|100\/100\n|switch|p2a: Iron Hands|Iron Hands|100\/100\n|switch|p2b: Kingambit|Kingambit, M|100\/100\n|turn|1\n|j| Sydney Sweeney\n|inactive|qian333mo has 270 seconds left.\n|j| Enzonana\n|\n|t:|1701017489\n|switch|p2b: Tornadus|Tornadus, M|100\/100\n|move|p2a: Iron Hands|Fake Out|p1b: Ogerpon\n|-damage|p1b: Ogerpon|86\/100\n|cant|p1b: Ogerpon|flinch\n|move|p1a: Iron Hands|Swords Dance|p1a: Iron Hands\n|-boost|p1a: Iron Hands|atk|2\n|\n|upkeep\n|turn|2\n|inactive|qian333mo has 270 seconds left.\n|\n|t:|1701017510\n|move|p1b: Ogerpon|Spiky Shield|p1b: Ogerpon\n|-singleturn|p1b: Ogerpon|move: Protect\n|move|p2b: Tornadus|Taunt|p1a: Iron Hands\n|-start|p1a: Iron Hands|move: Taunt\n|move|p2a: Iron Hands|Wild Charge|p1b: Ogerpon\n|-activate|p1b: Ogerpon|move: Protect\n|-damage|p2a: Iron Hands|88\/100|[from] Spiky Shield|[of] p1b: Ogerpon\n|move|p1a: Iron Hands|Thunder Punch|p2b: Tornadus\n|-supereffective|p2b: Tornadus\n|-damage|p2b: Tornadus|0 fnt\n|faint|p2b: Tornadus\n|\n|upkeep\n|j| eric versus\u30c4\n|inactive|qian333mo has 240 seconds left.\n|\n|t:|1701017536\n|switch|p2b: Flutter Mane|Flutter Mane|100\/100\n|-enditem|p2b: Flutter Mane|Booster Energy\n|-activate|p2b: Flutter Mane|ability: Protosynthesis|[fromitem]\n|-start|p2b: Flutter Mane|protosynthesisspe\n|turn|3\n|j| Akaru Kokuyo\u3075\u308f\n|inactive|qian333mo has 240 seconds left.\n|inactive|luisin has 270 seconds left.\n|\n|t:|1701017584\n|-end|p2a: Iron Hands|Quark Drive|[silent]\n|switch|p2a: Basculegion|Basculegion-F, F|100\/100\n|-terastallize|p1a: Iron Hands|Fire\n|move|p2b: Flutter Mane|Protect|p2b: Flutter Mane\n|-singleturn|p2b: Flutter Mane|Protect\n|move|p1b: Ogerpon|Ivy Cudgel|p2a: Basculegion|[anim] Ivy Cudgel Water\n|-resisted|p2a: Basculegion\n|-damage|p2a: Basculegion|67\/100\n|move|p1a: Iron Hands|Thunder Punch|p2b: Flutter Mane\n|-activate|p2b: Flutter Mane|move: Protect\n|\n|upkeep\n|turn|4\n|inactive|qian333mo has 240 seconds left.\n|j| Rooxool\n|\n|t:|1701017614\n|move|p1b: Ogerpon|Follow Me|p1b: Ogerpon\n|-singleturn|p1b: Ogerpon|move: Follow Me\n|move|p2b: Flutter Mane|Shadow Ball|p1b: Ogerpon\n|-damage|p1b: Ogerpon|48\/100\n|move|p2a: Basculegion|Wave Crash|p1b: Ogerpon\n|-heal|p1b: Ogerpon|73\/100|[from] ability: Water Absorb|[of] p2a: Basculegion\n|move|p1a: Iron Hands|Thunder Punch|p2b: Flutter Mane\n|-damage|p2b: Flutter Mane|0 fnt\n|faint|p2b: Flutter Mane\n|-end|p2b: Flutter Mane|Protosynthesis|[silent]\n|\n|-end|p1a: Iron Hands|move: Taunt\n|upkeep\n|l| Rooxool\n|j| Rooxool\n|l| Rooxool\n|j| Rooxool\n|inactive|qian333mo has 210 seconds left.\n|j| ratpacker\n|\n|t:|1701017648\n|switch|p2b: Iron Hands|Iron Hands|88\/100\n|turn|5\n|inactive|qian333mo has 210 seconds left.\n|\n|t:|1701017677\n|move|p1b: Ogerpon|Spiky Shield|p1b: Ogerpon\n|-singleturn|p1b: Ogerpon|move: Protect\n|move|p1a: Iron Hands|Protect|p1a: Iron Hands\n|-singleturn|p1a: Iron Hands|Protect\n|move|p2b: Iron Hands|Fake Out|p1b: Ogerpon\n|-activate|p1b: Ogerpon|move: Protect\n|-damage|p2b: Iron Hands|76\/100|[from] Spiky Shield|[of] p1b: Ogerpon\n|move|p2a: Basculegion|Wave Crash|p1a: Iron Hands\n|-activate|p1a: Iron Hands|move: Protect\n|\n|upkeep\n|turn|6\n|j| The Faier\n|\n|t:|1701017701\n|switch|p2a: Ogerpon|Ogerpon-Hearthflame, F|100\/100\n|-ability|p2a: Ogerpon|Mold Breaker\n|move|p1b: Ogerpon|Follow Me|p1b: Ogerpon\n|-singleturn|p1b: Ogerpon|move: Follow Me\n|move|p2b: Iron Hands|Drain Punch|p1b: Ogerpon\n|-damage|p1b: Ogerpon|32\/100\n|-heal|p2b: Iron Hands|91\/100|[from] drain|[of] p1b: Ogerpon\n|move|p1a: Iron Hands|Drain Punch|p2b: Iron Hands\n|-damage|p2b: Iron Hands|43\/100\n|\n|upkeep\n|turn|7\n|j| AmoghOp(\n|l| Rooxool\n|j| steelpupa\n|j|+Actuarily\n|l|+ILoveMashing\n|\n|t:|1701017724\n|switch|p1b: Landorus|Landorus-Therian, M|100\/100\n|-ability|p1b: Landorus|Intimidate|boost\n|-unboost|p2a: Ogerpon|atk|1\n|-unboost|p2b: Iron Hands|atk|1\n|move|p2a: Ogerpon|Wood Hammer|p1b: Landorus\n|-damage|p1b: Landorus|46\/100\n|-damage|p2a: Ogerpon|81\/100|[from] Recoil\n|move|p2b: Iron Hands|Drain Punch|p1a: Iron Hands\n|-damage|p1a: Iron Hands|84\/100\n|-heal|p2b: Iron Hands|52\/100|[from] drain|[of] p1a: Iron Hands\n|move|p1a: Iron Hands|Swords Dance|p1a: Iron Hands\n|-boost|p1a: Iron Hands|atk|2\n|\n|upkeep\n|turn|8\n|inactive|qian333mo has 240 seconds left.\n|l| AmoghOp(\n|j|+ILoveMashing\n|\n|t:|1701017754\n|-end|p2b: Iron Hands|Quark Drive|[silent]\n|switch|p2b: Basculegion|Basculegion-F, F|67\/100\n|move|p1b: Landorus|Stomping Tantrum|p2b: Basculegion\n|-damage|p2b: Basculegion|10\/100\n|move|p2a: Ogerpon|Wood Hammer|p1b: Landorus\n|-damage|p1b: Landorus|0 fnt\n|faint|p1b: Landorus\n|-damage|p2a: Ogerpon|64\/100|[from] Recoil\n|move|p1a: Iron Hands|Drain Punch|p2a: Ogerpon\n|-damage|p2a: Ogerpon|0 fnt\n|-heal|p1a: Iron Hands|100\/100|[from] drain|[of] p2a: Ogerpon\n|faint|p2a: Ogerpon\n|\n|upkeep\n|inactive|qian333mo has 240 seconds left.\n|\n|t:|1701017776\n|switch|p2a: Kingambit|Kingambit, M|100\/100\n|switch|p1b: Ogerpon|Ogerpon-Wellspring, F|32\/100\n|turn|9\n|inactive|qian333mo has 240 seconds left.\n|\n|t:|1701017793\n|switch|p2b: Iron Hands|Iron Hands|52\/100\n|-terastallize|p2a: Kingambit|Fairy\n|move|p1b: Ogerpon|Spiky Shield|p1b: Ogerpon\n|-singleturn|p1b: Ogerpon|move: Protect\n|move|p1a: Iron Hands|Protect|p1a: Iron Hands\n|-singleturn|p1a: Iron Hands|Protect\n|move|p2a: Kingambit|Kowtow Cleave|p1b: Ogerpon\n|-activate|p1b: Ogerpon|move: Protect\n|-damage|p2a: Kingambit|88\/100|[from] Spiky Shield|[of] p1b: Ogerpon\n|\n|upkeep\n|turn|10\n|l| lezhengzhuzhu\n|\n|t:|1701017809\n|move|p2b: Iron Hands|Fake Out|p1a: Iron Hands\n|-damage|p1a: Iron Hands|91\/100\n|move|p1b: Ogerpon|Ivy Cudgel|p2a: Kingambit|[anim] Ivy Cudgel Water\n|-crit|p2a: Kingambit\n|-damage|p2a: Kingambit|25\/100\n|move|p2a: Kingambit|Kowtow Cleave|p1b: Ogerpon\n|-damage|p1b: Ogerpon|0 fnt\n|faint|p1b: Ogerpon\n|cant|p1a: Iron Hands|flinch\n|\n|upkeep\n|\n|t:|1701017817\n|switch|p1b: Flutter Mane|Flutter Mane|100\/100\n|turn|11\n|\n|t:|1701017826\n|move|p2a: Kingambit|Sucker Punch|p1b: Flutter Mane\n|-damage|p1b: Flutter Mane|43\/100\n|move|p1b: Flutter Mane|Dazzling Gleam|p2b: Iron Hands|[spread] p2a,p2b\n|-supereffective|p2b: Iron Hands\n|-damage|p2a: Kingambit|0 fnt\n|-damage|p2b: Iron Hands|10\/100\n|faint|p2a: Kingambit\n|move|p2b: Iron Hands|Heavy Slam|p1b: Flutter Mane\n|-supereffective|p1b: Flutter Mane\n|-damage|p1b: Flutter Mane|0 fnt\n|faint|p1b: Flutter Mane\n|-end|p1b: Flutter Mane|Protosynthesis|[silent]\n|move|p1a: Iron Hands|Drain Punch|p2b: Iron Hands\n|-damage|p2b: Iron Hands|0 fnt\n|-heal|p1a: Iron Hands|96\/100|[from] drain|[of] p2b: Iron Hands\n|faint|p2b: Iron Hands\n|-end|p2b: Iron Hands|Quark Drive|[silent]\n|\n|upkeep\n|\n|t:|1701017839\n|switch|p1b: Indeedee|Indeedee-F, F|100\/100\n|switch|p2b: Basculegion|Basculegion-F, F|10\/100\n|-fieldstart|move: Psychic Terrain|[from] ability: Psychic Surge|[of] p1b: Indeedee\n|-enditem|p1a: Iron Hands|Psychic Seed\n|-boost|p1a: Iron Hands|spd|1|[from] item: Psychic Seed\n|turn|12\n|\n|t:|1701017845\n|move|p1b: Indeedee|Follow Me|p1b: Indeedee\n|-singleturn|p1b: Indeedee|move: Follow Me\n|move|p2b: Basculegion|Wave Crash|p1b: Indeedee\n|-damage|p1b: Indeedee|37\/100\n|-damage|p2b: Basculegion|0 fnt|[from] Recoil\n|faint|p2b: Basculegion\n|\n|win|luisin\n|c|\u2606luisin|gg\n","uploadtime":1701017851,"views":84,"p1id":"luisin","p2id":"qian333mo","formatid":"gen9doublesou","rating":0,"private":0,"password":""}