{"id":"gen9doublesou-1969701559","p1":"Stxckbrot420","p2":"chco","format":"[Gen 9] Doubles OU","log":"|j|\u2606Stxckbrot420\n|j|\u2606chco\n|t:|1697558817\n|gametype|doubles\n|player|p1|Stxckbrot420|101|1054\n|player|p2|chco|1|1000\n|teamsize|p1|6\n|teamsize|p2|6\n|gen|9\n|tier|[Gen 9] Doubles OU\n|rated|\n|rule|Species Clause: Limit one of each Pok\u00e9mon\n|rule|OHKO Clause: OHKO moves are banned\n|rule|Evasion Moves Clause: Evasion moves are banned\n|rule|Gravity Sleep Clause: The combination of sleep-inducing moves with imperfect accuracy and Gravity or Gigantamax Orbeetle are banned\n|rule|Endless Battle Clause: Forcing endless battles is banned\n|rule|HP Percentage Mod: HP is shown in percentages\n|clearpoke\n|poke|p1|Maushold-Four|\n|poke|p1|Gallade, M|\n|poke|p1|Gholdengo|\n|poke|p1|Heatran, F|\n|poke|p1|Dusclops, M|\n|poke|p1|Eelektross, F|\n|poke|p2|Grafaiai, M|\n|poke|p2|Grimmsnarl, M|\n|poke|p2|Sableye, M|\n|poke|p2|Thundurus, M|\n|poke|p2|Tornadus, M|\n|poke|p2|Klefki, M|\n|teampreview\n|\n|t:|1697558845\n|start\n|switch|p1a: Heatran|Heatran, F, shiny|100\/100\n|switch|p1b: Eelektross|Eelektross, F, shiny|100\/100\n|switch|p2a: Grimmsnarl|Grimmsnarl, M|100\/100\n|switch|p2b: Sableye|Sableye, M|100\/100\n|turn|1\n|\n|t:|1697558869\n|move|p2a: Grimmsnarl|Light Screen|p2a: Grimmsnarl\n|-sidestart|p2: chco|move: Light Screen\n|move|p2b: Sableye|Will-O-Wisp|p1b: Eelektross\n|-status|p1b: Eelektross|brn\n|move|p1a: Heatran|Earthquake|p2b: Sableye|[spread] p2a,p2b\n|-immune|p1b: Eelektross|[from] ability: Levitate\n|-damage|p2a: Grimmsnarl|83\/100\n|-damage|p2b: Sableye|81\/100\n|move|p1b: Eelektross|Coil|p1b: Eelektross\n|-boost|p1b: Eelektross|atk|1\n|-boost|p1b: Eelektross|def|1\n|-boost|p1b: Eelektross|accuracy|1\n|\n|-damage|p1b: Eelektross|94\/100 brn|[from] brn\n|upkeep\n|turn|2\n|\n|t:|1697558895\n|move|p2a: Grimmsnarl|Reflect|p2a: Grimmsnarl\n|-sidestart|p2: chco|Reflect\n|move|p2b: Sableye|Trick|p1b: Eelektross\n|-activate|p2b: Sableye|move: Trick|[of] p1b: Eelektross\n|-item|p1b: Eelektross|Ring Target|[from] move: Trick\n|-item|p2b: Sableye|Aguav Berry|[from] move: Trick\n|move|p1a: Heatran|Earthquake|p2b: Sableye|[spread] p2a,p2b\n|-immune|p1b: Eelektross|[from] ability: Levitate\n|-crit|p2a: Grimmsnarl\n|-damage|p2a: Grimmsnarl|58\/100\n|-damage|p2b: Sableye|67\/100\n|move|p1b: Eelektross|Thunder Wave|p2b: Sableye\n|-status|p2b: Sableye|par\n|\n|-damage|p1b: Eelektross|88\/100 brn|[from] brn\n|upkeep\n|turn|3\n|\n|t:|1697558939\n|move|p1a: Heatran|Earthquake|p2b: Sableye|[spread] p2a,p2b\n|-immune|p1b: Eelektross|[from] ability: Levitate\n|-damage|p2a: Grimmsnarl|46\/100\n|-damage|p2b: Sableye|54\/100 par\n|move|p2a: Grimmsnarl|Spirit Break|p1a: Heatran\n|-resisted|p1a: Heatran\n|-damage|p1a: Heatran|92\/100\n|-unboost|p1a: Heatran|spa|1\n|move|p1b: Eelektross|Thunder Wave|p2a: Grimmsnarl\n|-status|p2a: Grimmsnarl|par\n|move|p2b: Sableye|Hex|p1b: Eelektross\n|-damage|p1b: Eelektross|54\/100 brn\n|\n|-damage|p1b: Eelektross|48\/100 brn|[from] brn\n|upkeep\n|turn|4\n|\n|t:|1697558978\n|switch|p1b: Maushold|Maushold-Four, shiny|100\/100\n|switch|p2a: Thundurus|Thundurus, M|100\/100\n|move|p1a: Heatran|Iron Defense|p1a: Heatran\n|-boost|p1a: Heatran|def|2\n|move|p2b: Sableye|Hex|p1b: Maushold\n|-immune|p1b: Maushold\n|\n|upkeep\n|turn|5\n|\n|t:|1697559008\n|move|p2a: Thundurus|Rain Dance|p2a: Thundurus\n|-weather|RainDance\n|move|p2b: Sableye|Will-O-Wisp|p1b: Maushold\n|-status|p1b: Maushold|brn\n|move|p1b: Maushold|Population Bomb|p2a: Thundurus\n|-damage|p2a: Thundurus|92\/100\n|-damage|p2a: Thundurus|84\/100\n|-damage|p2a: Thundurus|76\/100\n|-damage|p2a: Thundurus|68\/100\n|-damage|p2a: Thundurus|60\/100\n|-hitcount|p2a: Thundurus|5\n|-damage|p1b: Maushold|91\/100 brn|[from] item: Life Orb\n|move|p1a: Heatran|Flamethrower|p2b: Sableye\n|-damage|p2b: Sableye|42\/100 par\n|\n|-weather|RainDance|[upkeep]\n|-damage|p1b: Maushold|85\/100 brn|[from] brn\n|upkeep\n|turn|6\n|\n|t:|1697559086\n|switch|p1b: Eelektross|Eelektross, F, shiny|48\/100 brn\n|switch|p1a: Gholdengo|Gholdengo, shiny|100\/100\n|-item|p1a: Gholdengo|Air Balloon\n|switch|p2b: Tornadus|Tornadus, M|100\/100\n|move|p2a: Thundurus|Grass Knot|p1a: Gholdengo\n|-resisted|p1a: Gholdengo\n|-damage|p1a: Gholdengo|88\/100\n|-enditem|p1a: Gholdengo|Air Balloon\n|\n|-weather|RainDance|[upkeep]\n|-damage|p1b: Eelektross|42\/100 brn|[from] brn\n|upkeep\n|turn|7\n|\n|t:|1697559128\n|move|p2b: Tornadus|Tailwind|p2b: Tornadus\n|-sidestart|p2: chco|move: Tailwind\n|move|p2a: Thundurus|Grass Knot|p1b: Eelektross\n|-damage|p1b: Eelektross|12\/100 brn\n|move|p1a: Gholdengo|Nasty Plot|p1a: Gholdengo\n|-boost|p1a: Gholdengo|spa|2\n|move|p1b: Eelektross|Thunder Fang|p2b: Tornadus\n|-supereffective|p2b: Tornadus\n|-enditem|p2b: Tornadus|Wacan Berry|[eat]\n|-enditem|p2b: Tornadus|Wacan Berry|[weaken]\n|-damage|p2b: Tornadus|83\/100\n|-status|p2b: Tornadus|par\n|\n|-weather|RainDance|[upkeep]\n|-damage|p1b: Eelektross|6\/100 brn|[from] brn\n|upkeep\n|turn|8\n|\n|t:|1697559159\n|move|p2a: Thundurus|Thunder|p1a: Gholdengo\n|-damage|p1a: Gholdengo|23\/100\n|-status|p1a: Gholdengo|par\n|move|p2b: Tornadus|Bleakwind Storm|p1b: Eelektross|[spread] p1a,p1b\n|-resisted|p1a: Gholdengo\n|-resisted|p1b: Eelektross\n|-damage|p1a: Gholdengo|0 fnt\n|-damage|p1b: Eelektross|0 fnt\n|faint|p1a: Gholdengo\n|faint|p1b: Eelektross\n|\n|-weather|RainDance|[upkeep]\n|-sideend|p2: chco|move: Light Screen\n|upkeep\n|\n|t:|1697559181\n|switch|p1a: Heatran|Heatran, F, shiny|92\/100\n|switch|p1b: Dusclops|Dusclops, M, shiny|100\/100\n|-item|p2a: Thundurus|Damp Rock|[from] ability: Frisk|[of] p1b: Dusclops|[identify]\n|turn|9\n|\n|t:|1697559210\n|move|p2a: Thundurus|Thunder|p1a: Heatran\n|-damage|p1a: Heatran|42\/100\n|-status|p1a: Heatran|par\n|cant|p2b: Tornadus|par\n|move|p1a: Heatran|Flash Cannon|p2b: Tornadus\n|-damage|p2b: Tornadus|21\/100 par\n|move|p1b: Dusclops|Trick Room|p1b: Dusclops\n|-fieldstart|move: Trick Room|[of] p1b: Dusclops\n|\n|-weather|RainDance|[upkeep]\n|-sideend|p2: chco|Reflect\n|upkeep\n|turn|10\n|\n|t:|1697559247\n|switch|p2b: Grimmsnarl|Grimmsnarl, M|46\/100 par\n|move|p1b: Dusclops|Poltergeist|p2b: Grimmsnarl\n|-activate|p2b: Grimmsnarl|move: Poltergeist|Light Clay\n|-resisted|p2b: Grimmsnarl\n|-damage|p2b: Grimmsnarl|28\/100 par\n|move|p1a: Heatran|Flash Cannon|p2a: Thundurus\n|-resisted|p2a: Thundurus\n|-damage|p2a: Thundurus|31\/100\n|move|p2a: Thundurus|Thunder|p1a: Heatran\n|-damage|p1a: Heatran|0 fnt\n|faint|p1a: Heatran\n|\n|-weather|RainDance|[upkeep]\n|-sideend|p2: chco|move: Tailwind\n|upkeep\n|\n|t:|1697559270\n|switch|p1a: Gallade|Gallade, M, shiny|100\/100\n|turn|11\n|\n|t:|1697559287\n|-terastallize|p1a: Gallade|Poison\n|move|p2b: Grimmsnarl|Reflect|p2b: Grimmsnarl\n|-sidestart|p2: chco|Reflect\n|move|p1b: Dusclops|Poltergeist|p2a: Thundurus\n|-activate|p2a: Thundurus|move: Poltergeist|Damp Rock\n|-crit|p2a: Thundurus\n|-damage|p2a: Thundurus|0 fnt\n|faint|p2a: Thundurus\n|move|p1a: Gallade|Poison Jab|p2b: Grimmsnarl\n|-supereffective|p2b: Grimmsnarl\n|-damage|p2b: Grimmsnarl|0 fnt\n|faint|p2b: Grimmsnarl\n|\n|-weather|RainDance|[upkeep]\n|upkeep\n|\n|t:|1697559301\n|switch|p2b: Tornadus|Tornadus, M|21\/100 par\n|switch|p2a: Sableye|Sableye, M|42\/100 par\n|turn|12\n|\n|t:|1697559326\n|move|p2a: Sableye|Will-O-Wisp|p1a: Gallade\n|-status|p1a: Gallade|brn\n|move|p1b: Dusclops|Poltergeist||[still]\n|-fail|p1b: Dusclops\n|cant|p2b: Tornadus|par\n|move|p1a: Gallade|Poison Jab|p2a: Sableye\n|-resisted|p2a: Sableye\n|-damage|p2a: Sableye|31\/100 par\n|\n|-weather|none\n|-damage|p1a: Gallade|94\/100 brn|[from] brn\n|upkeep\n|turn|13\n|\n|t:|1697559352\n|move|p1b: Dusclops|Protect|p1b: Dusclops\n|-singleturn|p1b: Dusclops|Protect\n|move|p2a: Sableye|Trick|p1b: Dusclops\n|-activate|p1b: Dusclops|move: Protect\n|move|p2b: Tornadus|Bleakwind Storm|p1a: Gallade|[spread] p1a\n|-activate|p1b: Dusclops|move: Protect\n|-damage|p1a: Gallade|56\/100 brn\n|move|p1a: Gallade|Aqua Cutter|p2a: Sableye\n|-damage|p2a: Sableye|11\/100 par\n|-enditem|p2a: Sableye|Aguav Berry|[eat]\n|-heal|p2a: Sableye|44\/100 par|[from] item: Aguav Berry\n|\n|-damage|p1a: Gallade|50\/100 brn|[from] brn\n|-fieldend|move: Trick Room\n|upkeep\n|turn|14\n|\n|t:|1697559381\n|move|p1a: Gallade|Poison Jab|p2b: Tornadus\n|-damage|p2b: Tornadus|0 fnt\n|faint|p2b: Tornadus\n|move|p1b: Dusclops|Poltergeist||[still]\n|-fail|p1b: Dusclops\n|move|p2a: Sableye|Hex|p1a: Gallade\n|-damage|p1a: Gallade|20\/100 brn\n|\n|-damage|p1a: Gallade|14\/100 brn|[from] brn\n|upkeep\n|\n|t:|1697559400\n|switch|p2b: Klefki|Klefki, M|100\/100\n|turn|15\n|\n|t:|1697559429\n|move|p1b: Dusclops|Protect|p1b: Dusclops\n|-singleturn|p1b: Dusclops|Protect\n|move|p2b: Klefki|Switcheroo|p1a: Gallade\n|-activate|p2b: Klefki|move: Trick|[of] p1a: Gallade\n|-item|p1a: Gallade|Iron Ball|[from] move: Switcheroo\n|-item|p2b: Klefki|Expert Belt|[from] move: Switcheroo\n|move|p2a: Sableye|Trick|p1b: Dusclops\n|-activate|p1b: Dusclops|move: Protect\n|move|p1a: Gallade|Aqua Cutter|p2a: Sableye\n|-damage|p2a: Sableye|26\/100 par\n|\n|-damage|p1a: Gallade|8\/100 brn|[from] brn\n|upkeep\n|turn|16\n|\n|t:|1697559467\n|move|p2b: Klefki|Spikes|p1a: Gallade\n|-sidestart|p1: Stxckbrot420|Spikes\n|cant|p2a: Sableye|par\n|move|p1a: Gallade|Aqua Cutter|p2a: Sableye\n|-damage|p2a: Sableye|8\/100 par\n|move|p1b: Dusclops|Will-O-Wisp|p2b: Klefki\n|-status|p2b: Klefki|brn\n|\n|-damage|p2b: Klefki|95\/100 brn|[from] brn\n|-damage|p1a: Gallade|2\/100 brn|[from] brn\n|upkeep\n|turn|17\n|\n|t:|1697559498\n|move|p2a: Sableye|Detect|p2a: Sableye\n|-singleturn|p2a: Sableye|Protect\n|move|p2b: Klefki|Spikes|p1a: Gallade\n|-sidestart|p1: Stxckbrot420|Spikes\n|move|p1a: Gallade|Aqua Cutter|p2a: Sableye\n|-activate|p2a: Sableye|move: Protect\n|move|p1b: Dusclops|Poltergeist|p2b: Klefki\n|-activate|p2b: Klefki|move: Poltergeist|Expert Belt\n|-damage|p2b: Klefki|74\/100 brn\n|\n|-damage|p2b: Klefki|68\/100 brn|[from] brn\n|-damage|p1a: Gallade|0 fnt|[from] brn\n|faint|p1a: Gallade\n|upkeep\n|\n|t:|1697559513\n|switch|p1a: Maushold|Maushold-Four, shiny|85\/100 brn\n|-damage|p1a: Maushold|68\/100 brn|[from] Spikes\n|turn|18\n|\n|t:|1697559535\n|move|p1b: Dusclops|Protect|p1b: Dusclops\n|-singleturn|p1b: Dusclops|Protect\n|move|p2b: Klefki|Calm Mind|p2b: Klefki\n|-boost|p2b: Klefki|spa|1\n|-boost|p2b: Klefki|spd|1\n|move|p2a: Sableye|Trick|p1b: Dusclops\n|-activate|p1b: Dusclops|move: Protect\n|move|p1a: Maushold|Play Rough|p2a: Sableye\n|-supereffective|p2a: Sableye\n|-damage|p2a: Sableye|0 fnt\n|faint|p2a: Sableye\n|-damage|p1a: Maushold|58\/100 brn|[from] item: Life Orb\n|\n|-damage|p1a: Maushold|52\/100 brn|[from] brn\n|-damage|p2b: Klefki|62\/100 brn|[from] brn\n|-sideend|p2: chco|Reflect\n|upkeep\n|\n|t:|1697559550\n|switch|p2a: Grafaiai|Grafaiai, M|100\/100\n|turn|19\n|\n|t:|1697559576\n|move|p2a: Grafaiai|Toxic|p1b: Dusclops\n|-status|p1b: Dusclops|tox\n|move|p2b: Klefki|Calm Mind|p2b: Klefki\n|-boost|p2b: Klefki|spa|1\n|-boost|p2b: Klefki|spd|1\n|move|p1a: Maushold|Population Bomb|p2a: Grafaiai\n|-damage|p2a: Grafaiai|90\/100\n|-damage|p2a: Grafaiai|78\/100\n|-damage|p2a: Grafaiai|66\/100\n|-hitcount|p2a: Grafaiai|3\n|-damage|p1a: Maushold|42\/100 brn|[from] item: Life Orb\n|move|p1b: Dusclops|Will-O-Wisp|p2a: Grafaiai\n|-status|p2a: Grafaiai|brn\n|\n|-heal|p2a: Grafaiai|72\/100 brn|[from] item: Black Sludge\n|-damage|p1b: Dusclops|95\/100 tox|[from] psn\n|-damage|p1a: Maushold|36\/100 brn|[from] brn\n|-damage|p2a: Grafaiai|66\/100 brn|[from] brn\n|-damage|p2b: Klefki|56\/100 brn|[from] brn\n|upkeep\n|turn|20\n|\n|t:|1697559627\n|move|p2a: Grafaiai|Switcheroo|p1b: Dusclops\n|-activate|p2a: Grafaiai|move: Trick|[of] p1b: Dusclops\n|-item|p1b: Dusclops|Black Sludge|[from] move: Switcheroo\n|-item|p2a: Grafaiai|Eviolite|[from] move: Switcheroo\n|move|p1a: Maushold|Population Bomb|p2a: Grafaiai\n|-damage|p2a: Grafaiai|56\/100 brn\n|-damage|p2a: Grafaiai|45\/100 brn\n|-hitcount|p2a: Grafaiai|2\n|-damage|p1a: Maushold|26\/100 brn|[from] item: Life Orb\n|move|p2b: Klefki|Draining Kiss|p1a: Maushold\n|-damage|p1a: Maushold|0 fnt\n|-heal|p2b: Klefki|75\/100 brn|[from] drain|[of] p1a: Maushold\n|faint|p1a: Maushold\n|move|p1b: Dusclops|Poltergeist|p2b: Klefki\n|-activate|p2b: Klefki|move: Poltergeist|Expert Belt\n|-damage|p2b: Klefki|42\/100 brn\n|\n|-damage|p1b: Dusclops|82\/100 tox|[from] item: Black Sludge\n|-damage|p1b: Dusclops|70\/100 tox|[from] psn\n|-damage|p2a: Grafaiai|39\/100 brn|[from] brn\n|-damage|p2b: Klefki|36\/100 brn|[from] brn\n|upkeep\n|turn|21\n|\n|t:|1697559658\n|move|p2a: Grafaiai|Parting Shot|p1b: Dusclops\n|-unboost|p1b: Dusclops|atk|1\n|-unboost|p1b: Dusclops|spa|1\n|move|p2b: Klefki|Draining Kiss|p1b: Dusclops\n|-damage|p1b: Dusclops|39\/100 tox\n|-heal|p2b: Klefki|57\/100 brn|[from] drain|[of] p1b: Dusclops\n|move|p1b: Dusclops|Trick Room|p1b: Dusclops\n|-fieldstart|move: Trick Room|[of] p1b: Dusclops\n|\n|-damage|p1b: Dusclops|27\/100 tox|[from] item: Black Sludge\n|-damage|p1b: Dusclops|9\/100 tox|[from] psn\n|-damage|p2b: Klefki|51\/100 brn|[from] brn\n|-damage|p2a: Grafaiai|33\/100 brn|[from] brn\n|upkeep\n|turn|22\n|\n|t:|1697559677\n|move|p2a: Grafaiai|Parting Shot|p1b: Dusclops\n|-unboost|p1b: Dusclops|atk|1\n|-unboost|p1b: Dusclops|spa|1\n|move|p1b: Dusclops|Poltergeist|p2b: Klefki\n|-activate|p2b: Klefki|move: Poltergeist|Expert Belt\n|-damage|p2b: Klefki|34\/100 brn\n|move|p2b: Klefki|Draining Kiss|p1b: Dusclops\n|-damage|p1b: Dusclops|0 fnt\n|-heal|p2b: Klefki|39\/100 brn|[from] drain|[of] p1b: Dusclops\n|faint|p1b: Dusclops\n|\n|win|chco\n|raw|Stxckbrot420's rating: 1054 &rarr; <strong>1033<\/strong><br \/>(-21 for losing)\n|raw|chco's rating: 1000 &rarr; <strong>1046<\/strong><br \/>(+46 for winning)\n|l|\u2606Stxckbrot420\n","uploadtime":1697559715,"views":23,"p1id":"stxckbrot420","p2id":"chco","formatid":"gen9doublesou","rating":1033,"private":0,"password":""}