{"id":"gen9doublesou-1978238913","p1":"Nerdygolem513","p2":"Stickybird","format":"[Gen 9] Doubles OU","log":"|j|\u2606Nerdygolem513\n|j|\u2606Stickybird\n|t:|1698515891\n|gametype|doubles\n|player|p1|Nerdygolem513|skullgrunt|1274\n|player|p2|Stickybird|riley|1319\n|teamsize|p1|6\n|teamsize|p2|6\n|gen|9\n|tier|[Gen 9] Doubles OU\n|rated|\n|rule|Species Clause: Limit one of each Pok\u00e9mon\n|rule|OHKO Clause: OHKO moves are banned\n|rule|Evasion Moves Clause: Evasion moves are banned\n|rule|Gravity Sleep Clause: The combination of sleep-inducing moves with imperfect accuracy and Gravity or Gigantamax Orbeetle are banned\n|rule|Endless Battle Clause: Forcing endless battles is banned\n|rule|HP Percentage Mod: HP is shown in percentages\n|clearpoke\n|poke|p1|Weezing, F|\n|poke|p1|Roaring Moon|\n|poke|p1|Slaking, M|\n|poke|p1|Palafin, M|\n|poke|p1|Amoonguss, F|\n|poke|p1|Landorus-Therian, M|\n|poke|p2|Kleavor, M|\n|poke|p2|Samurott-Hisui, M|\n|poke|p2|Armarouge, M|\n|poke|p2|Sinistcha-Masterpiece|\n|poke|p2|Iron Hands|\n|poke|p2|Qwilfish-Hisui, M|\n|teampreview\n|\n|t:|1698515909\n|start\n|switch|p1a: Weezing|Weezing, F|100\/100\n|switch|p1b: Palafin|Palafin, M|100\/100\n|switch|p2a: Kleavor|Kleavor, M|100\/100\n|switch|p2b: Qwilfish|Qwilfish-Hisui, M|100\/100\n|-ability|p1a: Weezing|Neutralizing Gas\n|turn|1\n|inactive|Battle timer is ON: inactive players will automatically lose when time's up. (requested by Stickybird)\n|\n|t:|1698515925\n|move|p1b: Palafin|Flip Turn|p2a: Kleavor\n|-supereffective|p2a: Kleavor\n|-damage|p2a: Kleavor|49\/100\n|\n|t:|1698515929\n|detailschange|p1b: Palafin|Palafin-Hero, M\n|switch|p1b: Landorus|Landorus-Therian, M|100\/100|[from] Flip Turn\n|move|p2a: Kleavor|Stone Axe|p1a: Weezing\n|-damage|p1a: Weezing|71\/100\n|-sidestart|p1: Nerdygolem513|move: Stealth Rock\n|move|p2b: Qwilfish|Toxic Spikes|p1b: Landorus\n|-sidestart|p1: Nerdygolem513|move: Toxic Spikes\n|move|p1a: Weezing|Will-O-Wisp|p2a: Kleavor\n|-status|p2a: Kleavor|brn\n|\n|-heal|p1a: Weezing|77\/100|[from] item: Leftovers\n|-damage|p2a: Kleavor|42\/100 brn|[from] brn\n|upkeep\n|turn|2\n|\n|t:|1698515951\n|-end|p1a: Weezing|ability: Neutralizing Gas\n|-ability|p1b: Landorus|Intimidate|boost\n|-unboost|p2a: Kleavor|atk|1\n|-unboost|p2b: Qwilfish|atk|1\n|-ability|p2b: Qwilfish|Intimidate|boost\n|-unboost|p1a: Weezing|atk|1\n|-unboost|p1b: Landorus|atk|1\n|switch|p1a: Amoonguss|Amoonguss, F|100\/100\n|-damage|p1a: Amoonguss|88\/100|[from] Stealth Rock\n|-sideend|p1: Nerdygolem513|move: Toxic Spikes|[of] p1a: Amoonguss\n|move|p1b: Landorus|Stomping Tantrum|p2b: Qwilfish\n|-supereffective|p2b: Qwilfish\n|-damage|p2b: Qwilfish|49\/100\n|move|p2b: Qwilfish|Icy Wind|p1a: Amoonguss|[spread] p1a,p1b\n|-supereffective|p1a: Amoonguss\n|-supereffective|p1b: Landorus\n|-damage|p1a: Amoonguss|80\/100\n|-damage|p1b: Landorus|70\/100\n|-unboost|p1a: Amoonguss|spe|1\n|-unboost|p1b: Landorus|spe|1\n|move|p2a: Kleavor|Stone Axe|p1a: Amoonguss\n|-damage|p1a: Amoonguss|63\/100\n|\n|-heal|p1a: Amoonguss|69\/100|[from] item: Black Sludge\n|-damage|p2a: Kleavor|36\/100 brn|[from] brn\n|upkeep\n|turn|3\n|inactive|Nerdygolem513 has 120 seconds left.\n|\n|t:|1698515982\n|switch|p2b: Sinistcha|Sinistcha-Masterpiece|100\/100\n|-heal|p2a: Kleavor|61\/100 brn|[from] ability: Hospitality|[of] p2b: Sinistcha\n|move|p2a: Kleavor|X-Scissor|p1a: Amoonguss\n|-damage|p1a: Amoonguss|49\/100\n|move|p1b: Landorus|Stone Edge|p2a: Kleavor\n|-supereffective|p2a: Kleavor\n|-damage|p2a: Kleavor|0 fnt\n|faint|p2a: Kleavor\n|move|p1a: Amoonguss|Pollen Puff|p1b: Landorus\n|-heal|p1b: Landorus|100\/100\n|\n|-heal|p1a: Amoonguss|55\/100|[from] item: Black Sludge\n|upkeep\n|inactive|Stickybird has 120 seconds left.\n|\n|t:|1698516003\n|switch|p2a: Qwilfish|Qwilfish-Hisui, M|49\/100\n|-ability|p2a: Qwilfish|Intimidate|boost\n|-unboost|p1a: Amoonguss|atk|1\n|-unboost|p1b: Landorus|atk|1\n|turn|4\n|\n|t:|1698516011\n|switch|p1a: Weezing|Weezing, F|77\/100\n|-ability|p1a: Weezing|Neutralizing Gas\n|-damage|p1a: Weezing|65\/100|[from] Stealth Rock\n|move|p1b: Landorus|Protect|p1b: Landorus\n|-singleturn|p1b: Landorus|Protect\n|move|p2a: Qwilfish|Icy Wind|p1a: Weezing|[spread] p1a\n|-activate|p1b: Landorus|move: Protect\n|-damage|p1a: Weezing|59\/100\n|-unboost|p1a: Weezing|spe|1\n|move|p2b: Sinistcha|Calm Mind|p2b: Sinistcha\n|-boost|p2b: Sinistcha|spa|1\n|-boost|p2b: Sinistcha|spd|1\n|\n|-heal|p1a: Weezing|65\/100|[from] item: Leftovers\n|upkeep\n|turn|5\n|\n|t:|1698516034\n|switch|p1b: Slaking|Slaking, M|100\/100\n|-damage|p1b: Slaking|88\/100|[from] Stealth Rock\n|move|p2a: Qwilfish|Icy Wind|p1b: Slaking|[spread] p1b\n|-miss|p2a: Qwilfish|p1a: Weezing\n|-damage|p1b: Slaking|83\/100\n|-unboost|p1b: Slaking|spe|1\n|move|p2b: Sinistcha|Matcha Gotcha|p1a: Weezing|[spread] p1a,p1b\n|-resisted|p1a: Weezing\n|-damage|p1a: Weezing|49\/100\n|-damage|p1b: Slaking|46\/100\n|move|p1a: Weezing|Pain Split|p2b: Sinistcha\n|-sethp|p2b: Sinistcha|74\/100|[from] move: Pain Split|[silent]\n|-sethp|p1a: Weezing|76\/100|[from] move: Pain Split\n|\n|-heal|p2b: Sinistcha|80\/100|[from] item: Leftovers\n|-heal|p1a: Weezing|82\/100|[from] item: Leftovers\n|upkeep\n|turn|6\n|\n|t:|1698516059\n|move|p2a: Qwilfish|Icy Wind|p1a: Weezing|[spread] p1a,p1b\n|-damage|p1a: Weezing|77\/100\n|-damage|p1b: Slaking|40\/100\n|-unboost|p1a: Weezing|spe|1\n|-unboost|p1b: Slaking|spe|1\n|move|p2b: Sinistcha|Matcha Gotcha|p1b: Slaking|[spread] p1a,p1b\n|-resisted|p1a: Weezing\n|-damage|p1a: Weezing|61\/100\n|-heal|p2b: Sinistcha|88\/100|[from] drain|[of] p1a: Weezing\n|-damage|p1b: Slaking|4\/100\n|-heal|p2b: Sinistcha|100\/100|[from] drain|[of] p1b: Slaking\n|move|p1b: Slaking|Knock Off|p2b: Sinistcha\n|-supereffective|p2b: Sinistcha\n|-damage|p2b: Sinistcha|22\/100\n|-enditem|p2b: Sinistcha|Leftovers|[from] move: Knock Off|[of] p1b: Slaking\n|-damage|p1b: Slaking|0 fnt|[from] item: Life Orb\n|faint|p1b: Slaking\n|move|p1a: Weezing|Clear Smog|p2b: Sinistcha\n|-damage|p2b: Sinistcha|9\/100\n|-clearboost|p2b: Sinistcha\n|\n|-heal|p1a: Weezing|67\/100|[from] item: Leftovers\n|upkeep\n|\n|t:|1698516068\n|switch|p1b: Roaring Moon|Roaring Moon|100\/100\n|-damage|p1b: Roaring Moon|88\/100|[from] Stealth Rock\n|-enditem|p1b: Roaring Moon|Booster Energy\n|-activate|p1b: Roaring Moon|ability: Protosynthesis|[fromitem]\n|-start|p1b: Roaring Moon|protosynthesisspe\n|turn|7\n|\n|t:|1698516088\n|move|p1b: Roaring Moon|Knock Off|p2a: Qwilfish\n|-resisted|p2a: Qwilfish\n|-damage|p2a: Qwilfish|26\/100\n|-enditem|p2a: Qwilfish|Eviolite|[from] move: Knock Off|[of] p1b: Roaring Moon\n|move|p2a: Qwilfish|Icy Wind|p1a: Weezing|[spread] p1a,p1b\n|-supereffective|p1b: Roaring Moon\n|-damage|p1a: Weezing|62\/100\n|-damage|p1b: Roaring Moon|76\/100\n|-unboost|p1a: Weezing|spe|1\n|-unboost|p1b: Roaring Moon|spe|1\n|move|p2b: Sinistcha|Matcha Gotcha|p1a: Weezing|[spread] p1a,p1b\n|-resisted|p1a: Weezing\n|-resisted|p1b: Roaring Moon\n|-damage|p1a: Weezing|49\/100\n|-heal|p2b: Sinistcha|16\/100|[from] drain|[of] p1a: Weezing\n|-damage|p1b: Roaring Moon|65\/100\n|-heal|p2b: Sinistcha|21\/100|[from] drain|[of] p1b: Roaring Moon\n|move|p1a: Weezing|Clear Smog|p2b: Sinistcha\n|-damage|p2b: Sinistcha|4\/100\n|-clearboost|p2b: Sinistcha\n|\n|-heal|p1a: Weezing|55\/100|[from] item: Leftovers\n|upkeep\n|turn|8\n|\n|t:|1698516114\n|move|p1b: Roaring Moon|Dragon Claw|p2a: Qwilfish\n|-damage|p2a: Qwilfish|0 fnt\n|faint|p2a: Qwilfish\n|move|p2b: Sinistcha|Life Dew|p2b: Sinistcha\n|-heal|p2b: Sinistcha|29\/100\n|move|p1a: Weezing|Clear Smog|p2b: Sinistcha\n|-damage|p2b: Sinistcha|12\/100\n|-clearboost|p2b: Sinistcha\n|\n|-heal|p1a: Weezing|61\/100|[from] item: Leftovers\n|upkeep\n|inactive|Stickybird has 120 seconds left.\n|\n|t:|1698516128\n|switch|p2a: Iron Hands|Iron Hands|100\/100\n|turn|9\n|\n|t:|1698516135\n|move|p2a: Iron Hands|Fake Out|p1b: Roaring Moon\n|-damage|p1b: Roaring Moon|44\/100\n|cant|p1b: Roaring Moon|flinch\n|move|p2b: Sinistcha|Life Dew||[still]|[spread] p2a,p2b\n|-fail|p2a: Iron Hands|heal\n|-heal|p2b: Sinistcha|37\/100\n|move|p1a: Weezing|Pain Split|p2a: Iron Hands\n|-sethp|p2a: Iron Hands|70\/100|[from] move: Pain Split|[silent]\n|-sethp|p1a: Weezing|100\/100|[from] move: Pain Split\n|\n|upkeep\n|turn|10\n|\n|t:|1698516150\n|move|p1b: Roaring Moon|Knock Off|p2b: Sinistcha\n|-supereffective|p2b: Sinistcha\n|-damage|p2b: Sinistcha|0 fnt\n|faint|p2b: Sinistcha\n|move|p2a: Iron Hands|Drain Punch|p1b: Roaring Moon\n|-supereffective|p1b: Roaring Moon\n|-damage|p1b: Roaring Moon|0 fnt\n|-heal|p2a: Iron Hands|85\/100|[from] drain|[of] p1b: Roaring Moon\n|faint|p1b: Roaring Moon\n|-end|p1b: Roaring Moon|Protosynthesis|[silent]\n|move|p1a: Weezing|Will-O-Wisp|p2a: Iron Hands\n|-status|p2a: Iron Hands|brn\n|\n|-damage|p2a: Iron Hands|79\/100 brn|[from] brn\n|upkeep\n|\n|t:|1698516165\n|switch|p1b: Amoonguss|Amoonguss, F|88\/100\n|switch|p2b: Armarouge|Armarouge, M|100\/100\n|-damage|p1b: Amoonguss|76\/100|[from] Stealth Rock\n|turn|11\n|\n|t:|1698516178\n|-end|p1a: Weezing|ability: Neutralizing Gas\n|switch|p1a: Landorus|Landorus-Therian, M|100\/100\n|-damage|p1a: Landorus|88\/100|[from] Stealth Rock\n|-ability|p1a: Landorus|Intimidate|boost\n|-unboost|p2a: Iron Hands|atk|1\n|-unboost|p2b: Armarouge|atk|1\n|-terastallize|p2b: Armarouge|Grass\n|move|p2b: Armarouge|Heat Wave|p1b: Amoonguss|[spread] p1a,p1b\n|-supereffective|p1b: Amoonguss\n|-damage|p1a: Landorus|38\/100\n|-damage|p1b: Amoonguss|25\/100\n|move|p2a: Iron Hands|Rock Slide|p1b: Amoonguss|[spread] p1a,p1b\n|-damage|p1a: Landorus|29\/100\n|-damage|p1b: Amoonguss|17\/100\n|move|p1b: Amoonguss|Spore|p2b: Armarouge\n|-immune|p2b: Armarouge\n|\n|-heal|p1b: Amoonguss|23\/100|[from] item: Black Sludge\n|-damage|p2a: Iron Hands|73\/100 brn|[from] brn\n|upkeep\n|turn|12\n|\n|t:|1698516201\n|move|p1a: Landorus|U-turn|p2b: Armarouge\n|-supereffective|p2b: Armarouge\n|-damage|p2b: Armarouge|48\/100\n|-enditem|p2b: Armarouge|Sitrus Berry|[eat]\n|-heal|p2b: Armarouge|73\/100|[from] item: Sitrus Berry\n|\n|t:|1698516207\n|switch|p1a: Weezing|Weezing, F|100\/100|[from] U-turn\n|-ability|p1a: Weezing|Neutralizing Gas\n|-damage|p1a: Weezing|88\/100|[from] Stealth Rock\n|move|p2b: Armarouge|Heat Wave|p1a: Weezing|[spread] p1a,p1b\n|-supereffective|p1b: Amoonguss\n|-damage|p1a: Weezing|55\/100\n|-damage|p1b: Amoonguss|0 fnt\n|faint|p1b: Amoonguss\n|move|p2a: Iron Hands|Rock Slide|p1a: Weezing\n|-damage|p1a: Weezing|46\/100\n|\n|-heal|p1a: Weezing|52\/100|[from] item: Leftovers\n|-damage|p2a: Iron Hands|67\/100 brn|[from] brn\n|upkeep\n|\n|t:|1698516211\n|switch|p1b: Landorus|Landorus-Therian, M|29\/100\n|-damage|p1b: Landorus|17\/100|[from] Stealth Rock\n|turn|13\n|\n|t:|1698516230\n|move|p1b: Landorus|U-turn|p2b: Armarouge\n|-supereffective|p2b: Armarouge\n|-damage|p2b: Armarouge|28\/100\n|\n|t:|1698516234\n|switch|p1b: Palafin|Palafin-Hero, M|100\/100|[from] U-turn\n|-damage|p1b: Palafin|88\/100|[from] Stealth Rock\n|-activate|p1b: Palafin|ability: Zero to Hero\n|move|p2b: Armarouge|Psychic|p1a: Weezing\n|-supereffective|p1a: Weezing\n|-damage|p1a: Weezing|0 fnt\n|faint|p1a: Weezing\n|-end|p1a: Weezing|ability: Neutralizing Gas\n|move|p2a: Iron Hands|Rock Slide|p1b: Palafin\n|-damage|p1b: Palafin|78\/100\n|\n|-damage|p2a: Iron Hands|61\/100 brn|[from] brn\n|upkeep\n|\n|t:|1698516240\n|switch|p1a: Landorus|Landorus-Therian, M|17\/100\n|-damage|p1a: Landorus|5\/100|[from] Stealth Rock\n|-ability|p1a: Landorus|Intimidate|boost\n|-unboost|p2a: Iron Hands|atk|1\n|-unboost|p2b: Armarouge|atk|1\n|turn|14\n|\n|t:|1698516257\n|-terastallize|p1b: Palafin|Fighting\n|move|p1b: Palafin|Drain Punch|p2a: Iron Hands\n|-damage|p2a: Iron Hands|32\/100 brn\n|-heal|p1b: Palafin|99\/100|[from] drain|[of] p2a: Iron Hands\n|move|p1a: Landorus|U-turn|p2b: Armarouge\n|-supereffective|p2b: Armarouge\n|-damage|p2b: Armarouge|0 fnt\n|faint|p2b: Armarouge\n|move|p2a: Iron Hands|Drain Punch|p1b: Palafin\n|-damage|p1b: Palafin|89\/100\n|-heal|p2a: Iron Hands|35\/100 brn|[from] drain|[of] p1b: Palafin\n|\n|-damage|p2a: Iron Hands|29\/100 brn|[from] brn\n|upkeep\n|\n|t:|1698516273\n|switch|p2b: Samurott|Samurott-Hisui, M|100\/100\n|turn|15\n|\n|t:|1698516279\n|move|p2b: Samurott|Aqua Jet|p1a: Landorus\n|-supereffective|p1a: Landorus\n|-damage|p1a: Landorus|0 fnt\n|faint|p1a: Landorus\n|move|p1b: Palafin|Drain Punch|p2a: Iron Hands\n|-damage|p2a: Iron Hands|1\/100 brn\n|-heal|p1b: Palafin|100\/100|[from] drain|[of] p2a: Iron Hands\n|move|p2a: Iron Hands|Drain Punch|p1b: Palafin\n|-damage|p1b: Palafin|89\/100\n|-heal|p2a: Iron Hands|5\/100 brn|[from] drain|[of] p1b: Palafin\n|\n|-damage|p2a: Iron Hands|0 fnt|[from] brn\n|faint|p2a: Iron Hands\n|-end|p2a: Iron Hands|Quark Drive|[silent]\n|upkeep\n|turn|16\n|\n|t:|1698516296\n|move|p1b: Palafin|Drain Punch|p2b: Samurott\n|-supereffective|p2b: Samurott\n|-damage|p2b: Samurott|0 fnt\n|-heal|p1b: Palafin|100\/100|[from] drain|[of] p2b: Samurott\n|faint|p2b: Samurott\n|\n|win|Nerdygolem513\n|raw|Nerdygolem513's rating: 1274 &rarr; <strong>1302<\/strong><br \/>(+28 for winning)\n|raw|Stickybird's rating: 1319 &rarr; <strong>1296<\/strong><br \/>(-23 for losing)\n|l|\u2606Stickybird\n","uploadtime":1698516301,"views":17,"p1id":"nerdygolem513","p2id":"stickybird","formatid":"gen9doublesou","rating":1296,"private":0,"password":""}