{"id":"gen9doublesou-1991474378","p1":"Onanonapia","p2":"gaboz2401","format":"[Gen 9] Doubles OU","log":"|j|\u2606Onanonapia\n|j|\u2606gaboz2401\n|t:|1700080275\n|gametype|doubles\n|player|p1|Onanonapia|dragontamer|1063\n|player|p2|gaboz2401|palmer|1132\n|teamsize|p1|6\n|teamsize|p2|6\n|gen|9\n|tier|[Gen 9] Doubles OU\n|rated|\n|rule|Species Clause: Limit one of each Pok\u00e9mon\n|rule|OHKO Clause: OHKO moves are banned\n|rule|Evasion Moves Clause: Evasion moves are banned\n|rule|Gravity Sleep Clause: The combination of sleep-inducing moves with imperfect accuracy and Gravity or Gigantamax Orbeetle are banned\n|rule|Endless Battle Clause: Forcing endless battles is banned\n|rule|HP Percentage Mod: HP is shown in percentages\n|clearpoke\n|poke|p1|Golem-Alola, F|\n|poke|p1|Rabsca, F|\n|poke|p1|Dondozo, M|\n|poke|p1|Iron Hands|\n|poke|p1|Sinistcha|\n|poke|p1|Pawmot, F|\n|poke|p2|Brute Bonnet|\n|poke|p2|Dragonite, M|\n|poke|p2|Iron Bundle|\n|poke|p2|Grimmsnarl, M|\n|poke|p2|Landorus-Therian, M|\n|poke|p2|Skeledirge, M|\n|teampreview\n|inactive|Battle timer is ON: inactive players will automatically lose when time's up. (requested by Onanonapia)\n|\n|t:|1700080290\n|start\n|switch|p1a: Golem|Golem-Alola, F, shiny|100\/100\n|switch|p1b: Rabsca|Rabsca, F, shiny|100\/100\n|switch|p2a: Skeledirge|Skeledirge, M, shiny|100\/100\n|switch|p2b: Grimmsnarl|Grimmsnarl, M|100\/100\n|turn|1\n|\n|t:|1700080305\n|-terastallize|p1b: Rabsca|Dark\n|move|p1a: Golem|Protect|p1a: Golem\n|-singleturn|p1a: Golem|Protect\n|move|p2b: Grimmsnarl|Fake Out|p1a: Golem\n|-activate|p1a: Golem|move: Protect\n|move|p2a: Skeledirge|Torch Song|p1b: Rabsca\n|-damage|p1b: Rabsca|57\/100\n|-boost|p2a: Skeledirge|spa|1\n|-enditem|p2a: Skeledirge|Throat Spray\n|-boost|p2a: Skeledirge|spa|1|[from] item: Throat Spray\n|move|p1b: Rabsca|Trick Room|p1b: Rabsca\n|-fieldstart|move: Trick Room|[of] p1b: Rabsca\n|\n|upkeep\n|turn|2\n|\n|t:|1700080330\n|move|p1b: Rabsca|Revival Blessing||[still]\n|-fail|p1b: Rabsca\n|-enditem|p1b: Rabsca|Leppa Berry|[eat]\n|-activate|p1b: Rabsca|item: Leppa Berry|Revival Blessing|[consumed]\n|move|p1a: Golem|Explosion|p2b: Grimmsnarl|[spread] p2a,p2b\n|-activate|p1b: Rabsca|ability: Telepathy\n|-damage|p2a: Skeledirge|0 fnt\n|-damage|p2b: Grimmsnarl|0 fnt\n|faint|p1a: Golem\n|faint|p2a: Skeledirge\n|faint|p2b: Grimmsnarl\n|\n|upkeep\n|\n|t:|1700080349\n|switch|p1a: Dondozo|Dondozo, M|100\/100\n|switch|p2b: Iron Bundle|Iron Bundle, shiny|100\/100\n|switch|p2a: Landorus|Landorus-Therian, M|100\/100\n|-ability|p2a: Landorus|Intimidate|boost\n|-unboost|p1a: Dondozo|atk|1\n|-unboost|p1b: Rabsca|atk|1\n|-enditem|p2b: Iron Bundle|Booster Energy\n|-activate|p2b: Iron Bundle|ability: Quark Drive|[fromitem]\n|-start|p2b: Iron Bundle|quarkdrivespa\n|turn|3\n|\n|t:|1700080361\n|move|p1a: Dondozo|Soak|p2a: Landorus\n|-start|p2a: Landorus|typechange|Water\n|move|p1b: Rabsca|Revival Blessing|p1b: Rabsca\n|\n|t:|1700080365\n|-heal|p1: Golem|50\/100|[from] move: Revival Blessing\n|move|p2a: Landorus|Brick Break|p1b: Rabsca\n|-supereffective|p1b: Rabsca\n|-damage|p1b: Rabsca|0 fnt\n|faint|p1b: Rabsca\n|move|p2b: Iron Bundle|Icy Wind|p1a: Dondozo\n|-resisted|p1a: Dondozo\n|-damage|p1a: Dondozo|83\/100\n|-unboost|p1a: Dondozo|spe|1\n|\n|-heal|p1a: Dondozo|89\/100|[from] item: Leftovers\n|upkeep\n|\n|t:|1700080379\n|switch|p1b: Golem|Golem-Alola, F, shiny|50\/100\n|turn|4\n|\n|t:|1700080395\n|-terastallize|p2b: Iron Bundle|Steel\n|move|p1a: Dondozo|Protect|p1a: Dondozo\n|-singleturn|p1a: Dondozo|Protect\n|move|p1b: Golem|Explosion|p2a: Landorus|[spread] p2a,p2b\n|-activate|p1a: Dondozo|move: Protect\n|-supereffective|p2a: Landorus\n|-damage|p2a: Landorus|0 fnt\n|-damage|p2b: Iron Bundle|0 fnt\n|faint|p1b: Golem\n|faint|p2a: Landorus\n|faint|p2b: Iron Bundle\n|-end|p2b: Iron Bundle|Quark Drive|[silent]\n|\n|-heal|p1a: Dondozo|95\/100|[from] item: Leftovers\n|upkeep\n|\n|t:|1700080410\n|switch|p1b: Pawmot|Pawmot, F, shiny|100\/100\n|switch|p2a: Dragonite|Dragonite, M|100\/100\n|switch|p2b: Brute Bonnet|Brute Bonnet|100\/100\n|turn|5\n|\n|t:|1700080422\n|move|p2a: Dragonite|Extreme Speed|p1b: Pawmot\n|-damage|p1b: Pawmot|51\/100\n|move|p1a: Dondozo|Yawn|p2b: Brute Bonnet\n|-start|p2b: Brute Bonnet|move: Yawn|[of] p1a: Dondozo\n|move|p2b: Brute Bonnet|Spore|p1a: Dondozo\n|-status|p1a: Dondozo|slp|[from] move: Spore\n|move|p1b: Pawmot|Revival Blessing|p1b: Pawmot\n|-enditem|p1b: Pawmot|Leppa Berry|[eat]\n|-activate|p1b: Pawmot|item: Leppa Berry|Revival Blessing|[consumed]\n|\n|t:|1700080435\n|-heal|p1: Golem|50\/100|[from] move: Revival Blessing\n|\n|-heal|p1a: Dondozo|100\/100 slp|[from] item: Leftovers\n|-fieldend|move: Trick Room\n|upkeep\n|turn|6\n|\n|t:|1700080451\n|switch|p1a: Sinistcha|Sinistcha, shiny|100\/100\n|-heal|p1b: Pawmot|76\/100|[from] ability: Hospitality|[of] p1a: Sinistcha\n|move|p2a: Dragonite|Extreme Speed|p1b: Pawmot\n|-damage|p1b: Pawmot|24\/100\n|move|p1b: Pawmot|Ice Punch|p2a: Dragonite\n|-supereffective|p2a: Dragonite\n|-damage|p2a: Dragonite|60\/100\n|move|p2b: Brute Bonnet|Spore|p1b: Pawmot\n|-status|p1b: Pawmot|slp|[from] move: Spore\n|\n|-end|p2b: Brute Bonnet|move: Yawn|[silent]\n|-status|p2b: Brute Bonnet|slp\n|upkeep\n|turn|7\n|\n|t:|1700080471\n|switch|p1b: Golem|Golem-Alola, F, shiny|50\/100\n|move|p2a: Dragonite|Rock Slide|p1b: Golem|[spread] p1a,p1b\n|-damage|p1a: Sinistcha|74\/100\n|-damage|p1b: Golem|35\/100\n|cant|p2b: Brute Bonnet|slp\n|move|p1a: Sinistcha|Trick Room|p1a: Sinistcha\n|-fieldstart|move: Trick Room|[of] p1a: Sinistcha\n|\n|upkeep\n|turn|8\n|\n|t:|1700080484\n|move|p1a: Sinistcha|Protect|p1a: Sinistcha\n|-singleturn|p1a: Sinistcha|Protect\n|-curestatus|p2b: Brute Bonnet|slp|[msg]\n|move|p2b: Brute Bonnet|Rage Powder|p2b: Brute Bonnet\n|-singleturn|p2b: Brute Bonnet|move: Rage Powder\n|move|p2a: Dragonite|Extreme Speed|p1b: Golem\n|-resisted|p1b: Golem\n|-damage|p1b: Golem|24\/100\n|move|p1b: Golem|Explosion|p2a: Dragonite|[spread] p2a,p2b\n|-activate|p1a: Sinistcha|move: Protect\n|-resisted|p2b: Brute Bonnet\n|-damage|p2a: Dragonite|0 fnt\n|-damage|p2b: Brute Bonnet|47\/100\n|-enditem|p2b: Brute Bonnet|Sitrus Berry|[eat]\n|-heal|p2b: Brute Bonnet|72\/100|[from] item: Sitrus Berry\n|faint|p1b: Golem\n|faint|p2a: Dragonite\n|\n|upkeep\n|\n|t:|1700080502\n|switch|p1b: Iron Hands|Iron Hands, shiny|100\/100\n|-enditem|p1b: Iron Hands|Booster Energy\n|-activate|p1b: Iron Hands|ability: Quark Drive|[fromitem]\n|-start|p1b: Iron Hands|quarkdriveatk\n|turn|9\n|c|\u2606gaboz2401|Fucking rat\n|n|!gaboz2401|gaboz2401\n|inactive|gaboz2401 has 120 seconds left.\n|-message|gaboz2401 forfeited.\n|\n|win|Onanonapia\n|raw|Onanonapia's rating: 1063 &rarr; <strong>1100<\/strong><br \/>(+37 for winning)\n|raw|gaboz2401's rating: 1132 &rarr; <strong>1102<\/strong><br \/>(-30 for losing)\n|l|!gaboz2401\n","uploadtime":1700080520,"views":8,"p1id":"onanonapia","p2id":"gaboz2401","formatid":"gen9doublesou","rating":1100,"private":0,"password":""}