{"id":"gen9doublesou-1989850787","p1":"Ravvenn98","p2":"Blackbelt59","format":"[Gen 9] Doubles OU","log":"|j|\u2606Ravvenn98\n|j|\u2606Blackbelt59\n|t:|1699900979\n|gametype|doubles\n|player|p1|Ravvenn98|clair|1323\n|player|p2|Blackbelt59|1|1272\n|teamsize|p1|6\n|teamsize|p2|6\n|gen|9\n|tier|[Gen 9] Doubles OU\n|rated|\n|rule|Species Clause: Limit one of each Pok\u00e9mon\n|rule|OHKO Clause: OHKO moves are banned\n|rule|Evasion Moves Clause: Evasion moves are banned\n|rule|Gravity Sleep Clause: The combination of sleep-inducing moves with imperfect accuracy and Gravity or Gigantamax Orbeetle are banned\n|rule|Endless Battle Clause: Forcing endless battles is banned\n|rule|HP Percentage Mod: HP is shown in percentages\n|clearpoke\n|poke|p1|Houndstone, M|\n|poke|p1|Tyranitar, M|\n|poke|p1|Gholdengo|\n|poke|p1|Roaring Moon|\n|poke|p1|Tornadus, M|\n|poke|p1|Palafin, M|\n|poke|p2|Muk-Alola, M|\n|poke|p2|Landorus-Therian, M|\n|poke|p2|Salamence, F|\n|poke|p2|Rotom-Wash|\n|poke|p2|Dudunsparce-*, M|\n|poke|p2|Chandelure, M|\n|teampreview\n|\n|t:|1699901000\n|start\n|switch|p1a: Tornadus|Tornadus, M, shiny|100\/100\n|switch|p1b: Palafin|Palafin, M|100\/100\n|switch|p2a: There is three now|Dudunsparce-Three-Segment, M|100\/100\n|switch|p2b: Bro|Landorus-Therian, M|100\/100\n|-ability|p2b: Bro|Intimidate|boost\n|-unboost|p1a: Tornadus|atk|1\n|-unboost|p1b: Palafin|atk|1\n|turn|1\n|inactive|Battle timer is ON: inactive players will automatically lose when time's up. (requested by Blackbelt59)\n|\n|t:|1699901018\n|move|p2b: Bro|Protect|p2b: Bro\n|-singleturn|p2b: Bro|Protect\n|move|p1a: Tornadus|Tailwind|p1a: Tornadus\n|-sidestart|p1: Ravvenn98|move: Tailwind\n|move|p1b: Palafin|Flip Turn|p2b: Bro\n|-activate|p2b: Bro|move: Protect\n|move|p2a: There is three now|Coil|p2a: There is three now\n|-boost|p2a: There is three now|atk|1\n|-boost|p2a: There is three now|def|1\n|-boost|p2a: There is three now|accuracy|1\n|\n|upkeep\n|turn|2\n|\n|t:|1699901039\n|switch|p2b: Women|Rotom-Wash|100\/100\n|move|p1a: Tornadus|Icy Wind|p2a: There is three now|[spread] p2a,p2b\n|-resisted|p2b: Women\n|-damage|p2a: There is three now|90\/100\n|-damage|p2b: Women|95\/100\n|-unboost|p2a: There is three now|spe|1\n|-unboost|p2b: Women|spe|1\n|move|p1b: Palafin|Flip Turn|p2a: There is three now\n|-damage|p2a: There is three now|81\/100\n|\n|t:|1699901049\n|detailschange|p1b: Palafin|Palafin-Hero, M\n|switch|p1b: Roaring Moon|Roaring Moon|100\/100|[from] Flip Turn\n|-enditem|p1b: Roaring Moon|Booster Energy\n|-activate|p1b: Roaring Moon|ability: Protosynthesis|[fromitem]\n|-start|p1b: Roaring Moon|protosynthesisatk\n|move|p2a: There is three now|Coil|p2a: There is three now\n|-boost|p2a: There is three now|atk|1\n|-boost|p2a: There is three now|def|1\n|-boost|p2a: There is three now|accuracy|1\n|\n|upkeep\n|turn|3\n|\n|t:|1699901060\n|switch|p2b: Bro|Landorus-Therian, M|100\/100\n|-ability|p2b: Bro|Intimidate|boost\n|-unboost|p1a: Tornadus|atk|1\n|-unboost|p1b: Roaring Moon|atk|1\n|move|p2a: There is three now|Protect|p2a: There is three now\n|-singleturn|p2a: There is three now|Protect\n|move|p1b: Roaring Moon|Acrobatics|p2a: There is three now\n|-activate|p2a: There is three now|move: Protect\n|move|p1a: Tornadus|Bleakwind Storm|p2b: Bro|[spread] p2b\n|-activate|p2a: There is three now|move: Protect\n|-damage|p2b: Bro|52\/100\n|\n|upkeep\n|turn|4\n|\n|t:|1699901076\n|move|p2b: Bro|Protect|p2b: Bro\n|-singleturn|p2b: Bro|Protect\n|move|p1b: Roaring Moon|Acrobatics|p2a: There is three now\n|-damage|p2a: There is three now|61\/100\n|move|p1a: Tornadus|Icy Wind|p2b: Bro|[spread] p2a\n|-activate|p2b: Bro|move: Protect\n|-damage|p2a: There is three now|50\/100\n|-unboost|p2a: There is three now|spe|1\n|move|p2a: There is three now|Coil|p2a: There is three now\n|-boost|p2a: There is three now|atk|1\n|-boost|p2a: There is three now|def|1\n|-boost|p2a: There is three now|accuracy|1\n|\n|-sideend|p1: Ravvenn98|move: Tailwind\n|upkeep\n|turn|5\n|\n|t:|1699901103\n|switch|p2b: Women|Rotom-Wash|95\/100\n|move|p2a: There is three now|Protect|p2a: There is three now\n|-singleturn|p2a: There is three now|Protect\n|move|p1b: Roaring Moon|Fire Fang|p2a: There is three now\n|-activate|p2a: There is three now|move: Protect\n|move|p1a: Tornadus|Icy Wind|p2a: There is three now|[spread] p2b\n|-activate|p2a: There is three now|move: Protect\n|-resisted|p2b: Women\n|-damage|p2b: Women|90\/100\n|-unboost|p2b: Women|spe|1\n|\n|upkeep\n|turn|6\n|\n|t:|1699901119\n|switch|p2b: Bro|Landorus-Therian, M|52\/100\n|-ability|p2b: Bro|Intimidate|boost\n|-unboost|p1a: Tornadus|atk|1\n|-unboost|p1b: Roaring Moon|atk|1\n|move|p1b: Roaring Moon|Fire Fang|p2a: There is three now\n|-damage|p2a: There is three now|44\/100\n|move|p1a: Tornadus|Bleakwind Storm|p2b: Bro|[spread] p2a,p2b\n|-damage|p2a: There is three now|18\/100\n|-damage|p2b: Bro|1\/100\n|move|p2a: There is three now|Baton Pass|p2a: There is three now\n|\n|t:|1699901130\n|switch|p2a: Mountain Dew|Muk-Alola, M|100\/100|[from] Baton Pass\n|\n|upkeep\n|turn|7\n|\n|t:|1699901140\n|switch|p2b: There is three now|Dudunsparce-Three-Segment, M|18\/100\n|move|p2a: Mountain Dew|Protect|p2a: Mountain Dew\n|-singleturn|p2a: Mountain Dew|Protect\n|move|p1b: Roaring Moon|Acrobatics|p2a: Mountain Dew\n|-activate|p2a: Mountain Dew|move: Protect\n|move|p1a: Tornadus|Icy Wind|p2a: Mountain Dew|[spread] p2b\n|-activate|p2a: Mountain Dew|move: Protect\n|-damage|p2b: There is three now|7\/100\n|-unboost|p2b: There is three now|spe|1\n|\n|upkeep\n|turn|8\n|inactive|Blackbelt59 has 120 seconds left.\n|\n|t:|1699901176\n|move|p2b: There is three now|Protect|p2b: There is three now\n|-singleturn|p2b: There is three now|Protect\n|move|p1b: Roaring Moon|Acrobatics|p2a: Mountain Dew\n|-damage|p2a: Mountain Dew|88\/100\n|move|p1a: Tornadus|Bleakwind Storm|p2b: There is three now|[spread] p2a\n|-activate|p2b: There is three now|move: Protect\n|-damage|p2a: Mountain Dew|59\/100\n|move|p2a: Mountain Dew|Gunk Shot|p1a: Tornadus\n|-damage|p1a: Tornadus|0 fnt\n|faint|p1a: Tornadus\n|\n|-heal|p2a: Mountain Dew|65\/100|[from] item: Leftovers\n|upkeep\n|\n|t:|1699901193\n|switch|p1a: Palafin|Palafin-Hero, M|100\/100\n|-activate|p1a: Palafin|ability: Zero to Hero\n|turn|9\n|\n|t:|1699901202\n|switch|p2b: Bro|Landorus-Therian, M|1\/100\n|-ability|p2b: Bro|Intimidate|boost\n|-unboost|p1a: Palafin|atk|1\n|-unboost|p1b: Roaring Moon|atk|1\n|move|p2a: Mountain Dew|Protect|p2a: Mountain Dew\n|-singleturn|p2a: Mountain Dew|Protect\n|move|p1a: Palafin|Jet Punch|p2b: Bro\n|-supereffective|p2b: Bro\n|-damage|p2b: Bro|0 fnt\n|faint|p2b: Bro\n|-ability|p2a: Mountain Dew|Intimidate|boost\n|-unboost|p1a: Palafin|atk|1\n|-unboost|p1b: Roaring Moon|atk|1\n|-ability|p2a: Mountain Dew|Intimidate|[from] ability: Power of Alchemy|[of] p2b: Bro\n|move|p1b: Roaring Moon|Fire Fang|p2a: Mountain Dew\n|-activate|p2a: Mountain Dew|move: Protect\n|\n|-heal|p2a: Mountain Dew|72\/100|[from] item: Leftovers\n|upkeep\n|\n|t:|1699901227\n|switch|p2b: Women|Rotom-Wash|90\/100\n|turn|10\n|\n|t:|1699901234\n|move|p2b: Women|Protect|p2b: Women\n|-singleturn|p2b: Women|Protect\n|move|p1b: Roaring Moon|Fire Fang|p2a: Mountain Dew\n|-damage|p2a: Mountain Dew|66\/100\n|move|p1a: Palafin|Flip Turn|p2a: Mountain Dew\n|-damage|p2a: Mountain Dew|58\/100\n|\n|t:|1699901241\n|switch|p1a: Gholdengo|Gholdengo|100\/100|[from] Flip Turn\n|move|p2a: Mountain Dew|Gunk Shot|p1b: Roaring Moon\n|-damage|p1b: Roaring Moon|0 fnt\n|faint|p1b: Roaring Moon\n|-end|p1b: Roaring Moon|Protosynthesis|[silent]\n|\n|-heal|p2a: Mountain Dew|64\/100|[from] item: Leftovers\n|upkeep\n|\n|t:|1699901247\n|switch|p1b: Palafin|Palafin-Hero, M|100\/100\n|turn|11\n|\n|t:|1699901258\n|move|p2a: Mountain Dew|Protect|p2a: Mountain Dew\n|-singleturn|p2a: Mountain Dew|Protect\n|move|p1b: Palafin|Drain Punch|p2a: Mountain Dew\n|-activate|p2a: Mountain Dew|move: Protect\n|move|p1a: Gholdengo|Flash Cannon|p2a: Mountain Dew\n|-activate|p2a: Mountain Dew|move: Protect\n|move|p2b: Women|Discharge|p1a: Gholdengo|[spread] p1a,p1b\n|-activate|p2a: Mountain Dew|move: Protect\n|-supereffective|p1b: Palafin\n|-damage|p1a: Gholdengo|83\/100\n|-damage|p1b: Palafin|67\/100\n|\n|-heal|p2a: Mountain Dew|70\/100|[from] item: Leftovers\n|upkeep\n|turn|12\n|\n|t:|1699901280\n|move|p1b: Palafin|Drain Punch|p2a: Mountain Dew\n|-damage|p2a: Mountain Dew|58\/100\n|-heal|p1b: Palafin|74\/100|[from] drain|[of] p2a: Mountain Dew\n|move|p1a: Gholdengo|Flash Cannon|p2a: Mountain Dew\n|-damage|p2a: Mountain Dew|21\/100\n|move|p2b: Women|Will-O-Wisp|p1b: Palafin\n|-status|p1b: Palafin|brn\n|move|p2a: Mountain Dew|Knock Off|p1a: Gholdengo\n|-supereffective|p1a: Gholdengo\n|-damage|p1a: Gholdengo|0 fnt\n|-enditem|p1a: Gholdengo|Assault Vest|[from] move: Knock Off|[of] p2a: Mountain Dew\n|faint|p1a: Gholdengo\n|\n|-heal|p2a: Mountain Dew|27\/100|[from] item: Leftovers\n|-damage|p1b: Palafin|68\/100 brn|[from] brn\n|upkeep\n|\n|t:|1699901290\n|switch|p1a: Tyranitar|Tyranitar, M, shiny|100\/100\n|-weather|Sandstorm|[from] ability: Sand Stream|[of] p1a: Tyranitar\n|turn|13\n|\n|t:|1699901307\n|move|p1b: Palafin|Drain Punch|p2a: Mountain Dew\n|-damage|p2a: Mountain Dew|20\/100\n|-heal|p1b: Palafin|72\/100 brn|[from] drain|[of] p2a: Mountain Dew\n|move|p1a: Tyranitar|Crunch|p2b: Women\n|-damage|p2b: Women|39\/100\n|-unboost|p2b: Women|def|1\n|move|p2b: Women|Hydro Pump|p1b: Palafin\n|-resisted|p1b: Palafin\n|-damage|p1b: Palafin|57\/100 brn\n|move|p2a: Mountain Dew|Gunk Shot|p1a: Tyranitar\n|-resisted|p1a: Tyranitar\n|-damage|p1a: Tyranitar|38\/100\n|\n|-weather|Sandstorm|[upkeep]\n|-damage|p1b: Palafin|51\/100 brn|[from] Sandstorm\n|-damage|p2b: Women|33\/100|[from] Sandstorm\n|-damage|p2a: Mountain Dew|14\/100|[from] Sandstorm\n|-heal|p2a: Mountain Dew|20\/100|[from] item: Leftovers\n|-damage|p1b: Palafin|45\/100 brn|[from] brn\n|upkeep\n|turn|14\n|c|\u2606Blackbelt59|totally meant to flip flop those\n|c|\u2606Blackbelt59|the attacks\n|c|\u2606Ravvenn98|lol\n|\n|t:|1699901337\n|move|p2a: Mountain Dew|Protect|p2a: Mountain Dew\n|-singleturn|p2a: Mountain Dew|Protect\n|move|p1b: Palafin|Drain Punch|p2a: Mountain Dew\n|-activate|p2a: Mountain Dew|move: Protect\n|move|p1a: Tyranitar|High Horsepower|p2a: Mountain Dew\n|-activate|p2a: Mountain Dew|move: Protect\n|move|p2b: Women|Discharge|p1a: Tyranitar|[spread] p1a,p1b\n|-activate|p2a: Mountain Dew|move: Protect\n|-supereffective|p1b: Palafin\n|-damage|p1a: Tyranitar|23\/100\n|-damage|p1b: Palafin|15\/100 brn\n|\n|-weather|Sandstorm|[upkeep]\n|-damage|p1b: Palafin|9\/100 brn|[from] Sandstorm\n|-damage|p2b: Women|27\/100|[from] Sandstorm\n|-damage|p2a: Mountain Dew|14\/100|[from] Sandstorm\n|-heal|p2a: Mountain Dew|20\/100|[from] item: Leftovers\n|-damage|p1b: Palafin|3\/100 brn|[from] brn\n|upkeep\n|turn|15\n|\n|t:|1699901361\n|switch|p2a: There is three now|Dudunsparce-Three-Segment, M|7\/100\n|move|p1b: Palafin|Drain Punch|p2a: There is three now\n|-supereffective|p2a: There is three now\n|-damage|p2a: There is three now|0 fnt\n|-heal|p1b: Palafin|7\/100 brn|[from] drain|[of] p2a: There is three now\n|faint|p2a: There is three now\n|move|p1a: Tyranitar|High Horsepower|p2b: Women\n|-immune|p2b: Women|[from] ability: Levitate\n|move|p2b: Women|Discharge|p1a: Tyranitar|[spread] p1a,p1b\n|-supereffective|p1b: Palafin\n|-damage|p1a: Tyranitar|8\/100\n|-damage|p1b: Palafin|0 fnt\n|faint|p1b: Palafin\n|\n|-weather|Sandstorm|[upkeep]\n|-damage|p2b: Women|21\/100|[from] Sandstorm\n|-enditem|p2b: Women|Iapapa Berry|[eat]\n|-heal|p2b: Women|54\/100|[from] item: Iapapa Berry\n|upkeep\n|\n|t:|1699901381\n|switch|p1b: Houndstone|Houndstone, M|100\/100\n|switch|p2a: Mountain Dew|Muk-Alola, M|20\/100\n|turn|16\n|\n|t:|1699901393\n|move|p2a: Mountain Dew|Protect|p2a: Mountain Dew\n|-singleturn|p2a: Mountain Dew|Protect\n|move|p1b: Houndstone|Last Respects|p2b: Women\n|-damage|p2b: Women|0 fnt\n|faint|p2b: Women\n|-ability|p2a: Mountain Dew|Levitate|[from] ability: Power of Alchemy|[of] p2b: Women\n|move|p1a: Tyranitar|Dragon Claw|p2a: Mountain Dew\n|-activate|p2a: Mountain Dew|move: Protect\n|\n|-weather|Sandstorm|[upkeep]\n|-damage|p2a: Mountain Dew|14\/100|[from] Sandstorm\n|-heal|p2a: Mountain Dew|20\/100|[from] item: Leftovers\n|upkeep\n|\n|t:|1699901409\n|switch|p2b: House Party|Chandelure, M|100\/100\n|turn|17\n|\n|t:|1699901421\n|move|p1b: Houndstone|Last Respects|p2b: House Party\n|-supereffective|p2b: House Party\n|-damage|p2b: House Party|0 fnt\n|faint|p2b: House Party\n|move|p1a: Tyranitar|High Horsepower|p2a: Mountain Dew\n|-immune|p2a: Mountain Dew|[from] ability: Levitate\n|move|p2a: Mountain Dew|Fire Punch|p1a: Tyranitar\n|-resisted|p1a: Tyranitar\n|-damage|p1a: Tyranitar|0 fnt\n|faint|p1a: Tyranitar\n|\n|-weather|Sandstorm|[upkeep]\n|-damage|p2a: Mountain Dew|14\/100|[from] Sandstorm\n|-heal|p2a: Mountain Dew|20\/100|[from] item: Leftovers\n|upkeep\n|\n|t:|1699901436\n|switch|p2b: Rawr XD|Salamence, F|100\/100\n|turn|18\n|\n|t:|1699901442\n|move|p1b: Houndstone|Last Respects|p2a: Mountain Dew\n|-resisted|p2a: Mountain Dew\n|-damage|p2a: Mountain Dew|0 fnt\n|faint|p2a: Mountain Dew\n|move|p2b: Rawr XD|Dragon Dance|p2b: Rawr XD\n|-boost|p2b: Rawr XD|atk|1\n|-boost|p2b: Rawr XD|spe|1\n|\n|-weather|Sandstorm|[upkeep]\n|-damage|p2b: Rawr XD|94\/100|[from] Sandstorm\n|upkeep\n|turn|19\n|c|\u2606Ravvenn98|gg\n|\n|t:|1699901459\n|-terastallize|p2b: Rawr XD|Steel\n|move|p1b: Houndstone|Last Respects|p2b: Rawr XD\n|-damage|p2b: Rawr XD|0 fnt\n|faint|p2b: Rawr XD\n|\n|win|Ravvenn98\n|raw|Ravvenn98's rating: 1323 &rarr; <strong>1340<\/strong><br \/>(+17 for winning)\n|raw|Blackbelt59's rating: 1272 &rarr; <strong>1251<\/strong><br \/>(-21 for losing)\n|c|\u2606Blackbelt59|lol\n|c|\u2606Blackbelt59|sissy strat\n|c|\u2606Blackbelt59|but gg\n|c|\u2606Ravvenn98|a strat is a strat my guy\n","uploadtime":1699901486,"views":14,"p1id":"ravvenn98","p2id":"blackbelt59","formatid":"gen9doublesou","rating":1251,"private":0,"password":""}