{"id":"gen9doublesou-1991283887","p1":"AdvancedDigit","p2":"san1ti2ago","format":"[Gen 9] Doubles OU","log":"|j|\u2606AdvancedDigit\n|j|\u2606san1ti2ago\n|t:|1700064190\n|gametype|doubles\n|player|p1|AdvancedDigit|hilbert|1229\n|player|p2|san1ti2ago|169|1272\n|teamsize|p1|6\n|teamsize|p2|6\n|gen|9\n|tier|[Gen 9] Doubles OU\n|rated|\n|rule|Species Clause: Limit one of each Pok\u00e9mon\n|rule|OHKO Clause: OHKO moves are banned\n|rule|Evasion Moves Clause: Evasion moves are banned\n|rule|Gravity Sleep Clause: The combination of sleep-inducing moves with imperfect accuracy and Gravity or Gigantamax Orbeetle are banned\n|rule|Endless Battle Clause: Forcing endless battles is banned\n|rule|HP Percentage Mod: HP is shown in percentages\n|clearpoke\n|poke|p1|Grafaiai, F|\n|poke|p1|Enamorus, F|\n|poke|p1|Kingambit, M|\n|poke|p1|Flutter Mane|\n|poke|p1|Cresselia, F|\n|poke|p1|Gliscor, M|\n|poke|p2|Blissey, F|\n|poke|p2|Landorus-Therian, M|\n|poke|p2|Great Tusk|\n|poke|p2|Iron Moth|\n|poke|p2|Toxapex, F|\n|poke|p2|Dragapult, F|\n|teampreview\n|\n|t:|1700064223\n|start\n|switch|p1a: Grafaiai|Grafaiai, F|100\/100\n|switch|p1b: Enamorus|Enamorus, F|100\/100\n|switch|p2a: Iron Moth|Iron Moth|100\/100\n|switch|p2b: Toxapex|Toxapex, F|100\/100\n|-enditem|p2a: Iron Moth|Booster Energy\n|-activate|p2a: Iron Moth|ability: Quark Drive|[fromitem]\n|-start|p2a: Iron Moth|quarkdrivespe\n|turn|1\n|\n|t:|1700064240\n|move|p2b: Toxapex|Baneful Bunker|p2b: Toxapex\n|-singleturn|p2b: Toxapex|move: Protect\n|move|p1a: Grafaiai|Parting Shot|p1b: Enamorus\n|-boost|p1b: Enamorus|atk|1\n|-boost|p1b: Enamorus|spa|1\n|\n|t:|1700064246\n|switch|p1a: Gliscor|Gliscor, M|100\/100|[from] Parting Shot\n|move|p2a: Iron Moth|Sludge Wave|p1a: Gliscor|[spread] p1a,p1b\n|-activate|p2b: Toxapex|move: Protect\n|-resisted|p1a: Gliscor\n|-supereffective|p1b: Enamorus\n|-damage|p1a: Gliscor|79\/100\n|-damage|p1b: Enamorus|0 fnt\n|-status|p1a: Gliscor|psn\n|faint|p1b: Enamorus\n|\n|-heal|p1a: Gliscor|86\/100 psn|[from] item: Leftovers\n|-heal|p1a: Gliscor|98\/100 psn|[from] ability: Poison Heal\n|upkeep\n|\n|t:|1700064250\n|switch|p1b: Cresselia|Cresselia, F|100\/100\n|turn|2\n|\n|t:|1700064274\n|-end|p2a: Iron Moth|Quark Drive|[silent]\n|switch|p2a: Landorus|Landorus-Therian, M|100\/100\n|-ability|p2a: Landorus|Intimidate|boost\n|-unboost|p1a: Gliscor|atk|1\n|-unboost|p1b: Cresselia|atk|1\n|move|p1b: Cresselia|Skill Swap|p1a: Gliscor\n|-activate|p1b: Cresselia|move: Skill Swap|||[of] p1a: Gliscor\n|move|p1a: Gliscor|Knock Off|p2b: Toxapex\n|-crit|p2b: Toxapex\n|-damage|p2b: Toxapex|75\/100\n|-enditem|p2b: Toxapex|Leftovers|[from] move: Knock Off|[of] p1a: Gliscor\n|move|p2b: Toxapex|Chilling Water|p1a: Gliscor\n|-supereffective|p1a: Gliscor\n|-damage|p1a: Gliscor|73\/100 psn\n|-unboost|p1a: Gliscor|atk|1\n|\n|-heal|p1a: Gliscor|79\/100 psn|[from] item: Leftovers\n|-damage|p1a: Gliscor|66\/100 psn|[from] psn\n|-status|p1b: Cresselia|tox|[from] item: Toxic Orb\n|upkeep\n|turn|3\n|\n|t:|1700064304\n|move|p2a: Landorus|Crunch|p1b: Cresselia\n|-supereffective|p1b: Cresselia\n|-damage|p1b: Cresselia|56\/100 tox\n|move|p1b: Cresselia|Calm Mind|p1b: Cresselia\n|-boost|p1b: Cresselia|spa|1\n|-boost|p1b: Cresselia|spd|1\n|move|p1a: Gliscor|Knock Off|p2a: Landorus\n|-damage|p2a: Landorus|88\/100\n|-enditem|p2a: Landorus|Assault Vest|[from] move: Knock Off|[of] p1a: Gliscor\n|move|p2b: Toxapex|Chilling Water|p1a: Gliscor\n|-supereffective|p1a: Gliscor\n|-damage|p1a: Gliscor|40\/100 psn\n|-unboost|p1a: Gliscor|atk|1\n|\n|-heal|p1a: Gliscor|47\/100 psn|[from] item: Leftovers\n|-heal|p1b: Cresselia|68\/100 tox|[from] ability: Poison Heal\n|-damage|p1a: Gliscor|34\/100 psn|[from] psn\n|upkeep\n|turn|4\n|\n|t:|1700064337\n|switch|p1a: Grafaiai|Grafaiai, F|100\/100\n|move|p2a: Landorus|Crunch|p1b: Cresselia\n|-supereffective|p1b: Cresselia\n|-damage|p1b: Cresselia|25\/100 tox\n|-unboost|p1b: Cresselia|def|1\n|move|p1b: Cresselia|Moonlight|p1b: Cresselia\n|-heal|p1b: Cresselia|75\/100 tox\n|move|p2b: Toxapex|Haze|p2b: Toxapex\n|-clearallboost\n|\n|-heal|p1b: Cresselia|88\/100 tox|[from] ability: Poison Heal\n|upkeep\n|turn|5\n|\n|t:|1700064372\n|move|p1a: Grafaiai|Switcheroo|p1b: Cresselia\n|-activate|p1a: Grafaiai|move: Trick|[of] p1b: Cresselia\n|-item|p1b: Cresselia|Leftovers|[from] move: Switcheroo\n|-item|p1a: Grafaiai|Toxic Orb|[from] move: Switcheroo\n|move|p2a: Landorus|Crunch|p1b: Cresselia\n|-supereffective|p1b: Cresselia\n|-damage|p1b: Cresselia|47\/100 tox\n|move|p1b: Cresselia|Moonblast|p2a: Landorus\n|-damage|p2a: Landorus|65\/100\n|move|p2b: Toxapex|Toxic Spikes|p1a: Grafaiai\n|-sidestart|p1: AdvancedDigit|move: Toxic Spikes\n|\n|-heal|p1b: Cresselia|53\/100 tox|[from] item: Leftovers\n|-heal|p1b: Cresselia|65\/100 tox|[from] ability: Poison Heal\n|upkeep\n|turn|6\n|c|\u2606AdvancedDigit|damn thats unfortunate\n|\n|t:|1700064399\n|switch|p2b: Dragapult|Dragapult, F|100\/100\n|move|p1a: Grafaiai|Copycat|p1a: Grafaiai\n|move|p1a: Grafaiai|Toxic Spikes|p2b: Dragapult|[from]move: Copycat\n|-sidestart|p2: san1ti2ago|move: Toxic Spikes\n|move|p2a: Landorus|Crunch|p1b: Cresselia\n|-supereffective|p1b: Cresselia\n|-damage|p1b: Cresselia|19\/100 tox\n|move|p1b: Cresselia|Moonlight|p1b: Cresselia\n|-heal|p1b: Cresselia|69\/100 tox\n|\n|-heal|p1b: Cresselia|75\/100 tox|[from] item: Leftovers\n|-heal|p1b: Cresselia|87\/100 tox|[from] ability: Poison Heal\n|upkeep\n|turn|7\n|\n|t:|1700064412\n|move|p1a: Grafaiai|Parting Shot|p2a: Landorus\n|-unboost|p2a: Landorus|atk|1\n|-unboost|p2a: Landorus|spa|1\n|\n|t:|1700064416\n|switch|p1a: Kingambit|Kingambit, M|100\/100|[from] Parting Shot\n|move|p2b: Dragapult|Phantom Force||[still]\n|-prepare|p2b: Dragapult|Phantom Force\n|move|p2a: Landorus|Crunch|p1b: Cresselia\n|-supereffective|p1b: Cresselia\n|-damage|p1b: Cresselia|59\/100 tox\n|move|p1b: Cresselia|Moonblast|p2b: Dragapult|[miss]\n|-miss|p1b: Cresselia|p2b: Dragapult\n|\n|-heal|p1b: Cresselia|65\/100 tox|[from] item: Leftovers\n|-heal|p1b: Cresselia|78\/100 tox|[from] ability: Poison Heal\n|upkeep\n|turn|8\n|inactive|Battle timer is ON: inactive players will automatically lose when time's up. (requested by AdvancedDigit)\n|\n|t:|1700064444\n|move|p2b: Dragapult|Phantom Force|p1b: Cresselia|[from]lockedmove\n|-supereffective|p1b: Cresselia\n|-damage|p1b: Cresselia|19\/100 tox\n|move|p2a: Landorus|U-turn|p1a: Kingambit\n|-damage|p1a: Kingambit|87\/100\n|c|\u2606AdvancedDigit|oh damn\n|\n|t:|1700064470\n|switch|p2a: Iron Moth|Iron Moth|100\/100|[from] U-turn\n|-sideend|p2: san1ti2ago|move: Toxic Spikes|[of] p2a: Iron Moth\n|move|p1b: Cresselia|Moonlight|p1b: Cresselia\n|-heal|p1b: Cresselia|69\/100 tox\n|move|p1a: Kingambit|Kowtow Cleave|p2b: Dragapult\n|-supereffective|p2b: Dragapult\n|-damage|p2b: Dragapult|0 fnt\n|-start|p1a: Kingambit|Disable|Kowtow Cleave|[from] ability: Cursed Body|[of] p2b: Dragapult\n|faint|p2b: Dragapult\n|\n|-heal|p1b: Cresselia|75\/100 tox|[from] item: Leftovers\n|-heal|p1a: Kingambit|94\/100|[from] item: Leftovers\n|-heal|p1b: Cresselia|87\/100 tox|[from] ability: Poison Heal\n|upkeep\n|\n|t:|1700064474\n|switch|p2b: Landorus|Landorus-Therian, M|65\/100\n|-ability|p2b: Landorus|Intimidate|boost\n|-unboost|p1a: Kingambit|atk|1\n|-ability|p1a: Kingambit|Defiant|boost\n|-boost|p1a: Kingambit|atk|2\n|-unboost|p1b: Cresselia|atk|1\n|turn|9\n|\n|t:|1700064490\n|move|p1a: Kingambit|Sucker Punch|p2b: Landorus\n|-damage|p2b: Landorus|0 fnt\n|faint|p2b: Landorus\n|move|p2a: Iron Moth|Fiery Dance|p1a: Kingambit\n|-supereffective|p1a: Kingambit\n|-damage|p1a: Kingambit|19\/100\n|move|p1b: Cresselia|Calm Mind|p1b: Cresselia\n|-boost|p1b: Cresselia|spa|1\n|-boost|p1b: Cresselia|spd|1\n|\n|-heal|p1b: Cresselia|94\/100 tox|[from] item: Leftovers\n|-heal|p1a: Kingambit|25\/100|[from] item: Leftovers\n|-heal|p1b: Cresselia|100\/100 tox|[from] ability: Poison Heal\n|upkeep\n|\n|t:|1700064495\n|switch|p2b: Toxapex|Toxapex, F|100\/100\n|turn|10\n|\n|t:|1700064516\n|-end|p2a: Iron Moth|Quark Drive|[silent]\n|switch|p2a: Blissey|Blissey, F|100\/100\n|move|p1a: Kingambit|Sucker Punch||[still]\n|-fail|p1a: Kingambit\n|move|p1b: Cresselia|Moonblast|p2a: Blissey\n|-damage|p2a: Blissey|90\/100\n|move|p2b: Toxapex|Haze|p2b: Toxapex\n|-clearallboost\n|\n|-heal|p1a: Kingambit|32\/100|[from] item: Leftovers\n|-heal|p2a: Blissey|97\/100|[from] item: Leftovers\n|upkeep\n|turn|11\n|\n|t:|1700064532\n|switch|p1a: Grafaiai|Grafaiai, F|100\/100\n|-sideend|p1: AdvancedDigit|move: Toxic Spikes|[of] p1a: Grafaiai\n|move|p1b: Cresselia|Calm Mind|p1b: Cresselia\n|-boost|p1b: Cresselia|spa|1\n|-boost|p1b: Cresselia|spd|1\n|move|p2a: Blissey|Body Slam|p1a: Grafaiai\n|-damage|p1a: Grafaiai|90\/100\n|move|p2b: Toxapex|Chilling Water|p1a: Grafaiai\n|-damage|p1a: Grafaiai|80\/100\n|-unboost|p1a: Grafaiai|atk|1\n|\n|-heal|p2a: Blissey|100\/100|[from] item: Leftovers\n|upkeep\n|turn|12\n|\n|t:|1700064544\n|move|p1a: Grafaiai|Switcheroo|p2a: Blissey\n|-activate|p1a: Grafaiai|move: Trick|[of] p2a: Blissey\n|-item|p2a: Blissey|Toxic Orb|[from] move: Switcheroo\n|-item|p1a: Grafaiai|Leftovers|[from] move: Switcheroo\n|move|p1b: Cresselia|Moonblast|p2b: Toxapex\n|-resisted|p2b: Toxapex\n|-damage|p2b: Toxapex|92\/100\n|move|p2a: Blissey|Body Slam|p1a: Grafaiai\n|-damage|p1a: Grafaiai|70\/100\n|-status|p1a: Grafaiai|par\n|move|p2b: Toxapex|Chilling Water|p1a: Grafaiai\n|-damage|p1a: Grafaiai|59\/100 par\n|-unboost|p1a: Grafaiai|atk|1\n|\n|-heal|p1a: Grafaiai|65\/100 par|[from] item: Leftovers\n|-status|p2a: Blissey|tox|[from] item: Toxic Orb\n|upkeep\n|turn|13\n|inactive|san1ti2ago has 120 seconds left.\n|\n|t:|1700064580\n|move|p1a: Grafaiai|Copycat|p1a: Grafaiai\n|move|p1a: Grafaiai|Chilling Water|p2a: Blissey|[from]move: Copycat\n|-damage|p2a: Blissey|97\/100 tox\n|-unboost|p2a: Blissey|atk|1\n|move|p1b: Cresselia|Moonblast|p2b: Toxapex\n|-resisted|p2b: Toxapex\n|-damage|p2b: Toxapex|83\/100\n|move|p2a: Blissey|Substitute|p2a: Blissey\n|-start|p2a: Blissey|Substitute\n|-damage|p2a: Blissey|72\/100 tox\n|move|p2b: Toxapex|Haze|p2b: Toxapex\n|-clearallboost\n|\n|-heal|p1a: Grafaiai|71\/100 par|[from] item: Leftovers\n|-damage|p2a: Blissey|66\/100 tox|[from] psn\n|upkeep\n|turn|14\n|inactive|san1ti2ago has 120 seconds left.\n|\n|t:|1700064605\n|switch|p2b: Great Tusk|Great Tusk|100\/100\n|-enditem|p2b: Great Tusk|Booster Energy\n|-activate|p2b: Great Tusk|ability: Protosynthesis|[fromitem]\n|-start|p2b: Great Tusk|protosynthesisspe\n|move|p1a: Grafaiai|Parting Shot|p2a: Blissey\n|-unboost|p2a: Blissey|atk|1\n|-unboost|p2a: Blissey|spa|1\n|\n|t:|1700064613\n|switch|p1a: Flutter Mane|Flutter Mane|100\/100|[from] Parting Shot\n|-enditem|p1a: Flutter Mane|Booster Energy\n|-activate|p1a: Flutter Mane|ability: Protosynthesis|[fromitem]\n|-start|p1a: Flutter Mane|protosynthesisspe\n|move|p1b: Cresselia|Moonblast|p2a: Blissey\n|-activate|p2a: Blissey|move: Substitute|[damage]\n|move|p2a: Blissey|Rock Slide|p1b: Cresselia|[spread] p1a,p1b\n|-damage|p1a: Flutter Mane|97\/100\n|-damage|p1b: Cresselia|99\/100 tox\n|\n|-heal|p1b: Cresselia|100\/100 tox|[from] item: Leftovers\n|-damage|p2a: Blissey|54\/100 tox|[from] psn\n|upkeep\n|turn|15\n|inactive|san1ti2ago has 120 seconds left.\n|\n|t:|1700064648\n|move|p2b: Great Tusk|Protect|p2b: Great Tusk\n|-singleturn|p2b: Great Tusk|Protect\n|move|p1a: Flutter Mane|Dazzling Gleam|p2a: Blissey|[spread] p2a\n|-activate|p2b: Great Tusk|move: Protect\n|-crit|p2a: Blissey\n|-activate|p2a: Blissey|move: Substitute|[damage]\n|move|p1b: Cresselia|Moonblast|p2b: Great Tusk\n|-activate|p2b: Great Tusk|move: Protect\n|move|p2a: Blissey|Body Slam|p1a: Flutter Mane\n|-immune|p1a: Flutter Mane\n|\n|-damage|p2a: Blissey|35\/100 tox|[from] psn\n|upkeep\n|turn|16\n|\n|t:|1700064664\n|move|p1a: Flutter Mane|Dazzling Gleam|p2b: Great Tusk|[spread] p2a,p2b\n|-end|p2a: Blissey|Substitute\n|-supereffective|p2b: Great Tusk\n|-damage|p2b: Great Tusk|38\/100\n|move|p2b: Great Tusk|Earthquake|p1b: Cresselia|[spread] p2a,p1a,p1b\n|-damage|p2a: Blissey|9\/100 tox\n|-damage|p1a: Flutter Mane|31\/100\n|-damage|p1b: Cresselia|78\/100 tox\n|move|p1b: Cresselia|Moonblast|p2b: Great Tusk\n|-supereffective|p2b: Great Tusk\n|-damage|p2b: Great Tusk|0 fnt\n|faint|p2b: Great Tusk\n|-end|p2b: Great Tusk|Protosynthesis|[silent]\n|move|p2a: Blissey|Life Dew|p2a: Blissey\n|-heal|p2a: Blissey|34\/100 tox\n|\n|-heal|p1b: Cresselia|84\/100 tox|[from] item: Leftovers\n|-heal|p1b: Cresselia|96\/100 tox|[from] ability: Poison Heal\n|-damage|p2a: Blissey|10\/100 tox|[from] psn\n|upkeep\n|l|\u2606san1ti2ago\n|inactive|san1ti2ago disconnected and has a minute to reconnect!\n|player|p2|\n|inactive|san1ti2ago has 30 seconds to reconnect!\n|inactive|san1ti2ago has 20 seconds to reconnect!\n|inactive|san1ti2ago has 15 seconds to reconnect!\n|inactive|san1ti2ago has 10 seconds to reconnect!\n|inactive|san1ti2ago has 5 seconds to reconnect!\n|-message|san1ti2ago lost due to inactivity.\n|\n|win|AdvancedDigit\n|raw|AdvancedDigit's rating: 1229 &rarr; <strong>1257<\/strong><br \/>(+28 for winning)\n|raw|san1ti2ago's rating: 1272 &rarr; <strong>1244<\/strong><br \/>(-28 for losing)\n","uploadtime":1700064739,"views":12,"p1id":"advanceddigit","p2id":"san1ti2ago","formatid":"gen9doublesou","rating":1244,"private":0,"password":""}