{"id":"gen9doublesou-1992220522","p1":"Too Toed","p2":"sillypoopee","format":"[Gen 9] Doubles OU","log":"|j|\u2606Too Toed\n|j|\u2606sillypoopee\n|t:|1700165040\n|gametype|doubles\n|player|p1|Too Toed|waitress|1096\n|player|p2|sillypoopee|veteran|1031\n|teamsize|p1|6\n|teamsize|p2|6\n|gen|9\n|tier|[Gen 9] Doubles OU\n|rated|\n|rule|Species Clause: Limit one of each Pok\u00e9mon\n|rule|OHKO Clause: OHKO moves are banned\n|rule|Evasion Moves Clause: Evasion moves are banned\n|rule|Gravity Sleep Clause: The combination of sleep-inducing moves with imperfect accuracy and Gravity or Gigantamax Orbeetle are banned\n|rule|Endless Battle Clause: Forcing endless battles is banned\n|rule|HP Percentage Mod: HP is shown in percentages\n|clearpoke\n|poke|p1|Goodra-Hisui, F|\n|poke|p1|Gliscor, M|\n|poke|p1|Glimmora, F|\n|poke|p1|Ting-Lu|\n|poke|p1|Grimmsnarl, M|\n|poke|p1|Alomomola, F|\n|poke|p2|Arcanine-Hisui, M|\n|poke|p2|Landorus-Therian, M|\n|poke|p2|Honchkrow, M|\n|poke|p2|Tauros-Paldea-Aqua, M|\n|poke|p2|Iron Hands|\n|poke|p2|Rillaboom, M|\n|teampreview\n|inactive|Battle timer is ON: inactive players will automatically lose when time's up. (requested by Too Toed)\n|\n|t:|1700165057\n|start\n|switch|p1a: Gliscor|Gliscor, M|100\/100\n|switch|p1b: Goodra|Goodra-Hisui, F|100\/100\n|switch|p2a: Honchkrow|Honchkrow, M|100\/100\n|switch|p2b: Tauros|Tauros-Paldea-Aqua, M|100\/100\n|turn|1\n|\n|t:|1700165076\n|-terastallize|p2b: Tauros|Electric\n|move|p1a: Gliscor|Spikes|p2b: Tauros\n|-sidestart|p2: sillypoopee|Spikes\n|move|p2b: Tauros|Wave Crash|p1b: Goodra\n|-resisted|p1b: Goodra\n|-damage|p1b: Goodra|74\/100\n|-damage|p2b: Tauros|91\/100|[from] Recoil\n|move|p2a: Honchkrow|Gust|p2b: Tauros\n|-resisted|p2b: Tauros\n|-damage|p2b: Tauros|86\/100\n|move|p1b: Goodra|Acid Armor|p1b: Goodra\n|-boost|p1b: Goodra|def|2\n|\n|-heal|p1b: Goodra|80\/100|[from] item: Leftovers\n|-status|p1a: Gliscor|tox|[from] item: Toxic Orb\n|upkeep\n|turn|2\n|j| Foster121505\n|\n|t:|1700165097\n|move|p1a: Gliscor|Toxic|p2b: Tauros\n|-status|p2b: Tauros|tox\n|move|p2b: Tauros|Earthquake|p1a: Gliscor|[spread] p1b\n|-immune|p2a: Honchkrow\n|-immune|p1a: Gliscor\n|-supereffective|p1b: Goodra\n|-crit|p1b: Goodra\n|-damage|p1b: Goodra|18\/100\n|move|p2a: Honchkrow|Gust|p2b: Tauros\n|-resisted|p2b: Tauros\n|-damage|p2b: Tauros|79\/100 tox\n|move|p1b: Goodra|Acid Armor|p1b: Goodra\n|-boost|p1b: Goodra|def|2\n|\n|-heal|p1b: Goodra|24\/100|[from] item: Leftovers\n|-damage|p2b: Tauros|73\/100 tox|[from] psn\n|upkeep\n|turn|3\n|\n|t:|1700165126\n|switch|p1b: Alomomola|Alomomola, F|100\/100\n|move|p1a: Gliscor|Substitute|p1a: Gliscor\n|-start|p1a: Gliscor|Substitute\n|-damage|p1a: Gliscor|76\/100 tox\n|move|p2b: Tauros|Wave Crash|p1a: Gliscor\n|-supereffective|p1a: Gliscor\n|-end|p1a: Gliscor|Substitute\n|-damage|p2b: Tauros|65\/100 tox|[from] Recoil|[of] p1a: Gliscor\n|move|p2a: Honchkrow|Gust|p2b: Tauros\n|-resisted|p2b: Tauros\n|-damage|p2b: Tauros|58\/100 tox\n|\n|-heal|p1a: Gliscor|88\/100 tox|[from] ability: Poison Heal\n|-damage|p2b: Tauros|45\/100 tox|[from] psn\n|upkeep\n|turn|4\n|inactive|Too Toed has 120 seconds left.\n|\n|t:|1700165162\n|move|p1a: Gliscor|Protect|p1a: Gliscor\n|-singleturn|p1a: Gliscor|Protect\n|move|p2b: Tauros|Aqua Jet|p1a: Gliscor\n|-activate|p1a: Gliscor|move: Protect\n|move|p2a: Honchkrow|Gust|p2b: Tauros\n|-resisted|p2b: Tauros\n|-damage|p2b: Tauros|39\/100 tox\n|move|p1b: Alomomola|Wish|p1b: Alomomola\n|\n|-heal|p1a: Gliscor|100\/100 tox|[from] ability: Poison Heal\n|-damage|p2b: Tauros|21\/100 tox|[from] psn\n|upkeep\n|turn|5\n|c|\u2606sillypoopee|battle timer but you take longer fr?\n|inactive|Too Toed has 120 seconds left.\n|\n|t:|1700165184\n|move|p2b: Tauros|Aqua Jet|p1a: Gliscor\n|-supereffective|p1a: Gliscor\n|-damage|p1a: Gliscor|75\/100 tox\n|move|p1a: Gliscor|Spikes|p2b: Tauros\n|-sidestart|p2: sillypoopee|Spikes\n|move|p2a: Honchkrow|Gust|p2b: Tauros\n|-resisted|p2b: Tauros\n|-damage|p2b: Tauros|15\/100 tox\n|move|p1b: Alomomola|Flip Turn|p2b: Tauros\n|-damage|p2b: Tauros|0 fnt\n|faint|p2b: Tauros\n|inactive|Too Toed has 120 seconds left.\n|\n|t:|1700165197\n|switch|p1b: Goodra|Goodra-Hisui, F|24\/100|[from] Flip Turn\n|\n|-heal|p1b: Goodra|97\/100|[from] move: Wish|[wisher] Alomomola\n|-heal|p1b: Goodra|100\/100|[from] item: Leftovers\n|-heal|p1a: Gliscor|88\/100 tox|[from] ability: Poison Heal\n|upkeep\n|\n|t:|1700165209\n|switch|p2b: Rillaboom|Rillaboom, M|100\/100\n|-damage|p2b: Rillaboom|84\/100|[from] Spikes\n|-fieldstart|move: Grassy Terrain|[from] ability: Grassy Surge|[of] p2b: Rillaboom\n|-enditem|p2b: Rillaboom|Grassy Seed\n|-boost|p2b: Rillaboom|def|1|[from] item: Grassy Seed\n|turn|6\n|\n|t:|1700165226\n|move|p2b: Rillaboom|Grassy Glide|p1b: Goodra\n|-ability|p1b: Goodra|Sap Sipper|boost\n|-boost|p1b: Goodra|atk|1\n|move|p1a: Gliscor|Toxic|p2b: Rillaboom\n|-status|p2b: Rillaboom|tox\n|move|p2a: Honchkrow|Brave Bird|p1a: Gliscor\n|-damage|p1a: Gliscor|58\/100 tox\n|-damage|p2a: Honchkrow|90\/100|[from] Recoil\n|move|p1b: Goodra|Acid Armor|p1b: Goodra\n|-boost|p1b: Goodra|def|2\n|\n|-heal|p2b: Rillaboom|90\/100 tox|[from] Grassy Terrain\n|-heal|p1a: Gliscor|70\/100 tox|[from] ability: Poison Heal\n|-damage|p2b: Rillaboom|84\/100 tox|[from] psn\n|upkeep\n|turn|7\n|inactive|Too Toed has 120 seconds left.\n|l| Foster121505\n|\n|t:|1700165262\n|move|p1a: Gliscor|Substitute|p1a: Gliscor\n|-start|p1a: Gliscor|Substitute\n|-damage|p1a: Gliscor|45\/100 tox\n|move|p2b: Rillaboom|Earthquake|p1b: Goodra|[spread] p1b\n|-immune|p2a: Honchkrow\n|-immune|p1a: Gliscor\n|-supereffective|p1b: Goodra\n|-damage|p1b: Goodra|88\/100\n|move|p2a: Honchkrow|Thunder Wave|p1b: Goodra|[miss]\n|-miss|p2a: Honchkrow|p1b: Goodra\n|move|p1b: Goodra|Body Press|p2a: Honchkrow\n|-damage|p2a: Honchkrow|45\/100\n|\n|-heal|p2b: Rillaboom|90\/100 tox|[from] Grassy Terrain\n|-heal|p1b: Goodra|94\/100|[from] Grassy Terrain\n|-heal|p1b: Goodra|99\/100|[from] item: Leftovers\n|-heal|p1a: Gliscor|58\/100 tox|[from] ability: Poison Heal\n|-damage|p2b: Rillaboom|78\/100 tox|[from] psn\n|upkeep\n|turn|8\n|inactive|Too Toed has 120 seconds left.\n|\n|t:|1700165291\n|move|p2b: Rillaboom|Grassy Glide|p1a: Gliscor\n|-activate|p1a: Gliscor|move: Substitute|[damage]\n|move|p1a: Gliscor|Toxic|p2a: Honchkrow\n|-status|p2a: Honchkrow|tox\n|move|p2a: Honchkrow|Thunder Wave|p1b: Goodra\n|-status|p1b: Goodra|par\n|move|p1b: Goodra|Dragon Tail|p2a: Honchkrow\n|-damage|p2a: Honchkrow|10\/100 tox\n|drag|p2a: Landorus|Landorus-Therian, M|100\/100\n|-ability|p2a: Landorus|Intimidate|boost\n|-immune|p1a: Gliscor\n|-unboost|p1b: Goodra|atk|1\n|\n|-heal|p2b: Rillaboom|84\/100 tox|[from] Grassy Terrain\n|-heal|p1b: Goodra|100\/100 par|[from] Grassy Terrain\n|-heal|p1a: Gliscor|70\/100 tox|[from] ability: Poison Heal\n|-damage|p2b: Rillaboom|66\/100 tox|[from] psn\n|upkeep\n|turn|9\n|inactive|Too Toed has 120 seconds left.\n|\n|t:|1700165319\n|move|p2a: Landorus|Extrasensory|p1b: Goodra\n|-resisted|p1b: Goodra\n|-damage|p1b: Goodra|96\/100 par\n|move|p1a: Gliscor|Toxic|p2a: Landorus\n|-status|p2a: Landorus|tox\n|move|p2b: Rillaboom|Trailblaze|p1b: Goodra\n|-ability|p1b: Goodra|Sap Sipper|boost\n|-boost|p1b: Goodra|atk|1\n|cant|p1b: Goodra|flinch\n|\n|-heal|p2b: Rillaboom|72\/100 tox|[from] Grassy Terrain\n|-heal|p1b: Goodra|100\/100 par|[from] Grassy Terrain\n|-damage|p2a: Landorus|94\/100 tox|[from] psn\n|-heal|p1a: Gliscor|82\/100 tox|[from] ability: Poison Heal\n|-damage|p2b: Rillaboom|47\/100 tox|[from] psn\n|upkeep\n|turn|10\n|inactive|Too Toed has 120 seconds left.\n|\n|t:|1700165346\n|move|p2a: Landorus|Extrasensory|p1a: Gliscor\n|-end|p1a: Gliscor|Substitute\n|move|p1a: Gliscor|Spikes|p2b: Rillaboom\n|-sidestart|p2: sillypoopee|Spikes\n|move|p2b: Rillaboom|Earthquake|p1a: Gliscor|[spread] p1b\n|-immune|p2a: Landorus\n|-immune|p1a: Gliscor\n|-supereffective|p1b: Goodra\n|-crit|p1b: Goodra\n|-damage|p1b: Goodra|63\/100 par\n|move|p1b: Goodra|Acid Armor|p1b: Goodra\n|-boost|p1b: Goodra|def|2\n|\n|-heal|p2b: Rillaboom|53\/100 tox|[from] Grassy Terrain\n|-heal|p1b: Goodra|69\/100 par|[from] Grassy Terrain\n|-heal|p1b: Goodra|75\/100 par|[from] item: Leftovers\n|-damage|p2a: Landorus|82\/100 tox|[from] psn\n|-heal|p1a: Gliscor|95\/100 tox|[from] ability: Poison Heal\n|-damage|p2b: Rillaboom|22\/100 tox|[from] psn\n|-fieldend|move: Grassy Terrain\n|upkeep\n|turn|11\n|inactive|Too Toed has 120 seconds left.\n|\n|t:|1700165374\n|move|p1a: Gliscor|Protect|p1a: Gliscor\n|-singleturn|p1a: Gliscor|Protect\n|move|p2a: Landorus|Extrasensory|p1a: Gliscor\n|-activate|p1a: Gliscor|move: Protect\n|move|p2b: Rillaboom|Earthquake|p1b: Goodra|[spread] p1b\n|-activate|p1a: Gliscor|move: Protect\n|-immune|p2a: Landorus\n|-supereffective|p1b: Goodra\n|-damage|p1b: Goodra|59\/100 par\n|move|p1b: Goodra|Body Press|p2a: Landorus\n|-resisted|p2a: Landorus\n|-damage|p2a: Landorus|51\/100 tox\n|\n|-heal|p1b: Goodra|65\/100 par|[from] item: Leftovers\n|-damage|p2a: Landorus|32\/100 tox|[from] psn\n|-heal|p1a: Gliscor|100\/100 tox|[from] ability: Poison Heal\n|-damage|p2b: Rillaboom|0 fnt|[from] psn\n|faint|p2b: Rillaboom\n|upkeep\n|inactive|sillypoopee has 120 seconds left.\n|\n|t:|1700165394\n|switch|p2b: Iron Hands|Iron Hands|100\/100\n|-damage|p2b: Iron Hands|76\/100|[from] Spikes\n|turn|12\n|\n|t:|1700165409\n|move|p2b: Iron Hands|Fake Out|p1a: Gliscor\n|-damage|p1a: Gliscor|90\/100 tox\n|move|p2a: Landorus|Extrasensory|p1a: Gliscor\n|-damage|p1a: Gliscor|68\/100 tox\n|cant|p1a: Gliscor|flinch\n|cant|p1b: Goodra|par\n|\n|-heal|p1b: Goodra|71\/100 par|[from] item: Leftovers\n|-damage|p2a: Landorus|7\/100 tox|[from] psn\n|-heal|p1a: Gliscor|81\/100 tox|[from] ability: Poison Heal\n|upkeep\n|turn|13\n|-enditem|p2a: Landorus|Custap Berry|[eat]\n|-activate|p2a: Landorus|item: Custap Berry|[consumed]\n|\n|t:|1700165426\n|move|p2a: Landorus|Extrasensory|p1a: Gliscor\n|-damage|p1a: Gliscor|59\/100 tox\n|move|p1a: Gliscor|Substitute|p1a: Gliscor\n|-start|p1a: Gliscor|Substitute\n|-damage|p1a: Gliscor|34\/100 tox\n|move|p2b: Iron Hands|Drain Punch|p1b: Goodra\n|-supereffective|p1b: Goodra\n|-damage|p1b: Goodra|46\/100 par\n|-heal|p2b: Iron Hands|86\/100|[from] drain|[of] p1b: Goodra\n|move|p1b: Goodra|Body Press|p2b: Iron Hands\n|-damage|p2b: Iron Hands|44\/100\n|\n|-heal|p1b: Goodra|52\/100 par|[from] item: Leftovers\n|-damage|p2a: Landorus|0 fnt|[from] psn\n|faint|p2a: Landorus\n|-heal|p1a: Gliscor|47\/100 tox|[from] ability: Poison Heal\n|upkeep\n|inactive|sillypoopee has 120 seconds left.\n|\n|t:|1700165447\n|switch|p2a: Arcanine|Arcanine-Hisui, M|100\/100\n|-damage|p2a: Arcanine|76\/100|[from] Spikes\n|turn|14\n|\n|t:|1700165462\n|move|p2a: Arcanine|Flare Blitz|p1b: Goodra\n|-damage|p1b: Goodra|32\/100 par\n|move|p1a: Gliscor|Toxic|p2b: Iron Hands\n|-status|p2b: Iron Hands|tox\n|move|p2b: Iron Hands|Body Slam|p1a: Gliscor\n|-activate|p1a: Gliscor|move: Substitute|[damage]\n|cant|p1b: Goodra|par\n|\n|-heal|p1b: Goodra|38\/100 par|[from] item: Leftovers\n|-heal|p1a: Gliscor|59\/100 tox|[from] ability: Poison Heal\n|-damage|p2b: Iron Hands|38\/100 tox|[from] psn\n|upkeep\n|turn|15\n|\n|t:|1700165482\n|move|p2a: Arcanine|Double-Edge|p1b: Goodra\n|-resisted|p1b: Goodra\n|-damage|p1b: Goodra|33\/100 par\n|move|p1a: Gliscor|Toxic|p2a: Arcanine\n|-status|p2a: Arcanine|tox\n|move|p2b: Iron Hands|Earthquake|p1a: Gliscor|[spread] p2a,p1b\n|-immune|p1a: Gliscor\n|-supereffective|p2a: Arcanine\n|-supereffective|p1b: Goodra\n|-damage|p2a: Arcanine|0 fnt\n|-damage|p1b: Goodra|16\/100 par\n|faint|p2a: Arcanine\n|move|p1b: Goodra|Body Press|p2b: Iron Hands\n|-damage|p2b: Iron Hands|0 fnt\n|faint|p2b: Iron Hands\n|-end|p2b: Iron Hands|Quark Drive|[silent]\n|\n|-heal|p1b: Goodra|22\/100 par|[from] item: Leftovers\n|-heal|p1a: Gliscor|72\/100 tox|[from] ability: Poison Heal\n|upkeep\n|-message|sillypoopee forfeited.\n|\n|win|Too Toed\n|raw|Too Toed's rating: 1096 &rarr; <strong>1117<\/strong><br \/>(+21 for winning)\n|raw|sillypoopee's rating: 1031 &rarr; <strong>1019<\/strong><br \/>(-12 for losing)\n|l|\u2606sillypoopee\n|l|\u2606Too Toed\n|j|\u2606Too Toed\n|player|p1|Too Toed|waitress\n","uploadtime":1700165526,"views":26,"p1id":"tootoed","p2id":"sillypoopee","formatid":"gen9doublesou","rating":1019,"private":0,"password":""}