{"id":"gen9doublesou-1996044311","p1":"Critian Caceorte","p2":"Trevoryu","format":"[Gen 9] Doubles OU","log":"|j|\u2606Critian Caceorte\n|j|\u2606Trevoryu\n|t:|1700634475\n|gametype|doubles\n|player|p1|Critian Caceorte|hilda|1265\n|player|p2|Trevoryu|policeman-gen4|1149\n|teamsize|p1|6\n|teamsize|p2|6\n|gen|9\n|tier|[Gen 9] Doubles OU\n|rated|\n|rule|Species Clause: Limit one of each Pok\u00e9mon\n|rule|OHKO Clause: OHKO moves are banned\n|rule|Evasion Moves Clause: Evasion moves are banned\n|rule|Gravity Sleep Clause: The combination of sleep-inducing moves with imperfect accuracy and Gravity or Gigantamax Orbeetle are banned\n|rule|Endless Battle Clause: Forcing endless battles is banned\n|rule|HP Percentage Mod: HP is shown in percentages\n|clearpoke\n|poke|p1|Flutter Mane|\n|poke|p1|Dragapult, F|\n|poke|p1|Dusknoir, F|\n|poke|p1|Chandelure, F|\n|poke|p1|Houndstone, F|\n|poke|p1|Mimikyu, F|\n|poke|p2|Hoopa-Unbound|\n|poke|p2|Regieleki|\n|poke|p2|Sneasler, F|\n|poke|p2|Rillaboom, F|\n|poke|p2|Hawlucha, F|\n|poke|p2|Volcanion|\n|teampreview\n|\n|t:|1700634486\n|start\n|switch|p1a: Dragapult|Dragapult, F|100\/100\n|switch|p1b: Chandelure|Chandelure, F|100\/100\n|switch|p2a: Rillaboom|Rillaboom, F, shiny|100\/100\n|switch|p2b: Hawlucha|Hawlucha, F, shiny|100\/100\n|-fieldstart|move: Grassy Terrain|[from] ability: Grassy Surge|[of] p2a: Rillaboom\n|-enditem|p2b: Hawlucha|Grassy Seed\n|-boost|p2b: Hawlucha|def|1|[from] item: Grassy Seed\n|turn|1\n|\n|t:|1700634506\n|move|p2b: Hawlucha|Swords Dance|p2b: Hawlucha\n|-boost|p2b: Hawlucha|atk|2\n|move|p1a: Dragapult|Dragon Dance|p1a: Dragapult\n|-boost|p1a: Dragapult|atk|1\n|-boost|p1a: Dragapult|spe|1\n|move|p1b: Chandelure|Calm Mind|p1b: Chandelure\n|-boost|p1b: Chandelure|spa|1\n|-boost|p1b: Chandelure|spd|1\n|move|p2a: Rillaboom|Wood Hammer|p1a: Dragapult\n|-resisted|p1a: Dragapult\n|-damage|p1a: Dragapult|54\/100\n|-damage|p2a: Rillaboom|86\/100|[from] Recoil\n|\n|-heal|p1a: Dragapult|60\/100|[from] Grassy Terrain\n|-heal|p2a: Rillaboom|92\/100|[from] Grassy Terrain\n|upkeep\n|turn|2\n|inactive|Battle timer is ON: inactive players will automatically lose when time's up. (requested by Trevoryu)\n|\n|t:|1700634531\n|move|p2b: Hawlucha|Rock Slide|p1a: Dragapult|[spread] p1a,p1b\n|-supereffective|p1b: Chandelure\n|-damage|p1a: Dragapult|16\/100\n|-enditem|p1b: Chandelure|Focus Sash\n|-damage|p1b: Chandelure|1\/100\n|-enditem|p1a: Dragapult|Aguav Berry|[eat]\n|-heal|p1a: Dragapult|49\/100|[from] item: Aguav Berry\n|cant|p1a: Dragapult|flinch\n|move|p1b: Chandelure|Heat Wave|p2a: Rillaboom|[spread] p2b\n|-miss|p1b: Chandelure|p2a: Rillaboom\n|-damage|p2b: Hawlucha|0 fnt\n|faint|p2b: Hawlucha\n|move|p2a: Rillaboom|Wood Hammer|p1a: Dragapult\n|-resisted|p1a: Dragapult\n|-damage|p1a: Dragapult|2\/100\n|-damage|p2a: Rillaboom|78\/100|[from] Recoil\n|\n|-heal|p1a: Dragapult|8\/100|[from] Grassy Terrain\n|-heal|p1b: Chandelure|7\/100|[from] Grassy Terrain\n|-heal|p2a: Rillaboom|84\/100|[from] Grassy Terrain\n|upkeep\n|\n|t:|1700634545\n|switch|p2b: Sneasler|Sneasler, F, shiny|100\/100\n|-enditem|p2b: Sneasler|Grassy Seed\n|-boost|p2b: Sneasler|def|1|[from] item: Grassy Seed\n|turn|3\n|\n|t:|1700634566\n|move|p2b: Sneasler|Dire Claw|p1a: Dragapult\n|-resisted|p1a: Dragapult\n|-damage|p1a: Dragapult|0 fnt\n|faint|p1a: Dragapult\n|move|p1b: Chandelure|Heat Wave|p2a: Rillaboom|[spread] p2a,p2b\n|-supereffective|p2a: Rillaboom\n|-damage|p2a: Rillaboom|0 fnt\n|-damage|p2b: Sneasler|22\/100\n|faint|p2a: Rillaboom\n|\n|-heal|p2b: Sneasler|28\/100|[from] Grassy Terrain\n|-heal|p1b: Chandelure|13\/100|[from] Grassy Terrain\n|upkeep\n|\n|t:|1700634578\n|switch|p1a: Flutter Mane|Flutter Mane|100\/100\n|switch|p2a: Volcanion|Volcanion|100\/100\n|-enditem|p1a: Flutter Mane|Booster Energy\n|-activate|p1a: Flutter Mane|ability: Protosynthesis|[fromitem]\n|-start|p1a: Flutter Mane|protosynthesisspe\n|turn|4\n|\n|t:|1700634605\n|move|p2b: Sneasler|Acrobatics|p1a: Flutter Mane\n|-damage|p1a: Flutter Mane|2\/100\n|move|p1a: Flutter Mane|Dazzling Gleam|p2a: Volcanion|[spread] p2a,p2b\n|-resisted|p2a: Volcanion\n|-damage|p2a: Volcanion|91\/100\n|-damage|p2b: Sneasler|0 fnt\n|faint|p2b: Sneasler\n|move|p1b: Chandelure|Shadow Ball|p2a: Volcanion\n|-damage|p2a: Volcanion|47\/100\n|-unboost|p2a: Volcanion|spd|1\n|move|p2a: Volcanion|Earth Power|p1b: Chandelure\n|-supereffective|p1b: Chandelure\n|-damage|p1b: Chandelure|0 fnt\n|faint|p1b: Chandelure\n|\n|-heal|p1a: Flutter Mane|8\/100|[from] Grassy Terrain\n|-heal|p2a: Volcanion|53\/100|[from] Grassy Terrain\n|upkeep\n|\n|t:|1700634622\n|switch|p2b: Hoopa|Hoopa-Unbound|100\/100\n|switch|p1b: Mimikyu|Mimikyu, F|100\/100\n|turn|5\n|\n|t:|1700634642\n|move|p1a: Flutter Mane|Icy Wind|p2b: Hoopa|[spread] p2a,p2b\n|-resisted|p2a: Volcanion\n|-damage|p2a: Volcanion|50\/100\n|-damage|p2b: Hoopa|94\/100\n|-unboost|p2a: Volcanion|spe|1\n|-unboost|p2b: Hoopa|spe|1\n|move|p1b: Mimikyu|Bulk Up|p1b: Mimikyu\n|-boost|p1b: Mimikyu|atk|1\n|-boost|p1b: Mimikyu|def|1\n|move|p2b: Hoopa|Dark Pulse|p1b: Mimikyu\n|-activate|p1b: Mimikyu|ability: Disguise\n|-damage|p1b: Mimikyu|100\/100\n|detailschange|p1b: Mimikyu|Mimikyu-Busted, F\n|-damage|p1b: Mimikyu|88\/100|[from] pokemon: Mimikyu-Busted\n|move|p2a: Volcanion|Heat Wave|p1a: Flutter Mane|[spread] p1a,p1b\n|-damage|p1a: Flutter Mane|0 fnt\n|-damage|p1b: Mimikyu|49\/100\n|faint|p1a: Flutter Mane\n|-end|p1a: Flutter Mane|Protosynthesis|[silent]\n|\n|-heal|p1b: Mimikyu|54\/100|[from] Grassy Terrain\n|-heal|p2b: Hoopa|99\/100|[from] Grassy Terrain\n|-heal|p2a: Volcanion|56\/100|[from] Grassy Terrain\n|-fieldend|move: Grassy Terrain\n|upkeep\n|\n|t:|1700634662\n|switch|p1a: Dusknoir|Dusknoir, F|100\/100\n|-item|p2a: Volcanion|Assault Vest|[from] ability: Frisk|[of] p1a: Dusknoir|[identify]\n|-item|p2b: Hoopa|Assault Vest|[from] ability: Frisk|[of] p1a: Dusknoir|[identify]\n|turn|6\n|\n|t:|1700634688\n|move|p1b: Mimikyu|Play Rough|p2b: Hoopa|[miss]\n|-miss|p1b: Mimikyu|p2b: Hoopa\n|move|p2b: Hoopa|Dark Pulse|p1a: Dusknoir\n|-supereffective|p1a: Dusknoir\n|-damage|p1a: Dusknoir|23\/100\n|move|p1a: Dusknoir|Disable|p2b: Hoopa\n|-start|p2b: Hoopa|Disable|Dark Pulse\n|move|p2a: Volcanion|Heat Wave|p1b: Mimikyu|[spread] p1a,p1b\n|-damage|p1a: Dusknoir|2\/100\n|-damage|p1b: Mimikyu|16\/100\n|\n|-heal|p1a: Dusknoir|8\/100|[from] item: Leftovers\n|upkeep\n|turn|7\n|\n|t:|1700634709\n|move|p1b: Mimikyu|Drain Punch|p2b: Hoopa\n|-damage|p2b: Hoopa|43\/100\n|-heal|p1b: Mimikyu|50\/100|[from] drain|[of] p2b: Hoopa\n|-heal|p1b: Mimikyu|59\/100|[from] item: Shell Bell|[of] p2b: Hoopa\n|move|p2b: Hoopa|Shadow Ball|p1b: Mimikyu\n|-supereffective|p1b: Mimikyu\n|-damage|p1b: Mimikyu|0 fnt\n|faint|p1b: Mimikyu\n|move|p1a: Dusknoir|Destiny Bond|p1a: Dusknoir\n|-singlemove|p1a: Dusknoir|Destiny Bond\n|move|p2a: Volcanion|Heat Wave|p1a: Dusknoir\n|-damage|p1a: Dusknoir|0 fnt\n|faint|p1a: Dusknoir\n|-activate|p1a: Dusknoir|move: Destiny Bond\n|faint|p2a: Volcanion\n|\n|upkeep\n|\n|t:|1700634726\n|switch|p1b: Houndstone|Houndstone, F|100\/100\n|switch|p2a: Regieleki|Regieleki, shiny|100\/100\n|turn|8\n|\n|t:|1700634736\n|-terastallize|p1b: Houndstone|Ghost\n|move|p2a: Regieleki|Thunderbolt|p1b: Houndstone\n|-damage|p1b: Houndstone|58\/100\n|-damage|p2a: Regieleki|91\/100|[from] item: Life Orb\n|move|p1b: Houndstone|Last Respects|p2b: Hoopa\n|-crit|p2b: Hoopa\n|-damage|p2b: Hoopa|0 fnt\n|faint|p2b: Hoopa\n|\n|upkeep\n|turn|9\n|\n|t:|1700634752\n|-terastallize|p2a: Regieleki|Ice\n|move|p2a: Regieleki|Tera Blast|p1b: Houndstone|[anim] Tera Blast Ice\n|-damage|p1b: Houndstone|32\/100\n|-damage|p2a: Regieleki|81\/100|[from] item: Life Orb\n|move|p1b: Houndstone|Last Respects|p2a: Regieleki\n|-damage|p2a: Regieleki|0 fnt\n|faint|p2a: Regieleki\n|\n|win|Critian Caceorte\n|raw|Critian Caceorte's rating: 1265 &rarr; <strong>1282<\/strong><br \/>(+17 for winning)\n|raw|Trevoryu's rating: 1149 &rarr; <strong>1132<\/strong><br \/>(-17 for losing)\n|l|\u2606Trevoryu\n|c|\u2606Critian Caceorte|gg\n","uploadtime":1700634766,"views":0,"p1id":"critiancaceorte","p2id":"trevoryu","formatid":"gen9doublesou","rating":1132,"private":0,"password":""}