{"id":"gen9doublesou-1979796632","p1":"C0SuMa","p2":"Jace_Wins","format":"[Gen 9] Doubles OU","log":"|j|\u2606C0SuMa\n|j|\u2606Jace_Wins\n|t:|1698714170\n|gametype|doubles\n|player|p1|C0SuMa|caitlin|1351\n|player|p2|Jace_Wins|benga|1414\n|teamsize|p1|6\n|teamsize|p2|6\n|gen|9\n|tier|[Gen 9] Doubles OU\n|rated|\n|rule|Species Clause: Limit one of each Pok\u00e9mon\n|rule|OHKO Clause: OHKO moves are banned\n|rule|Evasion Moves Clause: Evasion moves are banned\n|rule|Gravity Sleep Clause: The combination of sleep-inducing moves with imperfect accuracy and Gravity or Gigantamax Orbeetle are banned\n|rule|Endless Battle Clause: Forcing endless battles is banned\n|rule|HP Percentage Mod: HP is shown in percentages\n|clearpoke\n|poke|p1|Ninetales-Alola, F|\n|poke|p1|Flutter Mane|\n|poke|p1|Iron Bundle|\n|poke|p1|Tornadus, M|\n|poke|p1|Iron Hands|\n|poke|p1|Cresselia, F|\n|poke|p2|Hippowdon, M|\n|poke|p2|Houndstone, F|\n|poke|p2|Gastrodon, M|\n|poke|p2|Goodra-Hisui, M|\n|poke|p2|Tyranitar, F|\n|poke|p2|Torterra, F|\n|teampreview\n|\n|t:|1698714196\n|start\n|switch|p1a: Iron Bundle|Iron Bundle|100\/100\n|switch|p1b: Iron Hands|Iron Hands|100\/100\n|switch|p2a: Hippowdon|Hippowdon, M|100\/100\n|switch|p2b: Goodra|Goodra-Hisui, M|100\/100\n|-weather|Sandstorm|[from] ability: Sand Stream|[of] p2a: Hippowdon\n|turn|1\n|\n|t:|1698714216\n|-end|p1b: Iron Hands|Quark Drive|[silent]\n|switch|p1b: Ninetales|Ninetales-Alola, F|100\/100\n|-weather|Snow|[from] ability: Snow Warning|[of] p1b: Ninetales\n|move|p1a: Iron Bundle|Aurora Veil|p1a: Iron Bundle\n|-sidestart|p1: C0SuMa|move: Aurora Veil\n|move|p2b: Goodra|Acid Armor|p2b: Goodra\n|-boost|p2b: Goodra|def|2\n|move|p2a: Hippowdon|Yawn|p1b: Ninetales\n|-start|p1b: Ninetales|move: Yawn|[of] p2a: Hippowdon\n|\n|-weather|Snow|[upkeep]\n|upkeep\n|turn|2\n|\n|t:|1698714271\n|switch|p1b: Iron Hands|Iron Hands|100\/100\n|move|p1a: Iron Bundle|Blizzard|p2b: Goodra|[spread] p2a,p2b\n|-supereffective|p2a: Hippowdon\n|-damage|p2a: Hippowdon|38\/100\n|-damage|p2b: Goodra|71\/100\n|-status|p2a: Hippowdon|frz\n|-status|p2b: Goodra|frz\n|-enditem|p2a: Hippowdon|Sitrus Berry|[eat]\n|-heal|p2a: Hippowdon|63\/100 frz|[from] item: Sitrus Berry\n|cant|p2b: Goodra|frz\n|cant|p2a: Hippowdon|frz\n|\n|-weather|Snow|[upkeep]\n|-heal|p2b: Goodra|77\/100 frz|[from] item: Leftovers\n|upkeep\n|turn|3\n|c|\u2606C0SuMa|wtf lol\n|c|\u2606Jace_Wins|wtf\n|\n|t:|1698714302\n|move|p1a: Iron Bundle|Blizzard|p2b: Goodra|[spread] p2a,p2b\n|-supereffective|p2a: Hippowdon\n|-damage|p2a: Hippowdon|0 fnt\n|-damage|p2b: Goodra|51\/100 frz\n|faint|p2a: Hippowdon\n|cant|p2b: Goodra|frz\n|move|p1b: Iron Hands|Swords Dance|p1b: Iron Hands\n|-boost|p1b: Iron Hands|atk|2\n|\n|-weather|Snow|[upkeep]\n|-heal|p2b: Goodra|58\/100 frz|[from] item: Leftovers\n|upkeep\n|c|\u2606Jace_Wins|rough\n|\n|t:|1698714312\n|switch|p2a: Tyranitar|Tyranitar, F|100\/100\n|-weather|Sandstorm|[from] ability: Sand Stream|[of] p2a: Tyranitar\n|turn|4\n|c|\u2606C0SuMa|competetive in a nutshell:\n|\n|t:|1698714332\n|-end|p1a: Iron Bundle|Quark Drive|[silent]\n|switch|p1a: Ninetales|Ninetales-Alola, F|100\/100\n|-weather|Snow|[from] ability: Snow Warning|[of] p1a: Ninetales\n|-terastallize|p2a: Tyranitar|Flying\n|move|p2a: Tyranitar|Tera Blast|p1b: Iron Hands|[anim] Tera Blast Flying\n|-damage|p1b: Iron Hands|69\/100\n|-curestatus|p2b: Goodra|frz|[msg]\n|move|p2b: Goodra|Body Press|p1b: Iron Hands\n|-damage|p1b: Iron Hands|47\/100\n|-enditem|p1b: Iron Hands|Sitrus Berry|[eat]\n|-heal|p1b: Iron Hands|72\/100|[from] item: Sitrus Berry\n|move|p1b: Iron Hands|Drain Punch|p2b: Goodra\n|-supereffective|p2b: Goodra\n|-damage|p2b: Goodra|1\/100\n|-heal|p1b: Iron Hands|91\/100|[from] drain|[of] p2b: Goodra\n|\n|-weather|Snow|[upkeep]\n|-heal|p2b: Goodra|7\/100|[from] item: Leftovers\n|upkeep\n|turn|5\n|-message|Jace_Wins forfeited.\n|\n|win|C0SuMa\n|raw|C0SuMa's rating: 1351 &rarr; <strong>1375<\/strong><br \/>(+24 for winning)\n|raw|Jace_Wins's rating: 1414 &rarr; <strong>1390<\/strong><br \/>(-24 for losing)\n|l|\u2606Jace_Wins\n|c|\u2606C0SuMa|gg\n","uploadtime":1698714356,"views":21,"p1id":"c0suma","p2id":"jacewins","formatid":"gen9doublesou","rating":1375,"private":0,"password":""}