{"id":"gen9doublesou-1979630517","p1":"abi558","p2":"Warped Clodsire","format":"[Gen 9] Doubles OU","log":"|j|\u2606abi558\n|j|\u2606Warped Clodsire\n|t:|1698698192\n|gametype|doubles\n|player|p1|abi558|2|1065\n|player|p2|Warped Clodsire|roxie|1117\n|teamsize|p1|6\n|teamsize|p2|6\n|gen|9\n|tier|[Gen 9] Doubles OU\n|rated|\n|rule|Species Clause: Limit one of each Pok\u00e9mon\n|rule|OHKO Clause: OHKO moves are banned\n|rule|Evasion Moves Clause: Evasion moves are banned\n|rule|Gravity Sleep Clause: The combination of sleep-inducing moves with imperfect accuracy and Gravity or Gigantamax Orbeetle are banned\n|rule|Endless Battle Clause: Forcing endless battles is banned\n|rule|HP Percentage Mod: HP is shown in percentages\n|clearpoke\n|poke|p1|Staraptor, F|\n|poke|p1|Gliscor, M|\n|poke|p1|Dipplin, M|\n|poke|p1|Ribombee, M|\n|poke|p1|Sylveon, M|\n|poke|p1|Landorus-Therian, M|\n|poke|p2|Medicham, M|\n|poke|p2|Flamigo, F|\n|poke|p2|Qwilfish-Hisui, M|\n|poke|p2|Clefable, F|\n|poke|p2|Ogerpon, F|\n|poke|p2|Sinistcha|\n|teampreview\n|inactive|Battle timer is ON: inactive players will automatically lose when time's up. (requested by Warped Clodsire)\n|\n|t:|1698698205\n|start\n|switch|p1a: Sylvester|Sylveon, M, shiny|100\/100\n|switch|p1b: Tooth Fairy|Ribombee, M, shiny|100\/100\n|switch|p2a: Medicham|Medicham, M|100\/100\n|switch|p2b: Qwilfish|Qwilfish-Hisui, M|100\/100\n|-ability|p2b: Qwilfish|Intimidate|boost\n|-unboost|p1a: Sylvester|atk|1\n|-unboost|p1b: Tooth Fairy|atk|1\n|turn|1\n|\n|t:|1698698226\n|move|p2a: Medicham|Fake Out|p1b: Tooth Fairy\n|-damage|p1b: Tooth Fairy|67\/100\n|move|p1b: Tooth Fairy|Quiver Dance|p1b: Tooth Fairy\n|-boost|p1b: Tooth Fairy|spa|1\n|-boost|p1b: Tooth Fairy|spd|1\n|-boost|p1b: Tooth Fairy|spe|1\n|move|p1a: Sylvester|Psych Up|p1b: Tooth Fairy\n|-copyboost|p1a: Sylvester|p1b: Tooth Fairy|[from] move: Psych Up\n|move|p2b: Qwilfish|Icy Wind|p1a: Sylvester|[spread] p1a,p1b\n|-damage|p1a: Sylvester|97\/100\n|-damage|p1b: Tooth Fairy|60\/100\n|-unboost|p1a: Sylvester|spe|1\n|\n|upkeep\n|turn|2\n|\n|t:|1698698252\n|move|p1b: Tooth Fairy|Draining Kiss|p2a: Medicham\n|-supereffective|p2a: Medicham\n|-enditem|p2a: Medicham|Focus Sash\n|-damage|p2a: Medicham|1\/100\n|-heal|p1b: Tooth Fairy|100\/100|[from] drain|[of] p2a: Medicham\n|move|p2a: Medicham|Psych Up|p1b: Tooth Fairy\n|-copyboost|p2a: Medicham|p1b: Tooth Fairy|[from] move: Psych Up\n|move|p1a: Sylvester|Hyper Voice|p2a: Medicham|[spread] p2a,p2b\n|-supereffective|p2a: Medicham\n|-damage|p2a: Medicham|0 fnt\n|-damage|p2b: Qwilfish|41\/100\n|faint|p2a: Medicham\n|move|p2b: Qwilfish|Icy Wind|p1a: Sylvester|[spread] p1a,p1b\n|-damage|p1a: Sylvester|94\/100\n|-damage|p1b: Tooth Fairy|94\/100\n|-unboost|p1a: Sylvester|spe|1\n|\n|upkeep\n|inactive|Warped Clodsire has 120 seconds left.\n|\n|t:|1698698271\n|switch|p2a: Clefable|Clefable, F|100\/100\n|turn|3\n|\n|t:|1698698288\n|switch|p2b: Ogerpon|Ogerpon, F|100\/100\n|move|p1b: Tooth Fairy|Sticky Web|p2a: Clefable\n|-sidestart|p2: Warped Clodsire|move: Sticky Web\n|move|p2a: Clefable|Encore|p1b: Tooth Fairy\n|-start|p1b: Tooth Fairy|Encore\n|move|p1a: Sylvester|Hyper Voice|p2a: Clefable|[spread] p2a,p2b\n|-damage|p2a: Clefable|63\/100\n|-damage|p2b: Ogerpon|28\/100\n|\n|-heal|p2a: Clefable|69\/100|[from] item: Leftovers\n|upkeep\n|turn|4\n|\n|t:|1698698314\n|move|p2a: Clefable|Follow Me|p2a: Clefable\n|-singleturn|p2a: Clefable|move: Follow Me\n|move|p1b: Tooth Fairy|Sticky Web||[still]\n|-fail|p1b: Tooth Fairy\n|move|p2b: Ogerpon|Knock Off|p1a: Sylvester\n|-resisted|p1a: Sylvester\n|-damage|p1a: Sylvester|72\/100\n|-enditem|p1a: Sylvester|Fairy Feather|[from] move: Knock Off|[of] p2b: Ogerpon\n|-damage|p2b: Ogerpon|18\/100|[from] item: Life Orb\n|move|p1a: Sylvester|Hyper Voice|p2a: Clefable|[spread] p2a,p2b\n|-damage|p2a: Clefable|34\/100\n|-damage|p2b: Ogerpon|0 fnt\n|faint|p2b: Ogerpon\n|\n|-heal|p2a: Clefable|40\/100|[from] item: Leftovers\n|upkeep\n|\n|t:|1698698327\n|switch|p2b: Sinistcha|Sinistcha|100\/100\n|-activate|p2b: Sinistcha|move: Sticky Web\n|-unboost|p2b: Sinistcha|spe|1\n|-heal|p2a: Clefable|65\/100|[from] ability: Hospitality|[of] p2b: Sinistcha\n|turn|5\n|\n|t:|1698698340\n|move|p2a: Clefable|Helping Hand|p2b: Sinistcha\n|-singleturn|p2b: Sinistcha|Helping Hand|[of] p2a: Clefable\n|move|p1b: Tooth Fairy|Sticky Web||[still]\n|-fail|p1b: Tooth Fairy\n|move|p1a: Sylvester|Psych Up|p1b: Tooth Fairy\n|-copyboost|p1a: Sylvester|p1b: Tooth Fairy|[from] move: Psych Up\n|move|p2b: Sinistcha|Giga Drain|p1a: Sylvester\n|-damage|p1a: Sylvester|46\/100\n|\n|-heal|p2a: Clefable|71\/100|[from] item: Leftovers\n|upkeep\n|turn|6\n|\n|t:|1698698366\n|move|p1b: Tooth Fairy|Sticky Web||[still]\n|-fail|p1b: Tooth Fairy\n|move|p1a: Sylvester|Hyper Voice|p2b: Sinistcha|[spread] p2a,p2b\n|-damage|p2a: Clefable|35\/100\n|-damage|p2b: Sinistcha|42\/100\n|move|p2a: Clefable|Encore|p1a: Sylvester\n|-start|p1a: Sylvester|Encore\n|move|p2b: Sinistcha|Strength Sap|p1a: Sylvester\n|-unboost|p1a: Sylvester|atk|1\n|-heal|p2b: Sinistcha|66\/100\n|\n|-heal|p2a: Clefable|41\/100|[from] item: Leftovers\n|-heal|p2b: Sinistcha|72\/100|[from] item: Leftovers\n|-end|p1b: Tooth Fairy|Encore\n|upkeep\n|turn|7\n|\n|t:|1698698395\n|move|p2a: Clefable|Helping Hand|p2b: Sinistcha\n|-singleturn|p2b: Sinistcha|Helping Hand|[of] p2a: Clefable\n|move|p1b: Tooth Fairy|Pollen Puff|p1a: Sylvester\n|-heal|p1a: Sylvester|96\/100\n|move|p1a: Sylvester|Hyper Voice|p2a: Clefable|[spread] p2a,p2b\n|-damage|p2a: Clefable|11\/100\n|-damage|p2b: Sinistcha|9\/100\n|move|p2b: Sinistcha|Giga Drain|p1a: Sylvester\n|-damage|p1a: Sylvester|72\/100\n|-heal|p2b: Sinistcha|21\/100|[from] drain|[of] p1a: Sylvester\n|\n|-heal|p2a: Clefable|17\/100|[from] item: Leftovers\n|-heal|p2b: Sinistcha|27\/100|[from] item: Leftovers\n|upkeep\n|turn|8\n|inactive|Warped Clodsire has 120 seconds left.\n|\n|t:|1698698433\n|move|p1b: Tooth Fairy|Quiver Dance|p1b: Tooth Fairy\n|-boost|p1b: Tooth Fairy|spa|1\n|-boost|p1b: Tooth Fairy|spd|1\n|-boost|p1b: Tooth Fairy|spe|1\n|move|p1a: Sylvester|Hyper Voice|p2b: Sinistcha|[spread] p2a,p2b\n|-damage|p2a: Clefable|0 fnt\n|-damage|p2b: Sinistcha|0 fnt\n|faint|p2a: Clefable\n|faint|p2b: Sinistcha\n|\n|upkeep\n|\n|t:|1698698443\n|switch|p2b: Qwilfish|Qwilfish-Hisui, M|41\/100\n|switch|p2a: Flamigo|Flamigo, F|100\/100\n|-copyboost|p2a: Flamigo|p2b: Qwilfish|[from] ability: Costar\n|-activate|p2b: Qwilfish|move: Sticky Web\n|-unboost|p2b: Qwilfish|spe|1\n|-ability|p2b: Qwilfish|Intimidate|boost\n|-unboost|p1a: Sylvester|atk|1\n|-unboost|p1b: Tooth Fairy|atk|1\n|turn|9\n|inactive|Warped Clodsire has 120 seconds left.\n|\n|t:|1698698465\n|move|p1b: Tooth Fairy|Draining Kiss|p2a: Flamigo\n|-supereffective|p2a: Flamigo\n|-damage|p2a: Flamigo|0 fnt\n|-heal|p1b: Tooth Fairy|100\/100|[from] drain|[of] p2a: Flamigo\n|faint|p2a: Flamigo\n|move|p1a: Sylvester|Hyper Voice|p2b: Qwilfish\n|-damage|p2b: Qwilfish|0 fnt\n|faint|p2b: Qwilfish\n|\n|win|abi558\n|raw|abi558's rating: 1065 &rarr; <strong>1100<\/strong><br \/>(+35 for winning)\n|raw|Warped Clodsire's rating: 1117 &rarr; <strong>1088<\/strong><br \/>(-29 for losing)\n|c|\u2606Warped Clodsire|gg\n|l|\u2606Warped Clodsire\n|c|\u2606abi558|gg\n","uploadtime":1698698494,"views":14,"p1id":"abi558","p2id":"warpedclodsire","formatid":"gen9doublesou","rating":1088,"private":0,"password":""}