{"id":"gen9doublesou-1968120935","p1":"GoroCeles","p2":"Clover6","format":"[Gen 9] Doubles OU","log":"|html|<div class=\"broadcast-blue\"><strong>[Gen 9] Doubles OU is currently suspecting Basculegion & Flutter Mane! For information on how to participate check out the <a href=\"https:\/\/www.smogon.com\/forums\/threads\/np-sv-dou-stage-8-double-trouble.3729153\/\">suspect thread<\/a>.<\/strong><\/div>\n|j|\u2606GoroCeles\n|j|\u2606Clover6\n|t:|1697386423\n|gametype|doubles\n|player|p1|GoroCeles|brock|\n|player|p2|Clover6|flannery|\n|teamsize|p1|6\n|teamsize|p2|6\n|gen|9\n|tier|[Gen 9] Doubles OU\n|rule|Species Clause: Limit one of each Pok\u00e9mon\n|rule|OHKO Clause: OHKO moves are banned\n|rule|Evasion Moves Clause: Evasion moves are banned\n|rule|Gravity Sleep Clause: The combination of sleep-inducing moves with imperfect accuracy and Gravity or Gigantamax Orbeetle are banned\n|rule|Endless Battle Clause: Forcing endless battles is banned\n|rule|HP Percentage Mod: HP is shown in percentages\n|clearpoke\n|poke|p1|Ogerpon-Hearthflame, F|\n|poke|p1|Chien-Pao|\n|poke|p1|Gyarados, F|\n|poke|p1|Goodra-Hisui, F|\n|poke|p1|Farigiraf, F|\n|poke|p1|Munkidori, M|\n|poke|p2|Bellibolt, F|\n|poke|p2|Oranguru, M|\n|poke|p2|Pelipper, M|\n|poke|p2|Ludicolo, M|\n|poke|p2|Palafin, M|\n|poke|p2|Gastrodon, F|\n|teampreview\n|j| Garje\n|\n|t:|1697386483\n|start\n|switch|p1a: Sogeking|Ogerpon-Hearthflame, F|100\/100\n|switch|p1b: Chingchengchanchin|Chien-Pao|100\/100\n|switch|p2a: Bellibolt|Bellibolt, F|100\/100\n|switch|p2b: Oranguru|Oranguru, M|100\/100\n|-ability|p1b: Chingchengchanchin|Sword of Ruin\n|-ability|p1a: Sogeking|Mold Breaker\n|turn|1\n|j| PJtheMagnificus\n|\n|t:|1697386529\n|move|p2b: Oranguru|Protect|p2b: Oranguru\n|-singleturn|p2b: Oranguru|Protect\n|move|p1b: Chingchengchanchin|Ice Spinner|p2b: Oranguru\n|-activate|p2b: Oranguru|move: Protect\n|move|p1a: Sogeking|Knock Off|p2b: Oranguru\n|-activate|p2b: Oranguru|move: Protect\n|move|p2a: Bellibolt|Parabolic Charge|p1a: Sogeking|[spread] p1a,p1b\n|-activate|p2b: Oranguru|move: Protect\n|-resisted|p1a: Sogeking\n|-damage|p1a: Sogeking|87\/100\n|-damage|p1b: Chingchengchanchin|64\/100\n|\n|upkeep\n|turn|2\n|\n|t:|1697386549\n|switch|p2b: Gastrodon|Gastrodon, F|100\/100\n|move|p1b: Chingchengchanchin|Sucker Punch||[still]\n|-fail|p1b: Chingchengchanchin\n|move|p1a: Sogeking|Knock Off|p2b: Gastrodon\n|-damage|p2b: Gastrodon|64\/100\n|-enditem|p2b: Gastrodon|Leftovers|[from] move: Knock Off|[of] p1a: Sogeking\n|move|p2a: Bellibolt|Parabolic Charge|p1a: Sogeking|[spread] p1a,p1b\n|-immune|p2b: Gastrodon\n|-resisted|p1a: Sogeking\n|-damage|p1a: Sogeking|73\/100\n|-damage|p1b: Chingchengchanchin|29\/100\n|\n|upkeep\n|turn|3\n|\n|t:|1697386576\n|move|p2a: Bellibolt|Protect|p2a: Bellibolt\n|-singleturn|p2a: Bellibolt|Protect\n|move|p1b: Chingchengchanchin|Ice Spinner|p2a: Bellibolt\n|-activate|p2a: Bellibolt|move: Protect\n|move|p1a: Sogeking|Ivy Cudgel|p2a: Bellibolt\n|-activate|p2a: Bellibolt|move: Protect\n|move|p2b: Gastrodon|Hydro Pump|p1a: Sogeking|[miss]\n|-miss|p2b: Gastrodon|p1a: Sogeking\n|\n|upkeep\n|turn|4\n|\n|t:|1697386602\n|switch|p2b: Oranguru|Oranguru, M|100\/100\n|move|p1b: Chingchengchanchin|Ice Spinner|p2a: Bellibolt\n|-damage|p2a: Bellibolt|53\/100\n|-start|p2a: Bellibolt|Charge|Ice Spinner|[from] ability: Electromorphosis\n|move|p1a: Sogeking|Ivy Cudgel|p2a: Bellibolt\n|-damage|p2a: Bellibolt|0 fnt\n|faint|p2a: Bellibolt\n|\n|upkeep\n|\n|t:|1697386615\n|switch|p2a: Pelipper|Pelipper, M|100\/100\n|-weather|RainDance|[from] ability: Drizzle|[of] p2a: Pelipper\n|turn|5\n|\n|t:|1697386631\n|move|p2a: Pelipper|Protect|p2a: Pelipper\n|-singleturn|p2a: Pelipper|Protect\n|move|p1b: Chingchengchanchin|Ice Spinner|p2a: Pelipper\n|-activate|p2a: Pelipper|move: Protect\n|move|p1a: Sogeking|Horn Leech|p2a: Pelipper\n|-activate|p2a: Pelipper|move: Protect\n|move|p2b: Oranguru|Trick Room|p2b: Oranguru\n|-fieldstart|move: Trick Room|[of] p2b: Oranguru\n|\n|-weather|RainDance|[upkeep]\n|upkeep\n|turn|6\n|\n|t:|1697386648\n|switch|p1b: 42|Goodra-Hisui, F, shiny|100\/100\n|move|p1a: Sogeking|Spiky Shield|p1a: Sogeking\n|-singleturn|p1a: Sogeking|move: Protect\n|move|p2b: Oranguru|Instruct|p2a: Pelipper\n|-singleturn|p2a: Pelipper|move: Instruct|[of] p2b: Oranguru\n|move|p2a: Pelipper|Protect|p2a: Pelipper\n|-singleturn|p2a: Pelipper|Protect\n|move|p2a: Pelipper|Hurricane|p1a: Sogeking\n|-activate|p1a: Sogeking|move: Protect\n|\n|-weather|RainDance|[upkeep]\n|upkeep\n|turn|7\n|\n|t:|1697386688\n|switch|p2b: Ludicolo|Ludicolo, M|100\/100\n|switch|p1a: Magikarst|Gyarados, F, shiny|100\/100\n|-ability|p1a: Magikarst|Intimidate|boost\n|-unboost|p2a: Pelipper|atk|1\n|-unboost|p2b: Ludicolo|atk|1\n|move|p1b: 42|Shelter|p1b: 42\n|-boost|p1b: 42|def|2\n|move|p2a: Pelipper|Hurricane|p1a: Magikarst\n|-damage|p1a: Magikarst|65\/100\n|\n|-weather|RainDance|[upkeep]\n|upkeep\n|turn|8\n|\n|t:|1697386717\n|move|p2a: Pelipper|Protect|p2a: Pelipper\n|-singleturn|p2a: Pelipper|Protect\n|move|p1a: Magikarst|Protect|p1a: Magikarst\n|-singleturn|p1a: Magikarst|Protect\n|move|p2b: Ludicolo|Fake Out|p1a: Magikarst\n|-activate|p1a: Magikarst|move: Protect\n|move|p1b: 42|Body Press|p2b: Ludicolo\n|-damage|p2b: Ludicolo|43\/100\n|\n|-weather|RainDance|[upkeep]\n|upkeep\n|turn|9\n|\n|t:|1697386755\n|move|p1b: 42|Body Press|p2b: Ludicolo\n|-damage|p2b: Ludicolo|0 fnt\n|faint|p2b: Ludicolo\n|move|p2a: Pelipper|Tailwind|p2a: Pelipper\n|-sidestart|p2: Clover6|move: Tailwind\n|move|p1a: Magikarst|Thunder Wave|p2a: Pelipper\n|-status|p2a: Pelipper|par\n|\n|-weather|RainDance|[upkeep]\n|-fieldend|move: Trick Room\n|upkeep\n|\n|t:|1697386767\n|switch|p2b: Palafin|Palafin, M|100\/100\n|turn|10\n|\n|t:|1697386797\n|detailschange|p2b: Palafin|Palafin-Hero, M\n|switch|p2b: Gastrodon|Gastrodon, F|64\/100\n|switch|p1a: ellie|Farigiraf, F, shiny|100\/100\n|move|p2a: Pelipper|Protect|p2a: Pelipper\n|-singleturn|p2a: Pelipper|Protect\n|move|p1b: 42|Body Press|p2b: Gastrodon\n|-damage|p2b: Gastrodon|33\/100\n|\n|-weather|RainDance|[upkeep]\n|upkeep\n|turn|11\n|\n|t:|1697386836\n|switch|p2b: Palafin|Palafin-Hero, M|100\/100\n|-activate|p2b: Palafin|ability: Zero to Hero\n|move|p2a: Pelipper|Hydro Pump|p1a: ellie|[miss]\n|-miss|p2a: Pelipper|p1a: ellie\n|move|p1a: ellie|Psychic|p2a: Pelipper\n|-damage|p2a: Pelipper|48\/100 par\n|move|p1b: 42|Body Press|p2b: Palafin\n|-damage|p2b: Palafin|64\/100\n|\n|-weather|RainDance|[upkeep]\n|upkeep\n|turn|12\n|\n|t:|1697386865\n|-terastallize|p2b: Palafin|Fighting\n|move|p2b: Palafin|Drain Punch|p1a: ellie\n|-damage|p1a: ellie|51\/100\n|-heal|p2b: Palafin|90\/100|[from] drain|[of] p1a: ellie\n|-damage|p2b: Palafin|74\/100|[from] item: Rocky Helmet|[of] p1a: ellie\n|cant|p2a: Pelipper|par\n|move|p1b: 42|Body Press|p2b: Palafin\n|-damage|p2b: Palafin|35\/100\n|move|p1a: ellie|Psychic|p2a: Pelipper\n|-damage|p2a: Pelipper|0 fnt\n|faint|p2a: Pelipper\n|\n|-weather|none\n|-sideend|p2: Clover6|move: Tailwind\n|upkeep\n|\n|t:|1697386881\n|switch|p2a: Oranguru|Oranguru, M|100\/100\n|turn|13\n|\n|t:|1697386901\n|move|p2b: Palafin|Drain Punch|p1a: ellie\n|-damage|p1a: ellie|1\/100\n|-heal|p2b: Palafin|61\/100|[from] drain|[of] p1a: ellie\n|-damage|p2b: Palafin|45\/100|[from] item: Rocky Helmet|[of] p1a: ellie\n|move|p2a: Oranguru|Instruct|p2b: Palafin\n|-singleturn|p2b: Palafin|move: Instruct|[of] p2a: Oranguru\n|move|p2b: Palafin|Drain Punch|p1a: ellie\n|-damage|p1a: ellie|0 fnt\n|-heal|p2b: Palafin|45\/100|[from] drain|[of] p1a: ellie\n|-damage|p2b: Palafin|28\/100|[from] item: Rocky Helmet|[of] p1a: ellie\n|faint|p1a: ellie\n|move|p1b: 42|Heavy Slam|p2b: Palafin\n|-damage|p2b: Palafin|6\/100\n|\n|upkeep\n|\n|t:|1697386920\n|switch|p1a: MojoDojoCasaHouse|Munkidori, M|100\/100\n|turn|14\n|\n|t:|1697386936\n|move|p1a: MojoDojoCasaHouse|Fake Out|p2b: Palafin\n|-damage|p2b: Palafin|0 fnt\n|faint|p2b: Palafin\n|move|p2a: Oranguru|Instruct|p2: Palafin|[notarget]\n|-fail|p2a: Oranguru\n|move|p1b: 42|Shelter|p1b: 42\n|-boost|p1b: 42|def|2\n|\n|upkeep\n|\n|t:|1697386943\n|switch|p2b: Gastrodon|Gastrodon, F|33\/100\n|turn|15\n|\n|t:|1697386968\n|move|p1a: MojoDojoCasaHouse|Sludge Bomb|p2a: Oranguru\n|-crit|p2a: Oranguru\n|-damage|p2a: Oranguru|60\/100\n|move|p2a: Oranguru|Instruct||[still]\n|-fail|p2a: Oranguru\n|move|p1b: 42|Body Press|p2b: Gastrodon\n|-damage|p2b: Gastrodon|0 fnt\n|faint|p2b: Gastrodon\n|\n|upkeep\n|turn|16\n|\n|t:|1697386992\n|move|p1a: MojoDojoCasaHouse|Sludge Bomb|p2a: Oranguru\n|-damage|p2a: Oranguru|29\/100\n|-enditem|p2a: Oranguru|Sitrus Berry|[eat]\n|-heal|p2a: Oranguru|54\/100|[from] item: Sitrus Berry\n|move|p1b: 42|Heavy Slam|p2a: Oranguru\n|-damage|p2a: Oranguru|20\/100\n|move|p2a: Oranguru|Bulldoze|p1a: MojoDojoCasaHouse|[spread] p1a,p1b\n|-supereffective|p1a: MojoDojoCasaHouse\n|-supereffective|p1b: 42\n|-damage|p1a: MojoDojoCasaHouse|81\/100\n|-damage|p1b: 42|97\/100\n|-unboost|p1b: 42|spe|1\n|\n|-heal|p1b: 42|100\/100|[from] item: Leftovers\n|upkeep\n|turn|17\n|\n|t:|1697387009\n|move|p1a: MojoDojoCasaHouse|Sludge Bomb|p2a: Oranguru\n|-damage|p2a: Oranguru|0 fnt\n|faint|p2a: Oranguru\n|\n|win|GoroCeles\n|l|\u2606GoroCeles\n|l|\u2606Clover6\n","uploadtime":1697387056,"views":11,"p1id":"goroceles","p2id":"clover6","formatid":"gen9doublesou","rating":0,"private":0,"password":""}