{"id":"gen9doublesou-1973287247","p1":"Apalachicola","p2":"Sirfutgukr","format":"[Gen 9] Doubles OU","log":"|j|\u2606Apalachicola\n|j|\u2606Sirfutgukr\n|t:|1697949115\n|gametype|doubles\n|player|p1|Apalachicola|rocketgruntf|1305\n|player|p2|Sirfutgukr|169|1424\n|teamsize|p1|6\n|teamsize|p2|6\n|gen|9\n|tier|[Gen 9] Doubles OU\n|rated|\n|rule|Species Clause: Limit one of each Pok\u00e9mon\n|rule|OHKO Clause: OHKO moves are banned\n|rule|Evasion Moves Clause: Evasion moves are banned\n|rule|Gravity Sleep Clause: The combination of sleep-inducing moves with imperfect accuracy and Gravity or Gigantamax Orbeetle are banned\n|rule|Endless Battle Clause: Forcing endless battles is banned\n|rule|HP Percentage Mod: HP is shown in percentages\n|clearpoke\n|poke|p1|Sylveon, M|\n|poke|p1|Gliscor, F|\n|poke|p1|Grimmsnarl, M|\n|poke|p1|Gholdengo|\n|poke|p1|Chi-Yu|\n|poke|p1|Ogerpon-Wellspring, F|\n|poke|p2|Ursaluna-Bloodmoon, M|\n|poke|p2|Cresselia, F|\n|poke|p2|Torkoal, F|\n|poke|p2|Oranguru, M|\n|poke|p2|Iron Hands|\n|poke|p2|Brute Bonnet|\n|teampreview\n|l|\u2606Sirfutgukr\n|player|p2|\n|\n|t:|1697949143\n|start\n|switch|p1a: Gliscor|Gliscor, F|100\/100\n|switch|p1b: Grimmsnarl|Grimmsnarl, M|100\/100\n|switch|p2a: Oranguru|Oranguru, M|100\/100\n|switch|p2b: Brute Bonnet|Brute Bonnet, shiny|100\/100\n|turn|1\n|j|\u2606Sirfutgukr\n|player|p2|Sirfutgukr|169\n|\n|t:|1697949158\n|move|p1b: Grimmsnarl|Reflect|p1b: Grimmsnarl\n|-sidestart|p1: Apalachicola|Reflect\n|move|p1a: Gliscor|Knock Off|p2a: Oranguru\n|-supereffective|p2a: Oranguru\n|-damage|p2a: Oranguru|58\/100\n|-enditem|p2a: Oranguru|Mental Herb|[from] move: Knock Off|[of] p1a: Gliscor\n|move|p2b: Brute Bonnet|Spore|p1a: Gliscor\n|-status|p1a: Gliscor|slp|[from] move: Spore\n|move|p2a: Oranguru|Trick Room|p2a: Oranguru\n|-fieldstart|move: Trick Room|[of] p2a: Oranguru\n|\n|upkeep\n|turn|2\n|\n|t:|1697949186\n|move|p1b: Grimmsnarl|Light Screen|p1b: Grimmsnarl\n|-sidestart|p1: Apalachicola|move: Light Screen\n|move|p2a: Oranguru|Encore|p1b: Grimmsnarl\n|-start|p1b: Grimmsnarl|Encore\n|move|p2b: Brute Bonnet|Bullet Seed|p1b: Grimmsnarl\n|-damage|p1b: Grimmsnarl|90\/100\n|-damage|p1b: Grimmsnarl|80\/100\n|-damage|p1b: Grimmsnarl|69\/100\n|-damage|p1b: Grimmsnarl|59\/100\n|-damage|p1b: Grimmsnarl|50\/100\n|-hitcount|p1b: Grimmsnarl|5\n|cant|p1a: Gliscor|slp\n|\n|upkeep\n|turn|3\n|\n|t:|1697949222\n|switch|p1b: Sylveon|Sylveon, M|100\/100\n|move|p2a: Oranguru|Instruct|p2b: Brute Bonnet\n|-singleturn|p2b: Brute Bonnet|move: Instruct|[of] p2a: Oranguru\n|move|p2b: Brute Bonnet|Bullet Seed|p1b: Sylveon\n|-damage|p1b: Sylveon|91\/100\n|-damage|p1b: Sylveon|80\/100\n|-damage|p1b: Sylveon|71\/100\n|-damage|p1b: Sylveon|62\/100\n|-damage|p1b: Sylveon|53\/100\n|-hitcount|p1b: Sylveon|5\n|move|p2b: Brute Bonnet|Bullet Seed|p1a: Gliscor\n|-damage|p1a: Gliscor|92\/100 slp\n|-crit|p1a: Gliscor\n|-damage|p1a: Gliscor|74\/100 slp\n|-damage|p1a: Gliscor|66\/100 slp\n|-damage|p1a: Gliscor|59\/100 slp\n|-damage|p1a: Gliscor|52\/100 slp\n|-hitcount|p1a: Gliscor|5\n|cant|p1a: Gliscor|slp\n|\n|upkeep\n|turn|4\n|\n|t:|1697949260\n|-terastallize|p2b: Brute Bonnet|Fire\n|move|p1b: Sylveon|Protect|p1b: Sylveon\n|-singleturn|p1b: Sylveon|Protect\n|move|p2a: Oranguru|Instruct|p2b: Brute Bonnet\n|-singleturn|p2b: Brute Bonnet|move: Instruct|[of] p2a: Oranguru\n|move|p2b: Brute Bonnet|Bullet Seed|p1a: Gliscor\n|-damage|p1a: Gliscor|44\/100 slp\n|-damage|p1a: Gliscor|36\/100 slp\n|-damage|p1a: Gliscor|28\/100 slp\n|-damage|p1a: Gliscor|20\/100 slp\n|-damage|p1a: Gliscor|13\/100 slp\n|-hitcount|p1a: Gliscor|5\n|move|p2b: Brute Bonnet|Bullet Seed|p1a: Gliscor\n|-damage|p1a: Gliscor|5\/100 slp\n|-damage|p1a: Gliscor|0 fnt\n|faint|p1a: Gliscor\n|-hitcount|p1: Gliscor|2\n|\n|upkeep\n|\n|t:|1697949283\n|switch|p1a: Ogerpon|Ogerpon-Wellspring, F|100\/100\n|turn|5\n|\n|t:|1697949303\n|move|p1a: Ogerpon|Spiky Shield|p1a: Ogerpon\n|-singleturn|p1a: Ogerpon|move: Protect\n|move|p2a: Oranguru|Encore|p1b: Sylveon\n|-start|p1b: Sylveon|Encore\n|move|p2b: Brute Bonnet|Taunt|p1a: Ogerpon\n|-activate|p1a: Ogerpon|move: Protect\n|move|p1b: Sylveon|Protect||[still]\n|-fail|p1b: Sylveon\n|\n|-fieldend|move: Trick Room\n|upkeep\n|turn|6\n|\n|t:|1697949324\n|switch|p1b: Grimmsnarl|Grimmsnarl, M|50\/100\n|move|p1a: Ogerpon|Ivy Cudgel|p2b: Brute Bonnet\n|-supereffective|p2b: Brute Bonnet\n|-damage|p2b: Brute Bonnet|14\/100\n|move|p2b: Brute Bonnet|Bullet Seed|p1a: Ogerpon\n|-damage|p1a: Ogerpon|89\/100\n|-damage|p1a: Ogerpon|79\/100\n|-damage|p1a: Ogerpon|68\/100\n|-damage|p1a: Ogerpon|57\/100\n|-hitcount|p1a: Ogerpon|4\n|move|p2a: Oranguru|Trick Room|p2a: Oranguru\n|-fieldstart|move: Trick Room|[of] p2a: Oranguru\n|\n|upkeep\n|turn|7\n|\n|t:|1697949347\n|move|p1b: Grimmsnarl|Thunder Wave|p2b: Brute Bonnet\n|-status|p2b: Brute Bonnet|par\n|move|p2b: Brute Bonnet|Bullet Seed|p1b: Grimmsnarl\n|-damage|p1b: Grimmsnarl|40\/100\n|-damage|p1b: Grimmsnarl|31\/100\n|-damage|p1b: Grimmsnarl|21\/100\n|-damage|p1b: Grimmsnarl|11\/100\n|-damage|p1b: Grimmsnarl|2\/100\n|-hitcount|p1b: Grimmsnarl|5\n|move|p2a: Oranguru|Foul Play|p1b: Grimmsnarl\n|-resisted|p1b: Grimmsnarl\n|-damage|p1b: Grimmsnarl|0 fnt\n|faint|p1b: Grimmsnarl\n|move|p1a: Ogerpon|Ivy Cudgel|p2b: Brute Bonnet\n|-supereffective|p2b: Brute Bonnet\n|-crit|p2b: Brute Bonnet\n|-damage|p2b: Brute Bonnet|0 fnt\n|faint|p2b: Brute Bonnet\n|-end|p2b: Brute Bonnet|Protosynthesis|[silent]\n|\n|upkeep\n|\n|t:|1697949367\n|switch|p2b: Torkoal|Torkoal, F, shiny|100\/100\n|switch|p1b: Sylveon|Sylveon, M|53\/100\n|-weather|SunnyDay|[from] ability: Drought|[of] p2b: Torkoal\n|turn|8\n|\n|t:|1697949383\n|-terastallize|p1b: Sylveon|Ground\n|move|p1a: Ogerpon|Spiky Shield|p1a: Ogerpon\n|-singleturn|p1a: Ogerpon|move: Protect\n|move|p2b: Torkoal|Eruption|p1a: Ogerpon|[spread] p1b\n|-activate|p1a: Ogerpon|move: Protect\n|-damage|p1b: Sylveon|10\/100\n|move|p2a: Oranguru|Instruct|p2b: Torkoal\n|-singleturn|p2b: Torkoal|move: Instruct|[of] p2a: Oranguru\n|move|p2b: Torkoal|Eruption|p1a: Ogerpon|[spread] p1b\n|-activate|p1a: Ogerpon|move: Protect\n|-damage|p1b: Sylveon|0 fnt\n|faint|p1b: Sylveon\n|\n|-weather|SunnyDay|[upkeep]\n|-sideend|p1: Apalachicola|Reflect\n|upkeep\n|-message|Apalachicola forfeited.\n|\n|win|Sirfutgukr\n|raw|Apalachicola's rating: 1305 &rarr; <strong>1292<\/strong><br \/>(-13 for losing)\n|raw|Sirfutgukr's rating: 1424 &rarr; <strong>1437<\/strong><br \/>(+13 for winning)\n|l|\u2606Apalachicola\n","uploadtime":1697949406,"views":20,"p1id":"apalachicola","p2id":"sirfutgukr","formatid":"gen9doublesou","rating":1292,"private":0,"password":""}