{"id":"gen9doublesou-1993773771","p1":"Nunsori","p2":"Ravvenn98","format":"[Gen 9] Doubles OU","log":"|j|\u2606Nunsori\n|j|\u2606Ravvenn98\n|t:|1700355605\n|gametype|doubles\n|player|p1|Nunsori|170|1530\n|player|p2|Ravvenn98|clair|1448\n|teamsize|p1|6\n|teamsize|p2|6\n|gen|9\n|tier|[Gen 9] Doubles OU\n|rated|\n|rule|Species Clause: Limit one of each Pok\u00e9mon\n|rule|OHKO Clause: OHKO moves are banned\n|rule|Evasion Moves Clause: Evasion moves are banned\n|rule|Gravity Sleep Clause: The combination of sleep-inducing moves with imperfect accuracy and Gravity or Gigantamax Orbeetle are banned\n|rule|Endless Battle Clause: Forcing endless battles is banned\n|rule|HP Percentage Mod: HP is shown in percentages\n|clearpoke\n|poke|p1|Dusclops, M|\n|poke|p1|Glastrier|\n|poke|p1|Indeedee-F, F|\n|poke|p1|Ursaluna-Bloodmoon, M|\n|poke|p1|Amoonguss, M|\n|poke|p1|Armarouge, M|\n|poke|p2|Houndstone, F|\n|poke|p2|Tyranitar, F|\n|poke|p2|Gholdengo|\n|poke|p2|Roaring Moon|\n|poke|p2|Tornadus, M|\n|poke|p2|Palafin, M|\n|teampreview\n|inactive|Battle timer is ON: inactive players will automatically lose when time's up. (requested by Nunsori)\n|j| Le_Baddie\n|\n|t:|1700355639\n|start\n|switch|p1a: Indeedee|Indeedee-F, F|100\/100\n|switch|p1b: Armarouge|Armarouge, M|100\/100\n|switch|p2a: Tornadus|Tornadus, M, shiny|100\/100\n|switch|p2b: Palafin|Palafin, M, shiny|100\/100\n|-fieldstart|move: Psychic Terrain|[from] ability: Psychic Surge|[of] p1a: Indeedee\n|turn|1\n|\n|t:|1700355651\n|move|p1a: Indeedee|Follow Me|p1a: Indeedee\n|-singleturn|p1a: Indeedee|move: Follow Me\n|move|p2a: Tornadus|Tailwind|p2a: Tornadus\n|-sidestart|p2: Ravvenn98|move: Tailwind\n|move|p2b: Palafin|Flip Turn|p1a: Indeedee\n|-damage|p1a: Indeedee|71\/100\n|-enditem|p1a: Indeedee|Eject Button\n|\n|t:|1700355657\n|switch|p1a: Glastrier|Glastrier|100\/100\n|move|p1b: Armarouge|Trick Room|p1b: Armarouge\n|-fieldstart|move: Trick Room|[of] p1b: Armarouge\n|\n|upkeep\n|turn|2\n|\n|t:|1700355671\n|move|p1a: Glastrier|Icicle Crash|p2a: Tornadus\n|-supereffective|p2a: Tornadus\n|-damage|p2a: Tornadus|0 fnt\n|faint|p2a: Tornadus\n|-ability|p1a: Glastrier|Chilling Neigh|boost\n|-boost|p1a: Glastrier|atk|1\n|move|p1b: Armarouge|Expanding Force|p2b: Palafin\n|-damage|p2b: Palafin|0 fnt\n|faint|p2b: Palafin\n|-damage|p1b: Armarouge|91\/100|[from] item: Life Orb\n|\n|upkeep\n|\n|t:|1700355679\n|switch|p2b: Gholdengo|Gholdengo|100\/100\n|switch|p2a: Roaring Moon|Roaring Moon|100\/100\n|-enditem|p2a: Roaring Moon|Booster Energy\n|-activate|p2a: Roaring Moon|ability: Protosynthesis|[fromitem]\n|-start|p2a: Roaring Moon|protosynthesisatk\n|turn|3\n|\n|t:|1700355688\n|move|p1a: Glastrier|Icicle Crash|p2a: Roaring Moon|[miss]\n|-miss|p1a: Glastrier|p2a: Roaring Moon\n|move|p1b: Armarouge|Heat Wave|p2b: Gholdengo|[spread] p2b\n|-miss|p1b: Armarouge|p2a: Roaring Moon\n|-supereffective|p2b: Gholdengo\n|-damage|p2b: Gholdengo|23\/100\n|-damage|p1b: Armarouge|81\/100|[from] item: Life Orb\n|move|p2b: Gholdengo|Flash Cannon|p1a: Glastrier\n|-supereffective|p1a: Glastrier\n|-damage|p1a: Glastrier|49\/100\n|move|p2a: Roaring Moon|Acrobatics|p1b: Armarouge\n|-damage|p1b: Armarouge|25\/100\n|\n|upkeep\n|turn|4\n|\n|t:|1700355710\n|move|p1a: Glastrier|Icicle Crash|p2a: Roaring Moon\n|-supereffective|p2a: Roaring Moon\n|-damage|p2a: Roaring Moon|0 fnt\n|faint|p2a: Roaring Moon\n|-end|p2a: Roaring Moon|Protosynthesis|[silent]\n|-ability|p1a: Glastrier|Chilling Neigh|boost\n|-boost|p1a: Glastrier|atk|1\n|move|p1b: Armarouge|Heat Wave|p2b: Gholdengo\n|-supereffective|p2b: Gholdengo\n|-damage|p2b: Gholdengo|0 fnt\n|faint|p2b: Gholdengo\n|-damage|p1b: Armarouge|15\/100|[from] item: Life Orb\n|\n|-sideend|p2: Ravvenn98|move: Tailwind\n|upkeep\n|\n|t:|1700355714\n|switch|p2b: Houndstone|Houndstone, F|100\/100\n|switch|p2a: Tyranitar|Tyranitar, F, shiny|100\/100\n|-weather|Sandstorm|[from] ability: Sand Stream|[of] p2a: Tyranitar\n|turn|5\n|\n|t:|1700355730\n|move|p1a: Glastrier|Close Combat|p2a: Tyranitar\n|-supereffective|p2a: Tyranitar\n|-damage|p2a: Tyranitar|0 fnt\n|-unboost|p1a: Glastrier|def|1\n|-unboost|p1a: Glastrier|spd|1\n|faint|p2a: Tyranitar\n|-ability|p1a: Glastrier|Chilling Neigh|boost\n|-boost|p1a: Glastrier|atk|1\n|move|p1b: Armarouge|Expanding Force|p2b: Houndstone\n|-crit|p2b: Houndstone\n|-damage|p2b: Houndstone|0 fnt\n|faint|p2b: Houndstone\n|-damage|p1b: Armarouge|5\/100|[from] item: Life Orb\n|\n|win|Nunsori\n|raw|Nunsori's rating: 1530 &rarr; <strong>1545<\/strong><br \/>(+15 for winning)\n|raw|Ravvenn98's rating: 1448 &rarr; <strong>1433<\/strong><br \/>(-15 for losing)\n|l|\u2606Ravvenn98\n","uploadtime":1700355742,"views":8,"p1id":"nunsori","p2id":"ravvenn98","formatid":"gen9doublesou","rating":1433,"private":0,"password":""}