{"id":"gen9doublesou-1985192314","p1":"ImNextUp","p2":"GonzaJ","format":"[Gen 9] Doubles OU","log":"|j|\u2606ImNextUp\n|j|\u2606GonzaJ\n|t:|1699346277\n|gametype|doubles\n|player|p1|ImNextUp|giovanni|1685\n|player|p2|GonzaJ|psychic-gen4|1729\n|teamsize|p1|6\n|teamsize|p2|6\n|gen|9\n|tier|[Gen 9] Doubles OU\n|rated|\n|rule|Species Clause: Limit one of each Pok\u00e9mon\n|rule|OHKO Clause: OHKO moves are banned\n|rule|Evasion Moves Clause: Evasion moves are banned\n|rule|Gravity Sleep Clause: The combination of sleep-inducing moves with imperfect accuracy and Gravity or Gigantamax Orbeetle are banned\n|rule|Endless Battle Clause: Forcing endless battles is banned\n|rule|HP Percentage Mod: HP is shown in percentages\n|clearpoke\n|poke|p1|Salamence, M|\n|poke|p1|Ninetales-Alola, F|\n|poke|p1|Heatran, M|\n|poke|p1|Rillaboom, F|\n|poke|p1|Ogerpon-Hearthflame, F|\n|poke|p1|Milotic, M|\n|poke|p2|Glimmora, F|\n|poke|p2|Wo-Chien|\n|poke|p2|Ting-Lu|\n|poke|p2|Chansey, F|\n|poke|p2|Gliscor, M|\n|poke|p2|Arcanine, M|\n|teampreview\n|inactive|Battle timer is ON: inactive players will automatically lose when time's up. (requested by ImNextUp)\n|\n|t:|1699346320\n|start\n|switch|p1a: Ninetales|Ninetales-Alola, F|100\/100\n|switch|p1b: Heatran|Heatran, M|100\/100\n|switch|p2a: Chansey|Chansey, F|100\/100\n|switch|p2b: Gliscor|Gliscor, M|100\/100\n|-weather|Snow|[from] ability: Snow Warning|[of] p1a: Ninetales\n|turn|1\n|\n|t:|1699346326\n|switch|p2b: Arcanine|Arcanine, M|100\/100\n|-ability|p2b: Arcanine|Intimidate|boost\n|-unboost|p1a: Ninetales|atk|1\n|-unboost|p1b: Heatran|atk|1\n|switch|p1b: Rillaboom|Rillaboom, F|100\/100\n|-fieldstart|move: Grassy Terrain|[from] ability: Grassy Surge|[of] p1b: Rillaboom\n|move|p1a: Ninetales|Aurora Veil|p1a: Ninetales\n|-sidestart|p1: ImNextUp|move: Aurora Veil\n|move|p2a: Chansey|Stealth Rock|p1b: Rillaboom\n|-sidestart|p1: ImNextUp|move: Stealth Rock\n|\n|-weather|Snow|[upkeep]\n|upkeep\n|turn|2\n|\n|t:|1699346337\n|switch|p1a: Heatran|Heatran, M|100\/100\n|-damage|p1a: Heatran|88\/100|[from] Stealth Rock\n|switch|p2a: Glimmora|Glimmora, F|100\/100\n|move|p2b: Arcanine|Flamethrower|p1a: Heatran\n|-start|p1a: Heatran|ability: Flash Fire\n|move|p1b: Rillaboom|High Horsepower|p2b: Arcanine\n|-supereffective|p2b: Arcanine\n|-damage|p2b: Arcanine|32\/100\n|-enditem|p2b: Arcanine|Sitrus Berry|[eat]\n|-heal|p2b: Arcanine|57\/100|[from] item: Sitrus Berry\n|\n|-weather|Snow|[upkeep]\n|-heal|p2b: Arcanine|64\/100|[from] Grassy Terrain\n|-heal|p1a: Heatran|94\/100|[from] Grassy Terrain\n|upkeep\n|turn|3\n|inactive|ImNextUp has 120 seconds left.\n|inactive|GonzaJ has 120 seconds left.\n|inactive|ImNextUp has 90 seconds left.\n|\n|t:|1699346407\n|move|p2b: Arcanine|Snarl|p1b: Rillaboom|[spread] p1a,p1b\n|-damage|p1a: Heatran|89\/100\n|-damage|p1b: Rillaboom|96\/100\n|-unboost|p1a: Heatran|spa|1\n|-unboost|p1b: Rillaboom|spa|1\n|move|p1a: Heatran|Earth Power|p2a: Glimmora\n|-supereffective|p2a: Glimmora\n|-damage|p2a: Glimmora|13\/100\n|move|p2a: Glimmora|Toxic Spikes|p1a: Heatran\n|-sidestart|p1: ImNextUp|move: Toxic Spikes\n|move|p1b: Rillaboom|High Horsepower|p2b: Arcanine\n|-supereffective|p2b: Arcanine\n|-damage|p2b: Arcanine|0 fnt\n|faint|p2b: Arcanine\n|\n|-weather|Snow|[upkeep]\n|-heal|p1a: Heatran|95\/100|[from] Grassy Terrain\n|-heal|p2a: Glimmora|19\/100|[from] Grassy Terrain\n|-heal|p1b: Rillaboom|100\/100|[from] Grassy Terrain\n|upkeep\n|inactive|GonzaJ has 120 seconds left.\n|\n|t:|1699346424\n|switch|p2b: Gliscor|Gliscor, M|100\/100\n|turn|4\n|\n|t:|1699346435\n|move|p2a: Glimmora|Spiky Shield|p2a: Glimmora\n|-singleturn|p2a: Glimmora|move: Protect\n|move|p2b: Gliscor|High Horsepower|p1a: Heatran\n|-supereffective|p1a: Heatran\n|-damage|p1a: Heatran|33\/100\n|-enditem|p1a: Heatran|Sitrus Berry|[eat]\n|-heal|p1a: Heatran|58\/100|[from] item: Sitrus Berry\n|move|p1a: Heatran|Heat Wave|p2b: Gliscor|[spread] \n|-activate|p2a: Glimmora|move: Protect\n|-miss|p1a: Heatran|p2b: Gliscor\n|move|p1b: Rillaboom|Wood Hammer|p2b: Gliscor\n|-damage|p2b: Gliscor|34\/100\n|-damage|p1b: Rillaboom|81\/100|[from] Recoil\n|\n|-weather|Snow|[upkeep]\n|-heal|p1a: Heatran|64\/100|[from] Grassy Terrain\n|-heal|p2a: Glimmora|25\/100|[from] Grassy Terrain\n|-heal|p1b: Rillaboom|88\/100|[from] Grassy Terrain\n|-status|p2b: Gliscor|tox|[from] item: Toxic Orb\n|upkeep\n|turn|5\n|inactive|ImNextUp has 120 seconds left.\n|\n|t:|1699346448\n|move|p1b: Rillaboom|Grassy Glide|p2b: Gliscor\n|-damage|p2b: Gliscor|5\/100 tox\n|move|p2b: Gliscor|High Horsepower|p1a: Heatran\n|-supereffective|p1a: Heatran\n|-damage|p1a: Heatran|4\/100\n|move|p1a: Heatran|Earth Power|p2a: Glimmora\n|-supereffective|p2a: Glimmora\n|-damage|p2a: Glimmora|0 fnt\n|faint|p2a: Glimmora\n|\n|-weather|none\n|-heal|p1a: Heatran|10\/100|[from] Grassy Terrain\n|-heal|p1b: Rillaboom|94\/100|[from] Grassy Terrain\n|-heal|p2b: Gliscor|18\/100 tox|[from] ability: Poison Heal\n|-fieldend|move: Grassy Terrain\n|upkeep\n|\n|t:|1699346460\n|switch|p2a: Chansey|Chansey, F|100\/100\n|turn|6\n|\n|t:|1699346468\n|switch|p2b: Ting-Lu|Ting-Lu|100\/100\n|-ability|p2b: Ting-Lu|Vessel of Ruin\n|switch|p1b: Salamence|Salamence, M|100\/100\n|-damage|p1b: Salamence|76\/100|[from] Stealth Rock\n|-ability|p1b: Salamence|Intimidate|boost\n|-unboost|p2a: Chansey|atk|1\n|-unboost|p2b: Ting-Lu|atk|1\n|move|p1a: Heatran|Heat Wave|p2a: Chansey|[spread] p2a,p2b\n|-crit|p2b: Ting-Lu\n|-damage|p2a: Chansey|92\/100\n|-damage|p2b: Ting-Lu|56\/100\n|move|p2a: Chansey|Seismic Toss|p1a: Heatran\n|-damage|p1a: Heatran|0 fnt\n|faint|p1a: Heatran\n|\n|-heal|p2b: Ting-Lu|62\/100|[from] item: Leftovers\n|upkeep\n|\n|t:|1699346483\n|switch|p1a: Milotic|Milotic, M|100\/100\n|-damage|p1a: Milotic|88\/100|[from] Stealth Rock\n|-status|p1a: Milotic|psn\n|turn|7\n|\n|t:|1699346491\n|switch|p2a: Wo-Chien|Wo-Chien|100\/100\n|-ability|p2a: Wo-Chien|Tablets of Ruin\n|move|p1b: Salamence|Dragon Dance|p1b: Salamence\n|-boost|p1b: Salamence|atk|1\n|-boost|p1b: Salamence|spe|1\n|move|p1a: Milotic|Coil|p1a: Milotic\n|-boost|p1a: Milotic|atk|1\n|-boost|p1a: Milotic|def|1\n|-boost|p1a: Milotic|accuracy|1\n|move|p2b: Ting-Lu|Spikes|p1a: Milotic\n|-sidestart|p1: ImNextUp|Spikes\n|\n|-heal|p1a: Milotic|94\/100 psn|[from] item: Leftovers\n|-heal|p2b: Ting-Lu|68\/100|[from] item: Leftovers\n|-damage|p1a: Milotic|82\/100 psn|[from] psn\n|upkeep\n|turn|8\n|\n|t:|1699346500\n|move|p1b: Salamence|Dragon Dance|p1b: Salamence\n|-boost|p1b: Salamence|atk|1\n|-boost|p1b: Salamence|spe|1\n|move|p1a: Milotic|Coil|p1a: Milotic\n|-boost|p1a: Milotic|atk|1\n|-boost|p1a: Milotic|def|1\n|-boost|p1a: Milotic|accuracy|1\n|move|p2a: Wo-Chien|Leech Seed|p1a: Milotic\n|-start|p1a: Milotic|move: Leech Seed\n|move|p2b: Ting-Lu|Whirlwind|p1b: Salamence\n|drag|p1b: Rillaboom|Rillaboom, F|94\/100\n|-damage|p1b: Rillaboom|81\/100|[from] Stealth Rock\n|-status|p1b: Rillaboom|psn\n|-damage|p1b: Rillaboom|69\/100 psn|[from] Spikes\n|-fieldstart|move: Grassy Terrain|[from] ability: Grassy Surge|[of] p1b: Rillaboom\n|\n|-heal|p1a: Milotic|88\/100 psn|[from] Grassy Terrain\n|-heal|p1a: Milotic|94\/100 psn|[from] item: Leftovers\n|-heal|p1b: Rillaboom|75\/100 psn|[from] Grassy Terrain\n|-heal|p2b: Ting-Lu|74\/100|[from] Grassy Terrain\n|-heal|p2b: Ting-Lu|80\/100|[from] item: Leftovers\n|-damage|p1a: Milotic|82\/100 psn|[from] Leech Seed|[of] p2a: Wo-Chien\n|-damage|p1a: Milotic|70\/100 psn|[from] psn\n|-damage|p1b: Rillaboom|63\/100 psn|[from] psn\n|-sideend|p1: ImNextUp|move: Aurora Veil\n|upkeep\n|turn|9\n|\n|t:|1699346517\n|switch|p1b: Ninetales|Ninetales-Alola, F|100\/100\n|-damage|p1b: Ninetales|76\/100|[from] Stealth Rock\n|-status|p1b: Ninetales|psn\n|-damage|p1b: Ninetales|63\/100 psn|[from] Spikes\n|-weather|Snow|[from] ability: Snow Warning|[of] p1b: Ninetales\n|move|p2b: Ting-Lu|Protect|p2b: Ting-Lu\n|-singleturn|p2b: Ting-Lu|Protect\n|move|p1a: Milotic|Hypnosis|p2b: Ting-Lu\n|-activate|p2b: Ting-Lu|move: Protect\n|move|p2a: Wo-Chien|Foul Play|p1b: Ninetales\n|-resisted|p1b: Ninetales\n|-damage|p1b: Ninetales|56\/100 psn\n|\n|-weather|Snow|[upkeep]\n|-heal|p1b: Ninetales|62\/100 psn|[from] Grassy Terrain\n|-heal|p1a: Milotic|76\/100 psn|[from] Grassy Terrain\n|-heal|p1a: Milotic|82\/100 psn|[from] item: Leftovers\n|-heal|p2b: Ting-Lu|86\/100|[from] Grassy Terrain\n|-heal|p2b: Ting-Lu|92\/100|[from] item: Leftovers\n|-damage|p1a: Milotic|70\/100 psn|[from] Leech Seed|[of] p2a: Wo-Chien\n|-damage|p1b: Ninetales|50\/100 psn|[from] psn\n|-damage|p1a: Milotic|57\/100 psn|[from] psn\n|upkeep\n|turn|10\n|\n|t:|1699346527\n|switch|p2b: Gliscor|Gliscor, M|18\/100 tox\n|move|p1b: Ninetales|Aurora Veil|p1b: Ninetales\n|-sidestart|p1: ImNextUp|move: Aurora Veil\n|move|p1a: Milotic|Hypnosis|p2a: Wo-Chien\n|-status|p2a: Wo-Chien|slp|[from] move: Hypnosis\n|cant|p2a: Wo-Chien|slp\n|\n|-weather|Snow|[upkeep]\n|-heal|p1b: Ninetales|56\/100 psn|[from] Grassy Terrain\n|-heal|p1a: Milotic|64\/100 psn|[from] Grassy Terrain\n|-heal|p1a: Milotic|70\/100 psn|[from] item: Leftovers\n|-damage|p1a: Milotic|57\/100 psn|[from] Leech Seed|[of] p2a: Wo-Chien\n|-damage|p1b: Ninetales|43\/100 psn|[from] psn\n|-heal|p2b: Gliscor|30\/100 tox|[from] ability: Poison Heal\n|-damage|p1a: Milotic|45\/100 psn|[from] psn\n|upkeep\n|turn|11\n|\n|t:|1699346541\n|switch|p2b: Chansey|Chansey, F|92\/100\n|switch|p2a: Ting-Lu|Ting-Lu|92\/100\n|-ability|p2a: Ting-Lu|Vessel of Ruin\n|move|p1b: Ninetales|Moonblast|p2a: Ting-Lu\n|-supereffective|p2a: Ting-Lu\n|-damage|p2a: Ting-Lu|61\/100\n|move|p1a: Milotic|Hydro Pump|p2b: Chansey\n|-damage|p2b: Chansey|81\/100\n|\n|-weather|Snow|[upkeep]\n|-heal|p1b: Ninetales|49\/100 psn|[from] Grassy Terrain\n|-heal|p1a: Milotic|51\/100 psn|[from] Grassy Terrain\n|-heal|p1a: Milotic|57\/100 psn|[from] item: Leftovers\n|-heal|p2b: Chansey|87\/100|[from] Grassy Terrain\n|-heal|p2a: Ting-Lu|67\/100|[from] Grassy Terrain\n|-heal|p2a: Ting-Lu|73\/100|[from] item: Leftovers\n|-damage|p1a: Milotic|45\/100 psn|[from] Leech Seed|[of] p2a: Ting-Lu\n|-heal|p2a: Ting-Lu|82\/100|[silent]\n|-damage|p1b: Ninetales|37\/100 psn|[from] psn\n|-damage|p1a: Milotic|33\/100 psn|[from] psn\n|upkeep\n|turn|12\n|\n|t:|1699346559\n|move|p2a: Ting-Lu|Protect|p2a: Ting-Lu\n|-singleturn|p2a: Ting-Lu|Protect\n|move|p1b: Ninetales|Moonblast|p2a: Ting-Lu\n|-activate|p2a: Ting-Lu|move: Protect\n|move|p1a: Milotic|Hypnosis|p2b: Chansey\n|-status|p2b: Chansey|slp|[from] move: Hypnosis\n|cant|p2b: Chansey|slp\n|\n|-weather|Snow|[upkeep]\n|-heal|p1b: Ninetales|43\/100 psn|[from] Grassy Terrain\n|-heal|p1a: Milotic|39\/100 psn|[from] Grassy Terrain\n|-heal|p1a: Milotic|45\/100 psn|[from] item: Leftovers\n|-heal|p2b: Chansey|93\/100 slp|[from] Grassy Terrain\n|-heal|p2a: Ting-Lu|89\/100|[from] Grassy Terrain\n|-heal|p2a: Ting-Lu|95\/100|[from] item: Leftovers\n|-damage|p1a: Milotic|33\/100 psn|[from] Leech Seed|[of] p2a: Ting-Lu\n|-heal|p2a: Ting-Lu|100\/100|[silent]\n|-damage|p1b: Ninetales|31\/100 psn|[from] psn\n|-damage|p1a: Milotic|21\/100 psn|[from] psn\n|-fieldend|move: Grassy Terrain\n|upkeep\n|turn|13\n|\n|t:|1699346588\n|move|p1b: Ninetales|Moonblast|p2b: Chansey\n|-damage|p2b: Chansey|87\/100 slp\n|move|p1a: Milotic|Hypnosis|p2a: Ting-Lu\n|-status|p2a: Ting-Lu|slp|[from] move: Hypnosis\n|cant|p2b: Chansey|slp\n|cant|p2a: Ting-Lu|slp\n|\n|-weather|none\n|-heal|p1a: Milotic|27\/100 psn|[from] item: Leftovers\n|-damage|p1a: Milotic|14\/100 psn|[from] Leech Seed|[of] p2a: Ting-Lu\n|-damage|p1b: Ninetales|18\/100 psn|[from] psn\n|-damage|p1a: Milotic|2\/100 psn|[from] psn\n|upkeep\n|turn|14\n|inactive|ImNextUp has 120 seconds left.\n|\n|t:|1699346634\n|move|p1b: Ninetales|Moonblast|p2a: Ting-Lu\n|-supereffective|p2a: Ting-Lu\n|-damage|p2a: Ting-Lu|69\/100 slp\n|move|p1a: Milotic|Hydro Pump|p2a: Ting-Lu\n|-supereffective|p2a: Ting-Lu\n|-damage|p2a: Ting-Lu|9\/100 slp\n|cant|p2b: Chansey|slp\n|cant|p2a: Ting-Lu|slp\n|\n|-heal|p1a: Milotic|8\/100 psn|[from] item: Leftovers\n|-heal|p2a: Ting-Lu|15\/100 slp|[from] item: Leftovers\n|-damage|p1a: Milotic|0 fnt|[from] Leech Seed|[of] p2a: Ting-Lu\n|-heal|p2a: Ting-Lu|20\/100 slp|[silent]\n|faint|p1a: Milotic\n|-damage|p1b: Ninetales|6\/100 psn|[from] psn\n|upkeep\n|j| koomsburg\n|j| Brucie92\n|\n|t:|1699346644\n|switch|p1a: Salamence|Salamence, M|76\/100\n|-damage|p1a: Salamence|51\/100|[from] Stealth Rock\n|-ability|p1a: Salamence|Intimidate|boost\n|-unboost|p2a: Ting-Lu|atk|1\n|-unboost|p2b: Chansey|atk|1\n|turn|15\n|inactive|GonzaJ has 120 seconds left.\n|\n|t:|1699346691\n|move|p1b: Ninetales|Moonblast|p2a: Ting-Lu\n|-supereffective|p2a: Ting-Lu\n|-damage|p2a: Ting-Lu|0 fnt\n|faint|p2a: Ting-Lu\n|move|p1a: Salamence|Dragon Dance|p1a: Salamence\n|-boost|p1a: Salamence|atk|1\n|-boost|p1a: Salamence|spe|1\n|-curestatus|p2b: Chansey|slp|[msg]\n|move|p2b: Chansey|Seismic Toss|p1a: Salamence\n|-damage|p1a: Salamence|24\/100\n|\n|-damage|p1b: Ninetales|0 fnt|[from] psn\n|faint|p1b: Ninetales\n|upkeep\n|inactive|ImNextUp has 120 seconds left.\n|inactive|ImNextUp has 90 seconds left.\n|\n|t:|1699346768\n|switch|p1b: Rillaboom|Rillaboom, F|63\/100 psn\n|switch|p2a: Wo-Chien|Wo-Chien|100\/100 slp\n|-damage|p1b: Rillaboom|50\/100 psn|[from] Stealth Rock\n|-damage|p1b: Rillaboom|38\/100 psn|[from] Spikes\n|-fieldstart|move: Grassy Terrain|[from] ability: Grassy Surge|[of] p1b: Rillaboom\n|-ability|p2a: Wo-Chien|Tablets of Ruin\n|turn|16\n|inactive|ImNextUp has 90 seconds left.\n|\n|t:|1699346785\n|cant|p2a: Wo-Chien|slp\n|move|p1b: Rillaboom|Fake Out|p2b: Chansey\n|-damage|p2b: Chansey|80\/100\n|move|p1a: Salamence|Dual Wingbeat|p2a: Wo-Chien\n|-supereffective|p2a: Wo-Chien\n|-damage|p2a: Wo-Chien|57\/100 slp\n|-supereffective|p2a: Wo-Chien\n|-damage|p2a: Wo-Chien|12\/100 slp\n|-hitcount|p2a: Wo-Chien|2\n|cant|p2b: Chansey|flinch\n|\n|-heal|p1b: Rillaboom|44\/100 psn|[from] Grassy Terrain\n|-heal|p2a: Wo-Chien|18\/100 slp|[from] Grassy Terrain\n|-heal|p2a: Wo-Chien|24\/100 slp|[from] item: Leftovers\n|-heal|p2b: Chansey|86\/100|[from] Grassy Terrain\n|-damage|p1b: Rillaboom|32\/100 psn|[from] psn\n|upkeep\n|turn|17\n|inactive|ImNextUp has 90 seconds left.\n|\n|t:|1699346819\n|cant|p2a: Wo-Chien|slp\n|move|p1a: Salamence|Dual Wingbeat|p2a: Wo-Chien\n|-supereffective|p2a: Wo-Chien\n|-damage|p2a: Wo-Chien|0 fnt\n|faint|p2a: Wo-Chien\n|-hitcount|p2: Wo-Chien|1\n|move|p1b: Rillaboom|Wood Hammer|p2b: Chansey\n|-damage|p2b: Chansey|29\/100\n|-damage|p1b: Rillaboom|0 fnt|[from] Recoil\n|faint|p1b: Rillaboom\n|move|p2b: Chansey|Seismic Toss|p1a: Salamence\n|-damage|p1a: Salamence|0 fnt\n|faint|p1a: Salamence\n|\n|-heal|p2b: Chansey|35\/100|[from] Grassy Terrain\n|-sideend|p1: ImNextUp|move: Aurora Veil\n|upkeep\n|\n|t:|1699346830\n|switch|p1b: Ogerpon|Ogerpon-Hearthflame, F|100\/100\n|switch|p2a: Gliscor|Gliscor, M|30\/100 tox\n|-damage|p1b: Ogerpon|76\/100|[from] Stealth Rock\n|-status|p1b: Ogerpon|psn\n|-damage|p1b: Ogerpon|63\/100 psn|[from] Spikes\n|-ability|p1b: Ogerpon|Mold Breaker\n|turn|18\n|inactive|ImNextUp has 120 seconds left.\n|\n|t:|1699346855\n|-terastallize|p1b: Ogerpon|Fire\n|detailschange|p1b: Ogerpon|Ogerpon-Hearthflame-Tera, F, tera:Fire\n|-ability|p1b: Ogerpon|Embody Aspect (Hearthflame)|boost\n|-boost|p1b: Ogerpon|atk|1\n|move|p1b: Ogerpon|Ivy Cudgel|p2a: Gliscor\n|-damage|p2a: Gliscor|0 fnt\n|faint|p2a: Gliscor\n|move|p2b: Chansey|Soft-Boiled|p2b: Chansey\n|-heal|p2b: Chansey|85\/100\n|\n|-heal|p1b: Ogerpon|69\/100 psn|[from] Grassy Terrain\n|-heal|p2b: Chansey|91\/100|[from] Grassy Terrain\n|-damage|p1b: Ogerpon|57\/100 psn|[from] psn\n|upkeep\n|turn|19\n|\n|t:|1699346869\n|-terastallize|p2b: Chansey|Fairy\n|move|p1b: Ogerpon|Ivy Cudgel|p2b: Chansey\n|-crit|p2b: Chansey\n|-damage|p2b: Chansey|0 fnt\n|faint|p2b: Chansey\n|\n|win|ImNextUp\n|raw|ImNextUp's rating: 1685 &rarr; <strong>1708<\/strong><br \/>(+23 for winning)\n|raw|GonzaJ's rating: 1729 &rarr; <strong>1706<\/strong><br \/>(-23 for losing)\n|l|\u2606GonzaJ\n|l|\u2606ImNextUp\n|j|\u2606ImNextUp\n|player|p1|ImNextUp|giovanni\n","uploadtime":1699346880,"views":10,"p1id":"imnextup","p2id":"gonzaj","formatid":"gen9doublesou","rating":1706,"private":0,"password":""}