{"id":"gen9doublesou-1993695829","p1":"gg ez ez gg","p2":"jojitos","format":"[Gen 9] Doubles OU","log":"|j|\u2606gg ez ez gg\n|j|\u2606jojitos\n|t:|1700346552\n|gametype|doubles\n|player|p1|gg ez ez gg|twins-gen4dp|1402\n|player|p2|jojitos|gentleman-gen4|1315\n|teamsize|p1|6\n|teamsize|p2|6\n|gen|9\n|tier|[Gen 9] Doubles OU\n|rated|\n|rule|Species Clause: Limit one of each Pok\u00e9mon\n|rule|OHKO Clause: OHKO moves are banned\n|rule|Evasion Moves Clause: Evasion moves are banned\n|rule|Gravity Sleep Clause: The combination of sleep-inducing moves with imperfect accuracy and Gravity or Gigantamax Orbeetle are banned\n|rule|Endless Battle Clause: Forcing endless battles is banned\n|rule|HP Percentage Mod: HP is shown in percentages\n|clearpoke\n|poke|p1|Manaphy|\n|poke|p1|Grimmsnarl, M|\n|poke|p1|Ursaluna-Bloodmoon, M|\n|poke|p1|Cresselia, F|\n|poke|p1|Chien-Pao|\n|poke|p1|Ogerpon-Wellspring, F|\n|poke|p2|Kleavor, F|\n|poke|p2|Clodsire, M|\n|poke|p2|Iron Moth|\n|poke|p2|Sinistcha-Masterpiece|\n|poke|p2|Farigiraf, F|\n|poke|p2|Grimmsnarl, M|\n|teampreview\n|\n|t:|1700346583\n|start\n|switch|p1a: ALiteralWaterDrop|Manaphy|100\/100\n|switch|p1b: Nurse Get in Here|Cresselia, F, shiny|100\/100\n|switch|p2a: Kleavor|Kleavor, F, shiny|100\/100\n|switch|p2b: Grimmsnarl|Grimmsnarl, M|100\/100\n|turn|1\n|\n|t:|1700346596\n|move|p2b: Grimmsnarl|Thunder Wave|p1a: ALiteralWaterDrop|[miss]\n|-miss|p2b: Grimmsnarl|p1a: ALiteralWaterDrop\n|move|p2a: Kleavor|Stone Axe|p1b: Nurse Get in Here\n|-damage|p1b: Nurse Get in Here|66\/100\n|-sidestart|p1: gg ez ez gg|move: Stealth Rock\n|move|p1a: ALiteralWaterDrop|Tail Glow|p1a: ALiteralWaterDrop\n|-boost|p1a: ALiteralWaterDrop|spa|3\n|move|p1b: Nurse Get in Here|Trick Room|p1b: Nurse Get in Here\n|-fieldstart|move: Trick Room|[of] p1b: Nurse Get in Here\n|\n|upkeep\n|turn|2\n|\n|t:|1700346621\n|switch|p2b: Clodsire|Clodsire, M, shiny|100\/100\n|move|p1b: Nurse Get in Here|Lunar Blessing|p1b: Nurse Get in Here|[spread] p1a,p1b\n|-heal|p1b: Nurse Get in Here|91\/100\n|move|p1a: ALiteralWaterDrop|Baton Pass|p1a: ALiteralWaterDrop\n|\n|t:|1700346628\n|switch|p1a: Nightmare FFB|Ursaluna-Bloodmoon, M|100\/100|[from] Baton Pass\n|-damage|p1a: Nightmare FFB|94\/100|[from] Stealth Rock\n|move|p2a: Kleavor|U-turn|p1b: Nurse Get in Here\n|-supereffective|p1b: Nurse Get in Here\n|-damage|p1b: Nurse Get in Here|40\/100\n|\n|t:|1700346648\n|switch|p2a: Iron Moth|Iron Moth|100\/100|[from] U-turn\n|-enditem|p2a: Iron Moth|Booster Energy\n|-activate|p2a: Iron Moth|ability: Quark Drive|[fromitem]\n|-start|p2a: Iron Moth|quarkdrivespe\n|\n|upkeep\n|turn|3\n|\n|t:|1700346662\n|-terastallize|p1a: Nightmare FFB|Normal\n|move|p2b: Clodsire|Toxic|p1a: Nightmare FFB\n|-status|p1a: Nightmare FFB|tox\n|move|p1a: Nightmare FFB|Hyper Voice|p2a: Iron Moth|[spread] p2a,p2b\n|-damage|p2a: Iron Moth|0 fnt\n|-damage|p2b: Clodsire|65\/100\n|faint|p2a: Iron Moth\n|-end|p2a: Iron Moth|Quark Drive|[silent]\n|-enditem|p1a: Nightmare FFB|Throat Spray\n|-boost|p1a: Nightmare FFB|spa|1|[from] item: Throat Spray\n|move|p1b: Nurse Get in Here|Lunar Blessing|p1b: Nurse Get in Here|[spread] p1a,p1b\n|-heal|p1a: Nightmare FFB|100\/100 tox\n|-curestatus|p1a: Nightmare FFB|tox|[msg]\n|-heal|p1b: Nurse Get in Here|65\/100\n|\n|-heal|p2b: Clodsire|71\/100|[from] item: Black Sludge\n|upkeep\n|\n|t:|1700346691\n|switch|p2a: Grimmsnarl|Grimmsnarl, M|100\/100\n|turn|4\n|\n|t:|1700346706\n|move|p2a: Grimmsnarl|Thunder Wave|p1a: Nightmare FFB\n|-status|p1a: Nightmare FFB|par\n|move|p1a: Nightmare FFB|Earth Power|p2b: Clodsire\n|-supereffective|p2b: Clodsire\n|-damage|p2b: Clodsire|1\/100\n|move|p2b: Clodsire|Recover|p2b: Clodsire\n|-heal|p2b: Clodsire|51\/100\n|move|p1b: Nurse Get in Here|Lunar Blessing|p1b: Nurse Get in Here|[spread] p1a,p1b\n|-curestatus|p1a: Nightmare FFB|par|[msg]\n|-heal|p1b: Nurse Get in Here|90\/100\n|\n|-heal|p2b: Clodsire|57\/100|[from] item: Black Sludge\n|upkeep\n|turn|5\n|\n|t:|1700346733\n|move|p2b: Clodsire|Gunk Shot|p1a: Nightmare FFB\n|-crit|p1a: Nightmare FFB\n|-damage|p1a: Nightmare FFB|54\/100\n|-status|p1a: Nightmare FFB|psn\n|move|p1a: Nightmare FFB|Earth Power|p2b: Clodsire\n|-supereffective|p2b: Clodsire\n|-damage|p2b: Clodsire|0 fnt\n|faint|p2b: Clodsire\n|move|p2a: Grimmsnarl|Spirit Break|p1a: Nightmare FFB\n|-damage|p1a: Nightmare FFB|26\/100 psn\n|-unboost|p1a: Nightmare FFB|spa|1\n|move|p1b: Nurse Get in Here|Lunar Blessing|p1b: Nurse Get in Here|[spread] p1a,p1b\n|-heal|p1a: Nightmare FFB|51\/100 psn\n|-curestatus|p1a: Nightmare FFB|psn|[msg]\n|-heal|p1b: Nurse Get in Here|100\/100\n|\n|-fieldend|move: Trick Room\n|upkeep\n|\n|t:|1700346755\n|switch|p2b: Kleavor|Kleavor, F, shiny|100\/100\n|turn|6\n|\n|t:|1700346787\n|-terastallize|p2b: Kleavor|Flying\n|move|p2b: Kleavor|Aerial Ace|p1a: Nightmare FFB\n|-damage|p1a: Nightmare FFB|21\/100\n|move|p1b: Nurse Get in Here|Lunar Blessing|p1b: Nurse Get in Here|[spread] p1a,p1b\n|-heal|p1a: Nightmare FFB|46\/100\n|move|p2a: Grimmsnarl|Spirit Break|p1a: Nightmare FFB\n|-damage|p1a: Nightmare FFB|16\/100\n|-unboost|p1a: Nightmare FFB|spa|1\n|move|p1a: Nightmare FFB|Hyper Voice|p2a: Grimmsnarl|[spread] p2a,p2b\n|-damage|p2a: Grimmsnarl|0 fnt\n|-enditem|p2b: Kleavor|Focus Sash\n|-damage|p2b: Kleavor|1\/100\n|faint|p2a: Grimmsnarl\n|\n|upkeep\n|\n|t:|1700346804\n|switch|p2a: Farigiraf|Farigiraf, F|100\/100\n|turn|7\n|\n|t:|1700346817\n|move|p1a: Nightmare FFB|Vacuum Wave||[still]\n|cant|p2a: Farigiraf|ability: Armor Tail|Vacuum Wave|[of] p1a: Nightmare FFB\n|move|p2b: Kleavor|Aerial Ace|p1a: Nightmare FFB\n|-damage|p1a: Nightmare FFB|0 fnt\n|faint|p1a: Nightmare FFB\n|move|p2a: Farigiraf|Hyper Voice|p1b: Nurse Get in Here\n|-damage|p1b: Nurse Get in Here|78\/100\n|-enditem|p2a: Farigiraf|Throat Spray\n|-boost|p2a: Farigiraf|spa|1|[from] item: Throat Spray\n|move|p1b: Nurse Get in Here|Lunar Blessing|p1b: Nurse Get in Here\n|-heal|p1b: Nurse Get in Here|100\/100\n|\n|upkeep\n|\n|t:|1700346829\n|switch|p1a: Zen Don't Disturb|Ogerpon-Wellspring, F|100\/100\n|-damage|p1a: Zen Don't Disturb|88\/100|[from] Stealth Rock\n|turn|8\n|\n|t:|1700346850\n|move|p1a: Zen Don't Disturb|Ivy Cudgel|p2a: Farigiraf|[anim] Ivy Cudgel Water\n|-damage|p2a: Farigiraf|25\/100\n|move|p2b: Kleavor|U-turn|p1a: Zen Don't Disturb\n|-supereffective|p1a: Zen Don't Disturb\n|-damage|p1a: Zen Don't Disturb|0 fnt\n|faint|p1a: Zen Don't Disturb\n|\n|t:|1700346858\n|switch|p2b: Sinistcha|Sinistcha-Masterpiece|100\/100|[from] U-turn\n|move|p2a: Farigiraf|Reflect|p2a: Farigiraf\n|-sidestart|p2: jojitos|Reflect\n|move|p1b: Nurse Get in Here|Psychic|p2b: Sinistcha\n|-damage|p2b: Sinistcha|75\/100\n|\n|upkeep\n|\n|t:|1700346866\n|switch|p1a: Chien-Ow|Chien-Pao|100\/100\n|-damage|p1a: Chien-Ow|76\/100|[from] Stealth Rock\n|-ability|p1a: Chien-Ow|Sword of Ruin\n|turn|9\n|\n|t:|1700346894\n|move|p1a: Chien-Ow|Icicle Crash|p2a: Farigiraf\n|-damage|p2a: Farigiraf|0 fnt\n|faint|p2a: Farigiraf\n|move|p2b: Sinistcha|Calm Mind|p2b: Sinistcha\n|-boost|p2b: Sinistcha|spa|1\n|-boost|p2b: Sinistcha|spd|1\n|move|p1b: Nurse Get in Here|Lunar Blessing|p1b: Nurse Get in Here|[spread] p1a,p1b\n|-heal|p1a: Chien-Ow|100\/100\n|\n|upkeep\n|\n|t:|1700346904\n|switch|p2a: Kleavor|Kleavor, F, shiny, tera:Flying|1\/100\n|turn|10\n|\n|t:|1700346911\n|move|p1a: Chien-Ow|Icicle Crash|p2b: Sinistcha|[miss]\n|-miss|p1a: Chien-Ow|p2b: Sinistcha\n|move|p2a: Kleavor|Rock Slide|p1b: Nurse Get in Here|[spread] p1a,p1b\n|-supereffective|p1a: Chien-Ow\n|-damage|p1a: Chien-Ow|15\/100\n|-damage|p1b: Nurse Get in Here|77\/100\n|move|p2b: Sinistcha|Matcha Gotcha|p1a: Chien-Ow|[spread] p1a,p1b\n|-damage|p1a: Chien-Ow|0 fnt\n|-heal|p2b: Sinistcha|82\/100|[from] drain|[of] p1a: Chien-Ow\n|-damage|p1b: Nurse Get in Here|52\/100\n|-heal|p2b: Sinistcha|99\/100|[from] drain|[of] p1b: Nurse Get in Here\n|faint|p1a: Chien-Ow\n|move|p1b: Nurse Get in Here|Psychic|p2a: Kleavor\n|-damage|p2a: Kleavor|0 fnt\n|faint|p2a: Kleavor\n|\n|upkeep\n|\n|t:|1700346923\n|switch|p1a: ALiteralWaterDrop|Manaphy|100\/100\n|-damage|p1a: ALiteralWaterDrop|88\/100|[from] Stealth Rock\n|turn|11\n|\n|t:|1700346929\n|move|p1a: ALiteralWaterDrop|Tail Glow|p1a: ALiteralWaterDrop\n|-boost|p1a: ALiteralWaterDrop|spa|3\n|move|p2b: Sinistcha|Matcha Gotcha|p1b: Nurse Get in Here|[spread] p1a,p1b\n|-supereffective|p1a: ALiteralWaterDrop\n|-damage|p1a: ALiteralWaterDrop|14\/100\n|-heal|p2b: Sinistcha|100\/100|[from] drain|[of] p1a: ALiteralWaterDrop\n|-damage|p1b: Nurse Get in Here|26\/100\n|-enditem|p1a: ALiteralWaterDrop|Sitrus Berry|[eat]\n|-heal|p1a: ALiteralWaterDrop|39\/100|[from] item: Sitrus Berry\n|move|p1b: Nurse Get in Here|Lunar Blessing|p1b: Nurse Get in Here|[spread] p1a,p1b\n|-heal|p1a: ALiteralWaterDrop|64\/100\n|-heal|p1b: Nurse Get in Here|51\/100\n|\n|upkeep\n|turn|12\n|\n|t:|1700346938\n|move|p1a: ALiteralWaterDrop|Blizzard|p2b: Sinistcha|[miss]\n|-miss|p1a: ALiteralWaterDrop|p2b: Sinistcha\n|move|p2b: Sinistcha|Calm Mind|p2b: Sinistcha\n|-boost|p2b: Sinistcha|spa|1\n|-boost|p2b: Sinistcha|spd|1\n|move|p1b: Nurse Get in Here|Psychic|p2b: Sinistcha\n|-damage|p2b: Sinistcha|88\/100\n|\n|-sideend|p2: jojitos|Reflect\n|upkeep\n|turn|13\n|\n|t:|1700346943\n|move|p1a: ALiteralWaterDrop|Blizzard|p2b: Sinistcha\n|-supereffective|p2b: Sinistcha\n|-damage|p2b: Sinistcha|27\/100\n|-enditem|p2b: Sinistcha|Weakness Policy\n|-boost|p2b: Sinistcha|atk|2|[from] item: Weakness Policy\n|-boost|p2b: Sinistcha|spa|2|[from] item: Weakness Policy\n|move|p2b: Sinistcha|Matcha Gotcha|p1a: ALiteralWaterDrop|[spread] p1a,p1b\n|-supereffective|p1a: ALiteralWaterDrop\n|-damage|p1a: ALiteralWaterDrop|0 fnt\n|-heal|p2b: Sinistcha|67\/100|[from] drain|[of] p1a: ALiteralWaterDrop\n|-damage|p1b: Nurse Get in Here|8\/100\n|-heal|p2b: Sinistcha|98\/100|[from] drain|[of] p1b: Nurse Get in Here\n|-status|p1b: Nurse Get in Here|brn\n|faint|p1a: ALiteralWaterDrop\n|move|p1b: Nurse Get in Here|Psychic|p2b: Sinistcha\n|-damage|p2b: Sinistcha|86\/100\n|\n|-damage|p1b: Nurse Get in Here|1\/100 brn|[from] brn\n|upkeep\n|-message|gg ez ez gg forfeited.\n|\n|win|jojitos\n|raw|gg ez ez gg's rating: 1402 &rarr; <strong>1377<\/strong><br \/>(-25 for losing)\n|raw|jojitos's rating: 1315 &rarr; <strong>1340<\/strong><br \/>(+25 for winning)\n|l|\u2606gg ez ez gg\n","uploadtime":1700346975,"views":4,"p1id":"ggezezgg","p2id":"jojitos","formatid":"gen9doublesou","rating":1340,"private":0,"password":""}