{"id":"gen9doublesou-1981073840","p1":"thenitrogeneral","p2":"Witchard","format":"[Gen 9] Doubles OU","log":"|j|\u203dthenitrogeneral\n|j|\u203dWitchard\n|t:|1698861464\n|gametype|doubles\n|player|p1|thenitrogeneral|roxie|1232\n|player|p2|Witchard|veteran|1150\n|teamsize|p1|6\n|teamsize|p2|6\n|gen|9\n|tier|[Gen 9] Doubles OU\n|rated|\n|rule|Species Clause: Limit one of each Pok\u00e9mon\n|rule|OHKO Clause: OHKO moves are banned\n|rule|Evasion Moves Clause: Evasion moves are banned\n|rule|Gravity Sleep Clause: The combination of sleep-inducing moves with imperfect accuracy and Gravity or Gigantamax Orbeetle are banned\n|rule|Endless Battle Clause: Forcing endless battles is banned\n|rule|HP Percentage Mod: HP is shown in percentages\n|clearpoke\n|poke|p1|Rillaboom, F|\n|poke|p1|Ninetales, F|\n|poke|p1|Electrode-Hisui|\n|poke|p1|Walking Wake|\n|poke|p1|Great Tusk|\n|poke|p1|Flutter Mane|\n|poke|p2|Poliwrath, F|\n|poke|p2|Pelipper, F|\n|poke|p2|Landorus-Therian, M|\n|poke|p2|Amoonguss, M|\n|poke|p2|Raichu, M|\n|poke|p2|Bronzong|\n|teampreview\n|\n|t:|1698861475\n|start\n|switch|p1a: Rillaboom|Rillaboom, F|100\/100\n|switch|p1b: Electrode|Electrode-Hisui|100\/100\n|switch|p2a: Amoonguss|Amoonguss, M, shiny|100\/100\n|switch|p2b: Poliwrath|Poliwrath, F|100\/100\n|-fieldstart|move: Grassy Terrain|[from] ability: Grassy Surge|[of] p1a: Rillaboom\n|turn|1\n|inactive|Battle timer is ON: inactive players will automatically lose when time's up. (requested by thenitrogeneral)\n|\n|t:|1698861488\n|switch|p1a: Ninetales|Ninetales, F|100\/100\n|-weather|SunnyDay|[from] ability: Drought|[of] p1a: Ninetales\n|-terastallize|p1b: Electrode|Ice\n|move|p2b: Poliwrath|Protect|p2b: Poliwrath\n|-singleturn|p2b: Poliwrath|Protect\n|move|p2a: Amoonguss|Protect|p2a: Amoonguss\n|-singleturn|p2a: Amoonguss|Protect\n|move|p1b: Electrode|Tera Blast|p2a: Amoonguss|[anim] Tera Blast Ice\n|-activate|p2a: Amoonguss|move: Protect\n|\n|-weather|SunnyDay|[upkeep]\n|upkeep\n|turn|2\n|\n|t:|1698861506\n|switch|p1a: Walking Wake|Walking Wake|100\/100\n|-activate|p1a: Walking Wake|ability: Protosynthesis\n|-start|p1a: Walking Wake|protosynthesisspa\n|-terastallize|p2a: Amoonguss|Water\n|move|p2a: Amoonguss|Rage Powder|p2a: Amoonguss\n|-singleturn|p2a: Amoonguss|move: Rage Powder\n|move|p1b: Electrode|Tera Blast|p2a: Amoonguss|[anim] Tera Blast Ice\n|-resisted|p2a: Amoonguss\n|-crit|p2a: Amoonguss\n|-damage|p2a: Amoonguss|73\/100\n|move|p2b: Poliwrath|Belly Drum|p2b: Poliwrath\n|-damage|p2b: Poliwrath|50\/100\n|-setboost|p2b: Poliwrath|atk|6|[from] move: Belly Drum\n|-enditem|p2b: Poliwrath|Sitrus Berry|[eat]\n|-heal|p2b: Poliwrath|75\/100|[from] item: Sitrus Berry\n|\n|-weather|SunnyDay|[upkeep]\n|-heal|p2b: Poliwrath|82\/100|[from] Grassy Terrain\n|-heal|p2a: Amoonguss|79\/100|[from] Grassy Terrain\n|upkeep\n|turn|3\n|inactive|Witchard has 120 seconds left.\n|\n|t:|1698861538\n|switch|p1b: Flutter Mane|Flutter Mane|100\/100\n|-activate|p1b: Flutter Mane|ability: Protosynthesis\n|-start|p1b: Flutter Mane|protosynthesisspa\n|switch|p2a: Pelipper|Pelipper, F|100\/100\n|-weather|RainDance|[from] ability: Drizzle|[of] p2a: Pelipper\n|-end|p1b: Flutter Mane|Protosynthesis\n|-end|p1a: Walking Wake|Protosynthesis\n|move|p2b: Poliwrath|Drain Punch|p1a: Walking Wake\n|-damage|p1a: Walking Wake|0 fnt\n|-heal|p2b: Poliwrath|100\/100|[from] drain|[of] p1a: Walking Wake\n|faint|p1a: Walking Wake\n|-end|p1a: Walking Wake|Protosynthesis|[silent]\n|\n|-weather|RainDance|[upkeep]\n|upkeep\n|inactive|thenitrogeneral has 120 seconds left.\n|\n|t:|1698861549\n|switch|p1a: Ninetales|Ninetales, F|100\/100\n|-weather|SunnyDay|[from] ability: Drought|[of] p1a: Ninetales\n|-activate|p1b: Flutter Mane|ability: Protosynthesis\n|-start|p1b: Flutter Mane|protosynthesisspa\n|turn|4\n|\n|t:|1698861561\n|move|p2b: Poliwrath|Protect|p2b: Poliwrath\n|-singleturn|p2b: Poliwrath|Protect\n|move|p1b: Flutter Mane|Dazzling Gleam|p2b: Poliwrath|[spread] p2a\n|-activate|p2b: Poliwrath|move: Protect\n|-damage|p2a: Pelipper|27\/100\n|-damage|p1b: Flutter Mane|91\/100|[from] item: Life Orb\n|move|p1a: Ninetales|Solar Beam||[still]\n|-prepare|p1a: Ninetales|Solar Beam\n|-anim|p1a: Ninetales|Solar Beam|p2b: Poliwrath\n|-activate|p2b: Poliwrath|move: Protect\n|move|p2a: Pelipper|Tailwind|p2a: Pelipper\n|-sidestart|p2: Witchard|move: Tailwind\n|\n|-weather|SunnyDay|[upkeep]\n|-heal|p1b: Flutter Mane|97\/100|[from] Grassy Terrain\n|upkeep\n|turn|5\n|inactive|Witchard has 120 seconds left.\n|\n|t:|1698861594\n|switch|p2a: Landorus|Landorus-Therian, M|100\/100\n|-ability|p2a: Landorus|Intimidate|boost\n|-unboost|p1a: Ninetales|atk|1\n|-unboost|p1b: Flutter Mane|atk|1\n|move|p2b: Poliwrath|Liquidation|p1b: Flutter Mane\n|-damage|p1b: Flutter Mane|0 fnt\n|faint|p1b: Flutter Mane\n|-end|p1b: Flutter Mane|Protosynthesis|[silent]\n|move|p1a: Ninetales|Solar Beam||[still]\n|-prepare|p1a: Ninetales|Solar Beam\n|-anim|p1a: Ninetales|Solar Beam|p2b: Poliwrath\n|-supereffective|p2b: Poliwrath\n|-damage|p2b: Poliwrath|28\/100\n|\n|-weather|SunnyDay|[upkeep]\n|-heal|p2b: Poliwrath|34\/100|[from] Grassy Terrain\n|-fieldend|move: Grassy Terrain\n|upkeep\n|\n|t:|1698861601\n|switch|p1b: Rillaboom|Rillaboom, F|100\/100\n|-fieldstart|move: Grassy Terrain|[from] ability: Grassy Surge|[of] p1b: Rillaboom\n|turn|6\n|\n|t:|1698861614\n|switch|p1a: Electrode|Electrode-Hisui, tera:Ice|100\/100\n|move|p2b: Poliwrath|Protect|p2b: Poliwrath\n|-singleturn|p2b: Poliwrath|Protect\n|move|p1b: Rillaboom|Grassy Glide|p2b: Poliwrath\n|-activate|p2b: Poliwrath|move: Protect\n|move|p2a: Landorus|Earth Power|p1a: Electrode\n|-damage|p1a: Electrode|30\/100\n|-damage|p2a: Landorus|91\/100|[from] item: Life Orb\n|\n|-weather|SunnyDay|[upkeep]\n|-heal|p2b: Poliwrath|40\/100|[from] Grassy Terrain\n|-heal|p1a: Electrode|36\/100|[from] Grassy Terrain\n|upkeep\n|turn|7\n|\n|t:|1698861630\n|move|p1b: Rillaboom|Grassy Glide|p2b: Poliwrath\n|-supereffective|p2b: Poliwrath\n|-damage|p2b: Poliwrath|0 fnt\n|faint|p2b: Poliwrath\n|move|p2a: Landorus|Earth Power|p1a: Electrode\n|-damage|p1a: Electrode|0 fnt\n|faint|p1a: Electrode\n|-damage|p2a: Landorus|81\/100|[from] item: Life Orb\n|\n|-weather|SunnyDay|[upkeep]\n|-sideend|p2: Witchard|move: Tailwind\n|upkeep\n|\n|t:|1698861641\n|switch|p1a: Great Tusk|Great Tusk|100\/100\n|switch|p2b: Pelipper|Pelipper, F|27\/100\n|-weather|RainDance|[from] ability: Drizzle|[of] p2b: Pelipper\n|turn|8\n|\n|t:|1698861651\n|switch|p1b: Ninetales|Ninetales, F|100\/100\n|-weather|SunnyDay|[from] ability: Drought|[of] p1b: Ninetales\n|-activate|p1a: Great Tusk|ability: Protosynthesis\n|-start|p1a: Great Tusk|protosynthesisatk\n|move|p2a: Landorus|Earth Power|p1a: Great Tusk\n|-damage|p1a: Great Tusk|41\/100\n|-damage|p2a: Landorus|71\/100|[from] item: Life Orb\n|move|p2b: Pelipper|Hurricane|p1b: Ninetales|[miss]\n|-miss|p2b: Pelipper|p1b: Ninetales\n|move|p1a: Great Tusk|Ice Spinner|p2b: Pelipper\n|-damage|p2b: Pelipper|0 fnt\n|-fieldend|move: Grassy Terrain\n|faint|p2b: Pelipper\n|\n|-weather|SunnyDay|[upkeep]\n|-heal|p1a: Great Tusk|48\/100|[from] item: Leftovers\n|upkeep\n|inactive|Witchard has 120 seconds left.\n|\n|t:|1698861690\n|switch|p2b: Raichu|Raichu, M, shiny|100\/100\n|turn|9\n|\n|t:|1698861703\n|switch|p1b: Rillaboom|Rillaboom, F|100\/100\n|-fieldstart|move: Grassy Terrain|[from] ability: Grassy Surge|[of] p1b: Rillaboom\n|move|p2b: Raichu|Thunderbolt|p1b: Rillaboom\n|-resisted|p1b: Rillaboom\n|-damage|p1b: Rillaboom|80\/100\n|-status|p1b: Rillaboom|par\n|move|p2a: Landorus|Earth Power|p1a: Great Tusk\n|-damage|p1a: Great Tusk|0 fnt\n|faint|p1a: Great Tusk\n|-end|p1a: Great Tusk|Protosynthesis|[silent]\n|-damage|p2a: Landorus|62\/100|[from] item: Life Orb\n|\n|-weather|SunnyDay|[upkeep]\n|-heal|p1b: Rillaboom|86\/100 par|[from] Grassy Terrain\n|upkeep\n|\n|t:|1698861714\n|switch|p1a: Ninetales|Ninetales, F|100\/100\n|turn|10\n|\n|t:|1698861728\n|switch|p2a: Amoonguss|Amoonguss, M, shiny, tera:Water|100\/100\n|cant|p1b: Rillaboom|par\n|move|p2b: Raichu|Thunderbolt|p1a: Ninetales\n|-damage|p1a: Ninetales|74\/100\n|move|p1a: Ninetales|Fire Blast|p2b: Raichu\n|-damage|p2b: Raichu|11\/100\n|\n|-weather|SunnyDay|[upkeep]\n|-heal|p2b: Raichu|17\/100|[from] Grassy Terrain\n|-heal|p1a: Ninetales|80\/100|[from] Grassy Terrain\n|-heal|p1b: Rillaboom|92\/100 par|[from] Grassy Terrain\n|upkeep\n|turn|11\n|\n|t:|1698861744\n|cant|p1b: Rillaboom|par\n|move|p2b: Raichu|Thunderbolt|p1a: Ninetales\n|-damage|p1a: Ninetales|50\/100\n|move|p1a: Ninetales|Solar Beam||[still]\n|-prepare|p1a: Ninetales|Solar Beam\n|-anim|p1a: Ninetales|Solar Beam|p2a: Amoonguss\n|-supereffective|p2a: Amoonguss\n|-damage|p2a: Amoonguss|56\/100\n|move|p2a: Amoonguss|Spore|p1a: Ninetales\n|-status|p1a: Ninetales|slp|[from] move: Spore\n|\n|-weather|SunnyDay|[upkeep]\n|-heal|p2b: Raichu|23\/100|[from] Grassy Terrain\n|-heal|p1a: Ninetales|57\/100 slp|[from] Grassy Terrain\n|-heal|p1b: Rillaboom|98\/100 par|[from] Grassy Terrain\n|-heal|p2a: Amoonguss|62\/100|[from] Grassy Terrain\n|upkeep\n|turn|12\n|-message|thenitrogeneral forfeited.\n|\n|win|Witchard\n|raw|thenitrogeneral's rating: 1232 &rarr; <strong>1201<\/strong><br \/>(-31 for losing)\n|raw|Witchard's rating: 1150 &rarr; <strong>1181<\/strong><br \/>(+31 for winning)\n|l|\u203dthenitrogeneral\n","uploadtime":1698861888,"views":25,"p1id":"thenitrogeneral","p2id":"witchard","formatid":"gen9doublesou","rating":1181,"private":0,"password":""}