{"id":"gen9doublesou-1973544353","p1":"Headbergs","p2":"cotesmcgotes","format":"[Gen 9] Doubles OU","log":"|j|\u2606Headbergs\n|j|\u2606cotesmcgotes\n|t:|1697989173\n|gametype|doubles\n|player|p1|Headbergs|nessa|1347\n|player|p2|cotesmcgotes|flannery|1379\n|teamsize|p1|6\n|teamsize|p2|6\n|gen|9\n|tier|[Gen 9] Doubles OU\n|rated|\n|rule|Species Clause: Limit one of each Pok\u00e9mon\n|rule|OHKO Clause: OHKO moves are banned\n|rule|Evasion Moves Clause: Evasion moves are banned\n|rule|Gravity Sleep Clause: The combination of sleep-inducing moves with imperfect accuracy and Gravity or Gigantamax Orbeetle are banned\n|rule|Endless Battle Clause: Forcing endless battles is banned\n|rule|HP Percentage Mod: HP is shown in percentages\n|clearpoke\n|poke|p1|Glimmora, F|\n|poke|p1|Gliscor, M|\n|poke|p1|Kleavor, M|\n|poke|p1|Landorus-Therian, M|\n|poke|p1|Fezandipiti, M|\n|poke|p1|Gholdengo|\n|poke|p2|Manaphy|\n|poke|p2|Espathra, F|\n|poke|p2|Goodra-Hisui, F|\n|poke|p2|Ursaluna-Bloodmoon, M|\n|poke|p2|Ogerpon-Hearthflame, F|\n|poke|p2|Chien-Pao|\n|teampreview\n|inactive|Battle timer is ON: inactive players will automatically lose when time's up. (requested by Headbergs)\n|inactive|cotesmcgotes has 120 seconds left.\n|\n|t:|1697989208\n|start\n|switch|p1a: Kleavor|Kleavor, M|100\/100\n|switch|p1b: Fezandipiti|Fezandipiti, M|100\/100\n|switch|p2a: Chien-Pao|Chien-Pao|100\/100\n|switch|p2b: Manaphy|Manaphy|100\/100\n|-ability|p2a: Chien-Pao|Sword of Ruin\n|turn|1\n|\n|t:|1697989222\n|switch|p2a: Goodra|Goodra-Hisui, F|100\/100\n|move|p2b: Manaphy|Scald|p1a: Kleavor\n|-supereffective|p1a: Kleavor\n|-enditem|p1a: Kleavor|Focus Sash\n|-damage|p1a: Kleavor|1\/100\n|move|p1b: Fezandipiti|Icy Wind|p2a: Goodra|[spread] p2a,p2b\n|-resisted|p2b: Manaphy\n|-damage|p2a: Goodra|96\/100\n|-damage|p2b: Manaphy|96\/100\n|-unboost|p2a: Goodra|spe|1\n|-unboost|p2b: Manaphy|spe|1\n|move|p1a: Kleavor|Stone Axe|p2a: Goodra\n|-resisted|p2a: Goodra\n|-damage|p2a: Goodra|70\/100\n|-sidestart|p2: cotesmcgotes|move: Stealth Rock\n|\n|-heal|p2a: Goodra|76\/100|[from] item: Leftovers\n|upkeep\n|turn|2\n|\n|t:|1697989251\n|switch|p2b: Ursaluna|Ursaluna-Bloodmoon, M|100\/100\n|-damage|p2b: Ursaluna|94\/100|[from] Stealth Rock\n|move|p1b: Fezandipiti|Protect|p1b: Fezandipiti\n|-singleturn|p1b: Fezandipiti|Protect\n|move|p1a: Kleavor|Tailwind|p1a: Kleavor\n|-sidestart|p1: Headbergs|move: Tailwind\n|move|p2a: Goodra|Iron Head|p1a: Kleavor\n|-supereffective|p1a: Kleavor\n|-damage|p1a: Kleavor|0 fnt\n|faint|p1a: Kleavor\n|\n|-heal|p2a: Goodra|82\/100|[from] item: Leftovers\n|upkeep\n|inactive|Headbergs has 120 seconds left.\n|\n|t:|1697989262\n|switch|p1a: Gliscor|Gliscor, M|100\/100\n|turn|3\n|\n|t:|1697989276\n|switch|p1b: Landorus|Landorus-Therian, M|100\/100\n|-ability|p1b: Landorus|Intimidate|boost\n|-unboost|p2a: Goodra|atk|1\n|-unboost|p2b: Ursaluna|atk|1\n|switch|p2a: Espathra|Espathra, F|100\/100\n|-damage|p2a: Espathra|88\/100|[from] Stealth Rock\n|move|p1a: Gliscor|Crabhammer|p2b: Ursaluna\n|-supereffective|p2b: Ursaluna\n|-damage|p2b: Ursaluna|67\/100\n|move|p2b: Ursaluna|Earth Power|p1b: Landorus\n|-immune|p1b: Landorus\n|\n|-status|p1a: Gliscor|tox|[from] item: Toxic Orb\n|upkeep\n|turn|4\n|inactive|cotesmcgotes has 120 seconds left.\n|\n|t:|1697989309\n|move|p2a: Espathra|Protect|p2a: Espathra\n|-singleturn|p2a: Espathra|Protect\n|move|p1b: Landorus|Earthquake|p2a: Espathra|[spread] p2b\n|-activate|p2a: Espathra|move: Protect\n|-immune|p1a: Gliscor\n|-damage|p2b: Ursaluna|37\/100\n|move|p1a: Gliscor|Earthquake|p2a: Espathra|[spread] p2b\n|-activate|p2a: Espathra|move: Protect\n|-immune|p1b: Landorus\n|-crit|p2b: Ursaluna\n|-damage|p2b: Ursaluna|14\/100\n|move|p2b: Ursaluna|Blood Moon|p1a: Gliscor\n|-damage|p1a: Gliscor|0 fnt\n|faint|p1a: Gliscor\n|\n|-ability|p2a: Espathra|Speed Boost|boost\n|-boost|p2a: Espathra|spe|1\n|upkeep\n|\n|t:|1697989324\n|switch|p1a: Glimmora|Glimmora, F|100\/100\n|-item|p1a: Glimmora|Air Balloon\n|turn|5\n|\n|t:|1697989342\n|move|p2b: Ursaluna|Vacuum Wave|p1a: Glimmora\n|-damage|p1a: Glimmora|79\/100\n|-enditem|p1a: Glimmora|Air Balloon\n|move|p1b: Landorus|Earthquake|p2a: Espathra|[spread] p1a,p2a,p2b\n|-supereffective|p1a: Glimmora\n|-damage|p1a: Glimmora|0 fnt\n|-damage|p2a: Espathra|30\/100\n|-damage|p2b: Ursaluna|0 fnt\n|-activate|p1a: Glimmora|ability: Toxic Debris\n|-sidestart|p2: cotesmcgotes|move: Toxic Spikes\n|faint|p1a: Glimmora\n|faint|p2b: Ursaluna\n|move|p2a: Espathra|Lumina Crash|p1b: Landorus\n|-damage|p1b: Landorus|61\/100\n|-unboost|p1b: Landorus|spd|2\n|\n|-sideend|p1: Headbergs|move: Tailwind\n|-ability|p2a: Espathra|Speed Boost|boost\n|-boost|p2a: Espathra|spe|1\n|upkeep\n|\n|t:|1697989359\n|switch|p1a: Gholdengo|Gholdengo|100\/100\n|switch|p2b: Goodra|Goodra-Hisui, F|82\/100\n|-damage|p2b: Goodra|76\/100|[from] Stealth Rock\n|turn|6\n|\n|t:|1697989387\n|move|p2a: Espathra|Lumina Crash|p1b: Landorus\n|-damage|p1b: Landorus|0 fnt\n|faint|p1b: Landorus\n|move|p1a: Gholdengo|Shadow Ball|p2a: Espathra\n|-supereffective|p2a: Espathra\n|-damage|p2a: Espathra|0 fnt\n|faint|p2a: Espathra\n|-damage|p1a: Gholdengo|91\/100|[from] item: Life Orb\n|move|p2b: Goodra|Acid Armor|p2b: Goodra\n|-boost|p2b: Goodra|def|2\n|\n|-heal|p2b: Goodra|82\/100|[from] item: Leftovers\n|upkeep\n|\n|t:|1697989405\n|switch|p2a: Ogerpon|Ogerpon-Hearthflame, F|100\/100\n|switch|p1b: Fezandipiti|Fezandipiti, M|100\/100\n|-damage|p2a: Ogerpon|76\/100|[from] Stealth Rock\n|-status|p2a: Ogerpon|psn\n|-ability|p2a: Ogerpon|Mold Breaker\n|turn|7\n|\n|t:|1697989414\n|move|p1a: Gholdengo|Protect|p1a: Gholdengo\n|-singleturn|p1a: Gholdengo|Protect\n|move|p2a: Ogerpon|Ivy Cudgel|p1a: Gholdengo\n|-activate|p1a: Gholdengo|move: Protect\n|move|p1b: Fezandipiti|Icy Wind|p2a: Ogerpon|[spread] p2a,p2b\n|-damage|p2a: Ogerpon|65\/100 psn\n|-damage|p2b: Goodra|77\/100\n|-unboost|p2a: Ogerpon|spe|1\n|-unboost|p2b: Goodra|spe|1\n|move|p2b: Goodra|Iron Head|p1b: Fezandipiti\n|-supereffective|p1b: Fezandipiti\n|-damage|p1b: Fezandipiti|36\/100\n|-enditem|p1b: Fezandipiti|Sitrus Berry|[eat]\n|-heal|p1b: Fezandipiti|60\/100|[from] item: Sitrus Berry\n|\n|-heal|p2b: Goodra|83\/100|[from] item: Leftovers\n|-damage|p2a: Ogerpon|53\/100 psn|[from] psn\n|upkeep\n|turn|8\n|\n|t:|1697989438\n|move|p1b: Fezandipiti|Dazzling Gleam|p2b: Goodra|[spread] p2a,p2b\n|-resisted|p2a: Ogerpon\n|-damage|p2a: Ogerpon|41\/100 psn\n|-damage|p2b: Goodra|72\/100\n|move|p1a: Gholdengo|Shadow Ball|p2a: Ogerpon\n|-damage|p2a: Ogerpon|0 fnt\n|faint|p2a: Ogerpon\n|-damage|p1a: Gholdengo|81\/100|[from] item: Life Orb\n|move|p2b: Goodra|Iron Head|p1b: Fezandipiti\n|-supereffective|p1b: Fezandipiti\n|-damage|p1b: Fezandipiti|0 fnt\n|faint|p1b: Fezandipiti\n|\n|-heal|p2b: Goodra|79\/100|[from] item: Leftovers\n|upkeep\n|inactive|cotesmcgotes has 120 seconds left.\n|\n|t:|1697989455\n|switch|p2a: Chien-Pao|Chien-Pao|100\/100\n|-damage|p2a: Chien-Pao|76\/100|[from] Stealth Rock\n|-status|p2a: Chien-Pao|psn\n|-ability|p2a: Chien-Pao|Sword of Ruin\n|turn|9\n|\n|t:|1697989463\n|-terastallize|p1a: Gholdengo|Flying\n|move|p2a: Chien-Pao|Crunch|p1a: Gholdengo\n|-damage|p1a: Gholdengo|26\/100\n|move|p1a: Gholdengo|Make It Rain|p2a: Chien-Pao|[spread] p2a,p2b\n|-supereffective|p2a: Chien-Pao\n|-resisted|p2b: Goodra\n|-damage|p2a: Chien-Pao|0 fnt\n|-damage|p2b: Goodra|64\/100\n|-unboost|p1a: Gholdengo|spa|1\n|faint|p2a: Chien-Pao\n|-damage|p1a: Gholdengo|17\/100|[from] item: Life Orb\n|move|p2b: Goodra|Life Dew|p2b: Goodra\n|-heal|p2b: Goodra|89\/100\n|\n|-heal|p2b: Goodra|95\/100|[from] item: Leftovers\n|upkeep\n|\n|t:|1697989473\n|switch|p2a: Manaphy|Manaphy|96\/100\n|-damage|p2a: Manaphy|83\/100|[from] Stealth Rock\n|-status|p2a: Manaphy|psn\n|turn|10\n|\n|t:|1697989479\n|move|p2a: Manaphy|Scald|p1a: Gholdengo\n|-damage|p1a: Gholdengo|0 fnt\n|faint|p1a: Gholdengo\n|\n|win|cotesmcgotes\n|raw|Headbergs's rating: 1347 &rarr; <strong>1329<\/strong><br \/>(-18 for losing)\n|raw|cotesmcgotes's rating: 1379 &rarr; <strong>1397<\/strong><br \/>(+18 for winning)\n|l|\u2606Headbergs\n","uploadtime":1697989487,"views":22,"p1id":"headbergs","p2id":"cotesmcgotes","formatid":"gen9doublesou","rating":1329,"private":0,"password":""}