{"id":"gen9doublesou-1978309030","p1":"hank7601","p2":"Schister","format":"[Gen 9] Doubles OU","log":"|j|\u2606hank7601\n|j|\u2606Schister\n|t:|1698523506\n|gametype|doubles\n|player|p1|hank7601|102|1429\n|player|p2|Schister|clair|1661\n|teamsize|p1|6\n|teamsize|p2|6\n|gen|9\n|tier|[Gen 9] Doubles OU\n|rated|\n|rule|Species Clause: Limit one of each Pok\u00e9mon\n|rule|OHKO Clause: OHKO moves are banned\n|rule|Evasion Moves Clause: Evasion moves are banned\n|rule|Gravity Sleep Clause: The combination of sleep-inducing moves with imperfect accuracy and Gravity or Gigantamax Orbeetle are banned\n|rule|Endless Battle Clause: Forcing endless battles is banned\n|rule|HP Percentage Mod: HP is shown in percentages\n|clearpoke\n|poke|p1|Fezandipiti, M|\n|poke|p1|Glimmora, F|\n|poke|p1|Goodra-Hisui, M|\n|poke|p1|Ogerpon-Hearthflame, F|\n|poke|p1|Garganacl, F|\n|poke|p1|Clefable, M|\n|poke|p2|Clefairy, M|\n|poke|p2|Ogerpon-Wellspring, F|\n|poke|p2|Rillaboom, M|\n|poke|p2|Chi-Yu|\n|poke|p2|Flutter Mane|\n|poke|p2|Landorus-Therian, M|\n|teampreview\n|inactive|Battle timer is ON: inactive players will automatically lose when time's up. (requested by Schister)\n|\n|t:|1698523534\n|start\n|switch|p1a: Fezandipiti|Fezandipiti, M|100\/100\n|switch|p1b: Clefable|Clefable, M|100\/100\n|switch|p2a: Landorus|Landorus-Therian, M|100\/100\n|switch|p2b: Chi-Yu|Chi-Yu|100\/100\n|-ability|p2b: Chi-Yu|Beads of Ruin\n|-ability|p2a: Landorus|Intimidate|boost\n|-unboost|p1a: Fezandipiti|atk|1\n|-unboost|p1b: Clefable|atk|1\n|turn|1\n|\n|t:|1698523550\n|move|p2b: Chi-Yu|Nasty Plot|p2b: Chi-Yu\n|-boost|p2b: Chi-Yu|spa|2\n|move|p1a: Fezandipiti|Icy Wind|p2b: Chi-Yu|[spread] p2a,p2b\n|-supereffective|p2a: Landorus\n|-resisted|p2b: Chi-Yu\n|-damage|p2a: Landorus|52\/100\n|-damage|p2b: Chi-Yu|96\/100\n|-unboost|p2a: Landorus|spe|1\n|-unboost|p2b: Chi-Yu|spe|1\n|move|p1b: Clefable|Cosmic Power|p1b: Clefable\n|-boost|p1b: Clefable|def|1\n|-boost|p1b: Clefable|spd|1\n|move|p2a: Landorus|Stomping Tantrum|p1a: Fezandipiti\n|-supereffective|p1a: Fezandipiti\n|-damage|p1a: Fezandipiti|5\/100\n|\n|-heal|p1a: Fezandipiti|11\/100|[from] item: Leftovers\n|upkeep\n|turn|2\n|\n|t:|1698523575\n|move|p1a: Fezandipiti|Icy Wind|p2a: Landorus|[spread] p2a,p2b\n|-supereffective|p2a: Landorus\n|-resisted|p2b: Chi-Yu\n|-damage|p2a: Landorus|1\/100\n|-damage|p2b: Chi-Yu|92\/100\n|-unboost|p2a: Landorus|spe|1\n|-unboost|p2b: Chi-Yu|spe|1\n|-status|p2b: Chi-Yu|tox|[from] ability: Toxic Chain|[of] p1a: Fezandipiti\n|-enditem|p2a: Landorus|Sitrus Berry|[eat]\n|-heal|p2a: Landorus|26\/100|[from] item: Sitrus Berry\n|move|p1b: Clefable|Cosmic Power|p1b: Clefable\n|-boost|p1b: Clefable|def|1\n|-boost|p1b: Clefable|spd|1\n|move|p2b: Chi-Yu|Heat Wave|p1a: Fezandipiti|[spread] p1b\n|-miss|p2b: Chi-Yu|p1a: Fezandipiti\n|-damage|p1b: Clefable|83\/100\n|move|p2a: Landorus|Taunt|p1b: Clefable\n|-start|p1b: Clefable|move: Taunt\n|\n|-heal|p1a: Fezandipiti|17\/100|[from] item: Leftovers\n|-heal|p1b: Clefable|89\/100|[from] item: Leftovers\n|-damage|p2b: Chi-Yu|86\/100 tox|[from] psn\n|upkeep\n|turn|3\n|inactive|Schister has 120 seconds left.\n|\n|t:|1698523614\n|switch|p2a: Clefairy|Clefairy, M|100\/100\n|move|p1a: Fezandipiti|Dazzling Gleam|p2b: Chi-Yu|[spread] p2a,p2b\n|-damage|p2a: Clefairy|76\/100\n|-damage|p2b: Chi-Yu|72\/100 tox\n|-status|p2a: Clefairy|tox|[from] ability: Toxic Chain|[of] p1a: Fezandipiti\n|move|p1b: Clefable|Moonblast|p2b: Chi-Yu\n|-damage|p2b: Chi-Yu|50\/100 tox\n|move|p2b: Chi-Yu|Heat Wave|p1b: Clefable|[spread] p1a,p1b\n|-damage|p1a: Fezandipiti|0 fnt\n|-damage|p1b: Clefable|72\/100\n|faint|p1a: Fezandipiti\n|\n|-heal|p1b: Clefable|78\/100|[from] item: Leftovers\n|-damage|p2b: Chi-Yu|38\/100 tox|[from] psn\n|-damage|p2a: Clefairy|70\/100 tox|[from] psn\n|upkeep\n|inactive|hank7601 has 120 seconds left.\n|\n|t:|1698523629\n|switch|p1a: Glimmora|Glimmora, F|100\/100\n|turn|4\n|\n|t:|1698523638\n|move|p2a: Clefairy|Follow Me|p2a: Clefairy\n|-singleturn|p2a: Clefairy|move: Follow Me\n|move|p1a: Glimmora|Venoshock|p2a: Clefairy\n|-supereffective|p2a: Clefairy\n|-damage|p2a: Clefairy|0 fnt\n|faint|p2a: Clefairy\n|move|p1b: Clefable|Moonblast|p2b: Chi-Yu\n|-damage|p2b: Chi-Yu|10\/100 tox\n|move|p2b: Chi-Yu|Dark Pulse|p1a: Glimmora\n|-damage|p1a: Glimmora|0 fnt\n|faint|p1a: Glimmora\n|\n|-heal|p1b: Clefable|85\/100|[from] item: Leftovers\n|-damage|p2b: Chi-Yu|0 fnt|[from] psn\n|faint|p2b: Chi-Yu\n|upkeep\n|\n|t:|1698523662\n|switch|p2b: Landorus|Landorus-Therian, M|26\/100\n|switch|p1a: Garganacl|Garganacl, F|100\/100\n|switch|p2a: Flutter Mane|Flutter Mane|100\/100\n|-ability|p2b: Landorus|Intimidate|boost\n|-unboost|p1a: Garganacl|atk|1\n|-unboost|p1b: Clefable|atk|1\n|turn|5\n|\n|t:|1698523673\n|-terastallize|p2a: Flutter Mane|Fairy\n|move|p2a: Flutter Mane|Moonblast|p1a: Garganacl\n|-damage|p1a: Garganacl|41\/100\n|move|p2b: Landorus|Stomping Tantrum|p1a: Garganacl\n|-supereffective|p1a: Garganacl\n|-damage|p1a: Garganacl|0 fnt\n|-damage|p2b: Landorus|9\/100|[from] item: Rocky Helmet|[of] p1a: Garganacl\n|faint|p1a: Garganacl\n|move|p1b: Clefable|Moonblast|p2b: Landorus\n|-damage|p2b: Landorus|0 fnt\n|faint|p2b: Landorus\n|\n|-heal|p1b: Clefable|91\/100|[from] item: Leftovers\n|-end|p1b: Clefable|move: Taunt\n|upkeep\n|\n|t:|1698523691\n|switch|p2b: Rillaboom|Rillaboom, M|100\/100\n|switch|p1a: Goodra|Goodra-Hisui, M|100\/100\n|-fieldstart|move: Grassy Terrain|[from] ability: Grassy Surge|[of] p2b: Rillaboom\n|turn|6\n|\n|t:|1698523700\n|move|p2a: Flutter Mane|Moonblast|p1a: Goodra\n|-damage|p1a: Goodra|45\/100\n|move|p2b: Rillaboom|Brick Break|p1a: Goodra\n|-supereffective|p1a: Goodra\n|-damage|p1a: Goodra|0 fnt\n|faint|p1a: Goodra\n|move|p1b: Clefable|Cosmic Power|p1b: Clefable\n|-boost|p1b: Clefable|def|1\n|-boost|p1b: Clefable|spd|1\n|\n|-heal|p1b: Clefable|97\/100|[from] Grassy Terrain\n|-heal|p1b: Clefable|100\/100|[from] item: Leftovers\n|upkeep\n|\n|t:|1698523710\n|switch|p1a: Ogerpon|Ogerpon-Hearthflame, F|100\/100\n|-ability|p1a: Ogerpon|Mold Breaker\n|turn|7\n|\n|t:|1698523723\n|-end|p2a: Flutter Mane|Protosynthesis|[silent]\n|switch|p2a: Ogerpon|Ogerpon-Wellspring, F|100\/100\n|move|p1a: Ogerpon|Horn Leech|p2a: Ogerpon\n|-damage|p2a: Ogerpon|48\/100\n|move|p2b: Rillaboom|Wood Hammer|p1b: Clefable\n|-damage|p1b: Clefable|64\/100\n|-damage|p2b: Rillaboom|89\/100|[from] Recoil\n|move|p1b: Clefable|Moonblast|p2a: Ogerpon\n|-damage|p2a: Ogerpon|19\/100\n|\n|-heal|p2a: Ogerpon|25\/100|[from] Grassy Terrain\n|-heal|p2b: Rillaboom|95\/100|[from] Grassy Terrain\n|-heal|p1b: Clefable|70\/100|[from] Grassy Terrain\n|-heal|p1b: Clefable|76\/100|[from] item: Leftovers\n|upkeep\n|turn|8\n|\n|t:|1698523744\n|move|p2a: Ogerpon|Spiky Shield|p2a: Ogerpon\n|-singleturn|p2a: Ogerpon|move: Protect\n|move|p1a: Ogerpon|Horn Leech|p2a: Ogerpon\n|-activate|p2a: Ogerpon|move: Protect\n|-damage|p1a: Ogerpon|88\/100|[from] Spiky Shield|[of] p2a: Ogerpon\n|move|p2b: Rillaboom|Wood Hammer|p1b: Clefable\n|-damage|p1b: Clefable|35\/100\n|-damage|p2b: Rillaboom|82\/100|[from] Recoil\n|move|p1b: Clefable|Wish|p1b: Clefable\n|\n|-heal|p1a: Ogerpon|94\/100|[from] Grassy Terrain\n|-heal|p2a: Ogerpon|31\/100|[from] Grassy Terrain\n|-heal|p2b: Rillaboom|88\/100|[from] Grassy Terrain\n|-heal|p1b: Clefable|41\/100|[from] Grassy Terrain\n|-heal|p1b: Clefable|47\/100|[from] item: Leftovers\n|upkeep\n|turn|9\n|\n|t:|1698523764\n|move|p1a: Ogerpon|Ivy Cudgel|p2b: Rillaboom\n|-supereffective|p2b: Rillaboom\n|-damage|p2b: Rillaboom|0 fnt\n|faint|p2b: Rillaboom\n|move|p2a: Ogerpon|Ivy Cudgel|p1a: Ogerpon\n|-damage|p1a: Ogerpon|28\/100\n|move|p1b: Clefable|Moonblast|p2a: Ogerpon\n|-damage|p2a: Ogerpon|0 fnt\n|faint|p2a: Ogerpon\n|\n|-heal|p1b: Clefable|97\/100|[from] move: Wish|[wisher] Clefable\n|-heal|p1a: Ogerpon|34\/100|[from] Grassy Terrain\n|-heal|p1b: Clefable|100\/100|[from] Grassy Terrain\n|upkeep\n|\n|t:|1698523768\n|switch|p2a: Flutter Mane|Flutter Mane, tera:Fairy|100\/100\n|turn|10\n|\n|t:|1698523779\n|move|p2a: Flutter Mane|Moonblast|p1a: Ogerpon\n|-resisted|p1a: Ogerpon\n|-damage|p1a: Ogerpon|0 fnt\n|faint|p1a: Ogerpon\n|move|p1b: Clefable|Moonblast|p2a: Flutter Mane\n|-damage|p2a: Flutter Mane|71\/100\n|\n|-heal|p2a: Flutter Mane|77\/100|[from] Grassy Terrain\n|-fieldend|move: Grassy Terrain\n|upkeep\n|turn|11\n|\n|t:|1698523788\n|move|p2a: Flutter Mane|Moonblast|p1b: Clefable\n|-damage|p1b: Clefable|77\/100\n|-unboost|p1b: Clefable|spa|1\n|move|p1b: Clefable|Moonblast|p2a: Flutter Mane\n|-damage|p2a: Flutter Mane|58\/100\n|-unboost|p2a: Flutter Mane|spa|1\n|\n|-heal|p1b: Clefable|83\/100|[from] item: Leftovers\n|upkeep\n|turn|12\n|\n|t:|1698523798\n|move|p2a: Flutter Mane|Moonblast|p1b: Clefable\n|-damage|p1b: Clefable|57\/100\n|-unboost|p1b: Clefable|spa|1\n|move|p1b: Clefable|Moonblast|p2a: Flutter Mane\n|-damage|p2a: Flutter Mane|42\/100\n|\n|-heal|p1b: Clefable|63\/100|[from] item: Leftovers\n|upkeep\n|turn|13\n|\n|t:|1698523806\n|move|p2a: Flutter Mane|Moonblast|p1b: Clefable\n|-damage|p1b: Clefable|41\/100\n|move|p1b: Clefable|Wish|p1b: Clefable\n|\n|-heal|p1b: Clefable|47\/100|[from] item: Leftovers\n|upkeep\n|turn|14\n|\n|t:|1698523812\n|move|p2a: Flutter Mane|Moonblast|p1b: Clefable\n|-damage|p1b: Clefable|22\/100\n|move|p1b: Clefable|Moonblast|p2a: Flutter Mane\n|-damage|p2a: Flutter Mane|26\/100\n|\n|-heal|p1b: Clefable|72\/100|[from] move: Wish|[wisher] Clefable\n|-heal|p1b: Clefable|78\/100|[from] item: Leftovers\n|upkeep\n|turn|15\n|\n|t:|1698523821\n|move|p2a: Flutter Mane|Moonblast|p1b: Clefable\n|-damage|p1b: Clefable|54\/100\n|move|p1b: Clefable|Wish|p1b: Clefable\n|\n|-heal|p1b: Clefable|60\/100|[from] item: Leftovers\n|upkeep\n|turn|16\n|\n|t:|1698523828\n|move|p2a: Flutter Mane|Moonblast|p1b: Clefable\n|-damage|p1b: Clefable|35\/100\n|move|p1b: Clefable|Moonblast|p2a: Flutter Mane\n|-damage|p2a: Flutter Mane|11\/100\n|\n|-heal|p1b: Clefable|85\/100|[from] move: Wish|[wisher] Clefable\n|-heal|p1b: Clefable|91\/100|[from] item: Leftovers\n|upkeep\n|turn|17\n|\n|t:|1698523836\n|move|p2a: Flutter Mane|Moonblast|p1b: Clefable\n|-damage|p1b: Clefable|69\/100\n|move|p1b: Clefable|Moonblast|p2a: Flutter Mane\n|-damage|p2a: Flutter Mane|0 fnt\n|faint|p2a: Flutter Mane\n|-end|p2a: Flutter Mane|Protosynthesis|[silent]\n|\n|win|hank7601\n|raw|hank7601's rating: 1429 &rarr; <strong>1461<\/strong><br \/>(+32 for winning)\n|raw|Schister's rating: 1661 &rarr; <strong>1629<\/strong><br \/>(-32 for losing)\n","uploadtime":1698523841,"views":23,"p1id":"hank7601","p2id":"schister","formatid":"gen9doublesou","rating":1461,"private":0,"password":""}