{"id":"gen9doublesou-1992935255","p1":"BiaHikaru","p2":"copy master ditto","format":"[Gen 9] Doubles OU","log":"|j|\u2606BiaHikaru\n|j|\u2606copy master ditto\n|t:|1700248241\n|gametype|doubles\n|player|p1|BiaHikaru|dawn-gen4pt|1213\n|player|p2|copy master ditto|ethan|1014\n|teamsize|p1|6\n|teamsize|p2|6\n|gen|9\n|tier|[Gen 9] Doubles OU\n|rated|\n|rule|Species Clause: Limit one of each Pok\u00e9mon\n|rule|OHKO Clause: OHKO moves are banned\n|rule|Evasion Moves Clause: Evasion moves are banned\n|rule|Gravity Sleep Clause: The combination of sleep-inducing moves with imperfect accuracy and Gravity or Gigantamax Orbeetle are banned\n|rule|Endless Battle Clause: Forcing endless battles is banned\n|rule|HP Percentage Mod: HP is shown in percentages\n|clearpoke\n|poke|p1|Dusclops, F|\n|poke|p1|Iron Hands|\n|poke|p1|Vivillon-Fancy, M|\n|poke|p1|Weavile, M|\n|poke|p1|Cinderace, F|\n|poke|p1|Zoroark-Hisui, F|\n|poke|p2|Mimikyu, F|\n|poke|p2|Spiritomb, F|\n|poke|p2|Bronzong|\n|poke|p2|Cresselia, F|\n|poke|p2|Amoonguss, F|\n|poke|p2|Sableye, F|\n|teampreview\n|\n|t:|1700248265\n|start\n|switch|p1a: Weavile|Weavile, M|100\/100\n|switch|p1b: Vivillon|Vivillon-Fancy, M|100\/100\n|switch|p2a: shy|Mimikyu, F, shiny|100\/100\n|switch|p2b: tomb|Spiritomb, F, shiny|100\/100\n|turn|1\n|\n|t:|1700248294\n|move|p2b: tomb|Shadow Sneak|p1b: Vivillon\n|-damage|p1b: Vivillon|73\/100\n|move|p1a: Weavile|Taunt|p2a: shy\n|-start|p2a: shy|move: Taunt\n|cant|p2a: shy|move: Taunt|Swords Dance\n|move|p1b: Vivillon|Sleep Powder|p2b: tomb\n|-status|p2b: tomb|slp|[from] move: Sleep Powder\n|\n|upkeep\n|turn|2\n|\n|t:|1700248315\n|switch|p2b: Amoonguss|Amoonguss, F|100\/100\n|move|p1a: Weavile|Knock Off|p2a: shy\n|-activate|p2a: shy|ability: Disguise\n|-damage|p2a: shy|100\/100\n|-enditem|p2a: shy|Life Orb|[from] move: Knock Off|[of] p1a: Weavile\n|detailschange|p2a: shy|Mimikyu-Busted, F, shiny\n|-damage|p2a: shy|88\/100|[from] pokemon: Mimikyu-Busted\n|-damage|p1a: Weavile|91\/100|[from] item: Life Orb\n|move|p2a: shy|Play Rough|p1a: Weavile\n|-supereffective|p1a: Weavile\n|-damage|p1a: Weavile|0 fnt\n|faint|p1a: Weavile\n|move|p1b: Vivillon|Quiver Dance|p1b: Vivillon\n|-boost|p1b: Vivillon|spa|1\n|-boost|p1b: Vivillon|spd|1\n|-boost|p1b: Vivillon|spe|1\n|\n|upkeep\n|\n|t:|1700248332\n|switch|p1a: Rainner|Cinderace, F|100\/100\n|turn|3\n|\n|t:|1700248362\n|move|p1a: Rainner|Sucker Punch|p2a: shy\n|-start|p1a: Rainner|typechange|Dark|[from] ability: Libero\n|-damage|p2a: shy|33\/100\n|move|p1b: Vivillon|Hurricane|p2b: Amoonguss\n|-supereffective|p2b: Amoonguss\n|-damage|p2b: Amoonguss|5\/100\n|-start|p2b: Amoonguss|confusion\n|-enditem|p2b: Amoonguss|Lum Berry|[eat]\n|-end|p2b: Amoonguss|confusion\n|move|p2a: shy|Play Rough|p1a: Rainner\n|-supereffective|p1a: Rainner\n|-damage|p1a: Rainner|0 fnt\n|faint|p1a: Rainner\n|move|p2b: Amoonguss|Toxic|p1b: Vivillon\n|-status|p1b: Vivillon|tox\n|\n|-damage|p1b: Vivillon|67\/100 tox|[from] psn\n|-end|p2a: shy|move: Taunt\n|upkeep\n|\n|t:|1700248382\n|switch|p1a: Spopoki|Iron Hands|100\/100\n|turn|4\n|\n|t:|1700248393\n|move|p1a: Spopoki|Fake Out|p2b: Amoonguss\n|-damage|p2b: Amoonguss|0 fnt\n|faint|p2b: Amoonguss\n|move|p1b: Vivillon|Hurricane|p2a: shy\n|-damage|p2a: shy|0 fnt\n|faint|p2a: shy\n|\n|-damage|p1b: Vivillon|55\/100 tox|[from] psn\n|upkeep\n|\n|t:|1700248406\n|switch|p2a: tomb|Spiritomb, F, shiny|100\/100 slp\n|switch|p2b: bell|Bronzong, shiny|100\/100\n|turn|5\n|\n|t:|1700248434\n|move|p1b: Vivillon|Hurricane|p2a: tomb\n|-damage|p2a: tomb|49\/100 slp\n|-start|p2a: tomb|confusion\n|cant|p2a: tomb|slp\n|move|p1a: Spopoki|Volt Switch|p2a: tomb\n|-damage|p2a: tomb|37\/100 slp\n|\n|t:|1700248443\n|-end|p1a: Spopoki|Quark Drive|[silent]\n|switch|p1a: Kyon Ruhr|Dusclops, F|100\/100|[from] Volt Switch\n|move|p2b: bell|Gyro Ball|p1b: Vivillon\n|-damage|p1b: Vivillon|0 fnt\n|faint|p1b: Vivillon\n|\n|-heal|p2a: tomb|43\/100 slp|[from] item: Leftovers\n|upkeep\n|\n|t:|1700248451\n|switch|p1b: Spopoki|Iron Hands|100\/100\n|turn|6\n|\n|t:|1700248468\n|switch|p2a: Cresselia|Cresselia, F|100\/100\n|move|p1b: Spopoki|Fake Out|p2b: bell\n|-resisted|p2b: bell\n|-damage|p2b: bell|93\/100\n|move|p1a: Kyon Ruhr|Shadow Ball|p2a: Cresselia\n|-supereffective|p2a: Cresselia\n|-damage|p2a: Cresselia|39\/100\n|cant|p2b: bell|flinch\n|\n|upkeep\n|turn|7\n|\n|t:|1700248483\n|move|p2a: Cresselia|Helping Hand|p2b: bell\n|-singleturn|p2b: bell|Helping Hand|[of] p2a: Cresselia\n|move|p1a: Kyon Ruhr|Shadow Ball|p2a: Cresselia\n|-supereffective|p2a: Cresselia\n|-damage|p2a: Cresselia|0 fnt\n|faint|p2a: Cresselia\n|move|p1b: Spopoki|Wild Charge|p2b: bell\n|-damage|p2b: bell|42\/100\n|-enditem|p2b: bell|Sitrus Berry|[eat]\n|-heal|p2b: bell|67\/100|[from] item: Sitrus Berry\n|-damage|p1b: Spopoki|91\/100|[from] Recoil\n|move|p2b: bell|Earthquake|p1b: Spopoki|[spread] p1a,p1b\n|-supereffective|p1b: Spopoki\n|-damage|p1a: Kyon Ruhr|29\/100\n|-damage|p1b: Spopoki|41\/100\n|replace|p1a: Lamb of Death|Zoroark-Hisui, F\n|-end|p1a: Lamb of Death|Illusion\n|\n|upkeep\n|\n|t:|1700248502\n|switch|p2a: tomb|Spiritomb, F, shiny|43\/100 slp\n|turn|8\n|\n|t:|1700248517\n|cant|p2a: tomb|slp\n|move|p1a: Lamb of Death|Shadow Ball|p2b: bell\n|-supereffective|p2b: bell\n|-damage|p2b: bell|0 fnt\n|faint|p2b: bell\n|move|p1b: Spopoki|Wild Charge|p2a: tomb\n|-damage|p2a: tomb|0 fnt\n|faint|p2a: tomb\n|-damage|p1b: Spopoki|34\/100|[from] Recoil\n|\n|upkeep\n|\n|t:|1700248530\n|switch|p2b: screener|Sableye, F|100\/100\n|turn|9\n|\n|t:|1700248538\n|switch|p1a: Kyon Ruhr|Dusclops, F|100\/100\n|-ability|p1a: Kyon Ruhr|Pressure\n|move|p2b: screener|Fake Out|p1b: Spopoki\n|-damage|p1b: Spopoki|29\/100\n|cant|p1b: Spopoki|flinch\n|\n|upkeep\n|turn|10\n|\n|t:|1700248553\n|move|p2b: screener|Foul Play|p1a: Kyon Ruhr\n|-supereffective|p1a: Kyon Ruhr\n|-damage|p1a: Kyon Ruhr|81\/100\n|move|p1b: Spopoki|Wild Charge|p2b: screener\n|-damage|p2b: screener|44\/100\n|-damage|p1b: Spopoki|19\/100|[from] Recoil\n|move|p1a: Kyon Ruhr|Will-O-Wisp|p2b: screener\n|-status|p2b: screener|brn\n|\n|-damage|p2b: screener|38\/100 brn|[from] brn\n|upkeep\n|turn|11\n|\n|t:|1700248567\n|move|p1a: Kyon Ruhr|Helping Hand|p1b: Spopoki\n|-singleturn|p1b: Spopoki|Helping Hand|[of] p1a: Kyon Ruhr\n|move|p2b: screener|Foul Play|p1b: Spopoki\n|-resisted|p1b: Spopoki\n|-damage|p1b: Spopoki|9\/100\n|move|p1b: Spopoki|Drain Punch|p2b: screener\n|-immune|p2b: screener\n|\n|-damage|p2b: screener|32\/100 brn|[from] brn\n|upkeep\n|turn|12\n|\n|t:|1700248585\n|move|p1a: Kyon Ruhr|Helping Hand|p1b: Spopoki\n|-singleturn|p1b: Spopoki|Helping Hand|[of] p1a: Kyon Ruhr\n|move|p2b: screener|Foul Play|p1b: Spopoki\n|-resisted|p1b: Spopoki\n|-damage|p1b: Spopoki|0 fnt\n|faint|p1b: Spopoki\n|-end|p1b: Spopoki|Quark Drive|[silent]\n|\n|-damage|p2b: screener|26\/100 brn|[from] brn\n|upkeep\n|\n|t:|1700248593\n|switch|p1b: Lamb of Death|Zoroark-Hisui, F|29\/100\n|turn|13\n|\n|t:|1700248604\n|move|p1a: Kyon Ruhr|Helping Hand|p1b: Lamb of Death\n|-singleturn|p1b: Lamb of Death|Helping Hand|[of] p1a: Kyon Ruhr\n|move|p1b: Lamb of Death|Shadow Ball|p2b: screener\n|-damage|p2b: screener|0 fnt\n|faint|p2b: screener\n|\n|win|BiaHikaru\n|raw|BiaHikaru's rating: 1213 &rarr; <strong>1225<\/strong><br \/>(+12 for winning)\n|raw|copy master ditto's rating: 1014 &rarr; <strong>1008<\/strong><br \/>(-6 for losing)\n|l|\u2606copy master ditto\n","uploadtime":1700248614,"views":8,"p1id":"biahikaru","p2id":"copymasterditto","formatid":"gen9doublesou","rating":1008,"private":0,"password":""}