{"id":"gen9doublesou-1971937824","p1":"Grhh756","p2":"dingding69","format":"[Gen 9] Doubles OU","log":"|j|\u2606Grhh756\n|j|\u2606dingding69\n|t:|1697794842\n|gametype|doubles\n|player|p1|Grhh756|265|1000\n|player|p2|dingding69|swimmer-gen4dp|1108\n|teamsize|p1|6\n|teamsize|p2|6\n|gen|9\n|tier|[Gen 9] Doubles OU\n|rated|\n|rule|Species Clause: Limit one of each Pok\u00e9mon\n|rule|OHKO Clause: OHKO moves are banned\n|rule|Evasion Moves Clause: Evasion moves are banned\n|rule|Gravity Sleep Clause: The combination of sleep-inducing moves with imperfect accuracy and Gravity or Gigantamax Orbeetle are banned\n|rule|Endless Battle Clause: Forcing endless battles is banned\n|rule|HP Percentage Mod: HP is shown in percentages\n|clearpoke\n|poke|p1|Pelipper, F|\n|poke|p1|Ludicolo, M|\n|poke|p1|Raichu, M|\n|poke|p1|Ditto|\n|poke|p1|Poliwrath, M|\n|poke|p1|Qwilfish-Hisui, M|\n|poke|p2|Gliscor, M|\n|poke|p2|Amoonguss, F|\n|poke|p2|Cresselia, F|\n|poke|p2|Tornadus-Therian, M|\n|poke|p2|Slowbro-Galar, M|\n|poke|p2|Iron Hands|\n|teampreview\n|\n|t:|1697794846\n|start\n|switch|p1a: Pelipper|Pelipper, F, shiny|100\/100\n|switch|p1b: Ludicolo|Ludicolo, M|100\/100\n|switch|p2a: Gliscor|Gliscor, M|100\/100\n|switch|p2b: Tornadus|Tornadus-Therian, M|100\/100\n|-weather|RainDance|[from] ability: Drizzle|[of] p1a: Pelipper\n|turn|1\n|\n|t:|1697794856\n|move|p2a: Gliscor|Protect|p2a: Gliscor\n|-singleturn|p2a: Gliscor|Protect\n|move|p1b: Ludicolo|Fake Out|p2b: Tornadus\n|-damage|p2b: Tornadus|92\/100\n|cant|p2b: Tornadus|flinch\n|move|p1a: Pelipper|Surf|p2b: Tornadus|[spread] p1b,p2b\n|-activate|p2a: Gliscor|move: Protect\n|-resisted|p1b: Ludicolo\n|-damage|p1b: Ludicolo|90\/100\n|-damage|p2b: Tornadus|44\/100\n|-enditem|p1b: Ludicolo|Absorb Bulb\n|-boost|p1b: Ludicolo|spa|1|[from] item: Absorb Bulb\n|\n|-weather|RainDance|[upkeep]\n|-status|p2a: Gliscor|tox|[from] item: Toxic Orb\n|upkeep\n|turn|2\n|\n|t:|1697794876\n|move|p1b: Ludicolo|Ice Beam|p2b: Tornadus\n|-supereffective|p2b: Tornadus\n|-damage|p2b: Tornadus|0 fnt\n|faint|p2b: Tornadus\n|move|p2a: Gliscor|Gunk Shot|p1b: Ludicolo\n|-supereffective|p1b: Ludicolo\n|-damage|p1b: Ludicolo|0 fnt\n|faint|p1b: Ludicolo\n|move|p1a: Pelipper|Surf|p2a: Gliscor\n|-supereffective|p2a: Gliscor\n|-damage|p2a: Gliscor|0 fnt\n|faint|p2a: Gliscor\n|\n|-weather|RainDance|[upkeep]\n|upkeep\n|\n|t:|1697794892\n|switch|p2b: Iron Hands|Iron Hands, shiny|100\/100\n|switch|p2a: Cresselia|Cresselia, F|100\/100\n|switch|p1b: Ditto|Ditto|100\/100\n|-enditem|p2b: Iron Hands|Booster Energy\n|-activate|p2b: Iron Hands|ability: Quark Drive|[fromitem]\n|-start|p2b: Iron Hands|quarkdriveatk\n|turn|3\n|\n|t:|1697794902\n|switch|p1b: Raichu|Raichu, M|100\/100\n|move|p2b: Iron Hands|Fake Out|p1b: Raichu\n|-damage|p1b: Raichu|56\/100\n|-enditem|p1b: Raichu|Eject Button\n|\n|t:|1697794911\n|switch|p1b: Qwilfish|Qwilfish-Hisui, M, shiny|100\/100\n|-ability|p1b: Qwilfish|Intimidate|boost\n|-unboost|p2a: Cresselia|atk|1\n|-unboost|p2b: Iron Hands|atk|1\n|move|p1a: Pelipper|Hurricane|p2b: Iron Hands\n|-damage|p2b: Iron Hands|55\/100\n|move|p2a: Cresselia|Trick Room|p2a: Cresselia\n|-fieldstart|move: Trick Room|[of] p2a: Cresselia\n|\n|-weather|RainDance|[upkeep]\n|upkeep\n|turn|4\n|\n|t:|1697794971\n|switch|p1b: Raichu|Raichu, M|56\/100\n|move|p2b: Iron Hands|Drain Punch|p1b: Raichu\n|-damage|p1b: Raichu|0 fnt\n|-heal|p2b: Iron Hands|69\/100|[from] drain|[of] p1b: Raichu\n|faint|p1b: Raichu\n|move|p2a: Cresselia|Confuse Ray|p1a: Pelipper\n|-start|p1a: Pelipper|confusion\n|-activate|p1a: Pelipper|confusion\n|move|p1a: Pelipper|Surf|p2a: Cresselia|[spread] p2a,p2b\n|-damage|p2a: Cresselia|80\/100\n|-damage|p2b: Iron Hands|32\/100\n|\n|-weather|RainDance|[upkeep]\n|upkeep\n|\n|t:|1697794979\n|switch|p1b: Poliwrath|Poliwrath, M, shiny|100\/100\n|turn|5\n|\n|t:|1697795013\n|-end|p2b: Iron Hands|Quark Drive|[silent]\n|switch|p2b: Amoonguss|Amoonguss, F|100\/100\n|move|p2a: Cresselia|Lunar Blessing|p2a: Cresselia|[spread] p2a,p2b\n|-heal|p2a: Cresselia|100\/100\n|-end|p1a: Pelipper|confusion\n|move|p1a: Pelipper|Hurricane|p2a: Cresselia\n|-damage|p2a: Cresselia|79\/100\n|move|p1b: Poliwrath|Liquidation|p2b: Amoonguss\n|-resisted|p2b: Amoonguss\n|-damage|p2b: Amoonguss|68\/100\n|-enditem|p2b: Amoonguss|Red Card|[of] p1b: Poliwrath\n|drag|p1b: Ditto|Ditto|100\/100\n|\n|-weather|none\n|upkeep\n|turn|6\n|\n|t:|1697795046\n|move|p2b: Amoonguss|Toxic|p1b: Ditto\n|-status|p1b: Ditto|tox\n|move|p2a: Cresselia|Confuse Ray|p1a: Pelipper\n|-start|p1a: Pelipper|confusion\n|-activate|p1a: Pelipper|confusion\n|move|p1a: Pelipper|Hurricane|p2b: Amoonguss\n|-supereffective|p2b: Amoonguss\n|-damage|p2b: Amoonguss|1\/100\n|-start|p2b: Amoonguss|confusion\n|move|p1b: Ditto|Transform|p2b: Amoonguss\n|-transform|p1b: Ditto|p2b: Amoonguss\n|\n|-damage|p1b: Ditto|94\/100 tox|[from] psn\n|upkeep\n|turn|7\n|\n|t:|1697795082\n|-activate|p2b: Amoonguss|confusion\n|move|p2b: Amoonguss|Synthesis|p2b: Amoonguss\n|-heal|p2b: Amoonguss|51\/100\n|move|p1b: Ditto|Toxic|p2a: Cresselia\n|-status|p2a: Cresselia|tox\n|move|p2a: Cresselia|Lunar Blessing|p2a: Cresselia|[spread] p2a,p2b\n|-heal|p2a: Cresselia|100\/100 tox\n|-curestatus|p2a: Cresselia|tox|[msg]\n|-heal|p2b: Amoonguss|76\/100\n|-activate|p1a: Pelipper|confusion\n|-damage|p1a: Pelipper|96\/100|[from] confusion\n|\n|-damage|p1b: Ditto|82\/100 tox|[from] psn\n|-fieldend|move: Trick Room\n|upkeep\n|turn|8\n|\n|t:|1697795106\n|-end|p1a: Pelipper|confusion\n|move|p1a: Pelipper|Hurricane|p2b: Amoonguss|[miss]\n|-miss|p1a: Pelipper|p2b: Amoonguss\n|move|p1b: Ditto|Toxic|p2a: Cresselia\n|-status|p2a: Cresselia|tox\n|-activate|p2b: Amoonguss|confusion\n|-damage|p2b: Amoonguss|70\/100|[from] confusion\n|move|p2a: Cresselia|Trick Room|p2a: Cresselia\n|-fieldstart|move: Trick Room|[of] p2a: Cresselia\n|\n|-damage|p1b: Ditto|64\/100 tox|[from] psn\n|-damage|p2a: Cresselia|94\/100 tox|[from] psn\n|upkeep\n|turn|9\n|\n|t:|1697795119\n|-activate|p2b: Amoonguss|confusion\n|move|p2b: Amoonguss|Worry Seed|p1a: Pelipper\n|-endability|p1a: Pelipper|Drizzle|[from] move: Worry Seed\n|-ability|p1a: Pelipper|Insomnia|[from] move: Worry Seed\n|move|p1b: Ditto|Toxic|p2a: Cresselia\n|-fail|p2a: Cresselia|tox\n|move|p2a: Cresselia|Lunar Blessing|p2a: Cresselia|[spread] p2a,p2b\n|-heal|p2a: Cresselia|100\/100 tox\n|-curestatus|p2a: Cresselia|tox|[msg]\n|-heal|p2b: Amoonguss|95\/100\n|move|p1a: Pelipper|Hurricane|p2b: Amoonguss\n|-supereffective|p2b: Amoonguss\n|-damage|p2b: Amoonguss|30\/100\n|\n|-damage|p1b: Ditto|40\/100 tox|[from] psn\n|upkeep\n|turn|10\n|-message|Grhh756 forfeited.\n|\n|win|dingding69\n|raw|Grhh756's rating: 1000 &rarr; <strong>1000<\/strong><br \/>(+0 for losing)\n|raw|dingding69's rating: 1108 &rarr; <strong>1125<\/strong><br \/>(+17 for winning)\n|l|\u2606Grhh756\n","uploadtime":1697795139,"views":21,"p1id":"grhh756","p2id":"dingding69","formatid":"gen9doublesou","rating":1000,"private":0,"password":""}