{"id":"gen9doublesou-1989094227","p1":"Martin80","p2":"breethebeesknees","format":"[Gen 9] Doubles OU","log":"|j|\u2606Martin80\n|j|\u2606breethebeesknees\n|t:|1699811506\n|gametype|doubles\n|player|p1|Martin80|steven|1040\n|player|p2|breethebeesknees|silver|1151\n|teamsize|p1|6\n|teamsize|p2|6\n|gen|9\n|tier|[Gen 9] Doubles OU\n|rated|\n|rule|Species Clause: Limit one of each Pok\u00e9mon\n|rule|OHKO Clause: OHKO moves are banned\n|rule|Evasion Moves Clause: Evasion moves are banned\n|rule|Gravity Sleep Clause: The combination of sleep-inducing moves with imperfect accuracy and Gravity or Gigantamax Orbeetle are banned\n|rule|Endless Battle Clause: Forcing endless battles is banned\n|rule|HP Percentage Mod: HP is shown in percentages\n|clearpoke\n|poke|p1|Garganacl, F|\n|poke|p1|Tinkaton, F|\n|poke|p1|Lokix, F|\n|poke|p1|Quaquaval, F|\n|poke|p1|Arboliva, F|\n|poke|p1|Ceruledge, F|\n|poke|p2|Cresselia, F|\n|poke|p2|Ursaluna, F|\n|poke|p2|Kingambit, F|\n|poke|p2|Hatterene, F|\n|poke|p2|Amoonguss, M|\n|poke|p2|Goodra-Hisui, M|\n|teampreview\n|c|\u2606breethebeesknees|glhf!\n|inactive|Battle timer is ON: inactive players will automatically lose when time's up. (requested by breethebeesknees)\n|\n|t:|1699811518\n|start\n|switch|p1a: Bichota|Lokix, F, shiny|100\/100\n|switch|p1b: Golemcita|Garganacl, F, shiny|100\/100\n|switch|p2a: Hatterene|Hatterene, F|100\/100\n|switch|p2b: Amoonguss|Amoonguss, M|100\/100\n|turn|1\n|\n|t:|1699811535\n|move|p2b: Amoonguss|Rage Powder|p2b: Amoonguss\n|-singleturn|p2b: Amoonguss|move: Rage Powder\n|move|p1a: Bichota|Knock Off|p2b: Amoonguss\n|-damage|p2b: Amoonguss|37\/100\n|-enditem|p2b: Amoonguss|Black Sludge|[from] move: Knock Off|[of] p1a: Bichota\n|-damage|p1a: Bichota|91\/100|[from] item: Life Orb\n|move|p1b: Golemcita|Curse|p1b: Golemcita\n|-unboost|p1b: Golemcita|spe|1\n|-boost|p1b: Golemcita|atk|1\n|-boost|p1b: Golemcita|def|1\n|move|p2a: Hatterene|Trick Room|p2a: Hatterene\n|-fieldstart|move: Trick Room|[of] p2a: Hatterene\n|\n|upkeep\n|turn|2\n|c|\u2606Martin80|:)\n|inactive|breethebeesknees has 120 seconds left.\n|inactive|Martin80 has 120 seconds left.\n|c|\u2606Martin80|!dt garganacl\n|raw|<div class=\"message\"><ul class=\"utilichart\"><li class=\"result\"><span class=\"col numcol\">DUU<\/span> <span class=\"col iconcol\"><psicon pokemon=\"garganacl\"\/><\/span> <span class=\"col pokemonnamecol\" style=\"white-space:nowrap\"><a href=\"https:\/\/dex.pokemonshowdown.com\/pokemon\/garganacl\" target=\"_blank\">Garganacl<\/a><\/span> <span class=\"col typecol\"><img src=\"https:\/\/play.pokemonshowdown.com\/sprites\/types\/Rock.png\" alt=\"Rock\" height=\"14\" width=\"32\"><\/span> <span style=\"float:left;min-height:26px\"><span class=\"col twoabilitycol\">Purifying Salt<br \/>Sturdy<\/span><span class=\"col abilitycol\"><em>Clear Body<\/em><\/span><\/span><span style=\"float:left;min-height:26px\"><span class=\"col statcol\"><em>HP<\/em><br \/>100<\/span> <span class=\"col statcol\"><em>Atk<\/em><br \/>100<\/span> <span class=\"col statcol\"><em>Def<\/em><br \/>130<\/span> <span class=\"col statcol\"><em>SpA<\/em><br \/>45<\/span> <span class=\"col statcol\"><em>SpD<\/em><br \/>90<\/span> <span class=\"col statcol\"><em>Spe<\/em><br \/>35<\/span> <span class=\"col bstcol\"><em>BST<br \/>500<\/em><\/span> <\/span><\/li><li style=\"clear:both\"><\/li><\/ul><\/div>\n|raw|<font size=\"1\"><font color=\"#686868\">Dex#:<\/font> 934&nbsp;|&ThickSpace;<font color=\"#686868\">Gen:<\/font> 9&nbsp;|&ThickSpace;<font color=\"#686868\">Height:<\/font> 2.3 m&nbsp;|&ThickSpace;<font color=\"#686868\">Weight:<\/font> 240 kg <em>(120 BP)<\/em>&nbsp;|&ThickSpace;<font color=\"#686868\">Dex Colour:<\/font> Brown&nbsp;|&ThickSpace;<font color=\"#686868\">Egg Group(s):<\/font> Mineral&nbsp;|&ThickSpace;<font color=\"#686868\">Pre-Evolution:<\/font> Naclstack&nbsp;|&ThickSpace;<font color=\"#686868\">Does Not Evolve<\/font><\/font>\n\n|c|\u2606breethebeesknees|why you smiling\n|\n|t:|1699811589\n|switch|p2b: Goodra|Goodra-Hisui, M|100\/100\n|move|p1b: Golemcita|Curse|p1b: Golemcita\n|-unboost|p1b: Golemcita|spe|1\n|-boost|p1b: Golemcita|atk|1\n|-boost|p1b: Golemcita|def|1\n|move|p2a: Hatterene|Psychic|p1b: Golemcita\n|-damage|p1b: Golemcita|48\/100\n|-damage|p2a: Hatterene|91\/100|[from] item: Life Orb\n|move|p1a: Bichota|U-turn|p2b: Goodra\n|-resisted|p2b: Goodra\n|-damage|p2b: Goodra|62\/100\n|-damage|p1a: Bichota|81\/100|[from] item: Life Orb\n|\n|t:|1699811604\n|switch|p1a: Ceruledge|Ceruledge, F, shiny|100\/100|[from] U-turn\n|\n|-heal|p1b: Golemcita|54\/100|[from] item: Leftovers\n|upkeep\n|turn|3\n|\n|t:|1699811616\n|move|p1a: Ceruledge|Protect|p1a: Ceruledge\n|-singleturn|p1a: Ceruledge|Protect\n|move|p1b: Golemcita|Earthquake|p2a: Hatterene|[spread] p2a,p2b\n|-activate|p1a: Ceruledge|move: Protect\n|-supereffective|p2b: Goodra\n|-damage|p2a: Hatterene|50\/100\n|-damage|p2b: Goodra|0 fnt\n|faint|p2b: Goodra\n|move|p2a: Hatterene|Psychic|p1b: Golemcita\n|-damage|p1b: Golemcita|4\/100\n|-damage|p2a: Hatterene|40\/100|[from] item: Life Orb\n|\n|-heal|p1b: Golemcita|10\/100|[from] item: Leftovers\n|upkeep\n|\n|t:|1699811628\n|switch|p2b: Kingambit|Kingambit, F|100\/100\n|-item|p2b: Kingambit|Air Balloon\n|turn|4\n|inactive|Martin80 has 120 seconds left.\n|\n|t:|1699811651\n|switch|p2a: Cresselia|Cresselia, F|100\/100\n|-terastallize|p2b: Kingambit|Fairy\n|-terastallize|p1a: Ceruledge|Grass\n|move|p1b: Golemcita|Recover|p1b: Golemcita\n|-heal|p1b: Golemcita|60\/100\n|move|p2b: Kingambit|Iron Head|p1b: Golemcita\n|-supereffective|p1b: Golemcita\n|-damage|p1b: Golemcita|32\/100\n|move|p1a: Ceruledge|Bitter Blade|p2b: Kingambit\n|-damage|p2b: Kingambit|67\/100\n|-enditem|p2b: Kingambit|Air Balloon\n|\n|-heal|p1b: Golemcita|38\/100|[from] item: Leftovers\n|upkeep\n|turn|5\n|\n|t:|1699811668\n|move|p2a: Cresselia|Helping Hand|p2b: Kingambit\n|-singleturn|p2b: Kingambit|Helping Hand|[of] p2a: Cresselia\n|move|p1b: Golemcita|Recover|p1b: Golemcita\n|-heal|p1b: Golemcita|88\/100\n|move|p2b: Kingambit|Kowtow Cleave|p1a: Ceruledge\n|-damage|p1a: Ceruledge|5\/100\n|-ability|p1a: Ceruledge|Weak Armor|boost\n|-unboost|p1a: Ceruledge|def|1\n|-boost|p1a: Ceruledge|spe|2\n|move|p1a: Ceruledge|Swords Dance|p1a: Ceruledge\n|-boost|p1a: Ceruledge|atk|2\n|\n|-heal|p1b: Golemcita|94\/100|[from] item: Leftovers\n|-fieldend|move: Trick Room\n|upkeep\n|turn|6\n|\n|t:|1699811688\n|move|p2b: Kingambit|Sucker Punch|p1a: Ceruledge\n|-damage|p1a: Ceruledge|0 fnt\n|faint|p1a: Ceruledge\n|move|p2a: Cresselia|Lunar Blessing|p2a: Cresselia|[spread] p2a,p2b\n|-heal|p2b: Kingambit|92\/100\n|move|p1b: Golemcita|Curse|p1b: Golemcita\n|-unboost|p1b: Golemcita|spe|1\n|-boost|p1b: Golemcita|atk|1\n|-boost|p1b: Golemcita|def|1\n|\n|-heal|p1b: Golemcita|100\/100|[from] item: Leftovers\n|upkeep\n|\n|t:|1699811699\n|switch|p1a: Tinkaton|Tinkaton, F, shiny|100\/100\n|-ability|p1a: Tinkaton|Mold Breaker\n|turn|7\n|\n|t:|1699811710\n|move|p2a: Cresselia|Helping Hand|p2b: Kingambit\n|-singleturn|p2b: Kingambit|Helping Hand|[of] p2a: Cresselia\n|move|p1a: Tinkaton|Gigaton Hammer|p2b: Kingambit\n|-supereffective|p2b: Kingambit\n|-damage|p2b: Kingambit|23\/100\n|move|p2b: Kingambit|Iron Head|p1a: Tinkaton\n|-damage|p1a: Tinkaton|15\/100\n|move|p1b: Golemcita|Salt Cure|p2a: Cresselia\n|-damage|p2a: Cresselia|78\/100\n|-start|p2a: Cresselia|Salt Cure\n|\n|-heal|p1a: Tinkaton|21\/100|[from] item: Leftovers\n|-heal|p2a: Cresselia|84\/100|[from] item: Leftovers\n|-damage|p2a: Cresselia|71\/100|[from] Salt Cure\n|upkeep\n|turn|8\n|\n|t:|1699811732\n|switch|p2a: Amoonguss|Amoonguss, M|71\/100\n|move|p2b: Kingambit|Protect|p2b: Kingambit\n|-singleturn|p2b: Kingambit|Protect\n|move|p1a: Tinkaton|Skitter Smack|p2b: Kingambit\n|-activate|p2b: Kingambit|move: Protect\n|move|p1b: Golemcita|Earthquake|p2b: Kingambit|[spread] p1a,p2a\n|-activate|p2b: Kingambit|move: Protect\n|-supereffective|p1a: Tinkaton\n|-damage|p1a: Tinkaton|0 fnt\n|-damage|p2a: Amoonguss|22\/100\n|faint|p1a: Tinkaton\n|\n|upkeep\n|\n|t:|1699811745\n|switch|p1a: Bichota|Lokix, F, shiny|81\/100\n|turn|9\n|\n|t:|1699811760\n|switch|p2b: Hatterene|Hatterene, F|40\/100\n|switch|p2a: Cresselia|Cresselia, F|71\/100\n|move|p1a: Bichota|Knock Off|p2a: Cresselia\n|-supereffective|p2a: Cresselia\n|-crit|p2a: Cresselia\n|-damage|p2a: Cresselia|0 fnt\n|-enditem|p2a: Cresselia|Leftovers|[from] move: Knock Off|[of] p1a: Bichota\n|faint|p2a: Cresselia\n|-damage|p1a: Bichota|71\/100|[from] item: Life Orb\n|move|p1b: Golemcita|Earthquake|p2b: Hatterene|[spread] p1a,p2b\n|-resisted|p1a: Bichota\n|-damage|p1a: Bichota|38\/100\n|-damage|p2b: Hatterene|0 fnt\n|faint|p2b: Hatterene\n|\n|upkeep\n|\n|t:|1699811767\n|switch|p2a: Ursaluna|Ursaluna, F|100\/100\n|switch|p2b: Amoonguss|Amoonguss, M|55\/100\n|turn|10\n|c|\u2606Martin80|no\n|c|\u2606breethebeesknees|ok\n|\n|t:|1699811784\n|move|p2a: Ursaluna|Protect|p2a: Ursaluna\n|-singleturn|p2a: Ursaluna|Protect\n|move|p2b: Amoonguss|Protect|p2b: Amoonguss\n|-singleturn|p2b: Amoonguss|Protect\n|move|p1a: Bichota|U-turn|p2b: Amoonguss\n|-activate|p2b: Amoonguss|move: Protect\n|move|p1b: Golemcita|Earthquake|p2a: Ursaluna|[spread] p1a\n|-activate|p2a: Ursaluna|move: Protect\n|-activate|p2b: Amoonguss|move: Protect\n|-resisted|p1a: Bichota\n|-damage|p1a: Bichota|7\/100\n|\n|-status|p2a: Ursaluna|brn|[from] item: Flame Orb\n|upkeep\n|turn|11\n|c|\u2606breethebeesknees|no\n|c|\u2606Martin80|i say no more protect\n|inactive|breethebeesknees has 120 seconds left.\n|c|\u2606breethebeesknees|ok\n|\n|t:|1699811824\n|move|p2b: Amoonguss|Rage Powder|p2b: Amoonguss\n|-singleturn|p2b: Amoonguss|move: Rage Powder\n|move|p1a: Bichota|U-turn|p2b: Amoonguss\n|-damage|p2b: Amoonguss|10\/100\n|-damage|p1a: Bichota|0 fnt|[from] item: Life Orb\n|faint|p1a: Bichota\n|move|p2a: Ursaluna|Facade|p1b: Golemcita\n|-resisted|p1b: Golemcita\n|-crit|p1b: Golemcita\n|-damage|p1b: Golemcita|43\/100\n|move|p1b: Golemcita|Earthquake|p2a: Ursaluna|[spread] p2a,p2b\n|-damage|p2a: Ursaluna|71\/100 brn\n|-damage|p2b: Amoonguss|0 fnt\n|faint|p2b: Amoonguss\n|\n|-heal|p1b: Golemcita|49\/100|[from] item: Leftovers\n|-damage|p2a: Ursaluna|65\/100 brn|[from] brn\n|upkeep\n|\n|t:|1699811839\n|switch|p1a: Jolyne|Quaquaval, F, shiny|100\/100\n|switch|p2b: Kingambit|Kingambit, F, tera:Fairy|23\/100\n|turn|12\n|\n|t:|1699811849\n|move|p2a: Ursaluna|Protect|p2a: Ursaluna\n|-singleturn|p2a: Ursaluna|Protect\n|move|p1a: Jolyne|Aqua Step|p2a: Ursaluna\n|-activate|p2a: Ursaluna|move: Protect\n|move|p2b: Kingambit|Iron Head|p1b: Golemcita\n|-supereffective|p1b: Golemcita\n|-damage|p1b: Golemcita|26\/100\n|move|p1b: Golemcita|Recover|p1b: Golemcita\n|-heal|p1b: Golemcita|76\/100\n|\n|-heal|p1b: Golemcita|83\/100|[from] item: Leftovers\n|-damage|p2a: Ursaluna|59\/100 brn|[from] brn\n|upkeep\n|turn|13\n|c|\u2606breethebeesknees|gg\n|\n|t:|1699811866\n|move|p1a: Jolyne|Aqua Step|p2a: Ursaluna\n|-supereffective|p2a: Ursaluna\n|-damage|p2a: Ursaluna|0 fnt\n|-boost|p1a: Jolyne|spe|1\n|faint|p2a: Ursaluna\n|-ability|p1a: Jolyne|Moxie|boost\n|-boost|p1a: Jolyne|atk|1\n|move|p2b: Kingambit|Kowtow Cleave|p1b: Golemcita\n|-damage|p1b: Golemcita|70\/100\n|move|p1b: Golemcita|Salt Cure|p2b: Kingambit\n|-damage|p2b: Kingambit|0 fnt\n|faint|p2b: Kingambit\n|\n|win|Martin80\n|raw|Martin80's rating: 1040 &rarr; <strong>1085<\/strong><br \/>(+45 for winning)\n|raw|breethebeesknees's rating: 1151 &rarr; <strong>1118<\/strong><br \/>(-33 for losing)\n","uploadtime":1699811880,"views":9,"p1id":"martin80","p2id":"breethebeesknees","formatid":"gen9doublesou","rating":1085,"private":0,"password":""}