{"id":"gen9doublesou-1974999548","p1":"DoerreKong","p2":"kayoed2006","format":"[Gen 9] Doubles OU","log":"|j|\u2606DoerreKong\n|j|\u2606kayoed2006\n|t:|1698153658\n|gametype|doubles\n|player|p1|DoerreKong|ltsurge|1500\n|player|p2|kayoed2006|riley|1320\n|teamsize|p1|6\n|teamsize|p2|6\n|gen|9\n|tier|[Gen 9] Doubles OU\n|rated|\n|rule|Species Clause: Limit one of each Pok\u00e9mon\n|rule|OHKO Clause: OHKO moves are banned\n|rule|Evasion Moves Clause: Evasion moves are banned\n|rule|Gravity Sleep Clause: The combination of sleep-inducing moves with imperfect accuracy and Gravity or Gigantamax Orbeetle are banned\n|rule|Endless Battle Clause: Forcing endless battles is banned\n|rule|HP Percentage Mod: HP is shown in percentages\n|clearpoke\n|poke|p1|Torkoal, F|\n|poke|p1|Cresselia, F|\n|poke|p1|Diancie|\n|poke|p1|Iron Hands|\n|poke|p1|Farigiraf, F|\n|poke|p1|Dragonite, M|\n|poke|p2|Oricorio-Sensu, F|\n|poke|p2|Volcarona, F|\n|poke|p2|Iron Bundle|\n|poke|p2|Kingambit, M|\n|poke|p2|Pelipper, M|\n|poke|p2|Landorus-Therian, M|\n|teampreview\n|inactive|Battle timer is ON: inactive players will automatically lose when time's up. (requested by DoerreKong)\n|inactive|kayoed2006 also wants the timer to be on.\n|\n|t:|1698153672\n|start\n|switch|p1a: Cresselia|Cresselia, F|100\/100\n|switch|p1b: Farigiraf|Farigiraf, F|100\/100\n|switch|p2a: Kingambit|Kingambit, M|100\/100\n|switch|p2b: Landorus|Landorus-Therian, M|100\/100\n|-ability|p2b: Landorus|Intimidate|boost\n|-unboost|p1a: Cresselia|atk|1\n|-unboost|p1b: Farigiraf|atk|1\n|-item|p2a: Kingambit|Air Balloon\n|turn|1\n|\n|t:|1698153696\n|switch|p1a: Dragonite|Dragonite, M|100\/100\n|move|p2b: Landorus|U-turn|p1b: Farigiraf\n|-supereffective|p1b: Farigiraf\n|-damage|p1b: Farigiraf|55\/100\n|\n|t:|1698153704\n|switch|p2b: Iron Bundle|Iron Bundle|100\/100|[from] U-turn\n|-enditem|p2b: Iron Bundle|Booster Energy\n|-activate|p2b: Iron Bundle|ability: Quark Drive|[fromitem]\n|-start|p2b: Iron Bundle|quarkdrivespe\n|move|p2a: Kingambit|Taunt|p1a: Dragonite\n|-start|p1a: Dragonite|move: Taunt\n|move|p1b: Farigiraf|Trick Room|p1b: Farigiraf\n|-fieldstart|move: Trick Room|[of] p1b: Farigiraf\n|\n|-heal|p1b: Farigiraf|61\/100|[from] item: Leftovers\n|upkeep\n|turn|2\n|\n|t:|1698153733\n|switch|p1b: Cresselia|Cresselia, F|100\/100\n|move|p2a: Kingambit|Low Kick|p1a: Dragonite\n|-resisted|p1a: Dragonite\n|-damage|p1a: Dragonite|91\/100\n|move|p1a: Dragonite|Earthquake|p2a: Kingambit|[spread] p2b\n|-immune|p1b: Cresselia|[from] ability: Levitate\n|-immune|p2a: Kingambit\n|-damage|p2b: Iron Bundle|47\/100\n|move|p2b: Iron Bundle|Hydro Pump|p1a: Dragonite\n|-resisted|p1a: Dragonite\n|-damage|p1a: Dragonite|65\/100\n|\n|upkeep\n|turn|3\n|\n|t:|1698153757\n|switch|p1a: Torkoal|Torkoal, F|100\/100\n|-weather|SunnyDay|[from] ability: Drought|[of] p1a: Torkoal\n|move|p2b: Iron Bundle|Protect|p2b: Iron Bundle\n|-singleturn|p2b: Iron Bundle|Protect\n|move|p2a: Kingambit|Sucker Punch||[still]\n|-fail|p2a: Kingambit\n|move|p1b: Cresselia|Calm Mind|p1b: Cresselia\n|-boost|p1b: Cresselia|spa|1\n|-boost|p1b: Cresselia|spd|1\n|\n|-weather|SunnyDay|[upkeep]\n|upkeep\n|turn|4\n|\n|t:|1698153782\n|-end|p2b: Iron Bundle|Quark Drive|[silent]\n|switch|p2b: Pelipper|Pelipper, M|100\/100\n|-weather|RainDance|[from] ability: Drizzle|[of] p2b: Pelipper\n|move|p2a: Kingambit|Sucker Punch|p1a: Torkoal\n|-damage|p1a: Torkoal|72\/100\n|move|p1a: Torkoal|Eruption|p2a: Kingambit|[spread] p2a,p2b\n|-supereffective|p2a: Kingambit\n|-resisted|p2b: Pelipper\n|-damage|p2a: Kingambit|68\/100\n|-damage|p2b: Pelipper|88\/100\n|-enditem|p2a: Kingambit|Air Balloon\n|move|p1b: Cresselia|Calm Mind|p1b: Cresselia\n|-boost|p1b: Cresselia|spa|1\n|-boost|p1b: Cresselia|spd|1\n|\n|-weather|RainDance|[upkeep]\n|upkeep\n|turn|5\n|\n|t:|1698153807\n|switch|p1a: Iron Hands|Iron Hands|100\/100\n|move|p2a: Kingambit|Iron Head|p1b: Cresselia\n|-damage|p1b: Cresselia|72\/100\n|cant|p1b: Cresselia|flinch\n|move|p2b: Pelipper|Hydro Pump|p1a: Iron Hands|[miss]\n|-miss|p2b: Pelipper|p1a: Iron Hands\n|\n|-weather|RainDance|[upkeep]\n|-heal|p1b: Cresselia|79\/100|[from] item: Leftovers\n|-fieldend|move: Trick Room\n|upkeep\n|turn|6\n|inactive|kayoed2006 has 120 seconds left.\n|\n|t:|1698153838\n|switch|p2b: Landorus|Landorus-Therian, M|100\/100\n|-ability|p2b: Landorus|Intimidate|boost\n|-unboost|p1a: Iron Hands|atk|1\n|-unboost|p1b: Cresselia|atk|1\n|-terastallize|p2a: Kingambit|Flying\n|move|p2a: Kingambit|Taunt|p1b: Cresselia\n|-start|p1b: Cresselia|move: Taunt\n|move|p1a: Iron Hands|Iron Defense|p1a: Iron Hands\n|-boost|p1a: Iron Hands|def|2\n|cant|p1b: Cresselia|move: Taunt|Trick Room\n|\n|-weather|RainDance|[upkeep]\n|-heal|p1b: Cresselia|85\/100|[from] item: Leftovers\n|upkeep\n|turn|7\n|\n|t:|1698153861\n|move|p2a: Kingambit|Sucker Punch|p1b: Cresselia\n|-supereffective|p1b: Cresselia\n|-damage|p1b: Cresselia|32\/100\n|move|p2b: Landorus|Earthquake|p1b: Cresselia|[spread] p1a\n|-immune|p2a: Kingambit\n|-immune|p1b: Cresselia|[from] ability: Levitate\n|-supereffective|p1a: Iron Hands\n|-damage|p1a: Iron Hands|79\/100\n|move|p1b: Cresselia|Stored Power|p2a: Kingambit\n|-damage|p2a: Kingambit|18\/100\n|move|p1a: Iron Hands|Iron Defense|p1a: Iron Hands\n|-boost|p1a: Iron Hands|def|2\n|\n|-weather|RainDance|[upkeep]\n|-heal|p1b: Cresselia|38\/100|[from] item: Leftovers\n|-heal|p1a: Iron Hands|86\/100|[from] item: Leftovers\n|upkeep\n|turn|8\n|\n|t:|1698153882\n|switch|p1b: Dragonite|Dragonite, M|65\/100\n|move|p2a: Kingambit|Sucker Punch||[still]\n|-fail|p2a: Kingambit\n|move|p2b: Landorus|Earthquake|p1a: Iron Hands|[spread] p1a\n|-immune|p2a: Kingambit\n|-immune|p1b: Dragonite\n|-supereffective|p1a: Iron Hands\n|-damage|p1a: Iron Hands|71\/100\n|move|p1a: Iron Hands|Iron Defense|p1a: Iron Hands\n|-boost|p1a: Iron Hands|def|2\n|\n|-weather|RainDance|[upkeep]\n|-heal|p1a: Iron Hands|78\/100|[from] item: Leftovers\n|upkeep\n|turn|9\n|\n|t:|1698153908\n|switch|p2b: Volcarona|Volcarona, F|100\/100\n|switch|p2a: Oricorio|Oricorio-Sensu, F|100\/100\n|move|p1b: Dragonite|Ice Spinner|p2b: Volcarona\n|-resisted|p2b: Volcarona\n|-damage|p2b: Volcarona|62\/100\n|move|p1a: Iron Hands|Thunder Punch|p2a: Oricorio\n|-supereffective|p2a: Oricorio\n|-damage|p2a: Oricorio|34\/100\n|\n|-weather|RainDance|[upkeep]\n|-heal|p1a: Iron Hands|84\/100|[from] item: Leftovers\n|upkeep\n|turn|10\n|\n|t:|1698153928\n|switch|p1b: Farigiraf|Farigiraf, F|61\/100\n|move|p2b: Volcarona|Quiver Dance|p2b: Volcarona\n|-boost|p2b: Volcarona|spa|1\n|-boost|p2b: Volcarona|spd|1\n|-boost|p2b: Volcarona|spe|1\n|-activate|p2a: Oricorio|ability: Dancer\n|move|p2a: Oricorio|Quiver Dance|p2a: Oricorio|[from]ability: Dancer\n|-boost|p2a: Oricorio|spa|1\n|-boost|p2a: Oricorio|spd|1\n|-boost|p2a: Oricorio|spe|1\n|move|p2a: Oricorio|Hurricane|p1a: Iron Hands\n|-damage|p1a: Iron Hands|24\/100\n|-start|p1a: Iron Hands|confusion\n|-activate|p1a: Iron Hands|confusion\n|move|p1a: Iron Hands|Body Press|p2b: Volcarona\n|-resisted|p2b: Volcarona\n|-damage|p2b: Volcarona|0 fnt\n|faint|p2b: Volcarona\n|\n|-weather|RainDance|[upkeep]\n|-heal|p1b: Farigiraf|67\/100|[from] item: Leftovers\n|-heal|p1a: Iron Hands|30\/100|[from] item: Leftovers\n|upkeep\n|inactive|kayoed2006 has 120 seconds left.\n|\n|t:|1698153956\n|switch|p2b: Landorus|Landorus-Therian, M|100\/100\n|-ability|p2b: Landorus|Intimidate|boost\n|-unboost|p1a: Iron Hands|atk|1\n|-unboost|p1b: Farigiraf|atk|1\n|turn|11\n|\n|t:|1698153966\n|-end|p1a: Iron Hands|Quark Drive|[silent]\n|switch|p1a: Diancie|Diancie|100\/100\n|move|p2a: Oricorio|Hurricane|p1a: Diancie\n|-resisted|p1a: Diancie\n|-damage|p1a: Diancie|73\/100\n|move|p2b: Landorus|U-turn|p1b: Farigiraf\n|-supereffective|p1b: Farigiraf\n|-damage|p1b: Farigiraf|23\/100\n|\n|t:|1698153975\n|switch|p2b: Pelipper|Pelipper, M|88\/100|[from] U-turn\n|move|p1b: Farigiraf|Trick Room|p1b: Farigiraf\n|-fieldstart|move: Trick Room|[of] p1b: Farigiraf\n|\n|-weather|none\n|-heal|p1b: Farigiraf|30\/100|[from] item: Leftovers\n|upkeep\n|turn|12\n|\n|t:|1698153989\n|switch|p1b: Cresselia|Cresselia, F|38\/100\n|move|p1a: Diancie|Diamond Storm|p2b: Pelipper|[spread] p2a,p2b\n|-supereffective|p2a: Oricorio\n|-supereffective|p2b: Pelipper\n|-damage|p2a: Oricorio|0 fnt\n|-damage|p2b: Pelipper|36\/100\n|faint|p2a: Oricorio\n|move|p2b: Pelipper|Hydro Pump|p1a: Diancie\n|-supereffective|p1a: Diancie\n|-damage|p1a: Diancie|7\/100\n|-enditem|p1a: Diancie|Weakness Policy\n|-boost|p1a: Diancie|atk|2|[from] item: Weakness Policy\n|-boost|p1a: Diancie|spa|2|[from] item: Weakness Policy\n|\n|-heal|p1b: Cresselia|45\/100|[from] item: Leftovers\n|upkeep\n|\n|t:|1698154004\n|switch|p2a: Kingambit|Kingambit, M, tera:Flying|18\/100\n|turn|13\n|\n|t:|1698154015\n|move|p1a: Diancie|Protect|p1a: Diancie\n|-singleturn|p1a: Diancie|Protect\n|move|p2a: Kingambit|Sucker Punch||[still]\n|-fail|p2a: Kingambit\n|move|p1b: Cresselia|Lunar Blessing|p1b: Cresselia|[spread] p1a,p1b\n|-heal|p1a: Diancie|32\/100\n|-heal|p1b: Cresselia|70\/100\n|move|p2b: Pelipper|Roost|p2b: Pelipper\n|-heal|p2b: Pelipper|86\/100\n|-singleturn|p2b: Pelipper|move: Roost\n|\n|-heal|p1b: Cresselia|76\/100|[from] item: Leftovers\n|upkeep\n|turn|14\n|\n|t:|1698154039\n|move|p1a: Diancie|Diamond Storm|p2a: Kingambit|[spread] p2a\n|-miss|p1a: Diancie|p2b: Pelipper\n|-supereffective|p2a: Kingambit\n|-damage|p2a: Kingambit|0 fnt\n|-boost|p1a: Diancie|def|2\n|faint|p2a: Kingambit\n|move|p1b: Cresselia|Lunar Blessing|p1b: Cresselia|[spread] p1a,p1b\n|-heal|p1a: Diancie|57\/100\n|-heal|p1b: Cresselia|100\/100\n|move|p2b: Pelipper|Hydro Pump|p1a: Diancie\n|-supereffective|p1a: Diancie\n|-damage|p1a: Diancie|0 fnt\n|faint|p1a: Diancie\n|\n|upkeep\n|\n|t:|1698154061\n|switch|p1a: Farigiraf|Farigiraf, F|30\/100\n|switch|p2a: Landorus|Landorus-Therian, M|100\/100\n|-ability|p2a: Landorus|Intimidate|boost\n|-unboost|p1a: Farigiraf|atk|1\n|-unboost|p1b: Cresselia|atk|1\n|turn|15\n|\n|t:|1698154074\n|switch|p2b: Iron Bundle|Iron Bundle|47\/100\n|move|p1a: Farigiraf|Dazzling Gleam|p2b: Iron Bundle|[spread] p2a,p2b\n|-crit|p2b: Iron Bundle\n|-damage|p2a: Landorus|81\/100\n|-damage|p2b: Iron Bundle|2\/100\n|move|p1b: Cresselia|Calm Mind|p1b: Cresselia\n|-boost|p1b: Cresselia|spa|1\n|-boost|p1b: Cresselia|spd|1\n|move|p2a: Landorus|U-turn|p1a: Farigiraf\n|-supereffective|p1a: Farigiraf\n|-damage|p1a: Farigiraf|0 fnt\n|faint|p1a: Farigiraf\n|\n|t:|1698154088\n|switch|p2a: Pelipper|Pelipper, M|86\/100|[from] U-turn\n|-weather|RainDance|[from] ability: Drizzle|[of] p2a: Pelipper\n|\n|-weather|RainDance|[upkeep]\n|-fieldend|move: Trick Room\n|upkeep\n|\n|t:|1698154097\n|switch|p1a: Iron Hands|Iron Hands|30\/100\n|turn|16\n|\n|t:|1698154107\n|move|p1a: Iron Hands|Fake Out|p2b: Iron Bundle\n|-damage|p2b: Iron Bundle|0 fnt\n|faint|p2b: Iron Bundle\n|-end|p2b: Iron Bundle|Quark Drive|[silent]\n|move|p2a: Pelipper|Hurricane|p1a: Iron Hands\n|-damage|p1a: Iron Hands|2\/100\n|move|p1b: Cresselia|Trick Room|p1b: Cresselia\n|-fieldstart|move: Trick Room|[of] p1b: Cresselia\n|\n|-weather|RainDance|[upkeep]\n|-heal|p1a: Iron Hands|8\/100|[from] item: Leftovers\n|upkeep\n|\n|t:|1698154111\n|switch|p2b: Landorus|Landorus-Therian, M|81\/100\n|-ability|p2b: Landorus|Intimidate|boost\n|-unboost|p1a: Iron Hands|atk|1\n|-unboost|p1b: Cresselia|atk|1\n|turn|17\n|\n|t:|1698154131\n|-end|p1a: Iron Hands|Quark Drive|[silent]\n|switch|p1a: Torkoal|Torkoal, F|72\/100\n|-weather|SunnyDay|[from] ability: Drought|[of] p1a: Torkoal\n|move|p2a: Pelipper|Protect|p2a: Pelipper\n|-singleturn|p2a: Pelipper|Protect\n|move|p1b: Cresselia|Calm Mind|p1b: Cresselia\n|-boost|p1b: Cresselia|spa|1\n|-boost|p1b: Cresselia|spd|1\n|move|p2b: Landorus|Earthquake|p1a: Torkoal|[spread] p1a\n|-activate|p2a: Pelipper|move: Protect\n|-immune|p1b: Cresselia|[from] ability: Levitate\n|-supereffective|p1a: Torkoal\n|-damage|p1a: Torkoal|3\/100\n|-enditem|p1a: Torkoal|Weakness Policy\n|-boost|p1a: Torkoal|atk|2|[from] item: Weakness Policy\n|-boost|p1a: Torkoal|spa|2|[from] item: Weakness Policy\n|\n|-weather|SunnyDay|[upkeep]\n|upkeep\n|turn|18\n|\n|t:|1698154155\n|move|p1a: Torkoal|Solar Beam||[still]\n|-prepare|p1a: Torkoal|Solar Beam\n|-anim|p1a: Torkoal|Solar Beam|p2a: Pelipper\n|-damage|p2a: Pelipper|0 fnt\n|faint|p2a: Pelipper\n|move|p1b: Cresselia|Calm Mind|p1b: Cresselia\n|-boost|p1b: Cresselia|spa|1\n|-boost|p1b: Cresselia|spd|1\n|move|p2b: Landorus|Earthquake|p1b: Cresselia|[spread] p1a\n|-immune|p1b: Cresselia|[from] ability: Levitate\n|-supereffective|p1a: Torkoal\n|-damage|p1a: Torkoal|0 fnt\n|faint|p1a: Torkoal\n|\n|-weather|SunnyDay|[upkeep]\n|upkeep\n|-message|kayoed2006 forfeited.\n|\n|win|DoerreKong\n|raw|DoerreKong's rating: 1500 &rarr; <strong>1510<\/strong><br \/>(+10 for winning)\n|raw|kayoed2006's rating: 1320 &rarr; <strong>1310<\/strong><br \/>(-10 for losing)\n|l|\u2606kayoed2006\n","uploadtime":1698154177,"views":14,"p1id":"doerrekong","p2id":"kayoed2006","formatid":"gen9doublesou","rating":1310,"private":0,"password":""}