{"id":"gen9doublesou-1987547476","p1":"OPieceOfHeroGhost","p2":"pigpig161","format":"[Gen 9] Doubles OU","log":"|j|\u2606OPieceOfHeroGhost\n|j|\u2606pigpig161\n|t:|1699610132\n|gametype|doubles\n|player|p1|OPieceOfHeroGhost|morty|1432\n|player|p2|pigpig161|170|1392\n|teamsize|p1|6\n|teamsize|p2|6\n|gen|9\n|tier|[Gen 9] Doubles OU\n|rated|\n|rule|Species Clause: Limit one of each Pok\u00e9mon\n|rule|OHKO Clause: OHKO moves are banned\n|rule|Evasion Moves Clause: Evasion moves are banned\n|rule|Gravity Sleep Clause: The combination of sleep-inducing moves with imperfect accuracy and Gravity or Gigantamax Orbeetle are banned\n|rule|Endless Battle Clause: Forcing endless battles is banned\n|rule|HP Percentage Mod: HP is shown in percentages\n|clearpoke\n|poke|p1|Heatran, F|\n|poke|p1|Amoonguss, M|\n|poke|p1|Farigiraf, M|\n|poke|p1|Chien-Pao|\n|poke|p1|Iron Hands|\n|poke|p1|Flutter Mane|\n|poke|p2|Iron Hands|\n|poke|p2|Landorus-Therian, M|\n|poke|p2|Flutter Mane|\n|poke|p2|Arcanine-Hisui, F|\n|poke|p2|Dragonite, F|\n|poke|p2|Sinistcha-Masterpiece|\n|teampreview\n|\n|t:|1699610154\n|start\n|switch|p1a: \u50ac\u7720\u5927\u5e08-\u963f\u8499\u560e\u65af|Amoonguss, M|100\/100\n|switch|p1b: \u53d1\u59d0|Flutter Mane|100\/100\n|switch|p2a: Dragonite|Dragonite, F|100\/100\n|switch|p2b: Landorus|Landorus-Therian, M|100\/100\n|-ability|p2b: Landorus|Intimidate|boost\n|-unboost|p1a: \u50ac\u7720\u5927\u5e08-\u963f\u8499\u560e\u65af|atk|1\n|-unboost|p1b: \u53d1\u59d0|atk|1\n|turn|1\n|\n|t:|1699610172\n|-terastallize|p2b: Landorus|Steel\n|move|p1b: \u53d1\u59d0|Protect|p1b: \u53d1\u59d0\n|-singleturn|p1b: \u53d1\u59d0|Protect\n|move|p2b: Landorus|Tera Blast|p1b: \u53d1\u59d0|[anim] Tera Blast Steel\n|-activate|p1b: \u53d1\u59d0|move: Protect\n|move|p2a: Dragonite|Ice Spinner|p1a: \u50ac\u7720\u5927\u5e08-\u963f\u8499\u560e\u65af\n|-supereffective|p1a: \u50ac\u7720\u5927\u5e08-\u963f\u8499\u560e\u65af\n|-damage|p1a: \u50ac\u7720\u5927\u5e08-\u963f\u8499\u560e\u65af|22\/100\n|-enditem|p1a: \u50ac\u7720\u5927\u5e08-\u963f\u8499\u560e\u65af|Sitrus Berry|[eat]\n|-heal|p1a: \u50ac\u7720\u5927\u5e08-\u963f\u8499\u560e\u65af|47\/100|[from] item: Sitrus Berry\n|move|p1a: \u50ac\u7720\u5927\u5e08-\u963f\u8499\u560e\u65af|Spore|p2a: Dragonite\n|-status|p2a: Dragonite|slp|[from] move: Spore\n|\n|upkeep\n|turn|2\n|\n|t:|1699610201\n|-end|p1b: \u53d1\u59d0|Protosynthesis|[silent]\n|switch|p1b: \u8ffd\u730e\u7684\u54e5\u54e5|Heatran, F|100\/100\n|switch|p1a: \u62cd\u5927\u661f|Iron Hands|100\/100\n|move|p2b: Landorus|Tera Blast|p1b: \u8ffd\u730e\u7684\u54e5\u54e5|[anim] Tera Blast Steel\n|-resisted|p1b: \u8ffd\u730e\u7684\u54e5\u54e5\n|-damage|p1b: \u8ffd\u730e\u7684\u54e5\u54e5|90\/100\n|cant|p2a: Dragonite|slp\n|\n|-heal|p1b: \u8ffd\u730e\u7684\u54e5\u54e5|97\/100|[from] item: Leftovers\n|upkeep\n|turn|3\n|\n|t:|1699610230\n|switch|p2b: Flutter Mane|Flutter Mane|100\/100\n|-enditem|p2b: Flutter Mane|Booster Energy\n|-activate|p2b: Flutter Mane|ability: Protosynthesis|[fromitem]\n|-start|p2b: Flutter Mane|protosynthesisspa\n|switch|p2a: Sinistcha|Sinistcha-Masterpiece|100\/100\n|move|p1a: \u62cd\u5927\u661f|Fake Out|p2b: Flutter Mane\n|-immune|p2b: Flutter Mane\n|move|p1b: \u8ffd\u730e\u7684\u54e5\u54e5|Heat Wave|p2b: Flutter Mane|[spread] p2a,p2b\n|-supereffective|p2a: Sinistcha\n|-damage|p2a: Sinistcha|3\/100\n|-damage|p2b: Flutter Mane|61\/100\n|\n|-heal|p1b: \u8ffd\u730e\u7684\u54e5\u54e5|100\/100|[from] item: Leftovers\n|-heal|p2a: Sinistcha|9\/100|[from] item: Leftovers\n|upkeep\n|turn|4\n|\n|t:|1699610258\n|move|p1b: \u8ffd\u730e\u7684\u54e5\u54e5|Protect|p1b: \u8ffd\u730e\u7684\u54e5\u54e5\n|-singleturn|p1b: \u8ffd\u730e\u7684\u54e5\u54e5|Protect\n|move|p2b: Flutter Mane|Shadow Ball|p1a: \u62cd\u5927\u661f\n|-damage|p1a: \u62cd\u5927\u661f|72\/100\n|-unboost|p1a: \u62cd\u5927\u661f|spd|1\n|move|p2a: Sinistcha|Strength Sap|p1a: \u62cd\u5927\u661f\n|-unboost|p1a: \u62cd\u5927\u661f|atk|1\n|-heal|p2a: Sinistcha|100\/100\n|move|p1a: \u62cd\u5927\u661f|Heavy Slam|p2b: Flutter Mane\n|-supereffective|p2b: Flutter Mane\n|-damage|p2b: Flutter Mane|0 fnt\n|faint|p2b: Flutter Mane\n|-end|p2b: Flutter Mane|Protosynthesis|[silent]\n|\n|upkeep\n|\n|t:|1699610275\n|switch|p2b: Landorus|Landorus-Therian, M, tera:Steel|100\/100\n|-ability|p2b: Landorus|Intimidate|boost\n|-unboost|p1a: \u62cd\u5927\u661f|atk|1\n|-unboost|p1b: \u8ffd\u730e\u7684\u54e5\u54e5|atk|1\n|turn|5\n|\n|t:|1699610285\n|-end|p1a: \u62cd\u5927\u661f|Quark Drive|[silent]\n|switch|p1a: \u50ac\u7720\u5927\u5e08-\u963f\u8499\u560e\u65af|Amoonguss, M|81\/100\n|move|p2b: Landorus|Earthquake|p1b: \u8ffd\u730e\u7684\u54e5\u54e5|[spread] p2a,p1a,p1b\n|-resisted|p2a: Sinistcha\n|-supereffective|p1b: \u8ffd\u730e\u7684\u54e5\u54e5\n|-damage|p2a: Sinistcha|79\/100\n|-damage|p1a: \u50ac\u7720\u5927\u5e08-\u963f\u8499\u560e\u65af|47\/100\n|-damage|p1b: \u8ffd\u730e\u7684\u54e5\u54e5|0 fnt\n|faint|p1b: \u8ffd\u730e\u7684\u54e5\u54e5\n|move|p2a: Sinistcha|Strength Sap|p1a: \u50ac\u7720\u5927\u5e08-\u963f\u8499\u560e\u65af\n|-unboost|p1a: \u50ac\u7720\u5927\u5e08-\u963f\u8499\u560e\u65af|atk|1\n|-heal|p2a: Sinistcha|100\/100\n|\n|upkeep\n|\n|t:|1699610305\n|switch|p1b: \u53d1\u59d0|Flutter Mane|100\/100\n|turn|6\n|\n|t:|1699610326\n|move|p1b: \u53d1\u59d0|Protect|p1b: \u53d1\u59d0\n|-singleturn|p1b: \u53d1\u59d0|Protect\n|move|p2b: Landorus|Earthquake|p1b: \u53d1\u59d0|[spread] p2a,p1a\n|-activate|p1b: \u53d1\u59d0|move: Protect\n|-resisted|p2a: Sinistcha\n|-damage|p2a: Sinistcha|81\/100\n|-damage|p1a: \u50ac\u7720\u5927\u5e08-\u963f\u8499\u560e\u65af|14\/100\n|move|p2a: Sinistcha|Matcha Gotcha|p1a: \u50ac\u7720\u5927\u5e08-\u963f\u8499\u560e\u65af|[spread] p1a\n|-activate|p1b: \u53d1\u59d0|move: Protect\n|-resisted|p1a: \u50ac\u7720\u5927\u5e08-\u963f\u8499\u560e\u65af\n|-damage|p1a: \u50ac\u7720\u5927\u5e08-\u963f\u8499\u560e\u65af|6\/100\n|-heal|p2a: Sinistcha|86\/100|[from] drain|[of] p1a: \u50ac\u7720\u5927\u5e08-\u963f\u8499\u560e\u65af\n|move|p1a: \u50ac\u7720\u5927\u5e08-\u963f\u8499\u560e\u65af|Spore|p2b: Landorus\n|-status|p2b: Landorus|slp|[from] move: Spore\n|\n|-heal|p2a: Sinistcha|92\/100|[from] item: Leftovers\n|upkeep\n|turn|7\n|\n|t:|1699610346\n|switch|p2a: Dragonite|Dragonite, F|100\/100 slp\n|switch|p1a: \u62cd\u5927\u661f|Iron Hands|72\/100\n|cant|p2b: Landorus|slp\n|move|p1b: \u53d1\u59d0|Shadow Ball|p2a: Dragonite\n|-damage|p2a: Dragonite|80\/100 slp\n|\n|upkeep\n|turn|8\n|\n|t:|1699610371\n|move|p1a: \u62cd\u5927\u661f|Fake Out|p2a: Dragonite\n|-damage|p2a: Dragonite|64\/100 slp\n|cant|p2a: Dragonite|slp\n|cant|p2b: Landorus|slp\n|move|p1b: \u53d1\u59d0|Dazzling Gleam|p2b: Landorus|[spread] p2a,p2b\n|-supereffective|p2a: Dragonite\n|-resisted|p2b: Landorus\n|-damage|p2a: Dragonite|0 fnt\n|-damage|p2b: Landorus|76\/100 slp\n|faint|p2a: Dragonite\n|\n|upkeep\n|\n|t:|1699610380\n|switch|p2a: Arcanine|Arcanine-Hisui, F|100\/100\n|-ability|p2a: Arcanine|Intimidate|boost\n|-unboost|p1a: \u62cd\u5927\u661f|atk|1\n|-unboost|p1b: \u53d1\u59d0|atk|1\n|turn|9\n|\n|t:|1699610396\n|switch|p2b: Sinistcha|Sinistcha-Masterpiece|92\/100\n|move|p1b: \u53d1\u59d0|Protect|p1b: \u53d1\u59d0\n|-singleturn|p1b: \u53d1\u59d0|Protect\n|move|p2a: Arcanine|Head Smash|p1b: \u53d1\u59d0\n|-activate|p1b: \u53d1\u59d0|move: Protect\n|move|p1a: \u62cd\u5927\u661f|Drain Punch|p2b: Sinistcha\n|-immune|p2b: Sinistcha\n|\n|-heal|p2b: Sinistcha|98\/100|[from] item: Leftovers\n|upkeep\n|turn|10\n|\n|t:|1699610421\n|-end|p1b: \u53d1\u59d0|Protosynthesis|[silent]\n|switch|p1b: \u67d0\u79cd\u7a0b\u5ea6\u4e0a\u7684\u5f02\u9f99|Farigiraf, M|100\/100\n|move|p2a: Arcanine|Head Smash|p1b: \u67d0\u79cd\u7a0b\u5ea6\u4e0a\u7684\u5f02\u9f99\n|-damage|p1b: \u67d0\u79cd\u7a0b\u5ea6\u4e0a\u7684\u5f02\u9f99|19\/100\n|-enditem|p1b: \u67d0\u79cd\u7a0b\u5ea6\u4e0a\u7684\u5f02\u9f99|Iapapa Berry|[eat]\n|-heal|p1b: \u67d0\u79cd\u7a0b\u5ea6\u4e0a\u7684\u5f02\u9f99|52\/100|[from] item: Iapapa Berry\n|-damage|p2a: Arcanine|46\/100|[from] Recoil\n|move|p2b: Sinistcha|Strength Sap|p1a: \u62cd\u5927\u661f\n|-unboost|p1a: \u62cd\u5927\u661f|atk|1\n|-heal|p2b: Sinistcha|100\/100\n|move|p1a: \u62cd\u5927\u661f|Drain Punch|p2a: Arcanine\n|-supereffective|p2a: Arcanine\n|-damage|p2a: Arcanine|0 fnt\n|-heal|p1a: \u62cd\u5927\u661f|88\/100|[from] drain|[of] p2a: Arcanine\n|faint|p2a: Arcanine\n|\n|upkeep\n|\n|t:|1699610434\n|switch|p2a: Landorus|Landorus-Therian, M, tera:Steel|76\/100 slp\n|-ability|p2a: Landorus|Intimidate|boost\n|-unboost|p1a: \u62cd\u5927\u661f|atk|1\n|-unboost|p1b: \u67d0\u79cd\u7a0b\u5ea6\u4e0a\u7684\u5f02\u9f99|atk|1\n|turn|11\n|\n|t:|1699610452\n|-end|p1a: \u62cd\u5927\u661f|Quark Drive|[silent]\n|switch|p1a: \u50ac\u7720\u5927\u5e08-\u963f\u8499\u560e\u65af|Amoonguss, M|39\/100\n|cant|p2a: Landorus|slp\n|move|p2b: Sinistcha|Matcha Gotcha|p1a: \u50ac\u7720\u5927\u5e08-\u963f\u8499\u560e\u65af|[spread] p1a,p1b\n|-resisted|p1a: \u50ac\u7720\u5927\u5e08-\u963f\u8499\u560e\u65af\n|-damage|p1a: \u50ac\u7720\u5927\u5e08-\u963f\u8499\u560e\u65af|32\/100\n|-damage|p1b: \u67d0\u79cd\u7a0b\u5ea6\u4e0a\u7684\u5f02\u9f99|23\/100\n|-status|p1a: \u50ac\u7720\u5927\u5e08-\u963f\u8499\u560e\u65af|brn\n|move|p1b: \u67d0\u79cd\u7a0b\u5ea6\u4e0a\u7684\u5f02\u9f99|Dazzling Gleam|p2b: Sinistcha|[spread] p2a,p2b\n|-resisted|p2a: Landorus\n|-damage|p2a: Landorus|67\/100 slp\n|-damage|p2b: Sinistcha|83\/100\n|\n|-heal|p2b: Sinistcha|89\/100|[from] item: Leftovers\n|-damage|p1a: \u50ac\u7720\u5927\u5e08-\u963f\u8499\u560e\u65af|25\/100 brn|[from] brn\n|upkeep\n|turn|12\n|\n|t:|1699610474\n|switch|p1a: \u62cd\u5927\u661f|Iron Hands|88\/100\n|-curestatus|p2a: Landorus|slp|[msg]\n|move|p2a: Landorus|U-turn|p1b: \u67d0\u79cd\u7a0b\u5ea6\u4e0a\u7684\u5f02\u9f99\n|-supereffective|p1b: \u67d0\u79cd\u7a0b\u5ea6\u4e0a\u7684\u5f02\u9f99\n|-damage|p1b: \u67d0\u79cd\u7a0b\u5ea6\u4e0a\u7684\u5f02\u9f99|0 fnt\n|faint|p1b: \u67d0\u79cd\u7a0b\u5ea6\u4e0a\u7684\u5f02\u9f99\n|\n|t:|1699610485\n|switch|p2a: Iron Hands|Iron Hands|100\/100|[from] U-turn\n|move|p2b: Sinistcha|Shadow Ball|p1a: \u62cd\u5927\u661f\n|-damage|p1a: \u62cd\u5927\u661f|67\/100\n|\n|-heal|p2b: Sinistcha|95\/100|[from] item: Leftovers\n|upkeep\n|\n|t:|1699610495\n|switch|p1b: \u50ac\u7720\u5927\u5e08-\u963f\u8499\u560e\u65af|Amoonguss, M|59\/100 brn\n|turn|13\n|\n|t:|1699610538\n|move|p2b: Sinistcha|Matcha Gotcha|p1b: \u50ac\u7720\u5927\u5e08-\u963f\u8499\u560e\u65af|[spread] p1b\n|-miss|p2b: Sinistcha|p1a: \u62cd\u5927\u661f\n|-resisted|p1b: \u50ac\u7720\u5927\u5e08-\u963f\u8499\u560e\u65af\n|-damage|p1b: \u50ac\u7720\u5927\u5e08-\u963f\u8499\u560e\u65af|52\/100 brn\n|-heal|p2b: Sinistcha|99\/100|[from] drain|[of] p1b: \u50ac\u7720\u5927\u5e08-\u963f\u8499\u560e\u65af\n|move|p1a: \u62cd\u5927\u661f|Heavy Slam|p2b: Sinistcha\n|-damage|p2b: Sinistcha|59\/100\n|move|p2a: Iron Hands|Ice Punch|p1b: \u50ac\u7720\u5927\u5e08-\u963f\u8499\u560e\u65af\n|-supereffective|p1b: \u50ac\u7720\u5927\u5e08-\u963f\u8499\u560e\u65af\n|-damage|p1b: \u50ac\u7720\u5927\u5e08-\u963f\u8499\u560e\u65af|3\/100 brn\n|move|p1b: \u50ac\u7720\u5927\u5e08-\u963f\u8499\u560e\u65af|Spore|p2a: Iron Hands\n|-status|p2a: Iron Hands|slp|[from] move: Spore\n|\n|-heal|p2b: Sinistcha|65\/100|[from] item: Leftovers\n|-damage|p1b: \u50ac\u7720\u5927\u5e08-\u963f\u8499\u560e\u65af|0 fnt|[from] brn\n|faint|p1b: \u50ac\u7720\u5927\u5e08-\u963f\u8499\u560e\u65af\n|upkeep\n|\n|t:|1699610556\n|switch|p1b: \u96ea\u8c79\u95ed\u5634|Chien-Pao|100\/100\n|-ability|p1b: \u96ea\u8c79\u95ed\u5634|Sword of Ruin\n|turn|14\n|\n|t:|1699610569\n|switch|p2b: Landorus|Landorus-Therian, M, tera:Steel|67\/100\n|-ability|p2b: Landorus|Intimidate|boost\n|-unboost|p1a: \u62cd\u5927\u661f|atk|1\n|-unboost|p1b: \u96ea\u8c79\u95ed\u5634|atk|1\n|move|p1b: \u96ea\u8c79\u95ed\u5634|Crunch|p2b: Landorus\n|-crit|p2b: Landorus\n|-damage|p2b: Landorus|0 fnt\n|faint|p2b: Landorus\n|move|p1a: \u62cd\u5927\u661f|Drain Punch|p2a: Iron Hands\n|-damage|p2a: Iron Hands|77\/100 slp\n|-heal|p1a: \u62cd\u5927\u661f|80\/100|[from] drain|[of] p2a: Iron Hands\n|cant|p2a: Iron Hands|slp\n|\n|upkeep\n|\n|t:|1699610578\n|switch|p2b: Sinistcha|Sinistcha-Masterpiece|65\/100\n|-heal|p2a: Iron Hands|100\/100 slp|[from] ability: Hospitality|[of] p2b: Sinistcha\n|turn|15\n|\n|t:|1699610592\n|move|p1b: \u96ea\u8c79\u95ed\u5634|Crunch|p2b: Sinistcha\n|-supereffective|p2b: Sinistcha\n|-damage|p2b: Sinistcha|1\/100\n|move|p2b: Sinistcha|Matcha Gotcha|p1a: \u62cd\u5927\u661f|[spread] p1a,p1b\n|-damage|p1a: \u62cd\u5927\u661f|63\/100\n|-heal|p2b: Sinistcha|13\/100|[from] drain|[of] p1a: \u62cd\u5927\u661f\n|-damage|p1b: \u96ea\u8c79\u95ed\u5634|52\/100\n|-heal|p2b: Sinistcha|34\/100|[from] drain|[of] p1b: \u96ea\u8c79\u95ed\u5634\n|move|p1a: \u62cd\u5927\u661f|Drain Punch|p2a: Iron Hands\n|-damage|p2a: Iron Hands|78\/100 slp\n|-heal|p1a: \u62cd\u5927\u661f|75\/100|[from] drain|[of] p2a: Iron Hands\n|-curestatus|p2a: Iron Hands|slp|[msg]\n|move|p2a: Iron Hands|Drain Punch|p1b: \u96ea\u8c79\u95ed\u5634\n|-supereffective|p1b: \u96ea\u8c79\u95ed\u5634\n|-damage|p1b: \u96ea\u8c79\u95ed\u5634|0 fnt\n|-heal|p2a: Iron Hands|93\/100|[from] drain|[of] p1b: \u96ea\u8c79\u95ed\u5634\n|faint|p1b: \u96ea\u8c79\u95ed\u5634\n|\n|-heal|p2b: Sinistcha|40\/100|[from] item: Leftovers\n|upkeep\n|\n|t:|1699610616\n|switch|p1b: \u53d1\u59d0|Flutter Mane|100\/100\n|turn|16\n|\n|t:|1699610633\n|-terastallize|p1b: \u53d1\u59d0|Fairy\n|move|p1b: \u53d1\u59d0|Dazzling Gleam|p2b: Sinistcha|[spread] p2a,p2b\n|-supereffective|p2a: Iron Hands\n|-damage|p2a: Iron Hands|26\/100\n|-damage|p2b: Sinistcha|0 fnt\n|faint|p2b: Sinistcha\n|move|p1a: \u62cd\u5927\u661f|Drain Punch|p2a: Iron Hands\n|-damage|p2a: Iron Hands|9\/100\n|-heal|p1a: \u62cd\u5927\u661f|84\/100|[from] drain|[of] p2a: Iron Hands\n|move|p2a: Iron Hands|Wild Charge|p1b: \u53d1\u59d0\n|-crit|p1b: \u53d1\u59d0\n|-damage|p1b: \u53d1\u59d0|0 fnt\n|faint|p1b: \u53d1\u59d0\n|-end|p1b: \u53d1\u59d0|Protosynthesis|[silent]\n|-damage|p2a: Iron Hands|0 fnt|[from] Recoil\n|faint|p2a: Iron Hands\n|-end|p2a: Iron Hands|Quark Drive|[silent]\n|\n|win|OPieceOfHeroGhost\n|raw|OPieceOfHeroGhost's rating: 1432 &rarr; <strong>1450<\/strong><br \/>(+18 for winning)\n|raw|pigpig161's rating: 1392 &rarr; <strong>1374<\/strong><br \/>(-18 for losing)\n|l|\u2606pigpig161\n","uploadtime":1699610653,"views":9,"p1id":"opieceofheroghost","p2id":"pigpig161","formatid":"gen9doublesou","rating":1374,"private":0,"password":""}