{"id":"gen9doublesou-2000002256","p1":"Frandum","p2":"RiggedTheGame","format":"[Gen 9] Doubles OU","log":"|j|\u2606Frandum\n|j|\u2606RiggedTheGame\n|t:|1701139814\n|gametype|doubles\n|player|p1|Frandum|policeman-gen4|\n|player|p2|RiggedTheGame|102|\n|teamsize|p1|6\n|teamsize|p2|6\n|gen|9\n|tier|[Gen 9] Doubles OU\n|rule|Species Clause: Limit one of each Pok\u00e9mon\n|rule|OHKO Clause: OHKO moves are banned\n|rule|Evasion Moves Clause: Evasion moves are banned\n|rule|Gravity Sleep Clause: The combination of sleep-inducing moves with imperfect accuracy and Gravity or Gigantamax Orbeetle are banned\n|rule|Endless Battle Clause: Forcing endless battles is banned\n|rule|HP Percentage Mod: HP is shown in percentages\n|clearpoke\n|poke|p1|Iron Bundle|\n|poke|p1|Sinistcha|\n|poke|p1|Morpeko, M|\n|poke|p1|Landorus-Therian, M|\n|poke|p1|Tornadus, M|\n|poke|p1|Ogerpon-Wellspring, F|\n|poke|p2|Azumarill, M|\n|poke|p2|Rillaboom, F|\n|poke|p2|Heatran, F|\n|poke|p2|Baxcalibur, F|\n|poke|p2|Chi-Yu|\n|poke|p2|Gholdengo|\n|teampreview\n|\n|t:|1701139842\n|start\n|switch|p1a: Morpeko|Morpeko, M|100\/100\n|switch|p1b: Tornadus|Tornadus, M|100\/100\n|switch|p2a: Chi-Yuuh|Heatran, F|100\/100\n|switch|p2b: MopfrommyboyMidas|Gholdengo|100\/100\n|turn|1\n|c|\u2606RiggedTheGame|you banned me from using every single paradox\n|\n|t:|1701139880\n|switch|p2b: BobTheCheeseWizard|Baxcalibur, F|100\/100\n|move|p1b: Tornadus|Rain Dance|p1b: Tornadus\n|-weather|RainDance\n|move|p1a: Morpeko|Aura Wheel|p2b: BobTheCheeseWizard\n|-resisted|p2b: BobTheCheeseWizard\n|-damage|p2b: BobTheCheeseWizard|78\/100\n|-boost|p1a: Morpeko|spe|1\n|move|p2a: Chi-Yuuh|Stealth Rock|p1b: Tornadus\n|-sidestart|p1: Frandum|move: Stealth Rock\n|\n|-weather|RainDance|[upkeep]\n|-formechange|p1a: Morpeko|Morpeko-Hangry||[from] ability: Hunger Switch\n|upkeep\n|turn|2\n|c|\u2606Frandum|wait\u2026\n|c|\u2606RiggedTheGame|this is revengance\n|\n|t:|1701139911\n|-terastallize|p1b: Tornadus|Ghost\n|move|p1a: Morpeko|Parting Shot|p2b: BobTheCheeseWizard\n|-unboost|p2b: BobTheCheeseWizard|atk|1\n|-unboost|p2b: BobTheCheeseWizard|spa|1\n|\n|t:|1701139919\n|switch|p1a: Ogerpon|Ogerpon-Wellspring, F|100\/100|[from] Parting Shot\n|-damage|p1a: Ogerpon|88\/100|[from] Stealth Rock\n|move|p2b: BobTheCheeseWizard|Icicle Spear|p1b: Tornadus\n|-damage|p1b: Tornadus|90\/100\n|-damage|p1b: Tornadus|79\/100\n|-damage|p1b: Tornadus|69\/100\n|-damage|p1b: Tornadus|58\/100\n|-hitcount|p1b: Tornadus|4\n|move|p1b: Tornadus|Bleakwind Storm|p2a: Chi-Yuuh|[spread] p2a,p2b\n|-resisted|p2a: Chi-Yuuh\n|-damage|p2a: Chi-Yuuh|91\/100\n|-damage|p2b: BobTheCheeseWizard|46\/100\n|move|p2a: Chi-Yuuh|Earth Power|p1a: Ogerpon\n|-resisted|p1a: Ogerpon\n|-damage|p1a: Ogerpon|73\/100\n|\n|-weather|RainDance|[upkeep]\n|-heal|p2a: Chi-Yuuh|97\/100|[from] item: Leftovers\n|upkeep\n|turn|3\n|\n|t:|1701139958\n|move|p1b: Tornadus|Tailwind|p1b: Tornadus\n|-sidestart|p1: Frandum|move: Tailwind\n|move|p1a: Ogerpon|Ivy Cudgel|p2a: Chi-Yuuh|[anim] Ivy Cudgel Water\n|-supereffective|p2a: Chi-Yuuh\n|-damage|p2a: Chi-Yuuh|0 fnt\n|faint|p2a: Chi-Yuuh\n|move|p2b: BobTheCheeseWizard|Icicle Spear|p1a: Ogerpon\n|-damage|p1a: Ogerpon|60\/100\n|-damage|p1a: Ogerpon|46\/100\n|-damage|p1a: Ogerpon|33\/100\n|-damage|p1a: Ogerpon|19\/100\n|-damage|p1a: Ogerpon|6\/100\n|-hitcount|p1a: Ogerpon|5\n|\n|-weather|RainDance|[upkeep]\n|upkeep\n|c|\u2606RiggedTheGame|MY PLAN\n|\n|t:|1701139986\n|switch|p2a: Rillaboom|Rillaboom, F|100\/100\n|-fieldstart|move: Grassy Terrain|[from] ability: Grassy Surge|[of] p2a: Rillaboom\n|turn|4\n|c|\u2606RiggedTheGame|NO RAIN\n|c|\u2606RiggedTheGame|kill me.\n|\n|t:|1701140004\n|move|p1a: Ogerpon|Spiky Shield|p1a: Ogerpon\n|-singleturn|p1a: Ogerpon|move: Protect\n|move|p1b: Tornadus|Bleakwind Storm|p2b: BobTheCheeseWizard|[spread] p2a,p2b\n|-supereffective|p2a: Rillaboom\n|-damage|p2a: Rillaboom|31\/100\n|-damage|p2b: BobTheCheeseWizard|19\/100\n|move|p2b: BobTheCheeseWizard|Glaive Rush|p1b: Tornadus\n|-damage|p1b: Tornadus|10\/100\n|-singlemove|p2b: BobTheCheeseWizard|Glaive Rush|[silent]\n|move|p2a: Rillaboom|Knock Off|p1a: Ogerpon\n|-activate|p1a: Ogerpon|move: Protect\n|-damage|p2a: Rillaboom|19\/100|[from] Spiky Shield|[of] p1a: Ogerpon\n|\n|-weather|RainDance|[upkeep]\n|-heal|p1a: Ogerpon|12\/100|[from] Grassy Terrain\n|-heal|p1b: Tornadus|16\/100|[from] Grassy Terrain\n|-heal|p2b: BobTheCheeseWizard|25\/100|[from] Grassy Terrain\n|-heal|p2a: Rillaboom|25\/100|[from] Grassy Terrain\n|upkeep\n|turn|5\n|\n|t:|1701140031\n|move|p1b: Tornadus|Taunt|p2a: Rillaboom\n|-start|p2a: Rillaboom|move: Taunt\n|move|p2a: Rillaboom|Grassy Glide|p1b: Tornadus\n|-damage|p1b: Tornadus|0 fnt\n|faint|p1b: Tornadus\n|-damage|p2a: Rillaboom|15\/100|[from] item: Life Orb\n|move|p1a: Ogerpon|Wood Hammer|p2a: Rillaboom\n|-resisted|p2a: Rillaboom\n|-damage|p2a: Rillaboom|0 fnt\n|faint|p2a: Rillaboom\n|-damage|p1a: Ogerpon|6\/100|[from] Recoil\n|move|p2b: BobTheCheeseWizard|Glaive Rush|p1a: Ogerpon\n|-damage|p1a: Ogerpon|0 fnt\n|-singlemove|p2b: BobTheCheeseWizard|Glaive Rush|[silent]\n|faint|p1a: Ogerpon\n|\n|-weather|none\n|-heal|p2b: BobTheCheeseWizard|31\/100|[from] Grassy Terrain\n|upkeep\n|\n|t:|1701140066\n|switch|p1a: Sinistcha|Sinistcha|100\/100\n|switch|p1b: Morpeko|Morpeko, M|100\/100\n|switch|p2a: Heatrans|Chi-Yu|100\/100\n|-damage|p1b: Morpeko|88\/100|[from] Stealth Rock\n|-damage|p1a: Sinistcha|88\/100|[from] Stealth Rock\n|-heal|p1b: Morpeko|100\/100|[from] ability: Hospitality|[of] p1a: Sinistcha\n|-ability|p2a: Heatrans|Beads of Ruin\n|turn|6\n|\n|t:|1701140108\n|-terastallize|p2a: Heatrans|Fire\n|move|p1a: Sinistcha|Protect|p1a: Sinistcha\n|-singleturn|p1a: Sinistcha|Protect\n|move|p1b: Morpeko|Aura Wheel|p2b: BobTheCheeseWizard\n|-resisted|p2b: BobTheCheeseWizard\n|-damage|p2b: BobTheCheeseWizard|0 fnt\n|-boost|p1b: Morpeko|spe|1\n|faint|p2b: BobTheCheeseWizard\n|move|p2a: Heatrans|Flamethrower|p1a: Sinistcha\n|-activate|p1a: Sinistcha|move: Protect\n|\n|-heal|p1a: Sinistcha|94\/100|[from] Grassy Terrain\n|-heal|p1a: Sinistcha|99\/100|[from] item: Leftovers\n|-sideend|p1: Frandum|move: Tailwind\n|-formechange|p1b: Morpeko|Morpeko-Hangry||[from] ability: Hunger Switch\n|upkeep\n|\n|t:|1701140123\n|switch|p2b: Pee Egg|Azumarill, M, shiny|100\/100\n|turn|7\n|\n|t:|1701140132\n|move|p1b: Morpeko|Parting Shot|p2a: Heatrans\n|-unboost|p2a: Heatrans|atk|1\n|-unboost|p2a: Heatrans|spa|1\n|\n|t:|1701140138\n|switch|p1b: Landorus|Landorus-Therian, M|100\/100|[from] Parting Shot\n|-damage|p1b: Landorus|88\/100|[from] Stealth Rock\n|-ability|p1b: Landorus|Intimidate|boost\n|-unboost|p2a: Heatrans|atk|1\n|-unboost|p2b: Pee Egg|atk|1\n|move|p2a: Heatrans|Flamethrower|p1a: Sinistcha\n|-supereffective|p1a: Sinistcha\n|-damage|p1a: Sinistcha|0 fnt\n|faint|p1a: Sinistcha\n|move|p2b: Pee Egg|Play Rough|p1b: Landorus\n|-damage|p1b: Landorus|21\/100\n|\n|upkeep\n|c|\u2606RiggedTheGame|DEATH\n|\n|t:|1701140141\n|switch|p1a: Iron Bundle|Iron Bundle|100\/100\n|-damage|p1a: Iron Bundle|76\/100|[from] Stealth Rock\n|-enditem|p1a: Iron Bundle|Booster Energy\n|-activate|p1a: Iron Bundle|ability: Quark Drive|[fromitem]\n|-start|p1a: Iron Bundle|quarkdrivespa\n|turn|8\n|\n|t:|1701140165\n|switch|p2b: MopfrommyboyMidas|Gholdengo|100\/100\n|move|p1b: Landorus|Rock Slide|p2a: Heatrans|[spread] p2a,p2b\n|-supereffective|p2a: Heatrans\n|-resisted|p2b: MopfrommyboyMidas\n|-damage|p2a: Heatrans|37\/100\n|-damage|p2b: MopfrommyboyMidas|88\/100\n|move|p1a: Iron Bundle|Hydro Pump|p2a: Heatrans\n|-supereffective|p2a: Heatrans\n|-damage|p2a: Heatrans|0 fnt\n|faint|p2a: Heatrans\n|\n|-heal|p1a: Iron Bundle|82\/100|[from] Grassy Terrain\n|-heal|p2b: MopfrommyboyMidas|94\/100|[from] Grassy Terrain\n|-fieldend|move: Grassy Terrain\n|upkeep\n|\n|t:|1701140178\n|switch|p2a: Pee Egg|Azumarill, M, shiny|100\/100\n|turn|9\n|\n|t:|1701140201\n|switch|p1b: Morpeko|Morpeko, M|100\/100\n|-damage|p1b: Morpeko|88\/100|[from] Stealth Rock\n|move|p1a: Iron Bundle|Hydro Pump|p2b: MopfrommyboyMidas\n|-damage|p2b: MopfrommyboyMidas|0 fnt\n|faint|p2b: MopfrommyboyMidas\n|move|p2a: Pee Egg|Play Rough|p1b: Morpeko\n|-supereffective|p1b: Morpeko\n|-damage|p1b: Morpeko|0 fnt\n|faint|p1b: Morpeko\n|\n|upkeep\n|\n|t:|1701140207\n|switch|p1b: Landorus|Landorus-Therian, M|21\/100\n|-damage|p1b: Landorus|9\/100|[from] Stealth Rock\n|-ability|p1b: Landorus|Intimidate|boost\n|-unboost|p2a: Pee Egg|atk|1\n|turn|10\n|c|\u2606RiggedTheGame|PEE EGG CLUTCH\n|\n|t:|1701140227\n|move|p1b: Landorus|U-turn|p2a: Pee Egg\n|-resisted|p2a: Pee Egg\n|-damage|p2a: Pee Egg|85\/100\n|move|p1a: Iron Bundle|Hydro Pump|p2a: Pee Egg|[miss]\n|-miss|p1a: Iron Bundle|p2a: Pee Egg\n|move|p2a: Pee Egg|Play Rough|p1a: Iron Bundle\n|-damage|p1a: Iron Bundle|12\/100\n|\n|upkeep\n|turn|11\n|\n|t:|1701140238\n|move|p1a: Iron Bundle|Protect|p1a: Iron Bundle\n|-singleturn|p1a: Iron Bundle|Protect\n|move|p1b: Landorus|U-turn|p2a: Pee Egg\n|-resisted|p2a: Pee Egg\n|-damage|p2a: Pee Egg|72\/100\n|move|p2a: Pee Egg|Play Rough|p1a: Iron Bundle\n|-activate|p1a: Iron Bundle|move: Protect\n|\n|upkeep\n|turn|12\n|\n|t:|1701140247\n|move|p1b: Landorus|U-turn|p2a: Pee Egg\n|-resisted|p2a: Pee Egg\n|-damage|p2a: Pee Egg|58\/100\n|move|p1a: Iron Bundle|Hydro Pump|p2a: Pee Egg\n|-resisted|p2a: Pee Egg\n|-damage|p2a: Pee Egg|17\/100\n|move|p2a: Pee Egg|Play Rough|p1a: Iron Bundle\n|-damage|p1a: Iron Bundle|0 fnt\n|faint|p1a: Iron Bundle\n|-end|p1a: Iron Bundle|Quark Drive|[silent]\n|\n|upkeep\n|turn|13\n|c|\u2606RiggedTheGame|PLEASE PEE EGG\n|\n|t:|1701140257\n|move|p1b: Landorus|U-turn|p2a: Pee Egg\n|-resisted|p2a: Pee Egg\n|-damage|p2a: Pee Egg|2\/100\n|move|p2a: Pee Egg|Play Rough|p1b: Landorus\n|-damage|p1b: Landorus|0 fnt\n|faint|p1b: Landorus\n|\n|win|RiggedTheGame\n|c|\u2606RiggedTheGame|OH MY GOD\n|c|\u2606Frandum|NAH\n|c|\u2606RiggedTheGame|PEE EGG W\n","uploadtime":1701140281,"views":15,"p1id":"frandum","p2id":"riggedthegame","formatid":"gen9doublesou","rating":0,"private":0,"password":""}