{"id":"gen9doublesou-1990899053","p1":"heliodor","p2":"quio2","format":"[Gen 9] Doubles OU","log":"|j|\u2606heliodor\n|j|\u2606quio2\n|t:|1700012848\n|gametype|doubles\n|player|p1|heliodor|palmer|1528\n|player|p2|quio2|ninjaboy|1453\n|teamsize|p1|6\n|teamsize|p2|6\n|gen|9\n|tier|[Gen 9] Doubles OU\n|rated|\n|rule|Species Clause: Limit one of each Pok\u00e9mon\n|rule|OHKO Clause: OHKO moves are banned\n|rule|Evasion Moves Clause: Evasion moves are banned\n|rule|Gravity Sleep Clause: The combination of sleep-inducing moves with imperfect accuracy and Gravity or Gigantamax Orbeetle are banned\n|rule|Endless Battle Clause: Forcing endless battles is banned\n|rule|HP Percentage Mod: HP is shown in percentages\n|clearpoke\n|poke|p1|Iron Hands|\n|poke|p1|Tornadus, M|\n|poke|p1|Ogerpon-Wellspring, F|\n|poke|p1|Rillaboom, F|\n|poke|p1|Basculegion-F, F|\n|poke|p1|Chien-Pao|\n|poke|p2|Oranguru, F|\n|poke|p2|Ursaluna-Bloodmoon, M|\n|poke|p2|Torkoal, F|\n|poke|p2|Farigiraf, F|\n|poke|p2|Kingambit, F|\n|poke|p2|Iron Hands|\n|teampreview\n|\n|t:|1700012873\n|start\n|switch|p1a: Tornadus|Tornadus, M|100\/100\n|switch|p1b: Ogerpon|Ogerpon-Wellspring, F|100\/100\n|switch|p2a: Oranguru|Oranguru, F|100\/100\n|switch|p2b: Fred|Ursaluna-Bloodmoon, M|100\/100\n|turn|1\n|\n|t:|1700012894\n|move|p2b: Fred|Protect|p2b: Fred\n|-singleturn|p2b: Fred|Protect\n|move|p1a: Tornadus|Taunt|p2a: Oranguru\n|-start|p2a: Oranguru|move: Taunt\n|-enditem|p2a: Oranguru|Mental Herb\n|-end|p2a: Oranguru|move: Taunt\n|move|p1b: Ogerpon|Swords Dance|p1b: Ogerpon\n|-boost|p1b: Ogerpon|atk|2\n|move|p2a: Oranguru|Trick Room|p2a: Oranguru\n|-fieldstart|move: Trick Room|[of] p2a: Oranguru\n|\n|upkeep\n|turn|2\n|\n|t:|1700012920\n|move|p1a: Tornadus|Taunt|p2a: Oranguru\n|-start|p2a: Oranguru|move: Taunt\n|move|p2b: Fred|Blood Moon|p1b: Ogerpon\n|-damage|p1b: Ogerpon|0 fnt\n|faint|p1b: Ogerpon\n|move|p2a: Oranguru|Hyper Voice|p1a: Tornadus\n|-damage|p1a: Tornadus|71\/100\n|\n|upkeep\n|\n|t:|1700012950\n|switch|p1b: Rillaboom|Rillaboom, F|100\/100\n|-fieldstart|move: Grassy Terrain|[from] ability: Grassy Surge|[of] p1b: Rillaboom\n|turn|3\n|\n|t:|1700012974\n|switch|p1a: Iron Hands|Iron Hands|100\/100\n|-terastallize|p2b: Fred|Normal\n|move|p1b: Rillaboom|Grassy Glide|p2b: Fred\n|-damage|p2b: Fred|73\/100\n|move|p2b: Fred|Hyper Voice|p1a: Iron Hands|[spread] p1a,p1b\n|-damage|p1a: Iron Hands|50\/100\n|-damage|p1b: Rillaboom|39\/100\n|move|p2a: Oranguru|Hyper Voice|p1a: Iron Hands|[spread] p1a,p1b\n|-damage|p1a: Iron Hands|34\/100\n|-damage|p1b: Rillaboom|19\/100\n|\n|-heal|p2b: Fred|79\/100|[from] Grassy Terrain\n|-heal|p1a: Iron Hands|40\/100|[from] Grassy Terrain\n|-heal|p1b: Rillaboom|25\/100|[from] Grassy Terrain\n|upkeep\n|turn|4\n|\n|t:|1700012994\n|switch|p1b: Basculegion|Basculegion-F, F|100\/100\n|move|p2b: Fred|Protect|p2b: Fred\n|-singleturn|p2b: Fred|Protect\n|move|p1a: Iron Hands|Protect|p1a: Iron Hands\n|-singleturn|p1a: Iron Hands|Protect\n|move|p2a: Oranguru|Hyper Voice|p1a: Iron Hands|[spread] \n|-activate|p1a: Iron Hands|move: Protect\n|-immune|p1b: Basculegion\n|\n|-heal|p2b: Fred|85\/100|[from] Grassy Terrain\n|-heal|p1a: Iron Hands|47\/100|[from] Grassy Terrain\n|-end|p2a: Oranguru|move: Taunt\n|upkeep\n|turn|5\n|\n|t:|1700013014\n|switch|p1b: Rillaboom|Rillaboom, F|25\/100\n|move|p2b: Fred|Blood Moon|p1b: Rillaboom\n|-damage|p1b: Rillaboom|0 fnt\n|faint|p1b: Rillaboom\n|move|p2a: Oranguru|Instruct|p2b: Fred\n|-singleturn|p2b: Fred|move: Instruct|[of] p2a: Oranguru\n|move|p2b: Fred|Blood Moon|p1a: Iron Hands\n|-damage|p1a: Iron Hands|0 fnt\n|faint|p1a: Iron Hands\n|-end|p1a: Iron Hands|Quark Drive|[silent]\n|-hint|Some effects can force a Pokemon to use Blood Moon again in a row.\n|\n|-heal|p2b: Fred|91\/100|[from] Grassy Terrain\n|-fieldend|move: Trick Room\n|upkeep\n|-message|heliodor forfeited.\n|\n|win|quio2\n|raw|heliodor's rating: 1528 &rarr; <strong>1504<\/strong><br \/>(-24 for losing)\n|raw|quio2's rating: 1453 &rarr; <strong>1477<\/strong><br \/>(+24 for winning)\n|l|\u2606heliodor\n","uploadtime":1700013139,"views":8,"p1id":"heliodor","p2id":"quio2","formatid":"gen9doublesou","rating":1477,"private":0,"password":""}