{"id":"gen9doublesou-1985286112","p1":"redpkmntrainer14","p2":"ur moms simp","format":"[Gen 9] Doubles OU","log":"|j|\u2606redpkmntrainer14\n|j|\u2606ur moms simp\n|t:|1699360188\n|gametype|doubles\n|player|p1|redpkmntrainer14|guitarist|1474\n|player|p2|ur moms simp|265|1524\n|teamsize|p1|6\n|teamsize|p2|6\n|gen|9\n|tier|[Gen 9] Doubles OU\n|rated|\n|rule|Species Clause: Limit one of each Pok\u00e9mon\n|rule|OHKO Clause: OHKO moves are banned\n|rule|Evasion Moves Clause: Evasion moves are banned\n|rule|Gravity Sleep Clause: The combination of sleep-inducing moves with imperfect accuracy and Gravity or Gigantamax Orbeetle are banned\n|rule|Endless Battle Clause: Forcing endless battles is banned\n|rule|HP Percentage Mod: HP is shown in percentages\n|clearpoke\n|poke|p1|Chi-Yu|\n|poke|p1|Scizor, F|\n|poke|p1|Chien-Pao|\n|poke|p1|Sneasler, F|\n|poke|p1|Muk-Alola, M|\n|poke|p1|Dragapult, M|\n|poke|p2|Tornadus, M|\n|poke|p2|Garchomp, M|\n|poke|p2|Grimmsnarl, M|\n|poke|p2|Iron Hands|\n|poke|p2|Volcanion|\n|poke|p2|Chien-Pao|\n|teampreview\n|\n|t:|1699360194\n|start\n|switch|p1a: homixide beno|Muk-Alola, M|100\/100\n|switch|p1b: homixide meechie|Sneasler, F|100\/100\n|switch|p2a: Tanned shark|Garchomp, M, shiny|100\/100\n|switch|p2b: Grimmsnarl|Grimmsnarl, M, shiny|100\/100\n|turn|1\n|\n|t:|1699360211\n|move|p2a: Tanned shark|Protect|p2a: Tanned shark\n|-singleturn|p2a: Tanned shark|Protect\n|move|p1b: homixide meechie|Fake Out|p2a: Tanned shark\n|-activate|p2a: Tanned shark|move: Protect\n|move|p2b: Grimmsnarl|Reflect|p2b: Grimmsnarl\n|-sidestart|p2: ur moms simp|Reflect\n|move|p1a: homixide beno|Ice Punch|p2a: Tanned shark\n|-activate|p2a: Tanned shark|move: Protect\n|\n|upkeep\n|turn|2\n|\n|t:|1699360229\n|-terastallize|p2a: Tanned shark|Steel\n|move|p2b: Grimmsnarl|Light Screen|p2b: Grimmsnarl\n|-sidestart|p2: ur moms simp|move: Light Screen\n|move|p1b: homixide meechie|Brick Break|p2a: Tanned shark\n|-sideend|p2: ur moms simp|Reflect\n|-sideend|p2: ur moms simp|move: Light Screen\n|-supereffective|p2a: Tanned shark\n|-damage|p2a: Tanned shark|0 fnt\n|-damage|p1b: homixide meechie|88\/100|[from] ability: Rough Skin|[of] p2a: Tanned shark\n|faint|p2a: Tanned shark\n|-damage|p1b: homixide meechie|78\/100|[from] item: Life Orb\n|move|p1a: homixide beno|Ice Punch|p2b: Grimmsnarl\n|-damage|p2b: Grimmsnarl|72\/100\n|\n|upkeep\n|\n|t:|1699360246\n|switch|p2a: Volcanion|Volcanion|100\/100\n|turn|3\n|\n|t:|1699360254\n|move|p2b: Grimmsnarl|Reflect|p2b: Grimmsnarl\n|-sidestart|p2: ur moms simp|Reflect\n|move|p1b: homixide meechie|Dire Claw|p2a: Volcanion\n|-damage|p2a: Volcanion|70\/100\n|-status|p2a: Volcanion|slp\n|-damage|p1b: homixide meechie|68\/100|[from] item: Life Orb\n|cant|p2a: Volcanion|slp\n|move|p1a: homixide beno|Gunk Shot|p2a: Volcanion\n|-damage|p2a: Volcanion|38\/100 slp\n|\n|-heal|p2a: Volcanion|44\/100 slp|[from] item: Leftovers\n|upkeep\n|turn|4\n|\n|t:|1699360282\n|cant|p2a: Volcanion|slp\n|move|p1b: homixide meechie|Brick Break|p2a: Volcanion\n|-sideend|p2: ur moms simp|Reflect\n|-damage|p2a: Volcanion|0 fnt\n|faint|p2a: Volcanion\n|-damage|p1b: homixide meechie|58\/100|[from] item: Life Orb\n|move|p2b: Grimmsnarl|Spirit Break|p1b: homixide meechie\n|-damage|p1b: homixide meechie|6\/100\n|-unboost|p1b: homixide meechie|spa|1\n|move|p1a: homixide beno|Gunk Shot|p2b: Grimmsnarl\n|-supereffective|p2b: Grimmsnarl\n|-damage|p2b: Grimmsnarl|0 fnt\n|faint|p2b: Grimmsnarl\n|\n|upkeep\n|\n|t:|1699360301\n|switch|p2a: Tornadus|Tornadus, M|100\/100\n|switch|p2b: Dog|Chien-Pao|100\/100\n|-ability|p2b: Dog|Sword of Ruin\n|turn|5\n|\n|t:|1699360328\n|move|p2b: Dog|Ice Spinner|p1a: homixide beno\n|-damage|p1a: homixide beno|46\/100\n|move|p1b: homixide meechie|Dire Claw|p2a: Tornadus\n|-damage|p2a: Tornadus|3\/100\n|-damage|p1b: homixide meechie|0 fnt|[from] item: Life Orb\n|faint|p1b: homixide meechie\n|move|p2a: Tornadus|Bleakwind Storm|p1a: homixide beno\n|-crit|p1a: homixide beno\n|-damage|p1a: homixide beno|0 fnt\n|faint|p1a: homixide beno\n|\n|upkeep\n|\n|t:|1699360342\n|switch|p1b: ken carson|Chien-Pao|100\/100\n|switch|p1a: kingvamp|Scizor, F, shiny|100\/100\n|-ability|p1b: ken carson|Sword of Ruin\n|turn|6\n|inactive|Battle timer is ON: inactive players will automatically lose when time's up. (requested by redpkmntrainer14)\n|\n|t:|1699360372\n|switch|p2b: Iron Hands|Iron Hands|100\/100\n|-enditem|p2b: Iron Hands|Booster Energy\n|-activate|p2b: Iron Hands|ability: Quark Drive|[fromitem]\n|-start|p2b: Iron Hands|quarkdriveatk\n|move|p1a: kingvamp|Bullet Punch|p2a: Tornadus\n|-damage|p2a: Tornadus|0 fnt\n|faint|p2a: Tornadus\n|-damage|p1a: kingvamp|91\/100|[from] item: Life Orb\n|move|p1b: ken carson|Sacred Sword|p2b: Iron Hands\n|-damage|p2b: Iron Hands|73\/100\n|\n|upkeep\n|\n|t:|1699360385\n|switch|p2a: Dog|Chien-Pao|100\/100\n|-ability|p2a: Dog|Sword of Ruin\n|turn|7\n|\n|t:|1699360392\n|move|p1b: ken carson|Protect|p1b: ken carson\n|-singleturn|p1b: ken carson|Protect\n|move|p2b: Iron Hands|Fake Out|p1b: ken carson\n|-activate|p1b: ken carson|move: Protect\n|move|p1a: kingvamp|Bullet Punch|p2a: Dog\n|-supereffective|p2a: Dog\n|-crit|p2a: Dog\n|-enditem|p2a: Dog|Focus Sash\n|-damage|p2a: Dog|1\/100\n|-damage|p1a: kingvamp|81\/100|[from] item: Life Orb\n|move|p2a: Dog|Sacred Sword|p1b: ken carson\n|-activate|p1b: ken carson|move: Protect\n|\n|upkeep\n|turn|8\n|j| Stan313\n|\n|t:|1699360412\n|-terastallize|p1a: kingvamp|Ground\n|move|p2a: Dog|Sucker Punch|p1a: kingvamp\n|-damage|p1a: kingvamp|34\/100\n|move|p1b: ken carson|Ice Spinner|p2a: Dog\n|-resisted|p2a: Dog\n|-damage|p2a: Dog|0 fnt\n|faint|p2a: Dog\n|move|p1a: kingvamp|Tera Blast|p2b: Iron Hands|[anim] Tera Blast Ground\n|-supereffective|p2b: Iron Hands\n|-damage|p2b: Iron Hands|0 fnt\n|faint|p2b: Iron Hands\n|-end|p2b: Iron Hands|Quark Drive|[silent]\n|-damage|p1a: kingvamp|24\/100|[from] item: Life Orb\n|\n|win|redpkmntrainer14\n|raw|redpkmntrainer14's rating: 1474 &rarr; <strong>1497<\/strong><br \/>(+23 for winning)\n|raw|ur moms simp's rating: 1524 &rarr; <strong>1501<\/strong><br \/>(-23 for losing)\n|l|\u2606redpkmntrainer14\n|l|\u2606ur moms simp\n","uploadtime":1699360433,"views":8,"p1id":"redpkmntrainer14","p2id":"urmomssimp","formatid":"gen9doublesou","rating":1497,"private":0,"password":""}