{"id":"gen9doublesou-1980808439","p1":"shadowccat222","p2":"RocketsViability","format":"[Gen 9] Doubles OU","log":"|j|\u2606shadowccat222\n|j|\u2606RocketsViability\n|t:|1698836617\n|gametype|doubles\n|player|p1|shadowccat222|101|1082\n|player|p2|RocketsViability|1|1184\n|teamsize|p1|6\n|teamsize|p2|6\n|gen|9\n|tier|[Gen 9] Doubles OU\n|rated|\n|rule|Species Clause: Limit one of each Pok\u00e9mon\n|rule|OHKO Clause: OHKO moves are banned\n|rule|Evasion Moves Clause: Evasion moves are banned\n|rule|Gravity Sleep Clause: The combination of sleep-inducing moves with imperfect accuracy and Gravity or Gigantamax Orbeetle are banned\n|rule|Endless Battle Clause: Forcing endless battles is banned\n|rule|HP Percentage Mod: HP is shown in percentages\n|clearpoke\n|poke|p1|Farigiraf, F|\n|poke|p1|Hariyama, F|\n|poke|p1|Torkoal, M|\n|poke|p1|Kingambit, M|\n|poke|p1|Meowscarada, M|\n|poke|p1|Dragonite, M|\n|poke|p2|Ninetales-Alola, M|\n|poke|p2|Trevenant, M|\n|poke|p2|Goodra-Hisui, M|\n|poke|p2|Sandslash-Alola, F|\n|poke|p2|Torterra, F|\n|poke|p2|Empoleon, M|\n|teampreview\n|\n|t:|1698836628\n|start\n|switch|p1a: Farigiraf|Farigiraf, F|100\/100\n|switch|p1b: Hariyama|Hariyama, F|100\/100\n|switch|p2a: Torterra|Torterra, F|100\/100\n|switch|p2b: Trevenant|Trevenant, M|100\/100\n|turn|1\n|c|\u2606shadowccat222|gl hf\n|c|\u2606RocketsViability|u 2\n|\n|t:|1698836646\n|move|p1b: Hariyama|Wide Guard|p1b: Hariyama\n|-singleturn|p1b: Hariyama|Wide Guard\n|move|p2a: Torterra|Crunch|p1a: Farigiraf\n|-supereffective|p1a: Farigiraf\n|-damage|p1a: Farigiraf|47\/100\n|move|p2b: Trevenant|Toxic|p1a: Farigiraf\n|-status|p1a: Farigiraf|tox\n|move|p1a: Farigiraf|Trick Room|p1a: Farigiraf\n|-fieldstart|move: Trick Room|[of] p1a: Farigiraf\n|\n|-damage|p1a: Farigiraf|41\/100 tox|[from] psn\n|-status|p1b: Hariyama|brn|[from] item: Flame Orb\n|upkeep\n|turn|2\n|\n|t:|1698836682\n|switch|p2a: Goodra|Goodra-Hisui, M|100\/100\n|move|p1a: Farigiraf|Protect|p1a: Farigiraf\n|-singleturn|p1a: Farigiraf|Protect\n|move|p1b: Hariyama|Close Combat|p2b: Trevenant\n|-immune|p2b: Trevenant\n|move|p2b: Trevenant|Disable|p1b: Hariyama\n|-start|p1b: Hariyama|Disable|Close Combat\n|\n|-damage|p1a: Farigiraf|29\/100 tox|[from] psn\n|-damage|p1b: Hariyama|94\/100 brn|[from] brn\n|upkeep\n|turn|3\n|\n|t:|1698836706\n|move|p2b: Trevenant|Ally Switch|p2b: Trevenant\n|swap|p2b: Trevenant|0|[from] move: Ally Switch\n|move|p1b: Hariyama|Knock Off|p2b: Goodra\n|-damage|p2b: Goodra|55\/100\n|-damage|p1b: Hariyama|78\/100 brn|[from] item: Rocky Helmet|[of] p2b: Goodra\n|-enditem|p2b: Goodra|Rocky Helmet|[from] move: Knock Off|[of] p1b: Hariyama\n|move|p2b: Goodra|Blizzard|p1a: Farigiraf|[spread] p1b\n|-miss|p2b: Goodra|p1a: Farigiraf\n|-damage|p1b: Hariyama|47\/100 brn\n|move|p1a: Farigiraf|Hyper Voice|p2b: Goodra|[spread] p2b\n|-immune|p2a: Trevenant\n|-resisted|p2b: Goodra\n|-damage|p2b: Goodra|47\/100\n|-enditem|p1a: Farigiraf|Throat Spray\n|-boost|p1a: Farigiraf|spa|1|[from] item: Throat Spray\n|\n|-damage|p1a: Farigiraf|10\/100 tox|[from] psn\n|-damage|p1b: Hariyama|41\/100 brn|[from] brn\n|upkeep\n|turn|4\n|\n|t:|1698836746\n|switch|p2a: Ninetales|Ninetales-Alola, M|100\/100\n|-weather|Snow|[from] ability: Snow Warning|[of] p2a: Ninetales\n|move|p2b: Goodra|Protect|p2b: Goodra\n|-singleturn|p2b: Goodra|Protect\n|move|p1b: Hariyama|Knock Off|p2b: Goodra\n|-activate|p2b: Goodra|move: Protect\n|move|p1a: Farigiraf|Shadow Ball|p2a: Ninetales\n|-damage|p2a: Ninetales|65\/100\n|\n|-weather|Snow|[upkeep]\n|-damage|p1a: Farigiraf|0 fnt|[from] psn\n|faint|p1a: Farigiraf\n|-damage|p1b: Hariyama|35\/100 brn|[from] brn\n|upkeep\n|\n|t:|1698836761\n|switch|p1a: Torkoal|Torkoal, M|100\/100\n|-weather|SunnyDay|[from] ability: Drought|[of] p1a: Torkoal\n|turn|5\n|\n|t:|1698836777\n|switch|p2b: Empoleon|Empoleon, M|100\/100\n|switch|p2a: Sandslash|Sandslash-Alola, F|100\/100\n|-terastallize|p1a: Torkoal|Fire\n|move|p1b: Hariyama|Wide Guard|p1b: Hariyama\n|-singleturn|p1b: Hariyama|Wide Guard\n|move|p1a: Torkoal|Eruption|p2a: Sandslash|[spread] p2a,p2b\n|-supereffective|p2a: Sandslash\n|-damage|p2a: Sandslash|0 fnt\n|-damage|p2b: Empoleon|0 fnt\n|faint|p2a: Sandslash\n|faint|p2b: Empoleon\n|\n|-weather|SunnyDay|[upkeep]\n|-damage|p1b: Hariyama|29\/100 brn|[from] brn\n|-fieldend|move: Trick Room\n|upkeep\n|\n|t:|1698836798\n|switch|p2a: Ninetales|Ninetales-Alola, M|65\/100\n|switch|p2b: Trevenant|Trevenant, M|100\/100\n|-weather|Snow|[from] ability: Snow Warning|[of] p2a: Ninetales\n|turn|6\n|\n|t:|1698836816\n|move|p1b: Hariyama|Wide Guard|p1b: Hariyama\n|-singleturn|p1b: Hariyama|Wide Guard\n|move|p2a: Ninetales|Aurora Veil|p2a: Ninetales\n|-sidestart|p2: RocketsViability|move: Aurora Veil\n|move|p2b: Trevenant|Disable|p1a: Torkoal\n|-start|p1a: Torkoal|Disable|Eruption\n|cant|p1a: Torkoal|Disable|Eruption\n|\n|-weather|Snow|[upkeep]\n|-damage|p1b: Hariyama|23\/100 brn|[from] brn\n|-end|p1b: Hariyama|Disable\n|upkeep\n|turn|7\n|\n|t:|1698836834\n|move|p2a: Ninetales|Blizzard|p1a: Torkoal|[spread] p1a,p1b\n|-resisted|p1a: Torkoal\n|-damage|p1a: Torkoal|80\/100\n|-damage|p1b: Hariyama|0 fnt\n|faint|p1b: Hariyama\n|move|p2b: Trevenant|Toxic|p1a: Torkoal\n|-status|p1a: Torkoal|tox\n|-activate|p1a: Torkoal|move: Struggle\n|move|p1a: Torkoal|Struggle|p2a: Ninetales\n|-damage|p2a: Ninetales|58\/100\n|-damage|p1a: Torkoal|55\/100 tox|[from] recoil\n|\n|-weather|Snow|[upkeep]\n|-damage|p1a: Torkoal|49\/100 tox|[from] psn\n|upkeep\n|\n|t:|1698836848\n|switch|p1b: Kingambit|Kingambit, M|100\/100\n|turn|8\n|c|\u2606RocketsViability|wat\n|-message|shadowccat222 forfeited.\n|\n|win|RocketsViability\n|raw|shadowccat222's rating: 1082 &rarr; <strong>1066<\/strong><br \/>(-16 for losing)\n|raw|RocketsViability's rating: 1184 &rarr; <strong>1202<\/strong><br \/>(+18 for winning)\n|l|\u2606shadowccat222\n","uploadtime":1698836856,"views":17,"p1id":"shadowccat222","p2id":"rocketsviability","formatid":"gen9doublesou","rating":1066,"private":0,"password":""}