{"id":"gen9doublesou-1973647131","p1":"Tulio&Miguel","p2":"Rexluser","format":"[Gen 9] Doubles OU","log":"|j|\u2606Tulio&Miguel\n|j|\u2606Rexluser\n|t:|1697999502\n|gametype|doubles\n|player|p1|Tulio&Miguel|mars|1412\n|player|p2|Rexluser|266|1352\n|teamsize|p1|6\n|teamsize|p2|6\n|gen|9\n|tier|[Gen 9] Doubles OU\n|rated|\n|rule|Species Clause: Limit one of each Pok\u00e9mon\n|rule|OHKO Clause: OHKO moves are banned\n|rule|Evasion Moves Clause: Evasion moves are banned\n|rule|Gravity Sleep Clause: The combination of sleep-inducing moves with imperfect accuracy and Gravity or Gigantamax Orbeetle are banned\n|rule|Endless Battle Clause: Forcing endless battles is banned\n|rule|HP Percentage Mod: HP is shown in percentages\n|clearpoke\n|poke|p1|Indeedee-F, F|\n|poke|p1|Armarouge, F|\n|poke|p1|Torkoal, M|\n|poke|p1|Cresselia, F|\n|poke|p1|Hatterene, F|\n|poke|p1|Conkeldurr, F|\n|poke|p2|Chien-Pao|\n|poke|p2|Basculegion-F, F|\n|poke|p2|Goodra-Hisui, M|\n|poke|p2|Iron Hands|\n|poke|p2|Ogerpon-Hearthflame, F|\n|poke|p2|Tornadus, M|\n|teampreview\n|inactive|Battle timer is ON: inactive players will automatically lose when time's up. (requested by Tulio&Miguel)\n|\n|t:|1697999511\n|start\n|switch|p1a: Trans Rights|Indeedee-F, F, shiny|100\/100\n|switch|p1b: Gay Rights|Armarouge, F|100\/100\n|switch|p2a: Iron Hands|Iron Hands|100\/100\n|switch|p2b: Chien-Pao|Chien-Pao|100\/100\n|-ability|p2b: Chien-Pao|Sword of Ruin\n|-fieldstart|move: Psychic Terrain|[from] ability: Psychic Surge|[of] p1a: Trans Rights\n|turn|1\n|\n|t:|1697999535\n|move|p1a: Trans Rights|Follow Me|p1a: Trans Rights\n|-singleturn|p1a: Trans Rights|move: Follow Me\n|move|p2b: Chien-Pao|Lash Out|p1a: Trans Rights\n|-supereffective|p1a: Trans Rights\n|-damage|p1a: Trans Rights|0 fnt\n|faint|p1a: Trans Rights\n|move|p2a: Iron Hands|Wild Charge|p1b: Gay Rights\n|-damage|p1b: Gay Rights|44\/100\n|-damage|p2a: Iron Hands|89\/100|[from] Recoil\n|move|p1b: Gay Rights|Armor Cannon|p2b: Chien-Pao\n|-supereffective|p2b: Chien-Pao\n|-crit|p2b: Chien-Pao\n|-damage|p2b: Chien-Pao|0 fnt\n|-unboost|p1b: Gay Rights|def|1\n|-unboost|p1b: Gay Rights|spd|1\n|faint|p2b: Chien-Pao\n|-damage|p1b: Gay Rights|34\/100|[from] item: Life Orb\n|\n|upkeep\n|\n|t:|1697999555\n|switch|p2b: Goodra|Goodra-Hisui, M|100\/100\n|switch|p1a: Bi Rights|Torkoal, M|100\/100\n|-weather|SunnyDay|[from] ability: Drought|[of] p1a: Bi Rights\n|turn|2\n|\n|t:|1697999567\n|-terastallize|p1b: Gay Rights|Grass\n|move|p1a: Bi Rights|Protect|p1a: Bi Rights\n|-singleturn|p1a: Bi Rights|Protect\n|move|p2b: Goodra|Dragon Pulse|p1a: Bi Rights\n|-activate|p1a: Bi Rights|move: Protect\n|move|p2a: Iron Hands|Wild Charge|p1b: Gay Rights\n|-resisted|p1b: Gay Rights\n|-damage|p1b: Gay Rights|5\/100\n|-damage|p2a: Iron Hands|84\/100|[from] Recoil\n|move|p1b: Gay Rights|Trick Room|p1b: Gay Rights\n|-fieldstart|move: Trick Room|[of] p1b: Gay Rights\n|\n|-weather|SunnyDay|[upkeep]\n|upkeep\n|turn|3\n|\n|t:|1697999588\n|move|p1a: Bi Rights|Eruption|p2a: Iron Hands|[spread] p2a,p2b\n|-damage|p2a: Iron Hands|35\/100\n|-damage|p2b: Goodra|51\/100\n|move|p1b: Gay Rights|Expanding Force|p2a: Iron Hands|[spread] p2a,p2b\n|-supereffective|p2a: Iron Hands\n|-resisted|p2b: Goodra\n|-damage|p2a: Iron Hands|0 fnt\n|-damage|p2b: Goodra|27\/100\n|faint|p2a: Iron Hands\n|-end|p2a: Iron Hands|Quark Drive|[silent]\n|-damage|p1b: Gay Rights|0 fnt|[from] item: Life Orb\n|faint|p1b: Gay Rights\n|move|p2b: Goodra|Dragon Pulse|p1a: Bi Rights\n|-damage|p1a: Bi Rights|58\/100\n|\n|-weather|SunnyDay|[upkeep]\n|-heal|p2b: Goodra|33\/100|[from] item: Leftovers\n|upkeep\n|\n|t:|1697999603\n|switch|p1b: Asexual Rights|Conkeldurr, F|100\/100\n|switch|p2a: Ogerpon|Ogerpon-Hearthflame, F|100\/100\n|-ability|p2a: Ogerpon|Mold Breaker\n|turn|4\n|\n|t:|1697999617\n|-terastallize|p2a: Ogerpon|Fire\n|detailschange|p2a: Ogerpon|Ogerpon-Hearthflame-Tera, F, tera:Fire\n|-ability|p2a: Ogerpon|Embody Aspect (Hearthflame)|boost\n|-boost|p2a: Ogerpon|atk|1\n|move|p1a: Bi Rights|Heat Wave|p2b: Goodra|[spread] p2a,p2b\n|-resisted|p2a: Ogerpon\n|-damage|p2a: Ogerpon|71\/100\n|-damage|p2b: Goodra|1\/100\n|move|p1b: Asexual Rights|Close Combat|p2b: Goodra\n|-supereffective|p2b: Goodra\n|-damage|p2b: Goodra|0 fnt\n|-unboost|p1b: Asexual Rights|def|1\n|-unboost|p1b: Asexual Rights|spd|1\n|faint|p2b: Goodra\n|move|p2a: Ogerpon|Ivy Cudgel|p1b: Asexual Rights\n|-damage|p1b: Asexual Rights|0 fnt\n|faint|p1b: Asexual Rights\n|\n|-weather|SunnyDay|[upkeep]\n|upkeep\n|\n|t:|1697999635\n|switch|p1b: Joelyne|Hatterene, F|100\/100\n|switch|p2b: Tornadus|Tornadus, M|100\/100\n|turn|5\n|\n|t:|1697999647\n|move|p2b: Tornadus|Protect|p2b: Tornadus\n|-singleturn|p2b: Tornadus|Protect\n|move|p1b: Joelyne|Protect|p1b: Joelyne\n|-singleturn|p1b: Joelyne|Protect\n|move|p1a: Bi Rights|Earth Power|p2a: Ogerpon\n|-supereffective|p2a: Ogerpon\n|-damage|p2a: Ogerpon|17\/100\n|-unboost|p2a: Ogerpon|spd|1\n|move|p2a: Ogerpon|Ivy Cudgel|p1b: Joelyne\n|-activate|p1b: Joelyne|move: Protect\n|\n|-weather|SunnyDay|[upkeep]\n|-fieldend|move: Psychic Terrain\n|upkeep\n|turn|6\n|\n|t:|1697999663\n|move|p2a: Ogerpon|Spiky Shield|p2a: Ogerpon\n|-singleturn|p2a: Ogerpon|move: Protect\n|move|p2b: Tornadus|Tailwind|p2b: Tornadus\n|-sidestart|p2: Rexluser|move: Tailwind\n|move|p1a: Bi Rights|Earth Power|p2a: Ogerpon\n|-activate|p2a: Ogerpon|move: Protect\n|move|p1b: Joelyne|Dazzling Gleam|p2a: Ogerpon|[spread] p2b\n|-activate|p2a: Ogerpon|move: Protect\n|-damage|p2b: Tornadus|40\/100\n|-damage|p1b: Joelyne|91\/100|[from] item: Life Orb\n|\n|-weather|none\n|-fieldend|move: Trick Room\n|upkeep\n|turn|7\n|\n|t:|1697999680\n|move|p1a: Bi Rights|Protect|p1a: Bi Rights\n|-singleturn|p1a: Bi Rights|Protect\n|move|p2b: Tornadus|Bleakwind Storm|p1a: Bi Rights|[spread] p1b\n|-activate|p1a: Bi Rights|move: Protect\n|-damage|p1b: Joelyne|49\/100\n|-unboost|p1b: Joelyne|spe|1\n|move|p2a: Ogerpon|Ivy Cudgel|p1b: Joelyne\n|-damage|p1b: Joelyne|0 fnt\n|faint|p1b: Joelyne\n|\n|upkeep\n|\n|t:|1697999689\n|switch|p1b: Lesbian Rights|Cresselia, F|100\/100\n|turn|8\n|\n|t:|1697999695\n|move|p2b: Tornadus|Chilling Water|p1a: Bi Rights\n|-supereffective|p1a: Bi Rights\n|-damage|p1a: Bi Rights|12\/100\n|-unboost|p1a: Bi Rights|atk|1\n|move|p2a: Ogerpon|Ivy Cudgel|p1b: Lesbian Rights\n|-damage|p1b: Lesbian Rights|25\/100\n|move|p1a: Bi Rights|Earth Power|p2a: Ogerpon\n|-supereffective|p2a: Ogerpon\n|-crit|p2a: Ogerpon\n|-damage|p2a: Ogerpon|0 fnt\n|faint|p2a: Ogerpon\n|move|p1b: Lesbian Rights|Trick Room|p1b: Lesbian Rights\n|-fieldstart|move: Trick Room|[of] p1b: Lesbian Rights\n|\n|upkeep\n|\n|t:|1697999705\n|switch|p2a: Basculegion|Basculegion-F, F|100\/100\n|-ability|p2a: Basculegion|Mold Breaker\n|turn|9\n|\n|t:|1697999713\n|move|p2a: Basculegion|Aqua Jet|p1a: Bi Rights\n|-supereffective|p1a: Bi Rights\n|-damage|p1a: Bi Rights|0 fnt\n|faint|p1a: Bi Rights\n|move|p1b: Lesbian Rights|Lunar Blessing|p1b: Lesbian Rights\n|-heal|p1b: Lesbian Rights|50\/100\n|move|p2b: Tornadus|Bleakwind Storm|p1b: Lesbian Rights\n|-damage|p1b: Lesbian Rights|25\/100\n|-unboost|p1b: Lesbian Rights|spe|1\n|\n|-sideend|p2: Rexluser|move: Tailwind\n|upkeep\n|turn|10\n|-message|Tulio&Miguel forfeited.\n|\n|win|Rexluser\n|raw|Tulio&amp;Miguel's rating: 1412 &rarr; <strong>1389<\/strong><br \/>(-23 for losing)\n|raw|Rexluser's rating: 1352 &rarr; <strong>1375<\/strong><br \/>(+23 for winning)\n|l|\u2606Tulio&Miguel\n","uploadtime":1697999727,"views":13,"p1id":"tuliomiguel","p2id":"rexluser","formatid":"gen9doublesou","rating":1375,"private":0,"password":""}