{"id":"gen9doublesou-1993582415","p1":"iamsmothee","p2":"Balkanized","format":"[Gen 9] Doubles OU","log":"|j|\u2606iamsmothee\n|j|\u2606Balkanized\n|t:|1700334210\n|gametype|doubles\n|player|p1|iamsmothee|burglar|1000\n|player|p2|Balkanized|skier|1055\n|teamsize|p1|6\n|teamsize|p2|6\n|gen|9\n|tier|[Gen 9] Doubles OU\n|rated|\n|rule|Species Clause: Limit one of each Pok\u00e9mon\n|rule|OHKO Clause: OHKO moves are banned\n|rule|Evasion Moves Clause: Evasion moves are banned\n|rule|Gravity Sleep Clause: The combination of sleep-inducing moves with imperfect accuracy and Gravity or Gigantamax Orbeetle are banned\n|rule|Endless Battle Clause: Forcing endless battles is banned\n|rule|HP Percentage Mod: HP is shown in percentages\n|clearpoke\n|poke|p1|Armarouge, M|\n|poke|p1|Indeedee-F, F|\n|poke|p1|Dachsbun, F|\n|poke|p1|Baxcalibur, M|\n|poke|p1|Clefairy, M|\n|poke|p1|Sinistcha|\n|poke|p2|Cetitan, M|\n|poke|p2|Frosmoth, F|\n|poke|p2|Chansey, F|\n|poke|p2|Iron Bundle|\n|poke|p2|Cryogonal|\n|poke|p2|Ninetales-Alola, F|\n|teampreview\n|c|\u2606Balkanized|trying something out\n|c|\u2606Balkanized|glhf\n|\n|t:|1700334228\n|start\n|switch|p1a: Indeedee|Indeedee-F, F|100\/100\n|switch|p1b: Clefairy|Clefairy, M|100\/100\n|switch|p2a: Iron Bundle|Iron Bundle|100\/100\n|switch|p2b: Ninetales|Ninetales-Alola, F|100\/100\n|-weather|Snow|[from] ability: Snow Warning|[of] p2b: Ninetales\n|-fieldstart|move: Psychic Terrain|[from] ability: Psychic Surge|[of] p1a: Indeedee\n|-enditem|p1a: Indeedee|Psychic Seed\n|-boost|p1a: Indeedee|spd|1|[from] item: Psychic Seed\n|turn|1\n|c|\u2606iamsmothee|glhf\n|\n|t:|1700334256\n|switch|p2b: Chansey|Chansey, F|100\/100\n|move|p1b: Clefairy|Follow Me|p1b: Clefairy\n|-singleturn|p1b: Clefairy|move: Follow Me\n|move|p2a: Iron Bundle|Aurora Veil|p2a: Iron Bundle\n|-sidestart|p2: Balkanized|move: Aurora Veil\n|move|p1a: Indeedee|Trick Room|p1a: Indeedee\n|-fieldstart|move: Trick Room|[of] p1a: Indeedee\n|\n|-weather|Snow|[upkeep]\n|upkeep\n|turn|2\n|c|\u2606Balkanized|oooo\n|c|\u2606Balkanized|fun\n|\n|t:|1700334281\n|switch|p1b: Armarouge|Armarouge, M|100\/100\n|switch|p2b: Cryogonal|Cryogonal|100\/100\n|switch|p1a: Dachsbun|Dachsbun, F|100\/100\n|move|p2a: Iron Bundle|Flip Turn|p1a: Dachsbun\n|-damage|p1a: Dachsbun|87\/100\n|\n|t:|1700334293\n|-end|p2a: Iron Bundle|Quark Drive|[silent]\n|switch|p2a: Chansey|Chansey, F|100\/100|[from] Flip Turn\n|\n|-weather|Snow|[upkeep]\n|-heal|p1a: Dachsbun|93\/100|[from] item: Leftovers\n|upkeep\n|turn|3\n|\n|t:|1700334312\n|-terastallize|p2b: Cryogonal|Fire\n|move|p2a: Chansey|Skill Swap|p2b: Cryogonal\n|-activate|p2a: Chansey|move: Skill Swap|||[of] p2b: Cryogonal\n|move|p1b: Armarouge|Lava Plume|p2b: Cryogonal|[spread] p2a,p2b\n|-ability|p1a: Dachsbun|Well-Baked Body|boost\n|-boost|p1a: Dachsbun|def|2\n|-resisted|p2b: Cryogonal\n|-damage|p2a: Chansey|91\/100\n|-damage|p2b: Cryogonal|94\/100\n|-status|p2a: Chansey|brn\n|-damage|p1b: Armarouge|91\/100|[from] item: Life Orb\n|move|p1a: Dachsbun|Body Press|p2b: Cryogonal\n|-damage|p2b: Cryogonal|35\/100\n|move|p2b: Cryogonal|Blizzard|p1a: Dachsbun|[spread] p1a,p1b\n|-resisted|p1b: Armarouge\n|-damage|p1a: Dachsbun|56\/100\n|-damage|p1b: Armarouge|75\/100\n|-status|p1b: Armarouge|frz\n|\n|-weather|Snow|[upkeep]\n|-heal|p1a: Dachsbun|62\/100|[from] item: Leftovers\n|-damage|p2a: Chansey|85\/100 brn|[from] brn\n|upkeep\n|turn|4\n|c|\u2606Balkanized|watch this\n|c|\u2606Balkanized|ow-\n|c|\u2606iamsmothee|:3\n|c|\u2606Balkanized|well that wasn't very nice lmao\n|\n|t:|1700334348\n|switch|p1b: Clefairy|Clefairy, M|100\/100\n|move|p2a: Chansey|Heal Bell|p2a: Chansey\n|-activate|p2a: Chansey|move: Heal Bell\n|-curestatus|p2a: Chansey|brn|[msg]\n|move|p1a: Dachsbun|Body Press|p2b: Cryogonal\n|-damage|p2b: Cryogonal|0 fnt\n|faint|p2b: Cryogonal\n|\n|-weather|Snow|[upkeep]\n|-heal|p1a: Dachsbun|68\/100|[from] item: Leftovers\n|upkeep\n|\n|t:|1700334369\n|switch|p2b: Frosmoth|Frosmoth, F|100\/100\n|turn|5\n|c|\u2606iamsmothee|i am trying doubles for the first time\n|c|\u2606Balkanized|gotcha lol\n|c|\u2606Balkanized|I'm just tryna figure out a team where I can give cryogonal serene grace\n|c|\u2606iamsmothee|oh lmao\n|c|\u2606Balkanized|because I think it's diabolical\n|\n|t:|1700334413\n|move|p1b: Clefairy|Follow Me|p1b: Clefairy\n|-singleturn|p1b: Clefairy|move: Follow Me\n|move|p2a: Chansey|Heal Bell||[still]\n|-activate|p2a: Chansey|move: Heal Bell\n|-fail|p2a: Chansey\n|move|p2b: Frosmoth|Quiver Dance|p2b: Frosmoth\n|-boost|p2b: Frosmoth|spa|1\n|-boost|p2b: Frosmoth|spd|1\n|-boost|p2b: Frosmoth|spe|1\n|move|p1a: Dachsbun|Body Press|p2b: Frosmoth\n|-damage|p2b: Frosmoth|63\/100\n|\n|-weather|Snow|[upkeep]\n|-heal|p1a: Dachsbun|74\/100|[from] item: Leftovers\n|-fieldend|move: Trick Room\n|-fieldend|move: Psychic Terrain\n|upkeep\n|turn|6\n|\n|t:|1700334479\n|switch|p1b: Sinistcha|Sinistcha|100\/100\n|-heal|p1a: Dachsbun|99\/100|[from] ability: Hospitality|[of] p1b: Sinistcha\n|move|p2b: Frosmoth|Blizzard|p1b: Sinistcha|[spread] p1a,p1b\n|-supereffective|p1b: Sinistcha\n|-damage|p1a: Dachsbun|34\/100\n|-damage|p1b: Sinistcha|0 fnt\n|faint|p1b: Sinistcha\n|move|p1a: Dachsbun|Body Press|p2a: Chansey\n|-supereffective|p2a: Chansey\n|-crit|p2a: Chansey\n|-damage|p2a: Chansey|0 fnt\n|faint|p2a: Chansey\n|\n|-weather|Snow|[upkeep]\n|-heal|p1a: Dachsbun|40\/100|[from] item: Leftovers\n|upkeep\n|c|\u2606Balkanized|I think that crit probably mattered\n|c|\u2606iamsmothee|Yea it probably did\n|\n|t:|1700334525\n|switch|p1b: Armarouge|Armarouge, M|75\/100 frz\n|switch|p2a: Cetitan|Cetitan, M|100\/100\n|turn|7\n|\n|t:|1700334545\n|move|p2a: Cetitan|Heavy Slam|p1a: Dachsbun\n|-supereffective|p1a: Dachsbun\n|-damage|p1a: Dachsbun|12\/100\n|move|p2b: Frosmoth|Tera Blast|p1b: Armarouge\n|-damage|p1b: Armarouge|38\/100 frz\n|move|p1a: Dachsbun|Wish|p1a: Dachsbun\n|-curestatus|p1b: Armarouge|frz|[msg]\n|move|p1b: Armarouge|Lava Plume|p2a: Cetitan|[spread] p2a,p2b\n|-ability|p1a: Dachsbun|Well-Baked Body|boost\n|-boost|p1a: Dachsbun|def|2\n|-supereffective|p2a: Cetitan\n|-supereffective|p2b: Frosmoth\n|-damage|p2a: Cetitan|46\/100\n|-damage|p2b: Frosmoth|26\/100\n|-status|p2b: Frosmoth|brn\n|-enditem|p2a: Cetitan|Sitrus Berry|[eat]\n|-heal|p2a: Cetitan|71\/100|[from] item: Sitrus Berry\n|-damage|p1b: Armarouge|28\/100|[from] item: Life Orb\n|\n|-weather|Snow|[upkeep]\n|-heal|p1a: Dachsbun|18\/100|[from] item: Leftovers\n|-damage|p2b: Frosmoth|20\/100 brn|[from] brn\n|upkeep\n|turn|8\n|c|\u2606Balkanized|that moth is one tanky fucker isn't he\n|c|\u2606Balkanized|dachsbun(\n|c|\u2606Balkanized|*\n|c|\u2606iamsmothee|fr\n|\n|t:|1700334578\n|move|p1a: Dachsbun|Protect|p1a: Dachsbun\n|-singleturn|p1a: Dachsbun|Protect\n|move|p2a: Cetitan|Belly Drum|p2a: Cetitan\n|-damage|p2a: Cetitan|21\/100\n|-setboost|p2a: Cetitan|atk|6|[from] move: Belly Drum\n|move|p2b: Frosmoth|Blizzard|p1a: Dachsbun|[spread] p1b\n|-activate|p1a: Dachsbun|move: Protect\n|-resisted|p1b: Armarouge\n|-damage|p1b: Armarouge|0 fnt\n|faint|p1b: Armarouge\n|\n|-weather|none\n|-heal|p1a: Dachsbun|67\/100|[from] move: Wish|[wisher] Dachsbun\n|-heal|p1a: Dachsbun|73\/100|[from] item: Leftovers\n|-damage|p2b: Frosmoth|14\/100 brn|[from] brn\n|-sideend|p2: Balkanized|move: Aurora Veil\n|upkeep\n|\n|t:|1700334589\n|switch|p1b: Clefairy|Clefairy, M|100\/100\n|turn|9\n|\n|t:|1700334602\n|move|p2b: Frosmoth|Blizzard|p1a: Dachsbun|[spread] p1a,p1b\n|-damage|p1a: Dachsbun|16\/100\n|-damage|p1b: Clefairy|57\/100\n|-status|p1b: Clefairy|frz\n|move|p1a: Dachsbun|Body Press|p2a: Cetitan\n|-supereffective|p2a: Cetitan\n|-damage|p2a: Cetitan|0 fnt\n|faint|p2a: Cetitan\n|cant|p1b: Clefairy|frz\n|\n|-heal|p1a: Dachsbun|22\/100|[from] item: Leftovers\n|-damage|p2b: Frosmoth|8\/100 brn|[from] brn\n|upkeep\n|\n|t:|1700334616\n|switch|p2a: Ninetales|Ninetales-Alola, F|100\/100\n|-weather|Snow|[from] ability: Snow Warning|[of] p2a: Ninetales\n|turn|10\n|c|\u2606iamsmothee|all of my pokemon are cold\n|c|\u2606Balkanized|if you can't tell\n|c|\u2606Balkanized|this team is blizzard hell\n|\n|t:|1700334637\n|move|p1a: Dachsbun|Protect|p1a: Dachsbun\n|-singleturn|p1a: Dachsbun|Protect\n|move|p2a: Ninetales|Blizzard|p1b: Clefairy|[spread] p1b\n|-activate|p1a: Dachsbun|move: Protect\n|-damage|p1b: Clefairy|40\/100 frz\n|move|p2b: Frosmoth|Blizzard|p1b: Clefairy|[spread] p1b\n|-activate|p1a: Dachsbun|move: Protect\n|-damage|p1b: Clefairy|2\/100 frz\n|-curestatus|p1b: Clefairy|frz|[msg]\n|move|p1b: Clefairy|Heal Pulse|p1a: Dachsbun\n|-activate|p1a: Dachsbun|move: Protect\n|\n|-weather|Snow|[upkeep]\n|-heal|p1a: Dachsbun|28\/100|[from] item: Leftovers\n|-damage|p2b: Frosmoth|2\/100 brn|[from] brn\n|upkeep\n|turn|11\n|c|\u2606iamsmothee|:(\n|c|\u2606Balkanized|your pokemons need some warm clothing\n|c|\u2606iamsmothee|didn't know protect protects it from heal pluse lmao\n|c|\u2606Balkanized|and a hot cocoa\n|c|\u2606Balkanized|yeah I tried that a while back\n|c|\u2606Balkanized|it was very disheartening\n|\n|t:|1700334683\n|move|p2a: Ninetales|Blizzard|p1a: Dachsbun|[spread] p1a,p1b\n|-damage|p1a: Dachsbun|5\/100\n|-damage|p1b: Clefairy|0 fnt\n|faint|p1b: Clefairy\n|move|p2b: Frosmoth|Blizzard|p1a: Dachsbun\n|-damage|p1a: Dachsbun|0 fnt\n|faint|p1a: Dachsbun\n|\n|-weather|Snow|[upkeep]\n|-damage|p2b: Frosmoth|0 fnt|[from] brn\n|faint|p2b: Frosmoth\n|upkeep\n|\n|t:|1700334693\n|switch|p1a: Indeedee|Indeedee-F, F|100\/100\n|switch|p2b: Iron Bundle|Iron Bundle|100\/100\n|switch|p1b: Baxcalibur|Baxcalibur, M|100\/100\n|-fieldstart|move: Psychic Terrain|[from] ability: Psychic Surge|[of] p1a: Indeedee\n|turn|12\n|\n|t:|1700334724\n|move|p2b: Iron Bundle|Aurora Veil|p2b: Iron Bundle\n|-sidestart|p2: Balkanized|move: Aurora Veil\n|move|p2a: Ninetales|Nasty Plot|p2a: Ninetales\n|-boost|p2a: Ninetales|spa|2\n|move|p1b: Baxcalibur|Glaive Rush|p2b: Iron Bundle\n|-damage|p2b: Iron Bundle|50\/100\n|-singlemove|p1b: Baxcalibur|Glaive Rush|[silent]\n|move|p1a: Indeedee|Psychic|p2b: Iron Bundle\n|-crit|p2b: Iron Bundle\n|-damage|p2b: Iron Bundle|0 fnt\n|faint|p2b: Iron Bundle\n|-end|p2b: Iron Bundle|Quark Drive|[silent]\n|\n|-weather|Snow|[upkeep]\n|upkeep\n|turn|13\n|\n|t:|1700334746\n|move|p2a: Ninetales|Blizzard|p1a: Indeedee|[spread] p1a,p1b\n|-damage|p1a: Indeedee|58\/100\n|-damage|p1b: Baxcalibur|0 fnt\n|faint|p1b: Baxcalibur\n|move|p1a: Indeedee|Psychic|p2a: Ninetales\n|-damage|p2a: Ninetales|76\/100\n|\n|-weather|Snow|[upkeep]\n|upkeep\n|turn|14\n|\n|t:|1700334754\n|move|p2a: Ninetales|Blizzard|p1a: Indeedee\n|-damage|p1a: Indeedee|1\/100\n|move|p1a: Indeedee|Psychic|p2a: Ninetales\n|-damage|p2a: Ninetales|53\/100\n|\n|-weather|Snow|[upkeep]\n|upkeep\n|turn|15\n|\n|t:|1700334763\n|move|p2a: Ninetales|Blizzard|p1a: Indeedee\n|-damage|p1a: Indeedee|0 fnt\n|faint|p1a: Indeedee\n|\n|win|Balkanized\n|raw|iamsmothee's rating: 1000 &rarr; <strong>1000<\/strong><br \/>(+0 for losing)\n|raw|Balkanized's rating: 1055 &rarr; <strong>1082<\/strong><br \/>(+27 for winning)\n","uploadtime":1700334557,"views":4,"p1id":"iamsmothee","p2id":"balkanized","formatid":"gen9doublesou","rating":1000,"private":0,"password":""}