{"id":"gen9doublesou-1976033500","p1":"Deltapunk","p2":"Mr.X&Y97","format":"[Gen 9] Doubles OU","log":"|j|\u2606Deltapunk\n|j|\u2606Mr.X&Y97\n|t:|1698258142\n|gametype|doubles\n|player|p1|Deltapunk|plasmagrunt|\n|player|p2|Mr.X&Y97|blue|\n|teamsize|p1|6\n|teamsize|p2|6\n|gen|9\n|tier|[Gen 9] Doubles OU\n|rule|Species Clause: Limit one of each Pok\u00e9mon\n|rule|OHKO Clause: OHKO moves are banned\n|rule|Evasion Moves Clause: Evasion moves are banned\n|rule|Gravity Sleep Clause: The combination of sleep-inducing moves with imperfect accuracy and Gravity or Gigantamax Orbeetle are banned\n|rule|Endless Battle Clause: Forcing endless battles is banned\n|rule|HP Percentage Mod: HP is shown in percentages\n|clearpoke\n|poke|p1|Gholdengo|\n|poke|p1|Corviknight, F|\n|poke|p1|Dugtrio, M|\n|poke|p1|Wo-Chien|\n|poke|p1|Iron Moth|\n|poke|p1|Tyranitar, M|\n|poke|p2|Goodra-Hisui, M|\n|poke|p2|Dragonite, F|\n|poke|p2|Hydreigon, F|\n|poke|p2|Noivern, M|\n|poke|p2|Sneasler, F|\n|poke|p2|Walking Wake|\n|teampreview\n|inactive|Battle timer is ON: inactive players will automatically lose when time's up. (requested by Mr.X&Y97)\n|c|\u2606Mr.X&Y97|Glhf!\n|c|\u2606Deltapunk|Glhf\n|inactive|Deltapunk has 270 seconds left.\n|inactive|Mr.X&Y97 has 270 seconds left.\n|\n|t:|1698258188\n|start\n|switch|p1a: Corviknight|Corviknight, F|100\/100\n|switch|p1b: Iron Moth|Iron Moth|100\/100\n|switch|p2a: Noivern|Noivern, M|100\/100\n|switch|p2b: Hydreigon|Hydreigon, F|100\/100\n|-item|p1a: Corviknight|Leftovers|[from] ability: Frisk|[of] p2a: Noivern|[identify]\n|-item|p1b: Iron Moth|Booster Energy|[from] ability: Frisk|[of] p2a: Noivern|[identify]\n|-enditem|p1b: Iron Moth|Booster Energy\n|-activate|p1b: Iron Moth|ability: Quark Drive|[fromitem]\n|-start|p1b: Iron Moth|quarkdrivespa\n|turn|1\n|\n|t:|1698258211\n|-terastallize|p2b: Hydreigon|Fire\n|move|p2a: Noivern|Tailwind|p2a: Noivern\n|-sidestart|p2: Mr.X&Y97|move: Tailwind\n|move|p2b: Hydreigon|Focus Energy|p2b: Hydreigon\n|-start|p2b: Hydreigon|move: Focus Energy\n|move|p1b: Iron Moth|Dazzling Gleam|p2b: Hydreigon|[spread] p2a,p2b\n|-supereffective|p2a: Noivern\n|-resisted|p2b: Hydreigon\n|-damage|p2a: Noivern|24\/100\n|-damage|p2b: Hydreigon|83\/100\n|move|p1a: Corviknight|Tailwind|p1a: Corviknight\n|-sidestart|p1: Deltapunk|move: Tailwind\n|\n|upkeep\n|turn|2\n|\n|t:|1698258238\n|move|p2a: Noivern|Sunny Day|p2a: Noivern\n|-weather|SunnyDay\n|move|p1b: Iron Moth|Sludge Wave|p2b: Hydreigon|[spread] p2a,p2b\n|-immune|p1a: Corviknight\n|-damage|p2a: Noivern|0 fnt\n|-damage|p2b: Hydreigon|28\/100\n|faint|p2a: Noivern\n|move|p2b: Hydreigon|Draco Meteor|p1b: Iron Moth\n|-crit|p1b: Iron Moth\n|-damage|p1b: Iron Moth|0 fnt\n|-unboost|p2b: Hydreigon|spa|2\n|faint|p1b: Iron Moth\n|-end|p1b: Iron Moth|Quark Drive|[silent]\n|move|p1a: Corviknight|Brave Bird|p2b: Hydreigon\n|-damage|p2b: Hydreigon|0 fnt\n|faint|p2b: Hydreigon\n|-damage|p1a: Corviknight|93\/100|[from] Recoil\n|\n|-weather|SunnyDay|[upkeep]\n|-heal|p1a: Corviknight|99\/100|[from] item: Leftovers\n|upkeep\n|\n|t:|1698258259\n|switch|p2a: Sneasler|Sneasler, F|100\/100\n|switch|p1b: Tyranitar|Tyranitar, M|100\/100\n|switch|p2b: Walking Wake|Walking Wake|100\/100\n|-activate|p2b: Walking Wake|ability: Protosynthesis\n|-start|p2b: Walking Wake|protosynthesisspe\n|-weather|Sandstorm|[from] ability: Sand Stream|[of] p1b: Tyranitar\n|-end|p2b: Walking Wake|Protosynthesis\n|turn|3\n|inactive|Mr.X&Y97 has 270 seconds left.\n|\n|t:|1698258300\n|-terastallize|p1b: Tyranitar|Fairy\n|move|p2a: Sneasler|Fake Out|p1a: Corviknight\n|-resisted|p1a: Corviknight\n|-damage|p1a: Corviknight|95\/100\n|move|p2b: Walking Wake|Flamethrower|p1a: Corviknight\n|-supereffective|p1a: Corviknight\n|-damage|p1a: Corviknight|24\/100\n|-status|p1a: Corviknight|brn\n|-damage|p2b: Walking Wake|91\/100|[from] item: Life Orb\n|cant|p1a: Corviknight|flinch\n|move|p1b: Tyranitar|Dragon Dance|p1b: Tyranitar\n|-boost|p1b: Tyranitar|atk|1\n|-boost|p1b: Tyranitar|spe|1\n|\n|-weather|Sandstorm|[upkeep]\n|-damage|p2a: Sneasler|95\/100|[from] Sandstorm\n|-damage|p2b: Walking Wake|85\/100|[from] Sandstorm\n|-damage|p1b: Tyranitar|94\/100|[from] Sandstorm\n|-heal|p1a: Corviknight|30\/100 brn|[from] item: Leftovers\n|-damage|p1a: Corviknight|24\/100 brn|[from] brn\n|upkeep\n|turn|4\n|inactive|Mr.X&Y97 has 270 seconds left.\n|inactive|Deltapunk has 270 seconds left.\n|inactive|Deltapunk has 240 seconds left.\n|\n|t:|1698258362\n|move|p2a: Sneasler|Dire Claw|p1b: Tyranitar\n|-supereffective|p1b: Tyranitar\n|-damage|p1b: Tyranitar|33\/100\n|move|p2b: Walking Wake|Flamethrower|p1b: Tyranitar\n|-damage|p1b: Tyranitar|0 fnt\n|faint|p1b: Tyranitar\n|-damage|p2b: Walking Wake|75\/100|[from] item: Life Orb\n|move|p1a: Corviknight|Reflect|p1a: Corviknight\n|-sidestart|p1: Deltapunk|Reflect\n|\n|-weather|Sandstorm|[upkeep]\n|-damage|p2a: Sneasler|89\/100|[from] Sandstorm\n|-damage|p2b: Walking Wake|69\/100|[from] Sandstorm\n|-heal|p1a: Corviknight|30\/100 brn|[from] item: Leftovers\n|-damage|p1a: Corviknight|24\/100 brn|[from] brn\n|-sideend|p2: Mr.X&Y97|move: Tailwind\n|-sideend|p1: Deltapunk|move: Tailwind\n|upkeep\n|inactive|Deltapunk has 240 seconds left.\n|\n|t:|1698258377\n|switch|p1b: Wo-Chien|Wo-Chien|100\/100\n|-ability|p1b: Wo-Chien|Tablets of Ruin\n|turn|5\n|inactive|Mr.X&Y97 has 270 seconds left.\n|\n|t:|1698258397\n|move|p2a: Sneasler|U-turn|p1b: Wo-Chien\n|-supereffective|p1b: Wo-Chien\n|-damage|p1b: Wo-Chien|58\/100\n|-enditem|p1b: Wo-Chien|Weakness Policy\n|-boost|p1b: Wo-Chien|atk|2|[from] item: Weakness Policy\n|-boost|p1b: Wo-Chien|spa|2|[from] item: Weakness Policy\n|inactive|Mr.X&Y97 has 270 seconds left.\n|\n|t:|1698258406\n|switch|p2a: Goodra|Goodra-Hisui, M|100\/100|[from] U-turn\n|move|p2b: Walking Wake|Flamethrower|p1a: Corviknight\n|-supereffective|p1a: Corviknight\n|-damage|p1a: Corviknight|0 fnt\n|faint|p1a: Corviknight\n|-damage|p2b: Walking Wake|59\/100|[from] item: Life Orb\n|move|p1b: Wo-Chien|Stun Spore|p2b: Walking Wake\n|-status|p2b: Walking Wake|par\n|\n|-weather|Sandstorm|[upkeep]\n|-damage|p1b: Wo-Chien|52\/100|[from] Sandstorm\n|-damage|p2b: Walking Wake|53\/100 par|[from] Sandstorm\n|upkeep\n|\n|t:|1698258416\n|switch|p1a: Gholdengo|Gholdengo|100\/100\n|turn|6\n|inactive|Deltapunk has 270 seconds left.\n|\n|t:|1698258442\n|move|p2a: Goodra|Protect|p2a: Goodra\n|-singleturn|p2a: Goodra|Protect\n|move|p1a: Gholdengo|Nasty Plot|p1a: Gholdengo\n|-boost|p1a: Gholdengo|spa|2\n|move|p1b: Wo-Chien|Leech Seed|p2a: Goodra\n|-activate|p2a: Goodra|move: Protect\n|move|p2b: Walking Wake|Flamethrower|p1a: Gholdengo\n|-supereffective|p1a: Gholdengo\n|-damage|p1a: Gholdengo|7\/100\n|-enditem|p1a: Gholdengo|Salac Berry|[eat]\n|-boost|p1a: Gholdengo|spe|1|[from] item: Salac Berry\n|-damage|p2b: Walking Wake|43\/100 par|[from] item: Life Orb\n|\n|-weather|Sandstorm|[upkeep]\n|-damage|p1b: Wo-Chien|45\/100|[from] Sandstorm\n|-damage|p2b: Walking Wake|37\/100 par|[from] Sandstorm\n|upkeep\n|turn|7\n|inactive|Deltapunk has 270 seconds left.\n|inactive|Mr.X&Y97 has 270 seconds left.\n|inactive|Deltapunk has 240 seconds left.\n|\n|t:|1698258506\n|move|p1a: Gholdengo|Shadow Ball|p2b: Walking Wake\n|-damage|p2b: Walking Wake|0 fnt\n|faint|p2b: Walking Wake\n|-end|p2b: Walking Wake|Protosynthesis|[silent]\n|move|p1b: Wo-Chien|Leech Seed|p2a: Goodra\n|-ability|p2a: Goodra|Sap Sipper|boost\n|-boost|p2a: Goodra|atk|1\n|move|p2a: Goodra|Heavy Slam|p1a: Gholdengo\n|-resisted|p1a: Gholdengo\n|-damage|p1a: Gholdengo|0 fnt\n|faint|p1a: Gholdengo\n|\n|-weather|Sandstorm|[upkeep]\n|-damage|p1b: Wo-Chien|39\/100|[from] Sandstorm\n|upkeep\n|inactive|Deltapunk has 240 seconds left.\n|\n|t:|1698258519\n|switch|p2b: Dragonite|Dragonite, F|100\/100\n|switch|p1a: Dugtrio|Dugtrio, M|100\/100\n|turn|8\n|\n|t:|1698258535\n|move|p1a: Dugtrio|Substitute|p1a: Dugtrio\n|-start|p1a: Dugtrio|Substitute\n|-damage|p1a: Dugtrio|76\/100\n|move|p2b: Dragonite|Ice Spinner|p1a: Dugtrio\n|-supereffective|p1a: Dugtrio\n|-end|p1a: Dugtrio|Substitute\n|move|p1b: Wo-Chien|Stun Spore|p2b: Dragonite|[miss]\n|-miss|p1b: Wo-Chien|p2b: Dragonite\n|move|p2a: Goodra|Body Press|p1b: Wo-Chien\n|-supereffective|p1b: Wo-Chien\n|-damage|p1b: Wo-Chien|16\/100\n|\n|-weather|Sandstorm|[upkeep]\n|-damage|p2b: Dragonite|94\/100|[from] Sandstorm\n|-damage|p1b: Wo-Chien|10\/100|[from] Sandstorm\n|-sideend|p1: Deltapunk|Reflect\n|upkeep\n|turn|9\n|inactive|Deltapunk has 270 seconds left.\n|\n|t:|1698258558\n|move|p1a: Dugtrio|Sucker Punch|p2b: Dragonite\n|-damage|p2b: Dragonite|74\/100\n|-damage|p1a: Dugtrio|66\/100|[from] item: Life Orb\n|move|p2b: Dragonite|Ice Spinner|p1b: Wo-Chien\n|-supereffective|p1b: Wo-Chien\n|-damage|p1b: Wo-Chien|0 fnt\n|faint|p1b: Wo-Chien\n|move|p2a: Goodra|Body Press|p1a: Dugtrio\n|-crit|p1a: Dugtrio\n|-damage|p1a: Dugtrio|0 fnt\n|faint|p1a: Dugtrio\n|\n|win|Mr.X&Y97\n|c|\u2606Deltapunk|Gg\n|l|\u2606Deltapunk\n|c|\u2606Mr.X&Y97|Ggs wp!\n","uploadtime":1698258573,"views":15,"p1id":"deltapunk","p2id":"mrxy97","formatid":"gen9doublesou","rating":0,"private":0,"password":""}