{"id":"gen9doublesou-1975235525","p1":"Think2Ice","p2":"UY QUE RICO PAPI!","format":"[Gen 9] Doubles OU","log":"|j|\u2606Think2Ice\n|j|\u2606UY QUE RICO PAPI!\n|t:|1698172449\n|gametype|doubles\n|player|p1|Think2Ice|volkner|1366\n|player|p2|UY QUE RICO PAPI!|101|1280\n|teamsize|p1|6\n|teamsize|p2|6\n|gen|9\n|tier|[Gen 9] Doubles OU\n|rated|\n|rule|Species Clause: Limit one of each Pok\u00e9mon\n|rule|OHKO Clause: OHKO moves are banned\n|rule|Evasion Moves Clause: Evasion moves are banned\n|rule|Gravity Sleep Clause: The combination of sleep-inducing moves with imperfect accuracy and Gravity or Gigantamax Orbeetle are banned\n|rule|Endless Battle Clause: Forcing endless battles is banned\n|rule|HP Percentage Mod: HP is shown in percentages\n|clearpoke\n|poke|p1|Corviknight, M|\n|poke|p1|Fezandipiti, M|\n|poke|p1|Ogerpon-Wellspring, F|\n|poke|p1|Amoonguss, M|\n|poke|p1|Iron Hands|\n|poke|p1|Gengar, F|\n|poke|p2|Trevenant, F|\n|poke|p2|Grimmsnarl, M|\n|poke|p2|Garganacl, M|\n|poke|p2|Ting-Lu|\n|poke|p2|Cresselia, F|\n|poke|p2|Glimmora, F|\n|teampreview\n|inactive|Battle timer is ON: inactive players will automatically lose when time's up. (requested by Think2Ice)\n|inactive|UY QUE RICO PAPI! has 120 seconds left.\n|inactive|UY QUE RICO PAPI! has 90 seconds left.\n|\n|t:|1698172516\n|start\n|switch|p1a: Iron Hands|Iron Hands|100\/100\n|switch|p1b: Amoonguss|Amoonguss, M|100\/100\n|switch|p2a: Grimmsnarl|Grimmsnarl, M|100\/100\n|switch|p2b: Ting-Lu|Ting-Lu|100\/100\n|-ability|p2b: Ting-Lu|Vessel of Ruin\n|turn|1\n|\n|t:|1698172540\n|switch|p2a: Trevenant|Trevenant, F|100\/100\n|move|p2b: Ting-Lu|Protect|p2b: Ting-Lu\n|-singleturn|p2b: Ting-Lu|Protect\n|move|p1a: Iron Hands|Fake Out|p2a: Trevenant\n|-immune|p2a: Trevenant\n|move|p1b: Amoonguss|Spore|p2b: Ting-Lu\n|-activate|p2b: Ting-Lu|move: Protect\n|\n|upkeep\n|turn|2\n|\n|t:|1698172564\n|switch|p2b: Garganacl|Garganacl, M|100\/100\n|move|p2a: Trevenant|Substitute|p2a: Trevenant\n|-start|p2a: Trevenant|Substitute\n|-damage|p2a: Trevenant|76\/100\n|move|p1a: Iron Hands|Brick Break|p2b: Garganacl\n|-supereffective|p2b: Garganacl\n|-damage|p2b: Garganacl|54\/100\n|move|p1b: Amoonguss|Pollen Puff|p2b: Garganacl\n|-damage|p2b: Garganacl|37\/100\n|\n|-heal|p2b: Garganacl|43\/100|[from] item: Leftovers\n|upkeep\n|turn|3\n|inactive|Think2Ice has 120 seconds left.\n|\n|t:|1698172600\n|-terastallize|p2b: Garganacl|Ghost\n|move|p1b: Amoonguss|Rage Powder|p1b: Amoonguss\n|-singleturn|p1b: Amoonguss|move: Rage Powder\n|move|p2a: Trevenant|Curse|p1a: Iron Hands\n|-start|p1a: Iron Hands|Curse|[of] p2a: Trevenant\n|-damage|p2a: Trevenant|26\/100\n|-enditem|p2a: Trevenant|Sitrus Berry|[eat]\n|-heal|p2a: Trevenant|50\/100|[from] item: Sitrus Berry\n|move|p1a: Iron Hands|Thunder Punch|p2b: Garganacl\n|-damage|p2b: Garganacl|19\/100\n|move|p2b: Garganacl|Recover|p2b: Garganacl\n|-heal|p2b: Garganacl|69\/100\n|\n|-heal|p2b: Garganacl|75\/100|[from] item: Leftovers\n|-damage|p1a: Iron Hands|76\/100|[from] Curse\n|upkeep\n|turn|4\n|inactive|Think2Ice has 120 seconds left.\n|\n|t:|1698172628\n|-end|p1a: Iron Hands|Quark Drive|[silent]\n|switch|p1a: Gengar|Gengar, F|100\/100\n|move|p2a: Trevenant|Leech Seed|p1a: Gengar\n|-start|p1a: Gengar|move: Leech Seed\n|move|p2b: Garganacl|Salt Cure|p1a: Gengar\n|-damage|p1a: Gengar|74\/100\n|-start|p1a: Gengar|Salt Cure\n|move|p1b: Amoonguss|Spore|p2b: Garganacl\n|-immune|p2b: Garganacl|[from] ability: Purifying Salt\n|\n|-heal|p2b: Garganacl|81\/100|[from] item: Leftovers\n|-damage|p1a: Gengar|62\/100|[from] Leech Seed|[of] p2a: Trevenant\n|-heal|p2a: Trevenant|59\/100|[silent]\n|-damage|p1a: Gengar|50\/100|[from] Salt Cure\n|-item|p2a: Trevenant|Sitrus Berry|[from] ability: Harvest\n|upkeep\n|turn|5\n|\n|t:|1698172650\n|switch|p2b: Ting-Lu|Ting-Lu|100\/100\n|-ability|p2b: Ting-Lu|Vessel of Ruin\n|move|p2a: Trevenant|Protect|p2a: Trevenant\n|-singleturn|p2a: Trevenant|Protect\n|move|p1a: Gengar|Destiny Bond|p1a: Gengar\n|-singlemove|p1a: Gengar|Destiny Bond\n|move|p1b: Amoonguss|Pollen Puff|p2a: Trevenant\n|-activate|p2a: Trevenant|move: Protect\n|\n|-damage|p1a: Gengar|37\/100|[from] Leech Seed|[of] p2a: Trevenant\n|-heal|p2a: Trevenant|68\/100|[silent]\n|-damage|p1a: Gengar|25\/100|[from] Salt Cure\n|upkeep\n|turn|6\n|\n|t:|1698172675\n|switch|p2b: Garganacl|Garganacl, M, tera:Ghost|81\/100\n|move|p1a: Gengar|Hex|p2a: Trevenant\n|-supereffective|p2a: Trevenant\n|-end|p2a: Trevenant|Substitute\n|move|p2a: Trevenant|Curse|p1b: Amoonguss\n|-start|p1b: Amoonguss|Curse|[of] p2a: Trevenant\n|-damage|p2a: Trevenant|18\/100\n|-enditem|p2a: Trevenant|Sitrus Berry|[eat]\n|-heal|p2a: Trevenant|42\/100|[from] item: Sitrus Berry\n|move|p1b: Amoonguss|Pollen Puff|p2a: Trevenant\n|-damage|p2a: Trevenant|24\/100\n|\n|-heal|p2b: Garganacl|87\/100|[from] item: Leftovers\n|-damage|p1a: Gengar|13\/100|[from] Leech Seed|[of] p2a: Trevenant\n|-heal|p2a: Trevenant|32\/100|[silent]\n|-damage|p1b: Amoonguss|75\/100|[from] Curse\n|-damage|p1a: Gengar|0 fnt|[from] Salt Cure\n|faint|p1a: Gengar\n|-item|p2a: Trevenant|Sitrus Berry|[from] ability: Harvest\n|upkeep\n|-enditem|p2a: Trevenant|Sitrus Berry|[eat]\n|-heal|p2a: Trevenant|57\/100|[from] item: Sitrus Berry\n|inactive|Think2Ice has 120 seconds left.\n|c|\u2606Think2Ice|Gg m8 u the most anoyng player ever\n|inactive|Think2Ice has 90 seconds left.\n|\n|t:|1698172722\n|switch|p1a: Ogerpon|Ogerpon-Wellspring, F|100\/100\n|turn|7\n|c|\u2606UY QUE RICO PAPI!|?\n|\n|t:|1698172744\n|switch|p1b: Corviknight|Corviknight, M|100\/100\n|move|p1a: Ogerpon|Spiky Shield|p1a: Ogerpon\n|-singleturn|p1a: Ogerpon|move: Protect\n|move|p2a: Trevenant|Protect|p2a: Trevenant\n|-singleturn|p2a: Trevenant|Protect\n|move|p2b: Garganacl|Protect||[still]\n|-fail|p2b: Garganacl\n|\n|-heal|p2b: Garganacl|94\/100|[from] item: Leftovers\n|-item|p2a: Trevenant|Sitrus Berry|[from] ability: Harvest\n|upkeep\n|turn|8\n|inactive|Think2Ice has 120 seconds left.\n|\n|t:|1698172770\n|switch|p2a: Ting-Lu|Ting-Lu|100\/100\n|-ability|p2a: Ting-Lu|Vessel of Ruin\n|move|p1a: Ogerpon|Leech Seed|p2b: Garganacl\n|-start|p2b: Garganacl|move: Leech Seed\n|move|p1b: Corviknight|Brave Bird|p2a: Ting-Lu\n|-damage|p2a: Ting-Lu|84\/100\n|-damage|p1b: Corviknight|93\/100|[from] Recoil\n|move|p2b: Garganacl|Salt Cure|p1a: Ogerpon\n|-damage|p1a: Ogerpon|85\/100\n|-start|p1a: Ogerpon|Salt Cure\n|\n|-heal|p2a: Ting-Lu|90\/100|[from] item: Leftovers\n|-heal|p2b: Garganacl|99\/100|[from] item: Leftovers\n|-damage|p2b: Garganacl|87\/100|[from] Leech Seed|[of] p1a: Ogerpon\n|-heal|p1a: Ogerpon|99\/100|[silent]\n|-damage|p1a: Ogerpon|74\/100|[from] Salt Cure\n|upkeep\n|turn|9\n|inactive|Think2Ice has 120 seconds left.\n|\n|t:|1698172792\n|switch|p1a: Amoonguss|Amoonguss, M|100\/100\n|move|p1b: Corviknight|Iron Defense|p1b: Corviknight\n|-boost|p1b: Corviknight|def|2\n|move|p2a: Ting-Lu|Mean Look|p1b: Corviknight\n|-activate|p1b: Corviknight|trapped\n|move|p2b: Garganacl|Salt Cure|p1b: Corviknight\n|-damage|p1b: Corviknight|89\/100\n|-start|p1b: Corviknight|Salt Cure\n|\n|-heal|p2a: Ting-Lu|97\/100|[from] item: Leftovers\n|-heal|p2b: Garganacl|94\/100|[from] item: Leftovers\n|-damage|p2b: Garganacl|81\/100|[from] Leech Seed|[of] p1a: Amoonguss\n|-damage|p1b: Corviknight|64\/100|[from] Salt Cure\n|upkeep\n|turn|10\n|inactive|Think2Ice has 120 seconds left.\n|inactive|UY QUE RICO PAPI! has 120 seconds left.\n|\n|t:|1698172837\n|switch|p2b: Grimmsnarl|Grimmsnarl, M|100\/100\n|move|p2a: Ting-Lu|Protect|p2a: Ting-Lu\n|-singleturn|p2a: Ting-Lu|Protect\n|move|p1b: Corviknight|Brave Bird|p2a: Ting-Lu\n|-activate|p2a: Ting-Lu|move: Protect\n|move|p1a: Amoonguss|Pollen Puff|p1b: Corviknight\n|-heal|p1b: Corviknight|100\/100\n|\n|-heal|p2a: Ting-Lu|100\/100|[from] item: Leftovers\n|-damage|p1b: Corviknight|76\/100|[from] Salt Cure\n|upkeep\n|turn|11\n|c|\u2606Think2Ice|You just defensive guy\n|inactive|Think2Ice has 120 seconds left.\n|inactive|UY QUE RICO PAPI! has 120 seconds left.\n|\n|t:|1698172865\n|move|p2b: Grimmsnarl|Reflect|p2b: Grimmsnarl\n|-sidestart|p2: UY QUE RICO PAPI!|Reflect\n|move|p1b: Corviknight|Steel Wing|p2b: Grimmsnarl\n|-supereffective|p2b: Grimmsnarl\n|-damage|p2b: Grimmsnarl|79\/100\n|move|p2a: Ting-Lu|Ruination|p1b: Corviknight\n|-damage|p1b: Corviknight|38\/100\n|-enditem|p1b: Corviknight|Sitrus Berry|[eat]\n|-heal|p1b: Corviknight|63\/100|[from] item: Sitrus Berry\n|move|p1a: Amoonguss|Spore|p2a: Ting-Lu\n|-status|p2a: Ting-Lu|slp|[from] move: Spore\n|\n|-damage|p1b: Corviknight|38\/100|[from] Salt Cure\n|upkeep\n|turn|12\n|inactive|Think2Ice has 120 seconds left.\n|inactive|UY QUE RICO PAPI! has 120 seconds left.\n|\n|t:|1698172899\n|move|p2b: Grimmsnarl|Parting Shot|p1a: Amoonguss\n|-unboost|p1a: Amoonguss|atk|1\n|-unboost|p1a: Amoonguss|spa|1\n|c|\u2606UY QUE RICO PAPI!|oh its funnier\n|inactive|UY QUE RICO PAPI! has 120 seconds left.\n|\n|t:|1698172905\n|switch|p2b: Garganacl|Garganacl, M, tera:Ghost|81\/100|[from] Parting Shot\n|move|p1b: Corviknight|Body Press|p2b: Garganacl\n|-immune|p2b: Garganacl\n|cant|p2a: Ting-Lu|slp\n|move|p1a: Amoonguss|Pollen Puff|p1b: Corviknight\n|-heal|p1b: Corviknight|88\/100\n|\n|-heal|p2b: Garganacl|87\/100|[from] item: Leftovers\n|-damage|p1b: Corviknight|63\/100|[from] Salt Cure\n|upkeep\n|turn|13\n|inactive|Think2Ice has 120 seconds left.\n|\n|t:|1698172927\n|move|p1b: Corviknight|Body Press|p2a: Ting-Lu\n|-supereffective|p2a: Ting-Lu\n|-damage|p2a: Ting-Lu|72\/100 slp\n|cant|p2a: Ting-Lu|slp\n|move|p2b: Garganacl|Curse|p1b: Corviknight\n|-start|p1b: Corviknight|Curse|[of] p2b: Garganacl\n|-damage|p2b: Garganacl|37\/100\n|move|p1a: Amoonguss|Spore|p2b: Garganacl\n|-immune|p2b: Garganacl|[from] ability: Purifying Salt\n|\n|-heal|p2a: Ting-Lu|79\/100 slp|[from] item: Leftovers\n|-heal|p2b: Garganacl|44\/100|[from] item: Leftovers\n|-damage|p1b: Corviknight|38\/100|[from] Curse\n|-damage|p1b: Corviknight|14\/100|[from] Salt Cure\n|upkeep\n|turn|14\n|\n|t:|1698172952\n|move|p1b: Corviknight|Brave Bird|p2b: Garganacl\n|-crit|p2b: Garganacl\n|-damage|p2b: Garganacl|15\/100\n|-damage|p1b: Corviknight|4\/100|[from] Recoil\n|cant|p2a: Ting-Lu|slp\n|move|p2b: Garganacl|Recover|p2b: Garganacl\n|-heal|p2b: Garganacl|65\/100\n|move|p1a: Amoonguss|Pollen Puff|p2b: Garganacl\n|-resisted|p2b: Garganacl\n|-damage|p2b: Garganacl|60\/100\n|\n|-heal|p2a: Ting-Lu|85\/100 slp|[from] item: Leftovers\n|-heal|p2b: Garganacl|66\/100|[from] item: Leftovers\n|-damage|p1b: Corviknight|0 fnt|[from] Curse\n|faint|p1b: Corviknight\n|upkeep\n|inactive|Think2Ice has 120 seconds left.\n|\n|t:|1698172971\n|switch|p1b: Ogerpon|Ogerpon-Wellspring, F|74\/100\n|turn|15\n|\n|t:|1698172995\n|-terastallize|p1b: Ogerpon|Water\n|detailschange|p1b: Ogerpon|Ogerpon-Wellspring-Tera, F, tera:Water\n|-ability|p1b: Ogerpon|Embody Aspect (Wellspring)|boost\n|-boost|p1b: Ogerpon|spd|1\n|-curestatus|p2a: Ting-Lu|slp|[msg]\n|move|p2a: Ting-Lu|Protect|p2a: Ting-Lu\n|-singleturn|p2a: Ting-Lu|Protect\n|move|p2b: Garganacl|Protect|p2b: Garganacl\n|-singleturn|p2b: Garganacl|Protect\n|move|p1b: Ogerpon|Ivy Cudgel|p2b: Garganacl\n|-activate|p2b: Garganacl|move: Protect\n|move|p1a: Amoonguss|Spore|p2b: Garganacl\n|-activate|p2b: Garganacl|move: Protect\n|\n|-heal|p2a: Ting-Lu|91\/100|[from] item: Leftovers\n|-heal|p2b: Garganacl|73\/100|[from] item: Leftovers\n|upkeep\n|turn|16\n|c|\u2606Think2Ice|Yeah of course\n|inactive|Think2Ice has 120 seconds left.\n|inactive|UY QUE RICO PAPI! has 120 seconds left.\n|c|\u2606Think2Ice|Jesus\n|c|\u2606Think2Ice|U have fun?\n|inactive|UY QUE RICO PAPI! has 90 seconds left.\n|\n|t:|1698173079\n|switch|p2a: Trevenant|Trevenant, F|57\/100\n|move|p1b: Ogerpon|Spiky Shield|p1b: Ogerpon\n|-singleturn|p1b: Ogerpon|move: Protect\n|move|p2b: Garganacl|Recover|p2b: Garganacl\n|-heal|p2b: Garganacl|100\/100\n|move|p1a: Amoonguss|Spore|p2a: Trevenant\n|-immune|p2a: Trevenant\n|\n|upkeep\n|turn|17\n|inactive|UY QUE RICO PAPI! has 90 seconds left.\n|inactive|Think2Ice has 120 seconds left.\n|\n|t:|1698173112\n|move|p1b: Ogerpon|Ivy Cudgel|p2b: Garganacl\n|-damage|p2b: Garganacl|79\/100\n|move|p2a: Trevenant|Leech Seed|p1b: Ogerpon\n|-start|p1b: Ogerpon|move: Leech Seed\n|move|p2b: Garganacl|Salt Cure|p1b: Ogerpon\n|-damage|p1b: Ogerpon|60\/100\n|-start|p1b: Ogerpon|Salt Cure\n|move|p1a: Amoonguss|Pollen Puff|p1b: Ogerpon\n|-heal|p1b: Ogerpon|100\/100\n|\n|-heal|p2b: Garganacl|86\/100|[from] item: Leftovers\n|-damage|p1b: Ogerpon|88\/100|[from] Leech Seed|[of] p2a: Trevenant\n|-heal|p2a: Trevenant|69\/100|[silent]\n|-damage|p1b: Ogerpon|63\/100|[from] Salt Cure\n|upkeep\n|turn|18\n|inactive|UY QUE RICO PAPI! has 90 seconds left.\n|inactive|Think2Ice has 120 seconds left.\n|\n|t:|1698173134\n|switch|p1b: Fezandipiti|Fezandipiti, M|100\/100\n|move|p1a: Amoonguss|Protect|p1a: Amoonguss\n|-singleturn|p1a: Amoonguss|Protect\n|move|p2a: Trevenant|Substitute|p2a: Trevenant\n|-start|p2a: Trevenant|Substitute\n|-damage|p2a: Trevenant|44\/100\n|-enditem|p2a: Trevenant|Sitrus Berry|[eat]\n|-heal|p2a: Trevenant|69\/100|[from] item: Sitrus Berry\n|move|p2b: Garganacl|Salt Cure|p1a: Amoonguss\n|-activate|p1a: Amoonguss|move: Protect\n|\n|-heal|p2b: Garganacl|92\/100|[from] item: Leftovers\n|-sideend|p2: UY QUE RICO PAPI!|Reflect\n|upkeep\n|turn|19\n|inactive|UY QUE RICO PAPI! has 90 seconds left.\n|inactive|Think2Ice has 120 seconds left.\n|\n|t:|1698173168\n|move|p1b: Fezandipiti|Icy Wind|p2a: Trevenant|[spread] p2a,p2b\n|-supereffective|p2a: Trevenant\n|-activate|p2a: Trevenant|move: Substitute|[damage]\n|-damage|p2b: Garganacl|84\/100\n|-unboost|p2b: Garganacl|spe|1\n|move|p2a: Trevenant|Curse|p1a: Amoonguss\n|-start|p1a: Amoonguss|Curse|[of] p2a: Trevenant\n|-damage|p2a: Trevenant|19\/100\n|move|p1a: Amoonguss|Pollen Puff|p2a: Trevenant\n|-end|p2a: Trevenant|Substitute\n|move|p2b: Garganacl|Salt Cure|p1a: Amoonguss\n|-damage|p1a: Amoonguss|85\/100\n|-start|p1a: Amoonguss|Salt Cure\n|\n|-heal|p1a: Amoonguss|91\/100|[from] item: Leftovers\n|-heal|p2b: Garganacl|90\/100|[from] item: Leftovers\n|-damage|p1a: Amoonguss|66\/100|[from] Curse\n|-damage|p1a: Amoonguss|54\/100|[from] Salt Cure\n|-item|p2a: Trevenant|Sitrus Berry|[from] ability: Harvest\n|upkeep\n|-enditem|p2a: Trevenant|Sitrus Berry|[eat]\n|-heal|p2a: Trevenant|44\/100|[from] item: Sitrus Berry\n|turn|20\n|inactive|UY QUE RICO PAPI! has 90 seconds left.\n|inactive|Think2Ice has 120 seconds left.\n|\n|t:|1698173196\n|switch|p1a: Iron Hands|Iron Hands|76\/100\n|switch|p2b: Grimmsnarl|Grimmsnarl, M|79\/100\n|move|p2a: Trevenant|Protect|p2a: Trevenant\n|-singleturn|p2a: Trevenant|Protect\n|move|p1b: Fezandipiti|Icy Wind|p2a: Trevenant|[spread] p2b\n|-activate|p2a: Trevenant|move: Protect\n|-damage|p2b: Grimmsnarl|68\/100\n|-unboost|p2b: Grimmsnarl|spe|1\n|-status|p2b: Grimmsnarl|tox|[from] ability: Toxic Chain|[of] p1b: Fezandipiti\n|\n|-damage|p2b: Grimmsnarl|62\/100 tox|[from] psn\n|-item|p2a: Trevenant|Sitrus Berry|[from] ability: Harvest\n|upkeep\n|-enditem|p2a: Trevenant|Sitrus Berry|[eat]\n|-heal|p2a: Trevenant|69\/100|[from] item: Sitrus Berry\n|turn|21\n|inactive|UY QUE RICO PAPI! has 90 seconds left.\n|inactive|Think2Ice has 120 seconds left.\n|inactive|UY QUE RICO PAPI! has 60 seconds left.\n|\n|t:|1698173232\n|switch|p2a: Garganacl|Garganacl, M, tera:Ghost|90\/100\n|switch|p2b: Glimmora|Glimmora, F|100\/100\n|move|p1a: Iron Hands|Fake Out|p2b: Glimmora\n|-resisted|p2b: Glimmora\n|-damage|p2b: Glimmora|95\/100\n|-activate|p2b: Glimmora|ability: Toxic Debris\n|-sidestart|p1: Think2Ice|move: Toxic Spikes\n|move|p1b: Fezandipiti|Icy Wind|p2a: Garganacl|[spread] p2a,p2b\n|-damage|p2a: Garganacl|82\/100\n|-damage|p2b: Glimmora|85\/100\n|-unboost|p2a: Garganacl|spe|1\n|-unboost|p2b: Glimmora|spe|1\n|\n|-heal|p2b: Glimmora|91\/100|[from] item: Leftovers\n|-heal|p2a: Garganacl|88\/100|[from] item: Leftovers\n|upkeep\n|turn|22\n|c|\u2606Think2Ice|Im falling a sleep\n|inactive|Think2Ice has 120 seconds left.\n|\n|t:|1698173256\n|move|p1b: Fezandipiti|Icy Wind|p2b: Glimmora|[spread] p2a,p2b\n|-damage|p2a: Garganacl|79\/100\n|-damage|p2b: Glimmora|80\/100\n|-unboost|p2a: Garganacl|spe|1\n|-unboost|p2b: Glimmora|spe|1\n|move|p1a: Iron Hands|Volt Switch|p2a: Garganacl\n|-damage|p2a: Garganacl|68\/100\n|inactive|Think2Ice has 120 seconds left.\n|\n|t:|1698173264\n|-end|p1a: Iron Hands|Quark Drive|[silent]\n|switch|p1a: Amoonguss|Amoonguss, M|87\/100|[from] Volt Switch\n|-sideend|p1: Think2Ice|move: Toxic Spikes|[of] p1a: Amoonguss\n|move|p2b: Glimmora|Stealth Rock|p1a: Amoonguss\n|-sidestart|p1: Think2Ice|move: Stealth Rock\n|move|p2a: Garganacl|Salt Cure|p1b: Fezandipiti\n|-damage|p1b: Fezandipiti|82\/100\n|-start|p1b: Fezandipiti|Salt Cure\n|\n|-heal|p2b: Glimmora|86\/100|[from] item: Leftovers\n|-heal|p1a: Amoonguss|93\/100|[from] item: Leftovers\n|-heal|p2a: Garganacl|74\/100|[from] item: Leftovers\n|-damage|p1b: Fezandipiti|70\/100|[from] Salt Cure\n|upkeep\n|turn|23\n|inactive|UY QUE RICO PAPI! has 90 seconds left.\n|\n|t:|1698173291\n|switch|p2b: Grimmsnarl|Grimmsnarl, M|62\/100 tox\n|move|p1b: Fezandipiti|Hex|p2a: Garganacl\n|-supereffective|p2a: Garganacl\n|-damage|p2a: Garganacl|61\/100\n|move|p1a: Amoonguss|Pollen Puff|p1b: Fezandipiti\n|-heal|p1b: Fezandipiti|100\/100\n|move|p2a: Garganacl|Curse|p1b: Fezandipiti\n|-start|p1b: Fezandipiti|Curse|[of] p2a: Garganacl\n|-damage|p2a: Garganacl|11\/100\n|\n|-heal|p1a: Amoonguss|99\/100|[from] item: Leftovers\n|-heal|p2a: Garganacl|17\/100|[from] item: Leftovers\n|-damage|p2b: Grimmsnarl|56\/100 tox|[from] psn\n|-damage|p1b: Fezandipiti|76\/100|[from] Curse\n|-damage|p1b: Fezandipiti|63\/100|[from] Salt Cure\n|upkeep\n|turn|24\n|inactive|UY QUE RICO PAPI! has 90 seconds left.\n|inactive|Think2Ice has 120 seconds left.\n|inactive|UY QUE RICO PAPI! has 60 seconds left.\n|\n|t:|1698173340\n|move|p2b: Grimmsnarl|Parting Shot|p1b: Fezandipiti\n|-unboost|p1b: Fezandipiti|atk|1\n|-unboost|p1b: Fezandipiti|spa|1\n|\n|t:|1698173347\n|switch|p2b: Cresselia|Cresselia, F|100\/100|[from] Parting Shot\n|move|p1b: Fezandipiti|Dazzling Gleam|p2b: Cresselia|[spread] p2a,p2b\n|-damage|p2a: Garganacl|5\/100\n|-damage|p2b: Cresselia|91\/100\n|move|p1a: Amoonguss|Pollen Puff|p1b: Fezandipiti\n|-heal|p1b: Fezandipiti|100\/100\n|move|p2a: Garganacl|Recover|p2a: Garganacl\n|-heal|p2a: Garganacl|55\/100\n|\n|-heal|p1a: Amoonguss|100\/100|[from] item: Leftovers\n|-heal|p2a: Garganacl|62\/100|[from] item: Leftovers\n|-damage|p1b: Fezandipiti|76\/100|[from] Curse\n|-damage|p1b: Fezandipiti|63\/100|[from] Salt Cure\n|upkeep\n|turn|25\n|inactive|Think2Ice has 120 seconds left.\n|inactive|UY QUE RICO PAPI! has 60 seconds left.\n|\n|t:|1698173376\n|move|p1b: Fezandipiti|Dazzling Gleam|p2b: Cresselia|[spread] p2a,p2b\n|-damage|p2a: Garganacl|48\/100\n|-damage|p2b: Cresselia|82\/100\n|move|p2b: Cresselia|Lunar Blessing|p2b: Cresselia|[spread] p2a,p2b\n|-heal|p2a: Garganacl|73\/100\n|-heal|p2b: Cresselia|100\/100\n|move|p1a: Amoonguss|Spore|p2b: Cresselia\n|-status|p2b: Cresselia|slp|[from] move: Spore\n|move|p2a: Garganacl|Curse|p1a: Amoonguss\n|-start|p1a: Amoonguss|Curse|[of] p2a: Garganacl\n|-damage|p2a: Garganacl|23\/100\n|\n|-heal|p2a: Garganacl|29\/100|[from] item: Leftovers\n|-damage|p1b: Fezandipiti|38\/100|[from] Curse\n|-damage|p1a: Amoonguss|75\/100|[from] Curse\n|-damage|p1b: Fezandipiti|26\/100|[from] Salt Cure\n|upkeep\n|turn|26\n|inactive|Think2Ice has 120 seconds left.\n|inactive|UY QUE RICO PAPI! has 60 seconds left.\n|\n|t:|1698173404\n|switch|p2b: Ting-Lu|Ting-Lu|91\/100\n|-ability|p2b: Ting-Lu|Vessel of Ruin\n|move|p1b: Fezandipiti|Hex|p2a: Garganacl\n|-supereffective|p2a: Garganacl\n|-damage|p2a: Garganacl|23\/100\n|move|p1a: Amoonguss|Pollen Puff|p2a: Garganacl\n|-resisted|p2a: Garganacl\n|-damage|p2a: Garganacl|16\/100\n|move|p2a: Garganacl|Recover|p2a: Garganacl\n|-heal|p2a: Garganacl|66\/100\n|\n|-heal|p2b: Ting-Lu|97\/100|[from] item: Leftovers\n|-heal|p1a: Amoonguss|82\/100|[from] item: Leftovers\n|-heal|p2a: Garganacl|72\/100|[from] item: Leftovers\n|-damage|p1b: Fezandipiti|1\/100|[from] Curse\n|-damage|p1a: Amoonguss|57\/100|[from] Curse\n|-damage|p1b: Fezandipiti|0 fnt|[from] Salt Cure\n|faint|p1b: Fezandipiti\n|upkeep\n|\n|t:|1698173428\n|switch|p1b: Iron Hands|Iron Hands|76\/100\n|-damage|p1b: Iron Hands|70\/100|[from] Stealth Rock\n|turn|27\n|\n|t:|1698173440\n|switch|p1a: Ogerpon|Ogerpon-Wellspring-Tera, F, tera:Water|63\/100\n|-damage|p1a: Ogerpon|51\/100|[from] Stealth Rock\n|-ability|p1a: Ogerpon|Embody Aspect (Wellspring)|boost\n|-boost|p1a: Ogerpon|spd|1\n|move|p2b: Ting-Lu|Protect|p2b: Ting-Lu\n|-singleturn|p2b: Ting-Lu|Protect\n|move|p1b: Iron Hands|Fake Out|p2b: Ting-Lu\n|-activate|p2b: Ting-Lu|move: Protect\n|move|p2a: Garganacl|Salt Cure|p1b: Iron Hands\n|-resisted|p1b: Iron Hands\n|-damage|p1b: Iron Hands|65\/100\n|-start|p1b: Iron Hands|Salt Cure\n|\n|-heal|p2b: Ting-Lu|100\/100|[from] item: Leftovers\n|-heal|p2a: Garganacl|78\/100|[from] item: Leftovers\n|-damage|p1b: Iron Hands|53\/100|[from] Salt Cure\n|upkeep\n|turn|28\n|inactive|Think2Ice has 120 seconds left.\n|inactive|UY QUE RICO PAPI! has 90 seconds left.\n|\n|t:|1698173465\n|-end|p1b: Iron Hands|Quark Drive|[silent]\n|switch|p1b: Amoonguss|Amoonguss, M|90\/100\n|-damage|p1b: Amoonguss|78\/100|[from] Stealth Rock\n|switch|p2b: Grimmsnarl|Grimmsnarl, M|56\/100 tox\n|move|p1a: Ogerpon|Leech Seed|p2b: Grimmsnarl\n|-start|p2b: Grimmsnarl|move: Leech Seed\n|move|p2a: Garganacl|Salt Cure|p1a: Ogerpon\n|-crit|p1a: Ogerpon\n|-damage|p1a: Ogerpon|27\/100\n|-start|p1a: Ogerpon|Salt Cure\n|\n|-heal|p1b: Amoonguss|84\/100|[from] item: Leftovers\n|-heal|p2a: Garganacl|85\/100|[from] item: Leftovers\n|-damage|p2b: Grimmsnarl|43\/100 tox|[from] Leech Seed|[of] p1a: Ogerpon\n|-heal|p1a: Ogerpon|40\/100|[silent]\n|-damage|p2b: Grimmsnarl|37\/100 tox|[from] psn\n|-damage|p1a: Ogerpon|15\/100|[from] Salt Cure\n|upkeep\n|turn|29\n|inactive|UY QUE RICO PAPI! has 90 seconds left.\n|inactive|Think2Ice has 120 seconds left.\n|\n|t:|1698173490\n|switch|p1a: Iron Hands|Iron Hands|53\/100\n|-damage|p1a: Iron Hands|47\/100|[from] Stealth Rock\n|move|p2b: Grimmsnarl|Reflect|p2b: Grimmsnarl\n|-sidestart|p2: UY QUE RICO PAPI!|Reflect\n|move|p1b: Amoonguss|Pollen Puff|p1a: Iron Hands\n|-heal|p1a: Iron Hands|97\/100\n|move|p2a: Garganacl|Salt Cure|p1b: Amoonguss\n|-damage|p1b: Amoonguss|69\/100\n|-start|p1b: Amoonguss|Salt Cure\n|\n|-heal|p1b: Amoonguss|75\/100|[from] item: Leftovers\n|-heal|p2a: Garganacl|91\/100|[from] item: Leftovers\n|-damage|p2b: Grimmsnarl|25\/100 tox|[from] Leech Seed|[of] p1a: Iron Hands\n|-heal|p1a: Iron Hands|100\/100|[silent]\n|-damage|p2b: Grimmsnarl|12\/100 tox|[from] psn\n|-damage|p1b: Amoonguss|62\/100|[from] Salt Cure\n|upkeep\n|turn|30\n|inactive|UY QUE RICO PAPI! has 90 seconds left.\n|inactive|Think2Ice has 120 seconds left.\n|\n|t:|1698173518\n|switch|p2b: Cresselia|Cresselia, F|100\/100 slp\n|move|p1b: Amoonguss|Protect|p1b: Amoonguss\n|-singleturn|p1b: Amoonguss|Protect\n|move|p1a: Iron Hands|Thunder Punch|p2b: Cresselia\n|-damage|p2b: Cresselia|86\/100 slp\n|move|p2a: Garganacl|Salt Cure|p1a: Iron Hands\n|-resisted|p1a: Iron Hands\n|-damage|p1a: Iron Hands|96\/100\n|-start|p1a: Iron Hands|Salt Cure\n|\n|-heal|p1b: Amoonguss|69\/100|[from] item: Leftovers\n|-heal|p2a: Garganacl|97\/100|[from] item: Leftovers\n|-damage|p1a: Iron Hands|84\/100|[from] Salt Cure\n|-damage|p1b: Amoonguss|56\/100|[from] Salt Cure\n|upkeep\n|turn|31\n|inactive|UY QUE RICO PAPI! has 90 seconds left.\n|inactive|Think2Ice has 120 seconds left.\n|\n|t:|1698173544\n|switch|p1b: Ogerpon|Ogerpon-Wellspring-Tera, F, tera:Water|15\/100\n|-damage|p1b: Ogerpon|3\/100|[from] Stealth Rock\n|-ability|p1b: Ogerpon|Embody Aspect (Wellspring)|boost\n|-boost|p1b: Ogerpon|spd|1\n|cant|p2b: Cresselia|slp\n|move|p1a: Iron Hands|Volt Switch|p2a: Garganacl\n|-damage|p2a: Garganacl|84\/100\n|inactive|Think2Ice has 120 seconds left.\n|\n|t:|1698173554\n|-end|p1a: Iron Hands|Quark Drive|[silent]\n|switch|p1a: Amoonguss|Amoonguss, M|89\/100|[from] Volt Switch\n|-damage|p1a: Amoonguss|77\/100|[from] Stealth Rock\n|move|p2a: Garganacl|Curse|p1a: Amoonguss\n|-start|p1a: Amoonguss|Curse|[of] p2a: Garganacl\n|-damage|p2a: Garganacl|34\/100\n|\n|-heal|p1a: Amoonguss|83\/100|[from] item: Leftovers\n|-heal|p2a: Garganacl|41\/100|[from] item: Leftovers\n|-damage|p1a: Amoonguss|58\/100|[from] Curse\n|upkeep\n|turn|32\n|\n|t:|1698173577\n|move|p2a: Garganacl|Protect|p2a: Garganacl\n|-singleturn|p2a: Garganacl|Protect\n|move|p1b: Ogerpon|Leech Seed|p2b: Cresselia\n|-start|p2b: Cresselia|move: Leech Seed\n|cant|p2b: Cresselia|slp\n|move|p1a: Amoonguss|Pollen Puff|p1b: Ogerpon\n|-heal|p1b: Ogerpon|53\/100\n|\n|-heal|p1a: Amoonguss|64\/100|[from] item: Leftovers\n|-heal|p2a: Garganacl|47\/100|[from] item: Leftovers\n|-damage|p2b: Cresselia|73\/100 slp|[from] Leech Seed|[of] p1b: Ogerpon\n|-heal|p1b: Ogerpon|68\/100|[silent]\n|-damage|p1a: Amoonguss|39\/100|[from] Curse\n|upkeep\n|turn|33\n|inactive|UY QUE RICO PAPI! has 120 seconds left.\n|\n|t:|1698173600\n|switch|p1a: Iron Hands|Iron Hands|84\/100\n|-damage|p1a: Iron Hands|78\/100|[from] Stealth Rock\n|move|p1b: Ogerpon|Ivy Cudgel|p2a: Garganacl\n|-crit|p2a: Garganacl\n|-damage|p2a: Garganacl|0 fnt\n|faint|p2a: Garganacl\n|cant|p2b: Cresselia|slp\n|\n|-damage|p2b: Cresselia|61\/100 slp|[from] Leech Seed|[of] p1b: Ogerpon\n|-heal|p1b: Ogerpon|83\/100|[silent]\n|upkeep\n|inactive|UY QUE RICO PAPI! has 120 seconds left.\n|\n|t:|1698173611\n|switch|p2a: Trevenant|Trevenant, F|69\/100\n|turn|34\n|\n|t:|1698173627\n|move|p1b: Ogerpon|Spiky Shield|p1b: Ogerpon\n|-singleturn|p1b: Ogerpon|move: Protect\n|move|p2a: Trevenant|Protect|p2a: Trevenant\n|-singleturn|p2a: Trevenant|Protect\n|-curestatus|p2b: Cresselia|slp|[msg]\n|move|p2b: Cresselia|Lunar Blessing|p2b: Cresselia|[spread] p2a,p2b\n|-heal|p2a: Trevenant|94\/100\n|-heal|p2b: Cresselia|86\/100\n|move|p1a: Iron Hands|Thunder Punch|p2a: Trevenant\n|-activate|p2a: Trevenant|move: Protect\n|\n|-damage|p2b: Cresselia|74\/100|[from] Leech Seed|[of] p1b: Ogerpon\n|-heal|p1b: Ogerpon|98\/100|[silent]\n|-item|p2a: Trevenant|Sitrus Berry|[from] ability: Harvest\n|upkeep\n|turn|35\n|inactive|Think2Ice has 120 seconds left.\n|\n|t:|1698173658\n|move|p1b: Ogerpon|Ivy Cudgel|p2a: Trevenant\n|-resisted|p2a: Trevenant\n|-damage|p2a: Trevenant|78\/100\n|move|p2b: Cresselia|Sunny Day|p2b: Cresselia\n|-weather|SunnyDay\n|move|p2a: Trevenant|Substitute|p2a: Trevenant\n|-start|p2a: Trevenant|Substitute\n|-damage|p2a: Trevenant|53\/100\n|move|p1a: Iron Hands|Thunder Punch|p2a: Trevenant\n|-resisted|p2a: Trevenant\n|-activate|p2a: Trevenant|move: Substitute|[damage]\n|\n|-weather|SunnyDay|[upkeep]\n|-damage|p2b: Cresselia|61\/100|[from] Leech Seed|[of] p1b: Ogerpon\n|-heal|p1b: Ogerpon|100\/100|[silent]\n|upkeep\n|turn|36\n|\n|t:|1698173679\n|switch|p2b: Ting-Lu|Ting-Lu|100\/100\n|-ability|p2b: Ting-Lu|Vessel of Ruin\n|-end|p1a: Iron Hands|Quark Drive|[silent]\n|switch|p1a: Amoonguss|Amoonguss, M|73\/100\n|-damage|p1a: Amoonguss|60\/100|[from] Stealth Rock\n|move|p1b: Ogerpon|Spiky Shield|p1b: Ogerpon\n|-singleturn|p1b: Ogerpon|move: Protect\n|move|p2a: Trevenant|Leech Seed|p1a: Amoonguss\n|-immune|p1a: Amoonguss\n|\n|-weather|SunnyDay|[upkeep]\n|-heal|p1a: Amoonguss|66\/100|[from] item: Leftovers\n|-sideend|p2: UY QUE RICO PAPI!|Reflect\n|upkeep\n|turn|37\n|c|\u2606Think2Ice|So xd\n|c|\u2606Think2Ice|U still love the play the gane\n|inactive|Think2Ice has 120 seconds left.\n|inactive|UY QUE RICO PAPI! has 120 seconds left.\n|c|\u2606UY QUE RICO PAPI!|:)\n|\n|t:|1698173726\n|move|p1b: Ogerpon|Leech Seed|p2b: Ting-Lu\n|-start|p2b: Ting-Lu|move: Leech Seed\n|move|p2a: Trevenant|Curse|p1a: Amoonguss\n|-start|p1a: Amoonguss|Curse|[of] p2a: Trevenant\n|-damage|p2a: Trevenant|3\/100\n|-enditem|p2a: Trevenant|Sitrus Berry|[eat]\n|-heal|p2a: Trevenant|28\/100|[from] item: Sitrus Berry\n|move|p2b: Ting-Lu|Mean Look|p1a: Amoonguss\n|-activate|p1a: Amoonguss|trapped\n|move|p1a: Amoonguss|Spore|p2b: Ting-Lu\n|-status|p2b: Ting-Lu|slp|[from] move: Spore\n|\n|-weather|SunnyDay|[upkeep]\n|-heal|p1a: Amoonguss|73\/100|[from] item: Leftovers\n|-damage|p2b: Ting-Lu|88\/100 slp|[from] Leech Seed|[of] p1b: Ogerpon\n|-damage|p1a: Amoonguss|48\/100|[from] Curse\n|-item|p2a: Trevenant|Sitrus Berry|[from] ability: Harvest\n|upkeep\n|-enditem|p2a: Trevenant|Sitrus Berry|[eat]\n|-heal|p2a: Trevenant|52\/100|[from] item: Sitrus Berry\n|turn|38\n|inactive|Think2Ice has 120 seconds left.\n|\n|t:|1698173755\n|cant|p2b: Ting-Lu|slp\n|move|p1b: Ogerpon|Ivy Cudgel|p2a: Trevenant\n|-resisted|p2a: Trevenant\n|-activate|p2a: Trevenant|move: Substitute|[damage]\n|move|p2a: Trevenant|Leech Seed|p1b: Ogerpon\n|-start|p1b: Ogerpon|move: Leech Seed\n|move|p1a: Amoonguss|Pollen Puff|p2a: Trevenant\n|-end|p2a: Trevenant|Substitute\n|\n|-weather|SunnyDay|[upkeep]\n|-heal|p2b: Ting-Lu|94\/100 slp|[from] item: Leftovers\n|-heal|p1a: Amoonguss|54\/100|[from] item: Leftovers\n|-damage|p1b: Ogerpon|88\/100|[from] Leech Seed|[of] p2a: Trevenant\n|-heal|p2a: Trevenant|64\/100|[silent]\n|-damage|p2b: Ting-Lu|82\/100 slp|[from] Leech Seed|[of] p1b: Ogerpon\n|-heal|p1b: Ogerpon|100\/100|[silent]\n|-damage|p1a: Amoonguss|29\/100|[from] Curse\n|-item|p2a: Trevenant|Sitrus Berry|[from] ability: Harvest\n|upkeep\n|turn|39\n|inactive|Think2Ice has 120 seconds left.\n|\n|t:|1698173780\n|move|p2a: Trevenant|Protect|p2a: Trevenant\n|-singleturn|p2a: Trevenant|Protect\n|move|p1b: Ogerpon|Ivy Cudgel|p2b: Ting-Lu\n|-supereffective|p2b: Ting-Lu\n|-damage|p2b: Ting-Lu|55\/100 slp\n|cant|p2b: Ting-Lu|slp\n|move|p1a: Amoonguss|Pollen Puff|p2b: Ting-Lu\n|-supereffective|p2b: Ting-Lu\n|-damage|p2b: Ting-Lu|33\/100 slp\n|\n|-weather|none\n|-heal|p2b: Ting-Lu|39\/100 slp|[from] item: Leftovers\n|-heal|p1a: Amoonguss|35\/100|[from] item: Leftovers\n|-damage|p1b: Ogerpon|88\/100|[from] Leech Seed|[of] p2a: Trevenant\n|-heal|p2a: Trevenant|76\/100|[silent]\n|-damage|p2b: Ting-Lu|27\/100 slp|[from] Leech Seed|[of] p1b: Ogerpon\n|-heal|p1b: Ogerpon|100\/100|[silent]\n|-damage|p1a: Amoonguss|10\/100|[from] Curse\n|upkeep\n|turn|40\n|inactive|Think2Ice has 120 seconds left.\n|\n|t:|1698173813\n|cant|p2b: Ting-Lu|slp\n|move|p1b: Ogerpon|Ivy Cudgel|p2a: Trevenant\n|-resisted|p2a: Trevenant\n|-damage|p2a: Trevenant|53\/100\n|move|p2a: Trevenant|Substitute|p2a: Trevenant\n|-start|p2a: Trevenant|Substitute\n|-damage|p2a: Trevenant|28\/100\n|-enditem|p2a: Trevenant|Sitrus Berry|[eat]\n|-heal|p2a: Trevenant|53\/100|[from] item: Sitrus Berry\n|move|p1a: Amoonguss|Pollen Puff|p2a: Trevenant\n|-activate|p2a: Trevenant|move: Substitute|[damage]\n|\n|-heal|p2b: Ting-Lu|33\/100 slp|[from] item: Leftovers\n|-heal|p1a: Amoonguss|16\/100|[from] item: Leftovers\n|-damage|p1b: Ogerpon|88\/100|[from] Leech Seed|[of] p2a: Trevenant\n|-heal|p2a: Trevenant|65\/100|[silent]\n|-damage|p2b: Ting-Lu|20\/100 slp|[from] Leech Seed|[of] p1b: Ogerpon\n|-heal|p1b: Ogerpon|100\/100|[silent]\n|-damage|p1a: Amoonguss|0 fnt|[from] Curse\n|faint|p1a: Amoonguss\n|upkeep\n|c|\u2606UY QUE RICO PAPI!|no escape this time buddy\n|inactive|Think2Ice has 90 seconds left.\n|c|\u2606Think2Ice|Wow so good player jesus\n|c|\u2606Think2Ice|Omg\n|c|\u2606UY QUE RICO PAPI!|nah\n|c|\u2606UY QUE RICO PAPI!|just havin fun\n|c|\u2606Think2Ice|U suck m8 xd like for real xd ahahah get a life\n|\n|t:|1698173853\n|switch|p1a: Iron Hands|Iron Hands|78\/100\n|-damage|p1a: Iron Hands|72\/100|[from] Stealth Rock\n|turn|41\n|c|\u2606UY QUE RICO PAPI!|lol\n|inactive|Think2Ice has 90 seconds left.\n|\n|t:|1698173876\n|move|p2a: Trevenant|Protect|p2a: Trevenant\n|-singleturn|p2a: Trevenant|Protect\n|move|p1b: Ogerpon|Ivy Cudgel|p2a: Trevenant\n|-activate|p2a: Trevenant|move: Protect\n|move|p1a: Iron Hands|Brick Break|p2b: Ting-Lu\n|-supereffective|p2b: Ting-Lu\n|-damage|p2b: Ting-Lu|0 fnt\n|faint|p2b: Ting-Lu\n|\n|-damage|p1b: Ogerpon|88\/100|[from] Leech Seed|[of] p2a: Trevenant\n|-heal|p2a: Trevenant|77\/100|[silent]\n|-item|p2a: Trevenant|Sitrus Berry|[from] ability: Harvest\n|upkeep\n|l|\u2606Think2Ice\n|inactive|Think2Ice disconnected and has a minute to reconnect!\n|player|p1|\n|\n|t:|1698173889\n|switch|p2b: Grimmsnarl|Grimmsnarl, M|12\/100 tox\n|turn|42\n|j|\u2606Think2Ice\n|inactive|Think2Ice reconnected and has 120 seconds left.\n|player|p1|Think2Ice|volkner\n|inactive|Think2Ice has 90 seconds left.\n|\n|t:|1698173932\n|move|p2b: Grimmsnarl|Parting Shot|p1b: Ogerpon\n|-unboost|p1b: Ogerpon|atk|1\n|-unboost|p1b: Ogerpon|spa|1\n|\n|t:|1698173944\n|switch|p2b: Glimmora|Glimmora, F|86\/100|[from] Parting Shot\n|move|p1b: Ogerpon|Horn Leech|p2b: Glimmora\n|-damage|p2b: Glimmora|68\/100\n|-heal|p1b: Ogerpon|98\/100|[from] drain|[of] p2b: Glimmora\n|-activate|p2b: Glimmora|ability: Toxic Debris\n|-sidestart|p1: Think2Ice|move: Toxic Spikes\n|move|p2a: Trevenant|Leech Seed|p1a: Iron Hands\n|-start|p1a: Iron Hands|move: Leech Seed\n|move|p1a: Iron Hands|Thunder Punch|p2a: Trevenant\n|-resisted|p2a: Trevenant\n|-end|p2a: Trevenant|Substitute\n|\n|-heal|p2b: Glimmora|74\/100|[from] item: Leftovers\n|-damage|p1b: Ogerpon|85\/100|[from] Leech Seed|[of] p2a: Trevenant\n|-heal|p2a: Trevenant|89\/100|[silent]\n|-damage|p1a: Iron Hands|60\/100|[from] Leech Seed|[of] p2a: Trevenant\n|-heal|p2a: Trevenant|100\/100|[silent]\n|upkeep\n|turn|43\n|inactive|Think2Ice has 90 seconds left.\n|\n|t:|1698173969\n|move|p1b: Ogerpon|Leech Seed|p2b: Glimmora\n|-start|p2b: Glimmora|move: Leech Seed\n|move|p2b: Glimmora|Mortal Spin|p1b: Ogerpon|[spread] p1a,p1b\n|-damage|p1a: Iron Hands|57\/100\n|-damage|p1b: Ogerpon|81\/100\n|-status|p1a: Iron Hands|psn\n|-status|p1b: Ogerpon|psn\n|-end|p2b: Glimmora|Leech Seed|[from] move: Mortal Spin|[of] p2b: Glimmora\n|move|p2a: Trevenant|Substitute|p2a: Trevenant\n|-start|p2a: Trevenant|Substitute\n|-damage|p2a: Trevenant|76\/100\n|move|p1a: Iron Hands|Brick Break|p2b: Glimmora\n|-damage|p2b: Glimmora|39\/100\n|-activate|p2b: Glimmora|ability: Toxic Debris\n|-sidestart|p1: Think2Ice|move: Toxic Spikes\n|\n|-heal|p2b: Glimmora|46\/100|[from] item: Leftovers\n|-damage|p1b: Ogerpon|69\/100 psn|[from] Leech Seed|[of] p2a: Trevenant\n|-heal|p2a: Trevenant|88\/100|[silent]\n|-damage|p1a: Iron Hands|44\/100 psn|[from] Leech Seed|[of] p2a: Trevenant\n|-heal|p2a: Trevenant|100\/100|[silent]\n|-damage|p1b: Ogerpon|56\/100 psn|[from] psn\n|-damage|p1a: Iron Hands|32\/100 psn|[from] psn\n|upkeep\n|turn|44\n|inactive|Think2Ice has 90 seconds left.\n|c|\u2606Think2Ice|Staling and staying alive xd\n|j|@Mathy\n|c|@Mathy|\/log Think2Ice was warned by Mathy. (Don't insult your opponents)\n|hidelines|unlink|think2ice\n|c|&|\/raw If you have questions about this action, please contact staff by making a <a href=\"view-help-request\" class=\"button\">help ticket<\/a>\n|l|@Mathy\n|inactive|Think2Ice has 60 seconds left.\n|c|\u2606Think2Ice|Brother get a life\n|c|\u2606UY QUE RICO PAPI!|lol try it is fun\n|\n|t:|1698174041\n|switch|p2b: Cresselia|Cresselia, F|61\/100\n|move|p1b: Ogerpon|Ivy Cudgel|p2b: Cresselia\n|-damage|p2b: Cresselia|38\/100\n|move|p2a: Trevenant|Curse|p1b: Ogerpon\n|-start|p1b: Ogerpon|Curse|[of] p2a: Trevenant\n|-damage|p2a: Trevenant|50\/100\n|-enditem|p2a: Trevenant|Sitrus Berry|[eat]\n|-heal|p2a: Trevenant|75\/100|[from] item: Sitrus Berry\n|move|p1a: Iron Hands|Brick Break|p2b: Cresselia\n|-resisted|p2b: Cresselia\n|-damage|p2b: Cresselia|27\/100\n|\n|-damage|p1b: Ogerpon|44\/100 psn|[from] Leech Seed|[of] p2a: Trevenant\n|-heal|p2a: Trevenant|87\/100|[silent]\n|-damage|p1a: Iron Hands|20\/100 psn|[from] Leech Seed|[of] p2a: Trevenant\n|-heal|p2a: Trevenant|100\/100|[silent]\n|-damage|p1b: Ogerpon|32\/100 psn|[from] psn\n|-damage|p1a: Iron Hands|7\/100 psn|[from] psn\n|-damage|p1b: Ogerpon|7\/100 psn|[from] Curse\n|-item|p2a: Trevenant|Sitrus Berry|[from] ability: Harvest\n|upkeep\n|turn|45\n|inactive|Think2Ice has 60 seconds left.\n|-message|Think2Ice forfeited.\n|\n|win|UY QUE RICO PAPI!\n|raw|Think2Ice's rating: 1366 &rarr; <strong>1341<\/strong><br \/>(-25 for losing)\n|raw|UY QUE RICO PAPI!'s rating: 1280 &rarr; <strong>1311<\/strong><br \/>(+31 for winning)\n|l|\u2606Think2Ice\n","uploadtime":1698173852,"views":15,"p1id":"think2ice","p2id":"uyquericopapi","formatid":"gen9doublesou","rating":1311,"private":0,"password":""}