{"id":"gen9doublesou-1993479146","p1":"Xitzel","p2":"Daddypoodoo","format":"[Gen 9] Doubles OU","log":"|j|\u2606Xitzel\n|j|\u2606Daddypoodoo\n|t:|1700322845\n|gametype|doubles\n|player|p1|Xitzel|cheren-gen5bw2|1039\n|player|p2|Daddypoodoo|rocketgruntf|1071\n|teamsize|p1|6\n|teamsize|p2|6\n|gen|9\n|tier|[Gen 9] Doubles OU\n|rated|\n|rule|Species Clause: Limit one of each Pok\u00e9mon\n|rule|OHKO Clause: OHKO moves are banned\n|rule|Evasion Moves Clause: Evasion moves are banned\n|rule|Gravity Sleep Clause: The combination of sleep-inducing moves with imperfect accuracy and Gravity or Gigantamax Orbeetle are banned\n|rule|Endless Battle Clause: Forcing endless battles is banned\n|rule|HP Percentage Mod: HP is shown in percentages\n|clearpoke\n|poke|p1|Ninetales, F|\n|poke|p1|Amoonguss, F|\n|poke|p1|Arcanine-Hisui, M|\n|poke|p1|Garganacl, M|\n|poke|p1|Toxtricity-Low-Key, M|\n|poke|p1|Azumarill, M|\n|poke|p2|Shiftry, M|\n|poke|p2|Roaring Moon|\n|poke|p2|Pelipper, M|\n|poke|p2|Brambleghast, F|\n|poke|p2|Kilowattrel, M|\n|poke|p2|Wattrel, M|\n|teampreview\n|\n|t:|1700322857\n|start\n|switch|p1a: Kibo|Ninetales, F|100\/100\n|switch|p1b: Toxtricity|Toxtricity-Low-Key, M|100\/100\n|switch|p2a: Brambleghast|Brambleghast, F|100\/100\n|switch|p2b: Kilowattrel|Kilowattrel, M|100\/100\n|-weather|SunnyDay|[from] ability: Drought|[of] p1a: Kibo\n|turn|1\n|\n|t:|1700322884\n|switch|p2b: Pelipper|Pelipper, M|100\/100\n|-weather|RainDance|[from] ability: Drizzle|[of] p2b: Pelipper\n|-terastallize|p1a: Kibo|Psychic\n|move|p1a: Kibo|Will-O-Wisp|p2b: Pelipper|[miss]\n|-miss|p1a: Kibo|p2b: Pelipper\n|move|p2a: Brambleghast|Phantom Force||[still]\n|-prepare|p2a: Brambleghast|Phantom Force\n|move|p1b: Toxtricity|Sludge Bomb|p2a: Brambleghast|[miss]\n|-miss|p1b: Toxtricity|p2a: Brambleghast\n|\n|-weather|RainDance|[upkeep]\n|upkeep\n|turn|2\n|\n|t:|1700322905\n|move|p1a: Kibo|Extrasensory|p2b: Pelipper\n|-damage|p2b: Pelipper|56\/100\n|move|p2a: Brambleghast|Phantom Force|p1a: Kibo|[from]lockedmove\n|-supereffective|p1a: Kibo\n|-damage|p1a: Kibo|0 fnt\n|faint|p1a: Kibo\n|move|p1b: Toxtricity|Volt Switch|p2b: Pelipper\n|-supereffective|p2b: Pelipper\n|-damage|p2b: Pelipper|0 fnt\n|faint|p2b: Pelipper\n|\n|t:|1700322919\n|switch|p1b: Dogie :D|Arcanine-Hisui, M|100\/100|[from] Volt Switch\n|-ability|p1b: Dogie :D|Intimidate|boost\n|-unboost|p2a: Brambleghast|atk|1\n|\n|-weather|RainDance|[upkeep]\n|upkeep\n|\n|t:|1700322933\n|switch|p1a: Degrease|Amoonguss, F|100\/100\n|switch|p2b: Kilowattrel|Kilowattrel, M|100\/100\n|turn|3\n|\n|t:|1700322949\n|switch|p2a: Roaring Moon|Roaring Moon|100\/100\n|-enditem|p2a: Roaring Moon|Booster Energy\n|-activate|p2a: Roaring Moon|ability: Protosynthesis|[fromitem]\n|-start|p2a: Roaring Moon|protosynthesisatk\n|-terastallize|p2b: Kilowattrel|Ground\n|move|p1a: Degrease|Rage Powder|p1a: Degrease\n|-singleturn|p1a: Degrease|move: Rage Powder\n|move|p2b: Kilowattrel|Tera Blast|p1a: Degrease|[anim] Tera Blast Ground\n|-damage|p1a: Degrease|59\/100\n|move|p1b: Dogie :D|Head Smash|p2b: Kilowattrel\n|-resisted|p2b: Kilowattrel\n|-damage|p2b: Kilowattrel|32\/100\n|-damage|p1b: Dogie :D|71\/100|[from] Recoil\n|\n|-weather|RainDance|[upkeep]\n|upkeep\n|turn|4\n|\n|t:|1700322972\n|move|p1a: Degrease|Rage Powder|p1a: Degrease\n|-singleturn|p1a: Degrease|move: Rage Powder\n|move|p2b: Kilowattrel|Tera Blast|p1a: Degrease|[anim] Tera Blast Ground\n|-damage|p1a: Degrease|18\/100\n|move|p2a: Roaring Moon|Acrobatics|p1a: Degrease\n|-supereffective|p1a: Degrease\n|-damage|p1a: Degrease|0 fnt\n|faint|p1a: Degrease\n|move|p1b: Dogie :D|Rock Slide|p2a: Roaring Moon|[spread] p2a,p2b\n|-resisted|p2b: Kilowattrel\n|-crit|p2b: Kilowattrel\n|-damage|p2a: Roaring Moon|67\/100\n|-damage|p2b: Kilowattrel|0 fnt\n|faint|p2b: Kilowattrel\n|\n|-weather|RainDance|[upkeep]\n|upkeep\n|\n|t:|1700322991\n|switch|p2b: Brambleghast|Brambleghast, F|100\/100\n|switch|p1a: Azumarill|Azumarill, M|100\/100\n|turn|5\n|\n|t:|1700323009\n|move|p2a: Roaring Moon|Tailwind|p2a: Roaring Moon\n|-sidestart|p2: Daddypoodoo|move: Tailwind\n|-ability|p2b: Brambleghast|Wind Rider|boost\n|-boost|p2b: Brambleghast|atk|1\n|move|p2b: Brambleghast|Phantom Force||[still]\n|-prepare|p2b: Brambleghast|Phantom Force\n|move|p1b: Dogie :D|Head Smash|p2a: Roaring Moon|[miss]\n|-miss|p1b: Dogie :D|p2a: Roaring Moon\n|move|p1a: Azumarill|Play Rough|p2a: Roaring Moon\n|-supereffective|p2a: Roaring Moon\n|-crit|p2a: Roaring Moon\n|-damage|p2a: Roaring Moon|0 fnt\n|faint|p2a: Roaring Moon\n|-end|p2a: Roaring Moon|Protosynthesis|[silent]\n|\n|-weather|none\n|upkeep\n|\n|t:|1700323025\n|switch|p2a: Shiftry|Shiftry, M|100\/100\n|-ability|p2a: Shiftry|Wind Rider|boost\n|-boost|p2a: Shiftry|atk|1\n|turn|6\n|\n|t:|1700323051\n|move|p2a: Shiftry|Brick Break|p1b: Dogie :D\n|-supereffective|p1b: Dogie :D\n|-damage|p1b: Dogie :D|0 fnt\n|faint|p1b: Dogie :D\n|move|p2b: Brambleghast|Phantom Force|p1a: Azumarill|[from]lockedmove\n|-damage|p1a: Azumarill|43\/100\n|move|p1a: Azumarill|Play Rough|p2a: Shiftry\n|-supereffective|p2a: Shiftry\n|-damage|p2a: Shiftry|0 fnt\n|faint|p2a: Shiftry\n|\n|upkeep\n|\n|t:|1700323063\n|switch|p1b: Galio|Garganacl, M|100\/100\n|switch|p2a: Wattrel|Wattrel, M|100\/100\n|turn|7\n|\n|t:|1700323080\n|move|p1a: Azumarill|Aqua Jet|p2b: Brambleghast\n|-resisted|p2b: Brambleghast\n|-damage|p2b: Brambleghast|78\/100\n|move|p2b: Brambleghast|Power Whip|p1b: Galio\n|-supereffective|p1b: Galio\n|-enditem|p1b: Galio|Focus Sash\n|-damage|p1b: Galio|1\/100\n|move|p2a: Wattrel|Discharge|p1a: Azumarill|[spread] p2b,p1a,p1b\n|-resisted|p2b: Brambleghast\n|-supereffective|p1a: Azumarill\n|-damage|p2b: Brambleghast|67\/100\n|-damage|p1a: Azumarill|2\/100\n|-damage|p1b: Galio|0 fnt\n|faint|p1b: Galio\n|\n|upkeep\n|\n|t:|1700323082\n|switch|p1b: Toxtricity|Toxtricity-Low-Key, M|100\/100\n|turn|8\n|\n|t:|1700323103\n|move|p1a: Azumarill|Aqua Jet|p2a: Wattrel\n|-damage|p2a: Wattrel|48\/100\n|move|p2b: Brambleghast|Rollout|p1a: Azumarill|[miss]\n|-miss|p2b: Brambleghast|p1a: Azumarill\n|move|p2a: Wattrel|Hurricane|p1b: Toxtricity\n|-resisted|p1b: Toxtricity\n|-damage|p1b: Toxtricity|75\/100\n|move|p1b: Toxtricity|Sludge Bomb|p2b: Brambleghast\n|-damage|p2b: Brambleghast|11\/100\n|\n|-heal|p1b: Toxtricity|81\/100|[from] item: Leftovers\n|-sideend|p2: Daddypoodoo|move: Tailwind\n|upkeep\n|turn|9\n|\n|t:|1700323123\n|move|p1a: Azumarill|Aqua Jet|p2b: Brambleghast\n|-resisted|p2b: Brambleghast\n|-damage|p2b: Brambleghast|0 fnt\n|faint|p2b: Brambleghast\n|move|p2a: Wattrel|Hurricane|p1a: Azumarill|[miss]\n|-miss|p2a: Wattrel|p1a: Azumarill\n|move|p1b: Toxtricity|Sludge Bomb|p2a: Wattrel\n|-damage|p2a: Wattrel|0 fnt\n|faint|p2a: Wattrel\n|\n|win|Xitzel\n|raw|Xitzel's rating: 1039 &rarr; <strong>1076<\/strong><br \/>(+37 for winning)\n|raw|Daddypoodoo's rating: 1071 &rarr; <strong>1048<\/strong><br \/>(-23 for losing)\n|l|\u2606Daddypoodoo\n|c|\u2606Xitzel|Gg\n","uploadtime":1700323142,"views":18,"p1id":"xitzel","p2id":"daddypoodoo","formatid":"gen9doublesou","rating":1048,"private":0,"password":""}