{"id":"gen9doublesou-1973346936","p1":"Thehombre","p2":"boby6969","format":"[Gen 9] Doubles OU","log":"|j|\u2606Thehombre\n|j|\u2606boby6969\n|t:|1697958887\n|gametype|doubles\n|player|p1|Thehombre|266|1046\n|player|p2|boby6969|169|1146\n|teamsize|p1|6\n|teamsize|p2|6\n|gen|9\n|tier|[Gen 9] Doubles OU\n|rated|\n|rule|Species Clause: Limit one of each Pok\u00e9mon\n|rule|OHKO Clause: OHKO moves are banned\n|rule|Evasion Moves Clause: Evasion moves are banned\n|rule|Gravity Sleep Clause: The combination of sleep-inducing moves with imperfect accuracy and Gravity or Gigantamax Orbeetle are banned\n|rule|Endless Battle Clause: Forcing endless battles is banned\n|rule|HP Percentage Mod: HP is shown in percentages\n|clearpoke\n|poke|p1|Fezandipiti, M|\n|poke|p1|Ninetales-Alola, M|\n|poke|p1|Infernape, M|\n|poke|p1|Umbreon, M|\n|poke|p1|Maushold-Four|\n|poke|p1|Great Tusk|\n|poke|p2|Amoonguss, F|\n|poke|p2|Corviknight, M|\n|poke|p2|Kingambit, M|\n|poke|p2|Walking Wake|\n|poke|p2|Ceruledge, F|\n|poke|p2|Toxapex, M|\n|teampreview\n|inactive|Battle timer is ON: inactive players will automatically lose when time's up. (requested by Thehombre)\n|\n|t:|1697958894\n|start\n|switch|p1a: Fezandipiti|Fezandipiti, M|100\/100\n|switch|p1b: Ninetales|Ninetales-Alola, M|100\/100\n|switch|p2a: Walking Wake|Walking Wake|100\/100\n|switch|p2b: Ceruledge|Ceruledge, F, shiny|100\/100\n|-weather|Snow|[from] ability: Snow Warning|[of] p1b: Ninetales\n|turn|1\n|\n|t:|1697958911\n|-end|p2a: Walking Wake|Protosynthesis|[silent]\n|switch|p2a: Corviknight|Corviknight, M|100\/100\n|-terastallize|p2b: Ceruledge|Fire\n|move|p1b: Ninetales|Aurora Veil|p1b: Ninetales\n|-sidestart|p1: Thehombre|move: Aurora Veil\n|move|p1a: Fezandipiti|Icy Wind|p2b: Ceruledge|[spread] p2a,p2b\n|-resisted|p2b: Ceruledge\n|-damage|p2a: Corviknight|94\/100\n|-damage|p2b: Ceruledge|96\/100\n|-ability|p2a: Corviknight|Mirror Armor\n|-unboost|p1a: Fezandipiti|spe|1\n|-unboost|p2b: Ceruledge|spe|1\n|-status|p2b: Ceruledge|tox|[from] ability: Toxic Chain|[of] p1a: Fezandipiti\n|move|p2b: Ceruledge|Bitter Blade|p1b: Ninetales\n|-supereffective|p1b: Ninetales\n|-damage|p1b: Ninetales|0 fnt\n|-heal|p2b: Ceruledge|100\/100 tox|[from] drain|[of] p1b: Ninetales\n|faint|p1b: Ninetales\n|-damage|p2b: Ceruledge|91\/100 tox|[from] item: Life Orb\n|\n|-weather|Snow|[upkeep]\n|-heal|p2a: Corviknight|99\/100|[from] item: Leftovers\n|-damage|p2b: Ceruledge|84\/100 tox|[from] psn\n|upkeep\n|\n|t:|1697958929\n|switch|p1b: Great Tusk|Great Tusk|100\/100\n|turn|2\n|\n|t:|1697958945\n|move|p1a: Fezandipiti|Icy Wind|p2b: Ceruledge|[spread] p2b\n|-miss|p1a: Fezandipiti|p2a: Corviknight\n|-resisted|p2b: Ceruledge\n|-damage|p2b: Ceruledge|80\/100 tox\n|-unboost|p2b: Ceruledge|spe|1\n|move|p1b: Great Tusk|Stomping Tantrum|p2b: Ceruledge\n|-supereffective|p2b: Ceruledge\n|-damage|p2b: Ceruledge|0 fnt\n|faint|p2b: Ceruledge\n|move|p2a: Corviknight|Drill Peck|p1b: Great Tusk\n|-supereffective|p1b: Great Tusk\n|-damage|p1b: Great Tusk|80\/100\n|\n|-weather|Snow|[upkeep]\n|-heal|p1b: Great Tusk|86\/100|[from] item: Leftovers\n|-heal|p2a: Corviknight|100\/100|[from] item: Leftovers\n|upkeep\n|\n|t:|1697958963\n|switch|p2b: Walking Wake|Walking Wake|100\/100\n|turn|3\n|\n|t:|1697958974\n|move|p1b: Great Tusk|Protect|p1b: Great Tusk\n|-singleturn|p1b: Great Tusk|Protect\n|move|p2b: Walking Wake|Scald|p1b: Great Tusk\n|-activate|p1b: Great Tusk|move: Protect\n|move|p1a: Fezandipiti|Icy Wind|p2a: Corviknight|[spread] p2a,p2b\n|-damage|p2a: Corviknight|94\/100\n|-damage|p2b: Walking Wake|93\/100\n|-ability|p2a: Corviknight|Mirror Armor\n|-unboost|p1a: Fezandipiti|spe|1\n|-unboost|p2b: Walking Wake|spe|1\n|move|p2a: Corviknight|Drill Peck|p1b: Great Tusk\n|-activate|p1b: Great Tusk|move: Protect\n|\n|-weather|Snow|[upkeep]\n|-heal|p1b: Great Tusk|92\/100|[from] item: Leftovers\n|-heal|p2a: Corviknight|99\/100|[from] item: Leftovers\n|upkeep\n|turn|4\n|\n|t:|1697958997\n|move|p2b: Walking Wake|Scald|p1b: Great Tusk\n|-supereffective|p1b: Great Tusk\n|-damage|p1b: Great Tusk|5\/100\n|-damage|p2b: Walking Wake|83\/100|[from] item: Life Orb\n|move|p1b: Great Tusk|Stomping Tantrum|p2b: Walking Wake\n|-damage|p2b: Walking Wake|37\/100\n|move|p2a: Corviknight|Drill Peck|p1b: Great Tusk\n|-supereffective|p1b: Great Tusk\n|-damage|p1b: Great Tusk|0 fnt\n|faint|p1b: Great Tusk\n|-end|p1b: Great Tusk|Protosynthesis|[silent]\n|move|p1a: Fezandipiti|Beat Up|p2b: Walking Wake\n|-damage|p2b: Walking Wake|33\/100\n|-status|p2b: Walking Wake|tox|[from] ability: Toxic Chain|[of] p1a: Fezandipiti\n|-damage|p2b: Walking Wake|28\/100 tox\n|-damage|p2b: Walking Wake|25\/100 tox\n|-damage|p2b: Walking Wake|21\/100 tox\n|-hitcount|p2b: Walking Wake|4\n|\n|-weather|Snow|[upkeep]\n|-heal|p2a: Corviknight|100\/100|[from] item: Leftovers\n|-damage|p2b: Walking Wake|15\/100 tox|[from] psn\n|upkeep\n|inactive|Thehombre has 120 seconds left.\n|\n|t:|1697959020\n|switch|p1b: Infernape|Infernape, M|100\/100\n|turn|5\n|\n|t:|1697959031\n|move|p1b: Infernape|Mach Punch|p2b: Walking Wake\n|-damage|p2b: Walking Wake|0 fnt\n|faint|p2b: Walking Wake\n|-end|p2b: Walking Wake|Protosynthesis|[silent]\n|move|p2a: Corviknight|Drill Peck|p1b: Infernape\n|-supereffective|p1b: Infernape\n|-damage|p1b: Infernape|40\/100\n|move|p1a: Fezandipiti|Dazzling Gleam|p2a: Corviknight\n|-resisted|p2a: Corviknight\n|-damage|p2a: Corviknight|90\/100\n|\n|-weather|none\n|-heal|p1b: Infernape|46\/100|[from] item: Leftovers\n|-heal|p2a: Corviknight|96\/100|[from] item: Leftovers\n|upkeep\n|\n|t:|1697959044\n|switch|p2b: Toxapex|Toxapex, M, shiny|100\/100\n|turn|6\n|\n|t:|1697959057\n|switch|p1a: Maushold|Maushold-Four|100\/100\n|move|p1b: Infernape|Flamethrower|p2a: Corviknight\n|-supereffective|p2a: Corviknight\n|-damage|p2a: Corviknight|38\/100\n|move|p2a: Corviknight|Heavy Slam|p1a: Maushold\n|-damage|p1a: Maushold|55\/100\n|move|p2b: Toxapex|Liquidation|p1b: Infernape\n|-supereffective|p1b: Infernape\n|-damage|p1b: Infernape|0 fnt\n|faint|p1b: Infernape\n|\n|-heal|p2a: Corviknight|45\/100|[from] item: Leftovers\n|upkeep\n|\n|t:|1697959067\n|switch|p1b: Umbreon|Umbreon, M|100\/100\n|turn|7\n|\n|t:|1697959084\n|move|p2b: Toxapex|Baneful Bunker|p2b: Toxapex\n|-singleturn|p2b: Toxapex|move: Protect\n|move|p1a: Maushold|Population Bomb|p2a: Corviknight\n|-resisted|p2a: Corviknight\n|-damage|p2a: Corviknight|40\/100\n|-resisted|p2a: Corviknight\n|-damage|p2a: Corviknight|36\/100\n|-resisted|p2a: Corviknight\n|-damage|p2a: Corviknight|31\/100\n|-resisted|p2a: Corviknight\n|-damage|p2a: Corviknight|27\/100\n|-resisted|p2a: Corviknight\n|-damage|p2a: Corviknight|23\/100\n|-resisted|p2a: Corviknight\n|-damage|p2a: Corviknight|19\/100\n|-resisted|p2a: Corviknight\n|-damage|p2a: Corviknight|15\/100\n|-resisted|p2a: Corviknight\n|-damage|p2a: Corviknight|10\/100\n|-resisted|p2a: Corviknight\n|-damage|p2a: Corviknight|6\/100\n|-resisted|p2a: Corviknight\n|-damage|p2a: Corviknight|1\/100\n|-hitcount|p2a: Corviknight|10\n|move|p2a: Corviknight|Body Press|p1b: Umbreon\n|-supereffective|p1b: Umbreon\n|-damage|p1b: Umbreon|78\/100\n|move|p1b: Umbreon|Curse|p1b: Umbreon\n|-unboost|p1b: Umbreon|spe|1\n|-boost|p1b: Umbreon|atk|1\n|-boost|p1b: Umbreon|def|1\n|\n|-heal|p2a: Corviknight|8\/100|[from] item: Leftovers\n|-heal|p1b: Umbreon|84\/100|[from] item: Leftovers\n|upkeep\n|turn|8\n|inactive|boby6969 has 120 seconds left.\n|\n|t:|1697959123\n|move|p1a: Maushold|Encore|p2b: Toxapex\n|-start|p2b: Toxapex|Encore\n|move|p2a: Corviknight|Body Press|p1a: Maushold\n|-supereffective|p1a: Maushold\n|-damage|p1a: Maushold|1\/100\n|move|p1b: Umbreon|Calm Mind|p1b: Umbreon\n|-boost|p1b: Umbreon|spa|1\n|-boost|p1b: Umbreon|spd|1\n|move|p2b: Toxapex|Baneful Bunker||[still]\n|-fail|p2b: Toxapex\n|\n|-heal|p2a: Corviknight|14\/100|[from] item: Leftovers\n|-heal|p1b: Umbreon|90\/100|[from] item: Leftovers\n|-sideend|p1: Thehombre|move: Aurora Veil\n|upkeep\n|turn|9\n|\n|t:|1697959140\n|move|p2b: Toxapex|Baneful Bunker|p2b: Toxapex\n|-singleturn|p2b: Toxapex|move: Protect\n|move|p1a: Maushold|Population Bomb|p2a: Corviknight\n|-resisted|p2a: Corviknight\n|-damage|p2a: Corviknight|9\/100\n|-resisted|p2a: Corviknight\n|-damage|p2a: Corviknight|5\/100\n|-resisted|p2a: Corviknight\n|-damage|p2a: Corviknight|0 fnt\n|faint|p2a: Corviknight\n|-hitcount|p2: Corviknight|3\n|move|p1b: Umbreon|Stored Power|p2b: Toxapex\n|-activate|p2b: Toxapex|move: Protect\n|\n|-heal|p1b: Umbreon|96\/100|[from] item: Leftovers\n|upkeep\n|inactive|boby6969 has 120 seconds left.\n|\n|t:|1697959155\n|switch|p2a: Kingambit|Kingambit, M, shiny|100\/100\n|-activate|p2a: Kingambit|ability: Supreme Overlord\n|-start|p2a: Kingambit|fallen3|[silent]\n|turn|10\n|\n|t:|1697959164\n|switch|p1a: Fezandipiti|Fezandipiti, M|100\/100\n|switch|p2b: Amoonguss|Amoonguss, F, shiny|100\/100\n|move|p2a: Kingambit|Sucker Punch||[still]\n|-fail|p2a: Kingambit\n|move|p1b: Umbreon|Stored Power|p2b: Amoonguss\n|-supereffective|p2b: Amoonguss\n|-damage|p2b: Amoonguss|62\/100\n|\n|-heal|p1b: Umbreon|100\/100|[from] item: Leftovers\n|-heal|p2b: Amoonguss|68\/100|[from] item: Leftovers\n|upkeep\n|turn|11\n|\n|t:|1697959187\n|move|p1a: Fezandipiti|Double Kick|p2a: Kingambit\n|-supereffective|p2a: Kingambit\n|-damage|p2a: Kingambit|75\/100\n|-supereffective|p2a: Kingambit\n|-damage|p2a: Kingambit|53\/100\n|-hitcount|p2a: Kingambit|2\n|move|p2a: Kingambit|Brick Break|p1b: Umbreon\n|-supereffective|p1b: Umbreon\n|-damage|p1b: Umbreon|63\/100\n|move|p1b: Umbreon|Foul Play|p2a: Kingambit\n|-resisted|p2a: Kingambit\n|-damage|p2a: Kingambit|34\/100\n|-enditem|p2a: Kingambit|Sitrus Berry|[eat]\n|-heal|p2a: Kingambit|59\/100|[from] item: Sitrus Berry\n|move|p2b: Amoonguss|Spore|p1b: Umbreon\n|-status|p1b: Umbreon|slp|[from] move: Spore\n|\n|-heal|p1b: Umbreon|69\/100 slp|[from] item: Leftovers\n|-heal|p2b: Amoonguss|74\/100|[from] item: Leftovers\n|upkeep\n|turn|12\n|\n|t:|1697959207\n|move|p1a: Fezandipiti|Double Kick|p2a: Kingambit\n|-supereffective|p2a: Kingambit\n|-damage|p2a: Kingambit|36\/100\n|-supereffective|p2a: Kingambit\n|-damage|p2a: Kingambit|11\/100\n|-hitcount|p2a: Kingambit|2\n|move|p2a: Kingambit|Iron Head|p1a: Fezandipiti\n|-supereffective|p1a: Fezandipiti\n|-damage|p1a: Fezandipiti|0 fnt\n|faint|p1a: Fezandipiti\n|cant|p1b: Umbreon|slp\n|move|p2b: Amoonguss|Spore|p1b: Umbreon\n|-fail|p1b: Umbreon|slp\n|\n|-heal|p1b: Umbreon|75\/100 slp|[from] item: Leftovers\n|-heal|p2b: Amoonguss|80\/100|[from] item: Leftovers\n|upkeep\n|\n|t:|1697959212\n|switch|p1a: Maushold|Maushold-Four|1\/100\n|turn|13\n|\n|t:|1697959228\n|move|p2a: Kingambit|Sucker Punch||[still]\n|-fail|p2a: Kingambit\n|move|p1a: Maushold|Encore|p2b: Amoonguss\n|-start|p2b: Amoonguss|Encore\n|cant|p1b: Umbreon|slp\n|move|p2b: Amoonguss|Spore|p1b: Umbreon\n|-fail|p1b: Umbreon|slp\n|\n|-heal|p1b: Umbreon|81\/100 slp|[from] item: Leftovers\n|-heal|p2b: Amoonguss|87\/100|[from] item: Leftovers\n|upkeep\n|turn|14\n|\n|t:|1697959243\n|move|p2a: Kingambit|Sucker Punch||[still]\n|-fail|p2a: Kingambit\n|move|p1a: Maushold|Encore|p2a: Kingambit\n|-start|p2a: Kingambit|Encore\n|-curestatus|p1b: Umbreon|slp|[msg]\n|move|p1b: Umbreon|Foul Play|p2a: Kingambit\n|-resisted|p2a: Kingambit\n|-damage|p2a: Kingambit|0 fnt\n|faint|p2a: Kingambit\n|-end|p2a: Kingambit|fallen3|[silent]\n|move|p2b: Amoonguss|Spore|p1b: Umbreon\n|-status|p1b: Umbreon|slp|[from] move: Spore\n|\n|-heal|p1b: Umbreon|87\/100 slp|[from] item: Leftovers\n|-heal|p2b: Amoonguss|93\/100|[from] item: Leftovers\n|upkeep\n|\n|t:|1697959256\n|switch|p2a: Toxapex|Toxapex, M, shiny|100\/100\n|turn|15\n|\n|t:|1697959265\n|-terastallize|p1a: Maushold|Normal\n|move|p1a: Maushold|Population Bomb|p2b: Amoonguss\n|-damage|p2b: Amoonguss|73\/100\n|-damage|p2b: Amoonguss|56\/100\n|-damage|p2b: Amoonguss|38\/100\n|-damage|p2b: Amoonguss|20\/100\n|-hitcount|p2b: Amoonguss|4\n|cant|p1b: Umbreon|slp\n|move|p2a: Toxapex|Liquidation|p1a: Maushold\n|-damage|p1a: Maushold|0 fnt\n|faint|p1a: Maushold\n|move|p2b: Amoonguss|Spore|p1b: Umbreon\n|-fail|p1b: Umbreon|slp\n|\n|-heal|p1b: Umbreon|93\/100 slp|[from] item: Leftovers\n|-heal|p2b: Amoonguss|26\/100|[from] item: Leftovers\n|-end|p2b: Amoonguss|Encore\n|upkeep\n|turn|16\n|\n|t:|1697959294\n|move|p2b: Amoonguss|Protect|p2b: Amoonguss\n|-singleturn|p2b: Amoonguss|Protect\n|-curestatus|p1b: Umbreon|slp|[msg]\n|move|p1b: Umbreon|Stored Power|p2b: Amoonguss\n|-activate|p2b: Amoonguss|move: Protect\n|move|p2a: Toxapex|Liquidation|p1b: Umbreon\n|-damage|p1b: Umbreon|82\/100\n|\n|-heal|p1b: Umbreon|88\/100|[from] item: Leftovers\n|-heal|p2b: Amoonguss|33\/100|[from] item: Leftovers\n|upkeep\n|turn|17\n|\n|t:|1697959310\n|move|p1b: Umbreon|Stored Power|p2b: Amoonguss\n|-supereffective|p2b: Amoonguss\n|-damage|p2b: Amoonguss|0 fnt\n|faint|p2b: Amoonguss\n|move|p2a: Toxapex|Toxic|p1b: Umbreon\n|-status|p1b: Umbreon|tox\n|-activate|p1b: Umbreon|ability: Synchronize\n|-immune|p2a: Toxapex\n|\n|-heal|p1b: Umbreon|94\/100 tox|[from] item: Leftovers\n|-damage|p1b: Umbreon|88\/100 tox|[from] psn\n|upkeep\n|turn|18\n|\n|t:|1697959322\n|move|p2a: Toxapex|Baneful Bunker|p2a: Toxapex\n|-singleturn|p2a: Toxapex|move: Protect\n|move|p1b: Umbreon|Calm Mind|p1b: Umbreon\n|-boost|p1b: Umbreon|spa|1\n|-boost|p1b: Umbreon|spd|1\n|\n|-heal|p1b: Umbreon|94\/100 tox|[from] item: Leftovers\n|-damage|p1b: Umbreon|82\/100 tox|[from] psn\n|upkeep\n|turn|19\n|\n|t:|1697959334\n|move|p1b: Umbreon|Stored Power|p2a: Toxapex\n|-supereffective|p2a: Toxapex\n|-damage|p2a: Toxapex|40\/100\n|move|p2a: Toxapex|Liquidation|p1b: Umbreon\n|-crit|p1b: Umbreon\n|-damage|p1b: Umbreon|55\/100 tox\n|\n|-heal|p1b: Umbreon|62\/100 tox|[from] item: Leftovers\n|-heal|p2a: Toxapex|46\/100|[from] item: Leftovers\n|-damage|p1b: Umbreon|43\/100 tox|[from] psn\n|upkeep\n|turn|20\n|\n|t:|1697959344\n|move|p2a: Toxapex|Baneful Bunker|p2a: Toxapex\n|-singleturn|p2a: Toxapex|move: Protect\n|move|p1b: Umbreon|Calm Mind|p1b: Umbreon\n|-boost|p1b: Umbreon|spa|1\n|-boost|p1b: Umbreon|spd|1\n|\n|-heal|p1b: Umbreon|49\/100 tox|[from] item: Leftovers\n|-heal|p2a: Toxapex|52\/100|[from] item: Leftovers\n|-damage|p1b: Umbreon|25\/100 tox|[from] psn\n|upkeep\n|turn|21\n|\n|t:|1697959355\n|move|p1b: Umbreon|Stored Power|p2a: Toxapex\n|-supereffective|p2a: Toxapex\n|-damage|p2a: Toxapex|0 fnt\n|faint|p2a: Toxapex\n|\n|win|Thehombre\n|raw|Thehombre's rating: 1046 &rarr; <strong>1088<\/strong><br \/>(+42 for winning)\n|raw|boby6969's rating: 1146 &rarr; <strong>1114<\/strong><br \/>(-32 for losing)\n","uploadtime":1697959358,"views":24,"p1id":"thehombre","p2id":"boby6969","formatid":"gen9doublesou","rating":1088,"private":0,"password":""}