{"id":"gen9doublesou-1986533431","p1":"coburnn","p2":"mahameloplatano","format":"[Gen 9] Doubles OU","log":"|j|\u2606coburnn\n|j|\u2606mahameloplatano\n|t:|1699489038\n|gametype|doubles\n|player|p1|coburnn|1|1412\n|player|p2|mahameloplatano|170|1609\n|teamsize|p1|6\n|teamsize|p2|6\n|gen|9\n|tier|[Gen 9] Doubles OU\n|rated|\n|rule|Species Clause: Limit one of each Pok\u00e9mon\n|rule|OHKO Clause: OHKO moves are banned\n|rule|Evasion Moves Clause: Evasion moves are banned\n|rule|Gravity Sleep Clause: The combination of sleep-inducing moves with imperfect accuracy and Gravity or Gigantamax Orbeetle are banned\n|rule|Endless Battle Clause: Forcing endless battles is banned\n|rule|HP Percentage Mod: HP is shown in percentages\n|clearpoke\n|poke|p1|Farigiraf, M|\n|poke|p1|Clefairy, F|\n|poke|p1|Ogerpon-Hearthflame, F|\n|poke|p1|Ursaluna-Bloodmoon, M|\n|poke|p1|Okidogi, M|\n|poke|p1|Inteleon, M|\n|poke|p2|Tyranitar, F|\n|poke|p2|Grimmsnarl, M|\n|poke|p2|Medicham, F|\n|poke|p2|Gholdengo|\n|poke|p2|Cresselia, F|\n|poke|p2|Farigiraf, M|\n|teampreview\n|inactive|Battle timer is ON: inactive players will automatically lose when time's up. (requested by mahameloplatano)\n|\n|t:|1699489060\n|start\n|switch|p1a: Okidogi|Okidogi, M|100\/100\n|switch|p1b: Ogerpon|Ogerpon-Hearthflame, F|100\/100\n|switch|p2a: Farigiraf|Farigiraf, M|100\/100\n|switch|p2b: Tyranitar|Tyranitar, F|100\/100\n|-ability|p1b: Ogerpon|Mold Breaker\n|-weather|Sandstorm|[from] ability: Sand Stream|[of] p2b: Tyranitar\n|turn|1\n|\n|t:|1699489078\n|-terastallize|p1b: Ogerpon|Fire\n|detailschange|p1b: Ogerpon|Ogerpon-Hearthflame-Tera, F, tera:Fire\n|-ability|p1b: Ogerpon|Embody Aspect (Hearthflame)|boost\n|-boost|p1b: Ogerpon|atk|1\n|-terastallize|p2b: Tyranitar|Ghost\n|move|p1b: Ogerpon|Ivy Cudgel|p2a: Farigiraf\n|-crit|p2a: Farigiraf\n|-damage|p2a: Farigiraf|0 fnt\n|faint|p2a: Farigiraf\n|move|p1a: Okidogi|Brick Break|p2b: Tyranitar\n|-immune|p2b: Tyranitar\n|move|p2b: Tyranitar|Rock Slide|p1b: Ogerpon|[spread] p1a,p1b\n|-resisted|p1a: Okidogi\n|-supereffective|p1b: Ogerpon\n|-damage|p1a: Okidogi|88\/100\n|-damage|p1b: Ogerpon|21\/100\n|\n|-weather|Sandstorm|[upkeep]\n|-damage|p1b: Ogerpon|15\/100|[from] Sandstorm\n|-damage|p1a: Okidogi|82\/100|[from] Sandstorm\n|-damage|p2b: Tyranitar|94\/100|[from] Sandstorm\n|upkeep\n|\n|t:|1699489096\n|switch|p2a: Grimmsnarl|Grimmsnarl, M|100\/100\n|-item|p1a: Okidogi|Assault Vest|[from] ability: Frisk|[of] p2a: Grimmsnarl|[identify]\n|-item|p1b: Ogerpon|Hearthflame Mask|[from] ability: Frisk|[of] p2a: Grimmsnarl|[identify]\n|turn|2\n|\n|t:|1699489110\n|move|p2a: Grimmsnarl|Sucker Punch|p1b: Ogerpon\n|-damage|p1b: Ogerpon|0 fnt\n|faint|p1b: Ogerpon\n|move|p1a: Okidogi|Poison Jab|p2a: Grimmsnarl\n|-supereffective|p2a: Grimmsnarl\n|-damage|p2a: Grimmsnarl|3\/100\n|move|p2b: Tyranitar|Knock Off|p1a: Okidogi\n|-resisted|p1a: Okidogi\n|-damage|p1a: Okidogi|59\/100\n|-enditem|p1a: Okidogi|Assault Vest|[from] move: Knock Off|[of] p2b: Tyranitar\n|\n|-weather|Sandstorm|[upkeep]\n|-damage|p1a: Okidogi|53\/100|[from] Sandstorm\n|-damage|p2b: Tyranitar|88\/100|[from] Sandstorm\n|-damage|p2a: Grimmsnarl|0 fnt|[from] Sandstorm\n|faint|p2a: Grimmsnarl\n|upkeep\n|\n|t:|1699489125\n|switch|p1b: Inteleon|Inteleon, M, shiny|100\/100\n|switch|p2a: Medicham|Medicham, F|100\/100\n|turn|3\n|\n|t:|1699489139\n|switch|p1a: Farigiraf|Farigiraf, M, shiny|100\/100\n|move|p1b: Inteleon|Dark Pulse|p2b: Tyranitar\n|-supereffective|p2b: Tyranitar\n|-damage|p2b: Tyranitar|54\/100\n|move|p2a: Medicham|Psycho Cut|p1a: Farigiraf\n|-resisted|p1a: Farigiraf\n|-damage|p1a: Farigiraf|79\/100\n|move|p2b: Tyranitar|Thunder Punch|p1b: Inteleon\n|-supereffective|p1b: Inteleon\n|-damage|p1b: Inteleon|0 fnt\n|faint|p1b: Inteleon\n|\n|-weather|Sandstorm|[upkeep]\n|-damage|p2a: Medicham|94\/100|[from] Sandstorm\n|-damage|p1a: Farigiraf|73\/100|[from] Sandstorm\n|-damage|p2b: Tyranitar|48\/100|[from] Sandstorm\n|upkeep\n|\n|t:|1699489150\n|switch|p1b: Clefairy|Clefairy, F, shiny|100\/100\n|turn|4\n|\n|t:|1699489162\n|move|p1b: Clefairy|Follow Me|p1b: Clefairy\n|-singleturn|p1b: Clefairy|move: Follow Me\n|move|p2a: Medicham|Rock Slide|p1a: Farigiraf|[spread] p1a,p1b\n|-damage|p1a: Farigiraf|58\/100\n|-damage|p1b: Clefairy|85\/100\n|move|p2b: Tyranitar|Knock Off|p1b: Clefairy\n|-resisted|p1b: Clefairy\n|-damage|p1b: Clefairy|62\/100\n|-enditem|p1b: Clefairy|Eviolite|[from] move: Knock Off|[of] p2b: Tyranitar\n|move|p1a: Farigiraf|Trick Room|p1a: Farigiraf\n|-fieldstart|move: Trick Room|[of] p1a: Farigiraf\n|\n|-weather|Sandstorm|[upkeep]\n|-damage|p1b: Clefairy|56\/100|[from] Sandstorm\n|-damage|p2b: Tyranitar|42\/100|[from] Sandstorm\n|-damage|p1a: Farigiraf|51\/100|[from] Sandstorm\n|-damage|p2a: Medicham|88\/100|[from] Sandstorm\n|upkeep\n|turn|5\n|\n|t:|1699489181\n|move|p1b: Clefairy|Heal Pulse|p1a: Farigiraf\n|-heal|p1a: Farigiraf|100\/100\n|move|p2b: Tyranitar|Rock Slide|p1b: Clefairy|[spread] p1a\n|-miss|p2b: Tyranitar|p1b: Clefairy\n|-damage|p1a: Farigiraf|77\/100\n|move|p1a: Farigiraf|Nasty Plot|p1a: Farigiraf\n|-boost|p1a: Farigiraf|spa|2\n|move|p2a: Medicham|Rock Slide|p1b: Clefairy|[spread] p1a,p1b\n|-damage|p1a: Farigiraf|62\/100\n|-damage|p1b: Clefairy|32\/100\n|\n|-weather|none\n|upkeep\n|turn|6\n|\n|t:|1699489197\n|move|p1b: Clefairy|Helping Hand|p1a: Farigiraf\n|-singleturn|p1a: Farigiraf|Helping Hand|[of] p1b: Clefairy\n|move|p2b: Tyranitar|Rock Slide|p1a: Farigiraf|[spread] p1a,p1b\n|-damage|p1a: Farigiraf|38\/100\n|-damage|p1b: Clefairy|0 fnt\n|-enditem|p1a: Farigiraf|Sitrus Berry|[eat]\n|-heal|p1a: Farigiraf|63\/100|[from] item: Sitrus Berry\n|faint|p1b: Clefairy\n|move|p1a: Farigiraf|Dazzling Gleam|p2a: Medicham|[spread] p2a,p2b\n|-supereffective|p2a: Medicham\n|-damage|p2a: Medicham|0 fnt\n|-damage|p2b: Tyranitar|13\/100\n|faint|p2a: Medicham\n|\n|upkeep\n|\n|t:|1699489209\n|switch|p1b: Ursaluna|Ursaluna-Bloodmoon, M|100\/100\n|switch|p2a: Gholdengo|Gholdengo|100\/100\n|turn|7\n|\n|t:|1699489223\n|move|p1b: Ursaluna|Earth Power|p2a: Gholdengo\n|-supereffective|p2a: Gholdengo\n|-damage|p2a: Gholdengo|0 fnt\n|faint|p2a: Gholdengo\n|-damage|p1b: Ursaluna|91\/100|[from] item: Life Orb\n|move|p2b: Tyranitar|Knock Off|p1a: Farigiraf\n|-supereffective|p1a: Farigiraf\n|-damage|p1a: Farigiraf|0 fnt\n|faint|p1a: Farigiraf\n|\n|upkeep\n|\n|t:|1699489233\n|switch|p1a: Okidogi|Okidogi, M|53\/100\n|switch|p2a: Cresselia|Cresselia, F|100\/100\n|turn|8\n|\n|t:|1699489249\n|move|p1b: Ursaluna|Hyper Voice|p2a: Cresselia|[spread] p2a,p2b\n|-damage|p2a: Cresselia|65\/100\n|-damage|p2b: Tyranitar|0 fnt\n|faint|p2b: Tyranitar\n|-damage|p1b: Ursaluna|81\/100|[from] item: Life Orb\n|move|p1a: Okidogi|Poison Jab|p2a: Cresselia\n|-damage|p2a: Cresselia|36\/100\n|move|p2a: Cresselia|Psychic|p1a: Okidogi\n|-supereffective|p1a: Okidogi\n|-damage|p1a: Okidogi|0 fnt\n|faint|p1a: Okidogi\n|\n|-fieldend|move: Trick Room\n|upkeep\n|turn|9\n|\n|t:|1699489263\n|move|p2a: Cresselia|Ice Beam|p1b: Ursaluna\n|-supereffective|p1b: Ursaluna\n|-damage|p1b: Ursaluna|29\/100\n|move|p1b: Ursaluna|Blood Moon|p2a: Cresselia\n|-damage|p2a: Cresselia|0 fnt\n|faint|p2a: Cresselia\n|-damage|p1b: Ursaluna|20\/100|[from] item: Life Orb\n|\n|win|coburnn\n|raw|coburnn's rating: 1412 &rarr; <strong>1442<\/strong><br \/>(+30 for winning)\n|raw|mahameloplatano's rating: 1609 &rarr; <strong>1579<\/strong><br \/>(-30 for losing)\n|c|\u2606coburnn|gg close\n|l|\u2606mahameloplatano\n","uploadtime":1699489300,"views":8,"p1id":"coburnn","p2id":"mahameloplatano","formatid":"gen9doublesou","rating":1442,"private":0,"password":""}