{"id":"gen9doublesou-1995836630","p1":"chaosinfernal","p2":"c2001","format":"[Gen 9] Doubles OU","log":"|j|\u2606chaosinfernal\n|j|\u2606c2001\n|t:|1700608049\n|gametype|doubles\n|player|p1|chaosinfernal|jogger|1169\n|player|p2|c2001|265|1131\n|teamsize|p1|6\n|teamsize|p2|6\n|gen|9\n|tier|[Gen 9] Doubles OU\n|rated|\n|rule|Species Clause: Limit one of each Pok\u00e9mon\n|rule|OHKO Clause: OHKO moves are banned\n|rule|Evasion Moves Clause: Evasion moves are banned\n|rule|Gravity Sleep Clause: The combination of sleep-inducing moves with imperfect accuracy and Gravity or Gigantamax Orbeetle are banned\n|rule|Endless Battle Clause: Forcing endless battles is banned\n|rule|HP Percentage Mod: HP is shown in percentages\n|clearpoke\n|poke|p1|Moltres|\n|poke|p1|Sinistcha|\n|poke|p1|Ninetales, F|\n|poke|p1|Thundurus, M|\n|poke|p1|Ogerpon-Wellspring, F|\n|poke|p1|Typhlosion-Hisui, F|\n|poke|p2|Enamorus, F|\n|poke|p2|Gholdengo|\n|poke|p2|Ursaluna, F|\n|poke|p2|Palafin, M|\n|poke|p2|Gallade, M|\n|poke|p2|Talonflame, F|\n|teampreview\n|inactive|Battle timer is ON: inactive players will automatically lose when time's up. (requested by chaosinfernal)\n|\n|t:|1700608068\n|start\n|switch|p1a: Thundurus|Thundurus, M|100\/100\n|switch|p1b: Typhlosion|Typhlosion-Hisui, F|100\/100\n|switch|p2a: Palafin|Palafin, M, shiny|100\/100\n|switch|p2b: Talonflame|Talonflame, F|100\/100\n|-item|p2a: Palafin|Focus Sash|[from] ability: Frisk|[of] p1b: Typhlosion|[identify]\n|-item|p2b: Talonflame|Leftovers|[from] ability: Frisk|[of] p1b: Typhlosion|[identify]\n|turn|1\n|inactive|chaosinfernal has 120 seconds left.\n|inactive|c2001 has 120 seconds left.\n|\n|t:|1700608123\n|switch|p1b: Moltres|Moltres|100\/100\n|switch|p2b: Gholdengo|Gholdengo, shiny|100\/100\n|detailschange|p2a: Palafin|Palafin-Hero, M, shiny\n|switch|p2a: Ursaluna|Ursaluna, F, shiny|100\/100\n|move|p1a: Thundurus|Thunder Wave|p2a: Ursaluna\n|-immune|p2a: Ursaluna\n|\n|upkeep\n|turn|2\n|inactive|chaosinfernal has 120 seconds left.\n|inactive|c2001 has 120 seconds left.\n|inactive|chaosinfernal has 90 seconds left.\n|\n|t:|1700608175\n|move|p1a: Thundurus|Sunny Day|p1a: Thundurus\n|-weather|SunnyDay\n|move|p1b: Moltres|Tailwind|p1b: Moltres\n|-sidestart|p1: chaosinfernal|move: Tailwind\n|move|p2b: Gholdengo|Thunder Wave|p1b: Moltres\n|-status|p1b: Moltres|par\n|move|p2a: Ursaluna|Drain Punch|p1a: Thundurus\n|-resisted|p1a: Thundurus\n|-damage|p1a: Thundurus|86\/100\n|\n|-weather|SunnyDay|[upkeep]\n|upkeep\n|turn|3\n|inactive|c2001 has 120 seconds left.\n|inactive|chaosinfernal has 90 seconds left.\n|\n|t:|1700608212\n|switch|p1a: Sinistcha|Sinistcha|100\/100\n|switch|p2b: Palafin|Palafin-Hero, M, shiny|100\/100\n|-activate|p2b: Palafin|ability: Zero to Hero\n|switch|p2a: Talonflame|Talonflame, F|100\/100\n|move|p1b: Moltres|Fire Blast|p2b: Palafin\n|-resisted|p2b: Palafin\n|-damage|p2b: Palafin|50\/100\n|\n|-weather|SunnyDay|[upkeep]\n|upkeep\n|turn|4\n|inactive|chaosinfernal has 90 seconds left.\n|inactive|chaosinfernal has 60 seconds left.\n|\n|t:|1700608254\n|move|p1a: Sinistcha|Rage Powder|p1a: Sinistcha\n|-singleturn|p1a: Sinistcha|move: Rage Powder\n|move|p2a: Talonflame|Brave Bird|p1a: Sinistcha\n|-supereffective|p1a: Sinistcha\n|-damage|p1a: Sinistcha|10\/100\n|-damage|p2a: Talonflame|84\/100|[from] item: Rocky Helmet|[of] p1a: Sinistcha\n|-damage|p2a: Talonflame|49\/100|[from] Recoil\n|move|p2b: Palafin|Jet Punch|p1a: Sinistcha\n|-resisted|p1a: Sinistcha\n|-damage|p1a: Sinistcha|2\/100\n|-damage|p2b: Palafin|34\/100|[from] item: Rocky Helmet|[of] p1a: Sinistcha\n|cant|p1b: Moltres|par\n|\n|-weather|SunnyDay|[upkeep]\n|-heal|p2a: Talonflame|55\/100|[from] item: Leftovers\n|upkeep\n|turn|5\n|inactive|c2001 has 120 seconds left.\n|inactive|chaosinfernal has 60 seconds left.\n|\n|t:|1700608295\n|switch|p1a: Thundurus|Thundurus, M|86\/100\n|-terastallize|p1b: Moltres|Water\n|move|p2a: Talonflame|Dual Wingbeat|p1a: Thundurus\n|-resisted|p1a: Thundurus\n|-damage|p1a: Thundurus|77\/100\n|-resisted|p1a: Thundurus\n|-damage|p1a: Thundurus|67\/100\n|-hitcount|p1a: Thundurus|2\n|move|p2b: Palafin|Aqua Tail|p1b: Moltres|[miss]\n|-miss|p2b: Palafin|p1b: Moltres\n|move|p1b: Moltres|Solar Beam||[still]\n|-prepare|p1b: Moltres|Solar Beam\n|-anim|p1b: Moltres|Solar Beam|p2b: Palafin\n|-supereffective|p2b: Palafin\n|-damage|p2b: Palafin|0 fnt\n|faint|p2b: Palafin\n|\n|-weather|SunnyDay|[upkeep]\n|-heal|p2a: Talonflame|61\/100|[from] item: Leftovers\n|-sideend|p1: chaosinfernal|move: Tailwind\n|upkeep\n|inactive|c2001 has 90 seconds left.\n|inactive|c2001 has 60 seconds left.\n|\n|t:|1700608340\n|switch|p2b: Enamorus|Enamorus, F, shiny|100\/100\n|turn|6\n|inactive|chaosinfernal has 60 seconds left.\n|\n|t:|1700608356\n|move|p1a: Thundurus|Thunder Wave|p2b: Enamorus\n|-status|p2b: Enamorus|par\n|move|p2a: Talonflame|Roost|p2a: Talonflame\n|-heal|p2a: Talonflame|100\/100\n|-singleturn|p2a: Talonflame|move: Roost\n|move|p2b: Enamorus|Superpower|p1b: Moltres\n|-damage|p1b: Moltres|60\/100 par\n|-boost|p2b: Enamorus|atk|1\n|-boost|p2b: Enamorus|def|1\n|move|p1b: Moltres|Fire Blast|p2b: Enamorus\n|-damage|p2b: Enamorus|0 fnt\n|faint|p2b: Enamorus\n|\n|-weather|none\n|-heal|p1b: Moltres|66\/100 par|[from] item: Leftovers\n|upkeep\n|inactive|c2001 has 60 seconds left.\n|\n|t:|1700608388\n|switch|p2b: Gallade|Gallade, M, shiny|100\/100\n|turn|7\n|inactive|c2001 has 60 seconds left.\n|\n|t:|1700608411\n|-terastallize|p2b: Gallade|Normal\n|move|p1a: Thundurus|Thunder Wave|p2b: Gallade|[miss]\n|-miss|p1a: Thundurus|p2b: Gallade\n|move|p2a: Talonflame|Flame Charge|p1a: Thundurus\n|-damage|p1a: Thundurus|45\/100\n|-boost|p2a: Talonflame|spe|1\n|move|p2b: Gallade|Leaf Blade|p1b: Moltres\n|-supereffective|p1b: Moltres\n|-damage|p1b: Moltres|0 fnt\n|-status|p2b: Gallade|brn|[from] ability: Flame Body|[of] p1b: Moltres\n|faint|p1b: Moltres\n|\n|-damage|p2b: Gallade|94\/100 brn|[from] brn\n|upkeep\n|inactive|chaosinfernal has 60 seconds left.\n|\n|t:|1700608432\n|switch|p1b: Sinistcha|Sinistcha|2\/100\n|-heal|p1a: Thundurus|70\/100|[from] ability: Hospitality|[of] p1b: Sinistcha\n|turn|8\n|inactive|chaosinfernal has 60 seconds left.\n|\n|t:|1700608459\n|move|p1b: Sinistcha|Rage Powder|p1b: Sinistcha\n|-singleturn|p1b: Sinistcha|move: Rage Powder\n|move|p2a: Talonflame|Dual Wingbeat|p1b: Sinistcha\n|-supereffective|p1b: Sinistcha\n|-damage|p1b: Sinistcha|0 fnt\n|-damage|p2a: Talonflame|84\/100|[from] item: Rocky Helmet|[of] p1b: Sinistcha\n|faint|p1b: Sinistcha\n|-hitcount|p1: Sinistcha|1\n|move|p1a: Thundurus|Thunder Wave|p2a: Talonflame\n|-status|p2a: Talonflame|par\n|move|p2b: Gallade|Psycho Cut|p1a: Thundurus\n|-damage|p1a: Thundurus|41\/100\n|\n|-heal|p2a: Talonflame|90\/100 par|[from] item: Leftovers\n|-damage|p2b: Gallade|88\/100 brn|[from] brn\n|upkeep\n|\n|t:|1700608479\n|switch|p1b: Ninetales|Ninetales, F|100\/100\n|-weather|SunnyDay|[from] ability: Drought|[of] p1b: Ninetales\n|turn|9\n|inactive|chaosinfernal has 60 seconds left.\n|inactive|c2001 has 90 seconds left.\n|\n|t:|1700608507\n|move|p1b: Ninetales|Heat Wave|p2a: Talonflame|[spread] p2b\n|-miss|p1b: Ninetales|p2a: Talonflame\n|-damage|p2b: Gallade|52\/100 brn\n|move|p2b: Gallade|Psycho Cut|p1a: Thundurus\n|-damage|p1a: Thundurus|10\/100\n|move|p2a: Talonflame|Flame Charge|p1a: Thundurus\n|-damage|p1a: Thundurus|0 fnt\n|-boost|p2a: Talonflame|spe|1\n|faint|p1a: Thundurus\n|\n|-weather|SunnyDay|[upkeep]\n|-heal|p2a: Talonflame|96\/100 par|[from] item: Leftovers\n|-damage|p2b: Gallade|46\/100 brn|[from] brn\n|upkeep\n|inactive|chaosinfernal has 30 seconds left.\n|\n|t:|1700608534\n|switch|p1a: Typhlosion|Typhlosion-Hisui, F|100\/100\n|-item|p2a: Talonflame|Leftovers|[from] ability: Frisk|[of] p1a: Typhlosion|[identify]\n|-item|p2b: Gallade|Expert Belt|[from] ability: Frisk|[of] p1a: Typhlosion|[identify]\n|turn|10\n|\n|t:|1700608555\n|move|p1b: Ninetales|Helping Hand|p1a: Typhlosion\n|-singleturn|p1a: Typhlosion|Helping Hand|[of] p1b: Ninetales\n|move|p1a: Typhlosion|Heat Wave|p2b: Gallade|[spread] p2b\n|-miss|p1a: Typhlosion|p2a: Talonflame\n|-damage|p2b: Gallade|0 fnt\n|faint|p2b: Gallade\n|move|p2a: Talonflame|Dual Wingbeat|p1a: Typhlosion\n|-damage|p1a: Typhlosion|74\/100\n|-damage|p1a: Typhlosion|49\/100\n|-hitcount|p1a: Typhlosion|2\n|\n|-weather|SunnyDay|[upkeep]\n|-heal|p2a: Talonflame|100\/100 par|[from] item: Leftovers\n|upkeep\n|n|!chaosinfernal|chaosinfernal\n|inactive|c2001 has 90 seconds left.\n|\n|t:|1700608571\n|switch|p2b: Ursaluna|Ursaluna, F, shiny|100\/100\n|turn|11\n|inactive|chaosinfernal has 60 seconds left.\n|\n|t:|1700608590\n|move|p1b: Ninetales|Helping Hand|p1a: Typhlosion\n|-singleturn|p1a: Typhlosion|Helping Hand|[of] p1b: Ninetales\n|move|p2a: Talonflame|Dual Wingbeat|p1a: Typhlosion\n|-damage|p1a: Typhlosion|26\/100\n|-damage|p1a: Typhlosion|1\/100\n|-hitcount|p1a: Typhlosion|2\n|move|p1a: Typhlosion|Heat Wave|p2b: Ursaluna|[spread] p2a,p2b\n|-resisted|p2a: Talonflame\n|-damage|p2a: Talonflame|39\/100 par\n|-damage|p2b: Ursaluna|36\/100\n|move|p2b: Ursaluna|Earthquake|p1a: Typhlosion|[spread] p1a,p1b\n|-immune|p2a: Talonflame\n|-supereffective|p1a: Typhlosion\n|-supereffective|p1b: Ninetales\n|-damage|p1a: Typhlosion|0 fnt\n|-damage|p1b: Ninetales|0 fnt\n|faint|p1a: Typhlosion\n|faint|p1b: Ninetales\n|\n|-weather|SunnyDay|[upkeep]\n|-heal|p2a: Talonflame|45\/100 par|[from] item: Leftovers\n|upkeep\n|inactive|chaosinfernal has 60 seconds left.\n|\n|t:|1700608608\n|switch|p1a: Ogerpon|Ogerpon-Wellspring, F|100\/100\n|turn|12\n|inactive|c2001 has 120 seconds left.\n|\n|t:|1700608626\n|move|p1a: Ogerpon|Spiky Shield|p1a: Ogerpon\n|-singleturn|p1a: Ogerpon|move: Protect\n|move|p2a: Talonflame|Dual Wingbeat|p1a: Ogerpon\n|-activate|p1a: Ogerpon|move: Protect\n|-damage|p2a: Talonflame|33\/100 par|[from] Spiky Shield|[of] p1a: Ogerpon\n|move|p2b: Ursaluna|Drain Punch|p1a: Ogerpon\n|-activate|p1a: Ogerpon|move: Protect\n|-damage|p2b: Ursaluna|23\/100|[from] Spiky Shield|[of] p1a: Ogerpon\n|\n|-weather|SunnyDay|[upkeep]\n|-heal|p2a: Talonflame|39\/100 par|[from] item: Leftovers\n|upkeep\n|turn|13\n|\n|t:|1700608648\n|move|p2a: Talonflame|Roost|p2a: Talonflame\n|-heal|p2a: Talonflame|89\/100 par\n|-singleturn|p2a: Talonflame|move: Roost\n|move|p1a: Ogerpon|Ivy Cudgel|p2a: Talonflame|[anim] Ivy Cudgel Water\n|-supereffective|p2a: Talonflame\n|-crit|p2a: Talonflame\n|-damage|p2a: Talonflame|0 fnt\n|faint|p2a: Talonflame\n|move|p2b: Ursaluna|Drain Punch|p1a: Ogerpon\n|-damage|p1a: Ogerpon|66\/100\n|-heal|p2b: Ursaluna|35\/100|[from] drain|[of] p1a: Ogerpon\n|\n|-weather|none\n|upkeep\n|inactive|c2001 has 120 seconds left.\n|\n|t:|1700608663\n|switch|p2a: Gholdengo|Gholdengo, shiny|100\/100\n|turn|14\n|inactive|chaosinfernal has 90 seconds left.\n|\n|t:|1700608679\n|move|p1a: Ogerpon|Horn Leech|p2b: Ursaluna\n|-supereffective|p2b: Ursaluna\n|-damage|p2b: Ursaluna|0 fnt\n|-heal|p1a: Ogerpon|91\/100|[from] drain|[of] p2b: Ursaluna\n|-damage|p1a: Ogerpon|75\/100|[from] item: Rocky Helmet|[of] p2b: Ursaluna\n|faint|p2b: Ursaluna\n|move|p2a: Gholdengo|Night Shade|p1a: Ogerpon\n|-damage|p1a: Ogerpon|41\/100\n|\n|upkeep\n|turn|15\n|\n|t:|1700608693\n|move|p1a: Ogerpon|Ivy Cudgel|p2a: Gholdengo|[anim] Ivy Cudgel Water\n|-damage|p2a: Gholdengo|31\/100\n|move|p2a: Gholdengo|Night Shade|p1a: Ogerpon\n|-damage|p1a: Ogerpon|8\/100\n|\n|-heal|p2a: Gholdengo|37\/100|[from] item: Leftovers\n|upkeep\n|turn|16\n|\n|t:|1700608705\n|move|p1a: Ogerpon|Ivy Cudgel|p2a: Gholdengo|[anim] Ivy Cudgel Water\n|-damage|p2a: Gholdengo|0 fnt\n|faint|p2a: Gholdengo\n|\n|win|chaosinfernal\n|raw|chaosinfernal's rating: 1169 &rarr; <strong>1191<\/strong><br \/>(+22 for winning)\n|raw|c2001's rating: 1131 &rarr; <strong>1109<\/strong><br \/>(-22 for losing)\n","uploadtime":1700608564,"views":0,"p1id":"chaosinfernal","p2id":"c2001","formatid":"gen9doublesou","rating":1109,"private":0,"password":""}