{"id":"gen9doublesou-1987547141","p1":"Randomssp","p2":"Blonking","format":"[Gen 9] Doubles OU","log":"|j|\u2606Randomssp\n|j|\u2606Blonking\n|inactive|Battle timer is ON: inactive players will automatically lose when time's up.\n|t:|1699610082\n|gametype|doubles\n|player|p1|Randomssp|ghetsis-gen5bw|\n|player|p2|Blonking|101|\n|teamsize|p1|6\n|teamsize|p2|6\n|gen|9\n|tier|[Gen 9] Doubles OU\n|rated|Tournament battle\n|rule|Species Clause: Limit one of each Pok\u00e9mon\n|rule|OHKO Clause: OHKO moves are banned\n|rule|Evasion Moves Clause: Evasion moves are banned\n|rule|Gravity Sleep Clause: The combination of sleep-inducing moves with imperfect accuracy and Gravity or Gigantamax Orbeetle are banned\n|rule|Endless Battle Clause: Forcing endless battles is banned\n|rule|HP Percentage Mod: HP is shown in percentages\n|clearpoke\n|poke|p1|Gengar, F|\n|poke|p1|Furret, F|\n|poke|p1|Pelipper, F|\n|poke|p1|Gogoat, M|\n|poke|p1|Jumpluff, M|\n|poke|p1|Quagsire, F|\n|poke|p2|Venonat, F|\n|poke|p2|Overqwil, F|\n|poke|p2|Drednaw, M|\n|poke|p2|Ursaluna, F|\n|poke|p2|Hypno, M|\n|poke|p2|Gothitelle, F|\n|teampreview\n|j|*Lady Monita \u263d\n|inactive|Blonking also wants the timer to be on.\n|j| FujinApple\n|c|\u2606Randomssp|glhf\n|\n|t:|1699610091\n|start\n|switch|p1a: Pelipper|Pelipper, F|100\/100\n|switch|p1b: Quagsire|Quagsire, F|100\/100\n|switch|p2a: Venonat|Venonat, F|100\/100\n|switch|p2b: Drednaw|Drednaw, M|100\/100\n|-weather|RainDance|[from] ability: Drizzle|[of] p1a: Pelipper\n|turn|1\n|c|\u2606Blonking|U2\n|c|\u2606Blonking|I really like this team\n|\n|t:|1699610102\n|move|p2a: Venonat|Rage Powder|p2a: Venonat\n|-singleturn|p2a: Venonat|move: Rage Powder\n|move|p2b: Drednaw|Shell Smash|p2b: Drednaw\n|-unboost|p2b: Drednaw|def|1\n|-unboost|p2b: Drednaw|spd|1\n|-boost|p2b: Drednaw|atk|2\n|-boost|p2b: Drednaw|spa|2\n|-boost|p2b: Drednaw|spe|2\n|move|p1a: Pelipper|Hurricane|p2a: Venonat\n|-supereffective|p2a: Venonat\n|-damage|p2a: Venonat|28\/100\n|move|p1b: Quagsire|Toxic Spikes|p2b: Drednaw\n|-sidestart|p2: Blonking|move: Toxic Spikes\n|\n|-weather|RainDance|[upkeep]\n|upkeep\n|turn|2\n|\n|t:|1699610116\n|move|p2b: Drednaw|Rock Slide|p1b: Quagsire|[spread] p1a,p1b\n|-supereffective|p1a: Pelipper\n|-resisted|p1b: Quagsire\n|-damage|p1a: Pelipper|0 fnt\n|-damage|p1b: Quagsire|79\/100\n|faint|p1a: Pelipper\n|move|p2a: Venonat|Energy Ball|p1b: Quagsire\n|-supereffective|p1b: Quagsire\n|-damage|p1b: Quagsire|30\/100\n|move|p1b: Quagsire|Rock Slide|p2b: Drednaw|[spread] p2a,p2b\n|-supereffective|p2a: Venonat\n|-damage|p2a: Venonat|1\/100\n|-damage|p2b: Drednaw|82\/100\n|\n|-weather|RainDance|[upkeep]\n|-heal|p1b: Quagsire|37\/100|[from] item: Leftovers\n|upkeep\n|\n|t:|1699610134\n|switch|p1a: Furret|Furret, F|100\/100\n|turn|3\n|\n|t:|1699610141\n|switch|p2a: Overqwil|Overqwil, F|100\/100\n|-ability|p2a: Overqwil|Intimidate|boost\n|-unboost|p1a: Furret|atk|1\n|-unboost|p1b: Quagsire|atk|1\n|-item|p2a: Overqwil|Air Balloon\n|move|p1a: Furret|Follow Me|p1a: Furret\n|-singleturn|p1a: Furret|move: Follow Me\n|move|p2b: Drednaw|Earthquake|p1a: Furret|[spread] p1a,p1b\n|-immune|p2a: Overqwil\n|-damage|p1a: Furret|19\/100\n|-damage|p1b: Quagsire|2\/100\n|move|p1b: Quagsire|Rock Slide|p2b: Drednaw|[spread] p2a,p2b\n|-crit|p2a: Overqwil\n|-damage|p2a: Overqwil|80\/100\n|-damage|p2b: Drednaw|69\/100\n|-enditem|p2a: Overqwil|Air Balloon\n|\n|-weather|RainDance|[upkeep]\n|-heal|p1a: Furret|25\/100|[from] item: Leftovers\n|-heal|p1b: Quagsire|8\/100|[from] item: Leftovers\n|upkeep\n|turn|4\n|\n|t:|1699610158\n|move|p1a: Furret|Protect|p1a: Furret\n|-singleturn|p1a: Furret|Protect\n|move|p2a: Overqwil|Protect|p2a: Overqwil\n|-singleturn|p2a: Overqwil|Protect\n|move|p2b: Drednaw|Earthquake|p1b: Quagsire|[spread] p1b\n|-activate|p2a: Overqwil|move: Protect\n|-activate|p1a: Furret|move: Protect\n|-damage|p1b: Quagsire|0 fnt\n|faint|p1b: Quagsire\n|\n|-weather|RainDance|[upkeep]\n|-heal|p1a: Furret|31\/100|[from] item: Leftovers\n|upkeep\n|\n|t:|1699610171\n|switch|p1b: Jumpluff|Jumpluff, M|100\/100\n|turn|5\n|\n|t:|1699610179\n|move|p2b: Drednaw|Rock Slide|p1b: Jumpluff|[spread] \n|-miss|p2b: Drednaw|p1a: Furret\n|-miss|p2b: Drednaw|p1b: Jumpluff\n|move|p1b: Jumpluff|Acrobatics|p2b: Drednaw\n|-resisted|p2b: Drednaw\n|-damage|p2b: Drednaw|50\/100\n|move|p1a: Furret|Body Slam|p2a: Overqwil\n|-damage|p2a: Overqwil|57\/100\n|-status|p2a: Overqwil|par\n|move|p2a: Overqwil|Barb Barrage|p1b: Jumpluff\n|-supereffective|p1b: Jumpluff\n|-crit|p1b: Jumpluff\n|-damage|p1b: Jumpluff|0 fnt\n|faint|p1b: Jumpluff\n|\n|-weather|none\n|-heal|p1a: Furret|37\/100|[from] item: Leftovers\n|upkeep\n|c|\u2606Blonking|2 misses????\n|c|\u2606Randomssp|this rain kiled me\n|\n|t:|1699610199\n|switch|p1b: Gogoat|Gogoat, M|100\/100\n|turn|6\n|\n|t:|1699610209\n|-terastallize|p1b: Gogoat|Steel\n|move|p2b: Drednaw|Protect|p2b: Drednaw\n|-singleturn|p2b: Drednaw|Protect\n|move|p1a: Furret|Protect|p1a: Furret\n|-singleturn|p1a: Furret|Protect\n|move|p1b: Gogoat|Horn Leech|p2b: Drednaw\n|-activate|p2b: Drednaw|move: Protect\n|move|p2a: Overqwil|Barb Barrage|p1b: Gogoat\n|-immune|p1b: Gogoat\n|\n|-heal|p1a: Furret|43\/100|[from] item: Leftovers\n|upkeep\n|turn|7\n|c|\u2606Randomssp|i think i cannot recover from this\n|c|\u2606Blonking|This is really strong\n|\n|t:|1699610222\n|move|p2a: Overqwil|Protect|p2a: Overqwil\n|-singleturn|p2a: Overqwil|Protect\n|move|p2b: Drednaw|Earthquake|p1b: Gogoat|[spread] p1a,p1b\n|-activate|p2a: Overqwil|move: Protect\n|-crit|p1a: Furret\n|-supereffective|p1b: Gogoat\n|-damage|p1a: Furret|0 fnt\n|-damage|p1b: Gogoat|0 fnt\n|faint|p1a: Furret\n|faint|p1b: Gogoat\n|\n|upkeep\n|c|\u2606Blonking|rage powder shell smash\n|\n|t:|1699610229\n|switch|p1b: Gengar|Gengar, F|100\/100\n|turn|8\n|c|\u2606Randomssp|gg\n|c|\u2606Randomssp|humiliation xD\n|\n|t:|1699610245\n|move|p2a: Overqwil|Protect||[still]\n|-fail|p2a: Overqwil\n|move|p2b: Drednaw|Rock Slide|p1b: Gengar\n|-enditem|p1b: Gengar|Focus Sash\n|-damage|p1b: Gengar|1\/100\n|-start|p2b: Drednaw|Disable|Rock Slide|[from] ability: Cursed Body|[of] p1b: Gengar\n|move|p1b: Gengar|Thunderbolt|p2b: Drednaw\n|-supereffective|p2b: Drednaw\n|-damage|p2b: Drednaw|0 fnt\n|faint|p2b: Drednaw\n|\n|upkeep\n|\n|t:|1699610256\n|switch|p2b: Hypno|Hypno, M|100\/100\n|-status|p2b: Hypno|psn\n|turn|9\n|\n|t:|1699610261\n|switch|p2a: Ursaluna|Ursaluna, F|100\/100\n|-status|p2a: Ursaluna|psn\n|move|p2b: Hypno|Protect|p2b: Hypno\n|-singleturn|p2b: Hypno|Protect\n|move|p1b: Gengar|Shadow Ball|p2b: Hypno\n|-activate|p2b: Hypno|move: Protect\n|\n|-damage|p2b: Hypno|88\/100 psn|[from] psn\n|-damage|p2a: Ursaluna|88\/100 psn|[from] psn\n|upkeep\n|turn|10\n|\n|t:|1699610269\n|move|p1b: Gengar|Shadow Ball|p2b: Hypno\n|-supereffective|p2b: Hypno\n|-damage|p2b: Hypno|34\/100 psn\n|move|p2b: Hypno|Psychic|p1b: Gengar\n|-supereffective|p1b: Gengar\n|-damage|p1b: Gengar|0 fnt\n|faint|p1b: Gengar\n|\n|win|Blonking\n|n|\u2606Randomssp|randomssp\n|n|\u2606Blonking|blonking\n|n|*Lady Monita \u263d|ladymonita\n|n| FujinApple|fujinapple\n|l|*Lady Monita \u263d\n|l|\u2606Randomssp\n|c|\u2606Blonking|This is my best teaam\n|l| FujinApple\n","uploadtime":1699610270,"views":17,"p1id":"randomssp","p2id":"blonking","formatid":"gen9doublesou","rating":0,"private":0,"password":""}