{"id":"gen9doublesou-1989181059","p1":"frankocean$7","p2":"venoguy17","format":"[Gen 9] Doubles OU","log":"|j|\u2606frankocean$7\n|j|\u2606venoguy17\n|t:|1699820753\n|gametype|doubles\n|player|p1|frankocean$7|lucas|1460\n|player|p2|venoguy17|n|1328\n|teamsize|p1|6\n|teamsize|p2|6\n|gen|9\n|tier|[Gen 9] Doubles OU\n|rated|\n|rule|Species Clause: Limit one of each Pok\u00e9mon\n|rule|OHKO Clause: OHKO moves are banned\n|rule|Evasion Moves Clause: Evasion moves are banned\n|rule|Gravity Sleep Clause: The combination of sleep-inducing moves with imperfect accuracy and Gravity or Gigantamax Orbeetle are banned\n|rule|Endless Battle Clause: Forcing endless battles is banned\n|rule|HP Percentage Mod: HP is shown in percentages\n|clearpoke\n|poke|p1|Iron Bundle|\n|poke|p1|Arcanine-Hisui, F|\n|poke|p1|Tyranitar, F|\n|poke|p1|Kommo-o, F|\n|poke|p1|Rillaboom, F|\n|poke|p1|Flutter Mane|\n|poke|p2|Grimmsnarl, M|\n|poke|p2|Ursaluna-Bloodmoon, M|\n|poke|p2|Heatran, M|\n|poke|p2|Gholdengo|\n|poke|p2|Rillaboom, M|\n|poke|p2|Kingambit, M|\n|teampreview\n|inactive|Battle timer is ON: inactive players will automatically lose when time's up. (requested by frankocean$7)\n|inactive|venoguy17 has 120 seconds left.\n|\n|t:|1699820806\n|start\n|switch|p1a: Rillaboom|Rillaboom, F|100\/100\n|switch|p1b: Iron Bundle|Iron Bundle|100\/100\n|switch|p2a: Grimsly|Grimmsnarl, M|100\/100\n|switch|p2b: Donkey Kong|Rillaboom, M|100\/100\n|-fieldstart|move: Grassy Terrain|[from] ability: Grassy Surge|[of] p2b: Donkey Kong\n|-enditem|p1b: Iron Bundle|Booster Energy\n|-activate|p1b: Iron Bundle|ability: Quark Drive|[fromitem]\n|-start|p1b: Iron Bundle|quarkdrivespe\n|turn|1\n|\n|t:|1699820824\n|move|p2b: Donkey Kong|Fake Out|p1a: Rillaboom\n|-damage|p1a: Rillaboom|89\/100\n|cant|p1a: Rillaboom|flinch\n|move|p2a: Grimsly|Light Screen|p2a: Grimsly\n|-sidestart|p2: venoguy17|move: Light Screen\n|move|p1b: Iron Bundle|Icy Wind|p2b: Donkey Kong|[spread] p2a,p2b\n|-supereffective|p2b: Donkey Kong\n|-damage|p2a: Grimsly|88\/100\n|-damage|p2b: Donkey Kong|74\/100\n|-unboost|p2a: Grimsly|spe|1\n|-unboost|p2b: Donkey Kong|spe|1\n|\n|-heal|p1a: Rillaboom|95\/100|[from] Grassy Terrain\n|-heal|p2b: Donkey Kong|80\/100|[from] Grassy Terrain\n|-heal|p2a: Grimsly|94\/100|[from] Grassy Terrain\n|upkeep\n|turn|2\n|\n|t:|1699820836\n|move|p2a: Grimsly|Reflect|p2a: Grimsly\n|-sidestart|p2: venoguy17|Reflect\n|move|p1b: Iron Bundle|Freeze-Dry|p2b: Donkey Kong\n|-supereffective|p2b: Donkey Kong\n|-damage|p2b: Donkey Kong|41\/100\n|-status|p2b: Donkey Kong|frz\n|move|p1a: Rillaboom|Wood Hammer|p2a: Grimsly\n|-damage|p2a: Grimsly|34\/100\n|-damage|p1a: Rillaboom|75\/100|[from] Recoil\n|cant|p2b: Donkey Kong|frz\n|\n|-heal|p1a: Rillaboom|82\/100|[from] Grassy Terrain\n|-heal|p2b: Donkey Kong|47\/100 frz|[from] Grassy Terrain\n|-heal|p2a: Grimsly|40\/100|[from] Grassy Terrain\n|upkeep\n|turn|3\n|\n|t:|1699820856\n|switch|p2b: Cheese string man|Gholdengo|100\/100\n|move|p2a: Grimsly|Parting Shot|p1b: Iron Bundle\n|-unboost|p1b: Iron Bundle|atk|1\n|-unboost|p1b: Iron Bundle|spa|1\n|\n|t:|1699820866\n|switch|p2a: Greg|Heatran, M|100\/100|[from] Parting Shot\n|move|p1b: Iron Bundle|Freeze-Dry|p2b: Cheese string man\n|-resisted|p2b: Cheese string man\n|-damage|p2b: Cheese string man|91\/100\n|move|p1a: Rillaboom|Wood Hammer|p2a: Greg\n|-resisted|p2a: Greg\n|-damage|p2a: Greg|87\/100\n|-damage|p1a: Rillaboom|77\/100|[from] Recoil\n|\n|-heal|p2b: Cheese string man|97\/100|[from] Grassy Terrain\n|-heal|p1a: Rillaboom|84\/100|[from] Grassy Terrain\n|-heal|p2a: Greg|93\/100|[from] Grassy Terrain\n|upkeep\n|turn|4\n|\n|t:|1699820880\n|-end|p1b: Iron Bundle|Quark Drive|[silent]\n|switch|p1b: Arcanine|Arcanine-Hisui, F|100\/100\n|-ability|p1b: Arcanine|Intimidate|boost\n|-unboost|p2a: Greg|atk|1\n|-unboost|p2b: Cheese string man|atk|1\n|switch|p1a: Tyranitar|Tyranitar, F|100\/100\n|-weather|Sandstorm|[from] ability: Sand Stream|[of] p1a: Tyranitar\n|move|p2b: Cheese string man|Nasty Plot|p2b: Cheese string man\n|-boost|p2b: Cheese string man|spa|2\n|move|p2a: Greg|Heat Wave|p1a: Tyranitar|[spread] p1a,p1b\n|-resisted|p1a: Tyranitar\n|-resisted|p1b: Arcanine\n|-damage|p1a: Tyranitar|91\/100\n|-damage|p1b: Arcanine|93\/100\n|\n|-weather|Sandstorm|[upkeep]\n|-heal|p2b: Cheese string man|100\/100|[from] Grassy Terrain\n|-heal|p1b: Arcanine|99\/100|[from] Grassy Terrain\n|-heal|p1a: Tyranitar|97\/100|[from] Grassy Terrain\n|-heal|p2a: Greg|99\/100|[from] Grassy Terrain\n|upkeep\n|turn|5\n|\n|t:|1699820908\n|move|p2b: Cheese string man|Protect|p2b: Cheese string man\n|-singleturn|p2b: Cheese string man|Protect\n|move|p1b: Arcanine|Howl|p1b: Arcanine|[spread] p1a,p1b\n|-boost|p1a: Tyranitar|atk|1\n|-boost|p1b: Arcanine|atk|1\n|move|p1a: Tyranitar|Knock Off|p2b: Cheese string man\n|-activate|p2b: Cheese string man|move: Protect\n|move|p2a: Greg|Earth Power|p1b: Arcanine\n|-supereffective|p1b: Arcanine\n|-damage|p1b: Arcanine|0 fnt\n|faint|p1b: Arcanine\n|\n|-weather|Sandstorm|[upkeep]\n|-heal|p1a: Tyranitar|100\/100|[from] Grassy Terrain\n|-heal|p2a: Greg|100\/100|[from] Grassy Terrain\n|-fieldend|move: Grassy Terrain\n|upkeep\n|inactive|frankocean$7 has 120 seconds left.\n|\n|t:|1699820936\n|switch|p1b: Rillaboom|Rillaboom, F|84\/100\n|-fieldstart|move: Grassy Terrain|[from] ability: Grassy Surge|[of] p1b: Rillaboom\n|turn|6\n|\n|t:|1699820947\n|move|p1b: Rillaboom|Fake Out|p2a: Greg\n|-resisted|p2a: Greg\n|-damage|p2a: Greg|96\/100\n|move|p2b: Cheese string man|Make It Rain|p1a: Tyranitar|[spread] p1a,p1b\n|-supereffective|p1a: Tyranitar\n|-damage|p1a: Tyranitar|0 fnt\n|-damage|p1b: Rillaboom|0 fnt\n|-unboost|p2b: Cheese string man|spa|1\n|faint|p1a: Tyranitar\n|faint|p1b: Rillaboom\n|-damage|p2b: Cheese string man|91\/100|[from] item: Life Orb\n|cant|p2a: Greg|flinch\n|\n|-weather|Sandstorm|[upkeep]\n|-heal|p2b: Cheese string man|97\/100|[from] Grassy Terrain\n|-heal|p2a: Greg|100\/100|[from] Grassy Terrain\n|upkeep\n|inactive|frankocean$7 has 120 seconds left.\n|\n|t:|1699820968\n|switch|p1a: Flutter Mane|Flutter Mane|100\/100\n|switch|p1b: Iron Bundle|Iron Bundle|100\/100\n|turn|7\n|\n|t:|1699820982\n|move|p1b: Iron Bundle|Hydro Pump|p2a: Greg\n|-supereffective|p2a: Greg\n|-damage|p2a: Greg|60\/100\n|move|p1a: Flutter Mane|Shadow Ball|p2b: Cheese string man\n|-supereffective|p2b: Cheese string man\n|-damage|p2b: Cheese string man|0 fnt\n|faint|p2b: Cheese string man\n|move|p2a: Greg|Heat Wave|p1b: Iron Bundle|[spread] p1a,p1b\n|-damage|p1a: Flutter Mane|55\/100\n|-damage|p1b: Iron Bundle|24\/100\n|\n|-weather|Sandstorm|[upkeep]\n|-damage|p1b: Iron Bundle|18\/100|[from] Sandstorm\n|-damage|p1a: Flutter Mane|49\/100|[from] Sandstorm\n|-heal|p1b: Iron Bundle|24\/100|[from] Grassy Terrain\n|-heal|p1a: Flutter Mane|55\/100|[from] Grassy Terrain\n|-heal|p2a: Greg|66\/100|[from] Grassy Terrain\n|upkeep\n|\n|t:|1699820996\n|switch|p2b: Grimsly|Grimmsnarl, M|40\/100\n|turn|8\n|\n|t:|1699821014\n|move|p2b: Grimsly|Parting Shot|p1a: Flutter Mane\n|-unboost|p1a: Flutter Mane|atk|1\n|-unboost|p1a: Flutter Mane|spa|1\n|\n|t:|1699821018\n|switch|p2b: Donkey Kong|Rillaboom, M|47\/100 frz|[from] Parting Shot\n|move|p1b: Iron Bundle|Hydro Pump|p2a: Greg\n|-supereffective|p2a: Greg\n|-damage|p2a: Greg|22\/100\n|move|p1a: Flutter Mane|Shadow Ball|p2a: Greg\n|-damage|p2a: Greg|7\/100\n|move|p2a: Greg|Heat Wave|p1a: Flutter Mane|[spread] p1a,p1b\n|-damage|p1a: Flutter Mane|15\/100\n|-damage|p1b: Iron Bundle|0 fnt\n|faint|p1b: Iron Bundle\n|-end|p1b: Iron Bundle|Quark Drive|[silent]\n|\n|-weather|none\n|-heal|p1a: Flutter Mane|21\/100|[from] Grassy Terrain\n|-heal|p2b: Donkey Kong|53\/100 frz|[from] Grassy Terrain\n|-heal|p2a: Greg|13\/100|[from] Grassy Terrain\n|-sideend|p2: venoguy17|move: Light Screen\n|upkeep\n|\n|t:|1699821034\n|switch|p1b: Kommo-o|Kommo-o, F|100\/100\n|turn|9\n|\n|t:|1699821046\n|cant|p2b: Donkey Kong|frz\n|move|p1a: Flutter Mane|Shadow Ball|p2a: Greg\n|-damage|p2a: Greg|0 fnt\n|faint|p2a: Greg\n|move|p1b: Kommo-o|Iron Defense|p1b: Kommo-o\n|-boost|p1b: Kommo-o|def|2\n|\n|-heal|p1a: Flutter Mane|27\/100|[from] Grassy Terrain\n|-heal|p2b: Donkey Kong|59\/100 frz|[from] Grassy Terrain\n|-sideend|p2: venoguy17|Reflect\n|upkeep\n|\n|t:|1699821052\n|switch|p2a: Grimsly|Grimmsnarl, M|40\/100\n|turn|10\n|\n|t:|1699821064\n|move|p2a: Grimsly|Light Screen|p2a: Grimsly\n|-sidestart|p2: venoguy17|move: Light Screen\n|move|p1a: Flutter Mane|Shadow Ball|p2b: Donkey Kong\n|-damage|p2b: Donkey Kong|34\/100 frz\n|cant|p2b: Donkey Kong|frz\n|move|p1b: Kommo-o|Body Press|p2a: Grimsly\n|-damage|p2a: Grimsly|0 fnt\n|faint|p2a: Grimsly\n|\n|-heal|p1a: Flutter Mane|33\/100|[from] Grassy Terrain\n|-heal|p2b: Donkey Kong|40\/100 frz|[from] Grassy Terrain\n|-fieldend|move: Grassy Terrain\n|upkeep\n|\n|t:|1699821071\n|switch|p2a: Freddy faz bear|Ursaluna-Bloodmoon, M|100\/100\n|turn|11\n|\n|t:|1699821084\n|move|p1a: Flutter Mane|Shadow Ball|p2b: Donkey Kong\n|-damage|p2b: Donkey Kong|15\/100 frz\n|cant|p2b: Donkey Kong|frz\n|move|p1b: Kommo-o|Body Press|p2a: Freddy faz bear\n|-supereffective|p2a: Freddy faz bear\n|-damage|p2a: Freddy faz bear|0 fnt\n|faint|p2a: Freddy faz bear\n|\n|upkeep\n|\n|t:|1699821091\n|switch|p2a: Dark Lord|Kingambit, M|100\/100\n|-activate|p2a: Dark Lord|ability: Supreme Overlord\n|-start|p2a: Dark Lord|fallen4|[silent]\n|turn|12\n|\n|t:|1699821104\n|move|p2a: Dark Lord|Protect|p2a: Dark Lord\n|-singleturn|p2a: Dark Lord|Protect\n|move|p1a: Flutter Mane|Shadow Ball|p2b: Donkey Kong\n|-damage|p2b: Donkey Kong|0 fnt\n|faint|p2b: Donkey Kong\n|move|p1b: Kommo-o|Body Press|p2a: Dark Lord\n|-activate|p2a: Dark Lord|move: Protect\n|\n|upkeep\n|turn|13\n|\n|t:|1699821123\n|-terastallize|p2a: Dark Lord|Flying\n|move|p1a: Flutter Mane|Shadow Ball|p2a: Dark Lord\n|-damage|p2a: Dark Lord|73\/100\n|move|p1b: Kommo-o|Body Press|p2a: Dark Lord\n|-resisted|p2a: Dark Lord\n|-damage|p2a: Dark Lord|42\/100\n|move|p2a: Dark Lord|Iron Head|p1a: Flutter Mane\n|-supereffective|p1a: Flutter Mane\n|-damage|p1a: Flutter Mane|0 fnt\n|faint|p1a: Flutter Mane\n|-end|p1a: Flutter Mane|Protosynthesis|[silent]\n|\n|upkeep\n|turn|14\n|\n|t:|1699821137\n|move|p1b: Kommo-o|Protect|p1b: Kommo-o\n|-singleturn|p1b: Kommo-o|Protect\n|move|p2a: Dark Lord|Protect||[still]\n|-fail|p2a: Dark Lord\n|\n|upkeep\n|turn|15\n|\n|t:|1699821152\n|-terastallize|p1b: Kommo-o|Steel\n|move|p2a: Dark Lord|Sucker Punch||[still]\n|-fail|p2a: Dark Lord\n|move|p1b: Kommo-o|Iron Defense|p1b: Kommo-o\n|-boost|p1b: Kommo-o|def|2\n|\n|upkeep\n|turn|16\n|\n|t:|1699821158\n|move|p1b: Kommo-o|Body Press|p2a: Dark Lord\n|-resisted|p2a: Dark Lord\n|-damage|p2a: Dark Lord|0 fnt\n|faint|p2a: Dark Lord\n|-end|p2a: Dark Lord|fallen4|[silent]\n|\n|win|frankocean$7\n|raw|frankocean$7's rating: 1460 &rarr; <strong>1473<\/strong><br \/>(+13 for winning)\n|raw|venoguy17's rating: 1328 &rarr; <strong>1315<\/strong><br \/>(-13 for losing)\n|l|\u2606venoguy17\n","uploadtime":1699821211,"views":12,"p1id":"frankocean7","p2id":"venoguy17","formatid":"gen9doublesou","rating":1315,"private":0,"password":""}