{"id":"gen9doublesou-1969218501","p1":"C0SuMa","p2":"IndiaPaleWhAle","format":"[Gen 9] Doubles OU","log":"|j|\u2606C0SuMa\n|j|\u2606IndiaPaleWhAle\n|t:|1697501585\n|gametype|doubles\n|player|p1|C0SuMa|2|1515\n|player|p2|IndiaPaleWhAle|musician|1457\n|teamsize|p1|6\n|teamsize|p2|6\n|gen|9\n|tier|[Gen 9] Doubles OU\n|rated|\n|rule|Species Clause: Limit one of each Pok\u00e9mon\n|rule|OHKO Clause: OHKO moves are banned\n|rule|Evasion Moves Clause: Evasion moves are banned\n|rule|Gravity Sleep Clause: The combination of sleep-inducing moves with imperfect accuracy and Gravity or Gigantamax Orbeetle are banned\n|rule|Endless Battle Clause: Forcing endless battles is banned\n|rule|HP Percentage Mod: HP is shown in percentages\n|clearpoke\n|poke|p1|Sinistcha-Masterpiece|\n|poke|p1|Ursaluna, M|\n|poke|p1|Diancie|\n|poke|p1|Indeedee-F, F|\n|poke|p1|Armarouge, F|\n|poke|p1|Ogerpon-Wellspring, F|\n|poke|p2|Chi-Yu|\n|poke|p2|Dachsbun, M|\n|poke|p2|Armarouge, M|\n|poke|p2|Ninetales-Alola, M|\n|poke|p2|Indeedee-F, F|\n|poke|p2|Hawlucha, M|\n|teampreview\n|inactive|Battle timer is ON: inactive players will automatically lose when time's up. (requested by IndiaPaleWhAle)\n|\n|t:|1697501622\n|start\n|switch|p1a: Armarouge|Armarouge, F|100\/100\n|switch|p1b: Diancie|Diancie|100\/100\n|switch|p2a: \ud83c\udfb7\ud83d\udc13|Indeedee-F, F|100\/100\n|switch|p2b: Potato \ud83e\udd54|Hawlucha, M, shiny|100\/100\n|-fieldstart|move: Psychic Terrain|[from] ability: Psychic Surge|[of] p2a: \ud83c\udfb7\ud83d\udc13\n|-enditem|p2b: Potato \ud83e\udd54|Psychic Seed\n|-boost|p2b: Potato \ud83e\udd54|spd|1|[from] item: Psychic Seed\n|turn|1\n|\n|t:|1697501644\n|move|p1a: Armarouge|Protect|p1a: Armarouge\n|-singleturn|p1a: Armarouge|Protect\n|move|p2a: \ud83c\udfb7\ud83d\udc13|Follow Me|p2a: \ud83c\udfb7\ud83d\udc13\n|-singleturn|p2a: \ud83c\udfb7\ud83d\udc13|move: Follow Me\n|move|p2b: Potato \ud83e\udd54|Swords Dance|p2b: Potato \ud83e\udd54\n|-boost|p2b: Potato \ud83e\udd54|atk|2\n|move|p1b: Diancie|Trick Room|p1b: Diancie\n|-fieldstart|move: Trick Room|[of] p1b: Diancie\n|\n|upkeep\n|turn|2\n|\n|t:|1697501673\n|move|p2a: \ud83c\udfb7\ud83d\udc13|Follow Me|p2a: \ud83c\udfb7\ud83d\udc13\n|-singleturn|p2a: \ud83c\udfb7\ud83d\udc13|move: Follow Me\n|move|p1b: Diancie|Dazzling Gleam|p2b: Potato \ud83e\udd54|[spread] p2a,p2b\n|-supereffective|p2b: Potato \ud83e\udd54\n|-damage|p2a: \ud83c\udfb7\ud83d\udc13|74\/100\n|-damage|p2b: Potato \ud83e\udd54|43\/100\n|move|p1a: Armarouge|Expanding Force|p2b: Potato \ud83e\udd54|[spread] p2a,p2b\n|-resisted|p2a: \ud83c\udfb7\ud83d\udc13\n|-supereffective|p2b: Potato \ud83e\udd54\n|-damage|p2a: \ud83c\udfb7\ud83d\udc13|38\/100\n|-damage|p2b: Potato \ud83e\udd54|0 fnt\n|faint|p2b: Potato \ud83e\udd54\n|-damage|p1a: Armarouge|91\/100|[from] item: Life Orb\n|\n|upkeep\n|inactive|IndiaPaleWhAle has 120 seconds left.\n|\n|t:|1697501685\n|switch|p2b: \ud83c\udf63\ud83c\udf63\ud83c\udf63|Chi-Yu|100\/100\n|-ability|p2b: \ud83c\udf63\ud83c\udf63\ud83c\udf63|Beads of Ruin\n|turn|3\n|\n|t:|1697501694\n|switch|p2a: Lord Breadington\ud83c\udf5e|Dachsbun, M|100\/100\n|move|p1b: Diancie|Diamond Storm|p2b: \ud83c\udf63\ud83c\udf63\ud83c\udf63|[spread] p2a,p2b\n|-supereffective|p2b: \ud83c\udf63\ud83c\udf63\ud83c\udf63\n|-damage|p2a: Lord Breadington\ud83c\udf5e|83\/100\n|-damage|p2b: \ud83c\udf63\ud83c\udf63\ud83c\udf63|16\/100\n|-boost|p1b: Diancie|def|2\n|move|p1a: Armarouge|Heat Wave|p2a: Lord Breadington\ud83c\udf5e|[spread] p2b\n|-ability|p2a: Lord Breadington\ud83c\udf5e|Well-Baked Body|boost\n|-boost|p2a: Lord Breadington\ud83c\udf5e|def|2\n|-resisted|p2b: \ud83c\udf63\ud83c\udf63\ud83c\udf63\n|-damage|p2b: \ud83c\udf63\ud83c\udf63\ud83c\udf63|0 fnt\n|faint|p2b: \ud83c\udf63\ud83c\udf63\ud83c\udf63\n|-damage|p1a: Armarouge|81\/100|[from] item: Life Orb\n|\n|-heal|p2a: Lord Breadington\ud83c\udf5e|89\/100|[from] item: Leftovers\n|upkeep\n|\n|t:|1697501708\n|switch|p2b: Hot Cheeto \ud83d\udd25|Armarouge, M|100\/100\n|turn|4\n|inactive|C0SuMa has 120 seconds left.\n|inactive|C0SuMa has 90 seconds left.\n|inactive|C0SuMa has 60 seconds left.\n|\n|t:|1697501815\n|move|p1b: Diancie|Diamond Storm|p2a: Lord Breadington\ud83c\udf5e|[spread] p2a,p2b\n|-supereffective|p2b: Hot Cheeto \ud83d\udd25\n|-damage|p2a: Lord Breadington\ud83c\udf5e|79\/100\n|-damage|p2b: Hot Cheeto \ud83d\udd25|57\/100\n|-boost|p1b: Diancie|def|2\n|move|p1a: Armarouge|Expanding Force|p2a: Lord Breadington\ud83c\udf5e|[spread] p2a,p2b\n|-resisted|p2b: Hot Cheeto \ud83d\udd25\n|-damage|p2a: Lord Breadington\ud83c\udf5e|0 fnt\n|-damage|p2b: Hot Cheeto \ud83d\udd25|31\/100\n|faint|p2a: Lord Breadington\ud83c\udf5e\n|-damage|p1a: Armarouge|71\/100|[from] item: Life Orb\n|move|p2b: Hot Cheeto \ud83d\udd25|Lava Plume|p1b: Diancie|[spread] p1b\n|-start|p1a: Armarouge|ability: Flash Fire\n|-resisted|p1b: Diancie\n|-damage|p1b: Diancie|88\/100\n|\n|-heal|p1b: Diancie|94\/100|[from] item: Leftovers\n|upkeep\n|\n|t:|1697501831\n|switch|p2a: Shampoo \ud83e\udee7|Ninetales-Alola, M|100\/100\n|-weather|Snow|[from] ability: Snow Warning|[of] p2a: Shampoo \ud83e\udee7\n|turn|5\n|inactive|C0SuMa has 60 seconds left.\n|\n|t:|1697501872\n|move|p1b: Diancie|Diamond Storm|p2b: Hot Cheeto \ud83d\udd25|[spread] p2a,p2b\n|-supereffective|p2a: Shampoo \ud83e\udee7\n|-supereffective|p2b: Hot Cheeto \ud83d\udd25\n|-damage|p2a: Shampoo \ud83e\udee7|49\/100\n|-damage|p2b: Hot Cheeto \ud83d\udd25|0 fnt\n|faint|p2b: Hot Cheeto \ud83d\udd25\n|move|p1a: Armarouge|Expanding Force|p2a: Shampoo \ud83e\udee7\n|-damage|p2a: Shampoo \ud83e\udee7|0 fnt\n|faint|p2a: Shampoo \ud83e\udee7\n|-damage|p1a: Armarouge|61\/100|[from] item: Life Orb\n|\n|-weather|Snow|[upkeep]\n|-heal|p1b: Diancie|100\/100|[from] item: Leftovers\n|-fieldend|move: Trick Room\n|-fieldend|move: Psychic Terrain\n|upkeep\n|-message|IndiaPaleWhAle forfeited.\n|\n|win|C0SuMa\n|raw|C0SuMa's rating: 1515 &rarr; <strong>1532<\/strong><br \/>(+17 for winning)\n|raw|IndiaPaleWhAle's rating: 1457 &rarr; <strong>1440<\/strong><br \/>(-17 for losing)\n|l|\u2606IndiaPaleWhAle\n|c|\u2606C0SuMa|gg\n","uploadtime":1697501959,"views":17,"p1id":"c0suma","p2id":"indiapalewhale","formatid":"gen9doublesou","rating":1440,"private":0,"password":""}