{"id":"gen9doublesou-1973593850","p1":"Rexluser","p2":"sokky777","format":"[Gen 9] Doubles OU","log":"|j|\u2606Rexluser\n|j|\u2606sokky777\n|t:|1697994228\n|gametype|doubles\n|player|p1|Rexluser|266|1264\n|player|p2|sokky777|266|1140\n|teamsize|p1|6\n|teamsize|p2|6\n|gen|9\n|tier|[Gen 9] Doubles OU\n|rated|\n|rule|Species Clause: Limit one of each Pok\u00e9mon\n|rule|OHKO Clause: OHKO moves are banned\n|rule|Evasion Moves Clause: Evasion moves are banned\n|rule|Gravity Sleep Clause: The combination of sleep-inducing moves with imperfect accuracy and Gravity or Gigantamax Orbeetle are banned\n|rule|Endless Battle Clause: Forcing endless battles is banned\n|rule|HP Percentage Mod: HP is shown in percentages\n|clearpoke\n|poke|p1|Chien-Pao|\n|poke|p1|Basculegion-F, F|\n|poke|p1|Goodra-Hisui, F|\n|poke|p1|Iron Hands|\n|poke|p1|Ogerpon-Hearthflame, F|\n|poke|p1|Tornadus, M|\n|poke|p2|Zapdos|\n|poke|p2|Flutter Mane|\n|poke|p2|Gliscor, M|\n|poke|p2|Ogerpon-Wellspring, F|\n|poke|p2|Sinistcha-Masterpiece|\n|poke|p2|Jirachi|\n|teampreview\n|inactive|Battle timer is ON: inactive players will automatically lose when time's up. (requested by Rexluser)\n|\n|t:|1697994243\n|start\n|switch|p1a: Tornadus|Tornadus, M|100\/100\n|switch|p1b: Chien-Pao|Chien-Pao|100\/100\n|switch|p2a: Zapdos|Zapdos, shiny|100\/100\n|switch|p2b: Flutter Mane|Flutter Mane|100\/100\n|-ability|p1b: Chien-Pao|Sword of Ruin\n|turn|1\n|\n|t:|1697994259\n|move|p1a: Tornadus|Tailwind|p1a: Tornadus\n|-sidestart|p1: Rexluser|move: Tailwind\n|move|p1b: Chien-Pao|Lash Out|p2b: Flutter Mane\n|-damage|p2b: Flutter Mane|0 fnt\n|faint|p2b: Flutter Mane\n|-end|p2b: Flutter Mane|Protosynthesis|[silent]\n|move|p2a: Zapdos|Tailwind|p2a: Zapdos\n|-sidestart|p2: sokky777|move: Tailwind\n|\n|upkeep\n|inactive|sokky777 has 120 seconds left.\n|\n|t:|1697994289\n|switch|p2b: Jirachi|Jirachi, shiny|100\/100\n|turn|2\n|\n|t:|1697994306\n|switch|p1a: Goodra|Goodra-Hisui, F|100\/100\n|move|p1b: Chien-Pao|Lash Out|p2b: Jirachi\n|-supereffective|p2b: Jirachi\n|-damage|p2b: Jirachi|0 fnt\n|faint|p2b: Jirachi\n|move|p2a: Zapdos|Heat Wave|p1b: Chien-Pao|[spread] p1a,p1b\n|-supereffective|p1b: Chien-Pao\n|-damage|p1a: Goodra|85\/100\n|-damage|p1b: Chien-Pao|12\/100\n|\n|-heal|p1a: Goodra|91\/100|[from] item: Leftovers\n|upkeep\n|\n|t:|1697994322\n|switch|p2b: Gliscor|Gliscor, M, shiny|100\/100\n|turn|3\n|\n|t:|1697994336\n|switch|p1b: Basculegion|Basculegion-F, F|100\/100\n|-ability|p1b: Basculegion|Mold Breaker\n|move|p2b: Gliscor|Protect|p2b: Gliscor\n|-singleturn|p2b: Gliscor|Protect\n|move|p2a: Zapdos|Heat Wave|p1b: Basculegion|[spread] p1a,p1b\n|-resisted|p1b: Basculegion\n|-damage|p1a: Goodra|77\/100\n|-damage|p1b: Basculegion|88\/100\n|move|p1a: Goodra|Acid Armor|p1a: Goodra\n|-boost|p1a: Goodra|def|2\n|\n|-heal|p1a: Goodra|83\/100|[from] item: Leftovers\n|-status|p2b: Gliscor|tox|[from] item: Toxic Orb\n|upkeep\n|turn|4\n|\n|t:|1697994359\n|move|p2b: Gliscor|Facade|p1b: Basculegion\n|-immune|p1b: Basculegion\n|move|p1b: Basculegion|Liquidation|p2b: Gliscor\n|-supereffective|p2b: Gliscor\n|-damage|p2b: Gliscor|24\/100 tox\n|move|p2a: Zapdos|Discharge|p1b: Basculegion|[spread] p1a,p1b\n|-immune|p2b: Gliscor\n|-resisted|p1a: Goodra\n|-supereffective|p1b: Basculegion\n|-damage|p1a: Goodra|75\/100\n|-damage|p1b: Basculegion|21\/100\n|-status|p1b: Basculegion|par\n|move|p1a: Goodra|Dragon Pulse|p2a: Zapdos\n|-damage|p2a: Zapdos|70\/100\n|\n|-heal|p1a: Goodra|81\/100|[from] item: Leftovers\n|-heal|p2b: Gliscor|37\/100 tox|[from] ability: Poison Heal\n|-sideend|p1: Rexluser|move: Tailwind\n|-sideend|p2: sokky777|move: Tailwind\n|upkeep\n|turn|5\n|\n|t:|1697994381\n|move|p2b: Gliscor|Fling|p1a: Goodra\n|-damage|p1a: Goodra|77\/100\n|-enditem|p2b: Gliscor|Toxic Orb|[from] move: Fling\n|move|p2a: Zapdos|Tailwind|p2a: Zapdos\n|-sidestart|p2: sokky777|move: Tailwind\n|move|p1a: Goodra|Dragon Pulse|p2a: Zapdos\n|-damage|p2a: Zapdos|39\/100\n|-enditem|p2a: Zapdos|Sitrus Berry|[eat]\n|-heal|p2a: Zapdos|64\/100|[from] item: Sitrus Berry\n|move|p1b: Basculegion|Liquidation|p2b: Gliscor\n|-supereffective|p2b: Gliscor\n|-damage|p2b: Gliscor|0 fnt\n|faint|p2b: Gliscor\n|\n|-heal|p1a: Goodra|83\/100|[from] item: Leftovers\n|upkeep\n|inactive|sokky777 has 120 seconds left.\n|\n|t:|1697994396\n|switch|p2b: Sinistcha|Sinistcha-Masterpiece, shiny|100\/100\n|-heal|p2a: Zapdos|88\/100|[from] ability: Hospitality|[of] p2b: Sinistcha\n|turn|6\n|\n|t:|1697994405\n|move|p2a: Zapdos|Heat Wave|p1b: Basculegion|[spread] p1a,p1b\n|-resisted|p1b: Basculegion\n|-damage|p1a: Goodra|68\/100\n|-damage|p1b: Basculegion|8\/100 par\n|move|p2b: Sinistcha|Calm Mind|p2b: Sinistcha\n|-boost|p2b: Sinistcha|spa|1\n|-boost|p2b: Sinistcha|spd|1\n|move|p1a: Goodra|Flamethrower|p2b: Sinistcha\n|-supereffective|p2b: Sinistcha\n|-damage|p2b: Sinistcha|67\/100\n|cant|p1b: Basculegion|par\n|\n|-heal|p1a: Goodra|74\/100|[from] item: Leftovers\n|upkeep\n|turn|7\n|\n|t:|1697994426\n|move|p2a: Zapdos|Heat Wave|p1b: Basculegion|[spread] p1a,p1b\n|-resisted|p1b: Basculegion\n|-damage|p1a: Goodra|60\/100\n|-damage|p1b: Basculegion|0 fnt\n|faint|p1b: Basculegion\n|move|p2b: Sinistcha|Scald|p1a: Goodra\n|-resisted|p1a: Goodra\n|-damage|p1a: Goodra|47\/100\n|-status|p1a: Goodra|brn\n|move|p1a: Goodra|Flamethrower|p2b: Sinistcha\n|-supereffective|p2b: Sinistcha\n|-damage|p2b: Sinistcha|30\/100\n|\n|-heal|p1a: Goodra|54\/100 brn|[from] item: Leftovers\n|-damage|p1a: Goodra|47\/100 brn|[from] brn\n|upkeep\n|\n|t:|1697994434\n|switch|p1b: Tornadus|Tornadus, M|100\/100\n|turn|8\n|\n|t:|1697994449\n|move|p1b: Tornadus|Tailwind|p1b: Tornadus\n|-sidestart|p1: Rexluser|move: Tailwind\n|move|p2a: Zapdos|Heat Wave|p1a: Goodra|[spread] p1a,p1b\n|-damage|p1a: Goodra|34\/100 brn\n|-damage|p1b: Tornadus|64\/100\n|move|p2b: Sinistcha|Matcha Gotcha|p1b: Tornadus|[spread] p1b\n|-ability|p1a: Goodra|Sap Sipper|boost\n|-boost|p1a: Goodra|atk|1\n|-resisted|p1b: Tornadus\n|-damage|p1b: Tornadus|33\/100\n|-heal|p2b: Sinistcha|44\/100|[from] drain|[of] p1b: Tornadus\n|move|p1a: Goodra|Flamethrower|p2b: Sinistcha\n|-supereffective|p2b: Sinistcha\n|-damage|p2b: Sinistcha|7\/100\n|\n|-heal|p1a: Goodra|40\/100 brn|[from] item: Leftovers\n|-damage|p1a: Goodra|34\/100 brn|[from] brn\n|-sideend|p2: sokky777|move: Tailwind\n|upkeep\n|turn|9\n|\n|t:|1697994474\n|switch|p2b: Ogerpon|Ogerpon-Wellspring, F|100\/100\n|move|p1b: Tornadus|Bleakwind Storm|p2b: Ogerpon|[spread] p2b\n|-miss|p1b: Tornadus|p2a: Zapdos\n|-supereffective|p2b: Ogerpon\n|-damage|p2b: Ogerpon|30\/100\n|move|p1a: Goodra|Flamethrower|p2b: Ogerpon\n|-damage|p2b: Ogerpon|9\/100\n|move|p2a: Zapdos|Tailwind|p2a: Zapdos\n|-sidestart|p2: sokky777|move: Tailwind\n|\n|-heal|p1a: Goodra|40\/100 brn|[from] item: Leftovers\n|-damage|p1a: Goodra|34\/100 brn|[from] brn\n|upkeep\n|turn|10\n|\n|t:|1697994495\n|move|p2b: Ogerpon|Spiky Shield|p2b: Ogerpon\n|-singleturn|p2b: Ogerpon|move: Protect\n|move|p1b: Tornadus|Bleakwind Storm|p2b: Ogerpon|[spread] p2a\n|-activate|p2b: Ogerpon|move: Protect\n|-resisted|p2a: Zapdos\n|-damage|p2a: Zapdos|72\/100\n|-unboost|p2a: Zapdos|spe|1\n|move|p2a: Zapdos|Heat Wave|p1b: Tornadus|[spread] p1a,p1b\n|-damage|p1a: Goodra|20\/100 brn\n|-damage|p1b: Tornadus|0 fnt\n|faint|p1b: Tornadus\n|move|p1a: Goodra|Flash Cannon|p2a: Zapdos\n|-resisted|p2a: Zapdos\n|-damage|p2a: Zapdos|58\/100\n|\n|-heal|p1a: Goodra|26\/100 brn|[from] item: Leftovers\n|-damage|p1a: Goodra|20\/100 brn|[from] brn\n|upkeep\n|\n|t:|1697994515\n|switch|p1b: Chien-Pao|Chien-Pao|12\/100\n|-ability|p1b: Chien-Pao|Sword of Ruin\n|turn|11\n|\n|t:|1697994524\n|move|p2b: Ogerpon|Spiky Shield||[still]\n|-fail|p2b: Ogerpon\n|move|p1b: Chien-Pao|Ice Spinner|p2a: Zapdos\n|-supereffective|p2a: Zapdos\n|-damage|p2a: Zapdos|0 fnt\n|faint|p2a: Zapdos\n|move|p1a: Goodra|Flash Cannon|p2b: Ogerpon\n|-resisted|p2b: Ogerpon\n|-damage|p2b: Ogerpon|0 fnt\n|faint|p2b: Ogerpon\n|\n|-heal|p1a: Goodra|26\/100 brn|[from] item: Leftovers\n|-damage|p1a: Goodra|20\/100 brn|[from] brn\n|-sideend|p1: Rexluser|move: Tailwind\n|upkeep\n|\n|t:|1697994537\n|switch|p2b: Sinistcha|Sinistcha-Masterpiece, shiny|7\/100\n|turn|12\n|\n|t:|1697994543\n|move|p1b: Chien-Pao|Ice Spinner|p2b: Sinistcha\n|-supereffective|p2b: Sinistcha\n|-damage|p2b: Sinistcha|0 fnt\n|faint|p2b: Sinistcha\n|\n|win|Rexluser\n|raw|Rexluser's rating: 1264 &rarr; <strong>1280<\/strong><br \/>(+16 for winning)\n|raw|sokky777's rating: 1140 &rarr; <strong>1124<\/strong><br \/>(-16 for losing)\n|l|\u2606sokky777\n","uploadtime":1697994549,"views":19,"p1id":"rexluser","p2id":"sokky777","formatid":"gen9doublesou","rating":1124,"private":0,"password":""}