{"id":"gen9doublesou-1993702768","p1":"andyverds","p2":"naitohikari","format":"[Gen 9] Doubles OU","log":"|j|\u2606andyverds\n|j|\u2606naitohikari\n|t:|1700347316\n|gametype|doubles\n|player|p1|andyverds|101|1279\n|player|p2|naitohikari|ltsurge|1311\n|teamsize|p1|6\n|teamsize|p2|6\n|gen|9\n|tier|[Gen 9] Doubles OU\n|rated|\n|rule|Species Clause: Limit one of each Pok\u00e9mon\n|rule|OHKO Clause: OHKO moves are banned\n|rule|Evasion Moves Clause: Evasion moves are banned\n|rule|Gravity Sleep Clause: The combination of sleep-inducing moves with imperfect accuracy and Gravity or Gigantamax Orbeetle are banned\n|rule|Endless Battle Clause: Forcing endless battles is banned\n|rule|HP Percentage Mod: HP is shown in percentages\n|clearpoke\n|poke|p1|Kommo-o, F|\n|poke|p1|Tyranitar, M|\n|poke|p1|Rillaboom, M|\n|poke|p1|Flutter Mane|\n|poke|p1|Arcanine-Hisui, F|\n|poke|p1|Iron Bundle|\n|poke|p2|Arcanine-Hisui, M|\n|poke|p2|Tyranitar, M|\n|poke|p2|Diancie|\n|poke|p2|Houndstone, M|\n|poke|p2|Garchomp, F|\n|poke|p2|Sandaconda, M|\n|teampreview\n|\n|t:|1700347340\n|start\n|switch|p1a: Rillaboom|Rillaboom, M|100\/100\n|switch|p1b: Tyranitar|Tyranitar, M|100\/100\n|switch|p2a: Arcanine|Arcanine-Hisui, M, shiny|100\/100\n|switch|p2b: Tyranitar|Tyranitar, M, shiny|100\/100\n|-ability|p2a: Arcanine|Intimidate|boost\n|-unboost|p1a: Rillaboom|atk|1\n|-unboost|p1b: Tyranitar|atk|1\n|-weather|Sandstorm|[from] ability: Sand Stream|[of] p1b: Tyranitar\n|-fieldstart|move: Grassy Terrain|[from] ability: Grassy Surge|[of] p1a: Rillaboom\n|turn|1\n|\n|t:|1700347364\n|switch|p2b: Diancie|Diancie|100\/100\n|move|p1a: Rillaboom|Fake Out|p2a: Arcanine\n|-resisted|p2a: Arcanine\n|-damage|p2a: Arcanine|94\/100\n|cant|p2a: Arcanine|flinch\n|move|p1b: Tyranitar|Low Kick|p2b: Diancie\n|-damage|p2b: Diancie|96\/100\n|\n|-weather|Sandstorm|[upkeep]\n|-damage|p1a: Rillaboom|94\/100|[from] Sandstorm\n|-heal|p2a: Arcanine|99\/100|[from] Grassy Terrain\n|-heal|p1a: Rillaboom|100\/100|[from] Grassy Terrain\n|-heal|p2b: Diancie|100\/100|[from] Grassy Terrain\n|upkeep\n|turn|2\n|\n|t:|1700347406\n|switch|p1a: Arcanine|Arcanine-Hisui, F|100\/100\n|-ability|p1a: Arcanine|Intimidate|boost\n|-unboost|p2a: Arcanine|atk|1\n|-fail|p2b: Diancie|unboost|[from] ability: Clear Body|[of] p2b: Diancie\n|move|p2a: Arcanine|Bulldoze|p1a: Arcanine|[spread] p2b,p1a,p1b\n|-supereffective|p2b: Diancie\n|-supereffective|p1a: Arcanine\n|-supereffective|p1b: Tyranitar\n|-damage|p2b: Diancie|93\/100\n|-damage|p1a: Arcanine|81\/100\n|-damage|p1b: Tyranitar|92\/100\n|-unboost|p1a: Arcanine|spe|1\n|-unboost|p1b: Tyranitar|spe|1\n|-enditem|p2b: Diancie|Weakness Policy\n|-boost|p2b: Diancie|atk|2|[from] item: Weakness Policy\n|-boost|p2b: Diancie|spa|2|[from] item: Weakness Policy\n|move|p1b: Tyranitar|Rock Slide|p2b: Diancie|[spread] p2a,p2b\n|-supereffective|p2a: Arcanine\n|-damage|p2a: Arcanine|42\/100\n|-damage|p2b: Diancie|77\/100\n|move|p2b: Diancie|Diamond Storm|p1a: Arcanine|[spread] p1a,p1b\n|-supereffective|p1a: Arcanine\n|-damage|p1a: Arcanine|0 fnt\n|-damage|p1b: Tyranitar|48\/100\n|-boost|p2b: Diancie|def|2\n|faint|p1a: Arcanine\n|\n|-weather|Sandstorm|[upkeep]\n|-heal|p2a: Arcanine|48\/100|[from] Grassy Terrain\n|-heal|p1b: Tyranitar|55\/100|[from] Grassy Terrain\n|-heal|p2b: Diancie|83\/100|[from] Grassy Terrain\n|upkeep\n|\n|t:|1700347417\n|switch|p1a: Iron Bundle|Iron Bundle|100\/100\n|-enditem|p1a: Iron Bundle|Booster Energy\n|-activate|p1a: Iron Bundle|ability: Quark Drive|[fromitem]\n|-start|p1a: Iron Bundle|quarkdrivespe\n|turn|3\n|\n|t:|1700347440\n|switch|p2a: Sandaconda|Sandaconda, M, shiny|100\/100\n|move|p1a: Iron Bundle|Hydro Pump|p2b: Diancie\n|-supereffective|p2b: Diancie\n|-damage|p2b: Diancie|37\/100\n|move|p1b: Tyranitar|Rock Slide|p2a: Sandaconda|[spread] p2a,p2b\n|-resisted|p2a: Sandaconda\n|-damage|p2a: Sandaconda|91\/100\n|-damage|p2b: Diancie|29\/100\n|move|p2b: Diancie|Baton Pass|p2b: Diancie\n|\n|t:|1700347452\n|switch|p2b: Houndstone|Houndstone, M|100\/100|[from] Baton Pass\n|\n|-weather|Sandstorm|[upkeep]\n|-damage|p1a: Iron Bundle|95\/100|[from] Sandstorm\n|-heal|p1a: Iron Bundle|100\/100|[from] Grassy Terrain\n|-heal|p2a: Sandaconda|97\/100|[from] Grassy Terrain\n|-heal|p2a: Sandaconda|100\/100|[from] item: Leftovers\n|-heal|p1b: Tyranitar|61\/100|[from] Grassy Terrain\n|upkeep\n|turn|4\n|\n|t:|1700347513\n|move|p1a: Iron Bundle|Hydro Pump|p2a: Sandaconda\n|-supereffective|p2a: Sandaconda\n|-damage|p2a: Sandaconda|7\/100\n|move|p2b: Houndstone|Crunch|p1a: Iron Bundle\n|-damage|p1a: Iron Bundle|10\/100\n|move|p2a: Sandaconda|Glare|p1a: Iron Bundle\n|-status|p1a: Iron Bundle|par\n|move|p1b: Tyranitar|Knock Off|p2a: Sandaconda\n|-damage|p2a: Sandaconda|0 fnt\n|-enditem|p2a: Sandaconda|Leftovers|[from] move: Knock Off|[of] p1b: Tyranitar\n|faint|p2a: Sandaconda\n|\n|-weather|Sandstorm|[upkeep]\n|-damage|p1a: Iron Bundle|4\/100 par|[from] Sandstorm\n|-heal|p1a: Iron Bundle|10\/100 par|[from] Grassy Terrain\n|-heal|p1b: Tyranitar|67\/100|[from] Grassy Terrain\n|upkeep\n|\n|t:|1700347524\n|switch|p2a: Arcanine|Arcanine-Hisui, M, shiny|48\/100\n|-ability|p2a: Arcanine|Intimidate|boost\n|-unboost|p1a: Iron Bundle|atk|1\n|-unboost|p1b: Tyranitar|atk|1\n|turn|5\n|\n|t:|1700347538\n|-terastallize|p2a: Arcanine|Grass\n|move|p2b: Houndstone|Crunch|p1a: Iron Bundle\n|-crit|p1a: Iron Bundle\n|-damage|p1a: Iron Bundle|0 fnt\n|faint|p1a: Iron Bundle\n|-end|p1a: Iron Bundle|Quark Drive|[silent]\n|move|p2a: Arcanine|Tera Blast|p1b: Tyranitar|[anim] Tera Blast Grass\n|-supereffective|p1b: Tyranitar\n|-damage|p1b: Tyranitar|0 fnt\n|faint|p1b: Tyranitar\n|\n|-weather|none\n|-heal|p2a: Arcanine|54\/100|[from] Grassy Terrain\n|-fieldend|move: Grassy Terrain\n|upkeep\n|\n|t:|1700347547\n|switch|p1a: Flutter Mane|Flutter Mane|100\/100\n|switch|p1b: Rillaboom|Rillaboom, M|100\/100\n|-fieldstart|move: Grassy Terrain|[from] ability: Grassy Surge|[of] p1b: Rillaboom\n|turn|6\n|\n|t:|1700347563\n|move|p1b: Rillaboom|Fake Out|p2b: Houndstone\n|-immune|p2b: Houndstone\n|move|p1a: Flutter Mane|Shadow Ball|p2b: Houndstone\n|-supereffective|p2b: Houndstone\n|-crit|p2b: Houndstone\n|-damage|p2b: Houndstone|0 fnt\n|faint|p2b: Houndstone\n|move|p2a: Arcanine|Flare Blitz|p1b: Rillaboom\n|-supereffective|p1b: Rillaboom\n|-damage|p1b: Rillaboom|0 fnt\n|faint|p1b: Rillaboom\n|-damage|p2a: Arcanine|15\/100|[from] Recoil\n|\n|-heal|p2a: Arcanine|21\/100|[from] Grassy Terrain\n|upkeep\n|\n|t:|1700347576\n|switch|p2b: Tyranitar|Tyranitar, M, shiny|100\/100\n|switch|p1b: Kommo-o|Kommo-o, F|100\/100\n|-weather|Sandstorm|[from] ability: Sand Stream|[of] p2b: Tyranitar\n|turn|7\n|\n|t:|1700347591\n|-terastallize|p1a: Flutter Mane|Fairy\n|move|p2b: Tyranitar|Protect|p2b: Tyranitar\n|-singleturn|p2b: Tyranitar|Protect\n|move|p1a: Flutter Mane|Shadow Ball|p2a: Arcanine\n|-damage|p2a: Arcanine|0 fnt\n|faint|p2a: Arcanine\n|move|p1b: Kommo-o|Body Press|p2b: Tyranitar\n|-activate|p2b: Tyranitar|move: Protect\n|\n|-weather|Sandstorm|[upkeep]\n|-damage|p1a: Flutter Mane|95\/100|[from] Sandstorm\n|-damage|p1b: Kommo-o|94\/100|[from] Sandstorm\n|-heal|p1a: Flutter Mane|100\/100|[from] Grassy Terrain\n|-heal|p1b: Kommo-o|100\/100|[from] Grassy Terrain\n|upkeep\n|\n|t:|1700347597\n|switch|p2a: Garchomp|Garchomp, F, shiny|100\/100\n|turn|8\n|\n|t:|1700347612\n|switch|p2b: Diancie|Diancie|29\/100\n|move|p1a: Flutter Mane|Shadow Ball|p2a: Garchomp\n|-damage|p2a: Garchomp|32\/100\n|-unboost|p2a: Garchomp|spd|1\n|move|p2a: Garchomp|Iron Head|p1a: Flutter Mane\n|-supereffective|p1a: Flutter Mane\n|-damage|p1a: Flutter Mane|0 fnt\n|faint|p1a: Flutter Mane\n|-end|p1a: Flutter Mane|Protosynthesis|[silent]\n|move|p1b: Kommo-o|Body Press|p2b: Diancie\n|-damage|p2b: Diancie|0 fnt\n|faint|p2b: Diancie\n|\n|-weather|Sandstorm|[upkeep]\n|-damage|p1b: Kommo-o|94\/100|[from] Sandstorm\n|-heal|p2a: Garchomp|38\/100|[from] Grassy Terrain\n|-heal|p1b: Kommo-o|100\/100|[from] Grassy Terrain\n|upkeep\n|\n|t:|1700347626\n|switch|p2b: Tyranitar|Tyranitar, M, shiny|100\/100\n|turn|9\n|\n|t:|1700347641\n|move|p2a: Garchomp|Iron Head|p1b: Kommo-o\n|-damage|p1b: Kommo-o|83\/100\n|move|p1b: Kommo-o|Body Press|p2a: Garchomp\n|-damage|p2a: Garchomp|0 fnt\n|-damage|p1b: Kommo-o|71\/100|[from] ability: Rough Skin|[of] p2a: Garchomp\n|-damage|p1b: Kommo-o|54\/100|[from] item: Rocky Helmet|[of] p2a: Garchomp\n|faint|p2a: Garchomp\n|move|p2b: Tyranitar|Ice Punch|p1b: Kommo-o\n|-supereffective|p1b: Kommo-o\n|-damage|p1b: Kommo-o|28\/100\n|\n|-weather|Sandstorm|[upkeep]\n|-damage|p1b: Kommo-o|22\/100|[from] Sandstorm\n|-heal|p1b: Kommo-o|28\/100|[from] Grassy Terrain\n|-heal|p1b: Kommo-o|34\/100|[from] item: Leftovers\n|upkeep\n|turn|10\n|\n|t:|1700347651\n|move|p1b: Kommo-o|Protect|p1b: Kommo-o\n|-singleturn|p1b: Kommo-o|Protect\n|move|p2b: Tyranitar|Ice Punch|p1b: Kommo-o\n|-activate|p1b: Kommo-o|move: Protect\n|\n|-weather|Sandstorm|[upkeep]\n|-damage|p1b: Kommo-o|28\/100|[from] Sandstorm\n|-heal|p1b: Kommo-o|34\/100|[from] Grassy Terrain\n|-heal|p1b: Kommo-o|41\/100|[from] item: Leftovers\n|-fieldend|move: Grassy Terrain\n|upkeep\n|turn|11\n|\n|t:|1700347660\n|move|p1b: Kommo-o|Body Press|p2b: Tyranitar\n|-supereffective|p2b: Tyranitar\n|-damage|p2b: Tyranitar|0 fnt\n|faint|p2b: Tyranitar\n|\n|win|andyverds\n|raw|andyverds's rating: 1279 &rarr; <strong>1306<\/strong><br \/>(+27 for winning)\n|raw|naitohikari's rating: 1311 &rarr; <strong>1289<\/strong><br \/>(-22 for losing)\n|l|\u2606naitohikari\n","uploadtime":1700347671,"views":5,"p1id":"andyverds","p2id":"naitohikari","formatid":"gen9doublesou","rating":1289,"private":0,"password":""}