{"id":"gen9doublesou-1983907283","p1":"Amamama","p2":"GkIves","format":"[Gen 9] Doubles OU","log":"|j|\u2606Amamama\n|j|\u2606GkIves\n|t:|1699198621\n|gametype|doubles\n|player|p1|Amamama|hooligans|\n|player|p2|GkIves|red-gen7|\n|teamsize|p1|6\n|teamsize|p2|6\n|gen|9\n|tier|[Gen 9] Doubles OU\n|rated|Tournament battle\n|rule|Species Clause: Limit one of each Pok\u00e9mon\n|rule|OHKO Clause: OHKO moves are banned\n|rule|Evasion Moves Clause: Evasion moves are banned\n|rule|Gravity Sleep Clause: The combination of sleep-inducing moves with imperfect accuracy and Gravity or Gigantamax Orbeetle are banned\n|rule|Endless Battle Clause: Forcing endless battles is banned\n|rule|HP Percentage Mod: HP is shown in percentages\n|clearpoke\n|poke|p1|Flutter Mane|\n|poke|p1|Jumbao, F|\n|poke|p1|Great Tusk|\n|poke|p1|Chi-Yu|\n|poke|p1|Cresselia, F|\n|poke|p1|Malaconda, F|\n|poke|p2|Revenankh, M|\n|poke|p2|Mimikyu, F|\n|poke|p2|Gengar, M|\n|poke|p2|Skeledirge, F|\n|poke|p2|Gholdengo|\n|poke|p2|Dragapult, F|\n|teampreview\n|inactive|Battle timer is ON: inactive players will automatically lose when time's up. (requested by GkIves)\n|j| Cyril tbh\n|inactive|GkIves has 120 seconds left.\n|inactive|GkIves has 90 seconds left.\n|\n|t:|1699198708\n|start\n|switch|p1a: Malaconda|Malaconda, F|100\/100\n|switch|p1b: Great Tusk|Great Tusk|100\/100\n|switch|p2a: Dragapult|Dragapult, F|100\/100\n|switch|p2b: Revenankh|Revenankh, M, shiny|100\/100\n|-weather|SunnyDay|[from] ability: Drought|[of] p1a: Malaconda\n|-activate|p1b: Great Tusk|ability: Protosynthesis\n|-start|p1b: Great Tusk|protosynthesisatk\n|turn|1\n|\n|t:|1699198722\n|move|p1a: Malaconda|Protect|p1a: Malaconda\n|-singleturn|p1a: Malaconda|Protect\n|move|p2a: Dragapult|Dragon Dance|p2a: Dragapult\n|-boost|p2a: Dragapult|atk|1\n|-boost|p2a: Dragapult|spe|1\n|move|p1b: Great Tusk|Headlong Rush|p2b: Revenankh\n|-damage|p2b: Revenankh|15\/100\n|-unboost|p1b: Great Tusk|def|1\n|-unboost|p1b: Great Tusk|spd|1\n|-enditem|p1b: Great Tusk|Eject Pack\n|\n|t:|1699198732\n|-end|p1b: Great Tusk|Protosynthesis|[silent]\n|switch|p1b: Cresselia|Cresselia, F|100\/100\n|move|p2b: Revenankh|Bulk Up|p2b: Revenankh\n|-boost|p2b: Revenankh|atk|1\n|-boost|p2b: Revenankh|def|1\n|\n|-weather|SunnyDay|[upkeep]\n|-heal|p2b: Revenankh|21\/100|[from] item: Leftovers\n|upkeep\n|turn|2\n|\n|t:|1699198748\n|move|p2b: Revenankh|Drain Punch|p1a: Malaconda\n|-supereffective|p1a: Malaconda\n|-damage|p1a: Malaconda|0 fnt\n|-heal|p2b: Revenankh|77\/100|[from] drain|[of] p1a: Malaconda\n|faint|p1a: Malaconda\n|move|p2a: Dragapult|Phantom Force||[still]\n|-prepare|p2a: Dragapult|Phantom Force\n|move|p1b: Cresselia|Moonblast|p2b: Revenankh\n|-supereffective|p2b: Revenankh\n|-damage|p2b: Revenankh|42\/100\n|-unboost|p2b: Revenankh|spa|1\n|\n|-weather|SunnyDay|[upkeep]\n|-heal|p2b: Revenankh|49\/100|[from] item: Leftovers\n|upkeep\n|\n|t:|1699198755\n|switch|p1a: Flutter Mane|Flutter Mane|100\/100\n|-activate|p1a: Flutter Mane|ability: Protosynthesis\n|-start|p1a: Flutter Mane|protosynthesisspe\n|turn|3\n|\n|t:|1699198766\n|switch|p1b: Great Tusk|Great Tusk|100\/100\n|-activate|p1b: Great Tusk|ability: Protosynthesis\n|-start|p1b: Great Tusk|protosynthesisatk\n|move|p2b: Revenankh|Shadow Sneak|p1a: Flutter Mane\n|-supereffective|p1a: Flutter Mane\n|-damage|p1a: Flutter Mane|0 fnt\n|faint|p1a: Flutter Mane\n|-end|p1a: Flutter Mane|Protosynthesis|[silent]\n|move|p2a: Dragapult|Phantom Force|p1b: Great Tusk|[from]lockedmove\n|-damage|p1b: Great Tusk|44\/100\n|\n|-weather|SunnyDay|[upkeep]\n|-heal|p2b: Revenankh|55\/100|[from] item: Leftovers\n|upkeep\n|\n|t:|1699198777\n|switch|p1a: Jumbao|Jumbao, F|100\/100\n|turn|4\n|\n|t:|1699198785\n|move|p2b: Revenankh|Drain Punch|p1b: Great Tusk\n|-damage|p1b: Great Tusk|6\/100\n|-heal|p2b: Revenankh|73\/100|[from] drain|[of] p1b: Great Tusk\n|move|p2a: Dragapult|Phantom Force||[still]\n|-prepare|p2a: Dragapult|Phantom Force\n|move|p1b: Great Tusk|Headlong Rush|p2b: Revenankh\n|-damage|p2b: Revenankh|20\/100\n|-unboost|p1b: Great Tusk|def|1\n|-unboost|p1b: Great Tusk|spd|1\n|move|p1a: Jumbao|Moonblast|p2a: Dragapult|[miss]\n|-miss|p1a: Jumbao|p2a: Dragapult\n|\n|-weather|SunnyDay|[upkeep]\n|-heal|p2b: Revenankh|27\/100|[from] item: Leftovers\n|upkeep\n|turn|5\n|\n|t:|1699198802\n|-end|p1b: Great Tusk|Protosynthesis|[silent]\n|switch|p1b: Cresselia|Cresselia, F|100\/100\n|move|p2b: Revenankh|Drain Punch|p1b: Cresselia\n|-resisted|p1b: Cresselia\n|-damage|p1b: Cresselia|78\/100\n|-heal|p2b: Revenankh|38\/100|[from] drain|[of] p1b: Cresselia\n|move|p2a: Dragapult|Phantom Force|p1a: Jumbao|[from]lockedmove\n|-damage|p1a: Jumbao|36\/100\n|move|p1a: Jumbao|Moonblast|p2a: Dragapult\n|-supereffective|p2a: Dragapult\n|-damage|p2a: Dragapult|0 fnt\n|faint|p2a: Dragapult\n|\n|-weather|SunnyDay|[upkeep]\n|-heal|p2b: Revenankh|44\/100|[from] item: Leftovers\n|upkeep\n|\n|t:|1699198811\n|switch|p2a: Gengar|Gengar, M|100\/100\n|turn|6\n|\n|t:|1699198819\n|switch|p1a: Great Tusk|Great Tusk|6\/100\n|-activate|p1a: Great Tusk|ability: Protosynthesis\n|-start|p1a: Great Tusk|protosynthesisatk\n|move|p2b: Revenankh|Drain Punch|p1a: Great Tusk\n|-damage|p1a: Great Tusk|0 fnt\n|-heal|p2b: Revenankh|47\/100|[from] drain|[of] p1a: Great Tusk\n|faint|p1a: Great Tusk\n|-end|p1a: Great Tusk|Protosynthesis|[silent]\n|move|p2a: Gengar|Shadow Ball|p1b: Cresselia\n|-supereffective|p1b: Cresselia\n|-damage|p1b: Cresselia|10\/100\n|-unboost|p1b: Cresselia|spd|1\n|move|p1b: Cresselia|Trick|p2b: Revenankh\n|-activate|p1b: Cresselia|move: Trick|[of] p2b: Revenankh\n|-item|p2b: Revenankh|Choice Scarf|[from] move: Trick\n|-item|p1b: Cresselia|Leftovers|[from] move: Trick\n|\n|-weather|SunnyDay|[upkeep]\n|-heal|p1b: Cresselia|16\/100|[from] item: Leftovers\n|upkeep\n|\n|t:|1699198825\n|switch|p1a: Chi-Yu|Chi-Yu|100\/100\n|-ability|p1a: Chi-Yu|Beads of Ruin\n|turn|7\n|\n|t:|1699198840\n|move|p2b: Revenankh|Drain Punch|p1a: Chi-Yu\n|-supereffective|p1a: Chi-Yu\n|-damage|p1a: Chi-Yu|0 fnt\n|-heal|p2b: Revenankh|79\/100|[from] drain|[of] p1a: Chi-Yu\n|faint|p1a: Chi-Yu\n|move|p2a: Gengar|Shadow Ball|p1b: Cresselia\n|-supereffective|p1b: Cresselia\n|-damage|p1b: Cresselia|0 fnt\n|faint|p1b: Cresselia\n|\n|-weather|SunnyDay|[upkeep]\n|upkeep\n|-message|Amamama forfeited.\n|\n|win|GkIves\n|n|\u2606Amamama|amamama\n|n|\u2606GkIves|gkives\n|n| Cyril tbh|cyriltbh\n|l|\u2606Amamama\n|l|\u2606GkIves\n|j| Waldinjy\n","uploadtime":1699199112,"views":7,"p1id":"amamama","p2id":"gkives","formatid":"gen9doublesou","rating":0,"private":0,"password":""}