{"id":"gen9doublesou-1976314881","p1":"Abowlofmagnemites","p2":"cumbawumbafan","format":"[Gen 9] Doubles OU","log":"|j|\u2606Abowlofmagnemites\n|j|\u2606cumbawumbafan\n|t:|1698285607\n|gametype|doubles\n|player|p1|Abowlofmagnemites|plasmagruntf-gen5bw|1135\n|player|p2|cumbawumbafan|pokemonranger-gen4|1199\n|teamsize|p1|6\n|teamsize|p2|6\n|gen|9\n|tier|[Gen 9] Doubles OU\n|rated|\n|rule|Species Clause: Limit one of each Pok\u00e9mon\n|rule|OHKO Clause: OHKO moves are banned\n|rule|Evasion Moves Clause: Evasion moves are banned\n|rule|Gravity Sleep Clause: The combination of sleep-inducing moves with imperfect accuracy and Gravity or Gigantamax Orbeetle are banned\n|rule|Endless Battle Clause: Forcing endless battles is banned\n|rule|HP Percentage Mod: HP is shown in percentages\n|clearpoke\n|poke|p1|Lycanroc, F|\n|poke|p1|Tyranitar, F|\n|poke|p1|Talonflame, F|\n|poke|p1|Great Tusk|\n|poke|p1|Slowking, F|\n|poke|p1|Brute Bonnet|\n|poke|p2|Clefairy, F|\n|poke|p2|Flamigo, F|\n|poke|p2|Iron Bundle|\n|poke|p2|Kingambit, F|\n|poke|p2|Magcargo, M|\n|poke|p2|Rillaboom, M|\n|teampreview\n|l|\u2606Abowlofmagnemites\n|player|p1|\n|j|\u2606Abowlofmagnemites\n|player|p1|Abowlofmagnemites|plasmagruntf-gen5bw\n|\n|t:|1698285650\n|start\n|switch|p1a: Lycanroc|Lycanroc, F|100\/100\n|switch|p1b: Tyranitar|Tyranitar, F|100\/100\n|switch|p2a: Clefairy|Clefairy, F|100\/100\n|switch|p2b: Magcargo|Magcargo, M, shiny|100\/100\n|-weather|Sandstorm|[from] ability: Sand Stream|[of] p1b: Tyranitar\n|turn|1\n|\n|t:|1698285665\n|-terastallize|p2b: Magcargo|Dragon\n|move|p2a: Clefairy|Follow Me|p2a: Clefairy\n|-singleturn|p2a: Clefairy|move: Follow Me\n|move|p1a: Lycanroc|Rock Slide|p2b: Magcargo|[spread] p2a,p2b\n|-damage|p2a: Clefairy|72\/100\n|-damage|p2b: Magcargo|69\/100\n|-damage|p1a: Lycanroc|91\/100|[from] item: Life Orb\n|move|p1b: Tyranitar|Thunder Wave|p2a: Clefairy\n|-status|p2a: Clefairy|par\n|move|p2b: Magcargo|Shell Smash|p2b: Magcargo\n|-unboost|p2b: Magcargo|def|1\n|-unboost|p2b: Magcargo|spd|1\n|-boost|p2b: Magcargo|atk|2\n|-boost|p2b: Magcargo|spa|2\n|-boost|p2b: Magcargo|spe|2\n|-enditem|p2b: Magcargo|White Herb\n|-clearnegativeboost|p2b: Magcargo|[silent]\n|\n|-weather|Sandstorm|[upkeep]\n|-damage|p2b: Magcargo|63\/100|[from] Sandstorm\n|-damage|p2a: Clefairy|66\/100 par|[from] Sandstorm\n|upkeep\n|turn|2\n|\n|t:|1698285704\n|move|p2a: Clefairy|Follow Me|p2a: Clefairy\n|-singleturn|p2a: Clefairy|move: Follow Me\n|move|p1a: Lycanroc|Rock Slide|p2a: Clefairy|[spread] p2a,p2b\n|-damage|p2a: Clefairy|36\/100 par\n|-damage|p2b: Magcargo|31\/100\n|-damage|p1a: Lycanroc|81\/100|[from] item: Life Orb\n|move|p2b: Magcargo|Heat Wave|p1b: Tyranitar|[spread] p1b\n|-miss|p2b: Magcargo|p1a: Lycanroc\n|-resisted|p1b: Tyranitar\n|-damage|p1b: Tyranitar|84\/100\n|move|p1b: Tyranitar|Thunder Wave|p2a: Clefairy\n|-fail|p2a: Clefairy|par\n|\n|-weather|Sandstorm|[upkeep]\n|-damage|p2b: Magcargo|25\/100|[from] Sandstorm\n|-damage|p2a: Clefairy|30\/100 par|[from] Sandstorm\n|upkeep\n|turn|3\n|\n|t:|1698285725\n|move|p2b: Magcargo|Protect|p2b: Magcargo\n|-singleturn|p2b: Magcargo|Protect\n|move|p2a: Clefairy|Follow Me|p2a: Clefairy\n|-singleturn|p2a: Clefairy|move: Follow Me\n|move|p1a: Lycanroc|Rock Slide|p2a: Clefairy|[spread] p2a\n|-activate|p2b: Magcargo|move: Protect\n|-damage|p2a: Clefairy|3\/100 par\n|-damage|p1a: Lycanroc|71\/100|[from] item: Life Orb\n|move|p1b: Tyranitar|Thunder Punch|p2a: Clefairy\n|-damage|p2a: Clefairy|0 fnt\n|faint|p2a: Clefairy\n|\n|-weather|Sandstorm|[upkeep]\n|-damage|p2b: Magcargo|19\/100|[from] Sandstorm\n|upkeep\n|\n|t:|1698285742\n|switch|p2a: Flamigo|Flamigo, F|100\/100\n|-copyboost|p2a: Flamigo|p2b: Magcargo|[from] ability: Costar\n|turn|4\n|\n|t:|1698285757\n|switch|p2b: Rillaboom|Rillaboom, M|100\/100\n|-fieldstart|move: Grassy Terrain|[from] ability: Grassy Surge|[of] p2b: Rillaboom\n|move|p1a: Lycanroc|Psychic Fangs|p2a: Flamigo\n|-supereffective|p2a: Flamigo\n|-damage|p2a: Flamigo|0 fnt\n|faint|p2a: Flamigo\n|-damage|p1a: Lycanroc|61\/100|[from] item: Life Orb\n|move|p1b: Tyranitar|Crunch|p2b: Rillaboom\n|-damage|p2b: Rillaboom|67\/100\n|-unboost|p2b: Rillaboom|def|1\n|\n|-weather|Sandstorm|[upkeep]\n|-damage|p2b: Rillaboom|60\/100|[from] Sandstorm\n|-heal|p1a: Lycanroc|67\/100|[from] Grassy Terrain\n|-heal|p1b: Tyranitar|90\/100|[from] Grassy Terrain\n|-heal|p2b: Rillaboom|67\/100|[from] Grassy Terrain\n|upkeep\n|\n|t:|1698285781\n|switch|p2a: Iron Bundle|Iron Bundle|100\/100\n|-enditem|p2a: Iron Bundle|Booster Energy\n|-activate|p2a: Iron Bundle|ability: Quark Drive|[fromitem]\n|-start|p2a: Iron Bundle|quarkdrivespe\n|turn|5\n|l|\u2606Abowlofmagnemites\n|player|p1|\n|j|\u2606Abowlofmagnemites\n|player|p1|Abowlofmagnemites|plasmagruntf-gen5bw\n|\n|t:|1698285796\n|move|p2b: Rillaboom|Fake Out|p1a: Lycanroc\n|-resisted|p1a: Lycanroc\n|-damage|p1a: Lycanroc|55\/100\n|cant|p1a: Lycanroc|flinch\n|move|p2a: Iron Bundle|Hydro Pump|p1b: Tyranitar|[miss]\n|-miss|p2a: Iron Bundle|p1b: Tyranitar\n|move|p1b: Tyranitar|Thunder Wave|p2a: Iron Bundle\n|-status|p2a: Iron Bundle|par\n|\n|-weather|Sandstorm|[upkeep]\n|-damage|p2a: Iron Bundle|95\/100 par|[from] Sandstorm\n|-damage|p2b: Rillaboom|60\/100|[from] Sandstorm\n|-heal|p1a: Lycanroc|62\/100|[from] Grassy Terrain\n|-heal|p2a: Iron Bundle|100\/100 par|[from] Grassy Terrain\n|-heal|p1b: Tyranitar|97\/100|[from] Grassy Terrain\n|-heal|p2b: Rillaboom|67\/100|[from] Grassy Terrain\n|upkeep\n|turn|6\n|l|\u2606Abowlofmagnemites\n|player|p1|\n|j|\u2606Abowlofmagnemites\n|player|p1|Abowlofmagnemites|plasmagruntf-gen5bw\n|\n|t:|1698285831\n|move|p2a: Iron Bundle|Protect|p2a: Iron Bundle\n|-singleturn|p2a: Iron Bundle|Protect\n|move|p2b: Rillaboom|Grassy Glide|p1a: Lycanroc\n|-supereffective|p1a: Lycanroc\n|-crit|p1a: Lycanroc\n|-damage|p1a: Lycanroc|0 fnt\n|faint|p1a: Lycanroc\n|move|p1b: Tyranitar|Ice Punch|p2b: Rillaboom\n|-supereffective|p2b: Rillaboom\n|-damage|p2b: Rillaboom|0 fnt\n|faint|p2b: Rillaboom\n|\n|-weather|Sandstorm|[upkeep]\n|-damage|p2a: Iron Bundle|95\/100 par|[from] Sandstorm\n|-heal|p2a: Iron Bundle|100\/100 par|[from] Grassy Terrain\n|-heal|p1b: Tyranitar|100\/100|[from] Grassy Terrain\n|upkeep\n|\n|t:|1698285841\n|switch|p1a: Talonflame|Talonflame, F|100\/100\n|switch|p2b: Kingambit|Kingambit, F|100\/100\n|-activate|p2b: Kingambit|ability: Supreme Overlord\n|-start|p2b: Kingambit|fallen3|[silent]\n|turn|7\n|\n|t:|1698285850\n|move|p1a: Talonflame|Tailwind|p1a: Talonflame\n|-sidestart|p1: Abowlofmagnemites|move: Tailwind\n|move|p1b: Tyranitar|Thunder Wave|p2b: Kingambit\n|-status|p2b: Kingambit|par\n|move|p2a: Iron Bundle|Hydro Pump|p1b: Tyranitar\n|-supereffective|p1b: Tyranitar\n|-damage|p1b: Tyranitar|35\/100\n|move|p2b: Kingambit|Kowtow Cleave|p1a: Talonflame\n|-damage|p1a: Talonflame|0 fnt\n|faint|p1a: Talonflame\n|\n|-weather|Sandstorm|[upkeep]\n|-damage|p2a: Iron Bundle|95\/100 par|[from] Sandstorm\n|-heal|p1b: Tyranitar|41\/100|[from] Grassy Terrain\n|-heal|p2a: Iron Bundle|100\/100 par|[from] Grassy Terrain\n|upkeep\n|\n|t:|1698285870\n|switch|p1a: Brute Bonnet|Brute Bonnet|100\/100\n|turn|8\n|\n|t:|1698285883\n|move|p2a: Iron Bundle|Protect|p2a: Iron Bundle\n|-singleturn|p2a: Iron Bundle|Protect\n|move|p1b: Tyranitar|Crunch|p2b: Kingambit\n|-resisted|p2b: Kingambit\n|-damage|p2b: Kingambit|86\/100 par\n|move|p1a: Brute Bonnet|Close Combat|p2b: Kingambit\n|-supereffective|p2b: Kingambit\n|-damage|p2b: Kingambit|0 fnt\n|-unboost|p1a: Brute Bonnet|def|1\n|-unboost|p1a: Brute Bonnet|spd|1\n|faint|p2b: Kingambit\n|-end|p2b: Kingambit|fallen3|[silent]\n|-damage|p1a: Brute Bonnet|91\/100|[from] item: Life Orb\n|\n|-weather|none\n|-heal|p1b: Tyranitar|48\/100|[from] Grassy Terrain\n|-heal|p1a: Brute Bonnet|97\/100|[from] Grassy Terrain\n|-fieldend|move: Grassy Terrain\n|upkeep\n|\n|t:|1698285891\n|switch|p2b: Magcargo|Magcargo, M, shiny, tera:Dragon|19\/100\n|turn|9\n|\n|t:|1698285904\n|move|p1b: Tyranitar|Crunch|p2b: Magcargo\n|-damage|p2b: Magcargo|0 fnt\n|faint|p2b: Magcargo\n|cant|p2a: Iron Bundle|par\n|move|p1a: Brute Bonnet|Close Combat|p2a: Iron Bundle\n|-supereffective|p2a: Iron Bundle\n|-damage|p2a: Iron Bundle|0 fnt\n|-unboost|p1a: Brute Bonnet|def|1\n|-unboost|p1a: Brute Bonnet|spd|1\n|faint|p2a: Iron Bundle\n|-end|p2a: Iron Bundle|Quark Drive|[silent]\n|-damage|p1a: Brute Bonnet|87\/100|[from] item: Life Orb\n|\n|win|Abowlofmagnemites\n|raw|Abowlofmagnemites's rating: 1135 &rarr; <strong>1165<\/strong><br \/>(+30 for winning)\n|raw|cumbawumbafan's rating: 1199 &rarr; <strong>1169<\/strong><br \/>(-30 for losing)\n","uploadtime":1698285912,"views":15,"p1id":"abowlofmagnemites","p2id":"cumbawumbafan","formatid":"gen9doublesou","rating":1165,"private":0,"password":""}