{"id":"gen9doublesou-1988079528","p1":"Theonlykev1","p2":"BUSSTTTTT","format":"[Gen 9] Doubles OU","log":"|j|\u2606Theonlykev1\n|j|\u2606BUSSTTTTT\n|t:|1699667003\n|gametype|doubles\n|player|p1|Theonlykev1|ltsurge|1131\n|player|p2|BUSSTTTTT|266|1048\n|teamsize|p1|6\n|teamsize|p2|6\n|gen|9\n|tier|[Gen 9] Doubles OU\n|rated|\n|rule|Species Clause: Limit one of each Pok\u00e9mon\n|rule|OHKO Clause: OHKO moves are banned\n|rule|Evasion Moves Clause: Evasion moves are banned\n|rule|Gravity Sleep Clause: The combination of sleep-inducing moves with imperfect accuracy and Gravity or Gigantamax Orbeetle are banned\n|rule|Endless Battle Clause: Forcing endless battles is banned\n|rule|HP Percentage Mod: HP is shown in percentages\n|clearpoke\n|poke|p1|Farigiraf, M|\n|poke|p1|Thundurus, M|\n|poke|p1|Slaking, F|\n|poke|p1|Weezing, F|\n|poke|p1|Walking Wake|\n|poke|p1|Ogerpon-Hearthflame, F|\n|poke|p2|Slaking, M|\n|poke|p2|Grafaiai, F|\n|poke|p2|Ogerpon-Hearthflame, F|\n|poke|p2|Iron Bundle|\n|poke|p2|Flutter Mane|\n|poke|p2|Sinistcha-Masterpiece|\n|teampreview\n|\n|t:|1699667010\n|start\n|switch|p1a: Weezing|Weezing, F|100\/100\n|switch|p1b: Slaking|Slaking, F|100\/100\n|switch|p2a: Grafaiai|Grafaiai, F|100\/100\n|switch|p2b: Slaking|Slaking, M, shiny|100\/100\n|-ability|p1a: Weezing|Neutralizing Gas\n|turn|1\n|\n|t:|1699667037\n|move|p1b: Slaking|Hammer Arm|p2b: Slaking\n|-supereffective|p2b: Slaking\n|-damage|p2b: Slaking|38\/100\n|-unboost|p1b: Slaking|spe|1\n|move|p2a: Grafaiai|U-turn|p1b: Slaking\n|-damage|p1b: Slaking|90\/100\n|c|\u2606Theonlykev1|Glhf\n|\n|t:|1699667043\n|switch|p2a: Sinistcha|Sinistcha-Masterpiece|100\/100|[from] U-turn\n|move|p2b: Slaking|Bulk Up|p2b: Slaking\n|-boost|p2b: Slaking|atk|1\n|-boost|p2b: Slaking|def|1\n|move|p1a: Weezing|Heat Wave|p2b: Slaking|[spread] p2a,p2b\n|-supereffective|p2a: Sinistcha\n|-damage|p2a: Sinistcha|55\/100\n|-damage|p2b: Slaking|25\/100\n|\n|-heal|p1b: Slaking|96\/100|[from] item: Leftovers\n|-heal|p2a: Sinistcha|61\/100|[from] item: Leftovers\n|-status|p2b: Slaking|brn|[from] item: Flame Orb\n|upkeep\n|turn|2\n|\n|t:|1699667073\n|-terastallize|p2b: Slaking|Ghost\n|move|p2b: Slaking|Facade|p1b: Slaking\n|-damage|p1b: Slaking|20\/100\n|move|p1b: Slaking|Ice Punch|p2a: Sinistcha\n|-supereffective|p2a: Sinistcha\n|-damage|p2a: Sinistcha|3\/100\n|move|p2a: Sinistcha|Strength Sap|p1b: Slaking\n|-unboost|p1b: Slaking|atk|1\n|-heal|p2a: Sinistcha|100\/100\n|move|p1a: Weezing|Heat Wave|p2b: Slaking|[spread] p2a,p2b\n|-supereffective|p2a: Sinistcha\n|-damage|p2a: Sinistcha|58\/100\n|-damage|p2b: Slaking|13\/100 brn\n|\n|-heal|p1b: Slaking|26\/100|[from] item: Leftovers\n|-heal|p2a: Sinistcha|64\/100|[from] item: Leftovers\n|-damage|p2b: Slaking|7\/100 brn|[from] brn\n|upkeep\n|turn|3\n|\n|t:|1699667115\n|move|p2a: Sinistcha|Rage Powder|p2a: Sinistcha\n|-singleturn|p2a: Sinistcha|move: Rage Powder\n|move|p2b: Slaking|Slack Off|p2b: Slaking\n|-heal|p2b: Slaking|57\/100 brn\n|move|p1b: Slaking|Ice Punch|p2a: Sinistcha\n|-supereffective|p2a: Sinistcha\n|-damage|p2a: Sinistcha|23\/100\n|move|p1a: Weezing|Heat Wave|p2a: Sinistcha|[spread] p2a,p2b\n|-supereffective|p2a: Sinistcha\n|-damage|p2a: Sinistcha|0 fnt\n|-damage|p2b: Slaking|45\/100 brn\n|faint|p2a: Sinistcha\n|\n|-heal|p1b: Slaking|32\/100|[from] item: Leftovers\n|-damage|p2b: Slaking|38\/100 brn|[from] brn\n|upkeep\n|\n|t:|1699667122\n|switch|p2a: Grafaiai|Grafaiai, F|100\/100\n|turn|4\n|\n|t:|1699667145\n|switch|p1b: Farigiraf|Farigiraf, M|100\/100\n|move|p2a: Grafaiai|Doodle|p1a: Weezing\n|-endability|p2a: Grafaiai|Prankster|[from] move: Doodle\n|-ability|p2a: Grafaiai|Neutralizing Gas|[from] move: Doodle\n|-endability|p2b: Slaking|Truant|[from] move: Doodle\n|-ability|p2b: Slaking|Neutralizing Gas|[from] move: Doodle\n|move|p2b: Slaking|Facade|p1b: Farigiraf\n|-damage|p1b: Farigiraf|0 fnt\n|faint|p1b: Farigiraf\n|move|p1a: Weezing|Heat Wave|p2a: Grafaiai|[spread] p2b\n|-miss|p1a: Weezing|p2a: Grafaiai\n|-damage|p2b: Slaking|27\/100 brn\n|\n|-damage|p2b: Slaking|20\/100 brn|[from] brn\n|upkeep\n|\n|t:|1699667163\n|switch|p1b: Slaking|Slaking, F|32\/100\n|turn|5\n|inactive|Battle timer is ON: inactive players will automatically lose when time's up. (requested by Theonlykev1)\n|\n|t:|1699667212\n|move|p1b: Slaking|High Horsepower|p2b: Slaking\n|-damage|p2b: Slaking|1\/100 brn\n|move|p2a: Grafaiai|U-turn|p1a: Weezing\n|-resisted|p1a: Weezing\n|-damage|p1a: Weezing|93\/100\n|\n|t:|1699667230\n|switch|p2a: Ogerpon|Ogerpon-Hearthflame, F|100\/100|[from] U-turn\n|move|p2b: Slaking|Facade|p1b: Slaking\n|-damage|p1b: Slaking|0 fnt\n|faint|p1b: Slaking\n|move|p1a: Weezing|Sludge Bomb|p2b: Slaking\n|-resisted|p2b: Slaking\n|-damage|p2b: Slaking|0 fnt\n|faint|p2b: Slaking\n|\n|upkeep\n|\n|t:|1699667249\n|switch|p1b: Ogerpon|Ogerpon-Hearthflame, F|100\/100\n|switch|p2b: Flutter Mane|Flutter Mane|100\/100\n|-enditem|p2b: Flutter Mane|Booster Energy\n|-activate|p2b: Flutter Mane|ability: Protosynthesis|[fromitem]\n|-start|p2b: Flutter Mane|protosynthesisspe\n|turn|6\n|\n|t:|1699667274\n|move|p1b: Ogerpon|Spiky Shield|p1b: Ogerpon\n|-singleturn|p1b: Ogerpon|move: Protect\n|move|p2b: Flutter Mane|Shadow Ball|p1b: Ogerpon\n|-activate|p1b: Ogerpon|move: Protect\n|move|p2a: Ogerpon|Ivy Cudgel|p1a: Weezing\n|-damage|p1a: Weezing|39\/100\n|move|p1a: Weezing|Sludge Bomb|p2b: Flutter Mane\n|-damage|p2b: Flutter Mane|64\/100\n|-status|p2b: Flutter Mane|psn\n|\n|-damage|p2b: Flutter Mane|52\/100 psn|[from] psn\n|upkeep\n|turn|7\n|inactive|Theonlykev1 has 120 seconds left.\n|\n|t:|1699667310\n|move|p2b: Flutter Mane|Shadow Ball|p1b: Ogerpon\n|-damage|p1b: Ogerpon|48\/100\n|move|p2a: Ogerpon|Ivy Cudgel|p1a: Weezing\n|-damage|p1a: Weezing|0 fnt\n|faint|p1a: Weezing\n|-end|p1a: Weezing|ability: Neutralizing Gas\n|-ability|p1b: Ogerpon|Mold Breaker\n|-ability|p2a: Ogerpon|Mold Breaker\n|move|p1b: Ogerpon|Ivy Cudgel|p2a: Ogerpon\n|-damage|p2a: Ogerpon|17\/100\n|\n|-damage|p2b: Flutter Mane|40\/100 psn|[from] psn\n|upkeep\n|\n|t:|1699667327\n|switch|p1a: Thundurus|Thundurus, M|100\/100\n|turn|8\n|inactive|Theonlykev1 has 120 seconds left.\n|\n|t:|1699667346\n|move|p1a: Thundurus|Thunder Wave||[still]\n|-fail|p1a: Thundurus\n|move|p2b: Flutter Mane|Dazzling Gleam|p1b: Ogerpon|[spread] p1a,p1b\n|-resisted|p1b: Ogerpon\n|-damage|p1a: Thundurus|58\/100\n|-damage|p1b: Ogerpon|29\/100\n|move|p1b: Ogerpon|Ivy Cudgel|p2a: Ogerpon\n|-damage|p2a: Ogerpon|0 fnt\n|faint|p2a: Ogerpon\n|\n|-damage|p2b: Flutter Mane|27\/100 psn|[from] psn\n|upkeep\n|inactive|BUSSTTTTT has 120 seconds left.\n|\n|t:|1699667373\n|switch|p2a: Iron Bundle|Iron Bundle|100\/100\n|-enditem|p2a: Iron Bundle|Booster Energy\n|-activate|p2a: Iron Bundle|ability: Quark Drive|[fromitem]\n|-start|p2a: Iron Bundle|quarkdrivespe\n|turn|9\n|\n|t:|1699667384\n|-terastallize|p1b: Ogerpon|Fire\n|detailschange|p1b: Ogerpon|Ogerpon-Hearthflame-Tera, F, tera:Fire\n|-ability|p1b: Ogerpon|Embody Aspect (Hearthflame)|boost\n|-boost|p1b: Ogerpon|atk|1\n|move|p1a: Thundurus|Thunder Wave|p2a: Iron Bundle\n|-status|p2a: Iron Bundle|par\n|move|p2b: Flutter Mane|Moonblast|p1a: Thundurus\n|-damage|p1a: Thundurus|0 fnt\n|faint|p1a: Thundurus\n|move|p1b: Ogerpon|Horn Leech|p2a: Iron Bundle\n|-supereffective|p2a: Iron Bundle\n|-damage|p2a: Iron Bundle|0 fnt\n|-heal|p1b: Ogerpon|71\/100|[from] drain|[of] p2a: Iron Bundle\n|faint|p2a: Iron Bundle\n|-end|p2a: Iron Bundle|Quark Drive|[silent]\n|\n|-damage|p2b: Flutter Mane|15\/100 psn|[from] psn\n|upkeep\n|\n|t:|1699667402\n|switch|p2a: Grafaiai|Grafaiai, F|100\/100\n|switch|p1a: Walking Wake|Walking Wake|100\/100\n|turn|10\n|\n|t:|1699667418\n|move|p1a: Walking Wake|Protect|p1a: Walking Wake\n|-singleturn|p1a: Walking Wake|Protect\n|move|p2b: Flutter Mane|Shadow Ball|p1b: Ogerpon\n|-damage|p1b: Ogerpon|21\/100\n|move|p1b: Ogerpon|Ivy Cudgel|p2a: Grafaiai\n|-enditem|p2a: Grafaiai|Focus Sash\n|-damage|p2a: Grafaiai|1\/100\n|move|p2a: Grafaiai|Super Fang|p1a: Walking Wake\n|-activate|p1a: Walking Wake|move: Protect\n|\n|-damage|p2b: Flutter Mane|2\/100 psn|[from] psn\n|upkeep\n|turn|11\n|\n|t:|1699667437\n|move|p1b: Ogerpon|Spiky Shield|p1b: Ogerpon\n|-singleturn|p1b: Ogerpon|move: Protect\n|move|p2a: Grafaiai|Encore|p1a: Walking Wake\n|-start|p1a: Walking Wake|Encore\n|move|p2b: Flutter Mane|Shadow Ball|p1b: Ogerpon\n|-activate|p1b: Ogerpon|move: Protect\n|move|p1a: Walking Wake|Protect||[still]\n|-fail|p1a: Walking Wake\n|\n|-damage|p2b: Flutter Mane|0 fnt|[from] psn\n|faint|p2b: Flutter Mane\n|-end|p2b: Flutter Mane|Protosynthesis|[silent]\n|upkeep\n|turn|12\n|\n|t:|1699667457\n|move|p1a: Walking Wake|Protect|p1a: Walking Wake\n|-singleturn|p1a: Walking Wake|Protect\n|move|p1b: Ogerpon|Horn Leech|p2a: Grafaiai\n|-resisted|p2a: Grafaiai\n|-damage|p2a: Grafaiai|0 fnt\n|-heal|p1b: Ogerpon|21\/100|[from] drain|[of] p2a: Grafaiai\n|faint|p2a: Grafaiai\n|\n|win|Theonlykev1\n|raw|Theonlykev1's rating: 1131 &rarr; <strong>1150<\/strong><br \/>(+19 for winning)\n|raw|BUSSTTTTT's rating: 1048 &rarr; <strong>1035<\/strong><br \/>(-13 for losing)\n|c|\u2606Theonlykev1|Gg\n|l|\u2606BUSSTTTTT\n","uploadtime":1699667476,"views":10,"p1id":"theonlykev1","p2id":"bussttttt","formatid":"gen9doublesou","rating":1035,"private":0,"password":""}