{"id":"gen9doublesou-1976860445","p1":"ItsShadowBlade","p2":"DiamondDiancie25","format":"[Gen 9] Doubles OU","log":"|j|\u2606ItsShadowBlade\n|j|\u2606DiamondDiancie25\n|t:|1698347269\n|gametype|doubles\n|player|p1|ItsShadowBlade|riley|1104\n|player|p2|DiamondDiancie25|psychic-gen4|1108\n|teamsize|p1|6\n|teamsize|p2|6\n|gen|9\n|tier|[Gen 9] Doubles OU\n|rated|\n|rule|Species Clause: Limit one of each Pok\u00e9mon\n|rule|OHKO Clause: OHKO moves are banned\n|rule|Evasion Moves Clause: Evasion moves are banned\n|rule|Gravity Sleep Clause: The combination of sleep-inducing moves with imperfect accuracy and Gravity or Gigantamax Orbeetle are banned\n|rule|Endless Battle Clause: Forcing endless battles is banned\n|rule|HP Percentage Mod: HP is shown in percentages\n|clearpoke\n|poke|p1|Zapdos-Galar|\n|poke|p1|Garchomp, M|\n|poke|p1|Flutter Mane|\n|poke|p1|Palafin, F|\n|poke|p1|Ogerpon-Hearthflame, F|\n|poke|p1|Goodra-Hisui, F|\n|poke|p2|Tyranitar, M|\n|poke|p2|Houndstone, M|\n|poke|p2|Gholdengo|\n|poke|p2|Enamorus-Therian, F|\n|poke|p2|Murkrow, F|\n|poke|p2|Glimmora, M|\n|teampreview\n|inactive|Battle timer is ON: inactive players will automatically lose when time's up. (requested by ItsShadowBlade)\n|\n|t:|1698347293\n|start\n|switch|p1a: Palafin|Palafin, F|100\/100\n|switch|p1b: Goopy Doop|Goodra-Hisui, F|100\/100\n|switch|p2a: Glimmora|Glimmora, M|100\/100\n|switch|p2b: Salt|Murkrow, F|100\/100\n|turn|1\n|\n|t:|1698347315\n|move|p2b: Salt|Tailwind|p2b: Salt\n|-sidestart|p2: DiamondDiancie25|move: Tailwind\n|move|p2a: Glimmora|Earth Power|p1b: Goopy Doop\n|-supereffective|p1b: Goopy Doop\n|-damage|p1b: Goopy Doop|64\/100\n|move|p1a: Palafin|Flip Turn|p2a: Glimmora\n|-supereffective|p2a: Glimmora\n|-damage|p2a: Glimmora|23\/100\n|-activate|p2a: Glimmora|ability: Toxic Debris\n|-sidestart|p1: ItsShadowBlade|move: Toxic Spikes\n|-damage|p1a: Palafin|91\/100|[from] item: Life Orb\n|inactive|ItsShadowBlade has 120 seconds left.\n|\n|t:|1698347331\n|detailschange|p1a: Palafin|Palafin-Hero, F\n|switch|p1a: Garchomp|Garchomp, M|100\/100|[from] Flip Turn\n|-status|p1a: Garchomp|psn\n|move|p1b: Goopy Doop|Substitute|p1b: Goopy Doop\n|-start|p1b: Goopy Doop|Substitute\n|-damage|p1b: Goopy Doop|39\/100\n|\n|-heal|p1b: Goopy Doop|45\/100|[from] item: Leftovers\n|-damage|p1a: Garchomp|88\/100 psn|[from] psn\n|upkeep\n|turn|2\n|\n|t:|1698347349\n|move|p2a: Glimmora|Spiky Shield|p2a: Glimmora\n|-singleturn|p2a: Glimmora|move: Protect\n|move|p2b: Salt|Foul Play|p1a: Garchomp\n|-damage|p1a: Garchomp|40\/100 psn\n|-damage|p2b: Salt|88\/100|[from] ability: Rough Skin|[of] p1a: Garchomp\n|move|p1a: Garchomp|Iron Head|p2a: Glimmora\n|-activate|p2a: Glimmora|move: Protect\n|-damage|p1a: Garchomp|28\/100 psn|[from] Spiky Shield|[of] p2a: Glimmora\n|move|p1b: Goopy Doop|Life Dew|p1b: Goopy Doop|[spread] p1a,p1b\n|-heal|p1a: Garchomp|53\/100 psn\n|-heal|p1b: Goopy Doop|70\/100\n|\n|-heal|p1b: Goopy Doop|76\/100|[from] item: Leftovers\n|-damage|p1a: Garchomp|40\/100 psn|[from] psn\n|upkeep\n|turn|3\n|\n|t:|1698347373\n|move|p2a: Glimmora|Earth Power|p1b: Goopy Doop\n|-supereffective|p1b: Goopy Doop\n|-end|p1b: Goopy Doop|Substitute\n|move|p2b: Salt|Foul Play|p1b: Goopy Doop\n|-damage|p1b: Goopy Doop|52\/100\n|-ability|p1b: Goopy Doop|Gooey\n|-unboost|p2b: Salt|spe|1\n|move|p1a: Garchomp|Iron Head|p2a: Glimmora\n|-supereffective|p2a: Glimmora\n|-damage|p2a: Glimmora|0 fnt\n|-activate|p2a: Glimmora|ability: Toxic Debris\n|-sidestart|p1: ItsShadowBlade|move: Toxic Spikes\n|faint|p2a: Glimmora\n|move|p1b: Goopy Doop|Life Dew|p1b: Goopy Doop|[spread] p1a,p1b\n|-heal|p1a: Garchomp|65\/100 psn\n|-heal|p1b: Goopy Doop|77\/100\n|\n|-heal|p1b: Goopy Doop|83\/100|[from] item: Leftovers\n|-damage|p1a: Garchomp|53\/100 psn|[from] psn\n|upkeep\n|inactive|DiamondDiancie25 has 120 seconds left.\n|\n|t:|1698347391\n|switch|p2a: Tyranitar|Tyranitar, M|100\/100\n|-weather|Sandstorm|[from] ability: Sand Stream|[of] p2a: Tyranitar\n|turn|4\n|\n|t:|1698347404\n|move|p2b: Salt|Quash|p1a: Garchomp\n|-activate|p1a: Garchomp|move: Quash\n|move|p2a: Tyranitar|High Horsepower|p1b: Goopy Doop\n|-supereffective|p1b: Goopy Doop\n|-damage|p1b: Goopy Doop|18\/100\n|-ability|p1b: Goopy Doop|Gooey\n|-unboost|p2a: Tyranitar|spe|1\n|move|p1b: Goopy Doop|Life Dew|p1b: Goopy Doop|[spread] p1a,p1b\n|-heal|p1a: Garchomp|78\/100 psn\n|-heal|p1b: Goopy Doop|43\/100\n|move|p1a: Garchomp|Iron Head|p2a: Tyranitar\n|-supereffective|p2a: Tyranitar\n|-damage|p2a: Tyranitar|33\/100\n|\n|-weather|Sandstorm|[upkeep]\n|-damage|p2b: Salt|82\/100|[from] Sandstorm\n|-heal|p1b: Goopy Doop|49\/100|[from] item: Leftovers\n|-damage|p1a: Garchomp|65\/100 psn|[from] psn\n|-sideend|p2: DiamondDiancie25|move: Tailwind\n|upkeep\n|turn|5\n|\n|t:|1698347427\n|move|p2b: Salt|Quash|p1a: Garchomp\n|-activate|p1a: Garchomp|move: Quash\n|move|p1b: Goopy Doop|Life Dew|p1b: Goopy Doop|[spread] p1a,p1b\n|-heal|p1a: Garchomp|90\/100 psn\n|-heal|p1b: Goopy Doop|74\/100\n|move|p2a: Tyranitar|High Horsepower|p1b: Goopy Doop\n|-supereffective|p1b: Goopy Doop\n|-damage|p1b: Goopy Doop|7\/100\n|-ability|p1b: Goopy Doop|Gooey\n|-unboost|p2a: Tyranitar|spe|1\n|move|p1a: Garchomp|Iron Head|p2a: Tyranitar\n|-supereffective|p2a: Tyranitar\n|-damage|p2a: Tyranitar|0 fnt\n|faint|p2a: Tyranitar\n|\n|-weather|Sandstorm|[upkeep]\n|-damage|p2b: Salt|76\/100|[from] Sandstorm\n|-heal|p1b: Goopy Doop|13\/100|[from] item: Leftovers\n|-damage|p1a: Garchomp|78\/100 psn|[from] psn\n|upkeep\n|inactive|DiamondDiancie25 has 120 seconds left.\n|\n|t:|1698347454\n|switch|p2a: Pet Named Steve|Houndstone, M|100\/100\n|turn|6\n|\n|t:|1698347468\n|-terastallize|p2a: Pet Named Steve|Ghost\n|move|p2b: Salt|Tailwind|p2b: Salt\n|-sidestart|p2: DiamondDiancie25|move: Tailwind\n|move|p2a: Pet Named Steve|Last Respects|p1a: Garchomp\n|-damage|p1a: Garchomp|0 fnt\n|faint|p1a: Garchomp\n|move|p1b: Goopy Doop|Life Dew|p1b: Goopy Doop\n|-heal|p1b: Goopy Doop|38\/100\n|\n|-weather|Sandstorm|[upkeep]\n|-damage|p2b: Salt|70\/100|[from] Sandstorm\n|-heal|p1b: Goopy Doop|44\/100|[from] item: Leftovers\n|upkeep\n|inactive|ItsShadowBlade has 120 seconds left.\n|\n|t:|1698347500\n|switch|p1a: Big Bird|Zapdos-Galar|100\/100\n|turn|7\n|\n|t:|1698347517\n|move|p2a: Pet Named Steve|Last Respects|p1a: Big Bird\n|-damage|p1a: Big Bird|0 fnt\n|faint|p1a: Big Bird\n|move|p2b: Salt|Foul Play|p1b: Goopy Doop\n|-crit|p1b: Goopy Doop\n|-damage|p1b: Goopy Doop|8\/100\n|-ability|p1b: Goopy Doop|Gooey\n|-unboost|p2b: Salt|spe|1\n|move|p1b: Goopy Doop|Flash Cannon|p2a: Pet Named Steve\n|-damage|p2a: Pet Named Steve|60\/100\n|-unboost|p2a: Pet Named Steve|spd|1\n|\n|-weather|Sandstorm|[upkeep]\n|-damage|p2b: Salt|63\/100|[from] Sandstorm\n|-heal|p1b: Goopy Doop|14\/100|[from] item: Leftovers\n|upkeep\n|inactive|ItsShadowBlade has 120 seconds left.\n|\n|t:|1698347537\n|switch|p1a: Ogerpon|Ogerpon-Hearthflame, F|100\/100\n|-status|p1a: Ogerpon|tox\n|-ability|p1a: Ogerpon|Mold Breaker\n|turn|8\n|\n|t:|1698347545\n|move|p1a: Ogerpon|Spiky Shield|p1a: Ogerpon\n|-singleturn|p1a: Ogerpon|move: Protect\n|move|p2a: Pet Named Steve|Last Respects|p1a: Ogerpon\n|-activate|p1a: Ogerpon|move: Protect\n|move|p2b: Salt|Foul Play|p1b: Goopy Doop\n|-damage|p1b: Goopy Doop|0 fnt\n|-ability|p1b: Goopy Doop|Gooey\n|-unboost|p2b: Salt|spe|1\n|faint|p1b: Goopy Doop\n|\n|-weather|none\n|-damage|p1a: Ogerpon|95\/100 tox|[from] psn\n|upkeep\n|\n|t:|1698347558\n|switch|p1b: Flutter Mane|Flutter Mane|100\/100\n|-status|p1b: Flutter Mane|tox\n|-enditem|p1b: Flutter Mane|Booster Energy\n|-activate|p1b: Flutter Mane|ability: Protosynthesis|[fromitem]\n|-start|p1b: Flutter Mane|protosynthesisspe\n|turn|9\n|\n|t:|1698347577\n|move|p2b: Salt|Quash|p1b: Flutter Mane\n|-activate|p1b: Flutter Mane|move: Quash\n|move|p2a: Pet Named Steve|Last Respects|p1b: Flutter Mane\n|-supereffective|p1b: Flutter Mane\n|-damage|p1b: Flutter Mane|0 fnt\n|faint|p1b: Flutter Mane\n|-end|p1b: Flutter Mane|Protosynthesis|[silent]\n|move|p1a: Ogerpon|Horn Leech|p2a: Pet Named Steve\n|-damage|p2a: Pet Named Steve|8\/100\n|-heal|p1a: Ogerpon|100\/100 tox|[from] drain|[of] p2a: Pet Named Steve\n|\n|-damage|p1a: Ogerpon|89\/100 tox|[from] psn\n|-sideend|p2: DiamondDiancie25|move: Tailwind\n|upkeep\n|\n|t:|1698347589\n|switch|p1b: Palafin|Palafin-Hero, F|91\/100\n|-status|p1b: Palafin|tox\n|-activate|p1b: Palafin|ability: Zero to Hero\n|turn|10\n|\n|t:|1698347600\n|move|p1b: Palafin|Jet Punch|p2a: Pet Named Steve\n|-damage|p2a: Pet Named Steve|0 fnt\n|faint|p2a: Pet Named Steve\n|-damage|p1b: Palafin|81\/100 tox|[from] item: Life Orb\n|move|p2b: Salt|Tailwind|p2b: Salt\n|-sidestart|p2: DiamondDiancie25|move: Tailwind\n|move|p1a: Ogerpon|Leech Seed|p2b: Salt|[miss]\n|-miss|p1a: Ogerpon|p2b: Salt\n|\n|-damage|p1a: Ogerpon|71\/100 tox|[from] psn\n|-damage|p1b: Palafin|74\/100 tox|[from] psn\n|upkeep\n|\n|t:|1698347612\n|switch|p2a: Enamorus|Enamorus-Therian, F|100\/100\n|turn|11\n|\n|t:|1698347628\n|-terastallize|p1a: Ogerpon|Fire\n|detailschange|p1a: Ogerpon|Ogerpon-Hearthflame-Tera, F, tera:Fire\n|-ability|p1a: Ogerpon|Embody Aspect (Hearthflame)|boost\n|-boost|p1a: Ogerpon|atk|1\n|move|p1a: Ogerpon|Ivy Cudgel|p2a: Enamorus\n|-damage|p2a: Enamorus|0 fnt\n|faint|p2a: Enamorus\n|move|p1b: Palafin|Ice Punch|p2b: Salt\n|-supereffective|p2b: Salt\n|-damage|p2b: Salt|0 fnt\n|faint|p2b: Salt\n|-damage|p1b: Palafin|64\/100 tox|[from] item: Life Orb\n|\n|-damage|p1a: Ogerpon|47\/100 tox|[from] psn\n|-damage|p1b: Palafin|52\/100 tox|[from] psn\n|upkeep\n|\n|t:|1698347641\n|switch|p2a: Gholdengo|Gholdengo|100\/100\n|turn|12\n|\n|t:|1698347649\n|move|p1b: Palafin|Jet Punch|p2a: Gholdengo\n|-damage|p2a: Gholdengo|36\/100\n|-damage|p1b: Palafin|42\/100 tox|[from] item: Life Orb\n|move|p2a: Gholdengo|Shadow Ball|p1a: Ogerpon\n|-damage|p1a: Ogerpon|0 fnt\n|faint|p1a: Ogerpon\n|\n|-damage|p1b: Palafin|24\/100 tox|[from] psn\n|upkeep\n|turn|13\n|\n|t:|1698347658\n|move|p2a: Gholdengo|Protect|p2a: Gholdengo\n|-singleturn|p2a: Gholdengo|Protect\n|move|p1b: Palafin|Jet Punch|p2a: Gholdengo\n|-activate|p2a: Gholdengo|move: Protect\n|\n|-damage|p1b: Palafin|0 fnt|[from] psn\n|faint|p1b: Palafin\n|\n|win|DiamondDiancie25\n|upkeep\n|raw|ItsShadowBlade's rating: 1104 &rarr; <strong>1079<\/strong><br \/>(-25 for losing)\n|raw|DiamondDiancie25's rating: 1108 &rarr; <strong>1133<\/strong><br \/>(+25 for winning)\n|c|\u2606ItsShadowBlade|gg\n|l|\u2606ItsShadowBlade\n|c|\u2606DiamondDiancie25|ggs\n","uploadtime":1698347670,"views":18,"p1id":"itsshadowblade","p2id":"diamonddiancie25","formatid":"gen9doublesou","rating":1079,"private":0,"password":""}