{"id":"gen9doublesou-1983287364","p1":"KLCarter23","p2":"DreadfulBuns","format":"[Gen 9] Doubles OU","log":"|j|\u203dKLCarter23\n|j|\u2606DreadfulBuns\n|t:|1699114398\n|gametype|doubles\n|player|p1|KLCarter23|gambler|1027\n|player|p2|DreadfulBuns|diamondclanmember|1056\n|teamsize|p1|6\n|teamsize|p2|6\n|gen|9\n|tier|[Gen 9] Doubles OU\n|rated|\n|rule|Species Clause: Limit one of each Pok\u00e9mon\n|rule|OHKO Clause: OHKO moves are banned\n|rule|Evasion Moves Clause: Evasion moves are banned\n|rule|Gravity Sleep Clause: The combination of sleep-inducing moves with imperfect accuracy and Gravity or Gigantamax Orbeetle are banned\n|rule|Endless Battle Clause: Forcing endless battles is banned\n|rule|HP Percentage Mod: HP is shown in percentages\n|clearpoke\n|poke|p1|Dragonite, M|\n|poke|p1|Gliscor, F|\n|poke|p1|Infernape, F|\n|poke|p1|Empoleon, F|\n|poke|p1|Tyranitar, M|\n|poke|p1|Cloyster, M|\n|poke|p2|Grimmsnarl, M|\n|poke|p2|Pincurchin, F|\n|poke|p2|Iron Valiant|\n|poke|p2|Iron Hands|\n|poke|p2|Iron Leaves|\n|poke|p2|Ceruledge, F|\n|teampreview\n|inactive|Battle timer is ON: inactive players will automatically lose when time's up. (requested by KLCarter23)\n|\n|t:|1699114407\n|start\n|switch|p1a: Dragonite|Dragonite, M|100\/100\n|switch|p1b: Cloyster|Cloyster, M|100\/100\n|switch|p2a: Grimmsnarl|Grimmsnarl, M|100\/100\n|switch|p2b: Iron Hands|Iron Hands|100\/100\n|turn|1\n|inactive|DreadfulBuns has 120 seconds left.\n|\n|t:|1699114443\n|switch|p1a: Empoleon|Empoleon, F|100\/100\n|move|p2b: Iron Hands|Fake Out|p1b: Cloyster\n|-damage|p1b: Cloyster|90\/100\n|move|p2a: Grimmsnarl|Light Screen|p2a: Grimmsnarl\n|-sidestart|p2: DreadfulBuns|move: Light Screen\n|cant|p1b: Cloyster|flinch\n|\n|-heal|p1b: Cloyster|96\/100|[from] item: Leftovers\n|upkeep\n|turn|2\n|inactive|DreadfulBuns has 120 seconds left.\n|inactive|DreadfulBuns has 90 seconds left.\n|\n|t:|1699114498\n|-end|p2b: Iron Hands|Quark Drive|[silent]\n|switch|p2b: Pincurchin|Pincurchin, F|100\/100\n|-fieldstart|move: Electric Terrain|[from] ability: Electric Surge|[of] p2b: Pincurchin\n|move|p1b: Cloyster|Helping Hand|p1a: Empoleon\n|-singleturn|p1a: Empoleon|Helping Hand|[of] p1b: Cloyster\n|move|p2a: Grimmsnarl|Reflect|p2a: Grimmsnarl\n|-sidestart|p2: DreadfulBuns|Reflect\n|move|p1a: Empoleon|Flash Cannon|p2a: Grimmsnarl\n|-supereffective|p2a: Grimmsnarl\n|-crit|p2a: Grimmsnarl\n|-damage|p2a: Grimmsnarl|0 fnt\n|faint|p2a: Grimmsnarl\n|\n|-heal|p1b: Cloyster|100\/100|[from] item: Leftovers\n|upkeep\n|\n|t:|1699114520\n|switch|p2a: Iron Hands|Iron Hands|100\/100\n|-activate|p2a: Iron Hands|ability: Quark Drive\n|-start|p2a: Iron Hands|quarkdriveatk\n|turn|3\n|inactive|DreadfulBuns has 90 seconds left.\n|\n|t:|1699114554\n|switch|p1b: Infernape|Infernape, F, shiny|100\/100\n|move|p2a: Iron Hands|Fake Out|p1a: Empoleon\n|-resisted|p1a: Empoleon\n|-damage|p1a: Empoleon|92\/100\n|cant|p1a: Empoleon|flinch\n|move|p2b: Pincurchin|Zing Zap|p1b: Infernape\n|-damage|p1b: Infernape|59\/100\n|\n|-heal|p1a: Empoleon|98\/100|[from] item: Leftovers\n|upkeep\n|turn|4\n|inactive|DreadfulBuns has 60 seconds left.\n|\n|t:|1699114602\n|-terastallize|p1b: Infernape|Ground\n|-terastallize|p2a: Iron Hands|Water\n|move|p1b: Infernape|Flamethrower|p2a: Iron Hands\n|-resisted|p2a: Iron Hands\n|-damage|p2a: Iron Hands|93\/100\n|-status|p2a: Iron Hands|brn\n|move|p1a: Empoleon|Knock Off|p2a: Iron Hands\n|-damage|p2a: Iron Hands|86\/100 brn\n|-enditem|p2a: Iron Hands|Assault Vest|[from] move: Knock Off|[of] p1a: Empoleon\n|move|p2a: Iron Hands|Drain Punch|p1a: Empoleon\n|-supereffective|p1a: Empoleon\n|-damage|p1a: Empoleon|48\/100\n|-heal|p2a: Iron Hands|100\/100 brn|[from] drain|[of] p1a: Empoleon\n|move|p2b: Pincurchin|Memento|p1b: Infernape\n|-unboost|p1b: Infernape|atk|2\n|-unboost|p1b: Infernape|spa|2\n|faint|p2b: Pincurchin\n|\n|-heal|p1a: Empoleon|54\/100|[from] item: Leftovers\n|-damage|p2a: Iron Hands|94\/100 brn|[from] brn\n|upkeep\n|inactive|DreadfulBuns has 30 seconds left.\n|inactive|DreadfulBuns has 20 seconds left.\n|\n|t:|1699114633\n|switch|p2b: Iron Leaves|Iron Leaves|100\/100\n|-activate|p2b: Iron Leaves|ability: Quark Drive\n|-start|p2b: Iron Leaves|quarkdriveatk\n|turn|5\n|inactive|DreadfulBuns has 30 seconds left.\n|\n|t:|1699114660\n|move|p2b: Iron Leaves|Trailblaze|p1a: Empoleon\n|-damage|p1a: Empoleon|25\/100\n|-boost|p2b: Iron Leaves|spe|1\n|move|p1b: Infernape|Thunder Punch|p2a: Iron Hands\n|-supereffective|p2a: Iron Hands\n|-damage|p2a: Iron Hands|81\/100 brn\n|move|p1a: Empoleon|Flash Cannon|p2b: Iron Leaves\n|-damage|p2b: Iron Leaves|81\/100\n|move|p2a: Iron Hands|Drain Punch|p1a: Empoleon\n|-supereffective|p1a: Empoleon\n|-damage|p1a: Empoleon|0 fnt\n|-heal|p2a: Iron Hands|89\/100 brn|[from] drain|[of] p1a: Empoleon\n|faint|p1a: Empoleon\n|\n|-damage|p2a: Iron Hands|83\/100 brn|[from] brn\n|upkeep\n|inactive|KLCarter23 has 120 seconds left.\n|\n|t:|1699114670\n|switch|p1a: Tyranitar|Tyranitar, M|100\/100\n|-weather|Sandstorm|[from] ability: Sand Stream|[of] p1a: Tyranitar\n|turn|6\n|inactive|DreadfulBuns has 30 seconds left.\n|inactive|DreadfulBuns has 20 seconds left.\n|inactive|DreadfulBuns has 15 seconds left.\n|inactive|DreadfulBuns has 10 seconds left.\n|\n|t:|1699114722\n|switch|p1b: Dragonite|Dragonite, M|100\/100\n|move|p2b: Iron Leaves|Trailblaze|p1a: Tyranitar\n|-supereffective|p1a: Tyranitar\n|-crit|p1a: Tyranitar\n|-damage|p1a: Tyranitar|23\/100\n|-boost|p2b: Iron Leaves|spe|1\n|move|p1a: Tyranitar|Earthquake|p2a: Iron Hands|[spread] p2a,p2b\n|-immune|p1b: Dragonite\n|-resisted|p2b: Iron Leaves\n|-damage|p2a: Iron Hands|72\/100 brn\n|-damage|p2b: Iron Leaves|73\/100\n|move|p2a: Iron Hands|Heavy Slam|p1a: Tyranitar\n|-supereffective|p1a: Tyranitar\n|-damage|p1a: Tyranitar|8\/100\n|\n|-weather|Sandstorm|[upkeep]\n|-damage|p2b: Iron Leaves|67\/100|[from] Sandstorm\n|-damage|p1b: Dragonite|94\/100|[from] Sandstorm\n|-damage|p2a: Iron Hands|66\/100 brn|[from] Sandstorm\n|-heal|p1b: Dragonite|100\/100|[from] item: Leftovers\n|-damage|p2a: Iron Hands|60\/100 brn|[from] brn\n|upkeep\n|turn|7\n|inactiveoff|Battle timer is now OFF.\n|\n|t:|1699114769\n|move|p2b: Iron Leaves|Psyblade|p2a: Iron Hands\n|-damage|p2a: Iron Hands|24\/100 brn\n|move|p1b: Dragonite|Tailwind|p1b: Dragonite\n|-sidestart|p1: KLCarter23|move: Tailwind\n|move|p1a: Tyranitar|Icy Wind|p2b: Iron Leaves|[spread] p2a,p2b\n|-resisted|p2a: Iron Hands\n|-supereffective|p2b: Iron Leaves\n|-damage|p2a: Iron Hands|21\/100 brn\n|-damage|p2b: Iron Leaves|56\/100\n|-unboost|p2a: Iron Hands|spe|1\n|-unboost|p2b: Iron Leaves|spe|1\n|-enditem|p2b: Iron Leaves|Weakness Policy\n|-boost|p2b: Iron Leaves|atk|2|[from] item: Weakness Policy\n|-boost|p2b: Iron Leaves|spa|2|[from] item: Weakness Policy\n|move|p2a: Iron Hands|Wild Charge|p1b: Dragonite\n|-crit|p1b: Dragonite\n|-damage|p1b: Dragonite|66\/100\n|-damage|p2a: Iron Hands|15\/100 brn|[from] Recoil\n|\n|-weather|Sandstorm|[upkeep]\n|-damage|p2b: Iron Leaves|50\/100|[from] Sandstorm\n|-damage|p1b: Dragonite|60\/100|[from] Sandstorm\n|-damage|p2a: Iron Hands|9\/100 brn|[from] Sandstorm\n|-heal|p1b: Dragonite|66\/100|[from] item: Leftovers\n|-damage|p2a: Iron Hands|3\/100 brn|[from] brn\n|upkeep\n|turn|8\n|\n|t:|1699114815\n|move|p2b: Iron Leaves|Psyblade|p1b: Dragonite\n|-damage|p1b: Dragonite|0 fnt\n|faint|p1b: Dragonite\n|move|p1a: Tyranitar|Dark Pulse|p2a: Iron Hands\n|-damage|p2a: Iron Hands|0 fnt\n|faint|p2a: Iron Hands\n|-end|p2a: Iron Hands|Quark Drive|[silent]\n|\n|-weather|Sandstorm|[upkeep]\n|-damage|p2b: Iron Leaves|44\/100|[from] Sandstorm\n|-sideend|p2: DreadfulBuns|move: Light Screen\n|upkeep\n|\n|t:|1699114830\n|switch|p1b: Cloyster|Cloyster, M|100\/100\n|switch|p2a: Iron Valiant|Iron Valiant, shiny|100\/100\n|-activate|p2a: Iron Valiant|ability: Quark Drive\n|-start|p2a: Iron Valiant|quarkdrivespe\n|turn|9\n|\n|t:|1699114862\n|move|p2a: Iron Valiant|Thunder Punch|p1a: Tyranitar\n|-damage|p1a: Tyranitar|0 fnt\n|faint|p1a: Tyranitar\n|-damage|p2a: Iron Valiant|91\/100|[from] item: Life Orb\n|move|p2b: Iron Leaves|Psyblade|p1b: Cloyster\n|-damage|p1b: Cloyster|0 fnt\n|faint|p1b: Cloyster\n|\n|-weather|Sandstorm|[upkeep]\n|-damage|p2a: Iron Valiant|85\/100|[from] Sandstorm\n|-damage|p2b: Iron Leaves|38\/100|[from] Sandstorm\n|-sideend|p2: DreadfulBuns|Reflect\n|-fieldend|move: Electric Terrain\n|-end|p2a: Iron Valiant|Quark Drive\n|-end|p2b: Iron Leaves|Quark Drive\n|upkeep\n|\n|t:|1699114868\n|switch|p1b: Infernape|Infernape, F, shiny, tera:Ground|59\/100\n|switch|p1a: Gliscor|Gliscor, F, shiny|100\/100\n|turn|10\n|\n|t:|1699114909\n|move|p1b: Infernape|Flamethrower|p2b: Iron Leaves\n|-supereffective|p2b: Iron Leaves\n|-damage|p2b: Iron Leaves|0 fnt\n|faint|p2b: Iron Leaves\n|-end|p2b: Iron Leaves|Quark Drive|[silent]\n|move|p1a: Gliscor|Gunk Shot|p2a: Iron Valiant|[miss]\n|-miss|p1a: Gliscor|p2a: Iron Valiant\n|move|p2a: Iron Valiant|Close Combat|p1b: Infernape\n|-damage|p1b: Infernape|0 fnt\n|-unboost|p2a: Iron Valiant|def|1\n|-unboost|p2a: Iron Valiant|spd|1\n|faint|p1b: Infernape\n|-damage|p2a: Iron Valiant|75\/100|[from] item: Life Orb\n|\n|-weather|none\n|-sideend|p1: KLCarter23|move: Tailwind\n|-status|p1a: Gliscor|tox|[from] item: Toxic Orb\n|upkeep\n|l|\u203dKLCarter23\n|player|p1|\n|\n|t:|1699114926\n|switch|p2b: Ceruledge|Ceruledge, F|100\/100\n|turn|11\n|inactive|Battle timer is ON: inactive players will automatically lose when time's up. (requested by DreadfulBuns)\n|inactive|KLCarter23 has 30 seconds to reconnect!\n|inactive|KLCarter23 has 20 seconds to reconnect!\n|inactive|KLCarter23 has 15 seconds to reconnect!\n|inactive|KLCarter23 has 10 seconds to reconnect!\n|inactive|KLCarter23 has 5 seconds to reconnect!\n|-message|KLCarter23 lost due to inactivity.\n|\n|win|DreadfulBuns\n|raw|KLCarter23's rating: 1027 &rarr; <strong>1014<\/strong><br \/>(-13 for losing)\n|raw|DreadfulBuns's rating: 1056 &rarr; <strong>1085<\/strong><br \/>(+29 for winning)\n","uploadtime":1699115081,"views":10,"p1id":"klcarter23","p2id":"dreadfulbuns","formatid":"gen9doublesou","rating":1014,"private":0,"password":""}