{"id":"gen9doublesou-1970507342","p1":"yohisup","p2":"Colinc222","format":"[Gen 9] Doubles OU","log":"|j|\u2606yohisup\n|j|\u2606Colinc222\n|t:|1697644346\n|gametype|doubles\n|player|p1|yohisup|101|1164\n|player|p2|Colinc222|bugcatcher-gen4dp|1190\n|teamsize|p1|6\n|teamsize|p2|6\n|gen|9\n|tier|[Gen 9] Doubles OU\n|rated|\n|rule|Species Clause: Limit one of each Pok\u00e9mon\n|rule|OHKO Clause: OHKO moves are banned\n|rule|Evasion Moves Clause: Evasion moves are banned\n|rule|Gravity Sleep Clause: The combination of sleep-inducing moves with imperfect accuracy and Gravity or Gigantamax Orbeetle are banned\n|rule|Endless Battle Clause: Forcing endless battles is banned\n|rule|HP Percentage Mod: HP is shown in percentages\n|clearpoke\n|poke|p1|Kommo-o, M|\n|poke|p1|Arcanine-Hisui, M|\n|poke|p1|Rillaboom, F|\n|poke|p1|Tyranitar, M|\n|poke|p1|Flutter Mane|\n|poke|p1|Iron Bundle|\n|poke|p2|Ogerpon-Hearthflame, F|\n|poke|p2|Iron Hands|\n|poke|p2|Grimmsnarl, M|\n|poke|p2|Heatran, F|\n|poke|p2|Dragonite, M|\n|poke|p2|Sinistcha-Masterpiece|\n|teampreview\n|inactive|Battle timer is ON: inactive players will automatically lose when time's up. (requested by Colinc222)\n|\n|t:|1697644370\n|start\n|switch|p1a: Kommo-o|Kommo-o, M, shiny|100\/100\n|switch|p1b: Rillaboom|Rillaboom, F|100\/100\n|switch|p2a: Iron Hands|Iron Hands|100\/100\n|switch|p2b: Grimmsnarl|Grimmsnarl, M|100\/100\n|-fieldstart|move: Grassy Terrain|[from] ability: Grassy Surge|[of] p1b: Rillaboom\n|turn|1\n|\n|t:|1697644398\n|move|p1b: Rillaboom|Fake Out|p2b: Grimmsnarl\n|-damage|p2b: Grimmsnarl|83\/100\n|move|p2a: Iron Hands|Fake Out|p1a: Kommo-o\n|-damage|p1a: Kommo-o|90\/100\n|cant|p1a: Kommo-o|flinch\n|cant|p2b: Grimmsnarl|flinch\n|\n|-heal|p1a: Kommo-o|97\/100|[from] Grassy Terrain\n|-heal|p1a: Kommo-o|100\/100|[from] item: Leftovers\n|-heal|p2b: Grimmsnarl|90\/100|[from] Grassy Terrain\n|upkeep\n|turn|2\n|inactive|yohisup has 120 seconds left.\n|\n|t:|1697644433\n|switch|p1a: Flutter Mane|Flutter Mane|100\/100\n|move|p1b: Rillaboom|Wood Hammer|p2b: Grimmsnarl\n|-damage|p2b: Grimmsnarl|0 fnt\n|faint|p2b: Grimmsnarl\n|-damage|p1b: Rillaboom|71\/100|[from] Recoil\n|move|p2a: Iron Hands|Swords Dance|p2a: Iron Hands\n|-boost|p2a: Iron Hands|atk|2\n|\n|-heal|p1b: Rillaboom|77\/100|[from] Grassy Terrain\n|upkeep\n|\n|t:|1697644444\n|switch|p2b: Ogerpon|Ogerpon-Hearthflame, F|100\/100\n|-ability|p2b: Ogerpon|Mold Breaker\n|turn|3\n|\n|t:|1697644462\n|move|p2b: Ogerpon|Follow Me|p2b: Ogerpon\n|-singleturn|p2b: Ogerpon|move: Follow Me\n|move|p1a: Flutter Mane|Psyshock|p2b: Ogerpon\n|-damage|p2b: Ogerpon|54\/100\n|move|p1b: Rillaboom|Taunt|p2b: Ogerpon\n|-start|p2b: Ogerpon|move: Taunt\n|move|p2a: Iron Hands|Drain Punch|p1b: Rillaboom\n|-damage|p1b: Rillaboom|0 fnt\n|faint|p1b: Rillaboom\n|\n|-heal|p2b: Ogerpon|60\/100|[from] Grassy Terrain\n|upkeep\n|\n|t:|1697644480\n|switch|p1b: Tyranitar|Tyranitar, M|100\/100\n|-weather|Sandstorm|[from] ability: Sand Stream|[of] p1b: Tyranitar\n|turn|4\n|\n|t:|1697644501\n|move|p1a: Flutter Mane|Psyshock|p2a: Iron Hands\n|-supereffective|p2a: Iron Hands\n|-damage|p2a: Iron Hands|49\/100\n|move|p2b: Ogerpon|Horn Leech|p1b: Tyranitar\n|-supereffective|p1b: Tyranitar\n|-damage|p1b: Tyranitar|0 fnt\n|-heal|p2b: Ogerpon|100\/100|[from] drain|[of] p1b: Tyranitar\n|faint|p1b: Tyranitar\n|move|p2a: Iron Hands|Wild Charge|p1a: Flutter Mane\n|-damage|p1a: Flutter Mane|0 fnt\n|faint|p1a: Flutter Mane\n|-end|p1a: Flutter Mane|Protosynthesis|[silent]\n|-damage|p2a: Iron Hands|35\/100|[from] Recoil\n|\n|-weather|Sandstorm|[upkeep]\n|-damage|p2b: Ogerpon|94\/100|[from] Sandstorm\n|-damage|p2a: Iron Hands|28\/100|[from] Sandstorm\n|-heal|p2b: Ogerpon|100\/100|[from] Grassy Terrain\n|-heal|p2a: Iron Hands|35\/100|[from] Grassy Terrain\n|upkeep\n|inactive|yohisup has 120 seconds left.\n|\n|t:|1697644518\n|switch|p1a: Iron Bundle|Iron Bundle|100\/100\n|switch|p1b: Arcanine|Arcanine-Hisui, M|100\/100\n|-ability|p1b: Arcanine|Intimidate|boost\n|-unboost|p2a: Iron Hands|atk|1\n|-unboost|p2b: Ogerpon|atk|1\n|-enditem|p1a: Iron Bundle|Booster Energy\n|-activate|p1a: Iron Bundle|ability: Quark Drive|[fromitem]\n|-start|p1a: Iron Bundle|quarkdrivespe\n|turn|5\n|\n|t:|1697644534\n|switch|p2b: Sinistcha|Sinistcha-Masterpiece|100\/100\n|-heal|p2a: Iron Hands|60\/100|[from] ability: Hospitality|[of] p2b: Sinistcha\n|move|p1a: Iron Bundle|Freeze-Dry|p2b: Sinistcha\n|-supereffective|p2b: Sinistcha\n|-damage|p2b: Sinistcha|13\/100\n|move|p1b: Arcanine|Will-O-Wisp|p2a: Iron Hands\n|-status|p2a: Iron Hands|brn\n|move|p2a: Iron Hands|Drain Punch|p1b: Arcanine\n|-supereffective|p1b: Arcanine\n|-damage|p1b: Arcanine|8\/100\n|-heal|p2a: Iron Hands|95\/100 brn|[from] drain|[of] p1b: Arcanine\n|-enditem|p1b: Arcanine|Sitrus Berry|[eat]\n|-heal|p1b: Arcanine|33\/100|[from] item: Sitrus Berry\n|\n|-weather|Sandstorm|[upkeep]\n|-damage|p1a: Iron Bundle|95\/100|[from] Sandstorm\n|-damage|p2b: Sinistcha|7\/100|[from] Sandstorm\n|-damage|p2a: Iron Hands|89\/100 brn|[from] Sandstorm\n|-heal|p1a: Iron Bundle|100\/100|[from] Grassy Terrain\n|-heal|p1b: Arcanine|39\/100|[from] Grassy Terrain\n|-heal|p2b: Sinistcha|13\/100|[from] Grassy Terrain\n|-heal|p2b: Sinistcha|19\/100|[from] item: Leftovers\n|-heal|p2a: Iron Hands|95\/100 brn|[from] Grassy Terrain\n|-damage|p2a: Iron Hands|89\/100 brn|[from] brn\n|-fieldend|move: Grassy Terrain\n|upkeep\n|turn|6\n|inactive|yohisup has 120 seconds left.\n|\n|t:|1697644572\n|move|p2b: Sinistcha|Protect|p2b: Sinistcha\n|-singleturn|p2b: Sinistcha|Protect\n|move|p1a: Iron Bundle|Icy Wind|p2a: Iron Hands|[spread] p2a\n|-activate|p2b: Sinistcha|move: Protect\n|-damage|p2a: Iron Hands|71\/100 brn\n|-unboost|p2a: Iron Hands|spe|1\n|move|p1b: Arcanine|Flare Blitz|p2a: Iron Hands\n|-damage|p2a: Iron Hands|42\/100 brn\n|-damage|p1b: Arcanine|27\/100|[from] Recoil\n|move|p2a: Iron Hands|Drain Punch|p1b: Arcanine\n|-supereffective|p1b: Arcanine\n|-damage|p1b: Arcanine|0 fnt\n|-heal|p2a: Iron Hands|52\/100 brn|[from] drain|[of] p1b: Arcanine\n|faint|p1b: Arcanine\n|\n|-weather|Sandstorm|[upkeep]\n|-damage|p1a: Iron Bundle|95\/100|[from] Sandstorm\n|-damage|p2b: Sinistcha|13\/100|[from] Sandstorm\n|-damage|p2a: Iron Hands|46\/100 brn|[from] Sandstorm\n|-heal|p2b: Sinistcha|19\/100|[from] item: Leftovers\n|-damage|p2a: Iron Hands|40\/100 brn|[from] brn\n|upkeep\n|\n|t:|1697644591\n|switch|p1b: Kommo-o|Kommo-o, M, shiny|100\/100\n|turn|7\n|\n|t:|1697644601\n|move|p1a: Iron Bundle|Icy Wind|p2a: Iron Hands|[spread] p2a,p2b\n|-supereffective|p2b: Sinistcha\n|-damage|p2a: Iron Hands|22\/100 brn\n|-damage|p2b: Sinistcha|0 fnt\n|-unboost|p2a: Iron Hands|spe|1\n|faint|p2b: Sinistcha\n|move|p1b: Kommo-o|Iron Defense|p1b: Kommo-o\n|-boost|p1b: Kommo-o|def|2\n|move|p2a: Iron Hands|Drain Punch|p1a: Iron Bundle\n|-supereffective|p1a: Iron Bundle\n|-damage|p1a: Iron Bundle|0 fnt\n|-heal|p2a: Iron Hands|45\/100 brn|[from] drain|[of] p1a: Iron Bundle\n|faint|p1a: Iron Bundle\n|-end|p1a: Iron Bundle|Quark Drive|[silent]\n|\n|-weather|Sandstorm|[upkeep]\n|-damage|p1b: Kommo-o|94\/100|[from] Sandstorm\n|-damage|p2a: Iron Hands|39\/100 brn|[from] Sandstorm\n|-heal|p1b: Kommo-o|100\/100|[from] item: Leftovers\n|-damage|p2a: Iron Hands|33\/100 brn|[from] brn\n|upkeep\n|\n|t:|1697644617\n|switch|p2b: Dragonite|Dragonite, M|100\/100\n|turn|8\n|\n|t:|1697644625\n|move|p1b: Kommo-o|Body Press|p2a: Iron Hands\n|-damage|p2a: Iron Hands|0 fnt\n|faint|p2a: Iron Hands\n|-end|p2a: Iron Hands|Quark Drive|[silent]\n|move|p2b: Dragonite|Dragon Claw|p1b: Kommo-o\n|-supereffective|p1b: Kommo-o\n|-damage|p1b: Kommo-o|58\/100\n|\n|-weather|none\n|-heal|p1b: Kommo-o|64\/100|[from] item: Leftovers\n|upkeep\n|\n|t:|1697644634\n|switch|p2a: Ogerpon|Ogerpon-Hearthflame, F|100\/100\n|-ability|p2a: Ogerpon|Mold Breaker\n|turn|9\n|\n|t:|1697644646\n|move|p2a: Ogerpon|Follow Me|p2a: Ogerpon\n|-singleturn|p2a: Ogerpon|move: Follow Me\n|move|p1b: Kommo-o|Iron Defense|p1b: Kommo-o\n|-boost|p1b: Kommo-o|def|2\n|move|p2b: Dragonite|Dragon Claw|p1b: Kommo-o\n|-supereffective|p1b: Kommo-o\n|-damage|p1b: Kommo-o|34\/100\n|\n|-heal|p1b: Kommo-o|41\/100|[from] item: Leftovers\n|upkeep\n|turn|10\n|\n|t:|1697644664\n|-terastallize|p1b: Kommo-o|Steel\n|move|p2a: Ogerpon|Ivy Cudgel|p1b: Kommo-o\n|-supereffective|p1b: Kommo-o\n|-damage|p1b: Kommo-o|16\/100\n|move|p1b: Kommo-o|Body Press|p2a: Ogerpon\n|-damage|p2a: Ogerpon|0 fnt\n|faint|p2a: Ogerpon\n|move|p2b: Dragonite|Dragon Claw|p1b: Kommo-o\n|-resisted|p1b: Kommo-o\n|-damage|p1b: Kommo-o|9\/100\n|\n|-heal|p1b: Kommo-o|15\/100|[from] item: Leftovers\n|upkeep\n|\n|t:|1697644675\n|switch|p2a: Heatran|Heatran, F|100\/100\n|turn|11\n|\n|t:|1697644680\n|move|p1b: Kommo-o|Body Press|p2a: Heatran\n|-supereffective|p2a: Heatran\n|-damage|p2a: Heatran|0 fnt\n|faint|p2a: Heatran\n|move|p2b: Dragonite|Dragon Claw|p1b: Kommo-o\n|-resisted|p1b: Kommo-o\n|-damage|p1b: Kommo-o|7\/100\n|\n|-heal|p1b: Kommo-o|13\/100|[from] item: Leftovers\n|upkeep\n|turn|12\n|\n|t:|1697644692\n|move|p1b: Kommo-o|Iron Head|p2b: Dragonite\n|-damage|p2b: Dragonite|87\/100\n|move|p2b: Dragonite|Dragon Claw|p1b: Kommo-o\n|-resisted|p1b: Kommo-o\n|-damage|p1b: Kommo-o|6\/100\n|\n|-heal|p1b: Kommo-o|12\/100|[from] item: Leftovers\n|upkeep\n|turn|13\n|\n|t:|1697644702\n|move|p1b: Kommo-o|Body Press|p2b: Dragonite\n|-resisted|p2b: Dragonite\n|-damage|p2b: Dragonite|34\/100\n|move|p2b: Dragonite|Dragon Claw|p1b: Kommo-o\n|-resisted|p1b: Kommo-o\n|-damage|p1b: Kommo-o|4\/100\n|\n|-heal|p1b: Kommo-o|10\/100|[from] item: Leftovers\n|upkeep\n|turn|14\n|-message|Colinc222 forfeited.\n|\n|win|yohisup\n|raw|yohisup's rating: 1164 &rarr; <strong>1191<\/strong><br \/>(+27 for winning)\n|raw|Colinc222's rating: 1190 &rarr; <strong>1163<\/strong><br \/>(-27 for losing)\n|l|\u2606Colinc222\n","uploadtime":1697644716,"views":16,"p1id":"yohisup","p2id":"colinc222","formatid":"gen9doublesou","rating":1163,"private":0,"password":""}