{"id":"gen9doublesou-1995339517","p1":"BobbyGIover","p2":"dgzdr","format":"[Gen 9] Doubles OU","log":"|j|\u2606BobbyGIover\n|j|\u2606dgzdr\n|inactive|Battle timer is ON: inactive players will automatically lose when time's up.\n|j|*Lady Monita \u2746\n|t:|1700556344\n|gametype|doubles\n|player|p1|BobbyGIover|benga|\n|player|p2|dgzdr|101|\n|teamsize|p1|2\n|teamsize|p2|2\n|gen|9\n|tier|[Gen 9] Doubles OU\n|rated|Tournament battle\n|rule|Species Clause: Limit one of each Pok\u00e9mon\n|rule|OHKO Clause: OHKO moves are banned\n|rule|Evasion Moves Clause: Evasion moves are banned\n|rule|Gravity Sleep Clause: The combination of sleep-inducing moves with imperfect accuracy and Gravity or Gigantamax Orbeetle are banned\n|rule|Endless Battle Clause: Forcing endless battles is banned\n|rule|HP Percentage Mod: HP is shown in percentages\n|clearpoke\n|poke|p1|Sandaconda, M|\n|poke|p1|Toxicroak, F|\n|poke|p2|Toxapex, M|\n|poke|p2|Vespiquen, F|\n|teampreview\n|c|\u2606dgzdr|glhf\n|\n|t:|1700556350\n|start\n|switch|p1a: Sandaconda|Sandaconda, M|100\/100\n|switch|p1b: Toxicroak|Toxicroak, F|100\/100\n|switch|p2a: Toxapex|Toxapex, M|100\/100\n|switch|p2b: Vespiquen|Vespiquen, F|100\/100\n|-ability|p2b: Vespiquen|Pressure\n|turn|1\n|c|\u2606BobbyGIover|you 2\n|\n|t:|1700556372\n|move|p2a: Toxapex|Baneful Bunker|p2a: Toxapex\n|-singleturn|p2a: Toxapex|move: Protect\n|move|p2b: Vespiquen|Protect|p2b: Vespiquen\n|-singleturn|p2b: Vespiquen|Protect\n|move|p1b: Toxicroak|Gunk Shot|p2b: Vespiquen\n|-activate|p2b: Vespiquen|move: Protect\n|move|p1a: Sandaconda|Glare|p2b: Vespiquen\n|-activate|p2b: Vespiquen|move: Protect\n|\n|upkeep\n|turn|2\n|\n|t:|1700556394\n|-terastallize|p1b: Toxicroak|Flying\n|move|p1b: Toxicroak|Gunk Shot|p2b: Vespiquen|[miss]\n|-miss|p1b: Toxicroak|p2b: Vespiquen\n|move|p1a: Sandaconda|Earthquake|p2b: Vespiquen|[spread] p2a\n|-immune|p1b: Toxicroak\n|-immune|p2b: Vespiquen\n|-supereffective|p2a: Toxapex\n|-damage|p2a: Toxapex|69\/100\n|move|p2a: Toxapex|Toxic|p1a: Sandaconda\n|-status|p1a: Sandaconda|tox\n|move|p2b: Vespiquen|Hurricane|p1b: Toxicroak\n|-damage|p1b: Toxicroak|55\/100\n|-start|p1b: Toxicroak|confusion\n|\n|-heal|p1b: Toxicroak|61\/100|[from] item: Leftovers\n|-heal|p2a: Toxapex|75\/100|[from] item: Leftovers\n|-damage|p1a: Sandaconda|94\/100 tox|[from] psn\n|upkeep\n|turn|3\n|\n|t:|1700556413\n|move|p2b: Vespiquen|Protect|p2b: Vespiquen\n|-singleturn|p2b: Vespiquen|Protect\n|-activate|p1b: Toxicroak|confusion\n|-damage|p1b: Toxicroak|42\/100|[from] confusion\n|move|p1a: Sandaconda|Glare|p2a: Toxapex\n|-status|p2a: Toxapex|par\n|move|p2a: Toxapex|Surf|p1a: Sandaconda|[spread] p1a\n|-activate|p2b: Vespiquen|move: Protect\n|-heal|p1b: Toxicroak|67\/100|[from] ability: Dry Skin|[of] p2a: Toxapex\n|-supereffective|p1a: Sandaconda\n|-damage|p1a: Sandaconda|63\/100 tox\n|\n|-heal|p1b: Toxicroak|73\/100|[from] item: Leftovers\n|-activate|p1a: Sandaconda|ability: Shed Skin\n|-curestatus|p1a: Sandaconda|tox|[msg]\n|-heal|p2a: Toxapex|81\/100 par|[from] item: Leftovers\n|upkeep\n|turn|4\n|\n|t:|1700556428\n|-activate|p1b: Toxicroak|confusion\n|move|p1b: Toxicroak|Gunk Shot|p2b: Vespiquen|[miss]\n|-miss|p1b: Toxicroak|p2b: Vespiquen\n|move|p1a: Sandaconda|Earthquake|p2b: Vespiquen|[spread] p2a\n|-immune|p1b: Toxicroak\n|-immune|p2b: Vespiquen\n|-supereffective|p2a: Toxapex\n|-damage|p2a: Toxapex|47\/100 par\n|move|p2b: Vespiquen|Toxic|p1a: Sandaconda\n|-status|p1a: Sandaconda|tox\n|move|p2a: Toxapex|Toxic|p1b: Toxicroak\n|-status|p1b: Toxicroak|tox\n|\n|-heal|p1b: Toxicroak|79\/100 tox|[from] item: Leftovers\n|-heal|p2a: Toxapex|53\/100 par|[from] item: Leftovers\n|-damage|p1b: Toxicroak|73\/100 tox|[from] psn\n|-damage|p1a: Sandaconda|57\/100 tox|[from] psn\n|upkeep\n|turn|5\n|\n|t:|1700556436\n|move|p2b: Vespiquen|Protect|p2b: Vespiquen\n|-singleturn|p2b: Vespiquen|Protect\n|cant|p2a: Toxapex|par\n|-activate|p1b: Toxicroak|confusion\n|move|p1b: Toxicroak|Gunk Shot|p2b: Vespiquen\n|-activate|p2b: Vespiquen|move: Protect\n|move|p1a: Sandaconda|Earthquake|p2a: Toxapex|[spread] p2a\n|-activate|p2b: Vespiquen|move: Protect\n|-immune|p1b: Toxicroak\n|-supereffective|p2a: Toxapex\n|-damage|p2a: Toxapex|20\/100 par\n|\n|-heal|p1b: Toxicroak|79\/100 tox|[from] item: Leftovers\n|-activate|p1a: Sandaconda|ability: Shed Skin\n|-curestatus|p1a: Sandaconda|tox|[msg]\n|-heal|p2a: Toxapex|26\/100 par|[from] item: Leftovers\n|-damage|p1b: Toxicroak|67\/100 tox|[from] psn\n|upkeep\n|turn|6\n|\n|t:|1700556456\n|-end|p1b: Toxicroak|confusion\n|move|p1b: Toxicroak|Sucker Punch|p2b: Vespiquen\n|-damage|p2b: Vespiquen|79\/100\n|move|p1a: Sandaconda|Earthquake|p2b: Vespiquen|[spread] p2a\n|-immune|p1b: Toxicroak\n|-immune|p2b: Vespiquen\n|-supereffective|p2a: Toxapex\n|-damage|p2a: Toxapex|0 fnt\n|faint|p2a: Toxapex\n|move|p2b: Vespiquen|Hurricane|p1b: Toxicroak\n|-damage|p1b: Toxicroak|20\/100 tox\n|\n|-heal|p1b: Toxicroak|27\/100 tox|[from] item: Leftovers\n|-heal|p2b: Vespiquen|85\/100|[from] item: Leftovers\n|-damage|p1b: Toxicroak|8\/100 tox|[from] psn\n|upkeep\n|turn|7\n|\n|t:|1700556472\n|move|p2b: Vespiquen|Protect|p2b: Vespiquen\n|-singleturn|p2b: Vespiquen|Protect\n|move|p1b: Toxicroak|Sucker Punch||[still]\n|-fail|p1b: Toxicroak\n|move|p1a: Sandaconda|Glare|p2b: Vespiquen\n|-activate|p2b: Vespiquen|move: Protect\n|\n|-heal|p1b: Toxicroak|14\/100 tox|[from] item: Leftovers\n|-heal|p2b: Vespiquen|91\/100|[from] item: Leftovers\n|-damage|p1b: Toxicroak|0 fnt|[from] psn\n|faint|p1b: Toxicroak\n|upkeep\n|turn|8\n|c|\u2606BobbyGIover|okay so imma be honest\n|c|\u2606BobbyGIover|we're gonna be in a stalemate\n|inactive|BobbyGIover has 120 seconds left.\n|c|\u2606BobbyGIover|i only have Earthquake, But ive also got rest :\/\n|\n|t:|1700556507\n|move|p1a: Sandaconda|Glare|p2b: Vespiquen\n|-status|p2b: Vespiquen|par\n|move|p2b: Vespiquen|Toxic|p1a: Sandaconda\n|-status|p1a: Sandaconda|tox\n|\n|-activate|p1a: Sandaconda|ability: Shed Skin\n|-curestatus|p1a: Sandaconda|tox|[msg]\n|-heal|p2b: Vespiquen|97\/100 par|[from] item: Leftovers\n|upkeep\n|turn|9\n|c|\u2606dgzdr|no if im lucky enough or you unlucky with the shed skin\n|\n|t:|1700556520\n|move|p1a: Sandaconda|Earthquake|p2b: Vespiquen\n|-immune|p2b: Vespiquen\n|move|p2b: Vespiquen|Toxic|p1a: Sandaconda\n|-status|p1a: Sandaconda|tox\n|\n|-heal|p2b: Vespiquen|100\/100 par|[from] item: Leftovers\n|-damage|p1a: Sandaconda|51\/100 tox|[from] psn\n|upkeep\n|turn|10\n|\n|t:|1700556528\n|move|p1a: Sandaconda|Rest|p1a: Sandaconda\n|-status|p1a: Sandaconda|slp|[from] move: Rest\n|-heal|p1a: Sandaconda|100\/100 slp|[silent]\n|move|p2b: Vespiquen|Hurricane|p1a: Sandaconda|[miss]\n|-miss|p2b: Vespiquen|p1a: Sandaconda\n|\n|upkeep\n|turn|11\n|c|\u2606dgzdr|ok now i see the problem\n|c|\u2606BobbyGIover|Yea XD\n|inactive|dgzdr has 120 seconds left.\n|inactive|dgzdr has 90 seconds left.\n|\n|t:|1700556592\n|cant|p1a: Sandaconda|slp\n|move|p2b: Vespiquen|Hurricane|p1a: Sandaconda\n|-damage|p1a: Sandaconda|63\/100 slp\n|\n|upkeep\n|turn|12\n|\n|t:|1700556599\n|cant|p1a: Sandaconda|slp\n|move|p2b: Vespiquen|Hurricane|p1a: Sandaconda\n|-damage|p1a: Sandaconda|24\/100 slp\n|\n|upkeep\n|turn|13\n|\n|t:|1700556601\n|-curestatus|p1a: Sandaconda|slp|[msg]\n|move|p1a: Sandaconda|Rest|p1a: Sandaconda\n|-status|p1a: Sandaconda|slp|[from] move: Rest\n|-heal|p1a: Sandaconda|100\/100 slp|[silent]\n|cant|p2b: Vespiquen|par\n|\n|upkeep\n|turn|14\n|\n|t:|1700556605\n|cant|p1a: Sandaconda|slp\n|cant|p2b: Vespiquen|par\n|\n|upkeep\n|turn|15\n|\n|t:|1700556610\n|cant|p1a: Sandaconda|slp\n|move|p2b: Vespiquen|Hurricane|p1a: Sandaconda\n|-damage|p1a: Sandaconda|60\/100 slp\n|-start|p1a: Sandaconda|confusion\n|\n|upkeep\n|turn|16\n|\n|t:|1700556613\n|-curestatus|p1a: Sandaconda|slp|[msg]\n|-activate|p1a: Sandaconda|confusion\n|move|p1a: Sandaconda|Earthquake|p2b: Vespiquen\n|-immune|p2b: Vespiquen\n|move|p2b: Vespiquen|Hurricane|p1a: Sandaconda\n|-damage|p1a: Sandaconda|22\/100\n|\n|upkeep\n|turn|17\n|\n|t:|1700556617\n|-end|p1a: Sandaconda|confusion\n|move|p1a: Sandaconda|Rest|p1a: Sandaconda\n|-status|p1a: Sandaconda|slp|[from] move: Rest\n|-heal|p1a: Sandaconda|100\/100 slp|[silent]\n|move|p2b: Vespiquen|Hurricane|p1a: Sandaconda\n|-damage|p1a: Sandaconda|61\/100 slp\n|\n|upkeep\n|turn|18\n|\n|t:|1700556621\n|cant|p1a: Sandaconda|slp\n|cant|p2b: Vespiquen|par\n|\n|-activate|p1a: Sandaconda|ability: Shed Skin\n|-curestatus|p1a: Sandaconda|slp|[msg]\n|upkeep\n|turn|19\n|\n|t:|1700556633\n|move|p1a: Sandaconda|Rest|p1a: Sandaconda\n|-status|p1a: Sandaconda|slp|[from] move: Rest\n|-heal|p1a: Sandaconda|100\/100 slp|[silent]\n|cant|p2b: Vespiquen|par\n|\n|-activate|p1a: Sandaconda|ability: Shed Skin\n|-curestatus|p1a: Sandaconda|slp|[msg]\n|upkeep\n|turn|20\n|\n|t:|1700556637\n|move|p1a: Sandaconda|Earthquake|p2b: Vespiquen\n|-immune|p2b: Vespiquen\n|move|p2b: Vespiquen|Hurricane|p1a: Sandaconda\n|-damage|p1a: Sandaconda|65\/100\n|\n|upkeep\n|turn|21\n|\n|t:|1700556642\n|move|p1a: Sandaconda|Earthquake|p2b: Vespiquen\n|-immune|p2b: Vespiquen\n|move|p2b: Vespiquen|Hurricane|p1a: Sandaconda\n|-damage|p1a: Sandaconda|25\/100\n|\n|upkeep\n|turn|22\n|\n|t:|1700556648\n|move|p1a: Sandaconda|Rest|p1a: Sandaconda\n|-status|p1a: Sandaconda|slp|[from] move: Rest\n|-heal|p1a: Sandaconda|100\/100 slp|[silent]\n|cant|p2b: Vespiquen|par\n|\n|-activate|p1a: Sandaconda|ability: Shed Skin\n|-curestatus|p1a: Sandaconda|slp|[msg]\n|upkeep\n|turn|23\n|\n|t:|1700556653\n|move|p1a: Sandaconda|Stealth Rock|p2b: Vespiquen\n|-sidestart|p2: dgzdr|move: Stealth Rock\n|move|p2b: Vespiquen|Hurricane|p1a: Sandaconda|[miss]\n|-miss|p2b: Vespiquen|p1a: Sandaconda\n|\n|upkeep\n|turn|24\n|\n|t:|1700556659\n|move|p1a: Sandaconda|Stealth Rock||[still]\n|-fail|p1a: Sandaconda\n|move|p2b: Vespiquen|Toxic|p1a: Sandaconda|[miss]\n|-miss|p2b: Vespiquen|p1a: Sandaconda\n|\n|upkeep\n|turn|25\n|\n|t:|1700556665\n|move|p1a: Sandaconda|Stealth Rock||[still]\n|-fail|p1a: Sandaconda\n|move|p2b: Vespiquen|Toxic|p1a: Sandaconda\n|-status|p1a: Sandaconda|tox\n|\n|-damage|p1a: Sandaconda|94\/100 tox|[from] psn\n|upkeep\n|turn|26\n|\n|t:|1700556686\n|cant|p2b: Vespiquen|par\n|move|p1a: Sandaconda|Stealth Rock||[still]\n|-fail|p1a: Sandaconda\n|\n|-damage|p1a: Sandaconda|82\/100 tox|[from] psn\n|upkeep\n|turn|27\n|\n|t:|1700556697\n|move|p1a: Sandaconda|Stealth Rock||[still]\n|-fail|p1a: Sandaconda\n|move|p2b: Vespiquen|Toxic|p1a: Sandaconda\n|-fail|p1a: Sandaconda|tox\n|\n|-activate|p1a: Sandaconda|ability: Shed Skin\n|-curestatus|p1a: Sandaconda|tox|[msg]\n|upkeep\n|turn|28\n|\n|t:|1700556703\n|move|p1a: Sandaconda|Stealth Rock||[still]\n|-fail|p1a: Sandaconda\n|move|p2b: Vespiquen|Toxic|p1a: Sandaconda\n|-status|p1a: Sandaconda|tox\n|\n|-damage|p1a: Sandaconda|76\/100 tox|[from] psn\n|upkeep\n|turn|29\n|c|\u2606BobbyGIover|So hows your day been?\n|\n|t:|1700556714\n|move|p2b: Vespiquen|Protect|p2b: Vespiquen\n|-singleturn|p2b: Vespiquen|Protect\n|move|p1a: Sandaconda|Stealth Rock||[still]\n|-fail|p1a: Sandaconda\n|\n|-damage|p1a: Sandaconda|64\/100 tox|[from] psn\n|upkeep\n|turn|30\n|c|\u2606dgzdr|been good it just started for me\n|c|\u2606dgzdr|time zones and all that\n|\n|t:|1700556739\n|cant|p2b: Vespiquen|par\n|move|p1a: Sandaconda|Stealth Rock||[still]\n|-fail|p1a: Sandaconda\n|\n|-damage|p1a: Sandaconda|46\/100 tox|[from] psn\n|upkeep\n|turn|31\n|c|\u2606BobbyGIover|Same, Been up since 3am (Now about to be 9am) but its peaceful at night\n|\n|t:|1700556754\n|move|p2b: Vespiquen|Protect|p2b: Vespiquen\n|-singleturn|p2b: Vespiquen|Protect\n|move|p1a: Sandaconda|Rest|p1a: Sandaconda\n|-status|p1a: Sandaconda|slp|[from] move: Rest\n|-heal|p1a: Sandaconda|100\/100 slp|[silent]\n|\n|-activate|p1a: Sandaconda|ability: Shed Skin\n|-curestatus|p1a: Sandaconda|slp|[msg]\n|upkeep\n|turn|32\n|c|\u2606dgzdr|here is about to be 10 am\n|\n|t:|1700556776\n|move|p1a: Sandaconda|Stealth Rock||[still]\n|-fail|p1a: Sandaconda\n|move|p2b: Vespiquen|Toxic|p1a: Sandaconda\n|-status|p1a: Sandaconda|tox\n|\n|-damage|p1a: Sandaconda|94\/100 tox|[from] psn\n|upkeep\n|turn|33\n|c|\u2606BobbyGIover|Ah, So europe, Germany?#\n|\n|t:|1700556794\n|move|p1a: Sandaconda|Stealth Rock||[still]\n|-fail|p1a: Sandaconda\n|cant|p2b: Vespiquen|par\n|\n|-damage|p1a: Sandaconda|82\/100 tox|[from] psn\n|upkeep\n|turn|34\n|c|\u2606dgzdr|europe\n|\n|t:|1700556800\n|move|p1a: Sandaconda|Stealth Rock||[still]\n|-fail|p1a: Sandaconda\n|move|p2b: Vespiquen|Roost||[still]\n|-fail|p2b: Vespiquen|heal\n|\n|-damage|p1a: Sandaconda|64\/100 tox|[from] psn\n|upkeep\n|turn|35\n|\n|t:|1700556806\n|move|p1a: Sandaconda|Stealth Rock||[still]\n|-fail|p1a: Sandaconda\n|cant|p2b: Vespiquen|par\n|\n|-activate|p1a: Sandaconda|ability: Shed Skin\n|-curestatus|p1a: Sandaconda|tox|[msg]\n|upkeep\n|turn|36\n|\n|t:|1700556810\n|move|p1a: Sandaconda|Stealth Rock||[still]\n|-fail|p1a: Sandaconda\n|move|p2b: Vespiquen|Toxic|p1a: Sandaconda\n|-status|p1a: Sandaconda|tox\n|\n|-activate|p1a: Sandaconda|ability: Shed Skin\n|-curestatus|p1a: Sandaconda|tox|[msg]\n|upkeep\n|turn|37\n|\n|t:|1700556814\n|move|p1a: Sandaconda|Stealth Rock||[still]\n|-fail|p1a: Sandaconda\n|cant|p2b: Vespiquen|par\n|\n|upkeep\n|turn|38\n|\n|t:|1700556817\n|move|p1a: Sandaconda|Stealth Rock||[still]\n|-fail|p1a: Sandaconda\n|move|p2b: Vespiquen|Toxic|p1a: Sandaconda\n|-status|p1a: Sandaconda|tox\n|\n|-damage|p1a: Sandaconda|58\/100 tox|[from] psn\n|upkeep\n|turn|39\n|inactive|dgzdr has 120 seconds left.\n|c|\u2606BobbyGIover|Semi final match has started already, And we're here XD\n|c|\u2606dgzdr|if tou didnt paralized me i think you would have won since i would have tuin out of pps\n|\n|t:|1700556858\n|move|p1a: Sandaconda|Stealth Rock||[still]\n|-fail|p1a: Sandaconda\n|move|p2b: Vespiquen|Roost||[still]\n|-fail|p2b: Vespiquen|heal\n|\n|-activate|p1a: Sandaconda|ability: Shed Skin\n|-curestatus|p1a: Sandaconda|tox|[msg]\n|upkeep\n|turn|40\n|\n|t:|1700556867\n|move|p1a: Sandaconda|Glare|p2b: Vespiquen\n|-fail|p2b: Vespiquen|par\n|move|p2b: Vespiquen|Toxic|p1a: Sandaconda\n|-status|p1a: Sandaconda|tox\n|\n|-damage|p1a: Sandaconda|52\/100 tox|[from] psn\n|upkeep\n|turn|41\n|\n|t:|1700556872\n|move|p1a: Sandaconda|Glare|p2b: Vespiquen\n|-fail|p2b: Vespiquen|par\n|move|p2b: Vespiquen|Roost||[still]\n|-fail|p2b: Vespiquen|heal\n|\n|-activate|p1a: Sandaconda|ability: Shed Skin\n|-curestatus|p1a: Sandaconda|tox|[msg]\n|upkeep\n|turn|42\n|\n|t:|1700556876\n|move|p1a: Sandaconda|Glare|p2b: Vespiquen\n|-fail|p2b: Vespiquen|par\n|move|p2b: Vespiquen|Toxic|p1a: Sandaconda\n|-status|p1a: Sandaconda|tox\n|\n|-damage|p1a: Sandaconda|46\/100 tox|[from] psn\n|upkeep\n|turn|43\n|\n|t:|1700556892\n|move|p1a: Sandaconda|Rest|p1a: Sandaconda\n|-status|p1a: Sandaconda|slp|[from] move: Rest\n|-heal|p1a: Sandaconda|100\/100 slp|[silent]\n|move|p2b: Vespiquen|Hurricane|p1a: Sandaconda\n|-damage|p1a: Sandaconda|61\/100 slp\n|\n|upkeep\n|turn|44\n|\n|t:|1700556900\n|cant|p1a: Sandaconda|slp\n|move|p2b: Vespiquen|Roost||[still]\n|-fail|p2b: Vespiquen|heal\n|\n|upkeep\n|turn|45\n|\n|t:|1700556906\n|cant|p1a: Sandaconda|slp\n|move|p2b: Vespiquen|Roost||[still]\n|-fail|p2b: Vespiquen|heal\n|\n|upkeep\n|turn|46\n|\n|t:|1700556909\n|-curestatus|p1a: Sandaconda|slp|[msg]\n|move|p1a: Sandaconda|Glare|p2b: Vespiquen\n|-fail|p2b: Vespiquen|par\n|move|p2b: Vespiquen|Roost||[still]\n|-fail|p2b: Vespiquen|heal\n|\n|upkeep\n|turn|47\n|\n|t:|1700556912\n|move|p1a: Sandaconda|Glare|p2b: Vespiquen\n|-fail|p2b: Vespiquen|par\n|cant|p2b: Vespiquen|par\n|\n|upkeep\n|turn|48\n|\n|t:|1700556917\n|move|p1a: Sandaconda|Glare|p2b: Vespiquen\n|-fail|p2b: Vespiquen|par\n|move|p2b: Vespiquen|Toxic|p1a: Sandaconda\n|-status|p1a: Sandaconda|tox\n|\n|-damage|p1a: Sandaconda|55\/100 tox|[from] psn\n|upkeep\n|turn|49\n|c|\u2606BobbyGIover|Cant belive this is gonna be a Struggle battle XD\n|\n|t:|1700556933\n|move|p1a: Sandaconda|Glare|p2b: Vespiquen\n|-fail|p2b: Vespiquen|par\n|move|p2b: Vespiquen|Roost||[still]\n|-fail|p2b: Vespiquen|heal\n|\n|-activate|p1a: Sandaconda|ability: Shed Skin\n|-curestatus|p1a: Sandaconda|tox|[msg]\n|upkeep\n|turn|50\n|c|\u2606dgzdr|no its not\n|\n|t:|1700556941\n|move|p1a: Sandaconda|Glare|p2b: Vespiquen\n|-fail|p2b: Vespiquen|par\n|move|p2b: Vespiquen|Toxic|p1a: Sandaconda\n|-status|p1a: Sandaconda|tox\n|\n|-damage|p1a: Sandaconda|48\/100 tox|[from] psn\n|upkeep\n|turn|51\n|c|\u2606dgzdr|at least i hope so\n|\n|t:|1700556957\n|move|p1a: Sandaconda|Rest|p1a: Sandaconda\n|-status|p1a: Sandaconda|slp|[from] move: Rest\n|-heal|p1a: Sandaconda|100\/100 slp|[silent]\n|move|p2b: Vespiquen|Roost||[still]\n|-fail|p2b: Vespiquen|heal\n|\n|upkeep\n|turn|52\n|c|\u2606dgzdr|ok cool now i have a chance\n|\n|t:|1700556974\n|cant|p1a: Sandaconda|slp\n|move|p2b: Vespiquen|Hurricane|p1a: Sandaconda\n|-damage|p1a: Sandaconda|64\/100 slp\n|-start|p1a: Sandaconda|confusion\n|\n|upkeep\n|turn|53\n|c|\u2606BobbyGIover|Yea, Unlucky for me tho, GG\n|\n|t:|1700556984\n|cant|p1a: Sandaconda|slp\n|move|p2b: Vespiquen|Hurricane|p1a: Sandaconda|[miss]\n|-miss|p2b: Vespiquen|p1a: Sandaconda\n|\n|upkeep\n|turn|54\n|c|\u2606dgzdr|gg\n|\n|t:|1700556990\n|-curestatus|p1a: Sandaconda|slp|[msg]\n|-activate|p1a: Sandaconda|confusion\n|move|p1a: Sandaconda|Glare|p2b: Vespiquen\n|-fail|p2b: Vespiquen|par\n|move|p2b: Vespiquen|Hurricane|p1a: Sandaconda\n|-damage|p1a: Sandaconda|30\/100\n|\n|upkeep\n|turn|55\n|\n|t:|1700556994\n|-activate|p1a: Sandaconda|confusion\n|move|p1a: Sandaconda|Glare|p2b: Vespiquen\n|-fail|p2b: Vespiquen|par\n|move|p2b: Vespiquen|Toxic|p1a: Sandaconda\n|-status|p1a: Sandaconda|tox\n|\n|-damage|p1a: Sandaconda|24\/100 tox|[from] psn\n|upkeep\n|turn|56\n|\n|t:|1700557000\n|move|p2b: Vespiquen|Protect|p2b: Vespiquen\n|-singleturn|p2b: Vespiquen|Protect\n|-end|p1a: Sandaconda|confusion\n|move|p1a: Sandaconda|Glare|p2b: Vespiquen\n|-activate|p2b: Vespiquen|move: Protect\n|\n|-activate|p1a: Sandaconda|ability: Shed Skin\n|-curestatus|p1a: Sandaconda|tox|[msg]\n|upkeep\n|turn|57\n|\n|t:|1700557003\n|move|p1a: Sandaconda|Glare|p2b: Vespiquen\n|-fail|p2b: Vespiquen|par\n|move|p2b: Vespiquen|Toxic|p1a: Sandaconda\n|-status|p1a: Sandaconda|tox\n|\n|-damage|p1a: Sandaconda|18\/100 tox|[from] psn\n|upkeep\n|turn|58\n|\n|t:|1700557010\n|move|p2b: Vespiquen|Protect|p2b: Vespiquen\n|-singleturn|p2b: Vespiquen|Protect\n|move|p1a: Sandaconda|Glare|p2b: Vespiquen\n|-activate|p2b: Vespiquen|move: Protect\n|\n|-activate|p1a: Sandaconda|ability: Shed Skin\n|-curestatus|p1a: Sandaconda|tox|[msg]\n|upkeep\n|turn|59\n|\n|t:|1700557020\n|move|p1a: Sandaconda|Glare|p2b: Vespiquen\n|-fail|p2b: Vespiquen|par\n|move|p2b: Vespiquen|Hurricane|p1a: Sandaconda\n|-damage|p1a: Sandaconda|0 fnt\n|faint|p1a: Sandaconda\n|\n|win|dgzdr\n|n|\u2606BobbyGIover|bobbygiover\n|n|\u2606dgzdr|dgzdr\n|n|*Lady Monita \u2746|ladymonita\n|l|*Lady Monita \u2746\n|c|\u2606BobbyGIover|Ayyyyyyyyy gg\n|c|\u2606dgzdr|finally\n|c|\u2606dgzdr|gg\n","uploadtime":1700557067,"views":6,"p1id":"bobbygiover","p2id":"dgzdr","formatid":"gen9doublesou","rating":0,"private":0,"password":""}