{"id":"gen9doublesou-1979956056","p1":"QsemfoBSX!","p2":"pooplpoopl","format":"[Gen 9] Doubles OU","log":"|j|\u2606QsemfoBSX!\n|j|\u2606pooplpoopl\n|inactive|Battle timer is ON: inactive players will automatically lose when time's up.\n|t:|1698736596\n|gametype|doubles\n|player|p1|QsemfoBSX!|266|\n|player|p2|pooplpoopl|nate|\n|teamsize|p1|6\n|teamsize|p2|6\n|gen|9\n|tier|[Gen 9] Doubles OU\n|rated|Tournament battle\n|rule|Species Clause: Limit one of each Pok\u00e9mon\n|rule|OHKO Clause: OHKO moves are banned\n|rule|Evasion Moves Clause: Evasion moves are banned\n|rule|Gravity Sleep Clause: The combination of sleep-inducing moves with imperfect accuracy and Gravity or Gigantamax Orbeetle are banned\n|rule|Endless Battle Clause: Forcing endless battles is banned\n|rule|HP Percentage Mod: HP is shown in percentages\n|clearpoke\n|poke|p1|Gliscor, M|\n|poke|p1|Fidough, F|\n|poke|p1|Bonsly, F|\n|poke|p1|Pawmot, F|\n|poke|p1|Impidimp, M|\n|poke|p1|Kricketot, M|\n|poke|p2|Amoonguss, M|\n|poke|p2|Chewtle, M|\n|poke|p2|Maschiff, M|\n|poke|p2|Raboot, M|\n|poke|p2|Talonflame, F|\n|poke|p2|Bronzor|\n|teampreview\n|j|*Lady Monita \u263d\n|\n|t:|1698736608\n|start\n|switch|p1a: Bonsly|Bonsly, F|100\/100\n|switch|p1b: Kricketot|Kricketot, M|100\/100\n|switch|p2a: Bronzor|Bronzor|100\/100\n|switch|p2b: Amoonguss|Amoonguss, M|100\/100\n|turn|1\n|\n|t:|1698736625\n|move|p2b: Amoonguss|Spore|p1a: Bonsly\n|-status|p1a: Bonsly|slp|[from] move: Spore\n|move|p1b: Kricketot|Struggle Bug|p2b: Amoonguss|[spread] p2a,p2b\n|-damage|p2a: Bronzor|97\/100\n|-damage|p2b: Amoonguss|97\/100\n|-unboost|p2a: Bronzor|spa|1\n|-unboost|p2b: Amoonguss|spa|1\n|move|p2a: Bronzor|Stealth Rock|p1b: Kricketot\n|-sidestart|p1: QsemfoBSX!|move: Stealth Rock\n|cant|p1a: Bonsly|slp\n|\n|upkeep\n|turn|2\n|\n|t:|1698736640\n|move|p2b: Amoonguss|Spore|p1b: Kricketot\n|-status|p1b: Kricketot|slp|[from] move: Spore\n|cant|p1b: Kricketot|slp\n|move|p2a: Bronzor|Reflect|p2a: Bronzor\n|-sidestart|p2: pooplpoopl|Reflect\n|-curestatus|p1a: Bonsly|slp|[msg]\n|move|p1a: Bonsly|Spikes|p2b: Amoonguss\n|-sidestart|p2: pooplpoopl|Spikes\n|\n|upkeep\n|turn|3\n|\n|t:|1698736658\n|switch|p2b: Chewtle|Chewtle, M|100\/100\n|-damage|p2b: Chewtle|88\/100|[from] Spikes\n|cant|p1b: Kricketot|slp\n|move|p2a: Bronzor|Light Screen|p2a: Bronzor\n|-sidestart|p2: pooplpoopl|move: Light Screen\n|move|p1a: Bonsly|Spikes|p2a: Bronzor\n|-sidestart|p2: pooplpoopl|Spikes\n|\n|upkeep\n|turn|4\n|\n|t:|1698736672\n|switch|p1b: Gliscor|Gliscor, M|100\/100\n|-damage|p1b: Gliscor|88\/100|[from] Stealth Rock\n|switch|p2a: Amoonguss|Amoonguss, M|100\/100\n|-damage|p2a: Amoonguss|84\/100|[from] Spikes\n|move|p2b: Chewtle|Shell Smash|p2b: Chewtle\n|-unboost|p2b: Chewtle|def|1\n|-unboost|p2b: Chewtle|spd|1\n|-boost|p2b: Chewtle|atk|2\n|-boost|p2b: Chewtle|spa|2\n|-boost|p2b: Chewtle|spe|2\n|move|p1a: Bonsly|Bulldoze|p2a: Amoonguss|[spread] p2a,p2b\n|-immune|p1b: Gliscor\n|-damage|p2a: Amoonguss|75\/100\n|-damage|p2b: Chewtle|66\/100\n|-unboost|p2a: Amoonguss|spe|1\n|-unboost|p2b: Chewtle|spe|1\n|\n|-status|p1b: Gliscor|tox|[from] item: Toxic Orb\n|upkeep\n|turn|5\n|\n|t:|1698736680\n|move|p1b: Gliscor|Protect|p1b: Gliscor\n|-singleturn|p1b: Gliscor|Protect\n|move|p2a: Amoonguss|Rage Powder|p2a: Amoonguss\n|-singleturn|p2a: Amoonguss|move: Rage Powder\n|move|p2b: Chewtle|Ice Fang|p1b: Gliscor\n|-activate|p1b: Gliscor|move: Protect\n|move|p1a: Bonsly|Bulldoze|p2a: Amoonguss|[spread] p2a,p2b\n|-activate|p1b: Gliscor|move: Protect\n|-damage|p2a: Amoonguss|67\/100\n|-damage|p2b: Chewtle|46\/100\n|-unboost|p2a: Amoonguss|spe|1\n|-unboost|p2b: Chewtle|spe|1\n|\n|-heal|p1b: Gliscor|100\/100 tox|[from] ability: Poison Heal\n|upkeep\n|turn|6\n|\n|t:|1698736704\n|switch|p1b: Kricketot|Kricketot, M|100\/100 slp\n|-damage|p1b: Kricketot|76\/100 slp|[from] Stealth Rock\n|move|p2a: Amoonguss|Rage Powder|p2a: Amoonguss\n|-singleturn|p2a: Amoonguss|move: Rage Powder\n|move|p2b: Chewtle|Stomping Tantrum|p1a: Bonsly\n|-supereffective|p1a: Bonsly\n|-crit|p1a: Bonsly\n|-ability|p1a: Bonsly|Sturdy\n|-damage|p1a: Bonsly|1\/100\n|move|p1a: Bonsly|Bulldoze|p2b: Chewtle|[spread] p1b,p2a,p2b\n|-resisted|p1b: Kricketot\n|-crit|p2a: Amoonguss\n|-damage|p1b: Kricketot|70\/100 slp\n|-damage|p2a: Amoonguss|46\/100\n|-damage|p2b: Chewtle|26\/100\n|-unboost|p1b: Kricketot|spe|1\n|-unboost|p2a: Amoonguss|spe|1\n|-unboost|p2b: Chewtle|spe|1\n|\n|upkeep\n|turn|7\n|-enditem|p1a: Bonsly|Custap Berry|[eat]\n|-activate|p1a: Bonsly|item: Custap Berry|[consumed]\n|\n|t:|1698736725\n|move|p2a: Amoonguss|Protect|p2a: Amoonguss\n|-singleturn|p2a: Amoonguss|Protect\n|move|p1a: Bonsly|Stone Edge|p2b: Chewtle\n|-damage|p2b: Chewtle|0 fnt\n|faint|p2b: Chewtle\n|cant|p1b: Kricketot|slp\n|\n|upkeep\n|\n|t:|1698736734\n|switch|p2b: Talonflame|Talonflame, F|100\/100\n|turn|8\n|\n|t:|1698736750\n|switch|p2a: Maschiff|Maschiff, M|100\/100\n|-damage|p2a: Maschiff|84\/100|[from] Spikes\n|-ability|p2a: Maschiff|Intimidate|boost\n|-unboost|p1a: Bonsly|atk|1\n|-unboost|p1b: Kricketot|atk|1\n|move|p2b: Talonflame|U-turn|p1a: Bonsly\n|-damage|p1a: Bonsly|0 fnt\n|faint|p1a: Bonsly\n|\n|t:|1698736752\n|switch|p2b: Bronzor|Bronzor|97\/100|[from] U-turn\n|-curestatus|p1b: Kricketot|slp|[msg]\n|move|p1b: Kricketot|Lunge|p2b: Bronzor\n|-damage|p2b: Bronzor|91\/100\n|-unboost|p2b: Bronzor|atk|1\n|\n|upkeep\n|\n|t:|1698736768\n|switch|p1a: Gliscor|Gliscor, M|100\/100 tox\n|-damage|p1a: Gliscor|88\/100 tox|[from] Stealth Rock\n|turn|9\n|\n|t:|1698736792\n|move|p2b: Bronzor|Helping Hand|p2a: Maschiff\n|-singleturn|p2a: Maschiff|Helping Hand|[of] p2b: Bronzor\n|move|p1a: Gliscor|Fling|p2a: Maschiff\n|-resisted|p2a: Maschiff\n|-damage|p2a: Maschiff|81\/100\n|-status|p2a: Maschiff|tox\n|-enditem|p1a: Gliscor|Toxic Orb|[from] move: Fling\n|move|p2a: Maschiff|Crunch|p1a: Gliscor\n|-damage|p1a: Gliscor|58\/100 tox\n|move|p1b: Kricketot|Lunge|p2a: Maschiff\n|-supereffective|p2a: Maschiff\n|-damage|p2a: Maschiff|71\/100 tox\n|-unboost|p2a: Maschiff|atk|1\n|\n|-heal|p1a: Gliscor|71\/100 tox|[from] ability: Poison Heal\n|-damage|p2a: Maschiff|65\/100 tox|[from] psn\n|-sideend|p2: pooplpoopl|Reflect\n|upkeep\n|turn|10\n|inactive|QsemfoBSX! has 120 seconds left.\n|\n|t:|1698736835\n|move|p1a: Gliscor|Acrobatics|p2a: Maschiff\n|-damage|p2a: Maschiff|18\/100 tox\n|move|p2a: Maschiff|Crunch|p1a: Gliscor\n|-damage|p1a: Gliscor|58\/100 tox\n|-unboost|p1a: Gliscor|def|1\n|move|p2b: Bronzor|Reflect|p2b: Bronzor\n|-sidestart|p2: pooplpoopl|Reflect\n|move|p1b: Kricketot|Struggle Bug|p2b: Bronzor|[spread] p2a,p2b\n|-supereffective|p2a: Maschiff\n|-damage|p2a: Maschiff|7\/100 tox\n|-damage|p2b: Bronzor|89\/100\n|-unboost|p2a: Maschiff|spa|1\n|-unboost|p2b: Bronzor|spa|1\n|\n|-heal|p1a: Gliscor|70\/100 tox|[from] ability: Poison Heal\n|-damage|p2a: Maschiff|0 fnt|[from] psn\n|faint|p2a: Maschiff\n|-sideend|p2: pooplpoopl|move: Light Screen\n|upkeep\n|\n|t:|1698736852\n|switch|p2a: Raboot|Raboot, M|100\/100\n|-damage|p2a: Raboot|84\/100|[from] Spikes\n|turn|11\n|j| hpl12345\n|inactive|QsemfoBSX! has 120 seconds left.\n|\n|t:|1698736884\n|move|p2b: Bronzor|Helping Hand|p2a: Raboot\n|-singleturn|p2a: Raboot|Helping Hand|[of] p2b: Bronzor\n|move|p1a: Gliscor|Protect|p1a: Gliscor\n|-singleturn|p1a: Gliscor|Protect\n|move|p2a: Raboot|Flare Blitz|p1a: Gliscor\n|-activate|p1a: Gliscor|move: Protect\n|move|p1b: Kricketot|Lunge|p2a: Raboot\n|-resisted|p2a: Raboot\n|-damage|p2a: Raboot|80\/100\n|-unboost|p2a: Raboot|atk|1\n|\n|-heal|p1a: Gliscor|83\/100 tox|[from] ability: Poison Heal\n|upkeep\n|turn|12\n|inactive|QsemfoBSX! has 120 seconds left.\n|\n|t:|1698736904\n|switch|p1a: Fidough|Fidough, F|100\/100\n|-damage|p1a: Fidough|88\/100|[from] Stealth Rock\n|move|p2b: Bronzor|Helping Hand|p2a: Raboot\n|-singleturn|p2a: Raboot|Helping Hand|[of] p2b: Bronzor\n|move|p2a: Raboot|Flare Blitz|p1a: Fidough\n|-damage|p1a: Fidough|26\/100\n|-status|p1a: Fidough|brn\n|-damage|p2a: Raboot|59\/100|[from] Recoil\n|-damage|p2a: Raboot|49\/100|[from] item: Life Orb\n|move|p1b: Kricketot|Lunge|p2a: Raboot\n|-resisted|p2a: Raboot\n|-damage|p2a: Raboot|45\/100\n|-unboost|p2a: Raboot|atk|1\n|\n|-damage|p1a: Fidough|20\/100 brn|[from] brn\n|upkeep\n|turn|13\n|j| LuluMexico\n|\n|t:|1698736920\n|switch|p2a: Amoonguss|Amoonguss, M|79\/100\n|-damage|p2a: Amoonguss|63\/100|[from] Spikes\n|move|p1a: Fidough|Yawn|p2b: Bronzor\n|-start|p2b: Bronzor|move: Yawn|[of] p1a: Fidough\n|move|p2b: Bronzor|Light Screen|p2b: Bronzor\n|-sidestart|p2: pooplpoopl|move: Light Screen\n|move|p1b: Kricketot|Lunge|p2a: Amoonguss\n|-damage|p2a: Amoonguss|58\/100\n|-unboost|p2a: Amoonguss|atk|1\n|-damage|p1b: Kricketot|53\/100|[from] item: Rocky Helmet|[of] p2a: Amoonguss\n|\n|-damage|p1a: Fidough|14\/100 brn|[from] brn\n|upkeep\n|turn|14\n|\n|t:|1698736948\n|switch|p2b: Raboot|Raboot, M|45\/100\n|-damage|p2b: Raboot|28\/100|[from] Spikes\n|switch|p1b: Gliscor|Gliscor, M|83\/100 tox\n|-damage|p1b: Gliscor|70\/100 tox|[from] Stealth Rock\n|move|p1a: Fidough|Yawn|p2a: Amoonguss\n|-start|p2a: Amoonguss|move: Yawn|[of] p1a: Fidough\n|move|p2a: Amoonguss|Spore||[still]\n|-fail|p2a: Amoonguss\n|\n|-heal|p1b: Gliscor|83\/100 tox|[from] ability: Poison Heal\n|-damage|p1a: Fidough|8\/100 brn|[from] brn\n|upkeep\n|turn|15\n|\n|t:|1698736966\n|switch|p2a: Bronzor|Bronzor|89\/100\n|move|p1b: Gliscor|Protect|p1b: Gliscor\n|-singleturn|p1b: Gliscor|Protect\n|move|p2b: Raboot|High Jump Kick|p1b: Gliscor\n|-start|p2b: Raboot|typechange|Fighting|[from] ability: Libero\n|-activate|p1b: Gliscor|move: Protect\n|-damage|p2b: Raboot|0 fnt|[from] highjumpkick\n|faint|p2b: Raboot\n|move|p1a: Fidough|Mud Shot|p2a: Bronzor\n|-immune|p2a: Bronzor|[from] ability: Levitate\n|\n|-heal|p1b: Gliscor|95\/100 tox|[from] ability: Poison Heal\n|-damage|p1a: Fidough|2\/100 brn|[from] brn\n|upkeep\n|\n|t:|1698736972\n|switch|p2b: Talonflame|Talonflame, F|100\/100\n|turn|16\n|\n|t:|1698736984\n|switch|p1b: Kricketot|Kricketot, M|53\/100\n|-damage|p1b: Kricketot|28\/100|[from] Stealth Rock\n|move|p2a: Bronzor|Helping Hand|p2b: Talonflame\n|-singleturn|p2b: Talonflame|Helping Hand|[of] p2a: Bronzor\n|move|p2b: Talonflame|Brave Bird|p1b: Kricketot\n|-supereffective|p1b: Kricketot\n|-damage|p1b: Kricketot|0 fnt\n|faint|p1b: Kricketot\n|-damage|p2b: Talonflame|92\/100|[from] Recoil\n|move|p1a: Fidough|Yawn|p2a: Bronzor\n|-start|p2a: Bronzor|move: Yawn|[of] p1a: Fidough\n|\n|-damage|p1a: Fidough|0 fnt|[from] brn\n|faint|p1a: Fidough\n|upkeep\n|\n|t:|1698736998\n|switch|p1a: Impidimp|Impidimp, M|100\/100\n|switch|p1b: Gliscor|Gliscor, M|95\/100 tox\n|-damage|p1b: Gliscor|83\/100 tox|[from] Stealth Rock\n|-damage|p1a: Impidimp|88\/100|[from] Stealth Rock\n|turn|17\n|\n|t:|1698737006\n|move|p2a: Bronzor|Helping Hand|p2b: Talonflame\n|-singleturn|p2b: Talonflame|Helping Hand|[of] p2a: Bronzor\n|move|p1a: Impidimp|Reflect|p1a: Impidimp\n|-sidestart|p1: QsemfoBSX!|Reflect\n|move|p2b: Talonflame|Brave Bird|p1a: Impidimp\n|-damage|p1a: Impidimp|0 fnt\n|faint|p1a: Impidimp\n|-damage|p2b: Talonflame|63\/100|[from] Recoil\n|move|p1b: Gliscor|Acrobatics|p2b: Talonflame\n|-damage|p2b: Talonflame|18\/100\n|\n|-heal|p1b: Gliscor|95\/100 tox|[from] ability: Poison Heal\n|-end|p2a: Bronzor|move: Yawn|[silent]\n|-status|p2a: Bronzor|slp\n|-sideend|p2: pooplpoopl|Reflect\n|upkeep\n|\n|t:|1698737014\n|switch|p1a: Pawmot|Pawmot, F|100\/100\n|-damage|p1a: Pawmot|94\/100|[from] Stealth Rock\n|turn|18\n|\n|t:|1698737031\n|switch|p2b: Amoonguss|Amoonguss, M|91\/100\n|-damage|p2b: Amoonguss|75\/100|[from] Spikes\n|move|p1b: Gliscor|Protect|p1b: Gliscor\n|-singleturn|p1b: Gliscor|Protect\n|move|p1a: Pawmot|Thunder Punch|p2b: Amoonguss\n|-resisted|p2b: Amoonguss\n|-damage|p2b: Amoonguss|51\/100\n|cant|p2a: Bronzor|slp\n|\n|-heal|p1b: Gliscor|100\/100 tox|[from] ability: Poison Heal\n|upkeep\n|turn|19\n|\n|t:|1698737050\n|-curestatus|p2a: Bronzor|slp|[msg]\n|move|p2a: Bronzor|Helping Hand|p2b: Amoonguss\n|-singleturn|p2b: Amoonguss|Helping Hand|[of] p2a: Bronzor\n|move|p1a: Pawmot|Revival Blessing|p1a: Pawmot\n|\n|t:|1698737053\n|-heal|p1: Impidimp|50\/100|[from] move: Revival Blessing\n|move|p1b: Gliscor|Acrobatics|p2b: Amoonguss\n|-supereffective|p2b: Amoonguss\n|-damage|p2b: Amoonguss|0 fnt\n|-damage|p1b: Gliscor|84\/100 tox|[from] item: Rocky Helmet|[of] p2b: Amoonguss\n|faint|p2b: Amoonguss\n|\n|-heal|p1b: Gliscor|96\/100 tox|[from] ability: Poison Heal\n|upkeep\n|\n|t:|1698737058\n|switch|p2b: Talonflame|Talonflame, F|18\/100\n|turn|20\n|c|\u2606QsemfoBSX!|Gg\n|\n|t:|1698737070\n|-terastallize|p2b: Talonflame|Fire\n|move|p2a: Bronzor|Helping Hand|p2b: Talonflame\n|-singleturn|p2b: Talonflame|Helping Hand|[of] p2a: Bronzor\n|move|p1b: Gliscor|Protect|p1b: Gliscor\n|-singleturn|p1b: Gliscor|Protect\n|move|p2b: Talonflame|Flare Blitz|p1a: Pawmot\n|-damage|p1a: Pawmot|0 fnt\n|faint|p1a: Pawmot\n|-damage|p2b: Talonflame|0 fnt|[from] Recoil\n|faint|p2b: Talonflame\n|\n|-heal|p1b: Gliscor|100\/100 tox|[from] ability: Poison Heal\n|-sideend|p2: pooplpoopl|move: Light Screen\n|upkeep\n|\n|t:|1698737075\n|switch|p1a: Impidimp|Impidimp, M|50\/100\n|-damage|p1a: Impidimp|38\/100|[from] Stealth Rock\n|turn|21\n|-message|pooplpoopl forfeited.\n|\n|win|QsemfoBSX!\n|n|\u2606QsemfoBSX!|qsemfobsx\n|n|\u2606pooplpoopl|pooplpoopl\n|n|*Lady Monita \u263d|ladymonita\n|n| hpl12345|hpl12345\n|n| LuluMexico|lulumexico\n","uploadtime":1698737081,"views":32,"p1id":"qsemfobsx","p2id":"pooplpoopl","formatid":"gen9doublesou","rating":0,"private":0,"password":""}