{"id":"gen9doublesou-1971781784","p1":"PokeArt2004\u2764","p2":"Sificon~","format":"[Gen 9] Doubles OU","log":"|j|\u2606PokeArt2004\u2764\n|j|\u2606Sificon~@!\n|inactive|Battle timer is ON: inactive players will automatically lose when time's up.\n|t:|1697771581\n|gametype|doubles\n|player|p1|PokeArt2004\u2764|teamrocket|\n|player|p2|Sificon~|#sificon|\n|teamsize|p1|6\n|teamsize|p2|6\n|gen|9\n|tier|[Gen 9] Doubles OU\n|rated|Tournament battle\n|rule|Species Clause: Limit one of each Pok\u00e9mon\n|rule|OHKO Clause: OHKO moves are banned\n|rule|Evasion Moves Clause: Evasion moves are banned\n|rule|Gravity Sleep Clause: The combination of sleep-inducing moves with imperfect accuracy and Gravity or Gigantamax Orbeetle are banned\n|rule|Endless Battle Clause: Forcing endless battles is banned\n|rule|HP Percentage Mod: HP is shown in percentages\n|clearpoke\n|poke|p1|Tornadus, M|\n|poke|p1|Iron Hands|\n|poke|p1|Rillaboom, M|\n|poke|p1|Flutter Mane|\n|poke|p1|Ogerpon-Hearthflame, F|\n|poke|p1|Heatran, F|\n|poke|p2|Rillaboom, M|\n|poke|p2|Ogerpon-Hearthflame, F|\n|poke|p2|Chien-Pao|\n|poke|p2|Dragonite, M|\n|poke|p2|Flutter Mane|\n|poke|p2|Basculegion, M|\n|teampreview\n|j|*Lady Monita \u263d\n|j| BB-8-NU\n|inactive|Sificon~ also wants the timer to be on.\n|j| Troutinspace\n|j| Sub.L_Lime\n|j| reggggy\n|j| RoyalReloaded\n|j| sup5rb\n|c|\u2606Sificon~|hf\n|inactive|PokeArt2004\u2764 has 120 seconds left.\n|l| sup5rb\n|c|\u2606PokeArt2004\u2764|you too\n|c| RoyalReloaded|sificon these nuts lol.\n|c|\u2606Sificon~|omg HAHAHAHAHAHAHAHAA\n|c|\u2606Sificon~|so FUNNY XDDDDDDDDDDDDDD\n|inactive|PokeArt2004\u2764 has 90 seconds left.\n|j| sup5rb\n|\n|t:|1697771644\n|start\n|switch|p1a: Flutter Mane|Flutter Mane|100\/100\n|switch|p1b: Rillaboom|Rillaboom, M|100\/100\n|switch|p2a: Rillaboom|Rillaboom, M|100\/100\n|switch|p2b: Ogerpon|Ogerpon-Hearthflame, F|100\/100\n|-ability|p2b: Ogerpon|Mold Breaker\n|-fieldstart|move: Grassy Terrain|[from] ability: Grassy Surge|[of] p1b: Rillaboom\n|turn|1\n|\n|t:|1697771670\n|move|p1b: Rillaboom|Fake Out|p2a: Rillaboom\n|-crit|p2a: Rillaboom\n|-damage|p2a: Rillaboom|80\/100\n|move|p2b: Ogerpon|Grassy Glide|p1a: Flutter Mane\n|-damage|p1a: Flutter Mane|17\/100\n|cant|p2a: Rillaboom|flinch\n|move|p1a: Flutter Mane|Power Gem|p2b: Ogerpon\n|-supereffective|p2b: Ogerpon\n|-damage|p2b: Ogerpon|12\/100\n|\n|-heal|p1a: Flutter Mane|23\/100|[from] Grassy Terrain\n|-heal|p2b: Ogerpon|18\/100|[from] Grassy Terrain\n|-heal|p2a: Rillaboom|86\/100|[from] Grassy Terrain\n|upkeep\n|turn|2\n|j| Goomy Guy12345\n|inactive|PokeArt2004\u2764 has 120 seconds left.\n|\n|t:|1697771701\n|-end|p1a: Flutter Mane|Protosynthesis|[silent]\n|switch|p1a: Tornadus|Tornadus, M|100\/100\n|move|p2a: Rillaboom|Grassy Glide|p1a: Tornadus\n|-resisted|p1a: Tornadus\n|-damage|p1a: Tornadus|83\/100\n|move|p2b: Ogerpon|Ivy Cudgel|p1b: Rillaboom\n|-supereffective|p1b: Rillaboom\n|-damage|p1b: Rillaboom|0 fnt\n|faint|p1b: Rillaboom\n|\n|-heal|p2b: Ogerpon|24\/100|[from] Grassy Terrain\n|-heal|p2a: Rillaboom|92\/100|[from] Grassy Terrain\n|upkeep\n|inactive|PokeArt2004\u2764 has 120 seconds left.\n|\n|t:|1697771715\n|switch|p1b: Heatran|Heatran, F|100\/100\n|turn|3\n|l| sup5rb\n|inactive|Sificon~ has 120 seconds left.\n|\n|t:|1697771747\n|move|p1a: Tornadus|Tailwind|p1a: Tornadus\n|-sidestart|p1: PokeArt2004\u2764|move: Tailwind\n|move|p1b: Heatran|Heat Wave|p2a: Rillaboom|[spread] p2b\n|-miss|p1b: Heatran|p2a: Rillaboom\n|-damage|p2b: Ogerpon|0 fnt\n|faint|p2b: Ogerpon\n|move|p2a: Rillaboom|U-turn|p1a: Tornadus\n|-resisted|p1a: Tornadus\n|-damage|p1a: Tornadus|70\/100\n|inactive|Sificon~ has 120 seconds left.\n|\n|t:|1697771755\n|switch|p2a: Chien-Pao|Chien-Pao|100\/100|[from] U-turn\n|-ability|p2a: Chien-Pao|Sword of Ruin\n|\n|upkeep\n|\n|t:|1697771757\n|switch|p2b: Dragonite|Dragonite, M|100\/100\n|turn|4\n|inactive|PokeArt2004\u2764 has 120 seconds left.\n|\n|t:|1697771788\n|switch|p1a: Iron Hands|Iron Hands|100\/100\n|-terastallize|p1b: Heatran|Fairy\n|move|p2b: Dragonite|Extreme Speed|p1a: Iron Hands\n|-damage|p1a: Iron Hands|59\/100\n|move|p1b: Heatran|Tera Blast|p2b: Dragonite|[anim] Tera Blast Fairy\n|-supereffective|p2b: Dragonite\n|-damage|p2b: Dragonite|19\/100\n|move|p2a: Chien-Pao|Sacred Sword|p1b: Heatran\n|-resisted|p1b: Heatran\n|-damage|p1b: Heatran|84\/100\n|\n|-heal|p1b: Heatran|90\/100|[from] Grassy Terrain\n|-heal|p1a: Iron Hands|65\/100|[from] Grassy Terrain\n|upkeep\n|turn|5\n|j| corvere\u2665\n|inactive|PokeArt2004\u2764 has 120 seconds left.\n|\n|t:|1697771833\n|move|p2a: Chien-Pao|Protect|p2a: Chien-Pao\n|-singleturn|p2a: Chien-Pao|Protect\n|move|p1a: Iron Hands|Protect|p1a: Iron Hands\n|-singleturn|p1a: Iron Hands|Protect\n|move|p2b: Dragonite|Extreme Speed|p1b: Heatran\n|-damage|p1b: Heatran|38\/100\n|move|p1b: Heatran|Heat Wave|p2b: Dragonite|[spread] \n|-activate|p2a: Chien-Pao|move: Protect\n|-miss|p1b: Heatran|p2b: Dragonite\n|\n|-heal|p1b: Heatran|45\/100|[from] Grassy Terrain\n|-heal|p1a: Iron Hands|71\/100|[from] Grassy Terrain\n|-fieldend|move: Grassy Terrain\n|upkeep\n|turn|6\n|inactive|PokeArt2004\u2764 has 120 seconds left.\n|inactive|PokeArt2004\u2764 has 90 seconds left.\n|\n|t:|1697771876\n|switch|p1b: Flutter Mane|Flutter Mane|23\/100\n|switch|p2a: Rillaboom|Rillaboom, M|92\/100\n|-fieldstart|move: Grassy Terrain|[from] ability: Grassy Surge|[of] p2a: Rillaboom\n|move|p2b: Dragonite|Extreme Speed|p1a: Iron Hands\n|-damage|p1a: Iron Hands|36\/100\n|-enditem|p1a: Iron Hands|Sitrus Berry|[eat]\n|-heal|p1a: Iron Hands|61\/100|[from] item: Sitrus Berry\n|move|p1a: Iron Hands|Drain Punch|p2b: Dragonite\n|-resisted|p2b: Dragonite\n|-crit|p2b: Dragonite\n|-damage|p2b: Dragonite|0 fnt\n|-heal|p1a: Iron Hands|69\/100|[from] drain|[of] p2b: Dragonite\n|faint|p2b: Dragonite\n|\n|-heal|p1b: Flutter Mane|29\/100|[from] Grassy Terrain\n|-heal|p1a: Iron Hands|75\/100|[from] Grassy Terrain\n|-heal|p2a: Rillaboom|98\/100|[from] Grassy Terrain\n|-sideend|p1: PokeArt2004\u2764|move: Tailwind\n|upkeep\n|j| GeniusFromHoenn\n|j| ItzArchie\n|l| ItzArchie\n|inactive|Sificon~ has 120 seconds left.\n|\n|t:|1697771906\n|switch|p2b: Basculegion|Basculegion, M|100\/100\n|turn|7\n|inactive|PokeArt2004\u2764 has 90 seconds left.\n|\n|t:|1697771946\n|-end|p1b: Flutter Mane|Protosynthesis|[silent]\n|switch|p1b: Ogerpon|Ogerpon-Hearthflame, F|100\/100\n|-ability|p1b: Ogerpon|Mold Breaker\n|move|p1a: Iron Hands|Protect|p1a: Iron Hands\n|-singleturn|p1a: Iron Hands|Protect\n|move|p2a: Rillaboom|Grassy Glide|p1b: Ogerpon\n|-resisted|p1b: Ogerpon\n|-damage|p1b: Ogerpon|89\/100\n|move|p2b: Basculegion|Wave Crash|p1a: Iron Hands\n|-activate|p1a: Iron Hands|move: Protect\n|\n|-heal|p1b: Ogerpon|95\/100|[from] Grassy Terrain\n|-heal|p2a: Rillaboom|100\/100|[from] Grassy Terrain\n|-heal|p1a: Iron Hands|81\/100|[from] Grassy Terrain\n|upkeep\n|turn|8\n|inactive|PokeArt2004\u2764 has 90 seconds left.\n|\n|t:|1697771970\n|switch|p2b: Chien-Pao|Chien-Pao|100\/100\n|-ability|p2b: Chien-Pao|Sword of Ruin\n|move|p1b: Ogerpon|Horn Leech|p2b: Chien-Pao\n|-damage|p2b: Chien-Pao|26\/100\n|-heal|p1b: Ogerpon|100\/100|[from] drain|[of] p2b: Chien-Pao\n|move|p2a: Rillaboom|Wood Hammer|p1a: Iron Hands\n|-crit|p1a: Iron Hands\n|-damage|p1a: Iron Hands|0 fnt\n|faint|p1a: Iron Hands\n|-end|p1a: Iron Hands|Quark Drive|[silent]\n|-damage|p2a: Rillaboom|68\/100|[from] Recoil\n|\n|-heal|p2b: Chien-Pao|32\/100|[from] Grassy Terrain\n|-heal|p2a: Rillaboom|75\/100|[from] Grassy Terrain\n|upkeep\n|c|\u2606PokeArt2004\u2764|damn\n|\n|t:|1697771997\n|switch|p1a: Tornadus|Tornadus, M|70\/100\n|turn|9\n|j| theironpikachu\n|\n|t:|1697772016\n|move|p2b: Chien-Pao|Sucker Punch|p1b: Ogerpon\n|-damage|p1b: Ogerpon|42\/100\n|move|p1a: Tornadus|Tailwind|p1a: Tornadus\n|-sidestart|p1: PokeArt2004\u2764|move: Tailwind\n|move|p1b: Ogerpon|Horn Leech|p2b: Chien-Pao\n|-damage|p2b: Chien-Pao|0 fnt\n|-heal|p1b: Ogerpon|57\/100|[from] drain|[of] p2b: Chien-Pao\n|faint|p2b: Chien-Pao\n|move|p2a: Rillaboom|U-turn|p1b: Ogerpon\n|-damage|p1b: Ogerpon|25\/100\n|\n|t:|1697772024\n|switch|p2a: Flutter Mane|Flutter Mane|100\/100|[from] U-turn\n|\n|-heal|p1b: Ogerpon|31\/100|[from] Grassy Terrain\n|upkeep\n|\n|t:|1697772028\n|switch|p2b: Rillaboom|Rillaboom, M|75\/100\n|turn|10\n|j| eragon11145\n|\n|t:|1697772047\n|-terastallize|p2a: Flutter Mane|Fairy\n|move|p1b: Ogerpon|Spiky Shield|p1b: Ogerpon\n|-singleturn|p1b: Ogerpon|move: Protect\n|move|p2b: Rillaboom|Fake Out|p1b: Ogerpon\n|-activate|p1b: Ogerpon|move: Protect\n|-damage|p2b: Rillaboom|62\/100|[from] Spiky Shield|[of] p1b: Ogerpon\n|move|p1a: Tornadus|Bleakwind Storm|p2b: Rillaboom|[spread] p2a,p2b\n|-supereffective|p2b: Rillaboom\n|-damage|p2a: Flutter Mane|65\/100\n|-damage|p2b: Rillaboom|18\/100\n|-unboost|p2a: Flutter Mane|spe|1\n|move|p2a: Flutter Mane|Dazzling Gleam|p1b: Ogerpon|[spread] p1a\n|-activate|p1b: Ogerpon|move: Protect\n|-damage|p1a: Tornadus|0 fnt\n|faint|p1a: Tornadus\n|\n|-heal|p1b: Ogerpon|37\/100|[from] Grassy Terrain\n|-heal|p2a: Flutter Mane|71\/100|[from] Grassy Terrain\n|-heal|p2b: Rillaboom|24\/100|[from] Grassy Terrain\n|-fieldend|move: Grassy Terrain\n|upkeep\n|inactive|PokeArt2004\u2764 has 90 seconds left.\n|\n|t:|1697772065\n|switch|p1a: Heatran|Heatran, F, tera:Fairy|45\/100\n|turn|11\n|inactive|PokeArt2004\u2764 has 90 seconds left.\n|l| Sub.L_Lime\n|\n|t:|1697772102\n|-end|p2a: Flutter Mane|Protosynthesis|[silent]\n|switch|p2a: Basculegion|Basculegion, M|100\/100\n|move|p1b: Ogerpon|Ivy Cudgel|p2a: Basculegion\n|-resisted|p2a: Basculegion\n|-damage|p2a: Basculegion|67\/100\n|move|p1a: Heatran|Tera Blast|p2b: Rillaboom|[anim] Tera Blast Fairy\n|-damage|p2b: Rillaboom|0 fnt\n|faint|p2b: Rillaboom\n|\n|upkeep\n|j| SmilingTamamonomae\n|\n|t:|1697772109\n|switch|p2b: Flutter Mane|Flutter Mane, tera:Fairy|71\/100\n|turn|12\n|inactive|PokeArt2004\u2764 has 90 seconds left.\n|j| monkey221\n|inactive|Sificon~ has 120 seconds left.\n|\n|t:|1697772166\n|move|p1b: Ogerpon|Horn Leech|p2a: Basculegion\n|-supereffective|p2a: Basculegion\n|-damage|p2a: Basculegion|0 fnt\n|-heal|p1b: Ogerpon|78\/100|[from] drain|[of] p2a: Basculegion\n|faint|p2a: Basculegion\n|move|p1a: Heatran|Flash Cannon|p2b: Flutter Mane\n|-supereffective|p2b: Flutter Mane\n|-damage|p2b: Flutter Mane|0 fnt\n|faint|p2b: Flutter Mane\n|-end|p2b: Flutter Mane|Protosynthesis|[silent]\n|\n|win|PokeArt2004\u2764\n|n|\u2606PokeArt2004\u2764|pokeart2004\n|n|\u2606Sificon~@!|sificon\n|n|*Lady Monita \u263d|ladymonita\n|n| BB-8-NU|bb8nu\n|n| Troutinspace|troutinspace\n|n| reggggy|reggggy\n|n| RoyalReloaded|royalreloaded\n|n| Goomy Guy12345|goomyguy12345\n|n| corvere\u2665|corvere\n|n| GeniusFromHoenn|geniusfromhoenn\n|n| theironpikachu|theironpikachu\n|n| eragon11145|eragon11145\n|n| SmilingTamamonomae|smilingtamamonomae\n|n| monkey221|monkey221\n|l|*Lady Monita \u263d\n|l| BB-8-NU\n|c|\u2606Sificon~|gg\n|c|\u2606PokeArt2004\u2764|gg\n|l|\u2606Sificon~\n|l| SmilingTamamonomae\n|l| GeniusFromHoenn\n|l| RoyalReloaded\n","uploadtime":1697772193,"views":16,"p1id":"pokeart2004","p2id":"sificon","formatid":"gen9doublesou","rating":0,"private":0,"password":""}