{"id":"gen9doublesou-1980605128","p1":"puttinyourpatience","p2":"sheepbunny1008","format":"[Gen 9] Doubles OU","log":"|j|\u2606puttinyourpatience\n|j|\u2606sheepbunny1008\n|t:|1698802409\n|gametype|doubles\n|player|p1|puttinyourpatience|red|1281\n|player|p2|sheepbunny1008|cynthia-masters2|1360\n|teamsize|p1|6\n|teamsize|p2|6\n|gen|9\n|tier|[Gen 9] Doubles OU\n|rated|\n|rule|Species Clause: Limit one of each Pok\u00e9mon\n|rule|OHKO Clause: OHKO moves are banned\n|rule|Evasion Moves Clause: Evasion moves are banned\n|rule|Gravity Sleep Clause: The combination of sleep-inducing moves with imperfect accuracy and Gravity or Gigantamax Orbeetle are banned\n|rule|Endless Battle Clause: Forcing endless battles is banned\n|rule|HP Percentage Mod: HP is shown in percentages\n|clearpoke\n|poke|p1|Kommo-o, M|\n|poke|p1|Clefairy, M|\n|poke|p1|Snorlax, M|\n|poke|p1|Landorus-Therian, M|\n|poke|p1|Sinistcha-Masterpiece|\n|poke|p1|Iron Hands|\n|poke|p2|Grimmsnarl, M|\n|poke|p2|Glimmora, F|\n|poke|p2|Enamorus, F|\n|poke|p2|Murkrow, M|\n|poke|p2|Sinistcha|\n|poke|p2|Iron Hands|\n|teampreview\n|inactive|Battle timer is ON: inactive players will automatically lose when time's up. (requested by sheepbunny1008)\n|\n|t:|1698802415\n|start\n|switch|p1a: Kommo-o|Kommo-o, M|100\/100\n|switch|p1b: Iron Hands|Iron Hands|100\/100\n|switch|p2a: Glimmora|Glimmora, F|100\/100\n|switch|p2b: Enamorus|Enamorus, F|100\/100\n|turn|1\n|\n|t:|1698802427\n|-terastallize|p1a: Kommo-o|Steel\n|move|p2b: Enamorus|Protect|p2b: Enamorus\n|-singleturn|p2b: Enamorus|Protect\n|move|p1b: Iron Hands|Fake Out|p2b: Enamorus\n|-activate|p2b: Enamorus|move: Protect\n|move|p2a: Glimmora|Stealth Rock|p1b: Iron Hands\n|-sidestart|p1: puttinyourpatience|move: Stealth Rock\n|move|p1a: Kommo-o|Clangorous Soul|p1a: Kommo-o\n|-boost|p1a: Kommo-o|atk|1\n|-boost|p1a: Kommo-o|def|1\n|-boost|p1a: Kommo-o|spa|1\n|-boost|p1a: Kommo-o|spd|1\n|-boost|p1a: Kommo-o|spe|1\n|-damage|p1a: Kommo-o|68\/100\n|-enditem|p1a: Kommo-o|Throat Spray\n|-boost|p1a: Kommo-o|spa|1|[from] item: Throat Spray\n|\n|upkeep\n|turn|2\n|\n|t:|1698802449\n|switch|p2b: Grimmsnarl|Grimmsnarl, M|100\/100\n|move|p1a: Kommo-o|Flash Cannon|p2b: Grimmsnarl\n|-supereffective|p2b: Grimmsnarl\n|-damage|p2b: Grimmsnarl|0 fnt\n|faint|p2b: Grimmsnarl\n|move|p2a: Glimmora|Mud Shot|p1a: Kommo-o\n|-supereffective|p1a: Kommo-o\n|-damage|p1a: Kommo-o|43\/100\n|-unboost|p1a: Kommo-o|spe|1\n|move|p1b: Iron Hands|Heavy Slam|p2a: Glimmora\n|-supereffective|p2a: Glimmora\n|-enditem|p2a: Glimmora|Focus Sash\n|-damage|p2a: Glimmora|1\/100\n|-activate|p2a: Glimmora|ability: Toxic Debris\n|-sidestart|p1: puttinyourpatience|move: Toxic Spikes\n|\n|upkeep\n|inactive|sheepbunny1008 has 120 seconds left.\n|\n|t:|1698802475\n|switch|p2b: Enamorus|Enamorus, F|100\/100\n|turn|3\n|\n|t:|1698802480\n|move|p2b: Enamorus|Protect|p2b: Enamorus\n|-singleturn|p2b: Enamorus|Protect\n|move|p1a: Kommo-o|Protect|p1a: Kommo-o\n|-singleturn|p1a: Kommo-o|Protect\n|move|p2a: Glimmora|Mud Shot|p1a: Kommo-o\n|-activate|p1a: Kommo-o|move: Protect\n|move|p1b: Iron Hands|Heavy Slam|p2b: Enamorus\n|-activate|p2b: Enamorus|move: Protect\n|\n|upkeep\n|turn|4\n|\n|t:|1698802502\n|-terastallize|p2b: Enamorus|Ground\n|move|p2a: Glimmora|Mud Shot|p1a: Kommo-o|[miss]\n|-miss|p2a: Glimmora|p1a: Kommo-o\n|move|p2b: Enamorus|Earth Power|p1a: Kommo-o\n|-supereffective|p1a: Kommo-o\n|-damage|p1a: Kommo-o|0 fnt\n|faint|p1a: Kommo-o\n|move|p1b: Iron Hands|Heavy Slam|p2b: Enamorus\n|-damage|p2b: Enamorus|57\/100\n|\n|-heal|p2b: Enamorus|63\/100|[from] item: Leftovers\n|upkeep\n|\n|t:|1698802515\n|switch|p1a: Snorlax|Snorlax, M|100\/100\n|-damage|p1a: Snorlax|88\/100|[from] Stealth Rock\n|-status|p1a: Snorlax|psn\n|turn|5\n|\n|t:|1698802528\n|-end|p1b: Iron Hands|Quark Drive|[silent]\n|switch|p1b: Sinistcha|Sinistcha-Masterpiece, shiny|100\/100\n|-damage|p1b: Sinistcha|88\/100|[from] Stealth Rock\n|-status|p1b: Sinistcha|psn\n|-heal|p1a: Snorlax|100\/100 psn|[from] ability: Hospitality|[of] p1b: Sinistcha\n|move|p2a: Glimmora|Memento|p2b: Enamorus\n|-boost|p2b: Enamorus|atk|2\n|-boost|p2b: Enamorus|spa|2\n|faint|p2a: Glimmora\n|move|p2b: Enamorus|Superpower|p1a: Snorlax\n|-supereffective|p1a: Snorlax\n|-damage|p1a: Snorlax|0 fnt\n|-boost|p2b: Enamorus|atk|1\n|-boost|p2b: Enamorus|def|1\n|faint|p1a: Snorlax\n|\n|-heal|p2b: Enamorus|69\/100|[from] item: Leftovers\n|-damage|p1b: Sinistcha|76\/100 psn|[from] psn\n|upkeep\n|\n|t:|1698802543\n|switch|p2a: Sinistcha|Sinistcha|100\/100\n|switch|p1a: Iron Hands|Iron Hands|100\/100\n|-heal|p2b: Enamorus|94\/100|[from] ability: Hospitality|[of] p2a: Sinistcha\n|-damage|p1a: Iron Hands|94\/100|[from] Stealth Rock\n|-status|p1a: Iron Hands|psn\n|turn|6\n|\n|t:|1698802549\n|move|p2b: Enamorus|Protect|p2b: Enamorus\n|-singleturn|p2b: Enamorus|Protect\n|move|p1a: Iron Hands|Fake Out|p2b: Enamorus\n|-activate|p2b: Enamorus|move: Protect\n|move|p2a: Sinistcha|Matcha Gotcha|p1b: Sinistcha|[spread] p1a,p1b\n|-resisted|p1b: Sinistcha\n|-damage|p1a: Iron Hands|82\/100 psn\n|-damage|p1b: Sinistcha|65\/100 psn\n|move|p1b: Sinistcha|Trick Room|p1b: Sinistcha\n|-fieldstart|move: Trick Room|[of] p1b: Sinistcha\n|\n|-heal|p2b: Enamorus|99\/100|[from] item: Leftovers\n|-damage|p1b: Sinistcha|53\/100 psn|[from] psn\n|-damage|p1a: Iron Hands|70\/100 psn|[from] psn\n|upkeep\n|turn|7\n|\n|t:|1698802561\n|move|p1b: Sinistcha|Matcha Gotcha|p2a: Sinistcha|[spread] p2b\n|-miss|p1b: Sinistcha|p2a: Sinistcha\n|-supereffective|p2b: Enamorus\n|-damage|p2b: Enamorus|39\/100\n|-heal|p1b: Sinistcha|83\/100 psn|[from] drain|[of] p2b: Enamorus\n|-status|p2b: Enamorus|brn\n|move|p1a: Iron Hands|Drain Punch|p2b: Enamorus\n|-damage|p2b: Enamorus|14\/100 brn\n|-heal|p1a: Iron Hands|79\/100 psn|[from] drain|[of] p2b: Enamorus\n|move|p2b: Enamorus|Dazzling Gleam|p1a: Iron Hands|[spread] p1a,p1b\n|-supereffective|p1a: Iron Hands\n|-damage|p1a: Iron Hands|22\/100 psn\n|-damage|p1b: Sinistcha|38\/100 psn\n|move|p2a: Sinistcha|Trick Room|p2a: Sinistcha\n|-fieldend|move: Trick Room\n|\n|-heal|p2b: Enamorus|20\/100 brn|[from] item: Leftovers\n|-damage|p1a: Iron Hands|10\/100 psn|[from] psn\n|-damage|p1b: Sinistcha|26\/100 psn|[from] psn\n|-damage|p2b: Enamorus|14\/100 brn|[from] brn\n|upkeep\n|turn|8\n|\n|t:|1698802583\n|-end|p1a: Iron Hands|Quark Drive|[silent]\n|switch|p1a: Landorus|Landorus-Therian, M|100\/100\n|-damage|p1a: Landorus|88\/100|[from] Stealth Rock\n|-ability|p1a: Landorus|Intimidate|boost\n|-unboost|p2a: Sinistcha|atk|1\n|-boost|p2b: Enamorus|atk|1\n|switch|p1b: Clefairy|Clefairy, M, shiny|100\/100\n|-damage|p1b: Clefairy|88\/100|[from] Stealth Rock\n|-status|p1b: Clefairy|psn\n|move|p2a: Sinistcha|Rage Powder|p2a: Sinistcha\n|-singleturn|p2a: Sinistcha|move: Rage Powder\n|move|p2b: Enamorus|Dazzling Gleam|p1a: Landorus|[spread] p1a,p1b\n|-damage|p1a: Landorus|34\/100\n|-damage|p1b: Clefairy|46\/100 psn\n|\n|-heal|p2b: Enamorus|20\/100 brn|[from] item: Leftovers\n|-damage|p1b: Clefairy|34\/100 psn|[from] psn\n|-damage|p2b: Enamorus|14\/100 brn|[from] brn\n|upkeep\n|turn|9\n|\n|t:|1698802606\n|move|p1b: Clefairy|Protect|p1b: Clefairy\n|-singleturn|p1b: Clefairy|Protect\n|move|p2a: Sinistcha|Rage Powder|p2a: Sinistcha\n|-singleturn|p2a: Sinistcha|move: Rage Powder\n|move|p1a: Landorus|Rock Slide|p2a: Sinistcha|[spread] p2a\n|-miss|p1a: Landorus|p2b: Enamorus\n|-damage|p2a: Sinistcha|85\/100\n|move|p2b: Enamorus|Dazzling Gleam|p1b: Clefairy|[spread] p1a\n|-activate|p1b: Clefairy|move: Protect\n|-damage|p1a: Landorus|0 fnt\n|faint|p1a: Landorus\n|\n|-heal|p2b: Enamorus|20\/100 brn|[from] item: Leftovers\n|-heal|p2a: Sinistcha|91\/100|[from] item: Leftovers\n|-damage|p1b: Clefairy|21\/100 psn|[from] psn\n|-damage|p2b: Enamorus|14\/100 brn|[from] brn\n|upkeep\n|\n|t:|1698802616\n|switch|p1a: Iron Hands|Iron Hands|10\/100 psn\n|-damage|p1a: Iron Hands|3\/100 psn|[from] Stealth Rock\n|turn|10\n|\n|t:|1698802625\n|move|p2b: Enamorus|Protect|p2b: Enamorus\n|-singleturn|p2b: Enamorus|Protect\n|move|p1a: Iron Hands|Fake Out|p2a: Sinistcha\n|-immune|p2a: Sinistcha\n|move|p2a: Sinistcha|Matcha Gotcha|p1b: Clefairy|[spread] p1a,p1b\n|-damage|p1a: Iron Hands|0 fnt\n|-heal|p2a: Sinistcha|93\/100|[from] drain|[of] p1a: Iron Hands\n|-damage|p1b: Clefairy|3\/100 psn\n|-heal|p2a: Sinistcha|100\/100|[from] drain|[of] p1b: Clefairy\n|faint|p1a: Iron Hands\n|-end|p1a: Iron Hands|Quark Drive|[silent]\n|move|p1b: Clefairy|Heal Pulse|p1: Iron Hands|[notarget]\n|-fail|p1b: Clefairy\n|\n|-heal|p2b: Enamorus|20\/100 brn|[from] item: Leftovers\n|-damage|p1b: Clefairy|0 fnt|[from] psn\n|faint|p1b: Clefairy\n|-damage|p2b: Enamorus|14\/100 brn|[from] brn\n|upkeep\n|c|\u2606puttinyourpatience|gg\n|-message|puttinyourpatience forfeited.\n|\n|win|sheepbunny1008\n|raw|puttinyourpatience's rating: 1281 &rarr; <strong>1262<\/strong><br \/>(-19 for losing)\n|raw|sheepbunny1008's rating: 1360 &rarr; <strong>1376<\/strong><br \/>(+16 for winning)\n|l|\u2606puttinyourpatience\n","uploadtime":1698802642,"views":26,"p1id":"puttinyourpatience","p2id":"sheepbunny1008","formatid":"gen9doublesou","rating":1262,"private":0,"password":""}