{"id":"gen9doublesou-1972797970","p1":"Fourthmatch","p2":"Deriverse","format":"[Gen 9] Doubles OU","log":"|j|\u2606Fourthmatch\n|j|\u2606Deriverse\n|t:|1697896358\n|gametype|doubles\n|player|p1|Fourthmatch|dawn|1423\n|player|p2|Deriverse|roxanne|1426\n|teamsize|p1|6\n|teamsize|p2|6\n|gen|9\n|tier|[Gen 9] Doubles OU\n|rated|\n|rule|Species Clause: Limit one of each Pok\u00e9mon\n|rule|OHKO Clause: OHKO moves are banned\n|rule|Evasion Moves Clause: Evasion moves are banned\n|rule|Gravity Sleep Clause: The combination of sleep-inducing moves with imperfect accuracy and Gravity or Gigantamax Orbeetle are banned\n|rule|Endless Battle Clause: Forcing endless battles is banned\n|rule|HP Percentage Mod: HP is shown in percentages\n|clearpoke\n|poke|p1|Sylveon, F|\n|poke|p1|Indeedee-F, F|\n|poke|p1|Amoonguss, F|\n|poke|p1|Glastrier|\n|poke|p1|Ursaluna, F|\n|poke|p1|Hatterene, F|\n|poke|p2|Iron Hands|\n|poke|p2|Amoonguss, M|\n|poke|p2|Iron Bundle|\n|poke|p2|Probopass, F|\n|poke|p2|Shaymin-Sky|\n|poke|p2|Gyarados, M|\n|teampreview\n|inactive|Battle timer is ON: inactive players will automatically lose when time's up. (requested by Deriverse)\n|\n|t:|1697896378\n|start\n|switch|p1a: Ms. Deeds|Indeedee-F, F|100\/100\n|switch|p1b: Susus Amogus|Amoonguss, F|100\/100\n|switch|p2a: Probopass|Probopass, F|100\/100\n|switch|p2b: Iron Hands|Iron Hands|100\/100\n|-fieldstart|move: Psychic Terrain|[from] ability: Psychic Surge|[of] p1a: Ms. Deeds\n|-item|p2a: Probopass|Air Balloon\n|turn|1\n|inactive|Deriverse has 120 seconds left.\n|inactive|Deriverse has 90 seconds left.\n|\n|t:|1697896451\n|move|p1b: Susus Amogus|Rage Powder|p1b: Susus Amogus\n|-singleturn|p1b: Susus Amogus|move: Rage Powder\n|move|p2b: Iron Hands|Drain Punch|p1b: Susus Amogus\n|-resisted|p1b: Susus Amogus\n|-damage|p1b: Susus Amogus|78\/100\n|move|p2a: Probopass|Stealth Rock|p1a: Ms. Deeds\n|-sidestart|p1: Fourthmatch|move: Stealth Rock\n|move|p1a: Ms. Deeds|Trick Room|p1a: Ms. Deeds\n|-fieldstart|move: Trick Room|[of] p1a: Ms. Deeds\n|\n|upkeep\n|turn|2\n|inactive|Deriverse has 90 seconds left.\n|\n|t:|1697896469\n|switch|p1b: Glastrier|Glastrier|100\/100\n|-damage|p1b: Glastrier|76\/100|[from] Stealth Rock\n|-end|p2b: Iron Hands|Quark Drive|[silent]\n|switch|p2b: Amoonguss|Amoonguss, M|100\/100\n|move|p1a: Ms. Deeds|Follow Me|p1a: Ms. Deeds\n|-singleturn|p1a: Ms. Deeds|move: Follow Me\n|move|p2a: Probopass|Thunder Wave|p1a: Ms. Deeds\n|-status|p1a: Ms. Deeds|par\n|\n|upkeep\n|turn|3\n|\n|t:|1697896488\n|switch|p2b: Gyarados|Gyarados, M|100\/100\n|-ability|p2b: Gyarados|Intimidate|boost\n|-unboost|p1a: Ms. Deeds|atk|1\n|-unboost|p1b: Glastrier|atk|1\n|-terastallize|p1b: Glastrier|Ground\n|cant|p1a: Ms. Deeds|par\n|move|p1b: Glastrier|Icicle Crash|p2b: Gyarados\n|-damage|p2b: Gyarados|59\/100\n|move|p2a: Probopass|Power Gem|p1b: Glastrier\n|-resisted|p1b: Glastrier\n|-damage|p1b: Glastrier|64\/100\n|\n|upkeep\n|turn|4\n|inactive|Deriverse has 120 seconds left.\n|\n|t:|1697896511\n|move|p1a: Ms. Deeds|Helping Hand|p1b: Glastrier\n|-singleturn|p1b: Glastrier|Helping Hand|[of] p1a: Ms. Deeds\n|move|p2b: Gyarados|Protect|p2b: Gyarados\n|-singleturn|p2b: Gyarados|Protect\n|move|p1b: Glastrier|Close Combat|p2a: Probopass\n|-supereffective|p2a: Probopass\n|-ability|p2a: Probopass|Sturdy\n|-damage|p2a: Probopass|1\/100\n|-unboost|p1b: Glastrier|def|1\n|-unboost|p1b: Glastrier|spd|1\n|-enditem|p2a: Probopass|Air Balloon\n|move|p2a: Probopass|Dazzling Gleam|p1b: Glastrier|[spread] p1a,p1b\n|-damage|p1a: Ms. Deeds|88\/100 par\n|-damage|p1b: Glastrier|44\/100\n|\n|upkeep\n|turn|5\n|inactive|Deriverse has 120 seconds left.\n|\n|t:|1697896537\n|switch|p1a: Bayoneta|Hatterene, F|100\/100\n|-damage|p1a: Bayoneta|88\/100|[from] Stealth Rock\n|move|p1b: Glastrier|Stomping Tantrum|p2a: Probopass\n|-supereffective|p2a: Probopass\n|-damage|p2a: Probopass|0 fnt\n|faint|p2a: Probopass\n|-ability|p1b: Glastrier|Chilling Neigh|boost\n|-boost|p1b: Glastrier|atk|1\n|move|p2b: Gyarados|Waterfall|p1b: Glastrier\n|-supereffective|p1b: Glastrier\n|-damage|p1b: Glastrier|0 fnt\n|faint|p1b: Glastrier\n|\n|-heal|p1a: Bayoneta|94\/100|[from] item: Leftovers\n|-fieldend|move: Trick Room\n|-fieldend|move: Psychic Terrain\n|upkeep\n|inactive|Deriverse has 120 seconds left.\n|\n|t:|1697896555\n|switch|p2a: Shaymin|Shaymin-Sky|100\/100\n|switch|p1b: Susus Amogus|Amoonguss, F|100\/100\n|-damage|p1b: Susus Amogus|88\/100|[from] Stealth Rock\n|turn|6\n|-activate|p2a: Shaymin|item: Quick Claw\n|\n|t:|1697896572\n|-terastallize|p2b: Gyarados|Flying\n|move|p1b: Susus Amogus|Rage Powder|p1b: Susus Amogus\n|-singleturn|p1b: Susus Amogus|move: Rage Powder\n|move|p2a: Shaymin|Air Slash|p1a: Bayoneta\n|-damage|p1a: Bayoneta|55\/100\n|move|p2b: Gyarados|Tera Blast|p1b: Susus Amogus|[anim] Tera Blast Flying\n|-supereffective|p1b: Susus Amogus\n|-damage|p1b: Susus Amogus|0 fnt\n|faint|p1b: Susus Amogus\n|cant|p1a: Bayoneta|flinch\n|\n|-heal|p1a: Bayoneta|61\/100|[from] item: Leftovers\n|upkeep\n|\n|t:|1697896586\n|switch|p1b: Ms. Deeds|Indeedee-F, F|88\/100 par\n|-damage|p1b: Ms. Deeds|76\/100 par|[from] Stealth Rock\n|-fieldstart|move: Psychic Terrain|[from] ability: Psychic Surge|[of] p1b: Ms. Deeds\n|turn|7\n|-activate|p2a: Shaymin|item: Quick Claw\n|\n|t:|1697896607\n|move|p1b: Ms. Deeds|Follow Me|p1b: Ms. Deeds\n|-singleturn|p1b: Ms. Deeds|move: Follow Me\n|move|p2a: Shaymin|Air Slash|p1b: Ms. Deeds\n|-damage|p1b: Ms. Deeds|51\/100 par\n|move|p2b: Gyarados|Tera Blast|p1b: Ms. Deeds|[anim] Tera Blast Flying\n|-damage|p1b: Ms. Deeds|0 fnt\n|faint|p1b: Ms. Deeds\n|move|p1a: Bayoneta|Trick Room|p1a: Bayoneta\n|-fieldstart|move: Trick Room|[of] p1a: Bayoneta\n|\n|-heal|p1a: Bayoneta|67\/100|[from] item: Leftovers\n|upkeep\n|inactive|Fourthmatch has 120 seconds left.\n|\n|t:|1697896645\n|switch|p1b: Nova|Sylveon, F|100\/100\n|-damage|p1b: Nova|88\/100|[from] Stealth Rock\n|turn|8\n|inactive|Fourthmatch has 120 seconds left.\n|-activate|p2a: Shaymin|item: Quick Claw\n|\n|t:|1697896651\n|move|p1a: Bayoneta|Helping Hand|p1b: Nova\n|-singleturn|p1b: Nova|Helping Hand|[of] p1a: Bayoneta\n|move|p2a: Shaymin|Protect|p2a: Shaymin\n|-singleturn|p2a: Shaymin|Protect\n|move|p2b: Gyarados|Protect|p2b: Gyarados\n|-singleturn|p2b: Gyarados|Protect\n|move|p1b: Nova|Hyper Voice|p2a: Shaymin|[spread] \n|-activate|p2a: Shaymin|move: Protect\n|-activate|p2b: Gyarados|move: Protect\n|\n|-heal|p1a: Bayoneta|73\/100|[from] item: Leftovers\n|upkeep\n|turn|9\n|\n|t:|1697896671\n|switch|p2a: Amoonguss|Amoonguss, M|100\/100\n|move|p1a: Bayoneta|Helping Hand|p1b: Nova\n|-singleturn|p1b: Nova|Helping Hand|[of] p1a: Bayoneta\n|move|p2b: Gyarados|Protect||[still]\n|-fail|p2b: Gyarados\n|move|p1b: Nova|Hyper Voice|p2a: Amoonguss|[spread] p2a,p2b\n|-resisted|p2a: Amoonguss\n|-damage|p2a: Amoonguss|67\/100\n|-damage|p2b: Gyarados|0 fnt\n|faint|p2b: Gyarados\n|\n|-heal|p1a: Bayoneta|78\/100|[from] item: Leftovers\n|-heal|p2a: Amoonguss|73\/100|[from] item: Leftovers\n|upkeep\n|\n|t:|1697896689\n|switch|p2b: Iron Bundle|Iron Bundle|100\/100\n|turn|10\n|\n|t:|1697896696\n|move|p2b: Iron Bundle|Protect|p2b: Iron Bundle\n|-singleturn|p2b: Iron Bundle|Protect\n|move|p1a: Bayoneta|Psyshock|p2a: Amoonguss\n|-supereffective|p2a: Amoonguss\n|-damage|p2a: Amoonguss|0 fnt\n|faint|p2a: Amoonguss\n|move|p1b: Nova|Hyper Voice|p2b: Iron Bundle\n|-activate|p2b: Iron Bundle|move: Protect\n|\n|-heal|p1a: Bayoneta|84\/100|[from] item: Leftovers\n|upkeep\n|\n|t:|1697896712\n|switch|p2a: Shaymin|Shaymin-Sky|100\/100\n|turn|11\n|\n|t:|1697896721\n|move|p1a: Bayoneta|Helping Hand|p1b: Nova\n|-singleturn|p1b: Nova|Helping Hand|[of] p1a: Bayoneta\n|move|p2a: Shaymin|Protect|p2a: Shaymin\n|-singleturn|p2a: Shaymin|Protect\n|move|p2b: Iron Bundle|Protect||[still]\n|-fail|p2b: Iron Bundle\n|move|p1b: Nova|Hyper Voice|p2a: Shaymin|[spread] p2b\n|-activate|p2a: Shaymin|move: Protect\n|-damage|p2b: Iron Bundle|0 fnt\n|faint|p2b: Iron Bundle\n|-end|p2b: Iron Bundle|Quark Drive|[silent]\n|\n|-heal|p1a: Bayoneta|90\/100|[from] item: Leftovers\n|-fieldend|move: Trick Room\n|-fieldend|move: Psychic Terrain\n|upkeep\n|\n|t:|1697896731\n|switch|p2b: Iron Hands|Iron Hands|100\/100\n|turn|12\n|\n|t:|1697896746\n|move|p2a: Shaymin|Air Slash|p1a: Bayoneta\n|-damage|p1a: Bayoneta|52\/100\n|move|p2b: Iron Hands|Wild Charge|p1b: Nova\n|-crit|p1b: Nova\n|-damage|p1b: Nova|0 fnt\n|faint|p1b: Nova\n|-damage|p2b: Iron Hands|84\/100|[from] Recoil\n|cant|p1a: Bayoneta|flinch\n|\n|-heal|p2b: Iron Hands|90\/100|[from] item: Leftovers\n|-heal|p1a: Bayoneta|58\/100|[from] item: Leftovers\n|upkeep\n|\n|t:|1697896757\n|switch|p1b: Freddy|Ursaluna, F|100\/100\n|-damage|p1b: Freddy|94\/100|[from] Stealth Rock\n|turn|13\n|\n|t:|1697896769\n|move|p2a: Shaymin|Air Slash|p1a: Bayoneta\n|-damage|p1a: Bayoneta|22\/100\n|move|p2b: Iron Hands|Drain Punch|p1b: Freddy\n|-supereffective|p1b: Freddy\n|-damage|p1b: Freddy|28\/100\n|-heal|p2b: Iron Hands|100\/100|[from] drain|[of] p1b: Freddy\n|move|p1b: Freddy|Headlong Rush|p2b: Iron Hands\n|-supereffective|p2b: Iron Hands\n|-damage|p2b: Iron Hands|9\/100\n|-unboost|p1b: Freddy|def|1\n|-unboost|p1b: Freddy|spd|1\n|cant|p1a: Bayoneta|flinch\n|\n|-heal|p2b: Iron Hands|15\/100|[from] item: Leftovers\n|-heal|p1a: Bayoneta|28\/100|[from] item: Leftovers\n|-status|p1b: Freddy|brn|[from] item: Flame Orb\n|upkeep\n|turn|14\n|-activate|p2a: Shaymin|item: Quick Claw\n|\n|t:|1697896791\n|move|p2a: Shaymin|Air Slash|p1a: Bayoneta\n|-damage|p1a: Bayoneta|0 fnt\n|faint|p1a: Bayoneta\n|move|p2b: Iron Hands|Drain Punch|p1b: Freddy\n|-supereffective|p1b: Freddy\n|-damage|p1b: Freddy|0 fnt\n|-heal|p2b: Iron Hands|28\/100|[from] drain|[of] p1b: Freddy\n|faint|p1b: Freddy\n|\n|win|Deriverse\n|raw|Fourthmatch's rating: 1423 &rarr; <strong>1403<\/strong><br \/>(-20 for losing)\n|raw|Deriverse's rating: 1426 &rarr; <strong>1446<\/strong><br \/>(+20 for winning)\n","uploadtime":1697896806,"views":15,"p1id":"fourthmatch","p2id":"deriverse","formatid":"gen9doublesou","rating":1403,"private":0,"password":""}