{"id":"gen9doublesou-1995943094","p1":"dropthemike","p2":"SSSolarxz","format":"[Gen 9] Doubles OU","log":"|j|\u2606dropthemike\n|j|\u2606SSSolarxz\n|t:|1700620193\n|gametype|doubles\n|player|p1|dropthemike|roxie|1039\n|player|p2|SSSolarxz|265|1141\n|teamsize|p1|6\n|teamsize|p2|6\n|gen|9\n|tier|[Gen 9] Doubles OU\n|rated|\n|rule|Species Clause: Limit one of each Pok\u00e9mon\n|rule|OHKO Clause: OHKO moves are banned\n|rule|Evasion Moves Clause: Evasion moves are banned\n|rule|Gravity Sleep Clause: The combination of sleep-inducing moves with imperfect accuracy and Gravity or Gigantamax Orbeetle are banned\n|rule|Endless Battle Clause: Forcing endless battles is banned\n|rule|HP Percentage Mod: HP is shown in percentages\n|clearpoke\n|poke|p1|Skeledirge, M|\n|poke|p1|Diancie|\n|poke|p1|Noivern, F|\n|poke|p1|Regieleki|\n|poke|p1|Samurott, M|\n|poke|p1|Chesnaught, F|\n|poke|p2|Tauros-Paldea-Aqua, M|\n|poke|p2|Ting-Lu|\n|poke|p2|Chien-Pao|\n|poke|p2|Amoonguss, M|\n|poke|p2|Heatran, M|\n|poke|p2|Regieleki|\n|teampreview\n|\n|t:|1700620212\n|start\n|switch|p1a: Skeledirge|Skeledirge, M|100\/100\n|switch|p1b: Chesnaught|Chesnaught, F|100\/100\n|switch|p2a: Heatran|Heatran, M|100\/100\n|switch|p2b: Amoonguss|Amoonguss, M|100\/100\n|-item|p2a: Heatran|Air Balloon\n|turn|1\n|\n|t:|1700620225\n|switch|p2b: Tauros|Tauros-Paldea-Aqua, M|100\/100\n|-ability|p2b: Tauros|Intimidate|boost\n|-unboost|p1a: Skeledirge|atk|1\n|-unboost|p1b: Chesnaught|atk|1\n|move|p2a: Heatran|Heat Wave|p1b: Chesnaught|[spread] p1a,p1b\n|-resisted|p1a: Skeledirge\n|-supereffective|p1b: Chesnaught\n|-damage|p1a: Skeledirge|84\/100\n|-damage|p1b: Chesnaught|26\/100\n|move|p1a: Skeledirge|Fire Pledge|p2b: Tauros\n|-waiting|p1a: Skeledirge|p1b: Chesnaught\n|move|p1b: Chesnaught|Grass Pledge|p2b: Tauros|[from]move: Fire Pledge\n|-combine\n|-resisted|p2b: Tauros\n|-damage|p2b: Tauros|71\/100\n|-sidestart|p2: SSSolarxz|Fire Pledge\n|\n|-damage|p2b: Tauros|59\/100|[from] Fire Pledge\n|-heal|p1b: Chesnaught|32\/100|[from] item: Leftovers\n|upkeep\n|turn|2\n|\n|t:|1700620248\n|move|p1b: Chesnaught|Spiky Shield|p1b: Chesnaught\n|-singleturn|p1b: Chesnaught|move: Protect\n|move|p2b: Tauros|Raging Bull|p1a: Skeledirge\n|-supereffective|p1a: Skeledirge\n|-damage|p1a: Skeledirge|15\/100\n|move|p2a: Heatran|Heat Wave|p1b: Chesnaught|[spread] p1a\n|-activate|p1b: Chesnaught|move: Protect\n|-resisted|p1a: Skeledirge\n|-damage|p1a: Skeledirge|0 fnt\n|faint|p1a: Skeledirge\n|\n|-damage|p2b: Tauros|46\/100|[from] Fire Pledge\n|-heal|p1b: Chesnaught|38\/100|[from] item: Leftovers\n|upkeep\n|\n|t:|1700620260\n|switch|p1a: Samurott|Samurott, M|100\/100\n|turn|3\n|\n|t:|1700620273\n|switch|p2b: Amoonguss|Amoonguss, M|100\/100\n|move|p2a: Heatran|Protect|p2a: Heatran\n|-singleturn|p2a: Heatran|Protect\n|move|p1a: Samurott|Water Pledge|p2a: Heatran\n|-waiting|p1a: Samurott|p1b: Chesnaught\n|move|p1b: Chesnaught|Grass Pledge|p2a: Heatran|[from]move: Water Pledge\n|-activate|p2a: Heatran|move: Protect\n|\n|-heal|p1b: Chesnaught|44\/100|[from] item: Leftovers\n|-damage|p2b: Amoonguss|88\/100|[from] Fire Pledge\n|upkeep\n|turn|4\n|\n|t:|1700620288\n|move|p2b: Amoonguss|Rage Powder|p2b: Amoonguss\n|-singleturn|p2b: Amoonguss|move: Rage Powder\n|move|p2a: Heatran|Heat Wave|p1b: Chesnaught|[spread] p1a\n|-miss|p2a: Heatran|p1b: Chesnaught\n|-resisted|p1a: Samurott\n|-damage|p1a: Samurott|78\/100\n|move|p1a: Samurott|Water Pledge|p2b: Amoonguss\n|-waiting|p1a: Samurott|p1b: Chesnaught\n|move|p1b: Chesnaught|Grass Pledge|p2b: Amoonguss|[from]move: Water Pledge\n|-combine\n|-resisted|p2b: Amoonguss\n|-damage|p2b: Amoonguss|81\/100\n|-sidestart|p2: SSSolarxz|Grass Pledge\n|\n|-heal|p1b: Chesnaught|50\/100|[from] item: Leftovers\n|-damage|p2b: Amoonguss|69\/100|[from] Fire Pledge\n|-sideend|p2: SSSolarxz|Fire Pledge\n|upkeep\n|turn|5\n|\n|t:|1700620305\n|move|p1b: Chesnaught|Spiky Shield|p1b: Chesnaught\n|-singleturn|p1b: Chesnaught|move: Protect\n|move|p2b: Amoonguss|Rage Powder|p2b: Amoonguss\n|-singleturn|p2b: Amoonguss|move: Rage Powder\n|move|p1a: Samurott|Rain Dance|p1a: Samurott\n|-weather|RainDance\n|move|p2a: Heatran|Heat Wave|p1a: Samurott|[spread] p1a\n|-activate|p1b: Chesnaught|move: Protect\n|-resisted|p1a: Samurott\n|-damage|p1a: Samurott|67\/100\n|\n|-weather|RainDance|[upkeep]\n|-heal|p1b: Chesnaught|56\/100|[from] item: Leftovers\n|upkeep\n|turn|6\n|\n|t:|1700620324\n|switch|p2a: Tauros|Tauros-Paldea-Aqua, M|46\/100\n|-ability|p2a: Tauros|Intimidate|boost\n|-unboost|p1a: Samurott|atk|1\n|-unboost|p1b: Chesnaught|atk|1\n|move|p1a: Samurott|Razor Shell|p2a: Tauros\n|-resisted|p2a: Tauros\n|-damage|p2a: Tauros|26\/100\n|move|p1b: Chesnaught|Iron Head|p2b: Amoonguss\n|-damage|p2b: Amoonguss|59\/100\n|cant|p2b: Amoonguss|flinch\n|\n|-weather|RainDance|[upkeep]\n|-heal|p1b: Chesnaught|62\/100|[from] item: Leftovers\n|upkeep\n|turn|7\n|\n|t:|1700620351\n|switch|p1a: Noivern|Noivern, F|100\/100\n|move|p1b: Chesnaught|Body Press|p2a: Tauros\n|-damage|p2a: Tauros|0 fnt\n|faint|p2a: Tauros\n|move|p2b: Amoonguss|Pollen Puff|p2: Tauros|[notarget]\n|-fail|p2b: Amoonguss\n|\n|-weather|RainDance|[upkeep]\n|-heal|p1b: Chesnaught|68\/100|[from] item: Leftovers\n|-sideend|p2: SSSolarxz|Grass Pledge\n|upkeep\n|\n|t:|1700620356\n|switch|p2a: Regieleki|Regieleki|100\/100\n|turn|8\n|\n|t:|1700620380\n|switch|p2b: Heatran|Heatran, M|100\/100\n|-item|p2b: Heatran|Air Balloon\n|move|p2a: Regieleki|Volt Switch|p1a: Noivern\n|-damage|p1a: Noivern|14\/100\n|\n|t:|1700620387\n|switch|p2a: Amoonguss|Amoonguss, M|93\/100|[from] Volt Switch\n|move|p1a: Noivern|Hurricane|p2b: Heatran\n|-resisted|p2b: Heatran\n|-damage|p2b: Heatran|85\/100\n|-enditem|p2b: Heatran|Air Balloon\n|move|p1b: Chesnaught|Grass Pledge|p2a: Amoonguss\n|-resisted|p2a: Amoonguss\n|-damage|p2a: Amoonguss|88\/100\n|\n|-weather|RainDance|[upkeep]\n|-heal|p1a: Noivern|20\/100|[from] item: Leftovers\n|-heal|p1b: Chesnaught|74\/100|[from] item: Leftovers\n|upkeep\n|turn|9\n|\n|t:|1700620404\n|move|p2a: Amoonguss|Protect|p2a: Amoonguss\n|-singleturn|p2a: Amoonguss|Protect\n|move|p1a: Noivern|Tailwind|p1a: Noivern\n|-sidestart|p1: dropthemike|move: Tailwind\n|move|p1b: Chesnaught|Body Press|p2b: Heatran\n|-supereffective|p2b: Heatran\n|-damage|p2b: Heatran|12\/100\n|move|p2b: Heatran|Heat Wave|p1a: Noivern|[spread] p1a,p1b\n|-resisted|p1a: Noivern\n|-supereffective|p1b: Chesnaught\n|-damage|p1a: Noivern|10\/100\n|-damage|p1b: Chesnaught|34\/100\n|\n|-weather|none\n|-heal|p1a: Noivern|16\/100|[from] item: Leftovers\n|-heal|p1b: Chesnaught|40\/100|[from] item: Leftovers\n|upkeep\n|turn|10\n|\n|t:|1700620436\n|switch|p2a: Ting-Lu|Ting-Lu|100\/100\n|-ability|p2a: Ting-Lu|Vessel of Ruin\n|move|p2b: Heatran|Protect|p2b: Heatran\n|-singleturn|p2b: Heatran|Protect\n|move|p1a: Noivern|Flamethrower|p2a: Ting-Lu\n|-damage|p2a: Ting-Lu|90\/100\n|move|p1b: Chesnaught|Body Press|p2b: Heatran\n|-activate|p2b: Heatran|move: Protect\n|\n|-heal|p1a: Noivern|22\/100|[from] item: Leftovers\n|-heal|p1b: Chesnaught|46\/100|[from] item: Leftovers\n|upkeep\n|turn|11\n|\n|t:|1700620457\n|switch|p2b: Regieleki|Regieleki|100\/100\n|move|p2a: Ting-Lu|Protect|p2a: Ting-Lu\n|-singleturn|p2a: Ting-Lu|Protect\n|move|p1a: Noivern|Hurricane|p2a: Ting-Lu\n|-activate|p2a: Ting-Lu|move: Protect\n|move|p1b: Chesnaught|Body Press|p2b: Regieleki\n|-damage|p2b: Regieleki|7\/100\n|\n|-heal|p1a: Noivern|28\/100|[from] item: Leftovers\n|-heal|p1b: Chesnaught|52\/100|[from] item: Leftovers\n|upkeep\n|turn|12\n|\n|t:|1700620477\n|move|p1a: Noivern|Flamethrower|p2b: Regieleki\n|-damage|p2b: Regieleki|0 fnt\n|faint|p2b: Regieleki\n|move|p1b: Chesnaught|Body Press|p2a: Ting-Lu\n|-supereffective|p2a: Ting-Lu\n|-damage|p2a: Ting-Lu|39\/100\n|move|p2a: Ting-Lu|Ruination|p1b: Chesnaught\n|-damage|p1b: Chesnaught|27\/100\n|\n|-heal|p1a: Noivern|34\/100|[from] item: Leftovers\n|-heal|p1b: Chesnaught|33\/100|[from] item: Leftovers\n|-sideend|p1: dropthemike|move: Tailwind\n|upkeep\n|\n|t:|1700620487\n|switch|p2b: Amoonguss|Amoonguss, M|100\/100\n|turn|13\n|\n|t:|1700620495\n|move|p1b: Chesnaught|Spiky Shield|p1b: Chesnaught\n|-singleturn|p1b: Chesnaught|move: Protect\n|move|p1a: Noivern|Hurricane|p2b: Amoonguss\n|-supereffective|p2b: Amoonguss\n|-damage|p2b: Amoonguss|52\/100\n|move|p2a: Ting-Lu|Heavy Slam|p1a: Noivern\n|-damage|p1a: Noivern|0 fnt\n|faint|p1a: Noivern\n|move|p2b: Amoonguss|Spore|p1b: Chesnaught\n|-activate|p1b: Chesnaught|move: Protect\n|\n|-heal|p1b: Chesnaught|39\/100|[from] item: Leftovers\n|upkeep\n|\n|t:|1700620506\n|switch|p1a: Samurott|Samurott, M|67\/100\n|turn|14\n|\n|t:|1700620517\n|move|p2a: Ting-Lu|Protect|p2a: Ting-Lu\n|-singleturn|p2a: Ting-Lu|Protect\n|move|p1a: Samurott|Water Pledge|p2a: Ting-Lu\n|-waiting|p1a: Samurott|p1b: Chesnaught\n|move|p1b: Chesnaught|Grass Pledge|p2a: Ting-Lu|[from]move: Water Pledge\n|-activate|p2a: Ting-Lu|move: Protect\n|move|p2b: Amoonguss|Spore|p1a: Samurott\n|-status|p1a: Samurott|slp|[from] move: Spore\n|\n|-heal|p1b: Chesnaught|45\/100|[from] item: Leftovers\n|upkeep\n|turn|15\n|\n|t:|1700620539\n|cant|p1a: Samurott|slp\n|move|p1b: Chesnaught|Grass Pledge|p2a: Ting-Lu\n|-supereffective|p2a: Ting-Lu\n|-damage|p2a: Ting-Lu|18\/100\n|move|p2a: Ting-Lu|Heavy Slam|p1b: Chesnaught\n|-damage|p1b: Chesnaught|25\/100\n|move|p2b: Amoonguss|Pollen Puff|p2a: Ting-Lu\n|-heal|p2a: Ting-Lu|68\/100\n|\n|-heal|p1b: Chesnaught|31\/100|[from] item: Leftovers\n|upkeep\n|turn|16\n|\n|t:|1700620554\n|-curestatus|p1a: Samurott|slp|[msg]\n|move|p1a: Samurott|Water Pledge|p2a: Ting-Lu\n|-waiting|p1a: Samurott|p1b: Chesnaught\n|move|p1b: Chesnaught|Grass Pledge|p2a: Ting-Lu|[from]move: Water Pledge\n|-combine\n|-supereffective|p2a: Ting-Lu\n|-damage|p2a: Ting-Lu|35\/100\n|-sidestart|p2: SSSolarxz|Grass Pledge\n|move|p2a: Ting-Lu|Heavy Slam|p1b: Chesnaught\n|-damage|p1b: Chesnaught|12\/100\n|move|p2b: Amoonguss|Pollen Puff|p1b: Chesnaught\n|-immune|p1b: Chesnaught|[from] ability: Bulletproof\n|\n|-heal|p1b: Chesnaught|18\/100|[from] item: Leftovers\n|upkeep\n|turn|17\n|\n|t:|1700620588\n|switch|p2b: Chien-Pao|Chien-Pao|100\/100\n|-ability|p2b: Chien-Pao|Sword of Ruin\n|move|p1a: Samurott|Drill Run|p2b: Chien-Pao\n|-crit|p2b: Chien-Pao\n|-damage|p2b: Chien-Pao|46\/100\n|move|p1b: Chesnaught|Body Press|p2a: Ting-Lu\n|-supereffective|p2a: Ting-Lu\n|-damage|p2a: Ting-Lu|0 fnt\n|faint|p2a: Ting-Lu\n|\n|-heal|p1b: Chesnaught|24\/100|[from] item: Leftovers\n|upkeep\n|\n|t:|1700620597\n|switch|p2a: Amoonguss|Amoonguss, M|86\/100\n|turn|18\n|\n|t:|1700620618\n|move|p1b: Chesnaught|Spiky Shield|p1b: Chesnaught\n|-singleturn|p1b: Chesnaught|move: Protect\n|move|p1a: Samurott|Razor Shell|p2b: Chien-Pao\n|-damage|p2b: Chien-Pao|0 fnt\n|faint|p2b: Chien-Pao\n|move|p2a: Amoonguss|Pollen Puff|p2: Chien-Pao|[notarget]\n|-fail|p2a: Amoonguss\n|\n|-heal|p1b: Chesnaught|30\/100|[from] item: Leftovers\n|upkeep\n|\n|t:|1700620622\n|switch|p2b: Heatran|Heatran, M|12\/100\n|turn|19\n|-message|SSSolarxz forfeited.\n|\n|win|dropthemike\n|raw|dropthemike's rating: 1039 &rarr; <strong>1083<\/strong><br \/>(+44 for winning)\n|raw|SSSolarxz's rating: 1141 &rarr; <strong>1109<\/strong><br \/>(-32 for losing)\n|l|\u2606SSSolarxz\n|c|\u2606dropthemike|gg\n","uploadtime":1700620636,"views":5,"p1id":"dropthemike","p2id":"sssolarxz","formatid":"gen9doublesou","rating":1083,"private":0,"password":""}