{"id":"gen9doublesou-1976286371","p1":"Milkyking16","p2":"Satoru Gj","format":"[Gen 9] Doubles OU","log":"|j|\u2606Milkyking16\n|j|\u2606Satoru Gj\n|t:|1698282416\n|gametype|doubles\n|player|p1|Milkyking16|2|1290\n|player|p2|Satoru Gj|volkner|1306\n|teamsize|p1|6\n|teamsize|p2|6\n|gen|9\n|tier|[Gen 9] Doubles OU\n|rated|\n|rule|Species Clause: Limit one of each Pok\u00e9mon\n|rule|OHKO Clause: OHKO moves are banned\n|rule|Evasion Moves Clause: Evasion moves are banned\n|rule|Gravity Sleep Clause: The combination of sleep-inducing moves with imperfect accuracy and Gravity or Gigantamax Orbeetle are banned\n|rule|Endless Battle Clause: Forcing endless battles is banned\n|rule|HP Percentage Mod: HP is shown in percentages\n|clearpoke\n|poke|p1|Kingambit, F|\n|poke|p1|Indeedee-F, F|\n|poke|p1|Hatterene, F|\n|poke|p1|Armarouge, F|\n|poke|p1|Torkoal, M|\n|poke|p1|Ursaluna, M|\n|poke|p2|Torkoal, M|\n|poke|p2|Typhlosion-Hisui, F|\n|poke|p2|Tornadus, M|\n|poke|p2|Chi-Yu|\n|poke|p2|Walking Wake|\n|poke|p2|Lilligant-Hisui, F|\n|teampreview\n|inactive|Battle timer is ON: inactive players will automatically lose when time's up. (requested by Satoru Gj)\n|c|\u2606Satoru Gj|Istg i already saw the same team for 7 times today\n|inactive|Satoru Gj has 120 seconds left.\n|\n|t:|1698282451\n|start\n|switch|p1a: Indeedee|Indeedee-F, F|100\/100\n|switch|p1b: Hatterene|Hatterene, F|100\/100\n|switch|p2a: Walking Wake|Walking Wake|100\/100\n|switch|p2b: Torkoal|Torkoal, M|100\/100\n|-fieldstart|move: Psychic Terrain|[from] ability: Psychic Surge|[of] p1a: Indeedee\n|-enditem|p1a: Indeedee|Psychic Seed\n|-boost|p1a: Indeedee|spd|1|[from] item: Psychic Seed\n|-weather|SunnyDay|[from] ability: Drought|[of] p2b: Torkoal\n|-activate|p2a: Walking Wake|ability: Protosynthesis\n|-start|p2a: Walking Wake|protosynthesisspa\n|turn|1\n|c|\u2606Milkyking16|its a good squad\n|inactive|Milkyking16 has 120 seconds left.\n|c|\u2606Satoru Gj|Oh\n|\n|t:|1698282483\n|-terastallize|p2a: Walking Wake|Steel\n|move|p2a: Walking Wake|Tera Blast|p1b: Hatterene|[anim] Tera Blast Steel\n|-supereffective|p1b: Hatterene\n|-damage|p1b: Hatterene|0 fnt\n|faint|p1b: Hatterene\n|move|p1a: Indeedee|Dazzling Gleam|p2a: Walking Wake|[spread] p2a,p2b\n|-resisted|p2a: Walking Wake\n|-resisted|p2b: Torkoal\n|-damage|p2a: Walking Wake|92\/100\n|-damage|p2b: Torkoal|91\/100\n|move|p2b: Torkoal|Eruption|p1a: Indeedee\n|-damage|p1a: Indeedee|45\/100\n|\n|-weather|SunnyDay|[upkeep]\n|upkeep\n|inactive|Milkyking16 has 120 seconds left.\n|\n|t:|1698282492\n|switch|p1b: Armarouge|Armarouge, F|100\/100\n|turn|2\n|inactive|Milkyking16 has 120 seconds left.\n|inactive|Satoru Gj has 120 seconds left.\n|inactive|Satoru Gj has 90 seconds left.\n|\n|t:|1698282557\n|switch|p2b: Chi-Yu|Chi-Yu|100\/100\n|-ability|p2b: Chi-Yu|Beads of Ruin\n|move|p1a: Indeedee|Helping Hand|p1b: Armarouge\n|-singleturn|p1b: Armarouge|Helping Hand|[of] p1a: Indeedee\n|move|p2a: Walking Wake|Tera Blast|p1b: Armarouge|[anim] Tera Blast Steel\n|-resisted|p1b: Armarouge\n|-damage|p1b: Armarouge|40\/100\n|move|p1b: Armarouge|Expanding Force|p2a: Walking Wake|[spread] p2a\n|-immune|p2b: Chi-Yu\n|-resisted|p2a: Walking Wake\n|-damage|p2a: Walking Wake|0 fnt\n|faint|p2a: Walking Wake\n|-end|p2a: Walking Wake|Protosynthesis|[silent]\n|\n|-weather|SunnyDay|[upkeep]\n|upkeep\n|inactive|Satoru Gj has 90 seconds left.\n|\n|t:|1698282573\n|switch|p2a: Tornadus|Tornadus, M|100\/100\n|turn|3\n|\n|t:|1698282587\n|move|p1b: Armarouge|Wide Guard|p1b: Armarouge\n|-singleturn|p1b: Armarouge|Wide Guard\n|move|p2a: Tornadus|Tailwind|p2a: Tornadus\n|-sidestart|p2: Satoru Gj|move: Tailwind\n|move|p2b: Chi-Yu|Dark Pulse|p1b: Armarouge\n|-supereffective|p1b: Armarouge\n|-damage|p1b: Armarouge|0 fnt\n|faint|p1b: Armarouge\n|move|p1a: Indeedee|Trick Room|p1a: Indeedee\n|-fieldstart|move: Trick Room|[of] p1a: Indeedee\n|\n|-weather|SunnyDay|[upkeep]\n|upkeep\n|inactive|Milkyking16 has 120 seconds left.\n|\n|t:|1698282609\n|switch|p1b: Torkoal|Torkoal, M|100\/100\n|turn|4\n|inactive|Satoru Gj has 120 seconds left.\n|\n|t:|1698282621\n|move|p1a: Indeedee|Helping Hand|p1b: Torkoal\n|-singleturn|p1b: Torkoal|Helping Hand|[of] p1a: Indeedee\n|move|p1b: Torkoal|Eruption|p2a: Tornadus|[spread] p2a,p2b\n|-crit|p2a: Tornadus\n|-resisted|p2b: Chi-Yu\n|-damage|p2a: Tornadus|0 fnt\n|-damage|p2b: Chi-Yu|24\/100\n|faint|p2a: Tornadus\n|move|p2b: Chi-Yu|Light Screen|p2b: Chi-Yu\n|-sidestart|p2: Satoru Gj|move: Light Screen\n|\n|-weather|SunnyDay|[upkeep]\n|upkeep\n|\n|t:|1698282635\n|switch|p2a: Torkoal|Torkoal, M|91\/100\n|turn|5\n|inactive|Satoru Gj has 120 seconds left.\n|\n|t:|1698282658\n|switch|p2b: Typhlosion|Typhlosion-Hisui, F|100\/100\n|move|p1a: Indeedee|Helping Hand|p1b: Torkoal\n|-singleturn|p1b: Torkoal|Helping Hand|[of] p1a: Indeedee\n|move|p1b: Torkoal|Earth Power|p2a: Torkoal\n|-supereffective|p2a: Torkoal\n|-damage|p2a: Torkoal|24\/100\n|move|p2a: Torkoal|Earth Power|p1b: Torkoal\n|-supereffective|p1b: Torkoal\n|-damage|p1b: Torkoal|0 fnt\n|faint|p1b: Torkoal\n|\n|-weather|none\n|-fieldend|move: Psychic Terrain\n|upkeep\n|\n|t:|1698282671\n|switch|p1b: Ursaluna|Ursaluna, M|100\/100\n|turn|6\n|\n|t:|1698282683\n|move|p1a: Indeedee|Helping Hand|p1b: Ursaluna\n|-singleturn|p1b: Ursaluna|Helping Hand|[of] p1a: Indeedee\n|move|p1b: Ursaluna|Earthquake|p2a: Torkoal|[spread] p1a,p2a,p2b\n|-crit|p1a: Indeedee\n|-supereffective|p2a: Torkoal\n|-supereffective|p2b: Typhlosion\n|-damage|p1a: Indeedee|0 fnt\n|-damage|p2a: Torkoal|0 fnt\n|-enditem|p2b: Typhlosion|Focus Sash\n|-damage|p2b: Typhlosion|1\/100\n|faint|p1a: Indeedee\n|faint|p2a: Torkoal\n|move|p2b: Typhlosion|Heat Wave|p1b: Ursaluna\n|-damage|p1b: Ursaluna|39\/100\n|\n|-sideend|p2: Satoru Gj|move: Tailwind\n|-status|p1b: Ursaluna|brn|[from] item: Flame Orb\n|upkeep\n|\n|t:|1698282709\n|switch|p2a: Chi-Yu|Chi-Yu|24\/100\n|switch|p1a: Kingambit|Kingambit, F|100\/100\n|-ability|p2a: Chi-Yu|Beads of Ruin\n|turn|7\n|\n|t:|1698282720\n|switch|p2b: Lilligant|Lilligant-Hisui, F|100\/100\n|move|p1a: Kingambit|Sucker Punch||[still]\n|-fail|p1a: Kingambit\n|move|p1b: Ursaluna|Facade|p2a: Chi-Yu\n|-crit|p2a: Chi-Yu\n|-damage|p2a: Chi-Yu|0 fnt\n|faint|p2a: Chi-Yu\n|\n|-damage|p1b: Ursaluna|33\/100 brn|[from] brn\n|-fieldend|move: Trick Room\n|upkeep\n|\n|t:|1698282728\n|switch|p2a: Typhlosion|Typhlosion-Hisui, F|1\/100\n|turn|8\n|\n|t:|1698282739\n|move|p1a: Kingambit|Sucker Punch||[still]\n|-fail|p1a: Kingambit\n|move|p2a: Typhlosion|Calm Mind|p2a: Typhlosion\n|-boost|p2a: Typhlosion|spa|1\n|-boost|p2a: Typhlosion|spd|1\n|move|p2b: Lilligant|Ice Spinner|p1b: Ursaluna\n|-supereffective|p1b: Ursaluna\n|-damage|p1b: Ursaluna|0 fnt\n|faint|p1b: Ursaluna\n|\n|-sideend|p2: Satoru Gj|move: Light Screen\n|upkeep\n|turn|9\n|\n|t:|1698282755\n|move|p2a: Typhlosion|Heat Wave|p1a: Kingambit\n|-supereffective|p1a: Kingambit\n|-damage|p1a: Kingambit|0 fnt\n|faint|p1a: Kingambit\n|\n|win|Satoru Gj\n|raw|Milkyking16's rating: 1290 &rarr; <strong>1266<\/strong><br \/>(-24 for losing)\n|raw|Satoru Gj's rating: 1306 &rarr; <strong>1325<\/strong><br \/>(+19 for winning)\n|c|\u2606Milkyking16|g\n|l|\u2606Milkyking16\n|c|\u2606Satoru Gj|Gg\n","uploadtime":1698282769,"views":12,"p1id":"milkyking16","p2id":"satorugj","formatid":"gen9doublesou","rating":1266,"private":0,"password":""}