{"id":"gen9doublesou-1971877045","p1":"GTRSoLNeo","p2":"skullatech","format":"[Gen 9] Doubles OU","log":"|j|\u2606GTRSoLNeo\n|j|\u2606skullatech\n|t:|1697785591\n|gametype|doubles\n|player|p1|GTRSoLNeo|rocketgrunt|\n|player|p2|skullatech|bellelba|\n|teamsize|p1|6\n|teamsize|p2|6\n|gen|9\n|tier|[Gen 9] Doubles OU\n|rule|Species Clause: Limit one of each Pok\u00e9mon\n|rule|OHKO Clause: OHKO moves are banned\n|rule|Evasion Moves Clause: Evasion moves are banned\n|rule|Gravity Sleep Clause: The combination of sleep-inducing moves with imperfect accuracy and Gravity or Gigantamax Orbeetle are banned\n|rule|Endless Battle Clause: Forcing endless battles is banned\n|rule|HP Percentage Mod: HP is shown in percentages\n|clearpoke\n|poke|p1|Bisharp, F|\n|poke|p1|Eelektross, F|\n|poke|p1|Slowbro, M|\n|poke|p1|Clodsire, F|\n|poke|p1|Chandelure, M|\n|poke|p1|Drifblim, F|\n|poke|p2|Gholdengo|\n|poke|p2|Clefable, F|\n|poke|p2|Palafin, M|\n|poke|p2|Leavanny, F|\n|poke|p2|Scizor, M|\n|poke|p2|Gliscor, M|\n|teampreview\n|\n|t:|1697785600\n|start\n|switch|p1a: Doncamatic|Eelektross, F|100\/100\n|switch|p1b: Topeka|Drifblim, F|100\/100\n|switch|p2a: Toxsick|Gliscor, M|100\/100\n|switch|p2b: Neos|Palafin, M|100\/100\n|turn|1\n|\n|t:|1697785617\n|move|p2b: Neos|Flip Turn|p1b: Topeka\n|-crit|p1b: Topeka\n|-damage|p1b: Topeka|55\/100\n|-damage|p2b: Neos|91\/100|[from] item: Life Orb\n|\n|t:|1697785622\n|detailschange|p2b: Neos|Palafin-Hero, M\n|switch|p2b: Kill|Clefable, F, shiny|100\/100|[from] Flip Turn\n|move|p1b: Topeka|Phantom Force||[still]\n|-prepare|p1b: Topeka|Phantom Force\n|move|p2a: Toxsick|Stealth Rock|p1a: Doncamatic\n|-sidestart|p1: GTRSoLNeo|move: Stealth Rock\n|move|p1a: Doncamatic|Volt Switch|p2b: Kill\n|-damage|p2b: Kill|80\/100\n|\n|t:|1697785635\n|switch|p1a: Sleepyhead|Slowbro, M|100\/100|[from] Volt Switch\n|-damage|p1a: Sleepyhead|88\/100|[from] Stealth Rock\n|\n|-heal|p2b: Kill|86\/100|[from] item: Leftovers\n|-status|p2a: Toxsick|tox|[from] item: Toxic Orb\n|upkeep\n|turn|2\n|\n|t:|1697785647\n|move|p1b: Topeka|Phantom Force|p2a: Toxsick|[from]lockedmove\n|-damage|p2a: Toxsick|79\/100 tox\n|move|p2a: Toxsick|Toxic|p1a: Sleepyhead\n|-status|p1a: Sleepyhead|tox\n|move|p2b: Kill|Cosmic Power|p2b: Kill\n|-boost|p2b: Kill|def|1\n|-boost|p2b: Kill|spd|1\n|move|p1a: Sleepyhead|Iron Defense|p1a: Sleepyhead\n|-boost|p1a: Sleepyhead|def|2\n|\n|-heal|p2b: Kill|92\/100|[from] item: Leftovers\n|-heal|p2a: Toxsick|92\/100 tox|[from] ability: Poison Heal\n|-damage|p1a: Sleepyhead|82\/100 tox|[from] psn\n|upkeep\n|turn|3\n|\n|t:|1697785669\n|move|p1b: Topeka|Strength Sap|p2a: Toxsick\n|-unboost|p2a: Toxsick|atk|1\n|-heal|p1b: Topeka|100\/100\n|move|p2a: Toxsick|Toxic|p1b: Topeka\n|-status|p1b: Topeka|tox\n|move|p2b: Kill|Cosmic Power|p2b: Kill\n|-boost|p2b: Kill|def|1\n|-boost|p2b: Kill|spd|1\n|move|p1a: Sleepyhead|Liquidation|p2a: Toxsick\n|-supereffective|p2a: Toxsick\n|-damage|p2a: Toxsick|57\/100 tox\n|\n|-heal|p2b: Kill|98\/100|[from] item: Leftovers\n|-damage|p1b: Topeka|94\/100 tox|[from] psn\n|-heal|p2a: Toxsick|69\/100 tox|[from] ability: Poison Heal\n|-damage|p1a: Sleepyhead|70\/100 tox|[from] psn\n|upkeep\n|turn|4\n|\n|t:|1697785700\n|move|p1b: Topeka|Tailwind|p1b: Topeka\n|-sidestart|p1: GTRSoLNeo|move: Tailwind\n|move|p2a: Toxsick|Crabhammer|p1b: Topeka\n|-damage|p1b: Topeka|72\/100 tox\n|move|p1a: Sleepyhead|Liquidation|p2a: Toxsick\n|-supereffective|p2a: Toxsick\n|-damage|p2a: Toxsick|39\/100 tox\n|move|p2b: Kill|Life Dew|p2b: Kill|[spread] p2a,p2b\n|-heal|p2a: Toxsick|64\/100 tox\n|-heal|p2b: Kill|100\/100\n|\n|-damage|p1b: Topeka|60\/100 tox|[from] psn\n|-heal|p2a: Toxsick|76\/100 tox|[from] ability: Poison Heal\n|-damage|p1a: Sleepyhead|52\/100 tox|[from] psn\n|upkeep\n|turn|5\n|\n|t:|1697785731\n|switch|p2a: Dagger Dan|Scizor, M, shiny|100\/100\n|move|p1b: Topeka|Acrobatics|p2b: Kill\n|-damage|p2b: Kill|92\/100\n|move|p1a: Sleepyhead|Liquidation|p2a: Dagger Dan\n|-damage|p2a: Dagger Dan|80\/100\n|move|p2b: Kill|Cosmic Power|p2b: Kill\n|-boost|p2b: Kill|def|1\n|-boost|p2b: Kill|spd|1\n|\n|-heal|p2a: Dagger Dan|87\/100|[from] item: Leftovers\n|-heal|p2b: Kill|98\/100|[from] item: Leftovers\n|-damage|p1b: Topeka|41\/100 tox|[from] psn\n|-damage|p1a: Sleepyhead|27\/100 tox|[from] psn\n|upkeep\n|turn|6\n|\n|t:|1697785749\n|move|p1b: Topeka|Acrobatics|p2a: Dagger Dan\n|-damage|p2a: Dagger Dan|69\/100\n|move|p1a: Sleepyhead|Slack Off|p1a: Sleepyhead\n|-heal|p1a: Sleepyhead|77\/100 tox\n|move|p2a: Dagger Dan|Swords Dance|p2a: Dagger Dan\n|-boost|p2a: Dagger Dan|atk|2\n|move|p2b: Kill|Cosmic Power|p2b: Kill\n|-boost|p2b: Kill|def|1\n|-boost|p2b: Kill|spd|1\n|\n|-heal|p2a: Dagger Dan|75\/100|[from] item: Leftovers\n|-heal|p2b: Kill|100\/100|[from] item: Leftovers\n|-damage|p1b: Topeka|17\/100 tox|[from] psn\n|-damage|p1a: Sleepyhead|47\/100 tox|[from] psn\n|upkeep\n|turn|7\n|\n|t:|1697785781\n|move|p2a: Dagger Dan|Bullet Punch|p1b: Topeka\n|-damage|p1b: Topeka|0 fnt\n|faint|p1b: Topeka\n|move|p1a: Sleepyhead|Slack Off|p1a: Sleepyhead\n|-heal|p1a: Sleepyhead|97\/100 tox\n|move|p2b: Kill|Cosmic Power|p2b: Kill\n|-boost|p2b: Kill|def|1\n|-boost|p2b: Kill|spd|1\n|\n|-heal|p2a: Dagger Dan|81\/100|[from] item: Leftovers\n|-damage|p1a: Sleepyhead|60\/100 tox|[from] psn\n|-sideend|p1: GTRSoLNeo|move: Tailwind\n|upkeep\n|\n|t:|1697785793\n|switch|p1b: Charger|Chandelure, M, shiny|100\/100\n|-damage|p1b: Charger|76\/100|[from] Stealth Rock\n|turn|8\n|\n|t:|1697785806\n|move|p1b: Charger|Flamethrower|p2a: Dagger Dan\n|-supereffective|p2a: Dagger Dan\n|-damage|p2a: Dagger Dan|0 fnt\n|faint|p2a: Dagger Dan\n|move|p2b: Kill|Stored Power|p1b: Charger\n|-damage|p1b: Charger|6\/100\n|move|p1a: Sleepyhead|Iron Defense|p1a: Sleepyhead\n|-boost|p1a: Sleepyhead|def|2\n|\n|-damage|p1a: Sleepyhead|18\/100 tox|[from] psn\n|upkeep\n|\n|t:|1697785817\n|switch|p2a: Mama bug|Leavanny, F, shiny|100\/100\n|turn|9\n|\n|t:|1697785826\n|move|p2b: Kill|Follow Me|p2b: Kill\n|-singleturn|p2b: Kill|move: Follow Me\n|move|p1b: Charger|Flamethrower|p2b: Kill\n|-damage|p2b: Kill|88\/100\n|move|p2a: Mama bug|Leaf Blade|p1b: Charger\n|-resisted|p1b: Charger\n|-damage|p1b: Charger|0 fnt\n|faint|p1b: Charger\n|move|p1a: Sleepyhead|Slack Off|p1a: Sleepyhead\n|-heal|p1a: Sleepyhead|68\/100 tox\n|\n|-heal|p2b: Kill|94\/100|[from] item: Leftovers\n|-damage|p1a: Sleepyhead|19\/100 tox|[from] psn\n|upkeep\n|\n|t:|1697785841\n|switch|p1b: Doncamatic|Eelektross, F|100\/100\n|-damage|p1b: Doncamatic|88\/100|[from] Stealth Rock\n|turn|10\n|\n|t:|1697785854\n|move|p2b: Kill|Follow Me|p2b: Kill\n|-singleturn|p2b: Kill|move: Follow Me\n|move|p2a: Mama bug|Leaf Blade|p1b: Doncamatic\n|-damage|p1b: Doncamatic|12\/100\n|move|p1b: Doncamatic|Coil|p1b: Doncamatic\n|-boost|p1b: Doncamatic|atk|1\n|-boost|p1b: Doncamatic|def|1\n|-boost|p1b: Doncamatic|accuracy|1\n|move|p1a: Sleepyhead|Slack Off|p1a: Sleepyhead\n|-heal|p1a: Sleepyhead|69\/100 tox\n|\n|-heal|p2b: Kill|100\/100|[from] item: Leftovers\n|-heal|p1b: Doncamatic|18\/100|[from] item: Leftovers\n|-damage|p1a: Sleepyhead|14\/100 tox|[from] psn\n|upkeep\n|turn|11\n|\n|t:|1697785877\n|move|p2b: Kill|Follow Me|p2b: Kill\n|-singleturn|p2b: Kill|move: Follow Me\n|move|p2a: Mama bug|Leaf Blade|p1b: Doncamatic\n|-damage|p1b: Doncamatic|0 fnt\n|faint|p1b: Doncamatic\n|move|p1a: Sleepyhead|Liquidation|p2b: Kill\n|-crit|p2b: Kill\n|-damage|p2b: Kill|72\/100\n|\n|-heal|p2b: Kill|78\/100|[from] item: Leftovers\n|-damage|p1a: Sleepyhead|0 fnt|[from] psn\n|faint|p1a: Sleepyhead\n|upkeep\n|\n|t:|1697785888\n|switch|p1b: Coconut Ranger|Bisharp, F|100\/100\n|switch|p1a: The Bomb|Clodsire, F|100\/100\n|-damage|p1b: Coconut Ranger|95\/100|[from] Stealth Rock\n|-damage|p1a: The Bomb|94\/100|[from] Stealth Rock\n|turn|12\n|\n|t:|1697785902\n|move|p2b: Kill|Follow Me|p2b: Kill\n|-singleturn|p2b: Kill|move: Follow Me\n|move|p1b: Coconut Ranger|Sucker Punch||[still]\n|-fail|p1b: Coconut Ranger\n|move|p2a: Mama bug|Leaf Blade|p1b: Coconut Ranger\n|-resisted|p1b: Coconut Ranger\n|-damage|p1b: Coconut Ranger|55\/100\n|move|p1a: The Bomb|Toxic|p2b: Kill\n|-status|p2b: Kill|tox\n|\n|-heal|p2b: Kill|84\/100 tox|[from] item: Leftovers\n|-damage|p2b: Kill|78\/100 tox|[from] psn\n|upkeep\n|turn|13\n|\n|t:|1697785920\n|move|p2b: Kill|Follow Me|p2b: Kill\n|-singleturn|p2b: Kill|move: Follow Me\n|move|p2a: Mama bug|Leaf Blade|p1a: The Bomb\n|-damage|p1a: The Bomb|21\/100\n|move|p1b: Coconut Ranger|Iron Head|p2b: Kill\n|-supereffective|p2b: Kill\n|-damage|p2b: Kill|54\/100 tox\n|move|p1a: The Bomb|Counter|p2b: Kill\n|-damage|p2b: Kill|0 fnt\n|faint|p2b: Kill\n|\n|upkeep\n|\n|t:|1697785931\n|switch|p2b: Neos|Palafin-Hero, M|91\/100\n|-activate|p2b: Neos|ability: Zero to Hero\n|turn|14\n|\n|t:|1697785940\n|-terastallize|p2b: Neos|Water\n|move|p2b: Neos|Wave Crash|p1b: Coconut Ranger\n|-damage|p1b: Coconut Ranger|0 fnt\n|faint|p1b: Coconut Ranger\n|-damage|p2b: Neos|76\/100|[from] Recoil\n|-damage|p2b: Neos|66\/100|[from] item: Life Orb\n|move|p2a: Mama bug|Leaf Blade|p1a: The Bomb\n|-damage|p1a: The Bomb|0 fnt\n|faint|p1a: The Bomb\n|\n|win|skullatech\n|l|\u2606GTRSoLNeo\n","uploadtime":1697785953,"views":22,"p1id":"gtrsolneo","p2id":"skullatech","formatid":"gen9doublesou","rating":0,"private":0,"password":""}