{"id":"gen9doublesou-1978788527","p1":"boomp11","p2":"Brigtel","format":"[Gen 9] Doubles OU","log":"|j|\u2606boomp11\n|j|\u2606Brigtel\n|t:|1698595326\n|gametype|doubles\n|player|p1|boomp11|melony|\n|player|p2|Brigtel|pryce|\n|teamsize|p1|6\n|teamsize|p2|6\n|gen|9\n|tier|[Gen 9] Doubles OU\n|rated|Tournament battle\n|rule|Species Clause: Limit one of each Pok\u00e9mon\n|rule|OHKO Clause: OHKO moves are banned\n|rule|Evasion Moves Clause: Evasion moves are banned\n|rule|Gravity Sleep Clause: The combination of sleep-inducing moves with imperfect accuracy and Gravity or Gigantamax Orbeetle are banned\n|rule|Endless Battle Clause: Forcing endless battles is banned\n|rule|HP Percentage Mod: HP is shown in percentages\n|clearpoke\n|poke|p1|Overqwil, F|\n|poke|p1|Pelipper, M|\n|poke|p1|Zapdos|\n|poke|p1|Kitsunoh, F|\n|poke|p1|Mollux, F|\n|poke|p1|Azumarill, M|\n|poke|p2|Gholdengo|\n|poke|p2|Wo-Chien|\n|poke|p2|Ting-Lu|\n|poke|p2|Tomohawk, F|\n|poke|p2|Rillaboom, M|\n|poke|p2|Palafin, M|\n|teampreview\n|inactive|Battle timer is ON: inactive players will automatically lose when time's up. (requested by boomp11)\n|c|\u2606boomp11|hf\n|inactive|Brigtel has 120 seconds left.\n|\n|t:|1698595371\n|start\n|switch|p1a: Pelipper|Pelipper, M|100\/100\n|switch|p1b: Mollux|Mollux, F|100\/100\n|switch|p2a: Palafin|Palafin, M|100\/100\n|switch|p2b: Tomohawk|Tomohawk, F|100\/100\n|-ability|p2b: Tomohawk|Intimidate|boost\n|-unboost|p1a: Pelipper|atk|1\n|-unboost|p1b: Mollux|atk|1\n|-weather|RainDance|[from] ability: Drizzle|[of] p1a: Pelipper\n|turn|1\n|\n|t:|1698595391\n|detailschange|p2a: Palafin|Palafin-Hero, M\n|switch|p2a: Ting-Lu|Ting-Lu|100\/100\n|-ability|p2a: Ting-Lu|Vessel of Ruin\n|move|p2b: Tomohawk|Hurricane|p1a: Pelipper\n|-damage|p1a: Pelipper|68\/100\n|move|p1b: Mollux|Thunder|p2a: Ting-Lu\n|-immune|p2a: Ting-Lu\n|move|p1a: Pelipper|Hurricane|p2b: Tomohawk\n|-supereffective|p2b: Tomohawk\n|-damage|p2b: Tomohawk|47\/100\n|\n|-weather|RainDance|[upkeep]\n|upkeep\n|turn|2\n|\n|t:|1698595418\n|switch|p1b: Zapdos|Zapdos|100\/100\n|move|p2b: Tomohawk|Roost|p2b: Tomohawk\n|-heal|p2b: Tomohawk|97\/100\n|-singleturn|p2b: Tomohawk|move: Roost\n|move|p1a: Pelipper|Hurricane|p2b: Tomohawk\n|-supereffective|p2b: Tomohawk\n|-damage|p2b: Tomohawk|40\/100\n|-start|p2b: Tomohawk|confusion\n|move|p2a: Ting-Lu|Spikes|p1a: Pelipper\n|-sidestart|p1: boomp11|Spikes\n|\n|-weather|RainDance|[upkeep]\n|upkeep\n|turn|3\n|\n|t:|1698595437\n|move|p1b: Zapdos|Hurricane|p2b: Tomohawk\n|-supereffective|p2b: Tomohawk\n|-damage|p2b: Tomohawk|0 fnt\n|faint|p2b: Tomohawk\n|move|p1a: Pelipper|Hurricane|p2a: Ting-Lu\n|-damage|p2a: Ting-Lu|84\/100\n|-start|p2a: Ting-Lu|confusion\n|-activate|p2a: Ting-Lu|confusion\n|-damage|p2a: Ting-Lu|78\/100|[from] confusion\n|\n|-weather|RainDance|[upkeep]\n|-heal|p2a: Ting-Lu|85\/100|[from] item: Leftovers\n|upkeep\n|inactive|Brigtel has 120 seconds left.\n|j| Ladder Hero 13\n|l| Ladder Hero 13\n|\n|t:|1698595471\n|switch|p2b: Rillaboom|Rillaboom, M|100\/100\n|-fieldstart|move: Grassy Terrain|[from] ability: Grassy Surge|[of] p2b: Rillaboom\n|turn|4\n|inactive|Brigtel has 120 seconds left.\n|\n|t:|1698595489\n|move|p2b: Rillaboom|Fake Out|p1b: Zapdos\n|-damage|p1b: Zapdos|81\/100\n|cant|p1b: Zapdos|flinch\n|move|p1a: Pelipper|Hurricane|p2b: Rillaboom\n|-supereffective|p2b: Rillaboom\n|-damage|p2b: Rillaboom|60\/100\n|-activate|p2a: Ting-Lu|confusion\n|-damage|p2a: Ting-Lu|79\/100|[from] confusion\n|\n|-weather|RainDance|[upkeep]\n|-heal|p2b: Rillaboom|66\/100|[from] Grassy Terrain\n|-heal|p2a: Ting-Lu|86\/100|[from] Grassy Terrain\n|-heal|p2a: Ting-Lu|92\/100|[from] item: Leftovers\n|upkeep\n|turn|5\n|\n|t:|1698595507\n|switch|p2b: Gholdengo|Gholdengo|100\/100\n|move|p1b: Zapdos|Hurricane|p2b: Gholdengo\n|-resisted|p2b: Gholdengo\n|-damage|p2b: Gholdengo|84\/100\n|-start|p2b: Gholdengo|confusion\n|move|p1a: Pelipper|Hurricane|p2b: Gholdengo\n|-resisted|p2b: Gholdengo\n|-damage|p2b: Gholdengo|72\/100\n|-end|p2a: Ting-Lu|confusion\n|move|p2a: Ting-Lu|Spikes|p1a: Pelipper\n|-sidestart|p1: boomp11|Spikes\n|\n|-weather|RainDance|[upkeep]\n|-heal|p2b: Gholdengo|78\/100|[from] Grassy Terrain\n|-heal|p2b: Gholdengo|84\/100|[from] item: Leftovers\n|-heal|p2a: Ting-Lu|98\/100|[from] Grassy Terrain\n|-heal|p2a: Ting-Lu|100\/100|[from] item: Leftovers\n|upkeep\n|turn|6\n|inactive|boomp11 has 120 seconds left.\n|\n|t:|1698595538\n|switch|p1b: Mollux|Mollux, F|100\/100\n|-activate|p2b: Gholdengo|confusion\n|move|p2b: Gholdengo|Nasty Plot|p2b: Gholdengo\n|-boost|p2b: Gholdengo|spa|2\n|move|p1a: Pelipper|Surf|p2a: Ting-Lu|[spread] p2a,p2b\n|-immune|p1b: Mollux|[from] ability: Dry Skin\n|-supereffective|p2a: Ting-Lu\n|-damage|p2a: Ting-Lu|72\/100\n|-damage|p2b: Gholdengo|64\/100\n|move|p2a: Ting-Lu|Spikes|p1b: Mollux\n|-sidestart|p1: boomp11|Spikes\n|\n|-weather|RainDance|[upkeep]\n|-heal|p2b: Gholdengo|70\/100|[from] Grassy Terrain\n|-heal|p2b: Gholdengo|76\/100|[from] item: Leftovers\n|-heal|p2a: Ting-Lu|78\/100|[from] Grassy Terrain\n|-heal|p2a: Ting-Lu|85\/100|[from] item: Leftovers\n|upkeep\n|turn|7\n|inactive|boomp11 has 120 seconds left.\n|\n|t:|1698595576\n|-terastallize|p1b: Mollux|Ground\n|-end|p2b: Gholdengo|confusion\n|move|p2b: Gholdengo|Protect|p2b: Gholdengo\n|-singleturn|p2b: Gholdengo|Protect\n|move|p1b: Mollux|Lava Plume|p2b: Gholdengo|[spread] p1a,p2a\n|-activate|p2b: Gholdengo|move: Protect\n|-resisted|p1a: Pelipper\n|-damage|p1a: Pelipper|63\/100\n|-damage|p2a: Ting-Lu|79\/100\n|move|p1a: Pelipper|Surf|p2a: Ting-Lu|[spread] p2a\n|-activate|p2b: Gholdengo|move: Protect\n|-immune|p1b: Mollux|[from] ability: Dry Skin\n|-supereffective|p2a: Ting-Lu\n|-damage|p2a: Ting-Lu|48\/100\n|move|p2a: Ting-Lu|Stomping Tantrum|p1b: Mollux\n|-damage|p1b: Mollux|71\/100\n|\n|-weather|RainDance|[upkeep]\n|-heal|p1b: Mollux|83\/100|[from] ability: Dry Skin\n|-heal|p2b: Gholdengo|83\/100|[from] Grassy Terrain\n|-heal|p2b: Gholdengo|89\/100|[from] item: Leftovers\n|-heal|p1b: Mollux|89\/100|[from] Grassy Terrain\n|-heal|p2a: Ting-Lu|54\/100|[from] Grassy Terrain\n|-heal|p2a: Ting-Lu|60\/100|[from] item: Leftovers\n|upkeep\n|turn|8\n|inactive|boomp11 has 120 seconds left.\n|inactive|Brigtel has 120 seconds left.\n|\n|t:|1698595632\n|switch|p1b: Zapdos|Zapdos|81\/100\n|switch|p2a: Wo-Chien|Wo-Chien|100\/100\n|-ability|p2a: Wo-Chien|Tablets of Ruin\n|move|p2b: Gholdengo|Make It Rain|p1a: Pelipper|[spread] p1a,p1b\n|-resisted|p1a: Pelipper\n|-resisted|p1b: Zapdos\n|-damage|p1a: Pelipper|19\/100\n|-damage|p1b: Zapdos|33\/100\n|-unboost|p2b: Gholdengo|spa|1\n|move|p1a: Pelipper|Surf|p2b: Gholdengo|[spread] p1b,p2a,p2b\n|-resisted|p2a: Wo-Chien\n|-damage|p1b: Zapdos|0 fnt\n|-damage|p2a: Wo-Chien|91\/100\n|-damage|p2b: Gholdengo|58\/100\n|faint|p1b: Zapdos\n|\n|-weather|none\n|-heal|p2b: Gholdengo|65\/100|[from] Grassy Terrain\n|-heal|p2b: Gholdengo|71\/100|[from] item: Leftovers\n|-heal|p2a: Wo-Chien|97\/100|[from] Grassy Terrain\n|-heal|p2a: Wo-Chien|100\/100|[from] item: Leftovers\n|-fieldend|move: Grassy Terrain\n|upkeep\n|inactive|boomp11 has 90 seconds left.\n|\n|t:|1698595652\n|switch|p1b: Mollux|Mollux, F, tera:Ground|89\/100\n|turn|9\n|inactive|Brigtel has 120 seconds left.\n|\n|t:|1698595667\n|switch|p2a: Ting-Lu|Ting-Lu|60\/100\n|-ability|p2a: Ting-Lu|Vessel of Ruin\n|switch|p1a: Azumarill|Azumarill, M|100\/100\n|-damage|p1a: Azumarill|76\/100|[from] Spikes\n|move|p2b: Gholdengo|Make It Rain|p1a: Azumarill|[spread] p1a,p1b\n|-damage|p1a: Azumarill|38\/100\n|-damage|p1b: Mollux|61\/100\n|-unboost|p2b: Gholdengo|spa|1\n|move|p1b: Mollux|Lava Plume|p2b: Gholdengo|[spread] p1a,p2a,p2b\n|-resisted|p1a: Azumarill\n|-supereffective|p2b: Gholdengo\n|-damage|p1a: Azumarill|30\/100\n|-damage|p2a: Ting-Lu|49\/100\n|-damage|p2b: Gholdengo|36\/100\n|-status|p2a: Ting-Lu|brn\n|\n|-heal|p2b: Gholdengo|42\/100|[from] item: Leftovers\n|-heal|p2a: Ting-Lu|55\/100 brn|[from] item: Leftovers\n|-damage|p2a: Ting-Lu|49\/100 brn|[from] brn\n|upkeep\n|turn|10\n|inactive|boomp11 has 120 seconds left.\n|inactive|Brigtel has 120 seconds left.\n|\n|t:|1698595706\n|switch|p2a: Rillaboom|Rillaboom, M|66\/100\n|-fieldstart|move: Grassy Terrain|[from] ability: Grassy Surge|[of] p2a: Rillaboom\n|move|p1a: Azumarill|Aqua Jet|p2b: Gholdengo\n|-damage|p2b: Gholdengo|22\/100\n|move|p2b: Gholdengo|Recover|p2b: Gholdengo\n|-heal|p2b: Gholdengo|72\/100\n|move|p1b: Mollux|Recover|p1b: Mollux\n|-heal|p1b: Mollux|100\/100\n|\n|-heal|p2a: Rillaboom|72\/100|[from] Grassy Terrain\n|-heal|p2b: Gholdengo|78\/100|[from] Grassy Terrain\n|-heal|p2b: Gholdengo|84\/100|[from] item: Leftovers\n|-heal|p1a: Azumarill|37\/100|[from] Grassy Terrain\n|upkeep\n|turn|11\n|inactive|boomp11 has 120 seconds left.\n|\n|t:|1698595729\n|move|p2a: Rillaboom|Wood Hammer|p1b: Mollux\n|-supereffective|p1b: Mollux\n|-damage|p1b: Mollux|0 fnt\n|faint|p1b: Mollux\n|-damage|p2a: Rillaboom|40\/100|[from] Recoil\n|move|p2b: Gholdengo|Make It Rain|p1a: Azumarill\n|-damage|p1a: Azumarill|0 fnt\n|-unboost|p2b: Gholdengo|spa|1\n|faint|p1a: Azumarill\n|\n|-heal|p2a: Rillaboom|46\/100|[from] Grassy Terrain\n|-heal|p2b: Gholdengo|90\/100|[from] Grassy Terrain\n|-heal|p2b: Gholdengo|96\/100|[from] item: Leftovers\n|upkeep\n|\n|t:|1698595740\n|switch|p1b: Overqwil|Overqwil, F|100\/100\n|switch|p1a: Pelipper|Pelipper, M|19\/100\n|-damage|p1b: Overqwil|76\/100|[from] Spikes\n|-weather|RainDance|[from] ability: Drizzle|[of] p1a: Pelipper\n|turn|12\n|inactive|boomp11 has 120 seconds left.\n|\n|t:|1698595764\n|switch|p2a: Ting-Lu|Ting-Lu|49\/100 brn\n|-ability|p2a: Ting-Lu|Vessel of Ruin\n|move|p1b: Overqwil|Crunch|p2b: Gholdengo\n|-supereffective|p2b: Gholdengo\n|-damage|p2b: Gholdengo|12\/100\n|-damage|p1b: Overqwil|66\/100|[from] item: Life Orb\n|move|p2b: Gholdengo|Nasty Plot|p2b: Gholdengo\n|-boost|p2b: Gholdengo|spa|2\n|move|p1a: Pelipper|Roost|p1a: Pelipper\n|-heal|p1a: Pelipper|69\/100\n|-singleturn|p1a: Pelipper|move: Roost\n|\n|-weather|RainDance|[upkeep]\n|-heal|p1b: Overqwil|72\/100|[from] Grassy Terrain\n|-heal|p2b: Gholdengo|18\/100|[from] Grassy Terrain\n|-heal|p2b: Gholdengo|24\/100|[from] item: Leftovers\n|-heal|p1a: Pelipper|75\/100|[from] Grassy Terrain\n|-heal|p2a: Ting-Lu|55\/100 brn|[from] Grassy Terrain\n|-heal|p2a: Ting-Lu|61\/100 brn|[from] item: Leftovers\n|-damage|p2a: Ting-Lu|55\/100 brn|[from] brn\n|upkeep\n|turn|13\n|j| Docter_Peng99\n|l| Docter_Peng99\n|inactive|boomp11 has 120 seconds left.\n|\n|t:|1698595795\n|move|p2b: Gholdengo|Protect|p2b: Gholdengo\n|-singleturn|p2b: Gholdengo|Protect\n|move|p1b: Overqwil|Liquidation|p2a: Ting-Lu\n|-supereffective|p2a: Ting-Lu\n|-damage|p2a: Ting-Lu|4\/100 brn\n|-damage|p1b: Overqwil|62\/100|[from] item: Life Orb\n|move|p1a: Pelipper|Hurricane|p2b: Gholdengo\n|-activate|p2b: Gholdengo|move: Protect\n|move|p2a: Ting-Lu|Whirlwind|p1b: Overqwil\n|drag|p1b: Kitsunoh|Kitsunoh, F|100\/100\n|-damage|p1b: Kitsunoh|76\/100|[from] Spikes\n|\n|-weather|RainDance|[upkeep]\n|-heal|p1b: Kitsunoh|82\/100|[from] Grassy Terrain\n|-heal|p2b: Gholdengo|30\/100|[from] Grassy Terrain\n|-heal|p2b: Gholdengo|36\/100|[from] item: Leftovers\n|-heal|p2a: Ting-Lu|10\/100 brn|[from] Grassy Terrain\n|-heal|p2a: Ting-Lu|16\/100 brn|[from] item: Leftovers\n|-damage|p2a: Ting-Lu|10\/100 brn|[from] brn\n|upkeep\n|turn|14\n|\n|t:|1698595811\n|move|p1b: Kitsunoh|Shadow Strike|p2b: Gholdengo\n|-supereffective|p2b: Gholdengo\n|-crit|p2b: Gholdengo\n|-damage|p2b: Gholdengo|0 fnt\n|faint|p2b: Gholdengo\n|move|p1a: Pelipper|Surf|p2a: Ting-Lu|[spread] p1b,p2a\n|-supereffective|p2a: Ting-Lu\n|-damage|p1b: Kitsunoh|48\/100\n|-damage|p2a: Ting-Lu|0 fnt\n|faint|p2a: Ting-Lu\n|\n|-weather|RainDance|[upkeep]\n|-heal|p1b: Kitsunoh|54\/100|[from] Grassy Terrain\n|-fieldend|move: Grassy Terrain\n|upkeep\n|\n|t:|1698595817\n|switch|p2b: Palafin|Palafin-Hero, M|100\/100\n|switch|p2a: Wo-Chien|Wo-Chien|100\/100\n|-activate|p2b: Palafin|ability: Zero to Hero\n|-ability|p2a: Wo-Chien|Tablets of Ruin\n|turn|15\n|\n|t:|1698595841\n|-terastallize|p2a: Wo-Chien|Poison\n|move|p2b: Palafin|Jet Punch|p1b: Kitsunoh\n|-damage|p1b: Kitsunoh|2\/100\n|move|p1b: Kitsunoh|Shadow Strike|p2b: Palafin|[miss]\n|-miss|p1b: Kitsunoh|p2b: Palafin\n|move|p2a: Wo-Chien|Leech Seed|p1a: Pelipper\n|-start|p1a: Pelipper|move: Leech Seed\n|move|p1a: Pelipper|Surf|p2b: Palafin|[spread] p1b,p2a,p2b\n|-resisted|p2b: Palafin\n|-damage|p1b: Kitsunoh|0 fnt\n|-damage|p2a: Wo-Chien|79\/100\n|-damage|p2b: Palafin|86\/100\n|faint|p1b: Kitsunoh\n|\n|-weather|RainDance|[upkeep]\n|-heal|p2b: Palafin|92\/100|[from] item: Leftovers\n|-heal|p2a: Wo-Chien|85\/100|[from] item: Leftovers\n|-damage|p1a: Pelipper|63\/100|[from] Leech Seed|[of] p2a: Wo-Chien\n|-heal|p2a: Wo-Chien|96\/100|[silent]\n|upkeep\n|\n|t:|1698595855\n|switch|p1b: Overqwil|Overqwil, F|62\/100\n|-damage|p1b: Overqwil|37\/100|[from] Spikes\n|turn|16\n|\n|t:|1698595864\n|move|p2b: Palafin|Jet Punch|p1b: Overqwil\n|-damage|p1b: Overqwil|0 fnt\n|faint|p1b: Overqwil\n|move|p2a: Wo-Chien|Pollen Puff|p2b: Palafin\n|-heal|p2b: Palafin|100\/100\n|move|p1a: Pelipper|Hurricane|p2b: Palafin\n|-damage|p2b: Palafin|66\/100\n|\n|-weather|RainDance|[upkeep]\n|-heal|p2b: Palafin|72\/100|[from] item: Leftovers\n|-heal|p2a: Wo-Chien|100\/100|[from] item: Leftovers\n|-damage|p1a: Pelipper|50\/100|[from] Leech Seed|[of] p2a: Wo-Chien\n|upkeep\n|turn|17\n|\n|t:|1698595872\n|move|p2b: Palafin|Bulk Up|p2b: Palafin\n|-boost|p2b: Palafin|atk|1\n|-boost|p2b: Palafin|def|1\n|move|p2a: Wo-Chien|Pollen Puff|p2b: Palafin\n|-heal|p2b: Palafin|100\/100\n|move|p1a: Pelipper|Hurricane|p2a: Wo-Chien\n|-damage|p2a: Wo-Chien|79\/100\n|-start|p2a: Wo-Chien|confusion\n|\n|-weather|RainDance|[upkeep]\n|-heal|p2a: Wo-Chien|85\/100|[from] item: Leftovers\n|-damage|p1a: Pelipper|38\/100|[from] Leech Seed|[of] p2a: Wo-Chien\n|-heal|p2a: Wo-Chien|95\/100|[silent]\n|upkeep\n|turn|18\n|c|\u2606boomp11|gg\n|c|\u2606Brigtel|gg\n|\n|t:|1698595882\n|move|p2b: Palafin|Jet Punch|p1a: Pelipper\n|-resisted|p1a: Pelipper\n|-damage|p1a: Pelipper|6\/100\n|-activate|p2a: Wo-Chien|confusion\n|-damage|p2a: Wo-Chien|91\/100|[from] confusion\n|move|p1a: Pelipper|Hurricane|p2b: Palafin\n|-damage|p2b: Palafin|68\/100\n|\n|-weather|RainDance|[upkeep]\n|-heal|p2b: Palafin|74\/100|[from] item: Leftovers\n|-heal|p2a: Wo-Chien|97\/100|[from] item: Leftovers\n|-damage|p1a: Pelipper|0 fnt|[from] Leech Seed|[of] p2a: Wo-Chien\n|-heal|p2a: Wo-Chien|100\/100|[silent]\n|faint|p1a: Pelipper\n|\n|win|Brigtel\n|upkeep\n|n|\u2606boomp11|boomp11\n|n|\u2606Brigtel|brigtel\n","uploadtime":1698595885,"views":13,"p1id":"boomp11","p2id":"brigtel","formatid":"gen9doublesou","rating":0,"private":0,"password":""}