{"id":"gen9doublesou-1973818753","p1":"AGr3atNam3","p2":"olyfan","format":"[Gen 9] Doubles OU","log":"|j|\u2606AGr3atNam3\n|j|\u2606olyfan\n|t:|1698016874\n|gametype|doubles\n|player|p1|AGr3atNam3|lucas|1000\n|player|p2|olyfan|102|1024\n|teamsize|p1|6\n|teamsize|p2|6\n|gen|9\n|tier|[Gen 9] Doubles OU\n|rated|\n|rule|Species Clause: Limit one of each Pok\u00e9mon\n|rule|OHKO Clause: OHKO moves are banned\n|rule|Evasion Moves Clause: Evasion moves are banned\n|rule|Gravity Sleep Clause: The combination of sleep-inducing moves with imperfect accuracy and Gravity or Gigantamax Orbeetle are banned\n|rule|Endless Battle Clause: Forcing endless battles is banned\n|rule|HP Percentage Mod: HP is shown in percentages\n|clearpoke\n|poke|p1|Talonflame, M|\n|poke|p1|Gliscor, F|\n|poke|p1|Iron Hands|\n|poke|p1|Kingambit, F|\n|poke|p1|Milotic, M|\n|poke|p1|Dusclops, F|\n|poke|p2|Oranguru, F|\n|poke|p2|Ogerpon, F|\n|poke|p2|Tornadus, M|\n|poke|p2|Iron Hands|\n|poke|p2|Ursaluna-Bloodmoon, M|\n|poke|p2|Tinkaton, F|\n|teampreview\n|\n|t:|1698016884\n|start\n|switch|p1a: Talonflame|Talonflame, M, shiny|100\/100\n|switch|p1b: Gliscor|Gliscor, F, shiny|100\/100\n|switch|p2a: Oranguru|Oranguru, F|100\/100\n|switch|p2b: Ursaluna|Ursaluna-Bloodmoon, M|100\/100\n|turn|1\n|\n|t:|1698016899\n|move|p1b: Gliscor|Protect|p1b: Gliscor\n|-singleturn|p1b: Gliscor|Protect\n|move|p1a: Talonflame|Tailwind|p1a: Talonflame\n|-sidestart|p1: AGr3atNam3|move: Tailwind\n|move|p2b: Ursaluna|Blood Moon|p1a: Talonflame\n|-damage|p1a: Talonflame|0 fnt\n|faint|p1a: Talonflame\n|move|p2a: Oranguru|Trick Room|p2a: Oranguru\n|-fieldstart|move: Trick Room|[of] p2a: Oranguru\n|\n|-status|p1b: Gliscor|tox|[from] item: Toxic Orb\n|upkeep\n|\n|t:|1698016934\n|switch|p1a: Dusclops|Dusclops, F, shiny|100\/100\n|-item|p2a: Oranguru|Chesto Berry|[from] ability: Frisk|[of] p1a: Dusclops|[identify]\n|-item|p2b: Ursaluna|Chesto Berry|[from] ability: Frisk|[of] p1a: Dusclops|[identify]\n|turn|2\n|\n|t:|1698016966\n|move|p2a: Oranguru|Psychic|p1a: Dusclops\n|-damage|p1a: Dusclops|81\/100\n|move|p2b: Ursaluna|Earth Power|p1b: Gliscor\n|-immune|p1b: Gliscor\n|move|p1a: Dusclops|Shadow Ball|p2b: Ursaluna\n|-immune|p2b: Ursaluna\n|move|p1b: Gliscor|Fling|p2a: Oranguru\n|-supereffective|p2a: Oranguru\n|-damage|p2a: Oranguru|83\/100\n|-status|p2a: Oranguru|tox\n|-enditem|p1b: Gliscor|Toxic Orb|[from] move: Fling\n|\n|-damage|p2a: Oranguru|77\/100 tox|[from] psn\n|upkeep\n|turn|3\n|\n|t:|1698016988\n|move|p2a: Oranguru|Instruct|p2b: Ursaluna\n|-singleturn|p2b: Ursaluna|move: Instruct|[of] p2a: Oranguru\n|move|p2b: Ursaluna|Earth Power|p1b: Gliscor\n|-immune|p1b: Gliscor\n|move|p2b: Ursaluna|Blood Moon|p1b: Gliscor\n|-damage|p1b: Gliscor|0 fnt\n|faint|p1b: Gliscor\n|move|p1a: Dusclops|Psychic|p2b: Ursaluna\n|-damage|p2b: Ursaluna|85\/100\n|\n|-damage|p2a: Oranguru|65\/100 tox|[from] psn\n|upkeep\n|\n|t:|1698017007\n|switch|p1b: Iron Hands|Iron Hands|100\/100\n|turn|4\n|\n|t:|1698017018\n|move|p1b: Iron Hands|Fake Out|p2b: Ursaluna\n|-damage|p2b: Ursaluna|75\/100\n|move|p2a: Oranguru|Instruct|p2b: Ursaluna\n|-singleturn|p2b: Ursaluna|move: Instruct|[of] p2a: Oranguru\n|cant|p2b: Ursaluna|flinch\n|cant|p2b: Ursaluna|flinch\n|move|p1a: Dusclops|Psychic|p2b: Ursaluna\n|-damage|p2b: Ursaluna|58\/100\n|\n|-damage|p2a: Oranguru|47\/100 tox|[from] psn\n|-sideend|p1: AGr3atNam3|move: Tailwind\n|upkeep\n|turn|5\n|\n|t:|1698017038\n|move|p1a: Dusclops|Psychic|p2b: Ursaluna\n|-damage|p2b: Ursaluna|43\/100\n|move|p2a: Oranguru|Instruct|p2b: Ursaluna\n|-singleturn|p2b: Ursaluna|move: Instruct|[of] p2a: Oranguru\n|move|p2b: Ursaluna|Blood Moon|p1b: Iron Hands\n|-damage|p1b: Iron Hands|49\/100\n|-hint|Some effects can force a Pokemon to use Blood Moon again in a row.\n|move|p2b: Ursaluna|Earth Power|p1b: Iron Hands\n|-supereffective|p1b: Iron Hands\n|-damage|p1b: Iron Hands|0 fnt\n|faint|p1b: Iron Hands\n|-end|p1b: Iron Hands|Quark Drive|[silent]\n|\n|-damage|p2a: Oranguru|23\/100 tox|[from] psn\n|-fieldend|move: Trick Room\n|upkeep\n|\n|t:|1698017055\n|switch|p1b: Milotic|Milotic, M, shiny|100\/100\n|turn|6\n|\n|t:|1698017063\n|move|p1b: Milotic|Scald|p2a: Oranguru\n|-damage|p2a: Oranguru|0 fnt\n|faint|p2a: Oranguru\n|move|p2b: Ursaluna|Blood Moon|p1b: Milotic\n|-damage|p1b: Milotic|44\/100\n|move|p1a: Dusclops|Psychic|p2b: Ursaluna\n|-damage|p2b: Ursaluna|28\/100\n|\n|-heal|p1b: Milotic|50\/100|[from] item: Leftovers\n|upkeep\n|\n|t:|1698017086\n|switch|p2a: Ogerpon|Ogerpon, F|100\/100\n|turn|7\n|\n|t:|1698017108\n|move|p1b: Milotic|Protect|p1b: Milotic\n|-singleturn|p1b: Milotic|Protect\n|move|p2a: Ogerpon|Ivy Cudgel|p1b: Milotic\n|-activate|p1b: Milotic|move: Protect\n|move|p2b: Ursaluna|Moonlight|p2b: Ursaluna\n|-heal|p2b: Ursaluna|78\/100\n|move|p1a: Dusclops|Psychic|p2b: Ursaluna\n|-damage|p2b: Ursaluna|64\/100\n|\n|-heal|p1b: Milotic|56\/100|[from] item: Leftovers\n|upkeep\n|turn|8\n|\n|t:|1698017142\n|switch|p1a: Kingambit|Kingambit, F|100\/100\n|-terastallize|p1b: Milotic|Dragon\n|move|p2a: Ogerpon|Ivy Cudgel|p1b: Milotic\n|-resisted|p1b: Milotic\n|-damage|p1b: Milotic|27\/100\n|move|p1b: Milotic|Ice Beam|p2a: Ogerpon\n|-supereffective|p2a: Ogerpon\n|-damage|p2a: Ogerpon|41\/100\n|move|p2b: Ursaluna|Moonlight|p2b: Ursaluna\n|-heal|p2b: Ursaluna|100\/100\n|\n|-heal|p1b: Milotic|33\/100|[from] item: Leftovers\n|upkeep\n|turn|9\n|\n|t:|1698017167\n|move|p2a: Ogerpon|Stomping Tantrum|p1b: Milotic\n|-damage|p1b: Milotic|0 fnt\n|faint|p1b: Milotic\n|move|p1a: Kingambit|Iron Head|p2b: Ursaluna\n|-damage|p2b: Ursaluna|66\/100\n|-damage|p1a: Kingambit|91\/100|[from] item: Life Orb\n|move|p2b: Ursaluna|Blood Moon|p1a: Kingambit\n|-resisted|p1a: Kingambit\n|-crit|p1a: Kingambit\n|-damage|p1a: Kingambit|23\/100\n|\n|upkeep\n|\n|t:|1698017176\n|switch|p1b: Dusclops|Dusclops, F, shiny|81\/100\n|-item|p2a: Ogerpon|Mirror Herb|[from] ability: Frisk|[of] p1b: Dusclops|[identify]\n|-item|p2b: Ursaluna|Chesto Berry|[from] ability: Frisk|[of] p1b: Dusclops|[identify]\n|turn|10\n|\n|t:|1698017189\n|move|p2a: Ogerpon|Stomping Tantrum|p1a: Kingambit\n|-supereffective|p1a: Kingambit\n|-damage|p1a: Kingambit|0 fnt\n|faint|p1a: Kingambit\n|move|p2b: Ursaluna|Earth Power|p1b: Dusclops\n|-damage|p1b: Dusclops|44\/100\n|move|p1b: Dusclops|Trick Room|p1b: Dusclops\n|-fieldstart|move: Trick Room|[of] p1b: Dusclops\n|\n|upkeep\n|turn|11\n|\n|t:|1698017202\n|move|p1b: Dusclops|Shadow Ball|p2a: Ogerpon\n|-damage|p2a: Ogerpon|18\/100\n|-unboost|p2a: Ogerpon|spd|1\n|-ability|p2a: Ogerpon|Defiant|boost\n|-boost|p2a: Ogerpon|atk|2\n|move|p2b: Ursaluna|Earth Power|p1b: Dusclops\n|-damage|p1b: Dusclops|10\/100\n|move|p2a: Ogerpon|Stomping Tantrum|p1b: Dusclops\n|-damage|p1b: Dusclops|0 fnt\n|faint|p1b: Dusclops\n|\n|win|olyfan\n|raw|AGr3atNam3's rating: 1000 &rarr; <strong>1000<\/strong><br \/>(+0 for losing)\n|raw|olyfan's rating: 1024 &rarr; <strong>1058<\/strong><br \/>(+34 for winning)\n","uploadtime":1698017217,"views":22,"p1id":"agr3atnam3","p2id":"olyfan","formatid":"gen9doublesou","rating":1000,"private":0,"password":""}