{"id":"gen9doublesou-1995125730","p1":"dropthemike","p2":"Trees3Lions6","format":"[Gen 9] Doubles OU","log":"|j|\u2606dropthemike\n|j|\u2606Trees3Lions6\n|t:|1700525400\n|gametype|doubles\n|player|p1|dropthemike|roxie|1031\n|player|p2|Trees3Lions6|hiker-gen4|1159\n|teamsize|p1|6\n|teamsize|p2|6\n|gen|9\n|tier|[Gen 9] Doubles OU\n|rated|\n|rule|Species Clause: Limit one of each Pok\u00e9mon\n|rule|OHKO Clause: OHKO moves are banned\n|rule|Evasion Moves Clause: Evasion moves are banned\n|rule|Gravity Sleep Clause: The combination of sleep-inducing moves with imperfect accuracy and Gravity or Gigantamax Orbeetle are banned\n|rule|Endless Battle Clause: Forcing endless battles is banned\n|rule|HP Percentage Mod: HP is shown in percentages\n|clearpoke\n|poke|p1|Skeledirge, F|\n|poke|p1|Diancie|\n|poke|p1|Noivern, M|\n|poke|p1|Regieleki|\n|poke|p1|Samurott, F|\n|poke|p1|Chesnaught, F|\n|poke|p2|Dragonite, M|\n|poke|p2|Orthworm, F|\n|poke|p2|Sinistcha-Masterpiece|\n|poke|p2|Vikavolt, M|\n|poke|p2|Fezandipiti, M|\n|poke|p2|Maushold-Four|\n|teampreview\n|c|\u2606dropthemike|Oh, hi again\n|\n|t:|1700525432\n|start\n|switch|p1a: Samurott|Samurott, F|100\/100\n|switch|p1b: Chesnaught|Chesnaught, F|100\/100\n|switch|p2a: Maushold|Maushold-Four|100\/100\n|switch|p2b: Fezandipiti|Fezandipiti, M|100\/100\n|turn|1\n|\n|t:|1700525451\n|move|p2a: Maushold|Population Bomb|p1a: Samurott\n|-damage|p1a: Samurott|93\/100\n|-hitcount|p1a: Samurott|1\n|move|p2b: Fezandipiti|Dazzling Gleam|p1b: Chesnaught|[spread] p1a,p1b\n|-supereffective|p1b: Chesnaught\n|-damage|p1a: Samurott|62\/100\n|-damage|p1b: Chesnaught|44\/100\n|move|p1a: Samurott|Water Pledge|p2b: Fezandipiti\n|-waiting|p1a: Samurott|p1b: Chesnaught\n|move|p1b: Chesnaught|Grass Pledge|p2b: Fezandipiti|[from]move: Water Pledge\n|-combine\n|-resisted|p2b: Fezandipiti\n|-damage|p2b: Fezandipiti|87\/100\n|-sidestart|p2: Trees3Lions6|Grass Pledge\n|\n|upkeep\n|turn|2\n|\n|t:|1700525472\n|move|p2a: Maushold|Protect|p2a: Maushold\n|-singleturn|p2a: Maushold|Protect\n|move|p1a: Samurott|Rain Dance|p1a: Samurott\n|-weather|RainDance\n|move|p1b: Chesnaught|Body Press|p2a: Maushold\n|-activate|p2a: Maushold|move: Protect\n|move|p2b: Fezandipiti|Dazzling Gleam|p1b: Chesnaught|[spread] p1a,p1b\n|-supereffective|p1b: Chesnaught\n|-damage|p1a: Samurott|33\/100\n|-damage|p1b: Chesnaught|0 fnt\n|faint|p1b: Chesnaught\n|\n|-weather|RainDance|[upkeep]\n|upkeep\n|\n|t:|1700525484\n|switch|p1b: Regieleki|Regieleki|100\/100\n|turn|3\n|\n|t:|1700525499\n|switch|p2a: Vikavolt|Vikavolt, M, shiny|100\/100\n|-terastallize|p1b: Regieleki|Electric\n|move|p1b: Regieleki|Electro Ball|p2b: Fezandipiti\n|-damage|p2b: Fezandipiti|0 fnt\n|faint|p2b: Fezandipiti\n|move|p1a: Samurott|Water Pulse|p2a: Vikavolt\n|-damage|p2a: Vikavolt|47\/100\n|\n|-weather|RainDance|[upkeep]\n|upkeep\n|\n|t:|1700525511\n|switch|p2b: Dragonite|Dragonite, M|100\/100\n|turn|4\n|\n|t:|1700525522\n|switch|p1a: Noivern|Noivern, M|100\/100\n|-terastallize|p2b: Dragonite|Ground\n|move|p1b: Regieleki|Electro Ball|p2a: Vikavolt\n|-resisted|p2a: Vikavolt\n|-damage|p2a: Vikavolt|0 fnt\n|faint|p2a: Vikavolt\n|move|p2b: Dragonite|Earthquake|p1a: Noivern|[spread] p1b\n|-immune|p1a: Noivern\n|-supereffective|p1b: Regieleki\n|-damage|p1b: Regieleki|0 fnt\n|faint|p1b: Regieleki\n|\n|-weather|RainDance|[upkeep]\n|-sideend|p2: Trees3Lions6|Grass Pledge\n|upkeep\n|\n|t:|1700525538\n|switch|p1b: Diancie|Diancie|100\/100\n|switch|p2a: Orthworm|Orthworm, F|100\/100\n|turn|5\n|\n|t:|1700525550\n|move|p1a: Noivern|Hurricane|p2b: Dragonite\n|-damage|p2b: Dragonite|52\/100\n|-start|p2b: Dragonite|confusion\n|-activate|p2b: Dragonite|confusion\n|-damage|p2b: Dragonite|35\/100|[from] confusion\n|move|p1b: Diancie|Substitute|p1b: Diancie\n|-start|p1b: Diancie|Substitute\n|-damage|p1b: Diancie|76\/100\n|move|p2a: Orthworm|Smack Down|p1a: Noivern\n|-supereffective|p1a: Noivern\n|-damage|p1a: Noivern|61\/100\n|-start|p1a: Noivern|Smack Down\n|\n|-weather|RainDance|[upkeep]\n|-heal|p1a: Noivern|67\/100|[from] item: Leftovers\n|-heal|p1b: Diancie|82\/100|[from] item: Leftovers\n|upkeep\n|turn|6\n|\n|t:|1700525572\n|move|p1a: Noivern|Dragon Pulse|p2b: Dragonite\n|-damage|p2b: Dragonite|0 fnt\n|faint|p2b: Dragonite\n|move|p1b: Diancie|Calm Mind|p1b: Diancie\n|-boost|p1b: Diancie|spa|1\n|-boost|p1b: Diancie|spd|1\n|move|p2a: Orthworm|High Horsepower|p1b: Diancie|[miss]\n|-miss|p2a: Orthworm|p1b: Diancie\n|\n|-weather|none\n|-heal|p1a: Noivern|73\/100|[from] item: Leftovers\n|-heal|p1b: Diancie|88\/100|[from] item: Leftovers\n|upkeep\n|\n|t:|1700525584\n|switch|p2b: Maushold|Maushold-Four|100\/100\n|turn|7\n|\n|t:|1700525592\n|move|p1a: Noivern|Flamethrower|p2a: Orthworm\n|-supereffective|p2a: Orthworm\n|-damage|p2a: Orthworm|20\/100\n|move|p2b: Maushold|Population Bomb|p1a: Noivern|[miss]\n|-miss|p2b: Maushold|p1a: Noivern\n|move|p1b: Diancie|Calm Mind|p1b: Diancie\n|-boost|p1b: Diancie|spa|1\n|-boost|p1b: Diancie|spd|1\n|move|p2a: Orthworm|Coil|p2a: Orthworm\n|-boost|p2a: Orthworm|atk|1\n|-boost|p2a: Orthworm|def|1\n|-boost|p2a: Orthworm|accuracy|1\n|\n|-heal|p1a: Noivern|80\/100|[from] item: Leftovers\n|-heal|p1b: Diancie|94\/100|[from] item: Leftovers\n|upkeep\n|turn|8\n|\n|t:|1700525617\n|move|p1a: Noivern|Flamethrower|p2a: Orthworm\n|-supereffective|p2a: Orthworm\n|-damage|p2a: Orthworm|0 fnt\n|faint|p2a: Orthworm\n|move|p2b: Maushold|Population Bomb|p1a: Noivern\n|-damage|p1a: Noivern|68\/100\n|-damage|p1a: Noivern|56\/100\n|-damage|p1a: Noivern|44\/100\n|-damage|p1a: Noivern|32\/100\n|-damage|p1a: Noivern|21\/100\n|-damage|p1a: Noivern|10\/100\n|-damage|p1a: Noivern|0 fnt\n|faint|p1a: Noivern\n|-hitcount|p1: Noivern|7\n|move|p1b: Diancie|Baton Pass|p1b: Diancie\n|\n|t:|1700525635\n|switch|p1b: Skeledirge|Skeledirge, F|100\/100|[from] Baton Pass\n|\n|upkeep\n|\n|t:|1700525642\n|switch|p1a: Samurott|Samurott, F|33\/100\n|switch|p2a: Sinistcha|Sinistcha-Masterpiece|100\/100\n|turn|9\n|\n|t:|1700525660\n|move|p2b: Maushold|After You|p2a: Sinistcha\n|-activate|p2a: Sinistcha|move: After You\n|move|p2a: Sinistcha|Matcha Gotcha|p1b: Skeledirge|[spread] p1a,p1b\n|-resisted|p1b: Skeledirge\n|-activate|p1b: Skeledirge|move: Substitute|[damage]\n|-supereffective|p1a: Samurott\n|-damage|p1a: Samurott|0 fnt\n|faint|p1a: Samurott\n|move|p1b: Skeledirge|Torch Song|p2a: Sinistcha\n|-supereffective|p2a: Sinistcha\n|-damage|p2a: Sinistcha|3\/100\n|-boost|p1b: Skeledirge|spa|1\n|\n|-heal|p2a: Sinistcha|9\/100|[from] item: Leftovers\n|upkeep\n|\n|t:|1700525674\n|switch|p1a: Diancie|Diancie|94\/100\n|turn|10\n|\n|t:|1700525685\n|move|p2b: Maushold|After You|p2a: Sinistcha\n|-activate|p2a: Sinistcha|move: After You\n|move|p2a: Sinistcha|Matcha Gotcha|p1b: Skeledirge|[spread] p1a,p1b\n|-resisted|p1b: Skeledirge\n|-activate|p1b: Skeledirge|move: Substitute|[damage]\n|-heal|p2a: Sinistcha|15\/100|[from] drain|[of] p1b: Skeledirge\n|-supereffective|p1a: Diancie\n|-damage|p1a: Diancie|36\/100\n|-heal|p2a: Sinistcha|40\/100|[from] drain|[of] p1a: Diancie\n|-status|p1a: Diancie|brn\n|move|p1a: Diancie|Diamond Storm|p2a: Sinistcha|[spread] p2a,p2b\n|-damage|p2a: Sinistcha|29\/100\n|-damage|p2b: Maushold|83\/100\n|-boost|p1a: Diancie|def|2\n|move|p1b: Skeledirge|Hex|p2a: Sinistcha\n|-supereffective|p2a: Sinistcha\n|-damage|p2a: Sinistcha|0 fnt\n|faint|p2a: Sinistcha\n|\n|-heal|p1a: Diancie|42\/100 brn|[from] item: Leftovers\n|-damage|p1a: Diancie|36\/100 brn|[from] brn\n|upkeep\n|turn|11\n|\n|t:|1700525761\n|move|p2b: Maushold|Population Bomb|p1a: Diancie\n|-resisted|p1a: Diancie\n|-damage|p1a: Diancie|34\/100 brn\n|-resisted|p1a: Diancie\n|-damage|p1a: Diancie|32\/100 brn\n|-resisted|p1a: Diancie\n|-damage|p1a: Diancie|31\/100 brn\n|-hitcount|p1a: Diancie|3\n|move|p1a: Diancie|Diamond Storm|p2b: Maushold\n|-damage|p2b: Maushold|60\/100\n|-boost|p1a: Diancie|def|2\n|move|p1b: Skeledirge|Fire Pledge|p2b: Maushold\n|-damage|p2b: Maushold|0 fnt\n|faint|p2b: Maushold\n|\n|win|dropthemike\n|raw|dropthemike's rating: 1031 &rarr; <strong>1079<\/strong><br \/>(+48 for winning)\n|raw|Trees3Lions6's rating: 1159 &rarr; <strong>1125<\/strong><br \/>(-34 for losing)\n|l|\u2606Trees3Lions6\n|c|\u2606dropthemike|gg\n","uploadtime":1700525781,"views":18,"p1id":"dropthemike","p2id":"trees3lions6","formatid":"gen9doublesou","rating":1079,"private":0,"password":""}