{"id":"gen9doublesou-1981889524","p1":"MrShyGuy049","p2":"Lucagin","format":"[Gen 9] Doubles OU","log":"|j|\u2606MrShyGuy049\n|j|\u2606Lucagin\n|t:|1698949340\n|gametype|doubles\n|player|p1|MrShyGuy049|grimsley|1232\n|player|p2|Lucagin|marlon|1299\n|teamsize|p1|6\n|teamsize|p2|6\n|gen|9\n|tier|[Gen 9] Doubles OU\n|rated|\n|rule|Species Clause: Limit one of each Pok\u00e9mon\n|rule|OHKO Clause: OHKO moves are banned\n|rule|Evasion Moves Clause: Evasion moves are banned\n|rule|Gravity Sleep Clause: The combination of sleep-inducing moves with imperfect accuracy and Gravity or Gigantamax Orbeetle are banned\n|rule|Endless Battle Clause: Forcing endless battles is banned\n|rule|HP Percentage Mod: HP is shown in percentages\n|clearpoke\n|poke|p1|Snorlax, F|\n|poke|p1|Landorus-Therian, M|\n|poke|p1|Sinistcha-Masterpiece|\n|poke|p1|Iron Hands|\n|poke|p1|Clefairy, F|\n|poke|p1|Kommo-o, F|\n|poke|p2|Dragonite, F|\n|poke|p2|Goodra, M|\n|poke|p2|Frosmoth, M|\n|poke|p2|Ninetales-Alola, M|\n|poke|p2|Meowscarada, F|\n|poke|p2|Iron Treads|\n|teampreview\n|\n|t:|1698949349\n|start\n|switch|p1a: Landorus|Landorus-Therian, M|100\/100\n|switch|p1b: Kommo-o|Kommo-o, F|100\/100\n|switch|p2a: Ninetales|Ninetales-Alola, M|100\/100\n|switch|p2b: Meowscarada|Meowscarada, F|100\/100\n|-ability|p1a: Landorus|Intimidate|boost\n|-unboost|p2a: Ninetales|atk|1\n|-unboost|p2b: Meowscarada|atk|1\n|-weather|Snow|[from] ability: Snow Warning|[of] p2a: Ninetales\n|turn|1\n|inactive|Battle timer is ON: inactive players will automatically lose when time's up. (requested by Lucagin)\n|\n|t:|1698949374\n|switch|p1a: Clefairy|Clefairy, F, shiny|100\/100\n|-terastallize|p1b: Kommo-o|Steel\n|move|p2b: Meowscarada|Play Rough|p1b: Kommo-o\n|-start|p2b: Meowscarada|typechange|Fairy|[from] ability: Protean\n|-resisted|p1b: Kommo-o\n|-damage|p1b: Kommo-o|92\/100\n|move|p2a: Ninetales|Blizzard|p1a: Clefairy|[spread] p1a,p1b\n|-resisted|p1b: Kommo-o\n|-damage|p1a: Clefairy|76\/100\n|-damage|p1b: Kommo-o|78\/100\n|move|p1b: Kommo-o|Clangorous Soul|p1b: Kommo-o\n|-boost|p1b: Kommo-o|atk|1\n|-boost|p1b: Kommo-o|def|1\n|-boost|p1b: Kommo-o|spa|1\n|-boost|p1b: Kommo-o|spd|1\n|-boost|p1b: Kommo-o|spe|1\n|-damage|p1b: Kommo-o|46\/100\n|-enditem|p1b: Kommo-o|Throat Spray\n|-boost|p1b: Kommo-o|spa|1|[from] item: Throat Spray\n|\n|-weather|Snow|[upkeep]\n|upkeep\n|turn|2\n|\n|t:|1698949395\n|move|p1b: Kommo-o|Protect|p1b: Kommo-o\n|-singleturn|p1b: Kommo-o|Protect\n|move|p2b: Meowscarada|Taunt|p1a: Clefairy\n|-start|p1a: Clefairy|move: Taunt\n|move|p2a: Ninetales|Encore|p1b: Kommo-o\n|-activate|p1b: Kommo-o|move: Protect\n|cant|p1a: Clefairy|move: Taunt|Heal Pulse\n|\n|-weather|Snow|[upkeep]\n|upkeep\n|turn|3\n|\n|t:|1698949418\n|switch|p2a: Dragonite|Dragonite, F|100\/100\n|switch|p1a: Sinistcha|Sinistcha-Masterpiece|100\/100\n|-heal|p1b: Kommo-o|71\/100|[from] ability: Hospitality|[of] p1a: Sinistcha\n|move|p1b: Kommo-o|Flash Cannon|p2a: Dragonite\n|-damage|p2a: Dragonite|65\/100\n|move|p2b: Meowscarada|Taunt|p1b: Kommo-o\n|-start|p1b: Kommo-o|move: Taunt\n|\n|-weather|Snow|[upkeep]\n|upkeep\n|turn|4\n|\n|t:|1698949447\n|switch|p1a: Landorus|Landorus-Therian, M|100\/100\n|-ability|p1a: Landorus|Intimidate|boost\n|-unboost|p2a: Dragonite|atk|1\n|-unboost|p2b: Meowscarada|atk|1\n|move|p1b: Kommo-o|Flash Cannon|p2b: Meowscarada\n|-supereffective|p2b: Meowscarada\n|-enditem|p2b: Meowscarada|Focus Sash\n|-damage|p2b: Meowscarada|1\/100\n|move|p2b: Meowscarada|Knock Off|p1a: Landorus\n|-damage|p1a: Landorus|85\/100\n|-enditem|p1a: Landorus|Choice Scarf|[from] move: Knock Off|[of] p2b: Meowscarada\n|move|p2a: Dragonite|Dragon Dance|p2a: Dragonite\n|-boost|p2a: Dragonite|atk|1\n|-boost|p2a: Dragonite|spe|1\n|\n|-weather|Snow|[upkeep]\n|upkeep\n|turn|5\n|\n|t:|1698949463\n|move|p1b: Kommo-o|Clanging Scales|p2b: Meowscarada|[spread] p2a\n|-immune|p2b: Meowscarada\n|-supereffective|p2a: Dragonite\n|-damage|p2a: Dragonite|0 fnt\n|faint|p2a: Dragonite\n|-unboost|p1b: Kommo-o|def|1\n|move|p2b: Meowscarada|Flower Trick|p1a: Landorus\n|-crit|p1a: Landorus\n|-damage|p1a: Landorus|45\/100\n|move|p1a: Landorus|U-turn|p2b: Meowscarada\n|-resisted|p2b: Meowscarada\n|-crit|p2b: Meowscarada\n|-damage|p2b: Meowscarada|0 fnt\n|faint|p2b: Meowscarada\n|\n|t:|1698949477\n|switch|p1a: Sinistcha|Sinistcha-Masterpiece|100\/100|[from] U-turn\n|-heal|p1b: Kommo-o|95\/100|[from] ability: Hospitality|[of] p1a: Sinistcha\n|\n|-weather|none\n|upkeep\n|\n|t:|1698949481\n|switch|p2b: Goodra|Goodra, M, shiny|100\/100\n|switch|p2a: Ninetales|Ninetales-Alola, M|100\/100\n|-weather|Snow|[from] ability: Snow Warning|[of] p2a: Ninetales\n|turn|6\n|\n|t:|1698949504\n|switch|p1a: Clefairy|Clefairy, F, shiny|76\/100\n|-terastallize|p2b: Goodra|Fairy\n|move|p1b: Kommo-o|Flash Cannon|p2a: Ninetales\n|-supereffective|p2a: Ninetales\n|-damage|p2a: Ninetales|0 fnt\n|faint|p2a: Ninetales\n|move|p2b: Goodra|Flamethrower|p1b: Kommo-o\n|-supereffective|p1b: Kommo-o\n|-damage|p1b: Kommo-o|66\/100\n|\n|-weather|Snow|[upkeep]\n|-end|p1b: Kommo-o|move: Taunt\n|upkeep\n|\n|t:|1698949512\n|switch|p2a: Iron Treads|Iron Treads, shiny|100\/100\n|turn|7\n|\n|t:|1698949527\n|move|p1a: Clefairy|Helping Hand|p1b: Kommo-o\n|-singleturn|p1b: Kommo-o|Helping Hand|[of] p1a: Clefairy\n|move|p1b: Kommo-o|Flash Cannon|p2b: Goodra\n|-supereffective|p2b: Goodra\n|-damage|p2b: Goodra|17\/100\n|move|p2a: Iron Treads|Earthquake|p1a: Clefairy|[spread] p2b,p1a,p1b\n|-supereffective|p1b: Kommo-o\n|-damage|p2b: Goodra|0 fnt\n|-damage|p1a: Clefairy|46\/100\n|-damage|p1b: Kommo-o|20\/100\n|faint|p2b: Goodra\n|\n|-weather|Snow|[upkeep]\n|upkeep\n|\n|t:|1698949535\n|switch|p2b: Frosmoth|Frosmoth, M, shiny|100\/100\n|turn|8\n|\n|t:|1698949542\n|move|p1b: Kommo-o|Protect|p1b: Kommo-o\n|-singleturn|p1b: Kommo-o|Protect\n|move|p2a: Iron Treads|Rapid Spin|p1a: Clefairy\n|-damage|p1a: Clefairy|32\/100\n|-boost|p2a: Iron Treads|spe|1\n|move|p2b: Frosmoth|Quiver Dance|p2b: Frosmoth\n|-boost|p2b: Frosmoth|spa|1\n|-boost|p2b: Frosmoth|spd|1\n|-boost|p2b: Frosmoth|spe|1\n|move|p1a: Clefairy|Heal Pulse|p1b: Kommo-o\n|-activate|p1b: Kommo-o|move: Protect\n|\n|-weather|Snow|[upkeep]\n|upkeep\n|turn|9\n|\n|t:|1698949560\n|move|p1a: Clefairy|Follow Me|p1a: Clefairy\n|-singleturn|p1a: Clefairy|move: Follow Me\n|move|p2a: Iron Treads|Earthquake|p1a: Clefairy|[spread] p2b,p1a,p1b\n|-resisted|p2b: Frosmoth\n|-supereffective|p1b: Kommo-o\n|-damage|p2b: Frosmoth|80\/100\n|-damage|p1a: Clefairy|2\/100\n|-damage|p1b: Kommo-o|0 fnt\n|faint|p1b: Kommo-o\n|move|p2b: Frosmoth|Quiver Dance|p2b: Frosmoth\n|-boost|p2b: Frosmoth|spa|1\n|-boost|p2b: Frosmoth|spd|1\n|-boost|p2b: Frosmoth|spe|1\n|\n|-weather|Snow|[upkeep]\n|-heal|p2b: Frosmoth|86\/100|[from] item: Leftovers\n|upkeep\n|\n|t:|1698949574\n|switch|p1b: Iron Hands|Iron Hands|100\/100\n|turn|10\n|\n|t:|1698949597\n|move|p1a: Clefairy|Helping Hand|p1b: Iron Hands\n|-singleturn|p1b: Iron Hands|Helping Hand|[of] p1a: Clefairy\n|move|p2a: Iron Treads|Earthquake|p1b: Iron Hands|[spread] p2b,p1a,p1b\n|-resisted|p2b: Frosmoth\n|-supereffective|p1b: Iron Hands\n|-damage|p2b: Frosmoth|65\/100\n|-damage|p1a: Clefairy|0 fnt\n|-damage|p1b: Iron Hands|64\/100\n|faint|p1a: Clefairy\n|move|p2b: Frosmoth|Ice Beam|p1b: Iron Hands\n|-damage|p1b: Iron Hands|16\/100\n|-status|p1b: Iron Hands|frz\n|cant|p1b: Iron Hands|frz\n|\n|-weather|none\n|-heal|p2b: Frosmoth|71\/100|[from] item: Leftovers\n|upkeep\n|inactive|MrShyGuy049 has 120 seconds left.\n|\n|t:|1698949615\n|switch|p1a: Landorus|Landorus-Therian, M|45\/100\n|-ability|p1a: Landorus|Intimidate|boost\n|-unboost|p2a: Iron Treads|atk|1\n|-unboost|p2b: Frosmoth|atk|1\n|turn|11\n|\n|t:|1698949625\n|-end|p1b: Iron Hands|Quark Drive|[silent]\n|switch|p1b: Sinistcha|Sinistcha-Masterpiece|100\/100\n|-heal|p1a: Landorus|70\/100|[from] ability: Hospitality|[of] p1b: Sinistcha\n|move|p2a: Iron Treads|Ice Spinner|p1a: Landorus\n|-supereffective|p1a: Landorus\n|-damage|p1a: Landorus|0 fnt\n|faint|p1a: Landorus\n|move|p2b: Frosmoth|Ice Beam|p1b: Sinistcha\n|-supereffective|p1b: Sinistcha\n|-damage|p1b: Sinistcha|0 fnt\n|faint|p1b: Sinistcha\n|\n|-heal|p2b: Frosmoth|77\/100|[from] item: Leftovers\n|upkeep\n|\n|t:|1698949637\n|switch|p1a: Snorlax|Snorlax, F|100\/100\n|switch|p1b: Iron Hands|Iron Hands|16\/100 frz\n|turn|12\n|\n|t:|1698949646\n|cant|p1b: Iron Hands|frz\n|move|p2a: Iron Treads|Earthquake|p1b: Iron Hands|[spread] p2b,p1a,p1b\n|-resisted|p2b: Frosmoth\n|-supereffective|p1b: Iron Hands\n|-damage|p2b: Frosmoth|54\/100\n|-damage|p1a: Snorlax|85\/100\n|-damage|p1b: Iron Hands|0 fnt\n|faint|p1b: Iron Hands\n|-end|p1b: Iron Hands|Quark Drive|[silent]\n|move|p2b: Frosmoth|Ice Beam|p1a: Snorlax\n|-damage|p1a: Snorlax|54\/100\n|move|p1a: Snorlax|Belly Drum|p1a: Snorlax\n|-damage|p1a: Snorlax|4\/100\n|-setboost|p1a: Snorlax|atk|6|[from] move: Belly Drum\n|-enditem|p1a: Snorlax|Sitrus Berry|[eat]\n|-heal|p1a: Snorlax|29\/100|[from] item: Sitrus Berry\n|\n|-heal|p2b: Frosmoth|60\/100|[from] item: Leftovers\n|upkeep\n|turn|13\n|\n|t:|1698949651\n|move|p2a: Iron Treads|Iron Head|p1a: Snorlax\n|-damage|p1a: Snorlax|11\/100\n|move|p2b: Frosmoth|Ice Beam|p1a: Snorlax\n|-damage|p1a: Snorlax|0 fnt\n|faint|p1a: Snorlax\n|\n|win|Lucagin\n|raw|MrShyGuy049's rating: 1232 &rarr; <strong>1212<\/strong><br \/>(-20 for losing)\n|raw|Lucagin's rating: 1299 &rarr; <strong>1319<\/strong><br \/>(+20 for winning)\n","uploadtime":1698949657,"views":21,"p1id":"mrshyguy049","p2id":"lucagin","formatid":"gen9doublesou","rating":1212,"private":0,"password":""}