{"id":"gen9doublesou-1987280993","p1":"Bramhakamalam","p2":"Todaisal","format":"[Gen 9] Doubles OU","log":"|j|\u2606Bramhakamalam\n|j|\u2606Todaisal\n|t:|1699572704\n|gametype|doubles\n|player|p1|Bramhakamalam|parasollady|1372\n|player|p2|Todaisal|265|1274\n|teamsize|p1|6\n|teamsize|p2|6\n|gen|9\n|tier|[Gen 9] Doubles OU\n|rated|\n|rule|Species Clause: Limit one of each Pok\u00e9mon\n|rule|OHKO Clause: OHKO moves are banned\n|rule|Evasion Moves Clause: Evasion moves are banned\n|rule|Gravity Sleep Clause: The combination of sleep-inducing moves with imperfect accuracy and Gravity or Gigantamax Orbeetle are banned\n|rule|Endless Battle Clause: Forcing endless battles is banned\n|rule|HP Percentage Mod: HP is shown in percentages\n|clearpoke\n|poke|p1|Ogerpon-Hearthflame, F|\n|poke|p1|Rillaboom, F|\n|poke|p1|Flutter Mane|\n|poke|p1|Regieleki|\n|poke|p1|Glimmora, F|\n|poke|p1|Clefairy, F|\n|poke|p2|Oricorio-Pom-Pom, M|\n|poke|p2|Volcarona, F|\n|poke|p2|Grimmsnarl, M|\n|poke|p2|Lilligant-Hisui, F|\n|poke|p2|Krookodile, M|\n|poke|p2|Ninetales, F|\n|teampreview\n|\n|t:|1699572717\n|start\n|switch|p1a: Glimmora|Glimmora, F|100\/100\n|switch|p1b: Rillaboom|Rillaboom, F|100\/100\n|switch|p2a: Oricorio|Oricorio-Pom-Pom, M|100\/100\n|switch|p2b: Grimmsnarl|Grimmsnarl, M|100\/100\n|-fieldstart|move: Grassy Terrain|[from] ability: Grassy Surge|[of] p1b: Rillaboom\n|turn|1\n|inactive|Battle timer is ON: inactive players will automatically lose when time's up. (requested by Bramhakamalam)\n|\n|t:|1699572735\n|move|p1b: Rillaboom|Fake Out|p2b: Grimmsnarl\n|-damage|p2b: Grimmsnarl|87\/100\n|cant|p2b: Grimmsnarl|flinch\n|move|p1a: Glimmora|Mortal Spin|p2b: Grimmsnarl|[spread] p2a,p2b\n|-supereffective|p2b: Grimmsnarl\n|-damage|p2a: Oricorio|96\/100\n|-damage|p2b: Grimmsnarl|78\/100\n|-status|p2a: Oricorio|psn\n|-status|p2b: Grimmsnarl|psn\n|move|p2a: Oricorio|Quiver Dance|p2a: Oricorio\n|-boost|p2a: Oricorio|spa|1\n|-boost|p2a: Oricorio|spd|1\n|-boost|p2a: Oricorio|spe|1\n|\n|-heal|p2a: Oricorio|100\/100 psn|[from] item: Leftovers\n|-heal|p2b: Grimmsnarl|84\/100 psn|[from] Grassy Terrain\n|-damage|p2a: Oricorio|88\/100 psn|[from] psn\n|-damage|p2b: Grimmsnarl|72\/100 psn|[from] psn\n|upkeep\n|turn|2\n|\n|t:|1699572753\n|move|p1b: Rillaboom|Protect|p1b: Rillaboom\n|-singleturn|p1b: Rillaboom|Protect\n|move|p2b: Grimmsnarl|Reflect|p2b: Grimmsnarl\n|-sidestart|p2: Todaisal|Reflect\n|move|p2a: Oricorio|Quiver Dance|p2a: Oricorio\n|-boost|p2a: Oricorio|spa|1\n|-boost|p2a: Oricorio|spd|1\n|-boost|p2a: Oricorio|spe|1\n|move|p1a: Glimmora|Venoshock|p2a: Oricorio\n|-damage|p2a: Oricorio|50\/100 psn\n|\n|-heal|p2a: Oricorio|57\/100 psn|[from] item: Leftovers\n|-heal|p2b: Grimmsnarl|78\/100 psn|[from] Grassy Terrain\n|-damage|p2a: Oricorio|44\/100 psn|[from] psn\n|-damage|p2b: Grimmsnarl|65\/100 psn|[from] psn\n|upkeep\n|turn|3\n|\n|t:|1699572780\n|-terastallize|p1a: Glimmora|Fairy\n|move|p1b: Rillaboom|Grassy Glide|p2a: Oricorio\n|-resisted|p2a: Oricorio\n|-damage|p2a: Oricorio|32\/100 psn\n|move|p2b: Grimmsnarl|Parting Shot|p1a: Glimmora\n|-unboost|p1a: Glimmora|atk|1\n|-unboost|p1a: Glimmora|spa|1\n|\n|t:|1699572794\n|switch|p2b: Volcarona|Volcarona, F|100\/100|[from] Parting Shot\n|move|p2a: Oricorio|Air Cutter|p1a: Glimmora|[spread] p1a,p1b\n|-supereffective|p1b: Rillaboom\n|-damage|p1a: Glimmora|63\/100\n|-damage|p1b: Rillaboom|14\/100\n|move|p1a: Glimmora|Dazzling Gleam|p2b: Volcarona|[spread] p2a,p2b\n|-resisted|p2b: Volcarona\n|-damage|p2a: Oricorio|21\/100 psn\n|-damage|p2b: Volcarona|90\/100\n|\n|-heal|p2a: Oricorio|27\/100 psn|[from] item: Leftovers\n|-heal|p2b: Volcarona|96\/100|[from] Grassy Terrain\n|-heal|p1a: Glimmora|70\/100|[from] Grassy Terrain\n|-heal|p1b: Rillaboom|20\/100|[from] Grassy Terrain\n|-damage|p2a: Oricorio|15\/100 psn|[from] psn\n|upkeep\n|turn|4\n|\n|t:|1699572816\n|switch|p1b: Clefairy|Clefairy, F|100\/100\n|move|p2a: Oricorio|Revelation Dance|p1a: Glimmora\n|-damage|p1a: Glimmora|14\/100\n|move|p2b: Volcarona|Fiery Dance|p1b: Clefairy\n|-damage|p1b: Clefairy|80\/100\n|-boost|p2b: Volcarona|spa|1\n|-activate|p2a: Oricorio|ability: Dancer\n|move|p2a: Oricorio|Fiery Dance|p1b: Clefairy|[from]ability: Dancer\n|-damage|p1b: Clefairy|59\/100\n|-boost|p2a: Oricorio|spa|1\n|move|p1a: Glimmora|Mortal Spin|p2a: Oricorio|[spread] p2a,p2b\n|-damage|p2a: Oricorio|13\/100 psn\n|-damage|p2b: Volcarona|94\/100\n|-status|p2b: Volcarona|psn\n|-status|p1a: Glimmora|brn|[from] ability: Flame Body|[of] p2b: Volcarona\n|\n|-heal|p2a: Oricorio|19\/100 psn|[from] item: Leftovers\n|-heal|p2b: Volcarona|99\/100 psn|[from] Grassy Terrain\n|-heal|p1a: Glimmora|20\/100 brn|[from] Grassy Terrain\n|-heal|p1b: Clefairy|65\/100|[from] Grassy Terrain\n|-damage|p2a: Oricorio|7\/100 psn|[from] psn\n|-damage|p2b: Volcarona|87\/100 psn|[from] psn\n|-damage|p1a: Glimmora|14\/100 brn|[from] brn\n|upkeep\n|turn|5\n|inactive|Bramhakamalam has 120 seconds left.\n|\n|t:|1699572849\n|move|p1b: Clefairy|Follow Me|p1b: Clefairy\n|-singleturn|p1b: Clefairy|move: Follow Me\n|move|p2a: Oricorio|Air Cutter|p1a: Glimmora|[spread] p1a,p1b\n|-crit|p1a: Glimmora\n|-damage|p1a: Glimmora|0 fnt\n|-damage|p1b: Clefairy|43\/100\n|faint|p1a: Glimmora\n|move|p2b: Volcarona|Fiery Dance|p1b: Clefairy\n|-damage|p1b: Clefairy|9\/100\n|-boost|p2b: Volcarona|spa|1\n|-activate|p2a: Oricorio|ability: Dancer\n|move|p2a: Oricorio|Fiery Dance|p1b: Clefairy|[from]ability: Dancer\n|-damage|p1b: Clefairy|0 fnt\n|-boost|p2a: Oricorio|spa|1\n|faint|p1b: Clefairy\n|\n|-heal|p2a: Oricorio|13\/100 psn|[from] item: Leftovers\n|-heal|p2b: Volcarona|93\/100 psn|[from] Grassy Terrain\n|-damage|p2a: Oricorio|1\/100 psn|[from] psn\n|-damage|p2b: Volcarona|81\/100 psn|[from] psn\n|upkeep\n|inactive|Bramhakamalam has 120 seconds left.\n|\n|t:|1699572866\n|switch|p1a: Ogerpon|Ogerpon-Hearthflame, F|100\/100\n|switch|p1b: Rillaboom|Rillaboom, F|20\/100\n|-ability|p1a: Ogerpon|Mold Breaker\n|turn|6\n|\n|t:|1699572891\n|move|p1b: Rillaboom|Fake Out|p2a: Oricorio\n|-damage|p2a: Oricorio|0 fnt\n|faint|p2a: Oricorio\n|move|p1a: Ogerpon|Ivy Cudgel|p2b: Volcarona\n|-damage|p2b: Volcarona|31\/100 psn\n|move|p2b: Volcarona|Tailwind|p2b: Volcarona\n|-sidestart|p2: Todaisal|move: Tailwind\n|\n|-heal|p2b: Volcarona|37\/100 psn|[from] Grassy Terrain\n|-heal|p1b: Rillaboom|26\/100|[from] Grassy Terrain\n|-damage|p2b: Volcarona|25\/100 psn|[from] psn\n|upkeep\n|\n|t:|1699572899\n|switch|p2a: Lilligant|Lilligant-Hisui, F|100\/100\n|turn|7\n|\n|t:|1699572907\n|move|p1b: Rillaboom|Protect|p1b: Rillaboom\n|-singleturn|p1b: Rillaboom|Protect\n|move|p2a: Lilligant|Poison Jab|p1a: Ogerpon\n|-supereffective|p1a: Ogerpon\n|-damage|p1a: Ogerpon|15\/100\n|-status|p1a: Ogerpon|psn\n|-damage|p2a: Lilligant|91\/100|[from] item: Life Orb\n|move|p2b: Volcarona|Fiery Dance|p1b: Rillaboom\n|-activate|p1b: Rillaboom|move: Protect\n|move|p1a: Ogerpon|Ivy Cudgel|p2b: Volcarona\n|-damage|p2b: Volcarona|0 fnt\n|faint|p2b: Volcarona\n|\n|-heal|p2a: Lilligant|97\/100|[from] Grassy Terrain\n|-heal|p1a: Ogerpon|21\/100 psn|[from] Grassy Terrain\n|-heal|p1b: Rillaboom|32\/100|[from] Grassy Terrain\n|-damage|p1a: Ogerpon|9\/100 psn|[from] psn\n|upkeep\n|\n|t:|1699572915\n|switch|p2b: Krookodile|Krookodile, M|100\/100\n|-ability|p2b: Krookodile|Intimidate|boost\n|-unboost|p1a: Ogerpon|atk|1\n|-unboost|p1b: Rillaboom|atk|1\n|turn|8\n|\n|t:|1699572924\n|switch|p1b: Regieleki|Regieleki|100\/100\n|move|p1a: Ogerpon|Spiky Shield|p1a: Ogerpon\n|-singleturn|p1a: Ogerpon|move: Protect\n|move|p2a: Lilligant|Poison Jab|p1b: Regieleki\n|-damage|p1b: Regieleki|54\/100\n|-damage|p2a: Lilligant|87\/100|[from] item: Life Orb\n|move|p2b: Krookodile|Knock Off|p1a: Ogerpon\n|-activate|p1a: Ogerpon|move: Protect\n|-damage|p2b: Krookodile|88\/100|[from] Spiky Shield|[of] p1a: Ogerpon\n|\n|-heal|p2a: Lilligant|93\/100|[from] Grassy Terrain\n|-heal|p2b: Krookodile|94\/100|[from] Grassy Terrain\n|-heal|p1b: Regieleki|60\/100|[from] Grassy Terrain\n|-heal|p1a: Ogerpon|15\/100 psn|[from] Grassy Terrain\n|-damage|p1a: Ogerpon|2\/100 psn|[from] psn\n|-fieldend|move: Grassy Terrain\n|upkeep\n|turn|9\n|\n|t:|1699572943\n|move|p2a: Lilligant|Close Combat|p1b: Regieleki\n|-damage|p1b: Regieleki|0 fnt\n|-unboost|p2a: Lilligant|def|1\n|-unboost|p2a: Lilligant|spd|1\n|faint|p1b: Regieleki\n|-damage|p2a: Lilligant|83\/100|[from] item: Life Orb\n|move|p2b: Krookodile|Knock Off|p1a: Ogerpon\n|-damage|p1a: Ogerpon|0 fnt\n|faint|p1a: Ogerpon\n|\n|-sideend|p2: Todaisal|Reflect\n|-sideend|p2: Todaisal|move: Tailwind\n|upkeep\n|\n|t:|1699572948\n|switch|p1b: Flutter Mane|Flutter Mane|100\/100\n|switch|p1a: Rillaboom|Rillaboom, F|32\/100\n|-fieldstart|move: Grassy Terrain|[from] ability: Grassy Surge|[of] p1a: Rillaboom\n|turn|10\n|\n|t:|1699572960\n|switch|p2b: Ninetales|Ninetales, F|100\/100\n|-weather|SunnyDay|[from] ability: Drought|[of] p2b: Ninetales\n|-activate|p1b: Flutter Mane|ability: Protosynthesis\n|-start|p1b: Flutter Mane|protosynthesisspe\n|move|p1a: Rillaboom|Fake Out|p2a: Lilligant\n|-damage|p2a: Lilligant|54\/100\n|cant|p2a: Lilligant|flinch\n|move|p1b: Flutter Mane|Moonblast|p2b: Ninetales\n|-resisted|p2b: Ninetales\n|-damage|p2b: Ninetales|65\/100\n|-unboost|p2b: Ninetales|spa|1\n|-damage|p1b: Flutter Mane|91\/100|[from] item: Life Orb\n|\n|-weather|SunnyDay|[upkeep]\n|-heal|p2a: Lilligant|60\/100|[from] Grassy Terrain\n|-heal|p1b: Flutter Mane|97\/100|[from] Grassy Terrain\n|-heal|p1a: Rillaboom|38\/100|[from] Grassy Terrain\n|-heal|p2b: Ninetales|71\/100|[from] Grassy Terrain\n|upkeep\n|turn|11\n|\n|t:|1699572973\n|move|p1a: Rillaboom|Protect|p1a: Rillaboom\n|-singleturn|p1a: Rillaboom|Protect\n|move|p2a: Lilligant|Ice Spinner|p1b: Flutter Mane\n|-damage|p1b: Flutter Mane|30\/100\n|-fieldend|move: Grassy Terrain\n|-damage|p2a: Lilligant|50\/100|[from] item: Life Orb\n|move|p1b: Flutter Mane|Dazzling Gleam|p2b: Ninetales|[spread] p2a,p2b\n|-supereffective|p2a: Lilligant\n|-resisted|p2b: Ninetales\n|-damage|p2a: Lilligant|0 fnt\n|-damage|p2b: Ninetales|49\/100\n|faint|p2a: Lilligant\n|-damage|p1b: Flutter Mane|20\/100|[from] item: Life Orb\n|move|p2b: Ninetales|Heat Wave|p1b: Flutter Mane|[spread] p1b\n|-activate|p1a: Rillaboom|move: Protect\n|-damage|p1b: Flutter Mane|0 fnt\n|faint|p1b: Flutter Mane\n|-end|p1b: Flutter Mane|Protosynthesis|[silent]\n|\n|-weather|SunnyDay|[upkeep]\n|upkeep\n|\n|t:|1699572983\n|switch|p2a: Krookodile|Krookodile, M|94\/100\n|-ability|p2a: Krookodile|Intimidate|boost\n|-unboost|p1a: Rillaboom|atk|1\n|turn|12\n|l|\u2606Bramhakamalam\n|inactive|Bramhakamalam disconnected and has a minute to reconnect!\n|player|p1|\n|inactive|Bramhakamalam has 30 seconds to reconnect!\n|inactive|Bramhakamalam has 20 seconds to reconnect!\n|inactive|Bramhakamalam has 15 seconds to reconnect!\n|inactive|Bramhakamalam has 10 seconds to reconnect!\n|inactive|Bramhakamalam has 5 seconds to reconnect!\n|-message|Bramhakamalam lost due to inactivity.\n|\n|win|Todaisal\n|raw|Bramhakamalam's rating: 1372 &rarr; <strong>1347<\/strong><br \/>(-25 for losing)\n|raw|Todaisal's rating: 1274 &rarr; <strong>1306<\/strong><br \/>(+32 for winning)\n","uploadtime":1699573061,"views":12,"p1id":"bramhakamalam","p2id":"todaisal","formatid":"gen9doublesou","rating":1306,"private":0,"password":""}