{"id":"gen9doublesou-1968188150","p1":"deadlydirt","p2":"VirtuTala","format":"[Gen 9] Doubles OU","log":"|html|<div class=\"broadcast-blue\"><strong>[Gen 9] Doubles OU is currently suspecting Basculegion & Flutter Mane! For information on how to participate check out the <a href=\"https:\/\/www.smogon.com\/forums\/threads\/np-sv-dou-stage-8-double-trouble.3729153\/\">suspect thread<\/a>.<\/strong><\/div>\n|j|\u2606deadlydirt\n|j|\u2606VirtuTala\n|t:|1697393008\n|gametype|doubles\n|player|p1|deadlydirt|harlequin|1109\n|player|p2|VirtuTala|pokemaniac|1055\n|teamsize|p1|6\n|teamsize|p2|6\n|gen|9\n|tier|[Gen 9] Doubles OU\n|rated|\n|rule|Species Clause: Limit one of each Pok\u00e9mon\n|rule|OHKO Clause: OHKO moves are banned\n|rule|Evasion Moves Clause: Evasion moves are banned\n|rule|Gravity Sleep Clause: The combination of sleep-inducing moves with imperfect accuracy and Gravity or Gigantamax Orbeetle are banned\n|rule|Endless Battle Clause: Forcing endless battles is banned\n|rule|HP Percentage Mod: HP is shown in percentages\n|clearpoke\n|poke|p1|Florges-Blue, F|\n|poke|p1|Dragonite, M|\n|poke|p1|Sylveon, F|\n|poke|p1|Pawmot, M|\n|poke|p1|Iron Hands|\n|poke|p1|Cyclizar, M|\n|poke|p2|Volcarona, M|\n|poke|p2|Oricorio-Pom-Pom, M|\n|poke|p2|Gallade, M|\n|poke|p2|Hydreigon, F|\n|poke|p2|Gliscor, F|\n|poke|p2|Slowbro-Galar, F|\n|teampreview\n|\n|t:|1697393013\n|start\n|switch|p1a: Florges|Florges-Blue, F, shiny|100\/100\n|switch|p1b: Cyclizar|Cyclizar, M, shiny|100\/100\n|switch|p2a: Volcarona|Volcarona, M|100\/100\n|switch|p2b: Oricorio|Oricorio-Pom-Pom, M|100\/100\n|turn|1\n|\n|t:|1697393035\n|move|p1b: Cyclizar|Shed Tail|p1b: Cyclizar\n|-start|p1b: Cyclizar|Substitute|[from] move: Shed Tail\n|-damage|p1b: Cyclizar|50\/100\n|-enditem|p1b: Cyclizar|Sitrus Berry|[eat]\n|-heal|p1b: Cyclizar|75\/100|[from] item: Sitrus Berry\n|inactive|Battle timer is ON: inactive players will automatically lose when time's up. (requested by VirtuTala)\n|\n|t:|1697393060\n|switch|p1b: Sylveon|Sylveon, F, shiny|100\/100|[from] Shed Tail\n|move|p2a: Volcarona|Fiery Dance|p1a: Florges\n|-damage|p1a: Florges|74\/100\n|-boost|p2a: Volcarona|spa|1\n|-activate|p2b: Oricorio|ability: Dancer\n|move|p2b: Oricorio|Fiery Dance|p1a: Florges|[from]ability: Dancer\n|-damage|p1a: Florges|62\/100\n|move|p2b: Oricorio|Tailwind|p2b: Oricorio\n|-sidestart|p2: VirtuTala|move: Tailwind\n|move|p1a: Florges|Moonblast|p2b: Oricorio\n|-damage|p2b: Oricorio|50\/100\n|\n|-heal|p1a: Florges|69\/100|[from] item: Leftovers\n|upkeep\n|turn|2\n|inactive|VirtuTala has 120 seconds left.\n|\n|t:|1697393091\n|move|p2a: Volcarona|Fiery Dance|p1a: Florges\n|-damage|p1a: Florges|31\/100\n|-activate|p2b: Oricorio|ability: Dancer\n|move|p2b: Oricorio|Fiery Dance|p1a: Florges|[from]ability: Dancer\n|-damage|p1a: Florges|19\/100\n|move|p2b: Oricorio|Calm Mind|p2b: Oricorio\n|-boost|p2b: Oricorio|spa|1\n|-boost|p2b: Oricorio|spd|1\n|move|p1a: Florges|Draining Kiss|p2b: Oricorio\n|-damage|p2b: Oricorio|32\/100\n|-heal|p1a: Florges|33\/100|[from] drain|[of] p2b: Oricorio\n|move|p1b: Sylveon|Hyper Voice|p2b: Oricorio|[spread] p2a,p2b\n|-resisted|p2a: Volcarona\n|-damage|p2a: Volcarona|85\/100\n|-damage|p2b: Oricorio|1\/100\n|-enditem|p1b: Sylveon|Throat Spray\n|-boost|p1b: Sylveon|spa|1|[from] item: Throat Spray\n|-activate|p1a: Florges|ability: Symbiosis|Leftovers|[of] p1b: Sylveon\n|\n|upkeep\n|turn|3\n|inactive|VirtuTala has 120 seconds left.\n|\n|t:|1697393119\n|move|p2a: Volcarona|Fiery Dance|p1a: Florges\n|-damage|p1a: Florges|0 fnt\n|faint|p1a: Florges\n|-activate|p2b: Oricorio|ability: Dancer\n|move|p2b: Oricorio|Fiery Dance|p1b: Sylveon|[from]ability: Dancer\n|-activate|p1b: Sylveon|move: Substitute|[damage]\n|-boost|p2b: Oricorio|spa|1\n|move|p2b: Oricorio|Baton Pass|p2b: Oricorio\n|inactive|VirtuTala has 120 seconds left.\n|\n|t:|1697393135\n|switch|p2b: Hydreigon|Hydreigon, F|100\/100|[from] Baton Pass\n|move|p1b: Sylveon|Hyper Voice|p2a: Volcarona|[spread] p2a,p2b\n|-resisted|p2a: Volcarona\n|-supereffective|p2b: Hydreigon\n|-crit|p2b: Hydreigon\n|-damage|p2a: Volcarona|59\/100\n|-damage|p2b: Hydreigon|0 fnt\n|faint|p2b: Hydreigon\n|\n|upkeep\n|inactive|deadlydirt has 120 seconds left.\n|\n|t:|1697393176\n|switch|p2b: Gliscor|Gliscor, F|100\/100\n|switch|p1a: Cyclizar|Cyclizar, M, shiny|75\/100\n|turn|4\n|inactive|VirtuTala has 120 seconds left.\n|\n|t:|1697393211\n|move|p2a: Volcarona|Bug Buzz|p1b: Sylveon\n|-resisted|p1b: Sylveon\n|-damage|p1b: Sylveon|79\/100\n|move|p2b: Gliscor|Swords Dance|p2b: Gliscor\n|-boost|p2b: Gliscor|atk|2\n|move|p1a: Cyclizar|Shed Tail|p1a: Cyclizar\n|-start|p1a: Cyclizar|Substitute|[from] move: Shed Tail\n|-damage|p1a: Cyclizar|25\/100\n|inactive|deadlydirt has 120 seconds left.\n|\n|t:|1697393231\n|switch|p1a: Dragonite|Dragonite, M, shiny|100\/100|[from] Shed Tail\n|move|p1b: Sylveon|Hyper Voice|p2b: Gliscor|[spread] p2a,p2b\n|-resisted|p2a: Volcarona\n|-damage|p2a: Volcarona|36\/100\n|-damage|p2b: Gliscor|52\/100\n|\n|-heal|p1b: Sylveon|85\/100|[from] item: Leftovers\n|-sideend|p2: VirtuTala|move: Tailwind\n|-status|p2b: Gliscor|tox|[from] item: Toxic Orb\n|upkeep\n|turn|5\n|inactive|deadlydirt has 120 seconds left.\n|inactive|VirtuTala has 120 seconds left.\n|\n|t:|1697393259\n|-terastallize|p1a: Dragonite|Water\n|move|p2a: Volcarona|Flamethrower|p1b: Sylveon\n|-end|p1b: Sylveon|Substitute\n|move|p2b: Gliscor|Earthquake|p1b: Sylveon|[spread] p2a,p1a,p1b\n|-activate|p1a: Dragonite|move: Substitute|[damage]\n|-damage|p2a: Volcarona|0 fnt\n|-damage|p1b: Sylveon|29\/100\n|faint|p2a: Volcarona\n|move|p1a: Dragonite|Waterfall|p2b: Gliscor\n|-supereffective|p2b: Gliscor\n|-damage|p2b: Gliscor|0 fnt\n|faint|p2b: Gliscor\n|move|p1b: Sylveon|Draining Kiss|p2: Volcarona|[notarget]\n|-fail|p1b: Sylveon\n|\n|-heal|p1b: Sylveon|35\/100|[from] item: Leftovers\n|upkeep\n|inactive|VirtuTala has 120 seconds left.\n|\n|t:|1697393291\n|switch|p2a: Gallade|Gallade, M|100\/100\n|switch|p2b: Slowbro|Slowbro-Galar, F|100\/100\n|turn|6\n|\n|t:|1697393313\n|-terastallize|p2a: Gallade|Psychic\n|move|p2a: Gallade|Psycho Cut|p1b: Sylveon\n|-damage|p1b: Sylveon|0 fnt\n|faint|p1b: Sylveon\n|-damage|p2a: Gallade|91\/100|[from] item: Life Orb\n|move|p1a: Dragonite|Outrage|p2a: Gallade\n|-damage|p2a: Gallade|0 fnt\n|faint|p2a: Gallade\n|move|p2b: Slowbro|Light Screen|p2b: Slowbro\n|-sidestart|p2: VirtuTala|move: Light Screen\n|\n|upkeep\n|inactive|VirtuTala has 120 seconds left.\n|\n|t:|1697393327\n|switch|p2a: Oricorio|Oricorio-Pom-Pom, M|1\/100\n|switch|p1b: Pawmot|Pawmot, M, shiny|100\/100\n|turn|7\n|\n|t:|1697393338\n|move|p2a: Oricorio|Hurricane|p1a: Dragonite|[miss]\n|-miss|p2a: Oricorio|p1a: Dragonite\n|move|p1b: Pawmot|Revival Blessing|p1b: Pawmot\n|-enditem|p1b: Pawmot|Leppa Berry|[eat]\n|-activate|p1b: Pawmot|item: Leppa Berry|Revival Blessing|[consumed]\n|\n|t:|1697393345\n|-heal|p1: Sylveon|50\/100|[from] move: Revival Blessing\n|move|p1a: Dragonite|Outrage|p2a: Oricorio|[from]lockedmove\n|-damage|p2a: Oricorio|0 fnt\n|faint|p2a: Oricorio\n|-start|p1a: Dragonite|confusion|[fatigue]\n|move|p2b: Slowbro|Toxic|p1b: Pawmot\n|-status|p1b: Pawmot|tox\n|\n|-damage|p1b: Pawmot|94\/100 tox|[from] psn\n|upkeep\n|turn|8\n|\n|t:|1697393363\n|move|p1b: Pawmot|Revival Blessing|p1b: Pawmot\n|\n|t:|1697393366\n|-heal|p1: Florges|50\/100|[from] move: Revival Blessing\n|-activate|p1a: Dragonite|confusion\n|-damage|p1a: Dragonite|89\/100|[from] confusion\n|move|p2b: Slowbro|Psychic|p1a: Dragonite\n|-end|p1a: Dragonite|Substitute\n|\n|-damage|p1b: Pawmot|82\/100 tox|[from] psn\n|upkeep\n|turn|9\n|inactive|deadlydirt has 120 seconds left.\n|inactive|deadlydirt has 90 seconds left.\n|inactive|deadlydirt has 60 seconds left.\n|\n|t:|1697393470\n|move|p1b: Pawmot|Double Shock|p2b: Slowbro\n|-damage|p2b: Slowbro|70\/100\n|-start|p1b: Pawmot|typechange|???\/Fighting|[from] move: Double Shock\n|-end|p1a: Dragonite|confusion\n|move|p1a: Dragonite|Outrage|p2b: Slowbro\n|-damage|p2b: Slowbro|35\/100\n|move|p2b: Slowbro|Toxic|p1a: Dragonite\n|-status|p1a: Dragonite|tox\n|\n|-damage|p1b: Pawmot|64\/100 tox|[from] psn\n|-damage|p1a: Dragonite|83\/100 tox|[from] psn\n|upkeep\n|turn|10\n|inactive|deadlydirt has 60 seconds left.\n|\n|t:|1697393493\n|move|p1b: Pawmot|Mach Punch|p2b: Slowbro\n|-resisted|p2b: Slowbro\n|-damage|p2b: Slowbro|32\/100\n|move|p1a: Dragonite|Outrage|p2b: Slowbro|[from]lockedmove\n|-damage|p2b: Slowbro|0 fnt\n|faint|p2b: Slowbro\n|-start|p1a: Dragonite|confusion|[fatigue]\n|\n|win|deadlydirt\n|raw|deadlydirt's rating: 1109 &rarr; <strong>1130<\/strong><br \/>(+21 for winning)\n|raw|VirtuTala's rating: 1055 &rarr; <strong>1040<\/strong><br \/>(-15 for losing)\n|l|\u2606VirtuTala\n","uploadtime":1697393504,"views":4,"p1id":"deadlydirt","p2id":"virtutala","formatid":"gen9doublesou","rating":1040,"private":0,"password":""}