{"id":"gen9doublesou-1987452231","p1":"SuperAndroid99","p2":"chaddy18","format":"[Gen 9] Doubles OU","log":"|j|\u2606SuperAndroid99\n|j|\u2606chaddy18\n|t:|1699593721\n|gametype|doubles\n|player|p1|SuperAndroid99|gambler|1329\n|player|p2|chaddy18|medium|1352\n|teamsize|p1|6\n|teamsize|p2|6\n|gen|9\n|tier|[Gen 9] Doubles OU\n|rated|\n|rule|Species Clause: Limit one of each Pok\u00e9mon\n|rule|OHKO Clause: OHKO moves are banned\n|rule|Evasion Moves Clause: Evasion moves are banned\n|rule|Gravity Sleep Clause: The combination of sleep-inducing moves with imperfect accuracy and Gravity or Gigantamax Orbeetle are banned\n|rule|Endless Battle Clause: Forcing endless battles is banned\n|rule|HP Percentage Mod: HP is shown in percentages\n|clearpoke\n|poke|p1|Bronzong|\n|poke|p1|Iron Hands|\n|poke|p1|Kingambit, F|\n|poke|p1|Skeledirge, F|\n|poke|p1|Flutter Mane|\n|poke|p1|Samurott-Hisui, F|\n|poke|p2|Glimmora, M|\n|poke|p2|Kleavor, F|\n|poke|p2|Goodra-Hisui, F|\n|poke|p2|Samurott-Hisui, F|\n|poke|p2|Mew|\n|poke|p2|Ting-Lu|\n|teampreview\n|inactive|Battle timer is ON: inactive players will automatically lose when time's up. (requested by chaddy18)\n|inactive|SuperAndroid99 has 120 seconds left.\n|inactive|SuperAndroid99 has 90 seconds left.\n|\n|t:|1699593783\n|start\n|switch|p1a: Samurott|Samurott-Hisui, F|100\/100\n|switch|p1b: Iron Hands|Iron Hands|100\/100\n|switch|p2a: Kleavor|Kleavor, F, shiny|100\/100\n|switch|p2b: Samurott|Samurott-Hisui, F|100\/100\n|turn|1\n|\n|t:|1699593803\n|move|p2a: Kleavor|Protect|p2a: Kleavor\n|-singleturn|p2a: Kleavor|Protect\n|move|p1b: Iron Hands|Fake Out|p2b: Samurott\n|-damage|p2b: Samurott|79\/100\n|move|p1a: Samurott|Ceaseless Edge|p2a: Kleavor\n|-activate|p2a: Kleavor|move: Protect\n|cant|p2b: Samurott|flinch\n|\n|upkeep\n|turn|2\n|\n|t:|1699593817\n|move|p1a: Samurott|Ceaseless Edge|p2a: Kleavor|[miss]\n|-miss|p1a: Samurott|p2a: Kleavor\n|move|p2a: Kleavor|Stone Axe|p1a: Samurott\n|-damage|p1a: Samurott|30\/100\n|-sidestart|p1: SuperAndroid99|move: Stealth Rock\n|move|p2b: Samurott|Ceaseless Edge|p1a: Samurott\n|-resisted|p1a: Samurott\n|-damage|p1a: Samurott|0 fnt\n|-sidestart|p1: SuperAndroid99|Spikes\n|faint|p1a: Samurott\n|move|p1b: Iron Hands|Drain Punch|p2b: Samurott\n|-supereffective|p2b: Samurott\n|-damage|p2b: Samurott|0 fnt\n|faint|p2b: Samurott\n|\n|upkeep\n|inactive|SuperAndroid99 has 120 seconds left.\n|\n|t:|1699593849\n|switch|p1a: Skeledirge|Skeledirge, F, shiny|100\/100\n|switch|p2b: Mew|Mew, shiny|100\/100\n|-damage|p1a: Skeledirge|75\/100|[from] Stealth Rock\n|-damage|p1a: Skeledirge|63\/100|[from] Spikes\n|turn|3\n|\n|t:|1699593872\n|switch|p2a: Glimmora|Glimmora, M|100\/100\n|-end|p1b: Iron Hands|Quark Drive|[silent]\n|switch|p1b: Bronzong|Bronzong, shiny|100\/100\n|-damage|p1b: Bronzong|94\/100|[from] Stealth Rock\n|move|p2b: Mew|Toxic Spikes|p1b: Bronzong\n|-sidestart|p1: SuperAndroid99|move: Toxic Spikes\n|move|p1a: Skeledirge|Will-O-Wisp|p2a: Glimmora|[miss]\n|-miss|p1a: Skeledirge|p2a: Glimmora\n|\n|-heal|p1a: Skeledirge|69\/100|[from] item: Leftovers\n|upkeep\n|turn|4\n|\n|t:|1699593899\n|move|p2b: Mew|Toxic Spikes|p1a: Skeledirge\n|-sidestart|p1: SuperAndroid99|move: Toxic Spikes\n|move|p2a: Glimmora|Spikes|p1b: Bronzong\n|-sidestart|p1: SuperAndroid99|Spikes\n|move|p1a: Skeledirge|Hex|p2b: Mew\n|-supereffective|p2b: Mew\n|-damage|p2b: Mew|66\/100\n|-enditem|p2b: Mew|Red Card|[of] p1a: Skeledirge\n|drag|p1a: Iron Hands|Iron Hands|100\/100\n|-damage|p1a: Iron Hands|94\/100|[from] Stealth Rock\n|-damage|p1a: Iron Hands|78\/100|[from] Spikes\n|-status|p1a: Iron Hands|tox\n|move|p1b: Bronzong|Heavy Slam|p2a: Glimmora\n|-supereffective|p2a: Glimmora\n|-damage|p2a: Glimmora|58\/100\n|\n|-damage|p1a: Iron Hands|72\/100 tox|[from] psn\n|upkeep\n|turn|5\n|inactive|SuperAndroid99 has 120 seconds left.\n|inactive|chaddy18 has 120 seconds left.\n|\n|t:|1699593951\n|move|p2a: Glimmora|Spiky Shield|p2a: Glimmora\n|-singleturn|p2a: Glimmora|move: Protect\n|move|p1a: Iron Hands|Fake Out|p2b: Mew\n|-damage|p2b: Mew|55\/100\n|cant|p2b: Mew|flinch\n|move|p1b: Bronzong|Body Press|p2a: Glimmora\n|-activate|p2a: Glimmora|move: Protect\n|-damage|p1b: Bronzong|82\/100|[from] Spiky Shield|[of] p2a: Glimmora\n|\n|-damage|p1a: Iron Hands|60\/100 tox|[from] psn\n|upkeep\n|turn|6\n|inactive|SuperAndroid99 has 120 seconds left.\n|\n|t:|1699593966\n|move|p2b: Mew|Psychic Fangs|p1a: Iron Hands\n|-supereffective|p1a: Iron Hands\n|-damage|p1a: Iron Hands|25\/100 tox\n|move|p2a: Glimmora|Spikes|p1b: Bronzong\n|-sidestart|p1: SuperAndroid99|Spikes\n|move|p1a: Iron Hands|Wild Charge|p2b: Mew\n|-damage|p2b: Mew|16\/100\n|-damage|p1a: Iron Hands|18\/100 tox|[from] Recoil\n|move|p1b: Bronzong|Body Press|p2a: Glimmora\n|-damage|p2a: Glimmora|40\/100\n|\n|-damage|p1a: Iron Hands|0 fnt|[from] psn\n|faint|p1a: Iron Hands\n|-end|p1a: Iron Hands|Quark Drive|[silent]\n|upkeep\n|inactive|SuperAndroid99 has 120 seconds left.\n|\n|t:|1699593994\n|switch|p1a: Flutter Mane|Flutter Mane|100\/100\n|-damage|p1a: Flutter Mane|88\/100|[from] Stealth Rock\n|-damage|p1a: Flutter Mane|63\/100|[from] Spikes\n|-status|p1a: Flutter Mane|tox\n|-enditem|p1a: Flutter Mane|Booster Energy\n|-activate|p1a: Flutter Mane|ability: Protosynthesis|[fromitem]\n|-start|p1a: Flutter Mane|protosynthesisspe\n|turn|7\n|inactive|SuperAndroid99 has 120 seconds left.\n|\n|t:|1699594012\n|move|p1a: Flutter Mane|Shadow Ball|p2a: Glimmora\n|-damage|p2a: Glimmora|0 fnt\n|faint|p2a: Glimmora\n|move|p1b: Bronzong|Heavy Slam|p2b: Mew\n|-damage|p2b: Mew|0 fnt\n|faint|p2b: Mew\n|\n|-damage|p1a: Flutter Mane|57\/100 tox|[from] psn\n|upkeep\n|\n|t:|1699594023\n|switch|p2b: Goodra|Goodra-Hisui, F|100\/100\n|switch|p2a: Kleavor|Kleavor, F, shiny|100\/100\n|turn|8\n|inactive|SuperAndroid99 has 120 seconds left.\n|\n|t:|1699594055\n|move|p1a: Flutter Mane|Shadow Ball|p2b: Goodra\n|-damage|p2b: Goodra|75\/100\n|-unboost|p2b: Goodra|spd|1\n|-enditem|p2b: Goodra|Red Card|[of] p1a: Flutter Mane\n|-end|p1a: Flutter Mane|Protosynthesis|[silent]\n|drag|p1a: Kingambit|Kingambit, F, shiny|100\/100\n|-damage|p1a: Kingambit|94\/100|[from] Stealth Rock\n|-damage|p1a: Kingambit|69\/100|[from] Spikes\n|-activate|p1a: Kingambit|ability: Supreme Overlord\n|-start|p1a: Kingambit|fallen2|[silent]\n|move|p2a: Kleavor|Stone Axe|p1a: Kingambit\n|-resisted|p1a: Kingambit\n|-damage|p1a: Kingambit|49\/100\n|move|p1b: Bronzong|Body Press|p2b: Goodra\n|-supereffective|p2b: Goodra\n|-damage|p2b: Goodra|41\/100\n|move|p2b: Goodra|Dragon Tail|p1b: Bronzong\n|-resisted|p1b: Bronzong\n|-damage|p1b: Bronzong|74\/100\n|drag|p1b: Skeledirge|Skeledirge, F, shiny|69\/100\n|-damage|p1b: Skeledirge|44\/100|[from] Stealth Rock\n|-damage|p1b: Skeledirge|19\/100|[from] Spikes\n|-status|p1b: Skeledirge|tox\n|\n|-heal|p1b: Skeledirge|25\/100 tox|[from] item: Leftovers\n|-damage|p1b: Skeledirge|19\/100 tox|[from] psn\n|upkeep\n|turn|9\n|inactive|SuperAndroid99 has 120 seconds left.\n|\n|t:|1699594092\n|move|p2b: Goodra|Protect|p2b: Goodra\n|-singleturn|p2b: Goodra|Protect\n|move|p2a: Kleavor|Close Combat|p1a: Kingambit\n|-supereffective|p1a: Kingambit\n|-damage|p1a: Kingambit|0 fnt\n|-unboost|p2a: Kleavor|def|1\n|-unboost|p2a: Kleavor|spd|1\n|faint|p1a: Kingambit\n|-end|p1a: Kingambit|fallen2|[silent]\n|move|p1b: Skeledirge|Torch Song|p2b: Goodra\n|-activate|p2b: Goodra|move: Protect\n|\n|-heal|p1b: Skeledirge|25\/100 tox|[from] item: Leftovers\n|-damage|p1b: Skeledirge|13\/100 tox|[from] psn\n|upkeep\n|\n|t:|1699594104\n|switch|p1a: Flutter Mane|Flutter Mane|57\/100 tox\n|-damage|p1a: Flutter Mane|45\/100 tox|[from] Stealth Rock\n|-damage|p1a: Flutter Mane|20\/100 tox|[from] Spikes\n|turn|10\n|inactive|SuperAndroid99 has 120 seconds left.\n|inactive|chaddy18 has 120 seconds left.\n|\n|t:|1699594135\n|move|p2a: Kleavor|Protect|p2a: Kleavor\n|-singleturn|p2a: Kleavor|Protect\n|move|p1a: Flutter Mane|Dazzling Gleam|p2b: Goodra|[spread] p2b\n|-activate|p2a: Kleavor|move: Protect\n|-damage|p2b: Goodra|13\/100\n|move|p1b: Skeledirge|Will-O-Wisp|p2a: Kleavor\n|-activate|p2a: Kleavor|move: Protect\n|move|p2b: Goodra|Dragon Tail|p1b: Skeledirge\n|-damage|p1b: Skeledirge|0 fnt\n|faint|p1b: Skeledirge\n|\n|-damage|p1a: Flutter Mane|14\/100 tox|[from] psn\n|upkeep\n|\n|t:|1699594152\n|switch|p1b: Bronzong|Bronzong, shiny|74\/100\n|-damage|p1b: Bronzong|68\/100|[from] Stealth Rock\n|turn|11\n|inactive|SuperAndroid99 has 120 seconds left.\n|\n|t:|1699594167\n|move|p2b: Goodra|Protect|p2b: Goodra\n|-singleturn|p2b: Goodra|Protect\n|move|p1a: Flutter Mane|Dazzling Gleam|p2a: Kleavor|[spread] p2a\n|-activate|p2b: Goodra|move: Protect\n|-damage|p2a: Kleavor|37\/100\n|move|p2a: Kleavor|Close Combat|p1b: Bronzong\n|-damage|p1b: Bronzong|33\/100\n|-unboost|p2a: Kleavor|def|1\n|-unboost|p2a: Kleavor|spd|1\n|move|p1b: Bronzong|Body Press|p2a: Kleavor\n|-damage|p2a: Kleavor|0 fnt\n|faint|p2a: Kleavor\n|\n|-damage|p1a: Flutter Mane|1\/100 tox|[from] psn\n|upkeep\n|\n|t:|1699594181\n|switch|p2a: Ting-Lu|Ting-Lu|100\/100\n|-ability|p2a: Ting-Lu|Vessel of Ruin\n|turn|12\n|inactive|SuperAndroid99 has 120 seconds left.\n|\n|t:|1699594215\n|-terastallize|p2a: Ting-Lu|Ghost\n|move|p1a: Flutter Mane|Dazzling Gleam|p2b: Goodra|[spread] p2a,p2b\n|-damage|p2a: Ting-Lu|85\/100\n|-damage|p2b: Goodra|0 fnt\n|faint|p2b: Goodra\n|move|p2a: Ting-Lu|Body Press|p1b: Bronzong\n|-damage|p1b: Bronzong|12\/100\n|move|p1b: Bronzong|Body Press|p2a: Ting-Lu\n|-immune|p2a: Ting-Lu\n|\n|-heal|p2a: Ting-Lu|91\/100|[from] item: Leftovers\n|-damage|p1a: Flutter Mane|0 fnt|[from] psn\n|faint|p1a: Flutter Mane\n|-end|p1a: Flutter Mane|Protosynthesis|[silent]\n|upkeep\n|turn|13\n|\n|t:|1699594229\n|move|p2a: Ting-Lu|Body Press|p1b: Bronzong\n|-damage|p1b: Bronzong|0 fnt\n|faint|p1b: Bronzong\n|\n|win|chaddy18\n|raw|SuperAndroid99's rating: 1329 &rarr; <strong>1310<\/strong><br \/>(-19 for losing)\n|raw|chaddy18's rating: 1352 &rarr; <strong>1371<\/strong><br \/>(+19 for winning)\n","uploadtime":1699594233,"views":11,"p1id":"superandroid99","p2id":"chaddy18","formatid":"gen9doublesou","rating":1310,"private":0,"password":""}