{"id":"gen9doublesou-1970419691","p1":"mariogg333","p2":"RocketsViability","format":"[Gen 9] Doubles OU","log":"|j|\u2606mariogg333\n|j|\u2606RocketsViability\n|t:|1697637470\n|gametype|doubles\n|player|p1|mariogg333|266|1237\n|player|p2|RocketsViability|266|1188\n|teamsize|p1|6\n|teamsize|p2|6\n|gen|9\n|tier|[Gen 9] Doubles OU\n|rated|\n|rule|Species Clause: Limit one of each Pok\u00e9mon\n|rule|OHKO Clause: OHKO moves are banned\n|rule|Evasion Moves Clause: Evasion moves are banned\n|rule|Gravity Sleep Clause: The combination of sleep-inducing moves with imperfect accuracy and Gravity or Gigantamax Orbeetle are banned\n|rule|Endless Battle Clause: Forcing endless battles is banned\n|rule|HP Percentage Mod: HP is shown in percentages\n|clearpoke\n|poke|p1|Pelipper, M|\n|poke|p1|Gholdengo|\n|poke|p1|Amoonguss, F|\n|poke|p1|Iron Hands|\n|poke|p1|Ting-Lu|\n|poke|p1|Milotic, F|\n|poke|p2|Ninetales-Alola, M|\n|poke|p2|Trevenant, M|\n|poke|p2|Goodra-Hisui, M|\n|poke|p2|Sandslash-Alola, F|\n|poke|p2|Torterra, F|\n|poke|p2|Empoleon, F|\n|teampreview\n|\n|t:|1697637497\n|start\n|switch|p1a: Iron Hands|Iron Hands, shiny|100\/100\n|switch|p1b: Pelipper|Pelipper, M, shiny|100\/100\n|switch|p2a: Torterra|Torterra, F|100\/100\n|switch|p2b: Trevenant|Trevenant, M|100\/100\n|-weather|RainDance|[from] ability: Drizzle|[of] p1b: Pelipper\n|turn|1\n|inactive|Battle timer is ON: inactive players will automatically lose when time's up. (requested by mariogg333)\n|\n|t:|1697637516\n|switch|p2b: Ninetales|Ninetales-Alola, M|100\/100\n|-weather|Snow|[from] ability: Snow Warning|[of] p2b: Ninetales\n|-terastallize|p2a: Torterra|Ice\n|move|p1a: Iron Hands|Fake Out|p2a: Torterra\n|-damage|p2a: Torterra|91\/100\n|cant|p2a: Torterra|flinch\n|move|p1b: Pelipper|Hurricane|p2a: Torterra|[miss]\n|-miss|p1b: Pelipper|p2a: Torterra\n|\n|-weather|Snow|[upkeep]\n|upkeep\n|turn|2\n|\n|t:|1697637531\n|move|p2b: Ninetales|Aurora Veil|p2b: Ninetales\n|-sidestart|p2: RocketsViability|move: Aurora Veil\n|move|p2a: Torterra|Shell Smash|p2a: Torterra\n|-unboost|p2a: Torterra|def|1\n|-unboost|p2a: Torterra|spd|1\n|-boost|p2a: Torterra|atk|2\n|-boost|p2a: Torterra|spa|2\n|-boost|p2a: Torterra|spe|2\n|move|p1b: Pelipper|Hydro Pump|p2b: Ninetales\n|-damage|p2b: Ninetales|61\/100\n|move|p1a: Iron Hands|Drain Punch|p2a: Torterra\n|-supereffective|p2a: Torterra\n|-damage|p2a: Torterra|25\/100\n|\n|-weather|Snow|[upkeep]\n|upkeep\n|turn|3\n|\n|t:|1697637547\n|move|p1b: Pelipper|Protect|p1b: Pelipper\n|-singleturn|p1b: Pelipper|Protect\n|move|p2a: Torterra|Rock Blast|p1b: Pelipper\n|-activate|p1b: Pelipper|move: Protect\n|move|p2b: Ninetales|Psyshock|p1a: Iron Hands\n|-supereffective|p1a: Iron Hands\n|-damage|p1a: Iron Hands|76\/100\n|move|p1a: Iron Hands|Drain Punch|p2a: Torterra\n|-supereffective|p2a: Torterra\n|-damage|p2a: Torterra|0 fnt\n|-heal|p1a: Iron Hands|85\/100|[from] drain|[of] p2a: Torterra\n|faint|p2a: Torterra\n|\n|-weather|Snow|[upkeep]\n|upkeep\n|\n|t:|1697637551\n|switch|p2a: Trevenant|Trevenant, M|100\/100\n|turn|4\n|\n|t:|1697637560\n|move|p2a: Trevenant|Ally Switch|p2a: Trevenant\n|swap|p2a: Trevenant|1|[from] move: Ally Switch\n|move|p2a: Ninetales|Blizzard|p1a: Iron Hands|[spread] p1a,p1b\n|-crit|p1a: Iron Hands\n|-damage|p1a: Iron Hands|55\/100\n|-damage|p1b: Pelipper|48\/100\n|move|p1b: Pelipper|Hurricane|p2a: Ninetales\n|-damage|p2a: Ninetales|19\/100\n|move|p1a: Iron Hands|Drain Punch|p2b: Trevenant\n|-immune|p2b: Trevenant\n|\n|-weather|Snow|[upkeep]\n|upkeep\n|turn|5\n|\n|t:|1697637574\n|move|p2a: Ninetales|Blizzard|p1a: Iron Hands|[spread] p1a,p1b\n|-damage|p1a: Iron Hands|35\/100\n|-damage|p1b: Pelipper|0 fnt\n|faint|p1b: Pelipper\n|move|p2b: Trevenant|Disable|p1a: Iron Hands\n|-start|p1a: Iron Hands|Disable|Drain Punch\n|cant|p1a: Iron Hands|Disable|Drain Punch\n|\n|-weather|Snow|[upkeep]\n|upkeep\n|\n|t:|1697637581\n|switch|p1b: Gholdengo|Gholdengo, shiny|100\/100\n|turn|6\n|\n|t:|1697637596\n|switch|p2b: Sandslash|Sandslash-Alola, F|100\/100\n|-end|p1a: Iron Hands|Quark Drive|[silent]\n|switch|p1a: Amoonguss|Amoonguss, F|100\/100\n|move|p2a: Ninetales|Blizzard|p1a: Amoonguss|[spread] p1a,p1b\n|-supereffective|p1a: Amoonguss\n|-resisted|p1b: Gholdengo\n|-damage|p1a: Amoonguss|43\/100\n|-damage|p1b: Gholdengo|86\/100\n|move|p1b: Gholdengo|Make It Rain|p2a: Ninetales|[spread] p2a,p2b\n|-supereffective|p2a: Ninetales\n|-damage|p2a: Ninetales|0 fnt\n|-damage|p2b: Sandslash|59\/100\n|-unboost|p1b: Gholdengo|spa|1\n|faint|p2a: Ninetales\n|\n|-weather|Snow|[upkeep]\n|-heal|p1a: Amoonguss|49\/100|[from] item: Leftovers\n|-sideend|p2: RocketsViability|move: Aurora Veil\n|upkeep\n|\n|t:|1697637611\n|switch|p2a: Trevenant|Trevenant, M|100\/100\n|turn|7\n|\n|t:|1697637622\n|move|p1b: Gholdengo|Shadow Ball|p2a: Trevenant\n|-supereffective|p2a: Trevenant\n|-damage|p2a: Trevenant|63\/100\n|move|p2b: Sandslash|Knock Off|p1b: Gholdengo\n|-supereffective|p1b: Gholdengo\n|-damage|p1b: Gholdengo|31\/100\n|-damage|p2b: Sandslash|42\/100|[from] item: Rocky Helmet|[of] p1b: Gholdengo\n|-enditem|p1b: Gholdengo|Rocky Helmet|[from] move: Knock Off|[of] p2b: Sandslash\n|move|p2a: Trevenant|Disable||[still]\n|-fail|p2a: Trevenant\n|move|p1a: Amoonguss|Spore|p2b: Sandslash\n|-status|p2b: Sandslash|slp|[from] move: Spore\n|\n|-weather|Snow|[upkeep]\n|-heal|p1a: Amoonguss|56\/100|[from] item: Leftovers\n|upkeep\n|turn|8\n|\n|t:|1697637643\n|move|p1b: Gholdengo|Make It Rain|p2a: Trevenant|[spread] p2a,p2b\n|-damage|p2a: Trevenant|43\/100\n|-damage|p2b: Sandslash|1\/100 slp\n|-unboost|p1b: Gholdengo|spa|1\n|-enditem|p2a: Trevenant|Sitrus Berry|[eat]\n|-heal|p2a: Trevenant|68\/100|[from] item: Sitrus Berry\n|cant|p2b: Sandslash|slp\n|move|p2a: Trevenant|Disable|p1a: Amoonguss\n|-start|p1a: Amoonguss|Disable|Spore\n|move|p1a: Amoonguss|Giga Drain|p2a: Trevenant\n|-resisted|p2a: Trevenant\n|-damage|p2a: Trevenant|58\/100\n|-heal|p1a: Amoonguss|60\/100|[from] drain|[of] p2a: Trevenant\n|\n|-weather|none\n|-heal|p1a: Amoonguss|67\/100|[from] item: Leftovers\n|upkeep\n|turn|9\n|\n|t:|1697637660\n|move|p1b: Gholdengo|Shadow Ball|p2a: Trevenant\n|-supereffective|p2a: Trevenant\n|-damage|p2a: Trevenant|27\/100\n|cant|p2b: Sandslash|slp\n|move|p2a: Trevenant|Disable|p1b: Gholdengo\n|-immune|p1b: Gholdengo|[from] ability: Good as Gold\n|move|p1a: Amoonguss|Giga Drain|p2b: Sandslash\n|-resisted|p2b: Sandslash\n|-damage|p2b: Sandslash|0 fnt\n|-heal|p1a: Amoonguss|67\/100|[from] drain|[of] p2b: Sandslash\n|faint|p2b: Sandslash\n|\n|-heal|p1a: Amoonguss|73\/100|[from] item: Leftovers\n|upkeep\n|\n|t:|1697637669\n|switch|p2b: Goodra|Goodra-Hisui, M|100\/100\n|turn|10\n|\n|t:|1697637678\n|move|p2a: Trevenant|Ally Switch|p2a: Trevenant\n|swap|p2a: Trevenant|1|[from] move: Ally Switch\n|move|p1b: Gholdengo|Shadow Ball|p2a: Goodra\n|-damage|p2a: Goodra|88\/100\n|-unboost|p2a: Goodra|spd|1\n|move|p2a: Goodra|Flamethrower|p1b: Gholdengo\n|-supereffective|p1b: Gholdengo\n|-damage|p1b: Gholdengo|0 fnt\n|faint|p1b: Gholdengo\n|move|p1a: Amoonguss|Clear Smog|p1: Gholdengo|[notarget]\n|-fail|p1a: Amoonguss\n|\n|-heal|p1a: Amoonguss|79\/100|[from] item: Leftovers\n|-item|p2b: Trevenant|Sitrus Berry|[from] ability: Harvest\n|upkeep\n|-enditem|p2b: Trevenant|Sitrus Berry|[eat]\n|-heal|p2b: Trevenant|52\/100|[from] item: Sitrus Berry\n|c|\u2606RocketsViability|bruh i forgor\n|\n|t:|1697637690\n|switch|p1b: Iron Hands|Iron Hands, shiny|35\/100\n|turn|11\n|\n|t:|1697637704\n|move|p2a: Goodra|Protect|p2a: Goodra\n|-singleturn|p2a: Goodra|Protect\n|move|p2b: Trevenant|Toxic|p1b: Iron Hands\n|-status|p1b: Iron Hands|tox\n|move|p1b: Iron Hands|Drain Punch|p2a: Goodra\n|-activate|p2a: Goodra|move: Protect\n|move|p1a: Amoonguss|Clear Smog|p2b: Trevenant\n|-damage|p2b: Trevenant|39\/100\n|-clearboost|p2b: Trevenant\n|\n|-heal|p1a: Amoonguss|86\/100|[from] item: Leftovers\n|-damage|p1b: Iron Hands|29\/100 tox|[from] psn\n|-end|p1a: Amoonguss|Disable\n|-item|p2b: Trevenant|Sitrus Berry|[from] ability: Harvest\n|upkeep\n|-enditem|p2b: Trevenant|Sitrus Berry|[eat]\n|-heal|p2b: Trevenant|64\/100|[from] item: Sitrus Berry\n|turn|12\n|\n|t:|1697637723\n|move|p2b: Trevenant|Ally Switch|p2b: Trevenant\n|swap|p2b: Trevenant|0|[from] move: Ally Switch\n|move|p2b: Goodra|Flamethrower|p1a: Amoonguss\n|-supereffective|p1a: Amoonguss\n|-damage|p1a: Amoonguss|36\/100\n|move|p1b: Iron Hands|Drain Punch|p2a: Trevenant\n|-immune|p2a: Trevenant\n|move|p1a: Amoonguss|Clear Smog|p2b: Goodra\n|-immune|p2b: Goodra\n|\n|-heal|p1a: Amoonguss|42\/100|[from] item: Leftovers\n|-damage|p1b: Iron Hands|16\/100 tox|[from] psn\n|-item|p2a: Trevenant|Sitrus Berry|[from] ability: Harvest\n|upkeep\n|turn|13\n|inactive|RocketsViability has 120 seconds left.\n|\n|t:|1697637756\n|move|p2b: Goodra|Protect|p2b: Goodra\n|-singleturn|p2b: Goodra|Protect\n|move|p2a: Trevenant|Disable|p1a: Amoonguss\n|-start|p1a: Amoonguss|Disable|Clear Smog\n|move|p1b: Iron Hands|Drain Punch|p2b: Goodra\n|-activate|p2b: Goodra|move: Protect\n|cant|p1a: Amoonguss|Disable|Clear Smog\n|\n|-heal|p1a: Amoonguss|48\/100|[from] item: Leftovers\n|-damage|p1b: Iron Hands|0 fnt|[from] psn\n|faint|p1b: Iron Hands\n|-end|p1b: Iron Hands|Quark Drive|[silent]\n|upkeep\n|\n|t:|1697637759\n|switch|p1b: Ting-Lu|Ting-Lu|100\/100\n|-ability|p1b: Ting-Lu|Vessel of Ruin\n|turn|14\n|\n|t:|1697637771\n|move|p2b: Goodra|Flamethrower|p1a: Amoonguss\n|-supereffective|p1a: Amoonguss\n|-damage|p1a: Amoonguss|8\/100\n|move|p2a: Trevenant|Horn Leech|p1b: Ting-Lu\n|-supereffective|p1b: Ting-Lu\n|-damage|p1b: Ting-Lu|69\/100\n|-heal|p2a: Trevenant|86\/100|[from] drain|[of] p1b: Ting-Lu\n|move|p1b: Ting-Lu|Throat Chop|p2a: Trevenant\n|-supereffective|p2a: Trevenant\n|-damage|p2a: Trevenant|0 fnt\n|faint|p2a: Trevenant\n|-damage|p1b: Ting-Lu|59\/100|[from] item: Life Orb\n|move|p1a: Amoonguss|Giga Drain|p2b: Goodra\n|-resisted|p2b: Goodra\n|-damage|p2b: Goodra|83\/100\n|-heal|p1a: Amoonguss|11\/100|[from] drain|[of] p2b: Goodra\n|\n|-heal|p1a: Amoonguss|17\/100|[from] item: Leftovers\n|upkeep\n|\n|t:|1697637781\n|switch|p2a: Empoleon|Empoleon, F|100\/100\n|turn|15\n|\n|t:|1697637798\n|move|p2b: Goodra|Flamethrower|p1a: Amoonguss\n|-supereffective|p1a: Amoonguss\n|-damage|p1a: Amoonguss|0 fnt\n|faint|p1a: Amoonguss\n|move|p2a: Empoleon|Blizzard|p1b: Ting-Lu\n|-supereffective|p1b: Ting-Lu\n|-damage|p1b: Ting-Lu|13\/100\n|move|p1b: Ting-Lu|Throat Chop|p2b: Goodra\n|-damage|p2b: Goodra|35\/100\n|-start|p2b: Goodra|Throat Chop|[silent]\n|-damage|p1b: Ting-Lu|0 fnt|[from] item: Rocky Helmet|[of] p2b: Goodra\n|faint|p1b: Ting-Lu\n|\n|upkeep\n|\n|t:|1697637807\n|switch|p1a: Milotic|Milotic, F, shiny|100\/100\n|turn|16\n|\n|t:|1697637819\n|move|p2a: Empoleon|Protect|p2a: Empoleon\n|-singleturn|p2a: Empoleon|Protect\n|move|p2b: Goodra|Protect|p2b: Goodra\n|-singleturn|p2b: Goodra|Protect\n|move|p1a: Milotic|Scald|p2b: Goodra\n|-activate|p2b: Goodra|move: Protect\n|\n|-end|p2b: Goodra|Throat Chop|[silent]\n|upkeep\n|turn|17\n|\n|t:|1697637834\n|move|p1a: Milotic|Scald|p2b: Goodra\n|-resisted|p2b: Goodra\n|-damage|p2b: Goodra|20\/100\n|move|p2a: Empoleon|Hydro Pump|p1a: Milotic\n|-resisted|p1a: Milotic\n|-damage|p1a: Milotic|82\/100\n|move|p2b: Goodra|Blizzard|p1a: Milotic\n|-resisted|p1a: Milotic\n|-damage|p1a: Milotic|71\/100\n|\n|-heal|p1a: Milotic|77\/100|[from] item: Leftovers\n|upkeep\n|turn|18\n|\n|t:|1697637847\n|move|p1a: Milotic|Scald|p2b: Goodra\n|-resisted|p2b: Goodra\n|-damage|p2b: Goodra|7\/100\n|move|p2b: Goodra|Flamethrower|p1a: Milotic\n|-resisted|p1a: Milotic\n|-damage|p1a: Milotic|66\/100\n|move|p2a: Empoleon|Air Slash|p1a: Milotic\n|-damage|p1a: Milotic|49\/100\n|\n|-heal|p1a: Milotic|55\/100|[from] item: Leftovers\n|upkeep\n|turn|19\n|\n|t:|1697637858\n|move|p2b: Goodra|Protect|p2b: Goodra\n|-singleturn|p2b: Goodra|Protect\n|move|p1a: Milotic|Scald|p2b: Goodra\n|-activate|p2b: Goodra|move: Protect\n|move|p2a: Empoleon|Air Slash|p1a: Milotic\n|-damage|p1a: Milotic|36\/100\n|\n|-heal|p1a: Milotic|42\/100|[from] item: Leftovers\n|upkeep\n|turn|20\n|\n|t:|1697637882\n|move|p1a: Milotic|Scald|p2b: Goodra\n|-resisted|p2b: Goodra\n|-damage|p2b: Goodra|0 fnt\n|faint|p2b: Goodra\n|move|p2a: Empoleon|Air Slash|p1a: Milotic\n|-damage|p1a: Milotic|26\/100\n|\n|-heal|p1a: Milotic|32\/100|[from] item: Leftovers\n|upkeep\n|turn|21\n|\n|t:|1697637896\n|move|p1a: Milotic|Hypnosis|p2a: Empoleon|[miss]\n|-miss|p1a: Milotic|p2a: Empoleon\n|move|p2a: Empoleon|Air Slash|p1a: Milotic\n|-damage|p1a: Milotic|12\/100\n|\n|-heal|p1a: Milotic|18\/100|[from] item: Leftovers\n|upkeep\n|turn|22\n|\n|t:|1697637905\n|move|p1a: Milotic|Hypnosis|p2a: Empoleon\n|-status|p2a: Empoleon|slp|[from] move: Hypnosis\n|cant|p2a: Empoleon|slp\n|\n|-heal|p1a: Milotic|24\/100|[from] item: Leftovers\n|upkeep\n|turn|23\n|\n|t:|1697637913\n|-terastallize|p1a: Milotic|Water\n|move|p1a: Milotic|Scald|p2a: Empoleon\n|-resisted|p2a: Empoleon\n|-damage|p2a: Empoleon|84\/100 slp\n|-curestatus|p2a: Empoleon|slp|[msg]\n|move|p2a: Empoleon|Air Slash|p1a: Milotic\n|-damage|p1a: Milotic|5\/100\n|-heal|p2a: Empoleon|86\/100|[from] item: Shell Bell|[of] p1a: Milotic\n|\n|-heal|p1a: Milotic|11\/100|[from] item: Leftovers\n|upkeep\n|turn|24\n|\n|t:|1697637924\n|move|p1a: Milotic|Hypnosis|p2a: Empoleon|[miss]\n|-miss|p1a: Milotic|p2a: Empoleon\n|move|p2a: Empoleon|Air Slash|p1a: Milotic\n|-damage|p1a: Milotic|0 fnt\n|faint|p1a: Milotic\n|-heal|p2a: Empoleon|87\/100|[from] item: Shell Bell|[of] p1: Milotic\n|\n|win|RocketsViability\n|raw|mariogg333's rating: 1237 &rarr; <strong>1208<\/strong><br \/>(-29 for losing)\n|raw|RocketsViability's rating: 1188 &rarr; <strong>1217<\/strong><br \/>(+29 for winning)\n|l|\u2606mariogg333\n","uploadtime":1697637934,"views":10,"p1id":"mariogg333","p2id":"rocketsviability","formatid":"gen9doublesou","rating":1208,"private":0,"password":""}