{"id":"gen9doublesou-1969182098","p1":"Opporto!","p2":"Wiz_Mudkip","format":"[Gen 9] Doubles OU","log":"|j|\u2606Opporto!\n|j|\u2606Wiz_Mudkip\n|t:|1697497812\n|gametype|doubles\n|player|p1|Opporto!|102|1111\n|player|p2|Wiz_Mudkip|scientist-gen4|1030\n|teamsize|p1|6\n|teamsize|p2|6\n|gen|9\n|tier|[Gen 9] Doubles OU\n|rated|\n|rule|Species Clause: Limit one of each Pok\u00e9mon\n|rule|OHKO Clause: OHKO moves are banned\n|rule|Evasion Moves Clause: Evasion moves are banned\n|rule|Gravity Sleep Clause: The combination of sleep-inducing moves with imperfect accuracy and Gravity or Gigantamax Orbeetle are banned\n|rule|Endless Battle Clause: Forcing endless battles is banned\n|rule|HP Percentage Mod: HP is shown in percentages\n|clearpoke\n|poke|p1|Goodra, F|\n|poke|p1|Greninja-*, M|\n|poke|p1|Talonflame, F|\n|poke|p1|Sylveon, F|\n|poke|p1|Trevenant, M|\n|poke|p1|Volcanion|\n|poke|p2|Dusknoir, F|\n|poke|p2|Indeedee-F, F|\n|poke|p2|Vikavolt, F|\n|poke|p2|Hatterene, F|\n|poke|p2|Ursaluna, F|\n|poke|p2|Gastrodon-East, F|\n|teampreview\n|\n|t:|1697497828\n|start\n|switch|p1a: Sylveon|Sylveon, F|100\/100\n|switch|p1b: Greninja|Greninja, M|100\/100\n|switch|p2a: Indeedee|Indeedee-F, F|100\/100\n|switch|p2b: Vikavolt|Vikavolt, F|100\/100\n|-fieldstart|move: Psychic Terrain|[from] ability: Psychic Surge|[of] p2a: Indeedee\n|turn|1\n|inactive|Battle timer is ON: inactive players will automatically lose when time's up. (requested by Opporto!)\n|\n|t:|1697497850\n|switch|p2b: Gastrodon|Gastrodon-East, F|100\/100\n|move|p1b: Greninja|Dark Pulse|p2a: Indeedee\n|-supereffective|p2a: Indeedee\n|-damage|p2a: Indeedee|37\/100\n|move|p1a: Sylveon|Calm Mind|p1a: Sylveon\n|-boost|p1a: Sylveon|spa|1\n|-boost|p1a: Sylveon|spd|1\n|move|p2a: Indeedee|Trick Room|p2a: Indeedee\n|-fieldstart|move: Trick Room|[of] p2a: Indeedee\n|\n|upkeep\n|turn|2\n|\n|t:|1697497874\n|-terastallize|p1a: Sylveon|Fairy\n|move|p1b: Greninja|Helping Hand|p1a: Sylveon\n|-singleturn|p1a: Sylveon|Helping Hand|[of] p1b: Greninja\n|move|p2a: Indeedee|Protect|p2a: Indeedee\n|-singleturn|p2a: Indeedee|Protect\n|move|p2b: Gastrodon|Muddy Water|p1a: Sylveon|[spread] p1b\n|-miss|p2b: Gastrodon|p1a: Sylveon\n|-resisted|p1b: Greninja\n|-damage|p1b: Greninja|84\/100\n|move|p1a: Sylveon|Hyper Voice|p2a: Indeedee|[spread] p2b\n|-activate|p2a: Indeedee|move: Protect\n|-damage|p2b: Gastrodon|19\/100\n|-enditem|p1a: Sylveon|Throat Spray\n|-boost|p1a: Sylveon|spa|1|[from] item: Throat Spray\n|\n|-heal|p2b: Gastrodon|25\/100|[from] item: Leftovers\n|upkeep\n|turn|3\n|\n|t:|1697497898\n|move|p2b: Gastrodon|Protect|p2b: Gastrodon\n|-singleturn|p2b: Gastrodon|Protect\n|move|p1b: Greninja|Protect|p1b: Greninja\n|-singleturn|p1b: Greninja|Protect\n|move|p1a: Sylveon|Hyper Voice|p2b: Gastrodon|[spread] p2a\n|-activate|p2b: Gastrodon|move: Protect\n|-crit|p2a: Indeedee\n|-damage|p2a: Indeedee|0 fnt\n|faint|p2a: Indeedee\n|\n|-heal|p2b: Gastrodon|31\/100|[from] item: Leftovers\n|upkeep\n|\n|t:|1697497909\n|switch|p2a: Vikavolt|Vikavolt, F|100\/100\n|turn|4\n|\n|t:|1697497931\n|-terastallize|p2a: Vikavolt|Steel\n|move|p2b: Gastrodon|Helping Hand|p2a: Vikavolt\n|-singleturn|p2a: Vikavolt|Helping Hand|[of] p2b: Gastrodon\n|move|p2a: Vikavolt|Flash Cannon|p1a: Sylveon\n|-supereffective|p1a: Sylveon\n|-damage|p1a: Sylveon|7\/100\n|-damage|p2a: Vikavolt|91\/100|[from] item: Life Orb\n|move|p1a: Sylveon|Calm Mind|p1a: Sylveon\n|-boost|p1a: Sylveon|spa|1\n|-boost|p1a: Sylveon|spd|1\n|move|p1b: Greninja|Dark Pulse|p2b: Gastrodon\n|-damage|p2b: Gastrodon|8\/100\n|\n|-heal|p2b: Gastrodon|14\/100|[from] item: Leftovers\n|upkeep\n|turn|5\n|\n|t:|1697497953\n|move|p2b: Gastrodon|Helping Hand|p2a: Vikavolt\n|-singleturn|p2a: Vikavolt|Helping Hand|[of] p2b: Gastrodon\n|move|p2a: Vikavolt|Discharge|p1a: Sylveon|[spread] p1a,p1b\n|-immune|p2b: Gastrodon\n|-supereffective|p1b: Greninja\n|-damage|p1a: Sylveon|0 fnt\n|-damage|p1b: Greninja|0 fnt\n|faint|p1a: Sylveon\n|faint|p1b: Greninja\n|-damage|p2a: Vikavolt|81\/100|[from] item: Life Orb\n|\n|-heal|p2b: Gastrodon|20\/100|[from] item: Leftovers\n|-fieldend|move: Trick Room\n|-fieldend|move: Psychic Terrain\n|upkeep\n|inactive|Opporto! has 120 seconds left.\n|\n|t:|1697497970\n|switch|p1b: Volcanion|Volcanion|100\/100\n|switch|p1a: Trevenant|Trevenant, M|100\/100\n|turn|6\n|\n|t:|1697497992\n|move|p1b: Volcanion|Heat Wave|p2a: Vikavolt|[spread] p2a\n|-miss|p1b: Volcanion|p2b: Gastrodon\n|-supereffective|p2a: Vikavolt\n|-damage|p2a: Vikavolt|0 fnt\n|faint|p2a: Vikavolt\n|move|p1a: Trevenant|Horn Leech|p2b: Gastrodon\n|-supereffective|p2b: Gastrodon\n|-damage|p2b: Gastrodon|0 fnt\n|faint|p2b: Gastrodon\n|\n|upkeep\n|\n|t:|1697498006\n|switch|p2a: Hatterene|Hatterene, F|100\/100\n|switch|p2b: Ursaluna|Ursaluna, F|100\/100\n|turn|7\n|\n|t:|1697498025\n|move|p2b: Ursaluna|Protect|p2b: Ursaluna\n|-singleturn|p2b: Ursaluna|Protect\n|move|p1b: Volcanion|Heat Wave|p2a: Hatterene|[spread] p2a\n|-activate|p2b: Ursaluna|move: Protect\n|-damage|p2a: Hatterene|59\/100\n|move|p1a: Trevenant|Poison Jab|p2a: Hatterene\n|-supereffective|p2a: Hatterene\n|-damage|p2a: Hatterene|1\/100\n|-damage|p1a: Trevenant|84\/100|[from] item: Rocky Helmet|[of] p2a: Hatterene\n|move|p2a: Hatterene|Trick Room|p2a: Hatterene\n|-fieldstart|move: Trick Room|[of] p2a: Hatterene\n|\n|-status|p2b: Ursaluna|brn|[from] item: Flame Orb\n|upkeep\n|turn|8\n|inactive|Wiz_Mudkip has 120 seconds left.\n|\n|t:|1697498056\n|move|p2a: Hatterene|Draining Kiss|p1a: Trevenant\n|-damage|p1a: Trevenant|53\/100\n|-heal|p2a: Hatterene|29\/100|[from] drain|[of] p1a: Trevenant\n|move|p2b: Ursaluna|Facade|p1b: Volcanion\n|-crit|p1b: Volcanion\n|-damage|p1b: Volcanion|0 fnt\n|faint|p1b: Volcanion\n|move|p1a: Trevenant|Leech Seed|p2b: Ursaluna|[miss]\n|-miss|p1a: Trevenant|p2b: Ursaluna\n|\n|-damage|p2b: Ursaluna|94\/100 brn|[from] brn\n|upkeep\n|\n|t:|1697498068\n|switch|p1b: Goodra|Goodra, F, shiny|100\/100\n|turn|9\n|\n|t:|1697498082\n|move|p2a: Hatterene|Draining Kiss|p1b: Goodra\n|-supereffective|p1b: Goodra\n|-damage|p1b: Goodra|64\/100\n|-heal|p2a: Hatterene|62\/100|[from] drain|[of] p1b: Goodra\n|move|p2b: Ursaluna|Rock Slide|p1b: Goodra|[spread] p1a,p1b\n|-damage|p1a: Trevenant|14\/100\n|-damage|p1b: Goodra|35\/100\n|cant|p1a: Trevenant|flinch\n|move|p1b: Goodra|Scald|p2b: Ursaluna\n|-supereffective|p2b: Ursaluna\n|-damage|p2b: Ursaluna|57\/100 brn\n|\n|-heal|p1b: Goodra|41\/100|[from] item: Leftovers\n|-damage|p2b: Ursaluna|51\/100 brn|[from] brn\n|upkeep\n|turn|10\n|\n|t:|1697498103\n|move|p2a: Hatterene|Dazzling Gleam|p1a: Trevenant|[spread] p1a,p1b\n|-supereffective|p1b: Goodra\n|-damage|p1a: Trevenant|0 fnt\n|-damage|p1b: Goodra|0 fnt\n|faint|p1a: Trevenant\n|faint|p1b: Goodra\n|move|p2b: Ursaluna|Rock Slide|p1: Trevenant|[notarget]\n|-fail|p2b: Ursaluna\n|\n|-damage|p2b: Ursaluna|45\/100 brn|[from] brn\n|upkeep\n|-message|Opporto! forfeited.\n|\n|win|Wiz_Mudkip\n|raw|Opporto!'s rating: 1111 &rarr; <strong>1080<\/strong><br \/>(-31 for losing)\n|raw|Wiz_Mudkip's rating: 1030 &rarr; <strong>1074<\/strong><br \/>(+44 for winning)\n|l|\u2606Opporto!\n","uploadtime":1697498114,"views":18,"p1id":"opporto","p2id":"wizmudkip","formatid":"gen9doublesou","rating":1074,"private":0,"password":""}