{"id":"gen9doublesou-1989813017","p1":"mikeyuwu","p2":"TheArcaneAce13","format":"[Gen 9] Doubles OU","log":"|j|\u2606mikeyuwu\n|j|\u2606TheArcaneAce13\n|t:|1699897856\n|gametype|doubles\n|player|p1|mikeyuwu|psychic-gen4|1343\n|player|p2|TheArcaneAce13|ingo|1307\n|teamsize|p1|6\n|teamsize|p2|6\n|gen|9\n|tier|[Gen 9] Doubles OU\n|rated|\n|rule|Species Clause: Limit one of each Pok\u00e9mon\n|rule|OHKO Clause: OHKO moves are banned\n|rule|Evasion Moves Clause: Evasion moves are banned\n|rule|Gravity Sleep Clause: The combination of sleep-inducing moves with imperfect accuracy and Gravity or Gigantamax Orbeetle are banned\n|rule|Endless Battle Clause: Forcing endless battles is banned\n|rule|HP Percentage Mod: HP is shown in percentages\n|clearpoke\n|poke|p1|Garchomp, M|\n|poke|p1|Tyranitar, F|\n|poke|p1|Vaporeon, F|\n|poke|p1|Toxicroak, M|\n|poke|p1|Pelipper, F|\n|poke|p1|Abomasnow, M|\n|poke|p2|Mamoswine, M|\n|poke|p2|Hawlucha, F|\n|poke|p2|Rillaboom, M|\n|poke|p2|Goodra-Hisui, M|\n|poke|p2|Mimikyu, M|\n|poke|p2|Garganacl, F|\n|teampreview\n|\n|t:|1699897868\n|start\n|switch|p1a: OTLHPM|Toxicroak, M|100\/100\n|switch|p1b: Cold Shoulder|Abomasnow, M, shiny|100\/100\n|switch|p2a: Mimikyu|Mimikyu, M|100\/100\n|switch|p2b: Garganacl|Garganacl, F|100\/100\n|-weather|Snow|[from] ability: Snow Warning|[of] p1b: Cold Shoulder\n|turn|1\n|\n|t:|1699897886\n|switch|p1a: Weather War|Pelipper, F|100\/100\n|-weather|RainDance|[from] ability: Drizzle|[of] p1a: Weather War\n|move|p1b: Cold Shoulder|Weather Ball|p2b: Garganacl\n|-supereffective|p2b: Garganacl\n|-damage|p2b: Garganacl|29\/100\n|move|p2b: Garganacl|Salt Cure|p1b: Cold Shoulder\n|-supereffective|p1b: Cold Shoulder\n|-damage|p1b: Cold Shoulder|74\/100\n|-start|p1b: Cold Shoulder|Salt Cure\n|move|p2a: Mimikyu|Will-O-Wisp|p1a: Weather War|[miss]\n|-miss|p2a: Mimikyu|p1a: Weather War\n|\n|-weather|RainDance|[upkeep]\n|-heal|p2b: Garganacl|35\/100|[from] item: Leftovers\n|-damage|p1b: Cold Shoulder|62\/100|[from] Salt Cure\n|upkeep\n|turn|2\n|\n|t:|1699897909\n|switch|p2b: Goodra|Goodra-Hisui, M|100\/100\n|move|p1a: Weather War|Chilling Water|p2a: Mimikyu\n|-activate|p2a: Mimikyu|ability: Disguise\n|-damage|p2a: Mimikyu|100\/100\n|-unboost|p2a: Mimikyu|atk|1\n|detailschange|p2a: Mimikyu|Mimikyu-Busted, M\n|-damage|p2a: Mimikyu|88\/100|[from] pokemon: Mimikyu-Busted\n|move|p1b: Cold Shoulder|Giga Drain|p2b: Goodra\n|-resisted|p2b: Goodra\n|-damage|p2b: Goodra|98\/100\n|-heal|p1b: Cold Shoulder|63\/100|[from] drain|[of] p2b: Goodra\n|move|p2a: Mimikyu|Trick|p1a: Weather War\n|-activate|p2a: Mimikyu|move: Trick|[of] p1a: Weather War\n|-item|p1a: Weather War|Lagging Tail|[from] move: Trick\n|-item|p2a: Mimikyu|Heavy-Duty Boots|[from] move: Trick\n|\n|-weather|RainDance|[upkeep]\n|-damage|p1b: Cold Shoulder|51\/100|[from] Salt Cure\n|upkeep\n|turn|3\n|\n|t:|1699897940\n|switch|p1b: Harmacy|Vaporeon, F|100\/100\n|move|p2a: Mimikyu|Play Rough|p1a: Weather War\n|-damage|p1a: Weather War|86\/100\n|move|p2b: Goodra|Flash Cannon|p1b: Harmacy\n|-resisted|p1b: Harmacy\n|-damage|p1b: Harmacy|86\/100\n|move|p1a: Weather War|Soak|p2b: Goodra\n|-start|p2b: Goodra|typechange|Water\n|\n|-weather|RainDance|[upkeep]\n|-heal|p1b: Harmacy|92\/100|[from] item: Leftovers\n|upkeep\n|turn|4\n|\n|t:|1699897965\n|switch|p2b: Rillaboom|Rillaboom, M|100\/100\n|-fieldstart|move: Grassy Terrain|[from] ability: Grassy Surge|[of] p2b: Rillaboom\n|move|p2a: Mimikyu|Trick|p1b: Harmacy\n|-activate|p2a: Mimikyu|move: Trick|[of] p1b: Harmacy\n|-item|p1b: Harmacy|Heavy-Duty Boots|[from] move: Trick\n|-item|p2a: Mimikyu|Leftovers|[from] move: Trick\n|move|p1b: Harmacy|Copycat||[still]\n|-fail|p1b: Harmacy\n|move|p1a: Weather War|Hurricane|p2b: Rillaboom\n|-supereffective|p2b: Rillaboom\n|-damage|p2b: Rillaboom|2\/100\n|\n|-weather|RainDance|[upkeep]\n|-heal|p2b: Rillaboom|8\/100|[from] Grassy Terrain\n|-heal|p2a: Mimikyu|94\/100|[from] Grassy Terrain\n|-heal|p2a: Mimikyu|100\/100|[from] item: Leftovers\n|-heal|p1b: Harmacy|98\/100|[from] Grassy Terrain\n|upkeep\n|turn|5\n|\n|t:|1699897995\n|switch|p1b: Cold Shoulder|Abomasnow, M, shiny|51\/100\n|-weather|Snow|[from] ability: Snow Warning|[of] p1b: Cold Shoulder\n|move|p2b: Rillaboom|Grassy Glide|p1b: Cold Shoulder\n|-resisted|p1b: Cold Shoulder\n|-damage|p1b: Cold Shoulder|36\/100\n|-damage|p2b: Rillaboom|0 fnt|[from] item: Life Orb\n|faint|p2b: Rillaboom\n|move|p2a: Mimikyu|Play Rough|p1a: Weather War|[miss]\n|-miss|p2a: Mimikyu|p1a: Weather War\n|move|p1a: Weather War|Blizzard|p2a: Mimikyu\n|-damage|p2a: Mimikyu|78\/100\n|\n|-weather|Snow|[upkeep]\n|-heal|p2a: Mimikyu|84\/100|[from] Grassy Terrain\n|-heal|p2a: Mimikyu|90\/100|[from] item: Leftovers\n|-heal|p1b: Cold Shoulder|42\/100|[from] Grassy Terrain\n|upkeep\n|\n|t:|1699898008\n|switch|p2b: Goodra|Goodra-Hisui, M|98\/100\n|turn|6\n|\n|t:|1699898014\n|switch|p1b: Harmacy|Vaporeon, F|98\/100\n|move|p2a: Mimikyu|Will-O-Wisp|p1b: Harmacy\n|-status|p1b: Harmacy|brn\n|move|p2b: Goodra|Thunderbolt|p1a: Weather War\n|-supereffective|p1a: Weather War\n|-damage|p1a: Weather War|0 fnt\n|faint|p1a: Weather War\n|\n|-weather|Snow|[upkeep]\n|-heal|p2a: Mimikyu|97\/100|[from] Grassy Terrain\n|-heal|p2a: Mimikyu|100\/100|[from] item: Leftovers\n|-heal|p1b: Harmacy|100\/100 brn|[from] Grassy Terrain\n|-heal|p2b: Goodra|100\/100|[from] Grassy Terrain\n|-damage|p1b: Harmacy|94\/100 brn|[from] brn\n|upkeep\n|\n|t:|1699898024\n|switch|p1a: Extra Spicy|Garchomp, M|100\/100\n|turn|7\n|\n|t:|1699898044\n|switch|p1a: OTLHPM|Toxicroak, M|100\/100\n|switch|p2a: Hawlucha|Hawlucha, F|100\/100\n|-enditem|p2a: Hawlucha|Grassy Seed\n|-boost|p2a: Hawlucha|def|1|[from] item: Grassy Seed\n|-terastallize|p2b: Goodra|Flying\n|move|p1b: Harmacy|Icy Wind|p2b: Goodra|[spread] p2a,p2b\n|-supereffective|p2a: Hawlucha\n|-supereffective|p2b: Goodra\n|-damage|p2a: Hawlucha|70\/100\n|-damage|p2b: Goodra|92\/100\n|-unboost|p2a: Hawlucha|spe|1\n|-unboost|p2b: Goodra|spe|1\n|move|p2b: Goodra|Draco Meteor|p1a: OTLHPM|[miss]\n|-miss|p2b: Goodra|p1a: OTLHPM\n|\n|-weather|Snow|[upkeep]\n|-heal|p1b: Harmacy|100\/100 brn|[from] Grassy Terrain\n|-damage|p1b: Harmacy|94\/100 brn|[from] brn\n|upkeep\n|turn|8\n|\n|t:|1699898067\n|switch|p1a: Extra Spicy|Garchomp, M|100\/100\n|switch|p2b: Mimikyu|Mimikyu-Busted, M|100\/100\n|move|p2a: Hawlucha|Acrobatics|p1a: Extra Spicy\n|-damage|p1a: Extra Spicy|70\/100\n|-damage|p2a: Hawlucha|58\/100|[from] ability: Rough Skin|[of] p1a: Extra Spicy\n|-damage|p2a: Hawlucha|41\/100|[from] item: Rocky Helmet|[of] p1a: Extra Spicy\n|move|p1b: Harmacy|Weather Ball|p2a: Hawlucha\n|-supereffective|p2a: Hawlucha\n|-damage|p2a: Hawlucha|0 fnt\n|faint|p2a: Hawlucha\n|\n|-weather|Snow|[upkeep]\n|-heal|p1a: Extra Spicy|76\/100|[from] Grassy Terrain\n|-heal|p1b: Harmacy|100\/100 brn|[from] Grassy Terrain\n|-damage|p1b: Harmacy|94\/100 brn|[from] brn\n|-fieldend|move: Grassy Terrain\n|upkeep\n|\n|t:|1699898082\n|switch|p2a: Goodra|Goodra-Hisui, M, tera:Flying|92\/100\n|turn|9\n|\n|t:|1699898089\n|switch|p1a: OTLHPM|Toxicroak, M|100\/100\n|move|p2b: Mimikyu|Play Rough|p1a: OTLHPM\n|-crit|p1a: OTLHPM\n|-damage|p1a: OTLHPM|36\/100\n|move|p1b: Harmacy|Weather Ball|p2a: Goodra\n|-supereffective|p2a: Goodra\n|-damage|p2a: Goodra|72\/100\n|move|p2a: Goodra|Draco Meteor|p1a: OTLHPM\n|-damage|p1a: OTLHPM|0 fnt\n|-unboost|p2a: Goodra|spa|2\n|faint|p1a: OTLHPM\n|\n|-weather|none\n|-damage|p1b: Harmacy|88\/100 brn|[from] brn\n|upkeep\n|\n|t:|1699898103\n|switch|p1a: ThcrThnSnkr|Tyranitar, F|100\/100\n|-weather|Sandstorm|[from] ability: Sand Stream|[of] p1a: ThcrThnSnkr\n|turn|10\n|\n|t:|1699898111\n|switch|p1a: Cold Shoulder|Abomasnow, M, shiny|42\/100\n|-weather|Snow|[from] ability: Snow Warning|[of] p1a: Cold Shoulder\n|switch|p2a: Garganacl|Garganacl, F|35\/100\n|move|p2b: Mimikyu|Will-O-Wisp|p1a: Cold Shoulder\n|-status|p1a: Cold Shoulder|brn\n|move|p1b: Harmacy|Icy Wind|p2b: Mimikyu|[spread] p2a,p2b\n|-damage|p2a: Garganacl|26\/100\n|-damage|p2b: Mimikyu|90\/100\n|-unboost|p2a: Garganacl|spe|1\n|-unboost|p2b: Mimikyu|spe|1\n|\n|-weather|Snow|[upkeep]\n|-heal|p2b: Mimikyu|97\/100|[from] item: Leftovers\n|-heal|p2a: Garganacl|32\/100|[from] item: Leftovers\n|-damage|p1a: Cold Shoulder|36\/100 brn|[from] brn\n|-damage|p1b: Harmacy|82\/100 brn|[from] brn\n|upkeep\n|turn|11\n|\n|t:|1699898133\n|move|p1a: Cold Shoulder|Giga Drain|p2a: Garganacl\n|-supereffective|p2a: Garganacl\n|-damage|p2a: Garganacl|0 fnt\n|-heal|p1a: Cold Shoulder|55\/100 brn|[from] drain|[of] p2a: Garganacl\n|faint|p2a: Garganacl\n|move|p1b: Harmacy|Copycat|p1b: Harmacy\n|move|p1b: Harmacy|Giga Drain|p2b: Mimikyu|[from]move: Copycat\n|-crit|p2b: Mimikyu\n|-damage|p2b: Mimikyu|70\/100\n|-heal|p1b: Harmacy|91\/100 brn|[from] drain|[of] p2b: Mimikyu\n|move|p2b: Mimikyu|Play Rough|p1a: Cold Shoulder\n|-damage|p1a: Cold Shoulder|39\/100 brn\n|\n|-weather|Snow|[upkeep]\n|-heal|p2b: Mimikyu|76\/100|[from] item: Leftovers\n|-damage|p1a: Cold Shoulder|33\/100 brn|[from] brn\n|-damage|p1b: Harmacy|85\/100 brn|[from] brn\n|upkeep\n|\n|t:|1699898140\n|switch|p2a: Moo?|Mamoswine, M|100\/100\n|turn|12\n|\n|t:|1699898155\n|move|p2a: Moo?|Icicle Spear|p1a: Cold Shoulder\n|-damage|p1a: Cold Shoulder|26\/100 brn\n|-damage|p1a: Cold Shoulder|18\/100 brn\n|-damage|p1a: Cold Shoulder|11\/100 brn\n|-damage|p1a: Cold Shoulder|3\/100 brn\n|-hitcount|p1a: Cold Shoulder|4\n|move|p1a: Cold Shoulder|Giga Drain|p2a: Moo?\n|-supereffective|p2a: Moo?\n|-damage|p2a: Moo?|24\/100\n|-heal|p1a: Cold Shoulder|42\/100 brn|[from] drain|[of] p2a: Moo?\n|move|p1b: Harmacy|Copycat|p1b: Harmacy\n|move|p1b: Harmacy|Giga Drain|p2a: Moo?|[from]move: Copycat\n|-supereffective|p2a: Moo?\n|-damage|p2a: Moo?|0 fnt\n|-heal|p1b: Harmacy|95\/100 brn|[from] drain|[of] p2a: Moo?\n|faint|p2a: Moo?\n|move|p2b: Mimikyu|Play Rough|p1b: Harmacy|[miss]\n|-miss|p2b: Mimikyu|p1b: Harmacy\n|\n|-weather|Snow|[upkeep]\n|-heal|p2b: Mimikyu|82\/100|[from] item: Leftovers\n|-damage|p1a: Cold Shoulder|36\/100 brn|[from] brn\n|-damage|p1b: Harmacy|89\/100 brn|[from] brn\n|upkeep\n|\n|t:|1699898183\n|switch|p2a: Goodra|Goodra-Hisui, M, tera:Flying|72\/100\n|turn|13\n|-message|TheArcaneAce13 forfeited.\n|\n|win|mikeyuwu\n|raw|mikeyuwu's rating: 1343 &rarr; <strong>1361<\/strong><br \/>(+18 for winning)\n|raw|TheArcaneAce13's rating: 1307 &rarr; <strong>1289<\/strong><br \/>(-18 for losing)\n|l|\u2606TheArcaneAce13\n","uploadtime":1699898200,"views":5,"p1id":"mikeyuwu","p2id":"thearcaneace13","formatid":"gen9doublesou","rating":1289,"private":0,"password":""}