{"id":"gen9doublesou-2000002659","p1":"Hueberfal12","p2":"830r","format":"[Gen 9] Doubles OU","log":"|j|\u2606Hueberfal12\n|j|\u2606830r\n|t:|1701139864\n|gametype|doubles\n|player|p1|Hueberfal12|gambler|1497\n|player|p2|830r|veteran|1407\n|teamsize|p1|6\n|teamsize|p2|6\n|gen|9\n|tier|[Gen 9] Doubles OU\n|rated|\n|rule|Species Clause: Limit one of each Pok\u00e9mon\n|rule|OHKO Clause: OHKO moves are banned\n|rule|Evasion Moves Clause: Evasion moves are banned\n|rule|Gravity Sleep Clause: The combination of sleep-inducing moves with imperfect accuracy and Gravity or Gigantamax Orbeetle are banned\n|rule|Endless Battle Clause: Forcing endless battles is banned\n|rule|HP Percentage Mod: HP is shown in percentages\n|clearpoke\n|poke|p1|Kommo-o, F|\n|poke|p1|Sinistcha|\n|poke|p1|Roaring Moon|\n|poke|p1|Flutter Mane|\n|poke|p1|Iron Hands|\n|poke|p1|Volcanion|\n|poke|p2|Sneasler, M|\n|poke|p2|Tornadus, M|\n|poke|p2|Regidrago|\n|poke|p2|Iron Moth|\n|poke|p2|Flutter Mane|\n|poke|p2|Indeedee-F, F|\n|teampreview\n|inactive|Battle timer is ON: inactive players will automatically lose when time's up. (requested by 830r)\n|inactive|Hueberfal12 also wants the timer to be on.\n|\n|t:|1701139876\n|start\n|switch|p1a: Kommo-o|Kommo-o, F|100\/100\n|switch|p1b: Roaring Moon|Roaring Moon|100\/100\n|switch|p2a: Sneasler|Sneasler, M|100\/100\n|switch|p2b: Tornadus|Tornadus, M|100\/100\n|-enditem|p1b: Roaring Moon|Booster Energy\n|-activate|p1b: Roaring Moon|ability: Protosynthesis|[fromitem]\n|-start|p1b: Roaring Moon|protosynthesisatk\n|turn|1\n|\n|t:|1701139886\n|-terastallize|p1a: Kommo-o|Normal\n|move|p2a: Sneasler|Fake Out|p1b: Roaring Moon\n|-damage|p1b: Roaring Moon|81\/100\n|cant|p1b: Roaring Moon|flinch\n|move|p2b: Tornadus|Swagger|p1b: Roaring Moon|[miss]\n|-miss|p2b: Tornadus|p1b: Roaring Moon\n|move|p1a: Kommo-o|Clangorous Soul|p1a: Kommo-o\n|-boost|p1a: Kommo-o|atk|1\n|-boost|p1a: Kommo-o|def|1\n|-boost|p1a: Kommo-o|spa|1\n|-boost|p1a: Kommo-o|spd|1\n|-boost|p1a: Kommo-o|spe|1\n|-enditem|p2b: Tornadus|Mirror Herb\n|-boost|p2b: Tornadus|atk|1|[from] item: Mirror Herb\n|-boost|p2b: Tornadus|def|1|[from] item: Mirror Herb\n|-boost|p2b: Tornadus|spa|1|[from] item: Mirror Herb\n|-boost|p2b: Tornadus|spd|1|[from] item: Mirror Herb\n|-boost|p2b: Tornadus|spe|1|[from] item: Mirror Herb\n|-enditem|p2a: Sneasler|Mirror Herb\n|-boost|p2a: Sneasler|atk|1|[from] item: Mirror Herb\n|-boost|p2a: Sneasler|def|1|[from] item: Mirror Herb\n|-boost|p2a: Sneasler|spa|1|[from] item: Mirror Herb\n|-boost|p2a: Sneasler|spd|1|[from] item: Mirror Herb\n|-boost|p2a: Sneasler|spe|1|[from] item: Mirror Herb\n|-damage|p1a: Kommo-o|68\/100\n|-enditem|p1a: Kommo-o|Throat Spray\n|-boost|p1a: Kommo-o|spa|1|[from] item: Throat Spray\n|\n|upkeep\n|turn|2\n|c|\u2606830r|ME LIKEY\n|\n|t:|1701139911\n|-end|p1b: Roaring Moon|Protosynthesis|[silent]\n|switch|p1b: Sinistcha|Sinistcha|100\/100\n|-heal|p1a: Kommo-o|92\/100|[from] ability: Hospitality|[of] p1b: Sinistcha\n|move|p2a: Sneasler|Close Combat|p1b: Sinistcha\n|-immune|p1b: Sinistcha\n|move|p2b: Tornadus|Brick Break|p1a: Kommo-o\n|-supereffective|p1a: Kommo-o\n|-damage|p1a: Kommo-o|46\/100\n|move|p1a: Kommo-o|Boomburst|p2b: Tornadus|[spread] p2a,p2b\n|-immune|p1b: Sinistcha\n|-damage|p2a: Sneasler|14\/100\n|-damage|p2b: Tornadus|15\/100\n|\n|upkeep\n|turn|3\n|\n|t:|1701139941\n|move|p2a: Sneasler|Close Combat|p1a: Kommo-o\n|-supereffective|p1a: Kommo-o\n|-damage|p1a: Kommo-o|0 fnt\n|-unboost|p2a: Sneasler|def|1\n|-unboost|p2a: Sneasler|spd|1\n|faint|p1a: Kommo-o\n|move|p2b: Tornadus|Knock Off|p1b: Sinistcha\n|-supereffective|p1b: Sinistcha\n|-damage|p1b: Sinistcha|6\/100\n|-enditem|p1b: Sinistcha|Iapapa Berry|[from] move: Knock Off|[of] p2b: Tornadus\n|move|p1b: Sinistcha|Matcha Gotcha|p2a: Sneasler|[spread] p2a\n|-miss|p1b: Sinistcha|p2b: Tornadus\n|-resisted|p2a: Sneasler\n|-damage|p2a: Sneasler|0 fnt\n|-heal|p1b: Sinistcha|12\/100|[from] drain|[of] p2a: Sneasler\n|faint|p2a: Sneasler\n|\n|upkeep\n|\n|t:|1701139956\n|switch|p2a: Artillery support|Regidrago|100\/100\n|switch|p1a: Iron Hands|Iron Hands|100\/100\n|turn|4\n|\n|t:|1701139967\n|move|p1a: Iron Hands|Fake Out|p2b: Tornadus\n|-damage|p2b: Tornadus|0 fnt\n|faint|p2b: Tornadus\n|move|p2a: Artillery support|Dragon Energy|p1b: Sinistcha|[spread] p1a,p1b\n|-damage|p1a: Iron Hands|56\/100\n|-damage|p1b: Sinistcha|0 fnt\n|faint|p1b: Sinistcha\n|\n|upkeep\n|\n|t:|1701139976\n|switch|p2b: Flutter Mane|Flutter Mane|100\/100\n|switch|p1b: Roaring Moon|Roaring Moon|81\/100\n|-enditem|p2b: Flutter Mane|Booster Energy\n|-activate|p2b: Flutter Mane|ability: Protosynthesis|[fromitem]\n|-start|p2b: Flutter Mane|protosynthesisspa\n|turn|5\n|\n|t:|1701139987\n|move|p2a: Artillery support|Dragon Energy|p1a: Iron Hands|[spread] p1a,p1b\n|-supereffective|p1b: Roaring Moon\n|-damage|p1a: Iron Hands|6\/100\n|-damage|p1b: Roaring Moon|0 fnt\n|faint|p1b: Roaring Moon\n|-end|p1b: Roaring Moon|Protosynthesis|[silent]\n|move|p2b: Flutter Mane|Dazzling Gleam|p1a: Iron Hands\n|-supereffective|p1a: Iron Hands\n|-damage|p1a: Iron Hands|0 fnt\n|faint|p1a: Iron Hands\n|-end|p1a: Iron Hands|Quark Drive|[silent]\n|\n|upkeep\n|\n|t:|1701139992\n|switch|p1b: Volcanion|Volcanion|100\/100\n|switch|p1a: Flutter Mane|Flutter Mane|100\/100\n|-enditem|p1a: Flutter Mane|Booster Energy\n|-activate|p1a: Flutter Mane|ability: Protosynthesis|[fromitem]\n|-start|p1a: Flutter Mane|protosynthesisspe\n|turn|6\n|\n|t:|1701139998\n|move|p1a: Flutter Mane|Protect|p1a: Flutter Mane\n|-singleturn|p1a: Flutter Mane|Protect\n|move|p2a: Artillery support|Dragon Energy|p1a: Flutter Mane|[spread] p1b\n|-activate|p1a: Flutter Mane|move: Protect\n|-damage|p1b: Volcanion|47\/100\n|move|p2b: Flutter Mane|Dark Pulse|p1a: Flutter Mane\n|-activate|p1a: Flutter Mane|move: Protect\n|move|p1b: Volcanion|Heat Wave|p2b: Flutter Mane|[spread] p2a,p2b\n|-resisted|p2a: Artillery support\n|-damage|p2a: Artillery support|79\/100\n|-damage|p2b: Flutter Mane|56\/100\n|-status|p2b: Flutter Mane|brn\n|\n|-damage|p2b: Flutter Mane|50\/100 brn|[from] brn\n|upkeep\n|turn|7\n|\n|t:|1701140017\n|move|p1a: Flutter Mane|Dazzling Gleam|p2a: Artillery support|[spread] p2a,p2b\n|-supereffective|p2a: Artillery support\n|-damage|p2a: Artillery support|17\/100\n|-damage|p2b: Flutter Mane|20\/100 brn\n|move|p2a: Artillery support|Dragon Energy|p1b: Volcanion|[spread] p1b\n|-immune|p1a: Flutter Mane\n|-damage|p1b: Volcanion|38\/100\n|move|p2b: Flutter Mane|Dark Pulse|p1a: Flutter Mane\n|-damage|p1a: Flutter Mane|67\/100\n|move|p1b: Volcanion|Heat Wave|p2b: Flutter Mane|[spread] p2a,p2b\n|-resisted|p2a: Artillery support\n|-damage|p2a: Artillery support|0 fnt\n|-damage|p2b: Flutter Mane|0 fnt\n|faint|p2a: Artillery support\n|faint|p2b: Flutter Mane\n|-end|p2b: Flutter Mane|Protosynthesis|[silent]\n|\n|upkeep\n|\n|t:|1701140021\n|switch|p2b: Indeedee|Indeedee-F, F|100\/100\n|switch|p2a: Support support|Iron Moth|100\/100\n|-enditem|p2a: Support support|Booster Energy\n|-activate|p2a: Support support|ability: Quark Drive|[fromitem]\n|-start|p2a: Support support|quarkdrivespa\n|turn|8\n|\n|t:|1701140036\n|move|p1a: Flutter Mane|Shadow Ball|p2a: Support support\n|-damage|p2a: Support support|64\/100\n|move|p2a: Support support|Sludge Wave|p1a: Flutter Mane|[spread] p2b,p1a,p1b\n|-damage|p2b: Indeedee|44\/100\n|-damage|p1a: Flutter Mane|21\/100\n|-damage|p1b: Volcanion|3\/100\n|move|p2b: Indeedee|Shadow Ball|p1a: Flutter Mane\n|-supereffective|p1a: Flutter Mane\n|-damage|p1a: Flutter Mane|0 fnt\n|faint|p1a: Flutter Mane\n|-end|p1a: Flutter Mane|Protosynthesis|[silent]\n|move|p1b: Volcanion|Earth Power|p2a: Support support\n|-supereffective|p2a: Support support\n|-damage|p2a: Support support|0 fnt\n|faint|p2a: Support support\n|-end|p2a: Support support|Quark Drive|[silent]\n|\n|upkeep\n|turn|9\n|\n|t:|1701140057\n|move|p2b: Indeedee|Shadow Ball|p1b: Volcanion\n|-damage|p1b: Volcanion|0 fnt\n|faint|p1b: Volcanion\n|\n|win|830r\n|raw|Hueberfal12's rating: 1497 &rarr; <strong>1472<\/strong><br \/>(-25 for losing)\n|raw|830r's rating: 1407 &rarr; <strong>1432<\/strong><br \/>(+25 for winning)\n","uploadtime":1701140061,"views":4,"p1id":"hueberfal12","p2id":"830r","formatid":"gen9doublesou","rating":1432,"private":0,"password":""}