{"id":"gen9doublesou-1992961605","p1":"Cesarzyk","p2":"Kawekinosu","format":"[Gen 9] Doubles OU","log":"|j|\u2606Cesarzyk\n|j|\u2606Kawekinosu\n|t:|1700250601\n|gametype|doubles\n|player|p1|Cesarzyk|101|1192\n|player|p2|Kawekinosu|gambler|1091\n|teamsize|p1|6\n|teamsize|p2|6\n|gen|9\n|tier|[Gen 9] Doubles OU\n|rated|\n|rule|Species Clause: Limit one of each Pok\u00e9mon\n|rule|OHKO Clause: OHKO moves are banned\n|rule|Evasion Moves Clause: Evasion moves are banned\n|rule|Gravity Sleep Clause: The combination of sleep-inducing moves with imperfect accuracy and Gravity or Gigantamax Orbeetle are banned\n|rule|Endless Battle Clause: Forcing endless battles is banned\n|rule|HP Percentage Mod: HP is shown in percentages\n|clearpoke\n|poke|p1|Chi-Yu|\n|poke|p1|Gholdengo|\n|poke|p1|Landorus-Therian, M|\n|poke|p1|Sinistcha-Masterpiece|\n|poke|p1|Ursaluna-Bloodmoon, M|\n|poke|p1|Kingambit, M|\n|poke|p2|Kilowattrel, F|\n|poke|p2|Gastrodon-East, F|\n|poke|p2|Azumarill, F|\n|poke|p2|Pelipper, F|\n|poke|p2|Toxapex, M|\n|poke|p2|Palafin, M|\n|teampreview\n|\n|t:|1700250619\n|start\n|switch|p1a: Sinistcha|Sinistcha-Masterpiece|100\/100\n|switch|p1b: Gholdengo|Gholdengo|100\/100\n|switch|p2a: Pelipper|Pelipper, F|100\/100\n|switch|p2b: Palafin|Palafin, M|100\/100\n|-weather|RainDance|[from] ability: Drizzle|[of] p2a: Pelipper\n|turn|1\n|\n|t:|1700250655\n|detailschange|p2b: Palafin|Palafin-Hero, M\n|switch|p2b: Gastrodon|Gastrodon-East, F, shiny|100\/100\n|move|p1b: Gholdengo|Make It Rain|p2a: Pelipper|[spread] p2a,p2b\n|-resisted|p2a: Pelipper\n|-resisted|p2b: Gastrodon\n|-damage|p2a: Pelipper|59\/100\n|-damage|p2b: Gastrodon|76\/100\n|-unboost|p1b: Gholdengo|spa|1\n|-damage|p1b: Gholdengo|91\/100|[from] item: Life Orb\n|move|p1a: Sinistcha|Matcha Gotcha|p2a: Pelipper|[spread] p2a,p2b\n|-supereffective|p2b: Gastrodon\n|-damage|p2a: Pelipper|22\/100\n|-damage|p2b: Gastrodon|0 fnt\n|faint|p2b: Gastrodon\n|move|p2a: Pelipper|Hurricane|p1a: Sinistcha\n|-supereffective|p1a: Sinistcha\n|-damage|p1a: Sinistcha|31\/100\n|-start|p1a: Sinistcha|confusion\n|\n|-weather|RainDance|[upkeep]\n|-heal|p1a: Sinistcha|37\/100|[from] item: Leftovers\n|upkeep\n|\n|t:|1700250675\n|switch|p2b: Kilowattrel|Kilowattrel, F|100\/100\n|turn|2\n|\n|t:|1700250706\n|move|p2b: Kilowattrel|Hurricane|p1a: Sinistcha\n|-supereffective|p1a: Sinistcha\n|-damage|p1a: Sinistcha|0 fnt\n|faint|p1a: Sinistcha\n|move|p1b: Gholdengo|Make It Rain|p2b: Kilowattrel|[spread] p2a,p2b\n|-resisted|p2a: Pelipper\n|-resisted|p2b: Kilowattrel\n|-damage|p2a: Pelipper|0 fnt\n|-damage|p2b: Kilowattrel|63\/100\n|-unboost|p1b: Gholdengo|spa|1\n|faint|p2a: Pelipper\n|-damage|p1b: Gholdengo|81\/100|[from] item: Life Orb\n|\n|-weather|RainDance|[upkeep]\n|upkeep\n|\n|t:|1700250718\n|switch|p1a: Goldfish|Chi-Yu|100\/100\n|switch|p2a: Palafin|Palafin-Hero, M|100\/100\n|-ability|p1a: Goldfish|Beads of Ruin\n|-activate|p2a: Palafin|ability: Zero to Hero\n|turn|3\n|\n|t:|1700250732\n|switch|p1b: Ursaluna|Ursaluna-Bloodmoon, M|100\/100\n|move|p2a: Palafin|Jet Punch|p1a: Goldfish\n|-supereffective|p1a: Goldfish\n|-enditem|p1a: Goldfish|Focus Sash\n|-damage|p1a: Goldfish|1\/100\n|-damage|p2a: Palafin|91\/100|[from] item: Life Orb\n|move|p2b: Kilowattrel|Thunder|p1b: Ursaluna\n|-immune|p1b: Ursaluna\n|move|p1a: Goldfish|Heat Wave|p2b: Kilowattrel|[spread] p2a,p2b\n|-resisted|p2a: Palafin\n|-damage|p2a: Palafin|79\/100\n|-damage|p2b: Kilowattrel|21\/100\n|\n|-weather|RainDance|[upkeep]\n|upkeep\n|turn|4\n|\n|t:|1700250756\n|move|p2a: Palafin|Jet Punch|p1b: Ursaluna\n|-supereffective|p1b: Ursaluna\n|-damage|p1b: Ursaluna|0 fnt\n|faint|p1b: Ursaluna\n|-damage|p2a: Palafin|69\/100|[from] item: Life Orb\n|move|p2b: Kilowattrel|Volt Switch|p1a: Goldfish\n|-damage|p1a: Goldfish|0 fnt\n|faint|p1a: Goldfish\n|\n|t:|1700250767\n|switch|p2b: Azumarill|Azumarill, F|100\/100|[from] Volt Switch\n|\n|-weather|RainDance|[upkeep]\n|upkeep\n|\n|t:|1700250772\n|switch|p1a: Landorus|Landorus-Therian, M|100\/100\n|switch|p1b: Gholdengo|Gholdengo|81\/100\n|-ability|p1a: Landorus|Intimidate|boost\n|-unboost|p2a: Palafin|atk|1\n|-unboost|p2b: Azumarill|atk|1\n|turn|5\n|\n|t:|1700250796\n|-terastallize|p1b: Gholdengo|Steel\n|move|p2b: Azumarill|Aqua Jet|p1b: Gholdengo\n|-damage|p1b: Gholdengo|51\/100\n|move|p1a: Landorus|Stomping Tantrum|p2a: Palafin\n|-damage|p2a: Palafin|27\/100\n|move|p2a: Palafin|Ice Punch|p1a: Landorus\n|-supereffective|p1a: Landorus\n|-damage|p1a: Landorus|0 fnt\n|faint|p1a: Landorus\n|-damage|p2a: Palafin|17\/100|[from] item: Life Orb\n|move|p1b: Gholdengo|Make It Rain|p2b: Azumarill|[spread] p2a,p2b\n|-resisted|p2a: Palafin\n|-damage|p2a: Palafin|0 fnt\n|-damage|p2b: Azumarill|43\/100\n|-unboost|p1b: Gholdengo|spa|1\n|faint|p2a: Palafin\n|-damage|p1b: Gholdengo|41\/100|[from] item: Life Orb\n|\n|-weather|RainDance|[upkeep]\n|upkeep\n|\n|t:|1700250820\n|switch|p1a: Kingambit|Kingambit, M|100\/100\n|switch|p2a: Kilowattrel|Kilowattrel, F|21\/100\n|-activate|p1a: Kingambit|ability: Supreme Overlord\n|-start|p1a: Kingambit|fallen4|[silent]\n|turn|6\n|\n|t:|1700250833\n|move|p1a: Kingambit|Protect|p1a: Kingambit\n|-singleturn|p1a: Kingambit|Protect\n|move|p2b: Azumarill|Aqua Jet|p1b: Gholdengo\n|-damage|p1b: Gholdengo|14\/100\n|move|p2a: Kilowattrel|Thunder|p1b: Gholdengo\n|-damage|p1b: Gholdengo|0 fnt\n|faint|p1b: Gholdengo\n|\n|-weather|RainDance|[upkeep]\n|upkeep\n|turn|7\n|\n|t:|1700250848\n|move|p1a: Kingambit|Sucker Punch|p2b: Azumarill\n|-resisted|p2b: Azumarill\n|-crit|p2b: Azumarill\n|-damage|p2b: Azumarill|0 fnt\n|faint|p2b: Azumarill\n|move|p2a: Kilowattrel|Thunder|p1a: Kingambit\n|-damage|p1a: Kingambit|49\/100\n|\n|-weather|RainDance|[upkeep]\n|upkeep\n|\n|t:|1700250855\n|switch|p2b: Toxapex|Toxapex, M, shiny|100\/100\n|turn|8\n|\n|t:|1700250862\n|move|p1a: Kingambit|Protect|p1a: Kingambit\n|-singleturn|p1a: Kingambit|Protect\n|move|p2a: Kilowattrel|Thunder|p1a: Kingambit\n|-activate|p1a: Kingambit|move: Protect\n|move|p2b: Toxapex|Chilling Water|p1a: Kingambit\n|-activate|p1a: Kingambit|move: Protect\n|\n|-weather|none\n|upkeep\n|turn|9\n|\n|t:|1700250875\n|move|p2a: Kilowattrel|Thunder|p1a: Kingambit|[miss]\n|-miss|p2a: Kilowattrel|p1a: Kingambit\n|move|p1a: Kingambit|Kowtow Cleave|p2b: Toxapex\n|-damage|p2b: Toxapex|32\/100\n|move|p2b: Toxapex|Rain Dance|p2b: Toxapex\n|-weather|RainDance\n|\n|-weather|RainDance|[upkeep]\n|-heal|p2b: Toxapex|38\/100|[from] item: Black Sludge\n|upkeep\n|turn|10\n|\n|t:|1700250891\n|move|p1a: Kingambit|Sucker Punch|p2a: Kilowattrel\n|-crit|p2a: Kilowattrel\n|-damage|p2a: Kilowattrel|0 fnt\n|faint|p2a: Kilowattrel\n|move|p2b: Toxapex|Recover|p2b: Toxapex\n|-heal|p2b: Toxapex|88\/100\n|\n|-weather|RainDance|[upkeep]\n|-heal|p2b: Toxapex|95\/100|[from] item: Black Sludge\n|upkeep\n|turn|11\n|\n|t:|1700250910\n|move|p1a: Kingambit|Sucker Punch|p2b: Toxapex\n|-damage|p2b: Toxapex|41\/100\n|move|p2b: Toxapex|Chilling Water|p1a: Kingambit\n|-damage|p1a: Kingambit|35\/100\n|-unboost|p1a: Kingambit|atk|1\n|\n|-weather|RainDance|[upkeep]\n|-heal|p2b: Toxapex|48\/100|[from] item: Black Sludge\n|upkeep\n|turn|12\n|\n|t:|1700250920\n|move|p1a: Kingambit|Kowtow Cleave|p2b: Toxapex\n|-damage|p2b: Toxapex|5\/100\n|move|p2b: Toxapex|Recover|p2b: Toxapex\n|-heal|p2b: Toxapex|55\/100\n|\n|-weather|RainDance|[upkeep]\n|-heal|p2b: Toxapex|61\/100|[from] item: Black Sludge\n|upkeep\n|turn|13\n|\n|t:|1700250928\n|move|p1a: Kingambit|Kowtow Cleave|p2b: Toxapex\n|-damage|p2b: Toxapex|17\/100\n|move|p2b: Toxapex|Recover|p2b: Toxapex\n|-heal|p2b: Toxapex|67\/100\n|\n|-weather|none\n|-heal|p2b: Toxapex|73\/100|[from] item: Black Sludge\n|upkeep\n|turn|14\n|\n|t:|1700250939\n|move|p1a: Kingambit|Kowtow Cleave|p2b: Toxapex\n|-damage|p2b: Toxapex|31\/100\n|move|p2b: Toxapex|Chilling Water|p1a: Kingambit\n|-damage|p1a: Kingambit|25\/100\n|-unboost|p1a: Kingambit|atk|1\n|\n|-heal|p2b: Toxapex|38\/100|[from] item: Black Sludge\n|upkeep\n|turn|15\n|\n|t:|1700250948\n|move|p1a: Kingambit|Kowtow Cleave|p2b: Toxapex\n|-damage|p2b: Toxapex|7\/100\n|move|p2b: Toxapex|Recover|p2b: Toxapex\n|-heal|p2b: Toxapex|57\/100\n|\n|-heal|p2b: Toxapex|63\/100|[from] item: Black Sludge\n|upkeep\n|turn|16\n|\n|t:|1700250956\n|move|p1a: Kingambit|Swords Dance|p1a: Kingambit\n|-boost|p1a: Kingambit|atk|2\n|move|p2b: Toxapex|Recover|p2b: Toxapex\n|-heal|p2b: Toxapex|100\/100\n|\n|upkeep\n|turn|17\n|\n|t:|1700250963\n|move|p1a: Kingambit|Kowtow Cleave|p2b: Toxapex\n|-damage|p2b: Toxapex|36\/100\n|move|p2b: Toxapex|Chilling Water|p1a: Kingambit\n|-damage|p1a: Kingambit|15\/100\n|-unboost|p1a: Kingambit|atk|1\n|\n|-heal|p2b: Toxapex|42\/100|[from] item: Black Sludge\n|upkeep\n|turn|18\n|\n|t:|1700250974\n|move|p1a: Kingambit|Kowtow Cleave|p2b: Toxapex\n|-damage|p2b: Toxapex|0 fnt\n|faint|p2b: Toxapex\n|\n|win|Cesarzyk\n|raw|Cesarzyk's rating: 1192 &rarr; <strong>1210<\/strong><br \/>(+18 for winning)\n|raw|Kawekinosu's rating: 1091 &rarr; <strong>1074<\/strong><br \/>(-17 for losing)\n|l|\u2606Kawekinosu\n","uploadtime":1700250982,"views":13,"p1id":"cesarzyk","p2id":"kawekinosu","formatid":"gen9doublesou","rating":1074,"private":0,"password":""}