{"id":"gen9doublesou-1996174998","p1":"daemianor","p2":"WeirdPuppetries","format":"[Gen 9] Doubles OU","log":"|j|\u2606daemianor\n|j|\u2606WeirdPuppetries\n|t:|1700655134\n|gametype|doubles\n|player|p1|daemianor|ninjaboy|1280\n|player|p2|WeirdPuppetries|aaron|1363\n|teamsize|p1|6\n|teamsize|p2|6\n|gen|9\n|tier|[Gen 9] Doubles OU\n|rated|\n|rule|Species Clause: Limit one of each Pok\u00e9mon\n|rule|OHKO Clause: OHKO moves are banned\n|rule|Evasion Moves Clause: Evasion moves are banned\n|rule|Gravity Sleep Clause: The combination of sleep-inducing moves with imperfect accuracy and Gravity or Gigantamax Orbeetle are banned\n|rule|Endless Battle Clause: Forcing endless battles is banned\n|rule|HP Percentage Mod: HP is shown in percentages\n|clearpoke\n|poke|p1|Arcanine-Hisui, F|\n|poke|p1|Chien-Pao|\n|poke|p1|Rillaboom, M|\n|poke|p1|Iron Hands|\n|poke|p1|Walking Wake|\n|poke|p1|Empoleon, F|\n|poke|p2|Jumpluff, F|\n|poke|p2|Walking Wake|\n|poke|p2|Torkoal, F|\n|poke|p2|Farigiraf, M|\n|poke|p2|Ambipom, F|\n|poke|p2|Probopass, M|\n|teampreview\n|\n|t:|1700655159\n|start\n|switch|p1a: Walking Wake|Walking Wake|100\/100\n|switch|p1b: Iron Hands|Iron Hands|100\/100\n|switch|p2a: Torkoal|Torkoal, F|100\/100\n|switch|p2b: Jumpluff|Jumpluff, F|100\/100\n|-weather|SunnyDay|[from] ability: Drought|[of] p2a: Torkoal\n|-activate|p1a: Walking Wake|ability: Protosynthesis\n|-start|p1a: Walking Wake|protosynthesisspa\n|turn|1\n|inactive|Battle timer is ON: inactive players will automatically lose when time's up. (requested by WeirdPuppetries)\n|\n|t:|1700655182\n|switch|p2a: Walking Wake|Walking Wake|100\/100\n|-activate|p2a: Walking Wake|ability: Protosynthesis\n|-start|p2a: Walking Wake|protosynthesisspe\n|move|p1b: Iron Hands|Fake Out|p2a: Walking Wake\n|-damage|p2a: Walking Wake|86\/100\n|move|p2b: Jumpluff|Rage Powder|p2b: Jumpluff\n|-singleturn|p2b: Jumpluff|move: Rage Powder\n|move|p1a: Walking Wake|Flamethrower|p2b: Jumpluff\n|-supereffective|p2b: Jumpluff\n|-damage|p2b: Jumpluff|0 fnt\n|faint|p2b: Jumpluff\n|\n|-weather|SunnyDay|[upkeep]\n|upkeep\n|l|\u2606daemianor\n|inactive|daemianor disconnected and has a minute to reconnect!\n|player|p1|\n|\n|t:|1700655205\n|switch|p2b: Torkoal|Torkoal, F|100\/100\n|turn|2\n|j|\u2606daemianor\n|inactive|daemianor reconnected and has 145 seconds left.\n|player|p1|daemianor|ninjaboy\n|\n|t:|1700655217\n|move|p2b: Torkoal|Protect|p2b: Torkoal\n|-singleturn|p2b: Torkoal|Protect\n|move|p2a: Walking Wake|Substitute|p2a: Walking Wake\n|-start|p2a: Walking Wake|Substitute\n|-damage|p2a: Walking Wake|62\/100\n|move|p1a: Walking Wake|Hydro Steam|p2b: Torkoal\n|-activate|p2b: Torkoal|move: Protect\n|move|p1b: Iron Hands|Play Rough|p2a: Walking Wake\n|-supereffective|p2a: Walking Wake\n|-end|p2a: Walking Wake|Substitute\n|\n|-weather|SunnyDay|[upkeep]\n|upkeep\n|turn|3\n|l|\u2606daemianor\n|inactive|daemianor disconnected and has a minute to reconnect!\n|player|p1|\n|j|\u2606daemianor\n|inactive|daemianor reconnected and has 130 seconds left.\n|player|p1|daemianor|ninjaboy\n|\n|t:|1700655244\n|-terastallize|p2a: Walking Wake|Fire\n|move|p1a: Walking Wake|Protect|p1a: Walking Wake\n|-singleturn|p1a: Walking Wake|Protect\n|move|p2a: Walking Wake|Dragon Pulse|p1a: Walking Wake\n|-activate|p1a: Walking Wake|move: Protect\n|move|p1b: Iron Hands|Play Rough|p2a: Walking Wake\n|-resisted|p2a: Walking Wake\n|-damage|p2a: Walking Wake|47\/100\n|move|p2b: Torkoal|Eruption|p1a: Walking Wake|[spread] p1b\n|-activate|p1a: Walking Wake|move: Protect\n|-damage|p1b: Iron Hands|24\/100\n|\n|-weather|SunnyDay|[upkeep]\n|-heal|p1b: Iron Hands|30\/100|[from] item: Leftovers\n|upkeep\n|turn|4\n|l|\u2606daemianor\n|inactive|daemianor disconnected and has a minute to reconnect!\n|player|p1|\n|j|\u2606daemianor\n|inactive|daemianor reconnected and has 125 seconds left.\n|player|p1|daemianor|ninjaboy\n|inactive|daemianor has 120 seconds left.\n|\n|t:|1700655280\n|-end|p1a: Walking Wake|Protosynthesis|[silent]\n|switch|p1a: Empoleon|Empoleon, F|100\/100\n|move|p2a: Walking Wake|Dragon Pulse|p1a: Empoleon\n|-resisted|p1a: Empoleon\n|-crit|p1a: Empoleon\n|-damage|p1a: Empoleon|67\/100\n|-damage|p2a: Walking Wake|37\/100|[from] item: Life Orb\n|move|p1b: Iron Hands|Drain Punch|p2a: Walking Wake\n|-damage|p2a: Walking Wake|0 fnt\n|-heal|p1b: Iron Hands|42\/100|[from] drain|[of] p2a: Walking Wake\n|faint|p2a: Walking Wake\n|-end|p2a: Walking Wake|Protosynthesis|[silent]\n|move|p2b: Torkoal|Overheat|p1b: Iron Hands\n|-damage|p1b: Iron Hands|0 fnt\n|-unboost|p2b: Torkoal|spa|2\n|faint|p1b: Iron Hands\n|-end|p1b: Iron Hands|Quark Drive|[silent]\n|\n|-weather|SunnyDay|[upkeep]\n|-heal|p1a: Empoleon|73\/100|[from] item: Leftovers\n|upkeep\n|inactive|daemianor has 120 seconds left.\n|\n|t:|1700655302\n|switch|p2a: Farigiraf|Farigiraf, M|100\/100\n|switch|p1b: Walking Wake|Walking Wake|100\/100\n|-activate|p1b: Walking Wake|ability: Protosynthesis\n|-start|p1b: Walking Wake|protosynthesisspa\n|turn|5\n|\n|t:|1700655327\n|switch|p2b: Ambipom|Ambipom, F|100\/100\n|move|p1b: Walking Wake|Hydro Steam|p2a: Farigiraf\n|-damage|p2a: Farigiraf|25\/100\n|move|p1a: Empoleon|Flash Cannon|p2a: Farigiraf\n|-damage|p2a: Farigiraf|0 fnt\n|faint|p2a: Farigiraf\n|\n|-weather|none\n|-end|p1b: Walking Wake|Protosynthesis\n|-heal|p1a: Empoleon|79\/100|[from] item: Leftovers\n|upkeep\n|\n|t:|1700655336\n|switch|p2a: Torkoal|Torkoal, F|100\/100\n|-weather|SunnyDay|[from] ability: Drought|[of] p2a: Torkoal\n|-activate|p1b: Walking Wake|ability: Protosynthesis\n|-start|p1b: Walking Wake|protosynthesisspa\n|turn|6\n|\n|t:|1700655344\n|move|p1b: Walking Wake|Protect|p1b: Walking Wake\n|-singleturn|p1b: Walking Wake|Protect\n|move|p1a: Empoleon|Protect|p1a: Empoleon\n|-singleturn|p1a: Empoleon|Protect\n|move|p2b: Ambipom|Fake Out|p1b: Walking Wake\n|-activate|p1b: Walking Wake|move: Protect\n|move|p2a: Torkoal|Eruption|p1b: Walking Wake|[spread] \n|-activate|p1a: Empoleon|move: Protect\n|-activate|p1b: Walking Wake|move: Protect\n|\n|-weather|SunnyDay|[upkeep]\n|-heal|p1a: Empoleon|85\/100|[from] item: Leftovers\n|upkeep\n|turn|7\n|\n|t:|1700655359\n|move|p2b: Ambipom|U-turn|p1b: Walking Wake\n|-damage|p1b: Walking Wake|80\/100\n|-message|WeirdPuppetries forfeited.\n|\n|win|daemianor\n|raw|daemianor's rating: 1280 &rarr; <strong>1311<\/strong><br \/>(+31 for winning)\n|raw|WeirdPuppetries's rating: 1363 &rarr; <strong>1338<\/strong><br \/>(-25 for losing)\n|l|\u2606WeirdPuppetries\n|l|\u2606daemianor\n|j|\u2606daemianor\n|player|p1|daemianor|ninjaboy\n","uploadtime":1700655401,"views":1,"p1id":"daemianor","p2id":"weirdpuppetries","formatid":"gen9doublesou","rating":1311,"private":0,"password":""}