{"id":"gen9doublesou-1976114997","p1":"SummerSoda_34","p2":"DikKhackis","format":"[Gen 9] Doubles OU","log":"|j|\u2606SummerSoda_34\n|j|\u2606DikKhackis\n|t:|1698264930\n|gametype|doubles\n|player|p1|SummerSoda_34|101|1000\n|player|p2|DikKhackis|swimmer|1101\n|teamsize|p1|6\n|teamsize|p2|6\n|gen|9\n|tier|[Gen 9] Doubles OU\n|rated|\n|rule|Species Clause: Limit one of each Pok\u00e9mon\n|rule|OHKO Clause: OHKO moves are banned\n|rule|Evasion Moves Clause: Evasion moves are banned\n|rule|Gravity Sleep Clause: The combination of sleep-inducing moves with imperfect accuracy and Gravity or Gigantamax Orbeetle are banned\n|rule|Endless Battle Clause: Forcing endless battles is banned\n|rule|HP Percentage Mod: HP is shown in percentages\n|clearpoke\n|poke|p1|Ursaluna-Bloodmoon, M|\n|poke|p1|Trevenant, M|\n|poke|p1|Typhlosion, M|\n|poke|p1|Slowking, F|\n|poke|p1|Clawitzer, F|\n|poke|p1|Ninetales-Alola, F|\n|poke|p2|Sinistcha|\n|poke|p2|Roaring Moon|\n|poke|p2|Torkoal, M|\n|poke|p2|Gastrodon-East, M|\n|poke|p2|Kilowattrel, F|\n|poke|p2|Gallade, M|\n|teampreview\n|inactive|Battle timer is ON: inactive players will automatically lose when time's up. (requested by DikKhackis)\n|\n|t:|1698264977\n|start\n|switch|p1a: Ninetales|Ninetales-Alola, F|100\/100\n|switch|p1b: Typhlosion|Typhlosion, M|100\/100\n|switch|p2a: Roaring Moon|Roaring Moon|100\/100\n|switch|p2b: Torkoal|Torkoal, M|100\/100\n|-weather|Snow|[from] ability: Snow Warning|[of] p1a: Ninetales\n|-weather|SunnyDay|[from] ability: Drought|[of] p2b: Torkoal\n|-activate|p2a: Roaring Moon|ability: Protosynthesis\n|-start|p2a: Roaring Moon|protosynthesisspe\n|turn|1\n|inactive|SummerSoda_34 has 120 seconds left.\n|\n|t:|1698265009\n|switch|p1b: Slowking|Slowking, F|100\/100\n|move|p2a: Roaring Moon|Earthquake|p1b: Slowking|[spread] p2b,p1a,p1b\n|-supereffective|p2b: Torkoal\n|-crit|p1b: Slowking\n|-damage|p2b: Torkoal|37\/100\n|-damage|p1a: Ninetales|51\/100\n|-damage|p1b: Slowking|40\/100\n|move|p1a: Ninetales|Freeze-Dry|p2a: Roaring Moon\n|-supereffective|p2a: Roaring Moon\n|-damage|p2a: Roaring Moon|59\/100\n|move|p2b: Torkoal|Stealth Rock|p1b: Slowking\n|-sidestart|p1: SummerSoda_34|move: Stealth Rock\n|\n|-weather|SunnyDay|[upkeep]\n|upkeep\n|turn|2\n|\n|t:|1698265033\n|switch|p1b: Trevenant|Trevenant, M|100\/100\n|-damage|p1b: Trevenant|88\/100|[from] Stealth Rock\n|switch|p2b: Kilowattrel|Kilowattrel, F|100\/100\n|move|p2a: Roaring Moon|Earthquake|p1b: Trevenant|[spread] p1a,p1b\n|-immune|p2b: Kilowattrel\n|-resisted|p1b: Trevenant\n|-damage|p1a: Ninetales|0 fnt\n|-damage|p1b: Trevenant|64\/100\n|faint|p1a: Ninetales\n|\n|-weather|SunnyDay|[upkeep]\n|upkeep\n|inactive|SummerSoda_34 has 120 seconds left.\n|\n|t:|1698265047\n|switch|p1a: Clawitzer|Clawitzer, F|100\/100\n|-damage|p1a: Clawitzer|88\/100|[from] Stealth Rock\n|turn|3\n|\n|t:|1698265072\n|-end|p2a: Roaring Moon|Protosynthesis|[silent]\n|switch|p2a: Torkoal|Torkoal, M|37\/100\n|move|p2b: Kilowattrel|Thunder|p1a: Clawitzer\n|-supereffective|p1a: Clawitzer\n|-damage|p1a: Clawitzer|0 fnt\n|faint|p1a: Clawitzer\n|move|p1b: Trevenant|Wood Hammer|p2b: Kilowattrel\n|-resisted|p2b: Kilowattrel\n|-damage|p2b: Kilowattrel|49\/100\n|-damage|p1b: Trevenant|48\/100|[from] Recoil\n|\n|-weather|SunnyDay|[upkeep]\n|upkeep\n|\n|t:|1698265089\n|switch|p1a: Ursaluna|Ursaluna-Bloodmoon, M|100\/100\n|-damage|p1a: Ursaluna|94\/100|[from] Stealth Rock\n|turn|4\n|\n|t:|1698265108\n|switch|p2a: Sinistcha|Sinistcha|100\/100\n|-heal|p2b: Kilowattrel|73\/100|[from] ability: Hospitality|[of] p2a: Sinistcha\n|move|p2b: Kilowattrel|Tailwind|p2b: Kilowattrel\n|-sidestart|p2: DikKhackis|move: Tailwind\n|move|p1a: Ursaluna|Moonblast|p2a: Sinistcha\n|-damage|p2a: Sinistcha|58\/100\n|move|p1b: Trevenant|Trick Room|p1b: Trevenant\n|-fieldstart|move: Trick Room|[of] p1b: Trevenant\n|\n|-weather|SunnyDay|[upkeep]\n|upkeep\n|turn|5\n|\n|t:|1698265131\n|move|p1b: Trevenant|Sucker Punch|p2a: Sinistcha\n|-supereffective|p2a: Sinistcha\n|-damage|p2a: Sinistcha|11\/100\n|move|p1a: Ursaluna|Moonblast|p2a: Sinistcha\n|-damage|p2a: Sinistcha|0 fnt\n|faint|p2a: Sinistcha\n|move|p2b: Kilowattrel|Roost|p2b: Kilowattrel\n|-heal|p2b: Kilowattrel|100\/100\n|-singleturn|p2b: Kilowattrel|move: Roost\n|\n|-weather|none\n|upkeep\n|\n|t:|1698265140\n|switch|p2a: Torkoal|Torkoal, M|37\/100\n|-weather|SunnyDay|[from] ability: Drought|[of] p2a: Torkoal\n|turn|6\n|\n|t:|1698265163\n|switch|p2b: Gastrodon|Gastrodon-East, M|100\/100\n|move|p1a: Ursaluna|Blood Moon|p2a: Torkoal\n|-crit|p2a: Torkoal\n|-damage|p2a: Torkoal|0 fnt\n|faint|p2a: Torkoal\n|move|p1b: Trevenant|Bulldoze|p2b: Gastrodon|[spread] p1a,p2b\n|-damage|p1a: Ursaluna|84\/100\n|-damage|p2b: Gastrodon|83\/100\n|-unboost|p1a: Ursaluna|spe|1\n|-unboost|p2b: Gastrodon|spe|1\n|\n|-weather|SunnyDay|[upkeep]\n|-heal|p2b: Gastrodon|89\/100|[from] item: Leftovers\n|upkeep\n|inactive|DikKhackis has 120 seconds left.\n|\n|t:|1698265190\n|switch|p2a: Gallade|Gallade, M|100\/100\n|turn|7\n|\n|t:|1698265207\n|move|p1a: Ursaluna|Moonblast|p2a: Gallade\n|-supereffective|p2a: Gallade\n|-damage|p2a: Gallade|13\/100\n|move|p1b: Trevenant|Wood Hammer|p2b: Gastrodon\n|-supereffective|p2b: Gastrodon\n|-damage|p2b: Gastrodon|0 fnt\n|faint|p2b: Gastrodon\n|-damage|p1b: Trevenant|15\/100|[from] Recoil\n|-enditem|p1b: Trevenant|Iapapa Berry|[eat]\n|-heal|p1b: Trevenant|48\/100|[from] item: Iapapa Berry\n|move|p2a: Gallade|Shadow Claw|p1b: Trevenant\n|-supereffective|p1b: Trevenant\n|-damage|p1b: Trevenant|0 fnt\n|faint|p1b: Trevenant\n|-damage|p2a: Gallade|3\/100|[from] item: Life Orb\n|\n|-weather|SunnyDay|[upkeep]\n|-sideend|p2: DikKhackis|move: Tailwind\n|upkeep\n|\n|t:|1698265234\n|switch|p2b: Roaring Moon|Roaring Moon|59\/100\n|switch|p1b: Slowking|Slowking, F|73\/100\n|-damage|p1b: Slowking|61\/100|[from] Stealth Rock\n|-activate|p2b: Roaring Moon|ability: Protosynthesis\n|-start|p2b: Roaring Moon|protosynthesisspe\n|turn|8\n|\n|t:|1698265258\n|switch|p2a: Kilowattrel|Kilowattrel, F|100\/100\n|move|p1a: Ursaluna|Moonblast|p2b: Roaring Moon\n|-supereffective|p2b: Roaring Moon\n|-damage|p2b: Roaring Moon|0 fnt\n|faint|p2b: Roaring Moon\n|-end|p2b: Roaring Moon|Protosynthesis|[silent]\n|move|p1b: Slowking|Shadow Ball|p2a: Kilowattrel\n|-damage|p2a: Kilowattrel|73\/100\n|\n|-weather|SunnyDay|[upkeep]\n|-fieldend|move: Trick Room\n|upkeep\n|\n|t:|1698265264\n|switch|p2b: Gallade|Gallade, M|3\/100\n|turn|9\n|\n|t:|1698265285\n|move|p2a: Kilowattrel|Thunder|p1b: Slowking|[miss]\n|-miss|p2a: Kilowattrel|p1b: Slowking\n|-enditem|p2a: Kilowattrel|Blunder Policy\n|-boost|p2a: Kilowattrel|spe|2\n|move|p2b: Gallade|Sacred Sword|p1a: Ursaluna\n|-supereffective|p1a: Ursaluna\n|-damage|p1a: Ursaluna|0 fnt\n|faint|p1a: Ursaluna\n|-damage|p2b: Gallade|0 fnt|[from] item: Life Orb\n|faint|p2b: Gallade\n|move|p1b: Slowking|Future Sight|p2a: Kilowattrel\n|-start|p1b: Slowking|move: Future Sight\n|\n|-weather|SunnyDay|[upkeep]\n|upkeep\n|\n|t:|1698265299\n|switch|p1a: Typhlosion|Typhlosion, M|100\/100\n|-damage|p1a: Typhlosion|76\/100|[from] Stealth Rock\n|turn|10\n|\n|t:|1698265319\n|-terastallize|p1a: Typhlosion|Fire\n|move|p2a: Kilowattrel|Thunder|p1b: Slowking|[miss]\n|-miss|p2a: Kilowattrel|p1b: Slowking\n|move|p1a: Typhlosion|Lava Plume|p2a: Kilowattrel|[spread] p1b,p2a\n|-resisted|p1b: Slowking\n|-damage|p1b: Slowking|49\/100\n|-damage|p2a: Kilowattrel|4\/100\n|move|p1b: Slowking|Slack Off|p1b: Slowking\n|-heal|p1b: Slowking|99\/100\n|\n|-weather|none\n|upkeep\n|turn|11\n|\n|t:|1698265339\n|move|p2a: Kilowattrel|Roost|p2a: Kilowattrel\n|-heal|p2a: Kilowattrel|54\/100\n|-singleturn|p2a: Kilowattrel|move: Roost\n|move|p1a: Typhlosion|Sunny Day|p1a: Typhlosion\n|-weather|SunnyDay\n|move|p1b: Slowking|Slack Off|p1b: Slowking\n|-heal|p1b: Slowking|100\/100\n|\n|-weather|SunnyDay|[upkeep]\n|-end|p2a: Kilowattrel|move: Future Sight\n|-damage|p2a: Kilowattrel|0 fnt\n|faint|p2a: Kilowattrel\n|\n|win|SummerSoda_34\n|upkeep\n|raw|SummerSoda_34's rating: 1000 &rarr; <strong>1051<\/strong><br \/>(+51 for winning)\n|raw|DikKhackis's rating: 1101 &rarr; <strong>1069<\/strong><br \/>(-32 for losing)\n|l|\u2606DikKhackis\n","uploadtime":1698265359,"views":15,"p1id":"summersoda34","p2id":"dikkhackis","formatid":"gen9doublesou","rating":1051,"private":0,"password":""}