{"id":"gen9doublesou-1970729667","p1":"watger","p2":"randomplayer0","format":"[Gen 9] Doubles OU","log":"|j|\u2606watger\n|j|\u2606randomplayer0\n|t:|1697661823\n|gametype|doubles\n|player|p1|watger|acerola|\n|player|p2|randomplayer0|2|\n|teamsize|p1|6\n|teamsize|p2|6\n|gen|9\n|tier|[Gen 9] Doubles OU\n|rule|Species Clause: Limit one of each Pok\u00e9mon\n|rule|OHKO Clause: OHKO moves are banned\n|rule|Evasion Moves Clause: Evasion moves are banned\n|rule|Gravity Sleep Clause: The combination of sleep-inducing moves with imperfect accuracy and Gravity or Gigantamax Orbeetle are banned\n|rule|Endless Battle Clause: Forcing endless battles is banned\n|rule|HP Percentage Mod: HP is shown in percentages\n|clearpoke\n|poke|p1|Ogerpon-Wellspring, F|\n|poke|p1|Sinistcha|\n|poke|p1|Chi-Yu|\n|poke|p1|Ninetales-Alola, F|\n|poke|p1|Kingambit, F|\n|poke|p1|Okidogi, M|\n|poke|p2|Ninetales-Alola, F|\n|poke|p2|Ribombee, F|\n|poke|p2|Torkoal, F|\n|poke|p2|Ursaluna-Bloodmoon, M|\n|poke|p2|Oranguru, F|\n|poke|p2|Iron Hands|\n|teampreview\n|\n|t:|1697661835\n|start\n|switch|p1a: Ninetales|Ninetales-Alola, F|100\/100\n|switch|p1b: Chi-Yu|Chi-Yu|100\/100\n|switch|p2a: Ninetales|Ninetales-Alola, F|100\/100\n|switch|p2b: Ribombee|Ribombee, F|100\/100\n|-weather|Snow|[from] ability: Snow Warning|[of] p1a: Ninetales\n|-ability|p1b: Chi-Yu|Beads of Ruin\n|turn|1\n|\n|t:|1697661848\n|move|p1a: Ninetales|Aurora Veil|p1a: Ninetales\n|-sidestart|p1: watger|move: Aurora Veil\n|move|p2b: Ribombee|Sticky Web|p1b: Chi-Yu\n|-sidestart|p1: watger|move: Sticky Web\n|move|p1b: Chi-Yu|Heat Wave|p2b: Ribombee|[spread] p2a,p2b\n|-supereffective|p2a: Ninetales\n|-supereffective|p2b: Ribombee\n|-damage|p2a: Ninetales|0 fnt\n|-enditem|p2b: Ribombee|Focus Sash\n|-damage|p2b: Ribombee|1\/100\n|faint|p2a: Ninetales\n|\n|-weather|Snow|[upkeep]\n|upkeep\n|\n|t:|1697661888\n|switch|p2a: Iron Hands|Iron Hands|100\/100\n|turn|2\n|\n|t:|1697661906\n|move|p2b: Ribombee|Helping Hand|p2a: Iron Hands\n|-singleturn|p2a: Iron Hands|Helping Hand|[of] p2b: Ribombee\n|move|p1a: Ninetales|Calm Mind|p1a: Ninetales\n|-boost|p1a: Ninetales|spa|1\n|-boost|p1a: Ninetales|spd|1\n|move|p1b: Chi-Yu|Psychic|p2a: Iron Hands\n|-supereffective|p2a: Iron Hands\n|-damage|p2a: Iron Hands|14\/100\n|move|p2a: Iron Hands|Earthquake|p1a: Ninetales|[spread] p2b,p1a,p1b\n|-resisted|p2b: Ribombee\n|-supereffective|p1b: Chi-Yu\n|-damage|p2b: Ribombee|0 fnt\n|-damage|p1a: Ninetales|73\/100\n|-damage|p1b: Chi-Yu|0 fnt\n|faint|p2b: Ribombee\n|faint|p1b: Chi-Yu\n|\n|-weather|Snow|[upkeep]\n|upkeep\n|\n|t:|1697661925\n|switch|p2b: Torkoal|Torkoal, F|100\/100\n|switch|p1b: Sinistcha|Sinistcha|100\/100\n|-activate|p1b: Sinistcha|move: Sticky Web\n|-unboost|p1b: Sinistcha|spe|1\n|-heal|p1a: Ninetales|97\/100|[from] ability: Hospitality|[of] p1b: Sinistcha\n|-weather|SunnyDay|[from] ability: Drought|[of] p2b: Torkoal\n|turn|3\n|\n|t:|1697661942\n|move|p2a: Iron Hands|Protect|p2a: Iron Hands\n|-singleturn|p2a: Iron Hands|Protect\n|move|p1a: Ninetales|Baton Pass|p1a: Ninetales\n|\n|t:|1697661946\n|switch|p1a: Ogerpon|Ogerpon-Wellspring, F|100\/100|[from] Baton Pass\n|-activate|p1a: Ogerpon|move: Sticky Web\n|-unboost|p1a: Ogerpon|spe|1\n|move|p1b: Sinistcha|Scald|p2b: Torkoal\n|-supereffective|p2b: Torkoal\n|-damage|p2b: Torkoal|59\/100\n|-damage|p1b: Sinistcha|91\/100|[from] item: Life Orb\n|move|p2b: Torkoal|Clear Smog|p1a: Ogerpon\n|-supereffective|p1a: Ogerpon\n|-damage|p1a: Ogerpon|86\/100\n|-clearboost|p1a: Ogerpon\n|\n|-weather|SunnyDay|[upkeep]\n|-heal|p2b: Torkoal|65\/100|[from] item: Leftovers\n|upkeep\n|turn|4\n|\n|t:|1697661977\n|-end|p2a: Iron Hands|Quark Drive|[silent]\n|switch|p2a: Oranguru|Oranguru, F|100\/100\n|move|p1a: Ogerpon|Follow Me|p1a: Ogerpon\n|-singleturn|p1a: Ogerpon|move: Follow Me\n|move|p1b: Sinistcha|Matcha Gotcha|p2b: Torkoal|[spread] p2a,p2b\n|-resisted|p2b: Torkoal\n|-damage|p2a: Oranguru|58\/100\n|-heal|p1b: Sinistcha|100\/100|[from] drain|[of] p2a: Oranguru\n|-damage|p2b: Torkoal|40\/100\n|-damage|p1b: Sinistcha|91\/100|[from] item: Life Orb\n|move|p2b: Torkoal|Eruption|p1b: Sinistcha|[spread] p1a,p1b\n|-supereffective|p1b: Sinistcha\n|-damage|p1a: Ogerpon|64\/100\n|-damage|p1b: Sinistcha|44\/100\n|\n|-weather|SunnyDay|[upkeep]\n|-heal|p2a: Oranguru|64\/100|[from] item: Leftovers\n|-heal|p2b: Torkoal|46\/100|[from] item: Leftovers\n|upkeep\n|turn|5\n|\n|t:|1697662000\n|move|p1a: Ogerpon|Ivy Cudgel|p2b: Torkoal\n|-supereffective|p2b: Torkoal\n|-damage|p2b: Torkoal|0 fnt\n|faint|p2b: Torkoal\n|move|p1b: Sinistcha|Scald|p2a: Oranguru\n|-damage|p2a: Oranguru|45\/100\n|-damage|p1b: Sinistcha|34\/100|[from] item: Life Orb\n|move|p2a: Oranguru|Instruct|p1a: Ogerpon\n|-singleturn|p1a: Ogerpon|move: Instruct|[of] p2a: Oranguru\n|move|p1a: Ogerpon|Ivy Cudgel|p2a: Oranguru\n|-damage|p2a: Oranguru|17\/100\n|\n|-weather|SunnyDay|[upkeep]\n|-heal|p2a: Oranguru|23\/100|[from] item: Leftovers\n|-sideend|p1: watger|move: Aurora Veil\n|upkeep\n|\n|t:|1697662011\n|switch|p2b: Iron Hands|Iron Hands|14\/100\n|turn|6\n|c|\u2606watger|????\n|c|\u2606randomplayer0|?\n|c|\u2606randomplayer0|it redirects the instruct when my mon dies\n|c|\u2606watger|oh\n|c|\u2606randomplayer0|btw ur chi yu was 100% scarf\n|c|\u2606watger|no\n|c|\u2606randomplayer0|or max speed ev\n|\n|t:|1697662078\n|move|p1a: Ogerpon|Follow Me|p1a: Ogerpon\n|-singleturn|p1a: Ogerpon|move: Follow Me\n|move|p1b: Sinistcha|Matcha Gotcha|p2a: Oranguru|[spread] p2a,p2b\n|-damage|p2a: Oranguru|0 fnt\n|-heal|p1b: Sinistcha|47\/100|[from] drain|[of] p2a: Oranguru\n|-damage|p2b: Iron Hands|0 fnt\n|-heal|p1b: Sinistcha|58\/100|[from] drain|[of] p2b: Iron Hands\n|faint|p2a: Oranguru\n|faint|p2b: Iron Hands\n|-end|p2b: Iron Hands|Quark Drive|[silent]\n|-damage|p1b: Sinistcha|48\/100|[from] item: Life Orb\n|\n|-weather|SunnyDay|[upkeep]\n|upkeep\n|c|\u2606watger|yes\n|\n|t:|1697662082\n|switch|p2b: Ursaluna|Ursaluna-Bloodmoon, M|100\/100\n|turn|7\n|\n|t:|1697662124\n|-terastallize|p1b: Sinistcha|Grass\n|-terastallize|p2b: Ursaluna|Grass\n|move|p1a: Ogerpon|Ivy Cudgel|p2b: Ursaluna\n|-resisted|p2b: Ursaluna\n|-damage|p2b: Ursaluna|91\/100\n|move|p1b: Sinistcha|Matcha Gotcha|p2b: Ursaluna\n|-resisted|p2b: Ursaluna\n|-damage|p2b: Ursaluna|41\/100\n|-heal|p1b: Sinistcha|80\/100|[from] drain|[of] p2b: Ursaluna\n|-damage|p1b: Sinistcha|70\/100|[from] item: Life Orb\n|move|p2b: Ursaluna|Avalanche|p1a: Ogerpon\n|-damage|p1a: Ogerpon|23\/100\n|\n|-weather|none\n|-heal|p2b: Ursaluna|47\/100|[from] item: Leftovers\n|upkeep\n|turn|8\n|\n|t:|1697662144\n|move|p1a: Ogerpon|Follow Me|p1a: Ogerpon\n|-singleturn|p1a: Ogerpon|move: Follow Me\n|move|p1b: Sinistcha|Matcha Gotcha|p2b: Ursaluna\n|-resisted|p2b: Ursaluna\n|-damage|p2b: Ursaluna|0 fnt\n|-heal|p1b: Sinistcha|100\/100|[from] drain|[of] p2b: Ursaluna\n|faint|p2b: Ursaluna\n|-damage|p1b: Sinistcha|91\/100|[from] item: Life Orb\n|\n|win|watger\n|c|\u2606watger|gg\n|l|\u2606watger\n","uploadtime":1697663627,"views":15,"p1id":"watger","p2id":"randomplayer0","formatid":"gen9doublesou","rating":0,"private":0,"password":""}