{"id":"gen9doublesou-1996270990","p1":"MarcSel18942","p2":"RocketsViability","format":"[Gen 9] Doubles OU","log":"|j|\u2606MarcSel18942\n|j|\u2606RocketsViability\n|t:|1700666099\n|gametype|doubles\n|player|p1|MarcSel18942|265|1176\n|player|p2|RocketsViability|102|1213\n|teamsize|p1|6\n|teamsize|p2|6\n|gen|9\n|tier|[Gen 9] Doubles OU\n|rated|\n|rule|Species Clause: Limit one of each Pok\u00e9mon\n|rule|OHKO Clause: OHKO moves are banned\n|rule|Evasion Moves Clause: Evasion moves are banned\n|rule|Gravity Sleep Clause: The combination of sleep-inducing moves with imperfect accuracy and Gravity or Gigantamax Orbeetle are banned\n|rule|Endless Battle Clause: Forcing endless battles is banned\n|rule|HP Percentage Mod: HP is shown in percentages\n|clearpoke\n|poke|p1|Flutter Mane|\n|poke|p1|Landorus-Therian, M|\n|poke|p1|Iron Hands|\n|poke|p1|Kommo-o, F|\n|poke|p1|Tornadus, M|\n|poke|p1|Amoonguss, M|\n|poke|p2|Ninetales-Alola, F|\n|poke|p2|Trevenant, M|\n|poke|p2|Goodra-Hisui, M|\n|poke|p2|Sandslash-Alola, F|\n|poke|p2|Houndoom, F|\n|poke|p2|Empoleon, M|\n|teampreview\n|inactive|Battle timer is ON: inactive players will automatically lose when time's up. (requested by MarcSel18942)\n|\n|t:|1700666122\n|start\n|switch|p1a: Kommo-o|Kommo-o, F|100\/100\n|switch|p1b: Tornadus|Tornadus, M, shiny|100\/100\n|switch|p2a: Houndoom|Houndoom, F|100\/100\n|switch|p2b: Trevenant|Trevenant, M|100\/100\n|turn|1\n|\n|t:|1700666138\n|move|p1b: Tornadus|Tailwind|p1b: Tornadus\n|-sidestart|p1: MarcSel18942|move: Tailwind\n|move|p1a: Kommo-o|Clangorous Soul|p1a: Kommo-o\n|-boost|p1a: Kommo-o|atk|1\n|-boost|p1a: Kommo-o|def|1\n|-boost|p1a: Kommo-o|spa|1\n|-boost|p1a: Kommo-o|spd|1\n|-boost|p1a: Kommo-o|spe|1\n|-damage|p1a: Kommo-o|68\/100\n|-enditem|p1a: Kommo-o|Throat Spray\n|-boost|p1a: Kommo-o|spa|1|[from] item: Throat Spray\n|move|p2a: Houndoom|Flare Blitz|p1a: Kommo-o\n|-resisted|p1a: Kommo-o\n|-damage|p1a: Kommo-o|47\/100\n|-damage|p2a: Houndoom|94\/100|[from] Recoil\n|-damage|p2a: Houndoom|84\/100|[from] item: Life Orb\n|move|p2b: Trevenant|Toxic|p1a: Kommo-o\n|-status|p1a: Kommo-o|tox\n|\n|-damage|p1a: Kommo-o|41\/100 tox|[from] psn\n|upkeep\n|turn|2\n|\n|t:|1700666165\n|move|p2b: Trevenant|Ally Switch|p2b: Trevenant\n|swap|p2b: Trevenant|0|[from] move: Ally Switch\n|move|p1b: Tornadus|Rain Dance|p1b: Tornadus\n|-weather|RainDance\n|move|p1a: Kommo-o|Clanging Scales|p2b: Houndoom|[spread] p2a,p2b\n|-damage|p2a: Trevenant|45\/100\n|-damage|p2b: Houndoom|0 fnt\n|-enditem|p2a: Trevenant|Sitrus Berry|[eat]\n|-heal|p2a: Trevenant|70\/100|[from] item: Sitrus Berry\n|faint|p2b: Houndoom\n|-unboost|p1a: Kommo-o|def|1\n|\n|-weather|RainDance|[upkeep]\n|-damage|p1a: Kommo-o|28\/100 tox|[from] psn\n|-item|p2a: Trevenant|Sitrus Berry|[from] ability: Harvest\n|upkeep\n|inactive|RocketsViability has 120 seconds left.\n|\n|t:|1700666177\n|switch|p2b: Sandslash|Sandslash-Alola, F|100\/100\n|turn|3\n|\n|t:|1700666185\n|-terastallize|p1a: Kommo-o|Poison\n|move|p2b: Sandslash|Ice Shard|p1a: Kommo-o\n|-damage|p1a: Kommo-o|11\/100 tox\n|move|p1a: Kommo-o|Clanging Scales|p2b: Sandslash|[spread] p2a,p2b\n|-resisted|p2b: Sandslash\n|-crit|p2b: Sandslash\n|-damage|p2a: Trevenant|17\/100\n|-damage|p2b: Sandslash|23\/100\n|-enditem|p2a: Trevenant|Sitrus Berry|[eat]\n|-heal|p2a: Trevenant|42\/100|[from] item: Sitrus Berry\n|-unboost|p1a: Kommo-o|def|1\n|move|p1b: Tornadus|Bleakwind Storm|p2a: Trevenant|[spread] p2a,p2b\n|-supereffective|p2a: Trevenant\n|-resisted|p2b: Sandslash\n|-damage|p2a: Trevenant|0 fnt\n|-damage|p2b: Sandslash|4\/100\n|faint|p2a: Trevenant\n|\n|-weather|RainDance|[upkeep]\n|-damage|p1a: Kommo-o|0 fnt|[from] psn\n|faint|p1a: Kommo-o\n|upkeep\n|\n|t:|1700666203\n|switch|p1a: Amoonguss|Amoonguss, M, shiny|100\/100\n|switch|p2a: Ninetales|Ninetales-Alola, F|100\/100\n|-weather|Snow|[from] ability: Snow Warning|[of] p2a: Ninetales\n|turn|4\n|\n|t:|1700666211\n|move|p1b: Tornadus|Rain Dance|p1b: Tornadus\n|-weather|RainDance\n|move|p2b: Sandslash|Ice Shard|p1b: Tornadus\n|-supereffective|p1b: Tornadus\n|-damage|p1b: Tornadus|55\/100\n|move|p2a: Ninetales|Blizzard|p1b: Tornadus|[spread] p1a,p1b\n|-supereffective|p1a: Amoonguss\n|-supereffective|p1b: Tornadus\n|-damage|p1a: Amoonguss|60\/100\n|-damage|p1b: Tornadus|2\/100\n|move|p1a: Amoonguss|Toxic|p2b: Sandslash\n|-immune|p2b: Sandslash\n|\n|-weather|RainDance|[upkeep]\n|-heal|p1b: Tornadus|8\/100|[from] item: Leftovers\n|-heal|p1a: Amoonguss|66\/100|[from] item: Black Sludge\n|-sideend|p1: MarcSel18942|move: Tailwind\n|upkeep\n|turn|5\n|\n|t:|1700666230\n|move|p2b: Sandslash|Ice Shard|p1b: Tornadus\n|-supereffective|p1b: Tornadus\n|-damage|p1b: Tornadus|0 fnt\n|faint|p1b: Tornadus\n|move|p2a: Ninetales|Blizzard|p1a: Amoonguss\n|-supereffective|p1a: Amoonguss\n|-damage|p1a: Amoonguss|11\/100\n|-status|p1a: Amoonguss|frz\n|cant|p1a: Amoonguss|frz\n|\n|-weather|RainDance|[upkeep]\n|-heal|p1a: Amoonguss|18\/100 frz|[from] item: Black Sludge\n|upkeep\n|\n|t:|1700666234\n|switch|p1b: Landorus|Landorus-Therian, M|100\/100\n|-ability|p1b: Landorus|Intimidate|boost\n|-unboost|p2a: Ninetales|atk|1\n|-unboost|p2b: Sandslash|atk|1\n|turn|6\n|\n|t:|1700666248\n|-curestatus|p1a: Amoonguss|frz|[msg]\n|move|p1a: Amoonguss|Rage Powder|p1a: Amoonguss\n|-singleturn|p1a: Amoonguss|move: Rage Powder\n|move|p2b: Sandslash|Ice Shard|p1a: Amoonguss\n|-supereffective|p1a: Amoonguss\n|-damage|p1a: Amoonguss|0 fnt\n|faint|p1a: Amoonguss\n|move|p2a: Ninetales|Blizzard|p1b: Landorus\n|-supereffective|p1b: Landorus\n|-damage|p1b: Landorus|0 fnt\n|faint|p1b: Landorus\n|\n|-weather|RainDance|[upkeep]\n|upkeep\n|-message|MarcSel18942 forfeited.\n|\n|win|RocketsViability\n|raw|MarcSel18942's rating: 1176 &rarr; <strong>1154<\/strong><br \/>(-22 for losing)\n|raw|RocketsViability's rating: 1213 &rarr; <strong>1235<\/strong><br \/>(+22 for winning)\n|l|\u2606MarcSel18942\n","uploadtime":1700666264,"views":2,"p1id":"marcsel18942","p2id":"rocketsviability","formatid":"gen9doublesou","rating":1154,"private":0,"password":""}