{"id":"gen9doublesou-1987527103","p1":"SappRavenger","p2":"kynoto","format":"[Gen 9] Doubles OU","log":"|j|\u2606SappRavenger\n|j|\u2606kynoto\n|t:|1699606853\n|gametype|doubles\n|player|p1|SappRavenger|102|1159\n|player|p2|kynoto|169|1290\n|teamsize|p1|6\n|teamsize|p2|6\n|gen|9\n|tier|[Gen 9] Doubles OU\n|rated|\n|rule|Species Clause: Limit one of each Pok\u00e9mon\n|rule|OHKO Clause: OHKO moves are banned\n|rule|Evasion Moves Clause: Evasion moves are banned\n|rule|Gravity Sleep Clause: The combination of sleep-inducing moves with imperfect accuracy and Gravity or Gigantamax Orbeetle are banned\n|rule|Endless Battle Clause: Forcing endless battles is banned\n|rule|HP Percentage Mod: HP is shown in percentages\n|clearpoke\n|poke|p1|Vaporeon, F|\n|poke|p1|Jolteon, M|\n|poke|p1|Flareon, M|\n|poke|p1|Espeon, F|\n|poke|p1|Leafeon, F|\n|poke|p1|Umbreon, M|\n|poke|p2|Volcanion|\n|poke|p2|Landorus-Therian, M|\n|poke|p2|Amoonguss, M|\n|poke|p2|Dragonite, M|\n|poke|p2|Thundurus, M|\n|poke|p2|Ninetales-Alola, F|\n|teampreview\n|inactive|Battle timer is ON: inactive players will automatically lose when time's up. (requested by SappRavenger)\n|\n|t:|1699606879\n|start\n|switch|p1a: Vaporeon|Vaporeon, F|100\/100\n|switch|p1b: Jolteon|Jolteon, M|100\/100\n|switch|p2a: Dragonite|Dragonite, M, shiny|100\/100\n|switch|p2b: Ninetales|Ninetales-Alola, F, shiny|100\/100\n|-weather|Snow|[from] ability: Snow Warning|[of] p2b: Ninetales\n|turn|1\n|\n|t:|1699606902\n|-terastallize|p1a: Vaporeon|Ground\n|move|p1b: Jolteon|Discharge|p2a: Dragonite|[spread] p2a,p2b\n|-immune|p1a: Vaporeon\n|-damage|p2a: Dragonite|62\/100\n|-damage|p2b: Ninetales|49\/100\n|-status|p2a: Dragonite|par\n|move|p2b: Ninetales|Icy Wind|p1a: Vaporeon|[spread] p1a,p1b\n|-supereffective|p1a: Vaporeon\n|-damage|p1a: Vaporeon|76\/100\n|-damage|p1b: Jolteon|81\/100\n|-unboost|p1a: Vaporeon|spe|1\n|-unboost|p1b: Jolteon|spe|1\n|move|p1a: Vaporeon|Acid Armor|p1a: Vaporeon\n|-boost|p1a: Vaporeon|def|2\n|cant|p2a: Dragonite|par\n|\n|-weather|Snow|[upkeep]\n|-heal|p1a: Vaporeon|82\/100|[from] item: Leftovers\n|upkeep\n|turn|2\n|l|\u2606kynoto\n|inactive|kynoto disconnected and has a minute to reconnect!\n|player|p2|\n|inactive|kynoto has 30 seconds to reconnect!\n|inactive|kynoto has 20 seconds to reconnect!\n|inactive|kynoto has 15 seconds to reconnect!\n|j|\u2606kynoto\n|inactive|kynoto reconnected and has 95 seconds left.\n|player|p2|kynoto|169\n|inactive|kynoto has 90 seconds left.\n|inactive|kynoto has 60 seconds left.\n|\n|t:|1699606996\n|switch|p2a: Thundurus|Thundurus, M, shiny|100\/100\n|move|p2b: Ninetales|Aurora Veil|p2b: Ninetales\n|-sidestart|p2: kynoto|move: Aurora Veil\n|move|p1b: Jolteon|Discharge|p2b: Ninetales|[spread] p2a,p2b\n|-immune|p1a: Vaporeon\n|-damage|p2a: Thundurus|79\/100\n|-damage|p2b: Ninetales|18\/100\n|-status|p2b: Ninetales|par\n|move|p1a: Vaporeon|Calm Mind|p1a: Vaporeon\n|-boost|p1a: Vaporeon|spa|1\n|-boost|p1a: Vaporeon|spd|1\n|\n|-weather|Snow|[upkeep]\n|-heal|p1a: Vaporeon|88\/100|[from] item: Leftovers\n|upkeep\n|turn|3\n|inactive|kynoto has 60 seconds left.\n|\n|t:|1699607036\n|move|p1b: Jolteon|Discharge|p2a: Thundurus|[spread] p2a,p2b\n|-immune|p1a: Vaporeon\n|-damage|p2a: Thundurus|59\/100\n|-damage|p2b: Ninetales|0 fnt\n|faint|p2b: Ninetales\n|move|p2a: Thundurus|Discharge|p1b: Jolteon|[spread] \n|-heal|p1b: Jolteon|100\/100|[from] ability: Volt Absorb|[of] p2a: Thundurus\n|-immune|p1a: Vaporeon\n|move|p1a: Vaporeon|Calm Mind|p1a: Vaporeon\n|-boost|p1a: Vaporeon|spa|1\n|-boost|p1a: Vaporeon|spd|1\n|\n|-weather|Snow|[upkeep]\n|-heal|p1a: Vaporeon|95\/100|[from] item: Leftovers\n|upkeep\n|\n|t:|1699607055\n|switch|p2b: Landorus|Landorus-Therian, M, shiny|100\/100\n|-ability|p2b: Landorus|Intimidate|boost\n|-unboost|p1a: Vaporeon|atk|1\n|-unboost|p1b: Jolteon|atk|1\n|turn|4\n|inactive|kynoto has 60 seconds left.\n|\n|t:|1699607064\n|switch|p1b: Espeon|Espeon, F|100\/100\n|move|p2a: Thundurus|Taunt|p1a: Vaporeon\n|-start|p1a: Vaporeon|move: Taunt\n|move|p2b: Landorus|Earthquake|p1b: Espeon|[spread] p1a,p1b\n|-immune|p2a: Thundurus\n|-damage|p1a: Vaporeon|78\/100\n|-damage|p1b: Espeon|8\/100\n|move|p1a: Vaporeon|Icy Wind|p2a: Thundurus|[spread] p2a,p2b\n|-supereffective|p2a: Thundurus\n|-supereffective|p2b: Landorus\n|-damage|p2a: Thundurus|35\/100\n|-damage|p2b: Landorus|34\/100\n|-unboost|p2a: Thundurus|spe|1\n|-unboost|p2b: Landorus|spe|1\n|\n|-weather|Snow|[upkeep]\n|-heal|p1a: Vaporeon|84\/100|[from] item: Leftovers\n|upkeep\n|turn|5\n|\n|t:|1699607095\n|move|p1b: Espeon|Future Sight|p2a: Thundurus\n|-start|p1b: Espeon|move: Future Sight\n|move|p2b: Landorus|Earthquake|p1b: Espeon|[spread] p1a,p1b\n|-immune|p2a: Thundurus\n|-damage|p1a: Vaporeon|68\/100\n|-damage|p1b: Espeon|0 fnt\n|faint|p1b: Espeon\n|move|p2a: Thundurus|Discharge|p1a: Vaporeon|[spread] \n|-immune|p2b: Landorus\n|-immune|p1a: Vaporeon\n|move|p1a: Vaporeon|Icy Wind|p2a: Thundurus|[spread] p2a,p2b\n|-supereffective|p2a: Thundurus\n|-supereffective|p2b: Landorus\n|-damage|p2a: Thundurus|13\/100\n|-damage|p2b: Landorus|0 fnt\n|-unboost|p2a: Thundurus|spe|1\n|faint|p2b: Landorus\n|\n|-weather|none\n|-heal|p1a: Vaporeon|74\/100|[from] item: Leftovers\n|upkeep\n|inactive|kynoto has 60 seconds left.\n|\n|t:|1699607127\n|switch|p1b: Jolteon|Jolteon, M|100\/100\n|switch|p2b: Volcanion|Volcanion|100\/100\n|turn|6\n|inactive|kynoto has 60 seconds left.\n|\n|t:|1699607152\n|switch|p2a: Amoonguss|Amoonguss, M, shiny|100\/100\n|-terastallize|p2b: Volcanion|Ground\n|move|p1b: Jolteon|Discharge|p2a: Amoonguss|[spread] p2a\n|-immune|p1a: Vaporeon\n|-immune|p2b: Volcanion\n|-resisted|p2a: Amoonguss\n|-damage|p2a: Amoonguss|90\/100\n|move|p2b: Volcanion|Earth Power|p1b: Jolteon\n|-supereffective|p1b: Jolteon\n|-damage|p1b: Jolteon|0 fnt\n|faint|p1b: Jolteon\n|move|p1a: Vaporeon|Icy Wind|p2b: Volcanion|[spread] p2a,p2b\n|-supereffective|p2a: Amoonguss\n|-supereffective|p2b: Volcanion\n|-damage|p2a: Amoonguss|67\/100\n|-damage|p2b: Volcanion|72\/100\n|-unboost|p2a: Amoonguss|spe|1\n|-unboost|p2b: Volcanion|spe|1\n|\n|-heal|p2b: Volcanion|78\/100|[from] item: Leftovers\n|-heal|p1a: Vaporeon|80\/100|[from] item: Leftovers\n|-heal|p2a: Amoonguss|73\/100|[from] item: Black Sludge\n|-end|p1a: Vaporeon|move: Taunt\n|upkeep\n|\n|t:|1699607174\n|switch|p1b: Flareon|Flareon, M|100\/100\n|turn|7\n|\n|t:|1699607186\n|move|p2a: Amoonguss|Rage Powder|p2a: Amoonguss\n|-singleturn|p2a: Amoonguss|move: Rage Powder\n|move|p1b: Flareon|Flare Blitz|p2a: Amoonguss\n|-supereffective|p2a: Amoonguss\n|-damage|p2a: Amoonguss|1\/100\n|-damage|p1b: Flareon|70\/100|[from] Recoil\n|move|p2b: Volcanion|Steam Eruption|p1b: Flareon\n|-supereffective|p1b: Flareon\n|-damage|p1b: Flareon|0 fnt\n|faint|p1b: Flareon\n|move|p1a: Vaporeon|Icy Wind|p2b: Volcanion|[spread] p2a,p2b\n|-supereffective|p2a: Amoonguss\n|-supereffective|p2b: Volcanion\n|-damage|p2a: Amoonguss|0 fnt\n|-damage|p2b: Volcanion|48\/100\n|-unboost|p2b: Volcanion|spe|1\n|faint|p2a: Amoonguss\n|\n|-hint|Future Sight did not hit because the target is fainted.\n|-heal|p1a: Vaporeon|86\/100|[from] item: Leftovers\n|-heal|p2b: Volcanion|54\/100|[from] item: Leftovers\n|upkeep\n|inactive|kynoto has 90 seconds left.\n|\n|t:|1699607207\n|switch|p1b: Leafeon|Leafeon, F|100\/100\n|switch|p2a: Dragonite|Dragonite, M, shiny|62\/100 par\n|turn|8\n|\n|t:|1699607216\n|move|p2b: Volcanion|Protect|p2b: Volcanion\n|-singleturn|p2b: Volcanion|Protect\n|move|p1b: Leafeon|Leaf Blade|p2b: Volcanion\n|-activate|p2b: Volcanion|move: Protect\n|move|p1a: Vaporeon|Calm Mind|p1a: Vaporeon\n|-boost|p1a: Vaporeon|spa|1\n|-boost|p1a: Vaporeon|spd|1\n|move|p2a: Dragonite|Aerial Ace|p1b: Leafeon\n|-supereffective|p1b: Leafeon\n|-damage|p1b: Leafeon|0 fnt\n|faint|p1b: Leafeon\n|\n|-heal|p1a: Vaporeon|93\/100|[from] item: Leftovers\n|-heal|p2b: Volcanion|61\/100|[from] item: Leftovers\n|upkeep\n|\n|t:|1699607230\n|switch|p1b: Umbreon|Umbreon, M|100\/100\n|turn|9\n|inactive|kynoto has 120 seconds left.\n|\n|t:|1699607254\n|move|p1b: Umbreon|Foul Play|p2a: Dragonite\n|-damage|p2a: Dragonite|31\/100 par\n|move|p1a: Vaporeon|Calm Mind|p1a: Vaporeon\n|-boost|p1a: Vaporeon|spa|1\n|-boost|p1a: Vaporeon|spd|1\n|move|p2a: Dragonite|Aerial Ace|p1a: Vaporeon\n|-damage|p1a: Vaporeon|72\/100\n|move|p2b: Volcanion|Steam Eruption|p1a: Vaporeon\n|-heal|p1a: Vaporeon|97\/100|[from] ability: Water Absorb|[of] p2b: Volcanion\n|\n|-heal|p1a: Vaporeon|100\/100|[from] item: Leftovers\n|-heal|p2b: Volcanion|67\/100|[from] item: Leftovers\n|-sideend|p2: kynoto|move: Aurora Veil\n|upkeep\n|turn|10\n|\n|t:|1699607273\n|move|p1b: Umbreon|Foul Play|p2a: Dragonite\n|-damage|p2a: Dragonite|0 fnt\n|faint|p2a: Dragonite\n|move|p1a: Vaporeon|Acid Armor|p1a: Vaporeon\n|-boost|p1a: Vaporeon|def|2\n|move|p2b: Volcanion|Earth Power|p1a: Vaporeon\n|-damage|p1a: Vaporeon|86\/100\n|\n|-heal|p1a: Vaporeon|93\/100|[from] item: Leftovers\n|-heal|p2b: Volcanion|73\/100|[from] item: Leftovers\n|upkeep\n|inactive|kynoto has 120 seconds left.\n|\n|t:|1699607283\n|switch|p2a: Thundurus|Thundurus, M, shiny|13\/100\n|turn|11\n|\n|t:|1699607295\n|move|p2a: Thundurus|Taunt|p1b: Umbreon\n|-hint|Since gen 7, Dark is immune to Prankster moves.\n|-immune|p1b: Umbreon\n|move|p1b: Umbreon|Foul Play|p2b: Volcanion\n|-damage|p2b: Volcanion|52\/100\n|move|p1a: Vaporeon|Icy Wind|p2b: Volcanion|[spread] p2a,p2b\n|-supereffective|p2a: Thundurus\n|-supereffective|p2b: Volcanion\n|-damage|p2a: Thundurus|0 fnt\n|-damage|p2b: Volcanion|0 fnt\n|faint|p2a: Thundurus\n|faint|p2b: Volcanion\n|\n|win|SappRavenger\n|raw|SappRavenger's rating: 1159 &rarr; <strong>1193<\/strong><br \/>(+34 for winning)\n|raw|kynoto's rating: 1290 &rarr; <strong>1256<\/strong><br \/>(-34 for losing)\n","uploadtime":1699607308,"views":22,"p1id":"sappravenger","p2id":"kynoto","formatid":"gen9doublesou","rating":1193,"private":0,"password":""}