{"id":"gen9doublesou-1983170605","p1":"balloongrapes","p2":"Sleepoligy","format":"[Gen 9] Doubles OU","log":"|j|\u2606balloongrapes\n|j|\u2606Sleepoligy\n|t:|1699099890\n|gametype|doubles\n|player|p1|balloongrapes|265|1236\n|player|p2|Sleepoligy|brycen|1153\n|teamsize|p1|6\n|teamsize|p2|6\n|gen|9\n|tier|[Gen 9] Doubles OU\n|rated|\n|rule|Species Clause: Limit one of each Pok\u00e9mon\n|rule|OHKO Clause: OHKO moves are banned\n|rule|Evasion Moves Clause: Evasion moves are banned\n|rule|Gravity Sleep Clause: The combination of sleep-inducing moves with imperfect accuracy and Gravity or Gigantamax Orbeetle are banned\n|rule|Endless Battle Clause: Forcing endless battles is banned\n|rule|HP Percentage Mod: HP is shown in percentages\n|clearpoke\n|poke|p1|Maushold-Four|\n|poke|p1|Roaring Moon|\n|poke|p1|Klefki, M|\n|poke|p1|Talonflame, M|\n|poke|p1|Ceruledge, M|\n|poke|p1|Rabsca, M|\n|poke|p2|Hippowdon, M|\n|poke|p2|Gligar, F|\n|poke|p2|Toedscruel, F|\n|poke|p2|Landorus-Therian, M|\n|poke|p2|Ursaluna-Bloodmoon, M|\n|poke|p2|Great Tusk|\n|teampreview\n|inactive|Battle timer is ON: inactive players will automatically lose when time's up. (requested by balloongrapes)\n|inactive|Sleepoligy has 120 seconds left.\n|inactive|Sleepoligy has 90 seconds left.\n|c|\u2606balloongrapes|gl\n|c|\u2606Sleepoligy|u2 luv lee\n|c|\u2606balloongrapes|\ud83d\ude33\ud83d\ude06\n|inactive|Sleepoligy has 60 seconds left.\n|\n|t:|1699100001\n|start\n|switch|p1a: Maushold|Maushold-Four|100\/100\n|switch|p1b: Ceruledge|Ceruledge, M|100\/100\n|switch|p2a: Toedscruel|Toedscruel, F|100\/100\n|switch|p2b: Hippowdon|Hippowdon, M|100\/100\n|-weather|Sandstorm|[from] ability: Sand Stream|[of] p2b: Hippowdon\n|turn|1\n|inactive|Sleepoligy has 120 seconds left.\n|\n|t:|1699100027\n|-terastallize|p2a: Toedscruel|Ghost\n|move|p1a: Maushold|Taunt|p2b: Hippowdon\n|-start|p2b: Hippowdon|move: Taunt\n|move|p1b: Ceruledge|Swords Dance|p1b: Ceruledge\n|-boost|p1b: Ceruledge|atk|2\n|cant|p2b: Hippowdon|move: Taunt|Stealth Rock\n|move|p2a: Toedscruel|Trick Room|p2a: Toedscruel\n|-fieldstart|move: Trick Room|[of] p2a: Toedscruel\n|\n|-weather|Sandstorm|[upkeep]\n|-damage|p2a: Toedscruel|94\/100|[from] Sandstorm\n|-damage|p1b: Ceruledge|95\/100|[from] Sandstorm\n|-damage|p1a: Maushold|94\/100|[from] Sandstorm\n|upkeep\n|turn|2\n|inactive|Sleepoligy has 120 seconds left.\n|\n|t:|1699100052\n|switch|p2a: Ursaluna|Ursaluna-Bloodmoon, M|100\/100\n|move|p1a: Maushold|Follow Me|p1a: Maushold\n|-singleturn|p1a: Maushold|move: Follow Me\n|move|p2b: Hippowdon|Body Press|p1a: Maushold\n|-supereffective|p1a: Maushold\n|-damage|p1a: Maushold|31\/100\n|move|p1b: Ceruledge|Bitter Blade|p2a: Ursaluna\n|-damage|p2a: Ursaluna|33\/100\n|-heal|p1b: Ceruledge|100\/100|[from] drain|[of] p2a: Ursaluna\n|\n|-weather|Sandstorm|[upkeep]\n|-damage|p1b: Ceruledge|95\/100|[from] Sandstorm\n|-damage|p1a: Maushold|25\/100|[from] Sandstorm\n|upkeep\n|turn|3\n|inactive|Sleepoligy has 120 seconds left.\n|inactive|Sleepoligy has 90 seconds left.\n|\n|t:|1699100105\n|move|p1a: Maushold|Follow Me|p1a: Maushold\n|-singleturn|p1a: Maushold|move: Follow Me\n|move|p2b: Hippowdon|Body Press|p1a: Maushold\n|-supereffective|p1a: Maushold\n|-damage|p1a: Maushold|0 fnt\n|faint|p1a: Maushold\n|move|p2a: Ursaluna|Earth Power|p1b: Ceruledge\n|-supereffective|p1b: Ceruledge\n|-damage|p1b: Ceruledge|0 fnt\n|faint|p1b: Ceruledge\n|\n|-weather|Sandstorm|[upkeep]\n|-end|p2b: Hippowdon|move: Taunt\n|upkeep\n|inactive|balloongrapes has 120 seconds left.\n|\n|t:|1699100125\n|switch|p1b: Rabsca|Rabsca, M|100\/100\n|switch|p1a: Klefki|Klefki, M|100\/100\n|turn|4\n|\n|t:|1699100138\n|move|p1a: Klefki|Reflect|p1a: Klefki\n|-sidestart|p1: balloongrapes|Reflect\n|move|p1b: Rabsca|Energy Ball|p2a: Ursaluna\n|-supereffective|p2a: Ursaluna\n|-damage|p2a: Ursaluna|0 fnt\n|faint|p2a: Ursaluna\n|move|p2b: Hippowdon|Stealth Rock|p1b: Rabsca\n|-sidestart|p1: balloongrapes|move: Stealth Rock\n|\n|-weather|Sandstorm|[upkeep]\n|-damage|p1b: Rabsca|94\/100|[from] Sandstorm\n|upkeep\n|inactive|Sleepoligy has 90 seconds left.\n|\n|t:|1699100172\n|switch|p2a: Great Tusk|Great Tusk|100\/100\n|-enditem|p2a: Great Tusk|Booster Energy\n|-activate|p2a: Great Tusk|ability: Protosynthesis|[fromitem]\n|-start|p2a: Great Tusk|protosynthesisatk\n|turn|5\n|\n|t:|1699100184\n|move|p1a: Klefki|Sunny Day|p1a: Klefki\n|-weather|SunnyDay\n|move|p1b: Rabsca|Psychic|p2a: Great Tusk\n|-supereffective|p2a: Great Tusk\n|-damage|p2a: Great Tusk|0 fnt\n|faint|p2a: Great Tusk\n|-end|p2a: Great Tusk|Protosynthesis|[silent]\n|move|p2b: Hippowdon|Stockpile|p2b: Hippowdon\n|-start|p2b: Hippowdon|stockpile1\n|-boost|p2b: Hippowdon|def|1\n|-boost|p2b: Hippowdon|spd|1\n|\n|-weather|SunnyDay|[upkeep]\n|-fieldend|move: Trick Room\n|upkeep\n|\n|t:|1699100193\n|switch|p2a: Gligar|Gligar, F|100\/100\n|turn|6\n|\n|t:|1699100206\n|move|p1a: Klefki|Light Screen|p1a: Klefki\n|-sidestart|p1: balloongrapes|move: Light Screen\n|move|p2a: Gligar|Struggle Bug|p1a: Klefki|[spread] p1a,p1b\n|-resisted|p1a: Klefki\n|-supereffective|p1b: Rabsca\n|-damage|p1a: Klefki|99\/100\n|-damage|p1b: Rabsca|89\/100\n|-unboost|p1a: Klefki|spa|1\n|-unboost|p1b: Rabsca|spa|1\n|move|p2b: Hippowdon|Body Press|p1a: Klefki\n|-damage|p1a: Klefki|72\/100\n|move|p1b: Rabsca|Energy Ball|p2b: Hippowdon\n|-supereffective|p2b: Hippowdon\n|-damage|p2b: Hippowdon|78\/100\n|\n|-weather|SunnyDay|[upkeep]\n|upkeep\n|turn|7\n|inactive|Sleepoligy has 120 seconds left.\n|\n|t:|1699100224\n|move|p2a: Gligar|Toxic Spikes|p1a: Klefki\n|-sidestart|p1: balloongrapes|move: Toxic Spikes\n|move|p1a: Klefki|Steel Beam|p2a: Gligar\n|-damage|p2a: Gligar|74\/100\n|-damage|p1a: Klefki|22\/100|[from] steelbeam\n|move|p2b: Hippowdon|Stockpile|p2b: Hippowdon\n|-start|p2b: Hippowdon|stockpile2\n|-boost|p2b: Hippowdon|def|1\n|-boost|p2b: Hippowdon|spd|1\n|move|p1b: Rabsca|Revival Blessing|p1b: Rabsca\n|-enditem|p1b: Rabsca|Leppa Berry|[eat]\n|-activate|p1b: Rabsca|item: Leppa Berry|Revival Blessing|[consumed]\n|\n|t:|1699100231\n|-heal|p1: Ceruledge|50\/100|[from] move: Revival Blessing\n|\n|-weather|SunnyDay|[upkeep]\n|upkeep\n|turn|8\n|\n|t:|1699100260\n|move|p2a: Gligar|Toxic Spikes|p1a: Klefki\n|-sidestart|p1: balloongrapes|move: Toxic Spikes\n|move|p1a: Klefki|Steel Beam|p2a: Gligar\n|-damage|p2a: Gligar|47\/100\n|-damage|p1a: Klefki|0 fnt|[from] steelbeam\n|faint|p1a: Klefki\n|move|p2b: Hippowdon|Body Press|p1b: Rabsca\n|-resisted|p1b: Rabsca\n|-damage|p1b: Rabsca|81\/100\n|move|p1b: Rabsca|Revival Blessing|p1b: Rabsca\n|\n|t:|1699100265\n|-heal|p1: Maushold|50\/100|[from] move: Revival Blessing\n|\n|-weather|SunnyDay|[upkeep]\n|upkeep\n|\n|t:|1699100280\n|switch|p1a: Maushold|Maushold-Four|50\/100\n|-damage|p1a: Maushold|38\/100|[from] Stealth Rock\n|-status|p1a: Maushold|tox\n|turn|9\n|\n|t:|1699100309\n|switch|p2a: Landorus|Landorus-Therian, M|100\/100\n|-ability|p2a: Landorus|Intimidate|boost\n|-unboost|p1a: Maushold|atk|1\n|-unboost|p1b: Rabsca|atk|1\n|switch|p1b: Ceruledge|Ceruledge, M|50\/100\n|-damage|p1b: Ceruledge|26\/100|[from] Stealth Rock\n|-status|p1b: Ceruledge|tox\n|move|p1a: Maushold|Encore|p2b: Hippowdon\n|-start|p2b: Hippowdon|Encore\n|move|p2b: Hippowdon|Body Press|p1b: Ceruledge\n|-immune|p1b: Ceruledge\n|\n|-weather|none\n|-damage|p1a: Maushold|32\/100 tox|[from] psn\n|-damage|p1b: Ceruledge|20\/100 tox|[from] psn\n|upkeep\n|turn|10\n|inactive|Sleepoligy has 120 seconds left.\n|\n|t:|1699100340\n|move|p1a: Maushold|Follow Me|p1a: Maushold\n|-singleturn|p1a: Maushold|move: Follow Me\n|move|p2a: Landorus|Rock Slide|p1b: Ceruledge|[spread] p1a,p1b\n|-supereffective|p1b: Ceruledge\n|-damage|p1a: Maushold|13\/100 tox\n|-damage|p1b: Ceruledge|0 fnt\n|faint|p1b: Ceruledge\n|move|p2b: Hippowdon|Body Press|p1a: Maushold\n|-supereffective|p1a: Maushold\n|-damage|p1a: Maushold|0 fnt\n|faint|p1a: Maushold\n|\n|upkeep\n|\n|t:|1699100348\n|switch|p1a: Talonflame|Talonflame, M|100\/100\n|switch|p1b: Rabsca|Rabsca, M|81\/100\n|-damage|p1a: Talonflame|51\/100|[from] Stealth Rock\n|-damage|p1b: Rabsca|56\/100|[from] Stealth Rock\n|-status|p1b: Rabsca|tox\n|turn|11\n|\n|t:|1699100356\n|move|p2a: Landorus|Rock Slide|p1b: Rabsca|[spread] p1a,p1b\n|-supereffective|p1a: Talonflame\n|-supereffective|p1b: Rabsca\n|-damage|p1a: Talonflame|0 fnt\n|-damage|p1b: Rabsca|20\/100 tox\n|faint|p1a: Talonflame\n|move|p2b: Hippowdon|Body Press|p1b: Rabsca\n|-resisted|p1b: Rabsca\n|-damage|p1b: Rabsca|11\/100 tox\n|move|p1b: Rabsca|Energy Ball|p2b: Hippowdon\n|-supereffective|p2b: Hippowdon\n|-damage|p2b: Hippowdon|54\/100\n|-unboost|p2b: Hippowdon|spd|1\n|\n|-damage|p1b: Rabsca|5\/100 tox|[from] psn\n|-end|p2b: Hippowdon|Encore\n|-sideend|p1: balloongrapes|Reflect\n|upkeep\n|\n|t:|1699100359\n|switch|p1a: Roaring Moon|Roaring Moon|100\/100\n|-damage|p1a: Roaring Moon|88\/100|[from] Stealth Rock\n|-status|p1a: Roaring Moon|tox\n|turn|12\n|\n|t:|1699100373\n|-terastallize|p1a: Roaring Moon|Rock\n|move|p1a: Roaring Moon|Rock Slide|p2b: Hippowdon|[spread] p2a\n|-miss|p1a: Roaring Moon|p2b: Hippowdon\n|-damage|p2a: Landorus|64\/100\n|move|p2a: Landorus|Rock Slide|p1a: Roaring Moon|[spread] p1a,p1b\n|-supereffective|p1b: Rabsca\n|-damage|p1a: Roaring Moon|59\/100 tox\n|-damage|p1b: Rabsca|0 fnt\n|faint|p1b: Rabsca\n|move|p2b: Hippowdon|Body Press|p1a: Roaring Moon\n|-supereffective|p1a: Roaring Moon\n|-damage|p1a: Roaring Moon|0 fnt\n|faint|p1a: Roaring Moon\n|-end|p1a: Roaring Moon|Protosynthesis|[silent]\n|\n|win|Sleepoligy\n|raw|balloongrapes's rating: 1236 &rarr; <strong>1205<\/strong><br \/>(-31 for losing)\n|raw|Sleepoligy's rating: 1153 &rarr; <strong>1184<\/strong><br \/>(+31 for winning)\n|l|\u2606balloongrapes\n|c|\u2606Sleepoligy|gg bb\n","uploadtime":1699100390,"views":23,"p1id":"balloongrapes","p2id":"sleepoligy","formatid":"gen9doublesou","rating":1184,"private":0,"password":""}