{"id":"gen9doublesou-1978445772","p1":"YuriKnifuWaifu","p2":"Hazurrdust","format":"[Gen 9] Doubles OU","log":"|j|\u2606YuriKnifuWaifu\n|j|\u2606Hazurrdust\n|t:|1698539965\n|gametype|doubles\n|player|p1|YuriKnifuWaifu|dragontamer|\n|player|p2|Hazurrdust|169|\n|teamsize|p1|6\n|teamsize|p2|6\n|gen|9\n|tier|[Gen 9] Doubles OU\n|rule|Species Clause: Limit one of each Pok\u00e9mon\n|rule|OHKO Clause: OHKO moves are banned\n|rule|Evasion Moves Clause: Evasion moves are banned\n|rule|Gravity Sleep Clause: The combination of sleep-inducing moves with imperfect accuracy and Gravity or Gigantamax Orbeetle are banned\n|rule|Endless Battle Clause: Forcing endless battles is banned\n|rule|HP Percentage Mod: HP is shown in percentages\n|clearpoke\n|poke|p1|Wugtrio, F|\n|poke|p1|Magnezone|\n|poke|p1|Skeledirge, F|\n|poke|p1|Rabsca, M|\n|poke|p1|Drifblim, M|\n|poke|p1|Carbink|\n|poke|p2|Decidueye, M|\n|poke|p2|Noivern, F|\n|poke|p2|Slowking, M|\n|poke|p2|Talonflame, M|\n|poke|p2|Mudsdale, F|\n|poke|p2|Lucario, M|\n|teampreview\n|\n|t:|1698539981\n|start\n|switch|p1a: Buckle|Skeledirge, F, shiny|100\/100\n|switch|p1b: One|Wugtrio, F, shiny|100\/100\n|switch|p2a: Jeari|Talonflame, M|100\/100\n|switch|p2b: Oscar Repellent|Mudsdale, F|100\/100\n|turn|1\n|\n|t:|1698540013\n|move|p2a: Jeari|Tailwind|p2a: Jeari\n|-sidestart|p2: Hazurrdust|move: Tailwind\n|move|p1b: One|Triple Dive|p2a: Jeari\n|-supereffective|p2a: Jeari\n|-damage|p2a: Jeari|61\/100\n|-supereffective|p2a: Jeari\n|-damage|p2a: Jeari|20\/100\n|-supereffective|p2a: Jeari\n|-damage|p2a: Jeari|0 fnt\n|faint|p2a: Jeari\n|-hitcount|p2: Jeari|3\n|-damage|p1b: One|91\/100|[from] item: Life Orb\n|move|p2b: Oscar Repellent|High Horsepower|p1a: Buckle\n|-supereffective|p1a: Buckle\n|-damage|p1a: Buckle|29\/100\n|move|p1a: Buckle|Torch Song|p2b: Oscar Repellent\n|-damage|p2b: Oscar Repellent|74\/100\n|-boost|p1a: Buckle|spa|1\n|-ability|p2b: Oscar Repellent|Stamina|boost\n|-boost|p2b: Oscar Repellent|def|1\n|-enditem|p1a: Buckle|Throat Spray\n|-boost|p1a: Buckle|spa|1|[from] item: Throat Spray\n|\n|upkeep\n|\n|t:|1698540045\n|switch|p2a: Wilfred|Slowking, M|100\/100\n|turn|2\n|j| Shrimpking\n|\n|t:|1698540118\n|switch|p1a: Shoe|Drifblim, M, shiny|100\/100\n|move|p1b: One|Triple Dive|p2b: Oscar Repellent\n|-supereffective|p2b: Oscar Repellent\n|-damage|p2b: Oscar Repellent|52\/100\n|-damage|p1b: One|74\/100|[from] item: Rocky Helmet|[of] p2b: Oscar Repellent\n|-ability|p2b: Oscar Repellent|Stamina|boost\n|-boost|p2b: Oscar Repellent|def|1\n|-supereffective|p2b: Oscar Repellent\n|-damage|p2b: Oscar Repellent|36\/100\n|-damage|p1b: One|58\/100|[from] item: Rocky Helmet|[of] p2b: Oscar Repellent\n|-ability|p2b: Oscar Repellent|Stamina|boost\n|-boost|p2b: Oscar Repellent|def|1\n|-supereffective|p2b: Oscar Repellent\n|-crit|p2b: Oscar Repellent\n|-damage|p2b: Oscar Repellent|0 fnt\n|-damage|p1b: One|41\/100|[from] item: Rocky Helmet|[of] p2b: Oscar Repellent\n|faint|p2b: Oscar Repellent\n|-hitcount|p2: Oscar Repellent|3\n|-damage|p1b: One|31\/100|[from] item: Life Orb\n|move|p2a: Wilfred|Rain Dance|p2a: Wilfred\n|-weather|RainDance\n|\n|-weather|RainDance|[upkeep]\n|-status|p1a: Shoe|brn|[from] item: Flame Orb\n|upkeep\n|\n|t:|1698540153\n|switch|p2b: Alvaro|Lucario, M|100\/100\n|turn|3\n|\n|t:|1698540193\n|move|p2b: Alvaro|Thunder Punch|p1b: One\n|-supereffective|p1b: One\n|-damage|p1b: One|0 fnt\n|faint|p1b: One\n|move|p1a: Shoe|Shadow Ball|p2b: Alvaro\n|-damage|p2b: Alvaro|21\/100\n|move|p2a: Wilfred|Chilly Reception|p2a: Wilfred\n|-weather|Snow\n|\n|t:|1698540204\n|switch|p2a: Silvarro|Decidueye, M, shiny|100\/100|[from] Chilly Reception\n|\n|-weather|Snow|[upkeep]\n|-damage|p1a: Shoe|94\/100 brn|[from] brn\n|upkeep\n|\n|t:|1698540212\n|switch|p1b: Buckle|Skeledirge, F, shiny|29\/100\n|turn|4\n|\n|t:|1698540266\n|-terastallize|p1b: Buckle|Fire\n|move|p2b: Alvaro|Bullet Punch|p1b: Buckle\n|-resisted|p1b: Buckle\n|-damage|p1b: Buckle|20\/100\n|move|p2a: Silvarro|Spirit Shackle|p1a: Shoe\n|-supereffective|p1a: Shoe\n|-damage|p1a: Shoe|0 fnt\n|faint|p1a: Shoe\n|move|p1b: Buckle|Torch Song|p2a: Silvarro\n|-supereffective|p2a: Silvarro\n|-damage|p2a: Silvarro|5\/100\n|-boost|p1b: Buckle|spa|1\n|\n|-weather|Snow|[upkeep]\n|-sideend|p2: Hazurrdust|move: Tailwind\n|upkeep\n|\n|t:|1698540286\n|switch|p1a: Two|Magnezone, shiny|100\/100\n|turn|5\n|\n|t:|1698540326\n|switch|p2a: Casey|Noivern, F|100\/100\n|move|p2b: Alvaro|Drain Punch|p1a: Two\n|-supereffective|p1a: Two\n|-damage|p1a: Two|37\/100\n|-heal|p2b: Alvaro|57\/100|[from] drain|[of] p1a: Two\n|move|p1b: Buckle|Shadow Ball|p2b: Alvaro\n|-damage|p2b: Alvaro|0 fnt\n|faint|p2b: Alvaro\n|move|p1a: Two|Electroweb|p2a: Casey\n|-damage|p2a: Casey|48\/100\n|-unboost|p2a: Casey|spe|1\n|\n|-weather|Snow|[upkeep]\n|-heal|p1a: Two|43\/100|[from] item: Leftovers\n|upkeep\n|\n|t:|1698540347\n|switch|p2b: Wilfred|Slowking, M|100\/100\n|turn|6\n|\n|t:|1698540400\n|switch|p1b: My|Rabsca, M, shiny|100\/100\n|switch|p1a: You_Trash|Carbink, shiny|100\/100\n|move|p2a: Casey|Boomburst|p1a: You_Trash|[spread] p2b,p1a,p1b\n|-resisted|p1a: You_Trash\n|-damage|p2b: Wilfred|65\/100\n|-damage|p1a: You_Trash|82\/100\n|-damage|p1b: My|55\/100\n|move|p2b: Wilfred|Chilling Water|p1a: You_Trash\n|-supereffective|p1a: You_Trash\n|-damage|p1a: You_Trash|56\/100\n|\n|-weather|Snow|[upkeep]\n|-heal|p1a: You_Trash|63\/100|[from] item: Leftovers\n|upkeep\n|turn|7\n|\n|t:|1698540426\n|-terastallize|p2b: Wilfred|Water\n|move|p2a: Casey|Boomburst|p1a: You_Trash|[spread] p2b,p1a,p1b\n|-resisted|p1a: You_Trash\n|-damage|p2b: Wilfred|28\/100\n|-damage|p1a: You_Trash|46\/100\n|-damage|p1b: My|9\/100\n|move|p1b: My|Dazzling Gleam|p2b: Wilfred|[spread] p2a,p2b\n|-supereffective|p2a: Casey\n|-damage|p2a: Casey|0 fnt\n|-damage|p2b: Wilfred|12\/100\n|faint|p2a: Casey\n|move|p1a: You_Trash|Rock Slide|p2b: Wilfred\n|-damage|p2b: Wilfred|0 fnt\n|faint|p2b: Wilfred\n|\n|-weather|none\n|-heal|p1a: You_Trash|52\/100|[from] item: Leftovers\n|upkeep\n|\n|t:|1698540444\n|switch|p2b: Silvarro|Decidueye, M, shiny|5\/100\n|turn|8\n|\n|t:|1698540457\n|move|p2b: Silvarro|Roost|p2b: Silvarro\n|-heal|p2b: Silvarro|55\/100\n|-singleturn|p2b: Silvarro|move: Roost\n|move|p1b: My|Dazzling Gleam|p2b: Silvarro\n|-damage|p2b: Silvarro|31\/100\n|move|p1a: You_Trash|Rock Slide|p2b: Silvarro|[miss]\n|-miss|p1a: You_Trash|p2b: Silvarro\n|\n|-heal|p1a: You_Trash|58\/100|[from] item: Leftovers\n|upkeep\n|turn|9\n|\n|t:|1698540495\n|move|p2b: Silvarro|Roost|p2b: Silvarro\n|-heal|p2b: Silvarro|81\/100\n|-singleturn|p2b: Silvarro|move: Roost\n|move|p1b: My|Dazzling Gleam|p2b: Silvarro\n|-damage|p2b: Silvarro|57\/100\n|move|p1a: You_Trash|Rock Slide|p2b: Silvarro\n|-damage|p2b: Silvarro|31\/100\n|\n|-heal|p1a: You_Trash|65\/100|[from] item: Leftovers\n|upkeep\n|turn|10\n|\n|t:|1698540522\n|move|p2b: Silvarro|Roost|p2b: Silvarro\n|-heal|p2b: Silvarro|81\/100\n|-singleturn|p2b: Silvarro|move: Roost\n|move|p1b: My|Sludge Bomb|p2b: Silvarro\n|-damage|p2b: Silvarro|57\/100\n|move|p1a: You_Trash|Reflect|p1a: You_Trash\n|-sidestart|p1: YuriKnifuWaifu|Reflect\n|\n|-heal|p1a: You_Trash|71\/100|[from] item: Leftovers\n|upkeep\n|turn|11\n|\n|t:|1698540542\n|move|p2b: Silvarro|Swords Dance|p2b: Silvarro\n|-boost|p2b: Silvarro|atk|2\n|move|p1b: My|Sludge Bomb|p2b: Silvarro\n|-damage|p2b: Silvarro|32\/100\n|move|p1a: You_Trash|Rock Slide|p2b: Silvarro\n|-damage|p2b: Silvarro|3\/100\n|\n|-heal|p1a: You_Trash|77\/100|[from] item: Leftovers\n|upkeep\n|turn|12\n|\n|t:|1698540554\n|move|p2b: Silvarro|Roost|p2b: Silvarro\n|-heal|p2b: Silvarro|53\/100\n|-singleturn|p2b: Silvarro|move: Roost\n|move|p1b: My|Sludge Bomb|p2b: Silvarro\n|-damage|p2b: Silvarro|28\/100\n|-status|p2b: Silvarro|psn\n|move|p1a: You_Trash|Rock Slide|p2b: Silvarro\n|-damage|p2b: Silvarro|0 fnt\n|faint|p2b: Silvarro\n|\n|win|YuriKnifuWaifu\n","uploadtime":1698540582,"views":24,"p1id":"yuriknifuwaifu","p2id":"hazurrdust","formatid":"gen9doublesou","rating":0,"private":0,"password":""}