{"id":"gen9doublesou-1979776883","p1":"BruhMyNameIsDylan","p2":"Alexandre195","format":"[Gen 9] Doubles OU","log":"|j|\u2606BruhMyNameIsDylan\n|j|\u2606Alexandre195\n|t:|1698712152\n|gametype|doubles\n|player|p1|BruhMyNameIsDylan|hugh|1088\n|player|p2|Alexandre195|nate|1090\n|teamsize|p1|6\n|teamsize|p2|6\n|gen|9\n|tier|[Gen 9] Doubles OU\n|rated|\n|rule|Species Clause: Limit one of each Pok\u00e9mon\n|rule|OHKO Clause: OHKO moves are banned\n|rule|Evasion Moves Clause: Evasion moves are banned\n|rule|Gravity Sleep Clause: The combination of sleep-inducing moves with imperfect accuracy and Gravity or Gigantamax Orbeetle are banned\n|rule|Endless Battle Clause: Forcing endless battles is banned\n|rule|HP Percentage Mod: HP is shown in percentages\n|clearpoke\n|poke|p1|Eevee, F|\n|poke|p1|Slaking, F|\n|poke|p1|Farigiraf, M|\n|poke|p1|Samurott-Hisui, F|\n|poke|p1|Kommo-o, M|\n|poke|p1|Espeon, F|\n|poke|p2|Scizor, F|\n|poke|p2|Sableye, M|\n|poke|p2|Tyranitar, M|\n|poke|p2|Typhlosion, F|\n|poke|p2|Ribombee, M|\n|poke|p2|Haxorus, F|\n|teampreview\n|inactive|Battle timer is ON: inactive players will automatically lose when time's up. (requested by Alexandre195)\n|\n|t:|1698712163\n|start\n|switch|p1a: Eevee|Eevee, F|100\/100\n|switch|p1b: Slaking|Slaking, F|100\/100\n|switch|p2a: Ribombee|Ribombee, M|100\/100\n|switch|p2b: Typhlosion|Typhlosion, F|100\/100\n|turn|1\n|\n|t:|1698712176\n|move|p1a: Eevee|Helping Hand|p1b: Slaking\n|-singleturn|p1b: Slaking|Helping Hand|[of] p1a: Eevee\n|move|p1b: Slaking|Giga Impact|p2b: Typhlosion\n|-damage|p2b: Typhlosion|0 fnt\n|-mustrecharge|p1b: Slaking\n|faint|p2b: Typhlosion\n|move|p2a: Ribombee|Sticky Web|p1a: Eevee\n|-sidestart|p1: BruhMyNameIsDylan|move: Sticky Web\n|\n|upkeep\n|\n|t:|1698712187\n|switch|p2b: Sableye|Sableye, M|100\/100\n|turn|2\n|\n|t:|1698712200\n|switch|p2a: Scizor|Scizor, F|100\/100\n|move|p2b: Sableye|Encore|p1a: Eevee\n|-start|p1a: Eevee|Encore\n|cant|p1b: Slaking|recharge\n|move|p1a: Eevee|Helping Hand||[still]\n|-fail|p1a: Eevee\n|\n|upkeep\n|turn|3\n|\n|t:|1698712215\n|move|p1a: Eevee|Helping Hand|p1b: Slaking\n|-singleturn|p1b: Slaking|Helping Hand|[of] p1a: Eevee\n|move|p1b: Slaking|Giga Impact|p2a: Scizor|[miss]\n|-miss|p1b: Slaking|p2a: Scizor\n|move|p2a: Scizor|Swords Dance|p2a: Scizor\n|-boost|p2a: Scizor|atk|2\n|move|p2b: Sableye|Knock Off|p1b: Slaking\n|-damage|p1b: Slaking|76\/100\n|-enditem|p1b: Slaking|Choice Scarf|[from] move: Knock Off|[of] p2b: Sableye\n|\n|upkeep\n|turn|4\n|\n|t:|1698712243\n|move|p1a: Eevee|Helping Hand|p1b: Slaking\n|-singleturn|p1b: Slaking|Helping Hand|[of] p1a: Eevee\n|move|p2b: Sableye|Encore|p1b: Slaking\n|-start|p1b: Slaking|Encore\n|cant|p1b: Slaking|ability: Truant\n|move|p2a: Scizor|Swords Dance|p2a: Scizor\n|-boost|p2a: Scizor|atk|2\n|\n|-end|p1a: Eevee|Encore\n|upkeep\n|turn|5\n|\n|t:|1698712254\n|move|p1a: Eevee|Helping Hand|p1b: Slaking\n|-singleturn|p1b: Slaking|Helping Hand|[of] p1a: Eevee\n|move|p2b: Sableye|Encore|p1a: Eevee\n|-start|p1a: Eevee|Encore\n|move|p1b: Slaking|Giga Impact|p2a: Scizor\n|-resisted|p2a: Scizor\n|-damage|p2a: Scizor|31\/100\n|-mustrecharge|p1b: Slaking\n|move|p2a: Scizor|Swords Dance|p2a: Scizor\n|-boost|p2a: Scizor|atk|2\n|\n|upkeep\n|turn|6\n|\n|t:|1698712267\n|switch|p2b: Ribombee|Ribombee, M|100\/100\n|move|p1a: Eevee|Helping Hand|p1b: Slaking\n|-singleturn|p1b: Slaking|Helping Hand|[of] p1a: Eevee\n|move|p2a: Scizor|Bullet Punch|p1b: Slaking\n|-damage|p1b: Slaking|0 fnt\n|faint|p1b: Slaking\n|\n|upkeep\n|\n|t:|1698712277\n|switch|p1b: Samurott|Samurott-Hisui, F|100\/100\n|-activate|p1b: Samurott|move: Sticky Web\n|-unboost|p1b: Samurott|spe|1\n|turn|7\n|\n|t:|1698712282\n|move|p1a: Eevee|Helping Hand|p1b: Samurott\n|-singleturn|p1b: Samurott|Helping Hand|[of] p1a: Eevee\n|move|p1b: Samurott|Aqua Jet|p2a: Scizor\n|-damage|p2a: Scizor|0 fnt\n|faint|p2a: Scizor\n|move|p2b: Ribombee|Pollen Puff|p2: Scizor|[notarget]\n|-fail|p2b: Ribombee\n|\n|upkeep\n|\n|t:|1698712291\n|switch|p2a: Haxorus|Haxorus, F|100\/100\n|-ability|p2a: Haxorus|Mold Breaker\n|turn|8\n|\n|t:|1698712299\n|switch|p2b: Sableye|Sableye, M|100\/100\n|move|p1a: Eevee|Helping Hand|p1b: Samurott\n|-singleturn|p1b: Samurott|Helping Hand|[of] p1a: Eevee\n|move|p2a: Haxorus|Dragon Dance|p2a: Haxorus\n|-boost|p2a: Haxorus|atk|1\n|-boost|p2a: Haxorus|spe|1\n|move|p1b: Samurott|Swords Dance|p1b: Samurott\n|-boost|p1b: Samurott|atk|2\n|\n|-end|p1a: Eevee|Encore\n|upkeep\n|turn|9\n|\n|t:|1698712316\n|-terastallize|p1b: Samurott|Water\n|move|p1a: Eevee|Helping Hand|p1b: Samurott\n|-singleturn|p1b: Samurott|Helping Hand|[of] p1a: Eevee\n|move|p2b: Sableye|Fake Out|p1b: Samurott\n|-damage|p1b: Samurott|89\/100\n|move|p2a: Haxorus|Dragon Dance|p2a: Haxorus\n|-boost|p2a: Haxorus|atk|1\n|-boost|p2a: Haxorus|spe|1\n|cant|p1b: Samurott|flinch\n|\n|upkeep\n|turn|10\n|\n|t:|1698712333\n|move|p2b: Sableye|Encore|p1a: Eevee\n|-start|p1a: Eevee|Encore\n|move|p2a: Haxorus|Dragon Claw|p1b: Samurott\n|-damage|p1b: Samurott|0 fnt\n|faint|p1b: Samurott\n|move|p1a: Eevee|Helping Hand|null|[notarget]\n|-fail|p1a: Eevee\n|\n|upkeep\n|\n|t:|1698712345\n|switch|p1b: Farigiraf|Farigiraf, M|100\/100\n|-activate|p1b: Farigiraf|move: Sticky Web\n|-unboost|p1b: Farigiraf|spe|1\n|turn|11\n|\n|t:|1698712355\n|move|p1a: Eevee|Helping Hand|p1b: Farigiraf\n|-singleturn|p1b: Farigiraf|Helping Hand|[of] p1a: Eevee\n|move|p2a: Haxorus|Dragon Claw|p1b: Farigiraf\n|-damage|p1b: Farigiraf|3\/100\n|move|p2b: Sableye|Knock Off|p1b: Farigiraf\n|-supereffective|p1b: Farigiraf\n|-damage|p1b: Farigiraf|0 fnt\n|-enditem|p1b: Farigiraf|Light Clay|[from] move: Knock Off|[of] p2b: Sableye\n|faint|p1b: Farigiraf\n|\n|upkeep\n|\n|t:|1698712367\n|switch|p1b: Kommo-o|Kommo-o, M|100\/100\n|-activate|p1b: Kommo-o|move: Sticky Web\n|-unboost|p1b: Kommo-o|spe|1\n|turn|12\n|\n|t:|1698712373\n|move|p2b: Sableye|Helping Hand|p2a: Haxorus\n|-singleturn|p2a: Haxorus|Helping Hand|[of] p2b: Sableye\n|move|p1a: Eevee|Helping Hand|p1b: Kommo-o\n|-singleturn|p1b: Kommo-o|Helping Hand|[of] p1a: Eevee\n|move|p2a: Haxorus|Dragon Claw|p1b: Kommo-o\n|-supereffective|p1b: Kommo-o\n|-damage|p1b: Kommo-o|0 fnt\n|faint|p1b: Kommo-o\n|\n|-end|p1a: Eevee|Encore\n|upkeep\n|\n|t:|1698712384\n|switch|p1b: Espeon|Espeon, F|100\/100\n|-activate|p1b: Espeon|move: Sticky Web\n|-unboost|p1b: Espeon|spe|1\n|turn|13\n|\n|t:|1698712390\n|-terastallize|p2a: Haxorus|Steel\n|move|p2b: Sableye|Encore|p1a: Eevee\n|-start|p1a: Eevee|Encore\n|move|p2a: Haxorus|Dragon Claw|p1b: Espeon\n|-damage|p1b: Espeon|0 fnt\n|faint|p1b: Espeon\n|move|p1a: Eevee|Helping Hand|null|[notarget]\n|-fail|p1a: Eevee\n|\n|upkeep\n|turn|14\n|c|\u2606Alexandre195|gg\n|c|\u2606BruhMyNameIsDylan|Encore needs a fucking nerf\n|-message|BruhMyNameIsDylan forfeited.\n|\n|win|Alexandre195\n|raw|BruhMyNameIsDylan's rating: 1088 &rarr; <strong>1065<\/strong><br \/>(-23 for losing)\n|raw|Alexandre195's rating: 1090 &rarr; <strong>1116<\/strong><br \/>(+26 for winning)\n|l|\u2606BruhMyNameIsDylan\n","uploadtime":1698712419,"views":21,"p1id":"bruhmynameisdylan","p2id":"alexandre195","formatid":"gen9doublesou","rating":1065,"private":0,"password":""}