{"id":"gen9doublesou-1985461307","p1":"TheVoid20th","p2":"Wentzville","format":"[Gen 9] Doubles OU","log":"|j|\u2606TheVoid20th\n|j|\u2606Wentzville\n|t:|1699376601\n|gametype|doubles\n|player|p1|TheVoid20th|1|1299\n|player|p2|Wentzville|rosa|1200\n|teamsize|p1|6\n|teamsize|p2|6\n|gen|9\n|tier|[Gen 9] Doubles OU\n|rated|\n|rule|Species Clause: Limit one of each Pok\u00e9mon\n|rule|OHKO Clause: OHKO moves are banned\n|rule|Evasion Moves Clause: Evasion moves are banned\n|rule|Gravity Sleep Clause: The combination of sleep-inducing moves with imperfect accuracy and Gravity or Gigantamax Orbeetle are banned\n|rule|Endless Battle Clause: Forcing endless battles is banned\n|rule|HP Percentage Mod: HP is shown in percentages\n|clearpoke\n|poke|p1|Snorlax, M|\n|poke|p1|Iron Hands|\n|poke|p1|Landorus-Therian, M|\n|poke|p1|Sinistcha-Masterpiece|\n|poke|p1|Clefairy, F|\n|poke|p1|Kommo-o, M|\n|poke|p2|Gliscor, F|\n|poke|p2|Grafaiai, M|\n|poke|p2|Cresselia, F|\n|poke|p2|Iron Hands|\n|poke|p2|Fezandipiti, M|\n|poke|p2|Flutter Mane|\n|teampreview\n|inactive|Battle timer is ON: inactive players will automatically lose when time's up. (requested by Wentzville)\n|\n|t:|1699376615\n|start\n|switch|p1a: Sinistcha|Sinistcha-Masterpiece|100\/100\n|switch|p1b: Landorus|Landorus-Therian, M|100\/100\n|switch|p2a: Gliscor|Gliscor, F|100\/100\n|switch|p2b: Grafaiai|Grafaiai, M|100\/100\n|-ability|p1b: Landorus|Intimidate|boost\n|-unboost|p2a: Gliscor|atk|1\n|-unboost|p2b: Grafaiai|atk|1\n|turn|1\n|\n|t:|1699376633\n|move|p2b: Grafaiai|Toxic|p2a: Gliscor\n|-status|p2a: Gliscor|tox\n|move|p1b: Landorus|U-turn|p2a: Gliscor\n|-resisted|p2a: Gliscor\n|-damage|p2a: Gliscor|91\/100 tox\n|\n|t:|1699376640\n|switch|p1b: Snorlax|Snorlax, M, shiny|100\/100|[from] U-turn\n|move|p2a: Gliscor|U-turn|p1a: Sinistcha\n|-damage|p1a: Sinistcha|91\/100\n|\n|t:|1699376656\n|switch|p2a: Iron Hands|Iron Hands|100\/100|[from] U-turn\n|move|p1a: Sinistcha|Trick Room|p1a: Sinistcha\n|-fieldstart|move: Trick Room|[of] p1a: Sinistcha\n|\n|upkeep\n|turn|2\n|\n|t:|1699376673\n|move|p1a: Sinistcha|Rage Powder|p1a: Sinistcha\n|-singleturn|p1a: Sinistcha|move: Rage Powder\n|move|p2b: Grafaiai|Encore|p1a: Sinistcha\n|-start|p1a: Sinistcha|Encore\n|-enditem|p1a: Sinistcha|Mental Herb\n|-end|p1a: Sinistcha|Encore\n|move|p1b: Snorlax|Belly Drum|p1b: Snorlax\n|-damage|p1b: Snorlax|50\/100\n|-setboost|p1b: Snorlax|atk|6|[from] move: Belly Drum\n|-enditem|p1b: Snorlax|Sitrus Berry|[eat]\n|-heal|p1b: Snorlax|75\/100|[from] item: Sitrus Berry\n|move|p2a: Iron Hands|Drain Punch|p1a: Sinistcha\n|-immune|p1a: Sinistcha\n|\n|upkeep\n|turn|3\n|inactive|Wentzville has 120 seconds left.\n|\n|t:|1699376707\n|move|p2b: Grafaiai|Toxic|p1a: Sinistcha\n|-status|p1a: Sinistcha|tox\n|move|p1b: Snorlax|High Horsepower|p2a: Iron Hands\n|-supereffective|p2a: Iron Hands\n|-damage|p2a: Iron Hands|0 fnt\n|faint|p2a: Iron Hands\n|-end|p2a: Iron Hands|Quark Drive|[silent]\n|move|p1a: Sinistcha|Matcha Gotcha|p2b: Grafaiai\n|-resisted|p2b: Grafaiai\n|-damage|p2b: Grafaiai|68\/100\n|-heal|p1a: Sinistcha|100\/100 tox|[from] drain|[of] p2b: Grafaiai\n|-status|p2b: Grafaiai|brn\n|\n|-damage|p1a: Sinistcha|94\/100 tox|[from] psn\n|-damage|p2b: Grafaiai|62\/100 brn|[from] brn\n|upkeep\n|inactive|Wentzville has 120 seconds left.\n|\n|t:|1699376717\n|switch|p2a: Gliscor|Gliscor, F|91\/100 tox\n|turn|4\n|\n|t:|1699376730\n|move|p1a: Sinistcha|Rage Powder|p1a: Sinistcha\n|-singleturn|p1a: Sinistcha|move: Rage Powder\n|move|p2b: Grafaiai|Parting Shot|p1a: Sinistcha\n|-unboost|p1a: Sinistcha|atk|1\n|-unboost|p1a: Sinistcha|spa|1\n|\n|t:|1699376735\n|switch|p2b: Cresselia|Cresselia, F|100\/100|[from] Parting Shot\n|move|p1b: Snorlax|Facade|p2a: Gliscor\n|-damage|p2a: Gliscor|2\/100 tox\n|move|p2a: Gliscor|Earthquake|p1a: Sinistcha|[spread] p1a,p1b\n|-immune|p2b: Cresselia|[from] ability: Levitate\n|-resisted|p1a: Sinistcha\n|-damage|p1a: Sinistcha|83\/100 tox\n|-damage|p1b: Snorlax|54\/100\n|\n|-damage|p1a: Sinistcha|71\/100 tox|[from] psn\n|-heal|p2a: Gliscor|15\/100 tox|[from] ability: Poison Heal\n|upkeep\n|turn|5\n|inactive|Wentzville has 120 seconds left.\n|\n|t:|1699376771\n|switch|p2a: Grafaiai|Grafaiai, M|62\/100 brn\n|-terastallize|p2b: Cresselia|Electric\n|move|p1a: Sinistcha|Rage Powder|p1a: Sinistcha\n|-singleturn|p1a: Sinistcha|move: Rage Powder\n|move|p1b: Snorlax|Facade|p2a: Grafaiai\n|-damage|p2a: Grafaiai|0 fnt\n|faint|p2a: Grafaiai\n|move|p2b: Cresselia|Psychic|p1a: Sinistcha\n|-damage|p1a: Sinistcha|37\/100 tox\n|\n|-damage|p1a: Sinistcha|19\/100 tox|[from] psn\n|-fieldend|move: Trick Room\n|upkeep\n|\n|t:|1699376787\n|switch|p2a: Flutter Mane|Flutter Mane|100\/100\n|-enditem|p2a: Flutter Mane|Booster Energy\n|-activate|p2a: Flutter Mane|ability: Protosynthesis|[fromitem]\n|-start|p2a: Flutter Mane|protosynthesisspe\n|turn|6\n|inactive|Wentzville has 120 seconds left.\n|\n|t:|1699376821\n|move|p1a: Sinistcha|Rage Powder|p1a: Sinistcha\n|-singleturn|p1a: Sinistcha|move: Rage Powder\n|move|p2a: Flutter Mane|Moonblast|p1a: Sinistcha\n|-damage|p1a: Sinistcha|0 fnt\n|faint|p1a: Sinistcha\n|move|p2b: Cresselia|Psychic|p1b: Snorlax\n|-damage|p1b: Snorlax|35\/100\n|move|p1b: Snorlax|High Horsepower|p2a: Flutter Mane\n|-damage|p2a: Flutter Mane|0 fnt\n|faint|p2a: Flutter Mane\n|-end|p2a: Flutter Mane|Protosynthesis|[silent]\n|\n|upkeep\n|\n|t:|1699376833\n|switch|p2a: Gliscor|Gliscor, F|15\/100 tox\n|switch|p1a: Clefairy|Clefairy, F, shiny|100\/100\n|turn|7\n|\n|t:|1699376842\n|move|p2a: Gliscor|Earthquake|p1b: Snorlax|[spread] p1a,p1b\n|-immune|p2b: Cresselia|[from] ability: Levitate\n|-damage|p1a: Clefairy|77\/100\n|-damage|p1b: Snorlax|18\/100\n|move|p2b: Cresselia|Psychic|p1b: Snorlax\n|-damage|p1b: Snorlax|4\/100\n|move|p1a: Clefairy|Heal Pulse|p1b: Snorlax\n|-heal|p1b: Snorlax|54\/100\n|move|p1b: Snorlax|Facade|p2a: Gliscor\n|-damage|p2a: Gliscor|0 fnt\n|faint|p2a: Gliscor\n|\n|upkeep\n|-message|Wentzville forfeited.\n|\n|win|TheVoid20th\n|raw|TheVoid20th's rating: 1299 &rarr; <strong>1317<\/strong><br \/>(+18 for winning)\n|raw|Wentzville's rating: 1200 &rarr; <strong>1182<\/strong><br \/>(-18 for losing)\n|l|\u2606Wentzville\n","uploadtime":1699376864,"views":13,"p1id":"thevoid20th","p2id":"wentzville","formatid":"gen9doublesou","rating":1182,"private":0,"password":""}