{"id":"gen9doublesou-1985782340","p1":"Rexluser","p2":"Vman3","format":"[Gen 9] Doubles OU","log":"|j|\u2606Rexluser\n|j|\u2606Vman3\n|t:|1699405578\n|gametype|doubles\n|player|p1|Rexluser|169|1316\n|player|p2|Vman3|crasherwake|1285\n|teamsize|p1|6\n|teamsize|p2|6\n|gen|9\n|tier|[Gen 9] Doubles OU\n|rated|\n|rule|Species Clause: Limit one of each Pok\u00e9mon\n|rule|OHKO Clause: OHKO moves are banned\n|rule|Evasion Moves Clause: Evasion moves are banned\n|rule|Gravity Sleep Clause: The combination of sleep-inducing moves with imperfect accuracy and Gravity or Gigantamax Orbeetle are banned\n|rule|Endless Battle Clause: Forcing endless battles is banned\n|rule|HP Percentage Mod: HP is shown in percentages\n|clearpoke\n|poke|p1|Golem-Alola, F|\n|poke|p1|Rabsca, F|\n|poke|p1|Ursaluna-Bloodmoon, M|\n|poke|p1|Empoleon, F|\n|poke|p1|Wyrdeer, M|\n|poke|p1|Brute Bonnet|\n|poke|p2|Pelipper, F|\n|poke|p2|Basculegion-F, F|\n|poke|p2|Thundurus, M|\n|poke|p2|Grimmsnarl, M|\n|poke|p2|Rillaboom, F|\n|poke|p2|Kommo-o, M|\n|teampreview\n|inactive|Battle timer is ON: inactive players will automatically lose when time's up. (requested by Vman3)\n|\n|t:|1699405599\n|start\n|switch|p1a: Golem|Golem-Alola, F|100\/100\n|switch|p1b: Rabsca|Rabsca, F|100\/100\n|switch|p2a: Pelipper|Pelipper, F|100\/100\n|switch|p2b: Thundurus|Thundurus, M|100\/100\n|-weather|RainDance|[from] ability: Drizzle|[of] p2a: Pelipper\n|turn|1\n|\n|t:|1699405615\n|-terastallize|p1a: Golem|Electric\n|move|p2b: Thundurus|Weather Ball|p1a: Golem\n|-damage|p1a: Golem|8\/100\n|move|p2a: Pelipper|Hydro Pump|p1a: Golem\n|-damage|p1a: Golem|0 fnt\n|faint|p1a: Golem\n|move|p1b: Rabsca|Trick Room|p1b: Rabsca\n|-fieldstart|move: Trick Room|[of] p1b: Rabsca\n|\n|-weather|RainDance|[upkeep]\n|upkeep\n|\n|t:|1699405632\n|switch|p1a: Empoleon|Empoleon, F|100\/100\n|turn|2\n|inactive|Vman3 has 120 seconds left.\n|\n|t:|1699405676\n|switch|p2b: Rillaboom|Rillaboom, F|100\/100\n|-fieldstart|move: Grassy Terrain|[from] ability: Grassy Surge|[of] p2b: Rillaboom\n|move|p1b: Rabsca|Revival Blessing|p1b: Rabsca\n|\n|t:|1699405686\n|-heal|p1: Golem|50\/100|[from] move: Revival Blessing\n|move|p1a: Empoleon|Ice Beam|p2b: Rillaboom\n|-supereffective|p2b: Rillaboom\n|-damage|p2b: Rillaboom|7\/100\n|-damage|p1a: Empoleon|91\/100|[from] item: Life Orb\n|move|p2a: Pelipper|Hurricane|p1b: Rabsca\n|-supereffective|p1b: Rabsca\n|-damage|p1b: Rabsca|0 fnt\n|faint|p1b: Rabsca\n|\n|-weather|RainDance|[upkeep]\n|-heal|p1a: Empoleon|97\/100|[from] Grassy Terrain\n|-heal|p2b: Rillaboom|13\/100|[from] Grassy Terrain\n|-heal|p2b: Rillaboom|20\/100|[from] item: Leftovers\n|upkeep\n|\n|t:|1699405706\n|switch|p1b: Brute Bonnet|Brute Bonnet|100\/100\n|turn|3\n|inactive|Vman3 has 120 seconds left.\n|\n|t:|1699405736\n|move|p1b: Brute Bonnet|Bullet Seed|p2a: Pelipper\n|-damage|p2a: Pelipper|83\/100\n|-damage|p2a: Pelipper|62\/100\n|-damage|p2a: Pelipper|44\/100\n|-damage|p2a: Pelipper|25\/100\n|-hitcount|p2a: Pelipper|4\n|move|p1a: Empoleon|Ice Beam|p2b: Rillaboom\n|-supereffective|p2b: Rillaboom\n|-damage|p2b: Rillaboom|0 fnt\n|faint|p2b: Rillaboom\n|-damage|p1a: Empoleon|87\/100|[from] item: Life Orb\n|move|p2a: Pelipper|Hurricane|p1b: Brute Bonnet\n|-supereffective|p1b: Brute Bonnet\n|-damage|p1b: Brute Bonnet|18\/100\n|\n|-weather|RainDance|[upkeep]\n|-heal|p1b: Brute Bonnet|24\/100|[from] Grassy Terrain\n|-heal|p1a: Empoleon|93\/100|[from] Grassy Terrain\n|upkeep\n|\n|t:|1699405752\n|switch|p2b: Thundurus|Thundurus, M|100\/100\n|turn|4\n|inactive|Vman3 has 120 seconds left.\n|\n|t:|1699405777\n|switch|p2a: Grimmsnarl|Grimmsnarl, M|100\/100\n|move|p1b: Brute Bonnet|Bullet Seed|p2a: Grimmsnarl\n|-damage|p2a: Grimmsnarl|76\/100\n|-damage|p2a: Grimmsnarl|54\/100\n|-damage|p2a: Grimmsnarl|30\/100\n|-damage|p2a: Grimmsnarl|7\/100\n|-damage|p2a: Grimmsnarl|0 fnt\n|faint|p2a: Grimmsnarl\n|-hitcount|p2: Grimmsnarl|5\n|move|p1a: Empoleon|Ice Beam|p2b: Thundurus\n|-supereffective|p2b: Thundurus\n|-damage|p2b: Thundurus|0 fnt\n|faint|p2b: Thundurus\n|-damage|p1a: Empoleon|83\/100|[from] item: Life Orb\n|\n|-weather|RainDance|[upkeep]\n|-heal|p1b: Brute Bonnet|31\/100|[from] Grassy Terrain\n|-heal|p1a: Empoleon|89\/100|[from] Grassy Terrain\n|upkeep\n|\n|t:|1699405796\n|switch|p2a: Basculegion|Basculegion-F, F|100\/100\n|switch|p2b: Kommo-o|Kommo-o, M|100\/100\n|turn|5\n|inactive|Vman3 has 120 seconds left.\n|\n|t:|1699405813\n|-terastallize|p2a: Basculegion|Rock\n|move|p1b: Brute Bonnet|Bullet Seed|p2a: Basculegion\n|-supereffective|p2a: Basculegion\n|-damage|p2a: Basculegion|52\/100\n|-supereffective|p2a: Basculegion\n|-damage|p2a: Basculegion|0 fnt\n|faint|p2a: Basculegion\n|-hitcount|p2: Basculegion|2\n|move|p1a: Empoleon|Ice Beam|p2b: Kommo-o\n|-supereffective|p2b: Kommo-o\n|-damage|p2b: Kommo-o|11\/100\n|-damage|p1a: Empoleon|79\/100|[from] item: Life Orb\n|move|p2b: Kommo-o|Drain Punch|p1a: Empoleon\n|-supereffective|p1a: Empoleon\n|-damage|p1a: Empoleon|11\/100\n|-heal|p2b: Kommo-o|55\/100|[from] drain|[of] p1a: Empoleon\n|\n|-weather|none\n|-heal|p1b: Brute Bonnet|37\/100|[from] Grassy Terrain\n|-heal|p1a: Empoleon|17\/100|[from] Grassy Terrain\n|-heal|p2b: Kommo-o|61\/100|[from] Grassy Terrain\n|-fieldend|move: Trick Room\n|upkeep\n|\n|t:|1699405832\n|switch|p2a: Pelipper|Pelipper, F|25\/100\n|-weather|RainDance|[from] ability: Drizzle|[of] p2a: Pelipper\n|turn|6\n|inactive|Vman3 has 120 seconds left.\n|\n|t:|1699405857\n|move|p1b: Brute Bonnet|Rage Powder|p1b: Brute Bonnet\n|-singleturn|p1b: Brute Bonnet|move: Rage Powder\n|move|p2b: Kommo-o|Drain Punch|p1b: Brute Bonnet\n|-supereffective|p1b: Brute Bonnet\n|-damage|p1b: Brute Bonnet|0 fnt\n|-heal|p2b: Kommo-o|87\/100|[from] drain|[of] p1b: Brute Bonnet\n|faint|p1b: Brute Bonnet\n|-end|p1b: Brute Bonnet|Protosynthesis|[silent]\n|move|p2a: Pelipper|Icy Wind|p1a: Empoleon\n|-resisted|p1a: Empoleon\n|-damage|p1a: Empoleon|13\/100\n|-unboost|p1a: Empoleon|spe|1\n|-ability|p1a: Empoleon|Competitive|boost\n|-boost|p1a: Empoleon|spa|2\n|move|p1a: Empoleon|Ice Beam|p2b: Kommo-o\n|-supereffective|p2b: Kommo-o\n|-damage|p2b: Kommo-o|0 fnt\n|faint|p2b: Kommo-o\n|-damage|p1a: Empoleon|3\/100|[from] item: Life Orb\n|\n|-weather|RainDance|[upkeep]\n|-heal|p1a: Empoleon|9\/100|[from] Grassy Terrain\n|-fieldend|move: Grassy Terrain\n|upkeep\n|inactive|Rexluser has 120 seconds left.\n|-message|Vman3 forfeited.\n|\n|win|Rexluser\n|raw|Rexluser's rating: 1316 &rarr; <strong>1334<\/strong><br \/>(+18 for winning)\n|raw|Vman3's rating: 1285 &rarr; <strong>1262<\/strong><br \/>(-23 for losing)\n|l|\u2606Vman3\n","uploadtime":1699405878,"views":8,"p1id":"rexluser","p2id":"vman3","formatid":"gen9doublesou","rating":1262,"private":0,"password":""}