{"id":"gen9doublesou-1992676854","p1":"SD8008","p2":"outlanderss","format":"[Gen 9] Doubles OU","log":"|j|\u2606SD8008\n|j|\u2606outlanderss\n|t:|1700224011\n|gametype|doubles\n|player|p1|SD8008|acetrainerf|\n|player|p2|outlanderss|169|\n|teamsize|p1|6\n|teamsize|p2|6\n|gen|9\n|tier|[Gen 9] Doubles OU\n|rule|Species Clause: Limit one of each Pok\u00e9mon\n|rule|OHKO Clause: OHKO moves are banned\n|rule|Evasion Moves Clause: Evasion moves are banned\n|rule|Gravity Sleep Clause: The combination of sleep-inducing moves with imperfect accuracy and Gravity or Gigantamax Orbeetle are banned\n|rule|Endless Battle Clause: Forcing endless battles is banned\n|rule|HP Percentage Mod: HP is shown in percentages\n|clearpoke\n|poke|p1|Iron Moth|\n|poke|p1|Amoonguss, M|\n|poke|p1|Salazzle, F|\n|poke|p1|Sneasler, M|\n|poke|p1|Weezing, F|\n|poke|p1|Qwilfish-Hisui, M|\n|poke|p2|Gholdengo|\n|poke|p2|Klefki, F|\n|poke|p2|Corviknight, F|\n|poke|p2|Tinkaton, F|\n|poke|p2|Iron Treads|\n|poke|p2|Kingambit, M|\n|teampreview\n|inactive|Battle timer is ON: inactive players will automatically lose when time's up. (requested by SD8008)\n|\n|t:|1700224023\n|start\n|switch|p1a: Iron Moth|Iron Moth|100\/100\n|switch|p1b: Salazzle|Salazzle, F|100\/100\n|switch|p2a: Gholdengo|Gholdengo|100\/100\n|switch|p2b: Tinkaton|Tinkaton, F|100\/100\n|-ability|p2b: Tinkaton|Mold Breaker\n|-enditem|p1a: Iron Moth|Booster Energy\n|-activate|p1a: Iron Moth|ability: Quark Drive|[fromitem]\n|-start|p1a: Iron Moth|quarkdrivespe\n|turn|1\n|\n|t:|1700224049\n|-terastallize|p2a: Gholdengo|Fairy\n|move|p2b: Tinkaton|Helping Hand|p2a: Gholdengo\n|-singleturn|p2a: Gholdengo|Helping Hand|[of] p2b: Tinkaton\n|move|p1a: Iron Moth|Fiery Dance|p2b: Tinkaton\n|-supereffective|p2b: Tinkaton\n|-damage|p2b: Tinkaton|23\/100\n|move|p1b: Salazzle|Nasty Plot|p1b: Salazzle\n|-boost|p1b: Salazzle|spa|2\n|move|p2a: Gholdengo|Make It Rain|p1b: Salazzle|[spread] p1a,p1b\n|-resisted|p1a: Iron Moth\n|-resisted|p1b: Salazzle\n|-damage|p1a: Iron Moth|58\/100\n|-damage|p1b: Salazzle|33\/100\n|-unboost|p2a: Gholdengo|spa|1\n|-damage|p2a: Gholdengo|91\/100|[from] item: Life Orb\n|\n|-heal|p2b: Tinkaton|29\/100|[from] item: Leftovers\n|upkeep\n|turn|2\n|\n|t:|1700224075\n|move|p2b: Tinkaton|Helping Hand|p2a: Gholdengo\n|-singleturn|p2a: Gholdengo|Helping Hand|[of] p2b: Tinkaton\n|move|p1a: Iron Moth|Fiery Dance|p2a: Gholdengo\n|-damage|p2a: Gholdengo|45\/100\n|-boost|p1a: Iron Moth|spa|1\n|move|p1b: Salazzle|Flamethrower|p2a: Gholdengo\n|-damage|p2a: Gholdengo|0 fnt\n|faint|p2a: Gholdengo\n|\n|-heal|p2b: Tinkaton|36\/100|[from] item: Leftovers\n|upkeep\n|\n|t:|1700224083\n|switch|p2a: Klefki|Klefki, F|100\/100\n|turn|3\n|\n|t:|1700224118\n|-terastallize|p1b: Salazzle|Fire\n|move|p2b: Tinkaton|Protect|p2b: Tinkaton\n|-singleturn|p2b: Tinkaton|Protect\n|move|p2a: Klefki|Light Screen|p2a: Klefki\n|-sidestart|p2: outlanderss|move: Light Screen\n|move|p1a: Iron Moth|Fiery Dance|p2b: Tinkaton\n|-activate|p2b: Tinkaton|move: Protect\n|move|p1b: Salazzle|Flamethrower|p2a: Klefki\n|-supereffective|p2a: Klefki\n|-damage|p2a: Klefki|0 fnt\n|faint|p2a: Klefki\n|\n|-heal|p2b: Tinkaton|42\/100|[from] item: Leftovers\n|upkeep\n|inactive|outlanderss has 270 seconds left.\n|\n|t:|1700224133\n|switch|p2a: Iron Treads|Iron Treads|100\/100\n|turn|4\n|\n|t:|1700224147\n|move|p2b: Tinkaton|Protect||[still]\n|-fail|p2b: Tinkaton\n|move|p1a: Iron Moth|Fiery Dance|p2a: Iron Treads\n|-supereffective|p2a: Iron Treads\n|-damage|p2a: Iron Treads|32\/100\n|move|p1b: Salazzle|Flamethrower|p2a: Iron Treads\n|-supereffective|p2a: Iron Treads\n|-damage|p2a: Iron Treads|0 fnt\n|faint|p2a: Iron Treads\n|-end|p2a: Iron Treads|Quark Drive|[silent]\n|\n|-heal|p2b: Tinkaton|48\/100|[from] item: Leftovers\n|upkeep\n|\n|t:|1700224166\n|switch|p2a: Corviknight|Corviknight, F|100\/100\n|-ability|p2a: Corviknight|Pressure\n|turn|5\n|\n|t:|1700224182\n|move|p1a: Iron Moth|Fiery Dance|p2b: Tinkaton\n|-supereffective|p2b: Tinkaton\n|-damage|p2b: Tinkaton|0 fnt\n|faint|p2b: Tinkaton\n|move|p1b: Salazzle|Fire Blast|p2a: Corviknight\n|-supereffective|p2a: Corviknight\n|-damage|p2a: Corviknight|0 fnt\n|faint|p2a: Corviknight\n|\n|upkeep\n|-message|outlanderss forfeited.\n|\n|win|SD8008\n|l|\u2606outlanderss\n","uploadtime":1700225545,"views":7,"p1id":"sd8008","p2id":"outlanderss","formatid":"gen9doublesou","rating":0,"private":0,"password":""}