{"id":"gen9doublesou-1998667707","p1":"melvinmoler","p2":"hdhsjdjhxjdhd","format":"[Gen 9] Doubles OU","log":"|j|\u2606melvinmoler\n|j|\u2606hdhsjdjhxjdhd\n|t:|1700969908\n|gametype|doubles\n|player|p1|melvinmoler|170|1097\n|player|p2|hdhsjdjhxjdhd|266|1073\n|teamsize|p1|6\n|teamsize|p2|6\n|gen|9\n|tier|[Gen 9] Doubles OU\n|rated|\n|rule|Species Clause: Limit one of each Pok\u00e9mon\n|rule|OHKO Clause: OHKO moves are banned\n|rule|Evasion Moves Clause: Evasion moves are banned\n|rule|Gravity Sleep Clause: The combination of sleep-inducing moves with imperfect accuracy and Gravity or Gigantamax Orbeetle are banned\n|rule|Endless Battle Clause: Forcing endless battles is banned\n|rule|HP Percentage Mod: HP is shown in percentages\n|clearpoke\n|poke|p1|Diancie|\n|poke|p1|Ursaluna-Bloodmoon, M|\n|poke|p1|Sableye, M|\n|poke|p1|Stonjourner, M|\n|poke|p1|Cresselia, F|\n|poke|p1|Espathra, F|\n|poke|p2|Raichu, F|\n|poke|p2|Toxtricity, F|\n|poke|p2|Golem-Alola, F|\n|poke|p2|Thundurus-Therian, M|\n|poke|p2|Chi-Yu|\n|poke|p2|Garchomp, F|\n|teampreview\n|inactive|Battle timer is ON: inactive players will automatically lose when time's up. (requested by melvinmoler)\n|\n|t:|1700969916\n|start\n|switch|p1a: Penny|Espathra, F|100\/100\n|switch|p1b: The Anti-rock|Sableye, M|100\/100\n|switch|p2a: Raichu|Raichu, F|100\/100\n|switch|p2b: Golem|Golem-Alola, F|100\/100\n|-item|p2b: Golem|Air Balloon\n|turn|1\n|inactive|melvinmoler has 120 seconds left.\n|\n|t:|1700969952\n|move|p2a: Raichu|Fake Out|p1a: Penny\n|-damage|p1a: Penny|92\/100\n|move|p1b: The Anti-rock|Will-O-Wisp|p2b: Golem\n|-status|p2b: Golem|brn\n|cant|p1a: Penny|flinch\n|move|p2b: Golem|Explosion|p1b: The Anti-rock|[spread] p1a,p1b\n|-ability|p2a: Raichu|Lightning Rod|boost\n|-boost|p2a: Raichu|spa|1\n|-damage|p1a: Penny|27\/100\n|-damage|p1b: The Anti-rock|25\/100\n|faint|p2b: Golem\n|\n|-heal|p1a: Penny|33\/100|[from] item: Leftovers\n|-heal|p1b: The Anti-rock|31\/100|[from] item: Leftovers\n|-ability|p1a: Penny|Speed Boost|boost\n|-boost|p1a: Penny|spe|1\n|upkeep\n|\n|t:|1700969966\n|switch|p2b: Thundurus|Thundurus-Therian, M|100\/100\n|turn|2\n|\n|t:|1700969990\n|move|p1a: Penny|Protect|p1a: Penny\n|-singleturn|p1a: Penny|Protect\n|move|p1b: The Anti-rock|Will-O-Wisp|p2b: Thundurus\n|-status|p2b: Thundurus|brn\n|move|p2b: Thundurus|Discharge|p1a: Penny|[spread] p1b\n|-activate|p1a: Penny|move: Protect\n|-ability|p2a: Raichu|Lightning Rod|boost\n|-boost|p2a: Raichu|spa|1\n|-damage|p1b: The Anti-rock|0 fnt\n|faint|p1b: The Anti-rock\n|move|p2a: Raichu|Discharge|p1a: Penny|[spread] \n|-activate|p1a: Penny|move: Protect\n|-immune|p2b: Thundurus|[from] ability: Volt Absorb\n|\n|-heal|p1a: Penny|39\/100|[from] item: Leftovers\n|-damage|p2b: Thundurus|94\/100 brn|[from] brn\n|-ability|p1a: Penny|Speed Boost|boost\n|-boost|p1a: Penny|spe|1\n|upkeep\n|inactive|melvinmoler has 120 seconds left.\n|\n|t:|1700970012\n|switch|p1b: Cresselia|Cresselia, F|100\/100\n|turn|3\n|inactive|melvinmoler has 120 seconds left.\n|\n|t:|1700970045\n|move|p1a: Penny|Baton Pass|p1a: Penny\n|\n|t:|1700970046\n|switch|p1a: Freddy Fazbear|Ursaluna-Bloodmoon, M|100\/100|[from] Baton Pass\n|move|p2b: Thundurus|Discharge|p1b: Cresselia|[spread] p1b\n|-ability|p2a: Raichu|Lightning Rod|boost\n|-boost|p2a: Raichu|spa|1\n|-immune|p1a: Freddy Fazbear\n|-damage|p1b: Cresselia|74\/100\n|move|p2a: Raichu|Discharge|p1a: Freddy Fazbear|[spread] p1b\n|-heal|p2b: Thundurus|100\/100 brn|[from] ability: Volt Absorb|[of] p2a: Raichu\n|-immune|p1a: Freddy Fazbear\n|-damage|p1b: Cresselia|18\/100\n|-status|p1b: Cresselia|par\n|move|p1b: Cresselia|Calm Mind|p1b: Cresselia\n|-boost|p1b: Cresselia|spa|1\n|-boost|p1b: Cresselia|spd|1\n|\n|-heal|p1b: Cresselia|24\/100 par|[from] item: Leftovers\n|-damage|p2b: Thundurus|94\/100 brn|[from] brn\n|upkeep\n|turn|4\n|inactive|melvinmoler has 120 seconds left.\n|inactive|hdhsjdjhxjdhd has 120 seconds left.\n|\n|t:|1700970094\n|-terastallize|p2a: Raichu|Ice\n|move|p1a: Freddy Fazbear|Earth Power|p2a: Raichu\n|-damage|p2a: Raichu|21\/100\n|-unboost|p2a: Raichu|spd|1\n|move|p2b: Thundurus|Discharge|p1a: Freddy Fazbear|[spread] p1b\n|-ability|p2a: Raichu|Lightning Rod|boost\n|-boost|p2a: Raichu|spa|1\n|-immune|p1a: Freddy Fazbear\n|-damage|p1b: Cresselia|6\/100 par\n|move|p2a: Raichu|Tera Blast|p1a: Freddy Fazbear|[anim] Tera Blast Ice\n|-supereffective|p1a: Freddy Fazbear\n|-damage|p1a: Freddy Fazbear|0 fnt\n|faint|p1a: Freddy Fazbear\n|-heal|p2a: Raichu|39\/100|[from] item: Shell Bell|[of] p1: Freddy Fazbear\n|move|p1b: Cresselia|Lunar Blessing|p1b: Cresselia\n|-heal|p1b: Cresselia|31\/100 par\n|-curestatus|p1b: Cresselia|par|[msg]\n|\n|-heal|p1b: Cresselia|37\/100|[from] item: Leftovers\n|-damage|p2b: Thundurus|88\/100 brn|[from] brn\n|upkeep\n|\n|t:|1700970117\n|switch|p1a: Penny|Espathra, F|39\/100\n|turn|5\n|inactive|melvinmoler has 120 seconds left.\n|\n|t:|1700970135\n|move|p1a: Penny|Ally Switch|p1a: Penny\n|swap|p1a: Penny|1|[from] move: Ally Switch\n|move|p2b: Thundurus|Discharge|p1b: Penny|[spread] p1a,p1b\n|-ability|p2a: Raichu|Lightning Rod|boost\n|-boost|p2a: Raichu|spa|1\n|-damage|p1a: Cresselia|18\/100\n|-damage|p1b: Penny|3\/100\n|move|p2a: Raichu|Discharge|p1b: Penny|[spread] p1a,p1b\n|-heal|p2b: Thundurus|100\/100 brn|[from] ability: Volt Absorb|[of] p2a: Raichu\n|-damage|p1a: Cresselia|0 fnt\n|-damage|p1b: Penny|0 fnt\n|faint|p1a: Cresselia\n|faint|p1b: Penny\n|-heal|p2a: Raichu|42\/100|[from] item: Shell Bell|[of] p1: Penny\n|\n|-damage|p2b: Thundurus|94\/100 brn|[from] brn\n|upkeep\n|c|\u2606melvinmoler|gg\n|-message|melvinmoler forfeited.\n|\n|win|hdhsjdjhxjdhd\n|raw|melvinmoler's rating: 1097 &rarr; <strong>1071<\/strong><br \/>(-26 for losing)\n|raw|hdhsjdjhxjdhd's rating: 1073 &rarr; <strong>1104<\/strong><br \/>(+31 for winning)\n|l|\u2606melvinmoler\n","uploadtime":1700970155,"views":5,"p1id":"melvinmoler","p2id":"hdhsjdjhxjdhd","formatid":"gen9doublesou","rating":1071,"private":0,"password":""}