{"id":"gen9doublesou-1994454008","p1":"Pipiundkaka","p2":"exprezzo","format":"[Gen 9] Doubles OU","log":"|j|\u2606Pipiundkaka\n|j|\u2606exprezzo\n|t:|1700445727\n|gametype|doubles\n|player|p1|Pipiundkaka|buck|1024\n|player|p2|exprezzo|266|1000\n|teamsize|p1|6\n|teamsize|p2|6\n|gen|9\n|tier|[Gen 9] Doubles OU\n|rated|\n|rule|Species Clause: Limit one of each Pok\u00e9mon\n|rule|OHKO Clause: OHKO moves are banned\n|rule|Evasion Moves Clause: Evasion moves are banned\n|rule|Gravity Sleep Clause: The combination of sleep-inducing moves with imperfect accuracy and Gravity or Gigantamax Orbeetle are banned\n|rule|Endless Battle Clause: Forcing endless battles is banned\n|rule|HP Percentage Mod: HP is shown in percentages\n|clearpoke\n|poke|p1|Oricorio-Pom-Pom, F|\n|poke|p1|Volcarona, M|\n|poke|p1|Gholdengo|\n|poke|p1|Altaria, M|\n|poke|p1|Flamigo, F|\n|poke|p1|Amoonguss, F|\n|poke|p2|Grimmsnarl, M|\n|poke|p2|Arcanine, M|\n|poke|p2|Tornadus-Therian, M|\n|poke|p2|Iron Hands|\n|poke|p2|Ting-Lu|\n|poke|p2|Dragonite, M|\n|teampreview\n|inactive|Battle timer is ON: inactive players will automatically lose when time's up. (requested by Pipiundkaka)\n|\n|t:|1700445732\n|start\n|switch|p1a: Oricorio|Oricorio-Pom-Pom, F|100\/100\n|switch|p1b: Volcarona|Volcarona, M|100\/100\n|switch|p2a: Ting-Lu|Ting-Lu|100\/100\n|switch|p2b: Grimmsnarl|Grimmsnarl, M|100\/100\n|-ability|p2a: Ting-Lu|Vessel of Ruin\n|turn|1\n|\n|t:|1700445759\n|move|p2b: Grimmsnarl|Parting Shot|p1b: Volcarona\n|-unboost|p1b: Volcarona|atk|1\n|-unboost|p1b: Volcarona|spa|1\n|inactive|exprezzo has 120 seconds left.\n|\n|t:|1700445779\n|switch|p2b: Dragonite|Dragonite, M|100\/100|[from] Parting Shot\n|move|p1b: Volcarona|Quiver Dance|p1b: Volcarona\n|-boost|p1b: Volcarona|spa|1\n|-boost|p1b: Volcarona|spd|1\n|-boost|p1b: Volcarona|spe|1\n|-activate|p1a: Oricorio|ability: Dancer\n|move|p1a: Oricorio|Quiver Dance|p1a: Oricorio|[from]ability: Dancer\n|-boost|p1a: Oricorio|spa|1\n|-boost|p1a: Oricorio|spd|1\n|-boost|p1a: Oricorio|spe|1\n|move|p1a: Oricorio|Quiver Dance|p1a: Oricorio\n|-boost|p1a: Oricorio|spa|1\n|-boost|p1a: Oricorio|spd|1\n|-boost|p1a: Oricorio|spe|1\n|move|p2a: Ting-Lu|Mean Look|p1b: Volcarona\n|-activate|p1b: Volcarona|trapped\n|\n|upkeep\n|turn|2\n|\n|t:|1700445802\n|move|p1a: Oricorio|Protect|p1a: Oricorio\n|-singleturn|p1a: Oricorio|Protect\n|move|p1b: Volcarona|Quiver Dance|p1b: Volcarona\n|-boost|p1b: Volcarona|spa|1\n|-boost|p1b: Volcarona|spd|1\n|-boost|p1b: Volcarona|spe|1\n|-activate|p1a: Oricorio|ability: Dancer\n|move|p1a: Oricorio|Quiver Dance|p1a: Oricorio|[from]ability: Dancer\n|-boost|p1a: Oricorio|spa|1\n|-boost|p1a: Oricorio|spd|1\n|-boost|p1a: Oricorio|spe|1\n|move|p2b: Dragonite|Earthquake|p1b: Volcarona|[spread] p2a,p1b\n|-activate|p1a: Oricorio|move: Protect\n|-damage|p2a: Ting-Lu|88\/100\n|-damage|p1b: Volcarona|56\/100\n|move|p2a: Ting-Lu|Bulldoze|p1b: Volcarona|[spread] p1b\n|-activate|p1a: Oricorio|move: Protect\n|-immune|p2b: Dragonite\n|-damage|p1b: Volcarona|32\/100\n|-unboost|p1b: Volcarona|spe|1\n|\n|-heal|p2a: Ting-Lu|94\/100|[from] item: Leftovers\n|upkeep\n|turn|3\n|inactive|Pipiundkaka has 120 seconds left.\n|inactive|exprezzo has 120 seconds left.\n|\n|t:|1700445843\n|move|p1a: Oricorio|Revelation Dance|p2b: Dragonite\n|-damage|p2b: Dragonite|69\/100\n|move|p1b: Volcarona|Giga Drain|p2a: Ting-Lu\n|-supereffective|p2a: Ting-Lu\n|-damage|p2a: Ting-Lu|46\/100\n|-heal|p1b: Volcarona|72\/100|[from] drain|[of] p2a: Ting-Lu\n|move|p2b: Dragonite|Earthquake|p1b: Volcarona|[spread] p2a,p1b\n|-immune|p1a: Oricorio\n|-damage|p2a: Ting-Lu|34\/100\n|-damage|p1b: Volcarona|28\/100\n|move|p2a: Ting-Lu|Bulldoze|p1b: Volcarona|[spread] p1b\n|-immune|p2b: Dragonite\n|-immune|p1a: Oricorio\n|-damage|p1b: Volcarona|5\/100\n|-unboost|p1b: Volcarona|spe|1\n|\n|-heal|p2b: Dragonite|75\/100|[from] item: Leftovers\n|-heal|p2a: Ting-Lu|40\/100|[from] item: Leftovers\n|upkeep\n|turn|4\n|inactive|Pipiundkaka has 120 seconds left.\n|inactive|exprezzo has 120 seconds left.\n|\n|t:|1700445888\n|move|p2a: Ting-Lu|Protect|p2a: Ting-Lu\n|-singleturn|p2a: Ting-Lu|Protect\n|move|p2b: Dragonite|Extreme Speed|p1b: Volcarona\n|-damage|p1b: Volcarona|0 fnt\n|faint|p1b: Volcarona\n|move|p1a: Oricorio|Quiver Dance|p1a: Oricorio\n|-boost|p1a: Oricorio|spa|1\n|-boost|p1a: Oricorio|spd|1\n|-boost|p1a: Oricorio|spe|1\n|\n|-heal|p2b: Dragonite|81\/100|[from] item: Leftovers\n|-heal|p2a: Ting-Lu|47\/100|[from] item: Leftovers\n|upkeep\n|inactive|Pipiundkaka has 90 seconds left.\n|\n|t:|1700445899\n|switch|p1b: Amoonguss|Amoonguss, F|100\/100\n|turn|5\n|inactive|exprezzo has 120 seconds left.\n|\n|t:|1700445923\n|switch|p2a: Arcanine|Arcanine, M|100\/100\n|-ability|p2a: Arcanine|Intimidate|boost\n|-unboost|p1a: Oricorio|atk|1\n|-unboost|p1b: Amoonguss|atk|1\n|move|p1a: Oricorio|Protect|p1a: Oricorio\n|-singleturn|p1a: Oricorio|Protect\n|move|p2b: Dragonite|Dragon Claw|p1a: Oricorio\n|-activate|p1a: Oricorio|move: Protect\n|move|p1b: Amoonguss|Spore|p2b: Dragonite\n|-status|p2b: Dragonite|slp|[from] move: Spore\n|\n|-heal|p2b: Dragonite|87\/100 slp|[from] item: Leftovers\n|upkeep\n|turn|6\n|inactive|Pipiundkaka has 120 seconds left.\n|\n|t:|1700445956\n|move|p1b: Amoonguss|Rage Powder|p1b: Amoonguss\n|-singleturn|p1b: Amoonguss|move: Rage Powder\n|move|p1a: Oricorio|Revelation Dance|p2a: Arcanine\n|-damage|p2a: Arcanine|31\/100\n|cant|p2b: Dragonite|slp\n|move|p2a: Arcanine|Flare Blitz|p1b: Amoonguss\n|-supereffective|p1b: Amoonguss\n|-damage|p1b: Amoonguss|5\/100\n|-status|p1b: Amoonguss|brn\n|-damage|p2a: Arcanine|0 fnt|[from] Recoil\n|faint|p2a: Arcanine\n|\n|-heal|p2b: Dragonite|93\/100 slp|[from] item: Leftovers\n|-heal|p1b: Amoonguss|11\/100 brn|[from] item: Black Sludge\n|-damage|p1b: Amoonguss|5\/100 brn|[from] brn\n|upkeep\n|\n|t:|1700445968\n|switch|p2a: Grimmsnarl|Grimmsnarl, M|100\/100\n|turn|7\n|inactive|Pipiundkaka has 120 seconds left.\n|\n|t:|1700445988\n|cant|p2b: Dragonite|slp\n|move|p2a: Grimmsnarl|Parting Shot|p1a: Oricorio\n|-unboost|p1a: Oricorio|atk|1\n|-unboost|p1a: Oricorio|spa|1\n|\n|t:|1700446000\n|switch|p2a: Ting-Lu|Ting-Lu|47\/100|[from] Parting Shot\n|-ability|p2a: Ting-Lu|Vessel of Ruin\n|move|p1a: Oricorio|Revelation Dance|p2b: Dragonite\n|-damage|p2b: Dragonite|30\/100 slp\n|move|p1b: Amoonguss|Spore|p2a: Ting-Lu\n|-status|p2a: Ting-Lu|slp|[from] move: Spore\n|\n|-heal|p2b: Dragonite|36\/100 slp|[from] item: Leftovers\n|-heal|p2a: Ting-Lu|53\/100 slp|[from] item: Leftovers\n|-heal|p1b: Amoonguss|11\/100 brn|[from] item: Black Sludge\n|-damage|p1b: Amoonguss|5\/100 brn|[from] brn\n|upkeep\n|turn|8\n|\n|t:|1700446018\n|-curestatus|p2b: Dragonite|slp|[msg]\n|move|p2b: Dragonite|Extreme Speed|p1b: Amoonguss\n|-damage|p1b: Amoonguss|0 fnt\n|faint|p1b: Amoonguss\n|move|p1a: Oricorio|Revelation Dance|p2b: Dragonite\n|-damage|p2b: Dragonite|0 fnt\n|faint|p2b: Dragonite\n|cant|p2a: Ting-Lu|slp\n|\n|-heal|p2a: Ting-Lu|59\/100 slp|[from] item: Leftovers\n|upkeep\n|\n|t:|1700446039\n|switch|p2b: Grimmsnarl|Grimmsnarl, M|100\/100\n|switch|p1b: Altaria|Altaria, M|100\/100\n|-ability|p1b: Altaria|Cloud Nine\n|turn|9\n|\n|t:|1700446063\n|cant|p2a: Ting-Lu|slp\n|move|p2b: Grimmsnarl|Parting Shot|p1a: Oricorio\n|-unboost|p1a: Oricorio|atk|1\n|-unboost|p1a: Oricorio|spa|1\n|\n|t:|1700446078\n|switch|p2b: Iron Hands|Iron Hands|100\/100|[from] Parting Shot\n|-enditem|p2b: Iron Hands|Booster Energy\n|-activate|p2b: Iron Hands|ability: Quark Drive|[fromitem]\n|-start|p2b: Iron Hands|quarkdriveatk\n|move|p1a: Oricorio|Baton Pass|p1a: Oricorio\n|c|\u2606Pipiundkaka|This is getting intense\n|\n|t:|1700446091\n|switch|p1a: Gholdengo|Gholdengo|100\/100|[from] Baton Pass\n|move|p1b: Altaria|Dazzling Gleam|p2a: Ting-Lu|[spread] p2a,p2b\n|-supereffective|p2a: Ting-Lu\n|-supereffective|p2b: Iron Hands\n|-damage|p2a: Ting-Lu|49\/100 slp\n|-damage|p2b: Iron Hands|88\/100\n|\n|-heal|p2a: Ting-Lu|55\/100 slp|[from] item: Leftovers\n|upkeep\n|turn|10\n|inactive|Pipiundkaka has 120 seconds left.\n|inactive|exprezzo has 120 seconds left.\n|\n|t:|1700446130\n|move|p1a: Gholdengo|Dazzling Gleam|p2a: Ting-Lu|[spread] p2a,p2b\n|-supereffective|p2a: Ting-Lu\n|-supereffective|p2b: Iron Hands\n|-damage|p2a: Ting-Lu|0 fnt\n|-damage|p2b: Iron Hands|15\/100\n|faint|p2a: Ting-Lu\n|-damage|p1a: Gholdengo|91\/100|[from] item: Life Orb\n|move|p1b: Altaria|Dragon Dance|p1b: Altaria\n|-boost|p1b: Altaria|atk|1\n|-boost|p1b: Altaria|spe|1\n|move|p2b: Iron Hands|Close Combat|p1a: Gholdengo\n|-immune|p1a: Gholdengo\n|\n|upkeep\n|\n|t:|1700446134\n|switch|p2a: Grimmsnarl|Grimmsnarl, M|100\/100\n|turn|11\n|-message|exprezzo forfeited.\n|\n|win|Pipiundkaka\n|raw|Pipiundkaka's rating: 1024 &rarr; <strong>1058<\/strong><br \/>(+34 for winning)\n|raw|exprezzo's rating: 1000 &rarr; <strong>1000<\/strong><br \/>(+0 for losing)\n|l|\u2606exprezzo\n","uploadtime":1700446156,"views":5,"p1id":"pipiundkaka","p2id":"exprezzo","formatid":"gen9doublesou","rating":1000,"private":0,"password":""}