{"id":"gen9doublesou-1970875361","p1":"squallo","p2":"SXD2002","format":"[Gen 9] Doubles OU","log":"|j|\u2606squallo\n|j|\u2606SXD2002\n|t:|1697676191\n|gametype|doubles\n|player|p1|squallo|bugcatcher-gen4dp|1129\n|player|p2|SXD2002|silver-masters|1079\n|teamsize|p1|6\n|teamsize|p2|4\n|gen|9\n|tier|[Gen 9] Doubles OU\n|rated|\n|rule|Species Clause: Limit one of each Pok\u00e9mon\n|rule|OHKO Clause: OHKO moves are banned\n|rule|Evasion Moves Clause: Evasion moves are banned\n|rule|Gravity Sleep Clause: The combination of sleep-inducing moves with imperfect accuracy and Gravity or Gigantamax Orbeetle are banned\n|rule|Endless Battle Clause: Forcing endless battles is banned\n|rule|HP Percentage Mod: HP is shown in percentages\n|clearpoke\n|poke|p1|Ninetales-Alola, F|\n|poke|p1|Gallade, M|\n|poke|p1|Chansey, F|\n|poke|p1|Talonflame, F|\n|poke|p1|Raichu, M|\n|poke|p1|Milotic, F|\n|poke|p2|Lurantis, M|\n|poke|p2|Murkrow, M|\n|poke|p2|Grimmsnarl, M|\n|poke|p2|Clefairy, F|\n|teampreview\n|\n|t:|1697676210\n|start\n|switch|p1a: Gallade|Gallade, M, shiny|100\/100\n|switch|p1b: Raichu|Raichu, M, shiny|100\/100\n|switch|p2a: Grimmsnarl|Grimmsnarl, M|100\/100\n|switch|p2b: Lurantis|Lurantis, M|100\/100\n|turn|1\n|inactive|Battle timer is ON: inactive players will automatically lose when time's up. (requested by SXD2002)\n|\n|t:|1697676235\n|move|p1b: Raichu|Fake Out|p2a: Grimmsnarl\n|-damage|p2a: Grimmsnarl|90\/100\n|cant|p2a: Grimmsnarl|flinch\n|move|p1a: Gallade|Psycho Cut|p2b: Lurantis\n|-damage|p2b: Lurantis|39\/100\n|move|p2b: Lurantis|Leaf Storm|p1b: Raichu\n|-damage|p1b: Raichu|41\/100\n|-boost|p2b: Lurantis|spa|2\n|\n|-heal|p2a: Grimmsnarl|96\/100|[from] item: Leftovers\n|-heal|p2b: Lurantis|45\/100|[from] item: Leftovers\n|upkeep\n|turn|2\n|\n|t:|1697676251\n|move|p2b: Lurantis|Protect|p2b: Lurantis\n|-singleturn|p2b: Lurantis|Protect\n|move|p2a: Grimmsnarl|Parting Shot|p1a: Gallade\n|-unboost|p1a: Gallade|atk|1\n|-unboost|p1a: Gallade|spa|1\n|\n|t:|1697676256\n|switch|p2a: Murkrow|Murkrow, M|100\/100|[from] Parting Shot\n|move|p1a: Gallade|Psycho Cut|p2b: Lurantis\n|-activate|p2b: Lurantis|move: Protect\n|move|p1b: Raichu|Surf|p2a: Murkrow|[spread] p1a,p2a\n|-activate|p2b: Lurantis|move: Protect\n|-damage|p1a: Gallade|80\/100\n|-damage|p2a: Murkrow|84\/100\n|\n|-heal|p2b: Lurantis|51\/100|[from] item: Leftovers\n|upkeep\n|turn|3\n|\n|t:|1697676272\n|-terastallize|p2b: Lurantis|Steel\n|move|p2a: Murkrow|Screech|p2b: Lurantis\n|-boost|p2b: Lurantis|def|2\n|move|p1a: Gallade|Psycho Cut|p2b: Lurantis\n|-resisted|p2b: Lurantis\n|-damage|p2b: Lurantis|39\/100\n|move|p1b: Raichu|Thunderbolt|p2a: Murkrow\n|-supereffective|p2a: Murkrow\n|-crit|p2a: Murkrow\n|-damage|p2a: Murkrow|0 fnt\n|faint|p2a: Murkrow\n|move|p2b: Lurantis|Leaf Storm|p1a: Gallade\n|-damage|p1a: Gallade|0 fnt\n|-boost|p2b: Lurantis|spa|2\n|faint|p1a: Gallade\n|\n|-heal|p2b: Lurantis|46\/100|[from] item: Leftovers\n|upkeep\n|\n|t:|1697676287\n|switch|p1a: Milotic|Milotic, F, shiny|100\/100\n|switch|p2a: Grimmsnarl|Grimmsnarl, M|96\/100\n|turn|4\n|\n|t:|1697676297\n|switch|p1b: Ninetales|Ninetales-Alola, F, shiny|100\/100\n|-weather|Snow|[from] ability: Snow Warning|[of] p1b: Ninetales\n|-terastallize|p1a: Milotic|Dragon\n|move|p2a: Grimmsnarl|Fake Tears|p2b: Lurantis\n|-boost|p2b: Lurantis|spd|2\n|move|p1a: Milotic|Haze|p1a: Milotic\n|-clearallboost\n|move|p2b: Lurantis|Leaf Storm|p1b: Ninetales\n|-damage|p1b: Ninetales|58\/100\n|-boost|p2b: Lurantis|spa|2\n|\n|-weather|Snow|[upkeep]\n|-heal|p2a: Grimmsnarl|100\/100|[from] item: Leftovers\n|-heal|p2b: Lurantis|52\/100|[from] item: Leftovers\n|upkeep\n|turn|5\n|\n|t:|1697676326\n|move|p2a: Grimmsnarl|Scary Face|p2b: Lurantis\n|-boost|p2b: Lurantis|spe|2\n|move|p1b: Ninetales|Aurora Veil|p1b: Ninetales\n|-sidestart|p1: squallo|move: Aurora Veil\n|move|p2b: Lurantis|Leaf Storm|p1b: Ninetales\n|-damage|p1b: Ninetales|3\/100\n|-boost|p2b: Lurantis|spa|2\n|move|p1a: Milotic|Aqua Ring|p1a: Milotic\n|-start|p1a: Milotic|Aqua Ring\n|\n|-weather|Snow|[upkeep]\n|-heal|p2b: Lurantis|58\/100|[from] item: Leftovers\n|upkeep\n|turn|6\n|\n|t:|1697676342\n|move|p2a: Grimmsnarl|Fake Tears|p2b: Lurantis\n|-boost|p2b: Lurantis|spd|2\n|move|p1b: Ninetales|Blizzard|p2b: Lurantis|[spread] p2a,p2b\n|-resisted|p2b: Lurantis\n|-damage|p2a: Grimmsnarl|75\/100\n|-damage|p2b: Lurantis|52\/100\n|move|p2b: Lurantis|Leaf Storm|p1a: Milotic\n|-resisted|p1a: Milotic\n|-damage|p1a: Milotic|74\/100\n|-boost|p2b: Lurantis|spa|2\n|move|p1a: Milotic|Haze|p1a: Milotic\n|-clearallboost\n|\n|-weather|Snow|[upkeep]\n|-heal|p1a: Milotic|80\/100|[from] item: Leftovers\n|-heal|p2a: Grimmsnarl|81\/100|[from] item: Leftovers\n|-heal|p2b: Lurantis|58\/100|[from] item: Leftovers\n|-heal|p1a: Milotic|87\/100|[from] Aqua Ring\n|upkeep\n|turn|7\n|\n|t:|1697676363\n|move|p2a: Grimmsnarl|Scary Face|p2b: Lurantis\n|-boost|p2b: Lurantis|spe|2\n|move|p1b: Ninetales|Moonblast|p2a: Grimmsnarl\n|-supereffective|p2a: Grimmsnarl\n|-damage|p2a: Grimmsnarl|23\/100\n|move|p2b: Lurantis|Superpower|p1b: Ninetales\n|-damage|p1b: Ninetales|0 fnt\n|-boost|p2b: Lurantis|atk|1\n|-boost|p2b: Lurantis|def|1\n|faint|p1b: Ninetales\n|move|p1a: Milotic|Scald|p2b: Lurantis\n|-damage|p2b: Lurantis|35\/100\n|\n|-weather|Snow|[upkeep]\n|-heal|p2b: Lurantis|41\/100|[from] item: Leftovers\n|-heal|p1a: Milotic|93\/100|[from] item: Leftovers\n|-heal|p2a: Grimmsnarl|29\/100|[from] item: Leftovers\n|-heal|p1a: Milotic|99\/100|[from] Aqua Ring\n|upkeep\n|inactive|squallo has 120 seconds left.\n|\n|t:|1697676387\n|switch|p1b: Talonflame|Talonflame, F|100\/100\n|turn|8\n|inactive|SXD2002 has 120 seconds left.\n|c|\u2606squallo|Your team is gay\n|\n|t:|1697676431\n|move|p2b: Lurantis|Protect|p2b: Lurantis\n|-singleturn|p2b: Lurantis|Protect\n|move|p2a: Grimmsnarl|Parting Shot|p1b: Talonflame\n|-unboost|p1b: Talonflame|atk|1\n|-unboost|p1b: Talonflame|spa|1\n|c|\u2606squallo|Like u\n|\n|t:|1697676445\n|switch|p2a: Clefairy|Clefairy, F|100\/100|[from] Parting Shot\n|move|p1b: Talonflame|Flare Blitz|p2b: Lurantis\n|-activate|p2b: Lurantis|move: Protect\n|move|p1a: Milotic|Scald|p2a: Clefairy\n|-damage|p2a: Clefairy|80\/100\n|-status|p2a: Clefairy|brn\n|\n|-weather|none\n|-heal|p2b: Lurantis|47\/100|[from] item: Leftovers\n|-heal|p1a: Milotic|100\/100|[from] item: Leftovers\n|-damage|p2a: Clefairy|73\/100 brn|[from] brn\n|upkeep\n|turn|9\n|inactive|SXD2002 has 120 seconds left.\n|inactive|squallo has 120 seconds left.\n|inactive|SXD2002 has 90 seconds left.\n|inactive|SXD2002 has 60 seconds left.\n|c|\u2606squallo|Hurry up vulva\n|inactive|SXD2002 has 30 seconds left.\n|\n|t:|1697676545\n|switch|p1b: Raichu|Raichu, M, shiny|41\/100\n|move|p2b: Lurantis|Superpower|p1a: Milotic\n|-damage|p1a: Milotic|75\/100\n|-boost|p2b: Lurantis|atk|1\n|-boost|p2b: Lurantis|def|1\n|move|p1a: Milotic|Haze|p1a: Milotic\n|-clearallboost\n|move|p2a: Clefairy|Life Dew|p2a: Clefairy|[spread] p2a,p2b\n|-heal|p2a: Clefairy|98\/100 brn\n|-heal|p2b: Lurantis|72\/100\n|\n|-heal|p1a: Milotic|81\/100|[from] item: Leftovers\n|-heal|p2b: Lurantis|78\/100|[from] item: Leftovers\n|-heal|p1a: Milotic|88\/100|[from] Aqua Ring\n|-damage|p2a: Clefairy|92\/100 brn|[from] brn\n|upkeep\n|turn|10\n|inactive|SXD2002 has 30 seconds left.\n|\n|t:|1697676572\n|move|p1b: Raichu|Fake Out|p2b: Lurantis\n|-resisted|p2b: Lurantis\n|-damage|p2b: Lurantis|75\/100\n|move|p1a: Milotic|Scald|p2a: Clefairy\n|-damage|p2a: Clefairy|74\/100 brn\n|cant|p2b: Lurantis|flinch\n|move|p2a: Clefairy|Life Dew|p2a: Clefairy|[spread] p2a,p2b\n|-heal|p2a: Clefairy|99\/100 brn\n|-heal|p2b: Lurantis|99\/100\n|\n|-heal|p1a: Milotic|94\/100|[from] item: Leftovers\n|-heal|p2b: Lurantis|100\/100|[from] item: Leftovers\n|-heal|p1a: Milotic|99\/100|[from] Aqua Ring\n|-damage|p2a: Clefairy|93\/100 brn|[from] brn\n|upkeep\n|turn|11\n|\n|t:|1697676596\n|switch|p1b: Chansey|Chansey, F|100\/100\n|move|p2a: Clefairy|Helping Hand|p2b: Lurantis\n|-singleturn|p2b: Lurantis|Helping Hand|[of] p2a: Clefairy\n|move|p1a: Milotic|Scald|p2b: Lurantis\n|-damage|p2b: Lurantis|82\/100\n|-status|p2b: Lurantis|brn\n|move|p2b: Lurantis|Leaf Storm|p1b: Chansey\n|-damage|p1b: Chansey|89\/100\n|-boost|p2b: Lurantis|spa|2\n|\n|-heal|p1a: Milotic|100\/100|[from] item: Leftovers\n|-heal|p2b: Lurantis|88\/100 brn|[from] item: Leftovers\n|-damage|p2b: Lurantis|82\/100 brn|[from] brn\n|-damage|p2a: Clefairy|87\/100 brn|[from] brn\n|upkeep\n|turn|12\n|\n|t:|1697676621\n|move|p2a: Clefairy|Helping Hand|p2b: Lurantis\n|-singleturn|p2b: Lurantis|Helping Hand|[of] p2a: Clefairy\n|move|p1a: Milotic|Haze|p1a: Milotic\n|-clearallboost\n|move|p1b: Chansey|Seismic Toss|p2a: Clefairy\n|-damage|p2a: Clefairy|57\/100 brn\n|move|p2b: Lurantis|Superpower|p1b: Chansey\n|-supereffective|p1b: Chansey\n|-damage|p1b: Chansey|71\/100\n|-boost|p2b: Lurantis|atk|1\n|-boost|p2b: Lurantis|def|1\n|\n|-heal|p2b: Lurantis|88\/100 brn|[from] item: Leftovers\n|-damage|p2b: Lurantis|82\/100 brn|[from] brn\n|-damage|p2a: Clefairy|51\/100 brn|[from] brn\n|-sideend|p1: squallo|move: Aurora Veil\n|upkeep\n|turn|13\n|\n|t:|1697676644\n|move|p2a: Clefairy|Helping Hand|p2b: Lurantis\n|-singleturn|p2b: Lurantis|Helping Hand|[of] p2a: Clefairy\n|move|p1a: Milotic|Scald|p2a: Clefairy\n|-damage|p2a: Clefairy|31\/100 brn\n|move|p1b: Chansey|Seismic Toss|p2a: Clefairy\n|-damage|p2a: Clefairy|2\/100 brn\n|move|p2b: Lurantis|Superpower|p1b: Chansey\n|-supereffective|p1b: Chansey\n|-damage|p1b: Chansey|33\/100\n|-boost|p2b: Lurantis|atk|1\n|-boost|p2b: Lurantis|def|1\n|\n|-heal|p2b: Lurantis|88\/100 brn|[from] item: Leftovers\n|-damage|p2b: Lurantis|82\/100 brn|[from] brn\n|-damage|p2a: Clefairy|0 fnt|[from] brn\n|faint|p2a: Clefairy\n|upkeep\n|\n|t:|1697676648\n|switch|p2a: Grimmsnarl|Grimmsnarl, M|29\/100\n|turn|14\n|\n|t:|1697676659\n|move|p2b: Lurantis|Protect|p2b: Lurantis\n|-singleturn|p2b: Lurantis|Protect\n|move|p2a: Grimmsnarl|Parting Shot|p1a: Milotic\n|-unboost|p1a: Milotic|atk|1\n|-ability|p1a: Milotic|Competitive|boost\n|-boost|p1a: Milotic|spa|2\n|-unboost|p1a: Milotic|spa|1\n|-ability|p1a: Milotic|Competitive|boost\n|-boost|p1a: Milotic|spa|2\n|move|p1a: Milotic|Haze|p1a: Milotic\n|-clearallboost\n|move|p1b: Chansey|Life Dew||[still]|[spread] p1a,p1b\n|-fail|p1a: Milotic|heal\n|-heal|p1b: Chansey|58\/100\n|\n|-heal|p2a: Grimmsnarl|35\/100|[from] item: Leftovers\n|-heal|p2b: Lurantis|88\/100 brn|[from] item: Leftovers\n|-damage|p2b: Lurantis|82\/100 brn|[from] brn\n|upkeep\n|turn|15\n|inactive|SXD2002 has 120 seconds left.\n|inactive|squallo has 120 seconds left.\n|\n|t:|1697676692\n|move|p2a: Grimmsnarl|Fake Tears|p2b: Lurantis\n|-boost|p2b: Lurantis|spd|2\n|move|p1a: Milotic|Scald|p2a: Grimmsnarl\n|-damage|p2a: Grimmsnarl|12\/100\n|-status|p2a: Grimmsnarl|brn\n|move|p1b: Chansey|Life Dew||[still]|[spread] p1a,p1b\n|-fail|p1a: Milotic|heal\n|-heal|p1b: Chansey|83\/100\n|move|p2b: Lurantis|Superpower|p1b: Chansey\n|-supereffective|p1b: Chansey\n|-damage|p1b: Chansey|65\/100\n|-boost|p2b: Lurantis|atk|1\n|-boost|p2b: Lurantis|def|1\n|\n|-heal|p2a: Grimmsnarl|18\/100 brn|[from] item: Leftovers\n|-heal|p2b: Lurantis|88\/100 brn|[from] item: Leftovers\n|-damage|p2a: Grimmsnarl|12\/100 brn|[from] brn\n|-damage|p2b: Lurantis|82\/100 brn|[from] brn\n|upkeep\n|turn|16\n|inactive|squallo has 120 seconds left.\n|\n|t:|1697676730\n|move|p2a: Grimmsnarl|Scary Face|p2b: Lurantis\n|-boost|p2b: Lurantis|spe|2\n|move|p2b: Lurantis|Superpower|p1b: Chansey\n|-supereffective|p1b: Chansey\n|-damage|p1b: Chansey|35\/100\n|-boost|p2b: Lurantis|atk|1\n|-boost|p2b: Lurantis|def|1\n|move|p1a: Milotic|Scald|p2a: Grimmsnarl\n|-damage|p2a: Grimmsnarl|0 fnt\n|faint|p2a: Grimmsnarl\n|move|p1b: Chansey|Seismic Toss|p2b: Lurantis\n|-damage|p2b: Lurantis|53\/100 brn\n|\n|-heal|p2b: Lurantis|59\/100 brn|[from] item: Leftovers\n|-damage|p2b: Lurantis|53\/100 brn|[from] brn\n|upkeep\n|turn|17\n|\n|t:|1697676738\n|move|p2b: Lurantis|Superpower|p1b: Chansey\n|-supereffective|p1b: Chansey\n|-damage|p1b: Chansey|0 fnt\n|-boost|p2b: Lurantis|atk|1\n|-boost|p2b: Lurantis|def|1\n|faint|p1b: Chansey\n|move|p1a: Milotic|Haze|p1a: Milotic\n|-clearallboost\n|\n|-heal|p2b: Lurantis|59\/100 brn|[from] item: Leftovers\n|-damage|p2b: Lurantis|53\/100 brn|[from] brn\n|upkeep\n|\n|t:|1697676748\n|switch|p1b: Talonflame|Talonflame, F|100\/100\n|turn|18\n|\n|t:|1697676754\n|move|p1b: Talonflame|Flare Blitz|p2b: Lurantis\n|-supereffective|p2b: Lurantis\n|-damage|p2b: Lurantis|0 fnt\n|faint|p2b: Lurantis\n|-damage|p1b: Talonflame|80\/100|[from] Recoil\n|\n|win|squallo\n|raw|squallo's rating: 1129 &rarr; <strong>1150<\/strong><br \/>(+21 for winning)\n|raw|SXD2002's rating: 1079 &rarr; <strong>1060<\/strong><br \/>(-19 for losing)\n","uploadtime":1697676537,"views":9,"p1id":"squallo","p2id":"sxd2002","formatid":"gen9doublesou","rating":1060,"private":0,"password":""}