{"id":"gen9doublesou-1982499557","p1":"AllenDegenerate","p2":"cotesmcgotes","format":"[Gen 9] Doubles OU","log":"|j|\u2606AllenDegenerate\n|j|\u2606cotesmcgotes\n|t:|1699020583\n|gametype|doubles\n|player|p1|AllenDegenerate|shadowtriad|1334\n|player|p2|cotesmcgotes|flannery|1205\n|teamsize|p1|6\n|teamsize|p2|6\n|gen|9\n|tier|[Gen 9] Doubles OU\n|rated|\n|rule|Species Clause: Limit one of each Pok\u00e9mon\n|rule|OHKO Clause: OHKO moves are banned\n|rule|Evasion Moves Clause: Evasion moves are banned\n|rule|Gravity Sleep Clause: The combination of sleep-inducing moves with imperfect accuracy and Gravity or Gigantamax Orbeetle are banned\n|rule|Endless Battle Clause: Forcing endless battles is banned\n|rule|HP Percentage Mod: HP is shown in percentages\n|clearpoke\n|poke|p1|Sinistcha|\n|poke|p1|Iron Hands|\n|poke|p1|Diancie|\n|poke|p1|Manaphy|\n|poke|p1|Scizor, F|\n|poke|p1|Hoopa-Unbound|\n|poke|p2|Tornadus, M|\n|poke|p2|Pelipper, F|\n|poke|p2|Manaphy|\n|poke|p2|Gallade, M|\n|poke|p2|Brute Bonnet|\n|poke|p2|Azumarill, M|\n|teampreview\n|inactive|Battle timer is ON: inactive players will automatically lose when time's up. (requested by AllenDegenerate)\n|\n|t:|1699020609\n|start\n|switch|p1a: Iron Hands|Iron Hands|100\/100\n|switch|p1b: Scizor|Scizor, F|100\/100\n|switch|p2a: Tornadus|Tornadus, M|100\/100\n|switch|p2b: Brute Bonnet|Brute Bonnet|100\/100\n|turn|1\n|\n|t:|1699020633\n|switch|p2a: Pelipper|Pelipper, F|100\/100\n|-weather|RainDance|[from] ability: Drizzle|[of] p2a: Pelipper\n|-end|p2b: Brute Bonnet|Protosynthesis|[silent]\n|switch|p2b: Gallade|Gallade, M, shiny|100\/100\n|move|p1b: Scizor|Dual Wingbeat|p2b: Gallade\n|-supereffective|p2b: Gallade\n|-damage|p2b: Gallade|0 fnt\n|faint|p2b: Gallade\n|-hitcount|p2: Gallade|1\n|move|p1a: Iron Hands|Ice Punch|p2a: Pelipper\n|-damage|p2a: Pelipper|69\/100\n|-status|p2a: Pelipper|frz\n|\n|-weather|RainDance|[upkeep]\n|upkeep\n|inactive|cotesmcgotes has 120 seconds left.\n|\n|t:|1699020669\n|switch|p2b: Tornadus|Tornadus, M|100\/100\n|turn|2\n|\n|t:|1699020691\n|move|p2b: Tornadus|Bleakwind Storm|p1b: Scizor|[spread] p1a,p1b\n|-damage|p1a: Iron Hands|75\/100\n|-damage|p1b: Scizor|45\/100\n|move|p1b: Scizor|Dual Wingbeat|p2b: Tornadus\n|-damage|p2b: Tornadus|66\/100\n|-damage|p2b: Tornadus|30\/100\n|-hitcount|p2b: Tornadus|2\n|cant|p2a: Pelipper|frz\n|move|p1a: Iron Hands|Wild Charge|p2a: Pelipper\n|-supereffective|p2a: Pelipper\n|-damage|p2a: Pelipper|0 fnt\n|faint|p2a: Pelipper\n|-damage|p1a: Iron Hands|65\/100|[from] Recoil\n|\n|-weather|RainDance|[upkeep]\n|upkeep\n|inactive|cotesmcgotes has 120 seconds left.\n|\n|t:|1699020705\n|switch|p2a: Brute Bonnet|Brute Bonnet|100\/100\n|turn|3\n|\n|t:|1699020720\n|move|p2b: Tornadus|Tailwind|p2b: Tornadus\n|-sidestart|p2: cotesmcgotes|move: Tailwind\n|move|p2a: Brute Bonnet|Spore|p1b: Scizor\n|-status|p1b: Scizor|slp|[from] move: Spore\n|cant|p1b: Scizor|slp\n|move|p1a: Iron Hands|Ice Punch|p2b: Tornadus\n|-supereffective|p2b: Tornadus\n|-damage|p2b: Tornadus|0 fnt\n|faint|p2b: Tornadus\n|\n|-weather|RainDance|[upkeep]\n|upkeep\n|inactive|cotesmcgotes has 120 seconds left.\n|\n|t:|1699020762\n|switch|p2b: Manaphy|Manaphy|100\/100\n|turn|4\n|inactive|cotesmcgotes has 120 seconds left.\n|\n|t:|1699020778\n|-terastallize|p2b: Manaphy|Psychic\n|move|p2b: Manaphy|Tail Glow|p2b: Manaphy\n|-boost|p2b: Manaphy|spa|3\n|move|p2a: Brute Bonnet|Spore|p1a: Iron Hands\n|-status|p1a: Iron Hands|slp|[from] move: Spore\n|cant|p1b: Scizor|slp\n|cant|p1a: Iron Hands|slp\n|\n|-weather|RainDance|[upkeep]\n|upkeep\n|turn|5\n|\n|t:|1699020799\n|move|p2b: Manaphy|Scald|p1b: Scizor\n|-damage|p1b: Scizor|0 fnt\n|faint|p1b: Scizor\n|move|p2a: Brute Bonnet|Trailblaze|p1a: Iron Hands\n|-damage|p1a: Iron Hands|46\/100 slp\n|-boost|p2a: Brute Bonnet|spe|1\n|-curestatus|p1a: Iron Hands|slp|[msg]\n|move|p1a: Iron Hands|Wild Charge|p2b: Manaphy\n|-damage|p2b: Manaphy|44\/100\n|-damage|p1a: Iron Hands|36\/100|[from] Recoil\n|\n|-weather|RainDance|[upkeep]\n|-heal|p2b: Manaphy|50\/100|[from] item: Leftovers\n|upkeep\n|\n|t:|1699020815\n|switch|p1b: Manaphy|Manaphy|100\/100\n|turn|6\n|\n|t:|1699020823\n|move|p2b: Manaphy|Stored Power|p1a: Iron Hands\n|-supereffective|p1a: Iron Hands\n|-damage|p1a: Iron Hands|0 fnt\n|faint|p1a: Iron Hands\n|-end|p1a: Iron Hands|Quark Drive|[silent]\n|move|p2a: Brute Bonnet|Seed Bomb|p1b: Manaphy\n|-supereffective|p1b: Manaphy\n|-damage|p1b: Manaphy|5\/100\n|-enditem|p1b: Manaphy|Mago Berry|[eat]\n|-heal|p1b: Manaphy|39\/100|[from] item: Mago Berry\n|move|p1b: Manaphy|Knock Off|p2b: Manaphy\n|-supereffective|p2b: Manaphy\n|-damage|p2b: Manaphy|0 fnt\n|-enditem|p2b: Manaphy|Leftovers|[from] move: Knock Off|[of] p1b: Manaphy\n|faint|p2b: Manaphy\n|\n|-weather|RainDance|[upkeep]\n|-sideend|p2: cotesmcgotes|move: Tailwind\n|upkeep\n|\n|t:|1699020844\n|switch|p2b: Azumarill|Azumarill, M|100\/100\n|switch|p1a: Hoopa|Hoopa-Unbound|100\/100\n|turn|7\n|\n|t:|1699020854\n|move|p1b: Manaphy|Knock Off|p2a: Brute Bonnet\n|-resisted|p2a: Brute Bonnet\n|-damage|p2a: Brute Bonnet|89\/100\n|-enditem|p2a: Brute Bonnet|Leftovers|[from] move: Knock Off|[of] p1b: Manaphy\n|move|p2a: Brute Bonnet|Trailblaze|p2b: Azumarill\n|-ability|p2b: Azumarill|Sap Sipper|boost\n|-boost|p2b: Azumarill|atk|1\n|move|p1a: Hoopa|Thunderbolt|p2b: Azumarill\n|-supereffective|p2b: Azumarill\n|-damage|p2b: Azumarill|28\/100\n|move|p2b: Azumarill|Play Rough|p1a: Hoopa\n|-supereffective|p1a: Hoopa\n|-crit|p1a: Hoopa\n|-damage|p1a: Hoopa|0 fnt\n|faint|p1a: Hoopa\n|\n|-weather|RainDance|[upkeep]\n|upkeep\n|\n|t:|1699020867\n|switch|p1a: Sinistcha|Sinistcha|100\/100\n|-heal|p1b: Manaphy|64\/100|[from] ability: Hospitality|[of] p1a: Sinistcha\n|turn|8\n|\n|t:|1699020879\n|move|p1b: Manaphy|Heart Swap|p2b: Azumarill\n|-swapboost|p1b: Manaphy|p2b: Azumarill|[from] move: Heart Swap\n|move|p2a: Brute Bonnet|Seed Bomb|p1b: Manaphy\n|-supereffective|p1b: Manaphy\n|-damage|p1b: Manaphy|0 fnt\n|faint|p1b: Manaphy\n|move|p1a: Sinistcha|Matcha Gotcha|p2b: Azumarill|[spread] p2a\n|-ability|p2b: Azumarill|Sap Sipper|boost\n|-boost|p2b: Azumarill|atk|1\n|-resisted|p2a: Brute Bonnet\n|-damage|p2a: Brute Bonnet|80\/100\n|move|p2b: Azumarill|Ice Spinner|p1a: Sinistcha\n|-supereffective|p1a: Sinistcha\n|-damage|p1a: Sinistcha|63\/100\n|-damage|p2b: Azumarill|12\/100|[from] item: Rocky Helmet|[of] p1a: Sinistcha\n|\n|-weather|none\n|upkeep\n|\n|t:|1699020885\n|switch|p1b: Diancie|Diancie|100\/100\n|turn|9\n|\n|t:|1699020911\n|-terastallize|p1b: Diancie|Fighting\n|move|p2b: Azumarill|Aqua Jet|p1b: Diancie\n|-damage|p1b: Diancie|81\/100\n|move|p2a: Brute Bonnet|Spore|p1b: Diancie\n|-status|p1b: Diancie|slp|[from] move: Spore\n|cant|p1b: Diancie|slp\n|move|p1a: Sinistcha|Matcha Gotcha|p2a: Brute Bonnet|[spread] p2a\n|-ability|p2b: Azumarill|Sap Sipper|boost\n|-boost|p2b: Azumarill|atk|1\n|-resisted|p2a: Brute Bonnet\n|-damage|p2a: Brute Bonnet|70\/100\n|-heal|p1a: Sinistcha|69\/100|[from] drain|[of] p2a: Brute Bonnet\n|\n|-heal|p1b: Diancie|87\/100 slp|[from] item: Leftovers\n|upkeep\n|turn|10\n|inactive|AllenDegenerate has 120 seconds left.\n|\n|t:|1699020941\n|move|p2a: Brute Bonnet|Crunch|p1a: Sinistcha\n|-supereffective|p1a: Sinistcha\n|-damage|p1a: Sinistcha|2\/100\n|-damage|p2a: Brute Bonnet|54\/100|[from] item: Rocky Helmet|[of] p1a: Sinistcha\n|cant|p1b: Diancie|slp\n|move|p1a: Sinistcha|Matcha Gotcha|p2b: Azumarill|[spread] \n|-ability|p2b: Azumarill|Sap Sipper|boost\n|-boost|p2b: Azumarill|atk|1\n|-miss|p1a: Sinistcha|p2a: Brute Bonnet\n|move|p2b: Azumarill|Play Rough|p1b: Diancie\n|-supereffective|p1b: Diancie\n|-damage|p1b: Diancie|0 fnt\n|faint|p1b: Diancie\n|\n|upkeep\n|turn|11\n|\n|t:|1699020961\n|move|p2b: Azumarill|Aqua Jet|p1a: Sinistcha\n|-resisted|p1a: Sinistcha\n|-damage|p1a: Sinistcha|0 fnt\n|-damage|p2b: Azumarill|0 fnt|[from] item: Rocky Helmet|[of] p1a: Sinistcha\n|faint|p1a: Sinistcha\n|faint|p2b: Azumarill\n|\n|win|cotesmcgotes\n|raw|AllenDegenerate's rating: 1334 &rarr; <strong>1307<\/strong><br \/>(-27 for losing)\n|raw|cotesmcgotes's rating: 1205 &rarr; <strong>1239<\/strong><br \/>(+34 for winning)\n|l|\u2606AllenDegenerate\n","uploadtime":1699020968,"views":16,"p1id":"allendegenerate","p2id":"cotesmcgotes","formatid":"gen9doublesou","rating":1239,"private":0,"password":""}