{"id":"gen9doublesou-1985706259","p1":"BullishBandit","p2":"Ceryphil","format":"[Gen 9] Doubles OU","log":"|j|\u2606BullishBandit\n|j|\u203dCeryphil\n|t:|1699397673\n|gametype|doubles\n|player|p1|BullishBandit|265|1105\n|player|p2|Ceryphil|alec-anime|1131\n|teamsize|p1|6\n|teamsize|p2|6\n|gen|9\n|tier|[Gen 9] Doubles OU\n|rated|\n|rule|Species Clause: Limit one of each Pok\u00e9mon\n|rule|OHKO Clause: OHKO moves are banned\n|rule|Evasion Moves Clause: Evasion moves are banned\n|rule|Gravity Sleep Clause: The combination of sleep-inducing moves with imperfect accuracy and Gravity or Gigantamax Orbeetle are banned\n|rule|Endless Battle Clause: Forcing endless battles is banned\n|rule|HP Percentage Mod: HP is shown in percentages\n|clearpoke\n|poke|p1|Gholdengo|\n|poke|p1|Garganacl, M|\n|poke|p1|Maushold|\n|poke|p1|Toxapex, M|\n|poke|p1|Garchomp, F|\n|poke|p1|Tinkaton, F|\n|poke|p2|Flamigo, M|\n|poke|p2|Weavile, M|\n|poke|p2|Lucario, M|\n|poke|p2|Oricorio-Pom-Pom, F|\n|poke|p2|Volcarona, M|\n|poke|p2|Ditto|\n|teampreview\n|inactive|Battle timer is ON: inactive players will automatically lose when time's up. (requested by BullishBandit)\n|\n|t:|1699397711\n|start\n|switch|p1a: Tinkaton|Tinkaton, F|100\/100\n|switch|p1b: Garganacl|Garganacl, M, shiny|100\/100\n|switch|p2a: Oricorio|Oricorio-Pom-Pom, F|100\/100\n|switch|p2b: Volcarona|Volcarona, M|100\/100\n|turn|1\n|\n|t:|1699397730\n|switch|p2b: Ditto|Ditto|100\/100\n|-transform|p2b: Ditto|p1a: Tinkaton|[from] ability: Imposter\n|move|p1a: Tinkaton|Fake Out|p2b: Ditto\n|-resisted|p2b: Ditto\n|-damage|p2b: Ditto|94\/100\n|move|p2a: Oricorio|Tailwind|p2a: Oricorio\n|-sidestart|p2: Ceryphil|move: Tailwind\n|move|p1b: Garganacl|Salt Cure|p2b: Ditto\n|-resisted|p2b: Ditto\n|-damage|p2b: Ditto|85\/100\n|-start|p2b: Ditto|Salt Cure\n|\n|-damage|p2b: Ditto|60\/100|[from] Salt Cure\n|upkeep\n|turn|2\n|\n|t:|1699397758\n|move|p1b: Garganacl|Protect|p1b: Garganacl\n|-singleturn|p1b: Garganacl|Protect\n|move|p2b: Ditto|Fake Out|p1b: Garganacl\n|-activate|p1b: Garganacl|move: Protect\n|move|p2a: Oricorio|Quiver Dance|p2a: Oricorio\n|-boost|p2a: Oricorio|spa|1\n|-boost|p2a: Oricorio|spd|1\n|-boost|p2a: Oricorio|spe|1\n|move|p1a: Tinkaton|Gigaton Hammer|p2a: Oricorio\n|-resisted|p2a: Oricorio\n|-damage|p2a: Oricorio|56\/100\n|\n|-damage|p2b: Ditto|35\/100|[from] Salt Cure\n|upkeep\n|turn|3\n|\n|t:|1699397779\n|switch|p2b: Flamigo|Flamigo, M|100\/100\n|-copyboost|p2b: Flamigo|p2a: Oricorio|[from] ability: Costar\n|switch|p1b: Garchomp|Garchomp, F|100\/100\n|-terastallize|p1a: Tinkaton|Fairy\n|move|p2a: Oricorio|Revelation Dance|p1b: Garchomp\n|-immune|p1b: Garchomp\n|move|p1a: Tinkaton|Play Rough|p2a: Oricorio\n|-damage|p2a: Oricorio|0 fnt\n|faint|p2a: Oricorio\n|\n|upkeep\n|\n|t:|1699397786\n|switch|p2a: Volcarona|Volcarona, M|100\/100\n|turn|4\n|\n|t:|1699397807\n|switch|p1a: Garganacl|Garganacl, M, shiny|100\/100\n|move|p2b: Flamigo|Throat Chop|p1b: Garchomp\n|-damage|p1b: Garchomp|78\/100\n|-start|p1b: Garchomp|Throat Chop|[silent]\n|-damage|p2b: Flamigo|88\/100|[from] ability: Rough Skin|[of] p1b: Garchomp\n|-damage|p2b: Flamigo|72\/100|[from] item: Rocky Helmet|[of] p1b: Garchomp\n|move|p2a: Volcarona|Fiery Dance|p1a: Garganacl\n|-resisted|p1a: Garganacl\n|-damage|p1a: Garganacl|79\/100\n|-boost|p2a: Volcarona|spa|1\n|move|p1b: Garchomp|Liquidation|p2a: Volcarona\n|-supereffective|p2a: Volcarona\n|-damage|p2a: Volcarona|3\/100\n|-status|p1b: Garchomp|brn|[from] ability: Flame Body|[of] p2a: Volcarona\n|\n|-heal|p1a: Garganacl|85\/100|[from] item: Leftovers\n|-damage|p1b: Garchomp|72\/100 brn|[from] brn\n|-sideend|p2: Ceryphil|move: Tailwind\n|upkeep\n|turn|5\n|\n|t:|1699397835\n|move|p1a: Garganacl|Protect|p1a: Garganacl\n|-singleturn|p1a: Garganacl|Protect\n|move|p2b: Flamigo|Acrobatics|p1b: Garchomp\n|-damage|p1b: Garchomp|30\/100 brn\n|-damage|p2b: Flamigo|59\/100|[from] ability: Rough Skin|[of] p1b: Garchomp\n|-damage|p2b: Flamigo|43\/100|[from] item: Rocky Helmet|[of] p1b: Garchomp\n|move|p2a: Volcarona|Giga Drain|p1a: Garganacl\n|-activate|p1a: Garganacl|move: Protect\n|move|p1b: Garchomp|Liquidation|p2a: Volcarona\n|-supereffective|p2a: Volcarona\n|-damage|p2a: Volcarona|0 fnt\n|faint|p2a: Volcarona\n|\n|-heal|p1a: Garganacl|92\/100|[from] item: Leftovers\n|-damage|p1b: Garchomp|24\/100 brn|[from] brn\n|-end|p1b: Garchomp|Throat Chop|[silent]\n|upkeep\n|inactive|Ceryphil has 120 seconds left.\n|\n|t:|1699397857\n|switch|p2a: Weavile|Weavile, M|100\/100\n|turn|6\n|\n|t:|1699397882\n|switch|p1a: Gholdengo|Gholdengo|100\/100\n|move|p2a: Weavile|Ice Shard|p1b: Garchomp\n|-supereffective|p1b: Garchomp\n|-damage|p1b: Garchomp|0 fnt\n|faint|p1b: Garchomp\n|move|p2b: Flamigo|Close Combat|p1a: Gholdengo\n|-immune|p1a: Gholdengo\n|\n|upkeep\n|inactive|BullishBandit has 120 seconds left.\n|\n|t:|1699397896\n|switch|p1b: Garganacl|Garganacl, M, shiny|92\/100\n|turn|7\n|\n|t:|1699397905\n|move|p1b: Garganacl|Protect|p1b: Garganacl\n|-singleturn|p1b: Garganacl|Protect\n|move|p2b: Flamigo|Close Combat|p1b: Garganacl\n|-activate|p1b: Garganacl|move: Protect\n|move|p2a: Weavile|Beat Up|p1a: Gholdengo\n|-supereffective|p1a: Gholdengo\n|-damage|p1a: Gholdengo|82\/100\n|-supereffective|p1a: Gholdengo\n|-damage|p1a: Gholdengo|64\/100\n|-supereffective|p1a: Gholdengo\n|-damage|p1a: Gholdengo|49\/100\n|-supereffective|p1a: Gholdengo\n|-damage|p1a: Gholdengo|40\/100\n|-hitcount|p1a: Gholdengo|4\n|move|p1a: Gholdengo|Make It Rain|p2a: Weavile|[spread] p2a,p2b\n|-supereffective|p2a: Weavile\n|-damage|p2a: Weavile|0 fnt\n|-damage|p2b: Flamigo|0 fnt\n|-unboost|p1a: Gholdengo|spa|1\n|faint|p2a: Weavile\n|faint|p2b: Flamigo\n|\n|-heal|p1b: Garganacl|98\/100|[from] item: Leftovers\n|upkeep\n|\n|t:|1699397913\n|switch|p2a: Ditto|Ditto|35\/100\n|switch|p2b: Lucario|Lucario, M, shiny|100\/100\n|-transform|p2a: Ditto|p1b: Garganacl|[from] ability: Imposter\n|turn|8\n|c|\u2606BullishBandit|damn \\\n|\n|t:|1699397947\n|move|p2b: Lucario|Crunch|p1a: Gholdengo\n|-supereffective|p1a: Gholdengo\n|-damage|p1a: Gholdengo|0 fnt\n|faint|p1a: Gholdengo\n|move|p2a: Ditto|Heavy Slam|p1b: Garganacl\n|-supereffective|p1b: Garganacl\n|-damage|p1b: Garganacl|84\/100\n|move|p1b: Garganacl|Salt Cure|p2b: Lucario\n|-resisted|p2b: Lucario\n|-damage|p2b: Lucario|94\/100\n|-start|p2b: Lucario|Salt Cure\n|\n|-heal|p1b: Garganacl|91\/100|[from] item: Leftovers\n|-damage|p2b: Lucario|69\/100|[from] Salt Cure\n|upkeep\n|inactive|BullishBandit has 120 seconds left.\n|-message|Ceryphil forfeited.\n|\n|win|BullishBandit\n|raw|BullishBandit's rating: 1105 &rarr; <strong>1132<\/strong><br \/>(+27 for winning)\n|raw|Ceryphil's rating: 1131 &rarr; <strong>1104<\/strong><br \/>(-27 for losing)\n|l|\u203dCeryphil\n|c|\u2606BullishBandit|gg lol\n","uploadtime":1699397968,"views":10,"p1id":"bullishbandit","p2id":"ceryphil","formatid":"gen9doublesou","rating":1104,"private":0,"password":""}