{"id":"gen9doublesou-1972399765","p1":"zak723","p2":"DratiniKing10","format":"[Gen 9] Doubles OU","log":"|j|\u2606zak723\n|j|\u2606DratiniKing10\n|t:|1697838677\n|gametype|doubles\n|player|p1|zak723|marlon|1263\n|player|p2|DratiniKing10|lucas|1244\n|teamsize|p1|6\n|teamsize|p2|6\n|gen|9\n|tier|[Gen 9] Doubles OU\n|rated|\n|rule|Species Clause: Limit one of each Pok\u00e9mon\n|rule|OHKO Clause: OHKO moves are banned\n|rule|Evasion Moves Clause: Evasion moves are banned\n|rule|Gravity Sleep Clause: The combination of sleep-inducing moves with imperfect accuracy and Gravity or Gigantamax Orbeetle are banned\n|rule|Endless Battle Clause: Forcing endless battles is banned\n|rule|HP Percentage Mod: HP is shown in percentages\n|clearpoke\n|poke|p1|Cinderace, F|\n|poke|p1|Sableye, M|\n|poke|p1|Gliscor, F|\n|poke|p1|Sylveon, F|\n|poke|p1|Rotom-Wash|\n|poke|p1|Amoonguss, F|\n|poke|p2|Ting-Lu|\n|poke|p2|Arcanine, M|\n|poke|p2|Kingambit, M|\n|poke|p2|Tornadus, M|\n|poke|p2|Sneasler, M|\n|poke|p2|Ogerpon-Wellspring, F|\n|teampreview\n|\n|t:|1697838699\n|start\n|switch|p1a: Sylveon|Sylveon, F|100\/100\n|switch|p1b: Sableye|Sableye, M|100\/100\n|switch|p2a: Miles|Tornadus, M|100\/100\n|switch|p2b: Julica|Ogerpon-Wellspring, F|100\/100\n|turn|1\n|\n|t:|1697838712\n|move|p2a: Miles|Tailwind|p2a: Miles\n|-sidestart|p2: DratiniKing10|move: Tailwind\n|move|p1b: Sableye|Taunt|p2a: Miles\n|-start|p2a: Miles|move: Taunt\n|move|p2b: Julica|Ivy Cudgel|p1b: Sableye\n|-damage|p1b: Sableye|21\/100\n|-enditem|p1b: Sableye|Eject Button\n|\n|t:|1697838720\n|switch|p1b: Gliscor|Gliscor, F|100\/100\n|move|p1a: Sylveon|Hyper Voice|p2b: Julica|[spread] p2a,p2b\n|-damage|p2a: Miles|57\/100\n|-damage|p2b: Julica|56\/100\n|-enditem|p1a: Sylveon|Throat Spray\n|-boost|p1a: Sylveon|spa|1|[from] item: Throat Spray\n|\n|-status|p1b: Gliscor|tox|[from] item: Toxic Orb\n|upkeep\n|turn|2\n|\n|t:|1697838736\n|switch|p2a: Tavi|Sneasler, M|100\/100\n|-terastallize|p1a: Sylveon|Fairy\n|move|p2b: Julica|Ivy Cudgel|p1b: Gliscor\n|-supereffective|p1b: Gliscor\n|-damage|p1b: Gliscor|0 fnt\n|faint|p1b: Gliscor\n|move|p1a: Sylveon|Hyper Voice|p2b: Julica|[spread] p2a,p2b\n|-enditem|p2a: Tavi|Focus Sash\n|-damage|p2a: Tavi|1\/100\n|-damage|p2b: Julica|0 fnt\n|faint|p2b: Julica\n|\n|upkeep\n|\n|t:|1697838749\n|switch|p2b: Miles|Tornadus, M|57\/100\n|switch|p1b: Sableye|Sableye, M|21\/100\n|turn|3\n|\n|t:|1697838760\n|move|p1b: Sableye|Fake Out|p2a: Tavi\n|-damage|p2a: Tavi|0 fnt\n|faint|p2a: Tavi\n|move|p2b: Miles|Rain Dance|p2b: Miles\n|-weather|RainDance\n|move|p1a: Sylveon|Hyper Voice|p2b: Miles\n|-damage|p2b: Miles|0 fnt\n|faint|p2b: Miles\n|\n|-weather|RainDance|[upkeep]\n|upkeep\n|\n|t:|1697838774\n|switch|p2a: MooseCraft|Ting-Lu|100\/100\n|switch|p2b: &IHaveAnAxe|Kingambit, M, shiny|100\/100\n|-ability|p2a: MooseCraft|Vessel of Ruin\n|turn|4\n|\n|t:|1697838782\n|move|p2a: MooseCraft|Protect|p2a: MooseCraft\n|-singleturn|p2a: MooseCraft|Protect\n|move|p1a: Sylveon|Detect|p1a: Sylveon\n|-singleturn|p1a: Sylveon|Protect\n|move|p1b: Sableye|Will-O-Wisp|p2b: &IHaveAnAxe\n|-hint|Since gen 7, Dark is immune to Prankster moves.\n|-immune|p2b: &IHaveAnAxe\n|move|p2b: &IHaveAnAxe|Iron Head|p1a: Sylveon\n|-activate|p1a: Sylveon|move: Protect\n|\n|-weather|RainDance|[upkeep]\n|-sideend|p2: DratiniKing10|move: Tailwind\n|upkeep\n|turn|5\n|\n|t:|1697838801\n|switch|p1b: Cinderace|Cinderace, F|100\/100\n|move|p1a: Sylveon|Hyper Voice|p2a: MooseCraft|[spread] p2a,p2b\n|-supereffective|p2a: MooseCraft\n|-damage|p2a: MooseCraft|16\/100\n|-damage|p2b: &IHaveAnAxe|39\/100\n|move|p2b: &IHaveAnAxe|Kowtow Cleave|p1b: Cinderace\n|-damage|p1b: Cinderace|2\/100\n|-damage|p2b: &IHaveAnAxe|29\/100|[from] item: Life Orb\n|move|p2a: MooseCraft|Heavy Slam|p1a: Sylveon\n|-supereffective|p1a: Sylveon\n|-damage|p1a: Sylveon|28\/100\n|\n|-weather|RainDance|[upkeep]\n|-heal|p2a: MooseCraft|23\/100|[from] item: Leftovers\n|upkeep\n|turn|6\n|\n|t:|1697838822\n|move|p2b: &IHaveAnAxe|Sucker Punch|p1b: Cinderace\n|-damage|p1b: Cinderace|0 fnt\n|faint|p1b: Cinderace\n|-damage|p2b: &IHaveAnAxe|19\/100|[from] item: Life Orb\n|move|p1a: Sylveon|Hyper Voice|p2a: MooseCraft|[spread] p2a,p2b\n|-supereffective|p2a: MooseCraft\n|-damage|p2a: MooseCraft|0 fnt\n|-damage|p2b: &IHaveAnAxe|0 fnt\n|faint|p2a: MooseCraft\n|faint|p2b: &IHaveAnAxe\n|\n|-weather|RainDance|[upkeep]\n|upkeep\n|\n|t:|1697838846\n|switch|p1b: Rotom|Rotom-Wash|100\/100\n|switch|p2b: Zach|Arcanine, M, shiny|100\/100\n|-ability|p2b: Zach|Intimidate|boost\n|-unboost|p1a: Sylveon|atk|1\n|-unboost|p1b: Rotom|atk|1\n|turn|7\n|\n|t:|1697838862\n|-terastallize|p2b: Zach|Water\n|move|p1a: Sylveon|Detect|p1a: Sylveon\n|-singleturn|p1a: Sylveon|Protect\n|move|p2b: Zach|Extreme Speed|p1a: Sylveon\n|-activate|p1a: Sylveon|move: Protect\n|move|p1b: Rotom|Nasty Plot|p1b: Rotom\n|-boost|p1b: Rotom|spa|2\n|\n|-weather|none\n|upkeep\n|turn|8\n|\n|t:|1697838876\n|switch|p1a: Sableye|Sableye, M|21\/100\n|move|p2b: Zach|Extreme Speed|p1b: Rotom\n|-crit|p1b: Rotom\n|-damage|p1b: Rotom|67\/100\n|move|p1b: Rotom|Discharge|p2b: Zach|[spread] p1a,p2b\n|-supereffective|p2b: Zach\n|-damage|p1a: Sableye|0 fnt\n|-damage|p2b: Zach|0 fnt\n|faint|p1a: Sableye\n|faint|p2b: Zach\n|\n|win|zak723\n|raw|zak723's rating: 1263 &rarr; <strong>1287<\/strong><br \/>(+24 for winning)\n|raw|DratiniKing10's rating: 1244 &rarr; <strong>1220<\/strong><br \/>(-24 for losing)\n","uploadtime":1697838888,"views":8,"p1id":"zak723","p2id":"dratiniking10","formatid":"gen9doublesou","rating":1220,"private":0,"password":""}