{"id":"gen9doublesou-1971833479","p1":"munnsy100","p2":"TETRASBINSCIO","format":"[Gen 9] Doubles OU","log":"|j|\u2606munnsy100\n|j|\u2606TETRASBINSCIO\n|t:|1697778502\n|gametype|doubles\n|player|p1|munnsy100|hilbert-wonderlauncher|1000\n|player|p2|TETRASBINSCIO|liza|1000\n|teamsize|p1|6\n|teamsize|p2|6\n|gen|9\n|tier|[Gen 9] Doubles OU\n|rated|\n|rule|Species Clause: Limit one of each Pok\u00e9mon\n|rule|OHKO Clause: OHKO moves are banned\n|rule|Evasion Moves Clause: Evasion moves are banned\n|rule|Gravity Sleep Clause: The combination of sleep-inducing moves with imperfect accuracy and Gravity or Gigantamax Orbeetle are banned\n|rule|Endless Battle Clause: Forcing endless battles is banned\n|rule|HP Percentage Mod: HP is shown in percentages\n|clearpoke\n|poke|p1|Chandelure, M|\n|poke|p1|Milotic, F|\n|poke|p1|Grimmsnarl, M|\n|poke|p1|Farigiraf, M|\n|poke|p1|Hatterene, F|\n|poke|p1|Hydreigon, F|\n|poke|p2|Armarouge, F|\n|poke|p2|Indeedee-F, F|\n|poke|p2|Flutter Mane|\n|poke|p2|Glimmora, M|\n|poke|p2|Iron Hands|\n|poke|p2|Chien-Pao|\n|teampreview\n|inactive|Battle timer is ON: inactive players will automatically lose when time's up. (requested by TETRASBINSCIO)\n|\n|t:|1697778513\n|start\n|switch|p1a: Hatterene|Hatterene, F|100\/100\n|switch|p1b: Milotic|Milotic, F, shiny|100\/100\n|switch|p2a: Henso|Iron Hands|100\/100\n|switch|p2b: Chien|Chien-Pao|100\/100\n|-ability|p2b: Chien|Sword of Ruin\n|turn|1\n|\n|t:|1697778534\n|move|p2b: Chien|Sucker Punch||[still]\n|-fail|p2b: Chien\n|move|p1b: Milotic|Draining Kiss|p2b: Chien\n|-supereffective|p2b: Chien\n|-damage|p2b: Chien|52\/100\n|-damage|p1b: Milotic|84\/100|[from] item: Rocky Helmet|[of] p2b: Chien\n|move|p2a: Henso|Wild Charge|p1b: Milotic\n|-supereffective|p1b: Milotic\n|-damage|p1b: Milotic|0 fnt\n|faint|p1b: Milotic\n|-damage|p2a: Henso|87\/100|[from] Recoil\n|move|p1a: Hatterene|Trick Room|p1a: Hatterene\n|-fieldstart|move: Trick Room|[of] p1a: Hatterene\n|\n|upkeep\n|\n|t:|1697778547\n|switch|p1b: Chandelure|Chandelure, M, shiny|100\/100\n|turn|2\n|\n|t:|1697778574\n|-end|p2a: Henso|Quark Drive|[silent]\n|switch|p2a: Wyster|Glimmora, M|100\/100\n|switch|p2b: Demigodes|Armarouge, F|100\/100\n|move|p1a: Hatterene|Mystical Fire|p2a: Wyster\n|-resisted|p2a: Wyster\n|-damage|p2a: Wyster|89\/100\n|-unboost|p2a: Wyster|spa|1\n|move|p1b: Chandelure|Flamethrower|p2b: Demigodes\n|-start|p2b: Demigodes|ability: Flash Fire\n|\n|upkeep\n|turn|3\n|\n|t:|1697778598\n|switch|p1b: Grimmsnarl|Grimmsnarl, M, shiny|100\/100\n|move|p1a: Hatterene|Giga Drain|p2a: Wyster\n|-damage|p2a: Wyster|64\/100\n|move|p2b: Demigodes|Expanding Force|p1a: Hatterene\n|-resisted|p1a: Hatterene\n|-damage|p1a: Hatterene|76\/100\n|move|p2a: Wyster|Earth Power|p1b: Grimmsnarl\n|-damage|p1b: Grimmsnarl|76\/100\n|-unboost|p1b: Grimmsnarl|spd|1\n|\n|-heal|p1b: Grimmsnarl|82\/100|[from] item: Leftovers\n|upkeep\n|turn|4\n|\n|t:|1697778619\n|move|p1b: Grimmsnarl|Fake Out|p2b: Demigodes\n|-damage|p2b: Demigodes|87\/100\n|move|p1a: Hatterene|Dazzling Gleam|p2b: Demigodes|[spread] p2a,p2b\n|-resisted|p2a: Wyster\n|-resisted|p2b: Demigodes\n|-damage|p2a: Wyster|51\/100\n|-damage|p2b: Demigodes|71\/100\n|cant|p2b: Demigodes|flinch\n|move|p2a: Wyster|Power Gem|p1b: Grimmsnarl\n|-damage|p1b: Grimmsnarl|36\/100\n|\n|-heal|p1b: Grimmsnarl|42\/100|[from] item: Leftovers\n|upkeep\n|turn|5\n|\n|t:|1697778638\n|move|p1b: Grimmsnarl|Sucker Punch|p2b: Demigodes\n|-supereffective|p2b: Demigodes\n|-damage|p2b: Demigodes|0 fnt\n|faint|p2b: Demigodes\n|move|p1a: Hatterene|Giga Drain|p2a: Wyster\n|-damage|p2a: Wyster|28\/100\n|-heal|p1a: Hatterene|88\/100|[from] drain|[of] p2a: Wyster\n|move|p2a: Wyster|Power Gem|p1b: Grimmsnarl\n|-damage|p1b: Grimmsnarl|0 fnt\n|faint|p1b: Grimmsnarl\n|\n|-fieldend|move: Trick Room\n|upkeep\n|-message|TETRASBINSCIO forfeited.\n|\n|win|munnsy100\n|raw|munnsy100's rating: 1000 &rarr; <strong>1040<\/strong><br \/>(+40 for winning)\n|raw|TETRASBINSCIO's rating: 1000 &rarr; <strong>1000<\/strong><br \/>(+0 for losing)\n|l|\u2606TETRASBINSCIO\n|j|\u2606TETRASBINSCIO\n|player|p2|TETRASBINSCIO|liza\n","uploadtime":1697778645,"views":13,"p1id":"munnsy100","p2id":"tetrasbinscio","formatid":"gen9doublesou","rating":1000,"private":0,"password":""}