{"id":"gen9doublesou-1973355701","p1":"okairobr","p2":"ManitKhurana","format":"[Gen 9] Doubles OU","log":"|j|\u2606okairobr\n|j|\u2606ManitKhurana\n|inactive|Battle timer is ON: inactive players will automatically lose when time's up.\n|t:|1697960635\n|gametype|doubles\n|player|p1|okairobr|unknownf|\n|player|p2|ManitKhurana|ethan-masters|\n|teamsize|p1|4\n|teamsize|p2|4\n|gen|9\n|tier|[Gen 9] Doubles OU\n|rated|Tournament battle\n|rule|Species Clause: Limit one of each Pok\u00e9mon\n|rule|OHKO Clause: OHKO moves are banned\n|rule|Evasion Moves Clause: Evasion moves are banned\n|rule|Gravity Sleep Clause: The combination of sleep-inducing moves with imperfect accuracy and Gravity or Gigantamax Orbeetle are banned\n|rule|Endless Battle Clause: Forcing endless battles is banned\n|rule|HP Percentage Mod: HP is shown in percentages\n|clearpoke\n|poke|p1|Smoliv, F|\n|poke|p1|Nymble, F|\n|poke|p1|Pikachu-Sinnoh, M|\n|poke|p1|Hariyama, F|\n|poke|p2|Petilil, F|\n|poke|p2|Noivern, M|\n|poke|p2|Cleffa, M|\n|poke|p2|Breloom, M|\n|teampreview\n|j|*Lady Monita \u263d\n|inactive|ManitKhurana also wants the timer to be on.\n|\n|t:|1697960663\n|start\n|switch|p1a: Smoliv|Smoliv, F|100\/100\n|switch|p1b: Hariyama|Hariyama, F|100\/100\n|switch|p2a: Cleffa|Cleffa, M|100\/100\n|switch|p2b: Breloom|Breloom, M|100\/100\n|turn|1\n|\n|t:|1697960688\n|move|p1b: Hariyama|Fake Out|p2b: Breloom\n|-damage|p2b: Breloom|78\/100\n|cant|p2b: Breloom|flinch\n|move|p1a: Smoliv|Leech Seed|p2a: Cleffa\n|-start|p2a: Cleffa|move: Leech Seed\n|move|p2a: Cleffa|Trick|p1b: Hariyama\n|-activate|p2a: Cleffa|move: Trick|[of] p1b: Hariyama\n|-item|p1b: Hariyama|Toxic Orb|[from] move: Trick\n|-item|p2a: Cleffa|Flame Orb|[from] move: Trick\n|\n|-damage|p2a: Cleffa|88\/100|[from] Leech Seed|[of] p1a: Smoliv\n|-status|p1b: Hariyama|tox|[from] item: Toxic Orb\n|-status|p2a: Cleffa|brn|[from] item: Flame Orb\n|upkeep\n|turn|2\n|\n|t:|1697960715\n|move|p2b: Breloom|Aerial Ace|p1b: Hariyama\n|-supereffective|p1b: Hariyama\n|-damage|p1b: Hariyama|30\/100 tox\n|move|p1b: Hariyama|Drain Punch|p2b: Breloom\n|-damage|p2b: Breloom|0 fnt\n|-heal|p1b: Hariyama|51\/100 tox|[from] drain|[of] p2b: Breloom\n|faint|p2b: Breloom\n|move|p1a: Smoliv|Strength Sap|p2a: Cleffa\n|-unboost|p2a: Cleffa|atk|1\n|move|p2a: Cleffa|Dazzling Gleam|p1a: Smoliv|[spread] p1a,p1b\n|-supereffective|p1b: Hariyama\n|-damage|p1a: Smoliv|77\/100\n|-damage|p1b: Hariyama|14\/100 tox\n|\n|-damage|p2a: Cleffa|76\/100 brn|[from] Leech Seed|[of] p1a: Smoliv\n|-heal|p1a: Smoliv|90\/100|[silent]\n|-damage|p1b: Hariyama|8\/100 tox|[from] psn\n|-damage|p2a: Cleffa|70\/100 brn|[from] brn\n|upkeep\n|inactive|ManitKhurana has 120 seconds left.\n|\n|t:|1697960742\n|switch|p2b: Noivern|Noivern, M|100\/100\n|turn|3\n|inactive|ManitKhurana has 120 seconds left.\n|\n|t:|1697960764\n|-terastallize|p1b: Hariyama|Steel\n|move|p1b: Hariyama|Bullet Punch|p2b: Noivern\n|-crit|p2b: Noivern\n|-damage|p2b: Noivern|38\/100\n|move|p2b: Noivern|Heat Wave|p1b: Hariyama|[spread] p1a,p1b\n|-supereffective|p1a: Smoliv\n|-supereffective|p1b: Hariyama\n|-damage|p1a: Smoliv|43\/100\n|-damage|p1b: Hariyama|0 fnt\n|faint|p1b: Hariyama\n|move|p1a: Smoliv|Leech Seed|p2b: Noivern\n|-start|p2b: Noivern|move: Leech Seed\n|move|p2a: Cleffa|Dazzling Gleam|p1a: Smoliv\n|-crit|p1a: Smoliv\n|-damage|p1a: Smoliv|0 fnt\n|faint|p1a: Smoliv\n|\n|-damage|p2a: Cleffa|64\/100 brn|[from] brn\n|upkeep\n|\n|t:|1697960772\n|switch|p1b: Nymble|Nymble, F|100\/100\n|switch|p1a: Pikachu|Pikachu-Sinnoh, M|100\/100\n|turn|4\n|inactive|ManitKhurana has 120 seconds left.\n|\n|t:|1697960814\n|switch|p2b: Petilil|Petilil, F|100\/100\n|move|p1b: Nymble|Sucker Punch||[still]\n|-fail|p1b: Nymble\n|move|p1a: Pikachu|Wild Charge|p2b: Petilil\n|-resisted|p2b: Petilil\n|-damage|p2b: Petilil|30\/100\n|-enditem|p2b: Petilil|Sitrus Berry|[eat]\n|-heal|p2b: Petilil|55\/100|[from] item: Sitrus Berry\n|-damage|p1a: Pikachu|81\/100|[from] Recoil\n|move|p2a: Cleffa|Flamethrower|p1b: Nymble\n|-supereffective|p1b: Nymble\n|-damage|p1b: Nymble|0 fnt\n|faint|p1b: Nymble\n|\n|-damage|p2a: Cleffa|52\/100 brn|[from] Leech Seed|[of] p1a: Pikachu\n|-heal|p1a: Pikachu|99\/100|[silent]\n|-damage|p2a: Cleffa|46\/100 brn|[from] brn\n|upkeep\n|turn|5\n|inactive|ManitKhurana has 120 seconds left.\n|\n|t:|1697960849\n|move|p1a: Pikachu|Wild Charge|p2b: Petilil\n|-resisted|p2b: Petilil\n|-damage|p2b: Petilil|0 fnt\n|faint|p2b: Petilil\n|-damage|p1a: Pikachu|83\/100|[from] Recoil\n|move|p2a: Cleffa|Shadow Ball|p1a: Pikachu\n|-damage|p1a: Pikachu|34\/100\n|\n|-damage|p2a: Cleffa|34\/100 brn|[from] Leech Seed|[of] p1a: Pikachu\n|-heal|p1a: Pikachu|52\/100|[silent]\n|-damage|p2a: Cleffa|28\/100 brn|[from] brn\n|upkeep\n|inactive|ManitKhurana has 90 seconds left.\n|\n|t:|1697960861\n|switch|p2b: Noivern|Noivern, M|38\/100\n|turn|6\n|\n|t:|1697960876\n|-terastallize|p2b: Noivern|Fairy\n|move|p2b: Noivern|Draco Meteor|p1a: Pikachu\n|-damage|p1a: Pikachu|0 fnt\n|-unboost|p2b: Noivern|spa|2\n|faint|p1a: Pikachu\n|\n|win|ManitKhurana\n|n|\u2606okairobr|okairobr\n|n|\u2606ManitKhurana|manitkhurana\n|n|*Lady Monita \u263d|ladymonita\n|l|*Lady Monita \u263d\n|l|\u2606okairobr\n","uploadtime":1697960886,"views":22,"p1id":"okairobr","p2id":"manitkhurana","formatid":"gen9doublesou","rating":0,"private":0,"password":""}