{"id":"gen9doublesou-1988119533","p1":"CCQB","p2":"Elite.4.Challenger","format":"[Gen 9] Doubles OU","log":"|j|\u203dCCQB\n|j|\u2606Elite.4.Challenger\n|t:|1699671951\n|gametype|doubles\n|player|p1|CCQB|youngster-gen4dp|1469\n|player|p2|Elite.4.Challenger|koga|1346\n|teamsize|p1|6\n|teamsize|p2|6\n|gen|9\n|tier|[Gen 9] Doubles OU\n|rated|\n|rule|Species Clause: Limit one of each Pok\u00e9mon\n|rule|OHKO Clause: OHKO moves are banned\n|rule|Evasion Moves Clause: Evasion moves are banned\n|rule|Gravity Sleep Clause: The combination of sleep-inducing moves with imperfect accuracy and Gravity or Gigantamax Orbeetle are banned\n|rule|Endless Battle Clause: Forcing endless battles is banned\n|rule|HP Percentage Mod: HP is shown in percentages\n|clearpoke\n|poke|p1|Tyranitar, F|\n|poke|p1|Lycanroc, F|\n|poke|p1|Garchomp, F|\n|poke|p1|Landorus-Therian, M|\n|poke|p1|Scizor, F|\n|poke|p1|Kingambit, F|\n|poke|p2|Zapdos|\n|poke|p2|Grimmsnarl, M|\n|poke|p2|Basculegion-F, F|\n|poke|p2|Goodra-Hisui, F|\n|poke|p2|Politoed, M|\n|poke|p2|Toxicroak, F|\n|teampreview\n|inactive|Battle timer is ON: inactive players will automatically lose when time's up. (requested by CCQB)\n|\n|t:|1699671971\n|start\n|switch|p1a: Tyranitar|Tyranitar, F|100\/100\n|switch|p1b: Garchomp|Garchomp, F|100\/100\n|switch|p2a: Gollum|Grimmsnarl, M|100\/100\n|switch|p2b: Big Bird|Zapdos|100\/100\n|-weather|Sandstorm|[from] ability: Sand Stream|[of] p1a: Tyranitar\n|turn|1\n|\n|t:|1699671983\n|switch|p1b: Kingambit|Kingambit, F|100\/100\n|switch|p1a: Landorus|Landorus-Therian, M|100\/100\n|-ability|p1a: Landorus|Intimidate|boost\n|-unboost|p2a: Gollum|atk|1\n|-unboost|p2b: Big Bird|atk|1\n|move|p2b: Big Bird|Tailwind|p2b: Big Bird\n|-sidestart|p2: Elite.4.Challenger|move: Tailwind\n|move|p2a: Gollum|Play Rough|p1b: Kingambit\n|-damage|p1b: Kingambit|77\/100\n|\n|-weather|Sandstorm|[upkeep]\n|-damage|p2b: Big Bird|94\/100|[from] Sandstorm\n|-damage|p2a: Gollum|94\/100|[from] Sandstorm\n|upkeep\n|turn|2\n|\n|t:|1699672006\n|move|p2a: Gollum|Reflect|p2a: Gollum\n|-sidestart|p2: Elite.4.Challenger|Reflect\n|move|p2b: Big Bird|Volt Switch|p1b: Kingambit\n|-damage|p1b: Kingambit|39\/100\n|\n|t:|1699672011\n|switch|p2b: Kermit the Frog|Politoed, M|100\/100|[from] Volt Switch\n|-weather|RainDance|[from] ability: Drizzle|[of] p2b: Kermit the Frog\n|move|p1a: Landorus|Rock Slide|p2a: Gollum|[spread] p2a,p2b\n|-damage|p2a: Gollum|75\/100\n|-damage|p2b: Kermit the Frog|86\/100\n|-enditem|p2b: Kermit the Frog|Eject Button\n|\n|t:|1699672027\n|switch|p2b: Michael Phelps|Basculegion-F, F|100\/100\n|move|p1b: Kingambit|Iron Head|p2a: Gollum\n|-supereffective|p2a: Gollum\n|-damage|p2a: Gollum|0 fnt\n|faint|p2a: Gollum\n|\n|-weather|RainDance|[upkeep]\n|upkeep\n|inactive|Elite.4.Challenger has 120 seconds left.\n|\n|t:|1699672041\n|switch|p2a: Kermit the Frog|Politoed, M|86\/100\n|turn|3\n|\n|t:|1699672055\n|switch|p1a: Garchomp|Garchomp, F|100\/100\n|-terastallize|p2b: Michael Phelps|Ice\n|move|p2a: Kermit the Frog|Helping Hand|p2b: Michael Phelps\n|-singleturn|p2b: Michael Phelps|Helping Hand|[of] p2a: Kermit the Frog\n|move|p1b: Kingambit|Sucker Punch|p2b: Michael Phelps\n|-crit|p2b: Michael Phelps\n|-damage|p2b: Michael Phelps|16\/100\n|move|p2b: Michael Phelps|Surf|p1b: Kingambit|[spread] p2a,p1a,p1b\n|-resisted|p2a: Kermit the Frog\n|-damage|p2a: Kermit the Frog|52\/100\n|-damage|p1a: Garchomp|0 fnt\n|-damage|p1b: Kingambit|0 fnt\n|faint|p1a: Garchomp\n|faint|p1b: Kingambit\n|-end|p1b: Kingambit|fallenundefined|[silent]\n|\n|-weather|RainDance|[upkeep]\n|upkeep\n|\n|t:|1699672073\n|switch|p1a: Tyranitar|Tyranitar, F|100\/100\n|switch|p1b: Lycanroc|Lycanroc, F|100\/100\n|-weather|Sandstorm|[from] ability: Sand Stream|[of] p1a: Tyranitar\n|turn|4\n|\n|t:|1699672088\n|switch|p2b: Kermit the Dawg|Toxicroak, F|100\/100\n|switch|p2a: James Murray|Goodra-Hisui, F|100\/100\n|move|p1b: Lycanroc|Rock Slide|p2b: Kermit the Dawg|[spread] p2a,p2b\n|-resisted|p2a: James Murray\n|-resisted|p2b: Kermit the Dawg\n|-damage|p2a: James Murray|92\/100\n|-damage|p2b: Kermit the Dawg|85\/100\n|move|p1a: Tyranitar|Rock Slide|p2b: Kermit the Dawg|[spread] p2a,p2b\n|-resisted|p2a: James Murray\n|-crit|p2a: James Murray\n|-resisted|p2b: Kermit the Dawg\n|-damage|p2a: James Murray|69\/100\n|-damage|p2b: Kermit the Dawg|69\/100\n|\n|-weather|Sandstorm|[upkeep]\n|-damage|p2b: Kermit the Dawg|63\/100|[from] Sandstorm\n|-sideend|p2: Elite.4.Challenger|move: Tailwind\n|upkeep\n|turn|5\n|inactive|Elite.4.Challenger has 120 seconds left.\n|\n|t:|1699672128\n|switch|p1a: Landorus|Landorus-Therian, M|100\/100\n|-ability|p1a: Landorus|Intimidate|boost\n|-unboost|p2a: James Murray|atk|1\n|-unboost|p2b: Kermit the Dawg|atk|1\n|move|p2b: Kermit the Dawg|Fake Out|p1b: Lycanroc\n|-resisted|p1b: Lycanroc\n|-damage|p1b: Lycanroc|92\/100\n|-damage|p2b: Kermit the Dawg|53\/100|[from] item: Life Orb\n|cant|p1b: Lycanroc|flinch\n|move|p2a: James Murray|Life Dew|p2a: James Murray|[spread] p2a\n|-heal|p2b: Kermit the Dawg|78\/100|[from] ability: Dry Skin|[of] p2a: James Murray\n|-heal|p2a: James Murray|94\/100\n|\n|-weather|Sandstorm|[upkeep]\n|-damage|p2b: Kermit the Dawg|72\/100|[from] Sandstorm\n|upkeep\n|turn|6\n|inactive|Elite.4.Challenger has 120 seconds left.\n|\n|t:|1699672153\n|switch|p2b: Kermit the Frog|Politoed, M|52\/100\n|-weather|RainDance|[from] ability: Drizzle|[of] p2b: Kermit the Frog\n|move|p1a: Landorus|Rock Slide|p2b: Kermit the Frog|[spread] p2a,p2b\n|-resisted|p2a: James Murray\n|-damage|p2a: James Murray|87\/100\n|-damage|p2b: Kermit the Frog|36\/100\n|move|p1b: Lycanroc|Rock Slide|p2b: Kermit the Frog|[spread] p2a,p2b\n|-resisted|p2a: James Murray\n|-damage|p2a: James Murray|77\/100\n|-damage|p2b: Kermit the Frog|17\/100\n|move|p2a: James Murray|Life Dew|p2a: James Murray|[spread] p2a,p2b\n|-heal|p2a: James Murray|100\/100\n|-heal|p2b: Kermit the Frog|42\/100\n|\n|-weather|RainDance|[upkeep]\n|upkeep\n|turn|7\n|\n|t:|1699672169\n|move|p2b: Kermit the Frog|Protect|p2b: Kermit the Frog\n|-singleturn|p2b: Kermit the Frog|Protect\n|move|p1a: Landorus|Rock Slide|p2b: Kermit the Frog|[spread] p2a\n|-activate|p2b: Kermit the Frog|move: Protect\n|-resisted|p2a: James Murray\n|-damage|p2a: James Murray|94\/100\n|move|p1b: Lycanroc|Rock Slide|p2b: Kermit the Frog|[spread] p2a\n|-activate|p2b: Kermit the Frog|move: Protect\n|-resisted|p2a: James Murray\n|-damage|p2a: James Murray|84\/100\n|cant|p2a: James Murray|flinch\n|\n|-weather|RainDance|[upkeep]\n|upkeep\n|turn|8\n|\n|t:|1699672187\n|move|p1a: Landorus|Rock Slide|p2a: James Murray|[spread] p2a,p2b\n|-resisted|p2a: James Murray\n|-damage|p2a: James Murray|77\/100\n|-damage|p2b: Kermit the Frog|27\/100\n|move|p1b: Lycanroc|Rock Slide|p2b: Kermit the Frog|[spread] p2a,p2b\n|-resisted|p2a: James Murray\n|-damage|p2a: James Murray|68\/100\n|-damage|p2b: Kermit the Frog|8\/100\n|move|p2b: Kermit the Frog|Surf|p1a: Landorus|[spread] p2a,p1a,p1b\n|-resisted|p2a: James Murray\n|-supereffective|p1a: Landorus\n|-supereffective|p1b: Lycanroc\n|-damage|p2a: James Murray|60\/100\n|-damage|p1a: Landorus|20\/100\n|-damage|p1b: Lycanroc|3\/100\n|cant|p2a: James Murray|flinch\n|\n|-weather|RainDance|[upkeep]\n|upkeep\n|turn|9\n|\n|t:|1699672207\n|move|p2b: Kermit the Frog|Protect|p2b: Kermit the Frog\n|-singleturn|p2b: Kermit the Frog|Protect\n|move|p1a: Landorus|Rock Slide|p2b: Kermit the Frog|[spread] p2a\n|-activate|p2b: Kermit the Frog|move: Protect\n|-resisted|p2a: James Murray\n|-damage|p2a: James Murray|53\/100\n|move|p1b: Lycanroc|Rock Slide|p2a: James Murray|[spread] p2a\n|-activate|p2b: Kermit the Frog|move: Protect\n|-resisted|p2a: James Murray\n|-damage|p2a: James Murray|44\/100\n|cant|p2a: James Murray|flinch\n|\n|-weather|RainDance|[upkeep]\n|-sideend|p2: Elite.4.Challenger|Reflect\n|upkeep\n|turn|10\n|\n|t:|1699672225\n|switch|p2b: Kermit the Dawg|Toxicroak, F|72\/100\n|move|p1a: Landorus|Rock Slide|p2b: Kermit the Dawg|[spread] p2a\n|-miss|p1a: Landorus|p2b: Kermit the Dawg\n|-resisted|p2a: James Murray\n|-damage|p2a: James Murray|32\/100\n|move|p1b: Lycanroc|Rock Slide|p2b: Kermit the Dawg|[spread] p2a,p2b\n|-resisted|p2a: James Murray\n|-resisted|p2b: Kermit the Dawg\n|-damage|p2a: James Murray|20\/100\n|-damage|p2b: Kermit the Dawg|49\/100\n|-enditem|p2a: James Murray|Iapapa Berry|[eat]\n|-heal|p2a: James Murray|53\/100|[from] item: Iapapa Berry\n|move|p2a: James Murray|Life Dew|p2a: James Murray|[spread] p2a\n|-heal|p2b: Kermit the Dawg|74\/100|[from] ability: Dry Skin|[of] p2a: James Murray\n|-heal|p2a: James Murray|78\/100\n|\n|-weather|none\n|upkeep\n|turn|11\n|\n|t:|1699672248\n|move|p2b: Kermit the Dawg|Fake Out|p1b: Lycanroc\n|-resisted|p1b: Lycanroc\n|-damage|p1b: Lycanroc|0 fnt\n|faint|p1b: Lycanroc\n|-damage|p2b: Kermit the Dawg|64\/100|[from] item: Life Orb\n|move|p1a: Landorus|Rock Slide|p2a: James Murray|[spread] p2a\n|-miss|p1a: Landorus|p2b: Kermit the Dawg\n|-resisted|p2a: James Murray\n|-damage|p2a: James Murray|67\/100\n|cant|p2a: James Murray|flinch\n|\n|upkeep\n|\n|t:|1699672252\n|switch|p1b: Tyranitar|Tyranitar, F|100\/100\n|-weather|Sandstorm|[from] ability: Sand Stream|[of] p1b: Tyranitar\n|turn|12\n|\n|t:|1699672265\n|switch|p1b: Scizor|Scizor, F|100\/100\n|move|p1a: Landorus|Rock Slide|p2b: Kermit the Dawg|[spread] p2a,p2b\n|-resisted|p2a: James Murray\n|-resisted|p2b: Kermit the Dawg\n|-damage|p2a: James Murray|57\/100\n|-damage|p2b: Kermit the Dawg|47\/100\n|move|p2b: Kermit the Dawg|Close Combat|p1b: Scizor\n|-damage|p1b: Scizor|26\/100\n|-unboost|p2b: Kermit the Dawg|def|1\n|-unboost|p2b: Kermit the Dawg|spd|1\n|-damage|p2b: Kermit the Dawg|37\/100|[from] item: Life Orb\n|move|p2a: James Murray|Life Dew|p2a: James Murray|[spread] p2a\n|-heal|p2b: Kermit the Dawg|62\/100|[from] ability: Dry Skin|[of] p2a: James Murray\n|-heal|p2a: James Murray|82\/100\n|\n|-weather|Sandstorm|[upkeep]\n|-damage|p2b: Kermit the Dawg|56\/100|[from] Sandstorm\n|upkeep\n|turn|13\n|inactive|Elite.4.Challenger has 120 seconds left.\n|\n|t:|1699672309\n|move|p1a: Landorus|Rock Slide|p2a: James Murray|[spread] p2a,p2b\n|-resisted|p2a: James Murray\n|-resisted|p2b: Kermit the Dawg\n|-damage|p2a: James Murray|71\/100\n|-damage|p2b: Kermit the Dawg|27\/100\n|move|p2b: Kermit the Dawg|Close Combat|p1b: Scizor\n|-damage|p1b: Scizor|0 fnt\n|-unboost|p2b: Kermit the Dawg|def|1\n|-unboost|p2b: Kermit the Dawg|spd|1\n|faint|p1b: Scizor\n|-damage|p2b: Kermit the Dawg|17\/100|[from] item: Life Orb\n|move|p2a: James Murray|Dragon Pulse|p1a: Landorus\n|-damage|p1a: Landorus|0 fnt\n|faint|p1a: Landorus\n|\n|-weather|Sandstorm|[upkeep]\n|-damage|p2b: Kermit the Dawg|11\/100|[from] Sandstorm\n|upkeep\n|\n|t:|1699672317\n|switch|p1b: Tyranitar|Tyranitar, F|100\/100\n|turn|14\n|\n|t:|1699672329\n|-terastallize|p1b: Tyranitar|Rock\n|move|p1b: Tyranitar|Rock Slide|p2a: James Murray|[spread] p2a,p2b\n|-resisted|p2a: James Murray\n|-resisted|p2b: Kermit the Dawg\n|-damage|p2a: James Murray|50\/100\n|-damage|p2b: Kermit the Dawg|0 fnt\n|faint|p2b: Kermit the Dawg\n|cant|p2a: James Murray|flinch\n|\n|-weather|Sandstorm|[upkeep]\n|upkeep\n|\n|t:|1699672337\n|switch|p2b: Kermit the Frog|Politoed, M|8\/100\n|-weather|RainDance|[from] ability: Drizzle|[of] p2b: Kermit the Frog\n|turn|15\n|\n|t:|1699672342\n|move|p1b: Tyranitar|Rock Slide|p2b: Kermit the Frog|[spread] p2a,p2b\n|-resisted|p2a: James Murray\n|-damage|p2a: James Murray|31\/100\n|-damage|p2b: Kermit the Frog|0 fnt\n|faint|p2b: Kermit the Frog\n|move|p2a: James Murray|Life Dew|p2a: James Murray\n|-heal|p2a: James Murray|56\/100\n|\n|-weather|RainDance|[upkeep]\n|upkeep\n|\n|t:|1699672350\n|switch|p2b: Michael Phelps|Basculegion-F, F, tera:Ice|16\/100\n|turn|16\n|\n|t:|1699672354\n|move|p2b: Michael Phelps|Surf|p1b: Tyranitar|[spread] p2a,p1b\n|-resisted|p2a: James Murray\n|-supereffective|p1b: Tyranitar\n|-damage|p2a: James Murray|36\/100\n|-damage|p1b: Tyranitar|0 fnt\n|faint|p1b: Tyranitar\n|\n|win|Elite.4.Challenger\n|raw|CCQB's rating: 1481 &rarr; <strong>1454<\/strong><br \/>(-27 for losing)\n|raw|Elite.4.Challenger's rating: 1346 &rarr; <strong>1373<\/strong><br \/>(+27 for winning)\n|l|\u203dCCQB\n","uploadtime":1699672632,"views":21,"p1id":"ccqb","p2id":"elite4challenger","formatid":"gen9doublesou","rating":1373,"private":0,"password":""}