{"id":"gen9doublesou-1970292646","p1":"c9c.store","p2":"test 99 ou","format":"[Gen 9] Doubles OU","log":"|j|\u2606c9c.store\n|j|\u2606test 99 ou\n|t:|1697623404\n|gametype|doubles\n|player|p1|c9c.store|170|1412\n|player|p2|test 99 ou|lady|1307\n|teamsize|p1|6\n|teamsize|p2|6\n|gen|9\n|tier|[Gen 9] Doubles OU\n|rated|\n|rule|Species Clause: Limit one of each Pok\u00e9mon\n|rule|OHKO Clause: OHKO moves are banned\n|rule|Evasion Moves Clause: Evasion moves are banned\n|rule|Gravity Sleep Clause: The combination of sleep-inducing moves with imperfect accuracy and Gravity or Gigantamax Orbeetle are banned\n|rule|Endless Battle Clause: Forcing endless battles is banned\n|rule|HP Percentage Mod: HP is shown in percentages\n|clearpoke\n|poke|p1|Indeedee-F, F|\n|poke|p1|Lilligant-Hisui, F|\n|poke|p1|Torkoal, M|\n|poke|p1|Thundurus, M|\n|poke|p1|Enamorus, F|\n|poke|p1|Roaring Moon|\n|poke|p2|Ninetales-Alola, M|\n|poke|p2|Baxcalibur, F|\n|poke|p2|Iron Bundle|\n|poke|p2|Heatran, M|\n|poke|p2|Iron Hands|\n|poke|p2|Ogerpon-Wellspring, F|\n|teampreview\n|inactive|Battle timer is ON: inactive players will automatically lose when time's up. (requested by c9c.store)\n|inactive|test 99 ou has 120 seconds left.\n|\n|t:|1697623466\n|start\n|switch|p1a: Torkoal|Torkoal, M|100\/100\n|switch|p1b: Lilligant|Lilligant-Hisui, F|100\/100\n|switch|p2a: best looking mon|Ninetales-Alola, M|100\/100\n|switch|p2b: Iron Hands|Iron Hands|100\/100\n|-weather|Snow|[from] ability: Snow Warning|[of] p2a: best looking mon\n|-weather|SunnyDay|[from] ability: Drought|[of] p1a: Torkoal\n|turn|1\n|inactive|test 99 ou has 120 seconds left.\n|\n|t:|1697623499\n|switch|p1b: Indeedee|Indeedee-F, F|100\/100\n|-fieldstart|move: Psychic Terrain|[from] ability: Psychic Surge|[of] p1b: Indeedee\n|move|p2a: best looking mon|Hypnosis|p1b: Indeedee\n|-status|p1b: Indeedee|slp|[from] move: Hypnosis\n|move|p2b: Iron Hands|Stomping Tantrum|p1a: Torkoal\n|-supereffective|p1a: Torkoal\n|-damage|p1a: Torkoal|57\/100\n|move|p1a: Torkoal|Eruption|p2a: best looking mon|[spread] p2a,p2b\n|-supereffective|p2a: best looking mon\n|-damage|p2a: best looking mon|24\/100\n|-damage|p2b: Iron Hands|74\/100\n|\n|-weather|SunnyDay|[upkeep]\n|upkeep\n|turn|2\n|\n|t:|1697623516\n|switch|p2a: Heatran|Heatran, M|100\/100\n|cant|p1b: Indeedee|slp\n|move|p2b: Iron Hands|Stomping Tantrum|p1a: Torkoal\n|-supereffective|p1a: Torkoal\n|-damage|p1a: Torkoal|14\/100\n|move|p1a: Torkoal|Heat Wave|p2b: Iron Hands|[spread] p2b\n|-start|p2a: Heatran|ability: Flash Fire\n|-damage|p2b: Iron Hands|48\/100\n|-status|p2b: Iron Hands|brn\n|\n|-weather|SunnyDay|[upkeep]\n|-damage|p2b: Iron Hands|42\/100 brn|[from] brn\n|upkeep\n|turn|3\n|\n|t:|1697623543\n|-end|p2b: Iron Hands|Quark Drive|[silent]\n|switch|p2b: best looking mon|Ninetales-Alola, M|24\/100\n|-weather|Snow|[from] ability: Snow Warning|[of] p2b: best looking mon\n|cant|p1b: Indeedee|slp\n|move|p2a: Heatran|Earth Power|p1a: Torkoal\n|-supereffective|p1a: Torkoal\n|-damage|p1a: Torkoal|0 fnt\n|faint|p1a: Torkoal\n|\n|-weather|Snow|[upkeep]\n|upkeep\n|\n|t:|1697623550\n|switch|p1a: Roaring Moon|Roaring Moon|100\/100\n|turn|4\n|\n|t:|1697623566\n|-curestatus|p1b: Indeedee|slp|[msg]\n|move|p1b: Indeedee|Follow Me|p1b: Indeedee\n|-singleturn|p1b: Indeedee|move: Follow Me\n|move|p1a: Roaring Moon|Rock Slide|p2a: Heatran|[spread] p2a\n|-miss|p1a: Roaring Moon|p2b: best looking mon\n|-damage|p2a: Heatran|83\/100\n|move|p2b: best looking mon|Aurora Veil|p2b: best looking mon\n|-sidestart|p2: test 99 ou|move: Aurora Veil\n|cant|p2a: Heatran|flinch\n|\n|-weather|Snow|[upkeep]\n|upkeep\n|turn|5\n|\n|t:|1697623587\n|switch|p2b: Baxcalibur|Baxcalibur, F|100\/100\n|move|p1b: Indeedee|Follow Me|p1b: Indeedee\n|-singleturn|p1b: Indeedee|move: Follow Me\n|move|p1a: Roaring Moon|Rock Slide|p2a: Heatran|[spread] p2a,p2b\n|-supereffective|p2b: Baxcalibur\n|-damage|p2a: Heatran|71\/100\n|-damage|p2b: Baxcalibur|81\/100\n|cant|p2a: Heatran|flinch\n|\n|-weather|Snow|[upkeep]\n|upkeep\n|turn|6\n|\n|t:|1697623601\n|move|p1b: Indeedee|Protect|p1b: Indeedee\n|-singleturn|p1b: Indeedee|Protect\n|move|p1a: Roaring Moon|Earthquake|p2a: Heatran|[spread] p2a,p2b\n|-activate|p1b: Indeedee|move: Protect\n|-supereffective|p2a: Heatran\n|-damage|p2a: Heatran|10\/100\n|-damage|p2b: Baxcalibur|69\/100\n|move|p2b: Baxcalibur|Swords Dance|p2b: Baxcalibur\n|-boost|p2b: Baxcalibur|atk|2\n|move|p2a: Heatran|Lava Plume|p1a: Roaring Moon|[spread] p2b,p1a\n|-activate|p1b: Indeedee|move: Protect\n|-resisted|p1a: Roaring Moon\n|-damage|p2b: Baxcalibur|34\/100\n|-damage|p1a: Roaring Moon|77\/100\n|-status|p1a: Roaring Moon|brn\n|-ability|p2b: Baxcalibur|Thermal Exchange|boost\n|-boost|p2b: Baxcalibur|atk|1\n|\n|-weather|Snow|[upkeep]\n|-damage|p1a: Roaring Moon|71\/100 brn|[from] brn\n|upkeep\n|turn|7\n|inactive|test 99 ou has 120 seconds left.\n|\n|t:|1697623631\n|move|p1a: Roaring Moon|Earthquake|p2a: Heatran|[spread] p1b,p2a,p2b\n|-supereffective|p2a: Heatran\n|-damage|p1b: Indeedee|87\/100\n|-damage|p2a: Heatran|0 fnt\n|-damage|p2b: Baxcalibur|29\/100\n|faint|p2a: Heatran\n|move|p2b: Baxcalibur|Scale Shot|p1a: Roaring Moon\n|-supereffective|p1a: Roaring Moon\n|-damage|p1a: Roaring Moon|0 fnt\n|faint|p1a: Roaring Moon\n|-end|p1a: Roaring Moon|Protosynthesis|[silent]\n|-hitcount|p1: Roaring Moon|1\n|-unboost|p2b: Baxcalibur|def|1\n|-boost|p2b: Baxcalibur|spe|1\n|move|p1b: Indeedee|Psychic|p2b: Baxcalibur\n|-damage|p2b: Baxcalibur|1\/100\n|\n|-weather|none\n|upkeep\n|\n|t:|1697623651\n|switch|p1a: Enamorus|Enamorus, F|100\/100\n|switch|p2a: Iron Hands|Iron Hands|42\/100 brn\n|turn|8\n|\n|t:|1697623665\n|-terastallize|p1a: Enamorus|Fairy\n|move|p2b: Baxcalibur|Protect|p2b: Baxcalibur\n|-singleturn|p2b: Baxcalibur|Protect\n|move|p1b: Indeedee|Follow Me|p1b: Indeedee\n|-singleturn|p1b: Indeedee|move: Follow Me\n|move|p1a: Enamorus|Springtide Storm|p2a: Iron Hands|[spread] \n|-activate|p2b: Baxcalibur|move: Protect\n|-miss|p1a: Enamorus|p2a: Iron Hands\n|move|p2a: Iron Hands|Wild Charge|p1b: Indeedee\n|-damage|p1b: Indeedee|63\/100\n|-damage|p2a: Iron Hands|38\/100 brn|[from] Recoil\n|\n|-damage|p2a: Iron Hands|32\/100 brn|[from] brn\n|-fieldend|move: Psychic Terrain\n|upkeep\n|turn|9\n|\n|t:|1697623686\n|move|p2b: Baxcalibur|Protect|p2b: Baxcalibur\n|-singleturn|p2b: Baxcalibur|Protect\n|move|p1b: Indeedee|Follow Me|p1b: Indeedee\n|-singleturn|p1b: Indeedee|move: Follow Me\n|move|p1a: Enamorus|Springtide Storm|p2a: Iron Hands|[spread] \n|-activate|p2b: Baxcalibur|move: Protect\n|-miss|p1a: Enamorus|p2a: Iron Hands\n|move|p2a: Iron Hands|Wild Charge|p1b: Indeedee\n|-damage|p1b: Indeedee|38\/100\n|-damage|p2a: Iron Hands|28\/100 brn|[from] Recoil\n|\n|-damage|p2a: Iron Hands|22\/100 brn|[from] brn\n|upkeep\n|turn|10\n|\n|t:|1697623707\n|move|p1b: Indeedee|Follow Me|p1b: Indeedee\n|-singleturn|p1b: Indeedee|move: Follow Me\n|move|p2b: Baxcalibur|Icicle Spear|p1b: Indeedee\n|-damage|p1b: Indeedee|3\/100\n|-damage|p1b: Indeedee|0 fnt\n|faint|p1b: Indeedee\n|-hitcount|p1: Indeedee|2\n|move|p1a: Enamorus|Springtide Storm|p2b: Baxcalibur|[spread] p2a,p2b\n|-supereffective|p2a: Iron Hands\n|-supereffective|p2b: Baxcalibur\n|-damage|p2a: Iron Hands|0 fnt\n|-damage|p2b: Baxcalibur|0 fnt\n|faint|p2a: Iron Hands\n|-end|p2a: Iron Hands|Quark Drive|[silent]\n|faint|p2b: Baxcalibur\n|\n|upkeep\n|\n|t:|1697623727\n|switch|p2b: best looking mon|Ninetales-Alola, M|24\/100\n|switch|p1b: Thundurus|Thundurus, M|100\/100\n|switch|p2a: Iron Bundle|Iron Bundle|100\/100\n|-weather|Snow|[from] ability: Snow Warning|[of] p2b: best looking mon\n|-enditem|p2a: Iron Bundle|Booster Energy\n|-activate|p2a: Iron Bundle|ability: Quark Drive|[fromitem]\n|-start|p2a: Iron Bundle|quarkdrivespe\n|turn|11\n|\n|t:|1697623756\n|-terastallize|p2a: Iron Bundle|Ice\n|move|p1a: Enamorus|Protect|p1a: Enamorus\n|-singleturn|p1a: Enamorus|Protect\n|move|p1b: Thundurus|Thunder Wave|p2a: Iron Bundle\n|-status|p2a: Iron Bundle|par\n|move|p2b: best looking mon|Hypnosis|p1a: Enamorus\n|-activate|p1a: Enamorus|move: Protect\n|cant|p2a: Iron Bundle|par\n|\n|-weather|Snow|[upkeep]\n|-sideend|p2: test 99 ou|move: Aurora Veil\n|upkeep\n|turn|12\n|\n|t:|1697623778\n|move|p1b: Thundurus|Eerie Impulse|p1a: Enamorus\n|-boost|p1a: Enamorus|spa|2\n|move|p2b: best looking mon|Encore|p1a: Enamorus\n|-start|p1a: Enamorus|Encore\n|move|p1a: Enamorus|Protect||[still]\n|-fail|p1a: Enamorus\n|cant|p2a: Iron Bundle|par\n|\n|-weather|Snow|[upkeep]\n|upkeep\n|turn|13\n|c|\u2606test 99 ou|bruh+\n|\n|t:|1697623801\n|move|p1a: Enamorus|Protect|p1a: Enamorus\n|-singleturn|p1a: Enamorus|Protect\n|move|p1b: Thundurus|Wildbolt Storm|p2a: Iron Bundle|[spread] p2a,p2b\n|-damage|p2a: Iron Bundle|20\/100 par\n|-damage|p2b: best looking mon|0 fnt\n|faint|p2b: best looking mon\n|move|p2a: Iron Bundle|Freeze-Dry|p1b: Thundurus\n|-supereffective|p1b: Thundurus\n|-enditem|p1b: Thundurus|Focus Sash\n|-damage|p1b: Thundurus|1\/100\n|\n|-weather|Snow|[upkeep]\n|upkeep\n|\n|t:|1697623807\n|switch|p2b: Ogerpon|Ogerpon-Wellspring, F|100\/100\n|turn|14\n|\n|t:|1697623821\n|move|p1a: Enamorus|Protect||[still]\n|-fail|p1a: Enamorus\n|move|p1b: Thundurus|Thunder Wave|p2b: Ogerpon\n|-status|p2b: Ogerpon|par\n|move|p2a: Iron Bundle|Icy Wind|p1a: Enamorus|[spread] p1a,p1b\n|-supereffective|p1b: Thundurus\n|-damage|p1a: Enamorus|53\/100\n|-damage|p1b: Thundurus|0 fnt\n|-boost|p1a: Enamorus|spe|1\n|faint|p1b: Thundurus\n|move|p2b: Ogerpon|Horn Leech|p1a: Enamorus\n|-crit|p1a: Enamorus\n|-damage|p1a: Enamorus|0 fnt\n|faint|p1a: Enamorus\n|\n|-weather|Snow|[upkeep]\n|upkeep\n|\n|t:|1697623825\n|switch|p1b: Lilligant|Lilligant-Hisui, F|100\/100\n|turn|15\n|\n|t:|1697623839\n|move|p1b: Lilligant|Solar Blade||[still]\n|-prepare|p1b: Lilligant|Solar Blade\n|cant|p2a: Iron Bundle|par\n|cant|p2b: Ogerpon|par\n|\n|-weather|none\n|upkeep\n|turn|16\n|c|\u2606test 99 ou|FUCKING HELL\n|\n|t:|1697623854\n|move|p1b: Lilligant|Solar Blade|p2b: Ogerpon|[from]lockedmove\n|-damage|p2b: Ogerpon|25\/100 par\n|move|p2a: Iron Bundle|Freeze-Dry|p1b: Lilligant\n|-supereffective|p1b: Lilligant\n|-enditem|p1b: Lilligant|Focus Sash\n|-damage|p1b: Lilligant|1\/100\n|move|p2b: Ogerpon|Ivy Cudgel|p1b: Lilligant\n|-resisted|p1b: Lilligant\n|-damage|p1b: Lilligant|0 fnt\n|faint|p1b: Lilligant\n|\n|win|test 99 ou\n|raw|c9c.store's rating: 1412 &rarr; <strong>1386<\/strong><br \/>(-26 for losing)\n|raw|test 99 ou's rating: 1307 &rarr; <strong>1333<\/strong><br \/>(+26 for winning)\n|l|\u2606c9c.store\n|c|\u2606test 99 ou|I HATE THIS GAME\n","uploadtime":1697623874,"views":19,"p1id":"c9cstore","p2id":"test99ou","formatid":"gen9doublesou","rating":1333,"private":0,"password":""}