{"id":"gen9doublesou-1997139922","p1":"Duckgmr425zzz","p2":"ynnig","format":"[Gen 9] Doubles OU","log":"|j|\u2606Duckgmr425zzz\n|j|\u2606ynnig\n|t:|1700768529\n|gametype|doubles\n|player|p1|Duckgmr425zzz|marnie-masters3|1262\n|player|p2|ynnig|cynthia-gen4|1159\n|teamsize|p1|6\n|teamsize|p2|6\n|gen|9\n|tier|[Gen 9] Doubles OU\n|rated|\n|rule|Species Clause: Limit one of each Pok\u00e9mon\n|rule|OHKO Clause: OHKO moves are banned\n|rule|Evasion Moves Clause: Evasion moves are banned\n|rule|Gravity Sleep Clause: The combination of sleep-inducing moves with imperfect accuracy and Gravity or Gigantamax Orbeetle are banned\n|rule|Endless Battle Clause: Forcing endless battles is banned\n|rule|HP Percentage Mod: HP is shown in percentages\n|clearpoke\n|poke|p1|Diancie|\n|poke|p1|Tyranitar, M|\n|poke|p1|Houndstone, M|\n|poke|p1|Flutter Mane|\n|poke|p1|Slowbro-Galar, F|\n|poke|p1|Grimmsnarl, M|\n|poke|p2|Greninja-*, F|\n|poke|p2|Infernape, F|\n|poke|p2|Dudunsparce-*, F|\n|poke|p2|Shaymin-Sky|\n|poke|p2|Diancie|\n|poke|p2|Clefable, F|\n|teampreview\n|inactive|Battle timer is ON: inactive players will automatically lose when time's up. (requested by ynnig)\n|\n|t:|1700768560\n|start\n|switch|p1a: Slowbro|Slowbro-Galar, F|100\/100\n|switch|p1b: Grimace|Grimmsnarl, M|100\/100\n|switch|p2a: Greninja|Greninja, F|100\/100\n|switch|p2b: Infernape|Infernape, F|100\/100\n|turn|1\n|\n|t:|1700768584\n|move|p1b: Grimace|Fake Out|p2b: Infernape\n|-damage|p2b: Infernape|81\/100\n|move|p2a: Greninja|Water Pledge|p1a: Slowbro\n|-waiting|p2a: Greninja|p2b: Infernape\n|cant|p2b: Infernape|flinch\n|move|p1a: Slowbro|Trick Room|p1a: Slowbro\n|-fieldstart|move: Trick Room|[of] p1a: Slowbro\n|\n|upkeep\n|turn|2\n|-activate|p1a: Slowbro|item: Quick Claw\n|\n|t:|1700768609\n|move|p1b: Grimace|Light Screen|p1b: Grimace\n|-sidestart|p1: Duckgmr425zzz|move: Light Screen\n|move|p1a: Slowbro|Toxic|p2a: Greninja\n|-status|p2a: Greninja|tox\n|move|p2b: Infernape|Fire Pledge|p1a: Slowbro\n|-waiting|p2b: Infernape|p2a: Greninja\n|move|p2a: Greninja|Water Pledge|p1a: Slowbro|[from]move: Fire Pledge\n|-start|p2a: Greninja|typechange|Water|[from] ability: Protean\n|-combine\n|-damage|p1a: Slowbro|53\/100\n|-sidestart|p2: ynnig|Water Pledge\n|\n|-damage|p2a: Greninja|95\/100 tox|[from] psn\n|upkeep\n|turn|3\n|\n|t:|1700768635\n|switch|p2b: Shaymin|Shaymin-Sky|100\/100\n|switch|p2a: Dudunsparce|Dudunsparce, F|100\/100\n|move|p1b: Grimace|Parting Shot|p2a: Dudunsparce\n|-unboost|p2a: Dudunsparce|atk|1\n|-unboost|p2a: Dudunsparce|spa|1\n|\n|t:|1700768645\n|switch|p1b: Diancie|Diancie|100\/100|[from] Parting Shot\n|move|p1a: Slowbro|Slack Off|p1a: Slowbro\n|-heal|p1a: Slowbro|100\/100\n|\n|upkeep\n|turn|4\n|\n|t:|1700768663\n|-terastallize|p1b: Diancie|Steel\n|move|p1a: Slowbro|Toxic|p2b: Shaymin\n|-status|p2b: Shaymin|tox\n|move|p1b: Diancie|Diamond Storm|p2b: Shaymin|[spread] p2a,p2b\n|-supereffective|p2b: Shaymin\n|-damage|p2a: Dudunsparce|73\/100\n|-damage|p2b: Shaymin|9\/100 tox\n|-boost|p1b: Diancie|def|2\n|move|p2a: Dudunsparce|Ancient Power|p1a: Slowbro\n|-damage|p1a: Slowbro|95\/100\n|-boost|p2a: Dudunsparce|atk|1\n|-boost|p2a: Dudunsparce|def|1\n|-boost|p2a: Dudunsparce|spa|1\n|-boost|p2a: Dudunsparce|spd|1\n|-boost|p2a: Dudunsparce|spe|1\n|move|p2b: Shaymin|Seed Flare|p1b: Diancie\n|-resisted|p1b: Diancie\n|-damage|p1b: Diancie|90\/100\n|\n|-heal|p2a: Dudunsparce|79\/100|[from] item: Leftovers\n|-damage|p2b: Shaymin|3\/100 tox|[from] psn\n|upkeep\n|turn|5\n|-activate|p1a: Slowbro|item: Quick Claw\n|\n|t:|1700768692\n|move|p1a: Slowbro|Toxic|p2a: Dudunsparce\n|-status|p2a: Dudunsparce|tox\n|move|p1b: Diancie|Diamond Storm|p2b: Shaymin|[spread] p2a,p2b\n|-supereffective|p2b: Shaymin\n|-damage|p2a: Dudunsparce|62\/100 tox\n|-damage|p2b: Shaymin|0 fnt\n|faint|p2b: Shaymin\n|move|p2a: Dudunsparce|Ancient Power|p1a: Slowbro\n|-damage|p1a: Slowbro|86\/100\n|\n|-heal|p2a: Dudunsparce|68\/100 tox|[from] item: Leftovers\n|-damage|p2a: Dudunsparce|62\/100 tox|[from] psn\n|-sideend|p2: ynnig|Water Pledge\n|-fieldend|move: Trick Room\n|upkeep\n|inactive|ynnig has 120 seconds left.\n|\n|t:|1700768717\n|switch|p2b: Infernape|Infernape, F|81\/100\n|turn|6\n|\n|t:|1700768727\n|move|p2b: Infernape|Fake Out|p1b: Diancie\n|-resisted|p1b: Diancie\n|-crit|p1b: Diancie\n|-damage|p1b: Diancie|85\/100\n|move|p2a: Dudunsparce|Baton Pass|p2a: Dudunsparce\n|\n|t:|1700768733\n|switch|p2a: Diancie|Diancie|100\/100|[from] Baton Pass\n|cant|p1b: Diancie|flinch\n|move|p1a: Slowbro|Trick Room|p1a: Slowbro\n|-fieldstart|move: Trick Room|[of] p1a: Slowbro\n|\n|-sideend|p1: Duckgmr425zzz|move: Light Screen\n|upkeep\n|turn|7\n|\n|t:|1700768759\n|switch|p1a: Tyrone|Tyranitar, M|100\/100\n|-weather|Sandstorm|[from] ability: Sand Stream|[of] p1a: Tyrone\n|move|p1b: Diancie|Diamond Storm|p2a: Diancie|[spread] p2a,p2b\n|-damage|p2a: Diancie|83\/100\n|-damage|p2b: Infernape|19\/100\n|-boost|p1b: Diancie|def|2\n|move|p2a: Diancie|Body Press|p1b: Diancie\n|-supereffective|p1b: Diancie\n|-damage|p1b: Diancie|65\/100\n|move|p2b: Infernape|Fire Pledge|p1b: Diancie\n|-supereffective|p1b: Diancie\n|-damage|p1b: Diancie|5\/100\n|\n|-weather|Sandstorm|[upkeep]\n|-damage|p2b: Infernape|13\/100|[from] Sandstorm\n|-heal|p2a: Diancie|89\/100|[from] item: Leftovers\n|upkeep\n|turn|8\n|\n|t:|1700768783\n|move|p1b: Diancie|Diamond Storm|p2a: Diancie|[spread] p2a,p2b\n|-damage|p2a: Diancie|69\/100\n|-damage|p2b: Infernape|0 fnt\n|faint|p2b: Infernape\n|move|p1a: Tyrone|Heavy Slam|p2a: Diancie\n|-supereffective|p2a: Diancie\n|-damage|p2a: Diancie|0 fnt\n|faint|p2a: Diancie\n|\n|-weather|Sandstorm|[upkeep]\n|upkeep\n|-message|ynnig forfeited.\n|\n|win|Duckgmr425zzz\n|raw|Duckgmr425zzz's rating: 1262 &rarr; <strong>1280<\/strong><br \/>(+18 for winning)\n|raw|ynnig's rating: 1159 &rarr; <strong>1141<\/strong><br \/>(-18 for losing)\n|l|\u2606ynnig\n","uploadtime":1700768798,"views":14,"p1id":"duckgmr425zzz","p2id":"ynnig","formatid":"gen9doublesou","rating":1141,"private":0,"password":""}