{"id":"gen9doublesou-1972162526","p1":"Takeyolunchmoney","p2":"TitansTestTeam3T","format":"[Gen 9] Doubles OU","log":"|j|\u2606Takeyolunchmoney\n|j|\u2606TitansTestTeam3T\n|t:|1697817908\n|gametype|doubles\n|player|p1|Takeyolunchmoney|sisandbro|1079\n|player|p2|TitansTestTeam3T|pokefan-gen4|1168\n|teamsize|p1|6\n|teamsize|p2|6\n|gen|9\n|tier|[Gen 9] Doubles OU\n|rated|\n|rule|Species Clause: Limit one of each Pok\u00e9mon\n|rule|OHKO Clause: OHKO moves are banned\n|rule|Evasion Moves Clause: Evasion moves are banned\n|rule|Gravity Sleep Clause: The combination of sleep-inducing moves with imperfect accuracy and Gravity or Gigantamax Orbeetle are banned\n|rule|Endless Battle Clause: Forcing endless battles is banned\n|rule|HP Percentage Mod: HP is shown in percentages\n|clearpoke\n|poke|p1|Indeedee-F, F|\n|poke|p1|Brute Bonnet|\n|poke|p1|Tornadus, M|\n|poke|p1|Flutter Mane|\n|poke|p1|Grimmsnarl, M|\n|poke|p1|Garchomp, F|\n|poke|p2|Glimmora, M|\n|poke|p2|Garganacl, F|\n|poke|p2|Azelf|\n|poke|p2|Okidogi, M|\n|poke|p2|Flutter Mane|\n|poke|p2|Mew|\n|teampreview\n|inactive|Battle timer is ON: inactive players will automatically lose when time's up. (requested by TitansTestTeam3T)\n|\n|t:|1697817933\n|start\n|switch|p1a: Grimmsnarl|Grimmsnarl, M|100\/100\n|switch|p1b: Garchomp|Garchomp, F, shiny|100\/100\n|switch|p2a: Azelf|Azelf|100\/100\n|switch|p2b: Glimmora|Glimmora, M|100\/100\n|turn|1\n|\n|t:|1697817955\n|move|p1a: Grimmsnarl|Fake Out|p2b: Glimmora\n|-resisted|p2b: Glimmora\n|-damage|p2b: Glimmora|96\/100\n|-activate|p2b: Glimmora|ability: Toxic Debris\n|-sidestart|p1: Takeyolunchmoney|move: Toxic Spikes\n|move|p2a: Azelf|Trick|p1a: Grimmsnarl\n|-activate|p2a: Azelf|move: Trick|[of] p1a: Grimmsnarl\n|-item|p1a: Grimmsnarl|Choice Scarf|[from] move: Trick\n|-item|p2a: Azelf|Sitrus Berry|[from] move: Trick\n|move|p1b: Garchomp|Earthquake|p2a: Azelf|[spread] p1a,p2b\n|-immune|p2a: Azelf|[from] ability: Levitate\n|-supereffective|p2b: Glimmora\n|-enditem|p2b: Glimmora|Shuca Berry|[eat]\n|-enditem|p2b: Glimmora|Shuca Berry|[weaken]\n|-damage|p1a: Grimmsnarl|32\/100\n|-damage|p2b: Glimmora|6\/100\n|-activate|p2b: Glimmora|ability: Toxic Debris\n|-sidestart|p1: Takeyolunchmoney|move: Toxic Spikes\n|cant|p2b: Glimmora|flinch\n|\n|upkeep\n|turn|2\n|j| oSo Raw\n|inactive|Takeyolunchmoney has 120 seconds left.\n|inactive|TitansTestTeam3T has 120 seconds left.\n|inactive|Takeyolunchmoney has 90 seconds left.\n|inactive|TitansTestTeam3T has 90 seconds left.\n|l| oSo Raw\n|inactive|Takeyolunchmoney has 60 seconds left.\n|\n|t:|1697818074\n|switch|p1b: Tornadus|Tornadus, M|100\/100\n|move|p1a: Grimmsnarl|Light Screen|p1a: Grimmsnarl\n|-sidestart|p1: Takeyolunchmoney|move: Light Screen\n|move|p2a: Azelf|Explosion|p1a: Grimmsnarl|[spread] p2b,p1a,p1b\n|-resisted|p2b: Glimmora\n|-damage|p2b: Glimmora|0 fnt\n|-damage|p1a: Grimmsnarl|0 fnt\n|-damage|p1b: Tornadus|10\/100\n|faint|p2a: Azelf\n|faint|p2b: Glimmora\n|faint|p1a: Grimmsnarl\n|\n|upkeep\n|\n|t:|1697818100\n|switch|p2a: Flutter Mane|Flutter Mane|100\/100\n|switch|p2b: Okidogi|Okidogi, M|100\/100\n|switch|p1a: Flutter Mane|Flutter Mane|100\/100\n|-status|p1a: Flutter Mane|tox\n|-enditem|p1a: Flutter Mane|Booster Energy\n|-activate|p1a: Flutter Mane|ability: Protosynthesis|[fromitem]\n|-start|p1a: Flutter Mane|protosynthesisspa\n|-enditem|p2a: Flutter Mane|Booster Energy\n|-activate|p2a: Flutter Mane|ability: Protosynthesis|[fromitem]\n|-start|p2a: Flutter Mane|protosynthesisspe\n|turn|3\n|\n|t:|1697818128\n|move|p1a: Flutter Mane|Protect|p1a: Flutter Mane\n|-singleturn|p1a: Flutter Mane|Protect\n|move|p1b: Tornadus|Tailwind|p1b: Tornadus\n|-sidestart|p1: Takeyolunchmoney|move: Tailwind\n|move|p2a: Flutter Mane|Shadow Ball|p1a: Flutter Mane\n|-activate|p1a: Flutter Mane|move: Protect\n|move|p2b: Okidogi|Drain Punch|p1b: Tornadus\n|-resisted|p1b: Tornadus\n|-damage|p1b: Tornadus|0 fnt\n|faint|p1b: Tornadus\n|\n|-damage|p1a: Flutter Mane|95\/100 tox|[from] psn\n|upkeep\n|inactive|Takeyolunchmoney has 30 seconds left.\n|inactive|Takeyolunchmoney has 20 seconds left.\n|\n|t:|1697818151\n|switch|p1b: Brute Bonnet|Brute Bonnet|100\/100\n|-status|p1b: Brute Bonnet|tox\n|turn|4\n|\n|t:|1697818163\n|move|p2a: Flutter Mane|Protect|p2a: Flutter Mane\n|-singleturn|p2a: Flutter Mane|Protect\n|move|p1a: Flutter Mane|Shadow Ball|p2a: Flutter Mane\n|-activate|p2a: Flutter Mane|move: Protect\n|move|p1b: Brute Bonnet|Spore|p2b: Okidogi\n|-status|p2b: Okidogi|slp|[from] move: Spore\n|cant|p2b: Okidogi|slp\n|\n|-damage|p1a: Flutter Mane|83\/100 tox|[from] psn\n|-damage|p1b: Brute Bonnet|94\/100 tox|[from] psn\n|upkeep\n|turn|5\n|j| oSo Raw\n|\n|t:|1697818184\n|move|p1a: Flutter Mane|Shadow Ball|p2a: Flutter Mane\n|-supereffective|p2a: Flutter Mane\n|-damage|p2a: Flutter Mane|0 fnt\n|faint|p2a: Flutter Mane\n|-end|p2a: Flutter Mane|Protosynthesis|[silent]\n|move|p1b: Brute Bonnet|Spore|p2b: Okidogi\n|-fail|p2b: Okidogi|slp\n|cant|p2b: Okidogi|slp\n|\n|-heal|p1b: Brute Bonnet|100\/100 tox|[from] item: Leftovers\n|-damage|p1a: Flutter Mane|65\/100 tox|[from] psn\n|-damage|p1b: Brute Bonnet|88\/100 tox|[from] psn\n|upkeep\n|\n|t:|1697818196\n|switch|p2a: Mew|Mew|100\/100\n|turn|6\n|inactive|Takeyolunchmoney has 60 seconds left.\n|\n|t:|1697818208\n|-terastallize|p1a: Flutter Mane|Fairy\n|move|p1a: Flutter Mane|Dazzling Gleam|p2b: Okidogi|[spread] p2a,p2b\n|-crit|p2a: Mew\n|-damage|p2a: Mew|49\/100\n|-damage|p2b: Okidogi|60\/100 slp\n|move|p1b: Brute Bonnet|Pollen Puff|p2b: Okidogi\n|-resisted|p2b: Okidogi\n|-damage|p2b: Okidogi|57\/100 slp\n|move|p2a: Mew|Pollen Puff|p1b: Brute Bonnet\n|-supereffective|p1b: Brute Bonnet\n|-damage|p1b: Brute Bonnet|52\/100 tox\n|cant|p2b: Okidogi|slp\n|\n|-heal|p1b: Brute Bonnet|58\/100 tox|[from] item: Leftovers\n|-damage|p1a: Flutter Mane|41\/100 tox|[from] psn\n|-damage|p1b: Brute Bonnet|40\/100 tox|[from] psn\n|-sideend|p1: Takeyolunchmoney|move: Light Screen\n|-sideend|p1: Takeyolunchmoney|move: Tailwind\n|upkeep\n|turn|7\n|inactive|Takeyolunchmoney has 60 seconds left.\n|\n|t:|1697818240\n|move|p1a: Flutter Mane|Dazzling Gleam|p2a: Mew|[spread] p2a,p2b\n|-damage|p2a: Mew|11\/100\n|-damage|p2b: Okidogi|14\/100 slp\n|-enditem|p2a: Mew|Aguav Berry|[eat]\n|-heal|p2a: Mew|44\/100|[from] item: Aguav Berry\n|move|p2a: Mew|Pollen Puff|p1b: Brute Bonnet\n|-supereffective|p1b: Brute Bonnet\n|-damage|p1b: Brute Bonnet|0 fnt\n|faint|p1b: Brute Bonnet\n|-end|p1b: Brute Bonnet|Protosynthesis|[silent]\n|-curestatus|p2b: Okidogi|slp|[msg]\n|move|p2b: Okidogi|Gunk Shot|p1a: Flutter Mane\n|-supereffective|p1a: Flutter Mane\n|-damage|p1a: Flutter Mane|0 fnt\n|faint|p1a: Flutter Mane\n|-end|p1a: Flutter Mane|Protosynthesis|[silent]\n|\n|upkeep\n|\n|t:|1697818256\n|switch|p1a: Indeedee|Indeedee-F, F, shiny|100\/100\n|switch|p1b: Garchomp|Garchomp, F, shiny|100\/100\n|-status|p1b: Garchomp|tox\n|-status|p1a: Indeedee|tox\n|-fieldstart|move: Psychic Terrain|[from] ability: Psychic Surge|[of] p1a: Indeedee\n|-enditem|p1a: Indeedee|Psychic Seed\n|-boost|p1a: Indeedee|spd|1|[from] item: Psychic Seed\n|turn|8\n|inactive|Takeyolunchmoney has 60 seconds left.\n|inactive|TitansTestTeam3T has 120 seconds left.\n|\n|t:|1697818286\n|move|p1a: Indeedee|Fake Out|p2a: Mew\n|-activate|p2a: Mew|move: Psychic Terrain\n|move|p1b: Garchomp|Earthquake|p2b: Okidogi|[spread] p1a,p2a,p2b\n|-supereffective|p2b: Okidogi\n|-damage|p1a: Indeedee|31\/100 tox\n|-damage|p2a: Mew|0 fnt\n|-damage|p2b: Okidogi|0 fnt\n|faint|p2a: Mew\n|faint|p2b: Okidogi\n|\n|-damage|p1b: Garchomp|94\/100 tox|[from] psn\n|-damage|p1a: Indeedee|25\/100 tox|[from] psn\n|upkeep\n|inactive|TitansTestTeam3T has 120 seconds left.\n|\n|t:|1697818298\n|switch|p2b: Garganacl|Garganacl, F|100\/100\n|turn|9\n|\n|t:|1697818306\n|-terastallize|p2b: Garganacl|Ghost\n|move|p1a: Indeedee|Protect|p1a: Indeedee\n|-singleturn|p1a: Indeedee|Protect\n|move|p1b: Garchomp|Earthquake|p2b: Garganacl|[spread] p2b\n|-activate|p1a: Indeedee|move: Protect\n|-crit|p2b: Garganacl\n|-damage|p2b: Garganacl|35\/100\n|move|p2b: Garganacl|Iron Defense|p2b: Garganacl\n|-boost|p2b: Garganacl|def|2\n|\n|-heal|p2b: Garganacl|41\/100|[from] item: Leftovers\n|-damage|p1b: Garchomp|82\/100 tox|[from] psn\n|-damage|p1a: Indeedee|13\/100 tox|[from] psn\n|upkeep\n|turn|10\n|inactive|Takeyolunchmoney has 90 seconds left.\n|\n|t:|1697818327\n|move|p1b: Garchomp|Earthquake|p2b: Garganacl|[spread] p1a,p2b\n|-damage|p1a: Indeedee|0 fnt\n|-damage|p2b: Garganacl|20\/100\n|faint|p1a: Indeedee\n|move|p2b: Garganacl|Recover|p2b: Garganacl\n|-heal|p2b: Garganacl|70\/100\n|\n|-heal|p2b: Garganacl|76\/100|[from] item: Leftovers\n|-damage|p1b: Garchomp|64\/100 tox|[from] psn\n|upkeep\n|turn|11\n|\n|t:|1697818338\n|move|p1b: Garchomp|Earthquake|p2b: Garganacl\n|-damage|p2b: Garganacl|48\/100\n|move|p2b: Garganacl|Salt Cure|p1b: Garchomp\n|-resisted|p1b: Garchomp\n|-damage|p1b: Garchomp|56\/100 tox\n|-start|p1b: Garchomp|Salt Cure\n|\n|-heal|p2b: Garganacl|54\/100|[from] item: Leftovers\n|-damage|p1b: Garchomp|32\/100 tox|[from] psn\n|-damage|p1b: Garchomp|19\/100 tox|[from] Salt Cure\n|upkeep\n|turn|12\n|inactive|Takeyolunchmoney has 120 seconds left.\n|\n|t:|1697818349\n|move|p1b: Garchomp|Earthquake|p2b: Garganacl\n|-damage|p2b: Garganacl|25\/100\n|move|p2b: Garganacl|Recover|p2b: Garganacl\n|-heal|p2b: Garganacl|75\/100\n|\n|-heal|p2b: Garganacl|81\/100|[from] item: Leftovers\n|-damage|p1b: Garchomp|0 fnt|[from] psn\n|faint|p1b: Garchomp\n|\n|win|TitansTestTeam3T\n|upkeep\n|raw|Takeyolunchmoney's rating: 1079 &rarr; <strong>1063<\/strong><br \/>(-16 for losing)\n|raw|TitansTestTeam3T's rating: 1168 &rarr; <strong>1187<\/strong><br \/>(+19 for winning)\n|c|\u2606TitansTestTeam3T|Good game\n|c|\u2606Takeyolunchmoney|YOU PLA LKE A CORNBALL\n|l|\u2606Takeyolunchmoney\n","uploadtime":1697818379,"views":15,"p1id":"takeyolunchmoney","p2id":"titanstestteam3t","formatid":"gen9doublesou","rating":1063,"private":0,"password":""}