{"id":"gen9doublesou-1980049399","p1":"EkCantDrawLol","p2":"GrubInTub","format":"[Gen 9] Doubles OU","log":"|j|\u2606EkCantDrawLol\n|j|\u2606GrubInTub\n|t:|1698751558\n|gametype|doubles\n|player|p1|EkCantDrawLol|skierf|1507\n|player|p2|GrubInTub|klara|1474\n|teamsize|p1|6\n|teamsize|p2|6\n|gen|9\n|tier|[Gen 9] Doubles OU\n|rated|\n|rule|Species Clause: Limit one of each Pok\u00e9mon\n|rule|OHKO Clause: OHKO moves are banned\n|rule|Evasion Moves Clause: Evasion moves are banned\n|rule|Gravity Sleep Clause: The combination of sleep-inducing moves with imperfect accuracy and Gravity or Gigantamax Orbeetle are banned\n|rule|Endless Battle Clause: Forcing endless battles is banned\n|rule|HP Percentage Mod: HP is shown in percentages\n|clearpoke\n|poke|p1|Ogerpon-Hearthflame, F|\n|poke|p1|Kingambit, M|\n|poke|p1|Tornadus, M|\n|poke|p1|Flutter Mane|\n|poke|p1|Walking Wake|\n|poke|p1|Landorus-Therian, M|\n|poke|p2|Torkoal, L99, F|\n|poke|p2|Walking Wake|\n|poke|p2|Roaring Moon|\n|poke|p2|Indeedee-F, F|\n|poke|p2|Orthworm, M|\n|poke|p2|Flutter Mane|\n|teampreview\n|c|\u2606GrubInTub|gl\n|\n|t:|1698751572\n|start\n|switch|p1a: Tornadus|Tornadus, M, shiny|100\/100\n|switch|p1b: Landorus|Landorus-Therian, M, shiny|100\/100\n|switch|p2a: Torkoal|Torkoal, L99, F|100\/100\n|switch|p2b: Walking Wake|Walking Wake|100\/100\n|-ability|p1b: Landorus|Intimidate|boost\n|-unboost|p2a: Torkoal|atk|1\n|-unboost|p2b: Walking Wake|atk|1\n|-weather|SunnyDay|[from] ability: Drought|[of] p2a: Torkoal\n|-activate|p2b: Walking Wake|ability: Protosynthesis\n|-start|p2b: Walking Wake|protosynthesisspe\n|turn|1\n|\n|t:|1698751589\n|switch|p2a: Orthworm|Orthworm, M|100\/100\n|move|p1a: Tornadus|Tailwind|p1a: Tornadus\n|-sidestart|p1: EkCantDrawLol|move: Tailwind\n|move|p1b: Landorus|U-turn|p2b: Walking Wake\n|-damage|p2b: Walking Wake|71\/100\n|\n|t:|1698751604\n|switch|p1b: Flutter Mane|Flutter Mane, shiny|100\/100|[from] U-turn\n|-activate|p1b: Flutter Mane|ability: Protosynthesis\n|-start|p1b: Flutter Mane|protosynthesisspe\n|move|p2b: Walking Wake|Hydro Steam|p1b: Flutter Mane\n|-damage|p1b: Flutter Mane|0 fnt\n|faint|p1b: Flutter Mane\n|-end|p1b: Flutter Mane|Protosynthesis|[silent]\n|\n|-weather|SunnyDay|[upkeep]\n|upkeep\n|\n|t:|1698751620\n|switch|p1b: Walking Wake|Walking Wake|100\/100\n|-activate|p1b: Walking Wake|ability: Protosynthesis\n|-start|p1b: Walking Wake|protosynthesisspa\n|turn|2\n|\n|t:|1698751635\n|-terastallize|p1b: Walking Wake|Water\n|-terastallize|p2b: Walking Wake|Fairy\n|move|p1a: Tornadus|Taunt|p2a: Orthworm\n|-start|p2a: Orthworm|move: Taunt\n|move|p1b: Walking Wake|Dragon Pulse|p2b: Walking Wake\n|-immune|p2b: Walking Wake\n|move|p2b: Walking Wake|Hydro Steam|p1a: Tornadus\n|-damage|p1a: Tornadus|0 fnt\n|faint|p1a: Tornadus\n|cant|p2a: Orthworm|move: Taunt|Shed Tail\n|\n|-weather|SunnyDay|[upkeep]\n|upkeep\n|\n|t:|1698751643\n|switch|p1a: Ogerpon|Ogerpon-Hearthflame, F|100\/100\n|-ability|p1a: Ogerpon|Mold Breaker\n|turn|3\n|\n|t:|1698751659\n|-end|p2b: Walking Wake|Protosynthesis|[silent]\n|switch|p2b: Torkoal|Torkoal, L99, F|100\/100\n|switch|p2a: Indeedee|Indeedee-F, F|100\/100\n|-fieldstart|move: Psychic Terrain|[from] ability: Psychic Surge|[of] p2a: Indeedee\n|move|p1a: Ogerpon|Swords Dance|p1a: Ogerpon\n|-boost|p1a: Ogerpon|atk|2\n|move|p1b: Walking Wake|Hydro Steam|p2b: Torkoal\n|-supereffective|p2b: Torkoal\n|-damage|p2b: Torkoal|0 fnt\n|faint|p2b: Torkoal\n|\n|-weather|SunnyDay|[upkeep]\n|upkeep\n|\n|t:|1698751671\n|switch|p2b: Orthworm|Orthworm, M|100\/100\n|turn|4\n|\n|t:|1698751691\n|move|p1a: Ogerpon|Ivy Cudgel|p2a: Indeedee\n|-damage|p2a: Indeedee|0 fnt\n|faint|p2a: Indeedee\n|move|p1b: Walking Wake|Hydro Steam|p2b: Orthworm\n|-damage|p2b: Orthworm|0 fnt\n|faint|p2b: Orthworm\n|\n|-weather|SunnyDay|[upkeep]\n|-sideend|p1: EkCantDrawLol|move: Tailwind\n|upkeep\n|\n|t:|1698751707\n|switch|p2a: Flutter Mane|Flutter Mane|100\/100\n|switch|p2b: Roaring Moon|Roaring Moon|100\/100\n|-activate|p2a: Flutter Mane|ability: Protosynthesis\n|-start|p2a: Flutter Mane|protosynthesisspe\n|-activate|p2b: Roaring Moon|ability: Protosynthesis\n|-start|p2b: Roaring Moon|protosynthesisspe\n|turn|5\n|\n|t:|1698751719\n|move|p2a: Flutter Mane|Thunderbolt|p1b: Walking Wake\n|-supereffective|p1b: Walking Wake\n|-damage|p1b: Walking Wake|41\/100\n|move|p2b: Roaring Moon|Knock Off|p1a: Ogerpon\n|-damage|p1a: Ogerpon|30\/100\n|move|p1a: Ogerpon|Horn Leech|p2a: Flutter Mane\n|-enditem|p2a: Flutter Mane|Focus Sash\n|-damage|p2a: Flutter Mane|1\/100\n|-heal|p1a: Ogerpon|72\/100|[from] drain|[of] p2a: Flutter Mane\n|move|p1b: Walking Wake|Dragon Pulse|p2b: Roaring Moon\n|-supereffective|p2b: Roaring Moon\n|-damage|p2b: Roaring Moon|0 fnt\n|faint|p2b: Roaring Moon\n|-end|p2b: Roaring Moon|Protosynthesis|[silent]\n|\n|-weather|SunnyDay|[upkeep]\n|-heal|p1b: Walking Wake|48\/100|[from] item: Leftovers\n|upkeep\n|\n|t:|1698751728\n|switch|p2b: Walking Wake|Walking Wake, tera:Fairy|71\/100\n|-activate|p2b: Walking Wake|ability: Protosynthesis\n|-start|p2b: Walking Wake|protosynthesisspe\n|turn|6\n|\n|t:|1698751753\n|move|p2a: Flutter Mane|Thunderbolt|p1b: Walking Wake\n|-supereffective|p1b: Walking Wake\n|-damage|p1b: Walking Wake|0 fnt\n|faint|p1b: Walking Wake\n|-end|p1b: Walking Wake|Protosynthesis|[silent]\n|move|p2b: Walking Wake|Hydro Steam|p1a: Ogerpon\n|-damage|p1a: Ogerpon|0 fnt\n|faint|p1a: Ogerpon\n|\n|-weather|SunnyDay|[upkeep]\n|upkeep\n|\n|t:|1698751760\n|switch|p1a: Landorus|Landorus-Therian, M, shiny|100\/100\n|switch|p1b: Kingambit|Kingambit, M|100\/100\n|-ability|p1a: Landorus|Intimidate|boost\n|-unboost|p2a: Flutter Mane|atk|1\n|-unboost|p2b: Walking Wake|atk|1\n|turn|7\n|\n|t:|1698751777\n|move|p2a: Flutter Mane|Dazzling Gleam|p1a: Landorus|[spread] p1a,p1b\n|-damage|p1a: Landorus|61\/100\n|-damage|p1b: Kingambit|68\/100\n|move|p2b: Walking Wake|Hydro Steam|p1a: Landorus\n|-supereffective|p1a: Landorus\n|-damage|p1a: Landorus|0 fnt\n|faint|p1a: Landorus\n|move|p1b: Kingambit|Iron Head|p2b: Walking Wake\n|-supereffective|p2b: Walking Wake\n|-damage|p2b: Walking Wake|0 fnt\n|faint|p2b: Walking Wake\n|-end|p2b: Walking Wake|Protosynthesis|[silent]\n|\n|-weather|SunnyDay|[upkeep]\n|-fieldend|move: Psychic Terrain\n|upkeep\n|turn|8\n|\n|t:|1698751789\n|move|p1b: Kingambit|Sucker Punch||[still]\n|-fail|p1b: Kingambit\n|move|p2a: Flutter Mane|Perish Song|p2a: Flutter Mane\n|-start|p1b: Kingambit|perish3|[silent]\n|-start|p2a: Flutter Mane|perish3|[silent]\n|-fieldactivate|move: Perish Song\n|\n|-weather|none\n|-end|p2a: Flutter Mane|Protosynthesis\n|-start|p2a: Flutter Mane|perish3\n|-start|p1b: Kingambit|perish3\n|upkeep\n|turn|9\n|c|\u2606GrubInTub|gg\n|\n|t:|1698751798\n|move|p1b: Kingambit|Sucker Punch|p2a: Flutter Mane\n|-damage|p2a: Flutter Mane|0 fnt\n|faint|p2a: Flutter Mane\n|-end|p2a: Flutter Mane|Protosynthesis|[silent]\n|\n|win|EkCantDrawLol\n|raw|EkCantDrawLol's rating: 1507 &rarr; <strong>1525<\/strong><br \/>(+18 for winning)\n|raw|GrubInTub's rating: 1474 &rarr; <strong>1456<\/strong><br \/>(-18 for losing)\n|c|\u2606EkCantDrawLol|Gg\n|l|\u2606GrubInTub\n","uploadtime":1698751822,"views":16,"p1id":"ekcantdrawlol","p2id":"grubintub","formatid":"gen9doublesou","rating":1456,"private":0,"password":""}