{"id":"gen9doublesou-1976107239","p1":"ct1314","p2":"plantshrine","format":"[Gen 9] Doubles OU","log":"|j|\u2606ct1314\n|j|\u2606plantshrine\n|t:|1698264264\n|gametype|doubles\n|player|p1|ct1314|steven|1281\n|player|p2|plantshrine|gardenia|1282\n|teamsize|p1|6\n|teamsize|p2|6\n|gen|9\n|tier|[Gen 9] Doubles OU\n|rated|\n|rule|Species Clause: Limit one of each Pok\u00e9mon\n|rule|OHKO Clause: OHKO moves are banned\n|rule|Evasion Moves Clause: Evasion moves are banned\n|rule|Gravity Sleep Clause: The combination of sleep-inducing moves with imperfect accuracy and Gravity or Gigantamax Orbeetle are banned\n|rule|Endless Battle Clause: Forcing endless battles is banned\n|rule|HP Percentage Mod: HP is shown in percentages\n|clearpoke\n|poke|p1|Kilowattrel, M|\n|poke|p1|Gengar, M|\n|poke|p1|Volcanion|\n|poke|p1|Hydreigon, F|\n|poke|p1|Ursaluna, M|\n|poke|p1|Diancie|\n|poke|p2|Typhlosion-Hisui, M|\n|poke|p2|Ninetales, M|\n|poke|p2|Farigiraf, M|\n|poke|p2|Iron Valiant|\n|poke|p2|Trevenant, M|\n|poke|p2|Moltres-Galar|\n|teampreview\n|inactive|Battle timer is ON: inactive players will automatically lose when time's up. (requested by ct1314)\n|\n|t:|1698264271\n|start\n|switch|p1a: Kilowattrel|Kilowattrel, M|100\/100\n|switch|p1b: Hydreigon|Hydreigon, F|100\/100\n|switch|p2a: Typhlosion|Typhlosion-Hisui, M, shiny|100\/100\n|switch|p2b: Ninetales|Ninetales, M, shiny|100\/100\n|-weather|SunnyDay|[from] ability: Drought|[of] p2b: Ninetales\n|turn|1\n|inactive|plantshrine has 120 seconds left.\n|\n|t:|1698264305\n|-terastallize|p2a: Typhlosion|Fire\n|move|p2a: Typhlosion|Eruption|p1b: Hydreigon|[spread] p1a,p1b\n|-resisted|p1b: Hydreigon\n|-enditem|p1a: Kilowattrel|Focus Sash\n|-damage|p1a: Kilowattrel|1\/100\n|-damage|p1b: Hydreigon|35\/100\n|move|p1a: Kilowattrel|Tailwind|p1a: Kilowattrel\n|-sidestart|p1: ct1314|move: Tailwind\n|-start|p1a: Kilowattrel|Charge|Tailwind|[from] ability: Wind Power\n|move|p1b: Hydreigon|Dark Pulse|p2a: Typhlosion\n|-damage|p2a: Typhlosion|38\/100\n|move|p2b: Ninetales|Overheat|p1a: Kilowattrel\n|-damage|p1a: Kilowattrel|0 fnt\n|-unboost|p2b: Ninetales|spa|2\n|-enditem|p2b: Ninetales|Eject Pack\n|faint|p1a: Kilowattrel\n|inactive|plantshrine has 120 seconds left.\n|\n|t:|1698264325\n|switch|p2b: Farigiraf|Farigiraf, M|100\/100\n|\n|-weather|SunnyDay|[upkeep]\n|upkeep\n|\n|t:|1698264333\n|switch|p1a: Gengar|Gengar, M|100\/100\n|turn|2\n|\n|t:|1698264347\n|switch|p2a: Ninetales|Ninetales, M, shiny|100\/100\n|move|p1a: Gengar|Sludge Bomb|p2a: Ninetales\n|-damage|p2a: Ninetales|52\/100\n|move|p1b: Hydreigon|Dark Pulse|p2b: Farigiraf\n|-supereffective|p2b: Farigiraf\n|-damage|p2b: Farigiraf|22\/100\n|-enditem|p2b: Farigiraf|Weakness Policy\n|-boost|p2b: Farigiraf|atk|2|[from] item: Weakness Policy\n|-boost|p2b: Farigiraf|spa|2|[from] item: Weakness Policy\n|move|p2b: Farigiraf|Thunder Wave|p1a: Gengar\n|-status|p1a: Gengar|par\n|\n|-weather|SunnyDay|[upkeep]\n|upkeep\n|turn|3\n|\n|t:|1698264371\n|move|p2b: Farigiraf|Ally Switch|p2b: Farigiraf\n|swap|p2b: Farigiraf|0|[from] move: Ally Switch\n|move|p1b: Hydreigon|Dark Pulse|p2b: Ninetales\n|-damage|p2b: Ninetales|8\/100\n|cant|p1a: Gengar|par\n|move|p2b: Ninetales|Overheat|p1a: Gengar\n|-damage|p1a: Gengar|0 fnt\n|-unboost|p2b: Ninetales|spa|2\n|faint|p1a: Gengar\n|\n|-weather|SunnyDay|[upkeep]\n|upkeep\n|\n|t:|1698264382\n|switch|p1a: Volcanion|Volcanion|100\/100\n|turn|4\n|inactive|plantshrine has 120 seconds left.\n|\n|t:|1698264414\n|switch|p2b: Moltres|Moltres-Galar|100\/100\n|move|p1b: Hydreigon|Heat Wave|p2b: Moltres|[spread] p2a,p2b\n|-damage|p2a: Farigiraf|0 fnt\n|-damage|p2b: Moltres|79\/100\n|faint|p2a: Farigiraf\n|move|p1a: Volcanion|Substitute|p1a: Volcanion\n|-start|p1a: Volcanion|Substitute\n|-damage|p1a: Volcanion|76\/100\n|\n|-weather|SunnyDay|[upkeep]\n|-heal|p1a: Volcanion|82\/100|[from] item: Leftovers\n|-heal|p2b: Moltres|85\/100|[from] item: Leftovers\n|-sideend|p1: ct1314|move: Tailwind\n|upkeep\n|inactive|plantshrine has 120 seconds left.\n|\n|t:|1698264445\n|switch|p2a: Typhlosion|Typhlosion-Hisui, M, shiny, tera:Fire|38\/100\n|turn|5\n|\n|t:|1698264460\n|move|p2a: Typhlosion|Shadow Ball|p1a: Volcanion\n|-end|p1a: Volcanion|Substitute\n|move|p1b: Hydreigon|Draco Meteor|p2b: Moltres\n|-damage|p2b: Moltres|43\/100\n|-unboost|p1b: Hydreigon|spa|2\n|-enditem|p1b: Hydreigon|White Herb\n|-clearnegativeboost|p1b: Hydreigon|[silent]\n|-ability|p2b: Moltres|Berserk|boost\n|-boost|p2b: Moltres|spa|1\n|move|p2b: Moltres|Fiery Wrath|p1a: Volcanion|[spread] p1a,p1b\n|-resisted|p1b: Hydreigon\n|-damage|p1a: Volcanion|46\/100\n|-damage|p1b: Hydreigon|14\/100\n|move|p1a: Volcanion|Steam Eruption|p2a: Typhlosion\n|-supereffective|p2a: Typhlosion\n|-crit|p2a: Typhlosion\n|-damage|p2a: Typhlosion|0 fnt\n|faint|p2a: Typhlosion\n|\n|-weather|none\n|-heal|p2b: Moltres|50\/100|[from] item: Leftovers\n|-heal|p1a: Volcanion|52\/100|[from] item: Leftovers\n|upkeep\n|inactive|plantshrine has 90 seconds left.\n|\n|t:|1698264488\n|switch|p2a: Ninetales|Ninetales, M, shiny|8\/100\n|-weather|SunnyDay|[from] ability: Drought|[of] p2a: Ninetales\n|turn|6\n|\n|t:|1698264501\n|move|p2a: Ninetales|Solar Beam||[still]\n|-prepare|p2a: Ninetales|Solar Beam\n|-anim|p2a: Ninetales|Solar Beam|p1b: Hydreigon\n|-resisted|p1b: Hydreigon\n|-damage|p1b: Hydreigon|0 fnt\n|faint|p1b: Hydreigon\n|move|p2b: Moltres|Fiery Wrath|p1a: Volcanion\n|-damage|p1a: Volcanion|4\/100\n|move|p1a: Volcanion|Heat Wave|p2b: Moltres|[spread] p2a,p2b\n|-resisted|p2a: Ninetales\n|-damage|p2a: Ninetales|0 fnt\n|-damage|p2b: Moltres|16\/100\n|faint|p2a: Ninetales\n|\n|-weather|SunnyDay|[upkeep]\n|-heal|p2b: Moltres|22\/100|[from] item: Leftovers\n|-heal|p1a: Volcanion|10\/100|[from] item: Leftovers\n|upkeep\n|inactive|plantshrine has 120 seconds left.\n|\n|t:|1698264520\n|switch|p2a: Iron Valiant|Iron Valiant|100\/100\n|switch|p1b: Diancie|Diancie|100\/100\n|-enditem|p2a: Iron Valiant|Booster Energy\n|-activate|p2a: Iron Valiant|ability: Quark Drive|[fromitem]\n|-start|p2a: Iron Valiant|quarkdrivespe\n|turn|7\n|\n|t:|1698264533\n|move|p2a: Iron Valiant|Close Combat|p1b: Diancie\n|-damage|p1b: Diancie|51\/100\n|-unboost|p2a: Iron Valiant|def|1\n|-unboost|p2a: Iron Valiant|spd|1\n|move|p2b: Moltres|Fiery Wrath|p1a: Volcanion|[spread] p1a,p1b\n|-resisted|p1b: Diancie\n|-crit|p1b: Diancie\n|-damage|p1a: Volcanion|0 fnt\n|-damage|p1b: Diancie|32\/100\n|faint|p1a: Volcanion\n|cant|p1b: Diancie|flinch\n|\n|-weather|SunnyDay|[upkeep]\n|-heal|p2b: Moltres|28\/100|[from] item: Leftovers\n|upkeep\n|c|\u2606ct1314|rip\n|c|\u2606ct1314|gg\n|\n|t:|1698264547\n|switch|p1a: Ursaluna|Ursaluna, M|100\/100\n|turn|8\n|\n|t:|1698264554\n|move|p2a: Iron Valiant|Close Combat|p1a: Ursaluna\n|-supereffective|p1a: Ursaluna\n|-damage|p1a: Ursaluna|13\/100\n|-unboost|p2a: Iron Valiant|def|1\n|-unboost|p2a: Iron Valiant|spd|1\n|move|p2b: Moltres|Fiery Wrath|p1a: Ursaluna|[spread] p1a,p1b\n|-resisted|p1b: Diancie\n|-damage|p1a: Ursaluna|0 fnt\n|-damage|p1b: Diancie|21\/100\n|faint|p1a: Ursaluna\n|move|p1b: Diancie|Trick Room|p1b: Diancie\n|-fieldstart|move: Trick Room|[of] p1b: Diancie\n|\n|-weather|SunnyDay|[upkeep]\n|-heal|p2b: Moltres|35\/100|[from] item: Leftovers\n|upkeep\n|turn|9\n|\n|t:|1698264572\n|move|p1b: Diancie|Diamond Storm|p2b: Moltres|[spread] p2a,p2b\n|-resisted|p2a: Iron Valiant\n|-supereffective|p2b: Moltres\n|-damage|p2a: Iron Valiant|59\/100\n|-damage|p2b: Moltres|0 fnt\n|faint|p2b: Moltres\n|move|p2a: Iron Valiant|Close Combat|p1b: Diancie\n|-damage|p1b: Diancie|0 fnt\n|-unboost|p2a: Iron Valiant|def|1\n|-unboost|p2a: Iron Valiant|spd|1\n|faint|p1b: Diancie\n|\n|win|plantshrine\n|raw|ct1314's rating: 1281 &rarr; <strong>1256<\/strong><br \/>(-25 for losing)\n|raw|plantshrine's rating: 1282 &rarr; <strong>1307<\/strong><br \/>(+25 for winning)\n|l|\u2606ct1314\n|c|\u2606plantshrine|Gg\n","uploadtime":1698264598,"views":15,"p1id":"ct1314","p2id":"plantshrine","formatid":"gen9doublesou","rating":1256,"private":0,"password":""}