{"id":"gen9doublesou-1980484051","p1":"yorsister","p2":"Maxloco11","format":"[Gen 9] Doubles OU","log":"|j|\u2606yorsister\n|j|\u2606Maxloco11\n|t:|1698789299\n|gametype|doubles\n|player|p1|yorsister|rocketgruntf|1054\n|player|p2|Maxloco11|riley|1063\n|teamsize|p1|6\n|teamsize|p2|6\n|gen|9\n|tier|[Gen 9] Doubles OU\n|rated|\n|rule|Species Clause: Limit one of each Pok\u00e9mon\n|rule|OHKO Clause: OHKO moves are banned\n|rule|Evasion Moves Clause: Evasion moves are banned\n|rule|Gravity Sleep Clause: The combination of sleep-inducing moves with imperfect accuracy and Gravity or Gigantamax Orbeetle are banned\n|rule|Endless Battle Clause: Forcing endless battles is banned\n|rule|HP Percentage Mod: HP is shown in percentages\n|clearpoke\n|poke|p1|Rotom-Wash|\n|poke|p1|Mamoswine, M|\n|poke|p1|Ninetales-Alola, F|\n|poke|p1|Salamence, M|\n|poke|p1|Forretress, M|\n|poke|p1|Umbreon, M|\n|poke|p2|Amoonguss, F|\n|poke|p2|Armarouge, M|\n|poke|p2|Gliscor, F|\n|poke|p2|Gastrodon-East, F|\n|poke|p2|Garchomp, M|\n|poke|p2|Lucario, M|\n|teampreview\n|inactive|Battle timer is ON: inactive players will automatically lose when time's up. (requested by yorsister)\n|c|\u2606yorsister|Hi\n|inactive|yorsister has 120 seconds left.\n|\n|t:|1698789343\n|start\n|switch|p1a: Syyuko|Ninetales-Alola, F, shiny|100\/100\n|switch|p1b: Teen fortres 2|Forretress, M, shiny|100\/100\n|switch|p2a: Lucario|Lucario, M|100\/100\n|switch|p2b: Armarouge|Armarouge, M|100\/100\n|-weather|Snow|[from] ability: Snow Warning|[of] p1a: Syyuko\n|turn|1\n|inactive|yorsister has 120 seconds left.\n|inactive|Maxloco11 has 120 seconds left.\n|\n|t:|1698789383\n|switch|p1a: Salamayako|Salamence, M|100\/100\n|-ability|p1a: Salamayako|Intimidate|boost\n|-fail|p2a: Lucario|unboost|Attack|[from] ability: Inner Focus|[of] p2a: Lucario\n|-unboost|p2b: Armarouge|atk|1\n|-terastallize|p2a: Lucario|Ghost\n|move|p2a: Lucario|Swords Dance|p2a: Lucario\n|-boost|p2a: Lucario|atk|2\n|move|p1b: Teen fortres 2|Earthquake|p2b: Armarouge|[spread] p2a,p2b\n|-immune|p1a: Salamayako\n|-supereffective|p2b: Armarouge\n|-damage|p2a: Lucario|65\/100\n|-damage|p2b: Armarouge|64\/100\n|move|p2b: Armarouge|Trick Room|p2b: Armarouge\n|-fieldstart|move: Trick Room|[of] p2b: Armarouge\n|\n|-weather|Snow|[upkeep]\n|upkeep\n|turn|2\n|inactive|yorsister has 120 seconds left.\n|inactive|Maxloco11 has 120 seconds left.\n|\n|t:|1698789432\n|move|p1b: Teen fortres 2|Earthquake|p2b: Armarouge|[spread] p2a,p2b\n|-immune|p1a: Salamayako\n|-supereffective|p2b: Armarouge\n|-crit|p2b: Armarouge\n|-damage|p2a: Lucario|31\/100\n|-damage|p2b: Armarouge|6\/100\n|move|p2b: Armarouge|Armor Cannon|p1b: Teen fortres 2\n|-supereffective|p1b: Teen fortres 2\n|-ability|p1b: Teen fortres 2|Sturdy\n|-damage|p1b: Teen fortres 2|1\/100\n|-unboost|p2b: Armarouge|def|1\n|-unboost|p2b: Armarouge|spd|1\n|-damage|p2b: Armarouge|0 fnt|[from] item: Life Orb\n|faint|p2b: Armarouge\n|move|p2a: Lucario|Shadow Claw|p1a: Salamayako\n|-enditem|p1a: Salamayako|Focus Sash\n|-damage|p1a: Salamayako|1\/100\n|-damage|p2a: Lucario|21\/100|[from] item: Life Orb\n|move|p1a: Salamayako|Dragon Tail|p2a: Lucario\n|-crit|p2a: Lucario\n|-damage|p2a: Lucario|0 fnt\n|faint|p2a: Lucario\n|\n|-weather|Snow|[upkeep]\n|-heal|p1b: Teen fortres 2|7\/100|[from] item: Leftovers\n|upkeep\n|inactive|Maxloco11 has 120 seconds left.\n|\n|t:|1698789459\n|switch|p2b: Gastrodon|Gastrodon-East, F|100\/100\n|switch|p2a: Amoonguss|Amoonguss, F|100\/100\n|turn|3\n|inactive|yorsister has 120 seconds left.\n|inactive|Maxloco11 has 120 seconds left.\n|\n|t:|1698789494\n|move|p2a: Amoonguss|Pollen Puff|p2b: Gastrodon\n|-immune|p2b: Gastrodon\n|move|p2b: Gastrodon|Muddy Water|p1b: Teen fortres 2|[spread] p1a,p1b\n|-resisted|p1a: Salamayako\n|-damage|p1a: Salamayako|0 fnt\n|-damage|p1b: Teen fortres 2|0 fnt\n|faint|p1a: Salamayako\n|faint|p1b: Teen fortres 2\n|\n|-weather|Snow|[upkeep]\n|upkeep\n|inactive|yorsister has 90 seconds left.\n|\n|t:|1698789507\n|switch|p1b: Syyuko|Ninetales-Alola, F, shiny|100\/100\n|switch|p1a: Meny|Mamoswine, M|100\/100\n|turn|4\n|\n|t:|1698789526\n|move|p2a: Amoonguss|Spore|p1a: Meny\n|-status|p1a: Meny|slp|[from] move: Spore\n|move|p2b: Gastrodon|Muddy Water|p1b: Syyuko|[spread] p1a,p1b\n|-supereffective|p1a: Meny\n|-damage|p1a: Meny|41\/100 slp\n|-damage|p1b: Syyuko|74\/100\n|move|p1b: Syyuko|Freeze-Dry|p2b: Gastrodon\n|-supereffective|p2b: Gastrodon\n|-damage|p2b: Gastrodon|29\/100\n|cant|p1a: Meny|slp\n|\n|-weather|Snow|[upkeep]\n|-heal|p2b: Gastrodon|35\/100|[from] item: Leftovers\n|upkeep\n|turn|5\n|inactive|yorsister has 120 seconds left.\n|\n|t:|1698789557\n|move|p2a: Amoonguss|Spore|p1b: Syyuko\n|-status|p1b: Syyuko|slp|[from] move: Spore\n|move|p2b: Gastrodon|Muddy Water|p1b: Syyuko|[spread] p1a,p1b\n|-supereffective|p1a: Meny\n|-damage|p1a: Meny|0 fnt\n|-damage|p1b: Syyuko|46\/100 slp\n|faint|p1a: Meny\n|cant|p1b: Syyuko|slp\n|\n|-weather|none\n|-heal|p2b: Gastrodon|41\/100|[from] item: Leftovers\n|-fieldend|move: Trick Room\n|upkeep\n|c|\u2606yorsister|ARONBADO\n|inactive|yorsister has 90 seconds left.\n|c|\u2606yorsister|VAI TOMAR NO SEU CU\n|\n|t:|1698789576\n|switch|p1a: Umbreon|Umbreon, M, shiny|100\/100\n|turn|6\n|inactive|yorsister has 90 seconds left.\n|\n|t:|1698789609\n|switch|p2b: Garchomp|Garchomp, M|100\/100\n|-curestatus|p1b: Syyuko|slp|[msg]\n|move|p1b: Syyuko|Psyshock|p2a: Amoonguss\n|-supereffective|p2a: Amoonguss\n|-damage|p2a: Amoonguss|61\/100\n|move|p1a: Umbreon|Curse|p1a: Umbreon\n|-unboost|p1a: Umbreon|spe|1\n|-boost|p1a: Umbreon|atk|1\n|-boost|p1a: Umbreon|def|1\n|move|p2a: Amoonguss|Pollen Puff|p1a: Umbreon\n|-supereffective|p1a: Umbreon\n|-damage|p1a: Umbreon|74\/100\n|\n|-heal|p1a: Umbreon|80\/100|[from] item: Leftovers\n|upkeep\n|turn|7\n|inactive|yorsister has 90 seconds left.\n|\n|t:|1698789647\n|move|p2b: Garchomp|Fire Fang|p1b: Syyuko\n|-supereffective|p1b: Syyuko\n|-damage|p1b: Syyuko|0 fnt\n|faint|p1b: Syyuko\n|move|p1a: Umbreon|Crunch|p2a: Amoonguss\n|-crit|p2a: Amoonguss\n|-damage|p2a: Amoonguss|9\/100\n|-damage|p1a: Umbreon|63\/100|[from] item: Rocky Helmet|[of] p2a: Amoonguss\n|move|p2a: Amoonguss|Spore|p1a: Umbreon\n|-status|p1a: Umbreon|slp|[from] move: Spore\n|\n|-heal|p1a: Umbreon|69\/100 slp|[from] item: Leftovers\n|upkeep\n|\n|t:|1698789651\n|switch|p1b: M\u00e1quina d lava|Rotom-Wash|100\/100\n|turn|8\n|\n|t:|1698789670\n|move|p2b: Garchomp|Outrage|p1a: Umbreon\n|-damage|p1a: Umbreon|36\/100 slp\n|move|p1b: M\u00e1quina d lava|Shadow Ball|p2a: Amoonguss\n|-damage|p2a: Amoonguss|0 fnt\n|faint|p2a: Amoonguss\n|cant|p1a: Umbreon|slp\n|\n|-heal|p1a: Umbreon|42\/100 slp|[from] item: Leftovers\n|upkeep\n|\n|t:|1698789681\n|switch|p2a: Gliscor|Gliscor, F|100\/100\n|turn|9\n|inactive|yorsister has 120 seconds left.\n|c|\u2606yorsister|I hate among us\n|inactive|yorsister has 90 seconds left.\n|\n|t:|1698789720\n|move|p2b: Garchomp|Outrage|p1b: M\u00e1quina d lava|[from]lockedmove\n|-damage|p1b: M\u00e1quina d lava|15\/100\n|-start|p2b: Garchomp|confusion|[fatigue]\n|move|p1b: M\u00e1quina d lava|Hydro Pump|p2a: Gliscor\n|-supereffective|p2a: Gliscor\n|-damage|p2a: Gliscor|18\/100\n|move|p2a: Gliscor|Toxic|p1b: M\u00e1quina d lava\n|-status|p1b: M\u00e1quina d lava|tox\n|cant|p1a: Umbreon|slp\n|\n|-heal|p1b: M\u00e1quina d lava|22\/100 tox|[from] item: Leftovers\n|-heal|p1a: Umbreon|48\/100 slp|[from] item: Leftovers\n|-damage|p1b: M\u00e1quina d lava|15\/100 tox|[from] psn\n|-status|p2a: Gliscor|tox|[from] item: Toxic Orb\n|upkeep\n|turn|10\n|\n|t:|1698789743\n|switch|p2b: Gastrodon|Gastrodon-East, F|41\/100\n|move|p2a: Gliscor|Protect|p2a: Gliscor\n|-singleturn|p2a: Gliscor|Protect\n|move|p1b: M\u00e1quina d lava|Hydro Pump|p2b: Gastrodon\n|-activate|p2b: Gastrodon|ability: Storm Drain\n|-ability|p2b: Gastrodon|Storm Drain|boost\n|-boost|p2b: Gastrodon|spa|1\n|cant|p1a: Umbreon|slp\n|\n|-heal|p1b: M\u00e1quina d lava|22\/100 tox|[from] item: Leftovers\n|-heal|p2b: Gastrodon|47\/100|[from] item: Leftovers\n|-heal|p1a: Umbreon|54\/100 slp|[from] item: Leftovers\n|-damage|p1b: M\u00e1quina d lava|9\/100 tox|[from] psn\n|-heal|p2a: Gliscor|31\/100 tox|[from] ability: Poison Heal\n|upkeep\n|turn|11\n|inactive|yorsister has 120 seconds left.\n|inactive|yorsister has 90 seconds left.\n|\n|t:|1698789788\n|move|p1b: M\u00e1quina d lava|Hydro Pump|p2b: Gastrodon\n|-activate|p2b: Gastrodon|ability: Storm Drain\n|-ability|p2b: Gastrodon|Storm Drain|boost\n|-boost|p2b: Gastrodon|spa|1\n|move|p2a: Gliscor|Tailwind|p2a: Gliscor\n|-sidestart|p2: Maxloco11|move: Tailwind\n|move|p2b: Gastrodon|Earth Power|p1a: Umbreon\n|-damage|p1a: Umbreon|17\/100 slp\n|-curestatus|p1a: Umbreon|slp|[msg]\n|move|p1a: Umbreon|Crunch|p2a: Gliscor\n|-damage|p2a: Gliscor|0 fnt\n|faint|p2a: Gliscor\n|\n|-heal|p1b: M\u00e1quina d lava|15\/100 tox|[from] item: Leftovers\n|-heal|p2b: Gastrodon|54\/100|[from] item: Leftovers\n|-heal|p1a: Umbreon|23\/100|[from] item: Leftovers\n|-damage|p1b: M\u00e1quina d lava|0 fnt|[from] psn\n|faint|p1b: M\u00e1quina d lava\n|upkeep\n|inactive|Maxloco11 has 120 seconds left.\n|\n|t:|1698789809\n|switch|p2a: Garchomp|Garchomp, M|100\/100\n|turn|12\n|\n|t:|1698789829\n|-terastallize|p1a: Umbreon|Fighting\n|move|p2a: Garchomp|Fire Fang|p1a: Umbreon\n|-damage|p1a: Umbreon|10\/100\n|move|p2b: Gastrodon|Earth Power|p1a: Umbreon\n|-damage|p1a: Umbreon|0 fnt\n|faint|p1a: Umbreon\n|\n|win|Maxloco11\n|raw|yorsister's rating: 1054 &rarr; <strong>1036<\/strong><br \/>(-18 for losing)\n|raw|Maxloco11's rating: 1063 &rarr; <strong>1093<\/strong><br \/>(+30 for winning)\n","uploadtime":1698789572,"views":14,"p1id":"yorsister","p2id":"maxloco11","formatid":"gen9doublesou","rating":1036,"private":0,"password":""}