{"id":"gen9doublesou-1989937929","p1":"LOBATOS","p2":"ElPendrive","format":"[Gen 9] Doubles OU","log":"|j|\u2606LOBATOS\n|j|\u2606ElPendrive\n|inactive|Battle timer is ON: inactive players will automatically lose when time's up.\n|t:|1699908351\n|gametype|doubles\n|player|p1|LOBATOS|gambler|\n|player|p2|ElPendrive|iris-gen5bw2|\n|teamsize|p1|6\n|teamsize|p2|6\n|gen|9\n|tier|[Gen 9] Doubles OU\n|rated|Tournament battle\n|rule|Species Clause: Limit one of each Pok\u00e9mon\n|rule|OHKO Clause: OHKO moves are banned\n|rule|Evasion Moves Clause: Evasion moves are banned\n|rule|Gravity Sleep Clause: The combination of sleep-inducing moves with imperfect accuracy and Gravity or Gigantamax Orbeetle are banned\n|rule|Endless Battle Clause: Forcing endless battles is banned\n|rule|HP Percentage Mod: HP is shown in percentages\n|clearpoke\n|poke|p1|Skiddo, F|\n|poke|p1|Axew, F|\n|poke|p1|Kricketot, F|\n|poke|p1|Meowth-Galar, F|\n|poke|p1|Quaxly, M|\n|poke|p1|Bisharp, F|\n|poke|p2|Girafarig, M|\n|poke|p2|Drakloak, F|\n|poke|p2|Sentret, F|\n|poke|p2|Skrelp, F|\n|poke|p2|Piplup, M|\n|poke|p2|Bramblin, F|\n|teampreview\n|j|*Lady Monita \u2746\n|j| DreamyFleur\n|l| DreamyFleur\n|j| horseradish2\n|j| Carkol Lover\n|inactive|LOBATOS has 120 seconds left.\n|\n|t:|1699908385\n|start\n|switch|p1a: Meowth|Meowth-Galar, F|100\/100\n|switch|p1b: Axew|Axew, F|100\/100\n|switch|p2a: Sentret|Sentret, F|100\/100\n|switch|p2b: Bramblin|Bramblin, F|100\/100\n|-item|p1a: Meowth|Eviolite|[from] ability: Frisk|[of] p2a: Sentret|[identify]\n|-item|p1b: Axew|Eviolite|[from] ability: Frisk|[of] p2a: Sentret|[identify]\n|turn|1\n|j| terrytibss\n|j| Osgovs\n|\n|t:|1699908403\n|move|p1a: Meowth|Fake Out|p2a: Sentret\n|-damage|p2a: Sentret|71\/100\n|move|p2b: Bramblin|Poltergeist|p1b: Axew\n|-activate|p1b: Axew|move: Poltergeist|Eviolite\n|-damage|p1b: Axew|55\/100\n|cant|p2a: Sentret|flinch\n|move|p1b: Axew|Shadow Claw|p2b: Bramblin\n|-supereffective|p2b: Bramblin\n|-damage|p2b: Bramblin|0 fnt\n|faint|p2b: Bramblin\n|\n|upkeep\n|\n|t:|1699908414\n|switch|p2b: Skrelp|Skrelp, F|100\/100\n|turn|2\n|j| DragonPhoenix333\n|l| DragonPhoenix333\n|\n|t:|1699908429\n|move|p1b: Axew|Protect|p1b: Axew\n|-singleturn|p1b: Axew|Protect\n|move|p2a: Sentret|Brick Break|p1a: Meowth\n|-supereffective|p1a: Meowth\n|-damage|p1a: Meowth|67\/100\n|move|p1a: Meowth|Knock Off|p2b: Skrelp\n|-damage|p2b: Skrelp|67\/100\n|-enditem|p2b: Skrelp|Eviolite|[from] move: Knock Off|[of] p1a: Meowth\n|move|p2b: Skrelp|Toxic Spikes|p1b: Axew\n|-sidestart|p1: LOBATOS|move: Toxic Spikes\n|\n|upkeep\n|turn|3\n|\n|t:|1699908452\n|move|p2a: Sentret|Knock Off|p1b: Axew\n|-crit|p1b: Axew\n|-damage|p1b: Axew|24\/100\n|-enditem|p1b: Axew|Eviolite|[from] move: Knock Off|[of] p2a: Sentret\n|move|p1b: Axew|Shadow Claw|p2b: Skrelp\n|-damage|p2b: Skrelp|22\/100\n|move|p1a: Meowth|Knock Off|p2a: Sentret\n|-damage|p2a: Sentret|0 fnt\n|-enditem|p2a: Sentret|Eviolite|[from] move: Knock Off|[of] p1a: Meowth\n|faint|p2a: Sentret\n|move|p2b: Skrelp|Icy Wind|p1b: Axew|[spread] p1a,p1b\n|-resisted|p1a: Meowth\n|-supereffective|p1b: Axew\n|-crit|p1b: Axew\n|-damage|p1a: Meowth|60\/100\n|-damage|p1b: Axew|0 fnt\n|-unboost|p1a: Meowth|spe|1\n|faint|p1b: Axew\n|\n|upkeep\n|\n|t:|1699908477\n|switch|p2a: Girafarig|Girafarig, M|100\/100\n|switch|p1b: Quaxly|Quaxly, M|100\/100\n|-status|p1b: Quaxly|psn\n|turn|4\n|\n|t:|1699908493\n|move|p2a: Girafarig|Thunderbolt|p1a: Meowth\n|-damage|p1a: Meowth|25\/100\n|move|p1b: Quaxly|Rapid Spin|p2b: Skrelp\n|-damage|p2b: Skrelp|2\/100\n|-boost|p1b: Quaxly|spe|1\n|-sideend|p1: LOBATOS|Toxic Spikes|[from] move: Rapid Spin|[of] p1b: Quaxly\n|move|p2b: Skrelp|Sludge Bomb|p1b: Quaxly\n|-damage|p1b: Quaxly|43\/100 psn\n|move|p1a: Meowth|Iron Head|p2b: Skrelp\n|-resisted|p2b: Skrelp\n|-damage|p2b: Skrelp|0 fnt\n|faint|p2b: Skrelp\n|\n|-damage|p1b: Quaxly|30\/100 psn|[from] psn\n|upkeep\n|\n|t:|1699908509\n|switch|p2b: Piplup|Piplup, M|100\/100\n|turn|5\n|j| UsernameNotVisible\n|\n|t:|1699908523\n|move|p1b: Quaxly|Aqua Jet|p2a: Girafarig\n|-damage|p2a: Girafarig|73\/100\n|move|p2a: Girafarig|Thunderbolt|p1a: Meowth\n|-damage|p1a: Meowth|0 fnt\n|faint|p1a: Meowth\n|move|p2b: Piplup|Snowscape|p2b: Piplup\n|-weather|Snow\n|\n|-weather|Snow|[upkeep]\n|-damage|p1b: Quaxly|18\/100 psn|[from] psn\n|upkeep\n|\n|t:|1699908535\n|switch|p1a: Skiddo|Skiddo, F|100\/100\n|turn|6\n|\n|t:|1699908546\n|move|p1b: Quaxly|Aqua Jet|p2a: Girafarig\n|-damage|p2a: Girafarig|45\/100\n|move|p2a: Girafarig|Dazzling Gleam|p1a: Skiddo|[spread] p1a,p1b\n|-damage|p1a: Skiddo|88\/100\n|-damage|p1b: Quaxly|0 fnt\n|faint|p1b: Quaxly\n|move|p1a: Skiddo|Leech Seed|p2a: Girafarig\n|-ability|p2a: Girafarig|Sap Sipper|boost\n|-boost|p2a: Girafarig|atk|1\n|move|p2b: Piplup|Blizzard|p1a: Skiddo\n|-supereffective|p1a: Skiddo\n|-damage|p1a: Skiddo|50\/100\n|\n|-weather|Snow|[upkeep]\n|upkeep\n|\n|t:|1699908559\n|switch|p1b: Kricketot|Kricketot, F|100\/100\n|turn|7\n|\n|t:|1699908582\n|move|p2a: Girafarig|Dazzling Gleam|p1b: Kricketot|[spread] p1a,p1b\n|-damage|p1a: Skiddo|40\/100\n|-damage|p1b: Kricketot|74\/100\n|move|p1a: Skiddo|Horn Leech|p2b: Piplup\n|-supereffective|p2b: Piplup\n|-damage|p2b: Piplup|54\/100\n|-heal|p1a: Skiddo|61\/100|[from] drain|[of] p2b: Piplup\n|move|p2b: Piplup|Blizzard|p1a: Skiddo|[spread] p1a,p1b\n|-supereffective|p1a: Skiddo\n|-damage|p1a: Skiddo|34\/100\n|-damage|p1b: Kricketot|40\/100\n|move|p1b: Kricketot|Lunge|p2a: Girafarig\n|-supereffective|p2a: Girafarig\n|-damage|p2a: Girafarig|2\/100\n|-unboost|p2a: Girafarig|atk|1\n|\n|-weather|Snow|[upkeep]\n|upkeep\n|turn|8\n|\n|t:|1699908602\n|move|p1a: Skiddo|Protect|p1a: Skiddo\n|-singleturn|p1a: Skiddo|Protect\n|move|p2a: Girafarig|Dazzling Gleam|p1a: Skiddo|[spread] p1b\n|-activate|p1a: Skiddo|move: Protect\n|-damage|p1b: Kricketot|11\/100\n|move|p2b: Piplup|Blizzard|p1b: Kricketot|[spread] p1b\n|-activate|p1a: Skiddo|move: Protect\n|-damage|p1b: Kricketot|0 fnt\n|faint|p1b: Kricketot\n|\n|-weather|Snow|[upkeep]\n|upkeep\n|\n|t:|1699908613\n|switch|p1b: Bisharp|Bisharp, F|100\/100\n|turn|9\n|inactive|ElPendrive has 120 seconds left.\n|\n|t:|1699908648\n|move|p1b: Bisharp|Sucker Punch|p2b: Piplup\n|-damage|p2b: Piplup|5\/100\n|move|p2a: Girafarig|Thunderbolt|p1b: Bisharp\n|-damage|p1b: Bisharp|74\/100\n|move|p1a: Skiddo|Horn Leech|p2a: Girafarig\n|-ability|p2a: Girafarig|Sap Sipper|boost\n|-boost|p2a: Girafarig|atk|1\n|move|p2b: Piplup|Blizzard|p1a: Skiddo|[spread] p1a,p1b\n|-supereffective|p1a: Skiddo\n|-resisted|p1b: Bisharp\n|-damage|p1a: Skiddo|4\/100\n|-damage|p1b: Bisharp|64\/100\n|\n|-weather|none\n|upkeep\n|turn|10\n|j| CocoTheDoge213\n|\n|t:|1699908677\n|move|p1b: Bisharp|Sucker Punch|p2a: Girafarig\n|-supereffective|p2a: Girafarig\n|-damage|p2a: Girafarig|0 fnt\n|faint|p2a: Girafarig\n|move|p1a: Skiddo|Horn Leech|p2b: Piplup\n|-supereffective|p2b: Piplup\n|-damage|p2b: Piplup|0 fnt\n|-heal|p1a: Skiddo|6\/100|[from] drain|[of] p2b: Piplup\n|faint|p2b: Piplup\n|\n|upkeep\n|\n|t:|1699908680\n|switch|p2a: Drakloak|Drakloak, F|100\/100\n|turn|11\n|\n|t:|1699908697\n|-terastallize|p2a: Drakloak|Steel\n|move|p1b: Bisharp|Sucker Punch||[still]\n|-fail|p1b: Bisharp\n|move|p2a: Drakloak|Dragon Dance|p2a: Drakloak\n|-boost|p2a: Drakloak|atk|1\n|-boost|p2a: Drakloak|spe|1\n|move|p1a: Skiddo|Leech Seed|p2a: Drakloak\n|-start|p2a: Drakloak|move: Leech Seed\n|\n|-damage|p2a: Drakloak|88\/100|[from] Leech Seed|[of] p1a: Skiddo\n|-heal|p1a: Skiddo|17\/100|[silent]\n|upkeep\n|turn|12\n|\n|t:|1699908714\n|move|p2a: Drakloak|Outrage|p1a: Skiddo\n|-damage|p1a: Skiddo|0 fnt\n|faint|p1a: Skiddo\n|move|p1b: Bisharp|Swords Dance|p1b: Bisharp\n|-boost|p1b: Bisharp|atk|2\n|\n|upkeep\n|turn|13\n|c| CocoTheDoge213|ggs\n|\n|t:|1699908724\n|move|p2a: Drakloak|Outrage|p1b: Bisharp|[from]lockedmove\n|-resisted|p1b: Bisharp\n|-damage|p1b: Bisharp|40\/100\n|move|p1b: Bisharp|Iron Head|p2a: Drakloak\n|-resisted|p2a: Drakloak\n|-damage|p2a: Drakloak|0 fnt\n|faint|p2a: Drakloak\n|\n|win|LOBATOS\n|n|\u2606LOBATOS|lobatos\n|n|\u2606ElPendrive|elpendrive\n|n|*Lady Monita \u2746|ladymonita\n|n| horseradish2|horseradish2\n|n| Carkol Lover|carkollover\n|n| terrytibss|terrytibss\n|n| Osgovs|osgovs\n|n| UsernameNotVisible|usernamenotvisible\n|n| CocoTheDoge213|cocothedoge213\n","uploadtime":1699908725,"views":6,"p1id":"lobatos","p2id":"elpendrive","formatid":"gen9doublesou","rating":0,"private":0,"password":""}