{"id":"gen9doublesou-2000274738","p1":"Guy Oh","p2":"Cryptic_Brawler","format":"[Gen 9] Doubles OU","log":"|j|\u203dGuy Oh\n|j|\u203dCryptic_Brawler\n|t:|1701180256\n|gametype|doubles\n|player|p1|Guy Oh|boarder|\n|player|p2|Cryptic_Brawler|ghetsis-gen5bw|\n|teamsize|p1|6\n|teamsize|p2|6\n|gen|9\n|tier|[Gen 9] Doubles OU\n|rule|Species Clause: Limit one of each Pok\u00e9mon\n|rule|OHKO Clause: OHKO moves are banned\n|rule|Evasion Moves Clause: Evasion moves are banned\n|rule|Gravity Sleep Clause: The combination of sleep-inducing moves with imperfect accuracy and Gravity or Gigantamax Orbeetle are banned\n|rule|Endless Battle Clause: Forcing endless battles is banned\n|rule|HP Percentage Mod: HP is shown in percentages\n|clearpoke\n|poke|p1|Cresselia, F|\n|poke|p1|Diancie|\n|poke|p1|Ursaluna, M|\n|poke|p1|Amoonguss, F|\n|poke|p1|Farigiraf, M|\n|poke|p1|Torkoal, F|\n|poke|p2|Scizor, F|\n|poke|p2|Ogerpon-Wellspring, F|\n|poke|p2|Politoed, F|\n|poke|p2|Garchomp, F|\n|poke|p2|Talonflame, F|\n|poke|p2|Iron Valiant|\n|teampreview\n|\n|t:|1701180272\n|start\n|switch|p1a: Cresselia|Cresselia, F|100\/100\n|switch|p1b: Ursaluna|Ursaluna, M|100\/100\n|switch|p2a: Scizor|Scizor, F|100\/100\n|switch|p2b: Ogerpon|Ogerpon-Wellspring, F|100\/100\n|turn|1\n|\n|t:|1701180332\n|move|p2b: Ogerpon|Follow Me|p2b: Ogerpon\n|-singleturn|p2b: Ogerpon|move: Follow Me\n|move|p2a: Scizor|Swords Dance|p2a: Scizor\n|-boost|p2a: Scizor|atk|2\n|move|p1b: Ursaluna|Fire Punch|p2b: Ogerpon\n|-damage|p2b: Ogerpon|66\/100\n|move|p1a: Cresselia|Trick Room|p1a: Cresselia\n|-fieldstart|move: Trick Room|[of] p1a: Cresselia\n|\n|-status|p1b: Ursaluna|brn|[from] item: Flame Orb\n|upkeep\n|turn|2\n|\n|t:|1701180367\n|move|p1a: Cresselia|Ally Switch|p1a: Cresselia\n|swap|p1a: Cresselia|1|[from] move: Ally Switch\n|move|p2b: Ogerpon|Follow Me|p2b: Ogerpon\n|-singleturn|p2b: Ogerpon|move: Follow Me\n|move|p1a: Ursaluna|Facade|p2b: Ogerpon\n|-damage|p2b: Ogerpon|0 fnt\n|faint|p2b: Ogerpon\n|move|p2a: Scizor|X-Scissor|p1a: Ursaluna\n|-damage|p1a: Ursaluna|16\/100 brn\n|-damage|p2a: Scizor|91\/100|[from] item: Life Orb\n|\n|-damage|p1a: Ursaluna|10\/100 brn|[from] brn\n|upkeep\n|\n|t:|1701180382\n|switch|p2b: Politoed|Politoed, F|100\/100\n|-weather|RainDance|[from] ability: Drizzle|[of] p2b: Politoed\n|turn|3\n|\n|t:|1701180395\n|move|p1b: Cresselia|Ally Switch||[still]\n|-fail|p1b: Cresselia\n|move|p1a: Ursaluna|Fire Punch|p2a: Scizor\n|-supereffective|p2a: Scizor\n|-damage|p2a: Scizor|7\/100\n|move|p2a: Scizor|X-Scissor|p1b: Cresselia\n|-supereffective|p1b: Cresselia\n|-damage|p1b: Cresselia|0 fnt\n|faint|p1b: Cresselia\n|-damage|p2a: Scizor|0 fnt|[from] item: Life Orb\n|faint|p2a: Scizor\n|move|p2b: Politoed|Ice Beam|p1a: Ursaluna\n|-supereffective|p1a: Ursaluna\n|-damage|p1a: Ursaluna|0 fnt\n|faint|p1a: Ursaluna\n|\n|-weather|RainDance|[upkeep]\n|upkeep\n|\n|t:|1701180415\n|switch|p1a: Amoonguss|Amoonguss, F|100\/100\n|switch|p2a: Garchomp|Garchomp, F|100\/100\n|switch|p1b: Farigiraf|Farigiraf, M|100\/100\n|turn|4\n|\n|t:|1701180438\n|move|p1a: Amoonguss|Spore|p2a: Garchomp\n|-status|p2a: Garchomp|slp|[from] move: Spore\n|move|p1b: Farigiraf|Psychic|p2b: Politoed\n|-damage|p2b: Politoed|72\/100\n|move|p2b: Politoed|Ice Beam|p1a: Amoonguss\n|-supereffective|p1a: Amoonguss\n|-damage|p1a: Amoonguss|57\/100\n|cant|p2a: Garchomp|slp\n|\n|-weather|RainDance|[upkeep]\n|-heal|p1a: Amoonguss|63\/100|[from] item: Black Sludge\n|upkeep\n|turn|5\n|\n|t:|1701180456\n|move|p1a: Amoonguss|Pollen Puff|p2b: Politoed\n|-damage|p2b: Politoed|56\/100\n|move|p1b: Farigiraf|Hyper Voice|p2b: Politoed|[spread] p2a,p2b\n|-damage|p2a: Garchomp|73\/100 slp\n|-damage|p2b: Politoed|34\/100\n|move|p2b: Politoed|Psychic|p1a: Amoonguss\n|-supereffective|p1a: Amoonguss\n|-damage|p1a: Amoonguss|18\/100\n|cant|p2a: Garchomp|slp\n|\n|-weather|RainDance|[upkeep]\n|-heal|p1a: Amoonguss|24\/100|[from] item: Black Sludge\n|-fieldend|move: Trick Room\n|upkeep\n|turn|6\n|\n|t:|1701180495\n|switch|p1a: Diancie|Diancie|100\/100\n|cant|p2a: Garchomp|slp\n|move|p2b: Politoed|Psychic|p1a: Diancie\n|-damage|p1a: Diancie|84\/100\n|move|p1b: Farigiraf|Trick Room|p1b: Farigiraf\n|-fieldstart|move: Trick Room|[of] p1b: Farigiraf\n|\n|-weather|RainDance|[upkeep]\n|upkeep\n|turn|7\n|\n|t:|1701180545\n|move|p1a: Diancie|Diamond Storm|p2a: Garchomp|[spread] p2a,p2b\n|-resisted|p2a: Garchomp\n|-damage|p2a: Garchomp|60\/100 slp\n|-damage|p2b: Politoed|3\/100\n|-boost|p1a: Diancie|def|2\n|move|p1b: Farigiraf|Hyper Voice|p2a: Garchomp|[spread] p2a,p2b\n|-damage|p2a: Garchomp|31\/100 slp\n|-damage|p2b: Politoed|0 fnt\n|faint|p2b: Politoed\n|-curestatus|p2a: Garchomp|slp|[msg]\n|move|p2a: Garchomp|Earthquake|p1a: Diancie|[spread] p1a,p1b\n|-supereffective|p1a: Diancie\n|-crit|p1b: Farigiraf\n|-damage|p1a: Diancie|50\/100\n|-damage|p1b: Farigiraf|37\/100\n|\n|-weather|RainDance|[upkeep]\n|upkeep\n|\n|t:|1701180559\n|switch|p2b: Iron Valiant|Iron Valiant|100\/100\n|-enditem|p2b: Iron Valiant|Booster Energy\n|-activate|p2b: Iron Valiant|ability: Quark Drive|[fromitem]\n|-start|p2b: Iron Valiant|quarkdrivespe\n|turn|8\n|\n|t:|1701180572\n|move|p1a: Diancie|Diamond Storm|p2a: Garchomp|[spread] p2a,p2b\n|-resisted|p2a: Garchomp\n|-resisted|p2b: Iron Valiant\n|-damage|p2a: Garchomp|18\/100\n|-damage|p2b: Iron Valiant|84\/100\n|move|p1b: Farigiraf|Hyper Voice|p2a: Garchomp|[spread] p2a,p2b\n|-damage|p2a: Garchomp|0 fnt\n|-damage|p2b: Iron Valiant|39\/100\n|faint|p2a: Garchomp\n|move|p2b: Iron Valiant|Close Combat|p1a: Diancie\n|-damage|p1a: Diancie|24\/100\n|-unboost|p2b: Iron Valiant|def|1\n|-unboost|p2b: Iron Valiant|spd|1\n|\n|-weather|RainDance|[upkeep]\n|upkeep\n|\n|t:|1701180581\n|switch|p2a: Talonflame|Talonflame, F|100\/100\n|turn|9\n|\n|t:|1701180594\n|move|p2a: Talonflame|Brave Bird|p1b: Farigiraf\n|-damage|p1b: Farigiraf|0 fnt\n|faint|p1b: Farigiraf\n|-damage|p2a: Talonflame|83\/100|[from] Recoil\n|move|p1a: Diancie|Diamond Storm|p2b: Iron Valiant|[spread] p2a,p2b\n|-supereffective|p2a: Talonflame\n|-resisted|p2b: Iron Valiant\n|-damage|p2a: Talonflame|0 fnt\n|-damage|p2b: Iron Valiant|13\/100\n|-boost|p1a: Diancie|def|2\n|faint|p2a: Talonflame\n|move|p2b: Iron Valiant|Close Combat|p1a: Diancie\n|-damage|p1a: Diancie|8\/100\n|-unboost|p2b: Iron Valiant|def|1\n|-unboost|p2b: Iron Valiant|spd|1\n|\n|-weather|RainDance|[upkeep]\n|upkeep\n|\n|t:|1701180613\n|switch|p1b: Torkoal|Torkoal, F|100\/100\n|-weather|SunnyDay|[from] ability: Drought|[of] p1b: Torkoal\n|turn|10\n|\n|t:|1701180656\n|move|p1b: Torkoal|Eruption|p2b: Iron Valiant\n|-damage|p2b: Iron Valiant|0 fnt\n|faint|p2b: Iron Valiant\n|-end|p2b: Iron Valiant|Quark Drive|[silent]\n|\n|win|Guy Oh\n","uploadtime":1701180669,"views":10,"p1id":"guyoh","p2id":"crypticbrawler","formatid":"gen9doublesou","rating":0,"private":0,"password":""}