{"id":"gen9doublesou-1973329250","p1":"Mollymauk678","p2":"adamlol_gaming","format":"[Gen 9] Doubles OU","log":"|j|\u2606Mollymauk678\n|j|\u2606adamlol_gaming\n|t:|1697955599\n|gametype|doubles\n|player|p1|Mollymauk678|guitarist-gen4|1138\n|player|p2|adamlol_gaming|lass-gen4dp|1084\n|teamsize|p1|6\n|teamsize|p2|6\n|gen|9\n|tier|[Gen 9] Doubles OU\n|rated|\n|rule|Species Clause: Limit one of each Pok\u00e9mon\n|rule|OHKO Clause: OHKO moves are banned\n|rule|Evasion Moves Clause: Evasion moves are banned\n|rule|Gravity Sleep Clause: The combination of sleep-inducing moves with imperfect accuracy and Gravity or Gigantamax Orbeetle are banned\n|rule|Endless Battle Clause: Forcing endless battles is banned\n|rule|HP Percentage Mod: HP is shown in percentages\n|clearpoke\n|poke|p1|Oricorio-Pom-Pom, F|\n|poke|p1|Volcarona, F|\n|poke|p1|Pelipper, F|\n|poke|p1|Lilligant, F|\n|poke|p1|Flamigo, F|\n|poke|p1|Quaquaval, M|\n|poke|p2|Medicham, M|\n|poke|p2|Tinkaton, F|\n|poke|p2|Basculegion-F, F|\n|poke|p2|Indeedee-F, F|\n|poke|p2|Meowscarada, M|\n|poke|p2|Amoonguss, M|\n|teampreview\n|\n|t:|1697955614\n|start\n|switch|p1a: Oricorio|Oricorio-Pom-Pom, F|100\/100\n|switch|p1b: Volcarona|Volcarona, F|100\/100\n|switch|p2a: Medicham|Medicham, M|100\/100\n|switch|p2b: Tinkaton|Tinkaton, F|100\/100\n|turn|1\n|\n|t:|1697955632\n|switch|p1b: Pelipper|Pelipper, F|100\/100\n|-weather|RainDance|[from] ability: Drizzle|[of] p1b: Pelipper\n|move|p2a: Medicham|Fake Out|p1b: Pelipper\n|-damage|p1b: Pelipper|92\/100\n|move|p1a: Oricorio|Hurricane|p2a: Medicham\n|-supereffective|p2a: Medicham\n|-damage|p2a: Medicham|0 fnt\n|faint|p2a: Medicham\n|move|p2b: Tinkaton|Swords Dance|p2b: Tinkaton\n|-boost|p2b: Tinkaton|atk|2\n|-activate|p1a: Oricorio|ability: Dancer\n|move|p1a: Oricorio|Swords Dance|p1a: Oricorio|[from]ability: Dancer\n|-boost|p1a: Oricorio|atk|2\n|\n|-weather|RainDance|[upkeep]\n|upkeep\n|\n|t:|1697955651\n|switch|p2a: Basculegion|Basculegion-F, F|100\/100\n|turn|2\n|\n|t:|1697955667\n|move|p1a: Oricorio|Revelation Dance|p2a: Basculegion\n|-supereffective|p2a: Basculegion\n|-crit|p2a: Basculegion\n|-damage|p2a: Basculegion|0 fnt\n|faint|p2a: Basculegion\n|move|p2b: Tinkaton|Gigaton Hammer|p1b: Pelipper\n|-resisted|p1b: Pelipper\n|-damage|p1b: Pelipper|48\/100\n|move|p1b: Pelipper|U-turn|p2b: Tinkaton\n|-resisted|p2b: Tinkaton\n|-damage|p2b: Tinkaton|98\/100\n|\n|t:|1697955680\n|switch|p1b: Flamigo|Flamigo, F|100\/100|[from] U-turn\n|-copyboost|p1b: Flamigo|p1a: Oricorio|[from] ability: Costar\n|\n|-weather|RainDance|[upkeep]\n|upkeep\n|\n|t:|1697955695\n|switch|p2a: Indeedee|Indeedee-F, F|100\/100\n|turn|3\n|\n|t:|1697955710\n|move|p1a: Oricorio|Protect|p1a: Oricorio\n|-singleturn|p1a: Oricorio|Protect\n|move|p2b: Tinkaton|Protect|p2b: Tinkaton\n|-singleturn|p2b: Tinkaton|Protect\n|move|p1b: Flamigo|Close Combat|p2b: Tinkaton\n|-activate|p2b: Tinkaton|move: Protect\n|move|p2a: Indeedee|Trick Room|p2a: Indeedee\n|-fieldstart|move: Trick Room|[of] p2a: Indeedee\n|\n|-weather|RainDance|[upkeep]\n|upkeep\n|turn|4\n|\n|t:|1697955754\n|switch|p1b: Volcarona|Volcarona, F|100\/100\n|move|p2a: Indeedee|Psychic|p1b: Volcarona\n|-damage|p1b: Volcarona|65\/100\n|move|p2b: Tinkaton|Gigaton Hammer|p1a: Oricorio\n|-resisted|p1a: Oricorio\n|-damage|p1a: Oricorio|0 fnt\n|faint|p1a: Oricorio\n|\n|-weather|RainDance|[upkeep]\n|upkeep\n|\n|t:|1697955771\n|switch|p1a: Lilligant|Lilligant, F|100\/100\n|turn|5\n|\n|t:|1697955797\n|move|p2a: Indeedee|Light Screen|p2a: Indeedee\n|-sidestart|p2: adamlol_gaming|move: Light Screen\n|move|p2b: Tinkaton|Knock Off|p1a: Lilligant\n|-damage|p1a: Lilligant|18\/100\n|-enditem|p1a: Lilligant|Focus Sash|[from] move: Knock Off|[of] p2b: Tinkaton\n|move|p1a: Lilligant|Teeter Dance|p2a: Indeedee|[spread] p1b,p2a,p2b\n|-start|p1b: Volcarona|confusion\n|-start|p2a: Indeedee|confusion\n|-start|p2b: Tinkaton|confusion\n|-activate|p1b: Volcarona|confusion\n|move|p1b: Volcarona|Fiery Dance|p2b: Tinkaton\n|-supereffective|p2b: Tinkaton\n|-damage|p2b: Tinkaton|69\/100\n|\n|-weather|RainDance|[upkeep]\n|upkeep\n|turn|6\n|\n|t:|1697955824\n|-activate|p2a: Indeedee|confusion\n|move|p2a: Indeedee|Reflect|p2a: Indeedee\n|-sidestart|p2: adamlol_gaming|Reflect\n|-activate|p2b: Tinkaton|confusion\n|move|p2b: Tinkaton|Gigaton Hammer|p1b: Volcarona\n|-resisted|p1b: Volcarona\n|-damage|p1b: Volcarona|0 fnt\n|faint|p1b: Volcarona\n|move|p1a: Lilligant|Petal Dance|p2b: Tinkaton\n|-resisted|p2b: Tinkaton\n|-damage|p2b: Tinkaton|51\/100\n|\n|-weather|RainDance|[upkeep]\n|upkeep\n|\n|t:|1697955835\n|switch|p1b: Quaquaval|Quaquaval, M|100\/100\n|turn|7\n|\n|t:|1697955874\n|-activate|p2a: Indeedee|confusion\n|move|p2a: Indeedee|Psychic|p1b: Quaquaval\n|-supereffective|p1b: Quaquaval\n|-damage|p1b: Quaquaval|8\/100\n|-activate|p2b: Tinkaton|confusion\n|-damage|p2b: Tinkaton|29\/100|[from] confusion\n|move|p1b: Quaquaval|Knock Off|p2a: Indeedee\n|-supereffective|p2a: Indeedee\n|-damage|p2a: Indeedee|51\/100\n|-enditem|p2a: Indeedee|Light Clay|[from] move: Knock Off|[of] p1b: Quaquaval\n|move|p1a: Lilligant|Petal Dance|p2b: Tinkaton|[from]lockedmove\n|-resisted|p2b: Tinkaton\n|-damage|p2b: Tinkaton|8\/100\n|-enditem|p2b: Tinkaton|Wiki Berry|[eat]\n|-heal|p2b: Tinkaton|41\/100|[from] item: Wiki Berry\n|\n|-weather|RainDance|[upkeep]\n|-fieldend|move: Trick Room\n|upkeep\n|turn|8\n|\n|t:|1697955909\n|move|p1a: Lilligant|Petal Dance|p2a: Indeedee\n|-damage|p2a: Indeedee|12\/100\n|move|p1b: Quaquaval|Knock Off|p2b: Tinkaton\n|-resisted|p2b: Tinkaton\n|-damage|p2b: Tinkaton|35\/100\n|-enditem|p1b: Quaquaval|Heavy-Duty Boots|[silent]|[from] ability: Pickpocket|[of] p1b: Quaquaval\n|-item|p2b: Tinkaton|Heavy-Duty Boots|[from] ability: Pickpocket|[of] p1b: Quaquaval\n|-activate|p2b: Tinkaton|confusion\n|move|p2b: Tinkaton|Knock Off|p1a: Lilligant\n|-damage|p1a: Lilligant|0 fnt\n|faint|p1a: Lilligant\n|-end|p2a: Indeedee|confusion\n|move|p2a: Indeedee|Psychic|p1b: Quaquaval\n|-supereffective|p1b: Quaquaval\n|-damage|p1b: Quaquaval|0 fnt\n|faint|p1b: Quaquaval\n|\n|-weather|none\n|upkeep\n|\n|t:|1697955925\n|switch|p1a: Pelipper|Pelipper, F|48\/100\n|switch|p1b: Flamigo|Flamigo, F|100\/100\n|-copyboost|p1b: Flamigo|p1a: Pelipper|[from] ability: Costar\n|-weather|RainDance|[from] ability: Drizzle|[of] p1a: Pelipper\n|turn|9\n|\n|t:|1697955948\n|move|p1b: Flamigo|Swords Dance|p1b: Flamigo\n|-boost|p1b: Flamigo|atk|2\n|-activate|p2b: Tinkaton|confusion\n|move|p2b: Tinkaton|Gigaton Hammer|p1a: Pelipper\n|-resisted|p1a: Pelipper\n|-damage|p1a: Pelipper|0 fnt\n|faint|p1a: Pelipper\n|move|p2a: Indeedee|Psychic|p1b: Flamigo\n|-supereffective|p1b: Flamigo\n|-damage|p1b: Flamigo|0 fnt\n|faint|p1b: Flamigo\n|\n|win|adamlol_gaming\n|raw|Mollymauk678's rating: 1138 &rarr; <strong>1109<\/strong><br \/>(-29 for losing)\n|raw|adamlol_gaming's rating: 1084 &rarr; <strong>1116<\/strong><br \/>(+32 for winning)\n|c|\u2606adamlol_gaming|gg\n|c|\u2606Mollymauk678|gg\n|l|\u2606Mollymauk678\n","uploadtime":1697955967,"views":24,"p1id":"mollymauk678","p2id":"adamlolgaming","formatid":"gen9doublesou","rating":1109,"private":0,"password":""}