{"id":"gen9doublesou-1994755983","p1":"just a little dumb","p2":"Manga atem","format":"[Gen 9] Doubles OU","log":"|j|\u2606just a little dumb\n|j|\u2606Manga atem\n|t:|1700489569\n|gametype|doubles\n|player|p1|just a little dumb|harlequin|1009\n|player|p2|Manga atem|acetrainer-gen4dp|1122\n|teamsize|p1|6\n|teamsize|p2|6\n|gen|9\n|tier|[Gen 9] Doubles OU\n|rated|\n|rule|Species Clause: Limit one of each Pok\u00e9mon\n|rule|OHKO Clause: OHKO moves are banned\n|rule|Evasion Moves Clause: Evasion moves are banned\n|rule|Gravity Sleep Clause: The combination of sleep-inducing moves with imperfect accuracy and Gravity or Gigantamax Orbeetle are banned\n|rule|Endless Battle Clause: Forcing endless battles is banned\n|rule|HP Percentage Mod: HP is shown in percentages\n|clearpoke\n|poke|p1|Grafaiai, M|\n|poke|p1|Forretress, F|\n|poke|p1|Rabsca, M|\n|poke|p1|Golem-Alola, M|\n|poke|p1|Ogerpon, F|\n|poke|p1|Garganacl, M|\n|poke|p2|Armarouge, F|\n|poke|p2|Maushold-Four|\n|poke|p2|Indeedee, M|\n|poke|p2|Arcanine, F|\n|poke|p2|Farigiraf, M|\n|poke|p2|Chien-Pao|\n|teampreview\n|\n|t:|1700489594\n|start\n|switch|p1a: Grafaiai|Grafaiai, M|100\/100\n|switch|p1b: Garganacl|Garganacl, M|100\/100\n|switch|p2a: Farigiraf|Farigiraf, M|100\/100\n|switch|p2b: Maushold|Maushold-Four|100\/100\n|turn|1\n|\n|t:|1700489612\n|move|p1a: Grafaiai|Protect|p1a: Grafaiai\n|-singleturn|p1a: Grafaiai|Protect\n|move|p2b: Maushold|Tidy Up|p2b: Maushold\n|-boost|p2b: Maushold|atk|1\n|-boost|p2b: Maushold|spe|1\n|move|p2a: Farigiraf|Psychic|p1a: Grafaiai\n|-activate|p1a: Grafaiai|move: Protect\n|move|p1b: Garganacl|Explosion|p2b: Maushold|[spread] p2a,p2b\n|-activate|p1a: Grafaiai|move: Protect\n|-damage|p2a: Farigiraf|7\/100\n|-damage|p2b: Maushold|0 fnt\n|faint|p1b: Garganacl\n|faint|p2b: Maushold\n|\n|-heal|p2a: Farigiraf|13\/100|[from] item: Leftovers\n|upkeep\n|\n|t:|1700489630\n|switch|p2b: Indeedee|Indeedee, M|100\/100\n|switch|p1b: Ogerpon|Ogerpon, F|100\/100\n|-fieldstart|move: Psychic Terrain|[from] ability: Psychic Surge|[of] p2b: Indeedee\n|turn|2\n|\n|t:|1700489646\n|switch|p1b: Rabsca|Rabsca, M|100\/100\n|move|p1a: Grafaiai|Copycat|p1a: Grafaiai\n|move|p1a: Grafaiai|Explosion||[from]move: Copycat|[still]\n|cant|p2a: Farigiraf|ability: Armor Tail|Explosion|[of] p1a: Grafaiai\n|move|p2b: Indeedee|Dazzling Gleam|p1b: Rabsca|[spread] p1a,p1b\n|-resisted|p1a: Grafaiai\n|-damage|p1a: Grafaiai|92\/100\n|-damage|p1b: Rabsca|88\/100\n|move|p2a: Farigiraf|Psychic|p1a: Grafaiai\n|-supereffective|p1a: Grafaiai\n|-damage|p1a: Grafaiai|0 fnt\n|faint|p1a: Grafaiai\n|\n|-heal|p2a: Farigiraf|19\/100|[from] item: Leftovers\n|upkeep\n|\n|t:|1700489675\n|switch|p1a: Ogerpon|Ogerpon, F|100\/100\n|turn|3\n|\n|t:|1700489686\n|move|p2b: Indeedee|Helping Hand|p2a: Farigiraf\n|-singleturn|p2a: Farigiraf|Helping Hand|[of] p2b: Indeedee\n|move|p1a: Ogerpon|Follow Me|p1a: Ogerpon\n|-singleturn|p1a: Ogerpon|move: Follow Me\n|move|p2a: Farigiraf|Psychic|p1a: Ogerpon\n|-damage|p1a: Ogerpon|3\/100\n|-enditem|p1a: Ogerpon|Eject Button\n|\n|t:|1700489707\n|switch|p1a: Golem|Golem-Alola, M|100\/100\n|move|p1b: Rabsca|Revival Blessing|p1b: Rabsca\n|-enditem|p1b: Rabsca|Leppa Berry|[eat]\n|-activate|p1b: Rabsca|item: Leppa Berry|Revival Blessing|[consumed]\n|\n|t:|1700489714\n|-heal|p1: Garganacl|50\/100|[from] move: Revival Blessing\n|\n|-heal|p2a: Farigiraf|25\/100|[from] item: Leftovers\n|upkeep\n|turn|4\n|\n|t:|1700489726\n|switch|p2a: Arcanine|Arcanine, F|100\/100\n|-ability|p2a: Arcanine|Intimidate|boost\n|-unboost|p1a: Golem|atk|1\n|-unboost|p1b: Rabsca|atk|1\n|move|p2b: Indeedee|Dazzling Gleam|p1a: Golem|[spread] p1a,p1b\n|-damage|p1a: Golem|78\/100\n|-damage|p1b: Rabsca|76\/100\n|move|p1a: Golem|Explosion|p2a: Arcanine|[spread] p2a,p2b\n|-activate|p1b: Rabsca|ability: Telepathy\n|-damage|p2a: Arcanine|0 fnt\n|-damage|p2b: Indeedee|0 fnt\n|faint|p1a: Golem\n|faint|p2a: Arcanine\n|faint|p2b: Indeedee\n|move|p1b: Rabsca|Trick Room|p1b: Rabsca\n|-fieldstart|move: Trick Room|[of] p1b: Rabsca\n|\n|upkeep\n|\n|t:|1700489745\n|switch|p1a: Garganacl|Garganacl, M|50\/100\n|switch|p2a: Chien-Pao|Chien-Pao|100\/100\n|switch|p2b: Farigiraf|Farigiraf, M|25\/100\n|-ability|p2a: Chien-Pao|Sword of Ruin\n|turn|5\n|\n|t:|1700489761\n|move|p2a: Chien-Pao|Sucker Punch|p1a: Garganacl\n|-activate|p1a: Garganacl|move: Psychic Terrain\n|move|p1a: Garganacl|Explosion|p2b: Farigiraf|[spread] p2a,p2b\n|-activate|p1b: Rabsca|ability: Telepathy\n|-crit|p2a: Chien-Pao\n|-damage|p2a: Chien-Pao|0 fnt\n|-damage|p2b: Farigiraf|0 fnt\n|faint|p1a: Garganacl\n|faint|p2a: Chien-Pao\n|faint|p2b: Farigiraf\n|move|p1b: Rabsca|Struggle Bug|p2: Chien-Pao|[notarget]\n|-fail|p1b: Rabsca\n|\n|upkeep\n|\n|t:|1700489772\n|switch|p1a: Forretress|Forretress, F|100\/100\n|switch|p2b: Armarouge|Armarouge, F|100\/100\n|turn|6\n|\n|t:|1700489781\n|-terastallize|p2b: Armarouge|Psychic\n|move|p1a: Forretress|Explosion|p2b: Armarouge|[spread] p2b\n|-activate|p1b: Rabsca|ability: Telepathy\n|-damage|p2b: Armarouge|63\/100\n|faint|p1a: Forretress\n|move|p1b: Rabsca|Memento|p2b: Armarouge\n|-unboost|p2b: Armarouge|atk|2\n|-unboost|p2b: Armarouge|spa|2\n|faint|p1b: Rabsca\n|move|p2b: Armarouge|Expanding Force|p1: Forretress|[notarget]\n|-fail|p2b: Armarouge\n|\n|upkeep\n|\n|t:|1700489795\n|switch|p1a: Ogerpon|Ogerpon, F|3\/100\n|turn|7\n|\n|t:|1700489800\n|move|p2b: Armarouge|Expanding Force|p1a: Ogerpon\n|-damage|p1a: Ogerpon|0 fnt\n|faint|p1a: Ogerpon\n|\n|win|Manga atem\n|raw|just a little dumb's rating: 1009 &rarr; <strong>1001<\/strong><br \/>(-8 for losing)\n|raw|Manga atem's rating: 1122 &rarr; <strong>1139<\/strong><br \/>(+17 for winning)\n|c|\u2606just a little dumb|Gg\n|c|\u2606Manga atem|Gg\n|l|\u2606just a little dumb\n|c|\u2606Manga atem|That team hurts\n","uploadtime":1700489830,"views":7,"p1id":"justalittledumb","p2id":"mangaatem","formatid":"gen9doublesou","rating":1001,"private":0,"password":""}