{"id":"gen9doublesou-1968950398","p1":"edgypunishment","p2":"hilda1666","format":"[Gen 9] Doubles OU","log":"|j|\u2606edgypunishment\n|j|\u2606hilda1666\n|t:|1697477875\n|gametype|doubles\n|player|p1|edgypunishment|102|1198\n|player|p2|hilda1666|roxie|1146\n|teamsize|p1|6\n|teamsize|p2|6\n|gen|9\n|tier|[Gen 9] Doubles OU\n|rated|\n|rule|Species Clause: Limit one of each Pok\u00e9mon\n|rule|OHKO Clause: OHKO moves are banned\n|rule|Evasion Moves Clause: Evasion moves are banned\n|rule|Gravity Sleep Clause: The combination of sleep-inducing moves with imperfect accuracy and Gravity or Gigantamax Orbeetle are banned\n|rule|Endless Battle Clause: Forcing endless battles is banned\n|rule|HP Percentage Mod: HP is shown in percentages\n|clearpoke\n|poke|p1|Haxorus, F|\n|poke|p1|Roaring Moon|\n|poke|p1|Walking Wake|\n|poke|p1|Dragalge, F|\n|poke|p1|Baxcalibur, F|\n|poke|p1|Goodra-Hisui, M|\n|poke|p2|Grimmsnarl, M|\n|poke|p2|Flutter Mane|\n|poke|p2|Weezing-Galar, M|\n|poke|p2|Clefairy, F|\n|poke|p2|Sylveon, M|\n|poke|p2|Azumarill, M|\n|teampreview\n|inactive|Battle timer is ON: inactive players will automatically lose when time's up. (requested by edgypunishment)\n|\n|t:|1697477881\n|start\n|switch|p1a: Haxorus|Haxorus, F|100\/100\n|switch|p1b: Roaring Moon|Roaring Moon|100\/100\n|switch|p2a: Weezing|Weezing-Galar, M, shiny|100\/100\n|switch|p2b: Grimmsnarl|Grimmsnarl, M, shiny|100\/100\n|-ability|p2a: Weezing|Neutralizing Gas\n|-enditem|p1b: Roaring Moon|Booster Energy\n|-activate|p1b: Roaring Moon|ability: Protosynthesis|[fromitem]\n|-start|p1b: Roaring Moon|protosynthesisatk\n|turn|1\n|\n|t:|1697477904\n|move|p1b: Roaring Moon|Iron Head|p2a: Weezing\n|-supereffective|p2a: Weezing\n|-damage|p2a: Weezing|41\/100\n|-enditem|p2a: Weezing|Sitrus Berry|[eat]\n|-heal|p2a: Weezing|66\/100|[from] item: Sitrus Berry\n|move|p1a: Haxorus|Dragon Dance|p1a: Haxorus\n|-boost|p1a: Haxorus|atk|1\n|-boost|p1a: Haxorus|spe|1\n|move|p2b: Grimmsnarl|Misty Terrain|p2b: Grimmsnarl\n|-fieldstart|move: Misty Terrain\n|cant|p2a: Weezing|flinch\n|\n|upkeep\n|turn|2\n|\n|t:|1697477918\n|move|p1a: Haxorus|Iron Head|p2a: Weezing\n|-supereffective|p2a: Weezing\n|-damage|p2a: Weezing|0 fnt\n|faint|p2a: Weezing\n|-end|p2a: Weezing|ability: Neutralizing Gas\n|-ability|p1a: Haxorus|Mold Breaker\n|move|p2b: Grimmsnarl|Light Screen|p2b: Grimmsnarl\n|-sidestart|p2: hilda1666|move: Light Screen\n|move|p1b: Roaring Moon|Iron Head|p2b: Grimmsnarl\n|-supereffective|p2b: Grimmsnarl\n|-damage|p2b: Grimmsnarl|20\/100\n|\n|upkeep\n|\n|t:|1697477932\n|switch|p2a: Clefairy|Clefairy, F, shiny|100\/100\n|turn|3\n|\n|t:|1697477939\n|move|p2a: Clefairy|Follow Me|p2a: Clefairy\n|-singleturn|p2a: Clefairy|move: Follow Me\n|move|p1a: Haxorus|Iron Head|p2a: Clefairy\n|-supereffective|p2a: Clefairy\n|-damage|p2a: Clefairy|18\/100\n|move|p1b: Roaring Moon|Iron Head|p2a: Clefairy\n|-supereffective|p2a: Clefairy\n|-damage|p2a: Clefairy|0 fnt\n|faint|p2a: Clefairy\n|move|p2b: Grimmsnarl|Spirit Break|p1b: Roaring Moon\n|-supereffective|p1b: Roaring Moon\n|-damage|p1b: Roaring Moon|0 fnt\n|faint|p1b: Roaring Moon\n|-end|p1b: Roaring Moon|Protosynthesis|[silent]\n|\n|upkeep\n|\n|t:|1697477954\n|switch|p1b: Dragalge|Dragalge, F|100\/100\n|switch|p2a: Sylveon|Sylveon, M|100\/100\n|turn|4\n|\n|t:|1697477977\n|move|p2b: Grimmsnarl|Reflect|p2b: Grimmsnarl\n|-sidestart|p2: hilda1666|Reflect\n|move|p1a: Haxorus|Iron Head|p2a: Sylveon\n|-supereffective|p2a: Sylveon\n|-damage|p2a: Sylveon|30\/100\n|move|p2a: Sylveon|Calm Mind|p2a: Sylveon\n|-boost|p2a: Sylveon|spa|1\n|-boost|p2a: Sylveon|spd|1\n|move|p1b: Dragalge|Toxic|p2b: Grimmsnarl\n|-activate|p2b: Grimmsnarl|move: Misty Terrain\n|\n|upkeep\n|turn|5\n|\n|t:|1697477992\n|move|p2a: Sylveon|Quick Attack|p1a: Haxorus\n|-supereffective|p1a: Haxorus\n|-damage|p1a: Haxorus|65\/100\n|move|p1a: Haxorus|Iron Head|p2a: Sylveon\n|-supereffective|p2a: Sylveon\n|-damage|p2a: Sylveon|0 fnt\n|faint|p2a: Sylveon\n|move|p2b: Grimmsnarl|Spirit Break|p1a: Haxorus\n|-supereffective|p1a: Haxorus\n|-damage|p1a: Haxorus|0 fnt\n|faint|p1a: Haxorus\n|move|p1b: Dragalge|Venoshock|p2b: Grimmsnarl\n|-supereffective|p2b: Grimmsnarl\n|-damage|p2b: Grimmsnarl|0 fnt\n|faint|p2b: Grimmsnarl\n|\n|-fieldend|Misty Terrain\n|upkeep\n|\n|t:|1697478009\n|switch|p1a: Goodra|Goodra-Hisui, M|100\/100\n|switch|p2b: Flutter Mane|Flutter Mane, shiny|100\/100\n|switch|p2a: Azumarill|Azumarill, M, shiny|100\/100\n|turn|6\n|\n|t:|1697478022\n|move|p2b: Flutter Mane|Calm Mind|p2b: Flutter Mane\n|-boost|p2b: Flutter Mane|spa|1\n|-boost|p2b: Flutter Mane|spd|1\n|move|p1a: Goodra|Flash Cannon|p2b: Flutter Mane\n|-supereffective|p2b: Flutter Mane\n|-damage|p2b: Flutter Mane|61\/100\n|move|p2a: Azumarill|Belly Drum|p2a: Azumarill\n|-damage|p2a: Azumarill|50\/100\n|-setboost|p2a: Azumarill|atk|6|[from] move: Belly Drum\n|-enditem|p2a: Azumarill|Sitrus Berry|[eat]\n|-heal|p2a: Azumarill|75\/100|[from] item: Sitrus Berry\n|move|p1b: Dragalge|Toxic|p2a: Azumarill\n|-status|p2a: Azumarill|tox\n|\n|-damage|p2a: Azumarill|69\/100 tox|[from] psn\n|upkeep\n|turn|7\n|\n|t:|1697478040\n|move|p2b: Flutter Mane|Shadow Ball|p1b: Dragalge\n|-damage|p1b: Dragalge|49\/100\n|move|p1a: Goodra|Flash Cannon|p2a: Azumarill\n|-damage|p2a: Azumarill|42\/100 tox\n|move|p2a: Azumarill|Brick Break|p1a: Goodra\n|-supereffective|p1a: Goodra\n|-damage|p1a: Goodra|0 fnt\n|-ability|p1a: Goodra|Gooey\n|-unboost|p2a: Azumarill|spe|1\n|faint|p1a: Goodra\n|move|p1b: Dragalge|Toxic|p2b: Flutter Mane\n|-status|p2b: Flutter Mane|tox\n|\n|-heal|p1b: Dragalge|55\/100|[from] item: Black Sludge\n|-damage|p2b: Flutter Mane|55\/100 tox|[from] psn\n|-damage|p2a: Azumarill|30\/100 tox|[from] psn\n|upkeep\n|inactive|edgypunishment has 120 seconds left.\n|\n|t:|1697478068\n|switch|p1a: Baxcalibur|Baxcalibur, F|100\/100\n|turn|8\n|\n|t:|1697478078\n|move|p1a: Baxcalibur|Ice Shard|p2b: Flutter Mane\n|-damage|p2b: Flutter Mane|28\/100 tox\n|move|p2a: Azumarill|Aqua Jet|p1b: Dragalge\n|-resisted|p1b: Dragalge\n|-damage|p1b: Dragalge|18\/100\n|move|p2b: Flutter Mane|Dazzling Gleam|p1a: Baxcalibur|[spread] p1a,p1b\n|-supereffective|p1a: Baxcalibur\n|-damage|p1a: Baxcalibur|6\/100\n|-damage|p1b: Dragalge|0 fnt\n|faint|p1b: Dragalge\n|\n|-damage|p2b: Flutter Mane|16\/100 tox|[from] psn\n|-damage|p2a: Azumarill|12\/100 tox|[from] psn\n|upkeep\n|\n|t:|1697478089\n|switch|p1b: Walking Wake|Walking Wake|100\/100\n|turn|9\n|\n|t:|1697478099\n|-terastallize|p2b: Flutter Mane|Fairy\n|move|p1a: Baxcalibur|Ice Shard|p2b: Flutter Mane\n|-damage|p2b: Flutter Mane|0 fnt\n|faint|p2b: Flutter Mane\n|-end|p2b: Flutter Mane|Protosynthesis|[silent]\n|move|p2a: Azumarill|Aqua Jet|p1a: Baxcalibur\n|-resisted|p1a: Baxcalibur\n|-damage|p1a: Baxcalibur|0 fnt\n|faint|p1a: Baxcalibur\n|move|p1b: Walking Wake|Hydro Steam|p2a: Azumarill\n|-resisted|p2a: Azumarill\n|-damage|p2a: Azumarill|0 fnt\n|faint|p2a: Azumarill\n|\n|win|edgypunishment\n|raw|edgypunishment's rating: 1198 &rarr; <strong>1219<\/strong><br \/>(+21 for winning)\n|raw|hilda1666's rating: 1146 &rarr; <strong>1125<\/strong><br \/>(-21 for losing)\n","uploadtime":1697478116,"views":10,"p1id":"edgypunishment","p2id":"hilda1666","formatid":"gen9doublesou","rating":1125,"private":0,"password":""}