{"id":"gen9doublesou-1970842391","p1":"SXD2002","p2":"Crocky17","format":"[Gen 9] Doubles OU","log":"|j|\u2606SXD2002\n|j|\u2606Crocky17\n|t:|1697672763\n|gametype|doubles\n|player|p1|SXD2002|silver-masters|1096\n|player|p2|Crocky17|gardenia|1131\n|teamsize|p1|4\n|teamsize|p2|6\n|gen|9\n|tier|[Gen 9] Doubles OU\n|rated|\n|rule|Species Clause: Limit one of each Pok\u00e9mon\n|rule|OHKO Clause: OHKO moves are banned\n|rule|Evasion Moves Clause: Evasion moves are banned\n|rule|Gravity Sleep Clause: The combination of sleep-inducing moves with imperfect accuracy and Gravity or Gigantamax Orbeetle are banned\n|rule|Endless Battle Clause: Forcing endless battles is banned\n|rule|HP Percentage Mod: HP is shown in percentages\n|clearpoke\n|poke|p1|Lurantis, F|\n|poke|p1|Murkrow, F|\n|poke|p1|Grimmsnarl, M|\n|poke|p1|Clefairy, F|\n|poke|p2|Basculegion, M|\n|poke|p2|Pelipper, M|\n|poke|p2|Chien-Pao|\n|poke|p2|Farigiraf, M|\n|poke|p2|Ursaluna, M|\n|poke|p2|Amoonguss, F|\n|teampreview\n|inactive|Battle timer is ON: inactive players will automatically lose when time's up. (requested by SXD2002)\n|\n|t:|1697672790\n|start\n|switch|p1a: Grimmsnarl|Grimmsnarl, M|100\/100\n|switch|p1b: Lurantis|Lurantis, F|100\/100\n|switch|p2a: Farigiraf|Farigiraf, M|100\/100\n|switch|p2b: Ursaluna|Ursaluna, M|100\/100\n|turn|1\n|\n|t:|1697672800\n|move|p2b: Ursaluna|Protect|p2b: Ursaluna\n|-singleturn|p2b: Ursaluna|Protect\n|move|p1a: Grimmsnarl|Fake Tears|p1b: Lurantis\n|-boost|p1b: Lurantis|spd|2\n|move|p1b: Lurantis|Leaf Storm|p2b: Ursaluna\n|-activate|p2b: Ursaluna|move: Protect\n|move|p2a: Farigiraf|Trick Room|p2a: Farigiraf\n|-fieldstart|move: Trick Room|[of] p2a: Farigiraf\n|\n|-status|p2b: Ursaluna|brn|[from] item: Flame Orb\n|upkeep\n|turn|2\n|\n|t:|1697672829\n|switch|p2a: Chien-Pao|Chien-Pao|100\/100\n|-ability|p2a: Chien-Pao|Sword of Ruin\n|move|p1b: Lurantis|Protect|p1b: Lurantis\n|-singleturn|p1b: Lurantis|Protect\n|move|p1a: Grimmsnarl|Parting Shot|p2b: Ursaluna\n|-unboost|p2b: Ursaluna|atk|1\n|-unboost|p2b: Ursaluna|spa|1\n|inactive|SXD2002 has 120 seconds left.\n|\n|t:|1697672843\n|switch|p1a: Murkrow|Murkrow, F|100\/100|[from] Parting Shot\n|move|p2b: Ursaluna|Facade|p1b: Lurantis\n|-activate|p1b: Lurantis|move: Protect\n|\n|-damage|p2b: Ursaluna|94\/100 brn|[from] brn\n|upkeep\n|turn|3\n|\n|t:|1697672859\n|-terastallize|p1b: Lurantis|Steel\n|move|p2b: Ursaluna|Protect|p2b: Ursaluna\n|-singleturn|p2b: Ursaluna|Protect\n|move|p1a: Murkrow|Screech|p1b: Lurantis\n|-boost|p1b: Lurantis|def|2\n|move|p1b: Lurantis|Superpower|p2b: Ursaluna\n|-activate|p2b: Ursaluna|move: Protect\n|move|p2a: Chien-Pao|Ice Spinner|p1b: Lurantis\n|-resisted|p1b: Lurantis\n|-damage|p1b: Lurantis|86\/100\n|\n|-heal|p1b: Lurantis|92\/100|[from] item: Leftovers\n|-damage|p2b: Ursaluna|88\/100 brn|[from] brn\n|upkeep\n|turn|4\n|\n|t:|1697672882\n|switch|p2a: Farigiraf|Farigiraf, M|100\/100\n|move|p1a: Murkrow|Screech|p1b: Lurantis\n|-boost|p1b: Lurantis|def|2\n|move|p1b: Lurantis|Superpower|p2b: Ursaluna\n|-supereffective|p2b: Ursaluna\n|-damage|p2b: Ursaluna|47\/100 brn\n|-boost|p1b: Lurantis|atk|1\n|-boost|p1b: Lurantis|def|1\n|move|p2b: Ursaluna|Close Combat|p1b: Lurantis\n|-supereffective|p1b: Lurantis\n|-damage|p1b: Lurantis|60\/100\n|-unboost|p2b: Ursaluna|def|1\n|-unboost|p2b: Ursaluna|spd|1\n|\n|-heal|p1b: Lurantis|66\/100|[from] item: Leftovers\n|-damage|p2b: Ursaluna|40\/100 brn|[from] brn\n|upkeep\n|turn|5\n|\n|t:|1697672907\n|switch|p2b: Pelipper|Pelipper, M|100\/100\n|-weather|RainDance|[from] ability: Drizzle|[of] p2b: Pelipper\n|move|p1a: Murkrow|Thunder Wave||[still]\n|cant|p2a: Farigiraf|ability: Armor Tail|Thunder Wave|[of] p1a: Murkrow\n|move|p1b: Lurantis|Superpower|p2a: Farigiraf\n|-damage|p2a: Farigiraf|53\/100\n|-boost|p1b: Lurantis|atk|1\n|-boost|p1b: Lurantis|def|1\n|move|p2a: Farigiraf|Imprison|p2a: Farigiraf\n|-start|p2a: Farigiraf|move: Imprison\n|\n|-weather|RainDance|[upkeep]\n|-heal|p1b: Lurantis|73\/100|[from] item: Leftovers\n|-heal|p2a: Farigiraf|59\/100|[from] item: Leftovers\n|-fieldend|move: Trick Room\n|upkeep\n|turn|6\n|\n|t:|1697672927\n|move|p2a: Farigiraf|Protect|p2a: Farigiraf\n|-singleturn|p2a: Farigiraf|Protect\n|move|p1a: Murkrow|Taunt||[still]\n|cant|p2a: Farigiraf|ability: Armor Tail|Taunt|[of] p1a: Murkrow\n|move|p2b: Pelipper|Icy Wind|p1b: Lurantis|[spread] p1a,p1b\n|-supereffective|p1a: Murkrow\n|-resisted|p1b: Lurantis\n|-damage|p1a: Murkrow|81\/100\n|-damage|p1b: Lurantis|70\/100\n|-unboost|p1a: Murkrow|spe|1\n|-boost|p1b: Lurantis|spe|1\n|move|p1b: Lurantis|Superpower|p2a: Farigiraf\n|-activate|p2a: Farigiraf|move: Protect\n|\n|-weather|RainDance|[upkeep]\n|-heal|p1b: Lurantis|76\/100|[from] item: Leftovers\n|-heal|p2a: Farigiraf|65\/100|[from] item: Leftovers\n|upkeep\n|turn|7\n|\n|t:|1697672948\n|move|p1a: Murkrow|Thunder Wave||[still]\n|cant|p2a: Farigiraf|ability: Armor Tail|Thunder Wave|[of] p1a: Murkrow\n|move|p2b: Pelipper|Icy Wind|p1b: Lurantis|[spread] p1a,p1b\n|-supereffective|p1a: Murkrow\n|-resisted|p1b: Lurantis\n|-damage|p1a: Murkrow|59\/100\n|-damage|p1b: Lurantis|74\/100\n|-unboost|p1a: Murkrow|spe|1\n|-boost|p1b: Lurantis|spe|1\n|move|p1b: Lurantis|Superpower|p2a: Farigiraf\n|-damage|p2a: Farigiraf|11\/100\n|-boost|p1b: Lurantis|atk|1\n|move|p2a: Farigiraf|Trick Room|p2a: Farigiraf\n|-fieldstart|move: Trick Room|[of] p2a: Farigiraf\n|\n|-weather|RainDance|[upkeep]\n|-heal|p2a: Farigiraf|17\/100|[from] item: Leftovers\n|-heal|p1b: Lurantis|80\/100|[from] item: Leftovers\n|upkeep\n|turn|8\n|\n|t:|1697672970\n|switch|p2b: Amoonguss|Amoonguss, F|100\/100\n|move|p2a: Farigiraf|Protect|p2a: Farigiraf\n|-singleturn|p2a: Farigiraf|Protect\n|move|p1a: Murkrow|Screech|p1b: Lurantis\n|-boost|p1b: Lurantis|def|0\n|move|p1b: Lurantis|Leaf Storm|p2b: Amoonguss|[miss]\n|-miss|p1b: Lurantis|p2b: Amoonguss\n|\n|-weather|RainDance|[upkeep]\n|-heal|p2a: Farigiraf|23\/100|[from] item: Leftovers\n|-heal|p1b: Lurantis|86\/100|[from] item: Leftovers\n|upkeep\n|turn|9\n|inactive|SXD2002 has 120 seconds left.\n|\n|t:|1697673013\n|switch|p1a: Grimmsnarl|Grimmsnarl, M|100\/100\n|switch|p2a: Basculegion|Basculegion, M|100\/100\n|move|p2b: Amoonguss|Spore|p1b: Lurantis\n|-status|p1b: Lurantis|slp|[from] move: Spore\n|cant|p1b: Lurantis|slp\n|\n|-weather|none\n|-heal|p1b: Lurantis|92\/100 slp|[from] item: Leftovers\n|upkeep\n|turn|10\n|inactive|SXD2002 has 120 seconds left.\n|\n|t:|1697673041\n|-curestatus|p1b: Lurantis|slp|[msg]\n|move|p1b: Lurantis|Protect|p1b: Lurantis\n|-singleturn|p1b: Lurantis|Protect\n|move|p1a: Grimmsnarl|Parting Shot|p2a: Basculegion\n|-unboost|p2a: Basculegion|atk|1\n|-unboost|p2a: Basculegion|spa|1\n|\n|t:|1697673060\n|switch|p1a: Murkrow|Murkrow, F|59\/100|[from] Parting Shot\n|move|p2b: Amoonguss|Spore|p1a: Murkrow\n|-status|p1a: Murkrow|slp|[from] move: Spore\n|move|p2a: Basculegion|Flip Turn|p1b: Lurantis\n|-activate|p1b: Lurantis|move: Protect\n|\n|-heal|p1b: Lurantis|98\/100|[from] item: Leftovers\n|upkeep\n|turn|11\n|inactive|SXD2002 has 120 seconds left.\n|inactive|Crocky17 has 120 seconds left.\n|\n|t:|1697673102\n|-terastallize|p2a: Basculegion|Dragon\n|cant|p1a: Murkrow|slp\n|move|p2b: Amoonguss|Spore|p1b: Lurantis\n|-status|p1b: Lurantis|slp|[from] move: Spore\n|cant|p1b: Lurantis|slp\n|move|p2a: Basculegion|Outrage|p1b: Lurantis\n|-resisted|p1b: Lurantis\n|-damage|p1b: Lurantis|92\/100 slp\n|\n|-heal|p1b: Lurantis|98\/100 slp|[from] item: Leftovers\n|-fieldend|move: Trick Room\n|upkeep\n|turn|12\n|inactive|Crocky17 has 120 seconds left.\n|\n|t:|1697673119\n|switch|p2b: Farigiraf|Farigiraf, M|23\/100\n|-curestatus|p1a: Murkrow|slp|[msg]\n|move|p1a: Murkrow|Thunder Wave||[still]\n|cant|p2b: Farigiraf|ability: Armor Tail|Thunder Wave|[of] p1a: Murkrow\n|move|p2a: Basculegion|Outrage|p1a: Murkrow|[from]lockedmove\n|-damage|p1a: Murkrow|0 fnt\n|faint|p1a: Murkrow\n|cant|p1b: Lurantis|slp\n|\n|-heal|p1b: Lurantis|100\/100 slp|[from] item: Leftovers\n|-heal|p2b: Farigiraf|29\/100|[from] item: Leftovers\n|upkeep\n|\n|t:|1697673128\n|switch|p1a: Clefairy|Clefairy, F|100\/100\n|turn|13\n|\n|t:|1697673136\n|move|p2a: Basculegion|Outrage|p1a: Clefairy|[from]lockedmove\n|-immune|p1a: Clefairy\n|-start|p2a: Basculegion|confusion|[fatigue]\n|-curestatus|p1b: Lurantis|slp|[msg]\n|move|p1b: Lurantis|Pollen Puff|p2b: Farigiraf\n|-supereffective|p2b: Farigiraf\n|-damage|p2b: Farigiraf|0 fnt\n|faint|p2b: Farigiraf\n|move|p1a: Clefairy|Life Dew||[still]|[still]|[spread] \n|-fail|p1a: Clefairy|heal\n|-fail|p1b: Lurantis|heal\n|\n|upkeep\n|\n|t:|1697673155\n|switch|p2b: Pelipper|Pelipper, M|100\/100\n|-weather|RainDance|[from] ability: Drizzle|[of] p2b: Pelipper\n|turn|14\n|\n|t:|1697673169\n|switch|p2a: Chien-Pao|Chien-Pao|100\/100\n|-ability|p2a: Chien-Pao|Sword of Ruin\n|move|p1a: Clefairy|Helping Hand|p1b: Lurantis\n|-singleturn|p1b: Lurantis|Helping Hand|[of] p1a: Clefairy\n|move|p2b: Pelipper|Surf|p1a: Clefairy|[spread] p2a,p1a,p1b\n|-damage|p2a: Chien-Pao|21\/100\n|-damage|p1a: Clefairy|69\/100\n|-damage|p1b: Lurantis|88\/100\n|move|p1b: Lurantis|Superpower|p2a: Chien-Pao\n|-supereffective|p2a: Chien-Pao\n|-damage|p2a: Chien-Pao|0 fnt\n|-boost|p1b: Lurantis|atk|1\n|faint|p2a: Chien-Pao\n|\n|-weather|RainDance|[upkeep]\n|-heal|p1b: Lurantis|94\/100|[from] item: Leftovers\n|upkeep\n|\n|t:|1697673185\n|switch|p2a: Basculegion|Basculegion, M, tera:Dragon|100\/100\n|turn|15\n|\n|t:|1697673195\n|move|p1a: Clefairy|Follow Me|p1a: Clefairy\n|-singleturn|p1a: Clefairy|move: Follow Me\n|move|p2a: Basculegion|Last Respects|p1a: Clefairy\n|-damage|p1a: Clefairy|0 fnt\n|faint|p1a: Clefairy\n|move|p2b: Pelipper|Surf|p1b: Lurantis|[spread] p2a,p1b\n|-resisted|p2a: Basculegion\n|-damage|p2a: Basculegion|73\/100\n|-damage|p1b: Lurantis|76\/100\n|move|p1b: Lurantis|Leaf Storm|p2b: Pelipper\n|-damage|p2b: Pelipper|41\/100\n|-boost|p1b: Lurantis|spa|2\n|\n|-weather|RainDance|[upkeep]\n|-heal|p1b: Lurantis|82\/100|[from] item: Leftovers\n|upkeep\n|\n|t:|1697673206\n|switch|p1a: Grimmsnarl|Grimmsnarl, M|100\/100\n|turn|16\n|\n|t:|1697673225\n|move|p1a: Grimmsnarl|Parting Shot|p2a: Basculegion\n|-unboost|p2a: Basculegion|atk|1\n|-unboost|p2a: Basculegion|spa|1\n|move|p2a: Basculegion|Last Respects|p1b: Lurantis\n|-damage|p1b: Lurantis|68\/100\n|move|p2b: Pelipper|Hurricane|p1a: Grimmsnarl\n|-damage|p1a: Grimmsnarl|63\/100\n|move|p1b: Lurantis|Superpower|p2a: Basculegion\n|-damage|p2a: Basculegion|0 fnt\n|-boost|p1b: Lurantis|atk|1\n|faint|p2a: Basculegion\n|\n|-weather|RainDance|[upkeep]\n|-heal|p1b: Lurantis|74\/100|[from] item: Leftovers\n|-heal|p1a: Grimmsnarl|69\/100|[from] item: Leftovers\n|upkeep\n|\n|t:|1697673241\n|switch|p2a: Ursaluna|Ursaluna, M|40\/100 brn\n|turn|17\n|\n|t:|1697673257\n|switch|p2b: Amoonguss|Amoonguss, F|100\/100\n|move|p1b: Lurantis|Protect|p1b: Lurantis\n|-singleturn|p1b: Lurantis|Protect\n|move|p2a: Ursaluna|Protect|p2a: Ursaluna\n|-singleturn|p2a: Ursaluna|Protect\n|move|p1a: Grimmsnarl|Parting Shot|p2a: Ursaluna\n|-activate|p2a: Ursaluna|move: Protect\n|\n|-weather|RainDance|[upkeep]\n|-heal|p1b: Lurantis|80\/100|[from] item: Leftovers\n|-heal|p1a: Grimmsnarl|75\/100|[from] item: Leftovers\n|-damage|p2a: Ursaluna|34\/100 brn|[from] brn\n|upkeep\n|turn|18\n|\n|t:|1697673277\n|move|p2b: Amoonguss|Rage Powder|p2b: Amoonguss\n|-singleturn|p2b: Amoonguss|move: Rage Powder\n|move|p1a: Grimmsnarl|Fake Tears|p2b: Amoonguss\n|-unboost|p2b: Amoonguss|spd|2\n|move|p1b: Lurantis|Pollen Puff|p2b: Amoonguss\n|-damage|p2b: Amoonguss|54\/100\n|-enditem|p2b: Amoonguss|Eject Button\n|\n|t:|1697673284\n|switch|p2b: Pelipper|Pelipper, M|41\/100\n|move|p2a: Ursaluna|Earthquake|p1b: Lurantis|[spread] p1a,p1b\n|-immune|p2b: Pelipper\n|-supereffective|p1b: Lurantis\n|-damage|p1a: Grimmsnarl|0 fnt\n|-damage|p1b: Lurantis|45\/100\n|faint|p1a: Grimmsnarl\n|\n|-weather|none\n|-heal|p1b: Lurantis|51\/100|[from] item: Leftovers\n|-damage|p2a: Ursaluna|28\/100 brn|[from] brn\n|upkeep\n|turn|19\n|\n|t:|1697673309\n|switch|p2a: Amoonguss|Amoonguss, F|88\/100\n|move|p2b: Pelipper|Surf|p1b: Lurantis|[spread] p2a,p1b\n|-resisted|p2a: Amoonguss\n|-damage|p2a: Amoonguss|77\/100\n|-damage|p1b: Lurantis|39\/100\n|move|p1b: Lurantis|Leaf Storm|p2b: Pelipper\n|-damage|p2b: Pelipper|0 fnt\n|-boost|p1b: Lurantis|spa|2\n|faint|p2b: Pelipper\n|\n|-heal|p1b: Lurantis|45\/100|[from] item: Leftovers\n|upkeep\n|inactive|Crocky17 has 120 seconds left.\n|\n|t:|1697673320\n|switch|p2b: Ursaluna|Ursaluna, M|28\/100 brn\n|turn|20\n|\n|t:|1697673325\n|move|p1b: Lurantis|Protect|p1b: Lurantis\n|-singleturn|p1b: Lurantis|Protect\n|move|p2b: Ursaluna|Protect|p2b: Ursaluna\n|-singleturn|p2b: Ursaluna|Protect\n|move|p2a: Amoonguss|Spore|p1b: Lurantis\n|-activate|p1b: Lurantis|move: Protect\n|\n|-heal|p1b: Lurantis|51\/100|[from] item: Leftovers\n|-damage|p2b: Ursaluna|22\/100 brn|[from] brn\n|upkeep\n|turn|21\n|\n|t:|1697673339\n|move|p1b: Lurantis|Pollen Puff|p2a: Amoonguss\n|-damage|p2a: Amoonguss|41\/100\n|move|p2b: Ursaluna|Close Combat|p1b: Lurantis\n|-supereffective|p1b: Lurantis\n|-damage|p1b: Lurantis|10\/100\n|-unboost|p2b: Ursaluna|def|1\n|-unboost|p2b: Ursaluna|spd|1\n|move|p2a: Amoonguss|Spore|p1b: Lurantis\n|-status|p1b: Lurantis|slp|[from] move: Spore\n|\n|-heal|p1b: Lurantis|16\/100 slp|[from] item: Leftovers\n|-damage|p2b: Ursaluna|16\/100 brn|[from] brn\n|upkeep\n|turn|22\n|c|\u2606SXD2002|gg\n|\n|t:|1697673355\n|cant|p1b: Lurantis|slp\n|move|p2b: Ursaluna|Close Combat|p1b: Lurantis\n|-supereffective|p1b: Lurantis\n|-damage|p1b: Lurantis|0 fnt\n|-unboost|p2b: Ursaluna|def|1\n|-unboost|p2b: Ursaluna|spd|1\n|faint|p1b: Lurantis\n|\n|win|Crocky17\n|raw|SXD2002's rating: 1096 &rarr; <strong>1074<\/strong><br \/>(-22 for losing)\n|raw|Crocky17's rating: 1131 &rarr; <strong>1153<\/strong><br \/>(+22 for winning)\n|l|\u2606SXD2002\n","uploadtime":1697673364,"views":12,"p1id":"sxd2002","p2id":"crocky17","formatid":"gen9doublesou","rating":1074,"private":0,"password":""}