{"id":"gen9doublesou-2000221740","p1":"yeehawty66","p2":"eqlipsegoon","format":"[Gen 9] Doubles OU","log":"|j|\u2606yeehawty66\n|j|\u2606eqlipsegoon\n|t:|1701174071\n|gametype|doubles\n|player|p1|yeehawty66|2|1058\n|player|p2|eqlipsegoon|101|1000\n|teamsize|p1|6\n|teamsize|p2|6\n|gen|9\n|tier|[Gen 9] Doubles OU\n|rated|\n|rule|Species Clause: Limit one of each Pok\u00e9mon\n|rule|OHKO Clause: OHKO moves are banned\n|rule|Evasion Moves Clause: Evasion moves are banned\n|rule|Gravity Sleep Clause: The combination of sleep-inducing moves with imperfect accuracy and Gravity or Gigantamax Orbeetle are banned\n|rule|Endless Battle Clause: Forcing endless battles is banned\n|rule|HP Percentage Mod: HP is shown in percentages\n|clearpoke\n|poke|p1|Tyranitar, M|\n|poke|p1|Pelipper, M|\n|poke|p1|Torkoal, F|\n|poke|p1|Goodra-Hisui, M|\n|poke|p1|Chi-Yu|\n|poke|p1|Gliscor, F|\n|poke|p2|Oricorio, F|\n|poke|p2|Flamigo, M|\n|poke|p2|Espeon, F|\n|poke|p2|Sylveon, F|\n|poke|p2|Volcarona, M|\n|poke|p2|Ribombee, F|\n|teampreview\n|\n|t:|1701174079\n|start\n|switch|p1a: Chi-Yu|Chi-Yu|100\/100\n|switch|p1b: Torkoal|Torkoal, F|100\/100\n|switch|p2a: Oricorio|Oricorio, F|100\/100\n|switch|p2b: Ribombee|Ribombee, F|100\/100\n|-ability|p1a: Chi-Yu|Beads of Ruin\n|-weather|SunnyDay|[from] ability: Drought|[of] p1b: Torkoal\n|turn|1\n|\n|t:|1701174097\n|move|p2a: Oricorio|Protect|p2a: Oricorio\n|-singleturn|p2a: Oricorio|Protect\n|move|p2b: Ribombee|Quiver Dance|p2b: Ribombee\n|-boost|p2b: Ribombee|spa|1\n|-boost|p2b: Ribombee|spd|1\n|-boost|p2b: Ribombee|spe|1\n|-activate|p2a: Oricorio|ability: Dancer\n|move|p2a: Oricorio|Quiver Dance|p2a: Oricorio|[from]ability: Dancer\n|-boost|p2a: Oricorio|spa|1\n|-boost|p2a: Oricorio|spd|1\n|-boost|p2a: Oricorio|spe|1\n|move|p1a: Chi-Yu|Heat Wave|p2a: Oricorio|[spread] p2b\n|-activate|p2a: Oricorio|move: Protect\n|-supereffective|p2b: Ribombee\n|-enditem|p2b: Ribombee|Focus Sash\n|-damage|p2b: Ribombee|1\/100\n|-status|p2b: Ribombee|brn\n|move|p1b: Torkoal|Heat Wave|p2a: Oricorio|[spread] p2b\n|-activate|p2a: Oricorio|move: Protect\n|-supereffective|p2b: Ribombee\n|-damage|p2b: Ribombee|0 fnt\n|faint|p2b: Ribombee\n|\n|-weather|SunnyDay|[upkeep]\n|upkeep\n|\n|t:|1701174120\n|switch|p2b: Volcarona|Volcarona, M|100\/100\n|turn|2\n|\n|t:|1701174131\n|switch|p1a: Tyranitar|Tyranitar, M|100\/100\n|-weather|Sandstorm|[from] ability: Sand Stream|[of] p1a: Tyranitar\n|move|p2a: Oricorio|Substitute|p2a: Oricorio\n|-start|p2a: Oricorio|Substitute\n|-damage|p2a: Oricorio|75\/100\n|move|p2b: Volcarona|Quiver Dance|p2b: Volcarona\n|-boost|p2b: Volcarona|spa|1\n|-boost|p2b: Volcarona|spd|1\n|-boost|p2b: Volcarona|spe|1\n|-activate|p2a: Oricorio|ability: Dancer\n|move|p2a: Oricorio|Quiver Dance|p2a: Oricorio|[from]ability: Dancer\n|-boost|p2a: Oricorio|spa|1\n|-boost|p2a: Oricorio|spd|1\n|-boost|p2a: Oricorio|spe|1\n|move|p1b: Torkoal|Weather Ball|p2a: Oricorio\n|-supereffective|p2a: Oricorio\n|-end|p2a: Oricorio|Substitute\n|\n|-weather|Sandstorm|[upkeep]\n|-damage|p2a: Oricorio|69\/100|[from] Sandstorm\n|-damage|p2b: Volcarona|94\/100|[from] Sandstorm\n|-damage|p1b: Torkoal|94\/100|[from] Sandstorm\n|upkeep\n|turn|3\n|\n|t:|1701174159\n|-terastallize|p2b: Volcarona|Steel\n|move|p2a: Oricorio|Protect|p2a: Oricorio\n|-singleturn|p2a: Oricorio|Protect\n|move|p2b: Volcarona|Will-O-Wisp|p1a: Tyranitar\n|-status|p1a: Tyranitar|brn\n|move|p1a: Tyranitar|Rock Slide|p2b: Volcarona|[spread] p2b\n|-activate|p2a: Oricorio|move: Protect\n|-resisted|p2b: Volcarona\n|-damage|p2b: Volcarona|83\/100\n|-damage|p1a: Tyranitar|91\/100 brn|[from] item: Life Orb\n|move|p1b: Torkoal|Weather Ball|p2b: Volcarona\n|-resisted|p2b: Volcarona\n|-damage|p2b: Volcarona|76\/100\n|\n|-weather|Sandstorm|[upkeep]\n|-damage|p2a: Oricorio|63\/100|[from] Sandstorm\n|-damage|p1b: Torkoal|88\/100|[from] Sandstorm\n|-damage|p1a: Tyranitar|84\/100 brn|[from] brn\n|upkeep\n|turn|4\n|\n|t:|1701174187\n|switch|p2b: Sylveon|Sylveon, F, shiny|100\/100\n|move|p2a: Oricorio|Substitute|p2a: Oricorio\n|-start|p2a: Oricorio|Substitute\n|-damage|p2a: Oricorio|38\/100\n|-enditem|p2a: Oricorio|Sitrus Berry|[eat]\n|-heal|p2a: Oricorio|63\/100|[from] item: Sitrus Berry\n|move|p1a: Tyranitar|Stealth Rock|p2a: Oricorio\n|-sidestart|p2: eqlipsegoon|move: Stealth Rock\n|move|p1b: Torkoal|Weather Ball|p2a: Oricorio\n|-supereffective|p2a: Oricorio\n|-end|p2a: Oricorio|Substitute\n|\n|-weather|Sandstorm|[upkeep]\n|-damage|p2a: Oricorio|57\/100|[from] Sandstorm\n|-damage|p2b: Sylveon|94\/100|[from] Sandstorm\n|-damage|p1b: Torkoal|82\/100|[from] Sandstorm\n|-damage|p1a: Tyranitar|78\/100 brn|[from] brn\n|upkeep\n|turn|5\n|\n|t:|1701174206\n|move|p2a: Oricorio|Protect|p2a: Oricorio\n|-singleturn|p2a: Oricorio|Protect\n|move|p1a: Tyranitar|Iron Head|p2b: Sylveon\n|-supereffective|p2b: Sylveon\n|-damage|p2b: Sylveon|46\/100\n|-damage|p1a: Tyranitar|68\/100 brn|[from] item: Life Orb\n|move|p2b: Sylveon|Psych Up|p2a: Oricorio\n|-copyboost|p2b: Sylveon|p2a: Oricorio|[from] move: Psych Up\n|move|p1b: Torkoal|Weather Ball|p2a: Oricorio\n|-activate|p2a: Oricorio|move: Protect\n|\n|-weather|Sandstorm|[upkeep]\n|-damage|p2a: Oricorio|51\/100|[from] Sandstorm\n|-damage|p2b: Sylveon|40\/100|[from] Sandstorm\n|-damage|p1b: Torkoal|76\/100|[from] Sandstorm\n|-damage|p1a: Tyranitar|62\/100 brn|[from] brn\n|upkeep\n|turn|6\n|\n|t:|1701174232\n|move|p2a: Oricorio|Revelation Dance|p1a: Tyranitar\n|-resisted|p1a: Tyranitar\n|-damage|p1a: Tyranitar|32\/100 brn\n|move|p2b: Sylveon|Copycat|p2b: Sylveon\n|move|p2b: Sylveon|Revelation Dance|p1a: Tyranitar|[from]move: Copycat\n|-supereffective|p1a: Tyranitar\n|-damage|p1a: Tyranitar|0 fnt\n|faint|p1a: Tyranitar\n|-activate|p2a: Oricorio|ability: Dancer\n|move|p2a: Oricorio|Revelation Dance|p1b: Torkoal|[from]ability: Dancer\n|-resisted|p1b: Torkoal\n|-damage|p1b: Torkoal|47\/100\n|move|p1b: Torkoal|Weather Ball|p2a: Oricorio\n|-supereffective|p2a: Oricorio\n|-damage|p2a: Oricorio|0 fnt\n|faint|p2a: Oricorio\n|\n|-weather|none\n|upkeep\n|\n|t:|1701174256\n|switch|p2a: Flamigo|Flamigo, M|100\/100\n|switch|p1a: Goodra|Goodra-Hisui, M|100\/100\n|-damage|p2a: Flamigo|88\/100|[from] Stealth Rock\n|-copyboost|p2a: Flamigo|p2b: Sylveon|[from] ability: Costar\n|turn|7\n|\n|t:|1701174282\n|-terastallize|p1a: Goodra|Water\n|move|p2a: Flamigo|Air Slash|p1a: Goodra\n|-damage|p1a: Goodra|58\/100\n|move|p2b: Sylveon|Stored Power|p1b: Torkoal\n|-damage|p1b: Torkoal|0 fnt\n|faint|p1b: Torkoal\n|move|p1a: Goodra|Flash Cannon|p2b: Sylveon\n|-supereffective|p2b: Sylveon\n|-damage|p2b: Sylveon|22\/100\n|-enditem|p2b: Sylveon|Aguav Berry|[eat]\n|-heal|p2b: Sylveon|55\/100|[from] item: Aguav Berry\n|\n|upkeep\n|\n|t:|1701174304\n|switch|p1b: Gliscor|Gliscor, F|100\/100\n|turn|8\n|\n|t:|1701174319\n|move|p2a: Flamigo|Air Slash|p1b: Gliscor\n|-damage|p1b: Gliscor|10\/100\n|move|p2b: Sylveon|Stored Power|p1b: Gliscor\n|-damage|p1b: Gliscor|0 fnt\n|faint|p1b: Gliscor\n|move|p1a: Goodra|Ice Beam|p2a: Flamigo\n|-supereffective|p2a: Flamigo\n|-damage|p2a: Flamigo|44\/100\n|\n|upkeep\n|\n|t:|1701174331\n|switch|p1b: Pelipper|Pelipper, M|100\/100\n|-weather|RainDance|[from] ability: Drizzle|[of] p1b: Pelipper\n|turn|9\n|\n|t:|1701174341\n|move|p2a: Flamigo|Air Slash|p1b: Pelipper\n|-damage|p1b: Pelipper|0 fnt\n|faint|p1b: Pelipper\n|move|p2b: Sylveon|Stored Power|p1a: Goodra\n|-damage|p1a: Goodra|24\/100\n|move|p1a: Goodra|Thunder|p2a: Flamigo\n|-supereffective|p2a: Flamigo\n|-damage|p2a: Flamigo|0 fnt\n|faint|p2a: Flamigo\n|\n|-weather|RainDance|[upkeep]\n|upkeep\n|\n|t:|1701174354\n|switch|p2a: Espeon|Espeon, F|100\/100\n|switch|p1b: Chi-Yu|Chi-Yu|100\/100\n|-damage|p2a: Espeon|88\/100|[from] Stealth Rock\n|-ability|p1b: Chi-Yu|Beads of Ruin\n|turn|10\n|\n|t:|1701174369\n|move|p2a: Espeon|Psych Up|p2b: Sylveon\n|-copyboost|p2a: Espeon|p2b: Sylveon|[from] move: Psych Up\n|move|p1b: Chi-Yu|Psychic|p2b: Sylveon\n|-crit|p2b: Sylveon\n|-damage|p2b: Sylveon|0 fnt\n|faint|p2b: Sylveon\n|move|p1a: Goodra|Thunder|p2a: Espeon\n|-damage|p2a: Espeon|56\/100\n|\n|-weather|RainDance|[upkeep]\n|upkeep\n|\n|t:|1701174378\n|switch|p2b: Volcarona|Volcarona, M, tera:Steel|76\/100\n|turn|11\n|\n|t:|1701174390\n|move|p2a: Espeon|Copycat|p2a: Espeon\n|move|p2a: Espeon|Thunder|p1a: Goodra|[from]move: Copycat\n|-supereffective|p1a: Goodra\n|-damage|p1a: Goodra|0 fnt\n|faint|p1a: Goodra\n|move|p1b: Chi-Yu|Psychic|p2a: Espeon\n|-resisted|p2a: Espeon\n|-damage|p2a: Espeon|33\/100\n|move|p2b: Volcarona|Fiery Dance|p1b: Chi-Yu\n|-resisted|p1b: Chi-Yu\n|-damage|p1b: Chi-Yu|91\/100\n|-boost|p2b: Volcarona|spa|1\n|\n|-weather|RainDance|[upkeep]\n|upkeep\n|turn|12\n|\n|t:|1701174411\n|move|p2a: Espeon|Copycat|p2a: Espeon\n|move|p2a: Espeon|Fiery Dance|p1b: Chi-Yu|[from]move: Copycat\n|-resisted|p1b: Chi-Yu\n|-damage|p1b: Chi-Yu|76\/100\n|move|p1b: Chi-Yu|Psychic|p2b: Volcarona\n|-resisted|p2b: Volcarona\n|-damage|p2b: Volcarona|50\/100\n|move|p2b: Volcarona|Fiery Dance|p1b: Chi-Yu\n|-resisted|p1b: Chi-Yu\n|-damage|p1b: Chi-Yu|61\/100\n|-boost|p2b: Volcarona|spa|1\n|\n|-weather|RainDance|[upkeep]\n|upkeep\n|turn|13\n|\n|t:|1701174427\n|move|p2a: Espeon|Copycat|p2a: Espeon\n|move|p2a: Espeon|Fiery Dance|p1b: Chi-Yu|[from]move: Copycat\n|-resisted|p1b: Chi-Yu\n|-damage|p1b: Chi-Yu|46\/100\n|-boost|p2a: Espeon|spa|1\n|move|p1b: Chi-Yu|Psychic|p2a: Espeon\n|-resisted|p2a: Espeon\n|-damage|p2a: Espeon|11\/100\n|move|p2b: Volcarona|Fiery Dance|p1b: Chi-Yu\n|-resisted|p1b: Chi-Yu\n|-damage|p1b: Chi-Yu|27\/100\n|\n|-weather|none\n|upkeep\n|turn|14\n|\n|t:|1701174442\n|move|p2a: Espeon|Copycat|p2a: Espeon\n|move|p2a: Espeon|Fiery Dance|p1b: Chi-Yu|[from]move: Copycat\n|-resisted|p1b: Chi-Yu\n|-damage|p1b: Chi-Yu|0 fnt\n|faint|p1b: Chi-Yu\n|\n|win|eqlipsegoon\n|raw|yeehawty66's rating: 1058 &rarr; <strong>1036<\/strong><br \/>(-22 for losing)\n|raw|eqlipsegoon's rating: 1000 &rarr; <strong>1047<\/strong><br \/>(+47 for winning)\n|l|\u2606yeehawty66\n","uploadtime":1701174459,"views":18,"p1id":"yeehawty66","p2id":"eqlipsegoon","formatid":"gen9doublesou","rating":1036,"private":0,"password":""}