{"id":"gen9doublesou-1983364090","p1":"mikeyuwu","p2":"Ornstein714","format":"[Gen 9] Doubles OU","log":"|j|\u2606mikeyuwu\n|j|\u2606Ornstein714\n|t:|1699122347\n|gametype|doubles\n|player|p1|mikeyuwu|psychic-gen4|1267\n|player|p2|Ornstein714|grimsley|1386\n|teamsize|p1|6\n|teamsize|p2|6\n|gen|9\n|tier|[Gen 9] Doubles OU\n|rated|\n|rule|Species Clause: Limit one of each Pok\u00e9mon\n|rule|OHKO Clause: OHKO moves are banned\n|rule|Evasion Moves Clause: Evasion moves are banned\n|rule|Gravity Sleep Clause: The combination of sleep-inducing moves with imperfect accuracy and Gravity or Gigantamax Orbeetle are banned\n|rule|Endless Battle Clause: Forcing endless battles is banned\n|rule|HP Percentage Mod: HP is shown in percentages\n|clearpoke\n|poke|p1|Garchomp, M|\n|poke|p1|Tyranitar, F|\n|poke|p1|Vaporeon, F|\n|poke|p1|Toxicroak, M|\n|poke|p1|Pelipper, F|\n|poke|p1|Abomasnow, M|\n|poke|p2|Dragonite, F|\n|poke|p2|Volcarona, M|\n|poke|p2|Torkoal, L99, F|\n|poke|p2|Meowscarada, F|\n|poke|p2|Roaring Moon|\n|poke|p2|Samurott-Hisui, M|\n|teampreview\n|\n|t:|1699122353\n|start\n|switch|p1a: OTLHPM|Toxicroak, M|100\/100\n|switch|p1b: Harmacy|Vaporeon, F|100\/100\n|switch|p2a: Torkoal|Torkoal, L99, F|100\/100\n|switch|p2b: Roaring Moon|Roaring Moon|100\/100\n|-weather|SunnyDay|[from] ability: Drought|[of] p2a: Torkoal\n|-activate|p2b: Roaring Moon|ability: Protosynthesis\n|-start|p2b: Roaring Moon|protosynthesisatk\n|turn|1\n|\n|t:|1699122378\n|switch|p1a: Weather War|Pelipper, F|100\/100\n|-weather|RainDance|[from] ability: Drizzle|[of] p1a: Weather War\n|-end|p2b: Roaring Moon|Protosynthesis\n|move|p2b: Roaring Moon|Scale Shot|p1a: Weather War\n|-damage|p1a: Weather War|89\/100\n|-damage|p1a: Weather War|79\/100\n|-damage|p1a: Weather War|68\/100\n|-damage|p1a: Weather War|58\/100\n|-hitcount|p1a: Weather War|4\n|-unboost|p2b: Roaring Moon|def|1\n|-boost|p2b: Roaring Moon|spe|1\n|-enditem|p2b: Roaring Moon|White Herb\n|-clearnegativeboost|p2b: Roaring Moon|[silent]\n|move|p1b: Harmacy|Icy Wind|p2b: Roaring Moon|[spread] p2a,p2b\n|-resisted|p2a: Torkoal\n|-supereffective|p2b: Roaring Moon\n|-damage|p2a: Torkoal|92\/100\n|-damage|p2b: Roaring Moon|81\/100\n|-unboost|p2a: Torkoal|spe|1\n|-unboost|p2b: Roaring Moon|spe|1\n|move|p2a: Torkoal|Solar Beam||[still]\n|-prepare|p2a: Torkoal|Solar Beam\n|\n|-weather|RainDance|[upkeep]\n|upkeep\n|turn|2\n|\n|t:|1699122404\n|move|p2b: Roaring Moon|Acrobatics|p1a: Weather War\n|-crit|p1a: Weather War\n|-damage|p1a: Weather War|10\/100\n|move|p1a: Weather War|Chilling Water|p2b: Roaring Moon\n|-resisted|p2b: Roaring Moon\n|-damage|p2b: Roaring Moon|69\/100\n|-unboost|p2b: Roaring Moon|atk|1\n|move|p1b: Harmacy|Weather Ball|p2a: Torkoal\n|-supereffective|p2a: Torkoal\n|-damage|p2a: Torkoal|0 fnt\n|faint|p2a: Torkoal\n|\n|-weather|RainDance|[upkeep]\n|upkeep\n|\n|t:|1699122418\n|switch|p2a: Samurott|Samurott-Hisui, M|100\/100\n|turn|3\n|\n|t:|1699122429\n|switch|p1a: Extra Spicy|Garchomp, M|100\/100\n|move|p2a: Samurott|Ceaseless Edge|p1b: Harmacy\n|-damage|p1b: Harmacy|65\/100\n|-sidestart|p1: mikeyuwu|Spikes\n|move|p2b: Roaring Moon|Acrobatics|p1a: Extra Spicy\n|-damage|p1a: Extra Spicy|84\/100\n|-damage|p2b: Roaring Moon|57\/100|[from] ability: Rough Skin|[of] p1a: Extra Spicy\n|-damage|p2b: Roaring Moon|40\/100|[from] item: Rocky Helmet|[of] p1a: Extra Spicy\n|move|p1b: Harmacy|Icy Wind|p2a: Samurott|[spread] p2a,p2b\n|-resisted|p2a: Samurott\n|-supereffective|p2b: Roaring Moon\n|-damage|p2a: Samurott|93\/100\n|-damage|p2b: Roaring Moon|20\/100\n|-unboost|p2a: Samurott|spe|1\n|-unboost|p2b: Roaring Moon|spe|1\n|\n|-weather|RainDance|[upkeep]\n|-heal|p1b: Harmacy|71\/100|[from] item: Leftovers\n|upkeep\n|turn|4\n|\n|t:|1699122459\n|-end|p2b: Roaring Moon|Protosynthesis|[silent]\n|switch|p2b: Meowscarada|Meowscarada, F|100\/100\n|move|p2a: Samurott|Ceaseless Edge|p1b: Harmacy\n|-damage|p1b: Harmacy|37\/100\n|-sidestart|p1: mikeyuwu|Spikes\n|move|p1a: Extra Spicy|Brick Break|p2b: Meowscarada\n|-supereffective|p2b: Meowscarada\n|-damage|p2b: Meowscarada|27\/100\n|move|p1b: Harmacy|Icy Wind|p2b: Meowscarada|[spread] p2a,p2b\n|-resisted|p2a: Samurott\n|-supereffective|p2b: Meowscarada\n|-damage|p2a: Samurott|85\/100\n|-damage|p2b: Meowscarada|0 fnt\n|-unboost|p2a: Samurott|spe|1\n|faint|p2b: Meowscarada\n|\n|-weather|RainDance|[upkeep]\n|-heal|p1b: Harmacy|43\/100|[from] item: Leftovers\n|upkeep\n|\n|t:|1699122476\n|switch|p2b: Dragonite|Dragonite, F|100\/100\n|turn|5\n|\n|t:|1699122485\n|switch|p1a: Cold Shoulder|Abomasnow, M, shiny|100\/100\n|-damage|p1a: Cold Shoulder|84\/100|[from] Spikes\n|-weather|Snow|[from] ability: Snow Warning|[of] p1a: Cold Shoulder\n|move|p2a: Samurott|Ceaseless Edge|p1b: Harmacy\n|-damage|p1b: Harmacy|10\/100\n|-sidestart|p1: mikeyuwu|Spikes\n|move|p2b: Dragonite|Outrage|p1b: Harmacy\n|-damage|p1b: Harmacy|0 fnt\n|faint|p1b: Harmacy\n|\n|-weather|Snow|[upkeep]\n|upkeep\n|\n|t:|1699122496\n|switch|p1b: Extra Spicy|Garchomp, M|84\/100\n|-damage|p1b: Extra Spicy|59\/100|[from] Spikes\n|turn|6\n|\n|t:|1699122504\n|move|p1b: Extra Spicy|Poison Jab|p2b: Dragonite\n|-damage|p2b: Dragonite|90\/100\n|-status|p2b: Dragonite|psn\n|move|p2a: Samurott|Ceaseless Edge|p1a: Cold Shoulder\n|-damage|p1a: Cold Shoulder|54\/100\n|move|p2b: Dragonite|Outrage|p1a: Cold Shoulder|[from]lockedmove\n|-damage|p1a: Cold Shoulder|0 fnt\n|faint|p1a: Cold Shoulder\n|-start|p2b: Dragonite|confusion|[fatigue]\n|\n|-weather|Snow|[upkeep]\n|-damage|p2b: Dragonite|77\/100 psn|[from] psn\n|upkeep\n|\n|t:|1699122516\n|switch|p1a: OTLHPM|Toxicroak, M|100\/100\n|-damage|p1a: OTLHPM|76\/100|[from] Spikes\n|turn|7\n|\n|t:|1699122524\n|switch|p2b: Roaring Moon|Roaring Moon|20\/100\n|move|p1b: Extra Spicy|Poison Jab|p2b: Roaring Moon\n|-damage|p2b: Roaring Moon|0 fnt\n|faint|p2b: Roaring Moon\n|-end|p2b: Roaring Moon|Protosynthesis|[silent]\n|move|p1a: OTLHPM|Drain Punch|p2a: Samurott\n|-supereffective|p2a: Samurott\n|-damage|p2a: Samurott|0 fnt\n|-heal|p1a: OTLHPM|100\/100|[from] drain|[of] p2a: Samurott\n|faint|p2a: Samurott\n|\n|-weather|Snow|[upkeep]\n|upkeep\n|\n|t:|1699122536\n|switch|p2b: Volcarona|Volcarona, M|100\/100\n|switch|p2a: Dragonite|Dragonite, F|77\/100 psn\n|turn|8\n|\n|t:|1699122559\n|switch|p1a: Weather War|Pelipper, F|10\/100\n|-weather|RainDance|[from] ability: Drizzle|[of] p1a: Weather War\n|-terastallize|p2a: Dragonite|Normal\n|move|p2a: Dragonite|Extreme Speed|p1a: Weather War\n|-damage|p1a: Weather War|0 fnt\n|faint|p1a: Weather War\n|move|p2b: Volcarona|Quiver Dance|p2b: Volcarona\n|-boost|p2b: Volcarona|spa|1\n|-boost|p2b: Volcarona|spd|1\n|-boost|p2b: Volcarona|spe|1\n|move|p1b: Extra Spicy|Liquidation|p2b: Volcarona\n|-supereffective|p2b: Volcarona\n|-enditem|p2b: Volcarona|Focus Sash\n|-damage|p2b: Volcarona|1\/100\n|\n|-weather|RainDance|[upkeep]\n|-damage|p2a: Dragonite|65\/100 psn|[from] psn\n|upkeep\n|\n|t:|1699122571\n|switch|p1a: ThcrThnSnkr|Tyranitar, F|100\/100\n|-damage|p1a: ThcrThnSnkr|76\/100|[from] Spikes\n|-weather|Sandstorm|[from] ability: Sand Stream|[of] p1a: ThcrThnSnkr\n|turn|9\n|\n|t:|1699122585\n|move|p2a: Dragonite|Extreme Speed|p1b: Extra Spicy\n|-damage|p1b: Extra Spicy|20\/100\n|-damage|p2a: Dragonite|53\/100 psn|[from] ability: Rough Skin|[of] p1b: Extra Spicy\n|-damage|p2a: Dragonite|36\/100 psn|[from] item: Rocky Helmet|[of] p1b: Extra Spicy\n|move|p2b: Volcarona|Giga Drain|p1a: ThcrThnSnkr\n|-supereffective|p1a: ThcrThnSnkr\n|-damage|p1a: ThcrThnSnkr|50\/100\n|-heal|p2b: Volcarona|16\/100|[from] drain|[of] p1a: ThcrThnSnkr\n|move|p1b: Extra Spicy|Brick Break|p2a: Dragonite\n|-supereffective|p2a: Dragonite\n|-damage|p2a: Dragonite|0 fnt\n|faint|p2a: Dragonite\n|move|p1a: ThcrThnSnkr|Rock Slide|p2b: Volcarona|[miss]\n|-miss|p1a: ThcrThnSnkr|p2b: Volcarona\n|\n|-weather|Sandstorm|[upkeep]\n|-damage|p2b: Volcarona|10\/100|[from] Sandstorm\n|upkeep\n|turn|10\n|c|\u2606mikeyuwu|Gg\n|\n|t:|1699122608\n|move|p2b: Volcarona|Giga Drain|p1a: ThcrThnSnkr\n|-supereffective|p1a: ThcrThnSnkr\n|-damage|p1a: ThcrThnSnkr|25\/100\n|-heal|p2b: Volcarona|24\/100|[from] drain|[of] p1a: ThcrThnSnkr\n|move|p1b: Extra Spicy|Liquidation|p2b: Volcarona\n|-supereffective|p2b: Volcarona\n|-damage|p2b: Volcarona|0 fnt\n|faint|p2b: Volcarona\n|\n|win|mikeyuwu\n|raw|mikeyuwu's rating: 1267 &rarr; <strong>1300<\/strong><br \/>(+33 for winning)\n|raw|Ornstein714's rating: 1386 &rarr; <strong>1359<\/strong><br \/>(-27 for losing)\n","uploadtime":1699122625,"views":21,"p1id":"mikeyuwu","p2id":"ornstein714","formatid":"gen9doublesou","rating":1300,"private":0,"password":""}