{"id":"gen9doublesou-1983555171","p1":"bomdograu","p2":"okiida","format":"[Gen 9] Doubles OU","log":"|j|\u2606bomdograu\n|j|\u2606okiida\n|t:|1699142894\n|gametype|doubles\n|player|p1|bomdograu|101|1183\n|player|p2|okiida|101|1247\n|teamsize|p1|6\n|teamsize|p2|6\n|gen|9\n|tier|[Gen 9] Doubles OU\n|rated|\n|rule|Species Clause: Limit one of each Pok\u00e9mon\n|rule|OHKO Clause: OHKO moves are banned\n|rule|Evasion Moves Clause: Evasion moves are banned\n|rule|Gravity Sleep Clause: The combination of sleep-inducing moves with imperfect accuracy and Gravity or Gigantamax Orbeetle are banned\n|rule|Endless Battle Clause: Forcing endless battles is banned\n|rule|HP Percentage Mod: HP is shown in percentages\n|clearpoke\n|poke|p1|Slowbro, M|\n|poke|p1|Torkoal, M|\n|poke|p1|Ursaluna, M|\n|poke|p1|Hatterene, F|\n|poke|p1|Amoonguss, F|\n|poke|p1|Iron Hands|\n|poke|p2|Landorus-Therian, M|\n|poke|p2|Sinistcha-Masterpiece|\n|poke|p2|Ogerpon-Wellspring, F|\n|poke|p2|Rillaboom, F|\n|poke|p2|Tornadus, M|\n|poke|p2|Iron Hands|\n|teampreview\n|\n|t:|1699142915\n|start\n|switch|p1a: Slowbro|Slowbro, M|100\/100\n|switch|p1b: Ursaluna|Ursaluna, M|100\/100\n|switch|p2a: Iron Hands|Iron Hands|100\/100\n|switch|p2b: Sinistcha|Sinistcha-Masterpiece|100\/100\n|turn|1\n|\n|t:|1699142933\n|move|p2a: Iron Hands|Fake Out|p1a: Slowbro\n|-damage|p1a: Slowbro|90\/100\n|-damage|p2a: Iron Hands|91\/100|[from] item: Life Orb\n|move|p2b: Sinistcha|Shadow Ball|p1a: Slowbro\n|-supereffective|p1a: Slowbro\n|-damage|p1a: Slowbro|23\/100\n|move|p1b: Ursaluna|Swords Dance|p1b: Ursaluna\n|-boost|p1b: Ursaluna|atk|2\n|cant|p1a: Slowbro|flinch\n|\n|-heal|p1a: Slowbro|29\/100|[from] item: Leftovers\n|-status|p1b: Ursaluna|brn|[from] item: Flame Orb\n|upkeep\n|turn|2\n|\n|t:|1699142971\n|move|p2b: Sinistcha|Matcha Gotcha|p1a: Slowbro|[spread] p1a,p1b\n|-supereffective|p1a: Slowbro\n|-supereffective|p1b: Ursaluna\n|-damage|p1a: Slowbro|0 fnt\n|-damage|p1b: Ursaluna|56\/100 brn\n|faint|p1a: Slowbro\n|move|p2a: Iron Hands|Swords Dance|p2a: Iron Hands\n|-boost|p2a: Iron Hands|atk|2\n|move|p1b: Ursaluna|Facade|p2a: Iron Hands\n|-damage|p2a: Iron Hands|0 fnt\n|faint|p2a: Iron Hands\n|-end|p2a: Iron Hands|Quark Drive|[silent]\n|\n|-damage|p1b: Ursaluna|50\/100 brn|[from] brn\n|upkeep\n|\n|t:|1699142990\n|switch|p2a: Rillaboom|Rillaboom, F|100\/100\n|switch|p1a: Torkoal|Torkoal, M|100\/100\n|-fieldstart|move: Grassy Terrain|[from] ability: Grassy Surge|[of] p2a: Rillaboom\n|-weather|SunnyDay|[from] ability: Drought|[of] p1a: Torkoal\n|turn|3\n|\n|t:|1699143012\n|move|p2a: Rillaboom|Stomping Tantrum|p1a: Torkoal\n|-supereffective|p1a: Torkoal\n|-damage|p1a: Torkoal|60\/100\n|move|p2b: Sinistcha|Matcha Gotcha|p1a: Torkoal|[spread] p1a,p1b\n|-resisted|p1a: Torkoal\n|-supereffective|p1b: Ursaluna\n|-damage|p1a: Torkoal|39\/100\n|-damage|p1b: Ursaluna|0 fnt\n|faint|p1b: Ursaluna\n|move|p1a: Torkoal|Eruption|p2b: Sinistcha|[spread] p2a,p2b\n|-supereffective|p2a: Rillaboom\n|-supereffective|p2b: Sinistcha\n|-damage|p2a: Rillaboom|18\/100\n|-damage|p2b: Sinistcha|33\/100\n|\n|-weather|SunnyDay|[upkeep]\n|-heal|p2a: Rillaboom|24\/100|[from] Grassy Terrain\n|-heal|p2a: Rillaboom|30\/100|[from] item: Leftovers\n|-heal|p2b: Sinistcha|39\/100|[from] Grassy Terrain\n|-heal|p1a: Torkoal|45\/100|[from] Grassy Terrain\n|upkeep\n|\n|t:|1699143039\n|switch|p1b: Hatterene|Hatterene, F|100\/100\n|turn|4\n|\n|t:|1699143052\n|switch|p2b: Ogerpon|Ogerpon-Wellspring, F|100\/100\n|-terastallize|p1a: Torkoal|Fire\n|move|p2a: Rillaboom|Protect|p2a: Rillaboom\n|-singleturn|p2a: Rillaboom|Protect\n|move|p1a: Torkoal|Eruption|p2a: Rillaboom|[spread] p2b\n|-activate|p2a: Rillaboom|move: Protect\n|-damage|p2b: Ogerpon|47\/100\n|move|p1b: Hatterene|Trick Room|p1b: Hatterene\n|-fieldstart|move: Trick Room|[of] p1b: Hatterene\n|\n|-weather|SunnyDay|[upkeep]\n|-heal|p1a: Torkoal|51\/100|[from] Grassy Terrain\n|-heal|p2a: Rillaboom|36\/100|[from] Grassy Terrain\n|-heal|p2a: Rillaboom|42\/100|[from] item: Leftovers\n|-heal|p2b: Ogerpon|53\/100|[from] Grassy Terrain\n|upkeep\n|turn|5\n|\n|t:|1699143100\n|switch|p1b: Amoonguss|Amoonguss, F, shiny|100\/100\n|-terastallize|p2a: Rillaboom|Fire\n|move|p1a: Torkoal|Eruption|p2a: Rillaboom|[spread] p2a,p2b\n|-resisted|p2a: Rillaboom\n|-damage|p2a: Rillaboom|7\/100\n|-damage|p2b: Ogerpon|0 fnt\n|faint|p2b: Ogerpon\n|move|p2a: Rillaboom|Stomping Tantrum|p1a: Torkoal\n|-supereffective|p1a: Torkoal\n|-crit|p1a: Torkoal\n|-damage|p1a: Torkoal|0 fnt\n|faint|p1a: Torkoal\n|\n|-weather|SunnyDay|[upkeep]\n|-heal|p2a: Rillaboom|13\/100|[from] Grassy Terrain\n|-heal|p2a: Rillaboom|19\/100|[from] item: Leftovers\n|upkeep\n|\n|t:|1699143115\n|switch|p1a: Iron Hands|Iron Hands|100\/100\n|switch|p2b: Sinistcha|Sinistcha-Masterpiece|39\/100\n|-heal|p2a: Rillaboom|44\/100|[from] ability: Hospitality|[of] p2b: Sinistcha\n|turn|6\n|\n|t:|1699143136\n|switch|p2b: Landorus|Landorus-Therian, M|100\/100\n|-ability|p2b: Landorus|Intimidate|boost\n|-unboost|p1a: Iron Hands|atk|1\n|-unboost|p1b: Amoonguss|atk|1\n|move|p2a: Rillaboom|Protect|p2a: Rillaboom\n|-singleturn|p2a: Rillaboom|Protect\n|move|p1b: Amoonguss|Spore|p2b: Landorus\n|-status|p2b: Landorus|slp|[from] move: Spore\n|move|p1a: Iron Hands|Ice Punch|p2a: Rillaboom\n|-activate|p2a: Rillaboom|move: Protect\n|\n|-weather|SunnyDay|[upkeep]\n|-heal|p2a: Rillaboom|50\/100|[from] Grassy Terrain\n|-heal|p2a: Rillaboom|56\/100|[from] item: Leftovers\n|upkeep\n|turn|7\n|\n|t:|1699143174\n|switch|p2a: Tornadus|Tornadus, M|100\/100\n|move|p1b: Amoonguss|Pollen Puff|p2b: Landorus\n|-resisted|p2b: Landorus\n|-damage|p2b: Landorus|90\/100 slp\n|move|p1a: Iron Hands|Ice Punch|p2a: Tornadus\n|-supereffective|p2a: Tornadus\n|-damage|p2a: Tornadus|50\/100\n|cant|p2b: Landorus|slp\n|\n|-weather|none\n|-fieldend|move: Grassy Terrain\n|upkeep\n|turn|8\n|\n|t:|1699143199\n|switch|p2b: Rillaboom|Rillaboom, F, tera:Fire|56\/100\n|-fieldstart|move: Grassy Terrain|[from] ability: Grassy Surge|[of] p2b: Rillaboom\n|move|p2a: Tornadus|Tailwind|p2a: Tornadus\n|-sidestart|p2: okiida|move: Tailwind\n|move|p1b: Amoonguss|Spore|p2a: Tornadus\n|-status|p2a: Tornadus|slp|[from] move: Spore\n|move|p1a: Iron Hands|Ice Punch|p2a: Tornadus\n|-supereffective|p2a: Tornadus\n|-damage|p2a: Tornadus|0 fnt\n|faint|p2a: Tornadus\n|\n|-heal|p2b: Rillaboom|62\/100|[from] Grassy Terrain\n|-heal|p2b: Rillaboom|68\/100|[from] item: Leftovers\n|-fieldend|move: Trick Room\n|upkeep\n|\n|t:|1699143218\n|switch|p2a: Sinistcha|Sinistcha-Masterpiece|39\/100\n|-heal|p2b: Rillaboom|93\/100|[from] ability: Hospitality|[of] p2a: Sinistcha\n|turn|9\n|\n|t:|1699143238\n|move|p2b: Rillaboom|Fake Out|p1a: Iron Hands\n|-damage|p1a: Iron Hands|92\/100\n|move|p2a: Sinistcha|Matcha Gotcha|p1b: Amoonguss|[spread] p1a,p1b\n|-resisted|p1b: Amoonguss\n|-damage|p1a: Iron Hands|74\/100\n|-heal|p2a: Sinistcha|53\/100|[from] drain|[of] p1a: Iron Hands\n|-damage|p1b: Amoonguss|93\/100\n|-heal|p2a: Sinistcha|57\/100|[from] drain|[of] p1b: Amoonguss\n|cant|p1a: Iron Hands|flinch\n|move|p1b: Amoonguss|Spore|p2b: Rillaboom\n|-status|p2b: Rillaboom|slp|[from] move: Spore\n|\n|-heal|p2b: Rillaboom|99\/100 slp|[from] Grassy Terrain\n|-heal|p2b: Rillaboom|100\/100 slp|[from] item: Leftovers\n|-heal|p2a: Sinistcha|64\/100|[from] Grassy Terrain\n|-heal|p1a: Iron Hands|80\/100|[from] Grassy Terrain\n|-heal|p1b: Amoonguss|99\/100|[from] Grassy Terrain\n|upkeep\n|turn|10\n|\n|t:|1699143273\n|switch|p2a: Landorus|Landorus-Therian, M|90\/100 slp\n|-ability|p2a: Landorus|Intimidate|boost\n|-unboost|p1a: Iron Hands|atk|1\n|-unboost|p1b: Amoonguss|atk|1\n|cant|p2b: Rillaboom|slp\n|move|p1a: Iron Hands|Ice Punch|p2b: Rillaboom\n|-resisted|p2b: Rillaboom\n|-damage|p2b: Rillaboom|92\/100 slp\n|move|p1b: Amoonguss|Spore|p2a: Landorus\n|-fail|p2a: Landorus|slp\n|\n|-heal|p2b: Rillaboom|98\/100 slp|[from] Grassy Terrain\n|-heal|p2b: Rillaboom|100\/100 slp|[from] item: Leftovers\n|-heal|p1a: Iron Hands|86\/100|[from] Grassy Terrain\n|-heal|p1b: Amoonguss|100\/100|[from] Grassy Terrain\n|upkeep\n|turn|11\n|\n|t:|1699143307\n|switch|p2b: Sinistcha|Sinistcha-Masterpiece|64\/100\n|-heal|p2a: Landorus|100\/100 slp|[from] ability: Hospitality|[of] p2b: Sinistcha\n|move|p1b: Amoonguss|Protect|p1b: Amoonguss\n|-singleturn|p1b: Amoonguss|Protect\n|cant|p2a: Landorus|slp\n|move|p1a: Iron Hands|Drain Punch|p2b: Sinistcha\n|-immune|p2b: Sinistcha\n|\n|-heal|p2b: Sinistcha|70\/100|[from] Grassy Terrain\n|-heal|p1a: Iron Hands|93\/100|[from] Grassy Terrain\n|-sideend|p2: okiida|move: Tailwind\n|upkeep\n|turn|12\n|\n|t:|1699143342\n|switch|p2b: Rillaboom|Rillaboom, F, tera:Fire|100\/100 slp\n|cant|p2a: Landorus|slp\n|move|p1a: Iron Hands|Ice Punch|p2b: Rillaboom\n|-resisted|p2b: Rillaboom\n|-damage|p2b: Rillaboom|94\/100 slp\n|move|p1b: Amoonguss|Spore|p2b: Rillaboom\n|-fail|p2b: Rillaboom|slp\n|\n|-heal|p2b: Rillaboom|99\/100 slp|[from] Grassy Terrain\n|-heal|p2b: Rillaboom|100\/100 slp|[from] item: Leftovers\n|-heal|p1a: Iron Hands|99\/100|[from] Grassy Terrain\n|-fieldend|move: Grassy Terrain\n|upkeep\n|turn|13\n|\n|t:|1699143367\n|cant|p2b: Rillaboom|slp\n|-curestatus|p2a: Landorus|slp|[msg]\n|move|p2a: Landorus|U-turn|p1b: Amoonguss\n|-damage|p1b: Amoonguss|82\/100\n|-damage|p2a: Landorus|84\/100|[from] item: Rocky Helmet|[of] p1b: Amoonguss\n|\n|t:|1699143374\n|switch|p2a: Sinistcha|Sinistcha-Masterpiece|70\/100|[from] U-turn\n|move|p1a: Iron Hands|Drain Punch|p2a: Sinistcha\n|-immune|p2a: Sinistcha\n|move|p1b: Amoonguss|Spore|p2b: Rillaboom\n|-fail|p2b: Rillaboom|slp\n|\n|upkeep\n|turn|14\n|\n|t:|1699143394\n|switch|p2a: Landorus|Landorus-Therian, M|84\/100\n|-ability|p2a: Landorus|Intimidate|boost\n|-unboost|p1a: Iron Hands|atk|1\n|-unboost|p1b: Amoonguss|atk|1\n|cant|p2b: Rillaboom|slp\n|move|p1a: Iron Hands|Drain Punch|p2a: Landorus\n|-resisted|p2a: Landorus\n|-damage|p2a: Landorus|73\/100\n|-heal|p1a: Iron Hands|100\/100|[from] drain|[of] p2a: Landorus\n|move|p1b: Amoonguss|Spore|p2a: Landorus\n|-status|p2a: Landorus|slp|[from] move: Spore\n|\n|upkeep\n|turn|15\n|\n|t:|1699143425\n|switch|p2b: Sinistcha|Sinistcha-Masterpiece|70\/100\n|-heal|p2a: Landorus|98\/100 slp|[from] ability: Hospitality|[of] p2b: Sinistcha\n|move|p1b: Amoonguss|Protect|p1b: Amoonguss\n|-singleturn|p1b: Amoonguss|Protect\n|cant|p2a: Landorus|slp\n|move|p1a: Iron Hands|Wild Charge|p2b: Sinistcha\n|-resisted|p2b: Sinistcha\n|-damage|p2b: Sinistcha|60\/100\n|-damage|p1a: Iron Hands|84\/100|[from] item: Rocky Helmet|[of] p2b: Sinistcha\n|-damage|p1a: Iron Hands|82\/100|[from] Recoil\n|\n|upkeep\n|turn|16\n|\n|t:|1699143457\n|switch|p2a: Rillaboom|Rillaboom, F, tera:Fire|100\/100 slp\n|-fieldstart|move: Grassy Terrain|[from] ability: Grassy Surge|[of] p2a: Rillaboom\n|move|p1a: Iron Hands|Fake Out||[still]\n|-hint|Fake Out only works on your first turn out.\n|-fail|p1a: Iron Hands\n|move|p2b: Sinistcha|Matcha Gotcha|p1b: Amoonguss|[spread] p1a\n|-miss|p2b: Sinistcha|p1b: Amoonguss\n|-damage|p1a: Iron Hands|62\/100\n|-heal|p2b: Sinistcha|75\/100|[from] drain|[of] p1a: Iron Hands\n|move|p1b: Amoonguss|Spore|p2b: Sinistcha\n|-immune|p2b: Sinistcha\n|\n|-heal|p2b: Sinistcha|81\/100|[from] Grassy Terrain\n|-heal|p1a: Iron Hands|68\/100|[from] Grassy Terrain\n|-heal|p1b: Amoonguss|88\/100|[from] Grassy Terrain\n|upkeep\n|turn|17\n|\n|t:|1699143485\n|switch|p2b: Landorus|Landorus-Therian, M|98\/100 slp\n|-ability|p2b: Landorus|Intimidate|boost\n|-unboost|p1a: Iron Hands|atk|1\n|-unboost|p1b: Amoonguss|atk|1\n|-end|p1a: Iron Hands|Quark Drive|[silent]\n|switch|p1a: Hatterene|Hatterene, F|100\/100\n|-curestatus|p2a: Rillaboom|slp|[msg]\n|move|p2a: Rillaboom|Fake Out|p1b: Amoonguss\n|-damage|p1b: Amoonguss|79\/100\n|-damage|p2a: Rillaboom|84\/100|[from] item: Rocky Helmet|[of] p1b: Amoonguss\n|cant|p1b: Amoonguss|flinch\n|\n|-heal|p2a: Rillaboom|90\/100|[from] Grassy Terrain\n|-heal|p2a: Rillaboom|96\/100|[from] item: Leftovers\n|-heal|p1b: Amoonguss|85\/100|[from] Grassy Terrain\n|upkeep\n|turn|18\n|\n|t:|1699143522\n|-curestatus|p2b: Landorus|slp|[msg]\n|move|p2b: Landorus|U-turn|p1a: Hatterene\n|-damage|p1a: Hatterene|68\/100\n|\n|t:|1699143527\n|switch|p2b: Sinistcha|Sinistcha-Masterpiece|81\/100|[from] U-turn\n|-heal|p2a: Rillaboom|100\/100|[from] ability: Hospitality|[of] p2b: Sinistcha\n|move|p2a: Rillaboom|Wood Hammer|p1a: Hatterene\n|-damage|p1a: Hatterene|0 fnt\n|faint|p1a: Hatterene\n|-damage|p2a: Rillaboom|86\/100|[from] Recoil\n|move|p1b: Amoonguss|Spore|p2a: Rillaboom\n|-status|p2a: Rillaboom|slp|[from] move: Spore\n|\n|-heal|p2a: Rillaboom|92\/100 slp|[from] Grassy Terrain\n|-heal|p2a: Rillaboom|98\/100 slp|[from] item: Leftovers\n|-heal|p2b: Sinistcha|87\/100|[from] Grassy Terrain\n|-heal|p1b: Amoonguss|92\/100|[from] Grassy Terrain\n|upkeep\n|\n|t:|1699143545\n|switch|p1a: Iron Hands|Iron Hands|68\/100\n|turn|19\n|\n|t:|1699143576\n|switch|p2b: Landorus|Landorus-Therian, M|98\/100\n|-ability|p2b: Landorus|Intimidate|boost\n|-unboost|p1a: Iron Hands|atk|1\n|-unboost|p1b: Amoonguss|atk|1\n|cant|p2a: Rillaboom|slp\n|move|p1a: Iron Hands|Drain Punch|p2a: Rillaboom\n|-damage|p2a: Rillaboom|69\/100 slp\n|-heal|p1a: Iron Hands|79\/100|[from] drain|[of] p2a: Rillaboom\n|move|p1b: Amoonguss|Pollen Puff|p2a: Rillaboom\n|-resisted|p2a: Rillaboom\n|-damage|p2a: Rillaboom|58\/100 slp\n|\n|-heal|p2a: Rillaboom|64\/100 slp|[from] Grassy Terrain\n|-heal|p2a: Rillaboom|70\/100 slp|[from] item: Leftovers\n|-heal|p1a: Iron Hands|85\/100|[from] Grassy Terrain\n|-heal|p1b: Amoonguss|98\/100|[from] Grassy Terrain\n|upkeep\n|turn|20\n|\n|t:|1699143614\n|switch|p2a: Sinistcha|Sinistcha-Masterpiece|87\/100\n|-heal|p2b: Landorus|100\/100|[from] ability: Hospitality|[of] p2a: Sinistcha\n|move|p2b: Landorus|Stomping Tantrum|p1a: Iron Hands\n|-supereffective|p1a: Iron Hands\n|-damage|p1a: Iron Hands|33\/100\n|move|p1a: Iron Hands|Drain Punch|p2a: Sinistcha\n|-immune|p2a: Sinistcha\n|move|p1b: Amoonguss|Pollen Puff|p2a: Sinistcha\n|-damage|p2a: Sinistcha|68\/100\n|\n|-heal|p2a: Sinistcha|74\/100|[from] Grassy Terrain\n|-heal|p1a: Iron Hands|40\/100|[from] Grassy Terrain\n|-heal|p1b: Amoonguss|100\/100|[from] Grassy Terrain\n|-fieldend|move: Grassy Terrain\n|upkeep\n|turn|21\n|\n|t:|1699143635\n|switch|p2b: Rillaboom|Rillaboom, F, tera:Fire|70\/100 slp\n|-fieldstart|move: Grassy Terrain|[from] ability: Grassy Surge|[of] p2b: Rillaboom\n|move|p2a: Sinistcha|Matcha Gotcha|p1a: Iron Hands|[spread] p1b\n|-miss|p2a: Sinistcha|p1a: Iron Hands\n|-resisted|p1b: Amoonguss\n|-damage|p1b: Amoonguss|93\/100\n|-heal|p2a: Sinistcha|79\/100|[from] drain|[of] p1b: Amoonguss\n|move|p1a: Iron Hands|Ice Punch|p2a: Sinistcha\n|-supereffective|p2a: Sinistcha\n|-damage|p2a: Sinistcha|47\/100\n|-damage|p1a: Iron Hands|23\/100|[from] item: Rocky Helmet|[of] p2a: Sinistcha\n|move|p1b: Amoonguss|Pollen Puff|p2a: Sinistcha\n|-damage|p2a: Sinistcha|30\/100\n|\n|-heal|p2b: Rillaboom|76\/100 slp|[from] Grassy Terrain\n|-heal|p2b: Rillaboom|82\/100 slp|[from] item: Leftovers\n|-heal|p2a: Sinistcha|36\/100|[from] Grassy Terrain\n|-heal|p1a: Iron Hands|29\/100|[from] Grassy Terrain\n|-heal|p1b: Amoonguss|99\/100|[from] Grassy Terrain\n|upkeep\n|turn|22\n|\n|t:|1699143661\n|switch|p2a: Landorus|Landorus-Therian, M|100\/100\n|-ability|p2a: Landorus|Intimidate|boost\n|-unboost|p1a: Iron Hands|atk|1\n|-unboost|p1b: Amoonguss|atk|1\n|cant|p2b: Rillaboom|slp\n|move|p1a: Iron Hands|Ice Punch|p2a: Landorus\n|-supereffective|p2a: Landorus\n|-damage|p2a: Landorus|35\/100\n|move|p1b: Amoonguss|Pollen Puff|p1a: Iron Hands\n|-heal|p1a: Iron Hands|79\/100\n|\n|-heal|p2b: Rillaboom|88\/100 slp|[from] Grassy Terrain\n|-heal|p2b: Rillaboom|94\/100 slp|[from] item: Leftovers\n|-heal|p1a: Iron Hands|85\/100|[from] Grassy Terrain\n|-heal|p1b: Amoonguss|100\/100|[from] Grassy Terrain\n|upkeep\n|turn|23\n|\n|t:|1699143691\n|switch|p2b: Sinistcha|Sinistcha-Masterpiece|36\/100\n|-heal|p2a: Landorus|60\/100|[from] ability: Hospitality|[of] p2b: Sinistcha\n|move|p2a: Landorus|U-turn|p1b: Amoonguss\n|-damage|p1b: Amoonguss|82\/100\n|-damage|p2a: Landorus|43\/100|[from] item: Rocky Helmet|[of] p1b: Amoonguss\n|\n|t:|1699143699\n|switch|p2a: Rillaboom|Rillaboom, F, tera:Fire|94\/100 slp|[from] U-turn\n|move|p1a: Iron Hands|Ice Punch|p2a: Rillaboom\n|-resisted|p2a: Rillaboom\n|-damage|p2a: Rillaboom|86\/100 slp\n|move|p1b: Amoonguss|Spore|p2b: Sinistcha\n|-immune|p2b: Sinistcha\n|\n|-heal|p2a: Rillaboom|92\/100 slp|[from] Grassy Terrain\n|-heal|p2a: Rillaboom|98\/100 slp|[from] item: Leftovers\n|-heal|p2b: Sinistcha|42\/100|[from] Grassy Terrain\n|-heal|p1a: Iron Hands|92\/100|[from] Grassy Terrain\n|-heal|p1b: Amoonguss|88\/100|[from] Grassy Terrain\n|upkeep\n|turn|24\n|\n|t:|1699143721\n|switch|p2a: Landorus|Landorus-Therian, M|43\/100\n|-ability|p2a: Landorus|Intimidate|boost\n|-unboost|p1a: Iron Hands|atk|1\n|-unboost|p1b: Amoonguss|atk|0\n|move|p2b: Sinistcha|Protect|p2b: Sinistcha\n|-singleturn|p2b: Sinistcha|Protect\n|move|p1a: Iron Hands|Ice Punch|p2b: Sinistcha\n|-activate|p2b: Sinistcha|move: Protect\n|move|p1b: Amoonguss|Pollen Puff|p2b: Sinistcha\n|-activate|p2b: Sinistcha|move: Protect\n|\n|-heal|p2b: Sinistcha|48\/100|[from] Grassy Terrain\n|-heal|p1a: Iron Hands|98\/100|[from] Grassy Terrain\n|-heal|p1b: Amoonguss|94\/100|[from] Grassy Terrain\n|upkeep\n|turn|25\n|\n|t:|1699143745\n|switch|p2b: Rillaboom|Rillaboom, F, tera:Fire|98\/100 slp\n|move|p2a: Landorus|U-turn|p1b: Amoonguss\n|-damage|p1b: Amoonguss|75\/100\n|-damage|p2a: Landorus|27\/100|[from] item: Rocky Helmet|[of] p1b: Amoonguss\n|\n|t:|1699143752\n|switch|p2a: Sinistcha|Sinistcha-Masterpiece|48\/100|[from] U-turn\n|-heal|p2b: Rillaboom|100\/100 slp|[from] ability: Hospitality|[of] p2a: Sinistcha\n|move|p1a: Iron Hands|Ice Punch|p2b: Rillaboom\n|-resisted|p2b: Rillaboom\n|-damage|p2b: Rillaboom|94\/100 slp\n|move|p1b: Amoonguss|Pollen Puff|p2b: Rillaboom\n|-resisted|p2b: Rillaboom\n|-damage|p2b: Rillaboom|84\/100 slp\n|\n|-heal|p2b: Rillaboom|90\/100 slp|[from] Grassy Terrain\n|-heal|p2b: Rillaboom|96\/100 slp|[from] item: Leftovers\n|-heal|p2a: Sinistcha|55\/100|[from] Grassy Terrain\n|-heal|p1a: Iron Hands|100\/100|[from] Grassy Terrain\n|-heal|p1b: Amoonguss|81\/100|[from] Grassy Terrain\n|-fieldend|move: Grassy Terrain\n|upkeep\n|turn|26\n|\n|t:|1699143777\n|-curestatus|p2b: Rillaboom|slp|[msg]\n|move|p2b: Rillaboom|Fake Out|p1a: Iron Hands\n|-damage|p1a: Iron Hands|92\/100\n|move|p2a: Sinistcha|Matcha Gotcha|p1a: Iron Hands|[spread] p1a,p1b\n|-resisted|p1b: Amoonguss\n|-damage|p1a: Iron Hands|75\/100\n|-heal|p2a: Sinistcha|67\/100|[from] drain|[of] p1a: Iron Hands\n|-damage|p1b: Amoonguss|75\/100\n|-heal|p2a: Sinistcha|71\/100|[from] drain|[of] p1b: Amoonguss\n|cant|p1a: Iron Hands|flinch\n|move|p1b: Amoonguss|Pollen Puff|p2a: Sinistcha\n|-damage|p2a: Sinistcha|52\/100\n|\n|-heal|p2b: Rillaboom|100\/100|[from] item: Leftovers\n|upkeep\n|turn|27\n|\n|t:|1699143801\n|switch|p2b: Landorus|Landorus-Therian, M|27\/100\n|-ability|p2b: Landorus|Intimidate|boost\n|-unboost|p1a: Iron Hands|atk|1\n|-unboost|p1b: Amoonguss|atk|0\n|move|p2a: Sinistcha|Protect|p2a: Sinistcha\n|-singleturn|p2a: Sinistcha|Protect\n|move|p1a: Iron Hands|Ice Punch|p2a: Sinistcha\n|-activate|p2a: Sinistcha|move: Protect\n|move|p1b: Amoonguss|Pollen Puff|p2a: Sinistcha\n|-activate|p2a: Sinistcha|move: Protect\n|\n|upkeep\n|turn|28\n|\n|t:|1699143824\n|move|p2b: Landorus|U-turn|p1b: Amoonguss\n|-damage|p1b: Amoonguss|58\/100\n|-damage|p2b: Landorus|10\/100|[from] item: Rocky Helmet|[of] p1b: Amoonguss\n|\n|t:|1699143828\n|switch|p2b: Rillaboom|Rillaboom, F, tera:Fire|100\/100|[from] U-turn\n|-fieldstart|move: Grassy Terrain|[from] ability: Grassy Surge|[of] p2b: Rillaboom\n|move|p2a: Sinistcha|Matcha Gotcha|p1a: Iron Hands|[spread] p1a,p1b\n|-resisted|p1b: Amoonguss\n|-damage|p1a: Iron Hands|57\/100\n|-heal|p2a: Sinistcha|66\/100|[from] drain|[of] p1a: Iron Hands\n|-damage|p1b: Amoonguss|50\/100\n|-heal|p2a: Sinistcha|71\/100|[from] drain|[of] p1b: Amoonguss\n|-status|p1a: Iron Hands|brn\n|-status|p1b: Amoonguss|brn\n|move|p1a: Iron Hands|Ice Punch|p2a: Sinistcha\n|-supereffective|p2a: Sinistcha\n|-damage|p2a: Sinistcha|62\/100\n|-damage|p1a: Iron Hands|40\/100 brn|[from] item: Rocky Helmet|[of] p2a: Sinistcha\n|move|p1b: Amoonguss|Pollen Puff|p2b: Rillaboom\n|-resisted|p2b: Rillaboom\n|-damage|p2b: Rillaboom|90\/100\n|\n|-heal|p2b: Rillaboom|96\/100|[from] Grassy Terrain\n|-heal|p2b: Rillaboom|100\/100|[from] item: Leftovers\n|-heal|p2a: Sinistcha|68\/100|[from] Grassy Terrain\n|-heal|p1a: Iron Hands|47\/100 brn|[from] Grassy Terrain\n|-heal|p1b: Amoonguss|56\/100 brn|[from] Grassy Terrain\n|-damage|p1a: Iron Hands|40\/100 brn|[from] brn\n|-damage|p1b: Amoonguss|50\/100 brn|[from] brn\n|upkeep\n|turn|29\n|\n|t:|1699143864\n|move|p2b: Rillaboom|Fake Out|p1b: Amoonguss\n|-damage|p1b: Amoonguss|40\/100 brn\n|-damage|p2b: Rillaboom|84\/100|[from] item: Rocky Helmet|[of] p1b: Amoonguss\n|move|p2a: Sinistcha|Matcha Gotcha|p1a: Iron Hands|[spread] p1a\n|-miss|p2a: Sinistcha|p1b: Amoonguss\n|-damage|p1a: Iron Hands|19\/100 brn\n|-heal|p2a: Sinistcha|83\/100|[from] drain|[of] p1a: Iron Hands\n|move|p1a: Iron Hands|Ice Punch|p2a: Sinistcha\n|-supereffective|p2a: Sinistcha\n|-damage|p2a: Sinistcha|75\/100\n|-damage|p1a: Iron Hands|3\/100 brn|[from] item: Rocky Helmet|[of] p2a: Sinistcha\n|cant|p1b: Amoonguss|flinch\n|\n|-heal|p2b: Rillaboom|90\/100|[from] Grassy Terrain\n|-heal|p2b: Rillaboom|96\/100|[from] item: Leftovers\n|-heal|p2a: Sinistcha|81\/100|[from] Grassy Terrain\n|-heal|p1a: Iron Hands|9\/100 brn|[from] Grassy Terrain\n|-heal|p1b: Amoonguss|46\/100 brn|[from] Grassy Terrain\n|-damage|p1a: Iron Hands|3\/100 brn|[from] brn\n|-damage|p1b: Amoonguss|40\/100 brn|[from] brn\n|upkeep\n|turn|30\n|\n|t:|1699143895\n|move|p2a: Sinistcha|Rage Powder|p2a: Sinistcha\n|-singleturn|p2a: Sinistcha|move: Rage Powder\n|move|p2b: Rillaboom|Wood Hammer|p1a: Iron Hands\n|-damage|p1a: Iron Hands|0 fnt\n|faint|p1a: Iron Hands\n|-end|p1a: Iron Hands|Quark Drive|[silent]\n|-damage|p2b: Rillaboom|95\/100|[from] Recoil\n|move|p1b: Amoonguss|Pollen Puff|p2a: Sinistcha\n|-damage|p2a: Sinistcha|62\/100\n|\n|-heal|p2b: Rillaboom|100\/100|[from] Grassy Terrain\n|-heal|p2a: Sinistcha|68\/100|[from] Grassy Terrain\n|-heal|p1b: Amoonguss|46\/100 brn|[from] Grassy Terrain\n|-damage|p1b: Amoonguss|40\/100 brn|[from] brn\n|upkeep\n|turn|31\n|\n|t:|1699143913\n|move|p2b: Rillaboom|Protect|p2b: Rillaboom\n|-singleturn|p2b: Rillaboom|Protect\n|move|p2a: Sinistcha|Protect|p2a: Sinistcha\n|-singleturn|p2a: Sinistcha|Protect\n|move|p1b: Amoonguss|Pollen Puff|p2a: Sinistcha\n|-activate|p2a: Sinistcha|move: Protect\n|\n|-heal|p2a: Sinistcha|74\/100|[from] Grassy Terrain\n|-heal|p1b: Amoonguss|46\/100 brn|[from] Grassy Terrain\n|-damage|p1b: Amoonguss|40\/100 brn|[from] brn\n|upkeep\n|turn|32\n|\n|t:|1699143931\n|switch|p2b: Landorus|Landorus-Therian, M|10\/100\n|-ability|p2b: Landorus|Intimidate|boost\n|-unboost|p1b: Amoonguss|atk|0\n|move|p2a: Sinistcha|Rage Powder|p2a: Sinistcha\n|-singleturn|p2a: Sinistcha|move: Rage Powder\n|move|p1b: Amoonguss|Pollen Puff|p2a: Sinistcha\n|-damage|p2a: Sinistcha|57\/100\n|\n|-heal|p2a: Sinistcha|63\/100|[from] Grassy Terrain\n|-heal|p1b: Amoonguss|46\/100 brn|[from] Grassy Terrain\n|-damage|p1b: Amoonguss|40\/100 brn|[from] brn\n|-fieldend|move: Grassy Terrain\n|upkeep\n|turn|33\n|\n|t:|1699143965\n|switch|p2a: Rillaboom|Rillaboom, F, tera:Fire|100\/100\n|-fieldstart|move: Grassy Terrain|[from] ability: Grassy Surge|[of] p2a: Rillaboom\n|move|p2b: Landorus|U-turn|p1b: Amoonguss\n|-damage|p1b: Amoonguss|22\/100 brn\n|-damage|p2b: Landorus|0 fnt|[from] item: Rocky Helmet|[of] p1b: Amoonguss\n|faint|p2b: Landorus\n|move|p1b: Amoonguss|Pollen Puff|p2a: Rillaboom\n|-resisted|p2a: Rillaboom\n|-crit|p2a: Rillaboom\n|-damage|p2a: Rillaboom|84\/100\n|\n|-heal|p2a: Rillaboom|90\/100|[from] Grassy Terrain\n|-heal|p2a: Rillaboom|96\/100|[from] item: Leftovers\n|-heal|p1b: Amoonguss|28\/100 brn|[from] Grassy Terrain\n|-damage|p1b: Amoonguss|22\/100 brn|[from] brn\n|upkeep\n|\n|t:|1699143974\n|switch|p2b: Sinistcha|Sinistcha-Masterpiece|63\/100\n|-heal|p2a: Rillaboom|100\/100|[from] ability: Hospitality|[of] p2b: Sinistcha\n|turn|34\n|\n|t:|1699143985\n|move|p2a: Rillaboom|Fake Out|p1b: Amoonguss\n|-damage|p1b: Amoonguss|12\/100 brn\n|-damage|p2a: Rillaboom|84\/100|[from] item: Rocky Helmet|[of] p1b: Amoonguss\n|move|p2b: Sinistcha|Matcha Gotcha|p1b: Amoonguss\n|-resisted|p1b: Amoonguss\n|-damage|p1b: Amoonguss|1\/100 brn\n|-heal|p2b: Sinistcha|70\/100|[from] drain|[of] p1b: Amoonguss\n|cant|p1b: Amoonguss|flinch\n|\n|-heal|p2a: Rillaboom|90\/100|[from] Grassy Terrain\n|-heal|p2a: Rillaboom|96\/100|[from] item: Leftovers\n|-heal|p2b: Sinistcha|76\/100|[from] Grassy Terrain\n|-heal|p1b: Amoonguss|7\/100 brn|[from] Grassy Terrain\n|-damage|p1b: Amoonguss|1\/100 brn|[from] brn\n|upkeep\n|turn|35\n|\n|t:|1699144004\n|move|p2a: Rillaboom|Protect|p2a: Rillaboom\n|-singleturn|p2a: Rillaboom|Protect\n|move|p2b: Sinistcha|Protect|p2b: Sinistcha\n|-singleturn|p2b: Sinistcha|Protect\n|move|p1b: Amoonguss|Pollen Puff|p2a: Rillaboom\n|-activate|p2a: Rillaboom|move: Protect\n|\n|-heal|p2a: Rillaboom|100\/100|[from] Grassy Terrain\n|-heal|p2b: Sinistcha|82\/100|[from] Grassy Terrain\n|-heal|p1b: Amoonguss|7\/100 brn|[from] Grassy Terrain\n|-damage|p1b: Amoonguss|1\/100 brn|[from] brn\n|upkeep\n|turn|36\n|c|\u2606bomdograu|filho da puta de jogo chato\n|\n|t:|1699144021\n|move|p2a: Rillaboom|Protect|p2a: Rillaboom\n|-singleturn|p2a: Rillaboom|Protect\n|move|p2b: Sinistcha|Protect||[still]\n|-fail|p2b: Sinistcha\n|move|p1b: Amoonguss|Pollen Puff|p2a: Rillaboom\n|-activate|p2a: Rillaboom|move: Protect\n|\n|-heal|p2b: Sinistcha|88\/100|[from] Grassy Terrain\n|-heal|p1b: Amoonguss|7\/100 brn|[from] Grassy Terrain\n|-damage|p1b: Amoonguss|1\/100 brn|[from] brn\n|upkeep\n|turn|37\n|\n|t:|1699144036\n|move|p2a: Rillaboom|Protect||[still]\n|-fail|p2a: Rillaboom\n|move|p2b: Sinistcha|Protect|p2b: Sinistcha\n|-singleturn|p2b: Sinistcha|Protect\n|move|p1b: Amoonguss|Pollen Puff|p2b: Sinistcha\n|-activate|p2b: Sinistcha|move: Protect\n|\n|-heal|p2b: Sinistcha|94\/100|[from] Grassy Terrain\n|-heal|p1b: Amoonguss|7\/100 brn|[from] Grassy Terrain\n|-damage|p1b: Amoonguss|1\/100 brn|[from] brn\n|-fieldend|move: Grassy Terrain\n|upkeep\n|turn|38\n|\n|t:|1699144052\n|move|p2a: Rillaboom|Protect|p2a: Rillaboom\n|-singleturn|p2a: Rillaboom|Protect\n|move|p2b: Sinistcha|Protect||[still]\n|-fail|p2b: Sinistcha\n|move|p1b: Amoonguss|Pollen Puff|p2b: Sinistcha\n|-damage|p2b: Sinistcha|76\/100\n|\n|-damage|p1b: Amoonguss|0 fnt|[from] brn\n|faint|p1b: Amoonguss\n|\n|win|okiida\n|upkeep\n|raw|bomdograu's rating: 1183 &rarr; <strong>1161<\/strong><br \/>(-22 for losing)\n|raw|okiida's rating: 1219 &rarr; <strong>1241<\/strong><br \/>(+22 for winning)\n","uploadtime":1699144015,"views":14,"p1id":"bomdograu","p2id":"okiida","formatid":"gen9doublesou","rating":1161,"private":0,"password":""}