{"id":"gen9doublesou-1993280841","p1":"80lpos31don","p2":"Mait27","format":"[Gen 9] Doubles OU","log":"|j|\u260680lpos31don\n|j|\u2606Mait27\n|t:|1700289494\n|gametype|doubles\n|player|p1|80lpos31don|170|1372\n|player|p2|Mait27|burglar|1503\n|teamsize|p1|6\n|teamsize|p2|6\n|gen|9\n|tier|[Gen 9] Doubles OU\n|rated|\n|rule|Species Clause: Limit one of each Pok\u00e9mon\n|rule|OHKO Clause: OHKO moves are banned\n|rule|Evasion Moves Clause: Evasion moves are banned\n|rule|Gravity Sleep Clause: The combination of sleep-inducing moves with imperfect accuracy and Gravity or Gigantamax Orbeetle are banned\n|rule|Endless Battle Clause: Forcing endless battles is banned\n|rule|HP Percentage Mod: HP is shown in percentages\n|clearpoke\n|poke|p1|Murkrow, F|\n|poke|p1|Torkoal, M|\n|poke|p1|Ninetales, F|\n|poke|p1|Typhlosion-Hisui, F|\n|poke|p1|Arcanine-Hisui, M|\n|poke|p1|Walking Wake|\n|poke|p2|Iron Hands|\n|poke|p2|Heatran, M|\n|poke|p2|Ninetales-Alola, M|\n|poke|p2|Roaring Moon|\n|poke|p2|Amoonguss, F|\n|poke|p2|Thundurus-Therian, M|\n|teampreview\n|l|\u260680lpos31don\n|player|p1|\n|j|\u260680lpos31don\n|player|p1|80lpos31don|170\n|c|\u2606Mait27|Glhf!\n|\n|t:|1700289563\n|start\n|switch|p1a: Murkrow|Murkrow, F|100\/100\n|switch|p1b: Arcanine|Arcanine-Hisui, M, shiny|100\/100\n|switch|p2a: Ninetales|Ninetales-Alola, M|100\/100\n|switch|p2b: Iron Hands|Iron Hands|100\/100\n|-weather|Snow|[from] ability: Snow Warning|[of] p2a: Ninetales\n|-ability|p1b: Arcanine|Intimidate|boost\n|-unboost|p2a: Ninetales|atk|1\n|-unboost|p2b: Iron Hands|atk|1\n|turn|1\n|\n|t:|1700289584\n|switch|p1b: Ninetales|Ninetales, F, shiny|100\/100\n|-weather|SunnyDay|[from] ability: Drought|[of] p1b: Ninetales\n|move|p2b: Iron Hands|Fake Out|p1a: Murkrow\n|-damage|p1a: Murkrow|88\/100\n|cant|p1a: Murkrow|flinch\n|move|p2a: Ninetales|Aurora Veil||[still]\n|-fail|p2a: Ninetales\n|\n|-weather|SunnyDay|[upkeep]\n|upkeep\n|turn|2\n|\n|t:|1700289604\n|move|p1a: Murkrow|Taunt|p2a: Ninetales\n|-start|p2a: Ninetales|move: Taunt\n|cant|p2a: Ninetales|move: Taunt|Howl\n|move|p1b: Ninetales|Will-O-Wisp|p2b: Iron Hands|[miss]\n|-miss|p1b: Ninetales|p2b: Iron Hands\n|move|p2b: Iron Hands|Drain Punch|p1b: Ninetales\n|-damage|p1b: Ninetales|60\/100\n|\n|-weather|SunnyDay|[upkeep]\n|upkeep\n|turn|3\n|\n|t:|1700289623\n|-end|p2b: Iron Hands|Quark Drive|[silent]\n|switch|p2b: Heatran|Heatran, M|100\/100\n|move|p1a: Murkrow|Tailwind|p1a: Murkrow\n|-sidestart|p1: 80lpos31don|move: Tailwind\n|move|p1b: Ninetales|Will-O-Wisp|p2b: Heatran\n|-start|p2b: Heatran|ability: Flash Fire\n|move|p2a: Ninetales|Icy Wind|p1a: Murkrow|[spread] p1a,p1b\n|-supereffective|p1a: Murkrow\n|-resisted|p1b: Ninetales\n|-damage|p1a: Murkrow|65\/100\n|-damage|p1b: Ninetales|56\/100\n|-unboost|p1a: Murkrow|spe|1\n|-unboost|p1b: Ninetales|spe|1\n|\n|-weather|SunnyDay|[upkeep]\n|upkeep\n|turn|4\n|\n|t:|1700289652\n|switch|p2a: Roaring Moon|Roaring Moon|100\/100\n|-activate|p2a: Roaring Moon|ability: Protosynthesis\n|-start|p2a: Roaring Moon|protosynthesisatk\n|switch|p1a: Torkoal|Torkoal, M|100\/100\n|move|p2b: Heatran|Earth Power|p1b: Ninetales\n|-supereffective|p1b: Ninetales\n|-damage|p1b: Ninetales|11\/100\n|move|p1b: Ninetales|Roar|p2b: Heatran\n|-end|p2b: Heatran|ability: Flash Fire|[silent]\n|drag|p2b: Iron Hands|Iron Hands|100\/100\n|\n|-weather|SunnyDay|[upkeep]\n|upkeep\n|turn|5\n|\n|t:|1700289676\n|move|p2b: Iron Hands|Fake Out|p1b: Ninetales\n|-damage|p1b: Ninetales|0 fnt\n|faint|p1b: Ninetales\n|move|p2a: Roaring Moon|Dragon Dance|p2a: Roaring Moon\n|-boost|p2a: Roaring Moon|atk|1\n|-boost|p2a: Roaring Moon|spe|1\n|move|p1a: Torkoal|Stealth Rock|p2b: Iron Hands\n|-sidestart|p2: Mait27|move: Stealth Rock\n|\n|-weather|SunnyDay|[upkeep]\n|upkeep\n|\n|t:|1700289686\n|switch|p1b: Murkrow|Murkrow, F|65\/100\n|turn|6\n|\n|t:|1700289709\n|move|p1b: Murkrow|Haze|p1b: Murkrow\n|-clearallboost\n|move|p2a: Roaring Moon|Dragon Dance|p2a: Roaring Moon\n|-boost|p2a: Roaring Moon|atk|1\n|-boost|p2a: Roaring Moon|spe|1\n|move|p1a: Torkoal|Body Press|p2a: Roaring Moon\n|-supereffective|p2a: Roaring Moon\n|-damage|p2a: Roaring Moon|24\/100\n|move|p2b: Iron Hands|Wild Charge|p1b: Murkrow\n|-supereffective|p1b: Murkrow\n|-damage|p1b: Murkrow|0 fnt\n|faint|p1b: Murkrow\n|-damage|p2b: Iron Hands|90\/100|[from] Recoil\n|\n|-weather|SunnyDay|[upkeep]\n|-sideend|p1: 80lpos31don|move: Tailwind\n|upkeep\n|\n|t:|1700289734\n|switch|p1b: Arcanine|Arcanine-Hisui, M, shiny|100\/100\n|-ability|p1b: Arcanine|Intimidate|boost\n|-unboost|p2a: Roaring Moon|atk|1\n|-unboost|p2b: Iron Hands|atk|1\n|turn|7\n|\n|t:|1700289746\n|-terastallize|p1b: Arcanine|Normal\n|move|p2a: Roaring Moon|Protect|p2a: Roaring Moon\n|-singleturn|p2a: Roaring Moon|Protect\n|move|p1b: Arcanine|Extreme Speed|p2a: Roaring Moon\n|-activate|p2a: Roaring Moon|move: Protect\n|move|p2b: Iron Hands|Drain Punch|p1b: Arcanine\n|-supereffective|p1b: Arcanine\n|-damage|p1b: Arcanine|29\/100\n|-heal|p2b: Iron Hands|100\/100|[from] drain|[of] p1b: Arcanine\n|move|p1a: Torkoal|Eruption|p2a: Roaring Moon|[spread] p2b\n|-activate|p2a: Roaring Moon|move: Protect\n|-damage|p2b: Iron Hands|61\/100\n|\n|-weather|SunnyDay|[upkeep]\n|upkeep\n|turn|8\n|\n|t:|1700289786\n|-end|p2a: Roaring Moon|Protosynthesis|[silent]\n|switch|p2a: Heatran|Heatran, M|100\/100\n|-damage|p2a: Heatran|88\/100|[from] Stealth Rock\n|move|p1b: Arcanine|Extreme Speed|p2a: Heatran\n|-resisted|p2a: Heatran\n|-damage|p2a: Heatran|62\/100\n|move|p2b: Iron Hands|Drain Punch|p1a: Torkoal\n|-damage|p1a: Torkoal|80\/100\n|-heal|p2b: Iron Hands|67\/100|[from] drain|[of] p1a: Torkoal\n|move|p1a: Torkoal|Eruption|p2b: Iron Hands|[spread] p2b\n|-start|p2a: Heatran|ability: Flash Fire\n|-damage|p2b: Iron Hands|33\/100\n|\n|-weather|none\n|upkeep\n|turn|9\n|l|\u260680lpos31don\n|player|p1|\n|j|\u260680lpos31don\n|player|p1|80lpos31don|170\n|\n|t:|1700289818\n|move|p1b: Arcanine|Extreme Speed|p2a: Heatran\n|-resisted|p2a: Heatran\n|-damage|p2a: Heatran|40\/100\n|move|p2a: Heatran|Earth Power|p1a: Torkoal\n|-supereffective|p1a: Torkoal\n|-damage|p1a: Torkoal|0 fnt\n|faint|p1a: Torkoal\n|move|p2b: Iron Hands|Wild Charge|p1b: Arcanine\n|-damage|p1b: Arcanine|0 fnt\n|faint|p1b: Arcanine\n|-damage|p2b: Iron Hands|28\/100|[from] Recoil\n|\n|upkeep\n|\n|t:|1700289828\n|switch|p1b: Walking Wake|Walking Wake|100\/100\n|switch|p1a: Typhlosion|Typhlosion-Hisui, F, shiny|100\/100\n|-item|p2a: Heatran|Shuca Berry|[from] ability: Frisk|[of] p1a: Typhlosion|[identify]\n|-item|p2b: Iron Hands|Assault Vest|[from] ability: Frisk|[of] p1a: Typhlosion|[identify]\n|turn|10\n|\n|t:|1700289849\n|move|p2a: Heatran|Protect|p2a: Heatran\n|-singleturn|p2a: Heatran|Protect\n|move|p1b: Walking Wake|Hydro Steam|p2a: Heatran\n|-activate|p2a: Heatran|move: Protect\n|move|p1a: Typhlosion|Eruption|p2a: Heatran|[spread] p2b\n|-activate|p2a: Heatran|move: Protect\n|-damage|p2b: Iron Hands|0 fnt\n|faint|p2b: Iron Hands\n|-end|p2b: Iron Hands|Quark Drive|[silent]\n|\n|upkeep\n|\n|t:|1700289872\n|switch|p2b: Ninetales|Ninetales-Alola, M|100\/100\n|-damage|p2b: Ninetales|76\/100|[from] Stealth Rock\n|-weather|Snow|[from] ability: Snow Warning|[of] p2b: Ninetales\n|turn|11\n|\n|t:|1700289886\n|-terastallize|p2a: Heatran|Grass\n|move|p1b: Walking Wake|Hydro Steam|p2a: Heatran\n|-resisted|p2a: Heatran\n|-crit|p2a: Heatran\n|-damage|p2a: Heatran|10\/100\n|move|p2b: Ninetales|Aurora Veil|p2b: Ninetales\n|-sidestart|p2: Mait27|move: Aurora Veil\n|move|p1a: Typhlosion|Eruption|p2b: Ninetales|[spread] p2b\n|-immune|p2a: Heatran|[from] ability: Flash Fire\n|-supereffective|p2b: Ninetales\n|-damage|p2b: Ninetales|0 fnt\n|faint|p2b: Ninetales\n|move|p2a: Heatran|Earth Power|p1a: Typhlosion\n|-supereffective|p1a: Typhlosion\n|-damage|p1a: Typhlosion|14\/100\n|\n|-weather|Snow|[upkeep]\n|upkeep\n|\n|t:|1700289920\n|switch|p2b: Amoonguss|Amoonguss, F|100\/100\n|-damage|p2b: Amoonguss|88\/100|[from] Stealth Rock\n|turn|12\n|\n|t:|1700289927\n|move|p2a: Heatran|Protect|p2a: Heatran\n|-singleturn|p2a: Heatran|Protect\n|move|p1b: Walking Wake|Hydro Steam|p2a: Heatran\n|-activate|p2a: Heatran|move: Protect\n|move|p1a: Typhlosion|Eruption|p2b: Amoonguss|[spread] p2b\n|-activate|p2a: Heatran|move: Protect\n|-supereffective|p2b: Amoonguss\n|-crit|p2b: Amoonguss\n|-damage|p2b: Amoonguss|67\/100\n|move|p2b: Amoonguss|Spore|p1b: Walking Wake\n|-status|p1b: Walking Wake|slp|[from] move: Spore\n|\n|-weather|Snow|[upkeep]\n|upkeep\n|turn|13\n|\n|t:|1700289948\n|cant|p1b: Walking Wake|slp\n|move|p1a: Typhlosion|Eruption|p2a: Heatran|[spread] p2b\n|-immune|p2a: Heatran|[from] ability: Flash Fire\n|-supereffective|p2b: Amoonguss\n|-damage|p2b: Amoonguss|57\/100\n|move|p2a: Heatran|Earth Power|p1b: Walking Wake\n|-damage|p1b: Walking Wake|61\/100 slp\n|move|p2b: Amoonguss|Clear Smog|p1a: Typhlosion\n|-resisted|p1a: Typhlosion\n|-damage|p1a: Typhlosion|5\/100\n|-clearboost|p1a: Typhlosion\n|\n|-weather|Snow|[upkeep]\n|upkeep\n|turn|14\n|\n|t:|1700289969\n|move|p2b: Amoonguss|Rage Powder|p2b: Amoonguss\n|-singleturn|p2b: Amoonguss|move: Rage Powder\n|cant|p1b: Walking Wake|slp\n|move|p1a: Typhlosion|Eruption|p2a: Heatran|[spread] p2b\n|-immune|p2a: Heatran|[from] ability: Flash Fire\n|-supereffective|p2b: Amoonguss\n|-damage|p2b: Amoonguss|55\/100\n|move|p2a: Heatran|Earth Power|p1b: Walking Wake\n|-damage|p1b: Walking Wake|22\/100 slp\n|\n|-weather|Snow|[upkeep]\n|upkeep\n|turn|15\n|\n|t:|1700289994\n|move|p2b: Amoonguss|Rage Powder|p2b: Amoonguss\n|-singleturn|p2b: Amoonguss|move: Rage Powder\n|cant|p1b: Walking Wake|slp\n|move|p1a: Typhlosion|Eruption|p2a: Heatran|[spread] p2b\n|-immune|p2a: Heatran|[from] ability: Flash Fire\n|-supereffective|p2b: Amoonguss\n|-damage|p2b: Amoonguss|52\/100\n|move|p2a: Heatran|Earth Power|p1b: Walking Wake\n|-damage|p1b: Walking Wake|0 fnt\n|faint|p1b: Walking Wake\n|-end|p1b: Walking Wake|Protosynthesis|[silent]\n|\n|-weather|none\n|-sideend|p2: Mait27|move: Aurora Veil\n|upkeep\n|turn|16\n|-message|80lpos31don forfeited.\n|\n|win|Mait27\n|raw|80lpos31don's rating: 1372 &rarr; <strong>1359<\/strong><br \/>(-13 for losing)\n|raw|Mait27's rating: 1503 &rarr; <strong>1516<\/strong><br \/>(+13 for winning)\n|l|\u260680lpos31don\n|c|\u2606Mait27|GG\n","uploadtime":1700290019,"views":13,"p1id":"80lpos31don","p2id":"mait27","formatid":"gen9doublesou","rating":1359,"private":0,"password":""}