{"id":"gen9doublesou-1971248582","p1":"Cesarzyk","p2":"MattCol","format":"[Gen 9] Doubles OU","log":"|j|\u2606Cesarzyk\n|j|\u2606MattCol\n|t:|1697723540\n|gametype|doubles\n|player|p1|Cesarzyk|2|1003\n|player|p2|MattCol|crasherwake|1145\n|teamsize|p1|6\n|teamsize|p2|6\n|gen|9\n|tier|[Gen 9] Doubles OU\n|rated|\n|rule|Species Clause: Limit one of each Pok\u00e9mon\n|rule|OHKO Clause: OHKO moves are banned\n|rule|Evasion Moves Clause: Evasion moves are banned\n|rule|Gravity Sleep Clause: The combination of sleep-inducing moves with imperfect accuracy and Gravity or Gigantamax Orbeetle are banned\n|rule|Endless Battle Clause: Forcing endless battles is banned\n|rule|HP Percentage Mod: HP is shown in percentages\n|clearpoke\n|poke|p1|Oricorio-Pom-Pom, M|\n|poke|p1|Delphox, F|\n|poke|p1|Venomoth, M|\n|poke|p1|Indeedee-F, F|\n|poke|p1|Sylveon, M|\n|poke|p1|Uxie|\n|poke|p2|Quaquaval, M|\n|poke|p2|Baxcalibur, F|\n|poke|p2|Cinderace, M|\n|poke|p2|Slowbro-Galar, F|\n|poke|p2|Zarude-Dada|\n|poke|p2|Pelipper, F|\n|teampreview\n|\n|t:|1697723548\n|start\n|switch|p1a: Oricorio|Oricorio-Pom-Pom, M|100\/100\n|switch|p1b: Delphox|Delphox, F, shiny|100\/100\n|switch|p2a: Cinderace|Cinderace, M|100\/100\n|switch|p2b: Slowbro|Slowbro-Galar, F|100\/100\n|turn|1\n|\n|t:|1697723562\n|move|p2a: Cinderace|Taunt|p1a: Oricorio\n|-start|p2a: Cinderace|typechange|Dark|[from] ability: Libero\n|-start|p1a: Oricorio|move: Taunt\n|move|p1b: Delphox|Role Play|p1a: Oricorio\n|-endability|p1b: Delphox|Blaze|[from] move: Role Play\n|-ability|p1b: Delphox|Dancer|[from] move: Role Play|[of] p1a: Oricorio\n|cant|p1a: Oricorio|move: Taunt|Quiver Dance\n|move|p2b: Slowbro|Nasty Plot|p2b: Slowbro\n|-boost|p2b: Slowbro|spa|2\n|\n|upkeep\n|turn|2\n|\n|t:|1697723591\n|move|p2a: Cinderace|U-turn|p1b: Delphox\n|-damage|p1b: Delphox|64\/100\n|\n|t:|1697723594\n|switch|p2a: Pelipper|Pelipper, F|100\/100|[from] U-turn\n|-weather|RainDance|[from] ability: Drizzle|[of] p2a: Pelipper\n|move|p1b: Delphox|Dazzling Gleam|p2b: Slowbro|[spread] p2a,p2b\n|-resisted|p2b: Slowbro\n|-damage|p2a: Pelipper|81\/100\n|-damage|p2b: Slowbro|90\/100\n|-enditem|p2a: Pelipper|Eject Button\n|\n|t:|1697723604\n|switch|p2a: Cinderace|Cinderace, M|100\/100\n|move|p1a: Oricorio|Revelation Dance|p2a: Cinderace\n|-damage|p2a: Cinderace|61\/100\n|-activate|p1b: Delphox|ability: Dancer\n|move|p1b: Delphox|Revelation Dance|p2a: Cinderace|[from]ability: Dancer\n|-resisted|p2a: Cinderace\n|-damage|p2a: Cinderace|45\/100\n|move|p2b: Slowbro|Shell Side Arm|p1b: Delphox|[anim] Shell Side Arm Special\n|-damage|p1b: Delphox|0 fnt\n|-hint|Special Shell Side Arm\n|faint|p1b: Delphox\n|\n|-weather|RainDance|[upkeep]\n|upkeep\n|\n|t:|1697723627\n|switch|p1b: Venomoth|Venomoth, M|100\/100\n|turn|3\n|\n|t:|1697723640\n|move|p2a: Cinderace|Pyro Ball|p1b: Venomoth|[miss]\n|-miss|p2a: Cinderace|p1b: Venomoth\n|move|p1a: Oricorio|Revelation Dance|p2a: Cinderace\n|-damage|p2a: Cinderace|8\/100\n|move|p1b: Venomoth|Skill Swap|p1a: Oricorio\n|-activate|p1b: Venomoth|move: Skill Swap|||[of] p1a: Oricorio\n|move|p2b: Slowbro|Shell Side Arm|p1a: Oricorio|[anim] Shell Side Arm Special\n|-enditem|p1a: Oricorio|Focus Sash\n|-damage|p1a: Oricorio|1\/100\n|-hint|Special Shell Side Arm\n|\n|-weather|RainDance|[upkeep]\n|-end|p1a: Oricorio|move: Taunt\n|upkeep\n|turn|4\n|\n|t:|1697723675\n|move|p2a: Cinderace|U-turn|p1a: Oricorio\n|-start|p2a: Cinderace|typechange|Bug|[from] ability: Libero\n|-resisted|p1a: Oricorio\n|-damage|p1a: Oricorio|0 fnt\n|faint|p1a: Oricorio\n|\n|t:|1697723681\n|switch|p2a: Pelipper|Pelipper, F|81\/100|[from] U-turn\n|move|p1b: Venomoth|Sludge Bomb|p2a: Pelipper\n|-damage|p2a: Pelipper|42\/100\n|-status|p2a: Pelipper|psn\n|move|p2b: Slowbro|Psychic|p1b: Venomoth\n|-supereffective|p1b: Venomoth\n|-damage|p1b: Venomoth|0 fnt\n|faint|p1b: Venomoth\n|\n|-weather|RainDance|[upkeep]\n|-damage|p2a: Pelipper|29\/100 psn|[from] psn\n|upkeep\n|\n|t:|1697723690\n|switch|p1a: Sylveon|Sylveon, M|100\/100\n|switch|p1b: Uxie|Uxie|100\/100\n|turn|5\n|-activate|p2b: Slowbro|ability: Quick Draw\n|\n|t:|1697723703\n|switch|p1b: Indeedee|Indeedee-F, F|100\/100\n|-fieldstart|move: Psychic Terrain|[from] ability: Psychic Surge|[of] p1b: Indeedee\n|-enditem|p1b: Indeedee|Psychic Seed\n|-boost|p1b: Indeedee|spd|1|[from] item: Psychic Seed\n|move|p2a: Pelipper|Wide Guard|p2a: Pelipper\n|-singleturn|p2a: Pelipper|Wide Guard\n|move|p2b: Slowbro|Surf|p1a: Sylveon|[spread] p1a,p1b\n|-activate|p2a: Pelipper|move: Wide Guard\n|-damage|p1a: Sylveon|45\/100\n|-damage|p1b: Indeedee|57\/100\n|move|p1a: Sylveon|Hyper Voice|p2a: Pelipper|[spread] \n|-activate|p2a: Pelipper|move: Wide Guard\n|-activate|p2b: Slowbro|move: Wide Guard\n|\n|-weather|RainDance|[upkeep]\n|-damage|p2a: Pelipper|17\/100 psn|[from] psn\n|upkeep\n|turn|6\n|-activate|p2b: Slowbro|ability: Quick Draw\n|\n|t:|1697723730\n|move|p2a: Pelipper|Wide Guard|p2a: Pelipper\n|-singleturn|p2a: Pelipper|Wide Guard\n|move|p2b: Slowbro|Surf|p1a: Sylveon|[spread] p1a,p1b\n|-activate|p2a: Pelipper|move: Wide Guard\n|-damage|p1a: Sylveon|0 fnt\n|-damage|p1b: Indeedee|16\/100\n|faint|p1a: Sylveon\n|move|p1b: Indeedee|Heal Pulse|p1: Sylveon|[notarget]\n|-fail|p1b: Indeedee\n|\n|-weather|none\n|-damage|p2a: Pelipper|5\/100 psn|[from] psn\n|upkeep\n|\n|t:|1697723737\n|switch|p1a: Uxie|Uxie|100\/100\n|turn|7\n|\n|t:|1697723763\n|move|p1b: Indeedee|Helping Hand|p1a: Uxie\n|-singleturn|p1a: Uxie|Helping Hand|[of] p1b: Indeedee\n|move|p2a: Pelipper|Wide Guard|p2a: Pelipper\n|-singleturn|p2a: Pelipper|Wide Guard\n|move|p1a: Uxie|Draining Kiss|p2b: Slowbro\n|-resisted|p2b: Slowbro\n|-damage|p2b: Slowbro|82\/100\n|move|p2b: Slowbro|Shell Side Arm|p1a: Uxie|[anim] Shell Side Arm Special\n|-damage|p1a: Uxie|32\/100\n|-hint|Special Shell Side Arm\n|\n|-heal|p1a: Uxie|38\/100|[from] item: Leftovers\n|-damage|p2a: Pelipper|0 fnt|[from] psn\n|faint|p2a: Pelipper\n|upkeep\n|-message|Cesarzyk forfeited.\n|\n|win|MattCol\n|raw|Cesarzyk's rating: 1003 &rarr; <strong>1000<\/strong><br \/>(-3 for losing)\n|raw|MattCol's rating: 1145 &rarr; <strong>1160<\/strong><br \/>(+15 for winning)\n","uploadtime":1697723781,"views":16,"p1id":"cesarzyk","p2id":"mattcol","formatid":"gen9doublesou","rating":1000,"private":0,"password":""}