{"id":"gen9doublesou-1997068197","p1":"ARESDAGAWD","p2":"cotesmcgotes","format":"[Gen 9] Doubles OU","log":"|j|\u2606ARESDAGAWD\n|j|\u2606cotesmcgotes\n|t:|1700761288\n|gametype|doubles\n|player|p1|ARESDAGAWD|cynthia-gen4|1225\n|player|p2|cotesmcgotes|flannery|1313\n|teamsize|p1|6\n|teamsize|p2|6\n|gen|9\n|tier|[Gen 9] Doubles OU\n|rated|\n|rule|Species Clause: Limit one of each Pok\u00e9mon\n|rule|OHKO Clause: OHKO moves are banned\n|rule|Evasion Moves Clause: Evasion moves are banned\n|rule|Gravity Sleep Clause: The combination of sleep-inducing moves with imperfect accuracy and Gravity or Gigantamax Orbeetle are banned\n|rule|Endless Battle Clause: Forcing endless battles is banned\n|rule|HP Percentage Mod: HP is shown in percentages\n|clearpoke\n|poke|p1|Arcanine, M|\n|poke|p1|Hydreigon, F|\n|poke|p1|Amoonguss, F|\n|poke|p1|Gyarados, M|\n|poke|p1|Diancie|\n|poke|p1|Milotic, F|\n|poke|p2|Cresselia, F|\n|poke|p2|Tornadus, M|\n|poke|p2|Overqwil, M|\n|poke|p2|Walking Wake|\n|poke|p2|Ogerpon-Hearthflame, F|\n|poke|p2|Gallade, M|\n|teampreview\n|inactive|Battle timer is ON: inactive players will automatically lose when time's up. (requested by cotesmcgotes)\n|\n|t:|1700761331\n|start\n|switch|p1a: Diancie|Diancie|100\/100\n|switch|p1b: Amoonguss|Amoonguss, F|100\/100\n|switch|p2a: Tornadus|Tornadus, M, shiny|100\/100\n|switch|p2b: Ogerpon|Ogerpon-Hearthflame, F|100\/100\n|-ability|p2b: Ogerpon|Mold Breaker\n|turn|1\n|\n|t:|1700761346\n|-terastallize|p1b: Amoonguss|Water\n|move|p1b: Amoonguss|Rage Powder|p1b: Amoonguss\n|-singleturn|p1b: Amoonguss|move: Rage Powder\n|move|p2a: Tornadus|Taunt|p1b: Amoonguss\n|-start|p1b: Amoonguss|move: Taunt\n|move|p2b: Ogerpon|Horn Leech|p1a: Diancie\n|-supereffective|p1a: Diancie\n|-damage|p1a: Diancie|36\/100\n|move|p1a: Diancie|Amnesia|p1a: Diancie\n|-boost|p1a: Diancie|spd|2\n|\n|upkeep\n|turn|2\n|\n|t:|1700761366\n|move|p2a: Tornadus|Tailwind|p2a: Tornadus\n|-sidestart|p2: cotesmcgotes|move: Tailwind\n|move|p2b: Ogerpon|Horn Leech|p1a: Diancie\n|-supereffective|p1a: Diancie\n|-damage|p1a: Diancie|0 fnt\n|faint|p1a: Diancie\n|move|p1b: Amoonguss|Pollen Puff|p1: Diancie|[notarget]\n|-fail|p1b: Amoonguss\n|\n|upkeep\n|\n|t:|1700761378\n|switch|p1a: Gyarados|Gyarados, M|100\/100\n|-ability|p1a: Gyarados|Intimidate|boost\n|-unboost|p2a: Tornadus|atk|1\n|-unboost|p2b: Ogerpon|atk|1\n|turn|3\n|\n|t:|1700761389\n|switch|p1b: Arcanine|Arcanine, M|100\/100\n|-ability|p1b: Arcanine|Intimidate|boost\n|-unboost|p2a: Tornadus|atk|1\n|-unboost|p2b: Ogerpon|atk|1\n|move|p2a: Tornadus|Taunt|p1a: Gyarados\n|-start|p1a: Gyarados|move: Taunt\n|move|p2b: Ogerpon|Horn Leech|p1b: Arcanine\n|-resisted|p1b: Arcanine\n|-damage|p1b: Arcanine|87\/100\n|cant|p1a: Gyarados|move: Taunt|Taunt\n|\n|upkeep\n|turn|4\n|\n|t:|1700761411\n|move|p2b: Ogerpon|Spiky Shield|p2b: Ogerpon\n|-singleturn|p2b: Ogerpon|move: Protect\n|move|p2a: Tornadus|Rain Dance|p2a: Tornadus\n|-weather|RainDance\n|move|p1a: Gyarados|Ice Fang|p2a: Tornadus\n|-supereffective|p2a: Tornadus\n|-damage|p2a: Tornadus|51\/100\n|move|p1b: Arcanine|Flare Blitz|p2b: Ogerpon\n|-activate|p2b: Ogerpon|move: Protect\n|-damage|p1b: Arcanine|75\/100|[from] Spiky Shield|[of] p2b: Ogerpon\n|\n|-weather|RainDance|[upkeep]\n|upkeep\n|turn|5\n|\n|t:|1700761432\n|switch|p2b: Walking Wake|Walking Wake|100\/100\n|move|p1b: Arcanine|Extreme Speed|p2a: Tornadus\n|-damage|p2a: Tornadus|19\/100\n|move|p2a: Tornadus|Bleakwind Storm|p1b: Arcanine|[spread] p1a,p1b\n|-crit|p1a: Gyarados\n|-damage|p1a: Gyarados|59\/100\n|-damage|p1b: Arcanine|41\/100\n|move|p1a: Gyarados|Waterfall|p2b: Walking Wake\n|-resisted|p2b: Walking Wake\n|-damage|p2b: Walking Wake|85\/100\n|\n|-weather|RainDance|[upkeep]\n|-end|p1a: Gyarados|move: Taunt\n|-sideend|p2: cotesmcgotes|move: Tailwind\n|upkeep\n|turn|6\n|\n|t:|1700761451\n|move|p1b: Arcanine|Protect|p1b: Arcanine\n|-singleturn|p1b: Arcanine|Protect\n|move|p2a: Tornadus|Tailwind|p2a: Tornadus\n|-sidestart|p2: cotesmcgotes|move: Tailwind\n|move|p2b: Walking Wake|Hydro Steam|p1b: Arcanine\n|-activate|p1b: Arcanine|move: Protect\n|move|p1a: Gyarados|Ice Fang|p2a: Tornadus\n|-supereffective|p2a: Tornadus\n|-damage|p2a: Tornadus|0 fnt\n|faint|p2a: Tornadus\n|\n|-weather|RainDance|[upkeep]\n|upkeep\n|\n|t:|1700761462\n|switch|p2a: Overqwil|Overqwil, M|100\/100\n|turn|7\n|\n|t:|1700761477\n|-end|p2b: Walking Wake|Protosynthesis|[silent]\n|switch|p2b: Cresselia|Cresselia, F, shiny|100\/100\n|switch|p1b: Milotic|Milotic, F|100\/100\n|move|p1a: Gyarados|Protect|p1a: Gyarados\n|-singleturn|p1a: Gyarados|Protect\n|move|p2a: Overqwil|Acupressure|p2b: Cresselia\n|-boost|p2b: Cresselia|spe|2\n|\n|-weather|RainDance|[upkeep]\n|-status|p1b: Milotic|brn|[from] item: Flame Orb\n|upkeep\n|turn|8\n|\n|t:|1700761502\n|-terastallize|p2b: Cresselia|Electric\n|move|p2a: Overqwil|Acupressure|p2b: Cresselia\n|-boost|p2b: Cresselia|evasion|2\n|move|p2b: Cresselia|Calm Mind|p2b: Cresselia\n|-boost|p2b: Cresselia|spa|1\n|-boost|p2b: Cresselia|spd|1\n|move|p1a: Gyarados|Taunt|p2b: Cresselia|[miss]\n|-miss|p1a: Gyarados|p2b: Cresselia\n|move|p1b: Milotic|Scald|p2a: Overqwil\n|-damage|p2a: Overqwil|29\/100\n|-status|p2a: Overqwil|brn\n|\n|-weather|RainDance|[upkeep]\n|-heal|p2a: Overqwil|35\/100 brn|[from] item: Black Sludge\n|-damage|p2a: Overqwil|29\/100 brn|[from] brn\n|-damage|p1b: Milotic|94\/100 brn|[from] brn\n|upkeep\n|turn|9\n|\n|t:|1700761520\n|move|p2a: Overqwil|Acupressure|p2b: Cresselia\n|-boost|p2b: Cresselia|def|2\n|move|p2b: Cresselia|Stored Power|p1a: Gyarados\n|-damage|p1a: Gyarados|0 fnt\n|faint|p1a: Gyarados\n|move|p1b: Milotic|Icy Wind|p2a: Overqwil|[spread] p2b\n|-miss|p1b: Milotic|p2a: Overqwil\n|-damage|p2b: Cresselia|95\/100\n|-unboost|p2b: Cresselia|spe|1\n|\n|-weather|RainDance|[upkeep]\n|-heal|p2a: Overqwil|35\/100 brn|[from] item: Black Sludge\n|-heal|p2b: Cresselia|100\/100|[from] item: Leftovers\n|-damage|p2a: Overqwil|29\/100 brn|[from] brn\n|-damage|p1b: Milotic|88\/100 brn|[from] brn\n|-sideend|p2: cotesmcgotes|move: Tailwind\n|upkeep\n|\n|t:|1700761527\n|switch|p1a: Amoonguss|Amoonguss, F, tera:Water|100\/100\n|turn|10\n|inactive|ARESDAGAWD has 120 seconds left.\n|\n|t:|1700761587\n|move|p2a: Overqwil|Acupressure|p2b: Cresselia\n|-boost|p2b: Cresselia|spa|2\n|move|p2b: Cresselia|Stored Power|p1a: Amoonguss\n|-damage|p1a: Amoonguss|0 fnt\n|faint|p1a: Amoonguss\n|move|p1b: Milotic|Scald|p2a: Overqwil\n|-damage|p2a: Overqwil|0 fnt\n|faint|p2a: Overqwil\n|\n|-weather|RainDance|[upkeep]\n|-damage|p1b: Milotic|82\/100 brn|[from] brn\n|upkeep\n|\n|t:|1700761601\n|switch|p2a: Walking Wake|Walking Wake|85\/100\n|switch|p1a: Hydreigon|Hydreigon, F|100\/100\n|turn|11\n|inactive|ARESDAGAWD has 120 seconds left.\n|inactive|ARESDAGAWD has 90 seconds left.\n|inactive|ARESDAGAWD has 60 seconds left.\n|inactive|ARESDAGAWD has 30 seconds left.\n|inactive|ARESDAGAWD has 20 seconds left.\n|inactive|ARESDAGAWD has 15 seconds left.\n|inactive|ARESDAGAWD has 10 seconds left.\n|inactive|ARESDAGAWD has 5 seconds left.\n|-message|ARESDAGAWD lost due to inactivity.\n|\n|win|cotesmcgotes\n|raw|ARESDAGAWD's rating: 1225 &rarr; <strong>1206<\/strong><br \/>(-19 for losing)\n|raw|cotesmcgotes's rating: 1313 &rarr; <strong>1328<\/strong><br \/>(+15 for winning)\n","uploadtime":1700761747,"views":12,"p1id":"aresdagawd","p2id":"cotesmcgotes","formatid":"gen9doublesou","rating":1206,"private":0,"password":""}