{"id":"gen9doublesou-1971392709","p1":"Inkubone","p2":"madmikex100","format":"[Gen 9] Doubles OU","log":"|j|\u2606Inkubone\n|j|\u2606madmikex100\n|t:|1697734937\n|gametype|doubles\n|player|p1|Inkubone|yellow|1223\n|player|p2|madmikex100|brock|1254\n|teamsize|p1|6\n|teamsize|p2|6\n|gen|9\n|tier|[Gen 9] Doubles OU\n|rated|\n|rule|Species Clause: Limit one of each Pok\u00e9mon\n|rule|OHKO Clause: OHKO moves are banned\n|rule|Evasion Moves Clause: Evasion moves are banned\n|rule|Gravity Sleep Clause: The combination of sleep-inducing moves with imperfect accuracy and Gravity or Gigantamax Orbeetle are banned\n|rule|Endless Battle Clause: Forcing endless battles is banned\n|rule|HP Percentage Mod: HP is shown in percentages\n|clearpoke\n|poke|p1|Goodra-Hisui, F|\n|poke|p1|Baxcalibur, M|\n|poke|p1|Kommo-o, M|\n|poke|p1|Dragonite, F|\n|poke|p1|Tyranitar, M|\n|poke|p1|Garchomp, M|\n|poke|p2|Tyranitar, M|\n|poke|p2|Hippowdon, M|\n|poke|p2|Glimmora, M|\n|poke|p2|Houndstone, M|\n|poke|p2|Garganacl, M|\n|poke|p2|Goodra-Hisui, M|\n|teampreview\n|c|\u2606Inkubone|Hello good luck have fun\n|c|\u2606madmikex100|im toxic\n|\n|t:|1697734960\n|start\n|switch|p1a: Garchomp|Garchomp, M|100\/100\n|switch|p1b: Kommo-o|Kommo-o, M|100\/100\n|switch|p2a: Hippowdon|Hippowdon, M, shiny|100\/100\n|switch|p2b: Houndstone|Houndstone, M, shiny|100\/100\n|-weather|Sandstorm|[from] ability: Sand Stream|[of] p2a: Hippowdon\n|turn|1\n|c|\u2606madmikex100|good game you lost\n|\n|t:|1697734974\n|switch|p1b: Tyranitar|Tyranitar, M|100\/100\n|move|p2b: Houndstone|Psychic Fangs|p1b: Tyranitar\n|-immune|p1b: Tyranitar\n|move|p1a: Garchomp|Dragon Rush|p2b: Houndstone|[miss]\n|-miss|p1a: Garchomp|p2b: Houndstone\n|move|p2a: Hippowdon|Ice Fang|p1a: Garchomp\n|-supereffective|p1a: Garchomp\n|-damage|p1a: Garchomp|28\/100\n|-damage|p2a: Hippowdon|84\/100|[from] item: Rocky Helmet|[of] p1a: Garchomp\n|\n|-weather|Sandstorm|[upkeep]\n|-heal|p2a: Hippowdon|90\/100|[from] item: Leftovers\n|upkeep\n|turn|2\n|c|\u2606madmikex100|GG\n|c|\u2606Inkubone|Not yet. (\u0e07'\u0300-'\u0301)\u0e07\n|\n|t:|1697735009\n|move|p2b: Houndstone|Psychic Fangs|p1a: Garchomp\n|-damage|p1a: Garchomp|0 fnt\n|-damage|p2b: Houndstone|84\/100|[from] item: Rocky Helmet|[of] p1a: Garchomp\n|faint|p1a: Garchomp\n|move|p1b: Tyranitar|Knock Off|p2b: Houndstone\n|-supereffective|p2b: Houndstone\n|-damage|p2b: Houndstone|0 fnt\n|-enditem|p2b: Houndstone|Aguav Berry|[from] move: Knock Off|[of] p1b: Tyranitar\n|faint|p2b: Houndstone\n|move|p2a: Hippowdon|Body Press|p1b: Tyranitar\n|-supereffective|p1b: Tyranitar\n|-crit|p1b: Tyranitar\n|-damage|p1b: Tyranitar|0 fnt\n|faint|p1b: Tyranitar\n|\n|-weather|Sandstorm|[upkeep]\n|-heal|p2a: Hippowdon|96\/100|[from] item: Leftovers\n|upkeep\n|c|\u2606madmikex100|you lost\n|\n|t:|1697735025\n|switch|p1a: Kommo-o|Kommo-o, M|100\/100\n|switch|p2b: Garganacl|Garganacl, M, shiny|100\/100\n|switch|p1b: Baxcalibur|Baxcalibur, M|100\/100\n|turn|3\n|inactive|Battle timer is ON: inactive players will automatically lose when time's up. (requested by madmikex100)\n|\n|t:|1697735040\n|move|p1b: Baxcalibur|Icicle Spear|p2a: Hippowdon\n|-supereffective|p2a: Hippowdon\n|-damage|p2a: Hippowdon|80\/100\n|-supereffective|p2a: Hippowdon\n|-damage|p2a: Hippowdon|64\/100\n|-supereffective|p2a: Hippowdon\n|-damage|p2a: Hippowdon|47\/100\n|-supereffective|p2a: Hippowdon\n|-damage|p2a: Hippowdon|31\/100\n|-supereffective|p2a: Hippowdon\n|-damage|p2a: Hippowdon|15\/100\n|-hitcount|p2a: Hippowdon|5\n|move|p1a: Kommo-o|Clangorous Soul|p1a: Kommo-o\n|-boost|p1a: Kommo-o|atk|1\n|-boost|p1a: Kommo-o|def|1\n|-boost|p1a: Kommo-o|spa|1\n|-boost|p1a: Kommo-o|spd|1\n|-boost|p1a: Kommo-o|spe|1\n|-damage|p1a: Kommo-o|68\/100\n|-enditem|p1a: Kommo-o|Throat Spray\n|-boost|p1a: Kommo-o|spa|1|[from] item: Throat Spray\n|move|p2a: Hippowdon|Ice Fang|p1a: Kommo-o\n|-supereffective|p1a: Kommo-o\n|-damage|p1a: Kommo-o|47\/100\n|move|p2b: Garganacl|Salt Cure|p1b: Baxcalibur\n|-supereffective|p1b: Baxcalibur\n|-damage|p1b: Baxcalibur|74\/100\n|-start|p1b: Baxcalibur|Salt Cure\n|\n|-weather|Sandstorm|[upkeep]\n|-damage|p1b: Baxcalibur|68\/100|[from] Sandstorm\n|-heal|p2a: Hippowdon|21\/100|[from] item: Leftovers\n|-damage|p1b: Baxcalibur|55\/100|[from] Salt Cure\n|upkeep\n|turn|4\n|\n|t:|1697735058\n|-terastallize|p2b: Garganacl|Grass\n|move|p1a: Kommo-o|Aura Sphere|p2b: Garganacl\n|-damage|p2b: Garganacl|50\/100\n|move|p1b: Baxcalibur|Icicle Spear|p2a: Hippowdon\n|-supereffective|p2a: Hippowdon\n|-damage|p2a: Hippowdon|7\/100\n|-supereffective|p2a: Hippowdon\n|-damage|p2a: Hippowdon|0 fnt\n|faint|p2a: Hippowdon\n|-hitcount|p2: Hippowdon|2\n|move|p2b: Garganacl|Salt Cure|p1a: Kommo-o\n|-resisted|p1a: Kommo-o\n|-crit|p1a: Kommo-o\n|-damage|p1a: Kommo-o|36\/100\n|-start|p1a: Kommo-o|Salt Cure\n|\n|-weather|Sandstorm|[upkeep]\n|-damage|p1b: Baxcalibur|49\/100|[from] Sandstorm\n|-damage|p2b: Garganacl|44\/100|[from] Sandstorm\n|-damage|p1a: Kommo-o|24\/100|[from] Salt Cure\n|-damage|p1b: Baxcalibur|37\/100|[from] Salt Cure\n|upkeep\n|\n|t:|1697735070\n|switch|p2a: Goodra|Goodra-Hisui, M|100\/100\n|turn|5\n|\n|t:|1697735078\n|move|p2b: Garganacl|Protect|p2b: Garganacl\n|-singleturn|p2b: Garganacl|Protect\n|move|p1a: Kommo-o|Aura Sphere|p2a: Goodra\n|-supereffective|p2a: Goodra\n|-damage|p2a: Goodra|3\/100\n|-enditem|p2a: Goodra|Aguav Berry|[eat]\n|-heal|p2a: Goodra|36\/100|[from] item: Aguav Berry\n|move|p1b: Baxcalibur|Icicle Spear|p2b: Garganacl\n|-activate|p2b: Garganacl|move: Protect\n|move|p2a: Goodra|Sludge Bomb|p1b: Baxcalibur\n|-damage|p1b: Baxcalibur|6\/100\n|\n|-weather|none\n|-damage|p1a: Kommo-o|11\/100|[from] Salt Cure\n|-damage|p1b: Baxcalibur|0 fnt|[from] Salt Cure\n|faint|p1b: Baxcalibur\n|upkeep\n|\n|t:|1697735090\n|switch|p1b: Dragonite|Dragonite, F|100\/100\n|turn|6\n|\n|t:|1697735102\n|switch|p2b: Glimmora|Glimmora, M, shiny|100\/100\n|move|p1b: Dragonite|Extreme Speed|p2b: Glimmora\n|-resisted|p2b: Glimmora\n|-damage|p2b: Glimmora|84\/100\n|-activate|p2b: Glimmora|ability: Toxic Debris\n|-sidestart|p1: Inkubone|move: Toxic Spikes\n|move|p1a: Kommo-o|Clanging Scales|p2b: Glimmora|[spread] p2a,p2b\n|-damage|p2a: Goodra|0 fnt\n|-damage|p2b: Glimmora|0 fnt\n|faint|p2a: Goodra\n|faint|p2b: Glimmora\n|-unboost|p1a: Kommo-o|def|1\n|\n|-damage|p1a: Kommo-o|0 fnt|[from] Salt Cure\n|faint|p1a: Kommo-o\n|upkeep\n|\n|t:|1697735116\n|switch|p2b: Tyranitar|Tyranitar, M, shiny|100\/100\n|switch|p1a: Goodra|Goodra-Hisui, F, shiny|100\/100\n|switch|p2a: Garganacl|Garganacl, M, shiny, tera:Grass|44\/100\n|-weather|Sandstorm|[from] ability: Sand Stream|[of] p2b: Tyranitar\n|turn|7\n|\n|t:|1697735137\n|-terastallize|p1b: Dragonite|Normal\n|move|p1b: Dragonite|Fire Punch|p2a: Garganacl\n|-supereffective|p2a: Garganacl\n|-damage|p2a: Garganacl|11\/100\n|-damage|p1b: Dragonite|84\/100|[from] item: Rocky Helmet|[of] p2a: Garganacl\n|move|p2b: Tyranitar|Brick Break|p1a: Goodra\n|-supereffective|p1a: Goodra\n|-damage|p1a: Goodra|63\/100\n|-ability|p1a: Goodra|Gooey\n|-unboost|p2b: Tyranitar|spe|1\n|move|p1a: Goodra|Chilling Water|p2b: Tyranitar\n|-supereffective|p2b: Tyranitar\n|-damage|p2b: Tyranitar|90\/100\n|-unboost|p2b: Tyranitar|atk|1\n|move|p2a: Garganacl|Salt Cure|p1b: Dragonite\n|-damage|p1b: Dragonite|68\/100\n|-start|p1b: Dragonite|Salt Cure\n|\n|-weather|Sandstorm|[upkeep]\n|-damage|p2a: Garganacl|5\/100|[from] Sandstorm\n|-heal|p1a: Goodra|69\/100|[from] item: Leftovers\n|-damage|p1b: Dragonite|56\/100|[from] Salt Cure\n|upkeep\n|turn|8\n|\n|t:|1697735150\n|move|p1b: Dragonite|Extreme Speed|p2a: Garganacl\n|-damage|p2a: Garganacl|0 fnt\n|-damage|p1b: Dragonite|40\/100|[from] item: Rocky Helmet|[of] p2a: Garganacl\n|faint|p2a: Garganacl\n|move|p1a: Goodra|Life Dew|p1a: Goodra|[spread] p1a,p1b\n|-heal|p1a: Goodra|94\/100\n|-heal|p1b: Dragonite|65\/100\n|move|p2b: Tyranitar|Brick Break|p1a: Goodra\n|-supereffective|p1a: Goodra\n|-damage|p1a: Goodra|70\/100\n|-ability|p1a: Goodra|Gooey\n|-unboost|p2b: Tyranitar|spe|1\n|\n|-weather|Sandstorm|[upkeep]\n|-heal|p1a: Goodra|76\/100|[from] item: Leftovers\n|-damage|p1b: Dragonite|52\/100|[from] Salt Cure\n|upkeep\n|turn|9\n|\n|t:|1697735170\n|move|p1b: Dragonite|Fire Punch|p2b: Tyranitar\n|-resisted|p2b: Tyranitar\n|-damage|p2b: Tyranitar|80\/100\n|move|p1a: Goodra|Chilling Water|p2b: Tyranitar\n|-supereffective|p2b: Tyranitar\n|-damage|p2b: Tyranitar|70\/100\n|-unboost|p2b: Tyranitar|atk|1\n|move|p2b: Tyranitar|Brick Break|p1b: Dragonite\n|-supereffective|p1b: Dragonite\n|-damage|p1b: Dragonite|28\/100\n|\n|-weather|Sandstorm|[upkeep]\n|-heal|p1a: Goodra|82\/100|[from] item: Leftovers\n|-damage|p1b: Dragonite|16\/100|[from] Salt Cure\n|upkeep\n|turn|10\n|\n|t:|1697735190\n|move|p1b: Dragonite|Extreme Speed|p2b: Tyranitar\n|-resisted|p2b: Tyranitar\n|-damage|p2b: Tyranitar|54\/100\n|move|p1a: Goodra|Chilling Water|p2b: Tyranitar\n|-supereffective|p2b: Tyranitar\n|-damage|p2b: Tyranitar|44\/100\n|-unboost|p2b: Tyranitar|atk|1\n|move|p2b: Tyranitar|Brick Break|p1b: Dragonite\n|-supereffective|p1b: Dragonite\n|-damage|p1b: Dragonite|0 fnt\n|faint|p1b: Dragonite\n|\n|-weather|Sandstorm|[upkeep]\n|-heal|p1a: Goodra|88\/100|[from] item: Leftovers\n|upkeep\n|turn|11\n|c|\u2606Inkubone|Gg\n|\n|t:|1697735204\n|move|p1a: Goodra|Chilling Water|p2b: Tyranitar\n|-supereffective|p2b: Tyranitar\n|-damage|p2b: Tyranitar|33\/100\n|-unboost|p2b: Tyranitar|atk|1\n|move|p2b: Tyranitar|Fire Punch|p1a: Goodra\n|-damage|p1a: Goodra|81\/100\n|-ability|p1a: Goodra|Gooey\n|-unboost|p2b: Tyranitar|spe|1\n|\n|-weather|none\n|-heal|p1a: Goodra|87\/100|[from] item: Leftovers\n|upkeep\n|turn|12\n|c|\u2606Inkubone|You lost (\u0e51\u2022\u0300\u3142\u2022\u0301)\u0648\u2727\n|\n|t:|1697735223\n|move|p1a: Goodra|Chilling Water|p2b: Tyranitar\n|-supereffective|p2b: Tyranitar\n|-damage|p2b: Tyranitar|17\/100\n|-unboost|p2b: Tyranitar|atk|1\n|move|p2b: Tyranitar|Fire Punch|p1a: Goodra\n|-damage|p1a: Goodra|81\/100\n|-ability|p1a: Goodra|Gooey\n|-unboost|p2b: Tyranitar|spe|1\n|\n|-heal|p1a: Goodra|87\/100|[from] item: Leftovers\n|upkeep\n|turn|13\n|\n|t:|1697735232\n|move|p1a: Goodra|Chilling Water|p2b: Tyranitar\n|-supereffective|p2b: Tyranitar\n|-crit|p2b: Tyranitar\n|-damage|p2b: Tyranitar|0 fnt\n|faint|p2b: Tyranitar\n|\n|win|Inkubone\n|raw|Inkubone's rating: 1223 &rarr; <strong>1250<\/strong><br \/>(+27 for winning)\n|raw|madmikex100's rating: 1254 &rarr; <strong>1227<\/strong><br \/>(-27 for losing)\n|l|\u2606madmikex100\n","uploadtime":1697735248,"views":18,"p1id":"inkubone","p2id":"madmikex100","formatid":"gen9doublesou","rating":1227,"private":0,"password":""}