{"id":"gen9doublesou-1988921074","p1":"poppycockles","p2":"Duv4","format":"[Gen 9] Doubles OU","log":"|j|\u2606poppycockles\n|j|\u2606Duv4\n|t:|1699788120\n|gametype|doubles\n|player|p1|poppycockles|265|1143\n|player|p2|Duv4|102|1076\n|teamsize|p1|6\n|teamsize|p2|6\n|gen|9\n|tier|[Gen 9] Doubles OU\n|rated|\n|rule|Species Clause: Limit one of each Pok\u00e9mon\n|rule|OHKO Clause: OHKO moves are banned\n|rule|Evasion Moves Clause: Evasion moves are banned\n|rule|Gravity Sleep Clause: The combination of sleep-inducing moves with imperfect accuracy and Gravity or Gigantamax Orbeetle are banned\n|rule|Endless Battle Clause: Forcing endless battles is banned\n|rule|HP Percentage Mod: HP is shown in percentages\n|clearpoke\n|poke|p1|Tyranitar, M|\n|poke|p1|Hippowdon, M|\n|poke|p1|Gliscor, M|\n|poke|p1|Empoleon, F|\n|poke|p1|Gastrodon, F|\n|poke|p1|Volcanion|\n|poke|p2|Chi-Yu|\n|poke|p2|Flutter Mane|\n|poke|p2|Iron Hands|\n|poke|p2|Kommo-o, F|\n|poke|p2|Sinistcha|\n|poke|p2|Palafin, F|\n|teampreview\n|inactive|Battle timer is ON: inactive players will automatically lose when time's up. (requested by Duv4)\n|\n|t:|1699788138\n|start\n|switch|p1a: Hippowdon|Hippowdon, M, shiny|100\/100\n|switch|p1b: Gliscor|Gliscor, M, shiny|100\/100\n|switch|p2a: Iron Hands|Iron Hands|100\/100\n|switch|p2b: Palafin|Palafin, F|100\/100\n|-weather|Sandstorm|[from] ability: Sand Stream|[of] p1a: Hippowdon\n|turn|1\n|\n|t:|1699788158\n|move|p2a: Iron Hands|Fake Out|p1b: Gliscor\n|-crit|p1b: Gliscor\n|-damage|p1b: Gliscor|78\/100\n|move|p2b: Palafin|Flip Turn|p1b: Gliscor\n|-supereffective|p1b: Gliscor\n|-damage|p1b: Gliscor|29\/100\n|\n|t:|1699788170\n|detailschange|p2b: Palafin|Palafin-Hero, F\n|switch|p2b: Sinistcha|Sinistcha|100\/100|[from] Flip Turn\n|cant|p1b: Gliscor|flinch\n|move|p1a: Hippowdon|Earthquake|p2a: Iron Hands|[spread] p2a,p2b\n|-immune|p1b: Gliscor\n|-supereffective|p2a: Iron Hands\n|-resisted|p2b: Sinistcha\n|-damage|p2a: Iron Hands|55\/100\n|-damage|p2b: Sinistcha|88\/100\n|\n|-weather|Sandstorm|[upkeep]\n|-damage|p2b: Sinistcha|82\/100|[from] Sandstorm\n|-damage|p2a: Iron Hands|48\/100|[from] Sandstorm\n|-status|p1b: Gliscor|tox|[from] item: Toxic Orb\n|upkeep\n|turn|2\n|inactive|poppycockles has 120 seconds left.\n|\n|t:|1699788204\n|move|p1b: Gliscor|Stealth Rock|p2a: Iron Hands\n|-sidestart|p2: Duv4|move: Stealth Rock\n|move|p2b: Sinistcha|Matcha Gotcha|p1b: Gliscor|[spread] p1a,p1b\n|-supereffective|p1a: Hippowdon\n|-damage|p1a: Hippowdon|66\/100\n|-heal|p2b: Sinistcha|100\/100|[from] drain|[of] p1a: Hippowdon\n|-damage|p1b: Gliscor|4\/100 tox\n|move|p2a: Iron Hands|Ice Punch|p1b: Gliscor\n|-supereffective|p1b: Gliscor\n|-damage|p1b: Gliscor|0 fnt\n|faint|p1b: Gliscor\n|move|p1a: Hippowdon|Sand Tomb|p2b: Sinistcha\n|-resisted|p2b: Sinistcha\n|-damage|p2b: Sinistcha|94\/100\n|-activate|p2b: Sinistcha|move: Sand Tomb|[of] p1a: Hippowdon\n|\n|-weather|Sandstorm|[upkeep]\n|-damage|p2b: Sinistcha|88\/100|[from] Sandstorm\n|-damage|p2a: Iron Hands|42\/100|[from] Sandstorm\n|-damage|p2b: Sinistcha|76\/100|[from] move: Sand Tomb|[partiallytrapped]\n|upkeep\n|inactive|poppycockles has 120 seconds left.\n|inactive|poppycockles has 90 seconds left.\n|\n|t:|1699788244\n|switch|p1b: Volcanion|Volcanion|100\/100\n|turn|3\n|inactive|poppycockles has 90 seconds left.\n|\n|t:|1699788267\n|move|p2b: Sinistcha|Matcha Gotcha|p1b: Volcanion|[spread] p1a,p1b\n|-supereffective|p1a: Hippowdon\n|-damage|p1a: Hippowdon|33\/100\n|-heal|p2b: Sinistcha|96\/100|[from] drain|[of] p1a: Hippowdon\n|-damage|p1b: Volcanion|81\/100\n|-heal|p2b: Sinistcha|100\/100|[from] drain|[of] p1b: Volcanion\n|move|p1b: Volcanion|Fire Spin|p2b: Sinistcha\n|-supereffective|p2b: Sinistcha\n|-damage|p2b: Sinistcha|65\/100\n|move|p2a: Iron Hands|Ice Punch|p1a: Hippowdon\n|-supereffective|p1a: Hippowdon\n|-damage|p1a: Hippowdon|0 fnt\n|faint|p1a: Hippowdon\n|\n|-weather|Sandstorm|[upkeep]\n|-damage|p1b: Volcanion|75\/100|[from] Sandstorm\n|-damage|p2b: Sinistcha|59\/100|[from] Sandstorm\n|-damage|p2a: Iron Hands|36\/100|[from] Sandstorm\n|-end|p2b: Sinistcha|Sand Tomb|[partiallytrapped]|[silent]\n|upkeep\n|inactive|poppycockles has 90 seconds left.\n|inactive|poppycockles has 60 seconds left.\n|\n|t:|1699788307\n|switch|p1a: Gastrodon|Gastrodon, F, shiny|100\/100\n|turn|4\n|\n|t:|1699788316\n|move|p2b: Sinistcha|Matcha Gotcha|p1b: Volcanion|[spread] p1a,p1b\n|-supereffective|p1a: Gastrodon\n|-enditem|p1a: Gastrodon|Rindo Berry|[eat]\n|-enditem|p1a: Gastrodon|Rindo Berry|[weaken]\n|-damage|p1a: Gastrodon|58\/100\n|-heal|p2b: Sinistcha|83\/100|[from] drain|[of] p1a: Gastrodon\n|-damage|p1b: Volcanion|52\/100\n|-heal|p2b: Sinistcha|95\/100|[from] drain|[of] p1b: Volcanion\n|-status|p1a: Gastrodon|brn\n|move|p1b: Volcanion|Fire Spin|p2b: Sinistcha|[miss]\n|-miss|p1b: Volcanion|p2b: Sinistcha\n|move|p2a: Iron Hands|Wild Charge|p1b: Volcanion\n|-supereffective|p1b: Volcanion\n|-damage|p1b: Volcanion|0 fnt\n|faint|p1b: Volcanion\n|-damage|p2a: Iron Hands|25\/100|[from] Recoil\n|move|p1a: Gastrodon|Surf|p2b: Sinistcha|[spread] p2a,p2b\n|-resisted|p2b: Sinistcha\n|-damage|p2a: Iron Hands|14\/100\n|-damage|p2b: Sinistcha|84\/100\n|\n|-weather|Sandstorm|[upkeep]\n|-damage|p2b: Sinistcha|78\/100|[from] Sandstorm\n|-damage|p2a: Iron Hands|8\/100|[from] Sandstorm\n|-damage|p1a: Gastrodon|52\/100 brn|[from] brn\n|upkeep\n|\n|t:|1699788340\n|switch|p1b: Empoleon|Empoleon, F, shiny|100\/100\n|turn|5\n|\n|t:|1699788369\n|move|p2b: Sinistcha|Matcha Gotcha|p1a: Gastrodon|[spread] p1a,p1b\n|-supereffective|p1a: Gastrodon\n|-damage|p1a: Gastrodon|0 fnt\n|-heal|p2b: Sinistcha|100\/100|[from] drain|[of] p1a: Gastrodon\n|-damage|p1b: Empoleon|75\/100\n|-status|p1b: Empoleon|brn\n|faint|p1a: Gastrodon\n|move|p1b: Empoleon|Aqua Ring|p1b: Empoleon\n|-start|p1b: Empoleon|Aqua Ring\n|move|p2a: Iron Hands|Close Combat|p1b: Empoleon\n|-supereffective|p1b: Empoleon\n|-damage|p1b: Empoleon|0 fnt\n|-unboost|p2a: Iron Hands|def|1\n|-unboost|p2a: Iron Hands|spd|1\n|faint|p1b: Empoleon\n|\n|-weather|none\n|upkeep\n|inactive|poppycockles has 60 seconds left.\n|\n|t:|1699788387\n|switch|p1b: Tyranitar|Tyranitar, M, shiny|100\/100\n|-weather|Sandstorm|[from] ability: Sand Stream|[of] p1b: Tyranitar\n|turn|6\n|\n|t:|1699788397\n|move|p2b: Sinistcha|Rage Powder|p2b: Sinistcha\n|-singleturn|p2b: Sinistcha|move: Rage Powder\n|move|p1b: Tyranitar|Thunder Wave|p2b: Sinistcha\n|-status|p2b: Sinistcha|par\n|move|p2a: Iron Hands|Close Combat|p1b: Tyranitar\n|-supereffective|p1b: Tyranitar\n|-damage|p1b: Tyranitar|0 fnt\n|-unboost|p2a: Iron Hands|def|1\n|-unboost|p2a: Iron Hands|spd|1\n|faint|p1b: Tyranitar\n|\n|win|Duv4\n|raw|poppycockles's rating: 1143 &rarr; <strong>1113<\/strong><br \/>(-30 for losing)\n|raw|Duv4's rating: 1076 &rarr; <strong>1110<\/strong><br \/>(+34 for winning)\n","uploadtime":1699788408,"views":17,"p1id":"poppycockles","p2id":"duv4","formatid":"gen9doublesou","rating":1110,"private":0,"password":""}