{"id":"gen9doublesou-1991748518","p1":"sngm1104s","p2":"Blaze75","format":"[Gen 9] Doubles OU","log":"|j|\u2606sngm1104s\n|j|\u2606Blaze75\n|t:|1700110600\n|gametype|doubles\n|player|p1|sngm1104s|dawn-gen4pt|1228\n|player|p2|Blaze75|n|1185\n|teamsize|p1|6\n|teamsize|p2|6\n|gen|9\n|tier|[Gen 9] Doubles OU\n|rated|\n|rule|Species Clause: Limit one of each Pok\u00e9mon\n|rule|OHKO Clause: OHKO moves are banned\n|rule|Evasion Moves Clause: Evasion moves are banned\n|rule|Gravity Sleep Clause: The combination of sleep-inducing moves with imperfect accuracy and Gravity or Gigantamax Orbeetle are banned\n|rule|Endless Battle Clause: Forcing endless battles is banned\n|rule|HP Percentage Mod: HP is shown in percentages\n|clearpoke\n|poke|p1|Iron Bundle|\n|poke|p1|Ninetales-Alola, M|\n|poke|p1|Iron Hands|\n|poke|p1|Sinistcha-Masterpiece|\n|poke|p1|Arcanine-Hisui, M|\n|poke|p1|Ursaluna-Bloodmoon, M|\n|poke|p2|Ogerpon-Hearthflame, F|\n|poke|p2|Torkoal, M|\n|poke|p2|Iron Moth|\n|poke|p2|Flutter Mane|\n|poke|p2|Walking Wake|\n|poke|p2|Maushold-Four|\n|teampreview\n|inactive|Battle timer is ON: inactive players will automatically lose when time's up. (requested by Blaze75)\n|\n|t:|1700110624\n|start\n|switch|p1a: Iron Bundle|Iron Bundle|100\/100\n|switch|p1b: Arcanine|Arcanine-Hisui, M|100\/100\n|switch|p2a: Flutter Mane|Flutter Mane|100\/100\n|switch|p2b: Iron Moth|Iron Moth|100\/100\n|-ability|p1b: Arcanine|Intimidate|boost\n|-unboost|p2a: Flutter Mane|atk|1\n|-unboost|p2b: Iron Moth|atk|1\n|-enditem|p1a: Iron Bundle|Booster Energy\n|-activate|p1a: Iron Bundle|ability: Quark Drive|[fromitem]\n|-start|p1a: Iron Bundle|quarkdrivespe\n|-enditem|p2a: Flutter Mane|Booster Energy\n|-activate|p2a: Flutter Mane|ability: Protosynthesis|[fromitem]\n|-start|p2a: Flutter Mane|protosynthesisspe\n|-enditem|p2b: Iron Moth|Booster Energy\n|-activate|p2b: Iron Moth|ability: Quark Drive|[fromitem]\n|-start|p2b: Iron Moth|quarkdrivespe\n|turn|1\n|\n|t:|1700110643\n|-end|p2b: Iron Moth|Quark Drive|[silent]\n|switch|p2b: Walking Wake|Walking Wake|100\/100\n|-enditem|p2b: Walking Wake|Booster Energy\n|-activate|p2b: Walking Wake|ability: Protosynthesis|[fromitem]\n|-start|p2b: Walking Wake|protosynthesisspe\n|move|p1a: Iron Bundle|Protect|p1a: Iron Bundle\n|-singleturn|p1a: Iron Bundle|Protect\n|move|p2a: Flutter Mane|Thunderbolt|p1a: Iron Bundle\n|-activate|p1a: Iron Bundle|move: Protect\n|move|p1b: Arcanine|Rock Slide|p2a: Flutter Mane|[spread] p2a,p2b\n|-damage|p2a: Flutter Mane|12\/100\n|-damage|p2b: Walking Wake|51\/100\n|\n|upkeep\n|turn|2\n|\n|t:|1700110660\n|-end|p1a: Iron Bundle|Quark Drive|[silent]\n|switch|p1a: Ninetales|Ninetales-Alola, M|100\/100\n|-weather|Snow|[from] ability: Snow Warning|[of] p1a: Ninetales\n|move|p2a: Flutter Mane|Thunderbolt|p1a: Ninetales\n|-damage|p1a: Ninetales|62\/100\n|move|p2b: Walking Wake|Hydro Steam|p1b: Arcanine\n|-supereffective|p1b: Arcanine\n|-damage|p1b: Arcanine|0 fnt\n|faint|p1b: Arcanine\n|\n|-weather|Snow|[upkeep]\n|upkeep\n|\n|t:|1700110677\n|switch|p1b: Sinistcha|Sinistcha-Masterpiece|100\/100\n|-heal|p1a: Ninetales|87\/100|[from] ability: Hospitality|[of] p1b: Sinistcha\n|turn|3\n|\n|t:|1700110691\n|move|p2b: Walking Wake|Protect|p2b: Walking Wake\n|-singleturn|p2b: Walking Wake|Protect\n|move|p1b: Sinistcha|Rage Powder|p1b: Sinistcha\n|-singleturn|p1b: Sinistcha|move: Rage Powder\n|move|p2a: Flutter Mane|Shadow Ball|p1b: Sinistcha\n|-supereffective|p1b: Sinistcha\n|-crit|p1b: Sinistcha\n|-damage|p1b: Sinistcha|0 fnt\n|faint|p1b: Sinistcha\n|move|p1a: Ninetales|Aurora Veil|p1a: Ninetales\n|-sidestart|p1: sngm1104s|move: Aurora Veil\n|\n|-weather|Snow|[upkeep]\n|upkeep\n|\n|t:|1700110699\n|switch|p1b: Ursaluna|Ursaluna-Bloodmoon, M|100\/100\n|turn|4\n|\n|t:|1700110711\n|-terastallize|p1b: Ursaluna|Ghost\n|move|p2a: Flutter Mane|Icy Wind|p1a: Ninetales|[spread] p1a,p1b\n|-resisted|p1a: Ninetales\n|-damage|p1a: Ninetales|81\/100\n|-damage|p1b: Ursaluna|90\/100\n|-unboost|p1a: Ninetales|spe|1\n|-unboost|p1b: Ursaluna|spe|1\n|move|p2b: Walking Wake|Hydro Steam|p1b: Ursaluna\n|-damage|p1b: Ursaluna|65\/100\n|move|p1a: Ninetales|Blizzard|p2b: Walking Wake|[spread] p2a,p2b\n|-crit|p2b: Walking Wake\n|-damage|p2a: Flutter Mane|0 fnt\n|-damage|p2b: Walking Wake|0 fnt\n|faint|p2a: Flutter Mane\n|-end|p2a: Flutter Mane|Protosynthesis|[silent]\n|faint|p2b: Walking Wake\n|-end|p2b: Walking Wake|Protosynthesis|[silent]\n|move|p1b: Ursaluna|Hyper Voice|p2: Flutter Mane|[notarget]\n|-fail|p1b: Ursaluna\n|\n|-weather|Snow|[upkeep]\n|-heal|p1b: Ursaluna|71\/100|[from] item: Leftovers\n|upkeep\n|\n|t:|1700110730\n|switch|p2a: Ogerpon|Ogerpon-Hearthflame, F|100\/100\n|switch|p2b: Iron Moth|Iron Moth|100\/100\n|-ability|p2a: Ogerpon|Mold Breaker\n|turn|5\n|\n|t:|1700110741\n|move|p2a: Ogerpon|Knock Off|p1b: Ursaluna\n|-supereffective|p1b: Ursaluna\n|-damage|p1b: Ursaluna|38\/100\n|-enditem|p1b: Ursaluna|Leftovers|[from] move: Knock Off|[of] p2a: Ogerpon\n|move|p2b: Iron Moth|Fiery Dance|p1a: Ninetales\n|-supereffective|p1a: Ninetales\n|-damage|p1a: Ninetales|22\/100\n|-boost|p2b: Iron Moth|spa|1\n|move|p1a: Ninetales|Blizzard|p2a: Ogerpon|[spread] p2a,p2b\n|-crit|p2a: Ogerpon\n|-resisted|p2b: Iron Moth\n|-damage|p2a: Ogerpon|43\/100\n|-damage|p2b: Iron Moth|84\/100\n|move|p1b: Ursaluna|Moonlight|p1b: Ursaluna\n|-heal|p1b: Ursaluna|63\/100\n|\n|-weather|Snow|[upkeep]\n|upkeep\n|turn|6\n|inactive|sngm1104s has 120 seconds left.\n|\n|t:|1700110776\n|-terastallize|p2a: Ogerpon|Fire\n|detailschange|p2a: Ogerpon|Ogerpon-Hearthflame-Tera, F, tera:Fire\n|-ability|p2a: Ogerpon|Embody Aspect (Hearthflame)|boost\n|-boost|p2a: Ogerpon|atk|1\n|move|p2a: Ogerpon|Ivy Cudgel|p1b: Ursaluna|[anim] Ivy Cudgel Fire\n|-damage|p1b: Ursaluna|5\/100\n|move|p2b: Iron Moth|Fiery Dance|p1a: Ninetales\n|-supereffective|p1a: Ninetales\n|-damage|p1a: Ninetales|0 fnt\n|-boost|p2b: Iron Moth|spa|1\n|faint|p1a: Ninetales\n|move|p1b: Ursaluna|Blood Moon|p2b: Iron Moth\n|-damage|p2b: Iron Moth|3\/100\n|\n|-weather|none\n|upkeep\n|inactive|sngm1104s has 120 seconds left.\n|\n|t:|1700110790\n|switch|p1a: Iron Bundle|Iron Bundle|100\/100\n|turn|7\n|inactive|sngm1104s has 120 seconds left.\n|\n|t:|1700110816\n|move|p1a: Iron Bundle|Protect|p1a: Iron Bundle\n|-singleturn|p1a: Iron Bundle|Protect\n|move|p2b: Iron Moth|Energy Ball|p1a: Iron Bundle\n|-activate|p1a: Iron Bundle|move: Protect\n|move|p2a: Ogerpon|Horn Leech|p1a: Iron Bundle\n|-activate|p1a: Iron Bundle|move: Protect\n|move|p1b: Ursaluna|Hyper Voice|p2b: Iron Moth|[spread] p2a,p2b\n|-damage|p2a: Ogerpon|0 fnt\n|-damage|p2b: Iron Moth|0 fnt\n|faint|p2a: Ogerpon\n|faint|p2b: Iron Moth\n|-end|p2b: Iron Moth|Quark Drive|[silent]\n|\n|upkeep\n|\n|t:|1700110822\n|switch|p2a: Torkoal|Torkoal, M|100\/100\n|switch|p2b: Maushold|Maushold-Four|100\/100\n|-weather|SunnyDay|[from] ability: Drought|[of] p2a: Torkoal\n|turn|8\n|\n|t:|1700110830\n|move|p1a: Iron Bundle|Hydro Pump|p2a: Torkoal\n|-supereffective|p2a: Torkoal\n|-damage|p2a: Torkoal|39\/100\n|move|p2b: Maushold|Tidy Up|p2b: Maushold\n|-boost|p2b: Maushold|atk|1\n|-boost|p2b: Maushold|spe|1\n|move|p2a: Torkoal|Heat Wave|p1a: Iron Bundle|[spread] p1a\n|-miss|p2a: Torkoal|p1b: Ursaluna\n|-damage|p1a: Iron Bundle|42\/100\n|-status|p1a: Iron Bundle|brn\n|move|p1b: Ursaluna|Blood Moon|p2b: Maushold\n|-damage|p2b: Maushold|0 fnt\n|faint|p2b: Maushold\n|\n|-weather|SunnyDay|[upkeep]\n|-heal|p2a: Torkoal|45\/100|[from] item: Leftovers\n|-damage|p1a: Iron Bundle|36\/100 brn|[from] brn\n|upkeep\n|turn|9\n|\n|t:|1700110846\n|move|p1a: Iron Bundle|Hydro Pump|p2a: Torkoal\n|-supereffective|p2a: Torkoal\n|-damage|p2a: Torkoal|0 fnt\n|faint|p2a: Torkoal\n|\n|win|sngm1104s\n|raw|sngm1104s's rating: 1228 &rarr; <strong>1250<\/strong><br \/>(+22 for winning)\n|raw|Blaze75's rating: 1185 &rarr; <strong>1163<\/strong><br \/>(-22 for losing)\n|l|\u2606Blaze75\n","uploadtime":1700110852,"views":10,"p1id":"sngm1104s","p2id":"blaze75","formatid":"gen9doublesou","rating":1163,"private":0,"password":""}