{"id":"gen9doublesou-1984405505","p1":"UY QUE RICO PAPI","p2":"theo the boss 3","format":"[Gen 9] Doubles OU","log":"|j|\u2606UY QUE RICO PAPI\n|j|\u2606theo the boss 3\n|t:|1699257859\n|gametype|doubles\n|player|p1|UY QUE RICO PAPI|101|1283\n|player|p2|theo the boss 3|galacticgruntf|1395\n|teamsize|p1|6\n|teamsize|p2|6\n|gen|9\n|tier|[Gen 9] Doubles OU\n|rated|\n|rule|Species Clause: Limit one of each Pok\u00e9mon\n|rule|OHKO Clause: OHKO moves are banned\n|rule|Evasion Moves Clause: Evasion moves are banned\n|rule|Gravity Sleep Clause: The combination of sleep-inducing moves with imperfect accuracy and Gravity or Gigantamax Orbeetle are banned\n|rule|Endless Battle Clause: Forcing endless battles is banned\n|rule|HP Percentage Mod: HP is shown in percentages\n|clearpoke\n|poke|p1|Bronzong|\n|poke|p1|Weavile, M|\n|poke|p1|Hatterene, F|\n|poke|p1|Ursaluna, F|\n|poke|p1|Trevenant, F|\n|poke|p1|Orthworm, M|\n|poke|p2|Flutter Mane|\n|poke|p2|Ambipom, M|\n|poke|p2|Iron Hands|\n|poke|p2|Amoonguss, F|\n|poke|p2|Arcanine-Hisui, F|\n|poke|p2|Gyarados, M|\n|teampreview\n|\n|t:|1699257875\n|start\n|switch|p1a: Trevenant|Trevenant, F|100\/100\n|switch|p1b: Weavile|Weavile, M|100\/100\n|switch|p2a: Ambipom|Ambipom, M|100\/100\n|switch|p2b: Arcanine|Arcanine-Hisui, F|100\/100\n|-ability|p2b: Arcanine|Intimidate|boost\n|-unboost|p1a: Trevenant|atk|1\n|-unboost|p1b: Weavile|atk|1\n|turn|1\n|inactive|Battle timer is ON: inactive players will automatically lose when time's up. (requested by theo the boss 3)\n|\n|t:|1699257895\n|move|p1b: Weavile|Fake Out|p2b: Arcanine\n|-resisted|p2b: Arcanine\n|-damage|p2b: Arcanine|95\/100\n|move|p2a: Ambipom|Fake Out|p1b: Weavile\n|-damage|p1b: Weavile|34\/100\n|-damage|p2a: Ambipom|91\/100|[from] item: Life Orb\n|cant|p2b: Arcanine|flinch\n|move|p1a: Trevenant|Trick Room|p1a: Trevenant\n|-fieldstart|move: Trick Room|[of] p1a: Trevenant\n|\n|upkeep\n|turn|2\n|inactive|UY QUE RICO PAPI has 120 seconds left.\n|\n|t:|1699257925\n|move|p2a: Ambipom|Protect|p2a: Ambipom\n|-singleturn|p2a: Ambipom|Protect\n|move|p1a: Trevenant|Ally Switch|p1a: Trevenant\n|swap|p1a: Trevenant|1|[from] move: Ally Switch\n|move|p1a: Weavile|Ice Shard|p2a: Ambipom\n|-activate|p2a: Ambipom|move: Protect\n|move|p2b: Arcanine|Flare Blitz|p1a: Weavile\n|-supereffective|p1a: Weavile\n|-damage|p1a: Weavile|0 fnt\n|faint|p1a: Weavile\n|-damage|p2b: Arcanine|86\/100|[from] Recoil\n|\n|upkeep\n|inactive|UY QUE RICO PAPI has 120 seconds left.\n|\n|t:|1699257938\n|switch|p1a: Orthworm|Orthworm, M|100\/100\n|turn|3\n|\n|t:|1699257946\n|move|p1b: Trevenant|Disable|p2b: Arcanine\n|-start|p2b: Arcanine|Disable|Flare Blitz\n|move|p1a: Orthworm|Shed Tail|p1a: Orthworm\n|-start|p1a: Orthworm|Substitute|[from] move: Shed Tail\n|-damage|p1a: Orthworm|50\/100\n|-enditem|p1a: Orthworm|Sitrus Berry|[eat]\n|-heal|p1a: Orthworm|75\/100|[from] item: Sitrus Berry\n|\n|t:|1699257954\n|switch|p1a: Ursaluna|Ursaluna, F|100\/100|[from] Shed Tail\n|cant|p2b: Arcanine|Disable|Flare Blitz\n|move|p2a: Ambipom|U-turn|p1b: Trevenant\n|-crit|p1b: Trevenant\n|-damage|p1b: Trevenant|47\/100\n|-enditem|p1b: Trevenant|Sitrus Berry|[eat]\n|-heal|p1b: Trevenant|72\/100|[from] item: Sitrus Berry\n|-damage|p2a: Ambipom|81\/100|[from] item: Life Orb\n|\n|t:|1699257966\n|switch|p2a: Gyarados|Gyarados, M|100\/100|[from] U-turn\n|-ability|p2a: Gyarados|Intimidate|boost\n|-immune|p1a: Ursaluna\n|-unboost|p1b: Trevenant|atk|1\n|\n|-status|p1a: Ursaluna|brn|[from] item: Flame Orb\n|upkeep\n|turn|4\n|\n|t:|1699257985\n|switch|p2b: Amoonguss|Amoonguss, F|100\/100\n|move|p2a: Gyarados|Protect|p2a: Gyarados\n|-singleturn|p2a: Gyarados|Protect\n|move|p1a: Ursaluna|Facade|p2a: Gyarados\n|-activate|p2a: Gyarados|move: Protect\n|move|p1b: Trevenant|Destiny Bond|p1b: Trevenant\n|-singlemove|p1b: Trevenant|Destiny Bond\n|\n|-damage|p1a: Ursaluna|94\/100 brn|[from] brn\n|upkeep\n|turn|5\n|\n|t:|1699258010\n|switch|p1b: Orthworm|Orthworm, M|75\/100\n|switch|p2a: Arcanine|Arcanine-Hisui, F|86\/100\n|-ability|p2a: Arcanine|Intimidate|boost\n|-immune|p1a: Ursaluna\n|-unboost|p1b: Orthworm|atk|1\n|-terastallize|p1a: Ursaluna|Ground\n|move|p2b: Amoonguss|Rage Powder|p2b: Amoonguss\n|-singleturn|p2b: Amoonguss|move: Rage Powder\n|move|p1a: Ursaluna|Earthquake|p2a: Arcanine|[spread] p2a,p2b\n|-heal|p1b: Orthworm|100\/100|[from] ability: Earth Eater|[of] p1a: Ursaluna\n|-supereffective|p2a: Arcanine\n|-damage|p2a: Arcanine|0 fnt\n|-damage|p2b: Amoonguss|22\/100\n|-enditem|p2b: Amoonguss|Sitrus Berry|[eat]\n|-heal|p2b: Amoonguss|47\/100|[from] item: Sitrus Berry\n|faint|p2a: Arcanine\n|\n|-damage|p1a: Ursaluna|88\/100 brn|[from] brn\n|-fieldend|move: Trick Room\n|upkeep\n|inactive|theo the boss 3 has 120 seconds left.\n|\n|t:|1699258041\n|switch|p2a: Ambipom|Ambipom, M|81\/100\n|turn|6\n|inactive|theo the boss 3 has 120 seconds left.\n|\n|t:|1699258052\n|switch|p1b: Trevenant|Trevenant, F|72\/100\n|switch|p2b: Gyarados|Gyarados, M|100\/100\n|-ability|p2b: Gyarados|Intimidate|boost\n|-immune|p1a: Ursaluna\n|-unboost|p1b: Trevenant|atk|1\n|move|p2a: Ambipom|Double Hit|p1a: Ursaluna\n|-end|p1a: Ursaluna|Substitute\n|-damage|p1a: Ursaluna|65\/100 brn\n|-hitcount|p1a: Ursaluna|2\n|-damage|p2a: Ambipom|71\/100|[from] item: Life Orb\n|move|p1a: Ursaluna|Earthquake|p2b: Gyarados|[spread] p1b,p2a\n|-immune|p2b: Gyarados\n|-resisted|p1b: Trevenant\n|-damage|p1b: Trevenant|21\/100\n|-damage|p2a: Ambipom|0 fnt\n|faint|p2a: Ambipom\n|\n|-damage|p1a: Ursaluna|59\/100 brn|[from] brn\n|-item|p1b: Trevenant|Sitrus Berry|[from] ability: Harvest\n|upkeep\n|-enditem|p1b: Trevenant|Sitrus Berry|[eat]\n|-heal|p1b: Trevenant|45\/100|[from] item: Sitrus Berry\n|inactive|theo the boss 3 has 120 seconds left.\n|\n|t:|1699258074\n|switch|p2a: Flutter Mane|Flutter Mane|100\/100\n|turn|7\n|inactive|theo the boss 3 has 120 seconds left.\n|\n|t:|1699258090\n|switch|p1a: Orthworm|Orthworm, M|100\/100\n|-terastallize|p2a: Flutter Mane|Fairy\n|move|p2a: Flutter Mane|Moonblast|p1b: Trevenant\n|-damage|p1b: Trevenant|0 fnt\n|faint|p1b: Trevenant\n|-damage|p2a: Flutter Mane|91\/100|[from] item: Life Orb\n|move|p2b: Gyarados|Waterfall|p1a: Orthworm\n|-damage|p1a: Orthworm|73\/100\n|\n|upkeep\n|\n|t:|1699258103\n|switch|p1b: Bronzong|Bronzong|100\/100\n|turn|8\n|\n|t:|1699258116\n|move|p1b: Bronzong|Protect|p1b: Bronzong\n|-singleturn|p1b: Bronzong|Protect\n|move|p2a: Flutter Mane|Shadow Ball|p1b: Bronzong\n|-activate|p1b: Bronzong|move: Protect\n|move|p2b: Gyarados|Waterfall|p1a: Orthworm\n|-damage|p1a: Orthworm|45\/100\n|move|p1a: Orthworm|Shed Tail|p1a: Orthworm\n|-fail|p1a: Orthworm|move: Shed Tail|[weak]\n|\n|upkeep\n|turn|9\n|\n|t:|1699258140\n|move|p2a: Flutter Mane|Shadow Ball|p1b: Bronzong\n|-supereffective|p1b: Bronzong\n|-damage|p1b: Bronzong|5\/100\n|-damage|p2a: Flutter Mane|81\/100|[from] item: Life Orb\n|move|p2b: Gyarados|Waterfall|p1a: Orthworm\n|-damage|p1a: Orthworm|18\/100\n|move|p1a: Orthworm|Smack Down|p2b: Gyarados\n|-supereffective|p2b: Gyarados\n|-damage|p2b: Gyarados|78\/100\n|-start|p2b: Gyarados|Smack Down\n|move|p1b: Bronzong|Trick Room|p1b: Bronzong\n|-fieldstart|move: Trick Room|[of] p1b: Bronzong\n|\n|upkeep\n|turn|10\n|\n|t:|1699258164\n|move|p1b: Bronzong|Steel Beam|p2a: Flutter Mane\n|-supereffective|p2a: Flutter Mane\n|-damage|p2a: Flutter Mane|0 fnt\n|-damage|p1b: Bronzong|0 fnt|[from] steelbeam\n|faint|p1b: Bronzong\n|faint|p2a: Flutter Mane\n|-end|p2a: Flutter Mane|Protosynthesis|[silent]\n|move|p1a: Orthworm|Body Press|p2b: Gyarados\n|-resisted|p2b: Gyarados\n|-damage|p2b: Gyarados|65\/100\n|move|p2b: Gyarados|Waterfall|p1a: Orthworm\n|-damage|p1a: Orthworm|0 fnt\n|faint|p1a: Orthworm\n|\n|upkeep\n|\n|t:|1699258178\n|switch|p1b: Ursaluna|Ursaluna, F, tera:Ground|59\/100 brn\n|switch|p1a: Hatterene|Hatterene, F|100\/100\n|switch|p2a: Iron Hands|Iron Hands|100\/100\n|turn|11\n|\n|t:|1699258192\n|move|p1b: Ursaluna|Protect|p1b: Ursaluna\n|-singleturn|p1b: Ursaluna|Protect\n|move|p2a: Iron Hands|Fake Out|p1b: Ursaluna\n|-activate|p1b: Ursaluna|move: Protect\n|move|p1a: Hatterene|Psychic|p2a: Iron Hands\n|-supereffective|p2a: Iron Hands\n|-damage|p2a: Iron Hands|28\/100\n|move|p2b: Gyarados|Iron Head|p1a: Hatterene\n|-supereffective|p1a: Hatterene\n|-damage|p1a: Hatterene|36\/100\n|\n|-damage|p1b: Ursaluna|52\/100 brn|[from] brn\n|upkeep\n|turn|12\n|\n|t:|1699258221\n|move|p2b: Gyarados|Protect|p2b: Gyarados\n|-singleturn|p2b: Gyarados|Protect\n|move|p1a: Hatterene|Psychic|p2a: Iron Hands\n|-supereffective|p2a: Iron Hands\n|-damage|p2a: Iron Hands|0 fnt\n|faint|p2a: Iron Hands\n|-end|p2a: Iron Hands|Quark Drive|[silent]\n|move|p1b: Ursaluna|Facade|p2b: Gyarados\n|-activate|p2b: Gyarados|move: Protect\n|\n|-damage|p1b: Ursaluna|46\/100 brn|[from] brn\n|upkeep\n|\n|t:|1699258231\n|switch|p2a: Amoonguss|Amoonguss, F|81\/100\n|turn|13\n|\n|t:|1699258259\n|move|p2b: Gyarados|Protect||[still]\n|-fail|p2b: Gyarados\n|move|p1a: Hatterene|Dazzling Gleam|p2a: Amoonguss|[spread] p2a,p2b\n|-resisted|p2a: Amoonguss\n|-damage|p2a: Amoonguss|66\/100\n|-damage|p2b: Gyarados|25\/100\n|-enditem|p2b: Gyarados|Sitrus Berry|[eat]\n|-heal|p2b: Gyarados|50\/100|[from] item: Sitrus Berry\n|move|p1b: Ursaluna|Earthquake|p2a: Amoonguss|[spread] p1a,p2a,p2b\n|-damage|p1a: Hatterene|0 fnt\n|-damage|p2a: Amoonguss|0 fnt\n|-damage|p2b: Gyarados|0 fnt\n|faint|p1a: Hatterene\n|faint|p2a: Amoonguss\n|faint|p2b: Gyarados\n|\n|win|UY QUE RICO PAPI\n|raw|UY QUE RICO PAPI's rating: 1283 &rarr; <strong>1316<\/strong><br \/>(+33 for winning)\n|raw|theo the boss 3's rating: 1395 &rarr; <strong>1369<\/strong><br \/>(-26 for losing)\n","uploadtime":1699258274,"views":16,"p1id":"uyquericopapi","p2id":"theotheboss3","formatid":"gen9doublesou","rating":1316,"private":0,"password":""}