{"id":"gen9doublesou-1985017322","p1":"Critian Caceorte","p2":"AverageOrthworm","format":"[Gen 9] Doubles OU","log":"|j|\u2606Critian Caceorte\n|j|\u2606AverageOrthworm\n|t:|1699321132\n|gametype|doubles\n|player|p1|Critian Caceorte|hilda|1107\n|player|p2|AverageOrthworm|juan|1100\n|teamsize|p1|6\n|teamsize|p2|6\n|gen|9\n|tier|[Gen 9] Doubles OU\n|rated|\n|rule|Species Clause: Limit one of each Pok\u00e9mon\n|rule|OHKO Clause: OHKO moves are banned\n|rule|Evasion Moves Clause: Evasion moves are banned\n|rule|Gravity Sleep Clause: The combination of sleep-inducing moves with imperfect accuracy and Gravity or Gigantamax Orbeetle are banned\n|rule|Endless Battle Clause: Forcing endless battles is banned\n|rule|HP Percentage Mod: HP is shown in percentages\n|clearpoke\n|poke|p1|Indeedee-F, F|\n|poke|p1|Armarouge, M|\n|poke|p1|Gallade, M|\n|poke|p1|Espathra, F|\n|poke|p1|Oranguru, F|\n|poke|p1|Farigiraf, F|\n|poke|p2|Rotom-Frost|\n|poke|p2|Pelipper, F|\n|poke|p2|Amoonguss, F|\n|poke|p2|Veluza, M|\n|poke|p2|Cyclizar, M|\n|poke|p2|Kilowattrel, M|\n|teampreview\n|inactive|Battle timer is ON: inactive players will automatically lose when time's up. (requested by AverageOrthworm)\n|c|\u2606AverageOrthworm|da bois\n|\n|t:|1699321141\n|start\n|switch|p1a: Indeedee|Indeedee-F, F|100\/100\n|switch|p1b: Espathra|Espathra, F|100\/100\n|switch|p2a: Rotom|Rotom-Frost|100\/100\n|switch|p2b: Pelipper|Pelipper, F|100\/100\n|-fieldstart|move: Psychic Terrain|[from] ability: Psychic Surge|[of] p1a: Indeedee\n|-weather|RainDance|[from] ability: Drizzle|[of] p2b: Pelipper\n|turn|1\n|c|\u2606Critian Caceorte|yup yup\n|\n|t:|1699321154\n|move|p1a: Indeedee|Follow Me|p1a: Indeedee\n|-singleturn|p1a: Indeedee|move: Follow Me\n|move|p1b: Espathra|Calm Mind|p1b: Espathra\n|-boost|p1b: Espathra|spa|1\n|-boost|p1b: Espathra|spd|1\n|move|p2a: Rotom|Reflect|p2a: Rotom\n|-sidestart|p2: AverageOrthworm|Reflect\n|move|p2b: Pelipper|Tailwind|p2b: Pelipper\n|-sidestart|p2: AverageOrthworm|move: Tailwind\n|\n|-weather|RainDance|[upkeep]\n|-ability|p1b: Espathra|Speed Boost|boost\n|-boost|p1b: Espathra|spe|1\n|upkeep\n|turn|2\n|\n|t:|1699321168\n|move|p1b: Espathra|Protect|p1b: Espathra\n|-singleturn|p1b: Espathra|Protect\n|move|p2a: Rotom|Blizzard|p1b: Espathra|[spread] p1a\n|-activate|p1b: Espathra|move: Protect\n|-damage|p1a: Indeedee|75\/100\n|move|p2b: Pelipper|Hurricane|p1b: Espathra\n|-activate|p1b: Espathra|move: Protect\n|move|p1a: Indeedee|Psych Up|p1b: Espathra\n|-copyboost|p1a: Indeedee|p1b: Espathra|[from] move: Psych Up\n|\n|-weather|RainDance|[upkeep]\n|-ability|p1b: Espathra|Speed Boost|boost\n|-boost|p1b: Espathra|spe|1\n|upkeep\n|turn|3\n|\n|t:|1699321191\n|switch|p2a: Veluza|Veluza, M|100\/100\n|move|p1a: Indeedee|Follow Me|p1a: Indeedee\n|-singleturn|p1a: Indeedee|move: Follow Me\n|move|p1b: Espathra|Stored Power|p2b: Pelipper\n|-damage|p2b: Pelipper|0 fnt\n|faint|p2b: Pelipper\n|\n|-weather|RainDance|[upkeep]\n|-ability|p1b: Espathra|Speed Boost|boost\n|-boost|p1b: Espathra|spe|1\n|upkeep\n|\n|t:|1699321200\n|switch|p2b: Cyclizar|Cyclizar, M|100\/100\n|turn|4\n|\n|t:|1699321214\n|move|p1a: Indeedee|Follow Me|p1a: Indeedee\n|-singleturn|p1a: Indeedee|move: Follow Me\n|move|p1b: Espathra|Stored Power|p2b: Cyclizar\n|-damage|p2b: Cyclizar|0 fnt\n|faint|p2b: Cyclizar\n|move|p2a: Veluza|Aqua Cutter|p1a: Indeedee\n|-crit|p1a: Indeedee\n|-damage|p1a: Indeedee|0 fnt\n|faint|p1a: Indeedee\n|-damage|p2a: Veluza|91\/100|[from] item: Life Orb\n|\n|-weather|RainDance|[upkeep]\n|-sideend|p2: AverageOrthworm|move: Tailwind\n|-ability|p1b: Espathra|Speed Boost|boost\n|-boost|p1b: Espathra|spe|1\n|upkeep\n|\n|t:|1699321232\n|switch|p2b: Amoonguss|Amoonguss, F|100\/100\n|switch|p1a: Oranguru|Oranguru, F|100\/100\n|turn|5\n|\n|t:|1699321249\n|move|p1b: Espathra|Stored Power|p2a: Veluza\n|-resisted|p2a: Veluza\n|-damage|p2a: Veluza|4\/100\n|move|p2a: Veluza|Aqua Cutter|p1b: Espathra\n|-damage|p1b: Espathra|0 fnt\n|faint|p1b: Espathra\n|-damage|p2a: Veluza|0 fnt|[from] item: Life Orb\n|faint|p2a: Veluza\n|move|p1a: Oranguru|Taunt|p2b: Amoonguss\n|-start|p2b: Amoonguss|move: Taunt\n|move|p2b: Amoonguss|Pollen Puff|p1a: Oranguru\n|-supereffective|p1a: Oranguru\n|-damage|p1a: Oranguru|64\/100\n|\n|-weather|RainDance|[upkeep]\n|-sideend|p2: AverageOrthworm|Reflect\n|-fieldend|move: Psychic Terrain\n|upkeep\n|\n|t:|1699321268\n|switch|p1b: Farigiraf|Farigiraf, F|100\/100\n|switch|p2a: Kilowattrel|Kilowattrel, M|100\/100\n|turn|6\n|\n|t:|1699321297\n|move|p2a: Kilowattrel|Thunderbolt|p1b: Farigiraf\n|-damage|p1b: Farigiraf|57\/100\n|move|p1b: Farigiraf|Nasty Plot|p1b: Farigiraf\n|-boost|p1b: Farigiraf|spa|2\n|move|p2b: Amoonguss|Giga Drain|p1b: Farigiraf\n|-damage|p1b: Farigiraf|21\/100\n|-enditem|p1b: Farigiraf|Aguav Berry|[eat]\n|-heal|p1b: Farigiraf|54\/100|[from] item: Aguav Berry\n|-activate|p1a: Oranguru|ability: Symbiosis|Life Orb|[of] p1b: Farigiraf\n|move|p1a: Oranguru|Trick Room|p1a: Oranguru\n|-fieldstart|move: Trick Room|[of] p1a: Oranguru\n|\n|-weather|RainDance|[upkeep]\n|upkeep\n|turn|7\n|\n|t:|1699321321\n|-terastallize|p2a: Kilowattrel|Dark\n|move|p2b: Amoonguss|Pollen Puff|p1b: Farigiraf\n|-supereffective|p1b: Farigiraf\n|-crit|p1b: Farigiraf\n|-damage|p1b: Farigiraf|0 fnt\n|faint|p1b: Farigiraf\n|move|p1a: Oranguru|Chilling Water|p2a: Kilowattrel\n|-damage|p2a: Kilowattrel|70\/100\n|-unboost|p2a: Kilowattrel|atk|1\n|move|p2a: Kilowattrel|Tera Blast|p1a: Oranguru|[anim] Tera Blast Dark\n|-supereffective|p1a: Oranguru\n|-damage|p1a: Oranguru|19\/100\n|\n|-weather|RainDance|[upkeep]\n|-end|p2b: Amoonguss|move: Taunt\n|upkeep\n|\n|t:|1699321335\n|switch|p1b: Armarouge|Armarouge, M|100\/100\n|turn|8\n|\n|t:|1699321351\n|-terastallize|p1b: Armarouge|Fire\n|move|p2b: Amoonguss|Pollen Puff|p2a: Kilowattrel\n|-heal|p2a: Kilowattrel|100\/100\n|move|p1a: Oranguru|Taunt|p2b: Amoonguss\n|-start|p2b: Amoonguss|move: Taunt\n|move|p1b: Armarouge|Heat Wave|p2b: Amoonguss|[spread] p2a\n|-miss|p1b: Armarouge|p2b: Amoonguss\n|-damage|p2a: Kilowattrel|51\/100\n|-start|p2a: Kilowattrel|Charge|Heat Wave|[from] ability: Wind Power\n|move|p2a: Kilowattrel|Air Slash|p1b: Armarouge\n|-damage|p1b: Armarouge|58\/100\n|\n|-weather|none\n|upkeep\n|turn|9\n|\n|t:|1699321372\n|move|p2b: Amoonguss|Pollen Puff|p1b: Armarouge\n|-resisted|p1b: Armarouge\n|-damage|p1b: Armarouge|42\/100\n|move|p1a: Oranguru|Chilling Water|p2a: Kilowattrel\n|-damage|p2a: Kilowattrel|33\/100\n|-unboost|p2a: Kilowattrel|atk|1\n|move|p1b: Armarouge|Armor Cannon|p2b: Amoonguss\n|-supereffective|p2b: Amoonguss\n|-damage|p2b: Amoonguss|0 fnt\n|-unboost|p1b: Armarouge|def|1\n|-unboost|p1b: Armarouge|spd|1\n|faint|p2b: Amoonguss\n|move|p2a: Kilowattrel|Thunderbolt|p1b: Armarouge\n|-damage|p1b: Armarouge|0 fnt\n|faint|p1b: Armarouge\n|-end|p2a: Kilowattrel|Charge|[silent]\n|\n|upkeep\n|\n|t:|1699321387\n|switch|p2b: Rotom|Rotom-Frost|100\/100\n|switch|p1b: Gallade|Gallade, M|100\/100\n|turn|10\n|\n|t:|1699321409\n|move|p1a: Oranguru|Chilling Water|p2a: Kilowattrel\n|-damage|p2a: Kilowattrel|13\/100\n|-unboost|p2a: Kilowattrel|atk|1\n|move|p2b: Rotom|Reflect|p2b: Rotom\n|-sidestart|p2: AverageOrthworm|Reflect\n|move|p2a: Kilowattrel|Tera Blast|p1a: Oranguru|[anim] Tera Blast Dark\n|-supereffective|p1a: Oranguru\n|-damage|p1a: Oranguru|0 fnt\n|faint|p1a: Oranguru\n|move|p1b: Gallade|Drain Punch|p2b: Rotom\n|-supereffective|p2b: Rotom\n|-damage|p2b: Rotom|32\/100\n|\n|-fieldend|move: Trick Room\n|upkeep\n|turn|11\n|\n|t:|1699321422\n|move|p1b: Gallade|Drain Punch|p2a: Kilowattrel\n|-supereffective|p2a: Kilowattrel\n|-damage|p2a: Kilowattrel|0 fnt\n|faint|p2a: Kilowattrel\n|move|p2b: Rotom|Blizzard|p1b: Gallade\n|-damage|p1b: Gallade|45\/100\n|\n|upkeep\n|turn|12\n|\n|t:|1699321430\n|move|p1b: Gallade|Drain Punch|p2b: Rotom\n|-supereffective|p2b: Rotom\n|-damage|p2b: Rotom|0 fnt\n|-heal|p1b: Gallade|59\/100|[from] drain|[of] p2b: Rotom\n|faint|p2b: Rotom\n|\n|win|Critian Caceorte\n|raw|Critian Caceorte's rating: 1107 &rarr; <strong>1131<\/strong><br \/>(+24 for winning)\n|raw|AverageOrthworm's rating: 1100 &rarr; <strong>1076<\/strong><br \/>(-24 for losing)\n|c|\u2606Critian Caceorte|gg\n|c|\u2606AverageOrthworm|gg\n","uploadtime":1699321440,"views":8,"p1id":"critiancaceorte","p2id":"averageorthworm","formatid":"gen9doublesou","rating":1076,"private":0,"password":""}