{"id":"gen9doublesou-1993323941","p1":"ganso009","p2":"Owegt","format":"[Gen 9] Doubles OU","log":"|j|\u2606ganso009\n|j|\u2606Owegt\n|t:|1700298398\n|gametype|doubles\n|player|p1|ganso009|170|1127\n|player|p2|Owegt|clown|1182\n|teamsize|p1|6\n|teamsize|p2|6\n|gen|9\n|tier|[Gen 9] Doubles OU\n|rated|\n|rule|Species Clause: Limit one of each Pok\u00e9mon\n|rule|OHKO Clause: OHKO moves are banned\n|rule|Evasion Moves Clause: Evasion moves are banned\n|rule|Gravity Sleep Clause: The combination of sleep-inducing moves with imperfect accuracy and Gravity or Gigantamax Orbeetle are banned\n|rule|Endless Battle Clause: Forcing endless battles is banned\n|rule|HP Percentage Mod: HP is shown in percentages\n|clearpoke\n|poke|p1|Gastrodon-East, F|\n|poke|p1|Pelipper, F|\n|poke|p1|Goodra, F|\n|poke|p1|Garganacl, M|\n|poke|p1|Ludicolo, F|\n|poke|p1|Bronzong|\n|poke|p2|Dusclops, M|\n|poke|p2|Vikavolt, M|\n|poke|p2|Pelipper, M|\n|poke|p2|Amoonguss, L99, M|\n|poke|p2|Hatterene, F|\n|poke|p2|Iron Hands|\n|teampreview\n|\n|t:|1700298411\n|start\n|switch|p1a: Pelipper|Pelipper, F|100\/100\n|switch|p1b: Gastrodon|Gastrodon-East, F|100\/100\n|switch|p2a: SUS|Amoonguss, L99, M|100\/100\n|switch|p2b: Tall hair|Hatterene, F|100\/100\n|-weather|RainDance|[from] ability: Drizzle|[of] p1a: Pelipper\n|turn|1\n|\n|t:|1700298433\n|switch|p2a: Fast?|Vikavolt, M|100\/100\n|move|p1a: Pelipper|Surf|p2a: Fast?|[spread] p2a,p2b\n|-ability|p1b: Gastrodon|Storm Drain|boost\n|-boost|p1b: Gastrodon|spa|1\n|-damage|p2a: Fast?|32\/100\n|-damage|p2b: Tall hair|60\/100\n|move|p1b: Gastrodon|Icy Wind|p2a: Fast?|[spread] p2a,p2b\n|-damage|p2a: Fast?|11\/100\n|-damage|p2b: Tall hair|46\/100\n|-unboost|p2a: Fast?|spe|1\n|-unboost|p2b: Tall hair|spe|1\n|move|p2b: Tall hair|Trick Room|p2b: Tall hair\n|-fieldstart|move: Trick Room|[of] p2b: Tall hair\n|\n|-weather|RainDance|[upkeep]\n|upkeep\n|turn|2\n|\n|t:|1700298460\n|move|p2b: Tall hair|Psychic|p1a: Pelipper\n|-damage|p1a: Pelipper|38\/100\n|move|p2a: Fast?|Energy Ball|p1b: Gastrodon\n|-supereffective|p1b: Gastrodon\n|-damage|p1b: Gastrodon|0 fnt\n|faint|p1b: Gastrodon\n|-damage|p2a: Fast?|1\/100|[from] item: Life Orb\n|move|p1a: Pelipper|Knock Off|p2b: Tall hair\n|-damage|p2b: Tall hair|33\/100\n|-enditem|p2b: Tall hair|Aguav Berry|[from] move: Knock Off|[of] p1a: Pelipper\n|\n|-weather|RainDance|[upkeep]\n|upkeep\n|\n|t:|1700298475\n|switch|p1b: Bronzong|Bronzong|100\/100\n|turn|3\n|\n|t:|1700298496\n|switch|p1a: Garganacl|Garganacl, M|100\/100\n|move|p2b: Tall hair|Psychic|p1b: Bronzong\n|-resisted|p1b: Bronzong\n|-damage|p1b: Bronzong|93\/100\n|move|p2a: Fast?|Thunder|p1a: Garganacl\n|-damage|p1a: Garganacl|22\/100\n|-damage|p2a: Fast?|0 fnt|[from] item: Life Orb\n|faint|p2a: Fast?\n|move|p1b: Bronzong|Heavy Slam|p2b: Tall hair\n|-supereffective|p2b: Tall hair\n|-damage|p2b: Tall hair|0 fnt\n|faint|p2b: Tall hair\n|\n|-weather|RainDance|[upkeep]\n|-heal|p1b: Bronzong|99\/100|[from] item: Leftovers\n|-heal|p1a: Garganacl|28\/100|[from] item: Leftovers\n|upkeep\n|\n|t:|1700298510\n|switch|p2b: SUS|Amoonguss, L99, M|100\/100\n|switch|p2a: Birb|Pelipper, M|100\/100\n|turn|4\n|\n|t:|1700298527\n|move|p2b: SUS|Spore|p1b: Bronzong\n|-status|p1b: Bronzong|slp|[from] move: Spore\n|cant|p1b: Bronzong|slp\n|move|p1a: Garganacl|Salt Cure|p2a: Birb\n|-supereffective|p2a: Birb\n|-damage|p2a: Birb|70\/100\n|-start|p2a: Birb|Salt Cure\n|move|p2a: Birb|Weather Ball|p1a: Garganacl\n|-supereffective|p1a: Garganacl\n|-damage|p1a: Garganacl|0 fnt\n|faint|p1a: Garganacl\n|\n|-weather|RainDance|[upkeep]\n|-heal|p1b: Bronzong|100\/100 slp|[from] item: Leftovers\n|-damage|p2a: Birb|45\/100|[from] Salt Cure\n|upkeep\n|\n|t:|1700298547\n|switch|p1a: Pelipper|Pelipper, F|38\/100\n|turn|5\n|\n|t:|1700298574\n|move|p2a: Birb|Helping Hand|p2b: SUS\n|-singleturn|p2b: SUS|Helping Hand|[of] p2a: Birb\n|move|p2b: SUS|Pollen Puff|p1a: Pelipper\n|-resisted|p1a: Pelipper\n|-damage|p1a: Pelipper|20\/100\n|-curestatus|p1b: Bronzong|slp|[msg]\n|move|p1b: Bronzong|Iron Defense|p1b: Bronzong\n|-boost|p1b: Bronzong|def|2\n|move|p1a: Pelipper|Hurricane|p2b: SUS\n|-supereffective|p2b: SUS\n|-damage|p2b: SUS|31\/100\n|-start|p2b: SUS|confusion\n|\n|-weather|none\n|-heal|p2b: SUS|38\/100|[from] item: Leftovers\n|-damage|p2a: Birb|21\/100|[from] Salt Cure\n|-fieldend|move: Trick Room\n|upkeep\n|turn|6\n|\n|t:|1700298597\n|-activate|p2b: SUS|confusion\n|move|p2b: SUS|Protect|p2b: SUS\n|-singleturn|p2b: SUS|Protect\n|move|p1a: Pelipper|Knock Off|p2a: Birb\n|-damage|p2a: Birb|7\/100\n|-enditem|p2a: Birb|Damp Rock|[from] move: Knock Off|[of] p1a: Pelipper\n|move|p2a: Birb|U-turn|p1b: Bronzong\n|-damage|p1b: Bronzong|97\/100\n|\n|t:|1700298606\n|switch|p2a: Googly eye|Dusclops, M|100\/100|[from] U-turn\n|-item|p1a: Pelipper|Mystic Water|[from] ability: Frisk|[of] p2a: Googly eye|[identify]\n|-item|p1b: Bronzong|Leftovers|[from] ability: Frisk|[of] p2a: Googly eye|[identify]\n|move|p1b: Bronzong|Heavy Slam|p2b: SUS\n|-activate|p2b: SUS|move: Protect\n|\n|-heal|p1b: Bronzong|100\/100|[from] item: Leftovers\n|-heal|p2b: SUS|44\/100|[from] item: Leftovers\n|upkeep\n|turn|7\n|\n|t:|1700298627\n|move|p1a: Pelipper|Knock Off|p2a: Googly eye\n|-supereffective|p2a: Googly eye\n|-damage|p2a: Googly eye|84\/100\n|-enditem|p2a: Googly eye|Eviolite|[from] move: Knock Off|[of] p1a: Pelipper\n|move|p1b: Bronzong|Heavy Slam|p2b: SUS\n|-damage|p2b: SUS|6\/100\n|-end|p2b: SUS|confusion\n|move|p2b: SUS|Pollen Puff|p1a: Pelipper\n|-resisted|p1a: Pelipper\n|-damage|p1a: Pelipper|9\/100\n|move|p2a: Googly eye|Trick Room|p2a: Googly eye\n|-fieldstart|move: Trick Room|[of] p2a: Googly eye\n|\n|-heal|p2b: SUS|12\/100|[from] item: Leftovers\n|upkeep\n|turn|8\n|\n|t:|1700298674\n|move|p2a: Googly eye|Phantom Force||[still]\n|-prepare|p2a: Googly eye|Phantom Force\n|move|p2b: SUS|Pollen Puff|p1a: Pelipper\n|-resisted|p1a: Pelipper\n|-damage|p1a: Pelipper|0 fnt\n|faint|p1a: Pelipper\n|move|p1b: Bronzong|Light Screen|p1b: Bronzong\n|-sidestart|p1: ganso009|move: Light Screen\n|\n|-heal|p2b: SUS|18\/100|[from] item: Leftovers\n|upkeep\n|inactive|Battle timer is ON: inactive players will automatically lose when time's up. (requested by Owegt)\n|\n|t:|1700298686\n|switch|p1a: Goodra|Goodra, F|100\/100\n|turn|9\n|\n|t:|1700298710\n|-terastallize|p1b: Bronzong|Electric\n|move|p2a: Googly eye|Phantom Force|p1b: Bronzong|[from]lockedmove\n|-damage|p1b: Bronzong|91\/100\n|move|p2b: SUS|Spore|p1b: Bronzong\n|-status|p1b: Bronzong|slp|[from] move: Spore\n|cant|p1b: Bronzong|slp\n|move|p1a: Goodra|Flamethrower|p2b: SUS\n|-supereffective|p2b: SUS\n|-damage|p2b: SUS|0 fnt\n|faint|p2b: SUS\n|\n|-heal|p1b: Bronzong|97\/100 slp|[from] item: Leftovers\n|upkeep\n|\n|t:|1700298721\n|switch|p2b: Shiny Hariyama..|Iron Hands|100\/100\n|turn|10\n|inactive|ganso009 has 120 seconds left.\n|\n|t:|1700298752\n|move|p2a: Googly eye|Helping Hand|p2b: Shiny Hariyama..\n|-singleturn|p2b: Shiny Hariyama..|Helping Hand|[of] p2a: Googly eye\n|-curestatus|p1b: Bronzong|slp|[msg]\n|move|p1b: Bronzong|Body Press|p2b: Shiny Hariyama..\n|-damage|p2b: Shiny Hariyama..|72\/100\n|move|p2b: Shiny Hariyama..|Earthquake|p1b: Bronzong|[spread] p2a,p1a\n|-immune|p1b: Bronzong|[from] ability: Levitate\n|-damage|p2a: Googly eye|34\/100\n|-damage|p1a: Goodra|20\/100\n|move|p1a: Goodra|Flamethrower|p2a: Googly eye\n|-damage|p2a: Googly eye|11\/100\n|\n|-heal|p1b: Bronzong|100\/100|[from] item: Leftovers\n|upkeep\n|turn|11\n|inactive|ganso009 has 120 seconds left.\n|\n|t:|1700298778\n|move|p2a: Googly eye|Pain Split|p1b: Bronzong\n|-sethp|p1b: Bronzong|55\/100|[from] move: Pain Split|[silent]\n|-sethp|p2a: Googly eye|65\/100|[from] move: Pain Split\n|move|p1b: Bronzong|Body Press|p2b: Shiny Hariyama..\n|-damage|p2b: Shiny Hariyama..|45\/100\n|move|p2b: Shiny Hariyama..|Drain Punch|p1b: Bronzong\n|-damage|p1b: Bronzong|31\/100\n|-heal|p2b: Shiny Hariyama..|53\/100|[from] drain|[of] p1b: Bronzong\n|move|p1a: Goodra|Surf|p2b: Shiny Hariyama..|[spread] p1b,p2a,p2b\n|-damage|p1b: Bronzong|22\/100\n|-damage|p2a: Googly eye|48\/100\n|-damage|p2b: Shiny Hariyama..|33\/100\n|\n|-heal|p1b: Bronzong|28\/100|[from] item: Leftovers\n|-fieldend|move: Trick Room\n|upkeep\n|turn|12\n|inactive|ganso009 has 120 seconds left.\n|\n|t:|1700298807\n|move|p2a: Googly eye|Helping Hand|p2b: Shiny Hariyama..\n|-singleturn|p2b: Shiny Hariyama..|Helping Hand|[of] p2a: Googly eye\n|move|p1a: Goodra|Flamethrower|p2a: Googly eye\n|-damage|p2a: Googly eye|27\/100\n|move|p2b: Shiny Hariyama..|Drain Punch|p1b: Bronzong\n|-damage|p1b: Bronzong|0 fnt\n|-heal|p2b: Shiny Hariyama..|42\/100|[from] drain|[of] p1b: Bronzong\n|faint|p1b: Bronzong\n|\n|-sideend|p1: ganso009|move: Light Screen\n|upkeep\n|inactive|ganso009 has 120 seconds left.\n|\n|t:|1700298817\n|switch|p1b: Ludicolo|Ludicolo, F|100\/100\n|turn|13\n|\n|t:|1700298836\n|move|p1a: Goodra|Surf|p2b: Shiny Hariyama..|[spread] p1b,p2a,p2b\n|-resisted|p1b: Ludicolo\n|-crit|p1b: Ludicolo\n|-damage|p1b: Ludicolo|90\/100\n|-damage|p2a: Googly eye|11\/100\n|-damage|p2b: Shiny Hariyama..|20\/100\n|move|p1b: Ludicolo|Giga Drain|p2a: Googly eye\n|-damage|p2a: Googly eye|0 fnt\n|-heal|p1b: Ludicolo|95\/100|[from] drain|[of] p2a: Googly eye\n|faint|p2a: Googly eye\n|-damage|p1b: Ludicolo|85\/100|[from] item: Life Orb\n|move|p2b: Shiny Hariyama..|Ice Punch|p1a: Goodra\n|-supereffective|p1a: Goodra\n|-damage|p1a: Goodra|0 fnt\n|faint|p1a: Goodra\n|\n|upkeep\n|\n|t:|1700298839\n|switch|p2a: Birb|Pelipper, M|7\/100\n|-weather|RainDance|[from] ability: Drizzle|[of] p2a: Birb\n|turn|14\n|\n|t:|1700298856\n|move|p1b: Ludicolo|Ice Beam|p2a: Birb\n|-damage|p2a: Birb|0 fnt\n|faint|p2a: Birb\n|-damage|p1b: Ludicolo|75\/100|[from] item: Life Orb\n|move|p2b: Shiny Hariyama..|Drain Punch|p1b: Ludicolo\n|-damage|p1b: Ludicolo|0 fnt\n|-heal|p2b: Shiny Hariyama..|42\/100|[from] drain|[of] p1b: Ludicolo\n|faint|p1b: Ludicolo\n|\n|win|Owegt\n|raw|ganso009's rating: 1127 &rarr; <strong>1106<\/strong><br \/>(-21 for losing)\n|raw|Owegt's rating: 1182 &rarr; <strong>1203<\/strong><br \/>(+21 for winning)\n|c|\u2606Owegt|gg\n|l|\u2606ganso009\n","uploadtime":1700298889,"views":6,"p1id":"ganso009","p2id":"owegt","formatid":"gen9doublesou","rating":1106,"private":0,"password":""}