{"id":"gen9doublesou-1998935436","p1":"tzk 394","p2":"Forzarismo","format":"[Gen 9] Doubles OU","log":"|j|\u2606tzk 394\n|j|\u2606Forzarismo\n|t:|1701015047\n|gametype|doubles\n|player|p1|tzk 394|102|1442\n|player|p2|Forzarismo|veteran|1323\n|teamsize|p1|6\n|teamsize|p2|6\n|gen|9\n|tier|[Gen 9] Doubles OU\n|rated|\n|rule|Species Clause: Limit one of each Pok\u00e9mon\n|rule|OHKO Clause: OHKO moves are banned\n|rule|Evasion Moves Clause: Evasion moves are banned\n|rule|Gravity Sleep Clause: The combination of sleep-inducing moves with imperfect accuracy and Gravity or Gigantamax Orbeetle are banned\n|rule|Endless Battle Clause: Forcing endless battles is banned\n|rule|HP Percentage Mod: HP is shown in percentages\n|clearpoke\n|poke|p1|Scream Tail|\n|poke|p1|Diancie, L99|\n|poke|p1|Mew|\n|poke|p1|Ursaluna, L99, F|\n|poke|p1|Iron Bundle|\n|poke|p1|Moltres-Galar|\n|poke|p2|Pincurchin, M|\n|poke|p2|Iron Leaves|\n|poke|p2|Iron Bundle|\n|poke|p2|Iron Moth|\n|poke|p2|Iron Hands|\n|poke|p2|Iron Valiant|\n|teampreview\n|\n|t:|1701015078\n|start\n|switch|p1a: Scream Tail|Scream Tail|100\/100\n|switch|p1b: Iron Bundle|Iron Bundle|100\/100\n|switch|p2a: Pincurchin|Pincurchin, M|100\/100\n|switch|p2b: Iron Valiant|Iron Valiant|100\/100\n|-fieldstart|move: Electric Terrain|[from] ability: Electric Surge|[of] p2a: Pincurchin\n|-activate|p1b: Iron Bundle|ability: Quark Drive\n|-start|p1b: Iron Bundle|quarkdrivespa\n|-activate|p2b: Iron Valiant|ability: Quark Drive\n|-start|p2b: Iron Valiant|quarkdrivespe\n|turn|1\n|inactive|Battle timer is ON: inactive players will automatically lose when time's up. (requested by tzk 394)\n|inactive|tzk 394 has 120 seconds left.\n|\n|t:|1701015110\n|-terastallize|p2b: Iron Valiant|Electric\n|move|p2b: Iron Valiant|Charge Beam|p1b: Iron Bundle\n|-supereffective|p1b: Iron Bundle\n|-damage|p1b: Iron Bundle|0 fnt\n|-boost|p2b: Iron Valiant|spa|1\n|faint|p1b: Iron Bundle\n|-end|p1b: Iron Bundle|Quark Drive|[silent]\n|-damage|p2b: Iron Valiant|91\/100|[from] item: Life Orb\n|move|p2a: Pincurchin|Acupressure|p2b: Iron Valiant\n|-boost|p2b: Iron Valiant|spa|2\n|move|p1a: Scream Tail|Trick Room|p1a: Scream Tail\n|-fieldstart|move: Trick Room|[of] p1a: Scream Tail\n|\n|upkeep\n|\n|t:|1701015121\n|switch|p1b: Ursaluna|Ursaluna, L99, F|100\/100\n|turn|2\n|\n|t:|1701015147\n|-end|p1a: Scream Tail|Protosynthesis|[silent]\n|switch|p1a: Moltres|Moltres-Galar|100\/100\n|move|p2a: Pincurchin|Curse|p2a: Pincurchin\n|-unboost|p2a: Pincurchin|spe|1\n|-boost|p2a: Pincurchin|atk|1\n|-boost|p2a: Pincurchin|def|1\n|move|p1b: Ursaluna|Earthquake|p2b: Iron Valiant|[spread] p2a,p2b\n|-immune|p1a: Moltres\n|-supereffective|p2a: Pincurchin\n|-supereffective|p2b: Iron Valiant\n|-damage|p2a: Pincurchin|34\/100\n|-damage|p2b: Iron Valiant|0 fnt\n|faint|p2b: Iron Valiant\n|-end|p2b: Iron Valiant|Quark Drive|[silent]\n|\n|-status|p1b: Ursaluna|brn|[from] item: Flame Orb\n|upkeep\n|\n|t:|1701015157\n|switch|p2b: Iron Hands|Iron Hands|100\/100\n|-activate|p2b: Iron Hands|ability: Quark Drive\n|-start|p2b: Iron Hands|quarkdriveatk\n|turn|3\n|inactive|tzk 394 has 120 seconds left.\n|inactive|tzk 394 has 90 seconds left.\n|inactive|tzk 394 has 60 seconds left.\n|\n|t:|1701015252\n|-terastallize|p1a: Moltres|Fire\n|move|p2b: Iron Hands|Fake Out|p1b: Ursaluna\n|-damage|p1b: Ursaluna|81\/100 brn\n|-damage|p2b: Iron Hands|91\/100|[from] item: Life Orb\n|move|p2a: Pincurchin|Zing Zap|p1a: Moltres\n|-damage|p1a: Moltres|34\/100\n|-ability|p1a: Moltres|Berserk|boost\n|-boost|p1a: Moltres|spa|1\n|cant|p1b: Ursaluna|flinch\n|cant|p1a: Moltres|flinch\n|\n|-damage|p1b: Ursaluna|75\/100 brn|[from] brn\n|upkeep\n|turn|4\n|\n|t:|1701015279\n|move|p1a: Moltres|Protect|p1a: Moltres\n|-singleturn|p1a: Moltres|Protect\n|move|p2a: Pincurchin|Zing Zap|p1a: Moltres\n|-activate|p1a: Moltres|move: Protect\n|move|p1b: Ursaluna|Earthquake|p2b: Iron Hands|[spread] p2a,p2b\n|-activate|p1a: Moltres|move: Protect\n|-supereffective|p2a: Pincurchin\n|-supereffective|p2b: Iron Hands\n|-damage|p2a: Pincurchin|0 fnt\n|-damage|p2b: Iron Hands|11\/100\n|faint|p2a: Pincurchin\n|move|p2b: Iron Hands|Drain Punch|p1b: Ursaluna\n|-supereffective|p1b: Ursaluna\n|-damage|p1b: Ursaluna|0 fnt\n|-heal|p2b: Iron Hands|44\/100|[from] drain|[of] p1b: Ursaluna\n|faint|p1b: Ursaluna\n|-damage|p2b: Iron Hands|34\/100|[from] item: Life Orb\n|\n|upkeep\n|\n|t:|1701015303\n|switch|p2a: Iron Moth|Iron Moth|100\/100\n|switch|p1b: Diancie|Diancie, L99|100\/100\n|-activate|p2a: Iron Moth|ability: Quark Drive\n|-start|p2a: Iron Moth|quarkdrivespa\n|turn|5\n|inactive|tzk 394 has 90 seconds left.\n|-message|tzk 394 forfeited.\n|\n|win|Forzarismo\n|raw|tzk 394's rating: 1442 &rarr; <strong>1415<\/strong><br \/>(-27 for losing)\n|raw|Forzarismo's rating: 1323 &rarr; <strong>1350<\/strong><br \/>(+27 for winning)\n|l|\u2606tzk 394\n","uploadtime":1701015317,"views":5,"p1id":"tzk394","p2id":"forzarismo","formatid":"gen9doublesou","rating":1350,"private":0,"password":""}