{"id":"gen9doublesou-1998474106","p1":"Petervgo","p2":"Bluesnowflakes","format":"[Gen 9] Doubles OU","log":"|j|\u2606Petervgo\n|j|\u2606Bluesnowflakes\n|t:|1700946367\n|gametype|doubles\n|player|p1|Petervgo|ingo|1096\n|player|p2|Bluesnowflakes|waitress-gen4|1128\n|teamsize|p1|6\n|teamsize|p2|6\n|gen|9\n|tier|[Gen 9] Doubles OU\n|rated|\n|rule|Species Clause: Limit one of each Pok\u00e9mon\n|rule|OHKO Clause: OHKO moves are banned\n|rule|Evasion Moves Clause: Evasion moves are banned\n|rule|Gravity Sleep Clause: The combination of sleep-inducing moves with imperfect accuracy and Gravity or Gigantamax Orbeetle are banned\n|rule|Endless Battle Clause: Forcing endless battles is banned\n|rule|HP Percentage Mod: HP is shown in percentages\n|clearpoke\n|poke|p1|Appletun, M|\n|poke|p1|Bronzong|\n|poke|p1|Diancie|\n|poke|p1|Ogerpon-Hearthflame, F|\n|poke|p1|Roaring Moon|\n|poke|p1|Torkoal, M|\n|poke|p2|Murkrow, M|\n|poke|p2|Sylveon, F|\n|poke|p2|Basculegion-F, F|\n|poke|p2|Sinistcha-Masterpiece|\n|poke|p2|Maushold-Four|\n|poke|p2|Volcarona, M|\n|teampreview\n|\n|t:|1700946390\n|start\n|switch|p1a: Diancie|Diancie|100\/100\n|switch|p1b: Ogerpon|Ogerpon-Hearthflame, F|100\/100\n|switch|p2a: Murkrow|Murkrow, M|100\/100\n|switch|p2b: Sylveon|Sylveon, F, shiny|100\/100\n|-ability|p1b: Ogerpon|Mold Breaker\n|turn|1\n|\n|t:|1700946406\n|move|p2a: Murkrow|Tailwind|p2a: Murkrow\n|-sidestart|p2: Bluesnowflakes|move: Tailwind\n|move|p1b: Ogerpon|Knock Off|p2a: Murkrow\n|-resisted|p2a: Murkrow\n|-damage|p2a: Murkrow|51\/100\n|-damage|p1b: Ogerpon|84\/100|[from] item: Rocky Helmet|[of] p2a: Murkrow\n|-enditem|p2a: Murkrow|Rocky Helmet|[from] move: Knock Off|[of] p1b: Ogerpon\n|move|p2b: Sylveon|Yawn|p1b: Ogerpon\n|-start|p1b: Ogerpon|move: Yawn|[of] p2b: Sylveon\n|move|p1a: Diancie|Diamond Storm|p2b: Sylveon|[spread] p2a,p2b\n|-supereffective|p2a: Murkrow\n|-damage|p2a: Murkrow|0 fnt\n|-damage|p2b: Sylveon|68\/100\n|faint|p2a: Murkrow\n|\n|upkeep\n|\n|t:|1700946425\n|switch|p2a: Maushold|Maushold-Four|100\/100\n|turn|2\n|\n|t:|1700946444\n|switch|p1b: Bronzong|Bronzong, shiny|100\/100\n|move|p2a: Maushold|Super Fang|p1a: Diancie\n|-damage|p1a: Diancie|51\/100\n|move|p2b: Sylveon|Yawn|p1a: Diancie\n|-start|p1a: Diancie|move: Yawn|[of] p2b: Sylveon\n|move|p1a: Diancie|Diamond Storm|p2b: Sylveon|[spread] p2a,p2b\n|-damage|p2a: Maushold|58\/100\n|-damage|p2b: Sylveon|34\/100\n|\n|upkeep\n|turn|3\n|\n|t:|1700946466\n|move|p2b: Sylveon|Helping Hand|p2a: Maushold\n|-singleturn|p2a: Maushold|Helping Hand|[of] p2b: Sylveon\n|move|p2a: Maushold|Population Bomb|p1b: Bronzong\n|-resisted|p1b: Bronzong\n|-damage|p1b: Bronzong|93\/100\n|-resisted|p1b: Bronzong\n|-damage|p1b: Bronzong|86\/100\n|-resisted|p1b: Bronzong\n|-damage|p1b: Bronzong|78\/100\n|-resisted|p1b: Bronzong\n|-damage|p1b: Bronzong|71\/100\n|-resisted|p1b: Bronzong\n|-damage|p1b: Bronzong|64\/100\n|-resisted|p1b: Bronzong\n|-damage|p1b: Bronzong|56\/100\n|-resisted|p1b: Bronzong\n|-damage|p1b: Bronzong|49\/100\n|-resisted|p1b: Bronzong\n|-damage|p1b: Bronzong|43\/100\n|-resisted|p1b: Bronzong\n|-damage|p1b: Bronzong|35\/100\n|-resisted|p1b: Bronzong\n|-damage|p1b: Bronzong|28\/100\n|-hitcount|p1b: Bronzong|10\n|move|p1a: Diancie|Diamond Storm|p2b: Sylveon|[spread] p2a,p2b\n|-damage|p2a: Maushold|17\/100\n|-damage|p2b: Sylveon|2\/100\n|-boost|p1a: Diancie|def|2\n|move|p1b: Bronzong|Trick Room|p1b: Bronzong\n|-fieldstart|move: Trick Room|[of] p1b: Bronzong\n|\n|-end|p1a: Diancie|move: Yawn|[silent]\n|-status|p1a: Diancie|slp\n|upkeep\n|turn|4\n|\n|t:|1700946499\n|move|p1b: Bronzong|Flash Cannon|p2a: Maushold\n|-damage|p2a: Maushold|0 fnt\n|faint|p2a: Maushold\n|cant|p1a: Diancie|slp\n|move|p2b: Sylveon|Hyper Voice|p1b: Bronzong|[spread] p1a,p1b\n|-resisted|p1b: Bronzong\n|-damage|p1a: Diancie|27\/100 slp\n|-damage|p1b: Bronzong|14\/100\n|-enditem|p1a: Diancie|Sitrus Berry|[eat]\n|-heal|p1a: Diancie|51\/100 slp|[from] item: Sitrus Berry\n|\n|-sideend|p2: Bluesnowflakes|move: Tailwind\n|upkeep\n|\n|t:|1700946509\n|switch|p2a: Sinistcha|Sinistcha-Masterpiece|100\/100\n|-heal|p2b: Sylveon|27\/100|[from] ability: Hospitality|[of] p2a: Sinistcha\n|turn|5\n|\n|t:|1700946525\n|move|p1b: Bronzong|Light Screen|p1b: Bronzong\n|-sidestart|p1: Petervgo|move: Light Screen\n|cant|p1a: Diancie|slp\n|move|p2b: Sylveon|Hyper Voice|p1a: Diancie|[spread] p1a,p1b\n|-resisted|p1b: Bronzong\n|-damage|p1a: Diancie|35\/100 slp\n|-damage|p1b: Bronzong|5\/100\n|move|p2a: Sinistcha|Trick Room|p2a: Sinistcha\n|-fieldend|move: Trick Room\n|\n|upkeep\n|turn|6\n|\n|t:|1700946539\n|move|p2a: Sinistcha|Matcha Gotcha|p1b: Bronzong|[spread] p1a,p1b\n|-supereffective|p1a: Diancie\n|-resisted|p1b: Bronzong\n|-damage|p1a: Diancie|17\/100 slp\n|-damage|p1b: Bronzong|0 fnt\n|faint|p1b: Bronzong\n|move|p2b: Sylveon|Hyper Voice|p1a: Diancie\n|-damage|p1a: Diancie|0 fnt\n|faint|p1a: Diancie\n|\n|upkeep\n|\n|t:|1700946554\n|switch|p1a: Roaring Moon|Roaring Moon|100\/100\n|switch|p1b: Ogerpon|Ogerpon-Hearthflame, F|84\/100\n|-ability|p1b: Ogerpon|Mold Breaker\n|-enditem|p1a: Roaring Moon|Booster Energy\n|-activate|p1a: Roaring Moon|ability: Protosynthesis|[fromitem]\n|-start|p1a: Roaring Moon|protosynthesisatk\n|turn|7\n|\n|t:|1700946585\n|-terastallize|p1b: Ogerpon|Fire\n|detailschange|p1b: Ogerpon|Ogerpon-Hearthflame-Tera, F, tera:Fire\n|-ability|p1b: Ogerpon|Embody Aspect (Hearthflame)|boost\n|-boost|p1b: Ogerpon|atk|1\n|move|p2a: Sinistcha|Rage Powder|p2a: Sinistcha\n|-singleturn|p2a: Sinistcha|move: Rage Powder\n|move|p1b: Ogerpon|Ivy Cudgel|p2a: Sinistcha|[anim] Ivy Cudgel Fire\n|-supereffective|p2a: Sinistcha\n|-damage|p2a: Sinistcha|0 fnt\n|faint|p2a: Sinistcha\n|move|p1a: Roaring Moon|Crunch|p2b: Sylveon\n|-resisted|p2b: Sylveon\n|-damage|p2b: Sylveon|0 fnt\n|faint|p2b: Sylveon\n|\n|upkeep\n|\n|t:|1700946600\n|switch|p2a: Volcarona|Volcarona, M|100\/100\n|switch|p2b: Basculegion|Basculegion-F, F|100\/100\n|turn|8\n|\n|t:|1700946620\n|move|p2b: Basculegion|Last Respects|p1b: Ogerpon\n|-damage|p1b: Ogerpon|0 fnt\n|faint|p1b: Ogerpon\n|move|p1a: Roaring Moon|Acrobatics|p2a: Volcarona\n|-supereffective|p2a: Volcarona\n|-damage|p2a: Volcarona|0 fnt\n|faint|p2a: Volcarona\n|\n|upkeep\n|\n|t:|1700946629\n|switch|p1b: Torkoal|Torkoal, M|100\/100\n|-weather|SunnyDay|[from] ability: Drought|[of] p1b: Torkoal\n|turn|9\n|\n|t:|1700946654\n|-terastallize|p2b: Basculegion|Ghost\n|move|p2b: Basculegion|Last Respects|p1a: Roaring Moon\n|-resisted|p1a: Roaring Moon\n|-damage|p1a: Roaring Moon|0 fnt\n|faint|p1a: Roaring Moon\n|-end|p1a: Roaring Moon|Protosynthesis|[silent]\n|move|p1b: Torkoal|Lava Plume|p2b: Basculegion\n|-damage|p2b: Basculegion|40\/100\n|\n|-weather|SunnyDay|[upkeep]\n|upkeep\n|\n|t:|1700946664\n|switch|p1a: Appletun|Appletun, M|100\/100\n|turn|10\n|\n|t:|1700946672\n|move|p2b: Basculegion|Last Respects|p1b: Torkoal\n|-damage|p1b: Torkoal|0 fnt\n|faint|p1b: Torkoal\n|move|p1a: Appletun|Dragon Pulse|p2b: Basculegion\n|-damage|p2b: Basculegion|3\/100\n|\n|-weather|SunnyDay|[upkeep]\n|upkeep\n|turn|11\n|\n|t:|1700946688\n|move|p2b: Basculegion|Last Respects|p1a: Appletun\n|-damage|p1a: Appletun|0 fnt\n|faint|p1a: Appletun\n|\n|win|Bluesnowflakes\n|raw|Petervgo's rating: 1096 &rarr; <strong>1074<\/strong><br \/>(-22 for losing)\n|raw|Bluesnowflakes's rating: 1128 &rarr; <strong>1151<\/strong><br \/>(+23 for winning)\n|l|\u2606Petervgo\n","uploadtime":1700946715,"views":21,"p1id":"petervgo","p2id":"bluesnowflakes","formatid":"gen9doublesou","rating":1074,"private":0,"password":""}