{"id":"gen9doublesou-1981843048","p1":"letsbegood","p2":"edka","format":"[Gen 9] Doubles OU","log":"|j|\u2606letsbegood\n|j|\u2606edka\n|t:|1698945791\n|gametype|doubles\n|player|p1|letsbegood|psychicf-gen4|1158\n|player|p2|edka|hoopster|1034\n|teamsize|p1|6\n|teamsize|p2|6\n|gen|9\n|tier|[Gen 9] Doubles OU\n|rated|\n|rule|Species Clause: Limit one of each Pok\u00e9mon\n|rule|OHKO Clause: OHKO moves are banned\n|rule|Evasion Moves Clause: Evasion moves are banned\n|rule|Gravity Sleep Clause: The combination of sleep-inducing moves with imperfect accuracy and Gravity or Gigantamax Orbeetle are banned\n|rule|Endless Battle Clause: Forcing endless battles is banned\n|rule|HP Percentage Mod: HP is shown in percentages\n|clearpoke\n|poke|p1|Fezandipiti, M|\n|poke|p1|Bisharp, M|\n|poke|p1|Gholdengo|\n|poke|p1|Garganacl, F|\n|poke|p1|Amoonguss, M|\n|poke|p1|Sinistcha-Masterpiece|\n|poke|p2|Chien-Pao|\n|poke|p2|Tornadus, M|\n|poke|p2|Arcanine-Hisui, M|\n|poke|p2|Ogerpon, F|\n|poke|p2|Dondozo, F|\n|poke|p2|Flutter Mane|\n|teampreview\n|inactive|Battle timer is ON: inactive players will automatically lose when time's up. (requested by letsbegood)\n|inactive|edka has 120 seconds left.\n|\n|t:|1698945822\n|start\n|switch|p1a: Fezandipiti|Fezandipiti, M|100\/100\n|switch|p1b: Garganacl|Garganacl, F, shiny|100\/100\n|switch|p2a: Tornadus|Tornadus, M, shiny|100\/100\n|switch|p2b: Ogerpon|Ogerpon, F|100\/100\n|turn|1\n|inactive|edka has 120 seconds left.\n|\n|t:|1698945859\n|move|p2b: Ogerpon|Spiky Shield|p2b: Ogerpon\n|-singleturn|p2b: Ogerpon|move: Protect\n|move|p2a: Tornadus|Tailwind|p2a: Tornadus\n|-sidestart|p2: edka|move: Tailwind\n|move|p1a: Fezandipiti|Tailwind|p1a: Fezandipiti\n|-sidestart|p1: letsbegood|move: Tailwind\n|move|p1b: Garganacl|Salt Cure|p2a: Tornadus\n|-supereffective|p2a: Tornadus\n|-damage|p2a: Tornadus|64\/100\n|-start|p2a: Tornadus|Salt Cure\n|\n|-damage|p2a: Tornadus|52\/100|[from] Salt Cure\n|upkeep\n|turn|2\n|\n|t:|1698945877\n|move|p2a: Tornadus|Scary Face|p1a: Fezandipiti\n|-unboost|p1a: Fezandipiti|spe|2\n|move|p2b: Ogerpon|Bullet Seed|p1b: Garganacl\n|-supereffective|p1b: Garganacl\n|-damage|p1b: Garganacl|84\/100\n|-supereffective|p1b: Garganacl\n|-damage|p1b: Garganacl|68\/100\n|-supereffective|p1b: Garganacl\n|-damage|p1b: Garganacl|53\/100\n|-supereffective|p1b: Garganacl\n|-damage|p1b: Garganacl|36\/100\n|-enditem|p1b: Garganacl|Sitrus Berry|[eat]\n|-heal|p1b: Garganacl|60\/100|[from] item: Sitrus Berry\n|-supereffective|p1b: Garganacl\n|-damage|p1b: Garganacl|45\/100\n|-hitcount|p1b: Garganacl|5\n|move|p1a: Fezandipiti|Swords Dance|p1a: Fezandipiti\n|-boost|p1a: Fezandipiti|atk|2\n|move|p1b: Garganacl|Salt Cure|p2b: Ogerpon\n|-damage|p2b: Ogerpon|83\/100\n|-start|p2b: Ogerpon|Salt Cure\n|\n|-damage|p2b: Ogerpon|71\/100|[from] Salt Cure\n|-damage|p2a: Tornadus|39\/100|[from] Salt Cure\n|upkeep\n|turn|3\n|inactive|letsbegood has 120 seconds left.\n|\n|t:|1698945915\n|switch|p1b: Bisharp|Bisharp, M|100\/100\n|move|p1a: Fezandipiti|Protect|p1a: Fezandipiti\n|-singleturn|p1a: Fezandipiti|Protect\n|move|p2b: Ogerpon|Bullet Seed|p1b: Bisharp\n|-resisted|p1b: Bisharp\n|-damage|p1b: Bisharp|97\/100\n|-resisted|p1b: Bisharp\n|-damage|p1b: Bisharp|93\/100\n|-resisted|p1b: Bisharp\n|-damage|p1b: Bisharp|89\/100\n|-resisted|p1b: Bisharp\n|-damage|p1b: Bisharp|86\/100\n|-resisted|p1b: Bisharp\n|-damage|p1b: Bisharp|82\/100\n|-hitcount|p1b: Bisharp|5\n|move|p2a: Tornadus|Bleakwind Storm|p1b: Bisharp|[spread] p1b\n|-activate|p1a: Fezandipiti|move: Protect\n|-resisted|p1b: Bisharp\n|-damage|p1b: Bisharp|68\/100\n|\n|-damage|p2b: Ogerpon|59\/100|[from] Salt Cure\n|-damage|p2a: Tornadus|27\/100|[from] Salt Cure\n|upkeep\n|turn|4\n|inactive|letsbegood has 120 seconds left.\n|inactive|edka has 120 seconds left.\n|inactive|edka has 90 seconds left.\n|inactive|edka has 60 seconds left.\n|\n|t:|1698946013\n|switch|p2b: Arcanine|Arcanine-Hisui, M, shiny|100\/100\n|-ability|p2b: Arcanine|Intimidate|boost\n|-unboost|p1a: Fezandipiti|atk|1\n|-unboost|p1b: Bisharp|atk|1\n|-ability|p1b: Bisharp|Defiant|boost\n|-boost|p1b: Bisharp|atk|2\n|switch|p2a: Dondozo|Dondozo, F|100\/100\n|move|p1b: Bisharp|Sucker Punch||[still]\n|-fail|p1b: Bisharp\n|move|p1a: Fezandipiti|Beat Up|p2b: Arcanine\n|-damage|p2b: Arcanine|90\/100\n|-damage|p2b: Arcanine|76\/100\n|-damage|p2b: Arcanine|68\/100\n|-damage|p2b: Arcanine|56\/100\n|-damage|p2b: Arcanine|45\/100\n|-damage|p2b: Arcanine|37\/100\n|-hitcount|p2b: Arcanine|6\n|\n|-sideend|p1: letsbegood|move: Tailwind\n|-sideend|p2: edka|move: Tailwind\n|upkeep\n|turn|5\n|inactive|letsbegood has 120 seconds left.\n|inactive|edka has 60 seconds left.\n|\n|t:|1698946048\n|move|p2b: Arcanine|Flare Blitz|p1b: Bisharp\n|-supereffective|p1b: Bisharp\n|-damage|p1b: Bisharp|0 fnt\n|faint|p1b: Bisharp\n|-damage|p2b: Arcanine|15\/100|[from] Recoil\n|move|p1a: Fezandipiti|Tailwind|p1a: Fezandipiti\n|-sidestart|p1: letsbegood|move: Tailwind\n|move|p2a: Dondozo|Yawn|p1a: Fezandipiti\n|-start|p1a: Fezandipiti|move: Yawn|[of] p2a: Dondozo\n|\n|upkeep\n|\n|t:|1698946061\n|switch|p1b: Garganacl|Garganacl, F, shiny|45\/100\n|turn|6\n|inactive|edka has 60 seconds left.\n|\n|t:|1698946082\n|switch|p1a: Sinistcha|Sinistcha-Masterpiece|100\/100\n|-heal|p1b: Garganacl|70\/100|[from] ability: Hospitality|[of] p1a: Sinistcha\n|move|p2b: Arcanine|Flare Blitz|p1a: Sinistcha\n|-supereffective|p1a: Sinistcha\n|-damage|p1a: Sinistcha|0 fnt\n|faint|p1a: Sinistcha\n|-damage|p2b: Arcanine|0 fnt|[from] Recoil\n|faint|p2b: Arcanine\n|move|p1b: Garganacl|Salt Cure|p2a: Dondozo\n|-damage|p2a: Dondozo|95\/100\n|-start|p2a: Dondozo|Salt Cure\n|move|p2a: Dondozo|Heavy Slam|p1b: Garganacl\n|-supereffective|p1b: Garganacl\n|-damage|p1b: Garganacl|57\/100\n|\n|-heal|p2a: Dondozo|100\/100|[from] item: Leftovers\n|-damage|p2a: Dondozo|75\/100|[from] Salt Cure\n|upkeep\n|\n|t:|1698946105\n|switch|p2b: Ogerpon|Ogerpon, F|59\/100\n|switch|p1a: Gholdengo|Gholdengo, shiny|100\/100\n|turn|7\n|inactive|edka has 90 seconds left.\n|\n|t:|1698946130\n|switch|p1b: Amoonguss|Amoonguss, M|100\/100\n|move|p1a: Gholdengo|Make It Rain|p2a: Dondozo|[spread] p2a,p2b\n|-resisted|p2a: Dondozo\n|-damage|p2a: Dondozo|38\/100\n|-damage|p2b: Ogerpon|0 fnt\n|-unboost|p1a: Gholdengo|spa|1\n|faint|p2b: Ogerpon\n|move|p2a: Dondozo|Wave Crash|p1b: Amoonguss\n|-resisted|p1b: Amoonguss\n|-damage|p1b: Amoonguss|80\/100\n|-damage|p2a: Dondozo|33\/100|[from] Recoil\n|\n|-heal|p1b: Amoonguss|87\/100|[from] item: Black Sludge\n|-heal|p2a: Dondozo|39\/100|[from] item: Leftovers\n|-damage|p2a: Dondozo|14\/100|[from] Salt Cure\n|upkeep\n|inactive|edka has 60 seconds left.\n|\n|t:|1698946151\n|switch|p2b: Chien-Pao|Chien-Pao|100\/100\n|-ability|p2b: Chien-Pao|Sword of Ruin\n|turn|8\n|\n|t:|1698946171\n|move|p2b: Chien-Pao|Protect|p2b: Chien-Pao\n|-singleturn|p2b: Chien-Pao|Protect\n|move|p2a: Dondozo|Protect|p2a: Dondozo\n|-singleturn|p2a: Dondozo|Protect\n|move|p1b: Amoonguss|Rage Powder|p1b: Amoonguss\n|-singleturn|p1b: Amoonguss|move: Rage Powder\n|move|p1a: Gholdengo|Make It Rain|p2a: Dondozo|[spread] \n|-activate|p2a: Dondozo|move: Protect\n|-activate|p2b: Chien-Pao|move: Protect\n|\n|-heal|p1b: Amoonguss|93\/100|[from] item: Black Sludge\n|-heal|p2a: Dondozo|21\/100|[from] item: Leftovers\n|-damage|p2a: Dondozo|0 fnt|[from] Salt Cure\n|faint|p2a: Dondozo\n|-sideend|p1: letsbegood|move: Tailwind\n|upkeep\n|inactive|edka has 60 seconds left.\n|\n|t:|1698946187\n|switch|p2a: Flutter Mane|Flutter Mane, shiny|100\/100\n|-enditem|p2a: Flutter Mane|Booster Energy\n|-activate|p2a: Flutter Mane|ability: Protosynthesis|[fromitem]\n|-start|p2a: Flutter Mane|protosynthesisspa\n|turn|9\n|inactive|edka has 60 seconds left.\n|\n|t:|1698946212\n|switch|p2b: Tornadus|Tornadus, M, shiny|27\/100\n|move|p1b: Amoonguss|Rage Powder|p1b: Amoonguss\n|-singleturn|p1b: Amoonguss|move: Rage Powder\n|move|p2a: Flutter Mane|Shadow Ball|p1b: Amoonguss\n|-damage|p1b: Amoonguss|45\/100\n|move|p1a: Gholdengo|Make It Rain|p2b: Tornadus|[spread] p2a,p2b\n|-supereffective|p2a: Flutter Mane\n|-damage|p2a: Flutter Mane|8\/100\n|-damage|p2b: Tornadus|0 fnt\n|-unboost|p1a: Gholdengo|spa|1\n|faint|p2b: Tornadus\n|\n|-heal|p1b: Amoonguss|51\/100|[from] item: Black Sludge\n|upkeep\n|inactive|edka has 60 seconds left.\n|\n|t:|1698946228\n|switch|p2b: Chien-Pao|Chien-Pao|100\/100\n|-ability|p2b: Chien-Pao|Sword of Ruin\n|turn|10\n|\n|t:|1698946242\n|switch|p1a: Garganacl|Garganacl, F, shiny|57\/100\n|switch|p1b: Fezandipiti|Fezandipiti, M|100\/100\n|move|p2b: Chien-Pao|Icicle Crash|p1a: Garganacl\n|-crit|p1a: Garganacl\n|-damage|p1a: Garganacl|5\/100\n|move|p2a: Flutter Mane|Shadow Ball|p1a: Garganacl\n|-damage|p1a: Garganacl|0 fnt\n|faint|p1a: Garganacl\n|\n|upkeep\n|\n|t:|1698946258\n|switch|p1a: Gholdengo|Gholdengo, shiny|100\/100\n|turn|11\n|inactive|edka has 90 seconds left.\n|\n|t:|1698946284\n|-terastallize|p1a: Gholdengo|Water\n|move|p2b: Chien-Pao|Icicle Crash|p1b: Fezandipiti\n|-damage|p1b: Fezandipiti|35\/100\n|-enditem|p1b: Fezandipiti|Sitrus Berry|[eat]\n|-heal|p1b: Fezandipiti|60\/100|[from] item: Sitrus Berry\n|move|p1b: Fezandipiti|Tailwind|p1b: Fezandipiti\n|-sidestart|p1: letsbegood|move: Tailwind\n|move|p1a: Gholdengo|Make It Rain|p2a: Flutter Mane|[spread] p2a,p2b\n|-supereffective|p2a: Flutter Mane\n|-supereffective|p2b: Chien-Pao\n|-damage|p2a: Flutter Mane|0 fnt\n|-enditem|p2b: Chien-Pao|Focus Sash\n|-damage|p2b: Chien-Pao|1\/100\n|-unboost|p1a: Gholdengo|spa|1\n|faint|p2a: Flutter Mane\n|-end|p2a: Flutter Mane|Protosynthesis|[silent]\n|\n|upkeep\n|turn|12\n|\n|t:|1698946305\n|move|p1b: Fezandipiti|Beat Up|p2b: Chien-Pao\n|-resisted|p2b: Chien-Pao\n|-damage|p2b: Chien-Pao|0 fnt\n|faint|p2b: Chien-Pao\n|-hitcount|p2: Chien-Pao|1\n|\n|win|letsbegood\n|raw|letsbegood's rating: 1158 &rarr; <strong>1174<\/strong><br \/>(+16 for winning)\n|raw|edka's rating: 1034 &rarr; <strong>1024<\/strong><br \/>(-10 for losing)\n","uploadtime":1698946311,"views":25,"p1id":"letsbegood","p2id":"edka","formatid":"gen9doublesou","rating":1024,"private":0,"password":""}