{"id":"gen9doublesou-1990830695","p1":"Dendroseris","p2":"Critian Caceorte","format":"[Gen 9] Doubles OU","log":"|j|\u2606Dendroseris\n|j|\u2606Critian Caceorte\n|t:|1700005286\n|gametype|doubles\n|player|p1|Dendroseris|riley|1319\n|player|p2|Critian Caceorte|hilda|1302\n|teamsize|p1|6\n|teamsize|p2|6\n|gen|9\n|tier|[Gen 9] Doubles OU\n|rated|\n|rule|Species Clause: Limit one of each Pok\u00e9mon\n|rule|OHKO Clause: OHKO moves are banned\n|rule|Evasion Moves Clause: Evasion moves are banned\n|rule|Gravity Sleep Clause: The combination of sleep-inducing moves with imperfect accuracy and Gravity or Gigantamax Orbeetle are banned\n|rule|Endless Battle Clause: Forcing endless battles is banned\n|rule|HP Percentage Mod: HP is shown in percentages\n|clearpoke\n|poke|p1|Sinistcha|\n|poke|p1|Armarouge, M|\n|poke|p1|Iron Hands|\n|poke|p1|Hatterene, F|\n|poke|p1|Indeedee-F, F|\n|poke|p1|Grimmsnarl, M|\n|poke|p2|Torkoal, M|\n|poke|p2|Ninetales, M|\n|poke|p2|Scovillain, M|\n|poke|p2|Lilligant-Hisui, F|\n|poke|p2|Dachsbun, M|\n|poke|p2|Walking Wake|\n|teampreview\n|inactive|Battle timer is ON: inactive players will automatically lose when time's up. (requested by Dendroseris)\n|c|\u2606Dendroseris|GL have fun :)\n|\n|t:|1700005297\n|start\n|switch|p1a: Indeedee|Indeedee-F, F|100\/100\n|switch|p1b: Hatterene|Hatterene, F|100\/100\n|switch|p2a: Torkoal|Torkoal, M|100\/100\n|switch|p2b: Dachsbun|Dachsbun, M|100\/100\n|-fieldstart|move: Psychic Terrain|[from] ability: Psychic Surge|[of] p1a: Indeedee\n|-weather|SunnyDay|[from] ability: Drought|[of] p2a: Torkoal\n|turn|1\n|c|\u2606Critian Caceorte|you too\n|\n|t:|1700005311\n|move|p2b: Dachsbun|Work Up|p2b: Dachsbun\n|-boost|p2b: Dachsbun|atk|1\n|-boost|p2b: Dachsbun|spa|1\n|move|p1a: Indeedee|Light Screen|p1a: Indeedee\n|-sidestart|p1: Dendroseris|move: Light Screen\n|move|p2a: Torkoal|Lava Plume|p1b: Hatterene|[spread] p1a,p1b\n|-ability|p2b: Dachsbun|Well-Baked Body|boost\n|-boost|p2b: Dachsbun|def|2\n|-damage|p1a: Indeedee|77\/100\n|-damage|p1b: Hatterene|64\/100\n|move|p1b: Hatterene|Trick Room|p1b: Hatterene\n|-fieldstart|move: Trick Room|[of] p1b: Hatterene\n|\n|-weather|SunnyDay|[upkeep]\n|-heal|p1b: Hatterene|70\/100|[from] item: Leftovers\n|upkeep\n|turn|2\n|\n|t:|1700005333\n|move|p2a: Torkoal|Lava Plume|p1b: Hatterene|[spread] p1a,p1b\n|-ability|p2b: Dachsbun|Well-Baked Body|boost\n|-boost|p2b: Dachsbun|def|2\n|-damage|p1a: Indeedee|52\/100\n|-damage|p1b: Hatterene|33\/100\n|-status|p1a: Indeedee|brn\n|move|p1b: Hatterene|Calm Mind|p1b: Hatterene\n|-boost|p1b: Hatterene|spa|1\n|-boost|p1b: Hatterene|spd|1\n|-enditem|p2b: Dachsbun|Mirror Herb\n|-boost|p2b: Dachsbun|spa|1|[from] item: Mirror Herb\n|-boost|p2b: Dachsbun|spd|1|[from] item: Mirror Herb\n|move|p1a: Indeedee|Dazzling Gleam|p2a: Torkoal|[spread] p2a,p2b\n|-resisted|p2a: Torkoal\n|-damage|p2a: Torkoal|94\/100\n|-damage|p2b: Dachsbun|91\/100\n|move|p2b: Dachsbun|Baton Pass|p2b: Dachsbun\n|\n|t:|1700005347\n|switch|p2b: Walking Wake|Walking Wake|100\/100|[from] Baton Pass\n|-activate|p2b: Walking Wake|ability: Protosynthesis\n|-start|p2b: Walking Wake|protosynthesisspa\n|\n|-weather|SunnyDay|[upkeep]\n|-heal|p1b: Hatterene|39\/100|[from] item: Leftovers\n|-damage|p1a: Indeedee|46\/100 brn|[from] brn\n|upkeep\n|turn|3\n|\n|t:|1700005368\n|-terastallize|p2b: Walking Wake|Water\n|move|p2a: Torkoal|Lava Plume|p1b: Hatterene|[spread] p2b,p1a,p1b\n|-resisted|p2b: Walking Wake\n|-damage|p2b: Walking Wake|86\/100\n|-damage|p1a: Indeedee|23\/100 brn\n|-damage|p1b: Hatterene|14\/100\n|move|p1b: Hatterene|Dazzling Gleam|p2a: Torkoal|[spread] p2a,p2b\n|-resisted|p2a: Torkoal\n|-damage|p2a: Torkoal|66\/100\n|-damage|p2b: Walking Wake|57\/100\n|move|p1a: Indeedee|Dazzling Gleam|p2a: Torkoal|[spread] p2a,p2b\n|-resisted|p2a: Torkoal\n|-damage|p2a: Torkoal|58\/100\n|-damage|p2b: Walking Wake|51\/100\n|move|p2b: Walking Wake|Hydro Steam|p1b: Hatterene\n|-crit|p1b: Hatterene\n|-damage|p1b: Hatterene|0 fnt\n|faint|p1b: Hatterene\n|\n|-weather|SunnyDay|[upkeep]\n|-damage|p1a: Indeedee|17\/100 brn|[from] brn\n|upkeep\n|\n|t:|1700005386\n|switch|p1b: Sinistcha|Sinistcha, shiny|100\/100\n|-heal|p1a: Indeedee|42\/100 brn|[from] ability: Hospitality|[of] p1b: Sinistcha\n|turn|4\n|\n|t:|1700005408\n|move|p1a: Indeedee|Follow Me|p1a: Indeedee\n|-singleturn|p1a: Indeedee|move: Follow Me\n|move|p2a: Torkoal|Lava Plume|p1a: Indeedee|[spread] p2b,p1a,p1b\n|-resisted|p2b: Walking Wake\n|-supereffective|p1b: Sinistcha\n|-damage|p2b: Walking Wake|36\/100\n|-damage|p1a: Indeedee|19\/100 brn\n|-damage|p1b: Sinistcha|23\/100\n|move|p1b: Sinistcha|Matcha Gotcha|p2b: Walking Wake|[spread] p2a,p2b\n|-resisted|p2a: Torkoal\n|-crit|p2a: Torkoal\n|-supereffective|p2b: Walking Wake\n|-crit|p2b: Walking Wake\n|-damage|p2a: Torkoal|29\/100\n|-heal|p1b: Sinistcha|35\/100|[from] drain|[of] p2a: Torkoal\n|-damage|p2b: Walking Wake|0 fnt\n|-heal|p1b: Sinistcha|52\/100|[from] drain|[of] p2b: Walking Wake\n|faint|p2b: Walking Wake\n|-end|p2b: Walking Wake|Protosynthesis|[silent]\n|\n|-weather|SunnyDay|[upkeep]\n|-heal|p1b: Sinistcha|58\/100|[from] item: Leftovers\n|-damage|p1a: Indeedee|12\/100 brn|[from] brn\n|upkeep\n|\n|t:|1700005427\n|switch|p2b: Dachsbun|Dachsbun, M|91\/100\n|turn|5\n|\n|t:|1700005444\n|switch|p1b: Armarouge|Armarouge, M, shiny|100\/100\n|move|p2a: Torkoal|Lava Plume|p1b: Armarouge|[spread] p1a\n|-ability|p2b: Dachsbun|Well-Baked Body|boost\n|-boost|p2b: Dachsbun|def|2\n|-start|p1b: Armarouge|ability: Flash Fire\n|-damage|p1a: Indeedee|0 fnt\n|faint|p1a: Indeedee\n|move|p2b: Dachsbun|Work Up|p2b: Dachsbun\n|-boost|p2b: Dachsbun|atk|1\n|-boost|p2b: Dachsbun|spa|1\n|\n|-weather|none\n|-sideend|p1: Dendroseris|move: Light Screen\n|-fieldend|move: Trick Room\n|upkeep\n|inactive|Dendroseris has 120 seconds left.\n|\n|t:|1700005465\n|switch|p1a: Grimmsnarl|Grimmsnarl, M|100\/100\n|turn|6\n|\n|t:|1700005476\n|move|p1a: Grimmsnarl|Taunt|p2b: Dachsbun\n|-activate|p2b: Dachsbun|move: Psychic Terrain\n|move|p2b: Dachsbun|Play Rough|p1a: Grimmsnarl\n|-supereffective|p1a: Grimmsnarl\n|-damage|p1a: Grimmsnarl|9\/100\n|-unboost|p1a: Grimmsnarl|atk|1\n|move|p1b: Armarouge|Expanding Force|p2a: Torkoal|[spread] p2a,p2b\n|-damage|p2a: Torkoal|0 fnt\n|-damage|p2b: Dachsbun|31\/100\n|faint|p2a: Torkoal\n|\n|-heal|p1a: Grimmsnarl|15\/100|[from] item: Leftovers\n|upkeep\n|\n|t:|1700005493\n|switch|p2a: Ninetales|Ninetales, M|100\/100\n|-weather|SunnyDay|[from] ability: Drought|[of] p2a: Ninetales\n|turn|7\n|\n|t:|1700005508\n|move|p1a: Grimmsnarl|Reflect|p1a: Grimmsnarl\n|-sidestart|p1: Dendroseris|Reflect\n|move|p2a: Ninetales|Dark Pulse|p1b: Armarouge\n|-supereffective|p1b: Armarouge\n|-damage|p1b: Armarouge|67\/100\n|move|p2b: Dachsbun|Play Rough|p1a: Grimmsnarl|[miss]\n|-miss|p2b: Dachsbun|p1a: Grimmsnarl\n|cant|p1b: Armarouge|flinch\n|\n|-weather|SunnyDay|[upkeep]\n|-heal|p1a: Grimmsnarl|21\/100|[from] item: Leftovers\n|upkeep\n|turn|8\n|\n|t:|1700005533\n|move|p1a: Grimmsnarl|Thunder Wave|p2b: Dachsbun\n|-activate|p2b: Dachsbun|move: Psychic Terrain\n|move|p2a: Ninetales|Dark Pulse|p1b: Armarouge\n|-supereffective|p1b: Armarouge\n|-damage|p1b: Armarouge|34\/100\n|move|p2b: Dachsbun|Baton Pass|p2b: Dachsbun\n|\n|t:|1700005540\n|switch|p2b: Scovillain|Scovillain, M|100\/100|[from] Baton Pass\n|move|p1b: Armarouge|Expanding Force|p2a: Ninetales|[spread] p2a,p2b\n|-damage|p2a: Ninetales|38\/100\n|-damage|p2b: Scovillain|6\/100\n|\n|-weather|SunnyDay|[upkeep]\n|-heal|p1a: Grimmsnarl|27\/100|[from] item: Leftovers\n|-fieldend|move: Psychic Terrain\n|upkeep\n|turn|9\n|\n|t:|1700005557\n|move|p1a: Grimmsnarl|Thunder Wave|p2b: Scovillain\n|-status|p2b: Scovillain|par\n|move|p2a: Ninetales|Dark Pulse|p1b: Armarouge\n|-supereffective|p1b: Armarouge\n|-crit|p1b: Armarouge\n|-damage|p1b: Armarouge|0 fnt\n|faint|p1b: Armarouge\n|move|p2b: Scovillain|Giga Drain|p1a: Grimmsnarl\n|-damage|p1a: Grimmsnarl|0 fnt\n|-heal|p2b: Scovillain|25\/100 par|[from] drain|[of] p1a: Grimmsnarl\n|faint|p1a: Grimmsnarl\n|-damage|p2b: Scovillain|16\/100 par|[from] item: Life Orb\n|\n|-weather|SunnyDay|[upkeep]\n|upkeep\n|\n|t:|1700005569\n|switch|p1b: Sinistcha|Sinistcha, shiny|58\/100\n|switch|p1a: Iron Hands|Iron Hands, shiny|100\/100\n|turn|10\n|\n|t:|1700005595\n|move|p2a: Ninetales|Heat Wave|p1b: Sinistcha|[spread] p1a,p1b\n|-supereffective|p1b: Sinistcha\n|-damage|p1a: Iron Hands|76\/100\n|-damage|p1b: Sinistcha|0 fnt\n|faint|p1b: Sinistcha\n|move|p2b: Scovillain|Flamethrower|p1a: Iron Hands\n|-damage|p1a: Iron Hands|0 fnt\n|faint|p1a: Iron Hands\n|-end|p1a: Iron Hands|Quark Drive|[silent]\n|-damage|p2b: Scovillain|6\/100 par|[from] item: Life Orb\n|\n|win|Critian Caceorte\n|raw|Dendroseris's rating: 1319 &rarr; <strong>1298<\/strong><br \/>(-21 for losing)\n|raw|Critian Caceorte's rating: 1302 &rarr; <strong>1323<\/strong><br \/>(+21 for winning)\n|c|\u2606Critian Caceorte|gg\n|c|\u2606Dendroseris|GG\n","uploadtime":1700005608,"views":5,"p1id":"dendroseris","p2id":"critiancaceorte","formatid":"gen9doublesou","rating":1298,"private":0,"password":""}