{"id":"gen9doublesou-1999733402","p1":"sevazul26","p2":"SSJayDK","format":"[Gen 9] Doubles OU","log":"|j|\u2606sevazul26\n|j|\u2606SSJayDK\n|t:|1701111904\n|gametype|doubles\n|player|p1|sevazul26|1|1010\n|player|p2|SSJayDK|richboy-gen4|1114\n|teamsize|p1|6\n|teamsize|p2|6\n|gen|9\n|tier|[Gen 9] Doubles OU\n|rated|\n|rule|Species Clause: Limit one of each Pok\u00e9mon\n|rule|OHKO Clause: OHKO moves are banned\n|rule|Evasion Moves Clause: Evasion moves are banned\n|rule|Gravity Sleep Clause: The combination of sleep-inducing moves with imperfect accuracy and Gravity or Gigantamax Orbeetle are banned\n|rule|Endless Battle Clause: Forcing endless battles is banned\n|rule|HP Percentage Mod: HP is shown in percentages\n|clearpoke\n|poke|p1|Snorlax, M|\n|poke|p1|Sinistcha-Masterpiece|\n|poke|p1|Landorus-Therian, M|\n|poke|p1|Iron Hands|\n|poke|p1|Clefairy, M|\n|poke|p1|Kommo-o, M|\n|poke|p2|Ogerpon-Wellspring, F|\n|poke|p2|Gholdengo|\n|poke|p2|Arcanine-Hisui, F|\n|poke|p2|Tornadus, M|\n|poke|p2|Goodra-Hisui, M|\n|poke|p2|Flutter Mane|\n|teampreview\n|\n|t:|1701111915\n|start\n|switch|p1a: Landorus|Landorus-Therian, M|100\/100\n|switch|p1b: Clefairy|Clefairy, M|100\/100\n|switch|p2a: Ogerpon|Ogerpon-Wellspring, F|100\/100\n|switch|p2b: Tornadus|Tornadus, M, shiny|100\/100\n|-ability|p1a: Landorus|Intimidate|boost\n|-unboost|p2a: Ogerpon|atk|1\n|-unboost|p2b: Tornadus|atk|1\n|turn|1\n|\n|t:|1701111937\n|-terastallize|p2a: Ogerpon|Water\n|detailschange|p2a: Ogerpon|Ogerpon-Wellspring-Tera, F, tera:Water\n|-ability|p2a: Ogerpon|Embody Aspect (Wellspring)|boost\n|-boost|p2a: Ogerpon|spd|1\n|move|p1b: Clefairy|Helping Hand|p1a: Landorus\n|-singleturn|p1a: Landorus|Helping Hand|[of] p1b: Clefairy\n|move|p2b: Tornadus|Tailwind|p2b: Tornadus\n|-sidestart|p2: SSJayDK|move: Tailwind\n|move|p2a: Ogerpon|Ivy Cudgel|p1a: Landorus|[anim] Ivy Cudgel Water\n|-supereffective|p1a: Landorus\n|-damage|p1a: Landorus|0 fnt\n|faint|p1a: Landorus\n|\n|upkeep\n|\n|t:|1701111949\n|switch|p1a: Iron Hands|Iron Hands|100\/100\n|turn|2\n|\n|t:|1701111970\n|switch|p2b: Flutter Mane|Flutter Mane, shiny|100\/100\n|-enditem|p2b: Flutter Mane|Booster Energy\n|-activate|p2b: Flutter Mane|ability: Protosynthesis|[fromitem]\n|-start|p2b: Flutter Mane|protosynthesisspe\n|move|p2a: Ogerpon|Spiky Shield|p2a: Ogerpon\n|-singleturn|p2a: Ogerpon|move: Protect\n|move|p1b: Clefairy|Protect|p1b: Clefairy\n|-singleturn|p1b: Clefairy|Protect\n|move|p1a: Iron Hands|Wild Charge|p2a: Ogerpon\n|-activate|p2a: Ogerpon|move: Protect\n|-damage|p1a: Iron Hands|88\/100|[from] Spiky Shield|[of] p2a: Ogerpon\n|\n|-heal|p1a: Iron Hands|94\/100|[from] item: Leftovers\n|upkeep\n|turn|3\n|inactive|Battle timer is ON: inactive players will automatically lose when time's up. (requested by sevazul26)\n|inactive|SSJayDK has 120 seconds left.\n|\n|t:|1701112002\n|switch|p2a: Gholdengo|Gholdengo, shiny|100\/100\n|move|p2b: Flutter Mane|Moonblast|p1a: Iron Hands\n|-supereffective|p1a: Iron Hands\n|-damage|p1a: Iron Hands|34\/100\n|-unboost|p1a: Iron Hands|spa|1\n|move|p1a: Iron Hands|Wild Charge|p2a: Gholdengo\n|-damage|p2a: Gholdengo|43\/100\n|-damage|p1a: Iron Hands|24\/100|[from] Recoil\n|move|p1b: Clefairy|Heal Pulse|p1a: Iron Hands\n|-heal|p1a: Iron Hands|74\/100\n|\n|-heal|p1a: Iron Hands|80\/100|[from] item: Leftovers\n|upkeep\n|turn|4\n|\n|t:|1701112026\n|move|p2a: Gholdengo|Protect|p2a: Gholdengo\n|-singleturn|p2a: Gholdengo|Protect\n|move|p1b: Clefairy|Follow Me|p1b: Clefairy\n|-singleturn|p1b: Clefairy|move: Follow Me\n|move|p2b: Flutter Mane|Moonblast|p1b: Clefairy\n|-damage|p1b: Clefairy|68\/100\n|move|p1a: Iron Hands|Drain Punch|p2b: Flutter Mane\n|-immune|p2b: Flutter Mane\n|\n|-heal|p1a: Iron Hands|87\/100|[from] item: Leftovers\n|-sideend|p2: SSJayDK|move: Tailwind\n|upkeep\n|turn|5\n|\n|t:|1701112054\n|switch|p2a: Goodra|Goodra-Hisui, M, shiny|100\/100\n|-end|p1a: Iron Hands|Quark Drive|[silent]\n|switch|p1a: Sinistcha|Sinistcha-Masterpiece|100\/100\n|-heal|p1b: Clefairy|93\/100|[from] ability: Hospitality|[of] p1a: Sinistcha\n|move|p2b: Flutter Mane|Protect|p2b: Flutter Mane\n|-singleturn|p2b: Flutter Mane|Protect\n|move|p1b: Clefairy|Protect||[still]\n|-fail|p1b: Clefairy\n|\n|upkeep\n|turn|6\n|\n|t:|1701112077\n|switch|p1b: Snorlax|Snorlax, M|100\/100\n|move|p2b: Flutter Mane|Moonblast|p1a: Sinistcha\n|-damage|p1a: Sinistcha|64\/100\n|-unboost|p1a: Sinistcha|spa|1\n|move|p2a: Goodra|Flash Cannon|p1b: Snorlax\n|-damage|p1b: Snorlax|82\/100\n|move|p1a: Sinistcha|Trick Room|p1a: Sinistcha\n|-fieldstart|move: Trick Room|[of] p1a: Sinistcha\n|\n|upkeep\n|turn|7\n|inactive|SSJayDK has 120 seconds left.\n|\n|t:|1701112123\n|switch|p1a: Clefairy|Clefairy, M|93\/100\n|move|p2b: Flutter Mane|Helping Hand|p2a: Goodra\n|-singleturn|p2a: Goodra|Helping Hand|[of] p2b: Flutter Mane\n|move|p1b: Snorlax|Belly Drum|p1b: Snorlax\n|-damage|p1b: Snorlax|32\/100\n|-setboost|p1b: Snorlax|atk|6|[from] move: Belly Drum\n|-enditem|p1b: Snorlax|Sitrus Berry|[eat]\n|-heal|p1b: Snorlax|57\/100|[from] item: Sitrus Berry\n|move|p2a: Goodra|Draco Meteor|p1a: Clefairy\n|-immune|p1a: Clefairy\n|\n|upkeep\n|turn|8\n|inactive|SSJayDK has 120 seconds left.\n|\n|t:|1701112150\n|move|p2a: Goodra|Protect|p2a: Goodra\n|-singleturn|p2a: Goodra|Protect\n|move|p2b: Flutter Mane|Protect|p2b: Flutter Mane\n|-singleturn|p2b: Flutter Mane|Protect\n|move|p1b: Snorlax|High Horsepower|p2a: Goodra\n|-activate|p2a: Goodra|move: Protect\n|move|p1a: Clefairy|Heal Pulse|p1b: Snorlax\n|-heal|p1b: Snorlax|100\/100\n|\n|upkeep\n|turn|9\n|inactive|SSJayDK has 120 seconds left.\n|\n|t:|1701112176\n|switch|p2a: Tornadus|Tornadus, M, shiny|100\/100\n|move|p1a: Clefairy|Helping Hand|p1b: Snorlax\n|-singleturn|p1b: Snorlax|Helping Hand|[of] p1a: Clefairy\n|move|p1b: Snorlax|High Horsepower|p2a: Tornadus\n|-immune|p2a: Tornadus\n|move|p2b: Flutter Mane|Wish|p2b: Flutter Mane\n|\n|upkeep\n|turn|10\n|inactive|SSJayDK has 120 seconds left.\n|\n|t:|1701112192\n|move|p2b: Flutter Mane|Protect|p2b: Flutter Mane\n|-singleturn|p2b: Flutter Mane|Protect\n|move|p1a: Clefairy|Follow Me|p1a: Clefairy\n|-singleturn|p1a: Clefairy|move: Follow Me\n|move|p2a: Tornadus|Tailwind|p2a: Tornadus\n|-sidestart|p2: SSJayDK|move: Tailwind\n|move|p1b: Snorlax|High Horsepower|p2b: Flutter Mane\n|-activate|p2b: Flutter Mane|move: Protect\n|\n|-fieldend|move: Trick Room\n|upkeep\n|turn|11\n|inactive|SSJayDK has 120 seconds left.\n|\n|t:|1701112221\n|-end|p2b: Flutter Mane|Protosynthesis|[silent]\n|switch|p2b: Gholdengo|Gholdengo, shiny|43\/100\n|switch|p1a: Iron Hands|Iron Hands|87\/100\n|move|p2a: Tornadus|Dark Pulse|p1a: Iron Hands\n|-resisted|p1a: Iron Hands\n|-damage|p1a: Iron Hands|76\/100\n|move|p1b: Snorlax|High Horsepower|p2b: Gholdengo\n|-supereffective|p2b: Gholdengo\n|-damage|p2b: Gholdengo|0 fnt\n|faint|p2b: Gholdengo\n|\n|-heal|p1a: Iron Hands|82\/100|[from] item: Leftovers\n|upkeep\n|\n|t:|1701112243\n|switch|p2b: Flutter Mane|Flutter Mane, shiny|100\/100\n|turn|12\n|inactive|SSJayDK has 120 seconds left.\n|\n|t:|1701112251\n|move|p2b: Flutter Mane|Moonblast|p1a: Iron Hands\n|-supereffective|p1a: Iron Hands\n|-damage|p1a: Iron Hands|22\/100\n|move|p2a: Tornadus|Dark Pulse|p1b: Snorlax\n|-damage|p1b: Snorlax|84\/100\n|move|p1a: Iron Hands|Wild Charge|p2a: Tornadus\n|-supereffective|p2a: Tornadus\n|-damage|p2a: Tornadus|0 fnt\n|faint|p2a: Tornadus\n|-damage|p1a: Iron Hands|5\/100|[from] Recoil\n|cant|p1b: Snorlax|flinch\n|\n|-heal|p1a: Iron Hands|11\/100|[from] item: Leftovers\n|upkeep\n|inactive|SSJayDK has 120 seconds left.\n|\n|t:|1701112267\n|switch|p2a: Ogerpon|Ogerpon-Wellspring-Tera, F, tera:Water|100\/100\n|-ability|p2a: Ogerpon|Embody Aspect (Wellspring)|boost\n|-boost|p2a: Ogerpon|spd|1\n|turn|13\n|\n|t:|1701112279\n|move|p2b: Flutter Mane|Helping Hand|p2a: Ogerpon\n|-singleturn|p2a: Ogerpon|Helping Hand|[of] p2b: Flutter Mane\n|move|p2a: Ogerpon|Ivy Cudgel|p1b: Snorlax|[anim] Ivy Cudgel Water\n|-damage|p1b: Snorlax|0 fnt\n|faint|p1b: Snorlax\n|move|p1a: Iron Hands|Wild Charge|p2a: Ogerpon\n|-supereffective|p2a: Ogerpon\n|-damage|p2a: Ogerpon|0 fnt\n|faint|p2a: Ogerpon\n|-damage|p1a: Iron Hands|0 fnt|[from] Recoil\n|faint|p1a: Iron Hands\n|-end|p1a: Iron Hands|Quark Drive|[silent]\n|\n|-sideend|p2: SSJayDK|move: Tailwind\n|upkeep\n|\n|t:|1701112298\n|switch|p2a: Goodra|Goodra-Hisui, M, shiny|100\/100\n|switch|p1a: Kommo-o|Kommo-o, M|100\/100\n|switch|p1b: Clefairy|Clefairy, M|93\/100\n|turn|14\n|\n|t:|1701112310\n|move|p2b: Flutter Mane|Helping Hand|p2a: Goodra\n|-singleturn|p2a: Goodra|Helping Hand|[of] p2b: Flutter Mane\n|move|p1b: Clefairy|Follow Me|p1b: Clefairy\n|-singleturn|p1b: Clefairy|move: Follow Me\n|move|p1a: Kommo-o|Flash Cannon|p2a: Goodra\n|-resisted|p2a: Goodra\n|-damage|p2a: Goodra|95\/100\n|move|p2a: Goodra|Flash Cannon|p1b: Clefairy\n|-supereffective|p1b: Clefairy\n|-damage|p1b: Clefairy|27\/100\n|\n|-heal|p2a: Goodra|100\/100|[from] item: Leftovers\n|upkeep\n|turn|15\n|\n|t:|1701112330\n|switch|p1a: Sinistcha|Sinistcha-Masterpiece|64\/100\n|-heal|p1b: Clefairy|52\/100|[from] ability: Hospitality|[of] p1a: Sinistcha\n|move|p2b: Flutter Mane|Helping Hand|p2a: Goodra\n|-singleturn|p2a: Goodra|Helping Hand|[of] p2b: Flutter Mane\n|move|p1b: Clefairy|Protect|p1b: Clefairy\n|-singleturn|p1b: Clefairy|Protect\n|move|p2a: Goodra|Draco Meteor|p1a: Sinistcha\n|-crit|p1a: Sinistcha\n|-damage|p1a: Sinistcha|0 fnt\n|-unboost|p2a: Goodra|spa|2\n|faint|p1a: Sinistcha\n|\n|upkeep\n|\n|t:|1701112343\n|switch|p1a: Kommo-o|Kommo-o, M|100\/100\n|turn|16\n|\n|t:|1701112350\n|move|p1b: Clefairy|Helping Hand|p1a: Kommo-o\n|-singleturn|p1a: Kommo-o|Helping Hand|[of] p1b: Clefairy\n|move|p2b: Flutter Mane|Moonblast|p1a: Kommo-o\n|-supereffective|p1a: Kommo-o\n|-damage|p1a: Kommo-o|0 fnt\n|faint|p1a: Kommo-o\n|move|p2a: Goodra|Flash Cannon|p1b: Clefairy\n|-supereffective|p1b: Clefairy\n|-damage|p1b: Clefairy|28\/100\n|\n|upkeep\n|turn|17\n|\n|t:|1701112365\n|move|p2b: Flutter Mane|Helping Hand|p2a: Goodra\n|-singleturn|p2a: Goodra|Helping Hand|[of] p2b: Flutter Mane\n|move|p1b: Clefairy|Protect|p1b: Clefairy\n|-singleturn|p1b: Clefairy|Protect\n|move|p2a: Goodra|Flash Cannon|p1b: Clefairy\n|-activate|p1b: Clefairy|move: Protect\n|\n|upkeep\n|turn|18\n|c|\u2606SSJayDK|gg\n|\n|t:|1701112382\n|-terastallize|p1b: Clefairy|Fairy\n|move|p2b: Flutter Mane|Helping Hand|p2a: Goodra\n|-singleturn|p2a: Goodra|Helping Hand|[of] p2b: Flutter Mane\n|move|p2a: Goodra|Flash Cannon|p1b: Clefairy\n|-supereffective|p1b: Clefairy\n|-damage|p1b: Clefairy|0 fnt\n|faint|p1b: Clefairy\n|\n|win|SSJayDK\n|raw|sevazul26's rating: 1010 &rarr; <strong>1002<\/strong><br \/>(-8 for losing)\n|raw|SSJayDK's rating: 1114 &rarr; <strong>1132<\/strong><br \/>(+18 for winning)\n|l|\u2606sevazul26\n","uploadtime":1701112403,"views":5,"p1id":"sevazul26","p2id":"ssjaydk","formatid":"gen9doublesou","rating":1002,"private":0,"password":""}