{"id":"gen9doublesou-1995008724","p1":"Cocainereflexes","p2":"hysali30","format":"[Gen 9] Doubles OU","log":"|j|\u2606Cocainereflexes\n|j|\u2606hysali30\n|t:|1700512922\n|gametype|doubles\n|player|p1|Cocainereflexes|bruno|1166\n|player|p2|hysali30|dancer|1164\n|teamsize|p1|6\n|teamsize|p2|6\n|gen|9\n|tier|[Gen 9] Doubles OU\n|rated|\n|rule|Species Clause: Limit one of each Pok\u00e9mon\n|rule|OHKO Clause: OHKO moves are banned\n|rule|Evasion Moves Clause: Evasion moves are banned\n|rule|Gravity Sleep Clause: The combination of sleep-inducing moves with imperfect accuracy and Gravity or Gigantamax Orbeetle are banned\n|rule|Endless Battle Clause: Forcing endless battles is banned\n|rule|HP Percentage Mod: HP is shown in percentages\n|clearpoke\n|poke|p1|Grimmsnarl, M|\n|poke|p1|Enamorus-Therian, F|\n|poke|p1|Arcanine, M|\n|poke|p1|Oranguru, F|\n|poke|p1|Gastrodon, F|\n|poke|p1|Goodra-Hisui, F|\n|poke|p2|Yanmega, F|\n|poke|p2|Amoonguss, M|\n|poke|p2|Scyther, M|\n|poke|p2|Ceruledge, M|\n|poke|p2|Heatran, F|\n|poke|p2|Maushold|\n|teampreview\n|inactive|Battle timer is ON: inactive players will automatically lose when time's up. (requested by hysali30)\n|\n|t:|1700512936\n|start\n|switch|p1a: Gastrodon|Gastrodon, F|100\/100\n|switch|p1b: Grimmsnarl|Grimmsnarl, M|100\/100\n|switch|p2a: Yanmega|Yanmega, F, shiny|100\/100\n|switch|p2b: Heatran|Heatran, F|100\/100\n|turn|1\n|\n|t:|1700512947\n|move|p1b: Grimmsnarl|Fake Out|p2a: Yanmega\n|-damage|p2a: Yanmega|86\/100\n|cant|p2a: Yanmega|flinch\n|move|p2b: Heatran|Flash Cannon|p1b: Grimmsnarl\n|-supereffective|p1b: Grimmsnarl\n|-damage|p1b: Grimmsnarl|11\/100\n|move|p1a: Gastrodon|Stealth Rock|p2b: Heatran\n|-sidestart|p2: hysali30|move: Stealth Rock\n|\n|-ability|p2a: Yanmega|Speed Boost|boost\n|-boost|p2a: Yanmega|spe|1\n|upkeep\n|turn|2\n|\n|t:|1700512966\n|move|p1b: Grimmsnarl|Light Screen|p1b: Grimmsnarl\n|-sidestart|p1: Cocainereflexes|move: Light Screen\n|move|p2a: Yanmega|Swords Dance|p2a: Yanmega\n|-boost|p2a: Yanmega|atk|2\n|move|p2b: Heatran|Heat Wave|p1a: Gastrodon|[spread] p1a,p1b\n|-resisted|p1a: Gastrodon\n|-damage|p1a: Gastrodon|89\/100\n|-damage|p1b: Grimmsnarl|0 fnt\n|faint|p1b: Grimmsnarl\n|move|p1a: Gastrodon|Earth Power|p2b: Heatran\n|-supereffective|p2b: Heatran\n|-damage|p2b: Heatran|31\/100\n|\n|-ability|p2a: Yanmega|Speed Boost|boost\n|-boost|p2a: Yanmega|spe|1\n|upkeep\n|inactive|Cocainereflexes has 120 seconds left.\n|\n|t:|1700512995\n|switch|p1b: Oranguru|Oranguru, F|100\/100\n|turn|3\n|\n|t:|1700513014\n|switch|p2b: Scyther|Scyther, M|100\/100\n|-damage|p2b: Scyther|51\/100|[from] Stealth Rock\n|move|p1b: Oranguru|Protect|p1b: Oranguru\n|-singleturn|p1b: Oranguru|Protect\n|move|p2a: Yanmega|Crunch|p1b: Oranguru\n|-activate|p1b: Oranguru|move: Protect\n|move|p1a: Gastrodon|Earth Power|p2b: Scyther\n|-immune|p2b: Scyther\n|\n|-ability|p2a: Yanmega|Speed Boost|boost\n|-boost|p2a: Yanmega|spe|1\n|upkeep\n|turn|4\n|\n|t:|1700513044\n|switch|p1b: Enamorus|Enamorus-Therian, F|100\/100\n|move|p2a: Yanmega|Crunch|p1b: Enamorus\n|-resisted|p1b: Enamorus\n|-damage|p1b: Enamorus|75\/100\n|-damage|p2a: Yanmega|76\/100|[from] item: Life Orb\n|move|p2b: Scyther|Brick Break|p1a: Gastrodon\n|-sideend|p1: Cocainereflexes|move: Light Screen\n|-damage|p1a: Gastrodon|68\/100\n|move|p1a: Gastrodon|Chilling Water|p2b: Scyther\n|-damage|p2b: Scyther|28\/100\n|-unboost|p2b: Scyther|atk|1\n|\n|-heal|p1b: Enamorus|81\/100|[from] item: Leftovers\n|-ability|p2a: Yanmega|Speed Boost|boost\n|-boost|p2a: Yanmega|spe|1\n|upkeep\n|turn|5\n|\n|t:|1700513070\n|switch|p2b: Amoonguss|Amoonguss, M|100\/100\n|-damage|p2b: Amoonguss|88\/100|[from] Stealth Rock\n|move|p2a: Yanmega|Dual Wingbeat|p1b: Enamorus\n|-damage|p1b: Enamorus|45\/100\n|-damage|p1b: Enamorus|8\/100\n|-hitcount|p1b: Enamorus|2\n|-damage|p2a: Yanmega|66\/100|[from] item: Life Orb\n|move|p1b: Enamorus|Calm Mind|p1b: Enamorus\n|-boost|p1b: Enamorus|spa|1\n|-boost|p1b: Enamorus|spd|1\n|move|p1a: Gastrodon|Recover|p1a: Gastrodon\n|-heal|p1a: Gastrodon|100\/100\n|\n|-heal|p1b: Enamorus|14\/100|[from] item: Leftovers\n|-ability|p2a: Yanmega|Speed Boost|boost\n|-boost|p2a: Yanmega|spe|1\n|upkeep\n|turn|6\n|inactive|Cocainereflexes has 120 seconds left.\n|\n|t:|1700513113\n|switch|p1a: Goodra|Goodra-Hisui, F|100\/100\n|move|p1b: Enamorus|Protect|p1b: Enamorus\n|-singleturn|p1b: Enamorus|Protect\n|move|p2b: Amoonguss|Rage Powder|p2b: Amoonguss\n|-singleturn|p2b: Amoonguss|move: Rage Powder\n|move|p2a: Yanmega|Leech Life|p1a: Goodra\n|-resisted|p1a: Goodra\n|-damage|p1a: Goodra|67\/100\n|-heal|p2a: Yanmega|82\/100|[from] drain|[of] p1a: Goodra\n|-damage|p2a: Yanmega|72\/100|[from] item: Life Orb\n|\n|-heal|p1a: Goodra|73\/100|[from] item: Leftovers\n|-heal|p1b: Enamorus|21\/100|[from] item: Leftovers\n|-ability|p2a: Yanmega|Speed Boost|boost\n|-boost|p2a: Yanmega|spe|1\n|upkeep\n|turn|7\n|inactive|Cocainereflexes has 120 seconds left.\n|\n|t:|1700513142\n|move|p2b: Amoonguss|Rage Powder|p2b: Amoonguss\n|-singleturn|p2b: Amoonguss|move: Rage Powder\n|move|p2a: Yanmega|Dual Wingbeat|p1b: Enamorus\n|-damage|p1b: Enamorus|0 fnt\n|faint|p1b: Enamorus\n|-hitcount|p1: Enamorus|1\n|-damage|p2a: Yanmega|62\/100|[from] item: Life Orb\n|move|p1a: Goodra|Dragon Tail|p2b: Amoonguss\n|-damage|p2b: Amoonguss|60\/100\n|drag|p2b: Maushold|Maushold|100\/100\n|-damage|p2b: Maushold|88\/100|[from] Stealth Rock\n|\n|-heal|p1a: Goodra|79\/100|[from] item: Leftovers\n|upkeep\n|\n|t:|1700513158\n|switch|p1b: Oranguru|Oranguru, F|100\/100\n|turn|8\n|\n|t:|1700513165\n|move|p1b: Oranguru|Protect|p1b: Oranguru\n|-singleturn|p1b: Oranguru|Protect\n|move|p2b: Maushold|Follow Me|p2b: Maushold\n|-singleturn|p2b: Maushold|move: Follow Me\n|move|p2a: Yanmega|Swords Dance|p2a: Yanmega\n|-boost|p2a: Yanmega|atk|2\n|move|p1a: Goodra|Dragon Tail|p2b: Maushold|[miss]\n|-miss|p1a: Goodra|p2b: Maushold\n|\n|-heal|p1a: Goodra|85\/100|[from] item: Leftovers\n|upkeep\n|turn|9\n|\n|t:|1700513188\n|move|p2b: Maushold|Follow Me|p2b: Maushold\n|-singleturn|p2b: Maushold|move: Follow Me\n|move|p2a: Yanmega|Crunch|p1b: Oranguru\n|-supereffective|p1b: Oranguru\n|-damage|p1b: Oranguru|0 fnt\n|faint|p1b: Oranguru\n|-damage|p2a: Yanmega|53\/100|[from] item: Life Orb\n|move|p1a: Goodra|Dragon Tail|p2b: Maushold\n|-damage|p2b: Maushold|46\/100\n|drag|p2b: Ceruledge|Ceruledge, M|100\/100\n|-damage|p2b: Ceruledge|76\/100|[from] Stealth Rock\n|\n|-heal|p1a: Goodra|91\/100|[from] item: Leftovers\n|upkeep\n|-message|Cocainereflexes forfeited.\n|\n|win|hysali30\n|raw|Cocainereflexes's rating: 1166 &rarr; <strong>1141<\/strong><br \/>(-25 for losing)\n|raw|hysali30's rating: 1164 &rarr; <strong>1189<\/strong><br \/>(+25 for winning)\n|l|\u2606Cocainereflexes\n|j|\u2606Cocainereflexes\n|player|p1|Cocainereflexes|bruno\n|l|\u2606Cocainereflexes\n|player|p1|\n","uploadtime":1700513204,"views":4,"p1id":"cocainereflexes","p2id":"hysali30","formatid":"gen9doublesou","rating":1141,"private":0,"password":""}