{"id":"gen9doublesou-1971547306","p1":"ChimeBliss","p2":"garbonzo5285","format":"[Gen 9] Doubles OU","log":"|j|\u2606ChimeBliss\n|j|\u2606garbonzo5285\n|t:|1697747314\n|gametype|doubles\n|player|p1|ChimeBliss|bianca|1113\n|player|p2|garbonzo5285|wallace|1117\n|teamsize|p1|6\n|teamsize|p2|6\n|gen|9\n|tier|[Gen 9] Doubles OU\n|rated|\n|rule|Species Clause: Limit one of each Pok\u00e9mon\n|rule|OHKO Clause: OHKO moves are banned\n|rule|Evasion Moves Clause: Evasion moves are banned\n|rule|Gravity Sleep Clause: The combination of sleep-inducing moves with imperfect accuracy and Gravity or Gigantamax Orbeetle are banned\n|rule|Endless Battle Clause: Forcing endless battles is banned\n|rule|HP Percentage Mod: HP is shown in percentages\n|clearpoke\n|poke|p1|Tornadus, M|\n|poke|p1|Iron Hands|\n|poke|p1|Rillaboom, M|\n|poke|p1|Flutter Mane|\n|poke|p1|Ogerpon-Hearthflame, F|\n|poke|p1|Heatran, F|\n|poke|p2|Illumise, F|\n|poke|p2|Gyarados, F|\n|poke|p2|Flamigo, F|\n|poke|p2|Pawmot, F|\n|poke|p2|Snorlax, F|\n|poke|p2|Kingambit, M|\n|teampreview\n|\n|t:|1697747347\n|start\n|switch|p1a: Rillaboom|Rillaboom, M|100\/100\n|switch|p1b: Heatran|Heatran, F|100\/100\n|switch|p2a: anger snek|Gyarados, F, shiny|100\/100\n|switch|p2b: ice spice|Illumise, F|100\/100\n|-fieldstart|move: Grassy Terrain|[from] ability: Grassy Surge|[of] p1a: Rillaboom\n|turn|1\n|\n|t:|1697747358\n|-terastallize|p2b: ice spice|Electric\n|move|p1a: Rillaboom|Fake Out|p2b: ice spice\n|-damage|p2b: ice spice|79\/100\n|-damage|p1a: Rillaboom|84\/100|[from] item: Rocky Helmet|[of] p2b: ice spice\n|cant|p2b: ice spice|flinch\n|move|p2a: anger snek|Earthquake|p1a: Rillaboom|[spread] p2b,p1a,p1b\n|-supereffective|p2b: ice spice\n|-resisted|p1a: Rillaboom\n|-supereffective|p1b: Heatran\n|-damage|p2b: ice spice|22\/100\n|-damage|p1a: Rillaboom|75\/100\n|-damage|p1b: Heatran|22\/100\n|move|p1b: Heatran|Heat Wave|p2b: ice spice|[spread] p2a,p2b\n|-resisted|p2a: anger snek\n|-damage|p2a: anger snek|80\/100\n|-damage|p2b: ice spice|0 fnt\n|faint|p2b: ice spice\n|\n|-heal|p1b: Heatran|28\/100|[from] Grassy Terrain\n|-heal|p1a: Rillaboom|81\/100|[from] Grassy Terrain\n|upkeep\n|\n|t:|1697747377\n|switch|p2b: naruto?|Flamigo, F|100\/100\n|-copyboost|p2b: naruto?|p2a: anger snek|[from] ability: Costar\n|turn|2\n|\n|t:|1697747392\n|move|p1a: Rillaboom|Grassy Glide|p2a: anger snek\n|-crit|p2a: anger snek\n|-damage|p2a: anger snek|0 fnt\n|faint|p2a: anger snek\n|move|p2b: naruto?|Brave Bird|p1a: Rillaboom\n|-supereffective|p1a: Rillaboom\n|-damage|p1a: Rillaboom|0 fnt\n|faint|p1a: Rillaboom\n|-damage|p2b: naruto?|66\/100|[from] Recoil\n|move|p1b: Heatran|Heat Wave|p2b: naruto?\n|-crit|p2b: naruto?\n|-damage|p2b: naruto?|0 fnt\n|faint|p2b: naruto?\n|\n|-heal|p1b: Heatran|34\/100|[from] Grassy Terrain\n|upkeep\n|\n|t:|1697747413\n|switch|p2b: gyat|Snorlax, F|100\/100\n|switch|p2a: pikapikapikapika|Pawmot, F|100\/100\n|switch|p1a: Flutter Mane|Flutter Mane|100\/100\n|turn|3\n|\n|t:|1697747428\n|move|p1a: Flutter Mane|Moonblast|p2a: pikapikapikapika\n|-supereffective|p2a: pikapikapikapika\n|-enditem|p2a: pikapikapikapika|Focus Sash\n|-damage|p2a: pikapikapikapika|1\/100\n|move|p2a: pikapikapikapika|Close Combat|p1b: Heatran\n|-supereffective|p1b: Heatran\n|-damage|p1b: Heatran|0 fnt\n|-unboost|p2a: pikapikapikapika|def|1\n|-unboost|p2a: pikapikapikapika|spd|1\n|faint|p1b: Heatran\n|move|p2b: gyat|Heat Crash|p1a: Flutter Mane\n|-damage|p1a: Flutter Mane|33\/100\n|\n|-heal|p1a: Flutter Mane|40\/100|[from] Grassy Terrain\n|-heal|p2a: pikapikapikapika|7\/100|[from] Grassy Terrain\n|upkeep\n|\n|t:|1697747456\n|switch|p1b: Iron Hands|Iron Hands|100\/100\n|turn|4\n|\n|t:|1697747478\n|move|p1a: Flutter Mane|Moonblast|p2a: pikapikapikapika\n|-supereffective|p2a: pikapikapikapika\n|-damage|p2a: pikapikapikapika|0 fnt\n|faint|p2a: pikapikapikapika\n|move|p1b: Iron Hands|Drain Punch|p2b: gyat\n|-supereffective|p2b: gyat\n|-damage|p2b: gyat|32\/100\n|move|p2b: gyat|Body Slam|p1b: Iron Hands\n|-damage|p1b: Iron Hands|72\/100\n|\n|-heal|p1a: Flutter Mane|46\/100|[from] Grassy Terrain\n|-heal|p1b: Iron Hands|78\/100|[from] Grassy Terrain\n|-heal|p2b: gyat|38\/100|[from] Grassy Terrain\n|upkeep\n|\n|t:|1697747489\n|switch|p2a: emo|Kingambit, M|100\/100\n|-activate|p2a: emo|ability: Supreme Overlord\n|-start|p2a: emo|fallen4|[silent]\n|turn|5\n|\n|t:|1697747516\n|move|p1a: Flutter Mane|Moonblast|p2a: emo\n|-damage|p2a: emo|47\/100\n|-unboost|p2a: emo|spa|1\n|move|p2a: emo|Iron Head|p1a: Flutter Mane\n|-supereffective|p1a: Flutter Mane\n|-crit|p1a: Flutter Mane\n|-damage|p1a: Flutter Mane|0 fnt\n|faint|p1a: Flutter Mane\n|-end|p1a: Flutter Mane|Protosynthesis|[silent]\n|move|p1b: Iron Hands|Drain Punch|p2a: emo\n|-supereffective|p2a: emo\n|-damage|p2a: emo|0 fnt\n|-heal|p1b: Iron Hands|96\/100|[from] drain|[of] p2a: emo\n|faint|p2a: emo\n|-end|p2a: emo|fallen4|[silent]\n|move|p2b: gyat|Zen Headbutt|p1b: Iron Hands\n|-supereffective|p1b: Iron Hands\n|-damage|p1b: Iron Hands|57\/100\n|\n|-heal|p1b: Iron Hands|63\/100|[from] Grassy Terrain\n|-heal|p2b: gyat|44\/100|[from] Grassy Terrain\n|-fieldend|move: Grassy Terrain\n|upkeep\n|\n|t:|1697747520\n|switch|p1a: Tornadus|Tornadus, M|100\/100\n|turn|6\n|\n|t:|1697747551\n|move|p1a: Tornadus|Bleakwind Storm|p2b: gyat\n|-damage|p2b: gyat|17\/100\n|move|p1b: Iron Hands|Drain Punch|p2b: gyat\n|-supereffective|p2b: gyat\n|-damage|p2b: gyat|0 fnt\n|-heal|p1b: Iron Hands|71\/100|[from] drain|[of] p2b: gyat\n|faint|p2b: gyat\n|\n|win|ChimeBliss\n|raw|ChimeBliss's rating: 1113 &rarr; <strong>1138<\/strong><br \/>(+25 for winning)\n|raw|garbonzo5285's rating: 1117 &rarr; <strong>1092<\/strong><br \/>(-25 for losing)\n|l|\u2606garbonzo5285\n","uploadtime":1697747579,"views":15,"p1id":"chimebliss","p2id":"garbonzo5285","formatid":"gen9doublesou","rating":1092,"private":0,"password":""}