{"id":"gen9doublesou-1979111670","p1":"Wulfo","p2":"Stewart Sweep2","format":"[Gen 9] Doubles OU","log":"|j|\u2606Wulfo\n|j|\u2606Stewart Sweep2\n|t:|1698633727\n|gametype|doubles\n|player|p1|Wulfo|pokemaniac|1217\n|player|p2|Stewart Sweep2|101|1196\n|teamsize|p1|6\n|teamsize|p2|6\n|gen|9\n|tier|[Gen 9] Doubles OU\n|rated|\n|rule|Species Clause: Limit one of each Pok\u00e9mon\n|rule|OHKO Clause: OHKO moves are banned\n|rule|Evasion Moves Clause: Evasion moves are banned\n|rule|Gravity Sleep Clause: The combination of sleep-inducing moves with imperfect accuracy and Gravity or Gigantamax Orbeetle are banned\n|rule|Endless Battle Clause: Forcing endless battles is banned\n|rule|HP Percentage Mod: HP is shown in percentages\n|clearpoke\n|poke|p1|Torkoal, F|\n|poke|p1|Maushold|\n|poke|p1|Okidogi, M|\n|poke|p1|Dudunsparce-*, M|\n|poke|p1|Landorus-Therian, M|\n|poke|p1|Kleavor, F|\n|poke|p2|Falinks|\n|poke|p2|Stantler, F|\n|poke|p2|Flamigo, F|\n|poke|p2|Kingambit, M|\n|poke|p2|Flutter Mane|\n|poke|p2|Mew|\n|teampreview\n|\n|t:|1698633758\n|start\n|switch|p1a: Kleavor|Kleavor, F|100\/100\n|switch|p1b: Maushold|Maushold|100\/100\n|switch|p2a: Falinks|Falinks|100\/100\n|switch|p2b: Stantler|Stantler, F|100\/100\n|-ability|p2b: Stantler|Intimidate|boost\n|-unboost|p1a: Kleavor|atk|1\n|-unboost|p1b: Maushold|atk|1\n|turn|1\n|\n|t:|1698633785\n|move|p2b: Stantler|Skill Swap|p1b: Maushold\n|-activate|p2b: Stantler|move: Skill Swap|Friend Guard|Intimidate|[of] p1b: Maushold\n|-ability|p1b: Maushold|Intimidate|boost\n|-unboost|p2a: Falinks|atk|1\n|-ability|p2a: Falinks|Defiant|boost\n|-boost|p2a: Falinks|atk|2\n|-enditem|p2a: Falinks|Adrenaline Orb\n|-boost|p2a: Falinks|spe|1|[from] item: Adrenaline Orb\n|-unboost|p2b: Stantler|atk|1\n|move|p2a: Falinks|No Retreat|p2a: Falinks\n|-boost|p2a: Falinks|atk|1\n|-boost|p2a: Falinks|def|1\n|-boost|p2a: Falinks|spa|1\n|-boost|p2a: Falinks|spd|1\n|-boost|p2a: Falinks|spe|1\n|-start|p2a: Falinks|move: No Retreat\n|move|p1b: Maushold|Super Fang|p2a: Falinks\n|-damage|p2a: Falinks|51\/100\n|move|p1a: Kleavor|Stone Axe|p2b: Stantler\n|-crit|p2b: Stantler\n|-damage|p2b: Stantler|0 fnt\n|-sidestart|p2: Stewart Sweep2|move: Stealth Rock\n|faint|p2b: Stantler\n|\n|upkeep\n|\n|t:|1698633805\n|switch|p2b: Flamigo|Flamigo, F|100\/100\n|-damage|p2b: Flamigo|88\/100|[from] Stealth Rock\n|-copyboost|p2b: Flamigo|p2a: Falinks|[from] ability: Costar\n|turn|2\n|\n|t:|1698633822\n|move|p1b: Maushold|Follow Me|p1b: Maushold\n|-singleturn|p1b: Maushold|move: Follow Me\n|move|p2b: Flamigo|Close Combat|p1b: Maushold\n|-supereffective|p1b: Maushold\n|-damage|p1b: Maushold|0 fnt\n|-unboost|p2b: Flamigo|def|1\n|-unboost|p2b: Flamigo|spd|1\n|faint|p1b: Maushold\n|-damage|p2b: Flamigo|78\/100|[from] item: Life Orb\n|move|p2a: Falinks|Close Combat|p1a: Kleavor\n|-damage|p1a: Kleavor|0 fnt\n|-unboost|p2a: Falinks|def|1\n|-unboost|p2a: Falinks|spd|1\n|faint|p1a: Kleavor\n|\n|upkeep\n|inactive|Battle timer is ON: inactive players will automatically lose when time's up. (requested by Stewart Sweep2)\n|\n|t:|1698633846\n|switch|p1b: dawg|Okidogi, M|100\/100\n|switch|p1a: Torkoal|Torkoal, F|100\/100\n|-weather|SunnyDay|[from] ability: Drought|[of] p1a: Torkoal\n|turn|3\n|inactive|Wulfo has 120 seconds left.\n|inactive|Wulfo has 90 seconds left.\n|\n|t:|1698633918\n|move|p1b: dawg|Protect|p1b: dawg\n|-singleturn|p1b: dawg|Protect\n|move|p2b: Flamigo|Brave Bird|p1b: dawg\n|-activate|p1b: dawg|move: Protect\n|move|p2a: Falinks|Close Combat|p1a: Torkoal\n|-damage|p1a: Torkoal|46\/100\n|-unboost|p2a: Falinks|def|1\n|-unboost|p2a: Falinks|spd|1\n|move|p1a: Torkoal|Heat Wave|p2a: Falinks|[spread] p2a,p2b\n|-damage|p2a: Falinks|0 fnt\n|-damage|p2b: Flamigo|25\/100\n|faint|p2a: Falinks\n|\n|-weather|SunnyDay|[upkeep]\n|-heal|p1a: Torkoal|52\/100|[from] item: Leftovers\n|upkeep\n|\n|t:|1698633929\n|switch|p2a: Mew|Mew|100\/100\n|-damage|p2a: Mew|88\/100|[from] Stealth Rock\n|turn|4\n|\n|t:|1698633940\n|switch|p1b: Landorus|Landorus-Therian, M|100\/100\n|-ability|p1b: Landorus|Intimidate|boost\n|-unboost|p2a: Mew|atk|1\n|-unboost|p2b: Flamigo|atk|1\n|move|p1a: Torkoal|Protect|p1a: Torkoal\n|-singleturn|p1a: Torkoal|Protect\n|move|p2b: Flamigo|Brave Bird|p1b: Landorus\n|-damage|p1b: Landorus|0 fnt\n|faint|p1b: Landorus\n|-damage|p2b: Flamigo|0 fnt|[from] Recoil\n|faint|p2b: Flamigo\n|move|p2a: Mew|Transform|p2: Flamigo|[notarget]\n|-fail|p2a: Mew\n|\n|-weather|SunnyDay|[upkeep]\n|-heal|p1a: Torkoal|58\/100|[from] item: Leftovers\n|upkeep\n|inactive|Wulfo has 120 seconds left.\n|\n|t:|1698633963\n|switch|p1b: dawg|Okidogi, M|100\/100\n|switch|p2b: Kingambit|Kingambit, M|100\/100\n|-damage|p2b: Kingambit|94\/100|[from] Stealth Rock\n|turn|5\n|inactive|Wulfo has 120 seconds left.\n|\n|t:|1698633982\n|-terastallize|p1b: dawg|Dark\n|-terastallize|p2b: Kingambit|Flying\n|move|p2b: Kingambit|Sucker Punch|p1a: Torkoal\n|-damage|p1a: Torkoal|34\/100\n|move|p2a: Mew|Transform|p2b: Kingambit\n|-transform|p2a: Mew|p2b: Kingambit\n|move|p1b: dawg|Knock Off|p2a: Mew\n|-resisted|p2a: Mew\n|-damage|p2a: Mew|67\/100\n|-enditem|p2a: Mew|Choice Band|[from] move: Knock Off|[of] p1b: dawg\n|move|p1a: Torkoal|Heat Wave|p2b: Kingambit|[spread] p2a,p2b\n|-supereffective|p2a: Mew\n|-damage|p2a: Mew|5\/100\n|-damage|p2b: Kingambit|64\/100\n|\n|-weather|SunnyDay|[upkeep]\n|-heal|p2b: Kingambit|70\/100|[from] item: Leftovers\n|-heal|p1a: Torkoal|40\/100|[from] item: Leftovers\n|upkeep\n|-start|p2a: Mew|typechange|Dark\/Steel|[silent]\n|turn|6\n|inactive|Wulfo has 120 seconds left.\n|\n|t:|1698634009\n|move|p2a: Mew|Sucker Punch|p1a: Torkoal\n|-crit|p1a: Torkoal\n|-damage|p1a: Torkoal|7\/100\n|move|p2b: Kingambit|Sucker Punch|p1a: Torkoal\n|-damage|p1a: Torkoal|0 fnt\n|faint|p1a: Torkoal\n|move|p1b: dawg|Knock Off|p2b: Kingambit\n|-damage|p2b: Kingambit|30\/100\n|-enditem|p2b: Kingambit|Leftovers|[from] move: Knock Off|[of] p1b: dawg\n|\n|-weather|SunnyDay|[upkeep]\n|upkeep\n|\n|t:|1698634019\n|switch|p1a: Dudunsparce|Dudunsparce, M|100\/100\n|turn|7\n|\n|t:|1698634031\n|move|p1b: dawg|Protect|p1b: dawg\n|-singleturn|p1b: dawg|Protect\n|move|p2b: Kingambit|Sucker Punch||[still]\n|-fail|p2b: Kingambit\n|move|p2a: Mew|Sucker Punch||[still]\n|-fail|p2a: Mew\n|move|p1a: Dudunsparce|Boomburst|p2b: Kingambit|[spread] p2a,p2b\n|-activate|p1b: dawg|move: Protect\n|-resisted|p2a: Mew\n|-damage|p2a: Mew|0 fnt\n|-damage|p2b: Kingambit|0 fnt\n|faint|p2a: Mew\n|faint|p2b: Kingambit\n|\n|-weather|none\n|upkeep\n|\n|t:|1698634035\n|switch|p2b: Flutter Mane|Flutter Mane|100\/100\n|-damage|p2b: Flutter Mane|88\/100|[from] Stealth Rock\n|-enditem|p2b: Flutter Mane|Booster Energy\n|-activate|p2b: Flutter Mane|ability: Protosynthesis|[fromitem]\n|-start|p2b: Flutter Mane|protosynthesisspa\n|turn|8\n|\n|t:|1698634056\n|move|p2b: Flutter Mane|Dazzling Gleam|p1a: Dudunsparce|[spread] p1a,p1b\n|-supereffective|p1b: dawg\n|-damage|p1a: Dudunsparce|53\/100\n|-damage|p1b: dawg|7\/100\n|-enditem|p1b: dawg|Sitrus Berry|[eat]\n|-heal|p1b: dawg|32\/100|[from] item: Sitrus Berry\n|move|p1a: Dudunsparce|Shadow Ball|p2b: Flutter Mane\n|-supereffective|p2b: Flutter Mane\n|-damage|p2b: Flutter Mane|44\/100\n|move|p1b: dawg|Poison Jab|p2b: Flutter Mane\n|-damage|p2b: Flutter Mane|0 fnt\n|faint|p2b: Flutter Mane\n|-end|p2b: Flutter Mane|Protosynthesis|[silent]\n|\n|win|Wulfo\n|raw|Wulfo's rating: 1217 &rarr; <strong>1240<\/strong><br \/>(+23 for winning)\n|raw|Stewart Sweep2's rating: 1196 &rarr; <strong>1173<\/strong><br \/>(-23 for losing)\n","uploadtime":1698634087,"views":12,"p1id":"wulfo","p2id":"stewartsweep2","formatid":"gen9doublesou","rating":1173,"private":0,"password":""}