{"id":"gen9doublesou-1989423764","p1":"Souj","p2":"5ft4inchloser","format":"[Gen 9] Doubles OU","log":"|j|\u2606Souj\n|j|\u26065ft4inchloser\n|t:|1699848432\n|gametype|doubles\n|player|p1|Souj|nate|1496\n|player|p2|5ft4inchloser|waiter|1452\n|teamsize|p1|6\n|teamsize|p2|6\n|gen|9\n|tier|[Gen 9] Doubles OU\n|rated|\n|rule|Species Clause: Limit one of each Pok\u00e9mon\n|rule|OHKO Clause: OHKO moves are banned\n|rule|Evasion Moves Clause: Evasion moves are banned\n|rule|Gravity Sleep Clause: The combination of sleep-inducing moves with imperfect accuracy and Gravity or Gigantamax Orbeetle are banned\n|rule|Endless Battle Clause: Forcing endless battles is banned\n|rule|HP Percentage Mod: HP is shown in percentages\n|clearpoke\n|poke|p1|Meowscarada, F|\n|poke|p1|Garganacl, M|\n|poke|p1|Ceruledge, M|\n|poke|p1|Kilowattrel, M|\n|poke|p1|Tinkaton, F|\n|poke|p1|Gholdengo|\n|poke|p2|Cresselia, F|\n|poke|p2|Ursaluna, F|\n|poke|p2|Indeedee-F, F|\n|poke|p2|Meowscarada, F|\n|poke|p2|Flutter Mane|\n|poke|p2|Torkoal, F|\n|teampreview\n|inactive|Battle timer is ON: inactive players will automatically lose when time's up. (requested by Souj)\n|\n|t:|1699848440\n|start\n|switch|p1a: Meowscarada|Meowscarada, F|100\/100\n|switch|p1b: Gholdengo|Gholdengo|100\/100\n|switch|p2a: Cresselia|Cresselia, F|100\/100\n|switch|p2b: Ursaluna|Ursaluna, F|100\/100\n|-item|p1b: Gholdengo|Air Balloon\n|turn|1\n|\n|t:|1699848444\n|-terastallize|p2a: Cresselia|Fairy\n|move|p2b: Ursaluna|Protect|p2b: Ursaluna\n|-singleturn|p2b: Ursaluna|Protect\n|move|p1a: Meowscarada|Knock Off|p2a: Cresselia\n|-start|p1a: Meowscarada|typechange|Dark|[from] ability: Protean\n|-resisted|p2a: Cresselia\n|-damage|p2a: Cresselia|83\/100\n|-enditem|p2a: Cresselia|Mental Herb|[from] move: Knock Off|[of] p1a: Meowscarada\n|move|p1b: Gholdengo|Shadow Ball|p2a: Cresselia\n|-damage|p2a: Cresselia|59\/100\n|move|p2a: Cresselia|Trick Room|p2a: Cresselia\n|-fieldstart|move: Trick Room|[of] p2a: Cresselia\n|\n|-status|p2b: Ursaluna|brn|[from] item: Flame Orb\n|upkeep\n|turn|2\n|\n|t:|1699848473\n|switch|p1a: Ceruledge|Ceruledge, M|100\/100\n|move|p1b: Gholdengo|Protect|p1b: Gholdengo\n|-singleturn|p1b: Gholdengo|Protect\n|move|p2b: Ursaluna|Facade|p1a: Ceruledge\n|-immune|p1a: Ceruledge\n|move|p2a: Cresselia|Ice Beam|p1b: Gholdengo\n|-activate|p1b: Gholdengo|move: Protect\n|\n|-damage|p2b: Ursaluna|94\/100 brn|[from] brn\n|upkeep\n|turn|3\n|\n|t:|1699848488\n|switch|p1a: Kilowattrel|Kilowattrel, M|100\/100\n|move|p2a: Cresselia|Ally Switch|p2a: Cresselia\n|swap|p2a: Cresselia|1|[from] move: Ally Switch\n|move|p2a: Ursaluna|High Horsepower|p1a: Kilowattrel\n|-immune|p1a: Kilowattrel\n|move|p1b: Gholdengo|Make It Rain|p2b: Cresselia|[spread] p2a,p2b\n|-supereffective|p2b: Cresselia\n|-damage|p2a: Ursaluna|60\/100 brn\n|-damage|p2b: Cresselia|12\/100\n|-unboost|p1b: Gholdengo|spa|1\n|\n|-damage|p2a: Ursaluna|54\/100 brn|[from] brn\n|upkeep\n|turn|4\n|\n|t:|1699848514\n|switch|p1a: Garganacl|Garganacl, M|100\/100\n|move|p2a: Ursaluna|Protect|p2a: Ursaluna\n|-singleturn|p2a: Ursaluna|Protect\n|move|p1b: Gholdengo|Protect|p1b: Gholdengo\n|-singleturn|p1b: Gholdengo|Protect\n|move|p2b: Cresselia|Ice Beam|p1b: Gholdengo\n|-activate|p1b: Gholdengo|move: Protect\n|\n|-damage|p2a: Ursaluna|48\/100 brn|[from] brn\n|upkeep\n|turn|5\n|c|\u26065ft4inchloser|STOP OUTPLAYING ME\n|c|\u2606Souj|XD\n|\n|t:|1699848542\n|switch|p1b: Kilowattrel|Kilowattrel, M|100\/100\n|-terastallize|p1a: Garganacl|Ghost\n|move|p2a: Ursaluna|Facade|p1a: Garganacl\n|-immune|p1a: Garganacl\n|move|p1a: Garganacl|Rock Slide|p2b: Cresselia|[spread] p2a,p2b\n|-resisted|p2a: Ursaluna\n|-damage|p2a: Ursaluna|40\/100 brn\n|-damage|p2b: Cresselia|0 fnt\n|faint|p2b: Cresselia\n|\n|-damage|p2a: Ursaluna|34\/100 brn|[from] brn\n|-fieldend|move: Trick Room\n|upkeep\n|c|\u26065ft4inchloser|WHAT\n|c|\u2606Souj|XDDD\n|c|\u2606Souj|D\n|c|\u2606Souj|HAHAHAHA\n|-message|5ft4inchloser forfeited.\n|\n|win|Souj\n|raw|Souj's rating: 1496 &rarr; <strong>1513<\/strong><br \/>(+17 for winning)\n|raw|5ft4inchloser's rating: 1452 &rarr; <strong>1435<\/strong><br \/>(-17 for losing)\n|l|\u26065ft4inchloser\n","uploadtime":1699848603,"views":15,"p1id":"souj","p2id":"5ft4inchloser","formatid":"gen9doublesou","rating":1435,"private":0,"password":""}