{"id":"gen9doublesou-1972115709","p1":"majner","p2":"Papaguaino","format":"[Gen 9] Doubles OU","log":"|j|\u2606majner\n|j|\u2606Papaguaino\n|t:|1697814127\n|gametype|doubles\n|player|p1|majner|101|1112\n|player|p2|Papaguaino|169|1040\n|teamsize|p1|6\n|teamsize|p2|6\n|gen|9\n|tier|[Gen 9] Doubles OU\n|rated|\n|rule|Species Clause: Limit one of each Pok\u00e9mon\n|rule|OHKO Clause: OHKO moves are banned\n|rule|Evasion Moves Clause: Evasion moves are banned\n|rule|Gravity Sleep Clause: The combination of sleep-inducing moves with imperfect accuracy and Gravity or Gigantamax Orbeetle are banned\n|rule|Endless Battle Clause: Forcing endless battles is banned\n|rule|HP Percentage Mod: HP is shown in percentages\n|clearpoke\n|poke|p1|Trevenant, M|\n|poke|p1|Torkoal, F|\n|poke|p1|Klefki, M|\n|poke|p1|Lurantis, M|\n|poke|p1|Toxtricity-Low-Key, F|\n|poke|p1|Dedenne, M|\n|poke|p2|Illumise, F|\n|poke|p2|Dragapult, M|\n|poke|p2|Regieleki|\n|poke|p2|Amoonguss, M|\n|poke|p2|Dusknoir, F|\n|poke|p2|Iron Bundle|\n|teampreview\n|\n|t:|1697814168\n|start\n|switch|p1a: Lurantis|Lurantis, M, shiny|100\/100\n|switch|p1b: Klefki|Klefki, M|100\/100\n|switch|p2a: Dusknoir|Dusknoir, F|100\/100\n|switch|p2b: Regieleki|Regieleki|100\/100\n|-ability|p2a: Dusknoir|Pressure\n|turn|1\n|\n|t:|1697814218\n|-terastallize|p1a: Lurantis|Steel\n|move|p1b: Klefki|Metal Sound|p1a: Lurantis\n|-boost|p1a: Lurantis|spd|2\n|move|p2b: Regieleki|Thunder Cage|p1b: Klefki\n|-damage|p1b: Klefki|20\/100\n|-activate|p1b: Klefki|move: Thunder Cage|[of] p2b: Regieleki\n|-damage|p2b: Regieleki|91\/100|[from] item: Life Orb\n|move|p2a: Dusknoir|Fire Punch|p1b: Klefki\n|-supereffective|p1b: Klefki\n|-damage|p1b: Klefki|0 fnt\n|faint|p1b: Klefki\n|move|p1a: Lurantis|Leaf Storm|p2b: Regieleki\n|-damage|p2b: Regieleki|0 fnt\n|-boost|p1a: Lurantis|spa|2\n|faint|p2b: Regieleki\n|\n|upkeep\n|\n|t:|1697814252\n|switch|p2b: Amoonguss|Amoonguss, M|100\/100\n|switch|p1b: Trevenant|Trevenant, M|100\/100\n|turn|2\n|\n|t:|1697814282\n|move|p2b: Amoonguss|Rage Powder|p2b: Amoonguss\n|-singleturn|p2b: Amoonguss|move: Rage Powder\n|move|p1a: Lurantis|Pollen Puff|p2b: Amoonguss\n|-damage|p2b: Amoonguss|69\/100\n|move|p2a: Dusknoir|Fire Punch|p1a: Lurantis\n|-supereffective|p1a: Lurantis\n|-damage|p1a: Lurantis|59\/100\n|move|p1b: Trevenant|Phantom Force||[still]\n|-prepare|p1b: Trevenant|Phantom Force\n|\n|-heal|p2b: Amoonguss|75\/100|[from] item: Leftovers\n|upkeep\n|turn|3\n|\n|t:|1697814308\n|switch|p2a: Illumise|Illumise, F|100\/100\n|move|p1a: Lurantis|Leaf Storm|p2a: Illumise\n|-resisted|p2a: Illumise\n|-damage|p2a: Illumise|45\/100\n|-boost|p1a: Lurantis|spa|2\n|move|p1b: Trevenant|Phantom Force|p2a: Illumise|[from]lockedmove\n|-damage|p2a: Illumise|1\/100\n|-enditem|p2a: Illumise|Aguav Berry|[eat]\n|-heal|p2a: Illumise|35\/100|[from] item: Aguav Berry\n|move|p2b: Amoonguss|Pollen Puff|p1b: Trevenant\n|-damage|p1b: Trevenant|81\/100\n|\n|-heal|p2b: Amoonguss|81\/100|[from] item: Leftovers\n|upkeep\n|turn|4\n|\n|t:|1697814343\n|move|p2a: Illumise|Protect|p2a: Illumise\n|-singleturn|p2a: Illumise|Protect\n|move|p1a: Lurantis|Tera Blast|p2b: Amoonguss|[anim] Tera Blast Steel\n|-damage|p2b: Amoonguss|13\/100\n|move|p1b: Trevenant|Phantom Force||[still]\n|-prepare|p1b: Trevenant|Phantom Force\n|move|p2b: Amoonguss|Pollen Puff|p2a: Illumise\n|-activate|p2a: Illumise|move: Protect\n|\n|-heal|p2b: Amoonguss|19\/100|[from] item: Leftovers\n|upkeep\n|turn|5\n|\n|t:|1697814373\n|move|p2a: Illumise|Tailwind|p2a: Illumise\n|-sidestart|p2: Papaguaino|move: Tailwind\n|move|p2b: Amoonguss|Spore|p1a: Lurantis\n|-status|p1a: Lurantis|slp|[from] move: Spore\n|cant|p1a: Lurantis|slp\n|move|p1b: Trevenant|Phantom Force|p2a: Illumise|[from]lockedmove\n|-damage|p2a: Illumise|0 fnt\n|faint|p2a: Illumise\n|\n|-heal|p2b: Amoonguss|26\/100|[from] item: Leftovers\n|upkeep\n|\n|t:|1697814401\n|switch|p2a: Dusknoir|Dusknoir, F|100\/100\n|-ability|p2a: Dusknoir|Pressure\n|turn|6\n|\n|t:|1697814418\n|move|p1b: Trevenant|Sucker Punch|p2b: Amoonguss\n|-damage|p2b: Amoonguss|2\/100\n|move|p2a: Dusknoir|Fire Punch|p1a: Lurantis\n|-supereffective|p1a: Lurantis\n|-damage|p1a: Lurantis|18\/100 slp\n|move|p2b: Amoonguss|Pollen Puff|p1b: Trevenant\n|-damage|p1b: Trevenant|62\/100\n|cant|p1a: Lurantis|slp\n|\n|-heal|p2b: Amoonguss|8\/100|[from] item: Leftovers\n|upkeep\n|turn|7\n|\n|t:|1697814440\n|switch|p1a: Torkoal|Torkoal, F|100\/100\n|-weather|SunnyDay|[from] ability: Drought|[of] p1a: Torkoal\n|move|p2b: Amoonguss|Protect|p2b: Amoonguss\n|-singleturn|p2b: Amoonguss|Protect\n|move|p1b: Trevenant|Sucker Punch||[still]\n|-fail|p1b: Trevenant\n|move|p2a: Dusknoir|Fire Punch|p1a: Torkoal\n|-resisted|p1a: Torkoal\n|-damage|p1a: Torkoal|93\/100\n|\n|-weather|SunnyDay|[upkeep]\n|-heal|p2b: Amoonguss|15\/100|[from] item: Leftovers\n|upkeep\n|turn|8\n|\n|t:|1697814457\n|move|p2a: Dusknoir|Will-O-Wisp|p1b: Trevenant\n|-status|p1b: Trevenant|brn\n|move|p2b: Amoonguss|Spore|p1a: Torkoal\n|-status|p1a: Torkoal|slp|[from] move: Spore\n|move|p1b: Trevenant|Phantom Force||[still]\n|-prepare|p1b: Trevenant|Phantom Force\n|cant|p1a: Torkoal|slp\n|\n|-weather|SunnyDay|[upkeep]\n|-heal|p2b: Amoonguss|21\/100|[from] item: Leftovers\n|-damage|p1b: Trevenant|56\/100 brn|[from] brn\n|-sideend|p2: Papaguaino|move: Tailwind\n|upkeep\n|turn|9\n|\n|t:|1697814477\n|move|p2b: Amoonguss|Rage Powder|p2b: Amoonguss\n|-singleturn|p2b: Amoonguss|move: Rage Powder\n|move|p2a: Dusknoir|Fire Punch|p1b: Trevenant|[miss]\n|-miss|p2a: Dusknoir|p1b: Trevenant\n|move|p1b: Trevenant|Phantom Force|p2a: Dusknoir|[from]lockedmove\n|-supereffective|p2a: Dusknoir\n|-damage|p2a: Dusknoir|66\/100\n|-curestatus|p1a: Torkoal|slp|[msg]\n|move|p1a: Torkoal|Eruption|p2a: Dusknoir|[spread] p2a,p2b\n|-supereffective|p2b: Amoonguss\n|-damage|p2a: Dusknoir|27\/100\n|-damage|p2b: Amoonguss|0 fnt\n|faint|p2b: Amoonguss\n|\n|-weather|SunnyDay|[upkeep]\n|-damage|p1b: Trevenant|49\/100 brn|[from] brn\n|upkeep\n|\n|t:|1697814486\n|switch|p2b: Dragapult|Dragapult, M|100\/100\n|turn|10\n|\n|t:|1697814501\n|move|p1b: Trevenant|Sucker Punch||[still]\n|-fail|p1b: Trevenant\n|move|p2b: Dragapult|Dragon Darts|p1b: Trevenant\n|-damage|p1b: Trevenant|20\/100 brn\n|-enditem|p1b: Trevenant|Liechi Berry|[eat]\n|-boost|p1b: Trevenant|atk|1|[from] item: Liechi Berry\n|-anim|p2b: Dragapult|Dragon Darts|p1a: Torkoal\n|-damage|p1a: Torkoal|77\/100\n|move|p2a: Dusknoir|Destiny Bond|p2a: Dusknoir\n|-singlemove|p2a: Dusknoir|Destiny Bond\n|move|p1a: Torkoal|Eruption|p2a: Dusknoir|[spread] p2a,p2b\n|-resisted|p2b: Dragapult\n|-damage|p2a: Dusknoir|0 fnt\n|-damage|p2b: Dragapult|77\/100\n|faint|p2a: Dusknoir\n|-activate|p2a: Dusknoir|move: Destiny Bond\n|faint|p1a: Torkoal\n|\n|-weather|SunnyDay|[upkeep]\n|-damage|p1b: Trevenant|14\/100 brn|[from] brn\n|-item|p1b: Trevenant|Liechi Berry|[from] ability: Harvest\n|upkeep\n|-enditem|p1b: Trevenant|Liechi Berry|[eat]\n|-boost|p1b: Trevenant|atk|1|[from] item: Liechi Berry\n|\n|t:|1697814526\n|switch|p2a: Iron Bundle|Iron Bundle|100\/100\n|switch|p1a: Toxtricity|Toxtricity-Low-Key, F|100\/100\n|turn|11\n|\n|t:|1697814564\n|-terastallize|p2a: Iron Bundle|Poison\n|move|p1b: Trevenant|Sucker Punch|p2b: Dragapult\n|-supereffective|p2b: Dragapult\n|-damage|p2b: Dragapult|12\/100\n|move|p2b: Dragapult|Dragon Darts|p1b: Trevenant\n|-damage|p1b: Trevenant|0 fnt\n|-anim|p2b: Dragapult|Dragon Darts|p1a: Toxtricity\n|-damage|p1a: Toxtricity|59\/100\n|faint|p1b: Trevenant\n|move|p1a: Toxtricity|Thunderbolt|p2a: Iron Bundle\n|-damage|p2a: Iron Bundle|7\/100\n|move|p2a: Iron Bundle|Freeze-Dry|p1a: Toxtricity\n|-damage|p1a: Toxtricity|0 fnt\n|faint|p1a: Toxtricity\n|\n|-weather|SunnyDay|[upkeep]\n|upkeep\n|\n|t:|1697814580\n|switch|p1a: Lurantis|Lurantis, M, shiny, tera:Steel|18\/100 slp\n|switch|p1b: Dedenne|Dedenne, M|100\/100\n|-item|p1b: Dedenne|Air Balloon\n|turn|12\n|\n|t:|1697814593\n|move|p2b: Dragapult|Dragon Darts|p1a: Lurantis\n|-resisted|p1a: Lurantis\n|-damage|p1a: Lurantis|3\/100 slp\n|-anim|p2b: Dragapult|Dragon Darts|p1a: Lurantis\n|-resisted|p1a: Lurantis\n|-damage|p1a: Lurantis|0 fnt\n|faint|p1a: Lurantis\n|move|p2a: Iron Bundle|Tera Blast|p1b: Dedenne|[anim] Tera Blast Poison\n|-supereffective|p1b: Dedenne\n|-damage|p1b: Dedenne|0 fnt\n|-enditem|p1b: Dedenne|Air Balloon\n|faint|p1b: Dedenne\n|\n|win|Papaguaino\n|raw|majner's rating: 1112 &rarr; <strong>1082<\/strong><br \/>(-30 for losing)\n|raw|Papaguaino's rating: 1040 &rarr; <strong>1081<\/strong><br \/>(+41 for winning)\n|l|\u2606majner\n","uploadtime":1697814630,"views":6,"p1id":"majner","p2id":"papaguaino","formatid":"gen9doublesou","rating":1081,"private":0,"password":""}