{"id":"gen9doublesou-1979759360","p1":"EkCantDrawLol","p2":"shizuebruh","format":"[Gen 9] Doubles OU","log":"|j|\u2606EkCantDrawLol\n|j|\u2606shizuebruh\n|t:|1698710302\n|gametype|doubles\n|player|p1|EkCantDrawLol|skierf|1480\n|player|p2|shizuebruh|bea-masters|1396\n|teamsize|p1|6\n|teamsize|p2|6\n|gen|9\n|tier|[Gen 9] Doubles OU\n|rated|\n|rule|Species Clause: Limit one of each Pok\u00e9mon\n|rule|OHKO Clause: OHKO moves are banned\n|rule|Evasion Moves Clause: Evasion moves are banned\n|rule|Gravity Sleep Clause: The combination of sleep-inducing moves with imperfect accuracy and Gravity or Gigantamax Orbeetle are banned\n|rule|Endless Battle Clause: Forcing endless battles is banned\n|rule|HP Percentage Mod: HP is shown in percentages\n|clearpoke\n|poke|p1|Ogerpon-Hearthflame, F|\n|poke|p1|Kingambit, M|\n|poke|p1|Tornadus, M|\n|poke|p1|Flutter Mane|\n|poke|p1|Walking Wake|\n|poke|p1|Landorus-Therian, M|\n|poke|p2|Armarouge, M|\n|poke|p2|Indeedee-F, F|\n|poke|p2|Torkoal, F|\n|poke|p2|Iron Hands|\n|poke|p2|Landorus-Therian, M|\n|poke|p2|Sinistcha-Masterpiece|\n|teampreview\n|inactive|Battle timer is ON: inactive players will automatically lose when time's up. (requested by shizuebruh)\n|inactive|EkCantDrawLol has 120 seconds left.\n|inactive|shizuebruh has 120 seconds left.\n|\n|t:|1698710366\n|start\n|switch|p1a: Walking Wake|Walking Wake|100\/100\n|switch|p1b: Ogerpon|Ogerpon-Hearthflame, F|100\/100\n|switch|p2a: Big Robot|Iron Hands, shiny|100\/100\n|switch|p2b: Big poo tail|Landorus-Therian, M|100\/100\n|-ability|p2b: Big poo tail|Intimidate|boost\n|-unboost|p1a: Walking Wake|atk|1\n|-unboost|p1b: Ogerpon|atk|1\n|-ability|p1b: Ogerpon|Mold Breaker\n|turn|1\n|\n|t:|1698710385\n|move|p1b: Ogerpon|Spiky Shield|p1b: Ogerpon\n|-singleturn|p1b: Ogerpon|move: Protect\n|move|p1a: Walking Wake|Protect|p1a: Walking Wake\n|-singleturn|p1a: Walking Wake|Protect\n|move|p2a: Big Robot|Fake Out|p1a: Walking Wake\n|-activate|p1a: Walking Wake|move: Protect\n|move|p2b: Big poo tail|Rock Slide|p1a: Walking Wake|[spread] \n|-activate|p1a: Walking Wake|move: Protect\n|-activate|p1b: Ogerpon|move: Protect\n|\n|upkeep\n|turn|2\n|\n|t:|1698710404\n|switch|p1b: Landorus|Landorus-Therian, M, shiny|100\/100\n|-ability|p1b: Landorus|Intimidate|boost\n|-unboost|p2a: Big Robot|atk|1\n|-unboost|p2b: Big poo tail|atk|1\n|move|p2b: Big poo tail|Rock Slide|p1b: Landorus|[spread] p1a\n|-miss|p2b: Big poo tail|p1b: Landorus\n|-damage|p1a: Walking Wake|86\/100\n|cant|p1a: Walking Wake|flinch\n|move|p2a: Big Robot|Heavy Slam|p1b: Landorus\n|-damage|p1b: Landorus|66\/100\n|\n|-heal|p1a: Walking Wake|92\/100|[from] item: Leftovers\n|upkeep\n|turn|3\n|inactive|shizuebruh has 120 seconds left.\n|\n|t:|1698710452\n|-end|p2a: Big Robot|Quark Drive|[silent]\n|switch|p2a: Curly|Indeedee-F, F|100\/100\n|-fieldstart|move: Psychic Terrain|[from] ability: Psychic Surge|[of] p2a: Curly\n|move|p1b: Landorus|Stomping Tantrum|p2a: Curly\n|-damage|p2a: Curly|42\/100\n|move|p2b: Big poo tail|Rock Slide|p1a: Walking Wake|[spread] p1a,p1b\n|-damage|p1a: Walking Wake|77\/100\n|-damage|p1b: Landorus|46\/100\n|move|p1a: Walking Wake|Hydro Steam|p2b: Big poo tail\n|-supereffective|p2b: Big poo tail\n|-damage|p2b: Big poo tail|10\/100\n|\n|-heal|p1a: Walking Wake|83\/100|[from] item: Leftovers\n|-heal|p2a: Curly|48\/100|[from] item: Leftovers\n|upkeep\n|turn|4\n|inactive|shizuebruh has 120 seconds left.\n|inactive|EkCantDrawLol has 120 seconds left.\n|\n|t:|1698710487\n|switch|p2b: Just a guy|Armarouge, M|100\/100\n|move|p1b: Landorus|Stomping Tantrum|p2a: Curly\n|-damage|p2a: Curly|0 fnt\n|faint|p2a: Curly\n|move|p1a: Walking Wake|Hydro Steam|p2b: Just a guy\n|-supereffective|p2b: Just a guy\n|-damage|p2b: Just a guy|29\/100\n|\n|-heal|p1a: Walking Wake|89\/100|[from] item: Leftovers\n|upkeep\n|\n|t:|1698710497\n|switch|p2a: Tetley|Sinistcha-Masterpiece|100\/100\n|-heal|p2b: Just a guy|54\/100|[from] ability: Hospitality|[of] p2a: Tetley\n|turn|5\n|inactive|shizuebruh has 120 seconds left.\n|\n|t:|1698710508\n|switch|p1b: Kingambit|Kingambit, M|100\/100\n|-terastallize|p2b: Just a guy|Grass\n|move|p1a: Walking Wake|Protect|p1a: Walking Wake\n|-singleturn|p1a: Walking Wake|Protect\n|move|p2a: Tetley|Rage Powder|p2a: Tetley\n|-singleturn|p2a: Tetley|move: Rage Powder\n|move|p2b: Just a guy|Trick Room|p2b: Just a guy\n|-fieldstart|move: Trick Room|[of] p2b: Just a guy\n|\n|-heal|p1a: Walking Wake|95\/100|[from] item: Leftovers\n|upkeep\n|turn|6\n|\n|t:|1698710530\n|switch|p2a: Big poo tail|Landorus-Therian, M|10\/100\n|-ability|p2a: Big poo tail|Intimidate|boost\n|-unboost|p1a: Walking Wake|atk|1\n|-unboost|p1b: Kingambit|atk|1\n|-ability|p1b: Kingambit|Defiant|boost\n|-boost|p1b: Kingambit|atk|2\n|-terastallize|p1b: Kingambit|Dark\n|move|p1b: Kingambit|Kowtow Cleave|p2a: Big poo tail\n|-damage|p2a: Big poo tail|0 fnt\n|faint|p2a: Big poo tail\n|move|p2b: Just a guy|Expanding Force|p1a: Walking Wake|[spread] p1a\n|-immune|p1b: Kingambit\n|-damage|p1a: Walking Wake|36\/100\n|move|p1a: Walking Wake|Dragon Pulse|p2b: Just a guy\n|-damage|p2b: Just a guy|14\/100\n|\n|-heal|p1a: Walking Wake|43\/100|[from] item: Leftovers\n|upkeep\n|inactive|shizuebruh has 120 seconds left.\n|\n|t:|1698710551\n|switch|p2a: Big Robot|Iron Hands, shiny|100\/100\n|turn|7\n|inactive|shizuebruh has 120 seconds left.\n|\n|t:|1698710572\n|move|p1b: Kingambit|Protect|p1b: Kingambit\n|-singleturn|p1b: Kingambit|Protect\n|move|p2b: Just a guy|Protect|p2b: Just a guy\n|-singleturn|p2b: Just a guy|Protect\n|move|p1a: Walking Wake|Protect|p1a: Walking Wake\n|-singleturn|p1a: Walking Wake|Protect\n|move|p2a: Big Robot|Drain Punch|p1b: Kingambit\n|-activate|p1b: Kingambit|move: Protect\n|\n|-heal|p1a: Walking Wake|49\/100|[from] item: Leftovers\n|-fieldend|move: Psychic Terrain\n|upkeep\n|turn|8\n|\n|t:|1698710594\n|switch|p2b: Thomas|Torkoal, F|100\/100\n|-weather|SunnyDay|[from] ability: Drought|[of] p2b: Thomas\n|-activate|p1a: Walking Wake|ability: Protosynthesis\n|-start|p1a: Walking Wake|protosynthesisspa\n|move|p1b: Kingambit|Sucker Punch||[still]\n|-fail|p1b: Kingambit\n|move|p2a: Big Robot|Drain Punch|p1b: Kingambit\n|-supereffective|p1b: Kingambit\n|-damage|p1b: Kingambit|40\/100\n|-enditem|p1b: Kingambit|Sitrus Berry|[eat]\n|-heal|p1b: Kingambit|65\/100|[from] item: Sitrus Berry\n|move|p1a: Walking Wake|Flamethrower|p2a: Big Robot\n|-damage|p2a: Big Robot|70\/100\n|\n|-weather|SunnyDay|[upkeep]\n|-heal|p1a: Walking Wake|55\/100|[from] item: Leftovers\n|upkeep\n|turn|9\n|\n|t:|1698710615\n|move|p1b: Kingambit|Protect|p1b: Kingambit\n|-singleturn|p1b: Kingambit|Protect\n|move|p1a: Walking Wake|Protect|p1a: Walking Wake\n|-singleturn|p1a: Walking Wake|Protect\n|move|p2b: Thomas|Eruption|p1b: Kingambit|[spread] \n|-activate|p1a: Walking Wake|move: Protect\n|-activate|p1b: Kingambit|move: Protect\n|move|p2a: Big Robot|Drain Punch|p1b: Kingambit\n|-activate|p1b: Kingambit|move: Protect\n|\n|-weather|SunnyDay|[upkeep]\n|-heal|p1a: Walking Wake|61\/100|[from] item: Leftovers\n|-fieldend|move: Trick Room\n|upkeep\n|turn|10\n|\n|t:|1698710633\n|move|p1a: Walking Wake|Hydro Steam|p2a: Big Robot\n|-damage|p2a: Big Robot|26\/100\n|move|p2a: Big Robot|Drain Punch|p1b: Kingambit\n|-supereffective|p1b: Kingambit\n|-damage|p1b: Kingambit|5\/100\n|-heal|p2a: Big Robot|53\/100|[from] drain|[of] p1b: Kingambit\n|move|p1b: Kingambit|Kowtow Cleave|p2b: Thomas\n|-damage|p2b: Thomas|17\/100\n|-enditem|p2b: Thomas|Wiki Berry|[eat]\n|-heal|p2b: Thomas|50\/100|[from] item: Wiki Berry\n|move|p2b: Thomas|Eruption|p1b: Kingambit|[spread] p1a,p1b\n|-resisted|p1a: Walking Wake\n|-damage|p1a: Walking Wake|53\/100\n|-damage|p1b: Kingambit|0 fnt\n|faint|p1b: Kingambit\n|\n|-weather|SunnyDay|[upkeep]\n|-heal|p1a: Walking Wake|59\/100|[from] item: Leftovers\n|upkeep\n|\n|t:|1698710646\n|switch|p1b: Flutter Mane|Flutter Mane, shiny|100\/100\n|-activate|p1b: Flutter Mane|ability: Protosynthesis\n|-start|p1b: Flutter Mane|protosynthesisspe\n|turn|11\n|\n|t:|1698710663\n|-end|p2a: Big Robot|Quark Drive|[silent]\n|switch|p2a: Tetley|Sinistcha-Masterpiece|100\/100\n|-heal|p2b: Thomas|75\/100|[from] ability: Hospitality|[of] p2a: Tetley\n|move|p1b: Flutter Mane|Moonblast|p2a: Tetley\n|-damage|p2a: Tetley|46\/100\n|-unboost|p2a: Tetley|spa|1\n|move|p1a: Walking Wake|Hydro Steam|p2b: Thomas\n|-supereffective|p2b: Thomas\n|-damage|p2b: Thomas|0 fnt\n|faint|p2b: Thomas\n|\n|-weather|SunnyDay|[upkeep]\n|-heal|p1a: Walking Wake|65\/100|[from] item: Leftovers\n|upkeep\n|\n|t:|1698710675\n|switch|p2b: Big Robot|Iron Hands, shiny|53\/100\n|turn|12\n|\n|t:|1698710683\n|move|p1b: Flutter Mane|Protect|p1b: Flutter Mane\n|-singleturn|p1b: Flutter Mane|Protect\n|move|p2b: Big Robot|Fake Out|p1a: Walking Wake\n|-damage|p1a: Walking Wake|51\/100\n|cant|p1a: Walking Wake|flinch\n|move|p2a: Tetley|Matcha Gotcha|p1a: Walking Wake|[spread] p1a\n|-activate|p1b: Flutter Mane|move: Protect\n|-damage|p1a: Walking Wake|36\/100\n|-heal|p2a: Tetley|57\/100|[from] drain|[of] p1a: Walking Wake\n|\n|-weather|none\n|-end|p1b: Flutter Mane|Protosynthesis\n|-end|p1a: Walking Wake|Protosynthesis\n|-heal|p1a: Walking Wake|42\/100|[from] item: Leftovers\n|upkeep\n|-enditem|p1b: Flutter Mane|Booster Energy\n|-activate|p1b: Flutter Mane|ability: Protosynthesis|[fromitem]\n|-start|p1b: Flutter Mane|protosynthesisspe\n|turn|13\n|\n|t:|1698710708\n|-end|p1b: Flutter Mane|Protosynthesis|[silent]\n|switch|p1b: Landorus|Landorus-Therian, M, shiny|46\/100\n|-ability|p1b: Landorus|Intimidate|boost\n|-unboost|p2a: Tetley|atk|1\n|-unboost|p2b: Big Robot|atk|1\n|-end|p2b: Big Robot|Quark Drive|[silent]\n|switch|p2b: Just a guy|Armarouge, M, tera:Grass|14\/100\n|move|p1a: Walking Wake|Flamethrower|p2a: Tetley\n|-supereffective|p2a: Tetley\n|-damage|p2a: Tetley|1\/100\n|move|p2a: Tetley|Matcha Gotcha|p1a: Walking Wake|[spread] p1a,p1b\n|-damage|p1a: Walking Wake|26\/100\n|-heal|p2a: Tetley|12\/100|[from] drain|[of] p1a: Walking Wake\n|-damage|p1b: Landorus|26\/100\n|-heal|p2a: Tetley|24\/100|[from] drain|[of] p1b: Landorus\n|-status|p1a: Walking Wake|brn\n|\n|-heal|p1a: Walking Wake|32\/100 brn|[from] item: Leftovers\n|-damage|p1a: Walking Wake|26\/100 brn|[from] brn\n|upkeep\n|turn|14\n|inactive|shizuebruh has 120 seconds left.\n|\n|t:|1698710746\n|move|p1b: Landorus|Rock Slide|p2b: Just a guy|[spread] p2a,p2b\n|-damage|p2a: Tetley|6\/100\n|-damage|p2b: Just a guy|0 fnt\n|faint|p2b: Just a guy\n|move|p1a: Walking Wake|Dragon Pulse|p2a: Tetley\n|-damage|p2a: Tetley|0 fnt\n|faint|p2a: Tetley\n|\n|-heal|p1a: Walking Wake|32\/100 brn|[from] item: Leftovers\n|-damage|p1a: Walking Wake|26\/100 brn|[from] brn\n|upkeep\n|\n|t:|1698710752\n|switch|p2a: Big Robot|Iron Hands, shiny|53\/100\n|turn|15\n|inactive|EkCantDrawLol has 120 seconds left.\n|\n|t:|1698710786\n|switch|p1b: Flutter Mane|Flutter Mane, shiny|100\/100\n|move|p2a: Big Robot|Fake Out|p1b: Flutter Mane\n|-immune|p1b: Flutter Mane\n|move|p1a: Walking Wake|Dragon Pulse|p2a: Big Robot\n|-damage|p2a: Big Robot|29\/100\n|\n|-heal|p1a: Walking Wake|32\/100 brn|[from] item: Leftovers\n|-damage|p1a: Walking Wake|26\/100 brn|[from] brn\n|upkeep\n|turn|16\n|-message|shizuebruh forfeited.\n|\n|win|EkCantDrawLol\n|raw|EkCantDrawLol's rating: 1480 &rarr; <strong>1495<\/strong><br \/>(+15 for winning)\n|raw|shizuebruh's rating: 1396 &rarr; <strong>1381<\/strong><br \/>(-15 for losing)\n|l|\u2606shizuebruh\n","uploadtime":1698710804,"views":16,"p1id":"ekcantdrawlol","p2id":"shizuebruh","formatid":"gen9doublesou","rating":1381,"private":0,"password":""}