{"id":"gen9doublesou-1992637178","p1":"DMartz64","p2":"pkchar","format":"[Gen 9] Doubles OU","log":"|j|\u203dDMartz64\n|j|\u2606pkchar\n|t:|1700218495\n|gametype|doubles\n|player|p1|DMartz64|brock|1270\n|player|p2|pkchar|1|1190\n|teamsize|p1|6\n|teamsize|p2|6\n|gen|9\n|tier|[Gen 9] Doubles OU\n|rated|\n|rule|Species Clause: Limit one of each Pok\u00e9mon\n|rule|OHKO Clause: OHKO moves are banned\n|rule|Evasion Moves Clause: Evasion moves are banned\n|rule|Gravity Sleep Clause: The combination of sleep-inducing moves with imperfect accuracy and Gravity or Gigantamax Orbeetle are banned\n|rule|Endless Battle Clause: Forcing endless battles is banned\n|rule|HP Percentage Mod: HP is shown in percentages\n|clearpoke\n|poke|p1|Garganacl, M|\n|poke|p1|Kleavor, M|\n|poke|p1|Tyranitar, M|\n|poke|p1|Arcanine-Hisui, F|\n|poke|p1|Coalossal, M|\n|poke|p1|Glimmora, F|\n|poke|p2|Oranguru, M|\n|poke|p2|Goodra, M|\n|poke|p2|Kingambit, M|\n|poke|p2|Pawmot, M|\n|poke|p2|Ursaluna, M|\n|poke|p2|Sableye, M|\n|teampreview\n|inactive|Battle timer is ON: inactive players will automatically lose when time's up. (requested by pkchar)\n|\n|t:|1700218513\n|start\n|switch|p1a: Glimmora|Glimmora, F|100\/100\n|switch|p1b: Kleavor|Kleavor, M|100\/100\n|switch|p2a: Oranguru|Oranguru, M|100\/100\n|switch|p2b: Sableye|Sableye, M|100\/100\n|turn|1\n|\n|t:|1700218537\n|move|p2b: Sableye|Skill Swap|p2a: Oranguru\n|-activate|p2b: Sableye|move: Skill Swap|||[of] p2a: Oranguru\n|move|p2a: Oranguru|Substitute|p2a: Oranguru\n|-start|p2a: Oranguru|Substitute\n|-damage|p2a: Oranguru|75\/100\n|move|p1b: Kleavor|Night Slash|p2a: Oranguru\n|-supereffective|p2a: Oranguru\n|-end|p2a: Oranguru|Substitute\n|move|p1a: Glimmora|Mortal Spin|p2a: Oranguru|[spread] p2a,p2b\n|-resisted|p2b: Sableye\n|-damage|p2a: Oranguru|72\/100\n|-damage|p2b: Sableye|98\/100\n|-status|p2a: Oranguru|psn\n|-status|p2b: Sableye|psn\n|\n|-heal|p2b: Sableye|100\/100 psn|[from] item: Leftovers\n|-damage|p2a: Oranguru|60\/100 psn|[from] psn\n|-damage|p2b: Sableye|88\/100 psn|[from] psn\n|upkeep\n|turn|2\n|\n|t:|1700218560\n|move|p2a: Oranguru|Substitute|p2a: Oranguru\n|-start|p2a: Oranguru|Substitute\n|-damage|p2a: Oranguru|35\/100 psn\n|-enditem|p2a: Oranguru|Sitrus Berry|[eat]\n|-heal|p2a: Oranguru|60\/100 psn|[from] item: Sitrus Berry\n|-activate|p2b: Sableye|ability: Symbiosis|Leftovers|[of] p2a: Oranguru\n|move|p1b: Kleavor|Night Slash|p2a: Oranguru\n|-supereffective|p2a: Oranguru\n|-end|p2a: Oranguru|Substitute\n|move|p1a: Glimmora|Energy Ball|p2a: Oranguru\n|-crit|p2a: Oranguru\n|-damage|p2a: Oranguru|26\/100 psn\n|move|p2b: Sableye|Skill Swap|p1a: Glimmora\n|-activate|p2b: Sableye|move: Skill Swap|Toxic Debris|Symbiosis|[of] p1a: Glimmora\n|\n|-heal|p2a: Oranguru|32\/100 psn|[from] item: Leftovers\n|-damage|p2a: Oranguru|20\/100 psn|[from] psn\n|-damage|p2b: Sableye|75\/100 psn|[from] psn\n|upkeep\n|turn|3\n|\n|t:|1700218588\n|move|p2a: Oranguru|Protect|p2a: Oranguru\n|-singleturn|p2a: Oranguru|Protect\n|move|p1b: Kleavor|Night Slash|p2a: Oranguru\n|-activate|p2a: Oranguru|move: Protect\n|move|p1a: Glimmora|Energy Ball|p2b: Sableye\n|-damage|p2b: Sableye|41\/100 psn\n|move|p2b: Sableye|Snarl|p1b: Kleavor|[spread] p1a,p1b\n|-damage|p1a: Glimmora|87\/100\n|-damage|p1b: Kleavor|83\/100\n|-unboost|p1a: Glimmora|spa|1\n|-unboost|p1b: Kleavor|spa|1\n|\n|-heal|p2a: Oranguru|26\/100 psn|[from] item: Leftovers\n|-damage|p2a: Oranguru|14\/100 psn|[from] psn\n|-damage|p2b: Sableye|29\/100 psn|[from] psn\n|upkeep\n|turn|4\n|\n|t:|1700218614\n|move|p2a: Oranguru|After You|p2b: Sableye\n|-activate|p2b: Sableye|move: After You\n|move|p2b: Sableye|Recover|p2b: Sableye\n|-heal|p2b: Sableye|79\/100 psn\n|move|p1b: Kleavor|Night Slash|p2a: Oranguru\n|-supereffective|p2a: Oranguru\n|-damage|p2a: Oranguru|0 fnt\n|faint|p2a: Oranguru\n|move|p1a: Glimmora|Mortal Spin|p2b: Sableye\n|-resisted|p2b: Sableye\n|-damage|p2b: Sableye|75\/100 psn\n|-activate|p2b: Sableye|ability: Toxic Debris\n|-sidestart|p1: DMartz64|move: Toxic Spikes\n|-sideend|p1: DMartz64|Toxic Spikes|[from] move: Mortal Spin|[of] p1a: Glimmora\n|\n|-damage|p2b: Sableye|62\/100 psn|[from] psn\n|upkeep\n|\n|t:|1700218634\n|switch|p2a: Goodra|Goodra, M|100\/100\n|turn|5\n|\n|t:|1700218642\n|move|p1b: Kleavor|Night Slash|p2b: Sableye\n|-damage|p2b: Sableye|7\/100 psn\n|-activate|p2b: Sableye|ability: Toxic Debris\n|-sidestart|p1: DMartz64|move: Toxic Spikes\n|move|p1a: Glimmora|Mortal Spin|p2b: Sableye|[spread] p2a,p2b\n|-resisted|p2b: Sableye\n|-damage|p2a: Goodra|96\/100\n|-damage|p2b: Sableye|4\/100 psn\n|-status|p2a: Goodra|psn\n|-ability|p2a: Goodra|Gooey\n|-unboost|p1a: Glimmora|spe|1\n|-activate|p2b: Sableye|ability: Toxic Debris\n|-sidestart|p1: DMartz64|move: Toxic Spikes\n|-sideend|p1: DMartz64|Toxic Spikes|[from] move: Mortal Spin|[of] p1a: Glimmora\n|move|p2a: Goodra|Life Dew|p2a: Goodra|[spread] p2a,p2b\n|-heal|p2a: Goodra|100\/100 psn\n|-heal|p2b: Sableye|29\/100 psn\n|move|p2b: Sableye|Skill Swap|p2a: Goodra\n|-activate|p2b: Sableye|move: Skill Swap|||[of] p2a: Goodra\n|\n|-damage|p2a: Goodra|88\/100 psn|[from] psn\n|-damage|p2b: Sableye|17\/100 psn|[from] psn\n|upkeep\n|turn|6\n|inactive|pkchar has 120 seconds left.\n|\n|t:|1700218683\n|move|p1b: Kleavor|Night Slash|p2b: Sableye\n|-damage|p2b: Sableye|0 fnt\n|-ability|p2b: Sableye|Gooey\n|-unboost|p1b: Kleavor|spe|1\n|faint|p2b: Sableye\n|move|p1a: Glimmora|Energy Ball|p2a: Goodra\n|-resisted|p2a: Goodra\n|-damage|p2a: Goodra|83\/100 psn\n|-enditem|p2a: Goodra|Maranga Berry|[eat]\n|-boost|p2a: Goodra|spd|1|[from] item: Maranga Berry\n|move|p2a: Goodra|Acid Armor|p2a: Goodra\n|-boost|p2a: Goodra|def|2\n|\n|-damage|p2a: Goodra|71\/100 psn|[from] psn\n|upkeep\n|\n|t:|1700218697\n|switch|p2b: Pawmot|Pawmot, M, shiny|100\/100\n|turn|7\n|\n|t:|1700218715\n|move|p1b: Kleavor|Night Slash|p2b: Pawmot\n|-resisted|p2b: Pawmot\n|-damage|p2b: Pawmot|77\/100\n|move|p2b: Pawmot|Thunder Punch|p1b: Kleavor\n|-damage|p1b: Kleavor|19\/100\n|-heal|p2b: Pawmot|84\/100|[from] item: Shell Bell|[of] p1b: Kleavor\n|move|p1a: Glimmora|Energy Ball|p2b: Pawmot\n|-damage|p2b: Pawmot|50\/100\n|move|p2a: Goodra|Acid Armor|p2a: Goodra\n|-boost|p2a: Goodra|def|2\n|\n|-damage|p2a: Goodra|58\/100 psn|[from] psn\n|upkeep\n|turn|8\n|\n|t:|1700218732\n|move|p1b: Kleavor|Night Slash|p2b: Pawmot\n|-resisted|p2b: Pawmot\n|-damage|p2b: Pawmot|26\/100\n|move|p2b: Pawmot|Ice Punch|p1b: Kleavor\n|-damage|p1b: Kleavor|0 fnt\n|faint|p1b: Kleavor\n|-heal|p2b: Pawmot|28\/100|[from] item: Shell Bell|[of] p1: Kleavor\n|move|p1a: Glimmora|Energy Ball|p2b: Pawmot\n|-damage|p2b: Pawmot|0 fnt\n|faint|p2b: Pawmot\n|move|p2a: Goodra|Life Dew|p2a: Goodra\n|-heal|p2a: Goodra|83\/100 psn\n|\n|-damage|p2a: Goodra|71\/100 psn|[from] psn\n|upkeep\n|inactive|DMartz64 has 120 seconds left.\n|\n|t:|1700218776\n|switch|p1b: Garganacl|Garganacl, M|100\/100\n|switch|p2b: Ursaluna|Ursaluna, M|100\/100\n|turn|9\n|\n|t:|1700218787\n|move|p1a: Glimmora|Energy Ball|p2b: Ursaluna\n|-supereffective|p2b: Ursaluna\n|-damage|p2b: Ursaluna|64\/100\n|move|p2b: Ursaluna|High Horsepower|p1a: Glimmora\n|-supereffective|p1a: Glimmora\n|-damage|p1a: Glimmora|0 fnt\n|faint|p1a: Glimmora\n|move|p1b: Garganacl|Salt Cure|p2a: Goodra\n|-damage|p2a: Goodra|66\/100 psn\n|-start|p2a: Goodra|Salt Cure\n|-activate|p2a: Goodra|ability: Toxic Debris\n|-sidestart|p1: DMartz64|move: Toxic Spikes\n|move|p2a: Goodra|Dragon Tail|p1b: Garganacl\n|-damage|p1b: Garganacl|86\/100\n|drag|p1b: Coalossal|Coalossal, M|100\/100\n|-status|p1b: Coalossal|psn\n|\n|-damage|p2a: Goodra|53\/100 psn|[from] psn\n|-damage|p1b: Coalossal|88\/100 psn|[from] psn\n|-damage|p2a: Goodra|41\/100 psn|[from] Salt Cure\n|-status|p2b: Ursaluna|brn|[from] item: Flame Orb\n|upkeep\n|inactive|DMartz64 has 120 seconds left.\n|\n|t:|1700218811\n|switch|p1a: Tyranitar|Tyranitar, M|100\/100\n|-status|p1a: Tyranitar|psn\n|-weather|Sandstorm|[from] ability: Sand Stream|[of] p1a: Tyranitar\n|turn|10\n|inactive|DMartz64 has 120 seconds left.\n|\n|t:|1700218827\n|-terastallize|p1b: Coalossal|Grass\n|move|p2a: Goodra|Life Dew|p2a: Goodra|[spread] p2a,p2b\n|-heal|p2a: Goodra|66\/100 psn\n|-heal|p2b: Ursaluna|89\/100 brn\n|move|p1b: Coalossal|Tera Blast|p2b: Ursaluna|[anim] Tera Blast Grass\n|-supereffective|p2b: Ursaluna\n|-damage|p2b: Ursaluna|50\/100 brn\n|move|p1a: Tyranitar|Surf|p2b: Ursaluna|[spread] p1b,p2a,p2b\n|-resisted|p1b: Coalossal\n|-resisted|p2a: Goodra\n|-supereffective|p2b: Ursaluna\n|-damage|p1b: Coalossal|83\/100 psn\n|-damage|p2a: Goodra|64\/100 psn\n|-damage|p2b: Ursaluna|26\/100 brn\n|-ability|p1b: Coalossal|Steam Engine|boost\n|-boost|p1b: Coalossal|spe|6\n|-enditem|p1b: Coalossal|Absorb Bulb\n|-boost|p1b: Coalossal|spa|1|[from] item: Absorb Bulb\n|move|p2b: Ursaluna|Drain Punch|p1a: Tyranitar\n|-supereffective|p1a: Tyranitar\n|-damage|p1a: Tyranitar|0 fnt\n|-heal|p2b: Ursaluna|70\/100 brn|[from] drain|[of] p1a: Tyranitar\n|faint|p1a: Tyranitar\n|\n|-weather|Sandstorm|[upkeep]\n|-damage|p1b: Coalossal|76\/100 psn|[from] Sandstorm\n|-damage|p2a: Goodra|57\/100 psn|[from] Sandstorm\n|-damage|p1b: Coalossal|64\/100 psn|[from] psn\n|-damage|p2a: Goodra|45\/100 psn|[from] psn\n|-damage|p2b: Ursaluna|64\/100 brn|[from] brn\n|-damage|p2a: Goodra|32\/100 psn|[from] Salt Cure\n|upkeep\n|inactive|DMartz64 has 120 seconds left.\n|\n|t:|1700218859\n|switch|p1a: Garganacl|Garganacl, M|86\/100\n|turn|11\n|\n|t:|1700218869\n|move|p1b: Coalossal|Power Gem|p2a: Goodra\n|-damage|p2a: Goodra|21\/100 psn\n|move|p2b: Ursaluna|Drain Punch|p1a: Garganacl\n|-supereffective|p1a: Garganacl\n|-damage|p1a: Garganacl|28\/100\n|-heal|p2b: Ursaluna|89\/100 brn|[from] drain|[of] p1a: Garganacl\n|move|p1a: Garganacl|Body Press|p2b: Ursaluna\n|-supereffective|p2b: Ursaluna\n|-damage|p2b: Ursaluna|59\/100 brn\n|move|p2a: Goodra|Dragon Tail|p1b: Coalossal\n|-damage|p1b: Coalossal|48\/100 psn\n|drag|p1b: Arcanine|Arcanine-Hisui, F|100\/100\n|-status|p1b: Arcanine|psn\n|\n|-weather|Sandstorm|[upkeep]\n|-damage|p2a: Goodra|14\/100 psn|[from] Sandstorm\n|-damage|p1b: Arcanine|88\/100 psn|[from] psn\n|-damage|p2a: Goodra|2\/100 psn|[from] psn\n|-damage|p2b: Ursaluna|53\/100 brn|[from] brn\n|-damage|p2a: Goodra|0 fnt|[from] Salt Cure\n|faint|p2a: Goodra\n|upkeep\n|\n|t:|1700218892\n|switch|p2a: Kingambit|Kingambit, M|100\/100\n|-activate|p2a: Kingambit|ability: Supreme Overlord\n|-start|p2a: Kingambit|fallen4|[silent]\n|turn|12\n|\n|t:|1700218905\n|move|p1b: Arcanine|Flare Blitz|p2a: Kingambit\n|-supereffective|p2a: Kingambit\n|-damage|p2a: Kingambit|0 fnt\n|faint|p2a: Kingambit\n|-end|p2a: Kingambit|fallen4|[silent]\n|move|p2b: Ursaluna|Drain Punch|p1b: Arcanine\n|-supereffective|p1b: Arcanine\n|-damage|p1b: Arcanine|0 fnt\n|-heal|p2b: Ursaluna|84\/100 brn|[from] drain|[of] p1b: Arcanine\n|faint|p1b: Arcanine\n|move|p1a: Garganacl|Body Press|p2b: Ursaluna\n|-supereffective|p2b: Ursaluna\n|-damage|p2b: Ursaluna|50\/100 brn\n|\n|-weather|Sandstorm|[upkeep]\n|-damage|p2b: Ursaluna|43\/100 brn|[from] brn\n|upkeep\n|\n|t:|1700218920\n|switch|p1b: Coalossal|Coalossal, M, tera:Grass|48\/100 psn\n|turn|13\n|\n|t:|1700218931\n|move|p1b: Coalossal|Tera Blast|p2b: Ursaluna|[anim] Tera Blast Grass\n|-supereffective|p2b: Ursaluna\n|-damage|p2b: Ursaluna|1\/100 brn\n|move|p2b: Ursaluna|Drain Punch|p1a: Garganacl\n|-supereffective|p1a: Garganacl\n|-damage|p1a: Garganacl|0 fnt\n|-heal|p2b: Ursaluna|13\/100 brn|[from] drain|[of] p1a: Garganacl\n|faint|p1a: Garganacl\n|\n|-weather|Sandstorm|[upkeep]\n|-damage|p1b: Coalossal|42\/100 psn|[from] Sandstorm\n|-damage|p1b: Coalossal|30\/100 psn|[from] psn\n|-damage|p2b: Ursaluna|7\/100 brn|[from] brn\n|upkeep\n|turn|14\n|\n|t:|1700218948\n|move|p1b: Coalossal|Tera Blast|p2b: Ursaluna|[anim] Tera Blast Grass\n|-supereffective|p2b: Ursaluna\n|-damage|p2b: Ursaluna|0 fnt\n|faint|p2b: Ursaluna\n|\n|win|DMartz64\n|raw|DMartz64's rating: 1270 &rarr; <strong>1289<\/strong><br \/>(+19 for winning)\n|raw|pkchar's rating: 1190 &rarr; <strong>1171<\/strong><br \/>(-19 for losing)\n|l|\u2606pkchar\n","uploadtime":1700218984,"views":6,"p1id":"dmartz64","p2id":"pkchar","formatid":"gen9doublesou","rating":1171,"private":0,"password":""}