{"id":"gen9doublesou-1974450185","p1":"AtomBomb69","p2":"TigerSpace02","format":"[Gen 9] Doubles OU","log":"|j|\u2606AtomBomb69\n|j|\u2606TigerSpace02\n|t:|1698087975\n|gametype|doubles\n|player|p1|AtomBomb69|swimmerf-gen4|\n|player|p2|TigerSpace02|blackbelt-gen4dp|\n|teamsize|p1|6\n|teamsize|p2|6\n|gen|9\n|tier|[Gen 9] Doubles OU\n|rule|Species Clause: Limit one of each Pok\u00e9mon\n|rule|OHKO Clause: OHKO moves are banned\n|rule|Evasion Moves Clause: Evasion moves are banned\n|rule|Gravity Sleep Clause: The combination of sleep-inducing moves with imperfect accuracy and Gravity or Gigantamax Orbeetle are banned\n|rule|Endless Battle Clause: Forcing endless battles is banned\n|rule|HP Percentage Mod: HP is shown in percentages\n|clearpoke\n|poke|p1|Typhlosion-Hisui, F|\n|poke|p1|Torkoal, F|\n|poke|p1|Tornadus, M|\n|poke|p1|Flutter Mane|\n|poke|p1|Indeedee, M|\n|poke|p1|Chi-Yu|\n|poke|p2|Ursaluna-Bloodmoon, M|\n|poke|p2|Cresselia, F|\n|poke|p2|Dragonite, M|\n|poke|p2|Chien-Pao|\n|poke|p2|Sinistcha-Masterpiece|\n|poke|p2|Volcanion|\n|teampreview\n|inactive|Battle timer is ON: inactive players will automatically lose when time's up. (requested by AtomBomb69)\n|c|\u2606TigerSpace02|glhf\n|\n|t:|1698087999\n|start\n|switch|p1a: Hisui Typh|Typhlosion-Hisui, F, shiny|100\/100\n|switch|p1b: Nadus|Tornadus, M, shiny|100\/100\n|switch|p2a: Chien-Pao|Chien-Pao|100\/100\n|switch|p2b: Dragonite|Dragonite, M|100\/100\n|-item|p2a: Chien-Pao|Focus Sash|[from] ability: Frisk|[of] p1a: Hisui Typh|[identify]\n|-item|p2b: Dragonite|Choice Band|[from] ability: Frisk|[of] p1a: Hisui Typh|[identify]\n|-ability|p2a: Chien-Pao|Sword of Ruin\n|turn|1\n|inactive|TigerSpace02 has 270 seconds left.\n|c|\u2606AtomBomb69|U2!\n|\n|t:|1698088056\n|switch|p1b: Indeedee|Indeedee, M|100\/100\n|-fieldstart|move: Psychic Terrain|[from] ability: Psychic Surge|[of] p1b: Indeedee\n|-enditem|p1b: Indeedee|Psychic Seed\n|-boost|p1b: Indeedee|spd|1|[from] item: Psychic Seed\n|-terastallize|p1a: Hisui Typh|Fire\n|move|p2a: Chien-Pao|Sucker Punch|p1a: Hisui Typh\n|-activate|p1a: Hisui Typh|move: Psychic Terrain\n|move|p1a: Hisui Typh|Eruption|p2b: Dragonite|[spread] p2a,p2b\n|-supereffective|p2a: Chien-Pao\n|-resisted|p2b: Dragonite\n|-enditem|p2a: Chien-Pao|Focus Sash\n|-damage|p2a: Chien-Pao|1\/100\n|-damage|p2b: Dragonite|58\/100\n|move|p2b: Dragonite|Ice Spinner|p1b: Indeedee\n|-damage|p1b: Indeedee|16\/100\n|-fieldend|move: Psychic Terrain\n|\n|upkeep\n|turn|2\n|\n|t:|1698088086\n|switch|p1a: Torque|Torkoal, F, shiny|100\/100\n|-weather|SunnyDay|[from] ability: Drought|[of] p1a: Torque\n|switch|p1b: Nadus|Tornadus, M, shiny|100\/100\n|move|p2a: Chien-Pao|Sucker Punch||[still]\n|-fail|p2a: Chien-Pao\n|move|p2b: Dragonite|Ice Spinner|p1b: Nadus\n|-supereffective|p1b: Nadus\n|-damage|p1b: Nadus|0 fnt\n|faint|p1b: Nadus\n|\n|-weather|SunnyDay|[upkeep]\n|upkeep\n|inactive|AtomBomb69 has 270 seconds left.\n|\n|t:|1698088102\n|switch|p1b: Indeedee|Indeedee, M|16\/100\n|-fieldstart|move: Psychic Terrain|[from] ability: Psychic Surge|[of] p1b: Indeedee\n|turn|3\n|inactive|TigerSpace02 has 270 seconds left.\n|\n|t:|1698088118\n|move|p2a: Chien-Pao|Protect|p2a: Chien-Pao\n|-singleturn|p2a: Chien-Pao|Protect\n|move|p2b: Dragonite|Ice Spinner|p1b: Indeedee\n|-damage|p1b: Indeedee|0 fnt\n|-fieldend|move: Psychic Terrain\n|faint|p1b: Indeedee\n|move|p1a: Torque|Shell Smash|p1a: Torque\n|-unboost|p1a: Torque|def|1\n|-unboost|p1a: Torque|spd|1\n|-boost|p1a: Torque|atk|2\n|-boost|p1a: Torque|spa|2\n|-boost|p1a: Torque|spe|2\n|-enditem|p1a: Torque|White Herb\n|-clearnegativeboost|p1a: Torque|[silent]\n|\n|-weather|SunnyDay|[upkeep]\n|upkeep\n|inactive|AtomBomb69 has 270 seconds left.\n|\n|t:|1698088136\n|switch|p1b: Chi Dous|Chi-Yu|100\/100\n|-ability|p1b: Chi Dous|Beads of Ruin\n|turn|4\n|\n|t:|1698088156\n|switch|p2b: Volcanion|Volcanion|100\/100\n|move|p2a: Chien-Pao|Sacred Sword|p1b: Chi Dous\n|-supereffective|p1b: Chi Dous\n|-damage|p1b: Chi Dous|0 fnt\n|faint|p1b: Chi Dous\n|move|p1a: Torque|Heat Wave|p2a: Chien-Pao|[spread] p2a,p2b\n|-supereffective|p2a: Chien-Pao\n|-resisted|p2b: Volcanion\n|-damage|p2a: Chien-Pao|0 fnt\n|-damage|p2b: Volcanion|86\/100\n|faint|p2a: Chien-Pao\n|\n|-weather|SunnyDay|[upkeep]\n|upkeep\n|\n|t:|1698088176\n|switch|p2a: Dragonite|Dragonite, M|58\/100\n|switch|p1b: Flutter Mane|Flutter Mane|100\/100\n|-activate|p1b: Flutter Mane|ability: Protosynthesis\n|-start|p1b: Flutter Mane|protosynthesisspa\n|turn|5\n|\n|t:|1698088206\n|switch|p2b: Cresselia|Cresselia, F|100\/100\n|-terastallize|p2a: Dragonite|Normal\n|move|p1b: Flutter Mane|Moonblast|p2a: Dragonite\n|-damage|p2a: Dragonite|0 fnt\n|faint|p2a: Dragonite\n|move|p1a: Torque|Solar Beam||[still]\n|-prepare|p1a: Torque|Solar Beam\n|-anim|p1a: Torque|Solar Beam|p2b: Cresselia\n|-damage|p2b: Cresselia|64\/100\n|\n|-weather|SunnyDay|[upkeep]\n|upkeep\n|\n|t:|1698088217\n|switch|p2a: Ursaluna|Ursaluna-Bloodmoon, M|100\/100\n|turn|6\n|\n|t:|1698088240\n|move|p2b: Cresselia|Ally Switch|p2b: Cresselia\n|swap|p2b: Cresselia|0|[from] move: Ally Switch\n|move|p1b: Flutter Mane|Moonblast|p2a: Cresselia\n|-damage|p2a: Cresselia|14\/100\n|move|p1a: Torque|Solar Beam||[still]\n|-prepare|p1a: Torque|Solar Beam\n|-anim|p1a: Torque|Solar Beam|p2b: Ursaluna\n|-supereffective|p2b: Ursaluna\n|-damage|p2b: Ursaluna|0 fnt\n|faint|p2b: Ursaluna\n|\n|-weather|none\n|-end|p1b: Flutter Mane|Protosynthesis\n|upkeep\n|\n|t:|1698088249\n|switch|p2b: Volcanion|Volcanion|86\/100\n|turn|7\n|\n|t:|1698088262\n|move|p1a: Torque|Protect|p1a: Torque\n|-singleturn|p1a: Torque|Protect\n|move|p1b: Flutter Mane|Moonblast|p2a: Cresselia\n|-damage|p2a: Cresselia|0 fnt\n|faint|p2a: Cresselia\n|move|p2b: Volcanion|Steam Eruption|p1a: Torque\n|-activate|p1a: Torque|move: Protect\n|\n|upkeep\n|\n|t:|1698088265\n|switch|p2a: Sinistcha|Sinistcha-Masterpiece|100\/100\n|-heal|p2b: Volcanion|100\/100|[from] ability: Hospitality|[of] p2a: Sinistcha\n|turn|8\n|\n|t:|1698088279\n|move|p1b: Flutter Mane|Moonblast|p2b: Volcanion\n|-resisted|p2b: Volcanion\n|-damage|p2b: Volcanion|71\/100\n|move|p2a: Sinistcha|Matcha Gotcha|p1a: Torque|[spread] p1a,p1b\n|-resisted|p1a: Torque\n|-damage|p1a: Torque|86\/100\n|-damage|p1b: Flutter Mane|73\/100\n|move|p2b: Volcanion|Heavy Slam|p1b: Flutter Mane\n|-supereffective|p1b: Flutter Mane\n|-damage|p1b: Flutter Mane|0 fnt\n|faint|p1b: Flutter Mane\n|-end|p1b: Flutter Mane|Protosynthesis|[silent]\n|move|p1a: Torque|Heat Wave|p2a: Sinistcha|[spread] p2a,p2b\n|-supereffective|p2a: Sinistcha\n|-resisted|p2b: Volcanion\n|-damage|p2a: Sinistcha|0 fnt\n|-damage|p2b: Volcanion|61\/100\n|faint|p2a: Sinistcha\n|\n|upkeep\n|\n|t:|1698088297\n|switch|p1b: Hisui Typh|Typhlosion-Hisui, F, shiny, tera:Fire|100\/100\n|-item|p2b: Volcanion|Assault Vest|[from] ability: Frisk|[of] p1b: Hisui Typh|[identify]\n|turn|9\n|\n|t:|1698088323\n|move|p1b: Hisui Typh|Shadow Ball|p2b: Volcanion\n|-damage|p2b: Volcanion|31\/100\n|-unboost|p2b: Volcanion|spd|1\n|move|p2b: Volcanion|Steam Eruption|p1b: Hisui Typh\n|-supereffective|p1b: Hisui Typh\n|-damage|p1b: Hisui Typh|0 fnt\n|faint|p1b: Hisui Typh\n|move|p1a: Torque|Solar Beam||[still]\n|-prepare|p1a: Torque|Solar Beam\n|\n|upkeep\n|turn|10\n|\n|t:|1698088335\n|move|p2b: Volcanion|Steam Eruption|p1a: Torque\n|-supereffective|p1a: Torque\n|-damage|p1a: Torque|0 fnt\n|faint|p1a: Torque\n|\n|win|TigerSpace02\n|c|\u2606TigerSpace02|ggs\n|c|\u2606TigerSpace02|that was close\n|c|\u2606AtomBomb69|Gg\n","uploadtime":1698088353,"views":15,"p1id":"atombomb69","p2id":"tigerspace02","formatid":"gen9doublesou","rating":0,"private":0,"password":""}