{"id":"gen9doublesou-1990345240","p1":"ScarfedShuckle op","p2":"Jaiper_Showdown","format":"[Gen 9] Doubles OU","log":"|j|\u2606ScarfedShuckle op\n|j|\u2606Jaiper_Showdown\n|t:|1699959942\n|gametype|doubles\n|player|p1|ScarfedShuckle op|hexmaniac-gen3|1708\n|player|p2|Jaiper_Showdown|nate|1752\n|teamsize|p1|6\n|teamsize|p2|6\n|gen|9\n|tier|[Gen 9] Doubles OU\n|rated|\n|rule|Species Clause: Limit one of each Pok\u00e9mon\n|rule|OHKO Clause: OHKO moves are banned\n|rule|Evasion Moves Clause: Evasion moves are banned\n|rule|Gravity Sleep Clause: The combination of sleep-inducing moves with imperfect accuracy and Gravity or Gigantamax Orbeetle are banned\n|rule|Endless Battle Clause: Forcing endless battles is banned\n|rule|HP Percentage Mod: HP is shown in percentages\n|clearpoke\n|poke|p1|Articuno-Galar|\n|poke|p1|Gholdengo|\n|poke|p1|Regidrago|\n|poke|p1|Ursaluna, F|\n|poke|p1|Arcanine-Hisui, M|\n|poke|p1|Sinistcha-Masterpiece|\n|poke|p2|Zapdos|\n|poke|p2|Tsareena, F|\n|poke|p2|Garchomp, M|\n|poke|p2|Flutter Mane|\n|poke|p2|Overqwil, M|\n|poke|p2|Volcanion|\n|teampreview\n|\n|t:|1699959993\n|start\n|switch|p1a: Articuno|Articuno-Galar, shiny|100\/100\n|switch|p1b: Arcanine|Arcanine-Hisui, M, shiny|100\/100\n|switch|p2a: Overqwil|Overqwil, M|100\/100\n|switch|p2b: Garchomp|Garchomp, M|100\/100\n|-ability|p1b: Arcanine|Intimidate|boost\n|-unboost|p2a: Overqwil|atk|1\n|-unboost|p2b: Garchomp|atk|1\n|-ability|p2a: Overqwil|Intimidate|boost\n|-unboost|p1a: Articuno|atk|1\n|-ability|p1a: Articuno|Competitive|boost\n|-boost|p1a: Articuno|spa|2\n|-unboost|p1b: Arcanine|atk|1\n|turn|1\n|\n|t:|1699960031\n|switch|p1b: Ursaluna|Ursaluna, F, shiny|100\/100\n|move|p2b: Garchomp|Stealth Rock|p1a: Articuno\n|-sidestart|p1: ScarfedShuckle op|move: Stealth Rock\n|move|p1a: Articuno|Tailwind|p1a: Articuno\n|-sidestart|p1: ScarfedShuckle op|move: Tailwind\n|move|p2a: Overqwil|Toxic Spikes|p1a: Articuno\n|-sidestart|p1: ScarfedShuckle op|move: Toxic Spikes\n|\n|-status|p1b: Ursaluna|brn|[from] item: Flame Orb\n|upkeep\n|turn|2\n|\n|t:|1699960048\n|switch|p2a: Zapdos|Zapdos|100\/100\n|move|p1a: Articuno|Freezing Glare|p2b: Garchomp\n|-damage|p2b: Garchomp|3\/100\n|move|p2b: Garchomp|Spikes|p1a: Articuno\n|-sidestart|p1: ScarfedShuckle op|Spikes\n|move|p1b: Ursaluna|Headlong Rush|p2a: Zapdos\n|-immune|p2a: Zapdos\n|\n|-damage|p1b: Ursaluna|94\/100 brn|[from] brn\n|upkeep\n|turn|3\n|\n|t:|1699960063\n|move|p1a: Articuno|Freezing Glare|p2b: Garchomp\n|-damage|p2b: Garchomp|0 fnt\n|faint|p2b: Garchomp\n|move|p1b: Ursaluna|Facade|p2a: Zapdos\n|-damage|p2a: Zapdos|0 fnt\n|faint|p2a: Zapdos\n|\n|-damage|p1b: Ursaluna|88\/100 brn|[from] brn\n|upkeep\n|\n|t:|1699960077\n|switch|p2b: Volcanion|Volcanion|100\/100\n|switch|p2a: Flutter Mane|Flutter Mane|100\/100\n|-enditem|p2a: Flutter Mane|Booster Energy\n|-activate|p2a: Flutter Mane|ability: Protosynthesis|[fromitem]\n|-start|p2a: Flutter Mane|protosynthesisspe\n|turn|4\n|\n|t:|1699960095\n|-terastallize|p1a: Articuno|Dark\n|move|p2b: Volcanion|Protect|p2b: Volcanion\n|-singleturn|p2b: Volcanion|Protect\n|move|p2a: Flutter Mane|Dazzling Gleam|p1a: Articuno|[spread] p1a,p1b\n|-supereffective|p1a: Articuno\n|-damage|p1a: Articuno|44\/100\n|-damage|p1b: Ursaluna|61\/100 brn\n|move|p1b: Ursaluna|Facade|p2b: Volcanion\n|-activate|p2b: Volcanion|move: Protect\n|move|p1a: Articuno|Trick Room|p1a: Articuno\n|-fieldstart|move: Trick Room|[of] p1a: Articuno\n|\n|-damage|p1b: Ursaluna|54\/100 brn|[from] brn\n|-sideend|p1: ScarfedShuckle op|move: Tailwind\n|upkeep\n|turn|5\n|\n|t:|1699960127\n|-end|p2a: Flutter Mane|Protosynthesis|[silent]\n|switch|p2a: Overqwil|Overqwil, M|100\/100\n|-ability|p2a: Overqwil|Intimidate|boost\n|-unboost|p1a: Articuno|atk|1\n|-ability|p1a: Articuno|Competitive|boost\n|-boost|p1a: Articuno|spa|2\n|-unboost|p1b: Ursaluna|atk|1\n|move|p1b: Ursaluna|Facade|p2b: Volcanion\n|-damage|p2b: Volcanion|17\/100\n|move|p1a: Articuno|Freezing Glare|p2a: Overqwil\n|-immune|p2a: Overqwil\n|move|p2b: Volcanion|Heat Wave|p1b: Ursaluna|[spread] p1b\n|-miss|p2b: Volcanion|p1a: Articuno\n|-damage|p1b: Ursaluna|5\/100 brn\n|-damage|p2b: Volcanion|7\/100|[from] item: Life Orb\n|\n|-damage|p1b: Ursaluna|0 fnt|[from] brn\n|faint|p1b: Ursaluna\n|upkeep\n|\n|t:|1699960156\n|switch|p1b: Regidrago|Regidrago, shiny|100\/100\n|-damage|p1b: Regidrago|88\/100|[from] Stealth Rock\n|-status|p1b: Regidrago|psn\n|-damage|p1b: Regidrago|75\/100 psn|[from] Spikes\n|turn|6\n|\n|t:|1699960165\n|move|p2a: Overqwil|Protect|p2a: Overqwil\n|-singleturn|p2a: Overqwil|Protect\n|move|p1b: Regidrago|Dragon Energy|p2b: Volcanion|[spread] p2b\n|-activate|p2a: Overqwil|move: Protect\n|-damage|p2b: Volcanion|0 fnt\n|faint|p2b: Volcanion\n|move|p1a: Articuno|Air Slash|p2a: Overqwil\n|-activate|p2a: Overqwil|move: Protect\n|\n|-damage|p1b: Regidrago|63\/100 psn|[from] psn\n|upkeep\n|\n|t:|1699960175\n|switch|p2b: Flutter Mane|Flutter Mane|100\/100\n|turn|7\n|\n|t:|1699960214\n|move|p2b: Flutter Mane|Protect|p2b: Flutter Mane\n|-singleturn|p2b: Flutter Mane|Protect\n|move|p2a: Overqwil|Barb Barrage|p1b: Regidrago\n|-damage|p1b: Regidrago|19\/100 psn\n|move|p1b: Regidrago|Dragon Pulse|p2a: Overqwil\n|-damage|p2a: Overqwil|30\/100\n|move|p1a: Articuno|Freezing Glare|p2b: Flutter Mane\n|-activate|p2b: Flutter Mane|move: Protect\n|\n|-heal|p2a: Overqwil|36\/100|[from] item: Black Sludge\n|-damage|p1b: Regidrago|6\/100 psn|[from] psn\n|upkeep\n|turn|8\n|\n|t:|1699960231\n|-end|p2b: Flutter Mane|Protosynthesis|[silent]\n|switch|p2b: Tsareena|Tsareena, F|100\/100\n|move|p1b: Regidrago|Dragon Pulse|p2a: Overqwil\n|-damage|p2a: Overqwil|0 fnt\n|faint|p2a: Overqwil\n|move|p1a: Articuno|Freezing Glare|p2b: Tsareena\n|-damage|p2b: Tsareena|2\/100\n|\n|-heal|p2b: Tsareena|8\/100|[from] item: Leftovers\n|-damage|p1b: Regidrago|0 fnt|[from] psn\n|faint|p1b: Regidrago\n|-fieldend|move: Trick Room\n|upkeep\n|\n|t:|1699960246\n|switch|p2a: Flutter Mane|Flutter Mane|100\/100\n|switch|p1b: Gholdengo|Gholdengo, shiny|100\/100\n|-damage|p1b: Gholdengo|94\/100|[from] Stealth Rock\n|-damage|p1b: Gholdengo|82\/100|[from] Spikes\n|turn|9\n|\n|t:|1699960257\n|move|p2a: Flutter Mane|Shadow Ball|p1b: Gholdengo\n|-supereffective|p1b: Gholdengo\n|-damage|p1b: Gholdengo|0 fnt\n|faint|p1b: Gholdengo\n|move|p1a: Articuno|Freezing Glare|p2a: Flutter Mane\n|-damage|p2a: Flutter Mane|0 fnt\n|faint|p2a: Flutter Mane\n|-end|p2a: Flutter Mane|Protosynthesis|[silent]\n|move|p2b: Tsareena|U-turn|p1a: Articuno\n|-supereffective|p1a: Articuno\n|-damage|p1a: Articuno|4\/100\n|\n|-heal|p2b: Tsareena|14\/100|[from] item: Leftovers\n|upkeep\n|\n|t:|1699960270\n|switch|p1b: Sinistcha|Sinistcha-Masterpiece, shiny|100\/100\n|-damage|p1b: Sinistcha|88\/100|[from] Stealth Rock\n|-status|p1b: Sinistcha|psn\n|-damage|p1b: Sinistcha|75\/100 psn|[from] Spikes\n|-heal|p1a: Articuno|29\/100|[from] ability: Hospitality|[of] p1b: Sinistcha\n|turn|10\n|\n|t:|1699960278\n|move|p1a: Articuno|Freezing Glare|p2b: Tsareena\n|-damage|p2b: Tsareena|0 fnt\n|faint|p2b: Tsareena\n|\n|win|ScarfedShuckle op\n|raw|ScarfedShuckle op's rating: 1708 &rarr; <strong>1731<\/strong><br \/>(+23 for winning)\n|raw|Jaiper_Showdown's rating: 1752 &rarr; <strong>1729<\/strong><br \/>(-23 for losing)\n|l|\u2606Jaiper_Showdown\n|l|\u2606ScarfedShuckle op\n|j|\u2606ScarfedShuckle op\n|player|p1|ScarfedShuckle op|hexmaniac-gen3\n","uploadtime":1699960515,"views":6,"p1id":"scarfedshuckleop","p2id":"jaipershowdown","formatid":"gen9doublesou","rating":1729,"private":0,"password":""}