{"id":"gen9doublesou-1993112851","p1":"DracoAxel","p2":"Einstein_pickleton","format":"[Gen 9] Doubles OU","log":"|j|\u2606DracoAxel\n|j|\u2606Einstein_pickleton\n|t:|1700266256\n|gametype|doubles\n|player|p1|DracoAxel|nate|1140\n|player|p2|Einstein_pickleton|scientist-gen4|1223\n|teamsize|p1|6\n|teamsize|p2|6\n|gen|9\n|tier|[Gen 9] Doubles OU\n|rated|\n|rule|Species Clause: Limit one of each Pok\u00e9mon\n|rule|OHKO Clause: OHKO moves are banned\n|rule|Evasion Moves Clause: Evasion moves are banned\n|rule|Gravity Sleep Clause: The combination of sleep-inducing moves with imperfect accuracy and Gravity or Gigantamax Orbeetle are banned\n|rule|Endless Battle Clause: Forcing endless battles is banned\n|rule|HP Percentage Mod: HP is shown in percentages\n|clearpoke\n|poke|p1|Iron Bundle|\n|poke|p1|Pincurchin, F|\n|poke|p1|Ninetales-Alola, M|\n|poke|p1|Iron Hands|\n|poke|p1|Iron Valiant|\n|poke|p1|Skeledirge, M|\n|poke|p2|Enamorus, F|\n|poke|p2|Chien-Pao|\n|poke|p2|Kingambit, M|\n|poke|p2|Regieleki|\n|poke|p2|Iron Bundle|\n|poke|p2|Spectrier|\n|teampreview\n|inactive|Battle timer is ON: inactive players will automatically lose when time's up. (requested by Einstein_pickleton)\n|\n|t:|1700266267\n|start\n|switch|p1a: Ninetales|Ninetales-Alola, M|100\/100\n|switch|p1b: Iron Bundle|Iron Bundle|100\/100\n|switch|p2a: Enamorus|Enamorus, F, shiny|100\/100\n|switch|p2b: Chien-Pao|Chien-Pao|100\/100\n|-ability|p2b: Chien-Pao|Sword of Ruin\n|-weather|Snow|[from] ability: Snow Warning|[of] p1a: Ninetales\n|turn|1\n|\n|t:|1700266285\n|move|p2b: Chien-Pao|Sucker Punch|p1b: Iron Bundle\n|-damage|p1b: Iron Bundle|66\/100\n|move|p1b: Iron Bundle|Blizzard|p2b: Chien-Pao|[spread] p2a,p2b\n|-supereffective|p2a: Enamorus\n|-resisted|p2b: Chien-Pao\n|-damage|p2a: Enamorus|0 fnt\n|-damage|p2b: Chien-Pao|53\/100\n|faint|p2a: Enamorus\n|move|p1a: Ninetales|Aurora Veil|p1a: Ninetales\n|-sidestart|p1: DracoAxel|move: Aurora Veil\n|\n|-weather|Snow|[upkeep]\n|upkeep\n|\n|t:|1700266295\n|switch|p2a: Regieleki|Regieleki|100\/100\n|turn|2\n|\n|t:|1700266301\n|move|p2a: Regieleki|Thunderbolt|p1b: Iron Bundle\n|-supereffective|p1b: Iron Bundle\n|-damage|p1b: Iron Bundle|0 fnt\n|faint|p1b: Iron Bundle\n|-end|p1b: Iron Bundle|Quark Drive|[silent]\n|-damage|p2a: Regieleki|91\/100|[from] item: Life Orb\n|move|p2b: Chien-Pao|Swords Dance|p2b: Chien-Pao\n|-boost|p2b: Chien-Pao|atk|2\n|move|p1a: Ninetales|Baton Pass|p1a: Ninetales\n|\n|t:|1700266310\n|switch|p1a: Pincurchin|Pincurchin, F|100\/100|[from] Baton Pass\n|-fieldstart|move: Electric Terrain|[from] ability: Electric Surge|[of] p1a: Pincurchin\n|\n|-weather|Snow|[upkeep]\n|upkeep\n|\n|t:|1700266316\n|switch|p1b: Iron Valiant|Iron Valiant|100\/100\n|-activate|p1b: Iron Valiant|ability: Quark Drive\n|-start|p1b: Iron Valiant|quarkdrivespe\n|turn|3\n|\n|t:|1700266332\n|switch|p1a: Iron Hands|Iron Hands|100\/100\n|-activate|p1a: Iron Hands|ability: Quark Drive\n|-start|p1a: Iron Hands|quarkdriveatk\n|move|p2b: Chien-Pao|Ice Shard|p1a: Iron Hands\n|-damage|p1a: Iron Hands|74\/100\n|move|p2a: Regieleki|Thunderbolt|p1b: Iron Valiant\n|-damage|p1b: Iron Valiant|0 fnt\n|faint|p1b: Iron Valiant\n|-end|p1b: Iron Valiant|Quark Drive|[silent]\n|-damage|p2a: Regieleki|81\/100|[from] item: Life Orb\n|\n|-weather|Snow|[upkeep]\n|upkeep\n|\n|t:|1700266345\n|switch|p1b: Skeledirge|Skeledirge, M|100\/100\n|turn|4\n|\n|t:|1700266362\n|move|p2b: Chien-Pao|Ice Shard|p1a: Iron Hands\n|-damage|p1a: Iron Hands|48\/100\n|move|p2a: Regieleki|Electro Ball|p1b: Skeledirge\n|-damage|p1b: Skeledirge|34\/100\n|-damage|p2a: Regieleki|71\/100|[from] item: Life Orb\n|move|p1b: Skeledirge|Heat Wave|p2b: Chien-Pao|[spread] p2a,p2b\n|-supereffective|p2b: Chien-Pao\n|-damage|p2a: Regieleki|4\/100\n|-damage|p2b: Chien-Pao|0 fnt\n|faint|p2b: Chien-Pao\n|move|p1a: Iron Hands|Rock Slide|p2a: Regieleki\n|-damage|p2a: Regieleki|0 fnt\n|faint|p2a: Regieleki\n|\n|-weather|Snow|[upkeep]\n|upkeep\n|\n|t:|1700266371\n|switch|p2a: Iron Bundle|Iron Bundle, shiny|100\/100\n|switch|p2b: Spectrier|Spectrier|100\/100\n|-activate|p2a: Iron Bundle|ability: Quark Drive\n|-start|p2a: Iron Bundle|quarkdrivespe\n|turn|5\n|inactive|DracoAxel has 120 seconds left.\n|\n|t:|1700266403\n|move|p2a: Iron Bundle|Fling|p2b: Spectrier\n|-supereffective|p2b: Spectrier\n|-damage|p2b: Spectrier|94\/100\n|-boost|p2b: Spectrier|spe|1|[from] item: Salac Berry\n|-enditem|p2b: Spectrier|Weakness Policy\n|-boost|p2b: Spectrier|atk|2|[from] item: Weakness Policy\n|-boost|p2b: Spectrier|spa|2|[from] item: Weakness Policy\n|-enditem|p2a: Iron Bundle|Salac Berry|[from] move: Fling\n|move|p2b: Spectrier|Shadow Ball|p1b: Skeledirge\n|-supereffective|p1b: Skeledirge\n|-damage|p1b: Skeledirge|0 fnt\n|faint|p1b: Skeledirge\n|-ability|p2b: Spectrier|Grim Neigh|boost\n|-boost|p2b: Spectrier|spa|1\n|move|p1a: Iron Hands|Rock Slide|p2a: Iron Bundle|[spread] p2a,p2b\n|-supereffective|p2a: Iron Bundle\n|-damage|p2a: Iron Bundle|50\/100\n|-damage|p2b: Spectrier|47\/100\n|\n|-weather|none\n|upkeep\n|inactive|DracoAxel has 120 seconds left.\n|\n|t:|1700266427\n|switch|p1b: Pincurchin|Pincurchin, F|100\/100\n|turn|6\n|inactive|DracoAxel has 120 seconds left.\n|\n|t:|1700266442\n|-terastallize|p2b: Spectrier|Normal\n|move|p2a: Iron Bundle|Hydro Pump|p1a: Iron Hands\n|-damage|p1a: Iron Hands|28\/100\n|move|p2b: Spectrier|Shadow Ball|p1b: Pincurchin\n|-damage|p1b: Pincurchin|4\/100\n|move|p1a: Iron Hands|Earthquake|p2b: Spectrier|[spread] p1b,p2a,p2b\n|-supereffective|p1b: Pincurchin\n|-damage|p1b: Pincurchin|0 fnt\n|-damage|p2a: Iron Bundle|3\/100\n|-damage|p2b: Spectrier|0 fnt\n|faint|p1b: Pincurchin\n|faint|p2b: Spectrier\n|\n|upkeep\n|\n|t:|1700266457\n|switch|p2b: Kingambit|Kingambit, M, shiny|100\/100\n|switch|p1b: Ninetales|Ninetales-Alola, M|100\/100\n|-weather|Snow|[from] ability: Snow Warning|[of] p1b: Ninetales\n|turn|7\n|\n|t:|1700266470\n|move|p2a: Iron Bundle|Freeze-Dry|p1a: Iron Hands\n|-damage|p1a: Iron Hands|17\/100\n|move|p1b: Ninetales|Dazzling Gleam|p2b: Kingambit|[spread] p2a,p2b\n|-damage|p2a: Iron Bundle|0 fnt\n|-damage|p2b: Kingambit|83\/100\n|faint|p2a: Iron Bundle\n|-end|p2a: Iron Bundle|Quark Drive|[silent]\n|move|p1a: Iron Hands|Earthquake|p2b: Kingambit|[spread] p1b,p2b\n|-supereffective|p2b: Kingambit\n|-damage|p1b: Ninetales|81\/100\n|-damage|p2b: Kingambit|26\/100\n|move|p2b: Kingambit|Brick Break|p1b: Ninetales\n|-sideend|p1: DracoAxel|move: Aurora Veil\n|-damage|p1b: Ninetales|55\/100\n|-damage|p2b: Kingambit|16\/100|[from] item: Life Orb\n|\n|-weather|Snow|[upkeep]\n|upkeep\n|turn|8\n|\n|t:|1700266487\n|move|p2b: Kingambit|Sucker Punch|p1b: Ninetales\n|-resisted|p1b: Ninetales\n|-crit|p1b: Ninetales\n|-damage|p1b: Ninetales|29\/100\n|-damage|p2b: Kingambit|6\/100|[from] item: Life Orb\n|move|p1b: Ninetales|Dazzling Gleam|p2b: Kingambit\n|-damage|p2b: Kingambit|0 fnt\n|faint|p2b: Kingambit\n|\n|win|DracoAxel\n|raw|DracoAxel's rating: 1140 &rarr; <strong>1171<\/strong><br \/>(+31 for winning)\n|raw|Einstein_pickleton's rating: 1223 &rarr; <strong>1192<\/strong><br \/>(-31 for losing)\n|l|\u2606Einstein_pickleton\n","uploadtime":1700266492,"views":19,"p1id":"dracoaxel","p2id":"einsteinpickleton","formatid":"gen9doublesou","rating":1171,"private":0,"password":""}