{"id":"gen9doublesou-1975150114","p1":"ChimeBliss","p2":"liljkalltheway","format":"[Gen 9] Doubles OU","log":"|j|\u2606ChimeBliss\n|j|\u2606liljkalltheway\n|t:|1698165776\n|gametype|doubles\n|player|p1|ChimeBliss|dawn-gen4pt|1488\n|player|p2|liljkalltheway|psychic-gen4|1485\n|teamsize|p1|6\n|teamsize|p2|6\n|gen|9\n|tier|[Gen 9] Doubles OU\n|rated|\n|rule|Species Clause: Limit one of each Pok\u00e9mon\n|rule|OHKO Clause: OHKO moves are banned\n|rule|Evasion Moves Clause: Evasion moves are banned\n|rule|Gravity Sleep Clause: The combination of sleep-inducing moves with imperfect accuracy and Gravity or Gigantamax Orbeetle are banned\n|rule|Endless Battle Clause: Forcing endless battles is banned\n|rule|HP Percentage Mod: HP is shown in percentages\n|clearpoke\n|poke|p1|Chien-Pao|\n|poke|p1|Tornadus, M|\n|poke|p1|Dragonite, F|\n|poke|p1|Chi-Yu|\n|poke|p1|Flutter Mane|\n|poke|p1|Landorus, M|\n|poke|p2|Maushold-Four|\n|poke|p2|Dudunsparce-*, F|\n|poke|p2|Flamigo, F|\n|poke|p2|Indeedee-F, F|\n|poke|p2|Corviknight, M|\n|poke|p2|Tyranitar, F|\n|teampreview\n|inactive|Battle timer is ON: inactive players will automatically lose when time's up. (requested by ChimeBliss)\n|\n|t:|1698165794\n|start\n|switch|p1a: Chien-Pao|Chien-Pao|100\/100\n|switch|p1b: Tornadus|Tornadus, M|100\/100\n|switch|p2a: Maushold|Maushold-Four|100\/100\n|switch|p2b: Dudunsparce|Dudunsparce-Three-Segment, F|100\/100\n|-ability|p1a: Chien-Pao|Sword of Ruin\n|turn|1\n|\n|t:|1698165809\n|move|p2a: Maushold|Protect|p2a: Maushold\n|-singleturn|p2a: Maushold|Protect\n|move|p1b: Tornadus|Taunt|p2b: Dudunsparce\n|-start|p2b: Dudunsparce|move: Taunt\n|move|p1a: Chien-Pao|Sacred Sword|p2a: Maushold\n|-activate|p2a: Maushold|move: Protect\n|cant|p2b: Dudunsparce|move: Taunt|Coil\n|\n|upkeep\n|turn|2\n|\n|t:|1698165829\n|-terastallize|p2b: Dudunsparce|Psychic\n|move|p1a: Chien-Pao|Sacred Sword|p2b: Dudunsparce\n|-resisted|p2b: Dudunsparce\n|-damage|p2b: Dudunsparce|89\/100\n|move|p2a: Maushold|Beat Up|p2b: Dudunsparce\n|-supereffective|p2b: Dudunsparce\n|-damage|p2b: Dudunsparce|86\/100\n|-ability|p2b: Dudunsparce|Rattled|boost\n|-boost|p2b: Dudunsparce|spe|1\n|-enditem|p2b: Dudunsparce|Weakness Policy\n|-boost|p2b: Dudunsparce|atk|2|[from] item: Weakness Policy\n|-boost|p2b: Dudunsparce|spa|2|[from] item: Weakness Policy\n|-supereffective|p2b: Dudunsparce\n|-damage|p2b: Dudunsparce|82\/100\n|-ability|p2b: Dudunsparce|Rattled|boost\n|-boost|p2b: Dudunsparce|spe|1\n|-supereffective|p2b: Dudunsparce\n|-damage|p2b: Dudunsparce|77\/100\n|-ability|p2b: Dudunsparce|Rattled|boost\n|-boost|p2b: Dudunsparce|spe|1\n|-supereffective|p2b: Dudunsparce\n|-damage|p2b: Dudunsparce|75\/100\n|-ability|p2b: Dudunsparce|Rattled|boost\n|-boost|p2b: Dudunsparce|spe|1\n|-supereffective|p2b: Dudunsparce\n|-damage|p2b: Dudunsparce|72\/100\n|-ability|p2b: Dudunsparce|Rattled|boost\n|-boost|p2b: Dudunsparce|spe|1\n|-supereffective|p2b: Dudunsparce\n|-damage|p2b: Dudunsparce|67\/100\n|-ability|p2b: Dudunsparce|Rattled|boost\n|-boost|p2b: Dudunsparce|spe|1\n|-hitcount|p2b: Dudunsparce|6\n|move|p2b: Dudunsparce|Boomburst|p1a: Chien-Pao|[spread] p2a,p1a,p1b\n|-crit|p1a: Chien-Pao\n|-crit|p1b: Tornadus\n|-damage|p2a: Maushold|33\/100\n|-enditem|p1a: Chien-Pao|Focus Sash\n|-damage|p1a: Chien-Pao|1\/100\n|-enditem|p1b: Tornadus|Focus Sash\n|-damage|p1b: Tornadus|1\/100\n|move|p1b: Tornadus|Bleakwind Storm|p2b: Dudunsparce|[spread] p2a,p2b\n|-damage|p2a: Maushold|0 fnt\n|-damage|p2b: Dudunsparce|44\/100\n|faint|p2a: Maushold\n|\n|upkeep\n|inactive|liljkalltheway has 120 seconds left.\n|\n|t:|1698165874\n|switch|p2a: Flamigo|Flamigo, F|100\/100\n|-copyboost|p2a: Flamigo|p2b: Dudunsparce|[from] ability: Costar\n|turn|3\n|inactive|ChimeBliss has 120 seconds left.\n|\n|t:|1698165904\n|move|p1b: Tornadus|Tailwind|p1b: Tornadus\n|-sidestart|p1: ChimeBliss|move: Tailwind\n|move|p2a: Flamigo|Throat Chop|p1b: Tornadus\n|-damage|p1b: Tornadus|0 fnt\n|faint|p1b: Tornadus\n|-damage|p2a: Flamigo|91\/100|[from] item: Life Orb\n|move|p1a: Chien-Pao|Ice Spinner|p2a: Flamigo\n|-supereffective|p2a: Flamigo\n|-damage|p2a: Flamigo|0 fnt\n|faint|p2a: Flamigo\n|move|p2b: Dudunsparce|Boomburst|p1a: Chien-Pao\n|-damage|p1a: Chien-Pao|0 fnt\n|faint|p1a: Chien-Pao\n|\n|-end|p2b: Dudunsparce|move: Taunt\n|upkeep\n|inactive|liljkalltheway has 120 seconds left.\n|inactive|ChimeBliss has 120 seconds left.\n|\n|t:|1698165932\n|switch|p1a: Landorus|Landorus, M|100\/100\n|switch|p1b: Chi-Yu|Chi-Yu|100\/100\n|switch|p2a: Indeedee|Indeedee-F, F|100\/100\n|-ability|p1b: Chi-Yu|Beads of Ruin\n|-fieldstart|move: Psychic Terrain|[from] ability: Psychic Surge|[of] p2a: Indeedee\n|turn|4\n|inactive|ChimeBliss has 120 seconds left.\n|\n|t:|1698165961\n|move|p1b: Chi-Yu|Heat Wave|p2a: Indeedee|[spread] p2a,p2b\n|-damage|p2a: Indeedee|54\/100\n|-damage|p2b: Dudunsparce|9\/100\n|move|p1a: Landorus|Sandsear Storm|p2a: Indeedee|[spread] p2a,p2b\n|-crit|p2a: Indeedee\n|-damage|p2a: Indeedee|0 fnt\n|-damage|p2b: Dudunsparce|0 fnt\n|faint|p2a: Indeedee\n|faint|p2b: Dudunsparce\n|\n|upkeep\n|\n|t:|1698165972\n|switch|p2a: Corviknight|Corviknight, M|100\/100\n|switch|p2b: Tyranitar|Tyranitar, F|100\/100\n|-weather|Sandstorm|[from] ability: Sand Stream|[of] p2b: Tyranitar\n|-item|p2b: Tyranitar|Air Balloon\n|turn|5\n|\n|t:|1698165993\n|move|p1a: Landorus|Protect|p1a: Landorus\n|-singleturn|p1a: Landorus|Protect\n|move|p1b: Chi-Yu|Heat Wave|p2b: Tyranitar|[spread] p2b\n|-miss|p1b: Chi-Yu|p2a: Corviknight\n|-resisted|p2b: Tyranitar\n|-damage|p2b: Tyranitar|90\/100\n|-enditem|p2b: Tyranitar|Air Balloon\n|move|p2a: Corviknight|Iron Defense|p2a: Corviknight\n|-boost|p2a: Corviknight|def|2\n|move|p2b: Tyranitar|Avalanche|p1a: Landorus\n|-activate|p1a: Landorus|move: Protect\n|\n|-weather|Sandstorm|[upkeep]\n|-damage|p1b: Chi-Yu|95\/100|[from] Sandstorm\n|upkeep\n|turn|6\n|\n|t:|1698166013\n|move|p1b: Chi-Yu|Heat Wave|p2b: Tyranitar|[spread] p2a,p2b\n|-supereffective|p2a: Corviknight\n|-resisted|p2b: Tyranitar\n|-damage|p2a: Corviknight|30\/100\n|-damage|p2b: Tyranitar|79\/100\n|-enditem|p2a: Corviknight|Sitrus Berry|[eat]\n|-heal|p2a: Corviknight|55\/100|[from] item: Sitrus Berry\n|move|p1a: Landorus|Earth Power|p2b: Tyranitar\n|-supereffective|p2b: Tyranitar\n|-damage|p2b: Tyranitar|0 fnt\n|faint|p2b: Tyranitar\n|move|p2a: Corviknight|Roost|p2a: Corviknight\n|-heal|p2a: Corviknight|100\/100\n|-singleturn|p2a: Corviknight|move: Roost\n|\n|-weather|Sandstorm|[upkeep]\n|-damage|p1b: Chi-Yu|89\/100|[from] Sandstorm\n|-sideend|p1: ChimeBliss|move: Tailwind\n|upkeep\n|turn|7\n|\n|t:|1698166029\n|switch|p1a: Dragonite|Dragonite, F, shiny|100\/100\n|move|p1b: Chi-Yu|Heat Wave|p2a: Corviknight\n|-supereffective|p2a: Corviknight\n|-damage|p2a: Corviknight|0 fnt\n|faint|p2a: Corviknight\n|\n|win|ChimeBliss\n|raw|ChimeBliss's rating: 1488 &rarr; <strong>1508<\/strong><br \/>(+20 for winning)\n|raw|liljkalltheway's rating: 1485 &rarr; <strong>1465<\/strong><br \/>(-20 for losing)\n","uploadtime":1698166034,"views":10,"p1id":"chimebliss","p2id":"liljkalltheway","formatid":"gen9doublesou","rating":1465,"private":0,"password":""}