{"id":"gen9doublesou-1970495405","p1":"GOD MAGIKARP11","p2":"DaQuanLol","format":"[Gen 9] Doubles OU","log":"|j|\u2606GOD MAGIKARP11\n|j|\u2606DaQuanLol\n|t:|1697643435\n|gametype|doubles\n|player|p1|GOD MAGIKARP11|169|1247\n|player|p2|DaQuanLol|2|1302\n|teamsize|p1|6\n|teamsize|p2|6\n|gen|9\n|tier|[Gen 9] Doubles OU\n|rated|\n|rule|Species Clause: Limit one of each Pok\u00e9mon\n|rule|OHKO Clause: OHKO moves are banned\n|rule|Evasion Moves Clause: Evasion moves are banned\n|rule|Gravity Sleep Clause: The combination of sleep-inducing moves with imperfect accuracy and Gravity or Gigantamax Orbeetle are banned\n|rule|Endless Battle Clause: Forcing endless battles is banned\n|rule|HP Percentage Mod: HP is shown in percentages\n|clearpoke\n|poke|p1|Azelf|\n|poke|p1|Flutter Mane|\n|poke|p1|Bronzong|\n|poke|p1|Garganacl, M|\n|poke|p1|Arcanine, M|\n|poke|p1|Samurott-Hisui, F|\n|poke|p2|Chien-Pao|\n|poke|p2|Flutter Mane|\n|poke|p2|Tornadus, M|\n|poke|p2|Arcanine-Hisui, F|\n|poke|p2|Iron Hands, L99|\n|poke|p2|Ogerpon-Wellspring, F|\n|teampreview\n|inactive|Battle timer is ON: inactive players will automatically lose when time's up. (requested by GOD MAGIKARP11)\n|\n|t:|1697643445\n|start\n|switch|p1a: Azelf|Azelf|100\/100\n|switch|p1b: Flutter Mane|Flutter Mane|100\/100\n|switch|p2a: Iron Hands|Iron Hands, L99|100\/100\n|switch|p2b: Arcanine|Arcanine-Hisui, F, shiny|100\/100\n|turn|1\n|\n|t:|1697643459\n|-terastallize|p1a: Azelf|Normal\n|move|p1b: Flutter Mane|Dazzling Gleam|p2b: Arcanine|[spread] p2a,p2b\n|-supereffective|p2a: Iron Hands\n|-resisted|p2b: Arcanine\n|-damage|p2a: Iron Hands|41\/100\n|-damage|p2b: Arcanine|88\/100\n|move|p1a: Azelf|Explosion|p2b: Arcanine|[spread] p2a,p2b\n|-immune|p1b: Flutter Mane\n|-enditem|p1a: Azelf|Normal Gem|[from] gem\n|-resisted|p2b: Arcanine\n|-damage|p2a: Iron Hands|0 fnt\n|-damage|p2b: Arcanine|0 fnt\n|faint|p1a: Azelf\n|faint|p2a: Iron Hands\n|-end|p2a: Iron Hands|Quark Drive|[silent]\n|faint|p2b: Arcanine\n|\n|upkeep\n|c|\u2606DaQuanLol|wtf\n|c|\u2606GOD MAGIKARP11|lmao\n|\n|t:|1697643483\n|switch|p1a: Samurott|Samurott-Hisui, F, shiny|100\/100\n|switch|p2b: Tornadus|Tornadus, M|100\/100\n|switch|p2a: Flutter Mane|Flutter Mane|100\/100\n|turn|2\n|c|\u2606DaQuanLol|exploding Azelf is wilddd\n|c|\u2606GOD MAGIKARP11|cool right\n|\n|t:|1697643500\n|-terastallize|p2a: Flutter Mane|Fairy\n|move|p1b: Flutter Mane|Protect|p1b: Flutter Mane\n|-singleturn|p1b: Flutter Mane|Protect\n|move|p2b: Tornadus|Tailwind|p2b: Tornadus\n|-sidestart|p2: DaQuanLol|move: Tailwind\n|move|p2a: Flutter Mane|Shadow Ball|p1b: Flutter Mane\n|-activate|p1b: Flutter Mane|move: Protect\n|move|p1a: Samurott|Ceaseless Edge|p2a: Flutter Mane\n|-resisted|p2a: Flutter Mane\n|-damage|p2a: Flutter Mane|49\/100\n|-sidestart|p2: DaQuanLol|Spikes\n|\n|upkeep\n|turn|3\n|\n|t:|1697643522\n|-end|p1b: Flutter Mane|Protosynthesis|[silent]\n|switch|p1b: Garganacl|Garganacl, M|100\/100\n|move|p1a: Samurott|Protect|p1a: Samurott\n|-singleturn|p1a: Samurott|Protect\n|move|p2a: Flutter Mane|Shadow Ball|p1b: Garganacl\n|-damage|p1b: Garganacl|80\/100\n|move|p2b: Tornadus|Bleakwind Storm|p1b: Garganacl|[spread] p1b\n|-activate|p1a: Samurott|move: Protect\n|-resisted|p1b: Garganacl\n|-crit|p1b: Garganacl\n|-damage|p1b: Garganacl|61\/100\n|\n|upkeep\n|turn|4\n|\n|t:|1697643542\n|-end|p2a: Flutter Mane|Protosynthesis|[silent]\n|switch|p2a: Ogerpon|Ogerpon-Wellspring, F|100\/100\n|-damage|p2a: Ogerpon|88\/100|[from] Spikes\n|move|p1a: Samurott|Aqua Jet|p2a: Ogerpon\n|-heal|p2a: Ogerpon|100\/100|[from] ability: Water Absorb|[of] p1a: Samurott\n|move|p2b: Tornadus|Sludge Bomb|p1a: Samurott\n|-damage|p1a: Samurott|53\/100\n|move|p1b: Garganacl|Salt Cure|p2b: Tornadus\n|-supereffective|p2b: Tornadus\n|-damage|p2b: Tornadus|56\/100\n|-start|p2b: Tornadus|Salt Cure\n|\n|-damage|p2b: Tornadus|43\/100|[from] Salt Cure\n|upkeep\n|turn|5\n|\n|t:|1697643566\n|switch|p1b: Bronzong|Bronzong|100\/100\n|move|p2b: Tornadus|Sludge Bomb|p1a: Samurott\n|-damage|p1a: Samurott|8\/100\n|-enditem|p1a: Samurott|Figy Berry|[eat]\n|-heal|p1a: Samurott|41\/100|[from] item: Figy Berry\n|move|p2a: Ogerpon|Horn Leech|p1b: Bronzong\n|-resisted|p1b: Bronzong\n|-damage|p1b: Bronzong|80\/100\n|move|p1a: Samurott|Ceaseless Edge|p2a: Ogerpon\n|-damage|p2a: Ogerpon|39\/100\n|-sidestart|p2: DaQuanLol|Spikes\n|\n|-damage|p2b: Tornadus|31\/100|[from] Salt Cure\n|-sideend|p2: DaQuanLol|move: Tailwind\n|upkeep\n|turn|6\n|\n|t:|1697643586\n|move|p1a: Samurott|Protect|p1a: Samurott\n|-singleturn|p1a: Samurott|Protect\n|move|p2b: Tornadus|Bleakwind Storm|p1a: Samurott|[spread] p1b\n|-activate|p1a: Samurott|move: Protect\n|-resisted|p1b: Bronzong\n|-damage|p1b: Bronzong|69\/100\n|move|p2a: Ogerpon|Horn Leech|p1a: Samurott\n|-activate|p1a: Samurott|move: Protect\n|move|p1b: Bronzong|Stealth Rock|p2a: Ogerpon\n|-sidestart|p2: DaQuanLol|move: Stealth Rock\n|\n|-damage|p2b: Tornadus|19\/100|[from] Salt Cure\n|upkeep\n|turn|7\n|\n|t:|1697643607\n|switch|p1a: Arcanine|Arcanine, M|100\/100\n|-ability|p1a: Arcanine|Intimidate|boost\n|-unboost|p2a: Ogerpon|atk|1\n|-unboost|p2b: Tornadus|atk|1\n|move|p2b: Tornadus|Tailwind|p2b: Tornadus\n|-sidestart|p2: DaQuanLol|move: Tailwind\n|move|p2a: Ogerpon|Horn Leech|p1a: Arcanine\n|-resisted|p1a: Arcanine\n|-damage|p1a: Arcanine|83\/100\n|-heal|p2a: Ogerpon|50\/100|[from] drain|[of] p1a: Arcanine\n|move|p1b: Bronzong|Light Screen|p1b: Bronzong\n|-sidestart|p1: GOD MAGIKARP11|move: Light Screen\n|\n|-damage|p2b: Tornadus|6\/100|[from] Salt Cure\n|upkeep\n|turn|8\n|\n|t:|1697643633\n|move|p2b: Tornadus|Bleakwind Storm|p1b: Bronzong|[spread] p1a,p1b\n|-resisted|p1b: Bronzong\n|-damage|p1a: Arcanine|64\/100\n|-damage|p1b: Bronzong|60\/100\n|move|p2a: Ogerpon|Ivy Cudgel|p1a: Arcanine\n|-supereffective|p1a: Arcanine\n|-damage|p1a: Arcanine|0 fnt\n|faint|p1a: Arcanine\n|move|p1b: Bronzong|Gyro Ball|p2a: Ogerpon\n|-resisted|p2a: Ogerpon\n|-damage|p2a: Ogerpon|17\/100\n|\n|-damage|p2b: Tornadus|0 fnt|[from] Salt Cure\n|faint|p2b: Tornadus\n|upkeep\n|\n|t:|1697643648\n|switch|p2b: Chien-Pao|Chien-Pao|100\/100\n|switch|p1a: Flutter Mane|Flutter Mane|100\/100\n|-damage|p2b: Chien-Pao|84\/100|[from] Spikes\n|-damage|p2b: Chien-Pao|59\/100|[from] Stealth Rock\n|-ability|p2b: Chien-Pao|Sword of Ruin\n|turn|9\n|\n|t:|1697643668\n|move|p1a: Flutter Mane|Protect|p1a: Flutter Mane\n|-singleturn|p1a: Flutter Mane|Protect\n|move|p2b: Chien-Pao|Sucker Punch|p1b: Bronzong\n|-supereffective|p1b: Bronzong\n|-damage|p1b: Bronzong|0 fnt\n|faint|p1b: Bronzong\n|-damage|p2b: Chien-Pao|49\/100|[from] item: Life Orb\n|move|p2a: Ogerpon|Ivy Cudgel|p1a: Flutter Mane\n|-activate|p1a: Flutter Mane|move: Protect\n|\n|upkeep\n|\n|t:|1697643677\n|switch|p1b: Samurott|Samurott-Hisui, F, shiny|41\/100\n|turn|10\n|\n|t:|1697643688\n|-end|p1a: Flutter Mane|Protosynthesis|[silent]\n|switch|p1a: Garganacl|Garganacl, M|61\/100\n|move|p2b: Chien-Pao|Sucker Punch||[still]\n|-fail|p2b: Chien-Pao\n|move|p2a: Ogerpon|Horn Leech|p1b: Samurott\n|-supereffective|p1b: Samurott\n|-damage|p1b: Samurott|0 fnt\n|-heal|p2a: Ogerpon|39\/100|[from] drain|[of] p1b: Samurott\n|faint|p1b: Samurott\n|\n|-sideend|p2: DaQuanLol|move: Tailwind\n|upkeep\n|\n|t:|1697643696\n|switch|p1b: Flutter Mane|Flutter Mane|100\/100\n|turn|11\n|\n|t:|1697643705\n|move|p1b: Flutter Mane|Protect|p1b: Flutter Mane\n|-singleturn|p1b: Flutter Mane|Protect\n|move|p2b: Chien-Pao|Sucker Punch||[still]\n|-fail|p2b: Chien-Pao\n|move|p2a: Ogerpon|Ivy Cudgel|p1a: Garganacl\n|-supereffective|p1a: Garganacl\n|-damage|p1a: Garganacl|0 fnt\n|faint|p1a: Garganacl\n|\n|-sideend|p1: GOD MAGIKARP11|move: Light Screen\n|upkeep\n|turn|12\n|\n|t:|1697643714\n|move|p2b: Chien-Pao|Sucker Punch|p1b: Flutter Mane\n|-enditem|p1b: Flutter Mane|Focus Sash\n|-damage|p1b: Flutter Mane|1\/100\n|-damage|p2b: Chien-Pao|39\/100|[from] item: Life Orb\n|move|p1b: Flutter Mane|Dazzling Gleam|p2b: Chien-Pao|[spread] p2a,p2b\n|-supereffective|p2b: Chien-Pao\n|-damage|p2a: Ogerpon|0 fnt\n|-damage|p2b: Chien-Pao|0 fnt\n|faint|p2a: Ogerpon\n|faint|p2b: Chien-Pao\n|\n|upkeep\n|\n|t:|1697643721\n|switch|p2b: Flutter Mane|Flutter Mane, tera:Fairy|49\/100\n|-damage|p2b: Flutter Mane|33\/100|[from] Spikes\n|-damage|p2b: Flutter Mane|20\/100|[from] Stealth Rock\n|turn|13\n|\n|t:|1697643733\n|move|p1b: Flutter Mane|Hyper Voice|p2b: Flutter Mane\n|-damage|p2b: Flutter Mane|0 fnt\n|faint|p2b: Flutter Mane\n|-end|p2b: Flutter Mane|Protosynthesis|[silent]\n|\n|win|GOD MAGIKARP11\n|raw|GOD MAGIKARP11's rating: 1247 &rarr; <strong>1278<\/strong><br \/>(+31 for winning)\n|raw|DaQuanLol's rating: 1334 &rarr; <strong>1309<\/strong><br \/>(-25 for losing)\n|c|\u2606DaQuanLol|gg\n|c|\u2606GOD MAGIKARP11|gg\n|c|\u2606DaQuanLol|how you faster\n|c|\u2606DaQuanLol|speed tie?\n|c|\u2606GOD MAGIKARP11|I think so\n|c|\u2606DaQuanLol|ah\n|c|\u2606DaQuanLol|fair\n|c|\u2606DaQuanLol|gg\n|l|\u2606DaQuanLol\n|c|\u2606GOD MAGIKARP11|gg bro\n","uploadtime":1697643739,"views":19,"p1id":"godmagikarp11","p2id":"daquanlol","formatid":"gen9doublesou","rating":1278,"private":0,"password":""}