{"id":"gen9doublesou-1968314048","p1":"funymna","p2":"Champion's Melody","format":"[Gen 9] Doubles OU","log":"|html|<div class=\"broadcast-blue\"><strong>[Gen 9] Doubles OU is currently suspecting Basculegion & Flutter Mane! For information on how to participate check out the <a href=\"https:\/\/www.smogon.com\/forums\/threads\/np-sv-dou-stage-8-double-trouble.3729153\/\">suspect thread<\/a>.<\/strong><\/div>\n|j|\u2606funymna\n|j|\u2606Champion's Melody\n|t:|1697405173\n|gametype|doubles\n|player|p1|funymna|iris-gen5bw2|1155\n|player|p2|Champion's Melody|cynthia|1231\n|teamsize|p1|6\n|teamsize|p2|6\n|gen|9\n|tier|[Gen 9] Doubles OU\n|rated|\n|rule|Species Clause: Limit one of each Pok\u00e9mon\n|rule|OHKO Clause: OHKO moves are banned\n|rule|Evasion Moves Clause: Evasion moves are banned\n|rule|Gravity Sleep Clause: The combination of sleep-inducing moves with imperfect accuracy and Gravity or Gigantamax Orbeetle are banned\n|rule|Endless Battle Clause: Forcing endless battles is banned\n|rule|HP Percentage Mod: HP is shown in percentages\n|clearpoke\n|poke|p1|Ogerpon-Hearthflame, F|\n|poke|p1|Goodra-Hisui, F|\n|poke|p1|Flutter Mane|\n|poke|p1|Torkoal, M|\n|poke|p1|Delphox, F|\n|poke|p1|Iron Hands|\n|poke|p2|Lurantis, F|\n|poke|p2|Gliscor, F|\n|poke|p2|Salazzle, F|\n|poke|p2|Kleavor, F|\n|poke|p2|Basculegion-F, F|\n|poke|p2|Empoleon, F|\n|teampreview\n|inactive|Battle timer is ON: inactive players will automatically lose when time's up. (requested by Champion's Melody)\n|inactive|funymna also wants the timer to be on.\n|\n|t:|1697405182\n|start\n|switch|p1a: Delphox|Delphox, F|100\/100\n|switch|p1b: Torkoal|Torkoal, M|100\/100\n|switch|p2a: Kleavor|Kleavor, F|100\/100\n|switch|p2b: Empoleon|Empoleon, F|100\/100\n|-weather|SunnyDay|[from] ability: Drought|[of] p1b: Torkoal\n|turn|1\n|inactive|funymna has 120 seconds left.\n|\n|t:|1697405220\n|switch|p1b: Ogerpon|Ogerpon-Hearthflame, F|100\/100\n|-ability|p1b: Ogerpon|Mold Breaker\n|move|p1a: Delphox|Skill Swap|p2b: Empoleon\n|-activate|p1a: Delphox|move: Skill Swap|Competitive|Magician|[of] p2b: Empoleon\n|move|p2a: Kleavor|Stone Axe|p1a: Delphox\n|-supereffective|p1a: Delphox\n|-damage|p1a: Delphox|0 fnt\n|-sidestart|p1: funymna|move: Stealth Rock\n|faint|p1a: Delphox\n|move|p2b: Empoleon|Hydro Pump|p1b: Ogerpon\n|-damage|p1b: Ogerpon|54\/100\n|\n|-weather|SunnyDay|[upkeep]\n|upkeep\n|inactive|funymna has 120 seconds left.\n|\n|t:|1697405235\n|switch|p1a: Torkoal|Torkoal, M|100\/100\n|-damage|p1a: Torkoal|76\/100|[from] Stealth Rock\n|turn|2\n|\n|t:|1697405249\n|-terastallize|p2a: Kleavor|Dark\n|move|p1b: Ogerpon|Ivy Cudgel|p2a: Kleavor\n|-damage|p2a: Kleavor|0 fnt\n|faint|p2a: Kleavor\n|move|p2b: Empoleon|Hydro Pump|p1a: Torkoal|[miss]\n|-miss|p2b: Empoleon|p1a: Torkoal\n|move|p1a: Torkoal|Eruption|p2b: Empoleon\n|-damage|p2b: Empoleon|8\/100\n|-damage|p1a: Torkoal|66\/100|[from] item: Life Orb\n|\n|-weather|SunnyDay|[upkeep]\n|upkeep\n|\n|t:|1697405261\n|switch|p2a: Gliscor|Gliscor, F|100\/100\n|turn|3\n|\n|t:|1697405291\n|-terastallize|p1a: Torkoal|Fire\n|move|p1b: Ogerpon|Horn Leech|p2a: Gliscor\n|-damage|p2a: Gliscor|56\/100\n|-heal|p1b: Ogerpon|75\/100|[from] drain|[of] p2a: Gliscor\n|move|p2a: Gliscor|Bulldoze|p1a: Torkoal|[spread] p2b,p1a,p1b\n|-supereffective|p2b: Empoleon\n|-supereffective|p1a: Torkoal\n|-damage|p2b: Empoleon|0 fnt\n|-damage|p1a: Torkoal|39\/100\n|-damage|p1b: Ogerpon|49\/100\n|-unboost|p1a: Torkoal|spe|1\n|-unboost|p1b: Ogerpon|spe|1\n|faint|p2b: Empoleon\n|move|p1a: Torkoal|Eruption|p2a: Gliscor\n|-damage|p2a: Gliscor|0 fnt\n|faint|p2a: Gliscor\n|-damage|p1a: Torkoal|29\/100|[from] item: Life Orb\n|\n|-weather|SunnyDay|[upkeep]\n|upkeep\n|inactive|Champion's Melody has 120 seconds left.\n|\n|t:|1697405319\n|switch|p2a: Basculegion|Basculegion-F, F|100\/100\n|switch|p2b: Lurantis|Lurantis, F|100\/100\n|turn|4\n|\n|t:|1697405337\n|move|p2a: Basculegion|Last Respects|p1b: Ogerpon\n|-damage|p1b: Ogerpon|0 fnt\n|faint|p1b: Ogerpon\n|move|p2b: Lurantis|Superpower|p1a: Torkoal\n|-damage|p1a: Torkoal|0 fnt\n|-boost|p2b: Lurantis|atk|1\n|-boost|p2b: Lurantis|def|1\n|faint|p1a: Torkoal\n|\n|-weather|SunnyDay|[upkeep]\n|upkeep\n|\n|t:|1697405350\n|switch|p1b: Flutter Mane|Flutter Mane|100\/100\n|switch|p1a: Goodra|Goodra-Hisui, F|100\/100\n|-damage|p1b: Flutter Mane|88\/100|[from] Stealth Rock\n|-activate|p1b: Flutter Mane|ability: Protosynthesis\n|-start|p1b: Flutter Mane|protosynthesisspe\n|-damage|p1a: Goodra|94\/100|[from] Stealth Rock\n|turn|5\n|\n|t:|1697405364\n|move|p1b: Flutter Mane|Shadow Ball|p2a: Basculegion\n|-supereffective|p2a: Basculegion\n|-damage|p2a: Basculegion|9\/100\n|move|p2a: Basculegion|Last Respects|p1b: Flutter Mane\n|-supereffective|p1b: Flutter Mane\n|-damage|p1b: Flutter Mane|0 fnt\n|faint|p1b: Flutter Mane\n|-end|p1b: Flutter Mane|Protosynthesis|[silent]\n|move|p1a: Goodra|Weather Ball|p2b: Lurantis\n|-supereffective|p2b: Lurantis\n|-damage|p2b: Lurantis|50\/100\n|move|p2b: Lurantis|Superpower|p1a: Goodra\n|-supereffective|p1a: Goodra\n|-damage|p1a: Goodra|13\/100\n|-boost|p2b: Lurantis|atk|1\n|-boost|p2b: Lurantis|def|1\n|\n|-weather|none\n|-heal|p1a: Goodra|19\/100|[from] item: Leftovers\n|upkeep\n|\n|t:|1697405381\n|switch|p1b: Iron Hands|Iron Hands|100\/100\n|-damage|p1b: Iron Hands|94\/100|[from] Stealth Rock\n|turn|6\n|\n|t:|1697405395\n|move|p2a: Basculegion|Last Respects|p1b: Iron Hands\n|-damage|p1b: Iron Hands|43\/100\n|move|p1a: Goodra|Ice Beam|p2b: Lurantis\n|-supereffective|p2b: Lurantis\n|-damage|p2b: Lurantis|19\/100\n|move|p2b: Lurantis|Pollen Puff|p2a: Basculegion\n|-heal|p2a: Basculegion|59\/100\n|move|p1b: Iron Hands|Drain Punch|p2a: Basculegion\n|-immune|p2a: Basculegion\n|\n|-heal|p1a: Goodra|25\/100|[from] item: Leftovers\n|upkeep\n|turn|7\n|c|\u2606funymna|i forgo\n|\n|t:|1697405419\n|move|p2a: Basculegion|Last Respects|p1b: Iron Hands\n|-damage|p1b: Iron Hands|0 fnt\n|faint|p1b: Iron Hands\n|-end|p1b: Iron Hands|Quark Drive|[silent]\n|move|p1a: Goodra|Ice Beam|p2b: Lurantis\n|-supereffective|p2b: Lurantis\n|-damage|p2b: Lurantis|0 fnt\n|faint|p2b: Lurantis\n|\n|-heal|p1a: Goodra|31\/100|[from] item: Leftovers\n|upkeep\n|\n|t:|1697405435\n|switch|p2b: Salazzle|Salazzle, F, shiny|100\/100\n|turn|8\n|\n|t:|1697405442\n|move|p2b: Salazzle|Fake Out|p1a: Goodra\n|-resisted|p1a: Goodra\n|-damage|p1a: Goodra|29\/100\n|move|p2a: Basculegion|Last Respects|p1a: Goodra\n|-damage|p1a: Goodra|0 fnt\n|faint|p1a: Goodra\n|\n|win|Champion's Melody\n|raw|funymna's rating: 1155 &rarr; <strong>1135<\/strong><br \/>(-20 for losing)\n|raw|Champion&apos;s Melody's rating: 1231 &rarr; <strong>1251<\/strong><br \/>(+20 for winning)\n","uploadtime":1697405450,"views":7,"p1id":"funymna","p2id":"championsmelody","formatid":"gen9doublesou","rating":1135,"private":0,"password":""}