{"id":"gen9doublesou-1982819398","p1":"frostysamuri","p2":"pinkcatgirl","format":"[Gen 9] Doubles OU","log":"|j|\u2606frostysamuri\n|j|\u2606pinkcatgirl\n|t:|1699048005\n|gametype|doubles\n|player|p1|frostysamuri|265|1166\n|player|p2|pinkcatgirl|hilda-wonderlauncher|1120\n|teamsize|p1|6\n|teamsize|p2|6\n|gen|9\n|tier|[Gen 9] Doubles OU\n|rated|\n|rule|Species Clause: Limit one of each Pok\u00e9mon\n|rule|OHKO Clause: OHKO moves are banned\n|rule|Evasion Moves Clause: Evasion moves are banned\n|rule|Gravity Sleep Clause: The combination of sleep-inducing moves with imperfect accuracy and Gravity or Gigantamax Orbeetle are banned\n|rule|Endless Battle Clause: Forcing endless battles is banned\n|rule|HP Percentage Mod: HP is shown in percentages\n|clearpoke\n|poke|p1|Ursaluna, F|\n|poke|p1|Zapdos|\n|poke|p1|Ninetales-Alola, F|\n|poke|p1|Lucario, M|\n|poke|p1|Ogerpon-Hearthflame, F|\n|poke|p1|Toxapex, M|\n|poke|p2|Pelipper, F|\n|poke|p2|Clefairy, F|\n|poke|p2|Garchomp, M|\n|poke|p2|Azumarill, M|\n|poke|p2|Zapdos|\n|poke|p2|Landorus-Therian, M|\n|teampreview\n|\n|t:|1699048010\n|start\n|switch|p1a: Ursaluna|Ursaluna, F|100\/100\n|switch|p1b: Zapdos|Zapdos|100\/100\n|switch|p2a: Pelipper|Pelipper, F|100\/100\n|switch|p2b: Garchomp|Garchomp, M|100\/100\n|-weather|RainDance|[from] ability: Drizzle|[of] p2a: Pelipper\n|turn|1\n|\n|t:|1699048024\n|switch|p1a: Ninetales|Ninetales-Alola, F|100\/100\n|-weather|Snow|[from] ability: Snow Warning|[of] p1a: Ninetales\n|-terastallize|p2b: Garchomp|Water\n|move|p2b: Garchomp|Liquidation|p1a: Ninetales\n|-damage|p1a: Ninetales|37\/100\n|-enditem|p1a: Ninetales|Sitrus Berry|[eat]\n|-heal|p1a: Ninetales|61\/100|[from] item: Sitrus Berry\n|-damage|p2b: Garchomp|91\/100|[from] item: Life Orb\n|move|p1b: Zapdos|Thunderbolt|p2a: Pelipper\n|-supereffective|p2a: Pelipper\n|-damage|p2a: Pelipper|0 fnt\n|faint|p2a: Pelipper\n|\n|-weather|Snow|[upkeep]\n|upkeep\n|\n|t:|1699048043\n|switch|p2a: Landorus|Landorus-Therian, M|100\/100\n|-ability|p2a: Landorus|Intimidate|boost\n|-unboost|p1a: Ninetales|atk|1\n|-unboost|p1b: Zapdos|atk|1\n|turn|2\n|\n|t:|1699048050\n|move|p2b: Garchomp|Protect|p2b: Garchomp\n|-singleturn|p2b: Garchomp|Protect\n|move|p2a: Landorus|Rock Slide|p1a: Ninetales|[spread] p1a,p1b\n|-supereffective|p1a: Ninetales\n|-supereffective|p1b: Zapdos\n|-damage|p1a: Ninetales|13\/100\n|-damage|p1b: Zapdos|54\/100\n|move|p1a: Ninetales|Blizzard|p2a: Landorus|[spread] p2a\n|-activate|p2b: Garchomp|move: Protect\n|-supereffective|p2a: Landorus\n|-damage|p2a: Landorus|0 fnt\n|faint|p2a: Landorus\n|move|p1b: Zapdos|Thunderbolt|p2b: Garchomp\n|-activate|p2b: Garchomp|move: Protect\n|\n|-weather|Snow|[upkeep]\n|upkeep\n|\n|t:|1699048069\n|switch|p2a: Azumarill|Azumarill, M|100\/100\n|turn|3\n|\n|t:|1699048111\n|move|p1a: Ninetales|Protect|p1a: Ninetales\n|-singleturn|p1a: Ninetales|Protect\n|move|p2a: Azumarill|Protect|p2a: Azumarill\n|-singleturn|p2a: Azumarill|Protect\n|move|p2b: Garchomp|Liquidation|p1b: Zapdos\n|-damage|p1b: Zapdos|0 fnt\n|faint|p1b: Zapdos\n|-damage|p2b: Garchomp|81\/100|[from] item: Life Orb\n|\n|-weather|Snow|[upkeep]\n|upkeep\n|\n|t:|1699048121\n|switch|p1b: Ogerpon|Ogerpon-Hearthflame, F|100\/100\n|-ability|p1b: Ogerpon|Mold Breaker\n|turn|4\n|\n|t:|1699048139\n|move|p2b: Garchomp|Protect|p2b: Garchomp\n|-singleturn|p2b: Garchomp|Protect\n|move|p2a: Azumarill|Aqua Jet|p1a: Ninetales\n|-damage|p1a: Ninetales|0 fnt\n|faint|p1a: Ninetales\n|move|p1b: Ogerpon|Wood Hammer|p2b: Garchomp\n|-activate|p2b: Garchomp|move: Protect\n|\n|-weather|Snow|[upkeep]\n|upkeep\n|\n|t:|1699048151\n|switch|p1a: Toxapex|Toxapex, M|100\/100\n|turn|5\n|inactive|Battle timer is ON: inactive players will automatically lose when time's up. (requested by frostysamuri)\n|\n|t:|1699048191\n|switch|p2a: Zapdos|Zapdos|100\/100\n|move|p1b: Ogerpon|Wood Hammer|p2b: Garchomp\n|-supereffective|p2b: Garchomp\n|-damage|p2b: Garchomp|0 fnt\n|-damage|p1b: Ogerpon|88\/100|[from] ability: Rough Skin|[of] p2b: Garchomp\n|faint|p2b: Garchomp\n|-damage|p1b: Ogerpon|57\/100|[from] Recoil\n|move|p1a: Toxapex|Gunk Shot|p2a: Zapdos\n|-damage|p2a: Zapdos|59\/100\n|\n|-weather|none\n|upkeep\n|\n|t:|1699048204\n|switch|p2b: Clefairy|Clefairy, F|100\/100\n|turn|6\n|\n|t:|1699048223\n|switch|p1a: Ursaluna|Ursaluna, F|100\/100\n|move|p1b: Ogerpon|Ivy Cudgel|p2b: Clefairy\n|-damage|p2b: Clefairy|49\/100\n|move|p2a: Zapdos|Hurricane|p1b: Ogerpon|[miss]\n|-miss|p2a: Zapdos|p1b: Ogerpon\n|move|p2b: Clefairy|Heal Pulse|p2a: Zapdos\n|-heal|p2a: Zapdos|100\/100\n|\n|-status|p1a: Ursaluna|brn|[from] item: Flame Orb\n|upkeep\n|turn|7\n|\n|t:|1699048251\n|move|p2b: Clefairy|Follow Me|p2b: Clefairy\n|-singleturn|p2b: Clefairy|move: Follow Me\n|move|p1b: Ogerpon|Ivy Cudgel|p2b: Clefairy\n|-damage|p2b: Clefairy|0 fnt\n|faint|p2b: Clefairy\n|move|p2a: Zapdos|Hurricane|p1b: Ogerpon\n|-supereffective|p1b: Ogerpon\n|-damage|p1b: Ogerpon|0 fnt\n|faint|p1b: Ogerpon\n|move|p1a: Ursaluna|Facade|p2a: Zapdos\n|-damage|p2a: Zapdos|3\/100\n|-enditem|p2a: Zapdos|Sitrus Berry|[eat]\n|-heal|p2a: Zapdos|28\/100|[from] item: Sitrus Berry\n|\n|-damage|p1a: Ursaluna|94\/100 brn|[from] brn\n|upkeep\n|\n|t:|1699048264\n|switch|p1b: Lucario|Lucario, M|100\/100\n|switch|p2b: Azumarill|Azumarill, M|100\/100\n|turn|8\n|\n|t:|1699048280\n|move|p2a: Zapdos|Protect|p2a: Zapdos\n|-singleturn|p2a: Zapdos|Protect\n|move|p1b: Lucario|Bullet Punch|p2a: Zapdos\n|-activate|p2a: Zapdos|move: Protect\n|move|p2b: Azumarill|Aqua Jet|p1a: Ursaluna\n|-supereffective|p1a: Ursaluna\n|-damage|p1a: Ursaluna|67\/100 brn\n|move|p1a: Ursaluna|Facade|p2b: Azumarill\n|-damage|p2b: Azumarill|2\/100\n|-enditem|p2b: Azumarill|Sitrus Berry|[eat]\n|-heal|p2b: Azumarill|27\/100|[from] item: Sitrus Berry\n|\n|-damage|p1a: Ursaluna|61\/100 brn|[from] brn\n|upkeep\n|turn|9\n|\n|t:|1699048309\n|move|p2b: Azumarill|Protect|p2b: Azumarill\n|-singleturn|p2b: Azumarill|Protect\n|move|p1b: Lucario|Bullet Punch|p2a: Zapdos\n|-resisted|p2a: Zapdos\n|-damage|p2a: Zapdos|19\/100\n|move|p2a: Zapdos|Thunderbolt|p1b: Lucario\n|-damage|p1b: Lucario|45\/100\n|move|p1a: Ursaluna|Facade|p2a: Zapdos\n|-damage|p2a: Zapdos|0 fnt\n|faint|p2a: Zapdos\n|\n|-damage|p1a: Ursaluna|55\/100 brn|[from] brn\n|upkeep\n|turn|10\n|\n|t:|1699048326\n|move|p1b: Lucario|Bullet Punch|p2b: Azumarill\n|-damage|p2b: Azumarill|9\/100\n|move|p2b: Azumarill|Aqua Jet|p1a: Ursaluna\n|-supereffective|p1a: Ursaluna\n|-damage|p1a: Ursaluna|27\/100 brn\n|move|p1a: Ursaluna|Facade|p2b: Azumarill\n|-damage|p2b: Azumarill|0 fnt\n|faint|p2b: Azumarill\n|\n|win|frostysamuri\n|raw|frostysamuri's rating: 1166 &rarr; <strong>1188<\/strong><br \/>(+22 for winning)\n|raw|pinkcatgirl's rating: 1120 &rarr; <strong>1098<\/strong><br \/>(-22 for losing)\n|l|\u2606pinkcatgirl\n","uploadtime":1699048336,"views":23,"p1id":"frostysamuri","p2id":"pinkcatgirl","formatid":"gen9doublesou","rating":1098,"private":0,"password":""}