{"id":"gen9doublesou-1991142448","p1":"Llednar Sky","p2":"AviatedFroakie","format":"[Gen 9] Doubles OU","log":"|j|\u2606Llednar Sky\n|j|\u2606AviatedFroakie\n|t:|1700049333\n|gametype|doubles\n|player|p1|Llednar Sky|cynthia|1198\n|player|p2|AviatedFroakie|teamrocket|1093\n|teamsize|p1|6\n|teamsize|p2|6\n|gen|9\n|tier|[Gen 9] Doubles OU\n|rated|\n|rule|Species Clause: Limit one of each Pok\u00e9mon\n|rule|OHKO Clause: OHKO moves are banned\n|rule|Evasion Moves Clause: Evasion moves are banned\n|rule|Gravity Sleep Clause: The combination of sleep-inducing moves with imperfect accuracy and Gravity or Gigantamax Orbeetle are banned\n|rule|Endless Battle Clause: Forcing endless battles is banned\n|rule|HP Percentage Mod: HP is shown in percentages\n|clearpoke\n|poke|p1|Indeedee-F, F|\n|poke|p1|Oricorio-Pom-Pom, F|\n|poke|p1|Sinistcha-Masterpiece|\n|poke|p1|Arcanine, M|\n|poke|p1|Gastrodon, F|\n|poke|p1|Milotic, M|\n|poke|p2|Samurott-Hisui, F|\n|poke|p2|Cinderace, F|\n|poke|p2|Ogerpon, F|\n|poke|p2|Tornadus, M|\n|poke|p2|Arcanine-Hisui, M|\n|poke|p2|Quaquaval, F|\n|teampreview\n|\n|t:|1700049367\n|start\n|switch|p1a: Indeedee|Indeedee-F, F|100\/100\n|switch|p1b: Oricorio|Oricorio-Pom-Pom, F|100\/100\n|switch|p2a: Nado|Tornadus, M|100\/100\n|switch|p2b: Rai|Samurott-Hisui, F|100\/100\n|-fieldstart|move: Psychic Terrain|[from] ability: Psychic Surge|[of] p1a: Indeedee\n|turn|1\n|\n|t:|1700049412\n|move|p2a: Nado|Tailwind|p2a: Nado\n|-sidestart|p2: AviatedFroakie|move: Tailwind\n|move|p2b: Rai|Swords Dance|p2b: Rai\n|-boost|p2b: Rai|atk|2\n|-activate|p1b: Oricorio|ability: Dancer\n|move|p1b: Oricorio|Swords Dance|p1b: Oricorio|[from]ability: Dancer\n|-boost|p1b: Oricorio|atk|2\n|move|p1a: Indeedee|Skill Swap|p1b: Oricorio\n|-activate|p1a: Indeedee|move: Skill Swap|||[of] p1b: Oricorio\n|move|p1b: Oricorio|Revelation Dance|p2b: Rai\n|-supereffective|p2b: Rai\n|-enditem|p2b: Rai|Focus Sash\n|-damage|p2b: Rai|1\/100\n|-activate|p1a: Indeedee|ability: Dancer\n|move|p1a: Indeedee|Revelation Dance|p2b: Rai|[from]ability: Dancer\n|-immune|p2b: Rai\n|\n|upkeep\n|turn|2\n|\n|t:|1700049453\n|move|p2a: Nado|Heat Wave|p1a: Indeedee|[spread] p1a,p1b\n|-damage|p1a: Indeedee|73\/100\n|-damage|p1b: Oricorio|69\/100\n|move|p2b: Rai|Ceaseless Edge|p1b: Oricorio\n|-damage|p1b: Oricorio|0 fnt\n|-sidestart|p1: Llednar Sky|Spikes\n|faint|p1b: Oricorio\n|move|p1a: Indeedee|Dazzling Gleam|p2a: Nado|[spread] p2a,p2b\n|-crit|p2a: Nado\n|-supereffective|p2b: Rai\n|-damage|p2a: Nado|65\/100\n|-damage|p2b: Rai|0 fnt\n|faint|p2b: Rai\n|\n|upkeep\n|\n|t:|1700049467\n|switch|p2b: \ud83c\udf82|Quaquaval, F|100\/100\n|switch|p1b: Gastrodon|Gastrodon, F|100\/100\n|-damage|p1b: Gastrodon|88\/100|[from] Spikes\n|turn|3\n|\n|t:|1700049490\n|-terastallize|p2b: \ud83c\udf82|Dark\n|-terastallize|p1a: Indeedee|Fairy\n|move|p2a: Nado|Icy Wind|p1a: Indeedee|[spread] p1a,p1b\n|-damage|p1a: Indeedee|55\/100\n|-damage|p1b: Gastrodon|80\/100\n|-unboost|p1a: Indeedee|spe|1\n|-unboost|p1b: Gastrodon|spe|1\n|move|p2b: \ud83c\udf82|Knock Off|p1a: Indeedee\n|-resisted|p1a: Indeedee\n|-damage|p1a: Indeedee|10\/100\n|-enditem|p1a: Indeedee|Iapapa Berry|[from] move: Knock Off|[of] p2b: \ud83c\udf82\n|move|p1a: Indeedee|Dazzling Gleam|p2b: \ud83c\udf82|[spread] p2a,p2b\n|-supereffective|p2b: \ud83c\udf82\n|-damage|p2a: Nado|28\/100\n|-damage|p2b: \ud83c\udf82|32\/100\n|move|p1b: Gastrodon|Icy Wind|p2b: \ud83c\udf82|[spread] p2a,p2b\n|-supereffective|p2a: Nado\n|-damage|p2a: Nado|4\/100\n|-damage|p2b: \ud83c\udf82|21\/100\n|-unboost|p2b: \ud83c\udf82|spe|1\n|\n|upkeep\n|turn|4\n|\n|t:|1700049522\n|move|p2a: Nado|Icy Wind|p1a: Indeedee|[spread] p1a,p1b\n|-damage|p1a: Indeedee|0 fnt\n|-damage|p1b: Gastrodon|70\/100\n|-unboost|p1b: Gastrodon|spe|1\n|faint|p1a: Indeedee\n|move|p2b: \ud83c\udf82|Knock Off|p1b: Gastrodon\n|-damage|p1b: Gastrodon|16\/100\n|-enditem|p1b: Gastrodon|Mago Berry|[from] move: Knock Off|[of] p2b: \ud83c\udf82\n|move|p1b: Gastrodon|Muddy Water|p2b: \ud83c\udf82|[spread] p2b\n|-miss|p1b: Gastrodon|p2a: Nado\n|-damage|p2b: \ud83c\udf82|0 fnt\n|faint|p2b: \ud83c\udf82\n|\n|-sideend|p2: AviatedFroakie|move: Tailwind\n|upkeep\n|\n|t:|1700049548\n|switch|p1a: Milotic|Milotic, M|100\/100\n|switch|p2b: Goober|Ogerpon, F|100\/100\n|-damage|p1a: Milotic|88\/100|[from] Spikes\n|turn|5\n|\n|t:|1700049562\n|move|p2a: Nado|Tailwind|p2a: Nado\n|-sidestart|p2: AviatedFroakie|move: Tailwind\n|move|p2b: Goober|Swords Dance|p2b: Goober\n|-boost|p2b: Goober|atk|2\n|move|p1a: Milotic|Surf|p2a: Nado|[spread] p2a,p2b\n|-ability|p1b: Gastrodon|Storm Drain|boost\n|-boost|p1b: Gastrodon|spa|1\n|-resisted|p2b: Goober\n|-damage|p2a: Nado|0 fnt\n|-damage|p2b: Goober|81\/100\n|faint|p2a: Nado\n|move|p1b: Gastrodon|Icy Wind|p2b: Goober|[miss]\n|-miss|p1b: Gastrodon|p2b: Goober\n|\n|-heal|p1a: Milotic|94\/100|[from] item: Leftovers\n|-fieldend|move: Psychic Terrain\n|upkeep\n|\n|t:|1700049596\n|switch|p2a: Flarrot|Cinderace, F, shiny|100\/100\n|turn|6\n|\n|t:|1700049606\n|move|p1b: Gastrodon|Protect|p1b: Gastrodon\n|-singleturn|p1b: Gastrodon|Protect\n|move|p2a: Flarrot|Trailblaze|p1b: Gastrodon\n|-start|p2a: Flarrot|typechange|Grass|[from] ability: Libero\n|-activate|p1b: Gastrodon|move: Protect\n|move|p2b: Goober|Ivy Cudgel|p1a: Milotic\n|-supereffective|p1a: Milotic\n|-crit|p1a: Milotic\n|-damage|p1a: Milotic|0 fnt\n|faint|p1a: Milotic\n|\n|upkeep\n|\n|t:|1700049619\n|switch|p1a: Arcanine|Arcanine, M|100\/100\n|-damage|p1a: Arcanine|88\/100|[from] Spikes\n|-ability|p1a: Arcanine|Intimidate|boost\n|-unboost|p2a: Flarrot|atk|1\n|-unboost|p2b: Goober|atk|1\n|-ability|p2b: Goober|Defiant|boost\n|-boost|p2b: Goober|atk|2\n|turn|7\n|\n|t:|1700049647\n|switch|p1b: Sinistcha|Sinistcha-Masterpiece|100\/100\n|-damage|p1b: Sinistcha|88\/100|[from] Spikes\n|-heal|p1a: Arcanine|100\/100|[from] ability: Hospitality|[of] p1b: Sinistcha\n|move|p2a: Flarrot|Trailblaze|p1b: Sinistcha\n|-resisted|p1b: Sinistcha\n|-damage|p1b: Sinistcha|80\/100\n|-boost|p2a: Flarrot|spe|1\n|move|p2b: Goober|Ivy Cudgel|p1a: Arcanine\n|-resisted|p1a: Arcanine\n|-crit|p1a: Arcanine\n|-damage|p1a: Arcanine|0 fnt\n|faint|p1a: Arcanine\n|\n|upkeep\n|\n|t:|1700049663\n|switch|p1a: Gastrodon|Gastrodon, F|16\/100\n|-damage|p1a: Gastrodon|4\/100|[from] Spikes\n|turn|8\n|-message|Llednar Sky forfeited.\n|\n|win|AviatedFroakie\n|raw|Llednar Sky's rating: 1198 &rarr; <strong>1166<\/strong><br \/>(-32 for losing)\n|raw|AviatedFroakie's rating: 1093 &rarr; <strong>1127<\/strong><br \/>(+34 for winning)\n|l|\u2606Llednar Sky\n","uploadtime":1700049691,"views":6,"p1id":"llednarsky","p2id":"aviatedfroakie","formatid":"gen9doublesou","rating":1127,"private":0,"password":""}