{"id":"gen9doublesou-1969817258","p1":"aLMArED!tv","p2":"simondie","format":"[Gen 9] Doubles OU","log":"|j|\u2606aLMArED!tv\n|j|\u2606simondie\n|t:|1697567636\n|gametype|doubles\n|player|p1|aLMArED!tv|benga|1062\n|player|p2|simondie|caitlin|1082\n|teamsize|p1|6\n|teamsize|p2|6\n|gen|9\n|tier|[Gen 9] Doubles OU\n|rated|\n|rule|Species Clause: Limit one of each Pok\u00e9mon\n|rule|OHKO Clause: OHKO moves are banned\n|rule|Evasion Moves Clause: Evasion moves are banned\n|rule|Gravity Sleep Clause: The combination of sleep-inducing moves with imperfect accuracy and Gravity or Gigantamax Orbeetle are banned\n|rule|Endless Battle Clause: Forcing endless battles is banned\n|rule|HP Percentage Mod: HP is shown in percentages\n|clearpoke\n|poke|p1|Weezing, F|\n|poke|p1|Toedscruel, F|\n|poke|p1|Palafin, F|\n|poke|p1|Typhlosion-Hisui, F|\n|poke|p1|Mandibuzz, F|\n|poke|p1|Slaking, M|\n|poke|p2|Typhlosion, F|\n|poke|p2|Torkoal, M|\n|poke|p2|Arcanine-Hisui, F|\n|poke|p2|Rotom-Wash|\n|poke|p2|Torterra, F|\n|poke|p2|Flutter Mane|\n|teampreview\n|inactive|Battle timer is ON: inactive players will automatically lose when time's up. (requested by simondie)\n|\n|t:|1697567648\n|start\n|switch|p1a: SlipKnoT|Weezing, F, shiny|100\/100\n|switch|p1b: PILOT|Palafin, F, shiny|100\/100\n|switch|p2a: Torkoal|Torkoal, M, shiny|100\/100\n|switch|p2b: Typhlosion|Typhlosion, F, shiny|100\/100\n|-ability|p1a: SlipKnoT|Neutralizing Gas\n|turn|1\n|c|\u2606aLMArED!tv|:D\n|l|\u2606aLMArED!tv\n|inactive|aLMArED!tv disconnected and has a minute to reconnect!\n|player|p1|\n|inactive|simondie has 120 seconds left.\n|\n|t:|1697567685\n|switch|p2a: Flutter Mane|Flutter Mane|100\/100\n|move|p1b: PILOT|Jet Punch|p2b: Typhlosion\n|-supereffective|p2b: Typhlosion\n|-damage|p2b: Typhlosion|56\/100\n|move|p2b: Typhlosion|Solar Beam||[still]\n|-prepare|p2b: Typhlosion|Solar Beam\n|move|p1a: SlipKnoT|Taunt|p2a: Flutter Mane\n|-start|p2a: Flutter Mane|move: Taunt\n|\n|upkeep\n|turn|2\n|inactive|simondie has 120 seconds left.\n|j|\u2606aLMArED!tv\n|inactive|aLMArED!tv reconnected and has 130 seconds left.\n|player|p1|aLMArED!tv|benga\n|c|\u2606simondie|BLUD\n|inactive|aLMArED!tv has 120 seconds left.\n|c|\u2606simondie|kitten~~~\n|c|\u2606simondie|>w<\n|c|\u2606simondie|hewo\n|c|\u2606simondie|uwu\n|inactive|simondie has 90 seconds left.\n|\n|t:|1697567739\n|detailschange|p1b: PILOT|Palafin-Hero, F, shiny\n|switch|p1b: FEEL GOOD inc|Slaking, M, shiny|100\/100\n|move|p2a: Flutter Mane|Psyshock|p1a: SlipKnoT\n|-supereffective|p1a: SlipKnoT\n|-damage|p1a: SlipKnoT|40\/100\n|move|p2b: Typhlosion|Solar Beam|p1b: FEEL GOOD inc|[from]lockedmove\n|-damage|p1b: FEEL GOOD inc|72\/100\n|move|p1a: SlipKnoT|Clear Smog|p2a: Flutter Mane\n|-damage|p2a: Flutter Mane|85\/100\n|-clearboost|p2a: Flutter Mane\n|\n|upkeep\n|turn|3\n|c|\u2606aLMArED!tv|lmao hello kitty person :0\n|c|\u2606aLMArED!tv|i pet thee\n|c|\u2606simondie|dadyy\n|c|\u2606aLMArED!tv|i like cats\n|c|\u2606simondie|i wil be ur kitten\n|c|\u2606simondie|uwu\n|inactive|aLMArED!tv has 120 seconds left.\n|c|\u2606simondie|xd\n|c|\u2606aLMArED!tv|lmfao hold on \ud83d\udc80\n|c|\u2606aLMArED!tv|I WASN'T PREPARED FOR THIS RESPONSIBILITY\n|c|\u2606aLMArED!tv|LMFAO\n|\n|t:|1697567778\n|-end|p1a: SlipKnoT|ability: Neutralizing Gas\n|switch|p1a: GRLwood|Mandibuzz, F, shiny|100\/100\n|move|p2a: Flutter Mane|Moonblast|p2b: Typhlosion\n|-resisted|p2b: Typhlosion\n|-damage|p2b: Typhlosion|24\/100\n|move|p2b: Typhlosion|Solar Beam||[still]\n|-prepare|p2b: Typhlosion|Solar Beam\n|move|p1b: FEEL GOOD inc|Stomping Tantrum|p2b: Typhlosion\n|-supereffective|p2b: Typhlosion\n|-damage|p2b: Typhlosion|0 fnt\n|faint|p2b: Typhlosion\n|\n|-end|p2a: Flutter Mane|move: Taunt\n|upkeep\n|c|\u2606simondie|dm me my name is \"i lik feeeet\" on discord uwu\n|inactive|simondie has 90 seconds left.\n|\n|t:|1697567791\n|switch|p2b: Rotom|Rotom-Wash, shiny|100\/100\n|turn|4\n|c|\u2606aLMArED!tv|lmao alright im down to play your game\n|inactive|aLMArED!tv has 120 seconds left.\n|c|\u2606simondie|i wann play w\/u\n|c|\u2606aLMArED!tv|you're an intriguing character\n|c|\u2606simondie|acceot my fweind request dady\n|inactive|aLMArED!tv has 90 seconds left.\n|c|\u2606simondie|meow~~~\n|c|\u2606aLMArED!tv|im honored to wanna be played with\n|c|\u2606simondie|play in beed\n|\n|t:|1697567850\n|switch|p1b: TOO BIZARRE|Toedscruel, F, shiny|100\/100\n|move|p2a: Flutter Mane|Shadow Ball|p2b: Rotom\n|-damage|p2b: Rotom|48\/100\n|move|p1a: GRLwood|Tailwind|p1a: GRLwood\n|-sidestart|p1: aLMArED!tv|move: Tailwind\n|move|p2b: Rotom|Hydro Pump|p1a: GRLwood\n|-damage|p1a: GRLwood|48\/100\n|-enditem|p1a: GRLwood|Red Card|[of] p2b: Rotom\n|drag|p2b: Arcanine|Arcanine-Hisui, F, shiny|100\/100\n|\n|upkeep\n|turn|5\n|c|\u2606simondie|i waanna suck you~\n|c|\u2606simondie|\"\\;\n|c|\u2606simondie|]\n|c|\u2606aLMArED!tv|oh?-\n|inactive|aLMArED!tv has 90 seconds left.\n|c|\u2606aLMArED!tv|lmfao how old are you?\n|inactive|simondie has 120 seconds left.\n|c|\u2606simondie|14\n|\n|t:|1697567875\n|switch|p1a: SlipKnoT|Weezing, F, shiny|40\/100\n|-ability|p1a: SlipKnoT|Neutralizing Gas\n|move|p2a: Flutter Mane|Shadow Ball|p1a: SlipKnoT\n|-damage|p1a: SlipKnoT|1\/100\n|-unboost|p1a: SlipKnoT|spd|1\n|-enditem|p1a: SlipKnoT|Aguav Berry|[eat]\n|-heal|p1a: SlipKnoT|34\/100|[from] item: Aguav Berry\n|move|p2b: Arcanine|Flare Blitz|p1b: TOO BIZARRE\n|-supereffective|p1b: TOO BIZARRE\n|-damage|p1b: TOO BIZARRE|0 fnt\n|faint|p1b: TOO BIZARRE\n|-damage|p2b: Arcanine|71\/100|[from] Recoil\n|\n|upkeep\n|c|\u2606simondie|or older if u want??>~~`\n|c|\u2606aLMArED!tv|alright sorry dawg, im not doing that lmao\n|c|\u2606simondie|uwu\n|c|\u2606aLMArED!tv|im 20 lmao\n|c|\u2606simondie|jk most people like younger men tho\n|inactive|aLMArED!tv has 60 seconds left.\n|c|\u2606aLMArED!tv|i appreciate the offer but i'll have to decline\n|c|\u2606simondie|im acctually 19\n|c|\u2606simondie|xd\n|\n|t:|1697567912\n|switch|p1b: EKKSTACY|Typhlosion-Hisui, F|100\/100\n|turn|6\n|c|\u2606simondie|\ud83d\ude3b\n|\n|t:|1697567925\n|move|p1b: EKKSTACY|Focus Blast|p2b: Arcanine\n|-supereffective|p2b: Arcanine\n|-damage|p2b: Arcanine|0 fnt\n|faint|p2b: Arcanine\n|move|p2a: Flutter Mane|Moonblast|p1b: EKKSTACY\n|-resisted|p1b: EKKSTACY\n|-damage|p1b: EKKSTACY|65\/100\n|-unboost|p1b: EKKSTACY|spa|1\n|move|p1a: SlipKnoT|Belch|p2a: Flutter Mane\n|-damage|p2a: Flutter Mane|48\/100\n|\n|upkeep\n|c|\u2606simondie|hewo dady\n|inactive|simondie has 120 seconds left.\n|c|\u2606simondie|werre ry\n|c|\u2606simondie|i am kitten\n|c|\u2606simondie|*soft*\n|\n|t:|1697567960\n|switch|p2b: Torterra|Torterra, F, shiny|100\/100\n|turn|7\n|inactive|simondie has 120 seconds left.\n|\n|t:|1697567970\n|switch|p1b: PILOT|Palafin-Hero, F, shiny|100\/100\n|-activate|p1b: PILOT|ability: Zero to Hero\n|move|p2a: Flutter Mane|Psyshock|p1a: SlipKnoT\n|-supereffective|p1a: SlipKnoT\n|-damage|p1a: SlipKnoT|0 fnt\n|faint|p1a: SlipKnoT\n|-end|p1a: SlipKnoT|ability: Neutralizing Gas\n|move|p2b: Torterra|Shell Smash|p2b: Torterra\n|-unboost|p2b: Torterra|def|1\n|-unboost|p2b: Torterra|spd|1\n|-boost|p2b: Torterra|atk|2\n|-boost|p2b: Torterra|spa|2\n|-boost|p2b: Torterra|spe|2\n|\n|-sideend|p1: aLMArED!tv|move: Tailwind\n|upkeep\n|c|\u2606simondie|bluuuf\n|inactive|aLMArED!tv has 90 seconds left.\n|c|\u2606simondie|noo\n|\n|t:|1697567984\n|switch|p1a: FEEL GOOD inc|Slaking, M, shiny|72\/100\n|turn|8\n|\n|t:|1697567993\n|-terastallize|p1b: PILOT|Water\n|move|p1b: PILOT|Jet Punch|p2b: Torterra\n|-damage|p2b: Torterra|41\/100\n|move|p2a: Flutter Mane|Psyshock|p1a: FEEL GOOD inc\n|-damage|p1a: FEEL GOOD inc|50\/100\n|move|p2b: Torterra|Bullet Seed|p1b: PILOT\n|-supereffective|p1b: PILOT\n|-damage|p1b: PILOT|55\/100\n|-supereffective|p1b: PILOT\n|-damage|p1b: PILOT|12\/100\n|-supereffective|p1b: PILOT\n|-damage|p1b: PILOT|0 fnt\n|faint|p1b: PILOT\n|-hitcount|p1: PILOT|3\n|move|p1a: FEEL GOOD inc|Lash Out|p2a: Flutter Mane\n|-damage|p2a: Flutter Mane|0 fnt\n|faint|p2a: Flutter Mane\n|-end|p2a: Flutter Mane|Protosynthesis|[silent]\n|\n|upkeep\n|c|\u2606aLMArED!tv|oooofff\n|c|\u2606aLMArED!tv|damn lol\n|inactive|aLMArED!tv has 120 seconds left.\n|c|\u2606simondie|acceot my friend atlest\n|c|\u2606simondie|on ahowdown\n|c|\u2606aLMArED!tv|i did :p\n|c|\u2606simondie|we can chat later >w<~~~\n|inactive|simondie has 120 seconds left.\n|\n|t:|1697568025\n|switch|p2a: Torkoal|Torkoal, M, shiny|100\/100\n|switch|p1b: GRLwood|Mandibuzz, F, shiny|48\/100\n|-weather|SunnyDay|[from] ability: Drought|[of] p2a: Torkoal\n|turn|9\n|\n|t:|1697568044\n|switch|p1a: EKKSTACY|Typhlosion-Hisui, F|65\/100\n|move|p2b: Torterra|Rock Blast|p1b: GRLwood\n|-supereffective|p1b: GRLwood\n|-damage|p1b: GRLwood|17\/100\n|-ability|p1b: GRLwood|Weak Armor|boost\n|-unboost|p1b: GRLwood|def|1\n|-boost|p1b: GRLwood|spe|2\n|-supereffective|p1b: GRLwood\n|-damage|p1b: GRLwood|0 fnt\n|faint|p1b: GRLwood\n|-hitcount|p1: GRLwood|2\n|move|p2a: Torkoal|Heat Wave|p1a: EKKSTACY\n|-resisted|p1a: EKKSTACY\n|-crit|p1a: EKKSTACY\n|-damage|p1a: EKKSTACY|9\/100\n|\n|-weather|SunnyDay|[upkeep]\n|upkeep\n|c|\u2606aLMArED!tv|lol sounds good\n|\n|t:|1697568056\n|switch|p1b: FEEL GOOD inc|Slaking, M, shiny|50\/100\n|turn|10\n|\n|t:|1697568071\n|move|p2b: Torterra|Bullet Seed|p1b: FEEL GOOD inc\n|-damage|p1b: FEEL GOOD inc|30\/100\n|-damage|p1b: FEEL GOOD inc|10\/100\n|-damage|p1b: FEEL GOOD inc|0 fnt\n|faint|p1b: FEEL GOOD inc\n|-hitcount|p1: FEEL GOOD inc|3\n|move|p1a: EKKSTACY|Infernal Parade|p2b: Torterra\n|-damage|p2b: Torterra|0 fnt\n|faint|p2b: Torterra\n|move|p2a: Torkoal|Earth Power|p1a: EKKSTACY\n|-supereffective|p1a: EKKSTACY\n|-damage|p1a: EKKSTACY|0 fnt\n|faint|p1a: EKKSTACY\n|\n|win|simondie\n|raw|aLMArED!tv's rating: 1062 &rarr; <strong>1044<\/strong><br \/>(-18 for losing)\n|raw|simondie's rating: 1082 &rarr; <strong>1108<\/strong><br \/>(+26 for winning)\n","uploadtime":1697567853,"views":8,"p1id":"almaredtv","p2id":"simondie","formatid":"gen9doublesou","rating":1044,"private":0,"password":""}