{"id":"gen9doublesou-1989439580","p1":"t00confident","p2":"OPieceOfHeroGhost","format":"[Gen 9] Doubles OU","log":"|j|\u2606t00confident\n|j|\u2606OPieceOfHeroGhost\n|t:|1699850682\n|gametype|doubles\n|player|p1|t00confident|biker-gen4|1296\n|player|p2|OPieceOfHeroGhost|morty|1444\n|teamsize|p1|6\n|teamsize|p2|6\n|gen|9\n|tier|[Gen 9] Doubles OU\n|rated|\n|rule|Species Clause: Limit one of each Pok\u00e9mon\n|rule|OHKO Clause: OHKO moves are banned\n|rule|Evasion Moves Clause: Evasion moves are banned\n|rule|Gravity Sleep Clause: The combination of sleep-inducing moves with imperfect accuracy and Gravity or Gigantamax Orbeetle are banned\n|rule|Endless Battle Clause: Forcing endless battles is banned\n|rule|HP Percentage Mod: HP is shown in percentages\n|clearpoke\n|poke|p1|Grafaiai, M|\n|poke|p1|Houndstone, M|\n|poke|p1|Torkoal, F|\n|poke|p1|Shiftry, M|\n|poke|p1|Volcanion|\n|poke|p1|Azelf|\n|poke|p2|Amoonguss, F|\n|poke|p2|Volcanion|\n|poke|p2|Iron Hands|\n|poke|p2|Flutter Mane|\n|poke|p2|Landorus-Therian, M|\n|poke|p2|Rillaboom, M|\n|teampreview\n|\n|t:|1699850700\n|start\n|switch|p1a: Biker Todd|Torkoal, F|100\/100\n|switch|p1b: Biker Larry|Shiftry, M|100\/100\n|switch|p2a: \u53d1\u59d0\u725b\u903c|Flutter Mane|100\/100\n|switch|p2b: \u95ea\u7535\u4e94\u8fde\u62f3|Iron Hands|100\/100\n|-weather|SunnyDay|[from] ability: Drought|[of] p1a: Biker Todd\n|-activate|p2a: \u53d1\u59d0\u725b\u903c|ability: Protosynthesis\n|-start|p2a: \u53d1\u59d0\u725b\u903c|protosynthesisspa\n|turn|1\n|\n|t:|1699850721\n|move|p1b: Biker Larry|Fake Out|p2b: \u95ea\u7535\u4e94\u8fde\u62f3\n|-damage|p2b: \u95ea\u7535\u4e94\u8fde\u62f3|91\/100\n|cant|p2b: \u95ea\u7535\u4e94\u8fde\u62f3|flinch\n|move|p2a: \u53d1\u59d0\u725b\u903c|Dazzling Gleam|p1b: Biker Larry|[spread] p1a,p1b\n|-resisted|p1a: Biker Todd\n|-supereffective|p1b: Biker Larry\n|-damage|p1a: Biker Todd|66\/100\n|-enditem|p1b: Biker Larry|Focus Sash\n|-damage|p1b: Biker Larry|1\/100\n|move|p1a: Biker Todd|Eruption|p2a: \u53d1\u59d0\u725b\u903c|[spread] p2a,p2b\n|-damage|p2a: \u53d1\u59d0\u725b\u903c|70\/100\n|-damage|p2b: \u95ea\u7535\u4e94\u8fde\u62f3|74\/100\n|\n|-weather|SunnyDay|[upkeep]\n|-heal|p1a: Biker Todd|72\/100|[from] item: Leftovers\n|upkeep\n|turn|2\n|\n|t:|1699850757\n|-end|p2a: \u53d1\u59d0\u725b\u903c|Protosynthesis|[silent]\n|switch|p2a: \u8fd9\u4e2a\u5df4\u5c14\u51ef\u5c3c\u6069\u7942\u80fd\u5e72\u4ec0\u4e48\uff1f|Volcanion|100\/100\n|move|p1b: Biker Larry|Sucker Punch||[still]\n|-fail|p1b: Biker Larry\n|move|p2b: \u95ea\u7535\u4e94\u8fde\u62f3|Volt Switch|p1b: Biker Larry\n|-resisted|p1b: Biker Larry\n|-crit|p1b: Biker Larry\n|-damage|p1b: Biker Larry|0 fnt\n|faint|p1b: Biker Larry\n|\n|t:|1699850779\n|-end|p2b: \u95ea\u7535\u4e94\u8fde\u62f3|Quark Drive|[silent]\n|switch|p2b: \u5de8\u722a\u7f57\u65af|Landorus-Therian, M|100\/100|[from] Volt Switch\n|-ability|p2b: \u5de8\u722a\u7f57\u65af|Intimidate|boost\n|-unboost|p1a: Biker Todd|atk|1\n|move|p1a: Biker Todd|Lava Plume|p2b: \u5de8\u722a\u7f57\u65af|[spread] p2a,p2b\n|-resisted|p2a: \u8fd9\u4e2a\u5df4\u5c14\u51ef\u5c3c\u6069\u7942\u80fd\u5e72\u4ec0\u4e48\uff1f\n|-damage|p2a: \u8fd9\u4e2a\u5df4\u5c14\u51ef\u5c3c\u6069\u7942\u80fd\u5e72\u4ec0\u4e48\uff1f|96\/100\n|-damage|p2b: \u5de8\u722a\u7f57\u65af|70\/100\n|\n|-weather|SunnyDay|[upkeep]\n|-heal|p1a: Biker Todd|78\/100|[from] item: Leftovers\n|upkeep\n|\n|t:|1699850790\n|switch|p1b: Biker Billy|Azelf|100\/100\n|turn|3\n|\n|t:|1699850805\n|-terastallize|p1b: Biker Billy|Normal\n|move|p1a: Biker Todd|Protect|p1a: Biker Todd\n|-singleturn|p1a: Biker Todd|Protect\n|move|p1b: Biker Billy|Explosion|p2b: \u5de8\u722a\u7f57\u65af|[spread] p2a,p2b\n|-activate|p1a: Biker Todd|move: Protect\n|-damage|p2a: \u8fd9\u4e2a\u5df4\u5c14\u51ef\u5c3c\u6069\u7942\u80fd\u5e72\u4ec0\u4e48\uff1f|16\/100\n|-damage|p2b: \u5de8\u722a\u7f57\u65af|0 fnt\n|faint|p1b: Biker Billy\n|faint|p2b: \u5de8\u722a\u7f57\u65af\n|move|p2a: \u8fd9\u4e2a\u5df4\u5c14\u51ef\u5c3c\u6069\u7942\u80fd\u5e72\u4ec0\u4e48\uff1f|Heat Wave|p1a: Biker Todd\n|-activate|p1a: Biker Todd|move: Protect\n|\n|-weather|SunnyDay|[upkeep]\n|-heal|p1a: Biker Todd|84\/100|[from] item: Leftovers\n|upkeep\n|\n|t:|1699850822\n|switch|p1b: Biker Rick|Volcanion|100\/100\n|switch|p2b: \u53d1\u59d0\u725b\u903c|Flutter Mane|70\/100\n|-activate|p2b: \u53d1\u59d0\u725b\u903c|ability: Protosynthesis\n|-start|p2b: \u53d1\u59d0\u725b\u903c|protosynthesisspa\n|turn|4\n|\n|t:|1699850839\n|-end|p2b: \u53d1\u59d0\u725b\u903c|Protosynthesis|[silent]\n|switch|p2b: \u95ea\u7535\u4e94\u8fde\u62f3|Iron Hands|74\/100\n|move|p1b: Biker Rick|Heat Wave|p2a: \u8fd9\u4e2a\u5df4\u5c14\u51ef\u5c3c\u6069\u7942\u80fd\u5e72\u4ec0\u4e48\uff1f|[spread] p2b\n|-miss|p1b: Biker Rick|p2a: \u8fd9\u4e2a\u5df4\u5c14\u51ef\u5c3c\u6069\u7942\u80fd\u5e72\u4ec0\u4e48\uff1f\n|-damage|p2b: \u95ea\u7535\u4e94\u8fde\u62f3|45\/100\n|move|p2a: \u8fd9\u4e2a\u5df4\u5c14\u51ef\u5c3c\u6069\u7942\u80fd\u5e72\u4ec0\u4e48\uff1f|Sludge Bomb|p1b: Biker Rick\n|-damage|p1b: Biker Rick|71\/100\n|-status|p1b: Biker Rick|psn\n|move|p1a: Biker Todd|Ancient Power|p2a: \u8fd9\u4e2a\u5df4\u5c14\u51ef\u5c3c\u6069\u7942\u80fd\u5e72\u4ec0\u4e48\uff1f\n|-supereffective|p2a: \u8fd9\u4e2a\u5df4\u5c14\u51ef\u5c3c\u6069\u7942\u80fd\u5e72\u4ec0\u4e48\uff1f\n|-damage|p2a: \u8fd9\u4e2a\u5df4\u5c14\u51ef\u5c3c\u6069\u7942\u80fd\u5e72\u4ec0\u4e48\uff1f|0 fnt\n|faint|p2a: \u8fd9\u4e2a\u5df4\u5c14\u51ef\u5c3c\u6069\u7942\u80fd\u5e72\u4ec0\u4e48\uff1f\n|\n|-weather|SunnyDay|[upkeep]\n|-heal|p1b: Biker Rick|77\/100 psn|[from] item: Leftovers\n|-heal|p1a: Biker Todd|90\/100|[from] item: Leftovers\n|-damage|p1b: Biker Rick|65\/100 psn|[from] psn\n|upkeep\n|\n|t:|1699850862\n|switch|p2a: \u53d1\u59d0\u725b\u903c|Flutter Mane|70\/100\n|-activate|p2a: \u53d1\u59d0\u725b\u903c|ability: Protosynthesis\n|-start|p2a: \u53d1\u59d0\u725b\u903c|protosynthesisspa\n|turn|5\n|\n|t:|1699850876\n|-terastallize|p2a: \u53d1\u59d0\u725b\u903c|Fairy\n|move|p2b: \u95ea\u7535\u4e94\u8fde\u62f3|Fake Out|p1b: Biker Rick\n|-damage|p1b: Biker Rick|52\/100 psn\n|move|p2a: \u53d1\u59d0\u725b\u903c|Dazzling Gleam|p1b: Biker Rick|[spread] p1a,p1b\n|-resisted|p1a: Biker Todd\n|-resisted|p1b: Biker Rick\n|-damage|p1a: Biker Todd|41\/100\n|-damage|p1b: Biker Rick|14\/100 psn\n|cant|p1b: Biker Rick|flinch\n|move|p1a: Biker Todd|Lava Plume|p2b: \u95ea\u7535\u4e94\u8fde\u62f3|[spread] p1b,p2a,p2b\n|-resisted|p1b: Biker Rick\n|-crit|p2a: \u53d1\u59d0\u725b\u903c\n|-damage|p1b: Biker Rick|6\/100 psn\n|-damage|p2a: \u53d1\u59d0\u725b\u903c|31\/100\n|-damage|p2b: \u95ea\u7535\u4e94\u8fde\u62f3|31\/100\n|-status|p2a: \u53d1\u59d0\u725b\u903c|brn\n|\n|-weather|none\n|-end|p2a: \u53d1\u59d0\u725b\u903c|Protosynthesis\n|-heal|p1b: Biker Rick|12\/100 psn|[from] item: Leftovers\n|-heal|p1a: Biker Todd|47\/100|[from] item: Leftovers\n|-damage|p1b: Biker Rick|0 fnt|[from] psn\n|faint|p1b: Biker Rick\n|-damage|p2a: \u53d1\u59d0\u725b\u903c|25\/100 brn|[from] brn\n|upkeep\n|\n|t:|1699850897\n|switch|p1b: Biker Travis|Houndstone, M|100\/100\n|turn|6\n|\n|t:|1699850923\n|-end|p2a: \u53d1\u59d0\u725b\u903c|Protosynthesis|[silent]\n|switch|p2a: \u62cd\u6253\u7329|Rillaboom, M|100\/100\n|-fieldstart|move: Grassy Terrain|[from] ability: Grassy Surge|[of] p2a: \u62cd\u6253\u7329\n|move|p1b: Biker Travis|Ally Switch|p1b: Biker Travis\n|swap|p1b: Biker Travis|0|[from] move: Ally Switch\n|move|p2b: \u95ea\u7535\u4e94\u8fde\u62f3|Volt Switch|p1b: Biker Todd\n|-damage|p1b: Biker Todd|33\/100\n|\n|t:|1699850946\n|-end|p2b: \u95ea\u7535\u4e94\u8fde\u62f3|Quark Drive|[silent]\n|switch|p2b: \u80cc\u5f71\u6700\u5e05\u7684\u7834\u58f3\u68a6|Amoonguss, F|100\/100|[from] Volt Switch\n|move|p1b: Biker Todd|Eruption|p2b: \u80cc\u5f71\u6700\u5e05\u7684\u7834\u58f3\u68a6|[spread] p2a,p2b\n|-supereffective|p2a: \u62cd\u6253\u7329\n|-supereffective|p2b: \u80cc\u5f71\u6700\u5e05\u7684\u7834\u58f3\u68a6\n|-damage|p2a: \u62cd\u6253\u7329|75\/100\n|-damage|p2b: \u80cc\u5f71\u6700\u5e05\u7684\u7834\u58f3\u68a6|78\/100\n|\n|-heal|p2a: \u62cd\u6253\u7329|81\/100|[from] Grassy Terrain\n|-heal|p1b: Biker Todd|39\/100|[from] Grassy Terrain\n|-heal|p1b: Biker Todd|45\/100|[from] item: Leftovers\n|-heal|p2b: \u80cc\u5f71\u6700\u5e05\u7684\u7834\u58f3\u68a6|84\/100|[from] Grassy Terrain\n|upkeep\n|turn|7\n|\n|t:|1699850969\n|move|p2a: \u62cd\u6253\u7329|Grassy Glide|p1a: Biker Travis\n|-damage|p1a: Biker Travis|77\/100\n|move|p1a: Biker Travis|Last Respects|p2b: \u80cc\u5f71\u6700\u5e05\u7684\u7834\u58f3\u68a6\n|-damage|p2b: \u80cc\u5f71\u6700\u5e05\u7684\u7834\u58f3\u68a6|14\/100\n|-enditem|p2b: \u80cc\u5f71\u6700\u5e05\u7684\u7834\u58f3\u68a6|Sitrus Berry|[eat]\n|-heal|p2b: \u80cc\u5f71\u6700\u5e05\u7684\u7834\u58f3\u68a6|39\/100|[from] item: Sitrus Berry\n|move|p1b: Biker Todd|Eruption|p2b: \u80cc\u5f71\u6700\u5e05\u7684\u7834\u58f3\u68a6|[spread] p2a,p2b\n|-supereffective|p2a: \u62cd\u6253\u7329\n|-supereffective|p2b: \u80cc\u5f71\u6700\u5e05\u7684\u7834\u58f3\u68a6\n|-damage|p2a: \u62cd\u6253\u7329|43\/100\n|-damage|p2b: \u80cc\u5f71\u6700\u5e05\u7684\u7834\u58f3\u68a6|7\/100\n|move|p2b: \u80cc\u5f71\u6700\u5e05\u7684\u7834\u58f3\u68a6|Spore|p1b: Biker Todd\n|-status|p1b: Biker Todd|slp|[from] move: Spore\n|\n|-heal|p2a: \u62cd\u6253\u7329|50\/100|[from] Grassy Terrain\n|-heal|p1a: Biker Travis|83\/100|[from] Grassy Terrain\n|-heal|p1b: Biker Todd|51\/100 slp|[from] Grassy Terrain\n|-heal|p1b: Biker Todd|57\/100 slp|[from] item: Leftovers\n|-heal|p2b: \u80cc\u5f71\u6700\u5e05\u7684\u7834\u58f3\u68a6|14\/100|[from] Grassy Terrain\n|upkeep\n|turn|8\n|\n|t:|1699851001\n|move|p2a: \u62cd\u6253\u7329|Grassy Glide|p1a: Biker Travis\n|-damage|p1a: Biker Travis|63\/100\n|move|p1a: Biker Travis|Last Respects|p2b: \u80cc\u5f71\u6700\u5e05\u7684\u7834\u58f3\u68a6\n|-damage|p2b: \u80cc\u5f71\u6700\u5e05\u7684\u7834\u58f3\u68a6|0 fnt\n|faint|p2b: \u80cc\u5f71\u6700\u5e05\u7684\u7834\u58f3\u68a6\n|cant|p1b: Biker Todd|slp\n|\n|-heal|p2a: \u62cd\u6253\u7329|56\/100|[from] Grassy Terrain\n|-heal|p1a: Biker Travis|69\/100|[from] Grassy Terrain\n|-heal|p1b: Biker Todd|63\/100 slp|[from] Grassy Terrain\n|-heal|p1b: Biker Todd|69\/100 slp|[from] item: Leftovers\n|upkeep\n|\n|t:|1699851017\n|switch|p2b: \u53d1\u59d0\u725b\u903c|Flutter Mane, tera:Fairy|25\/100 brn\n|turn|9\n|\n|t:|1699851033\n|move|p2b: \u53d1\u59d0\u725b\u903c|Shadow Ball|p1a: Biker Travis\n|-supereffective|p1a: Biker Travis\n|-damage|p1a: Biker Travis|0 fnt\n|faint|p1a: Biker Travis\n|move|p2a: \u62cd\u6253\u7329|Wood Hammer|p1b: Biker Todd\n|-resisted|p1b: Biker Todd\n|-damage|p1b: Biker Todd|33\/100 slp\n|-damage|p2a: \u62cd\u6253\u7329|46\/100|[from] Recoil\n|cant|p1b: Biker Todd|slp\n|\n|-heal|p2b: \u53d1\u59d0\u725b\u903c|31\/100 brn|[from] Grassy Terrain\n|-heal|p2a: \u62cd\u6253\u7329|53\/100|[from] Grassy Terrain\n|-heal|p1b: Biker Todd|39\/100 slp|[from] Grassy Terrain\n|-heal|p1b: Biker Todd|45\/100 slp|[from] item: Leftovers\n|-damage|p2b: \u53d1\u59d0\u725b\u903c|25\/100 brn|[from] brn\n|upkeep\n|\n|t:|1699851048\n|switch|p1a: Biker Greg|Grafaiai, M|100\/100\n|turn|10\n|\n|t:|1699851075\n|move|p1a: Biker Greg|Copycat|p1a: Biker Greg\n|move|p1a: Biker Greg|Wood Hammer|p2b: \u53d1\u59d0\u725b\u903c|[from]move: Copycat\n|-damage|p2b: \u53d1\u59d0\u725b\u903c|0 fnt\n|faint|p2b: \u53d1\u59d0\u725b\u903c\n|-end|p2b: \u53d1\u59d0\u725b\u903c|Protosynthesis|[silent]\n|-damage|p1a: Biker Greg|91\/100|[from] Recoil\n|move|p2a: \u62cd\u6253\u7329|Wood Hammer|p1b: Biker Todd\n|-resisted|p1b: Biker Todd\n|-damage|p1b: Biker Todd|9\/100 slp\n|-damage|p2a: \u62cd\u6253\u7329|43\/100|[from] Recoil\n|cant|p1b: Biker Todd|slp\n|\n|-heal|p1a: Biker Greg|97\/100|[from] Grassy Terrain\n|-heal|p2a: \u62cd\u6253\u7329|50\/100|[from] Grassy Terrain\n|-heal|p1b: Biker Todd|15\/100 slp|[from] Grassy Terrain\n|-heal|p1b: Biker Todd|21\/100 slp|[from] item: Leftovers\n|-fieldend|move: Grassy Terrain\n|-status|p1a: Biker Greg|brn|[from] item: Flame Orb\n|upkeep\n|\n|t:|1699851096\n|switch|p2b: \u95ea\u7535\u4e94\u8fde\u62f3|Iron Hands|31\/100\n|turn|11\n|\n|t:|1699851103\n|move|p2b: \u95ea\u7535\u4e94\u8fde\u62f3|Fake Out|p1a: Biker Greg\n|-crit|p1a: Biker Greg\n|-damage|p1a: Biker Greg|55\/100 brn\n|cant|p1a: Biker Greg|flinch\n|move|p2a: \u62cd\u6253\u7329|Wood Hammer|p1b: Biker Todd\n|-resisted|p1b: Biker Todd\n|-damage|p1b: Biker Todd|0 fnt\n|faint|p1b: Biker Todd\n|-damage|p2a: \u62cd\u6253\u7329|44\/100|[from] Recoil\n|\n|-damage|p1a: Biker Greg|49\/100 brn|[from] brn\n|upkeep\n|turn|12\n|\n|t:|1699851121\n|move|p1a: Biker Greg|Facade|p2b: \u95ea\u7535\u4e94\u8fde\u62f3\n|-damage|p2b: \u95ea\u7535\u4e94\u8fde\u62f3|0 fnt\n|faint|p2b: \u95ea\u7535\u4e94\u8fde\u62f3\n|-end|p2b: \u95ea\u7535\u4e94\u8fde\u62f3|Quark Drive|[silent]\n|move|p2a: \u62cd\u6253\u7329|Wood Hammer|p1a: Biker Greg\n|-resisted|p1a: Biker Greg\n|-damage|p1a: Biker Greg|0 fnt\n|faint|p1a: Biker Greg\n|-damage|p2a: \u62cd\u6253\u7329|33\/100|[from] Recoil\n|\n|win|OPieceOfHeroGhost\n|raw|t00confident's rating: 1296 &rarr; <strong>1281<\/strong><br \/>(-15 for losing)\n|raw|OPieceOfHeroGhost's rating: 1444 &rarr; <strong>1456<\/strong><br \/>(+12 for winning)\n|l|\u2606t00confident\n","uploadtime":1699851134,"views":8,"p1id":"t00confident","p2id":"opieceofheroghost","formatid":"gen9doublesou","rating":1281,"private":0,"password":""}