{"id":"gen9doublesou-1980431021","p1":"Ohsnappp","p2":"DecaLmao","format":"[Gen 9] Doubles OU","log":"|j|\u2606Ohsnappp\n|j|\u2606DecaLmao\n|t:|1698784309\n|gametype|doubles\n|player|p1|Ohsnappp|266|1097\n|player|p2|DecaLmao|morty|1128\n|teamsize|p1|6\n|teamsize|p2|6\n|gen|9\n|tier|[Gen 9] Doubles OU\n|rated|\n|rule|Species Clause: Limit one of each Pok\u00e9mon\n|rule|OHKO Clause: OHKO moves are banned\n|rule|Evasion Moves Clause: Evasion moves are banned\n|rule|Gravity Sleep Clause: The combination of sleep-inducing moves with imperfect accuracy and Gravity or Gigantamax Orbeetle are banned\n|rule|Endless Battle Clause: Forcing endless battles is banned\n|rule|HP Percentage Mod: HP is shown in percentages\n|clearpoke\n|poke|p1|Weavile, F|\n|poke|p1|Cresselia, F|\n|poke|p1|Gliscor, M|\n|poke|p1|Kingambit, F|\n|poke|p1|Poliwrath, F|\n|poke|p1|Forretress, F|\n|poke|p2|Flutter Mane|\n|poke|p2|Amoonguss, M|\n|poke|p2|Heatran, M|\n|poke|p2|Great Tusk|\n|poke|p2|Gyarados, F|\n|poke|p2|Baxcalibur, M|\n|teampreview\n|\n|t:|1698784329\n|start\n|switch|p1a: Forretress|Forretress, F|100\/100\n|switch|p1b: Poliwrath|Poliwrath, F|100\/100\n|switch|p2a: Great Tusk|Great Tusk|100\/100\n|switch|p2b: Gyarados|Gyarados, F|100\/100\n|-ability|p2b: Gyarados|Intimidate|boost\n|-unboost|p1a: Forretress|atk|1\n|-unboost|p1b: Poliwrath|atk|1\n|turn|1\n|\n|t:|1698784346\n|move|p2a: Great Tusk|Bulk Up|p2a: Great Tusk\n|-boost|p2a: Great Tusk|atk|1\n|-boost|p2a: Great Tusk|def|1\n|move|p2b: Gyarados|Thunder Wave|p1b: Poliwrath\n|-status|p1b: Poliwrath|par\n|move|p1a: Forretress|Stealth Rock|p2b: Gyarados\n|-sidestart|p2: DecaLmao|move: Stealth Rock\n|move|p1b: Poliwrath|Knock Off|p2b: Gyarados\n|-crit|p2b: Gyarados\n|-damage|p2b: Gyarados|45\/100\n|-enditem|p2b: Gyarados|Safety Goggles|[from] move: Knock Off|[of] p1b: Poliwrath\n|-damage|p1b: Poliwrath|91\/100 par|[from] item: Life Orb\n|\n|upkeep\n|turn|2\n|\n|t:|1698784368\n|move|p2a: Great Tusk|Bulk Up|p2a: Great Tusk\n|-boost|p2a: Great Tusk|atk|1\n|-boost|p2a: Great Tusk|def|1\n|move|p2b: Gyarados|Bulldoze|p1a: Forretress|[spread] p2a,p1a,p1b\n|-damage|p2a: Great Tusk|96\/100\n|-damage|p1a: Forretress|91\/100\n|-damage|p1b: Poliwrath|79\/100 par\n|-unboost|p2a: Great Tusk|spe|1\n|-unboost|p1a: Forretress|spe|1\n|-unboost|p1b: Poliwrath|spe|1\n|move|p1a: Forretress|Lunge|p2a: Great Tusk\n|-resisted|p2a: Great Tusk\n|-damage|p2a: Great Tusk|93\/100\n|-unboost|p2a: Great Tusk|atk|1\n|move|p1b: Poliwrath|Circle Throw|p2a: Great Tusk\n|-damage|p2a: Great Tusk|85\/100\n|-damage|p1b: Poliwrath|69\/100 par|[from] item: Life Orb\n|-end|p2a: Great Tusk|Protosynthesis|[silent]\n|drag|p2a: Baxcalibur|Baxcalibur, M|100\/100\n|-damage|p2a: Baxcalibur|76\/100|[from] Stealth Rock\n|\n|upkeep\n|turn|3\n|\n|t:|1698784403\n|-terastallize|p2a: Baxcalibur|Dragon\n|move|p2a: Baxcalibur|Dragon Dance|p2a: Baxcalibur\n|-boost|p2a: Baxcalibur|atk|1\n|-boost|p2a: Baxcalibur|spe|1\n|move|p2b: Gyarados|Waterfall|p1b: Poliwrath\n|-heal|p1b: Poliwrath|94\/100 par|[from] ability: Water Absorb|[of] p2b: Gyarados\n|move|p1a: Forretress|Spikes|p2b: Gyarados\n|-sidestart|p2: DecaLmao|Spikes\n|move|p1b: Poliwrath|Knock Off|p2a: Baxcalibur\n|-damage|p2a: Baxcalibur|50\/100\n|-enditem|p2a: Baxcalibur|Life Orb|[from] move: Knock Off|[of] p1b: Poliwrath\n|-damage|p1b: Poliwrath|84\/100 par|[from] item: Life Orb\n|\n|upkeep\n|turn|4\n|\n|t:|1698784420\n|move|p2a: Baxcalibur|Earthquake|p1a: Forretress|[spread] p1a,p1b\n|-immune|p2b: Gyarados\n|-damage|p1a: Forretress|59\/100\n|-damage|p1b: Poliwrath|49\/100 par\n|move|p2b: Gyarados|Waterfall|p1a: Forretress\n|-damage|p1a: Forretress|35\/100\n|-damage|p2b: Gyarados|28\/100|[from] item: Rocky Helmet|[of] p1a: Forretress\n|move|p1a: Forretress|Lunge|p2b: Gyarados\n|-resisted|p2b: Gyarados\n|-damage|p2b: Gyarados|19\/100\n|-unboost|p2b: Gyarados|atk|1\n|move|p1b: Poliwrath|Circle Throw|p2a: Baxcalibur\n|-damage|p2a: Baxcalibur|30\/100\n|-damage|p1b: Poliwrath|39\/100 par|[from] item: Life Orb\n|drag|p2a: Great Tusk|Great Tusk|85\/100\n|\n|upkeep\n|turn|5\n|\n|t:|1698784446\n|move|p2a: Great Tusk|Rapid Spin|p1b: Poliwrath\n|-damage|p1b: Poliwrath|22\/100 par\n|-boost|p2a: Great Tusk|spe|1\n|-sideend|p2: DecaLmao|Spikes|[from] move: Rapid Spin|[of] p2a: Great Tusk\n|-sideend|p2: DecaLmao|Stealth Rock|[from] move: Rapid Spin|[of] p2a: Great Tusk\n|move|p2b: Gyarados|Waterfall|p1b: Poliwrath\n|-heal|p1b: Poliwrath|47\/100 par|[from] ability: Water Absorb|[of] p2b: Gyarados\n|move|p1a: Forretress|Lunge|p2a: Great Tusk\n|-resisted|p2a: Great Tusk\n|-damage|p2a: Great Tusk|77\/100\n|-unboost|p2a: Great Tusk|atk|1\n|cant|p1b: Poliwrath|par\n|\n|upkeep\n|turn|6\n|\n|t:|1698784471\n|switch|p2b: Flutter Mane|Flutter Mane|100\/100\n|move|p2a: Great Tusk|Bulk Up|p2a: Great Tusk\n|-boost|p2a: Great Tusk|atk|1\n|-boost|p2a: Great Tusk|def|1\n|move|p1a: Forretress|Poison Jab|p2b: Flutter Mane\n|-damage|p2b: Flutter Mane|68\/100\n|move|p1b: Poliwrath|Drain Punch|p2a: Great Tusk\n|-damage|p2a: Great Tusk|64\/100\n|-heal|p1b: Poliwrath|54\/100 par|[from] drain|[of] p2a: Great Tusk\n|-damage|p1b: Poliwrath|44\/100 par|[from] item: Life Orb\n|\n|upkeep\n|turn|7\n|\n|t:|1698784487\n|move|p2b: Flutter Mane|Moonblast|p1b: Poliwrath\n|-supereffective|p1b: Poliwrath\n|-damage|p1b: Poliwrath|0 fnt\n|faint|p1b: Poliwrath\n|move|p2a: Great Tusk|Bulk Up|p2a: Great Tusk\n|-boost|p2a: Great Tusk|atk|1\n|-boost|p2a: Great Tusk|def|1\n|move|p1a: Forretress|Lunge|p2a: Great Tusk\n|-resisted|p2a: Great Tusk\n|-damage|p2a: Great Tusk|59\/100\n|-unboost|p2a: Great Tusk|atk|1\n|\n|upkeep\n|l|\u2606DecaLmao\n|player|p2|\n|\n|t:|1698784504\n|switch|p1b: Cresselia|Cresselia, F|100\/100\n|turn|8\n|inactive|Battle timer is ON: inactive players will automatically lose when time's up. (requested by Ohsnappp)\n|inactive|DecaLmao has 30 seconds to reconnect!\n|inactive|DecaLmao has 20 seconds to reconnect!\n|j|\u2606DecaLmao\n|inactive|DecaLmao reconnected and has 110 seconds left.\n|player|p2|DecaLmao|morty\n|\n|t:|1698784596\n|move|p2b: Flutter Mane|Moonblast|p1a: Forretress\n|-resisted|p1a: Forretress\n|-damage|p1a: Forretress|0 fnt\n|faint|p1a: Forretress\n|move|p2a: Great Tusk|Bulk Up|p2a: Great Tusk\n|-boost|p2a: Great Tusk|atk|1\n|-boost|p2a: Great Tusk|def|1\n|move|p1b: Cresselia|Energy Ball|p2a: Great Tusk\n|-supereffective|p2a: Great Tusk\n|-damage|p2a: Great Tusk|0 fnt\n|faint|p2a: Great Tusk\n|-end|p2a: Great Tusk|Protosynthesis|[silent]\n|\n|upkeep\n|\n|t:|1698784625\n|switch|p2a: Baxcalibur|Baxcalibur, M, tera:Dragon|30\/100\n|switch|p1a: Weavile|Weavile, F|100\/100\n|turn|9\n|l|\u2606DecaLmao\n|inactive|DecaLmao disconnected and has a minute to reconnect!\n|player|p2|\n|inactive|DecaLmao has 30 seconds to reconnect!\n|j|\u2606DecaLmao\n|inactive|DecaLmao reconnected and has 95 seconds left.\n|player|p2|DecaLmao|morty\n|inactive|DecaLmao has 90 seconds left.\n|\n|t:|1698784693\n|-end|p2b: Flutter Mane|Protosynthesis|[silent]\n|switch|p2b: Gyarados|Gyarados, F|19\/100\n|-ability|p2b: Gyarados|Intimidate|boost\n|-unboost|p1a: Weavile|atk|1\n|-unboost|p1b: Cresselia|atk|1\n|move|p1a: Weavile|Poison Jab|p2b: Gyarados\n|-damage|p2b: Gyarados|4\/100\n|move|p2a: Baxcalibur|Earthquake|p1b: Cresselia|[spread] p1a\n|-immune|p2b: Gyarados\n|-immune|p1b: Cresselia|[from] ability: Levitate\n|-damage|p1a: Weavile|51\/100\n|move|p1b: Cresselia|Dazzling Gleam|p2b: Gyarados|[spread] p2a,p2b\n|-supereffective|p2a: Baxcalibur\n|-crit|p2a: Baxcalibur\n|-damage|p2a: Baxcalibur|0 fnt\n|-damage|p2b: Gyarados|0 fnt\n|faint|p2a: Baxcalibur\n|faint|p2b: Gyarados\n|\n|upkeep\n|\n|t:|1698784705\n|switch|p2a: Amoonguss|Amoonguss, M|100\/100\n|switch|p2b: Heatran|Heatran, M|100\/100\n|turn|10\n|inactive|DecaLmao has 90 seconds left.\n|\n|t:|1698784725\n|switch|p1a: Gliscor|Gliscor, M|100\/100\n|move|p2a: Amoonguss|Rage Powder|p2a: Amoonguss\n|-singleturn|p2a: Amoonguss|move: Rage Powder\n|move|p1b: Cresselia|Ice Beam|p2a: Amoonguss\n|-supereffective|p2a: Amoonguss\n|-crit|p2a: Amoonguss\n|-damage|p2a: Amoonguss|36\/100\n|move|p2b: Heatran|Lava Plume|p1a: Gliscor|[spread] p2a,p1a,p1b\n|-supereffective|p2a: Amoonguss\n|-damage|p2a: Amoonguss|0 fnt\n|-damage|p1a: Gliscor|53\/100\n|-damage|p1b: Cresselia|85\/100\n|-status|p1a: Gliscor|brn\n|faint|p2a: Amoonguss\n|\n|-damage|p1a: Gliscor|47\/100 brn|[from] brn\n|upkeep\n|\n|t:|1698784728\n|switch|p2a: Flutter Mane|Flutter Mane|68\/100\n|turn|11\n|inactive|DecaLmao has 90 seconds left.\n|\n|t:|1698784760\n|move|p2a: Flutter Mane|Mystical Fire|p1b: Cresselia\n|-crit|p1b: Cresselia\n|-damage|p1b: Cresselia|59\/100\n|-unboost|p1b: Cresselia|spa|1\n|move|p1a: Gliscor|Knock Off|p2a: Flutter Mane\n|-damage|p2a: Flutter Mane|36\/100\n|-enditem|p2a: Flutter Mane|Choice Specs|[from] move: Knock Off|[of] p1a: Gliscor\n|move|p1b: Cresselia|Ice Beam|p2a: Flutter Mane\n|-damage|p2a: Flutter Mane|18\/100\n|move|p2b: Heatran|Lava Plume|p1a: Gliscor|[spread] p2a,p1a,p1b\n|-crit|p1b: Cresselia\n|-damage|p2a: Flutter Mane|0 fnt\n|-damage|p1a: Gliscor|0 fnt\n|-damage|p1b: Cresselia|35\/100\n|faint|p2a: Flutter Mane\n|-end|p2a: Flutter Mane|Protosynthesis|[silent]\n|faint|p1a: Gliscor\n|\n|upkeep\n|\n|t:|1698784775\n|switch|p1a: Weavile|Weavile, F|51\/100\n|turn|12\n|\n|t:|1698784783\n|move|p1a: Weavile|Fake Out|p2b: Heatran\n|-resisted|p2b: Heatran\n|-damage|p2b: Heatran|95\/100\n|move|p1b: Cresselia|Thunderbolt|p2b: Heatran\n|-damage|p2b: Heatran|86\/100\n|cant|p2b: Heatran|flinch\n|\n|upkeep\n|turn|13\n|\n|t:|1698784797\n|move|p1a: Weavile|Icicle Crash|p2b: Heatran\n|-resisted|p2b: Heatran\n|-damage|p2b: Heatran|78\/100\n|move|p1b: Cresselia|Thunderbolt|p2b: Heatran\n|-damage|p2b: Heatran|69\/100\n|cant|p2b: Heatran|flinch\n|\n|upkeep\n|turn|14\n|\n|t:|1698784806\n|move|p1a: Weavile|Icicle Crash|p2b: Heatran\n|-resisted|p2b: Heatran\n|-damage|p2b: Heatran|60\/100\n|move|p1b: Cresselia|Thunderbolt|p2b: Heatran\n|-damage|p2b: Heatran|50\/100\n|move|p2b: Heatran|Lava Plume|p1b: Cresselia|[spread] p1a,p1b\n|-supereffective|p1a: Weavile\n|-damage|p1a: Weavile|0 fnt\n|-damage|p1b: Cresselia|21\/100\n|-status|p1b: Cresselia|brn\n|faint|p1a: Weavile\n|\n|-damage|p1b: Cresselia|15\/100 brn|[from] brn\n|upkeep\n|\n|t:|1698784818\n|switch|p1a: Kingambit|Kingambit, F|100\/100\n|-activate|p1a: Kingambit|ability: Supreme Overlord\n|-start|p1a: Kingambit|fallen4|[silent]\n|turn|15\n|\n|t:|1698784843\n|move|p1a: Kingambit|Sucker Punch|p2b: Heatran\n|-damage|p2b: Heatran|0 fnt\n|faint|p2b: Heatran\n|\n|win|Ohsnappp\n|raw|Ohsnappp's rating: 1097 &rarr; <strong>1125<\/strong><br \/>(+28 for winning)\n|raw|DecaLmao's rating: 1128 &rarr; <strong>1101<\/strong><br \/>(-27 for losing)\n|l|\u2606DecaLmao\n|c|\u2606Ohsnappp|gg\n","uploadtime":1698784856,"views":14,"p1id":"ohsnappp","p2id":"decalmao","formatid":"gen9doublesou","rating":1101,"private":0,"password":""}