{"id":"gen9doublesou-1998628003","p1":"ty yytttt","p2":"powqutfan","format":"[Gen 9] Doubles OU","log":"|j|\u2606ty yytttt\n|j|\u2606powqutfan\n|t:|1700964827\n|gametype|doubles\n|player|p1|ty yytttt|265|1071\n|player|p2|powqutfan|lady|1085\n|teamsize|p1|5\n|teamsize|p2|6\n|gen|9\n|tier|[Gen 9] Doubles OU\n|rated|\n|rule|Species Clause: Limit one of each Pok\u00e9mon\n|rule|OHKO Clause: OHKO moves are banned\n|rule|Evasion Moves Clause: Evasion moves are banned\n|rule|Gravity Sleep Clause: The combination of sleep-inducing moves with imperfect accuracy and Gravity or Gigantamax Orbeetle are banned\n|rule|Endless Battle Clause: Forcing endless battles is banned\n|rule|HP Percentage Mod: HP is shown in percentages\n|clearpoke\n|poke|p1|Shiftry, M|\n|poke|p1|Iron Bundle|\n|poke|p1|Ninetales-Alola, F|\n|poke|p1|Flutter Mane|\n|poke|p1|Gardevoir, M|\n|poke|p2|Ceruledge, F|\n|poke|p2|Gallade, M|\n|poke|p2|Finneon, F|\n|poke|p2|Chi-Yu|\n|poke|p2|Lycanroc, F|\n|poke|p2|Garchomp, F|\n|teampreview\n|inactive|Battle timer is ON: inactive players will automatically lose when time's up. (requested by powqutfan)\n|\n|t:|1700964839\n|start\n|switch|p1a: Flutter Mane|Flutter Mane|100\/100\n|switch|p1b: Gardevoir|Gardevoir, M|100\/100\n|switch|p2a: Voidranger|Ceruledge, F, shiny|100\/100\n|switch|p2b: Chi-Yu|Chi-Yu|100\/100\n|-ability|p2b: Chi-Yu|Beads of Ruin\n|-ability|p1b: Gardevoir|Beads of Ruin\n|-ability|p1b: Gardevoir|Beads of Ruin|[from] ability: Trace|[of] p2b: Chi-Yu\n|turn|1\n|\n|t:|1700964855\n|move|p1b: Gardevoir|Shadow Sneak|p1a: Flutter Mane\n|-supereffective|p1a: Flutter Mane\n|-damage|p1a: Flutter Mane|75\/100\n|-enditem|p1a: Flutter Mane|Weakness Policy\n|-boost|p1a: Flutter Mane|atk|2|[from] item: Weakness Policy\n|-boost|p1a: Flutter Mane|spa|2|[from] item: Weakness Policy\n|move|p1a: Flutter Mane|Dazzling Gleam|p2a: Voidranger|[spread] p2a,p2b\n|-resisted|p2a: Voidranger\n|-damage|p2a: Voidranger|53\/100\n|-damage|p2b: Chi-Yu|19\/100\n|move|p2b: Chi-Yu|Sunny Day|p2b: Chi-Yu\n|-weather|SunnyDay\n|-activate|p1a: Flutter Mane|ability: Protosynthesis\n|-start|p1a: Flutter Mane|protosynthesisspa\n|move|p2a: Voidranger|Swords Dance|p2a: Voidranger\n|-boost|p2a: Voidranger|atk|2\n|\n|-weather|SunnyDay|[upkeep]\n|upkeep\n|turn|2\n|\n|t:|1700964883\n|-terastallize|p2a: Voidranger|Grass\n|move|p1b: Gardevoir|Helping Hand|p1a: Flutter Mane\n|-singleturn|p1a: Flutter Mane|Helping Hand|[of] p1b: Gardevoir\n|move|p1a: Flutter Mane|Dazzling Gleam|p2a: Voidranger|[spread] p2a,p2b\n|-damage|p2a: Voidranger|0 fnt\n|-damage|p2b: Chi-Yu|0 fnt\n|faint|p2a: Voidranger\n|faint|p2b: Chi-Yu\n|\n|-weather|SunnyDay|[upkeep]\n|upkeep\n|\n|t:|1700964892\n|switch|p2b: Garchomp|Garchomp, F|100\/100\n|switch|p2a: Lycanroc|Lycanroc, F|100\/100\n|turn|3\n|\n|t:|1700964909\n|switch|p1b: Iron Bundle|Iron Bundle|100\/100\n|move|p2a: Lycanroc|Accelerock|p1a: Flutter Mane\n|-damage|p1a: Flutter Mane|36\/100\n|move|p1a: Flutter Mane|Dazzling Gleam|p2a: Lycanroc|[spread] p2a,p2b\n|-supereffective|p2b: Garchomp\n|-crit|p2b: Garchomp\n|-damage|p2a: Lycanroc|0 fnt\n|-damage|p2b: Garchomp|0 fnt\n|faint|p2a: Lycanroc\n|faint|p2b: Garchomp\n|\n|-weather|SunnyDay|[upkeep]\n|upkeep\n|\n|t:|1700964920\n|switch|p2a: Feesh|Finneon, F, shiny|100\/100\n|switch|p2b: Mega Gallade|Gallade, M, shiny|100\/100\n|turn|4\n|\n|t:|1700964935\n|move|p2a: Feesh|Helping Hand|p2b: Mega Gallade\n|-singleturn|p2b: Mega Gallade|Helping Hand|[of] p2a: Feesh\n|move|p1b: Iron Bundle|Hydro Pump|p2a: Feesh\n|-activate|p2a: Feesh|ability: Storm Drain\n|-ability|p2a: Feesh|Storm Drain|boost\n|-boost|p2a: Feesh|spa|1\n|move|p1a: Flutter Mane|Dazzling Gleam|p2a: Feesh|[spread] p2a,p2b\n|-supereffective|p2b: Mega Gallade\n|-damage|p2a: Feesh|40\/100\n|-damage|p2b: Mega Gallade|0 fnt\n|faint|p2b: Mega Gallade\n|\n|-weather|SunnyDay|[upkeep]\n|upkeep\n|turn|5\n|\n|t:|1700964952\n|move|p1b: Iron Bundle|Blizzard|p2a: Feesh\n|-resisted|p2a: Feesh\n|-damage|p2a: Feesh|21\/100\n|move|p1a: Flutter Mane|Dazzling Gleam|p2a: Feesh\n|-damage|p2a: Feesh|0 fnt\n|faint|p2a: Feesh\n|\n|win|ty yytttt\n|raw|ty yytttt's rating: 1071 &rarr; <strong>1102<\/strong><br \/>(+31 for winning)\n|raw|powqutfan's rating: 1085 &rarr; <strong>1061<\/strong><br \/>(-24 for losing)\n|c|\u2606powqutfan|gg\n","uploadtime":1700964962,"views":5,"p1id":"tyyytttt","p2id":"powqutfan","formatid":"gen9doublesou","rating":1061,"private":0,"password":""}