{"id":"gen9doublesou-1988785574","p1":"AubreyOmori1","p2":"NeoTox867","format":"[Gen 9] Doubles OU","log":"|j|\u2606AubreyOmori1\n|j|\u2606NeoTox867\n|t:|1699762894\n|gametype|doubles\n|player|p1|AubreyOmori1|roxie|1319\n|player|p2|NeoTox867|depotagent|1406\n|teamsize|p1|6\n|teamsize|p2|6\n|gen|9\n|tier|[Gen 9] Doubles OU\n|rated|\n|rule|Species Clause: Limit one of each Pok\u00e9mon\n|rule|OHKO Clause: OHKO moves are banned\n|rule|Evasion Moves Clause: Evasion moves are banned\n|rule|Gravity Sleep Clause: The combination of sleep-inducing moves with imperfect accuracy and Gravity or Gigantamax Orbeetle are banned\n|rule|Endless Battle Clause: Forcing endless battles is banned\n|rule|HP Percentage Mod: HP is shown in percentages\n|clearpoke\n|poke|p1|Pelipper, M|\n|poke|p1|Basculegion-F, F|\n|poke|p1|Ogerpon-Wellspring, F|\n|poke|p1|Rillaboom, M|\n|poke|p1|Iron Hands|\n|poke|p1|Farigiraf, M|\n|poke|p2|Slowbro-Galar, F|\n|poke|p2|Volcanion|\n|poke|p2|Chesnaught, M|\n|poke|p2|Greninja-*, M|\n|poke|p2|Thundurus, M|\n|poke|p2|Baxcalibur, F|\n|teampreview\n|j| kingifty113\n|\n|t:|1699762917\n|start\n|switch|p1a: Tree|Rillaboom, M, shiny|100\/100\n|switch|p1b: Leafy|Ogerpon-Wellspring, F|100\/100\n|switch|p2a: Callie|Baxcalibur, F|100\/100\n|switch|p2b: Hakari|Slowbro-Galar, F|100\/100\n|-fieldstart|move: Grassy Terrain|[from] ability: Grassy Surge|[of] p1a: Tree\n|turn|1\n|\n|t:|1699762930\n|move|p1b: Leafy|Spiky Shield|p1b: Leafy\n|-singleturn|p1b: Leafy|move: Protect\n|move|p2a: Callie|Scale Shot|p1a: Tree\n|-crit|p1a: Tree\n|-damage|p1a: Tree|82\/100\n|-damage|p1a: Tree|69\/100\n|-damage|p1a: Tree|57\/100\n|-damage|p1a: Tree|44\/100\n|-hitcount|p1a: Tree|4\n|-unboost|p2a: Callie|def|1\n|-boost|p2a: Callie|spe|1\n|move|p1a: Tree|Wood Hammer|p2a: Callie\n|-resisted|p2a: Callie\n|-damage|p2a: Callie|40\/100\n|-damage|p1a: Tree|25\/100|[from] Recoil\n|move|p2b: Hakari|Shell Side Arm|p1b: Leafy|[anim] Shell Side Arm Special\n|-activate|p1b: Leafy|move: Protect\n|\n|-heal|p2a: Callie|46\/100|[from] Grassy Terrain\n|-heal|p1a: Tree|32\/100|[from] Grassy Terrain\n|upkeep\n|turn|2\n|-activate|p2b: Hakari|item: Quick Claw\n|\n|t:|1699762950\n|move|p1b: Leafy|Follow Me|p1b: Leafy\n|-singleturn|p1b: Leafy|move: Follow Me\n|move|p2b: Hakari|Shell Side Arm|p1b: Leafy|[anim] Shell Side Arm Special\n|-supereffective|p1b: Leafy\n|-damage|p1b: Leafy|2\/100\n|-hint|Special Shell Side Arm\n|move|p2a: Callie|Icicle Spear|p1b: Leafy\n|-damage|p1b: Leafy|0 fnt\n|faint|p1b: Leafy\n|-hitcount|p1: Leafy|1\n|move|p1a: Tree|Wood Hammer|p2a: Callie\n|-resisted|p2a: Callie\n|-damage|p2a: Callie|0 fnt\n|faint|p2a: Callie\n|-damage|p1a: Tree|18\/100|[from] Recoil\n|\n|-heal|p1a: Tree|24\/100|[from] Grassy Terrain\n|upkeep\n|\n|t:|1699762963\n|switch|p1b: Sunny|Farigiraf, M, shiny|100\/100\n|switch|p2a: Croak|Greninja, M|100\/100\n|turn|3\n|\n|t:|1699762969\n|move|p1b: Sunny|Protect|p1b: Sunny\n|-singleturn|p1b: Sunny|Protect\n|move|p1a: Tree|Grassy Glide|p2a: Croak\n|-supereffective|p2a: Croak\n|-enditem|p2a: Croak|Focus Sash\n|-damage|p2a: Croak|1\/100\n|move|p2a: Croak|Dark Pulse|p1b: Sunny\n|-activate|p1b: Sunny|move: Protect\n|move|p2b: Hakari|Shell Side Arm|p1a: Tree|[anim] Shell Side Arm Special\n|-supereffective|p1a: Tree\n|-damage|p1a: Tree|0 fnt\n|-hint|Special Shell Side Arm\n|faint|p1a: Tree\n|\n|-heal|p2a: Croak|7\/100|[from] Grassy Terrain\n|upkeep\n|\n|t:|1699762981\n|switch|p1a: Wario|Iron Hands, shiny|100\/100\n|turn|4\n|-activate|p2b: Hakari|ability: Quick Draw\n|\n|t:|1699762987\n|move|p1a: Wario|Fake Out|p2a: Croak\n|-damage|p2a: Croak|0 fnt\n|faint|p2a: Croak\n|move|p2b: Hakari|Psychic|p1a: Wario\n|-supereffective|p1a: Wario\n|-damage|p1a: Wario|59\/100\n|move|p1b: Sunny|Trick Room|p1b: Sunny\n|-fieldstart|move: Trick Room|[of] p1b: Sunny\n|\n|-heal|p1a: Wario|65\/100|[from] Grassy Terrain\n|upkeep\n|\n|t:|1699762997\n|switch|p2a: Quckquills|Chesnaught, M|100\/100\n|turn|5\n|\n|t:|1699763005\n|move|p2a: Quckquills|Spiky Shield|p2a: Quckquills\n|-singleturn|p2a: Quckquills|move: Protect\n|move|p2b: Hakari|Psychic|p1a: Wario\n|-supereffective|p1a: Wario\n|-damage|p1a: Wario|25\/100\n|move|p1a: Wario|Close Combat|p2a: Quckquills\n|-activate|p2a: Quckquills|move: Protect\n|-damage|p1a: Wario|12\/100|[from] Spiky Shield|[of] p2a: Quckquills\n|move|p1b: Sunny|Psychic|p2a: Quckquills\n|-activate|p2a: Quckquills|move: Protect\n|\n|-heal|p1a: Wario|19\/100|[from] Grassy Terrain\n|-fieldend|move: Grassy Terrain\n|upkeep\n|turn|6\n|-activate|p2b: Hakari|ability: Quick Draw\n|\n|t:|1699763028\n|-terastallize|p2a: Quckquills|Rock\n|move|p2b: Hakari|Psychic|p1a: Wario\n|-supereffective|p1a: Wario\n|-damage|p1a: Wario|0 fnt\n|faint|p1a: Wario\n|-end|p1a: Wario|Quark Drive|[silent]\n|move|p1b: Sunny|Psychic|p2a: Quckquills\n|-damage|p2a: Quckquills|47\/100\n|move|p2a: Quckquills|Drain Punch|p1b: Sunny\n|-damage|p1b: Sunny|70\/100\n|-heal|p2a: Quckquills|65\/100|[from] drain|[of] p1b: Sunny\n|\n|-heal|p2a: Quckquills|71\/100|[from] item: Leftovers\n|upkeep\n|\n|t:|1699763042\n|switch|p1a: Tarta Bird|Pelipper, M, shiny|100\/100\n|-weather|RainDance|[from] ability: Drizzle|[of] p1a: Tarta Bird\n|turn|7\n|-activate|p2b: Hakari|ability: Quick Draw\n|\n|t:|1699763054\n|move|p2b: Hakari|Psychic|p1b: Sunny\n|-resisted|p1b: Sunny\n|-damage|p1b: Sunny|48\/100\n|-enditem|p1b: Sunny|Sitrus Berry|[eat]\n|-heal|p1b: Sunny|73\/100|[from] item: Sitrus Berry\n|move|p1b: Sunny|Psychic|p2b: Hakari\n|-damage|p2b: Hakari|47\/100\n|move|p2a: Quckquills|Drain Punch|p1b: Sunny\n|-damage|p1b: Sunny|46\/100\n|-heal|p2a: Quckquills|87\/100|[from] drain|[of] p1b: Sunny\n|move|p1a: Tarta Bird|Hydro Pump|p2a: Quckquills\n|-supereffective|p2a: Quckquills\n|-crit|p2a: Quckquills\n|-damage|p2a: Quckquills|0 fnt\n|faint|p2a: Quckquills\n|\n|-weather|RainDance|[upkeep]\n|upkeep\n|\n|t:|1699763060\n|switch|p2a: Slanderous|Thundurus, M|100\/100\n|turn|8\n|-activate|p2b: Hakari|item: Quick Claw\n|\n|t:|1699763080\n|move|p2b: Hakari|Psychic|p1b: Sunny\n|-resisted|p1b: Sunny\n|-damage|p1b: Sunny|24\/100\n|move|p1b: Sunny|Psychic|p2b: Hakari\n|-damage|p2b: Hakari|0 fnt\n|faint|p2b: Hakari\n|move|p1a: Tarta Bird|Tailwind|p1a: Tarta Bird\n|-sidestart|p1: AubreyOmori1|move: Tailwind\n|move|p2a: Slanderous|Wildbolt Storm|p1a: Tarta Bird|[spread] p1a,p1b\n|-supereffective|p1a: Tarta Bird\n|-damage|p1a: Tarta Bird|0 fnt\n|-damage|p1b: Sunny|0 fnt\n|faint|p1a: Tarta Bird\n|faint|p1b: Sunny\n|\n|-weather|RainDance|[upkeep]\n|-fieldend|move: Trick Room\n|upkeep\n|\n|t:|1699763089\n|switch|p1b: Undyne|Basculegion-F, F, shiny|100\/100\n|switch|p2b: Sauna|Volcanion|100\/100\n|turn|9\n|\n|t:|1699763096\n|-terastallize|p1b: Undyne|Grass\n|move|p1b: Undyne|Last Respects|p2b: Sauna\n|-damage|p2b: Sauna|0 fnt\n|faint|p2b: Sauna\n|-damage|p1b: Undyne|91\/100|[from] item: Life Orb\n|move|p2a: Slanderous|Wildbolt Storm|p1b: Undyne\n|-resisted|p1b: Undyne\n|-damage|p1b: Undyne|67\/100\n|\n|-weather|RainDance|[upkeep]\n|upkeep\n|turn|10\n|\n|t:|1699763105\n|move|p1b: Undyne|Last Respects|p2a: Slanderous\n|-damage|p2a: Slanderous|0 fnt\n|faint|p2a: Slanderous\n|-damage|p1b: Undyne|57\/100|[from] item: Life Orb\n|\n|win|AubreyOmori1\n|raw|AubreyOmori1's rating: 1319 &rarr; <strong>1344<\/strong><br \/>(+25 for winning)\n|raw|NeoTox867's rating: 1406 &rarr; <strong>1381<\/strong><br \/>(-25 for losing)\n|l|\u2606NeoTox867\n","uploadtime":1699763110,"views":6,"p1id":"aubreyomori1","p2id":"neotox867","formatid":"gen9doublesou","rating":1344,"private":0,"password":""}