{"id":"gen9doublesou-1987728728","p1":"Pax_825","p2":"nascarfan48","format":"[Gen 9] Doubles OU","log":"|j|\u2606Pax_825\n|j|\u2606nascarfan48\n|t:|1699631549\n|gametype|doubles\n|player|p1|Pax_825|169|1201\n|player|p2|nascarfan48|giovanni|1162\n|teamsize|p1|6\n|teamsize|p2|6\n|gen|9\n|tier|[Gen 9] Doubles OU\n|rated|\n|rule|Species Clause: Limit one of each Pok\u00e9mon\n|rule|OHKO Clause: OHKO moves are banned\n|rule|Evasion Moves Clause: Evasion moves are banned\n|rule|Gravity Sleep Clause: The combination of sleep-inducing moves with imperfect accuracy and Gravity or Gigantamax Orbeetle are banned\n|rule|Endless Battle Clause: Forcing endless battles is banned\n|rule|HP Percentage Mod: HP is shown in percentages\n|clearpoke\n|poke|p1|Heatran, M|\n|poke|p1|Palafin, F|\n|poke|p1|Iron Hands|\n|poke|p1|Pelipper, M|\n|poke|p1|Rillaboom, F|\n|poke|p1|Flutter Mane|\n|poke|p2|Dusclops, M|\n|poke|p2|Hatterene, F|\n|poke|p2|Iron Hands|\n|poke|p2|Ursaluna, F|\n|poke|p2|Amoonguss, F|\n|poke|p2|Diancie|\n|teampreview\n|inactive|Battle timer is ON: inactive players will automatically lose when time's up. (requested by nascarfan48)\n|\n|t:|1699631573\n|start\n|switch|p1a: Iron Hands|Iron Hands|100\/100\n|switch|p1b: Flutter Mane|Flutter Mane|100\/100\n|switch|p2a: Waifu|Hatterene, F, shiny|100\/100\n|switch|p2b: Catch These Hands|Iron Hands|100\/100\n|-enditem|p2b: Catch These Hands|Booster Energy\n|-activate|p2b: Catch These Hands|ability: Quark Drive|[fromitem]\n|-start|p2b: Catch These Hands|quarkdriveatk\n|turn|1\n|\n|t:|1699631596\n|move|p2a: Waifu|Protect|p2a: Waifu\n|-singleturn|p2a: Waifu|Protect\n|move|p1a: Iron Hands|Fake Out|p2a: Waifu\n|-activate|p2a: Waifu|move: Protect\n|move|p1b: Flutter Mane|Dazzling Gleam|p2a: Waifu|[spread] p2b\n|-activate|p2a: Waifu|move: Protect\n|-supereffective|p2b: Catch These Hands\n|-damage|p2b: Catch These Hands|25\/100\n|-damage|p1b: Flutter Mane|91\/100|[from] item: Life Orb\n|move|p2b: Catch These Hands|Heavy Slam|p1b: Flutter Mane\n|-supereffective|p1b: Flutter Mane\n|-damage|p1b: Flutter Mane|0 fnt\n|faint|p1b: Flutter Mane\n|-end|p1b: Flutter Mane|Protosynthesis|[silent]\n|\n|upkeep\n|inactive|Pax_825 has 120 seconds left.\n|\n|t:|1699631614\n|switch|p1b: Palafin|Palafin, F|100\/100\n|turn|2\n|\n|t:|1699631624\n|detailschange|p1b: Palafin|Palafin-Hero, F\n|switch|p1b: Rillaboom|Rillaboom, F|100\/100\n|-fieldstart|move: Grassy Terrain|[from] ability: Grassy Surge|[of] p1b: Rillaboom\n|-singleturn|p2b: Catch These Hands|move: Focus Punch\n|move|p1a: Iron Hands|Drain Punch|p2b: Catch These Hands\n|-damage|p2b: Catch These Hands|0 fnt\n|faint|p2b: Catch These Hands\n|-end|p2b: Catch These Hands|Quark Drive|[silent]\n|move|p2a: Waifu|Trick Room|p2a: Waifu\n|-fieldstart|move: Trick Room|[of] p2a: Waifu\n|\n|upkeep\n|\n|t:|1699631632\n|switch|p2b: Cyclops|Dusclops, M|100\/100\n|-ability|p2b: Cyclops|Pressure\n|turn|3\n|\n|t:|1699631661\n|-end|p1a: Iron Hands|Quark Drive|[silent]\n|switch|p1a: Palafin|Palafin-Hero, F|100\/100\n|-activate|p1a: Palafin|ability: Zero to Hero\n|move|p2a: Waifu|Draining Kiss|p1a: Palafin\n|-damage|p1a: Palafin|78\/100\n|move|p2b: Cyclops|Will-O-Wisp|p1b: Rillaboom\n|-status|p1b: Rillaboom|brn\n|move|p1b: Rillaboom|U-turn|p2a: Waifu\n|-damage|p2a: Waifu|86\/100\n|inactive|Pax_825 has 120 seconds left.\n|\n|t:|1699631675\n|switch|p1b: Pelipper|Pelipper, M|100\/100|[from] U-turn\n|-weather|RainDance|[from] ability: Drizzle|[of] p1b: Pelipper\n|\n|-weather|RainDance|[upkeep]\n|-heal|p2a: Waifu|92\/100|[from] Grassy Terrain\n|-heal|p1a: Palafin|84\/100|[from] Grassy Terrain\n|upkeep\n|turn|4\n|inactive|Pax_825 has 120 seconds left.\n|\n|t:|1699631704\n|-terastallize|p1a: Palafin|Water\n|move|p2a: Waifu|Protect|p2a: Waifu\n|-singleturn|p2a: Waifu|Protect\n|move|p1a: Palafin|Jet Punch|p2b: Cyclops\n|-damage|p2b: Cyclops|20\/100\n|move|p2b: Cyclops|Will-O-Wisp|p1a: Palafin|[miss]\n|-miss|p2b: Cyclops|p1a: Palafin\n|move|p1b: Pelipper|Hurricane|p2a: Waifu\n|-activate|p2a: Waifu|move: Protect\n|\n|-weather|RainDance|[upkeep]\n|-heal|p2a: Waifu|98\/100|[from] Grassy Terrain\n|-heal|p2b: Cyclops|26\/100|[from] Grassy Terrain\n|-heal|p1a: Palafin|90\/100|[from] Grassy Terrain\n|upkeep\n|turn|5\n|\n|t:|1699631718\n|move|p2b: Cyclops|Shadow Sneak|p2a: Waifu\n|-supereffective|p2a: Waifu\n|-damage|p2a: Waifu|78\/100\n|-enditem|p2a: Waifu|Weakness Policy\n|-boost|p2a: Waifu|atk|2|[from] item: Weakness Policy\n|-boost|p2a: Waifu|spa|2|[from] item: Weakness Policy\n|move|p1a: Palafin|Jet Punch|p2b: Cyclops\n|-damage|p2b: Cyclops|0 fnt\n|faint|p2b: Cyclops\n|move|p2a: Waifu|Psyshock|p1a: Palafin\n|-damage|p1a: Palafin|29\/100\n|move|p1b: Pelipper|Hurricane|p2a: Waifu\n|-damage|p2a: Waifu|44\/100\n|\n|-weather|RainDance|[upkeep]\n|-heal|p2a: Waifu|50\/100|[from] Grassy Terrain\n|-heal|p1a: Palafin|35\/100|[from] Grassy Terrain\n|upkeep\n|\n|t:|1699631729\n|switch|p2b: Crewmate|Amoonguss, F, shiny|100\/100\n|turn|6\n|\n|t:|1699631742\n|switch|p1a: Rillaboom|Rillaboom, F|100\/100 brn\n|move|p2b: Crewmate|Rage Powder|p2b: Crewmate\n|-singleturn|p2b: Crewmate|move: Rage Powder\n|move|p2a: Waifu|Draining Kiss|p1a: Rillaboom\n|-damage|p1a: Rillaboom|51\/100 brn\n|-heal|p2a: Waifu|89\/100|[from] drain|[of] p1a: Rillaboom\n|move|p1b: Pelipper|Hurricane|p2b: Crewmate\n|-supereffective|p2b: Crewmate\n|-damage|p2b: Crewmate|43\/100\n|-start|p2b: Crewmate|confusion\n|\n|-weather|RainDance|[upkeep]\n|-heal|p2a: Waifu|95\/100|[from] Grassy Terrain\n|-heal|p2b: Crewmate|49\/100|[from] Grassy Terrain\n|-heal|p1a: Rillaboom|57\/100 brn|[from] Grassy Terrain\n|-heal|p1a: Rillaboom|64\/100 brn|[from] item: Leftovers\n|-damage|p1a: Rillaboom|57\/100 brn|[from] brn\n|-fieldend|move: Trick Room\n|-fieldend|move: Grassy Terrain\n|upkeep\n|turn|7\n|\n|t:|1699631769\n|-activate|p2b: Crewmate|confusion\n|move|p2b: Crewmate|Rage Powder|p2b: Crewmate\n|-singleturn|p2b: Crewmate|move: Rage Powder\n|move|p1a: Rillaboom|U-turn|p2b: Crewmate\n|-crit|p2b: Crewmate\n|-damage|p2b: Crewmate|30\/100\n|-damage|p1a: Rillaboom|41\/100 brn|[from] item: Rocky Helmet|[of] p2b: Crewmate\n|inactive|Pax_825 has 120 seconds left.\n|\n|t:|1699631780\n|switch|p1a: Heatran|Heatran, M|100\/100|[from] U-turn\n|-item|p1a: Heatran|Air Balloon\n|move|p1b: Pelipper|Hurricane|p2b: Crewmate\n|-supereffective|p2b: Crewmate\n|-damage|p2b: Crewmate|0 fnt\n|faint|p2b: Crewmate\n|move|p2a: Waifu|Trick Room|p2a: Waifu\n|-fieldstart|move: Trick Room|[of] p2a: Waifu\n|\n|-weather|none\n|upkeep\n|\n|t:|1699631789\n|switch|p2b: Freddy Fazbear|Ursaluna, F|100\/100\n|turn|8\n|\n|t:|1699631813\n|switch|p1b: Rillaboom|Rillaboom, F|41\/100 brn\n|-fieldstart|move: Grassy Terrain|[from] ability: Grassy Surge|[of] p1b: Rillaboom\n|move|p1a: Heatran|Protect|p1a: Heatran\n|-singleturn|p1a: Heatran|Protect\n|move|p2a: Waifu|Psyshock|p1b: Rillaboom\n|-damage|p1b: Rillaboom|0 fnt\n|faint|p1b: Rillaboom\n|move|p2b: Freddy Fazbear|Facade|p1a: Heatran\n|-activate|p1a: Heatran|move: Protect\n|\n|-heal|p2a: Waifu|100\/100|[from] Grassy Terrain\n|-status|p2b: Freddy Fazbear|brn|[from] item: Flame Orb\n|upkeep\n|inactive|Pax_825 has 120 seconds left.\n|\n|t:|1699631833\n|switch|p1b: Pelipper|Pelipper, M|100\/100\n|-weather|RainDance|[from] ability: Drizzle|[of] p1b: Pelipper\n|turn|9\n|\n|t:|1699631845\n|move|p2a: Waifu|Psyshock|p1a: Heatran\n|-resisted|p1a: Heatran\n|-damage|p1a: Heatran|72\/100\n|-enditem|p1a: Heatran|Air Balloon\n|move|p2b: Freddy Fazbear|Headlong Rush|p1a: Heatran\n|-supereffective|p1a: Heatran\n|-damage|p1a: Heatran|0 fnt\n|-unboost|p2b: Freddy Fazbear|def|1\n|-unboost|p2b: Freddy Fazbear|spd|1\n|faint|p1a: Heatran\n|move|p1b: Pelipper|Chilling Water|p2b: Freddy Fazbear\n|-supereffective|p2b: Freddy Fazbear\n|-damage|p2b: Freddy Fazbear|21\/100 brn\n|-unboost|p2b: Freddy Fazbear|atk|1\n|\n|-weather|RainDance|[upkeep]\n|-heal|p2b: Freddy Fazbear|27\/100 brn|[from] Grassy Terrain\n|-damage|p2b: Freddy Fazbear|21\/100 brn|[from] brn\n|upkeep\n|\n|t:|1699631859\n|switch|p1a: Palafin|Palafin-Hero, F, tera:Water|35\/100\n|turn|10\n|\n|t:|1699631866\n|move|p2b: Freddy Fazbear|Protect|p2b: Freddy Fazbear\n|-singleturn|p2b: Freddy Fazbear|Protect\n|move|p1a: Palafin|Jet Punch|p2b: Freddy Fazbear\n|-activate|p2b: Freddy Fazbear|move: Protect\n|move|p2a: Waifu|Psyshock|p1a: Palafin\n|-damage|p1a: Palafin|0 fnt\n|faint|p1a: Palafin\n|move|p1b: Pelipper|Chilling Water|p2b: Freddy Fazbear\n|-activate|p2b: Freddy Fazbear|move: Protect\n|\n|-weather|RainDance|[upkeep]\n|-heal|p2b: Freddy Fazbear|27\/100 brn|[from] Grassy Terrain\n|-damage|p2b: Freddy Fazbear|21\/100 brn|[from] brn\n|upkeep\n|\n|t:|1699631877\n|switch|p1a: Iron Hands|Iron Hands|100\/100\n|turn|11\n|\n|t:|1699631889\n|move|p1a: Iron Hands|Fake Out|p2b: Freddy Fazbear\n|-damage|p2b: Freddy Fazbear|5\/100 brn\n|move|p2a: Waifu|Draining Kiss|p1a: Iron Hands\n|-supereffective|p1a: Iron Hands\n|-damage|p1a: Iron Hands|55\/100\n|cant|p2b: Freddy Fazbear|flinch\n|move|p1b: Pelipper|Chilling Water|p2b: Freddy Fazbear\n|-supereffective|p2b: Freddy Fazbear\n|-damage|p2b: Freddy Fazbear|0 fnt\n|faint|p2b: Freddy Fazbear\n|\n|-weather|RainDance|[upkeep]\n|-heal|p1a: Iron Hands|61\/100|[from] Grassy Terrain\n|-fieldend|move: Trick Room\n|upkeep\n|\n|t:|1699631896\n|switch|p2b: Kryptonite|Diancie, shiny|100\/100\n|turn|12\n|\n|t:|1699631915\n|move|p2a: Waifu|Protect|p2a: Waifu\n|-singleturn|p2a: Waifu|Protect\n|move|p1b: Pelipper|Chilling Water|p2b: Kryptonite\n|-supereffective|p2b: Kryptonite\n|-damage|p2b: Kryptonite|58\/100\n|move|p2b: Kryptonite|Calm Mind|p2b: Kryptonite\n|-boost|p2b: Kryptonite|spa|1\n|-boost|p2b: Kryptonite|spd|1\n|move|p1a: Iron Hands|Drain Punch|p2b: Kryptonite\n|-damage|p2b: Kryptonite|26\/100\n|-heal|p1a: Iron Hands|72\/100|[from] drain|[of] p2b: Kryptonite\n|\n|-weather|RainDance|[upkeep]\n|-heal|p2b: Kryptonite|32\/100|[from] Grassy Terrain\n|-heal|p2b: Kryptonite|38\/100|[from] item: Leftovers\n|-heal|p1a: Iron Hands|78\/100|[from] Grassy Terrain\n|-fieldend|move: Grassy Terrain\n|upkeep\n|turn|13\n|\n|t:|1699631933\n|-terastallize|p2a: Waifu|Psychic\n|move|p1b: Pelipper|Chilling Water|p2b: Kryptonite\n|-supereffective|p2b: Kryptonite\n|-damage|p2b: Kryptonite|10\/100\n|move|p2b: Kryptonite|Draining Kiss|p1b: Pelipper\n|-damage|p1b: Pelipper|62\/100\n|-heal|p2b: Kryptonite|38\/100|[from] drain|[of] p1b: Pelipper\n|move|p1a: Iron Hands|Drain Punch|p2b: Kryptonite\n|-damage|p2b: Kryptonite|5\/100\n|-heal|p1a: Iron Hands|89\/100|[from] drain|[of] p2b: Kryptonite\n|move|p2a: Waifu|Psyshock|p1a: Iron Hands\n|-supereffective|p1a: Iron Hands\n|-damage|p1a: Iron Hands|0 fnt\n|faint|p1a: Iron Hands\n|-end|p1a: Iron Hands|Quark Drive|[silent]\n|\n|-weather|none\n|-heal|p1b: Pelipper|68\/100|[from] item: Leftovers\n|-heal|p2b: Kryptonite|11\/100|[from] item: Leftovers\n|upkeep\n|turn|14\n|\n|t:|1699631949\n|move|p1b: Pelipper|Chilling Water|p2b: Kryptonite\n|-supereffective|p2b: Kryptonite\n|-damage|p2b: Kryptonite|0 fnt\n|faint|p2b: Kryptonite\n|move|p2a: Waifu|Psyshock|p1b: Pelipper\n|-damage|p1b: Pelipper|0 fnt\n|faint|p1b: Pelipper\n|\n|win|nascarfan48\n|raw|Pax_825's rating: 1201 &rarr; <strong>1173<\/strong><br \/>(-28 for losing)\n|raw|nascarfan48's rating: 1162 &rarr; <strong>1190<\/strong><br \/>(+28 for winning)\n|l|\u2606Pax_825\n","uploadtime":1699631985,"views":13,"p1id":"pax825","p2id":"nascarfan48","formatid":"gen9doublesou","rating":1173,"private":0,"password":""}