{"id":"gen9doublesou-1972517744","p1":"Hacchi-satan","p2":"hiya4322","format":"[Gen 9] Doubles OU","log":"|j|\u2606Hacchi-satan\n|j|\u2606hiya4322\n|t:|1697851994\n|gametype|doubles\n|player|p1|Hacchi-satan|akari|1000\n|player|p2|hiya4322|169|1000\n|teamsize|p1|2\n|teamsize|p2|6\n|gen|9\n|tier|[Gen 9] Doubles OU\n|rated|\n|rule|Species Clause: Limit one of each Pok\u00e9mon\n|rule|OHKO Clause: OHKO moves are banned\n|rule|Evasion Moves Clause: Evasion moves are banned\n|rule|Gravity Sleep Clause: The combination of sleep-inducing moves with imperfect accuracy and Gravity or Gigantamax Orbeetle are banned\n|rule|Endless Battle Clause: Forcing endless battles is banned\n|rule|HP Percentage Mod: HP is shown in percentages\n|clearpoke\n|poke|p1|Ambipom, F|\n|poke|p1|Dedenne, F|\n|poke|p2|Glimmora, M|\n|poke|p2|Moltres-Galar|\n|poke|p2|Iron Treads|\n|poke|p2|Eelektross, M|\n|poke|p2|Amoonguss, F|\n|poke|p2|Overqwil, F|\n|teampreview\n|inactive|Battle timer is ON: inactive players will automatically lose when time's up. (requested by Hacchi-satan)\n|c|\u2606hiya4322|hi'\n|\n|t:|1697852005\n|start\n|switch|p1a: Ambipom|Ambipom, F|100\/100\n|switch|p1b: Dedenne|Dedenne, F|100\/100\n|switch|p2a: Iron Treads|Iron Treads|100\/100\n|switch|p2b: Eelektross|Eelektross, M|100\/100\n|turn|1\n|\n|t:|1697852019\n|move|p1a: Ambipom|Fling|p2a: Iron Treads\n|-damage|p2a: Iron Treads|92\/100\n|-enditem|p1a: Ambipom|King's Rock|[from] move: Fling\n|move|p1b: Dedenne|Fling|p2b: Eelektross\n|-damage|p2b: Eelektross|91\/100\n|-enditem|p1b: Dedenne|Razor Fang|[from] move: Fling\n|cant|p2a: Iron Treads|flinch\n|cant|p2b: Eelektross|flinch\n|\n|-item|p1a: Ambipom|Razor Fang|[from] ability: Pickup\n|-item|p1b: Dedenne|King's Rock|[from] ability: Pickup\n|upkeep\n|turn|2\n|\n|t:|1697852035\n|move|p1a: Ambipom|Fling|p2a: Iron Treads\n|-damage|p2a: Iron Treads|83\/100\n|-enditem|p1a: Ambipom|Razor Fang|[from] move: Fling\n|move|p1b: Dedenne|Fling|p2b: Eelektross\n|-damage|p2b: Eelektross|82\/100\n|-enditem|p1b: Dedenne|King's Rock|[from] move: Fling\n|cant|p2a: Iron Treads|flinch\n|cant|p2b: Eelektross|flinch\n|\n|-item|p1a: Ambipom|King's Rock|[from] ability: Pickup\n|-item|p1b: Dedenne|Razor Fang|[from] ability: Pickup\n|upkeep\n|turn|3\n|\n|t:|1697852056\n|-end|p2a: Iron Treads|Quark Drive|[silent]\n|switch|p2a: Amoonguss|Amoonguss, F|100\/100\n|switch|p2b: Moltres|Moltres-Galar|100\/100\n|move|p1a: Ambipom|Fling|p2a: Amoonguss\n|-damage|p2a: Amoonguss|89\/100\n|-enditem|p1a: Ambipom|King's Rock|[from] move: Fling\n|move|p1b: Dedenne|Fling|p2b: Moltres\n|-resisted|p2b: Moltres\n|-damage|p2b: Moltres|97\/100\n|-enditem|p1b: Dedenne|Razor Fang|[from] move: Fling\n|\n|-item|p1a: Ambipom|Razor Fang|[from] ability: Pickup\n|-item|p1b: Dedenne|King's Rock|[from] ability: Pickup\n|upkeep\n|turn|4\n|\n|t:|1697852082\n|move|p1a: Ambipom|Fling|p2a: Amoonguss\n|-damage|p2a: Amoonguss|79\/100\n|-enditem|p1a: Ambipom|Razor Fang|[from] move: Fling\n|move|p1b: Dedenne|Fling|p2b: Moltres\n|-resisted|p2b: Moltres\n|-damage|p2b: Moltres|93\/100\n|-enditem|p1b: Dedenne|King's Rock|[from] move: Fling\n|cant|p2b: Moltres|flinch\n|cant|p2a: Amoonguss|flinch\n|\n|-item|p1a: Ambipom|King's Rock|[from] ability: Pickup\n|-item|p1b: Dedenne|Razor Fang|[from] ability: Pickup\n|upkeep\n|turn|5\n|-message|hiya4322 forfeited.\n|\n|win|Hacchi-satan\n|raw|Hacchi-satan's rating: 1000 &rarr; <strong>1040<\/strong><br \/>(+40 for winning)\n|raw|hiya4322's rating: 1000 &rarr; <strong>1000<\/strong><br \/>(+0 for losing)\n|l|\u2606hiya4322\n","uploadtime":1697852104,"views":22,"p1id":"hacchisatan","p2id":"hiya4322","formatid":"gen9doublesou","rating":1000,"private":0,"password":""}