{"id":"gen9doublesou-1981277444","p1":"taeyeontrash","p2":"user27323","format":"[Gen 9] Doubles OU","log":"|j|\u2606taeyeontrash\n|j|\u2606user27323\n|t:|1698878979\n|gametype|doubles\n|player|p1|taeyeontrash|medium|1373\n|player|p2|user27323|caitlin|1521\n|teamsize|p1|6\n|teamsize|p2|6\n|gen|9\n|tier|[Gen 9] Doubles OU\n|rated|\n|rule|Species Clause: Limit one of each Pok\u00e9mon\n|rule|OHKO Clause: OHKO moves are banned\n|rule|Evasion Moves Clause: Evasion moves are banned\n|rule|Gravity Sleep Clause: The combination of sleep-inducing moves with imperfect accuracy and Gravity or Gigantamax Orbeetle are banned\n|rule|Endless Battle Clause: Forcing endless battles is banned\n|rule|HP Percentage Mod: HP is shown in percentages\n|clearpoke\n|poke|p1|Goodra-Hisui, M|\n|poke|p1|Cresselia, F|\n|poke|p1|Grimmsnarl, M|\n|poke|p1|Scream Tail|\n|poke|p1|Basculegion-F, F|\n|poke|p1|Ting-Lu|\n|poke|p2|Flutter Mane|\n|poke|p2|Sylveon, F|\n|poke|p2|Jirachi|\n|poke|p2|Dragonite, M|\n|poke|p2|Iron Bundle|\n|poke|p2|Volcanion|\n|teampreview\n|inactive|Battle timer is ON: inactive players will automatically lose when time's up. (requested by taeyeontrash)\n|\n|t:|1698878992\n|start\n|switch|p1a: Scream Tail|Scream Tail|100\/100\n|switch|p1b: Ting-Lu|Ting-Lu|100\/100\n|switch|p2a: shooting star \u2606|Jirachi|100\/100\n|switch|p2b: ariana's ender \u2661|Sylveon, F|100\/100\n|-ability|p1b: Ting-Lu|Vessel of Ruin\n|-enditem|p1a: Scream Tail|Booster Energy\n|-activate|p1a: Scream Tail|ability: Protosynthesis|[fromitem]\n|-start|p1a: Scream Tail|protosynthesisspe\n|turn|1\n|inactive|taeyeontrash has 120 seconds left.\n|\n|t:|1698879034\n|move|p1a: Scream Tail|Perish Song|p1a: Scream Tail\n|-start|p1a: Scream Tail|perish3|[silent]\n|-start|p1b: Ting-Lu|perish3|[silent]\n|-start|p2a: shooting star \u2606|perish3|[silent]\n|-start|p2b: ariana's ender \u2661|perish3|[silent]\n|-fieldactivate|move: Perish Song\n|move|p2a: shooting star \u2606|Iron Head|p1a: Scream Tail\n|-supereffective|p1a: Scream Tail\n|-damage|p1a: Scream Tail|41\/100\n|move|p2b: ariana's ender \u2661|Hyper Voice|p1b: Ting-Lu|[spread] p1a,p1b\n|-supereffective|p1b: Ting-Lu\n|-damage|p1a: Scream Tail|6\/100\n|-damage|p1b: Ting-Lu|43\/100\n|move|p1b: Ting-Lu|Mean Look|p2b: ariana's ender \u2661\n|-activate|p2b: ariana's ender \u2661|trapped\n|\n|-heal|p1b: Ting-Lu|49\/100|[from] item: Leftovers\n|-start|p1a: Scream Tail|perish3\n|-start|p2a: shooting star \u2606|perish3\n|-start|p2b: ariana's ender \u2661|perish3\n|-start|p1b: Ting-Lu|perish3\n|upkeep\n|turn|2\n|inactive|taeyeontrash has 120 seconds left.\n|inactive|user27323 has 120 seconds left.\n|\n|t:|1698879074\n|switch|p2a: barbie moviegoer|Dragonite, M|100\/100\n|move|p1a: Scream Tail|Stealth Rock|p2b: ariana's ender \u2661\n|-sidestart|p2: user27323|move: Stealth Rock\n|move|p2b: ariana's ender \u2661|Hyper Voice|p1b: Ting-Lu|[spread] p1a,p1b\n|-supereffective|p1b: Ting-Lu\n|-damage|p1a: Scream Tail|0 fnt\n|-damage|p1b: Ting-Lu|0 fnt\n|faint|p1a: Scream Tail\n|-end|p1a: Scream Tail|Protosynthesis|[silent]\n|faint|p1b: Ting-Lu\n|\n|-start|p2b: ariana's ender \u2661|perish2\n|upkeep\n|\n|t:|1698879100\n|switch|p1a: Grimmsnarl|Grimmsnarl, M|100\/100\n|switch|p1b: Goodra|Goodra-Hisui, M|100\/100\n|turn|3\n|\n|t:|1698879109\n|move|p1a: Grimmsnarl|Fake Out|p2a: barbie moviegoer\n|-damage|p2a: barbie moviegoer|87\/100\n|move|p2a: barbie moviegoer|Stomping Tantrum|p1b: Goodra\n|-supereffective|p1b: Goodra\n|-damage|p1b: Goodra|49\/100\n|-damage|p2a: barbie moviegoer|77\/100|[from] item: Life Orb\n|move|p2b: ariana's ender \u2661|Hyper Voice|p1b: Goodra|[spread] p1a,p1b\n|-supereffective|p1a: Grimmsnarl\n|-damage|p1a: Grimmsnarl|0 fnt\n|-damage|p1b: Goodra|10\/100\n|faint|p1a: Grimmsnarl\n|move|p1b: Goodra|Acid Armor|p1b: Goodra\n|-boost|p1b: Goodra|def|2\n|\n|-heal|p1b: Goodra|16\/100|[from] item: Leftovers\n|-start|p2b: ariana's ender \u2661|perish1\n|upkeep\n|\n|t:|1698879120\n|switch|p1a: Cresselia|Cresselia, F|100\/100\n|turn|4\n|\n|t:|1698879134\n|move|p1b: Goodra|Protect|p1b: Goodra\n|-singleturn|p1b: Goodra|Protect\n|move|p2a: barbie moviegoer|Extreme Speed|p1a: Cresselia\n|-damage|p1a: Cresselia|75\/100\n|-damage|p2a: barbie moviegoer|67\/100|[from] item: Life Orb\n|move|p1a: Cresselia|Lunar Blessing|p1a: Cresselia|[spread] p1a,p1b\n|-heal|p1a: Cresselia|99\/100\n|-heal|p1b: Goodra|41\/100\n|move|p2b: ariana's ender \u2661|Hyper Voice|p1a: Cresselia|[spread] p1a\n|-activate|p1b: Goodra|move: Protect\n|-damage|p1a: Cresselia|69\/100\n|\n|-heal|p1a: Cresselia|75\/100|[from] item: Leftovers\n|-heal|p1b: Goodra|47\/100|[from] item: Leftovers\n|-start|p2b: ariana's ender \u2661|perish0\n|faint|p2b: ariana's ender \u2661\n|upkeep\n|\n|t:|1698879151\n|switch|p2b: bella thorns x|Flutter Mane|100\/100\n|-damage|p2b: bella thorns x|88\/100|[from] Stealth Rock\n|-enditem|p2b: bella thorns x|Booster Energy\n|-activate|p2b: bella thorns x|ability: Protosynthesis|[fromitem]\n|-start|p2b: bella thorns x|protosynthesisspa\n|turn|5\n|\n|t:|1698879177\n|-terastallize|p1b: Goodra|Flying\n|move|p2b: bella thorns x|Shadow Ball|p1b: Goodra\n|-damage|p1b: Goodra|5\/100\n|move|p2a: barbie moviegoer|Stomping Tantrum|p1a: Cresselia\n|-immune|p1a: Cresselia|[from] ability: Levitate\n|move|p1a: Cresselia|Lunar Blessing|p1a: Cresselia|[spread] p1a,p1b\n|-heal|p1a: Cresselia|99\/100\n|-heal|p1b: Goodra|30\/100\n|move|p1b: Goodra|Dragon Tail|p2a: barbie moviegoer\n|-supereffective|p2a: barbie moviegoer\n|-damage|p2a: barbie moviegoer|25\/100\n|drag|p2a: qu33fed|Iron Bundle|100\/100\n|-damage|p2a: qu33fed|76\/100|[from] Stealth Rock\n|\n|-heal|p1a: Cresselia|100\/100|[from] item: Leftovers\n|-heal|p1b: Goodra|36\/100|[from] item: Leftovers\n|upkeep\n|turn|6\n|\n|t:|1698879193\n|move|p1b: Goodra|Protect|p1b: Goodra\n|-singleturn|p1b: Goodra|Protect\n|move|p2a: qu33fed|Icy Wind|p1a: Cresselia|[spread] p1a\n|-activate|p1b: Goodra|move: Protect\n|-damage|p1a: Cresselia|88\/100\n|-unboost|p1a: Cresselia|spe|1\n|move|p2b: bella thorns x|Dazzling Gleam|p1a: Cresselia|[spread] p1a\n|-activate|p1b: Goodra|move: Protect\n|-damage|p1a: Cresselia|63\/100\n|move|p1a: Cresselia|Trick Room|p1a: Cresselia\n|-fieldstart|move: Trick Room|[of] p1a: Cresselia\n|\n|-heal|p1a: Cresselia|69\/100|[from] item: Leftovers\n|-heal|p1b: Goodra|43\/100|[from] item: Leftovers\n|upkeep\n|turn|7\n|\n|t:|1698879216\n|-end|p2b: bella thorns x|Protosynthesis|[silent]\n|switch|p2b: shooting star \u2606|Jirachi|100\/100\n|-damage|p2b: shooting star \u2606|94\/100|[from] Stealth Rock\n|move|p1a: Cresselia|Lunar Blessing|p1a: Cresselia|[spread] p1a,p1b\n|-heal|p1a: Cresselia|94\/100\n|-heal|p1b: Goodra|68\/100\n|move|p1b: Goodra|Body Press|p2a: qu33fed\n|-supereffective|p2a: qu33fed\n|-damage|p2a: qu33fed|0 fnt\n|faint|p2a: qu33fed\n|-end|p2a: qu33fed|Quark Drive|[silent]\n|\n|-heal|p1a: Cresselia|100\/100|[from] item: Leftovers\n|-heal|p1b: Goodra|74\/100|[from] item: Leftovers\n|upkeep\n|\n|t:|1698879228\n|switch|p2a: bella thorns x|Flutter Mane|88\/100\n|-damage|p2a: bella thorns x|76\/100|[from] Stealth Rock\n|turn|8\n|inactive|taeyeontrash has 120 seconds left.\n|\n|t:|1698879260\n|move|p1b: Goodra|Protect|p1b: Goodra\n|-singleturn|p1b: Goodra|Protect\n|move|p2a: bella thorns x|Protect|p2a: bella thorns x\n|-singleturn|p2a: bella thorns x|Protect\n|move|p1a: Cresselia|Psychic|p2a: bella thorns x\n|-activate|p2a: bella thorns x|move: Protect\n|move|p2b: shooting star \u2606|Trick Room|p2b: shooting star \u2606\n|-fieldend|move: Trick Room\n|\n|-heal|p1b: Goodra|80\/100|[from] item: Leftovers\n|upkeep\n|turn|9\n|\n|t:|1698879283\n|switch|p2b: kenergy|Volcanion|100\/100\n|-damage|p2b: kenergy|76\/100|[from] Stealth Rock\n|move|p2a: bella thorns x|Taunt|p1a: Cresselia\n|-start|p1a: Cresselia|move: Taunt\n|move|p1b: Goodra|Dragon Tail|p2b: kenergy\n|-damage|p2b: kenergy|54\/100\n|drag|p2b: barbie moviegoer|Dragonite, M|25\/100\n|-damage|p2b: barbie moviegoer|0 fnt|[from] Stealth Rock\n|faint|p2b: barbie moviegoer\n|cant|p1a: Cresselia|move: Taunt|Trick Room\n|\n|-heal|p1b: Goodra|86\/100|[from] item: Leftovers\n|upkeep\n|\n|t:|1698879297\n|switch|p2b: kenergy|Volcanion|54\/100\n|-damage|p2b: kenergy|29\/100|[from] Stealth Rock\n|turn|10\n|inactive|taeyeontrash has 120 seconds left.\n|c|\u2606user27323|omg just saw ur username plss say its snsd\n|inactive|taeyeontrash has 90 seconds left.\n|c|\u2606taeyeontrash|Lol yeah\n|c|\u2606user27323|yesss\n|c|\u2606user27323|queens\n|\n|t:|1698879381\n|move|p1b: Goodra|Protect|p1b: Goodra\n|-singleturn|p1b: Goodra|Protect\n|move|p2a: bella thorns x|Dazzling Gleam|p1a: Cresselia|[spread] p1a\n|-activate|p1b: Goodra|move: Protect\n|-damage|p1a: Cresselia|81\/100\n|move|p2b: kenergy|Steam Eruption|p1b: Goodra\n|-activate|p1b: Goodra|move: Protect\n|move|p1a: Cresselia|Psychic|p2a: bella thorns x\n|-crit|p2a: bella thorns x\n|-damage|p2a: bella thorns x|38\/100\n|\n|-heal|p1b: Goodra|92\/100|[from] item: Leftovers\n|-heal|p1a: Cresselia|87\/100|[from] item: Leftovers\n|upkeep\n|turn|11\n|inactive|taeyeontrash has 90 seconds left.\n|\n|t:|1698879398\n|move|p2a: bella thorns x|Dazzling Gleam|p1b: Goodra|[spread] p1a,p1b\n|-damage|p1a: Cresselia|66\/100\n|-damage|p1b: Goodra|68\/100\n|move|p2b: kenergy|Steam Eruption|p1b: Goodra\n|-damage|p1b: Goodra|30\/100\n|move|p1b: Goodra|Body Press|p2b: kenergy\n|-damage|p2b: kenergy|0 fnt\n|faint|p2b: kenergy\n|move|p1a: Cresselia|Psychic|p2a: bella thorns x\n|-damage|p2a: bella thorns x|13\/100\n|\n|-heal|p1b: Goodra|36\/100|[from] item: Leftovers\n|-heal|p1a: Cresselia|72\/100|[from] item: Leftovers\n|-end|p1a: Cresselia|move: Taunt\n|upkeep\n|\n|t:|1698879409\n|switch|p2b: shooting star \u2606|Jirachi|94\/100\n|-damage|p2b: shooting star \u2606|88\/100|[from] Stealth Rock\n|turn|12\n|c|\u2606taeyeontrash|Loving the energy\n|\n|t:|1698879428\n|move|p1b: Goodra|Protect|p1b: Goodra\n|-singleturn|p1b: Goodra|Protect\n|move|p2b: shooting star \u2606|Iron Head|p1a: Cresselia\n|-damage|p1a: Cresselia|47\/100\n|move|p2a: bella thorns x|Shadow Ball|p1b: Goodra\n|-activate|p1b: Goodra|move: Protect\n|cant|p1a: Cresselia|flinch\n|\n|-heal|p1b: Goodra|42\/100|[from] item: Leftovers\n|-heal|p1a: Cresselia|53\/100|[from] item: Leftovers\n|upkeep\n|turn|13\n|\n|t:|1698879444\n|move|p2b: shooting star \u2606|Iron Head|p1a: Cresselia\n|-damage|p1a: Cresselia|28\/100\n|move|p2a: bella thorns x|Shadow Ball|p1b: Goodra\n|-damage|p1b: Goodra|12\/100\n|move|p1b: Goodra|Body Press|p2b: shooting star \u2606\n|-damage|p2b: shooting star \u2606|38\/100\n|move|p1a: Cresselia|Psychic|p2a: bella thorns x\n|-damage|p2a: bella thorns x|0 fnt\n|faint|p2a: bella thorns x\n|-end|p2a: bella thorns x|Protosynthesis|[silent]\n|\n|-heal|p1b: Goodra|18\/100|[from] item: Leftovers\n|-heal|p1a: Cresselia|34\/100|[from] item: Leftovers\n|upkeep\n|turn|14\n|\n|t:|1698879454\n|move|p2b: shooting star \u2606|Iron Head|p1b: Goodra\n|-damage|p1b: Goodra|4\/100\n|cant|p1b: Goodra|flinch\n|move|p1a: Cresselia|Psychic|p2b: shooting star \u2606\n|-resisted|p2b: shooting star \u2606\n|-damage|p2b: shooting star \u2606|32\/100\n|\n|-heal|p1b: Goodra|10\/100|[from] item: Leftovers\n|-heal|p1a: Cresselia|40\/100|[from] item: Leftovers\n|upkeep\n|turn|15\n|c|\u2606user27323|gg\n|c|\u2606taeyeontrash|Ggs\n|\n|t:|1698879466\n|move|p1b: Goodra|Protect|p1b: Goodra\n|-singleturn|p1b: Goodra|Protect\n|move|p2b: shooting star \u2606|Iron Head|p1b: Goodra\n|-activate|p1b: Goodra|move: Protect\n|move|p1a: Cresselia|Lunar Blessing|p1a: Cresselia|[spread] p1a,p1b\n|-heal|p1a: Cresselia|65\/100\n|-heal|p1b: Goodra|35\/100\n|\n|-heal|p1b: Goodra|41\/100|[from] item: Leftovers\n|-heal|p1a: Cresselia|71\/100|[from] item: Leftovers\n|upkeep\n|turn|16\n|\n|t:|1698879471\n|move|p2b: shooting star \u2606|Iron Head|p1b: Goodra\n|-damage|p1b: Goodra|27\/100\n|move|p1b: Goodra|Body Press|p2b: shooting star \u2606\n|-damage|p2b: shooting star \u2606|0 fnt\n|faint|p2b: shooting star \u2606\n|\n|win|taeyeontrash\n|raw|taeyeontrash's rating: 1373 &rarr; <strong>1401<\/strong><br \/>(+28 for winning)\n|raw|user27323's rating: 1521 &rarr; <strong>1493<\/strong><br \/>(-28 for losing)\n|l|\u2606user27323\n","uploadtime":1698879586,"views":21,"p1id":"taeyeontrash","p2id":"user27323","formatid":"gen9doublesou","rating":1401,"private":0,"password":""}