{"id":"gen9doublesou-1994552528","p1":"sgkoopa","p2":"chidioos","format":"[Gen 9] Doubles OU","log":"|j|\u2606sgkoopa\n|j|\u2606chidioos\n|t:|1700458659\n|gametype|doubles\n|player|p1|sgkoopa|preschooler|1060\n|player|p2|chidioos|sailor|1057\n|teamsize|p1|6\n|teamsize|p2|6\n|gen|9\n|tier|[Gen 9] Doubles OU\n|rated|\n|rule|Species Clause: Limit one of each Pok\u00e9mon\n|rule|OHKO Clause: OHKO moves are banned\n|rule|Evasion Moves Clause: Evasion moves are banned\n|rule|Gravity Sleep Clause: The combination of sleep-inducing moves with imperfect accuracy and Gravity or Gigantamax Orbeetle are banned\n|rule|Endless Battle Clause: Forcing endless battles is banned\n|rule|HP Percentage Mod: HP is shown in percentages\n|clearpoke\n|poke|p1|Sinistcha-Masterpiece|\n|poke|p1|Arbok, M|\n|poke|p1|Clefairy, F|\n|poke|p1|Sudowoodo, F|\n|poke|p1|Amoonguss, M|\n|poke|p1|Sableye, M|\n|poke|p2|Iron Bundle|\n|poke|p2|Gengar, M|\n|poke|p2|Ditto|\n|poke|p2|Bronzong|\n|poke|p2|Polteageist|\n|poke|p2|Oranguru, F|\n|teampreview\n|inactive|Battle timer is ON: inactive players will automatically lose when time's up. (requested by sgkoopa)\n|\n|t:|1700458663\n|start\n|switch|p1a: Goyim|Sableye, M, shiny|100\/100\n|switch|p1b: Meg|Amoonguss, M, shiny|100\/100\n|switch|p2a: Iron Bundle|Iron Bundle|100\/100\n|switch|p2b: Polteageist|Polteageist|100\/100\n|turn|1\n|c|\u2606chidioos|Hey would u wanna follow my new podcast after this game? The First episode is *CANADA NEEDS TO GET RID OF IT\u2019S 30 GRAM WEED LIMIT!\n|c|\u2606chidioos|https:\/\/www.youtube.com\/channel\/UCknTcbw95qdfdfkcylIgMOw\n|c|\u2606chidioos|and have fun\n|c|\u2606sgkoopa|bro like that's a hot take\n|c|\u2606chidioos|wanna subscribe\n|inactive|sgkoopa has 120 seconds left.\n|c|\u2606chidioos|ur the best!!\n|c|\u2606sgkoopa|are you like a new weed smoker?\n|c|\u2606sgkoopa|zaza noob?\n|c|\u2606chidioos|yeah in Canada to\n|\n|t:|1700458719\n|switch|p2b: Gengar|Gengar, M|100\/100\n|move|p1a: Goyim|Fake Out|p2a: Iron Bundle\n|-damage|p2a: Iron Bundle|91\/100\n|cant|p2a: Iron Bundle|flinch\n|move|p1b: Meg|Toxic|p2b: Gengar\n|-immune|p2b: Gengar\n|\n|upkeep\n|turn|2\n|c|\u2606chidioos|the laws are so stupid\n|c|\u2606sgkoopa|is that why this is such a HoT tAkE??\n|c|\u2606chidioos|[PITCHPODCAST]\n|inactive|sgkoopa has 90 seconds left.\n|\n|t:|1700458753\n|move|p1a: Goyim|Skill Swap|p1b: Meg\n|-activate|p1a: Goyim|move: Skill Swap|||[of] p1b: Meg\n|move|p1b: Meg|Toxic|p2a: Iron Bundle\n|-status|p2a: Iron Bundle|tox\n|-enditem|p2a: Iron Bundle|Pecha Berry|[eat]\n|-curestatus|p2a: Iron Bundle|tox|[msg]\n|move|p2a: Iron Bundle|Freeze-Dry|p1b: Meg\n|-supereffective|p1b: Meg\n|-damage|p1b: Meg|45\/100\n|move|p2b: Gengar|Perish Song|p2b: Gengar\n|-start|p1a: Goyim|perish3|[silent]\n|-start|p1b: Meg|perish3|[silent]\n|-start|p2a: Iron Bundle|perish3|[silent]\n|-start|p2b: Gengar|perish3|[silent]\n|-fieldactivate|move: Perish Song\n|\n|-heal|p1b: Meg|52\/100|[from] item: Leftovers\n|-start|p2a: Iron Bundle|perish3\n|-start|p2b: Gengar|perish3\n|-start|p1a: Goyim|perish3\n|-start|p1b: Meg|perish3\n|upkeep\n|turn|3\n|c|\u2606chidioos|yeah lol\n|inactive|sgkoopa has 90 seconds left.\n|\n|t:|1700458790\n|switch|p1a: Charlie|Sudowoodo, F, shiny|100\/100\n|move|p2a: Iron Bundle|Protect|p2a: Iron Bundle\n|-singleturn|p2a: Iron Bundle|Protect\n|move|p2b: Gengar|Protect|p2b: Gengar\n|-singleturn|p2b: Gengar|Protect\n|move|p1b: Meg|Toxic|p2a: Iron Bundle\n|-activate|p2a: Iron Bundle|move: Protect\n|\n|-heal|p1b: Meg|58\/100|[from] item: Leftovers\n|-start|p2a: Iron Bundle|perish2\n|-start|p2b: Gengar|perish2\n|-start|p1b: Meg|perish2\n|upkeep\n|turn|4\n|\n|t:|1700458811\n|switch|p2b: Polteageist|Polteageist|100\/100\n|-terastallize|p1a: Charlie|Fighting\n|move|p1b: Meg|Protect|p1b: Meg\n|-singleturn|p1b: Meg|Protect\n|move|p2a: Iron Bundle|Fling||[still]\n|-fail|p2a: Iron Bundle\n|move|p1a: Charlie|Drain Punch|p2a: Iron Bundle\n|-supereffective|p2a: Iron Bundle\n|-damage|p2a: Iron Bundle|0 fnt\n|faint|p2a: Iron Bundle\n|-end|p2a: Iron Bundle|Quark Drive|[silent]\n|\n|-heal|p1b: Meg|64\/100|[from] item: Leftovers\n|-start|p1b: Meg|perish1\n|upkeep\n|inactive|chidioos has 120 seconds left.\n|\n|t:|1700458828\n|switch|p2a: Gengar|Gengar, M|100\/100\n|turn|5\n|inactive|sgkoopa has 120 seconds left.\n|\n|t:|1700458839\n|switch|p1b: Goyim|Sableye, M, shiny|100\/100\n|switch|p1a: Matcha|Sinistcha-Masterpiece, shiny|100\/100\n|move|p2a: Gengar|Lick|p2b: Polteageist\n|-supereffective|p2b: Polteageist\n|-damage|p2b: Polteageist|75\/100\n|-status|p2b: Polteageist|par\n|-ability|p2b: Polteageist|Weak Armor|boost\n|-unboost|p2b: Polteageist|def|1\n|-boost|p2b: Polteageist|spe|2\n|-enditem|p2b: Polteageist|Weakness Policy\n|-boost|p2b: Polteageist|atk|2|[from] item: Weakness Policy\n|-boost|p2b: Polteageist|spa|2|[from] item: Weakness Policy\n|move|p2b: Polteageist|Stored Power|p1a: Matcha\n|-damage|p1a: Matcha|29\/100\n|\n|upkeep\n|turn|6\n|\n|t:|1700458858\n|move|p1b: Goyim|Skill Swap|p2b: Polteageist\n|-activate|p1b: Goyim|move: Skill Swap|Weak Armor|Prankster|[of] p2b: Polteageist\n|move|p2a: Gengar|Perish Song|p2a: Gengar\n|-start|p1a: Matcha|perish3|[silent]\n|-start|p1b: Goyim|perish3|[silent]\n|-start|p2a: Gengar|perish3|[silent]\n|-start|p2b: Polteageist|perish3|[silent]\n|-fieldactivate|move: Perish Song\n|move|p1a: Matcha|Shadow Ball|p2b: Polteageist\n|-supereffective|p2b: Polteageist\n|-damage|p2b: Polteageist|0 fnt\n|faint|p2b: Polteageist\n|\n|-start|p2a: Gengar|perish3\n|-start|p1a: Matcha|perish3\n|-start|p1b: Goyim|perish3\n|upkeep\n|\n|t:|1700458873\n|switch|p2b: Bronzong|Bronzong|100\/100\n|turn|7\n|\n|t:|1700458884\n|move|p2a: Gengar|Clear Smog|p1a: Matcha\n|-damage|p1a: Matcha|11\/100\n|-clearboost|p1a: Matcha\n|move|p1a: Matcha|Shadow Ball|p2a: Gengar\n|-supereffective|p2a: Gengar\n|-enditem|p2a: Gengar|Focus Sash\n|-damage|p2a: Gengar|1\/100\n|move|p1b: Goyim|Skill Swap|p2b: Bronzong\n|-activate|p1b: Goyim|move: Skill Swap|Levitate|Weak Armor|[of] p2b: Bronzong\n|move|p2b: Bronzong|Gyro Ball|p1a: Matcha\n|-damage|p1a: Matcha|0 fnt\n|faint|p1a: Matcha\n|\n|-start|p2a: Gengar|perish2\n|-start|p1b: Goyim|perish2\n|upkeep\n|c|\u2606chidioos|u won man damn\n|c|\u2606sgkoopa|you need to cover better topics\n|c|\u2606sgkoopa|don't pander\n|inactive|sgkoopa has 120 seconds left.\n|c|\u2606sgkoopa|it's shitty\n|\n|t:|1700458911\n|switch|p1a: Meg|Amoonguss, M, shiny|64\/100\n|turn|8\n|c|\u2606chidioos|that's only the first episode but yeah\n|c|\u2606sgkoopa|like we all know the weed laws have to change in canada\n|c|\u2606chidioos|i neeed you as a subscriber\n|inactive|sgkoopa has 120 seconds left.\n|c|\u2606sgkoopa|stop sucking my online deeck\n|c|\u2606chidioos|lool\n|c|\u2606sgkoopa|i will not sub bro\n|inactive|sgkoopa has 90 seconds left.\n|\n|t:|1700458972\n|switch|p2a: Ditto|Ditto|100\/100\n|move|p1b: Goyim|Skill Swap|p1a: Meg\n|-activate|p1b: Goyim|move: Skill Swap|||[of] p1a: Meg\n|move|p1a: Meg|Pollen Puff|p2a: Ditto\n|-damage|p2a: Ditto|61\/100\n|move|p2b: Bronzong|Gyro Ball|p1a: Meg\n|-damage|p1a: Meg|55\/100\n|\n|-heal|p1a: Meg|61\/100|[from] item: Leftovers\n|-start|p1b: Goyim|perish1\n|upkeep\n|turn|9\n|c|\u2606chidioos|why\n|\n|t:|1700458994\n|switch|p2a: Oranguru|Oranguru, F|100\/100\n|switch|p1b: Boba|Clefairy, F, shiny|100\/100\n|switch|p2b: Gengar|Gengar, M|1\/100\n|move|p1a: Meg|Toxic|p2a: Oranguru\n|-status|p2a: Oranguru|tox\n|\n|-heal|p1a: Meg|67\/100|[from] item: Leftovers\n|-damage|p2a: Oranguru|94\/100 tox|[from] psn\n|upkeep\n|turn|10\n|c|\u2606sgkoopa|because you're pandering to pot heads\n|c|\u2606sgkoopa|and i can tell by this chat your personality is dog poo\n|c|\u2606chidioos|it;s not a weed podcast\n|c|\u2606chidioos|lol\n|c|\u2606sgkoopa|like warm dog poo, not even cold\n|inactive|sgkoopa has 90 seconds left.\n|c|\u2606sgkoopa|and therefore i can't be convinced that your podcast is any good\n|\n|t:|1700459043\n|move|p2b: Gengar|Clear Smog|p1a: Meg\n|-damage|p1a: Meg|49\/100\n|-clearboost|p1a: Meg\n|move|p2a: Oranguru|Stored Power|p1a: Meg\n|-supereffective|p1a: Meg\n|-damage|p1a: Meg|40\/100\n|move|p1b: Boba|Calm Mind|p1b: Boba\n|-boost|p1b: Boba|spa|1\n|-boost|p1b: Boba|spd|1\n|move|p1a: Meg|Pollen Puff|p2b: Gengar\n|-resisted|p2b: Gengar\n|-damage|p2b: Gengar|0 fnt\n|-start|p1a: Meg|Disable|Pollen Puff|[from] ability: Cursed Body|[of] p2b: Gengar\n|faint|p2b: Gengar\n|\n|-heal|p1a: Meg|46\/100|[from] item: Leftovers\n|-damage|p2a: Oranguru|82\/100 tox|[from] psn\n|upkeep\n|c|\u2606chidioos|GG & PLEASE SUBSCRIBE\n|c|\u2606chidioos|https:\/\/www.youtube.com\/channel\/UCknTcbw95qdfdfkcylIgMOw\n|-message|chidioos forfeited.\n|\n|win|sgkoopa\n|raw|sgkoopa's rating: 1060 &rarr; <strong>1091<\/strong><br \/>(+31 for winning)\n|raw|chidioos's rating: 1057 &rarr; <strong>1039<\/strong><br \/>(-18 for losing)\n","uploadtime":1700458945,"views":4,"p1id":"sgkoopa","p2id":"chidioos","formatid":"gen9doublesou","rating":1039,"private":0,"password":""}