{"id":"gen9doublesou-1973178127","p1":"bleahey","p2":"PokeArt2004\u2764","format":"[Gen 9] Doubles OU","log":"|j|\u2606bleahey\n|j|\u2606PokeArt2004\u2764\n|inactive|Battle timer is ON: inactive players will automatically lose when time's up.\n|t:|1697936250\n|gametype|doubles\n|player|p1|bleahey|brendan|\n|player|p2|PokeArt2004\u2764|teamrocket|\n|teamsize|p1|6\n|teamsize|p2|6\n|gen|9\n|tier|[Gen 9] Doubles OU\n|rated|Tournament battle\n|rule|Species Clause: Limit one of each Pok\u00e9mon\n|rule|OHKO Clause: OHKO moves are banned\n|rule|Evasion Moves Clause: Evasion moves are banned\n|rule|Gravity Sleep Clause: The combination of sleep-inducing moves with imperfect accuracy and Gravity or Gigantamax Orbeetle are banned\n|rule|Endless Battle Clause: Forcing endless battles is banned\n|rule|HP Percentage Mod: HP is shown in percentages\n|clearpoke\n|poke|p1|Iron Bundle|\n|poke|p1|Heatran, M|\n|poke|p1|Rillaboom, F|\n|poke|p1|Landorus-Therian, M|\n|poke|p1|Ogerpon-Hearthflame, F|\n|poke|p1|Iron Hands|\n|poke|p2|Tornadus, M|\n|poke|p2|Iron Hands|\n|poke|p2|Rillaboom, M|\n|poke|p2|Flutter Mane|\n|poke|p2|Ogerpon-Hearthflame, F|\n|poke|p2|Heatran, M|\n|teampreview\n|j|*Lady Monita \u263d\n|inactive|bleahey also wants the timer to be on.\n|inactive|bleahey has 120 seconds left.\n|inactive|PokeArt2004\u2764 has 120 seconds left.\n|c|\u2606bleahey|glhf\n|c|\u2606PokeArt2004\u2764|you too\n|inactive|bleahey has 90 seconds left.\n|\n|t:|1697936320\n|start\n|switch|p1a: Iron Hands|Iron Hands|100\/100\n|switch|p1b: Landorus|Landorus-Therian, M|100\/100\n|switch|p2a: Tornadus|Tornadus, M|100\/100\n|switch|p2b: Rillaboom|Rillaboom, M|100\/100\n|-ability|p1b: Landorus|Intimidate|boost\n|-unboost|p2a: Tornadus|atk|1\n|-unboost|p2b: Rillaboom|atk|1\n|-fieldstart|move: Grassy Terrain|[from] ability: Grassy Surge|[of] p2b: Rillaboom\n|turn|1\n|inactive|PokeArt2004\u2764 has 120 seconds left.\n|\n|t:|1697936357\n|switch|p2a: Iron Hands|Iron Hands|100\/100\n|move|p2b: Rillaboom|Fake Out|p1b: Landorus\n|-crit|p1b: Landorus\n|-damage|p1b: Landorus|75\/100\n|cant|p1b: Landorus|flinch\n|move|p1a: Iron Hands|Wild Charge|p2a: Iron Hands\n|-resisted|p2a: Iron Hands\n|-damage|p2a: Iron Hands|81\/100\n|-damage|p1a: Iron Hands|96\/100|[from] Recoil\n|\n|-heal|p2a: Iron Hands|88\/100|[from] Grassy Terrain\n|-heal|p1a: Iron Hands|100\/100|[from] Grassy Terrain\n|upkeep\n|turn|2\n|inactive|PokeArt2004\u2764 has 120 seconds left.\n|\n|t:|1697936378\n|move|p2a: Iron Hands|Protect|p2a: Iron Hands\n|-singleturn|p2a: Iron Hands|Protect\n|move|p1b: Landorus|U-turn|p2b: Rillaboom\n|-supereffective|p2b: Rillaboom\n|-damage|p2b: Rillaboom|50\/100\n|\n|t:|1697936384\n|switch|p1b: Rillaboom|Rillaboom, F|100\/100|[from] U-turn\n|move|p2b: Rillaboom|U-turn|p1a: Iron Hands\n|-resisted|p1a: Iron Hands\n|-damage|p1a: Iron Hands|95\/100\n|inactive|PokeArt2004\u2764 has 120 seconds left.\n|\n|t:|1697936396\n|switch|p2b: Ogerpon|Ogerpon-Hearthflame, F|100\/100|[from] U-turn\n|-ability|p2b: Ogerpon|Mold Breaker\n|move|p1a: Iron Hands|Drain Punch|p2b: Ogerpon\n|-damage|p2b: Ogerpon|41\/100\n|-heal|p1a: Iron Hands|100\/100|[from] drain|[of] p2b: Ogerpon\n|\n|-heal|p2b: Ogerpon|47\/100|[from] Grassy Terrain\n|-heal|p2a: Iron Hands|94\/100|[from] Grassy Terrain\n|upkeep\n|turn|3\n|\n|t:|1697936423\n|move|p2b: Ogerpon|Spiky Shield|p2b: Ogerpon\n|-singleturn|p2b: Ogerpon|move: Protect\n|move|p1b: Rillaboom|Wood Hammer|p2a: Iron Hands\n|-damage|p2a: Iron Hands|44\/100\n|-enditem|p2a: Iron Hands|Sitrus Berry|[eat]\n|-heal|p2a: Iron Hands|69\/100|[from] item: Sitrus Berry\n|-damage|p1b: Rillaboom|81\/100|[from] Recoil\n|move|p2a: Iron Hands|Swords Dance|p2a: Iron Hands\n|-boost|p2a: Iron Hands|atk|2\n|move|p1a: Iron Hands|Drain Punch|p2b: Ogerpon\n|-activate|p2b: Ogerpon|move: Protect\n|-damage|p1a: Iron Hands|88\/100|[from] Spiky Shield|[of] p2b: Ogerpon\n|\n|-heal|p2b: Ogerpon|54\/100|[from] Grassy Terrain\n|-heal|p1b: Rillaboom|87\/100|[from] Grassy Terrain\n|-heal|p2a: Iron Hands|75\/100|[from] Grassy Terrain\n|-heal|p1a: Iron Hands|94\/100|[from] Grassy Terrain\n|upkeep\n|turn|4\n|inactive|PokeArt2004\u2764 has 120 seconds left.\n|\n|t:|1697936465\n|move|p2b: Ogerpon|Substitute|p2b: Ogerpon\n|-start|p2b: Ogerpon|Substitute\n|-damage|p2b: Ogerpon|29\/100\n|move|p1b: Rillaboom|Wood Hammer|p2a: Iron Hands\n|-damage|p2a: Iron Hands|26\/100\n|-damage|p1b: Rillaboom|68\/100|[from] Recoil\n|move|p2a: Iron Hands|Drain Punch|p1a: Iron Hands\n|-damage|p1a: Iron Hands|37\/100\n|-heal|p2a: Iron Hands|55\/100|[from] drain|[of] p1a: Iron Hands\n|move|p1a: Iron Hands|Drain Punch|p2b: Ogerpon\n|-end|p2b: Ogerpon|Substitute\n|-heal|p1a: Iron Hands|45\/100|[from] drain|[of] p2b: Ogerpon\n|\n|-heal|p2b: Ogerpon|35\/100|[from] Grassy Terrain\n|-heal|p1b: Rillaboom|74\/100|[from] Grassy Terrain\n|-heal|p2a: Iron Hands|61\/100|[from] Grassy Terrain\n|-heal|p1a: Iron Hands|52\/100|[from] Grassy Terrain\n|upkeep\n|turn|5\n|inactive|PokeArt2004\u2764 has 120 seconds left.\n|\n|t:|1697936493\n|move|p2b: Ogerpon|Ivy Cudgel|p1b: Rillaboom\n|-supereffective|p1b: Rillaboom\n|-crit|p1b: Rillaboom\n|-damage|p1b: Rillaboom|0 fnt\n|faint|p1b: Rillaboom\n|move|p2a: Iron Hands|Drain Punch|p1a: Iron Hands\n|-damage|p1a: Iron Hands|0 fnt\n|-heal|p2a: Iron Hands|86\/100|[from] drain|[of] p1a: Iron Hands\n|faint|p1a: Iron Hands\n|-end|p1a: Iron Hands|Quark Drive|[silent]\n|\n|-heal|p2b: Ogerpon|41\/100|[from] Grassy Terrain\n|-heal|p2a: Iron Hands|92\/100|[from] Grassy Terrain\n|-fieldend|move: Grassy Terrain\n|upkeep\n|inactive|bleahey has 120 seconds left.\n|c|\u2606bleahey|payback lol\n|\n|t:|1697936509\n|switch|p1b: Iron Bundle|Iron Bundle|100\/100\n|switch|p1a: Landorus|Landorus-Therian, M|75\/100\n|-ability|p1a: Landorus|Intimidate|boost\n|-unboost|p2a: Iron Hands|atk|1\n|-unboost|p2b: Ogerpon|atk|1\n|-enditem|p1b: Iron Bundle|Booster Energy\n|-activate|p1b: Iron Bundle|ability: Quark Drive|[fromitem]\n|-start|p1b: Iron Bundle|quarkdrivespe\n|turn|6\n|\n|t:|1697936529\n|move|p2b: Ogerpon|Spiky Shield|p2b: Ogerpon\n|-singleturn|p2b: Ogerpon|move: Protect\n|move|p2a: Iron Hands|Protect|p2a: Iron Hands\n|-singleturn|p2a: Iron Hands|Protect\n|move|p1b: Iron Bundle|Hydro Pump|p2a: Iron Hands\n|-activate|p2a: Iron Hands|move: Protect\n|move|p1a: Landorus|Stomping Tantrum|p2b: Ogerpon\n|-activate|p2b: Ogerpon|move: Protect\n|-damage|p1a: Landorus|63\/100|[from] Spiky Shield|[of] p2b: Ogerpon\n|\n|upkeep\n|turn|7\n|inactive|PokeArt2004\u2764 has 120 seconds left.\n|\n|t:|1697936559\n|switch|p2b: Rillaboom|Rillaboom, M|50\/100\n|-fieldstart|move: Grassy Terrain|[from] ability: Grassy Surge|[of] p2b: Rillaboom\n|move|p1b: Iron Bundle|Hydro Pump|p2b: Rillaboom\n|-resisted|p2b: Rillaboom\n|-damage|p2b: Rillaboom|30\/100\n|move|p1a: Landorus|Stomping Tantrum|p2a: Iron Hands\n|-supereffective|p2a: Iron Hands\n|-damage|p2a: Iron Hands|26\/100\n|move|p2a: Iron Hands|Drain Punch|p1b: Iron Bundle\n|-supereffective|p1b: Iron Bundle\n|-damage|p1b: Iron Bundle|0 fnt\n|-heal|p2a: Iron Hands|56\/100|[from] drain|[of] p1b: Iron Bundle\n|faint|p1b: Iron Bundle\n|-end|p1b: Iron Bundle|Quark Drive|[silent]\n|\n|-heal|p2b: Rillaboom|36\/100|[from] Grassy Terrain\n|-heal|p2a: Iron Hands|62\/100|[from] Grassy Terrain\n|upkeep\n|inactive|bleahey has 120 seconds left.\n|inactive|bleahey has 90 seconds left.\n|\n|t:|1697936634\n|switch|p1b: Heatran|Heatran, M|100\/100\n|turn|8\n|j| ChimeBliss\n|inactive|PokeArt2004\u2764 has 120 seconds left.\n|\n|t:|1697936666\n|-terastallize|p1b: Heatran|Fairy\n|move|p2b: Rillaboom|Fake Out|p1a: Landorus\n|-damage|p1a: Landorus|47\/100\n|cant|p1a: Landorus|flinch\n|move|p1b: Heatran|Tera Blast|p2a: Iron Hands|[anim] Tera Blast Fairy\n|-supereffective|p2a: Iron Hands\n|-damage|p2a: Iron Hands|0 fnt\n|faint|p2a: Iron Hands\n|-end|p2a: Iron Hands|Quark Drive|[silent]\n|-damage|p1b: Heatran|91\/100|[from] item: Life Orb\n|\n|-heal|p1b: Heatran|97\/100|[from] Grassy Terrain\n|-heal|p2b: Rillaboom|43\/100|[from] Grassy Terrain\n|upkeep\n|inactive|PokeArt2004\u2764 has 120 seconds left.\n|\n|t:|1697936677\n|switch|p2a: Tornadus|Tornadus, M|100\/100\n|turn|9\n|inactive|bleahey has 120 seconds left.\n|\n|t:|1697936691\n|move|p2a: Tornadus|Tailwind|p2a: Tornadus\n|-sidestart|p2: PokeArt2004\u2764|move: Tailwind\n|move|p2b: Rillaboom|Grassy Glide|p1a: Landorus\n|-damage|p1a: Landorus|3\/100\n|move|p1a: Landorus|Stomping Tantrum|p2b: Rillaboom\n|-resisted|p2b: Rillaboom\n|-damage|p2b: Rillaboom|2\/100\n|move|p1b: Heatran|Heat Wave|p2b: Rillaboom|[spread] p2a,p2b\n|-supereffective|p2b: Rillaboom\n|-damage|p2a: Tornadus|40\/100\n|-damage|p2b: Rillaboom|0 fnt\n|faint|p2b: Rillaboom\n|-damage|p1b: Heatran|87\/100|[from] item: Life Orb\n|\n|-heal|p1b: Heatran|93\/100|[from] Grassy Terrain\n|upkeep\n|\n|t:|1697936703\n|switch|p2b: Flutter Mane|Flutter Mane|100\/100\n|turn|10\n|\n|t:|1697936720\n|move|p2b: Flutter Mane|Dazzling Gleam|p1b: Heatran|[spread] p1a,p1b\n|-damage|p1a: Landorus|0 fnt\n|-damage|p1b: Heatran|47\/100\n|faint|p1a: Landorus\n|move|p2a: Tornadus|Bleakwind Storm|p1b: Heatran|[miss]\n|-miss|p2a: Tornadus|p1b: Heatran\n|move|p1b: Heatran|Heat Wave|p2b: Flutter Mane|[spread] p2a,p2b\n|-damage|p2a: Tornadus|0 fnt\n|-damage|p2b: Flutter Mane|50\/100\n|faint|p2a: Tornadus\n|-damage|p1b: Heatran|38\/100|[from] item: Life Orb\n|\n|-heal|p2b: Flutter Mane|57\/100|[from] Grassy Terrain\n|-heal|p1b: Heatran|44\/100|[from] Grassy Terrain\n|upkeep\n|\n|t:|1697936732\n|switch|p1a: Ogerpon|Ogerpon-Hearthflame, F|100\/100\n|switch|p2a: Heatran|Heatran, M|100\/100\n|-ability|p1a: Ogerpon|Mold Breaker\n|turn|11\n|\n|t:|1697936748\n|-terastallize|p2a: Heatran|Fairy\n|move|p1a: Ogerpon|Grassy Glide|p2b: Flutter Mane\n|-damage|p2b: Flutter Mane|0 fnt\n|faint|p2b: Flutter Mane\n|-end|p2b: Flutter Mane|Protosynthesis|[silent]\n|move|p2a: Heatran|Flash Cannon|p1b: Heatran\n|-supereffective|p1b: Heatran\n|-damage|p1b: Heatran|0 fnt\n|faint|p1b: Heatran\n|\n|-fieldend|move: Grassy Terrain\n|upkeep\n|l| ChimeBliss\n|j| ChimeBliss\n|\n|t:|1697936757\n|switch|p2b: Ogerpon|Ogerpon-Hearthflame, F|41\/100\n|-ability|p2b: Ogerpon|Mold Breaker\n|turn|12\n|\n|t:|1697936775\n|move|p1a: Ogerpon|Spiky Shield|p1a: Ogerpon\n|-singleturn|p1a: Ogerpon|move: Protect\n|move|p2b: Ogerpon|Ivy Cudgel|p1a: Ogerpon\n|-activate|p1a: Ogerpon|move: Protect\n|move|p2a: Heatran|Heat Wave|p1a: Ogerpon\n|-activate|p1a: Ogerpon|move: Protect\n|\n|-sideend|p2: PokeArt2004\u2764|move: Tailwind\n|upkeep\n|turn|13\n|\n|t:|1697936799\n|move|p2b: Ogerpon|Ivy Cudgel|p1a: Ogerpon\n|-damage|p1a: Ogerpon|32\/100\n|move|p1a: Ogerpon|Ivy Cudgel|p2b: Ogerpon\n|-damage|p2b: Ogerpon|0 fnt\n|faint|p2b: Ogerpon\n|move|p2a: Heatran|Heat Wave|p1a: Ogerpon|[miss]\n|-miss|p2a: Heatran|p1a: Ogerpon\n|\n|upkeep\n|turn|14\n|\n|t:|1697936822\n|move|p1a: Ogerpon|Ivy Cudgel|p2a: Heatran\n|-damage|p2a: Heatran|46\/100\n|move|p2a: Heatran|Earth Power|p1a: Ogerpon\n|-damage|p1a: Ogerpon|0 fnt\n|faint|p1a: Ogerpon\n|\n|win|PokeArt2004\u2764\n|n|\u2606bleahey|bleahey\n|n|\u2606PokeArt2004\u2764|pokeart2004\n|n|*Lady Monita \u263d|ladymonita\n|n| ChimeBliss|chimebliss\n|l|*Lady Monita \u263d\n|c|\u2606bleahey|gg\n|c|\u2606PokeArt2004\u2764|gg\n|l|\u2606bleahey\n|l|\u2606PokeArt2004\u2764\n","uploadtime":1697936903,"views":22,"p1id":"bleahey","p2id":"pokeart2004","formatid":"gen9doublesou","rating":0,"private":0,"password":""}