{"id":"gen9doublesou-1973229405","p1":"Forzarismo","p2":"Jeyrjeyr4","format":"[Gen 9] Doubles OU","log":"|j|\u2606Forzarismo\n|j|\u2606Jeyrjeyr4\n|t:|1697941945\n|gametype|doubles\n|player|p1|Forzarismo|veteran|1351\n|player|p2|Jeyrjeyr4|benga|1300\n|teamsize|p1|6\n|teamsize|p2|6\n|gen|9\n|tier|[Gen 9] Doubles OU\n|rated|\n|rule|Species Clause: Limit one of each Pok\u00e9mon\n|rule|OHKO Clause: OHKO moves are banned\n|rule|Evasion Moves Clause: Evasion moves are banned\n|rule|Gravity Sleep Clause: The combination of sleep-inducing moves with imperfect accuracy and Gravity or Gigantamax Orbeetle are banned\n|rule|Endless Battle Clause: Forcing endless battles is banned\n|rule|HP Percentage Mod: HP is shown in percentages\n|clearpoke\n|poke|p1|Pincurchin, F|\n|poke|p1|Iron Leaves|\n|poke|p1|Iron Bundle|\n|poke|p1|Iron Moth|\n|poke|p1|Iron Hands|\n|poke|p1|Iron Valiant|\n|poke|p2|Golduck, F|\n|poke|p2|Sylveon, F|\n|poke|p2|Toxicroak, M|\n|poke|p2|Pelipper, F|\n|poke|p2|Indeedee-F, F|\n|poke|p2|Gastrodon, M|\n|teampreview\n|\n|t:|1697941960\n|start\n|switch|p1a: Pincurchin|Pincurchin, F|100\/100\n|switch|p1b: Iron Bundle|Iron Bundle|100\/100\n|switch|p2a: Indeedee|Indeedee-F, F|100\/100\n|switch|p2b: Pelipper|Pelipper, F|100\/100\n|-fieldstart|move: Psychic Terrain|[from] ability: Psychic Surge|[of] p2a: Indeedee\n|-weather|RainDance|[from] ability: Drizzle|[of] p2b: Pelipper\n|-fieldstart|move: Electric Terrain|[from] ability: Electric Surge|[of] p1a: Pincurchin\n|-activate|p1b: Iron Bundle|ability: Quark Drive\n|-start|p1b: Iron Bundle|quarkdrivespe\n|turn|1\n|\n|t:|1697941988\n|switch|p2a: Sylveon|Sylveon, F|100\/100\n|switch|p2b: Gastrodon|Gastrodon, M|100\/100\n|move|p1b: Iron Bundle|Freeze-Dry|p2b: Gastrodon\n|-supereffective|p2b: Gastrodon\n|-damage|p2b: Gastrodon|0 fnt\n|faint|p2b: Gastrodon\n|move|p1a: Pincurchin|Curse|p1a: Pincurchin\n|-unboost|p1a: Pincurchin|spe|1\n|-boost|p1a: Pincurchin|atk|1\n|-boost|p1a: Pincurchin|def|1\n|\n|-weather|RainDance|[upkeep]\n|upkeep\n|\n|t:|1697942003\n|switch|p2b: Toxicroak|Toxicroak, M|100\/100\n|turn|2\n|\n|t:|1697942023\n|-end|p1b: Iron Bundle|Quark Drive|[silent]\n|switch|p1b: Iron Hands|Iron Hands|100\/100\n|-activate|p1b: Iron Hands|ability: Quark Drive\n|-start|p1b: Iron Hands|quarkdriveatk\n|move|p2b: Toxicroak|Fake Out|p1b: Iron Hands\n|-damage|p1b: Iron Hands|90\/100\n|-damage|p2b: Toxicroak|91\/100|[from] item: Life Orb\n|move|p2a: Sylveon|Hyper Voice|p1a: Pincurchin|[spread] p1a,p1b\n|-supereffective|p1b: Iron Hands\n|-damage|p1a: Pincurchin|54\/100\n|-damage|p1b: Iron Hands|19\/100\n|-enditem|p2a: Sylveon|Throat Spray\n|-boost|p2a: Sylveon|spa|1|[from] item: Throat Spray\n|move|p1a: Pincurchin|Zing Zap|p2b: Toxicroak\n|-damage|p2b: Toxicroak|0 fnt\n|faint|p2b: Toxicroak\n|\n|-weather|RainDance|[upkeep]\n|upkeep\n|\n|t:|1697942045\n|switch|p2b: Indeedee|Indeedee-F, F|100\/100\n|-fieldstart|move: Psychic Terrain|[from] ability: Psychic Surge|[of] p2b: Indeedee\n|-end|p1b: Iron Hands|Quark Drive\n|turn|3\n|\n|t:|1697942080\n|-end|p1b: Iron Hands|Quark Drive|[silent]\n|switch|p1b: Iron Bundle|Iron Bundle|100\/100\n|switch|p1a: Iron Moth|Iron Moth|100\/100\n|move|p2b: Indeedee|Hyper Voice|p1a: Iron Moth|[spread] p1a,p1b\n|-damage|p1a: Iron Moth|84\/100\n|-damage|p1b: Iron Bundle|51\/100\n|move|p2a: Sylveon|Hyper Voice|p1b: Iron Bundle|[spread] p1a,p1b\n|-resisted|p1a: Iron Moth\n|-damage|p1a: Iron Moth|75\/100\n|-damage|p1b: Iron Bundle|0 fnt\n|faint|p1b: Iron Bundle\n|-end|p1b: Iron Bundle|Quark Drive|[silent]\n|\n|-weather|RainDance|[upkeep]\n|upkeep\n|\n|t:|1697942084\n|switch|p1b: Pincurchin|Pincurchin, F|54\/100\n|-fieldstart|move: Electric Terrain|[from] ability: Electric Surge|[of] p1b: Pincurchin\n|-activate|p1a: Iron Moth|ability: Quark Drive\n|-start|p1a: Iron Moth|quarkdrivespa\n|turn|4\n|\n|t:|1697942107\n|switch|p1b: Iron Hands|Iron Hands|19\/100\n|-activate|p1b: Iron Hands|ability: Quark Drive\n|-start|p1b: Iron Hands|quarkdriveatk\n|move|p2a: Sylveon|Protect|p2a: Sylveon\n|-singleturn|p2a: Sylveon|Protect\n|move|p1a: Iron Moth|Sludge Wave|p2b: Indeedee|[spread] p1b,p2b\n|-activate|p2a: Sylveon|move: Protect\n|-damage|p1b: Iron Hands|0 fnt\n|-damage|p2b: Indeedee|40\/100\n|faint|p1b: Iron Hands\n|-end|p1b: Iron Hands|Quark Drive|[silent]\n|move|p2b: Indeedee|Psychic|p1a: Iron Moth\n|-supereffective|p1a: Iron Moth\n|-damage|p1a: Iron Moth|30\/100\n|\n|-weather|RainDance|[upkeep]\n|upkeep\n|\n|t:|1697942122\n|switch|p1b: Pincurchin|Pincurchin, F|54\/100\n|turn|5\n|\n|t:|1697942155\n|-terastallize|p2a: Sylveon|Fire\n|move|p1b: Pincurchin|Sucker Punch|p2b: Indeedee\n|-supereffective|p2b: Indeedee\n|-damage|p2b: Indeedee|0 fnt\n|faint|p2b: Indeedee\n|move|p1a: Iron Moth|Sludge Wave|p2a: Sylveon|[spread] p1b,p2a\n|-crit|p1b: Pincurchin\n|-damage|p1b: Pincurchin|0 fnt\n|-damage|p2a: Sylveon|60\/100\n|faint|p1b: Pincurchin\n|move|p2a: Sylveon|Hyper Voice|p1a: Iron Moth\n|-resisted|p1a: Iron Moth\n|-damage|p1a: Iron Moth|17\/100\n|\n|-weather|none\n|upkeep\n|\n|t:|1697942173\n|switch|p2b: Golduck|Golduck, F|100\/100\n|switch|p1b: Iron Valiant|Iron Valiant|100\/100\n|-activate|p1b: Iron Valiant|ability: Quark Drive\n|-start|p1b: Iron Valiant|quarkdrivespe\n|turn|6\n|\n|t:|1697942199\n|switch|p2a: Pelipper|Pelipper, F|100\/100\n|-weather|RainDance|[from] ability: Drizzle|[of] p2a: Pelipper\n|-terastallize|p1b: Iron Valiant|Fairy\n|move|p2b: Golduck|Surf|p1b: Iron Valiant|[spread] p2a,p1a,p1b\n|-resisted|p2a: Pelipper\n|-supereffective|p1a: Iron Moth\n|-damage|p2a: Pelipper|63\/100\n|-damage|p1a: Iron Moth|0 fnt\n|-damage|p1b: Iron Valiant|18\/100\n|faint|p1a: Iron Moth\n|-end|p1a: Iron Moth|Quark Drive|[silent]\n|move|p1b: Iron Valiant|Spirit Break|p2a: Pelipper\n|-damage|p2a: Pelipper|0 fnt\n|faint|p2a: Pelipper\n|-damage|p1b: Iron Valiant|8\/100|[from] item: Life Orb\n|\n|-weather|RainDance|[upkeep]\n|upkeep\n|inactive|Battle timer is ON: inactive players will automatically lose when time's up. (requested by Forzarismo)\n|\n|t:|1697942218\n|switch|p1a: Iron Leaves|Iron Leaves|100\/100\n|switch|p2a: Sylveon|Sylveon, F, tera:Fire|60\/100\n|-activate|p1a: Iron Leaves|ability: Quark Drive\n|-start|p1a: Iron Leaves|quarkdriveatk\n|turn|7\n|inactive|Forzarismo has 120 seconds left.\n|\n|t:|1697942253\n|move|p2a: Sylveon|Helping Hand|p2b: Golduck\n|-singleturn|p2b: Golduck|Helping Hand|[of] p2a: Sylveon\n|move|p1b: Iron Valiant|Shadow Sneak|p2a: Sylveon\n|-damage|p2a: Sylveon|32\/100\n|-damage|p1b: Iron Valiant|0 fnt|[from] item: Life Orb\n|faint|p1b: Iron Valiant\n|-end|p1b: Iron Valiant|Quark Drive|[silent]\n|move|p2b: Golduck|Surf|p1a: Iron Leaves|[spread] p2a,p1a\n|-supereffective|p2a: Sylveon\n|-resisted|p1a: Iron Leaves\n|-damage|p2a: Sylveon|0 fnt\n|-damage|p1a: Iron Leaves|66\/100\n|faint|p2a: Sylveon\n|move|p1a: Iron Leaves|Leaf Blade|p2b: Golduck\n|-supereffective|p2b: Golduck\n|-enditem|p2b: Golduck|Focus Sash\n|-damage|p2b: Golduck|1\/100\n|\n|-weather|RainDance|[upkeep]\n|upkeep\n|turn|8\n|\n|t:|1697942273\n|move|p2b: Golduck|Ice Beam|p1a: Iron Leaves\n|-supereffective|p1a: Iron Leaves\n|-damage|p1a: Iron Leaves|20\/100\n|move|p1a: Iron Leaves|Leaf Blade|p2b: Golduck\n|-supereffective|p2b: Golduck\n|-damage|p2b: Golduck|0 fnt\n|faint|p2b: Golduck\n|\n|win|Forzarismo\n|raw|Forzarismo's rating: 1351 &rarr; <strong>1368<\/strong><br \/>(+17 for winning)\n|raw|Jeyrjeyr4's rating: 1300 &rarr; <strong>1279<\/strong><br \/>(-21 for losing)\n|c|\u2606Forzarismo|GG\n","uploadtime":1697942287,"views":21,"p1id":"forzarismo","p2id":"jeyrjeyr4","formatid":"gen9doublesou","rating":1279,"private":0,"password":""}