{"id":"gen9doublesou-1993785888","p1":"A301i","p2":"Happy1912owl","format":"[Gen 9] Doubles OU","log":"|j|\u2606A301i\n|j|\u2606Happy1912owl\n|t:|1700357047\n|gametype|doubles\n|player|p1|A301i|170|\n|player|p2|Happy1912owl|steven|\n|teamsize|p1|6\n|teamsize|p2|6\n|gen|9\n|tier|[Gen 9] Doubles OU\n|rule|Species Clause: Limit one of each Pok\u00e9mon\n|rule|OHKO Clause: OHKO moves are banned\n|rule|Evasion Moves Clause: Evasion moves are banned\n|rule|Gravity Sleep Clause: The combination of sleep-inducing moves with imperfect accuracy and Gravity or Gigantamax Orbeetle are banned\n|rule|Endless Battle Clause: Forcing endless battles is banned\n|rule|HP Percentage Mod: HP is shown in percentages\n|clearpoke\n|poke|p1|Clefairy, F|\n|poke|p1|Chi-Yu|\n|poke|p1|Roaring Moon|\n|poke|p1|Rotom-Wash|\n|poke|p1|Kingambit, F|\n|poke|p1|Calyrex|\n|poke|p2|Dipplin, M|\n|poke|p2|Scovillain, F|\n|poke|p2|Tropius, F|\n|poke|p2|Scream Tail|\n|poke|p2|Farigiraf, M|\n|poke|p2|Azumarill, M|\n|teampreview\n|\n|t:|1700357062\n|start\n|switch|p1a: Roaring Moon|Roaring Moon, shiny|100\/100\n|switch|p1b: Clefairy|Clefairy, F, shiny|100\/100\n|switch|p2a: Flying mower|Tropius, F, shiny|100\/100\n|switch|p2b: Carolina Reaper|Scovillain, F, shiny|100\/100\n|-enditem|p1a: Roaring Moon|Booster Energy\n|-activate|p1a: Roaring Moon|ability: Protosynthesis|[fromitem]\n|-start|p1a: Roaring Moon|protosynthesisspe\n|turn|1\n|\n|t:|1700357082\n|-terastallize|p1a: Roaring Moon|Flying\n|move|p1b: Clefairy|Follow Me|p1b: Clefairy\n|-singleturn|p1b: Clefairy|move: Follow Me\n|move|p1a: Roaring Moon|Acrobatics|p2a: Flying mower\n|-supereffective|p2a: Flying mower\n|-damage|p2a: Flying mower|0 fnt\n|faint|p2a: Flying mower\n|move|p2b: Carolina Reaper|Lash Out|p1b: Clefairy\n|-resisted|p1b: Clefairy\n|-damage|p1b: Clefairy|92\/100\n|\n|upkeep\n|\n|t:|1700357095\n|switch|p2a: Safari Guardians|Farigiraf, M, shiny|100\/100\n|turn|2\n|\n|t:|1700357109\n|move|p1b: Clefairy|Follow Me|p1b: Clefairy\n|-singleturn|p1b: Clefairy|move: Follow Me\n|move|p1a: Roaring Moon|Acrobatics|p2b: Carolina Reaper\n|-supereffective|p2b: Carolina Reaper\n|-enditem|p2b: Carolina Reaper|Focus Sash\n|-damage|p2b: Carolina Reaper|1\/100\n|move|p2b: Carolina Reaper|Fire Fang|p1b: Clefairy\n|-damage|p1b: Clefairy|70\/100\n|move|p2a: Safari Guardians|Skill Swap|p1b: Clefairy\n|-activate|p2a: Safari Guardians|move: Skill Swap|Friend Guard|Cud Chew|[of] p1b: Clefairy\n|\n|upkeep\n|turn|3\n|\n|t:|1700357131\n|move|p1b: Clefairy|Follow Me|p1b: Clefairy\n|-singleturn|p1b: Clefairy|move: Follow Me\n|move|p1a: Roaring Moon|Knock Off|p2a: Safari Guardians\n|-supereffective|p2a: Safari Guardians\n|-damage|p2a: Safari Guardians|0 fnt\n|-enditem|p2a: Safari Guardians|Expert Belt|[from] move: Knock Off|[of] p1a: Roaring Moon\n|faint|p2a: Safari Guardians\n|move|p2b: Carolina Reaper|Lash Out|p1b: Clefairy\n|-resisted|p1b: Clefairy\n|-damage|p1b: Clefairy|61\/100\n|\n|upkeep\n|\n|t:|1700357143\n|switch|p2a: Zombie Happy|Scream Tail, shiny|100\/100\n|turn|4\n|\n|t:|1700357154\n|move|p2b: Carolina Reaper|Helping Hand|p2a: Zombie Happy\n|-singleturn|p2a: Zombie Happy|Helping Hand|[of] p2b: Carolina Reaper\n|move|p1b: Clefairy|Follow Me|p1b: Clefairy\n|-singleturn|p1b: Clefairy|move: Follow Me\n|move|p1a: Roaring Moon|Acrobatics|p2a: Zombie Happy\n|-damage|p2a: Zombie Happy|57\/100\n|move|p2a: Zombie Happy|Ice Punch|p1b: Clefairy\n|-damage|p1b: Clefairy|43\/100\n|\n|upkeep\n|turn|5\n|\n|t:|1700357172\n|move|p2b: Carolina Reaper|Helping Hand|p2a: Zombie Happy\n|-singleturn|p2a: Zombie Happy|Helping Hand|[of] p2b: Carolina Reaper\n|move|p1b: Clefairy|Follow Me|p1b: Clefairy\n|-singleturn|p1b: Clefairy|move: Follow Me\n|move|p1a: Roaring Moon|Acrobatics|p2a: Zombie Happy\n|-damage|p2a: Zombie Happy|12\/100\n|move|p2a: Zombie Happy|Ice Punch|p1b: Clefairy\n|-damage|p1b: Clefairy|21\/100\n|\n|upkeep\n|turn|6\n|\n|t:|1700357201\n|move|p2b: Carolina Reaper|Helping Hand|p2a: Zombie Happy\n|-singleturn|p2a: Zombie Happy|Helping Hand|[of] p2b: Carolina Reaper\n|move|p1b: Clefairy|Follow Me|p1b: Clefairy\n|-singleturn|p1b: Clefairy|move: Follow Me\n|move|p1a: Roaring Moon|Acrobatics|p2a: Zombie Happy\n|-damage|p2a: Zombie Happy|0 fnt\n|faint|p2a: Zombie Happy\n|-end|p2a: Zombie Happy|Protosynthesis|[silent]\n|\n|upkeep\n|\n|t:|1700357211\n|switch|p2a: Belly rubs please|Azumarill, M, shiny|100\/100\n|turn|7\n|\n|t:|1700357224\n|move|p2b: Carolina Reaper|Helping Hand|p2a: Belly rubs please\n|-singleturn|p2a: Belly rubs please|Helping Hand|[of] p2b: Carolina Reaper\n|move|p1b: Clefairy|Follow Me|p1b: Clefairy\n|-singleturn|p1b: Clefairy|move: Follow Me\n|move|p1a: Roaring Moon|Acrobatics|p2a: Belly rubs please\n|-damage|p2a: Belly rubs please|37\/100\n|move|p2a: Belly rubs please|Play Rough|p1b: Clefairy\n|-damage|p1b: Clefairy|0 fnt\n|faint|p1b: Clefairy\n|\n|upkeep\n|\n|t:|1700357246\n|switch|p1b: Rotom|Rotom-Wash, shiny|100\/100\n|turn|8\n|\n|t:|1700357255\n|move|p1a: Roaring Moon|Acrobatics|p2a: Belly rubs please\n|-damage|p2a: Belly rubs please|0 fnt\n|faint|p2a: Belly rubs please\n|move|p2b: Carolina Reaper|Tera Blast|p2: Belly rubs please|[notarget]\n|-fail|p2b: Carolina Reaper\n|move|p1b: Rotom|Volt Switch|p2b: Carolina Reaper\n|-resisted|p2b: Carolina Reaper\n|-damage|p2b: Carolina Reaper|0 fnt\n|faint|p2b: Carolina Reaper\n|\n|t:|1700357269\n|switch|p1b: Chi-Yu|Chi-Yu|100\/100|[from] Volt Switch\n|-ability|p1b: Chi-Yu|Beads of Ruin\n|\n|upkeep\n|\n|t:|1700357277\n|switch|p2b: Happy\u2019s revenge|Dipplin, M, shiny|100\/100\n|-ability|p2b: Happy\u2019s revenge|Supersweet Syrup\n|-ability|p2b: Happy\u2019s revenge|Supersweet Syrup|boost\n|-unboost|p1a: Roaring Moon|evasion|1\n|-unboost|p1b: Chi-Yu|evasion|1\n|turn|9\n|\n|t:|1700357289\n|move|p1a: Roaring Moon|Acrobatics|p2b: Happy\u2019s revenge\n|-supereffective|p2b: Happy\u2019s revenge\n|-damage|p2b: Happy\u2019s revenge|8\/100\n|move|p1b: Chi-Yu|Heat Wave|p2b: Happy\u2019s revenge|[miss]\n|-miss|p1b: Chi-Yu|p2b: Happy\u2019s revenge\n|move|p2b: Happy\u2019s revenge|Draco Meteor|p1a: Roaring Moon\n|-damage|p1a: Roaring Moon|35\/100\n|-unboost|p2b: Happy\u2019s revenge|spa|2\n|\n|-heal|p2b: Happy\u2019s revenge|14\/100|[from] item: Leftovers\n|upkeep\n|turn|10\n|\n|t:|1700357305\n|move|p1a: Roaring Moon|Acrobatics|p2b: Happy\u2019s revenge\n|-supereffective|p2b: Happy\u2019s revenge\n|-damage|p2b: Happy\u2019s revenge|0 fnt\n|faint|p2b: Happy\u2019s revenge\n|\n|win|A301i\n|l|\u2606A301i\n","uploadtime":1700357312,"views":10,"p1id":"a301i","p2id":"happy1912owl","formatid":"gen9doublesou","rating":0,"private":0,"password":""}