{"id":"gen9doublesou-2000607409","p1":"silverhawk.123333","p2":"Tony the CatNG","format":"[Gen 9] Doubles OU","log":"|j|\u203dsilverhawk.123333\n|j|\u2606Tony the CatNG\n|t:|1701209973\n|gametype|doubles\n|player|p1|silverhawk.123333|cynthia|1044\n|player|p2|Tony the CatNG|102|1073\n|teamsize|p1|6\n|teamsize|p2|6\n|gen|9\n|tier|[Gen 9] Doubles OU\n|rated|\n|rule|Species Clause: Limit one of each Pok\u00e9mon\n|rule|OHKO Clause: OHKO moves are banned\n|rule|Evasion Moves Clause: Evasion moves are banned\n|rule|Gravity Sleep Clause: The combination of sleep-inducing moves with imperfect accuracy and Gravity or Gigantamax Orbeetle are banned\n|rule|Endless Battle Clause: Forcing endless battles is banned\n|rule|HP Percentage Mod: HP is shown in percentages\n|clearpoke\n|poke|p1|Empoleon, M|\n|poke|p1|Landorus-Therian, M|\n|poke|p1|Amoonguss, M|\n|poke|p1|Flutter Mane|\n|poke|p1|Rillaboom, M|\n|poke|p1|Arcanine-Hisui, F|\n|poke|p2|Bellibolt, M|\n|poke|p2|Clefable, F|\n|poke|p2|Ogerpon-Cornerstone, F|\n|poke|p2|Typhlosion-Hisui, M|\n|poke|p2|Toxapex, M|\n|poke|p2|Ceruledge, M|\n|teampreview\n|\n|t:|1701209982\n|start\n|switch|p1a: Amoonguss|Amoonguss, M|100\/100\n|switch|p1b: Empoleon|Empoleon, M|100\/100\n|switch|p2a: Clefable|Clefable, F|100\/100\n|switch|p2b: Ogerpon|Ogerpon-Cornerstone, F|100\/100\n|turn|1\n|\n|t:|1701210000\n|move|p2a: Clefable|Follow Me|p2a: Clefable\n|-singleturn|p2a: Clefable|move: Follow Me\n|move|p1a: Amoonguss|Rage Powder|p1a: Amoonguss\n|-singleturn|p1a: Amoonguss|move: Rage Powder\n|move|p2b: Ogerpon|Horn Leech|p1b: Empoleon\n|-damage|p1b: Empoleon|52\/100\n|move|p1b: Empoleon|Flash Cannon|p2a: Clefable\n|-supereffective|p2a: Clefable\n|-damage|p2a: Clefable|26\/100\n|\n|-heal|p2a: Clefable|32\/100|[from] item: Leftovers\n|upkeep\n|turn|2\n|\n|t:|1701210025\n|move|p2b: Ogerpon|Follow Me|p2b: Ogerpon\n|-singleturn|p2b: Ogerpon|move: Follow Me\n|move|p2a: Clefable|Psychic|p1a: Amoonguss\n|-supereffective|p1a: Amoonguss\n|-damage|p1a: Amoonguss|61\/100\n|move|p1b: Empoleon|Flash Cannon|p2b: Ogerpon\n|-supereffective|p2b: Ogerpon\n|-ability|p2b: Ogerpon|Sturdy\n|-damage|p2b: Ogerpon|1\/100\n|move|p1a: Amoonguss|Pollen Puff|p2b: Ogerpon\n|-supereffective|p2b: Ogerpon\n|-damage|p2b: Ogerpon|0 fnt\n|faint|p2b: Ogerpon\n|\n|-heal|p2a: Clefable|38\/100|[from] item: Leftovers\n|upkeep\n|\n|t:|1701210042\n|switch|p2b: Typhlosion|Typhlosion-Hisui, M|100\/100\n|-item|p1a: Amoonguss|Rocky Helmet|[from] ability: Frisk|[of] p2b: Typhlosion|[identify]\n|-item|p1b: Empoleon|Assault Vest|[from] ability: Frisk|[of] p2b: Typhlosion|[identify]\n|turn|3\n|\n|t:|1701210059\n|-terastallize|p1a: Amoonguss|Water\n|move|p2b: Typhlosion|Eruption|p1b: Empoleon|[spread] p1a,p1b\n|-resisted|p1a: Amoonguss\n|-damage|p1a: Amoonguss|47\/100\n|-damage|p1b: Empoleon|24\/100\n|move|p2a: Clefable|Flamethrower|p1b: Empoleon\n|-crit|p1b: Empoleon\n|-damage|p1b: Empoleon|0 fnt\n|faint|p1b: Empoleon\n|move|p1a: Amoonguss|Spore|p2b: Typhlosion\n|-status|p2b: Typhlosion|slp|[from] move: Spore\n|\n|-heal|p2a: Clefable|44\/100|[from] item: Leftovers\n|upkeep\n|\n|t:|1701210080\n|switch|p1b: Landorus|Landorus-Therian, M|100\/100\n|-ability|p1b: Landorus|Intimidate|boost\n|-unboost|p2a: Clefable|atk|1\n|-unboost|p2b: Typhlosion|atk|1\n|turn|4\n|\n|t:|1701210098\n|move|p1a: Amoonguss|Protect|p1a: Amoonguss\n|-singleturn|p1a: Amoonguss|Protect\n|move|p1b: Landorus|Earthquake|p2b: Typhlosion|[spread] p2a,p2b\n|-activate|p1a: Amoonguss|move: Protect\n|-supereffective|p2b: Typhlosion\n|-damage|p2a: Clefable|0 fnt\n|-damage|p2b: Typhlosion|0 fnt\n|faint|p2a: Clefable\n|faint|p2b: Typhlosion\n|\n|upkeep\n|\n|t:|1701210106\n|switch|p2b: Ceruledge|Ceruledge, M|100\/100\n|switch|p2a: Bellibolt|Bellibolt, M, shiny|100\/100\n|turn|5\n|inactive|Battle timer is ON: inactive players will automatically lose when time's up. (requested by Tony the CatNG)\n|\n|t:|1701210126\n|-terastallize|p2a: Bellibolt|Flying\n|move|p1b: Landorus|Earthquake|p2a: Bellibolt|[spread] p1a,p2b\n|-immune|p2a: Bellibolt\n|-supereffective|p2b: Ceruledge\n|-damage|p1a: Amoonguss|0 fnt\n|-enditem|p2b: Ceruledge|Focus Sash\n|-damage|p2b: Ceruledge|1\/100\n|-ability|p2b: Ceruledge|Weak Armor|boost\n|-unboost|p2b: Ceruledge|def|1\n|-boost|p2b: Ceruledge|spe|2\n|faint|p1a: Amoonguss\n|move|p2b: Ceruledge|Shadow Ball|p1b: Landorus\n|-damage|p1b: Landorus|79\/100\n|move|p2a: Bellibolt|Tera Blast|p1b: Landorus|[anim] Tera Blast Flying\n|-damage|p1b: Landorus|43\/100\n|\n|upkeep\n|\n|t:|1701210142\n|switch|p1a: Flutter Mane|Flutter Mane|100\/100\n|-enditem|p1a: Flutter Mane|Booster Energy\n|-activate|p1a: Flutter Mane|ability: Protosynthesis|[fromitem]\n|-start|p1a: Flutter Mane|protosynthesisspe\n|turn|6\n|\n|t:|1701210154\n|move|p1a: Flutter Mane|Dazzling Gleam|p2b: Ceruledge|[spread] p2a,p2b\n|-resisted|p2b: Ceruledge\n|-damage|p2a: Bellibolt|71\/100\n|-damage|p2b: Ceruledge|0 fnt\n|-start|p2a: Bellibolt|Charge|Dazzling Gleam|[from] ability: Electromorphosis\n|faint|p2b: Ceruledge\n|move|p1b: Landorus|Earthquake|p2a: Bellibolt|[spread] p1a\n|-immune|p2a: Bellibolt\n|-damage|p1a: Flutter Mane|0 fnt\n|faint|p1a: Flutter Mane\n|-end|p1a: Flutter Mane|Protosynthesis|[silent]\n|move|p2a: Bellibolt|Light Screen|p2a: Bellibolt\n|-sidestart|p2: Tony the CatNG|move: Light Screen\n|\n|upkeep\n|\n|t:|1701210165\n|switch|p1a: Rillaboom|Rillaboom, M|100\/100\n|switch|p2b: Toxapex|Toxapex, M|100\/100\n|-fieldstart|move: Grassy Terrain|[from] ability: Grassy Surge|[of] p1a: Rillaboom\n|turn|7\n|\n|t:|1701210177\n|switch|p1b: Arcanine|Arcanine-Hisui, F|100\/100\n|-ability|p1b: Arcanine|Intimidate|boost\n|-unboost|p2a: Bellibolt|atk|1\n|-unboost|p2b: Toxapex|atk|1\n|move|p2b: Toxapex|Baneful Bunker|p2b: Toxapex\n|-singleturn|p2b: Toxapex|move: Protect\n|move|p1a: Rillaboom|Fake Out|p2a: Bellibolt\n|-damage|p2a: Bellibolt|59\/100\n|-start|p2a: Bellibolt|Charge|Fake Out|[from] ability: Electromorphosis\n|-damage|p1a: Rillaboom|91\/100|[from] item: Life Orb\n|cant|p2a: Bellibolt|flinch\n|\n|-heal|p1a: Rillaboom|97\/100|[from] Grassy Terrain\n|upkeep\n|turn|8\n|\n|t:|1701210202\n|move|p1a: Rillaboom|High Horsepower|p2b: Toxapex\n|-supereffective|p2b: Toxapex\n|-damage|p2b: Toxapex|29\/100\n|-damage|p1a: Rillaboom|87\/100|[from] item: Life Orb\n|move|p1b: Arcanine|Will-O-Wisp|p2a: Bellibolt\n|-status|p2a: Bellibolt|brn\n|move|p2a: Bellibolt|Thunderbolt|p1b: Arcanine\n|-damage|p1b: Arcanine|48\/100\n|-enditem|p1b: Arcanine|Sitrus Berry|[eat]\n|-heal|p1b: Arcanine|73\/100|[from] item: Sitrus Berry\n|-end|p2a: Bellibolt|Charge|[silent]\n|move|p2b: Toxapex|Liquidation|p1b: Arcanine\n|-supereffective|p1b: Arcanine\n|-crit|p1b: Arcanine\n|-damage|p1b: Arcanine|0 fnt\n|faint|p1b: Arcanine\n|\n|-heal|p1a: Rillaboom|93\/100|[from] Grassy Terrain\n|-heal|p2b: Toxapex|35\/100|[from] Grassy Terrain\n|-damage|p2a: Bellibolt|53\/100 brn|[from] brn\n|upkeep\n|inactive|silverhawk.123333 has 120 seconds left.\n|\n|t:|1701210220\n|switch|p1b: Landorus|Landorus-Therian, M|43\/100\n|-ability|p1b: Landorus|Intimidate|boost\n|-unboost|p2a: Bellibolt|atk|1\n|-unboost|p2b: Toxapex|atk|1\n|turn|9\n|\n|t:|1701210229\n|move|p2b: Toxapex|Baneful Bunker|p2b: Toxapex\n|-singleturn|p2b: Toxapex|move: Protect\n|move|p1b: Landorus|Rock Slide|p2b: Toxapex|[spread] p2a\n|-activate|p2b: Toxapex|move: Protect\n|-supereffective|p2a: Bellibolt\n|-damage|p2a: Bellibolt|25\/100 brn\n|-start|p2a: Bellibolt|Charge|Rock Slide|[from] ability: Electromorphosis\n|-enditem|p2a: Bellibolt|Mago Berry|[eat]\n|-heal|p2a: Bellibolt|58\/100 brn|[from] item: Mago Berry\n|move|p1a: Rillaboom|High Horsepower|p2b: Toxapex\n|-activate|p2b: Toxapex|move: Protect\n|-status|p1a: Rillaboom|psn\n|move|p2a: Bellibolt|Confuse Ray|p1a: Rillaboom\n|-start|p1a: Rillaboom|confusion\n|\n|-heal|p1a: Rillaboom|99\/100 psn|[from] Grassy Terrain\n|-heal|p2b: Toxapex|41\/100|[from] Grassy Terrain\n|-damage|p1a: Rillaboom|87\/100 psn|[from] psn\n|-damage|p2a: Bellibolt|52\/100 brn|[from] brn\n|upkeep\n|turn|10\n|inactive|silverhawk.123333 has 120 seconds left.\n|\n|t:|1701210267\n|move|p1b: Landorus|Rock Slide|p2a: Bellibolt|[spread] p2a,p2b\n|-supereffective|p2a: Bellibolt\n|-damage|p2a: Bellibolt|24\/100 brn\n|-damage|p2b: Toxapex|22\/100\n|-start|p2a: Bellibolt|Charge|Rock Slide|[from] ability: Electromorphosis\n|-enditem|p2b: Toxapex|Mago Berry|[eat]\n|-heal|p2b: Toxapex|55\/100|[from] item: Mago Berry\n|-start|p2b: Toxapex|confusion\n|-activate|p1a: Rillaboom|confusion\n|-damage|p1a: Rillaboom|71\/100 psn|[from] confusion\n|move|p2a: Bellibolt|Tera Blast|p1a: Rillaboom|[anim] Tera Blast Flying\n|-supereffective|p1a: Rillaboom\n|-damage|p1a: Rillaboom|0 fnt\n|faint|p1a: Rillaboom\n|-activate|p2b: Toxapex|confusion\n|move|p2b: Toxapex|Ice Beam|p1b: Landorus\n|-supereffective|p1b: Landorus\n|-damage|p1b: Landorus|0 fnt\n|faint|p1b: Landorus\n|\n|win|Tony the CatNG\n|raw|silverhawk.123333's rating: 1044 &rarr; <strong>1029<\/strong><br \/>(-15 for losing)\n|raw|Tony the CatNG's rating: 1073 &rarr; <strong>1100<\/strong><br \/>(+27 for winning)\n|c|\u2606Tony the CatNG|Oh\n|c|\u2606Tony the CatNG|Phew\n","uploadtime":1701210288,"views":9,"p1id":"silverhawk123333","p2id":"tonythecatng","formatid":"gen9doublesou","rating":1029,"private":0,"password":""}