{"id":"gen9doublesou-1999862252","p1":"steelysteel","p2":"NoSoyJhon","format":"[Gen 9] Doubles OU","log":"|j|\u203dsteelysteel\n|j|\u2606NoSoyJhon\n|t:|1701123862\n|gametype|doubles\n|player|p1|steelysteel|drasna|1135\n|player|p2|NoSoyJhon|ingo|1200\n|teamsize|p1|6\n|teamsize|p2|6\n|gen|9\n|tier|[Gen 9] Doubles OU\n|rated|\n|rule|Species Clause: Limit one of each Pok\u00e9mon\n|rule|OHKO Clause: OHKO moves are banned\n|rule|Evasion Moves Clause: Evasion moves are banned\n|rule|Gravity Sleep Clause: The combination of sleep-inducing moves with imperfect accuracy and Gravity or Gigantamax Orbeetle are banned\n|rule|Endless Battle Clause: Forcing endless battles is banned\n|rule|HP Percentage Mod: HP is shown in percentages\n|clearpoke\n|poke|p1|Bronzor|\n|poke|p1|Rabsca, F|\n|poke|p1|Gardevoir, F|\n|poke|p1|Maushold|\n|poke|p1|Indeedee-F, F|\n|poke|p1|Krookodile, F|\n|poke|p2|Dragonite, F|\n|poke|p2|Chien-Pao|\n|poke|p2|Murkrow, F|\n|poke|p2|Flutter Mane|\n|poke|p2|Ogerpon-Wellspring, F|\n|poke|p2|Walking Wake|\n|teampreview\n|inactive|Battle timer is ON: inactive players will automatically lose when time's up. (requested by steelysteel)\n|\n|t:|1701123875\n|start\n|switch|p1a: Gardevoir|Gardevoir, F|100\/100\n|switch|p1b: Bronzor|Bronzor, shiny|100\/100\n|switch|p2a: Flutter Mane|Flutter Mane|100\/100\n|switch|p2b: Murkrow|Murkrow, F|100\/100\n|-enditem|p2a: Flutter Mane|Booster Energy\n|-activate|p2a: Flutter Mane|ability: Protosynthesis|[fromitem]\n|-start|p2a: Flutter Mane|protosynthesisspe\n|turn|1\n|\n|t:|1701123883\n|move|p2b: Murkrow|Tailwind|p2b: Murkrow\n|-sidestart|p2: NoSoyJhon|move: Tailwind\n|move|p2a: Flutter Mane|Shadow Ball|p1a: Gardevoir\n|-supereffective|p1a: Gardevoir\n|-damage|p1a: Gardevoir|42\/100\n|-unboost|p1a: Gardevoir|spd|1\n|move|p1a: Gardevoir|Teleport|p1a: Gardevoir\n|\n|t:|1701123890\n|switch|p1a: Krookodile|Krookodile, F|100\/100|[from] Teleport\n|move|p1b: Bronzor|Trick Room|p1b: Bronzor\n|-fieldstart|move: Trick Room|[of] p1b: Bronzor\n|\n|upkeep\n|turn|2\n|\n|t:|1701123909\n|-end|p2a: Flutter Mane|Protosynthesis|[silent]\n|switch|p2a: Walking Wake|Walking Wake|100\/100\n|-enditem|p2a: Walking Wake|Booster Energy\n|-activate|p2a: Walking Wake|ability: Protosynthesis|[fromitem]\n|-start|p2a: Walking Wake|protosynthesisspa\n|-terastallize|p1a: Krookodile|Ground\n|move|p1b: Bronzor|Helping Hand|p1a: Krookodile\n|-singleturn|p1a: Krookodile|Helping Hand|[of] p1b: Bronzor\n|move|p2b: Murkrow|Protect|p2b: Murkrow\n|-singleturn|p2b: Murkrow|Protect\n|move|p1a: Krookodile|Earthquake|p2b: Murkrow|[spread] p2a\n|-activate|p2b: Murkrow|move: Protect\n|-immune|p1b: Bronzor|[from] ability: Levitate\n|-damage|p2a: Walking Wake|11\/100\n|\n|upkeep\n|turn|3\n|inactive|NoSoyJhon has 120 seconds left.\n|\n|t:|1701123951\n|move|p1b: Bronzor|Gravity|p1b: Bronzor\n|-fieldstart|move: Gravity\n|move|p1a: Krookodile|Earthquake|p2a: Walking Wake|[spread] p1b,p2a,p2b\n|-supereffective|p1b: Bronzor\n|-damage|p1b: Bronzor|40\/100\n|-damage|p2a: Walking Wake|0 fnt\n|-damage|p2b: Murkrow|49\/100\n|faint|p2a: Walking Wake\n|-end|p2a: Walking Wake|Protosynthesis|[silent]\n|-ability|p1a: Krookodile|Moxie|boost\n|-boost|p1a: Krookodile|atk|1\n|move|p2b: Murkrow|Whirlwind|p1a: Krookodile\n|drag|p1a: Indeedee|Indeedee-F, F|100\/100\n|-fieldstart|move: Psychic Terrain|[from] ability: Psychic Surge|[of] p1a: Indeedee\n|\n|upkeep\n|\n|t:|1701123967\n|switch|p2a: Ogerpon|Ogerpon-Wellspring, F|100\/100\n|turn|4\n|inactive|NoSoyJhon has 120 seconds left.\n|\n|t:|1701123979\n|switch|p1b: Krookodile|Krookodile, F, tera:Ground|100\/100\n|switch|p2b: Chien-Pao|Chien-Pao|100\/100\n|-ability|p2b: Chien-Pao|Sword of Ruin\n|move|p1a: Indeedee|Follow Me|p1a: Indeedee\n|-singleturn|p1a: Indeedee|move: Follow Me\n|move|p2a: Ogerpon|Ivy Cudgel|p1a: Indeedee|[anim] Ivy Cudgel Water\n|-damage|p1a: Indeedee|0 fnt\n|faint|p1a: Indeedee\n|\n|-sideend|p2: NoSoyJhon|move: Tailwind\n|upkeep\n|\n|t:|1701123994\n|switch|p1a: Maushold|Maushold|100\/100\n|turn|5\n|\n|t:|1701124004\n|move|p1a: Maushold|Follow Me|p1a: Maushold\n|-singleturn|p1a: Maushold|move: Follow Me\n|move|p1b: Krookodile|Gunk Shot|p2a: Ogerpon\n|-supereffective|p2a: Ogerpon\n|-damage|p2a: Ogerpon|0 fnt\n|faint|p2a: Ogerpon\n|-ability|p1b: Krookodile|Moxie|boost\n|-boost|p1b: Krookodile|atk|1\n|move|p2b: Chien-Pao|Ice Spinner|p1a: Maushold\n|-damage|p1a: Maushold|29\/100\n|-fieldend|move: Psychic Terrain\n|\n|-fieldend|move: Trick Room\n|upkeep\n|\n|t:|1701124019\n|switch|p2a: Dragonite|Dragonite, F|100\/100\n|turn|6\n|\n|t:|1701124045\n|switch|p1a: Gardevoir|Gardevoir, F|42\/100\n|move|p1b: Krookodile|Protect|p1b: Krookodile\n|-singleturn|p1b: Krookodile|Protect\n|move|p2a: Dragonite|Aqua Jet|p1b: Krookodile\n|-activate|p1b: Krookodile|move: Protect\n|move|p2b: Chien-Pao|Crunch|p1a: Gardevoir\n|-damage|p1a: Gardevoir|0 fnt\n|faint|p1a: Gardevoir\n|\n|upkeep\n|inactive|steelysteel has 120 seconds left.\n|\n|t:|1701124057\n|switch|p1a: Maushold|Maushold|29\/100\n|turn|7\n|\n|t:|1701124074\n|switch|p1b: Bronzor|Bronzor, shiny|40\/100\n|move|p1a: Maushold|Protect|p1a: Maushold\n|-singleturn|p1a: Maushold|Protect\n|move|p2a: Dragonite|Aqua Jet|p1b: Bronzor\n|-damage|p1b: Bronzor|26\/100\n|move|p2b: Chien-Pao|Ice Spinner|p1a: Maushold\n|-activate|p1a: Maushold|move: Protect\n|\n|-fieldend|move: Gravity\n|upkeep\n|turn|8\n|\n|t:|1701124085\n|move|p2a: Dragonite|Aqua Jet|p1a: Maushold\n|-damage|p1a: Maushold|0 fnt\n|faint|p1a: Maushold\n|move|p2b: Chien-Pao|Crunch|p1b: Bronzor\n|-supereffective|p1b: Bronzor\n|-crit|p1b: Bronzor\n|-damage|p1b: Bronzor|0 fnt\n|faint|p1b: Bronzor\n|\n|upkeep\n|\n|t:|1701124091\n|switch|p1a: Rabsca|Rabsca, F|100\/100\n|switch|p1b: Krookodile|Krookodile, F, tera:Ground|100\/100\n|turn|9\n|\n|t:|1701124107\n|move|p2a: Dragonite|Aqua Jet|p1b: Krookodile\n|-supereffective|p1b: Krookodile\n|-damage|p1b: Krookodile|40\/100\n|move|p2b: Chien-Pao|Crunch|p1a: Rabsca\n|-supereffective|p1a: Rabsca\n|-crit|p1a: Rabsca\n|-damage|p1a: Rabsca|0 fnt\n|faint|p1a: Rabsca\n|move|p1b: Krookodile|Crunch|p2a: Dragonite\n|-damage|p2a: Dragonite|46\/100\n|\n|upkeep\n|turn|10\n|-message|steelysteel forfeited.\n|\n|win|NoSoyJhon\n|raw|steelysteel's rating: 1135 &rarr; <strong>1115<\/strong><br \/>(-20 for losing)\n|raw|NoSoyJhon's rating: 1200 &rarr; <strong>1220<\/strong><br \/>(+20 for winning)\n|l|\u203dsteelysteel\n","uploadtime":1701124123,"views":7,"p1id":"steelysteel","p2id":"nosoyjhon","formatid":"gen9doublesou","rating":1115,"private":0,"password":""}