{"id":"gen9doublesou-1994140744","p1":"Dionaeamuscipul","p2":"cotesmcgotes","format":"[Gen 9] Doubles OU","log":"|j|\u2606Dionaeamuscipul\n|j|\u2606cotesmcgotes\n|t:|1700411665\n|gametype|doubles\n|player|p1|Dionaeamuscipul|170|1188\n|player|p2|cotesmcgotes|flannery|1286\n|teamsize|p1|6\n|teamsize|p2|6\n|gen|9\n|tier|[Gen 9] Doubles OU\n|rated|\n|rule|Species Clause: Limit one of each Pok\u00e9mon\n|rule|OHKO Clause: OHKO moves are banned\n|rule|Evasion Moves Clause: Evasion moves are banned\n|rule|Gravity Sleep Clause: The combination of sleep-inducing moves with imperfect accuracy and Gravity or Gigantamax Orbeetle are banned\n|rule|Endless Battle Clause: Forcing endless battles is banned\n|rule|HP Percentage Mod: HP is shown in percentages\n|clearpoke\n|poke|p1|Shiftry, F|\n|poke|p1|Ninetales, M|\n|poke|p1|Politoed, M|\n|poke|p1|Ribombee, F|\n|poke|p1|Grafaiai, F|\n|poke|p1|Charizard, F|\n|poke|p2|Cresselia, F|\n|poke|p2|Overqwil, F|\n|poke|p2|Tornadus, M|\n|poke|p2|Palafin, F|\n|poke|p2|Amoonguss, M|\n|poke|p2|Diancie|\n|teampreview\n|\n|t:|1700411689\n|start\n|switch|p1a: Ribombee|Ribombee, F|100\/100\n|switch|p1b: Grafaiai|Grafaiai, F|100\/100\n|switch|p2a: Tornadus|Tornadus, M, shiny|100\/100\n|switch|p2b: Palafin|Palafin, F|100\/100\n|turn|1\n|inactive|Battle timer is ON: inactive players will automatically lose when time's up. (requested by cotesmcgotes)\n|\n|t:|1700411704\n|move|p2a: Tornadus|Taunt|p1b: Grafaiai\n|-start|p1b: Grafaiai|move: Taunt\n|move|p1a: Ribombee|Tailwind|p1a: Ribombee\n|-sidestart|p1: Dionaeamuscipul|move: Tailwind\n|move|p1b: Grafaiai|Acid Spray|p2a: Tornadus\n|-crit|p2a: Tornadus\n|-damage|p2a: Tornadus|82\/100\n|-unboost|p2a: Tornadus|spd|2\n|move|p2b: Palafin|Flip Turn|p1a: Ribombee\n|-damage|p1a: Ribombee|58\/100\n|\n|t:|1700411716\n|detailschange|p2b: Palafin|Palafin-Hero, F\n|switch|p2b: Overqwil|Overqwil, F|100\/100|[from] Flip Turn\n|\n|upkeep\n|turn|2\n|\n|t:|1700411727\n|move|p2a: Tornadus|Tailwind|p2a: Tornadus\n|-sidestart|p2: cotesmcgotes|move: Tailwind\n|move|p1a: Ribombee|Dazzling Gleam|p2b: Overqwil|[spread] p2a,p2b\n|-damage|p2a: Tornadus|46\/100\n|-damage|p2b: Overqwil|60\/100\n|move|p2b: Overqwil|Barb Barrage|p1a: Ribombee\n|-supereffective|p1a: Ribombee\n|-damage|p1a: Ribombee|0 fnt\n|faint|p1a: Ribombee\n|move|p1b: Grafaiai|Acid Spray|p2b: Overqwil\n|-resisted|p2b: Overqwil\n|-damage|p2b: Overqwil|47\/100\n|-unboost|p2b: Overqwil|spd|2\n|\n|-heal|p2b: Overqwil|53\/100|[from] item: Black Sludge\n|upkeep\n|inactive|Dionaeamuscipul has 120 seconds left.\n|inactive|Dionaeamuscipul has 90 seconds left.\n|\n|t:|1700411782\n|switch|p1a: Charizard|Charizard, F, shiny|100\/100\n|turn|3\n|\n|t:|1700411791\n|switch|p2b: Palafin|Palafin-Hero, F|100\/100\n|-activate|p2b: Palafin|ability: Zero to Hero\n|move|p2a: Tornadus|Rain Dance|p2a: Tornadus\n|-weather|RainDance\n|move|p1a: Charizard|Heat Wave|p2b: Palafin|[spread] p2a\n|-miss|p1a: Charizard|p2b: Palafin\n|-damage|p2a: Tornadus|20\/100\n|move|p1b: Grafaiai|Acid Spray|p2a: Tornadus\n|-damage|p2a: Tornadus|0 fnt\n|faint|p2a: Tornadus\n|\n|-weather|RainDance|[upkeep]\n|-end|p1b: Grafaiai|move: Taunt\n|upkeep\n|\n|t:|1700411810\n|switch|p2a: Diancie|Diancie, shiny|100\/100\n|turn|4\n|\n|t:|1700411823\n|switch|p1a: Ninetales|Ninetales, M|100\/100\n|-weather|SunnyDay|[from] ability: Drought|[of] p1a: Ninetales\n|move|p2b: Palafin|Jet Punch|p1b: Grafaiai\n|-damage|p1b: Grafaiai|73\/100\n|move|p1b: Grafaiai|Acid Spray|p2b: Palafin\n|-damage|p2b: Palafin|87\/100\n|-unboost|p2b: Palafin|spd|2\n|move|p2a: Diancie|Diamond Storm|p1a: Ninetales|[spread] p1a,p1b\n|-supereffective|p1a: Ninetales\n|-damage|p1a: Ninetales|10\/100\n|-damage|p1b: Grafaiai|24\/100\n|-boost|p2a: Diancie|def|2\n|\n|-weather|SunnyDay|[upkeep]\n|-sideend|p1: Dionaeamuscipul|move: Tailwind\n|upkeep\n|turn|5\n|\n|t:|1700411851\n|move|p1a: Ninetales|Protect|p1a: Ninetales\n|-singleturn|p1a: Ninetales|Protect\n|move|p2b: Palafin|Jet Punch|p1b: Grafaiai\n|-damage|p1b: Grafaiai|0 fnt\n|faint|p1b: Grafaiai\n|move|p2a: Diancie|Diamond Storm|p1a: Ninetales\n|-activate|p1a: Ninetales|move: Protect\n|\n|-weather|SunnyDay|[upkeep]\n|-sideend|p2: cotesmcgotes|move: Tailwind\n|upkeep\n|\n|t:|1700411865\n|switch|p1b: Shiftry|Shiftry, F|100\/100\n|turn|6\n|\n|t:|1700411884\n|-terastallize|p2a: Diancie|Fighting\n|move|p2b: Palafin|Jet Punch|p1a: Ninetales\n|-supereffective|p1a: Ninetales\n|-damage|p1a: Ninetales|0 fnt\n|faint|p1a: Ninetales\n|move|p1b: Shiftry|Heat Wave|p2a: Diancie|[spread] p2a,p2b\n|-resisted|p2b: Palafin\n|-damage|p2a: Diancie|67\/100\n|-damage|p2b: Palafin|58\/100\n|-damage|p1b: Shiftry|91\/100|[from] item: Life Orb\n|move|p2a: Diancie|Play Rough|p1b: Shiftry\n|-supereffective|p1b: Shiftry\n|-crit|p1b: Shiftry\n|-damage|p1b: Shiftry|0 fnt\n|faint|p1b: Shiftry\n|\n|-weather|SunnyDay|[upkeep]\n|upkeep\n|\n|t:|1700411898\n|switch|p1a: Politoed|Politoed, M|100\/100\n|switch|p1b: Charizard|Charizard, F, shiny|100\/100\n|-weather|RainDance|[from] ability: Drizzle|[of] p1a: Politoed\n|turn|7\n|\n|t:|1700411915\n|switch|p2b: Overqwil|Overqwil, F|53\/100\n|move|p1b: Charizard|Air Slash|p2b: Overqwil\n|-damage|p2b: Overqwil|0 fnt\n|faint|p2b: Overqwil\n|move|p1a: Politoed|Earthquake|p2a: Diancie|[spread] p2a\n|-immune|p1b: Charizard\n|-damage|p2a: Diancie|59\/100\n|move|p2a: Diancie|Diamond Storm|p1b: Charizard|[spread] p1a,p1b\n|-supereffective|p1b: Charizard\n|-damage|p1a: Politoed|58\/100\n|-damage|p1b: Charizard|0 fnt\n|-boost|p2a: Diancie|def|2\n|faint|p1b: Charizard\n|\n|-weather|RainDance|[upkeep]\n|upkeep\n|-message|Dionaeamuscipul forfeited.\n|\n|win|cotesmcgotes\n|raw|Dionaeamuscipul's rating: 1188 &rarr; <strong>1170<\/strong><br \/>(-18 for losing)\n|raw|cotesmcgotes's rating: 1286 &rarr; <strong>1304<\/strong><br \/>(+18 for winning)\n|l|\u2606Dionaeamuscipul\n","uploadtime":1700411933,"views":8,"p1id":"dionaeamuscipul","p2id":"cotesmcgotes","formatid":"gen9doublesou","rating":1170,"private":0,"password":""}