{"id":"gen9doublesou-1988424512","p1":"Recker Night","p2":"JazzXD","format":"[Gen 9] Doubles OU","log":"|j|\u2606Recker Night\n|j|\u2606JazzXD\n|t:|1699721478\n|gametype|doubles\n|player|p1|Recker Night|pokemonrangerf|1138\n|player|p2|JazzXD|dawn|1172\n|teamsize|p1|6\n|teamsize|p2|6\n|gen|9\n|tier|[Gen 9] Doubles OU\n|rated|\n|rule|Species Clause: Limit one of each Pok\u00e9mon\n|rule|OHKO Clause: OHKO moves are banned\n|rule|Evasion Moves Clause: Evasion moves are banned\n|rule|Gravity Sleep Clause: The combination of sleep-inducing moves with imperfect accuracy and Gravity or Gigantamax Orbeetle are banned\n|rule|Endless Battle Clause: Forcing endless battles is banned\n|rule|HP Percentage Mod: HP is shown in percentages\n|clearpoke\n|poke|p1|Brambleghast, F|\n|poke|p1|Tornadus, M|\n|poke|p1|Diancie|\n|poke|p1|Kommo-o, M|\n|poke|p1|Farigiraf, M|\n|poke|p1|Volcanion|\n|poke|p2|Torkoal, M|\n|poke|p2|Lilligant, F|\n|poke|p2|Ting-Lu|\n|poke|p2|Ogerpon-Hearthflame, F|\n|poke|p2|Iron Hands|\n|poke|p2|Flutter Mane|\n|teampreview\n|inactive|Battle timer is ON: inactive players will automatically lose when time's up. (requested by JazzXD)\n|\n|t:|1699721496\n|start\n|switch|p1a: Tornadus|Tornadus, M, shiny|100\/100\n|switch|p1b: Brambleghast|Brambleghast, F, shiny|100\/100\n|switch|p2a: Torkoal|Torkoal, M|100\/100\n|switch|p2b: Lilligant|Lilligant, F|100\/100\n|-weather|SunnyDay|[from] ability: Drought|[of] p2a: Torkoal\n|turn|1\n|\n|t:|1699721509\n|move|p1a: Tornadus|Tailwind|p1a: Tornadus\n|-sidestart|p1: Recker Night|move: Tailwind\n|-ability|p1b: Brambleghast|Wind Rider|boost\n|-boost|p1b: Brambleghast|atk|1\n|move|p1b: Brambleghast|Poltergeist|p2a: Torkoal|[miss]\n|-miss|p1b: Brambleghast|p2a: Torkoal\n|move|p2b: Lilligant|After You|p2a: Torkoal\n|-activate|p2a: Torkoal|move: After You\n|move|p2a: Torkoal|Eruption|p1a: Tornadus|[spread] p1a,p1b\n|-supereffective|p1b: Brambleghast\n|-enditem|p1a: Tornadus|Focus Sash\n|-damage|p1a: Tornadus|1\/100\n|-damage|p1b: Brambleghast|0 fnt\n|faint|p1b: Brambleghast\n|\n|-weather|SunnyDay|[upkeep]\n|upkeep\n|\n|t:|1699721517\n|switch|p1b: Diancie|Diancie, shiny|100\/100\n|turn|2\n|\n|t:|1699721534\n|move|p1a: Tornadus|Bleakwind Storm|p2a: Torkoal|[spread] p2a\n|-miss|p1a: Tornadus|p2b: Lilligant\n|-damage|p2a: Torkoal|54\/100\n|move|p2b: Lilligant|After You|p2a: Torkoal\n|-activate|p2a: Torkoal|move: After You\n|move|p2a: Torkoal|Eruption|p1b: Diancie|[spread] p1a,p1b\n|-resisted|p1b: Diancie\n|-damage|p1a: Tornadus|0 fnt\n|-damage|p1b: Diancie|85\/100\n|faint|p1a: Tornadus\n|move|p1b: Diancie|Diamond Storm|p2a: Torkoal|[spread] p2a,p2b\n|-supereffective|p2a: Torkoal\n|-damage|p2a: Torkoal|7\/100\n|-damage|p2b: Lilligant|47\/100\n|-boost|p1b: Diancie|def|2\n|\n|-weather|SunnyDay|[upkeep]\n|upkeep\n|\n|t:|1699721551\n|switch|p1a: Farigiraf|Farigiraf, M|100\/100\n|turn|3\n|\n|t:|1699721561\n|move|p1a: Farigiraf|Helping Hand|p1b: Diancie\n|-singleturn|p1b: Diancie|Helping Hand|[of] p1a: Farigiraf\n|move|p2b: Lilligant|Leaf Storm|p1b: Diancie\n|-supereffective|p1b: Diancie\n|-crit|p1b: Diancie\n|-damage|p1b: Diancie|0 fnt\n|-unboost|p2b: Lilligant|spa|2\n|faint|p1b: Diancie\n|move|p2a: Torkoal|Yawn|p1a: Farigiraf\n|-start|p1a: Farigiraf|move: Yawn|[of] p2a: Torkoal\n|\n|-weather|SunnyDay|[upkeep]\n|upkeep\n|\n|t:|1699721567\n|switch|p1b: Kommo-o|Kommo-o, M, shiny|100\/100\n|turn|4\n|\n|t:|1699721574\n|switch|p1a: Volcanion|Volcanion|100\/100\n|move|p2b: Lilligant|Sleep Powder|p1b: Kommo-o|[miss]\n|-miss|p2b: Lilligant|p1b: Kommo-o\n|move|p1b: Kommo-o|Clangorous Soul|p1b: Kommo-o\n|-boost|p1b: Kommo-o|atk|1\n|-boost|p1b: Kommo-o|def|1\n|-boost|p1b: Kommo-o|spa|1\n|-boost|p1b: Kommo-o|spd|1\n|-boost|p1b: Kommo-o|spe|1\n|-damage|p1b: Kommo-o|68\/100\n|-enditem|p1b: Kommo-o|Throat Spray\n|-boost|p1b: Kommo-o|spa|1|[from] item: Throat Spray\n|move|p2a: Torkoal|Earth Power|p1b: Kommo-o\n|-damage|p1b: Kommo-o|48\/100\n|\n|-weather|SunnyDay|[upkeep]\n|-sideend|p1: Recker Night|move: Tailwind\n|upkeep\n|turn|5\n|\n|t:|1699721594\n|-terastallize|p1b: Kommo-o|Normal\n|move|p2b: Lilligant|After You|p2a: Torkoal\n|-activate|p2a: Torkoal|move: After You\n|move|p2a: Torkoal|Yawn|p1b: Kommo-o\n|-start|p1b: Kommo-o|move: Yawn|[of] p2a: Torkoal\n|move|p1b: Kommo-o|Boomburst|p2b: Lilligant|[spread] p1a,p2a,p2b\n|-damage|p1a: Volcanion|42\/100\n|-damage|p2a: Torkoal|0 fnt\n|-damage|p2b: Lilligant|0 fnt\n|faint|p2a: Torkoal\n|faint|p2b: Lilligant\n|move|p1a: Volcanion|Heat Wave|p2: Torkoal|[notarget]\n|-fail|p1a: Volcanion\n|\n|-weather|none\n|upkeep\n|\n|t:|1699721607\n|switch|p2b: Iron Hands|Iron Hands|100\/100\n|switch|p2a: Flutter Mane|Flutter Mane|100\/100\n|turn|6\n|\n|t:|1699721615\n|move|p2b: Iron Hands|Fake Out|p1a: Volcanion\n|-damage|p1a: Volcanion|30\/100\n|move|p1b: Kommo-o|Boomburst|p2b: Iron Hands|[spread] p1a,p2b\n|-immune|p2a: Flutter Mane\n|-damage|p1a: Volcanion|0 fnt\n|-damage|p2b: Iron Hands|56\/100\n|faint|p1a: Volcanion\n|move|p2a: Flutter Mane|Dazzling Gleam|p1b: Kommo-o\n|-damage|p1b: Kommo-o|0 fnt\n|faint|p1b: Kommo-o\n|\n|upkeep\n|-message|Recker Night forfeited.\n|\n|win|JazzXD\n|raw|Recker Night's rating: 1138 &rarr; <strong>1115<\/strong><br \/>(-23 for losing)\n|raw|JazzXD's rating: 1172 &rarr; <strong>1195<\/strong><br \/>(+23 for winning)\n|l|\u2606Recker Night\n","uploadtime":1699721635,"views":10,"p1id":"reckernight","p2id":"jazzxd","formatid":"gen9doublesou","rating":1115,"private":0,"password":""}