{"id":"gen9doublesou-1992358264","p1":"Leecheater","p2":"ModerateE","format":"[Gen 9] Doubles OU","log":"|j|\u2606Leecheater\n|j|\u2606ModerateE\n|t:|1700178404\n|gametype|doubles\n|player|p1|Leecheater|hiker-gen4|1139\n|player|p2|ModerateE|crasherwake|1229\n|teamsize|p1|6\n|teamsize|p2|6\n|gen|9\n|tier|[Gen 9] Doubles OU\n|rated|\n|rule|Species Clause: Limit one of each Pok\u00e9mon\n|rule|OHKO Clause: OHKO moves are banned\n|rule|Evasion Moves Clause: Evasion moves are banned\n|rule|Gravity Sleep Clause: The combination of sleep-inducing moves with imperfect accuracy and Gravity or Gigantamax Orbeetle are banned\n|rule|Endless Battle Clause: Forcing endless battles is banned\n|rule|HP Percentage Mod: HP is shown in percentages\n|clearpoke\n|poke|p1|Chi-Yu|\n|poke|p1|Iron Hands|\n|poke|p1|Roaring Moon|\n|poke|p1|Iron Bundle|\n|poke|p1|Sinistcha|\n|poke|p1|Landorus-Therian, M|\n|poke|p2|Amoonguss, M|\n|poke|p2|Iron Hands|\n|poke|p2|Chien-Pao|\n|poke|p2|Arcanine-Hisui, F|\n|poke|p2|Flutter Mane|\n|poke|p2|Landorus-Therian, M|\n|teampreview\n|\n|t:|1700178452\n|start\n|switch|p1a: Landorus|Landorus-Therian, M|100\/100\n|switch|p1b: Iron Hands|Iron Hands|100\/100\n|switch|p2a: Blanderous|Landorus-Therian, M, shiny|100\/100\n|switch|p2b: Ryan Hands|Iron Hands|100\/100\n|-ability|p2a: Blanderous|Intimidate|boost\n|-unboost|p1a: Landorus|atk|1\n|-unboost|p1b: Iron Hands|atk|1\n|-ability|p1a: Landorus|Intimidate|boost\n|-unboost|p2a: Blanderous|atk|1\n|-unboost|p2b: Ryan Hands|atk|1\n|turn|1\n|c|\u2606ModerateE|oh\n|\n|t:|1700178476\n|move|p1b: Iron Hands|Fake Out|p2b: Ryan Hands\n|-damage|p2b: Ryan Hands|94\/100\n|cant|p2b: Ryan Hands|flinch\n|move|p2a: Blanderous|U-turn|p1b: Iron Hands\n|-resisted|p1b: Iron Hands\n|-damage|p1b: Iron Hands|95\/100\n|\n|t:|1700178485\n|switch|p2a: Dave|Arcanine-Hisui, F, shiny|100\/100|[from] U-turn\n|-ability|p2a: Dave|Intimidate|boost\n|-unboost|p1a: Landorus|atk|1\n|-unboost|p1b: Iron Hands|atk|1\n|move|p1a: Landorus|Stealth Rock|p2b: Ryan Hands\n|-sidestart|p2: ModerateE|move: Stealth Rock\n|\n|upkeep\n|turn|2\n|\n|t:|1700178520\n|switch|p1a: Iron Bundle|Iron Bundle|100\/100\n|-end|p2b: Ryan Hands|Quark Drive|[silent]\n|switch|p2b: Blanderous|Landorus-Therian, M, shiny|100\/100\n|-damage|p2b: Blanderous|88\/100|[from] Stealth Rock\n|-ability|p2b: Blanderous|Intimidate|boost\n|-unboost|p1a: Iron Bundle|atk|1\n|-unboost|p1b: Iron Hands|atk|1\n|move|p2a: Dave|Rock Slide|p1a: Iron Bundle|[spread] p1a,p1b\n|-supereffective|p1a: Iron Bundle\n|-resisted|p1b: Iron Hands\n|-damage|p1a: Iron Bundle|7\/100\n|-damage|p1b: Iron Hands|84\/100\n|cant|p1b: Iron Hands|flinch\n|\n|upkeep\n|turn|3\n|\n|t:|1700178557\n|-end|p1b: Iron Hands|Quark Drive|[silent]\n|switch|p1b: Landorus|Landorus-Therian, M|100\/100\n|-ability|p1b: Landorus|Intimidate|boost\n|-unboost|p2a: Dave|atk|1\n|-unboost|p2b: Blanderous|atk|1\n|move|p2b: Blanderous|U-turn|p1a: Iron Bundle\n|-crit|p1a: Iron Bundle\n|-damage|p1a: Iron Bundle|0 fnt\n|faint|p1a: Iron Bundle\n|-end|p1a: Iron Bundle|Quark Drive|[silent]\n|\n|t:|1700178573\n|switch|p2b: Chin-Poo|Chien-Pao|100\/100|[from] U-turn\n|-damage|p2b: Chin-Poo|76\/100|[from] Stealth Rock\n|-ability|p2b: Chin-Poo|Sword of Ruin\n|move|p2a: Dave|Rock Slide|p1b: Landorus\n|-damage|p1b: Landorus|48\/100\n|\n|upkeep\n|\n|t:|1700178594\n|switch|p1a: Chi-Yu|Chi-Yu|100\/100\n|-ability|p1a: Chi-Yu|Beads of Ruin\n|turn|4\n|\n|t:|1700178614\n|move|p2b: Chin-Poo|Sucker Punch|p1b: Landorus\n|-damage|p1b: Landorus|0 fnt\n|faint|p1b: Landorus\n|move|p2a: Dave|Rock Slide|p1a: Chi-Yu\n|-supereffective|p1a: Chi-Yu\n|-enditem|p1a: Chi-Yu|Focus Sash\n|-damage|p1a: Chi-Yu|1\/100\n|cant|p1a: Chi-Yu|flinch\n|\n|upkeep\n|\n|t:|1700178624\n|switch|p1b: Roaring Moon|Roaring Moon|100\/100\n|-enditem|p1b: Roaring Moon|Booster Energy\n|-activate|p1b: Roaring Moon|ability: Protosynthesis|[fromitem]\n|-start|p1b: Roaring Moon|protosynthesisatk\n|turn|5\n|c|\u2606ModerateE|sorry for the double flinch\n|c|\u2606Leecheater|i have terrible luck\n|\n|t:|1700178653\n|move|p1a: Chi-Yu|Protect|p1a: Chi-Yu\n|-singleturn|p1a: Chi-Yu|Protect\n|move|p2b: Chin-Poo|Sucker Punch||[still]\n|-fail|p2b: Chin-Poo\n|move|p1b: Roaring Moon|Dragon Claw|p2b: Chin-Poo\n|-damage|p2b: Chin-Poo|0 fnt\n|faint|p2b: Chin-Poo\n|move|p2a: Dave|Rock Slide|p1b: Roaring Moon|[spread] p1b\n|-activate|p1a: Chi-Yu|move: Protect\n|-damage|p1b: Roaring Moon|65\/100\n|\n|upkeep\n|\n|t:|1700178667\n|switch|p2b: Blanderous|Landorus-Therian, M, shiny|88\/100\n|-damage|p2b: Blanderous|76\/100|[from] Stealth Rock\n|-ability|p2b: Blanderous|Intimidate|boost\n|-unboost|p1a: Chi-Yu|atk|1\n|-unboost|p1b: Roaring Moon|atk|1\n|turn|6\n|\n|t:|1700178696\n|switch|p2a: Amogus|Amoonguss, M, shiny|100\/100\n|-damage|p2a: Amogus|88\/100|[from] Stealth Rock\n|switch|p1a: Sinistcha|Sinistcha|100\/100\n|-heal|p1b: Roaring Moon|90\/100|[from] ability: Hospitality|[of] p1a: Sinistcha\n|move|p2b: Blanderous|U-turn|p1a: Sinistcha\n|-damage|p1a: Sinistcha|83\/100\n|-damage|p2b: Blanderous|59\/100|[from] item: Rocky Helmet|[of] p1a: Sinistcha\n|\n|t:|1700178706\n|switch|p2b: Dave|Arcanine-Hisui, F, shiny|100\/100|[from] U-turn\n|-damage|p2b: Dave|76\/100|[from] Stealth Rock\n|-ability|p2b: Dave|Intimidate|boost\n|-unboost|p1a: Sinistcha|atk|1\n|-unboost|p1b: Roaring Moon|atk|1\n|move|p1b: Roaring Moon|Dragon Claw|p2b: Dave\n|-damage|p2b: Dave|40\/100\n|\n|upkeep\n|turn|7\n|\n|t:|1700178732\n|move|p1a: Sinistcha|Rage Powder|p1a: Sinistcha\n|-singleturn|p1a: Sinistcha|move: Rage Powder\n|move|p1b: Roaring Moon|Acrobatics|p2a: Amogus\n|-supereffective|p2a: Amogus\n|-damage|p2a: Amogus|38\/100\n|-enditem|p2a: Amogus|Sitrus Berry|[eat]\n|-heal|p2a: Amogus|63\/100|[from] item: Sitrus Berry\n|move|p2b: Dave|Rock Slide|p1b: Roaring Moon|[spread] p1a,p1b\n|-damage|p1a: Sinistcha|54\/100\n|-damage|p1b: Roaring Moon|37\/100\n|move|p2a: Amogus|Pollen Puff|p2b: Dave\n|-heal|p2b: Dave|90\/100\n|\n|upkeep\n|turn|8\n|\n|t:|1700178756\n|switch|p1a: Iron Hands|Iron Hands|84\/100\n|move|p1b: Roaring Moon|Acrobatics|p2a: Amogus\n|-supereffective|p2a: Amogus\n|-damage|p2a: Amogus|14\/100\n|move|p2b: Dave|Rock Slide|p1b: Roaring Moon|[spread] p1b\n|-miss|p2b: Dave|p1a: Iron Hands\n|-damage|p1b: Roaring Moon|0 fnt\n|faint|p1b: Roaring Moon\n|-end|p1b: Roaring Moon|Protosynthesis|[silent]\n|move|p2a: Amogus|Spore|p1a: Iron Hands\n|-status|p1a: Iron Hands|slp|[from] move: Spore\n|\n|upkeep\n|\n|t:|1700178773\n|switch|p1b: Chi-Yu|Chi-Yu|1\/100\n|-ability|p1b: Chi-Yu|Beads of Ruin\n|turn|9\n|\n|t:|1700178786\n|move|p2a: Amogus|Rage Powder|p2a: Amogus\n|-singleturn|p2a: Amogus|move: Rage Powder\n|move|p2b: Dave|Rock Slide|p1b: Chi-Yu|[spread] p1a,p1b\n|-resisted|p1a: Iron Hands\n|-supereffective|p1b: Chi-Yu\n|-damage|p1a: Iron Hands|71\/100 slp\n|-damage|p1b: Chi-Yu|0 fnt\n|faint|p1b: Chi-Yu\n|cant|p1a: Iron Hands|slp\n|\n|upkeep\n|\n|t:|1700178795\n|switch|p1b: Sinistcha|Sinistcha|54\/100\n|-heal|p1a: Iron Hands|96\/100 slp|[from] ability: Hospitality|[of] p1b: Sinistcha\n|turn|10\n|\n|t:|1700178816\n|switch|p2b: Blanderous|Landorus-Therian, M, shiny|59\/100\n|-damage|p2b: Blanderous|47\/100|[from] Stealth Rock\n|-ability|p2b: Blanderous|Intimidate|boost\n|-unboost|p1a: Iron Hands|atk|1\n|-unboost|p1b: Sinistcha|atk|1\n|move|p1b: Sinistcha|Matcha Gotcha|p2a: Amogus|[spread] p2a,p2b\n|-resisted|p2a: Amogus\n|-damage|p2a: Amogus|9\/100\n|-heal|p1b: Sinistcha|57\/100|[from] drain|[of] p2a: Amogus\n|-damage|p2b: Blanderous|16\/100\n|-heal|p1b: Sinistcha|72\/100|[from] drain|[of] p2b: Blanderous\n|-status|p2a: Amogus|brn\n|-curestatus|p1a: Iron Hands|slp|[msg]\n|move|p1a: Iron Hands|Drain Punch|p2b: Blanderous\n|-resisted|p2b: Blanderous\n|-damage|p2b: Blanderous|0 fnt\n|-heal|p1a: Iron Hands|100\/100|[from] drain|[of] p2b: Blanderous\n|faint|p2b: Blanderous\n|move|p2a: Amogus|Pollen Puff|p2: Blanderous|[notarget]\n|-fail|p2a: Amogus\n|\n|-damage|p2a: Amogus|3\/100 brn|[from] brn\n|upkeep\n|\n|t:|1700178854\n|switch|p2b: Ryan Hands|Iron Hands|94\/100\n|-damage|p2b: Ryan Hands|88\/100|[from] Stealth Rock\n|turn|11\n|\n|t:|1700178884\n|move|p2b: Ryan Hands|Fake Out|p1a: Iron Hands\n|-damage|p1a: Iron Hands|91\/100\n|move|p1b: Sinistcha|Shadow Ball|p2b: Ryan Hands\n|-damage|p2b: Ryan Hands|67\/100\n|cant|p1a: Iron Hands|flinch\n|move|p2a: Amogus|Spore|p1a: Iron Hands\n|-status|p1a: Iron Hands|slp|[from] move: Spore\n|\n|-damage|p2a: Amogus|0 fnt|[from] brn\n|faint|p2a: Amogus\n|upkeep\n|\n|t:|1700178899\n|switch|p2a: Buttermane|Flutter Mane, shiny|100\/100\n|-damage|p2a: Buttermane|88\/100|[from] Stealth Rock\n|-enditem|p2a: Buttermane|Booster Energy\n|-activate|p2a: Buttermane|ability: Protosynthesis|[fromitem]\n|-start|p2a: Buttermane|protosynthesisspe\n|turn|12\n|\n|t:|1700178912\n|move|p1b: Sinistcha|Rage Powder|p1b: Sinistcha\n|-singleturn|p1b: Sinistcha|move: Rage Powder\n|move|p2a: Buttermane|Shadow Ball|p1b: Sinistcha\n|-supereffective|p1b: Sinistcha\n|-crit|p1b: Sinistcha\n|-damage|p1b: Sinistcha|0 fnt\n|faint|p1b: Sinistcha\n|cant|p1a: Iron Hands|slp\n|move|p2b: Ryan Hands|Heavy Slam|p1a: Iron Hands\n|-resisted|p1a: Iron Hands\n|-damage|p1a: Iron Hands|86\/100 slp\n|\n|upkeep\n|turn|13\n|\n|t:|1700178927\n|-terastallize|p2a: Buttermane|Fairy\n|move|p2a: Buttermane|Moonblast|p1a: Iron Hands\n|-supereffective|p1a: Iron Hands\n|-damage|p1a: Iron Hands|0 fnt\n|faint|p1a: Iron Hands\n|-end|p1a: Iron Hands|Quark Drive|[silent]\n|\n|win|ModerateE\n|raw|Leecheater's rating: 1139 &rarr; <strong>1120<\/strong><br \/>(-19 for losing)\n|raw|ModerateE's rating: 1229 &rarr; <strong>1248<\/strong><br \/>(+19 for winning)\n|l|\u2606Leecheater\n|c|\u2606ModerateE|ggz\n","uploadtime":1700179170,"views":8,"p1id":"leecheater","p2id":"moderatee","formatid":"gen9doublesou","rating":1120,"private":0,"password":""}