{"id":"gen9doublesou-1979147962","p1":"H4LFBLOOD","p2":"terpy26","format":"[Gen 9] Doubles OU","log":"|j|\u2606H4LFBLOOD\n|j|\u2606terpy26\n|t:|1698639042\n|gametype|doubles\n|player|p1|H4LFBLOOD|n|1430\n|player|p2|terpy26|170|1382\n|teamsize|p1|6\n|teamsize|p2|6\n|gen|9\n|tier|[Gen 9] Doubles OU\n|rated|\n|rule|Species Clause: Limit one of each Pok\u00e9mon\n|rule|OHKO Clause: OHKO moves are banned\n|rule|Evasion Moves Clause: Evasion moves are banned\n|rule|Gravity Sleep Clause: The combination of sleep-inducing moves with imperfect accuracy and Gravity or Gigantamax Orbeetle are banned\n|rule|Endless Battle Clause: Forcing endless battles is banned\n|rule|HP Percentage Mod: HP is shown in percentages\n|clearpoke\n|poke|p1|Lilligant-Hisui, F|\n|poke|p1|Torkoal, M|\n|poke|p1|Flutter Mane|\n|poke|p1|Chien-Pao|\n|poke|p1|Dragonite, F|\n|poke|p1|Ribombee, F|\n|poke|p2|Volcarona, M|\n|poke|p2|Flutter Mane|\n|poke|p2|Flamigo, M|\n|poke|p2|Oricorio-Pom-Pom, F|\n|poke|p2|Chi-Yu|\n|poke|p2|Gyarados, M|\n|teampreview\n|inactive|Battle timer is ON: inactive players will automatically lose when time's up. (requested by terpy26)\n|\n|t:|1698639077\n|start\n|switch|p1a: Ribombee|Ribombee, F|100\/100\n|switch|p1b: Dragonite|Dragonite, F|100\/100\n|switch|p2a: Volcarona|Volcarona, M|100\/100\n|switch|p2b: Oricorio|Oricorio-Pom-Pom, F|100\/100\n|turn|1\n|\n|t:|1698639100\n|switch|p2a: Gyarados|Gyarados, M|100\/100\n|-ability|p2a: Gyarados|Intimidate|boost\n|-unboost|p1a: Ribombee|atk|1\n|-fail|p1b: Dragonite|unboost|Attack|[from] ability: Inner Focus|[of] p1b: Dragonite\n|move|p1a: Ribombee|Sticky Web|p2b: Oricorio\n|-sidestart|p2: terpy26|move: Sticky Web\n|move|p2b: Oricorio|Quiver Dance|p2b: Oricorio\n|-boost|p2b: Oricorio|spa|1\n|-boost|p2b: Oricorio|spd|1\n|-boost|p2b: Oricorio|spe|1\n|move|p1b: Dragonite|Stomping Tantrum|p2a: Gyarados\n|-immune|p2a: Gyarados\n|\n|upkeep\n|turn|2\n|\n|t:|1698639127\n|switch|p1b: Torkoal|Torkoal, M|100\/100\n|-weather|SunnyDay|[from] ability: Drought|[of] p1b: Torkoal\n|move|p2b: Oricorio|Revelation Dance|p1b: Torkoal\n|-damage|p1b: Torkoal|21\/100\n|move|p1a: Ribombee|Pollen Puff|p2b: Oricorio\n|-resisted|p2b: Oricorio\n|-damage|p2b: Oricorio|83\/100\n|move|p2a: Gyarados|Dragon Dance|p2a: Gyarados\n|-boost|p2a: Gyarados|atk|1\n|-boost|p2a: Gyarados|spe|1\n|-activate|p2b: Oricorio|ability: Dancer\n|move|p2b: Oricorio|Dragon Dance|p2b: Oricorio|[from]ability: Dancer\n|-boost|p2b: Oricorio|atk|1\n|-boost|p2b: Oricorio|spe|1\n|\n|-weather|SunnyDay|[upkeep]\n|-heal|p2b: Oricorio|90\/100|[from] item: Leftovers\n|upkeep\n|turn|3\n|inactive|terpy26 has 120 seconds left.\n|\n|t:|1698639159\n|move|p1b: Torkoal|Protect|p1b: Torkoal\n|-singleturn|p1b: Torkoal|Protect\n|move|p2b: Oricorio|Revelation Dance|p1a: Ribombee\n|-damage|p1a: Ribombee|24\/100\n|move|p2a: Gyarados|Earthquake|p1a: Ribombee|[spread] \n|-activate|p1b: Torkoal|move: Protect\n|-immune|p2b: Oricorio\n|-miss|p2a: Gyarados|p1a: Ribombee\n|move|p1a: Ribombee|Skill Swap|p2b: Oricorio\n|-activate|p1a: Ribombee|move: Skill Swap|Dancer|Shield Dust|[of] p2b: Oricorio\n|\n|-weather|SunnyDay|[upkeep]\n|-heal|p2b: Oricorio|96\/100|[from] item: Leftovers\n|upkeep\n|turn|4\n|inactive|terpy26 has 120 seconds left.\n|\n|t:|1698639210\n|move|p1b: Torkoal|Protect||[still]\n|-fail|p1b: Torkoal\n|move|p2b: Oricorio|Baton Pass|p2b: Oricorio\n|\n|t:|1698639214\n|switch|p2b: Flutter Mane|Flutter Mane|100\/100|[from] Baton Pass\n|-activate|p2b: Flutter Mane|move: Sticky Web\n|-unboost|p2b: Flutter Mane|spe|1\n|-activate|p2b: Flutter Mane|ability: Protosynthesis\n|-start|p2b: Flutter Mane|protosynthesisspe\n|move|p2a: Gyarados|Earthquake|p1b: Torkoal|[spread] p2b,p1a,p1b\n|-crit|p2b: Flutter Mane\n|-resisted|p1a: Ribombee\n|-supereffective|p1b: Torkoal\n|-damage|p2b: Flutter Mane|13\/100\n|-damage|p1a: Ribombee|0 fnt\n|-damage|p1b: Torkoal|0 fnt\n|faint|p1a: Ribombee\n|faint|p1b: Torkoal\n|\n|-weather|SunnyDay|[upkeep]\n|upkeep\n|\n|t:|1698639226\n|switch|p1a: Chien-Pao|Chien-Pao|100\/100\n|switch|p1b: Dragonite|Dragonite, F|100\/100\n|-ability|p1a: Chien-Pao|Sword of Ruin\n|turn|5\n|inactive|terpy26 has 120 seconds left.\n|\n|t:|1698639237\n|-terastallize|p1b: Dragonite|Normal\n|move|p2b: Flutter Mane|Protect|p2b: Flutter Mane\n|-singleturn|p2b: Flutter Mane|Protect\n|move|p1b: Dragonite|Extreme Speed|p2a: Gyarados\n|-damage|p2a: Gyarados|0 fnt\n|faint|p2a: Gyarados\n|move|p1a: Chien-Pao|Sucker Punch||[still]\n|-fail|p1a: Chien-Pao\n|\n|-weather|SunnyDay|[upkeep]\n|upkeep\n|inactive|terpy26 has 120 seconds left.\n|\n|t:|1698639248\n|switch|p2a: Flamigo|Flamigo, M|100\/100\n|-copyboost|p2a: Flamigo|p2b: Flutter Mane|[from] ability: Costar\n|turn|6\n|\n|t:|1698639262\n|move|p1b: Dragonite|Extreme Speed|p2a: Flamigo\n|-damage|p2a: Flamigo|0 fnt\n|faint|p2a: Flamigo\n|move|p1a: Chien-Pao|Sucker Punch|p2b: Flutter Mane\n|-damage|p2b: Flutter Mane|0 fnt\n|faint|p2b: Flutter Mane\n|-end|p2b: Flutter Mane|Protosynthesis|[silent]\n|\n|-weather|none\n|upkeep\n|\n|t:|1698639272\n|switch|p2b: Oricorio|Oricorio-Pom-Pom, F|96\/100\n|switch|p2a: Volcarona|Volcarona, M|100\/100\n|-activate|p2a: Volcarona|move: Sticky Web\n|-unboost|p2a: Volcarona|spe|1\n|turn|7\n|\n|t:|1698639283\n|move|p1b: Dragonite|Extreme Speed|p2a: Volcarona\n|-enditem|p2a: Volcarona|Focus Sash\n|-damage|p2a: Volcarona|1\/100\n|move|p1a: Chien-Pao|Ice Spinner|p2b: Oricorio\n|-supereffective|p2b: Oricorio\n|-damage|p2b: Oricorio|0 fnt\n|faint|p2b: Oricorio\n|move|p2a: Volcarona|Fiery Dance|p1a: Chien-Pao\n|-supereffective|p1a: Chien-Pao\n|-enditem|p1a: Chien-Pao|Focus Sash\n|-damage|p1a: Chien-Pao|1\/100\n|\n|upkeep\n|c|\u2606H4LFBLOOD|ur team has a neat gimmick\n|\n|t:|1698639295\n|switch|p2b: Chi-Yu|Chi-Yu|100\/100\n|-activate|p2b: Chi-Yu|move: Sticky Web\n|-unboost|p2b: Chi-Yu|spe|1\n|-ability|p2b: Chi-Yu|Beads of Ruin\n|turn|8\n|\n|t:|1698639309\n|move|p1b: Dragonite|Extreme Speed|p2a: Volcarona\n|-damage|p2a: Volcarona|0 fnt\n|-status|p1b: Dragonite|brn|[from] ability: Flame Body|[of] p2a: Volcarona\n|faint|p2a: Volcarona\n|move|p1a: Chien-Pao|Sacred Sword|p2b: Chi-Yu\n|-supereffective|p2b: Chi-Yu\n|-damage|p2b: Chi-Yu|0 fnt\n|faint|p2b: Chi-Yu\n|\n|win|H4LFBLOOD\n|raw|H4LFBLOOD's rating: 1430 &rarr; <strong>1447<\/strong><br \/>(+17 for winning)\n|raw|terpy26's rating: 1382 &rarr; <strong>1365<\/strong><br \/>(-17 for losing)\n|c|\u2606H4LFBLOOD|gg\n","uploadtime":1698639317,"views":30,"p1id":"h4lfblood","p2id":"terpy26","formatid":"gen9doublesou","rating":1365,"private":0,"password":""}