{"id":"gen9doublesou-1988073096","p1":"Rexluser","p2":"BlueKnight776","format":"[Gen 9] Doubles OU","log":"|j|\u2606Rexluser\n|j|\u2606BlueKnight776\n|t:|1699666227\n|gametype|doubles\n|player|p1|Rexluser|265|1363\n|player|p2|BlueKnight776|marley|1279\n|teamsize|p1|6\n|teamsize|p2|6\n|gen|9\n|tier|[Gen 9] Doubles OU\n|rated|\n|rule|Species Clause: Limit one of each Pok\u00e9mon\n|rule|OHKO Clause: OHKO moves are banned\n|rule|Evasion Moves Clause: Evasion moves are banned\n|rule|Gravity Sleep Clause: The combination of sleep-inducing moves with imperfect accuracy and Gravity or Gigantamax Orbeetle are banned\n|rule|Endless Battle Clause: Forcing endless battles is banned\n|rule|HP Percentage Mod: HP is shown in percentages\n|clearpoke\n|poke|p1|Chien-Pao|\n|poke|p1|Basculegion-F, F|\n|poke|p1|Goodra-Hisui, F|\n|poke|p1|Iron Hands|\n|poke|p1|Ogerpon-Hearthflame, F|\n|poke|p1|Tornadus, M|\n|poke|p2|Iron Hands|\n|poke|p2|Sinistcha-Masterpiece|\n|poke|p2|Kommo-o, F|\n|poke|p2|Landorus-Therian, M|\n|poke|p2|Ogerpon-Wellspring, F|\n|poke|p2|Clefairy, F|\n|teampreview\n|inactive|Battle timer is ON: inactive players will automatically lose when time's up. (requested by Rexluser)\n|\n|t:|1699666235\n|start\n|switch|p1a: Chien-Pao|Chien-Pao|100\/100\n|switch|p1b: Tornadus|Tornadus, M|100\/100\n|switch|p2a: Kommo-o|Kommo-o, F|100\/100\n|switch|p2b: Iron Hands|Iron Hands|100\/100\n|-ability|p1a: Chien-Pao|Sword of Ruin\n|turn|1\n|\n|t:|1699666248\n|-terastallize|p2a: Kommo-o|Steel\n|move|p2b: Iron Hands|Fake Out|p1b: Tornadus\n|-damage|p1b: Tornadus|66\/100\n|cant|p1b: Tornadus|flinch\n|move|p1a: Chien-Pao|Ice Spinner|p2a: Kommo-o\n|-resisted|p2a: Kommo-o\n|-damage|p2a: Kommo-o|59\/100\n|move|p2a: Kommo-o|Clangorous Soul|p2a: Kommo-o\n|-boost|p2a: Kommo-o|atk|1\n|-boost|p2a: Kommo-o|def|1\n|-boost|p2a: Kommo-o|spa|1\n|-boost|p2a: Kommo-o|spd|1\n|-boost|p2a: Kommo-o|spe|1\n|-damage|p2a: Kommo-o|26\/100\n|-enditem|p2a: Kommo-o|Throat Spray\n|-boost|p2a: Kommo-o|spa|1|[from] item: Throat Spray\n|\n|upkeep\n|turn|2\n|\n|t:|1699666268\n|switch|p1a: Iron Hands|Iron Hands|100\/100\n|-end|p2b: Iron Hands|Quark Drive|[silent]\n|switch|p2b: Sinistcha|Sinistcha-Masterpiece|100\/100\n|-heal|p2a: Kommo-o|51\/100|[from] ability: Hospitality|[of] p2b: Sinistcha\n|move|p1b: Tornadus|Bleakwind Storm|p2b: Sinistcha|[spread] p2a,p2b\n|-resisted|p2a: Kommo-o\n|-supereffective|p2b: Sinistcha\n|-damage|p2a: Kommo-o|40\/100\n|-damage|p2b: Sinistcha|21\/100\n|move|p2a: Kommo-o|Clanging Scales|p1b: Tornadus|[spread] p1a,p1b\n|-damage|p1a: Iron Hands|62\/100\n|-damage|p1b: Tornadus|0 fnt\n|faint|p1b: Tornadus\n|-unboost|p2a: Kommo-o|def|1\n|\n|upkeep\n|\n|t:|1699666285\n|switch|p1b: Chien-Pao|Chien-Pao|100\/100\n|-ability|p1b: Chien-Pao|Sword of Ruin\n|turn|3\n|inactive|Rexluser has 120 seconds left.\n|\n|t:|1699666315\n|move|p1b: Chien-Pao|Sacred Sword|p2a: Kommo-o\n|-supereffective|p2a: Kommo-o\n|-damage|p2a: Kommo-o|0 fnt\n|faint|p2a: Kommo-o\n|move|p2b: Sinistcha|Strength Sap|p1a: Iron Hands\n|-unboost|p1a: Iron Hands|atk|1\n|-heal|p2b: Sinistcha|100\/100\n|move|p1a: Iron Hands|Wild Charge|p2b: Sinistcha\n|-resisted|p2b: Sinistcha\n|-damage|p2b: Sinistcha|81\/100\n|-damage|p1a: Iron Hands|59\/100|[from] Recoil\n|\n|upkeep\n|\n|t:|1699666328\n|switch|p2a: Iron Hands|Iron Hands|100\/100\n|turn|4\n|\n|t:|1699666335\n|switch|p1b: Basculegion|Basculegion-F, F|100\/100\n|-ability|p1b: Basculegion|Mold Breaker\n|-end|p1a: Iron Hands|Quark Drive|[silent]\n|switch|p1a: Goodra|Goodra-Hisui, F|100\/100\n|move|p2a: Iron Hands|Fake Out|p1b: Basculegion\n|-immune|p1b: Basculegion\n|move|p2b: Sinistcha|Matcha Gotcha|p1a: Goodra|[spread] \n|-ability|p1a: Goodra|Sap Sipper|boost\n|-boost|p1a: Goodra|atk|1\n|-miss|p2b: Sinistcha|p1b: Basculegion\n|\n|upkeep\n|turn|5\n|\n|t:|1699666356\n|switch|p2b: Clefairy|Clefairy, F|100\/100\n|move|p1b: Basculegion|Liquidation|p2a: Iron Hands\n|-damage|p2a: Iron Hands|73\/100\n|move|p1a: Goodra|Flamethrower|p2b: Clefairy\n|-damage|p2b: Clefairy|81\/100\n|move|p2a: Iron Hands|Drain Punch|p1a: Goodra\n|-supereffective|p1a: Goodra\n|-damage|p1a: Goodra|27\/100\n|-heal|p2a: Iron Hands|100\/100|[from] drain|[of] p1a: Goodra\n|\n|-heal|p1a: Goodra|33\/100|[from] item: Leftovers\n|upkeep\n|turn|6\n|\n|t:|1699666373\n|move|p1b: Basculegion|Liquidation|p2a: Iron Hands\n|-damage|p2a: Iron Hands|72\/100\n|move|p1a: Goodra|Flash Cannon|p2b: Clefairy\n|-supereffective|p2b: Clefairy\n|-damage|p2b: Clefairy|28\/100\n|move|p2a: Iron Hands|Wild Charge|p1b: Basculegion\n|-supereffective|p1b: Basculegion\n|-damage|p1b: Basculegion|0 fnt\n|faint|p1b: Basculegion\n|-damage|p2a: Iron Hands|47\/100|[from] Recoil\n|move|p2b: Clefairy|Knock Off|p1a: Goodra\n|-damage|p1a: Goodra|22\/100\n|-enditem|p1a: Goodra|Leftovers|[from] move: Knock Off|[of] p2b: Clefairy\n|\n|upkeep\n|\n|t:|1699666381\n|switch|p1b: Ogerpon|Ogerpon-Hearthflame, F|100\/100\n|-ability|p1b: Ogerpon|Mold Breaker\n|turn|7\n|\n|t:|1699666393\n|-terastallize|p1b: Ogerpon|Fire\n|detailschange|p1b: Ogerpon|Ogerpon-Hearthflame-Tera, F, tera:Fire\n|-ability|p1b: Ogerpon|Embody Aspect (Hearthflame)|boost\n|-boost|p1b: Ogerpon|atk|1\n|move|p1b: Ogerpon|Ivy Cudgel|p2a: Iron Hands\n|-damage|p2a: Iron Hands|0 fnt\n|faint|p2a: Iron Hands\n|-end|p2a: Iron Hands|Quark Drive|[silent]\n|move|p1a: Goodra|Flash Cannon|p2b: Clefairy\n|-supereffective|p2b: Clefairy\n|-damage|p2b: Clefairy|0 fnt\n|faint|p2b: Clefairy\n|\n|upkeep\n|\n|t:|1699666407\n|switch|p2a: Landorus|Landorus-Therian, M|100\/100\n|switch|p2b: Ogerpon|Ogerpon-Wellspring, F|100\/100\n|-ability|p2a: Landorus|Intimidate|boost\n|-unboost|p1a: Goodra|atk|1\n|-unboost|p1b: Ogerpon|atk|1\n|turn|8\n|\n|t:|1699666423\n|move|p2a: Landorus|Rock Slide|p1b: Ogerpon|[spread] p1a,p1b\n|-resisted|p1a: Goodra\n|-supereffective|p1b: Ogerpon\n|-damage|p1a: Goodra|14\/100\n|-damage|p1b: Ogerpon|49\/100\n|move|p1b: Ogerpon|Ivy Cudgel|p2a: Landorus\n|-damage|p2a: Landorus|0 fnt\n|faint|p2a: Landorus\n|move|p2b: Ogerpon|Swords Dance|p2b: Ogerpon\n|-boost|p2b: Ogerpon|atk|2\n|move|p1a: Goodra|Dragon Pulse|p2b: Ogerpon\n|-damage|p2b: Ogerpon|70\/100\n|\n|upkeep\n|\n|t:|1699666434\n|switch|p2a: Sinistcha|Sinistcha-Masterpiece|81\/100\n|-heal|p2b: Ogerpon|95\/100|[from] ability: Hospitality|[of] p2a: Sinistcha\n|turn|9\n|\n|t:|1699666441\n|move|p2a: Sinistcha|Rage Powder|p2a: Sinistcha\n|-singleturn|p2a: Sinistcha|move: Rage Powder\n|move|p1b: Ogerpon|Horn Leech|p2a: Sinistcha\n|-resisted|p2a: Sinistcha\n|-damage|p2a: Sinistcha|58\/100\n|-heal|p1b: Ogerpon|59\/100|[from] drain|[of] p2a: Sinistcha\n|move|p2b: Ogerpon|Ivy Cudgel|p1b: Ogerpon\n|-supereffective|p1b: Ogerpon\n|-damage|p1b: Ogerpon|0 fnt\n|faint|p1b: Ogerpon\n|move|p1a: Goodra|Flamethrower|p2a: Sinistcha\n|-supereffective|p2a: Sinistcha\n|-damage|p2a: Sinistcha|11\/100\n|\n|upkeep\n|\n|t:|1699666447\n|switch|p1b: Chien-Pao|Chien-Pao|100\/100\n|-ability|p1b: Chien-Pao|Sword of Ruin\n|turn|10\n|\n|t:|1699666463\n|move|p1b: Chien-Pao|Ice Spinner|p2b: Ogerpon\n|-damage|p2b: Ogerpon|0 fnt\n|faint|p2b: Ogerpon\n|move|p1a: Goodra|Flamethrower|p2a: Sinistcha\n|-supereffective|p2a: Sinistcha\n|-damage|p2a: Sinistcha|0 fnt\n|faint|p2a: Sinistcha\n|\n|win|Rexluser\n|raw|Rexluser's rating: 1363 &rarr; <strong>1378<\/strong><br \/>(+15 for winning)\n|raw|BlueKnight776's rating: 1279 &rarr; <strong>1260<\/strong><br \/>(-19 for losing)\n|l|\u2606BlueKnight776\n","uploadtime":1699666471,"views":9,"p1id":"rexluser","p2id":"blueknight776","formatid":"gen9doublesou","rating":1260,"private":0,"password":""}