{"id":"gen9doublesou-1999990533","p1":"cooltrainer_botany","p2":"Tony the CatNG","format":"[Gen 9] Doubles OU","log":"|j|\u2606cooltrainer_botany\n|j|\u2606Tony the CatNG\n|t:|1701138406\n|gametype|doubles\n|player|p1|cooltrainer_botany|265|1135\n|player|p2|Tony the CatNG|2|1039\n|teamsize|p1|6\n|teamsize|p2|6\n|gen|9\n|tier|[Gen 9] Doubles OU\n|rated|\n|rule|Species Clause: Limit one of each Pok\u00e9mon\n|rule|OHKO Clause: OHKO moves are banned\n|rule|Evasion Moves Clause: Evasion moves are banned\n|rule|Gravity Sleep Clause: The combination of sleep-inducing moves with imperfect accuracy and Gravity or Gigantamax Orbeetle are banned\n|rule|Endless Battle Clause: Forcing endless battles is banned\n|rule|HP Percentage Mod: HP is shown in percentages\n|clearpoke\n|poke|p1|Dragonite, M|\n|poke|p1|Ninetales-Alola, F|\n|poke|p1|Glimmora, M|\n|poke|p1|Palafin, M|\n|poke|p1|Goodra-Hisui, F|\n|poke|p1|Chi-Yu|\n|poke|p2|Bellibolt, F|\n|poke|p2|Iron Valiant|\n|poke|p2|Ceruledge, F|\n|poke|p2|Iron Moth|\n|poke|p2|Oricorio-Pom-Pom, F|\n|poke|p2|Pawmot, M|\n|teampreview\n|inactive|Battle timer is ON: inactive players will automatically lose when time's up. (requested by Tony the CatNG)\n|c|\u2606Tony the CatNG|GL and HF\n|\n|t:|1701138423\n|start\n|switch|p1a: Palafin|Palafin, M|100\/100\n|switch|p1b: Ninetales|Ninetales-Alola, F|100\/100\n|switch|p2a: Pawmot|Pawmot, M|100\/100\n|switch|p2b: Iron Valiant|Iron Valiant, shiny|100\/100\n|-weather|Snow|[from] ability: Snow Warning|[of] p1b: Ninetales\n|turn|1\n|c|\u2606cooltrainer_botany|you too\n|\n|t:|1701138449\n|detailschange|p1a: Palafin|Palafin-Hero, M\n|switch|p1a: Glimmora|Glimmora, M|100\/100\n|move|p2b: Iron Valiant|Aura Sphere|p1b: Ninetales\n|-damage|p1b: Ninetales|50\/100\n|move|p1b: Ninetales|Aurora Veil|p1b: Ninetales\n|-sidestart|p1: cooltrainer_botany|move: Aurora Veil\n|move|p2a: Pawmot|Double Shock|p1a: Glimmora\n|-damage|p1a: Glimmora|62\/100\n|-start|p2a: Pawmot|typechange|???\/Fighting|[from] move: Double Shock\n|-activate|p1a: Glimmora|ability: Toxic Debris\n|-sidestart|p2: Tony the CatNG|move: Toxic Spikes\n|\n|-weather|Snow|[upkeep]\n|upkeep\n|turn|2\n|inactive|cooltrainer_botany has 120 seconds left.\n|inactive|Tony the CatNG has 120 seconds left.\n|\n|t:|1701138483\n|move|p2b: Iron Valiant|Psychic|p1a: Glimmora\n|-supereffective|p1a: Glimmora\n|-damage|p1a: Glimmora|11\/100\n|move|p1b: Ninetales|Blizzard|p2b: Iron Valiant|[spread] p2a,p2b\n|-crit|p2b: Iron Valiant\n|-damage|p2a: Pawmot|48\/100\n|-damage|p2b: Iron Valiant|15\/100\n|move|p2a: Pawmot|Encore|p1b: Ninetales\n|-start|p1b: Ninetales|Encore\n|move|p1a: Glimmora|Reflect|p1a: Glimmora\n|-sidestart|p1: cooltrainer_botany|Reflect\n|\n|-weather|Snow|[upkeep]\n|upkeep\n|turn|3\n|\n|t:|1701138502\n|move|p2b: Iron Valiant|Psychic|p1a: Glimmora\n|-supereffective|p1a: Glimmora\n|-damage|p1a: Glimmora|0 fnt\n|faint|p1a: Glimmora\n|move|p1b: Ninetales|Blizzard|p2b: Iron Valiant|[spread] p2a,p2b\n|-damage|p2a: Pawmot|0 fnt\n|-damage|p2b: Iron Valiant|0 fnt\n|faint|p2a: Pawmot\n|faint|p2b: Iron Valiant\n|-end|p2b: Iron Valiant|Quark Drive|[silent]\n|\n|-weather|Snow|[upkeep]\n|upkeep\n|\n|t:|1701138517\n|switch|p2b: Oricorio|Oricorio-Pom-Pom, F|100\/100\n|switch|p2a: Iron Moth|Iron Moth|100\/100\n|switch|p1a: Palafin|Palafin-Hero, M|100\/100\n|-sideend|p2: Tony the CatNG|move: Toxic Spikes|[of] p2a: Iron Moth\n|-activate|p1a: Palafin|ability: Zero to Hero\n|turn|4\n|\n|t:|1701138539\n|move|p2a: Iron Moth|Fiery Dance|p1b: Ninetales\n|-supereffective|p1b: Ninetales\n|-damage|p1b: Ninetales|0 fnt\n|-boost|p2a: Iron Moth|spa|1\n|faint|p1b: Ninetales\n|-activate|p2b: Oricorio|ability: Dancer\n|move|p2b: Oricorio|Fiery Dance|p1a: Palafin|[from]ability: Dancer\n|-resisted|p1a: Palafin\n|-damage|p1a: Palafin|93\/100\n|move|p1a: Palafin|Flip Turn|p2a: Iron Moth\n|-supereffective|p2a: Iron Moth\n|-damage|p2a: Iron Moth|0 fnt\n|-damage|p1a: Palafin|77\/100|[from] item: Rocky Helmet|[of] p2a: Iron Moth\n|faint|p2a: Iron Moth\n|-end|p2a: Iron Moth|Quark Drive|[silent]\n|inactive|cooltrainer_botany has 120 seconds left.\n|\n|t:|1701138555\n|switch|p1a: Dragonite|Dragonite, M|100\/100|[from] Flip Turn\n|move|p2b: Oricorio|Tailwind|p2b: Oricorio\n|-sidestart|p2: Tony the CatNG|move: Tailwind\n|\n|-weather|Snow|[upkeep]\n|upkeep\n|\n|t:|1701138567\n|switch|p2a: Bellibolt|Bellibolt, F, shiny|100\/100\n|switch|p1b: Chi-Yu|Chi-Yu|100\/100\n|-ability|p1b: Chi-Yu|Beads of Ruin\n|turn|5\n|\n|t:|1701138595\n|-terastallize|p1b: Chi-Yu|Ground\n|move|p2b: Oricorio|Protect|p2b: Oricorio\n|-singleturn|p2b: Oricorio|Protect\n|move|p1a: Dragonite|Extreme Speed|p2b: Oricorio\n|-activate|p2b: Oricorio|move: Protect\n|move|p1b: Chi-Yu|Nasty Plot|p1b: Chi-Yu\n|-boost|p1b: Chi-Yu|spa|2\n|move|p2a: Bellibolt|Light Screen|p2a: Bellibolt\n|-sidestart|p2: Tony the CatNG|move: Light Screen\n|\n|-weather|Snow|[upkeep]\n|-sideend|p1: cooltrainer_botany|move: Aurora Veil\n|upkeep\n|turn|6\n|\n|t:|1701138619\n|move|p1a: Dragonite|Extreme Speed|p2a: Bellibolt\n|-damage|p2a: Bellibolt|73\/100\n|-start|p2a: Bellibolt|Charge|Extreme Speed|[from] ability: Electromorphosis\n|move|p2b: Oricorio|Quiver Dance|p2b: Oricorio\n|-boost|p2b: Oricorio|spa|1\n|-boost|p2b: Oricorio|spd|1\n|-boost|p2b: Oricorio|spe|1\n|move|p1b: Chi-Yu|Tera Blast|p2a: Bellibolt|[anim] Tera Blast Ground\n|-supereffective|p2a: Bellibolt\n|-damage|p2a: Bellibolt|0 fnt\n|faint|p2a: Bellibolt\n|\n|-weather|Snow|[upkeep]\n|upkeep\n|\n|t:|1701138633\n|switch|p2a: Ceruledge|Ceruledge, F|100\/100\n|turn|7\n|\n|t:|1701138651\n|-terastallize|p2a: Ceruledge|Fire\n|move|p1a: Dragonite|Extreme Speed|p2b: Oricorio\n|-damage|p2b: Oricorio|38\/100\n|move|p2b: Oricorio|Quiver Dance|p2b: Oricorio\n|-boost|p2b: Oricorio|spa|1\n|-boost|p2b: Oricorio|spd|1\n|-boost|p2b: Oricorio|spe|1\n|move|p2a: Ceruledge|Bitter Blade|p1b: Chi-Yu\n|-damage|p1b: Chi-Yu|32\/100\n|move|p1b: Chi-Yu|Tera Blast|p2a: Ceruledge|[anim] Tera Blast Ground\n|-supereffective|p2a: Ceruledge\n|-damage|p2a: Ceruledge|0 fnt\n|faint|p2a: Ceruledge\n|\n|-weather|Snow|[upkeep]\n|-heal|p2b: Oricorio|45\/100|[from] item: Leftovers\n|-sideend|p2: Tony the CatNG|move: Tailwind\n|upkeep\n|turn|8\n|-message|Tony the CatNG forfeited.\n|\n|win|cooltrainer_botany\n|raw|cooltrainer_botany's rating: 1135 &rarr; <strong>1153<\/strong><br \/>(+18 for winning)\n|raw|Tony the CatNG's rating: 1039 &rarr; <strong>1027<\/strong><br \/>(-12 for losing)\n|l|\u2606Tony the CatNG\n","uploadtime":1701138677,"views":3,"p1id":"cooltrainerbotany","p2id":"tonythecatng","formatid":"gen9doublesou","rating":1027,"private":0,"password":""}