{"id":"gen9doublesou-1972107487","p1":"cotesmcgotes","p2":"qwqag","format":"[Gen 9] Doubles OU","log":"|j|\u2606cotesmcgotes\n|j|\u2606qwqag\n|t:|1697813437\n|gametype|doubles\n|player|p1|cotesmcgotes|flannery|1366\n|player|p2|qwqag|dawn|1455\n|teamsize|p1|6\n|teamsize|p2|6\n|gen|9\n|tier|[Gen 9] Doubles OU\n|rated|\n|rule|Species Clause: Limit one of each Pok\u00e9mon\n|rule|OHKO Clause: OHKO moves are banned\n|rule|Evasion Moves Clause: Evasion moves are banned\n|rule|Gravity Sleep Clause: The combination of sleep-inducing moves with imperfect accuracy and Gravity or Gigantamax Orbeetle are banned\n|rule|Endless Battle Clause: Forcing endless battles is banned\n|rule|HP Percentage Mod: HP is shown in percentages\n|clearpoke\n|poke|p1|Manaphy|\n|poke|p1|Espathra, F|\n|poke|p1|Goodra-Hisui, F|\n|poke|p1|Ursaluna-Bloodmoon, M|\n|poke|p1|Ogerpon-Hearthflame, F|\n|poke|p1|Chien-Pao|\n|poke|p2|Rillaboom, F|\n|poke|p2|Iron Hands|\n|poke|p2|Sinistcha-Masterpiece|\n|poke|p2|Torkoal, F|\n|poke|p2|Armarouge, F|\n|poke|p2|Indeedee, M|\n|teampreview\n|\n|t:|1697813448\n|start\n|switch|p1a: Chien-Pao|Chien-Pao|100\/100\n|switch|p1b: Manaphy|Manaphy|100\/100\n|switch|p2a: Indeedee|Indeedee, M, shiny|100\/100\n|switch|p2b: Armarouge|Armarouge, F, shiny|100\/100\n|-fieldstart|move: Psychic Terrain|[from] ability: Psychic Surge|[of] p2a: Indeedee\n|-ability|p1a: Chien-Pao|Sword of Ruin\n|turn|1\n|inactive|Battle timer is ON: inactive players will automatically lose when time's up. (requested by cotesmcgotes)\n|\n|t:|1697813479\n|move|p2a: Indeedee|Trick|p1a: Chien-Pao\n|-activate|p2a: Indeedee|move: Trick|[of] p1a: Chien-Pao\n|-item|p1a: Chien-Pao|Choice Scarf|[from] move: Trick\n|-item|p2a: Indeedee|Assault Vest|[from] move: Trick\n|move|p1a: Chien-Pao|Crunch|p2a: Indeedee\n|-supereffective|p2a: Indeedee\n|-damage|p2a: Indeedee|0 fnt\n|faint|p2a: Indeedee\n|move|p1b: Manaphy|Scald|p2b: Armarouge\n|-supereffective|p2b: Armarouge\n|-damage|p2b: Armarouge|22\/100\n|move|p2b: Armarouge|Expanding Force|p1b: Manaphy|[spread] p1b\n|-immune|p1a: Chien-Pao\n|-crit|p1b: Manaphy\n|-damage|p1b: Manaphy|0 fnt\n|faint|p1b: Manaphy\n|\n|upkeep\n|\n|t:|1697813496\n|switch|p1b: Espathra|Espathra, F|100\/100\n|switch|p2a: Sinistcha|Sinistcha-Masterpiece, shiny|100\/100\n|turn|2\n|\n|t:|1697813515\n|-terastallize|p2a: Sinistcha|Grass\n|move|p1b: Espathra|Protect|p1b: Espathra\n|-singleturn|p1b: Espathra|Protect\n|move|p1a: Chien-Pao|Crunch|p2b: Armarouge\n|-supereffective|p2b: Armarouge\n|-damage|p2b: Armarouge|0 fnt\n|faint|p2b: Armarouge\n|move|p2a: Sinistcha|Trick Room|p2a: Sinistcha\n|-fieldstart|move: Trick Room|[of] p2a: Sinistcha\n|\n|-ability|p1b: Espathra|Speed Boost|boost\n|-boost|p1b: Espathra|spe|1\n|upkeep\n|\n|t:|1697813529\n|switch|p2b: Iron Hands|Iron Hands, shiny|100\/100\n|turn|3\n|\n|t:|1697813544\n|-terastallize|p1a: Chien-Pao|Ghost\n|move|p2b: Iron Hands|Drain Punch|p1a: Chien-Pao\n|-immune|p1a: Chien-Pao\n|move|p2a: Sinistcha|Matcha Gotcha|p1b: Espathra|[spread] p1a,p1b\n|-damage|p1a: Chien-Pao|48\/100\n|-damage|p1b: Espathra|60\/100\n|-status|p1a: Chien-Pao|brn\n|-enditem|p1b: Espathra|Red Card|[of] p2a: Sinistcha\n|drag|p2a: Rillaboom|Rillaboom, F, shiny|100\/100\n|-fieldstart|move: Grassy Terrain|[from] ability: Grassy Surge|[of] p2a: Rillaboom\n|move|p1b: Espathra|Lumina Crash|p2b: Iron Hands\n|-supereffective|p2b: Iron Hands\n|-damage|p2b: Iron Hands|46\/100\n|-unboost|p2b: Iron Hands|spd|2\n|-enditem|p2b: Iron Hands|Sitrus Berry|[eat]\n|-heal|p2b: Iron Hands|71\/100|[from] item: Sitrus Berry\n|move|p1a: Chien-Pao|Crunch|p2a: Rillaboom\n|-damage|p2a: Rillaboom|76\/100\n|\n|-heal|p2b: Iron Hands|77\/100|[from] Grassy Terrain\n|-heal|p2a: Rillaboom|82\/100|[from] Grassy Terrain\n|-heal|p1b: Espathra|66\/100|[from] Grassy Terrain\n|-heal|p1a: Chien-Pao|54\/100 brn|[from] Grassy Terrain\n|-damage|p1a: Chien-Pao|48\/100 brn|[from] brn\n|-ability|p1b: Espathra|Speed Boost|boost\n|-boost|p1b: Espathra|spe|1\n|upkeep\n|turn|4\n|inactive|qwqag has 120 seconds left.\n|\n|t:|1697813596\n|move|p2a: Rillaboom|Grassy Glide|p1b: Espathra\n|-damage|p1b: Espathra|0 fnt\n|faint|p1b: Espathra\n|-damage|p2a: Rillaboom|73\/100|[from] item: Life Orb\n|move|p2b: Iron Hands|Ice Punch|p1a: Chien-Pao\n|-damage|p1a: Chien-Pao|17\/100 brn\n|move|p1a: Chien-Pao|Crunch|p2a: Rillaboom\n|-damage|p2a: Rillaboom|48\/100\n|\n|-heal|p2b: Iron Hands|83\/100|[from] Grassy Terrain\n|-heal|p2a: Rillaboom|54\/100|[from] Grassy Terrain\n|-heal|p1a: Chien-Pao|23\/100 brn|[from] Grassy Terrain\n|-damage|p1a: Chien-Pao|17\/100 brn|[from] brn\n|upkeep\n|\n|t:|1697813610\n|switch|p1b: Ogerpon|Ogerpon-Hearthflame, F|100\/100\n|-ability|p1b: Ogerpon|Mold Breaker\n|turn|5\n|inactive|qwqag has 120 seconds left.\n|\n|t:|1697813634\n|move|p1b: Ogerpon|Spiky Shield|p1b: Ogerpon\n|-singleturn|p1b: Ogerpon|move: Protect\n|move|p2b: Iron Hands|Rock Slide|p1a: Chien-Pao|[spread] p1a\n|-activate|p1b: Ogerpon|move: Protect\n|-damage|p1a: Chien-Pao|0 fnt\n|faint|p1a: Chien-Pao\n|move|p2a: Rillaboom|High Horsepower|p1b: Ogerpon\n|-activate|p1b: Ogerpon|move: Protect\n|-damage|p2a: Rillaboom|42\/100|[from] Spiky Shield|[of] p1b: Ogerpon\n|\n|-heal|p2b: Iron Hands|90\/100|[from] Grassy Terrain\n|-heal|p2a: Rillaboom|48\/100|[from] Grassy Terrain\n|upkeep\n|\n|t:|1697813647\n|switch|p1a: Ursaluna|Ursaluna-Bloodmoon, M|100\/100\n|turn|6\n|\n|t:|1697813669\n|move|p2a: Rillaboom|Grassy Glide|p1a: Ursaluna\n|-supereffective|p1a: Ursaluna\n|-damage|p1a: Ursaluna|35\/100\n|-damage|p2a: Rillaboom|38\/100|[from] item: Life Orb\n|move|p2b: Iron Hands|Ice Punch|p1a: Ursaluna\n|-supereffective|p1a: Ursaluna\n|-damage|p1a: Ursaluna|4\/100\n|move|p1a: Ursaluna|Moonblast|p2b: Iron Hands\n|-supereffective|p2b: Iron Hands\n|-damage|p2b: Iron Hands|0 fnt\n|faint|p2b: Iron Hands\n|-end|p2b: Iron Hands|Quark Drive|[silent]\n|move|p1b: Ogerpon|Ivy Cudgel|p2a: Rillaboom\n|-supereffective|p2a: Rillaboom\n|-crit|p2a: Rillaboom\n|-damage|p2a: Rillaboom|0 fnt\n|faint|p2a: Rillaboom\n|\n|-heal|p1a: Ursaluna|10\/100|[from] Grassy Terrain\n|-fieldend|move: Trick Room\n|upkeep\n|inactive|qwqag has 120 seconds left.\n|\n|t:|1697813688\n|switch|p2a: Torkoal|Torkoal, F, shiny|100\/100\n|switch|p2b: Sinistcha|Sinistcha-Masterpiece, shiny, tera:Grass|100\/100\n|-weather|SunnyDay|[from] ability: Drought|[of] p2a: Torkoal\n|turn|7\n|\n|t:|1697813707\n|move|p1b: Ogerpon|Ivy Cudgel|p2b: Sinistcha\n|-supereffective|p2b: Sinistcha\n|-damage|p2b: Sinistcha|0 fnt\n|faint|p2b: Sinistcha\n|move|p1a: Ursaluna|Earth Power|p2a: Torkoal\n|-supereffective|p2a: Torkoal\n|-damage|p2a: Torkoal|0 fnt\n|faint|p2a: Torkoal\n|\n|win|cotesmcgotes\n|raw|cotesmcgotes's rating: 1366 &rarr; <strong>1391<\/strong><br \/>(+25 for winning)\n|raw|qwqag's rating: 1455 &rarr; <strong>1430<\/strong><br \/>(-25 for losing)\n","uploadtime":1697813716,"views":12,"p1id":"cotesmcgotes","p2id":"qwqag","formatid":"gen9doublesou","rating":1391,"private":0,"password":""}