{"id":"gen9doublesou-1988322791","p1":"Shinra92","p2":"AngstyCrit","format":"[Gen 9] Doubles OU","log":"|j|\u2606Shinra92\n|j|\u2606AngstyCrit\n|t:|1699708406\n|gametype|doubles\n|player|p1|Shinra92|2|1004\n|player|p2|AngstyCrit|2|1081\n|teamsize|p1|6\n|teamsize|p2|6\n|gen|9\n|tier|[Gen 9] Doubles OU\n|rated|\n|rule|Species Clause: Limit one of each Pok\u00e9mon\n|rule|OHKO Clause: OHKO moves are banned\n|rule|Evasion Moves Clause: Evasion moves are banned\n|rule|Gravity Sleep Clause: The combination of sleep-inducing moves with imperfect accuracy and Gravity or Gigantamax Orbeetle are banned\n|rule|Endless Battle Clause: Forcing endless battles is banned\n|rule|HP Percentage Mod: HP is shown in percentages\n|clearpoke\n|poke|p1|Infernape, M|\n|poke|p1|Ninetales, F|\n|poke|p1|Armarouge, M|\n|poke|p1|Torkoal, M|\n|poke|p1|Typhlosion-Hisui, M|\n|poke|p1|Arcanine-Hisui, M|\n|poke|p2|Sylveon, M|\n|poke|p2|Clefable, M|\n|poke|p2|Slowbro-Galar, M|\n|poke|p2|Quagsire, M|\n|poke|p2|Oricorio-Pa'u, F|\n|poke|p2|Dragonair, M|\n|teampreview\n|\n|t:|1699708415\n|start\n|switch|p1a: Ninetales|Ninetales, F|100\/100\n|switch|p1b: Typhlosion|Typhlosion-Hisui, M, shiny|100\/100\n|switch|p2a: Slowbro|Slowbro-Galar, M|100\/100\n|switch|p2b: Quagsire|Quagsire, M, shiny|100\/100\n|-item|p2a: Slowbro|Poison Barb|[from] ability: Frisk|[of] p1b: Typhlosion|[identify]\n|-item|p2b: Quagsire|Weakness Policy|[from] ability: Frisk|[of] p1b: Typhlosion|[identify]\n|-weather|SunnyDay|[from] ability: Drought|[of] p1a: Ninetales\n|turn|1\n|\n|t:|1699708433\n|move|p1a: Ninetales|Helping Hand|p1b: Typhlosion\n|-singleturn|p1b: Typhlosion|Helping Hand|[of] p1a: Ninetales\n|move|p1b: Typhlosion|Eruption|p2b: Quagsire|[spread] p2a,p2b\n|-resisted|p2b: Quagsire\n|-damage|p2a: Slowbro|0 fnt\n|-damage|p2b: Quagsire|10\/100\n|faint|p2a: Slowbro\n|move|p2b: Quagsire|Toxic Spikes|p1a: Ninetales\n|-sidestart|p1: Shinra92|move: Toxic Spikes\n|\n|-weather|SunnyDay|[upkeep]\n|upkeep\n|\n|t:|1699708445\n|switch|p2a: Oricorio|Oricorio-Pa'u, F|100\/100\n|turn|2\n|\n|t:|1699708450\n|move|p1b: Typhlosion|Eruption|p2b: Quagsire|[spread] p2a,p2b\n|-resisted|p2b: Quagsire\n|-damage|p2a: Oricorio|0 fnt\n|-damage|p2b: Quagsire|0 fnt\n|faint|p2a: Oricorio\n|faint|p2b: Quagsire\n|move|p1a: Ninetales|Encore|p2: Oricorio|[notarget]\n|-fail|p1a: Ninetales\n|\n|-weather|SunnyDay|[upkeep]\n|upkeep\n|\n|t:|1699708462\n|switch|p2a: Sylveon|Sylveon, M|100\/100\n|switch|p2b: Clefable|Clefable, M|100\/100\n|turn|3\n|\n|t:|1699708491\n|-terastallize|p2a: Sylveon|Fairy\n|move|p1a: Ninetales|Helping Hand|p1b: Typhlosion\n|-singleturn|p1b: Typhlosion|Helping Hand|[of] p1a: Ninetales\n|move|p2b: Clefable|Follow Me|p2b: Clefable\n|-singleturn|p2b: Clefable|move: Follow Me\n|move|p1b: Typhlosion|Eruption|p2a: Sylveon|[spread] p2a,p2b\n|-crit|p2b: Clefable\n|-damage|p2a: Sylveon|6\/100\n|-damage|p2b: Clefable|0 fnt\n|faint|p2b: Clefable\n|move|p2a: Sylveon|Hyper Voice|p1a: Ninetales|[spread] p1a,p1b\n|-resisted|p1a: Ninetales\n|-resisted|p1b: Typhlosion\n|-damage|p1a: Ninetales|70\/100\n|-damage|p1b: Typhlosion|59\/100\n|\n|-weather|SunnyDay|[upkeep]\n|upkeep\n|\n|t:|1699708505\n|switch|p2b: Dragonair|Dragonair, M, shiny|100\/100\n|turn|4\n|\n|t:|1699708514\n|move|p1a: Ninetales|Helping Hand|p1b: Typhlosion\n|-singleturn|p1b: Typhlosion|Helping Hand|[of] p1a: Ninetales\n|move|p1b: Typhlosion|Eruption|p2b: Dragonair|[spread] p2a,p2b\n|-resisted|p2b: Dragonair\n|-damage|p2a: Sylveon|0 fnt\n|-damage|p2b: Dragonair|65\/100\n|faint|p2a: Sylveon\n|move|p2b: Dragonair|Dragon Dance|p2b: Dragonair\n|-boost|p2b: Dragonair|atk|1\n|-boost|p2b: Dragonair|spe|1\n|\n|-weather|SunnyDay|[upkeep]\n|upkeep\n|turn|5\n|\n|t:|1699708532\n|move|p1a: Ninetales|Protect|p1a: Ninetales\n|-singleturn|p1a: Ninetales|Protect\n|move|p1b: Typhlosion|Eruption|p2b: Dragonair\n|-resisted|p2b: Dragonair\n|-crit|p2b: Dragonair\n|-damage|p2b: Dragonair|19\/100\n|move|p2b: Dragonair|Scale Shot|p1b: Typhlosion\n|-damage|p1b: Typhlosion|40\/100\n|-damage|p1b: Typhlosion|23\/100\n|-hitcount|p1b: Typhlosion|2\n|-unboost|p2b: Dragonair|def|1\n|-boost|p2b: Dragonair|spe|1\n|\n|-weather|SunnyDay|[upkeep]\n|upkeep\n|turn|6\n|\n|t:|1699708553\n|move|p1a: Ninetales|Helping Hand|p1b: Typhlosion\n|-singleturn|p1b: Typhlosion|Helping Hand|[of] p1a: Ninetales\n|move|p2b: Dragonair|Extreme Speed|p1b: Typhlosion\n|-immune|p1b: Typhlosion\n|move|p1b: Typhlosion|Eruption|p2b: Dragonair\n|-resisted|p2b: Dragonair\n|-damage|p2b: Dragonair|0 fnt\n|faint|p2b: Dragonair\n|\n|win|Shinra92\n|raw|Shinra92's rating: 1004 &rarr; <strong>1052<\/strong><br \/>(+48 for winning)\n|raw|AngstyCrit's rating: 1081 &rarr; <strong>1054<\/strong><br \/>(-27 for losing)\n|l|\u2606AngstyCrit\n","uploadtime":1699708574,"views":7,"p1id":"shinra92","p2id":"angstycrit","formatid":"gen9doublesou","rating":1052,"private":0,"password":""}