{"id":"gen9doublesou-1997289874","p1":"Eclipse_Deathb","p2":"MattCol","format":"[Gen 9] Doubles OU","log":"|j|\u2606Eclipse_Deathb\n|j|\u2606MattCol\n|t:|1700785217\n|gametype|doubles\n|player|p1|Eclipse_Deathb|169|1057\n|player|p2|MattCol|1|1119\n|teamsize|p1|6\n|teamsize|p2|6\n|gen|9\n|tier|[Gen 9] Doubles OU\n|rated|\n|rule|Species Clause: Limit one of each Pok\u00e9mon\n|rule|OHKO Clause: OHKO moves are banned\n|rule|Evasion Moves Clause: Evasion moves are banned\n|rule|Gravity Sleep Clause: The combination of sleep-inducing moves with imperfect accuracy and Gravity or Gigantamax Orbeetle are banned\n|rule|Endless Battle Clause: Forcing endless battles is banned\n|rule|HP Percentage Mod: HP is shown in percentages\n|clearpoke\n|poke|p1|Politoed, F|\n|poke|p1|Iron Moth|\n|poke|p1|Mew|\n|poke|p1|Florges, L19, F|\n|poke|p1|Basculegion-F, L1, F|\n|poke|p1|Salazzle, L8, F|\n|poke|p2|Quaquaval, F|\n|poke|p2|Baxcalibur, F|\n|poke|p2|Cinderace, F|\n|poke|p2|Slowbro-Galar, F|\n|poke|p2|Zarude-Dada|\n|poke|p2|Pelipper, M|\n|teampreview\n|\n|t:|1700785225\n|start\n|switch|p1a: Florges|Florges, L19, F, shiny|100\/100\n|switch|p1b: Politoed|Politoed, F|100\/100\n|switch|p2a: Cinderace|Cinderace, F|100\/100\n|switch|p2b: Slowbro|Slowbro-Galar, F|100\/100\n|turn|1\n|\n|t:|1700785245\n|move|p1b: Politoed|Endeavor|p2b: Slowbro\n|-damage|p2b: Slowbro|82\/100\n|move|p2a: Cinderace|U-turn|p1a: Florges\n|-start|p2a: Cinderace|typechange|Bug|[from] ability: Libero\n|-resisted|p1a: Florges\n|-enditem|p1a: Florges|Focus Sash\n|-damage|p1a: Florges|2\/100\n|\n|t:|1700785255\n|switch|p2a: Pelipper|Pelipper, M|100\/100|[from] U-turn\n|-weather|RainDance|[from] ability: Drizzle|[of] p2a: Pelipper\n|move|p2b: Slowbro|Nasty Plot|p2b: Slowbro\n|-boost|p2b: Slowbro|spa|2\n|move|p1a: Florges|Endeavor|p2a: Pelipper\n|-damage|p2a: Pelipper|1\/100\n|-enditem|p2a: Pelipper|Eject Button\n|\n|t:|1700785267\n|switch|p2a: Quaquaval|Quaquaval, F|100\/100\n|\n|-weather|RainDance|[upkeep]\n|upkeep\n|turn|2\n|\n|t:|1700785286\n|move|p1b: Politoed|Endeavor|p2a: Quaquaval\n|-immune|p2a: Quaquaval\n|move|p2a: Quaquaval|Aqua Step|p1a: Florges\n|-damage|p1a: Florges|0 fnt\n|-boost|p2a: Quaquaval|spe|1\n|faint|p1a: Florges\n|-ability|p2a: Quaquaval|Moxie|boost\n|-boost|p2a: Quaquaval|atk|1\n|move|p2b: Slowbro|Shell Side Arm|p1b: Politoed|[anim] Shell Side Arm Special\n|-damage|p1b: Politoed|13\/100\n|-hint|Special Shell Side Arm\n|\n|-weather|RainDance|[upkeep]\n|upkeep\n|\n|t:|1700785331\n|switch|p1a: Basculegion|Basculegion-F, L1, F|100\/100\n|-ability|p1a: Basculegion|Mold Breaker\n|turn|3\n|-activate|p2b: Slowbro|ability: Quick Draw\n|\n|t:|1700785350\n|switch|p1b: Salazzle|Salazzle, L8, F|100\/100\n|move|p2b: Slowbro|Shell Side Arm|p1a: Basculegion|[anim] Shell Side Arm Special\n|-resisted|p1a: Basculegion\n|-enditem|p1a: Basculegion|Focus Sash\n|-damage|p1a: Basculegion|8\/100\n|-hint|Special Shell Side Arm\n|move|p2a: Quaquaval|Aqua Step|p1b: Salazzle\n|-supereffective|p1b: Salazzle\n|-enditem|p1b: Salazzle|Focus Sash\n|-damage|p1b: Salazzle|4\/100\n|-boost|p2a: Quaquaval|spe|1\n|move|p1a: Basculegion|Endeavor|p2a: Quaquaval\n|-damage|p2a: Quaquaval|1\/100\n|\n|-weather|RainDance|[upkeep]\n|-heal|p2a: Quaquaval|7\/100|[from] item: Leftovers\n|upkeep\n|turn|4\n|-activate|p2b: Slowbro|ability: Quick Draw\n|\n|t:|1700785382\n|move|p2b: Slowbro|Shell Side Arm|p1a: Basculegion|[anim] Shell Side Arm Special\n|-resisted|p1a: Basculegion\n|-damage|p1a: Basculegion|0 fnt\n|-hint|Special Shell Side Arm\n|faint|p1a: Basculegion\n|move|p2a: Quaquaval|Aqua Step|p1b: Salazzle\n|-supereffective|p1b: Salazzle\n|-damage|p1b: Salazzle|0 fnt\n|-boost|p2a: Quaquaval|spe|1\n|faint|p1b: Salazzle\n|-ability|p2a: Quaquaval|Moxie|boost\n|-boost|p2a: Quaquaval|atk|1\n|\n|-weather|RainDance|[upkeep]\n|-heal|p2a: Quaquaval|13\/100|[from] item: Leftovers\n|upkeep\n|\n|t:|1700785415\n|switch|p1b: Iron Moth|Iron Moth|100\/100\n|switch|p1a: Politoed|Politoed, F|13\/100\n|turn|5\n|-activate|p2b: Slowbro|item: Quick Claw\n|\n|t:|1700785425\n|move|p2b: Slowbro|Psychic|p1a: Politoed\n|-damage|p1a: Politoed|0 fnt\n|faint|p1a: Politoed\n|move|p2a: Quaquaval|Aqua Step|p1b: Iron Moth\n|-supereffective|p1b: Iron Moth\n|-damage|p1b: Iron Moth|0 fnt\n|-boost|p2a: Quaquaval|spe|1\n|faint|p1b: Iron Moth\n|-end|p1b: Iron Moth|Quark Drive|[silent]\n|-ability|p2a: Quaquaval|Moxie|boost\n|-boost|p2a: Quaquaval|atk|1\n|\n|-weather|none\n|-heal|p2a: Quaquaval|19\/100|[from] item: Leftovers\n|upkeep\n|inactive|Battle timer is ON: inactive players will automatically lose when time's up. (requested by Eclipse_Deathb)\n|\n|t:|1700785439\n|switch|p1b: Mew|Mew|100\/100\n|turn|6\n|-activate|p2b: Slowbro|item: Quick Claw\n|\n|t:|1700785452\n|-terastallize|p1b: Mew|Psychic\n|move|p2b: Slowbro|Shell Side Arm|p1b: Mew|[anim] Shell Side Arm Special\n|-damage|p1b: Mew|47\/100\n|-hint|Special Shell Side Arm\n|move|p2a: Quaquaval|Close Combat|p1b: Mew\n|-resisted|p1b: Mew\n|-damage|p1b: Mew|0 fnt\n|-unboost|p2a: Quaquaval|def|1\n|-unboost|p2a: Quaquaval|spd|1\n|faint|p1b: Mew\n|\n|win|MattCol\n|raw|Eclipse_Deathb's rating: 1057 &rarr; <strong>1042<\/strong><br \/>(-15 for losing)\n|raw|MattCol's rating: 1119 &rarr; <strong>1140<\/strong><br \/>(+21 for winning)\n","uploadtime":1700785471,"views":5,"p1id":"eclipsedeathb","p2id":"mattcol","formatid":"gen9doublesou","rating":1042,"private":0,"password":""}