{"id":"gen9doublesou-1996254179","p1":"Tidal215","p2":"Jimehhh","format":"[Gen 9] Doubles OU","log":"|j|\u2606Tidal215\n|j|\u2606Jimehhh\n|t:|1700664376\n|gametype|doubles\n|player|p1|Tidal215|plasmagruntf|1250\n|player|p2|Jimehhh|guzma|1207\n|teamsize|p1|6\n|teamsize|p2|6\n|gen|9\n|tier|[Gen 9] Doubles OU\n|rated|\n|rule|Species Clause: Limit one of each Pok\u00e9mon\n|rule|OHKO Clause: OHKO moves are banned\n|rule|Evasion Moves Clause: Evasion moves are banned\n|rule|Gravity Sleep Clause: The combination of sleep-inducing moves with imperfect accuracy and Gravity or Gigantamax Orbeetle are banned\n|rule|Endless Battle Clause: Forcing endless battles is banned\n|rule|HP Percentage Mod: HP is shown in percentages\n|clearpoke\n|poke|p1|Gholdengo|\n|poke|p1|Politoed, M|\n|poke|p1|Thundurus-Therian, M|\n|poke|p1|Overqwil, F|\n|poke|p1|Articuno-Galar|\n|poke|p1|Great Tusk|\n|poke|p2|Goodra, F|\n|poke|p2|Sinistcha-Masterpiece|\n|poke|p2|Diancie|\n|poke|p2|Pincurchin, M|\n|poke|p2|Lilligant-Hisui, F|\n|poke|p2|Farigiraf, M|\n|teampreview\n|inactive|Battle timer is ON: inactive players will automatically lose when time's up. (requested by Jimehhh)\n|\n|t:|1700664396\n|start\n|switch|p1a: Kermit|Politoed, M|100\/100\n|switch|p1b: Overqwil|Overqwil, F|100\/100\n|switch|p2a: Farigiraf|Farigiraf, M|100\/100\n|switch|p2b: Goodra|Goodra, F, shiny|100\/100\n|-weather|RainDance|[from] ability: Drizzle|[of] p1a: Kermit\n|turn|1\n|\n|t:|1700664421\n|move|p1b: Overqwil|Toxic Spikes|p2a: Farigiraf\n|-sidestart|p2: Jimehhh|move: Toxic Spikes\n|move|p2b: Goodra|Curse|p2b: Goodra\n|-unboost|p2b: Goodra|spe|1\n|-boost|p2b: Goodra|atk|1\n|-boost|p2b: Goodra|def|1\n|move|p1a: Kermit|Muddy Water|p2b: Goodra|[spread] p2a\n|-miss|p1a: Kermit|p2b: Goodra\n|-damage|p2a: Farigiraf|80\/100\n|-unboost|p2a: Farigiraf|accuracy|1\n|move|p2a: Farigiraf|Trick Room|p2a: Farigiraf\n|-fieldstart|move: Trick Room|[of] p2a: Farigiraf\n|\n|-weather|RainDance|[upkeep]\n|upkeep\n|turn|2\n|\n|t:|1700664443\n|move|p2b: Goodra|Curse|p2b: Goodra\n|-unboost|p2b: Goodra|spe|1\n|-boost|p2b: Goodra|atk|1\n|-boost|p2b: Goodra|def|1\n|move|p2a: Farigiraf|Light Screen|p2a: Farigiraf\n|-sidestart|p2: Jimehhh|move: Light Screen\n|move|p1a: Kermit|Encore|p2a: Farigiraf\n|-start|p2a: Farigiraf|Encore\n|move|p1b: Overqwil|Toxic Spikes|p2b: Goodra\n|-sidestart|p2: Jimehhh|move: Toxic Spikes\n|\n|-weather|RainDance|[upkeep]\n|upkeep\n|turn|3\n|\n|t:|1700664464\n|switch|p2a: Lilligant|Lilligant-Hisui, F|100\/100\n|-status|p2a: Lilligant|tox\n|move|p2b: Goodra|Earthquake|p1a: Kermit|[spread] p2a,p1a,p1b\n|-resisted|p2a: Lilligant\n|-supereffective|p1b: Overqwil\n|-crit|p1b: Overqwil\n|-damage|p2a: Lilligant|66\/100 tox\n|-damage|p1a: Kermit|51\/100\n|-damage|p1b: Overqwil|0 fnt\n|faint|p1b: Overqwil\n|move|p1a: Kermit|Haze|p1a: Kermit\n|-clearallboost\n|\n|-weather|RainDance|[upkeep]\n|-damage|p2a: Lilligant|60\/100 tox|[from] psn\n|upkeep\n|\n|t:|1700664483\n|switch|p1b: Articuno|Articuno-Galar|100\/100\n|turn|4\n|inactive|Tidal215 has 120 seconds left.\n|\n|t:|1700664518\n|switch|p1a: Raijin|Thundurus-Therian, M|100\/100\n|-terastallize|p2b: Goodra|Water\n|move|p2b: Goodra|Aqua Tail|p1b: Articuno|[miss]\n|-miss|p2b: Goodra|p1b: Articuno\n|move|p1b: Articuno|Hurricane|p2b: Goodra\n|-damage|p2b: Goodra|77\/100\n|-start|p2b: Goodra|confusion\n|-enditem|p2b: Goodra|Lum Berry|[eat]\n|-end|p2b: Goodra|confusion\n|move|p2a: Lilligant|Petal Blizzard|p1b: Articuno|[spread] p1a,p1b\n|-ability|p2b: Goodra|Sap Sipper|boost\n|-boost|p2b: Goodra|atk|1\n|-resisted|p1a: Raijin\n|-resisted|p1b: Articuno\n|-damage|p1a: Raijin|52\/100\n|-damage|p1b: Articuno|64\/100\n|-damage|p2a: Lilligant|50\/100 tox|[from] item: Life Orb\n|\n|-weather|RainDance|[upkeep]\n|-heal|p1b: Articuno|70\/100|[from] item: Leftovers\n|-damage|p2a: Lilligant|38\/100 tox|[from] psn\n|upkeep\n|turn|5\n|inactive|Tidal215 has 120 seconds left.\n|\n|t:|1700664552\n|switch|p2a: Pincurchin|Pincurchin, M|100\/100\n|-status|p2a: Pincurchin|tox\n|move|p2b: Goodra|Curse|p2b: Goodra\n|-unboost|p2b: Goodra|spe|1\n|-boost|p2b: Goodra|atk|1\n|-boost|p2b: Goodra|def|1\n|move|p1b: Articuno|Hurricane|p2a: Pincurchin\n|-resisted|p2a: Pincurchin\n|-damage|p2a: Pincurchin|74\/100 tox\n|move|p1a: Raijin|Wildbolt Storm|p2b: Goodra|[spread] p2b\n|-ability|p2a: Pincurchin|Lightning Rod|boost\n|-boost|p2a: Pincurchin|spa|1\n|-supereffective|p2b: Goodra\n|-damage|p2b: Goodra|39\/100\n|\n|-weather|RainDance|[upkeep]\n|-heal|p1b: Articuno|77\/100|[from] item: Leftovers\n|-damage|p2a: Pincurchin|68\/100 tox|[from] psn\n|-fieldend|move: Trick Room\n|upkeep\n|turn|6\n|inactive|Tidal215 has 120 seconds left.\n|\n|t:|1700664574\n|move|p1a: Raijin|Wildbolt Storm|p2b: Goodra|[spread] p2b\n|-ability|p2a: Pincurchin|Lightning Rod|boost\n|-boost|p2a: Pincurchin|spa|1\n|-supereffective|p2b: Goodra\n|-damage|p2b: Goodra|2\/100\n|move|p1b: Articuno|Freezing Glare|p2a: Pincurchin\n|-damage|p2a: Pincurchin|28\/100 tox\n|move|p2b: Goodra|Life Dew|p2b: Goodra|[spread] p2a,p2b\n|-heal|p2a: Pincurchin|53\/100 tox\n|-heal|p2b: Goodra|27\/100\n|move|p2a: Pincurchin|Thunderbolt|p1a: Raijin\n|-heal|p1a: Raijin|77\/100|[from] ability: Volt Absorb|[of] p2a: Pincurchin\n|\n|-weather|RainDance|[upkeep]\n|-heal|p1b: Articuno|83\/100|[from] item: Leftovers\n|-damage|p2a: Pincurchin|41\/100 tox|[from] psn\n|-sideend|p2: Jimehhh|move: Light Screen\n|upkeep\n|turn|7\n|c|\u2606Jimehhh|weadsrfw\n|c|\u2606Jimehhh|fuck\n|c|\u2606Jimehhh|gg\n|-message|Jimehhh forfeited.\n|\n|win|Tidal215\n|raw|Tidal215's rating: 1250 &rarr; <strong>1272<\/strong><br \/>(+22 for winning)\n|raw|Jimehhh's rating: 1207 &rarr; <strong>1185<\/strong><br \/>(-22 for losing)\n|l|\u2606Jimehhh\n","uploadtime":1700664596,"views":2,"p1id":"tidal215","p2id":"jimehhh","formatid":"gen9doublesou","rating":1185,"private":0,"password":""}