{"id":"gen9doublesou-1987326507","p1":"agerdam","p2":"jared31899","format":"[Gen 9] Doubles OU","log":"|j|\u2606agerdam\n|j|\u2606jared31899\n|t:|1699577836\n|gametype|doubles\n|player|p1|agerdam|lucas|1502\n|player|p2|jared31899|265|1417\n|teamsize|p1|6\n|teamsize|p2|6\n|gen|9\n|tier|[Gen 9] Doubles OU\n|rated|\n|rule|Species Clause: Limit one of each Pok\u00e9mon\n|rule|OHKO Clause: OHKO moves are banned\n|rule|Evasion Moves Clause: Evasion moves are banned\n|rule|Gravity Sleep Clause: The combination of sleep-inducing moves with imperfect accuracy and Gravity or Gigantamax Orbeetle are banned\n|rule|Endless Battle Clause: Forcing endless battles is banned\n|rule|HP Percentage Mod: HP is shown in percentages\n|clearpoke\n|poke|p1|Kommo-o, M|\n|poke|p1|Ting-Lu|\n|poke|p1|Cresselia, F|\n|poke|p1|Landorus-Therian, M|\n|poke|p1|Sinistcha-Masterpiece|\n|poke|p1|Diancie|\n|poke|p2|Volcanion|\n|poke|p2|Regieleki|\n|poke|p2|Tornadus, M|\n|poke|p2|Amoonguss, F|\n|poke|p2|Ogerpon-Wellspring, F|\n|poke|p2|Basculegion-F, F|\n|teampreview\n|\n|t:|1699577846\n|start\n|switch|p1a: Landorus|Landorus-Therian, M|100\/100\n|switch|p1b: Diancie|Diancie|100\/100\n|switch|p2a: Regieleki|Regieleki, shiny|100\/100\n|switch|p2b: Tornadus|Tornadus, M|100\/100\n|-ability|p1a: Landorus|Intimidate|boost\n|-unboost|p2a: Regieleki|atk|1\n|-unboost|p2b: Tornadus|atk|1\n|turn|1\n|inactive|Battle timer is ON: inactive players will automatically lose when time's up. (requested by agerdam)\n|\n|t:|1699577858\n|-terastallize|p2a: Regieleki|Ice\n|move|p2b: Tornadus|Tailwind|p2b: Tornadus\n|-sidestart|p2: jared31899|move: Tailwind\n|move|p2a: Regieleki|Tera Blast|p1a: Landorus|[anim] Tera Blast Ice\n|-supereffective|p1a: Landorus\n|-damage|p1a: Landorus|0 fnt\n|faint|p1a: Landorus\n|move|p1b: Diancie|Diamond Storm|p2a: Regieleki|[spread] p2a,p2b\n|-supereffective|p2a: Regieleki\n|-crit|p2a: Regieleki\n|-supereffective|p2b: Tornadus\n|-damage|p2a: Regieleki|0 fnt\n|-damage|p2b: Tornadus|22\/100\n|faint|p2a: Regieleki\n|\n|-heal|p2b: Tornadus|28\/100|[from] item: Leftovers\n|upkeep\n|\n|t:|1699577875\n|switch|p2a: Amoonguss|Amoonguss, F, shiny|100\/100\n|switch|p1a: Ting-Lu|Ting-Lu|100\/100\n|-ability|p1a: Ting-Lu|Vessel of Ruin\n|turn|2\n|\n|t:|1699577893\n|switch|p2b: Ogerpon|Ogerpon-Wellspring, F|100\/100\n|move|p2a: Amoonguss|Toxic|p1a: Ting-Lu\n|-status|p1a: Ting-Lu|tox\n|move|p1b: Diancie|Diamond Storm|p2b: Ogerpon|[spread] p2a,p2b\n|-damage|p2a: Amoonguss|79\/100\n|-damage|p2b: Ogerpon|75\/100\n|-boost|p1b: Diancie|def|2\n|move|p1a: Ting-Lu|Stealth Rock|p2b: Ogerpon\n|-sidestart|p2: jared31899|move: Stealth Rock\n|\n|-damage|p1a: Ting-Lu|94\/100 tox|[from] psn\n|upkeep\n|turn|3\n|\n|t:|1699577909\n|switch|p1a: Sinistcha|Sinistcha-Masterpiece|100\/100\n|move|p2b: Ogerpon|Swords Dance|p2b: Ogerpon\n|-boost|p2b: Ogerpon|atk|2\n|move|p2a: Amoonguss|Spore|p1b: Diancie\n|-status|p1b: Diancie|slp|[from] move: Spore\n|cant|p1b: Diancie|slp\n|\n|upkeep\n|turn|4\n|\n|t:|1699577927\n|switch|p1b: Kommo-o|Kommo-o, M|100\/100\n|move|p2b: Ogerpon|Ivy Cudgel|p1b: Kommo-o\n|-resisted|p1b: Kommo-o\n|-damage|p1b: Kommo-o|59\/100\n|move|p2a: Amoonguss|Pollen Puff|p1a: Sinistcha\n|-damage|p1a: Sinistcha|77\/100\n|move|p1a: Sinistcha|Strength Sap|p2b: Ogerpon\n|-unboost|p2b: Ogerpon|atk|1\n|-heal|p1a: Sinistcha|100\/100\n|\n|-sideend|p2: jared31899|move: Tailwind\n|upkeep\n|turn|5\n|\n|t:|1699577947\n|move|p2b: Ogerpon|Ivy Cudgel|p1b: Kommo-o\n|-resisted|p1b: Kommo-o\n|-damage|p1b: Kommo-o|29\/100\n|move|p1b: Kommo-o|Clangorous Soul||[still]\n|-fail|p1b: Kommo-o\n|move|p1a: Sinistcha|Strength Sap|p2b: Ogerpon\n|-unboost|p2b: Ogerpon|atk|1\n|move|p2a: Amoonguss|Spore|p1b: Kommo-o\n|-immune|p1b: Kommo-o|[from] ability: Overcoat\n|\n|upkeep\n|turn|6\n|\n|t:|1699577968\n|move|p1b: Kommo-o|Protect|p1b: Kommo-o\n|-singleturn|p1b: Kommo-o|Protect\n|move|p2b: Ogerpon|Ivy Cudgel|p1b: Kommo-o\n|-activate|p1b: Kommo-o|move: Protect\n|move|p1a: Sinistcha|Calm Mind|p1a: Sinistcha\n|-boost|p1a: Sinistcha|spa|1\n|-boost|p1a: Sinistcha|spd|1\n|move|p2a: Amoonguss|Pollen Puff|p2b: Ogerpon\n|-heal|p2b: Ogerpon|100\/100\n|\n|upkeep\n|turn|7\n|\n|t:|1699577986\n|move|p2b: Ogerpon|Ivy Cudgel|p1b: Kommo-o\n|-resisted|p1b: Kommo-o\n|-damage|p1b: Kommo-o|8\/100\n|move|p1b: Kommo-o|Drain Punch|p2b: Ogerpon\n|-damage|p2b: Ogerpon|72\/100\n|-heal|p1b: Kommo-o|23\/100|[from] drain|[of] p2b: Ogerpon\n|move|p1a: Sinistcha|Calm Mind|p1a: Sinistcha\n|-boost|p1a: Sinistcha|spa|1\n|-boost|p1a: Sinistcha|spd|1\n|move|p2a: Amoonguss|Toxic|p1a: Sinistcha\n|-status|p1a: Sinistcha|tox\n|\n|-damage|p1a: Sinistcha|94\/100 tox|[from] psn\n|upkeep\n|turn|8\n|\n|t:|1699578004\n|move|p2b: Ogerpon|Ivy Cudgel|p1b: Kommo-o\n|-resisted|p1b: Kommo-o\n|-damage|p1b: Kommo-o|2\/100\n|move|p1b: Kommo-o|Drain Punch|p2b: Ogerpon\n|-damage|p2b: Ogerpon|44\/100\n|-heal|p1b: Kommo-o|16\/100|[from] drain|[of] p2b: Ogerpon\n|move|p1a: Sinistcha|Calm Mind|p1a: Sinistcha\n|-boost|p1a: Sinistcha|spa|1\n|-boost|p1a: Sinistcha|spd|1\n|move|p2a: Amoonguss|Pollen Puff|p1b: Kommo-o\n|-resisted|p1b: Kommo-o\n|-damage|p1b: Kommo-o|7\/100\n|\n|-heal|p1a: Sinistcha|100\/100 tox|[from] item: Leftovers\n|-damage|p1a: Sinistcha|88\/100 tox|[from] psn\n|upkeep\n|turn|9\n|\n|t:|1699578021\n|switch|p1b: Cresselia|Cresselia, F|100\/100\n|move|p2b: Ogerpon|Ivy Cudgel|p1b: Cresselia\n|-damage|p1b: Cresselia|71\/100\n|move|p1a: Sinistcha|Matcha Gotcha|p2b: Ogerpon|[spread] p2a,p2b\n|-resisted|p2a: Amoonguss\n|-damage|p2a: Amoonguss|65\/100\n|-heal|p1a: Sinistcha|96\/100 tox|[from] drain|[of] p2a: Amoonguss\n|-damage|p2b: Ogerpon|0 fnt\n|-heal|p1a: Sinistcha|100\/100 tox|[from] drain|[of] p2b: Ogerpon\n|faint|p2b: Ogerpon\n|move|p2a: Amoonguss|Pollen Puff|p2: Ogerpon|[notarget]\n|-fail|p2a: Amoonguss\n|\n|-heal|p1b: Cresselia|77\/100|[from] item: Leftovers\n|-damage|p1a: Sinistcha|82\/100 tox|[from] psn\n|upkeep\n|\n|t:|1699578034\n|switch|p2b: Basculegion|Basculegion-F, F|100\/100\n|-damage|p2b: Basculegion|88\/100|[from] Stealth Rock\n|turn|10\n|\n|t:|1699578046\n|switch|p1a: Diancie|Diancie|100\/100 slp\n|move|p2b: Basculegion|Last Respects|p1a: Diancie\n|-damage|p1a: Diancie|35\/100 slp\n|move|p1b: Cresselia|Lunar Blessing|p1b: Cresselia|[spread] p1a,p1b\n|-heal|p1a: Diancie|60\/100 slp\n|-curestatus|p1a: Diancie|slp|[msg]\n|-heal|p1b: Cresselia|100\/100\n|move|p2a: Amoonguss|Spore|p1b: Cresselia\n|-status|p1b: Cresselia|slp|[from] move: Spore\n|\n|-heal|p1a: Diancie|67\/100|[from] item: Leftovers\n|upkeep\n|turn|11\n|\n|t:|1699578068\n|move|p2b: Basculegion|Last Respects|p1b: Cresselia\n|-supereffective|p1b: Cresselia\n|-damage|p1b: Cresselia|10\/100 slp\n|cant|p1b: Cresselia|slp\n|move|p1a: Diancie|Diamond Storm|p2a: Amoonguss|[spread] p2a,p2b\n|-damage|p2a: Amoonguss|45\/100\n|-damage|p2b: Basculegion|54\/100\n|-boost|p1a: Diancie|def|2\n|move|p2a: Amoonguss|Spore|p1a: Diancie\n|-status|p1a: Diancie|slp|[from] move: Spore\n|\n|-heal|p1b: Cresselia|16\/100 slp|[from] item: Leftovers\n|-heal|p1a: Diancie|73\/100 slp|[from] item: Leftovers\n|upkeep\n|turn|12\n|\n|t:|1699578085\n|move|p2b: Basculegion|Last Respects|p1a: Diancie\n|-damage|p1a: Diancie|39\/100 slp\n|cant|p1b: Cresselia|slp\n|cant|p1a: Diancie|slp\n|move|p2a: Amoonguss|Pollen Puff|p2b: Basculegion\n|-heal|p2b: Basculegion|100\/100\n|\n|-heal|p1b: Cresselia|22\/100 slp|[from] item: Leftovers\n|-heal|p1a: Diancie|46\/100 slp|[from] item: Leftovers\n|upkeep\n|turn|13\n|\n|t:|1699578096\n|move|p2b: Basculegion|Last Respects|p1a: Diancie\n|-damage|p1a: Diancie|11\/100 slp\n|-curestatus|p1b: Cresselia|slp|[msg]\n|move|p1b: Cresselia|Lunar Blessing|p1b: Cresselia|[spread] p1a,p1b\n|-heal|p1a: Diancie|36\/100 slp\n|-curestatus|p1a: Diancie|slp|[msg]\n|-heal|p1b: Cresselia|47\/100\n|move|p1a: Diancie|Diamond Storm|p2a: Amoonguss|[spread] p2a,p2b\n|-damage|p2a: Amoonguss|24\/100\n|-damage|p2b: Basculegion|69\/100\n|move|p2a: Amoonguss|Pollen Puff|p1b: Cresselia\n|-supereffective|p1b: Cresselia\n|-damage|p1b: Cresselia|21\/100\n|\n|-heal|p1b: Cresselia|27\/100|[from] item: Leftovers\n|-heal|p1a: Diancie|42\/100|[from] item: Leftovers\n|upkeep\n|turn|14\n|\n|t:|1699578118\n|switch|p1b: Ting-Lu|Ting-Lu|94\/100 tox\n|-ability|p1b: Ting-Lu|Vessel of Ruin\n|move|p2b: Basculegion|Last Respects|p1b: Ting-Lu\n|-resisted|p1b: Ting-Lu\n|-damage|p1b: Ting-Lu|71\/100 tox\n|move|p1a: Diancie|Diamond Storm|p2b: Basculegion|[spread] p2a,p2b\n|-damage|p2a: Amoonguss|2\/100\n|-damage|p2b: Basculegion|38\/100\n|-boost|p1a: Diancie|def|2\n|move|p2a: Amoonguss|Spore|p1a: Diancie\n|-status|p1a: Diancie|slp|[from] move: Spore\n|\n|-heal|p1a: Diancie|48\/100 slp|[from] item: Leftovers\n|-heal|p1b: Ting-Lu|77\/100 tox|[from] item: Leftovers\n|-damage|p1b: Ting-Lu|71\/100 tox|[from] psn\n|upkeep\n|turn|15\n|\n|t:|1699578137\n|move|p2b: Basculegion|Last Respects|p1a: Diancie\n|-damage|p1a: Diancie|26\/100 slp\n|cant|p1a: Diancie|slp\n|move|p1b: Ting-Lu|Throat Chop|p2a: Amoonguss\n|-damage|p2a: Amoonguss|0 fnt\n|faint|p2a: Amoonguss\n|\n|-heal|p1a: Diancie|33\/100 slp|[from] item: Leftovers\n|-heal|p1b: Ting-Lu|77\/100 tox|[from] item: Leftovers\n|-damage|p1b: Ting-Lu|64\/100 tox|[from] psn\n|upkeep\n|\n|t:|1699578145\n|switch|p2a: Tornadus|Tornadus, M|28\/100\n|-damage|p2a: Tornadus|3\/100|[from] Stealth Rock\n|turn|16\n|\n|t:|1699578175\n|switch|p2b: Volcanion|Volcanion|100\/100\n|-damage|p2b: Volcanion|76\/100|[from] Stealth Rock\n|move|p2a: Tornadus|Rain Dance|p2a: Tornadus\n|-weather|RainDance\n|cant|p1a: Diancie|slp\n|move|p1b: Ting-Lu|Stomping Tantrum|p2b: Volcanion\n|-supereffective|p2b: Volcanion\n|-damage|p2b: Volcanion|15\/100\n|\n|-weather|RainDance|[upkeep]\n|-heal|p2a: Tornadus|9\/100|[from] item: Leftovers\n|-heal|p1a: Diancie|39\/100 slp|[from] item: Leftovers\n|-heal|p1b: Ting-Lu|71\/100 tox|[from] item: Leftovers\n|-damage|p1b: Ting-Lu|52\/100 tox|[from] psn\n|upkeep\n|turn|17\n|\n|t:|1699578187\n|move|p2a: Tornadus|Bleakwind Storm|p1a: Diancie|[spread] p1a,p1b\n|-resisted|p1a: Diancie\n|-damage|p1a: Diancie|30\/100 slp\n|-damage|p1b: Ting-Lu|33\/100 tox\n|move|p2b: Volcanion|Steam Eruption|p1b: Ting-Lu\n|-supereffective|p1b: Ting-Lu\n|-damage|p1b: Ting-Lu|0 fnt\n|faint|p1b: Ting-Lu\n|-curestatus|p1a: Diancie|slp|[msg]\n|move|p1a: Diancie|Diamond Storm|p2b: Volcanion|[spread] p2a,p2b\n|-supereffective|p2a: Tornadus\n|-supereffective|p2b: Volcanion\n|-damage|p2a: Tornadus|0 fnt\n|-damage|p2b: Volcanion|0 fnt\n|faint|p2a: Tornadus\n|faint|p2b: Volcanion\n|\n|-weather|RainDance|[upkeep]\n|-heal|p1a: Diancie|36\/100|[from] item: Leftovers\n|upkeep\n|\n|t:|1699578199\n|switch|p2a: Basculegion|Basculegion-F, F|38\/100\n|switch|p1b: Sinistcha|Sinistcha-Masterpiece|82\/100 tox\n|-damage|p2a: Basculegion|26\/100|[from] Stealth Rock\n|-heal|p1a: Diancie|61\/100|[from] ability: Hospitality|[of] p1b: Sinistcha\n|turn|18\n|\n|t:|1699578205\n|switch|p1b: Kommo-o|Kommo-o, M|7\/100\n|-terastallize|p1a: Diancie|Water\n|move|p2a: Basculegion|Last Respects|p1b: Kommo-o\n|-damage|p1b: Kommo-o|0 fnt\n|faint|p1b: Kommo-o\n|move|p1a: Diancie|Diamond Storm|p2a: Basculegion\n|-crit|p2a: Basculegion\n|-damage|p2a: Basculegion|0 fnt\n|faint|p2a: Basculegion\n|\n|win|agerdam\n|raw|agerdam's rating: 1502 &rarr; <strong>1517<\/strong><br \/>(+15 for winning)\n|raw|jared31899's rating: 1417 &rarr; <strong>1402<\/strong><br \/>(-15 for losing)\n|l|\u2606jared31899\n","uploadtime":1699578264,"views":14,"p1id":"agerdam","p2id":"jared31899","formatid":"gen9doublesou","rating":1402,"private":0,"password":""}