{"id":"gen9doublesou-1978562525","p1":"Franchu7","p2":"JmasterSwag","format":"[Gen 9] Doubles OU","log":"|j|\u2606Franchu7\n|j|\u2606JmasterSwag\n|t:|1698556478\n|gametype|doubles\n|player|p1|Franchu7|drayden|1375\n|player|p2|JmasterSwag|bea|1403\n|teamsize|p1|6\n|teamsize|p2|6\n|gen|9\n|tier|[Gen 9] Doubles OU\n|rated|\n|rule|Species Clause: Limit one of each Pok\u00e9mon\n|rule|OHKO Clause: OHKO moves are banned\n|rule|Evasion Moves Clause: Evasion moves are banned\n|rule|Gravity Sleep Clause: The combination of sleep-inducing moves with imperfect accuracy and Gravity or Gigantamax Orbeetle are banned\n|rule|Endless Battle Clause: Forcing endless battles is banned\n|rule|HP Percentage Mod: HP is shown in percentages\n|clearpoke\n|poke|p1|Murkrow, M|\n|poke|p1|Landorus-Therian, M|\n|poke|p1|Gholdengo|\n|poke|p1|Ogerpon-Wellspring, F|\n|poke|p1|Chi-Yu|\n|poke|p1|Baxcalibur, M|\n|poke|p2|Glimmora, F|\n|poke|p2|Ogerpon-Hearthflame, F|\n|poke|p2|Sinistcha-Masterpiece|\n|poke|p2|Fezandipiti, M|\n|poke|p2|Walking Wake|\n|poke|p2|Ninetales, F|\n|teampreview\n|inactive|Battle timer is ON: inactive players will automatically lose when time's up. (requested by JmasterSwag)\n|c|\u2606JmasterSwag|hm?\n|c|\u2606JmasterSwag|my team is on your side lol\n|inactive|JmasterSwag has 120 seconds left.\n|\n|t:|1698556527\n|start\n|switch|p1a: Murkrow|Murkrow, M, shiny|100\/100\n|switch|p1b: Landorus|Landorus-Therian, M, shiny|100\/100\n|switch|p2a: Walking Wake|Walking Wake|100\/100\n|switch|p2b: Fezandipiti|Fezandipiti, M|100\/100\n|-ability|p1b: Landorus|Intimidate|boost\n|-unboost|p2a: Walking Wake|atk|1\n|-unboost|p2b: Fezandipiti|atk|1\n|turn|1\n|\n|t:|1698556549\n|move|p1a: Murkrow|Tailwind|p1a: Murkrow\n|-sidestart|p1: Franchu7|move: Tailwind\n|move|p1b: Landorus|Earthquake|p2a: Walking Wake|[spread] p2a,p2b\n|-immune|p1a: Murkrow\n|-supereffective|p2b: Fezandipiti\n|-damage|p2a: Walking Wake|34\/100\n|-damage|p2b: Fezandipiti|0 fnt\n|faint|p2b: Fezandipiti\n|-damage|p1b: Landorus|91\/100|[from] item: Life Orb\n|move|p2a: Walking Wake|Hydro Steam|p1b: Landorus\n|-supereffective|p1b: Landorus\n|-damage|p1b: Landorus|0 fnt\n|faint|p1b: Landorus\n|\n|upkeep\n|\n|t:|1698556567\n|switch|p2b: Sinistcha|Sinistcha-Masterpiece|100\/100\n|switch|p1b: Ogerpon|Ogerpon-Wellspring, F|100\/100\n|-heal|p2a: Walking Wake|58\/100|[from] ability: Hospitality|[of] p2b: Sinistcha\n|turn|2\n|\n|t:|1698556579\n|move|p2b: Sinistcha|Rage Powder|p2b: Sinistcha\n|-singleturn|p2b: Sinistcha|move: Rage Powder\n|move|p1b: Ogerpon|Trailblaze|p2a: Walking Wake\n|-damage|p2a: Walking Wake|24\/100\n|-boost|p1b: Ogerpon|spe|1\n|move|p1a: Murkrow|Icy Wind|p2a: Walking Wake|[spread] p2a,p2b\n|-supereffective|p2b: Sinistcha\n|-damage|p2a: Walking Wake|17\/100\n|-damage|p2b: Sinistcha|84\/100\n|-unboost|p2a: Walking Wake|spe|1\n|-unboost|p2b: Sinistcha|spe|1\n|move|p2a: Walking Wake|Draco Meteor|p1b: Ogerpon\n|-damage|p1b: Ogerpon|24\/100\n|-unboost|p2a: Walking Wake|spa|2\n|\n|-heal|p2b: Sinistcha|90\/100|[from] item: Leftovers\n|upkeep\n|turn|3\n|\n|t:|1698556603\n|-end|p2a: Walking Wake|Protosynthesis|[silent]\n|switch|p2a: Glimmora|Glimmora, F|100\/100\n|move|p1a: Murkrow|Protect|p1a: Murkrow\n|-singleturn|p1a: Murkrow|Protect\n|move|p1b: Ogerpon|Trailblaze|p2a: Glimmora\n|-damage|p2a: Glimmora|66\/100\n|-boost|p1b: Ogerpon|spe|1\n|-activate|p2a: Glimmora|ability: Toxic Debris\n|-sidestart|p1: Franchu7|move: Toxic Spikes\n|move|p2b: Sinistcha|Matcha Gotcha|p1b: Ogerpon|[spread] p1b\n|-activate|p1a: Murkrow|move: Protect\n|-damage|p1b: Ogerpon|0 fnt\n|-heal|p2b: Sinistcha|100\/100|[from] drain|[of] p1b: Ogerpon\n|faint|p1b: Ogerpon\n|\n|upkeep\n|inactive|Franchu7 has 120 seconds left.\n|\n|t:|1698556620\n|switch|p1b: Gholdengo|Gholdengo|100\/100\n|turn|4\n|\n|t:|1698556636\n|move|p2a: Glimmora|Spiky Shield|p2a: Glimmora\n|-singleturn|p2a: Glimmora|move: Protect\n|move|p1b: Gholdengo|Make It Rain|p2b: Sinistcha|[spread] p2b\n|-activate|p2a: Glimmora|move: Protect\n|-damage|p2b: Sinistcha|18\/100\n|-unboost|p1b: Gholdengo|spa|1\n|move|p1a: Murkrow|Icy Wind|p2b: Sinistcha|[spread] p2b\n|-activate|p2a: Glimmora|move: Protect\n|-supereffective|p2b: Sinistcha\n|-damage|p2b: Sinistcha|3\/100\n|-unboost|p2b: Sinistcha|spe|1\n|move|p2b: Sinistcha|Life Dew|p2b: Sinistcha|[spread] p2a,p2b\n|-heal|p2a: Glimmora|91\/100\n|-heal|p2b: Sinistcha|28\/100\n|\n|-heal|p2b: Sinistcha|34\/100|[from] item: Leftovers\n|-sideend|p1: Franchu7|move: Tailwind\n|upkeep\n|turn|5\n|inactive|JmasterSwag has 120 seconds left.\n|\n|t:|1698556674\n|move|p1a: Murkrow|Haze|p1a: Murkrow\n|-clearallboost\n|move|p2a: Glimmora|Stealth Rock|p1b: Gholdengo\n|-sidestart|p1: Franchu7|move: Stealth Rock\n|move|p1b: Gholdengo|Make It Rain|p2b: Sinistcha|[spread] p2a,p2b\n|-supereffective|p2a: Glimmora\n|-damage|p2a: Glimmora|0 fnt\n|-damage|p2b: Sinistcha|0 fnt\n|-unboost|p1b: Gholdengo|spa|1\n|faint|p2a: Glimmora\n|faint|p2b: Sinistcha\n|\n|upkeep\n|\n|t:|1698556692\n|switch|p2a: Ogerpon|Ogerpon-Hearthflame, F|100\/100\n|switch|p2b: Ninetales|Ninetales, F, shiny|100\/100\n|-ability|p2a: Ogerpon|Mold Breaker\n|-weather|SunnyDay|[from] ability: Drought|[of] p2b: Ninetales\n|turn|6\n|inactive|JmasterSwag has 120 seconds left.\n|\n|t:|1698556720\n|move|p1a: Murkrow|Haze|p1a: Murkrow\n|-clearallboost\n|move|p2a: Ogerpon|Ivy Cudgel|p1b: Gholdengo\n|-supereffective|p1b: Gholdengo\n|-crit|p1b: Gholdengo\n|-damage|p1b: Gholdengo|0 fnt\n|faint|p1b: Gholdengo\n|move|p2b: Ninetales|Heat Wave|p1a: Murkrow\n|-damage|p1a: Murkrow|49\/100\n|\n|-weather|SunnyDay|[upkeep]\n|upkeep\n|\n|t:|1698556728\n|switch|p1b: Chi-Yu|Chi-Yu|100\/100\n|-status|p1b: Chi-Yu|psn\n|-damage|p1b: Chi-Yu|76\/100 psn|[from] Stealth Rock\n|-ability|p1b: Chi-Yu|Beads of Ruin\n|turn|7\n|\n|t:|1698556744\n|move|p2a: Ogerpon|Spiky Shield|p2a: Ogerpon\n|-singleturn|p2a: Ogerpon|move: Protect\n|move|p1a: Murkrow|Tailwind|p1a: Murkrow\n|-sidestart|p1: Franchu7|move: Tailwind\n|move|p1b: Chi-Yu|Dark Pulse|p2a: Ogerpon\n|-activate|p2a: Ogerpon|move: Protect\n|move|p2b: Ninetales|Heat Wave|p1a: Murkrow|[spread] p1a,p1b\n|-resisted|p1b: Chi-Yu\n|-crit|p1b: Chi-Yu\n|-damage|p1a: Murkrow|0 fnt\n|-damage|p1b: Chi-Yu|41\/100 psn\n|faint|p1a: Murkrow\n|\n|-weather|SunnyDay|[upkeep]\n|-damage|p1b: Chi-Yu|29\/100 psn|[from] psn\n|upkeep\n|\n|t:|1698556750\n|switch|p1a: Baxcalibur|Baxcalibur, M|100\/100\n|-status|p1a: Baxcalibur|psn\n|-damage|p1a: Baxcalibur|76\/100 psn|[from] Stealth Rock\n|turn|8\n|\n|t:|1698556778\n|switch|p2a: Walking Wake|Walking Wake|17\/100\n|-activate|p2a: Walking Wake|ability: Protosynthesis\n|-start|p2a: Walking Wake|protosynthesisspe\n|-terastallize|p1a: Baxcalibur|Fairy\n|move|p1b: Chi-Yu|Dark Pulse|p2b: Ninetales\n|-damage|p2b: Ninetales|26\/100\n|-damage|p1b: Chi-Yu|19\/100 psn|[from] item: Life Orb\n|move|p1a: Baxcalibur|Dragon Dance|p1a: Baxcalibur\n|-boost|p1a: Baxcalibur|atk|1\n|-boost|p1a: Baxcalibur|spe|1\n|move|p2b: Ninetales|Heat Wave|p1b: Chi-Yu|[spread] p1a,p1b\n|-resisted|p1b: Chi-Yu\n|-damage|p1a: Baxcalibur|29\/100 psn\n|-damage|p1b: Chi-Yu|0 fnt\n|-ability|p1a: Baxcalibur|Thermal Exchange|boost\n|-boost|p1a: Baxcalibur|atk|1\n|faint|p1b: Chi-Yu\n|\n|-weather|SunnyDay|[upkeep]\n|-heal|p2b: Ninetales|32\/100|[from] item: Leftovers\n|-damage|p1a: Baxcalibur|16\/100 psn|[from] psn\n|upkeep\n|turn|9\n|\n|t:|1698556804\n|move|p2b: Ninetales|Protect|p2b: Ninetales\n|-singleturn|p2b: Ninetales|Protect\n|move|p2a: Walking Wake|Aqua Jet|p1a: Baxcalibur\n|-damage|p1a: Baxcalibur|10\/100 psn\n|move|p1a: Baxcalibur|Scale Shot|p2b: Ninetales\n|-activate|p2b: Ninetales|move: Protect\n|\n|-weather|SunnyDay|[upkeep]\n|-heal|p2b: Ninetales|38\/100|[from] item: Leftovers\n|-damage|p1a: Baxcalibur|0 fnt|[from] psn\n|faint|p1a: Baxcalibur\n|\n|win|JmasterSwag\n|upkeep\n|raw|Franchu7's rating: 1375 &rarr; <strong>1357<\/strong><br \/>(-18 for losing)\n|raw|JmasterSwag's rating: 1403 &rarr; <strong>1421<\/strong><br \/>(+18 for winning)\n|l|\u2606Franchu7\n","uploadtime":1698556824,"views":25,"p1id":"franchu7","p2id":"jmasterswag","formatid":"gen9doublesou","rating":1357,"private":0,"password":""}