{"id":"gen9doublesou-1982506044","p1":"I am the Hurricane","p2":"Low Tier Goodra","format":"[Gen 9] Doubles OU","log":"|j|\u2606I am the Hurricane\n|j|\u2606Low Tier Goodra\n|t:|1699021151\n|gametype|doubles\n|player|p1|I am the Hurricane|1|1595\n|player|p2|Low Tier Goodra|jasmine|1815\n|teamsize|p1|6\n|teamsize|p2|6\n|gen|9\n|tier|[Gen 9] Doubles OU\n|rated|\n|rule|Species Clause: Limit one of each Pok\u00e9mon\n|rule|OHKO Clause: OHKO moves are banned\n|rule|Evasion Moves Clause: Evasion moves are banned\n|rule|Gravity Sleep Clause: The combination of sleep-inducing moves with imperfect accuracy and Gravity or Gigantamax Orbeetle are banned\n|rule|Endless Battle Clause: Forcing endless battles is banned\n|rule|HP Percentage Mod: HP is shown in percentages\n|clearpoke\n|poke|p1|Rillaboom, F|\n|poke|p1|Pelipper, F|\n|poke|p1|Sinistcha-Masterpiece|\n|poke|p1|Basculegion-F, F|\n|poke|p1|Ogerpon-Wellspring, F|\n|poke|p1|Volcanion|\n|poke|p2|Rillaboom, M|\n|poke|p2|Sinistcha-Masterpiece|\n|poke|p2|Volcanion|\n|poke|p2|Diancie|\n|poke|p2|Ursaluna, M|\n|poke|p2|Amoonguss, M|\n|teampreview\n|\n|t:|1699021173\n|start\n|switch|p1a: Volcanion|Volcanion|100\/100\n|switch|p1b: Rillaboom|Rillaboom, F|100\/100\n|switch|p2a: Diana|Diancie|100\/100\n|switch|p2b: Smoke Loud|Rillaboom, M|100\/100\n|-fieldstart|move: Grassy Terrain|[from] ability: Grassy Surge|[of] p1b: Rillaboom\n|turn|1\n|\n|t:|1699021197\n|-terastallize|p2a: Diana|Grass\n|move|p1b: Rillaboom|Fake Out|p2b: Smoke Loud\n|-damage|p2b: Smoke Loud|86\/100\n|cant|p2b: Smoke Loud|flinch\n|move|p1a: Volcanion|Steam Eruption|p2a: Diana\n|-resisted|p2a: Diana\n|-damage|p2a: Diana|79\/100\n|move|p2a: Diana|Trick Room|p2a: Diana\n|-fieldstart|move: Trick Room|[of] p2a: Diana\n|\n|-heal|p2a: Diana|85\/100|[from] Grassy Terrain\n|-heal|p2b: Smoke Loud|92\/100|[from] Grassy Terrain\n|upkeep\n|turn|2\n|\n|t:|1699021213\n|switch|p1a: Sinistcha|Sinistcha-Masterpiece|100\/100\n|move|p2a: Diana|Diamond Storm|p1b: Rillaboom|[spread] p1a\n|-miss|p2a: Diana|p1b: Rillaboom\n|-damage|p1a: Sinistcha|73\/100\n|-boost|p2a: Diana|def|2\n|move|p2b: Smoke Loud|Wood Hammer|p1a: Sinistcha\n|-resisted|p1a: Sinistcha\n|-damage|p1a: Sinistcha|41\/100\n|-damage|p2b: Smoke Loud|82\/100|[from] Recoil\n|move|p1b: Rillaboom|U-turn|p2b: Smoke Loud\n|-supereffective|p2b: Smoke Loud\n|-damage|p2b: Smoke Loud|32\/100\n|\n|t:|1699021226\n|switch|p1b: Volcanion|Volcanion|100\/100|[from] U-turn\n|\n|-heal|p2a: Diana|91\/100|[from] Grassy Terrain\n|-heal|p1a: Sinistcha|47\/100|[from] Grassy Terrain\n|-heal|p1a: Sinistcha|53\/100|[from] item: Leftovers\n|-heal|p2b: Smoke Loud|38\/100|[from] Grassy Terrain\n|upkeep\n|turn|3\n|\n|t:|1699021244\n|switch|p1a: Rillaboom|Rillaboom, F|100\/100\n|-terastallize|p1b: Volcanion|Poison\n|move|p2a: Diana|Protect|p2a: Diana\n|-singleturn|p2a: Diana|Protect\n|move|p2b: Smoke Loud|Knock Off|p1a: Rillaboom\n|-damage|p1a: Rillaboom|67\/100\n|-enditem|p1a: Rillaboom|Assault Vest|[from] move: Knock Off|[of] p2b: Smoke Loud\n|move|p1b: Volcanion|Heat Wave|p2a: Diana|[spread] p2b\n|-activate|p2a: Diana|move: Protect\n|-supereffective|p2b: Smoke Loud\n|-damage|p2b: Smoke Loud|0 fnt\n|faint|p2b: Smoke Loud\n|\n|-heal|p2a: Diana|98\/100|[from] Grassy Terrain\n|-heal|p1a: Rillaboom|73\/100|[from] Grassy Terrain\n|upkeep\n|\n|t:|1699021265\n|switch|p2b: Arturo|Amoonguss, M|100\/100\n|turn|4\n|\n|t:|1699021271\n|switch|p2a: Kettle|Volcanion|100\/100\n|move|p2b: Arturo|Protect|p2b: Arturo\n|-singleturn|p2b: Arturo|Protect\n|move|p1a: Rillaboom|Fake Out|p2b: Arturo\n|-activate|p2b: Arturo|move: Protect\n|move|p1b: Volcanion|Heat Wave|p2b: Arturo|[spread] p2a\n|-activate|p2b: Arturo|move: Protect\n|-resisted|p2a: Kettle\n|-damage|p2a: Kettle|90\/100\n|\n|-heal|p2a: Kettle|96\/100|[from] Grassy Terrain\n|-heal|p1a: Rillaboom|79\/100|[from] Grassy Terrain\n|upkeep\n|turn|5\n|\n|t:|1699021285\n|move|p2b: Arturo|Spore|p1b: Volcanion\n|-status|p1b: Volcanion|slp|[from] move: Spore\n|move|p2a: Kettle|Heat Wave|p1b: Volcanion|[spread] p1a\n|-miss|p2a: Kettle|p1b: Volcanion\n|-supereffective|p1a: Rillaboom\n|-damage|p1a: Rillaboom|0 fnt\n|faint|p1a: Rillaboom\n|-damage|p2a: Kettle|86\/100|[from] item: Life Orb\n|cant|p1b: Volcanion|slp\n|\n|-heal|p2a: Kettle|93\/100|[from] Grassy Terrain\n|-fieldend|move: Trick Room\n|-fieldend|move: Grassy Terrain\n|upkeep\n|\n|t:|1699021299\n|switch|p1a: Basculegion|Basculegion-F, F|100\/100\n|turn|6\n|\n|t:|1699021316\n|move|p2a: Kettle|Protect|p2a: Kettle\n|-singleturn|p2a: Kettle|Protect\n|-curestatus|p1b: Volcanion|slp|[msg]\n|move|p1b: Volcanion|Heat Wave|p2b: Arturo|[spread] \n|-activate|p2a: Kettle|move: Protect\n|-miss|p1b: Volcanion|p2b: Arturo\n|move|p1a: Basculegion|Ice Beam|p2b: Arturo\n|-supereffective|p2b: Arturo\n|-damage|p2b: Arturo|53\/100\n|move|p2b: Arturo|Spore|p1a: Basculegion\n|-status|p1a: Basculegion|slp|[from] move: Spore\n|\n|-heal|p2b: Arturo|59\/100|[from] item: Leftovers\n|upkeep\n|turn|7\n|\n|t:|1699021336\n|switch|p2b: Diana|Diancie, tera:Grass|98\/100\n|move|p1b: Volcanion|Heat Wave|p2a: Kettle|[spread] p2a,p2b\n|-resisted|p2a: Kettle\n|-supereffective|p2b: Diana\n|-damage|p2a: Kettle|83\/100\n|-damage|p2b: Diana|40\/100\n|-enditem|p2b: Diana|Weakness Policy\n|-boost|p2b: Diana|atk|2|[from] item: Weakness Policy\n|-boost|p2b: Diana|spa|2|[from] item: Weakness Policy\n|cant|p1a: Basculegion|slp\n|move|p2a: Kettle|Heat Wave|p1b: Volcanion|[spread] p1a,p1b\n|-resisted|p1a: Basculegion\n|-damage|p1a: Basculegion|72\/100 slp\n|-damage|p1b: Volcanion|35\/100\n|-damage|p2a: Kettle|73\/100|[from] item: Life Orb\n|\n|upkeep\n|turn|8\n|\n|t:|1699021355\n|move|p2b: Diana|Protect|p2b: Diana\n|-singleturn|p2b: Diana|Protect\n|move|p1b: Volcanion|Heat Wave|p2a: Kettle|[spread] p2a\n|-activate|p2b: Diana|move: Protect\n|-resisted|p2a: Kettle\n|-damage|p2a: Kettle|64\/100\n|cant|p1a: Basculegion|slp\n|move|p2a: Kettle|Heat Wave|p1b: Volcanion|[spread] p1b\n|-miss|p2a: Kettle|p1a: Basculegion\n|-damage|p1b: Volcanion|0 fnt\n|faint|p1b: Volcanion\n|-damage|p2a: Kettle|54\/100|[from] item: Life Orb\n|\n|upkeep\n|\n|t:|1699021369\n|switch|p1b: Ogerpon|Ogerpon-Wellspring, F|100\/100\n|turn|9\n|\n|t:|1699021377\n|switch|p2b: Arturo|Amoonguss, M|92\/100\n|move|p1b: Ogerpon|Horn Leech|p2a: Kettle\n|-damage|p2a: Kettle|17\/100\n|cant|p1a: Basculegion|slp\n|move|p2a: Kettle|Sludge Bomb|p1b: Ogerpon\n|-supereffective|p1b: Ogerpon\n|-damage|p1b: Ogerpon|0 fnt\n|faint|p1b: Ogerpon\n|-damage|p2a: Kettle|7\/100|[from] item: Life Orb\n|\n|-heal|p2b: Arturo|99\/100|[from] item: Leftovers\n|upkeep\n|\n|t:|1699021390\n|switch|p1b: Sinistcha|Sinistcha-Masterpiece|53\/100\n|-heal|p1a: Basculegion|97\/100 slp|[from] ability: Hospitality|[of] p1b: Sinistcha\n|turn|10\n|\n|t:|1699021398\n|move|p2a: Kettle|Protect|p2a: Kettle\n|-singleturn|p2a: Kettle|Protect\n|-curestatus|p1a: Basculegion|slp|[msg]\n|move|p1a: Basculegion|Shadow Ball|p2a: Kettle\n|-activate|p2a: Kettle|move: Protect\n|move|p1b: Sinistcha|Calm Mind|p1b: Sinistcha\n|-boost|p1b: Sinistcha|spa|1\n|-boost|p1b: Sinistcha|spd|1\n|move|p2b: Arturo|Spore|p1a: Basculegion\n|-status|p1a: Basculegion|slp|[from] move: Spore\n|\n|-heal|p1b: Sinistcha|59\/100|[from] item: Leftovers\n|-heal|p2b: Arturo|100\/100|[from] item: Leftovers\n|upkeep\n|turn|11\n|\n|t:|1699021414\n|switch|p1a: Pelipper|Pelipper, F|100\/100\n|-weather|RainDance|[from] ability: Drizzle|[of] p1a: Pelipper\n|move|p2a: Kettle|Heat Wave|p1b: Sinistcha|[spread] p1a,p1b\n|-resisted|p1a: Pelipper\n|-supereffective|p1b: Sinistcha\n|-damage|p1a: Pelipper|81\/100\n|-damage|p1b: Sinistcha|20\/100\n|-damage|p2a: Kettle|0 fnt|[from] item: Life Orb\n|faint|p2a: Kettle\n|move|p1b: Sinistcha|Matcha Gotcha|p2b: Arturo\n|-resisted|p2b: Arturo\n|-damage|p2b: Arturo|93\/100\n|-heal|p1b: Sinistcha|25\/100|[from] drain|[of] p2b: Arturo\n|move|p2b: Arturo|Pollen Puff|p2: Kettle|[notarget]\n|-fail|p2b: Arturo\n|\n|-weather|RainDance|[upkeep]\n|-heal|p1b: Sinistcha|31\/100|[from] item: Leftovers\n|-heal|p2b: Arturo|99\/100|[from] item: Leftovers\n|upkeep\n|\n|t:|1699021436\n|switch|p2a: Diana|Diancie, tera:Grass|40\/100\n|turn|12\n|\n|t:|1699021444\n|move|p2b: Arturo|Rage Powder|p2b: Arturo\n|-singleturn|p2b: Arturo|move: Rage Powder\n|move|p1b: Sinistcha|Strength Sap|p2a: Diana\n|-fail|p2a: Diana|unboost|[from] ability: Clear Body|[of] p2a: Diana\n|-heal|p1b: Sinistcha|100\/100\n|move|p1a: Pelipper|Hurricane|p2b: Arturo\n|-supereffective|p2b: Arturo\n|-damage|p2b: Arturo|54\/100\n|-start|p2b: Arturo|confusion\n|move|p2a: Diana|Trick Room|p2a: Diana\n|-fieldstart|move: Trick Room|[of] p2a: Diana\n|\n|-weather|RainDance|[upkeep]\n|-heal|p2b: Arturo|61\/100|[from] item: Leftovers\n|upkeep\n|turn|13\n|\n|t:|1699021460\n|move|p1a: Pelipper|Wide Guard|p1a: Pelipper\n|-singleturn|p1a: Pelipper|Wide Guard\n|-activate|p2b: Arturo|confusion\n|move|p2b: Arturo|Spore|p1a: Pelipper\n|-status|p1a: Pelipper|slp|[from] move: Spore\n|move|p2a: Diana|Diamond Storm|p1a: Pelipper|[spread] \n|-activate|p1a: Pelipper|move: Wide Guard\n|-activate|p1b: Sinistcha|move: Wide Guard\n|move|p1b: Sinistcha|Matcha Gotcha|p2b: Arturo|[spread] p2a,p2b\n|-resisted|p2a: Diana\n|-resisted|p2b: Arturo\n|-damage|p2a: Diana|25\/100\n|-damage|p2b: Arturo|55\/100\n|\n|-weather|RainDance|[upkeep]\n|-heal|p2b: Arturo|61\/100|[from] item: Leftovers\n|upkeep\n|turn|14\n|\n|t:|1699021475\n|cant|p1a: Pelipper|slp\n|-activate|p2b: Arturo|confusion\n|move|p2b: Arturo|Pollen Puff|p2a: Diana\n|-heal|p2a: Diana|75\/100\n|move|p2a: Diana|Diamond Storm|p1b: Sinistcha|[spread] p1a,p1b\n|-supereffective|p1a: Pelipper\n|-damage|p1a: Pelipper|24\/100 slp\n|-damage|p1b: Sinistcha|74\/100\n|move|p1b: Sinistcha|Calm Mind|p1b: Sinistcha\n|-boost|p1b: Sinistcha|spa|1\n|-boost|p1b: Sinistcha|spd|1\n|\n|-weather|RainDance|[upkeep]\n|-heal|p2b: Arturo|67\/100|[from] item: Leftovers\n|-heal|p1b: Sinistcha|80\/100|[from] item: Leftovers\n|upkeep\n|turn|15\n|\n|t:|1699021497\n|switch|p2b: Bartholomew|Ursaluna, M|100\/100\n|switch|p1a: Basculegion|Basculegion-F, F|97\/100 slp\n|move|p2a: Diana|Diamond Storm|p1b: Sinistcha|[spread] p1a,p1b\n|-damage|p1a: Basculegion|48\/100 slp\n|-damage|p1b: Sinistcha|53\/100\n|move|p1b: Sinistcha|Strength Sap|p2a: Diana\n|-fail|p2a: Diana|unboost|[from] ability: Clear Body|[of] p2a: Diana\n|-heal|p1b: Sinistcha|100\/100\n|\n|-weather|RainDance|[upkeep]\n|-status|p2b: Bartholomew|brn|[from] item: Flame Orb\n|upkeep\n|turn|16\n|\n|t:|1699021521\n|cant|p1a: Basculegion|slp\n|move|p2b: Bartholomew|Headlong Rush|p1b: Sinistcha\n|-resisted|p1b: Sinistcha\n|-damage|p1b: Sinistcha|60\/100\n|-unboost|p2b: Bartholomew|def|1\n|-unboost|p2b: Bartholomew|spd|1\n|move|p2a: Diana|Diamond Storm|p1b: Sinistcha|[spread] p1a,p1b\n|-damage|p1a: Basculegion|2\/100 slp\n|-damage|p1b: Sinistcha|34\/100\n|-boost|p2a: Diana|def|2\n|move|p1b: Sinistcha|Matcha Gotcha|p2b: Bartholomew|[spread] p2a,p2b\n|-resisted|p2a: Diana\n|-supereffective|p2b: Bartholomew\n|-damage|p2a: Diana|54\/100\n|-heal|p1b: Sinistcha|44\/100|[from] drain|[of] p2a: Diana\n|-damage|p2b: Bartholomew|0 fnt\n|-heal|p1b: Sinistcha|100\/100|[from] drain|[of] p2b: Bartholomew\n|faint|p2b: Bartholomew\n|\n|-weather|RainDance|[upkeep]\n|-fieldend|move: Trick Room\n|upkeep\n|\n|t:|1699021545\n|switch|p2b: Arturo|Amoonguss, M|100\/100\n|turn|17\n|\n|t:|1699021554\n|-curestatus|p1a: Basculegion|slp|[msg]\n|move|p1a: Basculegion|Ice Beam|p2b: Arturo\n|-supereffective|p2b: Arturo\n|-damage|p2b: Arturo|54\/100\n|move|p1b: Sinistcha|Calm Mind|p1b: Sinistcha\n|-boost|p1b: Sinistcha|spa|1\n|-boost|p1b: Sinistcha|spd|1\n|move|p2a: Diana|Diamond Storm|p1b: Sinistcha|[spread] p1a,p1b\n|-damage|p1a: Basculegion|0 fnt\n|-damage|p1b: Sinistcha|76\/100\n|faint|p1a: Basculegion\n|move|p2b: Arturo|Pollen Puff|p2a: Diana\n|-heal|p2a: Diana|100\/100\n|\n|-weather|RainDance|[upkeep]\n|-heal|p1b: Sinistcha|82\/100|[from] item: Leftovers\n|-heal|p2b: Arturo|60\/100|[from] item: Leftovers\n|upkeep\n|\n|t:|1699021570\n|switch|p1a: Pelipper|Pelipper, F|24\/100 slp\n|turn|18\n|\n|t:|1699021582\n|cant|p1a: Pelipper|slp\n|move|p1b: Sinistcha|Strength Sap|p2a: Diana\n|-fail|p2a: Diana|unboost|[from] ability: Clear Body|[of] p2a: Diana\n|-heal|p1b: Sinistcha|100\/100\n|move|p2a: Diana|Diamond Storm|p1b: Sinistcha|[spread] p1a,p1b\n|-supereffective|p1a: Pelipper\n|-damage|p1a: Pelipper|0 fnt\n|-damage|p1b: Sinistcha|77\/100\n|faint|p1a: Pelipper\n|move|p2b: Arturo|Pollen Puff|p2a: Diana\n|-immune|p2a: Diana\n|\n|-weather|none\n|-heal|p1b: Sinistcha|83\/100|[from] item: Leftovers\n|-heal|p2b: Arturo|66\/100|[from] item: Leftovers\n|upkeep\n|turn|19\n|\n|t:|1699021599\n|move|p1b: Sinistcha|Calm Mind|p1b: Sinistcha\n|-boost|p1b: Sinistcha|spa|1\n|-boost|p1b: Sinistcha|spd|1\n|move|p2a: Diana|Moonblast|p1b: Sinistcha\n|-damage|p1b: Sinistcha|70\/100\n|move|p2b: Arturo|Pollen Puff|p1b: Sinistcha\n|-damage|p1b: Sinistcha|63\/100\n|\n|-heal|p1b: Sinistcha|69\/100|[from] item: Leftovers\n|-heal|p2b: Arturo|72\/100|[from] item: Leftovers\n|upkeep\n|turn|20\n|\n|t:|1699021617\n|move|p1b: Sinistcha|Calm Mind|p1b: Sinistcha\n|-boost|p1b: Sinistcha|spa|1\n|-boost|p1b: Sinistcha|spd|1\n|move|p2a: Diana|Moonblast|p1b: Sinistcha\n|-damage|p1b: Sinistcha|59\/100\n|move|p2b: Arturo|Pollen Puff|p1b: Sinistcha\n|-damage|p1b: Sinistcha|54\/100\n|\n|-heal|p1b: Sinistcha|60\/100|[from] item: Leftovers\n|-heal|p2b: Arturo|79\/100|[from] item: Leftovers\n|upkeep\n|turn|21\n|\n|t:|1699021629\n|move|p1b: Sinistcha|Strength Sap|p2a: Diana\n|-fail|p2a: Diana|unboost|[from] ability: Clear Body|[of] p2a: Diana\n|-heal|p1b: Sinistcha|100\/100\n|move|p2a: Diana|Moonblast|p1b: Sinistcha\n|-crit|p1b: Sinistcha\n|-damage|p1b: Sinistcha|43\/100\n|-unboost|p1b: Sinistcha|spa|1\n|move|p2b: Arturo|Pollen Puff|p1b: Sinistcha\n|-damage|p1b: Sinistcha|37\/100\n|\n|-heal|p1b: Sinistcha|43\/100|[from] item: Leftovers\n|-heal|p2b: Arturo|85\/100|[from] item: Leftovers\n|upkeep\n|turn|22\n|\n|t:|1699021644\n|move|p1b: Sinistcha|Strength Sap|p2a: Diana\n|-fail|p2a: Diana|unboost|[from] ability: Clear Body|[of] p2a: Diana\n|-heal|p1b: Sinistcha|100\/100\n|move|p2a: Diana|Moonblast|p1b: Sinistcha\n|-damage|p1b: Sinistcha|91\/100\n|-unboost|p1b: Sinistcha|spa|1\n|move|p2b: Arturo|Pollen Puff|p1b: Sinistcha\n|-damage|p1b: Sinistcha|85\/100\n|\n|-heal|p1b: Sinistcha|91\/100|[from] item: Leftovers\n|-heal|p2b: Arturo|91\/100|[from] item: Leftovers\n|upkeep\n|turn|23\n|\n|t:|1699021658\n|move|p1b: Sinistcha|Calm Mind|p1b: Sinistcha\n|-boost|p1b: Sinistcha|spa|1\n|-boost|p1b: Sinistcha|spd|1\n|move|p2a: Diana|Moonblast|p1b: Sinistcha\n|-damage|p1b: Sinistcha|82\/100\n|move|p2b: Arturo|Pollen Puff|p1b: Sinistcha\n|-damage|p1b: Sinistcha|77\/100\n|\n|-heal|p1b: Sinistcha|83\/100|[from] item: Leftovers\n|-heal|p2b: Arturo|97\/100|[from] item: Leftovers\n|upkeep\n|turn|24\n|\n|t:|1699021672\n|move|p1b: Sinistcha|Calm Mind|p1b: Sinistcha\n|-boost|p1b: Sinistcha|spa|1\n|-boost|p1b: Sinistcha|spd|0\n|move|p2a: Diana|Moonblast|p1b: Sinistcha\n|-damage|p1b: Sinistcha|74\/100\n|move|p2b: Arturo|Pollen Puff|p1b: Sinistcha\n|-damage|p1b: Sinistcha|68\/100\n|\n|-heal|p1b: Sinistcha|74\/100|[from] item: Leftovers\n|-heal|p2b: Arturo|100\/100|[from] item: Leftovers\n|upkeep\n|turn|25\n|\n|t:|1699021695\n|switch|p2a: Pea Soup|Sinistcha-Masterpiece|100\/100\n|move|p1b: Sinistcha|Strength Sap|p2a: Pea Soup\n|-unboost|p2a: Pea Soup|atk|1\n|-heal|p1b: Sinistcha|100\/100\n|move|p2b: Arturo|Pollen Puff|p1b: Sinistcha\n|-damage|p1b: Sinistcha|95\/100\n|\n|-heal|p1b: Sinistcha|100\/100|[from] item: Leftovers\n|upkeep\n|turn|26\n|\n|t:|1699021706\n|move|p1b: Sinistcha|Hex|p2a: Pea Soup\n|-supereffective|p2a: Pea Soup\n|-damage|p2a: Pea Soup|0 fnt\n|faint|p2a: Pea Soup\n|move|p2b: Arturo|Pollen Puff|p2: Pea Soup|[notarget]\n|-fail|p2b: Arturo\n|\n|upkeep\n|\n|t:|1699021710\n|switch|p2a: Diana|Diancie, tera:Grass|100\/100\n|turn|27\n|\n|t:|1699021716\n|move|p1b: Sinistcha|Hex|p2a: Diana\n|-damage|p2a: Diana|23\/100\n|move|p2a: Diana|Moonblast|p1b: Sinistcha\n|-damage|p1b: Sinistcha|92\/100\n|-unboost|p1b: Sinistcha|spa|1\n|move|p2b: Arturo|Pollen Puff|p1b: Sinistcha\n|-damage|p1b: Sinistcha|87\/100\n|\n|-heal|p1b: Sinistcha|93\/100|[from] item: Leftovers\n|upkeep\n|turn|28\n|-message|Low Tier Goodra forfeited.\n|\n|win|I am the Hurricane\n|raw|I am the Hurricane's rating: 1595 &rarr; <strong>1626<\/strong><br \/>(+31 for winning)\n|raw|Low Tier Goodra's rating: 1815 &rarr; <strong>1784<\/strong><br \/>(-31 for losing)\n|l|\u2606Low Tier Goodra\n","uploadtime":1699021740,"views":15,"p1id":"iamthehurricane","p2id":"lowtiergoodra","formatid":"gen9doublesou","rating":1626,"private":0,"password":""}