{"id":"gen9doublesou-1989386905","p1":"Sapphire2020","p2":"Aliconator","format":"[Gen 9] Doubles OU","log":"|j|\u2606Sapphire2020\n|j|\u2606Aliconator\n|t:|1699843763\n|gametype|doubles\n|player|p1|Sapphire2020|102|1133\n|player|p2|Aliconator|clair|1181\n|teamsize|p1|6\n|teamsize|p2|6\n|gen|9\n|tier|[Gen 9] Doubles OU\n|rated|\n|rule|Species Clause: Limit one of each Pok\u00e9mon\n|rule|OHKO Clause: OHKO moves are banned\n|rule|Evasion Moves Clause: Evasion moves are banned\n|rule|Gravity Sleep Clause: The combination of sleep-inducing moves with imperfect accuracy and Gravity or Gigantamax Orbeetle are banned\n|rule|Endless Battle Clause: Forcing endless battles is banned\n|rule|HP Percentage Mod: HP is shown in percentages\n|clearpoke\n|poke|p1|Chandelure, M|\n|poke|p1|Diancie|\n|poke|p1|Meowscarada, F|\n|poke|p1|Kommo-o, M|\n|poke|p1|Talonflame, M|\n|poke|p1|Quaquaval, M|\n|poke|p2|Heatran, F|\n|poke|p2|Amoonguss, M|\n|poke|p2|Farigiraf, F|\n|poke|p2|Cresselia, F|\n|poke|p2|Kingambit, M|\n|poke|p2|Flutter Mane|\n|teampreview\n|\n|t:|1699843784\n|start\n|switch|p1a: Talonflame|Talonflame, M|100\/100\n|switch|p1b: Quaquaval|Quaquaval, M|100\/100\n|switch|p2a: WOAHW WOAH|Cresselia, F, shiny|100\/100\n|switch|p2b: HeatranLover113|Heatran, F, shiny|100\/100\n|turn|1\n|inactive|Battle timer is ON: inactive players will automatically lose when time's up. (requested by Aliconator)\n|\n|t:|1699843814\n|switch|p2b: Amoongussy|Amoonguss, M, shiny|100\/100\n|move|p1a: Talonflame|Tailwind|p1a: Talonflame\n|-sidestart|p1: Sapphire2020|move: Tailwind\n|move|p1b: Quaquaval|Aqua Step|p2b: Amoongussy\n|-resisted|p2b: Amoongussy\n|-crit|p2b: Amoongussy\n|-damage|p2b: Amoongussy|73\/100\n|-boost|p1b: Quaquaval|spe|1\n|move|p2a: WOAHW WOAH|Trick Room|p2a: WOAHW WOAH\n|-fieldstart|move: Trick Room|[of] p2a: WOAHW WOAH\n|\n|-heal|p2b: Amoongussy|80\/100|[from] item: Black Sludge\n|upkeep\n|turn|2\n|\n|t:|1699843840\n|switch|p2b: HeatranLover113|Heatran, F, shiny|100\/100\n|move|p1a: Talonflame|Dual Wingbeat|p2b: HeatranLover113|[miss]\n|-miss|p1a: Talonflame|p2b: HeatranLover113\n|move|p2a: WOAHW WOAH|Moonblast|p1b: Quaquaval\n|-supereffective|p1b: Quaquaval\n|-damage|p1b: Quaquaval|57\/100\n|-unboost|p1b: Quaquaval|spa|1\n|move|p1b: Quaquaval|Acrobatics|p2b: HeatranLover113\n|-resisted|p2b: HeatranLover113\n|-damage|p2b: HeatranLover113|92\/100\n|\n|upkeep\n|turn|3\n|\n|t:|1699843865\n|move|p2b: HeatranLover113|Earth Power|p1b: Quaquaval\n|-damage|p1b: Quaquaval|18\/100\n|-enditem|p1b: Quaquaval|Aguav Berry|[eat]\n|-heal|p1b: Quaquaval|52\/100|[from] item: Aguav Berry\n|move|p2a: WOAHW WOAH|Moonblast|p1b: Quaquaval\n|-supereffective|p1b: Quaquaval\n|-damage|p1b: Quaquaval|14\/100\n|-unboost|p1b: Quaquaval|spa|1\n|move|p1b: Quaquaval|Aqua Step|p2b: HeatranLover113\n|-supereffective|p2b: HeatranLover113\n|-damage|p2b: HeatranLover113|21\/100\n|-boost|p1b: Quaquaval|spe|1\n|move|p1a: Talonflame|U-turn|p2a: WOAHW WOAH\n|-supereffective|p2a: WOAHW WOAH\n|-damage|p2a: WOAHW WOAH|72\/100\n|c|\u2606Aliconator|oh zamn\n|\n|t:|1699843880\n|switch|p1a: Chandelure|Chandelure, M|100\/100|[from] U-turn\n|\n|upkeep\n|turn|4\n|\n|t:|1699843891\n|move|p2b: HeatranLover113|Earth Power|p1a: Chandelure\n|-supereffective|p1a: Chandelure\n|-damage|p1a: Chandelure|21\/100\n|move|p2a: WOAHW WOAH|Moonblast|p1b: Quaquaval\n|-supereffective|p1b: Quaquaval\n|-damage|p1b: Quaquaval|0 fnt\n|faint|p1b: Quaquaval\n|move|p1a: Chandelure|Shadow Ball|p2a: WOAHW WOAH\n|-supereffective|p2a: WOAHW WOAH\n|-damage|p2a: WOAHW WOAH|22\/100\n|\n|-heal|p1a: Chandelure|28\/100|[from] item: Leftovers\n|-sideend|p1: Sapphire2020|move: Tailwind\n|upkeep\n|\n|t:|1699843907\n|switch|p1b: Diancie|Diancie|100\/100\n|turn|5\n|\n|t:|1699843918\n|switch|p2a: John|Farigiraf, F, shiny|100\/100\n|-terastallize|p1a: Chandelure|Grass\n|move|p1b: Diancie|Diamond Storm|p2a: John|[spread] p2a,p2b\n|-damage|p2a: John|73\/100\n|-damage|p2b: HeatranLover113|0 fnt\n|faint|p2b: HeatranLover113\n|move|p1a: Chandelure|Calm Mind|p1a: Chandelure\n|-boost|p1a: Chandelure|spa|1\n|-boost|p1a: Chandelure|spd|1\n|\n|-heal|p1a: Chandelure|34\/100|[from] item: Leftovers\n|-fieldend|move: Trick Room\n|upkeep\n|\n|t:|1699843932\n|switch|p2b: Amoongussy|Amoonguss, M, shiny|100\/100\n|turn|6\n|\n|t:|1699843938\n|move|p2b: Amoongussy|Rage Powder|p2b: Amoongussy\n|-singleturn|p2b: Amoongussy|move: Rage Powder\n|move|p1a: Chandelure|Heat Wave|p2a: John|[spread] p2a,p2b\n|-supereffective|p2b: Amoongussy\n|-damage|p2a: John|9\/100\n|-damage|p2b: Amoongussy|0 fnt\n|faint|p2b: Amoongussy\n|move|p1b: Diancie|Diamond Storm|p2a: John\n|-damage|p2a: John|0 fnt\n|-boost|p1b: Diancie|def|2\n|faint|p2a: John\n|\n|-heal|p1a: Chandelure|40\/100|[from] item: Leftovers\n|upkeep\n|c|\u2606Aliconator|ruh oh\n|\n|t:|1699843950\n|switch|p2a: Coughing Bomb|Flutter Mane, shiny|100\/100\n|switch|p2b: The Classic|Kingambit, M, shiny|100\/100\n|-enditem|p2a: Coughing Bomb|Booster Energy\n|-activate|p2a: Coughing Bomb|ability: Protosynthesis|[fromitem]\n|-start|p2a: Coughing Bomb|protosynthesisspa\n|turn|7\n|\n|t:|1699843968\n|-terastallize|p2a: Coughing Bomb|Fairy\n|move|p2a: Coughing Bomb|Dazzling Gleam|p1a: Chandelure|[spread] p1a,p1b\n|-crit|p1b: Diancie\n|-damage|p1a: Chandelure|0 fnt\n|-damage|p1b: Diancie|28\/100\n|faint|p1a: Chandelure\n|move|p2b: The Classic|Iron Head|p1b: Diancie\n|-supereffective|p1b: Diancie\n|-damage|p1b: Diancie|0 fnt\n|faint|p1b: Diancie\n|\n|upkeep\n|\n|t:|1699843982\n|switch|p1a: Talonflame|Talonflame, M|100\/100\n|switch|p1b: Meowscarada|Meowscarada, F|100\/100\n|turn|8\n|\n|t:|1699843993\n|move|p2a: Coughing Bomb|Protect|p2a: Coughing Bomb\n|-singleturn|p2a: Coughing Bomb|Protect\n|move|p1a: Talonflame|Tailwind|p1a: Talonflame\n|-sidestart|p1: Sapphire2020|move: Tailwind\n|move|p1b: Meowscarada|Knock Off|p2a: Coughing Bomb\n|-activate|p2a: Coughing Bomb|move: Protect\n|move|p2b: The Classic|Poison Jab|p1b: Meowscarada\n|-supereffective|p1b: Meowscarada\n|-damage|p1b: Meowscarada|7\/100\n|-status|p1b: Meowscarada|psn\n|\n|-damage|p1b: Meowscarada|0 fnt|[from] psn\n|faint|p1b: Meowscarada\n|upkeep\n|\n|t:|1699844006\n|switch|p1b: Kommo-o|Kommo-o, M|100\/100\n|turn|9\n|\n|t:|1699844030\n|move|p1a: Talonflame|Dual Wingbeat|p2a: Coughing Bomb\n|-damage|p2a: Coughing Bomb|63\/100\n|-damage|p2a: Coughing Bomb|24\/100\n|-hitcount|p2a: Coughing Bomb|2\n|move|p2b: The Classic|Sucker Punch||[still]\n|-fail|p2b: The Classic\n|move|p2a: Coughing Bomb|Dazzling Gleam|p1a: Talonflame|[spread] p1a,p1b\n|-resisted|p1a: Talonflame\n|-supereffective|p1b: Kommo-o\n|-damage|p1a: Talonflame|55\/100\n|-damage|p1b: Kommo-o|0 fnt\n|faint|p1b: Kommo-o\n|\n|upkeep\n|turn|10\n|\n|t:|1699844059\n|move|p2a: Coughing Bomb|Protect|p2a: Coughing Bomb\n|-singleturn|p2a: Coughing Bomb|Protect\n|move|p1a: Talonflame|Flare Blitz|p2b: The Classic\n|-supereffective|p2b: The Classic\n|-damage|p2b: The Classic|32\/100\n|-enditem|p2b: The Classic|Weakness Policy\n|-boost|p2b: The Classic|atk|2|[from] item: Weakness Policy\n|-boost|p2b: The Classic|spa|2|[from] item: Weakness Policy\n|-damage|p1a: Talonflame|25\/100|[from] Recoil\n|move|p2b: The Classic|Kowtow Cleave|p1a: Talonflame\n|-damage|p1a: Talonflame|0 fnt\n|faint|p1a: Talonflame\n|\n|win|Aliconator\n|raw|Sapphire2020's rating: 1133 &rarr; <strong>1111<\/strong><br \/>(-22 for losing)\n|raw|Aliconator's rating: 1181 &rarr; <strong>1203<\/strong><br \/>(+22 for winning)\n|l|\u2606Sapphire2020\n","uploadtime":1699844074,"views":23,"p1id":"sapphire2020","p2id":"aliconator","formatid":"gen9doublesou","rating":1111,"private":0,"password":""}