{"id":"gen9doublesou-1999513366","p1":"Vfdfghjh","p2":"qwertyuiop87654321","format":"[Gen 9] Doubles OU","log":"|j|\u2606Vfdfghjh\n|j|\u2606qwertyuiop87654321\n|t:|1701091140\n|gametype|doubles\n|player|p1|Vfdfghjh|266|1091\n|player|p2|qwertyuiop87654321|bugcatcher-gen4dp|1177\n|teamsize|p1|6\n|teamsize|p2|6\n|gen|9\n|tier|[Gen 9] Doubles OU\n|rated|\n|rule|Species Clause: Limit one of each Pok\u00e9mon\n|rule|OHKO Clause: OHKO moves are banned\n|rule|Evasion Moves Clause: Evasion moves are banned\n|rule|Gravity Sleep Clause: The combination of sleep-inducing moves with imperfect accuracy and Gravity or Gigantamax Orbeetle are banned\n|rule|Endless Battle Clause: Forcing endless battles is banned\n|rule|HP Percentage Mod: HP is shown in percentages\n|clearpoke\n|poke|p1|Ursaluna, F|\n|poke|p1|Sableye, M|\n|poke|p1|Tornadus, M|\n|poke|p1|Oranguru, M|\n|poke|p1|Dragonite, M|\n|poke|p1|Manaphy|\n|poke|p2|Kingambit, M|\n|poke|p2|Landorus-Therian, M|\n|poke|p2|Iron Thorns|\n|poke|p2|Iron Valiant|\n|poke|p2|Gholdengo|\n|poke|p2|Grimmsnarl, M|\n|teampreview\n|inactive|Battle timer is ON: inactive players will automatically lose when time's up. (requested by qwertyuiop87654321)\n|\n|t:|1701091156\n|start\n|switch|p1a: Sableye|Sableye, M|100\/100\n|switch|p1b: Oranguru|Oranguru, M|100\/100\n|switch|p2a: Landorus|Landorus-Therian, M|100\/100\n|switch|p2b: Gambler|Grimmsnarl, M, shiny|100\/100\n|-ability|p2a: Landorus|Intimidate|boost\n|-unboost|p1a: Sableye|atk|1\n|-unboost|p1b: Oranguru|atk|1\n|turn|1\n|\n|t:|1701091164\n|move|p2b: Gambler|Taunt|p1b: Oranguru\n|-start|p1b: Oranguru|move: Taunt\n|-enditem|p1b: Oranguru|Mental Herb\n|-end|p1b: Oranguru|move: Taunt\n|move|p1a: Sableye|Skill Swap|p1b: Oranguru\n|-activate|p1a: Sableye|move: Skill Swap|||[of] p1b: Oranguru\n|move|p1b: Oranguru|Substitute|p1b: Oranguru\n|-start|p1b: Oranguru|Substitute\n|-damage|p1b: Oranguru|76\/100\n|move|p2a: Landorus|Sandsear Storm|p1a: Sableye|[spread] p1a,p1b\n|-activate|p1b: Oranguru|move: Substitute|[damage]\n|-damage|p1a: Sableye|48\/100\n|-enditem|p1a: Sableye|Eject Button\n|\n|t:|1701091167\n|switch|p1a: Ursaluna|Ursaluna, F|100\/100\n|\n|-status|p1a: Ursaluna|brn|[from] item: Flame Orb\n|upkeep\n|turn|2\n|inactive|qwertyuiop87654321 has 120 seconds left.\n|c|\u2606qwertyuiop87654321|prankster oranguru?\n|c|\u2606qwertyuiop87654321|trick room wont work\n|\n|t:|1701091219\n|-terastallize|p1a: Ursaluna|Normal\n|move|p1b: Oranguru|Protect|p1b: Oranguru\n|-singleturn|p1b: Oranguru|Protect\n|move|p2b: Gambler|Parting Shot|p1a: Ursaluna\n|-unboost|p1a: Ursaluna|atk|1\n|-unboost|p1a: Ursaluna|spa|1\n|\n|t:|1701091230\n|switch|p2b: Iron Thorns|Iron Thorns|100\/100|[from] Parting Shot\n|move|p2a: Landorus|Sandsear Storm|p1a: Ursaluna|[spread] p1a\n|-activate|p1b: Oranguru|move: Protect\n|-damage|p1a: Ursaluna|70\/100 brn\n|move|p1a: Ursaluna|Facade|p2a: Landorus\n|-damage|p2a: Landorus|0 fnt\n|faint|p2a: Landorus\n|\n|-damage|p1a: Ursaluna|64\/100 brn|[from] brn\n|upkeep\n|\n|t:|1701091235\n|switch|p2a: Gambler|Grimmsnarl, M, shiny|100\/100\n|turn|3\n|inactive|qwertyuiop87654321 has 120 seconds left.\n|inactive|Vfdfghjh has 120 seconds left.\n|\n|t:|1701091273\n|move|p1b: Oranguru|After You|p1a: Ursaluna\n|-activate|p1a: Ursaluna|move: After You\n|move|p1a: Ursaluna|Roar|p2b: Iron Thorns\n|-end|p2b: Iron Thorns|Quark Drive|[silent]\n|drag|p2b: Iron Valiant|Iron Valiant|100\/100\n|-enditem|p2b: Iron Valiant|Booster Energy\n|-activate|p2b: Iron Valiant|ability: Quark Drive|[fromitem]\n|-start|p2b: Iron Valiant|quarkdrivespe\n|move|p2a: Gambler|Spirit Break|p1b: Oranguru\n|-end|p1b: Oranguru|Substitute\n|\n|-damage|p1a: Ursaluna|58\/100 brn|[from] brn\n|upkeep\n|turn|4\n|inactive|Vfdfghjh has 120 seconds left.\n|inactive|qwertyuiop87654321 has 120 seconds left.\n|\n|t:|1701091297\n|move|p1b: Oranguru|Instruct|p1a: Ursaluna\n|-singleturn|p1a: Ursaluna|move: Instruct|[of] p1b: Oranguru\n|move|p1a: Ursaluna|Roar|p2b: Iron Valiant\n|-end|p2b: Iron Valiant|Quark Drive|[silent]\n|drag|p2b: Kingambit|Kingambit, M, shiny|100\/100\n|move|p2a: Gambler|Spirit Break|p1a: Ursaluna\n|-damage|p1a: Ursaluna|29\/100 brn\n|-unboost|p1a: Ursaluna|spa|1\n|move|p1a: Ursaluna|Facade|p2a: Gambler\n|-damage|p2a: Gambler|0 fnt\n|faint|p2a: Gambler\n|\n|-damage|p1a: Ursaluna|23\/100 brn|[from] brn\n|upkeep\n|inactive|qwertyuiop87654321 has 120 seconds left.\n|\n|t:|1701091310\n|switch|p2a: Gholdengo|Gholdengo|100\/100\n|turn|5\n|\n|t:|1701091317\n|switch|p1a: Sableye|Sableye, M|48\/100\n|move|p1b: Oranguru|Protect|p1b: Oranguru\n|-singleturn|p1b: Oranguru|Protect\n|move|p2a: Gholdengo|Make It Rain|p1b: Oranguru|[spread] p1a\n|-activate|p1b: Oranguru|move: Protect\n|-damage|p1a: Sableye|0 fnt\n|-unboost|p2a: Gholdengo|spa|1\n|faint|p1a: Sableye\n|move|p2b: Kingambit|Kowtow Cleave|p1b: Oranguru\n|-activate|p1b: Oranguru|move: Protect\n|\n|upkeep\n|\n|t:|1701091328\n|switch|p1a: Manaphy|Manaphy|100\/100\n|turn|6\n|inactive|qwertyuiop87654321 has 120 seconds left.\n|\n|t:|1701091376\n|move|p1b: Oranguru|Substitute|p1b: Oranguru\n|-start|p1b: Oranguru|Substitute\n|-damage|p1b: Oranguru|51\/100\n|move|p2b: Kingambit|Sucker Punch|p1a: Manaphy\n|-damage|p1a: Manaphy|57\/100\n|move|p1a: Manaphy|Scald|p2b: Kingambit\n|-damage|p2b: Kingambit|56\/100\n|-status|p2b: Kingambit|brn\n|-damage|p1a: Manaphy|47\/100|[from] item: Life Orb\n|move|p2a: Gholdengo|Make It Rain|p1b: Oranguru|[spread] p1a,p1b\n|-activate|p1b: Oranguru|move: Substitute|[damage]\n|-resisted|p1a: Manaphy\n|-damage|p1a: Manaphy|31\/100\n|-unboost|p2a: Gholdengo|spa|1\n|\n|-damage|p2b: Kingambit|50\/100 brn|[from] brn\n|upkeep\n|turn|7\n|inactive|qwertyuiop87654321 has 120 seconds left.\n|inactive|Vfdfghjh has 120 seconds left.\n|\n|t:|1701091425\n|switch|p1a: Dragonite|Dragonite, M|100\/100\n|move|p1b: Oranguru|Protect|p1b: Oranguru\n|-singleturn|p1b: Oranguru|Protect\n|move|p2a: Gholdengo|Nasty Plot|p2a: Gholdengo\n|-boost|p2a: Gholdengo|spa|2\n|move|p2b: Kingambit|Kowtow Cleave|p1b: Oranguru\n|-activate|p1b: Oranguru|move: Protect\n|\n|-damage|p2b: Kingambit|44\/100 brn|[from] brn\n|upkeep\n|turn|8\n|inactive|Vfdfghjh has 120 seconds left.\n|\n|t:|1701091439\n|move|p1b: Oranguru|After You|p1a: Dragonite\n|-activate|p1a: Dragonite|move: After You\n|move|p1a: Dragonite|Dragon Tail|p2a: Gholdengo\n|-resisted|p2a: Gholdengo\n|-damage|p2a: Gholdengo|81\/100\n|drag|p2a: Iron Thorns|Iron Thorns|100\/100\n|move|p2b: Kingambit|Kowtow Cleave|p1b: Oranguru\n|-supereffective|p1b: Oranguru\n|-end|p1b: Oranguru|Substitute\n|\n|-damage|p2b: Kingambit|38\/100 brn|[from] brn\n|upkeep\n|turn|9\n|j| MeowMeow33\n|inactive|qwertyuiop87654321 has 120 seconds left.\n|c| MeowMeow33|woahhhh\n|c|\u2606qwertyuiop87654321|uhhh\n|c|\u2606qwertyuiop87654321|get uot\n|c|\u2606qwertyuiop87654321|out\n|c| MeowMeow33|iron thorns can not be me\n|\n|t:|1701091487\n|move|p1b: Oranguru|Instruct|p1a: Dragonite\n|-singleturn|p1a: Dragonite|move: Instruct|[of] p1b: Oranguru\n|move|p1a: Dragonite|Dragon Tail|p2a: Iron Thorns\n|-damage|p2a: Iron Thorns|68\/100\n|-end|p2a: Iron Thorns|Quark Drive|[silent]\n|drag|p2a: Gholdengo|Gholdengo|81\/100\n|move|p2b: Kingambit|Kowtow Cleave|p1a: Dragonite\n|-damage|p1a: Dragonite|87\/100\n|move|p1a: Dragonite|Dragon Tail|p2b: Kingambit\n|-resisted|p2b: Kingambit\n|-damage|p2b: Kingambit|25\/100 brn\n|drag|p2b: Iron Thorns|Iron Thorns|68\/100\n|\n|-heal|p2a: Gholdengo|87\/100|[from] item: Leftovers\n|upkeep\n|turn|10\n|c| MeowMeow33|without sandstorm\n|c|\u2606qwertyuiop87654321|bruh\n|inactive|qwertyuiop87654321 has 120 seconds left.\n|c| MeowMeow33|bro who puts dragon tail instruct\n|c| MeowMeow33|and no hazards\n|c|\u2606qwertyuiop87654321|this guy\n|c| MeowMeow33|cannot be me\n|c| MeowMeow33|this GUY\n|inactive|Vfdfghjh has 120 seconds left.\n|\n|t:|1701091538\n|move|p1b: Oranguru|Protect|p1b: Oranguru\n|-singleturn|p1b: Oranguru|Protect\n|move|p2a: Gholdengo|Make It Rain|p1b: Oranguru|[spread] p1a\n|-activate|p1b: Oranguru|move: Protect\n|-damage|p1a: Dragonite|30\/100\n|-unboost|p2a: Gholdengo|spa|1\n|move|p1a: Dragonite|Body Slam|p2b: Iron Thorns\n|-resisted|p2b: Iron Thorns\n|-damage|p2b: Iron Thorns|52\/100\n|move|p2b: Iron Thorns|Rock Blast|p1a: Dragonite\n|-supereffective|p1a: Dragonite\n|-damage|p1a: Dragonite|0 fnt\n|faint|p1a: Dragonite\n|-hitcount|p1: Dragonite|1\n|\n|-heal|p2a: Gholdengo|94\/100|[from] item: Leftovers\n|upkeep\n|c|\u2606qwertyuiop87654321|they ahve prankster on the oranguru btw\n|inactive|Vfdfghjh has 90 seconds left.\n|\n|t:|1701091553\n|switch|p1a: Ursaluna|Ursaluna, F, tera:Normal|23\/100 brn\n|turn|11\n|inactive|qwertyuiop87654321 has 120 seconds left.\n|\n|t:|1701091580\n|move|p1b: Oranguru|After You|p1a: Ursaluna\n|-activate|p1a: Ursaluna|move: After You\n|move|p1a: Ursaluna|Earthquake|p2a: Gholdengo|[spread] p1b,p2a,p2b\n|-supereffective|p2a: Gholdengo\n|-supereffective|p2b: Iron Thorns\n|-damage|p1b: Oranguru|0 fnt\n|-damage|p2a: Gholdengo|0 fnt\n|-damage|p2b: Iron Thorns|0 fnt\n|faint|p1b: Oranguru\n|faint|p2a: Gholdengo\n|faint|p2b: Iron Thorns\n|-end|p2b: Iron Thorns|Quark Drive|[silent]\n|\n|-damage|p1a: Ursaluna|17\/100 brn|[from] brn\n|upkeep\n|inactive|Vfdfghjh has 120 seconds left.\n|\n|t:|1701091599\n|switch|p2a: Iron Valiant|Iron Valiant|100\/100\n|switch|p2b: Kingambit|Kingambit, M, shiny|25\/100 brn\n|switch|p1b: Tornadus|Tornadus, M|100\/100\n|turn|12\n|\n|t:|1701091610\n|move|p2b: Kingambit|Sucker Punch|p1a: Ursaluna\n|-damage|p1a: Ursaluna|1\/100 brn\n|move|p2a: Iron Valiant|Spirit Break|p1b: Tornadus\n|-damage|p1b: Tornadus|47\/100\n|-unboost|p1b: Tornadus|spa|1\n|move|p1b: Tornadus|Bleakwind Storm|p2b: Kingambit|[spread] p2a,p2b\n|-supereffective|p2a: Iron Valiant\n|-resisted|p2b: Kingambit\n|-damage|p2a: Iron Valiant|25\/100\n|-damage|p2b: Kingambit|16\/100 brn\n|move|p1a: Ursaluna|Facade|p2a: Iron Valiant\n|-damage|p2a: Iron Valiant|0 fnt\n|faint|p2a: Iron Valiant\n|-end|p2a: Iron Valiant|Quark Drive|[silent]\n|\n|-damage|p1a: Ursaluna|0 fnt|[from] brn\n|faint|p1a: Ursaluna\n|-damage|p2b: Kingambit|10\/100 brn|[from] brn\n|upkeep\n|j| bestfishguy\n|c|\u2606qwertyuiop87654321|bruh\n|inactive|Vfdfghjh has 120 seconds left.\n|c| bestfishguy|damn dog u guys kinda suck at this game being honest from a neutral standpoint\n|c|\u2606qwertyuiop87654321|not you too\n|c| MeowMeow33|no wqay u talking\n|c| MeowMeow33|and losing\n|c| MeowMeow33|bro\n|c| MeowMeow33|lol\n|inactive|Vfdfghjh has 90 seconds left.\n|c| MeowMeow33|scrub\n|c|\u2606qwertyuiop87654321|it survived with 1 hp not my fault\n|c| MeowMeow33|skill issue\n|inactive|Vfdfghjh has 60 seconds left.\n|c| MeowMeow33|yo best fish wanna play\n|c| bestfishguy|ok\n|c| MeowMeow33|hackmon doubles\n|c| MeowMeow33|or ou\n|c| bestfishguy|hackmons for now i got a new team waiting for you\n|inactive|Vfdfghjh has 30 seconds left.\n|inactive|Vfdfghjh has 20 seconds left.\n|c| MeowMeow33|ight ight\n|inactive|Vfdfghjh has 15 seconds left.\n|l| MeowMeow33\n|inactive|Vfdfghjh has 10 seconds left.\n|inactive|Vfdfghjh has 5 seconds left.\n|c|\u2606qwertyuiop87654321|oh\n|-message|Vfdfghjh lost due to inactivity.\n|\n|win|qwertyuiop87654321\n|raw|Vfdfghjh's rating: 1091 &rarr; <strong>1073<\/strong><br \/>(-18 for losing)\n|raw|qwertyuiop87654321's rating: 1177 &rarr; <strong>1196<\/strong><br \/>(+19 for winning)\n","uploadtime":1701091635,"views":12,"p1id":"vfdfghjh","p2id":"qwertyuiop87654321","formatid":"gen9doublesou","rating":1073,"private":0,"password":""}