{"id":"gen9doublesou-1974666128","p1":"pigvar","p2":"Jhonbula","format":"[Gen 9] Doubles OU","log":"|j|\u2606pigvar\n|j|\u2606Jhonbula\n|t:|1698108300\n|gametype|doubles\n|player|p1|pigvar|mira|\n|player|p2|Jhonbula|102|\n|teamsize|p1|6\n|teamsize|p2|6\n|gen|9\n|tier|[Gen 9] Doubles OU\n|rule|Species Clause: Limit one of each Pok\u00e9mon\n|rule|OHKO Clause: OHKO moves are banned\n|rule|Evasion Moves Clause: Evasion moves are banned\n|rule|Gravity Sleep Clause: The combination of sleep-inducing moves with imperfect accuracy and Gravity or Gigantamax Orbeetle are banned\n|rule|Endless Battle Clause: Forcing endless battles is banned\n|rule|HP Percentage Mod: HP is shown in percentages\n|clearpoke\n|poke|p1|Palafin, M|\n|poke|p1|Spectrier|\n|poke|p1|Chien-Pao|\n|poke|p1|Gardevoir, F|\n|poke|p1|Garchomp, F|\n|poke|p1|Salazzle, F|\n|poke|p2|Dragapult, M|\n|poke|p2|Grimmsnarl, M|\n|poke|p2|Krookodile, M|\n|poke|p2|Sylveon, F|\n|poke|p2|Chi-Yu|\n|poke|p2|Rotom|\n|teampreview\n|c|\u2606pigvar|not the rotom\n|\n|t:|1698108326\n|start\n|switch|p1a: Palafin|Palafin, M|100\/100\n|switch|p1b: Garchomp|Garchomp, F|100\/100\n|switch|p2a: Dragapult|Dragapult, M|100\/100\n|switch|p2b: Grimmsnarl|Grimmsnarl, M|100\/100\n|turn|1\n|\n|t:|1698108349\n|detailschange|p1a: Palafin|Palafin-Hero, M\n|switch|p1a: Smash|Gardevoir, F|100\/100\n|-ability|p1a: Smash|Infiltrator|[from] ability: Trace|[of] p2a: Dragapult\n|-terastallize|p2a: Dragapult|Steel\n|move|p2b: Grimmsnarl|Swagger|p2a: Dragapult\n|-boost|p2a: Dragapult|atk|2\n|-start|p2a: Dragapult|confusion\n|-enditem|p2a: Dragapult|Lum Berry|[eat]\n|-end|p2a: Dragapult|confusion\n|move|p2a: Dragapult|Dragon Darts|p1b: Garchomp\n|-supereffective|p1b: Garchomp\n|-damage|p1b: Garchomp|0 fnt\n|faint|p1b: Garchomp\n|\n|upkeep\n|c|\u2606pigvar|NOOOOOO\n|c|\u2606pigvar|I WAS GONNA DO THIS\n|c|\u2606pigvar|WHAT THE FUCK\n|\n|t:|1698108369\n|switch|p1b: Palafin|Palafin-Hero, M|100\/100\n|-activate|p1b: Palafin|ability: Zero to Hero\n|turn|2\n|c|\u2606Jhonbula|:D\n|\n|t:|1698108412\n|move|p1b: Palafin|Jet Punch|p2a: Dragapult\n|-damage|p2a: Dragapult|30\/100\n|move|p2b: Grimmsnarl|Parting Shot|p1b: Palafin\n|-unboost|p1b: Palafin|atk|1\n|-unboost|p1b: Palafin|spa|1\n|\n|t:|1698108424\n|switch|p2b: Sylveon|Sylveon, F|100\/100|[from] Parting Shot\n|move|p2a: Dragapult|Acrobatics|p1b: Palafin\n|-damage|p1b: Palafin|41\/100\n|move|p1a: Smash|Moonblast|p2b: Sylveon\n|-damage|p2b: Sylveon|65\/100\n|\n|upkeep\n|turn|3\n|\n|t:|1698108459\n|move|p1b: Palafin|Jet Punch|p2a: Dragapult\n|-damage|p2a: Dragapult|0 fnt\n|faint|p2a: Dragapult\n|move|p1a: Smash|Moonblast|p2b: Sylveon\n|-damage|p2b: Sylveon|30\/100\n|-unboost|p2b: Sylveon|spa|1\n|move|p2b: Sylveon|Hyper Voice|p1a: Smash|[spread] p1a,p1b\n|-damage|p1a: Smash|54\/100\n|-damage|p1b: Palafin|0 fnt\n|faint|p1b: Palafin\n|\n|upkeep\n|\n|t:|1698108472\n|switch|p2a: Chi-Yu|Chi-Yu|100\/100\n|switch|p1b: Edgy Horse|Spectrier|100\/100\n|-ability|p2a: Chi-Yu|Beads of Ruin\n|turn|4\n|\n|t:|1698108501\n|switch|p2b: Grimmsnarl|Grimmsnarl, M|100\/100\n|move|p1b: Edgy Horse|Shadow Ball|p2b: Grimmsnarl\n|-resisted|p2b: Grimmsnarl\n|-damage|p2b: Grimmsnarl|72\/100\n|move|p1a: Smash|Moonblast|p2a: Chi-Yu\n|-damage|p2a: Chi-Yu|39\/100\n|move|p2a: Chi-Yu|Heat Wave|p1a: Smash|[spread] p1a,p1b\n|-damage|p1a: Smash|0 fnt\n|-damage|p1b: Edgy Horse|42\/100\n|-status|p1b: Edgy Horse|brn\n|faint|p1a: Smash\n|\n|-heal|p2a: Chi-Yu|45\/100|[from] item: Leftovers\n|-heal|p2b: Grimmsnarl|79\/100|[from] item: Leftovers\n|-damage|p1b: Edgy Horse|36\/100 brn|[from] brn\n|upkeep\n|\n|t:|1698108512\n|switch|p1a: Also Also Smash|Salazzle, F|100\/100\n|-item|p1a: Also Also Smash|Air Balloon\n|turn|5\n|\n|t:|1698108538\n|move|p1a: Also Also Smash|Fake Out|p2a: Chi-Yu\n|-damage|p2a: Chi-Yu|38\/100\n|move|p2b: Grimmsnarl|Parting Shot|p1b: Edgy Horse\n|-unboost|p1b: Edgy Horse|atk|1\n|-unboost|p1b: Edgy Horse|spa|1\n|\n|t:|1698108546\n|switch|p2b: Krookodile|Krookodile, M|100\/100|[from] Parting Shot\n|move|p1b: Edgy Horse|Shadow Ball|p2a: Chi-Yu\n|-resisted|p2a: Chi-Yu\n|-damage|p2a: Chi-Yu|19\/100\n|cant|p2a: Chi-Yu|flinch\n|\n|-heal|p2a: Chi-Yu|25\/100|[from] item: Leftovers\n|-damage|p1b: Edgy Horse|30\/100 brn|[from] brn\n|upkeep\n|turn|6\n|\n|t:|1698108594\n|move|p1b: Edgy Horse|Shadow Ball|p2a: Chi-Yu\n|-resisted|p2a: Chi-Yu\n|-damage|p2a: Chi-Yu|4\/100\n|move|p2b: Krookodile|Rock Slide|p1a: Also Also Smash|[spread] p1a,p1b\n|-supereffective|p1a: Also Also Smash\n|-damage|p1a: Also Also Smash|36\/100\n|-damage|p1b: Edgy Horse|5\/100 brn\n|-enditem|p1a: Also Also Smash|Air Balloon\n|move|p1a: Also Also Smash|Toxic|p2b: Krookodile\n|-status|p2b: Krookodile|tox\n|move|p2a: Chi-Yu|Heat Wave|p1a: Also Also Smash|[spread] p1a,p1b\n|-resisted|p1a: Also Also Smash\n|-damage|p1a: Also Also Smash|0 fnt\n|-damage|p1b: Edgy Horse|0 fnt\n|faint|p1a: Also Also Smash\n|faint|p1b: Edgy Horse\n|\n|-heal|p2a: Chi-Yu|10\/100|[from] item: Leftovers\n|-damage|p2b: Krookodile|94\/100 tox|[from] psn\n|upkeep\n|\n|t:|1698108601\n|switch|p1a: Chien-Pao|Chien-Pao|100\/100\n|-ability|p1a: Chien-Pao|Sword of Ruin\n|turn|7\n|\n|t:|1698108611\n|-terastallize|p1a: Chien-Pao|Dark\n|move|p1a: Chien-Pao|Ice Shard|p2b: Krookodile\n|-supereffective|p2b: Krookodile\n|-damage|p2b: Krookodile|7\/100 tox\n|-damage|p1a: Chien-Pao|91\/100|[from] item: Life Orb\n|move|p2b: Krookodile|Rock Slide|p1a: Chien-Pao\n|-damage|p1a: Chien-Pao|52\/100\n|move|p2a: Chi-Yu|Will-O-Wisp|p1a: Chien-Pao|[miss]\n|-miss|p2a: Chi-Yu|p1a: Chien-Pao\n|\n|-heal|p2a: Chi-Yu|16\/100|[from] item: Leftovers\n|-damage|p2b: Krookodile|0 fnt|[from] psn\n|faint|p2b: Krookodile\n|upkeep\n|\n|t:|1698108620\n|switch|p2b: Sylveon|Sylveon, F|30\/100\n|turn|8\n|\n|t:|1698108652\n|move|p1a: Chien-Pao|Ice Shard|p2b: Sylveon\n|-crit|p2b: Sylveon\n|-damage|p2b: Sylveon|0 fnt\n|faint|p2b: Sylveon\n|-damage|p1a: Chien-Pao|42\/100|[from] item: Life Orb\n|move|p2a: Chi-Yu|Dark Pulse|p1a: Chien-Pao\n|-resisted|p1a: Chien-Pao\n|-damage|p1a: Chien-Pao|2\/100\n|\n|-heal|p2a: Chi-Yu|22\/100|[from] item: Leftovers\n|upkeep\n|c|\u2606Jhonbula|ggs\n|c|\u2606pigvar|gg\n|\n|t:|1698108661\n|switch|p2b: Rotom|Rotom|100\/100\n|turn|9\n|\n|t:|1698108673\n|move|p2b: Rotom|Helping Hand|p2a: Chi-Yu\n|-singleturn|p2a: Chi-Yu|Helping Hand|[of] p2b: Rotom\n|move|p1a: Chien-Pao|Ice Shard|p2a: Chi-Yu\n|-resisted|p2a: Chi-Yu\n|-damage|p2a: Chi-Yu|0 fnt\n|faint|p2a: Chi-Yu\n|-damage|p1a: Chien-Pao|0 fnt|[from] item: Life Orb\n|faint|p1a: Chien-Pao\n|\n|win|Jhonbula\n","uploadtime":1698108680,"views":13,"p1id":"pigvar","p2id":"jhonbula","formatid":"gen9doublesou","rating":0,"private":0,"password":""}