{"id":"gen9doublesou-1991688480","p1":"Elite.4.Challenger","p2":"Dougtrio_0","format":"[Gen 9] Doubles OU","log":"|j|\u2606Elite.4.Challenger\n|j|\u2606Dougtrio_0\n|t:|1700102846\n|gametype|doubles\n|player|p1|Elite.4.Challenger|koga|1309\n|player|p2|Dougtrio_0|2|1309\n|teamsize|p1|6\n|teamsize|p2|6\n|gen|9\n|tier|[Gen 9] Doubles OU\n|rated|\n|rule|Species Clause: Limit one of each Pok\u00e9mon\n|rule|OHKO Clause: OHKO moves are banned\n|rule|Evasion Moves Clause: Evasion moves are banned\n|rule|Gravity Sleep Clause: The combination of sleep-inducing moves with imperfect accuracy and Gravity or Gigantamax Orbeetle are banned\n|rule|Endless Battle Clause: Forcing endless battles is banned\n|rule|HP Percentage Mod: HP is shown in percentages\n|clearpoke\n|poke|p1|Zapdos|\n|poke|p1|Grimmsnarl, M|\n|poke|p1|Basculegion-F, F|\n|poke|p1|Goodra-Hisui, M|\n|poke|p1|Politoed, F|\n|poke|p1|Toxicroak, F|\n|poke|p2|Sinistcha|\n|poke|p2|Torkoal, F|\n|poke|p2|Dragonite, F|\n|poke|p2|Jirachi|\n|poke|p2|Cresselia, F|\n|poke|p2|Snorlax, F|\n|teampreview\n|j| bananaszn\n|\n|t:|1700102871\n|start\n|switch|p1a: Michael Phelps|Basculegion-F, F|100\/100\n|switch|p1b: Gollum|Grimmsnarl, M|100\/100\n|switch|p2a: Snorlax|Snorlax, F|100\/100\n|switch|p2b: Cresselia|Cresselia, F|100\/100\n|turn|1\n|\n|t:|1700102896\n|move|p1b: Gollum|Fake Out|p2a: Snorlax\n|-damage|p2a: Snorlax|90\/100\n|move|p1a: Michael Phelps|Shadow Ball|p2b: Cresselia\n|-supereffective|p2b: Cresselia\n|-damage|p2b: Cresselia|33\/100\n|cant|p2a: Snorlax|flinch\n|move|p2b: Cresselia|Trick Room|p2b: Cresselia\n|-fieldstart|move: Trick Room|[of] p2b: Cresselia\n|\n|-heal|p2b: Cresselia|39\/100|[from] item: Leftovers\n|upkeep\n|turn|2\n|\n|t:|1700102925\n|switch|p1b: Kermit the Frog|Politoed, F|100\/100\n|-weather|RainDance|[from] ability: Drizzle|[of] p1b: Kermit the Frog\n|move|p2a: Snorlax|Belly Drum|p2a: Snorlax\n|-damage|p2a: Snorlax|40\/100\n|-setboost|p2a: Snorlax|atk|6|[from] move: Belly Drum\n|-enditem|p2a: Snorlax|Sitrus Berry|[eat]\n|-heal|p2a: Snorlax|65\/100|[from] item: Sitrus Berry\n|move|p2b: Cresselia|Lunar Blessing|p2b: Cresselia|[spread] p2a,p2b\n|-heal|p2a: Snorlax|90\/100\n|-heal|p2b: Cresselia|64\/100\n|move|p1a: Michael Phelps|Shadow Ball|p2b: Cresselia\n|-supereffective|p2b: Cresselia\n|-damage|p2b: Cresselia|0 fnt\n|faint|p2b: Cresselia\n|\n|-weather|RainDance|[upkeep]\n|upkeep\n|\n|t:|1700102951\n|switch|p2b: Torkoal|Torkoal, F|100\/100\n|-weather|SunnyDay|[from] ability: Drought|[of] p2b: Torkoal\n|turn|3\n|\n|t:|1700102964\n|switch|p1b: Gollum|Grimmsnarl, M|100\/100\n|switch|p1a: James Murray|Goodra-Hisui, M|100\/100\n|-terastallize|p2b: Torkoal|Grass\n|move|p2b: Torkoal|Solar Beam||[still]\n|-prepare|p2b: Torkoal|Solar Beam\n|-anim|p2b: Torkoal|Solar Beam|p1a: James Murray\n|-ability|p1a: James Murray|Sap Sipper|boost\n|-boost|p1a: James Murray|atk|1\n|move|p2a: Snorlax|Rock Slide|p1a: James Murray|[spread] p1a,p1b\n|-resisted|p1a: James Murray\n|-damage|p1a: James Murray|65\/100\n|-damage|p1b: Gollum|10\/100\n|\n|-weather|SunnyDay|[upkeep]\n|upkeep\n|turn|4\n|\n|t:|1700102984\n|move|p1b: Gollum|Fake Out|p2a: Snorlax\n|-damage|p2a: Snorlax|78\/100\n|move|p2b: Torkoal|Weather Ball|p1a: James Murray\n|-damage|p1a: James Murray|21\/100\n|-enditem|p1a: James Murray|Iapapa Berry|[eat]\n|-heal|p1a: James Murray|54\/100|[from] item: Iapapa Berry\n|-damage|p2b: Torkoal|91\/100|[from] item: Life Orb\n|cant|p2a: Snorlax|flinch\n|move|p1a: James Murray|Dragon Tail|p2a: Snorlax\n|-damage|p2a: Snorlax|55\/100\n|drag|p2a: Sinistcha|Sinistcha|100\/100\n|-heal|p2b: Torkoal|100\/100|[from] ability: Hospitality|[of] p2a: Sinistcha\n|\n|-weather|SunnyDay|[upkeep]\n|upkeep\n|turn|5\n|\n|t:|1700103012\n|move|p1b: Gollum|Parting Shot|p2a: Sinistcha\n|-unboost|p2a: Sinistcha|atk|1\n|-unboost|p2a: Sinistcha|spa|1\n|\n|t:|1700103016\n|switch|p1b: Kermit the Frog|Politoed, F|100\/100|[from] Parting Shot\n|-weather|RainDance|[from] ability: Drizzle|[of] p1b: Kermit the Frog\n|move|p2b: Torkoal|Eruption|p1b: Kermit the Frog|[spread] p1a,p1b\n|-resisted|p1b: Kermit the Frog\n|-damage|p1a: James Murray|38\/100\n|-damage|p1b: Kermit the Frog|91\/100\n|-enditem|p1b: Kermit the Frog|Eject Button\n|-damage|p2b: Torkoal|91\/100|[from] item: Life Orb\n|\n|t:|1700103025\n|switch|p1b: Kermit the Dawg|Toxicroak, F|100\/100\n|move|p1a: James Murray|Acid Spray|p2b: Torkoal\n|-supereffective|p2b: Torkoal\n|-damage|p2b: Torkoal|54\/100\n|-unboost|p2b: Torkoal|spd|2\n|move|p2a: Sinistcha|Hex|p1a: James Murray\n|-damage|p1a: James Murray|25\/100\n|\n|-weather|RainDance|[upkeep]\n|-fieldend|move: Trick Room\n|upkeep\n|turn|6\n|\n|t:|1700103051\n|move|p2a: Sinistcha|Protect|p2a: Sinistcha\n|-singleturn|p2a: Sinistcha|Protect\n|move|p1b: Kermit the Dawg|Poison Jab|p2a: Sinistcha\n|-activate|p2a: Sinistcha|move: Protect\n|move|p1a: James Murray|Flash Cannon|p2b: Torkoal\n|-damage|p2b: Torkoal|0 fnt\n|faint|p2b: Torkoal\n|\n|-weather|RainDance|[upkeep]\n|upkeep\n|c| bananaszn|got exposed in my gain\n|c| bananaszn|*game\n|\n|t:|1700103063\n|switch|p2b: Jirachi|Jirachi|100\/100\n|turn|7\n|c|\u2606Elite.4.Challenger|lol i need to join\n|c|\u2606Elite.4.Challenger|oh rip its done\n|c| bananaszn|yea\n|inactive|Battle timer is ON: inactive players will automatically lose when time's up. (requested by Dougtrio_0)\n|\n|t:|1700103119\n|switch|p2a: Snorlax|Snorlax, F|55\/100\n|switch|p1a: Michael Phelps|Basculegion-F, F|100\/100\n|move|p1b: Kermit the Dawg|Fake Out||[still]\n|-hint|Fake Out only works on your first turn out.\n|-fail|p1b: Kermit the Dawg\n|move|p2b: Jirachi|Thunder Punch|p1a: Michael Phelps\n|-supereffective|p1a: Michael Phelps\n|-damage|p1a: Michael Phelps|24\/100\n|\n|-weather|RainDance|[upkeep]\n|upkeep\n|turn|8\n|c|\u2606Elite.4.Challenger|im stupid lol\n|\n|t:|1700103141\n|move|p1a: Michael Phelps|Shadow Ball|p2b: Jirachi\n|-supereffective|p2b: Jirachi\n|-damage|p2b: Jirachi|6\/100\n|move|p1b: Kermit the Dawg|Close Combat|p2a: Snorlax\n|-supereffective|p2a: Snorlax\n|-damage|p2a: Snorlax|0 fnt\n|-unboost|p1b: Kermit the Dawg|def|1\n|-unboost|p1b: Kermit the Dawg|spd|1\n|faint|p2a: Snorlax\n|-damage|p1b: Kermit the Dawg|91\/100|[from] item: Life Orb\n|move|p2b: Jirachi|Thunder Punch|p1a: Michael Phelps\n|-supereffective|p1a: Michael Phelps\n|-damage|p1a: Michael Phelps|0 fnt\n|faint|p1a: Michael Phelps\n|\n|-weather|RainDance|[upkeep]\n|-heal|p1b: Kermit the Dawg|100\/100|[from] ability: Dry Skin\n|upkeep\n|\n|t:|1700103161\n|switch|p1a: Big Bird|Zapdos|100\/100\n|switch|p2a: Sinistcha|Sinistcha|100\/100\n|-heal|p2b: Jirachi|31\/100|[from] ability: Hospitality|[of] p2a: Sinistcha\n|turn|9\n|\n|t:|1700103174\n|move|p1b: Kermit the Dawg|Sucker Punch|p2b: Jirachi\n|-supereffective|p2b: Jirachi\n|-damage|p2b: Jirachi|0 fnt\n|faint|p2b: Jirachi\n|-damage|p1b: Kermit the Dawg|91\/100|[from] item: Life Orb\n|move|p1a: Big Bird|Hurricane|p2a: Sinistcha\n|-supereffective|p2a: Sinistcha\n|-damage|p2a: Sinistcha|0 fnt\n|faint|p2a: Sinistcha\n|\n|-weather|none\n|upkeep\n|\n|t:|1700103187\n|switch|p2b: Dragonite|Dragonite, F|100\/100\n|turn|10\n|\n|t:|1700103195\n|switch|p1b: Kermit the Frog|Politoed, F|91\/100\n|-weather|RainDance|[from] ability: Drizzle|[of] p1b: Kermit the Frog\n|move|p1a: Big Bird|Thunder|p2b: Dragonite\n|-damage|p2b: Dragonite|38\/100\n|move|p2b: Dragonite|Dragon Dance|p2b: Dragonite\n|-boost|p2b: Dragonite|atk|1\n|-boost|p2b: Dragonite|spe|1\n|\n|-weather|RainDance|[upkeep]\n|upkeep\n|turn|11\n|\n|t:|1700103207\n|move|p1b: Kermit the Frog|Helping Hand|p1a: Big Bird\n|-singleturn|p1a: Big Bird|Helping Hand|[of] p1b: Kermit the Frog\n|move|p2b: Dragonite|Dragon Dance|p2b: Dragonite\n|-boost|p2b: Dragonite|atk|1\n|-boost|p2b: Dragonite|spe|1\n|move|p1a: Big Bird|Thunder|p2b: Dragonite\n|-damage|p2b: Dragonite|0 fnt\n|faint|p2b: Dragonite\n|\n|win|Elite.4.Challenger\n|raw|Elite.4.Challenger's rating: 1309 &rarr; <strong>1329<\/strong><br \/>(+20 for winning)\n|raw|Dougtrio_0's rating: 1309 &rarr; <strong>1289<\/strong><br \/>(-20 for losing)\n|c|\u2606Elite.4.Challenger|gg\n|l|\u2606Dougtrio_0\n|c|\u2606Elite.4.Challenger|you gonna start one banana\n|c| bananaszn|ya\n|c| bananaszn|its loading\n|j| I like Glaceon yay\n|c| I like Glaceon yay|RAIN\n|c|\u2606Elite.4.Challenger|just finished join bananas\n|c| I like Glaceon yay|ye\n|l| I like Glaceon yay\n","uploadtime":1700103668,"views":7,"p1id":"elite4challenger","p2id":"dougtrio0","formatid":"gen9doublesou","rating":1289,"private":0,"password":""}