{"id":"gen9doublesou-1982185764","p1":"chippers76","p2":"Masked Dipity","format":"[Gen 9] Doubles OU","log":"|j|\u2606chippers76\n|j|\u2606Masked Dipity\n|t:|1698976845\n|gametype|doubles\n|player|p1|chippers76|hilda-wonderlauncher|1079\n|player|p2|Masked Dipity|will|1132\n|teamsize|p1|6\n|teamsize|p2|6\n|gen|9\n|tier|[Gen 9] Doubles OU\n|rated|\n|rule|Species Clause: Limit one of each Pok\u00e9mon\n|rule|OHKO Clause: OHKO moves are banned\n|rule|Evasion Moves Clause: Evasion moves are banned\n|rule|Gravity Sleep Clause: The combination of sleep-inducing moves with imperfect accuracy and Gravity or Gigantamax Orbeetle are banned\n|rule|Endless Battle Clause: Forcing endless battles is banned\n|rule|HP Percentage Mod: HP is shown in percentages\n|clearpoke\n|poke|p1|Typhlosion-Hisui, F|\n|poke|p1|Gholdengo|\n|poke|p1|Kleavor, M|\n|poke|p1|Tornadus, M|\n|poke|p1|Snorlax, F|\n|poke|p1|Grimmsnarl, M|\n|poke|p2|Fezandipiti, M|\n|poke|p2|Mienshao, M|\n|poke|p2|Goodra-Hisui, F|\n|poke|p2|Glimmora, M|\n|poke|p2|Skeledirge, F|\n|poke|p2|Sableye, M|\n|teampreview\n|j| Zangoosefriend96\n|j| discord raider\n|\n|t:|1698976869\n|start\n|switch|p1a: Thanks Doc|Tornadus, M|100\/100\n|switch|p1b: Snorlax|Snorlax, F|100\/100\n|switch|p2a: Octave|Glimmora, M|100\/100\n|switch|p2b: Scherzo|Sableye, M|100\/100\n|turn|1\n|\n|t:|1698976886\n|move|p1a: Thanks Doc|Taunt|p2a: Octave\n|-start|p2a: Octave|move: Taunt\n|move|p2b: Scherzo|Taunt|p1a: Thanks Doc\n|-start|p1a: Thanks Doc|move: Taunt\n|cant|p2a: Octave|move: Taunt|Stealth Rock\n|move|p1b: Snorlax|Curse|p1b: Snorlax\n|-unboost|p1b: Snorlax|spe|1\n|-boost|p1b: Snorlax|atk|1\n|-boost|p1b: Snorlax|def|1\n|\n|upkeep\n|turn|2\n|\n|t:|1698976906\n|switch|p1a: Grimmsnarl|Grimmsnarl, M|100\/100\n|move|p2b: Scherzo|Light Screen|p2b: Scherzo\n|-sidestart|p2: Masked Dipity|move: Light Screen\n|move|p2a: Octave|Power Gem|p1a: Grimmsnarl\n|-damage|p1a: Grimmsnarl|72\/100\n|move|p1b: Snorlax|Curse|p1b: Snorlax\n|-unboost|p1b: Snorlax|spe|1\n|-boost|p1b: Snorlax|atk|1\n|-boost|p1b: Snorlax|def|1\n|\n|upkeep\n|turn|3\n|\n|t:|1698976938\n|switch|p2a: Madrigal|Mienshao, M|100\/100\n|move|p1a: Grimmsnarl|Reflect|p1a: Grimmsnarl\n|-sidestart|p1: chippers76|Reflect\n|move|p2b: Scherzo|Sucker Punch||[still]\n|-fail|p2b: Scherzo\n|move|p1b: Snorlax|Earthquake|p2b: Scherzo|[spread] p1a,p2a,p2b\n|-damage|p1a: Grimmsnarl|47\/100\n|-damage|p2a: Madrigal|31\/100\n|-damage|p2b: Scherzo|62\/100\n|-enditem|p2b: Scherzo|Red Card|[of] p1b: Snorlax\n|drag|p1b: Thanks Doc|Tornadus, M|100\/100\n|\n|upkeep\n|turn|4\n|\n|t:|1698976969\n|move|p2a: Madrigal|Fake Out|p1b: Thanks Doc\n|-damage|p1b: Thanks Doc|83\/100\n|-damage|p2a: Madrigal|22\/100|[from] item: Life Orb\n|cant|p1b: Thanks Doc|flinch\n|move|p2b: Scherzo|Taunt|p1b: Thanks Doc\n|-start|p1b: Thanks Doc|move: Taunt\n|move|p1a: Grimmsnarl|Spirit Break|p2b: Scherzo\n|-supereffective|p2b: Scherzo\n|-damage|p2b: Scherzo|0 fnt\n|faint|p2b: Scherzo\n|\n|upkeep\n|\n|t:|1698976984\n|switch|p2b: Harmony|Goodra-Hisui, F|100\/100\n|turn|5\n|\n|t:|1698976996\n|switch|p1b: Snorlax|Snorlax, F|100\/100\n|move|p1a: Grimmsnarl|Light Screen|p1a: Grimmsnarl\n|-sidestart|p1: chippers76|move: Light Screen\n|move|p2a: Madrigal|Brick Break|p1a: Grimmsnarl\n|-sideend|p1: chippers76|Reflect\n|-sideend|p1: chippers76|move: Light Screen\n|-damage|p1a: Grimmsnarl|0 fnt\n|faint|p1a: Grimmsnarl\n|-damage|p2a: Madrigal|12\/100|[from] item: Life Orb\n|move|p2b: Harmony|Thunderbolt|p1b: Snorlax\n|-damage|p1b: Snorlax|85\/100\n|\n|-heal|p1b: Snorlax|91\/100|[from] item: Leftovers\n|upkeep\n|\n|t:|1698977005\n|switch|p1a: Fabulous|Typhlosion-Hisui, F|100\/100\n|-item|p2a: Madrigal|Life Orb|[from] ability: Frisk|[of] p1a: Fabulous|[identify]\n|-item|p2b: Harmony|Leftovers|[from] ability: Frisk|[of] p1a: Fabulous|[identify]\n|turn|6\n|\n|t:|1698977025\n|-terastallize|p1a: Fabulous|Fire\n|-terastallize|p2b: Harmony|Ghost\n|move|p1a: Fabulous|Eruption|p2b: Harmony|[spread] p2a,p2b\n|-damage|p2a: Madrigal|0 fnt\n|-damage|p2b: Harmony|66\/100\n|faint|p2a: Madrigal\n|move|p2b: Harmony|Thunderbolt|p1a: Fabulous\n|-damage|p1a: Fabulous|57\/100\n|move|p1b: Snorlax|Curse|p1b: Snorlax\n|-unboost|p1b: Snorlax|spe|1\n|-boost|p1b: Snorlax|atk|1\n|-boost|p1b: Snorlax|def|1\n|\n|-heal|p2b: Harmony|72\/100|[from] item: Leftovers\n|-heal|p1b: Snorlax|97\/100|[from] item: Leftovers\n|-sideend|p2: Masked Dipity|move: Light Screen\n|upkeep\n|\n|t:|1698977037\n|switch|p2a: Allgero|Skeledirge, F|100\/100\n|turn|7\n|\n|t:|1698977060\n|switch|p1a: Thanks Doc|Tornadus, M|83\/100\n|switch|p2b: Octave|Glimmora, M|100\/100\n|move|p1b: Snorlax|Earthquake|p2b: Octave|[spread] p2a,p2b\n|-immune|p1a: Thanks Doc\n|-supereffective|p2a: Allgero\n|-crit|p2a: Allgero\n|-supereffective|p2b: Octave\n|-damage|p2a: Allgero|54\/100\n|-enditem|p2b: Octave|Focus Sash\n|-damage|p2b: Octave|1\/100\n|-activate|p2b: Octave|ability: Toxic Debris\n|-sidestart|p1: chippers76|move: Toxic Spikes\n|move|p2a: Allgero|Roar|p1b: Snorlax\n|-enditem|p2a: Allgero|Throat Spray\n|-boost|p2a: Allgero|spa|1|[from] item: Throat Spray\n|drag|p1b: Surfs up dude|Gholdengo|100\/100\n|\n|upkeep\n|turn|8\n|\n|t:|1698977094\n|move|p2b: Octave|Spiky Shield|p2b: Octave\n|-singleturn|p2b: Octave|move: Protect\n|move|p1a: Thanks Doc|Tailwind|p1a: Thanks Doc\n|-sidestart|p1: chippers76|move: Tailwind\n|move|p1b: Surfs up dude|Shadow Ball|p2a: Allgero\n|-supereffective|p2a: Allgero\n|-damage|p2a: Allgero|0 fnt\n|faint|p2a: Allgero\n|-damage|p1b: Surfs up dude|91\/100|[from] item: Life Orb\n|\n|upkeep\n|\n|t:|1698977110\n|switch|p2a: Harmony|Goodra-Hisui, F, tera:Ghost|72\/100\n|turn|9\n|\n|t:|1698977125\n|move|p1a: Thanks Doc|Bleakwind Storm|p2b: Octave|[spread] p2a,p2b\n|-resisted|p2b: Octave\n|-damage|p2a: Harmony|47\/100\n|-damage|p2b: Octave|0 fnt\n|faint|p2b: Octave\n|move|p1b: Surfs up dude|Shadow Ball|p2a: Harmony\n|-supereffective|p2a: Harmony\n|-damage|p2a: Harmony|0 fnt\n|faint|p2a: Harmony\n|-damage|p1b: Surfs up dude|81\/100|[from] item: Life Orb\n|\n|upkeep\n|\n|t:|1698977149\n|switch|p2a: Forte|Fezandipiti, M|100\/100\n|turn|10\n|\n|t:|1698977155\n|move|p1a: Thanks Doc|Bleakwind Storm|p2a: Forte\n|-damage|p2a: Forte|54\/100\n|-unboost|p2a: Forte|spe|1\n|move|p1b: Surfs up dude|Make It Rain|p2a: Forte\n|-supereffective|p2a: Forte\n|-damage|p2a: Forte|0 fnt\n|-unboost|p1b: Surfs up dude|spa|1\n|faint|p2a: Forte\n|-damage|p1b: Surfs up dude|71\/100|[from] item: Life Orb\n|\n|win|chippers76\n|raw|chippers76's rating: 1079 &rarr; <strong>1111<\/strong><br \/>(+32 for winning)\n|raw|Masked Dipity's rating: 1132 &rarr; <strong>1103<\/strong><br \/>(-29 for losing)\n|l|\u2606Masked Dipity\n|l|\u2606chippers76\n|l| Zangoosefriend96\n","uploadtime":1698977193,"views":27,"p1id":"chippers76","p2id":"maskeddipity","formatid":"gen9doublesou","rating":1103,"private":0,"password":""}