{"id":"gen9doublesou-1973284984","p1":"Astahfirullah","p2":"DratiniKing10","format":"[Gen 9] Doubles OU","log":"|j|\u2606Astahfirullah\n|j|\u2606DratiniKing10\n|t:|1697948786\n|gametype|doubles\n|player|p1|Astahfirullah|byron|1123\n|player|p2|DratiniKing10|lucas|1169\n|teamsize|p1|6\n|teamsize|p2|6\n|gen|9\n|tier|[Gen 9] Doubles OU\n|rated|\n|rule|Species Clause: Limit one of each Pok\u00e9mon\n|rule|OHKO Clause: OHKO moves are banned\n|rule|Evasion Moves Clause: Evasion moves are banned\n|rule|Gravity Sleep Clause: The combination of sleep-inducing moves with imperfect accuracy and Gravity or Gigantamax Orbeetle are banned\n|rule|Endless Battle Clause: Forcing endless battles is banned\n|rule|HP Percentage Mod: HP is shown in percentages\n|clearpoke\n|poke|p1|Dragapult, M|\n|poke|p1|Garganacl, F|\n|poke|p1|Staraptor, M|\n|poke|p1|Chi-Yu|\n|poke|p1|Sandy Shocks|\n|poke|p1|Samurott-Hisui, F|\n|poke|p2|Ting-Lu|\n|poke|p2|Arcanine, M|\n|poke|p2|Kingambit, M|\n|poke|p2|Tornadus, M|\n|poke|p2|Sneasler, M|\n|poke|p2|Ogerpon-Wellspring, F|\n|teampreview\n|\n|t:|1697948793\n|start\n|switch|p1a: Garganacl|Garganacl, F|100\/100\n|switch|p1b: Dragapult|Dragapult, M|100\/100\n|switch|p2a: Miles|Tornadus, M|100\/100\n|switch|p2b: Julica|Ogerpon-Wellspring, F|100\/100\n|turn|1\n|\n|t:|1697948816\n|move|p2a: Miles|Tailwind|p2a: Miles\n|-sidestart|p2: DratiniKing10|move: Tailwind\n|move|p2b: Julica|Ivy Cudgel|p1a: Garganacl\n|-supereffective|p1a: Garganacl\n|-damage|p1a: Garganacl|8\/100\n|move|p1b: Dragapult|U-turn|p2b: Julica\n|-supereffective|p2b: Julica\n|-damage|p2b: Julica|49\/100\n|\n|t:|1697948823\n|switch|p1b: Staraptor|Staraptor, M|100\/100|[from] U-turn\n|-ability|p1b: Staraptor|Intimidate|boost\n|-unboost|p2a: Miles|atk|1\n|-unboost|p2b: Julica|atk|1\n|move|p1a: Garganacl|Thunder Punch|p2a: Miles\n|-supereffective|p2a: Miles\n|-damage|p2a: Miles|66\/100\n|\n|upkeep\n|turn|2\n|inactive|Battle timer is ON: inactive players will automatically lose when time's up. (requested by Astahfirullah)\n|\n|t:|1697948853\n|move|p2a: Miles|Rain Dance|p2a: Miles\n|-weather|RainDance\n|move|p2b: Julica|Ivy Cudgel|p1b: Staraptor\n|-damage|p1b: Staraptor|15\/100\n|move|p1b: Staraptor|U-turn|p2b: Julica\n|-supereffective|p2b: Julica\n|-damage|p2b: Julica|0 fnt\n|faint|p2b: Julica\n|\n|t:|1697948861\n|switch|p1b: Dragapult|Dragapult, M|100\/100|[from] U-turn\n|move|p1a: Garganacl|Explosion|p2a: Miles|[spread] p2a\n|-immune|p1b: Dragapult\n|-damage|p2a: Miles|16\/100\n|-enditem|p2a: Miles|Sitrus Berry|[eat]\n|-heal|p2a: Miles|41\/100|[from] item: Sitrus Berry\n|faint|p1a: Garganacl\n|\n|-weather|RainDance|[upkeep]\n|upkeep\n|\n|t:|1697948880\n|switch|p2b: &IHaveAnAxe|Kingambit, M, shiny|100\/100\n|switch|p1a: Sandy Shocks|Sandy Shocks|100\/100\n|turn|3\n|\n|t:|1697948891\n|-terastallize|p1a: Sandy Shocks|Grass\n|move|p2b: &IHaveAnAxe|Sucker Punch|p1b: Dragapult\n|-supereffective|p1b: Dragapult\n|-damage|p1b: Dragapult|0 fnt\n|faint|p1b: Dragapult\n|-damage|p2b: &IHaveAnAxe|91\/100|[from] item: Life Orb\n|move|p2a: Miles|Bleakwind Storm|p1a: Sandy Shocks\n|-supereffective|p1a: Sandy Shocks\n|-damage|p1a: Sandy Shocks|23\/100\n|move|p1a: Sandy Shocks|Volt Switch|p2a: Miles\n|-supereffective|p2a: Miles\n|-damage|p2a: Miles|0 fnt\n|faint|p2a: Miles\n|\n|t:|1697948904\n|-end|p1a: Sandy Shocks|Protosynthesis|[silent]\n|switch|p1a: Staraptor|Staraptor, M|15\/100|[from] Volt Switch\n|-ability|p1a: Staraptor|Intimidate|boost\n|-unboost|p2b: &IHaveAnAxe|atk|1\n|-ability|p2b: &IHaveAnAxe|Defiant|boost\n|-boost|p2b: &IHaveAnAxe|atk|2\n|\n|-weather|RainDance|[upkeep]\n|upkeep\n|\n|t:|1697948913\n|switch|p1b: Samurott|Samurott-Hisui, F|100\/100\n|switch|p2a: Tavi|Sneasler, M|100\/100\n|turn|4\n|\n|t:|1697948929\n|move|p2a: Tavi|Fake Out|p1b: Samurott\n|-damage|p1b: Samurott|82\/100\n|-damage|p2a: Tavi|84\/100|[from] item: Rocky Helmet|[of] p1b: Samurott\n|move|p2b: &IHaveAnAxe|Sucker Punch|p1a: Staraptor\n|-damage|p1a: Staraptor|0 fnt\n|faint|p1a: Staraptor\n|-damage|p2b: &IHaveAnAxe|81\/100|[from] item: Life Orb\n|cant|p1b: Samurott|flinch\n|\n|-weather|RainDance|[upkeep]\n|-sideend|p2: DratiniKing10|move: Tailwind\n|upkeep\n|\n|t:|1697948945\n|switch|p1a: Sandy Shocks|Sandy Shocks, tera:Grass|23\/100\n|turn|5\n|\n|t:|1697948956\n|move|p1b: Samurott|Aqua Jet|p2a: Tavi\n|-damage|p2a: Tavi|35\/100\n|move|p2b: &IHaveAnAxe|Sucker Punch|p1a: Sandy Shocks\n|-damage|p1a: Sandy Shocks|0 fnt\n|faint|p1a: Sandy Shocks\n|-end|p1a: Sandy Shocks|Protosynthesis|[silent]\n|-damage|p2b: &IHaveAnAxe|71\/100|[from] item: Life Orb\n|move|p2a: Tavi|Close Combat|p1b: Samurott\n|-supereffective|p1b: Samurott\n|-damage|p1b: Samurott|0 fnt\n|-unboost|p2a: Tavi|def|1\n|-unboost|p2a: Tavi|spd|1\n|-damage|p2a: Tavi|18\/100|[from] item: Rocky Helmet|[of] p1b: Samurott\n|faint|p1b: Samurott\n|\n|-weather|RainDance|[upkeep]\n|upkeep\n|\n|t:|1697948975\n|switch|p1b: Chi-Yu|Chi-Yu|100\/100\n|-ability|p1b: Chi-Yu|Beads of Ruin\n|turn|6\n|\n|t:|1697948989\n|move|p2a: Tavi|Close Combat|p1b: Chi-Yu\n|-supereffective|p1b: Chi-Yu\n|-damage|p1b: Chi-Yu|0 fnt\n|-unboost|p2a: Tavi|def|1\n|-unboost|p2a: Tavi|spd|1\n|faint|p1b: Chi-Yu\n|\n|win|DratiniKing10\n|raw|Astahfirullah's rating: 1123 &rarr; <strong>1101<\/strong><br \/>(-22 for losing)\n|raw|DratiniKing10's rating: 1169 &rarr; <strong>1191<\/strong><br \/>(+22 for winning)\n","uploadtime":1697948996,"views":18,"p1id":"astahfirullah","p2id":"dratiniking10","formatid":"gen9doublesou","rating":1101,"private":0,"password":""}