{"id":"gen9doublesou-1973739649","p1":"SirSpiky","p2":"wonhosbazingas","format":"[Gen 9] Doubles OU","log":"|j|\u2606SirSpiky\n|j|\u2606wonhosbazingas\n|t:|1698008593\n|gametype|doubles\n|player|p1|SirSpiky|gambler|1325\n|player|p2|wonhosbazingas|kimonogirl|1391\n|teamsize|p1|6\n|teamsize|p2|6\n|gen|9\n|tier|[Gen 9] Doubles OU\n|rated|\n|rule|Species Clause: Limit one of each Pok\u00e9mon\n|rule|OHKO Clause: OHKO moves are banned\n|rule|Evasion Moves Clause: Evasion moves are banned\n|rule|Gravity Sleep Clause: The combination of sleep-inducing moves with imperfect accuracy and Gravity or Gigantamax Orbeetle are banned\n|rule|Endless Battle Clause: Forcing endless battles is banned\n|rule|HP Percentage Mod: HP is shown in percentages\n|clearpoke\n|poke|p1|Ursaluna, F|\n|poke|p1|Flutter Mane|\n|poke|p1|Bronzong|\n|poke|p1|Tyranitar, F|\n|poke|p1|Ogerpon-Hearthflame, F|\n|poke|p1|Azumarill, M|\n|poke|p2|Maushold-Four|\n|poke|p2|Azumarill, F|\n|poke|p2|Espeon, F|\n|poke|p2|Tsareena, F|\n|poke|p2|Sylveon, F|\n|poke|p2|Dragonite, F|\n|teampreview\n|\n|t:|1698008601\n|start\n|switch|p1a: Bronzong|Bronzong|100\/100\n|switch|p1b: Flutter Mane|Flutter Mane|100\/100\n|switch|p2a: Maushold|Maushold-Four|100\/100\n|switch|p2b: Dragonite|Dragonite, F|100\/100\n|-enditem|p1b: Flutter Mane|Booster Energy\n|-activate|p1b: Flutter Mane|ability: Protosynthesis|[fromitem]\n|-start|p1b: Flutter Mane|protosynthesisspa\n|turn|1\n|\n|t:|1698008620\n|move|p2a: Maushold|Helping Hand|p2b: Dragonite\n|-singleturn|p2b: Dragonite|Helping Hand|[of] p2a: Maushold\n|move|p1b: Flutter Mane|Moonblast|p2a: Maushold\n|-damage|p2a: Maushold|0 fnt\n|faint|p2a: Maushold\n|move|p2b: Dragonite|Fire Punch|p1b: Flutter Mane\n|-damage|p1b: Flutter Mane|10\/100\n|move|p1a: Bronzong|Trick Room|p1a: Bronzong\n|-fieldstart|move: Trick Room|[of] p1a: Bronzong\n|\n|upkeep\n|\n|t:|1698008635\n|switch|p2a: Sylveon|Sylveon, F|100\/100\n|turn|2\n|\n|t:|1698008646\n|-end|p1b: Flutter Mane|Protosynthesis|[silent]\n|switch|p1b: Tyranitar|Tyranitar, F|100\/100\n|-weather|Sandstorm|[from] ability: Sand Stream|[of] p1b: Tyranitar\n|move|p2a: Sylveon|Quick Attack|p1b: Tyranitar\n|-supereffective|p1b: Tyranitar\n|-damage|p1b: Tyranitar|81\/100\n|-enditem|p1b: Tyranitar|Weakness Policy\n|-boost|p1b: Tyranitar|atk|2|[from] item: Weakness Policy\n|-boost|p1b: Tyranitar|spa|2|[from] item: Weakness Policy\n|move|p1a: Bronzong|Bulldoze|p2a: Sylveon|[spread] p1b,p2a\n|-immune|p2b: Dragonite\n|-supereffective|p1b: Tyranitar\n|-damage|p1b: Tyranitar|66\/100\n|-damage|p2a: Sylveon|89\/100\n|-unboost|p1b: Tyranitar|spe|1\n|-unboost|p2a: Sylveon|spe|1\n|move|p2b: Dragonite|Fire Punch|p1a: Bronzong\n|-supereffective|p1a: Bronzong\n|-crit|p1a: Bronzong\n|-damage|p1a: Bronzong|44\/100\n|\n|-weather|Sandstorm|[upkeep]\n|-damage|p2a: Sylveon|82\/100|[from] Sandstorm\n|-damage|p2b: Dragonite|94\/100|[from] Sandstorm\n|-heal|p1a: Bronzong|50\/100|[from] item: Leftovers\n|upkeep\n|turn|3\n|\n|t:|1698008671\n|switch|p1a: Ursaluna|Ursaluna, F|100\/100\n|-terastallize|p1b: Tyranitar|Rock\n|move|p1b: Tyranitar|Rock Slide|p2b: Dragonite|[spread] p2a,p2b\n|-supereffective|p2b: Dragonite\n|-damage|p2a: Sylveon|0 fnt\n|-damage|p2b: Dragonite|0 fnt\n|faint|p2a: Sylveon\n|faint|p2b: Dragonite\n|\n|-weather|Sandstorm|[upkeep]\n|-status|p1a: Ursaluna|brn|[from] item: Flame Orb\n|upkeep\n|\n|t:|1698008684\n|switch|p2a: Tsareena|Tsareena, F|100\/100\n|switch|p2b: Azumarill|Azumarill, F|100\/100\n|turn|4\n|\n|t:|1698008701\n|move|p2b: Azumarill|Aqua Jet|p1a: Ursaluna\n|-supereffective|p1a: Ursaluna\n|-damage|p1a: Ursaluna|63\/100 brn\n|move|p1b: Tyranitar|Rock Slide|p2a: Tsareena|[spread] p2a,p2b\n|-damage|p2a: Tsareena|0 fnt\n|-damage|p2b: Azumarill|10\/100\n|-enditem|p2b: Azumarill|Sitrus Berry|[eat]\n|-heal|p2b: Azumarill|35\/100|[from] item: Sitrus Berry\n|faint|p2a: Tsareena\n|move|p1a: Ursaluna|Facade|p2b: Azumarill\n|-damage|p2b: Azumarill|0 fnt\n|faint|p2b: Azumarill\n|\n|-weather|Sandstorm|[upkeep]\n|-damage|p1a: Ursaluna|56\/100 brn|[from] brn\n|upkeep\n|\n|t:|1698008718\n|switch|p2b: Espeon|Espeon, F|100\/100\n|turn|5\n|\n|t:|1698008724\n|move|p1b: Tyranitar|Knock Off|p2b: Espeon\n|-supereffective|p2b: Espeon\n|-damage|p2b: Espeon|0 fnt\n|-enditem|p2b: Espeon|Twisted Spoon|[from] move: Knock Off|[of] p1b: Tyranitar\n|faint|p2b: Espeon\n|\n|win|SirSpiky\n|raw|SirSpiky's rating: 1325 &rarr; <strong>1349<\/strong><br \/>(+24 for winning)\n|raw|wonhosbazingas's rating: 1391 &rarr; <strong>1367<\/strong><br \/>(-24 for losing)\n|l|\u2606wonhosbazingas\n","uploadtime":1698008733,"views":15,"p1id":"sirspiky","p2id":"wonhosbazingas","formatid":"gen9doublesou","rating":1349,"private":0,"password":""}