{"id":"gen9doublesou-1968592754","p1":"Inkubone","p2":"I a dead already","format":"[Gen 9] Doubles OU","log":"|j|\u2606Inkubone\n|j|\u2606I a dead already\n|t:|1697439011\n|gametype|doubles\n|player|p1|Inkubone|yellow|1178\n|player|p2|I a dead already|266|1240\n|teamsize|p1|6\n|teamsize|p2|6\n|gen|9\n|tier|[Gen 9] Doubles OU\n|rated|\n|rule|Species Clause: Limit one of each Pok\u00e9mon\n|rule|OHKO Clause: OHKO moves are banned\n|rule|Evasion Moves Clause: Evasion moves are banned\n|rule|Gravity Sleep Clause: The combination of sleep-inducing moves with imperfect accuracy and Gravity or Gigantamax Orbeetle are banned\n|rule|Endless Battle Clause: Forcing endless battles is banned\n|rule|HP Percentage Mod: HP is shown in percentages\n|clearpoke\n|poke|p1|Goodra-Hisui, F|\n|poke|p1|Baxcalibur, M|\n|poke|p1|Kommo-o, M|\n|poke|p1|Dragonite, F|\n|poke|p1|Tyranitar, M|\n|poke|p1|Garchomp, M|\n|poke|p2|Torkoal, F|\n|poke|p2|Roaring Moon|\n|poke|p2|Flutter Mane|\n|poke|p2|Landorus-Therian, M|\n|poke|p2|Murkrow, M|\n|poke|p2|Iron Hands|\n|teampreview\n|inactive|Battle timer is ON: inactive players will automatically lose when time's up. (requested by I a dead already)\n|\n|t:|1697439022\n|start\n|switch|p1a: Tyranitar|Tyranitar, M|100\/100\n|switch|p1b: Garchomp|Garchomp, M|100\/100\n|switch|p2a: Murkrow|Murkrow, M, shiny|100\/100\n|switch|p2b: Landorus|Landorus-Therian, M, shiny|100\/100\n|-ability|p2b: Landorus|Intimidate|boost\n|-unboost|p1a: Tyranitar|atk|1\n|-unboost|p1b: Garchomp|atk|1\n|-weather|Sandstorm|[from] ability: Sand Stream|[of] p1a: Tyranitar\n|turn|1\n|\n|t:|1697439049\n|switch|p1b: Baxcalibur|Baxcalibur, M|100\/100\n|move|p2a: Murkrow|Tailwind|p2a: Murkrow\n|-sidestart|p2: I a dead already|move: Tailwind\n|move|p2b: Landorus|Earthquake|p1b: Baxcalibur|[spread] p1a,p1b\n|-immune|p2a: Murkrow\n|-supereffective|p1a: Tyranitar\n|-damage|p1a: Tyranitar|32\/100\n|-damage|p1b: Baxcalibur|59\/100\n|move|p1a: Tyranitar|Rock Slide|p2b: Landorus|[spread] p2a,p2b\n|-supereffective|p2a: Murkrow\n|-damage|p2a: Murkrow|43\/100\n|-damage|p2b: Landorus|74\/100\n|\n|-weather|Sandstorm|[upkeep]\n|-damage|p2a: Murkrow|37\/100|[from] Sandstorm\n|-damage|p1b: Baxcalibur|53\/100|[from] Sandstorm\n|upkeep\n|turn|2\n|\n|t:|1697439065\n|switch|p1a: Dragonite|Dragonite, F|100\/100\n|move|p2a: Murkrow|Protect|p2a: Murkrow\n|-singleturn|p2a: Murkrow|Protect\n|move|p1b: Baxcalibur|Ice Shard|p2a: Murkrow\n|-activate|p2a: Murkrow|move: Protect\n|move|p2b: Landorus|Rock Slide|p1a: Dragonite|[spread] p1a,p1b\n|-supereffective|p1a: Dragonite\n|-supereffective|p1b: Baxcalibur\n|-damage|p1a: Dragonite|75\/100\n|-damage|p1b: Baxcalibur|7\/100\n|\n|-weather|Sandstorm|[upkeep]\n|-damage|p2a: Murkrow|31\/100|[from] Sandstorm\n|-damage|p1b: Baxcalibur|1\/100|[from] Sandstorm\n|upkeep\n|turn|3\n|\n|t:|1697439092\n|switch|p2a: Torkoal|Torkoal, F, shiny|100\/100\n|-weather|SunnyDay|[from] ability: Drought|[of] p2a: Torkoal\n|switch|p1b: Garchomp|Garchomp, M|100\/100\n|move|p1a: Dragonite|Extreme Speed|p2a: Torkoal\n|-damage|p2a: Torkoal|78\/100\n|move|p2b: Landorus|Rock Slide|p1b: Garchomp|[spread] p1a,p1b\n|-supereffective|p1a: Dragonite\n|-resisted|p1b: Garchomp\n|-damage|p1a: Dragonite|30\/100\n|-damage|p1b: Garchomp|90\/100\n|\n|-weather|SunnyDay|[upkeep]\n|-heal|p2a: Torkoal|84\/100|[from] item: Leftovers\n|upkeep\n|turn|4\n|\n|t:|1697439111\n|switch|p1a: Tyranitar|Tyranitar, M|32\/100\n|-weather|Sandstorm|[from] ability: Sand Stream|[of] p1a: Tyranitar\n|move|p2a: Torkoal|Protect|p2a: Torkoal\n|-singleturn|p2a: Torkoal|Protect\n|move|p2b: Landorus|Rock Slide|p1b: Garchomp|[spread] p1b\n|-miss|p2b: Landorus|p1a: Tyranitar\n|-resisted|p1b: Garchomp\n|-damage|p1b: Garchomp|79\/100\n|cant|p1b: Garchomp|flinch\n|\n|-weather|Sandstorm|[upkeep]\n|-damage|p2a: Torkoal|78\/100|[from] Sandstorm\n|-heal|p2a: Torkoal|84\/100|[from] item: Leftovers\n|-sideend|p2: I a dead already|move: Tailwind\n|upkeep\n|turn|5\n|\n|t:|1697439138\n|move|p1b: Garchomp|Stealth Rock|p2b: Landorus\n|-sidestart|p2: I a dead already|move: Stealth Rock\n|move|p2b: Landorus|Rock Slide|p1a: Tyranitar|[spread] p1a\n|-miss|p2b: Landorus|p1b: Garchomp\n|-damage|p1a: Tyranitar|16\/100\n|move|p1a: Tyranitar|Knock Off|p2a: Torkoal\n|-damage|p2a: Torkoal|35\/100\n|-enditem|p2a: Torkoal|Leftovers|[from] move: Knock Off|[of] p1a: Tyranitar\n|move|p2a: Torkoal|Eruption|p1a: Tyranitar|[spread] p1a,p1b\n|-resisted|p1a: Tyranitar\n|-resisted|p1b: Garchomp\n|-damage|p1a: Tyranitar|12\/100\n|-damage|p1b: Garchomp|71\/100\n|\n|-weather|Sandstorm|[upkeep]\n|-damage|p2a: Torkoal|29\/100|[from] Sandstorm\n|upkeep\n|turn|6\n|\n|t:|1697439149\n|switch|p1a: Kommo-o|Kommo-o, M|100\/100\n|move|p2a: Torkoal|Protect|p2a: Torkoal\n|-singleturn|p2a: Torkoal|Protect\n|move|p1b: Garchomp|Dragon Rush|p2b: Landorus\n|-damage|p2b: Landorus|16\/100\n|move|p2b: Landorus|Rock Slide|p1a: Kommo-o|[spread] p1a\n|-miss|p2b: Landorus|p1b: Garchomp\n|-resisted|p1a: Kommo-o\n|-damage|p1a: Kommo-o|90\/100\n|\n|-weather|Sandstorm|[upkeep]\n|-damage|p2a: Torkoal|23\/100|[from] Sandstorm\n|upkeep\n|turn|7\n|inactive|Inkubone has 120 seconds left.\n|\n|t:|1697439182\n|switch|p2a: Iron Hands|Iron Hands, shiny|100\/100\n|-enditem|p2a: Iron Hands|Booster Energy\n|-activate|p2a: Iron Hands|ability: Quark Drive|[fromitem]\n|-start|p2a: Iron Hands|quarkdriveatk\n|-damage|p2a: Iron Hands|94\/100|[from] Stealth Rock\n|move|p1b: Garchomp|Iron Head|p2b: Landorus\n|-damage|p2b: Landorus|0 fnt\n|faint|p2b: Landorus\n|move|p1a: Kommo-o|Clangorous Soul|p1a: Kommo-o\n|-boost|p1a: Kommo-o|atk|1\n|-boost|p1a: Kommo-o|def|1\n|-boost|p1a: Kommo-o|spa|1\n|-boost|p1a: Kommo-o|spd|1\n|-boost|p1a: Kommo-o|spe|1\n|-damage|p1a: Kommo-o|57\/100\n|-enditem|p1a: Kommo-o|Throat Spray\n|-boost|p1a: Kommo-o|spa|1|[from] item: Throat Spray\n|\n|-weather|Sandstorm|[upkeep]\n|-damage|p2a: Iron Hands|88\/100|[from] Sandstorm\n|upkeep\n|inactive|I a dead already has 120 seconds left.\n|\n|t:|1697439199\n|switch|p2b: Murkrow|Murkrow, M, shiny|31\/100\n|-damage|p2b: Murkrow|6\/100|[from] Stealth Rock\n|turn|8\n|\n|t:|1697439222\n|move|p2a: Iron Hands|Fake Out|p1a: Kommo-o\n|-damage|p1a: Kommo-o|44\/100\n|move|p2b: Murkrow|Haze|p2b: Murkrow\n|-clearallboost\n|move|p1b: Garchomp|Dragon Rush|p2a: Iron Hands\n|-damage|p2a: Iron Hands|54\/100\n|cant|p1a: Kommo-o|flinch\n|\n|-weather|Sandstorm|[upkeep]\n|-damage|p2b: Murkrow|0 fnt|[from] Sandstorm\n|-damage|p2a: Iron Hands|48\/100|[from] Sandstorm\n|faint|p2b: Murkrow\n|upkeep\n|\n|t:|1697439235\n|switch|p2b: Torkoal|Torkoal, F, shiny|23\/100\n|-damage|p2b: Torkoal|0 fnt|[from] Stealth Rock\n|faint|p2b: Torkoal\n|\n|t:|1697439243\n|switch|p2b: Flutter Mane|Flutter Mane, shiny|100\/100\n|-damage|p2b: Flutter Mane|88\/100|[from] Stealth Rock\n|turn|9\n|\n|t:|1697439257\n|move|p2b: Flutter Mane|Draining Kiss|p1b: Garchomp|[miss]\n|-miss|p2b: Flutter Mane|p1b: Garchomp\n|move|p1b: Garchomp|Iron Head|p2b: Flutter Mane\n|-supereffective|p2b: Flutter Mane\n|-damage|p2b: Flutter Mane|0 fnt\n|faint|p2b: Flutter Mane\n|-end|p2b: Flutter Mane|Protosynthesis|[silent]\n|move|p1a: Kommo-o|Flash Cannon|p2a: Iron Hands\n|-resisted|p2a: Iron Hands\n|-damage|p2a: Iron Hands|38\/100\n|move|p2a: Iron Hands|Play Rough|p1a: Kommo-o\n|-supereffective|p1a: Kommo-o\n|-damage|p1a: Kommo-o|0 fnt\n|faint|p1a: Kommo-o\n|\n|-weather|Sandstorm|[upkeep]\n|-damage|p2a: Iron Hands|32\/100|[from] Sandstorm\n|upkeep\n|\n|t:|1697439275\n|switch|p2b: Roaring Moon|Roaring Moon, shiny|100\/100\n|switch|p1a: Baxcalibur|Baxcalibur, M|1\/100\n|-damage|p2b: Roaring Moon|88\/100|[from] Stealth Rock\n|turn|10\n|\n|t:|1697439289\n|-terastallize|p2b: Roaring Moon|Dark\n|move|p1a: Baxcalibur|Ice Shard|p2b: Roaring Moon\n|-damage|p2b: Roaring Moon|63\/100\n|move|p2b: Roaring Moon|Dragon Claw|p1a: Baxcalibur\n|-supereffective|p1a: Baxcalibur\n|-damage|p1a: Baxcalibur|0 fnt\n|faint|p1a: Baxcalibur\n|move|p1b: Garchomp|Stomping Tantrum|p2a: Iron Hands\n|-supereffective|p2a: Iron Hands\n|-damage|p2a: Iron Hands|0 fnt\n|faint|p2a: Iron Hands\n|-end|p2a: Iron Hands|Quark Drive|[silent]\n|\n|-weather|Sandstorm|[upkeep]\n|-damage|p2b: Roaring Moon|57\/100|[from] Sandstorm\n|upkeep\n|\n|t:|1697439300\n|switch|p1a: Dragonite|Dragonite, F|30\/100\n|turn|11\n|\n|t:|1697439318\n|move|p1a: Dragonite|Extreme Speed|p2b: Roaring Moon\n|-damage|p2b: Roaring Moon|27\/100\n|move|p2b: Roaring Moon|Dragon Claw|p1a: Dragonite\n|-supereffective|p1a: Dragonite\n|-damage|p1a: Dragonite|0 fnt\n|faint|p1a: Dragonite\n|move|p1b: Garchomp|Dragon Rush|p2b: Roaring Moon|[miss]\n|-miss|p1b: Garchomp|p2b: Roaring Moon\n|\n|-weather|none\n|upkeep\n|c|\u2606I a dead already|gg\n|\n|t:|1697439326\n|switch|p1a: Tyranitar|Tyranitar, M|12\/100\n|-weather|Sandstorm|[from] ability: Sand Stream|[of] p1a: Tyranitar\n|turn|12\n|\n|t:|1697439338\n|move|p2b: Roaring Moon|Dragon Claw|p1a: Tyranitar\n|-crit|p1a: Tyranitar\n|-damage|p1a: Tyranitar|0 fnt\n|faint|p1a: Tyranitar\n|move|p1b: Garchomp|Stomping Tantrum|p2b: Roaring Moon\n|-damage|p2b: Roaring Moon|0 fnt\n|faint|p2b: Roaring Moon\n|-end|p2b: Roaring Moon|Protosynthesis|[silent]\n|\n|win|Inkubone\n|raw|Inkubone's rating: 1178 &rarr; <strong>1207<\/strong><br \/>(+29 for winning)\n|raw|I a dead already's rating: 1240 &rarr; <strong>1211<\/strong><br \/>(-29 for losing)\n|l|\u2606I a dead already\n|c|\u2606Inkubone|Gg\n","uploadtime":1697439356,"views":23,"p1id":"inkubone","p2id":"iadeadalready","formatid":"gen9doublesou","rating":1207,"private":0,"password":""}