{"id":"gen9doublesou-1994159895","p1":"Kondroid","p2":"anormalgen1er","format":"[Gen 9] Doubles OU","log":"|j|\u2606Kondroid\n|j|\u2606anormalgen1er\n|t:|1700413820\n|gametype|doubles\n|player|p1|Kondroid|hilbert-wonderlauncher|1193\n|player|p2|anormalgen1er|boarder|1187\n|teamsize|p1|6\n|teamsize|p2|6\n|gen|9\n|tier|[Gen 9] Doubles OU\n|rated|\n|rule|Species Clause: Limit one of each Pok\u00e9mon\n|rule|OHKO Clause: OHKO moves are banned\n|rule|Evasion Moves Clause: Evasion moves are banned\n|rule|Gravity Sleep Clause: The combination of sleep-inducing moves with imperfect accuracy and Gravity or Gigantamax Orbeetle are banned\n|rule|Endless Battle Clause: Forcing endless battles is banned\n|rule|HP Percentage Mod: HP is shown in percentages\n|clearpoke\n|poke|p1|Kommo-o, M|\n|poke|p1|Sinistcha|\n|poke|p1|Politoed, M|\n|poke|p1|Poliwrath, F|\n|poke|p1|Zapdos|\n|poke|p1|Salamence, F|\n|poke|p2|Ogerpon-Hearthflame, F|\n|poke|p2|Ting-Lu|\n|poke|p2|Flutter Mane|\n|poke|p2|Palafin, M|\n|poke|p2|Tornadus, M|\n|poke|p2|Sinistcha|\n|teampreview\n|inactive|Battle timer is ON: inactive players will automatically lose when time's up. (requested by Kondroid)\n|\n|t:|1700413830\n|start\n|switch|p1a: Luigi Mario|Politoed, M|100\/100\n|switch|p1b: sodpaZ|Zapdos|100\/100\n|switch|p2a: Nuh uh|Tornadus, M|100\/100\n|switch|p2b: I\u00b4ll be back|Palafin, M|100\/100\n|-weather|RainDance|[from] ability: Drizzle|[of] p1a: Luigi Mario\n|turn|1\n|\n|t:|1700413844\n|move|p2a: Nuh uh|Tailwind|p2a: Nuh uh\n|-sidestart|p2: anormalgen1er|move: Tailwind\n|move|p2b: I\u00b4ll be back|Flip Turn|p1a: Luigi Mario\n|-resisted|p1a: Luigi Mario\n|-damage|p1a: Luigi Mario|73\/100\n|\n|t:|1700413850\n|detailschange|p2b: I\u00b4ll be back|Palafin-Hero, M\n|switch|p2b: Inmortal deer|Ting-Lu|100\/100|[from] Flip Turn\n|-ability|p2b: Inmortal deer|Vessel of Ruin\n|move|p1b: sodpaZ|Thunder|p2a: Nuh uh\n|-supereffective|p2a: Nuh uh\n|-damage|p2a: Nuh uh|34\/100\n|-status|p2a: Nuh uh|par\n|move|p1a: Luigi Mario|Icy Wind|p2a: Nuh uh|[spread] p2a,p2b\n|-supereffective|p2a: Nuh uh\n|-supereffective|p2b: Inmortal deer\n|-damage|p2a: Nuh uh|19\/100 par\n|-damage|p2b: Inmortal deer|85\/100\n|-unboost|p2a: Nuh uh|spe|1\n|-unboost|p2b: Inmortal deer|spe|1\n|\n|-weather|RainDance|[upkeep]\n|-heal|p2a: Nuh uh|25\/100 par|[from] item: Leftovers\n|-heal|p2b: Inmortal deer|92\/100|[from] item: Leftovers\n|upkeep\n|turn|2\n|\n|t:|1700413866\n|switch|p2a: Want some tea?|Sinistcha|100\/100\n|-heal|p2b: Inmortal deer|100\/100|[from] ability: Hospitality|[of] p2a: Want some tea?\n|move|p1b: sodpaZ|Tailwind|p1b: sodpaZ\n|-sidestart|p1: Kondroid|move: Tailwind\n|move|p1a: Luigi Mario|Icy Wind|p2a: Want some tea?|[spread] p2a,p2b\n|-supereffective|p2a: Want some tea?\n|-supereffective|p2b: Inmortal deer\n|-damage|p2a: Want some tea?|80\/100\n|-damage|p2b: Inmortal deer|85\/100\n|-unboost|p2a: Want some tea?|spe|1\n|-unboost|p2b: Inmortal deer|spe|1\n|move|p2b: Inmortal deer|Body Slam|p1a: Luigi Mario\n|-damage|p1a: Luigi Mario|49\/100\n|\n|-weather|RainDance|[upkeep]\n|-heal|p2a: Want some tea?|86\/100|[from] item: Leftovers\n|-heal|p2b: Inmortal deer|92\/100|[from] item: Leftovers\n|upkeep\n|turn|3\n|\n|t:|1700413883\n|move|p1b: sodpaZ|Hurricane|p2a: Want some tea?\n|-supereffective|p2a: Want some tea?\n|-damage|p2a: Want some tea?|0 fnt\n|faint|p2a: Want some tea?\n|move|p1a: Luigi Mario|Icy Wind|p2b: Inmortal deer|[miss]\n|-miss|p1a: Luigi Mario|p2b: Inmortal deer\n|move|p2b: Inmortal deer|Body Slam|p1a: Luigi Mario\n|-damage|p1a: Luigi Mario|25\/100\n|\n|-weather|RainDance|[upkeep]\n|-heal|p2b: Inmortal deer|98\/100|[from] item: Leftovers\n|upkeep\n|\n|t:|1700413896\n|switch|p2a: Flutter away|Flutter Mane|100\/100\n|-enditem|p2a: Flutter away|Booster Energy\n|-activate|p2a: Flutter away|ability: Protosynthesis|[fromitem]\n|-start|p2a: Flutter away|protosynthesisspe\n|turn|4\n|\n|t:|1700413909\n|move|p2a: Flutter away|Moonblast|p1b: sodpaZ\n|-damage|p1b: sodpaZ|62\/100\n|move|p1b: sodpaZ|Hurricane|p2a: Flutter away\n|-damage|p2a: Flutter away|50\/100\n|-start|p2a: Flutter away|confusion\n|move|p1a: Luigi Mario|Icy Wind|p2b: Inmortal deer|[spread] p2a,p2b\n|-supereffective|p2b: Inmortal deer\n|-damage|p2a: Flutter away|40\/100\n|-damage|p2b: Inmortal deer|82\/100\n|-unboost|p2a: Flutter away|spe|1\n|-unboost|p2b: Inmortal deer|spe|1\n|move|p2b: Inmortal deer|Body Slam|p1a: Luigi Mario\n|-damage|p1a: Luigi Mario|1\/100\n|\n|-weather|RainDance|[upkeep]\n|-heal|p2b: Inmortal deer|88\/100|[from] item: Leftovers\n|-sideend|p2: anormalgen1er|move: Tailwind\n|upkeep\n|turn|5\n|\n|t:|1700413928\n|move|p1b: sodpaZ|Hurricane|p2a: Flutter away\n|-damage|p2a: Flutter away|0 fnt\n|faint|p2a: Flutter away\n|-end|p2a: Flutter away|Protosynthesis|[silent]\n|move|p1a: Luigi Mario|Icy Wind|p2b: Inmortal deer\n|-supereffective|p2b: Inmortal deer\n|-damage|p2b: Inmortal deer|69\/100\n|-unboost|p2b: Inmortal deer|spe|1\n|move|p2b: Inmortal deer|Body Slam|p1a: Luigi Mario\n|-damage|p1a: Luigi Mario|0 fnt\n|faint|p1a: Luigi Mario\n|\n|-weather|RainDance|[upkeep]\n|-heal|p2b: Inmortal deer|75\/100|[from] item: Leftovers\n|-sideend|p1: Kondroid|move: Tailwind\n|upkeep\n|\n|t:|1700413942\n|switch|p2a: I\u00b4ll be back|Palafin-Hero, M|100\/100\n|switch|p1a: BURN!|Sinistcha|100\/100\n|-activate|p2a: I\u00b4ll be back|ability: Zero to Hero\n|turn|6\n|\n|t:|1700413954\n|move|p2a: I\u00b4ll be back|Wave Crash|p1b: sodpaZ\n|-damage|p1b: sodpaZ|0 fnt\n|-status|p2a: I\u00b4ll be back|par|[from] ability: Static|[of] p1b: sodpaZ\n|faint|p1b: sodpaZ\n|-damage|p2a: I\u00b4ll be back|78\/100 par|[from] Recoil\n|move|p1a: BURN!|Matcha Gotcha|p2b: Inmortal deer|[spread] p2a,p2b\n|-supereffective|p2a: I\u00b4ll be back\n|-supereffective|p2b: Inmortal deer\n|-damage|p2a: I\u00b4ll be back|21\/100 par\n|-damage|p2b: Inmortal deer|39\/100\n|-status|p2b: Inmortal deer|brn\n|move|p2b: Inmortal deer|Taunt|p1a: BURN!\n|-start|p1a: BURN!|move: Taunt\n|\n|-weather|RainDance|[upkeep]\n|-heal|p2b: Inmortal deer|45\/100 brn|[from] item: Leftovers\n|-damage|p2b: Inmortal deer|39\/100 brn|[from] brn\n|upkeep\n|\n|t:|1700413968\n|switch|p1b: Mario Mario|Poliwrath, F|100\/100\n|turn|7\n|-message|anormalgen1er forfeited.\n|\n|win|Kondroid\n|raw|Kondroid's rating: 1193 &rarr; <strong>1218<\/strong><br \/>(+25 for winning)\n|raw|anormalgen1er's rating: 1187 &rarr; <strong>1162<\/strong><br \/>(-25 for losing)\n|l|\u2606anormalgen1er\n","uploadtime":1700413975,"views":11,"p1id":"kondroid","p2id":"anormalgen1er","formatid":"gen9doublesou","rating":1162,"private":0,"password":""}