{"id":"gen9doublesou-1981530176","p1":"Blonking","p2":"Carolina6969","format":"[Gen 9] Doubles OU","log":"|j|\u2606Blonking\n|j|\u2606Carolina6969\n|inactive|Battle timer is ON: inactive players will automatically lose when time's up.\n|j|*Lady Monita \u263d\n|t:|1698913205\n|gametype|doubles\n|player|p1|Blonking|170|\n|player|p2|Carolina6969|lass-gen4dp|\n|teamsize|p1|2\n|teamsize|p2|2\n|gen|9\n|tier|[Gen 9] Doubles OU\n|rated|Tournament battle\n|rule|Species Clause: Limit one of each Pok\u00e9mon\n|rule|OHKO Clause: OHKO moves are banned\n|rule|Evasion Moves Clause: Evasion moves are banned\n|rule|Gravity Sleep Clause: The combination of sleep-inducing moves with imperfect accuracy and Gravity or Gigantamax Orbeetle are banned\n|rule|Endless Battle Clause: Forcing endless battles is banned\n|rule|HP Percentage Mod: HP is shown in percentages\n|clearpoke\n|poke|p1|Gliscor, M|\n|poke|p1|Basculegion-F, F|\n|poke|p2|Lilligant-Hisui, F|\n|poke|p2|Pyroar, M|\n|teampreview\n|inactive|Blonking also wants the timer to be on.\n|inactive|Carolina6969 also wants the timer to be on.\n|\n|t:|1698913208\n|start\n|switch|p1a: Basculegion|Basculegion-F, F|100\/100\n|switch|p1b: Gliscor|Gliscor, M|100\/100\n|switch|p2a: Pyroar|Pyroar, M|100\/100\n|switch|p2b: Lilligant|Lilligant-Hisui, F|100\/100\n|turn|1\n|\n|t:|1698913225\n|move|p1a: Basculegion|Wave Crash|p2a: Pyroar\n|-supereffective|p2a: Pyroar\n|-damage|p2a: Pyroar|0 fnt\n|faint|p2a: Pyroar\n|-damage|p1a: Basculegion|73\/100|[from] Recoil\n|move|p2b: Lilligant|Leaf Blade|p1a: Basculegion\n|-supereffective|p1a: Basculegion\n|-damage|p1a: Basculegion|0 fnt\n|faint|p1a: Basculegion\n|move|p1b: Gliscor|Toxic|p2b: Lilligant\n|-status|p2b: Lilligant|tox\n|\n|-damage|p2b: Lilligant|94\/100 tox|[from] psn\n|-status|p1b: Gliscor|tox|[from] item: Toxic Orb\n|upkeep\n|turn|2\n|\n|t:|1698913237\n|-terastallize|p2b: Lilligant|Ice\n|move|p1b: Gliscor|Protect|p1b: Gliscor\n|-singleturn|p1b: Gliscor|Protect\n|move|p2b: Lilligant|Ice Spinner|p1b: Gliscor\n|-activate|p1b: Gliscor|move: Protect\n|\n|-damage|p2b: Lilligant|82\/100 tox|[from] psn\n|upkeep\n|turn|3\n|\n|t:|1698913245\n|-terastallize|p1b: Gliscor|Water\n|move|p2b: Lilligant|Ice Spinner|p1b: Gliscor\n|-resisted|p1b: Gliscor\n|-damage|p1b: Gliscor|83\/100 tox\n|move|p1b: Gliscor|Substitute|p1b: Gliscor\n|-start|p1b: Gliscor|Substitute\n|-damage|p1b: Gliscor|58\/100 tox\n|\n|-damage|p2b: Lilligant|64\/100 tox|[from] psn\n|-heal|p1b: Gliscor|70\/100 tox|[from] ability: Poison Heal\n|upkeep\n|turn|4\n|\n|t:|1698913252\n|move|p1b: Gliscor|Protect|p1b: Gliscor\n|-singleturn|p1b: Gliscor|Protect\n|move|p2b: Lilligant|Leaf Blade|p1b: Gliscor\n|-activate|p1b: Gliscor|move: Protect\n|\n|-damage|p2b: Lilligant|40\/100 tox|[from] psn\n|-heal|p1b: Gliscor|83\/100 tox|[from] ability: Poison Heal\n|upkeep\n|turn|5\n|\n|t:|1698913262\n|move|p2b: Lilligant|Leaf Blade|p1b: Gliscor\n|-supereffective|p1b: Gliscor\n|-end|p1b: Gliscor|Substitute\n|move|p1b: Gliscor|Substitute|p1b: Gliscor\n|-start|p1b: Gliscor|Substitute\n|-damage|p1b: Gliscor|58\/100 tox\n|\n|-damage|p2b: Lilligant|10\/100 tox|[from] psn\n|-heal|p1b: Gliscor|70\/100 tox|[from] ability: Poison Heal\n|upkeep\n|turn|6\n|\n|t:|1698913270\n|move|p1b: Gliscor|Protect|p1b: Gliscor\n|-singleturn|p1b: Gliscor|Protect\n|move|p2b: Lilligant|Leaf Blade|p1b: Gliscor\n|-activate|p1b: Gliscor|move: Protect\n|\n|-damage|p2b: Lilligant|0 fnt|[from] psn\n|faint|p2b: Lilligant\n|\n|win|Blonking\n|upkeep\n|n|\u2606Blonking|blonking\n|n|\u2606Carolina6969|carolina6969\n|n|*Lady Monita \u263d|ladymonita\n|l|*Lady Monita \u263d\n|l|\u2606Carolina6969\n|l|\u2606Blonking\n|j|\u2606Blonking\n|player|p1|Blonking|170\n","uploadtime":1698913330,"views":29,"p1id":"blonking","p2id":"carolina6969","formatid":"gen9doublesou","rating":0,"private":0,"password":""}