{"id":"gen9doublesou-1981203473","p1":"Takeyolunchmoney","p2":"bogerslybridging","format":"[Gen 9] Doubles OU","log":"|j|\u2606Takeyolunchmoney\n|j|\u203dbogerslybridging\n|t:|1698872155\n|gametype|doubles\n|player|p1|Takeyolunchmoney|sisandbro|1094\n|player|p2|bogerslybridging|unknown|1000\n|teamsize|p1|6\n|teamsize|p2|4\n|gen|9\n|tier|[Gen 9] Doubles OU\n|rated|\n|rule|Species Clause: Limit one of each Pok\u00e9mon\n|rule|OHKO Clause: OHKO moves are banned\n|rule|Evasion Moves Clause: Evasion moves are banned\n|rule|Gravity Sleep Clause: The combination of sleep-inducing moves with imperfect accuracy and Gravity or Gigantamax Orbeetle are banned\n|rule|Endless Battle Clause: Forcing endless battles is banned\n|rule|HP Percentage Mod: HP is shown in percentages\n|clearpoke\n|poke|p1|Ninetales-Alola, F|\n|poke|p1|Indeedee-F, F|\n|poke|p1|Abomasnow, M|\n|poke|p1|Iron Bundle|\n|poke|p1|Garchomp, M|\n|poke|p1|Rillaboom, M|\n|poke|p2|Clefable, M|\n|poke|p2|Golduck, F|\n|poke|p2|Pelipper, F|\n|poke|p2|Espeon, F|\n|teampreview\n|j| Oso raw\n|\n|t:|1698872173\n|start\n|switch|p1a: Ninetales|Ninetales-Alola, F, shiny|100\/100\n|switch|p1b: Rillaboom|Rillaboom, M|100\/100\n|switch|p2a: Clefable|Clefable, M|100\/100\n|switch|p2b: Pelipper|Pelipper, F|100\/100\n|-weather|Snow|[from] ability: Snow Warning|[of] p1a: Ninetales\n|-fieldstart|move: Grassy Terrain|[from] ability: Grassy Surge|[of] p1b: Rillaboom\n|-weather|RainDance|[from] ability: Drizzle|[of] p2b: Pelipper\n|turn|1\n|\n|t:|1698872192\n|move|p1b: Rillaboom|Fake Out|p2b: Pelipper\n|-damage|p2b: Pelipper|79\/100\n|move|p1a: Ninetales|Aurora Veil||[still]\n|-fail|p1a: Ninetales\n|move|p2a: Clefable|Cosmic Power|p2a: Clefable\n|-boost|p2a: Clefable|def|1\n|-boost|p2a: Clefable|spd|1\n|cant|p2b: Pelipper|flinch\n|\n|-weather|RainDance|[upkeep]\n|upkeep\n|turn|2\n|inactive|Battle timer is ON: inactive players will automatically lose when time's up. (requested by bogerslybridging)\n|\n|t:|1698872220\n|switch|p1a: Abomasnow|Abomasnow, M|100\/100\n|-weather|Snow|[from] ability: Snow Warning|[of] p1a: Abomasnow\n|move|p1b: Rillaboom|Grassy Glide|p2b: Pelipper\n|-damage|p2b: Pelipper|28\/100\n|move|p2a: Clefable|Cosmic Power|p2a: Clefable\n|-boost|p2a: Clefable|def|1\n|-boost|p2a: Clefable|spd|1\n|move|p2b: Pelipper|U-turn|p1b: Rillaboom\n|-supereffective|p1b: Rillaboom\n|-damage|p1b: Rillaboom|66\/100\n|\n|t:|1698872232\n|switch|p2b: Golduck|Golduck, F|100\/100|[from] U-turn\n|\n|-weather|Snow|[upkeep]\n|-heal|p1b: Rillaboom|72\/100|[from] Grassy Terrain\n|-heal|p1b: Rillaboom|78\/100|[from] item: Leftovers\n|upkeep\n|turn|3\n|inactive|Takeyolunchmoney has 120 seconds left.\n|\n|t:|1698872269\n|move|p1b: Rillaboom|Grassy Glide|p2b: Golduck\n|-supereffective|p2b: Golduck\n|-damage|p2b: Golduck|0 fnt\n|faint|p2b: Golduck\n|move|p2a: Clefable|Cosmic Power|p2a: Clefable\n|-boost|p2a: Clefable|def|1\n|-boost|p2a: Clefable|spd|1\n|move|p1a: Abomasnow|Aurora Veil|p1a: Abomasnow\n|-sidestart|p1: Takeyolunchmoney|move: Aurora Veil\n|\n|-weather|Snow|[upkeep]\n|-heal|p1b: Rillaboom|84\/100|[from] Grassy Terrain\n|-heal|p1b: Rillaboom|91\/100|[from] item: Leftovers\n|upkeep\n|\n|t:|1698872276\n|switch|p2b: Espeon|Espeon, F|100\/100\n|turn|4\n|inactive|Takeyolunchmoney has 120 seconds left.\n|\n|t:|1698872331\n|switch|p1a: Garchomp|Garchomp, M, shiny|100\/100\n|move|p1b: Rillaboom|Grassy Glide|p2b: Espeon\n|-damage|p2b: Espeon|27\/100\n|move|p2b: Espeon|Psych Up|p2a: Clefable\n|-copyboost|p2b: Espeon|p2a: Clefable|[from] move: Psych Up\n|move|p2a: Clefable|Cosmic Power|p2a: Clefable\n|-boost|p2a: Clefable|def|1\n|-boost|p2a: Clefable|spd|1\n|\n|-weather|Snow|[upkeep]\n|-heal|p2b: Espeon|33\/100|[from] Grassy Terrain\n|-heal|p1b: Rillaboom|97\/100|[from] Grassy Terrain\n|-heal|p1b: Rillaboom|100\/100|[from] item: Leftovers\n|upkeep\n|turn|5\n|inactive|Takeyolunchmoney has 90 seconds left.\n|\n|t:|1698872367\n|move|p1b: Rillaboom|Grassy Glide|p2b: Espeon\n|-damage|p2b: Espeon|1\/100\n|move|p2b: Espeon|Draining Kiss|p1a: Garchomp\n|-supereffective|p1a: Garchomp\n|-damage|p1a: Garchomp|74\/100\n|-heal|p2b: Espeon|28\/100|[from] drain|[of] p1a: Garchomp\n|-damage|p2b: Espeon|16\/100|[from] ability: Rough Skin|[of] p1a: Garchomp\n|move|p1a: Garchomp|Stomping Tantrum|p2b: Espeon\n|-damage|p2b: Espeon|0 fnt\n|faint|p2b: Espeon\n|-damage|p1a: Garchomp|64\/100|[from] item: Life Orb\n|move|p2a: Clefable|Cosmic Power|p2a: Clefable\n|-boost|p2a: Clefable|def|1\n|-boost|p2a: Clefable|spd|1\n|\n|-weather|Snow|[upkeep]\n|-heal|p1a: Garchomp|70\/100|[from] Grassy Terrain\n|-fieldend|move: Grassy Terrain\n|upkeep\n|inactive|bogerslybridging has 120 seconds left.\n|\n|t:|1698872390\n|switch|p2b: Pelipper|Pelipper, F|28\/100\n|-weather|RainDance|[from] ability: Drizzle|[of] p2b: Pelipper\n|turn|6\n|\n|t:|1698872401\n|move|p1a: Garchomp|Dragon Claw|p2b: Pelipper\n|-damage|p2b: Pelipper|0 fnt\n|faint|p2b: Pelipper\n|-damage|p1a: Garchomp|60\/100|[from] item: Life Orb\n|move|p1b: Rillaboom|Grassy Glide|p2a: Clefable\n|-damage|p2a: Clefable|91\/100\n|move|p2a: Clefable|Wish|p2a: Clefable\n|\n|-weather|RainDance|[upkeep]\n|-heal|p2a: Clefable|97\/100|[from] item: Leftovers\n|upkeep\n|turn|7\n|inactive|Takeyolunchmoney has 120 seconds left.\n|\n|t:|1698872428\n|move|p1a: Garchomp|Stomping Tantrum|p2a: Clefable\n|-damage|p2a: Clefable|80\/100\n|-damage|p1a: Garchomp|50\/100|[from] item: Life Orb\n|move|p1b: Rillaboom|Grassy Glide|p2a: Clefable\n|-damage|p2a: Clefable|70\/100\n|move|p2a: Clefable|Stored Power|p1b: Rillaboom\n|-damage|p1b: Rillaboom|40\/100\n|\n|-weather|RainDance|[upkeep]\n|-heal|p2a: Clefable|100\/100|[from] move: Wish|[wisher] Clefable\n|-heal|p1b: Rillaboom|46\/100|[from] item: Leftovers\n|-sideend|p1: Takeyolunchmoney|move: Aurora Veil\n|upkeep\n|turn|8\n|inactive|Takeyolunchmoney has 120 seconds left.\n|\n|t:|1698872445\n|move|p1a: Garchomp|Dragon Claw|p2a: Clefable\n|-immune|p2a: Clefable\n|move|p1b: Rillaboom|Grassy Glide|p2a: Clefable\n|-damage|p2a: Clefable|91\/100\n|move|p2a: Clefable|Cosmic Power|p2a: Clefable\n|-boost|p2a: Clefable|def|1\n|-boost|p2a: Clefable|spd|1\n|\n|-weather|RainDance|[upkeep]\n|-heal|p1b: Rillaboom|52\/100|[from] item: Leftovers\n|-heal|p2a: Clefable|97\/100|[from] item: Leftovers\n|upkeep\n|turn|9\n|inactive|Takeyolunchmoney has 120 seconds left.\n|\n|t:|1698872492\n|move|p1a: Garchomp|Stomping Tantrum|p2a: Clefable\n|-damage|p2a: Clefable|64\/100\n|-damage|p1a: Garchomp|41\/100|[from] item: Life Orb\n|move|p1b: Rillaboom|Grassy Glide|p2a: Clefable\n|-damage|p2a: Clefable|56\/100\n|move|p2a: Clefable|Stored Power|p1a: Garchomp\n|-damage|p1a: Garchomp|0 fnt\n|faint|p1a: Garchomp\n|\n|-weather|RainDance|[upkeep]\n|-heal|p1b: Rillaboom|58\/100|[from] item: Leftovers\n|-heal|p2a: Clefable|62\/100|[from] item: Leftovers\n|upkeep\n|inactive|Takeyolunchmoney has 90 seconds left.\n|\n|t:|1698872512\n|switch|p1a: Iron Bundle|Iron Bundle|100\/100\n|-enditem|p1a: Iron Bundle|Booster Energy\n|-activate|p1a: Iron Bundle|ability: Quark Drive|[fromitem]\n|-start|p1a: Iron Bundle|quarkdrivespa\n|turn|10\n|\n|t:|1698872522\n|-end|p1a: Iron Bundle|Quark Drive|[silent]\n|switch|p1a: Abomasnow|Abomasnow, M|100\/100\n|-weather|Snow|[from] ability: Snow Warning|[of] p1a: Abomasnow\n|move|p1b: Rillaboom|Grassy Glide|p2a: Clefable\n|-damage|p2a: Clefable|54\/100\n|move|p2a: Clefable|Wish|p2a: Clefable\n|\n|-weather|Snow|[upkeep]\n|-heal|p1b: Rillaboom|64\/100|[from] item: Leftovers\n|-heal|p2a: Clefable|60\/100|[from] item: Leftovers\n|upkeep\n|turn|11\n|inactive|Takeyolunchmoney has 120 seconds left.\n|\n|t:|1698872539\n|move|p1b: Rillaboom|Grassy Glide|p2a: Clefable\n|-crit|p2a: Clefable\n|-damage|p2a: Clefable|10\/100\n|move|p2a: Clefable|Stored Power|p1a: Abomasnow\n|-damage|p1a: Abomasnow|1\/100\n|move|p1a: Abomasnow|Aurora Veil|p1a: Abomasnow\n|-sidestart|p1: Takeyolunchmoney|move: Aurora Veil\n|\n|-weather|Snow|[upkeep]\n|-heal|p2a: Clefable|60\/100|[from] move: Wish|[wisher] Clefable\n|-heal|p1b: Rillaboom|70\/100|[from] item: Leftovers\n|-heal|p2a: Clefable|66\/100|[from] item: Leftovers\n|upkeep\n|turn|12\n|c|\u2606Takeyolunchmoney|ggs\n|c|\u2606Takeyolunchmoney|bye\n|\n|t:|1698872564\n|switch|p1a: Indeedee|Indeedee-F, F|100\/100\n|-fieldstart|move: Psychic Terrain|[from] ability: Psychic Surge|[of] p1a: Indeedee\n|-enditem|p1a: Indeedee|Psychic Seed\n|-boost|p1a: Indeedee|spd|1|[from] item: Psychic Seed\n|move|p1b: Rillaboom|Grassy Glide|p2a: Clefable\n|-damage|p2a: Clefable|57\/100\n|move|p2a: Clefable|Wish|p2a: Clefable\n|\n|-weather|Snow|[upkeep]\n|-heal|p1b: Rillaboom|76\/100|[from] item: Leftovers\n|-heal|p2a: Clefable|63\/100|[from] item: Leftovers\n|upkeep\n|turn|13\n|c|\u2606Takeyolunchmoney|im not dumb\n|\n|t:|1698872593\n|move|p1b: Rillaboom|Grassy Glide|p2a: Clefable\n|-damage|p2a: Clefable|55\/100\n|move|p1a: Indeedee|Psychic|p2a: Clefable\n|-damage|p2a: Clefable|43\/100\n|move|p2a: Clefable|Stored Power|p1a: Indeedee\n|-resisted|p1a: Indeedee\n|-damage|p1a: Indeedee|74\/100\n|\n|-weather|Snow|[upkeep]\n|-heal|p2a: Clefable|93\/100|[from] move: Wish|[wisher] Clefable\n|-heal|p1b: Rillaboom|83\/100|[from] item: Leftovers\n|-heal|p2a: Clefable|99\/100|[from] item: Leftovers\n|upkeep\n|turn|14\n|\n|t:|1698872616\n|move|p1b: Rillaboom|Grassy Glide|p2a: Clefable\n|-damage|p2a: Clefable|90\/100\n|move|p1a: Indeedee|Heal Pulse|p2a: Clefable\n|-heal|p2a: Clefable|100\/100\n|move|p2a: Clefable|Wish|p2a: Clefable\n|\n|-weather|none\n|-heal|p1b: Rillaboom|89\/100|[from] item: Leftovers\n|upkeep\n|turn|15\n|\n|t:|1698872631\n|move|p1b: Rillaboom|Grassy Glide|p2a: Clefable\n|-damage|p2a: Clefable|91\/100\n|move|p1a: Indeedee|Psychic|p2a: Clefable\n|-damage|p2a: Clefable|77\/100\n|move|p2a: Clefable|Stored Power|p1a: Indeedee\n|-resisted|p1a: Indeedee\n|-damage|p1a: Indeedee|49\/100\n|\n|-heal|p2a: Clefable|100\/100|[from] move: Wish|[wisher] Clefable\n|-heal|p1b: Rillaboom|95\/100|[from] item: Leftovers\n|-sideend|p1: Takeyolunchmoney|move: Aurora Veil\n|upkeep\n|turn|16\n|\n|t:|1698872651\n|move|p1b: Rillaboom|Grassy Glide|p2a: Clefable\n|-damage|p2a: Clefable|92\/100\n|move|p1a: Indeedee|Psychic|p2a: Clefable\n|-damage|p2a: Clefable|79\/100\n|move|p2a: Clefable|Stored Power|p1a: Indeedee\n|-resisted|p1a: Indeedee\n|-damage|p1a: Indeedee|6\/100\n|\n|-heal|p1b: Rillaboom|100\/100|[from] item: Leftovers\n|-heal|p2a: Clefable|85\/100|[from] item: Leftovers\n|-fieldend|move: Psychic Terrain\n|upkeep\n|turn|17\n|\n|t:|1698872666\n|move|p1a: Indeedee|Protect|p1a: Indeedee\n|-singleturn|p1a: Indeedee|Protect\n|move|p1b: Rillaboom|Grassy Glide|p2a: Clefable\n|-damage|p2a: Clefable|77\/100\n|move|p2a: Clefable|Stored Power|p1a: Indeedee\n|-activate|p1a: Indeedee|move: Protect\n|\n|-heal|p2a: Clefable|83\/100|[from] item: Leftovers\n|upkeep\n|turn|18\n|\n|t:|1698872684\n|switch|p1b: Abomasnow|Abomasnow, M|1\/100\n|-weather|Snow|[from] ability: Snow Warning|[of] p1b: Abomasnow\n|move|p1a: Indeedee|Psychic|p2a: Clefable\n|-damage|p2a: Clefable|73\/100\n|move|p2a: Clefable|Stored Power|p1a: Indeedee\n|-resisted|p1a: Indeedee\n|-damage|p1a: Indeedee|0 fnt\n|faint|p1a: Indeedee\n|\n|-weather|Snow|[upkeep]\n|-heal|p2a: Clefable|79\/100|[from] item: Leftovers\n|upkeep\n|\n|t:|1698872696\n|switch|p1a: Ninetales|Ninetales-Alola, F, shiny|100\/100\n|turn|19\n|\n|t:|1698872703\n|move|p1a: Ninetales|Aurora Veil|p1a: Ninetales\n|-sidestart|p1: Takeyolunchmoney|move: Aurora Veil\n|move|p2a: Clefable|Wish|p2a: Clefable\n|move|p1b: Abomasnow|Blizzard|p2a: Clefable\n|-damage|p2a: Clefable|66\/100\n|\n|-weather|Snow|[upkeep]\n|-heal|p2a: Clefable|72\/100|[from] item: Leftovers\n|upkeep\n|turn|20\n|\n|t:|1698872718\n|move|p1a: Ninetales|Blizzard|p2a: Clefable\n|-damage|p2a: Clefable|65\/100\n|move|p2a: Clefable|Stored Power|p1b: Abomasnow\n|-damage|p1b: Abomasnow|0 fnt\n|faint|p1b: Abomasnow\n|\n|-weather|Snow|[upkeep]\n|-heal|p2a: Clefable|100\/100|[from] move: Wish|[wisher] Clefable\n|upkeep\n|\n|t:|1698872727\n|switch|p1b: Iron Bundle|Iron Bundle|100\/100\n|turn|21\n|\n|t:|1698872735\n|move|p1b: Iron Bundle|Blizzard|p2a: Clefable\n|-damage|p2a: Clefable|85\/100\n|move|p1a: Ninetales|Blizzard|p2a: Clefable\n|-damage|p2a: Clefable|76\/100\n|-status|p2a: Clefable|frz\n|cant|p2a: Clefable|frz\n|\n|-weather|Snow|[upkeep]\n|-heal|p2a: Clefable|82\/100 frz|[from] item: Leftovers\n|upkeep\n|turn|22\n|\n|t:|1698872755\n|-terastallize|p1b: Iron Bundle|Ice\n|move|p1b: Iron Bundle|Blizzard|p2a: Clefable\n|-damage|p2a: Clefable|61\/100 frz\n|move|p1a: Ninetales|Blizzard|p2a: Clefable\n|-damage|p2a: Clefable|53\/100 frz\n|-curestatus|p2a: Clefable|frz|[msg]\n|move|p2a: Clefable|Wish|p2a: Clefable\n|\n|-weather|none\n|-heal|p2a: Clefable|59\/100|[from] item: Leftovers\n|upkeep\n|turn|23\n|\n|t:|1698872771\n|switch|p1a: Rillaboom|Rillaboom, M|100\/100\n|-fieldstart|move: Grassy Terrain|[from] ability: Grassy Surge|[of] p1a: Rillaboom\n|move|p1b: Iron Bundle|Blizzard|p2a: Clefable|[miss]\n|-miss|p1b: Iron Bundle|p2a: Clefable\n|move|p2a: Clefable|Stored Power|p1b: Iron Bundle\n|-damage|p1b: Iron Bundle|0 fnt\n|faint|p1b: Iron Bundle\n|-end|p1b: Iron Bundle|Quark Drive|[silent]\n|\n|-heal|p2a: Clefable|100\/100|[from] move: Wish|[wisher] Clefable\n|-sideend|p1: Takeyolunchmoney|move: Aurora Veil\n|upkeep\n|\n|t:|1698872786\n|switch|p1b: Ninetales|Ninetales-Alola, F, shiny|100\/100\n|-weather|Snow|[from] ability: Snow Warning|[of] p1b: Ninetales\n|turn|24\n|inactive|Takeyolunchmoney has 120 seconds left.\n|\n|t:|1698872823\n|move|p1a: Rillaboom|Grassy Glide|p2a: Clefable\n|-damage|p2a: Clefable|90\/100\n|move|p1b: Ninetales|Aurora Veil|p1b: Ninetales\n|-sidestart|p1: Takeyolunchmoney|move: Aurora Veil\n|move|p2a: Clefable|Stored Power|p1b: Ninetales\n|-damage|p1b: Ninetales|47\/100\n|\n|-weather|Snow|[upkeep]\n|-heal|p1b: Ninetales|53\/100|[from] Grassy Terrain\n|-heal|p2a: Clefable|96\/100|[from] Grassy Terrain\n|-heal|p2a: Clefable|100\/100|[from] item: Leftovers\n|upkeep\n|turn|25\n|inactive|Takeyolunchmoney has 120 seconds left.\n|c|\u2606Takeyolunchmoney|your fuckin ass\n|c|\u2606Takeyolunchmoney|run it back\n|\n|t:|1698872870\n|move|p1b: Ninetales|Protect|p1b: Ninetales\n|-singleturn|p1b: Ninetales|Protect\n|move|p1a: Rillaboom|Grassy Glide|p2a: Clefable\n|-damage|p2a: Clefable|90\/100\n|move|p2a: Clefable|Stored Power|p1b: Ninetales\n|-activate|p1b: Ninetales|move: Protect\n|\n|-weather|Snow|[upkeep]\n|-heal|p1b: Ninetales|59\/100|[from] Grassy Terrain\n|-heal|p2a: Clefable|96\/100|[from] Grassy Terrain\n|-heal|p2a: Clefable|100\/100|[from] item: Leftovers\n|upkeep\n|turn|26\n|n|\u203dbogerslybridging|bogerslybridging\n|\n|t:|1698872890\n|move|p1a: Rillaboom|Grassy Glide|p2a: Clefable\n|-damage|p2a: Clefable|88\/100\n|move|p1b: Ninetales|Blizzard|p2a: Clefable\n|-damage|p2a: Clefable|80\/100\n|move|p2a: Clefable|Stored Power|p1b: Ninetales\n|-damage|p1b: Ninetales|9\/100\n|\n|-weather|Snow|[upkeep]\n|-heal|p1b: Ninetales|15\/100|[from] Grassy Terrain\n|-heal|p2a: Clefable|86\/100|[from] Grassy Terrain\n|-heal|p2a: Clefable|92\/100|[from] item: Leftovers\n|upkeep\n|turn|27\n|inactive|Takeyolunchmoney has 120 seconds left.\n|-message|Takeyolunchmoney forfeited.\n|\n|win|bogerslybridging\n|raw|Takeyolunchmoney's rating: 1094 &rarr; <strong>1064<\/strong><br \/>(-30 for losing)\n|raw|bogerslybridging's rating: 1000 &rarr; <strong>1051<\/strong><br \/>(+51 for winning)\n","uploadtime":1698872857,"views":13,"p1id":"takeyolunchmoney","p2id":"bogerslybridging","formatid":"gen9doublesou","rating":1051,"private":0,"password":""}