{"id":"gen9doublesou-1995734454","p1":"Guhu","p2":"salsa123","format":"[Gen 9] Doubles OU","log":"|j|\u2606Guhu\n|j|\u2606salsa123\n|t:|1700598193\n|gametype|doubles\n|player|p1|Guhu|265|1088\n|player|p2|salsa123|janitor|1190\n|teamsize|p1|6\n|teamsize|p2|6\n|gen|9\n|tier|[Gen 9] Doubles OU\n|rated|\n|rule|Species Clause: Limit one of each Pok\u00e9mon\n|rule|OHKO Clause: OHKO moves are banned\n|rule|Evasion Moves Clause: Evasion moves are banned\n|rule|Gravity Sleep Clause: The combination of sleep-inducing moves with imperfect accuracy and Gravity or Gigantamax Orbeetle are banned\n|rule|Endless Battle Clause: Forcing endless battles is banned\n|rule|HP Percentage Mod: HP is shown in percentages\n|clearpoke\n|poke|p1|Cyclizar, F|\n|poke|p1|Gholdengo|\n|poke|p1|Amoonguss, F|\n|poke|p1|Chien-Pao|\n|poke|p1|Murkrow, M|\n|poke|p1|Arcanine-Hisui, M|\n|poke|p2|Goodra-Hisui, F|\n|poke|p2|Iron Bundle|\n|poke|p2|Indeedee-F, F|\n|poke|p2|Cresselia, F|\n|poke|p2|Ursaluna, M|\n|poke|p2|Pelipper, M|\n|teampreview\n|\n|t:|1700598232\n|start\n|switch|p1a: Arcanine|Arcanine-Hisui, M|100\/100\n|switch|p1b: Chien-Pao|Chien-Pao|100\/100\n|switch|p2a: Goodra|Goodra-Hisui, F|100\/100\n|switch|p2b: Indeedee|Indeedee-F, F|100\/100\n|-ability|p1b: Chien-Pao|Sword of Ruin\n|-fieldstart|move: Psychic Terrain|[from] ability: Psychic Surge|[of] p2b: Indeedee\n|-enditem|p2b: Indeedee|Psychic Seed\n|-boost|p2b: Indeedee|spd|1|[from] item: Psychic Seed\n|turn|1\n|\n|t:|1700598253\n|-terastallize|p1a: Arcanine|Fire\n|move|p1b: Chien-Pao|Crunch|p2b: Indeedee\n|-supereffective|p2b: Indeedee\n|-damage|p2b: Indeedee|0 fnt\n|faint|p2b: Indeedee\n|move|p1a: Arcanine|Flare Blitz|p2a: Goodra\n|-crit|p2a: Goodra\n|-damage|p2a: Goodra|0 fnt\n|faint|p2a: Goodra\n|\n|upkeep\n|\n|t:|1700598275\n|switch|p2b: Cresselia|Cresselia, F, shiny|100\/100\n|switch|p2a: Iron Bundle|Iron Bundle|100\/100\n|turn|2\n|\n|t:|1700598301\n|-terastallize|p2b: Cresselia|Dark\n|move|p2a: Iron Bundle|Hydro Pump|p1a: Arcanine\n|-supereffective|p1a: Arcanine\n|-damage|p1a: Arcanine|0 fnt\n|faint|p1a: Arcanine\n|-damage|p2a: Iron Bundle|91\/100|[from] item: Life Orb\n|move|p1b: Chien-Pao|Crunch|p2a: Iron Bundle\n|-damage|p2a: Iron Bundle|0 fnt\n|faint|p2a: Iron Bundle\n|-end|p2a: Iron Bundle|Quark Drive|[silent]\n|move|p2b: Cresselia|Moonblast|p1b: Chien-Pao\n|-supereffective|p1b: Chien-Pao\n|-damage|p1b: Chien-Pao|46\/100\n|\n|upkeep\n|\n|t:|1700598318\n|switch|p2a: Ursaluna|Ursaluna, M|100\/100\n|switch|p1a: Gholdengo|Gholdengo|100\/100\n|turn|3\n|\n|t:|1700598326\n|move|p2a: Ursaluna|Protect|p2a: Ursaluna\n|-singleturn|p2a: Ursaluna|Protect\n|move|p1b: Chien-Pao|Crunch|p2a: Ursaluna\n|-activate|p2a: Ursaluna|move: Protect\n|move|p1a: Gholdengo|Nasty Plot|p1a: Gholdengo\n|-boost|p1a: Gholdengo|spa|2\n|move|p2b: Cresselia|Trick Room|p2b: Cresselia\n|-fieldstart|move: Trick Room|[of] p2b: Cresselia\n|\n|-status|p2a: Ursaluna|brn|[from] item: Flame Orb\n|upkeep\n|turn|4\n|\n|t:|1700598342\n|move|p2a: Ursaluna|Headlong Rush|p1a: Gholdengo\n|-supereffective|p1a: Gholdengo\n|-damage|p1a: Gholdengo|0 fnt\n|-unboost|p2a: Ursaluna|def|1\n|-unboost|p2a: Ursaluna|spd|1\n|faint|p1a: Gholdengo\n|move|p2b: Cresselia|Moonblast|p1b: Chien-Pao\n|-supereffective|p1b: Chien-Pao\n|-damage|p1b: Chien-Pao|0 fnt\n|faint|p1b: Chien-Pao\n|\n|-damage|p2a: Ursaluna|94\/100 brn|[from] brn\n|upkeep\n|\n|t:|1700598359\n|switch|p1a: Amoonguss|Amoonguss, F|100\/100\n|switch|p1b: Murkrow|Murkrow, M|100\/100\n|turn|5\n|\n|t:|1700598381\n|move|p1b: Murkrow|Taunt|p2a: Ursaluna\n|-activate|p2a: Ursaluna|move: Psychic Terrain\n|move|p1a: Amoonguss|Spore|p2b: Cresselia\n|-activate|p2b: Cresselia|item: Safety Goggles|Spore\n|move|p2a: Ursaluna|Headlong Rush|p1a: Amoonguss\n|-damage|p1a: Amoonguss|0 fnt\n|-unboost|p2a: Ursaluna|def|1\n|-unboost|p2a: Ursaluna|spd|1\n|faint|p1a: Amoonguss\n|move|p2b: Cresselia|Moonblast|p1b: Murkrow\n|-supereffective|p1b: Murkrow\n|-damage|p1b: Murkrow|60\/100\n|\n|-damage|p2a: Ursaluna|88\/100 brn|[from] brn\n|-fieldend|move: Psychic Terrain\n|upkeep\n|\n|t:|1700598397\n|switch|p1a: Cyclizar|Cyclizar, F|100\/100\n|turn|6\n|\n|t:|1700598413\n|move|p1b: Murkrow|Haze|p1b: Murkrow\n|-clearallboost\n|move|p2a: Ursaluna|Facade|p1a: Cyclizar\n|-damage|p1a: Cyclizar|0 fnt\n|faint|p1a: Cyclizar\n|move|p2b: Cresselia|Moonblast|p1b: Murkrow\n|-supereffective|p1b: Murkrow\n|-damage|p1b: Murkrow|18\/100\n|\n|-damage|p2a: Ursaluna|82\/100 brn|[from] brn\n|upkeep\n|turn|7\n|-message|Guhu forfeited.\n|\n|win|salsa123\n|raw|Guhu's rating: 1088 &rarr; <strong>1071<\/strong><br \/>(-17 for losing)\n|raw|salsa123's rating: 1190 &rarr; <strong>1208<\/strong><br \/>(+18 for winning)\n|l|\u2606Guhu\n","uploadtime":1700598464,"views":1,"p1id":"guhu","p2id":"salsa123","formatid":"gen9doublesou","rating":1071,"private":0,"password":""}