{"id":"gen9doublesou-1975230369","p1":"ABitTooPale","p2":"UY QUE RICO PAPI!","format":"[Gen 9] Doubles OU","log":"|j|\u2606ABitTooPale\n|j|\u2606UY QUE RICO PAPI!\n|t:|1698172043\n|gametype|doubles\n|player|p1|ABitTooPale|265|1164\n|player|p2|UY QUE RICO PAPI!|101|1262\n|teamsize|p1|6\n|teamsize|p2|6\n|gen|9\n|tier|[Gen 9] Doubles OU\n|rated|\n|rule|Species Clause: Limit one of each Pok\u00e9mon\n|rule|OHKO Clause: OHKO moves are banned\n|rule|Evasion Moves Clause: Evasion moves are banned\n|rule|Gravity Sleep Clause: The combination of sleep-inducing moves with imperfect accuracy and Gravity or Gigantamax Orbeetle are banned\n|rule|Endless Battle Clause: Forcing endless battles is banned\n|rule|HP Percentage Mod: HP is shown in percentages\n|clearpoke\n|poke|p1|Amoonguss, M|\n|poke|p1|Gyarados, M|\n|poke|p1|Gholdengo|\n|poke|p1|Murkrow, M|\n|poke|p1|Ceruledge, M|\n|poke|p1|Garchomp, M|\n|poke|p2|Trevenant, F|\n|poke|p2|Grimmsnarl, M|\n|poke|p2|Garganacl, M|\n|poke|p2|Ting-Lu|\n|poke|p2|Cresselia, F|\n|poke|p2|Glimmora, F|\n|teampreview\n|inactive|Battle timer is ON: inactive players will automatically lose when time's up. (requested by ABitTooPale)\n|\n|t:|1698172070\n|start\n|switch|p1a: Murkrow|Murkrow, M|100\/100\n|switch|p1b: Gyarados|Gyarados, M|100\/100\n|switch|p2a: Grimmsnarl|Grimmsnarl, M|100\/100\n|switch|p2b: Ting-Lu|Ting-Lu|100\/100\n|-ability|p1b: Gyarados|Intimidate|boost\n|-unboost|p2a: Grimmsnarl|atk|1\n|-unboost|p2b: Ting-Lu|atk|1\n|-ability|p2b: Ting-Lu|Vessel of Ruin\n|turn|1\n|\n|t:|1698172089\n|move|p1a: Murkrow|Tailwind|p1a: Murkrow\n|-sidestart|p1: ABitTooPale|move: Tailwind\n|move|p2a: Grimmsnarl|Reflect|p2a: Grimmsnarl\n|-sidestart|p2: UY QUE RICO PAPI!|Reflect\n|move|p1b: Gyarados|Earthquake|p2b: Ting-Lu|[spread] p2a,p2b\n|-immune|p1a: Murkrow\n|-damage|p2a: Grimmsnarl|87\/100\n|-damage|p2b: Ting-Lu|93\/100\n|move|p2b: Ting-Lu|Spikes|p1a: Murkrow\n|-sidestart|p1: ABitTooPale|Spikes\n|\n|-heal|p2b: Ting-Lu|99\/100|[from] item: Leftovers\n|upkeep\n|turn|2\n|\n|t:|1698172102\n|move|p1a: Murkrow|Thunder Wave|p2b: Ting-Lu\n|-immune|p2b: Ting-Lu\n|move|p2a: Grimmsnarl|Light Screen|p2a: Grimmsnarl\n|-sidestart|p2: UY QUE RICO PAPI!|move: Light Screen\n|move|p1b: Gyarados|Waterfall|p2b: Ting-Lu\n|-supereffective|p2b: Ting-Lu\n|-damage|p2b: Ting-Lu|74\/100\n|move|p2b: Ting-Lu|Spikes|p1b: Gyarados\n|-sidestart|p1: ABitTooPale|Spikes\n|\n|-heal|p2b: Ting-Lu|80\/100|[from] item: Leftovers\n|upkeep\n|turn|3\n|\n|t:|1698172116\n|move|p1a: Murkrow|Thunder Wave|p2a: Grimmsnarl\n|-hint|Since gen 7, Dark is immune to Prankster moves.\n|-immune|p2a: Grimmsnarl\n|move|p2a: Grimmsnarl|Parting Shot|p1b: Gyarados\n|-unboost|p1b: Gyarados|atk|1\n|-unboost|p1b: Gyarados|spa|1\n|\n|t:|1698172127\n|switch|p2a: Garganacl|Garganacl, M|100\/100|[from] Parting Shot\n|move|p1b: Gyarados|Waterfall|p2b: Ting-Lu\n|-supereffective|p2b: Ting-Lu\n|-damage|p2b: Ting-Lu|65\/100\n|move|p2b: Ting-Lu|Spikes|p1b: Gyarados\n|-sidestart|p1: ABitTooPale|Spikes\n|\n|-heal|p2b: Ting-Lu|71\/100|[from] item: Leftovers\n|upkeep\n|turn|4\n|\n|t:|1698172142\n|-terastallize|p2a: Garganacl|Ghost\n|move|p1a: Murkrow|Haze|p1a: Murkrow\n|-clearallboost\n|move|p1b: Gyarados|Earthquake|p2b: Ting-Lu|[spread] p2a,p2b\n|-immune|p1a: Murkrow\n|-damage|p2a: Garganacl|91\/100\n|-damage|p2b: Ting-Lu|63\/100\n|move|p2b: Ting-Lu|Mean Look|p1b: Gyarados\n|-activate|p1b: Gyarados|trapped\n|move|p2a: Garganacl|Salt Cure|p1b: Gyarados\n|-supereffective|p1b: Gyarados\n|-damage|p1b: Gyarados|64\/100\n|-start|p1b: Gyarados|Salt Cure\n|\n|-heal|p2b: Ting-Lu|70\/100|[from] item: Leftovers\n|-heal|p2a: Garganacl|97\/100|[from] item: Leftovers\n|-damage|p1b: Gyarados|39\/100|[from] Salt Cure\n|-sideend|p1: ABitTooPale|move: Tailwind\n|upkeep\n|turn|5\n|\n|t:|1698172169\n|move|p2b: Ting-Lu|Protect|p2b: Ting-Lu\n|-singleturn|p2b: Ting-Lu|Protect\n|move|p1a: Murkrow|Thunder Wave|p2a: Garganacl\n|-immune|p2a: Garganacl|[from] ability: Purifying Salt\n|move|p1b: Gyarados|Crunch|p2a: Garganacl\n|-supereffective|p2a: Garganacl\n|-damage|p2a: Garganacl|77\/100\n|-unboost|p2a: Garganacl|def|1\n|move|p2a: Garganacl|Salt Cure|p1a: Murkrow\n|-supereffective|p1a: Murkrow\n|-damage|p1a: Murkrow|63\/100\n|-start|p1a: Murkrow|Salt Cure\n|\n|-heal|p2b: Ting-Lu|76\/100|[from] item: Leftovers\n|-heal|p2a: Garganacl|83\/100|[from] item: Leftovers\n|-damage|p1b: Gyarados|14\/100|[from] Salt Cure\n|-damage|p1a: Murkrow|50\/100|[from] Salt Cure\n|upkeep\n|turn|6\n|\n|t:|1698172193\n|switch|p1a: Garchomp|Garchomp, M|100\/100\n|-damage|p1a: Garchomp|76\/100|[from] Spikes\n|switch|p2a: Grimmsnarl|Grimmsnarl, M|87\/100\n|move|p1b: Gyarados|Crunch|p2a: Grimmsnarl\n|-resisted|p2a: Grimmsnarl\n|-damage|p2a: Grimmsnarl|83\/100\n|move|p2b: Ting-Lu|Mean Look|p1a: Garchomp\n|-activate|p1a: Garchomp|trapped\n|\n|-heal|p2b: Ting-Lu|82\/100|[from] item: Leftovers\n|-damage|p1b: Gyarados|0 fnt|[from] Salt Cure\n|faint|p1b: Gyarados\n|upkeep\n|\n|t:|1698172206\n|switch|p1b: Gholdengo|Gholdengo|100\/100\n|-damage|p1b: Gholdengo|76\/100|[from] Spikes\n|turn|7\n|\n|t:|1698172221\n|move|p2a: Grimmsnarl|Parting Shot|p1a: Garchomp\n|-unboost|p1a: Garchomp|atk|1\n|-unboost|p1a: Garchomp|spa|1\n|\n|t:|1698172239\n|switch|p2a: Garganacl|Garganacl, M, tera:Ghost|83\/100|[from] Parting Shot\n|move|p1a: Garchomp|Dragon Claw|p2a: Garganacl\n|-damage|p2a: Garganacl|73\/100\n|-damage|p1a: Garchomp|66\/100|[from] item: Life Orb\n|move|p1b: Gholdengo|Make It Rain|p2b: Ting-Lu|[spread] p2a,p2b\n|-damage|p2a: Garganacl|49\/100\n|-damage|p2b: Ting-Lu|62\/100\n|-unboost|p1b: Gholdengo|spa|1\n|move|p2b: Ting-Lu|Mean Look|p1b: Gholdengo\n|-immune|p1b: Gholdengo|[from] ability: Good as Gold\n|\n|-heal|p1b: Gholdengo|82\/100|[from] item: Leftovers\n|-heal|p2b: Ting-Lu|69\/100|[from] item: Leftovers\n|-heal|p2a: Garganacl|55\/100|[from] item: Leftovers\n|upkeep\n|turn|8\n|inactive|UY QUE RICO PAPI! has 120 seconds left.\n|\n|t:|1698172269\n|move|p1a: Garchomp|Protect|p1a: Garchomp\n|-singleturn|p1a: Garchomp|Protect\n|move|p2b: Ting-Lu|Protect|p2b: Ting-Lu\n|-singleturn|p2b: Ting-Lu|Protect\n|move|p1b: Gholdengo|Nasty Plot|p1b: Gholdengo\n|-boost|p1b: Gholdengo|spa|2\n|move|p2a: Garganacl|Recover|p2a: Garganacl\n|-heal|p2a: Garganacl|100\/100\n|\n|-heal|p1b: Gholdengo|88\/100|[from] item: Leftovers\n|-heal|p2b: Ting-Lu|75\/100|[from] item: Leftovers\n|-sideend|p2: UY QUE RICO PAPI!|Reflect\n|upkeep\n|turn|9\n|inactive|UY QUE RICO PAPI! has 120 seconds left.\n|\n|t:|1698172298\n|move|p1a: Garchomp|Crunch|p2a: Garganacl\n|-supereffective|p2a: Garganacl\n|-damage|p2a: Garganacl|79\/100\n|-damage|p1a: Garchomp|56\/100|[from] item: Life Orb\n|move|p1b: Gholdengo|Make It Rain|p2b: Ting-Lu|[spread] p2a,p2b\n|-damage|p2a: Garganacl|48\/100\n|-damage|p2b: Ting-Lu|47\/100\n|-unboost|p1b: Gholdengo|spa|1\n|move|p2b: Ting-Lu|Ruination|p1b: Gholdengo\n|-damage|p1b: Gholdengo|44\/100\n|move|p2a: Garganacl|Salt Cure|p1b: Gholdengo\n|-resisted|p1b: Gholdengo\n|-damage|p1b: Gholdengo|37\/100\n|-start|p1b: Gholdengo|Salt Cure\n|\n|-heal|p1b: Gholdengo|43\/100|[from] item: Leftovers\n|-heal|p2b: Ting-Lu|53\/100|[from] item: Leftovers\n|-heal|p2a: Garganacl|54\/100|[from] item: Leftovers\n|-damage|p1b: Gholdengo|18\/100|[from] Salt Cure\n|-sideend|p2: UY QUE RICO PAPI!|move: Light Screen\n|upkeep\n|turn|10\n|\n|t:|1698172324\n|switch|p2b: Cresselia|Cresselia, F|100\/100\n|move|p1a: Garchomp|Rock Slide|p2a: Garganacl|[spread] p2a,p2b\n|-damage|p2a: Garganacl|47\/100\n|-damage|p2b: Cresselia|93\/100\n|-damage|p1a: Garchomp|46\/100|[from] item: Life Orb\n|move|p1b: Gholdengo|Make It Rain|p2a: Garganacl|[spread] p2a,p2b\n|-damage|p2a: Garganacl|0 fnt\n|-damage|p2b: Cresselia|62\/100\n|-unboost|p1b: Gholdengo|spa|1\n|faint|p2a: Garganacl\n|\n|-heal|p1b: Gholdengo|24\/100|[from] item: Leftovers\n|-damage|p1b: Gholdengo|0 fnt|[from] Salt Cure\n|faint|p1b: Gholdengo\n|upkeep\n|\n|t:|1698172341\n|switch|p1b: Amoonguss|Amoonguss, M|100\/100\n|switch|p2a: Grimmsnarl|Grimmsnarl, M|83\/100\n|-damage|p1b: Amoonguss|75\/100|[from] Spikes\n|turn|11\n|\n|t:|1698172354\n|move|p2a: Grimmsnarl|Taunt|p1b: Amoonguss\n|-start|p1b: Amoonguss|move: Taunt\n|move|p1a: Garchomp|Dragon Claw|p2a: Grimmsnarl\n|-immune|p2a: Grimmsnarl\n|move|p2b: Cresselia|Lunar Blessing|p2b: Cresselia|[spread] p2a,p2b\n|-heal|p2a: Grimmsnarl|100\/100\n|-heal|p2b: Cresselia|87\/100\n|move|p1b: Amoonguss|Pollen Puff|p1a: Garchomp\n|-heal|p1a: Garchomp|96\/100\n|\n|upkeep\n|turn|12\n|\n|t:|1698172371\n|move|p2a: Grimmsnarl|Reflect|p2a: Grimmsnarl\n|-sidestart|p2: UY QUE RICO PAPI!|Reflect\n|move|p1a: Garchomp|Rock Slide|p2a: Grimmsnarl|[spread] \n|-miss|p1a: Garchomp|p2a: Grimmsnarl\n|-miss|p1a: Garchomp|p2b: Cresselia\n|move|p2b: Cresselia|Light Screen|p2b: Cresselia\n|-sidestart|p2: UY QUE RICO PAPI!|move: Light Screen\n|move|p1b: Amoonguss|Pollen Puff|p2b: Cresselia\n|-supereffective|p2b: Cresselia\n|-damage|p2b: Cresselia|71\/100\n|\n|upkeep\n|turn|13\n|\n|t:|1698172392\n|switch|p2b: Glimmora|Glimmora, F|100\/100\n|move|p2a: Grimmsnarl|Parting Shot|p1a: Garchomp\n|-unboost|p1a: Garchomp|atk|1\n|-unboost|p1a: Garchomp|spa|1\n|\n|t:|1698172400\n|switch|p2a: Trevenant|Trevenant, F|100\/100|[from] Parting Shot\n|move|p1a: Garchomp|Dragon Claw|p2b: Glimmora\n|-damage|p2b: Glimmora|89\/100\n|-activate|p2b: Glimmora|ability: Toxic Debris\n|-sidestart|p1: ABitTooPale|move: Toxic Spikes\n|-damage|p1a: Garchomp|86\/100|[from] item: Life Orb\n|move|p1b: Amoonguss|Pollen Puff|p2b: Glimmora\n|-resisted|p2b: Glimmora\n|-damage|p2b: Glimmora|82\/100\n|\n|-heal|p2b: Glimmora|88\/100|[from] item: Leftovers\n|-end|p1b: Amoonguss|move: Taunt\n|upkeep\n|turn|14\n|-message|ABitTooPale forfeited.\n|\n|win|UY QUE RICO PAPI!\n|raw|ABitTooPale's rating: 1164 &rarr; <strong>1146<\/strong><br \/>(-18 for losing)\n|raw|UY QUE RICO PAPI!'s rating: 1262 &rarr; <strong>1280<\/strong><br \/>(+18 for winning)\n|l|\u2606ABitTooPale\n","uploadtime":1698172420,"views":14,"p1id":"abittoopale","p2id":"uyquericopapi","formatid":"gen9doublesou","rating":1146,"private":0,"password":""}