{"id":"gen9doublesou-1996119055","p1":"Onsen3gg","p2":"Darkhyrid123","format":"[Gen 9] Doubles OU","log":"|j|\u2606Onsen3gg\n|j|\u2606Darkhyrid123\n|t:|1700647027\n|gametype|doubles\n|player|p1|Onsen3gg|ltsurge|1332\n|player|p2|Darkhyrid123|265|1415\n|teamsize|p1|6\n|teamsize|p2|6\n|gen|9\n|tier|[Gen 9] Doubles OU\n|rated|\n|rule|Species Clause: Limit one of each Pok\u00e9mon\n|rule|OHKO Clause: OHKO moves are banned\n|rule|Evasion Moves Clause: Evasion moves are banned\n|rule|Gravity Sleep Clause: The combination of sleep-inducing moves with imperfect accuracy and Gravity or Gigantamax Orbeetle are banned\n|rule|Endless Battle Clause: Forcing endless battles is banned\n|rule|HP Percentage Mod: HP is shown in percentages\n|clearpoke\n|poke|p1|Torkoal, F|\n|poke|p1|Victreebel, F|\n|poke|p1|Charizard, F|\n|poke|p1|Walking Wake|\n|poke|p1|Brute Bonnet|\n|poke|p1|Heatran, F|\n|poke|p2|Pelipper, M|\n|poke|p2|Iron Hands|\n|poke|p2|Flutter Mane|\n|poke|p2|Amoonguss, M|\n|poke|p2|Gholdengo|\n|poke|p2|Chien-Pao|\n|teampreview\n|inactive|Battle timer is ON: inactive players will automatically lose when time's up. (requested by Darkhyrid123)\n|\n|t:|1700647040\n|start\n|switch|p1a: Torkoal|Torkoal, F|100\/100\n|switch|p1b: Walking Wake|Walking Wake|100\/100\n|switch|p2a: Iron Hands|Iron Hands, shiny|100\/100\n|switch|p2b: Chien-Pao|Chien-Pao|100\/100\n|-ability|p2b: Chien-Pao|Sword of Ruin\n|-weather|SunnyDay|[from] ability: Drought|[of] p1a: Torkoal\n|-activate|p1b: Walking Wake|ability: Protosynthesis\n|-start|p1b: Walking Wake|protosynthesisspe\n|turn|1\n|\n|t:|1700647066\n|-end|p2a: Iron Hands|Quark Drive|[silent]\n|switch|p2a: Pelipper|Pelipper, M, shiny|100\/100\n|-weather|RainDance|[from] ability: Drizzle|[of] p2a: Pelipper\n|-end|p1b: Walking Wake|Protosynthesis\n|move|p1b: Walking Wake|Protect|p1b: Walking Wake\n|-singleturn|p1b: Walking Wake|Protect\n|move|p1a: Torkoal|Protect|p1a: Torkoal\n|-singleturn|p1a: Torkoal|Protect\n|move|p2b: Chien-Pao|Ice Spinner|p1b: Walking Wake\n|-activate|p1b: Walking Wake|move: Protect\n|\n|-weather|RainDance|[upkeep]\n|upkeep\n|turn|2\n|inactive|Onsen3gg has 120 seconds left.\n|\n|t:|1700647108\n|switch|p2a: Gholdengo|Gholdengo|100\/100\n|switch|p1a: Brute Bonnet|Brute Bonnet|100\/100\n|move|p2b: Chien-Pao|Crunch|p1a: Brute Bonnet\n|-resisted|p1a: Brute Bonnet\n|-damage|p1a: Brute Bonnet|77\/100\n|move|p1b: Walking Wake|Draco Meteor|p2a: Gholdengo\n|-resisted|p2a: Gholdengo\n|-damage|p2a: Gholdengo|66\/100\n|-unboost|p1b: Walking Wake|spa|2\n|\n|-weather|RainDance|[upkeep]\n|-heal|p1a: Brute Bonnet|84\/100|[from] item: Leftovers\n|upkeep\n|turn|3\n|inactive|Onsen3gg has 120 seconds left.\n|\n|t:|1700647134\n|-end|p1b: Walking Wake|Protosynthesis|[silent]\n|switch|p1b: Torkoal|Torkoal, F|100\/100\n|-weather|SunnyDay|[from] ability: Drought|[of] p1b: Torkoal\n|-activate|p1a: Brute Bonnet|ability: Protosynthesis\n|-start|p1a: Brute Bonnet|protosynthesisspd\n|move|p2b: Chien-Pao|Ice Spinner|p1a: Brute Bonnet\n|-supereffective|p1a: Brute Bonnet\n|-damage|p1a: Brute Bonnet|0 fnt\n|faint|p1a: Brute Bonnet\n|-end|p1a: Brute Bonnet|Protosynthesis|[silent]\n|move|p2a: Gholdengo|Nasty Plot|p2a: Gholdengo\n|-boost|p2a: Gholdengo|spa|2\n|\n|-weather|SunnyDay|[upkeep]\n|upkeep\n|inactive|Onsen3gg has 90 seconds left.\n|\n|t:|1700647169\n|switch|p1a: Walking Wake|Walking Wake|100\/100\n|-activate|p1a: Walking Wake|ability: Protosynthesis\n|-start|p1a: Walking Wake|protosynthesisspe\n|turn|4\n|\n|t:|1700647184\n|switch|p2b: Pelipper|Pelipper, M, shiny|100\/100\n|-weather|RainDance|[from] ability: Drizzle|[of] p2b: Pelipper\n|-end|p1a: Walking Wake|Protosynthesis\n|move|p1a: Walking Wake|Draco Meteor|p2b: Pelipper|[miss]\n|-miss|p1a: Walking Wake|p2b: Pelipper\n|move|p2a: Gholdengo|Shadow Ball|p1b: Torkoal\n|-damage|p1b: Torkoal|5\/100\n|move|p1b: Torkoal|Eruption|p2a: Gholdengo|[spread] p2a,p2b\n|-supereffective|p2a: Gholdengo\n|-resisted|p2b: Pelipper\n|-damage|p2a: Gholdengo|64\/100\n|-damage|p2b: Pelipper|99\/100\n|\n|-weather|RainDance|[upkeep]\n|upkeep\n|turn|5\n|\n|t:|1700647209\n|-end|p1a: Walking Wake|Protosynthesis|[silent]\n|switch|p1a: Heatran|Heatran, F|100\/100\n|-item|p1a: Heatran|Air Balloon\n|switch|p2b: Iron Hands|Iron Hands, shiny|100\/100\n|switch|p1b: Victreebel|Victreebel, F|100\/100\n|move|p2a: Gholdengo|Make It Rain|p1b: Victreebel|[spread] p1a,p1b\n|-resisted|p1a: Heatran\n|-damage|p1a: Heatran|84\/100\n|-damage|p1b: Victreebel|0 fnt\n|-unboost|p2a: Gholdengo|spa|1\n|-enditem|p1a: Heatran|Air Balloon\n|faint|p1b: Victreebel\n|\n|-weather|RainDance|[upkeep]\n|upkeep\n|inactive|Onsen3gg has 90 seconds left.\n|\n|t:|1700647229\n|switch|p1b: Walking Wake|Walking Wake|100\/100\n|turn|6\n|inactive|Onsen3gg has 90 seconds left.\n|\n|t:|1700647245\n|move|p1b: Walking Wake|Protect|p1b: Walking Wake\n|-singleturn|p1b: Walking Wake|Protect\n|move|p2b: Iron Hands|Fake Out|p1a: Heatran\n|-resisted|p1a: Heatran\n|-damage|p1a: Heatran|78\/100\n|move|p2a: Gholdengo|Nasty Plot|p2a: Gholdengo\n|-boost|p2a: Gholdengo|spa|2\n|cant|p1a: Heatran|flinch\n|\n|-weather|RainDance|[upkeep]\n|upkeep\n|turn|7\n|inactive|Onsen3gg has 90 seconds left.\n|\n|t:|1700647276\n|move|p1b: Walking Wake|Hydro Steam|p2a: Gholdengo\n|-damage|p2a: Gholdengo|0 fnt\n|faint|p2a: Gholdengo\n|move|p1a: Heatran|Earth Power|p2b: Iron Hands\n|-supereffective|p2b: Iron Hands\n|-damage|p2b: Iron Hands|70\/100\n|-unboost|p2b: Iron Hands|spd|1\n|move|p2b: Iron Hands|Drain Punch|p1a: Heatran\n|-supereffective|p1a: Heatran\n|-damage|p1a: Heatran|8\/100\n|-heal|p2b: Iron Hands|98\/100|[from] drain|[of] p1a: Heatran\n|\n|-weather|RainDance|[upkeep]\n|upkeep\n|\n|t:|1700647295\n|switch|p2a: Flutter Mane|Flutter Mane|100\/100\n|-enditem|p2a: Flutter Mane|Booster Energy\n|-activate|p2a: Flutter Mane|ability: Protosynthesis|[fromitem]\n|-start|p2a: Flutter Mane|protosynthesisspa\n|turn|8\n|\n|t:|1700647311\n|-terastallize|p1b: Walking Wake|Fairy\n|move|p2a: Flutter Mane|Moonblast|p1b: Walking Wake\n|-damage|p1b: Walking Wake|31\/100\n|move|p1b: Walking Wake|Hydro Steam|p2b: Iron Hands\n|-damage|p2b: Iron Hands|54\/100\n|move|p1a: Heatran|Flash Cannon|p2a: Flutter Mane\n|-supereffective|p2a: Flutter Mane\n|-damage|p2a: Flutter Mane|0 fnt\n|faint|p2a: Flutter Mane\n|-end|p2a: Flutter Mane|Protosynthesis|[silent]\n|move|p2b: Iron Hands|Drain Punch|p1a: Heatran\n|-supereffective|p1a: Heatran\n|-damage|p1a: Heatran|0 fnt\n|-heal|p2b: Iron Hands|57\/100|[from] drain|[of] p1a: Heatran\n|faint|p1a: Heatran\n|\n|-weather|none\n|upkeep\n|inactive|Onsen3gg has 120 seconds left.\n|\n|t:|1700647335\n|switch|p2a: Chien-Pao|Chien-Pao|100\/100\n|switch|p1a: Torkoal|Torkoal, F|5\/100\n|-ability|p2a: Chien-Pao|Sword of Ruin\n|-weather|SunnyDay|[from] ability: Drought|[of] p1a: Torkoal\n|-activate|p1b: Walking Wake|ability: Protosynthesis\n|-start|p1b: Walking Wake|protosynthesisspe\n|turn|9\n|inactive|Onsen3gg has 120 seconds left.\n|\n|t:|1700647372\n|-end|p2b: Iron Hands|Quark Drive|[silent]\n|switch|p2b: Pelipper|Pelipper, M, shiny|99\/100\n|-weather|RainDance|[from] ability: Drizzle|[of] p2b: Pelipper\n|-end|p1b: Walking Wake|Protosynthesis\n|move|p2a: Chien-Pao|Protect|p2a: Chien-Pao\n|-singleturn|p2a: Chien-Pao|Protect\n|move|p1b: Walking Wake|Draco Meteor|p2b: Pelipper\n|-damage|p2b: Pelipper|0 fnt\n|-unboost|p1b: Walking Wake|spa|2\n|faint|p2b: Pelipper\n|move|p1a: Torkoal|Heat Wave|p2a: Chien-Pao\n|-activate|p2a: Chien-Pao|move: Protect\n|\n|-weather|RainDance|[upkeep]\n|upkeep\n|\n|t:|1700647383\n|switch|p2b: Iron Hands|Iron Hands, shiny|57\/100\n|turn|10\n|inactive|Onsen3gg has 120 seconds left.\n|\n|t:|1700647397\n|switch|p1a: Charizard|Charizard, F|100\/100\n|move|p1b: Walking Wake|Protect|p1b: Walking Wake\n|-singleturn|p1b: Walking Wake|Protect\n|move|p2b: Iron Hands|Fake Out|p1a: Charizard\n|-damage|p1a: Charizard|74\/100\n|move|p2a: Chien-Pao|Ice Spinner|p1b: Walking Wake\n|-activate|p1b: Walking Wake|move: Protect\n|\n|-weather|RainDance|[upkeep]\n|upkeep\n|turn|11\n|inactive|Onsen3gg has 120 seconds left.\n|\n|t:|1700647423\n|-end|p1b: Walking Wake|Protosynthesis|[silent]\n|switch|p1b: Torkoal|Torkoal, F|5\/100\n|-weather|SunnyDay|[from] ability: Drought|[of] p1b: Torkoal\n|move|p1a: Charizard|Protect|p1a: Charizard\n|-singleturn|p1a: Charizard|Protect\n|move|p2a: Chien-Pao|Ice Spinner|p1b: Torkoal\n|-resisted|p1b: Torkoal\n|-damage|p1b: Torkoal|0 fnt\n|faint|p1b: Torkoal\n|move|p2b: Iron Hands|Wild Charge|p1a: Charizard\n|-activate|p1a: Charizard|move: Protect\n|\n|-weather|SunnyDay|[upkeep]\n|-damage|p1a: Charizard|61\/100|[from] ability: Solar Power|[of] p1a: Charizard\n|upkeep\n|\n|t:|1700647439\n|switch|p1b: Walking Wake|Walking Wake, tera:Fairy|31\/100\n|-activate|p1b: Walking Wake|ability: Protosynthesis\n|-start|p1b: Walking Wake|protosynthesisspe\n|turn|12\n|inactive|Onsen3gg has 120 seconds left.\n|\n|t:|1700647465\n|move|p1b: Walking Wake|Hydro Steam|p2b: Iron Hands\n|-damage|p2b: Iron Hands|29\/100\n|move|p2a: Chien-Pao|Crunch|p1b: Walking Wake\n|-resisted|p1b: Walking Wake\n|-damage|p1b: Walking Wake|4\/100\n|move|p1a: Charizard|Heat Wave|p2b: Iron Hands|[spread] p2b\n|-miss|p1a: Charizard|p2a: Chien-Pao\n|-damage|p2b: Iron Hands|0 fnt\n|faint|p2b: Iron Hands\n|-end|p2b: Iron Hands|Quark Drive|[silent]\n|\n|-weather|SunnyDay|[upkeep]\n|-damage|p1a: Charizard|49\/100|[from] ability: Solar Power|[of] p1a: Charizard\n|upkeep\n|\n|t:|1700647475\n|switch|p2b: Amoonguss|Amoonguss, M, shiny|100\/100\n|turn|13\n|c|\u2606Onsen3gg|Buh\n|inactive|Onsen3gg has 120 seconds left.\n|\n|t:|1700647493\n|-terastallize|p2b: Amoonguss|Water\n|move|p1b: Walking Wake|Flamethrower|p2a: Chien-Pao\n|-supereffective|p2a: Chien-Pao\n|-enditem|p2a: Chien-Pao|Focus Sash\n|-damage|p2a: Chien-Pao|1\/100\n|move|p2a: Chien-Pao|Ice Spinner|p1b: Walking Wake\n|-damage|p1b: Walking Wake|0 fnt\n|faint|p1b: Walking Wake\n|-end|p1b: Walking Wake|Protosynthesis|[silent]\n|move|p1a: Charizard|Heat Wave|p2a: Chien-Pao|[spread] p2a,p2b\n|-supereffective|p2a: Chien-Pao\n|-resisted|p2b: Amoonguss\n|-damage|p2a: Chien-Pao|0 fnt\n|-damage|p2b: Amoonguss|63\/100\n|faint|p2a: Chien-Pao\n|move|p2b: Amoonguss|Spore|p1a: Charizard\n|-status|p1a: Charizard|slp|[from] move: Spore\n|\n|-weather|SunnyDay|[upkeep]\n|-damage|p1a: Charizard|36\/100 slp|[from] ability: Solar Power|[of] p1a: Charizard\n|upkeep\n|turn|14\n|inactive|Onsen3gg has 120 seconds left.\n|c|\u2606Onsen3gg|I\u2019ve missed all 69 moves\n|\n|t:|1700647527\n|cant|p1a: Charizard|slp\n|move|p2b: Amoonguss|Pollen Puff|p1a: Charizard\n|-resisted|p1a: Charizard\n|-damage|p1a: Charizard|30\/100 slp\n|\n|-weather|SunnyDay|[upkeep]\n|-damage|p1a: Charizard|18\/100 slp|[from] ability: Solar Power|[of] p1a: Charizard\n|upkeep\n|turn|15\n|\n|t:|1700647541\n|cant|p1a: Charizard|slp\n|move|p2b: Amoonguss|Leaf Storm|p1a: Charizard\n|-resisted|p1a: Charizard\n|-damage|p1a: Charizard|6\/100 slp\n|-unboost|p2b: Amoonguss|spa|2\n|\n|-weather|SunnyDay|[upkeep]\n|-damage|p1a: Charizard|0 fnt|[from] ability: Solar Power|[of] p1a: Charizard\n|faint|p1a: Charizard\n|\n|win|Darkhyrid123\n|upkeep\n|raw|Onsen3gg's rating: 1332 &rarr; <strong>1317<\/strong><br \/>(-15 for losing)\n|raw|Darkhyrid123's rating: 1415 &rarr; <strong>1430<\/strong><br \/>(+15 for winning)\n|l|\u2606Darkhyrid123\n|c|\u2606Onsen3gg|Gg\n","uploadtime":1700647566,"views":6,"p1id":"onsen3gg","p2id":"darkhyrid123","formatid":"gen9doublesou","rating":1317,"private":0,"password":""}