{"id":"gen9doublesou-1967851559","p1":"serfer123451","p2":"iMaker","format":"[Gen 9] Doubles OU","log":"|html|<div class=\"broadcast-blue\"><strong>[Gen 9] Doubles OU is currently suspecting Basculegion & Flutter Mane! For information on how to participate check out the <a href=\"https:\/\/www.smogon.com\/forums\/threads\/np-sv-dou-stage-8-double-trouble.3729153\/\">suspect thread<\/a>.<\/strong><\/div>\n|j|\u2606serfer123451\n|j|\u2606iMaker\n|t:|1697346779\n|gametype|doubles\n|player|p1|serfer123451|265|\n|player|p2|iMaker|1|\n|teamsize|p1|6\n|teamsize|p2|6\n|gen|9\n|tier|[Gen 9] Doubles OU\n|rule|Species Clause: Limit one of each Pok\u00e9mon\n|rule|OHKO Clause: OHKO moves are banned\n|rule|Evasion Moves Clause: Evasion moves are banned\n|rule|Gravity Sleep Clause: The combination of sleep-inducing moves with imperfect accuracy and Gravity or Gigantamax Orbeetle are banned\n|rule|Endless Battle Clause: Forcing endless battles is banned\n|rule|HP Percentage Mod: HP is shown in percentages\n|clearpoke\n|poke|p1|Rillaboom, F|\n|poke|p1|Ogerpon-Hearthflame, F|\n|poke|p1|Chien-Pao|\n|poke|p1|Dragonite, F|\n|poke|p1|Flutter Mane|\n|poke|p1|Basculegion, M|\n|poke|p2|Rillaboom, F|\n|poke|p2|Ursaluna, M|\n|poke|p2|Cresselia, F|\n|poke|p2|Volcanion|\n|poke|p2|Flutter Mane|\n|poke|p2|Kleavor, F|\n|teampreview\n|\n|t:|1697346796\n|start\n|switch|p1a: Chien-Pao|Chien-Pao|100\/100\n|switch|p1b: Dragonite|Dragonite, F|100\/100\n|switch|p2a: Rillaboom|Rillaboom, F|100\/100\n|switch|p2b: Cresselia|Cresselia, F|100\/100\n|-ability|p1a: Chien-Pao|Sword of Ruin\n|-fieldstart|move: Grassy Terrain|[from] ability: Grassy Surge|[of] p2a: Rillaboom\n|turn|1\n|c|\u2606serfer123451|glhf\n|\n|t:|1697346815\n|-terastallize|p1b: Dragonite|Normal\n|move|p2a: Rillaboom|Fake Out|p1a: Chien-Pao\n|-damage|p1a: Chien-Pao|80\/100\n|move|p1b: Dragonite|Extreme Speed|p2b: Cresselia\n|-damage|p2b: Cresselia|46\/100\n|cant|p1a: Chien-Pao|flinch\n|move|p2b: Cresselia|Trick Room|p2b: Cresselia\n|-fieldstart|move: Trick Room|[of] p2b: Cresselia\n|\n|-heal|p1a: Chien-Pao|86\/100|[from] Grassy Terrain\n|upkeep\n|turn|2\n|\n|t:|1697346843\n|switch|p2b: Kleavor|Kleavor, F|100\/100\n|move|p1a: Chien-Pao|Protect|p1a: Chien-Pao\n|-singleturn|p1a: Chien-Pao|Protect\n|move|p1b: Dragonite|Extreme Speed|p2b: Kleavor\n|-resisted|p2b: Kleavor\n|-damage|p2b: Kleavor|49\/100\n|move|p2a: Rillaboom|U-turn|p1a: Chien-Pao\n|-activate|p1a: Chien-Pao|move: Protect\n|\n|-heal|p1a: Chien-Pao|92\/100|[from] Grassy Terrain\n|-heal|p2b: Kleavor|55\/100|[from] Grassy Terrain\n|upkeep\n|turn|3\n|\n|t:|1697346867\n|switch|p1a: Basculegion|Basculegion, M|100\/100\n|move|p1b: Dragonite|Extreme Speed|p2a: Rillaboom\n|-crit|p2a: Rillaboom\n|-damage|p2a: Rillaboom|0 fnt\n|faint|p2a: Rillaboom\n|move|p2b: Kleavor|Brick Break|p1b: Dragonite\n|-supereffective|p1b: Dragonite\n|-crit|p1b: Dragonite\n|-damage|p1b: Dragonite|27\/100\n|\n|-heal|p1b: Dragonite|34\/100|[from] Grassy Terrain\n|-heal|p2b: Kleavor|61\/100|[from] Grassy Terrain\n|upkeep\n|\n|t:|1697346876\n|switch|p2a: Flutter Mane|Flutter Mane|100\/100\n|turn|4\n|c|\u2606iMaker|guh\n|c|\u2606iMaker|click a button\n|\n|t:|1697346998\n|switch|p2b: Volcanion|Volcanion|100\/100\n|move|p1b: Dragonite|Extreme Speed|p2b: Volcanion\n|-damage|p2b: Volcanion|45\/100\n|move|p2a: Flutter Mane|Shadow Ball|p1a: Basculegion\n|-supereffective|p1a: Basculegion\n|-damage|p1a: Basculegion|0 fnt\n|faint|p1a: Basculegion\n|\n|-heal|p2b: Volcanion|51\/100|[from] Grassy Terrain\n|-heal|p1b: Dragonite|40\/100|[from] Grassy Terrain\n|upkeep\n|\n|t:|1697347009\n|switch|p1a: Ogerpon|Ogerpon-Hearthflame, F|100\/100\n|-ability|p1a: Ogerpon|Mold Breaker\n|turn|5\n|\n|t:|1697347019\n|-end|p2a: Flutter Mane|Protosynthesis|[silent]\n|switch|p2a: Cresselia|Cresselia, F|46\/100\n|move|p1b: Dragonite|Extreme Speed|p2b: Volcanion\n|-damage|p2b: Volcanion|0 fnt\n|faint|p2b: Volcanion\n|move|p1a: Ogerpon|Grassy Glide|p2a: Cresselia\n|-damage|p2a: Cresselia|14\/100\n|\n|-heal|p1b: Dragonite|46\/100|[from] Grassy Terrain\n|-fieldend|move: Trick Room\n|-fieldend|move: Grassy Terrain\n|upkeep\n|\n|t:|1697347027\n|switch|p2b: Kleavor|Kleavor, F|61\/100\n|turn|6\n|l|\u2606iMaker\n|player|p2|\n|j|\u2606iMaker\n|player|p2|iMaker|1\n|c|\u2606serfer123451|wb\n|\n|t:|1697347096\n|move|p1b: Dragonite|Extreme Speed|p2b: Kleavor\n|-resisted|p2b: Kleavor\n|-crit|p2b: Kleavor\n|-damage|p2b: Kleavor|0 fnt\n|faint|p2b: Kleavor\n|move|p1a: Ogerpon|Ivy Cudgel|p2a: Cresselia\n|-damage|p2a: Cresselia|0 fnt\n|faint|p2a: Cresselia\n|\n|upkeep\n|c|\u2606serfer123451|XD\n|\n|t:|1697347103\n|switch|p2b: Flutter Mane|Flutter Mane|100\/100\n|switch|p2a: Ursaluna|Ursaluna, M|100\/100\n|turn|7\n|\n|t:|1697347115\n|move|p1a: Ogerpon|Follow Me|p1a: Ogerpon\n|-singleturn|p1a: Ogerpon|move: Follow Me\n|move|p1b: Dragonite|Extreme Speed|p2a: Ursaluna\n|-damage|p2a: Ursaluna|46\/100\n|move|p2b: Flutter Mane|Dazzling Gleam|p1b: Dragonite|[spread] p1a,p1b\n|-resisted|p1a: Ogerpon\n|-damage|p1a: Ogerpon|80\/100\n|-damage|p1b: Dragonite|11\/100\n|move|p2a: Ursaluna|Swords Dance|p2a: Ursaluna\n|-boost|p2a: Ursaluna|atk|2\n|\n|-status|p2a: Ursaluna|brn|[from] item: Flame Orb\n|upkeep\n|turn|8\n|\n|t:|1697347129\n|move|p1a: Ogerpon|Protect|p1a: Ogerpon\n|-singleturn|p1a: Ogerpon|Protect\n|move|p2a: Ursaluna|Protect|p2a: Ursaluna\n|-singleturn|p2a: Ursaluna|Protect\n|move|p1b: Dragonite|Extreme Speed|p2a: Ursaluna\n|-activate|p2a: Ursaluna|move: Protect\n|move|p2b: Flutter Mane|Dazzling Gleam|p1a: Ogerpon|[spread] p1b\n|-activate|p1a: Ogerpon|move: Protect\n|-damage|p1b: Dragonite|0 fnt\n|faint|p1b: Dragonite\n|\n|-damage|p2a: Ursaluna|40\/100 brn|[from] brn\n|upkeep\n|\n|t:|1697347139\n|switch|p1b: Rillaboom|Rillaboom, F|100\/100\n|-fieldstart|move: Grassy Terrain|[from] ability: Grassy Surge|[of] p1b: Rillaboom\n|turn|9\n|\n|t:|1697347166\n|-terastallize|p2a: Ursaluna|Normal\n|move|p2a: Ursaluna|Protect||[still]\n|-fail|p2a: Ursaluna\n|move|p1a: Ogerpon|Follow Me|p1a: Ogerpon\n|-singleturn|p1a: Ogerpon|move: Follow Me\n|move|p1b: Rillaboom|Grassy Glide|p2a: Ursaluna\n|-damage|p2a: Ursaluna|6\/100 brn\n|move|p2b: Flutter Mane|Dazzling Gleam|p1b: Rillaboom|[spread] p1a,p1b\n|-resisted|p1a: Ogerpon\n|-damage|p1a: Ogerpon|58\/100\n|-damage|p1b: Rillaboom|71\/100\n|\n|-heal|p1a: Ogerpon|64\/100|[from] Grassy Terrain\n|-heal|p1b: Rillaboom|77\/100|[from] Grassy Terrain\n|-heal|p2a: Ursaluna|13\/100 brn|[from] Grassy Terrain\n|-damage|p2a: Ursaluna|6\/100 brn|[from] brn\n|upkeep\n|turn|10\n|\n|t:|1697347184\n|move|p1a: Ogerpon|Grassy Glide|p2b: Flutter Mane\n|-damage|p2b: Flutter Mane|33\/100\n|move|p1b: Rillaboom|Grassy Glide|p2a: Ursaluna\n|-damage|p2a: Ursaluna|0 fnt\n|faint|p2a: Ursaluna\n|move|p2b: Flutter Mane|Dazzling Gleam|p1b: Rillaboom|[spread] p1a,p1b\n|-resisted|p1a: Ogerpon\n|-damage|p1a: Ogerpon|43\/100\n|-damage|p1b: Rillaboom|49\/100\n|\n|-heal|p2b: Flutter Mane|39\/100|[from] Grassy Terrain\n|-heal|p1a: Ogerpon|49\/100|[from] Grassy Terrain\n|-heal|p1b: Rillaboom|55\/100|[from] Grassy Terrain\n|upkeep\n|turn|11\n|\n|t:|1697347195\n|move|p1a: Ogerpon|Grassy Glide|p2b: Flutter Mane\n|-damage|p2b: Flutter Mane|0 fnt\n|faint|p2b: Flutter Mane\n|-end|p2b: Flutter Mane|Protosynthesis|[silent]\n|\n|win|serfer123451\n|c|\u2606serfer123451|gg\n","uploadtime":1697347201,"views":19,"p1id":"serfer123451","p2id":"imaker","formatid":"gen9doublesou","rating":0,"private":0,"password":""}