{"id":"gen9doublesou-1983846697","p1":"chuggachuggachooo","p2":"tert_14","format":"[Gen 9] Doubles OU","log":"|j|\u2606chuggachuggachooo\n|j|\u2606tert_14\n|inactive|Battle timer is ON: inactive players will automatically lose when time's up.\n|t:|1699191072\n|gametype|doubles\n|player|p1|chuggachuggachooo|ghetsis-gen5bw|\n|player|p2|tert_14|hiker|\n|teamsize|p1|6\n|teamsize|p2|6\n|gen|9\n|tier|[Gen 9] Doubles OU\n|rated|Tournament battle\n|rule|Species Clause: Limit one of each Pok\u00e9mon\n|rule|OHKO Clause: OHKO moves are banned\n|rule|Evasion Moves Clause: Evasion moves are banned\n|rule|Gravity Sleep Clause: The combination of sleep-inducing moves with imperfect accuracy and Gravity or Gigantamax Orbeetle are banned\n|rule|Endless Battle Clause: Forcing endless battles is banned\n|rule|HP Percentage Mod: HP is shown in percentages\n|clearpoke\n|poke|p1|Tinkatink, F|\n|poke|p1|Deerling, M|\n|poke|p1|Pineco, M|\n|poke|p1|Azurill, M|\n|poke|p1|Toedscool, M|\n|poke|p1|Mareanie, M|\n|poke|p2|Rellor, F|\n|poke|p2|Sneasel, F|\n|poke|p2|Growlithe-Hisui, M|\n|poke|p2|Grimer-Alola, M|\n|poke|p2|Drowzee, M|\n|poke|p2|Clauncher, F|\n|teampreview\n|j|*Lady Monita \u263d\n|inactive|chuggachuggachooo also wants the timer to be on.\n|c|\u2606tert_14|gl hf\n|\n|t:|1699191084\n|start\n|switch|p1a: Pineco|Pineco, M|100\/100\n|switch|p1b: Deerling|Deerling, M|100\/100\n|switch|p2a: Growlithe|Growlithe-Hisui, M|100\/100\n|switch|p2b: Rellor|Rellor, F|100\/100\n|-ability|p2a: Growlithe|Intimidate|boost\n|-unboost|p1a: Pineco|atk|1\n|-unboost|p1b: Deerling|atk|1\n|turn|1\n|j| Blonking\n|\n|t:|1699191097\n|switch|p1b: Mareanie|Mareanie, M|100\/100\n|switch|p1a: Toedscool|Toedscool, M|100\/100\n|move|p2a: Growlithe|Stealth Rock|p1b: Mareanie\n|-sidestart|p1: chuggachuggachooo|move: Stealth Rock\n|move|p2b: Rellor|Fling|p1b: Mareanie\n|-damage|p1b: Mareanie|77\/100\n|-enditem|p2b: Rellor|Big Nugget|[from] move: Fling\n|\n|upkeep\n|turn|2\n|j| Showdown1410\n|\n|t:|1699191112\n|move|p2a: Growlithe|Flare Blitz|p1a: Toedscool\n|-supereffective|p1a: Toedscool\n|-crit|p1a: Toedscool\n|-damage|p1a: Toedscool|0 fnt\n|faint|p1a: Toedscool\n|-damage|p2a: Growlithe|64\/100|[from] Recoil\n|move|p1b: Mareanie|Surf|p2a: Growlithe|[spread] p2a,p2b\n|-supereffective|p2a: Growlithe\n|-damage|p2a: Growlithe|0 fnt\n|-damage|p2b: Rellor|78\/100\n|faint|p2a: Growlithe\n|move|p2b: Rellor|Thief|p1b: Mareanie\n|-damage|p1b: Mareanie|66\/100\n|-enditem|p1b: Mareanie|Eviolite|[silent]|[from] move: Thief|[of] p2b: Rellor\n|-item|p2b: Rellor|Eviolite|[from] move: Thief|[of] p1b: Mareanie\n|\n|upkeep\n|inactive|tert_14 has 120 seconds left.\n|\n|t:|1699191149\n|switch|p2a: Sneasel|Sneasel, F|100\/100\n|switch|p1a: Azurill|Azurill, M|100\/100\n|-damage|p1a: Azurill|88\/100|[from] Stealth Rock\n|turn|3\n|\n|t:|1699191159\n|move|p2a: Sneasel|Fake Out|p1b: Mareanie\n|-damage|p1b: Mareanie|50\/100\n|cant|p1b: Mareanie|flinch\n|move|p2b: Rellor|Gunk Shot|p1a: Azurill\n|-supereffective|p1a: Azurill\n|-damage|p1a: Azurill|11\/100\n|move|p1a: Azurill|Belly Drum||[still]\n|-fail|p1a: Azurill\n|\n|upkeep\n|turn|4\n|\n|t:|1699191179\n|-terastallize|p2a: Sneasel|Flying\n|move|p1a: Azurill|Aqua Jet|p2a: Sneasel\n|-damage|p2a: Sneasel|82\/100\n|move|p2a: Sneasel|Tera Blast|p1b: Mareanie|[anim] Tera Blast Flying\n|-damage|p1b: Mareanie|5\/100\n|move|p1b: Mareanie|Sludge Bomb|p2a: Sneasel\n|-damage|p2a: Sneasel|63\/100\n|move|p2b: Rellor|Leech Life|p1a: Azurill\n|-resisted|p1a: Azurill\n|-damage|p1a: Azurill|0 fnt\n|-heal|p2b: Rellor|84\/100|[from] drain|[of] p1a: Azurill\n|faint|p1a: Azurill\n|\n|upkeep\n|\n|t:|1699191191\n|switch|p1a: Pineco|Pineco, M|100\/100\n|-damage|p1a: Pineco|76\/100|[from] Stealth Rock\n|turn|5\n|\n|t:|1699191204\n|move|p2a: Sneasel|Tera Blast|p1a: Pineco|[anim] Tera Blast Flying\n|-supereffective|p1a: Pineco\n|-damage|p1a: Pineco|0 fnt\n|faint|p1a: Pineco\n|move|p1b: Mareanie|Recover|p1b: Mareanie\n|-heal|p1b: Mareanie|55\/100\n|move|p2b: Rellor|Leech Life|p1b: Mareanie\n|-resisted|p1b: Mareanie\n|-damage|p1b: Mareanie|38\/100\n|-heal|p2b: Rellor|92\/100|[from] drain|[of] p1b: Mareanie\n|\n|upkeep\n|\n|t:|1699191214\n|switch|p1a: Tinkatink|Tinkatink, F|100\/100\n|-damage|p1a: Tinkatink|94\/100|[from] Stealth Rock\n|-ability|p1a: Tinkatink|Mold Breaker\n|turn|6\n|\n|t:|1699191223\n|switch|p2a: Grimer|Grimer-Alola, M, shiny|100\/100\n|switch|p2b: Clauncher|Clauncher, F|100\/100\n|move|p1a: Tinkatink|Fake Out|p2a: Grimer\n|-damage|p2a: Grimer|92\/100\n|move|p1b: Mareanie|Recover|p1b: Mareanie\n|-heal|p1b: Mareanie|88\/100\n|\n|upkeep\n|turn|7\n|\n|t:|1699191236\n|move|p2b: Clauncher|Water Pulse|p1a: Tinkatink\n|-damage|p1a: Tinkatink|58\/100\n|move|p1a: Tinkatink|Knock Off|p2a: Grimer\n|-resisted|p2a: Grimer\n|-damage|p2a: Grimer|81\/100\n|-enditem|p2a: Grimer|Eviolite|[from] move: Knock Off|[of] p1a: Tinkatink\n|move|p1b: Mareanie|Sludge Bomb|p2b: Clauncher\n|-damage|p2b: Clauncher|77\/100\n|move|p2a: Grimer|Knock Off|p1a: Tinkatink\n|-resisted|p1a: Tinkatink\n|-damage|p1a: Tinkatink|32\/100\n|-enditem|p1a: Tinkatink|Eviolite|[from] move: Knock Off|[of] p2a: Grimer\n|\n|upkeep\n|turn|8\n|\n|t:|1699191249\n|move|p2b: Clauncher|Water Pulse|p1a: Tinkatink\n|-damage|p1a: Tinkatink|0 fnt\n|faint|p1a: Tinkatink\n|move|p1b: Mareanie|Sludge Bomb|p2b: Clauncher\n|-damage|p2b: Clauncher|53\/100\n|-status|p2b: Clauncher|psn\n|move|p2a: Grimer|Drain Punch|p1b: Mareanie\n|-resisted|p1b: Mareanie\n|-damage|p1b: Mareanie|74\/100\n|-heal|p2a: Grimer|86\/100|[from] drain|[of] p1b: Mareanie\n|\n|-damage|p2b: Clauncher|41\/100 psn|[from] psn\n|upkeep\n|\n|t:|1699191252\n|switch|p1a: Deerling|Deerling, M|100\/100\n|-damage|p1a: Deerling|88\/100|[from] Stealth Rock\n|turn|9\n|\n|t:|1699191262\n|-terastallize|p1a: Deerling|Ghost\n|move|p1a: Deerling|Headbutt|p2a: Grimer\n|-damage|p2a: Grimer|62\/100\n|move|p2b: Clauncher|Flip Turn|p1b: Mareanie\n|-resisted|p1b: Mareanie\n|-damage|p1b: Mareanie|66\/100\n|\n|t:|1699191268\n|switch|p2b: Drowzee|Drowzee, M|100\/100|[from] Flip Turn\n|move|p1b: Mareanie|Sludge Bomb|p2b: Drowzee\n|-damage|p2b: Drowzee|86\/100\n|-status|p2b: Drowzee|psn\n|cant|p2a: Grimer|flinch\n|\n|-damage|p2b: Drowzee|74\/100 psn|[from] psn\n|upkeep\n|turn|10\n|\n|t:|1699191287\n|move|p1a: Deerling|Headbutt|p2a: Grimer\n|-damage|p2a: Grimer|34\/100\n|move|p1b: Mareanie|Recover|p1b: Mareanie\n|-heal|p1b: Mareanie|100\/100\n|move|p2b: Drowzee|Reflect|p2b: Drowzee\n|-sidestart|p2: tert_14|Reflect\n|cant|p2a: Grimer|flinch\n|\n|-damage|p2b: Drowzee|62\/100 psn|[from] psn\n|upkeep\n|turn|11\n|j| suggondeese\n|\n|t:|1699191298\n|move|p1a: Deerling|Headbutt|p2a: Grimer\n|-damage|p2a: Grimer|16\/100\n|move|p1b: Mareanie|Sludge Bomb|p2b: Drowzee\n|-damage|p2b: Drowzee|49\/100 psn\n|move|p2b: Drowzee|Knock Off|p1a: Deerling\n|-supereffective|p1a: Deerling\n|-damage|p1a: Deerling|62\/100\n|-enditem|p1a: Deerling|Eviolite|[from] move: Knock Off|[of] p2b: Drowzee\n|move|p2a: Grimer|Knock Off|p1a: Deerling\n|-supereffective|p1a: Deerling\n|-damage|p1a: Deerling|0 fnt\n|faint|p1a: Deerling\n|\n|-damage|p2b: Drowzee|36\/100 psn|[from] psn\n|upkeep\n|turn|12\n|\n|t:|1699191314\n|move|p1b: Mareanie|Surf|p2a: Grimer|[spread] p2a,p2b\n|-damage|p2a: Grimer|0 fnt\n|-damage|p2b: Drowzee|26\/100 psn\n|faint|p2a: Grimer\n|move|p2b: Drowzee|Hypnosis|p1b: Mareanie\n|-status|p1b: Mareanie|slp|[from] move: Hypnosis\n|\n|-damage|p2b: Drowzee|14\/100 psn|[from] psn\n|upkeep\n|\n|t:|1699191318\n|switch|p2a: Sneasel|Sneasel, F, tera:Flying|63\/100\n|turn|13\n|\n|t:|1699191322\n|move|p2b: Drowzee|Helping Hand|p2a: Sneasel\n|-singleturn|p2a: Sneasel|Helping Hand|[of] p2b: Drowzee\n|move|p2a: Sneasel|Tera Blast|p1b: Mareanie|[anim] Tera Blast Flying\n|-damage|p1b: Mareanie|31\/100 slp\n|cant|p1b: Mareanie|slp\n|\n|-damage|p2b: Drowzee|1\/100 psn|[from] psn\n|upkeep\n|turn|14\n|\n|t:|1699191326\n|move|p2b: Drowzee|Helping Hand|p2a: Sneasel\n|-singleturn|p2a: Sneasel|Helping Hand|[of] p2b: Drowzee\n|move|p2a: Sneasel|Tera Blast|p1b: Mareanie|[anim] Tera Blast Flying\n|-damage|p1b: Mareanie|0 fnt\n|faint|p1b: Mareanie\n|\n|win|tert_14\n|n|\u2606chuggachuggachooo|chuggachuggachooo\n|n|\u2606tert_14|tert14\n|n|*Lady Monita \u263d|ladymonita\n|n| Blonking|blonking\n|n| Showdown1410|showdown1410\n|n| suggondeese|suggondeese\n","uploadtime":1699191327,"views":7,"p1id":"chuggachuggachooo","p2id":"tert14","formatid":"gen9doublesou","rating":0,"private":0,"password":""}