{"id":"gen9doublesou-1998591271","p1":"sdfgherhgerhefgd","p2":"EngineerPlaysMons","format":"[Gen 9] Doubles OU","log":"|j|\u2606sdfgherhgerhefgd\n|j|\u2606EngineerPlaysMons\n|t:|1700960258\n|gametype|doubles\n|player|p1|sdfgherhgerhefgd|266|1408\n|player|p2|EngineerPlaysMons|schoolkid-gen4|1524\n|teamsize|p1|6\n|teamsize|p2|6\n|gen|9\n|tier|[Gen 9] Doubles OU\n|rated|\n|rule|Species Clause: Limit one of each Pok\u00e9mon\n|rule|OHKO Clause: OHKO moves are banned\n|rule|Evasion Moves Clause: Evasion moves are banned\n|rule|Gravity Sleep Clause: The combination of sleep-inducing moves with imperfect accuracy and Gravity or Gigantamax Orbeetle are banned\n|rule|Endless Battle Clause: Forcing endless battles is banned\n|rule|HP Percentage Mod: HP is shown in percentages\n|clearpoke\n|poke|p1|Cresselia, F|\n|poke|p1|Amoonguss, M|\n|poke|p1|Diancie|\n|poke|p1|Iron Hands|\n|poke|p1|Sinistcha-Masterpiece|\n|poke|p1|Tyranitar, M|\n|poke|p2|Rillaboom, M|\n|poke|p2|Ninetales-Alola, M|\n|poke|p2|Amoonguss, M|\n|poke|p2|Sinistcha-Masterpiece|\n|poke|p2|Volcanion|\n|poke|p2|Chi-Yu|\n|teampreview\n|\n|t:|1700960298\n|start\n|switch|p1a: Cresselia|Cresselia, F|100\/100\n|switch|p1b: Iron Hands|Iron Hands|100\/100\n|switch|p2a: Rillaboom|Rillaboom, M|100\/100\n|switch|p2b: Amoonguss|Amoonguss, M|100\/100\n|-fieldstart|move: Grassy Terrain|[from] ability: Grassy Surge|[of] p2a: Rillaboom\n|turn|1\n|inactive|Battle timer is ON: inactive players will automatically lose when time's up. (requested by EngineerPlaysMons)\n|\n|t:|1700960326\n|-terastallize|p1b: Iron Hands|Flying\n|move|p2a: Rillaboom|Fake Out|p1a: Cresselia\n|-damage|p1a: Cresselia|89\/100\n|move|p1b: Iron Hands|Belly Drum|p1b: Iron Hands\n|-damage|p1b: Iron Hands|51\/100\n|-setboost|p1b: Iron Hands|atk|6|[from] move: Belly Drum\n|move|p2b: Amoonguss|Spore|p1a: Cresselia\n|-status|p1a: Cresselia|slp|[from] move: Spore\n|cant|p1a: Cresselia|slp\n|\n|-heal|p1a: Cresselia|96\/100 slp|[from] item: Leftovers\n|upkeep\n|turn|2\n|inactive|EngineerPlaysMons has 120 seconds left.\n|\n|t:|1700960370\n|switch|p1a: Sinistcha|Sinistcha-Masterpiece, shiny|100\/100\n|-heal|p1b: Iron Hands|75\/100|[from] ability: Hospitality|[of] p1a: Sinistcha\n|move|p2a: Rillaboom|Wood Hammer|p1a: Sinistcha\n|-resisted|p1a: Sinistcha\n|-damage|p1a: Sinistcha|71\/100\n|-damage|p2a: Rillaboom|91\/100|[from] Recoil\n|move|p1b: Iron Hands|Fire Punch|p2b: Amoonguss\n|-supereffective|p2b: Amoonguss\n|-damage|p2b: Amoonguss|0 fnt\n|faint|p2b: Amoonguss\n|\n|-heal|p2a: Rillaboom|97\/100|[from] Grassy Terrain\n|-heal|p1a: Sinistcha|77\/100|[from] Grassy Terrain\n|upkeep\n|\n|t:|1700960380\n|switch|p2b: Ninetales|Ninetales-Alola, M|100\/100\n|-weather|Snow|[from] ability: Snow Warning|[of] p2b: Ninetales\n|turn|3\n|\n|t:|1700960404\n|switch|p1a: Tyranitar|Tyranitar, M|100\/100\n|-weather|Sandstorm|[from] ability: Sand Stream|[of] p1a: Tyranitar\n|move|p2a: Rillaboom|Grassy Glide|p1b: Iron Hands\n|-resisted|p1b: Iron Hands\n|-damage|p1b: Iron Hands|62\/100\n|move|p2b: Ninetales|Blizzard|p1b: Iron Hands|[spread] p1a\n|-miss|p2b: Ninetales|p1b: Iron Hands\n|-damage|p1a: Tyranitar|89\/100\n|move|p1b: Iron Hands|Fire Punch|p2a: Rillaboom\n|-supereffective|p2a: Rillaboom\n|-damage|p2a: Rillaboom|0 fnt\n|faint|p2a: Rillaboom\n|\n|-weather|Sandstorm|[upkeep]\n|-damage|p2b: Ninetales|95\/100|[from] Sandstorm\n|-damage|p1b: Iron Hands|56\/100|[from] Sandstorm\n|-heal|p2b: Ninetales|100\/100|[from] Grassy Terrain\n|-heal|p1a: Tyranitar|96\/100|[from] Grassy Terrain\n|upkeep\n|inactive|EngineerPlaysMons has 120 seconds left.\n|\n|t:|1700960429\n|switch|p2a: Sinistcha|Sinistcha-Masterpiece|100\/100\n|turn|4\n|\n|t:|1700960445\n|move|p2b: Ninetales|Blizzard|p1b: Iron Hands|[spread] p1a,p1b\n|-supereffective|p1b: Iron Hands\n|-damage|p1a: Tyranitar|84\/100\n|-damage|p1b: Iron Hands|4\/100\n|-enditem|p1b: Iron Hands|Sitrus Berry|[eat]\n|-heal|p1b: Iron Hands|29\/100|[from] item: Sitrus Berry\n|move|p2a: Sinistcha|Matcha Gotcha|p1b: Iron Hands|[spread] p1a,p1b\n|-supereffective|p1a: Tyranitar\n|-resisted|p1b: Iron Hands\n|-damage|p1a: Tyranitar|56\/100\n|-damage|p1b: Iron Hands|12\/100\n|move|p1a: Tyranitar|Knock Off|p2a: Sinistcha\n|-supereffective|p2a: Sinistcha\n|-damage|p2a: Sinistcha|0 fnt\n|-enditem|p2a: Sinistcha|Leftovers|[from] move: Knock Off|[of] p1a: Tyranitar\n|faint|p2a: Sinistcha\n|move|p1b: Iron Hands|Fire Punch|p2b: Ninetales\n|-supereffective|p2b: Ninetales\n|-damage|p2b: Ninetales|0 fnt\n|faint|p2b: Ninetales\n|\n|-weather|Sandstorm|[upkeep]\n|-damage|p1b: Iron Hands|6\/100|[from] Sandstorm\n|-heal|p1a: Tyranitar|62\/100|[from] Grassy Terrain\n|upkeep\n|\n|t:|1700960456\n|switch|p2b: Chi-Yu|Chi-Yu|100\/100\n|switch|p2a: Volcanion|Volcanion|100\/100\n|-ability|p2b: Chi-Yu|Beads of Ruin\n|turn|5\n|\n|t:|1700960474\n|-end|p1b: Iron Hands|Quark Drive|[silent]\n|switch|p1b: Cresselia|Cresselia, F|96\/100 slp\n|move|p2b: Chi-Yu|Heat Wave|p1b: Cresselia|[spread] p1b\n|-miss|p2b: Chi-Yu|p1a: Tyranitar\n|-damage|p1b: Cresselia|70\/100 slp\n|move|p2a: Volcanion|Steam Eruption|p1a: Tyranitar\n|-supereffective|p1a: Tyranitar\n|-damage|p1a: Tyranitar|0 fnt\n|faint|p1a: Tyranitar\n|\n|-weather|Sandstorm|[upkeep]\n|-damage|p2b: Chi-Yu|95\/100|[from] Sandstorm\n|-damage|p1b: Cresselia|64\/100 slp|[from] Sandstorm\n|-damage|p2a: Volcanion|94\/100|[from] Sandstorm\n|-heal|p2b: Chi-Yu|100\/100|[from] Grassy Terrain\n|-heal|p1b: Cresselia|70\/100 slp|[from] item: Leftovers\n|-heal|p2a: Volcanion|100\/100|[from] Grassy Terrain\n|-fieldend|move: Grassy Terrain\n|upkeep\n|inactive|sdfgherhgerhefgd has 120 seconds left.\n|\n|t:|1700960495\n|switch|p1a: Sinistcha|Sinistcha-Masterpiece, shiny|77\/100\n|-heal|p1b: Cresselia|95\/100 slp|[from] ability: Hospitality|[of] p1a: Sinistcha\n|turn|6\n|\n|t:|1700960502\n|switch|p1a: Diancie|Diancie|100\/100\n|move|p2b: Chi-Yu|Heat Wave|p1b: Cresselia|[spread] p1a,p1b\n|-resisted|p1a: Diancie\n|-crit|p1b: Cresselia\n|-damage|p1a: Diancie|85\/100\n|-damage|p1b: Cresselia|51\/100 slp\n|move|p2a: Volcanion|Heat Wave|p1a: Diancie|[spread] p1a,p1b\n|-resisted|p1a: Diancie\n|-damage|p1a: Diancie|72\/100\n|-damage|p1b: Cresselia|26\/100 slp\n|cant|p1b: Cresselia|slp\n|\n|-weather|Sandstorm|[upkeep]\n|-damage|p2b: Chi-Yu|95\/100|[from] Sandstorm\n|-damage|p1b: Cresselia|20\/100 slp|[from] Sandstorm\n|-damage|p2a: Volcanion|94\/100|[from] Sandstorm\n|-heal|p1b: Cresselia|26\/100 slp|[from] item: Leftovers\n|upkeep\n|turn|7\n|\n|t:|1700960524\n|switch|p1a: Sinistcha|Sinistcha-Masterpiece, shiny|77\/100\n|-heal|p1b: Cresselia|51\/100 slp|[from] ability: Hospitality|[of] p1a: Sinistcha\n|move|p2b: Chi-Yu|Heat Wave|p1b: Cresselia|[spread] p1a,p1b\n|-supereffective|p1a: Sinistcha\n|-damage|p1a: Sinistcha|0 fnt\n|-damage|p1b: Cresselia|26\/100 slp\n|faint|p1a: Sinistcha\n|move|p2a: Volcanion|Steam Eruption|p1b: Cresselia\n|-damage|p1b: Cresselia|0 fnt\n|faint|p1b: Cresselia\n|\n|-weather|none\n|upkeep\n|\n|t:|1700960539\n|switch|p1b: Amoonguss|Amoonguss, M|100\/100\n|switch|p1a: Diancie|Diancie|72\/100\n|turn|8\n|\n|t:|1700960559\n|-terastallize|p2a: Volcanion|Fire\n|move|p2b: Chi-Yu|Heat Wave|p1a: Diancie|[spread] p1a,p1b\n|-resisted|p1a: Diancie\n|-supereffective|p1b: Amoonguss\n|-damage|p1a: Diancie|48\/100\n|-damage|p1b: Amoonguss|23\/100\n|move|p2a: Volcanion|Heat Wave|p1a: Diancie|[spread] p1a,p1b\n|-resisted|p1a: Diancie\n|-supereffective|p1b: Amoonguss\n|-damage|p1a: Diancie|20\/100\n|-damage|p1b: Amoonguss|0 fnt\n|faint|p1b: Amoonguss\n|move|p1a: Diancie|Diamond Storm|p2a: Volcanion|[spread] p2a,p2b\n|-supereffective|p2a: Volcanion\n|-supereffective|p2b: Chi-Yu\n|-damage|p2a: Volcanion|35\/100\n|-damage|p2b: Chi-Yu|0 fnt\n|-boost|p1a: Diancie|def|2\n|-enditem|p2a: Volcanion|Sitrus Berry|[eat]\n|-heal|p2a: Volcanion|59\/100|[from] item: Sitrus Berry\n|faint|p2b: Chi-Yu\n|\n|upkeep\n|\n|t:|1700960578\n|switch|p1b: Iron Hands|Iron Hands, tera:Flying|6\/100\n|turn|9\n|\n|t:|1700960582\n|move|p2a: Volcanion|Heat Wave|p1b: Iron Hands|[spread] p1a,p1b\n|-resisted|p1a: Diancie\n|-damage|p1a: Diancie|0 fnt\n|-damage|p1b: Iron Hands|0 fnt\n|faint|p1a: Diancie\n|faint|p1b: Iron Hands\n|-end|p1b: Iron Hands|Quark Drive|[silent]\n|\n|win|EngineerPlaysMons\n|raw|sdfgherhgerhefgd's rating: 1408 &rarr; <strong>1394<\/strong><br \/>(-14 for losing)\n|raw|EngineerPlaysMons's rating: 1524 &rarr; <strong>1538<\/strong><br \/>(+14 for winning)\n|c|\u2606EngineerPlaysMons|Gg\n|l|\u2606sdfgherhgerhefgd\n","uploadtime":1700960595,"views":7,"p1id":"sdfgherhgerhefgd","p2id":"engineerplaysmons","formatid":"gen9doublesou","rating":1394,"private":0,"password":""}