{"id":"gen9doublesou-1973235050","p1":"Hiusi guy %\u25d5\u203f\u203f\u25d5%","p2":"Samirsin\u2605","format":"[Gen 9] Doubles OU","log":"|j|\u2606Hiusi guy %\u25d5\u203f\u203f\u25d5%\n|j|\u2606Samirsin\u2605\n|t:|1697942598\n|gametype|doubles\n|player|p1|Hiusi guy %\u25d5\u203f\u203f\u25d5%|alec-anime|\n|player|p2|Samirsin\u2605|theroyal|\n|teamsize|p1|6\n|teamsize|p2|6\n|gen|9\n|tier|[Gen 9] Doubles OU\n|rated|Tournament battle\n|rule|Species Clause: Limit one of each Pok\u00e9mon\n|rule|OHKO Clause: OHKO moves are banned\n|rule|Evasion Moves Clause: Evasion moves are banned\n|rule|Gravity Sleep Clause: The combination of sleep-inducing moves with imperfect accuracy and Gravity or Gigantamax Orbeetle are banned\n|rule|Endless Battle Clause: Forcing endless battles is banned\n|rule|HP Percentage Mod: HP is shown in percentages\n|clearpoke\n|poke|p1|Fidgit, F|\n|poke|p1|Ursaluna, F|\n|poke|p1|Iron Hands|\n|poke|p1|Pyroak, F|\n|poke|p1|Hatterene, F|\n|poke|p1|Equilibra|\n|poke|p2|Aurumoth, M|\n|poke|p2|Slowking-Galar, M|\n|poke|p2|Saharaja, M|\n|poke|p2|Scattervein, F|\n|poke|p2|Jumbao, F|\n|poke|p2|Syclant, F|\n|teampreview\n|\n|t:|1697942614\n|start\n|switch|p1a: Fidgit|Fidgit, F|100\/100\n|switch|p1b: Iron Hands|Iron Hands|100\/100\n|switch|p2a: Aurumoth|Aurumoth, M|100\/100\n|switch|p2b: La Foule|Syclant, F, shiny|100\/100\n|-enditem|p1b: Iron Hands|Booster Energy\n|-activate|p1b: Iron Hands|ability: Quark Drive|[fromitem]\n|-start|p1b: Iron Hands|quarkdriveatk\n|turn|1\n|c|\u2606Samirsin\u2605|glhf!\n|c|\u2606Hiusi guy %\u25d5\u203f\u203f\u25d5%|Same 2 u\n|\n|t:|1697942627\n|move|p1b: Iron Hands|Fake Out|p2a: Aurumoth\n|-damage|p2a: Aurumoth|83\/100\n|cant|p2a: Aurumoth|flinch\n|move|p2b: La Foule|Icicle Crash|p1a: Fidgit\n|-supereffective|p1a: Fidgit\n|-damage|p1a: Fidgit|19\/100\n|-damage|p2b: La Foule|91\/100|[from] item: Life Orb\n|move|p1a: Fidgit|Trick Room|p1a: Fidgit\n|-activate|p1a: Fidgit|ability: Persistent|[move] Trick Room\n|-fieldstart|move: Trick Room|[of] p1a: Fidgit|[persistent]\n|\n|upkeep\n|turn|2\n|\n|t:|1697942653\n|move|p1b: Iron Hands|Wild Charge|p2a: Aurumoth\n|-damage|p2a: Aurumoth|27\/100\n|-damage|p1b: Iron Hands|89\/100|[from] Recoil\n|move|p1a: Fidgit|U-turn|p2a: Aurumoth\n|-supereffective|p2a: Aurumoth\n|-damage|p2a: Aurumoth|6\/100\n|\n|t:|1697942674\n|switch|p1a: Pyroak|Pyroak, F|100\/100|[from] U-turn\n|move|p2b: La Foule|Fell Stinger|p1a: Pyroak\n|-damage|p1a: Pyroak|76\/100\n|-damage|p2b: La Foule|81\/100|[from] item: Life Orb\n|move|p2a: Aurumoth|Final Gambit|p1b: Iron Hands\n|-damage|p1b: Iron Hands|84\/100\n|faint|p2a: Aurumoth\n|\n|upkeep\n|j|+boomp11\n|\n|t:|1697942691\n|switch|p2a: Slowking|Slowking-Galar, M|100\/100\n|turn|3\n|\n|t:|1697942699\n|move|p1a: Pyroak|Protect|p1a: Pyroak\n|-singleturn|p1a: Pyroak|Protect\n|move|p2a: Slowking|Future Sight|p1a: Pyroak\n|-start|p2a: Slowking|move: Future Sight\n|move|p1b: Iron Hands|Earthquake|p2b: La Foule|[spread] p2a,p2b\n|-activate|p1a: Pyroak|move: Protect\n|-supereffective|p2a: Slowking\n|-resisted|p2b: La Foule\n|-damage|p2a: Slowking|21\/100\n|-damage|p2b: La Foule|47\/100\n|move|p2b: La Foule|Rock Slide|p1b: Iron Hands|[spread] p1b\n|-activate|p1a: Pyroak|move: Protect\n|-resisted|p1b: Iron Hands\n|-damage|p1b: Iron Hands|77\/100\n|-damage|p2b: La Foule|37\/100|[from] item: Life Orb\n|\n|upkeep\n|turn|4\n|\n|t:|1697942726\n|move|p2a: Slowking|Psychic|p1b: Iron Hands\n|-supereffective|p1b: Iron Hands\n|-damage|p1b: Iron Hands|0 fnt\n|faint|p1b: Iron Hands\n|-end|p1b: Iron Hands|Quark Drive|[silent]\n|move|p1a: Pyroak|Overheat|p2a: Slowking\n|-damage|p2a: Slowking|0 fnt\n|-boost|p1a: Pyroak|spa|2\n|faint|p2a: Slowking\n|-damage|p1a: Pyroak|66\/100|[from] item: Life Orb\n|move|p2b: La Foule|Rock Slide|p1a: Pyroak\n|-supereffective|p1a: Pyroak\n|-damage|p1a: Pyroak|23\/100\n|-damage|p2b: La Foule|27\/100|[from] item: Life Orb\n|\n|upkeep\n|\n|t:|1697942735\n|switch|p2a: Saharaja|Saharaja, M, shiny|100\/100\n|switch|p1b: Ursaluna|Ursaluna, F|100\/100\n|turn|5\n|\n|t:|1697942749\n|move|p1b: Ursaluna|Facade|p2b: La Foule\n|-damage|p2b: La Foule|0 fnt\n|faint|p2b: La Foule\n|move|p1a: Pyroak|Energy Ball|p2a: Saharaja\n|-supereffective|p2a: Saharaja\n|-damage|p2a: Saharaja|0 fnt\n|faint|p2a: Saharaja\n|-damage|p1a: Pyroak|13\/100|[from] item: Life Orb\n|\n|-end|p1a: Pyroak|move: Future Sight\n|-damage|p1a: Pyroak|0 fnt\n|faint|p1a: Pyroak\n|-status|p1b: Ursaluna|brn|[from] item: Flame Orb\n|upkeep\n|\n|t:|1697942765\n|switch|p1a: Equilibra|Equilibra|100\/100\n|switch|p2a: Scattervein|Scattervein, F|100\/100\n|switch|p2b: Jumbao|Jumbao, F|100\/100\n|-weather|SunnyDay|[from] ability: Drought|[of] p2b: Jumbao\n|turn|6\n|\n|t:|1697942793\n|move|p1b: Ursaluna|Facade|p2b: Jumbao\n|-damage|p2b: Jumbao|0 fnt\n|faint|p2b: Jumbao\n|move|p1a: Equilibra|Flash Cannon|p2a: Scattervein\n|-supereffective|p2a: Scattervein\n|-damage|p2a: Scattervein|39\/100\n|move|p2a: Scattervein|Bulk Up|p2a: Scattervein\n|-boost|p2a: Scattervein|atk|1\n|-boost|p2a: Scattervein|def|1\n|\n|-weather|SunnyDay|[upkeep]\n|-damage|p1b: Ursaluna|94\/100 brn|[from] brn\n|upkeep\n|turn|7\n|c|\u2606Hiusi guy %\u25d5\u203f\u203f\u25d5%|gg\n|j| Concept Everything\n|\n|t:|1697942804\n|-terastallize|p2a: Scattervein|Water\n|move|p2a: Scattervein|Extreme Speed|p1b: Ursaluna\n|-damage|p1b: Ursaluna|57\/100 brn\n|move|p1b: Ursaluna|Facade|p2a: Scattervein\n|-damage|p2a: Scattervein|0 fnt\n|faint|p2a: Scattervein\n|\n|win|Hiusi guy %\u25d5\u203f\u203f\u25d5%\n|n|\u2606Hiusi guy %\u25d5\u203f\u203f\u25d5%|hiusiguy\n|n|\u2606Samirsin\u2605|samirsin\n|n| boomp11|boomp11\n|n| Concept Everything|concepteverything\n|c|\u2606Samirsin\u2605|gg!\n|l|\u2606Samirsin\u2605\n|l|\u2606Hiusi guy %\u25d5\u203f\u203f\u25d5%\n|l| boomp11\n","uploadtime":1697942805,"views":28,"p1id":"hiusiguy","p2id":"samirsin","formatid":"gen9doublesou","rating":0,"private":0,"password":""}