{"id":"gen9doublesou-1970755387","p1":"wingminmon","p2":"wingwingy55","format":"[Gen 9] Doubles OU","log":"|j|\u2606wingminmon\n|j|\u2606wingwingy55\n|t:|1697664115\n|gametype|doubles\n|player|p1|wingminmon|preschooler|\n|player|p2|wingwingy55|preschooler|\n|teamsize|p1|6\n|teamsize|p2|6\n|gen|9\n|tier|[Gen 9] Doubles OU\n|rule|Species Clause: Limit one of each Pok\u00e9mon\n|rule|OHKO Clause: OHKO moves are banned\n|rule|Evasion Moves Clause: Evasion moves are banned\n|rule|Gravity Sleep Clause: The combination of sleep-inducing moves with imperfect accuracy and Gravity or Gigantamax Orbeetle are banned\n|rule|Endless Battle Clause: Forcing endless battles is banned\n|rule|HP Percentage Mod: HP is shown in percentages\n|clearpoke\n|poke|p1|Dragapult, F|\n|poke|p1|Heatran, F|\n|poke|p1|Ogerpon, F|\n|poke|p1|Cresselia, F|\n|poke|p1|Landorus-Therian, M|\n|poke|p1|Tornadus, M|\n|poke|p2|Dragapult, M|\n|poke|p2|Chi-Yu|\n|poke|p2|Ogerpon, F|\n|poke|p2|Clefairy, F|\n|poke|p2|Chien-Pao|\n|poke|p2|Flutter Mane|\n|teampreview\n|\n|t:|1697664142\n|start\n|switch|p1a: Tornadus|Tornadus, M|100\/100\n|switch|p1b: Heatran|Heatran, F|100\/100\n|switch|p2a: Chien-Pao|Chien-Pao|100\/100\n|switch|p2b: Mane and Flutter|Flutter Mane|100\/100\n|-ability|p2a: Chien-Pao|Sword of Ruin\n|-enditem|p2b: Mane and Flutter|Booster Energy\n|-activate|p2b: Mane and Flutter|ability: Protosynthesis|[fromitem]\n|-start|p2b: Mane and Flutter|protosynthesisspe\n|turn|1\n|\n|t:|1697664169\n|move|p1a: Tornadus|Tailwind|p1a: Tornadus\n|-sidestart|p1: wingminmon|move: Tailwind\n|move|p2b: Mane and Flutter|Shadow Ball|p1b: Heatran\n|-damage|p1b: Heatran|78\/100\n|move|p2a: Chien-Pao|Icicle Crash|p1a: Tornadus|[miss]\n|-miss|p2a: Chien-Pao|p1a: Tornadus\n|move|p1b: Heatran|Magma Storm|p2a: Chien-Pao\n|-supereffective|p2a: Chien-Pao\n|-enditem|p2a: Chien-Pao|Focus Sash\n|-damage|p2a: Chien-Pao|1\/100\n|-activate|p2a: Chien-Pao|move: Magma Storm|[of] p1b: Heatran\n|\n|-damage|p2a: Chien-Pao|0 fnt|[from] move: Magma Storm|[partiallytrapped]\n|faint|p2a: Chien-Pao\n|upkeep\n|\n|t:|1697664185\n|switch|p2a: Baby|Clefairy, F|100\/100\n|turn|2\n|\n|t:|1697664203\n|move|p1a: Tornadus|Taunt|p2a: Baby\n|-start|p2a: Baby|move: Taunt\n|move|p2b: Mane and Flutter|Shadow Ball|p1b: Heatran\n|-damage|p1b: Heatran|56\/100\n|-unboost|p1b: Heatran|spd|1\n|move|p1b: Heatran|Flash Cannon|p2b: Mane and Flutter\n|-supereffective|p2b: Mane and Flutter\n|-damage|p2b: Mane and Flutter|32\/100\n|cant|p2a: Baby|move: Taunt|Encore\n|\n|upkeep\n|turn|3\n|\n|t:|1697664235\n|move|p2b: Mane and Flutter|Dazzling Gleam|p1b: Heatran|[spread] p1a,p1b\n|-resisted|p1b: Heatran\n|-damage|p1a: Tornadus|61\/100\n|-damage|p1b: Heatran|49\/100\n|move|p1a: Tornadus|Icy Wind|p2a: Baby|[spread] p2a,p2b\n|-crit|p2b: Mane and Flutter\n|-damage|p2a: Baby|89\/100\n|-damage|p2b: Mane and Flutter|14\/100\n|-unboost|p2a: Baby|spe|1\n|-unboost|p2b: Mane and Flutter|spe|1\n|move|p1b: Heatran|Flash Cannon|p2b: Mane and Flutter\n|-supereffective|p2b: Mane and Flutter\n|-damage|p2b: Mane and Flutter|0 fnt\n|faint|p2b: Mane and Flutter\n|-end|p2b: Mane and Flutter|Protosynthesis|[silent]\n|move|p2a: Baby|Icy Wind|p1b: Heatran|[spread] p1b\n|-miss|p2a: Baby|p1a: Tornadus\n|-resisted|p1b: Heatran\n|-damage|p1b: Heatran|48\/100\n|-unboost|p1b: Heatran|spe|1\n|\n|upkeep\n|\n|t:|1697664252\n|switch|p2b: Chi-Yu|Chi-Yu|100\/100\n|-ability|p2b: Chi-Yu|Beads of Ruin\n|turn|4\n|\n|t:|1697664281\n|-terastallize|p2b: Chi-Yu|Water\n|move|p1a: Tornadus|Icy Wind|p2a: Baby|[spread] p2a,p2b\n|-resisted|p2b: Chi-Yu\n|-damage|p2a: Baby|74\/100\n|-damage|p2b: Chi-Yu|95\/100\n|-unboost|p2a: Baby|spe|1\n|-unboost|p2b: Chi-Yu|spe|1\n|move|p1b: Heatran|Magma Storm|p2b: Chi-Yu\n|-resisted|p2b: Chi-Yu\n|-damage|p2b: Chi-Yu|74\/100\n|-activate|p2b: Chi-Yu|move: Magma Storm|[of] p1b: Heatran\n|move|p2b: Chi-Yu|Tera Blast|p1b: Heatran|[anim] Tera Blast Water\n|-supereffective|p1b: Heatran\n|-damage|p1b: Heatran|0 fnt\n|faint|p1b: Heatran\n|move|p2a: Baby|Icy Wind|p1a: Tornadus\n|-supereffective|p1a: Tornadus\n|-damage|p1a: Tornadus|34\/100\n|\n|-end|p2b: Chi-Yu|Magma Storm|[partiallytrapped]|[silent]\n|-end|p2a: Baby|move: Taunt\n|-sideend|p1: wingminmon|move: Tailwind\n|upkeep\n|\n|t:|1697664298\n|switch|p1b: Ogerpon|Ogerpon, F|100\/100\n|turn|5\n|\n|t:|1697664308\n|move|p2a: Baby|Follow Me|p2a: Baby\n|-singleturn|p2a: Baby|move: Follow Me\n|move|p1a: Tornadus|Tailwind|p1a: Tornadus\n|-sidestart|p1: wingminmon|move: Tailwind\n|move|p1b: Ogerpon|Ivy Cudgel|p2a: Baby\n|-damage|p2a: Baby|35\/100\n|move|p2b: Chi-Yu|Tera Blast|p1a: Tornadus|[anim] Tera Blast Water\n|-damage|p1a: Tornadus|0 fnt\n|faint|p1a: Tornadus\n|\n|upkeep\n|\n|t:|1697664331\n|switch|p1a: Cresselia|Cresselia, F|100\/100\n|turn|6\n|\n|t:|1697664350\n|switch|p2b: Dragapult|Dragapult, M, shiny|100\/100\n|move|p2a: Baby|Follow Me|p2a: Baby\n|-singleturn|p2a: Baby|move: Follow Me\n|move|p1b: Ogerpon|Ivy Cudgel|p2a: Baby\n|-damage|p2a: Baby|0 fnt\n|faint|p2a: Baby\n|move|p1a: Cresselia|Thunder Wave|p2b: Dragapult\n|-status|p2b: Dragapult|par\n|\n|upkeep\n|\n|t:|1697664359\n|switch|p2a: Chi-Yu|Chi-Yu, tera:Water|74\/100\n|-ability|p2a: Chi-Yu|Beads of Ruin\n|turn|7\n|\n|t:|1697664375\n|move|p1b: Ogerpon|Ivy Cudgel|p2a: Chi-Yu\n|-supereffective|p2a: Chi-Yu\n|-damage|p2a: Chi-Yu|0 fnt\n|faint|p2a: Chi-Yu\n|move|p1a: Cresselia|Moonblast|p2b: Dragapult\n|-supereffective|p2b: Dragapult\n|-damage|p2b: Dragapult|57\/100 par\n|cant|p2b: Dragapult|par\n|\n|upkeep\n|\n|t:|1697664382\n|switch|p2a: Ogerpon|Ogerpon, F|100\/100\n|turn|8\n|\n|t:|1697664398\n|move|p1b: Ogerpon|U-turn|p2a: Ogerpon\n|-supereffective|p2a: Ogerpon\n|-damage|p2a: Ogerpon|50\/100\n|\n|t:|1697664403\n|switch|p1b: Dragapult|Dragapult, F, shiny|100\/100|[from] U-turn\n|move|p1a: Cresselia|Thunder Wave|p2a: Ogerpon\n|-status|p2a: Ogerpon|par\n|move|p2b: Dragapult|Phantom Force||[still]\n|-prepare|p2b: Dragapult|Phantom Force\n|move|p2a: Ogerpon|U-turn|p1b: Dragapult\n|-resisted|p1b: Dragapult\n|-damage|p1b: Dragapult|86\/100\n|\n|-heal|p2a: Ogerpon|56\/100 par|[from] item: Leftovers\n|-sideend|p1: wingminmon|move: Tailwind\n|upkeep\n|turn|9\n|\n|t:|1697664453\n|move|p1b: Dragapult|Dragon Darts|p2a: Ogerpon\n|-damage|p2a: Ogerpon|18\/100 par\n|-anim|p1b: Dragapult|Dragon Darts|p2a: Ogerpon\n|-damage|p2a: Ogerpon|0 fnt\n|faint|p2a: Ogerpon\n|-damage|p1b: Dragapult|76\/100|[from] item: Life Orb\n|move|p1a: Cresselia|Moonblast|p2b: Dragapult|[miss]\n|-miss|p1a: Cresselia|p2b: Dragapult\n|move|p2b: Dragapult|Phantom Force|p1b: Dragapult|[from]lockedmove\n|-supereffective|p1b: Dragapult\n|-damage|p1b: Dragapult|0 fnt\n|faint|p1b: Dragapult\n|-damage|p2b: Dragapult|48\/100 par|[from] item: Life Orb\n|\n|upkeep\n|\n|t:|1697664468\n|switch|p1b: Landorus|Landorus-Therian, M|100\/100\n|-ability|p1b: Landorus|Intimidate|boost\n|-fail|p2b: Dragapult|unboost|[from] ability: Clear Body|[of] p2b: Dragapult\n|turn|10\n|\n|t:|1697664483\n|move|p1a: Cresselia|Helping Hand|p1b: Landorus\n|-singleturn|p1b: Landorus|Helping Hand|[of] p1a: Cresselia\n|move|p1b: Landorus|Stomping Tantrum|p2b: Dragapult\n|-damage|p2b: Dragapult|0 fnt\n|faint|p2b: Dragapult\n|\n|win|wingminmon\n","uploadtime":1697664491,"views":25,"p1id":"wingminmon","p2id":"wingwingy55","formatid":"gen9doublesou","rating":0,"private":0,"password":""}