{"id":"gen9doublesou-1981744283","p1":"mikeyuwu","p2":"conorjr","format":"[Gen 9] Doubles OU","log":"|j|\u2606mikeyuwu\n|j|\u2606conorjr\n|t:|1698938332\n|gametype|doubles\n|player|p1|mikeyuwu|psychic-gen4|1167\n|player|p2|conorjr|266|1087\n|teamsize|p1|6\n|teamsize|p2|6\n|gen|9\n|tier|[Gen 9] Doubles OU\n|rated|\n|rule|Species Clause: Limit one of each Pok\u00e9mon\n|rule|OHKO Clause: OHKO moves are banned\n|rule|Evasion Moves Clause: Evasion moves are banned\n|rule|Gravity Sleep Clause: The combination of sleep-inducing moves with imperfect accuracy and Gravity or Gigantamax Orbeetle are banned\n|rule|Endless Battle Clause: Forcing endless battles is banned\n|rule|HP Percentage Mod: HP is shown in percentages\n|clearpoke\n|poke|p1|Garchomp, M|\n|poke|p1|Tyranitar, F|\n|poke|p1|Vaporeon, F|\n|poke|p1|Toxicroak, M|\n|poke|p1|Pelipper, F|\n|poke|p1|Abomasnow, M|\n|poke|p2|Mandibuzz, F|\n|poke|p2|Azumarill, M|\n|poke|p2|Forretress, F|\n|poke|p2|Glimmora, F|\n|poke|p2|Goodra-Hisui, M|\n|poke|p2|Farigiraf, M|\n|teampreview\n|inactive|Battle timer is ON: inactive players will automatically lose when time's up. (requested by conorjr)\n|\n|t:|1698938366\n|start\n|switch|p1a: OTLHPM|Toxicroak, M|100\/100\n|switch|p1b: Harmacy|Vaporeon, F|100\/100\n|switch|p2a: Forretress|Forretress, F|100\/100\n|switch|p2b: Glimmora|Glimmora, F|100\/100\n|turn|1\n|\n|t:|1698938388\n|move|p2b: Glimmora|Toxic|p1a: OTLHPM\n|-status|p1a: OTLHPM|tox\n|move|p1a: OTLHPM|Sunny Day|p1a: OTLHPM\n|-weather|SunnyDay\n|move|p1b: Harmacy|Weather Ball|p2a: Forretress\n|-supereffective|p2a: Forretress\n|-damage|p2a: Forretress|0 fnt\n|faint|p2a: Forretress\n|\n|-weather|SunnyDay|[upkeep]\n|-damage|p1a: OTLHPM|88\/100 tox|[from] ability: Dry Skin|[of] p1a: OTLHPM\n|-heal|p1a: OTLHPM|94\/100 tox|[from] item: Black Sludge\n|-damage|p1a: OTLHPM|88\/100 tox|[from] psn\n|upkeep\n|inactive|conorjr has 120 seconds left.\n|\n|t:|1698938417\n|switch|p2a: Farigiraf|Farigiraf, M|100\/100\n|turn|2\n|inactive|conorjr has 120 seconds left.\n|\n|t:|1698938435\n|switch|p1a: Weather War|Pelipper, F|100\/100\n|-weather|RainDance|[from] ability: Drizzle|[of] p1a: Weather War\n|move|p2b: Glimmora|Toxic|p1b: Harmacy\n|-status|p1b: Harmacy|tox\n|move|p1b: Harmacy|Weather Ball|p2b: Glimmora\n|-supereffective|p2b: Glimmora\n|-enditem|p2b: Glimmora|Focus Sash\n|-damage|p2b: Glimmora|1\/100\n|move|p2a: Farigiraf|Twin Beam|p1a: Weather War\n|-damage|p1a: Weather War|72\/100\n|-damage|p1a: Weather War|43\/100\n|-hitcount|p1a: Weather War|2\n|\n|-weather|RainDance|[upkeep]\n|-activate|p1b: Harmacy|ability: Hydration\n|-curestatus|p1b: Harmacy|tox|[msg]\n|upkeep\n|turn|3\n|inactive|conorjr has 120 seconds left.\n|inactive|conorjr has 90 seconds left.\n|\n|t:|1698938491\n|switch|p1a: OTLHPM|Toxicroak, M|88\/100 tox\n|move|p2b: Glimmora|Stealth Rock|p1a: OTLHPM\n|-sidestart|p1: mikeyuwu|move: Stealth Rock\n|move|p1b: Harmacy|Icy Wind|p2a: Farigiraf|[spread] p2b\n|-miss|p1b: Harmacy|p2a: Farigiraf\n|-damage|p2b: Glimmora|0 fnt\n|faint|p2b: Glimmora\n|move|p2a: Farigiraf|Hyper Voice|p1b: Harmacy|[spread] p1a,p1b\n|-damage|p1a: OTLHPM|44\/100 tox\n|-damage|p1b: Harmacy|72\/100\n|\n|-weather|RainDance|[upkeep]\n|-heal|p1a: OTLHPM|57\/100 tox|[from] ability: Dry Skin\n|-heal|p1a: OTLHPM|63\/100 tox|[from] item: Black Sludge\n|-heal|p1b: Harmacy|78\/100|[from] item: Leftovers\n|-damage|p1a: OTLHPM|57\/100 tox|[from] psn\n|upkeep\n|inactive|conorjr has 90 seconds left.\n|inactive|conorjr has 60 seconds left.\n|\n|t:|1698938529\n|switch|p2b: Goodra|Goodra-Hisui, M|100\/100\n|turn|4\n|\n|t:|1698938547\n|-terastallize|p2b: Goodra|Flying\n|move|p1a: OTLHPM|Drain Punch|p2b: Goodra\n|-resisted|p2b: Goodra\n|-damage|p2b: Goodra|86\/100\n|-heal|p1a: OTLHPM|63\/100 tox|[from] drain|[of] p2b: Goodra\n|move|p1b: Harmacy|Weather Ball|p2a: Farigiraf\n|-damage|p2a: Farigiraf|62\/100\n|move|p2a: Farigiraf|Dazzling Gleam|p1a: OTLHPM|[spread] p1a,p1b\n|-damage|p1a: OTLHPM|38\/100 tox\n|-damage|p1b: Harmacy|63\/100\n|move|p2b: Goodra|Dragon Tail|p1a: OTLHPM\n|-damage|p1a: OTLHPM|8\/100 tox\n|drag|p1a: Cold Shoulder|Abomasnow, M, shiny|100\/100\n|-damage|p1a: Cold Shoulder|76\/100|[from] Stealth Rock\n|-weather|Snow|[from] ability: Snow Warning|[of] p1a: Cold Shoulder\n|\n|-weather|Snow|[upkeep]\n|-heal|p1b: Harmacy|69\/100|[from] item: Leftovers\n|upkeep\n|turn|5\n|inactive|conorjr has 90 seconds left.\n|\n|t:|1698938579\n|move|p1a: Cold Shoulder|Blizzard|p2b: Goodra|[spread] p2a,p2b\n|-supereffective|p2b: Goodra\n|-damage|p2a: Farigiraf|40\/100\n|-damage|p2b: Goodra|54\/100\n|-status|p2a: Farigiraf|frz\n|-status|p2b: Goodra|frz\n|move|p1b: Harmacy|Copycat|p1b: Harmacy\n|move|p1b: Harmacy|Blizzard|p2b: Goodra|[from]move: Copycat|[spread] p2a,p2b\n|-crit|p2a: Farigiraf\n|-supereffective|p2b: Goodra\n|-damage|p2a: Farigiraf|21\/100 frz\n|-damage|p2b: Goodra|31\/100 frz\n|cant|p2a: Farigiraf|frz\n|-curestatus|p2b: Goodra|frz|[msg]\n|move|p2b: Goodra|Thunderbolt|p1b: Harmacy\n|-supereffective|p1b: Harmacy\n|-damage|p1b: Harmacy|35\/100\n|\n|-weather|Snow|[upkeep]\n|-heal|p1b: Harmacy|41\/100|[from] item: Leftovers\n|upkeep\n|turn|6\n|-message|conorjr forfeited.\n|\n|win|mikeyuwu\n|raw|mikeyuwu's rating: 1167 &rarr; <strong>1186<\/strong><br \/>(+19 for winning)\n|raw|conorjr's rating: 1087 &rarr; <strong>1069<\/strong><br \/>(-18 for losing)\n|l|\u2606conorjr\n","uploadtime":1698938689,"views":20,"p1id":"mikeyuwu","p2id":"conorjr","formatid":"gen9doublesou","rating":1069,"private":0,"password":""}