{"id":"gen9doublesou-1970795304","p1":"cotesmcgotes","p2":"lord weeny","format":"[Gen 9] Doubles OU","log":"|j|\u2606cotesmcgotes\n|j|\u2606lord weeny\n|t:|1697667927\n|gametype|doubles\n|player|p1|cotesmcgotes|flannery|1321\n|player|p2|lord weeny|crasherwake|1238\n|teamsize|p1|6\n|teamsize|p2|6\n|gen|9\n|tier|[Gen 9] Doubles OU\n|rated|\n|rule|Species Clause: Limit one of each Pok\u00e9mon\n|rule|OHKO Clause: OHKO moves are banned\n|rule|Evasion Moves Clause: Evasion moves are banned\n|rule|Gravity Sleep Clause: The combination of sleep-inducing moves with imperfect accuracy and Gravity or Gigantamax Orbeetle are banned\n|rule|Endless Battle Clause: Forcing endless battles is banned\n|rule|HP Percentage Mod: HP is shown in percentages\n|clearpoke\n|poke|p1|Manaphy|\n|poke|p1|Espathra, M|\n|poke|p1|Goodra-Hisui, M|\n|poke|p1|Ursaluna-Bloodmoon, M|\n|poke|p1|Ogerpon-Hearthflame, F|\n|poke|p1|Chien-Pao|\n|poke|p2|Chesnaught, M|\n|poke|p2|Armarouge, M|\n|poke|p2|Indeedee-F, F|\n|poke|p2|Arcanine, M|\n|poke|p2|Hawlucha, F|\n|poke|p2|Palafin, M|\n|teampreview\n|inactive|Battle timer is ON: inactive players will automatically lose when time's up. (requested by cotesmcgotes)\n|\n|t:|1697667948\n|start\n|switch|p1a: Chien-Pao|Chien-Pao|100\/100\n|switch|p1b: Ogerpon|Ogerpon-Hearthflame, F|100\/100\n|switch|p2a: mega man|Armarouge, M, shiny|100\/100\n|switch|p2b: Phin|Palafin, M, shiny|100\/100\n|-ability|p1a: Chien-Pao|Sword of Ruin\n|-ability|p1b: Ogerpon|Mold Breaker\n|turn|1\n|\n|t:|1697667970\n|move|p1b: Ogerpon|Spiky Shield|p1b: Ogerpon\n|-singleturn|p1b: Ogerpon|move: Protect\n|move|p1a: Chien-Pao|Sucker Punch|p2a: mega man\n|-supereffective|p2a: mega man\n|-damage|p2a: mega man|12\/100\n|-ability|p2a: mega man|Weak Armor|boost\n|-unboost|p2a: mega man|def|1\n|-boost|p2a: mega man|spe|2\n|-enditem|p2a: mega man|Weakness Policy\n|-boost|p2a: mega man|atk|2|[from] item: Weakness Policy\n|-boost|p2a: mega man|spa|2|[from] item: Weakness Policy\n|move|p2a: mega man|Heat Wave|p1b: Ogerpon|[spread] p1a\n|-activate|p1b: Ogerpon|move: Protect\n|-supereffective|p1a: Chien-Pao\n|-damage|p1a: Chien-Pao|0 fnt\n|faint|p1a: Chien-Pao\n|move|p2b: Phin|Flip Turn|p2a: mega man\n|-supereffective|p2a: mega man\n|-damage|p2a: mega man|0 fnt\n|faint|p2a: mega man\n|inactive|lord weeny has 120 seconds left.\n|\n|t:|1697667993\n|detailschange|p2b: Phin|Palafin-Hero, M, shiny\n|switch|p2b: Indeed indeed|Indeedee-F, F, shiny|100\/100|[from] Flip Turn\n|-fieldstart|move: Psychic Terrain|[from] ability: Psychic Surge|[of] p2b: Indeed indeed\n|-enditem|p2b: Indeed indeed|Psychic Seed\n|-boost|p2b: Indeed indeed|spd|1|[from] item: Psychic Seed\n|\n|upkeep\n|\n|t:|1697668004\n|switch|p1a: Manaphy|Manaphy|100\/100\n|switch|p2a: emo birb|Hawlucha, F, shiny|100\/100\n|turn|2\n|\n|t:|1697668023\n|switch|p1b: Goodra|Goodra-Hisui, M|100\/100\n|move|p2b: Indeed indeed|Follow Me|p2b: Indeed indeed\n|-singleturn|p2b: Indeed indeed|move: Follow Me\n|move|p2a: emo birb|Brave Bird|p1b: Goodra\n|-resisted|p1b: Goodra\n|-damage|p1b: Goodra|77\/100\n|-damage|p2a: emo birb|91\/100|[from] Recoil\n|move|p1a: Manaphy|Tail Glow|p1a: Manaphy\n|-boost|p1a: Manaphy|spa|3\n|\n|-heal|p1b: Goodra|83\/100|[from] item: Leftovers\n|upkeep\n|turn|3\n|\n|t:|1697668052\n|switch|p1b: Espathra|Espathra, M|100\/100\n|move|p2b: Indeed indeed|Helping Hand|p2a: emo birb\n|-singleturn|p2a: emo birb|Helping Hand|[of] p2b: Indeed indeed\n|move|p2a: emo birb|High Jump Kick|p1a: Manaphy\n|-damage|p1a: Manaphy|15\/100\n|-enditem|p1a: Manaphy|Sitrus Berry|[eat]\n|-heal|p1a: Manaphy|40\/100|[from] item: Sitrus Berry\n|move|p1a: Manaphy|Tail Glow|p1a: Manaphy\n|-boost|p1a: Manaphy|spa|3\n|\n|upkeep\n|turn|4\n|\n|t:|1697668082\n|-terastallize|p1a: Manaphy|Psychic\n|move|p2b: Indeed indeed|Follow Me|p2b: Indeed indeed\n|-singleturn|p2b: Indeed indeed|move: Follow Me\n|move|p1b: Espathra|Skill Swap|p2b: Indeed indeed\n|-activate|p1b: Espathra|move: Skill Swap|Psychic Surge|Speed Boost|[of] p2b: Indeed indeed\n|move|p2a: emo birb|High Jump Kick|p1a: Manaphy\n|-resisted|p1a: Manaphy\n|-damage|p1a: Manaphy|13\/100\n|move|p1a: Manaphy|Stored Power|p2b: Indeed indeed\n|-resisted|p2b: Indeed indeed\n|-damage|p2b: Indeed indeed|27\/100\n|\n|-ability|p2b: Indeed indeed|Speed Boost|boost\n|-boost|p2b: Indeed indeed|spe|1\n|upkeep\n|turn|5\n|inactive|lord weeny has 120 seconds left.\n|\n|t:|1697668125\n|move|p2b: Indeed indeed|Follow Me|p2b: Indeed indeed\n|-singleturn|p2b: Indeed indeed|move: Follow Me\n|move|p1b: Espathra|Lumina Crash|p2b: Indeed indeed\n|-resisted|p2b: Indeed indeed\n|-damage|p2b: Indeed indeed|19\/100\n|-unboost|p2b: Indeed indeed|spd|2\n|move|p2a: emo birb|High Jump Kick|p1a: Manaphy\n|-resisted|p1a: Manaphy\n|-damage|p1a: Manaphy|0 fnt\n|faint|p1a: Manaphy\n|\n|-fieldend|move: Psychic Terrain\n|-ability|p2b: Indeed indeed|Speed Boost|boost\n|-boost|p2b: Indeed indeed|spe|1\n|upkeep\n|inactive|cotesmcgotes has 120 seconds left.\n|\n|t:|1697668143\n|switch|p1a: Ursaluna|Ursaluna-Bloodmoon, M|100\/100\n|turn|6\n|\n|t:|1697668150\n|move|p2b: Indeed indeed|Follow Me|p2b: Indeed indeed\n|-singleturn|p2b: Indeed indeed|move: Follow Me\n|move|p1a: Ursaluna|Vacuum Wave|p2b: Indeed indeed\n|-damage|p2b: Indeed indeed|2\/100\n|move|p1b: Espathra|Lumina Crash|p2b: Indeed indeed\n|-resisted|p2b: Indeed indeed\n|-damage|p2b: Indeed indeed|0 fnt\n|faint|p2b: Indeed indeed\n|move|p2a: emo birb|High Jump Kick|p1a: Ursaluna\n|-supereffective|p1a: Ursaluna\n|-damage|p1a: Ursaluna|27\/100\n|\n|upkeep\n|\n|t:|1697668166\n|switch|p2b: Phin|Palafin-Hero, M, shiny|100\/100\n|-activate|p2b: Phin|ability: Zero to Hero\n|turn|7\n|\n|t:|1697668189\n|switch|p1a: Ogerpon|Ogerpon-Hearthflame, F|100\/100\n|-ability|p1a: Ogerpon|Mold Breaker\n|move|p2b: Phin|Protect|p2b: Phin\n|-singleturn|p2b: Phin|Protect\n|move|p1b: Espathra|Skill Swap|p2a: emo birb\n|-activate|p1b: Espathra|move: Skill Swap|Limber|Psychic Surge|[of] p2a: emo birb\n|-fieldstart|move: Psychic Terrain|[from] ability: Psychic Surge|[of] p2a: emo birb\n|move|p2a: emo birb|Brave Bird|p1b: Espathra\n|-damage|p1b: Espathra|25\/100\n|-damage|p2a: emo birb|58\/100|[from] Recoil\n|-enditem|p1b: Espathra|Red Card|[of] p2a: emo birb\n|drag|p2a: big boi|Chesnaught, M, shiny|100\/100\n|\n|upkeep\n|turn|8\n|inactive|lord weeny has 120 seconds left.\n|\n|t:|1697668224\n|switch|p2b: Doge|Arcanine, M, shiny|100\/100\n|-ability|p2b: Doge|Intimidate|boost\n|-unboost|p1a: Ogerpon|atk|1\n|-unboost|p1b: Espathra|atk|1\n|move|p1a: Ogerpon|Spiky Shield|p1a: Ogerpon\n|-singleturn|p1a: Ogerpon|move: Protect\n|move|p1b: Espathra|Lumina Crash|p2a: big boi\n|-supereffective|p2a: big boi\n|-damage|p2a: big boi|28\/100\n|-unboost|p2a: big boi|spd|2\n|move|p2a: big boi|Iron Defense|p2a: big boi\n|-boost|p2a: big boi|def|2\n|\n|-status|p2b: Doge|tox|[from] item: Toxic Orb\n|upkeep\n|turn|9\n|inactive|lord weeny has 120 seconds left.\n|inactive|cotesmcgotes has 120 seconds left.\n|\n|t:|1697668268\n|switch|p1a: Goodra|Goodra-Hisui, M|83\/100\n|move|p1b: Espathra|Protect|p1b: Espathra\n|-singleturn|p1b: Espathra|Protect\n|move|p2a: big boi|Spiky Shield|p2a: big boi\n|-singleturn|p2a: big boi|move: Protect\n|move|p2b: Doge|Extreme Speed|p1b: Espathra\n|-activate|p1b: Espathra|move: Psychic Terrain\n|\n|-heal|p1a: Goodra|90\/100|[from] item: Leftovers\n|-damage|p2b: Doge|94\/100 tox|[from] psn\n|upkeep\n|turn|10\n|inactive|cotesmcgotes has 120 seconds left.\n|inactive|lord weeny has 120 seconds left.\n|\n|t:|1697668295\n|move|p2b: Doge|Extreme Speed|p1b: Espathra\n|-activate|p1b: Espathra|move: Psychic Terrain\n|move|p1b: Espathra|Lumina Crash|p2a: big boi\n|-supereffective|p2a: big boi\n|-damage|p2a: big boi|0 fnt\n|faint|p2a: big boi\n|move|p1a: Goodra|Life Dew|p1a: Goodra|[spread] p1a,p1b\n|-heal|p1a: Goodra|100\/100\n|-heal|p1b: Espathra|50\/100\n|\n|-damage|p2b: Doge|82\/100 tox|[from] psn\n|upkeep\n|\n|t:|1697668311\n|switch|p2a: Phin|Palafin-Hero, M, shiny|100\/100\n|turn|11\n|\n|t:|1697668322\n|-terastallize|p2a: Phin|Water\n|move|p2a: Phin|Wave Crash|p1a: Goodra\n|-resisted|p1a: Goodra\n|-damage|p1a: Goodra|53\/100\n|-damage|p2a: Phin|84\/100|[from] Recoil\n|move|p1b: Espathra|Lumina Crash|p2a: Phin\n|-damage|p2a: Phin|42\/100\n|-unboost|p2a: Phin|spd|2\n|move|p2b: Doge|Facade|p1b: Espathra\n|-damage|p1b: Espathra|0 fnt\n|faint|p1b: Espathra\n|move|p1a: Goodra|Life Dew|p1a: Goodra\n|-heal|p1a: Goodra|78\/100\n|\n|-heal|p1a: Goodra|84\/100|[from] item: Leftovers\n|-damage|p2b: Doge|63\/100 tox|[from] psn\n|-fieldend|move: Psychic Terrain\n|upkeep\n|inactive|cotesmcgotes has 120 seconds left.\n|\n|t:|1697668339\n|switch|p1b: Ursaluna|Ursaluna-Bloodmoon, M|27\/100\n|turn|12\n|\n|t:|1697668348\n|move|p1b: Ursaluna|Vacuum Wave|p2a: Phin\n|-damage|p2a: Phin|10\/100\n|move|p2a: Phin|Wave Crash|p1b: Ursaluna\n|-supereffective|p1b: Ursaluna\n|-damage|p1b: Ursaluna|0 fnt\n|faint|p1b: Ursaluna\n|-damage|p2a: Phin|0 fnt|[from] Recoil\n|faint|p2a: Phin\n|move|p2b: Doge|Flare Blitz|p1a: Goodra\n|-damage|p1a: Goodra|32\/100\n|-damage|p2b: Doge|44\/100 tox|[from] Recoil\n|move|p1a: Goodra|Acid Armor|p1a: Goodra\n|-boost|p1a: Goodra|def|2\n|\n|-heal|p1a: Goodra|38\/100|[from] item: Leftovers\n|-damage|p2b: Doge|19\/100 tox|[from] psn\n|upkeep\n|\n|t:|1697668367\n|switch|p2a: emo birb|Hawlucha, F, shiny|58\/100\n|switch|p1b: Ogerpon|Ogerpon-Hearthflame, F|100\/100\n|-ability|p1b: Ogerpon|Mold Breaker\n|turn|13\n|\n|t:|1697668379\n|move|p1b: Ogerpon|Spiky Shield|p1b: Ogerpon\n|-singleturn|p1b: Ogerpon|move: Protect\n|move|p2a: emo birb|Brave Bird|p1b: Ogerpon\n|-activate|p1b: Ogerpon|move: Protect\n|-damage|p2a: emo birb|46\/100|[from] Spiky Shield|[of] p1b: Ogerpon\n|move|p2b: Doge|Flare Blitz|p1a: Goodra\n|-damage|p1a: Goodra|13\/100\n|-damage|p2b: Doge|10\/100 tox|[from] Recoil\n|move|p1a: Goodra|Life Dew||[still]|[spread] p1a,p1b\n|-heal|p1a: Goodra|38\/100\n|-fail|p1b: Ogerpon|heal\n|\n|-heal|p1a: Goodra|44\/100|[from] item: Leftovers\n|-damage|p2b: Doge|0 fnt|[from] psn\n|faint|p2b: Doge\n|upkeep\n|turn|14\n|\n|t:|1697668399\n|move|p1b: Ogerpon|Ivy Cudgel|p2a: emo birb\n|-damage|p2a: emo birb|0 fnt\n|faint|p2a: emo birb\n|\n|win|cotesmcgotes\n|raw|cotesmcgotes's rating: 1321 &rarr; <strong>1336<\/strong><br \/>(+15 for winning)\n|raw|lord weeny's rating: 1238 &rarr; <strong>1219<\/strong><br \/>(-19 for losing)\n","uploadtime":1697668406,"views":21,"p1id":"cotesmcgotes","p2id":"lordweeny","formatid":"gen9doublesou","rating":1219,"private":0,"password":""}