{"id":"gen9doublesou-1992544779","p1":"Capricoberry","p2":"Elite.4.Challenger","format":"[Gen 9] Doubles OU","log":"|j|\u2606Capricoberry\n|j|\u2606Elite.4.Challenger\n|t:|1700203026\n|gametype|doubles\n|player|p1|Capricoberry|2|1138\n|player|p2|Elite.4.Challenger|koga|1322\n|teamsize|p1|6\n|teamsize|p2|6\n|gen|9\n|tier|[Gen 9] Doubles OU\n|rated|\n|rule|Species Clause: Limit one of each Pok\u00e9mon\n|rule|OHKO Clause: OHKO moves are banned\n|rule|Evasion Moves Clause: Evasion moves are banned\n|rule|Gravity Sleep Clause: The combination of sleep-inducing moves with imperfect accuracy and Gravity or Gigantamax Orbeetle are banned\n|rule|Endless Battle Clause: Forcing endless battles is banned\n|rule|HP Percentage Mod: HP is shown in percentages\n|clearpoke\n|poke|p1|Sinistcha-Masterpiece|\n|poke|p1|Zapdos-Galar|\n|poke|p1|Stonjourner, M|\n|poke|p1|Torkoal, M|\n|poke|p1|Rillaboom, F|\n|poke|p1|Walking Wake|\n|poke|p2|Tornadus, M|\n|poke|p2|Regieleki|\n|poke|p2|Goodra-Hisui, F|\n|poke|p2|Basculegion-F, F|\n|poke|p2|Politoed, F|\n|poke|p2|Toxicroak, M|\n|teampreview\n|\n|t:|1700203039\n|start\n|switch|p1a: Donkey Kong|Rillaboom, F|100\/100\n|switch|p1b: Walking Wake|Walking Wake|100\/100\n|switch|p2a: Tornadus|Tornadus, M|100\/100\n|switch|p2b: Michael Phelps|Basculegion-F, F|100\/100\n|-fieldstart|move: Grassy Terrain|[from] ability: Grassy Surge|[of] p1a: Donkey Kong\n|turn|1\n|\n|t:|1700203052\n|switch|p1a: Estonia|Stonjourner, M|100\/100\n|-terastallize|p2b: Michael Phelps|Ice\n|move|p2a: Tornadus|Rain Dance|p2a: Tornadus\n|-weather|RainDance\n|move|p2b: Michael Phelps|Ice Beam|p1a: Estonia\n|-damage|p1a: Estonia|49\/100\n|move|p1b: Walking Wake|Snarl|p2b: Michael Phelps|[spread] p2a,p2b\n|-damage|p2a: Tornadus|77\/100\n|-damage|p2b: Michael Phelps|80\/100\n|-unboost|p2a: Tornadus|spa|1\n|-unboost|p2b: Michael Phelps|spa|1\n|\n|-weather|RainDance|[upkeep]\n|-heal|p2b: Michael Phelps|86\/100|[from] Grassy Terrain\n|-heal|p1a: Estonia|55\/100|[from] Grassy Terrain\n|upkeep\n|turn|2\n|\n|t:|1700203079\n|switch|p2b: Kermit the Frog|Politoed, F|100\/100\n|switch|p2a: Goodra|Goodra-Hisui, F|100\/100\n|switch|p1a: Smokey|Torkoal, M|100\/100\n|-weather|SunnyDay|[from] ability: Drought|[of] p1a: Smokey\n|-activate|p1b: Walking Wake|ability: Protosynthesis\n|-start|p1b: Walking Wake|protosynthesisspe\n|move|p1b: Walking Wake|Weather Ball|p2b: Kermit the Frog\n|-resisted|p2b: Kermit the Frog\n|-damage|p2b: Kermit the Frog|83\/100\n|-enditem|p2b: Kermit the Frog|Eject Button\n|inactive|Battle timer is ON: inactive players will automatically lose when time's up. (requested by Capricoberry)\n|l|\u2606Capricoberry\n|inactive|Capricoberry disconnected and has a minute to reconnect!\n|player|p1|\n|j|\u2606Capricoberry\n|inactive|Capricoberry reconnected.\n|player|p1|Capricoberry|2\n|\n|t:|1700203097\n|switch|p2b: Tornadus|Tornadus, M|77\/100\n|\n|-weather|SunnyDay|[upkeep]\n|upkeep\n|turn|3\n|j| vegetasfeet\n|\n|t:|1700203113\n|switch|p1a: Estonia|Stonjourner, M|55\/100\n|move|p2b: Tornadus|Rain Dance|p2b: Tornadus\n|-weather|RainDance\n|-end|p1b: Walking Wake|Protosynthesis\n|move|p1b: Walking Wake|Hydro Steam|p2b: Tornadus\n|-damage|p2b: Tornadus|0 fnt\n|faint|p2b: Tornadus\n|move|p2a: Goodra|Acid Armor|p2a: Goodra\n|-boost|p2a: Goodra|def|2\n|\n|-weather|RainDance|[upkeep]\n|-heal|p1a: Estonia|61\/100|[from] Grassy Terrain\n|upkeep\n|\n|t:|1700203128\n|switch|p2b: Michael Phelps|Basculegion-F, F, tera:Ice|86\/100\n|turn|4\n|\n|t:|1700203153\n|switch|p2b: Kermit the Frog|Politoed, F|83\/100\n|-end|p1b: Walking Wake|Protosynthesis|[silent]\n|switch|p1b: Smokey|Torkoal, M|100\/100\n|-weather|SunnyDay|[from] ability: Drought|[of] p1b: Smokey\n|-terastallize|p1a: Estonia|Fire\n|move|p1a: Estonia|Heat Crash|p2b: Kermit the Frog\n|-resisted|p2b: Kermit the Frog\n|-damage|p2b: Kermit the Frog|47\/100\n|move|p2a: Goodra|Body Press|p1a: Estonia\n|-damage|p1a: Estonia|25\/100\n|\n|-weather|SunnyDay|[upkeep]\n|-heal|p2b: Kermit the Frog|53\/100|[from] Grassy Terrain\n|-heal|p1a: Estonia|31\/100|[from] Grassy Terrain\n|upkeep\n|turn|5\n|\n|t:|1700203178\n|switch|p1a: Sinistcha|Sinistcha-Masterpiece, shiny|100\/100\n|switch|p1b: Walking Wake|Walking Wake|100\/100\n|-activate|p1b: Walking Wake|ability: Protosynthesis\n|-start|p1b: Walking Wake|protosynthesisspe\n|move|p2b: Kermit the Frog|Protect|p2b: Kermit the Frog\n|-singleturn|p2b: Kermit the Frog|Protect\n|move|p2a: Goodra|Body Press|p1a: Sinistcha\n|-immune|p1a: Sinistcha\n|\n|-weather|SunnyDay|[upkeep]\n|-heal|p2b: Kermit the Frog|59\/100|[from] Grassy Terrain\n|-fieldend|move: Grassy Terrain\n|upkeep\n|turn|6\n|\n|t:|1700203201\n|switch|p2b: Michael Phelps|Basculegion-F, F, tera:Ice|86\/100\n|switch|p1a: Estonia|Stonjourner, M, tera:Fire|31\/100\n|move|p1b: Walking Wake|Hydro Steam|p2b: Michael Phelps\n|-damage|p2b: Michael Phelps|0 fnt\n|faint|p2b: Michael Phelps\n|move|p2a: Goodra|Dragon Tail|p1b: Walking Wake\n|-supereffective|p1b: Walking Wake\n|-damage|p1b: Walking Wake|63\/100\n|-end|p1b: Walking Wake|Protosynthesis|[silent]\n|drag|p1b: Donkey Kong|Rillaboom, F|100\/100\n|-fieldstart|move: Grassy Terrain|[from] ability: Grassy Surge|[of] p1b: Donkey Kong\n|\n|-weather|SunnyDay|[upkeep]\n|-heal|p1a: Estonia|37\/100|[from] Grassy Terrain\n|upkeep\n|inactive|Elite.4.Challenger has 120 seconds left.\n|\n|t:|1700203221\n|switch|p2b: Regieleki|Regieleki|100\/100\n|turn|7\n|\n|t:|1700203235\n|switch|p1a: Smokey|Torkoal, M|100\/100\n|move|p1b: Donkey Kong|Grassy Glide|p2b: Regieleki\n|-damage|p2b: Regieleki|0 fnt\n|faint|p2b: Regieleki\n|move|p2a: Goodra|Acid Armor|p2a: Goodra\n|-boost|p2a: Goodra|def|2\n|\n|-weather|SunnyDay|[upkeep]\n|upkeep\n|\n|t:|1700203245\n|switch|p2b: Kermit the Frog|Politoed, F|59\/100\n|-weather|RainDance|[from] ability: Drizzle|[of] p2b: Kermit the Frog\n|turn|8\n|\n|t:|1700203252\n|switch|p2b: Kermit the Dawg|Toxicroak, M|100\/100\n|move|p1b: Donkey Kong|Protect|p1b: Donkey Kong\n|-singleturn|p1b: Donkey Kong|Protect\n|move|p1a: Smokey|Protect|p1a: Smokey\n|-singleturn|p1a: Smokey|Protect\n|move|p2a: Goodra|Body Press|p1b: Donkey Kong\n|-activate|p1b: Donkey Kong|move: Protect\n|\n|-weather|RainDance|[upkeep]\n|upkeep\n|turn|9\n|\n|t:|1700203267\n|switch|p1b: Walking Wake|Walking Wake|63\/100\n|move|p2b: Kermit the Dawg|Fake Out|p1b: Walking Wake\n|-damage|p1b: Walking Wake|43\/100\n|-damage|p2b: Kermit the Dawg|91\/100|[from] item: Life Orb\n|move|p2a: Goodra|Body Press|p1b: Walking Wake\n|-damage|p1b: Walking Wake|0 fnt\n|faint|p1b: Walking Wake\n|-end|p1b: Walking Wake|Protosynthesis|[silent]\n|move|p1a: Smokey|Earth Power|p2b: Kermit the Dawg\n|-supereffective|p2b: Kermit the Dawg\n|-damage|p2b: Kermit the Dawg|28\/100\n|\n|-weather|RainDance|[upkeep]\n|-heal|p2b: Kermit the Dawg|41\/100|[from] ability: Dry Skin\n|-heal|p2b: Kermit the Dawg|47\/100|[from] Grassy Terrain\n|upkeep\n|\n|t:|1700203276\n|switch|p1b: Donkey Kong|Rillaboom, F|100\/100\n|turn|10\n|\n|t:|1700203290\n|switch|p2b: Kermit the Frog|Politoed, F|59\/100\n|move|p1b: Donkey Kong|Fake Out|p2b: Kermit the Frog\n|-damage|p2b: Kermit the Frog|44\/100\n|move|p2a: Goodra|Body Press|p1b: Donkey Kong\n|-crit|p1b: Donkey Kong\n|-damage|p1b: Donkey Kong|0 fnt\n|faint|p1b: Donkey Kong\n|move|p1a: Smokey|Earth Power|p2b: Kermit the Frog\n|-crit|p2b: Kermit the Frog\n|-damage|p2b: Kermit the Frog|22\/100\n|\n|-weather|RainDance|[upkeep]\n|-heal|p2b: Kermit the Frog|29\/100|[from] Grassy Terrain\n|-fieldend|move: Grassy Terrain\n|upkeep\n|\n|t:|1700203319\n|switch|p1b: Zapdos|Zapdos-Galar|100\/100\n|turn|11\n|l|\u2606Capricoberry\n|inactive|Capricoberry disconnected and has a minute to reconnect!\n|player|p1|\n|\n|t:|1700203337\n|switch|p1a: Sinistcha|Sinistcha-Masterpiece, shiny|100\/100\n|move|p1b: Zapdos|Protect|p1b: Zapdos\n|-singleturn|p1b: Zapdos|Protect\n|move|p2b: Kermit the Frog|Protect|p2b: Kermit the Frog\n|-singleturn|p2b: Kermit the Frog|Protect\n|move|p2a: Goodra|Dragon Tail|p1b: Zapdos\n|-activate|p1b: Zapdos|move: Protect\n|\n|-weather|RainDance|[upkeep]\n|upkeep\n|turn|12\n|j|\u2606Capricoberry\n|inactive|Capricoberry reconnected and has 150 seconds left.\n|player|p1|Capricoberry|2\n|\n|t:|1700203355\n|switch|p2b: Kermit the Dawg|Toxicroak, M|47\/100\n|switch|p1a: Smokey|Torkoal, M|100\/100\n|-weather|SunnyDay|[from] ability: Drought|[of] p1a: Smokey\n|move|p1b: Zapdos|Brave Bird|p2b: Kermit the Dawg\n|-supereffective|p2b: Kermit the Dawg\n|-damage|p2b: Kermit the Dawg|0 fnt\n|faint|p2b: Kermit the Dawg\n|-damage|p1b: Zapdos|86\/100|[from] Recoil\n|move|p2a: Goodra|Acid Armor|p2a: Goodra\n|-boost|p2a: Goodra|def|2\n|\n|-weather|SunnyDay|[upkeep]\n|upkeep\n|\n|t:|1700203369\n|switch|p2b: Kermit the Frog|Politoed, F|29\/100\n|-weather|RainDance|[from] ability: Drizzle|[of] p2b: Kermit the Frog\n|turn|13\n|\n|t:|1700203384\n|switch|p1a: Sinistcha|Sinistcha-Masterpiece, shiny|100\/100\n|-heal|p1b: Zapdos|100\/100|[from] ability: Hospitality|[of] p1a: Sinistcha\n|move|p2b: Kermit the Frog|Protect|p2b: Kermit the Frog\n|-singleturn|p2b: Kermit the Frog|Protect\n|move|p1b: Zapdos|U-turn|p2b: Kermit the Frog\n|-activate|p2b: Kermit the Frog|move: Protect\n|move|p2a: Goodra|Body Press|p1a: Sinistcha\n|-immune|p1a: Sinistcha\n|\n|-weather|RainDance|[upkeep]\n|upkeep\n|turn|14\n|\n|t:|1700203398\n|move|p1b: Zapdos|U-turn|p2b: Kermit the Frog\n|-damage|p2b: Kermit the Frog|5\/100\n|\n|t:|1700203401\n|switch|p1b: Smokey|Torkoal, M|100\/100|[from] U-turn\n|-weather|SunnyDay|[from] ability: Drought|[of] p1b: Smokey\n|move|p2b: Kermit the Frog|Icy Wind|p1a: Sinistcha|[spread] p1a,p1b\n|-supereffective|p1a: Sinistcha\n|-resisted|p1b: Smokey\n|-damage|p1a: Sinistcha|85\/100\n|-damage|p1b: Smokey|96\/100\n|-unboost|p1a: Sinistcha|spe|1\n|-unboost|p1b: Smokey|spe|1\n|move|p2a: Goodra|Body Press|p1b: Smokey\n|-damage|p1b: Smokey|23\/100\n|move|p1a: Sinistcha|Matcha Gotcha|p2b: Kermit the Frog|[spread] \n|-ability|p2a: Goodra|Sap Sipper|boost\n|-boost|p2a: Goodra|atk|1\n|-miss|p1a: Sinistcha|p2b: Kermit the Frog\n|\n|-weather|SunnyDay|[upkeep]\n|upkeep\n|turn|15\n|\n|t:|1700203424\n|move|p2b: Kermit the Frog|Protect|p2b: Kermit the Frog\n|-singleturn|p2b: Kermit the Frog|Protect\n|move|p2a: Goodra|Body Press|p1b: Smokey\n|-damage|p1b: Smokey|0 fnt\n|faint|p1b: Smokey\n|move|p1a: Sinistcha|Nasty Plot|p1a: Sinistcha\n|-boost|p1a: Sinistcha|spa|2\n|\n|-weather|SunnyDay|[upkeep]\n|upkeep\n|\n|t:|1700203429\n|switch|p1b: Zapdos|Zapdos-Galar|100\/100\n|turn|16\n|\n|t:|1700203438\n|move|p1b: Zapdos|Thunderous Kick|p2a: Goodra\n|-supereffective|p2a: Goodra\n|-damage|p2a: Goodra|83\/100\n|-unboost|p2a: Goodra|def|1\n|move|p2b: Kermit the Frog|Icy Wind|p1a: Sinistcha|[spread] p1a,p1b\n|-supereffective|p1a: Sinistcha\n|-supereffective|p1b: Zapdos\n|-damage|p1a: Sinistcha|68\/100\n|-damage|p1b: Zapdos|79\/100\n|-unboost|p1a: Sinistcha|spe|1\n|-unboost|p1b: Zapdos|spe|1\n|-ability|p1b: Zapdos|Defiant|boost\n|-boost|p1b: Zapdos|atk|2\n|move|p2a: Goodra|Body Press|p1b: Zapdos\n|-resisted|p1b: Zapdos\n|-damage|p1b: Zapdos|30\/100\n|move|p1a: Sinistcha|Tera Blast|p2b: Kermit the Frog\n|-damage|p2b: Kermit the Frog|0 fnt\n|faint|p2b: Kermit the Frog\n|-damage|p1a: Sinistcha|58\/100|[from] item: Life Orb\n|\n|-weather|SunnyDay|[upkeep]\n|upkeep\n|turn|17\n|\n|t:|1700203457\n|switch|p1a: Estonia|Stonjourner, M, tera:Fire|37\/100\n|move|p1b: Zapdos|Thunderous Kick|p2a: Goodra\n|-supereffective|p2a: Goodra\n|-damage|p2a: Goodra|24\/100\n|-unboost|p2a: Goodra|def|1\n|-enditem|p2a: Goodra|Iapapa Berry|[eat]\n|-heal|p2a: Goodra|57\/100|[from] item: Iapapa Berry\n|move|p2a: Goodra|Body Press|p1b: Zapdos\n|-resisted|p1b: Zapdos\n|-damage|p1b: Zapdos|0 fnt\n|faint|p1b: Zapdos\n|\n|-weather|SunnyDay|[upkeep]\n|upkeep\n|\n|t:|1700203468\n|switch|p1b: Sinistcha|Sinistcha-Masterpiece, shiny|58\/100\n|-heal|p1a: Estonia|62\/100|[from] ability: Hospitality|[of] p1b: Sinistcha\n|turn|18\n|\n|t:|1700203495\n|move|p1b: Sinistcha|Nasty Plot|p1b: Sinistcha\n|-boost|p1b: Sinistcha|spa|2\n|move|p1a: Estonia|Rock Slide|p2a: Goodra\n|-resisted|p2a: Goodra\n|-damage|p2a: Goodra|53\/100\n|move|p2a: Goodra|Body Press|p1a: Estonia\n|-damage|p1a: Estonia|16\/100\n|\n|-weather|SunnyDay|[upkeep]\n|upkeep\n|turn|19\n|\n|t:|1700203508\n|move|p1b: Sinistcha|Nasty Plot|p1b: Sinistcha\n|-boost|p1b: Sinistcha|spa|2\n|move|p1a: Estonia|Rock Slide|p2a: Goodra\n|-resisted|p2a: Goodra\n|-damage|p2a: Goodra|49\/100\n|move|p2a: Goodra|Body Press|p1a: Estonia\n|-damage|p1a: Estonia|0 fnt\n|faint|p1a: Estonia\n|\n|-weather|SunnyDay|[upkeep]\n|upkeep\n|turn|20\n|\n|t:|1700203529\n|move|p1b: Sinistcha|Nasty Plot|p1b: Sinistcha\n|-boost|p1b: Sinistcha|spa|2\n|move|p2a: Goodra|Dragon Tail|p1b: Sinistcha\n|-damage|p1b: Sinistcha|34\/100\n|\n|-weather|SunnyDay|[upkeep]\n|upkeep\n|turn|21\n|\n|t:|1700203537\n|move|p1b: Sinistcha|Tera Blast|p2a: Goodra\n|-resisted|p2a: Goodra\n|-damage|p2a: Goodra|14\/100\n|-damage|p1b: Sinistcha|24\/100|[from] item: Life Orb\n|move|p2a: Goodra|Dragon Tail|p1b: Sinistcha\n|-damage|p1b: Sinistcha|0 fnt\n|faint|p1b: Sinistcha\n|\n|win|Elite.4.Challenger\n|raw|Capricoberry's rating: 1138 &rarr; <strong>1125<\/strong><br \/>(-13 for losing)\n|raw|Elite.4.Challenger's rating: 1322 &rarr; <strong>1332<\/strong><br \/>(+10 for winning)\n|c|\u2606Elite.4.Challenger|gg\n|l|\u2606Capricoberry\n|c| vegetasfeet|holy w\n|c|\u2606Elite.4.Challenger|insane comback\n|c| vegetasfeet|fr\n","uploadtime":1700203561,"views":8,"p1id":"capricoberry","p2id":"elite4challenger","formatid":"gen9doublesou","rating":1125,"private":0,"password":""}