{"id":"gen9doublesou-1979274028","p1":"TOXIC_A7","p2":"Faroos965","format":"[Gen 9] Doubles OU","log":"|j|\u2606TOXIC_A7\n|j|\u2606Faroos965\n|t:|1698664760\n|gametype|doubles\n|player|p1|TOXIC_A7|volo|1106\n|player|p2|Faroos965|pokekid|1053\n|teamsize|p1|6\n|teamsize|p2|6\n|gen|9\n|tier|[Gen 9] Doubles OU\n|rated|\n|rule|Species Clause: Limit one of each Pok\u00e9mon\n|rule|OHKO Clause: OHKO moves are banned\n|rule|Evasion Moves Clause: Evasion moves are banned\n|rule|Gravity Sleep Clause: The combination of sleep-inducing moves with imperfect accuracy and Gravity or Gigantamax Orbeetle are banned\n|rule|Endless Battle Clause: Forcing endless battles is banned\n|rule|HP Percentage Mod: HP is shown in percentages\n|clearpoke\n|poke|p1|Ting-Lu|\n|poke|p1|Iron Hands|\n|poke|p1|Orthworm, F|\n|poke|p1|Slowking-Galar, F|\n|poke|p1|Glimmora, M|\n|poke|p1|Diancie|\n|poke|p2|Azumarill, M|\n|poke|p2|Oranguru, M|\n|poke|p2|Gholdengo|\n|poke|p2|Amoonguss, M|\n|poke|p2|Ursaluna-Bloodmoon, M|\n|poke|p2|Tornadus, M|\n|teampreview\n|\n|t:|1698664767\n|start\n|switch|p1a: Glimmora|Glimmora, M, shiny|100\/100\n|switch|p1b: Diancie|Diancie, shiny|100\/100\n|switch|p2a: ArmedBunny|Azumarill, M, shiny|100\/100\n|switch|p2b: MoneyKey|Oranguru, M|100\/100\n|-item|p1a: Glimmora|Air Balloon\n|turn|1\n|\n|t:|1698664787\n|move|p1a: Glimmora|Spikes|p2b: MoneyKey\n|-sidestart|p2: Faroos965|Spikes\n|move|p2b: MoneyKey|Light Screen|p2b: MoneyKey\n|-sidestart|p2: Faroos965|move: Light Screen\n|move|p2a: ArmedBunny|Belly Drum|p2a: ArmedBunny\n|-damage|p2a: ArmedBunny|50\/100\n|-setboost|p2a: ArmedBunny|atk|6|[from] move: Belly Drum\n|-enditem|p2a: ArmedBunny|Sitrus Berry|[eat]\n|-heal|p2a: ArmedBunny|75\/100|[from] item: Sitrus Berry\n|-activate|p2b: MoneyKey|ability: Symbiosis|Mystic Water|[of] p2a: ArmedBunny\n|move|p1b: Diancie|Stealth Rock|p2a: ArmedBunny\n|-sidestart|p2: Faroos965|move: Stealth Rock\n|\n|upkeep\n|turn|2\n|\n|t:|1698664809\n|move|p2a: ArmedBunny|Aqua Jet|p1b: Diancie\n|-supereffective|p1b: Diancie\n|-damage|p1b: Diancie|0 fnt\n|faint|p1b: Diancie\n|move|p1a: Glimmora|Spikes|p2a: ArmedBunny\n|-sidestart|p2: Faroos965|Spikes\n|move|p2b: MoneyKey|Instruct|p2a: ArmedBunny\n|-singleturn|p2a: ArmedBunny|move: Instruct|[of] p2b: MoneyKey\n|move|p2a: ArmedBunny|Aqua Jet|p1a: Glimmora\n|-supereffective|p1a: Glimmora\n|-damage|p1a: Glimmora|0 fnt\n|-activate|p1a: Glimmora|ability: Toxic Debris\n|-sidestart|p2: Faroos965|move: Toxic Spikes\n|-enditem|p1a: Glimmora|Air Balloon\n|faint|p1a: Glimmora\n|\n|upkeep\n|\n|t:|1698664821\n|switch|p1a: Ting-Lu|Ting-Lu|100\/100\n|switch|p1b: Iron Hands|Iron Hands, shiny|100\/100\n|-ability|p1a: Ting-Lu|Vessel of Ruin\n|turn|3\n|\n|t:|1698664850\n|move|p1a: Ting-Lu|Protect|p1a: Ting-Lu\n|-singleturn|p1a: Ting-Lu|Protect\n|move|p2a: ArmedBunny|Aqua Jet|p1a: Ting-Lu\n|-activate|p1a: Ting-Lu|move: Protect\n|move|p2b: MoneyKey|Instruct|p2a: ArmedBunny\n|-singleturn|p2a: ArmedBunny|move: Instruct|[of] p2b: MoneyKey\n|move|p2a: ArmedBunny|Aqua Jet|p1a: Ting-Lu\n|-activate|p1a: Ting-Lu|move: Protect\n|move|p1b: Iron Hands|Whirlwind|p2a: ArmedBunny\n|drag|p2a: Tornado Cycle|Tornadus, M, shiny|100\/100\n|-damage|p2a: Tornado Cycle|75\/100|[from] Stealth Rock\n|\n|upkeep\n|turn|4\n|\n|t:|1698664871\n|switch|p2b: Lycanroc's Brother|Ursaluna-Bloodmoon, M|100\/100\n|-damage|p2b: Lycanroc's Brother|84\/100|[from] Spikes\n|-damage|p2b: Lycanroc's Brother|78\/100|[from] Stealth Rock\n|-status|p2b: Lycanroc's Brother|psn\n|move|p2a: Tornado Cycle|Tailwind|p2a: Tornado Cycle\n|-sidestart|p2: Faroos965|move: Tailwind\n|move|p1b: Iron Hands|Whirlwind|p2a: Tornado Cycle\n|drag|p2a: ArmedBunny|Azumarill, M, shiny|75\/100\n|-damage|p2a: ArmedBunny|59\/100|[from] Spikes\n|-damage|p2a: ArmedBunny|47\/100|[from] Stealth Rock\n|-status|p2a: ArmedBunny|psn\n|move|p1a: Ting-Lu|Whirlwind|p2b: Lycanroc's Brother\n|drag|p2b: Tornado Cycle|Tornadus, M, shiny|75\/100\n|-damage|p2b: Tornado Cycle|50\/100|[from] Stealth Rock\n|\n|-damage|p2a: ArmedBunny|34\/100 psn|[from] psn\n|upkeep\n|turn|5\n|\n|t:|1698664905\n|move|p2b: Tornado Cycle|Icy Wind|p1b: Iron Hands|[spread] p1a,p1b\n|-supereffective|p1a: Ting-Lu\n|-crit|p1b: Iron Hands\n|-damage|p1a: Ting-Lu|87\/100\n|-damage|p1b: Iron Hands|89\/100\n|-unboost|p1a: Ting-Lu|spe|1\n|-unboost|p1b: Iron Hands|spe|1\n|move|p2a: ArmedBunny|Play Rough|p1b: Iron Hands\n|-supereffective|p1b: Iron Hands\n|-damage|p1b: Iron Hands|26\/100\n|move|p1b: Iron Hands|Whirlwind|p2a: ArmedBunny\n|drag|p2a: SussyGussy|Amoonguss, M, shiny|100\/100\n|-damage|p2a: SussyGussy|84\/100|[from] Spikes\n|-damage|p2a: SussyGussy|71\/100|[from] Stealth Rock\n|-sideend|p2: Faroos965|move: Toxic Spikes|[of] p2a: SussyGussy\n|move|p1a: Ting-Lu|Whirlwind|p2b: Tornado Cycle\n|drag|p2b: ArmedBunny|Azumarill, M, shiny|34\/100 psn\n|-damage|p2b: ArmedBunny|18\/100 psn|[from] Spikes\n|-damage|p2b: ArmedBunny|5\/100 psn|[from] Stealth Rock\n|\n|-heal|p2a: SussyGussy|78\/100|[from] item: Black Sludge\n|-heal|p1b: Iron Hands|32\/100|[from] item: Leftovers\n|-heal|p1a: Ting-Lu|93\/100|[from] item: Leftovers\n|-damage|p2b: ArmedBunny|0 fnt|[from] psn\n|faint|p2b: ArmedBunny\n|-sideend|p2: Faroos965|move: Light Screen\n|upkeep\n|\n|t:|1698664935\n|switch|p2b: Lycanroc's Brother|Ursaluna-Bloodmoon, M|78\/100 psn\n|-damage|p2b: Lycanroc's Brother|61\/100 psn|[from] Spikes\n|-damage|p2b: Lycanroc's Brother|55\/100 psn|[from] Stealth Rock\n|turn|6\n|\n|t:|1698664962\n|move|p2b: Lycanroc's Brother|Moonblast|p1b: Iron Hands\n|-supereffective|p1b: Iron Hands\n|-damage|p1b: Iron Hands|0 fnt\n|faint|p1b: Iron Hands\n|-end|p1b: Iron Hands|Quark Drive|[silent]\n|-damage|p2b: Lycanroc's Brother|45\/100 psn|[from] item: Life Orb\n|move|p2a: SussyGussy|Pollen Puff|p2b: Lycanroc's Brother\n|-heal|p2b: Lycanroc's Brother|95\/100 psn\n|move|p1a: Ting-Lu|Body Press|p2b: Lycanroc's Brother\n|-supereffective|p2b: Lycanroc's Brother\n|-damage|p2b: Lycanroc's Brother|52\/100 psn\n|\n|-heal|p2a: SussyGussy|84\/100|[from] item: Black Sludge\n|-heal|p1a: Ting-Lu|99\/100|[from] item: Leftovers\n|-damage|p2b: Lycanroc's Brother|39\/100 psn|[from] psn\n|upkeep\n|\n|t:|1698664987\n|switch|p1b: Orthworm|Orthworm, F, shiny|100\/100\n|turn|7\n|\n|t:|1698665017\n|move|p2b: Lycanroc's Brother|Moonblast|p1a: Ting-Lu\n|-supereffective|p1a: Ting-Lu\n|-damage|p1a: Ting-Lu|48\/100\n|-damage|p2b: Lycanroc's Brother|29\/100 psn|[from] item: Life Orb\n|move|p2a: SussyGussy|Pollen Puff|p2b: Lycanroc's Brother\n|-heal|p2b: Lycanroc's Brother|79\/100 psn\n|move|p1b: Orthworm|Iron Head|p2b: Lycanroc's Brother\n|-damage|p2b: Lycanroc's Brother|58\/100 psn\n|move|p1a: Ting-Lu|Body Press|p2b: Lycanroc's Brother\n|-supereffective|p2b: Lycanroc's Brother\n|-damage|p2b: Lycanroc's Brother|17\/100 psn\n|\n|-heal|p2a: SussyGussy|90\/100|[from] item: Black Sludge\n|-heal|p1a: Ting-Lu|54\/100|[from] item: Leftovers\n|-damage|p2b: Lycanroc's Brother|5\/100 psn|[from] psn\n|-sideend|p2: Faroos965|move: Tailwind\n|upkeep\n|turn|8\n|\n|t:|1698665057\n|move|p2a: SussyGussy|Rage Powder|p2a: SussyGussy\n|-singleturn|p2a: SussyGussy|move: Rage Powder\n|move|p2b: Lycanroc's Brother|Earth Power|p1b: Orthworm\n|-immune|p1b: Orthworm|[from] ability: Earth Eater\n|move|p1b: Orthworm|Rock Slide|p2b: Lycanroc's Brother|[spread] p2a,p2b\n|-resisted|p2b: Lycanroc's Brother\n|-damage|p2a: SussyGussy|82\/100\n|-damage|p2b: Lycanroc's Brother|0 fnt\n|faint|p2b: Lycanroc's Brother\n|move|p1a: Ting-Lu|Body Press|p2a: SussyGussy\n|-resisted|p2a: SussyGussy\n|-damage|p2a: SussyGussy|72\/100\n|\n|-heal|p2a: SussyGussy|79\/100|[from] item: Black Sludge\n|-heal|p1a: Ting-Lu|60\/100|[from] item: Leftovers\n|upkeep\n|\n|t:|1698665078\n|switch|p2b: RichGetRicher|Gholdengo|100\/100\n|-damage|p2b: RichGetRicher|84\/100|[from] Spikes\n|-damage|p2b: RichGetRicher|78\/100|[from] Stealth Rock\n|turn|9\n|\n|t:|1698665109\n|switch|p1a: Slowking|Slowking-Galar, F, shiny|100\/100\n|move|p2a: SussyGussy|Rage Powder|p2a: SussyGussy\n|-singleturn|p2a: SussyGussy|move: Rage Powder\n|move|p2b: RichGetRicher|Make It Rain|p1a: Slowking|[spread] p1a,p1b\n|-resisted|p1b: Orthworm\n|-damage|p1a: Slowking|61\/100\n|-damage|p1b: Orthworm|74\/100\n|-unboost|p2b: RichGetRicher|spa|1\n|move|p1b: Orthworm|Shed Tail|p1b: Orthworm\n|-start|p1b: Orthworm|Substitute|[from] move: Shed Tail\n|-damage|p1b: Orthworm|24\/100\n|\n|t:|1698665124\n|switch|p1b: Ting-Lu|Ting-Lu|60\/100|[from] Shed Tail\n|-ability|p1b: Ting-Lu|Vessel of Ruin\n|\n|-heal|p1b: Ting-Lu|67\/100|[from] item: Leftovers\n|-heal|p2a: SussyGussy|85\/100|[from] item: Black Sludge\n|upkeep\n|turn|10\n|\n|t:|1698665183\n|switch|p2b: Tornado Cycle|Tornadus, M, shiny|50\/100\n|-damage|p2b: Tornado Cycle|25\/100|[from] Stealth Rock\n|-enditem|p2b: Tornado Cycle|Aguav Berry|[eat]\n|-heal|p2b: Tornado Cycle|59\/100|[from] item: Aguav Berry\n|move|p1b: Ting-Lu|Protect|p1b: Ting-Lu\n|-singleturn|p1b: Ting-Lu|Protect\n|move|p2a: SussyGussy|Spore|p1a: Slowking\n|-status|p1a: Slowking|slp|[from] move: Spore\n|cant|p1a: Slowking|slp\n|\n|-heal|p1b: Ting-Lu|73\/100|[from] item: Leftovers\n|-heal|p2a: SussyGussy|91\/100|[from] item: Black Sludge\n|upkeep\n|turn|11\n|\n|t:|1698665231\n|move|p2b: Tornado Cycle|Dark Pulse|p1a: Slowking\n|-supereffective|p1a: Slowking\n|-damage|p1a: Slowking|31\/100 slp\n|-curestatus|p1a: Slowking|slp|[msg]\n|move|p1a: Slowking|Slack Off|p1a: Slowking\n|-heal|p1a: Slowking|81\/100\n|move|p2a: SussyGussy|Pollen Puff|p2b: Tornado Cycle\n|-heal|p2b: Tornado Cycle|100\/100\n|move|p1b: Ting-Lu|Whirlwind|p2a: SussyGussy\n|drag|p2a: MoneyKey|Oranguru, M|100\/100\n|-damage|p2a: MoneyKey|84\/100|[from] Spikes\n|-damage|p2a: MoneyKey|71\/100|[from] Stealth Rock\n|\n|-heal|p1b: Ting-Lu|79\/100|[from] item: Leftovers\n|upkeep\n|turn|12\n|\n|t:|1698665261\n|move|p2b: Tornado Cycle|Dark Pulse|p1a: Slowking\n|-supereffective|p1a: Slowking\n|-damage|p1a: Slowking|49\/100\n|move|p2a: MoneyKey|Instruct|p2b: Tornado Cycle\n|-singleturn|p2b: Tornado Cycle|move: Instruct|[of] p2a: MoneyKey\n|move|p2b: Tornado Cycle|Dark Pulse|p1a: Slowking\n|-supereffective|p1a: Slowking\n|-damage|p1a: Slowking|17\/100\n|cant|p1a: Slowking|flinch\n|move|p1b: Ting-Lu|Whirlwind|p2b: Tornado Cycle\n|drag|p2b: RichGetRicher|Gholdengo|78\/100\n|-damage|p2b: RichGetRicher|62\/100|[from] Spikes\n|-damage|p2b: RichGetRicher|56\/100|[from] Stealth Rock\n|\n|-heal|p1b: Ting-Lu|85\/100|[from] item: Leftovers\n|upkeep\n|turn|13\n|\n|t:|1698665305\n|move|p2b: RichGetRicher|Make It Rain|p1b: Ting-Lu|[spread] p1a,p1b\n|-end|p1b: Ting-Lu|Substitute\n|-damage|p1a: Slowking|0 fnt\n|-unboost|p2b: RichGetRicher|spa|1\n|faint|p1a: Slowking\n|move|p2a: MoneyKey|Instruct|p2b: RichGetRicher\n|-immune|p2b: RichGetRicher|[from] ability: Good as Gold\n|move|p1b: Ting-Lu|Throat Chop|p2b: RichGetRicher\n|-supereffective|p2b: RichGetRicher\n|-damage|p2b: RichGetRicher|0 fnt\n|faint|p2b: RichGetRicher\n|\n|-heal|p1b: Ting-Lu|91\/100|[from] item: Leftovers\n|upkeep\n|\n|t:|1698665344\n|switch|p2b: Tornado Cycle|Tornadus, M, shiny|100\/100\n|switch|p1a: Orthworm|Orthworm, F, shiny|24\/100\n|-damage|p2b: Tornado Cycle|75\/100|[from] Stealth Rock\n|turn|14\n|\n|t:|1698665380\n|move|p2b: Tornado Cycle|Dark Pulse|p1a: Orthworm\n|-damage|p1a: Orthworm|4\/100\n|move|p1a: Orthworm|Rock Slide|p2b: Tornado Cycle|[spread] p2a,p2b\n|-supereffective|p2b: Tornado Cycle\n|-damage|p2a: MoneyKey|64\/100\n|-damage|p2b: Tornado Cycle|40\/100\n|move|p2a: MoneyKey|Reflect|p2a: MoneyKey\n|-sidestart|p2: Faroos965|Reflect\n|move|p1b: Ting-Lu|Throat Chop|p2b: Tornado Cycle\n|-damage|p2b: Tornado Cycle|12\/100\n|-start|p2b: Tornado Cycle|Throat Chop|[silent]\n|\n|-heal|p1b: Ting-Lu|97\/100|[from] item: Leftovers\n|upkeep\n|turn|15\n|inactive|Battle timer is ON: inactive players will automatically lose when time's up. (requested by Faroos965)\n|\n|t:|1698665403\n|move|p1a: Orthworm|Protect|p1a: Orthworm\n|-singleturn|p1a: Orthworm|Protect\n|move|p2b: Tornado Cycle|Icy Wind|p1b: Ting-Lu|[spread] p1b\n|-activate|p1a: Orthworm|move: Protect\n|-supereffective|p1b: Ting-Lu\n|-damage|p1b: Ting-Lu|83\/100\n|-unboost|p1b: Ting-Lu|spe|1\n|move|p2a: MoneyKey|Instruct|p2b: Tornado Cycle\n|-singleturn|p2b: Tornado Cycle|move: Instruct|[of] p2a: MoneyKey\n|move|p2b: Tornado Cycle|Icy Wind|p1a: Orthworm|[spread] p1b\n|-activate|p1a: Orthworm|move: Protect\n|-supereffective|p1b: Ting-Lu\n|-damage|p1b: Ting-Lu|71\/100\n|-unboost|p1b: Ting-Lu|spe|1\n|move|p1b: Ting-Lu|Throat Chop|p2b: Tornado Cycle\n|-damage|p2b: Tornado Cycle|0 fnt\n|faint|p2b: Tornado Cycle\n|\n|-heal|p1b: Ting-Lu|77\/100|[from] item: Leftovers\n|upkeep\n|\n|t:|1698665420\n|switch|p2b: SussyGussy|Amoonguss, M, shiny|100\/100\n|-damage|p2b: SussyGussy|84\/100|[from] Spikes\n|-damage|p2b: SussyGussy|71\/100|[from] Stealth Rock\n|turn|16\n|\n|t:|1698665438\n|-terastallize|p1b: Ting-Lu|Ghost\n|move|p1a: Orthworm|Rock Slide|p2a: MoneyKey|[spread] p2a,p2b\n|-crit|p2a: MoneyKey\n|-damage|p2a: MoneyKey|52\/100\n|-damage|p2b: SussyGussy|66\/100\n|move|p2a: MoneyKey|Instruct||[still]\n|-fail|p2a: MoneyKey\n|move|p2b: SussyGussy|Pollen Puff|p1a: Orthworm\n|-resisted|p1a: Orthworm\n|-damage|p1a: Orthworm|0 fnt\n|faint|p1a: Orthworm\n|move|p1b: Ting-Lu|Throat Chop|p2a: MoneyKey\n|-supereffective|p2a: MoneyKey\n|-damage|p2a: MoneyKey|23\/100\n|-start|p2a: MoneyKey|Throat Chop|[silent]\n|\n|-heal|p2b: SussyGussy|72\/100|[from] item: Black Sludge\n|-heal|p1b: Ting-Lu|83\/100|[from] item: Leftovers\n|upkeep\n|turn|17\n|\n|t:|1698665457\n|move|p2a: MoneyKey|Protect|p2a: MoneyKey\n|-singleturn|p2a: MoneyKey|Protect\n|move|p1b: Ting-Lu|Protect|p1b: Ting-Lu\n|-singleturn|p1b: Ting-Lu|Protect\n|move|p2b: SussyGussy|Pollen Puff|p1b: Ting-Lu\n|-activate|p1b: Ting-Lu|move: Protect\n|\n|-heal|p2b: SussyGussy|79\/100|[from] item: Black Sludge\n|-heal|p1b: Ting-Lu|89\/100|[from] item: Leftovers\n|-end|p2a: MoneyKey|Throat Chop|[silent]\n|upkeep\n|turn|18\n|\n|t:|1698665480\n|move|p2a: MoneyKey|Reflect||[still]\n|-fail|p2a: MoneyKey\n|move|p2b: SussyGussy|Pollen Puff|p1b: Ting-Lu\n|-resisted|p1b: Ting-Lu\n|-damage|p1b: Ting-Lu|85\/100\n|move|p1b: Ting-Lu|Throat Chop|p2a: MoneyKey\n|-supereffective|p2a: MoneyKey\n|-damage|p2a: MoneyKey|0 fnt\n|faint|p2a: MoneyKey\n|\n|-heal|p2b: SussyGussy|85\/100|[from] item: Black Sludge\n|-heal|p1b: Ting-Lu|91\/100|[from] item: Leftovers\n|-sideend|p2: Faroos965|Reflect\n|upkeep\n|turn|19\n|\n|t:|1698665496\n|move|p2b: SussyGussy|Pollen Puff|p1b: Ting-Lu\n|-resisted|p1b: Ting-Lu\n|-damage|p1b: Ting-Lu|86\/100\n|move|p1b: Ting-Lu|Throat Chop|p2b: SussyGussy\n|-damage|p2b: SussyGussy|63\/100\n|-start|p2b: SussyGussy|Throat Chop|[silent]\n|\n|-heal|p2b: SussyGussy|69\/100|[from] item: Black Sludge\n|-heal|p1b: Ting-Lu|92\/100|[from] item: Leftovers\n|upkeep\n|turn|20\n|\n|t:|1698665505\n|move|p2b: SussyGussy|Spore|p1b: Ting-Lu\n|-status|p1b: Ting-Lu|slp|[from] move: Spore\n|cant|p1b: Ting-Lu|slp\n|\n|-heal|p2b: SussyGussy|75\/100|[from] item: Black Sludge\n|-heal|p1b: Ting-Lu|99\/100 slp|[from] item: Leftovers\n|-end|p2b: SussyGussy|Throat Chop|[silent]\n|upkeep\n|turn|21\n|\n|t:|1698665514\n|move|p2b: SussyGussy|Pollen Puff|p1b: Ting-Lu\n|-resisted|p1b: Ting-Lu\n|-damage|p1b: Ting-Lu|94\/100 slp\n|cant|p1b: Ting-Lu|slp\n|\n|-heal|p2b: SussyGussy|81\/100|[from] item: Black Sludge\n|-heal|p1b: Ting-Lu|99\/100 slp|[from] item: Leftovers\n|upkeep\n|turn|22\n|c|\u2606Faroos965|ok bro this isnt ending\n|c|\u2606Faroos965|ff\n|\n|t:|1698665533\n|move|p2b: SussyGussy|Pollen Puff|p1b: Ting-Lu\n|-resisted|p1b: Ting-Lu\n|-crit|p1b: Ting-Lu\n|-damage|p1b: Ting-Lu|93\/100 slp\n|cant|p1b: Ting-Lu|slp\n|\n|-heal|p2b: SussyGussy|88\/100|[from] item: Black Sludge\n|-heal|p1b: Ting-Lu|99\/100 slp|[from] item: Leftovers\n|upkeep\n|turn|23\n|\n|t:|1698665547\n|move|p2b: SussyGussy|Clear Smog|p1b: Ting-Lu\n|-resisted|p1b: Ting-Lu\n|-damage|p1b: Ting-Lu|95\/100 slp\n|-clearboost|p1b: Ting-Lu\n|-curestatus|p1b: Ting-Lu|slp|[msg]\n|move|p1b: Ting-Lu|Throat Chop|p2b: SussyGussy\n|-damage|p2b: SussyGussy|68\/100\n|-start|p2b: SussyGussy|Throat Chop|[silent]\n|\n|-heal|p1b: Ting-Lu|100\/100|[from] item: Leftovers\n|-heal|p2b: SussyGussy|74\/100|[from] item: Black Sludge\n|upkeep\n|turn|24\n|-message|Faroos965 forfeited.\n|\n|win|TOXIC_A7\n|raw|TOXIC_A7's rating: 1106 &rarr; <strong>1127<\/strong><br \/>(+21 for winning)\n|raw|Faroos965's rating: 1053 &rarr; <strong>1038<\/strong><br \/>(-15 for losing)\n|l|\u2606Faroos965\n","uploadtime":1698665563,"views":25,"p1id":"toxica7","p2id":"faroos965","formatid":"gen9doublesou","rating":1038,"private":0,"password":""}