{"id":"gen9doublesou-1995372114","p1":"darkrai4l","p2":"Todaisal","format":"[Gen 9] Doubles OU","log":"|j|\u2606darkrai4l\n|j|\u2606Todaisal\n|t:|1700561595\n|gametype|doubles\n|player|p1|darkrai4l|266|1227\n|player|p2|Todaisal|ethan|1270\n|teamsize|p1|6\n|teamsize|p2|6\n|gen|9\n|tier|[Gen 9] Doubles OU\n|rated|\n|rule|Species Clause: Limit one of each Pok\u00e9mon\n|rule|OHKO Clause: OHKO moves are banned\n|rule|Evasion Moves Clause: Evasion moves are banned\n|rule|Gravity Sleep Clause: The combination of sleep-inducing moves with imperfect accuracy and Gravity or Gigantamax Orbeetle are banned\n|rule|Endless Battle Clause: Forcing endless battles is banned\n|rule|HP Percentage Mod: HP is shown in percentages\n|clearpoke\n|poke|p1|Ribombee, F|\n|poke|p1|Crawdaunt, M|\n|poke|p1|Iron Hands|\n|poke|p1|Gholdengo|\n|poke|p1|Arcanine-Hisui, M|\n|poke|p1|Hoopa-Unbound|\n|poke|p2|Oricorio-Pom-Pom, M|\n|poke|p2|Volcarona, M|\n|poke|p2|Sinistcha|\n|poke|p2|Lilligant-Hisui, F|\n|poke|p2|Krookodile, M|\n|poke|p2|Ninetales, F|\n|teampreview\n|inactive|Battle timer is ON: inactive players will automatically lose when time's up. (requested by darkrai4l)\n|inactive|Todaisal has 120 seconds left.\n|\n|t:|1700561644\n|start\n|switch|p1a: Ribombee|Ribombee, F|100\/100\n|switch|p1b: Arcanine|Arcanine-Hisui, M|100\/100\n|switch|p2a: Oricorio|Oricorio-Pom-Pom, M|100\/100\n|switch|p2b: Volcarona|Volcarona, M|100\/100\n|-ability|p1b: Arcanine|Intimidate|boost\n|-unboost|p2a: Oricorio|atk|1\n|-unboost|p2b: Volcarona|atk|1\n|turn|1\n|\n|t:|1700561661\n|switch|p2b: Krookodile|Krookodile, M|100\/100\n|-ability|p2b: Krookodile|Intimidate|boost\n|-unboost|p1a: Ribombee|atk|1\n|-unboost|p1b: Arcanine|atk|1\n|move|p1a: Ribombee|Sticky Web|p2b: Krookodile\n|-sidestart|p2: Todaisal|move: Sticky Web\n|move|p1b: Arcanine|Rock Slide|p2b: Krookodile|[spread] p2a,p2b\n|-supereffective|p2a: Oricorio\n|-resisted|p2b: Krookodile\n|-damage|p2a: Oricorio|37\/100\n|-damage|p2b: Krookodile|83\/100\n|move|p2a: Oricorio|Quiver Dance|p2a: Oricorio\n|-boost|p2a: Oricorio|spa|1\n|-boost|p2a: Oricorio|spd|1\n|-boost|p2a: Oricorio|spe|1\n|\n|-heal|p2a: Oricorio|43\/100|[from] item: Leftovers\n|upkeep\n|turn|2\n|inactive|darkrai4l has 120 seconds left.\n|\n|t:|1700561699\n|switch|p1b: Crawdaunt|Crawdaunt, M|100\/100\n|move|p2a: Oricorio|Protect|p2a: Oricorio\n|-singleturn|p2a: Oricorio|Protect\n|move|p1a: Ribombee|Moonblast|p2b: Krookodile\n|-supereffective|p2b: Krookodile\n|-damage|p2b: Krookodile|28\/100\n|move|p2b: Krookodile|Earthquake|p1b: Crawdaunt|[spread] p1a,p1b\n|-activate|p2a: Oricorio|move: Protect\n|-resisted|p1a: Ribombee\n|-damage|p1a: Ribombee|71\/100\n|-damage|p1b: Crawdaunt|54\/100\n|\n|-heal|p2a: Oricorio|50\/100|[from] item: Leftovers\n|upkeep\n|turn|3\n|inactive|darkrai4l has 120 seconds left.\n|\n|t:|1700561733\n|switch|p2b: Sinistcha|Sinistcha|100\/100\n|-activate|p2b: Sinistcha|move: Sticky Web\n|-unboost|p2b: Sinistcha|spe|1\n|-heal|p2a: Oricorio|75\/100|[from] ability: Hospitality|[of] p2b: Sinistcha\n|move|p1b: Crawdaunt|Aqua Jet|p2a: Oricorio\n|-damage|p2a: Oricorio|26\/100\n|move|p1a: Ribombee|Tailwind|p1a: Ribombee\n|-sidestart|p1: darkrai4l|move: Tailwind\n|move|p2a: Oricorio|Revelation Dance|p1b: Crawdaunt\n|-supereffective|p1b: Crawdaunt\n|-damage|p1b: Crawdaunt|0 fnt\n|faint|p1b: Crawdaunt\n|\n|-heal|p2a: Oricorio|33\/100|[from] item: Leftovers\n|upkeep\n|inactive|darkrai4l has 90 seconds left.\n|\n|t:|1700561759\n|switch|p1b: Arcanine|Arcanine-Hisui, M|100\/100\n|-ability|p1b: Arcanine|Intimidate|boost\n|-unboost|p2a: Oricorio|atk|1\n|-unboost|p2b: Sinistcha|atk|1\n|turn|4\n|\n|t:|1700561780\n|-terastallize|p2b: Sinistcha|Fire\n|move|p2a: Oricorio|Protect|p2a: Oricorio\n|-singleturn|p2a: Oricorio|Protect\n|move|p1a: Ribombee|Moonblast|p2b: Sinistcha\n|-resisted|p2b: Sinistcha\n|-damage|p2b: Sinistcha|88\/100\n|move|p1b: Arcanine|Flare Blitz|p2b: Sinistcha\n|-resisted|p2b: Sinistcha\n|-damage|p2b: Sinistcha|42\/100\n|-damage|p1b: Arcanine|84\/100|[from] item: Rocky Helmet|[of] p2b: Sinistcha\n|-damage|p1b: Arcanine|69\/100|[from] Recoil\n|move|p2b: Sinistcha|Life Dew|p2b: Sinistcha|[spread] p2a,p2b\n|-heal|p2a: Oricorio|58\/100\n|-heal|p2b: Sinistcha|67\/100\n|\n|-heal|p2a: Oricorio|64\/100|[from] item: Leftovers\n|upkeep\n|turn|5\n|inactive|darkrai4l has 120 seconds left.\n|inactive|Todaisal has 120 seconds left.\n|\n|t:|1700561813\n|move|p2b: Sinistcha|Rage Powder|p2b: Sinistcha\n|-singleturn|p2b: Sinistcha|move: Rage Powder\n|move|p1a: Ribombee|Moonblast|p2b: Sinistcha\n|-resisted|p2b: Sinistcha\n|-damage|p2b: Sinistcha|53\/100\n|-unboost|p2b: Sinistcha|spa|1\n|move|p1b: Arcanine|Flare Blitz|p2b: Sinistcha\n|-resisted|p2b: Sinistcha\n|-damage|p2b: Sinistcha|11\/100\n|-damage|p1b: Arcanine|52\/100|[from] item: Rocky Helmet|[of] p2b: Sinistcha\n|-damage|p1b: Arcanine|38\/100|[from] Recoil\n|move|p2a: Oricorio|Quiver Dance|p2a: Oricorio\n|-boost|p2a: Oricorio|spa|1\n|-boost|p2a: Oricorio|spd|1\n|-boost|p2a: Oricorio|spe|1\n|\n|-heal|p2a: Oricorio|70\/100|[from] item: Leftovers\n|upkeep\n|turn|6\n|inactive|darkrai4l has 120 seconds left.\n|\n|t:|1700561835\n|move|p2a: Oricorio|Protect|p2a: Oricorio\n|-singleturn|p2a: Oricorio|Protect\n|move|p1a: Ribombee|Moonblast|p2b: Sinistcha\n|-resisted|p2b: Sinistcha\n|-damage|p2b: Sinistcha|0 fnt\n|faint|p2b: Sinistcha\n|move|p1b: Arcanine|Flare Blitz|p2a: Oricorio\n|-activate|p2a: Oricorio|move: Protect\n|\n|-heal|p2a: Oricorio|76\/100|[from] item: Leftovers\n|-sideend|p1: darkrai4l|move: Tailwind\n|upkeep\n|\n|t:|1700561849\n|switch|p2b: Volcarona|Volcarona, M|100\/100\n|turn|7\n|\n|t:|1700561865\n|switch|p1b: Iron Hands|Iron Hands|100\/100\n|move|p2a: Oricorio|Revelation Dance|p1b: Iron Hands\n|-resisted|p1b: Iron Hands\n|-damage|p1b: Iron Hands|86\/100\n|move|p1a: Ribombee|Tailwind|p1a: Ribombee\n|-sidestart|p1: darkrai4l|move: Tailwind\n|move|p2b: Volcarona|Fiery Dance|p1b: Iron Hands\n|-damage|p1b: Iron Hands|68\/100\n|-boost|p2b: Volcarona|spa|1\n|-activate|p2a: Oricorio|ability: Dancer\n|move|p2a: Oricorio|Fiery Dance|p1b: Iron Hands|[from]ability: Dancer\n|-damage|p1b: Iron Hands|50\/100\n|-boost|p2a: Oricorio|spa|1\n|\n|-heal|p2a: Oricorio|83\/100|[from] item: Leftovers\n|upkeep\n|turn|8\n|inactive|darkrai4l has 120 seconds left.\n|\n|t:|1700561924\n|move|p1b: Iron Hands|Fake Out|p2b: Volcarona\n|-damage|p2b: Volcarona|78\/100\n|move|p1a: Ribombee|Moonblast|p2b: Volcarona\n|-resisted|p2b: Volcarona\n|-damage|p2b: Volcarona|64\/100\n|-unboost|p2b: Volcarona|spa|1\n|move|p2a: Oricorio|Air Cutter|p1b: Iron Hands|[spread] p1a,p1b\n|-supereffective|p1a: Ribombee\n|-damage|p1a: Ribombee|0 fnt\n|-damage|p1b: Iron Hands|29\/100\n|faint|p1a: Ribombee\n|cant|p2b: Volcarona|flinch\n|\n|-heal|p2a: Oricorio|89\/100|[from] item: Leftovers\n|upkeep\n|inactive|darkrai4l has 90 seconds left.\n|\n|t:|1700561944\n|switch|p1a: Hoopa|Hoopa-Unbound|100\/100\n|turn|9\n|\n|t:|1700561959\n|-terastallize|p1a: Hoopa|Poison\n|move|p1a: Hoopa|Gunk Shot|p2b: Volcarona\n|-damage|p2b: Volcarona|0 fnt\n|faint|p2b: Volcarona\n|move|p2a: Oricorio|Air Cutter|p1a: Hoopa|[spread] p1a,p1b\n|-crit|p1a: Hoopa\n|-damage|p1a: Hoopa|53\/100\n|-damage|p1b: Iron Hands|11\/100\n|move|p1b: Iron Hands|Ice Punch|p2a: Oricorio\n|-supereffective|p2a: Oricorio\n|-damage|p2a: Oricorio|28\/100\n|\n|-heal|p2a: Oricorio|35\/100|[from] item: Leftovers\n|upkeep\n|\n|t:|1700561968\n|switch|p2b: Krookodile|Krookodile, M|28\/100\n|-activate|p2b: Krookodile|move: Sticky Web\n|-unboost|p2b: Krookodile|spe|1\n|-ability|p2b: Krookodile|Intimidate|boost\n|-unboost|p1a: Hoopa|atk|1\n|-unboost|p1b: Iron Hands|atk|1\n|turn|10\n|inactive|darkrai4l has 120 seconds left.\n|\n|t:|1700561981\n|move|p2a: Oricorio|Protect|p2a: Oricorio\n|-singleturn|p2a: Oricorio|Protect\n|move|p1a: Hoopa|Gunk Shot|p2a: Oricorio\n|-activate|p2a: Oricorio|move: Protect\n|move|p1b: Iron Hands|Ice Punch|p2a: Oricorio\n|-activate|p2a: Oricorio|move: Protect\n|move|p2b: Krookodile|Earthquake|p1a: Hoopa|[spread] p1a,p1b\n|-activate|p2a: Oricorio|move: Protect\n|-supereffective|p1a: Hoopa\n|-supereffective|p1b: Iron Hands\n|-damage|p1a: Hoopa|0 fnt\n|-damage|p1b: Iron Hands|0 fnt\n|faint|p1a: Hoopa\n|faint|p1b: Iron Hands\n|-end|p1b: Iron Hands|Quark Drive|[silent]\n|\n|-heal|p2a: Oricorio|41\/100|[from] item: Leftovers\n|-sideend|p1: darkrai4l|move: Tailwind\n|upkeep\n|\n|t:|1700561999\n|switch|p1a: Gholdengo|Gholdengo|100\/100\n|switch|p1b: Arcanine|Arcanine-Hisui, M|38\/100\n|-ability|p1b: Arcanine|Intimidate|boost\n|-unboost|p2a: Oricorio|atk|1\n|-unboost|p2b: Krookodile|atk|1\n|turn|11\n|inactive|darkrai4l has 120 seconds left.\n|\n|t:|1700562017\n|move|p2a: Oricorio|Revelation Dance|p1b: Arcanine\n|-damage|p1b: Arcanine|0 fnt\n|faint|p1b: Arcanine\n|move|p1a: Gholdengo|Dazzling Gleam|p2a: Oricorio|[spread] p2a,p2b\n|-supereffective|p2b: Krookodile\n|-damage|p2a: Oricorio|25\/100\n|-damage|p2b: Krookodile|0 fnt\n|faint|p2b: Krookodile\n|-damage|p1a: Gholdengo|91\/100|[from] item: Life Orb\n|\n|-heal|p2a: Oricorio|32\/100|[from] item: Leftovers\n|upkeep\n|\n|t:|1700562029\n|switch|p2b: Ninetales|Ninetales, F|100\/100\n|-activate|p2b: Ninetales|move: Sticky Web\n|-unboost|p2b: Ninetales|spe|1\n|-weather|SunnyDay|[from] ability: Drought|[of] p2b: Ninetales\n|turn|12\n|\n|t:|1700562037\n|move|p2a: Oricorio|Revelation Dance|p1a: Gholdengo\n|-damage|p1a: Gholdengo|5\/100\n|move|p1a: Gholdengo|Shadow Ball|p2b: Ninetales\n|-damage|p2b: Ninetales|43\/100\n|-damage|p1a: Gholdengo|0 fnt|[from] item: Life Orb\n|faint|p1a: Gholdengo\n|\n|win|Todaisal\n|raw|darkrai4l's rating: 1227 &rarr; <strong>1205<\/strong><br \/>(-22 for losing)\n|raw|Todaisal's rating: 1270 &rarr; <strong>1292<\/strong><br \/>(+22 for winning)\n|l|\u2606darkrai4l\n","uploadtime":1700562053,"views":8,"p1id":"darkrai4l","p2id":"todaisal","formatid":"gen9doublesou","rating":1205,"private":0,"password":""}