{"id":"gen9doublesou-2000352666","p1":"Spcplayzz","p2":"Pratik2007","format":"[Gen 9] Doubles OU","log":"|j|\u2606Spcplayzz\n|j|\u2606Pratik2007\n|t:|1701187549\n|gametype|doubles\n|player|p1|Spcplayzz|266|\n|player|p2|Pratik2007|n|\n|teamsize|p1|6\n|teamsize|p2|6\n|gen|9\n|tier|[Gen 9] Doubles OU\n|rule|Species Clause: Limit one of each Pok\u00e9mon\n|rule|OHKO Clause: OHKO moves are banned\n|rule|Evasion Moves Clause: Evasion moves are banned\n|rule|Gravity Sleep Clause: The combination of sleep-inducing moves with imperfect accuracy and Gravity or Gigantamax Orbeetle are banned\n|rule|Endless Battle Clause: Forcing endless battles is banned\n|rule|HP Percentage Mod: HP is shown in percentages\n|clearpoke\n|poke|p1|Baxcalibur, M|\n|poke|p1|Ninetales-Alola, M|\n|poke|p1|Kommo-o, M|\n|poke|p1|Volcanion|\n|poke|p1|Rillaboom, F|\n|poke|p1|Landorus-Therian, M|\n|poke|p2|Cresselia, F|\n|poke|p2|Diancie|\n|poke|p2|Indeedee-F, F|\n|poke|p2|Armarouge, F|\n|poke|p2|Ursaluna, M|\n|poke|p2|Conkeldurr, M|\n|teampreview\n|inactive|Battle timer is ON: inactive players will automatically lose when time's up. (requested by Spcplayzz)\n|j| AIRedzone\n|inactive|Spcplayzz has 270 seconds left.\n|inactive|Pratik2007 has 270 seconds left.\n|\n|t:|1701187596\n|start\n|switch|p1a: Volcanion|Volcanion|100\/100\n|switch|p1b: Rillaboom|Rillaboom, F, shiny|100\/100\n|switch|p2a: Cresselia|Cresselia, F|100\/100\n|switch|p2b: Diancie|Diancie|100\/100\n|-fieldstart|move: Grassy Terrain|[from] ability: Grassy Surge|[of] p1b: Rillaboom\n|turn|1\n|inactive|Pratik2007 has 270 seconds left.\n|\n|t:|1701187627\n|switch|p2a: Indeedee|Indeedee-F, F|100\/100\n|-fieldstart|move: Psychic Terrain|[from] ability: Psychic Surge|[of] p2a: Indeedee\n|-terastallize|p2b: Diancie|Grass\n|move|p1b: Rillaboom|Wood Hammer|p2a: Indeedee\n|-damage|p2a: Indeedee|5\/100\n|-damage|p1b: Rillaboom|74\/100|[from] Recoil\n|move|p1a: Volcanion|Steam Eruption|p2a: Indeedee\n|-damage|p2a: Indeedee|0 fnt\n|faint|p2a: Indeedee\n|move|p2b: Diancie|Diamond Storm|p1a: Volcanion|[spread] p1a,p1b\n|-supereffective|p1a: Volcanion\n|-crit|p1a: Volcanion\n|-damage|p1a: Volcanion|34\/100\n|-damage|p1b: Rillaboom|50\/100\n|-boost|p2b: Diancie|def|2\n|\n|upkeep\n|inactive|Pratik2007 has 270 seconds left.\n|\n|t:|1701187652\n|switch|p2a: Armarouge|Armarouge, F|100\/100\n|turn|2\n|inactive|Pratik2007 has 270 seconds left.\n|inactive|Spcplayzz has 270 seconds left.\n|inactive|Pratik2007 has 240 seconds left.\n|\n|t:|1701187704\n|move|p2b: Diancie|Protect|p2b: Diancie\n|-singleturn|p2b: Diancie|Protect\n|move|p1b: Rillaboom|U-turn|p2a: Armarouge\n|-damage|p2a: Armarouge|77\/100\n|\n|t:|1701187717\n|switch|p1b: Ninetales|Ninetales-Alola, M, shiny|100\/100|[from] U-turn\n|-weather|Snow|[from] ability: Snow Warning|[of] p1b: Ninetales\n|move|p1a: Volcanion|Heat Wave|p2b: Diancie|[spread] \n|-activate|p2b: Diancie|move: Protect\n|-start|p2a: Armarouge|ability: Flash Fire\n|move|p2a: Armarouge|Expanding Force|p1b: Ninetales|[spread] p1a,p1b\n|-damage|p1a: Volcanion|0 fnt\n|-damage|p1b: Ninetales|21\/100\n|faint|p1a: Volcanion\n|-damage|p2a: Armarouge|67\/100|[from] item: Life Orb\n|\n|-weather|Snow|[upkeep]\n|upkeep\n|\n|t:|1701187733\n|switch|p1a: Rillaboom|Rillaboom, F, shiny|50\/100\n|-fieldstart|move: Grassy Terrain|[from] ability: Grassy Surge|[of] p1a: Rillaboom\n|turn|3\n|inactive|Spcplayzz has 270 seconds left.\n|inactive|Pratik2007 has 270 seconds left.\n|\n|t:|1701187755\n|move|p1a: Rillaboom|Fake Out|p2a: Armarouge\n|-damage|p2a: Armarouge|53\/100\n|move|p1b: Ninetales|Encore|p2b: Diancie\n|-start|p2b: Diancie|Encore\n|cant|p2a: Armarouge|flinch\n|move|p2b: Diancie|Protect||[still]\n|-fail|p2b: Diancie\n|\n|-weather|Snow|[upkeep]\n|-heal|p1b: Ninetales|27\/100|[from] Grassy Terrain\n|-heal|p1a: Rillaboom|56\/100|[from] Grassy Terrain\n|-heal|p2a: Armarouge|60\/100|[from] Grassy Terrain\n|upkeep\n|turn|4\n|inactive|Spcplayzz has 270 seconds left.\n|inactive|Pratik2007 has 270 seconds left.\n|\n|t:|1701187782\n|switch|p2b: Cresselia|Cresselia, F|100\/100\n|move|p2a: Armarouge|Protect|p2a: Armarouge\n|-singleturn|p2a: Armarouge|Protect\n|move|p1b: Ninetales|Aurora Veil|p1b: Ninetales\n|-sidestart|p1: Spcplayzz|move: Aurora Veil\n|move|p1a: Rillaboom|U-turn|p2a: Armarouge\n|-activate|p2a: Armarouge|move: Protect\n|\n|-weather|Snow|[upkeep]\n|-heal|p1b: Ninetales|33\/100|[from] Grassy Terrain\n|-heal|p1a: Rillaboom|62\/100|[from] Grassy Terrain\n|-heal|p2a: Armarouge|66\/100|[from] Grassy Terrain\n|upkeep\n|turn|5\n|inactive|Spcplayzz has 270 seconds left.\n|\n|t:|1701187801\n|-end|p2a: Armarouge|ability: Flash Fire|[silent]\n|switch|p2a: Ursaluna|Ursaluna, M|100\/100\n|move|p1b: Ninetales|Encore||[still]\n|-fail|p1b: Ninetales\n|move|p1a: Rillaboom|U-turn|p2a: Ursaluna\n|-damage|p2a: Ursaluna|82\/100\n|\n|t:|1701187808\n|switch|p1a: Landorus|Landorus-Therian, M, shiny|100\/100|[from] U-turn\n|-ability|p1a: Landorus|Intimidate|boost\n|-unboost|p2a: Ursaluna|atk|1\n|-unboost|p2b: Cresselia|atk|1\n|move|p2b: Cresselia|Trick Room|p2b: Cresselia\n|-fieldstart|move: Trick Room|[of] p2b: Cresselia\n|\n|-weather|Snow|[upkeep]\n|-heal|p2a: Ursaluna|88\/100|[from] Grassy Terrain\n|-heal|p1b: Ninetales|39\/100|[from] Grassy Terrain\n|-status|p2a: Ursaluna|brn|[from] item: Flame Orb\n|upkeep\n|turn|6\n|inactive|Spcplayzz has 270 seconds left.\n|\n|t:|1701187830\n|switch|p2b: Conkeldurr|Conkeldurr, M|100\/100\n|switch|p1a: Baxcalibur|Baxcalibur, M, shiny|100\/100\n|move|p2a: Ursaluna|Facade|p1b: Ninetales\n|-damage|p1b: Ninetales|0 fnt\n|faint|p1b: Ninetales\n|\n|-weather|none\n|-heal|p2a: Ursaluna|94\/100 brn|[from] Grassy Terrain\n|-damage|p2a: Ursaluna|88\/100 brn|[from] brn\n|upkeep\n|inactive|Spcplayzz has 270 seconds left.\n|\n|t:|1701187842\n|switch|p1b: Rillaboom|Rillaboom, F, shiny|62\/100\n|turn|7\n|\n|t:|1701187855\n|move|p1b: Rillaboom|Fake Out|p2b: Conkeldurr\n|-damage|p2b: Conkeldurr|86\/100\n|cant|p2b: Conkeldurr|flinch\n|move|p2a: Ursaluna|Facade|p1a: Baxcalibur\n|-damage|p1a: Baxcalibur|50\/100\n|move|p1a: Baxcalibur|Swords Dance|p1a: Baxcalibur\n|-boost|p1a: Baxcalibur|atk|2\n|\n|-heal|p2b: Conkeldurr|93\/100|[from] Grassy Terrain\n|-heal|p2a: Ursaluna|94\/100 brn|[from] Grassy Terrain\n|-heal|p1b: Rillaboom|68\/100|[from] Grassy Terrain\n|-heal|p1a: Baxcalibur|56\/100|[from] Grassy Terrain\n|-heal|p1a: Baxcalibur|62\/100|[from] item: Leftovers\n|-damage|p2a: Ursaluna|88\/100 brn|[from] brn\n|-fieldend|move: Grassy Terrain\n|upkeep\n|turn|8\n|inactive|Spcplayzz has 270 seconds left.\n|inactive|Pratik2007 has 270 seconds left.\n|\n|t:|1701187895\n|-terastallize|p1a: Baxcalibur|Ice\n|move|p1a: Baxcalibur|Ice Shard|p2b: Conkeldurr\n|-damage|p2b: Conkeldurr|36\/100\n|move|p2b: Conkeldurr|Drain Punch|p1a: Baxcalibur\n|-supereffective|p1a: Baxcalibur\n|-damage|p1a: Baxcalibur|0 fnt\n|-heal|p2b: Conkeldurr|64\/100|[from] drain|[of] p1a: Baxcalibur\n|faint|p1a: Baxcalibur\n|move|p2a: Ursaluna|Facade|p1b: Rillaboom\n|-damage|p1b: Rillaboom|17\/100\n|move|p1b: Rillaboom|Grassy Glide|p2b: Conkeldurr\n|-damage|p2b: Conkeldurr|39\/100\n|\n|-damage|p2a: Ursaluna|82\/100 brn|[from] brn\n|upkeep\n|inactive|Spcplayzz has 270 seconds left.\n|\n|t:|1701187911\n|switch|p1a: Landorus|Landorus-Therian, M, shiny|100\/100\n|-ability|p1a: Landorus|Intimidate|boost\n|-unboost|p2a: Ursaluna|atk|1\n|-unboost|p2b: Conkeldurr|atk|1\n|turn|9\n|inactive|Spcplayzz has 270 seconds left.\n|\n|t:|1701187930\n|switch|p2a: Cresselia|Cresselia, F|100\/100\n|move|p2b: Conkeldurr|Ice Punch|p1a: Landorus\n|-supereffective|p1a: Landorus\n|-damage|p1a: Landorus|33\/100\n|move|p1b: Rillaboom|Wood Hammer|p2a: Cresselia\n|-damage|p2a: Cresselia|64\/100\n|-damage|p1b: Rillaboom|4\/100|[from] Recoil\n|move|p1a: Landorus|Stomping Tantrum|p2b: Conkeldurr\n|-damage|p2b: Conkeldurr|1\/100\n|\n|-fieldend|move: Trick Room\n|upkeep\n|turn|10\n|inactive|Spcplayzz has 270 seconds left.\n|\n|t:|1701187959\n|switch|p1a: Kommo-o|Kommo-o, M, shiny|100\/100\n|switch|p2b: Diancie|Diancie, tera:Grass|100\/100\n|move|p1b: Rillaboom|U-turn|p2a: Cresselia\n|-supereffective|p2a: Cresselia\n|-damage|p2a: Cresselia|39\/100\n|inactive|Spcplayzz has 270 seconds left.\n|\n|t:|1701187968\n|switch|p1b: Landorus|Landorus-Therian, M, shiny|33\/100|[from] U-turn\n|-ability|p1b: Landorus|Intimidate|boost\n|-unboost|p2a: Cresselia|atk|1\n|-fail|p2b: Diancie|unboost|[from] ability: Clear Body|[of] p2b: Diancie\n|move|p2a: Cresselia|Trick Room|p2a: Cresselia\n|-fieldstart|move: Trick Room|[of] p2a: Cresselia\n|\n|upkeep\n|turn|11\n|l| AIRedzone\n|\n|t:|1701187983\n|move|p2b: Diancie|Diamond Storm|p1b: Landorus|[spread] p1a,p1b\n|-resisted|p1a: Kommo-o\n|-damage|p1a: Kommo-o|93\/100\n|-damage|p1b: Landorus|13\/100\n|move|p2a: Cresselia|Moonblast|p1a: Kommo-o\n|-supereffective|p1a: Kommo-o\n|-damage|p1a: Kommo-o|63\/100\n|move|p1a: Kommo-o|Iron Defense|p1a: Kommo-o\n|-boost|p1a: Kommo-o|def|2\n|move|p1b: Landorus|U-turn|p2a: Cresselia\n|-supereffective|p2a: Cresselia\n|-damage|p2a: Cresselia|10\/100\n|\n|t:|1701187995\n|switch|p1b: Rillaboom|Rillaboom, F, shiny|4\/100|[from] U-turn\n|-fieldstart|move: Grassy Terrain|[from] ability: Grassy Surge|[of] p1b: Rillaboom\n|\n|-heal|p1a: Kommo-o|69\/100|[from] Grassy Terrain\n|-heal|p1b: Rillaboom|10\/100|[from] Grassy Terrain\n|-heal|p1a: Kommo-o|75\/100|[from] item: Leftovers\n|-sideend|p1: Spcplayzz|move: Aurora Veil\n|upkeep\n|turn|12\n|\n|t:|1701188010\n|switch|p2a: Conkeldurr|Conkeldurr, M|1\/100\n|move|p1b: Rillaboom|Grassy Glide|p2a: Conkeldurr\n|-damage|p2a: Conkeldurr|0 fnt\n|faint|p2a: Conkeldurr\n|move|p2b: Diancie|Diamond Storm|p1b: Rillaboom|[spread] p1a\n|-miss|p2b: Diancie|p1b: Rillaboom\n|-resisted|p1a: Kommo-o\n|-damage|p1a: Kommo-o|70\/100\n|-boost|p2b: Diancie|def|2\n|move|p1a: Kommo-o|Body Press|p2b: Diancie\n|-damage|p2b: Diancie|79\/100\n|\n|-heal|p2b: Diancie|85\/100|[from] Grassy Terrain\n|-heal|p1b: Rillaboom|17\/100|[from] Grassy Terrain\n|-heal|p1a: Kommo-o|76\/100|[from] Grassy Terrain\n|-heal|p1a: Kommo-o|83\/100|[from] item: Leftovers\n|upkeep\n|\n|t:|1701188020\n|switch|p2a: Armarouge|Armarouge, F|66\/100\n|turn|13\n|\n|t:|1701188044\n|move|p1b: Rillaboom|Grassy Glide|p2a: Armarouge\n|-resisted|p2a: Armarouge\n|-crit|p2a: Armarouge\n|-damage|p2a: Armarouge|37\/100\n|move|p2b: Diancie|Diamond Storm|p1a: Kommo-o|[spread] p1a\n|-miss|p2b: Diancie|p1b: Rillaboom\n|-resisted|p1a: Kommo-o\n|-damage|p1a: Kommo-o|78\/100\n|-boost|p2b: Diancie|def|2\n|move|p2a: Armarouge|Expanding Force|p1a: Kommo-o\n|-supereffective|p1a: Kommo-o\n|-damage|p1a: Kommo-o|0 fnt\n|faint|p1a: Kommo-o\n|-damage|p2a: Armarouge|27\/100|[from] item: Life Orb\n|\n|-heal|p2b: Diancie|91\/100|[from] Grassy Terrain\n|-heal|p2a: Armarouge|33\/100|[from] Grassy Terrain\n|-heal|p1b: Rillaboom|23\/100|[from] Grassy Terrain\n|upkeep\n|c|\u2606Spcplayzz|gg\n|inactive|Spcplayzz has 270 seconds left.\n|\n|t:|1701188061\n|switch|p1a: Landorus|Landorus-Therian, M, shiny|13\/100\n|-ability|p1a: Landorus|Intimidate|boost\n|-unboost|p2a: Armarouge|atk|1\n|-fail|p2b: Diancie|unboost|[from] ability: Clear Body|[of] p2b: Diancie\n|turn|14\n|c|\u2606Pratik2007|gg\n|\n|t:|1701188068\n|move|p1b: Rillaboom|Grassy Glide|p2a: Armarouge\n|-resisted|p2a: Armarouge\n|-damage|p2a: Armarouge|15\/100\n|move|p2b: Diancie|Diamond Storm|p1b: Rillaboom|[spread] p1a,p1b\n|-damage|p1a: Landorus|0 fnt\n|-damage|p1b: Rillaboom|0 fnt\n|faint|p1a: Landorus\n|faint|p1b: Rillaboom\n|\n|win|Pratik2007\n","uploadtime":1701188076,"views":16,"p1id":"spcplayzz","p2id":"pratik2007","formatid":"gen9doublesou","rating":0,"private":0,"password":""}