{"id":"gen9doublesou-1991336020","p1":"Maric28","p2":"denronteese","format":"[Gen 9] Doubles OU","log":"|j|\u2606Maric28\n|j|\u2606denronteese\n|t:|1700068642\n|gametype|doubles\n|player|p1|Maric28|1|1327\n|player|p2|denronteese|ghetsis|1388\n|teamsize|p1|6\n|teamsize|p2|6\n|gen|9\n|tier|[Gen 9] Doubles OU\n|rated|\n|rule|Species Clause: Limit one of each Pok\u00e9mon\n|rule|OHKO Clause: OHKO moves are banned\n|rule|Evasion Moves Clause: Evasion moves are banned\n|rule|Gravity Sleep Clause: The combination of sleep-inducing moves with imperfect accuracy and Gravity or Gigantamax Orbeetle are banned\n|rule|Endless Battle Clause: Forcing endless battles is banned\n|rule|HP Percentage Mod: HP is shown in percentages\n|clearpoke\n|poke|p1|Golduck, M|\n|poke|p1|Falinks|\n|poke|p1|Meowscarada, F|\n|poke|p1|Garchomp, F|\n|poke|p1|Inteleon, M|\n|poke|p1|Enamorus, F|\n|poke|p2|Tyranitar, F|\n|poke|p2|Houndstone, M|\n|poke|p2|Rillaboom, M|\n|poke|p2|Arcanine, M|\n|poke|p2|Abomasnow, F|\n|poke|p2|Scizor, M|\n|teampreview\n|inactive|Battle timer is ON: inactive players will automatically lose when time's up. (requested by denronteese)\n|inactive|Maric28 has 120 seconds left.\n|c|\u2606denronteese|hurry up bro\n|inactive|Maric28 has 90 seconds left.\n|n|!denronteese|denronteese\n|inactive|Maric28 has 60 seconds left.\n|\n|t:|1700068747\n|start\n|switch|p1a: Golduck|Golduck, M|100\/100\n|switch|p1b: Falinks|Falinks|100\/100\n|switch|p2a: stuffy|Tyranitar, F|100\/100\n|switch|p2b: Szar|Scizor, M, shiny|100\/100\n|-ability|p1a: Golduck|Cloud Nine\n|-weather|Sandstorm|[from] ability: Sand Stream|[of] p2a: stuffy\n|turn|1\n|inactive|denronteese has 120 seconds left.\n|\n|t:|1700068777\n|-terastallize|p2a: stuffy|Ghost\n|move|p1a: Golduck|Simple Beam|p1b: Falinks\n|-endability|p1b: Falinks|Defiant|[from] move: Simple Beam\n|-ability|p1b: Falinks|Simple|[from] move: Simple Beam\n|move|p1b: Falinks|No Retreat|p1b: Falinks\n|-boost|p1b: Falinks|atk|2\n|-boost|p1b: Falinks|def|2\n|-boost|p1b: Falinks|spa|2\n|-boost|p1b: Falinks|spd|2\n|-boost|p1b: Falinks|spe|2\n|-start|p1b: Falinks|move: No Retreat\n|move|p2b: Szar|Tailwind|p2b: Szar\n|-sidestart|p2: denronteese|move: Tailwind\n|move|p2a: stuffy|Rock Slide|p1a: Golduck|[spread] p1a,p1b\n|-resisted|p1b: Falinks\n|-damage|p1a: Golduck|57\/100\n|-damage|p1b: Falinks|91\/100\n|\n|-weather|Sandstorm|[upkeep]\n|upkeep\n|turn|2\n|inactive|denronteese has 120 seconds left.\n|\n|t:|1700068811\n|switch|p1a: Garchomp|Garchomp, F|100\/100\n|-terastallize|p1b: Falinks|Ghost\n|move|p2b: Szar|Bullet Punch|p1a: Garchomp\n|-damage|p1a: Garchomp|71\/100\n|-damage|p2b: Szar|88\/100|[from] ability: Rough Skin|[of] p1a: Garchomp\n|-damage|p2b: Szar|71\/100|[from] item: Rocky Helmet|[of] p1a: Garchomp\n|move|p1b: Falinks|Tera Blast|p2a: stuffy|[anim] Tera Blast Ghost\n|-supereffective|p2a: stuffy\n|-damage|p2a: stuffy|0 fnt\n|faint|p2a: stuffy\n|\n|-weather|Sandstorm|[upkeep]\n|-damage|p1b: Falinks|85\/100|[from] Sandstorm\n|upkeep\n|\n|t:|1700068830\n|switch|p2a: Curious George|Rillaboom, M, shiny|100\/100\n|-fieldstart|move: Grassy Terrain|[from] ability: Grassy Surge|[of] p2a: Curious George\n|-enditem|p2a: Curious George|Grassy Seed\n|-boost|p2a: Curious George|def|1|[from] item: Grassy Seed\n|turn|3\n|inactive|denronteese has 120 seconds left.\n|\n|t:|1700068857\n|move|p2a: Curious George|Grassy Glide|p1a: Garchomp\n|-damage|p1a: Garchomp|30\/100\n|-damage|p2a: Curious George|88\/100|[from] ability: Rough Skin|[of] p1a: Garchomp\n|-damage|p2a: Curious George|72\/100|[from] item: Rocky Helmet|[of] p1a: Garchomp\n|move|p2b: Szar|Bullet Punch|p1b: Falinks\n|-damage|p1b: Falinks|65\/100\n|move|p1b: Falinks|Tera Blast|p2a: Curious George|[anim] Tera Blast Ghost\n|-damage|p2a: Curious George|23\/100\n|move|p1a: Garchomp|Swords Dance|p1a: Garchomp\n|-boost|p1a: Garchomp|atk|2\n|\n|-weather|Sandstorm|[upkeep]\n|-damage|p1b: Falinks|60\/100|[from] Sandstorm\n|-damage|p2a: Curious George|17\/100|[from] Sandstorm\n|-heal|p1b: Falinks|65\/100|[from] Grassy Terrain\n|-heal|p2a: Curious George|23\/100|[from] Grassy Terrain\n|-heal|p2b: Szar|78\/100|[from] Grassy Terrain\n|-heal|p1a: Garchomp|37\/100|[from] Grassy Terrain\n|upkeep\n|turn|4\n|inactive|denronteese has 120 seconds left.\n|\n|t:|1700068883\n|move|p2a: Curious George|Grassy Glide|p1a: Garchomp\n|-crit|p1a: Garchomp\n|-damage|p1a: Garchomp|0 fnt\n|-damage|p2a: Curious George|11\/100|[from] ability: Rough Skin|[of] p1a: Garchomp\n|-damage|p2a: Curious George|0 fnt|[from] item: Rocky Helmet|[of] p1a: Garchomp\n|faint|p1a: Garchomp\n|faint|p2a: Curious George\n|move|p2b: Szar|Bullet Punch|p1b: Falinks\n|-damage|p1b: Falinks|47\/100\n|move|p1b: Falinks|Tera Blast|p2b: Szar|[anim] Tera Blast Ghost\n|-damage|p2b: Szar|14\/100\n|\n|-weather|Sandstorm|[upkeep]\n|-damage|p1b: Falinks|41\/100|[from] Sandstorm\n|-heal|p1b: Falinks|47\/100|[from] Grassy Terrain\n|-heal|p2b: Szar|20\/100|[from] Grassy Terrain\n|-sideend|p2: denronteese|move: Tailwind\n|upkeep\n|\n|t:|1700068902\n|switch|p1a: Golduck|Golduck, M|57\/100\n|switch|p2a: Snow Cone|Abomasnow, F|100\/100\n|-ability|p1a: Golduck|Cloud Nine\n|-weather|Snow|[from] ability: Snow Warning|[of] p2a: Snow Cone\n|turn|5\n|inactive|Maric28 has 120 seconds left.\n|\n|t:|1700068937\n|switch|p1a: Inteleon|Inteleon, M|100\/100\n|move|p1b: Falinks|Iron Head|p2a: Snow Cone\n|-supereffective|p2a: Snow Cone\n|-damage|p2a: Snow Cone|13\/100\n|cant|p2a: Snow Cone|flinch\n|move|p2b: Szar|Tailwind|p2b: Szar\n|-sidestart|p2: denronteese|move: Tailwind\n|\n|-weather|Snow|[upkeep]\n|-heal|p1b: Falinks|53\/100|[from] Grassy Terrain\n|-heal|p2a: Snow Cone|19\/100|[from] Grassy Terrain\n|-heal|p2b: Szar|26\/100|[from] Grassy Terrain\n|upkeep\n|turn|6\n|inactive|Maric28 has 120 seconds left.\n|\n|t:|1700068962\n|move|p2b: Szar|Bullet Punch|p1b: Falinks\n|-damage|p1b: Falinks|34\/100\n|move|p1b: Falinks|Iron Head|p2b: Szar\n|-resisted|p2b: Szar\n|-damage|p2b: Szar|1\/100\n|move|p2a: Snow Cone|Energy Ball|p1a: Inteleon\n|-supereffective|p1a: Inteleon\n|-damage|p1a: Inteleon|0 fnt\n|faint|p1a: Inteleon\n|\n|-weather|Snow|[upkeep]\n|-heal|p1b: Falinks|40\/100|[from] Grassy Terrain\n|-heal|p2a: Snow Cone|25\/100|[from] Grassy Terrain\n|-heal|p2b: Szar|7\/100|[from] Grassy Terrain\n|upkeep\n|inactive|Maric28 has 120 seconds left.\n|\n|t:|1700068979\n|switch|p1a: Meowscarada|Meowscarada, F|100\/100\n|turn|7\n|\n|t:|1700068997\n|move|p1b: Falinks|Iron Head|p2a: Snow Cone\n|-supereffective|p2a: Snow Cone\n|-damage|p2a: Snow Cone|0 fnt\n|faint|p2a: Snow Cone\n|move|p2b: Szar|U-turn|p1b: Falinks\n|-resisted|p1b: Falinks\n|-damage|p1b: Falinks|29\/100\n|\n|t:|1700069005\n|switch|p2b: Diego|Arcanine, M|100\/100|[from] U-turn\n|-ability|p2b: Diego|Intimidate|boost\n|-unboost|p1a: Meowscarada|atk|1\n|-unboost|p1b: Falinks|atk|2\n|move|p1a: Meowscarada|U-turn|p2b: Diego\n|-resisted|p2b: Diego\n|-damage|p2b: Diego|89\/100\n|inactive|Maric28 has 120 seconds left.\n|inactive|Maric28 has 90 seconds left.\n|\n|t:|1700069056\n|switch|p1a: Enamorus|Enamorus, F|100\/100|[from] U-turn\n|\n|-weather|Snow|[upkeep]\n|-heal|p1b: Falinks|34\/100|[from] Grassy Terrain\n|-heal|p2b: Diego|95\/100|[from] Grassy Terrain\n|-fieldend|move: Grassy Terrain\n|upkeep\n|\n|t:|1700069065\n|switch|p2a: Dustbunny|Houndstone, M|100\/100\n|turn|8\n|\n|t:|1700069084\n|switch|p1b: Meowscarada|Meowscarada, F|100\/100\n|move|p2b: Diego|Snarl|p1b: Meowscarada|[spread] p1a,p1b\n|-resisted|p1a: Enamorus\n|-resisted|p1b: Meowscarada\n|-damage|p1a: Enamorus|96\/100\n|-damage|p1b: Meowscarada|91\/100\n|-boost|p1a: Enamorus|spa|1\n|-unboost|p1b: Meowscarada|spa|1\n|move|p2a: Dustbunny|Last Respects|p1b: Meowscarada\n|-resisted|p1b: Meowscarada\n|-damage|p1b: Meowscarada|0 fnt\n|faint|p1b: Meowscarada\n|-damage|p2a: Dustbunny|91\/100|[from] item: Life Orb\n|move|p1a: Enamorus|Superpower|p2b: Diego\n|-damage|p2b: Diego|53\/100\n|-boost|p1a: Enamorus|atk|1\n|-boost|p1a: Enamorus|def|1\n|\n|-weather|Snow|[upkeep]\n|-sideend|p2: denronteese|move: Tailwind\n|upkeep\n|\n|t:|1700069108\n|switch|p1b: Falinks|Falinks, tera:Ghost|34\/100\n|turn|9\n|\n|t:|1700069123\n|move|p2a: Dustbunny|Protect|p2a: Dustbunny\n|-singleturn|p2a: Dustbunny|Protect\n|move|p1b: Falinks|Tera Blast|p2a: Dustbunny|[anim] Tera Blast Ghost\n|-activate|p2a: Dustbunny|move: Protect\n|move|p1a: Enamorus|Superpower|p2b: Diego\n|-damage|p2b: Diego|0 fnt\n|-boost|p1a: Enamorus|atk|1\n|-boost|p1a: Enamorus|def|1\n|faint|p2b: Diego\n|\n|-weather|none\n|upkeep\n|\n|t:|1700069134\n|switch|p2b: Szar|Scizor, M, shiny|7\/100\n|turn|10\n|\n|t:|1700069152\n|move|p2a: Dustbunny|Protect||[still]\n|-fail|p2a: Dustbunny\n|move|p1b: Falinks|Tera Blast|p2a: Dustbunny|[anim] Tera Blast Ghost\n|-supereffective|p2a: Dustbunny\n|-damage|p2a: Dustbunny|15\/100\n|move|p1a: Enamorus|Iron Head|p2a: Dustbunny\n|-damage|p2a: Dustbunny|0 fnt\n|faint|p2a: Dustbunny\n|move|p2b: Szar|Tailwind|p2b: Szar\n|-sidestart|p2: denronteese|move: Tailwind\n|\n|upkeep\n|turn|11\n|n|\u2606denronteese|denronteese\n|-message|denronteese forfeited.\n|\n|win|Maric28\n|raw|Maric28's rating: 1327 &rarr; <strong>1350<\/strong><br \/>(+23 for winning)\n|raw|denronteese's rating: 1388 &rarr; <strong>1365<\/strong><br \/>(-23 for losing)\n","uploadtime":1700068737,"views":5,"p1id":"maric28","p2id":"denronteese","formatid":"gen9doublesou","rating":1350,"private":0,"password":""}