{"id":"gen9doublesou-1985117503","p1":"silvaasunto","p2":"moomoomilkers00","format":"[Gen 9] Doubles OU","log":"|j|\u2606silvaasunto\n|j|\u2606moomoomilkers00\n|t:|1699333292\n|gametype|doubles\n|player|p1|silvaasunto|winona|1273\n|player|p2|moomoomilkers00|101|1456\n|teamsize|p1|6\n|teamsize|p2|6\n|gen|9\n|tier|[Gen 9] Doubles OU\n|rated|\n|rule|Species Clause: Limit one of each Pok\u00e9mon\n|rule|OHKO Clause: OHKO moves are banned\n|rule|Evasion Moves Clause: Evasion moves are banned\n|rule|Gravity Sleep Clause: The combination of sleep-inducing moves with imperfect accuracy and Gravity or Gigantamax Orbeetle are banned\n|rule|Endless Battle Clause: Forcing endless battles is banned\n|rule|HP Percentage Mod: HP is shown in percentages\n|clearpoke\n|poke|p1|Chien-Pao|\n|poke|p1|Baxcalibur, F|\n|poke|p1|Froslass, F|\n|poke|p1|Iron Bundle|\n|poke|p1|Abomasnow, F|\n|poke|p1|Ninetales-Alola, M|\n|poke|p2|Munkidori, M|\n|poke|p2|Arcanine-Hisui, M|\n|poke|p2|Moltres-Galar|\n|poke|p2|Milotic, F|\n|poke|p2|Sinistcha-Masterpiece|\n|poke|p2|Grimmsnarl, M|\n|teampreview\n|inactive|Battle timer is ON: inactive players will automatically lose when time's up. (requested by moomoomilkers00)\n|inactive|moomoomilkers00 has 120 seconds left.\n|\n|t:|1699333326\n|start\n|switch|p1a: OBAMAsnow|Abomasnow, F|100\/100\n|switch|p1b: Yuh|Froslass, F|100\/100\n|switch|p2a: Munkidori|Munkidori, M|100\/100\n|switch|p2b: Milotic|Milotic, F|100\/100\n|-weather|Snow|[from] ability: Snow Warning|[of] p1a: OBAMAsnow\n|turn|1\n|\n|t:|1699333352\n|move|p2a: Munkidori|Fake Out|p1a: OBAMAsnow\n|-damage|p1a: OBAMAsnow|96\/100\n|move|p1b: Yuh|Trick|p2b: Milotic\n|-activate|p1b: Yuh|move: Trick|[of] p2b: Milotic\n|-item|p2b: Milotic|Choice Scarf|[from] move: Trick\n|-item|p1b: Yuh|Wide Lens|[from] move: Trick\n|move|p2b: Milotic|Icy Wind|p1a: OBAMAsnow|[spread] p1a,p1b\n|-resisted|p1b: Yuh\n|-damage|p1a: OBAMAsnow|87\/100\n|-damage|p1b: Yuh|92\/100\n|-unboost|p1a: OBAMAsnow|spe|1\n|-unboost|p1b: Yuh|spe|1\n|cant|p1a: OBAMAsnow|flinch\n|\n|-weather|Snow|[upkeep]\n|upkeep\n|turn|2\n|inactive|moomoomilkers00 has 120 seconds left.\n|\n|t:|1699333398\n|move|p2b: Milotic|Icy Wind|p1b: Yuh|[spread] p1a,p1b\n|-resisted|p1b: Yuh\n|-damage|p1a: OBAMAsnow|78\/100\n|-damage|p1b: Yuh|83\/100\n|-unboost|p1a: OBAMAsnow|spe|1\n|-unboost|p1b: Yuh|spe|1\n|move|p2a: Munkidori|Sludge Bomb|p1b: Yuh\n|-resisted|p1b: Yuh\n|-damage|p1b: Yuh|47\/100\n|-start|p2a: Munkidori|Disable|Sludge Bomb|[from] ability: Cursed Body|[of] p1b: Yuh\n|move|p1b: Yuh|Blizzard|p2a: Munkidori|[spread] p2a,p2b\n|-resisted|p2b: Milotic\n|-damage|p2a: Munkidori|64\/100\n|-damage|p2b: Milotic|88\/100\n|move|p1a: OBAMAsnow|Aurora Veil|p1a: OBAMAsnow\n|-sidestart|p1: silvaasunto|move: Aurora Veil\n|\n|-weather|Snow|[upkeep]\n|upkeep\n|turn|3\n|inactive|moomoomilkers00 has 120 seconds left.\n|inactive|silvaasunto has 120 seconds left.\n|\n|t:|1699333430\n|switch|p2b: Grimmsnarl|Grimmsnarl, M|100\/100\n|move|p2a: Munkidori|U-turn|p1a: OBAMAsnow\n|-supereffective|p1a: OBAMAsnow\n|-damage|p1a: OBAMAsnow|68\/100\n|\n|t:|1699333438\n|switch|p2a: Arcanine|Arcanine-Hisui, M|100\/100|[from] U-turn\n|-ability|p2a: Arcanine|Intimidate|boost\n|-unboost|p1a: OBAMAsnow|atk|1\n|-unboost|p1b: Yuh|atk|1\n|move|p1b: Yuh|Blizzard|p2a: Arcanine|[spread] p2a,p2b\n|-resisted|p2a: Arcanine\n|-damage|p2a: Arcanine|89\/100\n|-damage|p2b: Grimmsnarl|68\/100\n|move|p1a: OBAMAsnow|Blizzard|p2b: Grimmsnarl|[spread] p2a,p2b\n|-resisted|p2a: Arcanine\n|-damage|p2a: Arcanine|80\/100\n|-damage|p2b: Grimmsnarl|43\/100\n|\n|-weather|Snow|[upkeep]\n|upkeep\n|turn|4\n|inactive|moomoomilkers00 has 120 seconds left.\n|\n|t:|1699333472\n|switch|p1b: Shes EXTRA-libur|Baxcalibur, F|100\/100\n|-terastallize|p1a: OBAMAsnow|Fire\n|move|p2b: Grimmsnarl|Light Screen|p2b: Grimmsnarl\n|-sidestart|p2: moomoomilkers00|move: Light Screen\n|move|p2a: Arcanine|Rock Slide|p1a: OBAMAsnow|[spread] p1a,p1b\n|-supereffective|p1a: OBAMAsnow\n|-supereffective|p1b: Shes EXTRA-libur\n|-damage|p1a: OBAMAsnow|25\/100\n|-damage|p1b: Shes EXTRA-libur|78\/100\n|move|p1a: OBAMAsnow|Blizzard|p2b: Grimmsnarl|[spread] p2a,p2b\n|-resisted|p2a: Arcanine\n|-damage|p2a: Arcanine|73\/100\n|-damage|p2b: Grimmsnarl|25\/100\n|-status|p2a: Arcanine|frz\n|\n|-weather|Snow|[upkeep]\n|upkeep\n|turn|5\n|inactive|moomoomilkers00 has 120 seconds left.\n|\n|t:|1699333507\n|switch|p1a: Min-pao|Chien-Pao|100\/100\n|-ability|p1a: Min-pao|Sword of Ruin\n|move|p2b: Grimmsnarl|Reflect|p2b: Grimmsnarl\n|-sidestart|p2: moomoomilkers00|Reflect\n|-curestatus|p2a: Arcanine|frz|[from] move: Flare Blitz\n|move|p2a: Arcanine|Flare Blitz|p1b: Shes EXTRA-libur\n|-damage|p1b: Shes EXTRA-libur|48\/100\n|-ability|p1b: Shes EXTRA-libur|Thermal Exchange|boost\n|-boost|p1b: Shes EXTRA-libur|atk|1\n|-damage|p2a: Arcanine|62\/100|[from] Recoil\n|move|p1b: Shes EXTRA-libur|Icicle Crash|p2b: Grimmsnarl|[miss]\n|-miss|p1b: Shes EXTRA-libur|p2b: Grimmsnarl\n|\n|-weather|none\n|upkeep\n|turn|6\n|inactive|moomoomilkers00 has 90 seconds left.\n|\n|t:|1699333543\n|-terastallize|p2a: Arcanine|Fairy\n|move|p2b: Grimmsnarl|Parting Shot|p1b: Shes EXTRA-libur\n|-unboost|p1b: Shes EXTRA-libur|atk|1\n|-unboost|p1b: Shes EXTRA-libur|spa|1\n|\n|t:|1699333551\n|switch|p2b: Milotic|Milotic, F|88\/100|[from] Parting Shot\n|move|p1a: Min-pao|Brick Break|p2a: Arcanine\n|-sideend|p2: moomoomilkers00|Reflect\n|-sideend|p2: moomoomilkers00|move: Light Screen\n|-resisted|p2a: Arcanine\n|-damage|p2a: Arcanine|45\/100\n|move|p2a: Arcanine|Rock Blast|p1b: Shes EXTRA-libur\n|-supereffective|p1b: Shes EXTRA-libur\n|-damage|p1b: Shes EXTRA-libur|29\/100\n|-supereffective|p1b: Shes EXTRA-libur\n|-damage|p1b: Shes EXTRA-libur|11\/100\n|-enditem|p1b: Shes EXTRA-libur|Aguav Berry|[eat]\n|-heal|p1b: Shes EXTRA-libur|44\/100|[from] item: Aguav Berry\n|-supereffective|p1b: Shes EXTRA-libur\n|-damage|p1b: Shes EXTRA-libur|24\/100\n|-supereffective|p1b: Shes EXTRA-libur\n|-damage|p1b: Shes EXTRA-libur|2\/100\n|-hitcount|p1b: Shes EXTRA-libur|4\n|move|p1b: Shes EXTRA-libur|Icicle Crash|p2b: Milotic\n|-resisted|p2b: Milotic\n|-damage|p2b: Milotic|49\/100\n|\n|upkeep\n|turn|7\n|inactive|moomoomilkers00 has 90 seconds left.\n|\n|t:|1699333579\n|switch|p1b: OBAMAsnow|Abomasnow, F, tera:Fire|25\/100\n|-weather|Snow|[from] ability: Snow Warning|[of] p1b: OBAMAsnow\n|move|p2a: Arcanine|Extreme Speed|p1b: OBAMAsnow\n|-damage|p1b: OBAMAsnow|0 fnt\n|faint|p1b: OBAMAsnow\n|move|p2b: Milotic|Hypnosis|p1a: Min-pao|[miss]\n|-miss|p2b: Milotic|p1a: Min-pao\n|move|p1a: Min-pao|Ice Spinner|p2a: Arcanine\n|-damage|p2a: Arcanine|0 fnt\n|faint|p2a: Arcanine\n|\n|-weather|Snow|[upkeep]\n|upkeep\n|inactive|moomoomilkers00 has 90 seconds left.\n|\n|t:|1699333608\n|switch|p2a: Grimmsnarl|Grimmsnarl, M|25\/100\n|switch|p1b: Shes EXTRA-libur|Baxcalibur, F|2\/100\n|turn|8\n|\n|t:|1699333623\n|move|p2a: Grimmsnarl|Reflect|p2a: Grimmsnarl\n|-sidestart|p2: moomoomilkers00|Reflect\n|move|p2b: Milotic|Hypnosis|p1b: Shes EXTRA-libur|[miss]\n|-miss|p2b: Milotic|p1b: Shes EXTRA-libur\n|move|p1a: Min-pao|Brick Break|p2a: Grimmsnarl\n|-sideend|p2: moomoomilkers00|Reflect\n|-damage|p2a: Grimmsnarl|0 fnt\n|faint|p2a: Grimmsnarl\n|move|p1b: Shes EXTRA-libur|Dragon Claw|p2b: Milotic\n|-damage|p2b: Milotic|0 fnt\n|faint|p2b: Milotic\n|\n|-weather|Snow|[upkeep]\n|upkeep\n|\n|t:|1699333635\n|switch|p2b: Munkidori|Munkidori, M|64\/100\n|switch|p2a: Moltres|Moltres-Galar, shiny|100\/100\n|turn|9\n|\n|t:|1699333650\n|move|p2a: Moltres|Protect|p2a: Moltres\n|-singleturn|p2a: Moltres|Protect\n|move|p1a: Min-pao|Crunch|p2b: Munkidori\n|-supereffective|p2b: Munkidori\n|-damage|p2b: Munkidori|0 fnt\n|faint|p2b: Munkidori\n|move|p1b: Shes EXTRA-libur|Dragon Claw|p2a: Moltres\n|-activate|p2a: Moltres|move: Protect\n|\n|-weather|Snow|[upkeep]\n|-sideend|p1: silvaasunto|move: Aurora Veil\n|upkeep\n|\n|t:|1699333659\n|switch|p2b: Sinistcha|Sinistcha-Masterpiece|100\/100\n|turn|10\n|-message|moomoomilkers00 forfeited.\n|\n|win|silvaasunto\n|raw|silvaasunto's rating: 1273 &rarr; <strong>1310<\/strong><br \/>(+37 for winning)\n|raw|moomoomilkers00's rating: 1456 &rarr; <strong>1426<\/strong><br \/>(-30 for losing)\n|l|\u2606moomoomilkers00\n","uploadtime":1699333675,"views":11,"p1id":"silvaasunto","p2id":"moomoomilkers00","formatid":"gen9doublesou","rating":1310,"private":0,"password":""}