{"id":"gen9doublesou-1981716367","p1":"echoes","p2":"Kingler for SCOTUS","format":"[Gen 9] Doubles OU","log":"|j|\u2606echoes\n|j|\u2606Kingler for SCOTUS\n|inactive|Battle timer is ON: inactive players will automatically lose when time's up.\n|t:|1698936131\n|gametype|doubles\n|player|p1|echoes|red-gen2|\n|player|p2|Kingler for SCOTUS|clair|\n|teamsize|p1|6\n|teamsize|p2|6\n|gen|9\n|tier|[Gen 9] Doubles OU\n|rated|Tournament battle\n|rule|Species Clause: Limit one of each Pok\u00e9mon\n|rule|OHKO Clause: OHKO moves are banned\n|rule|Evasion Moves Clause: Evasion moves are banned\n|rule|Gravity Sleep Clause: The combination of sleep-inducing moves with imperfect accuracy and Gravity or Gigantamax Orbeetle are banned\n|rule|Endless Battle Clause: Forcing endless battles is banned\n|rule|HP Percentage Mod: HP is shown in percentages\n|clearpoke\n|poke|p1|Ursaluna-Bloodmoon, M|\n|poke|p1|Indeedee-F, F|\n|poke|p1|Ogerpon-Wellspring, F|\n|poke|p1|Landorus-Therian, M|\n|poke|p1|Chi-Yu|\n|poke|p1|Flutter Mane|\n|poke|p2|Kommo-o, F|\n|poke|p2|Rillaboom, M|\n|poke|p2|Flutter Mane|\n|poke|p2|Tornadus, M|\n|poke|p2|Landorus-Therian, M|\n|poke|p2|Chi-Yu|\n|teampreview\n|j|*Lady Monita \u263d\n|inactive|Kingler for SCOTUS also wants the timer to be on.\n|\n|t:|1698936150\n|start\n|switch|p1a: Chi-Yu|Chi-Yu|100\/100\n|switch|p1b: Landorus|Landorus-Therian, M|100\/100\n|switch|p2a: Flutter Mane|Flutter Mane|100\/100\n|switch|p2b: Chi-Yu|Chi-Yu|100\/100\n|-ability|p1b: Landorus|Intimidate|boost\n|-unboost|p2a: Flutter Mane|atk|1\n|-unboost|p2b: Chi-Yu|atk|1\n|-ability|p1a: Chi-Yu|Beads of Ruin\n|-ability|p2b: Chi-Yu|Beads of Ruin\n|turn|1\n|j|@BlackKnight_Gawain@!\n|\n|t:|1698936167\n|move|p1b: Landorus|Rock Slide|p2a: Flutter Mane|[spread] p2a,p2b\n|-supereffective|p2b: Chi-Yu\n|-damage|p2a: Flutter Mane|65\/100\n|-damage|p2b: Chi-Yu|37\/100\n|move|p2a: Flutter Mane|Icy Wind|p1a: Chi-Yu|[spread] p1a,p1b\n|-resisted|p1a: Chi-Yu\n|-supereffective|p1b: Landorus\n|-damage|p1a: Chi-Yu|90\/100\n|-damage|p1b: Landorus|0 fnt\n|-unboost|p1a: Chi-Yu|spe|1\n|faint|p1b: Landorus\n|move|p2b: Chi-Yu|Snarl|p1a: Chi-Yu\n|-resisted|p1a: Chi-Yu\n|-damage|p1a: Chi-Yu|73\/100\n|-unboost|p1a: Chi-Yu|spa|1\n|move|p1a: Chi-Yu|Snarl|p2a: Flutter Mane|[spread] p2a,p2b\n|-resisted|p2b: Chi-Yu\n|-damage|p2a: Flutter Mane|37\/100\n|-damage|p2b: Chi-Yu|27\/100\n|-unboost|p2a: Flutter Mane|spa|1\n|-unboost|p2b: Chi-Yu|spa|1\n|\n|upkeep\n|\n|t:|1698936185\n|switch|p1b: Ogerpon|Ogerpon-Wellspring, F|100\/100\n|turn|2\n|\n|t:|1698936192\n|move|p1b: Ogerpon|Spiky Shield|p1b: Ogerpon\n|-singleturn|p1b: Ogerpon|move: Protect\n|move|p2a: Flutter Mane|Icy Wind|p1a: Chi-Yu|[spread] p1a\n|-activate|p1b: Ogerpon|move: Protect\n|-resisted|p1a: Chi-Yu\n|-damage|p1a: Chi-Yu|66\/100\n|-unboost|p1a: Chi-Yu|spe|1\n|move|p2b: Chi-Yu|Will-O-Wisp|p1b: Ogerpon\n|-activate|p1b: Ogerpon|move: Protect\n|move|p1a: Chi-Yu|Snarl|p2b: Chi-Yu|[spread] p2a,p2b\n|-resisted|p2b: Chi-Yu\n|-damage|p2a: Flutter Mane|8\/100\n|-damage|p2b: Chi-Yu|17\/100\n|-unboost|p2a: Flutter Mane|spa|1\n|-unboost|p2b: Chi-Yu|spa|1\n|\n|upkeep\n|turn|3\n|inactive|Kingler for SCOTUS has 120 seconds left.\n|inactive|echoes has 120 seconds left.\n|\n|t:|1698936235\n|-end|p2a: Flutter Mane|Protosynthesis|[silent]\n|switch|p2a: Kommo-o|Kommo-o, F|100\/100\n|move|p1b: Ogerpon|Follow Me|p1b: Ogerpon\n|-singleturn|p1b: Ogerpon|move: Follow Me\n|move|p2b: Chi-Yu|Snarl|p1a: Chi-Yu|[spread] p1a,p1b\n|-resisted|p1a: Chi-Yu\n|-damage|p1a: Chi-Yu|60\/100\n|-damage|p1b: Ogerpon|86\/100\n|-unboost|p1a: Chi-Yu|spa|1\n|-unboost|p1b: Ogerpon|spa|1\n|move|p1a: Chi-Yu|Snarl|p2a: Kommo-o|[spread] p2a,p2b\n|-resisted|p2a: Kommo-o\n|-resisted|p2b: Chi-Yu\n|-damage|p2a: Kommo-o|92\/100\n|-damage|p2b: Chi-Yu|10\/100\n|-unboost|p2a: Kommo-o|spa|1\n|-unboost|p2b: Chi-Yu|spa|1\n|\n|-heal|p2a: Kommo-o|98\/100|[from] item: Leftovers\n|upkeep\n|turn|4\n|\n|t:|1698936251\n|switch|p1a: Flutter Mane|Flutter Mane|100\/100\n|-enditem|p1a: Flutter Mane|Booster Energy\n|-activate|p1a: Flutter Mane|ability: Protosynthesis|[fromitem]\n|-start|p1a: Flutter Mane|protosynthesisspe\n|move|p1b: Ogerpon|Horn Leech|p2b: Chi-Yu\n|-resisted|p2b: Chi-Yu\n|-damage|p2b: Chi-Yu|0 fnt\n|-heal|p1b: Ogerpon|90\/100|[from] drain|[of] p2b: Chi-Yu\n|faint|p2b: Chi-Yu\n|move|p2a: Kommo-o|Iron Defense|p2a: Kommo-o\n|-boost|p2a: Kommo-o|def|2\n|\n|-heal|p2a: Kommo-o|100\/100|[from] item: Leftovers\n|upkeep\n|inactive|Kingler for SCOTUS has 120 seconds left.\n|\n|t:|1698936267\n|switch|p2b: Tornadus|Tornadus, M|100\/100\n|turn|5\n|\n|t:|1698936285\n|switch|p1b: Indeedee|Indeedee-F, F|100\/100\n|-fieldstart|move: Psychic Terrain|[from] ability: Psychic Surge|[of] p1b: Indeedee\n|-terastallize|p2a: Kommo-o|Fire\n|move|p2b: Tornadus|Sunny Day|p2b: Tornadus\n|-weather|SunnyDay\n|move|p1a: Flutter Mane|Moonblast|p2b: Tornadus\n|-damage|p2b: Tornadus|42\/100\n|move|p2a: Kommo-o|Iron Defense|p2a: Kommo-o\n|-boost|p2a: Kommo-o|def|2\n|\n|-weather|SunnyDay|[upkeep]\n|upkeep\n|turn|6\n|\n|t:|1698936309\n|move|p1a: Flutter Mane|Moonblast|p2b: Tornadus\n|-damage|p2b: Tornadus|0 fnt\n|faint|p2b: Tornadus\n|move|p2a: Kommo-o|Body Press|p1b: Indeedee\n|-damage|p1b: Indeedee|0 fnt\n|faint|p1b: Indeedee\n|\n|-weather|SunnyDay|[upkeep]\n|upkeep\n|\n|t:|1698936326\n|switch|p2b: Rillaboom|Rillaboom, M|100\/100\n|switch|p1b: Ogerpon|Ogerpon-Wellspring, F|90\/100\n|-fieldstart|move: Grassy Terrain|[from] ability: Grassy Surge|[of] p2b: Rillaboom\n|turn|7\n|l|@BlackKnight_Gawain\n|\n|t:|1698936354\n|move|p1b: Ogerpon|Spiky Shield|p1b: Ogerpon\n|-singleturn|p1b: Ogerpon|move: Protect\n|move|p1a: Flutter Mane|Moonblast|p2b: Rillaboom\n|-damage|p2b: Rillaboom|69\/100\n|move|p2b: Rillaboom|U-turn|p1a: Flutter Mane\n|-resisted|p1a: Flutter Mane\n|-damage|p1a: Flutter Mane|92\/100\n|\n|t:|1698936359\n|switch|p2b: Landorus|Landorus-Therian, M|100\/100|[from] U-turn\n|-ability|p2b: Landorus|Intimidate|boost\n|-unboost|p1a: Flutter Mane|atk|1\n|-unboost|p1b: Ogerpon|atk|1\n|move|p2a: Kommo-o|Body Press|p1b: Ogerpon\n|-activate|p1b: Ogerpon|move: Protect\n|-damage|p2a: Kommo-o|88\/100|[from] Spiky Shield|[of] p1b: Ogerpon\n|\n|-weather|SunnyDay|[upkeep]\n|-heal|p1a: Flutter Mane|98\/100|[from] Grassy Terrain\n|-heal|p1b: Ogerpon|96\/100|[from] Grassy Terrain\n|-heal|p2a: Kommo-o|94\/100|[from] Grassy Terrain\n|-heal|p2a: Kommo-o|100\/100|[from] item: Leftovers\n|upkeep\n|turn|8\n|\n|t:|1698936372\n|move|p1a: Flutter Mane|Icy Wind|p2a: Kommo-o|[spread] p2a,p2b\n|-resisted|p2a: Kommo-o\n|-supereffective|p2b: Landorus\n|-damage|p2a: Kommo-o|95\/100\n|-damage|p2b: Landorus|50\/100\n|-unboost|p2a: Kommo-o|spe|1\n|-unboost|p2b: Landorus|spe|1\n|move|p1b: Ogerpon|Horn Leech|p2b: Landorus\n|-damage|p2b: Landorus|14\/100\n|-heal|p1b: Ogerpon|100\/100|[from] drain|[of] p2b: Landorus\n|move|p2b: Landorus|Stealth Rock|p1b: Ogerpon\n|-sidestart|p1: echoes|move: Stealth Rock\n|move|p2a: Kommo-o|Body Press|p1b: Ogerpon\n|-damage|p1b: Ogerpon|0 fnt\n|faint|p1b: Ogerpon\n|\n|-weather|SunnyDay|[upkeep]\n|-heal|p1a: Flutter Mane|100\/100|[from] Grassy Terrain\n|-heal|p2a: Kommo-o|100\/100|[from] Grassy Terrain\n|upkeep\n|\n|t:|1698936388\n|switch|p1b: Chi-Yu|Chi-Yu|60\/100\n|-damage|p1b: Chi-Yu|36\/100|[from] Stealth Rock\n|-ability|p1b: Chi-Yu|Beads of Ruin\n|turn|9\n|\n|t:|1698936403\n|move|p1a: Flutter Mane|Icy Wind|p2b: Landorus|[spread] p2a,p2b\n|-resisted|p2a: Kommo-o\n|-supereffective|p2b: Landorus\n|-damage|p2a: Kommo-o|93\/100\n|-damage|p2b: Landorus|0 fnt\n|-unboost|p2a: Kommo-o|spe|1\n|faint|p2b: Landorus\n|move|p1b: Chi-Yu|Dark Pulse|p2a: Kommo-o\n|-damage|p2a: Kommo-o|21\/100\n|cant|p2a: Kommo-o|flinch\n|\n|-weather|SunnyDay|[upkeep]\n|-heal|p1b: Chi-Yu|42\/100|[from] Grassy Terrain\n|-heal|p2a: Kommo-o|27\/100|[from] Grassy Terrain\n|-heal|p2a: Kommo-o|33\/100|[from] item: Leftovers\n|upkeep\n|\n|t:|1698936410\n|switch|p2b: Rillaboom|Rillaboom, M|69\/100\n|turn|10\n|\n|t:|1698936427\n|move|p1a: Flutter Mane|Protect|p1a: Flutter Mane\n|-singleturn|p1a: Flutter Mane|Protect\n|move|p2b: Rillaboom|Fake Out|p1b: Chi-Yu\n|-damage|p1b: Chi-Yu|21\/100\n|cant|p1b: Chi-Yu|flinch\n|move|p2a: Kommo-o|Body Press|p1b: Chi-Yu\n|-supereffective|p1b: Chi-Yu\n|-damage|p1b: Chi-Yu|0 fnt\n|faint|p1b: Chi-Yu\n|\n|-weather|SunnyDay|[upkeep]\n|-heal|p2b: Rillaboom|75\/100|[from] Grassy Terrain\n|-heal|p2a: Kommo-o|39\/100|[from] Grassy Terrain\n|-heal|p2a: Kommo-o|46\/100|[from] item: Leftovers\n|upkeep\n|\n|t:|1698936432\n|switch|p1b: Ursaluna|Ursaluna-Bloodmoon, M|100\/100\n|-damage|p1b: Ursaluna|94\/100|[from] Stealth Rock\n|turn|11\n|\n|t:|1698936446\n|switch|p2b: Flutter Mane|Flutter Mane|8\/100\n|-activate|p2b: Flutter Mane|ability: Protosynthesis\n|-start|p2b: Flutter Mane|protosynthesisspe\n|-terastallize|p1b: Ursaluna|Poison\n|move|p2a: Kommo-o|Protect|p2a: Kommo-o\n|-singleturn|p2a: Kommo-o|Protect\n|move|p1a: Flutter Mane|Moonblast|p2b: Flutter Mane\n|-damage|p2b: Flutter Mane|0 fnt\n|faint|p2b: Flutter Mane\n|-end|p2b: Flutter Mane|Protosynthesis|[silent]\n|move|p1b: Ursaluna|Earth Power|p2a: Kommo-o\n|-activate|p2a: Kommo-o|move: Protect\n|\n|-weather|SunnyDay|[upkeep]\n|-heal|p2a: Kommo-o|52\/100|[from] Grassy Terrain\n|-heal|p2a: Kommo-o|58\/100|[from] item: Leftovers\n|-heal|p1b: Ursaluna|100\/100|[from] Grassy Terrain\n|-fieldend|move: Grassy Terrain\n|upkeep\n|\n|t:|1698936456\n|switch|p2b: Rillaboom|Rillaboom, M|75\/100\n|-fieldstart|move: Grassy Terrain|[from] ability: Grassy Surge|[of] p2b: Rillaboom\n|turn|12\n|\n|t:|1698936483\n|move|p1b: Ursaluna|Protect|p1b: Ursaluna\n|-singleturn|p1b: Ursaluna|Protect\n|move|p2b: Rillaboom|Grassy Glide|p1a: Flutter Mane\n|-damage|p1a: Flutter Mane|42\/100\n|move|p1a: Flutter Mane|Moonblast|p2b: Rillaboom\n|-damage|p2b: Rillaboom|43\/100\n|move|p2a: Kommo-o|Body Press|p1b: Ursaluna\n|-activate|p1b: Ursaluna|move: Protect\n|\n|-weather|none\n|-heal|p1a: Flutter Mane|48\/100|[from] Grassy Terrain\n|-heal|p2b: Rillaboom|49\/100|[from] Grassy Terrain\n|-heal|p2a: Kommo-o|64\/100|[from] Grassy Terrain\n|-heal|p2a: Kommo-o|71\/100|[from] item: Leftovers\n|upkeep\n|turn|13\n|\n|t:|1698936508\n|move|p1a: Flutter Mane|Moonblast|p2b: Rillaboom\n|-damage|p2b: Rillaboom|18\/100\n|move|p2b: Rillaboom|Knock Off|p1b: Ursaluna\n|-damage|p1b: Ursaluna|77\/100\n|-enditem|p1b: Ursaluna|Life Orb|[from] move: Knock Off|[of] p2b: Rillaboom\n|move|p2a: Kommo-o|Body Press|p1b: Ursaluna\n|-resisted|p1b: Ursaluna\n|-damage|p1b: Ursaluna|31\/100\n|move|p1b: Ursaluna|Earth Power|p2a: Kommo-o\n|-supereffective|p2a: Kommo-o\n|-damage|p2a: Kommo-o|0 fnt\n|faint|p2a: Kommo-o\n|\n|-heal|p1a: Flutter Mane|54\/100|[from] Grassy Terrain\n|-heal|p2b: Rillaboom|24\/100|[from] Grassy Terrain\n|-heal|p1b: Ursaluna|37\/100|[from] Grassy Terrain\n|upkeep\n|turn|14\n|\n|t:|1698936521\n|move|p2b: Rillaboom|Grassy Glide|p1a: Flutter Mane\n|-damage|p1a: Flutter Mane|0 fnt\n|faint|p1a: Flutter Mane\n|-end|p1a: Flutter Mane|Protosynthesis|[silent]\n|move|p1b: Ursaluna|Blood Moon|p2b: Rillaboom\n|-damage|p2b: Rillaboom|0 fnt\n|faint|p2b: Rillaboom\n|\n|win|echoes\n|n|\u2606echoes|echoes\n|n|\u2606Kingler for SCOTUS|kinglerforscotus\n|n|*Lady Monita \u263d|ladymonita\n|l|*Lady Monita \u263d\n|c|\u2606echoes|Gg\n","uploadtime":1698936556,"views":12,"p1id":"echoes","p2id":"kinglerforscotus","formatid":"gen9doublesou","rating":0,"private":0,"password":""}