{"id":"gen9doublesou-1972276638","p1":"Cure to evil","p2":"Xanathar14","format":"[Gen 9] Doubles OU","log":"|j|\u2606Cure to evil\n|j|\u2606Xanathar14\n|t:|1697827259\n|gametype|doubles\n|player|p1|Cure to evil|2|1107\n|player|p2|Xanathar14|steven|1190\n|teamsize|p1|6\n|teamsize|p2|6\n|gen|9\n|tier|[Gen 9] Doubles OU\n|rated|\n|rule|Species Clause: Limit one of each Pok\u00e9mon\n|rule|OHKO Clause: OHKO moves are banned\n|rule|Evasion Moves Clause: Evasion moves are banned\n|rule|Gravity Sleep Clause: The combination of sleep-inducing moves with imperfect accuracy and Gravity or Gigantamax Orbeetle are banned\n|rule|Endless Battle Clause: Forcing endless battles is banned\n|rule|HP Percentage Mod: HP is shown in percentages\n|clearpoke\n|poke|p1|Glimmora, F|\n|poke|p1|Dragapult, M|\n|poke|p1|Milotic, F|\n|poke|p1|Moltres|\n|poke|p1|Meowscarada, F|\n|poke|p1|Kingambit, F|\n|poke|p2|Tornadus-Therian, M|\n|poke|p2|Brambleghast, F|\n|poke|p2|Kilowattrel, F|\n|poke|p2|Shaymin-Sky|\n|poke|p2|Gliscor, M|\n|poke|p2|Vikavolt, F|\n|teampreview\n|c|\u2606Xanathar14|glhf\n|\n|t:|1697827278\n|start\n|switch|p1a: Dragapult|Dragapult, M|100\/100\n|switch|p1b: Glimmora|Glimmora, F|100\/100\n|switch|p2a: Gliscor|Gliscor, M|100\/100\n|switch|p2b: Vikavolt|Vikavolt, F, shiny|100\/100\n|-item|p1b: Glimmora|Air Balloon\n|turn|1\n|\n|t:|1697827298\n|move|p1a: Dragapult|Dragon Dance|p1a: Dragapult\n|-boost|p1a: Dragapult|atk|1\n|-boost|p1a: Dragapult|spe|1\n|move|p2a: Gliscor|Tailwind|p2a: Gliscor\n|-sidestart|p2: Xanathar14|move: Tailwind\n|move|p2b: Vikavolt|Discharge|p1a: Dragapult|[spread] p1a,p1b\n|-immune|p2a: Gliscor\n|-resisted|p1a: Dragapult\n|-damage|p1a: Dragapult|77\/100\n|-damage|p1b: Glimmora|54\/100\n|-status|p1a: Dragapult|par\n|-enditem|p1b: Glimmora|Air Balloon\n|-damage|p2b: Vikavolt|91\/100|[from] item: Life Orb\n|move|p1b: Glimmora|Ancient Power|p2b: Vikavolt\n|-supereffective|p2b: Vikavolt\n|-damage|p2b: Vikavolt|19\/100\n|\n|-heal|p1a: Dragapult|83\/100 par|[from] item: Leftovers\n|-status|p2a: Gliscor|tox|[from] item: Toxic Orb\n|upkeep\n|turn|2\n|\n|t:|1697827319\n|move|p2a: Gliscor|Earthquake|p1a: Dragapult|[spread] p1a,p1b\n|-immune|p2b: Vikavolt|[from] ability: Levitate\n|-supereffective|p1b: Glimmora\n|-damage|p1a: Dragapult|46\/100 par\n|-damage|p1b: Glimmora|0 fnt\n|-activate|p1b: Glimmora|ability: Toxic Debris\n|-sidestart|p2: Xanathar14|move: Toxic Spikes\n|faint|p1b: Glimmora\n|move|p2b: Vikavolt|Discharge|p1a: Dragapult|[spread] p1a\n|-immune|p2a: Gliscor\n|-resisted|p1a: Dragapult\n|-damage|p1a: Dragapult|24\/100 par\n|-damage|p2b: Vikavolt|9\/100|[from] item: Life Orb\n|cant|p1a: Dragapult|par\n|\n|-heal|p1a: Dragapult|30\/100 par|[from] item: Leftovers\n|upkeep\n|\n|t:|1697827334\n|switch|p1b: Milotic|Milotic, F|100\/100\n|turn|3\n|\n|t:|1697827347\n|move|p1b: Milotic|Protect|p1b: Milotic\n|-singleturn|p1b: Milotic|Protect\n|move|p2a: Gliscor|Earthquake|p1a: Dragapult|[spread] p1a\n|-activate|p1b: Milotic|move: Protect\n|-immune|p2b: Vikavolt|[from] ability: Levitate\n|-damage|p1a: Dragapult|0 fnt\n|faint|p1a: Dragapult\n|move|p2b: Vikavolt|Discharge|p1b: Milotic|[spread] \n|-activate|p1b: Milotic|move: Protect\n|-immune|p2a: Gliscor\n|\n|upkeep\n|\n|t:|1697827359\n|switch|p1a: Meowscarada|Meowscarada, F|100\/100\n|turn|4\n|\n|t:|1697827369\n|move|p1a: Meowscarada|Sucker Punch||[still]\n|-fail|p1a: Meowscarada\n|move|p2a: Gliscor|Toxic Spikes|p1b: Milotic\n|-sidestart|p1: Cure to evil|move: Toxic Spikes\n|move|p2b: Vikavolt|Sticky Web|p1a: Meowscarada\n|-sidestart|p1: Cure to evil|move: Sticky Web\n|move|p1b: Milotic|Ice Beam|p2a: Gliscor\n|-supereffective|p2a: Gliscor\n|-damage|p2a: Gliscor|0 fnt\n|faint|p2a: Gliscor\n|\n|-sideend|p2: Xanathar14|move: Tailwind\n|upkeep\n|\n|t:|1697827379\n|switch|p2a: Kilowattrel|Kilowattrel, F|100\/100\n|turn|5\n|\n|t:|1697827391\n|switch|p1a: Kingambit|Kingambit, F|100\/100\n|-activate|p1a: Kingambit|move: Sticky Web\n|-unboost|p1a: Kingambit|spe|1\n|-activate|p1a: Kingambit|ability: Supreme Overlord\n|-start|p1a: Kingambit|fallen2|[silent]\n|move|p1b: Milotic|Protect|p1b: Milotic\n|-singleturn|p1b: Milotic|Protect\n|move|p2a: Kilowattrel|Tailwind|p2a: Kilowattrel\n|-sidestart|p2: Xanathar14|move: Tailwind\n|move|p2b: Vikavolt|Discharge|p1a: Kingambit|[spread] p1a\n|-activate|p1b: Milotic|move: Protect\n|-immune|p2a: Kilowattrel|[from] ability: Volt Absorb\n|-damage|p1a: Kingambit|65\/100\n|-status|p1a: Kingambit|par\n|-damage|p2b: Vikavolt|0 fnt|[from] item: Life Orb\n|faint|p2b: Vikavolt\n|\n|-heal|p1a: Kingambit|71\/100 par|[from] item: Leftovers\n|upkeep\n|\n|t:|1697827414\n|switch|p2b: Brambleghast|Brambleghast, F|100\/100\n|-status|p2b: Brambleghast|psn\n|-ability|p2b: Brambleghast|Wind Rider|boost\n|-boost|p2b: Brambleghast|atk|1\n|turn|6\n|\n|t:|1697827430\n|move|p1a: Kingambit|Sucker Punch|p2b: Brambleghast\n|-supereffective|p2b: Brambleghast\n|-damage|p2b: Brambleghast|0 fnt\n|faint|p2b: Brambleghast\n|move|p2a: Kilowattrel|Thunderbolt|p1b: Milotic\n|-supereffective|p1b: Milotic\n|-damage|p1b: Milotic|24\/100\n|move|p1b: Milotic|Ice Beam|p2a: Kilowattrel\n|-supereffective|p2a: Kilowattrel\n|-damage|p2a: Kilowattrel|1\/100\n|\n|-heal|p1b: Milotic|30\/100|[from] item: Leftovers\n|-heal|p1a: Kingambit|77\/100 par|[from] item: Leftovers\n|upkeep\n|\n|t:|1697827441\n|switch|p2b: Tornadus|Tornadus-Therian, M|100\/100\n|turn|7\n|\n|t:|1697827454\n|cant|p1a: Kingambit|par\n|move|p2a: Kilowattrel|Volt Switch|p1b: Milotic\n|-supereffective|p1b: Milotic\n|-damage|p1b: Milotic|0 fnt\n|faint|p1b: Milotic\n|\n|t:|1697827460\n|switch|p2a: Shaymin|Shaymin-Sky|100\/100|[from] Volt Switch\n|move|p2b: Tornadus|Heat Wave|p1a: Kingambit\n|-supereffective|p1a: Kingambit\n|-damage|p1a: Kingambit|10\/100 par\n|-damage|p2b: Tornadus|91\/100|[from] item: Life Orb\n|\n|-heal|p1a: Kingambit|16\/100 par|[from] item: Leftovers\n|upkeep\n|\n|t:|1697827469\n|switch|p1b: Moltres|Moltres|100\/100\n|turn|8\n|\n|t:|1697827479\n|move|p1a: Kingambit|Sucker Punch|p2b: Tornadus\n|-damage|p2b: Tornadus|33\/100\n|move|p2a: Shaymin|Air Slash|p1b: Moltres\n|-damage|p1b: Moltres|60\/100\n|move|p2b: Tornadus|Bleakwind Storm|p1a: Kingambit|[spread] p1b\n|-miss|p2b: Tornadus|p1a: Kingambit\n|-damage|p1b: Moltres|13\/100\n|-damage|p2b: Tornadus|23\/100|[from] item: Life Orb\n|cant|p1b: Moltres|flinch\n|\n|-heal|p1a: Kingambit|22\/100 par|[from] item: Leftovers\n|-sideend|p2: Xanathar14|move: Tailwind\n|upkeep\n|turn|9\n|\n|t:|1697827497\n|switch|p2b: Kilowattrel|Kilowattrel, F|1\/100\n|move|p1a: Kingambit|Sucker Punch||[still]\n|-fail|p1a: Kingambit\n|move|p2a: Shaymin|Air Slash|p1b: Moltres\n|-damage|p1b: Moltres|0 fnt\n|faint|p1b: Moltres\n|\n|-heal|p1a: Kingambit|28\/100 par|[from] item: Leftovers\n|upkeep\n|\n|t:|1697827506\n|switch|p1b: Meowscarada|Meowscarada, F|100\/100\n|-status|p1b: Meowscarada|psn\n|-activate|p1b: Meowscarada|move: Sticky Web\n|-unboost|p1b: Meowscarada|spe|1\n|turn|10\n|\n|t:|1697827598\n|move|p1b: Meowscarada|Sucker Punch|p2a: Shaymin\n|-damage|p2a: Shaymin|54\/100\n|-damage|p1b: Meowscarada|91\/100 psn|[from] item: Life Orb\n|move|p1a: Kingambit|Sucker Punch||[still]\n|-fail|p1a: Kingambit\n|move|p2a: Shaymin|Air Slash|p1b: Meowscarada\n|-supereffective|p1b: Meowscarada\n|-damage|p1b: Meowscarada|5\/100 psn\n|move|p2b: Kilowattrel|Tailwind|p2b: Kilowattrel\n|-sidestart|p2: Xanathar14|move: Tailwind\n|\n|-heal|p1a: Kingambit|35\/100 par|[from] item: Leftovers\n|-damage|p1b: Meowscarada|0 fnt|[from] psn\n|faint|p1b: Meowscarada\n|upkeep\n|turn|11\n|\n|t:|1697827619\n|switch|p2b: Tornadus|Tornadus-Therian, M|56\/100\n|-terastallize|p1a: Kingambit|Dark\n|move|p1a: Kingambit|Sucker Punch|p2a: Shaymin\n|-damage|p2a: Shaymin|0 fnt\n|faint|p2a: Shaymin\n|\n|-heal|p1a: Kingambit|41\/100 par|[from] item: Leftovers\n|upkeep\n|\n|t:|1697827628\n|switch|p2a: Kilowattrel|Kilowattrel, F|1\/100\n|turn|12\n|\n|t:|1697827641\n|move|p1a: Kingambit|Sucker Punch|p2b: Tornadus\n|-damage|p2b: Tornadus|0 fnt\n|faint|p2b: Tornadus\n|move|p2a: Kilowattrel|Thunderbolt|p1a: Kingambit\n|-damage|p1a: Kingambit|0 fnt\n|faint|p1a: Kingambit\n|-end|p1a: Kingambit|fallen2|[silent]\n|\n|win|Xanathar14\n|raw|Cure to evil's rating: 1107 &rarr; <strong>1088<\/strong><br \/>(-19 for losing)\n|raw|Xanathar14's rating: 1190 &rarr; <strong>1209<\/strong><br \/>(+19 for winning)\n|c|\u2606Xanathar14|gg\n|l|\u2606Cure to evil\n","uploadtime":1697827655,"views":10,"p1id":"curetoevil","p2id":"xanathar14","formatid":"gen9doublesou","rating":1088,"private":0,"password":""}