{"id":"gen9doublesou-1971066331","p1":"N3ONZ \u30b0\u30ec\u30a4\u30b7\u30a2","p2":"Dappersheep18","format":"[Gen 9] Doubles OU","log":"|j|\u2606N3ONZ \u30b0\u30ec\u30a4\u30b7\u30a2\n|j|\u2606Dappersheep18\n|t:|1697701134\n|gametype|doubles\n|player|p1|N3ONZ \u30b0\u30ec\u30a4\u30b7\u30a2|shauna-masters|1062\n|player|p2|Dappersheep18|265|1000\n|teamsize|p1|6\n|teamsize|p2|6\n|gen|9\n|tier|[Gen 9] Doubles OU\n|rated|\n|rule|Species Clause: Limit one of each Pok\u00e9mon\n|rule|OHKO Clause: OHKO moves are banned\n|rule|Evasion Moves Clause: Evasion moves are banned\n|rule|Gravity Sleep Clause: The combination of sleep-inducing moves with imperfect accuracy and Gravity or Gigantamax Orbeetle are banned\n|rule|Endless Battle Clause: Forcing endless battles is banned\n|rule|HP Percentage Mod: HP is shown in percentages\n|clearpoke\n|poke|p1|Regidrago|\n|poke|p1|Ogerpon-Wellspring, F|\n|poke|p1|Rillaboom, M|\n|poke|p1|Tornadus, M|\n|poke|p1|Ursaluna-Bloodmoon, M|\n|poke|p1|Ceruledge, M|\n|poke|p2|Dudunsparce-*, F|\n|poke|p2|Greninja-*, M|\n|poke|p2|Cinderace, F|\n|poke|p2|Flutter Mane|\n|poke|p2|Squawkabilly, M|\n|poke|p2|Ribombee, F|\n|teampreview\n|\n|t:|1697701145\n|start\n|switch|p1a: Ceruledge|Ceruledge, M|100\/100\n|switch|p1b: Ursaluna|Ursaluna-Bloodmoon, M|100\/100\n|switch|p2a: Greninja|Greninja, M|100\/100\n|switch|p2b: Cinderace|Cinderace, F|100\/100\n|turn|1\n|\n|t:|1697701187\n|switch|p1a: Ogerpon|Ogerpon-Wellspring, F|100\/100\n|move|p2a: Greninja|Water Pledge|p1b: Ursaluna\n|-waiting|p2a: Greninja|p2b: Cinderace\n|move|p2b: Cinderace|Fire Pledge|p1b: Ursaluna|[from]move: Water Pledge\n|-start|p2b: Cinderace|typechange|Water|[from] ability: Libero\n|-combine\n|-supereffective|p1b: Ursaluna\n|-damage|p1b: Ursaluna|22\/100\n|-sidestart|p2: Dappersheep18|Water Pledge\n|move|p1b: Ursaluna|Blood Moon|p2b: Cinderace\n|-damage|p2b: Cinderace|0 fnt\n|faint|p2b: Cinderace\n|-damage|p1b: Ursaluna|12\/100|[from] item: Life Orb\n|\n|upkeep\n|\n|t:|1697701202\n|switch|p2b: Dudunsparce|Dudunsparce-Three-Segment, F|100\/100\n|turn|2\n|\n|t:|1697701212\n|-terastallize|p2b: Dudunsparce|Flying\n|move|p1b: Ursaluna|Protect|p1b: Ursaluna\n|-singleturn|p1b: Ursaluna|Protect\n|move|p2a: Greninja|Icy Wind|p1a: Ogerpon|[spread] p1a\n|-start|p2a: Greninja|typechange|Ice|[from] ability: Protean\n|-activate|p1b: Ursaluna|move: Protect\n|-damage|p1a: Ogerpon|78\/100\n|-unboost|p1a: Ogerpon|spe|1\n|move|p1a: Ogerpon|Knock Off|p2a: Greninja\n|-damage|p2a: Greninja|40\/100\n|-enditem|p2a: Greninja|Eject Button|[from] move: Knock Off|[of] p1a: Ogerpon\n|move|p2b: Dudunsparce|Ancient Power|p1a: Ogerpon\n|-damage|p1a: Ogerpon|59\/100\n|-boost|p2b: Dudunsparce|atk|1\n|-boost|p2b: Dudunsparce|def|1\n|-boost|p2b: Dudunsparce|spa|1\n|-boost|p2b: Dudunsparce|spd|1\n|-boost|p2b: Dudunsparce|spe|1\n|\n|upkeep\n|turn|3\n|\n|t:|1697701245\n|move|p1a: Ogerpon|Follow Me|p1a: Ogerpon\n|-singleturn|p1a: Ogerpon|move: Follow Me\n|move|p2a: Greninja|Icy Wind|p1b: Ursaluna|[spread] p1a,p1b\n|-supereffective|p1b: Ursaluna\n|-damage|p1a: Ogerpon|39\/100\n|-damage|p1b: Ursaluna|0 fnt\n|-unboost|p1a: Ogerpon|spe|1\n|faint|p1b: Ursaluna\n|move|p2b: Dudunsparce|Ancient Power|p1a: Ogerpon\n|-damage|p1a: Ogerpon|10\/100\n|-boost|p2b: Dudunsparce|atk|1\n|-boost|p2b: Dudunsparce|def|1\n|-boost|p2b: Dudunsparce|spa|1\n|-boost|p2b: Dudunsparce|spd|1\n|-boost|p2b: Dudunsparce|spe|1\n|\n|upkeep\n|\n|t:|1697701264\n|switch|p1b: Rillaboom|Rillaboom, M|100\/100\n|-fieldstart|move: Grassy Terrain|[from] ability: Grassy Surge|[of] p1b: Rillaboom\n|turn|4\n|\n|t:|1697701292\n|move|p1b: Rillaboom|Fake Out|p2a: Greninja\n|-damage|p2a: Greninja|21\/100\n|cant|p2a: Greninja|flinch\n|move|p2b: Dudunsparce|Ancient Power|p1a: Ogerpon\n|-damage|p1a: Ogerpon|0 fnt\n|-boost|p2b: Dudunsparce|atk|1\n|-boost|p2b: Dudunsparce|def|1\n|-boost|p2b: Dudunsparce|spa|1\n|-boost|p2b: Dudunsparce|spd|1\n|-boost|p2b: Dudunsparce|spe|1\n|faint|p1a: Ogerpon\n|\n|-heal|p2a: Greninja|27\/100|[from] Grassy Terrain\n|-sideend|p2: Dappersheep18|Water Pledge\n|upkeep\n|\n|t:|1697701300\n|switch|p1a: Tornadus|Tornadus, M|100\/100\n|turn|5\n|\n|t:|1697701312\n|move|p1a: Tornadus|Tailwind|p1a: Tornadus\n|-sidestart|p1: N3ONZ \u30b0\u30ec\u30a4\u30b7\u30a2|move: Tailwind\n|move|p1b: Rillaboom|Earthquake|p2b: Dudunsparce|[spread] p2a\n|-immune|p1a: Tornadus\n|-immune|p2b: Dudunsparce\n|-damage|p2a: Greninja|9\/100\n|move|p2a: Greninja|Icy Wind|p1b: Rillaboom|[spread] p1a,p1b\n|-supereffective|p1a: Tornadus\n|-supereffective|p1b: Rillaboom\n|-damage|p1a: Tornadus|54\/100\n|-damage|p1b: Rillaboom|57\/100\n|-unboost|p1a: Tornadus|spe|1\n|-unboost|p1b: Rillaboom|spe|1\n|move|p2b: Dudunsparce|Ancient Power|p1a: Tornadus\n|-supereffective|p1a: Tornadus\n|-damage|p1a: Tornadus|0 fnt\n|faint|p1a: Tornadus\n|\n|-heal|p2a: Greninja|15\/100|[from] Grassy Terrain\n|-heal|p1b: Rillaboom|64\/100|[from] Grassy Terrain\n|upkeep\n|\n|t:|1697701320\n|switch|p1a: Regidrago|Regidrago|100\/100\n|turn|6\n|\n|t:|1697701336\n|switch|p2a: Flutter Mane|Flutter Mane|100\/100\n|-enditem|p2a: Flutter Mane|Booster Energy\n|-activate|p2a: Flutter Mane|ability: Protosynthesis|[fromitem]\n|-start|p2a: Flutter Mane|protosynthesisspe\n|move|p1a: Regidrago|Dragon Energy|p2b: Dudunsparce|[spread] p2b\n|-immune|p2a: Flutter Mane\n|-damage|p2b: Dudunsparce|71\/100\n|move|p2b: Dudunsparce|Boomburst|p1a: Regidrago|[spread] p1a,p1b\n|-immune|p2a: Flutter Mane\n|-damage|p1a: Regidrago|0 fnt\n|-damage|p1b: Rillaboom|0 fnt\n|faint|p1a: Regidrago\n|faint|p1b: Rillaboom\n|\n|-heal|p2b: Dudunsparce|77\/100|[from] item: Leftovers\n|upkeep\n|\n|t:|1697701348\n|switch|p1b: Ceruledge|Ceruledge, M|100\/100\n|turn|7\n|c|\u2606N3ONZ \u30b0\u30ec\u30a4\u30b7\u30a2|gga\n|\n|t:|1697701357\n|move|p2a: Flutter Mane|Shadow Ball|p1b: Ceruledge\n|-supereffective|p1b: Ceruledge\n|-damage|p1b: Ceruledge|8\/100\n|move|p1b: Ceruledge|Bitter Blade|p2b: Dudunsparce\n|-damage|p2b: Dudunsparce|54\/100\n|-heal|p1b: Ceruledge|26\/100|[from] drain|[of] p2b: Dudunsparce\n|-damage|p1b: Ceruledge|16\/100|[from] item: Life Orb\n|move|p2b: Dudunsparce|Ancient Power|p1b: Ceruledge\n|-supereffective|p1b: Ceruledge\n|-damage|p1b: Ceruledge|0 fnt\n|-boost|p2b: Dudunsparce|atk|1\n|-boost|p2b: Dudunsparce|def|1\n|-boost|p2b: Dudunsparce|spa|1\n|-boost|p2b: Dudunsparce|spd|1\n|-boost|p2b: Dudunsparce|spe|1\n|faint|p1b: Ceruledge\n|\n|win|Dappersheep18\n|raw|N3ONZ \u30b0\u30ec\u30a4\u30b7\u30a2's rating: 1062 &rarr; <strong>1039<\/strong><br \/>(-23 for losing)\n|raw|Dappersheep18's rating: 1000 &rarr; <strong>1047<\/strong><br \/>(+47 for winning)\n|l|\u2606N3ONZ \u30b0\u30ec\u30a4\u30b7\u30a2\n","uploadtime":1697701379,"views":28,"p1id":"n3onz","p2id":"dappersheep18","formatid":"gen9doublesou","rating":1039,"private":0,"password":""}